code,internal_code,name,manufacturer_name,manufacture_country,manufacturer_item_description,unit_qty,quantity,unit_of_measure,weighted,qty_in_package,price,unit_of_measure_price,allow_discount,status,item_id
32147230,false,"מיץ לימון משומר 200 מ""ל",סידג,CH,מיץ לימון משומר,מיליליטרים,200.00,"100 מ""ל",false,0,6.50,3.25,true,1,
42102021,false,מסטיק אורביט פרופשונל10י,ריגלי,PL,מסטיק אורביט,יחידה,1.00,יחידה,false,0,2.90,2.90,true,1,
42123873,false,אורביט פרופשיונל ספירמיט,ריגלי,PL,מסטיק אורביט,יחידה,1.00,יחידה,false,0,2.90,2.90,true,1,
42154655,false,אורביט פפרמינט אר' מעטפה,ריגלי,FR,אורביט פפרמינט,גרמים,27.00,100 גרם,false,0,5.00,18.52,true,1,
42154662,false,אורביט בטעם ספירמינט 27ג,ריגלי,FR,מסטיק אורביט,גרמים,27.00,100 גרם,false,0,5.00,18.52,true,1,
42155461,false,סוכ.מינטס פירות יער18גרם,ריגלי,PL,סוכ.מינטס פירות יער18גרם,גרמים,18.00,100 גרם,false,0,2.90,16.11,true,1,
42182085,false,5 בטעם פירות טרופיים31גר,ריגלי,FR,5 פירות טרופיים,גרמים,31.00,100 גרם,false,0,6.20,20.00,true,1,
42182108,false,5 בטעם מנטה 31 גרם,ריגלי,FR,5 בטעם מנטה,גרמים,31.00,100 גרם,false,0,6.20,20.00,true,1,
42182115,false,5 בטעם מנטה עדינה 31 גרם,ריגלי,FR,5 מנטה עדינה,גרמים,31.00,100 גרם,false,0,6.20,20.00,true,1,
42188889,false,מסטיק 5 בטעם אבטיח 31גרם,ריגלי,FR,מסטיק 5 אבטיח,גרמים,31.00,100 גרם,false,0,6.20,20.00,true,1,
42211860,false,אורביט סטיקס פפרמינט31ג,ריגלי,FR,אורביט סטיקס,גרמים,31.00,100 גרם,false,0,5.90,19.03,true,1,
42247388,false,אורביט בליסטר באבל מינט,ריגלי,PL,אורביט בליסטר,גרמים,14.00,100 גרם,false,0,2.90,20.71,true,1,
42247555,false,מסטיק 5 אוכמניות רימון31,ריגלי,FR,מסטיק 5 אוכמניות,גרמים,31.00,100 גרם,false,0,6.20,20.00,true,1,
42247722,false,פייב אסנשיאל אבטיח19גרם,ריגלי,FR,מסטיק פייב,גרמים,19.00,100 גרם,false,0,5.00,26.32,true,1,
42247821,false,פייב אסנשיאל מנטה19גרם,ריגלי,FR,פייב אסנשיאל מנטה19גרם,גרמים,19.00,100 גרם,false,0,5.00,26.32,true,1,
42268086,false,אורביט סקיני תות 31 גרם,ריגלי,FR,אורביט סקיני,גרמים,31.00,100 גרם,false,0,5.90,19.03,true,1,
42268222,false,מסטיק 5 פירות יער 31 גרם,ריגלי,FR,מסטיק 5 פירות,גרמים,31.00,100 גרם,false,1,6.20,20.00,true,1,
42268253,false,אורביט בליסטר אוכמניות14,ריגלי,PL,אורביט בליסטר,גרמים,14.00,100 גרם,false,0,2.90,20.71,true,1,
46024817,false,נקסט חפיסה,פיליפ מוריס,,נקסט חפיסה,יחידה,1.00,יחידה,false,0,27.50,27.50,false,1,
46024824,false,נקסט חפיסה,פיליפ מוריס,,נקסט חפיסה,יחידה,1.00,יחידה,false,0,27.50,27.50,false,1,
54051140,false,אלפרו מעדן ט.וניל 125X4ג,אלפרו,BE,אלפרו מעדן ט.וניל 125X4ג,גרמים,500.00,100 גרם,false,0,18.90,3.78,true,1,
72917688,false,חטיף אגוזי מגדים 45 גרם,עלית,IL,חטיף אגוזי,גרמים,45.00,100 גרם,false,0,3.50,7.78,true,1,
72918104,false,טעמי מגדים 40 גרם,עלית,IL,טעמי מגדים,גרמים,40.00,100 גרם,false,0,3.50,8.75,true,1,
72940754,false,"מילקי בטעם וניל 170 מ""ל",שטראוס,IL,מילקי טעם וניל,מיליליטרים,170.00,"100 מ""ל",false,0,2.70,1.59,true,1,
72940761,false,"מילקי בטעם שוקולד 170מ""ל",שטראוס,IL,מילקי טעם שוקולד,מיליליטרים,170.00,"100 מ""ל",false,0,2.70,1.59,true,1,
72940952,false,"מילקי אקסטרה קצפת 170מ""ל",שטראוס,IL,מילקי אקסטרה,מיליליטרים,170.00,"100 מ""ל",false,0,3.50,2.06,true,1,
72941041,false,מיני מילקי ט.שוקולד90מל,שטראוס,IL,מיני מילקי,מיליליטרים,90.00,"100 מ""ל",false,0,2.00,2.22,true,1,
72945308,false,קוביות שמרים לחים אפיה50,פאקא,IL,קוביות שמרים לחים אפיה50,גרמים,50.00,100 גרם,false,0,2.90,5.80,true,1,
72961209,false,"שמנית חמוצה 15% 200 מ""ל",תנובה,IL,שמנית תנובה 15%,מיליליטרים,200.00,"100 מ""ל",false,0,2.28,1.14,true,1,
72961216,false,"אשד 200 מ""ל",תנובה,IL,"אשד 200 מ""ל",מיליליטרים,200.00,"100 מ""ל",false,0,1.50,0.75,true,1,
72961223,false,גילה 3%,,IL,גילה 3%,מיליליטרים,200.00,"100 מ""ל",false,0,1.40,0.70,true,1,
72961506,false,פרילי תות 1.5% 125 גרם,תנובה,IL,פרילי תות,גרמים,125.00,100 גרם,false,0,2.90,2.32,true,1,
72961513,false,"פרילי משמש 125 מ""ל",תנובה,IL,פרילי משמש,מיליליטרים,125.00,"100 מ""ל",false,0,2.90,2.32,true,1,
72961834,false,"באדי אפרסק 125 מ""ל",תנובה,IL,מעדן באדי אפרס,מיליליטרים,125.00,"100 מ""ל",false,0,2.60,2.08,true,1,
72963104,false,חמאה 100 גרם,תנובה,IL,חמאה 100 גרם,גרמים,100.00,100 גרם,false,0,3.80,3.80,true,1,
72963128,false,חמאה מהדרין 100 גרם,תנובה,IL,חמאה מהדרין,גרמים,100.00,100 גרם,false,0,3.80,3.80,true,1,
72963753,false,שמ.של פעם חמוצה27% 200ג,תנובה,IL,שמנת חמוצה תנובה,גרמים,200.00,100 גרם,false,0,3.90,1.95,true,1,
72964132,false,פרילי טבע גרנולה 200 גרם,תנובה,IL,פרילי טבע גרנולה,גרמים,200.00,100 גרם,false,0,4.50,2.25,true,1,
72964422,false,"יוגורט תנובה 4.5% 200מ""ל",תנובה,IL,יוגורט תנובה4.5%,מיליליטרים,200.00,"100 מ""ל",false,0,2.50,1.25,true,1,
72983225,false,מעדן מילקי הפוך 11% 170מ,שטראוס,IL,מעדן מילקי הפוך,מיליליטרים,170.00,"100 מ""ל",false,0,3.50,2.06,true,1,
72983416,false,ל.מ. בלו ארוך בוקס חפ,פיליפ מוריס,,ל.מ. בלו ארוך בוקס חפ,יחידה,1.00,יחידה,false,0,31.50,31.50,false,1,
72986233,false,באדי וניל 2%שומן 125 גרם,תנובה,IL,מעדן באדי וניל,גרמים,125.00,100 גרם,false,0,2.50,2.00,true,1,
72986240,false,באדי שוקו 2%שומן 125 גרם,תנובה,IL,מעדן באדי שוקו,גרמים,125.00,100 גרם,false,0,2.50,2.00,true,1,
72986370,false,"גל.וניל צרפתי 500 מ""ל",מוצרי איכות אמריקאיים,IL,"גל.וניל צרפתי 500 מ""ל",מיליליטרים,500.00,"100 מ""ל",false,0,25.40,5.08,true,1,
72986424,false,"גל.קרם עוגיות 500 מ""ל",מוצרי איכות אמריקאיים,IL,"גל.קרם עוגיות 500 מ""ל",מיליליטרים,500.00,"100 מ""ל",false,0,25.40,5.08,true,1,
72991008,false,פסק זמן חלב מגדים 45 גרם,עלית,IL,פסק זמן חלב,גרמים,45.00,100 גרם,false,0,4.90,10.89,true,1,
72991374,false,טיים RED חפיסה,,IL,טיים RED חפיסה,יחידה,1.00,יחידה,false,0,28.00,28.00,false,1,
72991398,false,טיים BLUE חפיסה,,IL,טיים BLUE חפיסה,יחידה,1.00,יחידה,false,0,28.00,28.00,false,1,
72991886,false,גלידת דולצ'ה דה לצ'ה 500,מוצרי איכות אמריקאיים,IL,גלידת דולצ'ה דה לצ'ה 500,מיליליטרים,500.00,"100 מ""ל",false,0,25.40,5.08,true,1,
72993637,false,דני שוקולד 1.5% 125 גרם,שטראוס,IL,דני שוקולד 1.5%,גרמים,125.00,100 גרם,false,0,2.40,1.92,true,1,
72993927,false,נקסט 100 חפיסה,פיליפ מוריס,,נקסט 100 חפיסה,יחידה,1.00,יחידה,false,0,27.50,27.50,false,1,
80807049,false,מסטיק מנטוס פירות אדומ28,פרפטי ואן מלה,TR,מסטיק מנטוס פירות אדומ28,גרמים,28.00,100 גרם,false,0,4.90,17.50,true,1,
80844235,false,מסטיק מנטוס3Dלימון/אשכול,פרפטי ואן מלה,TR,מסטיק מנטוס3Dלימון/אשכול,גרמים,33.00,100 גרם,false,0,6.60,20.00,true,1,
80923480,false,מסטיק מנטוס מנטה 28 גרם,פרפטי ואן מלה,TR,מסטיק מנטוס מנטה 28 גרם,גרמים,28.00,100 גרם,false,0,4.90,17.50,true,1,
80938828,false,מסט.מנטוס 3D אבטיח/אננס,פרפטי ואן מלה,TR,מסט.מנטוס 3D אבטיח/אננס,גרמים,33.00,100 גרם,false,0,6.60,20.00,true,1,
87108286,false,מנטוס BOX לקריץ 64 גרם,פרפטי ואן מלה ברדה,NL,סוכריות מנטוס,גרמים,64.00,100 גרם,false,0,5.90,9.22,true,1,
87108651,false,מנטוס מנטה 4יח37.5X'גרם,פרפטי ואן מלה ברדה,NL,מנטוס מנטה 4 יח',גרמים,150.00,100 גרם,false,0,9.80,6.53,true,1,
87108712,false,מנטוס טעם פירות4יח37.5Xג,פרפטי ואן מלה ברדה,NL,מנטוס פירות 4,גרמים,150.00,100 גרם,false,0,9.80,6.53,true,1,
87304770,false,סוכריות מנטוס BOX מנטה64,פרפטי ואן מלה ברדה,NL,סוכריות מנטוס,גרמים,64.00,100 גרם,false,0,5.90,9.22,true,1,
87304787,false,מנטוס BOX פירות 64 גרם,פרפטי ואן מלה ברדה,NL,סוכריות מנטוס,גרמים,64.00,100 גרם,false,0,5.90,9.22,true,1,
11210000094,false,"רוטב טבסקו 60 מ""ל",ניצן,US,רוטב טבסקו,מיליליטרים,60.00,"100 מ""ל",false,0,10.00,16.67,true,1,
13495113506,false,קליק ביסקוויט 75 גרם,יוניליוור,IL,קליק ביסקוויט,גרמים,75.00,100 גרם,false,0,5.60,7.47,true,1,
13495113513,false,קליק שוקולד חלב 75 גרם,יוניליוור,IL,קליק שוקולד,גרמים,75.00,100 גרם,false,0,5.60,7.47,true,1,
13495113520,false,קליק קורנפלקס 75 גרם,יוניליוור,IL,קליק קורנפלקס,גרמים,75.00,100 גרם,false,0,5.60,7.47,true,1,
13495113537,false,קליק חום לבן מעורב 75 גר,יוניליוור,IL,קליק מעורב,גרמים,75.00,100 גרם,false,0,5.60,7.47,true,1,
13495113551,false,קליק עוגי 75 גרם,יוניליוור,IL,קליק עוגי,גרמים,75.00,100 גרם,false,0,5.60,7.47,true,1,
13495113582,false,קליק כריות 75 גרם,יוניליוור,IL,קליק כריות,גרמים,75.00,100 גרם,false,0,5.60,7.47,true,1,
16000423534,false,קראנצי שיבולת ושוקולד5יח,ג'נרל מילס,US,חטיף נייצ'ר ואלי,גרמים,210.00,100 גרם,false,0,17.90,8.52,true,1,
16000548404,false,חטיף נייטשר ואלי ש.שועל5,ג'נרל מילס,US,חטיף נייטשר ואלי,גרמים,210.00,100 גרם,false,0,17.90,8.52,true,1,
16000548503,false,נייטשר וואלי מייפל 5יח,ג'נרל מילס,US,חטיף נייטשר ואלי,גרמים,210.00,100 גרם,false,0,17.90,8.52,true,1,
16000548602,false,נייטשר וואלי קינמון 5יח,ג'נרל מילס,US,חטיף נייטשר ואלי,גרמים,210.00,100 גרם,false,0,17.90,8.52,true,1,
16000548909,false,נייטשר וואלי גרנולה 5יח',ג'נרל מילס,US,חטיף נייטשר ואלי,גרמים,210.00,100 גרם,false,0,17.90,8.52,true,1,
18000701223,false,תערובת לעוגת שוקולד500גר,ג'נרל מילס,IL,תערובת לעוגת שוקולד500גר,גרמים,500.00,100 גרם,false,0,16.90,3.38,true,1,
18176781005,false,שוקולד חלב,,IL,שוקולד חלב,גרמים,100.00,100 גרם,false,0,10.10,10.10,true,1,
18176784105,false,שוקולד לבן משובח 100 גרם,,IL,שוקולד לבן משובח 100 גרם,גרמים,100.00,100 גרם,false,0,11.10,11.10,true,1,
18176785508,false,שוקולד טורינו,,IL,שוקולד טורינו,גרמים,100.00,100 גרם,false,0,11.10,11.10,true,1,
18176787007,false,שוקולד טורינו פרווה100גר,,IL,שוקולד טורינו פרווה100גר,גרמים,100.00,100 גרם,false,0,11.60,11.60,true,1,
22200956932,false,ספיד סטיק ג'ל 24/7 כחול,קולגייט-פלמוליב,US,דאודורנט ג'ל,גרמים,85.00,100 גרם,false,0,26.90,31.65,true,1,
24000154617,false,אננס שלם בסירופ,,,אננס שלם בסירופ,גרמים,825.00,100 גרם,false,0,8.90,1.08,true,1,
24000181590,false,חצאי אפרסק,,,חצאי אפרסק,גרמים,825.00,100 גרם,false,0,8.90,1.08,true,1,
25675094703,false,לקקן טופי דובדבן,,,לקקן טופי דובדבן,גרמים,540.00,100 גרם,false,0,15.90,2.94,true,1,
25675094727,false,לקקן טופי תות,,,לקקן טופי תות,גרמים,540.00,100 גרם,false,0,15.90,2.94,true,1,
25675094741,false,לקקן טופי פטל,,,לקקן טופי פטל,גרמים,540.00,100 גרם,false,0,15.90,2.94,true,1,
28200106902,false,מרלבורו גולד קצר בוקס10י,פיליפ מוריס,US,מרלבורו גולד קצר בוקס10י,יחידה,1.00,יחידה,false,0,314.90,314.90,false,1,
28200133502,false,מרלבורו רד קצר בוקס 10יח,פיליפ מוריס,IL,מרלבורו רד קצר בוקס 10יח,יחידה,1.00,יחידה,false,0,314.90,314.90,false,1,
28200176301,false,פרלמנט קצר בלו 10 יח',פיליפ מוריס,US,פרלמנט קצר בלו 10 יח',יחידה,1.00,יחידה,false,0,344.90,344.90,false,1,
29424005002,false,מצופית מנעמים 400 גרם,מנעמים,IL,מצופית מנעמים,גרמים,400.00,100 גרם,false,0,9.90,2.48,true,1,
36000258660,false,קלינקס לושן,,IL,קלינקס לושן,יחידה,1.00,יחידה,false,0,21.80,21.80,true,1,
38000844966,false,חטיף פרינגלס אורגינל161ג,פרוקטר & גמבל,IL,חטיף פרינגלס,גרמים,161.00,100 גרם,false,0,10.00,6.21,true,1,
39800013613,false,סוללת אנרג'ייזר V9,אנרג'ייזר,US,סוללת V9,יחידה,1.00,יחידה,false,0,27.90,27.90,true,1,
41390000904,false,"רוטב סויה קיקומן 444 מ""ל",קיקומן פודז אינק,US,רוטב סויה קיקומן,מיליליטרים,444.00,"100 מ""ל",false,0,28.90,6.51,true,1,
50702510017,false,עוג.סנדויץ שוקולד 300ג,,IL,עוג.סנדויץ שוקולד 300ג,גרמים,300.00,100 גרם,false,0,6.50,2.17,true,1,
50702530022,false,עוגיות סנדויץ וניל300גר,,IL,עוגיות סנדויץ וניל300גר,גרמים,300.00,100 גרם,false,0,6.50,2.17,true,1,
50702530183,false,עוג.סנדוויץ שוקו שוקו300,,NL,עוג.סנדוויץ שוקו שוקו300,גרמים,300.00,100 גרם,false,0,6.50,2.17,true,1,
73490123559,false,מיץ תפוחים 1.89 ליטר,,IL,מיץ תפוחים 1.89 ליטר,ליטרים,1.80,ליטר,false,0,16.20,9.00,true,1,
73490123610,false,מיץ ענבים תוסס,,IL,מיץ ענבים תוסס,מיליליטרים,750.00,"100 מ""ל",false,0,20.30,2.71,true,1,
73490123627,false,מיץ ענבים תוסס,,IL,מיץ ענבים תוסס,מיליליטרים,750.00,"100 מ""ל",false,0,20.30,2.71,true,1,
73490128332,false,מיץ ענבים תוסס,,IL,מיץ ענבים תוסס,מיליליטרים,750.00,"100 מ""ל",false,0,20.30,2.71,true,1,
73490128493,false,מיץ אפרסק תוסס לבן 750מל,,IL,מיץ אפרסק תוסס לבן 750מל,מיליליטרים,750.00,"100 מ""ל",false,0,20.30,2.71,true,1,
73490129100,false,"עוגיות וניל ""הדר"" 250גרם",הדר,IL,"עוגיות וניל ""הדר"" 250גרם",גרמים,250.00,100 גרם,false,0,4.50,1.80,true,1,
75442100229,false,פרליני שוקולד,,IL,פרליני שוקולד,גרמים,135.00,100 גרם,false,0,14.80,10.96,true,1,
75442100236,false,פרליני שוקולד,,IL,פרליני שוקולד,גרמים,135.00,100 גרם,false,0,14.80,10.96,true,1,
77245110573,false,סוכ.מאסט יוג.תות/אוכמ80ג,עלית,PL,סוכריות מאסט,גרמים,80.00,100 גרם,false,0,7.00,8.75,true,1,
77245110597,false,סוכריות מאסט לימון 80גרם,עלית,PL,סוכריות מאסט,גרמים,80.00,100 גרם,false,0,7.00,8.75,true,1,
77245110610,false,סוכריות מאסט מנטה 80 גרם,עלית,PL,סוכריות מאסט,גרמים,80.00,100 גרם,false,0,7.00,8.75,true,1,
77245111136,false,סוכ.מאסט ריבת חלב 80 גרם,עלית,PL,סוכריות מאסט,גרמים,80.00,100 גרם,false,0,7.00,8.75,true,1,
77245111402,false,סוכ.מאסט בטעם אניס 80גרם,עלית,PL,סוכריות מאסט,גרמים,80.00,100 גרם,false,0,7.00,8.75,true,1,
645692556581,false,קרקר מלח 350 גרם,מגדנית הדר,IL,קרקר מלח 350 גרם,גרמים,350.00,100 גרם,false,0,6.80,1.94,true,1,
645692556598,false,קרקר שומשום 350 גרם,מגדנית הדר,IL,קרקר שומשום 350 גרם,גרמים,350.00,100 גרם,false,0,6.80,1.94,true,1,
645692556604,false,קרקר זעתר 300 גרם,מגדנית הדר,IL,קרקר זעתר 300 גרם,גרמים,300.00,100 גרם,false,0,6.80,2.27,true,1,
710069040557,false,מלית דובדבן,,IL,מלית דובדבן,גרמים,595.00,100 גרם,false,0,17.00,2.86,true,1,
710069811089,false,"מיונז גפן כשל""פ 900 גרם",,IL,"מיונז גפן כשל""פ 900 גרם",גרמים,900.00,100 גרם,false,0,19.90,2.21,true,1,
710069812123,false,רוטב ברווז חמוץ מתוק1130,,IL,רוטב ברווז חמוץ מתוק1130,קילוגרמים,1.13,"ק""ג",false,0,18.90,16.73,true,1,
712963001467,false,שוק.חלב עם שברי אגוז100ג,,GB,שוק.חלב עם שברי אגוז100ג,גרמים,100.00,100 גרם,false,0,8.50,8.50,true,1,
712963001474,false,שוק.חלב ממול.קרם אגוז100,,GB,שוק.חלב ממול.קרם אגוז100,גרמים,100.00,100 גרם,false,0,8.50,8.50,true,1,
712963001481,false,שוקולד מריר 100 גרם,,GB,שוקולד מריר 100 גרם,גרמים,100.00,100 גרם,false,0,5.90,5.90,true,1,
712963001498,false,שוק.מריר ממולא ק.אגוז100,,GB,שוק.מריר ממולא ק.אגוז100,גרמים,100.00,100 גרם,false,0,8.50,8.50,true,1,
712963001528,false,"שוק.לבן+אגוזים בד""ץ 100ג",,,"שוק.לבן+אגוזים בד""ץ 100ג",גרמים,100.00,100 גרם,false,0,8.50,8.50,true,1,
712963001856,false,עלי שוקולד עם קר,,IL,עלי שוקולד עם קר,גרמים,125.00,100 גרם,false,0,13.90,11.12,true,1,
712963002808,false,שוקולד חלב 100 גר',,IL,שוקולד חלב 100 גר',גרמים,100.00,100 גרם,false,0,4.90,4.90,true,1,
712963002815,false,שוקולד מריר 52% 100 גר',,IL,שוקולד מריר 52% 100 גר',גרמים,100.00,100 גרם,false,0,4.90,4.90,true,1,
712963002822,false,שוקולד מריר 64% 100 גר',,IL,שוקולד מריר 64% 100 גר',גרמים,100.00,100 גרם,false,0,4.90,4.90,true,1,
712963002839,false,שוקולד לבן 100 גר',,IL,שוקולד לבן 100 גר',גרמים,100.00,100 גרם,false,0,4.90,4.90,true,1,
712963002921,false,נפוליטנים מיקס 150 גר',,IL,נפוליטנים מיקס 150 גר',גרמים,150.00,100 גרם,false,0,15.90,10.60,true,1,
712963002938,false,נפוליטנים מריר 150 גר',,IL,נפוליטנים מריר 150 גר',גרמים,150.00,100 גרם,false,0,15.90,10.60,true,1,
712963002983,false,שוקולד מריר עם קרם אגוזי,,IL,שוקולד מריר עם קרם אגוזי,גרמים,100.00,100 גרם,false,0,7.90,7.90,true,1,
712963003003,false,שוקולד שני צבעים 100 גר',,IL,שוקולד שני צבעים 100 גר',גרמים,100.00,100 גרם,false,0,7.90,7.90,true,1,
712963003034,false,שוקולד מריר אגוזים 100 ג,,IL,שוקולד מריר אגוזים 100 ג,גרמים,100.00,100 גרם,false,0,7.90,7.90,true,1,
712963003584,false,ש. חלב פצפוצי אורז 90גר,,FR,ש. חלב פצפוצי אורז 90גר,גרמים,90.00,100 גרם,false,0,4.90,5.44,true,1,
712963003591,false,שוקולד מריר פיצפוצי אורז,,FR,שוקולד מריר פיצפוצי אורז,גרמים,90.00,100 גרם,false,0,4.90,5.44,true,1,
768668000212,false,תות שדה מוקפא,,IL,תות שדה מוקפא,גרמים,454.00,100 גרם,false,0,23.90,5.26,true,1,
768668000311,false,ברוקולי קצוץ,,IL,ברוקולי קצוץ,גרמים,907.00,100 גרם,false,0,26.90,2.97,true,1,
768668000328,false,כרובית מוקפאת,,IL,כרובית מוקפאת,גרמים,907.00,100 גרם,false,0,26.90,2.97,true,1,
768668000335,false,לקט ירקות קפוא,,IL,לקט ירקות קפוא,גרמים,900.00,100 גרם,false,0,26.90,2.99,true,1,
768668000359,false,תרד חתוך,,IL,תרד חתוך,גרמים,907.00,100 גרם,false,0,26.90,2.97,true,1,
768668000557,false,אוכמניות קפואות,,IL,אוכמניות קפואות,גרמים,340.00,100 גרם,false,0,25.90,7.62,true,1,
768668001233,false,ברוקולי פרחים,,,ברוקולי פרחים,גרמים,907.00,100 גרם,false,0,29.90,3.30,true,1,
768668001455,false,לקט מאודה,,IL,לקט מאודה,גרמים,907.00,100 גרם,false,0,26.90,2.97,true,1,
768668001790,false,כרובית 900 גרם,,,כרובית 900 גרם,גרמים,900.00,100 גרם,false,0,26.90,2.99,true,1,
769904001109,false,פתיתים קוסקוס משובח 400,,,פתיתים קוסקוס משובח 400,גרמים,400.00,100 גרם,false,0,19.90,4.98,true,1,
791372405752,false,שמשים לחנוכה,,IL,שמשים לחנוכה,יחידה,1.00,יחידה,false,0,8.90,8.90,true,1,
835811005421,false,מקלות עבים לשיפודים 75יח,,,מקלות עבים לשיפודים 75יח,יחידה,1.00,יחידה,false,0,4.00,4.00,true,1,
835811007678,false,שקיות אוכל,,,שקיות אוכל,יחידה,1.00,יחידה,false,0,2.90,2.90,true,1,
835811008248,false,טחינה גולמית ירושלמית500,הנמל,IL,טחינה ירושלים,גרמים,500.00,100 גרם,false,0,12.80,2.56,true,1,
835811008347,false,גפרורים ענקיים,הנמל,IN,גפרורים ענקיים,יחידה,1.00,יחידה,false,0,6.60,6.60,true,1,
835811008378,false,מנג'ט מס' 4 הנמל 200 יח',,,מנג'ט מס' 4 הנמל 200 יח',יחידה,1.00,יחידה,false,0,8.60,8.60,true,1,
838948000031,false,ממרח שוקולד אגוזים,שניידרס,IL,ממרח שוקולד אגוז,גרמים,400.00,100 גרם,false,0,16.90,4.23,true,1,
838948000567,false,עוגיות סטארטאפ עם שוקלד,שניידרס,FR,עוגיות סטארטאפ,גרמים,205.00,100 גרם,false,1,11.90,5.80,true,1,
838948000574,false,עוגיות סטארטאפ אגוזים,שניידרס,FR,עוגיות סטארטאפ א,גרמים,205.00,100 גרם,false,1,11.90,5.80,true,1,
838948001137,false,וופל בלגי ציפוי שוקולד,שניידרס,IL,וופל בלגי,גרמים,200.00,100 גרם,false,0,9.90,4.95,true,1,
838948001144,false,עוגיות סטארטאפ פירות 205,שניידרס,FR,עוגיות סטארטאפ פ,גרמים,205.00,100 גרם,false,1,11.90,5.80,true,1,
838948001656,false,ופל בלגי מצופה שוקולד 20,שניידרס,FR,ופל בלגי מצופה,גרמים,200.00,100 גרם,false,0,9.90,4.95,true,1,
838948001670,false,רוטב פסטו בזיליקום 190 ג,שניידרס,IT,רוטב פסטו,גרמים,190.00,100 גרם,false,0,9.90,5.21,true,1,
838948001700,false,ממרח פסטו עגבניות וזיתים,שניידרס,IT,ממרח פסטו,גרמים,190.00,100 גרם,false,0,9.90,5.21,true,1,
838948001717,false,ממרח פסטו פלפלים 190 גרם,שניידרס,IT,ממרח,גרמים,190.00,100 גרם,false,0,9.90,5.21,true,1,
838948002257,false,עוגיות ש.ציפס אגוזים 200,שניידרס,FR,עוגיות ש.ציפס,גרמים,200.00,100 גרם,false,0,9.90,4.95,true,1,
838948002271,false,עוגיות שוקולד ציפס 200ג,שניידרס,FR,עוג.שוקולד ציפס,גרמים,200.00,100 גרם,false,0,9.90,4.95,true,1,
838948004497,false,עוגיות שוקוצ'יפס 200 גרם,שניידרס,FR,עוגיות שוקוצ'יפס,גרמים,200.00,100 גרם,false,0,9.90,4.95,true,1,
838948004596,false,רוטב פסטו בזיליקום 550 ג,שניידרס,IL,רוטב פסטו,גרמים,550.00,100 גרם,false,1,21.90,3.98,true,1,
838948007412,false,ממרח שוקולד וניל 400 גר,שניידרס,FR,ממרח שוקולד וניל,גרמים,400.00,100 גרם,false,1,16.90,4.23,true,1,
838948007726,false,ממרח שוקולד ואגוזים 400,שניידרס,FR,ממרח שוקולד,גרמים,400.00,100 גרם,false,0,16.90,4.23,true,1,
838948008082,false,טוסטי עגול מקמח מלא 300,שניידרס,FR,צנימים עגול,גרמים,300.00,100 גרם,false,1,11.90,3.97,true,1,
838948008204,false,ממרח פסטו פיקנטי 190 גרם,שניידרס,IT,ממרח פסטו פיקנטי,גרמים,190.00,100 גרם,false,0,9.90,5.21,true,1,
838948008266,false,רוטב עגבניות ובזילקום,שניידרס,FR,רוטב עגבניות,גרמים,500.00,100 גרם,false,1,12.90,2.58,true,1,
840762016655,false,תרסיס שמן 142 גרם,,IL,תרסיס שמן 142 גרם,גרמים,142.00,100 גרם,false,0,16.90,11.90,true,1,
840762016662,false,תרסיס שמן זית לבישול 142,---,IL,תרסיס שמן זית לבישול 142,גרמים,142.00,100 גרם,false,1,16.90,11.90,true,1,
840762018017,false,תבנית לפאי 170גר,,,תבנית לפאי 170גר,גרמים,170.00,100 גרם,false,0,8.90,5.24,true,1,
840762041367,false,קטשופ גליקס,,IL,קטשופ גליקס,גרמים,680.00,100 גרם,false,0,10.00,1.47,true,1,
856591000062,false,עוגיות מזרחיות מלח400גרם,עבאדי,IL,עוגיות מזרחיות מלח400גרם,גרמים,400.00,100 גרם,false,0,14.90,3.73,true,1,
856591000109,false,עוגיות מזרחיות פריכות400,עבאדי,IL,עוגיות מזרחיות,גרמים,400.00,100 גרם,false,0,14.90,3.73,true,1,
856591000123,false,עוגיות מזרחיות עבאדי700ג,עבאדי,IL,עוגיות מזרחיות עבאדי700ג,גרמים,700.00,100 גרם,false,0,19.00,2.71,true,1,
856591000437,false,מיני מזרחיות פלאפל200,עבאדי,IL,עוגיות מזרחיות,גרמים,200.00,100 גרם,false,0,10.90,5.45,true,1,
856591000444,false,מיני מזרח.חריף בקטנה200ג,עבאדי,IL,עוגיות מזרחיות,גרמים,200.00,100 גרם,false,0,10.90,5.45,true,1,
856591000451,false,מיני מזרח.מעורב ירושלמי,עבאדי,IL,עוגיות מזרחיות,גרמים,200.00,100 גרם,false,0,10.90,5.45,true,1,
3014260826598,false,מברשת שיניים 3 יח,פרוקטר & גמבל,IN,מברשת שיניים 3 יח,יחידה,1.00,יחידה,false,0,11.90,11.90,true,1,
3059943015104,false,אירוויק נטול גז פרסיה345,רקיט בנקיזר,PL,אירוויק מבשם,מיליליטרים,345.00,"100 מ""ל",false,0,15.00,4.35,true,1,
3059943015128,false,אירוויק נטול גז לבנדר345,רקיט בנקיזר,PL,אירוויק נטול גז לבנדר345,מיליליטרים,345.00,"100 מ""ל",false,0,15.00,4.35,true,1,
3059943016569,false,אירויק ספריי יסמין 240מל,רקיט בנקיזר,GB,אירויק ספריי,מיליליטרים,240.00,"100 מ""ל",false,0,12.00,5.00,true,1,
3574660089547,false,טמפוני או בה נורמל 32 יח,ג'ונסון,DE,טמפוני או בה נורמל 32 יח,יחידה,1.00,יחידה,false,0,30.00,30.00,true,1,
3574660108293,false,ג'ל רחצה+שמפו ג'ונסון500,ג'ונסון,IL,ג'ל רחצה ושמפו,מיליליטרים,500.00,"100 מ""ל",false,0,19.90,3.98,true,1,
3574660115154,false,32 טמפוני או בה סופר,ג'ונסון,DE,טמפוני או בה,יחידה,1.00,יחידה,false,0,30.00,30.00,true,1,
3574660322613,false,קרפרי אוורירי מבושם 58יח,ג'ונסון,IT,קרפרי מגן תחתו,יחידה,1.00,יחידה,false,0,19.00,19.00,true,1,
3574660322699,false,מגן תחתון קרפרי L 48 יח',ג'ונסון,IT,מגן תחתון קרפרי,יחידה,1.00,יחידה,false,0,19.00,19.00,true,1,
3574660322712,false,קרפרי מקסיL מבושם 48 יח',ג'ונסון,IT,קרפרי מגן תחתון,יחידה,1.00,יחידה,false,0,19.00,19.00,true,1,
3574660535198,false,30קרפרי מגן תחתון אלוורה,ג'ונסון,IT,קרפרי מגן תחתון,יחידה,1.00,יחידה,false,0,16.90,16.90,true,1,
3574660620436,false,אלסב.ג'ונסון לפני שינ750,ג'ונסון,IT,אל סבון ג'ונסון,מיליליטרים,750.00,"100 מ""ל",false,0,18.00,2.40,true,1,
3574661069456,false,שמפו גונסונס משאבה750מ,ג'ונסון,IL,שמפו גונסונס,מיליליטרים,750.00,"100 מ""ל",false,0,26.40,3.52,true,1,
3574661136363,false,OBפרוקומפורט סופר+מוליך,ג'ונסון,FR,טמפוני או-בה,יחידה,1.00,יחידה,false,0,24.90,24.90,true,1,
3661163970448,false,דאו.אדידס A3 פרש לגבר200,COLEPCCL,PT,דאודורנט אדידס,מיליליטרים,200.00,"100 מ""ל",false,0,19.30,9.65,true,1,
4002448017684,false,"סיליט באנג ספריי 750 מ""ל",רקיט בנקיזר,IL,סיליט באנג ספריי,מיליליטרים,750.00,"100 מ""ל",false,0,15.90,2.12,true,1,
4002448019480,false,סיליט באנג מסיר שומן750מ,רקיט בנקיזר,IT,סיליט באנג,מיליליטרים,750.00,"100 מ""ל",false,0,15.90,2.12,true,1,
4009300522898,false,תה ירוק קמומיל ומנטה20שק,טייקנה,IL,תה ירוק קמומיל,גרמים,30.00,100 גרם,false,0,19.20,64.00,true,1,
4009300522935,false,תה ירוק לימונית+לואיזה20,טייקנה,DE,תה ירוק לימונית+לואיזה20,גרמים,30.00,100 גרם,false,0,19.20,64.00,true,1,
4009300524588,false,חליטת פירות יער3גרם20Xשק,טייקנה,IL,חליטת פירות יער,גרמים,60.00,100 גרם,false,0,16.00,26.67,true,1,
4009300525684,false,חליטת לימון ג'ינג'ר20שק,טייקנה,DE,חליטת לימון,גרמים,35.00,100 גרם,false,0,16.00,45.71,true,1,
4009900013581,false,מארז סטיקס ספירמינט 5 יח,ריגלי,FR,מארז אורביט,גרמים,65.00,100 גרם,false,0,9.90,15.23,true,1,
4009900360937,false,איירווייז מיני אקליפטו42,ריגלי,PL,איירווייז מיני,גרמים,42.00,100 גרם,false,0,5.90,14.05,true,1,
4009900376600,false,איירווייז מיני אוכמניו42,ריגלי,PL,איירווייז מיני אוכמניו42,גרמים,42.00,100 גרם,false,0,5.90,14.05,true,1,
4009900385824,false,מארז סטיקס פפרמינט 5 יח',ריגלי,FR,מארז אורביט,גרמים,65.00,100 גרם,false,0,9.90,15.23,true,1,
4009900387101,false,אורביט פרופשיונל מנטה3יח,ריגלי,PL,אורביט שלישיה,גרמים,42.00,100 גרם,false,0,7.90,18.81,true,1,
4009900402965,false,אורביט וויט פירות בקבו64,ריגלי,PL,אורביט בקבוקון,גרמים,64.00,100 גרם,false,0,9.90,15.47,true,1,
4009900403023,false,אורביט וויט מנטה בקבוק64,ריגלי,PL,אורביט בקבוקון,גרמים,64.00,100 גרם,false,0,9.90,15.47,true,1,
4009900405713,false,איירווייז מיני אניס+מנ42,ריגלי,PL,איירווייז מיני,גרמים,42.00,100 גרם,false,0,5.90,14.05,true,1,
4009900420303,false,אורביט פרופשנ.ספירמינ3יח,ריגלי,PL,אורביט שלישייה,גרמים,42.00,100 גרם,false,0,7.90,18.81,true,1,
4009900455299,false,סוכריות סקיטלס פירות174ג,ריגלי,CZ,סוכריות סקיטלס,גרמים,174.00,100 גרם,false,0,9.90,5.69,true,1,
4009900465304,false,סוכריות סקיטלס חמוץ174גר,ריגלי,CZ,סוכריות סקיטלס,גרמים,174.00,100 גרם,false,0,9.90,5.69,true,1,
4009900476881,false,סוכ.סקיטלס קונפיוזד174גר,ריגלי,CZ,סוכריות סקיטלס,גרמים,174.00,100 גרם,false,1,9.90,5.69,true,1,
4009900479998,false,אורביט אוכמניות בקבוק64ג,ריגלי,PL,אורביט בקבוקון,גרמים,64.00,100 גרם,false,0,9.90,15.47,true,1,
4009900482417,false,אורביט באבל מינט בקבוק64,ריגלי,PL,אורביט באבל מינט,גרמים,64.00,100 גרם,false,0,9.90,15.47,true,1,
4009900484008,false,אורביט בקבוקMאקליפטוס84ג,ריגלי,PL,אורביט בקבוק,גרמים,84.00,100 גרם,false,0,12.50,14.88,true,1,
4009900484060,false,אורביט בקבוק M פפרמינט 8,ריגלי,PL,אורביט בקבוק,גרמים,84.00,100 גרם,false,0,12.50,14.88,true,1,
4009900484091,false,אורביט בקבוק M ספירמינ84,ריגלי,PL,אורביט בקבוק,גרמים,84.00,100 גרם,false,0,12.50,14.88,true,1,
4009900484305,false,אורביט בקבוקMסוויטמינט84,ריגלי,PL,אורביט בקבוק,גרמים,84.00,100 גרם,false,0,12.50,14.88,true,1,
4009900487283,false,אורביט סטיקס פירות 5יח',ריגלי,FR,מארז אורביט,גרמים,65.00,100 גרם,false,0,9.90,15.23,true,1,
4009900487313,false,מארז סטיקס ווינטרפרש5יח,ריגלי,FR,מארז סטיקס ווינטרפרש5יח,גרמים,65.00,100 גרם,false,0,9.90,15.23,true,1,
4009900488709,false,מיני וויט מנטה3י14*גרם,ריגלי,PL,אורביט מיני וויט,גרמים,42.00,100 גרם,false,0,5.90,14.05,true,1,
4009900488921,false,אורביט מיני סוויטמינט42ג,ריגלי,PL,אורביט מיני וויט,גרמים,42.00,100 גרם,false,0,5.90,14.05,true,1,
4009900488952,false,אורביט מיני ווינטרפרש42ג,ריגלי,PL,אורביט מיני,גרמים,42.00,100 גרם,false,0,5.90,14.05,true,1,
4009900503952,false,אורביט בבלמינט grab&go,ריגלי,PL,מסטיק אורביט,גרמים,56.00,100 גרם,false,1,11.90,21.25,true,1,
4009900504126,false,אורביט פפרמינט grab&go,ריגלי,PL,מסטיק אורביט,גרמים,56.00,100 גרם,false,1,11.90,21.25,true,1,
4009900504218,false,אורביט תפוז בקבוקון64ג,ריגלי,PL,אורביט בקבוקון,גרמים,64.00,100 גרם,false,1,9.90,15.47,true,1,
4015000615884,false,"דאו.ספרי FA לימון 200מ""ל",הנקל סוד,DE,דאודורנט FA,מיליליטרים,200.00,"100 מ""ל",false,0,10.00,5.00,true,1,
4015400057369,false,12 אולוויז עבה לילה,פרוקטר & גמבל,DE,תחבושות אולוויז,יחידה,1.00,יחידה,false,0,13.00,13.00,true,1,
4015400264491,false,43 פמפרס ניו בייבי שלב1,פרוקטר & גמבל,PL,חיתולי פמפרס,יחידה,1.00,יחידה,false,0,30.00,30.00,true,1,
4015400428657,false,15 אולוויז עבה לונג+,פרוקטר & גמבל,DE,15 אולוויז עבה לונג+,יחידה,1.00,יחידה,false,0,13.00,13.00,true,1,
4015400428688,false,16 אולוויז עבה נורמל+,פרוקטר & גמבל,DE,תחבושות אולוויז,יחידה,1.00,יחידה,false,0,13.00,13.00,true,1,
4015400556916,false,80מגני תח.אולוייז מגה פק,פרוקטר & גמבל,DE,מגן תחתון אולויז,יחידה,1.00,יחידה,false,0,28.90,28.90,true,1,
4015400564034,false,מגן תח.אולוייז מגה פק +L,פרוקטר & גמבל,IL,מגן תחתון אולויז,יחידה,1.00,יחידה,false,0,28.90,28.90,true,1,
4015400564454,false,68מגני תח.אולוייז מגה L,פרוקטר & גמבל,IL,מגן תחתון אולויז,יחידה,1.00,יחידה,false,0,28.90,28.90,true,1,
4015400598329,false,56אולוויז קוואטרו נורמל+,פרוקטר & גמבל,IL,56אולוויז קוואטרו נורמל+,יחידה,1.00,יחידה,false,0,37.90,37.90,true,1,
4015400598381,false,48 אולוויז קוואטרו לונג+,פרוקטר & גמבל,IL,תחבושות אולוויז,יחידה,1.00,יחידה,false,0,37.90,37.90,true,1,
4015400598411,false,40 אולוויז קוואטרו לילה,פרוקטר & גמבל,IL,תחבושות אולוויז,יחידה,1.00,יחידה,false,0,37.90,37.90,true,1,
4015400649649,false,66פמפרס ניו בייבי מידה2,פרוקטר & גמבל,IL,חיתולי פמפרס,יחידה,1.00,יחידה,false,0,49.90,49.90,true,1,
4015400699811,false,28תח.אולוייז דואו נורמל+,,,תחבושות אולוייז,יחידה,1.00,יחידה,false,0,24.30,24.30,true,1,
4015400700111,false,24 תח.אולוייז דואו לונג,,,תחבושות אולוייז,יחידה,1.00,יחידה,false,0,24.30,24.30,true,1,
4015400737032,false,108פמפרס אקטיב בייב שלב3,פרוקטר & גמבל,PL,חיתולי פמפרס,יחידה,1.00,יחידה,false,1,89.90,89.90,true,1,
4015400737070,false,90פמפרס אקטיב בייבי שלב4,פרוקטר & גמבל,PL,חיתולי פמפרס,יחידה,1.00,יחידה,false,1,89.90,89.90,true,1,
4015400737117,false,78פמפרס אקטיב בייבי שלב5,פרוקטר & גמבל,PL,חיתולי פמפרס,יחידה,1.00,יחידה,false,1,89.90,89.90,true,1,
4015400737155,false,66פמפרס אקטיב בייבי שלב6,פרוקטר & גמבל,PL,חיתולי פמפרס,יחידה,1.00,יחידה,false,1,89.90,89.90,true,1,
4015400737315,false,96פמפרס אקטיב בייב שלב+4,פרוקטר & גמבל,PL,חיתולי פמפרס,יחידה,1.00,יחידה,false,1,89.90,89.90,true,1,
4015400824701,false,טמפקס פלאש רגיולר 30 יח',פרוקטר & גמבל,UA,טמפקס פלאש,יחידה,1.00,יחידה,false,0,29.60,29.60,true,1,
4015400824725,false,טמפקס פלאש סופר 30 יח',פרוקטר & גמבל,UA,טמפקס פלאש סופר,יחידה,1.00,יחידה,false,0,29.60,29.60,true,1,
4015600312725,false,אורל בי פרואקפרט 100*2מל,פרוקטר & גמבל,IL,זוג משחת אורל בי,מיליליטרים,200.00,"100 מ""ל",false,0,29.30,14.65,true,1,
4015600515492,false,פיירי פלטינום לימון720מל,פרוקטר & גמבל,CZ,נוזל לכלים פיירי,מיליליטרים,720.00,"100 מ""ל",false,0,9.90,1.38,true,1,
4015600581848,false,26טבליות למדיח הכל באחד,פרוקטר & גמבל,GB,טבליות למדיח,יחידה,1.00,יחידה,false,0,26.90,26.90,true,1,
4015600717346,false,"אבקת כביסה ביומט 5 ק""ג",פרוקטר & גמבל,IL,"אבקת כביסה ביומט 5 ק""ג",קילוגרמים,5.00,"ק""ג",false,0,39.90,7.98,true,1,
4015600763176,false,שמפו הד&שולדרס קלאסי300מ,פרוקטר & גמבל,IL,שמפו הד&שולדרס,מיליליטרים,300.00,"100 מ""ל",false,0,10.00,3.33,true,1,
4015600763213,false,שמפו הד&שולדרס 2ב1- 300מ,פרוקטר & גמבל,IL,שמפו הד&שולדרס,מיליליטרים,300.00,"100 מ""ל",false,0,10.00,3.33,true,1,
4015600763251,false,שמפו הד&שולדרס קלאסי 600,פרוקטר & גמבל,IL,שמפו הד&שולדרס קלאסי 600,מיליליטרים,600.00,"100 מ""ל",false,0,24.90,4.15,true,1,
4015600763299,false,"הד&שולדרס 2ב1- 600 מ""ל",פרוקטר & גמבל,IL,"הד&שולדרס 2ב1- 600 מ""ל",מיליליטרים,600.00,"100 מ""ל",false,0,24.90,4.15,true,1,
4015600763411,false,שמפו הד&שולדרס מנטול 600,פרוקטר & גמבל,IL,שמפו הד&שולדרס מנטול 600,מיליליטרים,600.00,"100 מ""ל",false,0,24.90,4.15,true,1,
4015600763459,false,שמפו הד&שולדרס תפוח 600,פרוקטר & גמבל,IL,שמפו הד&שולדרס,מיליליטרים,600.00,"100 מ""ל",false,0,24.90,4.15,true,1,
4015600766658,false,שמפו הד&שולדרס 2ב1- 600,פרוקטר & גמבל,IL,שמפו הד&שולדרס,מיליליטרים,600.00,"100 מ""ל",false,0,24.90,4.15,true,1,
4015600768966,false,הד&שולדרס עם לחות 600מ,פרוקטר & גמבל,IL,שמפו הד&שולדרס,מיליליטרים,600.00,"100 מ""ל",false,0,24.90,4.15,true,1,
4015600770228,false,פנטן שמפו שמן משקם 600 מ,פרוקטר & גמבל,FR,שמפו פנטן שמן,מיליליטרים,600.00,"100 מ""ל",false,0,24.90,4.15,true,1,
4015600770488,false,מרכך פנטן שמן משקם 600 מ,פרוקטר & גמבל,FR,מרכך פנטן שמן,מיליליטרים,600.00,"100 מ""ל",false,0,24.90,4.15,true,1,
4015600815356,false,מרכך פנטן למגע משי 600 מ,פרוקטר & גמבל,FR,מרכך פנטן,מיליליטרים,600.00,"100 מ""ל",false,0,24.90,4.15,true,1,
4015600815431,false,שמפו פנטן לשיער צבוע600מ,פרוקטר & גמבל,FR,שמפו פנטן,מיליליטרים,600.00,"100 מ""ל",false,0,24.90,4.15,true,1,
4015600815479,false,מרכך פנטן לשיער צבוע600מ,פרוקטר & גמבל,FR,מרכך פנטן,מיליליטרים,600.00,"100 מ""ל",false,0,24.90,4.15,true,1,
4015600815516,false,שמפ.פנטן נוסחה קלאסית600,פרוקטר & גמבל,FR,שמפו פנטן,מיליליטרים,600.00,"100 מ""ל",false,0,24.90,4.15,true,1,
4015600815554,false,מרכך פנטן נוסחה קלאס600.,פרוקטר & גמבל,FR,מרכך פנטן,מיליליטרים,600.00,"100 מ""ל",false,0,24.90,4.15,true,1,
4015600815592,false,שמפו+מרכך פנטן קלאסי600מ,פרוקטר & גמבל,FR,שמפו + מרכך פנטן,מיליליטרים,600.00,"100 מ""ל",false,0,24.90,4.15,true,1,
4043041008686,false,סוכ.דרופס לימון מנטה33גר,ריגלי,CZ,סוכ.דרופס לימון מנטה33גר,גרמים,33.00,100 גרם,false,0,4.90,14.85,true,1,
4043041008716,false,סוכ.דרופס פירות יער 33גר,ריגלי,CZ,דרופס פירות יער,גרמים,33.00,100 גרם,false,0,4.90,14.85,true,1,
4084500078758,false,אריאל פודס קפסולות 28 יח,פרוקטר & גמבל,IL,אריאל פודס,יחידה,1.00,יחידה,false,0,32.90,32.90,true,1,
4084500078796,false,אריאל פודס קולור 28 יח,פרוקטר & גמבל,IL,אריאל פודס קולור,יחידה,1.00,יחידה,false,0,32.90,32.90,true,1,
4084500085947,false,פיירי אלוורה ומלפפון650מ,פרוקטר & גמבל,GB,פיירי נוזל לכלים,מיליליטרים,650.00,"100 מ""ל",false,0,10.90,1.68,true,1,
4084500088917,false,פיירי לכלים לימון650מל,פרוקטר & גמבל,IL,פיירי נוזל לכלים,מיליליטרים,650.00,"100 מ""ל",false,0,9.90,1.52,true,1,
4084500089037,false,"פיירי ורדים ומשי 650 מ""ל",פרוקטר & גמבל,GB,פיירי נוזל כלים,מיליליטרים,650.00,"100 מ""ל",false,0,10.90,1.68,true,1,
4084500089075,false,פיירי וניל וקמומיל 650 מ,פרוקטר & גמבל,GB,פיירי נוזל לכלים,מיליליטרים,650.00,"100 מ""ל",false,0,10.90,1.68,true,1,
4084500149526,false,טייד ג'ל כביסה 2.48 ליטר,פרוקטר & גמבל,IL,טייד ג'ל כביסה 2.48 ליטר,ליטרים,2.48,ליטר,false,0,27.90,11.25,true,1,
4084500371422,false,"אבקת כביסה אריאל 8 ק""ג",פרוקטר & גמבל,IL,אריאל שושן צחור,קילוגרמים,8.00,"ק""ג",false,0,65.00,8.13,true,1,
4084500371453,false,"אבקת כביסה טייד 8 ק""ג",פרוקטר & גמבל,CH,"אבקת כביסה טייד 8 ק""ג",קילוגרמים,8.00,"ק""ג",false,0,66.90,8.36,true,1,
4084500513570,false,אריאל נח.הרים2.47ל,פרוקטר & גמבל,IL,אריאל ג'ל,ליטרים,2.47,ליטר,false,0,31.70,12.83,true,1,
4606203001279,false,נקסט FF 10 יח',פיליפ מוריס,,נקסט FF 10 יח',יחידה,1.00,יחידה,false,0,254.90,254.90,false,1,
4606203001293,false,נקסט 10 יח',פיליפ מוריס,,נקסט 10 יח',יחידה,1.00,יחידה,false,0,254.90,254.90,false,1,
4800888160171,false,"דאו.רקסונה רולאון 50 מ""ל",יוניליוור,IL,דאודורנט רקסונה,מיליליטרים,50.00,"100 מ""ל",false,0,15.90,31.80,true,1,
4800888542854,false,רקסונה רול און לינן דר50,יוניליוור,TR,דאו.רקסונה,מיליליטרים,50.00,"100 מ""ל",false,0,15.90,31.80,true,1,
4801234145125,false,גלייד נ.גז אושן בריז400מ,ג'ונסון,IL,מטהר אוויר גלייד,מיליליטרים,400.00,"100 מ""ל",false,0,18.30,4.58,true,1,
4820080720584,false,"וודקה חלבני דאר 700 מ""ל",,,"וודקה חלבני דאר 700 מ""ל",מיליליטרים,700.00,"100 מ""ל",false,0,79.90,11.41,true,1,
4891228430122,false,סכיני גילוח שיק לאישה5+2,שיק,CN,סכיני גילוח שיק,יחידה,1.00,יחידה,false,0,17.70,17.70,true,1,
4895060582292,false,מארז סוכריות,,CN,מארז סוכריות,גרמים,136.00,100 גרם,false,0,19.70,14.49,true,1,
4895060586160,false,סוכריות חמוץ משפחתי120ג,.,IL,סוכריות חמוץ,גרמים,120.00,100 גרם,false,1,12.90,10.75,true,1,
4895060592307,false,43גFN סוכריות חלב בבקבוק,,CN,43גFN סוכריות חלב בבקבוק,גרמים,43.00,100 גרם,false,0,7.20,16.74,true,1,
5000146400288,false,הרפיק נ.אסלה מסיר אבנ750,רקיט בנקיזר,PL,הרפיק נוזל לאסלה,מיליליטרים,750.00,"100 מ""ל",false,0,11.90,1.59,true,1,
5000159314572,false,סוכריות סקיטלס,,CZ,סוכריות סקיטלס,גרמים,125.00,100 גרם,false,0,7.50,6.00,true,1,
5000159376655,false,סוכריות סקיטלס פירות38ג,ריגלי,CZ,סוכריות סקיטלס,גרמים,38.00,100 גרם,false,0,2.90,7.63,true,1,
5000159376792,false,סוכריות סקיטלס חמוץ 38 ג,ריגלי,CZ,סוכריות סקיטלס,גרמים,38.00,100 גרם,false,0,2.90,7.63,true,1,
5000394058019,false,8 סוללות דורסל AA,פרוקטר & גמבל,IL,8 סוללות דורסל,יחידה,1.00,יחידה,false,0,26.40,26.40,true,1,
5000394203358,false,סוללות דורסל AAA 8 יח,פרוקטר & גמבל,BE,סוללות דורסל,יחידה,1.00,יחידה,false,0,26.40,26.40,true,1,
5010182996799,false,טואלט דאק ג'ל אסלה פ.בר,DEOFLOR,IL,טואלט דאק ג'ל,מיליליטרים,55.00,"100 מ""ל",false,0,12.20,22.18,true,1,
5010182997338,false,ט.דאק ג'ל אסלה ירוק55מל,DEOFLOR,IT,ט.דאק ג'ל אסלה ירוק55מל,מיליליטרים,55.00,"100 מ""ל",false,0,12.20,22.18,true,1,
5010182997680,false,"רייד קוטל זוחלים 300 מ""ל",ג'ונסון,NL,"רייד קוטל זוחלים 300 מ""ל",מיליליטרים,300.00,"100 מ""ל",false,0,18.60,6.20,true,1,
5010852000917,false,וויסקי בארקלייז,,GB,וויסקי בארקלייז,מיליליטרים,700.00,"100 מ""ל",false,0,84.90,12.13,true,1,
5013965747687,false,מרכך הד&שולדרס מ.משי400מ,פרוקטר & גמבל,IL,מרכך הד&שולדרס,מיליליטרים,400.00,"100 מ""ל",false,0,21.30,5.33,true,1,
5014271300429,false,מעד.משמש ל.תוספת סוכר284,סאן דלפור - שמבור,IL,מעדן מישמש,גרמים,284.00,100 גרם,false,0,18.90,6.65,true,1,
5014271310428,false,מעדן דובדבן שחור 284 גרם,סאן דלפור - שמבור,FR,מעדן דובדבן שחור,גרמים,284.00,100 גרם,false,0,18.90,6.65,true,1,
5014271330426,false,מעדן אוכמניות כחולות284ג,סאן דלפור - שמבור,FR,מעדן אוכמניות כחולות284ג,גרמים,284.00,100 גרם,false,0,18.90,6.65,true,1,
5014271360423,false,מעד.תפוז ללא תוס.סוכר284,סאן דלפור - שמבור,FR,מעדן תפוזים,גרמים,284.00,100 גרם,false,0,18.90,6.65,true,1,
5014271390420,false,מע.פטל ללא תוספת סוכר284,סאן דלפור - שמבור,FR,מע.פטל ללא תוספת סוכר284,גרמים,284.00,100 גרם,false,0,18.90,6.65,true,1,
5014271400426,false,מעדן תות שדה 284 גרם,סאן דלפור - שמבור,FR,מעדן תות שדה 284 גרם,גרמים,284.00,100 גרם,false,0,18.90,6.65,true,1,
5029053510811,false,28 תח.קוטקס נורמל כנפיים,חוגלה קימברלי,IL,תחבושות קוטקס,יחידה,1.00,יחידה,false,0,17.90,17.90,true,1,
5029053510828,false,24 תח.קוטקס אולטרא סופר,חוגלה קימברלי,IL,תחבושות קוטקס,יחידה,1.00,יחידה,false,0,17.90,17.90,true,1,
5029053523446,false,20 תח.קוטקס אולטרא נייט,חוגלה קימברלי,IL,תחבושות קוטקס,יחידה,1.00,יחידה,false,0,17.90,17.90,true,1,
5029053527574,false,10תח.ספיגה לילה בנים4-7,חוגלה קימברלי,IL,10 תחתוני ספיגה,יחידה,1.00,יחידה,false,0,34.90,34.90,true,1,
5029053527581,false,10תח.ספיגה לילה בנות4-7,חוגלה קימברלי,IL,10 תחתוני ספיגה,יחידה,1.00,יחידה,false,0,34.90,34.90,true,1,
5029053527598,false,9תח.ספיגה לילה בנים8-15,חוגלה קימברלי,IL,תחתוני ספיגה האג,יחידה,1.00,יחידה,false,0,34.90,34.90,true,1,
5029053527604,false,9תח.ספיגה לילה בנות8-15,חוגלה קימברלי,IL,תחתוני ספיגה האג,יחידה,1.00,יחידה,false,0,34.90,34.90,true,1,
5029053534596,false,32 טמפוני קוטקס נורמל,חוגלה קימברלי,CZ,טמפוני קוטקס,יחידה,1.00,יחידה,false,0,25.40,25.40,true,1,
5029053534602,false,32 טמפוני קוטקס סופר,חוגלה קימברלי,CZ,טמפוני קוטקס,יחידה,1.00,יחידה,false,0,25.40,25.40,true,1,
5050083559709,false,קלוגס קוקו פופס 550 גרם,קלוג'ס,,קלוגס קוקו פופס,גרמים,550.00,100 גרם,false,0,23.00,4.18,true,1,
5099864006377,false,סימילאק שלב 1 מהדרין900ג,אבוט,IE,סימילאק שלב 1,גרמים,900.00,100 גרם,false,0,84.80,9.42,true,1,
5099864006384,false,סימילאק שלב 2 מהדרין900ג,אבוט,IE,סימילאק שלב 2,גרמים,900.00,100 גרם,false,0,84.80,9.42,true,1,
5099864006391,false,סימילאק שלב 3 מהדרין900ג,אבוט,IE,סימילאק שלב 3,יחידה,1.00,יחידה,false,0,84.80,84.80,true,1,
5201178801030,false,"קרם ניוואה רב""ש 75 מ""ל",ביירסדורץ,,"קרם ניוואה רב""ש 75 מ""ל",יחידה,1.00,יחידה,false,0,20.30,20.30,true,1,
5201178801047,false,"קרם לחות ניוואה 150 מ""ל",ביירסדורץ,DE,"קרם לחות ניוואה 150 מ""ל",מיליליטרים,150.00,"100 מ""ל",false,0,38.90,25.93,true,1,
5410033851459,false,תה ליפטון מעטפה 1.5*100ג,יוניליוור,IN,תה ליפטון מעטפה,גרמים,150.00,100 גרם,false,0,19.90,13.27,true,1,
5410076246076,false,מרכך הד&שולדרס הדרים 400,פרוקטר & גמבל,FR,מרכך הד&שולדרס,מיליליטרים,400.00,"100 מ""ל",false,0,21.30,5.33,true,1,
5410076353057,false,אב.כביסה תינוקלין 3קג,פרוקטר & גמבל,TR,אב.כביסה תינוקלין 3קג,קילוגרמים,3.00,"ק""ג",false,0,40.00,13.33,true,1,
5410076379606,false,אבקת כביסה טייד קולור6ק,פרוקטר & גמבל,TR,אב.כביסה טייד,קילוגרמים,6.00,"ק""ג",false,0,58.00,9.67,true,1,
5410076663279,false,משחת אורל בי 123 100*2מל,פרוקטר & גמבל,IL,זוג משחת אורל בי,מיליליטרים,200.00,"100 מ""ל",false,0,17.10,8.55,true,1,
5410126106183,false,ביסקוויט לוטוס ארוז 50יח,לוטוס ביקרי,BE,ביסקוויט לוטוס,גרמים,312.00,100 גרם,false,0,15.50,4.97,true,1,
5410126116953,false,ממרח ביסקוויט לוטוס 400ג,לוטוס ביקרי,BE,ממרח ביסקוויט,גרמים,400.00,100 גרם,false,0,19.00,4.75,true,1,
5410316072014,false,סמירנוף אדום,,IL,סמירנוף אדום,מיליליטרים,500.00,"100 מ""ל",false,0,76.20,15.24,true,1,
5411188081852,false,אלפרו סויה וניל 1 ליטר,אלפרו,BE,אלפרו סויה וניל 1 ליטר,ליטרים,1.00,ליטר,false,0,16.20,16.20,true,1,
5411188110002,false,מעדן סויה עוגיות 4י125*ג,אלפרו,BE,מעדן סויה עוגיות 4י125*ג,גרמים,500.00,100 גרם,false,0,18.90,3.78,true,1,
5412481500019,false,ע.ביסקויט קינמון 150 גרם,biscuit reze de,BE,ע.ביסקויט קינמון 150 גרם,גרמים,150.00,100 גרם,false,0,6.90,4.60,true,1,
5413149695986,false,"אבקת תינוקלין 1.25 ק""ג",פרוקטר & גמבל,CH,אבקת כביסה,קילוגרמים,1.25,"ק""ג",false,0,22.40,17.92,true,1,
5413149712737,false,"אבקת טייד אלפיין 6 ק""ג",פרוקטר & גמבל,TR,"אבקת טייד אלפיין 6 ק""ג",קילוגרמים,6.00,"ק""ג",false,0,58.00,9.67,true,1,
5413149922907,false,א.כ אריאל קולור וסטייל5ק,פרוקטר & גמבל,TR,"אריאל קולור 5ק""ג",קילוגרמים,5.00,"ק""ג",false,1,61.80,12.36,true,1,
5701932026964,false,הוט פופ טעם מלוח 100X6גר,פופז,US,הוט פופ טעם מלוח 100X6גר,גרמים,600.00,100 גרם,false,0,15.70,2.62,true,1,
5701932026995,false,פופקורן לייט הוט פופ510ג,פופז,IL,פופקורן למיקרו,גרמים,510.00,100 גרם,false,0,15.70,3.08,true,1,
5900627027259,false,ויט 12 רצועות שעווה רגיש,רקיט בנקיזר,FR,ויט 12 רצועות שעווה רגיש,יחידה,1.00,יחידה,false,0,38.90,38.90,true,1,
5906485301012,false,משקה אנרגיה XL,,IL,משקה אנרגיה XL,מיליליטרים,250.00,"100 מ""ל",false,0,4.00,1.60,true,1,
5906485301470,false,"XL דאבל קיק 250 מ""ל",,IL,"XL דאבל קיק 250 מ""ל",מיליליטרים,250.00,"100 מ""ל",false,0,4.00,1.60,true,1,
5907782910037,false,קרמבו קרמבולי ריבת חלב12,גלידות אריזונה,IL,קרמבו ריבת חלב,גרמים,240.00,100 גרם,false,0,10.00,4.17,true,1,
5907782910556,false,קרמבו קרמבולי בננה 12 יח,גלידות אריזונה,IL,קרמבו בננה,גרמים,240.00,100 גרם,false,0,10.00,4.17,true,1,
5907782910648,false,קרמבו קרמבולי מוקה 12 יח,גלידות אריזונה,IL,קרמבו מוקה,גרמים,240.00,100 גרם,false,0,10.00,4.17,true,1,
5907782910914,false,קרמבו קרמבולי וניל 12 יח,גלידות אריזונה,IL,קרמבו וניל,גרמים,240.00,100 גרם,false,0,10.00,4.17,true,1,
6582048300365,false,טראפלס בלגי,,IL,טראפלס בלגי,גרמים,120.00,100 גרם,false,0,10.00,8.33,true,1,
6939901700723,false,חנוכיה מודפסת,שלהבת,IL,חנוכיה מודפסת,יחידה,1.00,יחידה,false,0,4.90,4.90,true,1,
6980259088131,false,צמר גפן עבה 1 יח,,IL,צמר גפן עבה 1 יח,יחידה,1.00,יחידה,false,0,3.90,3.90,true,1,
6980259088179,false,מגש לנרות 1 יח,,IL,מגש לנרות 1 יח,יחידה,1.00,יחידה,false,0,4.90,4.90,true,1,
6985425120295,false,אטבי כביסה 24 יחידות,,,אטבי כביסה 24 יחידות,יחידה,1.00,יחידה,false,0,7.90,7.90,true,1,
7038516140418,false,4מברשת ג'ורדן טוטל מדיום,קלרו,IL,4מברשת ג'ורדן טוטל מדיום,יחידה,1.00,יחידה,false,0,20.00,20.00,true,1,
7180589856540,false,אביזרים לבית,,IL,אביזרים לבית,יחידה,1.00,יחידה,false,0,3.90,3.90,true,1,
7290000000022,true,עגבניות חממה,קטיף,IL,עגבניות חממה,קילוגרמים,0.00,"ק""ג",true,0,6.90,6.90,true,1,
7290000000046,true,מלפפונים,קטיף,IL,מלפפונים,קילוגרמים,0.00,"ק""ג",true,0,4.90,4.90,true,1,
7290000000053,true,קשואים,קטיף,IL,קשואים,קילוגרמים,0.00,"ק""ג",true,0,8.90,8.90,true,1,
7290000000091,true,פלפל אדום,קטיף,IL,פלפל אדום,קילוגרמים,0.00,"ק""ג",true,0,7.90,7.90,true,1,
7290000000107,true,פלפל כהה,קטיף,IL,פלפל כהה,קילוגרמים,0.00,"ק""ג",true,0,7.90,7.90,true,1,
7290000000114,true,חצילים,קטיף,IL,חצילים,קילוגרמים,0.00,"ק""ג",true,0,6.90,6.90,true,1,
7290000000121,true,גזר ארוז,קטיף,IL,גזר ארוז,קילוגרמים,0.00,"ק""ג",true,0,4.90,4.90,true,1,
7290000000138,true,כרוב לבן,קטיף,IL,כרוב לבן,קילוגרמים,0.00,"ק""ג",true,0,7.90,7.90,true,1,
7290000000145,true,כרוב אדום,קטיף,IL,כרוב אדום,קילוגרמים,0.00,"ק""ג",true,0,8.90,8.90,true,1,
7290000000183,true,סלק,קטיף,IL,סלק,קילוגרמים,0.00,"ק""ג",true,0,5.90,5.90,true,1,
7290000000190,true,לפת,קטיף,IL,לפת,קילוגרמים,0.00,"ק""ג",true,0,9.90,9.90,true,1,
7290000000206,true,צנון,קטיף,IL,צנון,קילוגרמים,0.00,"ק""ג",true,0,7.90,7.90,true,1,
7290000000213,true,צנונית -יח,קטיף,IL,צנונית -יח,יחידה,1.00,יחידה,false,0,4.90,4.90,true,1,
7290000000220,true,קולורבי,קטיף,IL,קולורבי,קילוגרמים,0.00,"ק""ג",true,0,7.90,7.90,true,1,
7290000000244,true,שעועית ירוקה - יח',קטיף,IL,שעועית ירוקה,יחידה,1.00,יחידה,false,0,16.90,16.90,true,1,
7290000000374,true,שמפניון-יח',קטיף,IL,שמפניון-יח',יחידה,1.00,יחידה,false,0,9.90,9.90,true,1,
7290000000411,true,שום - רביעייה במארז,קטיף,XX,שום - רביעייה במארז,יחידה,1.00,יחידה,false,0,7.00,7.00,true,1,
7290000000428,true,בטטות מובחר,קטיף,IL,בטטות מובחר,קילוגרמים,0.00,"ק""ג",true,0,9.90,9.90,true,1,
7290000000442,true,נבטים סיניים-יח',קטיף,IL,נבטים סיניים-יח',יחידה,1.00,יחידה,false,0,6.00,6.00,true,1,
7290000000459,true,נבטי אלפלפא-יח',קטיף,IL,נבטי אלפלפא-יח',יחידה,1.00,יחידה,false,0,6.00,6.00,true,1,
7290000000480,true,בצל יבש,קטיף,IL,בצל יבש,קילוגרמים,0.00,"ק""ג",true,0,3.90,3.90,true,1,
7290000000527,true,שמיר יח',קטיף,IL,שמיר יח',יחידה,1.00,יחידה,false,0,3.90,3.90,true,1,
7290000000572,true,שומר,קטיף,IL,שומר,קילוגרמים,0.00,"ק""ג",true,0,9.90,9.90,true,1,
7290000000619,true,פלפל חריף,שותפות מזרחי,IL,פלפל חריף,קילוגרמים,0.00,"ק""ג",true,0,6.90,6.90,true,1,
7290000000626,true,ברוקולי,קטיף,IL,ברוקולי,קילוגרמים,0.00,"ק""ג",true,0,14.90,14.90,true,1,
7290000000732,true,דלורית,קטיף,IL,דלורית,קילוגרמים,0.00,"ק""ג",true,0,5.90,5.90,true,1,
7290000000855,true,פלפל צהוב,קטיף,IL,פלפל צהוב,קילוגרמים,0.00,"ק""ג",true,0,7.90,7.90,true,1,
7290000000886,true,שרי אשכולות-ק'ג,קטיף,IL,שרי אשכולות-ק'ג,קילוגרמים,0.00,"ק""ג",true,0,15.90,15.90,true,1,
7290000000930,true,קישוא עגול,קטיף,IL,קישוא עגול,קילוגרמים,0.00,"ק""ג",true,0,12.90,12.90,true,1,
7290000000978,true,ח.ערבית כשר יחידה,קטיף,IL,חסה ערבית חסלט,יחידה,1.00,יחידה,false,0,8.90,8.90,true,1,
7290000001036,true,בצל יבש אדום,קטיף,XX,בצל יבש אדום,קילוגרמים,0.00,"ק""ג",true,0,5.90,5.90,true,1,
7290000001043,true,כ.לבן כשר-קג,קטיף,IL,כ.לבן כשר-קג,קילוגרמים,0.00,"ק""ג",true,0,13.90,13.90,true,1,
7290000001579,true,סלרי עלים/כשר-יח,קטיף,IL,סלרי עלים/כשר-יח,יחידה,1.00,יחידה,false,0,6.90,6.90,true,1,
7290000001586,true,שמיר כשר-יח,קטיף,IL,שמיר כשר-יח',יחידה,1.00,יחידה,false,0,6.90,6.90,true,1,
7290000001616,true,כוסברה כשר-יח,קטיף,IL,כוסברה כשר-יח',יחידה,1.00,יחידה,false,0,5.90,5.90,true,1,
7290000001692,true,תפוח אדמה אדום ארוז,קטיף,IL,תפוח אדמה אדום ארוז,קילוגרמים,0.00,"ק""ג",true,0,4.90,4.90,true,1,
7290000001715,true,תפוא לבן ארוז,קטיף,IL,תפוא לבן ארוז,קילוגרמים,0.00,"ק""ג",true,0,4.90,4.90,true,1,
7290000001722,true,תפוח אדמה אדום תפזורת,קטיף,IL,"תפו""א אדום תפז'",קילוגרמים,0.00,"ק""ג",true,0,8.90,8.90,true,1,
7290000002026,true,לחם אחיד 750 גרם,מאפית ברמן,IL,לחם אחיד 750 גרם,גרמים,750.00,100 גרם,false,0,4.70,0.63,true,1,
7290000002040,true,חלה רגילה 500 גרם,מאפית ברמן,IL,חלה רגילה,גרמים,500.00,100 גרם,false,0,4.90,0.98,true,1,
7290000002071,true,חלה קלועה רגילה 500 גרם,מאפית ברמן,IL,חלה קלועה רגילה 500 גרם,גרמים,500.00,100 גרם,false,0,4.90,0.98,true,1,
7290000002170,true,לחמנ.שמיניה+שומ120.ג 217,מאפית ברמן,IL,לחמנ.שמיניה+שומ120.ג 217,גרמים,120.00,100 גרם,false,0,3.30,2.75,true,1,
7290000002255,true,חלה עגולה רגילה 500 גרם,מאפית ברמן,IL,חלה עגולה רגילה,גרמים,500.00,100 גרם,false,0,4.90,0.98,true,1,
7290000002354,true,לחמנ.רגילה 75ג 235,מאפית ברמן,IL,לחמניה רגילה,יחידה,1.00,יחידה,false,0,2.00,2.00,true,1,
7290000023007,false,"ברנדי שטוק 84 750 מ""ל",יקבי ברקן,IL,ברנדי שטוק 84,מיליליטרים,750.00,"100 מ""ל",false,0,89.90,11.99,true,1,
7290000023083,false,ערק אשקלון,,IL,ערק אשקלון,מיליליטרים,700.00,"100 מ""ל",false,0,72.90,10.41,true,1,
7290000023809,false,"ברקן קלאסיק קברנה 750מ""ל",יקבי ברקן,IL,"ברקן קלאסיק קברנה 750מ""ל",מיליליטרים,750.00,"100 מ""ל",false,0,31.90,4.25,true,1,
7290000023953,false,יין פטיט סירה קלאסיק750מ,יקבי ברקן,IL,יין פטיט סירה קלאסיק750מ,מיליליטרים,750.00,"100 מ""ל",false,0,31.90,4.25,true,1,
7290000023960,false,"יין שיראז קלאסיק 750 מ""ל",יקבי ברקן,IL,"יין שיראז קלאסיק 750 מ""ל",מיליליטרים,750.00,"100 מ""ל",false,0,31.90,4.25,true,1,
7290000023977,false,"ברקן קלאסיק מרלו 750 מ""ל",יקבי ברקן,IL,"ברקן קלאסיק מרלו 750 מ""ל",מיליליטרים,750.00,"100 מ""ל",false,0,31.90,4.25,true,1,
7290000023984,false,ברקן קלאסיק פינוטאז750'מ,יקבי ברקן,IL,ברקן קלאסיק פינוטאז750'מ,מיליליטרים,750.00,"100 מ""ל",false,0,31.90,4.25,true,1,
7290000024202,false,"ברקן רזרב קברנה 750 מ""ל",יקבי ברקן,IL,"ברקן רזרב קברנה 750 מ""ל",מיליליטרים,750.00,"100 מ""ל",false,0,49.90,6.65,true,1,
7290000024905,false,וודקה קגלביץ קלסיקה700מל,יקבי ברקן,IL,וודקה קגלביץ,מיליליטרים,700.00,"100 מ""ל",false,0,64.90,9.27,true,1,
7290000034256,false,ביסקוויט תירוש 175 גרם,מגדנית הדר,IL,ביסקוויט תירוש 175 גרם,גרמים,175.00,100 גרם,false,0,6.90,3.94,true,1,
7290000040462,false,טוסטי גב.מותכת ט.אדם200ג,תנובה,IL,טוסטי גב.מותכת ט.אדם200ג,גרמים,200.00,100 גרם,false,0,16.90,8.45,true,1,
7290000040974,false,חלב טרי 2% דל לקטוז 1 ל,תנובה,IL,חלב טרי 2% דל לקטוז 1 ל,ליטרים,1.00,ליטר,false,0,6.90,6.90,true,1,
7290000041407,false,"גיל בד""ץ מועשר 3% 125מל",תנובה,IL,גיל מועשר 3%,מיליליטרים,125.00,"100 מ""ל",false,0,0.90,0.72,true,1,
7290000041445,false,גבינת קוטג5'%מהדרין250גר,תנובה,IL,גבינת קוטג5'%מהדרין250גר,גרמים,250.00,100 גרם,false,0,5.50,2.20,true,1,
7290000041452,false,קוטג' מהדרין9% 250 גרם,תנובה,IL,קוטג' מהדרין9% 250 גרם,גרמים,250.00,100 גרם,false,0,5.50,2.20,true,1,
7290000041858,false,שמנת חמוצה15% מועשרת200,שטראוס,IL,שמנת חמוצה יטבתה,מיליליטרים,200.00,"100 מ""ל",false,0,2.30,1.15,true,1,
7290000041865,false,לבן יטבתה 4.5% שומן 200מ,יטבתה,IL,לבן יטבתה4.5%,מיליליטרים,200.00,"100 מ""ל",false,0,2.00,1.00,true,1,
7290000042008,false,חלב מפוסטר 3%שקית 1 ל',תנובה,IL,חלב מפוסטר 3%שקית 1 ל',ליטרים,1.00,ליטר,false,0,4.60,4.60,true,1,
7290000042015,false,חלב 3% מהדרין שקית 1 ל',תנובה,IL,חלב 3% שקית,ליטרים,1.00,ליטר,false,0,4.60,4.60,true,1,
7290000042121,false,חלב 1% שומן בשקית 1 ליטר,תנובה,IL,חלב 1% שומן בשקית 1 ליטר,ליטרים,1.00,ליטר,false,0,4.50,4.50,true,1,
7290000042176,false,חלב שתיה1% שומן-כדית 2ל,תנובה,IL,חלב שתיה1% שומן-כדית 2ל,ליטרים,2.00,ליטר,false,0,11.10,5.55,true,1,
7290000042244,false,חלב 3% שומן בכד 2 ליטר,תנובה,IL,חלב 3% שומן בכד 2 ליטר,ליטרים,2.00,ליטר,false,0,11.60,5.80,true,1,
7290000042404,false,חלב מועשר3% יטבתה שקית1ל,שטראוס,IL,חלב מועשר3% יטבתה שקית1ל,ליטרים,1.00,ליטר,false,0,5.50,5.50,true,1,
7290000042435,false,חלב מפוסטר 1% בקרטון 1 ל,תנובה,IL,חלב מפוסטר 1% בקרטון 1 ל,ליטרים,1.00,ליטר,false,0,5.50,5.50,true,1,
7290000042442,false,חלב מפוסטר 3% בקרטון 1 ל,תנובה,IL,חלב מפוסטר 3% בקרטון 1 ל,ליטרים,1.00,ליטר,false,0,5.80,5.80,true,1,
7290000042466,false,חלב מועשר 1% בקרטון 1 ל',תנובה,IL,חלב מועשר 1% בקרטון 1 ל',ליטרים,1.00,ליטר,false,0,8.80,8.80,true,1,
7290000042671,false,חלב עמיד 3% שומן 1 ליטר,,IL,חלב עמיד 3% שומן 1 ליטר,ליטרים,1.00,ליטר,false,0,6.90,6.90,true,1,
7290000042732,false,שוקו תנובה כד 2 ליטר,תנובה,IL,שוקו כד 2 ליטר,ליטרים,2.00,ליטר,false,0,20.90,10.45,true,1,
7290000042855,false,"שוקו בשקית יוטבתה 225מ""ל",יטבתה,IL,שוקו בשקית,מיליליטרים,225.00,"100 מ""ל",false,0,2.20,0.98,true,1,
7290000043012,false,"שוקו שוק עמיד 250 מ""ל",תנובה,IL,שוקו עמיד,מיליליטרים,250.00,"100 מ""ל",false,0,4.30,1.72,true,1,
7290000043111,false,חמאה 200 גרם,תנובה,IL,חמאה 200 גרם,גרמים,200.00,100 גרם,false,0,7.50,3.75,true,1,
7290000043814,false,שמנת עמידה לקצפת38% 250מ,תנובה,IL,שמנת עמידה לקצפת38% 250מ,מיליליטרים,250.00,"100 מ""ל",false,0,6.20,2.48,true,1,
7290000043890,false,רויון 1.5%  בקרטון 1ל,תנובה,IL,רויון בקרטון1.5%,ליטרים,1.00,ליטר,false,0,10.40,10.40,true,1,
7290000044712,false,פרילי+תות שדה1.5% 500ג,תנובה,IL,פרילי תות-שדה,גרמים,500.00,100 גרם,false,0,9.70,1.94,true,1,
7290000044880,false,באדי מעדן תות 3% 500 גרם,תנובה,IL,מעדן באדי תות 3%,גרמים,500.00,100 גרם,false,0,8.50,1.70,true,1,
7290000045399,false,גבינה מותכת 26% שומן200ג,טנא נוגה,IL,גבינה מותכת 26% שומן200ג,גרמים,200.00,100 גרם,false,0,13.70,6.85,true,1,
7290000046006,false,גב.עמק 28% במשקל,תנובה,IL,גב.עמק 28% במשקל,קילוגרמים,0.00,"ק""ג",true,0,39.90,39.90,true,1,
7290000046020,false,גב.גלבוע 22% במשקל,תנובה,IL,גב.גלבוע 22% במשקל,קילוגרמים,0.00,"ק""ג",true,0,40.80,40.80,true,1,
7290000046136,false,גבינה קשה אחוזה,,IL,גבינה קשה אחוזה,קילוגרמים,0.00,"ק""ג",true,0,40.80,40.80,true,1,
7290000046181,false,גב.טיראן 28% במשקל,טנא נוגה,IL,גבינת טיראן,קילוגרמים,0.00,"ק""ג",true,0,39.90,39.90,true,1,
7290000046501,false,"גב.טל העמק 1 ק""ג במשקל",תנובה,IL,"גב.טל העמק 1 ק""ג במשקל",גרמים,0.00,"ק""ג",true,0,56.00,56.00,true,1,
7290000046549,false,גבינת מוצרלה 20% במשקל,,IL,גבינת מוצרלה 20% במשקל,קילוגרמים,0.00,"ק""ג",true,0,69.00,69.00,true,1,
7290000046662,false,גב.קשה סקנדינבית31%משקל,תנובה,IL,גב.קשה סקנדינבית31%משקל,קילוגרמים,0.00,"ק""ג",true,0,69.00,69.00,true,1,
7290000047485,false,גב.בולגרית 24%במשקל,תנובה,IL,גב.בולגרית 24%במשקל,קילוגרמים,0.00,"ק""ג",true,0,55.00,55.00,true,1,
7290000047546,false,גב.כנען 5% 500 גרם,תנובה,IL,גב.כנען 5% 500 גרם,גרמים,500.00,100 גרם,false,0,22.00,4.40,true,1,
7290000047621,false,גב5%.שומן כשר מהדרין250ג,תנובה,IL,גב5%.שומן כשר מהדרין250ג,גרמים,250.00,100 גרם,false,0,4.80,1.92,true,1,
7290000047942,false,גב9%.שומן כשר מהדרין250ג,תנובה,IL,גבינה9%מהדרין,גרמים,250.00,100 גרם,false,0,5.10,2.04,true,1,
7290000048185,false,גב.לבנה רכה 5% שומן 250ג,תנובה,IL,גב.לבנה רכה 5% שומן 250ג,גרמים,250.00,100 גרם,false,0,4.80,1.92,true,1,
7290000048307,false,קוטג' 5% עם זיתים 250 גר,תנובה,IL,קוטג' 5% עם זיתים 250 גר,גרמים,250.00,100 גרם,false,0,5.70,2.28,true,1,
7290000048413,false,גב.חמד פיראוס16% 250 גר,תנובה,IL,גב.חמד פיראוס16% 250 גר,גרמים,250.00,100 גרם,false,0,17.00,6.80,true,1,
7290000048437,false,גבי. צפתית פיראוס5% 200ג,תנובה,IL,גבי. צפתית פיראוס5% 200ג,גרמים,200.00,100 גרם,false,0,14.00,7.00,true,1,
7290000048444,false,"גבינת חמד 16%שומן 1 ק""ג",תנובה,IL,"גבינת חמד 16%שומן 1 ק""ג",קילוגרמים,1.00,"ק""ג",false,0,49.90,49.90,true,1,
7290000048451,false,גב.חרמון 16% 250 גרם,תנובה,IL,גב.חרמון 16% 250 גרם,גרמים,250.00,100 גרם,false,0,16.20,6.48,true,1,
7290000050065,false,"יופלה 360 קלאסי 100*6מ""ל",תנובה,IL,יופלה 360 קלאסי,מיליליטרים,600.00,"100 מ""ל",false,0,11.80,1.97,true,1,
7290000050966,false,גבינה לבנה 5% 850 גרם,תנובה,IL,גבינה לבנה 850 ג,גרמים,850.00,100 גרם,false,0,16.32,1.92,true,1,
7290000051956,false,טל העמק 9% חריץ במשקל,,,טל העמק 9% חריץ במשקל,קילוגרמים,0.00,"ק""ג",true,0,74.00,74.00,true,1,
7290000052298,false,משקה מוקה בקבוק 1 ליטר,תנובה,,משקה מוקה בקבוק,מיליליטרים,1000.00,"100 מ""ל",false,0,12.00,1.20,true,1,
7290000052304,false,"משקה מוקה בקבוק 340 מ""ל",תנובה,IL,משקה מוקה בקבוק,מיליליטרים,340.00,"100 מ""ל",false,0,6.10,1.79,true,1,
7290000052717,false,קוטג' עם שום שמיר5% 250ג,,IL,קוטג' עם שום שמיר5% 250ג,גרמים,250.00,100 גרם,false,0,5.70,2.28,true,1,
7290000052946,false,יופלה מעודן 150*8 גרם,תנובה,IL,יופלה מעודן 8 יח,קילוגרמים,1.20,"ק""ג",false,0,17.90,14.92,true,1,
7290000053981,false,יופלה פרי 150*8 גרם,תנובה,IL,יופלה פרי 8 יח,קילוגרמים,1.20,"ק""ג",false,0,24.00,20.00,true,1,
7290000053998,false,יופלה לבן 1.5% 150*8 גרם,תנובה,IL,יופלה לבן 8 יח,קילוגרמים,1.20,"ק""ג",false,0,16.20,13.50,true,1,
7290000055015,false,פיראוס פטה כבשים 5% 250ג,תנובה,IL,פיראוס פטה כבשים 5% 250ג,גרמים,250.00,100 גרם,false,0,24.90,9.96,true,1,
7290000055206,false,גבינה לבנה טעם בצל5% 250,,IL,גבינה לבנה טעם בצל5% 250,גרמים,250.00,100 גרם,false,0,5.30,2.12,true,1,
7290000055527,false,מאגדת תאומים תות 8יח80Xג,תנובה,,מאגדת תאומים תות,גרמים,640.00,100 גרם,false,0,11.90,1.86,true,1,
7290000055756,false,גבינה לבנה5% 850*2גר,תנובה,IL,גבינה לבנה5% 850*2גר,גרמים,1700.00,100 גרם,false,0,28.90,1.70,true,1,
7290000055893,false,חמאה מהדרין 200 גרם,תנובה,IL,חמאה מהדרין200גר,גרמים,200.00,100 גרם,false,0,7.50,3.75,true,1,
7290000056081,false,פרילי טבע 6 * 200גרם,תנובה,IL,מארז פרילי טבע,קילוגרמים,1.20,"ק""ג",false,0,20.20,16.83,true,1,
7290000056272,false,גבינה לבנה+זיתים 5% 250ג,,,גבינה לבנה+זיתים 5% 250ג,גרמים,250.00,100 גרם,false,0,5.30,2.12,true,1,
7290000056753,false,גבינה עמק 200 גר,,IL,גבינה עמק 200 גר,גרמים,200.00,100 גרם,false,0,13.90,6.95,true,1,
7290000056760,false,גבינה עמק 400 גר,,IL,גבינה עמק 400 גר,גרמים,400.00,100 גרם,false,0,26.90,6.73,true,1,
7290000056777,false,גבינה צהובה עמק 9% 200 ג,,IL,גבינה צהובה עמק 9% 200 ג,גרמים,200.00,100 גרם,false,0,15.90,7.95,true,1,
7290000056944,false,זוג שוקו 1 ליטר,,IL,זוג שוקו 1 ליטר,ליטרים,2.00,ליטר,false,0,18.90,9.45,true,1,
7290000057088,false,גבינת עמק דק 28% 200 גרם,תנובה,IL,גבינת עמק דק 28%,גרמים,200.00,100 גרם,false,0,13.90,6.95,true,1,
7290000057118,false,גבינת עמק פרוסה,,,גבינת עמק פרוסה,גרמים,400.00,100 גרם,false,0,19.90,4.98,true,1,
7290000057453,false,גבינה עמק 28%,,IL,גבינה עמק 28%,קילוגרמים,0.00,"ק""ג",true,0,39.90,39.90,true,1,
7290000057477,false,חלב טרי הומוגני3% 1.5ל',תנובה,IL,חלב טרי הומוגני3% 1.5ל',ליטרים,1.50,ליטר,false,0,8.60,5.73,true,1,
7290000058047,false,"שמנת +38%פקק 500 מ""ל",,IL,"שמנת +38%פקק 500 מ""ל",מיליליטרים,500.00,"100 מ""ל",false,0,12.40,2.48,true,1,
7290000058276,false,מארז מיני קרלו,,IL,מארז מיני קרלו,גרמים,800.00,100 גרם,false,0,12.00,1.50,true,1,
7290000058979,false,גיל בטעם תות125ג,,IL,גיל בטעם תות125ג,גרמים,125.00,100 גרם,false,0,1.30,1.04,true,1,
7290000060071,false,חטיפ.פריכונים ט.טבעי80גר,"פרח תעשיות מזון בע""מ",IL,חטיפי פריכונים,גרמים,80.00,100 גרם,false,0,7.00,8.75,true,1,
7290000060088,false,בייגלה מקלות מלוחים400גר,אסם,IL,בייגלה מקלות,גרמים,400.00,100 גרם,false,0,8.90,2.23,true,1,
7290000060163,false,אטריות דקות 400 גרם,אסם,IL,אטריות דקות,גרמים,400.00,100 גרם,false,0,6.30,1.58,true,1,
7290000060200,false,פתיתים אפויים קוסקוס500ג,אסם,IL,פתיתים אפויים,גרמים,500.00,100 גרם,false,0,6.40,1.28,true,1,
7290000060217,false,פסטה מקרוני 7 500 גרם,זארה,IT,פסטה מקרוני 7,גרמים,500.00,100 גרם,false,0,5.70,1.14,true,1,
7290000060248,false,פסטה אסם תלתלים 500 גרם,זארה,IT,פסטה תלתלים,גרמים,500.00,100 גרם,false,0,5.70,1.14,true,1,
7290000060330,false,ספירלי פרפקטו 500 גרם,זארה,IT,ספירלי פרפקטו,גרמים,500.00,100 גרם,false,0,6.20,1.24,true,1,
7290000060408,false,פתיתים טבעות 500 גרם,אסם,IL,פתיתים טבעות,גרמים,500.00,100 גרם,false,0,6.40,1.28,true,1,
7290000060415,false,לזניה פרפקטו 500 גרם,פסטה לנסי,IT,לזניה פרפקטו,גרמים,500.00,100 גרם,false,0,16.00,3.20,true,1,
7290000060576,false,"פתיתים אפויים""כוכבים500""",אסם,IL,פתיתים אפויים,גרמים,500.00,100 גרם,false,0,6.40,1.28,true,1,
7290000060781,false,פסטה מסולסלת אסם 500 גרם,זארה,IT,פסטה מסולסלת,גרמים,500.00,100 גרם,false,0,5.70,1.14,true,1,
7290000060828,false,פסטה קרניים בינוניות500ג,זארה,IT,פסטה קרניים,גרמים,500.00,100 גרם,false,0,5.70,1.14,true,1,
7290000060842,false,פסטה צדפים גדולים 500 גר,זארה,IT,פסטה צדפים אסם,גרמים,500.00,100 גרם,false,0,5.70,1.14,true,1,
7290000060859,false,פסטה צדפים אסם 500 גרם,זארה,IT,פסטה צדפים,גרמים,500.00,100 גרם,false,0,5.70,1.14,true,1,
7290000060880,false,פסטה ספגטי מס 8 אסם 500ג,זארה,IT,ספגטי מס' 8,גרמים,500.00,100 גרם,false,0,5.70,1.14,true,1,
7290000060903,false,פתיתים אפויים אורז 500 ג,אסם,IL,פתיתים אפויים,גרמים,500.00,100 גרם,false,0,6.40,1.28,true,1,
7290000060958,false,אטריות בינוניות 400 גרם,אסם,IL,אטריות בינוניות,גרמים,400.00,100 גרם,false,0,6.30,1.58,true,1,
7290000060965,false,אטריות רחבות 400 גרם,אסם,IL,אטריות רחבות,גרמים,400.00,100 גרם,false,0,6.30,1.58,true,1,
7290000060972,false,אטריות דקיקות אסם 400 גר,זארה,IT,אטריות דקיקות,גרמים,400.00,100 גרם,false,0,6.30,1.58,true,1,
7290000061061,false,קרקר בטעם בצל 250 גרם,אסם,IL,קרקר בטעם בצל,גרמים,250.00,100 גרם,false,0,8.80,3.52,true,1,
7290000061085,false,"רוטב צ'ילי מתוק 290 מ""ל",אסם,IL,רוטב צ'ילי אסם,מיליליטרים,290.00,"100 מ""ל",false,0,9.90,3.41,true,1,
7290000061108,false,"רוטב טריאקי אסם 290 מ""ל",אסם,IL,רוטב טריאקי,מיליליטרים,290.00,"100 מ""ל",false,0,9.90,3.41,true,1,
7290000061245,false,עוג.שוקוצ'יפס ממולאות220,אסם,IL,עוגיות ש.צ'יפס,גרמים,220.00,100 גרם,false,0,10.70,4.86,true,1,
7290000061764,false,נסקפה רד מאג 200 גרם,נסטלה,ES,נסקפה רד מאג,גרמים,200.00,100 גרם,false,0,22.50,11.25,true,1,
7290000061917,false,נסקפה רד מאג נטול200גר,נסטלה,ES,נסקפה רד מאגנטול,גרמים,200.00,100 גרם,false,0,32.90,16.45,true,1,
7290000062129,false,"אינסטנט פודינג וניל 1ק""ג",אסם,IL,"אינסטנט פודינג וניל 1ק""ג",קילוגרמים,1.00,"ק""ג",false,0,24.90,24.90,true,1,
7290000062242,false,דובונים שמנת בצל 40 גרם,אסם,IL,דובונים שמנת בצל,גרמים,40.00,100 גרם,false,0,4.10,10.25,true,1,
7290000062709,false,לחמית שיפון 920 גרם,אסם,IL,קרקר לחמית שיפון,גרמים,920.00,100 גרם,false,0,21.90,2.38,true,1,
7290000063096,false,קטשופ בקב.לחיץ 750*2 גרם,אסם,IL,קטשופ זוג,קילוגרמים,1.50,"ק""ג",false,0,19.00,12.67,true,1,
7290000063140,false,שקדי מרק רכיבים טבעי400ג,אסם,IL,שקדי מרק אסם,גרמים,400.00,100 גרם,false,0,9.90,2.48,true,1,
7290000063157,false,"קמח תופח מאליו 1 ק""ג",אסם,IL,קמח תופח מאליו,קילוגרמים,1.00,"ק""ג",false,0,8.90,8.90,true,1,
7290000063300,false,סירופ ויטמינצ'יק פטל 2ל',בית השיטה,IL,ויטמינצ'יק פטל,ליטרים,2.00,ליטר,false,0,19.00,9.50,true,1,
7290000064505,false,תבשיל פתיתים+ירקות 130גר,אסם,IL,תבשיל פתיתים,גרמים,130.00,100 גרם,false,0,10.70,8.23,true,1,
7290000064758,false,קוסקוס בינוני 350 גרם,קוסקוס מזון,IL,קוסקוס בינוני,גרמים,350.00,100 גרם,false,0,6.90,1.97,true,1,
7290000064871,false,מנה חמה פירה בצל 56 גרם,אסם,IL,מנה חמה פירה,גרמים,56.00,100 גרם,false,0,6.30,11.25,true,1,
7290000065090,false,מיני קרוטונים מתובל400 ג,עינת,IL,מיני קרוטונים,גרמים,400.00,100 גרם,false,0,20.90,5.23,true,1,
7290000065335,false,מנה חמה פירה עם ירקות55ג,אסם,IL,מנה חמה פירה,גרמים,55.00,100 גרם,false,0,6.30,11.45,true,1,
7290000065557,false,מ.חמה קוסקוס עם ירקות 84,אסם,IL,מנה חמה קוסקוס,גרמים,84.00,100 גרם,false,0,6.30,7.50,true,1,
7290000065717,false,סירופ ויטמינצ'יק פטל 1ל',בית השיטה,IL,ויטמינצ'יק פטל,ליטרים,1.00,ליטר,false,0,11.00,11.00,true,1,
7290000065748,false,סירופ ויטמינצ'יק אננס 1ל,בית השיטה,IL,ויטמינצ'יק אננס,ליטרים,1.00,ליטר,false,0,11.00,11.00,true,1,
7290000066134,false,ביסלי פלאפל 70 גרם,אסם,IL,ביסלי פלאפל 70 גרם,גרמים,70.00,100 גרם,false,0,3.80,5.43,true,1,
7290000066141,false,ביסלי גריל 70 גרם,אסם,IL,ביסלי גריל 70 גרם,גרמים,70.00,100 גרם,false,0,3.80,5.43,true,1,
7290000066158,false,ביסלי בצל 67 גרם,אסם,IL,ביסלי בצל 67 גרם,גרמים,67.00,100 גרם,false,0,3.80,5.67,true,1,
7290000066165,false,ביסלי ברביקיו 67 גרם,אסם,IL,ביסלי ברביקיו 67 גרם,גרמים,67.00,100 גרם,false,0,3.80,5.67,true,1,
7290000066172,false,ביסלי פיצה 70 גרם,אסם,IL,ביסלי פיצה,גרמים,70.00,100 גרם,false,0,3.80,5.43,true,1,
7290000066189,false,ביסלי פלאפל 200 גרם,אסם,IL,ביסלי פלאפל 200 גרם,גרמים,200.00,100 גרם,false,0,6.50,3.25,true,1,
7290000066196,false,ביסלי גריל 200 גרם,אסם,IL,ביסלי גריל 200 גרם,גרמים,200.00,100 גרם,false,0,6.50,3.25,true,1,
7290000066202,false,ביסלי בצל 190 גרם,אסם,IL,ביסלי בצל 190 גרם,גרמים,190.00,100 גרם,false,0,6.50,3.42,true,1,
7290000066219,false,ביסלי ברביקיו 190 גרם,אסם,IL,ביסלי ברביקיו 190 גרם,גרמים,190.00,100 גרם,false,0,6.50,3.42,true,1,
7290000066226,false,ביסלי פיצה 200 גרם,אסם,IL,ביסלי פיצה 200 גרם,גרמים,200.00,100 גרם,false,0,6.50,3.25,true,1,
7290000066264,false,דובונים-חטיפים מלוחים40ג,אסם,IL,חטיפי דובונים,גרמים,40.00,100 גרם,false,0,4.10,10.25,true,1,
7290000066295,false,במבה מתוקה 30 גרם,אסם,IL,במבה מתוקה,גרמים,30.00,100 גרם,false,0,2.00,6.67,true,1,
7290000066332,false,אפרופו 50 גרם,אסם,IL,חטיף אפרופו,גרמים,50.00,100 גרם,false,0,4.90,9.80,true,1,
7290000066431,false,פופקו בטעם חמאה ודבש80גר,אסם,IL,חטיף פופקו,גרמים,80.00,100 גרם,false,0,4.90,6.13,true,1,
7290000066950,false,"ויטמינצ'יק סירופ תפו""ע1ל",בית השיטה,IL,"ויטמינצ'יק תפו""ע",ליטרים,1.00,ליטר,false,0,11.00,11.00,true,1,
7290000067070,false,עוג.מיני ממולא.שוקולד300,אסם,IL,עוגיות ממולאות,גרמים,300.00,100 גרם,false,0,10.20,3.40,true,1,
7290000067599,false,מנה חמה ספגטי בולונז 65ג,אסם,IL,מנה חמה בולונז,גרמים,65.00,100 גרם,false,0,6.30,9.69,true,1,
7290000068084,false,"פתי בר 1.75 ק""ג",אסם,IL,פתי בר אסם,קילוגרמים,1.75,"ק""ג",false,0,20.00,11.43,true,1,
7290000068138,false,אינסטנט פודינג וניל 80גר,אסם,IL,אינסטנט פודינג,גרמים,80.00,100 גרם,false,0,5.00,6.25,true,1,
7290000068169,false,אינסטנט פודינג שוקולד95ג,אסם,IL,אינסטנט פודינג,גרמים,95.00,100 גרם,false,0,5.00,5.26,true,1,
7290000068190,false,ג'לי בטעם תות 90 גרם,אסם,IL,ג'לי בטעם תות,גרמים,90.00,100 גרם,false,0,6.50,7.22,true,1,
7290000068237,false,ג'לי בטעם פטל 85 גרם,אסם,IL,ג'לי בטעם פטל,גרמים,85.00,100 גרם,false,0,6.50,7.65,true,1,
7290000068251,false,ג'לי בטעם אננס 85 גרם,אסם,IL,ג'לי בטעם אננס,גרמים,85.00,100 גרם,false,0,6.50,7.65,true,1,
7290000068343,false,פריכונים מאורז מלא 140גר,"פרח תעשיות מזון בע""מ",IL,פריכונים מאורז,גרמים,140.00,100 גרם,false,0,6.70,4.79,true,1,
7290000068893,false,במבה נוגט 60*4 גרם,אסם,IL,במבה נוגט 4 יח',גרמים,240.00,100 גרם,false,0,14.90,6.21,true,1,
7290000069258,false,פנה ריגאטה פרפקטו 500 גר,זארה,IT,פנה ריגאטה,גרמים,500.00,100 גרם,false,0,6.20,1.24,true,1,
7290000069364,false,פריכונים-אורז דל נתרן140,"פרח תעשיות מזון בע""מ",IL,פריכונים מאורז,גרמים,140.00,100 גרם,false,0,6.70,4.79,true,1,
7290000069739,false,חטיפי קרקר שומשום 300גרם,אסם,IL,חטיפי קרקר,גרמים,300.00,100 גרם,false,0,9.90,3.30,true,1,
7290000070308,false,מרק עוף אמיתי 400 גרם,אסם,IL,מרק עוף אמיתי,גרמים,400.00,100 גרם,false,0,18.90,4.73,true,1,
7290000070322,false,מרק פטריות ר.טבעיים400גר,אסם,IL,מרק פטריות אסם,גרמים,400.00,100 גרם,false,0,21.90,5.48,true,1,
7290000070353,false,מרק בצל רכיבים טבעיים400,אסם,IL,מרק בצל אסם,גרמים,400.00,100 גרם,false,0,21.90,5.48,true,1,
7290000070384,false,מרק בטעם עוף זך עדיף400ג,אסם,IL,מרק בטעם עוף,גרמים,400.00,100 גרם,false,0,13.90,3.48,true,1,
7290000072203,false,רוטב אלף האיים אסם 290מל,אסם,IL,רוטב אלף האיים,מיליליטרים,290.00,"100 מ""ל",false,0,9.90,3.41,true,1,
7290000072227,false,"רוטב סויה סיני 290 מ""ל",אסם,IL,רוטב סויה,מיליליטרים,290.00,"100 מ""ל",false,0,10.10,3.48,true,1,
7290000072593,false,לחמית חיטה מלאה דבש200גר,אסם,IL,לחמית ח.מלאה דבש,גרמים,200.00,100 גרם,false,0,7.60,3.80,true,1,
7290000072623,false,קטשופ בקבוק לחיץ 750 גרם,אסם,IL,קטשופ בקבוק לחיץ,גרמים,750.00,100 גרם,false,0,10.90,1.45,true,1,
7290000072630,false,קטשופ חריף 750 גרם,אסם,IL,קטשופ חריף,גרמים,750.00,100 גרם,false,0,11.90,1.59,true,1,
7290000072692,false,רוטב ספגטי 500 גרם,אסם,IL,רוטב ספגטי 500 גרם,גרמים,500.00,100 גרם,false,0,11.90,2.38,true,1,
7290000072753,false,נסקפה טסטר'ס צ'ויס200ג,נסטלה,KR,נסקפה טסטרס צויס,גרמים,200.00,100 גרם,false,0,33.90,16.95,true,1,
7290000072777,false,טסטרס צ'ויס נט.קפאין200,נסטלה,KR,קפה טסטרס צויס,גרמים,200.00,100 גרם,false,0,39.90,19.95,true,1,
7290000072890,false,רוטב אלף האיים 2%  290ג,אסם,IL,רוטב אלף האיים,מיליליטרים,290.00,"100 מ""ל",false,0,9.90,3.41,true,1,
7290000072913,false,"רוטב שום 2% שומן 290 מ""ל",אסם,IL,רוטב שום לייט,מיליליטרים,290.00,"100 מ""ל",false,0,9.90,3.41,true,1,
7290000073125,false,מ.חמה פסטה ברוטב עגבניות,אסם,IL,מנה חמה פסטה,גרמים,62.00,100 גרם,false,0,6.30,10.16,true,1,
7290000073415,false,מ.חמה פסטה ברוטב פיצה,אסם,IL,מנה חמה פסטה,גרמים,61.00,100 גרם,false,0,6.30,10.33,true,1,
7290000074061,false,לחמית סילאן ושומשום200גר,אסם,IL,לחמית סילאן,גרמים,200.00,100 גרם,false,0,7.60,3.80,true,1,
7290000074184,false,ביסקוויט פתי בר 500 גרם,אסם,IL,ביסקוויט פתי בר,גרמים,500.00,100 גרם,false,0,10.70,2.14,true,1,
7290000074245,false,קרם קרקר 250 גרם,אסם,IL,קרם קרקר אסם,גרמים,250.00,100 גרם,false,0,7.80,3.12,true,1,
7290000074252,false,קרקר שומשום 250 גרם,אסם,IL,קרקר שומשום אסם,גרמים,250.00,100 גרם,false,0,7.80,3.12,true,1,
7290000074290,false,לחמית סובין 230 גרם,אסם,IL,לחמית אסם,גרמים,230.00,100 גרם,false,0,7.60,3.30,true,1,
7290000074696,false,"קרם קרקר 1 ק""ג",אסם,IL,קרם קרקר,קילוגרמים,1.00,"ק""ג",false,0,24.90,24.90,true,1,
7290000074733,false,לחמית סובין 920 גרם,אסם,IL,לחמית סובין אסם,גרמים,920.00,100 גרם,false,0,21.90,2.38,true,1,
7290000074740,false,"לחמית חיטה מלאה 1 ק""ג",אסם,IL,לחמית חיטה מלאה,קילוגרמים,1.00,"ק""ג",false,0,21.90,21.90,true,1,
7290000074764,false,קרקר זהב 900 גרם,אסם,IL,קרקר זהב אסם,גרמים,900.00,100 גרם,false,0,24.70,2.74,true,1,
7290000074962,false,עוג.מיני שוקוצ'יפס 225גר,כרמית,IL,עוגיות שוקוצ'יפס,גרמים,225.00,100 גרם,false,0,9.40,4.18,true,1,
7290000075143,false,עוג. שוקוצ'יפס קלאסי200ג,אסם,IL,עוגיות שוקוצ'יפס,גרמים,200.00,100 גרם,false,0,10.50,5.25,true,1,
7290000075204,false,לחמית חיטה מלאה 250 גרם,אסם,IL,לחמית חיטה מלאה,גרמים,250.00,100 גרם,false,0,7.60,3.04,true,1,
7290000075693,false,עוגת שמרים בריוש שוקו360,אסם,IL,עוגת בריוש,גרמים,360.00,100 גרם,false,0,16.60,4.61,true,1,
7290000076133,false,בייגלה שמיניות קטנות400ג,אסם,IL,בייגלה שמיניות,גרמים,400.00,100 גרם,false,0,8.90,2.23,true,1,
7290000076775,false,מאגדת לייט יוגורט חמוציו,נסטלה,IL,מאגדת לייט יוגורט חמוציו,גרמים,258.00,100 גרם,false,0,24.90,9.65,true,1,
7290000077017,false,קרמוגית ממולא שוקו200.גר,אסם,IL,קרמוגית שוקולד,גרמים,200.00,100 גרם,false,0,10.50,5.25,true,1,
7290000077253,false,לחמית כפרית 190 גרם,אסם,IL,לחמית כפרית,גרמים,190.00,100 גרם,false,0,9.90,5.21,true,1,
7290000078212,false,קרוטונים מתובלים 250גרם,עינת,IL,קרוטונים מתובל,גרמים,250.00,100 גרם,false,0,12.80,5.12,true,1,
7290000079233,false,קרם קרקר דל נתרן 250 גרם,אסם,IL,קרם קרקר דיאט,גרמים,250.00,100 גרם,false,0,7.80,3.12,true,1,
7290000080000,false,תבשיל אורז סגנ.ספרדי140ג,אסם,IL,תבשיל אורז,גרמים,140.00,100 גרם,false,0,10.70,7.64,true,1,
7290000081663,false,בייגלה טבעות שומשום300גר,אסם,IL,בייגלה טבעות,גרמים,300.00,100 גרם,false,0,8.90,2.97,true,1,
7290000103495,false,"אפונת גינה בד""צ 700 גרם",סנפרוסט,IL,אפונת גינה,גרמים,700.00,100 גרם,false,0,16.90,2.41,true,1,
7290000103501,false,שעועית ירוקה חתוכה 700 ג,סנפרוסט,IL,שעועית ירוקה חתו,גרמים,700.00,100 גרם,false,0,16.90,2.41,true,1,
7290000103518,false,שעועית ירוקה שלמה 700 גר,סנפרוסט,IL,שעועית ירוקה שלמ,גרמים,700.00,100 גרם,false,0,19.90,2.84,true,1,
7290000103525,false,"גזר גמדי  בד""צ700 גרם",סנפרוסט,IL,גזר גמדי,גרמים,700.00,100 גרם,false,0,15.90,2.27,true,1,
7290000103532,false,"גרעיני תירס בד""צ 700 גרם",סנפרוסט,IL,גרעיני תירס,גרמים,700.00,100 גרם,false,0,15.90,2.27,true,1,
7290000103549,false,אפונה עדינה שלמה 600 גרם,סנפרוסט,IL,אפונה עדינה שלמה,גרמים,600.00,100 גרם,false,0,19.90,3.32,true,1,
7290000103556,false,"גרגירי חומוס בד""צ700 גרם",סנפרוסט,IL,"גרגירי חומוס בד""צ700 גרם",גרמים,700.00,100 גרם,false,0,17.90,2.56,true,1,
7290000103563,false,שעועית לבנה מבושלת 700 ג,סנפרוסט,IL,שעועית לבנה 700ג,גרמים,700.00,100 גרם,false,1,17.90,2.56,true,1,
7290000103570,false,"אפונה וגזרבד""צ 1200 גרם",סנפרוסט,IL,"אפונה וגזרבד""צ 1200 גרם",קילוגרמים,1.20,"ק""ג",false,0,22.90,19.08,true,1,
7290000104218,false,במיה מוקפאת 600 גרם,סנפרוסט,IL,במיה מוקפאת 600 גרם,גרמים,600.00,100 גרם,false,0,15.90,2.65,true,1,
7290000104713,false,פול ירוק מוקפא 800 גרם,סנפרוסט,IL,פול ירוק מוקפא,גרמים,800.00,100 גרם,false,0,22.90,2.86,true,1,
7290000107165,false,חטיף פולי סויה 400 גרם,סנפרוסט,IL,חטיף פולי סויה 400 גרם,גרמים,400.00,100 גרם,false,0,13.70,3.43,true,1,
7290000107189,false,ארטישוק תחתיות 400 גרם,סנפרוסט,IL,תחתיות ארטישוק,גרמים,400.00,100 גרם,false,0,20.90,5.23,true,1,
7290000107691,false,פול ירוק 500 גרם,סנפרוסט,IL,פול ירוק 500גרם,גרמים,500.00,100 גרם,false,0,14.90,2.98,true,1,
7290000110035,false,מרגר.בלובנד לבישול 200גר,יוניליוור,IL,מרגרינה בלובנד,גרמים,200.00,100 גרם,false,0,4.30,2.15,true,1,
7290000110059,false,מרגרינה בלי מלח 200 גרם,יוניליוור,IL,מרגרינה בלו-בנד,גרמים,200.00,100 גרם,false,0,4.20,2.10,true,1,
7290000110073,false,מרגרינה בטעם חמאה 200גר,יוניליוור,IL,מחמאה מרגרינה,גרמים,200.00,100 גרם,false,0,4.40,2.20,true,1,
7290000110844,false,כיפלי גריל 70 גרם,יוניליוור,IL,כיפלי בטעם גריל,גרמים,60.00,100 גרם,false,0,4.90,8.17,true,1,
7290000110851,false,כיפלי בצל 70 גרם,יוניליוור,IL,כיפלי בטעם בצל,גרמים,70.00,100 גרם,false,0,4.90,7.00,true,1,
7290000111117,false,מרכך כביסה בדין לבן 4 לי,יוניליוור,IL,מרכך כביסה בדין,ליטרים,4.00,ליטר,false,0,19.90,4.98,true,1,
7290000111186,false,מיונז תלמה אמיתי 500 גרם,יוניליוור,IL,מיונז אמיתי,גרמים,500.00,100 גרם,false,0,8.90,1.78,true,1,
7290000111353,false,"מיונז אמיתי תלמה 1 ק""ג",יוניליוור,IL,מיונז אמיתי תלמה,קילוגרמים,1.00,"ק""ג",false,0,15.90,15.90,true,1,
7290000111360,false,חרדל אמיתי תלמה 250 גרם,יוניליוור,IL,חרדל אמיתי תלמה,גרמים,250.00,100 גרם,false,0,6.50,2.60,true,1,
7290000111384,false,חרדל אמיתי תלמה 550 גרם,יוניליוור,IL,חרדל אמיתי תלמה,גרמים,550.00,100 גרם,false,0,7.90,1.44,true,1,
7290000112152,false,"קוקומן כדורים בד""ץ 500גר",יוניליוור,IL,קוקומן כדורים,גרמים,500.00,100 גרם,false,0,19.90,3.98,true,1,
7290000112220,false,טחינה גולמית 100% 500 גר,רושדי תעשיות מזון,IL,טחינה גולמית,גרמים,500.00,100 גרם,false,0,13.90,2.78,true,1,
7290000112237,false,"טחינה גולמית 100% 1 ק""ג",רושדי תעשיות מזון,IL,טחינה גולמית,קילוגרמים,1.00,"ק""ג",false,0,23.90,23.90,true,1,
7290000114187,false,פנטסטיק אורנים 4ל,יוניליוור,IL,פנטסטיק לניקוי,ליטרים,4.00,ליטר,false,0,18.90,4.73,true,1,
7290000116136,false,דאב קרם ידיים עור יבש100,יוניליוור,IL,דאב קרם ידיים,מיליליטרים,100.00,"100 מ""ל",false,0,10.90,10.90,true,1,
7290000116204,false,מרק דגש טעם עוף שקית 1קג,יוניליוור,IL,מרק דגש טעם עוף,קילוגרמים,1.00,"ק""ג",false,0,14.90,14.90,true,1,
7290000116884,false,"רוטב ברביקיו קנור 300מ""ל",יוניליוור,IL,רוטב ברביקיו,מיליליטרים,300.00,"100 מ""ל",false,0,10.80,3.60,true,1,
7290000116921,false,רוטב צ'ילי מתוק קנור300מ,יוניליוור,IL,רוטב צ'ילי מתוק,מיליליטרים,300.00,"100 מ""ל",false,0,10.80,3.60,true,1,
7290000117386,false,מארז 8 חטיפי דגנים שוגי,יוניליוור,IL,חטיפי דגנים 8 יח,גרמים,208.00,100 גרם,false,0,14.90,7.16,true,1,
7290000117393,false,חט.דגנים שוקו שוגי 26X8ג,יוניליוור,IL,חטיפי דגנים 8 יח,גרמים,208.00,100 גרם,false,0,14.90,7.16,true,1,
7290000120836,false,מיונז הלמנס 394 גרם,יוניליוור,US,מיונז הלמנס,גרמים,394.00,100 גרם,false,0,11.80,2.99,true,1,
7290000120874,false,מיונז הלמנס לייט 424 גרם,יוניליוור,US,מיונז הלמנס,גרמים,424.00,100 גרם,false,0,11.80,2.78,true,1,
7290000121017,false,גבינת שומרון מותכת7% 120,נטו,IL,גבינת שומרון 7%,גרמים,120.00,100 גרם,false,0,11.80,9.83,true,1,
7290000121031,false,גב.מותכת למריחה 14% 120ג,נטו,IL,גבינה מותכת,גרמים,120.00,100 גרם,false,0,9.90,8.25,true,1,
7290000121079,false,גבינת מון בלאן שמיר 120ג,נטו,IL,גבינת מון בלאן שמיר 120ג,גרמים,120.00,100 גרם,false,0,12.00,10.00,true,1,
7290000121093,false,גב.מון בלן ט.שויצרי 120ג,נטו,IL,גב.מון בלן ט.שויצרי 120ג,גרמים,120.00,100 גרם,false,0,12.00,10.00,true,1,
7290000121109,false,גבינה מון בלאן+זיתים120ג,נטו,IL,גבינה מון בלאן+זיתים120ג,גרמים,120.00,100 גרם,false,0,12.00,10.00,true,1,
7290000121239,false,מיוקל5% ללא כולסטרול500ג,יוניליוור,IL,מיוקל 5% שומן,גרמים,500.00,100 גרם,false,0,11.90,2.38,true,1,
7290000122687,false,סירופ שוקולד אפיכל 600גר,יוניליוור,IL,סירופ שוקולד,גרמים,600.00,100 גרם,false,0,15.70,2.62,true,1,
7290000122700,false,סירופ מייפל 600 גרם,יוניליוור,IL,סירופ מייפל,גרמים,600.00,100 גרם,false,0,15.70,2.62,true,1,
7290000122830,false,רוטב סצ'ואן סיני קנור300,יוניליוור,IL,רוטב סצ'ואן סיני,מיליליטרים,300.00,"100 מ""ל",false,0,10.80,3.60,true,1,
7290000123110,false,מזולה לייט למריחה 250גרם,יוניליוור,IL,מזולה לייט,גרמים,250.00,100 גרם,false,0,9.20,3.68,true,1,
7290000123158,false,מזולה טעם חמאה 250 גרם,יוניליוור,IL,מזולה טעם חמאה,גרמים,250.00,100 גרם,false,0,9.80,3.92,true,1,
7290000123172,false,מזולה בגביע טעם טבעי250ג,יוניליוור,IL,מזולה בגביע,גרמים,250.00,100 גרם,false,0,8.70,3.48,true,1,
7290000127224,false,קונפיטורה תות 778 340גרם,יוניליוור,IL,קונפיטורת תות,גרמים,340.00,100 גרם,false,0,10.90,3.21,true,1,
7290000129785,false,מרכך כביסה בדין ירוק 4 ל,יוניליוור,IL,מרכך כביסה בדין,ליטרים,4.00,ליטר,false,0,19.90,4.98,true,1,
7290000133645,false,מ.ש.אורביטול סודה145*3ג,קוסמופארם,,משחת שיניים 3 יח,גרמים,435.00,100 גרם,false,0,14.90,3.43,true,1,
7290000136721,false,ג'אמפ תפוזים 1.5 ליטר,טמפו,IL,ג'אמפ תפוזים,ליטרים,1.50,ליטר,false,0,5.30,3.53,true,1,
7290000136738,false,ג'אמפ אשכוליות 1.5 ליטר,טמפו,IL,ג'אמפ אשכוליות,ליטרים,1.50,ליטר,false,0,5.30,3.53,true,1,
7290000136745,false,ג'אמפ תות בננה 1.5 ליטר,טמפו,IL,ג'אמפ תות בננה,ליטרים,1.50,ליטר,false,0,5.30,3.53,true,1,
7290000137513,false,גלידונית וניל 60יח 630גר,שטראוס,IL,גלידונית וניל 60יח 630גר,גרמים,630.00,100 גרם,false,0,43.00,6.83,true,1,
7290000139104,false,שלווה בשקית 230 גרם,שופרסל,IL,שלווה בשקית 230 גרם,גרמים,230.00,100 גרם,false,0,7.60,3.30,true,1,
7290000139180,false,שלווה בשקית,,IL,שלווה בשקית,גרמים,140.00,100 גרם,false,0,7.60,5.43,true,1,
7290000139227,false,דגן תפוח ממותק 150 גרם,,IL,דגן תפוח ממותק 150 גרם,גרמים,150.00,100 גרם,false,0,7.60,5.07,true,1,
7290000139234,false,דגן תפוח חמאה ודבש 150 ג,,IL,דגן תפוח חמאה ודבש 150 ג,גרמים,150.00,100 גרם,false,0,7.60,5.07,true,1,
7290000139258,false,שלווה טבע + סוכר חום200ג,שופרסל,IL,שלווה טבע + סוכר חום200ג,גרמים,200.00,100 גרם,false,0,7.60,3.80,true,1,
7290000143200,false,מרכך הוואי לשיער יבש700מ,טרופיקל דגיל,IL,מרכך הוואי לשיער יבש700מ,מיליליטרים,700.00,"100 מ""ל",false,0,8.90,1.27,true,1,
7290000143217,false,שמפו הוואי שיער יבש 700מ,טרופיקל דגיל,IL,שמפו הוואי,מיליליטרים,700.00,"100 מ""ל",false,0,8.90,1.27,true,1,
7290000143255,false,"שמפו הוואי ירוק 700 מ""ל",טרופיקל דגיל,IL,"שמפו הוואי ירוק 700 מ""ל",מיליליטרים,700.00,"100 מ""ל",false,0,8.90,1.27,true,1,
7290000143279,false,"הוואי שמפו אדום 700 מ""ל",טרופיקל דגיל,IL,"הוואי שמפו אדום 700 מ""ל",מיליליטרים,700.00,"100 מ""ל",false,0,8.90,1.27,true,1,
7290000143286,false,"הוואי מרכך ירוק 700 מ""ל",טרופיקל דגיל,IL,"הוואי מרכך ירוק 700 מ""ל",מיליליטרים,700.00,"100 מ""ל",false,0,8.90,1.27,true,1,
7290000144160,false,שמן זית בטעם מודגש 750מל,שמן תעשיות,IL,שמן זית בטעם מודגש 750מל,מיליליטרים,750.00,"100 מ""ל",false,0,32.90,4.39,true,1,
7290000144467,false,שמן חמניות+נוגדי חמצון1ל,שמן תעשיות,IL,שמן חמניות,ליטרים,1.00,ליטר,false,0,13.00,13.00,true,1,
7290000144474,false,שמן קנולה מועשר 1 ליטר,שמן תעשיות,IL,שמן קנולה מועשר 1 ליטר,ליטרים,1.00,ליטר,false,0,12.90,12.90,true,1,
7290000144825,false,שמן קנולה פלוס אומגה9 1ל,שמן תעשיות,IL,שמן קנולה מועשר,ליטרים,1.00,ליטר,false,0,13.90,13.90,true,1,
7290000146645,false,סבון הוואי שחור 100*4גרם,טרופיקל דגיל,IL,סבון הוואי 4 יח,גרמים,400.00,100 גרם,false,0,11.40,2.85,true,1,
7290000146652,false,סבון הוואי ורוד 100*4גרם,טרופיקל דגיל,IL,סבון הוואי 4 יח,גרמים,400.00,100 גרם,false,0,11.40,2.85,true,1,
7290000146683,false,סבון הוואי לבן 100*4 גרם,טרופיקל דגיל,PL,סבון הוואי 4 יח,גרמים,400.00,100 גרם,false,0,11.40,2.85,true,1,
7290000146706,false,סבון הוואי ירוק 100*4 גר,טרופיקל דגיל,IL,סבון הוואי 4 יח,גרמים,400.00,100 גרם,false,0,11.40,2.85,true,1,
7290000146928,false,משחת טום וג'רי ענבים 50מ,טרופיקל דגיל,IL,משחת טום וג'רי,מיליליטרים,50.00,"100 מ""ל",false,0,7.60,15.20,true,1,
7290000146997,false,משחת טום וג'רי מסטיק 50מ,טרופיקל דגיל,IL,משחת טום וג'רי מסטיק 50מ,מיליליטרים,50.00,"100 מ""ל",false,0,7.60,15.20,true,1,
7290000148298,false,מיץ תפוזים 100%טבעי 2 לי,פריגת,IL,מיץ תפוזים 100%טבעי 2 לי,ליטרים,2.00,ליטר,false,0,22.90,11.45,true,1,
7290000149578,false,סופטקר אל סבון 1 ליטר,נקה,IL,תחליב לחות לרחצה,ליטרים,1.00,ליטר,false,0,16.90,16.90,true,1,
7290000149615,false,סבון נקה 7 לתינוק 100X4ג,נקה,IL,סבון נקה 4X 7,גרמים,400.00,100 גרם,false,0,13.00,3.25,true,1,
7290000149851,false,סינטבון כפול לנקיון 460ג,נקה,IL,סינטבון כפול לנקיון 460ג,גרמים,460.00,100 גרם,false,0,9.70,2.11,true,1,
7290000149905,false,טקסטיל נוזל לכביסה 1ליטר,נקה,IL,נוזל כביס טקסטיל,ליטרים,1.00,ליטר,false,0,12.90,12.90,true,1,
7290000149943,false,טקסטיל שמפו בשקית 1 קג,נקה,IL,טקסטיל שמפו שקית,קילוגרמים,1.00,"ק""ג",false,0,13.20,13.20,true,1,
7290000150925,false,נקניק סלמי ירדן 600 גרם,עוף טוב,IL,נקניק סלמי ירדן,גרמים,600.00,100 גרם,false,0,25.50,4.25,true,1,
7290000151304,false,פסטרמה מקסיקנית רובן300ג,עוף טוב,IL,פסטרמה מקסיקנית,גרמים,300.00,100 גרם,false,0,24.90,8.30,true,1,
7290000151397,false,פסטרמה בדבש רובין 300גרם,עוף טוב,IL,פסטרמה בדבש 300ג,גרמים,300.00,100 גרם,false,0,24.90,8.30,true,1,
7290000152462,false,סלמי גלאט 700 גרם,עוף טוב,IL,סלמי גלאט,גרמים,700.00,100 גרם,false,0,25.00,3.57,true,1,
7290000153469,false,קציצות עוף קלאסיות 600גר,עוף טוב,IL,קציצות עוף,גרמים,600.00,100 גרם,false,0,29.90,4.98,true,1,
7290000155821,false,פסטרמה מעושנת מהדרין300ג,עוף טוב,IL,פסטרמה מעושנת,גרמים,300.00,100 גרם,false,0,24.90,8.30,true,1,
7290000155838,false,סלמי מהדרין 300 גרם,עוף טוב,IL,סלמי מהדרין,גרמים,300.00,100 גרם,false,0,18.90,6.30,true,1,
7290000156217,false,מקלוני קבנוס יח,עוף טוב,IL,מקלוני קבנוס,גרמים,260.00,100 גרם,false,0,19.40,7.46,true,1,
7290000156729,false,מארז פסטרמה + סלמי 600גר,עוף טוב,IL,פסטרמה + סלמי,גרמים,600.00,100 גרם,false,0,19.90,3.32,true,1,
7290000156781,false,נקניקיות עוף 3 יח400X'גר,עוף טוב,IL,נקניקיות עוף,קילוגרמים,1.20,"ק""ג",false,0,29.90,24.92,true,1,
7290000158105,false,שניצל דינוזאור 700גרם,עוף טוב,IL,שניצל דינוזאור 700גרם,גרמים,700.00,100 גרם,false,0,30.70,4.39,true,1,
7290000158211,false,שניצל דק ענק 700גרם,עוף טוב,,שניצל דק ענק,גרמים,700.00,100 גרם,false,0,32.60,4.66,true,1,
7290000159010,false,שניצל דובונים 700גרם,עוף טוב,IL,שניצל דובונים 700גרם,גרמים,700.00,100 גרם,false,0,37.30,5.33,true,1,
7290000159034,false,שניצל אמיתי קריספי 700גר,עוף טוב,IL,שניצל אמיתי קריספי 700גר,גרמים,0.00,100 גרם,false,0,46.30,46.30,true,1,
7290000160269,false,דאב תרחיץ פנים רגיש180מל,יוניליוור,IL,דאב תרחיץ פנים,מיליליטרים,180.00,"100 מ""ל",false,0,16.90,9.39,true,1,
7290000160436,false,עוף ולתנור צ'ילי ושום63ג,יוניליוור,IL,עוף ולתנור,גרמים,63.00,100 גרם,false,0,5.90,9.37,true,1,
7290000160443,false,עוף ולתנור עשבי תיבול51ג,יוניליוור,IL,עוף ולתנור,גרמים,51.00,100 גרם,false,0,5.90,11.57,true,1,
7290000160450,false,עוף ולתנור צ'ילי מתוק63ג,יוניליוור,IL,עוף ולתנור,גרמים,63.00,100 גרם,false,0,5.90,9.37,true,1,
7290000160771,false,"כריות וניל בד""צ 750 גרם",יוניליוור,,כריות וניל,גרמים,750.00,100 גרם,false,0,21.90,2.92,true,1,
7290000161150,false,גולדבנד גביע 250 גרם,יוניליוור,IL,מרגרינה גולדבנד,גרמים,250.00,100 גרם,false,0,8.90,3.56,true,1,
7290000161358,false,מיונז משמן קנולה 500 גרם,יוניליוור,IL,מיונז אמיתי תלמה,גרמים,500.00,100 גרם,false,0,12.90,2.58,true,1,
7290000162003,false,שמפו קליר להגנת שבירה400,יוניליוור,TR,שמפו קליר,מיליליטרים,400.00,"100 מ""ל",false,0,19.90,4.98,true,1,
7290000162386,false,רוטב שום לסלט 300 גרם,יוניליוור,IL,רוטב שום לסלט,גרמים,300.00,100 גרם,false,0,10.90,3.63,true,1,
7290000162515,false,"קורנפלקס וניל בד""צ500גרם",יוניליוור,,קורנפלקס וניל,גרמים,500.00,100 גרם,false,0,17.90,3.58,true,1,
7290000162539,false,"קורנפלקס שקד+דבש בד""צ450",יוניליוור,,קורנפלקס שקד+דבש,גרמים,450.00,100 גרם,false,0,17.90,3.98,true,1,
7290000162560,false,"קורנפלקס דבש בד""צ 500גרם",יוניליוור,,קורנפלקס דבש,גרמים,500.00,100 גרם,false,0,17.20,3.44,true,1,
7290000164632,false,בדין אקסטרה בייבי 960 מל,יוניליוור,TR,בדין אקסטרה,מיליליטרים,960.00,"100 מ""ל",false,0,21.90,2.28,true,1,
7290000165073,false,סיף קרם ניקוי לימון 500מ,יוניליוור,TR,סיף קרם לימון,מיליליטרים,500.00,"100 מ""ל",false,0,11.90,2.38,true,1,
7290000165189,false,דאו.דאב ביוטי פיניש169מ,יוניליוור,AR,דאודורנט דאב,מיליליטרים,169.00,"100 מ""ל",false,0,22.90,13.55,true,1,
7290000165455,false,תחליב רח.פינוק דבש 700,יוניליוור,IL,תחליב רחצה פינוק,מיליליטרים,700.00,"100 מ""ל",false,0,12.90,1.84,true,1,
7290000165493,false,תחליב רח.פינוק אלוורה700,יוניליוור,IL,תחליב רחצה פינוק,מיליליטרים,700.00,"100 מ""ל",false,0,12.90,1.84,true,1,
7290000165509,false,תחליב רח.פינוק קמומיל700,יוניליוור,IL,תחליב רחצה פינוק,מיליליטרים,700.00,"100 מ""ל",false,0,12.90,1.84,true,1,
7290000165684,false,"שמפו שמן אבוקדו 700 מ""ל",יוניליוור,IL,שמפו שמן אבוקדו,מיליליטרים,700.00,"100 מ""ל",false,0,12.70,1.81,true,1,
7290000165691,false,"מרכך שמן אבוקדו 700 מ""ל",יוניליוור,IL,מרכך שמן אבוקדו,מיליליטרים,700.00,"100 מ""ל",false,0,12.70,1.81,true,1,
7290000166148,false,דאב בייבי תחליב רחצה700מ,יוניליוור,IL,תחליב רחצה דאב,מיליליטרים,700.00,"100 מ""ל",false,0,17.90,2.56,true,1,
7290000166414,false,מזולה לאפיה ללא מלח200ג,יוניליוור,IL,מזולה ללא מלח,גרמים,200.00,100 גרם,false,0,6.00,3.00,true,1,
7290000166421,false,מזולה לאפיה טעם חמאה200ג,יוניליוור,IL,מזולה טעם חמאה,גרמים,200.00,100 גרם,false,0,6.00,3.00,true,1,
7290000166605,false,סיף ניקוי כללי יסמין 4 ל,יוניליוור,IL,סיף ניקוי כללי,ליטרים,4.00,ליטר,false,0,18.90,4.73,true,1,
7290000166711,false,שוגי 20% פחות סוכר 500גר,יוניליוור,IL,שוגי מופחת סוכר,גרמים,500.00,100 גרם,false,0,19.90,3.98,true,1,
7290000168043,false,דאו.דאב מן קלין סטיק 50מ,יוניליוור,IL,דאודורנט דאב מן,מיליליטרים,50.00,"100 מ""ל",false,0,27.90,55.80,true,1,
7290000168173,false,ברנפלקס קרנצ'ים 375 גרם,יוניליוור,IL,ברנפלקס קרנצ'ים,גרמים,375.00,100 גרם,false,0,21.90,5.84,true,1,
7290000168289,false,שמפו פינוק שמן מרוקאי700,יוניליוור,IL,שמפו פינוק,מיליליטרים,700.00,"100 מ""ל",false,0,12.70,1.81,true,1,
7290000168296,false,מרכך פינוק שמן מרוקאי700,יוניליוור,IL,מרכך פינוק,מיליליטרים,700.00,"100 מ""ל",false,0,12.70,1.81,true,1,
7290000168302,false,תחליב פינוק שמן מרוקא700,יוניליוור,IL,תחליב רחצה פינוק,מיליליטרים,700.00,"100 מ""ל",false,0,10.80,1.54,true,1,
7290000168425,false,רוטב צ'ילי מתוק 50% פחות,יוניליוור,IL,רוטב צ'ילי מתוק,מיליליטרים,300.00,"100 מ""ל",false,0,10.80,3.60,true,1,
7290000168623,false,קליק דג דג שוקולד לבן70ג,יוניליוור,IL,קליק דג דג,גרמים,70.00,100 גרם,false,0,5.60,8.00,true,1,
7290000168630,false,קליק דג דג שוקולד חלב70ג,יוניליוור,IL,קליק דג דג,יחידה,1.00,יחידה,false,0,5.60,5.60,true,1,
7290000168739,false,קורנפלקס קקאו 500 גרם,יוניליוור,IL,קורנפלקס קקאו,גרמים,500.00,100 גרם,false,0,17.90,3.58,true,1,
7290000168838,false,כריות וניל עוגיות 750גרם,יוניליוור,IL,כריות וניל עוגיו,גרמים,750.00,100 גרם,false,0,21.90,2.92,true,1,
7290000169149,false,רקסונה ספריי אקטיב150מ,יוניליוור,AR,דאו.רקסונה,מיליליטרים,150.00,"100 מ""ל",false,0,16.90,11.27,true,1,
7290000169156,false,רקסונה ספריי V8 לגבר 150,יוניליוור,AR,דאו. רקסונה,יחידה,1.00,יחידה,false,0,16.90,16.90,true,1,
7290000169163,false,רקסונה ספריי אקסטרה150,יוניליוור,AR,דאו.רקסונה,מיליליטרים,150.00,"100 מ""ל",false,0,16.90,11.27,true,1,
7290000169521,false,נמס בכוס ירקות וקרוטונים,יוניליוור,IL,נמס בכוס,גרמים,56.00,100 גרם,false,0,6.00,10.71,true,1,
7290000169538,false,נמס בכוס עגבנ.וקרוטונים,יוניליוור,IL,נמס בכוס,גרמים,62.00,100 גרם,false,0,6.00,9.68,true,1,
7290000169613,false,חטיפי שוגי וניל עוגיות8י,יוניליוור,IL,חטיפי דגנים,גרמים,200.00,100 גרם,false,0,14.90,7.45,true,1,
7290000169743,false,קוקומן ח.לבן מופחת סוכר,יוניליוור,IL,קוקומן חום לבן,גרמים,375.00,100 גרם,false,0,21.00,5.60,true,1,
7290000169798,false,עוגי 20% פחות סוכר 500גר,יוניליוור,IL,עוגי מופחת סוכר,גרמים,500.00,100 גרם,false,0,20.90,4.18,true,1,
7290000169897,false,"רקסונה ספריי כותנה150מ""ל",קוסטר,TR,דאו.רקסונה,מיליליטרים,150.00,"100 מ""ל",false,0,16.90,11.27,true,1,
7290000169903,false,דאו.רקסונה טלק ספריי 150,קוסטר,IL,דאו.רקסונה,מיליליטרים,150.00,"100 מ""ל",false,0,16.90,11.27,true,1,
7290000174723,false,שוקולית בפחית עלית 500גר,עלית,IL,שוקולית,גרמים,500.00,100 גרם,false,0,11.70,2.34,true,1,
7290000176062,false,קפה טורקי בצלופן 100 גרם,שטראוס,RO,קפה טורקי בצלופן 100 גרם,גרמים,100.00,100 גרם,false,0,8.20,8.20,true,1,
7290000176079,false,קפה טורקי עם הל 100 גרם,עלית,IL,קפה טורקי עם הל,גרמים,100.00,100 גרם,false,0,8.70,8.70,true,1,
7290000176093,false,קפה אלדין טורקי ואקום200,עלית,IL,קפה אלדין טורקי ואקום200,גרמים,200.00,100 גרם,false,0,16.90,8.45,true,1,
7290000176192,false,קפה טורקי האג ואקום200גר,שטראוס,IL,קפה טורקי האג ואקום200גר,גרמים,200.00,100 גרם,false,0,24.90,12.45,true,1,
7290000176413,false,קפה נמס 50 גרם,עלית,IL,קפה נמס 50 גרם,גרמים,50.00,100 גרם,false,0,8.90,17.80,true,1,
7290000176420,false,קפה נמס 200 גרם,עלית,IL,קפה נמס,גרמים,200.00,100 גרם,false,0,19.90,9.95,true,1,
7290000176475,false,האג נטול קופאין 200 גרם,שטראוס,IL,האג נטול קופאין 200 גרם,גרמים,200.00,100 גרם,false,0,33.80,16.90,true,1,
7290000177694,false,קפה טורקי ואקום 200 גרם,שטראוס,IL,קפה טורקי ואקום 200 גרם,גרמים,200.00,100 גרם,false,0,17.70,8.85,true,1,
7290000186177,false,משולש קרצוף,,IL,משולש קרצוף,יחידה,1.00,יחידה,false,0,14.10,14.10,true,1,
7290000186504,false,נייר טואלט מולט,,IL,נייר טואלט מולט,מטרים,537.00,מטר,false,0,36.30,0.07,true,1,
7290000186931,false,כריות קרצוף חתוכות 12 יח,,IL,כריות קרצוף חתוכות 12 יח,יחידה,1.00,יחידה,false,0,13.90,13.90,true,1,
7290000187921,false,נ.טואלט לילי קלאסיק 32גל,חוגלה קימברלי,IL,נייר טואלט לילי,מטרים,588.00,100 מטר,false,0,36.90,6.28,true,1,
7290000187938,false,נ.טואלט לילי פסטל 32 גלי,חוגלה קימברלי,IL,נייר טואלט,מטרים,588.00,100 מטר,false,0,34.90,5.94,true,1,
7290000187952,false,נ.ט.לילי טריו פרימיום32ג,חוגלה קימברלי,IL,נייר טואלט,מטרים,537.00,100 מטר,false,0,44.90,8.36,true,1,
7290000188065,false,62מגן תח.קוטקס סילק לייט,חוגלה קימברלי,CN,מגן תחתון קוטקס,יחידה,1.00,יחידה,false,0,17.30,17.30,true,1,
7290000188355,false,מגבות נייר ניקול 6גלילים,חוגלה קימברלי,IL,מגבות ניקול,מטרים,65.00,מטר,false,0,9.50,0.15,true,1,
7290000188553,false,60מגני תחתון קוטקס סילקN,חוגלה קימברלי,CN,מגן תחתון קוטקס,יחידה,1.00,יחידה,false,0,17.30,17.30,true,1,
7290000188560,false,52מגני תחתון קוטקס סילקL,חוגלה קימברלי,CN,מגן תחתון קוטקס,יחידה,1.00,יחידה,false,0,17.30,17.30,true,1,
7290000188591,false,60מגני תחתון קוטקס סילקY,חוגלה קימברלי,CN,מגן תחתון קוטקס,יחידה,1.00,יחידה,false,0,17.30,17.30,true,1,
7290000189208,false,מטלית הקסם למשטחים 1 יח',חוגלה קימברלי,CN,מטלית הקסם,יחידה,1.00,יחידה,false,0,8.00,8.00,true,1,
7290000189215,false,מטלית הקסם לרצפה ניקול,חוגלה קימברלי,IL,מטלית הקסם לרצפה ניקול,יחידה,1.00,יחידה,false,0,10.90,10.90,true,1,
7290000189550,false,אשפתון מתכלה ניקול10*2יח,חוגלה קימברלי,IL,זוג אשפתון ענק,יחידה,1.00,יחידה,false,0,23.90,23.90,true,1,
7290000189598,false,"50 מטליות ניקול רב""ש",חוגלה קימברלי,IL,מטליות ניקול,יחידה,1.00,יחידה,false,0,10.50,10.50,true,1,
7290000189659,false,10מטליות רצפה לחות ניקול,חוגלה קימברלי,IL,מטליות רצפה לחות,יחידה,1.00,יחידה,false,0,10.90,10.90,true,1,
7290000189871,false,אשפתון מתכלה ניקול60יח,חוגלה קימברלי,IL,שק. אשפה מתכלות,יחידה,1.00,יחידה,false,0,20.50,20.50,true,1,
7290000190150,false,20 מפיות מודפסות ניקול,חוגלה קימברלי,IL,20 מפיות מודפסות ניקול,יחידה,1.00,יחידה,false,0,9.90,9.90,true,1,
7290000190174,false,מפיות ניקול 2 יח85X' יח',חוגלה קימברלי,IL,מפיות ניקול זוג,יחידה,1.00,יחידה,false,0,10.90,10.90,true,1,
7290000190198,false,מטליות ניקוי,,IL,מטליות ניקוי,יחידה,1.00,יחידה,false,0,11.90,11.90,true,1,
7290000190532,false,50מפיות ניקול 2P מודפסות,חוגלה קימברלי,,מפיות ניקול,יחידה,1.00,יחידה,false,0,6.50,6.50,true,1,
7290000190563,false,מפיות ניקול מעוצבות85X2י,חוגלה קימברלי,,מפיות ניקול זוג,יחידה,1.00,יחידה,false,0,10.90,10.90,true,1,
7290000191225,false,46האגיס ליטל בייביס שלב2,חוגלה קימברלי,IL,האגיס ליטל בייבי,יחידה,1.00,יחידה,false,1,34.90,34.90,true,1,
7290000191645,false,36האגיס ניו בורן עד 4 קג,חוגלה קימברלי,IL,חיתולי האגיס,יחידה,1.00,יחידה,false,0,34.80,34.80,true,1,
7290000191652,false,קלינקס מעוצב 90*3 יחידות,חוגלה קימברלי,,קלינקס מעוצב 3יח,יחידה,1.00,יחידה,false,0,13.40,13.40,true,1,
7290000193014,false,פדים לילי אינטרלוד 50 יח,חוגלה קימברלי,IL,לילי פדים,יחידה,1.00,יחידה,false,0,10.00,10.00,true,1,
7290000193083,false,תחבושות נובה לי 28 יח',חוגלה קימברלי,IL,תחבושות נובה לי,יחידה,1.00,יחידה,false,0,9.70,9.70,true,1,
7290000193182,false,16לילי נטורל מקופל סופר+,חוגלה קימברלי,IL,16לילי נטורל מקופל סופר+,יחידה,1.00,יחידה,false,0,9.20,9.20,true,1,
7290000193205,false,20 תחבושות לילי ללילה,חוגלה קימברלי,,תחבושות לילי,יחידה,1.00,יחידה,false,0,14.90,14.90,true,1,
7290000193472,false,60פדיות לילי נטורל נורמל,חוגלה קימברלי,IL,פדיות לילי,יחידה,1.00,יחידה,false,0,14.90,14.90,true,1,
7290000193540,false,52 פדיות לילי נטורל LONG,חוגלה קימברלי,IL,פדיות לילי,יחידה,1.00,יחידה,false,0,14.90,14.90,true,1,
7290000193618,false,62 פדיות נטורל LIGHT,חוגלה קימברלי,IL,פדיות לילי נטורל,יחידה,1.00,יחידה,false,0,14.90,14.90,true,1,
7290000193649,false,24 תחבושות לילי נורמל+,חוגלה קימברלי,IL,תחבושות לילי,יחידה,1.00,יחידה,false,0,14.90,14.90,true,1,
7290000193656,false,24 לילי נטורל אולט.סופר+,חוגלה קימברלי,IL,תחבושות לילי,יחידה,1.00,יחידה,false,0,14.90,14.90,true,1,
7290000193793,false,24 לילי נטורל נורמל,חוגלה קימברלי,IL,תחבושות לילי,יחידה,1.00,יחידה,false,0,14.90,14.90,true,1,
7290000193953,false,תחבושות לילי נורמל24*2יח,חוגלה קימברלי,IL,זוג תחבושות לילי,יחידה,1.00,יחידה,false,0,25.50,25.50,true,1,
7290000193960,false,תח.לילי סופר פלוס 24*2יח,חוגלה קימברלי,IL,תחבושות לילי זוג,יחידה,1.00,יחידה,false,0,25.50,25.50,true,1,
7290000195216,false,נייר אפיה,,IL,נייר אפיה,יחידה,1.00,יחידה,false,0,13.50,13.50,true,1,
7290000195513,false,מגב.טיטולים ל.בישום 72*5,חוגלה קימברלי,IL,5 מגבוני טיטולים,יחידה,1.00,יחידה,false,0,18.90,18.90,true,1,
7290000195537,false,מגב.האגיס ללא בישום 72*4,חוגלה קימברלי,IL,מגבוני האגיס 4יח,יחידה,1.00,יחידה,false,0,18.90,18.90,true,1,
7290000195544,false,מגב.האגיס בישום עדין72*4,חוגלה קימברלי,IL,מגב.האגיס בישום עדין72*4,יחידה,1.00,יחידה,false,0,18.90,18.90,true,1,
7290000195773,false,מגבוני האגיס אלוורה 72*4,חוגלה קימברלי,IL,מגבוני האגיס 4יח,יחידה,1.00,יחידה,false,0,18.90,18.90,true,1,
7290000196039,false,מפות שולחן ניקול 2 יח',חוגלה קימברלי,IL,זוג מפות שולחן,יחידה,1.00,יחידה,false,0,11.00,11.00,true,1,
7290000197081,false,ניילונית חסכונית 150 מטר,חוגלה קימברלי,IL,ניילונית חסכונית 150 מטר,מטרים,150.00,מטר,false,0,31.90,0.21,true,1,
7290000197210,false,76 האגיס מגה פק שלב+4,חוגלה קימברלי,IL,76 האגיס מגה פק שלב+4,יחידה,1.00,יחידה,false,0,76.90,76.90,true,1,
7290000197326,false,זוג רדיד.אלומינ0.3*7.5.מ,חוגלה קימברלי,IL,זוג רדיד.אלומינ0.3*7.5.מ,מטרים,15.00,מטר,false,0,10.90,0.73,true,1,
7290000197340,false,זוג רדיד.אלומ7.5X0.45.מ,חוגלה קימברלי,IL,זוג רדיד.אלומ7.5X0.45.מ,מטרים,15.00,מטר,false,0,17.90,1.19,true,1,
7290000197425,false,האגיס פרידום דריי שלב 3,חוגלה קימברלי,IL,חיתולי האגיס,יחידה,1.00,יחידה,false,0,42.90,42.90,true,1,
7290000197432,false,סנדויצ'ון 150*2 יח,חוגלה קימברלי,IL,סנדוויצ'ון זוג,יחידה,1.00,יחידה,false,0,11.90,11.90,true,1,
7290000197456,false,44האגיס פרידום דריי שלב4,חוגלה קימברלי,IL,חיתולי האגיס,יחידה,1.00,יחידה,false,0,42.90,42.90,true,1,
7290000197463,false,42האגיס פרידום דרי שלב+4,חוגלה קימברלי,IL,חיתולי האגיס,יחידה,1.00,יחידה,false,0,42.90,42.90,true,1,
7290000197548,false,38האגיס פרידום דריי שלב5,חוגלה קימברלי,IL,חיתולי האגיס,יחידה,1.00,יחידה,false,0,42.90,42.90,true,1,
7290000197654,false,ניקול50 אשפתון 70X90ענק,חוגלה קימברלי,IL,אשפתון ניקול,יחידה,1.00,יחידה,false,0,19.50,19.50,true,1,
7290000197678,false,34האגיס פרידום דריי שלב6,חוגלה קימברלי,IL,חיתולי האגיס,יחידה,1.00,יחידה,false,0,42.90,42.90,true,1,
7290000197753,false,ניילון נצמד ניקול 30*2מ,חוגלה קימברלי,IL,ניילון נצמד ניקול 30*2מ,מטרים,60.00,מטר,false,0,10.90,0.18,true,1,
7290000199313,false,קוטקס יאנג 28 יחידות,חוגלה קימברלי,IL,קוטקס תחבושות,יחידה,1.00,יחידה,false,0,17.90,17.90,true,1,
7290000201818,false,64 טיטולים פרימיום שלב 2,חוגלה קימברלי,IL,טיטולים פרימיום,יחידה,1.00,יחידה,false,1,29.90,29.90,true,1,
7290000201832,false,52טיטולים פרימיום שלב 3,חוגלה קימברלי,IL,טיטולים פרימיום,יחידה,1.00,יחידה,false,1,29.90,29.90,true,1,
7290000201849,false,42 טיטולים פרימיום שלב 4,חוגלה קימברלי,IL,טיטולים פרימיום,יחידה,1.00,יחידה,false,1,29.90,29.90,true,1,
7290000201856,false,40 טיטולים פרימיום שלב+4,חוגלה קימברלי,IL,טיטולים פרימיום,יחידה,1.00,יחידה,false,1,29.90,29.90,true,1,
7290000201863,false,36 טיטולים פרימיום שלב 5,חוגלה קימברלי,IL,טיטולים פרימיום,יחידה,1.00,יחידה,false,1,29.90,29.90,true,1,
7290000201870,false,34 טיטולים פרימיום שלב 6,חוגלה קימברלי,IL,טיטולים פרימיום,יחידה,1.00,יחידה,false,1,29.90,29.90,true,1,
7290000204086,false,ניקול כרית קרצוף 3 יח,חוגלה קימברלי,IL,ניקול כרית קרצוף,יחידה,1.00,יחידה,false,0,10.90,10.90,true,1,
7290000204147,false,כריות יפניות 2ב1- 4 יח',חוגלה קימברלי,IL,כריות יפניות 4X,יחידה,1.00,יחידה,false,0,10.90,10.90,true,1,
7290000204215,false,כריות יפניות ניקול 6יח',חוגלה קימברלי,IL,כריות יפניות,יחידה,1.00,יחידה,false,0,10.90,10.90,true,1,
7290000204239,false,מטליות רצפה ניקול 4 יח',חוגלה קימברלי,IL,מטל. רצפה ניקול,יחידה,1.00,יחידה,false,0,10.90,10.90,true,1,
7290000204253,false,9 מטליות רב שימושי.ניקול,חוגלה קימברלי,IL,מטליות ניקול,יחידה,1.00,יחידה,false,0,10.90,10.90,true,1,
7290000204307,false,"40מטלית רב""ש ניקול בגליל",חוגלה קימברלי,IL,מטליות ניקול,יחידה,1.00,יחידה,false,0,20.00,20.00,true,1,
7290000204611,false,ניקול ספוגיות הקסם 6 יח,חוגלה קימברלי,IL,ניקול ספוגיות הקסם 6 יח,יחידה,1.00,יחידה,false,0,11.90,11.90,true,1,
7290000207438,false,עגבניות קוביות 800 גרם,זנלכל,IL,עגבניות קוביות 800 גרם,גרמים,800.00,100 גרם,false,0,7.00,0.88,true,1,
7290000208022,false,עגבניות מרוסקות 800 גרם,זנלכל,IL,עגבניות מרוסקות 800 גרם,גרמים,800.00,100 גרם,false,0,7.00,0.88,true,1,
7290000208138,false,סירופ ענבים דיאט1ל' יכין,זנלכל,IL,סירופ ענבים דיאט1ל' יכין,ליטרים,1.00,ליטר,false,0,7.50,7.50,true,1,
7290000208404,false,פול מצרי 550 גרם,זנלכל,IL,פול מצרי 550 גרם,גרמים,550.00,100 גרם,false,0,6.00,1.09,true,1,
7290000209722,false,ת.עגבניות פריכוז30%-28%,זנלכל,IL,ת.עגבניות פריכוז30%-28%,גרמים,580.00,100 גרם,false,0,6.80,1.17,true,1,
7290000211169,false,"אורז תאילנדי 1 ק""ג",סוגת,IL,"אורז תאילנדי 1 ק""ג",קילוגרמים,1.00,"ק""ג",false,0,5.40,5.40,true,1,
7290000211312,false,"אורז מלא ארוך ""סוגת"" 1קג",סוגת,IL,"אורז מלא ארוך ""סוגת"" 1קג",קילוגרמים,1.00,"ק""ג",false,0,9.00,9.00,true,1,
7290000211374,false,"קמח חיטה מלא סוגת 1 ק""ג",סוגת,IL,קמח חיטה מלא,קילוגרמים,1.00,"ק""ג",false,0,9.70,9.70,true,1,
7290000211381,false,"סוכר חום כהה סוגת 1 ק""ג",סוגת,IL,"סוכר חום כהה סוגת 1 ק""ג",קילוגרמים,1.00,"ק""ג",false,0,8.90,8.90,true,1,
7290000211442,false,"אורז פרסי קלאסי 1ק""ג",סוגת,IL,"אורז פרסי קלאסי 1ק""ג",קילוגרמים,1.00,"ק""ג",false,0,7.90,7.90,true,1,
7290000211985,false,"אורז עגול 1 ק""ג",סוגת,IL,אורז עגול סוגת,קילוגרמים,1.00,"ק""ג",false,0,8.00,8.00,true,1,
7290000212593,false,30 גביעי גלידה,מנעמים,IL,30 גביעי גלידה,יחידה,1.00,יחידה,false,0,6.00,6.00,true,1,
7290000238029,false,"בצק עלים 1 ק""ג","מעדנות בע""מ",IL,בצק עלים מרודד,קילוגרמים,1.00,"ק""ג",false,0,20.50,20.50,true,1,
7290000238036,false,מלווח מעדנות 700 גרם,"מעדנות בע""מ",IL,מלווח מעדנות 700 גרם,גרמים,700.00,100 גרם,false,0,16.90,2.41,true,1,
7290000238173,false,בורקס גבינה 800 גרם,"מעדנות בע""מ",IL,בורקס גבינה 800 גרם,גרמים,800.00,100 גרם,false,0,21.90,2.74,true,1,
7290000239941,false,מלווח חסכוני 12יח1.4(קג),"מעדנות בע""מ",IL,מלווח מעדנות,קילוגרמים,1.40,"ק""ג",false,0,30.20,21.57,true,1,
7290000240558,false,עלים בלינצ'ס/קרפ סוזט700,"מעדנות בע""מ",IL,עלים בלינצ'ס/קרפ סוזט700,גרמים,700.00,100 גרם,false,0,27.90,3.99,true,1,
7290000244082,false,אלסבון  הוואי כחול500*3מ,טרופיקל דגיל,IL,סב.נוזלי הוואי,ליטרים,1.50,ליטר,false,0,16.80,11.20,true,1,
7290000244761,false,"קרם ידיים ולווטה 100 מ""ל",טרופיקל דגיל,IL,"קרם ידיים ולווטה 100 מ""ל",מיליליטרים,100.00,"100 מ""ל",false,0,10.10,10.10,true,1,
7290000245072,false,מרכך כביסה סוד בייבי 4 ל,הנקל סוד,IL,מרכך כביסה בייבי,ליטרים,4.00,ליטר,false,0,23.30,5.83,true,1,
7290000245089,false,מרכך כביסה סוד סגול 4ל',הנקל סוד,IL,מרכך כביסה סוד,ליטרים,4.00,ליטר,false,0,16.90,4.23,true,1,
7290000245157,false,מרכך סוד סנסיישן 4 ל',הנקל סוד,IL,מרכך סוד סנסיישן 4 ל',ליטרים,4.00,ליטר,false,0,16.90,4.23,true,1,
7290000245355,false,פרסיל ג'ל לכביסה כחול 3ל,הנקל סוד,IL,פרסיל ג'ל,ליטרים,3.00,ליטר,false,0,35.90,11.97,true,1,
7290000245478,false,קומפקט סוד בייבי 1.25 קג,הנקל סוד,IL,אבקת כביסה בייבי,קילוגרמים,1.25,"ק""ג",false,0,15.00,12.00,true,1,
7290000245775,false,פרסיל ג'ל לכביסה ירוק 3ל,הנקל סוד,IL,פרסיל ג'ל 3 ליטר,ליטרים,3.00,ליטר,false,0,35.90,11.97,true,1,
7290000245782,false,מרכך כביסה סוד ורוד 4 ל',הנקל סוד,IL,מרכך כביסה סוד ורוד 4 ל',ליטרים,4.00,ליטר,false,0,16.90,4.23,true,1,
7290000245799,false,מרכך כביסה סוד כחול 4 ל',הנקל סוד,IL,מרכך כביסה סוד כחול 4 ל',ליטרים,4.00,ליטר,false,0,16.90,4.23,true,1,
7290000253220,false,שוקולד צ'יפס חום 300 גרם,אופנהיימר,IL,שוקולד צ'יפס חום 300 גרם,גרמים,300.00,100 גרם,false,0,10.00,3.33,true,1,
7290000253251,false,שוקולד צ'יפס לבן 300 גרם,אופנהיימר,IL,שוקולד צ'יפס לבן 300 גרם,גרמים,300.00,100 גרם,false,0,10.00,3.33,true,1,
7290000256269,false,פיצפוצית 450 גרם,,IL,פיצפוצית 450 גרם,גרמים,450.00,100 גרם,false,0,15.50,3.44,true,1,
7290000256276,false,פיצפוטבע 450 גרם,עדין,IL,פיצפוטבע 450 גרם,גרמים,450.00,100 גרם,false,0,15.50,3.44,true,1,
7290000260839,false,ספרינג משקה תפוזים 1.5ל',יפאורה שותפות מובגלת לשיווק,IL,ספרינג תפוזים,ליטרים,1.50,ליטר,false,0,5.90,3.93,true,1,
7290000260853,false,ספרינג משקה מנגו 1.5 ל',יפאורה שותפות מובגלת לשיווק,IL,ספרינג מנגו,ליטרים,1.50,ליטר,false,0,5.90,3.93,true,1,
7290000260860,false,ספרינג משקה אפרסק 1.5 ל',יפאורה שותפות מובגלת לשיווק,IL,ספרינג אפרסק,ליטרים,1.50,ליטר,false,0,5.90,3.93,true,1,
7290000260969,false,משקה ספרינג דיאט אשכו1.5,יפאורה שותפות מובגלת לשיווק,IL,ספרינג דיאט,ליטרים,1.50,ליטר,false,0,5.90,3.93,true,1,
7290000262239,false,נייר טואלט מולט 48גלילים,חוגלה קימברלי,,נייר טואלט מולט 48גלילים,מטרים,843.00,100 מטר,false,0,36.90,4.38,true,1,
7290000262321,false,נייר טואלט שמורת טבע40גל,חוגלה קימברלי,IL,נייר טואלט,מטרים,736.00,100 מטר,false,0,24.90,3.38,true,1,
7290000263359,false,40 האגיס ליטל בייביס,חוגלה קימברלי,IL,חיתולי האגיס,יחידה,1.00,יחידה,false,0,29.50,29.50,true,1,
7290000272344,false,סירופ פטל עסיס 2 ליטר,בית השיטה,IL,סירופ בטעם פטל,ליטרים,2.00,ליטר,false,0,17.30,8.65,true,1,
7290000272436,false,סירופ לימון דיאט 1 ליטר,בית השיטה,IL,סירופ דיאט לימון,ליטרים,1.00,ליטר,false,0,10.20,10.20,true,1,
7290000272443,false,סירופ תפוז דיאט 1 ליטר,בית השיטה,IL,סירופ דיאט תפוז,ליטרים,1.00,ליטר,false,0,10.20,10.20,true,1,
7290000272696,false,מיץ לימון משומר-עסיס 1ל',בית השיטה,IL,מיץ לימון משומר,ליטרים,1.00,ליטר,false,0,9.70,9.70,true,1,
7290000272726,false,חומץ 5% 1 ליטר,בית השיטה,IL,חומץ 5%,ליטרים,1.00,ליטר,false,0,6.00,6.00,true,1,
7290000284316,false,קוקה קולה בקבוק 1.5 ליטר,החברה המרכזית לייצור משקאות,IL,קוקה קולה בקבוק 1.5 ליטר,ליטרים,1.50,ליטר,false,0,6.20,4.13,true,1,
7290000284361,false,קולה דיאט בקבוק 1.5 ל',החברה המרכזית לייצור משקאות,IL,קולה דיאט בקבוק 1.5 ל',ליטרים,1.50,ליטר,false,0,6.20,4.13,true,1,
7290000284743,false,דיאט קולה נ.קופאין 1.5 ל,החברה המרכזית לייצור משקאות,IL,דיאט קולה נ.קופאין 1.5 ל,ליטרים,1.50,ליטר,false,0,6.30,4.20,true,1,
7290000286228,false,סנו סושי 6 כריות יפניות,סנו,IL,ספוגי סנו סושי,יחידה,1.00,יחידה,false,0,11.00,11.00,true,1,
7290000286297,false,סנו אנטיקאלק מסיר אבן700,סנו,IL,סנו מסיר אבן,מיליליטרים,700.00,"100 מ""ל",false,0,16.20,2.31,true,1,
7290000286488,false,ספוג כיף פיראט 1 יחידה,קוסמופארם,IL,ספוג כיף פיראט,יחידה,1.00,יחידה,false,0,5.70,5.70,true,1,
7290000286525,false,ספוג כיף רחצה פרינה 1 יח,קוסמופארם,IL,ספוג רחצה,יחידה,1.00,יחידה,false,0,10.00,10.00,true,1,
7290000286549,false,מטליות רב שימוש 9 יח',סנו,IL,מטליות רב שימוש 9 יח',יחידה,1.00,יחידה,false,0,12.00,12.00,true,1,
7290000286594,false,סנוX- לימון 600 גרם,סנו,IL,סנוX- קרם לניק,גרמים,600.00,100 גרם,false,0,10.00,1.67,true,1,
7290000286761,false,ניילון נצמד 30*2 מטר,סנו,IL,צמד ניילון נצמד,מטרים,60.00,מטר,false,0,11.00,0.18,true,1,
7290000286907,false,"סנו מסיר כתמים 170 מ""ל",סנו,IL,סנו מסיר כתמים,מיליליטרים,170.00,"100 מ""ל",false,0,24.00,14.12,true,1,
7290000286921,false,"סנוקל רסס וכבס 750 מ""ל",סנו,IL,סנוקל רסס וכבס,מיליליטרים,750.00,"100 מ""ל",false,0,18.90,2.52,true,1,
7290000287195,false,סנורהיט מבריק רהיטים305ג,סנו,IL,סנו רהיט מרסס,מיליליטרים,305.00,"100 מ""ל",false,0,17.40,5.70,true,1,
7290000287355,false,סנו סופר פוליש לרצפות 1ל,סנו,IL,סנו סופר פוליש,ליטרים,1.00,ליטר,false,0,24.80,24.80,true,1,
7290000287362,false,פוליויקס סנרייז 4 ליטר,סנו,IL,פוליויקס סנרייז,ליטרים,4.00,ליטר,false,0,39.90,9.98,true,1,
7290000287430,false,סנובון לימון לאסלה 3 יח',סנו,IL,סנובון לאסלה,גרמים,165.00,100 גרם,false,0,10.30,6.24,true,1,
7290000287485,false,סנובון לובר 3יחX' 55גרם,סנו,IL,סנובון לובר,גרמים,165.00,100 גרם,false,0,10.30,6.24,true,1,
7290000287492,false,סנובון נוזלי לימון 750מל,סנו,IL,סנובון נוזלי,מיליליטרים,750.00,"100 מ""ל",false,0,9.90,1.32,true,1,
7290000287621,false,סנו אנטי קאלק לאסלות750מ,סנו,IL,סנו מנקה אסלות,מיליליטרים,750.00,"100 מ""ל",false,0,15.20,2.03,true,1,
7290000288000,false,4 סנו ארון פרש קלאסיק,סנו,IL,סנו ארון פרש,יחידה,1.00,יחידה,false,0,20.30,20.30,true,1,
7290000288024,false,סנו ג'אוול לימון 4 ליטר,סנו,IL,סנו JAVEL אקונומ,ליטרים,4.00,ליטר,false,0,13.90,3.48,true,1,
7290000288031,false,סנו אקונמיקה 4 ליטר,סנו,IL,סנו אקונמיקה,ליטרים,4.00,ליטר,false,0,10.60,2.65,true,1,
7290000288048,false,סנו ג'אוול מרסס לבנדר 1ל,סנו,IL,סנו ג'אוול מרסס לבנדר 1ל,ליטרים,1.00,ליטר,false,0,18.50,18.50,true,1,
7290000288291,false,סנומט קוטל יתוש/זבוב30טב,סנו,IL,סנומט נגד יתוש,יחידה,1.00,יחידה,false,0,12.10,12.10,true,1,
7290000288352,false,300-K קוטל חרק/.זוחל630מ,סנו,IL,300-K קוטל חרק,מיליליטרים,630.00,"100 מ""ל",false,0,19.90,3.16,true,1,
7290000288383,false,500-K תרס.נגד נמלים 400מ,סנו,IL,סנו 500-K תרסיס,מיליליטרים,400.00,"100 מ""ל",false,0,20.00,5.00,true,1,
7290000288390,false,600-K יבש קוטל חרקים500מ,סנו,IL,סנו 600-K תרסיס,מיליליטרים,500.00,"100 מ""ל",false,0,21.10,4.22,true,1,
7290000288642,false,מרכך מקסימה סנסטיב 4 ל',סנו,IL,מרכך כביסה,ליטרים,4.00,ליטר,false,0,19.80,4.95,true,1,
7290000288840,false,סנו מים מזוקקים 2 ליטר,סנו,IL,סנו מים מזוקקים 2 ליטר,ליטרים,2.00,ליטר,false,0,11.40,5.70,true,1,
7290000289052,false,פוליויקס סחלבים 4 ליטר,סנו,IL,פוליויקס לריצפה,ליטרים,4.00,ליטר,false,0,39.90,9.98,true,1,
7290000289069,false,סנו ג'אוול מרסס לימון 1ל,סנו,IL,סנו ג'אוול מרסס,ליטרים,1.00,ליטר,false,0,18.50,18.50,true,1,
7290000289472,false,סושי 50 שקיות אשפה HD,סנו,IL,50 שקיות אשפה,יחידה,1.00,יחידה,false,0,20.50,20.50,true,1,
7290000289496,false,ג'אוול ג'ל קרם לימון750מ,סנו,IL,ג'אוול ג'ל קרם,מיליליטרים,750.00,"100 מ""ל",false,0,15.90,2.12,true,1,
7290000289595,false,אורביטול קיד תות 145 גרם,קוסמופארם,IL,משחת שיניים,גרמים,145.00,100 גרם,false,0,7.90,5.45,true,1,
7290000289748,false,"סנו פורטה פלוס 750 מ""ל",סנו,IL,"סנו פורטה פלוס 750 מ""ל",מיליליטרים,750.00,"100 מ""ל",false,0,11.00,1.47,true,1,
7290000289885,false,סנופרש ענק אושן כחול375מ,סנו,IL,מטהר סנופרש ענק,מיליליטרים,375.00,"100 מ""ל",false,0,11.60,3.09,true,1,
7290000289915,false,"סנופרש וניל מתוק 375 מ""ל",סנו,IL,מטהר סנופרש,מיליליטרים,375.00,"100 מ""ל",false,0,11.60,3.09,true,1,
7290000292311,false,פוליויקס סחלבים 2 ליטר,סנו,IL,סנו פוליויקס,ליטרים,2.00,ליטר,false,0,22.60,11.30,true,1,
7290000292687,false,סנובון כחול שלישיה55*3גר,סנו,IL,סנובון כחול 3 יח,גרמים,165.00,100 גרם,false,0,16.40,9.94,true,1,
7290000292915,false,"סנו רסס ונגב מרסס 750מ""ל",סנו,IL,סנו רסס נגב מרסס,מיליליטרים,750.00,"100 מ""ל",false,0,14.70,1.96,true,1,
7290000293073,false,מרכך כביסה מקסימה ביו4ל',סנו,IL,מרכך כביסה,ליטרים,4.00,ליטר,false,0,19.80,4.95,true,1,
7290000293561,false,"סנו מסיר עובש 750 מ""ל",סנו,IL,סנו מסיר עובש,מיליליטרים,750.00,"100 מ""ל",false,0,19.70,2.63,true,1,
7290000293943,false,סנו אנטי קאלק מרסס 1 ל',סנו,IL,סנו אנטי קאלק,ליטרים,1.00,ליטר,false,0,19.50,19.50,true,1,
7290000294391,false,סנו ג'ט לניקווי כללי 4ל,סנו,IL,סנו ג'ט,ליטרים,4.00,ליטר,false,0,14.80,3.70,true,1,
7290000294414,false,סנומוד נטול גז מדונה150מ,סנו,IL,סנומוד נטול גז,מיליליטרים,150.00,"100 מ""ל",false,0,13.80,9.20,true,1,
7290000294575,false,רב מגבת סנו סושי 63 דפים,סנו,IL,רב מגבת סנו סושי,מטרים,14.00,מטר,false,0,12.00,0.86,true,1,
7290000294773,false,סנו ג'אוול לבנדר 4 ליטר,סנו,IL,סנו ג'אוול 4 ליט,ליטרים,4.00,ליטר,false,0,13.90,3.48,true,1,
7290000294780,false,סנו ג'אול אקונומ.סמיכה4ל,סנו,IL,סנו ג'אוול 4 ל,ליטרים,4.00,ליטר,false,0,13.90,3.48,true,1,
7290000295299,false,כריות הפלא 4 יח סנו סושי,סנו,IL,סנו סושי 4 כריות,יחידה,1.00,יחידה,false,0,9.80,9.80,true,1,
7290000295336,false,אבקת מקסימה סנסטיב 1.25ק,סנו,IL,אבקת כביסה,קילוגרמים,1.25,"ק""ג",false,0,16.00,12.80,true,1,
7290000295367,false,אבקת מקסימה ג'אוול 2.5קג,סנו,IL,אבקת כביסה,קילוגרמים,2.50,"ק""ג",false,0,27.00,10.80,true,1,
7290000295404,false,סושי60שקיות אשפה כחולות,סנו,IL,שקיות אשפה,יחידה,1.00,יחידה,false,0,20.00,20.00,true,1,
7290000295541,false,סנו סושי 75רב מגבת ג'מבו,סנו,IL,סנו סושי רב מגבת,מטרים,21.00,מטר,false,0,19.50,0.93,true,1,
7290000295558,false,2רדידי אלומיניום0.3*7.5מ,סנו,IL,צמד רדידי אלומינ,מטרים,15.00,מטר,false,0,11.00,0.73,true,1,
7290000295565,false,צמד רדיד אלומניום45ס7.5X,סנו,IL,צמד רדידי אלומינ,מטרים,15.00,מטר,false,0,15.90,1.06,true,1,
7290000295572,false,"מנקה אסלות ""00"" 750*2מל",סנו,IL,צמד מנקה אסלות,ליטרים,1.50,ליטר,false,0,17.00,11.33,true,1,
7290000295589,false,בייבי כיף טלק 200 גרם,קוסמופארם,IL,טלק בייבי כיף,גרמים,200.00,100 גרם,false,0,15.00,7.50,true,1,
7290000300115,false,שניצל מן הצומח 1 קג,טבעול,IL,שניצל מן הצומח 1 קג,גרמים,1000.00,100 גרם,false,0,37.90,3.79,true,1,
7290000300139,false,המבורגר מן הצומח 750 גרם,טבעול,IL,המבורגר מן הצומח 750 גרם,גרמים,750.00,100 גרם,false,0,33.90,4.52,true,1,
7290000300337,false,נקנקיה וינר מן הצומח 750,טבעול,IL,נקנקיה וינר מן הצומח 750,גרמים,750.00,100 גרם,false,0,29.90,3.99,true,1,
7290000300689,false,שניצל ברוקולי 750 גרם,טבעול,IL,שניצל ברוקולי 750 גרם,גרמים,750.00,100 גרם,false,0,30.50,4.07,true,1,
7290000300924,false,שניצל תרד 750 גרם,טבעול,IL,שניצל תרד,גרמים,750.00,100 גרם,false,0,28.80,3.84,true,1,
7290000301662,false,שניצל מןהצומח %5שומן 750,טבעול,IL,שניצל מןהצומח %5שומן 750,גרמים,750.00,100 גרם,false,0,28.70,3.83,true,1,
7290000302027,false,טיים RED 10 יח',"דובק בע""מ",IL,טיים RED 10 יח',יחידה,1.00,יחידה,false,0,259.90,259.90,false,1,
7290000302065,false,ברודווי 80 10 יח',"דובק בע""מ",IL,ברודווי 80 10 יח',יחידה,1.00,יחידה,false,0,259.90,259.90,false,1,
7290000302126,false,אירופה 10 יח',"דובק בע""מ",IL,אירופה 10 יח',יחידה,1.00,יחידה,false,0,259.90,259.90,false,1,
7290000302881,false,גולף גולד 100 פ.ע 10יח,"דובק בע""מ",,גולף גולד 100 פ.ע 10יח,יחידה,1.00,יחידה,false,0,269.90,269.90,false,1,
7290000304663,false,"סלט טונה פיקנטי""נון160""ג",סטארקיסט,IL,סלט טונה פיקנט,גרמים,160.00,100 גרם,false,0,5.90,3.69,true,1,
7290000305042,false,סרדין סטאר 2-5 120 גרם,.אל.גי.אם.סי,MA,סרדין סטאר 2-5 120 גרם,גרמים,120.00,100 גרם,false,0,6.10,5.08,true,1,
7290000305066,false,סרדין סטאר בשמן זית 120ג,.אל.גי.אם.סי,IL,סרדין סטאר בשמן זית 120ג,גרמים,120.00,100 גרם,false,0,6.90,5.75,true,1,
7290000305103,false,טונה יונה בשמן 110*5 גרם,סטארקיסט,IL,טונה יונה בשמן 110*5 גרם,גרמים,550.00,100 גרם,false,0,21.90,3.98,true,1,
7290000305769,false,פילה מקרל בשמן יונה 120ג,.אל.גי.אם.סי,IL,פילה מקרל בשמן,גרמים,120.00,100 גרם,false,0,8.00,6.67,true,1,
7290000311128,false,עוגיות חמאה מן 300 גרם,רוקחמן,IL,עוגיות חמאה מן 300 גרם,גרמים,300.00,100 גרם,false,0,5.70,1.90,true,1,
7290000311135,false,עוג. שוקו סטיקס מן300ג,רוקחמן,IL,עוגיות שוקו,גרמים,300.00,100 גרם,false,0,5.70,1.90,true,1,
7290000311180,false,ופלית ארוז 10יח25Xג,רוקחמן,IL,ופלית ארוז,גרמים,250.00,100 גרם,false,0,6.00,2.40,true,1,
7290000311203,false,ופלים מן בטעם שוקולד200ג,רוקחמן,IL,ופלים טעם שוקולד,גרמים,200.00,100 גרם,false,0,3.90,1.95,true,1,
7290000311357,false,ופל אגוזית מארז 10יח28Xג,רוקחמן,IL,ופל אגוזית מארז 10יח28Xג,גרמים,280.00,100 גרם,false,0,9.00,3.21,true,1,
7290000311425,false,ופלים מצופים כחול 22*10ג,רוקחמן,IL,ופלים מצופים,גרמים,220.00,100 גרם,false,0,6.10,2.77,true,1,
7290000311500,false,וופלים בטעם שוקולד 500גר,רוקחמן,IL,וופלים בטעם שוקו,גרמים,500.00,100 גרם,false,0,7.90,1.58,true,1,
7290000311708,false,עוגיות מחיטה מלאה מן300ג,רוקחמן,IL,עוגיות מחיטה מלאה מן300ג,גרמים,300.00,100 גרם,false,0,5.70,1.90,true,1,
7290000311715,false,"עוג.בטעם שוקולד ""מן300""ג",רוקחמן,IL,"עוג.בטעם שוקולד ""מן300""ג",גרמים,300.00,100 גרם,false,0,5.70,1.90,true,1,
7290000311722,false,עוגיות עם כוכבים 300 גרם,רוקחמן,IL,עוגיות כוכבים,גרמים,300.00,100 גרם,false,0,5.90,1.97,true,1,
7290000311975,false,ופל מן 5 יח' X 200 גרם,רוקחמן,IL,מארז ופל מן,קילוגרמים,1.00,"ק""ג",false,0,17.00,17.00,true,1,
7290000316215,false,סיף לניקוי אמבטיה500מל,יוניליוור,TR,סיף ספריי אמבטיה,מיליליטרים,500.00,"100 מ""ל",false,0,11.90,2.38,true,1,
7290000316444,false,"ברנפלקס ללא סוכר בד""ץ500",יוניליוור,IL,ברנפלקס ללא סוכר,גרמים,500.00,100 גרם,false,0,19.90,3.98,true,1,
7290000327440,false,ג'אמפ מנגו פסיפלורה 1.5ל,טמפו,IL,ג'אמפ מנגו,ליטרים,1.50,ליטר,false,0,5.30,3.53,true,1,
7290000327532,false,פפסי קולה 1.5*6 ליטר,טמפו,IL,פפסי קולה 1.5*6 ליטר,ליטרים,9.00,ליטר,false,0,24.90,2.77,true,1,
7290000327624,false,מי סודה 1.5 ליטר,טמפו,IL,מי סודה 1.5 ליטר,ליטרים,1.50,ליטר,false,0,2.80,1.87,true,1,
7290000327709,false,סודה ט.אדלברי ליצ'י 1.5ל,,IL,סודה ט.אדלברי ליצ'י 1.5ל,ליטרים,1.50,ליטר,false,0,4.00,2.67,true,1,
7290000327778,false,סודה בטעם אבטיח 1.5 ליטר,,IL,סודה בטעם אבטיח 1.5 ליטר,ליטרים,1.50,ליטר,false,0,4.00,2.67,true,1,
7290000334400,false,שניצל מן הצומח 750 גרם,תפוגן,IL,שניצל מן הצומח 750 גרם,גרמים,750.00,100 גרם,false,0,19.90,2.65,true,1,
7290000334431,false,שניצל תירס 750 גרם,תפוגן,IL,שניצל תירס 750 גרם,גרמים,750.00,100 גרם,false,0,19.90,2.65,true,1,
7290000334554,false,חטיפי תירס 600 גרם,תפוגן,IL,חטיפי תירס,גרמים,600.00,100 גרם,false,0,19.90,3.32,true,1,
7290000339191,false,רן אבקת הלבנה 350 גרם,זוהר דליה,IL,רן אבקת הלבנה,גרמים,350.00,100 גרם,false,0,17.30,4.94,true,1,
7290000339566,false,מרכך כביסה בדין ורוד 4 ל,יוניליוור,IL,מרכך כביסה בדין,ליטרים,4.00,ליטר,false,0,19.90,4.98,true,1,
7290000341071,false,מרכך כביסה בדין בייבי 2ל,יוניליוור,IL,מרכך כביסה בייבי,ליטרים,2.00,ליטר,false,0,17.90,8.95,true,1,
7290000342832,false,מרכך כביסה בדין צהוב 4 ל,יוניליוור,IL,מרכך כביסה בדין,ליטרים,4.00,ליטר,false,0,19.90,4.98,true,1,
7290000342856,false,מרכך כביסה בדין כחול 4 ל,יוניליוור,IL,מרכך כביסה בדין,ליטרים,4.00,ליטר,false,0,19.90,4.98,true,1,
7290000345048,false,תה ויסוצקי 74 - 125 גרם,ויסוצקי,IL,תה ויסוצקי 74 - 125 גרם,גרמים,125.00,100 גרם,false,0,11.50,9.20,true,1,
7290000345055,false,ארל גריי תה עלים 100 גרם,ויסוצקי,IL,ארל גריי תה עלים 100 גרם,גרמים,100.00,100 גרם,false,0,11.90,11.90,true,1,
7290000345116,false,תה ירוק עלים 125 גרם,ויסוצקי,IL,תה ירוק עלים 125 גרם,גרמים,125.00,100 גרם,false,0,13.10,10.48,true,1,
7290000345147,false,תה ארל גריי בפח 200 גרם,ויסוצקי,IL,תה ארל גריי בפח,גרמים,200.00,100 גרם,false,0,24.40,12.20,true,1,
7290000345208,false,תה ויסוצקי 25שק* 1 גרם,ויסוצקי,IL,תה ויסוצקי מעודן,גרמים,25.00,100 גרם,false,0,6.20,24.80,true,1,
7290000345215,false,תה ויסוצקי כחול 100שק1*ג,ויסוצקי,IL,תה ויסוצקי כחול 100שק1*ג,גרמים,100.00,100 גרם,false,0,14.50,14.50,true,1,
7290000345260,false,תה ויסוצקי 25שק1.5*גרם,ויסוצקי,IL,תה ויסוצקי 25שק1.5*גרם,גרמים,37.00,100 גרם,false,0,6.20,16.76,true,1,
7290000345277,false,תה ויסוצקי 50שק1.5* גרם,ויסוצקי,IL,תה ויסוצקי 50שק1.5* גרם,גרמים,75.00,100 גרם,false,0,11.40,15.20,true,1,
7290000345284,false,תה קלאסיק 100שק1.5*גרם,ויסוצקי,IL,תה קלאסיק 100שק1.5*גרם,גרמים,150.00,100 גרם,false,0,14.90,9.93,true,1,
7290000345291,false,תה ארל גריי 25שק1.5*גרם,ויסוצקי,IL,תה ארל גריי 25שק1.5*גרם,גרמים,37.00,100 גרם,false,0,14.40,38.92,true,1,
7290000345307,false,תה ארל גריי 50 שק1.5*גרם,ויסוצקי,IL,תה ארל גריי 50שק,גרמים,75.00,100 גרם,false,0,24.90,33.20,true,1,
7290000345536,false,תה נענע 25 שקX. 1.5 גרם,ויסוצקי,IL,תה נענע 25 שקX. 1.5 גרם,גרמים,37.00,100 גרם,false,0,16.00,43.24,true,1,
7290000345598,false,תה אפרסק 25 שק2Xגרם,ויסוצקי,IL,תה אפרסק,גרמים,50.00,100 גרם,false,0,16.00,32.00,true,1,
7290000346021,false,חליטת קמומיל 50 שק* 1.5ג,ויסוצקי,IL,חליטת קמומיל 50 שק* 1.5ג,גרמים,75.00,100 גרם,false,0,29.50,39.33,true,1,
7290000346120,false,חליטת קסם הקינמון2.5X25ג,ויסוצקי,IL,חליטת קינמון,גרמים,62.00,100 גרם,false,0,16.00,25.81,true,1,
7290000346137,false,הילולי פירות הגן 2.5X25ג,ויסוצקי,IL,חליטת פירות,גרמים,62.00,100 גרם,false,0,16.00,25.81,true,1,
7290000346151,false,חליטת תות+ורד הבר2.7X25ג,ויסוצקי,IL,חליטת תות+ורד הבר2.7X25ג,גרמים,67.00,100 גרם,false,0,16.00,23.88,true,1,
7290000346168,false,חליטת שומר 25 שק1.5X'ג,ויסוצקי,IL,חליטת שומר,גרמים,37.00,100 גרם,false,0,16.00,43.24,true,1,
7290000346199,false,תה פירות יער 25שק2.7Xג,ויסוצקי,IL,חליטת פירות היער,גרמים,67.00,100 גרם,false,0,16.00,23.88,true,1,
7290000346205,false,חל.קמומיל-גן קסום1.5ג25X,ויסוצקי,IL,חליטת קמומיל,גרמים,37.00,100 גרם,false,0,16.00,43.24,true,1,
7290000346212,false,חליטת מנטה גן קסום2ג25Xש,ויסוצקי,IL,חליטת מנטה,גרמים,50.00,100 גרם,false,0,16.00,32.00,true,1,
7290000346229,false,חליטת ורד הבר והיביס4X25,ויסוצקי,IL,חליטת ורד הבר,גרמים,75.00,100 גרם,false,0,16.00,21.33,true,1,
7290000346960,false,תה נענע 50 שקיקים1.5Xגר,ויסוצקי,IL,תה נענע,גרמים,75.00,100 גרם,false,0,26.80,35.73,true,1,
7290000347738,false,תה ירוק עם נענע 25ש1.5Xג,ויסוצקי,IL,תה ירוק נענע,גרמים,37.00,100 גרם,false,0,22.00,59.46,true,1,
7290000347752,false,תה ירוק+לימונ.ולואיזה25ש,ויסוצקי,IL,תה ירוק לימונית,גרמים,37.00,100 גרם,false,0,22.00,59.46,true,1,
7290000357386,false,פילה מרלוזה קפוא מחיר לפ,דלידג - נטו,AR,פילה מרלוזה,קילוגרמים,0.00,"ק""ג",true,0,29.90,29.90,true,1,
7290000363363,false,קבנוס מיוחד 160 גרם,טירת צבי,IL,קבנוס מיוחד,גרמים,160.00,100 גרם,false,0,14.90,9.31,true,1,
7290000376165,false,כדורי שוקו דבש 500 גרם,גלומה,IL,כדורי שוקו דבש,גרמים,500.00,100 גרם,false,0,5.90,1.18,true,1,
7290000376431,false,כדורי שוקו 500 גרם,גלומה,IL,כדורי שוקו,גרמים,500.00,100 גרם,false,0,5.90,1.18,true,1,
7290000376448,false,כדורי פירות 500 גרם,גלומה,IL,כדורי פירות,גרמים,500.00,100 גרם,false,0,5.90,1.18,true,1,
7290000376462,false,טבעות דבש וכרמל 500 גרם,גלומה,IL,טבעות דבש וכרמל,גרמים,500.00,100 גרם,false,0,5.90,1.18,true,1,
7290000376479,false,טבעות קינמון 500 גרם,גלומה,IL,טבעות קינמון,גרמים,500.00,100 גרם,false,0,5.90,1.18,true,1,
7290000377681,false,נקטר אפרסק פריגת 1 ליטר,פריגת,IL,נקטר אפרסק פריגת,ליטרים,1.00,ליטר,false,0,5.00,5.00,true,1,
7290000408316,false,יוגורט לבן ביו 3% 200ג,שטראוס,IL,דנונה לבן ביו,גרמים,200.00,100 גרם,false,0,3.60,1.80,true,1,
7290000408354,false,דנונה בר פצפוצים 173 גרם,שטראוס,IL,דנונה בר פצפוצים,גרמים,173.00,100 גרם,false,0,5.10,2.95,true,1,
7290000412481,false,"מנקה אסלות ""00"" 1 ליטר",סנו,IL,"מנקה אסלות 00""",ליטרים,1.00,ליטר,false,0,7.50,7.50,true,1,
7290000415932,false,קובה מטפוניה 1 קג,,IL,קובה מטפוניה 1 קג,קילוגרמים,1.00,"ק""ג",false,0,38.60,38.60,true,1,
7290000415949,false,קובה חמוסטה 1 קג,,IL,קובה חמוסטה 1 קג,גרמים,1000.00,100 גרם,false,0,47.80,4.78,true,1,
7290000416038,false,"ממרח השחר חלבי בד""ץ 850",השחר,IL,ממרח השחר,גרמים,850.00,100 גרם,false,0,27.90,3.28,true,1,
7290000416076,false,צימקאו שוקולד לבישול400ג,השחר,IL,צימקאו שוקולד לבישול400ג,גרמים,400.00,100 גרם,false,0,11.10,2.78,true,1,
7290000416113,false,"ממרח השחר חלבי בד""ץ400ג",השחר,IL,ממרח השחר,גרמים,400.00,100 גרם,false,0,14.90,3.73,true,1,
7290000416618,false,"ממרח טעם שוקולד בד""ץ400ג",השחר,IL,ממרח בטעם שוקולד,גרמים,400.00,100 גרם,false,0,11.80,2.95,true,1,
7290000419107,false,קפה שחור לנדוור 100 גרם,קפה לנדוור,IL,קפה שחור לנדוור,גרמים,100.00,100 גרם,false,0,6.70,6.70,true,1,
7290000419367,false,קפה לנדוור מקורי 70*4גרם,קפה לנדוור,,קפה לנדוור 4 יח',גרמים,280.00,100 גרם,false,0,16.80,6.00,true,1,
7290000420325,false,גרע.תירס טבעי-מיקרו100*5,פרסטון  פארמס,US,גרע.תירס טבעי-מיקרו100*5,גרמים,500.00,100 גרם,false,0,14.20,2.84,true,1,
7290000420417,false,גלילונית עם שרוך 65*52סמ,אשפלסט,IL,גלילונית שרוך,יחידה,1.00,יחידה,false,0,20.30,20.30,true,1,
7290000432120,false,נרות חנוכה,,IL,נרות חנוכה,יחידה,1.00,יחידה,false,0,3.90,3.90,true,1,
7290000432144,false,נרות שבת אקספורט 72 יח,,IL,נרות שבת אקספורט 72 יח,יחידה,1.00,יחידה,false,0,32.10,32.10,true,1,
7290000432151,false,נרות קישוט זוג,,IL,נרות קישוט זוג,יחידה,1.00,יחידה,false,0,5.10,5.10,true,1,
7290000432182,false,נר נשמה בכוס 24 שעות,,IL,נר נשמה בכוס 24 שעות,יחידה,1.00,יחידה,false,0,3.50,3.50,true,1,
7290000432335,false,נר נשמה בכוס 72 שעות,,IL,נר נשמה בכוס 72 שעות,יחידה,1.00,יחידה,false,0,5.80,5.80,true,1,
7290000432489,false,נרות חנוכה,,IL,נרות חנוכה,יחידה,1.00,יחידה,false,0,5.90,5.90,true,1,
7290000432625,false,נר הבדלה עגול,,IL,נר הבדלה עגול,יחידה,1.00,יחידה,false,0,9.30,9.30,true,1,
7290000432632,false,נרות שבת 4 יחידות,,IL,נרות שבת 4 יחידות,יחידה,1.00,יחידה,false,0,3.60,3.60,true,1,
7290000432649,false,נרות שבת 6 יחידות,,IL,נרות שבת 6 יחידות,יחידה,1.00,יחידה,false,0,3.60,3.60,true,1,
7290000432656,false,נרות שבת 8 יחידות,,IL,נרות שבת 8 יחידות,יחידה,1.00,יחידה,false,0,3.60,3.60,true,1,
7290000432670,false,נרות שבת 12 יחידות,,IL,נרות שבת 12 יחידות,יחידה,1.00,יחידה,false,0,3.60,3.60,true,1,
7290000432922,false,נריות בפלסטיק 72 שעות,,IL,נריות בפלסטיק 72 שעות,יחידה,1.00,יחידה,false,0,21.30,21.30,true,1,
7290000433684,false,פפסי קולה 1.5 ליטר,טמפו,IL,פפסי קולה 1.5 ליטר,ליטרים,1.50,ליטר,false,0,5.40,3.60,true,1,
7290000433714,false,סבן אפ 1.5 ליטר,טמפו,IL,סבן אפ 1.5 ליטר,ליטרים,1.50,ליטר,false,0,5.40,3.60,true,1,
7290000433745,false,מירינדה 1.5 ליטר,טמפו,IL,מירינדה 1.5 ליטר,ליטרים,1.50,ליטר,false,0,5.40,3.60,true,1,
7290000433899,false,דיאט סבן אפ 1.5 ליטר,טמפו,IL,דיאט סבן אפ 1.5 ליטר,ליטרים,1.50,ליטר,false,0,5.40,3.60,true,1,
7290000433974,false,פפסי מקס 1.5 ליטר,טמפו,IL,פפסי מקס 1.5 ליטר,ליטרים,1.50,ליטר,false,0,5.40,3.60,true,1,
7290000434339,false,"עוגיות חמאה ""פפושדו600""ג","אחים פפושדו ובניהם בע""מ",IL,"עוגיות חמאה ""פפושדו600""ג",גרמים,600.00,100 גרם,false,0,9.90,1.65,true,1,
7290000434483,false,"עוג. קוקוס ""פפושדו500""גר","אחים פפושדו ובניהם בע""מ",IL,עוגיות עם קוקוס,גרמים,600.00,100 גרם,false,0,9.90,1.65,true,1,
7290000434490,false,"עוג. קינמון ""פפושדו600""ג","אחים פפושדו ובניהם בע""מ",IL,"עוג. קינמון ""פפושדו600""ג",גרמים,600.00,100 גרם,false,0,9.90,1.65,true,1,
7290000434582,false,"עוג.שומשום ""פפושדו600""גר","אחים פפושדו ובניהם בע""מ",IL,"עוג.שומשום ""פפושדו600""גר",גרמים,600.00,100 גרם,false,0,9.90,1.65,true,1,
7290000434605,false,"עוג.אגוזים ""פפושדו600""גר","אחים פפושדו ובניהם בע""מ",IL,"עוג.אגוזים ""פפושדו600""גר",גרמים,600.00,100 גרם,false,0,9.90,1.65,true,1,
7290000435251,false,עדשים 500 גרם,הנמל,IL,עדשים 500 גרם,גרמים,500.00,100 גרם,false,0,15.60,3.12,true,1,
7290000436203,false,עוגיות שוקו צ'יפס 200גרם,ברמן שוקולד ועוגיות,IL,עוגיות שוקוצ'יפס,גרמים,200.00,100 גרם,false,0,3.90,1.95,true,1,
7290000446127,false,פריכיות אורז,,IL,פריכיות אורז,גרמים,100.00,100 גרם,false,0,3.90,3.90,true,1,
7290000446257,false,דייסת אורז 200 גרם,,IL,דייסת אורז 200 גרם,גרמים,200.00,100 גרם,false,0,9.30,4.65,true,1,
7290000446394,false,דייסת שיבולת שועל 200גרם,,IL,דייסת שיבולת שועל 200גרם,גרמים,200.00,100 גרם,false,0,9.30,4.65,true,1,
7290000446523,false,חמאת בוטנים מתוקה 350גרם,,IL,חמאת בוטנים מתוקה 350גרם,גרמים,350.00,100 גרם,false,0,10.90,3.11,true,1,
7290000446530,false,"חמאת בוטנים מתוקה 1 ק""ג",,IL,"חמאת בוטנים מתוקה 1 ק""ג",קילוגרמים,1.00,"ק""ג",false,0,22.90,22.90,true,1,
7290000446547,false,חמאת בוטנים,,IL,חמאת בוטנים,גרמים,350.00,100 גרם,false,0,14.50,4.14,true,1,
7290000446554,false,חמאת בוטנים,,IL,חמאת בוטנים,קילוגרמים,1.00,"ק""ג",false,0,25.40,25.40,true,1,
7290000446752,false,ממרח שומשום מלא,,IL,ממרח שומשום מלא,גרמים,350.00,100 גרם,false,0,12.80,3.66,true,1,
7290000446776,false,אורז תפוח קל,,IL,אורז תפוח קל,גרמים,500.00,100 גרם,false,0,15.30,3.06,true,1,
7290000446783,false,גרנולה+דבש ותפוחים 400גר,,IL,גרנולה+דבש ותפוחים 400גר,גרמים,400.00,100 גרם,false,0,11.90,2.98,true,1,
7290000446790,false,גרנולה עם צימוקים 400גרם,,IL,גרנולה עם צימוקים 400גרם,גרמים,400.00,100 גרם,false,0,11.90,2.98,true,1,
7290000446806,false,דייסת דגנים מעורבים 200ג,השדה מוצרים אורגניים,IL,דייסת דגנים מעורבים 200ג,גרמים,200.00,100 גרם,false,0,9.30,4.65,true,1,
7290000446813,false,ממרח חרובים,,IL,ממרח חרובים,גרמים,350.00,100 גרם,false,0,11.60,3.31,true,1,
7290000446844,false,חמאת בוטנים עם דבש 350גר,,IL,חמאת בוטנים עם דבש 350גר,גרמים,350.00,100 גרם,false,0,11.70,3.34,true,1,
7290000446851,false,ממרח חלבה עם דבש,,IL,ממרח חלבה עם דבש,גרמים,350.00,100 גרם,false,0,9.40,2.69,true,1,
7290000446905,false,"ממרח חלבה בטעם וניל 1ק""ג",,IL,"ממרח חלבה בטעם וניל 1ק""ג",קילוגרמים,1.00,"ק""ג",false,0,26.50,26.50,true,1,
7290000450209,false,טונה פוסידון בשמן 108גרם,פוסידון תעשיות,IL,טונה פוסידון בשמן 108גרם,גרמים,108.00,100 גרם,false,0,5.80,5.37,true,1,
7290000453019,false,שמרית-שמרים לחים 50 גרם,פאקא,IL,שמרית-שמרים לחים 50 גרם,גרמים,50.00,100 גרם,false,0,3.90,7.80,true,1,
7290000453125,false,שמרית+משפר אפיה ביתית100,פאקא,IL,שמרית+משפר אפיה ביתית100,גרמים,100.00,100 גרם,false,0,7.50,7.50,true,1,
7290000453385,false,שמרים יבשים 500 גרם,,,שמרים יבשים 500 גרם,גרמים,500.00,100 גרם,false,0,11.60,2.32,true,1,
7290000461625,false,בייגלה שמיניות מלוח400גר,יוניליוור,IL,בייגלה שמיניות,גרמים,400.00,100 גרם,false,0,9.40,2.35,true,1,
7290000461656,false,בייגל אחד אחד 400 גרם,יוניליוור,IL,בייגלה מקלות,גרמים,400.00,100 גרם,false,0,9.40,2.35,true,1,
7290000461700,false,בייגלה שמינ.גדול.מלוח400,יוניליוור,IL,בייגלה גדול,גרמים,400.00,100 גרם,false,0,10.90,2.73,true,1,
7290000461724,false,בייגלה שמינ.גדול+שומש400,יוניליוור,IL,בייגלה שמיניות,גרמים,400.00,100 גרם,false,0,11.30,2.83,true,1,
7290000461861,false,דג דג חטיף מלוח 400 גרם,גוצ'מולר,IL,דג דג חטיף מלוח,גרמים,400.00,100 גרם,false,0,11.50,2.88,true,1,
7290000461922,false,ביג ביג מקלות שומשום150ג,יוניליוור,IL,בייגלה ביג ביג,גרמים,150.00,100 גרם,false,0,5.00,3.33,true,1,
7290000462103,false,סחוג זהבי אדום 150 גרם,זהבי הכרם,IL,סחוג זהבי אדום 150 גרם,גרמים,150.00,100 גרם,false,0,7.00,4.67,true,1,
7290000462172,false,סחוג זהבי ירוק 150 גרם,זהבי הכרם,IL,סחוג זהבי ירוק 150 גרם,גרמים,150.00,100 גרם,false,0,7.00,4.67,true,1,
7290000463377,false,זיתים חרוזית 560 גרם,בית השיטה,IL,זיתים חרוזית,גרמים,560.00,100 גרם,false,0,8.50,1.52,true,1,
7290000463490,false,טבעות זיתים ירוקים 560ג,בית השיטה,IL,טבעות זית ירוק,גרמים,560.00,100 גרם,false,0,9.00,1.61,true,1,
7290000463896,false,חרוזית פיקנטי 560 גרם,בית השיטה,IL,חרוזית פיקנטית,גרמים,560.00,100 גרם,false,0,9.50,1.70,true,1,
7290000464459,false,קוקטייל זיתים 560 גרם,בית השיטה,IL,קוקטייל זיתים,גרמים,560.00,100 גרם,false,0,10.00,1.79,true,1,
7290000465326,false,פלפלים מרוקאים צבר 400ג,אסם,IL,פלפלים מרוקאים,גרמים,400.00,100 גרם,false,0,15.90,3.98,true,1,
7290000466170,false,מלפ.גלעד 12-10מלח 560גרם,בית השיטה,IL,מלפפונים במלח,גרמים,560.00,100 גרם,false,0,6.50,1.16,true,1,
7290000466187,false,מלפפונים במלח 13-17 560ג,בית השיטה,IL,מלפפונים במלח,גרמים,560.00,100 גרם,false,0,8.40,1.50,true,1,
7290000467153,false,מלך החומוס סמיר הגדול400,צבר,IL,חומוס סמיר הגדול,גרמים,400.00,100 גרם,false,0,11.90,2.98,true,1,
7290000467160,false,מלפפון בחומץ גדול7-9 560,בית השיטה,IL,מלפפונים בחומץ,גרמים,560.00,100 גרם,false,0,5.20,0.93,true,1,
7290000467177,false,מלפפון 12-10 בחומץ 560גר,בית השיטה,IL,מלפפונים בחומץ,גרמים,560.00,100 גרם,false,0,6.50,1.16,true,1,
7290000467191,false,מלפ.בחומץ18-25 560 גרם,בית השיטה,IL,מלפפונים בחומץ,גרמים,560.00,100 גרם,false,0,9.60,1.71,true,1,
7290000468006,false,כרוב כבוש בית השיטה 560ג,בית השיטה,IL,כרוב כבוש,גרמים,560.00,100 גרם,false,0,7.20,1.29,true,1,
7290000469638,false,"מריטו ענק 500 מ""ל",בולטון,IT,"מריטו ענק 500 מ""ל",מיליליטרים,500.00,"100 מ""ל",false,0,20.50,4.10,true,1,
7290000474014,false,חלב מפוסטר 1% שקית 1 ל',טרה,IL,חלב מפוסטר 1% שקית 1 ל',ליטרים,1.00,ליטר,false,0,4.50,4.50,true,1,
7290000474021,false,חלב מפוסטר שקית 3% 1 ל',טרה,IL,חלב מפוסטר שקית 3% 1 ל',ליטרים,1.00,ליטר,false,0,4.60,4.60,true,1,
7290000474076,false,חלב הומוגני בקרטון3% 1ל,טרה,IL,חלב הומוגני בקרטון3% 1ל,ליטרים,1.00,ליטר,false,0,5.80,5.80,true,1,
7290000474090,false,חלב הומוגני 1% קרטון 1 ל,טרה,IL,חלב טרי טרה 1%,ליטרים,1.00,ליטר,false,0,5.50,5.50,true,1,
7290000474373,false,"שמנת חמוצה15% 200 מ""ל",טרה,IL,שמנת חמוצה15%,מיליליטרים,200.00,"100 מ""ל",false,0,2.10,1.05,true,1,
7290000474410,false,חמאה 100 גרם,טרה,IL,חמאה טרה,גרמים,100.00,100 גרם,false,0,3.60,3.60,true,1,
7290000474502,false,גבינה לבנה 5% טרה 250 גר,טרה,IL,גבינה לבנה 5% טרה 250 גר,גרמים,250.00,100 גרם,false,0,4.80,1.92,true,1,
7290000474540,false,גבי. טוב טעם 3% 250גרם,טרה,IL,גבי. טוב טעם 3% 250גרם,גרמים,250.00,100 גרם,false,0,9.80,3.92,true,1,
7290000480107,false,קואקר ש.שועל פח 500גרם,קואקר אוטס,GB,קואקר שיבולת,גרמים,500.00,100 גרם,false,0,13.50,2.70,true,1,
7290000482071,false,קוקי שקיות אפיה 10*2 יחי,ש.שסטוביץ,IL,קוקי שקיות אפיה,יחידה,1.00,יחידה,false,0,20.00,20.00,true,1,
7290000484525,false,"עלית הארק 750 מ""ל",יקב הגליל יוסף גולד ובניו,IL,עלית הארק,מיליליטרים,750.00,"100 מ""ל",false,0,79.00,10.53,true,1,
7290000493176,false,רוטב צלי לבשר בשקית22ג,אסם,IL,רוטב צלי לבשר,גרמים,22.00,100 גרם,false,0,3.90,17.73,true,1,
7290000493183,false,רוטב פטריות לבשר-אבקה30ג,אסם,IL,רוטב פטריות,גרמים,30.00,100 גרם,false,0,3.70,12.33,true,1,
7290000497204,false,פיתות בשקית 100 גרם X 5,מאפית ברמן,IL,פיתות בשקית 100 גרם X 5,גרמים,500.00,100 גרם,false,0,6.00,1.20,true,1,
7290000497228,false,6 לחמניות רגילות בשקית,מאפית ברמן,IL,6 לחמניות רגילות בשקית,גרמים,450.00,100 גרם,false,0,9.00,2.00,true,1,
7290000497303,false,6 לחמניות מקמח מלא בשקית,מאפית ברמן,IL,6 לחמניות מקמח מלא בשקית,גרמים,450.00,100 גרם,false,0,11.00,2.44,true,1,
7290000497426,false,לחם ברמן קל לענין 500גרם,מאפית ברמן,IL,לחם ברמן קל לענין 500גרם,גרמים,500.00,100 גרם,false,0,12.50,2.50,true,1,
7290000497457,false,לחם דגנים 750 גרם,מאפית ברמן,IL,לחם דגנים 750 גרם,גרמים,750.00,100 גרם,false,0,12.50,1.67,true,1,
7290000497532,false,לחם ברמן לענין 750 גרם,מאפית ברמן,IL,לחם ברמן לענין 750 גרם,גרמים,750.00,100 גרם,false,0,12.50,1.67,true,1,
7290000497570,false,לחם דגני קלות פרוס 500גר,מאפית ברמן,IL,לחם דגני קלות פרוס 500גר,גרמים,500.00,100 גרם,false,0,12.50,2.50,true,1,
7290000497617,false,רוגלך קקאו 500 גרם,מאפית ברמן,IL,רוגלך קקאו 500 גרם,גרמים,500.00,100 גרם,false,0,10.00,2.00,true,1,
7290000498454,false,חלומית קטנה 250 גרם,מאפית ברמן,IL,חלומית קטנה 250 גרם,גרמים,250.00,100 גרם,false,0,4.40,1.76,true,1,
7290000504025,false,סוכרזית 300 טבליות פטריה,"ביסקול בע""מ",IL,סוכרזית פטריה,גרמים,24.00,100 גרם,false,0,8.90,37.08,true,1,
7290000504049,false,סוכרזית 1200 טבליות,"ביסקול בע""מ",IL,סוכרזית טבליות,גרמים,98.00,100 גרם,false,0,18.80,19.18,true,1,
7290000504209,false,"נוזל של סוכרזית 220 מ""ל","ביסקול בע""מ",IL,נוזל של סוכרזית,מיליליטרים,220.00,"100 מ""ל",false,0,15.30,6.95,true,1,
7290000504278,false,סוכרזית פטנט 700 טבליות,"ביסקול בע""מ",IL,סוכרזית טבליות,גרמים,57.00,100 גרם,false,0,14.80,25.96,true,1,
7290000518114,false,מתוק וקל 200 גרם,למפדוס,IL,אבקת מתוק וקל,גרמים,200.00,100 גרם,false,0,8.60,4.30,true,1,
7290000518176,false,מתוק וקל ענק 250 שקיות,למפדוס,IL,מתוק וקל ענק 250 שקיות,גרמים,250.00,100 גרם,false,0,19.50,7.80,true,1,
7290000521008,false,יין אדום יבש של סגל750מל,יינות סגל,IL,יין סגל אדום,מיליליטרים,750.00,"100 מ""ל",false,0,19.80,2.64,true,1,
7290000521367,false,"זני של סגל מרלו 750 מ""ל",יינות סגל,IL,"זני של סגל מרלו 750 מ""ל",מיליליטרים,750.00,"100 מ""ל",false,0,24.90,3.32,true,1,
7290000521404,false,"מרום גליל קברנה 750 מ""ל",יינות סגל,,"מרום גליל קברנה 750 מ""ל",מיליליטרים,750.00,"100 מ""ל",false,0,39.20,5.23,true,1,
7290000521411,false,"מרום גליל מרלו 750 מ""ל",יינות סגל,,"מרום גליל מרלו 750 מ""ל",מיליליטרים,750.00,"100 מ""ל",false,0,39.20,5.23,true,1,
7290000522166,false,חלב הרים נטול לקטוז3% 1ל,"מחלבות רמה""ג",IL,חלב הרים נטול לקטוז3% 1ל,ליטרים,1.00,ליטר,false,0,10.40,10.40,true,1,
7290000523118,false,"מלח ים יבש 1 ק""ג",תעשיות מלח לישראל,IL,"מלח ים יבש 1 ק""ג",קילוגרמים,1.00,"ק""ג",false,0,6.00,6.00,true,1,
7290000523125,false,מלח ים יבש 250 גרם,תעשיות מלח לישראל,IL,מלח ים יבש 250 גרם,גרמים,250.00,100 גרם,false,0,3.90,1.56,true,1,
7290000523224,false,מלח ים יבש 500 גרם,תעשיות מלח לישראל,IL,מלח ים שולחני,גרמים,500.00,100 גרם,false,0,6.90,1.38,true,1,
7290000523804,false,"מלח הארץ עדין צנצנת 1ק""ג",תעשיות מלח לישראל,,"מלח הארץ עדין צנצנת 1ק""ג",קילוגרמים,1.00,"ק""ג",false,0,6.00,6.00,true,1,
7290000523811,false,"מלח הארץ גס צנצנת 1 ק""ג",תעשיות מלח לישראל,IL,"מלח הארץ גס צנצנת 1 ק""ג",קילוגרמים,1.00,"ק""ג",false,0,6.00,6.00,true,1,
7290000525969,false,מיץ תפוזים סחוט 1 ליטר,גניר,IL,מיץ תפוזים סחוט 1 ליטר,ליטרים,1.00,ליטר,false,0,14.60,14.60,true,1,
7290000530109,false,קבנוס בואקום 180X2 גרם,זוגלובק,IL,קבנוס בואקום 180X2 גרם,גרמים,360.00,100 גרם,false,0,29.10,8.08,true,1,
7290000531977,false,בורקס גבינה 800 גרם,זוגלובק,IL,בורקס גבינה 800 גרם,גרמים,800.00,100 גרם,false,0,17.90,2.24,true,1,
7290000533353,false,"בצק עלים 1 ק""ג",זוגלובק,IL,"בצק עלים 1 ק""ג",גרמים,1000.00,100 גרם,false,0,14.90,1.49,true,1,
7290000536316,false,שניצל מן הצומח 1 קג,זוגלובק,IL,שניצל מן הצומח,גרמים,1000.00,100 גרם,false,0,28.70,2.87,true,1,
7290000536743,false,מקלוני תירס 500גרם,זוגלובק,IL,מקלוני תירס 500גרם,גרמים,500.00,100 גרם,false,0,19.90,3.98,true,1,
7290000536774,false,"נקניקיה מןהצומח בד""צ 1 ק",זוגלובק,IL,"נקניקיה מןהצומח בד""צ 1 ק",גרמים,1000.00,100 גרם,false,0,31.90,3.19,true,1,
7290000540160,false,עוג.ללא סוכ.חיטה מלאה500,האחים,IL,עוג.ללא סוכ.חיטה מלאה500,גרמים,500.00,100 גרם,false,0,19.10,3.82,true,1,
7290000554006,false,קשקבל 22% במשקל,מחלבות גד,IL,קשקבל 22% במשקל,קילוגרמים,0.00,"ק""ג",true,0,126.00,126.00,true,1,
7290000554402,false,מלבי 160 גרם,מחלבות גד,IL,מלבי,גרמים,160.00,100 גרם,false,0,5.20,3.25,true,1,
7290000554471,false,גבינת מוצרלה 22% 180 גרם,מחלבות גד,IL,גבינת מוצרלה 22%,גרמים,180.00,100 גרם,false,0,16.60,9.22,true,1,
7290000554624,false,ירח מתוק מעד.חלב+אורז150,מחלבות גד,IL,מעדן חלב ואורז,גרמים,150.00,100 גרם,false,0,5.40,3.60,true,1,
7290000554792,false,גבינה בולגרית 5%במשקל,מחלבות גד,IL,גבינה בולגרית 5%במשקל,גרמים,0.00,"ק""ג",true,0,54.00,54.00,true,1,
7290000554815,false,מוצרלה נקניק 22% במשקל,מחלבות גד,IL,גבינת מוצרלה,גרמים,0.00,"ק""ג",true,0,70.00,70.00,true,1,
7290000554822,false,ריקוטה גד 5% שומן 250 גר,מחלבות גד,IL,ריקוטה גד 5% שומן 250 גר,גרמים,250.00,100 גרם,false,0,15.00,6.00,true,1,
7290000554891,false,גב.בולגרית %16 במשקל,מחלבות גד,IL,גב.בולגרית %16 במשקל,קילוגרמים,0.00,"ק""ג",true,0,54.00,54.00,true,1,
7290000554914,false,גב.צפתית רכה 5% במשקל,מחלבות גד,IL,גב.צפתית רכה 5% במשקל,גרמים,0.00,"ק""ג",true,0,58.00,58.00,true,1,
7290000554969,false,גב.שמנת 30%שומן1קג משקל,מחלבות גד,IL,גב.שמנת 30%שומן1קג משקל,קילוגרמים,0.00,"ק""ג",true,0,42.00,42.00,true,1,
7290000571294,false,גאודה מעושנת במשקל,,IL,גאודה מעושנת במשקל,קילוגרמים,0.00,"ק""ג",true,0,103.00,103.00,true,1,
7290000572215,false,חלבה מצופה,,IL,חלבה מצופה,גרמים,80.00,100 גרם,false,0,2.90,3.63,true,1,
7290000572222,false,חלווה בלוק שוקו וניל500ג,"אחדות ביח""ר לטחינה",IL,חלווה בלוק שוקו וניל500ג,גרמים,500.00,100 גרם,false,0,10.90,2.18,true,1,
7290000572611,false,סירופ פטל 4 ליטר,"אחדות ביח""ר לטחינה",IL,סירופ פטל 4 ליטר,ליטרים,4.00,ליטר,false,0,24.40,6.10,true,1,
7290000572642,false,חלווה לייט 500 גרם,"אחדות ביח""ר לטחינה",IL,חלווה לייט,גרמים,500.00,100 גרם,false,0,14.90,2.98,true,1,
7290000574035,false,לחם אחיד פרוס 750 גרם,מאפ. דגנית עין-בר,IL,לחם אחיד פרוס 750 גרם,גרמים,750.00,100 גרם,false,0,5.70,0.76,true,1,
7290000574141,false,לחם חיטה מלא 750 גרם,מאפ. דגנית עין-בר,IL,לחם חיטה מלא 750 גרם,גרמים,750.00,100 גרם,false,0,12.90,1.72,true,1,
7290000574172,false,לחם קל מחיטה מלאה 750גרם,מאפ. דגנית עין-בר,IL,לחם קל מחיטה מלאה 750גרם,גרמים,750.00,100 גרם,false,0,14.20,1.89,true,1,
7290000596020,false,ביסקויט פתיבר שוקו 1.8קג,מגדנית הדר,IL,ביסקויט פתיבר,קילוגרמים,1.80,"ק""ג",false,0,17.90,9.94,true,1,
7290000596105,false,"קרקר שומשום ""הדר"" 1 ק""ג",מגדנית הדר,IL,"קרקר שומשום ""הדר"" 1 ק""ג",גרמים,1000.00,100 גרם,false,0,16.80,1.68,true,1,
7290000596341,false,ביסקויט פתיבר וניל 1.8קג,מגדנית הדר,IL,ביסקוויט פתיבר,קילוגרמים,1.80,"ק""ג",false,0,17.90,9.94,true,1,
7290000598116,false,מצות קרטון(חמץ,,IL,מצות קרטון(חמץ,קילוגרמים,1.50,"ק""ג",false,0,23.00,15.33,true,1,
7290000598130,false,מצות (חמץ) 400,,IL,מצות (חמץ) 400,גרמים,400.00,100 גרם,false,0,14.10,3.53,true,1,
7290000598147,false,קמח מצה חמץ,,IL,קמח מצה חמץ,גרמים,500.00,100 גרם,false,0,5.70,1.14,true,1,
7290000598680,false,"פתיבר 1.8 ק""ג",,IL,"פתיבר 1.8 ק""ג",קילוגרמים,1.80,"ק""ג",false,0,19.90,11.06,true,1,
7290000598918,false,עוגיות,,IL,עוגיות,קילוגרמים,1.50,"ק""ג",false,0,24.40,16.27,true,1,
7290000598949,false,מצות מקמח מלא,,,מצות מקמח מלא,גרמים,300.00,100 גרם,false,0,15.20,5.07,true,1,
7290000604015,false,ביצים ארוזות XL 12יחידות,תנובה,IL,ביצים XL 12יח',יחידה,1.00,יחידה,false,0,13.10,13.10,true,1,
7290000604022,false,ביצים ארוזות L 12 יחידות,תנובה,,ביצים L 12 יח',יחידה,1.00,יחידה,false,0,11.90,11.90,true,1,
7290000604039,false,ביצים ארוזות M 12 יחידות,תנובה,,ביצים M 12 יח',יחידה,1.00,יחידה,false,0,11.10,11.10,true,1,
7290000604053,false,ביצים L ארוז15יח,,IL,ביצים L ארוז15יח,יחידה,1.00,יחידה,false,0,15.00,15.00,true,1,
7290000604060,false,ביצים ארוזות M 15 יחידות,,IL,ביצים ארוזות M 15 יחידות,יחידה,1.00,יחידה,false,0,13.88,13.88,true,1,
7290000604527,false,ביצים ארוזות L 30 יחידות,תנובה,IL,ביצים ארוזות L 30 יחידות,יחידה,1.00,יחידה,false,0,29.90,29.90,true,1,
7290000604534,false,ביצים M 30 יח',,IL,ביצים M 30 יח',יחידה,1.00,יחידה,false,0,26.90,26.90,true,1,
7290000606873,false,"תמרים לחים בד""ץ 500גרם",הדיקלאים,IL,תמרים לחים500ג,גרמים,500.00,100 גרם,false,0,11.90,2.38,true,1,
7290000630076,false,עוף קפוא מס' 2 עטרה מחיר,עטרה,IL,עוף קפוא מס' 2 עטרה מחיר,קילוגרמים,0.00,"ק""ג",true,0,22.90,22.90,true,1,
7290000630083,false,פטם קפוא מס' 3 עטרה מחיר,שונות,IL,פטם קפוא מס' 3 עטרה מחיר,קילוגרמים,0.00,"ק""ג",true,0,22.90,22.90,true,1,
7290000631035,false,כבד עוף קפוא עטרה מחיר ל,שונות,IL,כבד עוף קפוא עטרה מחיר ל,קילוגרמים,0.00,"ק""ג",true,0,30.90,30.90,true,1,
7290000631172,false,קורקבן עוף קפוא עטרה קג,עטרה,IL,קורקבן עוף קפוא עטרה קג,קילוגרמים,0.00,"ק""ג",true,0,10.90,10.90,true,1,
7290000631226,false,כבד עוף טרי עטרה מחיר לפ,שונות,IL,כבד עוף טרי עטרה,קילוגרמים,0.00,"ק""ג",true,0,34.90,34.90,true,1,
7290000632209,false,חזה עוף קפוא עטרה מחיר ל,שונות,IL,חזה עוף קפוא,קילוגרמים,0.00,"ק""ג",true,0,31.90,31.90,true,1,
7290000632391,false,כרעיים עוף קפוא עטרה מחי,שונות,IL,כרעיים עוף קפוא עטרה מחי,קילוגרמים,0.00,"ק""ג",true,0,31.90,31.90,true,1,
7290000632599,false,ירכיים פטם קפוא עטרה מחי,שונות,IL,ירכיים פטם קפוא עטרה מחי,קילוגרמים,0.00,"ק""ג",true,0,31.90,31.90,true,1,
7290000632698,false,שוקיים עוף קפוא עטרה מחי,שונות,IL,שוקיים עוף קפוא עטרה מחי,קילוגרמים,0.00,"ק""ג",true,0,33.90,33.90,true,1,
7290000633800,false,כנפיים עוף קפוא עטרה מחי,עטרה,IL,כנפיים עוף קפוא עטרה מחי,קילוגרמים,0.00,"ק""ג",true,0,14.90,14.90,true,1,
7290000643489,false,בשר הודו אדום עטרה מחיר,עטרה,IL,בשר הודו אדום   רה מחיר,קילוגרמים,0.00,"ק""ג",true,0,42.90,42.90,true,1,
7290000682204,false,אטריות סבתא 400 גרם,שיבולים בני דרום,IL,אטריות סבתא 400 גרם,גרמים,400.00,100 גרם,false,0,4.00,1.00,true,1,
7290000682211,false,פתיתים אפויים 500 גרם,שיבולים,IL,פתיתים אפויים,גרמים,500.00,100 גרם,false,0,4.90,0.98,true,1,
7290000682532,false,אטריות סבתא דקיקות 400 ג,שיבולים בני דרום,IL,אטריות סבתא דקיקות 400 ג,גרמים,400.00,100 גרם,false,0,4.00,1.00,true,1,
7290000688114,false,מי-עדן מים מינרלים 1.5 ל,מי עדן,IL,מי-עדן מים מינרלים 1.5 ל,ליטרים,1.50,ליטר,false,0,3.10,2.07,true,1,
7290000688374,false,"מי עדן בייבי 250*6 מ""ל",מי עדן,IL,"מי עדן בייבי 250*6 מ""ל",ליטרים,1.50,ליטר,false,0,13.20,8.80,true,1,
7290000688381,false,"מי עדן אישי 500*6 מ""ל",מי עדן,IL,מי עדן מארז,ליטרים,3.00,ליטר,false,0,12.70,4.23,true,1,
7290000688503,false,מי עדן ספורטאים 750*6 מל,מי עדן,IL,מי עדן ספורטאים 750*6 מל,ליטרים,4.50,ליטר,false,0,16.40,3.64,true,1,
7290000688732,false,מי עדן 6 * 1.5 ליטר,מי עדן,IL,מי עדן 6 * 1.5 ליטר,ליטרים,9.00,ליטר,false,0,10.90,1.21,true,1,
7290000692203,false,אג'קס נוזל כללי לימון 2ל,קולגייט-פלמוליב,GR,אג'קס נוזל כללי לימון 2ל,ליטרים,2.00,ליטר,false,0,24.00,12.00,true,1,
7290000692210,false,אג'קס נוזל כללי לבנדר 2ל,קולגייט-פלמוליב,GR,אג'קס נוזל כללי לבנדר 2ל,ליטרים,2.00,ליטר,false,0,24.00,12.00,true,1,
7290000692227,false,פלמוליב לשטיפת כלים 1 ל',קולגייט-פלמוליב,GR,פלמוליב לכלים,ליטרים,1.00,ליטר,false,0,12.90,12.90,true,1,
7290000692456,false,אג'קס חלונות750*2מל,קולגייט-פלמוליב,GR,אג'קס חלונות750*2מל,ליטרים,1.50,ליטר,false,0,23.20,15.47,true,1,
7290000692937,false,קולגייט משפחתי אדום100*2,קולגייט-פלמוליב,PL,זוג משחות שיניים,מיליליטרים,200.00,"100 מ""ל",false,0,19.00,9.50,true,1,
7290000720852,false,פרש וואנס לילד ג'מבו320י,על בד,IL,מגבוני פרש ווא,יחידה,1.00,יחידה,false,0,14.90,14.90,true,1,
7290000802909,false,עדינול משחה לתינוק 100גר,אמיליה קוסמטיקס,IL,עדינול לתינוק,גרמים,100.00,100 גרם,false,0,13.40,13.40,true,1,
7290000803067,false,"משחת אלמקס ילדים 75 מ""ל",קולגייט-פלמוליב,DE,משחת שיניים,מיליליטרים,75.00,"100 מ""ל",false,0,11.90,15.87,true,1,
7290000803180,false,שטיפה דנטלית מרידול 400מ,גאבה,CH,שטיפה מרידול,מיליליטרים,400.00,"100 מ""ל",false,0,27.40,6.85,true,1,
7290000841557,false,סטרילי נוזל לחיטוי פירות,,IL,סטרילי נוזל לחיטוי פירות,מיליליטרים,500.00,"100 מ""ל",false,0,12.50,2.50,true,1,
7290000929422,true,שווארמה הודו טרי)עצמי( ק,שונות,IL,שווארמה הודו טרי)עצמי( ק,קילוגרמים,0.00,"ק""ג",true,0,54.90,54.90,true,1,
7290000929484,true,כנף הודו טרי)עצמי( קג,שונות,IL,כנף הודו טרי)עצמי( קג,קילוגרמים,0.00,"ק""ג",true,0,17.90,17.90,true,1,
7290000929620,true,שוק הודו מפורק טרי)עצמי(,שונות,IL,שוק הודו מפורק טרי)עצמי(,קילוגרמים,0.00,"ק""ג",true,0,54.90,54.90,true,1,
7290000961552,true,פלפל כתום,קטיף,IL,פלפל כתום,קילוגרמים,0.00,"ק""ג",true,0,7.90,7.90,true,1,
7290000961804,true,דלעת ארוזה,קטיף,IL,דלעת ארוזה,קילוגרמים,0.00,"ק""ג",true,0,7.90,7.90,true,1,
7290000962474,true,חציל בלדי,קטיף,IL,חציל בלדי,קילוגרמים,0.00,"ק""ג",true,0,8.90,8.90,true,1,
7290000963136,true,תפוח עץ מוזהב 65,קטיף,XX,תפוח עץ מוזהב,קילוגרמים,0.00,"ק""ג",true,0,8.90,8.90,true,1,
7290000963228,true,תפוח עץ יונתן 65,קטיף,XX,"ת""ע יונתן",קילוגרמים,0.00,"ק""ג",true,0,8.90,8.90,true,1,
7290000963297,true,תפוח עץ סטרקינג 65,קטיף,XX,"ת""ע סטרקינג",קילוגרמים,0.00,"ק""ג",true,0,8.90,8.90,true,1,
7290000963365,true,תפוח עץ פינקריספי 65,קטיף,XX,"תפו""ע פינקריספי",קילוגרמים,0.00,"ק""ג",true,0,16.90,16.90,true,1,
7290000963419,true,תפוח עץ גאלה65,קטיף,XX,תפוח עץ גאלה,קילוגרמים,0.00,"ק""ג",true,0,8.90,8.90,true,1,
7290000963563,true,תפוח עץ סמיט65,קטיף,XX,תפוח עץ סמיט65,קילוגרמים,0.00,"ק""ג",true,0,8.90,8.90,true,1,
7290000964300,true,תפוז,קטיף,IL,תפוז,קילוגרמים,0.00,"ק""ג",true,0,7.90,7.90,true,1,
7290000964362,true,פומלה לבנה,קטיף,IL,פומלה לבנה,קילוגרמים,0.00,"ק""ג",true,0,7.90,7.90,true,1,
7290000964379,true,אשכולית לבנה,קטיף,IL,אשכולית לבנה,קילוגרמים,0.00,"ק""ג",true,0,7.90,7.90,true,1,
7290000964393,true,אשכולית אדומה,קטיף,IL,אשכולית אדומה,קילוגרמים,0.00,"ק""ג",true,0,7.90,7.90,true,1,
7290000964461,true,פומלית,קטיף,IL,פומלית,קילוגרמים,0.00,"ק""ג",true,0,7.90,7.90,true,1,
7290000964492,true,לימון תפזורת,קטיף,IL,לימון,קילוגרמים,0.00,"ק""ג",true,0,9.90,9.90,true,1,
7290000964560,true,קלמנטינה,קטיף,IL,קלמנטינה,קילוגרמים,0.00,"ק""ג",true,0,7.90,7.90,true,1,
7290000964775,true,בננות,קטיף,IL,בננות,קילוגרמים,0.00,"ק""ג",true,0,6.90,6.90,true,1,
7290000964799,true,אגס אדום,קטיף,US,אגס אדום,קילוגרמים,0.00,"ק""ג",true,0,11.90,11.90,true,1,
7290000964836,true,אגס ספדונה גודל 60,קטיף,IL,אגס ספדונה,קילוגרמים,0.00,"ק""ג",true,0,12.90,12.90,true,1,
7290000964980,true,אבוקדו,קטיף,IL,אבוקדו,קילוגרמים,0.00,"ק""ג",true,0,9.90,9.90,true,1,
7290000965079,true,מלון כתום,,IL,מלון כתום,קילוגרמים,0.00,"ק""ג",true,0,7.90,7.90,true,1,
7290000966496,true,אננס ראש,קטיף,IL,אננס ראש,יחידה,1.00,יחידה,false,0,34.90,34.90,true,1,
7290000966564,true,רימון,קטיף,IL,רימון,קילוגרמים,0.00,"ק""ג",true,0,12.90,12.90,true,1,
7290000966663,true,קיווי,קטיף,IL,קיווי,קילוגרמים,0.00,"ק""ג",true,0,16.90,16.90,true,1,
7290000966779,true,תות שדה 500גרם,קטיף,IL,תות שדה יח,יחידה,1.00,יחידה,false,0,12.00,12.00,true,1,
7290000968476,true,אגס חום/בוסק,,IL,אגס חום/בוסק,קילוגרמים,0.00,"ק""ג",true,0,11.90,11.90,true,1,
7290000972268,true,קוקוס ראש-יחידה,קטיף,IL,קוקוס ראש-יח',יחידה,1.00,יחידה,false,0,9.90,9.90,true,1,
7290000972367,true,ערמונים-תפזורת,קטיף,IL,ערמונים-תפזורת,גרמים,0.00,"ק""ג",true,0,19.90,19.90,true,1,
7290000986784,true,תות שדה 250 גרם,קטיף,IL,תות שדה,יחידה,1.00,יחידה,false,0,12.90,12.90,true,1,
7290000987071,true,שום בתפזורת,קטיף,XX,שום בתפזורת,קילוגרמים,0.00,"ק""ג",true,0,30.00,30.00,true,1,
7290000995410,true,נבטים בחבילה,נבטי העמק,IL,נבטים בחבילה,יחידה,1.00,יחידה,false,0,5.90,5.90,true,1,
7290000998220,true,חסה ארוזה יח,קטיף,IL,חסה ארוזה,יחידה,1.00,יחידה,false,0,5.50,5.50,true,1,
7290000999227,true,"אשכולית אדומה אוצר בי""ד",קטיף,IL,אשכולית אדומה או,קילוגרמים,0.00,"ק""ג",true,1,9.90,9.90,true,1,
7290001012123,false,פרש וואנס קייר כחול 72*4,על בד,IL,פרש וואנס,יחידה,1.00,יחידה,false,0,19.90,19.90,true,1,
7290001041017,false,חוואיג' תימני 50 גרם,מיה,IL,חוואיג' תימני 50 גרם,גרמים,50.00,100 גרם,false,0,5.70,11.40,true,1,
7290001041031,false,תבלין לקציצות 50 גרם,מיה,IL,תבלין לקציצות 50 גרם,גרמים,50.00,100 גרם,false,0,7.60,15.20,true,1,
7290001041048,false,תבלין על האש 100 גרם,מיה,IL,תבלין על האש 100 גרם,גרמים,100.00,100 גרם,false,0,5.80,5.80,true,1,
7290001041147,false,"חומוס גדול יבש 1 ק""ג",מיה,IL,חומוס גדול יבש,קילוגרמים,1.00,"ק""ג",false,0,11.70,11.70,true,1,
7290001041154,false,"גריסים 1 ק""ג",מיה,IL,גריסים,קילוגרמים,1.00,"ק""ג",false,0,7.30,7.30,true,1,
7290001041161,false,"שעועית לבנה 1 ק""ג",מיה,IL,שעועית לבנה,קילוגרמים,1.00,"ק""ג",false,0,16.90,16.90,true,1,
7290001041185,false,"פופקורן 1 ק""ג",מיה,IL,פופקורן,קילוגרמים,1.00,"ק""ג",false,0,9.90,9.90,true,1,
7290001041192,false,"עדשים אדומים 1 ק""ג",מיה,IL,עדשים אדומים,קילוגרמים,1.00,"ק""ג",false,0,15.00,15.00,true,1,
7290001041208,false,"עדשים ירוקים 1 ק""ג",מיה,IL,עדשים ירוקים,קילוגרמים,1.00,"ק""ג",false,0,11.90,11.90,true,1,
7290001041222,false,"חומוס לבן ענק יבש 1 ק""ג",מיה,IL,חומוס לבן ענק,קילוגרמים,1.00,"ק""ג",false,0,18.90,18.90,true,1,
7290001041260,false,שומשום 400 גרם,מיה,IL,שומשום 400 גרם,גרמים,400.00,100 גרם,false,0,14.90,3.73,true,1,
7290001041482,false,זנגוויל 100 גרם,מיה,IL,זנגוויל 100 גרם,גרמים,100.00,100 גרם,false,0,5.50,5.50,true,1,
7290001041673,false,"אורז פרסי עממי 1 ק""ג",מיה,IL,"אורז פרסי עממי 1 ק""ג",קילוגרמים,1.00,"ק""ג",false,0,5.70,5.70,true,1,
7290001041888,false,פפריקה מתוקה צנצנת 300גר,מיה,IL,פפריקה מתוקה צנצנת 300גר,גרמים,300.00,100 גרם,false,0,19.90,6.63,true,1,
7290001041949,false,אגוז מלך 200גרם-מיה,מיה,IL,אגוז מלך 200גרם-מיה,גרמים,200.00,100 גרם,false,0,25.90,12.95,true,1,
7290001041956,false,שקד טבעי 200גרם-מיה,מיה,IL,שקד טבעי 200גרם-מיה,גרמים,200.00,100 גרם,false,0,24.90,12.45,true,1,
7290001045220,false,מיץ תפוזים סחוט 2 ליטר,גניר,IL,מיץ תפוזים סחוט 2 ליטר,ליטרים,2.00,ליטר,false,0,22.00,11.00,true,1,
7290001124611,false,שומן כבש 200 גרם,טיבון ויל - נטו,IL,שומן כבש 200גרם,גרמים,200.00,100 גרם,false,0,19.90,9.95,true,1,
7290001128183,false,קציצות דג 700 גרם,דלידג - נטו,IL,קציצות דג 700גרם,גרמים,700.00,100 גרם,false,0,23.90,3.41,true,1,
7290001136287,false,"שמפו נקה 7 רגיל 750 מ""ל",אמיליה קוסמטיקס,IL,שמפו נקה 7,מיליליטרים,750.00,"100 מ""ל",false,0,8.90,1.19,true,1,
7290001136294,false,שמפו נקה 7 יבש/צבוע750מל,אמיליה קוסמטיקס,IL,שמפו נקה 7,מיליליטרים,750.00,"100 מ""ל",false,0,8.90,1.19,true,1,
7290001136362,false,תחליב רחצה נקה7 ירוק 1 ל,אמיליה קוסמטיקס,IL,תחליב רחצה נקה 7,ליטרים,1.00,ליטר,false,0,10.90,10.90,true,1,
7290001136683,false,"מרכך נקה 7 ס""ש 750 מ""ל",אמיליה קוסמטיקס,IL,קונדישינר נקה 7,מיליליטרים,750.00,"100 מ""ל",false,0,8.90,1.19,true,1,
7290001136799,false,תחליב רחצה נקה7 ורוד 1 ל,אמיליה קוסמטיקס,IL,תחליב רחצה נקה 7,ליטרים,1.00,ליטר,false,0,10.90,10.90,true,1,
7290001136973,false,תחליב רחצה נקה 7 לבן 1 ל,אמיליה קוסמטיקס,IL,תחליב רחצה נקה 7,ליטרים,1.00,ליטר,false,0,10.90,10.90,true,1,
7290001193402,false,פס חנוכיה וצינוריות,שלהבת,IL,פס חנוכיה,יחידה,1.00,יחידה,false,0,12.90,12.90,true,1,
7290001193952,false,זוג כוסיות רגיל,שלהבת,IL,זוג כוסיות,יחידה,1.00,יחידה,false,0,4.90,4.90,true,1,
7290001201589,false,ביצים ארוזות L 12 יחידות,שופרסל,IL,ביצים ארוזות L 12 יחידות,יחידה,1.00,יחידה,false,0,12.00,12.00,true,1,
7290001201596,false,ביצים ארוזות M 12 יחידות,שופרסל,IL,ביצים ארוזות M 12 יחידות,יחידה,1.00,יחידה,false,0,11.10,11.10,true,1,
7290001209042,false,רוסטביף עגל רשת עטרה לקג,עטרה,IL,רוסטביף עגל רשת עטרה לקג,קילוגרמים,0.00,"ק""ג",true,0,56.90,56.90,true,1,
7290001209073,false,רולדה הודו קפוא עטרה לקג,,IL,רולדה הודו קפוא עטרה לקג,קילוגרמים,0.00,"ק""ג",true,0,38.90,38.90,true,1,
7290001209103,false,טחון עוף עטרה 500 גרם,עטרה,IL,טחון עוף עטרה 500 גרם,גרמים,500.00,100 גרם,false,0,12.60,2.52,true,1,
7290001209158,false,שניצל עוף פרוס עטרה קפוא,שונות,IL,שניצל עוף פרוס עטרה קפוא,קילוגרמים,0.00,"ק""ג",true,0,33.90,33.90,true,1,
7290001209264,false,בשר בקר טחון עטרה 500גרם,עטרה,IL,בשר בקר טחון עטרה 500גרם,גרמים,500.00,100 גרם,false,0,24.90,4.98,true,1,
7290001209349,false,עוף טרי ארוז עטרה,שונות,IL,עוף טרי עטרה,קילוגרמים,0.00,"ק""ג",true,0,23.90,23.90,true,1,
7290001209356,false,כרעיים עוף טרי ארוז עטרה,שונות,IL,כרעיים ע.טרי עטר,קילוגרמים,0.00,"ק""ג",true,0,33.90,33.90,true,1,
7290001209387,false,שוקיים עוף טרי ארוז עטרה,שונות,IL,שוקיים עוף טרי ע,קילוגרמים,0.00,"ק""ג",true,0,37.90,37.90,true,1,
7290001209509,false,סטייק עוף 800 גרם,עטרה,IL,סטייק עוף 800גרם,גרמים,800.00,100 גרם,false,0,24.90,3.11,true,1,
7290001209516,false,סטייק עין 800 גרם,עטרה,IL,סטייק עין 800 גרם,גרמים,800.00,100 גרם,false,0,50.00,6.25,true,1,
7290001209585,false,גרון עוף קפוא עטרה במשקל,עוף הארץ,IL,גרון עוף קפוא,גרמים,0.00,"ק""ג",true,1,5.90,5.90,true,1,
7290001209769,false,כתף בקר מיושן עטרה קג,נטו,IL,כתף מיושן עטרה,קילוגרמים,0.00,"ק""ג",true,0,54.90,54.90,true,1,
7290001209776,false,צלי כתף מיושן עטרה במשקל,נטו,IL,צלי כתף מיושן עט,קילוגרמים,0.00,"ק""ג",true,0,94.90,94.90,true,1,
7290001209783,false,סטייק אנטריקוט עטרה קג,נטו,IL,אנטריקוט מיושן ע,קילוגרמים,0.00,"ק""ג",true,0,89.90,89.90,true,1,
7290001209851,false,"בקר טחון טרי עטרה ק""ג",.,IL,טחון בקר עטרה,קילוגרמים,0.00,"ק""ג",true,0,54.90,54.90,true,1,
7290001209875,false,אסדו טרי,,IL,אסדו טרי,קילוגרמים,0.00,"ק""ג",true,0,54.90,54.90,true,1,
7290001209905,false,צלעות בקר מיושן עטרה קג,נטו,IL,צלעות מיושן עטרה,קילוגרמים,0.00,"ק""ג",true,0,49.90,49.90,true,1,
7290001209912,false,שריר הזרוע מיושן עטרה קג,נטו,IL,שריר מיושן עטרה,קילוגרמים,0.00,"ק""ג",true,0,54.90,54.90,true,1,
7290001209950,false,פילה מדומה מיושן עטרה,נטו,IL,פ.מדומה מיושן עט,קילוגרמים,0.00,"ק""ג",true,0,69.90,69.90,true,1,
7290001215098,false,סלמון מעושן בואקום 100גר,מעדני מיקי,IL,סלמון מעושן בואקום 100גר,גרמים,100.00,100 גרם,false,0,14.90,14.90,true,1,
7290001215456,false,פילה מקרל מקרוסקה במשקל,מעדני מיקי,IL,פילה מקרל מקרוסקה במשקל,קילוגרמים,0.00,"ק""ג",true,0,99.00,99.00,true,1,
7290001247006,false,גזוז בטעם קולה קריסטל 2ל,יפאורה שותפות מובגלת לשיווק,IL,גזוז בטעם קולה קריסטל 2ל,ליטרים,2.00,ליטר,false,0,3.30,1.65,true,1,
7290001247020,false,קריסטל אורנג' 2 ליטר,יפאורה שותפות מובגלת לשיווק,IL,קריסטל אורנג' 2 ליטר,ליטרים,2.00,ליטר,false,0,3.30,1.65,true,1,
7290001247037,false,גזוז בטעם מנטה קריסטל 2ל,יפאורה שותפות מובגלת לשיווק,IL,גזוז בטעם מנטה קריסטל 2ל,ליטרים,2.00,ליטר,false,0,3.30,1.65,true,1,
7290001247044,false,קריסטל תות מוגז 2 ליטר,יפאורה שותפות מובגלת לשיווק,IL,קריסטל תות מוגז 2 ליטר,ליטרים,2.00,ליטר,false,0,3.30,1.65,true,1,
7290001247051,false,קריסטל למון ליים 2 ליטר,יפאורה שותפות מובגלת לשיווק,IL,קריסטל למון ליים 2 ליטר,ליטרים,2.00,ליטר,false,0,3.30,1.65,true,1,
7290001247068,false,נקטר ספרינג תות-בננה 1ל',יפאורה שותפות מובגלת לשיווק,IL,נקטר ספרינג תות-בננה 1ל',ליטרים,1.00,ליטר,false,0,4.80,4.80,true,1,
7290001247082,false,נקטר עגבניות ספרינג 1 ל',יפאורה שותפות מובגלת לשיווק,IL,נקטר עגבניות ספרינג 1 ל',ליטרים,1.00,ליטר,false,0,4.80,4.80,true,1,
7290001247099,false,נקטר ספרינג מנגו 1 ליטר,יפאורה שותפות מובגלת לשיווק,IL,נקטר ספרינג מנגו 1 ליטר,ליטרים,1.00,ליטר,false,0,4.80,4.80,true,1,
7290001247105,false,נקטר ספרינג אפרסק 1 ליטר,יפאורה שותפות מובגלת לשיווק,IL,נקטר ספרינג אפרסק 1 ליטר,ליטרים,1.00,ליטר,false,0,4.80,4.80,true,1,
7290001247112,false,נקטר ספרינג לימונענע 1ל',יפאורה שותפות מובגלת לשיווק,IL,נקטר ספרינג לימונענע 1ל',ליטרים,1.00,ליטר,false,0,4.80,4.80,true,1,
7290001247129,false,נקטר ספרינג תפוזים 1ליטר,יפאורה שותפות מובגלת לשיווק,IL,נקטר ספרינג תפוזים 1ליטר,ליטרים,1.00,ליטר,false,0,4.80,4.80,true,1,
7290001247143,false,נקטר ספרינג תפוחים 1ליטר,יפאורה שותפות מובגלת לשיווק,IL,נקטר ספרינג תפוחים 1ליטר,ליטרים,1.00,ליטר,false,0,4.80,4.80,true,1,
7290001247211,false,קריסטל ענבים מוגז 2 ליטר,יפאורה שותפות מובגלת לשיווק,IL,קריסטל ענבים מוגז 2 ליטר,ליטרים,2.00,ליטר,false,0,3.30,1.65,true,1,
7290001247754,false,"קולה R.C פחית 330 מ""ל",יפאורה שותפות מובגלת לשיווק,IL,קולה R.C פחית,מיליליטרים,330.00,"100 מ""ל",false,0,3.40,1.03,true,1,
7290001247952,false,"תפוזינה משק""ל ענבים1.5ל",יפאורה שותפות מובגלת לשיווק,IL,תפוזינה ענבים,ליטרים,1.50,ליטר,false,0,5.90,3.93,true,1,
7290001258088,false,קצ'וטה צאן יעקבס30% משקל,גבינות משק יעקבס,IL,קצ'וטה צאן יעקבס30% משקל,קילוגרמים,0.00,"ק""ג",true,0,123.00,123.00,true,1,
7290001258101,false,גאודה 28% במשקל,גבינות משק יעקבס,IL,גאודה 28% במשקל,קילוגרמים,0.00,"ק""ג",true,0,85.00,85.00,true,1,
7290001258118,false,קממברט בקר 25% במשקל,גבינות משק יעקבס,IL,קממברט בקר 25% במשקל,קילוגרמים,0.00,"ק""ג",true,0,103.00,103.00,true,1,
7290001258149,false,פקורינו רומנו צאן 30%,גבינות משק יעקבס,IL,פקורינו רומנו צאן 30%,קילוגרמים,0.00,"ק""ג",true,0,123.00,123.00,true,1,
7290001258248,false,קממב.עיזים אופיר28% משקל,גבינות משק יעקבס,IL,קממב.עיזים אופיר28% משקל,קילוגרמים,0.00,"ק""ג",true,0,123.00,123.00,true,1,
7290001258309,false,גבינת תום עיזים 30% משקל,גבינות משק יעקבס,IL,גבינת תום עיזים 30% משקל,קילוגרמים,0.00,"ק""ג",true,0,123.00,123.00,true,1,
7290001281758,false,ריבה בטעם תות-משמש 400גר,מיטב,,ריבה בטעם תות-משמש 400גר,גרמים,400.00,100 גרם,false,0,6.00,1.50,true,1,
7290001305188,false,פלמוליב לכלים צהוב 750מל,קולגייט-פלמוליב,GR,פלמוליב לכלים,מיליליטרים,750.00,"100 מ""ל",false,0,11.00,1.47,true,1,
7290001327791,false,גל.קרמיסימו עוגיות 1.33ל,שטראוס,IL,גל.קרמיסימו עוגיות 1.33ל,ליטרים,1.33,ליטר,false,0,19.90,14.96,true,1,
7290001327838,false,מאגדת מיני מגנום פולטיפק,שטראוס,IL,מאגדת מיני מגנום פולטיפק,גרמים,250.00,100 גרם,false,0,26.90,10.76,true,1,
7290001342350,false,מטיאס הולנדי עם בצל700גר,,,מטיאס הולנדי עם בצל700גר,גרמים,700.00,100 גרם,false,0,30.60,4.37,true,1,
7290001343388,false,שוקונית,,IL,שוקונית,קילוגרמים,1.00,"ק""ג",false,0,11.90,11.90,true,1,
7290001343982,false,"גרנולה לייט מעורבת 1 ק""ג",,IL,"גרנולה לייט מעורבת 1 ק""ג",קילוגרמים,1.00,"ק""ג",false,0,29.60,29.60,true,1,
7290001407127,false,פרוסות חלבה וניל 400 גרם,רושדי תעשיות מזון,IL,פרוסות חלבה וניל,גרמים,400.00,100 גרם,false,0,13.20,3.30,true,1,
7290001407752,false,טחינה עם פטרוזיליה 500גר,רושדי תעשיות מזון,,טחינה גולמית,גרמים,500.00,100 גרם,false,0,17.90,3.58,true,1,
7290001407769,false,טחינה שומש.מלא בארכה500ג,רושדי תעשיות מזון,IL,טחינה שומשום,גרמים,500.00,100 גרם,false,0,17.90,3.58,true,1,
7290001407813,false,חלבה פיסטוק בארכה 350גרם,רושדי תעשיות מזון,IL,חלבה פיסטוק,גרמים,350.00,100 גרם,false,0,13.50,3.86,true,1,
7290001419342,false,גלידה חמה ימבו וניל 15יח,גלידות אריזונה,IL,גלידה חמה ימבו,גרמים,225.00,100 גרם,false,0,20.00,8.89,true,1,
7290001419458,false,וופל ללא סוכר,,IL,וופל ללא סוכר,גרמים,200.00,100 גרם,false,0,7.10,3.55,true,1,
7290001419618,false,וופל בלגי שוקולד,,IL,וופל בלגי שוקולד,גרמים,200.00,100 גרם,false,0,3.00,1.50,true,1,
7290001419779,false,ופלים ט.שוקולד,,IL,ופלים ט.שוקולד,גרמים,200.00,100 גרם,false,0,3.00,1.50,true,1,
7290001462010,false,אריסה מרוקאית 250 גרם,נטו,IL,אריסה מרוקאית 250 גרם,גרמים,250.00,100 גרם,false,0,13.50,5.40,true,1,
7290001476208,false,ברי פקאן במשקל,,IL,ברי פקאן במשקל,קילוגרמים,0.00,"ק""ג",true,0,129.00,129.00,true,1,
7290001485019,false,גב.שמנת בטעם טבעי5% 200ג,טרה,IL,גבינת שמנת 5%,גרמים,200.00,100 גרם,false,0,9.90,4.95,true,1,
7290001485026,false,גב.שמנת עם זיתים 5% 200ג,טרה,IL,גבינת שמנת+זיתים,גרמים,200.00,100 גרם,false,0,9.90,4.95,true,1,
7290001491096,false,תה ירוק לימונ+לואיזה50שק,ויסוצקי,IL,תה ירוק לימונ+לואיזה50שק,גרמים,75.00,100 גרם,false,0,38.30,51.07,true,1,
7290001594858,false,בירה טובורג רד בק330*6מל,קרלסברג ישראל,IL,טובורג רד 6 יח,ליטרים,1.98,ליטר,false,0,41.70,21.06,true,1,
7290001594865,false,"בירה קרלסברג בק330*6 מ""ל",קרלסברג ישראל,IL,"בירה קרלסברג בק330*6 מ""ל",ליטרים,1.98,ליטר,false,0,41.70,21.06,true,1,
7290001648155,false,קפה רג'ואן 100 גרם,רוני רג'ואן ושות,IL,קפה רג'ואן,גרמים,100.00,100 גרם,false,0,7.00,7.00,true,1,
7290001648643,false,קפה טורקי כתר 3 יח100X'ג,רוני רג'ואן ושות,IL,מארז טורקי כתר,גרמים,300.00,100 גרם,false,0,12.80,4.27,true,1,
7290001670651,false,מנגל חד פעמי,,,מנגל חד פעמי,יחידה,1.00,יחידה,false,0,9.90,9.90,true,1,
7290001670736,false,כפפות ניילון חד פעמי100,הנמל,IL,כפפות ניילון,יחידה,1.00,יחידה,false,0,6.20,6.20,true,1,
7290001713518,false,ס.מוריץ תרסיס רהיטים750מ,קומפלקס כימיקלים,,תרסיס לרהיטים,מיליליטרים,750.00,"100 מ""ל",false,0,13.40,1.79,true,1,
7290001713853,false,אקונומיקה מבושמת 4 ליטר,קומפלקס כימיקלים,IL,אקונומיקה מבושמת,ליטרים,4.00,ליטר,false,0,8.50,2.13,true,1,
7290001779965,false,שלגוני ויטמינצ'יק כשלפ,נסטלה,IL,שלגוני ויטמינצ'יק כשלפ,גרמים,800.00,100 גרם,false,0,20.90,2.61,true,1,
7290001780428,false,גלידיאט שוקו+ 6יח'כשלפ,נסטלה,IL,גלידיאט שוקו+ 6יח'כשלפ,גרמים,360.00,100 גרם,false,0,29.90,8.31,true,1,
7290001791349,false,פיסגה אקונומיקה ריחנית4ל,סנו,IL,אקונומיקה פיסגה,ליטרים,4.00,ליטר,false,0,8.90,2.23,true,1,
7290001813454,false,חיוכים סנדויץ שוקולד900ג,עלית,IL,חיוכים שוקו,גרמים,900.00,100 גרם,false,0,19.70,2.19,true,1,
7290001813881,false,פתי בר בטעם חמאה 500 גרם,עלית,IL,פתי בר עלית,גרמים,500.00,100 גרם,false,0,9.50,1.90,true,1,
7290001814147,false,ממרח בטעם שוקולד פרה500ג,עלית,IL,ממרח בטעם שוקולד,גרמים,500.00,100 גרם,false,0,9.90,1.98,true,1,
7290001815397,false,שוקולד חלב מגדים 100*6גר,עלית,IL,שוקולד חלב 6 יח,גרמים,600.00,100 גרם,false,0,25.90,4.32,true,1,
7290001815403,false,שוק.מריר מגדים 100*6 גרם,עלית,IL,שוקולד מריר 6 יח,גרמים,600.00,100 גרם,false,0,25.90,4.32,true,1,
7290001815885,false,מסטיק מאסט פירות 28 גרם,עלית,IL,מסטיק מאסט,גרמים,28.00,100 גרם,false,0,4.00,14.29,true,1,
7290001817063,false,סוכ.טופי מזל וברכות850גר,עלית,IL,טופי ברכות פירות,גרמים,850.00,100 גרם,false,0,13.80,1.62,true,1,
7290001817377,false,ציטוס איקס עיגול פיצה60ג,עלית,IL,צ'יטוס איקס,גרמים,60.00,100 גרם,false,0,3.10,5.17,true,1,
7290001817582,false,צ'יטוס כאפה 15*10 גרם,עלית,IL,מארז צ'יטוס כאפה,גרמים,150.00,100 גרם,false,0,8.90,5.93,true,1,
7290001817728,false,צ'יטוס כאפה 55 גרם,עלית,IL,צ'יטוס כפאה,גרמים,55.00,100 גרם,false,0,3.10,5.64,true,1,
7290001820605,false,רוטב פיטריות בקופסא 300,מתבל,IL,רוטב פיטריות בקופסא 300,גרמים,300.00,100 גרם,false,1,14.90,4.97,true,1,
7290001865439,false,סבון פמלי לבן +משאבה 1ל',אינטרקוסמא,IL,סבון פמלי לבן +משאבה 1ל',ליטרים,1.00,ליטר,false,0,12.90,12.90,true,1,
7290001865453,false,סבון פמלי סגול+משאבה 1ל',אינטרקוסמא,IL,סבון פמלי סגול+משאבה 1ל',ליטרים,1.00,ליטר,false,0,12.90,12.90,true,1,
7290001946404,false,שום כתוש 250 גרם,נטו,IL,שום כתוש 250 גרם,גרמים,250.00,100 גרם,false,0,13.50,5.40,true,1,
7290001990094,false,"סוכר חום בצנצנת 1 ק""ג",סוגת,IL,"סוכר חום בצנצנת 1 ק""ג",קילוגרמים,1.00,"ק""ג",false,0,11.80,11.80,true,1,
7290001990148,false,"סוכר גולדן קלאסי 1 ק""ג",סוגת,IL,סוכר גולדן,קילוגרמים,1.00,"ק""ג",false,0,9.30,9.30,true,1,
7290001990261,false,"חומוס 1 ק""ג",סוגת,IL,חומוס,קילוגרמים,1.00,"ק""ג",false,0,11.20,11.20,true,1,
7290001990278,false,"שעועית לבנה 1 ק""ג",סוגת,IL,שעועית לבנה,קילוגרמים,1.00,"ק""ג",false,0,15.90,15.90,true,1,
7290001990391,false,"אפונה 1 ק""ג",סוגת,IL,אפונה,קילוגרמים,1.00,"ק""ג",false,0,8.20,8.20,true,1,
7290001990407,false,"עדשים ירוקות 1 ק""ג",סוגת,IL,עדשים ירוקות,קילוגרמים,1.00,"ק""ג",false,0,10.50,10.50,true,1,
7290001990414,false,"עדשים אדומות 1 ק""ג",סוגת,IL,עדשים אדומות,קילוגרמים,1.00,"ק""ג",false,0,11.90,11.90,true,1,
7290001990421,false,"פופקורן 1 ק""ג",סוגת,IL,"פופקורן 1 ק""ג",קילוגרמים,1.00,"ק""ג",false,0,8.30,8.30,true,1,
7290002000143,false,"פנג'ל קרם ידיים 100 מ""ל",אינטרקוסמא,IL,קרם ידיים פנג'ל,מיליליטרים,80.00,"100 מ""ל",false,0,9.90,12.38,true,1,
7290002002635,false,שעוות הדבש משי לפנים80גר,ש.שוורץ,IL,שעוות הדבש משי לפנים80גר,גרמים,80.00,100 גרם,false,0,19.60,24.50,true,1,
7290002003168,false,"קרם ידיים  פנג'ל 80*3מ""ל",אינטרקוסמא,CH,קרם יד.פנג'ל 3יח,מיליליטרים,240.00,"100 מ""ל",false,0,13.80,5.75,true,1,
7290002007234,false,אבקת סוכר 100 גרם,הנמל,IL,אבקת סוכר,גרמים,100.00,100 גרם,false,0,1.80,1.80,true,1,
7290002007241,false,סודה לשתיה 50 גרם,הנמל,IL,סודה לשתיה,גרמים,50.00,100 גרם,false,0,1.40,2.80,true,1,
7290002007357,false,שקיות לצליה דליקטס 10 יח,הנמל,IL,שקיות לצליה,יחידה,1.00,יחידה,false,0,3.80,3.80,true,1,
7290002007395,false,דובדבנים מסוכרים 100 גרם,הנמל,IL,דובדבנים מסוכרים,גרמים,100.00,100 גרם,false,0,6.00,6.00,true,1,
7290002007470,false,סבון נוזלי 4 ליטר,הנמל,IL,סבון נוזלי,ליטרים,4.00,ליטר,false,0,12.90,3.23,true,1,
7290002007500,false,קיסמים שיניים במבוק500יח,הנמל,IL,קיסמי שיניים,יחידה,1.00,יחידה,false,0,2.50,2.50,true,1,
7290002007760,false,פירורי לחם 1 ק'ג,הנמל,IL,פירורי לחם,קילוגרמים,1.00,"ק""ג",false,0,9.90,9.90,true,1,
7290002007852,false,"תמצית לאפיה וניל 55 מ""ל",הנמל,IL,תמצית וניל,מיליליטרים,55.00,"100 מ""ל",false,0,2.90,5.27,true,1,
7290002008040,false,"מקלות לשיפודים30ס""מ100יח",הנמל,IL,מקלות לשיפודים,יחידה,1.00,יחידה,false,0,2.50,2.50,true,1,
7290002008057,false,"תמצית רום 55 מ""ל",הנמל,IL,תמצית רום,גרמים,55.00,100 גרם,false,0,2.90,5.27,true,1,
7290002008071,false,100עטרות חום בקופסא מס2',הנמל,IL,עטרות בקופסה,יחידה,1.00,יחידה,false,0,4.10,4.10,true,1,
7290002008118,false,צמרוני עץ לאוזניים 100יח,הנמל,IL,צמרוני אזניים,יחידה,1.00,יחידה,false,0,1.20,1.20,true,1,
7290002008149,false,מדליק פחם מוצק 40 קוביות,הנמל,DE,מדליק פחמים,יחידה,1.00,יחידה,false,0,5.90,5.90,true,1,
7290002008170,false,100עטרות חום בקופסא מס3',הנמל,IL,טרות בקופסה,יחידה,1.00,יחידה,false,0,3.80,3.80,true,1,
7290002008309,false,100עטרות חום בקופסא מס4',הנמל,IL,עטרות בקופסה,יחידה,1.00,יחידה,false,0,5.10,5.10,true,1,
7290002008323,false,סוכריות לקישוט עוגה200גר,הנמל,IL,סוכריות לקישוט,גרמים,200.00,100 גרם,false,0,7.00,3.50,true,1,
7290002008361,false,דפים לסנדויץ 200 יח',הנמל,IL,דפים לסנדויץ,יחידה,1.00,יחידה,false,0,9.90,9.90,true,1,
7290002008569,false,מלבין קפה פרווה 200 גרם,מטבל,IL,מלבין קפה,גרמים,200.00,100 גרם,false,0,11.90,5.95,true,1,
7290002008668,false,צמרונים קלירי 200 יח',הנמל,IL,צמרונים,יחידה,1.00,יחידה,false,0,3.90,3.90,true,1,
7290002008743,false,סוכר וניל 10 יחX' 10 גרם,הנמל,IL,סוכר וניל,גרמים,100.00,100 גרם,false,0,2.00,2.00,true,1,
7290002008750,false,10 גרם 'Xאבקת אפיה 10 יח,הנמל,IL,אבקת אפיה,גרמים,100.00,100 גרם,false,0,2.00,2.00,true,1,
7290002008835,false,מגן כיריים 4 יחידות,הנמל,IL,מגן כיריים,יחידה,1.00,יחידה,false,0,3.90,3.90,true,1,
7290002008934,false,סוכריות לקישוט 200 גרם,הנמל,IL,סוכריות לקישוט 200 גרם,גרמים,200.00,100 גרם,false,0,7.00,3.50,true,1,
7290002008989,false,קישקשים בקופסא 225 יח',הנמל,IL,קישקשים בקופסא,יחידה,1.00,יחידה,false,0,4.70,4.70,true,1,
7290002014607,false,"חומוס 1 ק""ג",מעדני מיקי,IL,"חומוס 1 ק""ג",קילוגרמים,1.00,"ק""ג",false,0,12.90,12.90,true,1,
7290002015154,false,מלפפ.במלח גדול 7-9 560גר,בני דרום,IL,מלפפ.במלח גדול 7-9 560גר,גרמים,560.00,100 גרם,false,0,4.70,0.84,true,1,
7290002015161,false,מלפפון במלח 10-12 560גרם,בני דרום,IL,מלפפון במלח 10-12 560גרם,גרמים,560.00,100 גרם,false,0,5.80,1.04,true,1,
7290002015192,false,מלפפ.במלח 18-25 560 גרם,בני דרום,IL,מלפפ.במלח 18-25 560 גרם,גרמים,560.00,100 גרם,false,0,8.80,1.57,true,1,
7290002015208,false,מלפפון במלח 13-17 560גרם,בני דרום,IL,מלפפון במלח,גרמים,560.00,100 גרם,false,0,6.90,1.23,true,1,
7290002015314,false,זיתים ירוק 12-15 340 גרם,,IL,זיתים ירוק 12-15 340 גרם,גרמים,340.00,100 גרם,false,0,5.40,1.59,true,1,
7290002015420,false,זיתים ירוקים חרוזית560גר,בני דרום,IL,זיתים חרוזית,גרמים,560.00,100 גרם,false,0,6.90,1.23,true,1,
7290002015499,false,זית סורי מבוקע 560 גרם,בני דרום,IL,זית סורי מבוקע,גרמים,560.00,100 גרם,false,0,7.90,1.41,true,1,
7290002015628,false,רצועות פלפל מתוק חומץ540,בני דרום,IL,רצועות פלפל מתוק חומץ540,גרמים,540.00,100 גרם,false,0,6.00,1.11,true,1,
7290002015666,false,פלפל חריף שיפקה 540 גרם,בני דרום,IL,פלפל חריף שיפקה,גרמים,540.00,100 גרם,false,0,5.40,1.00,true,1,
7290002015765,false,חצילים במלח 540 גרם,בני דרום,IL,חצילים במלח 540 גרם,גרמים,540.00,100 גרם,false,0,5.40,1.00,true,1,
7290002015819,false,"זית ירוק מנזולינו 3 ק""ג",בני דרום,IL,זיתים ירוקים,קילוגרמים,3.00,"ק""ג",false,0,26.00,8.67,true,1,
7290002015833,false,זיתים חרוזית ירוקים 3 קג,בני דרום,IL,זיתים חרוזית,קילוגרמים,3.00,"ק""ג",false,0,27.00,9.00,true,1,
7290002016472,false,מלפפון במלח 10-12 700 גר,בני דרום,IL,מלפפון במלח 10-12 700 גר,גרמים,700.00,100 גרם,false,0,10.90,1.56,true,1,
7290002020172,false,לחם איטלקי עם בצל קפוא,גידרון,IL,לחם איטלקי בצל,יחידה,1.00,יחידה,false,0,5.90,5.90,true,1,
7290002020189,false,מיני סופג+ריבה קפ.מטגן35,גידרון,IL,סופגניה מיני,גרמים,35.00,100 גרם,false,0,2.00,5.71,true,1,
7290002035121,false,מטיאס אמיתי שמן 5יח 300ג,,IL,מטיאס אמיתי שמן 5יח 300ג,גרמים,300.00,100 גרם,false,0,30.50,10.17,true,1,
7290002035138,false,מקרל מעושן בוואקום במשקל,,IL,מקרל מעושן בוואקום במשקל,קילוגרמים,0.00,"ק""ג",true,0,86.00,86.00,true,1,
7290002035169,false,מקרל מעושן מקרוסקה במשקל,,IL,מקרל מעושן מקרוסקה במשקל,קילוגרמים,0.00,"ק""ג",true,0,112.00,112.00,true,1,
7290002035206,false,חזרת 360 גרם,,IL,חזרת 360 גרם,גרמים,360.00,100 גרם,false,0,12.90,3.58,true,1,
7290002035312,false,טונה מעושנת בואקום במשקל,,IL,טונה מעושנת בואקום במשקל,קילוגרמים,0.00,"ק""ג",true,0,117.00,117.00,true,1,
7290002035336,false,מטיאס הולנדי בשמן 300גרם,,IL,מטיאס הולנדי בשמן 300גרם,גרמים,300.00,100 גרם,false,0,19.40,6.47,true,1,
7290002035343,false,הרינג כבוש צנצנת 300 גרם,,IL,הרינג כבוש צנצנת 300 גרם,גרמים,300.00,100 גרם,false,0,19.40,6.47,true,1,
7290002035862,false,דג מטיאס הולנדי 700 גרם,,,דג מטיאס הולנדי 700 גרם,גרמים,700.00,100 גרם,false,0,30.50,4.36,true,1,
7290002035879,false,דג הרינג כבוש 700 גרם,,,דג הרינג כבוש 700 גרם,גרמים,700.00,100 גרם,false,0,30.60,4.37,true,1,
7290002035886,false,מטיאס הולנדי עם בצל300גר,,IL,מטיאס הולנדי עם בצל300גר,גרמים,300.00,100 גרם,false,0,19.40,6.47,true,1,
7290002037057,false,לחם פרוס לבן 500 גרם,מאפית ברמן,IL,לחם פרוס לבן 500 גרם,גרמים,500.00,100 גרם,false,0,6.00,1.20,true,1,
7290002037248,false,6 לחמנ.דגני קלות,מאפית ברמן,IL,6 לחמנ.דגני קלות,יחידה,1.00,יחידה,false,0,12.10,12.10,true,1,
7290002040088,false,קוסקוס מלא 350 גרם,קוסקוס מזון,IL,קוסקוס מלא,גרמים,350.00,100 גרם,false,0,5.80,1.66,true,1,
7290002053361,false,נודלס איטריות ביצים400גר,אוריינט,IL,נודלס איטריות ביצים400גר,גרמים,400.00,100 גרם,false,0,14.50,3.63,true,1,
7290002069003,false,"עוף טרי ארוז פלייש ק""ג",נטו,IL,עוף ארוז פלייש,גרמים,0.00,"ק""ג",true,0,19.90,19.90,true,1,
7290002069010,false,כרעיים ע.ט.ארוז פלייש קג,שונות,IL,כרעיים ע.ארוז,קילוגרמים,0.00,"ק""ג",true,0,28.90,28.90,true,1,
7290002069034,false,שוקיים ע.טרי פלייש ארוזק,שונות,IL,שוקיים עוף ארוז,קילוגרמים,0.00,"ק""ג",true,0,36.90,36.90,true,1,
7290002069041,false,חזה עוף טרי ארוז פלייש,שונות,IL,חזה עוף ארוז,קילוגרמים,0.00,"ק""ג",true,0,34.90,34.90,true,1,
7290002069058,false,שניצל עוף טרי ארוז פלייש,שונות,IL,שניצל ע.ארוז,קילוגרמים,0.00,"ק""ג",true,0,38.90,38.90,true,1,
7290002069065,false,כנפיים עוף טרי ארוז פליי,שונות,IL,כנפיים עוף ארוז,קילוגרמים,0.00,"ק""ג",true,0,13.90,13.90,true,1,
7290002069225,false,כרעיים עוף פלייש מחיר לפ,נטו,IL,כרעיים עוף פלייש,קילוגרמים,0.00,"ק""ג",true,0,19.90,19.90,true,1,
7290002069232,false,ירכיים עוף פלייש קפוא לק,נטו,IL,ירכיים עוף פלייש,קילוגרמים,0.00,"ק""ג",true,0,19.90,19.90,true,1,
7290002069256,false,חזה עוף פלייש מחיר לפי מ,פלייש,IL,חזה עוף פלייש,קילוגרמים,0.00,"ק""ג",true,0,29.90,29.90,true,1,
7290002069270,false,כנפיים עוף פלייש קפוא לק,פלייש,IL,כנפיים עוף פלייט,קילוגרמים,0.00,"ק""ג",true,0,9.90,9.90,true,1,
7290002069324,false,כבד עוף פלייש   יר לפי מ,,,כבד עוף פלייש   יר לפי מ,קילוגרמים,0.00,"ק""ג",true,0,16.90,16.90,true,1,
7290002077176,false,נתחי פילה סלמון קג,נטו,IL,פילה סלמון,קילוגרמים,0.00,"ק""ג",true,0,59.90,59.90,true,1,
7290002077268,false,מיני קציצות דג לבישול 00,נטו,IL,קציצות דג,גרמים,500.00,100 גרם,false,0,21.90,4.38,true,1,
7290002079033,false,לחם דגנים לייט 500 גרם,מאפיית דוידוביץ,IL,לחם דגנים לייט 500 גרם,גרמים,500.00,100 גרם,false,0,9.90,1.98,true,1,
7290002079477,false,לחם אחיד פרוס 750 גרם,מאפיית דוידוביץ,IL,לחם אחיד פרוס,גרמים,750.00,100 גרם,false,0,5.70,0.76,true,1,
7290002079927,false,לחם דגנים מלא 750 גרם,מאפיית דוידוביץ,IL,לחם דגנים מלא 750 גרם,גרמים,750.00,100 גרם,false,0,9.90,1.32,true,1,
7290002107316,false,גבינת טבורוג 5% משקל,משק צוריאל תבור,IL,גבינת טבורוג 5% משקל,קילוגרמים,0.00,"ק""ג",true,0,45.00,45.00,true,1,
7290002107743,false,צפתית מעודנת5%משק צוריאל,משק צוריאל תבור,IL,צפתית מעודנת5%משק צוריאל,קילוגרמים,0.00,"ק""ג",true,0,56.00,56.00,true,1,
7290002107798,false,בולגרית מעודנת 5% 250 גר,משק צוריאל תבור,IL,גבינה בולגרית 5%,גרמים,250.00,100 גרם,false,0,19.90,7.96,true,1,
7290002109303,false,רג 95*3 רגיליו ןמשב הנוט,רגיליו,IL,טונה בשמן 3 יח,גרמים,285.00,100 גרם,false,0,11.90,4.18,true,1,
7290002109334,false,קציצות דג סלמון לבישול 0,דלידג - נטו,GB,קציצות דג,גרמים,750.00,100 גרם,false,0,29.90,3.99,true,1,
7290002109372,false,בורקס פילו גבינה בולגרית,"שגמור בע""מ",IL,בורקס פילו גבינה בולגרית,גרמים,700.00,100 גרם,false,0,19.90,2.84,true,1,
7290002109419,false,גב.מותכת טעם שום שמיר120,,IL,גב.מותכת טעם שום שמיר120,גרמים,120.00,100 גרם,false,0,11.80,9.83,true,1,
7290002109426,false,גב.מותכת בטעם פיקנטי120ג,,IL,גב.מותכת בטעם פיקנטי120ג,גרמים,120.00,100 גרם,false,0,11.80,9.83,true,1,
7290002109433,false,גב.מותכת בטעםשוויצרי120ג,,IL,גב.מותכת בטעםשוויצרי120ג,גרמים,120.00,100 גרם,false,0,11.80,9.83,true,1,
7290002111085,false,רסק עגבניות %22 100 גרם,זנלכל,IL,רסק עגבניות %22 100 גרם,גרמים,100.00,100 גרם,false,0,1.70,1.70,true,1,
7290002111122,false,"רסק תפו""ע+סוכר560ג מבורך",זנלכל,IL,"רסק תפו""ע+סוכר560ג מבורך",גרמים,560.00,100 גרם,false,0,6.40,1.14,true,1,
7290002111139,false,"ר.תפו""ע ב.סוכר560 פ.מבור",זנלכל,IL,"ר.תפו""ע ב.סוכר560 פ.מבור",גרמים,560.00,100 גרם,false,0,6.00,1.07,true,1,
7290002111214,false,תירס לייט מופחת קלוריות,זנלכל,IL,תירס לייט,גרמים,550.00,100 גרם,false,0,6.50,1.18,true,1,
7290002111337,false,רסק עגבניות 260 גרם,זנלכל,IL,רסק עגבניות 260 גרם,גרמים,260.00,100 גרם,false,0,3.60,1.38,true,1,
7290002111474,false,אפונת גדולה פרי מבורך550,זנלכל,IL,אפונת גדולה פרי מבורך550,גרמים,550.00,100 גרם,false,0,5.90,1.07,true,1,
7290002111511,false,אפונה וגזר פרי מבורך550ג,זנלכל,IL,אפונה וגזר,גרמים,550.00,100 גרם,false,0,5.90,1.07,true,1,
7290002111634,false,חומוס פרי מבורך 550 גרם,זנלכל,IL,חומוס פרי מבורך 550 גרם,גרמים,550.00,100 גרם,false,0,5.90,1.07,true,1,
7290002111665,false,רסק עגבנ%28. פ.מבורך580ג,זנלכל,IL,רסק עגבנ%28. פ.מבורך580ג,גרמים,580.00,100 גרם,false,0,6.50,1.12,true,1,
7290002111672,false,רסק עגבנ%22. פ.מבורך570ג,זנלכל,IL,רסק עגבניות %2,גרמים,570.00,100 גרם,false,0,5.90,1.04,true,1,
7290002111696,false,עגבנ.מרוסקות פ.מבורך800ג,זנלכל,IL,עגבניות מרוסקות,גרמים,800.00,100 גרם,false,0,5.90,0.74,true,1,
7290002111764,false,שעועית+ר.עגבנ.פ.מבורך580,זנלכל,IL,שעועית+ר.עגבנ.פ.מבורך580,גרמים,280.00,100 גרם,false,0,5.90,2.11,true,1,
7290002111825,false,תירס גרעינים פ.מבורך550ג,זנלכל,IL,תירס גרעינים פ.מבורך550ג,גרמים,550.00,100 גרם,false,0,5.90,1.07,true,1,
7290002111948,false,שעועית ירוקה פ.מבורך550ג,זנלכל,IL,שעועית ירוקה פ.מבורך550ג,גרמים,550.00,100 גרם,false,0,7.00,1.27,true,1,
7290002118398,false,צמרוני אוזניים מרובע200י,הנמל,IL,צמרוני אוזנים,יחידה,1.00,יחידה,false,0,3.90,3.90,true,1,
7290002128748,false,פתיליות 50 יחידות,שלהבת,IL,פתיליות 50 יח',יחידה,1.00,יחידה,false,0,3.00,3.00,true,1,
7290002130567,false,דבש טהור יד מרדכי 350גרם,יד מרדכי,IL,דבש טהור,גרמים,350.00,100 גרם,false,0,19.90,5.69,true,1,
7290002130574,false,דבש מפרחי בר יד מרדכי500,יד מרדכי,IL,דבש מפרחי בר יד מרדכי500,גרמים,500.00,100 גרם,false,0,26.30,5.26,true,1,
7290002130581,false,דבש בצנצנת יד מרדכי 1ק,יד מרדכי,IL,דבש בצנצנת יד מרדכי 1ק,קילוגרמים,1.00,"ק""ג",false,0,39.90,39.90,true,1,
7290002131250,false,כרעיים ע.טרי היד,,,כרעיים ע.טרי היד,קילוגרמים,0.00,"ק""ג",true,0,44.90,44.90,true,1,
7290002131267,false,חזה עוף הידורים,,,חזה עוף הידורים,קילוגרמים,0.00,"ק""ג",true,0,44.90,44.90,true,1,
7290002131274,false,כנפיים עוף,,,כנפיים עוף,קילוגרמים,0.00,"ק""ג",true,0,19.90,19.90,true,1,
7290002131311,false,עוף טרי הידורים,,,עוף טרי הידורים,קילוגרמים,0.00,"ק""ג",true,0,29.90,29.90,true,1,
7290002131397,false,עוף מס2' הידורים קפוא מח,הידורים,IL,עוף מס2' הידורים קפוא מח,קילוגרמים,0.00,"ק""ג",true,0,27.90,27.90,true,1,
7290002131410,false,כרעיים עוף הידורים קפוא,,,כרעיים עוף הידורים קפוא,קילוגרמים,0.00,"ק""ג",true,0,43.90,43.90,true,1,
7290002131434,false,ירכיים עוף הידורים קפוא,,IL,ירכיים עוף הידורים קפוא,קילוגרמים,0.00,"ק""ג",true,0,44.90,44.90,true,1,
7290002131441,false,עוף מחולק הידורים קפוא מ,,IL,עוף מחולק הידורים קפוא מ,קילוגרמים,0.00,"ק""ג",true,0,34.90,34.90,true,1,
7290002131458,false,כנפיים עוף הידורים קפוא,,IL,כנפיים עוף הידורים קפוא,קילוגרמים,0.00,"ק""ג",true,0,17.90,17.90,true,1,
7290002131465,false,שוקיים עוף הידורים קפוא,,,שוקיים עוף הידורים קפוא,קילוגרמים,0.00,"ק""ג",true,0,46.90,46.90,true,1,
7290002131496,false,גרון עוף הידורים מחיר לפ,,,גרון עוף הידורים מחיר לפ,קילוגרמים,0.00,"ק""ג",true,0,7.90,7.90,true,1,
7290002133063,false,גב.צפתית קשה 29%במשקל,מחלבת השומרון,IL,גב.צפתית קשה 29%במשקל,קילוגרמים,0.00,"ק""ג",true,0,66.00,66.00,true,1,
7290002133070,false,גב.קשקבל טורקי צאן22%משק,מחלבת השומרון,IL,גב.קשקבל טורקי צאן22%משק,קילוגרמים,0.00,"ק""ג",true,0,103.00,103.00,true,1,
7290002133087,false,גבינה בולגרית צאן20%משקל,מחלבת השומרון,,גבינה בולגרית צאן20%משקל,גרמים,0.00,"ק""ג",true,0,83.00,83.00,true,1,
7290002133094,false,ברינזה צאן 20% במשקל,מחלבת השומרון,IL,ברינזה צאן 20% במשקל,קילוגרמים,0.00,"ק""ג",true,0,85.00,85.00,true,1,
7290002133124,false,גבינת ריקוטה 5% במשקל,מחלבת השומרון,IL,גבינת ריקוטה 5% במשקל,קילוגרמים,0.00,"ק""ג",true,0,52.00,52.00,true,1,
7290002133148,false,צפתית רכה 5% במשקל,מחלבת השומרון,IL,צפתית רכה 5% במשקל,קילוגרמים,0.00,"ק""ג",true,0,56.00,56.00,true,1,
7290002133193,false,גבינה בולגרית 5% משקל,מחלבת השומרון,IL,גבינה בולגרית 5% משקל,קילוגרמים,0.00,"ק""ג",true,0,56.00,56.00,true,1,
7290002150305,false,סיגר בשר 1קג,"אדריה בע""מ",IL,סיגר בשר 1קג,גרמים,1000.00,100 גרם,false,0,28.90,2.89,true,1,
7290002150329,false,"קובה למרק 1 ק""ג","אדריה בע""מ",IL,"קובה למרק 1 ק""ג",גרמים,1000.00,100 גרם,false,0,38.30,3.83,true,1,
7290002150336,false,פלאפל 800 גרם,"אדריה בע""מ",IL,פלאפל 800 גרם,גרמים,800.00,100 גרם,false,0,18.10,2.26,true,1,
7290002150374,false,קובה חמוסטה 1קג,"אדריה בע""מ",IL,קובה חמוסטה 1קג,גרמים,1000.00,100 גרם,false,0,38.30,3.83,true,1,
7290002150404,false,"סיגר תפו""א 1קג","אדריה בע""מ",IL,"סיגר תפו""א 1קג",יחידה,1.00,יחידה,false,0,25.40,25.40,true,1,
7290002150473,false,"קרפלך במילוי בשר 1 ק""ג","אדריה בע""מ",IL,קרעפלך מילוי בשר,גרמים,1000.00,100 גרם,false,0,29.70,2.97,true,1,
7290002150527,false,"פסטל תפו""א 1קג","אדריה בע""מ",IL,"פסטל תפו""א 1קג",גרמים,1000.00,100 גרם,false,0,26.70,2.67,true,1,
7290002150602,false,קובה בורגול במילוי בשר 1,"אדריה בע""מ",IL,קובה בורגול במילוי בשר 1,גרמים,1000.00,100 גרם,false,0,29.70,2.97,true,1,
7290002150688,false,קרפלך תפו'א 1קג,"אדריה בע""מ",IL,קרפלך תפו'א 1קג,יחידה,1.00,יחידה,false,0,26.70,26.70,true,1,
7290002232964,false,ציפוי פז דק ל.גלוטן600ג,,IL,ציפוי פז דק ל.גלוטן600ג,גרמים,600.00,100 גרם,false,0,21.90,3.65,true,1,
7290002253006,false,שום כתוש דורות 200 גרם,דורות,IL,שום כתוש דורות 200 גרם,גרמים,200.00,100 גרם,false,0,12.90,6.45,true,1,
7290002253037,false,"ראשום"" 200 גרם",דורות,IL,שום כתוש,גרמים,200.00,100 גרם,false,0,12.90,6.45,true,1,
7290002253105,false,שום במגשית 80 גרם,דורות,IL,שום כתוש קפוא,גרמים,80.00,100 גרם,false,0,9.50,11.88,true,1,
7290002253181,false,כוסברה קצוצה מגשית 70 גר,דורות,IL,כוסברה קצוצה,גרמים,70.00,100 גרם,false,0,9.50,13.57,true,1,
7290002253198,false,גינג'ר כתוש קפוא מגשית70,דורות,IL,גינג'ר כתוש קפוא מגשית70,גרמים,70.00,100 גרם,false,0,9.50,13.57,true,1,
7290002259664,false,רדיד אלומיניום,,IL,רדיד אלומיניום,מטרים,60.00,מטר,false,0,39.90,0.67,true,1,
7290002260806,false,ביסלי ברביקיו חמוץ חרי70,אסם,IL,ביסלי אקסטרים,גרמים,70.00,100 גרם,false,0,4.50,6.43,true,1,
7290002279211,false,חלה מתוקה 500 ג',,IL,חלה מתוקה 500 ג',גרמים,500.00,100 גרם,false,0,6.90,1.38,true,1,
7290002279884,false,לחם אחיד פרוס 750 גרם,,IL,לחם אחיד פרוס 750 גרם,גרמים,750.00,100 גרם,false,0,5.70,0.76,true,1,
7290002285816,false,שניצל פרימ' טרי אר' עטרה,נטו,IL,שניצל פרימיום,קילוגרמים,0.00,"ק""ג",true,1,39.90,39.90,true,1,
7290002319016,false,אבקת אפיה 10 יח X 10 גרם,מיה,IL,אבקת אפיה 10 יח X 10 גרם,גרמים,100.00,100 גרם,false,0,2.00,2.00,true,1,
7290002319023,false,סוכר וניל 10 יחידות,מיה,IL,סוכר וניל 10 יחידות,גרמים,100.00,100 גרם,false,0,2.00,2.00,true,1,
7290002319054,false,פרג טחון 100 גרם,מיה,IL,פרג טחון,גרמים,100.00,100 גרם,false,0,4.90,4.90,true,1,
7290002319092,false,קמח תפוחי אדמה 500 גרם,מיה,IL,קמח תפוחי אדמה 500 גרם,גרמים,500.00,100 גרם,false,0,6.30,1.26,true,1,
7290002319146,false,שעועית אדומה 500 גרם,מיה,IL,שעועית אדומה,גרמים,500.00,100 גרם,false,0,13.20,2.64,true,1,
7290002319214,false,קווקר 200 גרם,מיה,IL,קווקר 200 גרם,גרמים,200.00,100 גרם,false,0,2.60,1.30,true,1,
7290002319306,false,שקדים קלויים 200גרם,מיה,IL,שקדים קלויים 200גרם,גרמים,200.00,100 גרם,false,0,19.90,9.95,true,1,
7290002319344,false,שקד טבעי 100גרם מיה,מיה,IL,שקדים טבעי 100ג,גרמים,100.00,100 גרם,false,0,12.90,12.90,true,1,
7290002319405,false,קינמון 80 גרם,מיה,IL,קינמון 80 גרם,גרמים,80.00,100 גרם,false,0,5.80,7.25,true,1,
7290002319429,false,פפריקה מתוקה 80 גרם,מיה,IL,פפריקה מתוקה 80 גרם,גרמים,80.00,100 גרם,false,0,5.80,7.25,true,1,
7290002319436,false,פלפל שחור טחון 80 גרם,מיה,IL,פלפל שחור,גרמים,80.00,100 גרם,false,0,11.90,14.88,true,1,
7290002319443,false,כמון 80 גרם,מיה,IL,כמון 80 גרם,גרמים,80.00,100 גרם,false,0,5.00,6.25,true,1,
7290002319450,false,כרכום 80 גרם,מיה,IL,כרכום 80 גרם,גרמים,80.00,100 גרם,false,0,5.90,7.38,true,1,
7290002319467,false,אורגנו 35 גרם,מיה,IL,אורגנו 35 גרם,גרמים,35.00,100 גרם,false,0,5.80,16.57,true,1,
7290002319474,false,אבקת שום 80 גרם,מיה,IL,אבקת שום 80 גרם,גרמים,80.00,100 גרם,false,0,5.80,7.25,true,1,
7290002319580,false,מלח לימון 150 גרם,מיה,IL,מלח לימון,גרמים,150.00,100 גרם,false,0,5.70,3.80,true,1,
7290002319603,false,בוטנים טחונים100,,IL,בוטנים טחונים100,גרמים,100.00,100 גרם,false,0,6.00,6.00,true,1,
7290002319610,false,שקדים טחונים 100גרם מיה,מיה,IL,שקדים טחונים 100גרם מיה,גרמים,100.00,100 גרם,false,0,11.90,11.90,true,1,
7290002319627,false,ציפורן טחון 50 גרם,מיה,IL,ציפורן טחון 50 גרם,גרמים,50.00,100 גרם,false,0,11.90,23.80,true,1,
7290002319641,false,גריל עוף 80 גרם,מיה,IL,גריל עוף 80 גרם,גרמים,80.00,100 גרם,false,0,5.70,7.13,true,1,
7290002319689,false,סודה לשתיה הר נוף 150 גר,מיה,IL,סודה לשתיה הר נוף 150 גר,גרמים,150.00,100 גרם,false,0,5.80,3.87,true,1,
7290002319740,false,אגוז מלך טחון 100גרם מיה,מיה,IL,אגוז מלך טחון,גרמים,100.00,100 גרם,false,0,12.90,12.90,true,1,
7290002319764,false,משמש מיובש 200גרם-מיה,מיה,IL,משמש מיובש 200גרם-מיה,גרמים,200.00,100 גרם,false,0,13.90,6.95,true,1,
7290002319771,false,"תמצית אפיה וניל 55 מ""ל",מיה,IL,"תמצית אפיה וניל 55 מ""ל",מיליליטרים,55.00,"100 מ""ל",false,0,2.90,5.27,true,1,
7290002319788,false,"תמצית אפיה רום 55 מ""ל",מיה,IL,"תמצית אפיה רום 55 מ""ל",מיליליטרים,50.00,"100 מ""ל",false,0,2.90,5.80,true,1,
7290002319825,false,אבקת סוכר 100 גרם,מיה,IL,אבקת סוכר 100 גרם,גרמים,100.00,100 גרם,false,0,1.70,1.70,true,1,
7290002319849,false,שזיפים יבשים200גרם-מיה,מיה,IL,שזיפים יבשים200גרם-מיה,גרמים,200.00,100 גרם,false,0,9.90,4.95,true,1,
7290002319917,false,גרעיני חמנייה קלויים 150,מיה,IL,גרעיני חמנייה קלויים 150,גרמים,150.00,100 גרם,false,0,5.90,3.93,true,1,
7290002319924,false,גרעיני דלעת קלויים 200 ג,מיה,IL,גרעיני דלעת קלויים 200 ג,גרמים,200.00,100 גרם,false,0,7.90,3.95,true,1,
7290002319931,false,בוטנים קלויים 200 גרם,מיה,IL,בוטנים קלויים 200 גרם,גרמים,200.00,100 גרם,false,0,6.90,3.45,true,1,
7290002319979,false,200 גרעיני אבטיח קלויים,מיה,IL,200 גרעיני אבטיח קלויים,גרמים,200.00,100 גרם,false,0,10.90,5.45,true,1,
7290002319986,false,פיסטוק חלבי קלוי200גרם,מיה,IL,פיסטוק חלבי קלוי200גרם,גרמים,200.00,100 גרם,false,0,19.90,9.95,true,1,
7290002320487,false,"מעדן 100% מישמש ללת""ס284",בית יצחק,IL,"מעדן 100% מישמש ללת""ס284",גרמים,284.00,100 גרם,false,0,16.20,5.70,true,1,
7290002323198,false,ספרינג מיץ תפוחים 1.5 ל',יפאורה שותפות מובגלת לשיווק,IL,ספרינג תפוחים,ליטרים,1.50,ליטר,false,0,5.90,3.93,true,1,
7290002323204,false,ספרינג תפוחים דיאט 1.5ל',יפאורה שותפות מובגלת לשיווק,IL,ספרינג תפוח דיאט,ליטרים,1.50,ליטר,false,0,5.90,3.93,true,1,
7290002323815,false,משקה קל תפוזים קריסטל 2ל,יפאורה שותפות מובגלת לשיווק,IL,משקה קל תפוזים קריסטל 2ל,ליטרים,2.00,ליטר,false,0,3.30,1.65,true,1,
7290002323822,false,מיץ אשכוליות קריסטל2ליטר,יפאורה שותפות מובגלת לשיווק,IL,מיץ אשכוליות קריסטל2ליטר,ליטרים,2.00,ליטר,false,0,3.30,1.65,true,1,
7290002323839,false,משקה קל ענבים קריסטל 2ל',יפאורה שותפות מובגלת לשיווק,IL,משקה קל ענבים קריסטל 2ל',ליטרים,2.00,ליטר,false,0,3.30,1.65,true,1,
7290002323846,false,משקה קל מנגו 2 ליטר,יפאורה שותפות מובגלת לשיווק,IL,משקה קל מנגו 2 ליטר,ליטרים,2.00,ליטר,false,0,3.30,1.65,true,1,
7290002327028,false,ג'חנון 650 גרם,אופרה,IL,ג'חנון 650 גרם,גרמים,650.00,100 גרם,false,0,14.90,2.29,true,1,
7290002327042,false,"בורקס תפו""א 800 גרם",אופרה,IL,"בורקס תפו""א 800 גרם",גרמים,800.00,100 גרם,false,0,19.00,2.38,true,1,
7290002327059,false,"בצק עלים 1 ק""ג",אופרה,IL,"בצק עלים 1 ק""ג",קילוגרמים,1.00,"ק""ג",false,0,19.00,19.00,true,1,
7290002327066,false,קונכיות למילוי 625 גרם,אופרה,IL,קונכיות למילוי,גרמים,625.00,100 גרם,false,0,21.30,3.41,true,1,
7290002331117,false,נביעות+טעם ענבים 1.5ליטר,נביעות טבע,IL,נביעות+טעם ענבים 1.5ליטר,ליטרים,1.50,ליטר,false,0,6.90,4.60,true,1,
7290002331148,false,נביעות+טעם תפוח 1.5 ליטר,נביעות טבע,IL,נביעות+טעם תפוח 1.5 ליטר,ליטרים,1.50,ליטר,false,0,6.90,4.60,true,1,
7290002331179,false,נביעות+טעם אפרסק 1.5ליטר,נביעות טבע,IL,נביעות+אפרסק,ליטרים,1.50,ליטר,false,0,6.90,4.60,true,1,
7290002331322,false,מים מינרל.נביעות 1.5*6ל,נביעות טבע,IL,מים מינרל.נביעות 1.5*6ל,ליטרים,9.00,ליטר,false,0,11.90,1.32,true,1,
7290002331360,false,נביעות פקק טו גו 6 500*מ,נביעות טבע,IL,נביעות ספורט 6יח,ליטרים,3.00,ליטר,false,0,14.80,4.93,true,1,
7290002331490,false,נביעות מים מינרלים 1 ל,נביעות טבע,IL,נביעות מים מינרלים 1 ל,ליטרים,1.00,ליטר,false,0,4.90,4.90,true,1,
7290002332022,false,נביעות+משמש אננס 1.5ליטר,נביעות טבע,IL,נביעות+משמש אננס,ליטרים,1.50,ליטר,false,0,6.90,4.60,true,1,
7290002360278,false,תה צמחים מנטה 20שק2.25Xג,טייקנה,DE,תה צמחים מנטה 20שק2.25Xג,גרמים,45.00,100 גרם,false,0,16.00,35.56,true,1,
7290002360285,false,חליטת קמומיל 20 שק1.5Xג,טייקנה,DE,חליטת קמומיל 20 שק1.5Xג,גרמים,30.00,100 גרם,false,0,16.00,53.33,true,1,
7290002363491,false,"יין קונדיטון 750 מ""ל",הכורמים,IL,יין קונדיטון,מיליליטרים,750.00,"100 מ""ל",false,0,30.30,4.04,true,1,
7290002385448,false,גב.בולגרית 5%שומן משקל,מחלבות גד,IL,גבינה בולגרית5%,גרמים,0.00,"ק""ג",true,0,54.00,54.00,true,1,
7290002385608,false,גבינה לבנה 5% מחיר לפי מ,,IL,גבינה לבנה 5% מחיר לפי מ,קילוגרמים,0.00,"ק""ג",true,0,39.00,39.00,true,1,
7290002385738,false,מנצ'גו משולשים,,,מנצ'גו משולשים,קילוגרמים,0.00,"ק""ג",true,0,134.00,134.00,true,1,
7290002385745,false,פקורינו משולשים במשקל,,,פקורינו משולשים במשקל,קילוגרמים,0.00,"ק""ג",true,0,134.00,134.00,true,1,
7290002386667,false,בשר מס8' שריר הזרוע קהיל,,,בשר מס8' שריר הזרוע קהיל,קילוגרמים,0.00,"ק""ג",true,0,64.90,64.90,true,1,
7290002386834,false,נקניקיות עוף קהילות 400,קהילות,IL,נקניקיות עוף קהילות 400,גרמים,400.00,100 גרם,false,0,11.90,2.98,true,1,
7290002386872,false,רולדה הודו קהילות קג,,,רולדה הודו קהילות קג,קילוגרמים,0.00,"ק""ג",true,0,35.90,35.90,true,1,
7290002404958,false,יין גינוסר 1 ליטר,,IL,יין גינוסר 1 ליטר,ליטרים,1.00,ליטר,false,0,15.30,15.30,true,1,
7290002409014,false,גחנון אפוי בקופסא 600 גר,,IL,גחנון אפוי בקופסא 600 גר,גרמים,600.00,100 גרם,false,0,16.90,2.82,true,1,
7290002409021,false,"מלווח במגש 1 ק""ג",,IL,"מלווח במגש 1 ק""ג",גרמים,1000.00,100 גרם,false,0,11.00,1.10,true,1,
7290002409038,false,בורקס גבינה 800 גרם,ציפור השרון,IL,בורקס גבינה 800 גרם,גרמים,800.00,100 גרם,false,0,11.90,1.49,true,1,
7290002409045,false,"בורקס תפו""א 800 גרם",ציפור השרון,IL,"בורקס תפו""א 800 גרם",גרמים,800.00,100 גרם,false,0,10.90,1.36,true,1,
7290002409076,false,ג'חנון בצק 800 גרם,ציפור השרון,IL,ג'חנון בצק 800 גרם,גרמים,800.00,100 גרם,false,0,11.90,1.49,true,1,
7290002409106,false,בורקס פיצה 800 גרם,ציפור השרון,IL,בורקס פיצה 800,גרמים,800.00,100 גרם,false,0,18.30,2.29,true,1,
7290002409151,false,בורקס פיטריות 800 גרם,ציפור השרון,IL,בורקס פיטריות 800 גרם,גרמים,800.00,100 גרם,false,0,14.90,1.86,true,1,
7290002409175,false,"בצק עלים 1 ק""ג",,IL,"בצק עלים 1 ק""ג",גרמים,1000.00,100 גרם,false,0,9.90,0.99,true,1,
7290002409304,false,נקניקיות בבצק 600 גרם,ציפור השרון,IL,נקניקיות בבצק 600 גרם,גרמים,600.00,100 גרם,false,0,14.90,2.48,true,1,
7290002439189,false,ג.צהובה מגורד27%עלמה500ג,מלקפול אלוורטוסקה,PL,גבינה עלמה מגורד,גרמים,500.00,100 גרם,false,1,18.90,3.78,true,1,
7290002439196,false,פס גבינה פירורים ריצ450ג,סהרון,IL,פס גבינה פירורים,גרמים,450.00,100 גרם,false,1,34.90,7.76,true,1,
7290002439233,false,רולדת שוקולד ריצ' 450גרם,סהרון,IL,רולדת שוקולד ריצ,גרמים,450.00,100 גרם,false,1,34.90,7.76,true,1,
7290002439264,false,פורל נחלים ורוד קפוא 650,דלידג - נטו,TR,פורל ורוד קפוא,גרמים,650.00,100 גרם,false,1,37.90,5.83,true,1,
7290002448051,false,סוכר ענבים פרינוק 500גרם,,IL,סוכר ענבים פרינוק 500גרם,גרמים,500.00,100 גרם,false,0,12.90,2.58,true,1,
7290002479109,false,"דבש מפרחי בר 1 ק""ג",מכוורת עמק חפר,IL,"דבש מפרחי בר 1 ק""ג",גרמים,1000.00,100 גרם,false,0,42.00,4.20,true,1,
7290002485025,false,סלט חומוס מסעדות 500 גרם,סלטי שמיר,IL,סלט חומוס מסעדות 500 גרם,גרמים,500.00,100 גרם,false,0,13.00,2.60,true,1,
7290002485049,false,סלט חומוס מסבחה 500 גרם,סלטי שמיר,IL,סלט חומוס מסבחה 500 גרם,גרמים,500.00,100 גרם,false,0,13.00,2.60,true,1,
7290002487272,false,פיצה משפ' 500X3ג טעם טוב,שלושת האופים,IL,פיצה משפ' 500X3ג טעם טוב,קילוגרמים,1.50,"ק""ג",false,0,39.90,26.60,true,1,
7290002487531,false,סטייק טונה,,,סטייק טונה,קילוגרמים,0.00,"ק""ג",true,0,39.90,39.90,true,1,
7290002505013,false,כרעיים עוף קהילות מחיר ל,שונות,IL,כרעיים עוף קהילות מחיר ל,קילוגרמים,0.00,"ק""ג",true,0,33.90,33.90,true,1,
7290002505020,false,שוקיים עוף קהילות מחיר ל,שונות,IL,שוקיים עוף קהילות מחיר ל,קילוגרמים,0.00,"ק""ג",true,0,35.90,35.90,true,1,
7290002505037,false,ירכיים עוף קהילות מחיר ל,,IL,ירכיים עוף קהילות מחיר ל,קילוגרמים,0.00,"ק""ג",true,0,33.90,33.90,true,1,
7290002505044,false,חזה עוף קהילות מחיר לפי,שונות,IL,חזה עוף קהילות מחיר לפי,קילוגרמים,0.00,"ק""ג",true,0,33.90,33.90,true,1,
7290002505051,false,כנפיים עוף קהילות קפוא מ,שונות,IL,כנפיים עוף קהילות קפוא מ,קילוגרמים,0.00,"ק""ג",true,0,16.90,16.90,true,1,
7290002505068,false,שניצל עוף פרוס קהילות מח,,,שניצל עוף פרוס קהילות מח,קילוגרמים,0.00,"ק""ג",true,0,35.90,35.90,true,1,
7290002505099,false,כבד עוף קהילות קפוא מחיר,,,כבד עוף קהילות קפוא מחיר,קילוגרמים,0.00,"ק""ג",true,0,37.90,37.90,true,1,
7290002505105,false,עוף טרי ארוז קהילות משקל,נטו,IL,עוף טרי קהילות,קילוגרמים,0.00,"ק""ג",true,0,26.90,26.90,true,1,
7290002505136,false,כנפיים עוף ארוז קהילות,שונות,IL,כנפיים ע.ט קהילו,קילוגרמים,0.00,"ק""ג",true,0,18.90,18.90,true,1,
7290002505143,false,שניצל עוף ארוז קהילות מח,שונות,IL,שניצל ע.טרי קהיל,קילוגרמים,0.00,"ק""ג",true,0,38.90,38.90,true,1,
7290002505181,false,כבד עוף ארוז קהילות טרי,שונות,IL,כבד עוף טרי קהיל,קילוגרמים,0.00,"ק""ג",true,0,36.90,36.90,true,1,
7290002505280,false,עוף מס1' קהילות קפוא מחי,נטו,IL,עוף מס1',קילוגרמים,0.00,"ק""ג",true,0,23.90,23.90,true,1,
7290002505297,false,עוף מס2' קהילות קפוא מחי,שונות,IL,עוף מס2' קהילות קפוא מחי,קילוגרמים,0.00,"ק""ג",true,0,23.90,23.90,true,1,
7290002505303,false,עוף מס3' קפוא קהילות מחי,קהילות,IL,עוף מס3' קפוא קהילות מחי,קילוגרמים,0.00,"ק""ג",true,0,23.90,23.90,true,1,
7290002505440,false,כבד עוף צלוי קהילות 250ג,,,כבד עוף צלוי קהילות 250ג,גרמים,250.00,100 גרם,false,0,33.90,13.56,true,1,
7290002505464,false,כרעיים עוף ארוז קהילות,שונות,IL,כרעיים ע.טרי קהי,קילוגרמים,0.00,"ק""ג",true,0,37.90,37.90,true,1,
7290002505471,false,חזה עוף ארוז קהילות מחיר,שונות,IL,חזה עוף טרי קהיל,קילוגרמים,0.00,"ק""ג",true,0,38.90,38.90,true,1,
7290002505488,false,עוף מחולק קהילות מחיר לפ,הוד חפר,IL,עוף מחולק קהילות מחיר לפ,קילוגרמים,0.00,"ק""ג",true,0,29.90,29.90,true,1,
7290002505563,false,"עוף מיני הידורים ק""ג",הידורים,IL,"עוף מיני הידורים ק""ג",קילוגרמים,0.00,"ק""ג",true,1,27.90,27.90,true,1,
7290002505624,false,שוק הודו קהילות קפוא מחי,הוד חפר,IL,שוק הודו קהילות קפוא מחי,קילוגרמים,0.00,"ק""ג",true,0,34.90,34.90,true,1,
7290002505990,false,כבד עוף צלוי הידורים 250,,IL,כבד עוף צלוי הידורים 250,גרמים,250.00,100 גרם,false,0,29.90,11.96,true,1,
7290002541370,false,משקה סויה אלפרו 1 ליטר,אלפרו,BE,משקה סויה אלפרו 1 ליטר,ליטרים,1.00,ליטר,false,0,13.90,13.90,true,1,
7290002541479,false,"משקה סויה שוקו 250X3 מ""ל",אלפרו,BE,"משקה סויה שוקו 250X3 מ""ל",מיליליטרים,750.00,"100 מ""ל",false,0,13.30,1.77,true,1,
7290002541981,false,משקה סויה ללא תוספת סוכר,אלפרו,BE,משקה סויה ללא תוספת סוכר,ליטרים,1.00,ליטר,false,0,13.90,13.90,true,1,
7290002543046,false,פרוסטיס 750 גרם,קלוג'ס,GB,פרוסטיס 750 גרם,גרמים,750.00,100 גרם,false,0,23.80,3.17,true,1,
7290002543084,false,קלוגס אול בראן פלקס500גר,קלוג'ס,GB,קלוגס אול בראן,גרמים,500.00,100 גרם,false,0,29.90,5.98,true,1,
7290002543237,false,קלוג'ס קורנפלקס 750 גרם,קלוג'ס,GB,קורנפלקס קלוגס,גרמים,750.00,100 גרם,false,0,18.50,2.47,true,1,
7290002552345,false,שלגונים גלי גל פרווה 8יח,ריאו,IL,שלגונים גלי גל פרווה 8יח,גרמים,450.00,100 גרם,false,0,18.40,4.09,true,1,
7290002581840,false,תירוש ביסקויט חצ.מצופ750,מגדנית הדר,IL,תירוש ביסקויט חצ.מצופ750,גרמים,750.00,100 גרם,false,0,12.00,1.60,true,1,
7290002642657,false,מיץ ענבים מוסקט אדום1.5ל,יקבי מסורת,IL,מיץ ענבים מוסקט אדום1.5ל,ליטרים,1.50,ליטר,false,0,19.90,13.27,true,1,
7290002642725,false,מיץ ענבים מוסקט לבן 1.5ל,יקבי מסורת,IL,מיץ ענבים מוסקט לבן 1.5ל,ליטרים,1.50,ליטר,false,0,20.10,13.40,true,1,
7290002642954,false,מיץ ענבים חברון אדום1.5ל,,IL,מיץ ענבים חברון אדום1.5ל,ליטרים,1.50,ליטר,false,0,18.60,12.40,true,1,
7290002663522,false,תפוזינה משקה קל תפוז1.5ל,יפאורה שותפות מובגלת לשיווק,IL,תפוזינה תפוזים,ליטרים,1.50,ליטר,false,0,5.90,3.93,true,1,
7290002663539,false,תפוזינה אשכוליות 1.5ליטר,יפאורה שותפות מובגלת לשיווק,IL,תפוזינה אשכוליות,ליטרים,1.50,ליטר,false,0,5.90,3.93,true,1,
7290002663805,false,שוופס טוניק 1.5 ליטר,יפאורה שותפות מובגלת לשיווק,IL,שוופס טוניק 1.5 ליטר,ליטרים,1.50,ליטר,false,0,7.90,5.27,true,1,
7290002663812,false,שוופס ג'ינג'ר 1.5 ליטר,יפאורה שותפות מובגלת לשיווק,IL,שוופס ג'ינג'ר 1.5 ליטר,ליטרים,1.50,ליטר,false,0,7.90,5.27,true,1,
7290002663829,false,שוופס ביטר לימון 1.5ליטר,יפאורה שותפות מובגלת לשיווק,IL,שוופס ביטר לימון 1.5ליטר,ליטרים,1.50,ליטר,false,0,7.90,5.27,true,1,
7290002663881,false,אשכולינה דיאט 1.5 ליטר,יפאורה שותפות מובגלת לשיווק,IL,אשכולינה דיאט,ליטרים,1.50,ליטר,false,0,5.90,3.93,true,1,
7290002673255,false,"סיליט מסיר אבנית 500 מ""ל",רקיט בנקיזר,IL,סיליט מסיר אבנית,מיליליטרים,500.00,"100 מ""ל",false,0,11.70,2.34,true,1,
7290002674306,false,משחה אקווה פרש מנטה 100מ,ג.' אס.קיו,GB,משחת שיניים,מיליליטרים,100.00,"100 מ""ל",false,0,6.90,6.90,true,1,
7290002674313,false,משחת מנטה עם פלרואיד100מ,ג.' אס.קיו,GB,משחת שיניים,מיליליטרים,100.00,"100 מ""ל",false,0,6.90,6.90,true,1,
7290002692393,false,שמן קנולה מועשר 1 ליטר,שמן תעשיות,IL,שמן קנולה מועשר,ליטרים,1.00,ליטר,false,0,14.00,14.00,true,1,
7290002692478,false,שמן זית מעודן כ.מעולה750,שמן תעשיות,IL,שמן זית מעודן,מיליליטרים,750.00,"100 מ""ל",false,0,32.90,4.39,true,1,
7290002692782,false,"תרסיס שמן זית 148 מ""ל",שמן תעשיות,US,"תרסיס שמן זית 148 מ""ל",מיליליטרים,148.00,"100 מ""ל",false,0,17.90,12.09,true,1,
7290002706014,false,"קציצות מפילה דג 1ק""ג",דלידג - נטו,IL,"קציצות מפילה דג 1ק""ג",גרמים,1000.00,100 גרם,false,0,36.90,3.69,true,1,
7290002706021,false,טבעות דג 700גרם,דלידג - נטו,IL,טבעות דג 700גרם,גרמים,700.00,100 גרם,false,0,26.90,3.84,true,1,
7290002706038,false,שניצלוני נילוס בשום 600ג,דלידג - נטו,IL,שניצלוני נילוס בשום 600ג,גרמים,600.00,100 גרם,false,0,26.90,4.48,true,1,
7290002706045,false,שניצל דג הנסיכה 1קג,דלידג - נטו,IL,שניצל דג הנסיכה 1קג,גרמים,1000.00,100 גרם,false,0,29.90,2.99,true,1,
7290002706731,false,"רצועות פילה נילוס בעל""ז",דלידג - נטו,IL,"רצועות פילה נילוס בעל""ז",קילוגרמים,0.00,"ק""ג",true,0,54.90,54.90,true,1,
7290002706915,false,"פילה נסיכת נילוס ק""ג",דלידג - נטו,IL,פילה נסיכת נילוס,קילוגרמים,0.00,"ק""ג",true,0,39.90,39.90,true,1,
7290002715504,false,ארוחת איטר.מג'יק-עוף70גר,,,ארוחת איטר.מג'יק-עוף70גר,גרמים,70.00,100 גרם,false,0,3.80,5.43,true,1,
7290002715580,false,ארוחת איטריות מג'יק-סיני,,SG,ארוחת איטריות מג'יק-סיני,גרמים,70.00,100 גרם,false,0,3.80,5.43,true,1,
7290002716280,false,"שביבי תפו""א",,IL,"שביבי תפו""א",גרמים,500.00,100 גרם,false,0,9.90,1.98,true,1,
7290002716945,false,"שוקונית משקה קקאו 1 ק""ג",,IL,"שוקונית משקה קקאו 1 ק""ג",קילוגרמים,1.00,"ק""ג",false,0,13.90,13.90,true,1,
7290002730262,false,פלמוליב קלאסי ירוק 750מל,קולגייט-פלמוליב,GR,פלמוליב קלאסי ירוק 750מל,מיליליטרים,750.00,"100 מ""ל",false,0,11.00,1.47,true,1,
7290002730316,false,משחת שיניים קולגייט3 75*,קולגייט-פלמוליב,IL,משחת שיניים,מיליליטרים,225.00,"100 מ""ל",false,0,21.90,9.73,true,1,
7290002730354,false,12 תחבושות הגיינה וניה,ג'ונסון,BE,תחבושות הגיינה,יחידה,1.00,יחידה,false,0,23.00,23.00,true,1,
7290002730668,false,משחת קולגייט לחניכיים100,קולגייט-פלמוליב,PL,משחת קולגייט לחניכיים100,מיליליטרים,100.00,"100 מ""ל",false,0,18.30,18.30,true,1,
7290002730675,false,"משחת קולגייט אדום 100מ""ל",קולגייט-פלמוליב,PL,"משחת קולגייט אדום 100מ""ל",מיליליטרים,100.00,"100 מ""ל",false,0,9.50,9.50,true,1,
7290002730811,false,משחה קולגייט ג'ל 100 גרם,קולגייט-פלמוליב,PL,משחת קולגייט ג'ל,מיליליטרים,100.00,"100 מ""ל",false,0,13.10,13.10,true,1,
7290002730903,false,סבון פלמוליב ורדים100*4ג,קולגייט-פלמוליב,IL,סבון פלמוליב 4יח,גרמים,400.00,100 גרם,false,0,15.50,3.88,true,1,
7290002730927,false,סב.פלמוליב חלב ודבש100*4,קולגייט-פלמוליב,TR,סבון פלמוליב 4יח,גרמים,400.00,100 גרם,false,0,15.50,3.88,true,1,
7290002730941,false,"צמר גפן פרוס ""בלונס100""ג",ספטונה,GR,צמר גפן פרוס,גרמים,100.00,100 גרם,false,0,5.60,5.60,true,1,
7290002730958,false,סב.פלמוליב ירוק 100*4 גר,קולגייט-פלמוליב,TR,סב.פלמוליב ירוק 100*4 גר,גרמים,400.00,100 גרם,false,0,15.50,3.88,true,1,
7290002739159,false,רולדה בקר קהילות מחיר לפ,,,רולדה בקר קהילות מחיר לפ,קילוגרמים,0.00,"ק""ג",true,0,59.90,59.90,true,1,
7290002739173,false,גולש עגל קהילות מחיר לפי,,,גולש עגל קהילות מחיר לפי,קילוגרמים,0.00,"ק""ג",true,0,64.90,64.90,true,1,
7290002739944,false,צלעות אונטריפ,,,צלעות אונטריפ,קילוגרמים,0.00,"ק""ג",true,0,59.90,59.90,true,1,
7290002741084,false,8חטיפי דגנ.שוגי צדף שוקו,יוניליוור,IL,חטיפי דגנים 8 יח,גרמים,184.00,100 גרם,false,0,14.90,8.10,true,1,
7290002741091,false,חטיפי דגנים שוגי שוק8.יח,יוניליוור,IL,חטיפי דגנים 8 יח,גרמים,184.00,100 גרם,false,0,14.90,8.10,true,1,
7290002757139,false,מלווח 700 גרם,אופרה,IL,מלווח 700 גרם,גרמים,700.00,100 גרם,false,0,13.80,1.97,true,1,
7290002757511,false,קציצות דג לבישול 750 גרם,דלידג - נטו,IL,קציצות דג,גרמים,750.00,100 גרם,false,0,26.90,3.59,true,1,
7290002757528,false,"בורקס פילו תפו""א 700 גרם","שגמור בע""מ",IL,"בורקס פילו תפו""א 700 גרם",גרמים,700.00,100 גרם,false,0,19.90,2.84,true,1,
7290002757535,false,בור.פילו אצבעות גב700.גר,"שגמור בע""מ",IL,בור.פילו אצבעות גב700.גר,גרמים,700.00,100 גרם,false,0,19.90,2.84,true,1,
7290002768036,false,"מי פה תיאדנט 150מ""ל",קרליין,IL,מי פה תיאדנט,מיליליטרים,150.00,"100 מ""ל",false,0,16.90,11.27,true,1,
7290002770220,false,חלה חצי מתוקה,,,חלה חצי מתוקה,יחידה,1.00,יחידה,false,0,6.90,6.90,true,1,
7290002770381,false,לחם שיפון קל 500 גרם,,IL,לחם שיפון קל 500 גרם,גרמים,500.00,100 גרם,false,0,9.90,1.98,true,1,
7290002775768,false,עוגת טורט קצפת שוקולד 1ק,נטו,IL,עוגת טורט קצפת שוקולד 1ק,קילוגרמים,1.00,"ק""ג",false,0,54.90,54.90,true,1,
7290002775782,false,עוג.טורט מצופה שוקולד 1ק,נטו,IL,עוג.טורט מצופה שוקולד 1ק,קילוגרמים,1.00,"ק""ג",false,0,54.90,54.90,true,1,
7290002780649,false,טבעות זיתים ירוקים 560גר,בני דרום,IL,טבעות זיתים ירוקים 560גר,גרמים,560.00,100 גרם,false,0,6.80,1.21,true,1,
7290002781059,false,מיונז אמיתי 500 גרם,מיטב,IL,מיונז אמיתי 500 גרם,גרמים,500.00,100 גרם,false,0,6.80,1.36,true,1,
7290002781066,false,"מיונז אמיתי 1 ק""ג",מיטב,IL,"מיונז אמיתי 1 ק""ג",קילוגרמים,1.00,"ק""ג",false,0,14.20,14.20,true,1,
7290002781080,false,ממרח חרדל 550 גרם,מיטב,IL,ממרח חרדל 550 גרם,גרמים,550.00,100 גרם,false,0,8.10,1.47,true,1,
7290002781240,false,מיץ לימון משומר 1 ליטר,מיטב,IL,מיץ לימון משומר 1 ליטר,ליטרים,1.00,ליטר,false,0,4.90,4.90,true,1,
7290002781257,false,חומץ %5 1 ליטר,מיטב,IL,חומץ %5 1 ליטר,ליטרים,1.00,ליטר,false,0,3.90,3.90,true,1,
7290002781264,false,סירופ שוקולד 700 גרם,מיטב,IL,סירופ שוקולד 700 גרם,גרמים,700.00,100 גרם,false,0,10.00,1.43,true,1,
7290002781271,false,סירופ מייפל 700 גרם,מיטב,IL,סירופ מייפל 700 גרם,גרמים,700.00,100 גרם,false,0,10.00,1.43,true,1,
7290002781622,false,מיונז דל קלוריות 500 גרם,מיטב,IL,מיונז דל קלוריות 500 גרם,גרמים,500.00,100 גרם,false,0,7.60,1.52,true,1,
7290002781691,false,ממרח שוקןלד 400 גרם,,IL,ממרח שוקןלד 400 גרם,גרמים,400.00,100 גרם,false,0,4.00,1.00,true,1,
7290002781905,false,ריבה מעורבת 820 גרם,,IL,ריבה מעורבת 820 גרם,גרמים,820.00,100 גרם,false,0,8.10,0.99,true,1,
7290002781912,false,ריבת תות 820 גרם,,IL,ריבת תות 820 גרם,גרמים,820.00,100 גרם,false,0,8.10,0.99,true,1,
7290002781929,false,ריבת מישמש 820 גרם,מיטב,IL,ריבת מישמש 820 גרם,גרמים,820.00,100 גרם,false,0,8.10,0.99,true,1,
7290002781998,false,"קטשופ 1 ק""ג",מיטב,IL,"קטשופ 1 ק""ג",קילוגרמים,1.00,"ק""ג",false,0,6.90,6.90,true,1,
7290002787693,false,גבינת גאודה עלמה 150 גרם,מלקפול,PL,גבינת גאודה עלמה 150 גרם,גרמים,150.00,100 גרם,false,1,5.90,3.93,true,1,
7290002787709,false,גבינת אדם עלמה 150 גרם,מלקפול,PL,גבינת אדם עלמה 150 גרם,גרמים,150.00,100 גרם,false,1,5.90,3.93,true,1,
7290002787730,false,שניצל דג תירס 600 גרם,דלידג - נטו,IL,שניצל דג תירס,גרמים,600.00,100 גרם,false,1,29.90,4.98,true,1,
7290002787822,false,גב.גאודה עלמה פרוסה 400ג,מלקפול,PL,גב.גאודה עלמה פרוסה 400ג,גרמים,400.00,100 גרם,false,1,14.90,3.73,true,1,
7290002812522,false,פרלמנט ארוך RCB חפיסה,פיליפ מוריס,,פרלמנט ארוך RCB חפיסה,יחידה,1.00,יחידה,false,0,36.00,36.00,false,1,
7290002814078,false,אנטרטיק לניקוי אמבטיה1ל,קומפלקס כימיקלים,IL,אנטרטיק לאמבט,ליטרים,1.00,ליטר,false,0,6.90,6.90,true,1,
7290002814214,false,קצף ניקוי לכל.סניטרים750,קומפלקס כימיקלים,IL,קצף ניקוי,מיליליטרים,750.00,"100 מ""ל",false,0,9.90,1.32,true,1,
7290002814528,false,נוזל לאסלה מס' 1 1 ליטר,קומפלקס כימיקלים,IL,נוזל לאסלה מס' 1,ליטרים,1.00,ליטר,false,0,6.00,6.00,true,1,
7290002814689,false,"שמפו לכלים 3 יח750X'מ""ל",קומפלקס כימיקלים,,"שמפו לכלים 3 יח750X'מ""ל",ליטרים,2.25,ליטר,false,0,16.90,7.51,true,1,
7290002814928,false,פרלמנט קצר בודד,פיליפ מוריס,IL,פרלמנט קצר בודד,יחידה,1.00,יחידה,false,0,36.00,36.00,false,1,
7290002814931,false,שמפו רצפות סנט מוריץ 4ל',קומפלקס כימיקלים,,שמפו רצפות סנט מוריץ 4ל',ליטרים,4.00,ליטר,false,0,10.90,2.73,true,1,
7290002814955,false,שמפו לכלים סנט מוריץ 4ל',קומפלקס כימיקלים,IL,שמפו לכלים סנט מוריץ 4ל',ליטרים,4.00,ליטר,false,0,19.80,4.95,true,1,
7290002824183,false,גב.סקי משפחתי5%שומן500ג,שטראוס,IL,גבינת סקי 5%,גרמים,500.00,100 גרם,false,0,9.50,1.90,true,1,
7290002824466,false,יוגורט לבן ביו 0% 200ג,שטראוס,IL,יוגורט לבן 0%,גרמים,200.00,100 גרם,false,0,3.40,1.70,true,1,
7290002824640,false,גב.סקי5%לבנה מעודנת250ג,שטראוס,IL,גב.סקי5%לבנה מעודנת250ג,גרמים,250.00,100 גרם,false,0,4.80,1.92,true,1,
7290002825692,false,סלט חומוס אחלה 500 גרם,שטראוס,IL,סלט חומוס אחלה 500 גרם,גרמים,500.00,100 גרם,false,0,9.70,1.94,true,1,
7290002827337,false,נקניקיות עוף פיקנטי 400ג,,IL,נקניקיות עוף פיקנטי 400ג,גרמים,400.00,100 גרם,false,0,9.90,2.48,true,1,
7290002833525,false,מרלבורו רד קצר בוקס חפ.,פיליפ מוריס,,מרלבורו רד קצר בוקס חפ.,יחידה,1.00,יחידה,false,0,33.50,33.50,false,1,
7290002842002,false,קואקר אנגלי,,GB,קואקר אנגלי,גרמים,500.00,100 גרם,false,0,10.70,2.14,true,1,
7290002852724,false,ל.מ. בלו לייבל קצר,פיליפ מוריס,US,ל.מ. בלו לייבל קצר,יחידה,1.00,יחידה,false,0,31.50,31.50,false,1,
7290002854528,false,ל.מ. רד לייבל קצר,פיליפ מוריס,US,ל.מ. רד לייבל קצר,יחידה,1.00,יחידה,false,0,31.50,31.50,false,1,
7290002862000,false,אריסה תוניסאית 250 גרם,"הררית מזון בע""מ",IL,אריסה תוניסאית,גרמים,250.00,100 גרם,false,0,12.00,4.80,true,1,
7290002862369,false,עמבה בצנצנת,,IL,עמבה בצנצנת,גרמים,260.00,100 גרם,false,0,12.00,4.62,true,1,
7290002868446,false,גב.מותכת ניו-יורק 25*4גר,טרה,IL,גב.מותכת ניו-יורק 25*4גר,גרמים,100.00,100 גרם,false,0,6.60,6.60,true,1,
7290002868996,false,קוטג' 5%מועשר בסידן 250ג,טרה,IL,קוטג' 5%מועשר בסידן 250ג,גרמים,250.00,100 גרם,false,0,5.00,2.00,true,1,
7290002871248,false,"טובורג רד בק.חוזר 500מ""ל",קרלסברג ישראל,IL,"טובורג רד בק.חוזר 500מ""ל",מיליליטרים,500.00,"100 מ""ל",false,0,9.20,1.84,true,1,
7290002871361,false,בירה קרלסברג בק.חוזר500מ,קרלסברג ישראל,IL,בירה קרלסברג בק.חוזר500מ,מיליליטרים,500.00,"100 מ""ל",false,0,8.90,1.78,true,1,
7290002871446,false,פריגת ענבים 1.5 ליטר,פריגת,IL,פריגת ענבים,ליטרים,1.50,ליטר,false,0,6.20,4.13,true,1,
7290002871460,false,פריגת תפוזים 1.5 ליטר,פריגת,IL,פריגת תפוזים,ליטרים,1.50,ליטר,false,0,6.20,4.13,true,1,
7290002871477,false,פריגת אשכוליות 1.5 ליטר,פריגת,IL,פריגת אשכוליות,ליטרים,1.50,ליטר,false,0,6.20,4.13,true,1,
7290002871491,false,דיאט פריגת אשכוליות1.5ל,פריגת,IL,פריגת דיאט אשכול,ליטרים,1.50,ליטר,false,0,6.20,4.13,true,1,
7290002874629,false,פרלמנט ארוך RCB בלו חפ,פיליפ מוריס,,פרלמנט ארוך RCB בלו חפ,יחידה,1.00,יחידה,false,0,36.00,36.00,false,1,
7290002881920,false,מרלבורו גולד 100 בוקס,פיליפ מוריס,IL,מרלבורו גולד 100 בוקס,יחידה,1.00,יחידה,false,0,33.50,33.50,false,1,
7290002886925,false,מרלבורו גולד קצר בוקס,פיליפ מוריס,US,מרלבורו גולד קצר בוקס,יחידה,1.00,יחידה,false,0,33.50,33.50,false,1,
7290002904694,false,דאו.טיטניום תרסיס 180 מל,קרליין,,דאודורנט טיטניום,מיליליטרים,180.00,"100 מ""ל",false,0,16.90,9.39,true,1,
7290002920311,false,גבינת קממבר במשקל,,IL,גבינת קממבר במשקל,קילוגרמים,0.00,"ק""ג",true,0,109.00,109.00,true,1,
7290002922797,false,חזה הודו ארוז עטרה,שונות,IL,חזה הודו טרי,קילוגרמים,0.00,"ק""ג",true,0,36.90,36.90,true,1,
7290002922865,false,קבב מובחר טאק טורו 500 ג,,IL,קבב מובחר טאק טורו 500 ג,גרמים,500.00,100 גרם,false,0,16.90,3.38,true,1,
7290002922872,false,המבורגר מובחר טאק טורו 0,,,המבורגר מובחר טאק טורו 0,גרמים,500.00,100 גרם,false,0,16.90,3.38,true,1,
7290002925798,false,מ.שיניים+ מי פה,,IL,מ.שיניים+ מי פה,מיליליטרים,120.00,"100 מ""ל",false,0,14.10,11.75,true,1,
7290002929512,false,פלאפל 500 גרם,שלושת האופים,IL,פלאפל 500 גרם,גרמים,500.00,100 גרם,false,0,13.90,2.78,true,1,
7290002929734,false,"גפילטעפיש בד""צ 570 גרם",דלידג - נטו,IL,גפילטע פיש,גרמים,570.00,100 גרם,false,0,14.90,2.61,true,1,
7290002930266,false,טחון עוף 100% קהילות 500,.,IL,טחון עוף 100%,גרמים,500.00,100 גרם,false,1,24.90,4.98,true,1,
7290002930945,false,גרון עוף טרי עטר,,,גרון עוף טרי עטר,קילוגרמים,0.00,"ק""ג",true,0,9.90,9.90,true,1,
7290002939108,false,חזה עוף טרי ארוז עטרה לק,שונות,IL,חזה עוף טרי עטרה,קילוגרמים,0.00,"ק""ג",true,0,34.90,34.90,true,1,
7290002939153,false,שווארמה הודו זכר טרי עטר,שונות,IL,שווארמה הודו,גרמים,0.00,"ק""ג",true,0,59.90,59.90,true,1,
7290002939160,false,בשר אדום טרי ארוז,שונות,IL,בשר אדום טרי,קילוגרמים,0.00,"ק""ג",true,0,54.90,54.90,true,1,
7290002939177,false,גרון הודו טרי ארוז עטרה,שונות,IL,גרון הודו טרי,קילוגרמים,0.00,"ק""ג",true,0,26.90,26.90,true,1,
7290002939450,false,שניצל אמריקאי 600 גרם,עטרה,IL,שניצל אמריקאי 600 גרם,גרמים,600.00,100 גרם,false,0,18.90,3.15,true,1,
7290002939498,false,בשר מס' 8 שריר בית יוסף,עטרה,IL,בשר מס' 8 שריר בית יוסף,גרמים,0.00,"ק""ג",true,0,53.90,53.90,true,1,
7290002939542,false,לשון בקר קפוא ב.יוסף קג,עטרה,PY,לשון בקר קפוא,קילוגרמים,0.00,"ק""ג",true,0,59.90,59.90,true,1,
7290002939788,false,שווארמה אמיתית 500 גרם,עטרה,IL,שווארמה אמיתית 500 גרם,גרמים,500.00,100 גרם,false,0,24.90,4.98,true,1,
7290002946700,false,מצית פחם נוזלי,,IL,מצית פחם נוזלי,מיליליטרים,200.00,"100 מ""ל",false,0,9.30,4.65,true,1,
7290002986294,false,פתיבר ג'מבו וניל 600 גרם,אחים  גטניו,IL,פתיבר ג'מבו וניל 600 גרם,גרמים,600.00,100 גרם,false,1,11.90,1.98,true,1,
7290002987963,false,"חומוס אחלה 1 ק""ג",שטראוס,IL,"חומוס אחלה 1 ק""ג",קילוגרמים,1.00,"ק""ג",false,0,13.90,13.90,true,1,
7290003013265,false,פתיל אור חדש,שלהבת,IL,פתיל אור חדש,יחידה,1.00,יחידה,false,0,64.90,64.90,true,1,
7290003015344,false,אבקת כביסה סולו,,IL,אבקת כביסה סולו,קילוגרמים,10.00,"ק""ג",false,0,51.90,5.19,true,1,
7290003015467,false,תחליב רחצה בייבי כיף 1ל,קוסמופארם,IL,תחליב רחצה בייבי,ליטרים,1.00,ליטר,false,0,16.90,16.90,true,1,
7290003015474,false,מגבונ.עבים בייבי כיף72*4,קוסמופארם,IL,מגבוני בייבי כיף,יחידה,1.00,יחידה,false,0,23.30,23.30,true,1,
7290003015627,false,סנו ריצפז פרש אפרסק2ליטר,סנו,IL,ריצפז פרש,ליטרים,2.00,ליטר,false,0,16.90,8.45,true,1,
7290003015634,false,סנו ריצפז פרש פסיפלורה2ל,סנו,IL,ריצפז פרש,ליטרים,2.00,ליטר,false,0,16.90,8.45,true,1,
7290003015641,false,סנו ריצפז פרש יסמין2ליטר,סנו,IL,ריצפז פרש,ליטרים,2.00,ליטר,false,0,16.90,8.45,true,1,
7290003023165,false,שוקו בכד יטבתה 2 ליטר,שטראוס,IL,שוקו בכד יטבתה,ליטרים,2.00,ליטר,false,0,18.90,9.45,true,1,
7290003026197,false,קמיל ב.ס.שמן טיפולי 500מ,פישר  מעבדות  פרמצבטיות,IL,שמן עדין לתינוק,מיליליטרים,500.00,"100 מ""ל",false,0,23.80,4.76,true,1,
7290003026227,false,שמפו קמיל בלו אל דמע 1 ל,פישר  מעבדות  פרמצבטיות,IL,שמפו קמיל בלו,ליטרים,1.00,ליטר,false,0,29.20,29.20,true,1,
7290003026234,false,תחליב לתינוק קמיל בלו500,פישר  מעבדות  פרמצבטיות,IL,תחליב לתינוק קמיל בלו500,גרמים,500.00,100 גרם,false,0,23.80,4.76,true,1,
7290003029181,false,שוקו יטבתה בבקבוק 1 ליטר,שטראוס,IL,שוקו יטבתה,ליטרים,1.00,ליטר,false,0,10.90,10.90,true,1,
7290003029372,false,משקה חלב בננה בקבוק 1 ל',שטראוס,IL,משקה חלב בננה,ליטרים,1.00,ליטר,false,0,10.90,10.90,true,1,
7290003029532,false,מוקה יטבתה בקבוק 2% 1ל,שטראוס,IL,מוקה יטבתה בקבוק,ליטרים,1.00,ליטר,false,0,10.90,10.90,true,1,
7290003029792,false,מארז שוקו יטבתה 225*8 מל,יטבתה,IL,שקיות שוקו 8 יח',ליטרים,1.80,ליטר,false,0,17.60,9.78,true,1,
7290003029815,false,חלב מועשר יטבתה 3%כד 2ל',שטראוס,IL,חלב מועשר יטבתה 3%כד 2ל',ליטרים,2.00,ליטר,false,0,15.70,7.85,true,1,
7290003029907,false,אייס קפה יטבתה 2% 1ל,שטראוס,IL,אייס קפה יטבתה,ליטרים,1.00,ליטר,false,0,10.90,10.90,true,1,
7290003031702,false,"נקניקיות הודו חלק 1 ק""ג",טירת צבי,IL,נקניקיות הודו,קילוגרמים,1.00,"ק""ג",false,0,29.90,29.90,true,1,
7290003031719,false,נקניקיות הודו חלק במשקל,טירת צבי,IL,נקניקיות הודו,קילוגרמים,0.00,"ק""ג",true,0,22.90,22.90,true,1,
7290003031733,false,פסטרמה על גחלים 400 גרם,טירת צבי,IL,פסטרמה על גחלים,גרמים,400.00,100 גרם,false,0,29.90,7.48,true,1,
7290003031740,false,פסטרמה הודו בדבש 400 גרם,טירת צבי,IL,פסטרמה הודו בדבש,גרמים,400.00,100 גרם,false,0,29.90,7.48,true,1,
7290003031757,false,פסטרמה הודו בפפריקה400גר,טירת צבי,IL,פסטרמה בפפריקה,גרמים,400.00,100 גרם,false,0,29.90,7.48,true,1,
7290003031788,false,פסטרמה הודו+סלמי 800 גרם,טירת צבי,IL,פסטרמה+סלמי מארז,גרמים,800.00,100 גרם,false,0,29.90,3.74,true,1,
7290003047635,false,ליפטון ילו לייבל25שק1.5*,יוניליוור,IN,תה ילו לייבל,גרמים,37.00,100 גרם,false,0,6.40,17.30,true,1,
7290003047642,false,ליפטון ילו לייבל100ש1.5*,יוניליוור,IN,תה ילו לייבל,גרמים,150.00,100 גרם,false,0,16.90,11.27,true,1,
7290003060047,false,קמח תופח,,IL,קמח תופח,קילוגרמים,1.00,"ק""ג",false,0,7.00,7.00,true,1,
7290003069583,false,סטייק סלמון פרוס נורווגי,דלידג - נטו,XX,סטייק סלמון פרוס נורווגי,קילוגרמים,0.00,"ק""ג",true,0,49.90,49.90,true,1,
7290003069682,false,בצק פילאס 500 גרם,"שגמור בע""מ",IL,בצק פילאס,גרמים,500.00,100 גרם,false,0,18.90,3.78,true,1,
7290003069705,false,פיצה אישית גבינה דקה תפ',שלושת האופים,IL,פיצה אישית גבינה דקה תפ',יחידה,1.00,יחידה,false,0,2.50,2.50,true,1,
7290003069712,false,פיצה משולש זית דק תפ' יח,שלושת האופים,IL,פיצה משולש זית דק תפ' יח,יחידה,1.00,יחידה,false,0,2.50,2.50,true,1,
7290003087327,false,מאגדת חטיף בולי,,IL,מאגדת חטיף בולי,גרמים,200.00,100 גרם,false,0,8.90,4.45,true,1,
7290003107247,false,שמרים יבשים אינסטנט33גרם,שטיבל,IL,שמרים יבשים,גרמים,33.00,100 גרם,false,0,6.50,19.70,true,1,
7290003107353,false,משפר אפייה ביתי 30 גרם,שטיבל,,משפר אפייה ביתי,גרמים,30.00,100 גרם,false,0,5.80,19.33,true,1,
7290003119165,false,קוקה קולה דיאט 1.5*6ל,החברה המרכזית לייצור משקאות,IL,קולה דיאט 6 יח,ליטרים,9.00,ליטר,false,0,34.80,3.87,true,1,
7290003120475,false,"מאלטי בקבוק חוזר 500 מ""ל",קרלסברג ישראל,IL,"מאלטי בקבוק חוזר 500 מ""ל",מיליליטרים,500.00,"100 מ""ל",false,0,4.30,0.86,true,1,
7290003121083,false,ארוחת נודלס ט.בשר מגיק85,,,ארוחת נודלס ט.בשר מגיק85,גרמים,85.00,100 גרם,false,0,3.10,3.65,true,1,
7290003121106,false,ארוחת נודלס,,SG,ארוחת נודלס,גרמים,85.00,100 גרם,false,0,3.10,3.65,true,1,
7290003130184,false,"פיניש מלח למדיח 2*2 ק""ג",רקיט בנקיזר,IL,מלח למדיח 2 יח,קילוגרמים,4.00,"ק""ג",false,0,21.90,5.48,true,1,
7290003153831,false,שוש חטיף בוטנים 80 גרם,עלית,IL,שוש חטיף בוטנים,גרמים,80.00,100 גרם,false,0,3.50,4.38,true,1,
7290003175307,false,מיץ ענבים,,IL,מיץ ענבים,מיליליטרים,650.00,"100 מ""ל",false,0,13.70,2.11,true,1,
7290003217014,false,פיתות 5 יח',,IL,פיתות 5 יח',יחידה,1.00,יחידה,false,0,6.60,6.60,true,1,
7290003217052,false,פיתות כפריות קמח מלא 5יח,,IL,פיתות כפריות קמח מלא 5יח,יחידה,1.00,יחידה,false,0,11.10,11.10,true,1,
7290003220106,false,ביסקוויט קרנבל החיות400ג,מגדנית הדר,IL,ביסקוויט קרנבל החיות400ג,גרמים,400.00,100 גרם,false,0,7.20,1.80,true,1,
7290003220502,false,"מי קוקוס 400 מ""ל",תאי קוקונאט,TH,מי קוקוס,מיליליטרים,400.00,"100 מ""ל",false,0,6.60,1.65,true,1,
7290003220519,false,"קרם קוקוס גולד 400 מ""ל",אזיאטיק אגרו אינדסטרי,TH,קרם קוקוס גולד,מיליליטרים,400.00,"100 מ""ל",false,0,8.60,2.15,true,1,
7290003220526,false,"רוטב צ'ילי חריף 700 מ""ל",תאי פרידה אינדסטרי,TH,רוטב צ'ילי חריף,מיליליטרים,700.00,"100 מ""ל",false,0,10.90,1.56,true,1,
7290003220533,false,"רוטב צ'ילי מתוק 700 מ""ל",תאי פרידה אינדסטרי,TH,רוטב צ'ילי מתוק,מיליליטרים,700.00,"100 מ""ל",false,0,10.90,1.56,true,1,
7290003220571,false,"WOK רוטב חמוץ מתוק700מ""ל",קיי אר אס ספייסי פוד,TH,"WOK רוטב חמוץ מתוק700מ""ל",מיליליטרים,700.00,"100 מ""ל",false,0,10.90,1.56,true,1,
7290003220588,false,רוטב צ'ילי דיאט,,TH,רוטב צ'ילי דיאט,מיליליטרים,700.00,"100 מ""ל",false,0,15.10,2.16,true,1,
7290003220595,false,"אורז לסושי 1 ק""ג",מיה,TH,אורז לסושי,קילוגרמים,1.00,"ק""ג",false,0,12.90,12.90,true,1,
7290003220601,false,רוטב צ'ילי מתוק ווק300מ,תאי פרידה אינדסטרי,TH,רוטב צ'ילי ווק,מיליליטרים,300.00,"100 מ""ל",false,0,8.90,2.97,true,1,
7290003220717,false,אצות נורי לסושי 22 גרם,ג'י וואן גלובול נאט,TH,אצות נורי לסושי,גרמים,22.00,100 גרם,false,0,9.90,45.00,true,1,
7290003220724,false,מקלות לסושי,קוסומאי במבוק,TH,מקלות לסושי,יחידה,1.00,יחידה,false,0,6.90,6.90,true,1,
7290003220731,false,רוטב צי'לי מתוק כתום700מ,תאי פרידה אינדסטרי,TH,רוטב צי'לי מתוק כתום700מ,מיליליטרים,700.00,"100 מ""ל",false,0,10.90,1.56,true,1,
7290003220748,false,"רוטב סויה בהירה 640 מ""ל",ליאנג סאנג האנד,TH,רוטב סויה בהירה,מיליליטרים,640.00,"100 מ""ל",false,0,11.30,1.77,true,1,
7290003220779,false,ווק מקלות אורז 400 גרם,אסיאן סופירה פודס,TH,ווק מקלות אורז,גרמים,400.00,100 גרם,false,0,7.90,1.98,true,1,
7290003220823,false,"רוטב צ'ילי חריף כשל""פ700",תאי פרידה אינדסטרי,TH,"רוטב צ'ילי חריף כשל""פ700",מיליליטרים,700.00,"100 מ""ל",false,0,10.90,1.56,true,1,
7290003220939,false,ווק מקלוני אורז דקים 400,אסיאן סופירה פודס,TH,ווק מקלוני אורז,גרמים,400.00,100 גרם,false,0,7.90,1.98,true,1,
7290003220946,false,דפי אורז 300 גרם,BMT,TH,דפי אורז 300 גרם,גרמים,300.00,100 גרם,false,0,10.90,3.63,true,1,
7290003231447,false,חטיפי דגנים כריות 150גרם,יוניליוור,IL,חטיפי כריות,גרמים,150.00,100 גרם,false,0,19.90,13.27,true,1,
7290003231508,false,שמפו פינוק עם קרטין 700,יוניליוור,IL,שמפו פינוק,מיליליטרים,700.00,"100 מ""ל",false,0,12.70,1.81,true,1,
7290003231607,false,מרכך פינוק עם קרטין 700,יוניליוור,IL,מרכך פינוק,מיליליטרים,700.00,"100 מ""ל",false,0,12.70,1.81,true,1,
7290003231614,false,סבון פינוק עם קרטין 700,יוניליוור,IL,סבון פינוק,מיליליטרים,700.00,"100 מ""ל",false,0,10.80,1.54,true,1,
7290003246595,false,פנג'ל פלוס קרם ידיים100מ,אינטרקוסמא,CH,קרם ידיים פנג'ל,מיליליטרים,100.00,"100 מ""ל",false,0,9.90,9.90,true,1,
7290003318100,false,ופלים בטעם שוקו 200 גרם,מנעמים,IL,ופלים שוקו,גרמים,200.00,100 גרם,false,0,4.30,2.15,true,1,
7290003318384,false,ופל בטעם שוקולד 160 גרם,מנעמים,IL,ופל בטעם שוקולד,גרמים,160.00,100 גרם,false,0,3.40,2.13,true,1,
7290003321155,false,דנונה בר פקאן 183 גרם,שטראוס,IL,דנונה בר פקאן,גרמים,183.00,100 גרם,false,0,5.10,2.79,true,1,
7290003331017,false,מפה עבה פלסטיק,,IL,מפה עבה פלסטיק,יחידה,1.00,יחידה,false,0,11.90,11.90,true,1,
7290003331543,false,מפה פלסטיק עבה,,IL,מפה פלסטיק עבה,מטרים,6.00,מטר,false,0,11.90,1.98,true,1,
7290003387205,false,דאו.ספיד סטיק לגבר 56 גר,קולגייט-פלמוליב,US,דאודורנט סטיק,גרמים,56.00,100 גרם,false,0,20.00,35.71,true,1,
7290003401369,false,קרם לחות לשיער חוחובה400,קרליין,IL,קרם לחות לשיער,מיליליטרים,400.00,"100 מ""ל",false,0,19.90,4.98,true,1,
7290003411092,false,שמפו לשיער P24 כחול 4 ל',הנמל,IL,שמפו לשיער,ליטרים,4.00,ליטר,false,0,13.90,3.48,true,1,
7290003411238,false,שמרים יבשים 500 גרם,הנמל,BE,שמרים יבשים,גרמים,500.00,100 גרם,false,0,11.70,2.34,true,1,
7290003411276,false,עמבה  500 גרם,הנמל,IL,עמבה פרי,גרמים,500.00,100 גרם,false,0,9.30,1.86,true,1,
7290003411566,false,צמרוני עץ לאוזניים 200יח,הנמל,IL,צמרוני אוזניים,יחידה,1.00,יחידה,false,0,1.70,1.70,true,1,
7290003411726,false,קיסמים מלחיה 300 יחידות,הנמל,IL,קיסמי שיניים,יחידה,1.00,יחידה,false,0,3.50,3.50,true,1,
7290003411948,false,צמר גפן הנמל 100 גרם,הנמל,IL,צמר גפן,יחידה,1.00,יחידה,false,0,3.90,3.90,true,1,
7290003411993,false,גפרורים 10 יח',הנמל,IL,גפרורים,יחידה,1.00,יחידה,false,0,2.90,2.90,true,1,
7290003427154,false,"שמן זית כתית מעולה750מ""ל",זיתא,IL,שמן זית כתית,מיליליטרים,750.00,"100 מ""ל",false,0,32.90,4.39,true,1,
7290003450022,false,מיולייט היינץ 430 גרם,היינץ,IL,מיולייט היינץ,גרמים,430.00,100 גרם,false,0,11.00,2.56,true,1,
7290003450091,false,מיונז אמיתי היינץ 430גרם,היינץ,ES,מיונז היינץ,גרמים,430.00,100 גרם,false,0,11.00,2.56,true,1,
7290003451272,false,סטייק טונה קפוא קג,בלדי,IL,סטייק טונה קפוא,גרמים,0.00,"ק""ג",true,0,37.90,37.90,true,1,
7290003514007,false,שקדי מרק 400 גרם,מנה,IL,שקדי מרק מנה,גרמים,400.00,100 גרם,false,0,7.90,1.98,true,1,
7290003514038,false,קראנצ'וס גריל 70 גרם,מנה,IL,קראנצ'וס גריל 70 גרם,גרמים,70.00,100 גרם,false,0,3.00,4.29,true,1,
7290003514045,false,קראנצ'וס ברביקיו 70 גרם,מנה,IL,קראנצ'וס ברביקיו 70 גרם,גרמים,70.00,100 גרם,false,0,3.00,4.29,true,1,
7290003514052,false,קראנצ'וס פלאפל 70 גרם,מנה,IL,קראנצ'וס פלאפל,גרמים,70.00,100 גרם,false,0,3.00,4.29,true,1,
7290003514069,false,קראנצ'וס בצל 70 גרם,מנה,IL,קראנצ'וס בצל,גרמים,70.00,100 גרם,false,0,3.00,4.29,true,1,
7290003514571,false,פריכיות אורז עם מלח 100ג,מנה,IL,פריכיות אורז,גרמים,100.00,100 גרם,false,0,5.00,5.00,true,1,
7290003514588,false,פריכיות אורז ללא מלח100ג,מנה,IL,פריכיות אורז,גרמים,100.00,100 גרם,false,0,5.00,5.00,true,1,
7290003521081,false,סרקל שמפו לילדים 1 ליטר,פישר  מעבדות  פרמצבטיות,IL,סרקל שמפו לילדים,ליטרים,1.00,ליטר,false,0,29.90,29.90,true,1,
7290003521166,false,"סרקל קרם רוזמרי 325 מ""ל",פישר  מעבדות  פרמצבטיות,IL,סרקל קרם רוזמרין,מיליליטרים,325.00,"100 מ""ל",false,0,20.90,6.43,true,1,
7290003521197,false,סרקל תרסיס מתיר קשרים340,פישר  מעבדות  פרמצבטיות,IL,סרקל מתיר קשרים,מיליליטרים,340.00,"100 מ""ל",false,0,20.90,6.15,true,1,
7290003521210,false,סרקל מרכך לילדים 2 ליטר,פישר  מעבדות  פרמצבטיות,IL,סרקל מרכך לילדים 2 ליטר,ליטרים,2.00,ליטר,false,0,39.90,19.95,true,1,
7290003550494,false,פילה סלמון סטרלינג במשקל,נטו,IL,פילה סלמון סטרלינג במשקל,קילוגרמים,0.00,"ק""ג",true,0,59.90,59.90,true,1,
7290003550753,false,טונה פוסידון בשמן108*4ג,פוסידון תעשיות,IL,טונה פוסידון בשמן108*4ג,גרמים,432.00,100 גרם,false,0,22.90,5.30,true,1,
7290003578177,false,תירס גמדי 410 גרם,,TH,תירס גמדי 410 גרם,גרמים,410.00,100 גרם,false,0,4.50,1.10,true,1,
7290003608089,false,ספרינג תות-בננה 1.5 ליטר,יפאורה שותפות מובגלת לשיווק,IL,ספרינג תות בננה,ליטרים,1.50,ליטר,false,0,5.90,3.93,true,1,
7290003608546,false,תפוזינה תות בננה 1.5ליטר,יפאורה שותפות מובגלת לשיווק,IL,תפוזינה תות בננה,ליטרים,1.50,ליטר,false,0,5.90,3.93,true,1,
7290003608560,false,קולה R.C. 1.5 ליטר,יפאורה שותפות מובגלת לשיווק,IL,R.C קולה,ליטרים,1.50,ליטר,false,0,4.00,2.67,true,1,
7290003608621,false,קולה RC מארז 1.5*6 ליטר,יפאורה שותפות מובגלת לשיווק,IL,RC קולה 6 יח',ליטרים,9.00,ליטר,false,0,19.90,2.21,true,1,
7290003643004,false,אורז בסמטי קלאסי בשקית1ק,סוגת,IL,אורז בסמטי קלאסי,קילוגרמים,1.00,"ק""ג",false,0,14.90,14.90,true,1,
7290003643387,false,"סוכר לבן צנצנת 1 ק""ג",סוגת,IL,"סוכר לבן צנצנת 1 ק""ג",קילוגרמים,1.00,"ק""ג",false,0,6.60,6.60,true,1,
7290003643646,false,"סוכר דמררה צנצנת 1 ק""ג",סוגת,IL,"סוכר דמררה צנצנת 1 ק""ג",קילוגרמים,1.00,"ק""ג",false,0,11.50,11.50,true,1,
7290003643684,false,אפונה 500 גרם,סוגת,IL,אפונה 500 גרם,גרמים,500.00,100 גרם,false,0,5.40,1.08,true,1,
7290003643714,false,חומוס לבן גרגרים 500 גרם,סוגת,IL,חומוס לבן,גרמים,500.00,100 גרם,false,0,5.90,1.18,true,1,
7290003643738,false,חיטה 500 גרם,סוגת,IL,חיטה 500 גרם,גרמים,500.00,100 גרם,false,0,4.90,0.98,true,1,
7290003643776,false,פופקורן 500 גרם,סוגת,IL,פופקורן 500 גרם,גרמים,500.00,100 גרם,false,0,5.40,1.08,true,1,
7290003643806,false,שעועית לבנה 500 גרם,סוגת,IL,שעועית לבנה,גרמים,500.00,100 גרם,false,0,10.50,2.10,true,1,
7290003643820,false,חומוס לבן ענק 500 גרם,סוגת,IL,חומוס לבן ענק,גרמים,500.00,100 גרם,false,0,7.60,1.52,true,1,
7290003667109,false,פאנטה אורנג' 1.5 ל',החברה המרכזית לייצור משקאות,IL,פאנטה אורנג',ליטרים,1.50,ליטר,false,0,6.20,4.13,true,1,
7290003667369,false,פריגת תות-בננה 1.5ל,פריגת,IL,פריגת תות בננה,ליטרים,1.50,ליטר,false,0,6.20,4.13,true,1,
7290003667673,false,פנטה דיאט אורנג' 1.5ליטר,החברה המרכזית לייצור משקאות,IL,פנטה דיאט אורנג',ליטרים,1.50,ליטר,false,0,6.20,4.13,true,1,
7290003681006,false,צימוקים לבנים 200גרם,מיה,IL,צימוקים לבנים 200גרם,גרמים,200.00,100 גרם,false,0,9.90,4.95,true,1,
7290003681051,false,פקאן סיני מסוכר 100 גרם,מיה,IL,פקאן סיני מסוכר 100 גרם,גרמים,100.00,100 גרם,false,0,10.90,10.90,true,1,
7290003681167,false,לדר משמש מגולגל 125גרם,מיה,IL,לדר משמש מגולגל 125גרם,גרמים,125.00,100 גרם,false,0,11.90,9.52,true,1,
7290003681174,false,צמוקים שחורים200גרם-שקית,מיה,IL,צמוקים שחורים200גרם-שקית,גרמים,200.00,100 גרם,false,0,9.90,4.95,true,1,
7290003681211,false,'צנובר 80 גר',מיה,IL,צנובר,גרמים,80.00,100 גרם,false,0,19.90,24.88,true,1,
7290003681228,false,עלי דפנה 10 גרם,מיה,IL,עלי דפנה 10 גרם,גרמים,10.00,100 גרם,false,0,7.60,76.00,true,1,
7290003681235,false,פלפל אנגלי 50 גרם,מיה,IL,פלפל אנגלי 50 גרם,גרמים,50.00,100 גרם,false,0,5.80,11.60,true,1,
7290003681242,false,זעתר 50 גרם,מיה,IL,זעתר 50 גרם,גרמים,50.00,100 גרם,false,0,5.80,11.60,true,1,
7290003681303,false,שעועית מעורבת 500 גרם,מיה,IL,שעועית מעורבת,גרמים,500.00,100 גרם,false,0,10.80,2.16,true,1,
7290003681334,false,קוקוס מיה 400 גרם,מיה,IL,קוקוס מיה 400 גרם,גרמים,400.00,100 גרם,false,0,13.40,3.35,true,1,
7290003681341,false,קונפיטורה תות 340 גרם,מיה,IL,קונפיטורה תות 340 גרם,גרמים,340.00,100 גרם,false,0,12.90,3.79,true,1,
7290003681457,false,סוכריות ג'לי צנצנת 200גר,מיה,IL,סוכריות ג'לי,גרמים,200.00,100 גרם,false,0,9.30,4.65,true,1,
7290003681723,false,תבלין לפיצה 100 גרם,מיה,IL,תבלין לפיצה 100 גרם,גרמים,100.00,100 גרם,false,0,5.80,5.80,true,1,
7290003681730,false,גריל דג 80 גרם,מיה,IL,תבלין גריל דג,גרמים,80.00,100 גרם,false,0,5.70,7.13,true,1,
7290003681747,false,גריל בשר 80 גרם,מיה,IL,תבלין גריל בשר,גרמים,80.00,100 גרם,false,0,5.80,7.25,true,1,
7290003681754,false,אבקת קארי 80 גרם,מיה,IL,קארי,גרמים,80.00,100 גרם,false,0,7.10,8.88,true,1,
7290003681761,false,גבישי שום 80 גרם,מיה,IL,גבישי שום 80 גרם,גרמים,80.00,100 גרם,false,0,5.70,7.13,true,1,
7290003681785,false,"אורז פרסי זהב 1ק""ג הרנוף",מיה,IL,"אורז פרסי זהב 1ק""ג הרנוף",קילוגרמים,1.00,"ק""ג",false,0,7.90,7.90,true,1,
7290003681921,false,סוכריות טופי 200 גרם,מיה,IL,סוכריות טופי 200 גרם,גרמים,200.00,100 גרם,false,0,6.00,3.00,true,1,
7290003681945,false,"מיץ לימון 100% 500 מ""ל",מיה,IL,מיץ לימון 100%,מיליליטרים,500.00,"100 מ""ל",false,0,9.00,1.80,true,1,
7290003719006,false,לחם ליבו שיפון 80% 750גר,מאפית ברמן,IL,לחם ליבו שיפון 80% 750גר,גרמים,750.00,100 גרם,false,0,12.00,1.60,true,1,
7290003727667,false,"סלט חומוס צבר 1 ק""ג",צבר,IL,סלט חומוס צבר,קילוגרמים,1.00,"ק""ג",false,0,13.90,13.90,true,1,
7290003781614,false,אורז יסמין,,IL,אורז יסמין,קילוגרמים,5.00,"ק""ג",false,0,31.80,6.36,true,1,
7290003782376,false,מקרל מעושן שלם במשקל,מעדני מיקי,IL,מקרל מעושן שלם במשקל,קילוגרמים,0.00,"ק""ג",true,0,79.00,79.00,true,1,
7290003804368,false,תיבול.קנור בזיליקום72גרם,יוניליוור,IL,תיבוליות קנור,גרמים,72.00,100 גרם,false,0,8.40,11.67,true,1,
7290003804382,false,תיבולית קנור פיטריות72גר,יוניליוור,IL,תיבוליות פטריות,גרמים,72.00,100 גרם,false,0,8.40,11.67,true,1,
7290003805501,false,פתית חסכוני שוודית 300גר,יוניליוור,IL,פתית קרקר שוודי,גרמים,300.00,100 גרם,false,0,14.90,4.97,true,1,
7290003805518,false,"קורנפלקס בד""ץ 500 גרם",יוניליוור,IL,קורנפלקס תלמה,גרמים,500.00,100 גרם,false,0,17.60,3.52,true,1,
7290003805525,false,קורנפלקס 750 גרם,יוניליוור,IL,קורנפלקס תלמה,גרמים,750.00,100 גרם,false,0,14.50,1.93,true,1,
7290003805532,false,"שוגי פיצי דגנים בד""ץ500ג",יוניליוור,IL,שוגי פיצי תלמה,גרמים,500.00,100 גרם,false,0,19.90,3.98,true,1,
7290003805556,false,"ברנפלקס חיטה מלא בד""ץ500",יוניליוור,IL,ברנפלקס תלמה,גרמים,500.00,100 גרם,false,0,21.90,4.38,true,1,
7290003805587,false,"פתית חיטה מלאה בד""צ250גר",יוניליוור,IL,פתית חיטה מלאה,גרמים,250.00,100 גרם,false,0,14.90,5.96,true,1,
7290003805686,false,קוקומן פצפוצים 500 גרם,יוניליוור,IL,קוקומן פצפוצים,גרמים,500.00,100 גרם,false,0,19.90,3.98,true,1,
7290003805709,false,"כריות נוגט בד""צ 750 גרם",יוניליוור,IL,כריות נוגט,גרמים,750.00,100 גרם,false,0,21.90,2.92,true,1,
7290003806423,false,שניצל ולתנור 180 גרם,יוניליוור,IL,שניצל ולתנור,גרמים,180.00,100 גרם,false,0,6.30,3.50,true,1,
7290003806645,false,"פתית תירס ל.ג.כשל""פ200גר",אסיף תעשיות מזון,CZ,פתית תירס,גרמים,200.00,100 גרם,false,0,14.90,7.45,true,1,
7290003806836,false,"בדין אקסטרא לילך 960 מ""ל",יוניליוור,TR,מרכך בדין אקסטרא,מיליליטרים,960.00,"100 מ""ל",false,0,16.90,1.76,true,1,
7290003807178,false,רוטב סויה סגנון סיני300מ,יוניליוור,IL,רוטב סויה,מיליליטרים,300.00,"100 מ""ל",false,0,10.80,3.60,true,1,
7290003807352,false,"שוגי בד""ץ 1 ק""ג",יוניליוור,IL,קורנפלקס שוגי,קילוגרמים,1.00,"ק""ג",false,0,24.90,24.90,true,1,
7290003807376,false,"עוגי שפע בד""ץ 750 גרם",יוניליוור,IL,קורנפלקס עוגי,גרמים,750.00,100 גרם,false,0,28.00,3.73,true,1,
7290003821754,false,סלמון נורבגי מעושן 100גר,נטו,IL,סלמון מעושן,גרמים,100.00,100 גרם,false,0,16.90,16.90,true,1,
7290003882922,false,עלי גפן ממולאים,,IL,עלי גפן ממולאים,גרמים,400.00,100 גרם,false,0,8.00,2.00,true,1,
7290003893690,false,"פילה אמנון בד""ץ מחיר לפי",---,IL,"פילה אמנון בד""ץ",גרמים,0.00,"ק""ג",true,1,39.90,39.90,true,1,
7290003989096,false,חציל פיקנטי אחלה 500 גרם,שטראוס,IL,חציל פיקנטי אחלה,גרמים,500.00,100 גרם,false,0,14.00,2.80,true,1,
7290003989539,false,רביולי עם גבינה 400 גרם,שטראוס,IL,רביולי עם גבינה 400 גרם,גרמים,400.00,100 גרם,false,0,19.90,4.98,true,1,
7290003989553,false,טורטליני עם פטריות 400גר,שטראוס,IL,טורטליני עם פטריות 400גר,גרמים,400.00,100 גרם,false,0,19.90,4.98,true,1,
7290003996490,false,עלי חסה ערבית שטופים,קטיף,IL,עלי חסה ערבית שטופים,גרמים,160.00,100 גרם,false,0,10.50,6.56,true,1,
7290003996971,false,"כרוב לבן  חסלט 1 ק""ג",קטיף,IL,"כרוב לבן  חסלט 1 ק""ג",קילוגרמים,1.00,"ק""ג",false,0,17.00,17.00,true,1,
7290004011260,false,"ריצ' להעשרת קפה 427 מ""ל",נטו,US,ריצ' להעשרת קפה,מיליליטרים,427.00,"100 מ""ל",false,0,9.90,2.32,true,1,
7290004011277,false,למ220 המרקהו לושיבל 'ציר,וטנ,US,ריצ' לבישול,מיליליטרים,220.00,"100 מ""ל",false,0,9.50,4.32,true,1,
7290004011284,false,"ריצ' להכנת קצפת 212 מ""ל",נטו,US,ריצ' להכנת קצפת,מיליליטרים,212.00,"100 מ""ל",false,0,9.00,4.25,true,1,
7290004011291,false,"בסיס להכנת קצפת 425 מ""ל",נטו,US,בסיס להכנת קצפת,מיליליטרים,425.00,"100 מ""ל",false,0,15.50,3.65,true,1,
7290004030063,false,נקטר גויאבה,,IL,נקטר גויאבה,ליטרים,1.00,ליטר,false,0,10.40,10.40,true,1,
7290004030155,false,מיץ רימון תפוח 100% 1ל',פריניב,IL,מיץ רימון תפוח,ליטרים,1.00,ליטר,false,1,21.20,21.20,true,1,
7290004030223,false,מיץ תפוח סחוט 100% 1ליטר,,IL,מיץ תפוח סחוט 100% 1ליטר,ליטרים,1.00,ליטר,false,0,17.60,17.60,true,1,
7290004030322,false,מיץ תפוח גזר וסלק 1 ליטר,פריניב,IL,מיץ תפוח גזר סלק,ליטרים,1.00,ליטר,false,0,17.60,17.60,true,1,
7290004030339,false,מיץ בננה תמר,,IL,מיץ בננה תמר,ליטרים,1.00,ליטר,false,0,13.20,13.20,true,1,
7290004030353,false,נקטר תות בננה,,IL,נקטר תות בננה,ליטרים,1.00,ליטר,false,0,10.40,10.40,true,1,
7290004030414,false,מיץ תפוזים מצונן,,IL,מיץ תפוזים מצונן,ליטרים,2.00,ליטר,false,0,17.90,8.95,true,1,
7290004030438,false,מיץ פרימונדה 1 ליטר,,IL,מיץ פרימונדה 1 ליטר,ליטרים,1.00,ליטר,false,0,13.20,13.20,true,1,
7290004030445,false,מיץ תפוזים סחוט,,IL,מיץ תפוזים סחוט,ליטרים,1.00,ליטר,false,0,10.40,10.40,true,1,
7290004030568,false,מיץ אשכולית סחוט,,IL,מיץ אשכולית סחוט,ליטרים,2.00,ליטר,false,0,17.90,8.95,true,1,
7290004030612,false,מיץ קיווי אגס 90% 1 ליטר,,IL,מיץ קיווי אגס 90% 1 ליטר,ליטרים,1.00,ליטר,false,0,13.20,13.20,true,1,
7290004030698,false,נקטר חמוציות 2 ליטר,פריניב,IL,נקטר חמוציות,ליטרים,2.00,ליטר,false,0,17.90,8.95,true,1,
7290004030711,false,מיץ מנדרינה תפוז,,IL,מיץ מנדרינה תפוז,ליטרים,2.00,ליטר,false,0,19.90,9.95,true,1,
7290004030834,false,מיץ רימונים,,IL,מיץ רימונים,ליטרים,1.00,ליטר,false,0,21.20,21.20,true,1,
7290004030957,false,משקה קל מצנון 2ל,,IL,משקה קל מצנון 2ל,ליטרים,2.00,ליטר,false,0,17.90,8.95,true,1,
7290004063016,false,"מלח שולחן מעולה 1 ק""ג",מלחי סלית עתלית,IL,"מלח שולחן מעולה 1 ק""ג",קילוגרמים,1.00,"ק""ג",false,0,1.30,1.30,true,1,
7290004063115,false,"מלח מטבח גס לבישול 1 ק""ג",מלחי סלית עתלית,IL,מלח מטבח גס,קילוגרמים,1.00,"ק""ג",false,0,1.30,1.30,true,1,
7290004063214,false,מלח מטבח גביש,,IL,מלח מטבח גביש,קילוגרמים,1.00,"ק""ג",false,0,1.40,1.40,true,1,
7290004067441,false,"מעדן 100% תפוז ללת""ס284ג",בית יצחק,IL,"מעדן 100% תפוז ללת""ס284ג",גרמים,284.00,100 גרם,false,0,16.20,5.70,true,1,
7290004067519,false,"מעדן 100%דובדבן ללת""ס284",בית יצחק,IL,"מעדן 100%דובדבן ללת""ס284",גרמים,284.00,100 גרם,false,0,16.20,5.70,true,1,
7290004078225,false,מי פה קולג.פלקס ירוק500מ,קולגייט-פלמוליב,BR,מי פה קולגייט,מיליליטרים,500.00,"100 מ""ל",false,0,29.90,5.98,true,1,
7290004078270,false,פלמוליב לכלים לימון1ליטר,קולגייט-פלמוליב,GR,פלמוליב לכלים לימון1ליטר,ליטרים,1.00,ליטר,false,0,12.90,12.90,true,1,
7290004091217,false,גודרס להברקת כלי כסף125ג,COLEPCCL,GB,נוזל ניקוי כסף,מיליליטרים,125.00,"100 מ""ל",false,0,16.90,13.52,true,1,
7290004091248,false,ואזלין טהור 100 גרם,יוניליוור,US,ואזלין טהור,גרמים,100.00,100 גרם,false,0,14.90,14.90,true,1,
7290004091255,false,ואזלין טהור 225 גרם,יוניליוור,US,ואזלין,גרמים,225.00,100 גרם,false,0,20.00,8.89,true,1,
7290004119522,false,"שוקו תנובה בשקית 225 מ""ל",תנובה,IL,שוקו בשקית,מיליליטרים,225.00,"100 מ""ל",false,0,2.70,1.20,true,1,
7290004119928,false,מעדן קרלו וניל 3% 125 גר,תנובה,IL,מעדן קרלו וניל3%,גרמים,125.00,100 גרם,false,0,2.60,2.08,true,1,
7290004119973,false,מעדן שוקו קרלו3% 125גרם,תנובה,IL,קרלו שוקולדה,גרמים,125.00,100 גרם,false,0,2.60,2.08,true,1,
7290004120061,false,"מעדן קרלו שוניל3% 125מ""ל",תנובה,IL,מעדן קרלו שוניל,גרמים,125.00,100 גרם,false,0,2.50,2.00,true,1,
7290004120252,false,באדי תות כשר למהדרין125מ,תנובה,IL,באדי תות,מיליליטרים,125.00,"100 מ""ל",false,0,2.60,2.08,true,1,
7290004120269,false,"שוקו בשקית 225*6מ""ל",תנובה,IL,שוקו 6 שקיות,ליטרים,1.35,ליטר,false,0,15.00,11.11,true,1,
7290004120573,false,גב.בולגרית פיראוס16% 250,תנובה,IL,גב.בולגרית פיראוס16% 250,גרמים,250.00,100 גרם,false,0,21.00,8.40,true,1,
7290004120634,false,גב.בולגרית פיראוס5% 250ג,תנובה,IL,גב.בולגרית פיראוס5% 250ג,גרמים,250.00,100 גרם,false,0,21.00,8.40,true,1,
7290004120832,false,חלב שתיה 3%,,IL,חלב שתיה 3%,ליטרים,2.00,ליטר,false,0,11.60,5.80,true,1,
7290004121853,false,פיראוס קוב.בולגרית5% 200,תנובה,IL,פיראוס קוב.בולגרית5% 200,גרמים,200.00,100 גרם,false,0,19.00,9.50,true,1,
7290004122195,false,גוש חלב פרוס28% 200מהדרי,תנובה,IL,גוש חלב פרוס28% 200מהדרי,גרמים,200.00,100 גרם,false,0,12.90,6.45,true,1,
7290004122744,false,יופלה ביו תות 150 גרם,תנובה,IL,יופלה תות,גרמים,150.00,100 גרם,false,0,4.00,2.67,true,1,
7290004122751,false,יופלה ביו אפרסק 3% 150גר,תנובה,IL,יופלה אפרסק,גרמים,150.00,100 גרם,false,0,4.00,2.67,true,1,
7290004123284,false,גב.לבנה רכה5%ללא מלח250ג,תנובה,IL,גב.לבנה רכה5%ללא מלח250ג,גרמים,250.00,100 גרם,false,0,4.80,1.92,true,1,
7290004124847,false,קצפת צמחית השף הלבן500מל,תנובה,IL,קצפת צמחית השף הלבן500מל,מיליליטרים,500.00,"100 מ""ל",false,0,16.00,3.20,true,1,
7290004125370,false,שמנת חמוצה 9% שומן 200מל,תנובה,IL,שמנת חמוצה 9%,מיליליטרים,200.00,"100 מ""ל",false,0,3.40,1.70,true,1,
7290004125400,false,"אשל מהדרין 4.5% 200 מ""ל",תנובה,IL,אשל 4.5% שומן,מיליליטרים,200.00,"100 מ""ל",false,0,1.50,0.75,true,1,
7290004125417,false,"גיל 3% מהדרין 200מ""ל",תנובה,IL,גיל לבן 3%שומן,מיליליטרים,200.00,"100 מ""ל",false,0,1.40,0.70,true,1,
7290004125455,false,שמנת תנובה 15%שומן200מל,תנובה,IL,שמנת תנובה 15%,מיליליטרים,200.00,"100 מ""ל",false,0,2.20,1.10,true,1,
7290004125462,false,שמנת חמוצה 15%שומן500מל,תנובה,IL,שמנת חמוצה 15%,מיליליטרים,500.00,"100 מ""ל",false,0,5.30,1.06,true,1,
7290004125509,false,שמנת חמוצה 15% 100מל,תנובה,IL,שמנת חמוצה,מיליליטרים,100.00,"100 מ""ל",false,0,1.70,1.70,true,1,
7290004125578,false,'משקה סויה מועשר בסידן1ל,תנובה,IL,'משקה סויה מועשר בסידן1ל,ליטרים,1.00,ליטר,false,0,10.40,10.40,true,1,
7290004125585,false,משקה סויה על הבוקר 1ליטר,תנובה,IL,משקה סויה על הבוקר 1ליטר,ליטרים,1.00,ליטר,false,0,10.40,10.40,true,1,
7290004125738,false,שמנת להקצפה-32%שף לבן250,תנובה,IL,שמנת להקצפה-32%שף לבן250,מיליליטרים,250.00,"100 מ""ל",false,0,6.90,2.76,true,1,
7290004126674,false,גבינה טל העמק לייט 200גר,תנובה,IL,גבינה טל העמק,גרמים,200.00,100 גרם,false,0,17.90,8.95,true,1,
7290004126872,false,"שוקו תנובה בקבוק 250 מ""ל",תנובה,IL,שוקו בקבוק,מיליליטרים,250.00,"100 מ""ל",false,0,5.10,2.04,true,1,
7290004127077,false,קוטג' תנובה 3% שומן 250,תנובה,IL,קוטג' תנובה 3% שומן 250,גרמים,250.00,100 גרם,false,0,5.50,2.20,true,1,
7290004127459,false,יופלה פרנץ ונילה-בדצ150ג,תנובה,IL,יופלה פרנץ ונילה,גרמים,150.00,100 גרם,false,0,4.00,2.67,true,1,
7290004127800,false,גב.לבנה 5% שומן 500 גרם,תנובה,IL,גבינה לבנה 5%,גרמים,500.00,100 גרם,false,0,9.60,1.92,true,1,
7290004127817,false,גב.לבנה 9% שומן 500 גרם,תנובה,IL,גב.לבנה 9% שומן 500 גרם,גרמים,500.00,100 גרם,false,0,10.20,2.04,true,1,
7290004127862,false,גבינה לבנה 5% 750 גרם,תנובה,IL,גבינה לבנה 5%,גרמים,750.00,100 גרם,false,0,14.40,1.92,true,1,
7290004127916,false,גבינה תנובה0.5%שומן 500ג,תנובה,IL,גבינה תנובה0.5%שומן 500ג,גרמים,500.00,100 גרם,false,0,9.80,1.96,true,1,
7290004129101,false,גב.נפולאון טעם טבעי 225ג,תנובה,IL,גב.נפולאון טעם טבעי 225ג,גרמים,225.00,100 גרם,false,0,12.70,5.64,true,1,
7290004129118,false,גב.נפולאון טעם זיתים225ג,תנובה,IL,גב.נפולאון טעם זיתים225ג,גרמים,225.00,100 גרם,false,0,12.70,5.64,true,1,
7290004129156,false,גב.נפולאון שום-שמיר 225ג,תנובה,IL,גב.נפולאון שום-שמיר 225ג,גרמים,225.00,100 גרם,false,0,12.70,5.64,true,1,
7290004130695,false,משקה אייס קפה בקבוק1ליטר,תנובה,IL,משקה אייס קפה,ליטרים,1.00,ליטר,false,0,11.80,11.80,true,1,
7290004130794,false,משקה סויה במתיקות מופחתת,תנובה,IL,משקה סויה במתיקות מופחתת,ליטרים,1.00,ליטר,false,0,10.40,10.40,true,1,
7290004131050,false,חלב 1% מהדרין שקית 1ליטר,תנובה,IL,חלב 1% מהדרין שקית 1ליטר,ליטרים,1.00,ליטר,false,0,4.50,4.50,true,1,
7290004131074,false,חלב בקרטון 3% שומן 1 ל',תנובה,IL,חלב בקרטון 3% שומן 1 ל',ליטרים,1.00,ליטר,false,0,5.80,5.80,true,1,
7290004131227,false,גבינה לבנה3% 500 גרם,תנובה,IL,גבינה לבנה3% 500 גרם,גרמים,500.00,100 גרם,false,0,10.20,2.04,true,1,
7290004131814,false,פיראוס צפתית מעוד5% 200ג,תנובה,IL,פיראוס צפתית מעוד5% 200ג,גרמים,200.00,100 גרם,false,0,14.00,7.00,true,1,
7290004131999,false,יופלה לבן מעודן%1.5 150ג,תנובה,IL,יופלה מעודן,גרמים,150.00,100 גרם,false,0,3.00,2.00,true,1,
7290004132231,false,חלב פלוס לקפה 3.5% שומן,תנובה,IL,חלב פלוס לקפה 3.5% שומן,מיליליטרים,800.00,"100 מ""ל",false,0,7.20,0.90,true,1,
7290004132514,false,משקה בננה בקבוק 1 ל',תנובה,IL,משקה שוק בננה,ליטרים,1.00,ליטר,false,0,12.00,12.00,true,1,
7290004132552,false,משקה סויה ט.טבעי לייט 1ל,תנובה,IL,משקה סויה,ליטרים,1.00,ליטר,false,0,10.40,10.40,true,1,
7290004132712,false,חטיפ.מוצרלה אצבעות21.5*8,תנובה,IL,חטיפ.מוצרלה אצבעות21.5*8,גרמים,172.00,100 גרם,false,0,13.80,8.02,true,1,
7290004132903,false,"גבינה לבנה 3% בד""ץ 250 ג",,IL,"גבינה לבנה 3% בד""ץ 250 ג",גרמים,250.00,100 גרם,false,0,5.10,2.04,true,1,
7290004133009,false,"קרם צמחי לבישול 250 מ""ל",תנובה,IL,קרם צמחי לבישול,מיליליטרים,250.00,"100 מ""ל",false,1,9.70,3.88,true,1,
7290004133320,false,יופלה ביו לבן 1.5% 150ג,תנובה,IL,יופלה לבן 1.5%,גרמים,150.00,100 גרם,false,0,2.70,1.80,true,1,
7290004133900,false,קצפת צמחית השף הלבן250מל,תנובה,IL,קצפת צמחית השף הלבן250מל,מיליליטרים,250.00,"100 מ""ל",false,0,9.00,3.60,true,1,
7290004133917,false,קצפת צמחית 3יח,,IL,קצפת צמחית 3יח,מיליליטרים,750.00,"100 מ""ל",false,0,19.90,2.65,true,1,
7290004134198,false,"משקה בננה בקבוק 250 מ""ל",תנובה,IL,משקה בננה בקבוק,מיליליטרים,250.00,"100 מ""ל",false,0,5.10,2.04,true,1,
7290004135072,false,מעדן קרלו מיני שוק100*8ג,תנובה,IL,קרלו מיני 8 יח,גרמים,800.00,100 גרם,false,0,12.00,1.50,true,1,
7290004135119,false,מעדן קרלו מיני וניל100*8,תנובה,IL,קרלו מיני 8 יח,גרמים,800.00,100 גרם,false,0,12.00,1.50,true,1,
7290004135225,false,מעדן דיאט שוקולד 0% 150ג,תנובה,IL,מעדן דיאט שוקולד,גרמים,150.00,100 גרם,false,0,3.80,2.53,true,1,
7290004135232,false,מעדן דיאט וניל0% 150 גרם,תנובה,IL,מעדן דיאט וניל,גרמים,150.00,100 גרם,false,0,3.80,2.53,true,1,
7290004136130,false,"שוקו תנובה בקבוק 340 מ""ל",תנובה,IL,שוקו תנובה בקבוק,מיליליטרים,340.00,"100 מ""ל",false,0,6.10,1.79,true,1,
7290004136154,false,משקה אייס קפה בקבוק340מל,תנובה,IL,משקה אייס קפה,מיליליטרים,340.00,"100 מ""ל",false,0,6.40,1.88,true,1,
7290004136192,false,מילק שייק פונץ בננה 250מ,תנובה,IL,מילק שייק פונץ,מיליליטרים,250.00,"100 מ""ל",false,0,5.50,2.20,true,1,
7290004136598,false,מארז הפסקת אוכל,תנובה,IL,חלב עם דגנים,יחידה,1.00,יחידה,false,0,8.60,8.60,true,1,
7290004136857,false,מעדן ג'לי פטל 125 גרם,תנובה,IL,מעדן ג'לי פטל,גרמים,125.00,100 גרם,false,0,2.30,1.84,true,1,
7290004136871,false,מעדן ג'לי אפרסק+חתיכ125.,תנובה,,מעדן ג'לי אפרסק,גרמים,125.00,100 גרם,false,0,2.50,2.00,true,1,
7290004136895,false,יופלה לבן שזיף תחתית150ג,תנובה,IL,יופלה שזיף,גרמים,150.00,100 גרם,false,0,3.70,2.47,true,1,
7290004198022,false,בקלה צעיר בלי זנב ארוז ק,שונות,AR,בקלה צעיר ארוז,קילוגרמים,0.00,"ק""ג",true,0,15.90,15.90,true,1,
7290004220013,false,טחון בקר 1קג קהילות,קהילות,IL,טחון בקר 1קג קהילות,גרמים,1000.00,100 גרם,false,0,44.90,4.49,true,1,
7290004220037,false,סטייק אנטריקוט עטרה 800ג,עטרה,IL,סטייק אנטריקוט עטרה 800ג,גרמים,800.00,100 גרם,false,0,55.00,6.88,true,1,
7290004220815,false,קשקע קהילות 500גרם,,IL,קשקע קהילות 500גרם,גרמים,500.00,100 גרם,false,0,19.90,3.98,true,1,
7290004230944,false,מקלות בורקס פילו גבינה 6,שלושת האופים,IL,מקלות בורקס,גרמים,600.00,100 גרם,false,0,21.00,3.50,true,1,
7290004263010,false,טחון בקר בית יוסף 500 גר,עטרה,IL,טחון בקר בית יוסף 500 גר,גרמים,500.00,100 גרם,false,0,19.90,3.98,true,1,
7290004263027,false,קבב בקר בית יוסף 500 גרם,עטרה,IL,קבב בקר בית יוסף 500 גרם,גרמים,500.00,100 גרם,false,0,18.90,3.78,true,1,
7290004263034,false,המבורגר בית יוסף יח,עטרה,IL,המבורגר בית יוסף יח,גרמים,500.00,100 גרם,false,0,18.90,3.78,true,1,
7290004263041,false,גולש בקר מחיר לפי משקל,עטרה,IL,גולש בקר מחיר לפי משקל,קילוגרמים,0.00,"ק""ג",true,0,42.90,42.90,true,1,
7290004263102,false,פילה צלעות קפוא לקג,עטרה,IL,פילה צלעות קפוא לקג,קילוגרמים,0.00,"ק""ג",true,0,41.90,41.90,true,1,
7290004263393,false,קשקע ירושלמי 500 גרם,עטרה,IL,קשקע ירושלמי 500 גרם,גרמים,500.00,100 גרם,false,0,12.90,2.58,true,1,
7290004263478,false,נקניקיות מרגז חריפות 400,עטרה,IL,נקניקיות מרגז חריפות 400,גרמים,400.00,100 גרם,false,0,17.90,4.48,true,1,
7290004263485,false,בשר מס2' צלעות קפוא מחיר,עטרה,IL,בשר מס2' צלעות קפוא מחיר,קילוגרמים,0.00,"ק""ג",true,0,46.90,46.90,true,1,
7290004263553,false,בשר מס3' חזה קפוא ב.יוסף,עטרה,PY,בשר מס3' חזה קפוא ב.יוסף,קילוגרמים,0.00,"ק""ג",true,0,39.90,39.90,true,1,
7290004263621,false,בשר מס' 4 כתף מרכזי קפוא,עטרה,IL,בשר מס' 4 כתף מרכזי קפוא,קילוגרמים,0.00,"ק""ג",true,0,54.90,54.90,true,1,
7290004263652,false,נקניקיות עוף 400 גרם,עטרה,IL,נקניקיות עוף 400 גרם,גרמים,400.00,100 גרם,false,0,11.90,2.98,true,1,
7290004263676,false,טחון הודו בית יוסף 500 ג,עטרה,IL,טחון הודו בית יוסף 500 ג,גרמים,500.00,100 גרם,false,0,11.90,2.38,true,1,
7290004263799,false,צלי כתף מס' 5 בית יוסף מ,עטרה,IL,צלי כתף מס' 5 בית יוסף מ,קילוגרמים,0.00,"ק""ג",true,0,79.90,79.90,true,1,
7290004263867,false,פילה מדומה מס' 6 בית יוס,עטרה,IL,פילה מדומה מס' 6 בית יוס,קילוגרמים,0.00,"ק""ג",true,0,69.90,69.90,true,1,
7290004263935,false,מכסה הצלע מס' 7 עטרה מחי,עטרה,IL,מכסה הצלע מס' 7 עטרה מחי,קילוגרמים,0.00,"ק""ג",true,0,39.90,39.90,true,1,
7290004267124,false,עוג.ממולא תות/שוקולד200ג,ברמן שוקולד ועוגיות,IL,עוגיות ממולאות,גרמים,200.00,100 גרם,false,0,3.90,1.95,true,1,
7290004267209,false,עוגיות לקפה בשקית 200 גר,ברמן שוקולד ועוגיות,IL,עוגיות לקפה 200ג,גרמים,200.00,100 גרם,false,0,3.90,1.95,true,1,
7290004267216,false,עוגיות בטעם ריבה 200 גרם,ברמן שוקולד ועוגיות,IL,עוג.בטעם ריבה,גרמים,200.00,100 גרם,false,0,3.90,1.95,true,1,
7290004267223,false,עוגיות בטעם חמאה 200 גרם,ברמן שוקולד ועוגיות,IL,עוג. חמאה 200 גר,גרמים,200.00,100 גרם,false,0,3.90,1.95,true,1,
7290004267346,false,עוג.שקדים ללא סוכר 280ג,ברמן שוקולד ועוגיות,,עוג.שקדים 280גרם,גרמים,280.00,100 גרם,false,0,11.90,4.25,true,1,
7290004423353,false,משקה פריגת תפוחים 1.5 ל',פריגת,IL,פריגת תפוחים,ליטרים,1.50,ליטר,false,0,6.20,4.13,true,1,
7290004492274,false,בייגלה טבעות מלוחות 400ג,יוניליוור,IL,בייגלה טבעות,גרמים,400.00,100 גרם,false,0,9.40,2.35,true,1,
7290004492311,false,בייגלה שמיניות לל.מלח400,יוניליוור,IL,בייגלה גדול,גרמים,400.00,100 גרם,false,0,10.90,2.73,true,1,
7290004492342,false,נישנושים קוקטייל מלח350ג,גוצ'מולר,IL,נישנושים מלוח,גרמים,350.00,100 גרם,false,0,11.50,3.29,true,1,
7290004492755,false,נישנושים בצל שמנת 300גרם,גוצ'מולר,IL,נישנושים בצל,גרמים,300.00,100 גרם,false,0,11.50,3.83,true,1,
7290004492762,false,נישנושים תירס 325 גרם,גוצ'מולר,IL,נישנושים תירס,גרמים,325.00,100 גרם,false,0,11.50,3.54,true,1,
7290004492779,false,נישנושים זעתר 300 גרם,גוצ'מולר,IL,נישנושים זעתר,גרמים,300.00,100 גרם,false,0,11.50,3.83,true,1,
7290004492816,false,נישנושים מלוח 350 גרם,גוצ'מולר,IL,נישנושי קרקר,גרמים,350.00,100 גרם,false,0,11.50,3.29,true,1,
7290004492823,false,נישנושים שומשום 350 גרם,גוצ'מולר,IL,נישנושים שומשום,גרמים,350.00,100 גרם,false,0,11.50,3.29,true,1,
7290004532031,false,שקדים קלויים 200 גרם,פיצוחי הטיב,IL,שקדים קלויים,גרמים,200.00,100 גרם,false,0,19.90,9.95,true,1,
7290004532048,false,גרעין לבן קלוי 200 גרם,פיצוחי הטיב,IL,גרעין לבן קלוי,גרמים,200.00,100 גרם,false,0,7.90,3.95,true,1,
7290004532086,false,קאשיו קלוי 200 גרם,פיצוחי הטיב,IL,200 קאשיו קלוי,גרמים,200.00,100 גרם,false,0,17.90,8.95,true,1,
7290004532093,false,בוטן קליפה קלוי 200 גרם,פיצוחי הטיב,IL,בוטן קליפה קלוי,גרמים,200.00,100 גרם,false,0,8.90,4.45,true,1,
7290004532130,false,בוטן אמריקאי קלוי 200גרם,פיצוחי הטיב,IL,בוטן אמריקאי,גרמים,200.00,100 גרם,false,0,5.90,2.95,true,1,
7290004532147,false,קבוקים 200 גרם,פיצוחי הטיב,IL,קבוקים 200 גרם,גרמים,200.00,100 גרם,false,0,5.90,2.95,true,1,
7290004532161,false,אלמנדוס 200גרם,,IL,אלמנדוס 200גרם,גרמים,200.00,100 גרם,false,0,8.90,4.45,true,1,
7290004532246,false,צימוק שחור 200ג-'פ.הטיב,פיצוחי הטיב,IL,צימוק שחור,גרמים,200.00,100 גרם,false,0,9.90,4.95,true,1,
7290004532260,false,משמש יבש 200גרם פ.הטיב,פיצוחי הטיב,IL,משמש יבש 200גרם,גרמים,200.00,100 גרם,false,0,13.90,6.95,true,1,
7290004532277,false,צימוק לבן 200גרם פ.הטיב,פיצוחי הטיב,IL,צימוק ג'מבו,גרמים,200.00,100 גרם,false,0,9.90,4.95,true,1,
7290004532383,false,אגוזי פקאן טבעיים 200 גר,"גי אנד גי בע""מ",IL,אגוזי פקאן,גרמים,200.00,100 גרם,false,1,22.90,11.45,true,1,
7290004532390,false,אגוז מלך טבעי200ג-פ.הטיב,פיצוחי הטיב,IL,אגוז מלך טבעי,גרמים,200.00,100 גרם,false,0,17.90,8.95,true,1,
7290004532444,false,שקד טבעי 200 גרם-פ.הטיב,פיצוחי הטיב,IL,שקד טבעי 200 גרם,גרמים,200.00,100 גרם,false,0,19.90,9.95,true,1,
7290004532581,false,בוטן קלוף קלוי 200 גרם,פיצוחי הטיב,IL,בוטן קלוף קלוי,גרמים,200.00,100 גרם,false,0,6.90,3.45,true,1,
7290004536008,false,סיליט מסיר אבן/חלודה500מ,רקיט בנקיזר,IL,סיליט מסיר אבנית,מיליליטרים,500.00,"100 מ""ל",false,0,11.70,2.34,true,1,
7290004551926,false,אבקת פלאפל,,IL,אבקת פלאפל,קילוגרמים,1.00,"ק""ג",false,0,19.30,19.30,true,1,
7290004575069,false,מיניס חטיפי גל.טופו 700ג,ריאו,IL,מיניס חטיפי גל.טופו 700ג,גרמים,600.00,100 גרם,false,0,35.90,5.98,true,1,
7290004575403,false,גל.פרווה בטעמים 1.8 ליטר,ריאו,IL,גל.פרווה בטעמים 1.8 ליטר,ליטרים,1.80,ליטר,false,0,16.90,9.39,true,1,
7290004575632,false,קרמבו 16 יח',,IL,קרמבו 16 יח',גרמים,400.00,100 גרם,false,0,14.90,3.73,true,1,
7290004575823,false,מאגדת פרח 8 יח',ריאו,IL,מאגדת פרח 8 יח',יחידה,1.00,יחידה,false,0,15.90,15.90,true,1,
7290004584528,false,דנונה ביו 1.7% שומן200גר,שטראוס,IL,דנונה ביו לבן,גרמים,200.00,100 גרם,false,0,3.60,1.80,true,1,
7290004585907,false,דני וניל 1.5% שומן 125 ג,שטראוס,IL,דני וניל 1.5%,גרמים,125.00,100 גרם,false,0,2.40,1.92,true,1,
7290004586683,false,"קינג דויד לייט 750 מ""ל",יקבי כרמל,IL,קינג דויד לייט,מיליליטרים,750.00,"100 מ""ל",false,0,31.50,4.20,true,1,
7290004645014,false,סטייק סלמון,,IL,סטייק סלמון,קילוגרמים,0.00,"ק""ג",true,0,49.90,49.90,true,1,
7290004645069,false,דג הליבוט פרוס בלי עור ל,"ש.רוזנרס בע""מ",NO,הליבוט פרוס בלי,קילוגרמים,0.00,"ק""ג",true,0,79.90,79.90,true,1,
7290004645083,false,סול הולנדי פוטית לפי משק,,IL,סול הולנדי פוטית לפי משק,קילוגרמים,0.00,"ק""ג",true,0,38.90,38.90,true,1,
7290004645106,false,סלמון פילה מנות לפי משקל,---,IL,סלמון פילה מנות לפי משקל,קילוגרמים,0.00,"ק""ג",true,1,69.90,69.90,true,1,
7290004645120,false,פילה מרלוזה עם פס עור קג,,IL,פילה מרלוזה עם פס עור קג,קילוגרמים,0.00,"ק""ג",true,0,37.90,37.90,true,1,
7290004645267,false,נילוס פרוס L לפי משקל,,IL,נילוס פרוס L לפי משקל,קילוגרמים,0.00,"ק""ג",true,0,54.90,54.90,true,1,
7290004645311,false,דג טונה פרוס עם עור לפי,,IL,דג טונה פרוס עם עור לפי,קילוגרמים,0.00,"ק""ג",true,0,37.90,37.90,true,1,
7290004645328,false,פילה סלמון שלם לפי משקל,,IL,פילה סלמון שלם לפי משקל,קילוגרמים,0.00,"ק""ג",true,0,67.90,67.90,true,1,
7290004658618,false,תירוש מיץ ענבים לבן 1 ל',יקבי כרמל,IL,מיץ תירוש לבן,ליטרים,1.00,ליטר,false,0,17.20,17.20,true,1,
7290004685010,false,לחם 100% שיפון קל 500 גר,מאפית ברמן,IL,לחם 100% שיפון קל 500 גר,גרמים,500.00,100 גרם,false,0,14.90,2.98,true,1,
7290004685027,false,לחם מחיטה מלאה קל 500 גר,מאפית ברמן,IL,לחם מחיטה מלאה קל 500 גר,גרמים,500.00,100 גרם,false,0,14.90,2.98,true,1,
7290004685041,false,לחם הארץ חיטה מלאה750גרם,מאפית ברמן,IL,לחם הארץ חיטה מלאה750גרם,גרמים,750.00,100 גרם,false,0,14.90,1.99,true,1,
7290004685089,false,לחם חמניות 500 גרם,מאפית ברמן,IL,לחם חמניות 500 גרם,גרמים,500.00,100 גרם,false,0,14.90,2.98,true,1,
7290004685126,false,לחם הארץ חמישה דגנים750ג,מאפית ברמן,IL,לחם הארץ חמישה דגנים750ג,גרמים,750.00,100 גרם,false,0,14.90,1.99,true,1,
7290004685195,false,לחם 10 דגנים פרוס 750גרם,מאפית ברמן,IL,לחם 10 דגנים פרוס 750גרם,גרמים,750.00,100 גרם,false,0,14.90,1.99,true,1,
7290004685201,false,לחם הארץ שיפון אגוזים500,מאפית ברמן,IL,לחם הארץ שיפון אגוזים500,גרמים,500.00,100 גרם,false,0,14.90,2.98,true,1,
7290004731076,false,אל סבון כיף אלוורה 1ליטר,קוסמופארם,IL,אל סבון כיף,ליטרים,1.00,ליטר,false,0,11.90,11.90,true,1,
7290004731083,false,אל סבון כיף ג'ינסנג1ליטר,קוסמופארם,IL,אל סבון כיף,ליטרים,1.00,ליטר,false,0,11.90,11.90,true,1,
7290004731090,false,אל סבון כיף קמומיל 1ליטר,קוסמופארם,IL,אל סבון כיף קמומיל 1ליטר,ליטרים,1.00,ליטר,false,0,11.90,11.90,true,1,
7290004731120,false,ק.ידיים קרמה עור רגיל100,קוסמופארם,IL,קרם ידיים קרמה,מיליליטרים,100.00,"100 מ""ל",false,0,9.90,9.90,true,1,
7290004731137,false,ק.ידיים קרמה עור יבש100מ,קוסמופארם,IL,קרמה קרם ידיים,מיליליטרים,100.00,"100 מ""ל",false,0,9.90,9.90,true,1,
7290004731519,false,מקסימה למייבש סנסטיב750מ,סנו,IL,מקסימה למייבש,מיליליטרים,750.00,"100 מ""ל",false,0,16.40,2.19,true,1,
7290004731618,false,"סנו ג'אוול בד""צ 4 ליטר",סנו,IL,סנו ג'אוול,ליטרים,4.00,ליטר,false,0,13.90,3.48,true,1,
7290004731816,false,מגבות הפלא,,,מגבות הפלא,מטרים,84.00,מטר,false,0,12.60,0.15,true,1,
7290004762056,false,שקדי מרק,,IL,שקדי מרק,גרמים,400.00,100 גרם,false,0,5.90,1.48,true,1,
7290004810009,false,"טואלט דאק כתום 750*2 מ""ל",ג'ונסון,NL,טואלט דאק זוג,ליטרים,1.50,ליטר,false,0,18.90,12.60,true,1,
7290004923051,false,מים מינרלים עין גדי 2 ל',עין גדי מיים מינרלים,IL,מים מינרלים עין גדי 2 ל',ליטרים,2.00,ליטר,false,0,3.40,1.70,true,1,
7290004923099,false,עין גדי מים מינרל. 2*6 ל,עין גדי מיים מינרלים,IL,עין גדי מים מינרל. 2*6 ל,ליטרים,12.00,ליטר,false,0,10.50,0.88,true,1,
7290004942083,false,גרעיני חומוס,,IL,גרעיני חומוס,גרמים,500.00,100 גרם,false,0,9.90,1.98,true,1,
7290004980634,false,פמלי סבון נוזלי 2ב1- 1ל',אינטרקוסמא,IL,סבון נוזלי פמלי,ליטרים,1.00,ליטר,false,0,9.60,9.60,true,1,
7290005008153,false,3 מברשות קולגייט זיג זג,קולגייט-פלמוליב,VN,3 מברשות שיניים,יחידה,1.00,יחידה,false,0,20.00,20.00,true,1,
7290005008481,false,דאו.ספיד סטיק ג'ל ספורט,קולגייט-פלמוליב,US,דאודורנט,גרמים,85.00,100 גרם,false,0,22.90,26.94,true,1,
7290005079221,false,בולגרית מעודנת5% משקל,משק צוריאל תבור,IL,בולגרית מעודנת5% משקל,קילוגרמים,0.00,"ק""ג",true,0,50.00,50.00,true,1,
7290005079238,false,פטה עיזים מעודנת16% משקל,משק צוריאל תבור,IL,פטה עיזים מעודנת16% משקל,קילוגרמים,0.00,"ק""ג",true,0,99.00,99.00,true,1,
7290005095801,false,עמבה 500 גרם,,,עמבה 500 גרם,גרמים,500.00,100 גרם,false,0,14.20,2.84,true,1,
7290005168079,false,מיץ ענבים טבעי 1.5 ליטר,יקבי ציון,IL,מיץ ענבים טבעי 1.5 ליטר,ליטרים,1.50,ליטר,false,0,17.00,11.33,true,1,
7290005168253,false,יין מתוק אדום קליל 750מל,יקבי ציון,IL,יין מתוק אדום קליל 750מל,מיליליטרים,750.00,"100 מ""ל",false,0,15.30,2.04,true,1,
7290005168284,false,"יין גן עדן עתיק 750 מ""ל",יקבי ציון,IL,"יין גן עדן עתיק 750 מ""ל",מיליליטרים,750.00,"100 מ""ל",false,0,20.70,2.76,true,1,
7290005168314,false,יין אצילים אדום מתוק750מ,יקבי ציון,IL,יין אצילים אדום מתוק750מ,מיליליטרים,750.00,"100 מ""ל",false,0,15.30,2.04,true,1,
7290005168420,false,מיץ ענבים בית סבא 1 ליטר,יקבי ציון,IL,מיץ ענבים,ליטרים,1.00,ליטר,false,0,21.80,21.80,true,1,
7290005168468,false,יין עציון אדום יבש 750מל,יקבי ציון,IL,יין עציון אדום יבש 750מל,מיליליטרים,750.00,"100 מ""ל",false,0,14.80,1.97,true,1,
7290005174513,false,חציל במיונז אחלה 500 גרם,שטראוס,IL,חציל במיונז אחלה 500 גרם,גרמים,500.00,100 גרם,false,0,14.90,2.98,true,1,
7290005182136,false,סוכרה דיאט 100 יחידות80ג,גורי,IL,סוכרה דיאט 100 יחידות80ג,גרמים,80.00,100 גרם,false,0,28.00,35.00,true,1,
7290005191602,false,משקה סויה-סידן 3יח250X'ג,אלפרו,BE,משקה סויה-סידן 3יח250X'ג,מיליליטרים,750.00,"100 מ""ל",false,0,13.20,1.76,true,1,
7290005198038,false,"פתיבר שוקו 1.75 ק""ג",עלית,IL,פתיבר שוקו,קילוגרמים,1.75,"ק""ג",false,0,19.90,11.37,true,1,
7290005198045,false,פתיבר אריזה משפחתית1.75ק,עלית,IL,פתיבר,קילוגרמים,1.75,"ק""ג",false,0,19.90,11.37,true,1,
7290005199318,false,מאסט פטל לימון מגדים28גר,עלית,IL,מסטיק מאסט,גרמים,28.00,100 גרם,false,0,4.00,14.29,true,1,
7290005199578,false,קפה נ.פלטינום נ.קפאין200,עלית,IL,קפה נ.פלטינום נ.קפאין200,גרמים,200.00,100 גרם,false,0,33.90,16.95,true,1,
7290005201455,false,קפה נמס ארומה 200 גרם,עלית,IL,קפה נמס ארומה,גרמים,200.00,100 גרם,false,0,22.90,11.45,true,1,
7290005201882,false,קפה טורקי בצלופן 200 גרם,עלית,IL,קפה טורקי בצלופן,גרמים,200.00,100 גרם,false,0,12.90,6.45,true,1,
7290005270000,false,עלי סיגר 500 גרם,"אדריה בע""מ",IL,עלי סיגר מרוקאי,גרמים,500.00,100 גרם,false,0,11.90,2.38,true,1,
7290005271410,false,ביצים L 12יח',,,ביצים L 12יח',יחידה,1.00,יחידה,false,0,12.00,12.00,true,1,
7290005271427,false,ביצים M 12 יח',,,ביצים M 12 יח',יחידה,1.00,יחידה,false,0,11.10,11.10,true,1,
7290005271519,false,ביצים L 18 יח',,,ביצים L 18 יח',יחידה,1.00,יחידה,false,0,18.00,18.00,true,1,
7290005271526,false,ביצים M 18 יח',,,ביצים M 18 יח',יחידה,1.00,יחידה,false,0,16.65,16.65,true,1,
7290005271779,false,ביצים ארוז30יח L,,IL,ביצים ארוז30יח L,יחידה,1.00,יחידה,false,0,29.90,29.90,true,1,
7290005271786,false,ביצים ארוז30יח M,,IL,ביצים ארוז30יח M,יחידה,1.00,יחידה,false,0,26.90,26.90,true,1,
7290005287015,false,טונה סטארקיסט בשמן 160גר,סטארקיסט,IL,טונה סטארקיסט,גרמים,160.00,100 גרם,false,0,5.70,3.56,true,1,
7290005287107,false,טונה סטארקיסט 5 יח110X'ג,סטארקיסט,IL,טונה סטארקיסט 5 יח110X'ג,גרמים,550.00,100 גרם,false,0,24.20,4.40,true,1,
7290005287176,false,טונה סטארקיסט בשמן 545גר,סטארקיסט,IL,טונה סטארקיסט,גרמים,545.00,100 גרם,false,0,19.90,3.65,true,1,
7290005287206,false,טונה סטארקיסט בשמן160*4ג,סטארקיסט,IL,טונה סטארקיסט4יח,גרמים,640.00,100 גרם,false,0,24.30,3.80,true,1,
7290005287640,false,סלט טונה סטארקיסט 160גרם,סטארקיסט,IL,סלט טונה,גרמים,160.00,100 גרם,false,0,7.00,4.38,true,1,
7290005287770,false,ממרח טונה 3יח' 85* גרם,סטארקיסט,IL,ממרח טונה שלישיה,גרמים,255.00,100 גרם,false,0,11.90,4.67,true,1,
7290005287930,false,סטארקיסט במים 160*4 גרם,סטארקיסט,IL,טונה סטארקיסט4יח,גרמים,640.00,100 גרם,false,0,23.80,3.72,true,1,
7290005287985,false,פילה סלמון מעושן 110 גרם,סטארקיסט,IL,פילה סלמון,גרמים,110.00,100 גרם,false,0,16.90,15.36,true,1,
7290005296246,false,פותח סתימות,,,פותח סתימות,מיליליטרים,946.00,"100 מ""ל",false,0,30.90,3.27,true,1,
7290005317408,false,"ביסקוויט הגליל 1.8 ק""ג",מגדנית הדר,IL,ביסקוויט הגליל,קילוגרמים,1.80,"ק""ג",false,0,17.90,9.94,true,1,
7290005317415,false,"ביסקויט קסטה 1.8 ק""ג",מגדנית הדר,IL,ביסקוויט קסטה,קילוגרמים,1.80,"ק""ג",false,0,17.90,9.94,true,1,
7290005317606,false,קרקר פריך עם שומשום600גר,מגדנית הדר,IL,קרקר פריך עם שומשום600גר,גרמים,600.00,100 גרם,false,0,9.90,1.65,true,1,
7290005317613,false,קרקר פריך עם בצל הדר600ג,מגדנית הדר,IL,קרקר פריך עם בצל הדר600ג,גרמים,600.00,100 גרם,false,0,9.90,1.65,true,1,
7290005317620,false,קרקר פריך עם מלח הדר600ג,מגדנית הדר,IL,קרקר פריך עם מלח הדר600ג,גרמים,600.00,100 גרם,false,0,9.90,1.65,true,1,
7290005384868,false,בסיגנון דנאבלו 29% במשקל,,IL,בסיגנון דנאבלו 29% במשקל,קילוגרמים,0.00,"ק""ג",true,0,83.00,83.00,true,1,
7290005418709,false,קר.לחות נטורל קיבוע תלתל,קרליין,IL,קרם לחות לתלתלים,מיליליטרים,400.00,"100 מ""ל",false,0,19.50,4.88,true,1,
7290005418716,false,קר.לחות לתלתלים נטורל400,קרליין,,קרם לחות לשיער,מיליליטרים,400.00,"100 מ""ל",false,0,19.50,4.88,true,1,
7290005423253,false,"מקסימה למייבש פרש 750מ""ל",סנו,IL,מקסימה למייבש,מיליליטרים,750.00,"100 מ""ל",false,0,16.40,2.19,true,1,
7290005423505,false,"מי פה אורביטול 500 מ""ל",קוסמופארם,IL,מי פה אורביטול,מיליליטרים,500.00,"100 מ""ל",false,0,19.90,3.98,true,1,
7290005423543,false,משחת אורביטול להלבנה145ג,קוסמופארם,IL,משחת שיניים,גרמים,145.00,100 גרם,false,0,9.90,6.83,true,1,
7290005423567,false,40מטליות לניקוי סנו סושי,סנו,IL,מטליות לניקוי,יחידה,1.00,יחידה,false,0,19.00,19.00,true,1,
7290005423635,false,ריצפז פלוס דוחה תיקנים2ל,סנו,IL,ריצפז דוחה חרקים,ליטרים,2.00,ליטר,false,0,25.00,12.50,true,1,
7290005423871,false,משחת אורביטול145*3ג,קוסמופארם,IL,משחת אורביטול145*3ג,גרמים,435.00,100 גרם,false,0,14.90,3.43,true,1,
7290005423918,false,מרכך מקסימה בייבי 4 ל',סנו,IL,מרכך כביסה,ליטרים,4.00,ליטר,false,0,19.30,4.83,true,1,
7290005424014,false,"אבקת כביסה פיסגה 6 ק""ג",סנו,IL,אבקת כביסה פיסגה,קילוגרמים,6.00,"ק""ג",false,0,35.90,5.98,true,1,
7290005424113,false,4סנו סושי מטלית רצפ+כרית,סנו,IL,מטליות רצפה,יחידה,1.00,יחידה,false,0,12.10,12.10,true,1,
7290005424403,false,אל סבון כיף אצות ים1ליטר,קוסמופארם,IL,אל סבון כיף,ליטרים,1.00,ליטר,false,0,11.90,11.90,true,1,
7290005424571,false,6 סנו סושי כרית קרצוף,סנו,IL,סנו סושי כ.קרצוף,יחידה,1.00,יחידה,false,0,9.70,9.70,true,1,
7290005424694,false,קרמה תח.רחצה קלאסיק 750מ,קוסמופארם,IL,קרמה תחליב רחצה,מיליליטרים,750.00,"100 מ""ל",false,0,18.00,2.40,true,1,
7290005424762,false,ריצפז+דוחה תיקנים+ווקס2ל,סנו,IL,ריצפז פלוס+ווקס,ליטרים,2.00,ליטר,false,0,27.00,13.50,true,1,
7290005424793,false,בייבי כיף שמפ.אל דמע750מ,קוסמופארם,IL,שמפו בייבי כיף,גרמים,750.00,100 גרם,false,0,17.10,2.28,true,1,
7290005424847,false,מפיות אירוח סנו סושי150י,סנו,IL,מפיות אירוח,יחידה,1.00,יחידה,false,0,9.90,9.90,true,1,
7290005424915,false,סומוד פצ'ולי לבנ,,IL,סומוד פצ'ולי לבנ,מיליליטרים,150.00,"100 מ""ל",false,0,13.80,9.20,true,1,
7290005425196,false,אבקת מקסימה סנסיטיב2.5קג,סנו,IL,אבקת כביסה,קילוגרמים,2.50,"ק""ג",false,0,27.00,10.80,true,1,
7290005425202,false,"אבקת מקסימה ביו 2.5 ק""ג",סנו,IL,אבקת כביסה,קילוגרמים,2.50,"ק""ג",false,0,27.00,10.80,true,1,
7290005425547,false,שמפו אל דמע בייבי כיף 1ל,קוסמופארם,IL,שמפו בייבי כיף,ליטרים,1.00,ליטר,false,0,23.80,23.80,true,1,
7290005425646,false,סנוקליר ניקוי חלונות 1ל',סנו,IL,סנוקליר 1 ליטר,ליטרים,1.00,ליטר,false,0,9.90,9.90,true,1,
7290005425745,false,משחה אורביטול להלבנה145ג,קוסמופארם,IL,משחת שיניים,גרמים,145.00,100 גרם,false,0,9.90,6.83,true,1,
7290005425912,false,ג'ל אוקסיג'ן 4 ליטר,סנו,IL,ג'ל אוקסיג'ן 4ל',ליטרים,4.00,ליטר,false,0,30.90,7.73,true,1,
7290005425998,false,אל סבון בייבי כיף 1 ליטר,קוסמופארם,IL,אל סבון בייבי,ליטרים,1.00,ליטר,false,0,16.90,16.90,true,1,
7290005426193,false,ספוג הפלא סנו סושי 6 יח',סנו,IL,ספוג סנו סושי,יחידה,1.00,יחידה,false,0,9.80,9.80,true,1,
7290005426230,false,מטלית הפלא לרצפה ס.סושי,סנו,IL,מטליות הפלא רצפה,יחידה,1.00,יחידה,false,0,11.00,11.00,true,1,
7290005426360,false,קרמה תח.רחצה חלב ודבש750,קוסמופארם,IL,קרמה תחליב רחצ,מיליליטרים,750.00,"100 מ""ל",false,0,18.00,2.40,true,1,
7290005426735,false,אבקת מקסימה BLACK 1.25קג,סנו,IL,אבקת כביסה,קילוגרמים,1.25,"ק""ג",false,0,16.00,12.80,true,1,
7290005426803,false,מרכך מקסימה לבנדר 4 ל',סנו,IL,מרכך כביסה,ליטרים,4.00,ליטר,false,0,19.80,4.95,true,1,
7290005426865,false,משחה אורביטול מסטיק 70 ג,קוסמופארם,IL,משחת שיניים,גרמים,70.00,100 גרם,false,0,9.00,12.86,true,1,
7290005426940,false,300-K פלוס8 קוטל חרקי400,סנו,IL,300-K פלוס,מיליליטרים,400.00,"100 מ""ל",false,0,17.60,4.40,true,1,
7290005426964,false,סנובון כחול אפרסק 50*3ג,סנו,IL,סנובון שלישיה,גרמים,150.00,100 גרם,false,0,16.40,10.93,true,1,
7290005427497,false,מרכך כיף לשיער רגיל 750מ,קוסמופארם,IL,מרכך כיף,מיליליטרים,750.00,"100 מ""ל",false,0,11.90,1.59,true,1,
7290005427503,false,מרכך כיף לשיער יבש 750מל,קוסמופארם,IL,מרכך כיף לשיער,מיליליטרים,750.00,"100 מ""ל",false,0,11.90,1.59,true,1,
7290005427541,false,תחליב רח.כיף חלב שקד750מ,קוסמופארם,IL,תחליב רחצה כיף,מיליליטרים,750.00,"100 מ""ל",false,0,9.90,1.32,true,1,
7290005427558,false,תחליב רח.כיף חלב ודבש750,קוסמופארם,IL,תחליב רחצה כיף,מיליליטרים,750.00,"100 מ""ל",false,0,9.90,1.32,true,1,
7290005427565,false,שמפו כיף לשיער רגיל 750מ,קוסמופארם,IL,שמפו כיף,מיליליטרים,750.00,"100 מ""ל",false,0,11.90,1.59,true,1,
7290005427572,false,שמפו כיף לשיער יבש 750מל,קוסמופארם,IL,שמפו כיף,מיליליטרים,750.00,"100 מ""ל",false,0,11.90,1.59,true,1,
7290005427633,false,ג'ל כיף אקסטרים כחול 1קג,קוסמופארם,IL,ג'ל כיף לשיער,קילוגרמים,1.00,"ק""ג",false,0,22.70,22.70,true,1,
7290005427749,false,אלסבון כיף אצות ים 2ליטר,קוסמופארם,IL,אלסבון כיף,ליטרים,2.00,ליטר,false,0,19.90,9.95,true,1,
7290005427831,false,אלסבון כיף צבעוני 500X4מ,קוסמופארם,IL,אלסבון כיף,ליטרים,2.00,ליטר,false,0,20.00,10.00,true,1,
7290005428999,false,בייבי כיף שמן לתינוק500מ,קוסמופארם,IL,בייבי כיף שמן,מיליליטרים,500.00,"100 מ""ל",false,0,17.10,3.42,true,1,
7290005429019,false,פיסגה לרצפות 4 ליטר,סנו,IL,פיסגה לרצפות,ליטרים,4.00,ליטר,false,0,13.70,3.43,true,1,
7290005429279,false,מקסימה קומפקט ג'אוול 6קג,סנו,IL,אבקת כביסה,קילוגרמים,6.00,"ק""ג",false,0,47.90,7.98,true,1,
7290005429286,false,אבקת מקסימה קומפקט ביו6ק,סנו,IL,אבקת מקסימה קומפקט ביו6ק,קילוגרמים,6.00,"ק""ג",false,0,47.90,7.98,true,1,
7290005430480,false,מטלית הפלא מיקרופייבר,סנו,IL,מטלית הפלא,יחידה,1.00,יחידה,false,0,9.80,9.80,true,1,
7290005430602,false,אוקסיג'ן מ.כתמים,,IL,אוקסיג'ן מ.כתמים,מיליליטרים,750.00,"100 מ""ל",false,0,17.50,2.33,true,1,
7290005431364,false,עוגת גבינה 2 יח,,IL,עוגת גבינה 2 יח,גרמים,184.00,100 גרם,false,0,11.90,6.47,true,1,
7290005431593,false,קדאיף 2 יחידות,,IL,קדאיף 2 יחידות,גרמים,172.00,100 גרם,false,0,11.90,6.92,true,1,
7290005431609,false,טירמיסו 2 יח,,IL,טירמיסו 2 יח,גרמים,172.00,100 גרם,false,0,11.90,6.92,true,1,
7290005431692,false,עוג.גבינה אוכמניות90*2גר,תנובה,IL,זוג עוגות גבינה,גרמים,180.00,100 גרם,false,1,11.90,6.61,true,1,
7290005431708,false,עוגת גבינה ושוקולד90*2גר,תנובה,IL,זוג עוגות גבינה,גרמים,180.00,100 גרם,false,1,11.90,6.61,true,1,
7290005437168,false,שמן זית טעמן 1 ליטר,,ES,שמן זית טעמן 1 ליטר,ליטרים,1.00,ליטר,false,0,35.90,35.90,true,1,
7290005437212,false,שמן זית כתית מעולה 750מל,,ES,שמן זית כתית מעולה 750מל,מיליליטרים,750.00,"100 מ""ל",false,0,29.80,3.97,true,1,
7290005437281,false,שמן זית כתית 1 ליטר,,IL,שמן זית כתית 1 ליטר,ליטרים,1.00,ליטר,false,0,33.50,33.50,true,1,
7290005437540,false,פטריות חתוכות,,NL,פטריות חתוכות,גרמים,290.00,100 גרם,false,0,4.20,1.45,true,1,
7290005437618,false,שמן סויה 1 ליטר,,BE,שמן סויה 1 ליטר,ליטרים,1.00,ליטר,false,0,8.80,8.80,true,1,
7290005437755,false,פסטה צינורות מס' 94 500ג,,TR,פסטה צינורות מס' 94 500ג,גרמים,500.00,100 גרם,false,0,3.40,0.68,true,1,
7290005437809,false,חתיכות אננס במיץ טבעי900,,ID,חתיכות אננס במיץ טבעי900,גרמים,900.00,100 גרם,false,0,6.50,0.72,true,1,
7290005437830,false,פרוסות אננס במיץ,,ID,פרוסות אננס במיץ,גרמים,825.00,100 גרם,false,0,8.90,1.08,true,1,
7290005437915,false,מיץ ענבים טבעי טעמן 1 ל',,ES,מיץ ענבים טבעי טעמן 1 ל',ליטרים,1.00,ליטר,false,0,13.90,13.90,true,1,
7290005437946,false,ספגטי 500 גרם,,TR,ספגטי 500 גרם,גרמים,500.00,100 גרם,false,0,3.40,0.68,true,1,
7290005437984,false,פסטה ניוקי מס' 33 500 גר,,IL,פסטה ניוקי מס' 33 500 גר,גרמים,500.00,100 גרם,false,0,3.40,0.68,true,1,
7290005509445,false,מיני קוקיס חמאה צנצנ750ג,כרמית,IL,מיני קוקיס חמאה צנצנ750ג,גרמים,750.00,100 גרם,false,0,16.80,2.24,true,1,
7290005559990,false,בצק פילאס תורקי 600 גרם,"מעדנות בע""מ",IL,בצק פילאס תורכי,גרמים,600.00,100 גרם,false,0,21.90,3.65,true,1,
7290005564253,false,ספרינג אגס סברס תפוח1.5ל,יפאורה שותפות מובגלת לשיווק,IL,משקה ספרינג,ליטרים,1.50,ליטר,false,0,5.90,3.93,true,1,
7290005564680,false,משקה לימונדה 1.5 ליטר,יפאורה שותפות מובגלת לשיווק,IL,משקה לימונדה,ליטרים,1.50,ליטר,false,0,5.90,3.93,true,1,
7290005564970,false,"קריסטל תפו""ע מוגז 2 ליטר",יפאורה שותפות מובגלת לשיווק,IL,"קריסטל תפו""ע מוגז 2 ליטר",ליטרים,2.00,ליטר,false,0,3.30,1.65,true,1,
7290005576010,false,חסה גלאט יחידה,קטיף,IL,חסה גלאט,יחידה,1.00,יחידה,false,0,7.90,7.90,true,1,
7290005576089,false,בצל ירוק גלאט יח',קטיף,IL,בצל ירוק -יח,יחידה,1.00,יחידה,false,0,9.90,9.90,true,1,
7290005576584,false,"לקט קלאסי 1 ק""ג",,IL,"לקט קלאסי 1 ק""ג",יחידה,1.00,יחידה,false,0,22.90,22.90,true,1,
7290005589027,false,סוכריות לקקני ישראל 10יח,,IL,סוכריות לקקני ישראל 10יח,יחידה,1.00,יחידה,false,0,9.00,9.00,true,1,
7290005589423,false,גרנולה אגוזים ושקדים400ג,מפעלי דגן,IL,גרנולה אגוזים ושקדים400ג,גרמים,400.00,100 גרם,false,0,12.40,3.10,true,1,
7290005589430,false,"גרנולה תפו""ע 400 גרם",מפעלי דגן,IL,"גרנולה תפו""ע 400 גרם",גרמים,400.00,100 גרם,false,0,12.40,3.10,true,1,
7290005589713,false,לקקנים 50 יחידות,,IL,לקקנים 50 יחידות,יחידה,1.00,יחידה,false,0,15.10,15.10,true,1,
7290005605901,false,פאנטה אקזוטי 1.5 ליטר,החברה המרכזית לייצור משקאות,IL,פאנטה אקזוטי,ליטרים,1.50,ליטר,false,0,6.20,4.13,true,1,
7290005680052,false,טמפוני או-בה סופר + 32יח,ג'ונסון,DE,טמפוני או-בה סופר + 32יח,יחידה,1.00,יחידה,false,0,30.00,30.00,true,1,
7290005839078,false,דנונה ביו 3% 150*8 גרם,שטראוס,IL,דנונה ביו 8 יח,קילוגרמים,1.20,"ק""ג",false,0,16.00,13.33,true,1,
7290005896439,false,בירה מכבי בקבוק חוזר500מ,,IL,בירה מכבי בקבוק חוזר500מ,מיליליטרים,500.00,"100 מ""ל",false,0,6.90,1.38,true,1,
7290005896972,false,פפסי מקס 1.5*6 ליטר,טמפו,IL,פפסי מקס 6 יח',ליטרים,9.00,ליטר,false,0,29.90,3.32,true,1,
7290005966392,false,גולן קברנה סוביניון750מל,יקבי רמת הגולן קצרין,IL,גולן קברנה סוביניון750מל,מיליליטרים,750.00,"100 מ""ל",false,0,36.90,4.92,true,1,
7290005966514,false,"ירדן מוסקט 500 מ""ל",יקבי רמת הגולן קצרין,IL,ירדן מוסקט,מיליליטרים,500.00,"100 מ""ל",false,0,34.90,6.98,true,1,
7290005966903,false,"גולן שיאון אדום 750 מ""ל",יקבי רמת הגולן קצרין,IL,גולן שיאון אדום,מיליליטרים,750.00,"100 מ""ל",false,0,26.90,3.59,true,1,
7290005992018,false,יוגורט עיזים מלא 3% 500מ,מחלבות גד,IL,יוגורט חלב עיזים,מיליליטרים,500.00,"100 מ""ל",false,0,12.00,2.40,true,1,
7290005992872,false,גב.צפתית במים 5% במשקל,מחלבות גד,IL,גב.צפתית במים 5% במשקל,קילוגרמים,0.00,"ק""ג",true,0,58.00,58.00,true,1,
7290005992926,false,גב.לבנה5% שום שמיר במשקל,מחלבות גד,IL,גב.לבנה5% שום שמיר במשקל,גרמים,0.00,"ק""ג",true,0,28.00,28.00,true,1,
7290006229069,false,ג'אמפ ענבים 1.5 ליטר,טמפו,IL,ג'אמפ ענבים,ליטרים,1.50,ליטר,false,0,5.30,3.53,true,1,
7290006241504,false,פריגת תפוזים פריז 280 מל,פריגת,IL,פריגת תפוזים פריז 280 מל,מיליליטרים,280.00,"100 מ""ל",false,0,9.40,3.36,true,1,
7290006241511,false,פריגת נענע פריז 280 מל,פריגת,IL,פריגת נענע פריז 280 מל,מיליליטרים,280.00,"100 מ""ל",false,0,9.40,3.36,true,1,
7290006241535,false,פריגת מנגו פריז 280 מל,פריגת,IL,פריגת מנגו פריז 280 מל,מיליליטרים,280.00,"100 מ""ל",false,0,9.40,3.36,true,1,
7290006251107,false,תה מסאלה צ'אי 25שק2*גרם,ויסוצקי,IL,תה מסאלה צ'אי 25שק2*גרם,גרמים,50.00,100 גרם,false,0,15.70,31.40,true,1,
7290006251282,false,חליטת קרנברי ג.קסום3X25ג,ויסוצקי,IL,חליטת חמוציות,גרמים,75.00,100 גרם,false,0,16.00,21.33,true,1,
7290006251343,false,חליטת פסיפלורה+מנגו3X25ג,ויסוצקי,IL,חליטת פסיפלורה+מנגו3X25ג,גרמים,62.00,100 גרם,false,0,16.00,25.81,true,1,
7290006251589,false,תה ירוק נענע 50שק1.5*גרם,ויסוצקי,IL,תה ירוק נענע,גרמים,75.00,100 גרם,false,0,38.30,51.07,true,1,
7290006267542,false,"תבור פנינים 750 מ""ל",יקב תבור,IL,תבור פנינים,מיליליטרים,750.00,"100 מ""ל",false,0,44.20,5.89,true,1,
7290006267733,false,"תבור פנינים לבן 750 מ""ל",יקב תבור,IL,"תבור פנינים לבן 750 מ""ל",מיליליטרים,750.00,"100 מ""ל",false,0,44.20,5.89,true,1,
7290006271181,false,ג'חנון אפוי מעדנות 750גר,"מעדנות בע""מ",IL,ג'חנון אפוי מעדנות 750גר,גרמים,750.00,100 גרם,false,0,23.90,3.19,true,1,
7290006306302,false,רביולי פרמזן ריקוטה400גר,פסטה נונה,IL,רביולי פרמזן ריקוטה400גר,גרמים,400.00,100 גרם,false,0,22.90,5.73,true,1,
7290006306326,false,רביולי פטריות 400 גרם,פסטה נונה,IL,רביולי פטריות 400 גרם,גרמים,400.00,100 גרם,false,0,22.90,5.73,true,1,
7290006322104,false,לחם רחיים קל 500 גרם,מאפיית דוידוביץ,IL,לחם רחיים קל 500 גרם,גרמים,500.00,100 גרם,false,0,11.90,2.38,true,1,
7290006322111,false,לחמניות רחיים 80X3 גרם,מאפיית דוידוביץ,IL,לחמניות רחיים 80X3 גרם,גרמים,480.00,100 גרם,false,0,9.90,2.06,true,1,
7290006322470,false,לחם 9 דגנים קל 500 גרם,מאפיית דוידוביץ,IL,לחם 9 דגנים קל 500 גרם,גרמים,500.00,100 גרם,false,0,9.90,1.98,true,1,
7290006322678,false,מארז 10 לחמניות בשקית,,,מארז 10 לחמניות בשקית,יחידה,1.00,יחידה,false,0,9.90,9.90,true,1,
7290006322838,false,לחם קמח מלא 100% 750 גרם,מאפיית דוידוביץ,IL,לחם קמח מלא 100% 750 גרם,גרמים,750.00,100 גרם,false,0,11.90,1.59,true,1,
7290006429407,false,מארז מחית בייבי,,IL,מארז מחית בייבי,קילוגרמים,1.14,"ק""ג",false,0,22.00,19.30,true,1,
7290006429506,false,אפרסקים בסירופ,,GR,אפרסקים בסירופ,גרמים,820.00,100 גרם,false,0,6.90,0.84,true,1,
7290006459008,false,חלבה שוקו מלא במשקל,,,חלבה שוקו מלא במשקל,קילוגרמים,0.00,"ק""ג",true,0,40.00,40.00,true,1,
7290006459039,false,חלבה שקדים במשקל,,,חלבה שקדים במשקל,קילוגרמים,0.00,"ק""ג",true,0,40.00,40.00,true,1,
7290006492432,false,גבינה מוצרלה בייבי 150גר,מחלבות גד,IL,גבינה מוצרלה בייבי 150גר,גרמים,150.00,100 גרם,false,0,13.90,9.27,true,1,
7290006511010,false,גבינה פרמז'נו,,,גבינה פרמז'נו,קילוגרמים,0.00,"ק""ג",true,0,137.00,137.00,true,1,
7290006511157,false,פטריות שלמות,,IN,פטריות שלמות,גרמים,400.00,100 גרם,false,0,6.90,1.73,true,1,
7290006511904,false,גבינת אדם,,,גבינת אדם,קילוגרמים,0.00,"ק""ג",true,0,88.00,88.00,true,1,
7290006550507,false,שריר הזרוע טרי,,IL,שריר הזרוע טרי,קילוגרמים,0.00,"ק""ג",true,0,74.90,74.90,true,1,
7290006550514,false,צוואר בקר טרי,,IL,צוואר בקר טרי,קילוגרמים,0.00,"ק""ג",true,0,54.90,54.90,true,1,
7290006550538,false,פילה מדומה טרי,,IL,פילה מדומה טרי,קילוגרמים,0.00,"ק""ג",true,0,89.90,89.90,true,1,
7290006550545,false,א צלעות בקר טרי עטרה,.,IL,צלעות בקר טרי,קילוגרמים,0.00,"ק""ג",true,0,74.90,74.90,true,1,
7290006550552,false,"א חזה בקר ע""ע טרי עטרה ק",.,IL,חזה בקר טרי,קילוגרמים,0.00,"ק""ג",true,0,44.90,44.90,true,1,
7290006550569,false,א כתף בקר עטרה,,IL,א כתף בקר עטרה,קילוגרמים,0.00,"ק""ג",true,0,79.90,79.90,true,1,
7290006550576,false,א צלי בקר כתף,,IL,א צלי בקר כתף,קילוגרמים,0.00,"ק""ג",true,0,94.90,94.90,true,1,
7290006550798,false,עצם מח טרי,,IL,עצם מח טרי,קילוגרמים,0.00,"ק""ג",true,0,29.90,29.90,true,1,
7290006550972,false,טחון בקר ארוז 1 קג,עטרה,IL,טחון בקר ארוז 1 קג,גרמים,1000.00,100 גרם,false,0,34.90,3.49,true,1,
7290006567048,false,פתיתי קוסקוס 350 גרם,קוסקוס מזון,IL,פתיתי קוסקוס,גרמים,350.00,100 גרם,false,0,6.90,1.97,true,1,
7290006618078,false,אסטוניש מרסס לניקוי 750מ,,GB,אסטוניש מרסס לניקוי 750מ,מיליליטרים,750.00,"100 מ""ל",false,0,16.00,2.13,true,1,
7290006618085,false,אסטוניש מרסס,,,אסטוניש מרסס,מיליליטרים,750.00,"100 מ""ל",false,0,16.00,2.13,true,1,
7290006644589,false,משקה קל אשכוליות דיאט 2ל,יפאורה שותפות מובגלת לשיווק,IL,משקה קל אשכוליות דיאט 2ל,ליטרים,2.00,ליטר,false,0,3.30,1.65,true,1,
7290006644596,false,קריסטל אקזוטי מוגז 2ליטר,יפאורה שותפות מובגלת לשיווק,IL,קריסטל אקזוטי מוגז 2ליטר,ליטרים,2.00,ליטר,false,0,3.30,1.65,true,1,
7290006644626,false,ספרינג פירות טרופיים1.5ל,יפאורה שותפות מובגלת לשיווק,IL,משקה ספרינג,ליטרים,1.50,ליטר,false,0,5.90,3.93,true,1,
7290006644732,false,ספרינג פירות טרופיים 1 ל,יפאורה שותפות מובגלת לשיווק,IL,ספרינג פירות טרופיים 1 ל,ליטרים,1.00,ליטר,false,0,4.80,4.80,true,1,
7290006644763,false,RCQ לימון דיאט 1.5*4 ל',יפאורה שותפות מובגלת לשיווק,US,RCQ דיאט 4 יח,ליטרים,6.00,ליטר,false,0,14.90,2.48,true,1,
7290006644848,false,ספרינג תפוחים דיאט 1ליטר,יפאורה שותפות מובגלת לשיווק,IL,ספרינג תפוחים דיאט 1ליטר,ליטרים,1.00,ליטר,false,0,4.80,4.80,true,1,
7290006651402,false,"מרכך ד""ר פישר קידס 750מל",פישר  מעבדות  פרמצבטיות,IL,מרכך קידס,מיליליטרים,750.00,"100 מ""ל",false,0,18.20,2.43,true,1,
7290006652027,false,במבה מארז 20 * 15 גרם,אסם,IL,במבה 20 יח',גרמים,300.00,100 גרם,false,0,19.90,6.63,true,1,
7290006653475,false,"רוטב אלף האיים 600 מ""ל",אסם,IL,רוטב אלף האיים,מיליליטרים,600.00,"100 מ""ל",false,0,14.90,2.48,true,1,
7290006653819,false,קוסקוס דק 350 גרם,קוסקוס מזון,IL,קוסקוס דק,גרמים,350.00,100 גרם,false,0,6.90,1.97,true,1,
7290006653857,false,"ארנבונים חטיף תפו""א 40גר",אסם,IL,"ארנבונים חטיף תפו""א 40גר",גרמים,40.00,100 גרם,false,0,4.10,10.25,true,1,
7290006664358,false,דנונה דיאט רום צימוק150ג,שטראוס,IL,דנונה דיאט,גרמים,150.00,100 גרם,false,0,4.50,3.00,true,1,
7290006664402,false,גבינת סקי5% 750 גרם,שטראוס,IL,גבינת סקי5% 750 גרם,גרמים,750.00,100 גרם,false,0,14.10,1.88,true,1,
7290006664532,false,דנונה תות 3% 150 גרם,שטראוס,IL,דנונה תות 3%,גרמים,150.00,100 גרם,false,0,4.50,3.00,true,1,
7290006664631,false,"אקטימל תות 100*8 מ""ל",שטראוס,IL,אקטימל תות 8 יח',מיליליטרים,800.00,"100 מ""ל",false,0,20.90,2.61,true,1,
7290006664693,false,דנונה אפרסק 3% 150 גרם,שטראוס,IL,דנונה אפרסק %3,גרמים,150.00,100 גרם,false,0,4.50,3.00,true,1,
7290006664990,false,דנונה ביו 1.7% 150*8גרם,שטראוס,IL,דנונה ביו 8 יח',קילוגרמים,1.20,"ק""ג",false,0,16.00,13.33,true,1,
7290006707277,false,גרון הודו קפוא קג,עוף טוב,IL,גרון הודוקפוא,קילוגרמים,0.00,"ק""ג",true,0,17.90,17.90,true,1,
7290006737014,false,מקלות סוכר קצר 20 יח',,IL,מקלות סוכר קצר 20 יח',יחידה,1.00,יחידה,false,0,8.60,8.60,true,1,
7290006737151,false,עדשים הכי מתוק 80 גרם,הנמל,IL,עדשים הכי מתוק 80 גרם,גרמים,80.00,100 גרם,false,0,4.00,5.00,true,1,
7290006737854,false,מרשמלו צבעוני 180 גרם,,IL,מרשמלו צבעוני 180 גרם,גרמים,180.00,100 גרם,false,0,6.90,3.83,true,1,
7290006737946,false,טופי פירות 850 גרם,,,טופי פירות 850 גרם,גרמים,850.00,100 גרם,false,0,16.20,1.91,true,1,
7290006739186,false,"שניצל תירס קלאסי 2 ק""ג",זוגלובק,IL,שניצל תירס קלאסי,קילוגרמים,2.00,"ק""ג",false,0,49.90,24.95,true,1,
7290006739407,false,שניצל תירס לייט 630 גרם,זוגלובק,IL,שניצל תירס לייט 630 גרם,גרמים,630.00,100 גרם,false,0,28.90,4.59,true,1,
7290006739735,false,"נקניקיות מן הצומח 2 ק""ג",זוגלובק,IL,נקניקיות מן הצומ,קילוגרמים,2.00,"ק""ג",false,0,51.90,25.95,true,1,
7290006741363,false,"בורקס תפו""א בד""צ 800 גרם",זוגלובק,IL,"בורקס תפו""א בד""צ 800 גרם",גרמים,800.00,100 גרם,false,0,17.90,2.24,true,1,
7290006741387,false,"מלוואח תימני בד""צ 700 גר",זוגלובק,IL,"מלוואח תימני בד""צ 700 גר",גרמים,700.00,100 גרם,false,0,14.00,2.00,true,1,
7290006741516,false,פיצה מרגריטה חסכונית,זוגלובק,IL,פיצה מרגריטה חסכונית,קילוגרמים,1.50,"ק""ג",false,0,32.90,21.93,true,1,
7290006742209,false,שניצל תירס 750גרם%33+,זוגלובק,IL,שניצל תירס 750גרם%33+,גרמים,1000.00,100 גרם,false,0,28.90,2.89,true,1,
7290006755469,false,שניצל תירס לייט 630 גרם,טבעול,IL,שניצל תירס לייט,גרמים,630.00,100 גרם,false,0,27.80,4.41,true,1,
7290006764058,false,בירה נשר לבן בק.חוזר500מ,טמפו,IL,בירה נשר לבן בק.חוזר500מ,מיליליטרים,500.00,"100 מ""ל",false,0,4.90,0.98,true,1,
7290006764065,false,בירה נשר מאלט בק.חוזר500,טמפו,IL,בירה נשר מאלט,מיליליטרים,500.00,"100 מ""ל",false,0,4.50,0.90,true,1,
7290006764072,false,"גולדסטאר בק.חוזר 500 מ""ל",טמפו,IL,"גולדסטאר בק.חוזר 500 מ""ל",מיליליטרים,500.00,"100 מ""ל",false,0,7.80,1.56,true,1,
7290006764348,false,מאלטסטאר 1.5 ליטר,טמפו,IL,מאלטסטאר 1.5 ליטר,ליטרים,1.50,ליטר,false,0,6.70,4.47,true,1,
7290006764713,false,מירינדה 1.5*6 ליטר,טמפו,IL,מירינדה 6 יחידות,ליטרים,9.00,ליטר,false,0,24.90,2.77,true,1,
7290006770370,false,"מרק טעם עוף שקית 1 ק""ג",פרי גליל,IL,מרק טעם עוף,קילוגרמים,1.00,"ק""ג",false,0,11.90,11.90,true,1,
7290006775016,false,עוגה תפוז אחוה 450 גרם,"אחדות ביח""ר לטחינה",IL,עוגה תפוז,גרמים,450.00,100 גרם,false,0,8.90,1.98,true,1,
7290006775023,false,עוגה אנגלית אחוה 450 גרם,"אחדות ביח""ר לטחינה",IL,עוגה אנגלית,גרמים,450.00,100 גרם,false,0,8.90,1.98,true,1,
7290006775030,false,עוגת שוקו צ'יפס אחוה450ג,"אחדות ביח""ר לטחינה",IL,עוגת שוקולד ציפס,גרמים,450.00,100 גרם,false,0,8.90,1.98,true,1,
7290006775047,false,עוגת שוקולד 450 גרם,"אחדות ביח""ר לטחינה",IL,עוגת שוקולד,גרמים,450.00,100 גרם,false,0,8.90,1.98,true,1,
7290006775054,false,עוגת שיש 450 גרם,"אחדות ביח""ר לטחינה",IL,עוגת שיש,גרמים,450.00,100 גרם,false,0,8.90,1.98,true,1,
7290006775085,false,עוגת שמרים שוקולד 400גרם,"אחדות ביח""ר לטחינה",IL,עוגת שמרים,גרמים,400.00,100 גרם,false,0,8.90,2.23,true,1,
7290006775191,false,מאפין ממולא שוקולד 45גרם,"אחדות ביח""ר לטחינה",IL,מאפין עם שוקולד,גרמים,45.00,100 גרם,false,0,1.90,4.22,true,1,
7290006775306,false,מאפין ממולא תות 50 גר',"אחדות ביח""ר לטחינה",IL,מאפין ממולא,יחידה,1.00,יחידה,false,0,1.90,1.90,true,1,
7290006775337,false,עוגת שמרים פרג אחוה 400ג,"אחדות ביח""ר לטחינה",IL,עוגת שמרים פרג,גרמים,400.00,100 גרם,false,0,8.90,2.23,true,1,
7290006775344,false,עוגת שמרים קינמ.אגוז400ג,"אחדות ביח""ר לטחינה",IL,עוגת שמרים,גרמים,400.00,100 גרם,false,0,8.90,2.23,true,1,
7290006775405,false,מאפה מאפין שוקולד/וניל45,"אחדות ביח""ר לטחינה",IL,מאפה מאפין,גרמים,45.00,100 גרם,false,0,1.90,4.22,true,1,
7290006775726,false,עוגה שוקולד ללא סוכר400ג,"אחדות בע""מ א.ת. ברקן",IL,עוגה שוקולד ללא סוכר400ג,גרמים,400.00,100 גרם,false,0,9.90,2.48,true,1,
7290006775764,false,עוגת שוקוציפס ללא סוכר 0,"אחדות בע""מ א.ת. ברקן",IL,עוגת שוקוציפס ללא סוכר 0,גרמים,400.00,100 גרם,false,0,11.80,2.95,true,1,
7290006779052,false,מיץ ענבים מוסקט אדום 1ל',,IL,מיץ ענבים מוסקט אדום 1ל',ליטרים,1.00,ליטר,false,0,14.80,14.80,true,1,
7290006779281,false,יין גרנש רוז'ה 1 ליטר,,IL,יין גרנש רוז'ה 1 ליטר,ליטרים,1.00,ליטר,false,0,15.80,15.80,true,1,
7290006779502,false,"יין חברוני לבן 750 מ""ל",,IL,"יין חברוני לבן 750 מ""ל",מיליליטרים,750.00,"100 מ""ל",false,0,14.30,1.91,true,1,
7290006779519,false,"יין מוסקט חברון 750 מ""ל",,IL,"יין מוסקט חברון 750 מ""ל",מיליליטרים,750.00,"100 מ""ל",false,0,14.30,1.91,true,1,
7290006779526,false,יין אדום שטו היקב 1 ליטר,,IL,יין אדום שטו היקב 1 ליטר,ליטרים,1.00,ליטר,false,0,16.60,16.60,true,1,
7290006779533,false,"יין חברון לקידוש 750 מ""ל",,IL,"יין חברון לקידוש 750 מ""ל",מיליליטרים,750.00,"100 מ""ל",false,0,14.80,1.97,true,1,
7290006779595,false,"יין חברון עתיק 650 מ""ל",,IL,"יין חברון עתיק 650 מ""ל",מיליליטרים,650.00,"100 מ""ל",false,0,11.60,1.78,true,1,
7290006779922,false,"יין טוקאי 750 מ""ל",,IL,"יין טוקאי 750 מ""ל",מיליליטרים,750.00,"100 מ""ל",false,0,29.40,3.92,true,1,
7290006784360,false,מרסס חלונית ס.מוריץ1ליטר,קומפלקס כימיקלים,IL,מרסס חלונית,ליטרים,1.00,ליטר,false,0,6.70,6.70,true,1,
7290006784391,false,מסיר שומנים ס.מוריץ 900מ,קומפלקס כימיקלים,IL,מסיר שומנים,מיליליטרים,900.00,"100 מ""ל",false,0,16.90,1.88,true,1,
7290006788016,false,"שמפו ""10"" לשיער יבש 700מ",קרליין,IL,שמפו 10 לשיער,מיליליטרים,700.00,"100 מ""ל",false,0,9.90,1.41,true,1,
7290006788030,false,"שמפו ""10"" לשיער מתותל700",קרליין,IL,שמפו 10 לשיער,מיליליטרים,700.00,"100 מ""ל",false,0,9.90,1.41,true,1,
7290006788054,false,"שמפו""10""לסרוק קל קלאס700",קרליין,IL,שמפו 10 לשיער,מיליליטרים,700.00,"100 מ""ל",false,0,9.90,1.41,true,1,
7290006788061,false,"מרכך ""10"" לשיער רגיל700מ",קרליין,IL,מרכך קרליין,מיליליטרים,700.00,"100 מ""ל",false,0,9.90,1.41,true,1,
7290006788429,false,דאו.קרליין רולאון כתום75,קרליין,IL,דאודורנט קרליין,מיליליטרים,75.00,"100 מ""ל",false,0,10.90,14.53,true,1,
7290006788436,false,דאו.קרליין רולאון ורוד75,קרליין,IL,דאודורנט קרליין,מיליליטרים,75.00,"100 מ""ל",false,0,10.90,14.53,true,1,
7290006788450,false,דאו.קרלייןSENSITIVE 200,קרליין,IL,דאודורנט קרליין,מיליליטרים,200.00,"100 מ""ל",false,0,11.70,5.85,true,1,
7290006788467,false,דאו.קרליין ספרי אקטיב200,קרליין,IL,דאודורנט קרליין,מיליליטרים,200.00,"100 מ""ל",false,0,11.70,5.85,true,1,
7290006788481,false,דאו.קרליין 200SUNRISE,קרליין,IL,דאודורנט קרליין,מיליליטרים,200.00,"100 מ""ל",false,0,11.70,5.85,true,1,
7290006788498,false,דאו.קרליין ספרי PURE 200,קרליין,IL,דאודורנט קרליין,מיליליטרים,200.00,"100 מ""ל",false,0,11.70,5.85,true,1,
7290006788504,false,דאו.קרליין ספריי סגול200,קרליין,IL,דאודורנט קרליין,מיליליטרים,200.00,"100 מ""ל",false,0,11.70,5.85,true,1,
7290006788672,false,"שמפו ""10"" נגד קשקשים700מ",קרליין,IL,שמפו 10 לשיער,מיליליטרים,700.00,"100 מ""ל",false,0,9.90,1.41,true,1,
7290006788689,false,"שמפו ""10"" 2ב1- 700 מ""ל",קרליין,IL,"שמפו ""10"" 2ב1-",מיליליטרים,700.00,"100 מ""ל",false,0,9.90,1.41,true,1,
7290006789617,false,"קרם ""10"" לחות לתלתל 400מ",קרליין,IL,קרליין קרם לשיער,מיליליטרים,400.00,"100 מ""ל",false,0,17.10,4.28,true,1,
7290006789631,false,"קרם ""10"" שיער רגיל400מ""ל",קרליין,IL,קרם לחות לשיער,מיליליטרים,400.00,"100 מ""ל",false,0,17.10,4.28,true,1,
7290006822840,false,מאלטי 1.5 ליטר,קרלסברג ישראל,IL,מאלטי 1.5 ליטר,ליטרים,1.50,ליטר,false,0,7.00,4.67,true,1,
7290006822857,false,מאלטי דיאט 1.5 ליטר,קרלסברג ישראל,IL,מאלטי דיאט 1.5 ליטר,ליטרים,1.50,ליטר,false,0,7.00,4.67,true,1,
7290006869449,false,"לבן 3% שומן 150 מ""ל",טרה,IL,לבן 3% שומן טרה,מיליליטרים,150.00,"100 מ""ל",false,0,1.00,0.67,true,1,
7290006920447,false,פיצרלה 500 גרם,כפיר,IL,פיצרלה 500 גרם,גרמים,500.00,100 גרם,false,0,22.90,4.58,true,1,
7290006920546,false,הולנדי פרוס 400 גרם,כפיר,IL,הולנדי פרוס 400 גרם,גרמים,400.00,100 גרם,false,0,20.00,5.00,true,1,
7290006920638,false,גבינת שמנת זיתים 500 גרם,,IL,גבינת שמנת זיתים 500 גרם,גרמים,500.00,100 גרם,false,0,18.10,3.62,true,1,
7290006920737,false,גבינת שמנת טבעי 500 גרם,,IL,גבינת שמנת טבעי 500 גרם,גרמים,500.00,100 גרם,false,0,18.10,3.62,true,1,
7290006920744,false,גבינת שמנת שום  500 גרם,,IL,גבינת שמנת שום  500 גרם,גרמים,500.00,100 גרם,false,0,18.10,3.62,true,1,
7290006920836,false,מעושן פרוס 350 גרם,תעש' מזון יבנה,IL,מעושן פרוס 350גר,גרמים,350.00,100 גרם,false,0,17.00,4.86,true,1,
7290006920867,false,הולנדית %9 קלאסית 200 גר,תעש' מזון יבנה,IL,הולנדית %9 קלאסית 200 גר,גרמים,200.00,100 גרם,false,0,14.20,7.10,true,1,
7290006920966,false,הולנדית %5 קלאסית 200 גר,תעש' מזון יבנה,IL,הולנדית %5 קלאסית 200 גר,גרמים,200.00,100 גרם,false,0,15.00,7.50,true,1,
7290006936059,false,משח.כלים בריח לימון 3.5ק,,,משח.כלים בריח לימון 3.5ק,קילוגרמים,3.50,"ק""ג",false,0,25.90,7.40,true,1,
7290006983152,false,קרוטונים מתובלים למרק400,עינת,IL,קרוטונים מתובלים,גרמים,400.00,100 גרם,false,0,17.80,4.45,true,1,
7290006983176,false,לחמית שיפון 230 גרם,אסם,IL,לחמית שיפון אסם,גרמים,230.00,100 גרם,false,0,7.60,3.30,true,1,
7290006983763,false,עוגה בטעם שוקולד 400 גרם,אסם,IL,עוגת שוקולד,גרמים,400.00,100 גרם,false,0,13.00,3.25,true,1,
7290006983770,false,עוגת הבית שיש אסם 400 גר,אסם,IL,עוגת שיש,גרמים,400.00,100 גרם,false,0,13.00,3.25,true,1,
7290006983787,false,עוגת שוקולד צ'יפס 400 גר,אסם,IL,עוגת שוקוצ'יפס,גרמים,400.00,100 גרם,false,0,13.00,3.25,true,1,
7290006983794,false,עוגת הבית תפוז 400 גרם,אסם,IL,עוגת תפוז,גרמים,400.00,100 גרם,false,0,13.00,3.25,true,1,
7290006984647,false,חטיפי פריכונים מלוח 80גר,"פרח תעשיות מזון בע""מ",IL,חטיפי פריכונים,גרמים,80.00,100 גרם,false,0,7.00,8.75,true,1,
7290006992161,false,דייסלה קורנפלור 200 גרם,נסטלה,IL,דייסת מטרנה,גרמים,200.00,100 גרם,false,0,12.90,6.45,true,1,
7290006992185,false,דייסת אורז מטרנה 200 גרם,נסטלה,IL,דייסת אורז,גרמים,200.00,100 גרם,false,0,12.90,6.45,true,1,
7290006992192,false,דייסלה סולת 200 גרם,נסטלה,IL,דייסת סולת מטרנה,גרמים,200.00,100 גרם,false,0,12.90,6.45,true,1,
7290006992208,false,דייסת מטרנה 8 דגנים 200ג,נסטלה,IL,דייסת מטרנה,גרמים,200.00,100 גרם,false,0,12.90,6.45,true,1,
7290006992390,false,דייסת וניל מטרנה 200 גרם,נסטלה,IL,דייסת וניל מטרנה,גרמים,200.00,100 גרם,false,0,12.90,6.45,true,1,
7290008018654,false,"שמפו פינוק לילדים 700מ""ל",יוניליוור,IL,שמפו פינוק,מיליליטרים,700.00,"100 מ""ל",false,0,14.90,2.13,true,1,
7290008018678,false,"פינוק2ב1- לילדים 700 מ""ל",יוניליוור,IL,שמפו ומרכך פינוק,מיליליטרים,700.00,"100 מ""ל",false,0,14.90,2.13,true,1,
7290008021043,false,שמפו פינוק שיער רגיל700מ,יוניליוור,IL,שמפו פינוק,מיליליטרים,700.00,"100 מ""ל",false,0,12.70,1.81,true,1,
7290008021050,false,שמפו פינוק יבש מאוד700מל,יוניליוור,IL,שמפו פינוק,מיליליטרים,700.00,"100 מ""ל",false,0,12.70,1.81,true,1,
7290008021067,false,"שמפו פינוק עדין 700 מ""ל",יוניליוור,IL,שמפו פינוק,מיליליטרים,700.00,"100 מ""ל",false,0,12.70,1.81,true,1,
7290008021098,false,"שמפו פינוק קשקשים 700מ""ל",יוניליוור,IL,שמפו פינוק,מיליליטרים,700.00,"100 מ""ל",false,0,12.70,1.81,true,1,
7290008021104,false,"מרכך פינוק רגיל 700 מ""ל",יוניליוור,IL,מרכך שיער פינוק,מיליליטרים,700.00,"100 מ""ל",false,0,12.70,1.81,true,1,
7290008021111,false,מרכ.פינוק יבש מאוד 700מל,יוניליוור,IL,מרכך שיער פינוק,מיליליטרים,700.00,"100 מ""ל",false,0,12.70,1.81,true,1,
7290008021128,false,"מרכך פינוק עדין 700 מ""ל",יוניליוור,IL,מרכך שיער פינו,מיליליטרים,700.00,"100 מ""ל",false,0,12.70,1.81,true,1,
7290008021135,false,שמפו פינוק 2ב1- רגיל700מ,יוניליוור,IL,שמפו+מרכך פינוק,מיליליטרים,700.00,"100 מ""ל",false,0,12.70,1.81,true,1,
7290008021142,false,שמפו פינוק 2ב1- יבש 700מ,יוניליוור,IL,שמפו ומרכך פינוק,מיליליטרים,700.00,"100 מ""ל",false,0,12.70,1.81,true,1,
7290008096317,false,משחה פרדונטקס פלואוריד50,"מאסטרפוד אוסטריה בע""מ",GB,משחת שיניים,מיליליטרים,50.00,"100 מ""ל",false,0,20.20,40.40,true,1,
7290008166447,false,גרעין לבן קלוף 200 גרם,פיצוחי הטיב,IL,גרעין לבן קלוף,גרמים,200.00,100 גרם,false,0,9.90,4.95,true,1,
7290008166751,false,חמוציות 150גרם,,IL,חמוציות 150גרם,גרמים,150.00,100 גרם,false,0,9.90,6.60,true,1,
7290008166775,false,200 בוטן מטוגן,,IL,200 בוטן מטוגן,גרמים,200.00,100 גרם,false,0,7.90,3.95,true,1,
7290008175760,false,גבינת מנצ'גו 40% במשקל,,,גבינת מנצ'גו 40% במשקל,קילוגרמים,0.00,"ק""ג",true,0,110.00,110.00,true,1,
7290008175777,false,גבינת איבריקו31% במשקל,,,גבינת איבריקו31% במשקל,קילוגרמים,0.00,"ק""ג",true,0,107.00,107.00,true,1,
7290008183161,false,שוקולד אגוזים,,IL,שוקולד אגוזים,גרמים,400.00,100 גרם,false,0,6.90,1.73,true,1,
7290008183260,false,סירופ תות שדה 700 גרם,,,סירופ תות שדה 700 גרם,גרמים,700.00,100 גרם,false,0,10.00,1.43,true,1,
7290008183505,false,ממרח טעם שוקולד בדלי 1קג,,,ממרח טעם שוקולד בדלי 1קג,קילוגרמים,1.00,"ק""ג",false,0,12.50,12.50,true,1,
7290008190909,false,מיני קוקיס שוק.צ'יפס600ג,כרמית,IL,מיני קוקיס שוק.צ'יפס600ג,גרמים,600.00,100 גרם,false,0,16.80,2.80,true,1,
7290008213493,false,משחה קולגייט להלבנה 100מ,קולגייט-פלמוליב,PL,משחה קולגייט להלבנה 100מ,מיליליטרים,100.00,"100 מ""ל",false,0,18.30,18.30,true,1,
7290008257008,false,מסרק סמיך כינים ממתכת,אריסטוקרט,IL,מסרק סמיך כינים ממתכת,יחידה,1.00,יחידה,false,0,13.00,13.00,true,1,
7290008257138,false,פטמות שלישיה,אריסטוקרט,CN,פטמות שלישיה,יחידה,1.00,יחידה,false,0,3.80,3.80,true,1,
7290008257169,false,פלסטר 100 יח,,IL,פלסטר 100 יח,יחידה,1.00,יחידה,false,0,7.00,7.00,true,1,
7290008257206,false,מברשת ניקוי לבקבוק,אריסטוקרט,IL,מברשת ניקוי לבקבוק,יחידה,1.00,יחידה,false,0,4.90,4.90,true,1,
7290008257220,false,בקבוק אנזה גדול/קטן,אריסטוקרט,IL,בקבוק אנזה גדול/קטן,יחידה,1.00,יחידה,false,0,9.90,9.90,true,1,
7290008257251,false,מספריים לתינוק,אריסטוקרט,IL,מספריים לתינוק,יחידה,1.00,יחידה,false,0,9.30,9.30,true,1,
7290008257268,false,שרשרת למוצץ קליפס בד,אריסטוקרט,IL,שרשרת למוצץ,יחידה,1.00,יחידה,false,0,6.90,6.90,true,1,
7290008257367,false,מוצץ לוטוס זוג גדול,אריסטוקרט,TH,מוצץ לוטוס זוג גדול,יחידה,1.00,יחידה,false,0,11.90,11.90,true,1,
7290008257411,false,סינר מגבת עבה יח,אריסטוקרט,TH,סינר מגבת עבה,יחידה,1.00,יחידה,false,0,15.00,15.00,true,1,
7290008257459,false,אלכוהול רפואי 70% 100 סמ,אריסטוקרט,IL,אלכוהול רפואי 70% 100 סמ,מיליליטרים,100.00,"100 מ""ל",false,0,6.00,6.00,true,1,
7290008257541,false,ממרקות פלסטיק 6 יחידות,,IL,ממרקות פלסטיק 6 יחידות,יחידה,1.00,יחידה,false,0,3.90,3.90,true,1,
7290008257558,false,מבריק נעליים דו צדדי,,IL,מבריק נעליים דו צדדי,יחידה,1.00,יחידה,false,0,5.90,5.90,true,1,
7290008257688,false,נשכן הקפאה דובי,אריסטוקרט,CN,נשכן הקפאה דובי,יחידה,1.00,יחידה,false,0,8.30,8.30,true,1,
7290008257770,false,בקבוק רחב עם ידיות 250 מ,אריסטוקרט,TH,בקבוק לתינוק,יחידה,1.00,יחידה,false,0,18.60,18.60,true,1,
7290008257961,false,ספוג רחצה דו צדדי,אריסטוקרט,IL,ספוג רחצה דו צדדי,יחידה,1.00,יחידה,false,0,3.50,3.50,true,1,
7290008300056,false,אשפתון עם ידית,,,אשפתון עם ידית,יחידה,1.00,יחידה,false,0,13.90,13.90,true,1,
7290008300087,false,שקיות אשפה,,,שקיות אשפה,יחידה,1.00,יחידה,false,0,17.90,17.90,true,1,
7290008300117,false,25 אשפתון LD שחור 75X90,בריזה,IL,אשפתון,יחידה,1.00,יחידה,false,0,17.90,17.90,true,1,
7290008300186,false,מפות שולחן מניילון 8 יח,בריזה,IL,מפות שולחן 8 יח,יחידה,1.00,יחידה,false,1,8.90,8.90,true,1,
7290008300216,false,מפות שולחן מניילון  6 יח,בריזה,IL,מפות שולחן 6 יח,יחידה,1.00,יחידה,false,1,8.90,8.90,true,1,
7290008300308,false,מפת שולחן 45 מטר 1 יח,בריזה,IL,מפת שולחן 45 מטר,מטרים,45.00,מטר,false,1,37.90,0.84,true,1,
7290008300551,false,אשפתון,,,אשפתון,יחידה,1.00,יחידה,false,0,17.90,17.90,true,1,
7290008300575,false,מפת שולחן בגליל 20 מטר,בריזה,IL,מפת שולחן,מטרים,20.00,מטר,false,0,15.90,0.80,true,1,
7290008330107,false,מרכך בדין סגול4 ליטר,יוניליוור,IL,מרכך כביסה בדין,ליטרים,4.00,ליטר,false,0,19.90,4.98,true,1,
7290008333115,false,אבקת ג'לטין טהור 28 גרם,מאיר עזרא ובניו,IL,אבקת ג'לטין,גרמים,28.00,100 גרם,false,0,7.50,26.79,true,1,
7290008335553,false,קובה במילוי בשר 600 גרם,שלושת האופים,IL,קובה בשר 600גר,גרמים,600.00,100 גרם,false,0,16.90,2.82,true,1,
7290008335560,false,סיגרים במילוי בשר 600גרם,שלושת האופים,IL,סיגרים במילוי בשר 600גרם,גרמים,600.00,100 גרם,false,0,16.90,2.82,true,1,
7290008335577,false,"פסטלים במילוי תפו""א 600ג",שלושת האופים,IL,"פסטלים במילוי תפו""א 600ג",גרמים,600.00,100 גרם,false,0,16.90,2.82,true,1,
7290008335584,false,"סיגרים במילוי תפו""א 600ג",שלושת האופים,IL,"סיגרים במילוי תפו""א 600ג",גרמים,600.00,100 גרם,false,0,19.10,3.18,true,1,
7290008340618,false,סלמון מעושן מצונן 100 גר,דלידג - נטו,IL,סלמון מעושן מצונן 100 גר,גרמים,100.00,100 גרם,false,0,14.90,14.90,true,1,
7290008343466,false,בצק פילו 500 גרם,"שגמור בע""מ",IL,בצק פילו 500 גרם,גרמים,500.00,100 גרם,false,0,20.00,4.00,true,1,
7290008343565,false,סיגרים תפו'א 1 ק'ג שלוש,שלושת האופים,IL,סיגרים תפו'א 1 ק'ג שלוש,קילוגרמים,1.00,"ק""ג",false,0,22.90,22.90,true,1,
7290008345118,false,מקרל בשמן 240 גרם,דלידג - נטו,IL,מקרל בשמן 240 גרם,גרמים,240.00,100 גרם,false,0,22.30,9.29,true,1,
7290008345170,false,מקרל חצאים במשקל,דלידג - נטו,IL,מקרל חצאים במשקל,קילוגרמים,0.00,"ק""ג",true,0,96.00,96.00,true,1,
7290008443616,false,מרכך נקה 7 לשיר יבש 750מ,אמיליה קוסמטיקס,IL,קונדישנר נקה 7,מיליליטרים,750.00,"100 מ""ל",false,0,8.90,1.19,true,1,
7290008443630,false,שמפו נקה7 שיער מתולתל750,אמיליה קוסמטיקס,IL,שמפו נקה 7,מיליליטרים,750.00,"100 מ""ל",false,0,8.90,1.19,true,1,
7290008443647,false,מרכך נקה7 שיער מתולתל750,אמיליה קוסמטיקס,IL,קונדישנר נקה 7,מיליליטרים,750.00,"100 מ""ל",false,0,8.90,1.19,true,1,
7290008462204,false,םרג 380 ןו'זיד לדרח,וטנ,FR,חרדל דיז'ון,גרמים,380.00,100 גרם,false,0,15.50,4.08,true,1,
7290008464000,false,סבן אפ 1.5*6 ליטר,טמפו,IL,סבן אפ 6 יחידות,ליטרים,9.00,ליטר,false,0,24.90,2.77,true,1,
7290008464017,false,סבן אפ דיאט 1.5*6 ליטר,טמפו,IL,סבן אפ דיאט 6 יח,ליטרים,9.00,ליטר,false,0,24.90,2.77,true,1,
7290008464024,false,גולדסטאר פח לא מסונן500מ,,IL,גולדסטאר פח לא מסונן500מ,מיליליטרים,500.00,"100 מ""ל",false,0,9.90,1.98,true,1,
7290008464130,false,גולדסטאר לא מסונן 330*6מ,,IL,גולדסטאר לא מסונן 330*6מ,ליטרים,1.98,ליטר,false,0,44.90,22.68,true,1,
7290008464475,false,"בירה מכבי פחית 500 מ""ל",טמפו,IL,"בירה מכבי פחית 500 מ""ל",מיליליטרים,500.00,"100 מ""ל",false,0,7.90,1.58,true,1,
7290008464512,false,ג'אמפ מוגז אשכ.אדומה1.5ל,טמפו,IL,ג'אמפ מוגז אשכ.אדומה1.5ל,ליטרים,1.50,ליטר,false,1,6.90,4.60,true,1,
7290008464529,false,ג'אמפ מוגז ענבים 1.5ל,טמפו,IL,ג'אמפ מוגז ענבים 1.5ל,ליטרים,1.50,ליטר,false,1,6.90,4.60,true,1,
7290008464536,false,ג'אמפ מוגז תפוחים 1.5ל,טמפו,IL,ג'אמפ מוגז תפוחים 1.5ל,ליטרים,1.50,ליטר,false,1,6.90,4.60,true,1,
7290008464697,false,בירה מכבי 6 יח,,IL,בירה מכבי 6 יח,ליטרים,1.98,ליטר,false,0,38.90,19.65,true,1,
7290008464703,false,"בירה מכבי 6 בק330* מ""ל",טמפו,IL,בירה מכבי 6 בקב.,ליטרים,1.98,ליטר,false,0,35.90,18.13,true,1,
7290008464741,false,"בירה גולדסטאר בק330*6מ""ל",טמפו,IL,גולדסטאר 6 יח',ליטרים,1.98,ליטר,false,0,39.90,20.15,true,1,
7290008464796,false,"בירה הייניקן בק330*6 מ""ל",היינקן,IL,בירה הייניקן 6יח,ליטרים,1.98,ליטר,false,0,49.90,25.20,true,1,
7290008464987,false,סודה טמפו 1.5*6 ליטר,טמפו,IL,סודה טמפו שישיה,ליטרים,9.00,ליטר,false,0,13.90,1.54,true,1,
7290008493314,false,בייגלה שמיניות מלוח400גר,מאיר את ביגל,IL,בייגלה שמיניות,גרמים,400.00,100 גרם,false,0,7.90,1.98,true,1,
7290008493345,false,בייגלה מקלות 400 גרם,מאיר את ביגל,IL,בייגלה מקלות,גרמים,400.00,100 גרם,false,0,7.90,1.98,true,1,
7290008493369,false,בייגלה טבעות שומשום330גר,מאיר את ביגל,IL,בייגלה טבעות,גרמים,330.00,100 גרם,false,0,7.90,2.39,true,1,
7290008493376,false,בייגלה מקלות שומשום330גר,מאיר את ביגל,IL,בייגלה מקלות,גרמים,330.00,100 גרם,false,0,7.90,2.39,true,1,
7290008493390,false,גריסיני טבעי 200 גרם,מאיר את ביגל,IL,גריסיני טבעי,גרמים,200.00,100 גרם,false,0,9.00,4.50,true,1,
7290008493406,false,גריסיני שומשום 175 גרם,מאיר את ביגל,IL,גריסיני שומשום,גרמים,175.00,100 גרם,false,0,9.00,5.14,true,1,
7290008493413,false,פירורי גריסיני 200 גרם,מאיר את ביגל,IL,פירורי גריסיני,גרמים,200.00,100 גרם,false,0,6.00,3.00,true,1,
7290008493499,false,בייגלה שטוחל'ה מלח350גרם,מאיר את ביגל,IL,בייגלה שטוחל'ה,גרמים,350.00,100 גרם,false,0,8.90,2.54,true,1,
7290008493505,false,בייגלה שטוחל'ה שומשום300,מאיר את ביגל,IL,בייגלה שטוחלה,גרמים,300.00,100 גרם,false,0,8.90,2.97,true,1,
7290008493574,false,בייגלה שטוחלה פינוקים300,מאיר את ביגל,IL,שטוחלה פינוקים,גרמים,300.00,100 גרם,false,0,8.90,2.97,true,1,
7290008493703,false,בייגלה מלח אר' שקופה300ג,מאיר את ביגל,IL,בייגלה שמיניות,גרמים,300.00,100 גרם,false,0,6.90,2.30,true,1,
7290008563468,false,גלון קרויטר/רינס 4 ליטר,הנמל,IL,גלון קרויטר,ליטרים,4.00,ליטר,false,0,19.90,4.98,true,1,
7290008636209,false,כורכום צנצנת 300 גרם,מיה,IL,כורכום צנצנת 300 גרם,גרמים,300.00,100 גרם,false,0,30.50,10.17,true,1,
7290008636216,false,אבקת שום צנצנת 300 גרם,מיה,IL,אבקת שום צנצנת 300 גרם,גרמים,300.00,100 גרם,false,0,16.90,5.63,true,1,
7290008636339,false,"שבבי תפו""א 400 גרם",מיה,IL,"שבבי תפו""א 400 גרם",גרמים,400.00,100 גרם,false,0,11.90,2.98,true,1,
7290008636926,false,קקאו הולנדי שקית 500 גרם,מיה,IL,קקאו הולנדי שקית 500 גרם,גרמים,500.00,100 גרם,false,0,24.20,4.84,true,1,
7290008636933,false,אגוז מלך גרוס100גרם מיה,מיה,IL,אגוז מלך גרוס,גרמים,100.00,100 גרם,false,0,12.90,12.90,true,1,
7290008636940,false,בוטנים גרוסים 100גרם,מיה,IL,בוטנים גרוסים,גרמים,100.00,100 גרם,false,0,6.00,6.00,true,1,
7290008636957,false,שקד מולבן גרוס 100ג מיה,מיה,IL,שקד מולבן גרוס,גרמים,100.00,100 גרם,false,0,12.00,12.00,true,1,
7290008636964,false,שקד מולבן משובב 100ג מיה,מיה,IL,שקד מולבן משוב,גרמים,100.00,100 גרם,false,0,12.90,12.90,true,1,
7290008636971,false,שקד מולבן שלם 100ג מיה,מיה,IL,שקד מולבן שלם,גרמים,100.00,100 גרם,false,0,11.90,11.90,true,1,
7290008636988,false,10' גרעיני חמניה קלופים,מיה,IL,10' גרעיני חמניה קלופים,גרמים,100.00,100 גרם,false,0,3.00,3.00,true,1,
7290008636995,false,גרעיני דלעת קלופים 100 ג,מיה,IL,גרעיני דלעת קלופים 100 ג,גרמים,100.00,100 גרם,false,0,9.90,9.90,true,1,
7290008679428,false,זוג כפפות בית,,IL,זוג כפפות בית,יחידה,1.00,יחידה,false,0,7.10,7.10,true,1,
7290008690164,false,ק.קולה לימון דיאט1.5ליטר,החברה המרכזית לייצור משקאות,IL,ק.קולה לימון דיאט1.5ליטר,ליטרים,1.50,ליטר,false,0,6.30,4.20,true,1,
7290008737289,false,גפילטעפיש פולני 6יח 600ג,דג טעים,IL,גפילטעפיש פולני 6יח 600ג,גרמים,600.00,100 גרם,false,0,14.90,2.48,true,1,
7290008745345,false,ממרח ט.שוקלד פרה מגד500ג,עלית,IL,ממרח בטעם שוקולד,גרמים,500.00,100 גרם,false,0,9.90,1.98,true,1,
7290008747516,false,צ'יטוס איקס עיגול 15*10ג,עלית,IL,צ'יטוס 10 יח',גרמים,150.00,100 גרם,false,0,8.90,5.93,true,1,
7290008749954,false,טוב טעם מגדים 20 יחידות,עלית,IL,חטיפי וופל,גרמים,30.00,100 גרם,false,0,18.90,63.00,true,1,
7290008750677,false,שוק.במילוי תות מגדים100ג,עלית,IL,שוקולד חלב,גרמים,100.00,100 גרם,false,0,5.00,5.00,true,1,
7290008757072,false,שוופס תות מוגז פחית330מל,יפאורה שותפות מובגלת לשיווק,IL,שוופס תות מוגז פחית330מל,מיליליטרים,330.00,"100 מ""ל",false,0,5.60,1.70,true,1,
7290008757386,false,פחית מיץ פז ענבים 330 מ,יפאורה שותפות מובגלת לשיווק,IL,פחית מיץ פז ענבים 330 מ,מיליליטרים,330.00,"100 מ""ל",false,0,3.10,0.94,true,1,
7290008757720,false,קולה R.C דיאט 1.5*4 ליטר,יפאורה שותפות מובגלת לשיווק,US,קולה RC דיאט 4יח,ליטרים,6.00,ליטר,false,0,14.90,2.48,true,1,
7290008757737,false,RCQ אורנג' 1.5*4 ליטר,יפאורה שותפות מובגלת לשיווק,IL,RCQ אורנג' 1.5*4 ליטר,ליטרים,6.00,ליטר,false,0,14.90,2.48,true,1,
7290008757980,false,נקטר ספרינג רימונים 1 ל',יפאורה שותפות מובגלת לשיווק,IL,נקטר ספרינג רימונים 1 ל',ליטרים,1.00,ליטר,false,0,4.80,4.80,true,1,
7290008775731,false,"רוטב וינגרט קלאסי 290מ""ל",אסם,IL,רוטב ויניגרט אסם,מיליליטרים,290.00,"100 מ""ל",false,0,9.90,3.41,true,1,
7290008775816,false,ערגליות שוקו 300 גרם,אסם,IL,ערגליות שוקו,גרמים,300.00,100 גרם,false,0,10.00,3.33,true,1,
7290008775823,false,ערגליות תות 300 גרם,אסם,IL,ערגליות תות 300 גרם,גרמים,300.00,100 גרם,false,0,10.00,3.33,true,1,
7290008792042,false,נייר שבת עדן 100 דפים,,,נייר שבת עדן 100 דפים,יחידה,1.00,יחידה,false,0,2.00,2.00,true,1,
7290008792240,false,נייר טואלט טאצ' 48גלילים,,,נייר טואלט טאצ' 48גלילים,מטרים,883.00,100 מטר,false,0,32.90,3.73,true,1,
7290008801010,false,קברנה מרלו P.C,,,קברנה מרלו P.C,מיליליטרים,750.00,"100 מ""ל",false,0,44.90,5.99,true,1,
7290008801157,false,מרלו סלקטד,,,מרלו סלקטד,מיליליטרים,750.00,"100 מ""ל",false,0,29.90,3.99,true,1,
7290008801454,false,"יין היובל ישן נושן650מ""ל",יקבי כרמל,IL,יין ישן נושן,מיליליטרים,650.00,"100 מ""ל",false,0,15.90,2.45,true,1,
7290008801478,false,"יין טופז זהב 750מ""ל",יקבי כרמל,IL,יין טופז זהב,מיליליטרים,750.00,"100 מ""ל",false,0,18.00,2.40,true,1,
7290008801522,false,"יין קונקורד 750מ""ל",יקבי כרמל,IL,יין קונקורד,מיליליטרים,750.00,"100 מ""ל",false,0,20.90,2.79,true,1,
7290008801539,false,קינג דיוויד כרמל100 750מ,יקבי כרמל,IL,קינג דיוויד,מיליליטרים,750.00,"100 מ""ל",false,0,20.90,2.79,true,1,
7290008801843,false,קברנה סוביניון,,,קברנה סוביניון,מיליליטרים,750.00,"100 מ""ל",false,0,29.90,3.99,true,1,
7290008801850,false,אמרלד ריזלינג סלקטד750מל,יקבי כרמל,IL,אמרלד ריזלינג,מיליליטרים,750.00,"100 מ""ל",false,0,28.90,3.85,true,1,
7290008802291,false,"מרלו P.C 750 מ""ל",יקבי כרמל,,מרלו P.C,מיליליטרים,750.00,"100 מ""ל",false,0,53.90,7.19,true,1,
7290008802512,false,"יין אדום יבש וינו 750מ""ל",יקבי כרמל,IL,יין אדום יבש,מיליליטרים,750.00,"100 מ""ל",false,0,19.90,2.65,true,1,
7290008802895,false,קברנה סוביניוןP.C. 750מל,יקבי כרמל,IL,קברנה סוביניוןP.C. 750מל,מיליליטרים,750.00,"100 מ""ל",false,0,53.90,7.19,true,1,
7290008803021,false,"כרמל אדום עתיק 750 מ""ל",יקבי כרמל,IL,יין אדום עתיק,מיליליטרים,750.00,"100 מ""ל",false,0,20.00,2.67,true,1,
7290008803090,false,"מרלו סדרה אזורית 750 מ""ל",יקבי כרמל,IL,יין מרלו,מיליליטרים,750.00,"100 מ""ל",false,0,59.90,7.99,true,1,
7290008804332,false,"שיראז אדום יבש 750P.Cמ""ל",יקבי כרמל,IL,שיראז אדום יבש,מיליליטרים,750.00,"100 מ""ל",false,0,49.90,6.65,true,1,
7290008804769,false,קברנה מרלו שיראז סלקט750,יקבי כרמל,,קברנה מרלו שיראז סלקט750,מיליליטרים,750.00,"100 מ""ל",false,0,29.90,3.99,true,1,
7290008805049,false,"זינפנדל סלקטד 750 מ""ל",יקבי כרמל,IL,"זינפנדל סלקטד 750 מ""ל",מיליליטרים,750.00,"100 מ""ל",false,0,28.90,3.85,true,1,
7290008805520,false,קברנה מרלו סלקטד,,,קברנה מרלו סלקטד,מיליליטרים,750.00,"100 מ""ל",false,0,29.90,3.99,true,1,
7290008805964,false,קברנה שיראז סדרה אזורית,יקבי כרמל,IL,קברנה שיראז,מיליליטרים,750.00,"100 מ""ל",false,0,59.90,7.99,true,1,
7290008806268,false,גלידה קורנטו ביס 12יח',שטראוס,IL,גלידה קורנטו ביס 12יח',גרמים,144.00,100 גרם,false,0,32.70,22.71,true,1,
7290008806985,false,נשנושי שוקווניל פרווה60י,שטראוס,IL,נשנושי שוקווניל פרווה60י,גרמים,630.00,100 גרם,false,0,43.00,6.83,true,1,
7290008837125,false,"יין ארבל אדום 750 מ""ל",יקבי ארזה,IL,"יין ארבל אדום 750 מ""ל",מיליליטרים,750.00,"100 מ""ל",false,0,17.90,2.39,true,1,
7290008858045,false,עלים לקרם שניט 400 גרם,אשבל,IL,עלים לקרם שניט,גרמים,400.00,100 גרם,false,0,19.40,4.85,true,1,
7290008909440,false,פאנטה אורנג' מנגו 1.5 ל',החברה המרכזית לייצור משקאות,IL,פאנטה אורנג',ליטרים,1.50,ליטר,false,0,6.20,4.13,true,1,
7290008909860,false,קוקה קולה ZERO 1.5 ליטר,החברה המרכזית לייצור משקאות,IL,קוקה קולה ZERO 1.5 ליטר,ליטרים,1.50,ליטר,false,0,6.50,4.33,true,1,
7290008945202,false,50 גלילונית למשרד90*75סמ,קילט ניהול פרוייקטים,IL,גלילונית למשרד,יחידה,1.00,יחידה,false,0,13.90,13.90,true,1,
7290008975551,false,מטרנה מהדרין שלב3 700גרם,נסטלה,IL,מטרנה מהדרין 3,גרמים,700.00,100 גרם,false,0,54.90,7.84,true,1,
7290008989015,false,"דייסת אורז בד""צ 400 גרם",,IL,"דייסת אורז בד""צ 400 גרם",גרמים,400.00,100 גרם,false,0,14.90,3.73,true,1,
7290008989022,false,"דייסת סולת בד""צ 400 גרם",,IL,"דייסת סולת בד""צ 400 גרם",גרמים,400.00,100 גרם,false,0,14.90,3.73,true,1,
7290008989039,false,"דייסת קורנפלור בד""צ 400ג",,IL,"דייסת קורנפלור בד""צ 400ג",גרמים,400.00,100 גרם,false,0,14.90,3.73,true,1,
7290008989053,false,דייסת דגנים מעורב בדצ400,,IL,דייסת דגנים מעורב בדצ400,גרמים,400.00,100 גרם,false,0,14.90,3.73,true,1,
7290008989169,false,אורז תפוח,,IL,אורז תפוח,גרמים,500.00,100 גרם,false,0,15.30,3.06,true,1,
7290008989299,false,גרנולה + קינואה ו350 ג,,IL,גרנולה + קינואה ו350 ג,גרמים,350.00,100 גרם,false,0,11.90,3.40,true,1,
7290008989428,false,גרנולה אגוזים,,IL,גרנולה אגוזים,גרמים,400.00,100 גרם,false,0,11.90,2.98,true,1,
7290008989473,false,ממרח חרובים,,IL,ממרח חרובים,גרמים,350.00,100 גרם,false,0,11.00,3.14,true,1,
7290008989480,false,ממרח חרובים,,IL,ממרח חרובים,גרמים,350.00,100 גרם,false,0,10.40,2.97,true,1,
7290008989572,false,ממרח חלבה וניל,,IL,ממרח חלבה וניל,גרמים,350.00,100 גרם,false,0,12.40,3.54,true,1,
7290008989596,false,דייסת דגנים+קינואה 200גר,השדה מוצרים אורגניים,IL,דייסת דגנים+קינואה 200גר,גרמים,200.00,100 גרם,false,0,9.30,4.65,true,1,
7290008989602,false,אורז תפוח מלא,,IL,אורז תפוח מלא,גרמים,450.00,100 גרם,false,0,15.30,3.40,true,1,
7290008989671,false,ציפוי עדיף פריך,,IL,ציפוי עדיף פריך,גרמים,250.00,100 גרם,false,0,8.90,3.56,true,1,
7290008989695,false,ח.מלאה תפוחה בדבש400גרם,,IL,ח.מלאה תפוחה בדבש400גרם,גרמים,400.00,100 גרם,false,0,11.90,2.98,true,1,
7290008989749,false,פריכיות קינואה,,IL,פריכיות קינואה,גרמים,200.00,100 גרם,false,0,9.90,4.95,true,1,
7290008989855,false,פריכוני אורז 80 גרם,,IL,פריכוני אורז 80 גרם,גרמים,80.00,100 גרם,false,0,3.90,4.88,true,1,
7290008989909,false,"סירופ תפוחים 1.2 מ""ל",,,"סירופ תפוחים 1.2 מ""ל",ליטרים,1.20,ליטר,false,0,19.00,15.83,true,1,
7290008989916,false,סירופ אננס 1.2 ליטר,,IL,סירופ אננס 1.2 ליטר,ליטרים,1.20,ליטר,false,0,19.00,15.83,true,1,
7290008989923,false,סירופ אפרסק 1.2 ליטר,,,סירופ אפרסק 1.2 ליטר,ליטרים,1.20,ליטר,false,0,19.00,15.83,true,1,
7290008989947,false,סירופ פטל 1.2 ליטר,,,סירופ פטל 1.2 ליטר,ליטרים,1.20,ליטר,false,0,19.00,15.83,true,1,
7290008989954,false,סירופ תפוזים 1.2 ליטר,,,סירופ תפוזים 1.2 ליטר,ליטרים,1.20,ליטר,false,0,19.00,15.83,true,1,
7290009398618,true,סופגנ.מטוגנ.קפוא+ריבה80ג,גידרון,IL,סופגניה עם ריבה,גרמים,80.00,100 גרם,false,0,3.00,3.75,true,1,
7290009398816,true,פרס בורגר שוקולד 500 גרם,גידרון,IL,פרס בורגר שוקולד,יחידה,1.00,יחידה,false,0,22.00,22.00,true,1,
7290009952674,true,שתיה מוגזת מצוננת 1.5 ל',גידרון,IL,שתיה מוגזת מצוננת 1.5 ל',ליטרים,1.50,ליטר,false,0,8.20,5.47,true,1,
7290009952995,true,מים מינרליים 1.5 ליטר,,,מים מינרליים 1.5 ליטר,ליטרים,1.50,ליטר,false,0,3.80,2.53,true,1,
7290009954357,true,גב.עמק מגורדת במשקל,,IL,גב.עמק מגורדת במשקל,קילוגרמים,0.00,"ק""ג",true,0,39.90,39.90,true,1,
7290009954364,true,גב.גלבוע מגורדת במשקל,תנובה,IL,גב.גלבוע מגורדת במשקל,קילוגרמים,0.00,"ק""ג",true,0,40.80,40.80,true,1,
7290009955514,true,מים מינרלים ספארק500*12מ,אוזו בזלימפאה ג'ידה,TR,מים מינרלים 12יח,ליטרים,6.00,ליטר,false,1,15.60,2.60,true,1,
7290010002078,false,פלפל שחור טחון 100 גרם,א.ל ייצור ושיווק תבלינים,IL,פלפל שחור טחון,גרמים,100.00,100 גרם,false,0,11.10,11.10,true,1,
7290010002092,false,פלפל שחור גרוס דק 90 גרם,א.ל ייצור ושיווק תבלינים,IL,פלפל שחור גרוס,גרמים,90.00,100 גרם,false,0,11.10,12.33,true,1,
7290010002108,false,פלפל שחור גרוס גס 90 גרם,א.ל ייצור ושיווק תבלינים,IL,פלפל שחור גרוס,גרמים,90.00,100 גרם,false,0,11.10,12.33,true,1,
7290010002382,false,אורגנו 40 גרם,א.ל ייצור ושיווק תבלינים,IL,אורגנו,גרמים,40.00,100 גרם,false,0,8.80,22.00,true,1,
7290010003761,false,כורכום טחון,,IL,כורכום טחון,גרמים,80.00,100 גרם,false,0,7.80,9.75,true,1,
7290010003778,false,תיבול לעוף,,IL,תיבול לעוף,גרמים,80.00,100 גרם,false,0,7.80,9.75,true,1,
7290010003839,false,קינמון טחון בשקית 80 גרם,,IL,קינמון טחון בשקית 80 גרם,גרמים,80.00,100 גרם,false,0,7.80,9.75,true,1,
7290010023141,false,חל.לימונענע גן קסום25שק',ויסוצקי,IL,חליטת לימונענע,גרמים,55.00,100 גרם,false,0,16.00,29.09,true,1,
7290010023622,false,תה קלאסי.נגיעות נענע100ש,ויסוצקי,IL,תה קלאסיק+נענע,גרמים,100.00,100 גרם,false,0,17.60,17.60,true,1,
7290010049066,false,עוגיות קמח מלא 200 גרם,רוקחמן,IL,עוגיות מרמולייט,גרמים,200.00,100 גרם,false,0,16.10,8.05,true,1,
7290010049417,false,תח.רחצה פמילי מנגו 1 ל',אינטרקוסמא,IL,תחליב רחצה,ליטרים,1.00,ליטר,false,0,9.60,9.60,true,1,
7290010066513,false,טונה בשמן צמחי 158*4 גרם,תעשיות פילטונה,IL,טונה בשמן 4 יח,גרמים,632.00,100 גרם,false,0,19.90,3.15,true,1,
7290010066575,false,טונה במי מלח 158*4 גרם,תעשיות פילטונה,IL,טונה במי מלח 4יח,גרמים,632.00,100 גרם,false,0,19.90,3.15,true,1,
7290010066582,false,טונה בשמן קנולה 158*4 גר,תעשיות פילטונה,IL,טונה בשמן 4 יח,גרמים,632.00,100 גרם,false,0,24.90,3.94,true,1,
7290010068036,false,עדשים ירוקים,,IL,עדשים ירוקים,גרמים,500.00,100 גרם,false,0,9.00,1.80,true,1,
7290010068043,false,עדשים אדומים,,IL,עדשים אדומים,גרמים,500.00,100 גרם,false,0,13.40,2.68,true,1,
7290010068067,false,אורז לבן יסמין,,IL,אורז לבן יסמין,גרמים,500.00,100 גרם,false,0,8.90,1.78,true,1,
7290010068074,false,שעועית לבנה,,IL,שעועית לבנה,גרמים,500.00,100 גרם,false,0,12.90,2.58,true,1,
7290010068098,false,חיטה,,IL,חיטה,גרמים,500.00,100 גרם,false,0,9.00,1.80,true,1,
7290010068111,false,גריסי פנינה,,IL,גריסי פנינה,גרמים,500.00,100 גרם,false,0,8.50,1.70,true,1,
7290010068128,false,אפונה יבשה,,IL,אפונה יבשה,גרמים,500.00,100 גרם,false,0,9.30,1.86,true,1,
7290010068180,false,שומשום,,IL,שומשום,גרמים,200.00,100 גרם,false,0,10.10,5.05,true,1,
7290010068265,false,חומוס לבן,,,חומוס לבן,גרמים,500.00,100 גרם,false,0,12.40,2.48,true,1,
7290010068357,false,"אורז לבן פרסי 2 ק""ג",,IL,"אורז לבן פרסי 2 ק""ג",קילוגרמים,2.00,"ק""ג",false,0,24.90,12.45,true,1,
7290010068708,false,קוואקר שקית 500 גרם,,IL,קוואקר שקית 500 גרם,גרמים,500.00,100 גרם,false,0,10.90,2.18,true,1,
7290010068852,false,אורז לבן יסמין,,IL,אורז לבן יסמין,קילוגרמים,1.00,"ק""ג",false,0,14.90,14.90,true,1,
7290010068876,false,גריסים,,IL,גריסים,קילוגרמים,1.00,"ק""ג",false,0,14.10,14.10,true,1,
7290010115938,false,פתיבר שוקו פריך עשיר500ג,עלית,IL,פתיבר שוקו,גרמים,500.00,100 גרם,false,0,9.50,1.90,true,1,
7290010116348,false,מיקס חטיפים מגדים 390 גר,שטראוס,IL,מיקס חטיפים מגדים 390 גר,גרמים,390.00,100 גרם,false,0,21.90,5.62,true,1,
7290010116355,false,מיני פסק זמן מגדים 400גר,עלית,IL,מיני פסק זמן,גרמים,400.00,100 גרם,false,0,21.90,5.48,true,1,
7290010116386,false,מיני מקופלת מגדים 400 גר,עלית,IL,מיני מקופלת,גרמים,400.00,100 גרם,false,0,21.90,5.48,true,1,
7290010116799,false,שוקוזיס משקה שוקו עלית1ק,עלית,IL,שוקוזיס עלית,קילוגרמים,1.00,"ק""ג",false,0,14.70,14.70,true,1,
7290010116980,false,שוקולית 850 גרם,עלית,IL,שוקולית 850 גרם,גרמים,850.00,100 גרם,false,0,17.90,2.11,true,1,
7290010117864,false,דוריטוס בטעם חריף אש70גר,עלית,IL,דוריטוס בטעם חריף אש70גר,גרמים,70.00,100 גרם,false,0,3.00,4.29,true,1,
7290010118113,false,שוש 10 * 20 גרם,עלית,IL,מארז שוש 10 יח,גרמים,200.00,100 גרם,false,0,9.00,4.50,true,1,
7290010119240,false,תפוצ'יפס טבעי 12יח18Xגרם,שטראוס,IL,תפוצ'יפס טבעי 12יח18Xגרם,גרמים,216.00,100 גרם,false,0,14.90,6.90,true,1,
7290010129003,false,עוגיות אוזניים 600 גרם,דולצ'ה ויטה,IL,עוגיות אוזניים 600 גרם,גרמים,600.00,100 גרם,false,0,16.90,2.82,true,1,
7290010129010,false,עוג.כתר במילוי ריבה 600ג,דולצ'ה ויטה,IL,עוג.כתר במילוי ריבה 600ג,גרמים,600.00,100 גרם,false,0,16.90,2.82,true,1,
7290010129027,false,עוגיות מרוקאיות 600 גרם,דולצ'ה ויטה,IL,עוגיות מרוקאיות 600 גרם,גרמים,600.00,100 גרם,false,0,16.90,2.82,true,1,
7290010129041,false,עוגיות בטעמים שונים600גר,דולצ'ה ויטה,IL,עוגיות ריבה,גרמים,600.00,100 גרם,false,0,16.90,2.82,true,1,
7290010129065,false,עוג.מקלות עלים צרפתי600ג,דולצ'ה ויטה,IL,עוג.מקלות עלים צרפתי600ג,גרמים,600.00,100 גרם,false,0,16.90,2.82,true,1,
7290010129072,false,עוגיות סנדוויץ ריבה 600ג,דולצ'ה ויטה,IL,עוגיות סנדוויץ ריבה 600ג,גרמים,600.00,100 גרם,false,0,16.90,2.82,true,1,
7290010129287,false,עוגיות גרנולה 600 גרם,דולצ'ה ויטה,IL,עוגיות גרנולה 600 גרם,גרמים,600.00,100 גרם,false,0,16.90,2.82,true,1,
7290010129300,false,עוגיות רייף מרוקאיות350ג,דולצ'ה ויטה,IL,עוגיות רייף מרוקאיות350ג,גרמים,350.00,100 גרם,false,0,15.50,4.43,true,1,
7290010129317,false,עוג.בצק עלים שטרודל600ג,דולצ'ה ויטה,IL,עוגיות שטרודל,גרמים,600.00,100 גרם,false,0,16.90,2.82,true,1,
7290010129348,false,עוגיות שוקולד 600 גרם,דולצ'ה ויטה,IL,עוגיות שוקולד 600 גרם,גרמים,600.00,100 גרם,false,0,16.90,2.82,true,1,
7290010129355,false,עוגיות תמרים 600 גרם,דולצ'ה ויטה,IL,עוגיות תמרים 600 גרם,גרמים,600.00,100 גרם,false,0,16.90,2.82,true,1,
7290010153473,false,לדר אננס 125 גרם,מיה,IL,לדר אננס 125 גרם,גרמים,125.00,100 גרם,false,0,11.90,9.52,true,1,
7290010153480,false,לדר פפאיה 125גרם,מיה,IL,לדר פפאיה 125גרם,גרמים,125.00,100 גרם,false,0,11.90,9.52,true,1,
7290010153503,false,שעועית ענק 400 גרם,מיה,IL,שעועית ענק,גרמים,400.00,100 גרם,false,0,7.60,1.90,true,1,
7290010153527,false,ג'ריש 500 גרם,מיה,IL,ג'ריש,גרמים,500.00,100 גרם,false,0,7.90,1.58,true,1,
7290010153541,false,שיבולת שועל קוואקר 500גר,מיה,IL,שיבולת שועל קוואקר 500גר,גרמים,500.00,100 גרם,false,0,10.00,2.00,true,1,
7290010153688,false,חומץ טבעי %5 1 ליטר,מיה,IL,חומץ טבעי %5 1 ליטר,מיליליטרים,1000.00,"100 מ""ל",false,0,6.00,0.60,true,1,
7290010153725,false,קונפיטורה דובדבן 340 גרם,מיה,IL,קונפיטורה דובדבן 340 גרם,גרמים,340.00,100 גרם,false,0,12.90,3.79,true,1,
7290010153756,false,חטיף קונוסים 8יח15Xגרם,מיה,IL,חטיף קונוסים 8יח15Xגרם,גרמים,120.00,100 גרם,false,0,8.80,7.33,true,1,
7290010153770,false,ציפוי לשניצל פיקנטי500גר,מיה,IL,ציפוי לשניצל,גרמים,500.00,100 גרם,false,0,8.00,1.60,true,1,
7290010153787,false,ציפוי לשניצל עם שום500גר,מיה,IL,ציפוי לשניצל,גרמים,500.00,100 גרם,false,0,8.00,1.60,true,1,
7290010153794,false,ציפוי שניצל+עש.תיבול500ג,מיה,IL,ציפוי לשניצל,גרמים,500.00,100 גרם,false,0,8.00,1.60,true,1,
7290010153800,false,ציפוי שניצל+תיב.עדין500ג,מיה,IL,ציפוי לשניצל,גרמים,500.00,100 גרם,false,0,8.00,1.60,true,1,
7290010153817,false,ריבת חלב 400 גרם,מיה,IL,ריבת חלב,גרמים,400.00,100 גרם,false,0,11.90,2.98,true,1,
7290010153831,false,צבעוני שוקולד 10יח20Xגרם,מיה,IL,צבעוני שוקולד 10יח20Xגרם,גרמים,200.00,100 גרם,false,0,9.60,4.80,true,1,
7290010153855,false,פפריקה מתוקה מרוקאי 300ג,מיה,IL,פפריקה מרוקאית,גרמים,300.00,100 גרם,false,0,20.70,6.90,true,1,
7290010153862,false,פלפל שחור גרוס 80 גרם,מיה,IL,פלפל שחור גרוס 80 גרם,גרמים,80.00,100 גרם,false,0,11.90,14.88,true,1,
7290010153879,false,ריבת חלב טעם שמנת 400גר,מיה,IL,ריבת חלב ט.שמנת,גרמים,400.00,100 גרם,false,0,11.90,2.98,true,1,
7290010153909,false,"אורז בסמטי הודי 1 ק""ג",מיה,IL,"אורז בסמטי הודי 1 ק""ג",קילוגרמים,1.00,"ק""ג",false,0,12.90,12.90,true,1,
7290010153978,false,קונפיטורה שזיפים 340 גרם,מיה,IL,קונפיטורה שזיפים 340 גרם,גרמים,340.00,100 גרם,false,0,12.90,3.79,true,1,
7290010154005,false,סחוג תימני 250 גרם,נטו,IL,סחוג תימני 250 גרם,גרמים,250.00,100 גרם,false,0,13.50,5.40,true,1,
7290010163632,false,שזיף ללא גלעין400ג'שקדיה,שקדיה,IL,שזיף ללא גלעין,גרמים,400.00,100 גרם,false,0,26.90,6.73,true,1,
7290010173044,false,"מרלו הרי גליל 750 מ""ל",יקב הרי גליל,IL,מרלו הרי גליל,מיליליטרים,750.00,"100 מ""ל",false,0,35.90,4.79,true,1,
7290010173068,false,גליל קברנה סוביניון750מל,יקב הרי גליל,IL,קברנה הרי גליל,מיליליטרים,750.00,"100 מ""ל",false,0,35.90,4.79,true,1,
7290010175048,false,מיץ לימון משומר 1 ליטר,,IL,מיץ לימון משומר 1 ליטר,ליטרים,1.00,ליטר,false,0,4.30,4.30,true,1,
7290010175055,false,חומץ %5 1 ליטר,,IL,חומץ %5 1 ליטר,ליטרים,1.00,ליטר,false,0,3.90,3.90,true,1,
7290010175291,false,קקאו הולנדי 500 גרם,,IL,קקאו הולנדי 500 גרם,גרמים,500.00,100 גרם,false,0,15.90,3.18,true,1,
7290010175628,false,דגנים סוכר חום/קינמון400,,IL,דגנים סוכר חום/קינמון400,גרמים,400.00,100 גרם,false,0,9.80,2.45,true,1,
7290010175642,false,על הבוקר שוקו וניל 400גר,,IL,על הבוקר שוקו וניל 400גר,גרמים,400.00,100 גרם,false,0,9.80,2.45,true,1,
7290010175659,false,על הבוקר טבעות פירות400ג,,IL,על הבוקר טבעות פירות400ג,גרמים,400.00,100 גרם,false,0,9.80,2.45,true,1,
7290010175666,false,על הבוקר שוקו 500 גרם,,IL,על הבוקר שוקו 500 גרם,גרמים,500.00,100 גרם,false,0,9.80,1.96,true,1,
7290010175819,false,חמאת בוטנים,,IL,חמאת בוטנים,גרמים,510.00,100 גרם,false,0,13.90,2.73,true,1,
7290010175826,false,חמאת בוטנ+שברי בוטנים510,,AR,חמאת בוטנ+שברי בוטנים510,גרמים,510.00,100 גרם,false,0,13.90,2.73,true,1,
7290010175840,false,לבבות דקל שלם,,EC,לבבות דקל שלם,גרמים,400.00,100 גרם,false,0,10.90,2.73,true,1,
7290010175857,false,לבבות דקל פרוס 400 גרם,טעמן,EC,לבבות דקל פרוס,גרמים,400.00,100 גרם,false,0,7.90,1.98,true,1,
7290010176014,false,מיץ לימון סחוט טרי 1ליטר,,IT,מיץ לימון סחוט טרי 1ליטר,ליטרים,1.00,ליטר,false,0,14.90,14.90,true,1,
7290010176212,false,נודלס בטעם עוף 65 גרם,,CN,נודלס בטעם עוף 65 גרם,גרמים,65.00,100 גרם,false,0,3.90,6.00,true,1,
7290010176229,false,נודלס בטעם בקר 65 גרם,,CN,נודלס בטעם בקר 65 גרם,גרמים,65.00,100 גרם,false,0,3.90,6.00,true,1,
7290010176236,false,נודלס בטעם ירקות 65 גרם,,CN,נודלס בטעם ירקות 65 גרם,גרמים,65.00,100 גרם,false,0,3.90,6.00,true,1,
7290010176243,false,נודלס בטעם פיקנטי 65 גרם,,CN,נודלס בטעם פיקנטי 65 גרם,גרמים,65.00,100 גרם,false,0,3.90,6.00,true,1,
7290010176793,false,סוכריות מיני,,CA,סוכריות מיני,גרמים,365.00,100 גרם,false,0,18.90,5.18,true,1,
7290010176885,false,סוכריות שרשרת שמינייה,,IL,סוכריות שרשרת שמינייה,גרמים,140.00,100 גרם,false,0,10.10,7.21,true,1,
7290010176977,false,סוכ.שעון דחוסות 10יח14Xג,,IL,סוכ.שעון דחוסות 10יח14Xג,גרמים,140.00,100 גרם,false,0,10.10,7.21,true,1,
7290010237623,false,בירה נשר מאלט 1.5 ליטר,טמפו,IL,נשר מאלט,ליטרים,1.50,ליטר,false,0,6.80,4.53,true,1,
7290010237630,false,בירה נשר מאלט דיאט 1.5 ל,טמפו,IL,נשר מאלט דיאט,ליטרים,1.50,ליטר,false,0,6.80,4.53,true,1,
7290010237692,false,"בירה הייניקן 250*6 מ""ל",היינקן,IL,"בירה הייניקן 250*6 מ""ל",ליטרים,1.50,ליטר,false,0,42.90,28.60,true,1,
7290010237784,false,"מכבי שנדי ליים 330*6 מ""ל",טמפו,IL,מכבי שנדי 6 יח,ליטרים,1.98,ליטר,false,0,31.90,16.11,true,1,
7290010237890,false,בירה הייניקן בק.חוזר500מ,היינקן,IL,בירה הייניקן בק.חוזר500מ,מיליליטרים,500.00,"100 מ""ל",false,0,8.90,1.78,true,1,
7290010259823,false,מנת השף נודלס,,IL,מנת השף נודלס,גרמים,70.00,100 גרם,false,0,4.00,5.71,true,1,
7290010259830,false,מנת השף נודלס,,IL,מנת השף נודלס,גרמים,70.00,100 גרם,false,0,4.00,5.71,true,1,
7290010259854,false,מנת השף נודלס,,IL,מנת השף נודלס,גרמים,70.00,100 גרם,false,0,4.00,5.71,true,1,
7290010259861,false,מנת השף נודלס,,IL,מנת השף נודלס,גרמים,70.00,100 גרם,false,0,4.00,5.71,true,1,
7290010314140,false,חזה בגריל מן הצומח 630גר,טבעול,IL,חזה בגריל,גרמים,630.00,100 גרם,false,0,35.20,5.59,true,1,
7290010328246,false,טחינה משומשום מלא 500 גר,"אחדות ביח""ר לטחינה",IL,טחינה שומשום מלא,גרמים,500.00,100 גרם,false,0,13.90,2.78,true,1,
7290010328253,false,טחינה משומשום טבעי 500גר,"אחדות בע""מ א.ת. ברקן",IL,טחינה טבעי,גרמים,500.00,100 גרם,false,0,11.00,2.20,true,1,
7290010328345,false,חטיף חלווה 50 גרם,"אחדות ביח""ר לטחינה",IL,חטיף חלווה,גרמים,50.00,100 גרם,false,0,1.90,3.80,true,1,
7290010328499,false,טחינה עם 55% שומשום מלא,אחדות,IL,טחינה,גרמים,500.00,100 גרם,false,1,11.90,2.38,true,1,
7290010328505,false,"מיני חלווה ללת""ס סוכר15י","אחדות בע""מ א.ת. ברקן",IL,"מיני חלווה ללת""ס סוכר15י",גרמים,205.00,100 גרם,false,0,12.90,6.29,true,1,
7290010328567,false,טחינה גולמית בראשית 400ג,"אחדות ביח""ר לטחינה",IL,טחינה גולמית,גרמים,400.00,100 גרם,false,0,12.90,3.23,true,1,
7290010328598,false,אצבעות חלווה וניל 7 יחיד,"אחדות ביח""ר לטחינה",IL,אצבעות חלווה וניל 7 יחיד,גרמים,126.00,100 גרם,false,0,9.90,7.86,true,1,
7290010328604,false,אצבעות חלווה פיסטוק 7 יח,"אחדות ביח""ר לטחינה",IL,אצבעות חלווה פיסטוק 7 יח,גרמים,126.00,100 גרם,false,0,9.90,7.86,true,1,
7290010328611,false,אצבעות חלווה פולי קקאו 7,"אחדות ביח""ר לטחינה",IL,אצבעות חלווה פולי קקאו 7,גרמים,126.00,100 גרם,false,0,9.90,7.86,true,1,
7290010328628,false,אצבעות חלווה ללא סוכר 7,"אחדות ביח""ר לטחינה",IL,אצבעות חלווה ללא סוכר 7,גרמים,126.00,100 גרם,false,0,9.90,7.86,true,1,
7290010329977,false,מטבעות שוק.מריר פרווה48ג,כרמית,IL,מטבעות שוקולד,גרמים,48.00,100 גרם,false,0,5.00,10.42,true,1,
7290010378500,false,סופטקר שמפו אל דמע 1ליטר,נקה,IL,שמפו לתינוק,ליטרים,1.00,ליטר,false,0,16.90,16.90,true,1,
7290010378517,false,תחליב לחות רחצה סופטקר1ל,נקה,IL,תחליב לחות לרחצה,ליטרים,1.00,ליטר,false,0,16.90,16.90,true,1,
7290010378524,false,סופטקר תח.רחצה+קמומיל 1ל,נקה,IL,תחליב רחצה,ליטרים,1.00,ליטר,false,0,16.90,16.90,true,1,
7290010417315,false,"גולן מרלו 750 מ""ל",יקבי רמת הגולן קצרין,IL,"גולן מרלו 750 מ""ל",מיליליטרים,750.00,"100 מ""ל",false,0,36.90,4.92,true,1,
7290010429295,false,מעדן פרי מישמש100% 250ג,שטראוס,IL,מעדן פרי מישמש100% 250ג,גרמים,250.00,100 גרם,false,0,12.90,5.16,true,1,
7290010429301,false,מעדן תות 100%פרי 250 גרם,יד מרדכי,IL,מעדן תות,גרמים,250.00,100 גרם,false,0,12.90,5.16,true,1,
7290010429554,false,"שמן זית 2 קלאסי 750מ""ל",יד מרדכי,IL,שמן זית 2 קלאסי,מיליליטרים,750.00,"100 מ""ל",false,0,34.90,4.65,true,1,
7290010471669,false,דנונה בר תות קורנפ175.גר,שטראוס,IL,דנונה בר תות,גרמים,175.00,100 גרם,false,0,5.10,2.91,true,1,
7290010472390,false,דני שוקולד 125*8גרם,שטראוס,IL,דני שוקולד 8 יח',קילוגרמים,1.00,"ק""ג",false,0,14.90,14.90,true,1,
7290010507443,false,שוקו צ'יפס לבן חום מעורב,,IL,שוקו צ'יפס לבן חום מעורב,גרמים,300.00,100 גרם,false,0,6.80,2.27,true,1,
7290010569038,false,גלידה משפחתית 5 טעמים,שטראוס,IL,גלידה משפחתית 5 טעמים,ליטרים,2.00,ליטר,false,0,23.90,11.95,true,1,
7290010569052,false,גלידה משפחתית 5 טעמים,שטראוס,IL,גלידה משפחתית 5 טעמים,ליטרים,2.00,ליטר,false,0,23.90,11.95,true,1,
7290010569069,false,גלידה משפ' 3טעמים פרווה,שטראוס,IL,גלידה משפ' 3טעמים פרווה,ליטרים,2.00,ליטר,false,0,23.90,11.95,true,1,
7290010609727,false,פופס קידס 70 יחידות,,IL,פופס קידס 70 יחידות,יחידה,1.00,יחידה,false,0,10.00,10.00,true,1,
7290010617111,false,"אציטון 100 מ""ל",,IL,"אציטון 100 מ""ל",מיליליטרים,100.00,"100 מ""ל",false,0,2.60,2.60,true,1,
7290010617180,false,מוצץ פרח זוג גדול,אריסטוקרט,TH,מוצץ פרח זוג גדול,יחידה,1.00,יחידה,false,0,15.90,15.90,true,1,
7290010617227,false,ספוג רחצה לתינוק 3 יח',אריסטוקרט,IL,ספוג רחצה לתינוק 3 יח',יחידה,1.00,יחידה,false,0,7.90,7.90,true,1,
7290010617241,false,מוצץ פרח זוג בינוני,אריסטוקרט,TH,מוצץ פרח זוג בינוני,יחידה,1.00,יחידה,false,0,15.90,15.90,true,1,
7290010617340,false,ליפה רחצה ביצה/כף יד,,,ליפה רחצה ביצה/כף יד,יחידה,1.00,יחידה,false,0,9.90,9.90,true,1,
7290010617357,false,ליפה רחצה ארוכה,,,ליפה רחצה ארוכה,יחידה,1.00,יחידה,false,0,9.90,9.90,true,1,
7290010617395,false,מתז לניקוי התינוק 125 מל,,,מתז לניקוי התינוק 125 מל,מיליליטרים,125.00,"100 מ""ל",false,0,15.90,12.72,true,1,
7290010617494,false,מוצץ לוטוס זוג קטן 2 יחי,אריסטוקרט,TH,מוצץ לוטוס זוג קטן 2 יחי,יחידה,1.00,יחידה,false,0,11.90,11.90,true,1,
7290010617593,false,כוס אימון עם ידיות,אריסטוקרט,IL,כוס אימון עם ידיות,יחידה,1.00,יחידה,false,0,15.00,15.00,true,1,
7290010617661,false,משחת נעליים נוזלי חום80מ,,,משחת נעליים נוזלי חום80מ,מיליליטרים,80.00,"100 מ""ל",false,0,4.30,5.38,true,1,
7290010617739,false,מוצץ לוטוס זוג בינוני 2,אריסטוקרט,TH,מוצץ לוטוס זוג בינוני 2,יחידה,1.00,יחידה,false,0,11.90,11.90,true,1,
7290010617746,false,"משחת נעליים + ידית 60מ""ל",,,"משחת נעליים + ידית 60מ""ל",מיליליטרים,60.00,"100 מ""ל",false,0,3.90,6.50,true,1,
7290010617906,false,מברשת לניקוי בקבוקים,אריסטוקרט,IL,מברשת לניקוי בקבוקים,יחידה,1.00,יחידה,false,0,12.90,12.90,true,1,
7290010617913,false,"בקבוק רחב לתינוק 260 מ""ל",אריסטוקרט,TH,"בקבוק רחב לתינוק 260 מ""ל",יחידה,1.00,יחידה,false,0,16.90,16.90,true,1,
7290010740512,false,שניצל דק מהצומח ביתי 700,טבעול,IL,שניצל דק ביתי,גרמים,700.00,100 גרם,false,0,32.90,4.70,true,1,
7290010748518,false,"שמפו סרקל פורטה 750 מ""ל",פישר  מעבדות  פרמצבטיות,IL,שמפו סרקל פורטה,מיליליטרים,750.00,"100 מ""ל",false,0,24.40,3.25,true,1,
7290010748853,false,ק.ידים אפקטיב קר עדין150,פישר  מעבדות  פרמצבטיות,IL,קרם ידיים,מיליליטרים,150.00,"100 מ""ל",false,0,12.40,8.27,true,1,
7290010748860,false,ק.ידיים אפקטיב קר יבש150,פישר  מעבדות  פרמצבטיות,IL,קרם ידיים,מיליליטרים,150.00,"100 מ""ל",false,0,12.40,8.27,true,1,
7290010814275,false,צימקאו לציפוי ואפיה 400ג,כרמית,IL,צימאקו לאפיה,גרמים,400.00,100 גרם,false,0,11.10,2.78,true,1,
7290010814701,false,"שוקולד חלב ללת""ס 85 גרם",כרמית,IL,שוקולד חלב,גרמים,85.00,100 גרם,false,0,6.90,8.12,true,1,
7290010838424,false,"טואלט דאק ירוק 750*2 מ""ל",ג'ונסון,NL,טואלט דאק זוג,ליטרים,1.50,ליטר,false,0,18.90,12.60,true,1,
7290010883042,false,סנובון נוזלי רענן 750 מל,סנו,IL,סנובון נוזלי,מיליליטרים,750.00,"100 מ""ל",false,0,9.90,1.32,true,1,
7290010931330,false,סלט מטבוחה 500 גרם,שטראוס,IL,סלט מטבוחה 500 גרם,גרמים,500.00,100 גרם,false,0,13.70,2.74,true,1,
7290010945306,false,חלב 3% בקרטון 2 ליטר,טרה,IL,חלב 3% בקרטון 2 ליטר,ליטרים,2.00,ליטר,false,0,10.90,5.45,true,1,
7290010945481,false,גבינה לבנה 5% 500 גרם,טרה,IL,גבינה לבנה 5%,גרמים,500.00,100 גרם,false,0,9.40,1.88,true,1,
7290011017606,false,פאנטה לימונדה 1.5 ליטר,החברה המרכזית לייצור משקאות,IL,פאנטה לימונדה,ליטרים,1.50,ליטר,false,0,6.20,4.13,true,1,
7290011017866,false,"סליק קוקה קולה 330מ""ל",החברה המרכזית לייצור משקאות,IL,קוקה קולה סליק,מיליליטרים,330.00,"100 מ""ל",false,0,6.00,1.82,true,1,
7290011017873,false,"סליק קוקה זירו 330 מ""ל",החברה המרכזית לייצור משקאות,IL,קוקה זירו,מיליליטרים,330.00,"100 מ""ל",false,0,6.00,1.82,true,1,
7290011017880,false,סליק קוקה קולה דיאט330מ,החברה המרכזית לייצור משקאות,IL,קוקה קולה דיאט,מיליליטרים,330.00,"100 מ""ל",false,0,6.00,1.82,true,1,
7290011018252,false,תה מנגו אננס,,IL,תה מנגו אננס,ליטרים,1.50,ליטר,false,0,6.90,4.60,true,1,
7290011018276,false,תה אקזוטי,,IL,תה אקזוטי,ליטרים,1.50,ליטר,false,0,6.90,4.60,true,1,
7290011018283,false,פיוז תה אפרסק,,IL,פיוז תה אפרסק,ליטרים,1.50,ליטר,false,0,6.90,4.60,true,1,
7290011018306,false,תה אפרסק דיאט,,IL,תה אפרסק דיאט,ליטרים,1.50,ליטר,false,0,6.90,4.60,true,1,
7290011018443,false,"סליק פאנטה אורנג' 330מ""ל",החברה המרכזית לייצור משקאות,IL,פאנטה אורנג',מיליליטרים,330.00,"100 מ""ל",false,0,6.00,1.82,true,1,
7290011018580,false,פיוז טי ענבים,,IL,פיוז טי ענבים,ליטרים,1.50,ליטר,false,0,6.90,4.60,true,1,
7290011051136,false,שוופס סודה 1.5*4 ליטר,יפאורה שותפות מובגלת לשיווק,IL,שוופס סודה 1.5*4 ליטר,ליטרים,6.00,ליטר,false,0,9.90,1.65,true,1,
7290011051327,false,קריסטל אשכוליות מוגז 2ל',יפאורה שותפות מובגלת לשיווק,IL,קריסטל אשכוליות מוגז 2ל',ליטרים,2.00,ליטר,false,0,3.30,1.65,true,1,
7290011051341,false,שוופס סודה לימון 1.5*4 ל,יפאורה שותפות מובגלת לשיווק,IL,שוופס סודה לימון 1.5*4 ל,ליטרים,6.00,ליטר,false,0,9.90,1.65,true,1,
7290011051372,false,שוופס תפוח ליים מוגז1.5ל,יפאורה שותפות מובגלת לשיווק,IL,שוופס תפוח ליים מוגז1.5ל,ליטרים,1.50,ליטר,false,0,6.00,4.00,true,1,
7290011051389,false,שוופס פירות יער מוגז1.5ל,יפאורה שותפות מובגלת לשיווק,IL,שוופס פירות יער מוגז1.5ל,ליטרים,1.50,ליטר,false,0,6.00,4.00,true,1,
7290011051396,false,שוופס אפרסק מוגז 1.5ליטר,יפאורה שותפות מובגלת לשיווק,IL,שוופס אפרסק מוגז 1.5ליטר,ליטרים,1.50,ליטר,false,0,6.00,4.00,true,1,
7290011051488,false,תה ספרינג אפרסק 1.5 ליטר,יפאורה שותפות מובגלת לשיווק,IL,ספרינג תה אפרסק,ליטרים,1.50,ליטר,false,0,5.90,3.93,true,1,
7290011051495,false,תה ספרינג ירוק לימון1.5ל,יפאורה שותפות מובגלת לשיווק,IL,תה ספרינג ירוק לימון1.5ל,ליטרים,1.50,ליטר,false,0,5.90,3.93,true,1,
7290011051518,false,תה ספרינג דיאט אפרסק1.5ל,יפאורה שותפות מובגלת לשיווק,IL,תה ספרינג דיאט אפרסק1.5ל,ליטרים,1.50,ליטר,false,0,5.90,3.93,true,1,
7290011051655,false,שוופס ריזלינג מוגז 1.5ל',יפאורה שותפות מובגלת לשיווק,IL,שוופס ריזלינג מוגז 1.5ל',ליטרים,1.50,ליטר,false,0,6.00,4.00,true,1,
7290011051785,false,קריסטל דיאט אשכול.מוגז2ל,יפאורה שותפות מובגלת לשיווק,IL,קריסטל דיאט אשכול.מוגז2ל,ליטרים,2.00,ליטר,false,0,3.30,1.65,true,1,
7290011051938,false,תפוזינה תפוח רענן 1.5 ל',יפאורה שותפות מובגלת לשיווק,IL,תפוזינה תפוח,ליטרים,1.50,ליטר,false,0,5.90,3.93,true,1,
7290011051976,false,R.C FREE 1.5 ליטר,יפאורה שותפות מובגלת לשיווק,IL,R.C FREE,ליטרים,1.50,ליטר,false,0,4.40,2.93,true,1,
7290011051990,false,RC FREE מארז 1.5*6 ל',יפאורה שותפות מובגלת לשיווק,IL,RC FREE מארז 1.5*6 ל',ליטרים,9.00,ליטר,false,0,18.80,2.09,true,1,
7290011081492,false,קרמיסימו שלושה שוקולדים,שטראוס,IL,קרמיסימו שלושה שוקולדים,ליטרים,1.33,ליטר,false,0,19.90,14.96,true,1,
7290011115159,false,סבון נקה 7 מועשר 4*100גר,נקה,,סבון נקה 4X 7,גרמים,400.00,100 גרם,false,0,13.00,3.25,true,1,
7290011115166,false,תחליב רחצה נקה7  לבנדר1ל,אמיליה קוסמטיקס,IL,תחליב רחצה נקה 7,ליטרים,1.00,ליטר,false,0,10.90,10.90,true,1,
7290011115173,false,תחליב רחצה נקה7 וניל 1 ל,אמיליה קוסמטיקס,IL,תחליב רחצה נקה 7,ליטרים,1.00,ליטר,false,0,10.90,10.90,true,1,
7290011115203,false,סבון נקה 7 לילך 100X4גר,נקה,,סבון נקה 4X 7,גרמים,400.00,100 גרם,false,0,13.00,3.25,true,1,
7290011115241,false,סבון נקה 7 ורוד100X4גרם,נקה,,סבון נקה 4X 7,גרמים,400.00,100 גרם,false,0,13.00,3.25,true,1,
7290011115265,false,סב.נקה 7 מעושר לגבר100X4,נקה,,סבון נקה 4X 7,גרמים,400.00,100 גרם,false,0,13.00,3.25,true,1,
7290011126209,false,גן קסום תפוח+קינמון 25שק,ויסוצקי,IL,חליטת תפוח קנמון,גרמים,67.00,100 גרם,false,0,16.00,23.88,true,1,
7290011126346,false,ניחוח.גליל לימ/לואיזה25ש,ויסוצקי,IL,ניחוח.גליל לימ/לואיזה25ש,גרמים,55.00,100 גרם,false,0,12.90,23.45,true,1,
7290011126452,false,חליטת קמומיל+נענע 1.5X25,ויסוצקי,IL,חליטת קמומיל,גרמים,37.00,100 גרם,false,0,16.00,43.24,true,1,
7290011126483,false,תה לורד גריי 25 שק1.5Xגר,ויסוצקי,IL,תה לורד גריי 25 שק1.5Xגר,גרמים,37.00,100 גרם,false,0,13.20,35.68,true,1,
7290011126957,false,תה ירוק ארל גריי25שק1.5X,ויסוצקי,IL,תה ירוק ארל גריי,גרמים,37.00,100 גרם,false,0,22.00,59.46,true,1,
7290011133375,false,"מכבי שנדי אפרסק 330*6מ""ל",טמפו,IL,"מכבי שנדי אפרסק 330*6מ""ל",ליטרים,1.98,ליטר,false,0,31.90,16.11,true,1,
7290011154134,false,סילאן דבש תמרים צנצנת900,,IL,סילאן דבש תמרים צנצנת900,גרמים,900.00,100 גרם,false,0,13.90,1.54,true,1,
7290011154301,false,ממרח תמרים 450 גרם,,,ממרח תמרים 450 גרם,גרמים,450.00,100 גרם,false,0,6.00,1.33,true,1,
7290011164171,false,לקקן סודה 15 יח 115 גרם,,,לקקן סודה 15 יח 115 גרם,גרמים,115.00,100 גרם,false,0,10.10,8.78,true,1,
7290011164546,false,"סוכ"".זיס""טופי חמצמץ600גר",,BR,"סוכ"".זיס""טופי חמצמץ600גר",גרמים,600.00,100 גרם,false,0,18.80,3.13,true,1,
7290011164553,false,"סוכ"".זיס""טופי פירות 700ג",,BR,"סוכ"".זיס""טופי פירות 700ג",גרמים,700.00,100 גרם,false,0,18.80,2.69,true,1,
7290011164980,false,לקקן ממולא טופי34יח18X'ג,,BR,לקקן ממולא טופי34יח18X'ג,גרמים,612.00,100 גרם,false,0,18.40,3.01,true,1,
7290011194246,false,קוטג' 5% שומן 250 גרם,שטראוס,IL,קוטג' 5% שומן 250 גרם,גרמים,250.00,100 גרם,false,0,5.60,2.24,true,1,
7290011194291,false,דנונה דיאט קפוצינו 150גר,שטראוס,IL,דנונה דיאט 0%,גרמים,150.00,100 גרם,false,0,4.50,3.00,true,1,
7290011223243,false,טואלט דאק ג'ל לבנדר 55מל,DEOFLOR,GB,דאק ג'ל נוזלי,מיליליטרים,55.00,"100 מ""ל",false,0,12.20,22.18,true,1,
7290011223786,false,סבון פמילי מעורב3 * 500מ,אברנסל קוסמטיקס,IL,סבון פמילי,ליטרים,1.50,ליטר,false,0,13.90,9.27,true,1,
7290011240240,false,"ארז קברנה 750 מ""ל",יקבי ציון,IL,ארז קברנה,מיליליטרים,750.00,"100 מ""ל",false,0,29.90,3.99,true,1,
7290011240257,false,"ארז קברנה מרלו 750 מ""ל",יקבי ציון,IL,ארז קברנה מרלו,מיליליטרים,750.00,"100 מ""ל",false,0,29.90,3.99,true,1,
7290011240318,false,"שטו יין אדום יבש 750 מ""ל",יקבי ציון,IL,"שטו יין אדום יבש 750 מ""ל",מיליליטרים,750.00,"100 מ""ל",false,0,20.70,2.76,true,1,
7290011240332,false,יין תירוש ענבים אדום 1ל',יקבי ציון,IL,יין תירוש ענבים אדום 1ל',ליטרים,1.00,ליטר,false,0,14.90,14.90,true,1,
7290011240349,false,יין תירוש ענבים לבן 1 ל',יקבי ציון,IL,יין תירוש ענבים לבן 1 ל',ליטרים,1.00,ליטר,false,0,14.90,14.90,true,1,
7290011240356,false,יין דולב קברנה סוביניון,יקבי ציון,IL,יין דולב קברנה סוביניון,מיליליטרים,750.00,"100 מ""ל",false,0,23.60,3.15,true,1,
7290011240363,false,אמרלד ריזלינג דולב 750 מ,יקבי ציון,IL,אמרלד ריזלינג דולב 750 מ,מיליליטרים,750.00,"100 מ""ל",false,0,23.60,3.15,true,1,
7290011240394,false,"יין דולב מוסקט 750 מ""ל",יקבי ציון,IL,"יין דולב מוסקט 750 מ""ל",מיליליטרים,750.00,"100 מ""ל",false,0,23.60,3.15,true,1,
7290011240417,false,"ין מרלו דולב 750 מ""ל",יקבי ציון,IL,"ין מרלו דולב 750 מ""ל",מיליליטרים,750.00,"100 מ""ל",false,0,23.60,3.15,true,1,
7290011240424,false,יין קברנה מרלו דולב750מל,יקבי ציון,IL,יין קברנה מרלו דולב750מל,מיליליטרים,750.00,"100 מ""ל",false,0,23.60,3.15,true,1,
7290011240431,false,"יין אדום יבש דולב 750מ""ל",יקבי ציון,IL,"יין אדום יבש דולב 750מ""ל",מיליליטרים,750.00,"100 מ""ל",false,0,23.60,3.15,true,1,
7290011240868,false,"מוסקטו אדום 750 מ""ל",יקבי ציון,IL,"מוסקטו אדום 750 מ""ל",מיליליטרים,750.00,"100 מ""ל",false,0,33.20,4.43,true,1,
7290011240905,false,"מוסקטו לבן 750 מ""ל",יקבי ציון,IL,"מוסקטו לבן 750 מ""ל",מיליליטרים,750.00,"100 מ""ל",false,0,33.20,4.43,true,1,
7290011249267,false,וופל בלגי ללא סוכר 200גר,,IL,וופל בלגי ללא סוכר 200גר,גרמים,200.00,100 גרם,false,0,7.10,3.55,true,1,
7290011254032,false,קינואה 500 גרם,מיה,IL,קינואה,גרמים,500.00,100 גרם,false,0,23.90,4.78,true,1,
7290011254063,false,עדשים שחורים 500 גרם,מיה,IL,עדשים שחורים,גרמים,500.00,100 גרם,false,0,11.00,2.20,true,1,
7290011254070,false,פלפל שחור שקית 50 גרם,מיה,IL,פלפל שחור שקית,גרמים,50.00,100 גרם,false,0,7.90,15.80,true,1,
7290011254087,false,קינמון שקית 80 גרם,מיה,IL,קינמון שקית 80 גרם,גרמים,80.00,100 גרם,false,0,3.90,4.88,true,1,
7290011254094,false,כמון בשקית 80 גרם,מיה,IL,כמון בשקית,גרמים,80.00,100 גרם,false,0,3.90,4.88,true,1,
7290011254100,false,כרכום שקית 80 גרם,מיה,IL,כרכום שקית 80 גרם,גרמים,80.00,100 גרם,false,0,3.90,4.88,true,1,
7290011254117,false,פפריקה מתוקה שקית 80 גרם,מיה,IL,פפריקה מתוקה שקית 80 גרם,גרמים,80.00,100 גרם,false,0,3.90,4.88,true,1,
7290011254124,false,פפריקה חריפה בשקית 80 גר,מיה,IL,פפריקה חריפה בשקית 80 גר,גרמים,80.00,100 גרם,false,0,3.90,4.88,true,1,
7290011254148,false,אבקת שום שקית 80 גרם,מיה,IL,אבקת שום שקית 80 גרם,גרמים,80.00,100 גרם,false,0,3.90,4.88,true,1,
7290011254155,false,מלח לימון שקית 80 גרם,מיה,IL,מלח לימון שקית 80 גרם,גרמים,80.00,100 גרם,false,0,3.90,4.88,true,1,
7290011254179,false,גריל עוף שקית 80 גרם,מיה,IL,גריל עוף שקית 80 גרם,גרמים,80.00,100 גרם,false,0,3.90,4.88,true,1,
7290011254193,false,שבבי שום 50 גרם,מיה,IL,שבבי שום 50 גרם,גרמים,50.00,100 גרם,false,0,3.90,7.80,true,1,
7290011254209,false,גבישי שום שקית 80 גרם,מיה,IL,גבישי שום שקית 80 גרם,גרמים,80.00,100 גרם,false,0,3.90,4.88,true,1,
7290011254278,false,סוכריות בטעם פירות 600גר,מיה,IL,סוכריות פירות,גרמים,600.00,100 גרם,false,0,13.90,2.32,true,1,
7290011254452,false,סוכריות ללא סוכר מנטה80ג,מיה,IL,סוכריות ללא סוכר מנטה80ג,גרמים,80.00,100 גרם,false,0,5.80,7.25,true,1,
7290011254476,false,סוכ.ללא סוכר תפוח/דוב80.,מיה,IL,סוכ.ללא סוכר תפוח/דוב80.,גרמים,80.00,100 גרם,false,0,5.80,7.25,true,1,
7290011254483,false,סוכ.ללא סוכר אפרסק 80 גר,מיה,IL,סוכ.ללא סוכר אפרסק 80 גר,גרמים,80.00,100 גרם,false,0,5.80,7.25,true,1,
7290011254698,false,"שמן זית 750 מ""ל",מיה,IL,"שמן זית 750 מ""ל",מיליליטרים,750.00,"100 מ""ל",false,0,34.90,4.65,true,1,
7290011254780,false,"שעועית ארגנטינאית 1 ק""ג",מיה,IL,"שעועית 1 ק""ג",קילוגרמים,1.00,"ק""ג",false,0,17.90,17.90,true,1,
7290011254865,false,סוכריות גלי טבעיבינס 125,מיה,IL,סוכריות גלי טבעיבינס 125,גרמים,125.00,100 גרם,false,0,5.60,4.48,true,1,
7290011308117,false,קרקר 6 דגנים 200 גרם,אפיפית,IL,קרקר 6 דגנים,גרמים,200.00,100 גרם,false,0,6.90,3.45,true,1,
7290011308179,false,קרקר חיטה מלאה+פשתן300גר,אפיפית,IL,קרקר חיטה מלאה,גרמים,300.00,100 גרם,false,0,9.80,3.27,true,1,
7290011308681,false,קרקר שום ועשבי תיבול285ג,אפיפית,IL,קרקר עשבי תיבול,גרמים,285.00,100 גרם,false,0,9.80,3.44,true,1,
7290011308780,false,בייגלה טבעות שומשום300גר,יוניליוור,IL,בייגלה טבעות,גרמים,300.00,100 גרם,false,0,9.20,3.07,true,1,
7290011372002,false,בדי בדיקה יהודית,אריסטוקרט,IL,בדי בדיקה,יחידה,1.00,יחידה,false,0,8.00,8.00,true,1,
7290011372774,false,"בדי בדיקה בית יעקב בד""צ",,IL,"בדי בדיקה בית יעקב בד""צ",יחידה,1.00,יחידה,false,0,7.90,7.90,true,1,
7290011378028,false,חלבה ללא סוכר שומ.מלא350,רושדי תעשיות מזון,IL,חלבה ללא סוכר,גרמים,350.00,100 גרם,false,0,13.50,3.86,true,1,
7290011378769,false,חטיפי חלבה וניל 7יח18*גר,רושדי תעשיות מזון,IL,חטיפי חלבה 7 יח,גרמים,126.00,100 גרם,false,0,11.90,9.44,true,1,
7290011378776,false,חטיפי חלבה פיסטוק 18*7 ג,רושדי תעשיות מזון,IL,חטיפי חלבה 7 יח,גרמים,126.00,100 גרם,false,0,11.90,9.44,true,1,
7290011447014,false,דייסת סלט פירות 200 גרם,נסטלה,IL,דייסת מטרנה,גרמים,200.00,100 גרם,false,0,12.90,6.45,true,1,
7290011447120,false,מטרנה מהדרין ללא שלב700ג,נסטלה,IL,מטרנה מהדרין,גרמים,700.00,100 גרם,false,0,49.90,7.13,true,1,
7290011447359,false,מטרנה מהדרין שלב 1 700גר,נסטלה,IL,מטרנה מהדרין,גרמים,700.00,100 גרם,false,0,54.90,7.84,true,1,
7290011447373,false,מטרנה מהדרין שלב 2 700גר,נסטלה,IL,מטרנה מהדרין,גרמים,700.00,100 גרם,false,0,54.90,7.84,true,1,
7290011457051,false,"ליקר שוקולד %16 500 מ""ל",ישראליקר,IL,ליקר שוקולד,מיליליטרים,500.00,"100 מ""ל",false,0,39.90,7.98,true,1,
7290011468002,false,טחינה גולמית הנסיך500גרם,הנסיך,IL,טחינה גולמית הנסיך500גרם,גרמים,500.00,100 גרם,false,0,15.70,3.14,true,1,
7290011468057,false,"טחינה גולמית הנסיך 1 ק""ג",הנסיך,IL,טחינה גולמית,קילוגרמים,1.00,"ק""ג",false,0,23.90,23.90,true,1,
7290011486389,false,שוקולד לבן 85 גרם,כרמית,IL,שוקולד לבן 85 גר,גרמים,85.00,100 גרם,false,0,6.50,7.65,true,1,
7290011489533,false,בייגלה עם מלח 300 גרם,מגדנית הדר,IL,בייגלה עם מלח 300 גרם,גרמים,300.00,100 גרם,false,0,5.90,1.97,true,1,
7290011489694,false,פירורי בסקוויט  וניל300ג,מגדנית הדר,IL,פירורי בסקוויט  וניל300ג,גרמים,300.00,100 גרם,false,0,6.90,2.30,true,1,
7290011489755,false,בייגלה טבעת מלח 300 גרם,הדר,IL,בייגלה טבעת מלח,גרמים,300.00,100 גרם,false,0,5.90,1.97,true,1,
7290011489991,false,עוגיות סנדביץ וניל שוקו,הדר,IL,עוגיות סנדביץ,גרמים,600.00,100 גרם,false,1,11.90,1.98,true,1,
7290011499365,false,חלומי גד גב.קשה 24% 200ג,מחלבות גד,IL,חלומי גד גב.קשה 24% 200ג,גרמים,200.00,100 גרם,false,0,20.90,10.45,true,1,
7290011499723,false,פרוסות גב.בולגרית5% 250ג,מחלבות גד,IL,פרוסות גב.בולגרית5% 250ג,גרמים,250.00,100 גרם,false,0,25.00,10.00,true,1,
7290011499730,false,גבינה בולגרית 5% 250 גרם,מחלבות גד,IL,גבינה בולגרית 5% 250 גרם,גרמים,250.00,100 גרם,false,0,21.90,8.76,true,1,
7290011499754,false,ריקוטה גד 5% שומן 250גרם,מחלבות גד,IL,ריקוטה גד 5% שומן 250גרם,גרמים,250.00,100 גרם,false,0,15.00,6.00,true,1,
7290011499822,false,גבינה בולגרית מעודנת250,,IL,גבינה בולגרית מעודנת250,גרמים,250.00,100 גרם,false,0,24.70,9.88,true,1,
7290011515683,false,מאגדת אקסטרים וניל 6יח,נסטלה,IL,מאגדת אקסטרים וניל 6יח,גרמים,432.00,100 גרם,false,0,34.90,8.08,true,1,
7290011515911,false,מאגדת לייט ריבת חלב כשלפ,נסטלה,IL,מאגדת לייט ריבת חלב כשלפ,גרמים,312.00,100 גרם,false,0,27.20,8.72,true,1,
7290011537074,false,לקקן צובעי פה 58 יח12X'ג,,IL,לקקן צובעי פה 58 יח12X'ג,גרמים,600.00,100 גרם,false,0,18.40,3.07,true,1,
7290011537159,false,פרמידה סוכ.קרנבל שקית 12,,CN,פרמידה סוכ.קרנבל שקית 12,גרמים,144.00,100 גרם,false,0,10.10,7.01,true,1,
7290011537371,false,פסטה קונכיות 500 גרם,,,פסטה קונכיות 500 גרם,גרמים,500.00,100 גרם,false,0,3.40,0.68,true,1,
7290011553906,false,פתיתים קוסקוס,,IL,פתיתים קוסקוס,גרמים,800.00,100 גרם,false,0,6.50,0.81,true,1,
7290011570132,false,"קמח נטול גלוטן 1 ק""ג",גלעם,IL,קמח נטול גלוטן,קילוגרמים,1.00,"ק""ג",false,0,4.60,4.60,true,1,
7290011575250,false,הפי לנעליים,,IL,הפי לנעליים,יחידה,1.00,יחידה,false,0,9.30,9.30,true,1,
7290011598211,false,סנו אנטי קאלק נ.כללי700מ,סנו,IL,סנו אנטי קאלק,מיליליטרים,700.00,"100 מ""ל",false,0,19.50,2.79,true,1,
7290011598372,false,מטלית רצפה פרופשיונל,סנו,IL,מטלית לרצפה,יחידה,1.00,יחידה,false,0,11.00,11.00,true,1,
7290011598402,false,מרכך מקסימה מאסק 4 ל',סנו,,מרכך כביסה,ליטרים,4.00,ליטר,false,0,19.80,4.95,true,1,
7290011598457,false,נייר טואלט סופט,,IL,נייר טואלט סופט,מטרים,883.00,מטר,false,0,40.00,0.05,true,1,
7290011607197,false,"א.כביסה קולון 101 5 ק""ג",רקיט בנקיזר,,אבקת כביסה קולון,קילוגרמים,5.00,"ק""ג",false,0,35.00,7.00,true,1,
7290011618124,false,בייבי ביס טעם ירקות 50 ג,want-want,CN,בייבי ביס טעם ירקות 50 ג,גרמים,50.00,100 גרם,false,0,10.90,21.80,true,1,
7290011668235,false,תרחיץ פנים רימונים פנינה,א.ל ארמן,IL,תרחיץ פנים פנינה,מיליליטרים,150.00,"100 מ""ל",false,0,20.30,13.53,true,1,
7290011688103,false,פילה סול פוטית לקג,שונות,XX,פילה סול,קילוגרמים,0.00,"ק""ג",true,0,17.90,17.90,true,1,
7290011732172,false,סוכ.שרשרת מארז משפחתי 24,,CN,סוכ.שרשרת מארז משפחתי 24,גרמים,422.00,100 גרם,false,0,18.90,4.48,true,1,
7290011732189,false,סוכ.צמיד מארז משפחתי48יח,,CN,סוכ.צמיד מארז משפחתי48יח,גרמים,422.00,100 גרם,false,0,18.90,4.48,true,1,
7290011732202,false,סוכ.בקבוק מארז משפחתי21י,,CN,סוכ.בקבוק מארז משפחתי21י,גרמים,378.00,100 גרם,false,0,18.90,5.00,true,1,
7290011732264,false,סוכ.פרמידה מארז משפחתי36,,CN,סוכ.פרמידה מארז משפחתי36,גרמים,432.00,100 גרם,false,0,18.90,4.38,true,1,
7290011732271,false,אבקה ט.פרי חמצמץ 51י8Xגר,,CN,אבקה ט.פרי חמצמץ 51י8Xגר,גרמים,288.00,100 גרם,false,0,18.90,6.56,true,1,
7290011732424,false,מאגדת פופסים 10יח25Xגרם,,IL,מאגדת פופסים 10יח25Xגרם,גרמים,250.00,100 גרם,false,0,9.80,3.92,true,1,
7290011732592,false,"קמח מלא 1 ק""ג",,IL,"קמח מלא 1 ק""ג",קילוגרמים,1.00,"ק""ג",false,0,12.80,12.80,true,1,
7290011732608,false,"קמח לבן 1 ק""ג",,IL,"קמח לבן 1 ק""ג",קילוגרמים,1.00,"ק""ג",false,0,9.70,9.70,true,1,
7290011732615,false,"קמח שיפון 1 ק""ג",,IL,"קמח שיפון 1 ק""ג",קילוגרמים,1.00,"ק""ג",false,0,12.80,12.80,true,1,
7290011732837,false,פופסים מצופ.חמאת בוטנ80ג,,IL,פופסים מצופ.חמאת בוטנ80ג,גרמים,80.00,100 גרם,false,0,2.40,3.00,true,1,
7290011732943,false,שקדי מרק 400 גרם,,IL,שקדי מרק 400 גרם,גרמים,400.00,100 גרם,false,0,6.90,1.73,true,1,
7290011732998,false,טעים ברגע ספגטי בולונז60,,IL,טעים ברגע ספגטי בולונז60,גרמים,60.00,100 גרם,false,0,3.90,6.50,true,1,
7290011765071,false,ג'ל גילוח קרמה רגיל 200מ,קוסמופארם,IL,ג'ל גילוח קרמה,מיליליטרים,200.00,"100 מ""ל",false,0,14.90,7.45,true,1,
7290011765095,false,ג'ל גילוח קרמה דליקט200מ,קוסמופארם,IL,ג'ל גילוח קרמה,מיליליטרים,200.00,"100 מ""ל",false,0,14.90,7.45,true,1,
7290011765309,false,2מברשות אורביטול דיימונד,קוסמופארם,IL,2 מברשות שיניים,יחידה,1.00,יחידה,false,0,19.70,19.70,true,1,
7290011765392,false,שמ.כיף ילדים בוב ספוג750,קוסמופארם,IL,שמ.כיף ילדים בוב ספוג750,מיליליטרים,750.00,"100 מ""ל",false,0,13.90,1.85,true,1,
7290011765408,false,שמפו+מרכ.כיף בוב ספוג750,קוסמופארם,IL,שמפו+מרכך כיף,מיליליטרים,750.00,"100 מ""ל",false,0,13.90,1.85,true,1,
7290011765415,false,מרכ כיף ילד בוב ספוג750מ,קוסמופארם,IL,מרכך כיף,מיליליטרים,750.00,"100 מ""ל",false,0,13.90,1.85,true,1,
7290011765422,false,אלסבון כיף בוב ספוג750מל,קוסמופארם,IL,אלסבון כיף,מיליליטרים,750.00,"100 מ""ל",false,0,15.50,2.07,true,1,
7290011765446,false,משחה אורביטול ענבים 70 ג,קוסמופארם,IL,משחת שיניים,גרמים,70.00,100 גרם,false,0,9.00,12.86,true,1,
7290011860271,false,ביסבול טבעי 700 גרם,תפוגן,IL,ביסבול טבעי,גרמים,700.00,100 גרם,false,0,15.90,2.27,true,1,
7290011877101,false,"סנומוד ניחוח מאסק 150מ""ל",סנו,IL,סנומוד,מיליליטרים,150.00,"100 מ""ל",false,0,13.80,9.20,true,1,
7290011877156,false,"סנו פרש ענק מאסק 375 מ""ל",סנו,,סנו פרש ענק,מיליליטרים,375.00,"100 מ""ל",false,0,11.60,3.09,true,1,
7290011877446,false,בייבי כיף קרם נגד גירוד,קוסמופארם,IL,בייבי כיף קרם,מיליליטרים,100.00,"100 מ""ל",false,0,16.00,16.00,true,1,
7290011877828,false,מגבוני כיף בוב ספוג72*4,קוסמופארם,IL,מגבוני כיף בוב ספוג72*4,יחידה,1.00,יחידה,false,0,22.90,22.90,true,1,
7290011877835,false,2 שקיות ואקום לאיחסוןXXL,סנו,IL,שקיות איחסון,יחידה,1.00,יחידה,false,0,24.20,24.20,true,1,
7290011877866,false,"א.כביסה מקסימה מאסק 6ק""ג",סנו,IL,"א.כביסה מקסימה מאסק 6ק""ג",קילוגרמים,6.00,"ק""ג",false,0,47.90,7.98,true,1,
7290011877927,false,מי פה אורביטול כחול 500מ,קוסמופארם,IL,מי פה אורביטול,מיליליטרים,500.00,"100 מ""ל",false,0,23.30,4.66,true,1,
7290011885007,false,פקאן סיני 200גרם,פיצוחי הטיב,IL,פקאן סיני,גרמים,200.00,100 גרם,false,0,19.90,9.95,true,1,
7290011885175,false,שזיף מגולען 200ג פ.הטיב,פיצוחי הטיב,IL,שזיף מגולען,גרמים,200.00,100 גרם,false,0,11.90,5.95,true,1,
7290011889869,false,גלידה משפ' 2טעמים פרווה,שטראוס,IL,גלידה משפ' 2טעמים פרווה,ליטרים,2.00,ליטר,false,0,23.90,11.95,true,1,
7290011931155,false,אל סבון פלצה אזורה 750מל,"ביסקול בע""מ",IL,אל סבון אזורה,מיליליטרים,750.00,"100 מ""ל",false,0,14.20,1.89,true,1,
7290011941161,false,כוס יין 50 יח,,IL,כוס יין 50 יח,יחידה,1.00,יחידה,false,0,8.00,8.00,true,1,
7290011963002,false,פטרוזליה כשר,קטיף,IL,פטרוזליה כשר,יחידה,1.00,יחידה,false,0,5.90,5.90,true,1,
7290011963033,false,שמיר כשר,,IL,שמיר כשר,יחידה,1.00,יחידה,false,0,5.90,5.90,true,1,
7290011963040,false,סלרי כשר,קטיף,IL,סלרי כשר,יחידה,1.00,יחידה,false,0,6.90,6.90,true,1,
7290011963057,false,סלק עלים כשר,,IL,סלק עלים כשר,יחידה,1.00,יחידה,false,0,6.90,6.90,true,1,
7290011963064,false,חסה כשר,,IL,חסה כשר,יחידה,1.00,יחידה,false,0,6.90,6.90,true,1,
7290011963101,false,חסה גוש קטיף 1 יח,ימיני,IL,חסה גוש קטיף,יחידה,1.00,יחידה,false,1,7.90,7.90,true,1,
7290011963118,false,פטרוזיליה גוש קטיף 1 יח,ימיני,IL,פטרוזילה גוש קטי,יחידה,1.00,יחידה,false,1,5.90,5.90,true,1,
7290011963132,false,סלרי  גוש קטיף 1 יח,ימיני,IL,סלרי  גוש קטיף,יחידה,1.00,יחידה,false,1,7.90,7.90,true,1,
7290011963149,false,בצל ירוק  גוש קטיף 1 יח,ימיני,IL,בצל ירוק,יחידה,1.00,יחידה,false,1,7.90,7.90,true,1,
7290011963163,false,סלרי עלים  גוש קטיף 1 יח,ימיני,IL,סלרי עלים,יחידה,1.00,יחידה,false,1,7.90,7.90,true,1,
7290011963170,false,כוסברה גוש קטיף 1 יח,ימיני,IL,כוסברה גוש קטי,יחידה,1.00,יחידה,false,1,5.90,5.90,true,1,
7290011969158,false,מגבוני בייבי,,IL,מגבוני בייבי,יחידה,1.00,יחידה,false,0,17.90,17.90,true,1,
7290011969288,false,כף חד פעמי,,CN,כף חד פעמי,יחידה,1.00,יחידה,false,0,4.90,4.90,true,1,
7290011969318,false,כפית 100 יחידות,,IL,כפית 100 יחידות,יחידה,1.00,יחידה,false,0,4.90,4.90,true,1,
7290011969462,false,כוס מרובעת שקופה 10 יח,,IL,כוס מרובעת שקופה 10 יח,יחידה,1.00,יחידה,false,0,9.00,9.00,true,1,
7290011969486,false,כוסות שמפניה,,IL,כוסות שמפניה,יחידה,1.00,יחידה,false,0,10.90,10.90,true,1,
7290011969578,false,צלחות מרובעות גדול זהב12,,IL,צלחות מרובעות גדול זהב12,יחידה,1.00,יחידה,false,0,10.00,10.00,true,1,
7290011969608,false,מרקיות מרובעות כרם 12 יח,,IL,מרקיות מרובעות כרם 12 יח,יחידה,1.00,יחידה,false,0,8.70,8.70,true,1,
7290011969622,false,מרקיות מרובעות כחול 12יח,,IL,מרקיות מרובעות כחול 12יח,יחידה,1.00,יחידה,false,0,8.70,8.70,true,1,
7290011969660,false,לפתניות מרובעות,,IL,לפתניות מרובעות,יחידה,1.00,יחידה,false,0,4.40,4.40,true,1,
7290011977160,false,טחינה שומשום טהור 500גרם,,IL,טחינה שומשום טהור 500גרם,גרמים,500.00,100 גרם,false,0,13.90,2.78,true,1,
7290011977245,false,פופסים בטעם פיצה10י35X'ג,,IL,פופסים בטעם פיצה10י35X'ג,גרמים,350.00,100 גרם,false,0,9.50,2.71,true,1,
7290011977634,false,סרדינים+פלפל חריף 125 גר,,,סרדינים+פלפל חריף 125 גר,גרמים,125.00,100 גרם,false,0,3.90,3.12,true,1,
7290011977641,false,סרדינים בשמן ולימון 125ג,,,סרדינים בשמן ולימון 125ג,גרמים,125.00,100 גרם,false,0,3.90,3.12,true,1,
7290011977917,false,פסטה טבעות מקרוני 500 ג,,,פסטה טבעות מקרוני 500 ג,גרמים,500.00,100 גרם,false,0,3.40,0.68,true,1,
7290012001994,false,חרדל דיז'ון ריין 350 גרם,ריין דיג'ון,FR,חרדל דיז'ון ריין,גרמים,350.00,100 גרם,false,0,10.90,3.11,true,1,
7290012116025,false,"שמפו כיף פיות 750 מ""ל",קוסמופארם,IL,שמפו כיף,מיליליטרים,750.00,"100 מ""ל",false,0,13.90,1.85,true,1,
7290012116063,false,אלסב.כיף פיות קמומיל750מ,קוסמופארם,IL,אל סבון כיף,מיליליטרים,750.00,"100 מ""ל",false,0,15.50,2.07,true,1,
7290012116360,false,פוליויקס גרניט פורצלן2ל',סנו,IL,סנו פוליויקס,ליטרים,2.00,ליטר,false,0,22.60,11.30,true,1,
7290012116537,false,אבקת כב.מקסימה מאסק 2.5ק,סנו,IL,אבקת כביסה,קילוגרמים,2.50,"ק""ג",false,0,27.00,10.80,true,1,
7290012116551,false,"סנו אנטי קאלק רב""ש 2ליטר",סנו,IL,סנו אנטי קאלק,ליטרים,2.00,ליטר,false,0,21.10,10.55,true,1,
7290012116612,false,4 מברשות שיניים אורביטול,קוסמופארם,,4 מברשות שיניים,יחידה,1.00,יחידה,false,0,18.00,18.00,true,1,
7290012117039,false,"סנו""00"" לניקוי אמבטיה 1ל",סנו,IL,"סנו ""00"" לאמבטיה",ליטרים,1.00,ליטר,false,0,7.40,7.40,true,1,
7290012117275,false,סנוקליר שקית מילוי 750מל,סנו,IL,סנוקליר מילוי,מיליליטרים,750.00,"100 מ""ל",false,0,9.00,1.20,true,1,
7290012117350,false,סנו ריצפז פרש לילך 2ליטר,סנו,,סנו ריצפז,ליטרים,2.00,ליטר,false,0,16.90,8.45,true,1,
7290012117381,false,קרמה ג'ל אחר גילוח רג150,קוסמופארם,IL,קרמה ג'ל לגילוח,מיליליטרים,150.00,"100 מ""ל",false,0,31.10,20.73,true,1,
7290012117428,false,קרמה ג'ל רח.ושמפו גבר700,קוסמופארם,IL,קרמה ג'ל רחצה,מיליליטרים,700.00,"100 מ""ל",false,0,17.90,2.56,true,1,
7290012117435,false,קרמה ג'ל רחצה אלוורה700מ,קוסמופארם,IL,קרמה ג'ל רחצה,מיליליטרים,700.00,"100 מ""ל",false,0,17.90,2.56,true,1,
7290012117558,false,מרכ.מקסימה ס.מרוכז מסק1ל,סנו,IL,מקסימה ס.מרוכז,ליטרים,1.00,ליטר,false,0,14.90,14.90,true,1,
7290012117565,false,כפפות לטקס 100 י,,IL,כפפות לטקס 100 י,יחידה,1.00,יחידה,false,0,27.00,27.00,true,1,
7290012117572,false,כפפות לטקס 100יח,,IL,כפפות לטקס 100יח,יחידה,1.00,יחידה,false,0,27.00,27.00,true,1,
7290012117589,false,כפפות מידהL לטקס  100יח,סנו,IL,כפפות לטקס 100יח,יחידה,1.00,יחידה,false,0,27.00,27.00,true,1,
7290012117626,false,אורביטול קיד מי פה 250מל,קוסמופארם,,אורביטול מי פה,מיליליטרים,250.00,"100 מ""ל",false,0,15.20,6.08,true,1,
7290012117732,false,מרכך כב.מקסימה 4COOLליטר,סנו,,מרכך מקסימה COOL,ליטרים,4.00,ליטר,false,0,19.80,4.95,true,1,
7290012117916,false,אינסטלטור נוזלי,,IL,אינסטלטור נוזלי,ליטרים,1.00,ליטר,false,0,29.90,29.90,true,1,
7290012159329,false,מיונז בצנצנת,,LT,מיונז בצנצנת,גרמים,860.00,100 גרם,false,0,22.10,2.57,true,1,
7290012193330,false,אדג' ג'ל אנרג'י כתום200מ,אנרג'ייזר,US,אדג' ג'ל גילוח,מיליליטרים,200.00,"100 מ""ל",false,0,17.60,8.80,true,1,
7290012227592,false,זוג כפרית חרמון+תה300*2ג,זוגלובק,IL,זוג כפרית חרמון+תה300*2ג,גרמים,600.00,100 גרם,false,0,28.90,4.82,true,1,
7290012227608,false,חרמון+ברביקיו 300*2 גרם,זוגלובק,IL,חרמון+ברביקיו 300*2 גרם,גרמים,600.00,100 גרם,false,0,32.90,5.48,true,1,
7290012227615,false,נקניקיות עוף 800 גרם,זוגלובק,IL,נקניקיות עוף 800 גרם,גרמים,800.00,100 גרם,false,0,23.90,2.99,true,1,
7290012227622,false,חרמון כפרית דבש 400 גרם,זוגלובק,IL,חרמון כפרית דבש 400 גרם,גרמים,400.00,100 גרם,false,0,21.90,5.48,true,1,
7290012227776,false,פסטרמה הודו 400 גרם,זוגלובק,IL,פסטרמה הודו,גרמים,400.00,100 גרם,false,1,19.90,4.98,true,1,
7290012227783,false,תה מעושן מחפוד 400 גרם,זוגלובק,IL,תה מעושן,גרמים,400.00,100 גרם,false,1,19.90,4.98,true,1,
7290012275401,false,"בירה מולר 500 מ""ל","סולימר מבשלת בירה בע""מ",PL,בירה מולר,מיליליטרים,500.00,"100 מ""ל",false,0,4.20,0.84,true,1,
7290012335020,false,סוכריות שעון דחוסות,,CN,סוכריות שעון דחוסות,גרמים,420.00,100 גרם,false,0,18.90,4.50,true,1,
7290012335815,false,פופקורן למיקרוגל,,US,פופקורן למיקרוגל,גרמים,500.00,100 גרם,false,0,10.90,2.18,true,1,
7290012367700,false,ק.גוף אפקטיב קר שיבול700,פישר  מעבדות  פרמצבטיות,IL,קרם גוף,מיליליטרים,700.00,"100 מ""ל",false,0,25.90,3.70,true,1,
7290012367717,false,ק.ידיים שיבולת שועל 150מ,פישר  מעבדות  פרמצבטיות,,קרם ידיים,מיליליטרים,150.00,"100 מ""ל",false,0,12.40,8.27,true,1,
7290012404146,false,שוופס מוגז תפוחים1.5ל',יפאורה שותפות מובגלת לשיווק,IL,שוופס מוגז תפוחים1.5ל',ליטרים,1.50,ליטר,false,0,6.00,4.00,true,1,
7290012404160,false,שוופס מוגז אשכולית1.5ל,יפאורה שותפות מובגלת לשיווק,IL,שוופס מוגז אשכולית1.5ל,ליטרים,1.50,ליטר,false,0,6.00,4.00,true,1,
7290012404238,false,שוופס ראש'ן 1.5 ליטר,יפאורה שותפות מובגלת לשיווק,IL,שוופס ראש'ן 1.5 ליטר,ליטרים,1.50,ליטר,false,0,7.90,5.27,true,1,
7290012404283,false,תפוזינה מנגו עסיס 1.5 ל',יפאורה שותפות מובגלת לשיווק,IL,תפוזינה מנגו,ליטרים,1.50,ליטר,false,0,5.90,3.93,true,1,
7290012404320,false,ספרינג ענבים 1.5 ליטר,יפאורה שותפות מובגלת לשיווק,IL,ספרינג ענבים,ליטרים,1.50,ליטר,false,0,5.90,3.93,true,1,
7290012404627,false,נקטר ספרינג תפוח גזר 1ל',יפאורה שותפות מובגלת לשיווק,IL,נקטר ספרינג תפוח גזר 1ל',ליטרים,1.00,ליטר,false,0,4.80,4.80,true,1,
7290012404863,false,ספרינג תה מנגו אפרסק1.5ל,יפאורה שותפות מובגלת לשיווק,IL,ספרינג תה מנגו אפרסק1.5ל,ליטרים,1.50,ליטר,false,0,5.90,3.93,true,1,
7290012413179,false,ארל גריי ברגמוט100שק1.5*,ויסוצקי,IL,ארל גריי ברגמוט,גרמים,150.00,100 גרם,false,0,27.40,18.27,true,1,
7290012413636,false,תה ירוק צ'אי מסאלה 25שק',ויסוצקי,,תה ירוק צ'אי,גרמים,38.00,100 גרם,false,0,22.00,57.89,true,1,
7290012413902,false,תה ירוק ליצ'י 1.5גרם25Xש,ויסוצקי,,תה ירוק ליצ'י 1.5גרם25Xש,גרמים,38.00,100 גרם,false,0,22.00,57.89,true,1,
7290012454127,false,פופיס פיקנטי 8יח35Xגרם,מיה,IL,פופיס פיקנטי,גרמים,280.00,100 גרם,false,0,8.80,3.14,true,1,
7290012454134,false,פופסים פיצה8יח35Xגרם,מיה,IL,פופיס פיצה,גרמים,280.00,100 גרם,false,0,8.80,3.14,true,1,
7290012454141,false,פופיס בצל 8יח35Xגרם,מיה,IL,פופיס בצל מארז,גרמים,280.00,100 גרם,false,0,8.80,3.14,true,1,
7290012454172,false,סוכריות ללא סוכר תות 80ג,מיה,IL,סוכריות ללא סוכר תות 80ג,גרמים,80.00,100 גרם,false,0,5.80,7.25,true,1,
7290012454202,false,סוכ.ללא סוכר ריבת חלב80ג,מיה,IL,סוכריות ללא סוכר,גרמים,80.00,100 גרם,false,0,5.80,7.25,true,1,
7290012454592,false,סוכ.דבש לימון ללאסוכר80ג,מיה,IL,סוכ.דבש לימון ללאסוכר80ג,גרמים,80.00,100 גרם,false,0,5.80,7.25,true,1,
7290012454608,false,תן צ'אפ ברביקיו 50 גרם,מיה,IL,תן צ'אפ ברביקיו 50 גרם,גרמים,50.00,100 גרם,false,0,3.50,7.00,true,1,
7290012454936,false,סילאן 720 גרם,מיה,IL,סילאן 720 גרם,גרמים,720.00,100 גרם,false,0,19.00,2.64,true,1,
7290012454943,false,150 חמוציות שלמות במגשית,מיה,IL,150 חמוציות שלמות במגשית,גרמים,150.00,100 גרם,false,0,12.90,8.60,true,1,
7290012522581,false,שניצל תירס טבעול ל.גלוטן,טבעול,,שניצל תירס,גרמים,664.00,100 גרם,false,0,27.90,4.20,true,1,
7290012522987,false,שניצל תירס 2קג,טבעול,IL,שניצל תירס,קילוגרמים,2.00,"ק""ג",false,0,51.90,25.95,true,1,
7290012557507,false,סוכריות ברכות 700 גרם,,IL,סוכריות ברכות 700 גרם,גרמים,700.00,100 גרם,false,0,19.90,2.84,true,1,
7290012557569,false,צנצנת גולים,,IL,צנצנת גולים,גרמים,180.00,100 גרם,false,0,8.00,4.44,true,1,
7290012557675,false,טורטייה מהדרין,,ES,טורטייה מהדרין,גרמים,320.00,100 גרם,false,0,12.90,4.03,true,1,
7290012557910,false,טורטייה גדול,,TR,טורטייה גדול,גרמים,420.00,100 גרם,false,0,12.90,3.07,true,1,
7290012557927,false,טורטייה קמח מלא,,TR,טורטייה קמח מלא,גרמים,420.00,100 גרם,false,0,12.90,3.07,true,1,
7290012576607,false,"קברנה פרמייר 750 מ""ל",יקבי ברקן,IL,פרמייר קברנה,מיליליטרים,750.00,"100 מ""ל",false,0,26.90,3.59,true,1,
7290012697081,false,סוכרזית סטיוויה 100 שק',"ביסקול בע""מ",IL,סוכרזית סטיוויה,גרמים,100.00,100 גרם,false,0,29.20,29.20,true,1,
7290012697371,false,סוכרלייט 150 טבליות,"ביסקול בע""מ",IL,סוכרלייט,גרמים,150.00,100 גרם,false,0,19.90,13.27,true,1,
7290012697388,false,סוכרזית סטיוויה כפית100ג,"ביסקול בע""מ",IL,סוכרזית סטיוויה,גרמים,100.00,100 גרם,false,0,36.90,36.90,true,1,
7290012738845,false,"ביסקוויט 1.2 ק""ג",,IL,"ביסקוויט 1.2 ק""ג",קילוגרמים,1.20,"ק""ג",false,0,16.90,14.08,true,1,
7290012767036,false,FIX נוזל לניקוי אסלות WC,יורומיס,TR,נוזל ניקוי אסלות,ליטרים,1.00,ליטר,false,1,4.90,4.90,true,1,
7290012767128,false,נוזל לניקוי חלונות 1ליטר,יורומיס,TR,FIXנוזל ניקוי,ליטרים,1.00,ליטר,false,1,4.90,4.90,true,1,
7290012767135,false,"FIX אבקת כביסה 10 ק""ג",יורומיס,TR,"FIXא.כ 10 ק""ג",קילוגרמים,10.00,"ק""ג",false,1,44.90,4.49,true,1,
7290012767319,false,BEBEחיתולי פרימיום מידי,PAKSEL,TR,BEBEטיטולים,יחידה,1.00,יחידה,false,1,26.90,26.90,true,1,
7290012767326,false,BEBEחיתולי פרימיום מקסי,PAKSEL,TR,BEBEטיטולים,יחידה,1.00,יחידה,false,1,26.90,26.90,true,1,
7290012767333,false,BEBEחיתולי פרימיום .36יח,PAKSEL,TR,BEBEטיטולים,יחידה,1.00,יחידה,false,1,26.90,26.90,true,1,
7290012767357,false,מרכך כביסה ABC כחול 4 לי,DETERJON ABC,TR,מרכך כביסה,ליטרים,4.00,ליטר,false,1,14.90,3.73,true,1,
7290012767814,false,מרכך כביסה ABC ורוד 4 לי,DETERJON ABC,TR,מרכך כביסה,ליטרים,4.00,ליטר,false,1,14.90,3.73,true,1,
7290012767821,false,מרכך כביסה ABC לבן 4 ל,DETERJON ABC,TR,מרכך כביסה,ליטרים,4.00,ליטר,false,1,14.90,3.73,true,1,
7290012767838,false,מרכך כביסה ABC שחור 4 לי,DETERJON ABC,TR,מרכך כביסה,ליטרים,4.00,ליטר,false,1,14.90,3.73,true,1,
7290012767845,false,מרכך כביסה ABC זהב 4 ל,DETERJON ABC,TR,מרכך כביסה,ליטרים,4.00,ליטר,false,1,14.90,3.73,true,1,
7290012823374,false,אנטי קאלק מטליות 50 יח',סנו,,מטליות אנטי קאלק,יחידה,1.00,יחידה,false,0,15.10,15.10,true,1,
7290012823381,false,מקסימה ס.מרוכז סנסטיב 1ל,סנו,IL,מרכך כביסה,ליטרים,1.00,ליטר,false,0,14.90,14.90,true,1,
7290012823541,false,10 מטל.לחות לריצפה ריצפז,סנו,IL,מטליות ריצפה,יחידה,1.00,יחידה,false,0,12.90,12.90,true,1,
7290012823558,false,10מטליות לחות לרצפה סושי,סנו,IL,מטליות רצפה לחות,יחידה,1.00,יחידה,false,0,11.90,11.90,true,1,
7290012823657,false,"שק.מילוי רסס כבס 750 מ""ל",סנו,IL,סנוקל שק.מילוי,מיליליטרים,750.00,"100 מ""ל",false,0,12.70,1.69,true,1,
7290012823794,false,אל סבון כיף יסמין 2 ליטר,קוסמופארם,IL,אל סבון כיף,ליטרים,2.00,ליטר,false,0,19.90,9.95,true,1,
7290012823800,false,תח.רחצה כיף חלב קוקוס750,קוסמופארם,IL,תחליב רחצה כיף,מיליליטרים,750.00,"100 מ""ל",false,0,9.90,1.32,true,1,
7290012823817,false,תח.רחצה כיף חלב לבנדר750,קוסמופארם,IL,תחליב רחצה כיף,מיליליטרים,750.00,"100 מ""ל",false,0,9.90,1.32,true,1,
7290012849947,false,דייסת 8 דגנים 200 גרם,נאופארם,IL,דייסת 8 דגנים,גרמים,200.00,100 גרם,false,0,12.90,6.45,true,1,
7290012849985,false,מחית תפוח עץ 100 גרם,נאופארם,IL,מחית תפוח,גרמים,100.00,100 גרם,false,0,5.50,5.50,true,1,
7290012850011,false,מחית תפוחי עץ 190 גרם,נאופארם,IL,מחית תפוחי עץ,גרמים,190.00,100 גרם,false,0,4.90,2.58,true,1,
7290012850028,false,מחית תפוח ובננה 190 גרם,נאופארם,IL,מחית תפוח ובננה,גרמים,190.00,100 גרם,false,0,4.90,2.58,true,1,
7290012850042,false,מחית תפוח עם וניל190ג,נאופארם,IL,מחית תפוח וניל,גרמים,190.00,100 גרם,false,0,4.90,2.58,true,1,
7290012929410,false,טריבולה פירות 600גר,,BR,טריבולה פירות 600גר,גרמים,600.00,100 גרם,false,0,20.20,3.37,true,1,
7290012929434,false,טריבולה טופי,,BR,טריבולה טופי,גרמים,600.00,100 גרם,false,0,20.20,3.37,true,1,
7290012929670,false,מיני רול ג'מבו 770 גרם,,CA,מיני רול ג'מבו 770 גרם,גרמים,770.00,100 גרם,false,0,37.40,4.86,true,1,
7290012929687,false,קקאו הולנדי,,IL,קקאו הולנדי,גרמים,150.00,100 גרם,false,0,10.00,6.67,true,1,
7290012929779,false,פסטה ספירלה חיטה מלא500ג,,TR,פסטה ספירלה חיטה מלא500ג,גרמים,500.00,100 גרם,false,0,3.90,0.78,true,1,
7290012929786,false,פסטה צינורות חיטה מלא500,,TR,פסטה צינורות חיטה מלא500,גרמים,500.00,100 גרם,false,0,3.90,0.78,true,1,
7290012929793,false,ספגטי מחיטה מלאה 500 גרם,,TR,ספגטי מחיטה מלאה 500 גרם,גרמים,500.00,100 גרם,false,0,3.90,0.78,true,1,
7290012929960,false,שלישיית טונה,,TH,שלישיית טונה,גרמים,450.00,100 גרם,false,0,14.90,3.31,true,1,
7290012931857,false,מצע לייבוש כלים +מיקרופי,,IL,מצע לייבוש כלים +מיקרופי,יחידה,1.00,יחידה,false,0,10.00,10.00,true,1,
7290012938580,false,מש.סנסודיין הלבנה עדינ75,גלקסוסמיתקליין,,משחת סנסודיין,מיליליטרים,75.00,"100 מ""ל",false,0,25.40,33.87,true,1,
7290012983047,false,סילאן 900גרם,,IL,סילאן 900גרם,גרמים,900.00,100 גרם,false,0,18.00,2.00,true,1,
7290012984228,false,מאגדת מנגו פסיפלורה 6יח,נסטלה,IL,מאגדת מנגו פסיפלורה 6יח,גרמים,468.00,100 גרם,false,0,22.90,4.89,true,1,
7290013010001,false,"עגבניות מרוסקות בד""צ260ג",זנלכל,IL,"עגבניות מרוסקות בד""צ260ג",גרמים,260.00,100 גרם,false,0,4.00,1.54,true,1,
7290013010018,false,"רוטב פסטה זנלכל בד""צ260ג",זנלכל,IL,"רוטב פסטה זנלכל בד""צ260ג",גרמים,260.00,100 גרם,false,0,4.00,1.54,true,1,
7290013010025,false,"רוטב פיצה בד""צ 260 גרם",זנלכל,IL,"רוטב פיצה בד""צ 260 גרם",גרמים,260.00,100 גרם,false,0,4.00,1.54,true,1,
7290013010032,false,"רוטב שקשוקה בד""צ 260 גרם",זנלכל,IL,"רוטב שקשוקה בד""צ 260 גרם",גרמים,260.00,100 גרם,false,0,4.00,1.54,true,1,
7290013010094,false,ר.בולונז פרי מבורך260 גר,זנלכל,IL,ר.בולונז פרי מבורך260 גר,גרמים,260.00,100 גרם,false,0,4.00,1.54,true,1,
7290013010254,false,בסיס עגבניות לבישול260 ג,זנלכל,IL,בסיס עגבניות לבישול260 ג,גרמים,260.00,100 גרם,false,0,4.00,1.54,true,1,
7290013038005,false,ג'אמפ תפוחים 1.5 ליטר,טמפו,IL,ג'אמפ תפוחים,ליטרים,1.50,ליטר,false,0,5.30,3.53,true,1,
7290013080295,false,באגסי ברביקיו,,IL,באגסי ברביקיו,גרמים,400.00,100 גרם,false,0,8.90,2.23,true,1,
7290013080301,false,באגסי גריל,,IL,באגסי גריל,גרמים,400.00,100 גרם,false,0,8.90,2.23,true,1,
7290013080479,false,באגסי בצל,,IL,באגסי בצל,גרמים,400.00,100 גרם,false,0,8.90,2.23,true,1,
7290013117212,false,בורקס פילו גבינה 600 גרם,"מעדנות בע""מ",IL,בורקס פילו גבינה 600 גרם,גרמים,600.00,100 גרם,false,0,19.90,3.32,true,1,
7290013117526,false,בצק שמרים למאפים מתוקים,"מעדנות בע""מ",IL,בצק שמרים,יחידה,1.00,יחידה,false,0,23.30,23.30,true,1,
7290013121103,false,רביעיית באגטים שליש 400ג,,IL,רביעיית באגטים שליש 400ג,גרמים,400.00,100 גרם,false,0,15.90,3.98,true,1,
7290013121158,false,רביעיית לחמניות,,,רביעיית לחמניות,יחידה,1.00,יחידה,false,0,17.50,17.50,true,1,
7290013121165,false,שישיית לחמניות נקניקיה,,IL,שישיית לחמניות נקניקיה,גרמים,460.00,100 גרם,false,0,17.50,3.80,true,1,
7290013121585,false,עוגיות שוקולד צ'יפס 200ג,,IL,עוגיות שוקולד צ'יפס 200ג,גרמים,200.00,100 גרם,false,0,24.20,12.10,true,1,
7290013144171,false,תערובת עוגת שוקולד560גרם,א.ל ייצור ושיווק תבלינים,IL,תערובת לעוגה,גרמים,560.00,100 גרם,false,0,15.20,2.71,true,1,
7290013144218,false,תערובת עוגת וניל 560 גרם,א.ל ייצור ושיווק תבלינים,IL,תערובת עוגה וניל,גרמים,560.00,100 גרם,false,0,15.20,2.71,true,1,
7290013144287,false,ג'לי תות 85 גרם,א.ל ייצור ושיווק תבלינים,,ג'לי תות,גרמים,85.00,100 גרם,false,0,5.50,6.47,true,1,
7290013144393,false,"תמצית בטעם וניל 50 מ""ל",א.ל ייצור ושיווק תבלינים,IL,תמצית וניל,מיליליטרים,50.00,"100 מ""ל",false,0,3.30,6.60,true,1,
7290013144409,false,"תמצית בטעם רום 50 מ""ל",א.ל ייצור ושיווק תבלינים,IL,תמצית רום,מיליליטרים,50.00,"100 מ""ל",false,0,3.30,6.60,true,1,
7290013144416,false,"תמצית בטעם שקדים 50 מ""ל",א.ל ייצור ושיווק תבלינים,IL,תמצית שקדים,מיליליטרים,50.00,"100 מ""ל",false,0,3.30,6.60,true,1,
7290013144522,false,"צבע מאכל ירוק 50 מ""ל",א.ל ייצור ושיווק תבלינים,IL,"צבע מאכל ירוק 50 מ""ל",מיליליטרים,50.00,"100 מ""ל",false,0,4.00,8.00,true,1,
7290013144539,false,"צבע מאכל אדום 50 מ""ל",א.ל ייצור ושיווק תבלינים,IL,צבע מאכל אדום,מיליליטרים,50.00,"100 מ""ל",false,0,3.90,7.80,true,1,
7290013144751,false,סירופ בטעם מייפל 500גרם,גלעם,IL,סירופ טעם מייפל,גרמים,500.00,100 גרם,false,0,13.90,2.78,true,1,
7290013144768,false,סירופ בטעם שוקולד 500גרם,גלעם,IL,סירופ טעם שוקולד,גרמים,500.00,100 גרם,false,0,13.90,2.78,true,1,
7290013145215,false,שומשום 400 גרם,א.ל ייצור ושיווק תבלינים,IL,שומשום,גרמים,400.00,100 גרם,false,0,12.10,3.03,true,1,
7290013145390,false,שוקולד צ'יפס 250 גרם,אינטרגטה,IL,שוקולד צ'יפס,גרמים,250.00,100 גרם,false,0,8.30,3.32,true,1,
7290013145406,false,שוקולד צ'יפס לבן 250 גרם,אינטרגטה,IL,שוקולד צ'יפס,גרמים,250.00,100 גרם,false,0,8.10,3.24,true,1,
7290013145437,false,שוקולד צ'יפס 48% 250 גרם,אינטרגטה,IL,שוקולד צ'יפס,גרמים,250.00,100 גרם,false,0,12.20,4.88,true,1,
7290013145567,false,מיני מיני עדשים 90 גרם,א.ל ייצור ושיווק תבלינים,,מיני מיני עדשים,גרמים,90.00,100 גרם,false,0,10.10,11.22,true,1,
7290013145628,false,סוכ.צבעוניות לקישוט 200ג,א.ל ייצור ושיווק תבלינים,IL,סוכריות צבעוניות,גרמים,200.00,100 גרם,false,0,8.90,4.45,true,1,
7290013145840,false,סוכר וניל בצלופן 10 יח',"י.כהן בע""מ",IL,סוכר וניל בצלופן 10 יח',יחידה,1.00,יחידה,false,0,2.00,2.00,true,1,
7290013145857,false,אבקת אפיה בצלופן 10 יח',"י.כהן בע""מ",IL,אבקת אפיה בצלופן 10 יח',יחידה,1.00,יחידה,false,0,2.00,2.00,true,1,
7290013145864,false,ג'לטין טהור אבקה 28 גרם,א.ל ייצור ושיווק תבלינים,IL,ג'לטין טהור,גרמים,28.00,100 גרם,false,0,10.10,36.07,true,1,
7290013145901,false,סודה לשתיה 100 גרם,א.ל ייצור ושיווק תבלינים,IL,סודה לשתיה,גרמים,100.00,100 גרם,false,0,1.90,1.90,true,1,
7290013145918,false,אבקת סוכר 100 גרם,א.ל ייצור ושיווק תבלינים,IL,אבקת סוכר,גרמים,100.00,100 גרם,false,0,1.90,1.90,true,1,
7290013145925,false,קורנפלור 100 גרם,א.ל ייצור ושיווק תבלינים,IL,קורנפלור,גרמים,100.00,100 גרם,false,0,2.00,2.00,true,1,
7290013145956,false,שמרים יבשים בוואקום500ג,אנג'ל איסט,CN,שמרים יבשים,גרמים,500.00,100 גרם,false,0,15.00,3.00,true,1,
7290013146014,false,מלית אוכמניות %70פרי400ג,אינטרגטה,IL,מלית אוכמניות,גרמים,400.00,100 גרם,false,0,15.20,3.80,true,1,
7290013146069,false,מלית שוקולד 400 גרם,אינטרגטה,IL,מלית שוקולד,גרמים,400.00,100 גרם,false,0,10.10,2.53,true,1,
7290013146199,false,קרם נוגט 350 גרם,אינטרגטה,IL,קרם נוגט,גרמים,350.00,100 גרם,false,0,15.00,4.29,true,1,
7290013153395,false,פריגת סחוט רימונים 1ליטר,פריגת,IL,מיץ סחוט רימונים,ליטרים,1.00,ליטר,false,1,20.20,20.20,true,1,
7290013195142,false,דג בקלה טחון 500 גרם,,IL,דג בקלה טחון 500 גרם,גרמים,500.00,100 גרם,false,0,19.90,3.98,true,1,
7290013195203,false,קרפיון טחון 500 גרם,,IL,קרפיון טחון 500 גרם,גרמים,500.00,100 גרם,false,0,28.90,5.78,true,1,
7290013195272,false,געפילטע הונגרי,,IL,געפילטע הונגרי,גרמים,500.00,100 גרם,false,0,19.90,3.98,true,1,
7290013195289,false,געפילטע פיש ירוש,,IL,געפילטע פיש ירוש,גרמים,500.00,100 גרם,false,0,19.90,3.98,true,1,
7290013268020,false,מקסימה סופר מרוכז פרש 1ל,סנו,IL,מרכך כביסה,ליטרים,1.00,ליטר,false,0,14.90,14.90,true,1,
7290013268037,false,מקסימה ס.מרוכז לבנדר 1ל',סנו,IL,מרכך כביסה,ליטרים,1.00,ליטר,false,0,14.90,14.90,true,1,
7290013268198,false,תחליב רחצה כיף מאסק 750מ,קוסמופארם,IL,תחליב רחצה כיף,מיליליטרים,750.00,"100 מ""ל",false,0,9.90,1.32,true,1,
7290013268907,false,מקסימה ג'ל לכביסה 3ל,סנו,IL,מקסימה ג'ל,ליטרים,3.00,ליטר,false,0,31.90,10.63,true,1,
7290013269003,false,מקסימה מרכך בייבי 1 ליטר,סנו,IL,מקסימה מרכך,ליטרים,1.00,ליטר,false,0,18.90,18.90,true,1,
7290013269263,false,מקסימה ג'ל,,IL,מקסימה ג'ל,ליטרים,3.00,ליטר,false,0,31.90,10.63,true,1,
7290013269287,false,ג'ל כביסה מרוכז,,IL,ג'ל כביסה מרוכז,ליטרים,3.00,ליטר,false,0,31.90,10.63,true,1,
7290013269300,false,ניילון נצמד פלוס,,IL,ניילון נצמד פלוס,מטרים,150.00,מטר,false,0,26.70,0.18,true,1,
7290013269645,false,מטליות לחות,,IL,מטליות לחות,יחידה,1.00,יחידה,false,0,12.90,12.90,true,1,
7290013269652,false,פוליויקס מאסק,,IL,פוליויקס מאסק,ליטרים,2.00,ליטר,false,0,22.60,11.30,true,1,
7290013269669,false,ריצפז פנטזיה,,IL,ריצפז פנטזיה,ליטרים,3.00,ליטר,false,0,11.80,3.93,true,1,
7290013269690,false,סנובון לאסלה,,IL,סנובון לאסלה,מיליליטרים,55.00,"100 מ""ל",false,0,11.00,20.00,true,1,
7290013269706,false,סנובון ג'ל לאסלה,,IL,סנובון ג'ל לאסלה,מיליליטרים,55.00,"100 מ""ל",false,0,11.00,20.00,true,1,
7290013302182,false,פריכיות תירס במליחות130ג,,BE,פריכיות תירס במליחות130ג,גרמים,130.00,100 גרם,false,0,6.50,5.00,true,1,
7290013302212,false,"קמח כוסמין מנופה 1 ק""ג",,,"קמח כוסמין מנופה 1 ק""ג",קילוגרמים,1.00,"ק""ג",false,0,19.20,19.20,true,1,
7290013302229,false,"קמח מלא %70 מנופה 1 ק""ג",,IL,"קמח מלא %70 מנופה 1 ק""ג",קילוגרמים,1.00,"ק""ג",false,0,12.70,12.70,true,1,
7290013302236,false,פסטה פרפלה ג'מבו 500 גרם,,TR,פסטה פרפלה ג'מבו 500 גרם,גרמים,500.00,100 גרם,false,0,3.40,0.68,true,1,
7290013302243,false,פסטה מסולסלת 500 גרם,,TR,פסטה מסולסלת 500 גרם,גרמים,500.00,100 גרם,false,0,3.40,0.68,true,1,
7290013302250,false,פסטה פרח 500 גרם,,TR,פסטה פרח 500 גרם,גרמים,500.00,100 גרם,false,0,3.40,0.68,true,1,
7290013302267,false,מחיות בייבי,,,מחיות בייבי,קילוגרמים,1.14,"ק""ג",false,0,22.00,19.30,true,1,
7290013302274,false,מחיות בייבי תפוח 190*6גר,,CZ,מחיות בייבי תפוח 190*6גר,קילוגרמים,1.14,"ק""ג",false,0,22.00,19.30,true,1,
7290013302304,false,מחיות בייבי ס.פירות190*6,,,מחיות בייבי ס.פירות190*6,קילוגרמים,1.14,"ק""ג",false,0,22.00,19.30,true,1,
7290013302311,false,מחיות בייבי אפרסק 190X6ג,,CZ,מחיות בייבי אפרסק 190X6ג,קילוגרמים,1.14,"ק""ג",false,0,22.00,19.30,true,1,
7290013302328,false,מחיות בייבי משמש 190*6גר,,CZ,מחיות בייבי משמש 190*6גר,קילוגרמים,1.14,"ק""ג",false,0,22.00,19.30,true,1,
7290013302403,false,מחיות פריטוב בננות 130X6,,CZ,מחיות פריטוב בננות 130X6,גרמים,780.00,100 גרם,false,0,18.90,2.42,true,1,
7290013302519,false,"שמן זית מעודן 750 מ""ל",,ES,"שמן זית מעודן 750 מ""ל",מיליליטרים,750.00,"100 מ""ל",false,0,28.50,3.80,true,1,
7290013302748,false,סוכריות טופי,,BR,סוכריות טופי,גרמים,600.00,100 גרם,false,0,18.80,3.13,true,1,
7290013302755,false,סוכריות זיסי ממולא 600 ג,,BR,סוכריות זיסי ממולא 600 ג,גרמים,600.00,100 גרם,false,0,18.80,3.13,true,1,
7290013302779,false,טריבלה תות 600 גרם,,BR,טריבלה תות 600 גרם,גרמים,600.00,100 גרם,false,0,20.20,3.37,true,1,
7290013358356,false,פירורי לחם מוזהבים350גרם,עינת,IL,פירורי לחם,גרמים,350.00,100 גרם,false,0,7.90,2.26,true,1,
7290013358363,false,פרורי לחם יפני מוזהב300ג,עינת,IL,פרורי לחם יפני,גרמים,300.00,100 גרם,false,0,9.90,3.30,true,1,
7290013358431,false,קרוטונים אפויים לסלט200ג,עינת,IL,קרוטונים לסלט,גרמים,200.00,100 גרם,false,0,11.90,5.95,true,1,
7290013358615,false,מילבו במילוי נוגט 750גרם,מנה,,מילבובמילוי נוגט,גרמים,750.00,100 גרם,false,0,16.90,2.25,true,1,
7290013358639,false,מילבו במילוי שוקו 750גרם,מנה,IL,מילבו מילוי שוקו,גרמים,750.00,100 גרם,false,0,16.90,2.25,true,1,
7290013440648,false,מאגדת אבטיח 5יח,נסטלה,IL,מאגדת אבטיח 5יח,גרמים,540.00,100 גרם,false,0,23.90,4.43,true,1,
7290013440785,false,מאגדת קרחוני לייט לימון,נסטלה,IL,מאגדת קרחוני לייט לימון,גרמים,560.00,100 גרם,false,0,25.20,4.50,true,1,
7290013472205,false,פטריות שמפניון,,NL,פטריות שמפניון,גרמים,400.00,100 גרם,false,0,3.90,0.98,true,1,
7290013474377,false,בייגלה דקים מלח ים300גרם,יוניליוור,IL,בייגלה דקים,גרמים,300.00,100 גרם,false,0,9.90,3.30,true,1,
7290013474384,false,בייגלה דקים שמנת בצל300ג,יוניליוור,IL,בייגלה דקים,גרמים,300.00,100 גרם,false,0,9.90,3.30,true,1,
7290013474438,false,בייגלה דקים שומשום300גרם,יוניליוור,IL,בייגלה דקים,גרמים,300.00,100 גרם,false,0,9.90,3.30,true,1,
7290013504012,false,פנתר נוזל קלאסיק שחור75מ,,IL,פנתר נוזל קלאסיק שחור75מ,מיליליטרים,75.00,"100 מ""ל",false,0,6.00,8.00,true,1,
7290013525260,false,חציל במיונז 160 גרם,סלטי שמיר,IL,חציל במיונז 160 גרם,גרמים,160.00,100 גרם,false,0,4.00,2.50,true,1,
7290013525277,false,מטבוחה 160 גרם,סלטי שמיר,IL,מטבוחה 160 גרם,גרמים,160.00,100 גרם,false,0,4.00,2.50,true,1,
7290013525543,false,"חומוס מזרחי 1 ק""ג",סלטי שמיר,IL,"חומוס מזרחי 1 ק""ג",קילוגרמים,1.00,"ק""ג",false,0,11.90,11.90,true,1,
7290013525789,false,עריסה מרוקאית 150 גרם,סלטי שמיר,IL,עריסה מרוקאית 150 גרם,גרמים,150.00,100 גרם,false,0,7.90,5.27,true,1,
7290013525796,false,סחוג תימני 150 גרם,סלטי שמיר,IL,סחוג תימני 150 גרם,גרמים,150.00,100 גרם,false,0,7.90,5.27,true,1,
7290013525802,false,סחוג אדום 150 גרם,סלטי שמיר,IL,סחוג אדום 150 גרם,גרמים,150.00,100 גרם,false,0,7.90,5.27,true,1,
7290013525819,false,שום כתוש 150 גרם,סלטי שמיר,IL,שום כתוש 150 גרם,גרמים,150.00,100 גרם,false,0,7.90,5.27,true,1,
7290013531414,false,רוטב פומודורו פרי מבורך,זנלכל,IL,רוטב פומודורו פרי מבורך,גרמים,260.00,100 גרם,false,0,4.00,1.54,true,1,
7290013540584,false,סרדינים בשמן צמחי 125גרם,תעשיות פילטונה,MA,סרדינים בשמן צמח,גרמים,125.00,100 גרם,false,0,4.90,3.92,true,1,
7290013584175,false,ספרייט 1.5*6 ליטר,החברה המרכזית לייצור משקאות,IL,ספרייט 1.5*6 ליטר,ליטרים,9.00,ליטר,false,0,35.90,3.99,true,1,
7290013584182,false,ספרייט 1.5 ליטר,החברה המרכזית לייצור משקאות,IL,ספרייט 1.5 ליטר,ליטרים,1.50,ליטר,false,0,6.20,4.13,true,1,
7290013584816,false,"משק""ל פריגת לימונענע1.5ל",פריגת,IL,"משק""ל פריגת",ליטרים,1.50,ליטר,false,0,6.20,4.13,true,1,
7290013585240,false,ספרייט זירו 1.5 ליטר,החברה המרכזית לייצור משקאות,IL,ספרייט זירו 1.5 ליטר,ליטרים,1.50,ליטר,false,1,6.20,4.13,true,1,
7290013585271,false,ספרייט זירו 1.5*6 ליטר,החברה המרכזית לייצור משקאות,IL,ספרייט זירו 1.5*6 ליטר,ליטרים,9.00,ליטר,false,1,35.90,3.99,true,1,
7290013585325,false,קוקה קולה 2*6 ליטר,החברה המרכזית לייצור משקאות,IL,קוקה קולה 6 יח,ליטרים,12.00,ליטר,false,1,44.90,3.74,true,1,
7290013585356,false,פיוז תה פירות יער 1.5ל',מבשלות בירה בינלאומיות,IL,פיוז תה פירות יער 1.5ל',ליטרים,1.50,ליטר,false,1,6.90,4.60,true,1,
7290013585370,false,קוקה קולה 2 ליטר,החברה המרכזית לייצור משקאות,IL,קוקה קולה,ליטרים,2.00,ליטר,false,1,7.50,3.75,true,1,
7290013585462,false,קוקה קולה זירו 2*6 ליטר,החברה המרכזית לייצור משקאות,IL,קוקה קולה זירו 2*6 ליטר,ליטרים,12.00,ליטר,false,1,44.90,3.74,true,1,
7290013608260,false,מיץ רימונים סחוט טרי 1ל',גניר,IL,מיץ רימונים,ליטרים,1.00,ליטר,false,0,22.20,22.20,true,1,
7290013608352,false,מיץ תפוזים 100% 3 ליטר,גניר,IL,מיץ תפוזים 100% 3 ליטר,ליטרים,3.00,ליטר,false,1,31.90,10.63,true,1,
7290013625151,false,מיץ ענבים לבן 1 ליטר,,ES,מיץ ענבים לבן 1 ליטר,ליטרים,1.00,ליטר,false,0,13.90,13.90,true,1,
7290013625274,false,שמן קנולה מועשר 1 ליטר,,IL,שמן קנולה מועשר 1 ליטר,ליטרים,1.00,ליטר,false,0,10.90,10.90,true,1,
7290013625311,false,גרעיני תירס,,TH,גרעיני תירס,גרמים,340.00,100 גרם,false,0,3.90,1.15,true,1,
7290013625465,false,פיטריות שלמות 290 גרם,,NL,פיטריות שלמות 290 גרם,גרמים,290.00,100 גרם,false,0,7.20,2.48,true,1,
7290013625489,false,פרכיות חיטה מלאה 130 גרם,,BE,פרכיות חיטה מלאה 130 גרם,גרמים,130.00,100 גרם,false,0,5.90,4.54,true,1,
7290013625670,false,חומץ סינטטי 1 ליטר,,IL,חומץ סינטטי 1 ליטר,ליטרים,1.00,ליטר,false,0,3.90,3.90,true,1,
7290013625922,false,איטריות דקות 400 גרם,,TR,איטריות דקות 400 גרם,גרמים,400.00,100 גרם,false,0,4.10,1.03,true,1,
7290013625939,false,איטריות דקיקות 400 גרם,,TR,איטריות דקיקות 400 גרם,גרמים,400.00,100 גרם,false,0,4.10,1.03,true,1,
7290013677112,false,בורגול 500 גרם,מיה,IL,בורגול 500 גרם,גרמים,500.00,100 גרם,false,0,8.90,1.78,true,1,
7290013677174,false,אורז מלא 500 גרם,מיה,IL,אורז מלא 500 גרם,גרמים,500.00,100 גרם,false,0,10.10,2.02,true,1,
7290013677181,false,אורז יסמין 500 גרם,מיה,IL,אורז יסמין 500 גרם,גרמים,500.00,100 גרם,false,0,10.10,2.02,true,1,
7290013677198,false,אורז בסמטי 500 גרם,מיה,IL,אורז בסמטי 500 גרם,גרמים,500.00,100 גרם,false,0,12.10,2.42,true,1,
7290013677259,false,זעתר בשקית 50 גרם,מיה,IL,זעתר בשקית 50 גרם,גרמים,50.00,100 גרם,false,0,3.90,7.80,true,1,
7290013677266,false,תבלין לפיצה בשקית 80 גרם,מיה,IL,תבלין לפיצה בשקית 80 גרם,גרמים,80.00,100 גרם,false,0,3.90,4.88,true,1,
7290013677273,false,גריל דג שקית 80 גרם,מיה,IL,גריל דג שקית 80 גרם,גרמים,80.00,100 גרם,false,0,3.90,4.88,true,1,
7290013677280,false,ציפורן שלם בשקית 40 גרם,מיה,IL,ציפורן שלם בשקית 40 גרם,גרמים,40.00,100 גרם,false,0,3.90,9.75,true,1,
7290013677297,false,אבקת בצל שקית 80 גרם,מיה,IL,אבקת בצל שקית 80 גרם,גרמים,80.00,100 גרם,false,0,3.90,4.88,true,1,
7290013677303,false,חוויג' תימני בשקית 50 גר,מיה,IL,חוויג' תימני בשקית 50 גר,גרמים,50.00,100 גרם,false,0,3.90,7.80,true,1,
7290013677310,false,גריל בשר בשקית 80 גרם,מיה,IL,גריל בשר בשקית 80 גרם,גרמים,80.00,100 גרם,false,0,3.90,4.88,true,1,
7290013677327,false,אבקת קארי בשקית 80 גרם,מיה,IL,אבקת קארי בשקית 80 גרם,גרמים,80.00,100 גרם,false,0,3.90,4.88,true,1,
7290013677334,false,תבלין על האש 50 גרם,מיה,IL,תבלין על האש 50 גרם,גרמים,50.00,100 גרם,false,0,3.90,7.80,true,1,
7290013677372,false,ג'לי בינס תפוחדובדבן100ג,מיה,IL,ג'לי בינס תפוחדובדבן100ג,גרמים,100.00,100 גרם,false,0,6.90,6.90,true,1,
7290013677419,false,תן צ'אפשמנת בצל 50 גרם,מיה,IL,תן צ'אפשמנת בצל 50 גרם,גרמים,50.00,100 גרם,false,0,3.50,7.00,true,1,
7290013677679,false,סודה לשתיה בשקית 80 גרם,מיה,IL,סודה לשתיה בשקית 80 גרם,גרמים,12.00,100 גרם,false,0,3.90,32.50,true,1,
7290013677686,false,פפריקה מרוקאית בשקית80ג,מיה,IL,פפריקה מרוקאית בשקית80ג,גרמים,80.00,100 גרם,false,0,3.90,4.88,true,1,
7290013677808,false,"אורז יסמין 1 ק""ג",מיה,IL,"אורז יסמין 1 ק""ג",קילוגרמים,1.00,"ק""ג",false,0,9.90,9.90,true,1,
7290013677822,false,"גריסי פנינה 1 ק""ג",מיה,IL,גריסי פנינה 1 ק,קילוגרמים,1.00,"ק""ג",false,0,8.90,8.90,true,1,
7290013677846,false,"כוסמת 1 ק""ג",מיה,IL,"כוסמת 1 ק""ג",קילוגרמים,1.00,"ק""ג",false,0,13.20,13.20,true,1,
7290013683601,false,עוגת קצפת היער השחור1.3ק,גידרון,IL,עוגת קצפת,קילוגרמים,1.30,"ק""ג",false,0,77.90,59.92,true,1,
7290013683625,false,עוגת קצפת ריבת חלב 1.3קג,גידרון,IL,עוגת קצפת,קילוגרמים,1.30,"ק""ג",false,0,77.90,59.92,true,1,
7290013683632,false,עוגת קצפת עם אגוזים1.3קג,גידרון,IL,עוגת קצפת,קילוגרמים,1.30,"ק""ג",false,0,77.90,59.92,true,1,
7290013702029,false,שוופס מים טעם אפרסק 1.5ל,יפאורה שותפות מובגלת לשיווק,IL,שוופס מים טעם אפרסק 1.5ל,ליטרים,1.50,ליטר,false,0,5.50,3.67,true,1,
7290013702043,false,שוופס מים טעם ענבים 1.5ל,יפאורה שותפות מובגלת לשיווק,IL,שוופס מים טעם ענבים 1.5ל,ליטרים,1.50,ליטר,false,0,5.50,3.67,true,1,
7290013702371,false,שוופס מים בטעם תפוח 1.5ל,יפאורה שותפות מובגלת לשיווק,IL,שוופס מים בטעם תפוח 1.5ל,ליטרים,1.50,ליטר,false,0,5.50,3.67,true,1,
7290013702463,false,שוופס מוגז למונייד 1.5 ל,יפאורה שותפות מובגלת לשיווק,IL,שוופס מוגז למונייד 1.5 ל,ליטרים,1.50,ליטר,false,0,6.00,4.00,true,1,
7290013702470,false,שוופס מוגז לימונדה ורודה,יפאורה שותפות מובגלת לשיווק,IL,שוופס מוגז לימונדה ורודה,ליטרים,1.50,ליטר,false,0,6.00,4.00,true,1,
7290013702494,false,שוופס מוגז למון ליים1.5ל,יפאורה שותפות מובגלת לשיווק,IL,שוופס למון ליים,ליטרים,1.50,ליטר,false,0,6.00,4.00,true,1,
7290013702555,false,שוופס מוגז עדין אננס1.5ל,יפאורה שותפות מובגלת לשיווק,IL,שוופס מוגז עדין אננס1.5ל,ליטרים,15.00,ליטר,false,0,6.00,0.40,true,1,
7290013702968,false,שוופס למ.ליים דיאט1.5*6ל,יפאורה שותפות מובגלת לשיווק,IL,שוופס למ.ליים דיאט1.5*6ל,ליטרים,9.00,ליטר,false,0,34.30,3.81,true,1,
7290013702999,false,שוופס מוגז גוארנה1.5ל,יפאורה שותפות מובגלת לשיווק,IL,שוופס מוגז גוארנה1.5ל,ליטרים,1.50,ליטר,false,0,6.00,4.00,true,1,
7290013847379,false,טונה סטארקיסט בשמן 6יח,סטארקיסט,IL,טונה סטארקיסט,גרמים,840.00,100 גרם,false,1,29.90,3.56,true,1,
7290013847492,false,טונה סטארקיסט במים 6יח,סטארקיסט,IL,טונה סטארקיסט,גרמים,840.00,100 גרם,false,1,29.90,3.56,true,1,
7290013847607,false,סטארקיסט לסלט שמן שום160,סטארקיסט,IL,סטארקיסט לה סלט,גרמים,160.00,100 גרם,false,1,7.90,4.94,true,1,
7290013847614,false,סטארקיסט לסלט ויניגרט160,סטארקיסט,IL,סטארקיסט לה סלט,גרמים,160.00,100 גרם,false,1,7.90,4.94,true,1,
7290013847621,false,סטארקיסט לסלט קייסר160ג,סטארקיסט,IL,סטארקיסט לה סלט,גרמים,160.00,100 גרם,false,1,7.90,4.94,true,1,
7290013848130,false,תחליב רח.כיף אוקיינוס750,קוסמופארם,IL,תחליב רח.כיף אוקיינוס750,מיליליטרים,750.00,"100 מ""ל",false,0,9.90,1.32,true,1,
7290013848970,false,דאו.קרמה ספריי קלאס150מ,קוסמופארם,IL,דאודורנט קרמה,מיליליטרים,150.00,"100 מ""ל",false,0,19.90,13.27,true,1,
7290013906281,false,"נקניקיות מהדרין 1 ק""ג",טירת צבי,IL,נקניקיות מהדרין,קילוגרמים,1.00,"ק""ג",false,0,32.90,32.90,true,1,
7290013906298,false,נקניקיות קהילות 400 גרם,טירת צבי,IL,נקניקיות קהילות,גרמים,400.00,100 גרם,false,0,13.90,3.48,true,1,
7290013906304,false,פסטרמה גחלים קהילות 400ג,טירת צבי,IL,פסטרמה 400 גרם,גרמים,400.00,100 גרם,false,0,34.90,8.73,true,1,
7290013906311,false,פסטרמה מעושנת קהילות400ג,טירת צבי,IL,פסטרמה 400 גרם,גרמים,400.00,100 גרם,false,0,34.90,8.73,true,1,
7290013906335,false,צמד נקניק מהדרין 600 גרם,טירת צבי,IL,צמד נקניק 600 גר,גרמים,600.00,100 גרם,false,0,29.90,4.98,true,1,
7290013927101,false,"עוגה ללא סוכר תפו""ע450ג","אחדות בע""מ א.ת. ברקן",IL,"עוגה ללא סוכר תפו""ע450ג",גרמים,450.00,100 גרם,false,0,14.10,3.13,true,1,
7290013927156,false,עוגה ללא סוכר פ.יער450ג,"אחדות בע""מ א.ת. ברקן",IL,עוגה ללא סוכר פ.יער450ג,גרמים,450.00,100 גרם,false,0,14.10,3.13,true,1,
7290013927323,false,עוגת בראוניס 400 גרם,"אחדות ביח""ר לטחינה",IL,עוגת בראוניס,גרמים,400.00,100 גרם,false,0,11.90,2.98,true,1,
7290013997180,false,"נקניקיה דלישס צמחי 1 ק""ג",טבעול,IL,נקניקיה דלישס,גרמים,1000.00,100 גרם,false,0,37.90,3.79,true,1,
7290013997210,false,שניצל תירס טבעול חר. 750,טבעול,IL,שניצל תירס טבעול,גרמים,750.00,100 גרם,false,0,27.90,3.72,true,1,
7290013997357,false,"נקנקיה צמחי טבעול 1ק""ג",טבעול,IL,נקנקיה צמחי טבעו,גרמים,1000.00,100 גרם,false,0,34.90,3.49,true,1,
7290013997371,false,נקנק.צמח.טבעול אריז2קג,טבעול,IL,נקניקיות טבעול,קילוגרמים,2.00,"ק""ג",false,0,59.90,29.95,true,1,
7290014002135,false,תה ירוק מיקס 25 שקיקים,ויסוצקי,IL,תה ירוק מיקס,גרמים,37.00,100 גרם,false,0,22.00,59.46,true,1,
7290014002173,false,תה ירוק תפוז 25ש1.5*גר,ויסוצקי,IL,תה ירוק תפוז,גרמים,75.00,100 גרם,false,0,22.00,29.33,true,1,
7290014002197,false,חליטת קמומיל ולימונית25ש,ויסוצקי,IL,חליטת קמומיל,גרמים,75.00,100 גרם,false,0,16.00,21.33,true,1,
7290014002203,false,חליטת לימונים לואיזה 25ש,ויסוצקי,IL,חליטת לימונים,גרמים,75.00,100 גרם,false,0,16.00,21.33,true,1,
7290014002586,false,חליטת חורף ג'ינג'ר דבש20,ויסוצקי,IL,חליטת ג'ינגר+דבש,גרמים,30.00,100 גרם,false,0,15.10,50.33,true,1,
7290014002593,false,חליטת ג'ינג'ר+לימון20שק,ויסוצקי,IL,חליטת ג'ינג'ר+לי,גרמים,25.00,100 גרם,false,0,15.10,60.40,true,1,
7290014002609,false,תה ירוק פטל 25שק',ויסוצקי,IL,תה ירוק פטל,גרמים,38.00,100 גרם,false,0,22.00,57.89,true,1,
7290014002678,false,חליטת ארכינצאה סמבוק20שק,ויסוצקי,IL,חליטת ארכינצאה,גרמים,30.00,100 גרם,false,0,15.10,50.33,true,1,
7290014002685,false,חליטת אקליפטוס הדר20שק,ויסוצקי,IL,חליטת אקליפטוס,גרמים,30.00,100 גרם,false,0,15.10,50.33,true,1,
7290014002982,false,תה ירוק סטיביה+לימונית25,ויסוצקי,IL,תה ירוק סטיביה+לימונית25,גרמים,37.00,100 גרם,false,0,22.00,59.46,true,1,
7290014072008,false,חסה מהדרין 1 יחידה,"י.ש.ירקות עלים בע""מ",IL,חסה מהדרין,יחידה,1.00,יחידה,false,1,6.90,6.90,true,1,
7290014072015,false,פטרוזיליה מהדרין 1 יחידה,"י.ש.ירקות עלים בע""מ",IL,פטרוזיליה מהדרין,יחידה,1.00,יחידה,false,1,5.90,5.90,true,1,
7290014072022,false,שמיר מהדרין 1 יחידה,"י.ש.ירקות עלים בע""מ",IL,שמיר מהדרין,יחידה,1.00,יחידה,false,1,5.90,5.90,true,1,
7290014072046,false,נענע מהדרין 1 יחידה,"י.ש.ירקות עלים בע""מ",IL,נענע מהדרין 1 יחידה,יחידה,1.00,יחידה,false,1,5.90,5.90,true,1,
7290014072053,false,בצל ירוק מהדרין 1 יחידה,"י.ש.ירקות עלים בע""מ",IL,בצל ירוק מהדרין 1 יחידה,יחידה,1.00,יחידה,false,1,5.90,5.90,true,1,
7290014072060,false,סלרי מהדרין 1 יחידה,"י.ש.ירקות עלים בע""מ",IL,סלרי מהדרין,יחידה,1.00,יחידה,false,1,6.90,6.90,true,1,
7290014072084,false,כרוב לבן מהדרין 1 יחידה,"י.ש.ירקות עלים בע""מ",IL,כרוב לבן מהדרין,קילוגרמים,0.00,"ק""ג",true,1,14.00,14.00,true,1,
7290014072794,false,חסה אייסברג 300 גרם,קטיף,IL,חסה אייסברג 300 גרם,גרמים,300.00,100 גרם,false,1,15.90,5.30,true,1,
7290014072800,false,"כרוב לבן בד""ץ 400 גרם","י.ש.ירקות עלים בע""מ",IL,"כרוב לבן בד""ץ 400 גרם",גרמים,400.00,100 גרם,false,1,9.90,2.48,true,1,
7290014072817,false,"כרוב אדום בד""ץ 400 גרם","י.ש.ירקות עלים בע""מ",IL,"כרוב אדום בד""ץ",גרמים,400.00,100 גרם,false,1,9.90,2.48,true,1,
7290014072831,false,"קולסלאו בד""ץ 400 גרם","י.ש.ירקות עלים בע""מ",IL,"קולסלאו בד""ץ 400 גרם",גרמים,400.00,100 גרם,false,1,9.90,2.48,true,1,
7290014072848,false,לקט לסלט 350 גרם,קטיף,IL,לקט לסלט 350 גרם,גרמים,350.00,100 גרם,false,1,15.90,4.54,true,1,
7290014083806,false,עוגיות טעם חמאה,,PT,עוגיות טעם חמאה,גרמים,350.00,100 גרם,false,0,11.90,3.40,true,1,
7290014090040,false,אפונה 1.5קג,,,אפונה 1.5קג,קילוגרמים,1.50,"ק""ג",false,0,14.90,9.93,true,1,
7290014090057,false,שעועית שלמה,,IL,שעועית שלמה,קילוגרמים,1.50,"ק""ג",false,0,14.90,9.93,true,1,
7290014090064,false,שעועית חתוכה,,IL,שעועית חתוכה,קילוגרמים,1.50,"ק""ג",false,0,14.90,9.93,true,1,
7290014090088,false,אפונה וגזר,,IL,אפונה וגזר,קילוגרמים,1.50,"ק""ג",false,0,14.90,9.93,true,1,
7290014090095,false,ירקות העונה,,IL,ירקות העונה,קילוגרמים,1.50,"ק""ג",false,0,14.90,9.93,true,1,
7290014090453,false,במיה קפוא 600 גרם,.,IL,במיה קפוא 600 גרם,גרמים,600.00,100 גרם,false,15,13.90,2.32,true,1,
7290014090477,false,גרעיני תירס מוקפאים 1.5,,IL,גרעיני תירס מוקפאים 1.5,קילוגרמים,1.50,"ק""ג",false,0,14.90,9.93,true,1,
7290014090576,false,פולי סויה 450 גרם,,IL,פולי סויה 450 גרם,גרמים,450.00,100 גרם,false,0,8.90,1.98,true,1,
7290014090620,false,תחתיות  ארטישוק 600גרם,.,IL,תחתיות  ארטישוק 600גרם,גרמים,600.00,100 גרם,false,15,19.90,3.32,true,1,
7290014126213,false,מר מאסל רב שימושי 750 מל,AMBALAJ APS,TR,מר מאסל רב שימוש,מיליליטרים,750.00,"100 מ""ל",false,0,20.10,2.68,true,1,
7290014126275,false,נוזל לרצפות פרחי בר2.5ל,AMBALAJ APS,TR,מר מאסל לרצפות,ליטרים,2.50,ליטר,false,0,29.80,11.92,true,1,
7290014126282,false,נוזל לרצפות לבנדר2.5ל,AMBALAJ APS,TR,מר מאסל לרצפות,ליטרים,2.50,ליטר,false,0,29.80,11.92,true,1,
7290014134744,false,תחליב רחצה קליאו סגול750,"ביסקול בע""מ",IL,תחליב רחצה קליאו,מיליליטרים,750.00,"100 מ""ל",false,0,9.00,1.20,true,1,
7290014134751,false,תחליב רחצה קליאו ירוק750,"ביסקול בע""מ",IL,תחליב רחצה קליאו,מיליליטרים,750.00,"100 מ""ל",false,0,9.00,1.20,true,1,
7290014241589,false,מיקס אגוזים 150גרם,פיצוחי הטיב,IL,מיקס אגוזים,גרמים,150.00,100 גרם,false,0,14.90,9.93,true,1,
7290014241619,false,בוטנים מצופים מתובל200ג,"גי אנד גי בע""מ",IL,בוטנים מצופים,גרמים,200.00,100 גרם,false,1,6.90,3.45,true,1,
7290014241763,false,קשיו טבעי 200גרם,פיצוחי הטיב,IL,קשיו טבעי 200גרם,גרמים,200.00,100 גרם,false,0,17.90,8.95,true,1,
7290014241800,false,געלה קלוי 200גרם,פיצוחי הטיב,IL,געלה קלוי 200גרם,גרמים,200.00,100 גרם,false,0,9.90,4.95,true,1,
7290014258389,false,מטרנה מהדרין ספיישל 400,נסטלה,IL,מטרנה 400גרם,גרמים,400.00,100 גרם,false,0,44.90,11.23,true,1,
7290014258716,false,מטרנה צמחית 700 גרם,נסטלה,IL,מטרנה צמחי,גרמים,700.00,100 גרם,false,0,53.30,7.61,true,1,
7290014258723,false,מטרנה צמחית 0-12 700ג,נסטלה,IL,מטרנה צמחית,גרמים,700.00,100 גרם,false,0,61.00,8.71,true,1,
7290014258730,false,מטרנה צמחית מגיל שנה700ג,נסטלה,IL,מטרנה צמחית,גרמים,700.00,100 גרם,false,0,61.00,8.71,true,1,
7290014325036,false,סוכריות גלי שמחות 600 גר,מיה,IL,סוכריות גלי שמחות 600 גר,גרמים,600.00,100 גרם,false,0,19.00,3.17,true,1,
7290014325050,false,קורנפלור 500 גרם,מיה,IL,קורנפלור 500 גרם,גרמים,500.00,100 גרם,false,0,8.00,1.60,true,1,
7290014325128,false,לקקנים פירות טרופים220 ג,מיה,IL,לקקנים פירות טרופים220 ג,גרמים,220.00,100 גרם,false,0,9.30,4.23,true,1,
7290014325135,false,קונפיטורה אוכמניות 340 ג,מיה,IL,קונפיטורה אוכמניות 340 ג,גרמים,340.00,100 גרם,false,0,12.90,3.79,true,1,
7290014397200,false,3 מברשות שיניים אורביטול,קוסמופארם,IL,מברשות שיניים,יחידה,1.00,יחידה,false,0,15.10,15.10,true,1,
7290014397279,false,שקיות מזון,,IL,שקיות מזון,יחידה,1.00,יחידה,false,0,12.30,12.30,true,1,
7290014397286,false,מרכך כביסה מרוכז,,IL,מרכך כביסה מרוכז,ליטרים,1.00,ליטר,false,0,14.90,14.90,true,1,
7290014397293,false,מרכך מרוכז פריחה לבנה1ל,,IL,מרכך מרוכז פריחה לבנה1ל,ליטרים,1.00,ליטר,false,0,14.90,14.90,true,1,
7290014397514,false,סנופרש כותנה,,IL,סנופרש כותנה,מיליליטרים,350.00,"100 מ""ל",false,0,19.90,5.69,true,1,
7290014397521,false,סנופרש לבנדר,,IL,סנופרש לבנדר,מיליליטרים,350.00,"100 מ""ל",false,0,19.90,5.69,true,1,
7290014397675,false,מרכך כביסה 4ליטר,,IL,מרכך כביסה 4ליטר,ליטרים,4.00,ליטר,false,0,19.80,4.95,true,1,
7290014397750,false,סנו אבן קיסר שיש,,IL,סנו אבן קיסר שיש,מיליליטרים,500.00,"100 מ""ל",false,0,24.90,4.98,true,1,
7290014397767,false,ריצפז פרש הום,,IL,ריצפז פרש הום,ליטרים,2.00,ליטר,false,0,19.70,9.85,true,1,
7290014397781,false,ריצפז פרש סבון מפנק 2ל',,IL,ריצפז פרש סבון מפנק 2ל',ליטרים,2.00,ליטר,false,0,19.70,9.85,true,1,
7290014435360,false,חומוס עם רוטב חריף 400 ג,סלטי שמיר,IL,חומוס עם רוטב חריף 400 ג,גרמים,400.00,100 גרם,false,0,8.90,2.23,true,1,
7290014435377,false,חומוס מסבחה 400 גרם,סלטי שמיר,IL,חומוס מסבחה 400 גרם,גרמים,400.00,100 גרם,false,0,8.90,2.23,true,1,
7290014435384,false,חומוס עם טחינה 400 גרם,סלטי שמיר,IL,חומוס עם טחינה 400 גרם,גרמים,400.00,100 גרם,false,0,8.90,2.23,true,1,
7290014435391,false,חומוס עם גרגירים 400 גרם,סלטי שמיר,IL,חומוס עם גרגירים 400 גרם,גרמים,400.00,100 גרם,false,0,8.90,2.23,true,1,
7290014435704,false,סלמון מעושן 100 גרם,סלטי שמיר,IL,סלמון מעושן 100 גרם,גרמים,100.00,100 גרם,false,0,15.90,15.90,true,1,
7290014435803,false,8מטיאס הולנדי עם בצל180ג,סלטי שמיר,IL,8מטיאס הולנדי עם בצל180ג,גרמים,180.00,100 גרם,false,0,15.90,8.83,true,1,
7290014435810,false,הרינג כבוש עם בצל 180גרם,סלטי שמיר,IL,הרינג כבוש עם בצל 180גרם,גרמים,180.00,100 גרם,false,0,15.90,8.83,true,1,
7290014435841,false,פילה מטיאס הולנדי שמן180,סלטי שמיר,IL,פילה מטיאס הולנדי שמן180,גרמים,180.00,100 גרם,false,0,15.90,8.83,true,1,
7290014435872,false,סלט הרינג עם מיונז 180גר,סלטי שמיר,IL,סלט הרינג עם מיונז 180גר,גרמים,180.00,100 גרם,false,0,15.90,8.83,true,1,
7290014435889,false,סלט מטיאס עם מיונז 180גר,סלטי שמיר,IL,סלט מטיאס עם מיונז 180גר,גרמים,180.00,100 גרם,false,0,15.90,8.83,true,1,
7290014459052,false,"שניצל תירס תפוגן 1.800ק""",תפוגן,IL,שניצל תירס תפוגן,קילוגרמים,1.80,"ק""ג",false,0,41.90,23.28,true,1,
7290014459069,false,נקניקיות מן הצומח 1.800ק,תפוגן,IL,נקניקיות מן הצומ,קילוגרמים,1.80,"ק""ג",false,0,44.90,24.94,true,1,
7290014466128,false,"אינדיגו הר חרמון 750 מ""ל",יקבי רמת הגולן קצרין,IL,הר חרמון אינדיגו,מיליליטרים,750.00,"100 מ""ל",false,0,34.90,4.65,true,1,
7290014471023,false,צ'וקטה עוגיות 70 גרם,תות ממתקי איכות,IL,צ'וקטה עוגיות,גרמים,70.00,100 גרם,false,0,4.90,7.00,true,1,
7290014473409,false,"חומץ טבעי כשל""פ 1 ליטר",,IL,"חומץ טבעי כשל""פ 1 ליטר",ליטרים,1.00,ליטר,false,0,6.90,6.90,true,1,
7290014473577,false,רסק תפוחי עץ 550 גרם,,CZ,רסק תפוחי עץ 550 גרם,גרמים,550.00,100 גרם,false,0,9.90,1.80,true,1,
7290014473584,false,"רסק תפו""ע ללא סוכר 550 ג",,CZ,"רסק תפו""ע ללא סוכר 550 ג",גרמים,550.00,100 גרם,false,0,9.90,1.80,true,1,
7290014473591,false,"רסק תפו""ע ובננה 550 גרם",,CZ,"רסק תפו""ע ובננה 550 גרם",גרמים,550.00,100 גרם,false,0,9.90,1.80,true,1,
7290014473607,false,"רסק תפו""ע ואפרסק 550 גרם",,CZ,"רסק תפו""ע ואפרסק 550 גרם",גרמים,550.00,100 גרם,false,0,9.90,1.80,true,1,
7290014473614,false,"רסק תפו""ע ומשמש 550 גרם",,CZ,"רסק תפו""ע ומשמש 550 גרם",גרמים,550.00,100 גרם,false,0,9.90,1.80,true,1,
7290014562370,false,פריכוני כוסמת,,IL,פריכוני כוסמת,גרמים,50.00,100 גרם,false,0,3.90,7.80,true,1,
7290014562387,false,גרגרים נמסים קמומיל 200,,IL,גרגרים נמסים קמומיל 200,גרמים,200.00,100 גרם,false,0,18.90,9.45,true,1,
7290014562394,false,גרגרים נמסים שומר 200 גר,,IL,גרגרים נמסים שומר 200 גר,גרמים,200.00,100 גרם,false,0,18.90,9.45,true,1,
7290014562585,false,דייסה בטעם וניל 200 גרם,,IL,דייסה בטעם וניל 200 גרם,גרמים,200.00,100 גרם,false,0,9.30,4.65,true,1,
7290014562691,false,פריכיות תירס 130 גרם,בטר אנד דיפרנט,IL,פריכיות תירס,גרמים,130.00,100 גרם,false,1,6.90,5.31,true,1,
7290014562868,false,סילאן טבעי,,,סילאן טבעי,יחידה,1.00,יחידה,false,0,25.90,25.90,true,1,
7290014571020,false,געפילטע פיש,,IL,געפילטע פיש,גרמים,500.00,100 גרם,false,0,24.90,4.98,true,1,
7290014571044,false,וויטפיש ביתי מיוחד 500 ג,,IL,וויטפיש ביתי מיוחד 500 ג,גרמים,500.00,100 גרם,false,0,29.90,5.98,true,1,
7290014673359,false,מלח לימון,,IL,מלח לימון,גרמים,400.00,100 גרם,false,0,21.20,5.30,true,1,
7290014683419,false,עוגת יום הולדת שוקולד יח,גידרון,IL,עוגת שוקולד,יחידה,1.00,יחידה,false,0,57.00,57.00,true,1,
7290014725294,false,סוכרזית סוכרלוז 100שקיות,"ביסקול בע""מ",IL,סוכרזית סוכרלוז 100שקיות,גרמים,100.00,100 גרם,false,0,19.90,19.90,true,1,
7290014745360,false,שניצל מעדן ביתי רובין600,עוף טוב,IL,שניצל מעדן ביתי,גרמים,600.00,100 גרם,false,0,39.40,6.57,true,1,
7290014745391,false,חטיפי שניצל רובין 700גרם,עוף טוב,IL,חטיפי שניצל,גרמים,700.00,100 גרם,false,0,23.90,3.41,true,1,
7290014745414,false,שניצל דק ענק רובין 700גר,עוף טוב,IL,שניצל דק ענק,גרמים,700.00,100 גרם,false,0,31.40,4.49,true,1,
7290014745636,false,קציצות קלאסת הודו 100%,עוף טוב,IL,קציצות קלאסת הוד,גרמים,600.00,100 גרם,false,0,29.90,4.98,true,1,
7290014745735,false,עוף טוב נקניקיות רובין 7,עוף טוב,IL,עוף טוב נקניקיות,גרמים,720.00,100 גרם,false,0,23.90,3.32,true,1,
7290014745919,false,ע. ט. שניצל עוף דק700גרם,עוף טוב,IL,עוף ט. שניצל עוף,גרמים,700.00,100 גרם,false,0,32.60,4.66,true,1,
7290014746480,false,אצבעות שניצל שומשום מופח,אסם,IL,אצבעות שניצל שומ,גרמים,700.00,100 גרם,false,1,39.90,5.70,true,1,
7290014746541,false,מיני שניצל מהודו 700 גר',פיליפס,IL,מיני שניצל הודו,גרמים,700.00,100 גרם,false,1,29.90,4.27,true,1,
7290014746961,false,שניצל בציפוי מעודן700גרם,עוף טוב,IL,שניצל ביתי 700גר,גרמים,700.00,100 גרם,false,1,37.90,5.41,true,1,
7290014746985,false,שניצל דק ענק 700 גרם,עוף טוב,IL,שניצל דק ענק,גרמים,700.00,100 גרם,false,1,29.90,4.27,true,1,
7290014747005,false,חטיפי שניצל 700 גרם,עוף טוב,IL,חטיפי שניצל 700ג,גרמים,700.00,100 גרם,false,1,24.90,3.56,true,1,
7290014758346,false,מעדן סויה שוק2%. 125*2גר,,IL,מעדן סויה שוק2%. 125*2גר,גרמים,250.00,100 גרם,false,0,8.50,3.40,true,1,
7290014758360,false,מעדן סויה תות1.6% 125*2ג,,IL,מעדן סויה תות1.6% 125*2ג,גרמים,250.00,100 גרם,false,0,8.50,3.40,true,1,
7290014758377,false,מע.סויה אפרסק1.6% 125*2ג,,IL,מע.סויה אפרסק1.6% 125*2ג,גרמים,250.00,100 גרם,false,0,8.50,3.40,true,1,
7290014758544,false,"חמאה בד""ץ 200 גרם",,IL,"חמאה בד""ץ 200 גרם",גרמים,200.00,100 גרם,false,0,7.50,3.75,true,1,
7290014758681,false,קוטג 1% 250 גרם,,IL,קוטג 1% 250 גרם,גרמים,250.00,100 גרם,false,0,5.50,2.20,true,1,
7290014759084,false,גבינת נפוליאון 16% 225גר,,IL,גבינת נפוליאון 16% 225גר,גרמים,225.00,100 גרם,false,0,12.70,5.64,true,1,
7290014759244,false,באדי תות 2 יח,,IL,באדי תות 2 יח,ליטרים,1.00,ליטר,false,0,14.90,14.90,true,1,
7290014759701,false,מאגדת יופלה,,IL,מאגדת יופלה,קילוגרמים,1.20,"ק""ג",false,0,17.90,14.92,true,1,
7290014760141,false,משקה שקדים טרי 1 ליטר,סוי מג'יק,IL,משקה שקדים,ליטרים,1.00,ליטר,false,1,11.90,11.90,true,1,
7290014760516,false,צפתית 5% סמי מעדניה 240ג,,IL,צפתית 5% סמי מעדניה 240ג,גרמים,240.00,100 גרם,false,0,13.90,5.79,true,1,
7290014761018,false,גיל בטעם וניל,,IL,גיל בטעם וניל,גרמים,125.00,100 גרם,false,0,1.30,1.04,true,1,
7290014761056,false,יולו שוקולד חלב,,IL,יולו שוקולד חלב,גרמים,123.00,100 גרם,false,0,4.30,3.50,true,1,
7290014761070,false,יולו שוקולד לבן,,IL,יולו שוקולד לבן,גרמים,123.00,100 גרם,false,0,4.30,3.50,true,1,
7290014761193,false,פרילי פירות יער 125 גרם,תנובה,IL,פרילי פירות יער,גרמים,125.00,100 גרם,false,0,2.90,2.32,true,1,
7290014761230,false,נפוליאון פלפל+פפריקה225ג,,IL,נפוליאון פלפל+פפריקה225ג,גרמים,225.00,100 גרם,false,0,12.70,5.64,true,1,
7290014761247,false,מאגדת יופלה פרי 150*4גרם,תנובה,IL,מאגדת יופלה,גרמים,600.00,100 גרם,false,1,14.90,2.48,true,1,
7290014761254,false,מאגדת יוגורט,,IL,מאגדת יוגורט,קילוגרמים,1.20,"ק""ג",false,0,15.60,13.00,true,1,
7290014761261,false,"יופלה תות בד""צ 0% 150 גר",תנובה,IL,יופלה תות,גרמים,150.00,100 גרם,false,1,4.00,2.67,true,1,
7290014761278,false,"יופלה בד""צ אננס 0% 150 ג",תנובה,IL,יופלה אננס,גרמים,150.00,100 גרם,false,1,4.00,2.67,true,1,
7290014761292,false,"YYY תות בד""ץ",,IL,"YYY תות בד""ץ",גרמים,500.00,100 גרם,false,0,11.90,2.38,true,1,
7290014761377,false,קרלו שוקולד קצפת,,IL,קרלו שוקולד קצפת,גרמים,126.00,100 גרם,false,0,2.50,1.98,true,1,
7290014761384,false,מאגדת מיני קרלו קצפת 924,תנובה,IL,מאגדת מיני קרלו,גרמים,924.00,100 גרם,false,1,19.90,2.15,true,1,
7290014761438,false,בולגרית24% סמי מעדניה400,,IL,בולגרית24% סמי מעדניה400,גרמים,400.00,100 גרם,false,0,24.90,6.23,true,1,
7290014761520,false,יופלה דובדבן חמוצ150תחתי,תנובה,IL,יופלה פרי,גרמים,150.00,100 גרם,false,1,4.20,2.80,true,1,
7290014791077,false,ספרינג תה ענבים 1.5 ליטר,יפאורה שותפות מובגלת לשיווק,IL,ספרינג תה ענבים 1.5 ליטר,ליטרים,1.50,ליטר,false,0,5.90,3.93,true,1,
7290014791541,false,שוופס גולד ראשן 1.5 ליטר,יפאורה שותפות מובגלת לשיווק,IL,שוופס גולד ראשן 1.5 ליטר,ליטרים,1.50,ליטר,false,0,7.90,5.27,true,1,
7290014791558,false,שוופס סודה נענע לי1.5*4ל,יפאורה שותפות מובגלת לשיווק,IL,שוופס סודה נענע לי1.5*4ל,ליטרים,6.00,ליטר,false,0,9.90,1.65,true,1,
7290014791565,false,שוופס מוגז ענבים 1.5ליטר,יפאורה שותפות מובגלת לשיווק,IL,שוופס מוגז ענבים 1.5ליטר,ליטרים,1.50,ליטר,false,1,6.00,4.00,true,1,
7290014791596,false,תפוזינה לימונדה ורודה1.5,יפאורה שותפות מובגלת לשיווק,IL,תפוזינה לימונדה,ליטרים,1.50,ליטר,false,0,5.90,3.93,true,1,
7290014791770,false,פרוט ווטר ענבים 1.5 ליטר,יפאורה שותפות מובגלת לשיווק,IL,פרוט ווטר ענבים 1.5 ליטר,ליטרים,1.50,ליטר,false,1,6.90,4.60,true,1,
7290014791787,false,פרוט ווטר אננס 1.5 ליטר,יפאורה שותפות מובגלת לשיווק,IL,פרוט ווטר אננס 1.5 ליטר,ליטרים,1.50,ליטר,false,1,6.90,4.60,true,1,
7290014791794,false,פרוט ווטר תפוח 1.5 ליטר,יפאורה שותפות מובגלת לשיווק,IL,פרוט ווטר תפוח 1.5 ליטר,ליטרים,1.50,ליטר,false,1,6.90,4.60,true,1,
7290014791800,false,פרוט ווטר אפרסק 1.5 ליטר,יפאורה שותפות מובגלת לשיווק,IL,פרוט ווטר אפרסק 1.5 ליטר,ליטרים,1.50,ליטר,false,1,6.90,4.60,true,1,
7290014791817,false,פרוט ווטר אבטיח 1.5 ליטר,יפאורה שותפות מובגלת לשיווק,IL,פרוט ווטר אבטיח 1.5 ליטר,ליטרים,1.50,ליטר,false,1,6.90,4.60,true,1,
7290014907287,false,פילה הנילוס מחיר לפי משק,"ויקטוריה דאליט בע""מ",KE,פילה הנילוס,קילוגרמים,0.00,"ק""ג",true,1,34.90,34.90,true,1,
7290015037006,false,כרוב לבן 400גרם,קטיף,IL,כרוב לבן,גרמים,400.00,100 גרם,false,0,11.90,2.98,true,1,
7290015037013,false,כרוב אדום 400גרם,קטיף,IL,כרוב אדום 400גרם,גרמים,400.00,100 גרם,false,0,11.90,2.98,true,1,
7290015037020,false,סלט קולסלאו 400גרם,קטיף,IL,סלט קולסלאו 400גרם,גרמים,400.00,100 גרם,false,0,11.90,2.98,true,1,
7290015037037,false,חסה אייסברג 280גרם,קטיף,IL,חסה אייסברג 280ג,גרמים,280.00,100 גרם,false,0,14.90,5.32,true,1,
7290015037044,false,לקט ים תיכוני 320גרם,קטיף,IL,לקט ים תיכוני,גרמים,320.00,100 גרם,false,0,14.90,4.66,true,1,
7290015037136,false,עלי חסה שטופים במגשית160,קטיף,IL,עלי חסה שטופים במגשית160,גרמים,160.00,100 גרם,false,0,14.50,9.06,true,1,
7290015037143,false,"כרוב לבן ע.חרדית 1 ק""ג",קטיף,IL,כרוב לבן כשר,גרמים,1000.00,100 גרם,false,0,16.90,1.69,true,1,
7290015037150,false,"כרוב אדום ע.חרדית 1ק""ג",ירק נטו,IL,כרוב אדום כשר,גרמים,1000.00,100 גרם,false,0,16.90,1.69,true,1,
7290015037167,false,"סלט קולסלאו 1 ק""ג",קטיף,IL,"סלט קולסלאו 1ק""ג",גרמים,1000.00,100 גרם,false,0,16.90,1.69,true,1,
7290015037273,false,פטרוזליה אוצר הארץ יחידה,קטיף,IL,פטרוזליה אוצר הארץ יחידה,יחידה,1.00,יחידה,false,0,7.90,7.90,true,1,
7290015037297,false,שמיר אוצר הארץ יחידה,קטיף,IL,שמיר אוצר הארץ,יחידה,1.00,יחידה,false,0,7.90,7.90,true,1,
7290015037426,false,עלי סלק אוצר הארץ יחידה,קטיף,IL,עלי סלק אוצר הארץ יחידה,יחידה,1.00,יחידה,false,0,8.90,8.90,true,1,
7290015037495,false,"כוסברה כשרה יבול חו""ל יח",קטיף,XX,כוסברה חסלט,יחידה,1.00,יחידה,false,0,8.90,8.90,true,1,
7290015037501,false,"שמיר כשר יבול חו""ל יחידה",קטיף,XX,"שמיר כשר יבול חו""ל יחידה",יחידה,1.00,יחידה,false,0,8.90,8.90,true,1,
7290015037532,false,"סלרי כשר יבול חו""ל יחידה",קטיף,XX,סלרי כשר,יחידה,1.00,יחידה,false,0,9.90,9.90,true,1,
7290015037549,false,"חסה ערבית כשרה יבול חו""ל",קטיף,XX,"חסה ערבית כשרה יבול חו""ל",יחידה,1.00,יחידה,false,0,9.90,9.90,true,1,
7290015057066,false,עלי גפן 400 גרם,,CN,עלי גפן 400 גרם,גרמים,400.00,100 גרם,false,0,9.90,2.48,true,1,
7290015057080,false,פעקלך קטן,,IL,פעקלך קטן,יחידה,1.00,יחידה,false,0,4.00,4.00,true,1,
7290015057240,false,פופסים פיצה 18X20 גרם,,IL,פופסים פיצה 18X20 גרם,גרמים,360.00,100 גרם,false,0,11.90,3.31,true,1,
7290015057301,false,פסים חמוצים,,IL,פסים חמוצים,גרמים,300.00,100 גרם,false,0,9.90,3.30,true,1,
7290015057417,false,גומי דגים צבעוני,,TR,גומי דגים צבעוני,גרמים,300.00,100 גרם,false,0,9.90,3.30,true,1,
7290015057516,false,עוג.סנדביץ' שוקו,,IL,עוג.סנדביץ' שוקו,גרמים,240.00,100 גרם,false,0,6.40,2.67,true,1,
7290015057523,false,עוג.סנדביץ' וניל,,IL,עוג.סנדביץ' וניל,גרמים,240.00,100 גרם,false,0,6.40,2.67,true,1,
7290015139229,false,מטבעות שוקולד זהב סגול42,כרמית,IL,מטבעות שוקולד,גרמים,42.00,100 גרם,false,1,5.00,11.90,true,1,
7290015155311,false,שישיית פרינוק,,IL,שישיית פרינוק,קילוגרמים,1.14,"ק""ג",false,0,19.90,17.46,true,1,
7290015155328,false,שישיית פרינוק,,IL,שישיית פרינוק,קילוגרמים,1.14,"ק""ג",false,0,19.90,17.46,true,1,
7290015193252,false,"רוטב בסיס לבישול 640 מ""ל",ליאנג סאנג הואד לימיטד,TH,רוטב בסיס לבישול,מיליליטרים,640.00,"100 מ""ל",false,1,14.90,2.33,true,1,
7290015193306,false,מעדני מלך דובשניות 500 ג,אנגל שיבולים,IL,דובשניות,גרמים,500.00,100 גרם,false,1,11.90,2.38,true,1,
7290015282444,false,חומוס עם חריף 300 גרם,סלטי שמיר,IL,חומוס עם חריף 300 גרם,גרמים,300.00,100 גרם,false,0,9.50,3.17,true,1,
7290015282451,false,חומוס מזרחי 300 גרם,סלטי שמיר,IL,חומוס מזרחי 300 גרם,גרמים,300.00,100 גרם,false,0,9.50,3.17,true,1,
7290015282468,false,כרוב אדום 300 גרם,סלטי שמיר,IL,כרוב אדום 300 גרם,גרמים,300.00,100 גרם,false,0,10.00,3.33,true,1,
7290015282475,false,טחינה 300 גרם,סלטי שמיר,IL,טחינה 300 גרם,גרמים,300.00,100 גרם,false,0,9.50,3.17,true,1,
7290015282482,false,חציל במיונז 300 גרם,סלטי שמיר,IL,חציל במיונז 300 גרם,גרמים,300.00,100 גרם,false,0,9.50,3.17,true,1,
7290015282505,false,סלק 300 גרם,סלטי שמיר,IL,סלק 300 גרם,גרמים,300.00,100 גרם,false,0,10.00,3.33,true,1,
7290015282512,false,מטבוחה 300 גרם,סלטי שמיר,IL,מטבוחה 300 גרם,גרמים,300.00,100 גרם,false,0,10.00,3.33,true,1,
7290015282529,false,תורכי איסטנבול 300 גרם,סלטי שמיר,IL,תורכי איסטנבול 300 גרם,גרמים,300.00,100 גרם,false,0,10.00,3.33,true,1,
7290015282536,false,סלט תפוח אדמה 300 גרם,סלטי שמיר,IL,סלט תפוח אדמה 300 גרם,גרמים,300.00,100 גרם,false,0,10.00,3.33,true,1,
7290015282543,false,חציל בטחינה 300 גרם,סלטי שמיר,IL,חציל בטחינה 300 גרם,גרמים,300.00,100 גרם,false,0,10.00,3.33,true,1,
7290015282598,false,חומוס מסעדות 200 גרם,סלטי שמיר,IL,חומוס מסעדות 200 גרם,גרמים,200.00,100 גרם,false,0,8.50,4.25,true,1,
7290015282604,false,טחינה מיוחדת 200 גרם,סלטי שמיר,IL,טחינה מיוחדת 200 גרם,גרמים,200.00,100 גרם,false,0,9.00,4.50,true,1,
7290015282611,false,סלט ביצים 200 גרם,סלטי שמיר,IL,סלט ביצים 200 גרם,גרמים,200.00,100 גרם,false,0,18.00,9.00,true,1,
7290015282628,false,חציל בטעם כבד 200 גרם,סלטי שמיר,IL,חציל בטעם כבד 200 גרם,גרמים,200.00,100 גרם,false,0,13.50,6.75,true,1,
7290015282635,false,חומוס מסבחה 200 גרם,סלטי שמיר,IL,חומוס מסבחה 200 גרם,גרמים,200.00,100 גרם,false,0,9.00,4.50,true,1,
7290015282642,false,חומוס אבו גוש 200 גרם,סלטי שמיר,IL,חומוס אבו גוש 200 גרם,גרמים,200.00,100 גרם,false,0,8.50,4.25,true,1,
7290015282673,false,חציל במיונז ביתי 200 גרם,סלטי שמיר,IL,חציל במיונז ביתי 200 גרם,גרמים,200.00,100 גרם,false,0,10.90,5.45,true,1,
7290015282680,false,קישוא בטעם כבד 200 גרם,סלטי שמיר,IL,קישוא בטעם כבד 200 גרם,גרמים,200.00,100 גרם,false,0,14.00,7.00,true,1,
7290015282710,false,קוביות סלק 200 גרם,סלטי שמיר,IL,קוביות סלק 200 גרם,גרמים,200.00,100 גרם,false,0,9.00,4.50,true,1,
7290015282727,false,גזר מרוקאי 200 גרם,סלטי שמיר,IL,גזר מרוקאי 200 גרם,גרמים,200.00,100 גרם,false,0,9.00,4.50,true,1,
7290015320047,false,עוגיות בטעם חמאה 114 גרם,,IL,עוגיות בטעם חמאה 114 גרם,גרמים,114.00,100 גרם,false,0,6.60,5.79,true,1,
7290015339230,false,פסטה קנלוני 250 גרם,,IT,פסטה קנלוני 250 גרם,גרמים,250.00,100 גרם,false,0,10.90,4.36,true,1,
7290015339254,false,בילאגיו טריו,,TR,בילאגיו טריו,גרמים,400.00,100 גרם,false,0,5.60,1.40,true,1,
7290015339261,false,פסטה ספירלה,,IL,פסטה ספירלה,גרמים,350.00,100 גרם,false,0,2.20,0.63,true,1,
7290015339285,false,פסטה צינורות,,TR,פסטה צינורות,גרמים,350.00,100 גרם,false,0,2.20,0.63,true,1,
7290015339292,false,פסטה קונכיות,,TR,פסטה קונכיות,גרמים,350.00,100 גרם,false,0,2.20,0.63,true,1,
7290015339308,false,פסטה ספגטי,,TR,פסטה ספגטי,גרמים,350.00,100 גרם,false,0,2.20,0.63,true,1,
7290015339315,false,פסטה ספגטיני,,TR,פסטה ספגטיני,גרמים,350.00,100 גרם,false,0,2.20,0.63,true,1,
7290015339339,false,לקקן שטוח 4X100 גרם,,BR,לקקן שטוח 4X100 גרם,גרמים,400.00,100 גרם,false,0,18.40,4.60,true,1,
7290015339391,false,משמש חצאים בסירופ קל 950,לייני קיווי קנד פודסטאף,CN,משמש חצאים בסירופ קל 950,גרמים,950.00,100 גרם,false,1,9.90,1.04,true,1,
7290015339469,false,"אורז פרסי קלאסי 1 ק""ג",יותאי פרודוס קומפני,TH,אורז פרסי,קילוגרמים,1.00,"ק""ג",false,1,6.00,6.00,true,1,
7290015339483,false,ערמונים 100גרם,טעמן,IL,ערמונים 100גרם,גרמים,100.00,100 גרם,false,0,7.90,7.90,true,1,
7290015339599,false,שוקולד מריר עם שברי אגוז,,CH,שוקולד מריר עם שברי אגוז,גרמים,100.00,100 גרם,false,0,8.50,8.50,true,1,
7290015339698,false,דובדבנים חמוצים בסירופ 6,דונקליטי קונזרוון,HU,דובדבנים בסירופ,גרמים,680.00,100 גרם,false,1,10.90,1.60,true,1,
7290015347174,false,"אורז פרסי ואקום 1 ק""ג .",מיה,IL,אורז פרסי ואקום,קילוגרמים,0.00,"ק""ג",false,1,11.90,11.90,true,1,
7290015347181,false,"שעועית לבנה ואקום 1 ק""ג",מיה,IL,"שעועית לבנה 1ק""ג",קילוגרמים,1.00,"ק""ג",false,1,14.90,14.90,true,1,
7290015347211,false,"גריסי פנינה סלקטד 1 ק""ג",מיה,IL,גריסי פנינה,קילוגרמים,1.00,"ק""ג",false,1,14.90,14.90,true,1,
7290015642170,false,סלט חציל במיונז 400 גרם,מעדני מיקי,IL,סלט חציל במיונז,גרמים,400.00,100 גרם,false,0,7.90,1.98,true,1,
7290015642200,false,סלט טורקי 400 גרם,מעדני מיקי,IL,סלט טורקי,גרמים,400.00,100 גרם,false,0,7.90,1.98,true,1,
7290015642217,false,סלט מטבוחה 400 גרם,מעדני מיקי,IL,סלט מטבוחה,גרמים,400.00,100 גרם,false,0,7.90,1.98,true,1,
7290015642248,false,סלט כרוב שוודי 400 גרם,מעדני מיקי,IL,סלט כרוב שוודי,גרמים,400.00,100 גרם,false,0,6.90,1.73,true,1,
7290015642262,false,חומוס מזרחי 400 גרם,מעדני מיקי,IL,חומוס מזרחי,גרמים,400.00,100 גרם,false,0,7.90,1.98,true,1,
7290015642361,false,טחינה אסלי 400 גרם,מעדני מיקי,IL,טחינה אסלי,גרמים,400.00,100 גרם,false,0,7.90,1.98,true,1,
7290015652261,false,בוטנים קלויים 400גרם,שקדיה,IL,בוטנים קלויים400,גרמים,400.00,100 גרם,false,1,10.00,2.50,true,1,
7290015652278,false,תערובת פיצוחים קלויים300,שקדיה,IL,תערובת פיצוחים,גרמים,300.00,100 גרם,false,1,20.00,6.67,true,1,
7290015652414,false,קשיו קלוי 300גרם,שקדיה,IL,קשיו קלוי 300גרם,גרמים,300.00,100 גרם,false,1,20.00,6.67,true,1,
7290015664981,false,"תמר מג'הול 1 ק""ג",תמרים אלשאער,IL,"תמר מג'הול 1 ק""ג",קילוגרמים,1.00,"ק""ג",false,1,24.90,24.90,true,1,
7290055090689,false,מיני קוקיס מרוקאיות600ג,כרמית,IL,מיני קוקיס,גרמים,600.00,100 גרם,false,0,16.80,2.80,true,1,
7290055090801,false,"שוקולד לבן ללת""ס 85 גרם",כרמית,IL,"שוקולד לבן ללת""ס 85 גרם",גרמים,85.00,100 גרם,false,0,6.90,8.12,true,1,
7290055090979,false,מיני קוקיס שוקולד 600גרם,כרמית,IL,מיני קוקיס שוקולד 600גרם,גרמים,600.00,100 גרם,false,0,16.80,2.80,true,1,
7290100240137,false,בדין תרסיס מייבש כחול500,זוהר דליה,IL,תרסיס למייבש,מיליליטרים,500.00,"100 מ""ל",false,0,18.00,3.60,true,1,
7290100240144,false,בדין תרסיס מייבש ורוד500,זוהר דליה,IL,תרסיס למייבש,מיליליטרים,500.00,"100 מ""ל",false,0,18.00,3.60,true,1,
7290100240632,false,פתית 6 דגנים 250 גרם,יוניליוור,IL,פתית 6 דגנים,גרמים,250.00,100 גרם,false,0,14.90,5.96,true,1,
7290100242353,false,ברנפלקס 750 גרם,יוניליוור,,ברנפלקס,גרמים,750.00,100 גרם,false,0,25.90,3.45,true,1,
7290100243664,false,"בדין אקסטרה סגול 960 מ""ל",יוניליוור,TR,מרכך כביסה בדין,מיליליטרים,960.00,"100 מ""ל",false,0,16.90,1.76,true,1,
7290100243671,false,"בדין אקסטרה כחול 960 מ""ל",יוניליוור,TR,מרכך כביסה בדין,מיליליטרים,960.00,"100 מ""ל",false,0,16.90,1.76,true,1,
7290100243688,false,"בדין אקסטרה ורוד 960 מ""ל",יוניליוור,TR,מרכך כביסה בדין,מיליליטרים,960.00,"100 מ""ל",false,0,16.90,1.76,true,1,
7290100244609,false,רוטב לסלט אלף האיים290מל,יוניליוור,IL,רוטב אלף האיים,מיליליטרים,290.00,"100 מ""ל",false,0,10.90,3.76,true,1,
7290100246634,false,דאו.רקסונה סטיק כותנה50מ,יוניליוור,MX,דאודורנט רקסונה,גרמים,50.00,100 גרם,false,0,21.90,43.80,true,1,
7290100247051,false,תח.רחצה פינוק קלאסי 700מ,יוניליוור,IL,תחליב רחצה פינוק,מיליליטרים,700.00,"100 מ""ל",false,0,10.80,1.54,true,1,
7290100247068,false,תחליב פינוק לבנד.וניל700,יוניליוור,IL,תחליב רחצה פינוק,מיליליטרים,700.00,"100 מ""ל",false,0,10.80,1.54,true,1,
7290100247075,false,תח.רחצה פינוק רוח ים700מ,יוניליוור,IL,תחליב רחצה פינוק,מיליליטרים,700.00,"100 מ""ל",false,0,10.80,1.54,true,1,
7290100247105,false,תחליב רח.פינוק קוקוס700מ,יוניליוור,IL,תחליב רחצה פינוק,מיליליטרים,700.00,"100 מ""ל",false,0,10.80,1.54,true,1,
7290100249352,false,מרק טעם עוף 400 גרם,יוניליוור,IL,מרק טעם עוף,גרמים,400.00,100 גרם,false,0,12.30,3.08,true,1,
7290100249383,false,מרק פטריות 400 גרם,יוניליוור,IL,מרק פטריות,גרמים,400.00,100 גרם,false,0,22.30,5.58,true,1,
7290100249482,false,נמס בכוס אפונה 25*2 גרם,יוניליוור,IL,נמס בכוס אפונה,גרמים,50.00,100 גרם,false,0,6.00,12.00,true,1,
7290100249581,false,רוטב לעוף שזיפים 320 גרם,יוניליוור,IL,רוטב עוף שזיפים,גרמים,320.00,100 גרם,false,0,9.90,3.09,true,1,
7290100249611,false,רוטב עוף שום ועשבי תיבול,יוניליוור,IL,רוטב לעוף,גרמים,320.00,100 גרם,false,0,9.90,3.09,true,1,
7290100249628,false,רוטב עוף ברביקיו סויה310,יוניליוור,IL,רוטב ברביקיו,גרמים,310.00,100 גרם,false,0,9.90,3.19,true,1,
7290100249932,false,"דליפקאן בד""ץ 400 גרם",יוניליוור,IL,דליפקאן,גרמים,400.00,100 גרם,false,0,20.90,5.23,true,1,
7290100410073,false,מחית סלט פירות 100 גרם,נאופארם,IL,מחית תפוח,גרמים,100.00,100 גרם,false,0,5.50,5.50,true,1,
7290100613603,false,גרעין אבטיח קלוי 200גרם,א.ע.ש. קליית ציון,IL,גרעין אבטיח קלוי 200גרם,גרמים,200.00,100 גרם,false,0,18.90,9.45,true,1,
7290100613610,false,פיסטוק קלוי וממולח 200גר,א.ע.ש. קליית ציון,IL,פיסטוק קלוי וממולח 200גר,גרמים,200.00,100 גרם,false,0,24.90,12.45,true,1,
7290100613627,false,גרעין דלעת קלוי וממולח,א.ע.ש. קליית ציון,IL,גרעין דלעת קלוי,גרמים,200.00,100 גרם,false,0,11.90,5.95,true,1,
7290100651582,false,"קולגייט טוטל 100*2 מ""ל",קולגייט-פלמוליב,PL,זוג משחות שיניים,מיליליטרים,200.00,"100 מ""ל",false,0,29.00,14.50,true,1,
7290100653586,false,ליידי ס.סטיק24/7ג'ל ורוד,קולגייט-פלמוליב,US,דאודורנט,גרמים,65.00,100 גרם,false,0,24.00,36.92,true,1,
7290100659106,false,חטיף FREE בוטנים 5יחידות,טבעית,IL,חטיף FREE בוטנים,גרמים,120.00,100 גרם,false,0,16.90,14.08,true,1,
7290100680711,false,פירורית זהב 350 גרם,עינת,IL,פירורית זהב אסם,גרמים,350.00,100 גרם,false,0,8.00,2.29,true,1,
7290100680728,false,פירורית רגילה 350 גרם,אסם,IL,פירורית אסם,גרמים,350.00,100 גרם,false,0,7.00,2.00,true,1,
7290100681114,false,"רוטב סויה סיני אסם600מ""ל",אסם,IL,רוטב סויה אסם,מיליליטרים,600.00,"100 מ""ל",false,0,16.60,2.77,true,1,
7290100681138,false,אפרופו 50*3 גרם,אסם,IL,אפרופו 3יח במארז,גרמים,150.00,100 גרם,false,0,11.80,7.87,true,1,
7290100681503,false,סירופ לימונענע דיאט 1 ל',בית השיטה,IL,סירופ דיאט,ליטרים,1.00,ליטר,false,0,10.20,10.20,true,1,
7290100683217,false,"ויטמינצ'יק תפו""ע 2 ליטר",בית השיטה,IL,"ויטמינצ'יק תפו""ע",ליטרים,2.00,ליטר,false,0,19.00,9.50,true,1,
7290100683880,false,פירה 260 גרם,אסם,IL,פירה אסם,גרמים,260.00,100 גרם,false,0,11.30,4.35,true,1,
7290100684306,false,"רוטב צ'לי מתוק 600 מ""ל",אסם,IL,רוטב צ'לי מתוק,מיליליטרים,600.00,"100 מ""ל",false,0,14.90,2.48,true,1,
7290100685068,false,פודינג וניל+פצפוצ.שוק110,אסם,IL,פודינג וניל,גרמים,110.00,100 גרם,false,0,5.40,4.91,true,1,
7290100685136,false,"מרק טעם עוף פרווה 1 ק""ג",אסם,IL,"מרק טעם עוף פרווה 1 ק""ג",קילוגרמים,1.00,"ק""ג",false,0,11.90,11.90,true,1,
7290100685334,false,מרק עוף רכיבים טבעיים400,אסם,IL,מרק עוף רכיבים טבעיים400,גרמים,400.00,100 גרם,false,0,20.00,5.00,true,1,
7290100685341,false,מרק ט.עוף רכ' טבעיים400ג,אסם,IL,מרק ט.עוף רכ' טבעיים400ג,גרמים,400.00,100 גרם,false,0,13.90,3.48,true,1,
7290100685815,false,במבה יום הולדת 100 גרם,אסם,IL,במבה יום הולדת,גרמים,100.00,100 גרם,false,0,4.80,4.80,true,1,
7290100685846,false,במבה 100 גרם,אסם,IL,במבה,גרמים,100.00,100 גרם,false,0,4.80,4.80,true,1,
7290100686164,false,ביסלי ברביקיו 35*6 גרם,אסם,IL,ביסלי מארז 6 יח,גרמים,210.00,100 גרם,false,0,12.00,5.71,true,1,
7290100686171,false,ביסלי גריל 6 * 35 גרם,אסם,IL,ביסלי מארז 6 יח,גרמים,210.00,100 גרם,false,0,12.00,5.71,true,1,
7290100687109,false,במבה נוגט 60 גרם,אסם,IL,במבה נוגט,גרמים,60.00,100 גרם,false,0,4.50,7.50,true,1,
7290100689264,false,האני נאט צ'יריוס 615 גרם,ג'נרל מילס,US,הני נאט צ'יריוס,גרמים,615.00,100 גרם,false,0,23.90,3.89,true,1,
7290100700006,false,"חיטה 1 ק""ג",סוגת,IL,חיטה,קילוגרמים,1.00,"ק""ג",false,0,7.30,7.30,true,1,
7290100700242,false,"אורז מלא עגול סוגת 1 ק""ג",סוגת,IL,אורז מלא עגול,קילוגרמים,1.00,"ק""ג",false,0,8.10,8.10,true,1,
7290100700273,false,קינואה סוגת 500 גרם,סוגת,IL,קינואה סוגת,גרמים,500.00,100 גרם,false,0,19.90,3.98,true,1,
7290100700327,false,"גריסי פנינה 1 ק""ג",סוגת,IL,"גריסי פנינה 1ק""ג",קילוגרמים,1.00,"ק""ג",false,0,8.90,8.90,true,1,
7290100700389,false,"אורז אדום סוגת 1 ק""ג",סוגת,IL,אורז אדום סוגת,קילוגרמים,1.00,"ק""ג",false,0,11.40,11.40,true,1,
7290100700396,false,"אורז יסמין קלאסי 1 ק""ג",סוגת,IL,אורז יסמין סוגת,קילוגרמים,1.00,"ק""ג",false,0,11.00,11.00,true,1,
7290100700402,false,"חומוס ענק 1 ק""ג",סוגת,IL,חומוס ענק,קילוגרמים,1.00,"ק""ג",false,0,11.90,11.90,true,1,
7290100700419,false,"בורגול 1 ק""ג",סוגת,IL,"בורגול 1 ק""ג",קילוגרמים,1.00,"ק""ג",false,0,6.70,6.70,true,1,
7290100700587,false,בורגול 500 גרם,סוגת,IL,בורגול 500 גרם,גרמים,500.00,100 גרם,false,0,5.40,1.08,true,1,
7290100701324,false,"סוכר דק דק 1 ק""ג",סוגת,IL,סוכר דק דק,קילוגרמים,1.00,"ק""ג",false,0,5.00,5.00,true,1,
7290100701577,false,"קמח לחם 1 ק""ג",סוגת,IL,"קמח לחם 1 ק""ג",קילוגרמים,1.00,"ק""ג",false,0,9.70,9.70,true,1,
7290100702260,false,קוסקוס דק 350 גרם,סוגת,IL,קוסקוס דק,גרמים,350.00,100 גרם,false,0,7.00,2.00,true,1,
7290100702352,false,"אורז יסמין 5 ק""ג",סוגת,IL,"אורז יסמין 5 ק""ג",קילוגרמים,5.00,"ק""ג",false,1,34.90,6.98,true,1,
7290100850909,false,דוריטוס נאצ'ו מקסיקני70ג,עלית,IL,דוריטוס נאצ'ו,גרמים,70.00,100 גרם,false,0,3.00,4.29,true,1,
7290100850916,false,דוריטוס חמוץ חריף 70 גרם,עלית,IL,דוריטוס חמוץ ח,גרמים,70.00,100 גרם,false,0,3.00,4.29,true,1,
7290100850923,false,דוריטוס גריל 70 גרם,עלית,IL,דוריטוס גריל 70 גרם,גרמים,70.00,100 גרם,false,0,3.00,4.29,true,1,
7290100850930,false,דוריטוס דיפ טבעי 70 גרם,עלית,IL,חטיף דוריטוס דיפ,גרמים,70.00,100 גרם,false,0,3.00,4.29,true,1,
7290100852606,false,קפה טורקי 100*4 גרם,עלית,IL,קפה טורקי 4 יח,גרמים,400.00,100 גרם,false,0,29.50,7.38,true,1,
7290100853054,false,שוק.מריר אוורירי מגדים85,עלית,IL,שוקולד מריר,גרמים,85.00,100 גרם,false,0,5.00,5.88,true,1,
7290100858608,false,קקאו עלית 500 גרם,עלית,IL,קקאו עלית 500 גרם,גרמים,500.00,100 גרם,false,0,27.00,5.40,true,1,
7290100858868,false,מסטיק מאסט מנטה עדין28גר,עלית,IL,מסטיק מאסט,גרמים,28.00,100 גרם,false,0,4.00,14.29,true,1,
7290100858875,false,מסטיק מאסט מנטה קלאסי28ג,עלית,IL,מסטיק מאסט,גרמים,28.00,100 גרם,false,0,4.00,14.29,true,1,
7290100921173,false,שמפו הוואי שמני הזנה700מ,טרופיקל דגיל,IL,שמפו הוואי שמני הזנה700מ,מיליליטרים,700.00,"100 מ""ל",false,0,8.90,1.27,true,1,
7290100921197,false,שמפו הוואי ביו רימון700מ,טרופיקל דגיל,IL,שמפו הוואי,מיליליטרים,700.00,"100 מ""ל",false,0,8.90,1.27,true,1,
7290100921517,false,"שמפו הוואי שיאה 700 מ""ל",טרופיקל דגיל,IL,"שמפו הוואי שיאה 700 מ""ל",מיליליטרים,700.00,"100 מ""ל",false,0,8.90,1.27,true,1,
7290100921524,false,"מרכך הוואי שיאה 700 מ""ל",טרופיקל דגיל,IL,"מרכך הוואי שיאה 700 מ""ל",מיליליטרים,700.00,"100 מ""ל",false,0,8.90,1.27,true,1,
7290100921548,false,קרם רחצה הוואי רימון750מ,טרופיקל דגיל,IL,קרם רחצה הוואי,מיליליטרים,750.00,"100 מ""ל",false,0,14.00,1.87,true,1,
7290100921562,false,סבון ג'ל אסלה,,IL,סבון ג'ל אסלה,מיליליטרים,60.00,"100 מ""ל",false,0,8.90,14.83,true,1,
7290100921593,false,כדוריות לאסלה לימון50ג,הנקל סוד,HU,סבון אסלה,גרמים,50.00,100 גרם,false,0,8.90,17.80,true,1,
7290100921784,false,ג'ל רחצה הוואי אשכול750מ,טרופיקל דגיל,IL,ג'ל רחצה הוואי,מיליליטרים,750.00,"100 מ""ל",false,0,14.00,1.87,true,1,
7290100921791,false,ג'ל רחצה הוואי מלון 750,טרופיקל דגיל,IL,ג'ל רחצה הוואי,מיליליטרים,750.00,"100 מ""ל",false,0,14.00,1.87,true,1,
7290100922408,false,תחליב רחצה הוואי נקטר750,טרופיקל דגיל,IL,תחליב רחצה הוואי נקטר750,מיליליטרים,750.00,"100 מ""ל",false,0,14.00,1.87,true,1,
7290100922514,false,תח.רחצה הוואי שקדים 750,טרופיקל דגיל,IL,תחליב רחצה הוואי,מיליליטרים,750.00,"100 מ""ל",false,0,14.00,1.87,true,1,
7290100923122,false,תח.רחצה הוואי יוגורט 750,טרופיקל דגיל,IL,תחליב רחצה הוואי,מיליליטרים,750.00,"100 מ""ל",false,0,14.00,1.87,true,1,
7290100923146,false,תחליב רחצה הוואי משי750מ,טרופיקל דגיל,IL,תחליב רחצה הוואי,מיליליטרים,750.00,"100 מ""ל",false,0,14.00,1.87,true,1,
7290100923153,false,תחליב רחצה הוואי קאקא750,טרופיקל דגיל,IL,תחליב רחצה הוואי קאקא750,מיליליטרים,750.00,"100 מ""ל",false,0,14.00,1.87,true,1,
7290100923177,false,ג'ל רחצה הוואי סחלבים750,טרופיקל דגיל,IL,ג'ל רחצה הוואי סחלבים750,מיליליטרים,750.00,"100 מ""ל",false,0,14.00,1.87,true,1,
7290100924204,false,אבקת כביסה פרסיל,,IL,אבקת כביסה פרסיל,קילוגרמים,8.00,"ק""ג",false,0,59.90,7.49,true,1,
7290100925485,false,ג'ל כביסה פרסיל בייבי3ל',הנקל סוד,IL,ג'ל כביסה פרסיל בייבי3ל',ליטרים,3.00,ליטר,false,0,42.90,14.30,true,1,
7290100925966,false,מרכך כב.סוד מרוכז כחול1ל,הנקל סוד,TR,מרכך כביסה סוד,ליטרים,1.00,ליטר,false,0,14.90,14.90,true,1,
7290100925973,false,מרכך כב.סוד מרוכז ורוד1ל,הנקל סוד,,מרכך כביסה סוד,ליטרים,1.00,ליטר,false,0,14.90,14.90,true,1,
7290100925980,false,מרכך כב.סוד מרוכז סגול1ל,הנקל סוד,TR,מרכך כביסה סוד,ליטרים,1.00,ליטר,false,0,14.90,14.90,true,1,
7290100926598,false,פרסיל סופרא,,IL,פרסיל סופרא,קילוגרמים,5.00,"ק""ג",false,0,45.90,9.18,true,1,
7290100927717,false,אבקת כביסה פרסיל קולור5ק,,IL,אבקת כביסה פרסיל קולור5ק,קילוגרמים,5.00,"ק""ג",false,0,45.90,9.18,true,1,
7290100928714,false,פרסיל ג'ל בלאק 2.7 ליטר,,IL,פרסיל ג'ל בלאק 2.7 ליטר,ליטרים,2.70,ליטר,false,0,35.90,13.30,true,1,
7290100929681,false,ג'ל רח.הוואי גבר כתום750,טרופיקל דגיל,IL,ג'ל רח.הוואי גבר כתום750,מיליליטרים,750.00,"100 מ""ל",false,0,14.00,1.87,true,1,
7290100929698,false,ג'ל רח.הוואי גבר כחול750,טרופיקל דגיל,IL,ג'ל רחצה הוואי,מיליליטרים,750.00,"100 מ""ל",false,0,14.00,1.87,true,1,
7290100929742,false,מרכך מרוכז ארומה,,IL,מרכך מרוכז ארומה,מיליליטרים,900.00,"100 מ""ל",false,0,15.00,1.67,true,1,
7290101486688,false,חטיף FREE עם שוקולד 5יח',טבעית,IL,חטיף FREE עם שוקולד 5יח',גרמים,100.00,100 גרם,false,0,16.90,16.90,true,1,
7290101488255,false,ליידי ס.סטיק רולאון 50גר,קולגייט-פלמוליב,MX,דאודורנט,גרמים,50.00,100 גרם,false,0,25.40,50.80,true,1,
7290101488316,false,ליידי ספיד סטיק ורוד 65ג,קולגייט-פלמוליב,US,ליידי ספיד סטיק,גרמים,65.00,100 גרם,false,0,23.90,36.77,true,1,
7290101488323,false,ליידי ספיד סטיק סגול 65ג,קולגייט-פלמוליב,US,ליידי ספיד סטיק,גרמים,65.00,100 גרם,false,0,23.90,36.77,true,1,
7290101864127,false,וניש קליה ספריי 750מל,רקיט בנקיזר,PL,וניש קליה ספריי,מיליליטרים,750.00,"100 מ""ל",false,0,19.90,2.65,true,1,
7290101865261,false,"פיניש נוזל הברקה 800 מ""ל",רקיט בנקיזר,PL,פיניש נוזל הברקה,מיליליטרים,800.00,"100 מ""ל",false,0,24.90,3.11,true,1,
7290101866176,false,קולון101 ג'ל כביסה3ליטר,רקיט בנקיזר,,קולון ג'ל,ליטרים,3.00,ליטר,false,0,24.90,8.30,true,1,
7290101866633,false,קליה ג'ל מסיר כתמים 3ל,רקיט בנקיזר,,וניש קליה ג'ל,ליטרים,3.00,ליטר,false,0,30.00,10.00,true,1,
7290101866787,false,וניש קליה מסיר כתמים 3ל,רקיט בנקיזר,IL,וניש לכביסה לבנה,ליטרים,3.00,ליטר,false,0,30.00,10.00,true,1,
7290101866916,false,ג'ל כביסה קולון 101,רקיט בנקיזר,IL,ג'ל קולון 101,ליטרים,3.00,ליטר,false,0,24.90,8.30,true,1,
7290101868514,false,אבקת כביסה קולון 101 3קג,רקיט בנקיזר,IL,אבקת כביסה קולון,קילוגרמים,3.00,"ק""ג",false,0,28.90,9.63,true,1,
7290101868972,false,פיניש AIO הכל ב1 24 טבלי,רקיט בנקיזר,PL,פיניש טבליות,יחידה,1.00,יחידה,false,1,29.90,29.90,true,1,
7290101868996,false,פיניש AIO הכל ב1 60טבליו,רקיט בנקיזר,PL,פיניש טבליות,יחידה,1.00,יחידה,false,1,59.90,59.90,true,1,
7290101869481,false,פיניש AIO הכל ב1 60+30טב,רקיט בנקיזר,PL,פיניש טבליות,יחידה,1.00,יחידה,false,1,59.90,59.90,true,1,
7290101869757,false,אירויק מכשיר אואזיס 250,רקיט בנקיזר,PL,אירויק מכשיר,מיליליטרים,250.00,"100 מ""ל",false,1,54.90,21.96,true,1,
7290101869771,false,איירוויק מילוי 250מל,רקיט בנקיזר,PL,אירוויק מילוי,מיליליטרים,250.00,"100 מ""ל",false,1,29.90,11.96,true,1,
7290101869795,false,איירוויק מילוי 250מל,רקיט בנקיזר,PL,אירוויק מילוי,מיליליטרים,250.00,"100 מ""ל",false,1,29.90,11.96,true,1,
7290101869801,false,אירויק מכשיר אואזיס 19מל,רקיט בנקיזר,PL,אירויק מכשיר,מיליליטרים,19.00,"100 מ""ל",false,1,29.90,157.37,true,1,
7290101869917,false,איירוויק מילוי 250מל,רקיט בנקיזר,PL,אירוויק מילוי,מיליליטרים,250.00,"100 מ""ל",false,1,29.90,11.96,true,1,
7290101869948,false,אירויק מכשיר חטא מתוק 19,רקיט בנקיזר,PL,אירויק מכשיר,מיליליטרים,19.00,"100 מ""ל",false,1,29.90,157.37,true,1,
7290102032259,false,פסק זמן קלאסי מגדים 110ג,עלית,IL,פסק זמן קלאסי,גרמים,110.00,100 גרם,false,0,7.90,7.18,true,1,
7290102032334,false,קפה נמס וניל 200 גרם,עלית,IL,קפה נמס וניל 200 גרם,גרמים,200.00,100 גרם,false,0,26.90,13.45,true,1,
7290102032822,false,מסטיק מאסט דובדבן מגד28.,עלית,IL,מסטיק מאסט,גרמים,28.00,100 גרם,false,0,4.00,14.29,true,1,
7290102033546,false,דוריטוס נאצ'ו 200 גרם,עלית,IL,דוריטוס נאצ'ו 200 גרם,גרמים,200.00,100 גרם,false,0,8.00,4.00,true,1,
7290102033553,false,דוריטוס חמוץ חריף 200גרם,עלית,IL,דוריטוס חמוץ חריף 200גרם,גרמים,200.00,100 גרם,false,0,8.00,4.00,true,1,
7290102035007,false,מסטיק מאסט בטעם בזוקה28ג,עלית,IL,מסטיק מאסט,גרמים,28.00,100 גרם,false,0,4.00,14.29,true,1,
7290102038473,false,שוקולד מריר60% מגדים100ג,עלית,IL,שוקולד מריר 60%,גרמים,100.00,100 גרם,false,0,7.30,7.30,true,1,
7290102060955,false,משחה מרידול משפחתי 100מל,קולגייט-פלמוליב,DE,משחת שיניים,מיליליטרים,100.00,"100 מ""ל",false,0,19.00,19.00,true,1,
7290102060979,false,"משחה שיניים אלמקס 100מ""ל",קולגייט-פלמוליב,DE,משחת שיניים,מיליליטרים,100.00,"100 מ""ל",false,0,16.00,16.00,true,1,
7290102060993,false,משחת שיניים מרידול100*2מ,קולגייט-פלמוליב,PL,משחת מרידול 2 יח,מיליליטרים,200.00,"100 מ""ל",false,0,29.90,14.95,true,1,
7290102390427,false,"יוגורט תות מולר 150 מ""ל",טרה,IL,יוגורט מולר תות,מיליליטרים,150.00,"100 מ""ל",false,0,4.70,3.13,true,1,
7290102390465,false,יוג.קציפת אפרסק+פסיפל150,טרה,IL,יוגורט מולר,מיליליטרים,150.00,"100 מ""ל",false,0,4.70,3.13,true,1,
7290102392094,false,חלב עיזים קרטון4.1% 1ל',משק צוריאל תבור,IL,חלב עיזים קרטון,ליטרים,1.00,ליטר,false,0,15.20,15.20,true,1,
7290102392254,false,חלב 1% בקרטון 2 ליטר,טרה,IL,חלב 1% בקרטון 2 ליטר,ליטרים,2.00,ליטר,false,0,10.80,5.40,true,1,
7290102392636,false,שמנת מתוקה עמידה38% 250מ,טרה,IL,שמנת מתוקה עמידה,מיליליטרים,250.00,"100 מ""ל",false,0,6.20,2.48,true,1,
7290102392711,false,יוגורט לבן ביו 1.7% 200ג,טרה,IL,יוגורט ביאנקו,גרמים,200.00,100 גרם,false,0,3.50,1.75,true,1,
7290102393039,false,יוג.מולר מיקס פצפוצים150,טרה,IL,יוגורט מולר מיקס,גרמים,150.00,100 גרם,false,0,5.30,3.53,true,1,
7290102393176,false,יוגורט+חתיכ.אפרסק3% 150ג,טרה,IL,יוגורט אפרסק,גרמים,150.00,100 גרם,false,0,4.60,3.07,true,1,
7290102393190,false,יוג.פירות יער+פרי3% 150ג,טרה,IL,יוגורט מולר,גרמים,150.00,100 גרם,false,0,4.60,3.07,true,1,
7290102393268,false,גבינה לבנה 5% 750 גרם,טרה,IL,גבינה לבנה 5%,גרמים,750.00,100 גרם,false,0,13.90,1.85,true,1,
7290102393299,false,יוגורט עיזים לשתייה500גר,משק צוריאל תבור,IL,יוגורט עיזים,גרמים,500.00,100 גרם,false,0,11.50,2.30,true,1,
7290102393947,false,יוג.סימפלי פרוט קיוי150ג,טרה,IL,יוגורט מולר קיוי,גרמים,150.00,100 גרם,false,0,4.60,3.07,true,1,
7290102394326,false,בולגרית 5% 250 גרם,משק צוריאל תבור,IL,בולגרית 5% 250 גרם,גרמים,250.00,100 גרם,false,0,14.80,5.92,true,1,
7290102394463,false,ג.צהובה נעם ואקום28% 500,טרה,IL,גבינה צהובה 28%,גרמים,500.00,100 גרם,false,0,26.90,5.38,true,1,
7290102394821,false,ג.צהובה נעם דק דק28% 200,טרה,IL,גבינה צהובה דק,גרמים,200.00,100 גרם,false,0,14.90,7.45,true,1,
7290102394845,false,גב.צהובה נעם דק דק9% 200,טרה,IL,גבינה צהובה דק9%,גרמים,200.00,100 גרם,false,0,14.90,7.45,true,1,
7290102394968,false,"שמנת מתוקה38% 250*3 מ""ל",טרה,IL,"שמנת מתוקה38% 250*3 מ""ל",מיליליטרים,750.00,"100 מ""ל",false,0,16.90,2.25,true,1,
7290102395101,false,ממרח גבינה+שוק.מו16% 200,טרה,IL,ממרח גבינה מו,גרמים,200.00,100 גרם,false,0,10.90,5.45,true,1,
7290102395118,false,ממרח גב.שוק.אגוז16%מו200,טרה,IL,ממרח גבינה מו,גרמים,200.00,100 גרם,false,0,10.90,5.45,true,1,
7290102395217,false,יוג.ביאנקו2%מעודן150*8ג',טרה,IL,יוגורט ביאנקו 8י,קילוגרמים,1.20,"ק""ג",false,0,17.00,14.17,true,1,
7290102395224,false,יוגורט ביאנקו 1.7% 150*8,טרה,IL,יוגורט ביאנקו 8י,קילוגרמים,1.20,"ק""ג",false,0,15.90,13.25,true,1,
7290102395231,false,יוגורט ביאנקו2.8% 150*8ג,טרה,IL,יוגורט ביאנקו 8י,קילוגרמים,1.20,"ק""ג",false,0,15.90,13.25,true,1,
7290102395408,false,נועם גב.צהובה 28% במשקל,טרה,IL,גבינת נועם 28%,קילוגרמים,0.00,"ק""ג",true,0,42.93,42.93,true,1,
7290102395415,false,נועם גב.צהובה9%חריץ משקל,טרה,IL,נועם גב.צהובה9%חריץ משקל,קילוגרמים,0.00,"ק""ג",true,0,69.00,69.00,true,1,
7290102395422,false,ג.נועם צהובה22%חריץ משקל,טרה,IL,גבינת נועם 22%,קילוגרמים,0.00,"ק""ג",true,0,37.90,37.90,true,1,
7290102395477,false,מו שוקולד וקצפת 123 גרם,טרה,IL,מו שוקולד וקצפת,גרמים,123.00,100 גרם,false,0,2.70,2.20,true,1,
7290102395521,false,"שמנת לבישול פקק 500 מ""ל",טרה,IL,"שמנת לבישול פקק 500 מ""ל",מיליליטרים,500.00,"100 מ""ל",false,0,15.80,3.16,true,1,
7290102395774,false,צפתית מעודנת5% 200 גרם,משק צוריאל תבור,IL,צפתית מעודנת 5%,גרמים,200.00,100 גרם,false,0,12.00,6.00,true,1,
7290102396030,false,יוג.סימפלי תות1.5% 150ג,טרה,IL,יוגורט תות 1.5%,גרמים,150.00,100 גרם,false,0,4.60,3.07,true,1,
7290102396047,false,יוג.סימפלי אננס1.5% 150ג,טרה,IL,יוגורט אננס 1.5%,גרמים,150.00,100 גרם,false,0,4.60,3.07,true,1,
7290102396061,false,מולר תות+אננס1.5% 150*8ג,טרה,IL,מולר תות שמיניה,קילוגרמים,1.20,"ק""ג",false,0,29.90,24.92,true,1,
7290102396245,false,יוגורט נטורל+פ.יער 150ג,טרה,IL,יוגורט נטורל,גרמים,150.00,100 גרם,false,1,4.20,2.80,true,1,
7290102396252,false,יוגורט נטורל3% אננס 150ג,טרה,IL,יוגורט נטורל,גרמים,150.00,100 גרם,false,1,4.20,2.80,true,1,
7290102396399,false,מעדן שוקולד 100*8גר,טרה,IL,מעדן שוקולד 8 יח,גרמים,800.00,100 גרם,false,0,13.50,1.69,true,1,
7290102396405,false,מעדן וניל 100*8גרם,טרה,IL,מעדן וניל 8 יח,גרמים,800.00,100 גרם,false,0,13.50,1.69,true,1,
7290102396436,false,מעדן שוקולד מוו1.5% 125ג,טרה,IL,מעדן שוקולד,גרמים,125.00,100 גרם,false,0,2.90,2.32,true,1,
7290102396443,false,מעדן וניל מוו1.5% 125גרם,טרה,IL,מעדן וניל,גרמים,125.00,100 גרם,false,0,2.90,2.32,true,1,
7290102396474,false,יוג.פרופ מלון בננ.תמר150,טרה,IL,יוגורט פרופ פרי,גרמים,150.00,100 גרם,false,0,4.70,3.13,true,1,
7290102396498,false,מעדן יוגורט תות מוו 125ג,טרה,IL,מעדן יוגורט תות,גרמים,125.00,100 גרם,false,0,2.90,2.32,true,1,
7290102396580,false,מעדן מו שוק+.מוס שוק123ג,טרה,IL,מעדן מו שוקולד,גרמים,123.00,100 גרם,false,0,2.80,2.28,true,1,
7290102396597,false,מעדן מו וניל+מוס שוק123ג,טרה,IL,מעדן מו וניל,גרמים,123.00,100 גרם,false,0,2.80,2.28,true,1,
7290102396696,false,מולר מיקס עוגיות 170 גרם,מולר,IL,מולר מיקס עוגיות,גרמים,170.00,100 גרם,false,1,5.30,3.12,true,1,
7290102396719,false,יוגורט0% סימפלי תות 150ג,טרה,IL,יוגורט תות,גרמים,150.00,100 גרם,false,0,4.60,3.07,true,1,
7290102396726,false,יוגורט0%סימפלי אפרסק150ג,טרה,IL,יוגורט אפרסק,גרמים,150.00,100 גרם,false,0,4.60,3.07,true,1,
7290102396733,false,יוגורט0%סימפלי פ.יער150ג,טרה,IL,יוגורט פירות יער,גרמים,150.00,100 גרם,false,0,4.60,3.07,true,1,
7290102396740,false,מולר סימפלי0%תות/אפ150*8,טרה,IL,מולר סימפלי 8 יח,קילוגרמים,1.20,"ק""ג",false,0,29.90,24.92,true,1,
7290102396764,false,שוקו מוו קרטון 2 ליטר,טרה,IL,שוקו מוו 2 ליטר,ליטרים,2.00,ליטר,false,0,20.90,10.45,true,1,
7290102396795,false,"שוקו מוו שקית 200*6 מ""ל",טרה,IL,שוקו מוו 6 שקיות,ליטרים,1.20,ליטר,false,0,14.50,12.08,true,1,
7290102396924,false,מעדן מוו בננה+מוס שוק118,טרה,IL,מעדן מוו בננה,גרמים,118.00,100 גרם,false,1,2.80,2.37,true,1,
7290102396931,false,מעדן מוו בננה 1.5% 125גר,טרה,IL,מעדן מוו בננה,גרמים,125.00,100 גרם,false,1,2.90,2.32,true,1,
7290102397006,false,חלב במתיקות מעודנת3% 1ל',טרה,IL,חלב במתיקות 3%,ליטרים,1.00,ליטר,false,1,7.80,7.80,true,1,
7290102397075,false,"יוגורט 4% בקרטון 1.5 ק""ג",טרה,IL,יוגורט4% בקרטון,גרמים,1500.00,100 גרם,false,1,13.50,0.90,true,1,
7290102397150,false,משקה יוגsip.אפרסק/פספ250,טרה,IL,משקה יוגורט מולר,מיליליטרים,250.00,"100 מ""ל",false,1,5.40,2.16,true,1,
7290102397167,false,משקה יוגsip. תות בננה250,טרה,IL,משקה יוגורט מולר,מיליליטרים,250.00,"100 מ""ל",false,1,5.40,2.16,true,1,
7290102397174,false,משקה יוגsip. תפוז גזר250,טרה,IL,משקה יוגורט מולר,מיליליטרים,250.00,"100 מ""ל",false,1,5.40,2.16,true,1,
7290102397204,false,גב.צהובה נעם דק 22% 200ג,טרה,IL,גבינה צהובה נעם,גרמים,200.00,100 גרם,false,1,14.90,7.45,true,1,
7290102840175,false,פודינג וניל פרווה 85 גרם,מיה,IL,פודינג וניל פרווה 85 גרם,גרמים,85.00,100 גרם,false,0,4.50,5.29,true,1,
7290102840199,false,ג'לי משמש פרווה 85 גרם,מיה,IL,ג'לי משמש פרווה 85 גרם,גרמים,90.00,100 גרם,false,0,4.80,5.33,true,1,
7290102840205,false,ג'לי תות 85 גרם,מיה,IL,ג'לי תות 85 גרם,גרמים,85.00,100 גרם,false,0,4.80,5.65,true,1,
7290103124588,false,סב.פלמוליב סגול משאבה750,קולגייט-פלמוליב,TH,סבון פלמוליב,מיליליטרים,750.00,"100 מ""ל",false,0,18.90,2.52,true,1,
7290103124601,false,פלמוליב חלב ודבש משאב750,קולגייט-פלמוליב,TH,סבון פלמוליב,מיליליטרים,750.00,"100 מ""ל",false,0,18.90,2.52,true,1,
7290103126797,false,"קולגייט פרו ריליף 75 מ""ל",קולגייט-פלמוליב,BR,משחת קולגייט,מיליליטרים,75.00,"100 מ""ל",false,0,25.50,34.00,true,1,
7290103203412,false,צ'לו ליקר שוקו.מנטה 500מ,ישראליקר,IL,ליקר שוקולד,מיליליטרים,500.00,"100 מ""ל",false,0,39.90,7.98,true,1,
7290103203443,false,"ליקר בננה 500 מ""ל",ישראליקר,IL,ליקר בננה,מיליליטרים,500.00,"100 מ""ל",false,0,39.90,7.98,true,1,
7290103401382,false,קפה נמס פרא אפריקאי200גר,עלית,IL,קפה פרא אפריקאי,גרמים,200.00,100 גרם,false,0,29.90,14.95,true,1,
7290103401429,false,קפה נמס קצב ברזילאי200גר,שטראוס,IL,קפה נמס קצב ברזילאי200גר,גרמים,200.00,100 גרם,false,0,29.90,14.95,true,1,
7290103402853,false,אצבעות שוקולד מגדים 96 ג,עלית,IL,אצבעות שוקולד,גרמים,96.00,100 גרם,false,0,7.00,7.29,true,1,
7290103402860,false,אצבעות שוק.עדשים מגדים96,עלית,IL,אצבעות שוקולד,גרמים,96.00,100 גרם,false,0,7.00,7.29,true,1,
7290103407209,false,תפוצ'יפס קידס 30*6 גרם,עלית,IL,תפוצ'יפס קידס6יח,גרמים,180.00,100 גרם,false,0,10.90,6.06,true,1,
7290103407902,false,מארז מיני מילקי מהדרין 8,שטראוס,IL,מיני מילקי 8יח',גרמים,720.00,100 גרם,false,0,10.90,1.51,true,1,
7290103680039,false,"תבור הר מרלו 750 מ""ל",יקב תבור,IL,מרלו הר תבור,מיליליטרים,750.00,"100 מ""ל",false,0,40.20,5.36,true,1,
7290103680046,false,"קברנה הר תבור 750 מ""ל",יקב תבור,IL,"קברנה הר תבור 750 מ""ל",מיליליטרים,750.00,"100 מ""ל",false,0,40.20,5.36,true,1,
7290103700072,false,טאצ  מטליות זיגזג 3 יחיד,שניב,IL,טאצ מטליות זיגזג,יחידה,1.00,יחידה,false,1,8.90,8.90,true,1,
7290103700102,false,מגבות מטבח טאצ' 8 יח,,IL,מגבות מטבח טאצ' 8 יח,מטרים,84.00,100 מטר,false,0,13.20,15.71,true,1,
7290103700379,false,טאצ כריות קרצוף ענק 3יח,שניב תעשיות נייר,IL,טאצ כריות קרצוף ענק 3יח,יחידה,1.00,יחידה,false,1,8.90,8.90,true,1,
7290103700386,false,טאצ כריות קרצוף 6 יחידות,שניב תעשיות נייר,IL,טאצ כריות קרצוף 6 יחידות,יחידה,1.00,יחידה,false,1,8.90,8.90,true,1,
7290103700393,false,טאצ כריות קרצוף 4 יחידות,שניב תעשיות נייר,IL,טאצ כריות קרצוף 4 יחידות,יחידה,1.00,יחידה,false,1,8.90,8.90,true,1,
7290103700652,false,טאצ ספוג הפלא מארז 6 יחי,שניב תעשיות נייר,IL,טאצ ספוג הפלא מארז 6 יחי,יחידה,1.00,יחידה,false,1,8.90,8.90,true,1,
7290103700980,false,נייר טואלט חתוך עדן 10יח,שניב,IL,נייר טואלט חתוך עדן 10יח,יחידה,1.00,יחידה,false,0,14.00,14.00,true,1,
7290103700997,false,נייר טואלט לאבלי 40 גליל,,IL,נייר טואלט לאבלי 40 גליל,יחידה,1.00,יחידה,false,0,39.90,39.90,true,1,
7290103701093,false,טאץ מיקרופייבר לריצפה,שניב,IL,טאץ מיקרופייבר לריצפה,יחידה,1.00,יחידה,false,1,15.90,15.90,true,1,
7290103701130,false,מיקרופייבר לניקוי כללי,שניב,IL,מיקרופייבר לניקוי כללי,יחידה,1.00,יחידה,false,1,15.90,15.90,true,1,
7290103701161,false,טאצ ניילון נצמד 150 מטר,שניב,IL,טאצ ניילון נצמד 150 מטר,מטרים,150.00,מטר,false,1,24.90,0.17,true,1,
7290104060403,false,מסטיק מאסט בזוקה ענבים28,עלית,IL,מסטיק מאסט בזוקה,גרמים,28.00,100 גרם,false,0,4.00,14.29,true,1,
7290104060984,false,אצבעות שוקולד+סוכריות96ג,עלית,IL,אצבעות שוקולד,גרמים,96.00,100 גרם,false,0,7.00,7.29,true,1,
7290104061424,false,חומוס עם זעתר אחלה 400 ג,שטראוס,IL,חומוס עם זעתר אחלה 400 ג,גרמים,400.00,100 גרם,false,0,9.90,2.48,true,1,
7290104061431,false,חומוס עם צנובר אחלה 400ג,שטראוס,IL,חומוס עם צנובר אחלה 400ג,גרמים,400.00,100 גרם,false,0,9.90,2.48,true,1,
7290104061448,false,חומוס עם חריף אחלה 400 ג,שטראוס,IL,חומוס עם חריף אחלה 400 ג,גרמים,400.00,100 גרם,false,0,9.90,2.48,true,1,
7290104061455,false,סוכריות טופי פרצופי 42גר,שטראוס,IL,סוכריות טופי,גרמים,22.00,100 גרם,false,1,2.50,11.36,true,1,
7290104062599,false,גמדים תות בננה 100*8 גרם,שטראוס,IL,גמדים תות בננה,גרמים,800.00,100 גרם,false,0,18.00,2.25,true,1,
7290104062681,false,סוכריות מאסט פטל לימון80,עלית,PL,סוכריות מאסט,גרמים,80.00,100 גרם,false,0,7.00,8.75,true,1,
7290104065187,false,קפה נמס מוקה 200 גרם,עלית,IL,קפה נמס מוקה 200 גרם,גרמים,200.00,100 גרם,false,0,26.90,13.45,true,1,
7290104066016,false,"מילקי טופ עדשים 170 מ""ל",שטראוס,IL,מילקי טופ עדשים,מיליליטרים,170.00,"100 מ""ל",false,0,4.30,2.53,true,1,
7290104066566,false,טחינה אחלה 500 גרם,שטראוס,IL,טחינה אחלה 500גר,גרמים,500.00,100 גרם,false,0,14.30,2.86,true,1,
7290104067518,false,כיף כיף לבן מגדים 45 גרם,עלית,IL,כיף כיף לבן,גרמים,45.00,100 גרם,false,0,3.50,7.78,true,1,
7290104500572,false,אפרופו איטליאנו 50 גרם,אסם,,אפרופו איטליאנו,גרמים,50.00,100 גרם,false,0,4.90,9.80,true,1,
7290104502903,false,ביסקוויט ללא גלוטן 200גר,אסם,IL,ביסקוויט,גרמים,200.00,100 גרם,false,0,13.30,6.65,true,1,
7290104503184,false,בראוניז שוק.ריבת חלב380ג,אסם,,עוגת בראוניז,גרמים,380.00,100 גרם,false,0,15.90,4.18,true,1,
7290104504228,false,מיני דובונים 20*5 גרם,אסם,,מיני דובונים 5יח,גרמים,100.00,100 גרם,false,0,12.50,12.50,true,1,
7290104509117,false,חטיפי קריספי שמנת בצל200,אסם,IL,חטיפי קריספי,גרמים,200.00,100 גרם,false,0,10.80,5.40,true,1,
7290104509131,false,חטיפי קריספי תירס 250גרם,אסם,IL,חטיפי קריספי,גרמים,250.00,100 גרם,false,0,10.80,4.32,true,1,
7290104509155,false,חטיפי קריספי גריסיני200ג,אסם,IL,חטיפי קריספי,גרמים,200.00,100 גרם,false,0,10.80,5.40,true,1,
7290104570162,false,תמר כבוש500גרם,ששון,IL,תמר כבוש500גרם,גרמים,500.00,100 גרם,false,0,16.90,3.38,true,1,
7290104720499,false,דני וניל 125*8 גרם,שטראוס,IL,דני וניל 8 יח',קילוגרמים,1.00,"ק""ג",false,0,14.90,14.90,true,1,
7290104721533,false,רצועות פלפלים קלויים400ג,שטראוס,IL,רצועות פלפלים,גרמים,400.00,100 גרם,false,0,14.90,3.73,true,1,
7290104722028,false,שוקולד פרה לבן מגדים100ג,עלית,IL,שוקולד לבן מגדים,גרמים,100.00,100 גרם,false,0,5.00,5.00,true,1,
7290104723674,false,קפה נמס מיובש בהקפאה200ג,עלית,IL,קפה נמס מיובש,גרמים,200.00,100 גרם,false,0,27.90,13.95,true,1,
7290104724718,false,שוק.פרה במילוי קרם 100גר,עלית,IL,שוק.פרה במילוי,גרמים,100.00,100 גרם,false,0,5.00,5.00,true,1,
7290104726262,false,דני לשתיה שוקולד 125*4ג,שטראוס,IL,דני לשתיה 4 יח,גרמים,500.00,100 גרם,false,0,9.90,1.98,true,1,
7290104726712,false,מארז מילקי ט.שוקולד170*8,שטראוס,IL,מארז מילקי 8 יח',ליטרים,1.36,ליטר,false,0,19.50,14.34,true,1,
7290104726767,false,שוקו.חלב שברי אגוזים100ג,עלית,IL,שוקולד חלב,גרמים,100.00,100 גרם,false,0,5.00,5.00,true,1,
7290104728242,false,צ'יקו תחליף קפה 130 גרם,עלית,IL,צ'יקו תחליף קפה 130 גרם,גרמים,130.00,100 גרם,false,0,23.00,17.69,true,1,
7290104728310,false,שמנת עמידה לקצפת38% 250מ,יטבתה,IL,שמנת עמידה לקצפת38% 250מ,גרמים,250.00,100 גרם,false,0,6.20,2.48,true,1,
7290104729010,false,לבן בטעם תות 100 גרם,יטבתה,IL,לבן בטעם תות,גרמים,100.00,100 גרם,false,0,1.20,1.20,true,1,
7290104850042,false,כפות מוכספות,,IL,כפות מוכספות,יחידה,1.00,יחידה,false,0,5.90,5.90,true,1,
7290104851537,false,מרקיות מרובעות כסף 12 יח,,IL,מרקיות מרובעות כסף 12 יח,יחידה,1.00,יחידה,false,0,8.70,8.70,true,1,
7290104852046,false,"גביעי יין לקידוש ח""פ5יח",,IL,"גביעי יין לקידוש ח""פ5יח",יחידה,1.00,יחידה,false,0,9.70,9.70,true,1,
7290104852152,false,נריות בקופסא 72 יח,,IL,נריות בקופסא 72 יח,יחידה,1.00,יחידה,false,0,40.30,40.30,true,1,
7290104852268,false,שקיות מזון בקופסא 150 יח,,IL,שקיות מזון בקופסא 150 יח,יחידה,1.00,יחידה,false,0,11.10,11.10,true,1,
7290104854354,false,אריזת גפרורים,,IL,אריזת גפרורים,יחידה,1.00,יחידה,false,0,5.90,5.90,true,1,
7290104960970,false,"דאו.טיטניום מטאל 180 מ""ל",קרליין,,דאו.טיטניום,מיליליטרים,150.00,"100 מ""ל",false,0,16.90,11.27,true,1,
7290104961212,false,תח.רחצה נקה7 דובדבן 750מ,אמיליה קוסמטיקס,IL,תחליב רחצה,מיליליטרים,750.00,"100 מ""ל",false,0,14.10,1.88,true,1,
7290104962660,false,דאו.נושם ללא אלומיניו150,קרליין,IL,ספריי נושם,מיליליטרים,150.00,"100 מ""ל",false,0,11.70,7.80,true,1,
7290105180094,false,כפפות ויניל L 100 יח,איזי טאצ',CN,כפפות ויניל L 100 יח,יחידה,1.00,יחידה,false,0,18.00,18.00,true,1,
7290105180100,false,כפפות ויניל XL 100 יח,איזי טאצ',CN,כפפות ויניל XL 100 יח,יחידה,1.00,יחידה,false,0,18.00,18.00,true,1,
7290105180131,false,כפפות ויניל S 100 יח,איזי טאצ',CN,כפפות ויניל S 100 יח,יחידה,1.00,יחידה,false,0,18.00,18.00,true,1,
7290105180179,false,"בקבוק צר לתינוק 125 מ""ל",אריסטוקרט,IL,"בקבוק צר לתינוק 125 מ""ל",יחידה,1.00,יחידה,false,0,7.10,7.10,true,1,
7290105180186,false,בקבוק מעוצב עם ידיות,אריסטוקרט,IL,בקבוק מעוצב עם ידיות,יחידה,1.00,יחידה,false,0,14.90,14.90,true,1,
7290105180193,false,"בקבוק צר 125מ""ל",אריסטוקרט,IL,"בקבוק צר 125מ""ל",יחידה,1.00,יחידה,false,0,7.10,7.10,true,1,
7290105180209,false,שלישיית בקבוקים,,,שלישיית בקבוקים,יחידה,1.00,יחידה,false,0,16.90,16.90,true,1,
7290105180216,false,פלסטרים שקופים 100 יח,,,פלסטרים שקופים 100 יח,יחידה,1.00,יחידה,false,0,11.90,11.90,true,1,
7290105180247,false,פלסטרים מיקס 100 יח,,,פלסטרים מיקס 100 יח,יחידה,1.00,יחידה,false,0,11.90,11.90,true,1,
7290105180353,false,סכין גילוח 10 יח,אריסטוקרט,IL,סכין גילוח 10 יח,יחידה,1.00,יחידה,false,0,9.90,9.90,true,1,
7290105180360,false,3מוצץ סיליקון צבעוני קטן,אריסטוקרט,TH,3מוצץ סיליקון צבעוני קטן,יחידה,1.00,יחידה,false,0,16.00,16.00,true,1,
7290105180377,false,מוצץ סיליקון צבע.שלישייה,אריסטוקרט,TH,מוצץ סיליקון צבע.שלישייה,יחידה,1.00,יחידה,false,0,16.00,16.00,true,1,
7290105180384,false,3מוצ.סיליקון צבעוני גדול,אריסטוקרט,TH,3מוצ.סיליקון צבעוני גדול,יחידה,1.00,יחידה,false,0,16.00,16.00,true,1,
7290105180421,false,זוג סכיני גילוח 2 יחי',אריסטוקרט,IL,זוג סכיני גילוח 2 יחי',יחידה,1.00,יחידה,false,0,5.90,5.90,true,1,
7290105180681,false,משחת נעליים בשפורפרת75 מ,,TR,משחת נעליים בשפורפרת75 מ,מיליליטרים,75.00,"100 מ""ל",false,0,8.50,11.33,true,1,
7290105180834,false,רפידות הנקה דקות 50 יח,,CN,רפידות הנקה דקות 50 יח,יחידה,1.00,יחידה,false,0,20.90,20.90,true,1,
7290105360762,false,"שמן זית 1 עדין 750 מ""ל",יד מרדכי,IL,שמן זית 1 עדין,מיליליטרים,750.00,"100 מ""ל",false,0,34.90,4.65,true,1,
7290105361714,false,"טבלת פ""ז לבן מגדים 110ג",עלית,IL,טבלת פסק זמן,גרמים,110.00,100 גרם,false,0,7.90,7.18,true,1,
7290105362339,false,שמנת לבישול15%מהדרין250,שטראוס,IL,שמנת לבישול15%מהדרין250,מיליליטרים,250.00,"100 מ""ל",false,0,8.80,3.52,true,1,
7290105362377,false,כיף כף מגדים 45 גרם,עלית,IL,כיף כף מגדים 45ג,גרמים,45.00,100 גרם,false,0,3.50,7.78,true,1,
7290105363572,false,שוק.פרה ביסקויט מגדים100,עלית,IL,שוקולד ביסקוויט,גרמים,100.00,100 גרם,false,0,5.50,5.50,true,1,
7290105366023,false,חציל בטעם כבד 400 גרם,שטראוס,IL,חציל בטעם כבד,גרמים,400.00,100 גרם,false,0,14.90,3.73,true,1,
7290105366047,false,טחינה לבנה 400 גרם,שטראוס,IL,טחינה לבנה 400 גרם,גרמים,400.00,100 גרם,false,0,14.90,3.73,true,1,
7290105366054,false,טחינה עם פטרוזיליה 400גר,שטראוס,IL,טחינה+פטרוזיליה,גרמים,400.00,100 גרם,false,0,14.90,3.73,true,1,
7290105368171,false,מילקישייק ט.שוק.וקצפת143,שטראוס,IL,מילקי שייק,גרמים,143.00,100 גרם,false,0,4.50,3.15,true,1,
7290105368331,false,"מילקי בטעם תות 170 מ""ל",שטראוס,IL,מילקי טעם תות,מיליליטרים,170.00,"100 מ""ל",false,0,2.70,1.59,true,1,
7290105368355,false,מילקי שוקולד עשיר 133גרם,שטראוס,IL,מילקי שוקולד,גרמים,133.00,100 גרם,false,1,3.50,2.63,true,1,
7290105368898,false,לבן בטעם אפרסק 100 גרם,יטבתה,IL,לבן בטעם אפרסק,גרמים,100.00,100 גרם,false,0,1.20,1.20,true,1,
7290105368904,false,"שמנת מתוקה 32% 250 מ""ל",שטראוס,IL,"שמנת מתוקה 32% 250 מ""ל",מיליליטרים,250.00,"100 מ""ל",false,0,7.90,3.16,true,1,
7290105368928,false,שמנת 9% יטבתה מהדרין200מ,שטראוס,IL,שמנת 9% יטבתה,מיליליטרים,200.00,"100 מ""ל",false,0,3.00,1.50,true,1,
7290105369109,false,מיני דני שוקולד 95*8 גרם,שטראוס,IL,מיני דני 8 יח',גרמים,760.00,100 גרם,false,0,13.10,1.72,true,1,
7290105430441,false,סב.פלמוליב סחלב שחור750מ,קולגייט-פלמוליב,TR,סבון פלמוליב,מיליליטרים,750.00,"100 מ""ל",false,0,18.90,2.52,true,1,
7290105430458,false,סבון פלמוליב שקדים 750 מ,קולגייט-פלמוליב,TR,סבון פלמוליב,מיליליטרים,750.00,"100 מ""ל",false,0,18.90,2.52,true,1,
7290105430489,false,ליידי ס.ס סטיין גארד 50מ,קולגייט-פלמוליב,IL,ליידי ספיד סטיק,מיליליטרים,50.00,"100 מ""ל",false,0,25.40,50.80,true,1,
7290105433930,false,קולגייט טריפל אקשן100*2,קולגייט-פלמוליב,IL,משחת קולגייט,מיליליטרים,200.00,"100 מ""ל",false,1,13.30,6.65,true,1,
7290105434029,false,ספיד סטיק נוטרו ספריי150,קולגייט-פלמוליב,US,דאו. ספיד סטיק,מיליליטרים,150.00,"100 מ""ל",false,0,18.90,12.60,true,1,
7290105439345,false,תבנית אפיה חד פעמי מלבני,.,IL,תבנית אפיה,יחידה,1.00,יחידה,false,1,2.50,2.50,true,1,
7290105439369,false,"תבנית אפיה ח""פ אינגליש ק",.,IL,תבנית אפיה,יחידה,1.00,יחידה,false,1,2.20,2.20,true,1,
7290105439376,false,תבנית אפיה חד פעמי מתומן,.,IL,תבנית אפיה,יחידה,1.00,יחידה,false,1,2.90,2.90,true,1,
7290105691712,false,עוגיות הפסקת קפה 230 גרם,אסם,IL,עוגיות הפסקת קפה,גרמים,230.00,100 גרם,false,0,10.60,4.61,true,1,
7290105691934,false,"קמח שמרים 1 ק""ג",תחנת קמח המפרץ,IL,"קמח שמרים 1 ק""ג",קילוגרמים,1.00,"ק""ג",false,0,9.00,9.00,true,1,
7290105693341,false,במבה 25*10 גרם,אסם,,במבה 10 יח,גרמים,250.00,100 גרם,false,0,15.70,6.28,true,1,
7290105693457,false,עוגת דמקה שוקו וניל320גר,אסם,IL,עוגת הבית,גרמים,320.00,100 גרם,false,0,13.00,4.06,true,1,
7290105694614,false,ספגטי מהיר הכנה 500 גרם,זארה,IT,ספגטי מהיר הכנה,גרמים,500.00,100 גרם,false,0,7.00,1.40,true,1,
7290105694904,false,מרק פטריות רכיבים טבעיים,אסם,IL,מרק פטריות רכיבים טבעיים,גרמים,220.00,100 גרם,false,0,18.10,8.23,true,1,
7290105695321,false,עוגת בראוניס פאדג' 380 ג,אסם,IL,עוגת בראוניס,גרמים,380.00,100 גרם,false,0,15.90,4.18,true,1,
7290105960269,false,קפה טורקי ואקום 170 גרם,עלית,IL,קפה טורקי ואקום,גרמים,170.00,100 גרם,false,0,17.80,10.47,true,1,
7290105961013,false,"סוכ.מאסט לל""ס אשכוליות80",עלית,IL,סוכריות מאסט,גרמים,80.00,100 גרם,false,0,7.00,8.75,true,1,
7290105961778,false,אצבעות ש.לבן מגדים 96 גר,עלית,IL,אצבעות שוקולד,גרמים,96.00,100 גרם,false,0,7.00,7.29,true,1,
7290105961907,false,חטיף קרמלו מגדים 45 גרם,עלית,IL,חטיף קרמלו,גרמים,45.00,100 גרם,false,0,3.50,7.78,true,1,
7290105965738,false,דנונה לשתיה תות בננה267ג,שטראוס,IL,דנונה לשתיה,גרמים,267.00,100 גרם,false,0,4.80,1.80,true,1,
7290105966377,false,"משקה סחלב מהדרין 850 מ""ל",יטבתה,IL,משקה סחלב,מיליליטרים,850.00,"100 מ""ל",false,0,11.00,1.29,true,1,
7290105968067,false,חומוס לניגוב+גרגרים400גר,שטראוס,IL,חומוס לניגוב+גרגרים400גר,גרמים,400.00,100 גרם,false,0,9.90,2.48,true,1,
7290105968654,false,רביולי בטטה פרווה 400 גר,שטראוס,IL,רביולי בטטה פרווה 400 גר,גרמים,400.00,100 גרם,false,0,19.90,4.98,true,1,
7290106502987,false,זוג הד&שולדרס קלאסי 500X,פרוקטר אנד גמבל,FR,זוג הד&שולדרס,ליטרים,1.00,ליטר,false,1,49.90,49.90,true,1,
7290106503007,false,זוג הד&שולדרס מנטול 500X,פרוקטר אנד גמבל,FR,זוג הד&שולדרס,ליטרים,1.00,ליטר,false,1,49.90,49.90,true,1,
7290106504783,false,פמפרס פרימיום מידה4 20*4,פרוקטר & גמבל,IL,רביעיית פמפרס,יחידה,1.00,יחידה,false,1,100.00,100.00,true,1,
7290106520066,false,רבע לשבע 160 גרם,עלית,IL,רבע לשבע 160 גרם,גרמים,160.00,100 גרם,false,0,12.10,7.56,true,1,
7290106520912,false,"שמנת לבישול 9% 250 מ""ל",שטראוס,IL,"שמנת לבישול 9% 250 מ""ל",מיליליטרים,250.00,"100 מ""ל",false,0,8.80,3.52,true,1,
7290106523388,false,מסטיק מאסט מגדים 140 גרם,שטראוס,IL,מסטיק מאסט מגדים 140 גרם,גרמים,140.00,100 גרם,false,0,17.00,12.14,true,1,
7290106523432,false,דוריטוס דיפ טבעי 200 גרם,עלית,IL,דוריטוס דיפ טבעי 200 גרם,גרמים,200.00,100 גרם,false,0,8.00,4.00,true,1,
7290106524897,false,דנונה פירות יער 99 150גר,שטראוס,IL,דנונה 99 קלוריות,גרמים,150.00,100 גרם,false,0,4.80,3.20,true,1,
7290106525320,false,שוקולית לאפיה 500 גרם,עלית,IL,שוקולית לאפיה,גרמים,500.00,100 גרם,false,0,15.90,3.18,true,1,
7290106525917,false,סוכריות ג'לית 25 גרם,שטראוס,IL,סוכריות ג'לית,גרמים,25.00,100 גרם,false,1,2.50,10.00,true,1,
7290106528505,false,עלי חסה שטופה,,IL,עלי חסה שטופה,גרמים,250.00,100 גרם,false,0,12.90,5.16,true,1,
7290106572027,false,לחמית חמישה דגנים 190גרם,אסם,IL,לחמית 5 דגנים,גרמים,190.00,100 גרם,false,0,7.60,4.00,true,1,
7290106572065,false,קריספי טורטיה חמוץ מתו60,"פרח תעשיות מזון בע""מ",IL,קריספי טורטיה,גרמים,60.00,100 גרם,false,0,7.00,11.67,true,1,
7290106572652,false,דובונים גן חיות 40 גרם,אסם,IL,דובונים גן חיות,גרמים,40.00,100 גרם,false,0,4.10,10.25,true,1,
7290106573628,false,חומוס עם טחינה צבר 400גר,צבר,IL,חומוס עם טחינה,גרמים,400.00,100 גרם,false,0,10.90,2.73,true,1,
7290106573642,false,חומוס צנובר צבר 400 גרם,צבר,IL,חומוס צנובר,גרמים,400.00,100 גרם,false,0,10.50,2.63,true,1,
7290106574328,false,אורז עם אטריות וירקות130,אסם,IL,אורז עם אטריות,גרמים,130.00,100 גרם,false,0,10.70,8.23,true,1,
7290106574793,false,עוגת שוקו שוקוצ'יפס350ג,אסם,IL,עוגת הבית,גרמים,350.00,100 גרם,false,0,13.00,3.71,true,1,
7290106574953,false,בייגלה שטוחים שומשום300ג,אסם,IL,בייגלה שטוחים,גרמים,300.00,100 גרם,false,0,10.00,3.33,true,1,
7290106574977,false,בייגלה שטוחים מלח300גרם,אסם,IL,בייגלה שטוחים,גרמים,300.00,100 גרם,false,0,10.00,3.33,true,1,
7290106575257,false,עוגת סופלה טעם שוקולד340,אסם,IL,עוגת סופלה הבית,גרמים,340.00,100 גרם,false,0,13.00,3.82,true,1,
7290106575776,false,מאגדת מיני ג'ויה ריבת חל,נסטלה,IL,מאגדת ג'ויה ריבת,גרמים,250.00,100 גרם,false,0,28.90,11.56,true,1,
7290106576209,false,ביסלי אקסטרים מעושן 70 ג,אסם,IL,ביסלי אקסטרים,גרמים,70.00,100 גרם,false,0,4.50,6.43,true,1,
7290106576537,false,חומוס מסעדה צבר 700גרם,צבר,IL,חומוס מסעדה צבר,גרמים,700.00,100 גרם,false,0,10.90,1.56,true,1,
7290106576773,false,"לה קרמריה שוקולד כשל""פ 1",נסטלה,IL,"לה קרמריה כשל""פ",ליטרים,1.40,ליטר,false,0,21.90,15.64,true,1,
7290106576797,false,"לה קרמריהצמחי וניל כשל""פ",נסטלה,IL,"לה קרמריה כשל""פ",ליטרים,1.40,ליטר,false,0,21.90,15.64,true,1,
7290106576810,false,"לה קרמריהצמחי ריבת כשל""פ",נסטלה,IL,"לה קרמריה צמחי,",ליטרים,1.40,ליטר,false,0,21.90,15.64,true,1,
7290106576858,false,"לה קרמריה תותים כשל""פ .1",נסטלה,IL,"לה קרמריה כשל""פ",ליטרים,1.40,ליטר,false,0,21.90,15.64,true,1,
7290106576896,false,לה קרמריה וניל קוק. כשלפ,נסטלה,IL,"לה קרמריה כשל""פ",ליטרים,1.40,ליטר,false,0,21.90,15.64,true,1,
7290106576926,false,לה קרמריה שוקו וניל לייט,נסטלה,IL,לה קרמריה לייט,ליטרים,1.40,ליטר,false,0,21.90,15.64,true,1,
7290106576957,false,לה קרמריה שוקו וניל כשלפ,נסטלה,IL,"לה קרמריה כשל""פ",ליטרים,1.40,ליטר,false,0,21.90,15.64,true,1,
7290106577374,false,כרוב אדום מרובע צבר400ג,צבר,IL,כרוב אדום צבר,גרמים,400.00,100 גרם,false,0,10.90,2.73,true,1,
7290106578821,false,עוגת שמרים שוקולד 350גרם,אסם,IL,עוגת שמרים,גרמים,350.00,100 גרם,false,0,16.60,4.74,true,1,
7290106651401,false,דנונה3% 4תות+ 4אפרסק150ג,שטראוס,IL,מארז דנונה 4+4,קילוגרמים,1.20,"ק""ג",false,0,27.00,22.50,true,1,
7290106651531,false,דני שוקולד פרווה 125 גרם,שטראוס,IL,דני שוקולד פרווה,גרמים,125.00,100 גרם,false,0,2.40,1.92,true,1,
7290106653207,false,פיתה קראנצ' זעתר 300 גרם,עלית,IL,פיתה קראנצ',גרמים,300.00,100 גרם,false,0,13.90,4.63,true,1,
7290106653719,false,דני שוקולד מיני 95*8גרם,שטראוס,IL,דני שוקולד 8 יח,גרמים,760.00,100 גרם,false,0,13.10,1.72,true,1,
7290106653726,false,דני וניל מיני 95*8גרם,שטראוס,IL,דני וניל 8 יח,גרמים,760.00,100 גרם,false,0,13.10,1.72,true,1,
7290106654105,false,מילקי פבלובה 120 גרם,שטראוס,IL,מילקי פבלובה,גרמים,120.00,100 גרם,false,1,4.30,3.58,true,1,
7290106654228,false,מאגדת מאסט פרי 28*5גרם,עלית,IL,מאגדת מאסט פרי,גרמים,140.00,100 גרם,false,0,17.00,12.14,true,1,
7290106654761,false,מאסט פפרמינט 45דק31'ג,עלית,DE,מאסט פפרמינט 45דק31'ג,גרמים,31.00,100 גרם,false,0,5.50,17.74,true,1,
7290106654969,false,חומוס כפרי אחלה750גרם,שטראוס,IL,חומוס כפרי אחלה750גרם,גרמים,750.00,100 גרם,false,0,14.00,1.87,true,1,
7290106655492,false,סוכ.מאסט בטעם תפוז 80גרם,עלית,IL,סוכריות מאסט,גרמים,80.00,100 גרם,false,0,7.00,8.75,true,1,
7290106655645,false,דנונה שכבות דיאט0% 4+4,שטראוס,IL,מארז דנונה 4+4יח,קילוגרמים,1.20,"ק""ג",false,0,27.00,22.50,true,1,
7290106656512,false,בפלות טורטית 360 גרם,עלית,IL,בפלות טורטית,גרמים,360.00,100 גרם,false,0,16.90,4.69,true,1,
7290106657762,false,עדשים ק.קראש פרווה153ג,עלית,IL,עדשים ק.קראש153ג,גרמים,153.00,100 גרם,false,0,14.90,9.74,true,1,
7290106661905,false,תפו.קראנץ מקסיקני שמיטה,שטראוס,IL,תפוציפס קראנץ,גרמים,50.00,100 גרם,false,0,3.50,7.00,true,1,
7290106661929,false,תפו.קראנצ טבעישמיטה 50 ג,שטראוס,IL,תפו.קראנצ טבעישמיטה 50 ג,גרמים,50.00,100 גרם,false,0,3.50,7.00,true,1,
7290106661943,false,תפוציפס קראנצ שמיטה 50 ג,שטראוס,IL,תפוציפס קראנצ,גרמים,50.00,100 גרם,false,0,3.50,7.00,true,1,
7290106661974,false,תפו. מקסיקני שמיטה 200גר,שטראוס,IL,תפוציפס מקסיקני,גרמים,200.00,100 גרם,false,0,8.80,4.40,true,1,
7290106661981,false,תפו. אקס טבעי שמיטה200ג,שטראוס,IL,תפו. אקס טבעי שמיטה200ג,גרמים,200.00,100 גרם,false,0,9.70,4.85,true,1,
7290106661998,false,תפו. קרנץ שמיטה 200גר,שטראוס,IL,תפוציפס קרנצ',גרמים,200.00,100 גרם,false,0,8.80,4.40,true,1,
7290106662001,false,תפו.שמנת בצל שמיטה 200 ג,שטראוס,IL,תפוציפס שמנת,גרמים,200.00,100 גרם,false,0,8.80,4.40,true,1,
7290106662377,false,רבע לשבע בוטנים 120 גרם,עלית,IL,רבע לשבע בוטנים,גרמים,120.00,100 גרם,false,1,12.10,10.08,true,1,
7290106662490,false,עוגיות גרנולה 7יח21.4*ג,עלית,IL,עוגיות גרנולה 7יח21.4*ג,גרמים,150.00,100 גרם,false,1,14.90,9.93,true,1,
7290106662834,false,סוכריות דומי דובונים22גר,שטראוס,IL,סוכריות גומי,גרמים,22.00,100 גרם,false,1,2.50,11.36,true,1,
7290106662964,false,סוכריות גומי יין 100 גרם,עלית,IL,סוכריות גומי יין 100 גרם,גרמים,100.00,100 גרם,false,1,6.50,6.50,true,1,
7290106662971,false,סוכריות ג'לית 80 גרם,עלית,IL,סוכריות ג'לית 80 גרם,גרמים,80.00,100 גרם,false,1,6.50,8.13,true,1,
7290106663343,false,עדשים מיני מיני 17 גרם,שטראוס,IL,עדשים מיני מיני,גרמים,17.00,100 גרם,false,1,2.50,14.71,true,1,
7290106663367,false,מרשמלו 30 גרם,שטראוס,IL,מרשמלו,גרמים,30.00,100 גרם,false,1,2.50,8.33,true,1,
7290106663404,false,בזוקה מגדים 5 יח 140 גרם,שטראוס,IL,בזוקה מגדים,גרמים,140.00,100 גרם,false,1,17.00,12.14,true,1,
7290106663411,false,מסטיקים בטעם פירות 25גרם,שטראוס,IL,מסטיקים,גרמים,25.00,100 גרם,false,1,2.50,10.00,true,1,
7290106663534,false,"רוטב מנגו קארי 280 מ""ל",בית אל מזון,IL,רוטב מנגו קארי,מיליליטרים,280.00,"100 מ""ל",false,1,14.90,5.32,true,1,
7290106663541,false,"רוטב צ'ילי שום 280 מ""ל",בית אל מזון,IL,רוטב צ'ילי שום,מיליליטרים,280.00,"100 מ""ל",false,1,14.90,5.32,true,1,
7290106663565,false,חלבית - חלבי 300 גרם,עלית,IL,חלבית - חלבי,גרמים,300.00,100 גרם,false,1,17.90,5.97,true,1,
7290106663626,false,חמישיית פרה מריר מגדים 1,עלית,IL,חמישיית פרה מריר מגדים 1,גרמים,500.00,100 גרם,false,0,21.90,4.38,true,1,
7290106663633,false,מארז תפוציפס שמיטה 50X4,שטראוס,IL,תפוצ'יפס 4 יח,גרמים,200.00,100 גרם,false,0,9.90,4.95,true,1,
7290106663992,false,"צ'אי מסאלה מהדרין 850מ""ל",יטבתה,IL,צ'אי מסאלה,מיליליטרים,850.00,"100 מ""ל",false,1,11.00,1.29,true,1,
7290106664548,false,רוטב שמנת4+גבינות9% 250מ,שטראוס,IL,רוטב שמנת4+גבינות9% 250מ,מיליליטרים,250.00,"100 מ""ל",false,1,10.90,4.36,true,1,
7290106664555,false,רוטב שמנת+עגבניות9% 250מ,שטראוס,IL,רוטב שמנת,מיליליטרים,250.00,"100 מ""ל",false,1,10.90,4.36,true,1,
7290106666788,false,סוכריות דבש ממולאות 80ג,עלית,IL,סוכריות דבש ממולאות 80ג,גרמים,80.00,100 גרם,false,1,6.50,8.13,true,1,
7290106667594,false,דנונה אפרסק 0% 150 גרם,שטראוס,IL,דנונה אפרסק 0%,גרמים,150.00,100 גרם,false,1,4.50,3.00,true,1,
7290106668225,false,מיני מקופלת פרווה 400גרם,עלית,IL,מיני מקופלת,גרמים,400.00,100 גרם,false,1,21.90,5.48,true,1,
7290106668577,false,"מיץ לימון 250 מ""ל",יד מרדכי,IL,מיץ לימון,גרמים,250.00,100 גרם,false,1,7.90,3.16,true,1,
7290106668713,false,דנונה פירות יער 3% 150גר,שטראוס,IL,דנונה פירות יער,גרמים,150.00,100 גרם,false,1,4.50,3.00,true,1,
7290106668843,false,מארז פודינג 8יח 640}גרם{,עלית,IL,מארז פודינג 8יח 640}גרם{,גרמים,640.00,100 גרם,false,1,19.90,3.11,true,1,
7290106669093,false,שוקו.פרה טעם בננה ספליט,עלית,IL,שוקולד פרה,גרמים,100.00,100 גרם,false,1,7.10,7.10,true,1,
7290106720404,false,קפה נמס פרווה 300 גרם,עלית,IL,קפה נמס פרווה,גרמים,300.00,100 גרם,false,0,24.90,8.30,true,1,
7290106720862,false,מארז נר מגדים 105 גרם,שטראוס,IL,מארז נר מגדים,גרמים,105.00,100 גרם,false,1,13.90,13.24,true,1,
7290106720886,false,מארז סביבון מגדים 154גרם,שטראוס,IL,מארז סביבון,גרמים,154.00,100 גרם,false,1,15.90,10.32,true,1,
7290106720893,false,מארז חנוכייה מגדים 186גר,שטראוס,IL,מארז חנוכייה,גרמים,186.00,100 גרם,false,1,20.90,11.24,true,1,
7290106721371,false,דוריטוס חמוץ מתוק 200גרם,עלית,IL,דוריטוס חמוץ,גרמים,200.00,100 גרם,false,0,8.00,4.00,true,1,
7290106721531,false,דוריטוס חמוץ מתוק 70 גרם,עלית,IL,דוריטוס חמוץ,גרמים,70.00,100 גרם,false,0,3.00,4.29,true,1,
7290106721807,false,חציל פיקנטי מהדרין 400 ג,שטראוס,IL,חציל פיקנטי מהדרין 400 ג,גרמים,400.00,100 גרם,false,0,14.90,3.73,true,1,
7290106721876,false,תפוציפס ברביקיו שמיטה50ג,שטראוס,IL,תפוציפס ברביקיו,גרמים,50.00,100 גרם,false,0,3.50,7.00,true,1,
7290106721906,false,מסטיק בזוקה צ'יקלט 66גרם,עלית,IL,מסטיק בזוקה,גרמים,66.00,100 גרם,false,1,11.00,16.67,true,1,
7290106722057,false,באגט קראנצ זיתים עגבנ300,עלית,IL,באגט קראנצ זיתים,גרמים,300.00,100 גרם,false,1,13.90,4.63,true,1,
7290106722101,false,באגט קראנצ טבעי 300 גרם,עלית,IL,באגט קראנצ טבעי,גרמים,300.00,100 גרם,false,0,13.90,4.63,true,1,
7290106723443,false,שוקולד לבן במילוי תות50ג,עלית,IL,שוקולד לבן במילוי תות50ג,גרמים,50.00,100 גרם,false,1,3.50,7.00,true,1,
7290106724402,false,עוג.חיוכים שוקו וניל150ג,עלית,IL,עוג.חיוכים שוקו וניל150ג,גרמים,150.00,100 גרם,false,1,4.30,2.87,true,1,
7290106724419,false,עוגיות חיוכים וניל 150גר,עלית,IL,עוגיות חיוכים וניל 150גר,גרמים,150.00,100 גרם,false,1,4.30,2.87,true,1,
7290106725355,false,דנונה תות 99 קלוריות150ג,שטראוס,IL,דנונה תות 99,גרמים,150.00,100 גרם,false,1,4.80,3.20,true,1,
7290106725423,false,רבע לשבע חלבה 120 גרם,עלית,IL,רבע לשבע חלבה,גרמים,120.00,100 גרם,false,1,12.10,10.08,true,1,
7290106725522,false,"רוטב שזיף רימון 280 מ""ל",בית אל מזון,IL,רוטב שזיף רימון,מיליליטרים,280.00,"100 מ""ל",false,1,14.90,5.32,true,1,
7290106725737,false,שוקו.פרה טופי קרמל מגדים,עלית,IL,שוקולד פרה,גרמים,100.00,100 גרם,false,1,7.10,7.10,true,1,
7290106726314,false,רוטב אדום ישראלי חריף220,שטראוס,IL,רוטב אדום חריף,גרמים,220.00,100 גרם,false,1,12.90,5.86,true,1,
7290107280167,false,תחליב רחצה קרמה וניל750מ,קוסמופארם,IL,תחליב רחצה קרמה,מיליליטרים,750.00,"100 מ""ל",false,0,18.00,2.40,true,1,
7290107280389,false,מתז ג'ט לאמבט,,IL,מתז ג'ט לאמבט,מיליליטרים,750.00,"100 מ""ל",false,0,19.90,2.65,true,1,
7290107280396,false,מתז ג'ט למטבח,,IL,מתז ג'ט למטבח,מיליליטרים,750.00,"100 מ""ל",false,0,19.90,2.65,true,1,
7290107280402,false,ג'ט לניקוי כללי,,IL,ג'ט לניקוי כללי,ליטרים,2.00,ליטר,false,0,19.90,9.95,true,1,
7290107280518,false,מקסימה ג'אוול 8קג,סנו,IL,מקסימה ג'אוול,קילוגרמים,8.00,"ק""ג",false,0,54.90,6.86,true,1,
7290107280723,false,נוזל לכלים לימון 700מל,סנו,IL,נוזל לכלים לימון,מיליליטרים,700.00,"100 מ""ל",false,0,9.90,1.41,true,1,
7290107280730,false,"נוזל לכלים לבנדר 700 מ""ל",סנו,IL,נוזל כלים לבנדר,מיליליטרים,700.00,"100 מ""ל",false,0,9.90,1.41,true,1,
7290107280747,false,"נוזל לכלים קלאסי 700מ""ל",סנו,IL,נוזל לכלים קלאסי,מיליליטרים,700.00,"100 מ""ל",false,0,9.90,1.41,true,1,
7290107280754,false,"נוזל לכלים שקד 700 מ""ל",סנו,IL,נוזל לכלים שקד,מיליליטרים,700.00,"100 מ""ל",false,0,9.90,1.41,true,1,
7290107640190,false,פינוק שמפו למגע משי700מל,יוניליוור,IL,שמפו פינוק,מיליליטרים,700.00,"100 מ""ל",false,0,12.70,1.81,true,1,
7290107640206,false,פינוק מרכך למגע משי700 מ,יוניליוור,IL,מרכך פינוק,מיליליטרים,700.00,"100 מ""ל",false,0,12.70,1.81,true,1,
7290107640213,false,פינוק ת.רחצה למגע משי700,יוניליוור,IL,תחליב רחצה פינוק,מיליליטרים,700.00,"100 מ""ל",false,0,10.80,1.54,true,1,
7290107640664,false,קליק בייגלה שוקולד חלב70,יוניליוור,IL,קליק בייגלה,גרמים,70.00,100 גרם,false,1,5.60,8.00,true,1,
7290107641098,false,פינוק 2ב1 קשקשים 700 מל,יוניליוור,IL,שמפו פינוק,מיליליטרים,700.00,"100 מ""ל",false,1,12.70,1.81,true,1,
7290107641678,false,קליק דאבל קרם חלב 70 גרם,יוניליוור,IL,חטיף קליק,גרמים,70.00,100 גרם,false,1,5.60,8.00,true,1,
7290107641685,false,קליק דאב קרם שוקולד70גרם,יוניליוור,IL,חטיף קליק,גרמים,70.00,100 גרם,false,1,5.60,8.00,true,1,
7290107641982,false,נמס בכוס טעם סחלב 31 גרם,יוניליוור,IL,נמס בכוס,גרמים,31.00,100 גרם,false,1,4.20,13.55,true,1,
7290107641999,false,נמס בכוס עגבניות חריף48ג,יוניליוור,IL,נמס בכוס,גרמים,48.00,100 גרם,false,1,6.00,12.50,true,1,
7290107871990,false,פסטה צינורות 500 גרם,זארה,IT,פסטה צינורות,גרמים,500.00,100 גרם,false,0,5.70,1.14,true,1,
7290107872300,false,"חציל על האש בטחינה בד""ץ",אסם,IL,חציל על האש,גרמים,400.00,100 גרם,false,1,12.60,3.15,true,1,
7290107873338,false,מאגדת הלו קיטי 280גרם,נגה גלידות,IL,מאגדת הלו קיטי 280גרם,גרמים,280.00,100 גרם,false,1,26.90,9.61,true,1,
7290107875219,false,ציפסי קלאסי שמיטה 50 גרם,דוגוס,TR,ציפסי 50 גרם,גרמים,50.00,100 גרם,false,0,3.80,7.60,true,1,
7290107875400,false,להקרמריה פיסטוק מוקה 1.4,נסטלה,IL,להקרמריה,ליטרים,1.40,ליטר,false,0,21.90,15.64,true,1,
7290107875950,false,קינוחי כוסות עוגת גבינה,אסם,IL,קינוחי כוסות,גרמים,180.00,100 גרם,false,1,11.90,6.61,true,1,
7290107876650,false,מלפפונים במלח 7-9 670גרם,בית השיטה,IL,מלפפונים במלח,גרמים,670.00,100 גרם,false,1,5.20,0.78,true,1,
7290107877527,false,מרק נמס עגבניות 30*2גרם,אסם,IL,מרק נמס עגבניות,גרמים,60.00,100 גרם,false,1,5.90,9.83,true,1,
7290107877541,false,מרק נמס טעם עוף 26*2 גרם,אסם,IL,מרק נמס טעם עוף,גרמים,52.00,100 גרם,false,1,5.90,11.35,true,1,
7290107930321,false,קונפיטורה דובדבן 340 גרם,יד מרדכי,IL,קונפיטורה דובדבן,גרמים,340.00,100 גרם,false,1,13.80,4.06,true,1,
7290107933742,false,תפוצ'יפס סטיקס ברביקיו65,שטראוס,IL,תפוצ'יפס סטיקס,גרמים,65.00,100 גרם,false,1,3.50,5.38,true,1,
7290107933766,false,תפוח סטיקס קטשופ 65 גרם,עלית,IL,תפוח סטיקס,גרמים,65.00,100 גרם,false,1,3.50,5.38,true,1,
7290107933773,false,תפו.סטיקס ברביקיו שמיטה,עלית,IL,תפוציפס 65 גרם,גרמים,65.00,100 גרם,false,1,3.50,5.38,true,1,
7290107934473,false,דנונה אקטיביה1.5% 150*8מ,שטראוס,IL,אקטביה 1.5% 8 יח,ליטרים,1.20,ליטר,false,1,21.90,18.25,true,1,
7290107934480,false,דנונה אקטיביה 3% 150*8מ,שטראוס,IL,אקטביה 3% 8 יח,ליטרים,1.20,ליטר,false,1,21.90,18.25,true,1,
7290107970952,false,זוג טוטל פסים + מברשת,קולגייט-פלמוליב,PL,מארז טוטל,יחידה,1.00,יחידה,false,1,44.90,44.90,true,1,
7290107970969,false,זוג טוטל להלבנה + מברשת,קולגייט-פלמוליב,PL,מארז טוטל,יחידה,1.00,יחידה,false,1,44.90,44.90,true,1,
7290108200188,false,גולד ג'ל מסיר כתמים 940,רקיט בנקיזר,IT,וניש גולד ג'ל,מיליליטרים,940.00,"100 מ""ל",false,1,21.90,2.33,true,1,
7290108200195,false,גולד ג'ל לכב.לבנה 940 מל,רקיט בנקיזר,IT,וניש גולד ג'ל,מיליליטרים,940.00,"100 מ""ל",false,1,21.90,2.33,true,1,
7290108200218,false,גולד אבקה 1.35ק,רקיט בנקיזר,IT,וניש גולד אבקה,קילוגרמים,1.35,"ק""ג",false,1,36.90,27.33,true,1,
7290589856775,false,אביזרים לבית יחידה,,IL,אביזרים לבית יחידה,יחידה,1.00,יחידה,false,0,5.90,5.90,true,1,
7296058000021,false,דגניות אורז ותירס 100גרם,,IL,דגניות אורז ותירס 100גרם,גרמים,100.00,100 גרם,false,0,4.90,4.90,true,1,
7296073126713,false,אובלטים קימל,,IL,אובלטים קימל,גרמים,300.00,100 גרם,false,0,8.90,2.97,true,1,
7296073126737,false,אובלטים מלוחים,,IL,אובלטים מלוחים,גרמים,300.00,100 גרם,false,0,8.90,2.97,true,1,
7296073126744,false,שקיות אשפה,,IL,שקיות אשפה,יחידה,1.00,יחידה,false,0,16.30,16.30,true,1,
7296073126751,false,שקיות אשפה,,IL,שקיות אשפה,יחידה,1.00,יחידה,false,0,16.30,16.30,true,1,
7296073126768,false,שקיות אשפה 75X90 יש 50X2,,IL,שקיות אשפה 75X90 יש 50X2,יחידה,1.00,יחידה,false,0,23.70,23.70,true,1,
7296073126775,false,שקיות אשפה,,IL,שקיות אשפה,יחידה,1.00,יחידה,false,0,26.90,26.90,true,1,
7296073126782,false,שקיות אוכל,,IL,שקיות אוכל,יחידה,1.00,יחידה,false,0,11.90,11.90,true,1,
7296073126805,false,שקיות הקפאה,,IL,שקיות הקפאה,יחידה,1.00,יחידה,false,0,13.00,13.00,true,1,
7296073126812,false,שקיות הקפאה,,IL,שקיות הקפאה,יחידה,1.00,יחידה,false,0,12.90,12.90,true,1,
7296073126829,false,תבנית + מכסה 5יח,,IL,תבנית + מכסה 5יח,יחידה,1.00,יחידה,false,0,11.70,11.70,true,1,
7296073126843,false,תבניות אפיה,,IL,תבניות אפיה,יחידה,1.00,יחידה,false,0,9.60,9.60,true,1,
7296073126850,false,תבנית+מכסה 10יח,,IL,תבנית+מכסה 10יח,יחידה,1.00,יחידה,false,0,9.60,9.60,true,1,
7296073126867,false,תבנית גדולה 7 יח,,IL,תבנית גדולה 7 יח,יחידה,1.00,יחידה,false,0,9.60,9.60,true,1,
7296073126874,false,תבנית אינגליש10י,,IL,תבנית אינגליש10י,יחידה,1.00,יחידה,false,0,9.60,9.60,true,1,
7296073126881,false,תבנית ענקית 4 יח,,IL,תבנית ענקית 4 יח,יחידה,1.00,יחידה,false,0,9.60,9.60,true,1,
7296073126935,false,נייר אפייה,,IL,נייר אפייה,יחידה,1.00,יחידה,false,0,9.20,9.20,true,1,
7296073126959,false,"כוסות ח""פ",,IL,"כוסות ח""פ",יחידה,1.00,יחידה,false,0,3.90,3.90,true,1,
7296073126966,false,כוסות לשתיה קרה,,IL,כוסות לשתיה קרה,יחידה,1.00,יחידה,false,0,6.90,6.90,true,1,
7296073126973,false,כוס אלגנט לבן,,IL,כוס אלגנט לבן,יחידה,1.00,יחידה,false,0,9.20,9.20,true,1,
7296073126997,false,כוס אלגנט קרם,,IL,כוס אלגנט קרם,יחידה,1.00,יחידה,false,0,9.20,9.20,true,1,
7296073127024,false,כוסות יין שקוף,,IL,כוסות יין שקוף,יחידה,1.00,יחידה,false,0,3.10,3.10,true,1,
7296073127031,false,צלחת גדולה,,IL,צלחת גדולה,יחידה,1.00,יחידה,false,0,17.90,17.90,true,1,
7296073127055,false,צלחת גדולה לבן,,IL,צלחת גדולה לבן,יחידה,1.00,יחידה,false,0,13.90,13.90,true,1,
7296073127079,false,צלחות גדול קרם,,IL,צלחות גדול קרם,יחידה,1.00,יחידה,false,0,13.90,13.90,true,1,
7296073127086,false,צלחת גדולה זהב,,IL,צלחת גדולה זהב,יחידה,1.00,יחידה,false,0,13.90,13.90,true,1,
7296073127109,false,צלחות קטן,,IL,צלחות קטן,יחידה,1.00,יחידה,false,0,10.90,10.90,true,1,
7296073127123,false,צלחת קטנה לבן,,IL,צלחת קטנה לבן,יחידה,1.00,יחידה,false,0,11.20,11.20,true,1,
7296073127147,false,צלחת קטנה קרם,,IL,צלחת קטנה קרם,יחידה,1.00,יחידה,false,0,11.20,11.20,true,1,
7296073127154,false,צלחת קטנה זהב,,IL,צלחת קטנה זהב,יחידה,1.00,יחידה,false,0,11.20,11.20,true,1,
7296073127178,false,"צלחת מרק""יש50""יח",,IL,"צלחת מרק""יש50""יח",יחידה,1.00,יחידה,false,0,9.90,9.90,true,1,
7296073127215,false,צלחת מרק קרם,,IL,צלחת מרק קרם,יחידה,1.00,יחידה,false,0,11.40,11.40,true,1,
7296073127222,false,צלחת מרק זהב,,IL,צלחת מרק זהב,יחידה,1.00,יחידה,false,0,11.40,11.40,true,1,
7296073127246,false,"צלחות מרכזית""יש",,IL,"צלחות מרכזית""יש",יחידה,1.00,יחידה,false,0,15.80,15.80,true,1,
7296073127253,false,צלחות ליפתנית,,IL,צלחות ליפתנית,יחידה,1.00,יחידה,false,0,5.90,5.90,true,1,
7296073127260,false,ליפתניות מהודר,,,ליפתניות מהודר,יחידה,1.00,יחידה,false,0,13.40,13.40,true,1,
7296073127277,false,ליפתנית לבן,,,ליפתנית לבן,יחידה,1.00,יחידה,false,0,8.50,8.50,true,1,
7296073127291,false,ליפתנית קרם,,IL,ליפתנית קרם,יחידה,1.00,יחידה,false,0,8.50,8.50,true,1,
7296073127307,false,ליפתנית זהב,,IL,ליפתנית זהב,יחידה,1.00,יחידה,false,0,8.50,8.50,true,1,
7296073127321,false,מגש אובלי לבן,,IL,מגש אובלי לבן,יחידה,1.00,יחידה,false,0,17.00,17.00,true,1,
7296073127352,false,מגש אובלי זהב,,,מגש אובלי זהב,יחידה,1.00,יחידה,false,0,17.00,17.00,true,1,
7296073127376,false,קערית אובלית 25י,,IL,קערית אובלית 25י,יחידה,1.00,יחידה,false,0,6.70,6.70,true,1,
7296073127437,false,צלחת בינונית,,IL,צלחת בינונית,יחידה,1.00,יחידה,false,0,15.90,15.90,true,1,
7296073127451,false,מגש אובלי עמוק,,,מגש אובלי עמוק,יחידה,1.00,יחידה,false,0,12.30,12.30,true,1,
7296073127536,false,ופלים לימון יש 800 גרם,עדין,IL,ופלים לימון,גרמים,800.00,100 גרם,false,0,11.90,1.49,true,1,
7296073127543,false,"ופלים שוקולד ""יש"" 800 גר",עדין,IL,ופלים שוקולד,גרמים,800.00,100 גרם,false,0,11.90,1.49,true,1,
7296073127550,false,"ופלים לימון ""יש"" 250 גרם",עדין,IL,ופלים לימון,גרמים,250.00,100 גרם,false,0,3.90,1.56,true,1,
7296073127567,false,"ופלים שוקולד ""יש"" 250 גר",עדין,IL,ופלים שוקולד,גרמים,250.00,100 גרם,false,0,3.90,1.56,true,1,
7296073127574,false,גלילי ופל שוקולד 100 גרם,עדין,IL,גלילי ופל,גרמים,100.00,100 גרם,false,0,3.90,3.90,true,1,
7296073127581,false,גלילי ופל אגוזים 100 גרם,עדין,IL,גלילי ופל,גרמים,100.00,100 גרם,false,0,3.90,3.90,true,1,
7296073127598,false,ופלים סוויט מצופים 800גר,עדין,IL,ופלים סוויט,גרמים,800.00,100 גרם,false,0,14.90,1.86,true,1,
7296073127895,false,תבניות אלומיניום,,IL,תבניות אלומיניום,יחידה,1.00,יחידה,false,0,9.60,9.60,true,1,
7296073127901,false,מגבוני בד עבים,,IL,מגבוני בד עבים,יחידה,1.00,יחידה,false,0,19.90,19.90,true,1,
7296073127932,false,פריכיות אורז,,IL,פריכיות אורז,גרמים,310.00,100 גרם,false,0,12.10,3.90,true,1,
7296073128175,false,"נייר טואלט פרימ"".יש32""גל",שניב תעשיות נייר,IL,נייר טואלט,מטרים,589.00,100 מטר,false,0,29.90,5.08,true,1,
7296073128182,false,"נייר טואלט ""יש"" 48גלילים",שניב תעשיות נייר,IL,נייר טואלט,מטרים,883.00,100 מטר,false,0,29.90,3.39,true,1,
7296073128199,false,"מגבות נייר ""יש"" 12גלילים",שניב תעשיות נייר,IL,מגבות נייר,מטרים,12.00,מטר,false,0,18.90,1.58,true,1,
7296073128342,false,כורכום,,IL,כורכום,גרמים,100.00,100 גרם,false,0,7.80,7.80,true,1,
7296073128373,false,פפריקה מתוקה,,IL,פפריקה מתוקה,גרמים,100.00,100 גרם,false,0,7.80,7.80,true,1,
7296073128380,false,פפריקה חריפה,,IL,פפריקה חריפה,גרמים,100.00,100 גרם,false,0,7.80,7.80,true,1,
7296073128403,false,תבלין צ'ילי,,IL,תבלין צ'ילי,גרמים,80.00,100 גרם,false,0,7.80,9.75,true,1,
7296073128410,false,קינמון טחון,,IL,קינמון טחון,גרמים,100.00,100 גרם,false,0,7.80,7.80,true,1,
7296073128458,false,אורגנו,,IL,אורגנו,גרמים,40.00,100 גרם,false,0,7.80,19.50,true,1,
7296073128496,false,פלפל שחור גרוס,,IL,פלפל שחור גרוס,גרמים,100.00,100 גרם,false,0,9.90,9.90,true,1,
7296073128571,false,כמון,,IL,כמון,גרמים,50.00,100 גרם,false,0,4.80,9.60,true,1,
7296073128618,false,פלפל שחור,,IL,פלפל שחור,גרמים,50.00,100 גרם,false,0,6.90,13.80,true,1,
7296073128632,false,פפריקה חריפה,,IL,פפריקה חריפה,גרמים,80.00,100 גרם,false,0,4.50,5.63,true,1,
7296073128755,false,וופל בלגי 150 גרם,גילרו,IL,וופל בלגי,גרמים,150.00,100 גרם,false,0,3.30,2.20,true,1,
7296073128762,false,פתיבר וניל 110 גרם,מגדנית הדר,IL,פתיבר וניל,גרמים,110.00,100 גרם,false,0,3.10,2.82,true,1,
7296073128779,false,פתיבר שוקו 110 גרם,מגדנית הדר,IL,פתיבר שוקו,גרמים,110.00,100 גרם,false,0,3.10,2.82,true,1,
7296073128786,false,קרקר מלח 110 גרם,מגדנית הדר,IL,קרקר מלח,גרמים,110.00,100 גרם,false,0,3.10,2.82,true,1,
7296073128793,false,קרקר טופז 110 גרם,מגדנית הדר,IL,קרקר טופז,גרמים,110.00,100 גרם,false,0,3.10,2.82,true,1,
7296073128809,false,קרקר שומשום 110 גרם,מגדנית הדר,IL,קרקר שומשום,גרמים,110.00,100 גרם,false,0,3.10,2.82,true,1,
7296073128816,false,"פתיבר קלאסי יש 1.7 ק""ג",מגדנית הדר,IL,פתיבר,קילוגרמים,1.70,"ק""ג",false,0,19.90,11.71,true,1,
7296073128823,false,פתיבר 500 גרם,מגדנית הדר,IL,פתיבר,גרמים,500.00,100 גרם,false,0,8.90,1.78,true,1,
7296073128854,false,עוגיות סנדוויץ תות 150גר,מגדנית הדר,IL,עוגיות סנדוויץ,גרמים,150.00,100 גרם,false,0,3.90,2.60,true,1,
7296073128861,false,עוגיות סנדוויץ וניל150גר,מגדנית הדר,IL,עוגיות סנדוויץ,גרמים,150.00,100 גרם,false,0,3.90,2.60,true,1,
7296073128878,false,עוגיות סנדוויץ שוקו900גר,מגדנית הדר,IL,עוגיות סנדוויץ,גרמים,900.00,100 גרם,false,0,18.90,2.10,true,1,
7296073128885,false,עוגיות סנדוויץ וניל900גר,מגדנית הדר,IL,עוגיות סנדוויץ,גרמים,900.00,100 גרם,false,0,18.90,2.10,true,1,
7296073128892,false,ביסקויט חצי מצופה 175 גר,מגדנית הדר,IL,ביסקויט,גרמים,175.00,100 גרם,false,0,5.90,3.37,true,1,
7296073128908,false,מיץ ענבים 1 ליטר,יקבי ארזה,IL,מיץ ענבים,ליטרים,1.00,ליטר,false,0,11.20,11.20,true,1,
7296073128915,false,יין לקידוש בציר 1 ליטר,יקבי ארזה,IL,יין לקידוש,ליטרים,1.00,ליטר,false,0,12.90,12.90,true,1,
7296073129066,false,קמח לבן,,IL,קמח לבן,קילוגרמים,1.00,"ק""ג",false,0,2.90,2.90,true,1,
7296073129264,false,"אקונומיקה ריחנית""יש"" 4ל'",סנו,IL,ארונומיקה,ליטרים,4.00,ליטר,false,0,7.00,1.75,true,1,
7296073129370,false,מנקה חלונות,,,מנקה חלונות,מיליליטרים,750.00,"100 מ""ל",false,0,7.40,0.99,true,1,
7296073129738,false,זוג רדידים,,IL,זוג רדידים,מטרים,2.00,מטר,false,0,12.50,6.25,true,1,
7296073129745,false,זוג רדידים,,IL,זוג רדידים,מטרים,2.00,מטר,false,0,16.30,8.15,true,1,
7296073129752,false,ניילון נצמד 2X,,IL,ניילון נצמד 2X,מטרים,2.00,מטר,false,0,10.40,5.20,true,1,
7296073129776,false,פתיבר שוקו יש 500 גרם,מגדנית הדר,IL,פתיבר שוקו,גרמים,500.00,100 גרם,false,0,8.90,1.78,true,1,
7296073129974,false,"סלט חומוס מזרחי ""יש"" 1קג",סלטי שמיר,IL,סלט חומוס מזרחי,קילוגרמים,1.00,"ק""ג",false,0,11.50,11.50,true,1,
7296073130000,false,"סלט חציל במיונז ""יש700""ג",סלטי שמיר,IL,סלט חציל במיונז,גרמים,700.00,100 גרם,false,0,10.90,1.56,true,1,
7296073130024,false,"סלט כרוב אדום ""יש"" 700גר",סלטי שמיר,IL,סלט כרוב אדום,גרמים,700.00,100 גרם,false,0,10.90,1.56,true,1,
7296073130048,false,"סלט טחינה ""יש"" 700 גרם",סלטי שמיר,IL,סלט טחינה,גרמים,700.00,100 גרם,false,0,10.90,1.56,true,1,
7296073130482,false,סבון אסלה,,,סבון אסלה,גרמים,165.00,100 גרם,false,0,10.20,6.18,true,1,
7296073132103,false,פתיתים אורז,,IL,פתיתים אורז,גרמים,500.00,100 גרם,false,0,4.90,0.98,true,1,
7296073132110,false,פתיתים קוסקוס,,IL,פתיתים קוסקוס,גרמים,500.00,100 גרם,false,0,4.90,0.98,true,1,
7296073132127,false,פרורי לחם,,IL,פרורי לחם,גרמים,500.00,100 גרם,false,0,4.90,0.98,true,1,
7296073132134,false,פרורי לחם מוזהב,,IL,פרורי לחם מוזהב,גרמים,500.00,100 גרם,false,0,4.90,0.98,true,1,
7296073132837,false,"נר נשמה ""יש""",,IL,"נר נשמה ""יש""",יחידה,1.00,יחידה,false,0,1.60,1.60,true,1,
7296073132844,false,"נר חימום""יש50""יח",,IL,"נר חימום""יש50""יח",יחידה,1.00,יחידה,false,0,10.90,10.90,true,1,
7296073132851,false,"נר שבועי ""יש""",,IL,"נר שבועי ""יש""",יחידה,1.00,יחידה,false,0,9.90,9.90,true,1,
7296073132868,false,"נר חימום""יש100""י",,IL,"נר חימום""יש100""י",יחידה,1.00,יחידה,false,0,18.90,18.90,true,1,
7296073133605,false,טחינה יש 500 גרם,"אחדות ביח""ר לטחינה",IL,טחינה,גרמים,500.00,100 גרם,false,0,11.90,2.38,true,1,
7296073133797,false,סולת,,IL,סולת,קילוגרמים,1.00,"ק""ג",false,0,3.00,3.00,true,1,
7296073133803,false,קמח מלא,,IL,קמח מלא,קילוגרמים,1.00,"ק""ג",false,0,5.50,5.50,true,1,
7296073133926,false,שמן קנולה,,BE,שמן קנולה,ליטרים,1.00,ליטר,false,0,6.90,6.90,true,1,
7296073133933,false,ספגטי,,TR,ספגטי,גרמים,500.00,100 גרם,false,0,2.90,0.58,true,1,
7296073133940,false,ספגטיני,,TR,ספגטיני,גרמים,500.00,100 גרם,false,0,2.90,0.58,true,1,
7296073133971,false,קונכיות,,TR,קונכיות,גרמים,500.00,100 גרם,false,0,2.90,0.58,true,1,
7296073133995,false,שמן זית כתית,,ES,שמן זית כתית,מיליליטרים,750.00,"100 מ""ל",false,0,29.90,3.99,true,1,
7296073134107,false,ממחטות אף דו שכבתי צץ רץ,שניב תעשיות נייר,IL,ממחטות אף,יחידה,1.00,יחידה,false,0,10.90,10.90,true,1,
7296073134152,false,מפיות חד שכבתי 100 יח',שניב תעשיות נייר,IL,מפיות חד שכבתי,יחידה,1.00,יחידה,false,0,5.20,5.20,true,1,
7296073134497,false,"דבש לחיץ ""יש"" 350 גרם",מכוורת עמק חפר,IL,דבש לחיץ,גרמים,350.00,100 גרם,false,0,18.90,5.40,true,1,
7296073134503,false,"דבש ""יש"" 1 ק""ג",מכוורת עמק חפר,IL,דבש יש,קילוגרמים,1.00,"ק""ג",false,0,38.90,38.90,true,1,
7296073134510,false,"דבש ""יש"" 1.5 ק""ג",מכוורת עמק חפר,IL,דבש יש,קילוגרמים,1.50,"ק""ג",false,0,53.90,35.93,true,1,
7296073134527,false,"דבש ""יש"" 500 גרם",מכוורת עמק חפר,IL,דבש יש,גרמים,500.00,100 גרם,false,0,20.90,4.18,true,1,
7296073135005,false,צלחות ענק כחול,,IL,צלחות ענק כחול,יחידה,1.00,יחידה,false,0,19.90,19.90,true,1,
7296073135036,false,צלחות ענק זהב,,IL,צלחות ענק זהב,יחידה,1.00,יחידה,false,0,19.90,19.90,true,1,
7296073135050,false,מגש אובלי 12 יח,,,מגש אובלי 12 יח,יחידה,1.00,יחידה,false,0,12.30,12.30,true,1,
7296073135074,false,מגש אובלי 12יח,,,מגש אובלי 12יח,יחידה,1.00,יחידה,false,0,12.30,12.30,true,1,
7296073136217,false,משקה הקפאה 8 יח,,IL,משקה הקפאה 8 יח,גרמים,800.00,100 גרם,false,0,4.90,0.61,true,1,
7296073140511,false,"גביעי גלידה ""יש"" 105 גרם",גילרו,IL,גביעי גלידה,גרמים,105.00,100 גרם,false,0,9.90,9.43,true,1,
7296073142447,false,פטריות 400 גרם,,NL,פטריות 400 גרם,גרמים,400.00,100 גרם,false,0,4.90,1.23,true,1,
7296073142478,false,צ'יפס קלאסי יש 2.2קג,תפוגן,IL,צ'יפס קלאסי,קילוגרמים,2.20,"ק""ג",false,0,19.90,9.05,true,1,
7296073148524,false,שמן זית למאור,,IL,שמן זית למאור,ליטרים,1.00,ליטר,false,0,19.90,19.90,true,1,
7296073151371,false,"זוג מפות ח""פ""יש",,IL,"זוג מפות ח""פ""יש",יחידה,1.00,יחידה,false,0,9.10,9.10,true,1,
7296073151616,false,"כפות ח""פ 100 יח",,IL,"כפות ח""פ 100 יח",יחידה,1.00,יחידה,false,0,4.70,4.70,true,1,
7296073151623,false,"מזלגות ח""פ ""יש""",,IL,"מזלגות ח""פ ""יש""",יחידה,1.00,יחידה,false,0,4.70,4.70,true,1,
7296073151630,false,"סכינים ח""פ 100יח",,IL,"סכינים ח""פ 100יח",יחידה,1.00,יחידה,false,0,4.70,4.70,true,1,
7296073151647,false,"כפות ח""פ 100יח",,IL,"כפות ח""פ 100יח",יחידה,1.00,יחידה,false,0,4.70,4.70,true,1,
7296073151661,false,"כפות ח""פ""יש50""יח",,IL,"כפות ח""פ""יש50""יח",יחידה,1.00,יחידה,false,0,5.80,5.80,true,1,
7296073151678,false,"כפות ח""פ""יש50""יח",,IL,"כפות ח""פ""יש50""יח",יחידה,1.00,יחידה,false,0,5.80,5.80,true,1,
7296073151715,false,"מזלגות ח""פ 50יח1",,IL,"מזלגות ח""פ 50יח1",יחידה,1.00,יחידה,false,0,5.80,5.80,true,1,
7296073151722,false,"מזלגות ח""פ 50 יח",,IL,"מזלגות ח""פ 50 יח",יחידה,1.00,יחידה,false,0,5.80,5.80,true,1,
7296073151760,false,"סכינים ח""פ 50יח",,IL,"סכינים ח""פ 50יח",יחידה,1.00,יחידה,false,0,5.80,5.80,true,1,
7296073151777,false,"סכינים ח""פ 50 יח",,IL,"סכינים ח""פ 50 יח",יחידה,1.00,יחידה,false,0,5.80,5.80,true,1,
7296073151814,false,"כפיות ח""פ 50 יח",,IL,"כפיות ח""פ 50 יח",יחידה,1.00,יחידה,false,0,5.80,5.80,true,1,
7296073151821,false,"כפיות ח""פ 50 יח",,IL,"כפיות ח""פ 50 יח",יחידה,1.00,יחידה,false,0,5.80,5.80,true,1,
7296073152644,false,"שקדי מרק 400 גרם ""יש""",מנה,IL,שקדי מרק 400 גרם,גרמים,400.00,100 גרם,false,0,6.90,1.73,true,1,
7296073160960,false,מטיות ריצפה 4 יח,,IL,מטיות ריצפה 4 יח,יחידה,1.00,יחידה,false,0,9.30,9.30,true,1,
7296073160977,false,מטליות לניקוי,,IL,מטליות לניקוי,יחידה,1.00,יחידה,false,0,9.50,9.50,true,1,
7296073160984,false,גליל מטליות כללי,,IL,גליל מטליות כללי,יחידה,1.00,יחידה,false,0,18.20,18.20,true,1,
7296073160991,false,ננס כריות מתכת,,,ננס כריות מתכת,יחידה,1.00,יחידה,false,0,5.10,5.10,true,1,
7296073161004,false,צמר פלדה 5 יח,,IL,צמר פלדה 5 יח,גרמים,5.00,100 גרם,false,0,3.70,74.00,true,1,
7296073161011,false,ספוג סקוטש 10 יח,,IL,ספוג סקוטש 10 יח,יחידה,1.00,יחידה,false,0,5.00,5.00,true,1,
7296073161028,false,מטלית מיקרופייבר,,IL,מטלית מיקרופייבר,יחידה,1.00,יחידה,false,0,9.40,9.40,true,1,
7296073161035,false,מטלית מיקרופייבר,,IL,מטלית מיקרופייבר,יחידה,1.00,יחידה,false,0,5.40,5.40,true,1,
7296073161042,false,סקוטש משובח 3 יח,,IL,סקוטש משובח 3 יח,יחידה,1.00,יחידה,false,0,6.20,6.20,true,1,
7296073161059,false,כרית יפנית 6 יח,,IL,כרית יפנית 6 יח,יחידה,1.00,יחידה,false,0,8.10,8.10,true,1,
7296073161066,false,ספוג פלא 6יח,,IL,ספוג פלא 6יח,יחידה,1.00,יחידה,false,0,8.90,8.90,true,1,
7296073162124,false,"קרקר שומשום ""יש"" 600 גרם",מגדנית הדר,IL,קרקר בקרטון 600ג,גרמים,600.00,100 גרם,false,0,9.90,1.65,true,1,
7296073162131,false,"קרקר בקרטון מלח""יש600""ג",מגדנית הדר,IL,קרקר 600 גרם,גרמים,600.00,100 גרם,false,0,9.90,1.65,true,1,
7296073162902,false,"תירס ""יש"" 550 גרם",זנלכל,IL,"תירס ""יש"" 550גרם",גרמים,550.00,100 גרם,false,0,4.20,0.76,true,1,
7296073162940,false,"אפונה ""יש"" 550 גרם",זנלכל,IL,"אפונה ""יש"" 550גר",גרמים,550.00,100 גרם,false,0,5.80,1.05,true,1,
7296073162957,false,"אפונה וגזר ""יש"" 550 גרם",זנלכל,IL,אפונה וגזר 550ג,גרמים,550.00,100 גרם,false,0,5.70,1.04,true,1,
7296073162988,false,"שעועית אפויה ""יש"" 580גרם",זנלכל,IL,שעועית אפויה,גרמים,580.00,100 גרם,false,0,4.50,0.78,true,1,
7296073163008,false,"חומוס ""יש"" 550 גרם",זנלכל,IL,"חומוס ""יש550""גרם",גרמים,550.00,100 גרם,false,0,5.80,1.05,true,1,
7296073170471,false,תבניות מאפינס,,IL,תבניות מאפינס,יחידה,1.00,יחידה,false,0,9.40,9.40,true,1,
7296073170488,false,25 כוסות קלקר,,,25 כוסות קלקר,יחידה,1.00,יחידה,false,0,4.20,4.20,true,1,
7296073171102,false,חטיף גריל 70 גרם,מנה,IL,חטיף גריל 70 גרם,גרמים,70.00,100 גרם,false,0,2.90,4.14,true,1,
7296073171454,false,"חטיף ברביקיו""יש",,,"חטיף ברביקיו""יש",גרמים,70.00,100 גרם,false,0,2.90,4.14,true,1,
7296073171478,false,"חטיף ברביקיו ""יש"" 200גרם",מנה,IL,"חטיף ברביקיו""יש",גרמים,200.00,100 גרם,false,0,5.40,2.70,true,1,
7296073187714,false,"ניוקי 500ג ""יש""",,IL,"ניוקי 500ג ""יש""",גרמים,500.00,100 גרם,false,0,2.90,0.58,true,1,
7296073189398,false,"פחם 2 ק""ג ""יש""",,,"פחם 2 ק""ג ""יש""",קילוגרמים,2.00,"ק""ג",false,0,13.90,6.95,true,1,
7296073206392,false,מלפפון במלח 9-7 560 גרם,פריניר,IL,מלפפון במלח,גרמים,560.00,100 גרם,false,0,4.40,0.79,true,1,
7296073206408,false,מלפפונים בחומץ 7-9 560 ג,פריניר,IL,מלפפון בחומץ,גרמים,560.00,100 גרם,false,0,4.40,0.79,true,1,
7296073206415,false,מלפפון במלח 10-12 560 גר,פריניר,IL,מלפפון במלח,גרמים,560.00,100 גרם,false,0,5.30,0.95,true,1,
7296073206422,false,לפפון בחומץ 10-12 560 גר,פריניר,IL,מלפון בחומץ,גרמים,560.00,100 גרם,false,0,5.30,0.95,true,1,
7296073206507,false,זיתים טבעות מושחר 560 גר,פריניר,IL,זית טבעות מושחר,גרמים,560.00,100 גרם,false,0,7.90,1.41,true,1,
7296073211624,false,"פילה אמנון ק""ג",שופרסל,CN,פילה אמנון,קילוגרמים,0.00,"ק""ג",true,0,39.90,39.90,true,1,
7296073212287,false,מגבוני ניירטואלט,,IL,מגבוני ניירטואלט,יחידה,1.00,יחידה,false,0,11.00,11.00,true,1,
7296073219934,false,"קמח 1 ק""ג",,IL,"קמח 1 ק""ג",קילוגרמים,1.00,"ק""ג",false,0,2.90,2.90,true,1,
7296073220145,false,מלפפונים במלח 13-17 560ג,פריניר,IL,מלפפונים במלח 13-17 560ג,גרמים,560.00,100 גרם,false,0,6.00,1.07,true,1,
7296073222910,false,מארז קערות גדול מרובע שק,,IL,מארז קערות גדול מרובע שק,יחידה,1.00,יחידה,false,0,49.00,49.00,true,1,
7296073224969,false,געפילטע פיש 670ג,,IL,געפילטע פיש 670ג,גרמים,670.00,100 גרם,false,0,12.90,1.93,true,1,
7296073225447,false,"קפה נמס ""יש""",,IL,"קפה נמס ""יש""",גרמים,200.00,100 גרם,false,0,12.90,6.45,true,1,
7296073236115,false,לחם אחיד פרוס 750 גרם,מאפיית דוידוביץ,IL,לחם אחיד פרוס 750 גרם,גרמים,750.00,100 גרם,false,1,4.90,0.65,true,1,
7296073237280,false,"חומוס מזרחי ""יש400"" גרם",סלטי שמיר,IL,חומוס מזרחי 400ג,גרמים,400.00,100 גרם,false,1,6.90,1.73,true,1,
7296073237297,false,"חציל במיונז ""יש"" 400 גרם",סלטי שמיר,IL,חציל במיונז 400,גרמים,400.00,100 גרם,false,1,6.90,1.73,true,1,
7296073237303,false,"כרוב אדום""יש"" 400 גרם",סלטי שמיר,IL,כרוב אדום 400גרם,גרמים,400.00,100 גרם,false,1,6.90,1.73,true,1,
7296073237310,false,חציל על האש בטחינה 400גר,סלטי שמיר,IL,חציל על האש400גר,גרמים,400.00,100 גרם,false,1,6.90,1.73,true,1,
7296073237327,false,"טחינה ביתית 400 גרם""יש""",סלטי שמיר,IL,טחינה ביתית 400ג,גרמים,400.00,100 גרם,false,1,6.90,1.73,true,1,
7296073237334,false,"סלט תפו""א ""יש"" 400 גרם",סלטי שמיר,IL,"סלט תפו""א 400גרם",גרמים,400.00,100 גרם,false,1,6.90,1.73,true,1,
7296073237341,false,"מטבוחה ""יש"" 400 גרם",סלטי שמיר,IL,מטבוחה 400 גרם,גרמים,400.00,100 גרם,false,1,6.90,1.73,true,1,
7296073237358,false,"חציל על האש""יש"" 400 גרם",סלטי שמיר,IL,חציל על האש 400ג,גרמים,400.00,100 גרם,false,1,6.90,1.73,true,1,
7296073237365,false,"חומוס עם מסבחה400ג ""יש """,סלטי שמיר,IL,חומוס עם מסבחה,גרמים,400.00,100 גרם,false,1,6.90,1.73,true,1,
7296073237372,false,"סלט סלק מגורד 400 ג ""יש""",סלטי שמיר,IL,סלט סלק מגורד,גרמים,400.00,100 גרם,false,1,6.90,1.73,true,1,
7296073237389,false,"סלט גזר מרוקאי400גרם""יש""",סלטי שמיר,IL,סלט גזר מרוקאי,גרמים,400.00,100 גרם,false,1,6.90,1.73,true,1,
7296073237396,false,"סלט קולסלאו 400גרם""יש""",סלטי שמיר,IL,סלט קולסלאו,גרמים,400.00,100 גרם,false,1,6.90,1.73,true,1,
7296073237402,false,חומוס עם הרבה טחינה400ג,סלטי שמיר,IL,חומוס עם טחינה,גרמים,400.00,100 גרם,false,1,6.90,1.73,true,1,
7296083000294,false,"מיץ דרינק תפוז 180 מ""ל",,IL,"מיץ דרינק תפוז 180 מ""ל",מיליליטרים,180.00,"100 מ""ל",false,0,14.70,8.17,true,1,
7296146077997,false,כוסית עם רגל,,IL,כוסית עם רגל,יחידה,1.00,יחידה,false,0,3.00,3.00,true,1,
7297174000025,false,מלבין טליתות סופר זיץ40ג,,IL,מלבין טליתות סופר זיץ40ג,גרמים,40.00,100 גרם,false,0,11.30,28.25,true,1,
7297395000064,false,בדי טהרה במארז שלישייה,,IL,בדי טהרה במארז שלישייה,יחידה,1.00,יחידה,false,0,13.10,13.10,true,1,
7297395000194,false,בדי טהרה אריג 20 יח,,IL,בדי טהרה אריג 20 יח,יחידה,1.00,יחידה,false,0,5.50,5.50,true,1,
7312040017683,false,וודקה אבסולוט,,SE,וודקה אבסולוט,מיליליטרים,700.00,"100 מ""ל",false,0,89.90,12.84,true,1,
7380580005255,false,אביזרים לבית,,IL,אביזרים לבית,יחידה,1.00,יחידה,false,0,7.90,7.90,true,1,
7480588956563,false,אביזרים לבית י,,IL,אביזרים לבית י,יחידה,1.00,יחידה,false,0,9.90,9.90,true,1,
7501001303549,false,פנטן קרם לחות מוגברת300,פרוקטר & גמבל,IL,קרם לשיער פנטן,מיליליטרים,300.00,"100 מ""ל",false,0,22.90,7.63,true,1,
7613033539107,false,מחית תפוח בננה שלב2 130ג,נסטלה,PL,מחית שלב 2 מטרנה,גרמים,130.00,100 גרם,false,0,5.00,3.85,true,1,
7613033539121,false,מחית סלט פירות שלב2 130ג,נסטלה,PL,מחית שלב 2 מטרנה,גרמים,130.00,100 גרם,false,0,5.00,3.85,true,1,
7613033539800,false,מחית פירות טרופ.שלב3 190,נסטלה,PL,מחית שלב 3 מטרנה,גרמים,190.00,100 גרם,false,0,5.50,2.89,true,1,
7613035241534,false,מולטי צ'יריוס 375 גרם,סי.פי אנגליה,GB,מולטי צ'יריוס,גרמים,375.00,100 גרם,false,1,15.00,4.00,true,1,
7613500107105,false,50 רפידות הנקה ג'וסונס,ג'ונסון,FR,רפידות הנקה,יחידה,1.00,יחידה,false,0,29.20,29.20,true,1,
7622300001568,false,קפה ג'קובס קרוננג 200 גר,מונדלייז,DE,קפה נמס ג'קובס,גרמים,200.00,100 גרם,false,0,29.90,14.95,true,1,
7690589856667,false,אביזרים לבית,,IL,אביזרים לבית,יחידה,1.00,יחידה,false,0,12.90,12.90,true,1,
7702018010639,false,8סכינ.פיוזן פרוגליד ידני,פרוקטר & גמבל,DE,8סכינ.פיוזן פרוגליד ידני,יחידה,1.00,יחידה,false,0,161.70,161.70,true,1,
7702018985708,false,דאו.ג'ילט ספריי A.L 150מ,פרוקטר & גמבל,GB,דאודורנט ספריי,מיליליטרים,150.00,"100 מ""ל",false,0,21.70,14.47,true,1,
7790580106966,false,בון בון צהוב 288 גרם,ארקור,AR,בון בון צהוב,גרמים,288.00,100 גרם,false,1,18.90,6.56,true,1,
7790580300302,false,בון בון צהוב 306 גרם,,IL,בון בון צהוב 306 גרם,גרמים,306.00,100 גרם,false,0,17.60,5.75,true,1,
7790580315962,false,סוכריות ממולאות,,AR,סוכריות ממולאות,גרמים,470.00,100 גרם,false,0,16.50,3.51,true,1,
7790580315979,false,סוכריות ממולאות,,IL,סוכריות ממולאות,גרמים,470.00,100 גרם,false,0,16.50,3.51,true,1,
7790580315986,false,סוכריות ממולאות,,AR,סוכריות ממולאות,גרמים,470.00,100 גרם,false,0,16.50,3.51,true,1,
7790580315993,false,טופי חלב קרם שוקולד 483ג,,AR,טופי חלב קרם שוקולד 483ג,גרמים,483.00,100 גרם,false,0,19.10,3.95,true,1,
7790580328511,false,טופי חלב בטעם קפה 483גרם,,,טופי חלב בטעם קפה 483גרם,גרמים,483.00,100 גרם,false,0,19.30,4.00,true,1,
7790580328931,false,סוכ. ממולא דובדבן 470 ג,,AR,סוכ. ממולא דובדבן 470 ג,גרמים,470.00,100 גרם,false,0,16.50,3.51,true,1,
7791293567983,false,דאו.דאב אורגינל ספריי169,יוניליוור,AR,דאודורנט דאב,מיליליטרים,169.00,"100 מ""ל",false,0,22.90,13.55,true,1,
7891024124826,false,קולגייט אופטיק וייט 75מל,קולגייט-פלמוליב,IL,משחת קולגייט,מיליליטרים,75.00,"100 מ""ל",false,0,25.90,34.53,true,1,
7900250001006,false,אביזרים לבית,,IL,אביזרים לבית,יחידה,1.00,יחידה,false,0,15.90,15.90,true,1,
7900250001013,false,אביזרים לבית,,IL,אביזרים לבית,יחידה,1.00,יחידה,false,0,19.90,19.90,true,1,
8005200036561,false,נסטי מוגז בטעם אפרסק1.5ל,סן-פלגרינו,IT,נסטי מוגז אפרסק,ליטרים,1.50,ליטר,false,1,7.90,5.27,true,1,
8005200496525,false,נסטי בטעם אפרסק 1.5 ליטר,סן-פלגרינו,IT,נסטי בטעם אפרסק,ליטרים,1.50,ליטר,false,0,6.70,4.47,true,1,
8005200556526,false,נסטי בטעם לימון 1.5 ליטר,סן-פלגרינו,IT,נסטי בטעם לימון,ליטרים,1.50,ליטר,false,0,6.70,4.47,true,1,
8005200786527,false,נסטי בטעם תפוח 1.5 ליטר,סן-פלגרינו,IT,נסטי בטעם תפוח,ליטרים,1.50,ליטר,false,0,6.70,4.47,true,1,
8032573170035,false,"מוסקטו 750 מ""ל",,IT,"מוסקטו 750 מ""ל",מיליליטרים,750.00,"100 מ""ל",false,0,45.20,6.03,true,1,
8076800195057,false,ספגטיני מס' 5 ברילה500גר,ברילה,IT,ספגטי מס 5 ברילה,גרמים,500.00,100 גרם,false,0,9.50,1.90,true,1,
8076809512268,false,פסטה גירנדולה מס34' 500ג,ברילה,IT,פסטה גירנדולה,גרמים,500.00,100 גרם,false,0,9.50,1.90,true,1,
8076809513388,false,רוטב לפסטה ארביאטה400גרם,ברילה,IT,רוטב לפסטה ארביאטה400גרם,גרמים,400.00,100 גרם,false,0,13.00,3.25,true,1,
8076809513654,false,בסיס לרוטב בולונז 400 גר,ברילה,IT,בסיס לרוטב,גרמים,400.00,100 גרם,false,0,13.00,3.25,true,1,
8076809523738,false,לזניה ברילה 500 גרם,ברילה,IT,לזניה ברילה 500 גרם,גרמים,500.00,100 גרם,false,0,18.90,3.78,true,1,
8410104039134,false,"פיניש לניקוי מדיח 250מ""ל",רקיט בנקיזר,PL,פיניש ניקוי מדיח,מיליליטרים,250.00,"100 מ""ל",false,0,14.90,5.96,true,1,
8410104136154,false,פיניש ג'ל הכל ב1 650מל,רקיט בנקיזר,PL,פיניש ג'ל הכל ב1 650מל,מיליליטרים,650.00,"100 מ""ל",false,0,34.90,5.37,true,1,
8590160891652,false,קפה נמס ג'קובס גולד200ג,מונדלייז,DE,קפה גיקובס גולד,גרמים,200.00,100 גרם,false,0,28.90,14.45,true,1,
8594019381080,false,דגני בוקר שוק.וקוקוס340ג,סמיקס,CZ,דגנים גו פיט,גרמים,340.00,100 גרם,false,0,19.90,5.85,true,1,
8594019381295,false,דגני בוקר שוקולד מריר340,סמיקס,CZ,דגנים גו פיט,גרמים,340.00,100 גרם,false,0,19.90,5.85,true,1,
8690327511727,false,"בירה קייזר 500 מ""ל","פורמן ס.א. בע""מ",PL,בירה קייזר,מיליליטרים,500.00,"100 מ""ל",false,1,6.90,1.38,true,1,
8690637538858,false,"דאו.אקס שוקולד 150 מ""ל",יוניליוור,TR,דאודורנט אקס,מיליליטרים,150.00,"100 מ""ל",false,0,19.90,13.27,true,1,
8690637538940,false,"דאודורנט אקס וייס 150מ""ל",יוניליוור,TR,דאודורנט אקס,מיליליטרים,150.00,"100 מ""ל",false,0,19.90,13.27,true,1,
8690637555084,false,בדין אקסטרא פריחת התפוז,יוניליוור,TR,מרכך בדין אקסטרא,מיליליטרים,960.00,"100 מ""ל",false,0,16.90,1.76,true,1,
8690637611698,false,דאו.אקס לגבר אנרכי 150 מ,יוניליוור,TR,דאודורנט אקס,מיליליטרים,150.00,"100 מ""ל",false,0,19.90,13.27,true,1,
8690637617966,false,רקסונה רולאון שאוור 50מ,יוניליוור,TR,דאו.רקסונה,מיליליטרים,50.00,"100 מ""ל",false,0,15.90,31.80,true,1,
8690637673887,false,אקס בודי ספריי גולד 150מ,יוניליוור,TR,אקס ספריי לגוף,מיליליטרים,150.00,"100 מ""ל",false,0,19.90,13.27,true,1,
8690637682537,false,בדין אקסטרה זהב 960מל,יוניליוור,IL,בדין אקסטרה,מיליליטרים,960.00,"100 מ""ל",false,0,16.90,1.76,true,1,
8690637682551,false,בדין אקסטרה שחור960מל,יוניליוור,IL,בדין אקסטרה,מיליליטרים,960.00,"100 מ""ל",false,0,16.90,1.76,true,1,
8690637682575,false,בדין אקסטרה אדום960מל,יוניליוור,IL,בדין אקסטרה,מיליליטרים,960.00,"100 מ""ל",false,0,16.90,1.76,true,1,
8690637688195,false,תה ירוק קלאסי ליפטון20ש,יוניליוור,IL,תה ירוק ליפטון,גרמים,30.00,100 גרם,false,0,16.90,56.33,true,1,
8690637688232,false,תה ירוק עם נענע 20שק,יוניליוור,IL,תה ירוק ליפטון,גרמים,30.00,100 גרם,false,0,16.90,56.33,true,1,
8690637704291,false,"דאב שמפו משקם 600 מ""ל",יוניליוור,TR,דאב שמפו משקם,מיליליטרים,600.00,"100 מ""ל",false,0,19.50,3.25,true,1,
8690637704413,false,"דאב מרכך משקם 600 מ""ל",יוניליוור,TR,דאב מרכך משקם,מיליליטרים,600.00,"100 מ""ל",false,0,19.50,3.25,true,1,
8690637704437,false,דאב שמפו שמני הזנה 600 מ,יוניליוור,TR,שמפו דאב,מיליליטרים,600.00,"100 מ""ל",false,0,19.50,3.25,true,1,
8690637704451,false,דאב מרכך שמני הזנה 600 מ,יוניליוור,TR,דאב מרכך,מיליליטרים,600.00,"100 מ""ל",false,0,19.50,3.25,true,1,
8690770322598,false,שמרים יבשים 125 גרם,הנמל,,שמרים יבשים 125 גרם,גרמים,125.00,100 גרם,false,0,4.60,3.68,true,1,
8690777203012,false,פלפל ירוק כבוש,,TR,פלפל ירוק כבוש,גרמים,600.00,100 גרם,false,0,11.90,1.98,true,1,
8690777204071,false,פלפל חריף,,TR,פלפל חריף,גרמים,640.00,100 גרם,false,0,11.90,1.86,true,1,
8690777206051,false,חציל קלוי,,TR,חציל קלוי,גרמים,650.00,100 גרם,false,0,11.90,1.83,true,1,
8690784211505,false,גלייד אירוסול 300 מל,vaill aerosol coster,TR,גלייד מטהר אוויר,מיליליטרים,300.00,"100 מ""ל",false,0,8.90,2.97,true,1,
8690784511223,false,דאק לאסלה 5ב1ניחוח הדרים,דאופלור S.P.I,IT,דאק לאסלה 5ב1,יחידה,1.00,יחידה,false,1,8.90,8.90,true,1,
8690784511339,false,דאק לאסלה 5ב1ניחוח ים,דאופלור S.P.I,IT,דאק לאסלה 5ב1,יחידה,1.00,יחידה,false,1,8.90,8.90,true,1,
8690784511445,false,דאק לאסלה 5ב1ניחוח לבנדר,דאופלור S.P.I,IT,דאק לאסלה 5ב1,יחידה,1.00,יחידה,false,1,8.90,8.90,true,1,
8692440001086,false,כוסות פלססטיק ש.קרה100יח,שניב,IL,כוסות פלסטיק100י,יחידה,1.00,יחידה,false,1,3.90,3.90,true,1,
8693323002909,false,סוכ.גומי תולעים חמוץ250ג,סאאדת,IL,סוכריות גומי,גרמים,100.00,100 גרם,false,0,11.70,11.70,true,1,
8693323003906,false,ג'לי בצורת דובנים 250,סאאדת,IL,ג'לי דובונים,גרמים,250.00,100 גרם,false,0,11.70,4.68,true,1,
8693323005900,false,ג'לי בצורת תולעים 250 גר,סאאדת,IL,ג'לי בצורת תולעי,גרמים,250.00,100 גרם,false,0,11.70,4.68,true,1,
8693323008901,false,סוכ.גומי תולעים חמוץ800ג,סאאדת,IL,סוכריות גומי,גרמים,800.00,100 גרם,false,0,18.80,2.35,true,1,
8693323009908,false,סוכ. גומי בצורת תולעי800,סאאדת,IL,סוכריות גומי,גרמים,800.00,100 גרם,false,0,18.80,2.35,true,1,
8693323012908,false,סוכ.ג'לי פטל ואוכמניו800,סאאדת,IL,סוכריות ג'לי,גרמים,800.00,100 גרם,false,0,18.80,2.35,true,1,
8693323028909,false,יוגטה ספגטי ת.פרוטי 100ג,ג'נרל קנדי,IL,יוגטה ספגטי ת.פרוטי 100ג,גרמים,100.00,100 גרם,false,0,5.20,5.20,true,1,
8693323035013,false,יוגטה גומי תות 300 גרם,סאדאט,TR,יוגטה גומי תות 300 גרם,גרמים,300.00,100 גרם,false,0,9.90,3.30,true,1,
8693495006972,false,"משחה קולגייט טוטל 75 מ""ל",קולגייט-פלמוליב,CH,משחת שיניים,מיליליטרים,75.00,"100 מ""ל",false,0,16.20,21.60,true,1,
8710428005755,false,סימילאק איזומיל NG 400 ג,אבוט,IL,סימילאק איזומיל,גרמים,400.00,100 גרם,false,0,42.10,10.53,true,1,
8710428005762,false,סימילאק איזומיל NGטף400,אבוט,IL,סימילאק איזומיל,גרמים,400.00,100 גרם,false,0,42.10,10.53,true,1,
8710502194825,false,עוגיות ש.ציפס מהדרין 'גר,מרבה,NL,עוגיות ש.ציפס,יחידה,1.00,יחידה,false,1,6.90,6.90,true,1,
8711700665834,false,סבון מוצק דאב 100*6 גרם,יוניליוור,IL,סבון דאב שישייה,גרמים,600.00,100 גרם,false,0,21.90,3.65,true,1,
8711700796712,false,אקס ג'ל רחצה אפולו 400מ,יוניליוור,IL,אקס ג'ל רחצה,מיליליטרים,400.00,"100 מ""ל",false,0,12.90,3.23,true,1,
8712561234122,false,"אקס ג'ל רחצה פיס 400 מ""ל",יוניליוור,DE,אקס ג'ל רחצה,מיליליטרים,400.00,"100 מ""ל",false,0,12.90,3.23,true,1,
8712566127931,false,תה ירוק לימון מליסה20שק',יוניליוור,RU,תה ירוק,גרמים,32.00,100 גרם,false,0,16.90,52.81,true,1,
8714789177229,false,4 מב.קולגייט אקסטרה קלין,קולגייט-פלמוליב,VN,4 מברשות שיניים,יחידה,1.00,יחידה,false,0,15.90,15.90,true,1,
8714789213033,false,מברשת קולגייט מדיום 2 יח,קולגייט-פלמוליב,CN,2 מברשות שיניים,יחידה,1.00,יחידה,false,0,35.80,35.80,true,1,
8714789303925,false,2 מברשות קולגייט סנסטיב,קולגייט-פלמוליב,CH,2 מברשות קולגייט סנסטיב,יחידה,1.00,יחידה,false,0,35.80,35.80,true,1,
8714789402918,false,אג'קס חג.פרחים אדום 1.5ל,קולגייט-פלמוליב,GR,אג'קס לניקוי,ליטרים,1.50,ליטר,false,0,20.30,13.53,true,1,
8714789402932,false,אג'קס חגיגת פרחי.ורוד1.5,קולגייט-פלמוליב,GR,אג'קס לניקוי,ליטרים,1.50,ליטר,false,0,20.30,13.53,true,1,
8714789529561,false,קולגייט פרו ריליף+הלבנ75,קולגייט-פלמוליב,BR,משחת קולגייט,מיליליטרים,75.00,"100 מ""ל",false,0,25.50,34.00,true,1,
8714789686530,false,פלמוליב לכלים קלאסי900מל,קולגייט-פלמוליב,GR,פלמוליב לכלים,מיליליטרים,900.00,"100 מ""ל",false,0,13.20,1.47,true,1,
8714789722610,false,משחת קולגייט סנסטיב 75מל,קולגייט-פלמוליב,PL,משחת קולגייט סנסטיב 75מל,מיליליטרים,75.00,"100 מ""ל",false,0,18.90,25.20,true,1,
8714789740058,false,זוג מברשת שיניים קולגייט,קולגייט-פלמוליב,IL,זוג מברשת שיניים,יחידה,1.00,יחידה,false,0,20.10,20.10,true,1,
8714789831190,false,קולגייט טוטל אינטרדנטל75,קולגייט-פלמוליב,PL,משחת קולגייט,גרמים,75.00,100 גרם,false,0,21.90,29.20,true,1,
8714789930848,false,משחת אופטיק וייט אינסט75,קולגייט-פלמוליב,PL,משחת קולגייט,מיליליטרים,75.00,"100 מ""ל",false,0,25.90,34.53,true,1,
8717163559802,false,דאב קרם גוף לעור יבש 400,יוניליוור,DE,דאב קרם גוף,מיליליטרים,400.00,"100 מ""ל",false,0,24.90,6.23,true,1,
8718114047249,false,סבון מוצק דאב 100*6 גרם,יוניליוור,DE,סבון דאב שישייה,גרמים,600.00,100 גרם,false,0,21.90,3.65,true,1,
8857101301008,false,רוטב צ'ילי,,TH,רוטב צ'ילי,מיליליטרים,700.00,"100 מ""ל",false,0,9.90,1.41,true,1,
8888021200256,false,שמינית סוללות AA,אנרג'ייזר,US,שמינית סוללות,יחידה,1.00,יחידה,false,0,27.30,27.30,true,1,
8888021200720,false,שמינית סוללות AAA,אנרג'ייזר,US,8 סוללות AAA,יחידה,1.00,יחידה,false,0,27.30,27.30,true,1,
8901537024014,false,"אורז בסמטי מובחר 1 ק""ג",,IN,"אורז בסמטי מובחר 1 ק""ג",קילוגרמים,1.00,"ק""ג",false,0,12.90,12.90,true,1,
9007829022023,false,"סוכר לבן 1 ק""ג","אגרנה צוקר בע""מ",AT,"סוכר לבן 1 ק""ג",קילוגרמים,1.00,"ק""ג",false,1,3.90,3.90,true,1,
9310088007015,false,8 תחבושות דיפנד לילה,חוגלה קימברלי,VN,תחבושות  דיפנד,יחידה,1.00,יחידה,false,0,24.30,24.30,true,1,
