code,internal_code,name,manufacturer_name,manufacture_country,manufacturer_item_description,unit_qty,quantity,unit_of_measure,weighted,qty_in_package,price,unit_of_measure_price,allow_discount,status,item_id
100,true,Temp Item,,,Temp Item,,0.00,,false,,0.00,0.0000,true,1,1721117
374,true,פיטריות שמפניון 250,,,פיטריות שמפניון 250,גרמים,250.00,100 גרם,false,,7.90,0.0316,true,1,1352401
473,true,בצל שאלוט,,,בצל שאלוט,יח',1.00,יח',false,,12.90,12.9000,true,1,1343486
1104,true,פטריות פורטבלה ארוז,,,פטריות פורטבלה ארוז,יח',1.00,יח',false,,7.90,7.9000,true,1,1352402
3377,true,שום יבוא תפזורת,,,שום יבוא תפזורת,קילוגרמים,1.00,"ק""ג",true,,24.90,24.9000,true,1,1343493
3601,true,ברוקולי ארוז,,,ברוקולי ארוז,יחידה,1.00,יחידה,false,,9.90,9.9000,true,1,1343494
6500,true,אבטיח סידלס,,,אבטיח סידלס,קילוגרמים,1.00,"ק""ג",true,,5.90,5.9000,true,1,1343495
6504,true,ג'נגיר -זנגוויל,,,ג'נגיר -זנגוויל,קילוגרמים,1.00,"ק""ג",true,,29.90,29.9000,true,1,1348663
6600,true,בטטה,,,בטטה,קילוגרמים,1.00,"ק""ג",true,,5.90,5.9000,true,1,1343497
6660,true,בצל יבש רגיל,,,בצל יבש רגיל,קילוגרמים,1.00,"ק""ג",true,,3.90,3.9000,true,1,1343498
6800,true,גזר ארוז,,,גזר ארוז,קילוגרמים,1.00,"ק""ג",true,,2.90,2.9000,true,1,1343501
6801,true,גזר תפזורת,,,גזר תפזורת,קילוגרמים,1.00,"ק""ג",true,,3.90,3.9000,true,1,1322393
6850,true,סלק אדום,,,סלק אדום,קילוגרמים,1.00,"ק""ג",true,,2.90,2.9000,true,1,1343503
6900,true,חציל,,,חציל,קילוגרמים,1.00,"ק""ג",true,,5.90,5.9000,true,1,1343504
6950,true,קישואים רגיל,,,קישואים רגיל,קילוגרמים,1.00,"ק""ג",true,,7.90,7.9000,true,1,1343505
7000,true,עגבניות חממה גדול,,,עגבניות חממה גדול,קילוגרמים,1.00,"ק""ג",true,,5.90,5.9000,true,1,1343506
7003,true,עגבניה מגי,,,עגבניה מגי,קילוגרמים,1.00,"ק""ג",true,,14.90,14.9000,true,1,1322396
7007,true,אבטיח בייבי,,,אבטיח בייבי,קילוגרמים,1.00,"ק""ג",true,,5.90,5.9000,true,1,1343507
7012,true,עגבניה ליקופין,,,עגבניה ליקופין,קילוגרמים,1.00,"ק""ג",true,,14.90,14.9000,true,1,1322398
7036,true,חציל בלדי,,,חציל בלדי,קילוגרמים,1.00,"ק""ג",true,,7.90,7.9000,true,1,1343513
7037,true,כרוב ניצנים,,,כרוב ניצנים,יח',1.00,יח',false,,14.90,14.9000,true,1,1343514
7044,true,חסה מסולסלת,,,חסה מסולסלת,יחידה,0.00,יחידה,false,,4.90,0.0000,true,1,1343519
7050,true,שרי אשכולות,,,שרי אשכולות,קילוגרמים,1.00,"ק""ג",true,,14.90,14.9000,true,1,1343523
7053,true,שרי ליקופן,,,שרי ליקופן,קילוגרמים,1.00,"ק""ג",true,,19.90,19.9000,true,1,1322401
7064,true,בצל פנינה,,,בצל פנינה,יחידה,0.00,יחידה,false,,9.90,0.0000,true,1,1343528
7065,true,בצל ירוק יחידה,,,בצל ירוק יחידה,יחידה,0.00,יחידה,false,,4.90,0.0000,true,1,1343529
7075,true,חטיפיפון/חטיפי מלפפו,,,חטיפיפון/חטיפי מלפפו,יח',1.00,יח',false,,7.90,7.9000,true,1,1343534
7100,true,מלפפון,,,מלפפון,קילוגרמים,1.00,"ק""ג",true,,5.90,5.9000,true,1,1343535
7111,true,בצל אדום,,,בצל אדום,קילוגרמים,1.00,"ק""ג",true,,5.90,5.9000,true,1,1343537
7114,true,פלפל אדום,,,פלפל אדום,קילוגרמים,1.00,"ק""ג",true,,7.90,7.9000,true,1,1343539
7116,true,פלפל צילי תפזורת,,,פלפל צילי תפזורת,קילוגרמים,1.00,"ק""ג",true,,12.90,12.9000,true,1,1343541
7117,true,פלפל ירוק,,,פלפל ירוק,קילוגרמים,1.00,"ק""ג",true,,7.90,7.9000,true,1,1343542
7123,true,פלפל נהריה,,,פלפל נהריה,קילוגרמים,1.00,"ק""ג",true,,7.90,7.9000,true,1,1343543
7124,true,פלפלון ארוז בנספק,,,פלפלון ארוז בנספק,יחידה,1.00,יחידה,false,,5.90,5.9000,true,1,1322406
7130,true,דלורית מיני פאם,,,דלורית מיני פאם,קילוגרמים,1.00,"ק""ג",true,,7.90,7.9000,true,1,1343544
7131,true,דלורית,,,דלורית,קילוגרמים,1.00,"ק""ג",true,,7.90,7.9000,true,1,1343545
7134,true,במיה,,,במיה,קילוגרמים,1.00,"ק""ג",true,,29.90,29.9000,true,1,1343547
7140,true,חסה ערבית,,,חסה ערבית,יח',1.00,יח',false,,3.90,3.9000,true,1,1343549
7141,true,חסה אמריקאית,,,חסה אמריקאית,יח',1.00,יח',false,,4.90,4.9000,true,1,1343550
7145,true,כרובית,,,כרובית,קילוגרמים,1.00,"ק""ג",true,,9.90,9.9000,true,1,1343552
7148,true,פרסה,,,פרסה,קילוגרמים,1.00,"ק""ג",true,,19.90,19.9000,true,1,1343554
7149,true,לוביה,,,לוביה,קילוגרמים,1.00,"ק""ג",true,,19.90,19.9000,true,1,1343555
7150,true,מלון,,,מלון,קילוגרמים,1.00,"ק""ג",true,,5.90,5.9000,true,1,1343556
7152,true,מלון כתום,,,מלון כתום,קילוגרמים,1.00,"ק""ג",true,,5.90,5.9000,true,1,1343558
7153,true,מלון אננס,,,מלון אננס,קילוגרמים,1.00,"ק""ג",true,,5.90,5.9000,true,1,1343559
7154,true,מלון גולדן סויט,,,מלון גולדן סויט,קילוגרמים,1.00,"ק""ג",true,,5.90,5.9000,true,1,1322411
7156,true,צנון,,,צנון,קילוגרמים,1.00,"ק""ג",true,,7.90,7.9000,true,1,1343560
7159,true,קולרבי,,,קולרבי,קילוגרמים,1.00,"ק""ג",true,,7.90,7.9000,true,1,1343563
7161,true,קישואים למילוי,,,קישואים למילוי,קילוגרמים,1.00,"ק""ג",true,,9.90,9.9000,true,1,1343565
7162,true,שעועית ירוקה,,,שעועית ירוקה,קילוגרמים,1.00,"ק""ג",true,,29.90,29.9000,true,1,1343566
7163,true,שעועית צהובה,,,שעועית צהובה,קילוגרמים,1.00,"ק""ג",true,,29.90,29.9000,true,1,1343567
7165,true,שום יבש ישראלי תפזור,,,שום יבש ישראלי תפזור,קילוגרמים,1.00,"ק""ג",true,,19.90,19.9000,true,1,1343568
7170,true,סלרי עלים קצוץ,,,סלרי עלים קצוץ,יחידה,0.00,יחידה,false,,5.90,0.0000,true,1,1322412
7171,true,חזרת,,,חזרת,קילוגרמים,1.00,"ק""ג",true,,39.90,39.9000,true,1,1343569
7172,true,שומר,,,שומר,קילוגרמים,1.00,"ק""ג",true,,5.90,5.9000,true,1,1343570
7173,true,סלרי אמרקאי,,,סלרי אמרקאי,יח',1.00,יח',false,,4.90,4.9000,true,1,1343571
7175,true,פלפל חריף ירוק,,,פלפל חריף ירוק,קילוגרמים,1.00,"ק""ג",true,,7.90,7.9000,true,1,1343572
7177,true,פטריות שמפניון למילו,,,פטריות שמפניון למילו,קילוגרמים,1.00,"ק""ג",true,,29.90,29.9000,true,1,1329080
7178,true,דלעת,,,דלעת,קילוגרמים,1.00,"ק""ג",true,,5.90,5.9000,true,1,1343574
7179,true,פטריות פורטובלה בתפז,,,פטריות פורטובלה בתפז,קילוגרמים,1.00,"ק""ג",true,,29.90,29.9000,true,1,1329081
7180,true,פלפל שושקה ירוק,,,פלפל שושקה ירוק,קילוגרמים,1.00,"ק""ג",true,,14.90,14.9000,true,1,1343575
7181,true,דלעת ערמונים,,,דלעת ערמונים,קילוגרמים,1.00,"ק""ג",true,,19.90,19.9000,true,1,1343576
7183,true,סלק עלים,,,סלק עלים,יח',1.00,יח',false,,4.90,4.9000,true,1,1343577
7184,true,פלפל פלרמו אדום,,,פלפל פלרמו אדום,קילוגרמים,1.00,"ק""ג",true,,12.90,12.9000,true,1,1343578
7185,true,פלפל חריף אדום,,,פלפל חריף אדום,קילוגרמים,1.00,"ק""ג",true,,9.90,9.9000,true,1,1343579
7186,true,פלפל פלרמו צהוב,,,פלפל פלרמו צהוב,קילוגרמים,1.00,"ק""ג",true,,12.90,12.9000,true,1,1343580
7187,true,פלפל שושקה חריף,,,פלפל שושקה חריף,קילוגרמים,1.00,"ק""ג",true,,14.90,14.9000,true,1,1322414
7242,true,סלרי ראש,,,סלרי ראש,יח',1.00,יח',false,,4.90,4.9000,true,1,1343583
7243,true,שורש פטרוזיליה יח,,,שורש פטרוזיליה יח,יח',1.00,יח',false,,3.90,3.9000,true,1,1343584
7248,true,פלפל צהוב,,,פלפל צהוב,קילוגרמים,1.00,"ק""ג",true,,7.90,7.9000,true,1,1343585
7249,true,פלפל כתום,,,פלפל כתום,קילוגרמים,1.00,"ק""ג",true,,7.90,7.9000,true,1,1343586
7250,true,"תפוא"" לבן תפזורת",,,"תפוא"" לבן תפזורת",קילוגרמים,1.00,"ק""ג",true,,5.90,5.9000,true,1,1343587
7251,true,תפוח אדמה גורמה תפזו,,,תפוח אדמה גורמה תפזו,קילוגרמים,1.00,"ק""ג",true,,5.90,5.9000,true,1,1322415
7300,true,ירק,,,ירק,יח',1.00,יח',false,,2.90,2.9000,true,1,1322416
7320,true,צנונית ארוז,,,צנונית ארוז,גרמים,400.00,100 גרם,false,,4.90,0.0123,true,1,1343592
7323,true,צנונית תפזורת,,,צנונית תפזורת,קילוגרמים,1.00,"ק""ג",true,,7.90,7.9000,true,1,1343595
7341,true,קישואים זוקיני צהוב,,,קישואים זוקיני צהוב,קילוגרמים,1.00,"ק""ג",true,,12.90,12.9000,true,1,1343599
7342,true,קישואים זוקיני ירוק,,,קישואים זוקיני ירוק,קילוגרמים,1.00,"ק""ג",true,,9.90,9.9000,true,1,1343600
7350,true,תותים,,,תותים,יחידה,0.00,יחידה,false,,14.90,0.0000,true,1,1343603
7373,true,שעועית הילדה,,,שעועית הילדה,קילוגרמים,1.00,"ק""ג",true,,29.90,29.9000,true,1,1343605
7376,true,שום יבוא,,,שום יבוא,יחידה,0.00,יחידה,false,,4.90,0.0000,true,1,1343607
7377,true,שום חתוך,,,שום חתוך,יחידה,1.00,יחידה,false,,7.90,7.9000,true,1,1322418
7388,true,פטריות שיטאקי טריות,,,פטריות שיטאקי טריות,קילוגרמים,1.00,"ק""ג",true,,59.90,59.9000,true,1,1348664
7389,true,פטריות יער תפזורת,,,פטריות יער תפזורת,קילוגרמים,1.00,"ק""ג",true,,39.90,39.9000,true,1,1348665
7400,true,כרוב אדום,,,כרוב אדום,קילוגרמים,1.00,"ק""ג",true,,5.90,5.9000,true,1,1343608
7432,true,שרי תמר,,,שרי תמר,קילוגרמים,1.00,"ק""ג",true,,19.90,19.9000,true,1,1343610
7433,true,שרי קלמר,,,שרי קלמר,יחידה,0.00,יחידה,false,,7.90,0.0000,true,1,1322424
7461,true,תירס ארוז,,,תירס ארוז,קילוגרמים,1.00,"ק""ג",true,,7.90,7.9000,true,1,1343615
7473,true,"תפו""א אדום תפזורת",,,"תפו""א אדום תפזורת",קילוגרמים,1.00,"ק""ג",true,,5.90,5.9000,true,1,1343616
7474,true,"תפו""א אדום לאפיה",,,"תפו""א אדום לאפיה",קילוגרמים,1.00,"ק""ג",true,,3.90,3.9000,true,1,1343617
7476,true,"תפו""א ירושלמי",,,"תפו""א ירושלמי",קילוגרמים,1.00,"ק""ג",true,,14.90,14.9000,true,1,1322427
7478,true,"תפו""א לבן לאפיה",,,"תפו""א לבן לאפיה",קילוגרמים,1.00,"ק""ג",true,,3.90,3.9000,true,1,1322428
7490,true,"תפוח""ע זהוב קטן",,,"תפוח""ע זהוב קטן",קילוגרמים,1.00,"ק""ג",true,,7.90,7.9000,true,1,1343620
7500,true,כרוב לבן,,,כרוב לבן,קילוגרמים,1.00,"ק""ג",true,,2.90,2.9000,true,1,1343624
7501,true,כרוב שטוח למילוי,,,כרוב שטוח למילוי,קילוגרמים,1.00,"ק""ג",true,,5.90,5.9000,true,1,1343625
7504,true,אנונה,,,אנונה,קילוגרמים,1.00,"ק""ג",true,,19.90,19.9000,true,1,1343626
7505,true,אננס,,,אננס,יחידה,0.00,יחידה,false,,34.90,0.0000,true,1,1343627
7507,true,אפרסק לבן,,,אפרסק לבן,קילוגרמים,1.00,"ק""ג",true,,14.90,14.9000,true,1,1343628
7508,true,אפרסק צהוב,,,אפרסק צהוב,קילוגרמים,1.00,"ק""ג",true,,14.90,14.9000,true,1,1343629
7509,true,קיווי,,,קיווי,קילוגרמים,1.00,"ק""ג",true,,19.90,19.9000,true,1,1343630
7511,true,גויאבה,,,גויאבה,קילוגרמים,1.00,"ק""ג",true,,19.90,19.9000,true,1,1343632
7513,true,חבוש,,,חבוש,קילוגרמים,1.00,"ק""ג",true,,14.90,14.9000,true,1,1343634
7518,true,ערמונים אלטאי,,,ערמונים אלטאי,קילוגרמים,1.00,"ק""ג",true,,17.90,17.9000,true,1,1363590
7520,true,פפיה,,,פפיה,קילוגרמים,1.00,"ק""ג",true,,19.90,19.9000,true,1,1343637
7523,true,ערמונים,,,ערמונים,קילוגרמים,1.00,"ק""ג",true,,17.90,17.9000,true,1,1343639
7528,true,רימון,,,רימון,קילוגרמים,1.00,"ק""ג",true,,9.90,9.9000,true,1,1343644
7529,true,תאנים שקיל,,,תאנים שקיל,קילוגרמים,1.00,"ק""ג",true,,29.90,29.9000,true,1,1343645
7533,true,תע זהוב מובחר,,,תע זהוב מובחר,קילוגרמים,1.00,"ק""ג",true,,9.90,9.9000,true,1,1343648
7535,true,תע יונתן מובחר,,,תע יונתן מובחר,קילוגרמים,1.00,"ק""ג",true,,7.90,7.9000,true,1,1343650
7536,true,תע חרמון מובחר,,,תע חרמון מובחר,קילוגרמים,1.00,"ק""ג",true,,9.90,9.9000,true,1,1343651
7541,true,תע סמיט מובחר,,,תע סמיט מובחר,קילוגרמים,1.00,"ק""ג",true,,12.90,12.9000,true,1,1343654
7543,true,קובו,,,קובו,קילוגרמים,1.00,"ק""ג",true,,24.90,24.9000,true,1,1343656
7544,true,"תפו""ע קריספינק",,,"תפו""ע קריספינק",קילוגרמים,1.00,"ק""ג",true,,18.90,18.9000,true,1,1343657
7545,true,"תפו""ע גלה מובחר",,,"תפו""ע גלה מובחר",קילוגרמים,1.00,"ק""ג",true,,12.90,12.9000,true,1,1343658
7546,true,תפוח עץ פודזי,,,תפוח עץ פודזי,קילוגרמים,1.00,"ק""ג",true,,9.90,9.9000,true,1,1343659
7550,true,שזיף סנטה רוזה,,,שזיף סנטה רוזה,קילוגרמים,1.00,"ק""ג",true,,17.90,17.9000,true,1,1343662
7553,true,שזיף שחור,,,שזיף שחור,קילוגרמים,1.00,"ק""ג",true,,17.90,17.9000,true,1,1343665
7555,true,תפוח עץ קנזי,,,תפוח עץ קנזי,קילוגרמים,1.00,"ק""ג",true,,9.90,9.9000,true,1,1322438
7600,true,אגס קוסיה,,,אגס קוסיה,קילוגרמים,1.00,"ק""ג",true,,12.90,12.9000,true,1,1343667
7662,true,לימון,,,לימון,קילוגרמים,1.00,"ק""ג",true,,8.90,8.9000,true,1,1343668
7663,true,תפוז גדול,,,תפוז גדול,קילוגרמים,1.00,"ק""ג",true,,7.90,7.9000,true,1,1343669
7697,true,אשכולית צהובה,,,אשכולית צהובה,קילוגרמים,1.00,"ק""ג",true,,6.90,6.9000,true,1,1343670
7698,true,אשכולית אדומה,,,אשכולית אדומה,קילוגרמים,1.00,"ק""ג",true,,6.90,6.9000,true,1,1343671
7700,true,אפרסמון,,,אפרסמון,קילוגרמים,1.00,"ק""ג",true,,14.90,14.9000,true,1,1343673
7702,true,אפרסמון קרמבו,,,אפרסמון קרמבו,קילוגרמים,1.00,"ק""ג",true,,14.90,14.9000,true,1,1322445
7713,true,נקטרינה אדומה,,,נקטרינה אדומה,קילוגרמים,1.00,"ק""ג",true,,14.90,14.9000,true,1,1343675
7714,true,נקטרינה לבנה,,,נקטרינה לבנה,קילוגרמים,1.00,"ק""ג",true,,9.90,9.9000,true,1,1343676
7729,true,קלמנטינה סצומה,,,קלמנטינה סצומה,קילוגרמים,1.00,"ק""ג",true,,8.90,8.9000,true,1,1322450
7730,true,קרמבולה,,,קרמבולה,קילוגרמים,1.00,"ק""ג",true,,29.90,29.9000,true,1,1343680
7732,true,פומלה לבנה,,,פומלה לבנה,קילוגרמים,1.00,"ק""ג",true,,9.90,9.9000,true,1,1343682
7734,true,פומלה אדומה,,,פומלה אדומה,קילוגרמים,1.00,"ק""ג",true,,9.90,9.9000,true,1,1343683
7735,true,פומלית,,,פומלית,קילוגרמים,1.00,"ק""ג",true,,7.90,7.9000,true,1,1343684
7740,true,קלמנטינה נובה,,,קלמנטינה נובה,קילוגרמים,1.00,"ק""ג",true,,5.90,5.9000,true,1,1343689
7742,true,תפוז ארוז,,,תפוז ארוז,קילוגרמים,1.00,"ק""ג",true,,3.90,3.9000,true,1,1343691
7744,true,פטל אדום,,,פטל אדום,יח',1.00,יח',false,,24.90,24.9000,true,1,1348709
7751,true,תפוח עץ ענה מובחר,,,תפוח עץ ענה מובחר,קילוגרמים,1.00,"ק""ג",true,,7.90,7.9000,true,1,1322452
7756,true,שזיף אבטיח,,,שזיף אבטיח,קילוגרמים,1.00,"ק""ג",true,,19.90,19.9000,true,1,1322454
7758,true,אגס תפוח,,,אגס תפוח,קילוגרמים,1.00,"ק""ג",true,,12.90,12.9000,true,1,1343696
7759,true,לימון צהוב,,,לימון צהוב,קילוגרמים,1.00,"ק""ג",true,,8.90,8.9000,true,1,1343697
7762,true,לימון סיני,,,לימון סיני,קילוגרמים,1.00,"ק""ג",true,,9.90,9.9000,true,1,1343699
7763,true,פטל שחור,,,פטל שחור,יחידה,1.00,יחידה,false,,24.90,24.9000,true,1,1322455
7764,true,אוכמניות,,,אוכמניות,יחידה,0.00,יחידה,false,,9.90,0.0000,true,1,1343700
7800,true,בננה,,,בננה,קילוגרמים,1.00,"ק""ג",true,,5.90,5.9000,true,1,1343703
7900,true,מנגו,,,מנגו,קילוגרמים,1.00,"ק""ג",true,,12.90,12.9000,true,1,1343705
8011,true,אגס ספדונה,,,אגס ספדונה,קילוגרמים,1.00,"ק""ג",true,,12.90,12.9000,true,1,1343710
8012,true,אגס אדום,,,אגס אדום,קילוגרמים,1.00,"ק""ג",true,,14.90,14.9000,true,1,1343711
8013,true,אגס אמריקאי,,,אגס אמריקאי,קילוגרמים,1.00,"ק""ג",true,,14.90,14.9000,true,1,1343712
8100,true,סברס,,,סברס,קילוגרמים,1.00,"ק""ג",true,,27.90,27.9000,true,1,1343713
8222,true,ענב לבן טלי ארוז,,,ענב לבן טלי ארוז,קילוגרמים,1.00,"ק""ג",true,,24.90,24.9000,true,1,1343717
8302,true,ענב שחור תיפזורת,,,ענב שחור תיפזורת,קילוגרמים,1.00,"ק""ג",true,,19.90,19.9000,true,1,1343720
8304,true,פטייה,,,פטייה,קילוגרמים,1.00,"ק""ג",true,,29.90,29.9000,true,1,1343722
8500,true,אבוקדו,,,אבוקדו,קילוגרמים,1.00,"ק""ג",true,,14.90,14.9000,true,1,1343724
799806,true,Temp Item,,,Temp Item,,0.00,,false,,0.00,0.0000,true,1,1538120
88888100,true,מוכרנים - מוצרי חשמל,,,מוכרנים - מוצרי חשמל,,0.00,,false,,0.00,0.0000,true,1,1616180
608614310777,false,דומדמניות אדומות,,,דומדמניות אדומות,גרמים,125.00,100 גרם,false,,19.00,0.1520,true,1,1904952
611745285685,false,אבוקדו בשל ארוז,,,אבוקדו בשל ארוז,גרמים,450.00,100 גרם,false,,9.90,0.0220,true,1,1605289
678506868099,false,פטל אדום,,,פטל אדום,יחידה,0.00,יחידה,false,,24.90,0.0000,true,1,1867919
4027314005800,false,סלקוריניה,,,סלקוריניה,יחידה,0.00,יחידה,false,,6.90,0.0000,true,1,1436219
4770237048088,false,גלידה יוגורט עם אוכמ,,,גלידה יוגורט עם אוכמ,גרמים,82.00,100 גרם,false,,5.90,0.0720,true,1,1589835
4770237049313,false,גלידה אסקימו עגול פל,,,גלידה אסקימו עגול פל,גרמים,63.00,100 גרם,false,,5.90,0.0937,true,1,1589837
4770237049443,false,גלידה קרם ברולה פלומ,,,גלידה קרם ברולה פלומ,גרמים,70.00,100 גרם,false,,5.90,0.0843,true,1,1589838
4770237049450,false,גלידה פלומביר בכוס 7,,,גלידה פלומביר בכוס 7,גרמים,70.00,100 גרם,false,,5.90,0.0843,true,1,1589839
4770237050432,false,גלידה שוקולד פלומביר,,,גלידה שוקולד פלומביר,גרמים,70.00,100 גרם,false,,5.90,0.0843,true,1,1589840
4770237052092,false,גלידה סליבוצ'נויה בג,,,גלידה סליבוצ'נויה בג,גרמים,85.00,100 גרם,false,,5.90,0.0694,true,1,1589841
4770237054423,false,גלידה שרבט עם מנגו ו,,,גלידה שרבט עם מנגו ו,גרמים,85.00,100 גרם,false,,5.90,0.0694,true,1,1589842
4770237055567,false,גלידה SVALYA אסקימו,,,גלידה SVALYA אסקימו,גרמים,63.00,100 גרם,false,,5.90,0.0937,true,1,1589844
4770237055574,false,גלידה SVALYA סליבוצ',,,גלידה SVALYA סליבוצ',גרמים,85.00,100 גרם,false,,5.90,0.0694,true,1,1589845
4770237056748,false,גלידה אסקימו עגול פל,,,גלידה אסקימו עגול פל,גרמים,70.00,100 גרם,false,,5.90,0.0843,true,1,1696276
4810168037888,false,YUKKI גלידה פלומביר,,,YUKKI גלידה פלומביר,גרמים,65.00,100 גרם,false,,5.90,0.0908,true,1,1589849
4810168038267,false,גלידה פלומביר אסקימו,,,גלידה פלומביר אסקימו,גרמים,65.00,100 גרם,false,,5.90,0.0908,true,1,1589850
4810168038977,false,"גלידה פלומביר בכוס """,,,"גלידה פלומביר בכוס """,גרמים,75.00,100 גרם,false,,5.90,0.0787,true,1,1589851
4810168038984,false,גלידה פלומביר בריקט,,,גלידה פלומביר בריקט,גרמים,80.00,100 גרם,false,,5.90,0.0738,true,1,1589852
4810168038991,false,גלידה שוקולד פלומביר,,,גלידה שוקולד פלומביר,גרמים,75.00,100 גרם,false,,5.90,0.0787,true,1,1589853
4810168045098,false,YUKKI גלידה קרם ברול,,,YUKKI גלידה קרם ברול,גרמים,70.00,100 גרם,false,,5.90,0.0843,true,1,1589858
4810168045432,false,"גלידה טרופל אסקימו """,,,"גלידה טרופל אסקימו """,גרמים,65.00,100 גרם,false,,5.90,0.0908,true,1,1589859
4810168045913,false,גלידה שמנת קקאו בראו,,,גלידה שמנת קקאו בראו,גרמים,75.00,100 גרם,false,,7.90,0.1053,true,1,1823269
4810168053031,false,גלידה פלומביר בריקט,,,גלידה פלומביר בריקט,גרמים,80.00,100 גרם,false,,5.90,0.0738,true,1,1811049
4820015165206,false,גלידה פלומביר בכוס מ,,,גלידה פלומביר בכוס מ,גרמים,70.00,100 גרם,false,,5.90,0.0843,true,1,1589861
4820015165213,false,גלידה פלומביר בריקט,,,גלידה פלומביר בריקט,גרמים,90.00,100 גרם,false,,5.90,0.0656,true,1,1589862
4820154722469,false,"גלידה ""אסקימוס"" כוס",,,"גלידה ""אסקימוס"" כוס",גרמים,80.00,100 גרם,false,,5.90,0.0738,true,1,1589873
4820154727938,false,גלידה אסקימו מלון לי,,,גלידה אסקימו מלון לי,גרמים,85.00,100 גרם,false,,5.90,0.0694,true,1,1618295
4823097809754,false,גלידת שמנת משובחת ונ,,,גלידת שמנת משובחת ונ,גרמים,90.00,100 גרם,false,,5.90,0.0656,true,1,1764515
4823097809778,false,גלידה בריקט שוקולד 9,,,גלידה בריקט שוקולד 9,גרמים,90.00,100 גרם,false,,5.90,0.0656,true,1,1776715
4823097809815,false,גלידה  חלבית עם אוכמ,,,גלידה  חלבית עם אוכמ,גרמים,85.00,100 גרם,false,,5.90,0.0694,true,1,1768155
4823097810026,false,"גביע ""אמפרזה"" טריפל",,,"גביע ""אמפרזה"" טריפל",גרמים,100.00,100 גרם,false,,7.90,0.0790,true,1,1811059
6086142556418,false,עלי מוריגה אורגניים,,,עלי מוריגה אורגניים,יחידה,0.00,יחידה,false,,12.90,0.0000,true,1,1780846
7290000001029,false,פלפל צילי,,,פלפל צילי,יחידה,0.00,יחידה,false,,5.90,0.0000,true,1,1557684
7290000137513,false,גלידונית וניל בציפוי,גלידות שטראוס,IL,גלידונית-1/60 פסח,גרמים,630.00,100 גרם,false,,44.90,0.0713,true,1,1336978
7290000137643,false,מאגדת טעמקור שוקו ונ,גלידות שטראוס,IL,טעמקור - 8 יחידות,גרמים,416.00,100 גרם,false,,39.90,0.0959,true,1,1336979
7290000490762,false,שלגוני גלידל שמינייה,,,שלגוני גלידל שמינייה,גרמים,400.00,100 גרם,false,,29.90,0.0747,true,1,1334677
7290000978369,false,בייבי מיקס בנספק,,,בייבי מיקס בנספק,גרמים,120.00,100 גרם,false,,6.90,0.0575,true,1,1361305
7290001274422,false,שלגוני מצופים,,,שלגוני מצופים,גרמים,560.00,100 גרם,false,,22.90,0.0409,true,1,1334679
7290001274576,false,גלידל תות וניל 900 מ,,,גלידל תות וניל 900 מ,מיליליטרים,900.00,"100 מ""ל",false,,19.90,0.0221,true,1,1334680
7290001274934,false,שמיניית קרטיבים פופס,,,שמיניית קרטיבים פופס,גרמים,640.00,100 גרם,false,,19.90,0.0311,true,1,1334683
7290001274941,false,שמיניית קרחוני דיאט,,,שמיניית קרחוני דיאט,גרמים,640.00,100 גרם,false,,19.90,0.0311,true,1,1334684
7290001327180,false,גלידה קרמיסימו 1.33,גלידות שטראוס,IL,קר' 1.33  וניל צ'יפ פסח,ליטרים,1.33,ליטר,false,,19.90,14.9624,true,1,1336981
7290001780428,false,מאגדת לייט שישית שלג,גלידות נסטלה,IL,לייט שוקו 6 יח’,גרמים,312.00,100 גרם,false,,29.90,0.0958,true,1,1329730
7290003996049,false,פטרוזליה למהדרין,,,פטרוזליה למהדרין,יחידה,1.00,יחידה,false,,6.40,6.4000,true,1,1351590
7290004554354,false,גלידת פנטזיה שוקו ונ,גלידות שטראוס,IL,פנטזיה ש.ו פסח,ליטרים,1.00,ליטר,false,,22.90,22.9000,true,1,1336990
7290005610011,false,תפוחי אדמה אדום ארוז,,,תפוחי אדמה אדום ארוז,קילוגרמים,1.00,"ק""ג",true,,5.90,5.9000,true,1,1343920
7290005610028,false,תפוח אדמה לבן ארוז,,,תפוח אדמה לבן ארוז,קילוגרמים,1.00,"ק""ג",true,,4.90,4.9000,true,1,1343921
7290005610509,false,צנוניות ארוזות דוד מ,,,צנוניות ארוזות דוד מ,גרמים,400.00,100 גרם,false,,4.90,0.0123,true,1,1824467
7290005946554,false,לבבות קיסר,,,לבבות קיסר,יחידה,0.00,יחידה,false,,8.90,0.0000,true,1,1335424
7290005946578,false,חסה מיקס שטופה 250 ג,,,חסה מיקס שטופה 250 ג,גרמים,250.00,100 גרם,false,,8.90,0.0356,true,1,1335425
7290005946745,false,עלי חסה שטופים,,,עלי חסה שטופים,גרמים,300.00,100 גרם,false,,7.90,0.0263,true,1,1335426
7290006199218,false,שלגוני גלידל 8 יח קפ,,,שלגוני גלידל 8 יח קפ,גרמים,400.00,100 גרם,false,,29.90,0.0747,true,1,1334687
7290006199942,false,שמיניית קרחוני דיאט,,,שמיניית קרחוני דיאט,גרמים,640.00,100 גרם,false,,19.90,0.0311,true,1,1334690
7290006265548,false,נבטים סיניים,,,נבטים סיניים,יח',1.00,יח',false,,4.90,4.9000,true,1,1329095
7290006704511,false,תפוא אדמה למיקרו,,,תפוא אדמה למיקרו,גרמים,700.00,100 גרם,false,,7.90,0.0113,true,1,1329117
7290006900227,false,מיקס חסה נספק,,,מיקס חסה נספק,גרמים,120.00,100 גרם,false,,6.90,0.0575,true,1,1361318
7290006900418,false,לבבות נספק,,,לבבות נספק,יחידה,0.00,יחידה,false,,9.90,0.0000,true,1,1361327
7290006900425,false,לבבות קיסר שקית,,,לבבות קיסר שקית,יחידה,0.00,יחידה,false,,9.90,0.0000,true,1,1361328
7290008644235,false,סלט מבחר עלי בייבי 1,שטראוס,IL,עלי בייבי 120 ג ירקות שטר,גרמים,120.00,100 גרם,false,,9.90,0.0825,true,1,1341826
7290008644945,false,סלט במושבה אחלה 450,שטראוס,IL,סלט המושבה 450 ג ירקות שט,גרמים,450.00,100 גרם,false,,11.90,0.0264,true,1,1341829
7290008806985,false,נשנושי גלידת פרווה ו,גלידות שטראוס,IL,נשנושים פרווה פסח,יח',60.00,יח',false,,44.90,0.7483,true,1,1337006
7290010650002,false,פטריות ירדן,,,פטריות ירדן,גרמים,170.00,100 גרם,false,,9.90,0.0582,true,1,1348670
7290010650019,false,אנדיב בלגי,,,אנדיב בלגי,יחידה,0.00,יחידה,false,,11.90,0.0000,true,1,1348671
7290010650033,false,בצלצלי שאלוט,,,בצלצלי שאלוט,יחידה,0.00,יחידה,false,,12.90,0.0000,true,1,1348673
7290010650040,false,פטריות שי-טאקה,,,פטריות שי-טאקה,גרמים,100.00,100 גרם,false,,8.90,0.0890,true,1,1348674
7290010650064,false,פטריות יער מיובשות,,,פטריות יער מיובשות,יחידה,0.00,יחידה,false,,7.90,0.0000,true,1,1322538
7290010650088,false,שמפניון מיובשות,,,שמפניון מיובשות,יח',1.00,יח',false,,7.90,7.9000,true,1,1322539
7290010650101,false,עגבניות יבשות,,,עגבניות יבשות,יחידה,0.00,יחידה,false,,7.90,0.0000,true,1,1322540
7290010650231,false,מאי-טקי יבש,,,מאי-טקי יבש,יח',1.00,יח',false,,7.90,7.9000,true,1,1348681
7290010650255,false,לקט פטריות למרק,,,לקט פטריות למרק,קילוגרמים,1.00,"ק""ג",false,,14.90,14.9000,true,1,1322541
7290010650279,false,לקט פטריות לפסטה,,,לקט פטריות לפסטה,יח',1.00,יח',false,,14.90,14.9000,true,1,1348682
7290010650354,false,שורש כורכום טרי,,,שורש כורכום טרי,גרמים,120.00,100 גרם,false,,11.90,0.0992,true,1,1348683
7290010650408,false,בצלצלי פנינה,,,בצלצלי פנינה,גרמים,400.00,100 גרם,false,,9.90,0.0248,true,1,1549684
7290010650415,false,עגבניות לחות 200 גרם,,,עגבניות לחות 200 גרם,גרמים,200.00,100 גרם,false,,11.90,0.0595,true,1,1348684
7290010650576,false,פטריות שינוקי,,,פטריות שינוקי,יחידה,0.00,יחידה,false,,9.90,0.0000,true,1,1348691
7290010650590,false,ריזוטו פטריות,,,ריזוטו פטריות,יח',1.00,יח',false,,12.90,12.9000,true,1,1348692
7290010650767,false,אנדיב אדום,,,אנדיב אדום,יחידה,0.00,יחידה,false,,12.90,0.0000,true,1,1409393
7290010650798,false,לקט בורגול ופטריות,,,לקט בורגול ופטריות,גרמים,310.00,100 גרם,false,,12.90,0.0416,true,1,1576609
7290010650804,false,לקט פתיתים ופטריות,,,לקט פתיתים ופטריות,גרמים,235.00,100 גרם,false,,12.90,0.0549,true,1,1576610
7290010650828,false,פטריות שי-מג'י לבן,,,פטריות שי-מג'י לבן,גרמים,150.00,100 גרם,false,,9.90,0.0660,true,1,1570766
7290010650927,false,עגבניות לחות בתיבול,,,עגבניות לחות בתיבול,גרמים,200.00,100 גרם,false,,11.90,0.0595,true,1,1784012
7290010650996,false,פטריות שי-מג'י חום,,,פטריות שי-מג'י חום,גרמים,150.00,100 גרם,false,,9.90,0.0660,true,1,1770761
7290010690008,false,פיטרוזיליה ארוז  -ש.,,,פיטרוזיליה ארוז  -ש.,יחידה,0.00,יחידה,false,,3.90,0.0000,true,1,1471627
7290010690015,false,כוסברה ארוז ש.י שדות,,,כוסברה ארוז ש.י שדות,יחידה,0.00,יחידה,false,,3.90,0.0000,true,1,1470861
7290010690022,false,שמיר ארוז -ש.י שדות,,,שמיר ארוז -ש.י שדות,יחידה,0.00,יחידה,false,,3.90,0.0000,true,1,1471628
7290010690039,false,נענע ארוז - ש.י שדות,,,נענע ארוז - ש.י שדות,יחידה,0.00,יחידה,false,,3.90,0.0000,true,1,1470862
7290010720064,false,נבטי חמניה אורגני,,,נבטי חמניה אורגני,יח',1.00,יח',false,,8.90,8.9000,true,1,1360697
7290010720163,false,נבטי ברוקלי אורגני,,,נבטי ברוקלי אורגני,יח',1.00,יח',false,,8.90,8.9000,true,1,1360699
7290010720170,false,נבטי צנונית אורגני,,,נבטי צנונית אורגני,יח',1.00,יח',false,,8.90,8.9000,true,1,1360700
7290010720224,false,נבטוטים גדול אורגני,,,נבטוטים גדול אורגני,יח',1.00,יח',false,,9.90,9.9000,true,1,1360705
7290011081690,false,גלידה קרמיסימו 1.33,גלידות שטראוס,IL,קרמ' פרווה ש/ו צ'יפ פסח,ליטרים,1.33,ליטר,false,,19.90,14.9624,true,1,1337043
7290011235024,false,רוזמרין,,,רוזמרין,יח',1.00,יח',false,,3.90,3.9000,true,1,1304884
7290011235048,false,שיבה,,,שיבה,יחידה,0.00,יחידה,false,,3.90,0.0000,true,1,1304886
7290011235055,false,בזיליקום,,,בזיליקום,יח',1.00,יח',false,,3.90,3.9000,true,1,1304887
7290011235062,false,עירית,,,עירית,יח',1.00,יח',false,,4.90,4.9000,true,1,1304888
7290011235079,false,קורנית,,,קורנית,יח',1.00,יח',false,,3.90,3.9000,true,1,1304889
7290011235109,false,מרווה,,,מרווה,יח',1.00,יח',false,,3.90,3.9000,true,1,1304892
7290011235147,false,חמציץ,,,חמציץ,יח',1.00,יח',false,,6.90,6.9000,true,1,1304896
7290011235161,false,עלי רוקולה 180 גרם נ,,,עלי רוקולה 180 גרם נ,יחידה,0.00,יחידה,false,,6.90,0.0000,true,1,1304898
7290011235574,false,תרד,,,תרד,יחידה,0.00,יחידה,false,,9.90,0.0000,true,1,1304904
7290011235581,false,בזילקום נספק גדול,,,בזילקום נספק גדול,יחידה,0.00,יחידה,false,,6.90,0.0000,true,1,1304905
7290011312381,false,פטריות סטייק פורטובל,,,פטריות סטייק פורטובל,יחידה,0.00,יחידה,false,,14.90,0.0000,true,1,1329131
7290011379018,false,מארז פטריות צמד חמד,,,מארז פטריות צמד חמד,יחידה,0.00,יחידה,false,,14.90,0.0000,true,1,1329132
7290011424367,false,זרעים אורגניים-בצל,,,זרעים אורגניים-בצל,יחידה,0.00,יחידה,false,,5.90,0.0000,true,1,1616814
7290011424374,false,זרעים אורגניים-ברוקו,,,זרעים אורגניים-ברוקו,יחידה,0.00,יחידה,false,,5.90,0.0000,true,1,1616815
7290011424442,false,זרעים אורגניים-טימין,,,זרעים אורגניים-טימין,יחידה,0.00,יחידה,false,,5.90,0.0000,true,1,1616819
7290011424473,false,זרעים אורגניים-מיקס,,,זרעים אורגניים-מיקס,יחידה,0.00,יחידה,false,,5.90,0.0000,true,1,1616821
7290011424480,false,זרעים אורגניים-עלי ב,,,זרעים אורגניים-עלי ב,יחידה,0.00,יחידה,false,,5.90,0.0000,true,1,1616792
7290011424497,false,זרעים אורגניים-מיקס,,,זרעים אורגניים-מיקס,יחידה,0.00,יחידה,false,,5.90,0.0000,true,1,1616822
7290011424565,false,זרעים אורגניים-עלי ס,,,זרעים אורגניים-עלי ס,יחידה,0.00,יחידה,false,,5.90,0.0000,true,1,1616825
7290011424596,false,זרעים אורגניים-עגבני,,,זרעים אורגניים-עגבני,יחידה,0.00,יחידה,false,,5.90,0.0000,true,1,1616836
7290011424602,false,זרעים אורגניים-עירית,,,זרעים אורגניים-עירית,יחידה,0.00,יחידה,false,,5.90,0.0000,true,1,1616798
7290011424619,false,זרעים אורגניים-פטרוז,,,זרעים אורגניים-פטרוז,יחידה,0.00,יחידה,false,,5.90,0.0000,true,1,1616799
7290011424633,false,זרעים אורגניים-פלפל,,,זרעים אורגניים-פלפל,יחידה,0.00,יחידה,false,,5.90,0.0000,true,1,1616837
7290011424640,false,זרעים אורגניים-צלוזי,,,זרעים אורגניים-צלוזי,יחידה,0.00,יחידה,false,,5.90,0.0000,true,1,1616838
7290011424749,false,זרעים אורגניים-גזר,,,זרעים אורגניים-גזר,יחידה,0.00,יחידה,false,,5.90,0.0000,true,1,1616846
7290011424770,false,זרעים אורגניים-כובע,,,זרעים אורגניים-כובע,יחידה,0.00,יחידה,false,,5.90,0.0000,true,1,1616848
7290011424787,false,זרעים אורגניים-אפונה,,,זרעים אורגניים-אפונה,יחידה,0.00,יחידה,false,,5.90,0.0000,true,1,1616803
7290011725402,false,חסה למהדרין היתר מכי,,,חסה למהדרין היתר מכי,יחידה,0.00,יחידה,false,,4.90,0.0000,true,1,1796824
7290011725419,false,פטרוזיליה למהדרין הי,,,פטרוזיליה למהדרין הי,יחידה,0.00,יחידה,false,,4.90,0.0000,true,1,1796825
7290011725426,false,כוסברה למהדרין היתר,,,כוסברה למהדרין היתר,יחידה,0.00,יחידה,false,,4.90,0.0000,true,1,1796826
7290011725433,false,נענע למהדרין היתר מכ,,,נענע למהדרין היתר מכ,יחידה,0.00,יחידה,false,,4.90,0.0000,true,1,1796827
7290011725440,false,שמיר למהדרין היתר מכ,,,שמיר למהדרין היתר מכ,יחידה,0.00,יחידה,false,,4.90,0.0000,true,1,1796833
7290011725457,false,בצל ירוק למהדרין הית,,,בצל ירוק למהדרין הית,יחידה,0.00,יחידה,false,,4.90,0.0000,true,1,1796834
7290011725464,false,סלרי למהדרין היתר מכ,,,סלרי למהדרין היתר מכ,יחידה,0.00,יחידה,false,,4.90,0.0000,true,1,1796835
7290011725471,false,עלי סלק למהדרין היתר,,,עלי סלק למהדרין היתר,יחידה,0.00,יחידה,false,,4.90,0.0000,true,1,1796836
7290011725488,false,כרוב לבן למהדרין הית,,,כרוב לבן למהדרין הית,קילוגרמים,1.00,"ק""ג",true,,7.90,7.9000,true,1,1796837
7290011725495,false,כרוב אדום למהדרין הי,,,כרוב אדום למהדרין הי,קילוגרמים,1.00,"ק""ג",true,,7.90,7.9000,true,1,1796838
7290011725525,false,לבבות חסה למהדרין הי,,,לבבות חסה למהדרין הי,יחידה,0.00,יחידה,false,,7.90,0.0000,true,1,1796840
7290012086113,false,שרי אשכולות ארוז,,,שרי אשכולות ארוז,יחידה,0.00,יחידה,false,,7.90,0.0000,true,1,1322548
7290012520099,false,פטל אדום משתלת פאר,,,פטל אדום משתלת פאר,יחידה,0.00,יחידה,false,,29.90,0.0000,true,1,1322550
7290013267665,false,מאגדת מיני סולרו בטע,גלידות שטראוס,IL,מאגדת סולרו טרופ 5 יח פסח,יח',5.00,יח',false,,22.90,4.5800,true,1,1337066
7290013366252,false,נבטי קטניות,,,נבטי קטניות,גרמים,270.00,100 גרם,false,,9.90,0.0367,true,1,1352525
7290013366634,false,חסה סלנובה ראשים,,,חסה סלנובה ראשים,גרמים,160.00,100 גרם,false,,12.90,0.0806,true,1,1352533
7290013366641,false,רוקולה,,,רוקולה,גרמים,160.00,100 גרם,false,,12.90,0.0806,true,1,1352534
7290013366658,false,חסה סלנובה עלים חתוך,,,חסה סלנובה עלים חתוך,גרמים,150.00,100 גרם,false,,12.90,0.0860,true,1,1352535
7290013366726,false,עלי קייל רוסי,,,עלי קייל רוסי,גרמים,160.00,100 גרם,false,,12.90,0.0806,true,1,1352537
7290013558824,false,בזילקום /רוגולה (היד,,,בזילקום /רוגולה (היד,גרמים,100.00,100 גרם,false,,6.90,0.0690,true,1,1709363
7290014015135,false,בצל פנינה -איקה,,,בצל פנינה -איקה,גרמים,500.00,100 גרם,false,,12.90,0.0258,true,1,1686156
7290014015173,false,שיני שום קלופות -איק,,,שיני שום קלופות -איק,גרמים,180.00,100 גרם,false,,12.90,0.0717,true,1,1767726
7290014079076,false,נבטים אלפלפא,,,נבטים אלפלפא,יח',1.00,יח',false,,5.90,5.9000,true,1,1329145
7290014462601,false,אבוקדו מיני אס מוכן,,,אבוקדו מיני אס מוכן,יחידה,0.00,יחידה,false,,11.90,0.0000,true,1,1722041
7290014931008,false,פטרוזליה,,,פטרוזליה,יחידה,0.00,יחידה,false,,7.90,0.0000,true,1,1362300
7290014931015,false,כוסברה,,,כוסברה,יחידה,0.00,יחידה,false,,7.90,0.0000,true,1,1362301
7290014931053,false,בזילקום,,,בזילקום,יחידה,0.00,יחידה,false,,7.90,0.0000,true,1,1362302
7290014931077,false,עירית,,,עירית,יחידה,0.00,יחידה,false,,7.90,0.0000,true,1,1362304
7290014931084,false,אורגנו טרגון,,,אורגנו טרגון,יחידה,0.00,יחידה,false,,7.90,0.0000,true,1,1362305
7290014931091,false,קורנית טימין,,,קורנית טימין,יחידה,0.00,יחידה,false,,7.90,0.0000,true,1,1362306
7290014931107,false,מנטה,,,מנטה,יחידה,0.00,יחידה,false,,7.90,0.0000,true,1,1362307
7290014931190,false,פאקצ'וי,,,פאקצ'וי,יחידה,0.00,יחידה,false,,9.90,0.0000,true,1,1362309
7290014931206,false,גרגיר נחלים,,,גרגיר נחלים,יחידה,0.00,יחידה,false,,7.90,0.0000,true,1,1362310
7290015037204,false,כרוב לבן 400 ארץ האר,,,כרוב לבן 400 ארץ האר,יחידה,0.00,יחידה,false,,11.90,0.0000,true,1,1351636
7290015037211,false,כרוב אדום 400 גרם או,,,כרוב אדום 400 גרם או,יחידה,0.00,יחידה,false,,11.90,0.0000,true,1,1351637
7290015037228,false,סלט קולסלו 400 אוצר,,,סלט קולסלו 400 אוצר,יחידה,0.00,יחידה,false,,11.90,0.0000,true,1,1351638
7290015037273,false,פטרוזליה אוצר הארץ,,,פטרוזליה אוצר הארץ,יחידה,0.00,יחידה,false,,6.40,0.0000,true,1,1351642
7290015037280,false,כוסברה אוצר הארץ,,,כוסברה אוצר הארץ,יחידה,0.00,יחידה,false,,6.40,0.0000,true,1,1351643
7290015037396,false,נענע אוצר הארץ,,,נענע אוצר הארץ,יחידה,0.00,יחידה,false,,6.40,0.0000,true,1,1351649
7290015037419,false,סלרי אוצר הארץ,,,סלרי אוצר הארץ,יחידה,0.00,יחידה,false,,7.40,0.0000,true,1,1351651
7290015037433,false,חסה ערבית אוצר הארץ,,,חסה ערבית אוצר הארץ,יחידה,0.00,יחידה,false,,7.40,0.0000,true,1,1351653
7290015037440,false,כרוב לבן שלם אוצר הא,,,כרוב לבן שלם אוצר הא,קילוגרמים,1.00,"ק""ג",true,,14.70,14.7000,true,1,1351654
7290015037457,false,כרוב אדום שלם אוצר ה,,,כרוב אדום שלם אוצר ה,קילוגרמים,1.00,"ק""ג",true,,14.70,14.7000,true,1,1351655
7290015037693,false,לבבות חסה,,,לבבות חסה,יחידה,0.00,יחידה,false,,12.90,0.0000,true,1,1812012
7290015695800,false,נבטי ברוקולי,,,נבטי ברוקולי,יחידה,0.00,יחידה,false,,8.90,0.0000,true,1,1393601
7290015695817,false,נבטי קייל,,,נבטי קייל,יחידה,0.00,יחידה,false,,9.90,0.0000,true,1,1393607
7290015695824,false,נבטי חרדל,,,נבטי חרדל,יחידה,0.00,יחידה,false,,9.90,0.0000,true,1,1393608
7290015695831,false,נבטי צנונית,,,נבטי צנונית,יחידה,0.00,יחידה,false,,9.90,0.0000,true,1,1393609
7290015695848,false,נבטי אלפלפא,,,נבטי אלפלפא,יחידה,0.00,יחידה,false,,9.90,0.0000,true,1,1393610
7290015695855,false,נבטי חמניה,,,נבטי חמניה,יחידה,0.00,יחידה,false,,9.90,0.0000,true,1,1393606
7290015695879,false,עשב חיטה,,,עשב חיטה,יחידה,0.00,יחידה,false,,9.90,0.0000,true,1,1393611
7290015695886,false,מיקס נבטים,,,מיקס נבטים,יחידה,0.00,יחידה,false,,9.90,0.0000,true,1,1393612
7290015695893,false,מיקס נבטוטים,,,מיקס נבטוטים,יחידה,0.00,יחידה,false,,9.90,0.0000,true,1,1393613
7290015695916,false,מיקס נבטים ענק,,,מיקס נבטים ענק,יחידה,0.00,יחידה,false,,15.90,0.0000,true,1,1393614
7290015695923,false,נבטים סיניים,,,נבטים סיניים,יחידה,0.00,יחידה,false,,7.90,0.0000,true,1,1439321
7290015695947,false,נבטי אפונה,,,נבטי אפונה,יחידה,0.00,יחידה,false,,9.90,0.0000,true,1,1473358
7290015790000,false,גרגרי רימון,,,גרגרי רימון,גרמים,250.00,100 גרם,false,,14.90,0.0596,true,1,1384882
7290015859004,false,עירית,,,עירית,יחידה,0.00,יחידה,false,,5.90,0.0000,true,1,1363731
7290015859028,false,תרד ניו זילנדי,,,תרד ניו זילנדי,יחידה,0.00,יחידה,false,,9.90,0.0000,true,1,1363733
7290015859042,false,לבבות קיסר,,,לבבות קיסר,יחידה,0.00,יחידה,false,,9.90,0.0000,true,1,1363735
7290015859066,false,אורגנו,,,אורגנו,יחידה,0.00,יחידה,false,,5.90,0.0000,true,1,1363737
7290015859073,false,רוזמרין,,,רוזמרין,יחידה,0.00,יחידה,false,,4.90,0.0000,true,1,1363738
7290015859080,false,קורנית,,,קורנית,יחידה,0.00,יחידה,false,,4.90,0.0000,true,1,1363739
7290015859103,false,מרווה,,,מרווה,יחידה,0.00,יחידה,false,,4.90,0.0000,true,1,1363741
7290015859127,false,רוקולה,,,רוקולה,יחידה,0.00,יחידה,false,,9.90,0.0000,true,1,1363743
7290015859202,false,בזיליקום,,,בזיליקום,יחידה,0.00,יחידה,false,,5.90,0.0000,true,1,1363750
7290015859219,false,בזיליקום,,,בזיליקום,יחידה,0.00,יחידה,false,,9.90,0.0000,true,1,1363751
7290015859301,false,חסה מסולסלת צבעונית,,,חסה מסולסלת צבעונית,יחידה,0.00,יחידה,false,,9.90,0.0000,true,1,1363759
7290015859325,false,פקצוי,,,פקצוי,יחידה,0.00,יחידה,false,,11.90,0.0000,true,1,1396062
7290016150384,false,סלק אדום מבושל באריז,,,סלק אדום מבושל באריז,גרמים,500.00,100 גרם,false,,5.90,0.0118,true,1,1458668
7290016270570,false,מלפפון בייבי,,,מלפפון בייבי,יחידה,0.00,יחידה,false,,7.90,0.0000,true,1,1498323
7290016270907,false,ברוקולי ארוז -גן היר,,,ברוקולי ארוז -גן היר,יחידה,0.00,יחידה,false,,9.90,0.0000,true,1,1820630
7290016284003,false,חסה הידרו רומית,,,חסה הידרו רומית,יחידה,0.00,יחידה,false,,9.90,0.0000,true,1,1437511
7290016284058,false,חסה הידרו סלנובה,,,חסה הידרו סלנובה,יחידה,0.00,יחידה,false,,9.90,0.0000,true,1,1848618
7290016584011,false,חטיפוני גזר 350 גרם,,,חטיפוני גזר 350 גרם,גרמים,350.00,100 גרם,false,,9.90,0.0283,true,1,1474480
7290016634822,false,זרעים אורגניים-כרוב,,,זרעים אורגניים-כרוב,יחידה,0.00,יחידה,false,,5.90,0.0000,true,1,1860801
7290016634907,false,זרעים אורגניים-מיקס,,,זרעים אורגניים-מיקס,יחידה,0.00,יחידה,false,,5.90,0.0000,true,1,1860804
7290018024003,false,חסה ערבית,,,חסה ערבית,יחידה,0.00,יחידה,false,,3.90,0.0000,true,1,1740501
7290018024027,false,סלק עלים,,,סלק עלים,יחידה,0.00,יחידה,false,,4.90,0.0000,true,1,1739252
7290018024034,false,סלרי עלים,,,סלרי עלים,יחידה,0.00,יחידה,false,,4.90,0.0000,true,1,1739253
7290018024041,false,סלרי ראש,,,סלרי ראש,יחידה,0.00,יחידה,false,,4.90,0.0000,true,1,1739254
7290018024058,false,פטרוזיליה ארוז,,,פטרוזיליה ארוז,יחידה,0.00,יחידה,false,,3.90,0.0000,true,1,1739255
7290018024065,false,כוסברה ארוז,,,כוסברה ארוז,יחידה,0.00,יחידה,false,,3.90,0.0000,true,1,1739256
7290018024072,false,נענע ארוז,,,נענע ארוז,יחידה,0.00,יחידה,false,,3.90,0.0000,true,1,1739257
7290018024089,false,שמיר ארוז,,,שמיר ארוז,יחידה,0.00,יחידה,false,,3.90,0.0000,true,1,1739258
7290018024096,false,שורש פטרוזיליה,,,שורש פטרוזיליה,יחידה,0.00,יחידה,false,,3.90,0.0000,true,1,1740502
7290018024256,false,לבבות קיסר,,,לבבות קיסר,יחידה,0.00,יחידה,false,,7.90,0.0000,true,1,1739392
7290018024362,false,חסה סלנובה,,,חסה סלנובה,יחידה,0.00,יחידה,false,,9.90,0.0000,true,1,1739381
7290018024379,false,עלי רוקולה 180 גרם,,,עלי רוקולה 180 גרם,גרמים,180.00,100 גרם,false,,7.90,0.0439,true,1,1739382
7290018024447,false,לבבות חסה,,,לבבות חסה,יחידה,0.00,יחידה,false,,7.90,0.0000,true,1,1739386
7290018024485,false,תרד ניוזילנדי 180,,,תרד ניוזילנדי 180,גרמים,180.00,100 גרם,false,,7.90,0.0439,true,1,1739396
7290018024508,false,ביבי מיקס 180 גרם,,,ביבי מיקס 180 גרם,גרמים,180.00,100 גרם,false,,7.90,0.0439,true,1,1739398
7290018024539,false,בזיליקום 180 גרם,,,בזיליקום 180 גרם,גרמים,180.00,100 גרם,false,,7.90,0.0439,true,1,1739399
7290018131534,false,מאגדת מיני בייטס מיל,,,מאגדת מיני בייטס מיל,גרמים,162.00,100 גרם,false,,19.90,0.1228,true,1,1783071
7290018131756,false,מאגדת שלגוניםוניל מצ,,,מאגדת שלגוניםוניל מצ,גרמים,470.00,100 גרם,false,,27.90,0.0594,true,1,1736309
7290018131879,false,גלידת טילון אקסטרים,,,גלידת טילון אקסטרים,גרמים,432.00,100 גרם,false,,32.90,0.0762,true,1,1757907
7290018192658,false,מארז פטריות צמד חמד,,,מארז פטריות צמד חמד,יחידה,0.00,יחידה,false,,14.90,0.0000,true,1,1716347
7290018394021,false,פטריות מלך היער,,,פטריות מלך היער,גרמים,200.00,100 גרם,false,,12.90,0.0645,true,1,1768892
7290018394038,false,פטריות שיטאקי מיובשו,,,פטריות שיטאקי מיובשו,גרמים,25.00,100 גרם,false,,7.90,0.3160,true,1,1723732
7290018394069,false,ביציי שליו 12 יח' בת,,,ביציי שליו 12 יח' בת,יחידה,0.00,יחידה,false,,14.90,0.0000,true,1,1760314
7290018394076,false,שום שחור,,,שום שחור,גרמים,60.00,100 גרם,false,,9.90,0.1650,true,1,1821474
7290018394083,false,שום פנינה,,,שום פנינה,גרמים,200.00,100 גרם,false,,9.90,0.0495,true,1,1821475
7290018394144,false,בצלצלי  איזי שאלוט,,,בצלצלי  איזי שאלוט,גרמים,350.00,100 גרם,false,,12.90,0.0369,true,1,1861722
7290018652671,false,גלידה ל'קרמריה שוקול,,,גלידה ל'קרמריה שוקול,ליטרים,1.40,ליטר,false,,20.90,14.9286,true,1,1865368
7290018652886,false,מאגדת מצופים שוקו בנ,,,מאגדת מצופים שוקו בנ,יח',8.00,יח',false,,27.90,3.4875,true,1,1865424
7290018652909,false,מאגדת קפה שוקולד ופא,,,מאגדת קפה שוקולד ופא,"י""ח",5.00,"י""ח",false,,29.90,5.9800,true,1,1865969
7290018652923,false,מאגדת עוגת גבינה ותו,,,מאגדת עוגת גבינה ותו,יח',5.00,יח',false,,29.90,5.9800,true,1,1865410
7290018825020,false,תפוח אדמה גורמה,,,תפוח אדמה גורמה,קילוגרמים,1.00,"ק""ג",true,,5.90,5.9000,true,1,1806079
7290018825228,false,תפוחי אדמה אדום ארוז,,,תפוחי אדמה אדום ארוז,קילוגרמים,1.00,"ק""ג",true,,5.90,5.9000,true,1,1806084
7290018825822,false,תפוחי אדמה לבן ארוז,,,תפוחי אדמה לבן ארוז,קילוגרמים,1.00,"ק""ג",true,,4.90,4.9000,true,1,1806085
7290101110279,false,גלידה שוקו פקאן.,,,גלידה שוקו פקאן.,ליטרים,1.30,ליטר,false,,16.90,13.0000,true,1,1334695
7290101110453,false,גלידה ארבע על ארבע.,,,גלידה ארבע על ארבע.,ליטרים,1.80,ליטר,false,,16.90,9.3889,true,1,1334696
7290101110460,false,גלידת בליסימו וניל צ,,,גלידת בליסימו וניל צ,ליטרים,1.30,ליטר,false,,16.90,13.0000,true,1,1334697
7290101112112,false,גלידה טירמיסו 1.8 לי,,,גלידה טירמיסו 1.8 לי,ליטרים,1.80,ליטר,false,,27.90,15.5000,true,1,1613414
7290101112228,false,שמיניית קרחוני דיאט,,,שמיניית קרחוני דיאט,גרמים,640.00,100 גרם,false,,19.90,0.0311,true,1,1334726
7290101112600,false,גלידת בליסימו מילקשי,,,גלידת בליסימו מילקשי,ליטרים,1.30,ליטר,false,,16.90,13.0000,true,1,1410326
7290101112990,false,מאגדת גרניטה קוקוס,,,מאגדת גרניטה קוקוס,גרמים,480.00,100 גרם,false,,24.90,0.0519,true,1,1543147
7290101113157,false,מאגדת גלידל וניל עוג,,,מאגדת גלידל וניל עוג,גרמים,312.00,100 גרם,false,,24.90,0.0798,true,1,1782652
7290101113393,false,שלגוני יוגורט פירות,,,שלגוני יוגורט פירות,גרמים,400.00,100 גרם,false,,19.90,0.0497,true,1,1677027
7290101113409,false,שלגוני יוגורט תות יו,,,שלגוני יוגורט תות יו,גרמים,400.00,100 גרם,false,,19.90,0.0497,true,1,1677028
7290101113430,false,מאגדת גלידל שוקולד ע,,,מאגדת גלידל שוקולד ע,גרמים,312.00,100 גרם,false,,24.90,0.0798,true,1,1782645
7290101113591,false,מאגדת טילונים שוקולד,,,מאגדת טילונים שוקולד,גרמים,400.00,100 גרם,false,,19.90,0.0497,true,1,1787415
7290103400194,false,כרוב לבן חתוך טעם הט,שטראוס,IL,כרוב לבן 400 ג'  ירקות שט,גרמים,400.00,100 גרם,false,,8.90,0.0223,true,1,1341890
7290103400255,false,"סלט קולסלאו בד""צ אחל",שטראוס,IL,סלט קולסלאו 400 ג ירקות ש,גרמים,400.00,100 גרם,false,,8.90,0.0223,true,1,1341892
7290103408206,false,עלי חסה ערבית שטופים,שטראוס,IL,עלי חסה בקופסא 250 גרם יר,גרמים,250.00,100 גרם,false,,9.90,0.0396,true,1,1341900
7290104065934,false,עלי רוקט שטראוס 150,שטראוס,IL,עלי רוקט 150 ג' ירקות שטר,גרמים,150.00,100 גרם,false,,9.90,0.0660,true,1,1341908
7290104570131,false,"תמר מגהול 1 ק""ג",,,"תמר מגהול 1 ק""ג",גרמים,1000.00,100 גרם,false,,19.90,0.0199,true,1,1383085
7290104721953,false,לקט ירקות מסולסלים ש,שטראוס,IL,לקט מסולסלים 350 ג' ירקות,גרמים,350.00,100 גרם,false,,12.90,0.0369,true,1,1341923
7290106528949,false,לקט ערוגות 450 גרם,שטראוס,IL,לקט ערוגות  450 גר'  ירקו,גרמים,450.00,100 גרם,false,,12.90,0.0287,true,1,1342099
7290106576834,false,גלידה ל'קרמריה פונטש,גלידות נסטלה,IL,לה קרמריה פונטש בננה,ליטרים,1.40,ליטר,false,,20.90,14.9286,true,1,1329787
7290106576858,false,גלידה ל'קרמריה תותים,גלידות נסטלה,IL,לה קרמריה תותים בשמנת,ליטרים,1.40,ליטר,false,,20.90,14.9286,true,1,1329788
7290106653689,false,לקט לסלט אסייתי 350,,,לקט לסלט אסייתי 350,גרמים,350.00,100 גרם,false,,9.90,0.0283,true,1,1473639
7290106723689,false,עליי תרד בייבי טעם ה,שטראוס,IL,עלי תרד בייבי שטראוס 200ג,גרמים,200.00,100 גרם,false,,12.00,0.0600,true,1,1342169
7290107875400,false,גלידה ל'קרמריה פיסטו,גלידות נסטלה,IL,לה קרמריה פיסטוק מוקה פרו,ליטרים,1.40,ליטר,false,,20.90,14.9286,true,1,1329807
7290107879521,false,מאגדת שלגוני לה פרוט,,,מאגדת שלגוני לה פרוט,יח',5.00,יח',false,,22.90,4.5800,true,1,1410480
7290107933155,false,לקט סלנובה 200 גרם ש,,,לקט סלנובה 200 גרם ש,גרמים,200.00,100 גרם,false,,12.90,0.0645,true,1,1451140
7290107933193,false,סלק מבושל טעם הטבע 5,,,סלק מבושל טעם הטבע 5,גרמים,500.00,100 גרם,false,,7.90,0.0158,true,1,1398537
7290107939027,false,גזר דק דק 250 גר שטר,,,גזר דק דק 250 גר שטר,גרמים,250.00,100 גרם,false,,6.90,0.0276,true,1,1451141
7290107941259,false,עדשים ירוקות מבושלות,,,עדשים ירוקות מבושלות,גרמים,475.00,100 גרם,false,,8.90,0.0187,true,1,1451142
7290107941266,false,שעועית אדומה מבושלת,,,שעועית אדומה מבושלת,גרמים,475.00,100 גרם,false,,10.90,0.0229,true,1,1451143
7290107941273,false,חומוס מבושל 475 גרם,,,חומוס מבושל 475 גרם,גרמים,475.00,100 גרם,false,,8.90,0.0187,true,1,1451152
7290109062129,false,סל קניה כחול,,,סל קניה כחול,יחידה,0.00,יחידה,false,,5.00,0.0000,true,1,1745505
7290109062587,false,סל קניה כחול בד,,,סל קניה כחול בד,יחידה,0.00,יחידה,false,,5.00,0.0000,true,1,1850575
7290110551254,false,נשנושי תירס 600 גרם,,,נשנושי תירס 600 גרם,גרמים,600.00,100 גרם,false,,14.90,0.0248,true,1,1900342
7290110558918,false,עלי חסה קראץ' שטופים,,,עלי חסה קראץ' שטופים,גרמים,150.00,100 גרם,false,,10.90,0.0727,true,1,1882654
7290111565038,false,גלידה ל'קרמריה קוקיל,,,גלידה ל'קרמריה קוקיל,ליטרים,1.40,ליטר,false,,20.90,14.9286,true,1,1543374
7290112351524,false,עלי סלנובה 200 גרם ג,,,עלי סלנובה 200 גרם ג,גרמים,200.00,100 גרם,false,,12.90,0.0645,true,1,1693297
7290112493927,false,גלידה קרמיסימו 1.33,,,גלידה קרמיסימו 1.33,ליטרים,1.33,ליטר,false,,19.90,14.9624,true,1,1650927
7290112493965,false,גלידה קרמיסימו מסטיג,,,גלידה קרמיסימו מסטיג,ליטרים,1.33,ליטר,false,,19.90,14.9624,true,1,1650933
7290112498885,false,מאגדת גודיז שלגון,,,מאגדת גודיז שלגון,גרמים,235.00,100 גרם,false,,24.90,0.1060,true,1,1736628
7290112498915,false,מאגדת גלידה מיני מגנ,,,מאגדת גלידה מיני מגנ,גרמים,250.00,100 גרם,false,,29.90,0.1196,true,1,1764594
7290112498922,false,מאגדת גלידה מיני מגנ,,,מאגדת גלידה מיני מגנ,גרמים,250.00,100 גרם,false,,29.90,0.1196,true,1,1764595
7290112499097,false,מאגדת גלידה מיני מגנ,,,מאגדת גלידה מיני מגנ,גרמים,310.00,100 גרם,false,,29.90,0.0965,true,1,1834014
7290112499189,false,גלידה קרמיסימו 1.33,,,גלידה קרמיסימו 1.33,ליטרים,1.33,ליטר,false,,19.90,14.9624,true,1,1874464
7290112499219,false,מאגדת גודיז פיסטוק ש,,,מאגדת גודיז פיסטוק ש,גרמים,235.00,100 גרם,false,,24.90,0.1060,true,1,1858193
7290112499844,false,מאגדת גלידה מיני מגנ,,,מאגדת גלידה מיני מגנ,גרמים,310.00,100 גרם,false,,29.90,0.0965,true,1,1649972
7290112499943,false,מאגדת גלידה מיני מגנ,,,מאגדת גלידה מיני מגנ,גרמים,250.00,100 גרם,false,,29.90,0.1196,true,1,1649973
7290115677966,false,ממרח אבוקדו 200 גרם,,,ממרח אבוקדו 200 גרם,גרמים,200.00,100 גרם,false,,14.90,0.0745,true,1,1809652
7290115678598,false,חסה אייסברג בחיתוך ג,,,חסה אייסברג בחיתוך ג,גרמים,300.00,100 גרם,false,,9.90,0.0330,true,1,1814091
7290116531939,false,גלידונית תות  60 יח,,,גלידונית תות  60 יח,גרמים,630.00,100 גרם,false,,44.90,0.0713,true,1,1858194
7290116532264,false,מאגדת גודיז יוגורט א,,,מאגדת גודיז יוגורט א,יח',6.00,יח',false,,24.90,4.1500,true,1,1858199
7290116532271,false,מאגדת מיני סנדוויץ,,,מאגדת מיני סנדוויץ,מיליליטרים,620.00,"100 מ""ל",false,,29.90,0.0482,true,1,1858208
7290116532486,false,פיינט קליק וניל קרמל,,,פיינט קליק וניל קרמל,מיליליטרים,520.00,"100 מ""ל",false,,19.90,0.0383,true,1,1869228
7798164800019,false,אוכמניות ויוה,,,אוכמניות ויוה,גרמים,125.00,100 גרם,false,,9.90,0.0792,true,1,1360595
8436575292205,false,מאגדת ארטיקים חמשושי,,,מאגדת ארטיקים חמשושי,גרמים,180.00,100 גרם,false,,20.90,0.1161,true,1,1613097
8550740072390,false,פלפלונים מתוקים -עלו,,,פלפלונים מתוקים -עלו,גרמים,270.00,100 גרם,false,,7.90,0.0293,true,1,1716760
8550740072468,false,פלפלונים צ'ילי -טנא,,,פלפלונים צ'ילי -טנא,יחידה,0.00,יחידה,false,,5.90,0.0000,true,1,1813440
8606018615827,false,גלידה פיינט אוראו,,,גלידה פיינט אוראו,גרמים,480.00,גרם,false,,18.90,0.0394,true,1,1865849
8606018615841,false,גלידה פיינט וניל ליב,,,גלידה פיינט וניל ליב,גרמים,480.00,גרם,false,,18.90,0.0394,true,1,1865850
8690637842399,false,מאגדת גלידה מיני מגנ,,,מאגדת גלידה מיני מגנ,גרמים,282.00,100 גרם,false,,29.90,0.1060,true,1,1540171
8690637890666,false,מאגדת שלגוני מגנום פ,,,מאגדת שלגוני מגנום פ,גרמים,282.00,100 גרם,false,,29.90,0.1060,true,1,1603082
8690637989612,false,מאגדת שלגוני מגנום מ,,,מאגדת שלגוני מגנום מ,גרמים,246.00,100 גרם,false,,29.90,0.1215,true,1,1736629
8711327475618,false,מגנום פיינט וניל קלא,,,מגנום פיינט וניל קלא,מיליליטרים,440.00,"100 מ""ל",false,,19.90,0.0452,true,1,1728949
8711327475717,false,מגנום פיינט וניל שקד,,,מגנום פיינט וניל שקד,מיליליטרים,440.00,"100 מ""ל",false,,19.90,0.0452,true,1,1728951
8711327475762,false,מגנום פיינט לבן עוגי,,,מגנום פיינט לבן עוגי,מיליליטרים,440.00,"100 מ""ל",false,,19.90,0.0452,true,1,1728952
