code,internal_code,name,manufacturer_name,manufacture_country,manufacturer_item_description,unit_qty,quantity,unit_of_measure,weighted,qty_in_package,price,unit_of_measure_price,allow_discount,status,item_id
17,true,ביטול משלוח אינטרנט/,,,ביטול משלוח אינטרנט/,יחידה,0.00,יחידה,false,,29.00,0.0000,true,1,34402
103,true,לחמניה בריאות,,,לחמניה בריאות,יח',1.00,יח',false,,3.20,3.2000,true,1,2400
161,true,קישוא עגול,,,קישוא עגול,קילוגרמים,1.00,"ק""ג",true,,12.90,12.9000,true,1,50761
163,true,פטריות שמפיניון תפזו,,,פטריות שמפיניון תפזו,קילוגרמים,1.00,"ק""ג",true,,39.90,39.9000,true,1,50762
164,true,פטריות חורש תפזורת,,,פטריות חורש תפזורת,קילוגרמים,1.00,"ק""ג",true,,39.90,39.9000,true,1,50763
173,true,דלעת ערמונים,,,דלעת ערמונים,קילוגרמים,1.00,"ק""ג",true,,11.90,11.9000,true,1,50764
301,true,בקבוק ריק חוזר בירה,,,בקבוק ריק חוזר בירה,יחידה,0.00,יחידה,false,,1.20,0.0000,true,1,6864
403,true,מאפה כיס פרלין פרימי,,,מאפה כיס פרלין פרימי,קילוגרמים,1.00,"ק""ג",true,,48.90,48.9000,true,1,2410
413,true,רול/קוקטייל בולגרית/,,,רול/קוקטייל בולגרית/,קילוגרמים,1.00,"ק""ג",true,,50.00,50.0000,true,1,2411
572,true,קופון מצטרף חדש למוע,,,קופון מצטרף חדש למוע,יחידה,0.00,יחידה,false,,0.01,0.0000,true,1,34427
996,true,חלה קלועה,,,חלה קלועה,יח',1.00,יח',false,,11.90,11.9000,true,1,2420
998,true,חלה מתוקה קלועה,,,חלה מתוקה קלועה,יח',1.00,יח',false,,11.90,11.9000,true,1,2422
1009,true,בגט שלם,,,בגט שלם,יח',1.00,יח',false,,4.90,4.9000,true,1,2426
1014,true,בגט רוסטיק,,,בגט רוסטיק,יח',1.00,יח',false,,8.50,8.5000,true,1,2428
1028,true,חצי בגט,,,חצי בגט,יח',1.00,יח',false,,3.50,3.5000,true,1,2431
1058,true,חלה רגילה/חלה ציפורי,,,חלה רגילה/חלה ציפורי,גרמים,500.00,100 גרם,false,,5.17,0.0103,true,1,4440
1070,true,סופגניה מיוחדת עם תו,,,סופגניה מיוחדת עם תו,יח',1.00,יח',false,,5.90,5.9000,true,1,2433
1073,true,סופגניה גדולה בודדת,,,סופגניה גדולה בודדת,יחידה,0.00,יחידה,false,,3.90,0.0000,true,1,2435
1079,true,מיני סופגניה בודדת,,,מיני סופגניה בודדת,יחידה,0.00,יחידה,false,,3.30,0.0000,true,1,2438
1091,true,צנונית בייבי,,,צנונית בייבי,גרמים,400.00,100 גרם,false,,5.90,0.0148,true,1,35543
1212,true,לחמנית כריך/ביס/לבן/,,,לחמנית כריך/ביס/לבן/,יח',1.00,יח',false,,2.50,2.5000,true,1,2442
1219,true,לחמניה ביס קטנה 50 ג,,,לחמניה ביס קטנה 50 ג,גרמים,50.00,100 גרם,false,,1.80,0.0360,true,1,4450
1477,true,עגבניות מגי,,,עגבניות מגי,גרמים,450.00,100 גרם,false,,14.90,0.0331,true,1,69189
1486,true,פומלה אדומה,,,פומלה אדומה,קילוגרמים,1.00,"ק""ג",true,,7.90,7.9000,true,1,50780
1488,true,אשכולית אדומה,,,אשכולית אדומה,קילוגרמים,1.00,"ק""ג",true,,6.90,6.9000,true,1,50781
1494,true,תפו`א לבן תפזורת,,,תפו`א לבן תפזורת,קילוגרמים,1.00,"ק""ג",true,,4.90,4.9000,true,1,50786
1495,true,תפו`א אדום תפזורת,,,תפו`א אדום תפזורת,קילוגרמים,1.00,"ק""ג",true,,4.90,4.9000,true,1,50787
1500,true,פלפל כתום,,,פלפל כתום,קילוגרמים,1.00,"ק""ג",true,,9.90,9.9000,true,1,50790
1501,true,עגבניות,,,עגבניות,קילוגרמים,1.00,"ק""ג",true,,6.90,6.9000,true,1,50791
1502,true,מלפפונים,,,מלפפונים,קילוגרמים,1.00,"ק""ג",true,,5.90,5.9000,true,1,50792
1503,true,גזר ארוז,,,גזר ארוז,קילוגרמים,1.00,"ק""ג",true,,3.90,3.9000,true,1,50793
1504,true,סלק,,,סלק,קילוגרמים,1.00,"ק""ג",true,,3.90,3.9000,true,1,50794
1505,true,כרוב לבן,,,כרוב לבן,קילוגרמים,1.00,"ק""ג",true,,3.90,3.9000,true,1,50795
1506,true,כרוב אדום,,,כרוב אדום,קילוגרמים,1.00,"ק""ג",true,,5.90,5.9000,true,1,50796
1507,true,כרובית,,,כרובית,קילוגרמים,1.00,"ק""ג",true,,8.90,8.9000,true,1,50797
1510,true,קישואים,,,קישואים,קילוגרמים,1.00,"ק""ג",true,,8.90,8.9000,true,1,50798
1511,true,חצילים,,,חצילים,קילוגרמים,1.00,"ק""ג",true,,7.90,7.9000,true,1,50799
1513,true,פלפל ירוק,,,פלפל ירוק,קילוגרמים,1.00,"ק""ג",true,,8.90,8.9000,true,1,50800
1514,true,פלפל בהיר,,,פלפל בהיר,קילוגרמים,1.00,"ק""ג",true,,8.90,8.9000,true,1,50801
1515,true,פלפל חריף,,,פלפל חריף,קילוגרמים,1.00,"ק""ג",true,,8.90,8.9000,true,1,50802
1516,true,פלפל אדום,,,פלפל אדום,קילוגרמים,1.00,"ק""ג",true,,9.90,9.9000,true,1,50803
1517,true,פלפל רומרו,,,פלפל רומרו,קילוגרמים,1.00,"ק""ג",true,,13.90,13.9000,true,1,50804
1518,true,מלון,,,מלון,קילוגרמים,1.00,"ק""ג",true,,6.90,6.9000,true,1,50805
1519,true,בצל יבש,,,בצל יבש,קילוגרמים,1.00,"ק""ג",true,,4.90,4.9000,true,1,50806
1521,true,קולורבי,,,קולורבי,קילוגרמים,1.00,"ק""ג",true,,7.90,7.9000,true,1,50807
1522,true,חסה ערבית,,,חסה ערבית,יח',1.00,יח',false,,4.90,4.9000,true,1,50808
1525,true,חציל ננסי,,,חציל ננסי,קילוגרמים,1.00,"ק""ג",true,,16.90,16.9000,true,1,50809
1527,true,פטרוזיליה גומי,,,פטרוזיליה גומי,יח',1.00,יח',false,,3.50,3.5000,true,1,35544
1528,true,כוסברה גומי,,,כוסברה גומי,יח',1.00,יח',false,,3.50,3.5000,true,1,35545
1529,true,שמיר גומי,,,שמיר גומי,יח',1.00,יח',false,,3.50,3.5000,true,1,35546
1530,true,נענע גומי,,,נענע גומי,יח',1.00,יח',false,,3.50,3.5000,true,1,35547
1531,true,לפת,,,לפת,קילוגרמים,1.00,"ק""ג",true,,5.90,5.9000,true,1,50811
1535,true,תפו`א אדום ארוז,,,תפו`א אדום ארוז,קילוגרמים,1.00,"ק""ג",true,,4.90,4.9000,true,1,50814
1541,true,ארטישוק,,,ארטישוק,קילוגרמים,1.00,"ק""ג",true,,22.90,22.9000,true,1,50818
1542,true,ערמונים,,,ערמונים,קילוגרמים,1.00,"ק""ג",true,,16.90,16.9000,true,1,50819
1543,true,אבטיח,,,אבטיח,קילוגרמים,1.00,"ק""ג",true,,5.90,5.9000,true,1,50820
1545,true,שום ארוז ייבוא יח',,,שום ארוז ייבוא יח',יח',1.00,יח',false,,4.90,4.9000,true,1,50822
1546,true,אבטיח אישי,,,אבטיח אישי,קילוגרמים,1.00,"ק""ג",true,,5.90,5.9000,true,1,50823
1547,true,שומר,,,שומר,קילוגרמים,1.00,"ק""ג",true,,6.90,6.9000,true,1,50824
1550,true,תפו`א לבן ארוז,,,תפו`א לבן ארוז,קילוגרמים,1.00,"ק""ג",true,,3.90,3.9000,true,1,50825
1551,true,לימון,,,לימון,קילוגרמים,1.00,"ק""ג",true,,7.90,7.9000,true,1,50826
1552,true,תפוז,,,תפוז,קילוגרמים,1.00,"ק""ג",true,,5.90,5.9000,true,1,50827
1553,true,ענב לבן,,,ענב לבן,קילוגרמים,1.00,"ק""ג",true,,29.90,29.9000,true,1,50828
1555,true,תפוז ארוז,,,תפוז ארוז,קילוגרמים,1.00,"ק""ג",true,,4.90,4.9000,true,1,50830
1556,true,בננה מובחרת,,,בננה מובחרת,קילוגרמים,1.00,"ק""ג",true,,6.90,6.9000,true,1,50831
1557,true,צנון,,,צנון,קילוגרמים,1.00,"ק""ג",true,,6.90,6.9000,true,1,50832
1558,true,אשכולית צהובה,,,אשכולית צהובה,קילוגרמים,1.00,"ק""ג",true,,6.90,6.9000,true,1,50833
1560,true,דלעת ארוזה,,,דלעת ארוזה,קילוגרמים,1.00,"ק""ג",true,,9.90,9.9000,true,1,50835
1561,true,תפוח עץ זהוב,,,תפוח עץ זהוב,קילוגרמים,1.00,"ק""ג",true,,9.90,9.9000,true,1,50836
1562,true,תפוח עץ יונתן,,,תפוח עץ יונתן,קילוגרמים,1.00,"ק""ג",true,,9.90,9.9000,true,1,50837
1563,true,תפוח עץ חרמון,,,תפוח עץ חרמון,קילוגרמים,1.00,"ק""ג",true,,9.90,9.9000,true,1,50838
1564,true,תפוח עץ סמיט,,,תפוח עץ סמיט,קילוגרמים,1.00,"ק""ג",true,,9.90,9.9000,true,1,50839
1568,true,רימון,,,רימון,קילוגרמים,1.00,"ק""ג",true,,8.90,8.9000,true,1,50842
1570,true,קלמנטינה,,,קלמנטינה,קילוגרמים,1.00,"ק""ג",true,,5.90,5.9000,true,1,50843
1571,true,פלפל שושקה,,,פלפל שושקה,קילוגרמים,1.00,"ק""ג",true,,13.90,13.9000,true,1,50844
1572,true,אבוקדו מובחר,,,אבוקדו מובחר,קילוגרמים,1.00,"ק""ג",true,,10.90,10.9000,true,1,50845
1573,true,מנגו,,,מנגו,קילוגרמים,1.00,"ק""ג",true,,14.90,14.9000,true,1,50846
1574,true,בטטה מתוקה,,,בטטה מתוקה,קילוגרמים,1.00,"ק""ג",true,,8.90,8.9000,true,1,50847
1576,true,אגס,,,אגס,קילוגרמים,1.00,"ק""ג",true,,11.90,11.9000,true,1,50848
1581,true,פלפל צהוב,,,פלפל צהוב,קילוגרמים,1.00,"ק""ג",true,,9.90,9.9000,true,1,50850
1588,true,תירס ארוז,,,תירס ארוז,קילוגרמים,1.00,"ק""ג",true,,9.90,9.9000,true,1,50854
1590,true,פומלה,,,פומלה,קילוגרמים,1.00,"ק""ג",true,,7.90,7.9000,true,1,50855
1591,true,ענב אדום,,,ענב אדום,קילוגרמים,1.00,"ק""ג",true,,21.90,21.9000,true,1,50856
1595,true,חציל בלדי,,,חציל בלדי,קילוגרמים,1.00,"ק""ג",true,,9.90,9.9000,true,1,50859
1601,true,סלרי חתוך ליח,,,סלרי חתוך ליח,יח',1.00,יח',false,,6.90,6.9000,true,1,47732
1604,true,אפרסמון,,,אפרסמון,קילוגרמים,1.00,"ק""ג",true,,11.90,11.9000,true,1,50862
1607,true,תפו`א קטן אפיה ארוז,,,תפו`א קטן אפיה ארוז,קילוגרמים,1.00,"ק""ג",true,,3.90,3.9000,true,1,50865
1608,true,זנגוויל\גינגיר תפזור,,,זנגוויל\גינגיר תפזור,קילוגרמים,1.00,"ק""ג",true,,22.90,22.9000,true,1,50866
1610,true,שרי אשכולות לקג,,,שרי אשכולות לקג,קילוגרמים,1.00,"ק""ג",true,,18.90,18.9000,true,1,50867
1613,true,דלורית,,,דלורית,קילוגרמים,1.00,"ק""ג",true,,5.90,5.9000,true,1,50869
1615,true,בצל אדום,,,בצל אדום,קילוגרמים,1.00,"ק""ג",true,,6.90,6.9000,true,1,50871
1617,true,אננס,,,אננס,יח',1.00,יח',false,,37.90,37.9000,true,1,50872
1618,true,אפרסמון קרמבו,,,אפרסמון קרמבו,קילוגרמים,1.00,"ק""ג",true,,15.90,15.9000,true,1,50873
1619,true,פומלית,,,פומלית,קילוגרמים,1.00,"ק""ג",true,,5.90,5.9000,true,1,50874
1620,true,קיווי,,,קיווי,קילוגרמים,1.00,"ק""ג",true,,15.90,15.9000,true,1,50875
1632,true,קישוא זוקיני ירוק,,,קישוא זוקיני ירוק,קילוגרמים,1.00,"ק""ג",true,,11.90,11.9000,true,1,50877
1645,true,תפוח עץ גלה,,,תפוח עץ גלה,קילוגרמים,1.00,"ק""ג",true,,9.90,9.9000,true,1,50883
1669,true,תמר צהוב,,,תמר צהוב,קילוגרמים,1.00,"ק""ג",true,,9.90,9.9000,true,1,50890
1670,true,"בטטה קסביה (תפו""א יר",,,"בטטה קסביה (תפו""א יר",קילוגרמים,1.00,"ק""ג",true,,15.90,15.9000,true,1,50891
1683,true,תפוח עץ פינק קריפס,,,תפוח עץ פינק קריפס,קילוגרמים,1.00,"ק""ג",true,,13.90,13.9000,true,1,50895
1708,true,גזר תפזורת,,,גזר תפזורת,קילוגרמים,1.00,"ק""ג",true,,4.90,4.9000,true,1,50906
1814,true,בצלצלי שאלוט,,,בצלצלי שאלוט,גרמים,280.00,100 גרם,false,,14.90,0.0532,true,1,35548
1859,true,שיבה ליח',,,שיבה ליח',יח',1.00,יח',false,,4.90,4.9000,true,1,35549
1876,true,עירית ליח,,,עירית ליח,יח',1.00,יח',false,,5.90,5.9000,true,1,41532
2000,true,"בורקס גבינה/תפו""א",,,"בורקס גבינה/תפו""א",קילוגרמים,1.00,"ק""ג",true,,42.00,42.0000,true,1,33978
2001,true,בורקס תורכי בטעמים,,,בורקס תורכי בטעמים,קילוגרמים,1.00,"ק""ג",true,,35.00,35.0000,true,1,2443
2011,true,פלמה קרם שניט/גבינה,,,פלמה קרם שניט/גבינה,קילוגרמים,1.00,"ק""ג",true,,42.00,42.0000,true,1,2449
2012,true,אוזני פיל פרווה,,,אוזני פיל פרווה,קילוגרמים,1.00,"ק""ג",true,,26.90,26.9000,true,1,2450
3075,true,פילו מתוק בטעמים,,,פילו מתוק בטעמים,קילוגרמים,1.00,"ק""ג",true,,42.00,42.0000,true,1,2459
3080,true,עוגת סבתא שוקולד,,,עוגת סבתא שוקולד,יח',1.00,יח',false,,25.90,25.9000,true,1,2460
3500,true,עוף טרי שלם,,,עוף טרי שלם,קילוגרמים,1.00,"ק""ג",true,,18.90,18.9000,true,1,26501
3501,true,כרעיים עוף טרי,,,כרעיים עוף טרי,קילוגרמים,1.00,"ק""ג",true,,26.90,26.9000,true,1,26502
3502,true,חזה עוף טרי,,,חזה עוף טרי,קילוגרמים,1.00,"ק""ג",true,,31.90,31.9000,true,1,26503
3506,true,גרון הודו זכר טרי,,,גרון הודו זכר טרי,קילוגרמים,1.00,"ק""ג",true,,29.90,29.9000,true,1,26505
3507,true,שניצל עוף פרוס טרי,,,שניצל עוף פרוס טרי,קילוגרמים,1.00,"ק""ג",true,,34.90,34.9000,true,1,26506
3515,true,שוקיים הודו טרי,,,שוקיים הודו טרי,קילוגרמים,1.00,"ק""ג",true,,26.90,26.9000,true,1,26511
3520,true,ירכיים עוף טרי,,,ירכיים עוף טרי,קילוגרמים,1.00,"ק""ג",true,,26.90,26.9000,true,1,26514
3522,true,שוארמה פרגיות טרי,,,שוארמה פרגיות טרי,קילוגרמים,1.00,"ק""ג",true,,54.90,54.9000,true,1,26515
3531,true,גרון הודו נקבה טרי,,,גרון הודו נקבה טרי,קילוגרמים,1.00,"ק""ג",true,,29.90,29.9000,true,1,26519
3534,true,סטייק פרגית טרי,,,סטייק פרגית טרי,קילוגרמים,1.00,"ק""ג",true,,49.90,49.9000,true,1,26521
3535,true,פילה עוף טרי,,,פילה עוף טרי,קילוגרמים,1.00,"ק""ג",true,,34.90,34.9000,true,1,26522
3540,true,שוק הודו מפורק טרי,,,שוק הודו מפורק טרי,קילוגרמים,1.00,"ק""ג",true,,54.90,54.9000,true,1,26523
3611,true,זנבות הודו טרי,,,זנבות הודו טרי,קילוגרמים,1.00,"ק""ג",true,,5.90,5.9000,true,1,26526
3697,true,בונז'ור עוגיית שוקול,,,בונז'ור עוגיית שוקול,קילוגרמים,1.00,"ק""ג",true,,50.00,50.0000,true,1,33983
4015,true,קוקוס ראש,,,קוקוס ראש,יח',1.00,יח',false,,5.90,5.9000,true,1,50956
4650,true,5 יח' לחמניות שמיניה,,,5 יח' לחמניות שמיניה,יח',1.00,יח',false,,15.90,15.9000,true,1,52316
5504,true,דונאטס בטעמים מצופה,,,דונאטס בטעמים מצופה,גרמים,45.00,100 גרם,false,,6.90,0.1533,true,1,2755
5506,true,דונאטס בטעמים ממולא,,,דונאטס בטעמים ממולא,גרמים,65.00,100 גרם,false,,7.90,0.1215,true,1,575006
6013,true,"תרומה פתחון לב 10 ש""",,,"תרומה פתחון לב 10 ש""",יחידה,0.00,יחידה,false,,10.00,0.0000,true,1,385180
6303,true,6 יח' יאמיס,,,6 יח' יאמיס,יח',1.00,יח',false,,15.70,15.7000,true,1,2472
6304,true,7 יח' כריך לבן/כפרי,,,7 יח' כריך לבן/כפרי,יח',1.00,יח',false,,16.90,16.9000,true,1,2473
6501,true,4 יח' לחמניות בריאות,,,4 יח' לחמניות בריאות,יח',1.00,יח',false,,14.90,14.9000,true,1,2477
9999,true,פיקדון בקבוקים,,,פיקדון בקבוקים,יחידה,0.00,יחידה,false,,0.30,0.0000,true,1,75
5678585,true,ענב סקרלוטה,,,ענב סקרלוטה,קילוגרמים,1.00,"ק""ג",true,,21.90,21.9000,true,1,50971
32147230,false,מיץ לימון סיצילייה 2,,,מיץ לימון סיצילייה 2,מיליליטרים,200.00,"100 מ""ל",false,,6.90,0.0345,true,1,5443
40052403,false,קיט קט אצבעות 40 גרם,,,קיט קט אצבעות 40 גרם,גרמים,40.00,100 גרם,false,,3.90,0.0975,true,1,41935
40099132,false,הובה בובה צאנק תות 3,,,הובה בובה צאנק תות 3,גרמים,35.00,100 גרם,false,,3.00,0.0857,true,1,20594
40111216,false,חטיף שוקולד באונטי 5,,,חטיף שוקולד באונטי 5,גרמים,57.00,100 גרם,false,,3.90,0.0684,true,1,20597
40345123,false,סמרטיס ג`ל 120גר,,,סמרטיס ג`ל 120גר,גרמים,38.00,100 גרם,false,,3.90,0.1026,true,1,41936
42123866,false,הובה בובה צ'אנק קלאס,,,הובה בובה צ'אנק קלאס,גרמים,35.00,100 גרם,false,,3.00,0.0857,true,1,20603
72940754,false,"מילקי וניל 170 מ""ל",,,"מילקי וניל 170 מ""ל",מיליליטרים,170.00,"100 מ""ל",false,,2.90,0.0171,true,1,23207
72940761,false,מילקי שוקולד מהדרין,,,מילקי שוקולד מהדרין,מיליליטרים,170.00,"100 מ""ל",false,,2.90,0.0171,true,1,23208
72940952,false,מילקי אקסטראה קצפת מ,,,מילקי אקסטראה קצפת מ,מיליליטרים,110.00,"100 מ""ל",false,,3.80,0.0345,true,1,23209
72940976,false,אחלה סלט כרוב אדום,,,אחלה סלט כרוב אדום,גרמים,250.00,100 גרם,false,,7.90,0.0316,true,1,23210
72940983,false,אחלה חומוס 250ג,,,אחלה חומוס 250ג,גרמים,250.00,100 גרם,false,,6.90,0.0276,true,1,23211
72941041,false,מיני מילקי שוקולד 70,,,מיני מילקי שוקולד 70,מיליליטרים,70.00,"100 מ""ל",false,,2.50,0.0357,true,1,23212
72945308,false,שמרית קוביות שמרים ל,,,שמרית קוביות שמרים ל,גרמים,50.00,100 גרם,false,,3.50,0.0700,true,1,23213
72961209,false,"שמנת חמוצהבד""צ תנובה",,,"שמנת חמוצהבד""צ תנובה",מיליליטרים,200.00,"100 מ""ל",false,,2.40,0.0120,true,1,25687
72961223,false,"גיל 3% בד""צ 200 מ""ל",,,"גיל 3% בד""צ 200 מ""ל",מיליליטרים,200.00,"100 מ""ל",false,,1.51,0.0076,true,1,25689
72961506,false,פרילי תות 1.5% 125מל,,,פרילי תות 1.5% 125מל,מיליליטרים,125.00,"100 מ""ל",false,,3.50,0.0280,true,1,25690
72961520,false,פרילי אננס 1.5% 125מ,,,פרילי אננס 1.5% 125מ,מיליליטרים,125.00,"100 מ""ל",false,,3.50,0.0280,true,1,25692
72961544,false,באדי תות 125מל,,,באדי תות 125מל,מיליליטרים,125.00,"100 מ""ל",false,,2.90,0.0232,true,1,25693
72964132,false,פרילי טבע עם גרנולה,,,פרילי טבע עם גרנולה,מיליליטרים,200.00,"100 מ""ל",false,,4.90,0.0245,true,1,25700
72964422,false,תנובה יוגורט פרחים 4,,,תנובה יוגורט פרחים 4,מיליליטרים,200.00,"100 מ""ל",false,,2.90,0.0145,true,1,25701
72986240,false,באדי שוקו בדץ 125מל,,,באדי שוקו בדץ 125מל,מיליליטרים,125.00,"100 מ""ל",false,,2.90,0.0232,true,1,25703
72986370,false,גלידת פיינטים וניל צ,,,גלידת פיינטים וניל צ,מיליליטרים,420.00,"100 מ""ל",false,,19.90,0.0474,true,1,14339
72986424,false,גלידת פיינטים קרם עו,,,גלידת פיינטים קרם עו,מיליליטרים,420.00,"100 מ""ל",false,,19.90,0.0474,true,1,14340
72986448,false,גלידת טופי קרנץ,,,גלידת טופי קרנץ,מיליליטרים,420.00,"100 מ""ל",false,,19.90,0.0474,true,1,14341
72986455,false,גלידת פיינטים ניו-יו,,,גלידת פיינטים ניו-יו,מיליליטרים,420.00,"100 מ""ל",false,,19.90,0.0474,true,1,14342
72986479,false,גלידת פיינטים צאנקי,,,גלידת פיינטים צאנקי,מיליליטרים,420.00,"100 מ""ל",false,,19.90,0.0474,true,1,14343
72993637,false,דני מהדרין שוקו בודד,,,דני מהדרין שוקו בודד,מיליליטרים,125.00,"100 מ""ל",false,,2.90,0.0232,true,1,23216
80001461,false,'חטיף גרדנה שוקולד 3,,,'חטיף גרדנה שוקולד 3,גרמים,38.00,100 גרם,false,,3.50,0.0921,true,1,12533
80001485,false,גרדנה קוקוס 38 גרם,,,גרדנה קוקוס 38 גרם,גרמים,38.00,100 גרם,false,,3.50,0.0921,true,1,12534
80042556,false,עגבניות MUTTI מרוסקו,,,עגבניות MUTTI מרוסקו,גרמים,400.00,100 גרם,false,,5.90,0.0148,true,1,175384
80136194,false,הפי היפו 5*20ג,,,הפי היפו 5*20ג,גרמים,102.00,100 גרם,false,,12.90,0.1265,true,1,41455
80176732,false,הפי היפו 35 גרם,,,הפי היפו 35 גרם,גרמים,35.00,100 גרם,false,,2.90,0.0829,true,1,41456
80176800,false,ממרח שוקולד נוטלה 75,,,ממרח שוקולד נוטלה 75,גרמים,750.00,100 גרם,false,,25.90,0.0345,true,1,41457
80177173,false,ממרח נוטלה קקאו עם א,,,ממרח נוטלה קקאו עם א,גרמים,350.00,100 גרם,false,,14.90,0.0426,true,1,41458
80177609,false,קינדר אצבעות שוק.חלב,,,קינדר אצבעות שוק.חלב,גרמים,50.00,100 גרם,false,,4.90,0.0980,true,1,41460
80177616,false,אצבעות שוקולד קינדר,,,אצבעות שוקולד קינדר,גרמים,100.00,100 גרם,false,,7.90,0.0790,true,1,41461
80273561,false,פלפל שחור במטחנה,,,פלפל שחור במטחנה,גרמים,45.00,100 גרם,false,,12.90,0.2867,true,1,41203
80761761,false,קינדר בואנו לבן 39ג,,,קינדר בואנו לבן 39ג,גרמים,43.00,100 גרם,false,,3.90,0.0907,true,1,41463
80762362,false,מנטוס וויט מסטיק בטע,,,מנטוס וויט מסטיק בטע,גרמים,60.00,100 גרם,false,,9.90,0.1650,true,1,12541
80769545,false,מסטיק מנטוס פרש בקבו,,,מסטיק מנטוס פרש בקבו,גרמים,60.00,100 גרם,false,,10.90,0.1817,true,1,12547
80773429,false,מסטיק מנטוס בקבוק בט,,,מסטיק מנטוס בקבוק בט,גרמים,60.00,100 גרם,false,,10.90,0.1817,true,1,12549
80773443,false,מסטיק מנטוס בקבוק בט,,,מסטיק מנטוס בקבוק בט,גרמים,60.00,100 גרם,false,,10.90,0.1817,true,1,12550
80780595,false,מסטיק מנטוס ביג בבקב,,,מסטיק מנטוס ביג בבקב,גרמים,90.00,100 גרם,false,,16.30,0.1811,true,1,12552
80790990,false,מסטיק מנטוס בקבוק בט,,,מסטיק מנטוס בקבוק בט,גרמים,60.00,100 גרם,false,,10.90,0.1817,true,1,12554
80794233,false,מסטיק מנטוס ביג בבקב,,,מסטיק מנטוס ביג בבקב,גרמים,90.00,100 גרם,false,,16.30,0.1811,true,1,12556
80862130,false,מסטיק מנטוס פיור פרש,,,מסטיק מנטוס פיור פרש,גרמים,28.00,100 גרם,false,,4.50,0.1607,true,1,127655
80864295,false,מנטוס פיור וויט ללא,,,מנטוס פיור וויט ללא,גרמים,60.00,100 גרם,false,,10.90,0.1817,true,1,268084
80896081,false,מסטיק מנטוס בקבוק בט,,,מסטיק מנטוס בקבוק בט,גרמים,60.00,100 גרם,false,,10.90,0.1817,true,1,12573
80913467,false,מסטיק מנטוס בקבוק בט,,,מסטיק מנטוס בקבוק בט,גרמים,60.00,100 גרם,false,,10.90,0.1817,true,1,12575
87108538,false,מנטוס תות בגליל 37.5,,,מנטוס תות בגליל 37.5,גרמים,37.50,100 גרם,false,,2.90,0.0773,true,1,12588
87108651,false,סוכריות מנטוס מנטה 1,,,סוכריות מנטוס מנטה 1,גרמים,150.00,100 גרם,false,,10.90,0.0727,true,1,12589
90087974,false,חומץ תפוחים 5% תומר,,,חומץ תפוחים 5% תומר,מיליליטרים,750.00,"100 מ""ל",false,,12.90,0.0172,true,1,24901
90162602,false,משקה אנרגיה RED BULL,,,משקה אנרגיה RED BULL,מיליליטרים,250.00,"100 מ""ל",false,,5.90,0.0236,true,1,5222
198888886,false,עיגול אגורות,,,עיגול אגורות,יחידה,0.00,יחידה,false,,1.00,0.0000,true,1,47157
515061603,false,מפת שולחן יוקרתית אי,,,מפת שולחן יוקרתית אי,יחידה,0.00,יחידה,false,,79.90,0.0000,true,1,49520
8421361250,false,בובות TY עיניים גדול,,,בובות TY עיניים גדול,יחידה,0.00,יחידה,false,,28.90,0.0000,true,1,31759
9800800056,false,ממרח נוטלה & GO,,,ממרח נוטלה & GO,גרמים,52.00,100 גרם,false,,4.90,0.0942,true,1,41468
11182700954,false,שעועית שחורה 232 גרם,,,שעועית שחורה 232 גרם,גרמים,439.00,100 גרם,false,,9.90,0.0226,true,1,36854
11210000094,false,טבסקו,,,טבסקו,מיליליטרים,60.00,"100 מ""ל",false,,10.90,0.1817,true,1,37922
11210009387,false,רוטב ירוק 60 מל,,,רוטב ירוק 60 מל,מיליליטרים,60.00,"100 מ""ל",false,,10.90,0.1817,true,1,37928
16000281684,false,חטיף שיבולת שועל מלא,,,חטיף שיבולת שועל מלא,גרמים,210.00,100 גרם,false,,19.50,0.0929,true,1,12599
16000423534,false,חטיף קראנצי שיבולת ש,,,חטיף קראנצי שיבולת ש,גרמים,210.00,100 גרם,false,,19.50,0.0929,true,1,12600
16000548404,false,חטיף קראנצי גרנולה ש,,,חטיף קראנצי גרנולה ש,גרמים,210.00,100 גרם,false,,19.50,0.0929,true,1,12604
16000548503,false,חטיף קראנצי גרנולה מ,,,חטיף קראנצי גרנולה מ,גרמים,210.00,100 גרם,false,,19.50,0.0929,true,1,12606
16000548602,false,חטיף שיבולת שועל מלא,,,חטיף שיבולת שועל מלא,גרמים,210.00,100 גרם,false,,19.50,0.0929,true,1,12607
16000548909,false,חטיף קראנצי גרנולה מ,,,חטיף קראנצי גרנולה מ,גרמים,210.00,100 גרם,false,,19.50,0.0929,true,1,12609
16229924263,false,"קרם קוקוס 250 מ""ל.",,,"קרם קוקוס 250 מ""ל.",מיליליטרים,250.00,"100 מ""ל",false,,9.90,0.0396,true,1,3347
18000701223,false,תערובת לעוגת שוק.דוי,,,תערובת לעוגת שוק.דוי,גרמים,500.00,100 גרם,false,,16.90,0.0338,true,1,12611
22200956932,false,דאו' ג'ל כחול ספיד ס,,,דאו' ג'ל כחול ספיד ס,גרמים,85.00,100 גרם,false,,18.90,0.2224,true,1,21193
25700005681,false,זיפלוק שקיות איחסון,,,זיפלוק שקיות איחסון,גרמים,140.00,100 גרם,false,,15.90,0.1136,true,1,111098
30000315958,false,פרוטאין בננה אגוזים,,,פרוטאין בננה אגוזים,גרמים,366.00,100 גרם,false,,21.90,0.0598,true,1,24147
30000315989,false,פרוטאין חמוציות ושקד,,,פרוטאין חמוציות ושקד,גרמים,372.00,100 גרם,false,,21.90,0.0589,true,1,24148
34000148301,false,הרשי נטיפי אפייה שוק,,,הרשי נטיפי אפייה שוק,גרמים,340.00,100 גרם,false,,18.90,0.0556,true,1,12624
34000996643,false,מטבעות בטעם שוקולד ל,,,מטבעות בטעם שוקולד ל,גרמים,215.00,100 גרם,false,,18.90,0.0879,true,1,535318
36000516890,false,קלינקס לושן תלת שכבת,,,קלינקס לושן תלת שכבת,יחידה,0.00,יחידה,false,,16.90,0.0000,true,1,8788
37600207188,false,סקיפי חמאת בוטנים קל,,,סקיפי חמאת בוטנים קל,גרמים,462.00,100 גרם,false,,17.90,0.0387,true,1,5226
37600207287,false,סקיפי חמאת בוטנים עם,,,סקיפי חמאת בוטנים עם,גרמים,462.00,100 גרם,false,,17.90,0.0387,true,1,5228
38000232152,false,פרינגלס ביג ברביקיו,,,פרינגלס ביג ברביקיו,גרמים,158.00,100 גרם,false,,8.90,0.0563,true,1,26730
38000232176,false,פרינגלס ביג שמנת בצל,,,פרינגלס ביג שמנת בצל,גרמים,158.00,100 גרם,false,,8.90,0.0563,true,1,26731
38000232183,false,פרינגלס ביג אורגינל,,,פרינגלס ביג אורגינל,גרמים,158.00,100 גרם,false,,8.90,0.0563,true,1,26732
38527591060,false,דגני בוקר מרובעים קו,,,דגני בוקר מרובעים קו,גרמים,412.00,100 גרם,false,,19.90,0.0483,true,1,24151
40000513568,false,עדשי שוקולד M&M,,,עדשי שוקולד M&M,גרמים,156.00,100 גרם,false,,11.90,0.0763,true,1,20650
40000513629,false,142 גרם M&M עדשי חמא,,,142 גרם M&M עדשי חמא,גרמים,156.00,100 גרם,false,,11.90,0.0763,true,1,20652
40000514480,false,עדשי שוקולד M&M שוקו,,,עדשי שוקולד M&M שוקו,גרמים,48.00,100 גרם,false,,4.90,0.1021,true,1,20653
44600300580,false,כלורקס קלין אפ פרש כ,,,כלורקס קלין אפ פרש כ,מיליליטרים,946.00,"100 מ""ל",false,,20.90,0.0221,true,1,141472
46214372250,false,מרבה עוגיות שטרודל פ,,,מרבה עוגיות שטרודל פ,גרמים,225.00,100 גרם,false,,7.90,0.0351,true,1,21199
46214382259,false,מרבה עוגיות בראוניס,,,מרבה עוגיות בראוניס,גרמים,225.00,100 גרם,false,,7.90,0.0351,true,1,21200
46214731552,false,מרבה עוגיות שוקולד צ,,,מרבה עוגיות שוקולד צ,גרמים,225.00,100 גרם,false,,7.90,0.0351,true,1,21201
50000084500,false,פריסקיז מעדני השף מנ,,,פריסקיז מעדני השף מנ,קילוגרמים,1.43,"ק""ג",false,,38.90,27.2028,true,1,18357
50000225224,false,פריסקיז פריים פילה ה,,,פריסקיז פריים פילה ה,גרמים,156.00,100 גרם,false,,6.90,0.0442,true,1,18362
50000429448,false,פנסי פיסט פטה מוס סל,,,פנסי פיסט פטה מוס סל,גרמים,85.00,100 גרם,false,,6.10,0.0718,true,1,18372
50000429646,false,פנסי פיסט פטה דג אוק,,,פנסי פיסט פטה דג אוק,גרמים,85.00,100 גרם,false,,5.70,0.0671,true,1,18373
51500255162,false,חמאת בוטנים קלאסית 4,,,חמאת בוטנים קלאסית 4,גרמים,454.00,100 גרם,false,,17.90,0.0394,true,1,5451
54881000055,false,תה שחור מבחר פירות 2,,,תה שחור מבחר פירות 2,גרמים,695.00,100 גרם,false,,8.90,0.0128,true,1,122483
54881000062,false,תה שחור לימונית וקמו,,,תה שחור לימונית וקמו,גרמים,695.00,100 גרם,false,,8.90,0.0128,true,1,122484
54881000208,false,תה שחור לימון וגינג',,,תה שחור לימון וגינג',גרמים,711.00,100 גרם,false,,8.90,0.0125,true,1,122485
54881003971,false,תה ירוקמ בחר 20 שקיו,,,תה ירוקמ בחר 20 שקיו,גרמים,180.00,100 גרם,false,,9.90,0.0550,true,1,122501
54881006972,false,תה שחור לימון וליים,,,תה שחור לימון וליים,יחידה,0.00,יחידה,false,,8.90,0.0000,true,1,122487
54881007511,false,תה ירוק בטעם מנטה 20,,,תה ירוק בטעם מנטה 20,גרמים,180.00,100 גרם,false,,9.90,0.0550,true,1,122503
54881016001,false,תה 4 סוגי חליטות פרי,,,תה 4 סוגי חליטות פרי,גרמים,695.00,100 גרם,false,,8.90,0.0128,true,1,122488
55369902564,false,אפלסנקס רסק תפוחי עץ,,,אפלסנקס רסק תפוחי עץ,גרמים,452.00,100 גרם,false,,13.90,0.0308,true,1,36872
55500012046,false,כלורקס קלין אפ 946 מ,,,כלורקס קלין אפ 946 מ,מיליליטרים,946.00,"100 מ""ל",false,,20.90,0.0221,true,1,3364
64144090020,false,תרסיס שמן זית פאם 14,,,תרסיס שמן זית פאם 14,גרמים,148.00,100 גרם,false,,17.90,0.1209,true,1,12642
64144090051,false,תרסיס שמן קנולה פאם,,,תרסיס שמן קנולה פאם,מיליליטרים,148.00,"100 מ""ל",false,,17.90,0.1209,true,1,12643
70177078775,false,טווינינג ליידי גריי,,,טווינינג ליידי גריי,גרמים,50.00,100 גרם,false,,18.90,0.3780,true,1,13671
70177173166,false,טווינינג גרין ג'סמין,,,טווינינג גרין ג'סמין,גרמים,45.00,100 גרם,false,,19.90,0.4422,true,1,13674
72600062306,false,הר חטיף גבינת 198 גר,,,הר חטיף גבינת 198 גר,גרמים,198.00,100 גרם,false,,19.90,0.1005,true,1,159253
72600062320,false,הר חטיף גבינה בטעם פ,,,הר חטיף גבינה בטעם פ,גרמים,198.00,100 גרם,false,,19.90,0.1005,true,1,159266
76840002542,false,גלידת פיינטים נטפליק,,,גלידת פיינטים נטפליק,מיליליטרים,420.00,"100 מ""ל",false,,19.90,0.0474,true,1,74138
76840400218,false,בן&גריס גלידה תות שד,,,בן&גריס גלידה תות שד,מיליליטרים,475.00,"100 מ""ל",false,,19.90,0.0419,true,1,14370
77245110610,false,סוכריות מאסט ללא סוכ,,,סוכריות מאסט ללא סוכ,גרמים,80.00,100 גרם,false,,8.90,0.1113,true,1,22156
77975010167,false,טוויסטס דבש 340 גר'.,,,טוויסטס דבש 340 גר'.,גרמים,340.00,100 גרם,false,,15.90,0.0468,true,1,12644
77975094631,false,סניידרס בייגלה סנדוו,,,סניידרס בייגלה סנדוו,גרמים,266.00,100 גרם,false,,15.90,0.0598,true,1,142376
77975094778,false,סניידרס שברי בייגלה,,,סניידרס שברי בייגלה,גרמים,340.00,100 גרם,false,,15.90,0.0468,true,1,191632
77975095157,false,בייגלה סניידרס בטעם,,,בייגלה סניידרס בטעם,גרמים,318.00,100 גרם,false,,17.70,0.0557,true,1,530515
80432402931,false,שיבאס וויסקי ריגאל 1,,,שיבאס וויסקי ריגאל 1,מיליליטרים,700.00,"100 מ""ל",false,,110.00,0.1571,true,1,33777
611745285432,false,סט 3 מגבות מטבח,,,סט 3 מגבות מטבח,יחידה,0.00,יחידה,false,,14.90,0.0000,true,1,68001
611745285685,true,אבוקדו בשל יח,,,אבוקדו בשל יח,גרמים,470.00,100 גרם,false,,8.90,0.0189,true,1,50972
613008742348,false,אריזונה ג'נסנג ודבש,,,אריזונה ג'נסנג ודבש,ליטרים,1.00,ליטר,false,,11.80,11.8000,true,1,101126
645173911038,false,מלפפונים קורנישון מי,,,מלפפונים קורנישון מי,גרמים,720.00,100 גרם,false,,10.90,0.0151,true,1,24905
649660013281,false,היל ויו מיצוי מיץ שז,,,היל ויו מיצוי מיץ שז,מיליליטרים,946.00,"100 מ""ל",false,,19.90,0.0210,true,1,181213
651080647519,false,פלאקרס חוט דנטלי מנט,,,פלאקרס חוט דנטלי מנט,יחידה,0.00,יחידה,false,,9.90,0.0000,true,1,5475
693493034456,false,סרדין בשמן זית ויצמן,,,סרדין בשמן זית ויצמן,גרמים,125.00,100 גרם,false,,5.90,0.0472,true,1,90843
693493034494,false,פילה אנשובי בשמן חמנ,,,פילה אנשובי בשמן חמנ,גרמים,100.00,100 גרם,false,,14.90,0.1490,true,1,9963
710535495539,false,"אבאל אורז בסמטי 1 ק""",,,"אבאל אורז בסמטי 1 ק""",קילוגרמים,1.00,"ק""ג",false,,11.90,11.9000,true,1,81285
728229124764,false,טרה צ'יפס חטיף בטטה,,,טרה צ'יפס חטיף בטטה,גרמים,110.00,100 גרם,false,,15.50,0.1409,true,1,5481
753182231761,false,בלו סיקס ללא סוכר 25,,,בלו סיקס ללא סוכר 25,מיליליטרים,250.00,"100 מ""ל",false,,4.50,0.0180,true,1,1812
768404001640,false,גלידה פיינטס קפה 473,,,גלידה פיינטס קפה 473,מיליליטרים,473.00,"100 מ""ל",false,,19.90,0.0421,true,1,14380
769904000997,false,דגש שקדי מרק ללא גלו,,,דגש שקדי מרק ללא גלו,גרמים,200.00,100 גרם,false,,13.90,0.0695,true,1,108677
811250030699,false,פלפל שחור טחון 50 גר,,,פלפל שחור טחון 50 גר,גרמים,50.00,100 גרם,false,,5.90,0.1180,true,1,34733
833949000264,false,סירופ מייפל אמיתי 10,,,סירופ מייפל אמיתי 10,גרמים,330.00,100 גרם,false,,29.90,0.0906,true,1,109243
835811000426,false,מזלגות 50 יח' קרם עב,,,מזלגות 50 יח' קרם עב,יחידה,0.00,יחידה,false,,16.90,0.0000,true,1,7433
835811001676,false,תבנית גדולה 9 יח. R-,,,תבנית גדולה 9 יח. R-,יחידה,0.00,יחידה,false,,11.90,0.0000,true,1,7448
835811003588,false,צלחות קלאסי לבן גדול,,,צלחות קלאסי לבן גדול,יחידה,0.00,יחידה,false,,34.90,0.0000,true,1,367470
835811003595,false,צלחות קלאסי לבן קטן,,,צלחות קלאסי לבן קטן,יחידה,0.00,יחידה,false,,24.90,0.0000,true,1,367455
835811004202,false,מפות שולחן 6 מטר עבה,,,מפות שולחן 6 מטר עבה,יחידה,0.00,יחידה,false,,17.50,0.0000,true,1,7511
835811004431,false,מארז ממחטות נייר טי,,,מארז ממחטות נייר טי,יח',5.00,יח',false,,9.90,1.9800,true,1,275674
835811004523,false,הנמל קשים מיוחדים לש,,,הנמל קשים מיוחדים לש,יח',75.00,יח',false,,9.90,0.1320,true,1,7519
835811005339,false,זוג שקיות אוכל הנמל,,,זוג שקיות אוכל הנמל,יח',300.00,יח',false,,8.90,0.0297,true,1,7549
835811005407,false,הנמל כוסות קפה לדרך,,,הנמל כוסות קפה לדרך,יחידה,0.00,יחידה,false,,13.90,0.0000,true,1,7552
835811005803,false,הנמל שקיות אשפה עם י,,,הנמל שקיות אשפה עם י,יחידה,0.00,יחידה,false,,12.90,0.0000,true,1,7566
835811005810,false,תבנית אלומיניום מרוב,,,תבנית אלומיניום מרוב,יחידה,0.00,יחידה,false,,11.90,0.0000,true,1,7567
835811005933,false,תבנית ענקית 5 יח. R-,,,תבנית ענקית 5 יח. R-,יחידה,0.00,יחידה,false,,11.90,0.0000,true,1,7569
835811005940,false,תבנית גדולה עם מכסה,,,תבנית גדולה עם מכסה,יחידה,0.00,יחידה,false,,11.90,0.0000,true,1,7570
835811006435,false,תבנית מלבנית עמוקה ע,,,תבנית מלבנית עמוקה ע,יחידה,0.00,יחידה,false,,11.90,0.0000,true,1,7602
835811006497,false,אבקת סוכר 500 גר,,,אבקת סוכר 500 גר,גרמים,500.00,100 גרם,false,,8.90,0.0178,true,1,7605
835811006534,false,כוסות קרטון 50 יח 16,,,כוסות קרטון 50 יח 16,יחידה,0.00,יחידה,false,,23.90,0.0000,true,1,7608
835811007234,false,אפונה יבשה הנמל 500,,,אפונה יבשה הנמל 500,גרמים,500.00,100 גרם,false,,4.90,0.0098,true,1,7641
835811007357,false,סלטינות 25 יחידות,,,סלטינות 25 יחידות,יחידה,0.00,יחידה,false,,7.90,0.0000,true,1,7644
835811008347,false,גפרור ענק,,,גפרור ענק,יחידה,0.00,יחידה,false,,5.90,0.0000,true,1,7659
835811008989,false,כוסות קרטון 12 אוז 5,,,כוסות קרטון 12 אוז 5,יחידה,0.00,יחידה,false,,19.90,0.0000,true,1,7678
835811009016,false,כוסות קרטון 50 יח 4O,,,כוסות קרטון 50 יח 4O,יחידה,0.00,יחידה,false,,7.90,0.0000,true,1,7681
835811009689,false,כוסות צבע מעורב 50 י,,,כוסות צבע מעורב 50 י,יחידה,0.00,יחידה,false,,14.90,0.0000,true,1,7714
839762000658,false,איילנד נקטר גויאבה 1,,,איילנד נקטר גויאבה 1,ליטרים,1.00,ליטר,false,,11.50,11.5000,true,1,39390
859547004329,false,ספוג ניקוי כלים בצבע,,,ספוג ניקוי כלים בצבע,גרמים,34.00,100 גרם,false,,17.90,0.5265,true,1,353338
859547004466,false,ספוג ניקוי דו צדדי ס,,,ספוג ניקוי דו צדדי ס,גרמים,34.00,100 גרם,false,,17.90,0.5265,true,1,353323
877300000081,false,פלפל שחור טחון צנצנת,,,פלפל שחור טחון צנצנת,גרמים,100.00,100 גרם,false,,14.90,0.1490,true,1,34743
877300000760,false,רוטב פיצה 330גר,,,רוטב פיצה 330גר,גרמים,330.00,100 גרם,false,,13.00,0.0394,true,1,34745
877300001057,false,נפטון פלפל לבן טחון,,,נפטון פלפל לבן טחון,גרמים,100.00,100 גרם,false,,14.90,0.1490,true,1,34753
877300001071,false,שום גבישי דק 150גר,,,שום גבישי דק 150גר,גרמים,150.00,100 גרם,false,,10.90,0.0727,true,1,34755
877300001101,false,נפטון קינמון טחון 15,,,נפטון קינמון טחון 15,גרמים,150.00,100 גרם,false,,10.90,0.0727,true,1,34756
877300001170,false,פפריקה מתוקה 150 גרם,,,פפריקה מתוקה 150 גרם,גרמים,150.00,100 גרם,false,,10.90,0.0727,true,1,34761
877300001286,false,כמון טחון 150גר,,,כמון טחון 150גר,גרמים,150.00,100 גרם,false,,10.90,0.0727,true,1,34764
877300001330,false,נפטון תבלין חוויאג ל,,,נפטון תבלין חוויאג ל,גרמים,150.00,100 גרם,false,,10.90,0.0727,true,1,34765
877300001408,false,נפטון תבלין לשקשוקה,,,נפטון תבלין לשקשוקה,גרמים,150.00,100 גרם,false,,10.90,0.0727,true,1,34771
877300001453,false,נפטון תבלין זעתר שומ,,,נפטון תבלין זעתר שומ,גרמים,150.00,100 גרם,false,,10.90,0.0727,true,1,34772
877300001552,false,נפטון תבלין טוסקנה 1,,,נפטון תבלין טוסקנה 1,גרמים,150.00,100 גרם,false,,10.90,0.0727,true,1,34774
877300001583,false,תבלין לדג מבושל 120ג,,,תבלין לדג מבושל 120ג,גרמים,120.00,100 גרם,false,,10.90,0.0908,true,1,34776
877300002078,false,"רוטב שום דבש 300 מ""ל",,,"רוטב שום דבש 300 מ""ל",גרמים,300.00,100 גרם,false,,13.00,0.0433,true,1,34785
877300002160,false,רוטב צ`ילי מתוק 370ג,,,רוטב צ`ילי מתוק 370ג,גרמים,340.00,100 גרם,false,,13.00,0.0382,true,1,34788
877300002313,false,תבלין ראס אל חנות 15,,,תבלין ראס אל חנות 15,גרמים,150.00,100 גרם,false,,10.90,0.0727,true,1,34793
877300003273,false,רוטב טריאקי 350גר,,,רוטב טריאקי 350גר,גרמים,350.00,100 גרם,false,,13.00,0.0371,true,1,34803
877300003310,false,רוטב צ`ילי חריף 370ג,,,רוטב צ`ילי חריף 370ג,גרמים,370.00,100 גרם,false,,13.00,0.0351,true,1,34807
877300003327,false,רוטב סויה מתוק 350גר,,,רוטב סויה מתוק 350גר,גרמים,350.00,100 גרם,false,,13.00,0.0371,true,1,34808
877300009367,false,ממרח פסטו בזיליקום נ,,,ממרח פסטו בזיליקום נ,גרמים,180.00,100 גרם,false,,12.90,0.0717,true,1,34850
877300009848,false,מלח לימון 150 גרם נפ,,,מלח לימון 150 גרם נפ,גרמים,150.00,100 גרם,false,,10.90,0.0727,true,1,34855
884912126115,false,דגני בוקר גרייט גריי,,,דגני בוקר גרייט גריי,גרמים,453.00,100 גרם,false,,22.90,0.0506,true,1,20473
884912359162,false,דגני בוקר שיבולת שוע,,,דגני בוקר שיבולת שוע,גרמים,340.00,100 גרם,false,,22.90,0.0674,true,1,372188
884912365200,false,דגני בוקר עם פירורי,,,דגני בוקר עם פירורי,גרמים,311.00,100 גרם,false,,22.90,0.0736,true,1,547517
3014260228842,false,קצף גילוח רגיל ג'ילט,,,קצף גילוח רגיל ג'ילט,מיליליטרים,200.00,"100 מ""ל",false,,14.90,0.0745,true,1,26771
3014260289287,false,סכיני גילוח לאישה בל,,,סכיני גילוח לאישה בל,יחידה,0.00,יחידה,false,,13.90,0.0000,true,1,26791
3014409005471,false,אניס פסטיס פרדו 1 לי,,,אניס פסטיס פרדו 1 לי,ליטרים,1.00,ליטר,false,,89.90,89.9000,true,1,13363
3045206360609,false,דזיטול נוזל מחטא בגד,,,דזיטול נוזל מחטא בגד,מיליליטרים,1.00,"100 מ""ל",false,,23.90,23.9000,true,1,389105
3046920028004,false,לינדט אקסלנס 70% 100,,,לינדט אקסלנס 70% 100,גרמים,100.00,100 גרם,false,,14.90,0.1490,true,1,13707
3046920029759,false,לינדט אקסלנס 90% 100,,,לינדט אקסלנס 90% 100,גרמים,100.00,100 גרם,false,,14.90,0.1490,true,1,13714
3059943015128,false,איירוויק ספריי נטול,,,איירוויק ספריי נטול,מיליליטרים,345.00,"100 מ""ל",false,,14.90,0.0432,true,1,20783
3059943016507,false,איירויק ספריי לבנדר,,,איירויק ספריי לבנדר,מיליליטרים,240.00,"100 מ""ל",false,,9.90,0.0413,true,1,20784
3068320014067,false,מים מינרלים טבעיים מ,,,מים מינרלים טבעיים מ,מיליליטרים,750.00,"100 מ""ל",false,,9.90,0.0132,true,1,29645
3073781161663,false,גבינת לה וואש קירי 8,,,גבינת לה וואש קירי 8,גרמים,128.00,100 גרם,false,,11.90,0.0930,true,1,164502
3073781161687,false,גבינה מותכת לה וואש,,,גבינה מותכת לה וואש,גרמים,256.00,100 גרם,false,,21.90,0.0855,true,1,164516
3073781161700,false,גבינה מותכת לה וואש,,,גבינה מותכת לה וואש,גרמים,480.00,100 גרם,false,,38.90,0.0810,true,1,164517
3073781162790,false,בייבי בל 24% אדום 12,,,בייבי בל 24% אדום 12,גרמים,120.00,100 גרם,false,,22.90,0.1908,true,1,460769
3073781177220,false,גבינת בייבי בל רול 1,,,גבינת בייבי בל רול 1,גרמים,102.00,100 גרם,false,,21.90,0.2147,true,1,537381
3141360054405,false,פיניש מפיץ ריח לימון,,,פיניש מפיץ ריח לימון,יחידה,0.00,יחידה,false,,14.90,0.0000,true,1,20801
3161911229199,false,אלוויר חמאה רכה 250ג,,,אלוויר חמאה רכה 250ג,גרמים,250.00,100 גרם,false,,21.90,0.0876,true,1,16719
3161911366429,false,אלוויר חמאה רכה מלוח,,,אלוויר חמאה רכה מלוח,גרמים,250.00,100 גרם,false,,21.90,0.0876,true,1,16721
3161911393210,false,חמאת נורמנדי מלוחה 2,,,חמאת נורמנדי מלוחה 2,גרמים,200.00,100 גרם,false,,21.90,0.1095,true,1,426806
3178530407938,false,עוגיות שוקולד צ'יפס,,,עוגיות שוקולד צ'יפס,גרמים,175.00,100 גרם,false,,12.90,0.0737,true,1,16732
3178530417357,false,בראוניז שוקולד לבן ס,,,בראוניז שוקולד לבן ס,גרמים,210.00,100 גרם,false,,16.90,0.0805,true,1,301653
3245412211393,false,שוקולד חלב מעולה קרפ,,FR,שוקולד חלב מעולה קרפ,גרמים,300.00,100 גרם,false,,7.90,0.0263,true,1,486442
3245412211409,false,שוקולד חלב מעולה עם,,FR,שוקולד חלב מעולה עם,גרמים,300.00,100 גרם,false,,15.90,0.0530,true,1,485809
3270190151654,false,שוקולד מריר מעולה עם,,FR,שוקולד מריר מעולה עם,גרמים,100.00,100 גרם,false,,5.90,0.0590,true,1,485841
3270190174936,false,שוקולד חלב עם תכולת,,FR,שוקולד חלב עם תכולת,גרמים,100.00,100 גרם,false,,5.90,0.0590,true,1,485857
3387390320244,false,פיטנס פירות דגני עם,,,פיטנס פירות דגני עם,גרמים,375.00,100 גרם,false,,19.90,0.0531,true,1,18385
3387390525960,false,דגני קראנץ' נסטלה 50,,,דגני קראנץ' נסטלה 50,גרמים,500.00,100 גרם,false,,22.90,0.0458,true,1,18386
3523230025638,false,גבינת עיזים בושה טבע,,,גבינת עיזים בושה טבע,גרמים,125.00,100 גרם,false,,26.90,0.2152,true,1,16751
3523230026888,false,פרמידה עיזים שום ועש,,,פרמידה עיזים שום ועש,גרמים,140.00,100 גרם,false,,26.90,0.1921,true,1,16755
3560070230778,false,קרפור-תה אנגלי שחור,,,קרפור-תה אנגלי שחור,גרמים,50.00,100 גרם,false,,6.90,0.1380,true,1,581066
3560070232963,false,קרפור-חליטת פירות יע,,,קרפור-חליטת פירות יע,גרמים,40.00,100 גרם,false,,6.90,0.1725,true,1,580985
3560070582884,false,קרפור סטייליס עם שוק,,,קרפור סטייליס עם שוק,גרמים,300.00,100 גרם,false,,8.90,0.0297,true,1,557651
3560070669981,false,שוקולד מריר מעולה 80,,FR,שוקולד מריר מעולה 80,גרמים,80.00,100 גרם,false,,4.90,0.0613,true,1,485780
3560070701407,false,שוקולד מריר מעולה עם,,FR,שוקולד מריר מעולה עם,גרמים,100.00,100 גרם,false,,5.90,0.0590,true,1,485842
3560070720859,false,שוקולד מריר מעולה 72,,FR,שוקולד מריר מעולה 72,גרמים,80.00,100 גרם,false,,4.90,0.0613,true,1,485825
3560070852086,false,קרפור-תה ירוק בטעם נ,,,קרפור-תה ירוק בטעם נ,גרמים,40.00,100 גרם,false,,6.90,0.1725,true,1,581017
3560070852116,false,קרפור-תה ירוק נענע 5,,,קרפור-תה ירוק נענע 5,גרמים,80.00,100 גרם,false,,8.90,0.1113,true,1,581001
3560070888115,false,קרפור-חליטת טיליה 25,,,קרפור-חליטת טיליה 25,גרמים,42.50,100 גרם,false,,6.90,0.1624,true,1,580938
3560070888122,false,קרפור-חליטת קמומיל 2,,,קרפור-חליטת קמומיל 2,גרמים,30.00,100 גרם,false,,6.90,0.2300,true,1,580891
3560070888139,false,קרפור-תה שחור בטעם פ,,,קרפור-תה שחור בטעם פ,גרמים,42.50,100 גרם,false,,6.90,0.1624,true,1,581033
3560070888153,false,קרפור-תה ירוק בטעם ל,,,קרפור-תה ירוק בטעם ל,גרמים,40.00,100 גרם,false,,6.90,0.1725,true,1,581050
3560070928194,false,קרפור-חליטת לואיזה 2,,,קרפור-חליטת לואיזה 2,גרמים,32.50,100 גרם,false,,6.90,0.2123,true,1,580922
3560070928347,false,קרפור-חליטת רויבוש ו,,,קרפור-חליטת רויבוש ו,גרמים,40.00,100 גרם,false,,6.90,0.1725,true,1,580969
3560071013127,false,קרפור סטייליס עם שוק,,,קרפור סטייליס עם שוק,גרמים,300.00,100 גרם,false,,8.90,0.0297,true,1,557684
3560071013196,false,קרפור סטייליס בטעם ט,,,קרפור סטייליס בטעם ט,גרמים,500.00,100 גרם,false,,9.90,0.0198,true,1,557667
3560071016074,false,קרפור קורונפלקס 500,,,קרפור קורונפלקס 500,גרמים,500.00,100 גרם,false,,6.90,0.0138,true,1,557751
3560071341947,false,שמן זית כתית מעולה ב,,FR,שמן זית כתית מעולה ב,מיליליטרים,750.00,"100 מ""ל",false,,11.50,0.0153,true,1,556590
3560071431914,false,קפסולות קפה קרפור עו,,FR,קפסולות קפה קרפור עו,גרמים,52.00,100 גרם,false,,6.90,0.1327,true,1,558803
3560071432034,false,קפסולות קפה נטול קרפ,,FR,קפסולות קפה נטול קרפ,גרמים,52.00,100 גרם,false,,6.90,0.1327,true,1,558852
3560071432096,false,קפסולות קפה קרפור עו,,FR,קפסולות קפה קרפור עו,גרמים,52.00,100 גרם,false,,6.90,0.1327,true,1,558854
3560071432157,false,קפסולות קפה וניל קרפ,,FR,קפסולות קפה וניל קרפ,גרמים,52.00,100 גרם,false,,6.90,0.1327,true,1,558855
3560071432188,false,קפסולות קפה קרמל קרפ,,FR,קפסולות קפה קרמל קרפ,גרמים,52.00,100 גרם,false,,6.90,0.1327,true,1,558856
3560071432218,false,קפסולות קפה אגוז קרפ,,FR,קפסולות קפה אגוז קרפ,גרמים,52.00,100 גרם,false,,6.90,0.1327,true,1,558857
3560071432300,false,קפסולות קפה אתיופיה,,FR,קפסולות קפה אתיופיה,גרמים,52.00,100 גרם,false,,6.90,0.1327,true,1,558860
3560071432331,false,קפסולות קפה לאוס קרפ,,FR,קפסולות קפה לאוס קרפ,גרמים,52.00,100 גרם,false,,6.90,0.1327,true,1,558861
3560071432362,false,קפסולות קפה קניה קרפ,,FR,קפסולות קפה קניה קרפ,גרמים,52.00,100 גרם,false,,6.90,0.1327,true,1,558862
3560071432515,false,קפסולות קפה קרפור עו,,FR,קפסולות קפה קרפור עו,גרמים,52.00,100 גרם,false,,6.90,0.1327,true,1,558864
3574660333466,false,או בה מיני פרו קומפו,,,או בה מיני פרו קומפו,יחידה,0.00,יחידה,false,,19.90,0.0000,true,1,18046
3574661003924,false,מי פה טוטאל קאר ליסט,,,מי פה טוטאל קאר ליסט,מיליליטרים,500.00,"100 מ""ל",false,,19.90,0.0398,true,1,29404
3574661114637,false,מי פה זירו ליסטרין 5,,,מי פה זירו ליסטרין 5,מיליליטרים,500.00,"100 מ""ל",false,,22.90,0.0458,true,1,29409
3574661485218,false,אובה פרוקומפורט נורמ,,,אובה פרוקומפורט נורמ,יחידה,0.00,יחידה,false,,21.90,0.0000,true,1,491979
3574661491806,false,מי פה אדוונס וויאט מ,,,מי פה אדוונס וויאט מ,מיליליטרים,500.00,"100 מ""ל",false,,19.90,0.0398,true,1,128404
3574661501901,false,שטיפה אינטימית אלוור,,,שטיפה אינטימית אלוור,מיליליטרים,200.00,"100 מ""ל",false,,17.90,0.0895,true,1,21294
3574661552576,false,קרפרי רגיל טנגה לבן,,,קרפרי רגיל טנגה לבן,יחידה,0.00,יחידה,false,,15.90,0.0000,true,1,63296
3574661552804,false,קרפרי מגן תחתן אלוור,,,קרפרי מגן תחתן אלוור,יחידה,0.00,יחידה,false,,15.90,0.0000,true,1,63297
3574661552811,false,קרפרי כותון אוורירי,,,קרפרי כותון אוורירי,יחידה,0.00,יחידה,false,,15.90,0.0000,true,1,63399
3574661554877,false,קרפרי כותון מבושם 56,,,קרפרי כותון מבושם 56,יחידה,0.00,יחידה,false,,15.90,0.0000,true,1,63283
3600522344032,false,מסכת אלביב טוטל ריפי,,,מסכת אלביב טוטל ריפי,מיליליטרים,300.00,"100 מ""ל",false,,24.90,0.0830,true,1,12178
3600522550204,false,דרמו אייג' ספשיאליסט,,,דרמו אייג' ספשיאליסט,מיליליטרים,50.00,"100 מ""ל",false,,54.90,1.0980,true,1,12209
3600523652259,false,מרכך קולור אלביב 550,,,מרכך קולור אלביב 550,מיליליטרים,550.00,"100 מ""ל",false,,14.90,0.0271,true,1,12292
3600523782567,false,שמפו דרים לונג אלביב,,,שמפו דרים לונג אלביב,מיליליטרים,500.00,"100 מ""ל",false,,14.90,0.0298,true,1,12300
3600523782581,false,מרכך דרים לונג אלביב,,,מרכך דרים לונג אלביב,מיליליטרים,500.00,"100 מ""ל",false,,14.90,0.0298,true,1,12302
3600523823604,false,קרם לחות לילה + חומצ,,,קרם לחות לילה + חומצ,מיליליטרים,50.00,"100 מ""ל",false,,49.90,0.9980,true,1,455629
3600523953677,false,קרם לחות יום רויטליפ,,,קרם לחות יום רויטליפ,מיליליטרים,50.00,"100 מ""ל",false,,59.90,1.1980,true,1,455552
3600524055400,false,אלביב שמפו היאלורוני,,,אלביב שמפו היאלורוני,מיליליטרים,400.00,"100 מ""ל",false,,14.90,0.0373,true,1,522309
3600541029323,false,אסנשיאלס מסיר איפור,,,אסנשיאלס מסיר איפור,מיליליטרים,200.00,"100 מ""ל",false,,19.90,0.0995,true,1,12359
3600541253667,false,דאודורנט ספריי אינבי,,,דאודורנט ספריי אינבי,מיליליטרים,150.00,"100 מ""ל",false,,10.00,0.0667,true,1,12386
3600541382930,false,גרניה תמיסה מיסלר מס,,,גרניה תמיסה מיסלר מס,מיליליטרים,400.00,"100 מ""ל",false,,29.90,0.0747,true,1,12425
3600541928275,false,מים מיסלריים דו פאזי,,,מים מיסלריים דו פאזי,מיליליטרים,400.00,"100 מ""ל",false,,29.90,0.0747,true,1,12446
3600541937475,false,פיור קרם לחות 3 ב-1,,,פיור קרם לחות 3 ב-1,מיליליטרים,150.00,"100 מ""ל",false,,29.90,0.1993,true,1,12452
3600541952720,false,ג'ל גרגירים פחם פיור,,,ג'ל גרגירים פחם פיור,מיליליטרים,150.00,"100 מ""ל",false,,29.90,0.1993,true,1,12454
3600541956223,false,ג'ל לניקוי עמוק פיור,,,ג'ל לניקוי עמוק פיור,מיליליטרים,150.00,"100 מ""ל",false,,29.90,0.1993,true,1,12455
3600542385251,false,דאודורנט רול פרוטקשן,,,דאודורנט רול פרוטקשן,יחידה,50.00,יחידה,false,,14.90,0.2980,true,1,204119
3600542431972,false,צבע שיער בלונד אפור,,,צבע שיער בלונד אפור,יחידה,0.00,יחידה,false,,19.90,0.0000,true,1,453245
3608580075646,false,קונפיטורה שזיף 370 ג,,,קונפיטורה שזיף 370 ג,גרמים,370.00,100 גרם,false,,19.90,0.0538,true,1,494419
3608580730231,false,קונפיטורה תות 370 גר,,,קונפיטורה תות 370 גר,גרמים,370.00,100 גרם,false,,19.90,0.0538,true,1,43100
3608580730248,false,קונפיטורה דובדבן 370,,,קונפיטורה דובדבן 370,גרמים,370.00,100 גרם,false,,19.90,0.0538,true,1,43101
3614224050986,false,דאודורנט ספריי לגבר,,,דאודורנט ספריי לגבר,מיליליטרים,150.00,"100 מ""ל",false,,12.90,0.0860,true,1,107003
3661163970448,false,דאו' ספריי לגבר פרש,,,דאו' ספריי לגבר פרש,מיליליטרים,200.00,"100 מ""ל",false,,15.90,0.0795,true,1,5566
3800020423578,false,קיט קט צאנקי 40 גרם,,,קיט קט צאנקי 40 גרם,גרמים,40.00,100 גרם,false,,3.90,0.0975,true,1,41942
3800034954150,false,עץ ריח איירון שלישיה,,,עץ ריח איירון שלישיה,יחידה,0.00,יחידה,false,,10.50,0.0000,true,1,31726
4000417022004,false,שוקולד ריטר ספורט חל,,,שוקולד ריטר ספורט חל,גרמים,100.00,100 גרם,false,,8.90,0.0890,true,1,12663
4000417101310,false,גלילי וופל קרם קקאו,,,גלילי וופל קרם קקאו,גרמים,150.00,100 גרם,false,,17.90,0.1193,true,1,579189
4002448017684,false,סיליט באנג ספריי רב,,,סיליט באנג ספריי רב,מיליליטרים,750.00,"100 מ""ל",false,,14.90,0.0199,true,1,20804
4002448019480,false,סיליט באנג ספריי מסי,,,סיליט באנג ספריי מסי,מיליליטרים,750.00,"100 מ""ל",false,,14.90,0.0199,true,1,20805
4005808366392,false,שפתון כחול למניעת יו,,,שפתון כחול למניעת יו,גרמים,4.80,100 גרם,false,,9.90,2.0625,true,1,51085
4005808502004,false,שפתון לבלו ורוד בשרי,,,שפתון לבלו ורוד בשרי,גרמים,4.80,100 גרם,false,,9.90,2.0625,true,1,51091
4005808670314,false,ניוואה קרם יום מעניק,,,ניוואה קרם יום מעניק,גרמים,50.00,100 גרם,false,,39.90,0.7980,true,1,51100
4005808850723,false,לבלו פירות בטעם תות,,,לבלו פירות בטעם תות,יחידה,0.00,יחידה,false,,9.90,0.0000,true,1,51143
4005900036483,false,ניוואה דאודורנט ספרי,,,ניוואה דאודורנט ספרי,מיליליטרים,150.00,"100 מ""ל",false,,14.90,0.0993,true,1,51160
4005900485243,false,ניוואה דאודורנט רול,,,ניוואה דאודורנט רול,מיליליטרים,50.00,"100 מ""ל",false,,14.90,0.2980,true,1,51178
4005900555540,false,לבלו כחול,,,לבלו כחול,יחידה,0.00,יחידה,false,,9.90,0.0000,true,1,258000
4005900833723,false,ג'ל רחצה לגבר ניוואה,,,ג'ל רחצה לגבר ניוואה,מיליליטרים,500.00,"100 מ""ל",false,,14.90,0.0298,true,1,317131
4008287051032,false,בירה קרומבכר פילס בפ,,,בירה קרומבכר פילס בפ,מיליליטרים,500.00,"100 מ""ל",false,,10.20,0.0204,true,1,414573
4008287762020,false,בירה קרומבאכר חיטה 5,,,בירה קרומבאכר חיטה 5,מיליליטרים,500.00,"100 מ""ל",false,,10.20,0.0204,true,1,406285
4008287905786,false,בירה קרומבכר חיטה בפ,,,בירה קרומבכר חיטה בפ,מיליליטרים,500.00,"100 מ""ל",false,,10.20,0.0204,true,1,414574
4008400230726,false,ביצת הפתעה קינדר מקס,,,ביצת הפתעה קינדר מקס,גרמים,100.00,100 גרם,false,,23.90,0.2390,true,1,41472
4009300524588,false,פומפדור חליטת פירות,,,פומפדור חליטת פירות,גרמים,60.00,100 גרם,false,,15.90,0.2650,true,1,21319
4009300525684,false,פומפדור חליטת לימוןג,,,פומפדור חליטת לימוןג,גרמים,35.00,100 גרם,false,,15.90,0.4543,true,1,21322
4009900379564,false,הובה בובה טייפ פירות,,,הובה בובה טייפ פירות,גרמים,56.00,100 גרם,false,,6.50,0.1161,true,1,20663
4009900385824,false,אורביט סטיקס פפרמינט,,,אורביט סטיקס פפרמינט,גרמים,65.00,100 גרם,false,,9.90,0.1523,true,1,20666
4009900402965,false,אורביט וויט פירות בק,,,אורביט וויט פירות בק,גרמים,64.00,100 גרם,false,,10.50,0.1641,true,1,20670
4009900403023,false,אורביט וויט מנטה בקב,,,אורביט וויט מנטה בקב,גרמים,64.00,100 גרם,false,,10.50,0.1641,true,1,20671
4009900406918,false,הובה בובה טייפ טריפל,,,הובה בובה טייפ טריפל,גרמים,56.00,100 גרם,false,,6.50,0.1161,true,1,20674
4009900420129,false,אורביט פרופשייונל פפ,,,אורביט פרופשייונל פפ,גרמים,64.00,100 גרם,false,,10.50,0.1641,true,1,20678
4009900455299,false,סקיטלס פירות 174 גר,,,סקיטלס פירות 174 גר,גרמים,174.00,100 גרם,false,,7.90,0.0454,true,1,20685
4009900465304,false,סקיטלס פירות חמוצים,,,סקיטלס פירות חמוצים,גרמים,174.00,100 גרם,false,,7.90,0.0454,true,1,20688
4009900479998,false,אורביט מסטיק בקבוקון,,,אורביט מסטיק בקבוקון,גרמים,64.00,100 גרם,false,,10.50,0.1641,true,1,20691
4009900482417,false,אורביט באבל מינט בקב,,,אורביט באבל מינט בקב,גרמים,64.00,100 גרם,false,,10.50,0.1641,true,1,20693
4009900525138,false,אורביט וויט תות - בק,,,אורביט וויט תות - בק,גרמים,64.00,100 גרם,false,,10.50,0.1641,true,1,52925
4009900531122,false,אורביט פרופשייונל ספ,,,אורביט פרופשייונל ספ,גרמים,64.00,100 גרם,false,,10.50,0.1641,true,1,20730
4009900531573,false,סקיטלס סמודיס 174 גר,,,סקיטלס סמודיס 174 גר,גרמים,174.00,100 גרם,false,,7.90,0.0454,true,1,20731
4009900534611,false,איירוויבז בטעם מלון,,,איירוויבז בטעם מלון,גרמים,64.00,100 גרם,false,,10.50,0.1641,true,1,72248
4009900535519,false,אורביט רפרשרס אריזה,,,אורביט רפרשרס אריזה,גרמים,15.00,100 גרם,false,,3.90,0.2600,true,1,122630
4009900535540,false,אורביט רפרשרס פפרמינ,,,אורביט רפרשרס פפרמינ,גרמים,15.00,100 גרם,false,,3.90,0.2600,true,1,122631
4009900536257,false,מסטיק אורביט רפרשרס,,,מסטיק אורביט רפרשרס,גרמים,67.00,100 גרם,false,,11.90,0.1776,true,1,122645
4009900536288,false,מסטיק אורביט רפרשרס,,,מסטיק אורביט רפרשרס,גרמים,67.00,100 גרם,false,,11.90,0.1776,true,1,152864
4009900536486,false,מסטיק אורביט רפרשרס,,,מסטיק אורביט רפרשרס,גרמים,67.00,100 גרם,false,,11.90,0.1776,true,1,122646
4009900539401,false,מסטיק בטעם מנטה פייב,,,מסטיק בטעם מנטה פייב,גרמים,14.40,100 גרם,false,,3.90,0.2708,true,1,365611
4009900539685,false,מסטיק בטעם מנטה ללא,,,מסטיק בטעם מנטה ללא,גרמים,61.80,100 גרם,false,,11.90,0.1926,true,1,365483
4009900539746,false,מסטיק בטעם אבטיח ללא,,,מסטיק בטעם אבטיח ללא,גרמים,31.80,100 גרם,false,,11.90,0.3742,true,1,365498
4009900540551,false,אורביט רפרשרס טרופיק,,,אורביט רפרשרס טרופיק,גרמים,67.00,100 גרם,false,,11.90,0.1776,true,1,345451
4011800528416,false,חטיף בייס סויט סולט,,,חטיף בייס סויט סולט,גרמים,150.00,100 גרם,false,,11.90,0.0793,true,1,13736
4011800567613,false,חטיף דגנים סנדוויץ ש,,,חטיף דגנים סנדוויץ ש,גרמים,120.00,100 גרם,false,,11.90,0.0992,true,1,13739
4011800577810,false,קורני חטיף דגנים נוג,,,קורני חטיף דגנים נוג,גרמים,150.00,100 גרם,false,,11.90,0.0793,true,1,271706
4011800617615,false,חטיף דגנים ביג שוקול,,,חטיף דגנים ביג שוקול,גרמים,50.00,100 גרם,false,,4.90,0.0980,true,1,13741
4011800628512,false,חטיף דגנים עם שוקולד,,,חטיף דגנים עם שוקולד,גרמים,150.00,100 גרם,false,,11.90,0.0793,true,1,13744
4011800630515,false,חטיף דגנים עם שוקולד,,,חטיף דגנים עם שוקולד,גרמים,150.00,100 גרם,false,,11.90,0.0793,true,1,13746
4011800632519,false,חטיף דגנים עם שוקולד,,,חטיף דגנים עם שוקולד,גרמים,150.00,100 גרם,false,,11.90,0.0793,true,1,13747
4011800633516,false,חטיף דגנים שוקולד מר,,,חטיף דגנים שוקולד מר,גרמים,138.00,100 גרם,false,,11.90,0.0862,true,1,13748
4014400901191,false,בונבונירה מרסי 250 ג,,,בונבונירה מרסי 250 ג,גרמים,250.00,100 גרם,false,,24.90,0.0996,true,1,12699
4014400901412,false,מרסי מריר 250 גרם,,,מרסי מריר 250 גרם,גרמים,250.00,100 גרם,false,,24.90,0.0996,true,1,12701
4014400903409,false,טופיפי 250גר',,,טופיפי 250גר',גרמים,250.00,100 גרם,false,,20.90,0.0836,true,1,12702
4014400904376,false,סוכ.שטורק שוקולדן 32,,,סוכ.שטורק שוקולדן 32,גרמים,325.00,100 גרם,false,,14.90,0.0458,true,1,12706
4014400904390,false,סוכריות וולמליש 325ג,,,סוכריות וולמליש 325ג,גרמים,325.00,100 גרם,false,,14.90,0.0458,true,1,12707
4014400920857,false,וורטרס ללא סוכר טעם,,,וורטרס ללא סוכר טעם,גרמים,70.00,100 גרם,false,,8.90,0.1271,true,1,12720
4014400923711,false,טופיפי בונבונירה שוק,,,טופיפי בונבונירה שוק,גרמים,125.00,100 גרם,false,,11.90,0.0952,true,1,12721
4014400925319,false,חטיף פופקורן בציפוי,,,חטיף פופקורן בציפוי,גרמים,140.00,100 גרם,false,,14.90,0.1064,true,1,108031
4014400929010,false,וופל מיני קנופרס 200,,,וופל מיני קנופרס 200,גרמים,200.00,100 גרם,false,,19.90,0.0995,true,1,386522
4014600202609,false,סוכריות בפח עם ליים,,,סוכריות בפח עם ליים,גרמים,150.00,100 גרם,false,,9.90,0.0660,true,1,528377
4014600203149,false,סוכריות בפח בטעם פיר,,,סוכריות בפח בטעם פיר,גרמים,150.00,100 גרם,false,,9.90,0.0660,true,1,528379
4015000031394,false,מסיר כתמים ספטיל 200,,,מסיר כתמים ספטיל 200,גרמים,200.00,100 גרם,false,,15.90,0.0795,true,1,34864
4015000615884,false,דאו ספריי קריביין לי,,,דאו ספריי קריביין לי,מיליליטרים,200.00,"100 מ""ל",false,,9.90,0.0495,true,1,7971
4015000615921,false,דאו' ספריי פה לגבר 2,,,דאו' ספריי פה לגבר 2,מיליליטרים,200.00,"100 מ""ל",false,,9.90,0.0495,true,1,7973
4015400564034,false,מגן תחתון לונג פלוס,,,מגן תחתון לונג פלוס,יחידה,0.00,יחידה,false,,18.90,0.0000,true,1,26871
4015400564454,false,מגן תחתון לארג מגה פ,,,מגן תחתון לארג מגה פ,יחידה,0.00,יחידה,false,,18.90,0.0000,true,1,26875
4015400598329,false,קוואטרו נורמל פלוס א,,,קוואטרו נורמל פלוס א,יחידה,0.00,יחידה,false,,36.90,0.0000,true,1,26883
4015400598411,false,קוואטרו לילה אולוויז,,,קוואטרו לילה אולוויז,יחידה,0.00,יחידה,false,,36.90,0.0000,true,1,26885
4015400690313,false,טמפון פרל רגולר טמפק,,,טמפון פרל רגולר טמפק,יחידה,0.00,יחידה,false,,19.90,0.0000,true,1,26911
4015400690405,false,טמפון פרל סופר טמפקס,,,טמפון פרל סופר טמפקס,יחידה,0.00,יחידה,false,,19.90,0.0000,true,1,26912
4015400690498,false,טמפון פרל סופר פלוס,,,טמפון פרל סופר פלוס,יחידה,0.00,יחידה,false,,19.90,0.0000,true,1,26913
4015400746812,false,מגן תחתון מגה פק נור,,,מגן תחתון מגה פק נור,יחידה,0.00,יחידה,false,,18.90,0.0000,true,1,26937
4015600762742,false,שמפו קלאסי הד&שולדרס,,,שמפו קלאסי הד&שולדרס,מיליליטרים,500.00,"100 מ""ל",false,,18.90,0.0378,true,1,26976
4015600762780,false,שמפו 2-ב1הד&שולדרס 5,,,שמפו 2-ב1הד&שולדרס 5,מיליליטרים,500.00,"100 מ""ל",false,,18.90,0.0378,true,1,26977
4015600763022,false,שמפו מגע המשי הד&שול,,,שמפו מגע המשי הד&שול,מיליליטרים,500.00,"100 מ""ל",false,,18.90,0.0378,true,1,26983
4015600971946,false,שמפו פנטן קלאסי 500,,,שמפו פנטן קלאסי 500,מיליליטרים,500.00,"100 מ""ל",false,,13.90,0.0278,true,1,200710
4017100160417,false,בלזן וופל קרמי וניל,,,בלזן וופל קרמי וניל,גרמים,75.00,100 גרם,false,,8.90,0.1187,true,1,41953
4017100198151,false,היט עוגיות סנדביץ בט,,,היט עוגיות סנדביץ בט,גרמים,220.00,100 גרם,false,,8.90,0.0405,true,1,41954
4017100219900,false,בלזן גלילי וופל חלב,,,בלזן גלילי וופל חלב,גרמים,100.00,100 גרם,false,,10.90,0.1090,true,1,41960
4017100290008,false,בלזן ביסקוויט מצופה,,,בלזן ביסקוויט מצופה,גרמים,125.00,100 גרם,false,,10.90,0.0872,true,1,41961
4017100364112,false,היט עוגיות סנדביץ בט,,,היט עוגיות סנדביץ בט,גרמים,220.00,100 גרם,false,,8.90,0.0405,true,1,41965
4018722100188,false,אלב גולד - איטריות ר,,,אלב גולד - איטריות ר,גרמים,250.00,100 גרם,false,,13.90,0.0556,true,1,109095
4025700001962,false,מילקה שוקולד לבן 100,,,מילקה שוקולד לבן 100,גרמים,100.00,100 גרם,false,,6.90,0.0690,true,1,69767
4033100024146,false,וינסטון קופסא בודדת,,,וינסטון קופסא בודדת,יחידה,0.00,יחידה,false,,32.00,0.0000,false,1,4132
4052197000390,false,בירה בנדקטינר מיני ח,,,בירה בנדקטינר מיני ח,ליטרים,5.00,ליטר,false,,114.90,22.9800,true,1,93
4062400543125,false,טקילה סיירה זהב רפוס,,,טקילה סיירה זהב רפוס,מיליליטרים,700.00,"100 מ""ל",false,,99.90,0.1427,true,1,100
4065698201180,false,דונאטס מילקה יחידה,,,דונאטס מילקה יחידה,גרמים,73.00,100 גרם,false,,7.90,0.1082,true,1,245822
4066600999614,false,בירה פאולנר בקבוק 50,,,בירה פאולנר בקבוק 50,מיליליטרים,500.00,"100 מ""ל",false,,10.90,0.0218,true,1,9273
4084500149526,false,טייד גל 2.48 ליטר,,,טייד גל 2.48 ליטר,ליטרים,2.48,ליטר,false,,29.90,12.0565,true,1,27086
4084500853836,false,פיירי נוזל כלים ורדי,,,פיירי נוזל כלים ורדי,מיליליטרים,515.00,"100 מ""ל",false,,9.90,0.0192,true,1,27104
4210201176688,false,אורל בי ראש חשמלי סנ,,,אורל בי ראש חשמלי סנ,יחידה,0.00,יחידה,false,,89.90,0.0000,true,1,434602
4210201262183,false,אורל בי מברשת חשמלית,,,אורל בי מברשת חשמלית,יחידה,0.00,יחידה,false,,100.90,0.0000,true,1,71186
4210201365334,false,ראש מברשת חשמלית פחם,,,ראש מברשת חשמלית פחם,יחידה,0.00,יחידה,false,,89.90,0.0000,true,1,229286
4600659010854,false,וודקה סטוליצ'ניה 700,,,וודקה סטוליצ'ניה 700,מיליליטרים,700.00,"100 מ""ל",false,,60.90,0.0870,true,1,7288
4603400000043,false,רוסקי סטנדרט 700מ'ל,,,רוסקי סטנדרט 700מ'ל,מיליליטרים,700.00,"100 מ""ל",false,,69.90,0.0999,true,1,11177
4603400000180,false,וודקה פלטינום 700מ'ל,,,וודקה פלטינום 700מ'ל,מיליליטרים,700.00,"100 מ""ל",false,,89.90,0.1284,true,1,11178
4603928000976,false,בלוגה וודקה 700מל,,,בלוגה וודקה 700מל,מיליליטרים,700.00,"100 מ""ל",false,,120.90,0.1727,true,1,33781
4640018993398,false,פיניש קוואנטום למדיח,,,פיניש קוואנטום למדיח,יחידה,0.00,יחידה,false,,59.90,0.0000,true,1,66506
4710068001692,false,מאסטר קפה לאטה פחית,,,מאסטר קפה לאטה פחית,מיליליטרים,240.00,"100 מ""ל",false,,6.40,0.0267,true,1,39393
4710068001715,false,מאסטר קפה טירמיסו 24,,,מאסטר קפה טירמיסו 24,מיליליטרים,240.00,"100 מ""ל",false,,6.40,0.0267,true,1,39394
4710068003313,false,מאסטר קפה אמריקנו בל,,,מאסטר קפה אמריקנו בל,מיליליטרים,240.00,"100 מ""ל",false,,5.90,0.0246,true,1,239865
4800888219534,false,דאורדורנט סטיק אוריג,,,דאורדורנט סטיק אוריג,גרמים,50.00,100 גרם,false,,14.90,0.2980,true,1,173349
4860009000014,false,תומר מיץ רימונים גרו,,,תומר מיץ רימונים גרו,ליטרים,1.00,ליטר,false,,17.90,17.9000,true,1,24924
4860019001346,false,בורז'ומי מים מינרליי,,,בורז'ומי מים מינרליי,מיליליטרים,500.00,"100 מ""ל",false,,7.90,0.0158,true,1,11194
4860019001414,false,בורז'ומי מים מינרלים,,,בורז'ומי מים מינרלים,מיליליטרים,750.00,"100 מ""ל",false,,7.90,0.0105,true,1,11196
4891228460242,false,סכיני גילוח שיק קווא,,,סכיני גילוח שיק קווא,יחידה,0.00,יחידה,false,,29.90,0.0000,true,1,21350
4903001904192,false,רוטב סויה יאמאסה פרמ,,,רוטב סויה יאמאסה פרמ,מיליליטרים,500.00,"100 מ""ל",false,,17.90,0.0358,true,1,12723
4903001904208,false,רוטב סויה פרימיום יא,,,רוטב סויה פרימיום יא,ליטרים,1.00,ליטר,false,,31.90,31.9000,true,1,12724
4903001925784,false,רוטב סויה יאמאסה דל,,,רוטב סויה יאמאסה דל,מיליליטרים,500.00,"100 מ""ל",false,,17.90,0.0358,true,1,12725
5000127533196,false,דגני בוקר ווראייטי ק,,,דגני בוקר ווראייטי ק,גרמים,191.00,100 גרם,false,,22.90,0.1199,true,1,5249
5000159376792,false,סוכריות סקיטלס חמוץ,,,סוכריות סקיטלס חמוץ,גרמים,38.00,100 גרם,false,,3.50,0.0921,true,1,20742
5000159407236,false,חטיף מרס 51 גרם,,,חטיף מרס 51 גרם,גרמים,51.00,100 גרם,false,,3.90,0.0765,true,1,20746
5000159409179,false,סניקרס מיני 403 גרם,,,סניקרס מיני 403 גרם,גרמים,403.00,100 גרם,false,,19.90,0.0494,true,1,20747
5000159452977,false,מיני מיקס 400 גרם,,,מיני מיקס 400 גרם,גרמים,400.00,100 גרם,false,,19.90,0.0497,true,1,20749
5000159459228,false,חטיף טויקס 50 גרם,,,חטיף טויקס 50 גרם,גרמים,50.00,100 גרם,false,,3.90,0.0780,true,1,20752
5000159536400,false,טוויקס סטיקס 10 יחדו,,,טוויקס סטיקס 10 יחדו,גרמים,0.00,100 גרם,false,,13.90,0.0000,true,1,205934
5000159538626,false,חטיף טוויקס מארז 5*2,,,חטיף טוויקס מארז 5*2,גרמים,250.00,100 גרם,false,,10.90,0.0436,true,1,164485
5000189974579,false,קיט קט מיני 200 גרם,,,קיט קט מיני 200 גרם,גרמים,200.00,100 גרם,false,,10.00,0.0500,true,1,41973
5000204114867,false,גלייד ארוסול בניחוח,,,גלייד ארוסול בניחוח,מיליליטרים,300.00,"100 מ""ל",false,,7.90,0.0263,true,1,5635
5000204114898,false,גלייד ארוסול בניחוח,,,גלייד ארוסול בניחוח,מיליליטרים,300.00,"100 מ""ל",false,,7.90,0.0263,true,1,5636
5000204114928,false,גלייד ארוסול בניחוח,,,גלייד ארוסול בניחוח,מיליליטרים,300.00,"100 מ""ל",false,,7.90,0.0263,true,1,5637
5000204115048,false,גלייד ארוסול בניחוח,,,גלייד ארוסול בניחוח,מיליליטרים,300.00,"100 מ""ל",false,,7.90,0.0263,true,1,5640
5000204243000,false,דאק ג'ל נוזל לאסלה,,,דאק ג'ל נוזל לאסלה,מיליליטרים,750.00,"100 מ""ל",false,,9.90,0.0132,true,1,383364
5000204243031,false,ג'ל נוזל לאסלה ירח פ,,,ג'ל נוזל לאסלה ירח פ,מיליליטרים,750.00,"100 מ""ל",false,,9.90,0.0132,true,1,383380
5000267014234,false,גוני ווקר רד לייבל 7,,,גוני ווקר רד לייבל 7,מיליליטרים,700.00,"100 מ""ל",false,,80.90,0.1156,true,1,51417
5010026515919,false,מוזלי קריספי אגוזים,,,מוזלי קריספי אגוזים,גרמים,650.00,100 גרם,false,,24.90,0.0383,true,1,196262
5010026519368,false,פתיתי שיבולת שועל -,,,פתיתי שיבולת שועל -,גרמים,500.00,100 גרם,false,,7.90,0.0158,true,1,157099
5010038454831,false,בירה בלו מון 5.4% 33,,,בירה בלו מון 5.4% 33,מיליליטרים,330.00,"100 מ""ל",false,,12.90,0.0391,true,1,7295
5010123703547,false,מי פה פרש בוסט ליסטר,,,מי פה פרש בוסט ליסטר,מיליליטרים,500.00,"100 מ""ל",false,,14.90,0.0298,true,1,51791
5010182996805,false,זוג רייד נגד עש לבנ,,,זוג רייד נגד עש לבנ,גרמים,20.00,100 גרם,false,,12.50,0.6250,true,1,5668
5010296003260,false,גרינאלס ג'ין מתובל ב,,,גרינאלס ג'ין מתובל ב,מיליליטרים,700.00,"100 מ""ל",false,,79.00,0.1129,true,1,522683
5010327000046,false,וויסקי גרנטס,,,וויסקי גרנטס,מיליליטרים,750.00,"100 מ""ל",false,,70.90,0.0945,true,1,7296
5010677551397,false,בקרדי בריזר ליים,,,בקרדי בריזר ליים,מיליליטרים,275.00,"100 מ""ל",false,,13.90,0.0505,true,1,9279
5010677554398,false,בקרדי בריזר אבטיח,,,בקרדי בריזר אבטיח,מיליליטרים,275.00,"100 מ""ל",false,,13.90,0.0505,true,1,9281
5010677850100,false,"גריי גוס 700 מ""ל",,,"גריי גוס 700 מ""ל",מיליליטרים,700.00,"100 מ""ל",false,,110.90,0.1584,true,1,13369
5011007003005,false,וויסקי אירי גיימסון,,,וויסקי אירי גיימסון,מיליליטרים,700.00,"100 מ""ל",false,,89.90,0.1284,true,1,33784
5011157630281,false,טילדה אורז הימשלי בס,,,טילדה אורז הימשלי בס,קילוגרמים,1.00,"ק""ג",false,,24.90,24.9000,true,1,21360
5014271350424,false,סאן דלפור מעדן ארבע,,,סאן דלפור מעדן ארבע,גרמים,284.00,100 גרם,false,,20.90,0.0736,true,1,16769
5014271400426,false,סאן דלפור מעדן תות ש,,,סאן דלפור מעדן תות ש,גרמים,284.00,100 גרם,false,,20.90,0.0736,true,1,16774
5014271560427,false,סאן דלפור מעדן תפוז,,,סאן דלפור מעדן תפוז,גרמים,284.00,100 גרם,false,,20.90,0.0736,true,1,16775
5014271795980,false,סאן דלפור מעדן חמוצי,,,סאן דלפור מעדן חמוצי,גרמים,284.00,100 גרם,false,,20.90,0.0736,true,1,16779
5016840033219,false,לוך לונונד אוריג'נל,,,לוך לונונד אוריג'נל,מיליליטרים,700.00,"100 מ""ל",false,,119.00,0.1700,true,1,524311
5029053002408,false,נייר טואלט קליניקס ל,,,נייר טואלט קליניקס ל,מטרים,275.00,מטר,false,,29.90,0.1087,true,1,8795
5029053002439,false,נייר טואלט קליניקס צ,,,נייר טואלט קליניקס צ,מטרים,243.00,מטר,false,,29.90,0.1230,true,1,8796
5029053032658,false,ממחטות טישו טו גו ק,,,ממחטות טישו טו גו ק,יחידה,0.00,יחידה,false,,7.90,0.0000,true,1,8802
5029053039725,false,טישו נטורל פרש קופסא,,,טישו נטורל פרש קופסא,יחידה,0.00,יחידה,false,,9.90,0.0000,true,1,223214
5029053510811,false,תחבושות אולטרה נורמל,,,תחבושות אולטרה נורמל,יחידה,0.00,יחידה,false,,17.90,0.0000,true,1,8804
5029053510828,false,תחבושת אולטרה סופר+כ,,,תחבושת אולטרה סופר+כ,יחידה,0.00,יחידה,false,,17.90,0.0000,true,1,8805
5029053523446,false,תחבושות אולטרה נייט+,,,תחבושות אולטרה נייט+,יחידה,0.00,יחידה,false,,17.90,0.0000,true,1,8807
5029053578309,false,טישו אולטרה סופט קוב,,,טישו אולטרה סופט קוב,יחידה,0.00,יחידה,false,,6.90,0.0000,true,1,223228
5029054220085,false,האגיס אקסטרה קר מגבו,,,האגיס אקסטרה קר מגבו,יחידה,0.00,יחידה,false,,24.90,0.0000,true,1,8825
5060255492185,false,אברקלין עוצמה נחוזקת,,,אברקלין עוצמה נחוזקת,קילוגרמים,6.00,"ק""ג",false,,58.90,9.8167,true,1,3417
5060751218173,false,מונסטר פייפלין פאנץ',,,מונסטר פייפלין פאנץ',מיליליטרים,500.00,"100 מ""ל",false,,6.90,0.0138,true,1,419826
5060751219033,false,מונסטר אולטרה פרדייז,,,מונסטר אולטרה פרדייז,מיליליטרים,500.00,"100 מ""ל",false,,6.90,0.0138,true,1,419827
5099864006384,false,"סימילאק מהדרין בד""צ",,,"סימילאק מהדרין בד""צ",גרמים,900.00,100 גרם,false,,75.90,0.0843,true,1,29446
5201004020338,false,קפריס רולס קלאסיק 40,,,קפריס רולס קלאסיק 40,גרמים,400.00,100 גרם,false,,19.90,0.0497,true,1,13768
5201004021328,false,קפריס רולס קלאסיק 11,,,קפריס רולס קלאסיק 11,גרמים,115.00,100 גרם,false,,8.90,0.0774,true,1,131917
5201178801054,false,קרם רב שימושי ניוואה,,,קרם רב שימושי ניוואה,מיליליטרים,250.00,"100 מ""ל",false,,29.90,0.1196,true,1,51203
5201940010110,false,זיתים שחורים קלמטה ו,,,זיתים שחורים קלמטה ו,גרמים,250.00,100 גרם,false,,14.90,0.0596,true,1,2841
5203064007625,false,תומר עוגיות שוקו צ'י,,,תומר עוגיות שוקו צ'י,גרמים,180.00,100 גרם,false,,9.90,0.0550,true,1,272374
5203064007649,false,תומר עוגיות שוקו צ'י,,,תומר עוגיות שוקו צ'י,גרמים,180.00,100 גרם,false,,9.90,0.0550,true,1,272376
5205427012499,false,מאפה פילו ממולא ביונ,,,מאפה פילו ממולא ביונ,גרמים,400.00,100 גרם,false,,39.90,0.0997,true,1,432502
5391523057943,false,סימילאק גולד שלב 3 7,,,סימילאק גולד שלב 3 7,גרמים,700.00,100 גרם,false,,70.90,0.1013,true,1,29456
5391523058063,false,סימילאק אדוואנס פלוס,,,סימילאק אדוואנס פלוס,גרמים,700.00,100 גרם,false,,64.90,0.0927,true,1,29457
5391523058070,false,סימילאק אדוונס פלוס,,,סימילאק אדוונס פלוס,גרמים,700.00,100 גרם,false,,64.90,0.0927,true,1,29458
5391523058087,false,סימילאק אדוואנס פלוס,,,סימילאק אדוואנס פלוס,גרמים,700.00,100 גרם,false,,64.90,0.0927,true,1,29459
5410076379378,false,אבקת כביסה טייד קולו,,,אבקת כביסה טייד קולו,קילוגרמים,5.00,"ק""ג",false,,34.90,6.9800,true,1,27204
5410076933129,false,אריאל שושן צחור שקית,,,אריאל שושן צחור שקית,קילוגרמים,3.00,"ק""ג",false,,34.90,11.6333,true,1,27235
5410126006087,false,לוטוס עוגיות קרמל 70,,,לוטוס עוגיות קרמל 70,גרמים,700.00,100 גרם,false,,24.90,0.0356,true,1,5265
5410126116953,false,לוטוס ממרח ביסקוויט,,,לוטוס ממרח ביסקוויט,גרמים,400.00,100 גרם,false,,20.90,0.0522,true,1,5272
5410126666038,false,עוגיות לוטוס 279 גרם,,,עוגיות לוטוס 279 גרם,גרמים,279.00,100 גרם,false,,12.90,0.0462,true,1,5273
5410126716016,false,ביסקוויט בטעם קרמל ל,,,ביסקוויט בטעם קרמל ל,גרמים,250.00,100 גרם,false,,11.90,0.0476,true,1,5274
5410126726947,false,לוטוס קראנץ ממרח עוג,,,לוטוס קראנץ ממרח עוג,גרמים,380.00,100 גרם,false,,20.90,0.0550,true,1,5275
5410228267515,false,בירה באדוויזר שישייה,,,בירה באדוויזר שישייה,ליטרים,1.98,ליטר,false,,30.90,15.6061,true,1,7308
5410291021991,false,צ`וקטה ממרח אגוזי לו,,,צ`וקטה ממרח אגוזי לו,גרמים,700.00,100 גרם,false,,18.90,0.0270,true,1,41976
5410291022738,false,צ`וקטה ממרח אגוזי לו,,,צ`וקטה ממרח אגוזי לו,גרמים,350.00,100 גרם,false,,10.90,0.0311,true,1,41979
5410291022776,false,צ`וקטה ממרח אגוזי לו,,,צ`וקטה ממרח אגוזי לו,גרמים,700.00,100 גרם,false,,18.90,0.0270,true,1,41981
5411188096108,false,אלפרו סויה לבישול 25,,,אלפרו סויה לבישול 25,מיליליטרים,250.00,"100 מ""ל",false,,9.90,0.0396,true,1,21365
5411188110835,false,אלפרו משקה שקדים 1 ל,,,אלפרו משקה שקדים 1 ל,ליטרים,1.00,ליטר,false,,13.90,13.9000,true,1,21368
5411188112709,false,אלפרו משקה שקדים ללא,,,אלפרו משקה שקדים ללא,יחידה,0.00,יחידה,false,,13.90,0.0000,true,1,21372
5411188115366,false,אלפרו משקה שיבולת שו,,,אלפרו משקה שיבולת שו,יחידה,0.00,יחידה,false,,13.90,0.0000,true,1,21374
5411188120742,false,אלפרו משקה שקדים בטע,,,אלפרו משקה שקדים בטע,ליטרים,1.00,ליטר,false,,13.90,13.9000,true,1,21381
5411188120957,false,אלפרו קוקוס לבישול 2,,,אלפרו קוקוס לבישול 2,מיליליטרים,250.00,"100 מ""ל",false,,9.90,0.0396,true,1,345560
5411188121923,false,אלפרו סויה סידן שלש,,,אלפרו סויה סידן שלש,מיליליטרים,750.00,"100 מ""ל",false,,14.90,0.0199,true,1,21383
5411188121978,false,אלפרו סויה שוקו סיד,,,אלפרו סויה שוקו סיד,מיליליטרים,750.00,"100 מ""ל",false,,15.50,0.0207,true,1,21384
5411188122586,false,אלפרו משקה שקדים 250,,,אלפרו משקה שקדים 250,מיליליטרים,250.00,"100 מ""ל",false,,6.50,0.0260,true,1,21386
5411188124689,false,אלפרו משקה שיבולת שו,,,אלפרו משקה שיבולת שו,יחידה,0.00,יחידה,false,,13.90,0.0000,true,1,118329
5411188126195,false,אלפרו משקה שקדים אור,,,אלפרו משקה שקדים אור,ליטרים,1.00,ליטר,false,,13.90,13.9000,true,1,21390
5411188127697,false,אלפרו משקה בריסטה שי,,,אלפרו משקה בריסטה שי,יחידה,0.00,יחידה,false,,13.90,0.0000,true,1,90905
5411188129899,false,אלפרו משקה בריסטה שק,,,אלפרו משקה בריסטה שק,יחידה,0.00,יחידה,false,,13.90,0.0000,true,1,90919
5411188133476,false,אלפרו משקה סויה שוקו,,,אלפרו משקה סויה שוקו,מיליליטרים,250.00,"100 מ""ל",false,,6.90,0.0276,true,1,225861
5411188134985,false,אלפרו 3.5% שומן NOT,,,אלפרו 3.5% שומן NOT,ליטרים,1.00,ליטר,false,,12.90,12.9000,true,1,193115
5411188135005,false,אלפרו 1.8% שומן NOT,,,אלפרו 1.8% שומן NOT,ליטרים,1.00,ליטר,false,,12.90,12.9000,true,1,197338
5411188513483,false,אלפרו סויה לבישול 14,,,אלפרו סויה לבישול 14,מיליליטרים,250.00,"100 מ""ל",false,,9.90,0.0396,true,1,345561
5411188543398,false,אלפרו משקה סויה ללא,,,אלפרו משקה סויה ללא,ליטרים,1.00,ליטר,false,,12.90,12.9000,true,1,94175
5413121355099,false,שוקולד מריר 72% עם פ,,,שוקולד מריר 72% עם פ,גרמים,100.00,100 גרם,false,,11.90,0.1190,true,1,527246
5413121363513,false,שוקולד מריר דובדבן ב,,,שוקולד מריר דובדבן ב,גרמים,100.00,100 גרם,false,,11.90,0.1190,true,1,527321
5413121388905,false,שוקולד טראפלס אגוז,,,שוקולד טראפלס אגוז,גרמים,150.00,100 גרם,false,,14.90,0.0993,true,1,527337
5413149922907,false,אריאל אבקת כביסה קול,,,אריאל אבקת כביסה קול,קילוגרמים,5.00,"ק""ג",false,,45.90,9.1800,true,1,27254
5413149922938,false,אריאל אבקת כביסה שוש,,,אריאל אבקת כביסה שוש,קילוגרמים,5.00,"ק""ג",false,,45.90,9.1800,true,1,27255
5413548280189,false,קינדר שוקו בון 125ג,,,קינדר שוקו בון 125ג,גרמים,125.00,100 גרם,false,,12.90,0.1032,true,1,41477
5420066370032,false,טראפל שוקולד בלגי מר,,,טראפל שוקולד בלגי מר,גרמים,150.00,100 גרם,false,,14.90,0.0993,true,1,528492
5601008200468,false,גודיס עוגיות טבעת מצ,,,גודיס עוגיות טבעת מצ,גרמים,150.00,100 גרם,false,,6.90,0.0460,true,1,21395
5601010111035,false,סרדינים בשמן זית רמי,,,סרדינים בשמן זית רמי,גרמים,100.00,100 גרם,false,,11.90,0.1190,true,1,47906
5604912415058,false,סרדינים בשמן חמניה ח,,,סרדינים בשמן חמניה ח,גרמים,125.00,100 גרם,false,,5.90,0.0472,true,1,5278
5701932026964,false,הוט פופ .פופקורן עם,,,הוט פופ .פופקורן עם,גרמים,600.00,100 גרם,false,,14.90,0.0248,true,1,12731
5701932026971,false,הוט פופ פופקורן בטעם,,,הוט פופ פופקורן בטעם,גרמים,600.00,100 גרם,false,,14.90,0.0248,true,1,12732
5711953106583,false,ארלה גבינת שמנת טבעי,,,ארלה גבינת שמנת טבעי,גרמים,200.00,100 גרם,false,,15.90,0.0795,true,1,23226
5711953106590,false,ארלה גבינת שמנת שום,,,ארלה גבינת שמנת שום,גרמים,200.00,100 גרם,false,,15.90,0.0795,true,1,23227
5711953148347,false,גבינת שמנת טבעי ארלה,,,גבינת שמנת טבעי ארלה,גרמים,300.00,100 גרם,false,,23.90,0.0797,true,1,556309
5740900403215,false,ממרח לורפק עם מלח 25,,,ממרח לורפק עם מלח 25,גרמים,250.00,100 גרם,false,,16.90,0.0676,true,1,23229
5740900403222,false,ממרח לורפק עם מלח מו,,,ממרח לורפק עם מלח מו,גרמים,250.00,100 גרם,false,,16.90,0.0676,true,1,23230
5740900403239,false,ממרח לורפק ללא מלח 2,,,ממרח לורפק ללא מלח 2,גרמים,250.00,100 גרם,false,,16.90,0.0676,true,1,23231
5740900403246,false,ממרח לורפק ללא מלח 5,,,ממרח לורפק ללא מלח 5,גרמים,500.00,100 גרם,false,,28.90,0.0578,true,1,23232
5740900403253,false,ממרח לורפק עם מלח 50,,,ממרח לורפק עם מלח 50,גרמים,500.00,100 גרם,false,,28.90,0.0578,true,1,23233
5740900403260,false,ממרח לורפק ללא מלח מ,,,ממרח לורפק ללא מלח מ,גרמים,250.00,100 גרם,false,,16.90,0.0676,true,1,23234
5765220190188,false,עטרות נייר לאפייה 5,,,עטרות נייר לאפייה 5,יח',130.00,יח',false,,5.90,0.0454,true,1,119087
5765571204619,false,נר נשמה שבועי ירושלי,,,נר נשמה שבועי ירושלי,יחידה,0.00,יחידה,false,,9.90,0.0000,true,1,305263
5765571206613,false,נר נשמה 9 ימים בפלסט,,,נר נשמה 9 ימים בפלסט,יחידה,0.00,יחידה,false,,9.90,0.0000,true,1,576200
5900020012814,false,דגני בוקר נסקוויק נס,,,דגני בוקר נסקוויק נס,גרמים,500.00,100 גרם,false,,24.90,0.0498,true,1,18389
5900020015174,false,פיטנס חטיף דגנים שוק,,,פיטנס חטיף דגנים שוק,גרמים,141.00,100 גרם,false,,14.90,0.1057,true,1,18390
5900020018908,false,פיטנס חטיף דגנים קרם,,,פיטנס חטיף דגנים קרם,גרמים,141.00,100 גרם,false,,14.90,0.1057,true,1,18391
5900020024817,false,פיטנס בר דליס שוקולד,,,פיטנס בר דליס שוקולד,גרמים,135.00,100 גרם,false,,14.90,0.1104,true,1,18398
5900020026552,false,האני נאט ציריוס נסטל,,,האני נאט ציריוס נסטל,גרמים,625.00,100 גרם,false,,24.90,0.0398,true,1,18405
5900020029669,false,פיטנס חטיף דגנים פיר,,,פיטנס חטיף דגנים פיר,גרמים,141.00,100 גרם,false,,14.90,0.1057,true,1,18407
5900020031877,false,חטיף דגנים צ'יריוס ה,,,חטיף דגנים צ'יריוס ה,גרמים,132.00,100 גרם,false,,16.90,0.1280,true,1,18409
5900020032454,false,חטיף דגנים עוגיות פ,,,חטיף דגנים עוגיות פ,גרמים,188.00,100 גרם,false,,16.90,0.0899,true,1,166363
5900020034021,false,פיטנס חטיף דגנים שוק,,,פיטנס חטיף דגנים שוק,גרמים,141.00,100 גרם,false,,16.90,0.1199,true,1,18411
5900020034991,false,קראנץ' צדפים בטעם שו,,,קראנץ' צדפים בטעם שו,גרמים,450.00,100 גרם,false,,24.90,0.0553,true,1,18412
5900020036407,false,דגני בוקר שוקולד וקר,,,דגני בוקר שוקולד וקר,גרמים,480.00,100 גרם,false,,24.90,0.0519,true,1,64456
5900020037916,false,צ'יריוס שיבולת שועל,,,צ'יריוס שיבולת שועל,גרמים,375.00,100 גרם,false,,15.90,0.0424,true,1,169869
5900020039590,false,פיטנס חטיף דגנים קלא,,,פיטנס חטיף דגנים קלא,גרמים,141.00,100 גרם,false,,14.90,0.1057,true,1,240231
5900020039620,false,חטיף דגנים שקדים ודב,,,חטיף דגנים שקדים ודב,גרמים,141.00,100 גרם,false,,14.90,0.1057,true,1,240217
5900627063233,false,50 יח AIO טבליות פינ,,,50 יח AIO טבליות פינ,גרמים,800.00,100 גרם,false,,39.90,0.0499,true,1,20870
5902198160403,false,אקס אל משקה אנרגיה ט,,,אקס אל משקה אנרגיה ט,מיליליטרים,250.00,"100 מ""ל",false,,4.50,0.0180,true,1,9288
5902768862553,true,עוגיות בוגטי שוקולד,,,עוגיות בוגטי שוקולד,גרמים,155.00,100 גרם,false,,5.90,0.0381,true,1,49901
5902768862683,true,עוגיות טוויט שוקולד,,,עוגיות טוויט שוקולד,גרמים,155.00,100 גרם,false,,5.90,0.0381,true,1,49902
5902768865677,true,עוגיות שוקולד צ'יפס,,,עוגיות שוקולד צ'יפס,גרמים,150.00,100 גרם,false,,5.90,0.0393,true,1,49904
5904941750312,false,בלו בודד מוחיטו 250,,,בלו בודד מוחיטו 250,מיליליטרים,250.00,"100 מ""ל",false,,4.50,0.0180,true,1,1813
5904941751302,false,בלו משקה אנרגיה 250,,,בלו משקה אנרגיה 250,מיליליטרים,250.00,"100 מ""ל",false,,4.50,0.0180,true,1,1814
5904941751715,false,בלו משקה אנרגיה קרנב,,,בלו משקה אנרגיה קרנב,מיליליטרים,250.00,"100 מ""ל",false,,4.50,0.0180,true,1,1816
5904941751920,false,בלו משקה אנרגיה דיי,,,בלו משקה אנרגיה דיי,מיליליטרים,250.00,"100 מ""ל",false,,4.50,0.0180,true,1,1819
5906485301012,false,אקס אל משקה אנרגיה 2,,,אקס אל משקה אנרגיה 2,מיליליטרים,250.00,"100 מ""ל",false,,4.50,0.0180,true,1,9289
5941021002190,false,טבלת היידי גראנדור ל,,,טבלת היידי גראנדור ל,גרמים,100.00,100 גרם,false,,9.90,0.0990,true,1,455717
5941021004309,false,טבלת היידי גראנדור פ,,,טבלת היידי גראנדור פ,גרמים,100.00,100 גרם,false,,9.90,0.0990,true,1,455749
5941021005139,false,טבלת היידי גראנדור ח,,,טבלת היידי גראנדור ח,גרמים,100.00,100 גרם,false,,9.90,0.0990,true,1,455584
5941021011147,false,טבלת היידי גראנדור פ,,,טבלת היידי גראנדור פ,גרמים,100.00,100 גרם,false,,9.90,0.0990,true,1,455764
5941021016401,false,טבלת היידי גראנדור מ,,,טבלת היידי גראנדור מ,גרמים,100.00,100 גרם,false,,9.90,0.0990,true,1,455701
6102017501939,false,מצת מהודר,,,מצת מהודר,יחידה,0.00,יחידה,false,,9.90,0.0000,true,1,31077
6111049000051,false,סרדין מרוקאי חריף ספ,,,סרדין מרוקאי חריף ספ,גרמים,125.00,100 גרם,false,,4.90,0.0392,true,1,9968
6111049002055,false,סרדין מרוקאי בשמן קפ,,,סרדין מרוקאי בשמן קפ,גרמים,125.00,100 גרם,false,,4.90,0.0392,true,1,9972
6111094000259,false,קוסקוס בינוני דארי 5,,,קוסקוס בינוני דארי 5,גרמים,500.00,100 גרם,false,,10.00,0.0200,true,1,24929
6224009175192,false,"תות שדה 1 ק""ג קפוא ב",,,"תות שדה 1 ק""ג קפוא ב",קילוגרמים,1.00,"ק""ג",false,,14.90,14.9000,true,1,51556
6900024600672,false,מברשת לסלה+כוס,,,מברשת לסלה+כוס,יחידה,0.00,יחידה,false,,8.90,0.0000,true,1,536955
6902019042016,false,אטבי כביסה 10 יחידות,,,אטבי כביסה 10 יחידות,יחידה,0.00,יחידה,false,,5.50,0.0000,true,1,13097
6902019042061,false,מארז בלונים 50 יח,,,מארז בלונים 50 יח,יחידה,0.00,יחידה,false,,10.90,0.0000,true,1,13100
6910191800287,false,אצות נורי לסושי מזרח,,,אצות נורי לסושי מזרח,גרמים,25.00,100 גרם,false,,11.90,0.4760,true,1,47578
6912977000140,false,אטריות שעועית ללא גל,,,אטריות שעועית ללא גל,גרמים,250.00,100 גרם,false,,8.90,0.0356,true,1,47579
6920190410059,false,נייר מאפינס קטנים לא,,,נייר מאפינס קטנים לא,יחידה,0.00,יחידה,false,,11.90,0.0000,true,1,13112
6920190410066,false,שיפודי במבוק מובחרים,,,שיפודי במבוק מובחרים,יחידה,0.00,יחידה,false,,2.90,0.0000,true,1,110835
6924421202017,false,פטריות שי-מג'י חוות,,,פטריות שי-מג'י חוות,גרמים,150.00,100 גרם,false,,12.90,0.0860,true,1,50974
6928054201423,false,כפפות ניילון good li,,,כפפות ניילון good li,יחידה,0.00,יחידה,false,,4.50,0.0000,true,1,438709
6948015700031,false,מטריית ניילון ציורים,,,מטריית ניילון ציורים,גרמים,249.00,100 גרם,false,,24.90,0.1000,true,1,31122
6951097101085,false,מאג מעוצב,,,מאג מעוצב,יחידה,0.00,יחידה,false,,4.90,0.0000,true,1,28015
6972534059738,false,שטיח גומי לאמבטיה צי,,,שטיח גומי לאמבטיה צי,יחידה,0.00,יחידה,false,,24.00,0.0000,true,1,484491
6980531007584,false,קולפן מטאלי איכותי,,,קולפן מטאלי איכותי,יחידה,0.00,יחידה,false,,25.90,0.0000,true,1,536973
6989198335078,false,"שיפודים 15 ס""מ 100 י",,,"שיפודים 15 ס""מ 100 י",יחידה,0.00,יחידה,false,,8.90,0.0000,true,1,536990
7038516140357,false,מב.שיניים טוטאל קלין,,,מב.שיניים טוטאל קלין,יחידה,0.00,יחידה,false,,10.00,0.0000,true,1,5709
7046110071519,false,מש.שיניים לילדים לשי,,,מש.שיניים לילדים לשי,מיליליטרים,50.00,"100 מ""ל",false,,11.90,0.2380,true,1,5725
7180589856540,false,נייס שבלולים לשיער,,,נייס שבלולים לשיער,יחידה,0.00,יחידה,false,,3.90,0.0000,true,1,33950
7262626058497,false,כובע צמר לגבר,,,כובע צמר לגבר,יחידה,0.00,יחידה,false,,29.90,0.0000,true,1,31207
7262626088197,false,טייץ טרמי צבעוני,,,טייץ טרמי צבעוני,יחידה,0.00,יחידה,false,,29.90,0.0000,true,1,96855
7262626088272,false,מטריה סיליקון שחור ח,,,מטריה סיליקון שחור ח,יחידה,0.00,יחידה,false,,39.90,0.0000,true,1,298433
7262626088289,false,מטריה סיליקון נקודות,,,מטריה סיליקון נקודות,יחידה,0.00,יחידה,false,,39.90,0.0000,true,1,298447
7271730901261,false,ארוחת אטריות וואקי מ,,,ארוחת אטריות וואקי מ,גרמים,156.00,100 גרם,false,,10.90,0.0699,true,1,36899
7290000000004,false,לחמניית אצבע עם נקני,,,לחמניית אצבע עם נקני,יחידה,0.00,יחידה,false,,9.90,0.0000,true,1,34400
7290000000104,false,סנדוויץ' עובד,,,סנדוויץ' עובד,יחידה,0.00,יחידה,false,,5.00,0.0000,true,1,34418
7290000000311,false,קרואסון ביס בטעמים ח,,,קרואסון ביס בטעמים ח,קילוגרמים,1.00,"ק""ג",true,,42.00,42.0000,true,1,2403
7290000000626,false,ברוקולי ארוז במגשית,,,ברוקולי ארוז במגשית,יח',1.00,יח',false,,9.90,9.9000,true,1,281689
7290000001056,false,לחם אחיד 750 גרם,,,לחם אחיד 750 גרם,גרמים,750.00,100 גרם,false,,4.90,0.0065,true,1,4456
7290000001579,true,סלרי אמריקאי כשר,,,סלרי אמריקאי כשר,יח',1.00,יח',false,,6.90,6.9000,true,1,47743
7290000001586,true,שמיר כשר,,,שמיר כשר,יח',1.00,יח',false,,5.90,5.9000,true,1,47744
7290000002021,false,רוגלך פרווה,,,רוגלך פרווה,קילוגרמים,1.00,"ק""ג",true,,42.00,42.0000,true,1,2455
7290000002022,false,פרווה ביס שוקולד/מאפ,,,פרווה ביס שוקולד/מאפ,קילוגרמים,1.00,"ק""ג",true,,42.00,42.0000,true,1,2456
7290000002057,false,בורקיטס בולגרי בטעמי,,,בורקיטס בולגרי בטעמי,קילוגרמים,1.00,"ק""ג",true,,42.00,42.0000,true,1,2457
7290000002247,false,חלומי גד 24% במשקל,,,חלומי גד 24% במשקל,קילוגרמים,1.00,"ק""ג",true,,97.00,97.0000,true,1,14549
7290000002872,false,צפתית במים גד 5% במש,,,צפתית במים גד 5% במש,קילוגרמים,1.00,"ק""ג",true,,64.00,64.0000,true,1,14553
7290000002889,false,גבינות שמנת שום שמיר,,,גבינות שמנת שום שמיר,קילוגרמים,1.00,"ק""ג",true,,47.00,47.0000,true,1,14554
7290000003196,false,פילו מלוח טעמים מיוח,,,פילו מלוח טעמים מיוח,קילוגרמים,1.00,"ק""ג",true,,40.00,40.0000,true,1,2465
7290000003285,false,פטינה מחלבת ארלה 21%,,,פטינה מחלבת ארלה 21%,קילוגרמים,1.00,"ק""ג",true,,29.00,29.0000,true,1,23198
7290000003286,false,בלוז דנאבלו מחלבת אר,,,בלוז דנאבלו מחלבת אר,קילוגרמים,1.00,"ק""ג",true,,65.00,65.0000,true,1,23199
7290000004006,false,קאשקבל משולשים גד 26,,,קאשקבל משולשים גד 26,קילוגרמים,1.00,"ק""ג",true,,128.00,128.0000,true,1,14562
7290000004444,false,שקיות גופיה 20 מקרו,,,שקיות גופיה 20 מקרו,יחידה,0.00,יחידה,false,,0.10,0.0000,true,1,525427
7290000004655,false,מוצרלה מעושנת גד 22%,,,מוצרלה מעושנת גד 22%,קילוגרמים,1.00,"ק""ג",true,,80.00,80.0000,true,1,14566
7290000004792,false,בולגרית מעודנת גד 5%,,,בולגרית מעודנת גד 5%,קילוגרמים,1.00,"ק""ג",true,,56.00,56.0000,true,1,14569
7290000004815,false,מוצרלה גד 22% במשקל,,,מוצרלה גד 22% במשקל,קילוגרמים,1.00,"ק""ג",true,,80.00,80.0000,true,1,14570
7290000004976,false,גבינות שמנת זיתים גד,,,גבינות שמנת זיתים גד,קילוגרמים,1.00,"ק""ג",true,,47.00,47.0000,true,1,14577
7290000005025,false,בייגל בטעמים,,,בייגל בטעמים,יח',1.00,יח',false,,4.90,4.9000,true,1,36132
7290000006021,false,פטה מעדן סלט קוביות,,,פטה מעדן סלט קוביות,קילוגרמים,1.00,"ק""ג",true,,75.00,75.0000,true,1,6150
7290000006120,false,טאפאס ממולא גב.שמנת,,,טאפאס ממולא גב.שמנת,קילוגרמים,1.00,"ק""ג",true,,148.00,148.0000,true,1,6151
7290000009350,false,בשר טחון טרי,,,בשר טחון טרי,קילוגרמים,1.00,"ק""ג",true,,37.90,37.9000,true,1,541294
7290000009351,false,בשר טחון חלק טרי,,,בשר טחון חלק טרי,קילוגרמים,1.00,"ק""ג",true,,49.90,49.9000,true,1,541453
7290000009352,false,בשר טחון פרימיום טרי,,,בשר טחון פרימיום טרי,קילוגרמים,1.00,"ק""ג",true,,49.90,49.9000,true,1,541580
7290000009354,false,צלעות בקר טרי,,,צלעות בקר טרי,קילוגרמים,1.00,"ק""ג",true,,59.90,59.9000,true,1,541757
7290000009358,false,כתף בקר טרי,,,כתף בקר טרי,קילוגרמים,1.00,"ק""ג",true,,64.90,64.9000,true,1,541848
7290000009362,false,צלי כתף טרי,,,צלי כתף טרי,קילוגרמים,1.00,"ק""ג",true,,89.90,89.9000,true,1,542035
7290000009366,false,פילה מדומה טרי,,,פילה מדומה טרי,קילוגרמים,1.00,"ק""ג",true,,74.90,74.9000,true,1,541867
7290000009370,false,שריר טרי,,,שריר טרי,קילוגרמים,1.00,"ק""ג",true,,59.90,59.9000,true,1,542204
7290000009374,false,אנטריקוט טרי,,,אנטריקוט טרי,קילוגרמים,1.00,"ק""ג",true,,129.90,129.9000,true,1,542654
7290000009395,false,אסאדו ע.ע. טרי,,,אסאדו ע.ע. טרי,קילוגרמים,1.00,"ק""ג",true,,69.90,69.9000,true,1,542851
7290000009397,false,אוסובוקו טרי,,,אוסובוקו טרי,קילוגרמים,1.00,"ק""ג",true,,64.90,64.9000,true,1,542435
7290000009398,false,אוסובוקו חלק טרי,,,אוסובוקו חלק טרי,קילוגרמים,1.00,"ק""ג",true,,64.90,64.9000,true,1,542636
7290000009431,false,רבע כבש טרי,,,רבע כבש טרי,קילוגרמים,1.00,"ק""ג",true,,119.90,119.9000,true,1,543226
7290000009435,false,צוואר טלה טרי,,,צוואר טלה טרי,קילוגרמים,1.00,"ק""ג",true,,74.90,74.9000,true,1,543328
7290000009437,false,בשר טחון מחפוד טרי,,,בשר טחון מחפוד טרי,קילוגרמים,1.00,"ק""ג",true,,64.90,64.9000,true,1,543760
7290000009438,false,צלעות מחפוד טרי,,,צלעות מחפוד טרי,קילוגרמים,1.00,"ק""ג",true,,79.90,79.9000,true,1,543780
7290000009440,false,צלי כתף מחפוד טרי,,,צלי כתף מחפוד טרי,קילוגרמים,1.00,"ק""ג",true,,114.90,114.9000,true,1,543818
7290000009443,false,אוסובוקו מחפוד טרי,,,אוסובוקו מחפוד טרי,קילוגרמים,1.00,"ק""ג",true,,69.90,69.9000,true,1,543906
7290000009456,false,צוואר עגל טרי,,,צוואר עגל טרי,קילוגרמים,1.00,"ק""ג",true,,54.90,54.9000,true,1,555642
7290000009458,false,צוואר ע.ע מחפוד,,,צוואר ע.ע מחפוד,קילוגרמים,1.00,"ק""ג",true,,59.90,59.9000,true,1,555028
7290000009459,false,חזה ע.ע מחפוד,,,חזה ע.ע מחפוד,קילוגרמים,1.00,"ק""ג",true,,59.90,59.9000,true,1,555076
7290000009460,false,כתף ע.ע מחפוד,,,כתף ע.ע מחפוד,קילוגרמים,1.00,"ק""ג",true,,59.90,59.9000,true,1,555143
7290000009462,false,צוואר ע.ע טרי,,,צוואר ע.ע טרי,קילוגרמים,1.00,"ק""ג",true,,49.90,49.9000,true,1,555353
7290000009464,false,אנטריקוט ע.ע טרי,,,אנטריקוט ע.ע טרי,קילוגרמים,1.00,"ק""ג",true,,94.90,94.9000,true,1,555401
7290000009466,false,חזה בקר טרי,,,חזה בקר טרי,קילוגרמים,1.00,"ק""ג",true,,54.90,54.9000,true,1,555449
7290000009480,false,עצמות מח חלק טרי,,,עצמות מח חלק טרי,קילוגרמים,1.00,"ק""ג",true,,24.90,24.9000,true,1,556077
7290000009481,false,כתף ע.ע כשר,,,כתף ע.ע כשר,קילוגרמים,1.00,"ק""ג",true,,49.90,49.9000,true,1,556310
7290000009482,false,כבד בקר טרי,,,כבד בקר טרי,קילוגרמים,1.00,"ק""ג",true,,24.90,24.9000,true,1,556363
7290000009483,false,כבד בקר מחפוד טרי,,,כבד בקר מחפוד טרי,קילוגרמים,1.00,"ק""ג",true,,32.90,32.9000,true,1,556380
7290000009485,false,לשון בקר מחפוד טרי,,,לשון בקר מחפוד טרי,קילוגרמים,1.00,"ק""ג",true,,69.90,69.9000,true,1,556428
7290000009487,false,בשר ראש בקר מחפוד טר,,,בשר ראש בקר מחפוד טר,קילוגרמים,1.00,"ק""ג",true,,54.90,54.9000,true,1,556461
7290000010030,false,5 יח' לחמניה לבנה ע,,,5 יח' לחמניה לבנה ע,יח',1.00,יח',false,,14.90,14.9000,true,1,52318
7290000010110,false,5 יח' לחמנית קוראסו,,,5 יח' לחמנית קוראסו,יח',1.00,יח',false,,16.90,16.9000,true,1,52319
7290000010250,false,5 יח' בייגלה בטעמים,,,5 יח' בייגלה בטעמים,יח',1.00,יח',false,,17.90,17.9000,true,1,52320
7290000010494,false,אוזני פיל בונז'ור,,,אוזני פיל בונז'ור,קילוגרמים,1.00,"ק""ג",true,,21.00,21.0000,true,1,33990
7290000010500,false,5 יח' לחמניות חיטה,,,5 יח' לחמניות חיטה,יח',1.00,יח',false,,13.40,13.4000,true,1,52321
7290000011040,false,5 יח' לחמניה קשר,,,5 יח' לחמניה קשר,יח',1.00,יח',false,,13.90,13.9000,true,1,2485
7290000011236,false,בולגרית מעודנת המושב,,,בולגרית מעודנת המושב,קילוגרמים,1.00,"ק""ג",true,,45.00,45.0000,true,1,14785
7290000011250,false,שמנת שום שמיר המושב,,,שמנת שום שמיר המושב,קילוגרמים,1.00,"ק""ג",true,,42.00,42.0000,true,1,14787
7290000011274,false,שמנת זיתים המושבה 30,,,שמנת זיתים המושבה 30,קילוגרמים,1.00,"ק""ג",true,,42.00,42.0000,true,1,14789
7290000011427,false,אצבעות שוקולד וניל ה,,,אצבעות שוקולד וניל ה,קילוגרמים,1.00,"ק""ג",true,,60.00,60.0000,true,1,14791
7290000011593,false,שזיף,,,שזיף,קילוגרמים,1.00,"ק""ג",true,,19.90,19.9000,true,1,50958
7290000012220,false,5יח לחמניות טוניסאיו,,,5יח לחמניות טוניסאיו,יח',1.00,יח',false,,12.90,12.9000,true,1,2606
7290000013006,false,פסטרמה מקסיקנית 1% ז,,,פסטרמה מקסיקנית 1% ז,קילוגרמים,1.00,"ק""ג",true,,80.00,80.0000,true,1,38872
7290000013037,false,פסט. פרגיות על לבנים,,,פסט. פרגיות על לבנים,קילוגרמים,1.00,"ק""ג",true,,80.00,80.0000,true,1,38874
7290000013174,false,פסט. של פעם 2% זוגלו,,,פסט. של פעם 2% זוגלו,קילוגרמים,1.00,"ק""ג",true,,82.00,82.0000,true,1,38876
7290000013358,false,גידים בקר מוכשר ארוז,,,גידים בקר מוכשר ארוז,קילוגרמים,1.00,"ק""ג",true,,110.00,110.0000,true,1,563523
7290000023083,false,"ערק אשקלון 700 מ""ל כ",,,"ערק אשקלון 700 מ""ל כ",מיליליטרים,700.00,"100 מ""ל",false,,50.90,0.0727,true,1,9297
7290000023809,false,קלאסיק קברנה סובניון,,,קלאסיק קברנה סובניון,מיליליטרים,750.00,"100 מ""ל",false,,32.90,0.0439,true,1,9310
7290000023816,false,קלאסיק אמרלד ריזלינג,,,קלאסיק אמרלד ריזלינג,מיליליטרים,750.00,"100 מ""ל",false,,32.90,0.0439,true,1,9311
7290000023977,false,קלאסיק מרלו 750מל.,,,קלאסיק מרלו 750מל.,מיליליטרים,750.00,"100 מ""ל",false,,32.90,0.0439,true,1,9317
7290000024523,false,תירוש של סגל 1 ליטר,,,תירוש של סגל 1 ליטר,ליטרים,1.00,ליטר,false,,13.90,13.9000,true,1,9328
7290000025786,false,דניס נקי טרי,,,דניס נקי טרי,קילוגרמים,1.00,"ק""ג",true,,69.90,69.9000,true,1,47930
7290000026650,false,צפתית פיראוס 5% במשק,,,צפתית פיראוס 5% במשק,קילוגרמים,1.00,"ק""ג",true,,58.00,58.0000,true,1,25618
7290000026806,false,קרפיון נקי טרי,,,קרפיון נקי טרי,קילוגרמים,1.00,"ק""ג",true,,34.90,34.9000,true,1,47932
7290000026813,false,אמנון טרי נקי,,,אמנון טרי נקי,קילוגרמים,1.00,"ק""ג",true,,36.90,36.9000,true,1,47933
7290000026851,false,בורי נקי טרי,,,בורי נקי טרי,קילוגרמים,1.00,"ק""ג",true,,49.90,49.9000,true,1,47934
7290000026893,false,ברמונדי נקי,,,ברמונדי נקי,קילוגרמים,1.00,"ק""ג",true,,49.90,49.9000,true,1,47938
7290000027742,false,לברק נקי טרי,,,לברק נקי טרי,קילוגרמים,1.00,"ק""ג",true,,69.90,69.9000,true,1,47945
7290000027995,false,פילה סלמון טרי,,,פילה סלמון טרי,קילוגרמים,1.00,"ק""ג",true,,99.90,99.9000,true,1,47953
7290000032665,false,רוטב עגבניות 28% ברי,,,רוטב עגבניות 28% ברי,גרמים,580.00,100 גרם,false,,7.52,0.0130,true,1,8614
7290000035324,false,בולגרית חלב נוכרי פי,,,בולגרית חלב נוכרי פי,קילוגרמים,1.00,"ק""ג",true,,41.00,41.0000,true,1,25619
7290000039234,false,סינטה עגל טרי,,,סינטה עגל טרי,קילוגרמים,1.00,"ק""ג",true,,129.00,129.0000,true,1,1720
7290000039235,false,פילה מיניון עגל טרי,,,פילה מיניון עגל טרי,קילוגרמים,1.00,"ק""ג",true,,219.00,219.0000,true,1,1721
7290000039238,false,שפיץ צאך עגל טרי,,,שפיץ צאך עגל טרי,קילוגרמים,1.00,"ק""ג",true,,89.90,89.9000,true,1,1724
7290000040042,false,יופלה תות שובב 3% 15,,,יופלה תות שובב 3% 15,מיליליטרים,150.00,"100 מ""ל",false,,4.90,0.0327,true,1,25705
7290000040066,false,יופלה דובדבן פראי 3%,,,יופלה דובדבן פראי 3%,מיליליטרים,150.00,"100 מ""ל",false,,4.90,0.0327,true,1,25706
7290000040080,false,יופלה אפרסק מאוהב 3%,,,יופלה אפרסק מאוהב 3%,מיליליטרים,150.00,"100 מ""ל",false,,4.90,0.0327,true,1,25707
7290000040301,false,תנובה גבינת קממבר עי,,,תנובה גבינת קממבר עי,גרמים,125.00,100 גרם,false,,16.90,0.1352,true,1,25708
7290000040318,false,תנובה גבינת ברי 24%,,,תנובה גבינת ברי 24%,גרמים,125.00,100 גרם,false,,18.90,0.1512,true,1,25709
7290000040462,false,טוסטי טעם אדם 22% 20,,,טוסטי טעם אדם 22% 20,גרמים,200.00,100 גרם,false,,16.90,0.0845,true,1,25711
7290000040974,false,חלב תנובה קרטון דל ל,,,חלב תנובה קרטון דל ל,ליטרים,1.00,ליטר,false,,7.10,7.1000,true,1,25712
7290000041407,false,"גיל 3% בד""צ 125 מ""ל",,,"גיל 3% בד""צ 125 מ""ל",מיליליטרים,125.00,"100 מ""ל",false,,0.90,0.0072,true,1,25713
7290000041445,false,"קוטג' 5% תנובה בד""צ",,,"קוטג' 5% תנובה בד""צ",גרמים,250.00,100 גרם,false,,5.50,0.0220,true,1,25714
7290000041865,false,יטבתה לבן 4.5% 200מל,,,יטבתה לבן 4.5% 200מל,מיליליטרים,200.00,"100 מ""ל",false,,2.50,0.0125,true,1,23236
7290000042015,false,חלב תנובה טרי שקית,,,חלב תנובה טרי שקית,יחידה,0.00,יחידה,false,,5.43,0.0000,true,1,25717
7290000042404,false,יטבתה חלב מועשר שקית,,,יטבתה חלב מועשר שקית,ליטרים,1.00,ליטר,false,,5.90,5.9000,true,1,23238
7290000042435,false,חלב תנובה בקרטון 1%,,,חלב תנובה בקרטון 1%,ליטרים,1.00,ליטר,false,,5.86,5.8600,true,1,25723
7290000042640,false,חלב תנובה עמיד 3% מה,,,חלב תנובה עמיד 3% מה,מיליליטרים,250.00,"100 מ""ל",false,,2.90,0.0116,true,1,25728
7290000042855,false,יטבתה שוקו שקית 225,,,יטבתה שוקו שקית 225,מיליליטרים,225.00,"100 מ""ל",false,,2.90,0.0129,true,1,23240
7290000043012,false,שוק שוקו עמיד 2% בקר,,,שוק שוקו עמיד 2% בקר,מיליליטרים,250.00,"100 מ""ל",false,,4.90,0.0196,true,1,25730
7290000043111,false,חמאה תנובה רבנות 200,,,חמאה תנובה רבנות 200,גרמים,200.00,100 גרם,false,,7.88,0.0394,true,1,25731
7290000043814,false,שף לבן שמנת לקצפת עמ,,,שף לבן שמנת לקצפת עמ,מיליליטרים,250.00,"100 מ""ל",false,,6.47,0.0259,true,1,25733
7290000043890,false,ריויון 1.5% 1ל,,,ריויון 1.5% 1ל,ליטרים,1.00,ליטר,false,,10.90,10.9000,true,1,25734
7290000043944,false,יוגורט כדים תנובה 1.,,,יוגורט כדים תנובה 1.,ליטרים,1.50,ליטר,false,,15.90,10.6000,true,1,25735
7290000044712,false,פרילי תות 1.5% 500מל,,,פרילי תות 1.5% 500מל,מיליליטרים,500.00,"100 מ""ל",false,,10.90,0.0218,true,1,25739
7290000044880,false,באדי תות 3% 500מל,,,באדי תות 3% 500מל,מיליליטרים,500.00,"100 מ""ל",false,,8.90,0.0178,true,1,25741
7290000045580,false,נעמה גבינת מותכת 25%,,,נעמה גבינת מותכת 25%,גרמים,240.00,100 גרם,false,,17.90,0.0746,true,1,25744
7290000045771,false,יוגורט כדים תנובה 3,,,יוגורט כדים תנובה 3,ליטרים,3.00,ליטר,false,,29.90,9.9667,true,1,25745
7290000045917,false,תנובה גבינת פרומעז 2,,,תנובה גבינת פרומעז 2,גרמים,200.00,100 גרם,false,,24.90,0.1245,true,1,25746
7290000046020,false,גלבוע 22% במשקל,,,גלבוע 22% במשקל,קילוגרמים,1.00,"ק""ג",true,,42.58,42.5800,true,1,25625
7290000046327,false,גלבוע גבינה פרוסה 22,,,גלבוע גבינה פרוסה 22,גרמים,200.00,100 גרם,false,,12.60,0.0630,true,1,25747
7290000046549,false,מוצרלה חריץ תנובה במ,,,מוצרלה חריץ תנובה במ,קילוגרמים,1.00,"ק""ג",true,,75.00,75.0000,true,1,25630
7290000046563,false,גבע פרמזן תנובה במשק,,,גבע פרמזן תנובה במשק,קילוגרמים,1.00,"ק""ג",true,,109.00,109.0000,true,1,25632
7290000046662,false,סקנדינבית חריץ מעדני,,,סקנדינבית חריץ מעדני,קילוגרמים,1.00,"ק""ג",true,,76.00,76.0000,true,1,25633
7290000047027,false,קשקבל גלעד במשקל,,,קשקבל גלעד במשקל,קילוגרמים,1.00,"ק""ג",true,,120.00,120.0000,true,1,25634
7290000047034,false,רוקפור גליל במשקל,,,רוקפור גליל במשקל,קילוגרמים,1.00,"ק""ג",true,,120.00,120.0000,true,1,25635
7290000047485,false,בולגרית פיראוס 24% ב,,,בולגרית פיראוס 24% ב,קילוגרמים,1.00,"ק""ג",true,,55.90,55.9000,true,1,25637
7290000047546,false,שף לבן כנען 5% 500ג,,,שף לבן כנען 5% 500ג,גרמים,500.00,100 גרם,false,,23.90,0.0478,true,1,25748
7290000048185,false,גבינה לבנה רכה 5% תנ,,,גבינה לבנה רכה 5% תנ,גרמים,250.00,100 גרם,false,,4.98,0.0199,true,1,25751
7290000048207,false,פילה הרינג בסגנון מט,,,פילה הרינג בסגנון מט,קילוגרמים,1.00,"ק""ג",true,,70.00,70.0000,true,1,17622
7290000048306,false,מקרל מעושן שלם שמיר,,,מקרל מעושן שלם שמיר,קילוגרמים,1.00,"ק""ג",true,,98.00,98.0000,true,1,17628
7290000048413,false,פיראוס חמד 16% 250ג,,,פיראוס חמד 16% 250ג,גרמים,250.00,100 גרם,false,,17.90,0.0716,true,1,25754
7290000048437,false,פיראוס צפתית 5% 200,,,פיראוס צפתית 5% 200,גרמים,200.00,100 גרם,false,,13.90,0.0695,true,1,25755
7290000049458,false,פיראוס בולגרית עיזים,,,פיראוס בולגרית עיזים,גרמים,250.00,100 גרם,false,,27.90,0.1116,true,1,25758
7290000050447,false,יופלהYYY תות 3% 500מ,,,יופלהYYY תות 3% 500מ,מיליליטרים,500.00,"100 מ""ל",false,,12.95,0.0259,true,1,25762
7290000050454,false,יופלהYYY אפרסק 3% 50,,,יופלהYYY אפרסק 3% 50,מיליליטרים,500.00,"100 מ""ל",false,,12.95,0.0259,true,1,25763
7290000051307,false,חלב תנובה הפ.אוכל עו,,,חלב תנובה הפ.אוכל עו,מיליליטרים,150.00,"100 מ""ל",false,,9.50,0.0633,true,1,25768
7290000051376,false,יופלה דיאט אננס ספור,,,יופלה דיאט אננס ספור,מיליליטרים,150.00,"100 מ""ל",false,,4.90,0.0327,true,1,25770
7290000051710,false,פיראוס לאבנה עם שמן,,,פיראוס לאבנה עם שמן,גרמים,263.00,100 גרם,false,,13.90,0.0529,true,1,25772
7290000052311,false,עמק מהדרין 15% 200 ג,,,עמק מהדרין 15% 200 ג,גרמים,200.00,100 גרם,false,,15.80,0.0790,true,1,25777
7290000052649,false,פיראוס לאבנה 5% 500ג,,,פיראוס לאבנה 5% 500ג,גרמים,500.00,100 גרם,false,,19.90,0.0398,true,1,25779
7290000052946,false,יופלה בדץ מעודן 8*15,,,יופלה בדץ מעודן 8*15,ליטרים,1.20,ליטר,false,,19.90,16.5833,true,1,25782
7290000053219,false,טל העמק 32% במשקל,,,טל העמק 32% במשקל,קילוגרמים,1.00,"ק""ג",true,,58.00,58.0000,true,1,25640
7290000055015,false,פיראוס גבינת פטה כבש,,,פיראוס גבינת פטה כבש,גרמים,250.00,100 גרם,false,,26.90,0.1076,true,1,25791
7290000055329,false,יופלה משקה יוגורט תו,,,יופלה משקה יוגורט תו,מיליליטרים,250.00,"100 מ""ל",false,,5.50,0.0220,true,1,25793
7290000055336,false,יופלה משקה יוגורט בנ,,,יופלה משקה יוגורט בנ,מיליליטרים,250.00,"100 מ""ל",false,,5.50,0.0220,true,1,25794
7290000055343,false,יופלה משקה יוגורט טר,,,יופלה משקה יוגורט טר,מיליליטרים,250.00,"100 מ""ל",false,,5.50,0.0220,true,1,25795
7290000055350,false,עמק קלאסית 28% במשקל,,,עמק קלאסית 28% במשקל,קילוגרמים,1.00,"ק""ג",true,,44.79,44.7900,true,1,25642
7290000055893,false,חמאה מהדרין תנובה 20,,,חמאה מהדרין תנובה 20,גרמים,200.00,100 גרם,false,,7.88,0.0394,true,1,25801
7290000056000,false,קדמי כבש טרי,,,קדמי כבש טרי,קילוגרמים,1.00,"ק""ג",true,,109.90,109.9000,true,1,1732
7290000056081,false,"פרילי טבע 6*200 מ""ל",,,"פרילי טבע 6*200 מ""ל",קילוגרמים,1.20,"ק""ג",false,,21.90,18.2500,true,1,25803
7290000056784,false,פטה כבשים פיראוס 5%,,,פטה כבשים פיראוס 5%,קילוגרמים,1.00,"ק""ג",true,,109.00,109.0000,true,1,25645
7290000056845,false,חלב תנובה בקרטון 3%,,,חלב תנובה בקרטון 3%,ליטרים,1.50,ליטר,false,,9.34,6.2267,true,1,25809
7290000056883,false,יופלה טעמים משתנים 3,,,יופלה טעמים משתנים 3,קילוגרמים,1.20,"ק""ג",false,,29.90,24.9167,true,1,25810
7290000056890,false,יופלה דיאט טעמים שונ,,,יופלה דיאט טעמים שונ,קילוגרמים,1.20,"ק""ג",false,,29.90,24.9167,true,1,25811
7290000056906,false,יופלה לבן 1.5% 8*150,,,יופלה לבן 1.5% 8*150,ליטרים,1.20,ליטר,false,,17.50,14.5833,true,1,25812
7290000056951,false,שף לבן שמנת לבישול +,,,שף לבן שמנת לבישול +,מיליליטרים,500.00,"100 מ""ל",false,,15.90,0.0318,true,1,25814
7290000057088,false,עמק דק דק 28% 200גר,,,עמק דק דק 28% 200גר,גרמים,200.00,100 גרם,false,,15.90,0.0795,true,1,25817
7290000057118,false,עמק סמי 28% 400 גר,,,עמק סמי 28% 400 גר,גרמים,400.00,100 גרם,false,,20.90,0.0522,true,1,25818
7290000057132,false,תנובה יוגורט טבעי 1.,,,תנובה יוגורט טבעי 1.,מיליליטרים,200.00,"100 מ""ל",false,,3.50,0.0175,true,1,25819
7290000057149,false,תנובה יוגורט טבעי 3%,,,תנובה יוגורט טבעי 3%,גרמים,200.00,100 גרם,false,,3.50,0.0175,true,1,25820
7290000057453,false,עמק בדץ 28% במשקל,,,עמק בדץ 28% במשקל,קילוגרמים,1.00,"ק""ג",true,,42.70,42.7000,true,1,25646
7290000057552,false,יופלה דיאט ע.גבינה ו,,,יופלה דיאט ע.גבינה ו,מיליליטרים,150.00,"100 מ""ל",false,,4.90,0.0327,true,1,25823
7290000058006,false,אסדו על עצם עגל חלק,,,אסדו על עצם עגל חלק,קילוגרמים,1.00,"ק""ג",true,,69.90,69.9000,true,1,1742
7290000058022,false,אוסובוקו עגל חלק טרי,,,אוסובוקו עגל חלק טרי,קילוגרמים,1.00,"ק""ג",true,,69.90,69.9000,true,1,1755
7290000058030,false,יופלה שטוזים משקה יו,,,יופלה שטוזים משקה יו,מיליליטרים,800.00,"100 מ""ל",false,,20.90,0.0261,true,1,25825
7290000058047,false,שף לבן שמנת מתוקה מה,,,שף לבן שמנת מתוקה מה,מיליליטרים,500.00,"100 מ""ל",false,,12.94,0.0259,true,1,25826
7290000058979,false,"גיל בטעם תות בד""צ 3%",,,"גיל בטעם תות בד""צ 3%",גרמים,125.00,100 גרם,false,,1.50,0.0120,true,1,25832
7290000060088,false,בייגלה אסם מקלות מלו,,,בייגלה אסם מקלות מלו,גרמים,400.00,100 גרם,false,,9.90,0.0248,true,1,18419
7290000060163,false,אטריות דקות אסם 400,,,אטריות דקות אסם 400,גרמים,400.00,100 גרם,false,,6.90,0.0173,true,1,18422
7290000060200,false,פתיתים אפויים קוסקוס,,,פתיתים אפויים קוסקוס,גרמים,500.00,100 גרם,false,,6.90,0.0138,true,1,18423
7290000060217,false,פסטה מקרוני אסם 500,,,פסטה מקרוני אסם 500,גרמים,500.00,100 גרם,false,,5.90,0.0118,true,1,18424
7290000060248,false,פסטה תלתלים אסם 500,,,פסטה תלתלים אסם 500,גרמים,500.00,100 גרם,false,,5.90,0.0118,true,1,18425
7290000060316,false,פסטה ספגטי פרפקטו 50,,,פסטה ספגטי פרפקטו 50,גרמים,500.00,100 גרם,false,,6.90,0.0138,true,1,18427
7290000060408,false,פתיתים אפויים טבעות,,,פתיתים אפויים טבעות,גרמים,500.00,100 גרם,false,,6.90,0.0138,true,1,18431
7290000060415,false,לזאניה פרפקטו 500 ג,,,לזאניה פרפקטו 500 ג,גרמים,500.00,100 גרם,false,,12.90,0.0258,true,1,18432
7290000060781,false,פסטה מסולסלים אסם 50,,,פסטה מסולסלים אסם 50,גרמים,500.00,100 גרם,false,,5.90,0.0118,true,1,18439
7290000060828,false,פסטה קרניים בינוניות,,,פסטה קרניים בינוניות,גרמים,500.00,100 גרם,false,,5.90,0.0118,true,1,18440
7290000060842,false,פסטה צדפים גדולים אס,,,פסטה צדפים גדולים אס,גרמים,500.00,100 גרם,false,,5.90,0.0118,true,1,18441
7290000060880,false,ספגטי אסם 500 גרם,,,ספגטי אסם 500 גרם,גרמים,500.00,100 גרם,false,,5.90,0.0118,true,1,18444
7290000060903,false,פתיתים אפויים אורז א,,,פתיתים אפויים אורז א,גרמים,500.00,100 גרם,false,,6.90,0.0138,true,1,18445
7290000060958,false,אטריות בינוניות אסם,,,אטריות בינוניות אסם,גרמים,400.00,100 גרם,false,,6.90,0.0173,true,1,18447
7290000060965,false,אטריות רחבות אסם 400,,,אטריות רחבות אסם 400,גרמים,400.00,100 גרם,false,,6.90,0.0173,true,1,18448
7290000061025,false,בולגרית המושבה 5% במ,,,בולגרית המושבה 5% במ,קילוגרמים,1.00,"ק""ג",true,,50.00,50.0000,true,1,14798
7290000061061,false,אסם קרקר בצל 250גרם,,,אסם קרקר בצל 250גרם,גרמים,250.00,100 גרם,false,,9.90,0.0396,true,1,18450
7290000061108,false,רוטב טריאקי אסם 290,,,רוטב טריאקי אסם 290,מיליליטרים,290.00,"100 מ""ל",false,,9.90,0.0341,true,1,18452
7290000061214,false,פתיתים קוסקוס בצל אס,,,פתיתים קוסקוס בצל אס,גרמים,500.00,100 גרם,false,,6.90,0.0138,true,1,18453
7290000061245,false,אסם עוגיות שוקוצ'יפס,,,אסם עוגיות שוקוצ'יפס,גרמים,220.00,100 גרם,false,,9.90,0.0450,true,1,18454
7290000061278,false,גבינת שמנת טבעית המו,,,גבינת שמנת טבעית המו,קילוגרמים,1.00,"ק""ג",true,,42.00,42.0000,true,1,14803
7290000061285,false,טבורג המושבה 10% במש,,,טבורג המושבה 10% במש,קילוגרמים,1.00,"ק""ג",true,,37.00,37.0000,true,1,14804
7290000061315,false,לאבנה טבעי המושבה 5%,,,לאבנה טבעי המושבה 5%,קילוגרמים,1.00,"ק""ג",true,,40.00,40.0000,true,1,14805
7290000061360,false,צפתית קצח המושבה 5%,,,צפתית קצח המושבה 5%,קילוגרמים,1.00,"ק""ג",true,,54.00,54.0000,true,1,14806
7290000061407,false,כדורי מוצרלה במים המ,,,כדורי מוצרלה במים המ,קילוגרמים,1.00,"ק""ג",true,,85.00,85.0000,true,1,14809
7290000061450,false,פתיתים קוסקוס 3 צבעי,,,פתיתים קוסקוס 3 צבעי,גרמים,500.00,100 גרם,false,,6.90,0.0138,true,1,18456
7290000061764,false,נס קפה רד מאג טעם חד,,,נס קפה רד מאג טעם חד,גרמים,200.00,100 גרם,false,,19.90,0.0995,true,1,18457
7290000062952,false,מיני קרוטונים למרק ו,,,מיני קרוטונים למרק ו,גרמים,250.00,100 גרם,false,,13.90,0.0556,true,1,18463
7290000063102,false,קמח תופח קטן אסם 350,,,קמח תופח קטן אסם 350,גרמים,350.00,100 גרם,false,,4.90,0.0140,true,1,18466
7290000063133,false,שקדי מרק רכיבים טבעי,,,שקדי מרק רכיבים טבעי,גרמים,100.00,100 גרם,false,,5.90,0.0590,true,1,18467
7290000063140,false,שקדי מרק רכיבים טבעי,,,שקדי מרק רכיבים טבעי,גרמים,400.00,100 גרם,false,,10.90,0.0273,true,1,18468
7290000063157,false,קמח עוגה תופח מאליו,,,קמח עוגה תופח מאליו,קילוגרמים,1.00,"ק""ג",false,,7.90,7.9000,true,1,18469
7290000064758,false,קוסקוס אמיתי אסם 350,,,קוסקוס אמיתי אסם 350,גרמים,350.00,100 גרם,false,,7.90,0.0226,true,1,18479
7290000064871,false,"מנה חמה פירה תפו""א ו",,,"מנה חמה פירה תפו""א ו",גרמים,56.00,100 גרם,false,,5.90,0.1054,true,1,18480
7290000065090,false,מיני קרוטונים למרק ו,,,מיני קרוטונים למרק ו,גרמים,400.00,100 גרם,false,,20.90,0.0522,true,1,18481
7290000065335,false,מנה חמה פירה וירקות,,,מנה חמה פירה וירקות,גרמים,55.00,100 גרם,false,,5.90,0.1073,true,1,18483
7290000065557,false,מנה חמה קוסקוס וירקו,,,מנה חמה קוסקוס וירקו,גרמים,84.00,100 גרם,false,,5.90,0.0702,true,1,18485
7290000065977,false,חטיפי פריכונים תירס,,,חטיפי פריכונים תירס,גרמים,80.00,100 גרם,false,,7.90,0.0988,true,1,18491
7290000066134,false,ביסלי פלאפל 70גרם,,,ביסלי פלאפל 70גרם,גרמים,70.00,100 גרם,false,,3.90,0.0557,true,1,18492
7290000066141,false,ביסלי גריל 70 גר'.,,,ביסלי גריל 70 גר'.,גרמים,70.00,100 גרם,false,,3.90,0.0557,true,1,18493
7290000066189,false,ביסלי גדול פלאפל 200,,,ביסלי גדול פלאפל 200,גרמים,200.00,100 גרם,false,,6.90,0.0345,true,1,18497
7290000066196,false,ביסלי גריל 200גרם,,,ביסלי גריל 200גרם,גרמים,200.00,100 גרם,false,,6.90,0.0345,true,1,18498
7290000066226,false,ביסלי טעם פיצה 200גר,,,ביסלי טעם פיצה 200גר,גרמים,200.00,100 גרם,false,,6.90,0.0345,true,1,18501
7290000066264,false,דובונים 40גרם,,,דובונים 40גרם,גרמים,40.00,100 גרם,false,,4.50,0.1125,true,1,18502
7290000066295,false,במבה מתוקה מחומרים ט,,,במבה מתוקה מחומרים ט,גרמים,30.00,100 גרם,false,,2.90,0.0967,true,1,18503
7290000066318,false,במבה קלאסי 80 גרם,,,במבה קלאסי 80 גרם,גרמים,80.00,100 גרם,false,,4.50,0.0563,true,1,18505
7290000066332,false,אפרופו 50 גרם,,,אפרופו 50 גרם,גרמים,50.00,100 גרם,false,,5.00,0.1000,true,1,18506
7290000066349,false,אפרופו 100גרם,,,אפרופו 100גרם,גרמים,100.00,100 גרם,false,,8.90,0.0890,true,1,18507
7290000066431,false,פופקו חמאה ודבש 80גר,,,פופקו חמאה ודבש 80גר,גרמים,80.00,100 גרם,false,,4.90,0.0613,true,1,18508
7290000067407,false,פירורית מתובל שקית 2,,,פירורית מתובל שקית 2,גרמים,200.00,100 גרם,false,,6.50,0.0325,true,1,18515
7290000067544,false,אסם פירורית פירורי ל,,,אסם פירורית פירורי ל,גרמים,200.00,100 גרם,false,,6.50,0.0325,true,1,18517
7290000067599,false,מנה חמה ספגטי בולונז,,,מנה חמה ספגטי בולונז,גרמים,65.00,100 גרם,false,,5.90,0.0908,true,1,18521
7290000068138,false,אסם פודינג אינסטנט ו,,,אסם פודינג אינסטנט ו,גרמים,80.00,100 גרם,false,,5.50,0.0688,true,1,18527
7290000068190,false,אסם ג'לי תות שדה צבע,,,אסם ג'לי תות שדה צבע,גרמים,90.00,100 גרם,false,,5.90,0.0656,true,1,18531
7290000068282,false,מנה חמה פירה וירקות,,,מנה חמה פירה וירקות,גרמים,47.00,100 גרם,false,,5.90,0.1255,true,1,18535
7290000068299,false,"מנה חמה פירה תפ"" ופט",,,"מנה חמה פירה תפ"" ופט",גרמים,47.00,100 גרם,false,,5.90,0.1255,true,1,18536
7290000068343,false,פריכונים מאורז מלא א,,,פריכונים מאורז מלא א,גרמים,140.00,100 גרם,false,,6.90,0.0493,true,1,18537
7290000068701,false,שקדי מרק במיכל אסם 4,,,שקדי מרק במיכל אסם 4,גרמים,400.00,100 גרם,false,,15.90,0.0398,true,1,18538
7290000068770,false,במבה יום הולדת 80גרם,,,במבה יום הולדת 80גרם,גרמים,80.00,100 גרם,false,,4.50,0.0563,true,1,18539
7290000069258,false,פנה ריגאטה פרפקטו 50,,,פנה ריגאטה פרפקטו 50,גרמים,500.00,100 גרם,false,,6.90,0.0138,true,1,18544
7290000069364,false,פריכונים מאורז מלא ל,,,פריכונים מאורז מלא ל,גרמים,140.00,100 גרם,false,,6.90,0.0493,true,1,18545
7290000069609,false,אסם חטיפי קרקר זעתר,,,אסם חטיפי קרקר זעתר,גרמים,300.00,100 גרם,false,,10.90,0.0363,true,1,18548
7290000070308,false,מרק עוף אמיתי אסם 40,,,מרק עוף אמיתי אסם 40,גרמים,400.00,100 גרם,false,,16.90,0.0422,true,1,18555
7290000070322,false,אבקת מרק פטריות רכיב,,,אבקת מרק פטריות רכיב,גרמים,400.00,100 גרם,false,,19.90,0.0497,true,1,18556
7290000070353,false,אבקת מרק בצל רכיבים,,,אבקת מרק בצל רכיבים,גרמים,400.00,100 גרם,false,,19.90,0.0497,true,1,18557
7290000070919,false,בייגלה אסם רשתות מלח,,,בייגלה אסם רשתות מלח,גרמים,400.00,100 גרם,false,,11.90,0.0298,true,1,18565
7290000071008,false,בייגלה אסם שטוחים מל,,,בייגלה אסם שטוחים מל,גרמים,60.00,100 גרם,false,,3.50,0.0583,true,1,18566
7290000072067,false,במבה במילוי קרם חלבה,,,במבה במילוי קרם חלבה,גרמים,60.00,100 גרם,false,,4.50,0.0750,true,1,18567
7290000072241,false,אסם רוטב פיצה 290מל,,,אסם רוטב פיצה 290מל,מיליליטרים,290.00,"100 מ""ל",false,,9.90,0.0341,true,1,18571
7290000072623,false,אסם קטשופ בקבוק לחיץ,,,אסם קטשופ בקבוק לחיץ,גרמים,750.00,100 גרם,false,,10.90,0.0145,true,1,18573
7290000072630,false,אסם קטשופ חריף 750 ג,,,אסם קטשופ חריף 750 ג,גרמים,750.00,100 גרם,false,,11.90,0.0159,true,1,18574
7290000072753,false,נס קפה טייסטרס צ'ויס,,,נס קפה טייסטרס צ'ויס,גרמים,200.00,100 גרם,false,,29.90,0.1495,true,1,18576
7290000072777,false,טייסטרס צוייס נטול ק,,,טייסטרס צוייס נטול ק,גרמים,200.00,100 גרם,false,,36.90,0.1845,true,1,18578
7290000072968,false,סיני מיניס דגני נסטל,,,סיני מיניס דגני נסטל,יחידה,500.00,יחידה,false,,24.90,0.0498,true,1,18584
7290000073125,false,מנה חמה פסטה עם עגבנ,,,מנה חמה פסטה עם עגבנ,גרמים,62.00,100 גרם,false,,5.90,0.0952,true,1,18585
7290000073415,false,מנה חמה פסטה ברוטב פ,,,מנה חמה פסטה ברוטב פ,גרמים,61.00,100 גרם,false,,5.90,0.0967,true,1,18586
7290000073699,false,צבר חומוס חלק 150ג,,,צבר חומוס חלק 150ג,גרמים,150.00,100 גרם,false,,5.50,0.0367,true,1,19641
7290000073750,false,מנה חמה נודלס בטעם ע,,,מנה חמה נודלס בטעם ע,גרמים,70.00,100 גרם,false,,5.90,0.0843,true,1,18588
7290000073767,false,מנה חמה נודלס בטעם ב,,,מנה חמה נודלס בטעם ב,גרמים,70.00,100 גרם,false,,5.90,0.0843,true,1,18589
7290000073774,false,מנה חמה נודלס בטעם פ,,,מנה חמה נודלס בטעם פ,גרמים,70.00,100 גרם,false,,5.90,0.0843,true,1,18590
7290000074153,false,אסם פתי בר שוקו 500ג,,,אסם פתי בר שוקו 500ג,גרמים,500.00,100 גרם,false,,13.90,0.0278,true,1,18594
7290000074184,false,אסם פתי בר 500גרם.,,,אסם פתי בר 500גרם.,גרמים,500.00,100 גרם,false,,10.90,0.0218,true,1,18596
7290000074245,false,אסם קרם קרקר 250גרם,,,אסם קרם קרקר 250גרם,גרמים,250.00,100 גרם,false,,8.90,0.0356,true,1,18597
7290000074276,false,טבעון קרקר פיקנטי 25,,,טבעון קרקר פיקנטי 25,גרמים,250.00,100 גרם,false,,9.90,0.0396,true,1,18599
7290000074375,false,אסם קרקר זהב 150גרם,,,אסם קרקר זהב 150גרם,גרמים,150.00,100 גרם,false,,7.50,0.0500,true,1,18602
7290000074481,false,לחמית אגוזים 160גרם,,,לחמית אגוזים 160גרם,גרמים,160.00,100 גרם,false,,9.90,0.0619,true,1,18604
7290000074764,false,קרקר זהב אסם 900 גרם,,,קרקר זהב אסם 900 גרם,גרמים,900.00,100 גרם,false,,22.90,0.0254,true,1,18610
7290000075204,false,לחמית חיטה מלאה 250ג,,,לחמית חיטה מלאה 250ג,גרמים,250.00,100 גרם,false,,8.90,0.0356,true,1,18614
7290000075693,false,עוגת שמרים בריוש שוק,,,עוגת שמרים בריוש שוק,גרמים,360.00,100 גרם,false,,15.90,0.0442,true,1,18615
7290000076126,false,אסם בייגלה שמיניות ק,,,אסם בייגלה שמיניות ק,גרמים,80.00,100 גרם,false,,3.50,0.0438,true,1,18616
7290000076133,false,בייגלה אסם שמיניות ק,,,בייגלה אסם שמיניות ק,גרמים,400.00,100 גרם,false,,9.90,0.0248,true,1,18617
7290000077017,false,אסם קרמוגית במילוי ש,,,אסם קרמוגית במילוי ש,גרמים,200.00,100 גרם,false,,10.90,0.0545,true,1,18621
7290000077253,false,לחמית כפרית 190גרם,,,לחמית כפרית 190גרם,גרמים,190.00,100 גרם,false,,9.90,0.0521,true,1,18622
7290000078212,false,קרוטונים מתובלים אסם,,,קרוטונים מתובלים אסם,גרמים,250.00,100 גרם,false,,13.90,0.0556,true,1,18625
7290000078762,false,חטיפי פריכונים אורז,,,חטיפי פריכונים אורז,גרמים,80.00,100 גרם,false,,7.90,0.0988,true,1,18627
7290000079233,false,אסם קרם קרקר דל נתרן,,,אסם קרם קרקר דל נתרן,גרמים,250.00,100 גרם,false,,9.90,0.0396,true,1,18628
7290000079290,false,גבינה צהובה נעם טרה,,,גבינה צהובה נעם טרה,קילוגרמים,1.00,"ק""ג",true,,64.00,64.0000,true,1,6285
7290000079344,false,גבינת מוצרלה נעם 22%,,,גבינת מוצרלה נעם 22%,קילוגרמים,1.00,"ק""ג",true,,80.00,80.0000,true,1,6288
7290000079412,false,אמנטל נעם מהדרין במש,,,אמנטל נעם מהדרין במש,קילוגרמים,1.00,"ק""ג",true,,58.00,58.0000,true,1,6289
7290000080758,false,טוסטעים פת קלוי אסם,,,טוסטעים פת קלוי אסם,גרמים,100.00,100 גרם,false,,9.90,0.0990,true,1,18630
7290000080765,false,טוסטעים פת קלויה עם,,,טוסטעים פת קלויה עם,גרמים,100.00,100 גרם,false,,9.90,0.0990,true,1,18631
7290000081663,false,בייגלה אסם טבעות שומ,,,בייגלה אסם טבעות שומ,גרמים,300.00,100 גרם,false,,9.90,0.0330,true,1,18633
7290000085180,false,גטניו - פתיבר וניל 4,,,גטניו - פתיבר וניל 4,גרמים,470.00,100 גרם,false,,9.90,0.0211,true,1,41229
7290000089045,false,הולנדי במשקל,,,הולנדי במשקל,קילוגרמים,1.00,"ק""ג",true,,41.90,41.9000,true,1,18246
7290000089199,false,חריפה במשקל,,,חריפה במשקל,קילוגרמים,1.00,"ק""ג",true,,41.90,41.9000,true,1,18248
7290000089274,false,נקניק מעושן מעדנייה,,,נקניק מעושן מעדנייה,קילוגרמים,1.00,"ק""ג",true,,41.90,41.9000,true,1,18250
7290000089388,false,מעדן הרינג בסגנון מט,,,מעדן הרינג בסגנון מט,קילוגרמים,1.00,"ק""ג",true,,70.00,70.0000,true,1,17642
7290000089395,false,הרינג כבוש עם בצל,,,הרינג כבוש עם בצל,קילוגרמים,1.00,"ק""ג",true,,70.00,70.0000,true,1,17643
7290000095408,false,נעם 28% חריץ מעדניה,,,נעם 28% חריץ מעדניה,קילוגרמים,1.00,"ק""ג",true,,44.79,44.7900,true,1,6293
7290000095422,false,גבינת נועם 22% חריץ,,,גבינת נועם 22% חריץ,קילוגרמים,1.00,"ק""ג",true,,42.58,42.5800,true,1,6295
7290000100018,false,גביניות,,,גביניות,קילוגרמים,1.00,"ק""ג",true,,42.00,42.0000,true,1,2494
7290000100128,false,סדרת פירות קפואים-תו,,,סדרת פירות קפואים-תו,גרמים,300.00,100 גרם,false,,12.90,0.0430,true,1,25437
7290000100135,false,סדרת פירות קפואים-דו,,,סדרת פירות קפואים-דו,גרמים,300.00,100 גרם,false,,12.90,0.0430,true,1,25438
7290000100156,false,נילס קוקיס חלבי,,,נילס קוקיס חלבי,קילוגרמים,1.00,"ק""ג",true,,52.00,52.0000,true,1,2498
7290000100160,false,נילס קוקיס שוקו,,,נילס קוקיס שוקו,קילוגרמים,1.00,"ק""ג",true,,52.00,52.0000,true,1,2501
7290000100593,false,פרוסות אנטיפסטי לתנו,,,פרוסות אנטיפסטי לתנו,גרמים,600.00,100 גרם,false,,19.90,0.0332,true,1,25453
7290000100609,false,קוביות אנטיפסטי להקפ,,,קוביות אנטיפסטי להקפ,גרמים,600.00,100 גרם,false,,19.90,0.0332,true,1,25454
7290000100615,false,5 יח' חליות לחמניו,,,5 יח' חליות לחמניו,יח',1.00,יח',false,,11.90,11.9000,true,1,2507
7290000101132,false,לקט קטניות לחמין 800,,,לקט קטניות לחמין 800,גרמים,800.00,100 גרם,false,,17.90,0.0224,true,1,25459
7290000101927,false,אוכמניות כחולות מוקפ,,,אוכמניות כחולות מוקפ,גרמים,300.00,100 גרם,false,,12.90,0.0430,true,1,25461
7290000101934,false,מיקס פירות יער 300 ג,,,מיקס פירות יער 300 ג,גרמים,300.00,100 גרם,false,,12.90,0.0430,true,1,25462
7290000103123,false,5 יח' גבטה/ג'בטה כפ,,,5 יח' גבטה/ג'בטה כפ,יח',1.00,יח',false,,21.90,21.9000,true,1,52325
7290000103365,false,סנפרוסט מרק ירקות 50,,,סנפרוסט מרק ירקות 50,גרמים,500.00,100 גרם,false,,16.90,0.0338,true,1,25468
7290000103433,false,לקט ירקות לתנור 800,,,לקט ירקות לתנור 800,גרמים,800.00,100 גרם,false,,21.90,0.0274,true,1,25473
7290000103457,false,מיני כרובית 600 גרם,,,מיני כרובית 600 גרם,גרמים,600.00,100 גרם,false,,15.90,0.0265,true,1,25475
7290000103471,false,סנפרוסט מיני ברוקולי,,,סנפרוסט מיני ברוקולי,גרמים,600.00,100 גרם,false,,15.90,0.0265,true,1,25476
7290000103839,false,סנפרוסט מרק כתום קפו,,,סנפרוסט מרק כתום קפו,גרמים,572.00,100 גרם,false,,16.90,0.0295,true,1,25498
7290000103846,false,סנפרוסט מרק אפונה קפ,,,סנפרוסט מרק אפונה קפ,גרמים,570.00,100 גרם,false,,17.20,0.0302,true,1,25499
7290000103860,false,סנפרוסט מרק עדשים קפ,,,סנפרוסט מרק עדשים קפ,גרמים,572.00,100 גרם,false,,17.50,0.0306,true,1,25500
7290000103877,false,סנפרוסט מרק שעועית ק,,,סנפרוסט מרק שעועית ק,גרמים,644.00,100 גרם,false,,17.50,0.0272,true,1,25501
7290000104188,false,סנפרוסט שעועית אדומה,,,סנפרוסט שעועית אדומה,גרמים,800.00,100 גרם,false,,15.90,0.0199,true,1,25505
7290000104201,false,אפונה עדינה סנפרוסט,,,אפונה עדינה סנפרוסט,גרמים,600.00,100 גרם,false,,16.90,0.0282,true,1,25506
7290000104218,false,סנפרוסט במיה 600גר,,,סנפרוסט במיה 600גר,גרמים,600.00,100 גרם,false,,15.90,0.0265,true,1,25507
7290000104676,false,אפונת גינה סנפרוסט 8,,,אפונת גינה סנפרוסט 8,גרמים,800.00,100 גרם,false,,14.90,0.0186,true,1,25510
7290000104683,false,שעועית שלמה סנפרוסט,,,שעועית שלמה סנפרוסט,גרמים,800.00,100 גרם,false,,19.90,0.0249,true,1,25511
7290000104690,false,תירס גרעינים 800גר,,,תירס גרעינים 800גר,גרמים,800.00,100 גרם,false,,16.90,0.0211,true,1,25512
7290000104706,false,גזר גמדי 800 גרם,,,גזר גמדי 800 גרם,גרמים,800.00,100 גרם,false,,14.90,0.0186,true,1,25513
7290000104713,false,פול ירוק 800גר,,,פול ירוק 800גר,גרמים,800.00,100 גרם,false,,20.90,0.0261,true,1,25514
7290000104720,false,שעועית ירוקה חתוכה ס,,,שעועית ירוקה חתוכה ס,גרמים,800.00,100 גרם,false,,16.90,0.0211,true,1,25515
7290000104737,false,שעועית צהובה חתוכה ס,,,שעועית צהובה חתוכה ס,גרמים,800.00,100 גרם,false,,16.90,0.0211,true,1,25516
7290000104744,false,כרובית 800גר,,,כרובית 800גר,גרמים,800.00,100 גרם,false,,23.90,0.0299,true,1,25517
7290000104751,false,כרוב ניצנים 800גר,,,כרוב ניצנים 800גר,גרמים,800.00,100 גרם,false,,19.90,0.0249,true,1,25518
7290000104775,false,תרד מדליונים 800גר,,,תרד מדליונים 800גר,גרמים,800.00,100 גרם,false,,21.90,0.0274,true,1,25520
7290000104799,false,שעועית לבנה מבושלת 8,,,שעועית לבנה מבושלת 8,גרמים,800.00,100 גרם,false,,14.90,0.0186,true,1,25521
7290000104805,false,גרגירי חומוס קפוא 80,,,גרגירי חומוס קפוא 80,גרמים,800.00,100 גרם,false,,14.90,0.0186,true,1,25522
7290000104829,false,"קלחוני תירס 1 ק""ג",,,"קלחוני תירס 1 ק""ג",קילוגרמים,1.00,"ק""ג",false,,19.90,19.9000,true,1,25523
7290000104836,false,שעועית עדינה שלמה סנ,,,שעועית עדינה שלמה סנ,גרמים,600.00,100 גרם,false,,21.90,0.0365,true,1,25524
7290000104874,false,לקט קוסקוס 800גר,,,לקט קוסקוס 800גר,גרמים,800.00,100 גרם,false,,21.90,0.0274,true,1,25526
7290000104911,false,לקט נורמנדי 800גר,,,לקט נורמנדי 800גר,גרמים,800.00,100 גרם,false,,17.90,0.0224,true,1,25529
7290000105145,false,צלעות מחפוד קפוא מס`,,,צלעות מחפוד קפוא מס`,קילוגרמים,1.00,"ק""ג",true,,49.90,49.9000,true,1,46838
7290000105183,false,צלי כתף מס' 5 חלק,,,צלי כתף מס' 5 חלק,קילוגרמים,1.00,"ק""ג",true,,99.90,99.9000,true,1,46841
7290000105190,false,פילה מדומה מחפוד קפו,,,פילה מדומה מחפוד קפו,קילוגרמים,1.00,"ק""ג",true,,63.90,63.9000,true,1,46842
7290000105220,false,שריר בשר מס' 8 מחפוד,,,שריר בשר מס' 8 מחפוד,קילוגרמים,1.00,"ק""ג",true,,63.90,63.9000,true,1,46845
7290000105442,false,בשר ראש קפוא מחפוד ב,,,בשר ראש קפוא מחפוד ב,קילוגרמים,1.00,"ק""ג",true,,111.90,111.9000,true,1,46852
7290000105466,false,לשון בקר קפוא מחפוד,,,לשון בקר קפוא מחפוד,קילוגרמים,1.00,"ק""ג",true,,64.90,64.9000,true,1,46853
7290000106526,false,סנפרוסט חגיגה ירוקה,,,סנפרוסט חגיגה ירוקה,גרמים,800.00,100 גרם,false,,19.90,0.0249,true,1,25534
7290000107295,false,תפרחות ברוקולי 800ג,,,תפרחות ברוקולי 800ג,גרמים,800.00,100 גרם,false,,24.90,0.0311,true,1,25538
7290000107615,false,סנפרוסט מנה אסייתי צ,,,סנפרוסט מנה אסייתי צ,גרמים,800.00,100 גרם,false,,19.90,0.0249,true,1,25540
7290000111063,false,מיונז אמיתי 250 ג צנ,,,מיונז אמיתי 250 ג צנ,גרמים,250.00,100 גרם,false,,6.90,0.0276,true,1,10092
7290000111117,false,בדין מרכך כביסה לבן,,,בדין מרכך כביסה לבן,ליטרים,4.00,ליטר,false,,19.90,4.9750,true,1,10093
7290000111186,false,מיונז אמיתי תלמה 500,,,מיונז אמיתי תלמה 500,גרמים,500.00,100 גרם,false,,9.90,0.0198,true,1,10095
7290000111353,false,מיונז 1 קג,,,מיונז 1 קג,קילוגרמים,1.00,"ק""ג",false,,16.90,16.9000,true,1,10097
7290000111384,false,חרדל אמיתי תלמה 550,,,חרדל אמיתי תלמה 550,גרמים,550.00,100 גרם,false,,8.40,0.0153,true,1,10099
7290000112220,false,בארכה טחינה 100% שומ,,,בארכה טחינה 100% שומ,גרמים,500.00,100 גרם,false,,13.90,0.0278,true,1,18634
7290000112237,false,בארכה טחינה 100% שומ,,,בארכה טחינה 100% שומ,קילוגרמים,1.00,"ק""ג",false,,22.90,22.9000,true,1,18635
7290000112497,false,מרק עשיר עוף עם אטרי,,,מרק עשיר עוף עם אטרי,גרמים,68.00,100 גרם,false,,9.90,0.1456,true,1,10101
7290000114187,false,סיף פנטסטיק אורנים 4,,,סיף פנטסטיק אורנים 4,ליטרים,4.00,ליטר,false,,19.90,4.9750,true,1,10110
7290000116204,false,מרק דגש עוף קנור 1 ק,,,מרק דגש עוף קנור 1 ק,קילוגרמים,1.00,"ק""ג",false,,13.90,13.9000,true,1,10116
7290000116884,false,רוטב ברביקיו קנור 20,,,רוטב ברביקיו קנור 20,מיליליטרים,200.00,"100 מ""ל",false,,10.50,0.0525,true,1,10117
7290000117720,false,מרק נמס בכוס פטריות,,,מרק נמס בכוס פטריות,גרמים,43.00,100 גרם,false,,6.90,0.1605,true,1,10125
7290000120874,false,מיונז הלמנס לייט 424,,,מיונז הלמנס לייט 424,גרמים,424.00,100 גרם,false,,10.90,0.0257,true,1,10137
7290000121017,false,מון בלאן שומרון 7% 1,,,מון בלאן שומרון 7% 1,גרמים,120.00,100 גרם,false,,11.90,0.0992,true,1,16782
7290000121079,false,מון בלאן שמיר 7% 120,,,מון בלאן שמיר 7% 120,גרמים,120.00,100 גרם,false,,11.90,0.0992,true,1,16785
7290000121093,false,מון בלאן שויצרית 7%,,,מון בלאן שויצרית 7%,גרמים,120.00,100 גרם,false,,11.90,0.0992,true,1,16786
7290000121154,false,מון בלאן סלמון 7% 12,,,מון בלאן סלמון 7% 12,גרמים,120.00,100 גרם,false,,10.90,0.0908,true,1,16789
7290000121239,false,מיוקל 5% מופחת שומן,,,מיוקל 5% מופחת שומן,גרמים,500.00,100 גרם,false,,12.90,0.0258,true,1,10138
7290000122607,false,עמק לייט 9% חריץ כשר,,,עמק לייט 9% חריץ כשר,קילוגרמים,1.00,"ק""ג",true,,70.00,70.0000,true,1,25653
7290000128401,false,פטה כבש 24% פיראוס,,,פטה כבש 24% פיראוס,קילוגרמים,1.00,"ק""ג",true,,109.00,109.0000,true,1,25654
7290000129457,false,רוטב פטריות 28גר,,,רוטב פטריות 28גר,גרמים,28.00,100 גרם,false,,3.90,0.1393,true,1,10163
7290000133087,false,בולג.צאן סופיה 20% ש,,,בולג.צאן סופיה 20% ש,קילוגרמים,1.00,"ק""ג",true,,68.00,68.0000,true,1,14751
7290000133094,false,בריזנה צאן מחלבת שומ,,,בריזנה צאן מחלבת שומ,קילוגרמים,1.00,"ק""ג",true,,75.00,75.0000,true,1,14752
7290000133117,false,בולגרית מעודנת השומר,,,בולגרית מעודנת השומר,קילוגרמים,1.00,"ק""ג",true,,39.90,39.9000,true,1,14753
7290000133193,false,בולג.קלאסית שומרון,,,בולג.קלאסית שומרון,קילוגרמים,1.00,"ק""ג",true,,55.00,55.0000,true,1,14756
7290000134314,false,תערובת תיבול לפיצה ט,,,תערובת תיבול לפיצה ט,גרמים,120.00,100 גרם,false,,9.00,0.0750,true,1,42381
7290000134352,false,טעם וריח קימנון טחון,,,טעם וריח קימנון טחון,גרמים,80.00,100 גרם,false,,9.00,0.1125,true,1,42383
7290000134833,false,טעם וריח ת.כמון במיכ,,,טעם וריח ת.כמון במיכ,גרמים,100.00,100 גרם,false,,9.00,0.0900,true,1,42395
7290000134871,false,טעם וריח ת. פלפל שחו,,,טעם וריח ת. פלפל שחו,גרמים,100.00,100 גרם,false,,13.90,0.1390,true,1,42399
7290000134970,false,תבלין חוואייג טעם ור,,,תבלין חוואייג טעם ור,גרמים,100.00,100 גרם,false,,9.00,0.0900,true,1,42400
7290000134987,false,טעם וריח פלפל שחור ג,,,טעם וריח פלפל שחור ג,גרמים,90.00,100 גרם,false,,13.90,0.1544,true,1,42401
7290000135045,false,אקס אל TEN פחית תפוח,,,אקס אל TEN פחית תפוח,מיליליטרים,250.00,"100 מ""ל",false,,4.50,0.0180,true,1,9352
7290000135052,false,אקס אל TEN פחית מנגו,,,אקס אל TEN פחית מנגו,מיליליטרים,250.00,"100 מ""ל",false,,4.50,0.0180,true,1,9353
7290000135113,false,פחית XL TEN נענע ליי,,,פחית XL TEN נענע ליי,מיליליטרים,250.00,"100 מ""ל",false,,4.50,0.0180,true,1,9354
7290000135342,false,"סודה טמפו 500 מ""ל בק",,,"סודה טמפו 500 מ""ל בק",מיליליטרים,500.00,"100 מ""ל",false,,3.90,0.0078,true,1,180886
7290000135465,false,מארז תריסר סודה טמפו,,,מארז תריסר סודה טמפו,ליטרים,6.00,100 ליטר,false,,30.90,5.1500,true,1,176327
7290000135595,false,פפסי מקס בטעם דובדבן,,,פפסי מקס בטעם דובדבן,ליטרים,1.50,ליטר,false,,7.90,5.2667,true,1,151253
7290000135625,false,גולדסטאר פחיות 4*500,,,גולדסטאר פחיות 4*500,ליטרים,2.00,ליטר,false,,27.90,13.9500,true,1,175751
7290000135632,false,גולדסטאר לא מסונן פח,,,גולדסטאר לא מסונן פח,ליטרים,2.00,ליטר,false,,33.90,16.9500,true,1,175765
7290000136165,false,מירינדה 1.5 ליטר,,,מירינדה 1.5 ליטר,ליטרים,1.50,ליטר,false,,7.90,5.2667,true,1,244721
7290000136172,false,סבן אפ 1.5 ליטר,,,סבן אפ 1.5 ליטר,ליטרים,1.50,ליטר,false,,7.90,5.2667,true,1,244737
7290000136240,false,טמפו סודה 1.5 ליטר,,,טמפו סודה 1.5 ליטר,ליטרים,1.50,ליטר,false,,2.90,1.9333,true,1,244106
7290000136264,false,טמפו מי טוניק 1.5 ל,,,טמפו מי טוניק 1.5 ל,ליטרים,1.50,ליטר,false,,11.00,7.3333,true,1,243934
7290000136455,false,ג`אמפ אשכול 1.5 ליטר,,,ג`אמפ אשכול 1.5 ליטר,ליטרים,1.50,ליטר,false,,7.90,5.2667,true,1,244033
7290000136516,false,ג`אמפ פסיפלורה 1.5 ל,,,ג`אמפ פסיפלורה 1.5 ל,ליטרים,1.50,ליטר,false,,7.90,5.2667,true,1,244004
7290000136523,false,ג`אמפ ענבים 1.5 ליטר,,,ג`אמפ ענבים 1.5 ליטר,ליטרים,1.50,ליטר,false,,7.90,5.2667,true,1,244034
7290000136561,false,ג`אמפ תות בננה 1.5 ל,,,ג`אמפ תות בננה 1.5 ל,ליטרים,1.50,ליטר,false,,7.90,5.2667,true,1,244035
7290000136585,false,ג`אמפ תפוז 1.5 ליטר,,,ג`אמפ תפוז 1.5 ליטר,ליטרים,1.50,ליטר,false,,7.90,5.2667,true,1,244019
7290000136646,false,נשר מאלט 1.5 ליטר,,,נשר מאלט 1.5 ליטר,ליטרים,1.50,ליטר,false,,8.90,5.9333,true,1,243797
7290000136653,false,נשר מאלט דיאט 1.5 לי,,,נשר מאלט דיאט 1.5 לי,ליטרים,1.50,ליטר,false,,8.90,5.9333,true,1,243812
7290000136660,false,טמפו סודה 1.5 ליטר,,,טמפו סודה 1.5 ליטר,ליטרים,1.50,ליטר,false,,2.90,1.9333,true,1,244582
7290000136677,false,פפסי קולה 1.5 ליטר,,,פפסי קולה 1.5 ליטר,ליטרים,1.50,ליטר,false,,7.90,5.2667,true,1,244806
7290000136684,false,פפסי מקס 1.5 ליטר,,,פפסי מקס 1.5 ליטר,ליטרים,1.50,ליטר,false,,7.90,5.2667,true,1,244848
7290000136752,false,סבן אפ דיאט 6*1.5 לי,,,סבן אפ דיאט 6*1.5 לי,ליטרים,9.00,ליטר,false,,37.90,4.2111,true,1,244691
7290000136769,false,פפסי קולה 6*1.5 ליטר,,,פפסי קולה 6*1.5 ליטר,ליטרים,9.00,ליטר,false,,38.90,4.3222,true,1,244791
7290000136776,false,פפסי מקס 6*1.5 ליטר,,,פפסי מקס 6*1.5 ליטר,ליטרים,9.00,ליטר,false,,37.90,4.2111,true,1,244834
7290000136790,false,טמפו סודה 6*1.5 ליטר,,,טמפו סודה 6*1.5 ליטר,ליטרים,9.00,ליטר,false,,17.70,1.9667,true,1,244091
7290000136813,false,טמפו סודה אננס 1.5 ל,,,טמפו סודה אננס 1.5 ל,ליטרים,6.00,ליטר,false,,11.50,1.9167,true,1,244136
7290000136820,false,טמפו סודה פירות יער,,,טמפו סודה פירות יער,ליטרים,6.00,ליטר,false,,11.50,1.9167,true,1,244152
7290000136844,false,אקווה נובה 6*2 ליטר,,,אקווה נובה 6*2 ליטר,ליטרים,12.00,ליטר,false,,11.90,0.9917,true,1,243879
7290000136851,false,סבן אפ 1.5 ליטר,,,סבן אפ 1.5 ליטר,ליטרים,1.50,ליטר,false,,7.90,5.2667,true,1,244777
7290000136868,false,מים סאן בנדטו 6* 1.5,,,מים סאן בנדטו 6* 1.5,ליטרים,9.00,ליטר,false,,17.70,1.9667,true,1,243907
7290000136875,false,סאן בנדטו מים מינרלי,,,סאן בנדטו מים מינרלי,ליטרים,9.00,ליטר,false,,17.90,1.9889,true,1,244076
7290000137513,false,קרמיסימו גלידונית ש.,,,קרמיסימו גלידונית ש.,גרמים,700.00,100 גרם,false,,49.90,0.0713,true,1,4225
7290000139012,false,מספריים מטבח מתכת,,,מספריים מטבח מתכת,יחידה,0.00,יחידה,false,,10.00,0.0000,true,1,12959
7290000144160,false,שמן זית כתית מעולה א,,,שמן זית כתית מעולה א,מיליליטרים,750.00,"100 מ""ל",false,,33.90,0.0452,true,1,29341
7290000144467,false,שמן חמניות בריאות מה,,,שמן חמניות בריאות מה,ליטרים,1.00,ליטר,false,,15.90,15.9000,true,1,29344
7290000144474,false,שמן קנולה בריאות עץ,,,שמן קנולה בריאות עץ,ליטרים,1.00,ליטר,false,,15.90,15.9000,true,1,29345
7290000146645,false,סבון מוצק שחור מסתור,,,סבון מוצק שחור מסתור,גרמים,400.00,100 גרם,false,,11.90,0.0298,true,1,8077
7290000146928,false,משחת שיניים טעם ענבי,,,משחת שיניים טעם ענבי,מיליליטרים,50.00,"100 מ""ל",false,,6.90,0.1380,true,1,8085
7290000146997,false,משחת שיניים טום וגרי,,,משחת שיניים טום וגרי,מיליליטרים,50.00,"100 מ""ל",false,,6.90,0.1380,true,1,8086
7290000148618,false,אגוז קשיו מטוגן 200,,,אגוז קשיו מטוגן 200,גרמים,200.00,100 גרם,false,,18.00,0.0900,true,1,12737
7290000148748,false,גרעיני חמניה 200 גרם,,,גרעיני חמניה 200 גרם,גרמים,200.00,100 גרם,false,,6.90,0.0345,true,1,12738
7290000149615,false,אלסבון מוצק לתינוק נ,,,אלסבון מוצק לתינוק נ,גרמים,400.00,100 גרם,false,,10.90,0.0273,true,1,29679
7290000149851,false,סינטבון כפול 460גר,,,סינטבון כפול 460גר,גרמים,460.00,100 גרם,false,,10.90,0.0237,true,1,29682
7290000149905,false,טקסטיל שמפו-1 ליטר נ,,,טקסטיל שמפו-1 ליטר נ,ליטרים,1.00,ליטר,false,,14.90,14.9000,true,1,29683
7290000150277,false,חזה הודו ברביקיו עוף,,,חזה הודו ברביקיו עוף,קילוגרמים,1.00,"ק""ג",true,,82.00,82.0000,true,1,19592
7290000150352,false,פסט.איטלקית ע.ט.,,,פסט.איטלקית ע.ט.,קילוגרמים,1.00,"ק""ג",true,,82.00,82.0000,true,1,19593
7290000150369,false,מכסיקנית עוףטוב,,,מכסיקנית עוףטוב,קילוגרמים,1.00,"ק""ג",true,,82.00,82.0000,true,1,19594
7290000150451,false,סלמי איטלקי עוף טוב,,,סלמי איטלקי עוף טוב,קילוגרמים,1.00,"ק""ג",true,,77.00,77.0000,true,1,19595
7290000150956,false,עוף טוב מקלוני קבנוס,,,עוף טוב מקלוני קבנוס,גרמים,160.00,100 גרם,false,,11.90,0.0744,true,1,19651
7290000151885,false,נקניק הודו יחידה 700,,,נקניק הודו יחידה 700,גרמים,700.00,100 גרם,false,,14.90,0.0213,true,1,19663
7290000152608,false,תה עוף טוב,,,תה עוף טוב,קילוגרמים,1.00,"ק""ג",true,,47.00,47.0000,true,1,19608
7290000152943,false,עוף טוב סלמי פסטרמה,,,עוף טוב סלמי פסטרמה,גרמים,700.00,100 גרם,false,,21.90,0.0313,true,1,19668
7290000155524,false,פולנית עוף טוב,,,פולנית עוף טוב,קילוגרמים,1.00,"ק""ג",true,,82.00,82.0000,true,1,19610
7290000158105,false,עוף טוב שניצל עוף מי,,,עוף טוב שניצל עוף מי,גרמים,700.00,100 גרם,false,,24.90,0.0356,true,1,19687
7290000161358,false,מיונז אמיתי משמן קנו,,,מיונז אמיתי משמן קנו,גרמים,500.00,100 גרם,false,,13.90,0.0278,true,1,10181
7290000166605,false,סיף פנטסטיק כללי יסמ,,,סיף פנטסטיק כללי יסמ,ליטרים,4.00,ליטר,false,,19.90,4.9750,true,1,10227
7290000168173,false,ברנפלקס קרנצים תלמה,,,ברנפלקס קרנצים תלמה,גרמים,375.00,100 גרם,false,,20.90,0.0557,true,1,10251
7290000169538,false,נמס בכוס עגבניות וקר,,,נמס בכוס עגבניות וקר,גרמים,62.00,100 גרם,false,,6.90,0.1113,true,1,10271
7290000174723,false,שוקולית 500 גרם,,,שוקולית 500 גרם,גרמים,500.00,100 גרם,false,,11.90,0.0238,true,1,22174
7290000175760,false,מנציגו כבשים ויליפו,,,מנציגו כבשים ויליפו,קילוגרמים,1.00,"ק""ג",true,,96.00,96.0000,true,1,2765
7290000175906,false,גאודה עיזים ויליפוד,,,גאודה עיזים ויליפוד,קילוגרמים,1.00,"ק""ג",true,,109.00,109.0000,true,1,2767
7290000176079,false,טורקי עלית קפה עם הל,,,טורקי עלית קפה עם הל,גרמים,100.00,100 גרם,false,,8.90,0.0890,true,1,22177
7290000176116,false,טורקי עלית 1קג,,,טורקי עלית 1קג,קילוגרמים,1.00,"ק""ג",false,,77.90,77.9000,true,1,22179
7290000176147,false,מוקה מס.1 קפה פילטר,,,מוקה מס.1 קפה פילטר,גרמים,500.00,100 גרם,false,,48.90,0.0978,true,1,22180
7290000176413,false,עלית נמס 50 גר',,,עלית נמס 50 גר',גרמים,50.00,100 גרם,false,,8.90,0.1780,true,1,22182
7290000176420,false,קפה נמס עלית פחית 20,,,קפה נמס עלית פחית 20,גרמים,200.00,100 גרם,false,,19.90,0.0995,true,1,22183
7290000176468,false,האג קפה נטול קפאין 5,,,האג קפה נטול קפאין 5,גרמים,50.00,100 גרם,false,,10.90,0.2180,true,1,22184
7290000178707,false,תפוציפס טבעי 50 גרם,,,תפוציפס טבעי 50 גרם,גרמים,50.00,100 גרם,false,,3.90,0.0780,true,1,24154
7290000178721,false,תפוציפס טבעי 200 גרם,,,תפוציפס טבעי 200 גרם,גרמים,200.00,100 גרם,false,,9.90,0.0495,true,1,24156
7290000186535,false,לילי נייר טואלט טריו,,,לילי נייר טואלט טריו,מטרים,537.00,מטר,false,,41.90,0.0780,true,1,8835
7290000186931,false,ניקול כריות קרצוף חת,,,ניקול כריות קרצוף חת,יחידה,0.00,יחידה,false,,10.90,0.0000,true,1,8839
7290000187921,false,"נייר טואלט ""לילי"" לב",,,"נייר טואלט ""לילי"" לב",מטרים,588.00,מטר,false,,39.90,0.0679,true,1,8850
7290000187938,false,"נייר טואלט ""לילי"" פס",,,"נייר טואלט ""לילי"" פס",מטרים,588.00,מטר,false,,39.90,0.0679,true,1,8851
7290000187952,false,נייר טאולט לילי טריו,,,נייר טאולט לילי טריו,מטרים,537.00,מטר,false,,41.90,0.0780,true,1,8852
7290000188270,false,קליניקס ממחטות אף או,,,קליניקס ממחטות אף או,יחידה,0.00,יחידה,false,,15.90,0.0000,true,1,8857
7290000188355,false,מגבות מטבח ניקול לבנ,,,מגבות מטבח ניקול לבנ,מטרים,64.80,מטר,false,,12.90,0.1991,true,1,8858
7290000188553,false,מגן תחתון סילק נורמל,,,מגן תחתון סילק נורמל,יחידה,0.00,יחידה,false,,16.90,0.0000,true,1,8863
7290000189079,false,ניקול תבניות אינגליש,,,ניקול תבניות אינגליש,יחידה,0.00,יחידה,false,,9.90,0.0000,true,1,8870
7290000189116,false,ניקול תבניות עגולות,,,ניקול תבניות עגולות,יחידה,0.00,יחידה,false,,9.90,0.0000,true,1,8871
7290000189192,false,ניקול מטלית חכמה יומ,,,ניקול מטלית חכמה יומ,יח',64.00,יח',false,,15.90,0.2484,true,1,8872
7290000189215,false,מטלית קסם לרצפה,,,מטלית קסם לרצפה,יחידה,0.00,יחידה,false,,15.00,0.0000,true,1,8874
7290000189260,false,ניקול תבניות מלבניות,,,ניקול תבניות מלבניות,יחידה,0.00,יחידה,false,,9.90,0.0000,true,1,8877
7290000189277,false,ניקול תבניות מלבניות,,,ניקול תבניות מלבניות,יחידה,0.00,יחידה,false,,9.90,0.0000,true,1,8878
7290000189499,false,ניקול תבנית אפייה מק,,,ניקול תבנית אפייה מק,יחידה,0.00,יחידה,false,,9.90,0.0000,true,1,8882
7290000189659,false,ניקול מטליות לחות לר,,,ניקול מטליות לחות לר,יחידה,0.00,יחידה,false,,10.90,0.0000,true,1,8888
7290000189734,false,ניקול מטליות לחות לפ,,,ניקול מטליות לחות לפ,יחידה,0.00,יחידה,false,,11.90,0.0000,true,1,8892
7290000190150,false,מפיות תלת שכבתיות ני,,,מפיות תלת שכבתיות ני,יחידה,0.00,יחידה,false,,7.90,0.0000,true,1,8898
7290000191225,false,האגיס רך נולד מידה 2,,,האגיס רך נולד מידה 2,יחידה,0.00,יחידה,false,,29.90,0.0000,true,1,8913
7290000191652,false,קלינקס קלאסיק ניילון,,,קלינקס קלאסיק ניילון,יחידה,0.00,יחידה,false,,10.90,0.0000,true,1,8921
7290000192581,false,מגבת כפולה ניקול 6=1,,,מגבת כפולה ניקול 6=1,מטרים,129.70,מטר,false,,19.90,0.1534,true,1,8926
7290000193014,false,מגן תחתון אינטרלוד ל,,,מגן תחתון אינטרלוד ל,יחידה,0.00,יחידה,false,,9.90,0.0000,true,1,8927
7290000193083,false,תחבושות נובה לי לילי,,,תחבושות נובה לי לילי,יחידה,0.00,יחידה,false,,9.90,0.0000,true,1,8929
7290000193205,false,תחבושות אולטרה לילה,,,תחבושות אולטרה לילה,יחידה,0.00,יחידה,false,,15.90,0.0000,true,1,8932
7290000193472,false,מגן תחתון נטורל נורמ,,,מגן תחתון נטורל נורמ,יחידה,0.00,יחידה,false,,15.90,0.0000,true,1,8934
7290000193540,false,מגן תחתון נטורל לונג,,,מגן תחתון נטורל לונג,יחידה,0.00,יחידה,false,,15.90,0.0000,true,1,8936
7290000193649,false,תחבושות נטורל אולטרה,,,תחבושות נטורל אולטרה,יחידה,0.00,יחידה,false,,15.90,0.0000,true,1,8938
7290000194178,false,עוף מס' 1 קפוא מחפוד,,,עוף מס' 1 קפוא מחפוד,קילוגרמים,1.00,"ק""ג",true,,27.90,27.9000,true,1,46865
7290000194208,false,כרעיים עוף חלק רב מח,,,כרעיים עוף חלק רב מח,קילוגרמים,1.00,"ק""ג",true,,33.90,33.9000,true,1,46867
7290000194239,false,מחפוד-חזה עוף קפוא מ,,,מחפוד-חזה עוף קפוא מ,קילוגרמים,1.00,"ק""ג",true,,33.90,33.9000,true,1,46868
7290000194253,false,כנפיים עוף קפוא ארוז,,,כנפיים עוף קפוא ארוז,קילוגרמים,1.00,"ק""ג",true,,13.90,13.9000,true,1,51491
7290000194260,false,מחפוד-שוקיים עוף קפו,,,מחפוד-שוקיים עוף קפו,קילוגרמים,1.00,"ק""ג",true,,35.90,35.9000,true,1,46869
7290000194307,false,מחפוד-כבד עוף קפוא מ,,,מחפוד-כבד עוף קפוא מ,קילוגרמים,1.00,"ק""ג",true,,32.90,32.9000,true,1,46872
7290000194314,false,עוף ירושלים לבבות עו,,,עוף ירושלים לבבות עו,קילוגרמים,1.00,"ק""ג",true,,32.90,32.9000,true,1,46873
7290000194345,false,שניצל עוף ארוז מחפוד,,,שניצל עוף ארוז מחפוד,קילוגרמים,1.00,"ק""ג",true,,34.90,34.9000,true,1,46874
7290000194837,false,ניקול שקיות מזון עם,,,ניקול שקיות מזון עם,יחידה,0.00,יחידה,false,,11.90,0.0000,true,1,8951
7290000195216,false,ניקול נייר אפייה בשק,,,ניקול נייר אפייה בשק,יחידה,0.00,יחידה,false,,9.90,0.0000,true,1,8958
7290000195537,false,מגבוני האגיס דיילי ק,,,מגבוני האגיס דיילי ק,יחידה,0.00,יחידה,false,,18.90,0.0000,true,1,8964
7290000195773,false,מגבוני האגיס סנסטיב,,,מגבוני האגיס סנסטיב,יחידה,0.00,יחידה,false,,18.90,0.0000,true,1,8968
7290000196763,false,ניקול השקית החזקה,,,ניקול השקית החזקה,יחידה,0.00,יחידה,false,,21.90,0.0000,true,1,8974
7290000197029,false,ניקול שקיות ניילון ר,,,ניקול שקיות ניילון ר,יחידה,0.00,יחידה,false,,13.40,0.0000,true,1,8978
7290000197081,false,ניילונית נצמד ניקול,,,ניילונית נצמד ניקול,מטרים,150.00,מטר,false,,30.90,0.2060,true,1,8979
7290000197326,false,ניקול רדיד אלומיניום,,,ניקול רדיד אלומיניום,מטרים,15.00,מטר,false,,10.90,0.7267,true,1,8988
7290000197425,false,האגיס פרידום דריי של,,,האגיס פרידום דריי של,יחידה,0.00,יחידה,false,,42.90,0.0000,true,1,8992
7290000197432,false,ניקול שקיות אוכל זוג,,,ניקול שקיות אוכל זוג,יחידה,0.00,יחידה,false,,12.90,0.0000,true,1,8993
7290000197456,false,האגיס פרידום דריי של,,,האגיס פרידום דריי של,יחידה,0.00,יחידה,false,,42.90,0.0000,true,1,8994
7290000197463,false,האגיס פרידום דריי של,,,האגיס פרידום דריי של,יחידה,0.00,יחידה,false,,42.90,0.0000,true,1,8995
7290000197470,false,"ניקול שקיות רב""ש 250",,,"ניקול שקיות רב""ש 250",יחידה,0.00,יחידה,false,,13.80,0.0000,true,1,8996
7290000197548,false,האגיס פרידום דריי של,,,האגיס פרידום דריי של,יחידה,0.00,יחידה,false,,42.90,0.0000,true,1,8999
7290000197654,false,אשפתון שקיות אשפה ענ,,,אשפתון שקיות אשפה ענ,יחידה,0.00,יחידה,false,,20.90,0.0000,true,1,9000
7290000197678,false,האגיס פרידום דריי ש,,,האגיס פרידום דריי ש,יחידה,0.00,יחידה,false,,42.90,0.0000,true,1,9001
7290000197753,false,ניקול ניילונית זוג,,,ניקול ניילונית זוג,מטרים,60.00,מטר,false,,10.90,0.1817,true,1,9003
7290000197876,false,ניקול תבנית אלומיניו,,,ניקול תבנית אלומיניו,יחידה,0.00,יחידה,false,,8.90,0.0000,true,1,9005
7290000197883,false,ניקול תבניות אלומיני,,,ניקול תבניות אלומיני,יחידה,0.00,יחידה,false,,8.90,0.0000,true,1,9006
7290000197951,false,ניקול תבנית אלומיניו,,,ניקול תבנית אלומיניו,יחידה,0.00,יחידה,false,,8.90,0.0000,true,1,9007
7290000197982,false,ניקול רדיד אלומיניום,,,ניקול רדיד אלומיניום,מטרים,15.00,מטר,false,,21.90,1.4600,true,1,9008
7290000197999,false,ניקול רדיד אלומיניום,,,ניקול רדיד אלומיניום,מטרים,15.00,מטר,false,,15.90,1.0600,true,1,9009
7290000198031,false,פסטרמה פרגיות ללחמני,,,פסטרמה פרגיות ללחמני,קילוגרמים,1.00,"ק""ג",true,,80.00,80.0000,true,1,118106
7290000200460,false,מגן תחתון אולטרה ליי,,,מגן תחתון אולטרה ליי,יחידה,0.00,יחידה,false,,16.90,0.0000,true,1,9013
7290000201856,false,טיטולים פרימיום שלב,,,טיטולים פרימיום שלב,יחידה,0.00,יחידה,false,,30.90,0.0000,true,1,9021
7290000201863,false,טיטולים פרימיום שלב,,,טיטולים פרימיום שלב,יחידה,0.00,יחידה,false,,30.90,0.0000,true,1,9022
7290000201870,false,טיטולים פרימיום שלב,,,טיטולים פרימיום שלב,יחידה,0.00,יחידה,false,,30.90,0.0000,true,1,9023
7290000201979,false,מגבוני האגיס מהדורה,,,מגבוני האגיס מהדורה,יח',288.00,יח',false,,18.90,0.0656,true,1,9024
7290000204086,false,ניקול כרית קרצוף,,,ניקול כרית קרצוף,יחידה,0.00,יחידה,false,,10.90,0.0000,true,1,9040
7290000204147,false,כריות יפניות 2 ב 1 ר,,,כריות יפניות 2 ב 1 ר,יחידה,0.00,יחידה,false,,10.90,0.0000,true,1,9041
7290000204215,false,ניקול כריות יפניות 6,,,ניקול כריות יפניות 6,יחידה,0.00,יחידה,false,,10.90,0.0000,true,1,9042
7290000204253,false,מטלית רב שימושית תשע,,,מטלית רב שימושית תשע,יחידה,0.00,יחידה,false,,9.90,0.0000,true,1,9044
7290000204307,false,מטליות ניקול 40 רב ש,,,מטליות ניקול 40 רב ש,יחידה,0.00,יחידה,false,,20.90,0.0000,true,1,9045
7290000204512,false,מטליות לחות לרצפה בר,,,מטליות לחות לרצפה בר,יחידה,0.00,יחידה,false,,10.90,0.0000,true,1,9046
7290000205526,false,פיסגה שטיפת רצפות 2,,,פיסגה שטיפת רצפות 2,ליטרים,2.00,ליטר,false,,12.90,6.4500,true,1,29686
7290000205762,false,האגיס אקסטרה קייר מי,,,האגיס אקסטרה קייר מי,יחידה,0.00,יחידה,false,,48.90,0.0000,true,1,9048
7290000205915,false,האגיס אקסטרה קייר מי,,,האגיס אקסטרה קייר מי,יחידה,0.00,יחידה,false,,48.90,0.0000,true,1,9049
7290000207063,false,רוטב עגבניות פריכוז,,,רוטב עגבניות פריכוז,גרמים,240.00,100 גרם,false,,3.90,0.0162,true,1,8616
7290000207162,false,רוטב עגבניות 100 גרם,,,רוטב עגבניות 100 גרם,גרמים,100.00,100 גרם,false,,2.20,0.0220,true,1,8619
7290000208022,false,עגבניות מרוסקות יכין,,,עגבניות מרוסקות יכין,גרמים,800.00,100 גרם,false,,9.90,0.0124,true,1,8623
7290000208077,false,אפונת גינה גדולה L י,,,אפונת גינה גדולה L י,גרמים,335.00,100 גרם,false,,8.90,0.0266,true,1,8625
7290000208114,false,אפונת גינה וגזר יכין,,,אפונת גינה וגזר יכין,גרמים,330.00,100 גרם,false,,8.90,0.0270,true,1,8628
7290000208138,false,סירופ דייאט ענבים יכ,,,סירופ דייאט ענבים יכ,ליטרים,1.00,ליטר,false,,16.90,16.9000,true,1,8630
7290000208145,false,גרעיני תירס לייט יכי,,,גרעיני תירס לייט יכי,גרמים,335.00,100 גרם,false,,9.90,0.0296,true,1,8631
7290000208213,false,שעועית לבנה ברוטב עג,,,שעועית לבנה ברוטב עג,גרמים,355.00,100 גרם,false,,8.90,0.0251,true,1,8633
7290000208220,false,שעועית צילי חריף יכי,,,שעועית צילי חריף יכי,גרמים,355.00,100 גרם,false,,9.90,0.0279,true,1,8634
7290000208312,false,גרעיני תירס מתוק יכי,,,גרעיני תירס מתוק יכי,גרמים,400.00,100 גרם,false,,6.90,0.0173,true,1,8638
7290000208329,false,גרעיני תירס מתוק יכי,,,גרעיני תירס מתוק יכי,גרמים,335.00,100 גרם,false,,8.90,0.0266,true,1,8639
7290000208336,false,רוטב עגבניות יכין 24,,,רוטב עגבניות יכין 24,גרמים,240.00,100 גרם,false,,4.50,0.0188,true,1,8640
7290000208343,false,עגבניות מרוסקות שום,,,עגבניות מרוסקות שום,גרמים,800.00,100 גרם,false,,9.90,0.0124,true,1,8641
7290000208350,false,עגבניות מרוסקות עם ב,,,עגבניות מרוסקות עם ב,גרמים,800.00,100 גרם,false,,9.90,0.0124,true,1,8642
7290000208404,false,פול מצרי יכין 550 גר,,,פול מצרי יכין 550 גר,גרמים,350.00,100 גרם,false,,8.90,0.0254,true,1,8644
7290000208428,false,חומוס שלם יכין 550 ג,,,חומוס שלם יכין 550 ג,גרמים,290.00,100 גרם,false,,8.90,0.0307,true,1,8645
7290000208534,false,גרעיני תירס קיד מתוק,,,גרעיני תירס קיד מתוק,גרמים,335.00,100 גרם,false,,9.90,0.0296,true,1,8650
7290000208800,false,תירס קיד מתוק יכין 4,,,תירס קיד מתוק יכין 4,גרמים,400.00,100 גרם,false,,6.90,0.0173,true,1,8652
7290000208855,false,רוטב לפסטה קלאסי יכי,,,רוטב לפסטה קלאסי יכי,גרמים,260.00,100 גרם,false,,5.50,0.0212,true,1,8653
7290000208893,false,תירס לייט יכין 400 ג,,,תירס לייט יכין 400 ג,גרמים,400.00,100 גרם,false,,6.90,0.0173,true,1,8654
7290000208930,false,עגבניות מרוסקות עם ש,,,עגבניות מרוסקות עם ש,גרמים,260.00,100 גרם,false,,5.50,0.0212,true,1,8655
7290000208947,false,עגבניות מרוסקות יכין,,,עגבניות מרוסקות יכין,יחידה,260.00,יחידה,false,,5.50,0.0212,true,1,8656
7290000208978,false,רוטב עגבניות פריכוז,,,רוטב עגבניות פריכוז,גרמים,100.00,100 גרם,false,,2.90,0.0290,true,1,8657
7290000209012,false,חומץ הדרים 5% יכין 1,,,חומץ הדרים 5% יכין 1,ליטרים,1.00,ליטר,false,,5.90,5.9000,true,1,8659
7290000209043,false,מיץ לימון משומר יכין,,,מיץ לימון משומר יכין,ליטרים,1.00,ליטר,false,,4.90,4.9000,true,1,8660
7290000209371,false,תירס שלישיה יכין 3*1,,,תירס שלישיה יכין 3*1,גרמים,495.00,100 גרם,false,,14.90,0.0301,true,1,8669
7290000209388,false,תירס לייט שלישיה יכי,,,תירס לייט שלישיה יכי,גרמים,420.00,100 גרם,false,,14.90,0.0355,true,1,8670
7290000209524,false,סירופ דייאט פטל יכין,,,סירופ דייאט פטל יכין,ליטרים,1.00,ליטר,false,,16.90,16.9000,true,1,8673
7290000209722,false,רוטב עגבניות מרוכז מ,,,רוטב עגבניות מרוכז מ,גרמים,580.00,100 גרם,false,,9.90,0.0171,true,1,8681
7290000209913,false,עגבניות לקוביות יכין,,,עגבניות לקוביות יכין,גרמים,260.00,100 גרם,false,,5.50,0.0212,true,1,8683
7290000209944,false,רוטב לעגבניות לשקשוק,,,רוטב לעגבניות לשקשוק,גרמים,260.00,100 גרם,false,,5.50,0.0212,true,1,8684
7290000209951,false,רוטב עגבניות לפיצה י,,,רוטב עגבניות לפיצה י,מיליליטרים,260.00,"100 מ""ל",false,,5.50,0.0212,true,1,8685
7290000209968,false,רוטב ללזניה יכין 240,,,רוטב ללזניה יכין 240,גרמים,260.00,100 גרם,false,,5.50,0.0212,true,1,8686
7290000210469,false,עגבניות שלמות יכין 8,,,עגבניות שלמות יכין 8,גרמים,800.00,100 גרם,false,,9.90,0.0124,true,1,8687
7290000210896,false,רוטב לפסטה בולונז יכ,,,רוטב לפסטה בולונז יכ,גרמים,260.00,100 גרם,false,,5.50,0.0212,true,1,8688
7290000211138,false,סיימן גבינת עיזים הו,,,סיימן גבינת עיזים הו,קילוגרמים,1.00,"ק""ג",true,,179.00,179.0000,true,1,16520
7290000211145,false,סיימן גבינת גאודה במ,,,סיימן גבינת גאודה במ,קילוגרמים,1.00,"ק""ג",true,,119.00,119.0000,true,1,16521
7290000211169,false,אורז תאילנדי 1 ק'ג,,,אורז תאילנדי 1 ק'ג,קילוגרמים,1.00,"ק""ג",false,,6.90,6.9000,true,1,17303
7290000211374,false,"קמח מלא סוגת 1 ק""ג",,,"קמח מלא סוגת 1 ק""ג",קילוגרמים,1.00,"ק""ג",false,,6.90,6.9000,true,1,17305
7290000211442,false,סוגת אורז פרסי קלאסי,,,סוגת אורז פרסי קלאסי,קילוגרמים,1.00,"ק""ג",false,,10.90,10.9000,true,1,17307
7290000211503,false,"סוכר סוגת לבן 1 ק""ג",,,"סוכר סוגת לבן 1 ק""ג",קילוגרמים,1.00,"ק""ג",false,,4.50,4.5000,true,1,17308
7290000211985,false,סוגת אורז עגול 1קג,,,סוגת אורז עגול 1קג,קילוגרמים,1.00,"ק""ג",false,,9.90,9.9000,true,1,17311
7290000212173,false,ופל שוקו מנעמים 500,,,ופל שוקו מנעמים 500,גרמים,500.00,100 גרם,false,,9.90,0.0198,true,1,36052
7290000212401,false,ופל מצופית מנעמים 40,,,ופל מצופית מנעמים 40,גרמים,400.00,100 גרם,false,,9.90,0.0248,true,1,36053
7290000212579,false,ופל מצופה שוקולד מנע,,,ופל מצופה שוקולד מנע,גרמים,800.00,100 גרם,false,,16.90,0.0211,true,1,36054
7290000212975,false,"ופל שוקו מנעמים 1 ק""",,,"ופל שוקו מנעמים 1 ק""",קילוגרמים,1.00,"ק""ג",false,,16.90,16.9000,true,1,36056
7290000214115,false,מרק עוף צנצנת ויטה 4,,,מרק עוף צנצנת ויטה 4,גרמים,400.00,100 גרם,false,,9.90,0.0248,true,1,8258
7290000226552,false,עוגת טורט ריבת חלב ע,,,עוגת טורט ריבת חלב ע,קילוגרמים,1.00,"ק""ג",false,,65.90,65.9000,true,1,39936
7290000226569,false,עוגת טורט קצפת שוקול,,,עוגת טורט קצפת שוקול,קילוגרמים,1.00,"ק""ג",false,,65.90,65.9000,true,1,39937
7290000226613,false,עוגת דובוש מצופה בטע,,,עוגת דובוש מצופה בטע,גרמים,450.00,100 גרם,false,,40.90,0.0909,true,1,39940
7290000238029,false,"בצק עלים 1ק""ג",,,"בצק עלים 1ק""ג",קילוגרמים,1.00,"ק""ג",false,,17.90,17.9000,true,1,35615
7290000238036,false,מעדנות מלווח 700גר,,,מעדנות מלווח 700גר,גרמים,700.00,100 גרם,false,,15.90,0.0227,true,1,35616
7290000238173,false,בורקס גבינה מעדנות 8,,,בורקס גבינה מעדנות 8,גרמים,800.00,100 גרם,false,,19.90,0.0249,true,1,35617
7290000238180,false,"בורקס תפו""א 800גר",,,"בורקס תפו""א 800גר",גרמים,800.00,100 גרם,false,,14.90,0.0186,true,1,35618
7290000243566,false,שמן קנולה בריאות עץ,,,שמן קנולה בריאות עץ,מיליליטרים,750.00,"100 מ""ל",false,,11.90,0.0159,true,1,29351
7290000244082,false,סבון נוזלי כחול עמוק,,,סבון נוזלי כחול עמוק,ליטרים,1.50,ליטר,false,,14.90,9.9333,true,1,8088
7290000244143,false,קרם לאחר גילוח הוואי,,,קרם לאחר גילוח הוואי,גרמים,120.00,100 גרם,false,,17.90,0.1492,true,1,8091
7290000244606,false,פילה אמנון קפוא 5-7,,,פילה אמנון קפוא 5-7,קילוגרמים,1.00,"ק""ג",true,,29.90,29.9000,true,1,565824
7290000244761,false,"קרם ולוטה 80 מ""ל",,,"קרם ולוטה 80 מ""ל",מיליליטרים,100.00,"100 מ""ל",false,,6.90,0.0690,true,1,8092
7290000245089,false,מרכך כביסה סוד סגול,,,מרכך כביסה סוד סגול,ליטרים,4.00,ליטר,false,,16.90,4.2250,true,1,34882
7290000245157,false,מרכך כביסה סוד סנסיי,,,מרכך כביסה סוד סנסיי,ליטרים,4.00,ליטר,false,,16.90,4.2250,true,1,34883
7290000245270,false,אבקת כביסה פרסיל סופ,,,אבקת כביסה פרסיל סופ,קילוגרמים,1.25,"ק""ג",false,,15.90,12.7200,true,1,34885
7290000245287,false,אבקת כביסה פרסיל קול,,,אבקת כביסה פרסיל קול,קילוגרמים,1.25,"ק""ג",false,,15.90,12.7200,true,1,34886
7290000245478,false,סוד א.כ בייבי 1.25קג,,,סוד א.כ בייבי 1.25קג,קילוגרמים,1.25,"ק""ג",false,,12.90,10.3200,true,1,34890
7290000245782,false,מרכך כביסה סוד ורוד,,,מרכך כביסה סוד ורוד,ליטרים,4.00,ליטר,false,,16.90,4.2250,true,1,34897
7290000245799,false,מרכך כביסה סוד כחול,,,מרכך כביסה סוד כחול,ליטרים,4.00,ליטר,false,,16.90,4.2250,true,1,34898
7290000251113,false,פטה עיזים המושבה,,,פטה עיזים המושבה,קילוגרמים,1.00,"ק""ג",true,,100.00,100.0000,true,1,14813
7290000253220,false,שוקולד צ'יפס אופנהיי,,,שוקולד צ'יפס אופנהיי,גרמים,260.00,100 גרם,false,,10.90,0.0419,true,1,24588
7290000254066,false,פילה אמנון 5-7 קפוא,,,פילה אמנון 5-7 קפוא,קילוגרמים,1.00,"ק""ג",true,,27.90,27.9000,true,1,578750
7290000262031,false,נייר טואלט מולט לב 3,,,נייר טואלט מולט לב 3,מטרים,563.00,מטר,false,,30.90,0.0549,true,1,9050
7290000262413,false,האגיס אקסטרה קייר מי,,,האגיס אקסטרה קייר מי,יחידה,0.00,יחידה,false,,48.90,0.0000,true,1,9056
7290000272696,false,מיץ לימון משומר עסיס,,,מיץ לימון משומר עסיס,ליטרים,1.00,ליטר,false,,9.50,9.5000,true,1,18641
7290000272726,false,חומץ טבעי 5% עסיס 1,,,חומץ טבעי 5% עסיס 1,ליטרים,1.00,ליטר,false,,5.90,5.9000,true,1,18642
7290000286228,false,סנו סושי שישיות כריו,,,סנו סושי שישיות כריו,יחידה,0.00,יחידה,false,,11.90,0.0000,true,1,29687
7290000286549,false,סנו סושי מטליות לכל,,,סנו סושי מטליות לכל,יחידה,0.00,יחידה,false,,11.90,0.0000,true,1,29696
7290000287102,false,סנו שמפו שטיחים אירו,,,סנו שמפו שטיחים אירו,מיליליטרים,600.00,"100 מ""ל",false,,21.90,0.0365,true,1,29708
7290000287409,false,סנובון שלישיה תות 3*,,,סנובון שלישיה תות 3*,גרמים,165.00,100 גרם,false,,11.90,0.0721,true,1,29712
7290000287621,false,סנו אנטי קאלק W.C מנ,,,סנו אנטי קאלק W.C מנ,מיליליטרים,750.00,"100 מ""ל",false,,11.90,0.0159,true,1,29718
7290000288024,false,סנו ז'אוול בריח לימו,,,סנו ז'אוול בריח לימו,ליטרים,4.00,ליטר,false,,16.90,4.2250,true,1,29723
7290000288031,false,סנו אקנומיקה 4 ל,,,סנו אקנומיקה 4 ל,ליטרים,4.00,ליטר,false,,10.90,2.7250,true,1,29724
7290000288048,false,סנו ג'אוול מרסס אילנ,,,סנו ג'אוול מרסס אילנ,ליטרים,1.00,ליטר,false,,17.90,17.9000,true,1,29725
7290000288253,false,400-K,,,400-K,מיליליטרים,630.00,"100 מ""ל",false,,24.90,0.0395,true,1,29729
7290000288352,false,K - 300,,,K - 300,מיליליטרים,630.00,"100 מ""ל",false,,20.90,0.0332,true,1,29732
7290000288642,false,מרכך כביסה סנו מקסימ,,,מרכך כביסה סנו מקסימ,ליטרים,4.00,ליטר,false,,22.90,5.7250,true,1,29738
7290000288727,false,סנו מקסימה מאסק 1.25,,,סנו מקסימה מאסק 1.25,קילוגרמים,1.25,"ק""ג",false,,14.90,11.9200,true,1,29741
7290000288840,false,מים מזוקקים 2 ליטר,,,מים מזוקקים 2 ליטר,ליטרים,2.00,ליטר,false,,12.90,6.4500,true,1,29742
7290000289380,false,סנו ג'אוול לימון לני,,,סנו ג'אוול לימון לני,מיליליטרים,750.00,"100 מ""ל",false,,11.90,0.0159,true,1,29746
7290000289472,false,סנו סושי שקיות HD 76,,,סנו סושי שקיות HD 76,יחידה,0.00,יחידה,false,,20.90,0.0000,true,1,29748
7290000289496,false,סנו ג'אוול ג'ל קרם ל,,,סנו ג'אוול ג'ל קרם ל,מיליליטרים,750.00,"100 מ""ל",false,,11.90,0.0159,true,1,29749
7290000289595,false,משחה לילדים טעם תות,,,משחה לילדים טעם תות,מיליליטרים,145.00,"100 מ""ל",false,,7.90,0.0545,true,1,29751
7290000289748,false,סנו פורטה פלוס לתנור,,,סנו פורטה פלוס לתנור,מיליליטרים,750.00,"100 מ""ל",false,,14.90,0.0199,true,1,29754
7290000291857,false,סנו פוליווקס לוטוס 2,,,סנו פוליווקס לוטוס 2,ליטרים,2.00,ליטר,false,,20.90,10.4500,true,1,29758
7290000291963,false,סנו ז'אוול סמיכה לימ,,,סנו ז'אוול סמיכה לימ,יחידה,0.00,יחידה,false,,7.90,0.0000,true,1,29761
7290000292007,false,סנו K300פיתיון ג'ל ק,,,סנו K300פיתיון ג'ל ק,גרמים,10.00,100 גרם,false,,50.90,5.0900,true,1,29762
7290000292533,false,סנו ג'ל לניקוי כללי,,,סנו ג'ל לניקוי כללי,ליטרים,1.00,ליטר,false,,16.90,16.9000,true,1,29767
7290000292557,false,סנומט 45 נוזל מילוי,,,סנומט 45 נוזל מילוי,יחידה,0.00,יחידה,false,,18.90,0.0000,true,1,29769
7290000292915,false,סנו רסס ונגב אקדח 75,,,סנו רסס ונגב אקדח 75,מיליליטרים,750.00,"100 מ""ל",false,,12.90,0.0172,true,1,29773
7290000293073,false,מרכך כביסה סנו מקסימ,,,מרכך כביסה סנו מקסימ,ליטרים,4.00,ליטר,false,,22.90,5.7250,true,1,29775
7290000293561,false,סנו מסיר עובש 750מל,,,סנו מסיר עובש 750מל,מיליליטרים,750.00,"100 מ""ל",false,,14.90,0.0199,true,1,29779
7290000293820,false,שמפו וג'ל רחצה קרבון,,,שמפו וג'ל רחצה קרבון,מיליליטרים,700.00,"100 מ""ל",false,,18.90,0.0270,true,1,29780
7290000294575,false,סנו רב מגבת,,,סנו רב מגבת,מטרים,13.80,מטר,false,,11.90,0.8623,true,1,29787
7290000294773,false,סנו ז'אוול בריח אילנ,,,סנו ז'אוול בריח אילנ,ליטרים,4.00,ליטר,false,,16.90,4.2250,true,1,29788
7290000294780,false,סנו ז'אוול סמיכה 4 ל,,,סנו ז'אוול סמיכה 4 ל,ליטרים,4.00,ליטר,false,,16.90,4.2250,true,1,29789
7290000295299,false,כריות יפניות סנו סוש,,,כריות יפניות סנו סוש,יחידה,0.00,יחידה,false,,11.90,0.0000,true,1,29791
7290000295367,false,אבקת כביסה סנו מקסימ,,,אבקת כביסה סנו מקסימ,קילוגרמים,2.50,"ק""ג",false,,26.90,10.7600,true,1,29795
7290000295503,false,סנו סושי צמד שקיות א,,,סנו סושי צמד שקיות א,יחידה,0.00,יחידה,false,,14.90,0.0000,true,1,29797
7290000295558,false,צמד רדיד אלומיניום ק,,,צמד רדיד אלומיניום ק,מטרים,15.00,מטר,false,,11.90,0.7933,true,1,29799
7290000295565,false,רדיד אלומיניום רחב ב,,,רדיד אלומיניום רחב ב,מטרים,15.00,מטר,false,,16.90,1.1267,true,1,29800
7290000295794,false,ספוגיות אל חלד זוג,,,ספוגיות אל חלד זוג,יחידה,0.00,יחידה,false,,12.90,0.0000,true,1,29804
7290000295824,false,סנו סושי רדיד אלומינ,,,סנו סושי רדיד אלומינ,מטרים,100.00,מטר,false,,56.90,0.5690,true,1,29805
7290000300884,false,סיימן גבינת צ'דר אנג,,,סיימן גבינת צ'דר אנג,קילוגרמים,1.00,"ק""ג",true,,130.00,130.0000,true,1,16549
7290000300900,false,שניצל תירס טבעול רכי,,,שניצל תירס טבעול רכי,גרמים,750.00,100 גרם,false,,24.90,0.0332,true,1,19706
7290000303598,false,שעועית לבנה אפויה פר,,,שעועית לבנה אפויה פר,גרמים,570.00,100 גרם,false,,6.90,0.0121,true,1,8275
7290000305455,false,טונה בשמן רביעיה יונ,,,טונה בשמן רביעיה יונ,גרמים,600.00,100 גרם,false,,19.90,0.0332,true,1,26633
7290000305486,false,סלט טונה רביעיה יונה,,,סלט טונה רביעיה יונה,גרמים,640.00,100 גרם,false,,19.90,0.0311,true,1,26636
7290000305882,false,אס דגים עם ירקות ברו,,,אס דגים עם ירקות ברו,גרמים,120.00,100 גרם,false,,4.90,0.0408,true,1,26641
7290000313160,false,חברים זהבה ושלושת הד,,,חברים זהבה ושלושת הד,גרמים,250.00,100 גרם,false,,8.50,0.0340,true,1,18643
7290000313184,false,חברים ביסקויט גן חיו,,,חברים ביסקויט גן חיו,גרמים,250.00,100 גרם,false,,8.50,0.0340,true,1,18644
7290000313290,false,נודלס אטריות מסולסלו,,,נודלס אטריות מסולסלו,יחידה,200.00,יחידה,false,,8.90,0.0445,true,1,18646
7290000318103,false,פסט.ברביקיו מעדנ יחי,,,פסט.ברביקיו מעדנ יחי,קילוגרמים,1.00,"ק""ג",true,,75.00,75.0000,true,1,15486
7290000318127,false,נקניקיות ביס 380 גרם,,,נקניקיות ביס 380 גרם,גרמים,380.00,100 גרם,false,,10.90,0.0287,true,1,15519
7290000318479,false,פרושטו בקר יחיעם 100,,,פרושטו בקר יחיעם 100,גרמים,100.00,100 גרם,false,,26.90,0.2690,true,1,15526
7290000318493,false,כתףבקר מפולפליחיעם מ,,,כתףבקר מפולפליחיעם מ,קילוגרמים,1.00,"ק""ג",true,,110.00,110.0000,true,1,15494
7290000318806,false,סלמי סרוולט מעדנ.יחי,,,סלמי סרוולט מעדנ.יחי,קילוגרמים,1.00,"ק""ג",true,,140.00,140.0000,true,1,15497
7290000318929,false,סלמי צרפתי יחיעם מעד,,,סלמי צרפתי יחיעם מעד,קילוגרמים,1.00,"ק""ג",true,,140.00,140.0000,true,1,15503
7290000318943,false,פסטרמה של פעם 200 גר,,,פסטרמה של פעם 200 גר,גרמים,200.00,100 גרם,false,,21.90,0.1095,true,1,15535
7290000319124,false,סלמי סרוולט 250 גרם,,,סלמי סרוולט 250 גרם,גרמים,250.00,100 גרם,false,,34.90,0.1396,true,1,15538
7290000319339,false,סלמי פרח יחיעם,,,סלמי פרח יחיעם,קילוגרמים,1.00,"ק""ג",true,,100.00,100.0000,true,1,15507
7290000319520,false,סאלמי צרפתי יחיעם 10,,,סאלמי צרפתי יחיעם 10,גרמים,100.00,100 גרם,false,,18.90,0.1890,true,1,15547
7290000319704,false,כתף בקר מעו. יחיעם מ,,,כתף בקר מעו. יחיעם מ,קילוגרמים,1.00,"ק""ג",true,,109.00,109.0000,true,1,15508
7290000319728,false,סלמי איטלקי מפולפל י,,,סלמי איטלקי מפולפל י,קילוגרמים,1.00,"ק""ג",true,,77.00,77.0000,true,1,15509
7290000319759,false,סלמי תה יחיעם מעדניה,,,סלמי תה יחיעם מעדניה,קילוגרמים,1.00,"ק""ג",true,,46.00,46.0000,true,1,15510
7290000319803,false,קבנוס קלאסי 125גר,,,קבנוס קלאסי 125גר,גרמים,125.00,100 גרם,false,,10.90,0.0872,true,1,15554
7290000319841,false,"פסטרמה מהמעשנה לק""ג",,,"פסטרמה מהמעשנה לק""ג",קילוגרמים,1.00,"ק""ג",true,,75.00,75.0000,true,1,526019
7290000319971,false,צלעות בקר יחיעם מעד.,,,צלעות בקר יחיעם מעד.,קילוגרמים,1.00,"ק""ג",true,,140.00,140.0000,true,1,15512
7290000321750,false,"פילה אמנון 5-7 בד""צ",,,"פילה אמנון 5-7 בד""צ",קילוגרמים,1.00,"ק""ג",true,,29.90,29.9000,true,1,53154
7290000334684,false,טבעות בצל 700 גרם,,,טבעות בצל 700 גרם,גרמים,700.00,100 גרם,false,,17.90,0.0256,true,1,19720
7290000334745,false,"אמריקאן ציפס 1.5 ק""ג",,,"אמריקאן ציפס 1.5 ק""ג",קילוגרמים,1.50,"ק""ג",false,,24.90,16.6000,true,1,19721
7290000339191,false,אבקת הלבנה רן 350 גר,,,אבקת הלבנה רן 350 גר,גרמים,350.00,100 גרם,false,,17.90,0.0511,true,1,10296
7290000342832,false,בדין מרכך כביסה צהוב,,,בדין מרכך כביסה צהוב,ליטרים,4.00,ליטר,false,,19.90,4.9750,true,1,10303
7290000342856,false,בדין מרכך כביסה כחול,,,בדין מרכך כביסה כחול,ליטרים,4.00,ליטר,false,,19.90,4.9750,true,1,10304
7290000345260,false,תה ויסוצקי קלאסיק 25,,,תה ויסוצקי קלאסיק 25,גרמים,37.50,100 גרם,false,,6.90,0.1840,true,1,24596
7290000345277,false,תה ויסוצקי קלאסיק 1.,,,תה ויסוצקי קלאסיק 1.,גרמים,75.00,100 גרם,false,,10.90,0.1453,true,1,24597
7290000345284,false,תה ויסוצקי 1.5 קלאסי,,,תה ויסוצקי 1.5 קלאסי,גרמים,150.00,100 גרם,false,,15.90,0.1060,true,1,24598
7290000345291,false,תה ארל גריי 1.5/25,,,תה ארל גריי 1.5/25,גרמים,37.50,100 גרם,false,,15.90,0.4240,true,1,24599
7290000345307,false,תה ארל גריי 1.5/50,,,תה ארל גריי 1.5/50,גרמים,75.00,100 גרם,false,,28.90,0.3853,true,1,24600
7290000346199,false,תה פירות יער 25 שקיק,,,תה פירות יער 25 שקיק,גרמים,67.50,100 גרם,false,,17.90,0.2652,true,1,24612
7290000346205,false,תה קמומיל 25 שקיקים,,,תה קמומיל 25 שקיקים,גרמים,37.50,100 גרם,false,,17.90,0.4773,true,1,24613
7290000346960,false,תה נענע 50 שקיקים 1.,,,תה נענע 50 שקיקים 1.,גרמים,75.00,100 גרם,false,,28.90,0.3853,true,1,24618
7290000347738,false,תה ירוק נענע 25 שקיק,,,תה ירוק נענע 25 שקיק,גרמים,37.50,100 גרם,false,,23.90,0.6373,true,1,24619
7290000347752,false,תה ירוק לימונית ולוא,,,תה ירוק לימונית ולוא,גרמים,37.50,100 גרם,false,,23.90,0.6373,true,1,24620
7290000358753,false,לשון בקר ארוז חלק קפ,,,לשון בקר ארוז חלק קפ,קילוגרמים,1.00,"ק""ג",true,,39.90,39.9000,true,1,91962
7290000363400,false,סלמי פפרוני טירת צבי,,,סלמי פפרוני טירת צבי,קילוגרמים,1.00,"ק""ג",true,,75.00,75.0000,true,1,25291
7290000363462,false,סלמי מעושן איטלקי טי,,,סלמי מעושן איטלקי טי,קילוגרמים,1.00,"ק""ג",true,,75.00,75.0000,true,1,25292
7290000363486,false,נקניק תה טירת צבי מע,,,נקניק תה טירת צבי מע,קילוגרמים,1.00,"ק""ג",true,,50.00,50.0000,true,1,25293
7290000364261,false,סלסולי כתף בקר 120 ג,,,סלסולי כתף בקר 120 ג,גרמים,120.00,100 גרם,false,,12.80,0.1067,true,1,25329
7290000364278,false,סלסולי סלמי איטלקי מ,,,סלסולי סלמי איטלקי מ,גרמים,120.00,100 גרם,false,,12.80,0.1067,true,1,25330
7290000364285,false,טירת צבי סלסולי פסטר,,,טירת צבי סלסולי פסטר,גרמים,120.00,100 גרם,false,,12.80,0.1067,true,1,25331
7290000364292,false,סלסולי פסטרמה גחלים,,,סלסולי פסטרמה גחלים,גרמים,120.00,100 גרם,false,,12.80,0.1067,true,1,25332
7290000364858,false,נקניקיות עוף טרי 1 ק,,,נקניקיות עוף טרי 1 ק,קילוגרמים,1.00,"ק""ג",false,,22.90,22.9000,true,1,25337
7290000364872,false,נקניקיות עוף 400 גרם,,,נקניקיות עוף 400 גרם,גרמים,400.00,100 גרם,false,,11.90,0.0298,true,1,25338
7290000364957,false,נקנקיות מיני - מיני,,,נקנקיות מיני - מיני,גרמים,700.00,100 גרם,false,,20.90,0.0299,true,1,25339
7290000365046,false,כתף מעושן טירת צבי מ,,,כתף מעושן טירת צבי מ,קילוגרמים,1.00,"ק""ג",true,,89.00,89.0000,true,1,25298
7290000365107,false,כתף בקר מפולפל ט.צבי,,,כתף בקר מפולפל ט.צבי,קילוגרמים,1.00,"ק""ג",true,,90.00,90.0000,true,1,25300
7290000365398,false,חזה הודו בדבש ט.צבי,,,חזה הודו בדבש ט.צבי,קילוגרמים,1.00,"ק""ג",true,,79.00,79.0000,true,1,25304
7290000365749,false,פסט. טבעית ד.ש.ט.צבי,,,פסט. טבעית ד.ש.ט.צבי,קילוגרמים,1.00,"ק""ג",true,,79.00,79.0000,true,1,25305
7290000365756,false,פסט. עלגחלים ד.ש.ט.צ,,,פסט. עלגחלים ד.ש.ט.צ,קילוגרמים,1.00,"ק""ג",true,,79.00,79.0000,true,1,25306
7290000367590,false,צמד כפרי נק.סלמי+פסט,,,צמד כפרי נק.סלמי+פסט,גרמים,800.00,100 גרם,false,,25.40,0.0317,true,1,25341
7290000369037,false,ניצן פטה קוביות בטעמ,,,ניצן פטה קוביות בטעמ,גרמים,200.00,100 גרם,false,,14.90,0.0745,true,1,6157
7290000369341,false,לאבנה אבו גוש ניצן מ,,,לאבנה אבו גוש ניצן מ,קילוגרמים,1.00,"ק""ג",true,,50.00,50.0000,true,1,6154
7290000369617,false,ניצן כדורי פטה בשמני,,,ניצן כדורי פטה בשמני,גרמים,150.00,100 גרם,false,,16.90,0.1127,true,1,6160
7290000369709,false,ניצן חמאה ט.שונים 10,,,ניצן חמאה ט.שונים 10,גרמים,100.00,100 גרם,false,,12.90,0.1290,true,1,6161
7290000370130,false,גבינת ברי צרפתית שקי,,,גבינת ברי צרפתית שקי,קילוגרמים,1.00,"ק""ג",true,,99.00,99.0000,true,1,2778
7290000370161,false,גבינת צ'דר בשלה שקיל,,,גבינת צ'דר בשלה שקיל,קילוגרמים,1.00,"ק""ג",true,,95.00,95.0000,true,1,2779
7290000370284,false,גבינה קשקבל חצי קשה,,,גבינה קשקבל חצי קשה,קילוגרמים,1.00,"ק""ג",true,,100.00,100.0000,true,1,2789
7290000370529,false,גבינת שמנת במשקל 30%,,,גבינת שמנת במשקל 30%,קילוגרמים,1.00,"ק""ג",true,,39.90,39.9000,true,1,156587
7290000370680,false,אצבעות מוצרלי במשקל,,,אצבעות מוצרלי במשקל,קילוגרמים,1.00,"ק""ג",true,,79.90,79.9000,true,1,156614
7290000370925,false,גבינת גאודה עם עשבי,,,גבינת גאודה עם עשבי,קילוגרמים,1.00,"ק""ג",true,,99.00,99.0000,true,1,341974
7290000371571,false,פסט.פרגיות לבאגט ט.צ,,,פסט.פרגיות לבאגט ט.צ,קילוגרמים,1.00,"ק""ג",true,,79.00,79.0000,true,1,25313
7290000382210,false,שקיות גופיה ינות בית,,,שקיות גופיה ינות בית,יחידה,0.00,יחידה,false,,0.10,0.0000,true,1,48
7290000382289,false,סל נשיאה יינות ביתן,,,סל נשיאה יינות ביתן,יחידה,0.00,יחידה,false,,3.50,0.0000,true,1,52
7290000387043,false,צלעות 22 צרכני חלק ב,,,צלעות 22 צרכני חלק ב,קילוגרמים,1.00,"ק""ג",true,,34.90,34.9000,true,1,2159
7290000403443,false,סיימן גבינה קברה עיז,,,סיימן גבינה קברה עיז,קילוגרמים,1.00,"ק""ג",true,,199.00,199.0000,true,1,16581
7290000408316,false,דנונה טבעי 3% 200מל,,,דנונה טבעי 3% 200מל,מיליליטרים,200.00,"100 מ""ל",false,,3.70,0.0185,true,1,23243
7290000408354,false,דנונה קראנצ' פצפוצים,,,דנונה קראנצ' פצפוצים,מיליליטרים,175.00,"100 מ""ל",false,,4.60,0.0263,true,1,23244
7290000410874,false,רבעי פרגיות מלוח,,,רבעי פרגיות מלוח,קילוגרמים,1.00,"ק""ג",true,,49.90,49.9000,true,1,16592
7290000412481,false,מנקה אסלות 1 ליטר 00,,,מנקה אסלות 1 ליטר 00,ליטרים,1.00,ליטר,false,,7.90,7.9000,true,1,29808
7290000416021,false,ממרח שוקולד השחר 500,,,ממרח שוקולד השחר 500,גרמים,500.00,100 גרם,false,,13.90,0.0278,true,1,28862
7290000416045,false,ממרח שוקולד השחר 1 ק,,,ממרח שוקולד השחר 1 ק,קילוגרמים,1.00,"ק""ג",false,,24.90,24.9000,true,1,28864
7290000416076,false,צימקאו לאפיה 400 גר',,,צימקאו לאפיה 400 גר',גרמים,400.00,100 גרם,false,,10.90,0.0273,true,1,28865
7290000416618,false,ממרח שוקולד פרווה הש,,,ממרח שוקולד פרווה הש,גרמים,400.00,100 גרם,false,,11.90,0.0298,true,1,28872
7290000416632,false,ממרח שוקולד פרווה הש,,,ממרח שוקולד פרווה הש,קילוגרמים,1.00,"ק""ג",false,,23.90,23.9000,true,1,28873
7290000416878,false,קקאו 500 גר',,,קקאו 500 גר',גרמים,500.00,100 גרם,false,,20.90,0.0418,true,1,28877
7290000418155,false,.תחבושות טופ-פד סופר,,,.תחבושות טופ-פד סופר,יחידה,0.00,יחידה,false,,5.90,0.0000,true,1,29462
7290000419114,false,לנדוור המקורי קפה טח,,,לנדוור המקורי קפה טח,גרמים,200.00,100 גרם,false,,15.90,0.0795,true,1,18648
7290000420325,false,פופסטאר פופקורן טבעי,,,פופסטאר פופקורן טבעי,גרמים,500.00,100 גרם,false,,12.90,0.0258,true,1,5730
7290000420332,false,פופסטאר פופקורן חמאה,,,פופסטאר פופקורן חמאה,גרמים,500.00,100 גרם,false,,12.90,0.0258,true,1,5731
7290000420417,false,גלילונית שקיות אשפה,,,גלילונית שקיות אשפה,יחידה,0.00,יחידה,false,,17.90,0.0000,true,1,5732
7290000435251,false,מיני משמחים 500 גרם,,,מיני משמחים 500 גרם,גרמים,500.00,100 גרם,false,,14.90,0.0298,true,1,274492
7290000449128,false,סיף ניקוי כללי 4 ליט,,,סיף ניקוי כללי 4 ליט,ליטרים,4.00,ליטר,false,,19.90,4.9750,true,1,10306
7290000450209,false,טונה בשמן פוסידון 1,,,טונה בשמן פוסידון 1,גרמים,108.00,100 גרם,false,,5.90,0.0546,true,1,16792
7290000453019,false,שמרית שמרים טריים לא,,,שמרית שמרים טריים לא,גרמים,50.00,100 גרם,false,,4.50,0.0900,true,1,23245
7290000453125,false,שמרית שמרים טריים לא,,,שמרית שמרים טריים לא,גרמים,100.00,100 גרם,false,,7.70,0.0770,true,1,23246
7290000453408,false,שמרית בצק פיצה דק מצ,,,שמרית בצק פיצה דק מצ,גרמים,415.00,100 גרם,false,,17.50,0.0422,true,1,23247
7290000453415,false,שמרית בצק עלים מצונן,,,שמרית בצק עלים מצונן,גרמים,300.00,100 גרם,false,,15.90,0.0530,true,1,23248
7290000453422,false,שמרית בצק פילו מוכן,,,שמרית בצק פילו מוכן,גרמים,300.00,100 גרם,false,,15.90,0.0530,true,1,23249
7290000453446,false,פיצה קראסט שמרית מצו,,,פיצה קראסט שמרית מצו,גרמים,500.00,100 גרם,false,,19.90,0.0398,true,1,241769
7290000453798,false,שמרים יבשים אקטיביים,,,שמרים יבשים אקטיביים,גרמים,500.00,100 גרם,false,,12.90,0.0258,true,1,22200
7290000453866,false,נטורינה קוקוס שטראוס,,,נטורינה קוקוס שטראוס,גרמים,200.00,100 גרם,false,,7.70,0.0385,true,1,23250
7290000453880,false,מרגרינה ללא מלח לאפי,,,מרגרינה ללא מלח לאפי,גרמים,200.00,100 גרם,false,,4.90,0.0245,true,1,23252
7290000453897,false,מרגרינה בטעם חמאה 20,,,מרגרינה בטעם חמאה 20,גרמים,200.00,100 גרם,false,,4.90,0.0245,true,1,23253
7290000455456,false,נסיכת הנילוס פילה פר,,,נסיכת הנילוס פילה פר,קילוגרמים,1.00,"ק""ג",true,,69.90,69.9000,true,1,35185
7290000461700,false,ביגלה שמיניות גדולות,,,ביגלה שמיניות גדולות,גרמים,400.00,100 גרם,false,,11.90,0.0298,true,1,10309
7290000461793,false,ביגלה ארוך ארוך דל ש,,,ביגלה ארוך ארוך דל ש,גרמים,150.00,100 גרם,false,,5.90,0.0393,true,1,10312
7290000462103,false,סחוג אדום חריף עדין,,,סחוג אדום חריף עדין,גרמים,150.00,100 גרם,false,,7.90,0.0527,true,1,23254
7290000462141,false,סחוג אדום חריף מאוד,,,סחוג אדום חריף מאוד,גרמים,150.00,100 גרם,false,,7.90,0.0527,true,1,23255
7290000462172,false,סחוג ירוק חריף מאוד,,,סחוג ירוק חריף מאוד,גרמים,150.00,100 גרם,false,,7.90,0.0527,true,1,23257
7290000462981,false,סחוג חריף אשש 150 גר,,,סחוג חריף אשש 150 גר,גרמים,150.00,100 גרם,false,,7.90,0.0527,true,1,82339
7290000467153,false,צבר חומוס סמיר הגדול,,,צבר חומוס סמיר הגדול,גרמים,400.00,100 גרם,false,,13.90,0.0348,true,1,19732
7290000467320,false,צבר חומוס אבו מרוואן,,,צבר חומוס אבו מרוואן,גרמים,400.00,100 גרם,false,,13.90,0.0348,true,1,19733
7290000472821,false,גבינה צהובה 28% הר,,,גבינה צהובה 28% הר,קילוגרמים,1.00,"ק""ג",true,,31.00,31.0000,true,1,486752
7290000474090,false,טרה חלב בקרטון 1% 1ל,,,טרה חלב בקרטון 1% 1ל,ליטרים,1.00,ליטר,false,,5.86,5.8600,true,1,6345
7290000474373,false,טרה שמנת חמוצה 15% 2,,,טרה שמנת חמוצה 15% 2,מיליליטרים,200.00,"100 מ""ל",false,,2.40,0.0120,true,1,6351
7290000474502,false,טרה גבינה לבנה 5% 25,,,טרה גבינה לבנה 5% 25,גרמים,250.00,100 גרם,false,,4.98,0.0199,true,1,6354
7290000474540,false,טוב טעם גבינה 3% 250,,,טוב טעם גבינה 3% 250,גרמים,250.00,100 גרם,false,,10.90,0.0436,true,1,6355
7290000474830,false,נעם גבינה צהובה מגור,,,נעם גבינה צהובה מגור,גרמים,500.00,100 גרם,false,,29.90,0.0598,true,1,6356
7290000480107,false,"קוואקר מהיר אטוס לל""",,,"קוואקר מהיר אטוס לל""",גרמים,500.00,100 גרם,false,,12.90,0.0258,true,1,24157
7290000480442,false,שיבולת שועל בשקית קו,,,שיבולת שועל בשקית קו,גרמים,500.00,100 גרם,false,,11.90,0.0238,true,1,24158
7290000481029,false,פיתות 10 יחידות בטעם,,,פיתות 10 יחידות בטעם,קילוגרמים,1.00,"ק""ג",false,,10.90,10.9000,true,1,55153
7290000481043,true,עשיריית פיתות כוסמין,,,עשיריית פיתות כוסמין,גרמים,700.00,100 גרם,false,,14.90,0.0213,true,1,136139
7290000481074,false,לחם טריו מלא דגנית 7,,,לחם טריו מלא דגנית 7,גרמים,750.00,100 גרם,false,,19.90,0.0265,true,1,523814
7290000481531,false,לחמניות 10 יחידות חי,,,לחמניות 10 יחידות חי,גרמים,750.00,100 גרם,false,,13.90,0.0185,true,1,4462
7290000481883,false,10 לחמניות דגנית,,,10 לחמניות דגנית,גרמים,750.00,100 גרם,false,,13.90,0.0185,true,1,4466
7290000481913,false,6 לחמניות קלועות דגנ,,,6 לחמניות קלועות דגנ,גרמים,750.00,100 גרם,false,,19.90,0.0265,true,1,4467
7290000484747,false,"עלית הארק 40% 700 מ""",,,"עלית הארק 40% 700 מ""",מיליליטרים,700.00,"100 מ""ל",false,,59.90,0.0856,true,1,28897
7290000490601,false,גלידל מאגדת בטעם וני,,,גלידל מאגדת בטעם וני,גרמים,400.00,100 גרם,false,,31.90,0.0797,true,1,36066
7290000493176,false,אסם אבקת רוטב צלי לב,,,אסם אבקת רוטב צלי לב,גרמים,22.00,100 גרם,false,,3.90,0.1773,true,1,18683
7290000493183,false,אסם אבקת רוטב פטריות,,,אסם אבקת רוטב פטריות,גרמים,30.00,100 גרם,false,,3.90,0.1300,true,1,18684
7290000496346,false,נתחי פילה סלמון קפוא,,,נתחי פילה סלמון קפוא,קילוגרמים,1.00,"ק""ג",true,,79.90,79.9000,true,1,578102
7290000496360,false,פילה בקלה דרום אפרי,,,פילה בקלה דרום אפרי,קילוגרמים,1.00,"ק""ג",true,,43.90,43.9000,true,1,208866
7290000504025,false,סוכרזית פטריה 300 טב,,,סוכרזית פטריה 300 טב,גרמים,246.00,100 גרם,false,,8.50,0.0346,true,1,22207
7290000504049,false,סוכרזית קנקן 1200 טב,,,סוכרזית קנקן 1200 טב,גרמים,984.00,100 גרם,false,,23.90,0.0243,true,1,22208
7290000511010,false,פרמז`נו בגלגל ויליפו,,,פרמז`נו בגלגל ויליפו,קילוגרמים,1.00,"ק""ג",true,,110.00,110.0000,true,1,2798
7290000511706,false,גבינת גאודה עם כמון,,,גבינת גאודה עם כמון,קילוגרמים,1.00,"ק""ג",true,,90.00,90.0000,true,1,2801
7290000511904,false,בייבי אדם הולנד וילי,,,בייבי אדם הולנד וילי,קילוגרמים,1.00,"ק""ג",true,,65.00,65.0000,true,1,2803
7290000518190,false,מתוק וקל סטיביה 100,,,מתוק וקל סטיביה 100,גרמים,80.00,100 גרם,false,,24.90,0.3112,true,1,15790
7290000518220,false,סוכרה דיאט 100 יח,,,סוכרה דיאט 100 יח,גרמים,80.00,100 גרם,false,,24.90,0.3112,true,1,15791
7290000518251,false,מתוק וקל זהב 100 שקי,,,מתוק וקל זהב 100 שקי,גרמים,100.00,100 גרם,false,,11.90,0.1190,true,1,15793
7290000521022,false,סגל לבן חצי יבש 750,,,סגל לבן חצי יבש 750,מיליליטרים,750.00,"100 מ""ל",false,,21.90,0.0292,true,1,9382
7290000521404,false,מרום גליל סינגל קברנ,,,מרום גליל סינגל קברנ,מיליליטרים,750.00,"100 מ""ל",false,,38.90,0.0519,true,1,9390
7290000523125,false,מלח ים יבש הארץ 250,,,מלח ים יבש הארץ 250,גרמים,250.00,100 גרם,false,,5.90,0.0236,true,1,24622
7290000523224,false,מלח ים יבש הארץ 500,,,מלח ים יבש הארץ 500,גרמים,500.00,100 גרם,false,,7.90,0.0158,true,1,15460
7290000523521,false,מלח מעושר ביוד הארץ,,,מלח מעושר ביוד הארץ,גרמים,250.00,100 גרם,false,,5.90,0.0236,true,1,24623
7290000523804,false,מלח עדין בצנצנת הארץ,,,מלח עדין בצנצנת הארץ,קילוגרמים,1.00,"ק""ג",false,,7.50,7.5000,true,1,24624
7290000523811,false,מלח גס בצנצנת הארץ 1,,,מלח גס בצנצנת הארץ 1,קילוגרמים,1.00,"ק""ג",false,,7.50,7.5000,true,1,24625
7290000525969,false,פרימור מיץ תפוזים 1ל,,,פרימור מיץ תפוזים 1ל,ליטרים,1.00,ליטר,false,,15.90,15.9000,true,1,23261
7290000530024,false,תה מעושן זוגלובק,,,תה מעושן זוגלובק,קילוגרמים,1.00,"ק""ג",true,,47.00,47.0000,true,1,38891
7290000530031,false,סלמי פיין צר זוגלובק,,,סלמי פיין צר זוגלובק,קילוגרמים,1.00,"ק""ג",true,,60.00,60.0000,true,1,38892
7290000530048,false,סלמי פפרוני זוגלובק,,,סלמי פפרוני זוגלובק,קילוגרמים,1.00,"ק""ג",true,,60.00,60.0000,true,1,38893
7290000530062,false,סלמי מעו. איטלקי זוג,,,סלמי מעו. איטלקי זוג,קילוגרמים,1.00,"ק""ג",true,,82.00,82.0000,true,1,38894
7290000530086,false,סלמי מעושן 7000 א.מ.,,,סלמי מעושן 7000 א.מ.,גרמים,600.00,100 גרם,false,,33.00,0.0550,true,1,38929
7290000530109,false,זוג קבנוס בוואקום 36,,,זוג קבנוס בוואקום 36,גרמים,360.00,100 גרם,false,,24.90,0.0692,true,1,38930
7290000530178,false,סלמי קוניאק זוגלובק.,,,סלמי קוניאק זוגלובק.,קילוגרמים,1.00,"ק""ג",true,,90.00,90.0000,true,1,38897
7290000530192,false,נקניק סרבלד זוגלובק,,,נקניק סרבלד זוגלובק,קילוגרמים,1.00,"ק""ג",true,,123.00,123.0000,true,1,38898
7290000530260,false,נקניק מורטדלה זוגלוב,,,נקניק מורטדלה זוגלוב,קילוגרמים,1.00,"ק""ג",true,,38.00,38.0000,true,1,38899
7290000530291,false,זוגלובק נקניק מבשר ה,,,זוגלובק נקניק מבשר ה,גרמים,800.00,100 גרם,false,,18.90,0.0236,true,1,38933
7290000530369,false,פסט. גולן 3% זוגלובק,,,פסט. גולן 3% זוגלובק,קילוגרמים,1.00,"ק""ג",true,,80.00,80.0000,true,1,38901
7290000530413,false,המבורגר זהב 400גר,,,המבורגר זהב 400גר,גרמים,400.00,100 גרם,false,,19.90,0.0497,true,1,38934
7290000530444,false,כתף בקר מעושן זוגלוב,,,כתף בקר מעושן זוגלוב,קילוגרמים,1.00,"ק""ג",true,,110.00,110.0000,true,1,38902
7290000530468,false,נקניקיות וינר טרי 1ק,,,נקניקיות וינר טרי 1ק,קילוגרמים,1.00,"ק""ג",false,,24.90,24.9000,true,1,38935
7290000530598,false,נקניקיות וינר טרי זו,,,נקניקיות וינר טרי זו,גרמים,500.00,100 גרם,false,,11.90,0.0238,true,1,38938
7290000530703,false,זוג תה 400 + חרמון 4,,,זוג תה 400 + חרמון 4,גרמים,800.00,100 גרם,false,,27.90,0.0349,true,1,38940
7290000531410,false,פסט. בדבש טהור 3% זו,,,פסט. בדבש טהור 3% זו,קילוגרמים,1.00,"ק""ג",true,,80.00,80.0000,true,1,38904
7290000531601,false,סטייק בורגר 400 גר'-,,,סטייק בורגר 400 גר'-,גרמים,400.00,100 גרם,false,,19.90,0.0497,true,1,38942
7290000532400,false,ברביקיו חזה הודו זוג,,,ברביקיו חזה הודו זוג,קילוגרמים,1.00,"ק""ג",true,,80.00,80.0000,true,1,38905
7290000532721,false,כתף בקר מפולפל טורו,,,כתף בקר מפולפל טורו,קילוגרמים,1.00,"ק""ג",true,,110.00,110.0000,true,1,38907
7290000533353,false,זוגלובק בצק עלים 1קג,,,זוגלובק בצק עלים 1קג,קילוגרמים,1.00,"ק""ג",false,,13.90,13.9000,true,1,38945
7290000534718,false,תבור חזה מעושן ד.ש.,,,תבור חזה מעושן ד.ש.,קילוגרמים,1.00,"ק""ג",true,,80.00,80.0000,true,1,38912
7290000534800,false,פסטרמה רומנית 4% זוג,,,פסטרמה רומנית 4% זוג,קילוגרמים,1.00,"ק""ג",true,,80.00,80.0000,true,1,38913
7290000534824,false,חרמון 3% זוגלובק במש,,,חרמון 3% זוגלובק במש,קילוגרמים,1.00,"ק""ג",true,,53.00,53.0000,true,1,38914
7290000537566,false,נקניקיות עוף טרי 400,,,נקניקיות עוף טרי 400,גרמים,400.00,100 גרם,false,,11.50,0.0288,true,1,38957
7290000537603,false,"נקנקיות עוף 1 ק""ג -ז",,,"נקנקיות עוף 1 ק""ג -ז",קילוגרמים,1.00,"ק""ג",false,,24.90,24.9000,true,1,38958
7290000538709,false,תה מעושן 200 גרם,,,תה מעושן 200 גרם,גרמים,200.00,100 גרם,false,,14.90,0.0745,true,1,38963
7290000552118,false,נקנקיות מרגז 400 גרם,,,נקנקיות מרגז 400 גרם,גרמים,400.00,100 גרם,false,,20.90,0.0522,true,1,16794
7290000552194,false,קישקע קפוא 500 גרם,,,קישקע קפוא 500 גרם,גרמים,500.00,100 גרם,false,,12.90,0.0258,true,1,16796
7290000552569,false,סטייק בורגר 400 ג'-ט,,,סטייק בורגר 400 ג'-ט,גרמים,400.00,100 גרם,false,,17.90,0.0447,true,1,16797
7290000554402,false,גד מלבי 160מל.,,,גד מלבי 160מל.,מיליליטרים,160.00,"100 מ""ל",false,,5.90,0.0369,true,1,14624
7290000554457,false,גד צפתית מיני 5% 350,,,גד צפתית מיני 5% 350,גרמים,350.00,100 גרם,false,,19.90,0.0569,true,1,14625
7290000554471,false,גד מוצרלה נקניק טבעי,,,גד מוצרלה נקניק טבעי,גרמים,180.00,100 גרם,false,,15.90,0.0883,true,1,14626
7290000554532,false,גד צפתית מעודנת במלח,,,גד צפתית מעודנת במלח,גרמים,200.00,100 גרם,false,,14.90,0.0745,true,1,14627
7290000554600,false,גד מוצרלה מגורדת %18,,,גד מוצרלה מגורדת %18,גרמים,300.00,100 גרם,false,,24.90,0.0830,true,1,14628
7290000554624,false,גד ירח מתוק 150מל,,,גד ירח מתוק 150מל,גרמים,150.00,100 גרם,false,,5.90,0.0393,true,1,14629
7290000554686,false,גד לאבנה בשמן זית וז,,,גד לאבנה בשמן זית וז,גרמים,250.00,100 גרם,false,,13.90,0.0556,true,1,14630
7290000554822,false,גד ריקוטה טבעי 5% 25,,,גד ריקוטה טבעי 5% 25,גרמים,250.00,100 גרם,false,,14.50,0.0580,true,1,14632
7290000554839,false,גד מסקרפונה 40% 250ג,,,גד מסקרפונה 40% 250ג,גרמים,250.00,100 גרם,false,,20.50,0.0820,true,1,14633
7290000560533,false,ג'ל גילוח ירוק לעור,,,ג'ל גילוח ירוק לעור,מיליליטרים,200.00,"100 מ""ל",false,,15.90,0.0795,true,1,5740
7290000560540,false,ג'ל גילוח כתום לעור,,,ג'ל גילוח כתום לעור,מיליליטרים,200.00,"100 מ""ל",false,,15.90,0.0795,true,1,5741
7290000561141,false,מיקס אגוזים טבעי 15,,,מיקס אגוזים טבעי 15,גרמים,150.00,100 גרם,false,,14.90,0.0993,true,1,1422
7290000561189,false,חמוציות 200 גרם,,,חמוציות 200 גרם,גרמים,200.00,100 גרם,false,,10.00,0.0500,true,1,1425
7290000561202,false,גרעין חמניה קלוי 200,,,גרעין חמניה קלוי 200,גרמים,200.00,100 גרם,false,,6.90,0.0345,true,1,1427
7290000561233,false,בוטן קלוי 200ג פיצוח,,,בוטן קלוי 200ג פיצוח,גרמים,200.00,100 גרם,false,,7.90,0.0395,true,1,1429
7290000561240,false,גרעין דלעת קלוי 200ג,,,גרעין דלעת קלוי 200ג,גרמים,200.00,100 גרם,false,,9.90,0.0495,true,1,1430
7290000561271,false,צימוק בהיר 200 גרם -,,,צימוק בהיר 200 גרם -,גרמים,200.00,100 גרם,false,,10.00,0.0500,true,1,1431
7290000561462,false,בננה ציפס 200 גר- חמ,,,בננה ציפס 200 גר- חמ,גרמים,200.00,100 גרם,false,,6.90,0.0345,true,1,1441
7290000561561,false,פוסידון מנצ'יס 200ג,,,פוסידון מנצ'יס 200ג,גרמים,200.00,100 גרם,false,,9.90,0.0495,true,1,1446
7290000561714,false,צנובר 100 גרם,,,צנובר 100 גרם,גרמים,100.00,100 גרם,false,,24.90,0.2490,true,1,1452
7290000571294,false,גאודה מעושנת המחלבה,,,גאודה מעושנת המחלבה,קילוגרמים,1.00,"ק""ג",true,,101.00,101.0000,true,1,25662
7290000574035,false,לחם אחיד פרוס דגנית,,,לחם אחיד פרוס דגנית,גרמים,750.00,100 גרם,false,,7.11,0.0095,true,1,4472
7290000574066,false,לחם מלא עם שיפון דגנ,,,לחם מלא עם שיפון דגנ,יחידה,0.00,יחידה,false,,14.90,0.0000,true,1,4474
7290000574141,false,לחם חיטה מלאה דגנית,,,לחם חיטה מלאה דגנית,גרמים,750.00,100 גרם,false,,14.90,0.0199,true,1,4478
7290000574172,false,לחם קל חיטה מלאה דגנ,,,לחם קל חיטה מלאה דגנ,גרמים,750.00,100 גרם,false,,13.90,0.0185,true,1,4480
7290000574257,false,לחם שחור פרוס קל דגנ,,,לחם שחור פרוס קל דגנ,גרמים,750.00,100 גרם,false,,13.90,0.0185,true,1,4482
7290000574455,false,לחם חיטה מלא+כוסמין,,,לחם חיטה מלא+כוסמין,גרמים,750.00,100 גרם,false,,14.90,0.0199,true,1,4492
7290000578085,false,גבינת מוצרלה 21% ויל,,,גבינת מוצרלה 21% ויל,קילוגרמים,1.00,"ק""ג",true,,58.00,58.0000,true,1,2804
7290000580511,false,פילה מדומה 6 חלק פרג,,,פילה מדומה 6 חלק פרג,קילוגרמים,1.00,"ק""ג",true,,39.90,39.9000,true,1,51521
7290000598472,false,סלמון מנות נורבגי בו,,,סלמון מנות נורבגי בו,קילוגרמים,1.00,"ק""ג",true,,84.90,84.9000,true,1,51526
7290000599472,false,שישיית כריות יפניות,,,שישיית כריות יפניות,יחידה,0.00,יחידה,false,,7.90,0.0000,true,1,13451
7290000599847,false,רב מגבת מויסקו,,,רב מגבת מויסקו,יחידה,0.00,יחידה,false,,8.90,0.0000,true,1,13466
7290000604343,false,תמר דקל נור 400גר,,,תמר דקל נור 400גר,גרמים,400.00,100 גרם,false,,9.90,0.0248,true,1,42949
7290000610549,false,פילה מדומה 6 חלק אור,,,פילה מדומה 6 חלק אור,קילוגרמים,1.00,"ק""ג",true,,39.90,39.9000,true,1,539616
7290000611183,false,פילה סלמון נורבגי קפ,,,פילה סלמון נורבגי קפ,קילוגרמים,1.00,"ק""ג",true,,79.90,79.9000,true,1,163085
7290000611228,false,פילה עוף טרי ארוז,,,פילה עוף טרי ארוז,קילוגרמים,1.00,"ק""ג",true,,34.90,34.9000,true,1,37946
7290000611839,false,שוקיים עוף טרי ארוז,,,שוקיים עוף טרי ארוז,קילוגרמים,1.00,"ק""ג",true,,28.90,28.9000,true,1,37956
7290000611853,false,כנפיים עוף טרי ארוז,,,כנפיים עוף טרי ארוז,קילוגרמים,1.00,"ק""ג",true,,10.90,10.9000,true,1,37958
7290000611860,false,חזה עוף שלם טרי ארוז,,,חזה עוף שלם טרי ארוז,קילוגרמים,1.00,"ק""ג",true,,31.90,31.9000,true,1,37959
7290000614528,false,צלי כתף מס' 5 חלק אר,,,צלי כתף מס' 5 חלק אר,קילוגרמים,1.00,"ק""ג",true,,69.90,69.9000,true,1,288509
7290000614559,false,שריר הזרוע מס' 8 חלק,,,שריר הזרוע מס' 8 חלק,קילוגרמים,1.00,"ק""ג",true,,29.90,29.9000,true,1,288537
7290000614580,false,בשר לחמין חלק ארוז,,,בשר לחמין חלק ארוז,קילוגרמים,1.00,"ק""ג",true,,29.90,29.9000,true,1,288551
7290000628170,false,צלי כתף מס' 5 חלק בר,,,צלי כתף מס' 5 חלק בר,קילוגרמים,1.00,"ק""ג",true,,69.90,69.9000,true,1,393070
7290000628194,false,שריר הזרוע 8 חלק ברז,,,שריר הזרוע 8 חלק ברז,קילוגרמים,1.00,"ק""ג",true,,29.90,29.9000,true,1,79539
7290000644783,false,דגי תנובה נתחי פילה,,,דגי תנובה נתחי פילה,קילוגרמים,1.00,"ק""ג",true,,89.90,89.9000,true,1,26485
7290000646299,false,פילה נסיכה 100% דגי,,,פילה נסיכה 100% דגי,קילוגרמים,1.00,"ק""ג",true,,54.90,54.9000,true,1,169192
7290000652177,false,נתחי פילה נסיכה 100%,,,נתחי פילה נסיכה 100%,קילוגרמים,1.00,"ק""ג",true,,69.90,69.9000,true,1,90041
7290000652542,false,פילה אמנון 5-7 100%,,,פילה אמנון 5-7 100%,קילוגרמים,1.00,"ק""ג",true,,34.90,34.9000,true,1,90013
7290000658926,false,פילה מרלוזה קפוא 100,,,פילה מרלוזה קפוא 100,קילוגרמים,1.00,"ק""ג",true,,32.90,32.9000,true,1,26494
7290000659312,false,דגי תנובה פילה סלמון,,,דגי תנובה פילה סלמון,קילוגרמים,1.00,"ק""ג",true,,69.90,69.9000,true,1,26495
7290000662817,false,סלמון מעושן פרוס 100,,,סלמון מעושן פרוס 100,גרמים,100.00,100 גרם,false,,18.90,0.1890,true,1,135766
7290000663036,false,פילה אמנון ללא עור 1,,,פילה אמנון ללא עור 1,קילוגרמים,1.00,"ק""ג",true,,44.90,44.9000,true,1,169178
7290000663135,false,קוביות סלמון 300 גרם,,,קוביות סלמון 300 גרם,גרמים,300.00,100 גרם,false,,29.90,0.0997,true,1,198826
7290000679455,false,בשר הודו אדום טרי אר,,,בשר הודו אדום טרי אר,קילוגרמים,1.00,"ק""ג",true,,39.90,39.9000,true,1,49942
7290000680123,false,כנפיים עוף טרי ארוז,,,כנפיים עוף טרי ארוז,קילוגרמים,1.00,"ק""ג",true,,10.90,10.9000,true,1,49950
7290000680130,false,שוקיים עוף טרי ארוז,,,שוקיים עוף טרי ארוז,קילוגרמים,1.00,"ק""ג",true,,28.90,28.9000,true,1,49951
7290000680147,false,כרעיים עוף טרי ארוז,,,כרעיים עוף טרי ארוז,קילוגרמים,1.00,"ק""ג",true,,26.90,26.9000,true,1,49952
7290000680154,false,שניצל עוף טרי ארוז,,,שניצל עוף טרי ארוז,קילוגרמים,1.00,"ק""ג",true,,34.90,34.9000,true,1,49953
7290000680161,false,חזה עוף שלם טרי ארוז,,,חזה עוף שלם טרי ארוז,קילוגרמים,1.00,"ק""ג",true,,31.90,31.9000,true,1,49954
7290000680178,false,ירכיים עוף טרי ארוז,,,ירכיים עוף טרי ארוז,קילוגרמים,1.00,"ק""ג",true,,26.90,26.9000,true,1,49955
7290000680185,false,פילה עוף טרי ארוז,,,פילה עוף טרי ארוז,קילוגרמים,1.00,"ק""ג",true,,34.90,34.9000,true,1,49956
7290000680444,false,עוף שלם טרי ארוז,,,עוף שלם טרי ארוז,קילוגרמים,1.00,"ק""ג",true,,18.90,18.9000,true,1,49958
7290000680451,false,כבד עוף טרי ארוז.,,,כבד עוף טרי ארוז.,קילוגרמים,1.00,"ק""ג",true,,19.90,19.9000,true,1,49959
7290000680529,false,שניצל עוף טרי ארוז,,,שניצל עוף טרי ארוז,קילוגרמים,1.00,"ק""ג",true,,36.90,36.9000,true,1,49964
7290000681281,false,עוף טרי מחפוד ארוז-ק,,,עוף טרי מחפוד ארוז-ק,קילוגרמים,1.00,"ק""ג",true,,27.90,27.9000,true,1,49966
7290000681298,false,חזה עוף טרי מחפוד אר,,,חזה עוף טרי מחפוד אר,קילוגרמים,1.00,"ק""ג",true,,32.90,32.9000,true,1,49967
7290000681304,false,כרעיים עוף טרי מחפוד,,,כרעיים עוף טרי מחפוד,קילוגרמים,1.00,"ק""ג",true,,32.90,32.9000,true,1,49968
7290000681311,false,ירכיים עוף טרי מחפוד,,,ירכיים עוף טרי מחפוד,קילוגרמים,1.00,"ק""ג",true,,32.90,32.9000,true,1,49969
7290000681328,false,מחפוד שוקיים עוף טרי,,,מחפוד שוקיים עוף טרי,קילוגרמים,1.00,"ק""ג",true,,36.90,36.9000,true,1,49970
7290000681335,false,פרגיות עוף טרי מחפוד,,,פרגיות עוף טרי מחפוד,קילוגרמים,1.00,"ק""ג",true,,74.90,74.9000,true,1,49971
7290000681342,false,לבבות עוף טרי מחפוד,,,לבבות עוף טרי מחפוד,קילוגרמים,1.00,"ק""ג",true,,34.90,34.9000,true,1,49972
7290000681359,false,כבד עוף טרי ארוז מחפ,,,כבד עוף טרי ארוז מחפ,קילוגרמים,1.00,"ק""ג",true,,32.90,32.9000,true,1,49973
7290000681366,false,כנפיים עוף מחפוד ב-ק,,,כנפיים עוף מחפוד ב-ק,קילוגרמים,1.00,"ק""ג",true,,14.90,14.9000,true,1,49974
7290000681373,false,גרון עוף טרי מחפוד א,,,גרון עוף טרי מחפוד א,קילוגרמים,1.00,"ק""ג",true,,9.90,9.9000,true,1,49975
7290000681380,false,שניצל עוף טרי מחפוד,,,שניצל עוף טרי מחפוד,קילוגרמים,1.00,"ק""ג",true,,34.90,34.9000,true,1,49976
7290000688084,false,מי עדן 1/2 ליטר ספור,,,מי עדן 1/2 ליטר ספור,מיליליטרים,500.00,"100 מ""ל",false,,2.90,0.0058,true,1,11462
7290000688176,false,"מי עדן בייבי 330 מ""ל",,,"מי עדן בייבי 330 מ""ל",מיליליטרים,250.00,"100 מ""ל",false,,2.90,0.0116,true,1,11464
7290000688374,false,"מי עדן בייבי 330 מ""ל",,,"מי עדן בייבי 330 מ""ל",ליטרים,1.98,ליטר,false,,14.90,7.5253,true,1,11465
7290000688381,false,מי עדן פקק ספורט 6*5,,,מי עדן פקק ספורט 6*5,ליטרים,3.00,ליטר,false,,13.90,4.6333,true,1,11466
7290000688466,false,מי עדן ג'ים 750מל,,,מי עדן ג'ים 750מל,מיליליטרים,750.00,"100 מ""ל",false,,2.90,0.0039,true,1,11468
7290000688503,false,מי עדן ג'ים 6*750מל,,,מי עדן ג'ים 6*750מל,ליטרים,4.50,ליטר,false,,15.90,3.5333,true,1,11469
7290000692203,false,אג'קס ניקוי כללי ורצ,,,אג'קס ניקוי כללי ורצ,ליטרים,2.00,ליטר,false,,22.90,11.4500,true,1,21416
7290000692456,false,אגקס חלונות זוג,,,אגקס חלונות זוג,ליטרים,1.50,ליטר,false,,24.90,16.6000,true,1,21421
7290000707062,false,פטם פילה במגש קפוא ל,,,פטם פילה במגש קפוא ל,קילוגרמים,1.00,"ק""ג",true,,39.90,39.9000,true,1,568364
7290000708533,false,פטם חזה חצוי ארוז קפ,,,פטם חזה חצוי ארוז קפ,קילוגרמים,1.00,"ק""ג",true,,38.90,38.9000,true,1,568241
7290000739247,false,פסט. איטלקית זוגלובק,,,פסט. איטלקית זוגלובק,קילוגרמים,1.00,"ק""ג",true,,80.00,80.0000,true,1,38923
7290000740212,false,נקניקיות ג'מבו שקיל,,,נקניקיות ג'מבו שקיל,קילוגרמים,1.00,"ק""ג",true,,19.90,19.9000,true,1,38924
7290000796793,false,בשר ראש בקר קפוא כשר,,,בשר ראש בקר קפוא כשר,קילוגרמים,1.00,"ק""ג",true,,79.90,79.9000,true,1,563034
7290000835961,false,פילה אמנון 7-9 בוואק,,,פילה אמנון 7-9 בוואק,קילוגרמים,1.00,"ק""ג",true,,29.90,29.9000,true,1,68802
7290000900436,false,פסט.איטלקית ט.צבי מע,,,פסט.איטלקית ט.צבי מע,קילוגרמים,1.00,"ק""ג",true,,79.00,79.0000,true,1,25317
7290000907970,false,פסטרמה כפרית טירת צב,,,פסטרמה כפרית טירת צב,קילוגרמים,1.00,"ק""ג",true,,49.00,49.0000,true,1,25318
7290000910291,false,פלפל צ`ילי,,,פלפל צ`ילי,גרמים,100.00,100 גרם,false,,7.90,0.0790,true,1,46599
7290000934422,false,סטייק אנגוס רבנות חל,,,סטייק אנגוס רבנות חל,קילוגרמים,1.00,"ק""ג",true,,79.90,79.9000,true,1,47041
7290000982355,false,סיימן צ`דר טריפל למע,,,סיימן צ`דר טריפל למע,קילוגרמים,1.00,"ק""ג",true,,130.00,130.0000,true,1,16641
7290001041123,false,מיה שקד מולבן פרוס 1,,,מיה שקד מולבן פרוס 1,גרמים,100.00,100 גרם,false,,10.90,0.1090,true,1,14849
7290001041147,false,חומוס 1 ק'ג,,,חומוס 1 ק'ג,קילוגרמים,1.00,"ק""ג",false,,11.90,11.9000,true,1,14851
7290001041154,false,גריסים 1 ק'ג,,,גריסים 1 ק'ג,קילוגרמים,1.00,"ק""ג",false,,6.90,6.9000,true,1,14852
7290001041161,false,שעועית 1 ק'ג,,,שעועית 1 ק'ג,קילוגרמים,1.00,"ק""ג",false,,14.90,14.9000,true,1,14853
7290001041178,false,"אפונה 1 ק""ג",,,"אפונה 1 ק""ג",קילוגרמים,1.00,"ק""ג",false,,7.90,7.9000,true,1,14854
7290001041185,false,פופקורן 1 ק'ג,,,פופקורן 1 ק'ג,קילוגרמים,1.00,"ק""ג",false,,9.90,9.9000,true,1,14855
7290001041192,false,עדשים אדומות 1 ק'ג,,,עדשים אדומות 1 ק'ג,קילוגרמים,1.00,"ק""ג",false,,10.90,10.9000,true,1,14856
7290001041208,false,עדשים ירוקות 1 ק'ג,,,עדשים ירוקות 1 ק'ג,קילוגרמים,1.00,"ק""ג",false,,12.90,12.9000,true,1,14857
7290001041215,false,חיטה 1 ק'ג,,,חיטה 1 ק'ג,קילוגרמים,1.00,"ק""ג",false,,6.90,6.9000,true,1,14858
7290001041222,false,חומוס לבן ענק 1 ק'ג,,,חומוס לבן ענק 1 ק'ג,קילוגרמים,1.00,"ק""ג",false,,17.90,17.9000,true,1,14859
7290001041260,false,שומשום מיה 400 גרם,,,שומשום מיה 400 גרם,גרמים,400.00,100 גרם,false,,11.90,0.0298,true,1,14860
7290001041277,false,פרורי לחם 400 גרם,,,פרורי לחם 400 גרם,גרמים,400.00,100 גרם,false,,5.90,0.0148,true,1,14861
7290001041284,false,לקקנים סוכריה על מקל,,,לקקנים סוכריה על מקל,גרמים,220.00,100 גרם,false,,9.90,0.0450,true,1,14862
7290001041291,false,לקקנים סוכריות על מק,,,לקקנים סוכריות על מק,גרמים,70.00,100 גרם,false,,16.90,0.2414,true,1,14863
7290001045688,false,פרימור מיץ תפוזים 40,,,פרימור מיץ תפוזים 40,מיליליטרים,400.00,"100 מ""ל",false,,7.90,0.0197,true,1,23267
7290001121054,false,יחיעם צמד חמד 700 גר,,,יחיעם צמד חמד 700 גר,גרמים,700.00,100 גרם,false,,24.90,0.0356,true,1,15557
7290001121238,false,יחיעם קורנד ביף 180,,,יחיעם קורנד ביף 180,גרמים,180.00,100 גרם,false,,23.50,0.1306,true,1,15559
7290001121672,false,פסטרמה הודו בפפריקה,,,פסטרמה הודו בפפריקה,גרמים,300.00,100 גרם,false,,19.90,0.0663,true,1,15560
7290001121849,false,יחיעם פסטרמה הודו טב,,,יחיעם פסטרמה הודו טב,גרמים,250.00,100 גרם,false,,24.50,0.0980,true,1,15564
7290001121979,false,יחיעם סלמי הרץ 150ג,,,יחיעם סלמי הרץ 150ג,גרמים,150.00,100 גרם,false,,22.90,0.1527,true,1,15566
7290001123775,false,שווארמה פרגיות 500 ג,,,שווארמה פרגיות 500 ג,גרמים,500.00,100 גרם,false,,19.90,0.0398,true,1,16806
7290001123782,false,שווארמה הודו 500 גרם,,,שווארמה הודו 500 גרם,גרמים,500.00,100 גרם,false,,19.90,0.0398,true,1,16807
7290001136287,false,שמפו רגיל ירוק נקה 7,,,שמפו רגיל ירוק נקה 7,מיליליטרים,750.00,"100 מ""ל",false,,11.90,0.0159,true,1,29810
7290001193792,false,שמן זית למאור מנצסטר,,,שמן זית למאור מנצסטר,יחידה,0.00,יחידה,false,,21.90,0.0000,true,1,48663
7290001201510,false,30 ביצים M מ.לסר,,,30 ביצים M מ.לסר,יחידה,0.00,יחידה,false,,27.87,0.0000,true,1,13625
7290001201589,false,12 ביצים L מ.לסר,,,12 ביצים L מ.לסר,יחידה,0.00,יחידה,false,,12.05,0.0000,true,1,13628
7290001201596,false,12 ביצים M מ.לסר,,,12 ביצים M מ.לסר,יחידה,0.00,יחידה,false,,11.15,0.0000,true,1,13629
7290001201602,false,18ביצים L מ.לסר,,,18ביצים L מ.לסר,יחידה,0.00,יחידה,false,,18.07,0.0000,true,1,274524
7290001201619,false,18 ביצים M מ.לסר,,,18 ביצים M מ.לסר,יחידה,0.00,יחידה,false,,16.72,0.0000,true,1,13630
7290001201657,false,30 ביצים M אומגה 3 מ,,,30 ביצים M אומגה 3 מ,יחידה,0.00,יחידה,false,,41.90,0.0000,true,1,13634
7290001201824,false,12 ביצים L אורגני מ,,,12 ביצים L אורגני מ,יחידה,0.00,יחידה,false,,21.90,0.0000,true,1,13637
7290001201862,false,12 ביצים חופש L מ. ל,,,12 ביצים חופש L מ. ל,יחידה,0.00,יחידה,false,,17.90,0.0000,true,1,13640
7290001201893,false,12 ביצים M אומגה 3,,,12 ביצים M אומגה 3,יחידה,0.00,יחידה,false,,16.90,0.0000,true,1,13642
7290001216040,false,טחינה אל ארז 100% שו,,,טחינה אל ארז 100% שו,גרמים,500.00,100 גרם,false,,15.90,0.0318,true,1,34857
7290001216057,false,טחינה אל ארז 100% שו,,,טחינה אל ארז 100% שו,קילוגרמים,1.00,"ק""ג",false,,29.90,29.9000,true,1,34858
7290001216231,false,טחינה מלאה 100% שומש,,,טחינה מלאה 100% שומש,גרמים,500.00,100 גרם,false,,16.90,0.0338,true,1,34862
7290001230331,false,כאמל בוקס קופסא בודד,,,כאמל בוקס קופסא בודד,יחידה,0.00,יחידה,false,,32.00,0.0000,false,1,4078
7290001231932,false,וינסטון קופסא בודדת,,,וינסטון קופסא בודדת,יחידה,0.00,יחידה,false,,32.00,0.0000,false,1,4083
7290001245699,false,ג'ל אקונומיקה סמיכה,,,ג'ל אקונומיקה סמיכה,ליטרים,4.00,ליטר,false,,11.90,2.9750,true,1,37990
7290001245705,false,אקונומיקה מבושמת 4 ל,,,אקונומיקה מבושמת 4 ל,ליטרים,4.00,ליטר,false,,10.90,2.7250,true,1,37991
7290001245712,false,אקונומיקה טאצ' 4 ליט,,,אקונומיקה טאצ' 4 ליט,ליטרים,4.00,ליטר,false,,10.90,2.7250,true,1,37992
7290001245729,false,ג'ל כביסה ירוק 3 ליט,,,ג'ל כביסה ירוק 3 ליט,ליטרים,1.00,ליטר,false,,17.90,17.9000,true,1,37993
7290001245736,false,ג'ל כביסה כחול 3 ליט,,,ג'ל כביסה כחול 3 ליט,ליטרים,1.00,ליטר,false,,17.90,17.9000,true,1,37994
7290001245798,false,נוזל כלים לימון 18%,,,נוזל כלים לימון 18%,ליטרים,1.60,ליטר,false,,10.90,6.8125,true,1,37996
7290001245828,false,נוזל כלים קלאסי 18%,,,נוזל כלים קלאסי 18%,ליטרים,1.60,ליטר,false,,10.90,6.8125,true,1,37998
7290001245835,false,נוזל רצפות אורנים 4,,,נוזל רצפות אורנים 4,ליטרים,4.00,ליטר,false,,13.90,3.4750,true,1,37999
7290001245842,false,נוזל רצפות מאסק 4 לי,,,נוזל רצפות מאסק 4 לי,ליטרים,4.00,ליטר,false,,13.90,3.4750,true,1,38000
7290001245897,false,נוזל רצפות יסמין 4 ל,,,נוזל רצפות יסמין 4 ל,ליטרים,4.00,ליטר,false,,13.90,3.4750,true,1,38005
7290001245958,false,מרכך כביסה טאצ' ורוד,,,מרכך כביסה טאצ' ורוד,ליטרים,4.00,ליטר,false,,13.90,3.4750,true,1,38010
7290001245965,false,מרכך כביסה טאצ' כחול,,,מרכך כביסה טאצ' כחול,ליטרים,4.00,ליטר,false,,13.90,3.4750,true,1,38011
7290001245972,false,מרכך כביסה טאצ' לבן,,,מרכך כביסה טאצ' לבן,ליטרים,4.00,ליטר,false,,13.90,3.4750,true,1,38012
7290001245989,false,מרכך כביסה טאצ' סגול,,,מרכך כביסה טאצ' סגול,ליטרים,4.00,ליטר,false,,13.90,3.4750,true,1,38013
7290001246061,false,מרכך פרימיום פנטזי 1,,,מרכך פרימיום פנטזי 1,ליטרים,1.00,ליטר,false,,12.90,12.9000,true,1,38015
7290001246078,false,מרכך פרימיום סנשואל,,,מרכך פרימיום סנשואל,ליטרים,1.00,ליטר,false,,12.90,12.9000,true,1,38016
7290001246085,false,תרסיס מנקה חלונות 1,,,תרסיס מנקה חלונות 1,ליטרים,1.00,ליטר,false,,5.90,5.9000,true,1,38017
7290001246122,false,תרסיס לניקוי כללי 75,,,תרסיס לניקוי כללי 75,מיליליטרים,750.00,"100 מ""ל",false,,12.90,0.0172,true,1,38021
7290001246146,false,מסיר אבן 1 ליטר טאצ',,,מסיר אבן 1 ליטר טאצ',ליטרים,1.00,ליטר,false,,13.90,13.9000,true,1,38023
7290001246290,false,תרסיס רסס נגב טאצ' 7,,,תרסיס רסס נגב טאצ' 7,מיליליטרים,750.00,"100 מ""ל",false,,12.90,0.0172,true,1,38024
7290001246320,false,ג'ל אסלות לימון טאצ',,,ג'ל אסלות לימון טאצ',מיליליטרים,750.00,"100 מ""ל",false,,9.90,0.0132,true,1,38026
7290001246337,false,ג'ל אסלות אורנים טאצ,,,ג'ל אסלות אורנים טאצ,מיליליטרים,750.00,"100 מ""ל",false,,9.90,0.0132,true,1,38027
7290001246351,false,נוזל רצפות לבנדר 4 ל,,,נוזל רצפות לבנדר 4 ל,ליטרים,4.00,ליטר,false,,13.90,3.4750,true,1,38029
7290001246528,false,מרכך כביסה מרוכז פרפ,,,מרכך כביסה מרוכז פרפ,ליטרים,1.00,ליטר,false,,12.90,12.9000,true,1,38032
7290001246634,false,נוזל אסלות על בסיס ח,,,נוזל אסלות על בסיס ח,ליטרים,1.00,ליטר,false,,7.90,7.9000,true,1,38033
7290001246757,false,נוזל רצפות מלון בוטי,,,נוזל רצפות מלון בוטי,ליטרים,2.00,ליטר,false,,17.90,8.9500,true,1,38034
7290001246801,false,נוזל רצפות פרקט טאצ',,,נוזל רצפות פרקט טאצ',ליטרים,2.00,ליטר,false,,17.90,8.9500,true,1,38036
7290001246825,false,ג'ל כביסה ירוק טאצ',,,ג'ל כביסה ירוק טאצ',ליטרים,5.00,ליטר,false,,29.90,5.9800,true,1,310404
7290001246832,false,ג'ל כביסה כחול טאצ',,,ג'ל כביסה כחול טאצ',ליטרים,5.00,ליטר,false,,29.90,5.9800,true,1,310405
7290001246979,false,אקופרנד - נוזל כלים,,,אקופרנד - נוזל כלים,ליטרים,1.00,ליטר,false,,14.90,14.9000,true,1,109198
7290001247068,false,ספרינג תות בננה קרטו,,,ספרינג תות בננה קרטו,ליטרים,1.00,ליטר,false,,6.90,6.9000,true,1,11483
7290001247082,false,ספרינג עגבניות קרטונ,,,ספרינג עגבניות קרטונ,ליטרים,1.00,ליטר,false,,6.50,6.5000,true,1,11484
7290001247099,false,ספרינג מנגו קרטונית,,,ספרינג מנגו קרטונית,ליטרים,1.00,ליטר,false,,6.90,6.9000,true,1,11485
7290001247105,false,ספרינג נקטר אפרסק 1ל,,,ספרינג נקטר אפרסק 1ל,ליטרים,1.00,ליטר,false,,6.90,6.9000,true,1,11486
7290001247112,false,ספרינג לימונענע קרטו,,,ספרינג לימונענע קרטו,ליטרים,1.00,ליטר,false,,6.90,6.9000,true,1,11487
7290001247129,false,ספרינג תפוז קרטונית,,,ספרינג תפוז קרטונית,ליטרים,1.00,ליטר,false,,6.90,6.9000,true,1,11488
7290001247143,false,ספרינג תפוח קרטונית,,,ספרינג תפוח קרטונית,ליטרים,1.00,ליטר,false,,6.90,6.9000,true,1,11490
7290001274934,false,פופסיקל בטעם לימון 8,,,פופסיקל בטעם לימון 8,גרמים,640.00,100 גרם,false,,24.90,0.0389,true,1,36071
7290001274941,false,פופסיקל בטעם פטל 8 י,,,פופסיקל בטעם פטל 8 י,גרמים,640.00,100 גרם,false,,24.90,0.0389,true,1,36072
7290001305058,false,סבון נוזלי חלב ודבש,,,סבון נוזלי חלב ודבש,מיליליטרים,500.00,"100 מ""ל",false,,15.90,0.0318,true,1,21429
7290001305188,false,פלמוליב לכלים פריחת,,,פלמוליב לכלים פריחת,מיליליטרים,750.00,"100 מ""ל",false,,11.90,0.0159,true,1,21430
7290001327180,false,קרמיסימו וניל ציפ 1.,,,קרמיסימו וניל ציפ 1.,ליטרים,1.33,ליטר,false,,18.90,14.2105,true,1,4228
7290001407127,false,פרוסות חלבה וניל באר,,,פרוסות חלבה וניל באר,גרמים,400.00,100 גרם,false,,14.30,0.0358,true,1,18691
7290001407547,false,בארכה טחינה שומשום מ,,,בארכה טחינה שומשום מ,גרמים,500.00,100 גרם,false,,14.90,0.0298,true,1,18695
7290001407769,false,בארכה טחינה עם שומשו,,,בארכה טחינה עם שומשו,גרמים,500.00,100 גרם,false,,14.90,0.0298,true,1,18698
7290001407813,false,חלבה שאמית וניל עם פ,,,חלבה שאמית וניל עם פ,גרמים,350.00,100 גרם,false,,14.90,0.0426,true,1,18699
7290001407936,false,בארכה טחינה מעודנת 3,,,בארכה טחינה מעודנת 3,גרמים,310.00,100 גרם,false,,10.90,0.0352,true,1,18703
7290001419618,false,וופל עלמה בלגי שוקו,,,וופל עלמה בלגי שוקו,גרמים,200.00,100 גרם,false,,2.90,0.0145,true,1,41252
7290001419779,false,וופל עלמה קלאסי 200,,,וופל עלמה קלאסי 200,גרמים,200.00,100 גרם,false,,2.90,0.0145,true,1,41253
7290001419793,false,גביעים מגולגלים עלמה,,,גביעים מגולגלים עלמה,גרמים,120.00,100 גרם,false,,11.90,0.0992,true,1,41254
7290001436790,false,מרגז מיני אקסטרה חרי,,,מרגז מיני אקסטרה חרי,גרמים,500.00,100 גרם,false,,28.90,0.0578,true,1,274541
7290001459911,false,לקט ירקות העונה בלדי,,,לקט ירקות העונה בלדי,גרמים,800.00,100 גרם,false,,11.90,0.0149,true,1,553289
7290001459928,false,גזר גמדי בלדי 800 גר,,,גזר גמדי בלדי 800 גר,גרמים,800.00,100 גרם,false,,11.90,0.0149,true,1,553273
7290001459935,false,אפונה בלדי 800 גרם,,,אפונה בלדי 800 גרם,גרמים,800.00,100 גרם,false,,11.90,0.0149,true,1,553210
7290001459942,false,אפונה וקוביות גזר בל,,,אפונה וקוביות גזר בל,גרמים,800.00,100 גרם,false,,11.90,0.0149,true,1,553241
7290001461105,false,לחם מחמצת לבן,,,לחם מחמצת לבן,גרמים,530.00,100 גרם,false,,16.90,0.0319,true,1,2517
7290001461860,false,עשיריית פיתות פילסבר,,,עשיריית פיתות פילסבר,יח',1.00,יח',false,,12.90,12.9000,true,1,2521
7290001468487,false,רצועת סיזל + כפפה,,,רצועת סיזל + כפפה,יחידה,0.00,יחידה,false,,21.00,0.0000,true,1,15862
7290001468678,false,מפה חד פעמי,,,מפה חד פעמי,יחידה,0.00,יחידה,false,,10.90,0.0000,true,1,15866
7290001468890,false,אלכוהול 70% נאמן 100,,,אלכוהול 70% נאמן 100,מיליליטרים,100.00,"100 מ""ל",false,,4.50,0.0450,true,1,15869
7290001485019,false,טרה גבינת שמנת טבעי,,,טרה גבינת שמנת טבעי,גרמים,200.00,100 גרם,false,,10.90,0.0545,true,1,6366
7290001491010,false,תה ירוק עם יסמין T.T,,,תה ירוק עם יסמין T.T,גרמים,37.50,100 גרם,false,,23.90,0.6373,true,1,24627
7290001552025,false,קוסקוס 800גר,,,קוסקוס 800גר,גרמים,800.00,100 גרם,false,,14.90,0.0186,true,1,51558
7290001552049,false,מטעמי פאר קוסקוס מרו,,,מטעמי פאר קוסקוס מרו,גרמים,800.00,100 גרם,false,,14.90,0.0186,true,1,51559
7290001567555,false,פסטרמה מעודנת עם דבש,,,פסטרמה מעודנת עם דבש,גרמים,300.00,100 גרם,false,,19.90,0.0663,true,1,274540
7290001567708,false,נקניקיות עוף 400 גר`,,,נקניקיות עוף 400 גר`,גרמים,400.00,100 גרם,false,,9.90,0.0248,true,1,15567
7290001567760,false,פסטרמה של פעם 300 גר,,,פסטרמה של פעם 300 גר,גרמים,300.00,100 גרם,false,,24.50,0.0817,true,1,15572
7290001591734,false,נקניקיות מרגז בסגנון,,,נקניקיות מרגז בסגנון,גרמים,500.00,100 גרם,false,,22.90,0.0458,true,1,376008
7290001594025,false,קוקה קולה קלאסי 350,,,קוקה קולה קלאסי 350,מיליליטרים,350.00,"100 מ""ל",false,,6.90,0.0197,true,1,6828
7290001594155,false,קוקה קולה 500מל,,,קוקה קולה 500מל,מיליליטרים,500.00,"100 מ""ל",false,,6.90,0.0138,true,1,6836
7290001594179,false,פאנטה אורנג' 500 בקב,,,פאנטה אורנג' 500 בקב,מיליליטרים,500.00,"100 מ""ל",false,,6.90,0.0138,true,1,6838
7290001594810,false,מאלטי טובורג בקבוק 6,,,מאלטי טובורג בקבוק 6,ליטרים,1.98,ליטר,false,,31.30,15.8081,true,1,6857
7290001594858,false,טובורג רד בקבוק פקדו,,,טובורג רד בקבוק פקדו,ליטרים,1.98,ליטר,false,,43.90,22.1717,true,1,6859
7290001594865,false,קרלסברג בירה בקבוק 6,,,קרלסברג בירה בקבוק 6,ליטרים,1.98,ליטר,false,,39.90,20.1515,true,1,6860
7290001670057,false,.סכום ח.פ.כפיות 100י,,,.סכום ח.פ.כפיות 100י,יחידה,0.00,יחידה,false,,12.90,0.0000,true,1,7723
7290001670064,false,סכינים 100יח,,,סכינים 100יח,יחידה,0.00,יחידה,false,,12.90,0.0000,true,1,7724
7290001670071,false,.סכום ח.פ.כפות 100יח,,,.סכום ח.פ.כפות 100יח,יחידה,0.00,יחידה,false,,12.90,0.0000,true,1,7725
7290001670255,false,כוסות שתיה חמה 50 יח,,,כוסות שתיה חמה 50 יח,יח',50.00,יח',false,,8.90,0.1780,true,1,7733
7290001696620,false,מיקס פיצוחים 350 גר',,,מיקס פיצוחים 350 גר',גרמים,350.00,100 גרם,false,,12.90,0.0369,true,1,1465
7290001696736,false,פקאן סיני 100 גרם,,,פקאן סיני 100 גרם,גרמים,100.00,100 גרם,false,,17.90,0.1790,true,1,1468
7290001710111,false,נקניקיות מרגז 500 גר,,,נקניקיות מרגז 500 גר,גרמים,500.00,100 גרם,false,,19.90,0.0398,true,1,16820
7290001713150,false,אקונומיקה קצף ניקוי,,,אקונומיקה קצף ניקוי,ליטרים,1.00,ליטר,false,,9.90,9.9000,true,1,20094
7290001713242,false,"שקיות אשפה 25 י""ח 75",,,"שקיות אשפה 25 י""ח 75",יחידה,0.00,יחידה,false,,12.90,0.0000,true,1,383612
7290001723357,false,טוליפס זוג מוצץ סיל',,,טוליפס זוג מוצץ סיל',יחידה,0.00,יחידה,false,,25.90,0.0000,true,1,862
7290001791349,false,אקונומיקה ריחנית פסג,,,אקונומיקה ריחנית פסג,ליטרים,4.00,ליטר,false,,11.90,2.9750,true,1,29839
7290001813478,false,חיוכים חגיגה וניל 90,,,חיוכים חגיגה וניל 90,גרמים,900.00,100 גרם,false,,19.90,0.0221,true,1,22218
7290001817728,false,ציטוס כאפה 55 גרם,,,ציטוס כאפה 55 גרם,גרמים,55.00,100 גרם,false,,3.50,0.0636,true,1,24161
7290001865453,false,סבון נוזלי לבנדר+ מש,,,סבון נוזלי לבנדר+ מש,יחידה,0.00,יחידה,false,,10.90,0.0000,true,1,5760
7290001946121,false,פפריקה מתוקה בשמן בי,,,פפריקה מתוקה בשמן בי,גרמים,400.00,100 גרם,false,,17.90,0.0447,true,1,207167
7290001990094,false,סוכר חום בצנצנת קלאס,,,סוכר חום בצנצנת קלאס,קילוגרמים,1.00,"ק""ג",false,,14.90,14.9000,true,1,17314
7290001990117,false,שומשום 100 גרם,,,שומשום 100 גרם,גרמים,100.00,100 גרם,false,,3.90,0.0390,true,1,17315
7290001990261,false,"סוגת חומוס 1 ק""ג",,,"סוגת חומוס 1 ק""ג",קילוגרמים,1.00,"ק""ג",false,,14.90,14.9000,true,1,17317
7290001990278,false,סוגת שעועית לבנה 1 ק,,,סוגת שעועית לבנה 1 ק,קילוגרמים,1.00,"ק""ג",false,,18.90,18.9000,true,1,17318
7290001990391,false,"אפונה 1 ק""ג",,,"אפונה 1 ק""ג",קילוגרמים,1.00,"ק""ג",false,,11.90,11.9000,true,1,17320
7290001990407,false,עדשים ירוקים 1 קג,,,עדשים ירוקים 1 קג,קילוגרמים,1.00,"ק""ג",false,,14.90,14.9000,true,1,17321
7290001990414,false,סוגת עדשים אדומים 1,,,סוגת עדשים אדומים 1,קילוגרמים,1.00,"ק""ג",false,,14.90,14.9000,true,1,17322
7290001990421,false,"סוגת פופקורן 1 ק""ג",,,"סוגת פופקורן 1 ק""ג",קילוגרמים,1.00,"ק""ג",false,,9.90,9.9000,true,1,17323
7290002000266,false,שעווה תפוח לחימום במ,,,שעווה תפוח לחימום במ,גרמים,500.00,100 גרם,false,,17.90,0.0358,true,1,5768
7290002007487,false,צמר פלדה 100 גר',,,צמר פלדה 100 גר',גרמים,100.00,100 גרם,false,,3.90,0.0390,true,1,7762
7290002007500,false,קיסמים חבית הנמל 500,,,קיסמים חבית הנמל 500,יח',500.00,יח',false,,3.50,0.0070,true,1,7763
7290002007975,false,צלחות קטן 50יח,,,צלחות קטן 50יח,יחידה,0.00,יחידה,false,,12.90,0.0000,true,1,7774
7290002007982,false,מזלגות חד פעמי 100 י,,,מזלגות חד פעמי 100 י,יחידה,0.00,יחידה,false,,12.90,0.0000,true,1,7775
7290002007999,false,צלחות גדול 50יח הנמל,,,צלחות גדול 50יח הנמל,יחידה,0.00,יחידה,false,,15.90,0.0000,true,1,7776
7290002008187,false,קש לשתיה מתקפל 40יח,,,קש לשתיה מתקפל 40יח,יחידה,0.00,יחידה,false,,1.90,0.0000,true,1,7788
7290002008224,false,קישוט לעוגה גליד.,,,קישוט לעוגה גליד.,גרמים,60.00,100 גרם,false,,5.90,0.0983,true,1,7789
7290002008361,false,דפים לסנדוויץ 200יח,,,דפים לסנדוויץ 200יח,יחידה,0.00,יחידה,false,,10.90,0.0000,true,1,7796
7290002008651,false,קמח תפוח אדמה הנמל 5,,,קמח תפוח אדמה הנמל 5,גרמים,500.00,100 גרם,false,,5.90,0.0118,true,1,7803
7290002008743,false,סוכר וניל 10*10 גרם,,,סוכר וניל 10*10 גרם,גרמים,100.00,100 גרם,false,,2.90,0.0290,true,1,7804
7290002008750,false,אבקת אפיה 10*10 גרם,,,אבקת אפיה 10*10 גרם,גרמים,100.00,100 גרם,false,,2.90,0.0290,true,1,7805
7290002026341,false,אריסטו קראנץ-ציפס בט,,,אריסטו קראנץ-ציפס בט,גרמים,500.00,100 גרם,false,,14.90,0.0298,true,1,14389
7290002026440,false,פרצלס קפוא 280 גרם,,,פרצלס קפוא 280 גרם,גרמים,280.00,100 גרם,false,,10.90,0.0389,true,1,14393
7290002026587,false,בראנץ אנד קראנץ וופל,,,בראנץ אנד קראנץ וופל,גרמים,28.00,100 גרם,false,,13.90,0.4964,true,1,14394
7290002043072,false,פריכוני אורז בציפוי,,,פריכוני אורז בציפוי,גרמים,70.00,100 גרם,false,,9.40,0.1343,true,1,96800
7290002043096,false,פריכוני אורז בציפוי,,,פריכוני אורז בציפוי,גרמים,70.00,100 גרם,false,,9.40,0.1343,true,1,96801
7290002043188,false,אקסטרא צ'יפס אורז חו,,,אקסטרא צ'יפס אורז חו,גרמים,60.00,100 גרם,false,,8.50,0.1417,true,1,142483
7290002043218,false,אקסטרא צ'יפס מלח ואו,,,אקסטרא צ'יפס מלח ואו,גרמים,60.00,100 גרם,false,,8.50,0.1417,true,1,142497
7290002043225,false,צ'יפס פפריקה אקסטרה,,,צ'יפס פפריקה אקסטרה,גרמים,60.00,100 גרם,false,,8.50,0.1417,true,1,96814
7290002043782,false,צ'יפס טקסס ברבקיו אק,,,צ'יפס טקסס ברבקיו אק,גרמים,60.00,100 גרם,false,,8.50,0.1417,true,1,96815
7290002057123,false,זיתים חרוזית ירוק קב,,,זיתים חרוזית ירוק קב,גרמים,275.00,100 גרם,false,,9.90,0.0360,true,1,44737
7290002057185,false,טבעות זיתים ירוקים ק,,,טבעות זיתים ירוקים ק,גרמים,540.00,100 גרם,false,,9.50,0.0176,true,1,44743
7290002057352,false,מלפפונים במלח 7-9 ק,,,מלפפונים במלח 7-9 ק,גרמים,560.00,100 גרם,false,,6.90,0.0123,true,1,44751
7290002057369,false,מלפפון במלח 10-12 קב,,,מלפפון במלח 10-12 קב,גרמים,560.00,100 גרם,false,,7.90,0.0141,true,1,44752
7290002057376,false,מלפפון במלח 13-17 קב,,,מלפפון במלח 13-17 קב,גרמים,560.00,100 גרם,false,,9.90,0.0177,true,1,44753
7290002057383,false,מלפפון 18-25במלח קבו,,,מלפפון 18-25במלח קבו,גרמים,560.00,100 גרם,false,,12.90,0.0230,true,1,44754
7290002057437,false,שיפקונית קבוצת יבנה,,,שיפקונית קבוצת יבנה,גרמים,560.00,100 גרם,false,,9.90,0.0177,true,1,115973
7290002057451,false,מלפפון בחומץ 7-9 קבו,,,מלפפון בחומץ 7-9 קבו,גרמים,560.00,100 גרם,false,,6.90,0.0123,true,1,44757
7290002057468,false,מלפפון בחומץ 10-12 ק,,,מלפפון בחומץ 10-12 ק,גרמים,560.00,100 גרם,false,,7.90,0.0141,true,1,44758
7290002057475,false,מלפפון בחומץ 13-17 ק,,,מלפפון בחומץ 13-17 ק,גרמים,560.00,100 גרם,false,,9.90,0.0177,true,1,28083
7290002057604,false,פלפל חריף שיפקה קבוצ,,,פלפל חריף שיפקה קבוצ,גרמים,560.00,100 גרם,false,,5.90,0.0105,true,1,44759
7290002057628,false,זיתים טבעות מושחר קב,,,זיתים טבעות מושחר קב,גרמים,275.00,100 גרם,false,,8.90,0.0324,true,1,44761
7290002065555,false,6 לחמניות רכות אנגל,,,6 לחמניות רכות אנגל,גרמים,450.00,100 גרם,false,,11.50,0.0256,true,1,35432
7290002065616,false,שיפון גרעינים אנגל 7,,,שיפון גרעינים אנגל 7,גרמים,750.00,100 גרם,false,,13.90,0.0185,true,1,35433
7290002105503,false,המבורגר טחון 500 גר,,,המבורגר טחון 500 גר,גרמים,500.00,100 גרם,false,,19.90,0.0398,true,1,47077
7290002105527,false,גולש בקר 800 גרם מחפ,,,גולש בקר 800 גרם מחפ,גרמים,800.00,100 גרם,false,,49.90,0.0624,true,1,47079
7290002105541,false,סטייק אנטריקוט 800 ג,,,סטייק אנטריקוט 800 ג,גרמים,800.00,100 גרם,false,,49.90,0.0624,true,1,47081
7290002105565,false,טחון הודו 500 גרם מח,,,טחון הודו 500 גרם מח,גרמים,500.00,100 גרם,false,,13.90,0.0278,true,1,47083
7290002105671,false,טחון עוף 500 גר מחפו,,,טחון עוף 500 גר מחפו,גרמים,500.00,100 גרם,false,,13.90,0.0278,true,1,47084
7290002105749,false,טחון בקר 100% בשר 1,,,טחון בקר 100% בשר 1,קילוגרמים,1.00,"ק""ג",false,,49.90,49.9000,true,1,47087
7290002105756,false,"טחון בקר 1 ק""ג מחפוד",,,"טחון בקר 1 ק""ג מחפוד",קילוגרמים,1.00,"ק""ג",false,,39.90,39.9000,true,1,47088
7290002107491,false,צוריאל גבינת עזים למ,,,צוריאל גבינת עזים למ,גרמים,250.00,100 גרם,false,,14.90,0.0596,true,1,6376
7290002107798,false,צוריאל בולגרית מעודנ,,,צוריאל בולגרית מעודנ,גרמים,250.00,100 גרם,false,,20.90,0.0836,true,1,6377
7290002109372,false,בורקס פילו אצבעות בו,,,בורקס פילו אצבעות בו,גרמים,700.00,100 גרם,false,,19.90,0.0284,true,1,16828
7290002111511,false,אפונה וגזר פרי מבורך,,,אפונה וגזר פרי מבורך,גרמים,550.00,100 גרם,false,,7.90,0.0144,true,1,8699
7290002111764,false,שעועית לבנה ברוטב עג,,,שעועית לבנה ברוטב עג,גרמים,580.00,100 גרם,false,,8.90,0.0153,true,1,8704
7290002129455,false,פיצה איטלקית 450 ג,,,פיצה איטלקית 450 ג,גרמים,450.00,100 גרם,false,,19.90,0.0442,true,1,16832
7290002129479,false,פיצה איטלקית דקה שלש,,,פיצה איטלקית דקה שלש,גרמים,320.00,100 גרם,false,,16.90,0.0528,true,1,551986
7290002130567,false,דבש טהור מפרחי בר בצ,,,דבש טהור מפרחי בר בצ,גרמים,350.00,100 גרם,false,,18.90,0.0540,true,1,22228
7290002130574,false,דבש טהור מפרחי בר בצ,,,דבש טהור מפרחי בר בצ,גרמים,500.00,100 גרם,false,,24.90,0.0498,true,1,22229
7290002130581,false,דבש טהור מפרחי בר בצ,,,דבש טהור מפרחי בר בצ,קילוגרמים,1.00,"ק""ג",false,,43.90,43.9000,true,1,22230
7290002157953,false,טונה בשמן קנולה וילי,,,טונה בשמן קנולה וילי,גרמים,560.00,100 גרם,false,,18.90,0.0337,true,1,16836
7290002195054,false,המבורגר בלדי 400ג,,,המבורגר בלדי 400ג,גרמים,400.00,100 גרם,false,,12.90,0.0323,true,1,35301
7290002195078,false,בלדי קבב כבש 400 גר,,,בלדי קבב כבש 400 גר,גרמים,400.00,100 גרם,false,,12.90,0.0323,true,1,35302
7290002195085,false,קבב מזרחי 400 גר בלד,,,קבב מזרחי 400 גר בלד,גרמים,400.00,100 גרם,false,,12.90,0.0323,true,1,35303
7290002195092,false,קבב רומני 400 גר',,,קבב רומני 400 גר',גרמים,400.00,100 גרם,false,,12.90,0.0323,true,1,35304
7290002232995,false,דגש ציפוי פז 500 גרם,,,דגש ציפוי פז 500 גרם,גרמים,500.00,100 גרם,false,,26.90,0.0538,true,1,109332
7290002253006,false,דורות שום כתוש טרי 2,,,דורות שום כתוש טרי 2,גרמים,200.00,100 גרם,false,,15.90,0.0795,true,1,19737
7290002253105,false,דורות מגשית קוביות ש,,,דורות מגשית קוביות ש,גרמים,80.00,100 גרם,false,,9.90,0.1238,true,1,19740
7290002253150,false,בזיליקום טרי קצוץ 70,,,בזיליקום טרי קצוץ 70,גרמים,70.00,100 גרם,false,,9.90,0.1414,true,1,19741
7290002253167,false,פטרוזליה טרייה קצוצה,,,פטרוזליה טרייה קצוצה,גרמים,70.00,100 גרם,false,,10.50,0.1500,true,1,19742
7290002255031,false,סיגרים במילוי בשר חט,,,סיגרים במילוי בשר חט,גרמים,800.00,100 גרם,false,,22.90,0.0286,true,1,51561
7290002255048,false,קובה למרק במילוי בשר,,,קובה למרק במילוי בשר,גרמים,800.00,100 גרם,false,,22.90,0.0286,true,1,51562
7290002255055,false,פלאפל חטיפי אלקיים 7,,,פלאפל חטיפי אלקיים 7,גרמים,700.00,100 גרם,false,,13.90,0.0199,true,1,51563
7290002255086,false,קובה ביתי במילוי בשר,,,קובה ביתי במילוי בשר,גרמים,700.00,100 גרם,false,,22.90,0.0327,true,1,51564
7290002255116,false,קרפלך במילוי בשר חטי,,,קרפלך במילוי בשר חטי,גרמים,800.00,100 גרם,false,,22.90,0.0286,true,1,51565
7290002255130,false,"סיגרים במילוי תפו""א",,,"סיגרים במילוי תפו""א",גרמים,800.00,100 גרם,false,,22.90,0.0286,true,1,51566
7290002255215,false,עלים לסיגר 500ג,,,עלים לסיגר 500ג,גרמים,500.00,100 גרם,false,,9.90,0.0198,true,1,51569
7290002255222,false,"פסטל במילוי תפו""א חט",,,"פסטל במילוי תפו""א חט",גרמים,800.00,100 גרם,false,,22.90,0.0286,true,1,51570
7290002255284,false,"קובה חמוסטה בד""צ חטי",,,"קובה חמוסטה בד""צ חטי",גרמים,800.00,100 גרם,false,,22.90,0.0286,true,1,51571
7290002255567,false,נקניקיות עטופות 700ג,,,נקניקיות עטופות 700ג,גרמים,700.00,100 גרם,false,,22.90,0.0327,true,1,51576
7290002259664,false,רדיד אלומניום 30*60.,,,רדיד אלומניום 30*60.,מטרים,60.90,מטר,false,,54.90,0.9015,true,1,3808
7290002278528,false,כריות ניקוי כלים לשב,,,כריות ניקוי כלים לשב,יחידה,0.00,יחידה,false,,7.90,0.0000,true,1,13477
7290002317081,false,זיתים נטולי גלעין 20,,,זיתים נטולי גלעין 20,גרמים,670.00,100 גרם,false,,10.90,0.0163,true,1,24409
7290002317128,false,מלפפון במלח 10-12 מו,,,מלפפון במלח 10-12 מו,גרמים,560.00,100 גרם,false,,10.90,0.0195,true,1,24410
7290002317173,false,מלפפון בחומץ 13-17 מ,,,מלפפון בחומץ 13-17 מ,גרמים,560.00,100 גרם,false,,10.90,0.0195,true,1,24414
7290002317265,false,מלפפון במלח 20% 7-9,,,מלפפון במלח 20% 7-9,גרמים,670.00,100 גרם,false,,9.90,0.0148,true,1,24420
7290002317289,false,חצילים מוטולה 560 גר,,,חצילים מוטולה 560 גר,גרמים,560.00,100 גרם,false,,9.90,0.0177,true,1,24421
7290002317296,false,פלפל שיפקה + 20% מוט,,,פלפל שיפקה + 20% מוט,גרמים,550.00,100 גרם,false,,9.90,0.0180,true,1,24422
7290002317319,false,מלפפון בחומץ 7-9 20%,,,מלפפון בחומץ 7-9 20%,גרמים,670.00,100 גרם,false,,9.90,0.0148,true,1,24424
7290002317326,false,זיתים מנזלינו 20% 12,,,זיתים מנזלינו 20% 12,גרמים,670.00,100 גרם,false,,9.90,0.0148,true,1,24425
7290002317357,false,פילפל שיפקה בצנצנת מ,,,פילפל שיפקה בצנצנת מ,גרמים,630.00,100 גרם,false,,9.90,0.0157,true,1,24427
7290002317371,false,זיתים מושחרים נטולי,,,זיתים מושחרים נטולי,גרמים,560.00,100 גרם,false,,10.90,0.0195,true,1,24428
7290002317388,false,צנצנת ירקות בתיבול מ,,,צנצנת ירקות בתיבול מ,קילוגרמים,1.65,"100 ק""ג",false,,29.90,18.1212,true,1,459511
7290002317579,false,טבעות זיתים ירוקים מ,,,טבעות זיתים ירוקים מ,גרמים,560.00,100 גרם,false,,10.90,0.0195,true,1,24438
7290002317609,false,כרוב כבוש מוטולה 560,,,כרוב כבוש מוטולה 560,גרמים,560.00,100 גרם,false,,6.90,0.0123,true,1,24439
7290002317616,false,זיתים חתוכים מרינט 1,,,זיתים חתוכים מרינט 1,גרמים,560.00,100 גרם,false,,10.90,0.0195,true,1,24440
7290002317661,false,זיתים מנזלינו גדול מ,,,זיתים מנזלינו גדול מ,גרמים,560.00,100 גרם,false,,10.90,0.0195,true,1,24442
7290002317678,false,זיתים נטולי גלעין צנ,,,זיתים נטולי גלעין צנ,גרמים,560.00,100 גרם,false,,10.90,0.0195,true,1,24443
7290002317753,false,טבעות זיתים ירוקים ב,,,טבעות זיתים ירוקים ב,גרמים,560.00,100 גרם,false,,10.90,0.0195,true,1,24445
7290002319016,false,אבקת אפיה 10 יח' מיה,,,אבקת אפיה 10 יח' מיה,גרמים,100.00,100 גרם,false,,1.90,0.0190,true,1,14888
7290002319023,false,1/10 סוכר וניל,,,1/10 סוכר וניל,גרמים,100.00,100 גרם,false,,1.90,0.0190,true,1,14889
7290002319054,false,פרג טחון 100ג,,,פרג טחון 100ג,גרמים,100.00,100 גרם,false,,4.90,0.0490,true,1,14892
7290002319061,false,.קוקוס טחון 100 גר.,,,.קוקוס טחון 100 גר.,גרמים,100.00,100 גרם,false,,3.90,0.0390,true,1,14893
7290002319078,false,שומשום 100ג,,,שומשום 100ג,גרמים,100.00,100 גרם,false,,3.90,0.0390,true,1,14894
7290002319115,false,חומוס גדול מיה 500 ג,,,חומוס גדול מיה 500 ג,גרמים,500.00,100 גרם,false,,8.90,0.0178,true,1,14897
7290002319122,false,גריסים מיה 500 גרם,,,גריסים מיה 500 גרם,גרמים,500.00,100 גרם,false,,4.90,0.0098,true,1,14898
7290002319139,false,שעועית מיה 500 גרם,,,שעועית מיה 500 גרם,גרמים,500.00,100 גרם,false,,7.90,0.0158,true,1,14899
7290002319146,false,שעועית אדומה מיה 500,,,שעועית אדומה מיה 500,גרמים,500.00,100 גרם,false,,8.90,0.0178,true,1,14900
7290002319160,false,אפונה יבשה מיה 500 ג,,,אפונה יבשה מיה 500 ג,גרמים,500.00,100 גרם,false,,4.90,0.0098,true,1,14901
7290002319177,false,פופקורן מיה 500 גרם,,,פופקורן מיה 500 גרם,גרמים,500.00,100 גרם,false,,5.90,0.0118,true,1,14902
7290002319184,false,עדשים אדומים מיה 500,,,עדשים אדומים מיה 500,גרמים,500.00,100 גרם,false,,8.90,0.0178,true,1,14903
7290002319191,false,עדשים ירוקים מיה 500,,,עדשים ירוקים מיה 500,גרמים,500.00,100 גרם,false,,6.90,0.0138,true,1,14904
7290002319207,false,כוסמת מיה 500 גרם,,,כוסמת מיה 500 גרם,גרמים,500.00,100 גרם,false,,7.90,0.0158,true,1,14905
7290002319221,false,חיטה מיה 500 גרם,,,חיטה מיה 500 גרם,גרמים,500.00,100 גרם,false,,5.50,0.0110,true,1,14907
7290002319375,false,קורנפלור 250 גר בד`ץ,,,קורנפלור 250 גר בד`ץ,גרמים,200.00,100 גרם,false,,2.90,0.0145,true,1,14912
7290002319771,false,תמצית אפיה וניל,,,תמצית אפיה וניל,מיליליטרים,50.00,"100 מ""ל",false,,2.90,0.0580,true,1,14936
7290002327042,false,"בורקס תפו""א 800 ג",,,"בורקס תפו""א 800 ג",גרמים,800.00,100 גרם,false,,19.90,0.0249,true,1,16854
7290002327059,false,בצק עלים 1 ק`ג,,,בצק עלים 1 ק`ג,קילוגרמים,1.00,"ק""ג",false,,19.90,19.9000,true,1,16855
7290002327073,false,בורקס גבינה 800 גרם,,,בורקס גבינה 800 גרם,גרמים,800.00,100 גרם,false,,19.90,0.0249,true,1,16857
7290002331094,false,755מל מים מינרלים TO,,,755מל מים מינרלים TO,מיליליטרים,755.00,"100 מ""ל",false,,3.90,0.0052,true,1,6873
7290002331360,false,נביעות TO GO שישייה,,,נביעות TO GO שישייה,ליטרים,3.00,ליטר,false,,14.90,4.9667,true,1,6883
7290002331421,false,נביעות 6*755מל,,,נביעות 6*755מל,ליטרים,4.53,ליטר,false,,16.90,3.7307,true,1,6884
7290002331490,false,נביעות 1 ליטר,,,נביעות 1 ליטר,ליטרים,1.00,ליטר,false,,2.90,2.9000,true,1,6887
7290002344032,false,סחבות מיקרופייבר מא,,,סחבות מיקרופייבר מא,יחידה,0.00,יחידה,false,,12.90,0.0000,true,1,510163
7290002344056,false,מטליות מיקרופייבר מ,,,מטליות מיקרופייבר מ,יחידה,0.00,יחידה,false,,12.90,0.0000,true,1,510164
7290002345022,false,אנטריקוט דקדק 250 ג,,,אנטריקוט דקדק 250 ג,גרמים,250.00,100 גרם,false,,15.90,0.0636,true,1,16864
7290002348238,false,לפתן אננס חתוך ויליג,,,לפתן אננס חתוך ויליג,גרמים,830.00,100 גרם,false,,6.90,0.0083,true,1,59467
7290002353836,false,סרדינים רוברט בשמן ז,,,סרדינים רוברט בשמן ז,גרמים,120.00,100 גרם,false,,8.90,0.0742,true,1,16874
7290002360124,false,פומפדור חליטת ורד הב,,,פומפדור חליטת ורד הב,גרמים,30.00,100 גרם,false,,15.90,0.5300,true,1,21431
7290002360155,false,פומפדור חליטת שומר 2,,,פומפדור חליטת שומר 2,גרמים,40.00,100 גרם,false,,15.90,0.3975,true,1,21432
7290002360285,false,פומפדור חליטת קמומיל,,,פומפדור חליטת קמומיל,גרמים,30.00,100 גרם,false,,15.90,0.5300,true,1,21436
7290002371526,false,טירת צבי סלסולי פסטר,,,טירת צבי סלסולי פסטר,גרמים,120.00,100 גרם,false,,12.80,0.1067,true,1,25344
7290002371540,false,טירת צבי קורנדביף דק,,,טירת צבי קורנדביף דק,גרמים,120.00,100 גרם,false,,12.80,0.1067,true,1,25346
7290002371854,false,נקניקיות עוף מתובלות,,,נקניקיות עוף מתובלות,קילוגרמים,1.00,"ק""ג",false,,24.90,24.9000,true,1,25348
7290002371939,false,טירת צבי סרוולד צרפת,,,טירת צבי סרוולד צרפת,גרמים,120.00,100 גרם,false,,27.00,0.2250,true,1,25349
7290002374268,false,שמן חמניות מילומור 1,,,שמן חמניות מילומור 1,ליטרים,1.00,ליטר,false,,9.90,9.9000,true,1,29355
7290002374312,false,שמן קנולה מילומור 1,,,שמן קנולה מילומור 1,ליטרים,1.00,ליטר,false,,11.90,11.9000,true,1,29356
7290002374640,false,שמן קנולה פלוס אומגה,,,שמן קנולה פלוס אומגה,ליטרים,1.00,ליטר,false,,16.90,16.9000,true,1,29358
7290002404583,false,יין היוצר בראשית קבר,,,יין היוצר בראשית קבר,מיליליטרים,750.00,"100 מ""ל",false,,37.90,0.0505,true,1,11871
7290002404590,false,יין היוצר בראשית רזר,,,יין היוצר בראשית רזר,מיליליטרים,750.00,"100 מ""ל",false,,37.90,0.0505,true,1,11872
7290002404965,false,"מוריה 750 מ""ל",,,"מוריה 750 מ""ל",מיליליטרים,750.00,"100 מ""ל",false,,16.90,0.0225,true,1,11889
7290002407348,false,שמן זית כתית מעולה ג,,,שמן זית כתית מעולה ג,מיליליטרים,750.00,"100 מ""ל",false,,29.90,0.0399,true,1,5036
7290002439981,false,אל גאוצו קלאסיקו קבב,,,אל גאוצו קלאסיקו קבב,גרמים,400.00,100 גרם,false,,23.90,0.0597,true,1,16892
7290002439998,false,אל גאוצו קלאסיקו קבב,,,אל גאוצו קלאסיקו קבב,גרמים,400.00,100 גרם,false,,23.90,0.0597,true,1,16893
7290002478416,false,קבב כבש טורקי 800 גר,,,קבב כבש טורקי 800 גר,גרמים,800.00,100 גרם,false,,45.90,0.0574,true,1,16896
7290002512004,false,צנעני מלווח 900 גרם,,,צנעני מלווח 900 גרם,גרמים,900.00,100 גרם,false,,19.90,0.0221,true,1,51580
7290002512011,false,צנעני גחנון 900 גרם,,,צנעני גחנון 900 גרם,גרמים,900.00,100 גרם,false,,19.90,0.0221,true,1,51581
7290002542506,false,קורונה בירה בקבוק 35,,,קורונה בירה בקבוק 35,מיליליטרים,355.00,"100 מ""ל",false,,9.90,0.0279,true,1,29648
7290002542780,false,סטלה ארטואה בקבוק 6*,,,סטלה ארטואה בקבוק 6*,ליטרים,1.98,ליטר,false,,35.90,18.1313,true,1,171689
7290002542841,false,בירה לף בלונד -שישיה,,,בירה לף בלונד -שישיה,ליטרים,1.98,ליטר,false,,49.90,25.2020,true,1,200239
7290002542865,false,בירה הוגרדן -שישיה *,,,בירה הוגרדן -שישיה *,ליטרים,1.98,ליטר,false,,49.90,25.2020,true,1,200240
7290002543046,false,פרוסטיס דגני קלוגס 7,,,פרוסטיס דגני קלוגס 7,גרמים,750.00,100 גרם,false,,15.90,0.0212,true,1,5285
7290002608509,false,לחם מחמצת זיתי קלמנט,,,לחם מחמצת זיתי קלמנט,גרמים,530.00,100 גרם,false,,17.90,0.0338,true,1,52332
7290002627210,false,גפילטע פיש בצנצנת דל,,,גפילטע פיש בצנצנת דל,גרמים,560.00,100 גרם,false,,11.90,0.0213,true,1,16909
7290002628088,false,טחון הודו קפוא 500 ג,,,טחון הודו קפוא 500 ג,גרמים,500.00,100 גרם,false,,10.90,0.0218,true,1,274808
7290002628293,false,טחון עוף קפוא 500 גר,,,טחון עוף קפוא 500 גר,גרמים,500.00,100 גרם,false,,10.90,0.0218,true,1,35309
7290002651116,false,"גחנון חמסי 1 ק""ג",,,"גחנון חמסי 1 ק""ג",קילוגרמים,1.00,"ק""ג",false,,15.90,15.9000,true,1,16910
7290002651123,false,"מלווח חמסי 1 ק""ג",,,"מלווח חמסי 1 ק""ג",קילוגרמים,1.00,"ק""ג",false,,15.90,15.9000,true,1,16911
7290002657408,false,טונה בשמן פוסידון 96,,,טונה בשמן פוסידון 96,גרמים,700.00,100 גרם,false,,27.90,0.0399,true,1,16917
7290002674238,false,משחת שיניים א.פרש מנ,,,משחת שיניים א.פרש מנ,מיליליטרים,125.00,"100 מ""ל",false,,7.00,0.0560,true,1,3811
7290002692478,false,שמן זית כתית מעולה מ,,,שמן זית כתית מעולה מ,מיליליטרים,750.00,"100 מ""ל",false,,33.90,0.0452,true,1,29362
7290002692775,false,תרסיס שמן קנולה בטעם,,,תרסיס שמן קנולה בטעם,מיליליטרים,200.00,"100 מ""ל",false,,15.90,0.0795,true,1,29366
7290002703068,false,צנצנת דבש עין חרוד 1,,,צנצנת דבש עין חרוד 1,קילוגרמים,1.00,"ק""ג",false,,40.90,40.9000,true,1,47432
7290002703310,false,צנצנת דבש עין חרוד 5,,,צנצנת דבש עין חרוד 5,גרמים,500.00,100 גרם,false,,21.90,0.0438,true,1,47437
7290002703358,false,צנצנת דבש עין חרוד 3,,,צנצנת דבש עין חרוד 3,גרמים,350.00,100 גרם,false,,15.90,0.0454,true,1,47438
7290002703402,false,דבש עין חרוד 400 גרם,,,דבש עין חרוד 400 גרם,גרמים,400.00,100 גרם,false,,19.90,0.0497,true,1,47439
7290002703662,false,סילאן 100% טבעי צנצנ,,,סילאן 100% טבעי צנצנ,גרמים,900.00,100 גרם,false,,19.90,0.0221,true,1,47443
7290002703679,false,סילאן 100% טבעי עין,,,סילאן 100% טבעי עין,גרמים,900.00,100 גרם,false,,18.90,0.0210,true,1,47444
7290002730262,false,פלמוליב לכלים קלאסי,,,פלמוליב לכלים קלאסי,מיליליטרים,750.00,"100 מ""ל",false,,11.90,0.0159,true,1,21440
7290002730521,false,צמרונים בקופסא בלונס,,,צמרונים בקופסא בלונס,יחידה,0.00,יחידה,false,,5.90,0.0000,true,1,21443
7290002730811,false,משחת שיניים גל משפחת,,,משחת שיניים גל משפחת,מיליליטרים,100.00,"100 מ""ל",false,,13.10,0.1310,true,1,21447
7290002735007,false,"בצק עלים 1 ק""ג",,,"בצק עלים 1 ק""ג",קילוגרמים,1.00,"ק""ג",false,,13.90,13.9000,true,1,20424
7290002735014,false,ינון מלווח ארוז 800,,,ינון מלווח ארוז 800,גרמים,800.00,100 גרם,false,,13.90,0.0174,true,1,20425
7290002735021,false,ינון גחנון ארוז 750,,,ינון גחנון ארוז 750,גרמים,750.00,100 גרם,false,,13.90,0.0185,true,1,20426
7290002735113,false,בורקס גבינה ינון 800,,,בורקס גבינה ינון 800,גרמים,800.00,100 גרם,false,,15.90,0.0199,true,1,20427
7290002735120,false,"בורקס תפו""א ינון 800",,,"בורקס תפו""א ינון 800",גרמים,800.00,100 גרם,false,,13.90,0.0174,true,1,20428
7290002735274,false,ינון גחנון אפוי 600,,,ינון גחנון אפוי 600,גרמים,600.00,100 גרם,false,,14.90,0.0248,true,1,20431
7290002752332,false,מנטוס .סוכריות פירות,,,מנטוס .סוכריות פירות,גרמים,37.50,100 גרם,false,,2.90,0.0773,true,1,12747
7290002752349,false,מנטוס סוכריות מנטה 3,,,מנטוס סוכריות מנטה 3,גרמים,37.50,100 גרם,false,,2.90,0.0773,true,1,12748
7290002753223,false,טיק טק תפוז 4/1,,,טיק טק תפוז 4/1,גרמים,64.00,100 גרם,false,,9.90,0.1547,true,1,41480
7290002757139,false,שלושת האופים מלוואח,,,שלושת האופים מלוואח,גרמים,700.00,100 גרם,false,,12.90,0.0184,true,1,16930
7290002757146,false,שלושת האופים קובה חמ,,,שלושת האופים קובה חמ,קילוגרמים,1.00,"ק""ג",false,,16.90,16.9000,true,1,16931
7290002757511,false,דלידג קציצות דג לביש,,,דלידג קציצות דג לביש,גרמים,750.00,100 גרם,false,,30.90,0.0412,true,1,16933
7290002757535,false,בורקס פילו אצבעות גב,,,בורקס פילו אצבעות גב,גרמים,700.00,100 גרם,false,,19.90,0.0284,true,1,16935
7290002768043,false,מי פה ענק תיאדנט 150,,,מי פה ענק תיאדנט 150,מיליליטרים,150.00,"100 מ""ל",false,,15.90,0.1060,true,1,29853
7290002782131,false,דאו' ספריי לאישה פ.ר,,,דאו' ספריי לאישה פ.ר,מיליליטרים,150.00,"100 מ""ל",false,,22.20,0.1480,true,1,18114
7290002782742,false,פנינה דאודורנט ספריי,,,פנינה דאודורנט ספריי,מיליליטרים,150.00,"100 מ""ל",false,,15.90,0.1060,true,1,18116
7290002782759,false,קרם גוף מס' 2 פנינה,,,קרם גוף מס' 2 פנינה,מיליליטרים,400.00,"100 מ""ל",false,,22.90,0.0572,true,1,18117
7290002787884,false,שלושת האופים מקלות פ,,,שלושת האופים מקלות פ,גרמים,600.00,100 גרם,false,,19.90,0.0332,true,1,16966
7290002793311,false,מילוי למכשיר 50,,,מילוי למכשיר 50,יחידה,0.00,יחידה,false,,60.00,0.0000,true,1,17529
7290002805151,false,סיף פנטסטיק לרצפות ב,,,סיף פנטסטיק לרצפות ב,ליטרים,4.00,ליטר,false,,24.90,6.2250,true,1,10322
7290002814054,false,אנטרקטיק במתז 1 ליטר,,,אנטרקטיק במתז 1 ליטר,ליטרים,1.00,ליטר,false,,9.90,9.9000,true,1,20107
7290002814160,false,מסיר שומנים קר סנט מ,,,מסיר שומנים קר סנט מ,יחידה,0.00,יחידה,false,,18.90,0.0000,true,1,20111
7290002814290,false,קצף מרוכז 1 ליטר בלנ,,,קצף מרוכז 1 ליטר בלנ,ליטרים,1.00,ליטר,false,,10.90,10.9000,true,1,81077
7290002814603,false,מסיר שומנים קר מבושם,,,מסיר שומנים קר מבושם,מיליליטרים,750.00,"100 מ""ל",false,,12.90,0.0172,true,1,20123
7290002814870,false,מסיר שומנים קר מבושם,,,מסיר שומנים קר מבושם,מיליליטרים,750.00,"100 מ""ל",false,,12.90,0.0172,true,1,20124
7290002814917,false,סנט מוריץ ניקוי לרצפ,,,סנט מוריץ ניקוי לרצפ,ליטרים,4.00,ליטר,false,,10.90,2.7250,true,1,20125
7290002824183,false,גבינה לבנה 5% סקי 50,,,גבינה לבנה 5% סקי 50,גרמים,500.00,100 גרם,false,,9.50,0.0190,true,1,23269
7290002824466,false,דנונה יוגורט ביו 0%,,,דנונה יוגורט ביו 0%,מיליליטרים,200.00,"100 מ""ל",false,,3.70,0.0185,true,1,23270
7290002824640,false,גבינה 5% סקי 250 גרם,,,גבינה 5% סקי 250 גרם,גרמים,250.00,100 גרם,false,,4.98,0.0199,true,1,23271
7290002825722,false,אחלה כרוב אדום 500ג,,,אחלה כרוב אדום 500ג,גרמים,500.00,100 גרם,false,,12.90,0.0258,true,1,23273
7290002827306,false,עוף ירושלים נקניקיות,,,עוף ירושלים נקניקיות,גרמים,400.00,100 גרם,false,,10.90,0.0273,true,1,47111
7290002827337,false,עוף ירושלים נקניקיות,,,עוף ירושלים נקניקיות,גרמים,400.00,100 גרם,false,,10.90,0.0273,true,1,47114
7290002868996,false,טרה קוטג מועשר 5% 25,,,טרה קוטג מועשר 5% 25,גרמים,250.00,100 גרם,false,,5.40,0.0216,true,1,6382
7290002871248,false,בירה טובורג רד בקבוק,,,בירה טובורג רד בקבוק,מיליליטרים,500.00,"100 מ""ל",false,,7.90,0.0158,true,1,6906
7290002871361,false,קרלסברג בירה בק.חוזר,,,קרלסברג בירה בק.חוזר,מיליליטרים,500.00,"100 מ""ל",false,,7.90,0.0158,true,1,6907
7290002881018,false,סן מורנו מעדן תות שד,,,סן מורנו מעדן תות שד,גרמים,284.00,100 גרם,false,,11.90,0.0419,true,1,24936
7290002881032,false,סן מורנו מעדן אוכמני,,,סן מורנו מעדן אוכמני,גרמים,284.00,100 גרם,false,,11.90,0.0419,true,1,24938
7290002881230,false,אננס חתוך תומר 850 ג,,,אננס חתוך תומר 850 ג,גרמים,850.00,100 גרם,false,,9.90,0.0116,true,1,24951
7290002881247,false,אננס שלם פרוסות תומר,,,אננס שלם פרוסות תומר,גרמים,850.00,100 גרם,false,,9.90,0.0116,true,1,24952
7290002881254,false,קוקטייל טרופי תומר 8,,,קוקטייל טרופי תומר 8,גרמים,850.00,100 גרם,false,,9.90,0.0116,true,1,24953
7290002881261,false,ליצי שלם תומר 565 גר,,,ליצי שלם תומר 565 גר,גרמים,565.00,100 גרם,false,,10.60,0.0188,true,1,24954
7290002881278,false,אפרסק חצאים תומר 820,,,אפרסק חצאים תומר 820,גרמים,820.00,100 גרם,false,,9.90,0.0121,true,1,24955
7290002881506,false,חמאת בוטנים 510 גרם,,,חמאת בוטנים 510 גרם,גרמים,510.00,100 גרם,false,,12.40,0.0243,true,1,24965
7290002881513,false,חמאת בוטנים עם שברי,,,חמאת בוטנים עם שברי,גרמים,510.00,100 גרם,false,,12.40,0.0243,true,1,24966
7290002881612,false,לפתן דובדבנים חמוצים,,,לפתן דובדבנים חמוצים,גרמים,700.00,100 גרם,false,,8.90,0.0127,true,1,24971
7290002881742,false,לבבות דקל פרוסות תומ,,,לבבות דקל פרוסות תומ,גרמים,400.00,100 גרם,false,,7.90,0.0198,true,1,24975
7290002881940,false,סרדין מרוקאי בשמן תו,,,סרדין מרוקאי בשמן תו,גרמים,125.00,100 גרם,false,,4.90,0.0392,true,1,24983
7290002900566,false,פסטרמה ברביקיו דל שו,,,פסטרמה ברביקיו דל שו,גרמים,360.00,100 גרם,false,,27.90,0.0775,true,1,25352
7290002904694,false,דאודורנט ספריי קלאסי,,,דאודורנט ספריי קלאסי,מיליליטרים,180.00,"100 מ""ל",false,,15.90,0.0883,true,1,29856
7290002909880,false,פולי סויה אדממה בלדי,,,פולי סויה אדממה בלדי,גרמים,400.00,100 גרם,false,,11.90,0.0298,true,1,35313
7290002909989,false,שעועית ירוקה חתוכה ב,,,שעועית ירוקה חתוכה ב,גרמים,800.00,100 גרם,false,,11.90,0.0149,true,1,553381
7290002909996,false,שעועית צהובה שלמה בל,,,שעועית צהובה שלמה בל,גרמים,800.00,100 גרם,false,,11.90,0.0149,true,1,553413
7290002921240,false,שמפוזר מסיר כתים משט,,,שמפוזר מסיר כתים משט,מיליליטרים,650.00,"100 מ""ל",false,,27.90,0.0429,true,1,11296
7290002921349,false,סופר גלו 3 זוגי,,,סופר גלו 3 זוגי,יחידה,0.00,יחידה,false,,13.90,0.0000,true,1,11298
7290002923466,false,טחון בקר 1 ק`ג,,,טחון בקר 1 ק`ג,קילוגרמים,1.00,"ק""ג",false,,24.90,24.9000,true,1,16974
7290002929642,false,טונה בשמן ויליגר רבי,,,טונה בשמן ויליגר רבי,גרמים,560.00,100 גרם,false,,19.90,0.0355,true,1,16982
7290002971962,false,קמח מלא 100% ללא צור,,,קמח מלא 100% ללא צור,קילוגרמים,1.00,"ק""ג",false,,7.90,7.9000,true,1,275317
7290002971986,false,קמח שיפון ללא צורך ב,,,קמח שיפון ללא צורך ב,קילוגרמים,1.00,"ק""ג",false,,7.90,7.9000,true,1,9225
7290002971993,false,קמח כוסמין מלא ללא צ,,,קמח כוסמין מלא ללא צ,קילוגרמים,1.00,"ק""ג",false,,13.90,13.9000,true,1,9226
7290002972006,false,קמח בהיר 405 ללא צור,,,קמח בהיר 405 ללא צור,קילוגרמים,1.00,"ק""ג",false,,8.50,8.5000,true,1,9227
7290002972426,false,קמח מלא 80% ללא צורך,,,קמח מלא 80% ללא צורך,קילוגרמים,1.00,"ק""ג",false,,8.50,8.5000,true,1,9229
7290002973669,false,קמח לחם ללא צורך בני,,,קמח לחם ללא צורך בני,קילוגרמים,1.00,"ק""ג",false,,7.90,7.9000,true,1,99700
7290002974314,false,"קמח פיצה שטיבל 1 ק""ג",,,"קמח פיצה שטיבל 1 ק""ג",קילוגרמים,1.00,"ק""ג",false,,11.90,11.9000,true,1,541741
7290002974338,false,"קמח מניטובה מנופה ""0",,,"קמח מניטובה מנופה ""0",קילוגרמים,1.00,"ק""ג",false,,12.90,12.9000,true,1,210398
7290002974352,false,קמח רותה חיטה מלא שט,,,קמח רותה חיטה מלא שט,קילוגרמים,1.00,"ק""ג",false,,9.90,9.9000,true,1,533670
7290002986652,false,גטניו - פתיבר שוקו 4,,,גטניו - פתיבר שוקו 4,גרמים,470.00,100 גרם,false,,9.90,0.0211,true,1,41276
7290002987963,false,אחלה חומוס 1קג,,,אחלה חומוס 1קג,קילוגרמים,1.00,"ק""ג",false,,13.90,13.9000,true,1,23274
7290003009329,false,בוטן אמריקאי מצופה 2,,,בוטן אמריקאי מצופה 2,גרמים,200.00,100 גרם,false,,6.50,0.0325,true,1,12753
7290003009336,false,קבוקים מצופים 200 גר,,,קבוקים מצופים 200 גר,גרמים,200.00,100 גרם,false,,6.50,0.0325,true,1,12754
7290003009640,false,פריגת סחוט מיץ תפוזי,,,פריגת סחוט מיץ תפוזי,ליטרים,1.00,ליטר,false,,15.90,15.9000,true,1,6384
7290003011087,false,אלסקה אורז בסמטי אלפ,,,אלסקה אורז בסמטי אלפ,קילוגרמים,1.00,"ק""ג",false,,9.90,9.9000,true,1,4618
7290003015627,false,ריצפז פרש אפרסק 2 לי,,,ריצפז פרש אפרסק 2 לי,ליטרים,2.00,ליטר,false,,18.90,9.4500,true,1,29865
7290003026227,false,קמיל בלו סנסיטיב שמפ,,,קמיל בלו סנסיטיב שמפ,יחידה,0.00,יחידה,false,,33.90,0.0000,true,1,29079
7290003026319,false,קמיל משחה לתינוק 120,,,קמיל משחה לתינוק 120,גרמים,120.00,100 גרם,false,,18.90,0.1575,true,1,29081
7290003029181,false,יטבתה שוקו בקבוק 1ל,,,יטבתה שוקו בקבוק 1ל,ליטרים,1.00,ליטר,false,,11.90,11.9000,true,1,23278
7290003029372,false,יטבתה משקה חלב בננה,,,יטבתה משקה חלב בננה,ליטרים,1.00,ליטר,false,,11.90,11.9000,true,1,23281
7290003029389,false,יטבתה משקה חלב בננה+,,,יטבתה משקה חלב בננה+,מיליליטרים,250.00,"100 מ""ל",false,,5.50,0.0220,true,1,23282
7290003029433,false,יטבתה שוקו +פקק 250,,,יטבתה שוקו +פקק 250,מיליליטרים,250.00,"100 מ""ל",false,,5.50,0.0220,true,1,23283
7290003029532,false,יטבתה מוקה 1ל,,,יטבתה מוקה 1ל,ליטרים,1.00,ליטר,false,,11.90,11.9000,true,1,23285
7290003029792,false,יטבתה מהדרין שוקו שק,,,יטבתה מהדרין שוקו שק,ליטרים,1.80,ליטר,false,,18.90,10.5000,true,1,23287
7290003029815,false,חלב מועשר בכד2 ליטר,,,חלב מועשר בכד2 ליטר,ליטרים,2.00,ליטר,false,,14.90,7.4500,true,1,23288
7290003029907,false,יטבתה אייס קפה 1ל,,,יטבתה אייס קפה 1ל,ליטרים,1.00,ליטר,false,,11.90,11.9000,true,1,23290
7290003047642,false,תה ליפטון יילו לייבל,,,תה ליפטון יילו לייבל,גרמים,150.00,100 גרם,false,,11.90,0.0793,true,1,10324
7290003054190,false,לחם שיפון 3 דגנים מס,,,לחם שיפון 3 דגנים מס,גרמים,500.00,100 גרם,false,,13.90,0.0278,true,1,5294
7290003054657,false,חרדל דיג'ון אקסטרא פ,,,חרדל דיג'ון אקסטרא פ,גרמים,370.00,100 גרם,false,,10.90,0.0295,true,1,5298
7290003072804,false,טירת צבי פסטרמה של פ,,,טירת צבי פסטרמה של פ,גרמים,200.00,100 גרם,false,,19.90,0.0995,true,1,25372
7290003072859,false,רוסטביף טירת צבי 120,,,רוסטביף טירת צבי 120,גרמים,120.00,100 גרם,false,,22.90,0.1908,true,1,54235
7290003072965,false,קבנוס חריף מעושן 120,,,קבנוס חריף מעושן 120,גרמים,120.00,100 גרם,false,,9.90,0.0825,true,1,133519
7290003072972,false,קבנוס בתיבול שום 120,,,קבנוס בתיבול שום 120,גרמים,120.00,100 גרם,false,,9.90,0.0825,true,1,133520
7290003075102,false,רגב לאבנה 11% בגביע,,,רגב לאבנה 11% בגביע,קילוגרמים,1.00,"ק""ג",false,,34.90,34.9000,true,1,35120
7290003075553,false,רגב 11% לאבנה 500 ג,,,רגב 11% לאבנה 500 ג,גרמים,500.00,100 גרם,false,,17.90,0.0358,true,1,35122
7290003075805,false,רגב ברינזה 20% 400 ג,,,רגב ברינזה 20% 400 ג,גרמים,400.00,100 גרם,false,,24.00,0.0600,true,1,35125
7290003107148,false,"קמח לבן דגן 1 ק""ג",,,"קמח לבן דגן 1 ק""ג",קילוגרמים,1.00,"ק""ג",false,,4.50,4.5000,true,1,9232
7290003107216,false,"קמח לבן דגן 1 ק""ג",,,"קמח לבן דגן 1 ק""ג",קילוגרמים,1.00,"ק""ג",false,,6.50,6.5000,true,1,9234
7290003107223,false,"סולת חיטה דגן 1 ק""ג",,,"סולת חיטה דגן 1 ק""ג",קילוגרמים,1.00,"ק""ג",false,,6.50,6.5000,true,1,9235
7290003107315,false,"סולת דגן 1 ק""ג",,,"סולת דגן 1 ק""ג",קילוגרמים,1.00,"ק""ג",false,,4.50,4.5000,true,1,9238
7290003107346,false,קמח חיטה לבן דגן 1 ק,,,קמח חיטה לבן דגן 1 ק,קילוגרמים,1.00,"ק""ג",false,,4.50,4.5000,true,1,9240
7290003126712,false,צוריאל יוגורט עיזים,,,צוריאל יוגורט עיזים,מיליליטרים,150.00,"100 מ""ל",false,,5.90,0.0393,true,1,6388
7290003126958,false,צוריאל גבינה גוש טופ,,,צוריאל גבינה גוש טופ,גרמים,300.00,100 גרם,false,,11.90,0.0397,true,1,6389
7290003143139,false,קליית גת סילאן 900ג,,,קליית גת סילאן 900ג,גרמים,900.00,100 גרם,false,,13.90,0.0154,true,1,12768
7290003143146,false,ממרח תמרים 450 גרם,,,ממרח תמרים 450 גרם,גרמים,450.00,100 גרם,false,,6.50,0.0144,true,1,12769
7290003143276,false,יוגטה מרשמלו מגולגל,,,יוגטה מרשמלו מגולגל,גרמים,180.00,100 גרם,false,,6.90,0.0383,true,1,41997
7290003143337,false,סילאן טבעי 350 גרם,,,סילאן טבעי 350 גרם,גרמים,350.00,100 גרם,false,,13.90,0.0397,true,1,12773
7290003145751,false,קשיו קלוי 200 גרם,,,קשיו קלוי 200 גרם,גרמים,200.00,100 גרם,false,,19.90,0.0995,true,1,12789
7290003145959,false,אגוז פקאן טבעי 150 ג,,,אגוז פקאן טבעי 150 ג,גרמים,150.00,100 גרם,false,,19.90,0.1327,true,1,12792
7290003163939,false,"נקניקיות גריל 1.5 ק""",,,"נקניקיות גריל 1.5 ק""",קילוגרמים,1.50,"ק""ג",false,,24.90,16.6000,true,1,16996
7290003185726,false,קבב מזרחי 500 גרם,,,קבב מזרחי 500 גרם,גרמים,500.00,100 גרם,false,,17.90,0.0358,true,1,16998
7290003187843,false,טחון עגל 100% בשר 50,,,טחון עגל 100% בשר 50,גרמים,500.00,100 גרם,false,,29.90,0.0598,true,1,17001
7290003189076,false,פיצרלה חלבון צמחי,,,פיצרלה חלבון צמחי,גרמים,500.00,100 גרם,false,,19.90,0.0398,true,1,18261
7290003189168,false,"מעושנת 22% כפיר 1 ק""",,,"מעושנת 22% כפיר 1 ק""",קילוגרמים,1.00,"100 ק""ג",false,,41.90,41.9000,true,1,18265
7290003189205,false,הצהובה הטובה לייט קל,,,הצהובה הטובה לייט קל,גרמים,200.00,100 גרם,false,,13.90,0.0695,true,1,18266
7290003189557,false,הצהובה הטובה מעושנת,,,הצהובה הטובה מעושנת,גרמים,200.00,100 גרם,false,,14.90,0.0745,true,1,18270
7290003208586,false,מרטיני ביאנקו 750 מל,,,מרטיני ביאנקו 750 מל,מיליליטרים,750.00,"100 מ""ל",false,,45.90,0.0612,true,1,13381
7290003217014,false,5 פיתות מזרחיות תנעמ,,,5 פיתות מזרחיות תנעמ,גרמים,500.00,100 גרם,false,,6.90,0.0138,true,1,4503
7290003217052,false,5 פיתות כפריות קלות,,,5 פיתות כפריות קלות,גרמים,500.00,100 גרם,false,,7.90,0.0158,true,1,4505
7290003220403,false,מעדני המלך קרקר עם מ,,,מעדני המלך קרקר עם מ,גרמים,110.00,100 גרם,false,,2.90,0.0264,true,1,41283
7290003220410,false,מעדני המלך קרקר שומש,,,מעדני המלך קרקר שומש,גרמים,110.00,100 גרם,false,,2.90,0.0264,true,1,41284
7290003220595,false,אורז לסושי 1 ק'ג WOK,,,אורז לסושי 1 ק'ג WOK,קילוגרמים,1.00,"ק""ג",false,,12.90,12.9000,true,1,274753
7290003220649,false,שמן שומשום 100% טהור,,,שמן שומשום 100% טהור,מיליליטרים,150.00,"100 מ""ל",false,,15.90,0.1060,true,1,274756
7290003220700,false,מחצלת לסושי,,,מחצלת לסושי,יחידה,0.00,יחידה,false,,5.90,0.0000,true,1,274772
7290003220717,false,אצות נורי סילוור 10,,,אצות נורי סילוור 10,גרמים,22.00,100 גרם,false,,12.90,0.5864,true,1,274773
7290003220755,false,ווק רוטב סויה כהה 64,,,ווק רוטב סויה כהה 64,מיליליטרים,640.00,"100 מ""ל",false,,15.90,0.0248,true,1,274776
7290003220830,false,חומץ אורז לסושי 500,,,חומץ אורז לסושי 500,מיליליטרים,500.00,"100 מ""ל",false,,14.90,0.0298,true,1,274777
7290003220977,false,מעדני מלך ירח חצי מצ,,,מעדני מלך ירח חצי מצ,גרמים,175.00,100 גרם,false,,5.90,0.0337,true,1,143867
7290003229109,false,א.מ .פסטרמה בפפריקה,,,א.מ .פסטרמה בפפריקה,גרמים,400.00,100 גרם,false,,26.90,0.0672,true,1,25378
7290003229116,false,א.מ פסטרמה בדבש 400,,,א.מ פסטרמה בדבש 400,גרמים,400.00,100 גרם,false,,26.90,0.0672,true,1,25379
7290003229123,false,א.מ. פסטרמה על גחלים,,,א.מ. פסטרמה על גחלים,גרמים,400.00,100 גרם,false,,26.90,0.0672,true,1,25380
7290003229147,false,סלמי בסגנון איטלקי 3,,,סלמי בסגנון איטלקי 3,גרמים,300.00,100 גרם,false,,26.90,0.0897,true,1,25381
7290003229154,false,א.מ. סלמי קוניאק מוב,,,א.מ. סלמי קוניאק מוב,גרמים,300.00,100 גרם,false,,24.90,0.0830,true,1,25382
7290003229192,false,א.מ. כתף בקר מעושן 4,,,א.מ. כתף בקר מעושן 4,גרמים,400.00,100 גרם,false,,26.90,0.0672,true,1,25384
7290003229208,false,פסטרמה ספרדית 2% 360,,,פסטרמה ספרדית 2% 360,גרמים,360.00,100 גרם,false,,27.90,0.0775,true,1,25385
7290003229215,false,פסטרמה איטלקית 360 ג,,,פסטרמה איטלקית 360 ג,גרמים,360.00,100 גרם,false,,27.90,0.0775,true,1,25386
7290003268252,false,לחם חיטה מלא ללא גרע,,,לחם חיטה מלא ללא גרע,גרמים,750.00,100 גרם,false,,13.90,0.0185,true,1,4507
7290003268429,false,לחם מקמח מלא דגנית 7,,,לחם מקמח מלא דגנית 7,גרמים,750.00,100 גרם,false,,14.90,0.0199,true,1,4508
7290003287260,false,צוריסוס קצביה ארוז 6,,,צוריסוס קצביה ארוז 6,גרמים,600.00,100 גרם,false,,28.90,0.0482,true,1,35317
7290003318100,false,ופל שוקו מנעמים 200,,,ופל שוקו מנעמים 200,גרמים,200.00,100 גרם,false,,4.30,0.0215,true,1,36057
7290003318131,false,ופל אגוז מנעמים 200,,,ופל אגוז מנעמים 200,גרמים,200.00,100 גרם,false,,4.30,0.0215,true,1,36058
7290003318155,false,ופל לימון מנעמים 200,,,ופל לימון מנעמים 200,גרמים,250.00,100 גרם,false,,4.30,0.0172,true,1,36059
7290003318599,false,ופל וניל מנעמים 200,,,ופל וניל מנעמים 200,גרמים,200.00,100 גרם,false,,4.30,0.0215,true,1,36061
7290003321155,false,דנונה קראנצ' ששבי פק,,,דנונה קראנצ' ששבי פק,מיליליטרים,183.00,"100 מ""ל",false,,4.60,0.0251,true,1,23291
7290003332007,false,קפה נחלה סובחי 250ג,,,קפה נחלה סובחי 250ג,גרמים,250.00,100 גרם,false,,13.90,0.0556,true,1,33770
7290003387410,false,מגבונים להסרת איפור,,,מגבונים להסרת איפור,יחידה,0.00,יחידה,false,,17.90,0.0000,true,1,21455
7290003400500,false,חטיף קרמל עם בוטנים,,,חטיף קרמל עם בוטנים,גרמים,47.00,100 גרם,false,,3.90,0.0830,true,1,12525
7290003401376,false,קרם לחות ועיצוב לשיע,,,קרם לחות ועיצוב לשיע,מיליליטרים,400.00,"100 מ""ל",false,,19.90,0.0497,true,1,29872
7290003401635,false,לחות לפתיחת תלתלים נ,,,לחות לפתיחת תלתלים נ,מיליליטרים,400.00,"100 מ""ל",false,,22.90,0.0572,true,1,29874
7290003401642,false,לחות לתלתול טבעי נטו,,,לחות לתלתול טבעי נטו,מיליליטרים,400.00,"100 מ""ל",false,,22.90,0.0572,true,1,29875
7290003411276,false,עמבה מובחרת 500 גרם,,,עמבה מובחרת 500 גרם,גרמים,500.00,100 גרם,false,,8.90,0.0178,true,1,7840
7290003411566,false,צמרוני אוזניים עץ 20,,,צמרוני אוזניים עץ 20,יחידה,0.00,יחידה,false,,2.90,0.0000,true,1,7848
7290003411689,false,לפתניות 25 יח,,,לפתניות 25 יח,יחידה,0.00,יחידה,false,,4.90,0.0000,true,1,7851
7290003411696,false,מרקיות חד פעמי 25 יח,,,מרקיות חד פעמי 25 יח,יחידה,0.00,יחידה,false,,9.90,0.0000,true,1,7852
7290003411993,false,גפרורים 10 יחידות,,,גפרורים 10 יחידות,יחידה,0.00,יחידה,false,,2.90,0.0000,true,1,7863
7290003438006,false,אוליביה ממרח פסטו אי,,,אוליביה ממרח פסטו אי,גרמים,180.00,100 גרם,false,,13.90,0.0772,true,1,52035
7290003438013,false,אוליביה ממרח זיתים א,,,אוליביה ממרח זיתים א,גרמים,190.00,100 גרם,false,,13.90,0.0732,true,1,52036
7290003438020,false,אוליביה ממרח עגבניות,,,אוליביה ממרח עגבניות,גרמים,190.00,100 גרם,false,,13.90,0.0732,true,1,52037
7290003444009,false,ריזס שוקולד חלב במיל,,,ריזס שוקולד חלב במיל,גרמים,42.00,100 גרם,false,,3.90,0.0929,true,1,12528
7290003450602,false,חרדל אמיתי צהוב בקבו,,,חרדל אמיתי צהוב בקבו,גרמים,255.00,100 גרם,false,,8.90,0.0349,true,1,5304
7290003461677,false,"חומוס אסלי 1 ק""ג",,,"חומוס אסלי 1 ק""ג",קילוגרמים,1.00,"ק""ג",false,,11.90,11.9000,true,1,17694
7290003461868,false,"חציל במיונז 1ק""ג",,,"חציל במיונז 1ק""ג",קילוגרמים,1.00,"ק""ג",false,,10.90,10.9000,true,1,17695
7290003514007,false,שקדי מרק מנה 400 גרם,,,שקדי מרק מנה 400 גרם,גרמים,400.00,100 גרם,false,,7.90,0.0198,true,1,21457
7290003521074,false,סרקל מרכך שיער לילדי,,,סרקל מרכך שיער לילדי,יחידה,0.00,יחידה,false,,29.90,0.0000,true,1,29085
7290003521166,false,סרקל קרם רוזמרין 325,,,סרקל קרם רוזמרין 325,מיליליטרים,325.00,"100 מ""ל",false,,24.90,0.0766,true,1,29087
7290003521203,false,סרקל שמפו לילדים 2 ל,,,סרקל שמפו לילדים 2 ל,ליטרים,2.00,ליטר,false,,39.90,19.9500,true,1,29090
7290003521463,false,קמיל בלו שמפו שיער א,,,קמיל בלו שמפו שיער א,ליטרים,2.00,ליטר,false,,34.90,17.4500,true,1,29095
7290003550753,false,טונה בהירה בשמן פוסי,,,טונה בהירה בשמן פוסי,גרמים,308.00,100 גרם,false,,19.90,0.0646,true,1,17025
7290003578078,false,לפתן קוקטיל טרופי פי,,,לפתן קוקטיל טרופי פי,גרמים,850.00,100 גרם,false,,9.90,0.0116,true,1,2865
7290003578108,false,אננס חתוך ויליפוד 85,,,אננס חתוך ויליפוד 85,גרמים,490.00,100 גרם,false,,8.90,0.0182,true,1,2867
7290003578313,false,דובדבנים חמוצים ללא,,,דובדבנים חמוצים ללא,גרמים,350.00,100 גרם,false,,9.90,0.0283,true,1,2873
7290003598311,false,מינוט סטייק 300 גר'/,,,מינוט סטייק 300 גר'/,גרמים,300.00,100 גרם,false,,35.90,0.1197,true,1,35334
7290003643004,false,"סוגת אורז בסמטי 1 ק""",,,"סוגת אורז בסמטי 1 ק""",קילוגרמים,1.00,"ק""ג",false,,13.90,13.9000,true,1,17324
7290003643127,false,אבקת אפיה 10 יח' במא,,,אבקת אפיה 10 יח' במא,גרמים,100.00,100 גרם,false,,1.90,0.0190,true,1,17325
7290003643134,false,סוגת סוכר וניל 10 יח,,,סוגת סוכר וניל 10 יח,גרמים,100.00,100 גרם,false,,2.50,0.0250,true,1,17326
7290003643158,false,קונפלור 200 גרם,,,קונפלור 200 גרם,גרמים,200.00,100 גרם,false,,2.80,0.0140,true,1,17328
7290003643325,false,קוסקוס בינוני סוגת 3,,,קוסקוס בינוני סוגת 3,גרמים,350.00,100 גרם,false,,4.90,0.0140,true,1,17332
7290003643387,false,סוכר לבן בצנצנת סוגת,,,סוכר לבן בצנצנת סוגת,קילוגרמים,1.00,"ק""ג",false,,7.90,7.9000,true,1,17335
7290003643646,false,סוכר דמררה בצנצנת חו,,,סוכר דמררה בצנצנת חו,קילוגרמים,1.00,"ק""ג",false,,12.90,12.9000,true,1,17336
7290003643684,false,אפונה יבשה 500 גרם,,,אפונה יבשה 500 גרם,גרמים,500.00,100 גרם,false,,5.90,0.0118,true,1,17337
7290003643714,false,חומוס 500 גרם,,,חומוס 500 גרם,גרמים,500.00,100 גרם,false,,7.90,0.0158,true,1,17339
7290003643738,false,סוגת חיטה 500 גר,,,סוגת חיטה 500 גר,גרמים,500.00,100 גרם,false,,4.90,0.0098,true,1,17340
7290003643745,false,כוסמת 500 גרם,,,כוסמת 500 גרם,גרמים,500.00,100 גרם,false,,7.90,0.0158,true,1,17341
7290003643752,false,עדשים ירוקות 500 גרם,,,עדשים ירוקות 500 גרם,גרמים,500.00,100 גרם,false,,7.90,0.0158,true,1,17342
7290003643769,false,עדשים אדומות 500 גרם,,,עדשים אדומות 500 גרם,גרמים,500.00,100 גרם,false,,7.90,0.0158,true,1,17343
7290003643776,false,סוגת פופקורן 500 גרם,,,סוגת פופקורן 500 גרם,גרמים,500.00,100 גרם,false,,4.90,0.0098,true,1,17344
7290003643783,false,קוקוס 100 גר,,,קוקוס 100 גר,גרמים,100.00,100 גרם,false,,3.90,0.0390,true,1,17345
7290003643806,false,שעועית לבנה 500 גרם,,,שעועית לבנה 500 גרם,גרמים,500.00,100 גרם,false,,10.90,0.0218,true,1,17346
7290003643813,false,שעועית אדומה 500 גרם,,,שעועית אדומה 500 גרם,גרמים,500.00,100 גרם,false,,10.90,0.0218,true,1,17347
7290003681211,false,צנובר מיה 80 גרם,,,צנובר מיה 80 גרם,גרמים,80.00,100 גרם,false,,26.70,0.3337,true,1,14958
7290003681303,false,שעועית מעורבת 500 גר,,,שעועית מעורבת 500 גר,גרמים,500.00,100 גרם,false,,7.90,0.0158,true,1,14964
7290003681334,false,קוקוס 400 גר. בדצ,,,קוקוס 400 גר. בדצ,גרמים,400.00,100 גרם,false,,11.90,0.0298,true,1,14965
7290003681365,false,70 סוכריות קישוט לעו,,,70 סוכריות קישוט לעו,גרמים,70.00,100 גרם,false,,4.90,0.0700,true,1,14967
7290003681693,false,חומוס לבן ענק מיה 50,,,חומוס לבן ענק מיה 50,גרמים,500.00,100 גרם,false,,10.90,0.0218,true,1,14981
7290003681716,false,גריסי פנינה 500 גרם,,,גריסי פנינה 500 גרם,גרמים,500.00,100 גרם,false,,4.90,0.0098,true,1,14982
7290003681945,false,מיץ לימון סחוט טבעי,,,מיץ לימון סחוט טבעי,מיליליטרים,500.00,"100 מ""ל",false,,8.90,0.0178,true,1,14994
7290003706167,false,בצל ירוק ארוז,,,בצל ירוק ארוז,יח',1.00,יח',false,,5.90,5.9000,true,1,35558
7290003706440,false,בייבי מיקס נספק,,,בייבי מיקס נספק,יח',1.00,יח',false,,9.90,9.9000,true,1,35559
7290003718610,false,במיה מוקפאת בלדי 400,,,במיה מוקפאת בלדי 400,גרמים,400.00,100 גרם,false,,11.90,0.0298,true,1,553257
7290003718627,false,פול ירוק בלדי 400 גר,,,פול ירוק בלדי 400 גר,גרמים,400.00,100 גרם,false,,11.90,0.0298,true,1,553305
7290003726141,false,טופו משק גאיה 300ג,,,טופו משק גאיה 300ג,גרמים,300.00,100 גרם,false,,10.90,0.0363,true,1,14635
7290003726615,false,טופו ויילר 300 גרם.,,,טופו ויילר 300 גרם.,גרמים,300.00,100 גרם,false,,10.90,0.0363,true,1,23294
7290003781850,false,גבינת קשקבל פרוסות 2,,,גבינת קשקבל פרוסות 2,גרמים,200.00,100 גרם,false,,19.90,0.0995,true,1,221141
7290003804252,false,תיבולית בנוסח הודי ק,,,תיבולית בנוסח הודי ק,גרמים,72.00,100 גרם,false,,7.90,0.1097,true,1,10338
7290003804382,false,תיבולית פטריות קנור,,,תיבולית פטריות קנור,גרמים,72.00,100 גרם,false,,7.90,0.1097,true,1,10344
7290003805501,false,פתית שוודי חסכוני בד,,,פתית שוודי חסכוני בד,גרמים,300.00,100 גרם,false,,16.90,0.0563,true,1,10356
7290003805587,false,פתית חיטה מלאה בד'ץ,,,פתית חיטה מלאה בד'ץ,גרמים,250.00,100 גרם,false,,16.90,0.0676,true,1,10362
7290003864478,false,סרדין בשמן צמחי וילי,,,סרדין בשמן צמחי וילי,גרמים,110.00,100 גרם,false,,5.30,0.0482,true,1,2882
7290003882922,false,עלי גפן ממולאים באור,,,עלי גפן ממולאים באור,גרמים,360.00,100 גרם,false,,8.90,0.0247,true,1,2887
7290003896141,false,אלמנדוס 200 גרם,,,אלמנדוס 200 גרם,גרמים,200.00,100 גרם,false,,11.90,0.0595,true,1,12796
7290003903771,false,עלית קפוצינו פחית 20,,,עלית קפוצינו פחית 20,גרמים,200.00,100 גרם,false,,23.90,0.1195,true,1,22235
7290003976263,false,"די תיקן טאצ' 300 מ""ל",,,"די תיקן טאצ' 300 מ""ל",מיליליטרים,300.00,"100 מ""ל",false,,9.90,0.0330,true,1,67633
7290003976287,false,"די תוש טאצ' 630 מ""ל",,,"די תוש טאצ' 630 מ""ל",מיליליטרים,630.00,"100 מ""ל",false,,13.90,0.0221,true,1,67635
7290003989096,false,אחלה חציל פיקנטי 500,,,אחלה חציל פיקנטי 500,גרמים,500.00,100 גרם,false,,14.90,0.0298,true,1,23297
7290003989539,false,EAT GOOD רביולי גבינ,,,EAT GOOD רביולי גבינ,גרמים,400.00,100 גרם,false,,19.90,0.0497,true,1,23298
7290003989553,false,שטראוס טורטליני פטרי,,,שטראוס טורטליני פטרי,גרמים,400.00,100 גרם,false,,19.90,0.0497,true,1,23299
7290004006440,false,בקבוק חתול עם ידיות,,,בקבוק חתול עם ידיות,יחידה,0.00,יחידה,false,,17.90,0.0000,true,1,882
7290004011284,false,ריצ בסיס להכנת קצפת,,,ריצ בסיס להכנת קצפת,מיליליטרים,212.00,"100 מ""ל",false,,6.90,0.0325,true,1,17029
7290004011345,false,קצפת ריץ במיכל פרווה,,,קצפת ריץ במיכל פרווה,מיליליטרים,238.00,"100 מ""ל",false,,9.90,0.0416,true,1,17032
7290004011819,false,אל גאוצו המבורגר ריב,,,אל גאוצו המבורגר ריב,גרמים,360.00,100 גרם,false,,21.90,0.0608,true,1,17040
7290004011826,false,אל גאוצ'ו מיני המבור,,,אל גאוצ'ו מיני המבור,גרמים,320.00,100 גרם,false,,21.90,0.0684,true,1,17041
7290004026776,false,לחם מחמצת אגוזים וצי,,,לחם מחמצת אגוזים וצי,גרמים,530.00,100 גרם,false,,17.90,0.0338,true,1,52338
7290004030018,false,מיץ לימון סחוט פרי פ,,,מיץ לימון סחוט פרי פ,מיליליטרים,500.00,"100 מ""ל",false,,6.90,0.0138,true,1,49452
7290004030100,false,מיץ תפוזים סחוט וולנ,,,מיץ תפוזים סחוט וולנ,ליטרים,1.00,ליטר,false,,15.90,15.9000,true,1,52221
7290004030216,false,פריניב נקטר חמוציות,,,פריניב נקטר חמוציות,ליטרים,1.00,ליטר,false,,12.70,12.7000,true,1,49459
7290004043108,false,M&M עדשי שוקולד 89 ג,,,M&M עדשי שוקולד 89 ג,גרמים,89.00,100 גרם,false,,6.90,0.0775,true,1,20589
7290004043205,false,M&M עדשי בוטנים 93 ג,,,M&M עדשי בוטנים 93 ג,גרמים,93.00,100 גרם,false,,6.90,0.0742,true,1,20590
7290004048679,false,קובה למרק 1 קג שלושת,,,קובה למרק 1 קג שלושת,קילוגרמים,1.00,"ק""ג",false,,16.90,16.9000,true,1,17042
7290004063016,false,"מלח שולחן סלית 1 ק""ג",,,"מלח שולחן סלית 1 ק""ג",קילוגרמים,1.00,"ק""ג",false,,1.70,1.7000,true,1,15462
7290004063115,false,מלח מטבח גס לבישול כ,,,מלח מטבח גס לבישול כ,קילוגרמים,1.00,"ק""ג",false,,1.70,1.7000,true,1,15463
7290004064099,false,מטחנה מלח מהרי ההימל,,,מטחנה מלח מהרי ההימל,גרמים,250.00,100 גרם,false,,15.90,0.0636,true,1,15464
7290004064174,false,מלח ההימלאיה דק בצנצ,,,מלח ההימלאיה דק בצנצ,קילוגרמים,1.00,"ק""ג",false,,16.90,16.9000,true,1,15465
7290004064303,false,מלח אטלנטי בצנצנת הא,,,מלח אטלנטי בצנצנת הא,גרמים,800.00,100 גרם,false,,17.90,0.0224,true,1,15468
7290004064358,false,מלח דק זורם בקלות בק,,,מלח דק זורם בקלות בק,קילוגרמים,1.00,"ק""ג",false,,4.90,4.9000,true,1,15469
7290004068011,false,גד יוגורט כבשים 5% 6,,,גד יוגורט כבשים 5% 6,מיליליטרים,600.00,"100 מ""ל",false,,16.90,0.0282,true,1,14636
7290004068028,false,גד משקה צזיקי 2% 500,,,גד משקה צזיקי 2% 500,מיליליטרים,500.00,"100 מ""ל",false,,9.90,0.0198,true,1,14637
7290004078225,false,מי פה פלקס סופט מינט,,,מי פה פלקס סופט מינט,מיליליטרים,500.00,"100 מ""ל",false,,30.90,0.0618,true,1,21476
7290004078270,false,פלמוליב לכלים לימון-,,,פלמוליב לכלים לימון-,יחידה,0.00,יחידה,false,,13.90,0.0000,true,1,21478
7290004102326,false,תרד לא שטוף,,,תרד לא שטוף,גרמים,180.00,100 גרם,false,,11.90,0.0661,true,1,35560
7290004119133,false,יוגורט כדים תנובה 7%,,,יוגורט כדים תנובה 7%,ליטרים,1.50,ליטר,false,,16.90,11.2667,true,1,25865
7290004119225,false,יופלה אננס 3% 150מל,,,יופלה אננס 3% 150מל,גרמים,150.00,100 גרם,false,,4.90,0.0327,true,1,25866
7290004119928,false,קרלו וניל 3% 125מל,,,קרלו וניל 3% 125מל,מיליליטרים,125.00,"100 מ""ל",false,,2.90,0.0232,true,1,25868
7290004119973,false,קרלו שוקולדה 3% 125מ,,,קרלו שוקולדה 3% 125מ,מיליליטרים,125.00,"100 מ""ל",false,,2.90,0.0232,true,1,25869
7290004120061,false,קרלו שוניל 3% 125מל,,,קרלו שוניל 3% 125מל,מיליליטרים,125.00,"100 מ""ל",false,,2.90,0.0232,true,1,25870
7290004120566,false,פיראוס בולגרית 24% 2,,,פיראוס בולגרית 24% 2,גרמים,250.00,100 גרם,false,,20.90,0.0836,true,1,25878
7290004120573,false,פיראוס בולגרית בקר 1,,,פיראוס בולגרית בקר 1,גרמים,250.00,100 גרם,false,,20.90,0.0836,true,1,25879
7290004120634,false,פיראוס בולגרית 5% 25,,,פיראוס בולגרית 5% 25,גרמים,250.00,100 גרם,false,,20.90,0.0836,true,1,25880
7290004120832,false,"חלב תנובה טרי 3% בד""",,,"חלב תנובה טרי 3% בד""",ליטרים,2.00,ליטר,false,,12.46,6.2300,true,1,25882
7290004121488,false,יופלה דיאט אפרסק 0%,,,יופלה דיאט אפרסק 0%,מיליליטרים,150.00,"100 מ""ל",false,,4.90,0.0327,true,1,25883
7290004121525,false,יופלה אפרסק תות 3% 8,,,יופלה אפרסק תות 3% 8,קילוגרמים,1.20,"ק""ג",false,,29.90,24.9167,true,1,25884
7290004121839,false,פיראוס פטה כבשים 20%,,,פיראוס פטה כבשים 20%,גרמים,250.00,100 גרם,false,,26.90,0.1076,true,1,25886
7290004121853,false,פיראוס בולגרית בקובי,,,פיראוס בולגרית בקובי,גרמים,200.00,100 גרם,false,,20.90,0.1045,true,1,25887
7290004122195,false,גוש חלב פרוס 28% 200,,,גוש חלב פרוס 28% 200,גרמים,200.00,100 גרם,false,,13.50,0.0675,true,1,25890
7290004122270,false,עמק פרוס סגירה חוזרת,,,עמק פרוס סגירה חוזרת,גרמים,200.00,100 גרם,false,,15.80,0.0790,true,1,25891
7290004122348,false,עמק לייט 9% 200ג,,,עמק לייט 9% 200ג,גרמים,200.00,100 גרם,false,,16.80,0.0840,true,1,25892
7290004122676,false,פיראוס חמד לייט 5% 2,,,פיראוס חמד לייט 5% 2,גרמים,250.00,100 גרם,false,,17.90,0.0716,true,1,25894
7290004122683,false,עמק אצבעות 172ג,,,עמק אצבעות 172ג,גרמים,172.00,100 גרם,false,,15.90,0.0924,true,1,25895
7290004124205,false,יופלה דיאט תות 0% 15,,,יופלה דיאט תות 0% 15,מיליליטרים,150.00,"100 מ""ל",false,,4.90,0.0327,true,1,25903
7290004124847,false,שף לבן קצפת צמחית 24,,,שף לבן קצפת צמחית 24,מיליליטרים,500.00,"100 מ""ל",false,,13.90,0.0278,true,1,25905
7290004125370,false,תנובה שמנת מופחתת 9%,,,תנובה שמנת מופחתת 9%,מיליליטרים,200.00,"100 מ""ל",false,,3.90,0.0195,true,1,25907
7290004125400,false,"אשל 4.5% בד""צ מהדרין",,,"אשל 4.5% בד""צ מהדרין",מיליליטרים,200.00,"100 מ""ל",false,,1.69,0.0084,true,1,25908
7290004125417,false,"גיל 3% בד""צ מהדרין",,,"גיל 3% בד""צ מהדרין",מיליליטרים,200.00,"100 מ""ל",false,,1.51,0.0076,true,1,25909
7290004125455,false,תנובה שמנת אורגינל מ,,,תנובה שמנת אורגינל מ,מיליליטרים,200.00,"100 מ""ל",false,,2.40,0.0120,true,1,25910
7290004125462,false,תנובה שמנת חמוצה 15%,,,תנובה שמנת חמוצה 15%,מיליליטרים,500.00,"100 מ""ל",false,,6.00,0.0120,true,1,25911
7290004125509,false,תנובה שמנת חצי מנה 1,,,תנובה שמנת חצי מנה 1,מיליליטרים,100.00,"100 מ""ל",false,,1.70,0.0170,true,1,25912
7290004125578,false,משקה סויה תנובה מועש,,,משקה סויה תנובה מועש,ליטרים,1.00,ליטר,false,,9.90,9.9000,true,1,25913
7290004125585,false,סויה תנובה משקה סויה,,,סויה תנובה משקה סויה,ליטרים,1.00,ליטר,false,,9.90,9.9000,true,1,25914
7290004125721,false,שף לבן שמנת לבישול 1,,,שף לבן שמנת לבישול 1,מיליליטרים,250.00,"100 מ""ל",false,,8.50,0.0340,true,1,25916
7290004125738,false,שף לבן שמנת להקצפה 3,,,שף לבן שמנת להקצפה 3,מיליליטרים,250.00,"100 מ""ל",false,,6.50,0.0260,true,1,25917
7290004125776,false,עמק גבינה קשה פרוסה,,,עמק גבינה קשה פרוסה,גרמים,400.00,100 גרם,false,,27.80,0.0695,true,1,25918
7290004126674,false,עמק טל לייט 9% 200ג,,,עמק טל לייט 9% 200ג,גרמים,200.00,100 גרם,false,,18.30,0.0915,true,1,25921
7290004126759,false,יופלה דיאט פירות יער,,,יופלה דיאט פירות יער,מיליליטרים,150.00,"100 מ""ל",false,,4.90,0.0327,true,1,25922
7290004126872,false,משקאות חלב תנובה שוק,,,משקאות חלב תנובה שוק,מיליליטרים,250.00,"100 מ""ל",false,,5.90,0.0236,true,1,25923
7290004127077,false,קוטג תנובה 3% 250 ג,,,קוטג תנובה 3% 250 ג,גרמים,250.00,100 גרם,false,,5.50,0.0220,true,1,25924
7290004127329,false,קוטג' 5% תנובה מהדרי,,,קוטג' 5% תנובה מהדרי,גרמים,250.00,100 גרם,false,,5.50,0.0220,true,1,25925
7290004127336,false,קוטג' תנובה מהדרין 9,,,קוטג' תנובה מהדרין 9,גרמים,250.00,100 גרם,false,,5.50,0.0220,true,1,25926
7290004127800,false,תנובה גבינה לבנה 5%,,,תנובה גבינה לבנה 5%,גרמים,500.00,100 גרם,false,,9.96,0.0199,true,1,25928
7290004127817,false,תנובה גבינה לבנה 9%,,,תנובה גבינה לבנה 9%,גרמים,500.00,100 גרם,false,,9.20,0.0184,true,1,25929
7290004127862,false,תנובה גבינה למריחה מ,,,תנובה גבינה למריחה מ,גרמים,750.00,100 גרם,false,,14.90,0.0199,true,1,25930
7290004128333,false,פיראוס לאבנה גביע %9,,,פיראוס לאבנה גביע %9,גרמים,500.00,100 גרם,false,,19.90,0.0398,true,1,25933
7290004128340,false,תנובה קרם גבינת שמנת,,,תנובה קרם גבינת שמנת,גרמים,200.00,100 גרם,false,,11.50,0.0575,true,1,25934
7290004128364,false,תנובה קרם גבינת שמנת,,,תנובה קרם גבינת שמנת,גרמים,200.00,100 גרם,false,,11.50,0.0575,true,1,25935
7290004128432,false,שף לבן פתיתי גבינה מ,,,שף לבן פתיתי גבינה מ,גרמים,500.00,100 גרם,false,,21.90,0.0438,true,1,25936
7290004129156,false,נפוליאון שום שמיר 25,,,נפוליאון שום שמיר 25,גרמים,225.00,100 גרם,false,,13.90,0.0618,true,1,25939
7290004129767,false,יופלה לבן מאגדת 3% 8,,,יופלה לבן מאגדת 3% 8,קילוגרמים,1.20,"ק""ג",false,,17.50,14.5833,true,1,25943
7290004130794,false,סויה תנובה טבעי במתי,,,סויה תנובה טבעי במתי,ליטרים,1.00,ליטר,false,,9.90,9.9000,true,1,25946
7290004130916,false,יופלה בטעם פירות יער,,,יופלה בטעם פירות יער,גרמים,150.00,100 גרם,false,,4.90,0.0327,true,1,25947
7290004131074,false,חלב תנובה הומוגני מה,,,חלב תנובה הומוגני מה,ליטרים,1.00,ליטר,false,,6.23,6.2300,true,1,25949
7290004131456,false,יופלה לבן 1.5% 200מל,,,יופלה לבן 1.5% 200מל,מיליליטרים,200.00,"100 מ""ל",false,,3.90,0.0195,true,1,25954
7290004131531,false,משקה חלב תנובה שוקו,,,משקה חלב תנובה שוקו,ליטרים,1.00,ליטר,false,,12.90,12.9000,true,1,25956
7290004131814,false,פיראוס צפתית מעודנת,,,פיראוס צפתית מעודנת,גרמים,200.00,100 גרם,false,,13.90,0.0695,true,1,25957
7290004132552,false,סויה תנובה לייט בטעם,,,סויה תנובה לייט בטעם,ליטרים,1.00,ליטר,false,,9.90,9.9000,true,1,25964
7290004132712,false,עמק אצבעות מוצרלה 20,,,עמק אצבעות מוצרלה 20,גרמים,174.00,100 גרם,false,,15.90,0.0914,true,1,25966
7290004133511,false,יופלה לבן מעודן 1.5%,,,יופלה לבן מעודן 1.5%,ליטרים,1.20,ליטר,false,,19.90,16.5833,true,1,25971
7290004134945,false,יופלה מוקה 3% 150מל,,,יופלה מוקה 3% 150מל,גרמים,150.00,100 גרם,false,,4.90,0.0327,true,1,25976
7290004135058,false,קרלו מהדרין מיני שוק,,,קרלו מהדרין מיני שוק,מיליליטרים,800.00,"100 מ""ל",false,,13.90,0.0174,true,1,25978
7290004135225,false,מעדן תנובה דיאט שוקו,,,מעדן תנובה דיאט שוקו,מיליליטרים,150.00,"100 מ""ל",false,,3.90,0.0260,true,1,25981
7290004135614,false,פיראוס בולגרית מעודנ,,,פיראוס בולגרית מעודנ,גרמים,250.00,100 גרם,false,,20.90,0.0836,true,1,25983
7290004136154,false,משקאות חלב תנובה איי,,,משקאות חלב תנובה איי,מיליליטרים,340.00,"100 מ""ל",false,,6.90,0.0203,true,1,25986
7290004136598,false,מארז הפסקת אוכל חלב,,,מארז הפסקת אוכל חלב,גרמים,150.00,100 גרם,false,,9.50,0.0633,true,1,25990
7290004136857,false,ג'לי תנובה פטל 125מל,,,ג'לי תנובה פטל 125מל,מיליליטרים,125.00,"100 מ""ל",false,,2.50,0.0200,true,1,25991
7290004136864,false,ג'לי תנובה אננס עם ח,,,ג'לי תנובה אננס עם ח,מיליליטרים,125.00,"100 מ""ל",false,,2.90,0.0232,true,1,25992
7290004136871,false,ג'לי תנובה אפרסק עם,,,ג'לי תנובה אפרסק עם,מיליליטרים,125.00,"100 מ""ל",false,,2.90,0.0232,true,1,25993
7290004137021,false,שף לבן שמנת לבישול 1,,,שף לבן שמנת לבישול 1,מיליליטרים,250.00,"100 מ""ל",false,,7.90,0.0316,true,1,25995
7290004137311,false,עמק לייט משפחתית 9%,,,עמק לייט משפחתית 9%,גרמים,400.00,100 גרם,false,,29.90,0.0747,true,1,25996
7290004137809,false,פיראוס לאבנה 5% 250ג,,,פיראוס לאבנה 5% 250ג,גרמים,250.00,100 גרם,false,,11.90,0.0476,true,1,25997
7290004150129,false,טחינה ביתית 300 גרם,,,טחינה ביתית 300 גרם,גרמים,300.00,100 גרם,false,,14.90,0.0497,true,1,545973
7290004150143,false,חציל במיונז 300 גרם,,,חציל במיונז 300 גרם,גרמים,300.00,100 גרם,false,,14.90,0.0497,true,1,545975
7290004150150,false,חציל בטחינה 300 גרם,,,חציל בטחינה 300 גרם,גרמים,300.00,100 גרם,false,,14.90,0.0497,true,1,545976
7290004150174,false,סלט קולסלאו 300 גרם,,,סלט קולסלאו 300 גרם,גרמים,300.00,100 גרם,false,,14.90,0.0497,true,1,545978
7290004150181,false,סלט חמוצים סיני 300,,,סלט חמוצים סיני 300,גרמים,300.00,100 גרם,false,,14.90,0.0497,true,1,545979
7290004150235,false,חומוס עם חריף 300 גר,,,חומוס עם חריף 300 גר,גרמים,300.00,100 גרם,false,,14.90,0.0497,true,1,545984
7290004150280,false,חומוס עם לימון כבוש,,,חומוס עם לימון כבוש,גרמים,300.00,100 גרם,false,,14.90,0.0497,true,1,545987
7290004199074,false,סאני פלסטר אינטרסן 5,,,סאני פלסטר אינטרסן 5,100 יח',50.00,100 יח',false,,6.90,0.1380,true,1,884
7290004199456,false,מיכל חלוקה לאבקת חלב,,,מיכל חלוקה לאבקת חלב,יחידה,0.00,יחידה,false,,15.90,0.0000,true,1,895
7290004199791,false,כפפות לאטקס סייף טאצ,,,כפפות לאטקס סייף טאצ,יחידה,0.00,יחידה,false,,22.90,0.0000,true,1,68568
7290004200244,false,פרסים רמה 3,,,פרסים רמה 3,יחידה,0.00,יחידה,false,,9.50,0.0000,true,1,32233
7290004219284,false,אנשובי עגול בצנצנת ו,,,אנשובי עגול בצנצנת ו,גרמים,80.00,100 גרם,false,,14.90,0.1863,true,1,2890
7290004230333,false,שגב מקלות בורקס פילו,,,שגב מקלות בורקס פילו,גרמים,600.00,100 גרם,false,,19.90,0.0332,true,1,17064
7290004230364,false,שגב מקלות בורקס פילו,,,שגב מקלות בורקס פילו,גרמים,600.00,100 גרם,false,,19.90,0.0332,true,1,17067
7290004324858,false,קבב כבש 500 גרם,,,קבב כבש 500 גרם,גרמים,500.00,100 גרם,false,,17.90,0.0358,true,1,17087
7290004492762,false,נשנושים תירס 325 גר,,,נשנושים תירס 325 גר,גרמים,325.00,100 גרם,false,,11.90,0.0366,true,1,10391
7290004537241,false,אפונת גינה קפואה 800,,,אפונת גינה קפואה 800,גרמים,800.00,100 גרם,false,,11.90,0.0149,true,1,51588
7290004537258,false,אפונה וגזר 800 גר שד,,,אפונה וגזר 800 גר שד,גרמים,800.00,100 גרם,false,,11.90,0.0149,true,1,51589
7290004537333,false,חומוס גרגירים 800 גר,,,חומוס גרגירים 800 גר,גרמים,800.00,100 גרם,false,,11.90,0.0149,true,1,51596
7290004584306,false,גמדים תות בננה 4*100,,,גמדים תות בננה 4*100,מיליליטרים,400.00,"100 מ""ל",false,,11.10,0.0277,true,1,23300
7290004584351,false,סימפוניה חמישית 200ג,,,סימפוניה חמישית 200ג,גרמים,200.00,100 גרם,false,,11.50,0.0575,true,1,23301
7290004584528,false,דנונה יוגורט טבעי 1.,,,דנונה יוגורט טבעי 1.,מיליליטרים,200.00,"100 מ""ל",false,,3.70,0.0185,true,1,23302
7290004585907,false,דני וניל מהדרין 130מ,,,דני וניל מהדרין 130מ,מיליליטרים,130.00,"100 מ""ל",false,,2.90,0.0223,true,1,23303
7290004639006,false,קוסקוס ביתי קפוא,,,קוסקוס ביתי קפוא,גרמים,800.00,100 גרם,false,,14.90,0.0186,true,1,51599
7290004731076,false,אלסבון אלוורה כיף 1,,,אלסבון אלוורה כיף 1,ליטרים,1.00,ליטר,false,,12.90,12.9000,true,1,29881
7290004731410,false,כרית קרצוף סנו סושי,,,כרית קרצוף סנו סושי,יחידה,0.00,יחידה,false,,9.90,0.0000,true,1,29888
7290004731472,false,שלישיית אלסבון צבעונ,,,שלישיית אלסבון צבעונ,ליטרים,1.50,ליטר,false,,19.90,13.2667,true,1,29889
7290004731519,false,סנו מקסימה למייבש סנ,,,סנו מקסימה למייבש סנ,מיליליטרים,750.00,"100 מ""ל",false,,17.90,0.0239,true,1,29890
7290004731564,false,סנו מקסימה מבשם ומרכ,,,סנו מקסימה מבשם ומרכ,מיליליטרים,750.00,"100 מ""ל",false,,17.90,0.0239,true,1,29892
7290004731984,false,אורביטול משחת שיניים,,,אורביטול משחת שיניים,גרמים,145.00,100 גרם,false,,14.90,0.1028,true,1,80687
7290004944032,false,חומוס אסלי 400 גר,,,חומוס אסלי 400 גר,גרמים,400.00,100 גרם,false,,10.90,0.0273,true,1,17704
7290004944049,false,טחינה אסלי 400 גרם,,,טחינה אסלי 400 גרם,גרמים,400.00,100 גרם,false,,10.90,0.0273,true,1,17705
7290004944056,false,חציל במיונז 400גר,,,חציל במיונז 400גר,גרמים,400.00,100 גרם,false,,10.90,0.0273,true,1,17706
7290004944063,false,תורכי אסלי 400 גרם,,,תורכי אסלי 400 גרם,גרמים,400.00,100 גרם,false,,10.90,0.0273,true,1,17707
7290005008481,false,דאודורנט ג'ל ספורט ס,,,דאודורנט ג'ל ספורט ס,גרמים,85.00,100 גרם,false,,19.90,0.2341,true,1,21486
7290005040993,false,ערמונים קלויים קלופי,,,ערמונים קלויים קלופי,יח',1.00,יח',false,,4.90,4.9000,true,1,50976
7290005041129,false,מעדני הטלה קבב גמבו,,,מעדני הטלה קבב גמבו,קילוגרמים,1.00,"ק""ג",false,,45.90,45.9000,true,1,17089
7290005041167,false,קבב גמבו עגל וכבש 1,,,קבב גמבו עגל וכבש 1,קילוגרמים,1.00,"ק""ג",false,,45.90,45.9000,true,1,17091
7290005041198,false,"קבב ביתי 1ק""ג",,,"קבב ביתי 1ק""ג",קילוגרמים,1.00,"ק""ג",false,,45.90,45.9000,true,1,17092
7290005041402,false,שיפודי שוארמה פרגית,,,שיפודי שוארמה פרגית,גרמים,600.00,100 גרם,false,,55.90,0.0932,true,1,274890
7290005084355,false,משחת שיניים דואל קר,,,משחת שיניים דואל קר,מיליליטרים,75.00,"100 מ""ל",false,,21.90,0.2920,true,1,3820
7290005100121,false,גבטה כפרית 180גרם,,,גבטה כפרית 180גרם,גרמים,150.00,100 גרם,false,,4.90,0.0327,true,1,2686
7290005174513,false,חציל במיונז אחלה 500,,,חציל במיונז אחלה 500,גרמים,500.00,100 גרם,false,,14.90,0.0298,true,1,23304
7290005174551,false,אחלה חומוס 125ג,,,אחלה חומוס 125ג,גרמים,125.00,100 גרם,false,,4.90,0.0392,true,1,23305
7290005174568,false,אחלה חציל במיונז 125,,,אחלה חציל במיונז 125,גרמים,125.00,100 גרם,false,,4.90,0.0392,true,1,23306
7290005174575,false,אחלה טחינה 125גר,,,אחלה טחינה 125גר,גרמים,125.00,100 גרם,false,,4.90,0.0392,true,1,23307
7290005197758,false,חיוכים של שוקו,,,חיוכים של שוקו,גרמים,150.00,100 גרם,false,,4.90,0.0327,true,1,22243
7290005199578,false,עלית אוריגינס קפה נט,,,עלית אוריגינס קפה נט,גרמים,200.00,100 גרם,false,,33.90,0.1695,true,1,22248
7290005199738,false,מאסט ריח פה נעים 28ג,,,מאסט ריח פה נעים 28ג,גרמים,28.00,100 גרם,false,,3.90,0.1393,true,1,22250
7290005200786,false,תפוציפס שמנת ובצל 50,,,תפוציפס שמנת ובצל 50,גרמים,50.00,100 גרם,false,,3.90,0.0780,true,1,24164
7290005201455,false,ארומה קפה נמס 200 גר,,,ארומה קפה נמס 200 גר,גרמים,200.00,100 גרם,false,,21.90,0.1095,true,1,22252
7290005201882,false,טורקי עלית 200 גר',,,טורקי עלית 200 גר',גרמים,200.00,100 גרם,false,,15.90,0.0795,true,1,22254
7290005287206,false,טונה בשמן סטארקיסט ר,,,טונה בשמן סטארקיסט ר,גרמים,640.00,100 גרם,false,,24.90,0.0389,true,1,26659
7290005287213,false,טונה בשמן סטארקיסט ב,,,טונה בשמן סטארקיסט ב,גרמים,640.00,100 גרם,false,,24.90,0.0389,true,1,26660
7290005287251,false,טונה במים סטארקיסט ר,,,טונה במים סטארקיסט ר,גרמים,640.00,100 גרם,false,,24.90,0.0389,true,1,26662
7290005296246,false,יעקבי פותח סתימות אק,,,יעקבי פותח סתימות אק,מיליליטרים,946.00,"100 מ""ל",false,,26.90,0.0284,true,1,11304
7290005326523,false,אוליביה ממרח פסטו פט,,,אוליביה ממרח פסטו פט,גרמים,180.00,100 גרם,false,,13.90,0.0772,true,1,52043
7290005326585,false,אוליביה פסטו בזיליקו,,,אוליביה פסטו בזיליקו,גרמים,180.00,100 גרם,false,,12.90,0.0717,true,1,26003
7290005403972,false,תחתיות ארטישוק 400 ג,,,תחתיות ארטישוק 400 ג,גרמים,400.00,100 גרם,false,,15.90,0.0398,true,1,51601
7290005403989,false,במיה קפואה 600 גרם ש,,,במיה קפואה 600 גרם ש,גרמים,600.00,100 גרם,false,,10.90,0.0182,true,1,51602
7290005418716,false,לחות לבניית תלתלים נ,,,לחות לבניית תלתלים נ,מיליליטרים,400.00,"100 מ""ל",false,,22.90,0.0572,true,1,29900
7290005423055,false,מתז פורטה פלוס בניחו,,,מתז פורטה פלוס בניחו,ליטרים,1.00,100 ליטר,false,,17.90,17.9000,true,1,29904
7290005423253,false,סנו מקסימה למייבש או,,,סנו מקסימה למייבש או,מיליליטרים,750.00,"100 מ""ל",false,,17.90,0.0239,true,1,29907
7290005423567,false,סנו סושי מטלית לכל 3,,,סנו סושי מטלית לכל 3,יחידה,0.00,יחידה,false,,20.00,0.0000,true,1,29918
7290005423635,false,נוזל לניקוי רצפות דו,,,נוזל לניקוי רצפות דו,ליטרים,2.00,ליטר,false,,21.90,10.9500,true,1,29919
7290005423871,false,משחת שיניים אורביטול,,,משחת שיניים אורביטול,גרמים,435.00,100 גרם,false,,16.90,0.0389,true,1,29922
7290005423918,false,מרכך כביסה סנו מקסימ,,,מרכך כביסה סנו מקסימ,ליטרים,4.00,ליטר,false,,23.90,5.9750,true,1,29924
7290005424113,false,סנו סושי מטליות רצפה,,,סנו סושי מטליות רצפה,יחידה,0.00,יחידה,false,,12.90,0.0000,true,1,29926
7290005424403,false,אל סבון אצות ים כיף,,,אל סבון אצות ים כיף,ליטרים,1.00,ליטר,false,,12.90,12.9000,true,1,29929
7290005424700,false,פורטה פלוס - קצף ברי,,,פורטה פלוס - קצף ברי,מיליליטרים,1.00,"100 מ""ל",false,,17.90,17.9000,true,1,29935
7290005424755,false,ריצפז פלוס מטליות לח,,,ריצפז פלוס מטליות לח,יחידה,0.00,יחידה,false,,14.90,0.0000,true,1,29936
7290005424762,false,ריצפז פלוס ווקס דוחה,,,ריצפז פלוס ווקס דוחה,ליטרים,2.00,ליטר,false,,28.90,14.4500,true,1,29937
7290005425073,false,דואופרש יסמין עץ סאנ,,,דואופרש יסמין עץ סאנ,מיליליטרים,300.00,"100 מ""ל",false,,11.90,0.0397,true,1,29946
7290005425196,false,אבקת כביסה סנו מקסימ,,,אבקת כביסה סנו מקסימ,קילוגרמים,2.50,"ק""ג",false,,26.90,10.7600,true,1,29949
7290005425202,false,אבקת כביסה סנו מקסימ,,,אבקת כביסה סנו מקסימ,קילוגרמים,2.50,"ק""ג",false,,26.90,10.7600,true,1,29950
7290005425714,false,סנו שמפו שטיחים פלוס,,,סנו שמפו שטיחים פלוס,מיליליטרים,600.00,"100 מ""ל",false,,26.90,0.0448,true,1,29958
7290005426568,false,קרם לחות לשיער רגיל,,,קרם לחות לשיער רגיל,מיליליטרים,400.00,"100 מ""ל",false,,19.90,0.0497,true,1,29974
7290005426940,false,סנו 300 K פלוס 8,,,סנו 300 K פלוס 8,מיליליטרים,400.00,"100 מ""ל",false,,18.90,0.0472,true,1,29982
7290005426971,false,סנובון כחול שלישיה ב,,,סנובון כחול שלישיה ב,גרמים,165.00,100 גרם,false,,16.90,0.1024,true,1,29984
7290005427725,false,ליטופים מגבונים מבוש,,,ליטופים מגבונים מבוש,יחידה,0.00,יחידה,false,,18.90,0.0000,true,1,30003
7290005427756,false,אלסבון אלוורה כיף 2,,,אלסבון אלוורה כיף 2,ליטרים,2.00,ליטר,false,,22.90,11.4500,true,1,30006
7290005428845,false,סנו סופט מפיות 33*33,,,סנו סופט מפיות 33*33,יחידה,0.00,יחידה,false,,7.90,0.0000,true,1,30016
7290005429279,false,אבקת כביסה סנו מקסימ,,,אבקת כביסה סנו מקסימ,קילוגרמים,6.00,"ק""ג",false,,49.90,8.3167,true,1,30024
7290005429286,false,אבקת כביסה סנו מקסימ,,,אבקת כביסה סנו מקסימ,קילוגרמים,6.00,"ק""ג",false,,49.90,8.3167,true,1,30025
7290005430602,false,סנו אוקסיג'ן מסיר כת,,,סנו אוקסיג'ן מסיר כת,מיליליטרים,750.00,"100 מ""ל",false,,17.90,0.0239,true,1,30029
7290005430671,false,סנו פוליווקס קרמיקה,,,סנו פוליווקס קרמיקה,ליטרים,2.00,ליטר,false,,20.90,10.4500,true,1,30032
7290005431883,false,עדן מלבי חלבי 165 גר,,,עדן מלבי חלבי 165 גר,גרמים,165.00,100 גרם,false,,6.90,0.0418,true,1,26014
7290005431906,false,עדן קדאיף 82 גרם,,,עדן קדאיף 82 גרם,גרמים,82.00,100 גרם,false,,6.90,0.0841,true,1,26016
7290005431913,false,קינוחי עדן עוגת גבינ,,,קינוחי עדן עוגת גבינ,גרמים,92.00,100 גרם,false,,6.90,0.0750,true,1,26017
7290005431920,false,עדן עוגת גבינה פירור,,,עדן עוגת גבינה פירור,גרמים,78.00,100 גרם,false,,6.90,0.0885,true,1,26018
7290005431937,false,עדן טירמיסו 82 גרם,,,עדן טירמיסו 82 גרם,גרמים,82.00,100 גרם,false,,6.90,0.0841,true,1,26019
7290005477669,false,סבון נוזלי מועשר בלח,,,סבון נוזלי מועשר בלח,יחידה,0.00,יחידה,false,,16.90,0.0000,true,1,30036
7290005543296,false,שריר בשר מס' 8 מחפוד,,,שריר בשר מס' 8 מחפוד,קילוגרמים,1.00,"ק""ג",true,,54.90,54.9000,true,1,166600
7290005559587,false,מאפה נקניקיות 800גר,,,מאפה נקניקיות 800גר,גרמים,800.00,100 גרם,false,,29.90,0.0374,true,1,35622
7290005559709,false,בורקס פיצה 700 גרם,,,בורקס פיצה 700 גרם,גרמים,700.00,100 גרם,false,,24.90,0.0356,true,1,35624
7290005559907,false,פיצה משפחתית גבינה 5,,,פיצה משפחתית גבינה 5,גרמים,500.00,100 גרם,false,,19.90,0.0398,true,1,35627
7290005559914,false,פיצה משפחתית זיתים 5,,,פיצה משפחתית זיתים 5,גרמים,550.00,100 גרם,false,,19.90,0.0362,true,1,35628
7290005559990,false,בצק פילאס תורכי מעדנ,,,בצק פילאס תורכי מעדנ,גרמים,600.00,100 גרם,false,,19.90,0.0332,true,1,35632
7290005576010,false,חסה מהדרין,,,חסה מהדרין,יח',1.00,יח',false,,7.90,7.9000,true,1,44810
7290005576027,false,פטרוזיליה גלאט עלים,,,פטרוזיליה גלאט עלים,יח',1.00,יח',false,,6.90,6.9000,true,1,44811
7290005576034,false,כוסברה מהדרין,,,כוסברה מהדרין,יח',1.00,יח',false,,6.90,6.9000,true,1,44812
7290005576041,false,שמיר מהדרין,,,שמיר מהדרין,יח',1.00,יח',false,,6.90,6.9000,true,1,44813
7290005576058,false,נענע מהדרין,,,נענע מהדרין,יח',1.00,יח',false,,6.90,6.9000,true,1,44814
7290005576065,false,סלרי מהדרין,,,סלרי מהדרין,יח',1.00,יח',false,,7.90,7.9000,true,1,44815
7290005576089,false,בצל ירוק מהדרין,,,בצל ירוק מהדרין,יח',1.00,יח',false,,7.90,7.9000,true,1,44817
7290005576096,false,כרוב לבן גלאט,,,כרוב לבן גלאט,קילוגרמים,1.00,"ק""ג",true,,15.90,15.9000,true,1,44802
7290005591761,false,דבש טהור מפרחי בר בל,,,דבש טהור מפרחי בר בל,גרמים,400.00,100 גרם,false,,20.90,0.0522,true,1,22255
7290005610127,false,תפו`א גורמה לבן דוד,,,תפו`א גורמה לבן דוד,קילוגרמים,1.00,"ק""ג",true,,7.90,7.9000,true,1,50968
7290005610196,false,תפו`א בייבי גורמה,,,תפו`א בייבי גורמה,קילוגרמים,1.00,"ק""ג",true,,6.90,6.9000,true,1,50969
7290005719189,false,לחם מחמצת שיפון אגו,,,לחם מחמצת שיפון אגו,יח',1.00,יח',false,,17.90,17.9000,true,1,2700
7290005838002,false,דניאלה מעדן גבינה 15,,,דניאלה מעדן גבינה 15,מיליליטרים,150.00,"100 מ""ל",false,,4.10,0.0273,true,1,23309
7290005838613,false,גבינה וניל 3% סקי 12,,,גבינה וניל 3% סקי 12,גרמים,125.00,100 גרם,false,,3.90,0.0312,true,1,23310
7290005838972,false,גבינת יום יום 5% סקי,,,גבינת יום יום 5% סקי,גרמים,125.00,100 גרם,false,,3.50,0.0280,true,1,23311
7290005839078,false,דנונה ביו מארז חסכון,,,דנונה ביו מארז חסכון,קילוגרמים,1.20,"ק""ג",false,,16.90,14.0833,true,1,23312
7290005839108,false,סימפוניה עם זיתים 5%,,,סימפוניה עם זיתים 5%,גרמים,200.00,100 גרם,false,,11.50,0.0575,true,1,23313
7290005839313,false,מילקי טופ מגולגלת 14,,,מילקי טופ מגולגלת 14,מיליליטרים,142.00,"100 מ""ל",false,,4.90,0.0345,true,1,23314
7290005896439,false,מכבי בקבוק חוזר 500,,,מכבי בקבוק חוזר 500,מיליליטרים,500.00,"100 מ""ל",false,,5.90,0.0118,true,1,9397
7290005896453,false,בירה מכבי 7.9 בקבוק,,,בירה מכבי 7.9 בקבוק,מיליליטרים,500.00,"100 מ""ל",false,,8.50,0.0170,true,1,9398
7290005896460,false,איגל בירה חזקה 7.8%,,,איגל בירה חזקה 7.8%,מיליליטרים,500.00,"100 מ""ל",false,,6.90,0.0138,true,1,9399
7290005896620,false,סאן בנדטו מים מינרלי,,,סאן בנדטו מים מינרלי,ליטרים,1.50,ליטר,false,,4.50,3.0000,true,1,9400
7290005896637,false,סאן בנדטו 1.5 ליטר,,,סאן בנדטו 1.5 ליטר,ליטרים,1.50,ליטר,false,,4.50,3.0000,true,1,9401
7290005901348,false,קבב כבש מעדני המנגל,,,קבב כבש מעדני המנגל,גרמים,400.00,100 גרם,false,,12.90,0.0323,true,1,51603
7290005901362,false,קבב רומני מעדני המנג,,,קבב רומני מעדני המנג,גרמים,400.00,100 גרם,false,,12.90,0.0323,true,1,51605
7290005901379,false,המבורגר מעדני המנגל,,,המבורגר מעדני המנגל,גרמים,400.00,100 גרם,false,,12.90,0.0323,true,1,51606
7290005901393,false,"""טעים טעים"" נקניקיות",,,"""טעים טעים"" נקניקיות",גרמים,500.00,100 גרם,false,,28.90,0.0578,true,1,51608
7290005901409,false,"""טעים טעים"" נקניקיות",,,"""טעים טעים"" נקניקיות",גרמים,500.00,100 גרם,false,,28.90,0.0578,true,1,51609
7290005901423,false,קבב קציצות ביתי טעים,,,קבב קציצות ביתי טעים,גרמים,500.00,100 גרם,false,,28.90,0.0578,true,1,51611
7290005902505,false,רב מגב 2 גומי טבעי,,,רב מגב 2 גומי טבעי,יחידה,0.00,יחידה,false,,62.90,0.0000,true,1,388959
7290005938245,false,פרסקו ממרח מצונן פסט,,,פרסקו ממרח מצונן פסט,גרמים,220.00,100 גרם,false,,17.90,0.0814,true,1,17095
7290005992018,false,גד יוגורט עיזים 3% 5,,,גד יוגורט עיזים 3% 5,מיליליטרים,500.00,"100 מ""ל",false,,12.90,0.0258,true,1,14644
7290005992575,false,גד בולגרית למריחה 5%,,,גד בולגרית למריחה 5%,גרמים,250.00,100 גרם,false,,15.90,0.0636,true,1,14647
7290005992735,false,גד לאבנה 5% 250ג,,,גד לאבנה 5% 250ג,גרמים,250.00,100 גרם,false,,11.90,0.0476,true,1,14649
7290006065049,false,פילה באס יפני 7-9 20,,,פילה באס יפני 7-9 20,קילוגרמים,1.00,"ק""ג",true,,41.90,41.9000,true,1,190023
7290006065179,false,סטייק טונה קפוא בואק,,,סטייק טונה קפוא בואק,קילוגרמים,1.00,"ק""ג",true,,39.90,39.9000,true,1,130707
7290006065391,false,פילה דג נסיכת הנילו,,,פילה דג נסיכת הנילו,קילוגרמים,1.00,"ק""ג",true,,43.90,43.9000,true,1,189993
7290006065407,false,נתחי פילה נסיכת הני,,,נתחי פילה נסיכת הני,קילוגרמים,1.00,"ק""ג",true,,46.90,46.9000,true,1,189994
7290006065599,false,פילה בקלה מרלוזה ארג,,,פילה בקלה מרלוזה ארג,קילוגרמים,1.00,"ק""ג",true,,37.90,37.9000,true,1,190008
7290006185501,false,אל סבון נוזלי ורוד פ,,,אל סבון נוזלי ורוד פ,יחידה,0.00,יחידה,false,,8.90,0.0000,true,1,18139
7290006185518,false,אל סבון נוזלי כחול פ,,,אל סבון נוזלי כחול פ,יחידה,0.00,יחידה,false,,8.90,0.0000,true,1,18140
7290006199027,false,גלידל מאגדת בטעם תות,,,גלידל מאגדת בטעם תות,גרמים,600.00,100 גרם,false,,31.90,0.0532,true,1,36073
7290006229427,false,"סאן בנדטו 6*500 מ""ל",,,"סאן בנדטו 6*500 מ""ל",ליטרים,3.00,ליטר,false,,11.90,3.9667,true,1,9414
7290006229588,false,איגל בירה פחית זהב 5,,,איגל בירה פחית זהב 5,מיליליטרים,500.00,"100 מ""ל",false,,5.90,0.0118,true,1,9415
7290006241191,false,אגוזי מלך 150 גרם קל,,,אגוזי מלך 150 גרם קל,גרמים,150.00,100 גרם,false,,17.50,0.1167,true,1,12804
7290006241535,false,קפוא מנגו 340 גרם,,,קפוא מנגו 340 גרם,גרמים,340.00,100 גרם,false,,13.90,0.0409,true,1,6395
7290006251107,false,תה מסאלה ויסוצקי 2/2,,,תה מסאלה ויסוצקי 2/2,גרמים,50.00,100 גרם,false,,18.90,0.3780,true,1,24656
7290006251275,false,תה ירוק סיני,,,תה ירוק סיני,גרמים,37.50,100 גרם,false,,23.90,0.6373,true,1,24658
7290006251343,false,תה חליטה הגן הקסום פ,,,תה חליטה הגן הקסום פ,גרמים,62.50,100 גרם,false,,17.90,0.2864,true,1,24660
7290006265548,false,נבטים סינים,,,נבטים סינים,יח',1.00,יח',false,,6.90,6.9000,true,1,41538
7290006265890,false,נבטי חמניה יח,,,נבטי חמניה יח,יח',1.00,יח',false,,8.90,8.9000,true,1,35561
7290006271174,false,גחנון לאפיה בתנור מע,,,גחנון לאפיה בתנור מע,גרמים,700.00,100 גרם,false,,16.90,0.0241,true,1,35633
7290006271181,false,מעדנות גחנון אפוי 75,,,מעדנות גחנון אפוי 75,גרמים,750.00,100 גרם,false,,21.90,0.0292,true,1,35634
7290006271648,false,מיני בורקס תפו`א 800,,,מיני בורקס תפו`א 800,גרמים,800.00,100 גרם,false,,19.90,0.0249,true,1,35638
7290006271655,false,מיני בורקס גבינה 800,,,מיני בורקס גבינה 800,גרמים,800.00,100 גרם,false,,19.90,0.0249,true,1,35639
7290006272072,false,חטיפי פיצה מעדנות 65,,,חטיפי פיצה מעדנות 65,גרמים,650.00,100 גרם,false,,29.90,0.0460,true,1,35642
7290006272430,false,בצק עלים חמאה 600 גר,,,בצק עלים חמאה 600 גר,גרמים,600.00,100 גרם,false,,28.90,0.0482,true,1,35644
7290006342065,false,בוטנים קלויים 200 ג,,,בוטנים קלויים 200 ג,גרמים,200.00,100 גרם,false,,8.90,0.0445,true,1,4627
7290006342645,false,טורטייה 840 גרם,,,טורטייה 840 גרם,גרמים,840.00,100 גרם,false,,14.90,0.0177,true,1,4638
7290006374738,false,קונפיטורת תות יד מור,,,קונפיטורת תות יד מור,גרמים,340.00,100 גרם,false,,11.90,0.0350,true,1,22262
7290006449955,false,מלפפון בייבי,,,מלפפון בייבי,יח',1.00,יח',false,,8.90,8.9000,true,1,187205
7290006492432,false,גד בייבי מוצרלה 150ג,,,גד בייבי מוצרלה 150ג,גרמים,170.00,100 גרם,false,,13.90,0.0818,true,1,14665
7290006492616,false,גד בולגרית פרוסות 5%,,,גד בולגרית פרוסות 5%,גרמים,250.00,100 גרם,false,,26.90,0.1076,true,1,14666
7290006492685,false,גד לאבנה עזים 3% 250,,,גד לאבנה עזים 3% 250,גרמים,250.00,100 גרם,false,,16.90,0.0676,true,1,14669
7290006492852,false,גד גבינת עיזים למריח,,,גד גבינת עיזים למריח,גרמים,250.00,100 גרם,false,,16.50,0.0660,true,1,14670
7290006511157,false,פטריות שלמות שמפיניו,,,פטריות שלמות שמפיניו,גרמים,230.00,100 גרם,false,,6.90,0.0300,true,1,2906
7290006511751,false,פטריות חתוכות ויליפו,,,פטריות חתוכות ויליפו,גרמים,870.00,100 גרם,false,,11.90,0.0137,true,1,2909
7290006532008,false,צ'יפס טעים טעים 1.8,,,צ'יפס טעים טעים 1.8,קילוגרמים,1.80,"ק""ג",false,,22.90,12.7222,true,1,51616
7290006532398,false,סטייק צ'יפס טעים 1.8,,,סטייק צ'יפס טעים 1.8,קילוגרמים,1.80,"ק""ג",false,,21.90,12.1667,true,1,51617
7290006567048,false,קוסקוס ישראלי בשקית,,,קוסקוס ישראלי בשקית,גרמים,350.00,100 גרם,false,,7.90,0.0226,true,1,18708
7290006618085,false,אסטוניש מרסס לאמבט 7,,,אסטוניש מרסס לאמבט 7,מיליליטרים,750.00,"100 מ""ל",false,,11.90,0.0159,true,1,11315
7290006632111,false,ביצי דג זהבון 263 גר,,,ביצי דג זהבון 263 גר,גרמים,263.00,100 גרם,false,,25.90,0.0985,true,1,398489
7290006644480,false,משקה תפוזים Move תפו,,,משקה תפוזים Move תפו,מיליליטרים,500.00,"100 מ""ל",false,,5.40,0.0108,true,1,11538
7290006644510,false,משקה ענבים Move תפוז,,,משקה ענבים Move תפוז,מיליליטרים,500.00,"100 מ""ל",false,,5.40,0.0108,true,1,11541
7290006644527,false,משקה תות בננה Move ת,,,משקה תות בננה Move ת,מיליליטרים,500.00,"100 מ""ל",false,,5.40,0.0108,true,1,11542
7290006644817,false,שוופס סודה 4*1.5ליטר,,,שוופס סודה 4*1.5ליטר,ליטרים,6.00,ליטר,false,,10.30,1.7167,true,1,11552
7290006652027,false,במבה יום הולדת מאח.1,,,במבה יום הולדת מאח.1,גרמים,300.00,100 גרם,false,,23.90,0.0797,true,1,18713
7290006653819,false,קוסקוס דק בשקית אסם,,,קוסקוס דק בשקית אסם,גרמים,350.00,100 גרם,false,,7.90,0.0226,true,1,18716
7290006660596,false,דגש קמח עדשים אדומות,,,דגש קמח עדשים אדומות,גרמים,500.00,100 גרם,false,,18.90,0.0378,true,1,108706
7290006660602,false,גרין קוקו - מי קוקוס,,,גרין קוקו - מי קוקוס,ליטרים,1.00,ליטר,false,,16.90,16.9000,true,1,108769
7290006664037,false,גמדים ארוחת בוקר 4*1,,,גמדים ארוחת בוקר 4*1,מיליליטרים,400.00,"100 מ""ל",false,,11.10,0.0277,true,1,23317
7290006664051,false,אקטימל טבעי 14*100מל,,,אקטימל טבעי 14*100מל,ליטרים,1.40,ליטר,false,,29.90,21.3571,true,1,23318
7290006664402,false,שטראוס גבינה 5% 750ג,,,שטראוס גבינה 5% 750ג,גרמים,750.00,100 גרם,false,,13.60,0.0181,true,1,23322
7290006664532,false,דנונה תות 3% 150מל,,,דנונה תות 3% 150מל,גרמים,150.00,100 גרם,false,,3.90,0.0260,true,1,23323
7290006664655,false,אקטימל טבעי 8*100מל,,,אקטימל טבעי 8*100מל,מיליליטרים,800.00,"100 מ""ל",false,,19.90,0.0249,true,1,23325
7290006664693,false,דנונה אפרסק 3% 150מל,,,דנונה אפרסק 3% 150מל,גרמים,150.00,100 גרם,false,,3.90,0.0260,true,1,23326
7290006664990,false,דנונה ביו מארז חיסכו,,,דנונה ביו מארז חיסכו,קילוגרמים,1.20,"ק""ג",false,,16.90,14.0833,true,1,23328
7290006704016,false,בזיליקום ארוז יחידה,,,בזיליקום ארוז יחידה,יח',1.00,יח',false,,5.90,5.9000,true,1,35562
7290006704047,false,רוזמרין,,,רוזמרין,יח',1.00,יח',false,,5.90,5.9000,true,1,41541
7290006704092,false,מרווה יחידה,,,מרווה יחידה,יח',1.00,יח',false,,5.90,5.9000,true,1,41543
7290006704108,false,קורנית /טימין יח',,,קורנית /טימין יח',יח',1.00,יח',false,,5.90,5.9000,true,1,41544
7290006704511,false,תפוא ננסי מיקרוגל,,,תפוא ננסי מיקרוגל,גרמים,750.00,100 גרם,false,,6.90,0.0092,true,1,35565
7290006704733,false,אספרגוס ארוז,,,אספרגוס ארוז,יח',1.00,יח',false,,31.90,31.9000,true,1,41547
7290006739131,false,זוגלובק בצק פילו 500,,,זוגלובק בצק פילו 500,גרמים,500.00,100 גרם,false,,12.90,0.0258,true,1,38982
7290006739407,false,שניצל תירס לייט 630,,,שניצל תירס לייט 630,גרמים,600.00,100 גרם,false,,21.90,0.0365,true,1,38989
7290006739414,false,סלמי קוניאק זוגלובק,,,סלמי קוניאק זוגלובק,גרמים,300.00,100 גרם,false,,26.90,0.0897,true,1,38990
7290006739421,false,סלמי מעושן איטלקי ז,,,סלמי מעושן איטלקי ז,גרמים,300.00,100 גרם,false,,26.90,0.0897,true,1,38991
7290006739445,false,שניצל תירס קלאסי 750,,,שניצל תירס קלאסי 750,גרמים,750.00,100 גרם,false,,21.90,0.0292,true,1,38992
7290006739544,false,כתף בקר זוגלובק 300,,,כתף בקר זוגלובק 300,גרמים,300.00,100 גרם,false,,29.90,0.0997,true,1,38993
7290006741363,false,"זוגלובק בורקס תפו""א",,,"זוגלובק בורקס תפו""א",גרמים,800.00,100 גרם,false,,13.90,0.0174,true,1,39005
7290006742179,false,קבב מזרחי 400 גרם,,,קבב מזרחי 400 גרם,גרמים,400.00,100 גרם,false,,19.90,0.0497,true,1,39013
7290006742278,false,פסטרממיה צלויה על לב,,,פסטרממיה צלויה על לב,גרמים,330.00,100 גרם,false,,27.90,0.0845,true,1,39014
7290006742292,false,פסטרממיה בדבש 1% 330,,,פסטרממיה בדבש 1% 330,גרמים,330.00,100 גרם,false,,27.90,0.0845,true,1,39015
7290006764065,false,נשר מאלט בקבוק פקדון,,,נשר מאלט בקבוק פקדון,מיליליטרים,500.00,"100 מ""ל",false,,4.90,0.0098,true,1,9417
7290006764072,false,גולדסטאר בירה בק חוז,,,גולדסטאר בירה בק חוז,מיליליטרים,500.00,"100 מ""ל",false,,7.90,0.0158,true,1,9418
7290006764096,false,בירה איגל בקבוק 500,,,בירה איגל בקבוק 500,מיליליטרים,500.00,"100 מ""ל",false,,5.50,0.0110,true,1,9419
7290006764157,false,בירה גולדסטאר לא מסו,,,בירה גולדסטאר לא מסו,מיליליטרים,500.00,"100 מ""ל",false,,7.90,0.0158,true,1,107107
7290006764485,false,נשר מאלט 6*330מל,,,נשר מאלט 6*330מל,ליטרים,1.98,ליטר,false,,31.90,16.1111,true,1,9426
7290006765000,false,8 טורטיות חיטה מלאה,,,8 טורטיות חיטה מלאה,גרמים,540.00,100 גרם,false,,9.90,0.0183,true,1,4646
7290006784469,false,"מבשם אוויר 400 מ""ל נ",,,"מבשם אוויר 400 מ""ל נ",מיליליטרים,400.00,"100 מ""ל",false,,9.90,0.0248,true,1,240769
7290006789631,false,קרם לחות לשיער רגיל,,,קרם לחות לשיער רגיל,מיליליטרים,400.00,"100 מ""ל",false,,14.90,0.0373,true,1,30077
7290006789655,false,קרם לחות לבניית תלתל,,,קרם לחות לבניית תלתל,מיליליטרים,400.00,"100 מ""ל",false,,14.90,0.0373,true,1,30079
7290006804907,false,פיתות אסלי 5 יח',,,פיתות אסלי 5 יח',גרמים,500.00,100 גרם,false,,7.90,0.0158,true,1,52340
7290006805355,false,תערובת כדורי שוקולד,,,תערובת כדורי שוקולד,גרמים,500.00,100 גרם,false,,16.90,0.0338,true,1,12806
7290006805850,false,תערובת להכנת פנקייקס,,,תערובת להכנת פנקייקס,גרמים,500.00,100 גרם,false,,16.90,0.0338,true,1,12807
7290006822192,false,אושן ספרי דיאט חמוצי,,,אושן ספרי דיאט חמוצי,ליטרים,1.00,ליטר,false,,11.90,11.9000,true,1,6968
7290006866967,false,נקטר פרימור חמוציות,,,נקטר פרימור חמוציות,ליטרים,1.00,ליטר,false,,9.00,9.0000,true,1,51649
7290006908131,false,בוטנת בוטן קליפה 400,,,בוטנת בוטן קליפה 400,גרמים,400.00,100 גרם,false,,12.50,0.0313,true,1,1474
7290006908377,false,שקד טבעי 150 גר` פיצ,,,שקד טבעי 150 גר` פיצ,גרמים,150.00,100 גרם,false,,13.90,0.0927,true,1,1477
7290006908384,false,פיסטוק חלבי 150 גרם,,,פיסטוק חלבי 150 גרם,גרמים,150.00,100 גרם,false,,17.90,0.1193,true,1,1478
7290006908414,false,חמנייה 400 גרם,,,חמנייה 400 גרם,גרמים,400.00,100 גרם,false,,10.90,0.0273,true,1,1480
7290006920447,false,פיצרלה פתיתים בדץ כ,,,פיצרלה פתיתים בדץ כ,גרמים,500.00,100 גרם,false,,23.90,0.0478,true,1,18272
7290006920836,false,מעושן פרוס כפיר 350,,,מעושן פרוס כפיר 350,גרמים,350.00,100 גרם,false,,15.90,0.0454,true,1,18278
7290006920843,false,מוצרלה פרוס 350 גרם,,,מוצרלה פרוס 350 גרם,גרמים,350.00,100 גרם,false,,15.90,0.0454,true,1,18279
7290006983152,false,קרוטונים מתובלים אסם,,,קרוטונים מתובלים אסם,גרמים,400.00,100 גרם,false,,17.90,0.0447,true,1,18719
7290006983176,false,לחמית שיפון אסם 250,,,לחמית שיפון אסם 250,גרמים,230.00,100 גרם,false,,8.90,0.0387,true,1,18720
7290006983763,false,עוגת הבית שוקולד 400,,,עוגת הבית שוקולד 400,גרמים,400.00,100 גרם,false,,11.90,0.0298,true,1,18724
7290006983770,false,עוגת הבית שיש 400גר,,,עוגת הבית שיש 400גר,גרמים,400.00,100 גרם,false,,11.90,0.0298,true,1,18725
7290006983787,false,עוגת הבית שוקוציפס 4,,,עוגת הבית שוקוציפס 4,גרמים,400.00,100 גרם,false,,11.90,0.0298,true,1,18726
7290006983794,false,עוגת הבית תפוז 400גר,,,עוגת הבית תפוז 400גר,גרמים,400.00,100 גרם,false,,11.90,0.0298,true,1,18727
7290006992161,false,מטרנה דייסת קורנפלור,,,מטרנה דייסת קורנפלור,גרמים,200.00,100 גרם,false,,13.50,0.0675,true,1,18729
7290006992185,false,מטרנה דייסת אורז פרו,,,מטרנה דייסת אורז פרו,גרמים,200.00,100 גרם,false,,13.50,0.0675,true,1,18730
7290006992192,false,מטרנה דייסת סולת פרו,,,מטרנה דייסת סולת פרו,גרמים,200.00,100 גרם,false,,13.50,0.0675,true,1,18731
7290006992208,false,מטרנה דייסת דגנים פר,,,מטרנה דייסת דגנים פר,גרמים,200.00,100 גרם,false,,13.50,0.0675,true,1,18732
7290006992390,false,מטרנה דייסת וניל פרו,,,מטרנה דייסת וניל פרו,גרמים,200.00,100 גרם,false,,13.50,0.0675,true,1,18733
7290008000246,false,סבון שטיפה מועשר באל,,,סבון שטיפה מועשר באל,מיליליטרים,220.00,"100 מ""ל",false,,24.90,0.1132,true,1,3828
7290008000826,false,משחת שיניים ברבי ליל,,,משחת שיניים ברבי ליל,מיליליטרים,50.00,"100 מ""ל",false,,10.90,0.2180,true,1,3834
7290008023542,false,סיף פנטסטיק שמפו רצפ,,,סיף פנטסטיק שמפו רצפ,ליטרים,4.00,ליטר,false,,24.90,6.2250,true,1,10408
7290008101318,false,פירורי לחם זהוב קלאס,,,פירורי לחם זהוב קלאס,גרמים,300.00,100 גרם,false,,6.90,0.0230,true,1,457337
7290008101356,false,פירורי לחם פנקו זהוב,,,פירורי לחם פנקו זהוב,גרמים,300.00,100 גרם,false,,9.90,0.0330,true,1,478067
7290008102469,false,פירורי לחם זהוב קלאס,,,פירורי לחם זהוב קלאס,גרמים,800.00,100 גרם,false,,12.90,0.0161,true,1,457411
7290008116541,false,מי פה ליסטרין בטעם מ,,,מי פה ליסטרין בטעם מ,מיליליטרים,500.00,"100 מ""ל",false,,22.90,0.0458,true,1,29482
7290008116565,false,מי פה פרש ליסטרין 50,,,מי פה פרש ליסטרין 50,מיליליטרים,500.00,"100 מ""ל",false,,22.90,0.0458,true,1,29484
7290008154222,false,שניצלונים עוף טוב 70,,,שניצלונים עוף טוב 70,גרמים,700.00,100 גרם,false,,19.90,0.0284,true,1,19773
7290008268301,false,אוכמניות,,,אוכמניות,גרמים,120.00,100 גרם,false,,10.90,0.0908,true,1,47870
7290008300605,false,90*75 'שקיות אשפה 50,,,90*75 'שקיות אשפה 50,יחידה,0.00,יחידה,false,,9.90,0.0000,true,1,274682
7290008330107,false,בדין מרכך כביסה סגול,,,בדין מרכך כביסה סגול,ליטרים,4.00,ליטר,false,,19.90,4.9750,true,1,10409
7290008340618,false,סלמון 100 מעושן מצונ,,,סלמון 100 מעושן מצונ,גרמים,100.00,100 גרם,false,,19.90,0.1990,true,1,17112
7290008343558,false,סיגרים בשר 1 ק`ג שלו,,,סיגרים בשר 1 ק`ג שלו,קילוגרמים,1.00,"ק""ג",false,,16.90,16.9000,true,1,17119
7290008343565,false,סיגרים תפו`א 1 ק`ג ש,,,סיגרים תפו`א 1 ק`ג ש,קילוגרמים,1.00,"ק""ג",false,,16.90,16.9000,true,1,17120
7290008343572,false,אגרול סיני 1 ק`ג שלו,,,אגרול סיני 1 ק`ג שלו,קילוגרמים,1.00,"ק""ג",false,,16.90,16.9000,true,1,17121
7290008343602,false,קובה בשר 1 ק`ג שלושת,,,קובה בשר 1 ק`ג שלושת,קילוגרמים,1.00,"ק""ג",false,,16.90,16.9000,true,1,17122
7290008343619,false,פסטלים תפו`א שלושת ה,,,פסטלים תפו`א שלושת ה,קילוגרמים,1.00,"ק""ג",false,,16.90,16.9000,true,1,17123
7290008344258,false,המבורגר מזרחי 400 ג',,,המבורגר מזרחי 400 ג',גרמים,400.00,100 גרם,false,,17.90,0.0447,true,1,17129
7290008344272,false,המבורגר 100% 400 ג'-,,,המבורגר 100% 400 ג'-,גרמים,400.00,100 גרם,false,,17.90,0.0447,true,1,17131
7290008345583,false,300 איקרה ביתית ורוד,,,300 איקרה ביתית ורוד,גרמים,300.00,100 גרם,false,,19.90,0.0663,true,1,17136
7290008409100,false,אצבעות שניצל ציפוי ש,,,אצבעות שניצל ציפוי ש,גרמים,700.00,100 גרם,false,,30.90,0.0441,true,1,25552
7290008409124,false,מאמא עוף קפוא שניצל,,,מאמא עוף קפוא שניצל,גרמים,700.00,100 גרם,false,,30.90,0.0441,true,1,25553
7290008409216,false,מאמא עוף קפוא שניצל,,,מאמא עוף קפוא שניצל,גרמים,700.00,100 גרם,false,,35.90,0.0513,true,1,25554
7290008409223,false,שניצל דק מתובל מאמא,,,שניצל דק מתובל מאמא,גרמים,700.00,100 גרם,false,,35.90,0.0513,true,1,25555
7290008409315,false,מאמא עוף מיני דק שני,,,מאמא עוף מיני דק שני,גרמים,500.00,100 גרם,false,,24.90,0.0498,true,1,25558
7290008409407,false,מאמא עוף שניצל דק צי,,,מאמא עוף שניצל דק צי,גרמים,700.00,100 גרם,false,,35.90,0.0513,true,1,25564
7290008415071,false,צבר חומוס עם טחינה 1,,,צבר חומוס עם טחינה 1,גרמים,150.00,100 גרם,false,,4.90,0.0327,true,1,19776
7290008415514,false,צבר סלט חומוס עם חרי,,,צבר סלט חומוס עם חרי,גרמים,150.00,100 גרם,false,,4.90,0.0327,true,1,19777
7290008443630,false,שמפו מתולתל סגול נקה,,,שמפו מתולתל סגול נקה,מיליליטרים,750.00,"100 מ""ל",false,,11.90,0.0159,true,1,30093
7290008461221,false,סרדינים רוברט שמן חמ,,,סרדינים רוברט שמן חמ,גרמים,115.00,100 גרם,false,,6.90,0.0600,true,1,17141
7290008464024,false,גולדסטאר לא מסונן פח,,,גולדסטאר לא מסונן פח,מיליליטרים,500.00,"100 מ""ל",false,,8.90,0.0178,true,1,9435
7290008464130,false,גולדסטאר לא מסונן 6*,,,גולדסטאר לא מסונן 6*,ליטרים,1.98,ליטר,false,,36.90,18.6364,true,1,9437
7290008464222,false,מכבי 7.9 פחית 500 מל,,,מכבי 7.9 פחית 500 מל,מיליליטרים,500.00,"100 מ""ל",false,,7.90,0.0158,true,1,9438
7290008464345,false,"גולדסטאר בירה ח""פ 33",,,"גולדסטאר בירה ח""פ 33",יחידה,330.00,יחידה,false,,8.70,0.0264,true,1,9443
7290008464468,false,"גולדסטאר פחית 500מ""ל",,,"גולדסטאר פחית 500מ""ל",מיליליטרים,500.00,"100 מ""ל",false,,7.90,0.0158,true,1,9449
7290008464475,false,"מכבי פחית 500מ""ל",,,"מכבי פחית 500מ""ל",מיליליטרים,500.00,"100 מ""ל",false,,6.90,0.0138,true,1,9450
7290008464604,false,הייניקן בירה פח 500מ,,,הייניקן בירה פח 500מ,מיליליטרים,500.00,"100 מ""ל",false,,12.50,0.0250,true,1,9458
7290008464611,false,"מי סודה טמפו 275 מ""ל",,,"מי סודה טמפו 275 מ""ל",מיליליטרים,275.00,"100 מ""ל",false,,3.50,0.0127,true,1,9459
7290008464673,false,גולדסטאר SLOWBREW 10,,,גולדסטאר SLOWBREW 10,מיליליטרים,500.00,"100 מ""ל",false,,8.90,0.0178,true,1,9460
7290008464734,false,גולדסטאר SLOW BREW 3,,,גולדסטאר SLOW BREW 3,ליטרים,1.98,ליטר,false,,35.90,18.1313,true,1,9464
7290008464741,false,"גולדסטאר ח""פ בקבוק 6",,,"גולדסטאר ח""פ בקבוק 6",ליטרים,1.98,ליטר,false,,37.90,19.1414,true,1,9465
7290008464796,false,"הייניקן בקבוק ח""פ 6*",,,"הייניקן בקבוק ח""פ 6*",ליטרים,1.98,ליטר,false,,38.90,19.6465,true,1,9468
7290008470759,false,אורביט סטיקס ספירמינ,,,אורביט סטיקס ספירמינ,יחידה,0.00,יחידה,false,,14.00,0.0000,true,1,20771
7290008636018,false,1/8 כפתורי שוקולד 30,,,1/8 כפתורי שוקולד 30,גרמים,30.00,100 גרם,false,,9.90,0.3300,true,1,15007
7290008636339,false,מחית תפוחי אדמה פירה,,,מחית תפוחי אדמה פירה,גרמים,400.00,100 גרם,false,,10.00,0.0250,true,1,15011
7290008636933,false,אגוז מלך גרוסים 100,,,אגוז מלך גרוסים 100,גרמים,100.00,100 גרם,false,,10.90,0.1090,true,1,15023
7290008639095,false,פחזניות וניל 280גרם,,,פחזניות וניל 280גרם,גרמים,280.00,100 גרם,false,,29.90,0.1068,true,1,39956
7290008644112,false,אחלה מטבוחה 125ג,,,אחלה מטבוחה 125ג,גרמים,125.00,100 גרם,false,,4.90,0.0392,true,1,23330
7290008644235,false,עלי בייבי 120 ג ירקו,,,עלי בייבי 120 ג ירקו,גרמים,120.00,100 גרם,false,,9.90,0.0825,true,1,23331
7290008644945,false,סלט המושבה 450 ג ירק,,,סלט המושבה 450 ג ירק,גרמים,450.00,100 גרם,false,,10.90,0.0242,true,1,23333
7290008690713,false,אושן ספרי חמוציות 1ל,,,אושן ספרי חמוציות 1ל,ליטרים,1.00,ליטר,false,,11.90,11.9000,true,1,6989
7290008693134,false,דניאלה תות מעדן גבינ,,,דניאלה תות מעדן גבינ,מיליליטרים,150.00,"100 מ""ל",false,,4.10,0.0273,true,1,23335
7290008713900,false,לחם שיפון עגול אנגל,,,לחם שיפון עגול אנגל,גרמים,750.00,100 גרם,false,,13.90,0.0185,true,1,35475
7290008739955,false,נר LOVE,,,נר LOVE,יחידה,0.00,יחידה,false,,10.00,0.0000,true,1,14279
7290008745239,false,תפוציפס קראנץ טבעי 5,,,תפוציפס קראנץ טבעי 5,גרמים,50.00,100 גרם,false,,3.90,0.0780,true,1,24166
7290008747547,false,תפוציפס קראנץ טבעי 2,,,תפוציפס קראנץ טבעי 2,גרמים,200.00,100 גרם,false,,9.90,0.0495,true,1,24168
7290008750264,false,מאסט דובדבן 28ג,,,מאסט דובדבן 28ג,גרמים,28.00,100 גרם,false,,3.90,0.1393,true,1,22273
7290008752244,false,תפוציפס קראנץ גריל 5,,,תפוציפס קראנץ גריל 5,גרמים,50.00,100 גרם,false,,3.90,0.0780,true,1,24170
7290008753111,false,תפוציפס מקסיקני 50גר,,,תפוציפס מקסיקני 50גר,גרמים,50.00,100 גרם,false,,3.90,0.0780,true,1,24171
7290008754415,false,מאסט מנטה עדין 28 גר,,,מאסט מנטה עדין 28 גר,גרמים,28.00,100 גרם,false,,3.90,0.1393,true,1,22282
7290008757034,false,"סודה שוופס 250 מ""ל ב",,,"סודה שוופס 250 מ""ל ב",מיליליטרים,250.00,"100 מ""ל",false,,3.90,0.0156,true,1,11559
7290008757072,false,שוופס פחית תות 330 מ,,,שוופס פחית תות 330 מ,מיליליטרים,330.00,"100 מ""ל",false,,4.50,0.0136,true,1,11561
7290008757980,false,ספרינג רימונים 1ל,,,ספרינג רימונים 1ל,ליטרים,1.00,ליטר,false,,6.90,6.9000,true,1,11579
7290008775816,false,ערגליות שוקולד 300 ג,,,ערגליות שוקולד 300 ג,גרמים,300.00,100 גרם,false,,9.90,0.0330,true,1,18736
7290008775823,false,ערגליות תות שדה 300,,,ערגליות תות שדה 300,גרמים,300.00,100 גרם,false,,9.90,0.0330,true,1,18737
7290008792257,false,מפיות נייר מפיון טאצ,,,מפיות נייר מפיון טאצ,יחידה,0.00,יחידה,false,,3.90,0.0000,true,1,24458
7290008792264,false,מפיות טאצ' 100,,,מפיות טאצ' 100,יחידה,0.00,יחידה,false,,4.90,0.0000,true,1,24459
7290008801010,false,יין P.C קברנה סובי,,,יין P.C קברנה סובי,מיליליטרים,750.00,"100 מ""ל",false,,39.90,0.0532,true,1,511
7290008802529,false,יין וינו לבן יבש,,,יין וינו לבן יבש,מיליליטרים,750.00,"100 מ""ל",false,,21.90,0.0292,true,1,527
7290008805049,false,יין סלקטד רוזה כרמל,,,יין סלקטד רוזה כרמל,מיליליטרים,750.00,"100 מ""ל",false,,29.90,0.0399,true,1,543
7290008806961,false,קרמיסימו שוקולד שבבי,,,קרמיסימו שוקולד שבבי,ליטרים,1.33,ליטר,false,,18.90,14.2105,true,1,4277
7290008837866,false,שירת הלל 100% מיץ ענ,,,שירת הלל 100% מיץ ענ,ליטרים,1.00,ליטר,false,,17.90,17.9000,true,1,11917
7290008849753,false,רוטב טריאקי עשיר אול,,,רוטב טריאקי עשיר אול,מיליליטרים,300.00,"100 מ""ל",false,,12.90,0.0430,true,1,52049
7290008909853,false,קוקה קולה זירו 500 מ,,,קוקה קולה זירו 500 מ,מיליליטרים,500.00,"100 מ""ל",false,,6.90,0.0138,true,1,7005
7290008945202,false,גלילונית לאשפה משרדי,,,גלילונית לאשפה משרדי,יחידה,0.00,יחידה,false,,12.90,0.0000,true,1,5822
7290008975551,false,מטרנה מהדרין שלב 3,,,מטרנה מהדרין שלב 3,גרמים,700.00,100 גרם,false,,49.90,0.0713,true,1,18741
7290009018004,false,פיקדון בקבוק/פחית בו,,,פיקדון בקבוק/פחית בו,יחידה,0.00,יחידה,false,,0.30,0.0000,true,1,66
7290009018011,false,פיקדון בקבוק/פחיות ש,,,פיקדון בקבוק/פחיות ש,יחידה,0.00,יחידה,false,,1.80,0.0000,true,1,64
7290009018264,false,פיקדון בקבוק/פחית רב,,,פיקדון בקבוק/פחית רב,יחידה,0.00,יחידה,false,,1.20,0.0000,true,1,105
7290009023480,false,פיקדון בקבוק 12 יח,,,פיקדון בקבוק 12 יח,יחידה,0.00,יחידה,false,,3.60,0.0000,true,1,49320
7290009174397,false,כריך עובד מגה,,,כריך עובד מגה,יחידה,0.00,יחידה,false,,1.50,0.0000,true,1,47156
7290010002023,false,מימון כורכום הודי טח,,,מימון כורכום הודי טח,גרמים,100.00,100 גרם,false,,11.90,0.1190,true,1,245
7290010002030,false,מימון כמון במיכל 100,,,מימון כמון במיכל 100,גרמים,100.00,100 גרם,false,,11.90,0.1190,true,1,246
7290010002047,false,מימון מלח לימון במיכ,,,מימון מלח לימון במיכ,גרמים,200.00,100 גרם,false,,9.50,0.0475,true,1,247
7290010002061,false,מימון פלפל לבן טחון,,,מימון פלפל לבן טחון,גרמים,100.00,100 גרם,false,,17.50,0.1750,true,1,249
7290010002078,false,מימון פלפל שחור טחון,,,מימון פלפל שחור טחון,גרמים,100.00,100 גרם,false,,14.50,0.1450,true,1,250
7290010002108,false,מימון פלפל שחור גרוס,,,מימון פלפל שחור גרוס,גרמים,90.00,100 גרם,false,,14.50,0.1611,true,1,253
7290010002146,false,מימון פפריקה מרוקאית,,,מימון פפריקה מרוקאית,גרמים,100.00,100 גרם,false,,11.90,0.1190,true,1,257
7290010002153,false,מימון פפריקה מרוקאית,,,מימון פפריקה מרוקאית,גרמים,100.00,100 גרם,false,,11.90,0.1190,true,1,258
7290010002207,false,מימון קינמון טחון במ,,,מימון קינמון טחון במ,גרמים,100.00,100 גרם,false,,9.50,0.0950,true,1,260
7290010002214,false,מימון צילי גרוס 80 ג,,,מימון צילי גרוס 80 ג,גרמים,80.00,100 גרם,false,,11.90,0.1488,true,1,261
7290010002283,false,מימון תבלין על האש ב,,,מימון תבלין על האש ב,גרמים,100.00,100 גרם,false,,11.90,0.1190,true,1,263
7290010002290,false,מימון תערובת לשווארמ,,,מימון תערובת לשווארמ,גרמים,100.00,100 גרם,false,,11.90,0.1190,true,1,264
7290010002320,false,מימון תיבול לגריל עו,,,מימון תיבול לגריל עו,גרמים,100.00,100 גרם,false,,11.90,0.1190,true,1,267
7290010002344,false,מימון תיבול לדג 100,,,מימון תיבול לדג 100,גרמים,100.00,100 גרם,false,,11.90,0.1190,true,1,269
7290010002351,false,מימון זעתר ושומשום 1,,,מימון זעתר ושומשום 1,גרמים,100.00,100 גרם,false,,11.90,0.1190,true,1,270
7290010002375,false,מימון קארי 100 גרם,,,מימון קארי 100 גרם,גרמים,100.00,100 גרם,false,,11.90,0.1190,true,1,272
7290010002382,false,מימון אורגנו במיכל 4,,,מימון אורגנו במיכל 4,גרמים,40.00,100 גרם,false,,9.50,0.2375,true,1,273
7290010002443,false,מימון רוזמרין במיכל,,,מימון רוזמרין במיכל,גרמים,40.00,100 גרם,false,,9.50,0.2375,true,1,278
7290010002481,false,מימון שום טחון במיכל,,,מימון שום טחון במיכל,גרמים,100.00,100 גרם,false,,14.50,0.1450,true,1,280
7290010002597,false,מימון כוסברה ירוקה ב,,,מימון כוסברה ירוקה ב,גרמים,20.00,100 גרם,false,,9.50,0.4750,true,1,282
7290010002696,false,אקסטרא צ'יפס אורז חו,,,אקסטרא צ'יפס אורז חו,גרמים,60.00,100 גרם,false,,8.50,0.1417,true,1,457440
7290010002726,false,מימון תיבול לפרגיות,,,מימון תיבול לפרגיות,גרמים,100.00,100 גרם,false,,11.90,0.1190,true,1,284
7290010002986,false,תערובת חריפה אש מימ,,,תערובת חריפה אש מימ,גרמים,100.00,100 גרם,false,,16.90,0.1690,true,1,272668
7290010003686,false,מימון עלי דפנה שקית,,,מימון עלי דפנה שקית,גרמים,20.00,100 גרם,false,,5.90,0.2950,true,1,290
7290010003693,false,מימון פפריקה מתוקה ש,,,מימון פפריקה מתוקה ש,גרמים,80.00,100 גרם,false,,5.90,0.0738,true,1,291
7290010003709,false,מימון פלפל שחור טחון,,,מימון פלפל שחור טחון,גרמים,50.00,100 גרם,false,,7.90,0.1580,true,1,292
7290010003754,false,מימון כמון טחון שקית,,,מימון כמון טחון שקית,גרמים,50.00,100 גרם,false,,5.90,0.1180,true,1,293
7290010003761,false,מימון כורכום טחון שק,,,מימון כורכום טחון שק,גרמים,80.00,100 גרם,false,,5.90,0.0738,true,1,294
7290010003778,false,מימון תיבול לגריל עו,,,מימון תיבול לגריל עו,גרמים,80.00,100 גרם,false,,5.90,0.0738,true,1,295
7290010003792,false,מימון מלח לימון שקית,,,מימון מלח לימון שקית,גרמים,100.00,100 גרם,false,,5.90,0.0590,true,1,297
7290010003808,false,מימון זעתר ושומשום ש,,,מימון זעתר ושומשום ש,גרמים,80.00,100 גרם,false,,5.90,0.0738,true,1,298
7290010003822,false,מימון פפריקה חריפה ש,,,מימון פפריקה חריפה ש,גרמים,80.00,100 גרם,false,,5.90,0.0738,true,1,300
7290010003839,false,מימון קינמון טחון שק,,,מימון קינמון טחון שק,גרמים,80.00,100 גרם,false,,5.90,0.0738,true,1,301
7290010003846,false,מימון אורגנו שקית 20,,,מימון אורגנו שקית 20,גרמים,20.00,100 גרם,false,,5.90,0.2950,true,1,302
7290010045051,false,עוגיות מלבן שקדים לח,,,עוגיות מלבן שקדים לח,גרמים,200.00,100 גרם,false,,18.90,0.0945,true,1,24684
7290010051243,false,תרד ניו זילנדי,,,תרד ניו זילנדי,גרמים,150.00,100 גרם,false,,11.90,0.0793,true,1,532121
7290010060597,false,סרקל שמפו לילדים 1.2,,,סרקל שמפו לילדים 1.2,ליטרים,1.25,ליטר,false,,31.90,25.5200,true,1,319440
7290010065332,false,"פרינוק גוניור תפ""ע ב",,,"פרינוק גוניור תפ""ע ב",גרמים,190.00,100 גרם,false,,6.90,0.0363,true,1,3526
7290010065349,false,מחית פרינוק גוניור ס,,,מחית פרינוק גוניור ס,גרמים,190.00,100 גרם,false,,6.90,0.0363,true,1,3527
7290010065745,false,פרינוק ג'וניור לפתן,,,פרינוק ג'וניור לפתן,גרמים,190.00,100 גרם,false,,6.90,0.0363,true,1,3535
7290010066513,false,נתחי טונה בשמן צמחי,,,נתחי טונה בשמן צמחי,גרמים,632.00,100 גרם,false,,22.90,0.0362,true,1,26591
7290010066575,false,נתחי טונה במים פילטו,,,נתחי טונה במים פילטו,גרמים,632.00,100 גרם,false,,22.90,0.0362,true,1,26593
7290010066582,false,נתחי טונה בשמן קנולה,,,נתחי טונה בשמן קנולה,גרמים,632.00,100 גרם,false,,22.90,0.0362,true,1,26594
7290010066599,false,נתחי טונה בשמן זית פ,,,נתחי טונה בשמן זית פ,גרמים,632.00,100 גרם,false,,26.90,0.0426,true,1,26595
7290010116980,false,שוקולית 850 גרם,,,שוקולית 850 גרם,גרמים,850.00,100 גרם,false,,15.90,0.0187,true,1,22295
7290010117864,false,דוריטוס חריף אש 70 ג,,,דוריטוס חריף אש 70 ג,גרמים,70.00,100 גרם,false,,3.60,0.0514,true,1,24178
7290010118328,false,תפוצ'יפס טבעי 6*40 ג,,,תפוצ'יפס טבעי 6*40 ג,גרמים,240.00,100 גרם,false,,12.90,0.0538,true,1,24182
7290010124107,false,סטייק בורגר 400 גרם,,,סטייק בורגר 400 גרם,גרמים,400.00,100 גרם,false,,15.90,0.0398,true,1,35353
7290010124503,false,שומן כבש 200 גר',,,שומן כבש 200 גר',גרמים,200.00,100 גרם,false,,11.90,0.0595,true,1,35357
7290010129003,false,עוגיות אוזניים 600גר,,,עוגיות אוזניים 600גר,גרמים,600.00,100 גרם,false,,19.90,0.0332,true,1,20158
7290010129010,false,עוגיות ריבה 600גר,,,עוגיות ריבה 600גר,גרמים,600.00,100 גרם,false,,19.90,0.0332,true,1,20159
7290010129027,false,עוגיות מרוקאיות 600,,,עוגיות מרוקאיות 600,גרמים,600.00,100 גרם,false,,19.90,0.0332,true,1,20160
7290010129041,false,עוגיות טעמים שונים 6,,,עוגיות טעמים שונים 6,גרמים,600.00,100 גרם,false,,19.90,0.0332,true,1,20162
7290010129287,false,עוגיות גרנולה 600 גר,,,עוגיות גרנולה 600 גר,גרמים,600.00,100 גרם,false,,19.90,0.0332,true,1,20173
7290010129324,false,עוגיות מעמול 600 גרם,,,עוגיות מעמול 600 גרם,גרמים,600.00,100 גרם,false,,19.90,0.0332,true,1,20177
7290010129348,false,עוגיות ממולאות בטעם,,,עוגיות ממולאות בטעם,גרמים,600.00,100 גרם,false,,19.90,0.0332,true,1,20178
7290010129553,false,עוגיות רולדה תמרים 6,,,עוגיות רולדה תמרים 6,גרמים,600.00,100 גרם,false,,19.90,0.0332,true,1,20184
7290010129652,false,עוגיות לקפה דולצ'ה ו,,,עוגיות לקפה דולצ'ה ו,גרמים,350.00,100 גרם,false,,17.90,0.0511,true,1,20191
7290010129676,false,עוגיות מרוקאיות ארוך,,,עוגיות מרוקאיות ארוך,גרמים,350.00,100 גרם,false,,17.90,0.0511,true,1,20193
7290010129959,false,עוגיות שמרים רוגלעך,,,עוגיות שמרים רוגלעך,גרמים,400.00,100 גרם,false,,11.90,0.0298,true,1,20207
7290010153503,false,שעועית ענק 400 גרם,,,שעועית ענק 400 גרם,גרמים,400.00,100 גרם,false,,10.90,0.0273,true,1,15034
7290010153510,false,בורגול מיה 500 גרם,,,בורגול מיה 500 גרם,גרמים,500.00,100 גרם,false,,5.50,0.0110,true,1,15035
7290010153534,false,קמח תירס מיה 400 גרם,,,קמח תירס מיה 400 גרם,גרמים,400.00,100 גרם,false,,5.90,0.0148,true,1,15037
7290010153541,false,קוואקר מהיר להכנה מי,,,קוואקר מהיר להכנה מי,גרמים,500.00,100 גרם,false,,6.70,0.0134,true,1,15038
7290010153688,false,חומץ טבעי מיה 1 ליטר,,,חומץ טבעי מיה 1 ליטר,ליטרים,1.00,ליטר,false,,5.90,5.9000,true,1,15042
7290010153695,false,מיה פול 500גר,,,מיה פול 500גר,גרמים,500.00,100 גרם,false,,7.90,0.0158,true,1,15043
7290010153725,false,מיה קונפיטורה דובדבנ,,,מיה קונפיטורה דובדבנ,גרמים,340.00,100 גרם,false,,8.90,0.0262,true,1,15045
7290010153770,false,ציפוי לשניצל פיקנטי,,,ציפוי לשניצל פיקנטי,גרמים,500.00,100 גרם,false,,8.90,0.0178,true,1,15049
7290010153787,false,ציפוי לשניצל עם שום,,,ציפוי לשניצל עם שום,גרמים,500.00,100 גרם,false,,8.90,0.0178,true,1,15050
7290010153794,false,ציפוי לשניצל עם עשבי,,,ציפוי לשניצל עם עשבי,גרמים,500.00,100 גרם,false,,8.90,0.0178,true,1,15051
7290010153817,false,ריבת חלב מיה 400 גרם,,,ריבת חלב מיה 400 גרם,גרמים,400.00,100 גרם,false,,12.50,0.0313,true,1,15053
7290010153879,false,ריבת חלב בטעם שמנת 4,,,ריבת חלב בטעם שמנת 4,גרמים,400.00,100 גרם,false,,12.50,0.0313,true,1,15059
7290010154012,false,לימון כבוש 250 ביטון,,,לימון כבוש 250 ביטון,גרמים,250.00,100 גרם,false,,13.90,0.0556,true,1,17147
7290010154418,false,יוחאי ביטון סחוג אדו,,,יוחאי ביטון סחוג אדו,גרמים,130.00,100 גרם,false,,8.90,0.0685,true,1,17156
7290010154678,false,יוחאי ביטון אריסה מר,,,יוחאי ביטון אריסה מר,גרמים,250.00,100 גרם,false,,13.90,0.0556,true,1,17161
7290010154685,false,סלט שום כתוש 250 גר',,,סלט שום כתוש 250 גר',גרמים,250.00,100 גרם,false,,13.90,0.0556,true,1,17162
7290010192007,false,פטרוזיליה,,,פטרוזיליה,יח',1.00,יח',false,,3.50,3.5000,true,1,35570
7290010192014,false,שמיר,,,שמיר,יח',1.00,יח',false,,3.50,3.5000,true,1,35571
7290010192021,false,כוסברה,,,כוסברה,יח',1.00,יח',false,,3.50,3.5000,true,1,35572
7290010192038,false,שורש פטרוזיליה ארוז,,,שורש פטרוזיליה ארוז,יח',1.00,יח',false,,5.90,5.9000,true,1,35573
7290010192045,false,נענע יחידה,,,נענע יחידה,יח',1.00,יח',false,,3.50,3.5000,true,1,35574
7290010192052,false,סלרי עלים (אמריקאי),,,סלרי עלים (אמריקאי),יח',1.00,יח',false,,5.90,5.9000,true,1,35575
7290010192069,false,סלרי ראש ארוז,,,סלרי ראש ארוז,יח',1.00,יח',false,,5.90,5.9000,true,1,35576
7290010192083,false,מנגולד ארוז,,,מנגולד ארוז,יח',1.00,יח',false,,6.90,6.9000,true,1,35577
7290010192137,false,לוף ארוז ליח,,,לוף ארוז ליח,יח',1.00,יח',false,,8.90,8.9000,true,1,35578
7290010195268,false,פופסטאר פופקורן מופח,,,פופסטאר פופקורן מופח,גרמים,425.00,100 גרם,false,,12.90,0.0304,true,1,5843
7290010237685,false,היינקן בירה צואר ארו,,,היינקן בירה צואר ארו,מיליליטרים,330.00,"100 מ""ל",false,,10.30,0.0312,true,1,9483
7290010237890,false,הייניקן בירה בקבוק ח,,,הייניקן בירה בקבוק ח,מיליליטרים,500.00,"100 מ""ל",false,,8.50,0.0170,true,1,9488
7290010259991,false,"צנימים בד""ץ וילי פוד",,,"צנימים בד""ץ וילי פוד",גרמים,250.00,100 גרם,false,,7.90,0.0316,true,1,2934
7290010279227,false,זיקוק 15 ס`מ 6 יח`,,,זיקוק 15 ס`מ 6 יח`,יחידה,0.00,יחידה,false,,14.00,0.0000,true,1,32255
7290010300075,false,שמרים נמסים בקופסה 3,,,שמרים נמסים בקופסה 3,גרמים,33.00,100 גרם,false,,6.00,0.1818,true,1,15899
7290010429554,false,שמן זית כתית מעולה 2,,,שמן זית כתית מעולה 2,מיליליטרים,750.00,"100 מ""ל",false,,33.90,0.0452,true,1,22300
7290010471669,false,דנונה קראנצ' יוגורט,,,דנונה קראנצ' יוגורט,מיליליטרים,175.00,"100 מ""ל",false,,4.60,0.0263,true,1,23336
7290010472307,false,גמדים לשתיה תות בננה,,,גמדים לשתיה תות בננה,מיליליטרים,864.00,"100 מ""ל",false,,19.90,0.0230,true,1,23339
7290010472390,false,מארז דני שוקולד 8*,,,מארז דני שוקולד 8*,מיליליטרים,1000.00,"100 מ""ל",false,,16.90,0.0169,true,1,23340
7290010513703,false,צ'ופסטיקס צפצפה מזרח,,,צ'ופסטיקס צפצפה מזרח,יחידה,0.00,יחידה,false,,6.90,0.0000,true,1,551620
7290010513727,false,פנקו פרורי לחם יפניי,,,פנקו פרורי לחם יפניי,גרמים,200.00,100 גרם,false,,7.90,0.0395,true,1,47584
7290010548514,false,דורות עשבי תיבול לבי,,,דורות עשבי תיבול לבי,גרמים,70.00,100 גרם,false,,10.00,0.1429,true,1,19782
7290010627004,false,טחינה ירושלים 500 גר,,,טחינה ירושלים 500 גר,גרמים,500.00,100 גרם,false,,14.90,0.0298,true,1,24686
7290010627844,false,טחינה ירושלים 500 מל,,,טחינה ירושלים 500 מל,גרמים,500.00,100 גרם,false,,14.90,0.0298,true,1,24689
7290010632121,false,כוס אימון עם פיה רכה,,,כוס אימון עם פיה רכה,יחידה,0.00,יחידה,false,,17.90,0.0000,true,1,917
7290010632558,false,נובי-כפית ארוכה 18יח,,,נובי-כפית ארוכה 18יח,יחידה,0.00,יחידה,false,,21.90,0.0000,true,1,931
7290010650590,false,ריזוטו פטריות מיובשו,,,ריזוטו פטריות מיובשו,גרמים,285.00,100 גרם,false,,15.90,0.0558,true,1,50995
7290010650798,false,לקט בורגול ופטריות,,,לקט בורגול ופטריות,יח',1.00,יח',false,,15.90,15.9000,true,1,50996
7290010711123,false,"ננס רביעיה ""שייני"" ח",,,"ננס רביעיה ""שייני"" ח",יחידה,0.00,יחידה,false,,6.90,0.0000,true,1,13489
7290010711253,false,מיקרופייבר ניקוי כלל,,,מיקרופייבר ניקוי כלל,יחידה,0.00,יחידה,false,,9.90,0.0000,true,1,13493
7290010711550,false,דלי שטיפה עם פיה ( 1,,,דלי שטיפה עם פיה ( 1,יחידה,0.00,יחידה,false,,11.90,0.0000,true,1,13502
7290010711901,false,שייני מטליות מיקרופי,,,שייני מטליות מיקרופי,יחידה,0.00,יחידה,false,,15.90,0.0000,true,1,13508
7290010711918,false,מ.א מטליות מיקרופייב,,,מ.א מטליות מיקרופייב,יחידה,0.00,יחידה,false,,6.90,0.0000,true,1,13509
7290010711932,false,מארז 9 מטליות שייני.,,,מארז 9 מטליות שייני.,יחידה,0.00,יחידה,false,,6.90,0.0000,true,1,13510
7290010718627,false,אל סבון נוזלי ירוק פ,,,אל סבון נוזלי ירוק פ,יחידה,0.00,יחידה,false,,8.90,0.0000,true,1,18148
7290010718634,false,אל סבון נוזלי לבן פנ,,,אל סבון נוזלי לבן פנ,יחידה,0.00,יחידה,false,,8.90,0.0000,true,1,18149
7290010748860,false,קרם ידיים אינטנסיב א,,,קרם ידיים אינטנסיב א,מיליליטרים,150.00,"100 מ""ל",false,,15.90,0.1060,true,1,29125
7290010766734,false,רוטב פיצה אוליביה 41,,,רוטב פיצה אוליביה 41,מיליליטרים,415.00,"100 מ""ל",false,,12.90,0.0311,true,1,52055
7290010838424,false,זוג ג'ל נוזל בניחוח,,,זוג ג'ל נוזל בניחוח,ליטרים,1.50,ליטר,false,,15.90,10.6000,true,1,5847
7290010839865,false,רוטב רימונים 320 גרם,,,רוטב רימונים 320 גרם,מיליליטרים,320.00,"100 מ""ל",false,,10.90,0.0341,true,1,2940
7290010883356,false,סנו סושי זוג כפפות א,,,סנו סושי זוג כפפות א,יחידה,0.00,יחידה,false,,9.90,0.0000,true,1,30117
7290010883363,false,סנו סושי זוג כפפות א,,,סנו סושי זוג כפפות א,יחידה,0.00,יחידה,false,,9.90,0.0000,true,1,30118
7290010931330,false,אחלה מטבוחה 500ג,,,אחלה מטבוחה 500ג,גרמים,500.00,100 גרם,false,,13.90,0.0278,true,1,23342
7290010945146,false,טרה קוטג מועשר 3% 25,,,טרה קוטג מועשר 3% 25,גרמים,250.00,100 גרם,false,,5.40,0.0216,true,1,6413
7290010945306,false,טרה חלב בקרטון 3% 2,,,טרה חלב בקרטון 3% 2,ליטרים,2.00,ליטר,false,,12.46,6.2300,true,1,6414
7290010945450,false,טרה גבינה לבנה מהדרי,,,טרה גבינה לבנה מהדרי,גרמים,250.00,100 גרם,false,,4.98,0.0199,true,1,6416
7290010945481,false,טרה גבינה לבנה 5% 50,,,טרה גבינה לבנה 5% 50,גרמים,500.00,100 גרם,false,,9.96,0.0199,true,1,6417
7290011015862,false,סירופ דיאט לימונענע,,,סירופ דיאט לימונענע,מיליליטרים,750.00,"100 מ""ל",false,,21.60,0.0288,true,1,7010
7290011017866,false,קוקה קולה פחית סליק,,,קוקה קולה פחית סליק,מיליליטרים,330.00,"100 מ""ל",false,,5.50,0.0167,true,1,7031
7290011017873,false,ZERO קולה פחית סליק,,,ZERO קולה פחית סליק,מיליליטרים,330.00,"100 מ""ל",false,,5.50,0.0167,true,1,7032
7290011017880,false,קולה דיאט פחית סליק,,,קולה דיאט פחית סליק,מיליליטרים,330.00,"100 מ""ל",false,,5.50,0.0167,true,1,7033
7290011026301,false,שמפו לשיער כסוף לגבר,,,שמפו לשיער כסוף לגבר,מיליליטרים,400.00,"100 מ""ל",false,,24.90,0.0622,true,1,119958
7290011051433,false,שוופס מוגז עדין אפרס,,,שוופס מוגז עדין אפרס,מיליליטרים,500.00,"100 מ""ל",false,,6.20,0.0124,true,1,11590
7290011051440,false,שוופס מוגז עדין פ.יע,,,שוופס מוגז עדין פ.יע,מיליליטרים,500.00,"100 מ""ל",false,,6.20,0.0124,true,1,11591
7290011051525,false,ספרינג טי קר אפרסק 5,,,ספרינג טי קר אפרסק 5,מיליליטרים,500.00,"100 מ""ל",false,,5.50,0.0110,true,1,11596
7290011064099,false,נועם פלפלוני שרי ממו,,,נועם פלפלוני שרי ממו,גרמים,125.00,100 גרם,false,,19.90,0.1592,true,1,6164
7290011110000,false,חסה רומית שלמה,,,חסה רומית שלמה,גרמים,430.00,100 גרם,false,,9.90,0.0230,true,1,47878
7290011110024,false,חסה סלנובה,,,חסה סלנובה,יח',1.00,יח',false,,12.90,12.9000,true,1,47880
7290011110031,false,לבבות חסה,,,לבבות חסה,יח',1.00,יח',false,,10.90,10.9000,true,1,47881
7290011110048,false,פלפל סוויט בייט,,,פלפל סוויט בייט,גרמים,220.00,100 גרם,false,,9.90,0.0450,true,1,232686
7290011110055,false,פלפל רומרו מארז,,,פלפל רומרו מארז,יח',1.00,יח',false,,9.90,9.9000,true,1,232687
7290011110079,false,בזיליקום.,,,בזיליקום.,יח',1.00,יח',false,,6.90,6.9000,true,1,47883
7290011110093,false,מנגולד,,,מנגולד,גרמים,250.00,גרם,false,,7.90,0.0316,true,1,47885
7290011110109,false,תירס סופרסוויט,,,תירס סופרסוויט,גרמים,800.00,100 גרם,false,,19.90,0.0249,true,1,47886
7290011110116,false,תרד ניו-זילנדי,,,תרד ניו-זילנדי,גרמים,200.00,גרם,false,,9.90,0.0495,true,1,47887
7290011110130,false,רוקולה,,,רוקולה,יח',1.00,יח',false,,9.90,9.9000,true,1,47889
7290011110154,false,קורנית (טימין),,,קורנית (טימין),יח',1.00,יח',false,,6.90,6.9000,true,1,47891
7290011110215,false,מלפפון בייבי,,,מלפפון בייבי,גרמים,350.00,100 גרם,false,,9.90,0.0283,true,1,232688
7290011110277,false,ברוקולי,,,ברוקולי,יח',1.00,יח',false,,9.90,9.9000,true,1,47894
7290011110390,false,חסה אייסברג -יגור,,,חסה אייסברג -יגור,יח',1.00,יח',false,,7.90,7.9000,true,1,83437
7290011110512,false,חסה לאליק -יגור,,,חסה לאליק -יגור,יח',1.00,יח',false,,12.90,12.9000,true,1,186453
7290011115173,false,תחליב רחצה וניל שקד,,,תחליב רחצה וניל שקד,יחידה,0.00,יחידה,false,,13.90,0.0000,true,1,30135
7290011115203,false,סבון מוצק ורוד נקה 7,,,סבון מוצק ורוד נקה 7,גרמים,400.00,100 גרם,false,,10.90,0.0273,true,1,30136
7290011115258,false,סבון מוצק ירוק נקה 7,,,סבון מוצק ירוק נקה 7,גרמים,400.00,100 גרם,false,,10.90,0.0273,true,1,30138
7290011115289,false,סבון מוצק לילך נקה 7,,,סבון מוצק לילך נקה 7,גרמים,400.00,100 גרם,false,,10.90,0.0273,true,1,30141
7290011126452,false,תה קמומיל ונענע 1.5ג,,,תה קמומיל ונענע 1.5ג,גרמים,37.50,100 גרם,false,,17.90,0.4773,true,1,24698
7290011126469,false,תה קמומיל ודבש 1.5גר,,,תה קמומיל ודבש 1.5גר,גרמים,37.50,100 גרם,false,,17.90,0.4773,true,1,24699
7290011131050,false,גרנולה פקאן גרין 1 ק,,,גרנולה פקאן גרין 1 ק,קילוגרמים,1.00,"ק""ג",false,,26.90,26.9000,true,1,13812
7290011131395,false,מיזלי קראנצ' 30% פיר,,,מיזלי קראנצ' 30% פיר,קילוגרמים,1.00,"ק""ג",false,,24.90,24.9000,true,1,13820
7290011131654,false,מיזלי ביג מיקס גרין,,,מיזלי ביג מיקס גרין,קילוגרמים,1.00,"ק""ג",false,,24.90,24.9000,true,1,13823
7290011131975,false,גרנולה פירות בתוספת,,,גרנולה פירות בתוספת,קילוגרמים,1.00,"ק""ג",false,,26.90,26.9000,true,1,13828
7290011132507,false,סאן בנדטו מוגז עדין,,,סאן בנדטו מוגז עדין,מיליליטרים,500.00,"100 מ""ל",false,,2.90,0.0058,true,1,9496
7290011132583,false,פפסי מקס שישייה 500,,,פפסי מקס שישייה 500,ליטרים,3.00,ליטר,false,,21.00,7.0000,true,1,150736
7290011148911,false,פלפלים מתוקים טינקרב,,,פלפלים מתוקים טינקרב,גרמים,300.00,100 גרם,false,,9.90,0.0330,true,1,35580
7290011153885,false,נייר אכיל לעוגה ממות,,,נייר אכיל לעוגה ממות,יחידה,0.00,יחידה,false,,16.00,0.0000,true,1,32265
7290011174231,false,עוגת מוס גבינה עם או,,,עוגת מוס גבינה עם או,גרמים,850.00,100 גרם,false,,64.90,0.0764,true,1,39957
7290011194215,false,"דניאלה בננה 150 מ""ל",,,"דניאלה בננה 150 מ""ל",מיליליטרים,150.00,"100 מ""ל",false,,4.10,0.0273,true,1,23343
7290011194246,false,קוטג שטראוס 5% עם סי,,,קוטג שטראוס 5% עם סי,גרמים,250.00,100 גרם,false,,5.90,0.0236,true,1,23344
7290011223038,false,בונומי עלים לקרמשניט,,,בונומי עלים לקרמשניט,גרמים,300.00,100 גרם,false,,14.90,0.0497,true,1,5854
7290011223243,false,דאק ג'ל אסלה ניחוח ל,,,דאק ג'ל אסלה ניחוח ל,מיליליטרים,55.00,"100 מ""ל",false,,10.90,0.1982,true,1,5863
7290011236649,false,שוקולד צ'יפס בלגי שק,,,שוקולד צ'יפס בלגי שק,גרמים,300.00,100 גרם,false,,9.90,0.0330,true,1,4656
7290011239213,false,עמוס חטיפים מתוקים מ,,,עמוס חטיפים מתוקים מ,גרמים,100.00,100 גרם,false,,5.90,0.0590,true,1,42808
7290011239404,false,עמוס חטיפים שונים אר,,,עמוס חטיפים שונים אר,גרמים,300.00,100 גרם,false,,14.90,0.0497,true,1,42811
7290011240318,false,יין שאטו דה למר קברנ,,,יין שאטו דה למר קברנ,מיליליטרים,750.00,"100 מ""ל",false,,19.90,0.0265,true,1,11975
7290011240837,false,יין שאטו דה למר מרלו,,,יין שאטו דה למר מרלו,מיליליטרים,750.00,"100 מ""ל",false,,19.90,0.0265,true,1,11989
7290011240905,false,יקבי ציון מוסקטו 201,,,יקבי ציון מוסקטו 201,מיליליטרים,750.00,"100 מ""ל",false,,30.90,0.0412,true,1,11992
7290011249748,false,גילרו רולים שוקו 100,,,גילרו רולים שוקו 100,גרמים,100.00,100 גרם,false,,3.90,0.0390,true,1,41323
7290011249755,false,רולים אגוז 100 גרם,,,רולים אגוז 100 גרם,גרמים,100.00,100 גרם,false,,3.90,0.0390,true,1,41324
7290011254025,false,דוחן 500 גרם,,,דוחן 500 גרם,גרמים,500.00,100 גרם,false,,7.90,0.0158,true,1,15066
7290011254032,false,קינואה 500 גרם,,,קינואה 500 גרם,גרמים,500.00,100 גרם,false,,12.90,0.0258,true,1,15067
7290011254490,false,סוכריות ללא סוכר טעם,,,סוכריות ללא סוכר טעם,גרמים,80.00,100 גרם,false,,5.90,0.0738,true,1,15099
7290011254766,false,שעועית לוביה 400 גרם,,,שעועית לוביה 400 גרם,גרמים,400.00,100 גרם,false,,8.90,0.0223,true,1,15108
7290011254773,false,שעועית ארגנטינאית 50,,,שעועית ארגנטינאית 50,גרמים,500.00,100 גרם,false,,8.90,0.0178,true,1,15109
7290011254780,false,מיה שעועית ארגנטינאי,,,מיה שעועית ארגנטינאי,קילוגרמים,1.00,"ק""ג",false,,15.90,15.9000,true,1,15110
7290011254841,false,סוכריות ג'לי חמוץ מו,,,סוכריות ג'לי חמוץ מו,גרמים,125.00,100 גרם,false,,6.90,0.0552,true,1,15115
7290011378233,false,בארכה בקטנה מאגדת ונ,,,בארכה בקטנה מאגדת ונ,גרמים,120.00,100 גרם,false,,11.90,0.0992,true,1,18744
7290011378257,false,בארכה חטיף חלבה פקאן,,,בארכה חטיף חלבה פקאן,גרמים,120.00,100 גרם,false,,11.90,0.0992,true,1,18745
7290011378776,false,בארכה בקטנה מאגדת פי,,,בארכה בקטנה מאגדת פי,גרמים,120.00,100 גרם,false,,11.90,0.0992,true,1,18750
7290011379018,false,פטריות צמד חמד,,,פטריות צמד חמד,גרמים,500.00,100 גרם,false,,15.90,0.0318,true,1,41552
7290011435226,false,דבש מפרחי בר לחיץ 65,,,דבש מפרחי בר לחיץ 65,גרמים,650.00,100 גרם,false,,34.90,0.0537,true,1,22301
7290011438142,false,יטבתה אייס קפה בבקבו,,,יטבתה אייס קפה בבקבו,מיליליטרים,350.00,"100 מ""ל",false,,6.50,0.0186,true,1,23350
7290011447304,false,מטרנה חלבי שלב 3 12*,,,מטרנה חלבי שלב 3 12*,גרמים,700.00,100 גרם,false,,48.90,0.0699,true,1,18760
7290011447373,false,מטרנה מהדרין שלב 2,,,מטרנה מהדרין שלב 2,גרמים,700.00,100 גרם,false,,49.90,0.0713,true,1,18763
7290011461058,false,גומא - מקלות ריחניים,,,גומא - מקלות ריחניים,יחידה,0.00,יחידה,false,,20.00,0.0000,true,1,14280
7290011473617,false,זרעי צ'ייה טיב הטבע,,,זרעי צ'ייה טיב הטבע,גרמים,300.00,100 גרם,false,,18.90,0.0630,true,1,3571
7290011473655,false,סוכר קנים אורגני תבו,,,סוכר קנים אורגני תבו,קילוגרמים,1.00,"ק""ג",false,,10.90,10.9000,true,1,3573
7290011474003,false,שמן קוקוס כתית אורגנ,,,שמן קוקוס כתית אורגנ,מיליליטרים,300.00,"100 מ""ל",false,,16.90,0.0563,true,1,3576
7290011474058,false,ספגטי פסטה מקמח כוסמ,,,ספגטי פסטה מקמח כוסמ,גרמים,500.00,100 גרם,false,,19.90,0.0398,true,1,3577
7290011474386,false,קוואקר דק אורגני תבו,,,קוואקר דק אורגני תבו,גרמים,500.00,100 גרם,false,,11.90,0.0238,true,1,3581
7290011499051,false,גד פטה כבשים גביע 20,,,גד פטה כבשים גביע 20,גרמים,250.00,100 גרם,false,,24.50,0.0980,true,1,14672
7290011499105,false,גד בולגרית 5% 250ג,,,גד בולגרית 5% 250ג,גרמים,250.00,100 גרם,false,,21.90,0.0876,true,1,14673
7290011499112,false,גד בולגרית 16% 250ג,,,גד בולגרית 16% 250ג,גרמים,250.00,100 גרם,false,,21.90,0.0876,true,1,14674
7290011499129,false,גד בולגרית מעודנת קו,,,גד בולגרית מעודנת קו,גרמים,200.00,100 גרם,false,,19.90,0.0995,true,1,14675
7290011499303,false,פטה עיזים מעודנת 5%,,,פטה עיזים מעודנת 5%,גרמים,250.00,100 גרם,false,,30.90,0.1236,true,1,14678
7290011499327,false,גד בולגרית בקר מעודנ,,,גד בולגרית בקר מעודנ,גרמים,250.00,100 גרם,false,,21.90,0.0876,true,1,14679
7290011499341,false,קשקבל מחלבות גד 200,,,קשקבל מחלבות גד 200,גרמים,250.00,100 גרם,false,,26.90,0.1076,true,1,14681
7290011499365,false,גד חלומי 24% 200ג,,,גד חלומי 24% 200ג,גרמים,200.00,100 גרם,false,,19.90,0.0995,true,1,14683
7290011499419,false,גבינה במרקם שמנת 5%,,,גבינה במרקם שמנת 5%,גרמים,200.00,100 גרם,false,,10.90,0.0545,true,1,14685
7290011499525,false,גד לאבנה דרוזית 9% 5,,,גד לאבנה דרוזית 9% 5,גרמים,500.00,100 גרם,false,,19.90,0.0398,true,1,14686
7290011499624,false,גד ניו יורק גבינת שמ,,,גד ניו יורק גבינת שמ,גרמים,200.00,100 גרם,false,,12.90,0.0645,true,1,14688
7290011515683,false,אקסטרים וניל מאגדת 6,,,אקסטרים וניל מאגדת 6,גרמים,432.00,100 גרם,false,,33.90,0.0785,true,1,16111
7290011515911,false,מאגדת לייט ריבת חלב,,,מאגדת לייט ריבת חלב,גרמים,312.00,100 גרם,false,,27.90,0.0894,true,1,16112
7290011518561,false,אקטימל תות משפחתי 14,,,אקטימל תות משפחתי 14,ליטרים,1.40,ליטר,false,,29.90,21.3571,true,1,23355
7290011522605,false,גלייז מעצב שיער סטיי,,,גלייז מעצב שיער סטיי,מיליליטרים,400.00,"100 מ""ל",false,,19.90,0.0497,true,1,3857
7290011525729,false,קמיל בלו סנסיטיב לפנ,,,קמיל בלו סנסיטיב לפנ,יחידה,0.00,יחידה,false,,33.90,0.0000,true,1,29145
7290011530747,false,שייק איט יום רביעי 4,,,שייק איט יום רביעי 4,גרמים,450.00,100 גרם,false,,30.90,0.0687,true,1,70202
7290011575007,false,הפי-מרסס לאמבט חדש 7,,,הפי-מרסס לאמבט חדש 7,מיליליטרים,750.00,"100 מ""ל",false,,18.90,0.0252,true,1,11327
7290011587123,false,קרם קוקוס תומר 400 מ,,,קרם קוקוס תומר 400 מ,מיליליטרים,400.00,"100 מ""ל",false,,9.90,0.0248,true,1,25022
7290011587833,false,עגבניות מיובשות בשמן,,,עגבניות מיובשות בשמן,גרמים,340.00,100 גרם,false,,11.50,0.0338,true,1,25048
7290011593087,false,סבא חביב שמן זית כתי,,,סבא חביב שמן זית כתי,מיליליטרים,750.00,"100 מ""ל",false,,30.90,0.0412,true,1,274017
7290011598211,false,מנקה כללי אנטיקאלק 7,,,מנקה כללי אנטיקאלק 7,מיליליטרים,700.00,"100 מ""ל",false,,17.90,0.0256,true,1,30152
7290011598259,false,סנו פרש אוטומטיק מאס,,,סנו פרש אוטומטיק מאס,מיליליטרים,250.00,"100 מ""ל",false,,13.90,0.0556,true,1,30153
7290011598402,false,מרכך כביסה סנו מקסימ,,,מרכך כביסה סנו מקסימ,ליטרים,4.00,ליטר,false,,22.90,5.7250,true,1,30156
7290011599836,false,משפר אפיה רובינפלד 1,,,משפר אפיה רובינפלד 1,גרמים,100.00,100 גרם,false,,10.90,0.1090,true,1,36831
7290011607180,false,"קולון 101 1.25 ק""ג",,,"קולון 101 1.25 ק""ג",קילוגרמים,1.25,"ק""ג",false,,14.90,11.9200,true,1,20892
7290011607197,false,"קולון 101 5 ק""ג",,,"קולון 101 5 ק""ג",קילוגרמים,5.00,"ק""ג",false,,39.90,7.9800,true,1,20893
7290011615260,false,"עלי טורטיה בד""ץ וילי",,,"עלי טורטיה בד""ץ וילי",גרמים,540.00,100 גרם,false,,8.90,0.0165,true,1,2944
7290011668587,false,גרנולה בטעם עשיר פני,,,גרנולה בטעם עשיר פני,גרמים,500.00,100 גרם,false,,26.90,0.0538,true,1,18172
7290011695286,false,קיסמי שיניים נאמן 20,,,קיסמי שיניים נאמן 20,יחידה,0.00,יחידה,false,,7.90,0.0000,true,1,15924
7290011723200,false,טחינה הר ברכה טחינה,,,טחינה הר ברכה טחינה,גרמים,500.00,100 גרם,false,,19.90,0.0398,true,1,41333
7290011765217,false,ס. מדיק היגניק ג'ל ל,,,ס. מדיק היגניק ג'ל ל,מיליליטרים,100.00,"100 מ""ל",false,,9.90,0.0990,true,1,30164
7290011765446,false,משחת שיניים בוב ספוג,,,משחת שיניים בוב ספוג,מיליליטרים,50.00,"100 מ""ל",false,,7.90,0.1580,true,1,30177
7290011800840,false,צבר רפי כהן טחינה בל,,,צבר רפי כהן טחינה בל,גרמים,400.00,100 גרם,false,,15.40,0.0385,true,1,19795
7290011860271,false,תפוגן ביס בול טבעי 7,,,תפוגן ביס בול טבעי 7,גרמים,700.00,100 גרם,false,,15.90,0.0227,true,1,19797
7290011877088,false,סנו סושי צמד רדידי א,,,סנו סושי צמד רדידי א,מטרים,15.00,מטר,false,,16.90,1.1267,true,1,30180
7290011877095,false,סנו סושי צמד רדידי א,,,סנו סושי צמד רדידי א,מטרים,15.00,מטר,false,,21.90,1.4600,true,1,30181
7290011931162,false,סוכרלייט נוזלי 220מל,,,סוכרלייט נוזלי 220מל,מיליליטרים,220.00,"100 מ""ל",false,,27.90,0.1268,true,1,22315
7290011947316,false,זיתי קלמטה זיתא 215,,,זיתי קלמטה זיתא 215,גרמים,215.00,100 גרם,false,,13.90,0.0647,true,1,24711
7290011947743,false,מיקס זית ירוק וזית ק,,,מיקס זית ירוק וזית ק,גרמים,215.00,100 גרם,false,,13.90,0.0647,true,1,24732
7290011947781,false,מיקס זית ירוק קלמטה,,,מיקס זית ירוק קלמטה,גרמים,190.00,100 גרם,false,,13.90,0.0732,true,1,122289
7290011947798,false,זית קלמטה ללא גלעין,,,זית קלמטה ללא גלעין,גרמים,190.00,100 גרם,false,,13.90,0.0732,true,1,122290
7290011947903,false,זיתים מיקס ייווני זי,,,זיתים מיקס ייווני זי,גרמים,215.00,100 גרם,false,,13.90,0.0647,true,1,210384
7290011964344,false,שום גבישי 120 גר' במ,,,שום גבישי 120 גר' במ,גרמים,120.00,100 גרם,false,,10.90,0.0908,true,1,42443
7290011964658,false,תבלין מלח לימון טעם,,,תבלין מלח לימון טעם,גרמים,170.00,100 גרם,false,,10.00,0.0588,true,1,42449
7290011964689,false,תבלין על האש ללא מונ,,,תבלין על האש ללא מונ,גרמים,100.00,100 גרם,false,,9.70,0.0970,true,1,42450
7290012001994,false,חרדל דיגון גרעינים 3,,,חרדל דיגון גרעינים 3,גרמים,350.00,100 גרם,false,,11.90,0.0340,true,1,5332
7290012019265,false,"מחית תפו""ע ללא סוכר",,,"מחית תפו""ע ללא סוכר",גרמים,452.00,100 גרם,false,,10.90,0.0241,true,1,25066
7290012022203,false,קליליות חיטה מלאה די,,,קליליות חיטה מלאה די,גרמים,100.00,100 גרם,false,,13.90,0.1390,true,1,31562
7290012025495,false,"טחינה אסלי 1 ק""ג",,,"טחינה אסלי 1 ק""ג",קילוגרמים,1.00,"ק""ג",false,,13.90,13.9000,true,1,17730
7290012025822,false,שמיר סלק אסלי 400 גר,,,שמיר סלק אסלי 400 גר,גרמים,400.00,100 גרם,false,,10.90,0.0273,true,1,17731
7290012025839,false,שמיר מטבוחה אסלי 400,,,שמיר מטבוחה אסלי 400,גרמים,400.00,100 גרם,false,,10.90,0.0273,true,1,17732
7290012086113,false,עגבניות שרי,,,עגבניות שרי,גרמים,500.00,100 גרם,false,,9.90,0.0198,true,1,51000
7290012116025,false,שמפו כיף פיות 750 מל,,,שמפו כיף פיות 750 מל,מיליליטרים,750.00,"100 מ""ל",false,,11.90,0.0159,true,1,30197
7290012116261,false,"סנו מדיק ג'ל 500 מ""ל",,,"סנו מדיק ג'ל 500 מ""ל",מיליליטרים,500.00,"100 מ""ל",false,,19.90,0.0398,true,1,54207
7290012116537,false,אבקת כביסה סנו מקסימ,,,אבקת כביסה סנו מקסימ,קילוגרמים,2.50,"ק""ג",false,,26.90,10.7600,true,1,30205
7290012116612,false,מארז מברשות שיניים א,,,מארז מברשות שיניים א,יחידה,0.00,יחידה,false,,11.90,0.0000,true,1,30208
7290012117275,false,סנוקליר שקית מילוי 7,,,סנוקליר שקית מילוי 7,מיליליטרים,750.00,"100 מ""ל",false,,6.90,0.0092,true,1,30223
7290012117541,false,סנו מקסימה מרכך קומפ,,,סנו מקסימה מרכך קומפ,יחידה,0.00,יחידה,false,,18.90,0.0000,true,1,30234
7290012117916,false,סנו אינסטלאטור פותח,,,סנו אינסטלאטור פותח,יחידה,0.00,יחידה,false,,29.90,0.0000,true,1,30250
7290012159275,false,מיונז לינה 430גר' כש,,,מיונז לינה 430גר' כש,גרמים,430.00,100 גרם,false,,11.90,0.0277,true,1,11210
7290012191084,false,המנגליסט גפרורים עשי,,,המנגליסט גפרורים עשי,יחידה,0.00,יחידה,false,,2.90,0.0000,true,1,7888
7290012191107,false,המנגליסט גפרורים XL,,,המנגליסט גפרורים XL,יחידה,0.00,יחידה,false,,5.90,0.0000,true,1,146666
7290012212154,false,מלפפון במלח קטן בצנצ,,,מלפפון במלח קטן בצנצ,גרמים,560.00,100 גרם,false,,12.90,0.0230,true,1,459201
7290012212161,false,זיתים קלמנטה בצנצנת,,,זיתים קלמנטה בצנצנת,גרמים,560.00,100 גרם,false,,12.90,0.0230,true,1,459244
7290012226021,false,סלמי מעושן פראג יבש,,,סלמי מעושן פראג יבש,גרמים,400.00,100 גרם,false,,16.90,0.0422,true,1,39027
7290012226120,false,זוגלובק קבנוס 135ג.,,,זוגלובק קבנוס 135ג.,גרמים,135.00,100 גרם,false,,9.90,0.0733,true,1,39028
7290012226939,false,זוגלובק קבנוס בטעם צ,,,זוגלובק קבנוס בטעם צ,גרמים,135.00,100 גרם,false,,9.90,0.0733,true,1,39037
7290012227325,false,זוגלובק סלמי מעושן ד,,,זוגלובק סלמי מעושן ד,גרמים,120.00,100 גרם,false,,11.90,0.0992,true,1,39050
7290012227912,false,קבנוס מעודן זוגלובק,,,קבנוס מעודן זוגלובק,גרמים,135.00,100 גרם,false,,9.90,0.0733,true,1,39072
7290012227974,false,זוגלובק פסטרמה בדבש,,,זוגלובק פסטרמה בדבש,גרמים,120.00,100 גרם,false,,11.90,0.0992,true,1,39073
7290012227998,false,זוגלובק חזה בקר 12,,,זוגלובק חזה בקר 12,גרמים,120.00,100 גרם,false,,12.90,0.1075,true,1,39075
7290012228124,false,קבנוס סטיקס 50 גר'.,,,קבנוס סטיקס 50 גר'.,גרמים,50.00,100 גרם,false,,9.90,0.1980,true,1,39078
7290012228261,false,נקנקיות הודו קנקרס ר,,,נקנקיות הודו קנקרס ר,גרמים,300.00,100 גרם,false,,19.90,0.0663,true,1,39085
7290012228278,false,נקנקיות בוקוורסט הוד,,,נקנקיות בוקוורסט הוד,גרמים,300.00,100 גרם,false,,19.90,0.0663,true,1,39086
7290012260827,false,שערות קדאיף 475 גרם,,,שערות קדאיף 475 גרם,גרמים,475.00,100 גרם,false,,13.90,0.0293,true,1,49402
7290012309892,false,חלבה וניל מעולה שקדי,,,חלבה וניל מעולה שקדי,גרמים,500.00,100 גרם,false,,9.90,0.0198,true,1,4671
7290012313141,false,פרוסות מלפפון במלח י,,,פרוסות מלפפון במלח י,גרמים,540.00,100 גרם,false,,6.50,0.0120,true,1,44780
7290012313240,false,מיקס זית ירוק וקלמטה,,,מיקס זית ירוק וקלמטה,גרמים,560.00,100 גרם,false,,10.90,0.0195,true,1,115974
7290012372124,false,קמח כוסמין 100% רובי,,,קמח כוסמין 100% רובי,קילוגרמים,1.00,"ק""ג",false,,16.90,16.9000,true,1,466643
7290012372155,false,קמח כוסמין 80% רובינ,,,קמח כוסמין 80% רובינ,קילוגרמים,1.00,"ק""ג",false,,16.90,16.9000,true,1,36835
7290012372209,false,קמח חיטה לבן מנופה ר,,,קמח חיטה לבן מנופה ר,קילוגרמים,1.00,"ק""ג",false,,7.90,7.9000,true,1,471256
7290012372247,false,קמח כוסמין לבן רובינ,,,קמח כוסמין לבן רובינ,קילוגרמים,1.00,"ק""ג",false,,16.90,16.9000,true,1,466644
7290012404955,false,ספרינג נקטר חמוציות,,,ספרינג נקטר חמוציות,ליטרים,1.25,ליטר,false,,12.50,10.0000,true,1,11631
7290012522581,false,טבעול שניצל תירס ללא,,,טבעול שניצל תירס ללא,גרמים,664.00,100 גרם,false,,19.90,0.0300,true,1,19805
7290012557972,false,עוגיות נמסות במילוי,,,עוגיות נמסות במילוי,גרמים,150.00,100 גרם,false,,5.90,0.0393,true,1,13204
7290012561337,false,כורכום טרי כתוש דורו,,,כורכום טרי כתוש דורו,גרמים,180.00,100 גרם,false,,10.00,0.0556,true,1,191497
7290012561405,false,בצל חצי מטוגן דורות,,,בצל חצי מטוגן דורות,גרמים,180.00,100 גרם,false,,10.50,0.0583,true,1,19809
7290012576607,false,ברקן יין פרמייר אדום,,,ברקן יין פרמייר אדום,מיליליטרים,750.00,"100 מ""ל",false,,26.90,0.0359,true,1,9531
7290012588242,false,כדורגל מים מינרליים,,,כדורגל מים מינרליים,ליטרים,3.00,ליטר,false,,12.90,4.3000,true,1,9533
7290012642852,false,פלפל אדום קלוי על הא,,,פלפל אדום קלוי על הא,גרמים,330.00,100 גרם,false,,11.90,0.0361,true,1,25096
7290012642876,false,פלפלונים מעורב כבושי,,,פלפלונים מעורב כבושי,גרמים,530.00,100 גרם,false,,11.90,0.0225,true,1,25098
7290012645112,false,יוגורט עיזים בדלי 75,,,יוגורט עיזים בדלי 75,מיליליטרים,750.00,"100 מ""ל",false,,18.90,0.0252,true,1,23363
7290012645181,false,לאבנה עיזים 5% חלב ה,,,לאבנה עיזים 5% חלב ה,גרמים,200.00,100 גרם,false,,13.90,0.0695,true,1,450492
7290012645389,false,חלב הארץ יוגורט ביו,,,חלב הארץ יוגורט ביו,ליטרים,1.00,ליטר,false,,21.90,21.9000,true,1,23372
7290012803055,false,מרמולייט סוכרלוז 100,,,מרמולייט סוכרלוז 100,גרמים,100.00,100 גרם,false,,19.90,0.1990,true,1,5913
7290012803215,false,טוסו וופל בלגי שוקול,,,טוסו וופל בלגי שוקול,גרמים,200.00,100 גרם,false,,9.50,0.0475,true,1,5917
7290012803321,false,מרמולייט סוכרלוז 200,,,מרמולייט סוכרלוז 200,גרמים,200.00,100 גרם,false,,39.90,0.1995,true,1,5920
7290012803451,false,טוסו שוקלד מריר 62%,,,טוסו שוקלד מריר 62%,גרמים,100.00,100 גרם,false,,8.90,0.0890,true,1,5922
7290012803772,false,טוסו שוקלד חלב 100ג,,,טוסו שוקלד חלב 100ג,גרמים,100.00,100 גרם,false,,8.90,0.0890,true,1,5933
7290012823381,false,סנו מקסימה סנסטיב מר,,,סנו מקסימה סנסטיב מר,יחידה,0.00,יחידה,false,,18.90,0.0000,true,1,30278
7290012823558,false,סנו סושי מטליות ענק,,,סנו סושי מטליות ענק,יחידה,0.00,יחידה,false,,10.90,0.0000,true,1,30283
7290012823923,false,סנו מקסימה מרכך פרפי,,,סנו מקסימה מרכך פרפי,מיליליטרים,750.00,"100 מ""ל",false,,18.90,0.0252,true,1,30300
7290012823947,false,סנו מקסימה מרכך פרפי,,,סנו מקסימה מרכך פרפי,מיליליטרים,750.00,"100 מ""ל",false,,18.90,0.0252,true,1,30302
7290012884986,false,תפוגן ציפס לתנור עד,,,תפוגן ציפס לתנור עד,קילוגרמים,1.50,"ק""ג",false,,24.90,16.6000,true,1,19815
7290012901355,false,דודלס ארוחת איטריות,,,דודלס ארוחת איטריות,גרמים,206.00,100 גרם,false,,10.90,0.0529,true,1,36904
7290012901973,false,שעועית אדומה 400 גרם,,,שעועית אדומה 400 גרם,גרמים,400.00,100 גרם,false,,9.90,0.0248,true,1,179320
7290012931062,false,אטבי הדור החדש 10יח,,,אטבי הדור החדש 10יח,יחידה,0.00,יחידה,false,,7.90,0.0000,true,1,13514
7290012931116,false,"מגב חד להב 40 ס""מ SH",,,"מגב חד להב 40 ס""מ SH",יחידה,0.00,יחידה,false,,23.90,0.0000,true,1,13517
7290012931611,false,כריות ברזל שלישייה,,,כריות ברזל שלישייה,יחידה,0.00,יחידה,false,,5.90,0.0000,true,1,13525
7290012936944,false,מימון אגוז מוסקט טחו,,,מימון אגוז מוסקט טחו,גרמים,40.00,100 גרם,false,,14.50,0.3625,true,1,356
7290012938405,false,דאיימונד נייר כסף 87,,,דאיימונד נייר כסף 87,מטרים,7.60,מטר,false,,17.50,2.3026,true,1,3876
7290012938597,false,משחת שיניים רפיד רלי,,,משחת שיניים רפיד רלי,מיליליטרים,75.00,"100 מ""ל",false,,24.90,0.3320,true,1,3879
7290012938924,false,מי פה אקווה פרש 500,,,מי פה אקווה פרש 500,מיליליטרים,500.00,"100 מ""ל",false,,19.70,0.0394,true,1,3882
7290012962684,false,שקיות צליה ג`מבו 5 י,,,שקיות צליה ג`מבו 5 י,יחידה,0.00,יחידה,false,,4.90,0.0000,true,1,979
7290013027399,false,לחם 100 בתוספת שיפון,,,לחם 100 בתוספת שיפון,גרמים,750.00,100 גרם,false,,13.90,0.0185,true,1,35494
7290013083661,false,מטרנה אקסטרה קר חסכו,,,מטרנה אקסטרה קר חסכו,גרמים,700.00,100 גרם,false,,58.90,0.0841,true,1,18767
7290013083678,false,מטרנה אקסטרה קר שלב,,,מטרנה אקסטרה קר שלב,גרמים,700.00,100 גרם,false,,58.90,0.0841,true,1,18768
7290013083685,false,מטרנה אקסטרה קר שלב,,,מטרנה אקסטרה קר שלב,גרמים,700.00,100 גרם,false,,58.90,0.0841,true,1,18769
7290013117212,false,בורקס פילו גבינה מעד,,,בורקס פילו גבינה מעד,גרמים,600.00,100 גרם,false,,18.90,0.0315,true,1,35649
7290013117236,false,בורקס פילו פיצה מעדנ,,,בורקס פילו פיצה מעדנ,גרמים,600.00,100 גרם,false,,18.90,0.0315,true,1,35651
7290013117410,false,מעדנות בצק פריך מרוד,,,מעדנות בצק פריך מרוד,גרמים,900.00,100 גרם,false,,19.90,0.0221,true,1,35654
7290013117526,false,מעדנות בצק שמרים למא,,,מעדנות בצק שמרים למא,גרמים,900.00,100 גרם,false,,19.90,0.0221,true,1,35658
7290013121028,false,לחם לבן ללא גלוטן גר,,,לחם לבן ללא גלוטן גר,גרמים,500.00,100 גרם,false,,17.90,0.0358,true,1,49764
7290013121103,false,שליש בגט 4 יחידות גר,,,שליש בגט 4 יחידות גר,גרמים,400.00,100 גרם,false,,16.40,0.0410,true,1,49768
7290013121158,false,רביעיית לחמניות סנדב,,,רביעיית לחמניות סנדב,גרמים,460.00,100 גרם,false,,17.90,0.0389,true,1,49773
7290013144171,false,תערובת עוגת שוקולד 5,,,תערובת עוגת שוקולד 5,גרמים,560.00,100 גרם,false,,15.90,0.0284,true,1,15354
7290013144195,false,תערובת כדורי שוקולד,,,תערובת כדורי שוקולד,גרמים,500.00,100 גרם,false,,15.90,0.0318,true,1,15356
7290013144201,false,תערובת פנקייק 400גר,,,תערובת פנקייק 400גר,גרמים,400.00,100 גרם,false,,14.90,0.0373,true,1,15357
7290013144218,false,תערובת עוגת וניל 560,,,תערובת עוגת וניל 560,גרמים,560.00,100 גרם,false,,15.90,0.0284,true,1,15358
7290013144232,false,פודינג וניל מימונס 8,,,פודינג וניל מימונס 8,גרמים,80.00,100 גרם,false,,3.90,0.0487,true,1,15360
7290013144270,false,קרם פטיסייר 100 גרם,,,קרם פטיסייר 100 גרם,גרמים,100.00,100 גרם,false,,9.90,0.0990,true,1,15363
7290013144317,false,ג`וני - גלילית וופל,,,ג`וני - גלילית וופל,גרמים,400.00,100 גרם,false,,21.90,0.0547,true,1,15365
7290013144393,false,תמצית בטעם וניל 50גר,,,תמצית בטעם וניל 50גר,גרמים,50.00,100 גרם,false,,4.50,0.0900,true,1,15369
7290013144409,false,תמצית בטעם רום 50גר,,,תמצית בטעם רום 50גר,מיליליטרים,50.00,"100 מ""ל",false,,4.50,0.0900,true,1,15370
7290013144416,false,תמציתבטעם שקדים 50גר,,,תמציתבטעם שקדים 50גר,גרמים,50.00,100 גרם,false,,4.50,0.0900,true,1,15371
7290013144508,false,תמצית בטעם ורדים 50ג,,,תמצית בטעם ורדים 50ג,מיליליטרים,50.00,"100 מ""ל",false,,8.90,0.1780,true,1,15373
7290013144515,false,צבע מאכל צהוב 50גר,,,צבע מאכל צהוב 50גר,גרמים,50.00,100 גרם,false,,4.50,0.0900,true,1,15374
7290013144522,false,צבע מאכל ירוק 50גר,,,צבע מאכל ירוק 50גר,גרמים,50.00,100 גרם,false,,4.50,0.0900,true,1,15375
7290013144539,false,צבע מאכל אדום 50גר,,,צבע מאכל אדום 50גר,גרמים,50.00,100 גרם,false,,4.50,0.0900,true,1,15376
7290013144560,false,צבע מאכל כחול 50גר,,,צבע מאכל כחול 50גר,גרמים,50.00,100 גרם,false,,4.50,0.0900,true,1,15377
7290013144614,false,סירופ מייפל אמיתי 10,,,סירופ מייפל אמיתי 10,מיליליטרים,236.00,"100 מ""ל",false,,30.90,0.1309,true,1,15378
7290013144751,false,מימונס סירופ בטעם מי,,,מימונס סירופ בטעם מי,מיליליטרים,500.00,"100 מ""ל",false,,13.90,0.0278,true,1,15379
7290013144768,false,מימונס סירופ בטעם שו,,,מימונס סירופ בטעם שו,מיליליטרים,500.00,"100 מ""ל",false,,13.90,0.0278,true,1,15380
7290013144805,false,אייס קפה לייט להכנה,,,אייס קפה לייט להכנה,גרמים,245.00,100 גרם,false,,20.90,0.0853,true,1,513330
7290013145031,false,מימונס ברס אגוזי לוז,,,מימונס ברס אגוזי לוז,גרמים,100.00,100 גרם,false,,12.90,0.1290,true,1,15387
7290013145055,false,פרג שלם 100גר,,,פרג שלם 100גר,גרמים,100.00,100 גרם,false,,6.90,0.0690,true,1,15389
7290013145062,false,סירופ מייפל אמיתי %1,,,סירופ מייפל אמיתי %1,מיליליטרים,187.00,"100 מ""ל",false,,19.90,0.1064,true,1,15390
7290013145093,false,מימונס שקד מולבן גרו,,,מימונס שקד מולבן גרו,גרמים,100.00,100 גרם,false,,12.90,0.1290,true,1,15392
7290013145178,false,קוקוס טחון לבן 100 ג,,,קוקוס טחון לבן 100 ג,גרמים,100.00,100 גרם,false,,4.90,0.0490,true,1,15399
7290013145192,false,שומשום 100גר,,,שומשום 100גר,גרמים,100.00,100 גרם,false,,4.90,0.0490,true,1,15400
7290013145215,false,שומשום 400גר,,,שומשום 400גר,גרמים,400.00,100 גרם,false,,14.90,0.0373,true,1,15401
7290013145390,false,מימונס שוקולד ציפס מ,,,מימונס שוקולד ציפס מ,גרמים,250.00,100 גרם,false,,8.90,0.0356,true,1,15405
7290013145406,false,מימונס שוקולד ציפס ל,,,מימונס שוקולד ציפס ל,גרמים,250.00,100 גרם,false,,9.90,0.0396,true,1,15406
7290013145437,false,מימונס שוקולד ציפס 4,,,מימונס שוקולד ציפס 4,גרמים,250.00,100 גרם,false,,12.90,0.0516,true,1,15408
7290013145444,false,מימונס שוקולד ציפס 6,,,מימונס שוקולד ציפס 6,גרמים,250.00,100 גרם,false,,14.90,0.0596,true,1,15409
7290013145451,false,מימונס קקאו 150 גר,,,מימונס קקאו 150 גר,גרמים,150.00,100 גרם,false,,8.90,0.0593,true,1,15410
7290013145567,false,מיני מיני עדשים 90גר,,,מיני מיני עדשים 90גר,גרמים,90.00,100 גרם,false,,10.50,0.1167,true,1,15414
7290013145574,false,ערכה לקישוט 100 גרם.,,,ערכה לקישוט 100 גרם.,גרמים,100.00,100 גרם,false,,10.80,0.1080,true,1,15415
7290013145628,false,סוכריות צבעוניות לקי,,,סוכריות צבעוניות לקי,גרמים,200.00,100 גרם,false,,8.90,0.0445,true,1,15417
7290013145710,false,דובדבנים מסוכרים 100,,,דובדבנים מסוכרים 100,גרמים,100.00,100 גרם,false,,9.90,0.0990,true,1,15423
7290013145833,false,מימונס פודינג שוקולד,,,מימונס פודינג שוקולד,גרמים,95.00,100 גרם,false,,3.90,0.0411,true,1,15430
7290013145840,false,מימונס סוכר וניל 10*,,,מימונס סוכר וניל 10*,גרמים,100.00,100 גרם,false,,2.50,0.0250,true,1,15431
7290013145857,false,אבקת אפיה 10* 10 גרם,,,אבקת אפיה 10* 10 גרם,גרמים,100.00,100 גרם,false,,2.50,0.0250,true,1,15432
7290013145871,false,מימונס שמרים יבשים 5,,,מימונס שמרים יבשים 5,גרמים,55.00,100 גרם,false,,10.50,0.1909,true,1,15434
7290013145918,false,אבקת סוכר 100 גרם,,,אבקת סוכר 100 גרם,גרמים,100.00,100 גרם,false,,2.00,0.0200,true,1,15436
7290013145956,false,מימונס שמרים יבשים ב,,,מימונס שמרים יבשים ב,גרמים,500.00,100 גרם,false,,12.90,0.0258,true,1,15439
7290013145963,false,מימונס שמרים יבשים ב,,,מימונס שמרים יבשים ב,גרמים,125.00,100 גרם,false,,5.50,0.0440,true,1,15440
7290013146083,false,מלית חלבה 400 גרם,,,מלית חלבה 400 גרם,גרמים,400.00,100 גרם,false,,15.90,0.0398,true,1,15448
7290013146199,false,מימונס קרם נוגט 350,,,מימונס קרם נוגט 350,גרמים,400.00,100 גרם,false,,15.90,0.0398,true,1,15450
7290013146243,false,פודינג בטעם וניל 320,,,פודינג בטעם וניל 320,גרמים,320.00,100 גרם,false,,18.90,0.0591,true,1,541643
7290013146304,false,מימונס קורנפלור 500,,,מימונס קורנפלור 500,גרמים,500.00,100 גרם,false,,6.90,0.0138,true,1,15453
7290013146403,false,סירופ בטעם קרמל מלוח,,,סירופ בטעם קרמל מלוח,גרמים,500.00,100 גרם,false,,16.90,0.0338,true,1,15454
7290013146656,false,כוכבים צבעוניים לקיש,,,כוכבים צבעוניים לקיש,יחידה,0.00,יחידה,false,,11.90,0.0000,true,1,64338
7290013146663,false,קונפטי לקישוט צבעוני,,,קונפטי לקישוט צבעוני,גרמים,55.00,100 גרם,false,,11.90,0.2164,true,1,64339
7290013146670,false,סוכריות לב צבעוניות,,,סוכריות לב צבעוניות,יחידה,0.00,יחידה,false,,11.90,0.0000,true,1,64455
7290013146724,false,אייס קפה להכנה ביתית,,,אייס קפה להכנה ביתית,גרמים,350.00,100 גרם,false,,17.90,0.0511,true,1,272601
7290013146854,false,מיימונס קוקוס לבן טח,,,מיימונס קוקוס לבן טח,גרמים,400.00,100 גרם,false,,14.90,0.0373,true,1,15457
7290013153593,false,פריגת סחוט תפוזים מת,,,פריגת סחוט תפוזים מת,ליטרים,1.00,ליטר,false,,11.90,11.9000,true,1,6437
7290013156914,false,עוגיות כעך טוניסאי ג,,,עוגיות כעך טוניסאי ג,גרמים,350.00,100 גרם,false,,16.90,0.0483,true,1,332009
7290013156921,false,"עוגיות מרוקאיות לל""",,,"עוגיות מרוקאיות לל""",גרמים,350.00,100 גרם,false,,16.90,0.0483,true,1,332010
7290013203182,false,שרי מנומר -ליקופן,,,שרי מנומר -ליקופן,גרמים,200.00,100 גרם,false,,9.90,0.0495,true,1,51001
7290013215031,false,פטריות פורטובלה למיל,,,פטריות פורטובלה למיל,יח',1.00,יח',false,,19.90,19.9000,true,1,266620
7290013215123,false,פטריות שמפניון למילו,,,פטריות שמפניון למילו,יח',1.00,יח',false,,19.90,19.9000,true,1,266621
7290013220042,false,מיקס טרופי 400 גרם ב,,,מיקס טרופי 400 גרם ב,גרמים,400.00,100 גרם,false,,19.90,0.0497,true,1,51678
7290013220103,false,דובדבן קפוא 500 גרם,,,דובדבן קפוא 500 גרם,גרמים,500.00,100 גרם,false,,19.90,0.0398,true,1,51680
7290013220127,false,דומדמנית שחורה 500 ג,,,דומדמנית שחורה 500 ג,גרמים,500.00,100 גרם,false,,19.90,0.0398,true,1,51682
7290013268037,false,סנו מקסימה פצ'ולי מר,,,סנו מקסימה פצ'ולי מר,יחידה,0.00,יחידה,false,,18.90,0.0000,true,1,30305
7290013268242,false,ריצפז פרש הום בניחוח,,,ריצפז פרש הום בניחוח,ליטרים,2.00,ליטר,false,,21.90,10.9500,true,1,30312
7290013268563,false,דאודורנט ספרי קרמה מ,,,דאודורנט ספרי קרמה מ,מיליליטרים,200.00,"100 מ""ל",false,,13.90,0.0695,true,1,30323
7290013268891,false,סנו אוקסיג'ן 3 ליטר,,,סנו אוקסיג'ן 3 ליטר,ליטרים,3.00,ליטר,false,,30.90,10.3000,true,1,30340
7290013268907,false,מקסימה ג'ל כביסה ביו,,,מקסימה ג'ל כביסה ביו,ליטרים,3.00,ליטר,false,,33.90,11.3000,true,1,30341
7290013268983,false,מקסימה מרכך כביסה בב,,,מקסימה מרכך כביסה בב,יחידה,0.00,יחידה,false,,18.90,0.0000,true,1,172260
7290013268990,false,סנו מקסימה מרכך מרוכ,,,סנו מקסימה מרכך מרוכ,יחידה,0.00,יחידה,false,,18.90,0.0000,true,1,30344
7290013269003,false,סנו מקסימה קר בייבי,,,סנו מקסימה קר בייבי,ליטרים,1.00,ליטר,false,,19.90,19.9000,true,1,30345
7290013269263,false,מקסימה גל כביסה קריס,,,מקסימה גל כביסה קריס,ליטרים,3.00,ליטר,false,,33.90,11.3000,true,1,30351
7290013269287,false,מקסימה מאסק גל כביסה,,,מקסימה מאסק גל כביסה,ליטרים,3.00,ליטר,false,,33.90,11.3000,true,1,30352
7290013269621,false,ריצפז פרש הום בניחוח,,,ריצפז פרש הום בניחוח,ליטרים,2.00,ליטר,false,,21.90,10.9500,true,1,30359
7290013269645,false,ריצפז פרש מטליות לחו,,,ריצפז פרש מטליות לחו,יחידה,0.00,יחידה,false,,11.90,0.0000,true,1,30361
7290013269706,false,סנובון ג'ל אסלה ריח,,,סנובון ג'ל אסלה ריח,מיליליטרים,55.00,"100 מ""ל",false,,6.90,0.1255,true,1,30365
7290013269751,false,ריצפז מטליות לחות לנ,,,ריצפז מטליות לחות לנ,יחידה,0.00,יחידה,false,,11.90,0.0000,true,1,30366
7290013269850,false,סנו סושי נייר אפיה א,,,סנו סושי נייר אפיה א,יחידה,0.00,יחידה,false,,14.90,0.0000,true,1,30370
7290013269867,false,סנו סושי זוג מפות אי,,,סנו סושי זוג מפות אי,יחידה,0.00,יחידה,false,,8.90,0.0000,true,1,30371
7290013284310,false,רוטב לפסטה לילדים פר,,,רוטב לפסטה לילדים פר,גרמים,240.00,100 גרם,false,,4.90,0.0204,true,1,41346
7290013358356,false,מאסטר שף פירורי לחם,,,מאסטר שף פירורי לחם,גרמים,350.00,100 גרם,false,,6.90,0.0197,true,1,21504
7290013358363,false,מאסטר שף פירורי לחם,,,מאסטר שף פירורי לחם,גרמים,300.00,100 גרם,false,,9.90,0.0330,true,1,21505
7290013358486,false,מאסטר שף פירורים מו,,,מאסטר שף פירורים מו,גרמים,300.00,100 גרם,false,,6.90,0.0230,true,1,21514
7290013358493,false,מאסטר שף אסייאתי קרם,,,מאסטר שף אסייאתי קרם,מיליליטרים,400.00,"100 מ""ל",false,,9.90,0.0248,true,1,21515
7290013358530,false,מאסטר שף רוטב צ'ילי,,,מאסטר שף רוטב צ'ילי,מיליליטרים,700.00,"100 מ""ל",false,,11.90,0.0170,true,1,21519
7290013358547,false,מאסטר שף רוטב צ'ילי,,,מאסטר שף רוטב צ'ילי,מיליליטרים,700.00,"100 מ""ל",false,,11.90,0.0170,true,1,21520
7290013358806,false,מאגדת פריכיות עם מלח,,,מאגדת פריכיות עם מלח,גרמים,264.00,100 גרם,false,,11.90,0.0451,true,1,21526
7290013389077,false,6 טורטיות חיטה תומר,,,6 טורטיות חיטה תומר,גרמים,425.00,100 גרם,false,,7.90,0.0186,true,1,25102
7290013389374,false,קמח תירס תומר 500 גר,,,קמח תירס תומר 500 גר,גרמים,500.00,100 גרם,false,,9.30,0.0186,true,1,25114
7290013389381,false,"קמח תירס תומר 1 ק""ג",,,"קמח תירס תומר 1 ק""ג",קילוגרמים,1.00,"ק""ג",false,,10.80,10.8000,true,1,25115
7290013412966,false,תולי מגבונים לחים 4*,,,תולי מגבונים לחים 4*,יחידה,0.00,יחידה,false,,9.90,0.0000,true,1,29534
7290013424921,false,קיווי פרוס קפוא 500,,,קיווי פרוס קפוא 500,גרמים,500.00,100 גרם,false,,11.90,0.0238,true,1,147429
7290013424952,false,אננס חתוך קפוא 500 ג,,,אננס חתוך קפוא 500 ג,גרמים,500.00,100 גרם,false,,11.90,0.0238,true,1,147430
7290013525789,false,שמיר אריסה מרוקאית ח,,,שמיר אריסה מרוקאית ח,גרמים,150.00,100 גרם,false,,8.90,0.0593,true,1,17742
7290013525796,false,שמיר סחוג תימני 150ג,,,שמיר סחוג תימני 150ג,גרמים,150.00,100 גרם,false,,8.90,0.0593,true,1,17743
7290013525802,false,שמיר סחוג אדום 150ג,,,שמיר סחוג אדום 150ג,גרמים,150.00,100 גרם,false,,8.90,0.0593,true,1,17744
7290013525819,false,שמיר שום כתוש 150ג,,,שמיר שום כתוש 150ג,גרמים,150.00,100 גרם,false,,8.90,0.0593,true,1,17745
7290013531582,false,זיתים חרוזית מגולעני,,,זיתים חרוזית מגולעני,גרמים,600.00,100 גרם,false,,11.90,0.0198,true,1,8737
7290013531759,false,שעועית אפויה במים יכ,,,שעועית אפויה במים יכ,גרמים,550.00,100 גרם,false,,9.90,0.0180,true,1,8746
7290013580009,false,המבורגר זהב 400 גרם,,,המבורגר זהב 400 גרם,גרמים,400.00,100 גרם,false,,15.90,0.0398,true,1,35362
7290013581648,false,מינוט סטייק אל מטאד,,,מינוט סטייק אל מטאד,גרמים,250.00,100 גרם,false,,17.90,0.0716,true,1,103659
7290013585233,false,פחית סליק 330 מל ZER,,,פחית סליק 330 מל ZER,מיליליטרים,330.00,"100 מ""ל",false,,5.50,0.0167,true,1,7083
7290013585387,false,קולה זירו 1 ליטר,,,קולה זירו 1 ליטר,ליטרים,1.00,ליטר,false,,6.90,6.9000,true,1,7095
7290013585394,false,קוקה קולה 1 ליטר,,,קוקה קולה 1 ליטר,ליטרים,1.00,ליטר,false,,7.50,7.5000,true,1,7096
7290013585967,false,ספרייט זירו שישיה פח,,,ספרייט זירו שישיה פח,ליטרים,1.98,ליטר,false,,22.30,11.2626,true,1,7122
7290013608260,false,פרימור מיץ רימונים ס,,,פרימור מיץ רימונים ס,יחידה,0.00,יחידה,false,,22.90,0.0000,true,1,23377
7290013608482,false,נקטר מנגו פרימור 1 ל,,,נקטר מנגו פרימור 1 ל,ליטרים,1.00,ליטר,false,,8.50,8.5000,true,1,51654
7290013608550,false,נקטר תפוזים פרימור 1,,,נקטר תפוזים פרימור 1,ליטרים,1.00,ליטר,false,,8.50,8.5000,true,1,51658
7290013608635,false,נקטר לימונים עם נענע,,,נקטר לימונים עם נענע,יחידה,0.00,יחידה,false,,8.50,0.0000,true,1,51663
7290013608673,false,נקטר תפוחי עץ פרימור,,,נקטר תפוחי עץ פרימור,יחידה,0.00,יחידה,false,,8.50,0.0000,true,1,51665
7290013608864,false,פרימור משקה פירות הד,,,פרימור משקה פירות הד,ליטרים,1.00,ליטר,false,,15.90,15.9000,true,1,87476
7290013615954,false,מדליוני תרד קפוא-1 ק,,,מדליוני תרד קפוא-1 ק,קילוגרמים,1.00,"ק""ג",false,,14.90,14.9000,true,1,105841
7290013652164,false,מגבונים להסרת איפור,,,מגבונים להסרת איפור,יחידה,0.00,יחידה,false,,24.90,0.0000,true,1,29188
7290013675545,false,שניצל כלי תחבורה 700,,,שניצל כלי תחבורה 700,גרמים,700.00,100 גרם,false,,30.90,0.0441,true,1,25603
7290013675804,false,מינ י מיני טעם טבעות,,,מינ י מיני טעם טבעות,גרמים,500.00,100 גרם,false,,24.90,0.0498,true,1,99520
7290013677341,false,100 סוכריות ג'לי בינ,,,100 סוכריות ג'לי בינ,גרמים,100.00,100 גרם,false,,7.90,0.0790,true,1,15173
7290013677358,false,ג'לי לנד קולה לימון,,,ג'לי לנד קולה לימון,גרמים,100.00,100 גרם,false,,7.90,0.0790,true,1,15174
7290013677372,false,מיה ג'לי לנד תפוח דו,,,מיה ג'לי לנד תפוח דו,גרמים,100.00,100 גרם,false,,7.90,0.0790,true,1,15176
7290013677679,false,סודה לשתיה בשקית 80,,,סודה לשתיה בשקית 80,גרמים,80.00,100 גרם,false,,3.90,0.0487,true,1,15187
7290013677839,false,בורגול 1 ק'ג,,,בורגול 1 ק'ג,קילוגרמים,1.00,"ק""ג",false,,6.90,6.9000,true,1,15195
7290013677846,false,כוסמת 1 ק'ג,,,כוסמת 1 ק'ג,קילוגרמים,1.00,"ק""ג",false,,12.90,12.9000,true,1,15196
7290013702036,false,שוופס אפרסק ווטר 0.5,,,שוופס אפרסק ווטר 0.5,מיליליטרים,500.00,"100 מ""ל",false,,5.50,0.0110,true,1,11636
7290013702050,false,שוופס ענבים ווטר 0.5,,,שוופס ענבים ווטר 0.5,מיליליטרים,500.00,"100 מ""ל",false,,5.50,0.0110,true,1,11638
7290013702388,false,שוופס תפוח ווטר 0.5,,,שוופס תפוח ווטר 0.5,מיליליטרים,500.00,"100 מ""ל",false,,5.50,0.0110,true,1,11643
7290013702883,false,משקה פינק למונייד שו,,,משקה פינק למונייד שו,מיליליטרים,500.00,"100 מ""ל",false,,5.90,0.0118,true,1,11660
7290013724960,false,שקדים בציפוי שוקולד,,,שקדים בציפוי שוקולד,גרמים,140.00,100 גרם,false,,10.90,0.0779,true,1,4679
7290013787392,false,רביולי גבינות קלאסי,,,רביולי גבינות קלאסי,גרמים,330.00,100 גרם,false,,24.90,0.0755,true,1,90813
7290013787408,false,רביולי בטטה ריקו 330,,,רביולי בטטה ריקו 330,גרמים,330.00,100 גרם,false,,24.90,0.0755,true,1,90814
7290013787415,false,רביולי ריקוטה תרד 33,,,רביולי ריקוטה תרד 33,גרמים,330.00,100 גרם,false,,24.90,0.0755,true,1,90815
7290013847102,false,טונה בשמן סטארקיסט ש,,,טונה בשמן סטארקיסט ש,גרמים,240.00,100 גרם,false,,12.90,0.0538,true,1,26688
7290013847867,false,נתחי טונה בהירה בשמן,,,נתחי טונה בהירה בשמן,גרמים,140.00,100 גרם,false,,12.90,0.0921,true,1,582901
7290013848345,false,מטליות לחות לחיטוי י,,,מטליות לחות לחיטוי י,יחידה,0.00,יחידה,false,,22.90,0.0000,true,1,30381
7290013848383,false,ג'ל רחצה אנטי בלוק ק,,,ג'ל רחצה אנטי בלוק ק,מיליליטרים,700.00,"100 מ""ל",false,,18.90,0.0270,true,1,30382
7290013906205,false,טירת צבי פסטרמה שום,,,טירת צבי פסטרמה שום,גרמים,400.00,100 גרם,false,,26.90,0.0672,true,1,25390
7290013906212,false,טירת צבי נקניקיות וי,,,טירת צבי נקניקיות וי,קילוגרמים,1.00,"ק""ג",false,,22.90,22.9000,true,1,25391
7290013906441,false,טירת צבי קבנוס 120 ג,,,טירת צבי קבנוס 120 ג,גרמים,120.00,100 גרם,false,,9.90,0.0825,true,1,25402
7290013906458,false,טירת צבי קבנוס פיקנט,,,טירת צבי קבנוס פיקנט,גרמים,120.00,100 גרם,false,,9.90,0.0825,true,1,25403
7290013906489,false,טירת צבי חטיפי מיני,,,טירת צבי חטיפי מיני,גרמים,120.00,100 גרם,false,,9.90,0.0825,true,1,25404
7290013906496,false,טירת צבי פסטרמה עגל,,,טירת צבי פסטרמה עגל,גרמים,120.00,100 גרם,false,,13.90,0.1158,true,1,25405
7290013906519,false,טירת צבי פרשוטו בקר,,,טירת צבי פרשוטו בקר,גרמים,100.00,100 גרם,false,,24.90,0.2490,true,1,25406
7290013906687,false,טירת צבי צמד כפרית ב,,,טירת צבי צמד כפרית ב,גרמים,600.00,100 גרם,false,,24.90,0.0415,true,1,25408
7290013906694,false,"נקניקיות עוף 1.5 ק""ג",,,"נקניקיות עוף 1.5 ק""ג",קילוגרמים,1.50,"100 ק""ג",false,,34.90,23.2667,true,1,339433
7290013906700,false,"נקניקיות הודו 1.5 ק""",,,"נקניקיות הודו 1.5 ק""",קילוגרמים,1.50,"100 ק""ג",false,,35.90,23.9333,true,1,339419
7290014002203,false,תה חליטת לימונית ולו,,,תה חליטת לימונית ולו,גרמים,37.50,100 גרם,false,,17.90,0.4773,true,1,24749
7290014002944,false,תה גן קסום חליטת חמא,,,תה גן קסום חליטת חמא,גרמים,62.50,100 גרם,false,,17.90,0.2864,true,1,24761
7290014027213,false,ערק ג'בלנא מיוצר מכו,,,ערק ג'בלנא מיוצר מכו,מיליליטרים,700.00,"100 מ""ל",false,,49.90,0.0713,true,1,194068
7290014046047,false,יחיעם צמד פסטרמה 600,,,יחיעם צמד פסטרמה 600,גרמים,600.00,100 גרם,false,,21.90,0.0365,true,1,15589
7290014046474,false,יחיעם נקניקיות עוף 1,,,יחיעם נקניקיות עוף 1,קילוגרמים,1.50,"ק""ג",false,,27.90,18.6000,true,1,15592
7290014059085,false,משחה לשיקום והגנה סנ,,,משחה לשיקום והגנה סנ,מיליליטרים,75.00,"100 מ""ל",false,,24.90,0.3320,true,1,3897
7290014059436,false,משחת שיניים לשיקום ס,,,משחת שיניים לשיקום ס,מיליליטרים,75.00,"100 מ""ל",false,,24.90,0.3320,true,1,3903
7290014066359,false,לנדוור קפה אספרסו בל,,,לנדוור קפה אספרסו בל,יחידה,0.00,יחידה,false,,14.90,0.0000,true,1,44
7290014066373,false,לנדוור קפה אספרסו קל,,,לנדוור קפה אספרסו קל,יחידה,0.00,יחידה,false,,14.90,0.0000,true,1,46
7290014066380,false,לנדוור קפה אספרסו סו,,,לנדוור קפה אספרסו סו,יחידה,0.00,יחידה,false,,14.90,0.0000,true,1,47
7290014066441,false,לנדוור קפסולות אספרס,,,לנדוור קפסולות אספרס,יחידה,0.00,יחידה,false,,14.90,0.0000,true,1,62502
7290014079014,false,לבבות קיסר,,,לבבות קיסר,גרמים,300.00,100 גרם,false,,9.90,0.0330,true,1,35583
7290014079076,false,נבטי אלפלפא,,,נבטי אלפלפא,יח',1.00,יח',false,,6.90,6.9000,true,1,41554
7290014083813,false,בריוולס וילניס שפרוט,,,בריוולס וילניס שפרוט,גרמים,190.00,100 גרם,false,,7.90,0.0416,true,1,2990
7290014094376,false,שזיף ללא גלעין בקופס,,,שזיף ללא גלעין בקופס,גרמים,330.00,100 גרם,false,,23.90,0.0724,true,1,4705
7290014094390,false,חמוציות מסוכרות בקופ,,,חמוציות מסוכרות בקופ,גרמים,330.00,100 גרם,false,,14.90,0.0452,true,1,4707
7290014094406,false,צימוק בהיר בקופסא 3,,,צימוק בהיר בקופסא 3,גרמים,330.00,100 גרם,false,,16.90,0.0512,true,1,4708
7290014094505,false,אהרוני אורז בסמטי 1,,,אהרוני אורז בסמטי 1,קילוגרמים,1.00,"ק""ג",false,,9.90,9.9000,true,1,4716
7290014095861,false,שיבולת שועל דקה קווא,,,שיבולת שועל דקה קווא,גרמים,500.00,100 גרם,false,,4.90,0.0098,true,1,4742
7290014095960,false,שיבולת שועל עבה קווא,,,שיבולת שועל עבה קווא,גרמים,500.00,100 גרם,false,,4.90,0.0098,true,1,4745
7290014204027,false,פנינה שמפו יומי 750,,,פנינה שמפו יומי 750,מיליליטרים,750.00,"100 מ""ל",false,,9.90,0.0132,true,1,18178
7290014204034,false,"מרכך יומי 750 מ""ל",,,"מרכך יומי 750 מ""ל",מיליליטרים,750.00,"100 מ""ל",false,,9.90,0.0132,true,1,18179
7290014204560,false,סבון נוזלי פנינה רוז,,,סבון נוזלי פנינה רוז,ליטרים,1.50,ליטר,false,,10.90,7.2667,true,1,18186
7290014204683,false,פנינה סבון נוזלי משא,,,פנינה סבון נוזלי משא,יחידה,0.00,יחידה,false,,9.90,0.0000,true,1,18197
7290014204690,false,סבון נוזלי משאבה ורו,,,סבון נוזלי משאבה ורו,יחידה,0.00,יחידה,false,,9.90,0.0000,true,1,18198
7290014217003,false,תבלין פפריקה מעושנת,,,תבלין פפריקה מעושנת,גרמים,90.00,100 גרם,false,,11.30,0.1256,true,1,42454
7290014217065,false,טעם וריח אורגנו מיכל,,,טעם וריח אורגנו מיכל,גרמים,30.00,100 גרם,false,,10.10,0.3367,true,1,42459
7290014217140,false,תבלין ראס אל חנות טע,,,תבלין ראס אל חנות טע,גרמים,100.00,100 גרם,false,,9.00,0.0900,true,1,42462
7290014217157,false,תבלין תערובת תיבול ט,,,תבלין תערובת תיבול ט,גרמים,120.00,100 גרם,false,,11.80,0.0983,true,1,42463
7290014217164,false,תבלין פטרויליה טעם ו,,,תבלין פטרויליה טעם ו,גרמים,20.00,100 גרם,false,,10.80,0.5400,true,1,42464
7290014217348,false,תבליני טעם וריח צילי,,,תבליני טעם וריח צילי,גרמים,70.00,100 גרם,false,,10.80,0.1543,true,1,42470
7290014217355,false,תבלין אבקת קרי טעם ו,,,תבלין אבקת קרי טעם ו,גרמים,100.00,100 גרם,false,,11.80,0.1180,true,1,42471
7290014217539,false,תערובת וניל סוכר וקי,,,תערובת וניל סוכר וקי,גרמים,150.00,100 גרם,false,,10.90,0.0727,true,1,42477
7290014218932,false,חטיפי פיצה בתוספת זי,,,חטיפי פיצה בתוספת זי,גרמים,710.00,100 גרם,false,,27.90,0.0393,true,1,35708
7290014256620,false,יין באזז קריניאנו 75,,,יין באזז קריניאנו 75,מיליליטרים,750.00,"100 מ""ל",false,,27.90,0.0372,true,1,564
7290014258716,false,מטרנה צמחי 700 גר',,,מטרנה צמחי 700 גר',גרמים,700.00,100 גרם,false,,50.90,0.0727,true,1,18783
7290014325036,false,ג'לי שמחות 600 גרם,,,ג'לי שמחות 600 גרם,גרמים,600.00,100 גרם,false,,18.90,0.0315,true,1,15199
7290014325043,false,מיה פודינג וניל 1 ק`,,,מיה פודינג וניל 1 ק`,קילוגרמים,1.00,"ק""ג",false,,17.90,17.9000,true,1,15200
7290014397200,false,מארז מברשות שיניים א,,,מארז מברשות שיניים א,יחידה,0.00,יחידה,false,,10.90,0.0000,true,1,30426
7290014397279,false,סנו סושי שקיות מזון,,,סנו סושי שקיות מזון,יחידה,0.00,יחידה,false,,13.90,0.0000,true,1,30429
7290014397453,false,סנו אוקסיג'ן לכביסה,,,סנו אוקסיג'ן לכביסה,ליטרים,3.00,ליטר,false,,30.90,10.3000,true,1,30434
7290014397781,false,ריצפז פרש הום סבון מ,,,ריצפז פרש הום סבון מ,ליטרים,2.00,ליטר,false,,21.90,10.9500,true,1,30458
7290014397842,false,סנומט מכשיר נוזלי נג,,,סנומט מכשיר נוזלי נג,יחידה,0.00,יחידה,false,,39.90,0.0000,true,1,30461
7290014397873,false,מרכך כביסה סנו מקסימ,,,מרכך כביסה סנו מקסימ,ליטרים,4.00,ליטר,false,,22.90,5.7250,true,1,30464
7290014435704,false,סלמון מעושן סלטי שמי,,,סלמון מעושן סלטי שמי,גרמים,100.00,100 גרם,false,,23.90,0.2390,true,1,17752
7290014435803,false,מטיאס הולנדי פרובנצי,,,מטיאס הולנדי פרובנצי,גרמים,180.00,100 גרם,false,,18.90,0.1050,true,1,17754
7290014435810,false,הרינג כבוש עם בצל במ,,,הרינג כבוש עם בצל במ,גרמים,180.00,100 גרם,false,,18.90,0.1050,true,1,17755
7290014435827,false,פילה מקרל מעושן בשמן,,,פילה מקרל מעושן בשמן,גרמים,180.00,100 גרם,false,,24.90,0.1383,true,1,17756
7290014435834,false,מקרל מעושן פרוס בשמן,,,מקרל מעושן פרוס בשמן,גרמים,180.00,100 גרם,false,,24.90,0.1383,true,1,17757
7290014435841,false,פילה מטיאס הולנדי  ב,,,פילה מטיאס הולנדי  ב,גרמים,180.00,100 גרם,false,,18.90,0.1050,true,1,17758
7290014435896,false,סלט סלמון עם מיונז 1,,,סלט סלמון עם מיונז 1,גרמים,180.00,100 גרם,false,,21.00,0.1167,true,1,17761
7290014455245,false,גד גרנה פדנו משולש כ,,,גד גרנה פדנו משולש כ,גרמים,200.00,100 גרם,false,,23.90,0.1195,true,1,14702
7290014455252,false,גד גרנה פדנו מגורד כ,,,גד גרנה פדנו מגורד כ,גרמים,100.00,100 גרם,false,,10.90,0.1090,true,1,14703
7290014455320,false,גד כדור מוצרלה פרסקה,,,גד כדור מוצרלה פרסקה,גרמים,100.00,100 גרם,false,,8.90,0.0890,true,1,14706
7290014455467,false,גד מעדן שיבולת שועל,,,גד מעדן שיבולת שועל,מיליליטרים,150.00,"100 מ""ל",false,,5.90,0.0393,true,1,14711
7290014459137,false,תפוגן סטייק ציפס 1.5,,,תפוגן סטייק ציפס 1.5,קילוגרמים,1.50,"ק""ג",false,,23.90,15.9333,true,1,19825
7290014459373,false,תפוגן ציפס קראנצי 1.,,,תפוגן ציפס קראנצי 1.,קילוגרמים,1.50,"ק""ג",false,,24.90,16.6000,true,1,19830
7290014459472,false,תפוגן צ`יפס קלאסי 2,,,תפוגן צ`יפס קלאסי 2,קילוגרמים,2.00,"ק""ג",false,,24.90,12.4500,true,1,19832
7290014459632,false,"טוגן 1.5 ק""ג",,,"טוגן 1.5 ק""ג",קילוגרמים,1.50,"ק""ג",false,,16.90,11.2667,true,1,19835
7290014471412,false,מוזלי בוטנים אגוזים,,,מוזלי בוטנים אגוזים,קילוגרמים,1.00,"ק""ג",false,,18.90,18.9000,true,1,4746
7290014472501,false,פיסטוק קלוי ענק 250,,,פיסטוק קלוי ענק 250,גרמים,250.00,100 גרם,false,,25.90,0.1036,true,1,4772
7290014472525,false,תערובת פיצוחים מובחר,,,תערובת פיצוחים מובחר,גרמים,250.00,100 גרם,false,,19.90,0.0796,true,1,4774
7290014503137,false,כנען אדום-דלתון 750,,,כנען אדום-דלתון 750,מיליליטרים,750.00,"100 מ""ל",false,,38.90,0.0519,true,1,7358
7290014503144,false,כנען לבן-דלתון 750,,,כנען לבן-דלתון 750,מיליליטרים,500.00,"100 מ""ל",false,,38.90,0.0778,true,1,7359
7290014525306,false,חטיף מרבה קריספי אוכ,,,חטיף מרבה קריספי אוכ,גרמים,125.00,100 גרם,false,,10.90,0.0872,true,1,21552
7290014547353,false,זוג מברשות סנסודיין,,,זוג מברשות סנסודיין,יחידה,0.00,יחידה,false,,19.90,0.0000,true,1,3914
7290014636545,false,שלישית מגבות מטבח פס,,,שלישית מגבות מטבח פס,יחידה,0.00,יחידה,false,,19.90,0.0000,true,1,342172
7290014636668,false,סט מצעים זוגי מיקרו,,,סט מצעים זוגי מיקרו,יחידה,0.00,יחידה,false,,70.90,0.0000,true,1,28149
7290014636682,false,מגבת פנים,,,מגבת פנים,יחידה,0.00,יחידה,false,,19.90,0.0000,true,1,28151
7290014636736,false,כרבולית מינק 130/170,,,כרבולית מינק 130/170,יחידה,0.00,יחידה,false,,50.90,0.0000,true,1,220820
7290014636811,false,פיג'מה מינק מותגים,,,פיג'מה מינק מותגים,יחידה,0.00,יחידה,false,,89.90,0.0000,true,1,305468
7290014636903,false,כרבולית מינק 130/170,,,כרבולית מינק 130/170,יחידה,0.00,יחידה,false,,49.90,0.0000,true,1,570659
7290014673021,false,תבליני מימון פלפל שח,,,תבליני מימון פלפל שח,גרמים,100.00,100 גרם,false,,14.50,0.1450,true,1,358
7290014673373,false,מימון פפריקה הונגרית,,,מימון פפריקה הונגרית,גרמים,250.00,100 גרם,false,,21.90,0.0876,true,1,363
7290014673403,false,מימון פלפל שחור טחון,,,מימון פלפל שחור טחון,גרמים,250.00,100 גרם,false,,30.00,0.1200,true,1,366
7290014673410,false,מימון פלפל שחור גרוס,,,מימון פלפל שחור גרוס,גרמים,250.00,100 גרם,false,,30.00,0.1200,true,1,367
7290014673434,false,פלפל שחור גרוס דק בש,,,פלפל שחור גרוס דק בש,גרמים,80.00,100 גרם,false,,8.90,0.1113,true,1,368
7290014674004,false,פירורי לחם עם שומשום,,,פירורי לחם עם שומשום,גרמים,300.00,100 גרם,false,,7.90,0.0263,true,1,457352
7290014692305,false,גבינת קממבר 125 גרם,,,גבינת קממבר 125 גרם,גרמים,125.00,100 גרם,false,,14.90,0.1192,true,1,2994
7290014725294,false,סוכרזית ממתיק על בסי,,,סוכרזית ממתיק על בסי,גרמים,100.00,100 גרם,false,,17.90,0.1790,true,1,22340
7290014731189,false,כפיות P.P לבן 100 יח,,,כפיות P.P לבן 100 יח,יח',100.00,יח',false,,6.90,0.0690,true,1,535958
7290014731264,false,כוסות לשתיה קרה חד פ,,,כוסות לשתיה קרה חד פ,יח',100.00,יח',false,,6.90,0.0690,true,1,28152
7290014731271,false,כוסות שתיה קרה 80 יח,,,כוסות שתיה קרה 80 יח,יחידה,0.00,יחידה,false,,5.90,0.0000,true,1,514104
7290014748613,false,דג טוב מקלוני דגים ב,,,דג טוב מקלוני דגים ב,גרמים,600.00,100 גרם,false,,28.90,0.0482,true,1,19886
7290014749245,false,רצועות שניצל שומשום,,,רצועות שניצל שומשום,גרמים,600.00,100 גרם,false,,30.90,0.0515,true,1,64340
7290014758100,false,יוגורט תנובה 3% 8*15,,,יוגורט תנובה 3% 8*15,קילוגרמים,1.20,"ק""ג",false,,16.90,14.0833,true,1,26032
7290014758117,false,יוגורט תנובה 1.5% 8*,,,יוגורט תנובה 1.5% 8*,קילוגרמים,1.20,"ק""ג",false,,16.90,14.0833,true,1,26033
7290014758162,false,חלב תנובה עיזים מלא,,,חלב תנובה עיזים מלא,ליטרים,1.00,ליטר,false,,14.90,14.9000,true,1,26035
7290014758681,false,קוטג תנובה 1% 250ג,,,קוטג תנובה 1% 250ג,גרמים,250.00,100 גרם,false,,5.50,0.0220,true,1,26039
7290014759084,false,נפוליאון 16% 225גר,,,נפוליאון 16% 225גר,גרמים,225.00,100 גרם,false,,13.90,0.0618,true,1,26040
7290014759237,false,יוגורט כדים תנובה בי,,,יוגורט כדים תנובה בי,ליטרים,3.00,ליטר,false,,28.90,9.6333,true,1,26041
7290014759534,false,פיראוס בולגרית למריח,,,פיראוס בולגרית למריח,גרמים,200.00,100 גרם,false,,13.90,0.0695,true,1,26044
7290014759701,false,יופלה יוגורט מעודן ט,,,יופלה יוגורט מעודן ט,קילוגרמים,1.20,"ק""ג",false,,19.90,16.5833,true,1,26046
7290014759909,false,פיראוס פטה עזים פירא,,,פיראוס פטה עזים פירא,גרמים,250.00,100 גרם,false,,28.90,0.1156,true,1,26047
7290014759985,false,גבינה קשה מחלב בקר 2,,,גבינה קשה מחלב בקר 2,גרמים,200.00,100 גרם,false,,23.90,0.1195,true,1,26050
7290014759992,false,גבינות תנובה רוקפור,,,גבינות תנובה רוקפור,גרמים,140.00,100 גרם,false,,18.90,0.1350,true,1,26051
7290014760134,false,גביע מעדן סויה בטעם,,,גביע מעדן סויה בטעם,גרמים,125.00,100 גרם,false,,3.90,0.0312,true,1,26052
7290014760141,false,תנובה משקה שקדים טרי,,,תנובה משקה שקדים טרי,יחידה,0.00,יחידה,false,,12.90,0.0000,true,1,26053
7290014760448,false,גלבוע 22% 400 גרם,,,גלבוע 22% 400 גרם,גרמים,400.00,100 גרם,false,,23.90,0.0597,true,1,26056
7290014760912,false,גוש חלב 28% מהדרין 4,,,גוש חלב 28% מהדרין 4,גרמים,400.00,100 גרם,false,,25.10,0.0628,true,1,26060
7290014761018,false,גיל בטעם וניל 3% 125,,,גיל בטעם וניל 3% 125,גרמים,125.00,100 גרם,false,,1.50,0.0120,true,1,26061
7290014761056,false,יולו שוקולד חלב מעול,,,יולו שוקולד חלב מעול,גרמים,122.00,100 גרם,false,,4.90,0.0402,true,1,26062
7290014761063,false,יולו שוקולד מריר מעו,,,יולו שוקולד מריר מעו,גרמים,122.00,100 גרם,false,,4.90,0.0402,true,1,26063
7290014761070,false,יולו שוקולד לבן מעול,,,יולו שוקולד לבן מעול,גרמים,122.00,100 גרם,false,,4.90,0.0402,true,1,26064
7290014761193,false,פרילי פירות יער 1.5%,,,פרילי פירות יער 1.5%,גרמים,125.00,100 גרם,false,,3.50,0.0280,true,1,26065
7290014761414,false,יולו מעדן שכבות שוקו,,,יולו מעדן שכבות שוקו,גרמים,122.00,100 גרם,false,,4.90,0.0402,true,1,26073
7290014761612,false,יולו שכבות שוקולד מר,,,יולו שכבות שוקולד מר,גרמים,122.00,100 גרם,false,,4.90,0.0402,true,1,26077
7290014762800,false,גביע מעדן סויה בטעם,,,גביע מעדן סויה בטעם,גרמים,125.00,100 גרם,false,,3.90,0.0312,true,1,26097
7290014762831,false,גבינת שמנת נפוליאון,,,גבינת שמנת נפוליאון,גרמים,225.00,100 גרם,false,,13.90,0.0618,true,1,26098
7290014762909,false,פתיתי מוצרלה 200 גר`,,,פתיתי מוצרלה 200 גר`,גרמים,200.00,100 גרם,false,,15.90,0.0795,true,1,26102
7290014762947,false,לאבנה גלילית פיראוס,,,לאבנה גלילית פיראוס,גרמים,750.00,100 גרם,false,,23.90,0.0319,true,1,26104
7290014763272,false,משקה סויה ביו עם תות,,,משקה סויה ביו עם תות,מיליליטרים,250.00,"100 מ""ל",false,,4.90,0.0196,true,1,26109
7290014791091,false,משקה למונייד שוופס 5,,,משקה למונייד שוופס 5,מיליליטרים,500.00,"100 מ""ל",false,,5.90,0.0118,true,1,11665
7290014791725,false,משקה מוגז תפוחים שוו,,,משקה מוגז תפוחים שוו,מיליליטרים,500.00,"100 מ""ל",false,,5.90,0.0118,true,1,11683
7290014855458,false,מגבוני בייבי פרפורמנ,,,מגבוני בייבי פרפורמנ,יחידה,0.00,יחידה,false,,15.90,0.0000,true,1,29549
7290014860070,false,"מקלוני אורז 5 מ""מ לל",,,"מקלוני אורז 5 מ""מ לל",גרמים,454.00,100 גרם,false,,10.90,0.0240,true,1,47585
7290014860988,false,שימורי קרם קוקוס 17%,,,שימורי קרם קוקוס 17%,מיליליטרים,400.00,"100 מ""ל",false,,9.90,0.0248,true,1,47588
7290014901247,false,שמפו קרטין סטייל 750,,,שמפו קרטין סטייל 750,מיליליטרים,750.00,"100 מ""ל",false,,24.90,0.0332,true,1,3923
7290014901308,false,משחת שיניים הגנה מלא,,,משחת שיניים הגנה מלא,מיליליטרים,75.00,"100 מ""ל",false,,24.90,0.3320,true,1,3927
7290014905689,false,הפי לכלים ירוק תפוח,,,הפי לכלים ירוק תפוח,מיליליטרים,750.00,"100 מ""ל",false,,7.90,0.0105,true,1,11383
7290014910461,false,"ערק יודה 700 מ""ל כשל",,,"ערק יודה 700 מ""ל כשל",מיליליטרים,700.00,"100 מ""ל",false,,60.90,0.0870,true,1,11229
7290014910515,false,שפרוטים מעושנים רויא,,,שפרוטים מעושנים רויא,גרמים,250.00,100 גרם,false,,11.90,0.0476,true,1,11231
7290014940901,false,לחם פשוט מלא אנגל 75,,,לחם פשוט מלא אנגל 75,גרמים,750.00,100 גרם,false,,14.90,0.0199,true,1,35504
7290014945166,false,10 מטליות מיקרו לניק,,,10 מטליות מיקרו לניק,יחידה,0.00,יחידה,false,,12.90,0.0000,true,1,13549
7290014945210,false,צמרוני עץ 300 יח בשק,,,צמרוני עץ 300 יח בשק,יח',300.00,יח',false,,3.50,0.0117,true,1,104611
7290014945807,false,קיסמי שיניים דנטליים,,,קיסמי שיניים דנטליים,יחידה,0.00,יחידה,false,,6.90,0.0000,true,1,535058
7290014949751,false,אוטן ספריי ג'וניור ג,,,אוטן ספריי ג'וניור ג,מיליליטרים,100.00,"100 מ""ל",false,,19.90,0.1990,true,1,5984
7290014974562,false,עלמה גביעי גלידה 24,,,עלמה גביעי גלידה 24,גרמים,120.00,100 גרם,false,,6.90,0.0575,true,1,41357
7290015009102,false,עלי טורטיה מקמח לבן,,,עלי טורטיה מקמח לבן,גרמים,360.00,100 גרם,false,,15.00,0.0417,true,1,47912
7290015009119,false,עלי טורטייה מקמח לבן,,,עלי טורטייה מקמח לבן,גרמים,420.00,100 גרם,false,,15.00,0.0357,true,1,47913
7290015009188,false,ניוקי תפוחי אדמה עם,,,ניוקי תפוחי אדמה עם,גרמים,300.00,100 גרם,false,,9.90,0.0330,true,1,47916
7290015009201,false,ניוקי תפוחי אדמה עם,,,ניוקי תפוחי אדמה עם,גרמים,300.00,100 גרם,false,,9.90,0.0330,true,1,47918
7290015009225,false,ריבת חלב מקורית (צנצ,,,ריבת חלב מקורית (צנצ,גרמים,450.00,100 גרם,false,,19.90,0.0442,true,1,47920
7290015009300,false,עלי טורטייה עם קמח ת,,,עלי טורטייה עם קמח ת,גרמים,360.00,100 גרם,false,,15.00,0.0417,true,1,454394
7290015009447,false,זיתים שחורים מזן קלמ,,,זיתים שחורים מזן קלמ,גרמים,440.00,100 גרם,false,,19.90,0.0452,true,1,436322
7290015009591,false,רוטב אקסטרא חריף מפל,,,רוטב אקסטרא חריף מפל,גרמים,148.00,100 גרם,false,,20.90,0.1412,true,1,505092
7290015025942,false,קרם ידיים מועשר בשמן,,,קרם ידיים מועשר בשמן,מיליליטרים,80.00,"100 מ""ל",false,,6.90,0.0863,true,1,6000
7290015039338,false,טונה במי מלח ויליפוד,,,טונה במי מלח ויליפוד,גרמים,640.00,100 גרם,false,,21.40,0.0334,true,1,3014
7290015139267,false,חופשי שוקולד מריר עם,,,חופשי שוקולד מריר עם,גרמים,85.00,100 גרם,false,,5.90,0.0694,true,1,38666
7290015150088,false,מחית עגבניות בלה איט,,,מחית עגבניות בלה איט,גרמים,700.00,100 גרם,false,,11.90,0.0170,true,1,24785
7290015150118,false,עגבניות חתוכות דק בל,,,עגבניות חתוכות דק בל,גרמים,400.00,100 גרם,false,,16.90,0.0422,true,1,24788
7290015150903,false,תה ירוק קינמון ודבש,,,תה ירוק קינמון ודבש,גרמים,37.50,100 גרם,false,,23.90,0.6373,true,1,24802
7290015155830,false,פאוץ' פרינוק מחית תפ,,,פאוץ' פרינוק מחית תפ,גרמים,120.00,100 גרם,false,,5.90,0.0492,true,1,3658
7290015155847,false,פאוץ' פרינוק מחית סל,,,פאוץ' פרינוק מחית סל,גרמים,120.00,100 גרם,false,,5.90,0.0492,true,1,3659
7290015156776,false,פאוץ' פרינוק פירות ט,,,פאוץ' פרינוק פירות ט,גרמים,120.00,100 גרם,false,,5.90,0.0492,true,1,3665
7290015156790,false,פאוץ' פרינוק לפתן פי,,,פאוץ' פרינוק לפתן פי,גרמים,120.00,100 גרם,false,,5.90,0.0492,true,1,3666
7290015178174,false,אוליביה פסטו פרמז'ן,,,אוליביה פסטו פרמז'ן,גרמים,180.00,100 גרם,false,,12.90,0.0717,true,1,114736
7290015178181,false,אוליביה ארטישוק ברוז,,,אוליביה ארטישוק ברוז,גרמים,180.00,100 גרם,false,,12.90,0.0717,true,1,114721
7290015193559,false,אובלטים מלח 300 גר',,,אובלטים מלח 300 גר',גרמים,300.00,100 גרם,false,,9.90,0.0330,true,1,41400
7290015193566,false,אובלטים שומשום 300 ג,,,אובלטים שומשום 300 ג,גרמים,300.00,100 גרם,false,,9.90,0.0330,true,1,41401
7290015193634,false,אובלטים קימל 300 גרם,,,אובלטים קימל 300 גרם,גרמים,300.00,100 גרם,false,,9.90,0.0330,true,1,41405
7290015282000,false,איקרה אדומה סלטי שמי,,,איקרה אדומה סלטי שמי,גרמים,200.00,100 גרם,false,,13.90,0.0695,true,1,17763
7290015282024,false,איקרה לבנה סלטי שמיר,,,איקרה לבנה סלטי שמיר,גרמים,200.00,100 גרם,false,,13.90,0.0695,true,1,17765
7290015282390,false,סלט תורכי 200 ג שמיר,,,סלט תורכי 200 ג שמיר,גרמים,200.00,100 גרם,false,,12.90,0.0645,true,1,17779
7290015282581,false,חומוס אבו גוש עם חרי,,,חומוס אבו גוש עם חרי,גרמים,200.00,100 גרם,false,,10.90,0.0545,true,1,17782
7290015282598,false,חומוס מסעדות,,,חומוס מסעדות,גרמים,200.00,100 גרם,false,,10.90,0.0545,true,1,17783
7290015282604,false,טחינה מיוחדת,,,טחינה מיוחדת,גרמים,200.00,100 גרם,false,,10.90,0.0545,true,1,17784
7290015282628,false,חציל בטעם כבד סלטי ש,,,חציל בטעם כבד סלטי ש,גרמים,200.00,100 גרם,false,,12.90,0.0645,true,1,17786
7290015282635,false,חומוס מסבחה,,,חומוס מסבחה,גרמים,200.00,100 גרם,false,,10.90,0.0545,true,1,17787
7290015282642,false,חומוס אבו גוש,,,חומוס אבו גוש,גרמים,200.00,100 גרם,false,,10.90,0.0545,true,1,17788
7290015282673,false,חציל במיונז ביתי,,,חציל במיונז ביתי,גרמים,200.00,100 גרם,false,,10.90,0.0545,true,1,17790
7290015282680,false,קישוא בטעם כבד סלטי,,,קישוא בטעם כבד סלטי,גרמים,200.00,100 גרם,false,,12.90,0.0645,true,1,17791
7290015282697,false,סלט כרוב אדום 200ג ש,,,סלט כרוב אדום 200ג ש,גרמים,200.00,100 גרם,false,,12.90,0.0645,true,1,17792
7290015282710,false,קוביות סלק סלטי שמיר,,,קוביות סלק סלטי שמיר,גרמים,200.00,100 גרם,false,,10.90,0.0545,true,1,17793
7290015282727,false,גזר מרוקאי ברוטב פיק,,,גזר מרוקאי ברוטב פיק,גרמים,200.00,100 גרם,false,,12.90,0.0645,true,1,17794
7290015282734,false,מטבוחה ביתית.,,,מטבוחה ביתית.,גרמים,200.00,100 גרם,false,,12.90,0.0645,true,1,17795
7290015282741,false,חציל תילאנדי סלטי שמ,,,חציל תילאנדי סלטי שמ,גרמים,200.00,100 גרם,false,,12.90,0.0645,true,1,17796
7290015282796,false,סלט תפוח אדמה 200 ג,,,סלט תפוח אדמה 200 ג,גרמים,200.00,100 גרם,false,,12.90,0.0645,true,1,17801
7290015324014,false,טעם וריח פלפל שחור ט,,,טעם וריח פלפל שחור ט,גרמים,80.00,100 גרם,false,,9.90,0.1238,true,1,42480
7290015324038,false,טעם וריח פפריקה בשמן,,,טעם וריח פפריקה בשמן,גרמים,80.00,100 גרם,false,,6.50,0.0813,true,1,42481
7290015324045,false,תבלין פפריקה חריפה ב,,,תבלין פפריקה חריפה ב,גרמים,80.00,100 גרם,false,,6.50,0.0813,true,1,42482
7290015324052,false,טעם וריח פפריקה מתוק,,,טעם וריח פפריקה מתוק,גרמים,80.00,100 גרם,false,,6.50,0.0813,true,1,42483
7290015324069,false,טעם וריח גריל עוף שק,,,טעם וריח גריל עוף שק,גרמים,80.00,100 גרם,false,,6.50,0.0813,true,1,42484
7290015324076,false,טעם וריח זעתר שקית 8,,,טעם וריח זעתר שקית 8,גרמים,80.00,100 גרם,false,,6.00,0.0750,true,1,42485
7290015324083,false,טעם וריח מלח לימון ש,,,טעם וריח מלח לימון ש,גרמים,80.00,100 גרם,false,,6.50,0.0813,true,1,42486
7290015324090,false,טעם וריח כמון שקית 8,,,טעם וריח כמון שקית 8,גרמים,80.00,100 גרם,false,,6.80,0.0850,true,1,42487
7290015324106,false,טעם וריח כורכום שקית,,,טעם וריח כורכום שקית,גרמים,80.00,100 גרם,false,,6.80,0.0850,true,1,42488
7290015324175,false,תערובת תיבול לשווארמ,,,תערובת תיבול לשווארמ,גרמים,80.00,100 גרם,false,,7.00,0.0875,true,1,42493
7290015324717,false,מחית שום 210 גרם,,,מחית שום 210 גרם,גרמים,210.00,100 גרם,false,,13.90,0.0662,true,1,429999
7290015324724,false,מחית צ'ילי חריף 230,,,מחית צ'ילי חריף 230,גרמים,230.00,100 גרם,false,,13.90,0.0604,true,1,430014
7290015324731,false,מחית ג'ינג'ר 210 גרם,,,מחית ג'ינג'ר 210 גרם,גרמים,210.00,100 גרם,false,,13.90,0.0662,true,1,430031
7290015328517,false,נרונים 4 שעות 72 יח',,,נרונים 4 שעות 72 יח',יחידה,0.00,יחידה,false,,21.90,0.0000,true,1,13238
7290015328531,false,להבונים 50 יח' 3 שעו,,,להבונים 50 יח' 3 שעו,יחידה,0.00,יחידה,false,,9.90,0.0000,true,1,13240
7290015328647,false,נר נשמה בפח 24 שעות,,,נר נשמה בפח 24 שעות,יחידה,0.00,יחידה,false,,1.90,0.0000,true,1,13247
7290015328685,false,מנורת לד 9 וולט,,,מנורת לד 9 וולט,יחידה,0.00,יחידה,false,,8.90,0.0000,true,1,13251
7290015328692,false,מנורת לד 12 וולט,,,מנורת לד 12 וולט,יחידה,0.00,יחידה,false,,9.90,0.0000,true,1,13252
7290015328715,false,האשפתון 65*52 50 יח',,,האשפתון 65*52 50 יח',יח',50.00,יח',false,,10.90,0.2180,true,1,13254
7290015347259,false,פירורי לחם מוזהבים 4,,,פירורי לחם מוזהבים 4,גרמים,400.00,100 גרם,false,,5.90,0.0148,true,1,15224
7290015347273,false,נטיפי שוקולד מריר לא,,,נטיפי שוקולד מריר לא,גרמים,250.00,100 גרם,false,,9.90,0.0396,true,1,15226
7290015347464,false,מיה קינואה מעורבת 50,,,מיה קינואה מעורבת 50,גרמים,400.00,100 גרם,false,,14.90,0.0373,true,1,15239
7290015347488,false,סוכר דמררה בשקית מיה,,,סוכר דמררה בשקית מיה,קילוגרמים,1.00,"ק""ג",false,,8.90,8.9000,true,1,15241
7290015347525,false,ציפס בטטה עם שום ורו,,,ציפס בטטה עם שום ורו,גרמים,80.00,100 גרם,false,,8.90,0.1113,true,1,15242
7290015348089,false,למברוסקו אמיליאנו לב,,,למברוסקו אמיליאנו לב,מיליליטרים,750.00,"100 מ""ל",false,,24.90,0.0332,true,1,9543
7290015350150,false,סגל אדום חצי יבש 750,,,סגל אדום חצי יבש 750,מיליליטרים,750.00,"100 מ""ל",false,,21.90,0.0292,true,1,90468
7290015366663,false,מש.שיניים מנטה עדין,,,מש.שיניים מנטה עדין,גרמים,100.00,100 גרם,false,,7.90,0.0790,true,1,3963
7290015366670,false,מש.שיניים מנטה אקווה,,,מש.שיניים מנטה אקווה,גרמים,100.00,100 גרם,false,,7.90,0.0790,true,1,3964
7290015395045,false,קינואה שקדיה 400 גרם,,,קינואה שקדיה 400 גרם,גרמים,400.00,100 גרם,false,,9.90,0.0248,true,1,4791
7290015437431,false,רכז רימונים תומר 42,,,רכז רימונים תומר 42,גרמים,420.00,100 גרם,false,,19.90,0.0474,true,1,93827
7290015572033,false,שרי צהוב,,,שרי צהוב,יח',1.00,יח',false,,9.90,9.9000,true,1,46613
7290015596817,false,קרם גוף אפקטיב קר 4,,,קרם גוף אפקטיב קר 4,מיליליטרים,450.00,"100 מ""ל",false,,24.90,0.0553,true,1,119683
7290015603201,false,אטריות מחיטה מלאה מז,,,אטריות מחיטה מלאה מז,גרמים,454.00,100 גרם,false,,10.90,0.0240,true,1,47593
7290015603218,false,אטריות עם עגבניות מז,,,אטריות עם עגבניות מז,גרמים,454.00,100 גרם,false,,9.90,0.0218,true,1,47594
7290015603522,false,נוזל אגוזי קוקוס 5-7,,,נוזל אגוזי קוקוס 5-7,מיליליטרים,400.00,"100 מ""ל",false,,6.90,0.0173,true,1,47597
7290015603560,false,שימורי קרם קוקוס 20-,,,שימורי קרם קוקוס 20-,מיליליטרים,400.00,"100 מ""ל",false,,9.90,0.0248,true,1,47599
7290015603584,false,ג'ינג'ר לבן כבוש ללא,,,ג'ינג'ר לבן כבוש ללא,גרמים,160.00,100 גרם,false,,7.90,0.0494,true,1,47600
7290015652254,false,גרעיני חמניה קלויים,,,גרעיני חמניה קלויים,גרמים,400.00,100 גרם,false,,10.00,0.0250,true,1,4812
7290015652278,false,תערובת פיצוחים ששון,,,תערובת פיצוחים ששון,גרמים,250.00,100 גרם,false,,20.00,0.0800,true,1,4814
7290015652285,false,אגוזים קלופים 250 גר,,,אגוזים קלופים 250 גר,גרמים,250.00,100 גרם,false,,20.00,0.0800,true,1,4815
7290015652292,false,קבוקים עם שומשום ששו,,,קבוקים עם שומשום ששו,גרמים,400.00,100 גרם,false,,10.00,0.0250,true,1,4816
7290015652308,false,מנצ'ס ששון הקולה 300,,,מנצ'ס ששון הקולה 300,גרמים,300.00,100 גרם,false,,10.00,0.0333,true,1,4817
7290015652322,false,בוטנים אמריקאים מצופ,,,בוטנים אמריקאים מצופ,גרמים,400.00,100 גרם,false,,10.00,0.0250,true,1,4819
7290015652407,false,פיסטוק קלוי ששון הקו,,,פיסטוק קלוי ששון הקו,גרמים,250.00,100 גרם,false,,20.00,0.0800,true,1,4826
7290015733243,false,מטרנה אקסטרה קר מהדר,,,מטרנה אקסטרה קר מהדר,גרמים,700.00,100 גרם,false,,59.90,0.0856,true,1,18796
7290015733427,false,מטרנה דייסת גם וגם ו,,,מטרנה דייסת גם וגם ו,גרמים,300.00,100 גרם,false,,17.90,0.0597,true,1,52393
7290015733939,false,"מטרנה A.R. כשרות בד""",,,"מטרנה A.R. כשרות בד""",גרמים,700.00,100 גרם,false,,74.90,0.1070,true,1,153161
7290015733977,false,מטרנה קומפורט 700 גר,,,מטרנה קומפורט 700 גר,גרמים,700.00,100 גרם,false,,59.90,0.0856,true,1,136688
7290015766005,false,שרי וויטני יחידה,,,שרי וויטני יחידה,גרמים,500.00,100 גרם,false,,9.90,0.0198,true,1,51003
7290015766029,false,שרי כתום יח',,,שרי כתום יח',גרמים,460.00,100 גרם,false,,9.90,0.0215,true,1,51004
7290015781121,false,אימפרשן קברנה סובניו,,,אימפרשן קברנה סובניו,מיליליטרים,750.00,"100 מ""ל",false,,49.90,0.0665,true,1,11831
7290015781305,false,אימפרשן יין סירה,,,אימפרשן יין סירה,מיליליטרים,750.00,"100 מ""ל",false,,49.90,0.0665,true,1,11840
7290015855082,false,ברוקולי מיני,,,ברוקולי מיני,יח',1.00,יח',false,,9.90,9.9000,true,1,35584
7290015855143,false,שום קלוף,,,שום קלוף,גרמים,170.00,100 גרם,false,,11.90,0.0700,true,1,49373
7290015855181,false,ג'ינג'ר ארוז,,,ג'ינג'ר ארוז,יח',1.00,יח',false,,8.90,8.9000,true,1,49374
7290015855624,false,פטרוזיליה ארוז,,,פטרוזיליה ארוז,גרמים,80.00,100 גרם,false,,5.90,0.0738,true,1,588128
7290015855631,false,כוסברה ארוז,,,כוסברה ארוז,גרמים,80.00,100 גרם,false,,5.90,0.0738,true,1,588129
7290015855648,false,שמיר ארוז,,,שמיר ארוז,גרמים,80.00,100 גרם,false,,5.90,0.0738,true,1,588130
7290015855655,false,נענע ארוז,,,נענע ארוז,גרמים,80.00,100 גרם,false,,5.90,0.0738,true,1,588131
7290015855938,false,עלי בייבי 250 גר' אד,,,עלי בייבי 250 גר' אד,גרמים,300.00,100 גרם,false,,11.90,0.0397,true,1,141747
7290015858106,false,ממרח פסטו ביתי עללחם,,,ממרח פסטו ביתי עללחם,גרמים,180.00,100 גרם,false,,16.90,0.0939,true,1,23389
7290015858113,false,ממרח עגבניות מיובשות,,,ממרח עגבניות מיובשות,גרמים,180.00,100 גרם,false,,16.90,0.0939,true,1,23390
7290015858175,false,ממרח פלפלים קלויים ע,,,ממרח פלפלים קלויים ע,גרמים,180.00,100 גרם,false,,16.90,0.0939,true,1,23392
7290015858229,false,ממרח טפנד זיתי קלמטה,,,ממרח טפנד זיתי קלמטה,גרמים,180.00,100 גרם,false,,16.90,0.0939,true,1,23394
7290015858243,false,ממרח צימיצורי עללחם,,,ממרח צימיצורי עללחם,גרמים,180.00,100 גרם,false,,16.90,0.0939,true,1,23395
7290015865692,false,תענוג פרי תות שדה ענ,,,תענוג פרי תות שדה ענ,גרמים,400.00,100 גרם,false,,17.90,0.0447,true,1,279054
7290015865715,false,תענוג פרי פירות יער,,,תענוג פרי פירות יער,גרמים,400.00,100 גרם,false,,17.90,0.0447,true,1,279069
7290015865722,false,קונפיטורה לייט תות ש,,,קונפיטורה לייט תות ש,גרמים,400.00,100 גרם,false,,19.90,0.0497,true,1,279096
7290015865746,false,קונפיטורה לייט פירות,,,קונפיטורה לייט פירות,גרמים,400.00,100 גרם,false,,19.90,0.0497,true,1,279111
7290015872096,false,חומוס אסלי שמיר 700,,,חומוס אסלי שמיר 700,גרמים,700.00,100 גרם,false,,8.90,0.0127,true,1,17806
7290015872553,false,חומוס מסעדה שמיר 700,,,חומוס מסעדה שמיר 700,גרמים,700.00,100 גרם,false,,9.90,0.0141,true,1,17809
7290015968782,false,פדים להסרת איפור במא,,,פדים להסרת איפור במא,יחידה,0.00,יחידה,false,,16.90,0.0000,true,1,1046
7290016006148,false,משקה מוגז ענבים שוופ,,,משקה מוגז ענבים שוופ,מיליליטרים,500.00,"100 מ""ל",false,,5.90,0.0118,true,1,11702
7290016006292,false,ספרינג מנגו בננה מלו,,,ספרינג מנגו בננה מלו,יחידה,0.00,יחידה,false,,6.90,0.0000,true,1,11708
7290016006322,false,מי עדן 1 ליטר,,,מי עדן 1 ליטר,ליטרים,1.00,ליטר,false,,2.90,2.9000,true,1,11709
7290016006339,false,מי עדן רביעייה 1 ליט,,,מי עדן רביעייה 1 ליט,ליטרים,4.00,ליטר,false,,10.90,2.7250,true,1,11710
7290016006346,false,שוופס סודה שישייה 0.,,,שוופס סודה שישייה 0.,ליטרים,3.00,ליטר,false,,13.90,4.6333,true,1,11711
7290016083088,false,"זיווה 500 גרם כשל""פ",,,"זיווה 500 גרם כשל""פ",גרמים,500.00,100 גרם,false,,21.90,0.0438,true,1,128586
7290016087123,false,רוטב עגבניות מתובל ל,,,רוטב עגבניות מתובל ל,גרמים,240.00,100 גרם,false,,4.90,0.0204,true,1,41412
7290016087147,false,רוטב עגבניות מתובל ל,,,רוטב עגבניות מתובל ל,גרמים,240.00,100 גרם,false,,4.90,0.0204,true,1,41413
7290016096491,false,נתחי טונה בשמן צמחי,,,נתחי טונה בשמן צמחי,גרמים,240.00,100 גרם,false,,11.90,0.0496,true,1,26605
7290016096675,false,טונה בשמן זית פילטונ,,,טונה בשמן זית פילטונ,גרמים,240.00,100 גרם,false,,17.90,0.0746,true,1,26610
7290016096811,false,ממרח טונה פילטונה רב,,,ממרח טונה פילטונה רב,גרמים,160.00,100 גרם,false,,19.90,0.1244,true,1,113298
7290016096934,false,סלט טונה 2 יח' פילטו,,,סלט טונה 2 יח' פילטו,גרמים,320.00,100 גרם,false,,11.90,0.0372,true,1,164544
7290016104271,false,ריבת חלב 340 גר`,,,ריבת חלב 340 גר`,גרמים,340.00,100 גרם,false,,12.90,0.0379,true,1,13283
7290016114300,false,לילי גליל כפול 16 גל,,,לילי גליל כפול 16 גל,מטרים,588.00,מטר,false,,34.90,0.0594,true,1,9079
7290016117417,false,כרית יפנית 6 יח,,,כרית יפנית 6 יח,יחידה,0.00,יחידה,false,,8.90,0.0000,true,1,510148
7290016136722,false,פסטה פנה ללא גלוטן 3,,,פסטה פנה ללא גלוטן 3,גרמים,340.00,100 גרם,false,,11.90,0.0350,true,1,40090
7290016150117,false,מעדן סלק בוואקום 500,,,מעדן סלק בוואקום 500,גרמים,500.00,100 גרם,false,,5.90,0.0118,true,1,47290
7290016150711,false,AVEL נוזל קוקוס תאיל,,,AVEL נוזל קוקוס תאיל,מיליליטרים,400.00,"100 מ""ל",false,,5.90,0.0148,true,1,48955
7290016162219,false,כדורי שוקולד פרווה,,,כדורי שוקולד פרווה,גרמים,280.00,100 גרם,false,,30.90,0.1104,true,1,39976
7290016162233,false,עוגיות דיזרט פרימיום,,,עוגיות דיזרט פרימיום,גרמים,200.00,100 גרם,false,,19.90,0.0995,true,1,39978
7290016162264,false,עוגת גבינה רנסנס 450,,,עוגת גבינה רנסנס 450,גרמים,450.00,100 גרם,false,,40.90,0.0909,true,1,39981
7290016197495,false,מטלית קסם לרצפה מארז,,,מטלית קסם לרצפה מארז,יחידה,0.00,יחידה,false,,16.90,0.0000,true,1,9093
7290016197839,false,ניקול השקית החזקה XL,,,ניקול השקית החזקה XL,יחידה,0.00,יחידה,false,,23.90,0.0000,true,1,9099
7290016217643,false,חמוצים סיני אסלי 400,,,חמוצים סיני אסלי 400,גרמים,400.00,100 גרם,false,,12.90,0.0323,true,1,17812
7290016217742,false,חציל בטחינה סלטי שמי,,,חציל בטחינה סלטי שמי,גרמים,200.00,100 גרם,false,,10.90,0.0545,true,1,17814
7290016217759,false,חצילים בסגנון מרוקאי,,,חצילים בסגנון מרוקאי,גרמים,200.00,100 גרם,false,,12.90,0.0645,true,1,17815
7290016217971,false,נסיכת הנילום מעושנת,,,נסיכת הנילום מעושנת,גרמים,100.00,100 גרם,false,,23.90,0.2390,true,1,17817
7290016246018,false,בארכה מיקס פינוקיות,,,בארכה מיקס פינוקיות,גרמים,200.00,100 גרם,false,,11.90,0.0595,true,1,18799
7290016246025,false,בארכה פנוקיות חלבה ל,,,בארכה פנוקיות חלבה ל,גרמים,200.00,100 גרם,false,,11.90,0.0595,true,1,18800
7290016246209,false,בארכה חטיף חלבה וניל,,,בארכה חטיף חלבה וניל,גרמים,100.00,100 גרם,false,,3.90,0.0390,true,1,18802
7290016246445,false,בארכה טחינה גולמית מ,,,בארכה טחינה גולמית מ,גרמים,310.00,100 גרם,false,,10.90,0.0352,true,1,18806
7290016246490,false,בארכה חלבה קלאסית 40,,,בארכה חלבה קלאסית 40,גרמים,400.00,100 גרם,false,,10.50,0.0263,true,1,18808
7290016270907,false,ברוקולי,,,ברוקולי,יח',1.00,יח',false,,9.90,9.9000,true,1,51006
7290016319309,false,אל סבון מאסק+משאבה פ,,,אל סבון מאסק+משאבה פ,ליטרים,1.00,ליטר,false,,10.90,10.9000,true,1,6018
7290016321661,false,מגבוני פרש וואנס רבי,,,מגבוני פרש וואנס רבי,יחידה,0.00,יחידה,false,,15.90,0.0000,true,1,6048
7290016321678,false,פרשוואנס רביעייה נטו,,,פרשוואנס רביעייה נטו,יחידה,0.00,יחידה,false,,15.90,0.0000,true,1,6049
7290016334500,false,לבבות חסה זוגות בשקי,,,לבבות חסה זוגות בשקי,יח',1.00,יח',false,,9.90,9.9000,true,1,47794
7290016370324,false,מיקס זיתים עם קלמטה,,,מיקס זיתים עם קלמטה,גרמים,560.00,100 גרם,false,,14.90,0.0266,true,1,115787
7290016370973,false,פלפל קלוי על האש בצ,,,פלפל קלוי על האש בצ,גרמים,580.00,100 גרם,false,,9.90,0.0171,true,1,44784
7290016372342,false,עגבניות חתוכות לקובי,,,עגבניות חתוכות לקובי,גרמים,400.00,100 גרם,false,,16.90,0.0422,true,1,24814
7290016372373,false,רסק עגבניות איטליה ב,,,רסק עגבניות איטליה ב,גרמים,280.00,100 גרם,false,,6.90,0.0246,true,1,24816
7290016372489,false,סודות הצמחים ג'ינג'ר,,,סודות הצמחים ג'ינג'ר,גרמים,30.00,100 גרם,false,,17.90,0.5967,true,1,24822
7290016387483,false,3 כריות יפניות דו צד,,,3 כריות יפניות דו צד,יחידה,0.00,יחידה,false,,6.50,0.0000,true,1,13579
7290016387674,false,כרית הברקה וקרצוף לנ,,,כרית הברקה וקרצוף לנ,יחידה,0.00,יחידה,false,,8.90,0.0000,true,1,535042
7290016387742,false,מטליות מיקרופייבר לנ,,,מטליות מיקרופייבר לנ,יחידה,0.00,יחידה,false,,11.90,0.0000,true,1,13584
7290016437645,false,האגיס פרידום דריי 32,,,האגיס פרידום דריי 32,יחידה,0.00,יחידה,false,,43.90,0.0000,true,1,9112
7290016437652,false,האגיס פרידום דריי 26,,,האגיס פרידום דריי 26,יחידה,0.00,יחידה,false,,43.90,0.0000,true,1,9113
7290016437690,false,זוג תחבושות קוטקס יא,,,זוג תחבושות קוטקס יא,יחידה,0.00,יחידה,false,,35.90,0.0000,true,1,9114
7290016437713,false,תחבושות קוטקס סופר פ,,,תחבושות קוטקס סופר פ,יחידה,0.00,יחידה,false,,35.90,0.0000,true,1,9116
7290016440652,false,תערובת פרוסות ירקות,,,תערובת פרוסות ירקות,גרמים,500.00,100 גרם,false,,19.90,0.0398,true,1,219312
7290016440928,false,ירקות כבושים חמוץ מת,,,ירקות כבושים חמוץ מת,גרמים,500.00,100 גרם,false,,19.90,0.0398,true,1,219327
7290016446043,false,רביולי בטעם בטטה קפו,,,רביולי בטעם בטטה קפו,גרמים,360.00,100 גרם,false,,21.90,0.0608,true,1,160906
7290016509342,false,סוד מארז שלישיה כדור,,,סוד מארז שלישיה כדור,גרמים,150.00,100 גרם,false,,16.90,0.1127,true,1,34915
7290016509786,false,פרסיל ג'ל 2.5 ליטר י,,,פרסיל ג'ל 2.5 ליטר י,ליטרים,2.50,ליטר,false,,34.90,13.9600,true,1,34921
7290016509809,false,פרסיל ג'ל 2.5 ליטר ק,,,פרסיל ג'ל 2.5 ליטר ק,ליטרים,2.50,ליטר,false,,34.90,13.9600,true,1,34923
7290016509823,false,פרסיל ג'ל 2.5 ליטר ב,,,פרסיל ג'ל 2.5 ליטר ב,ליטרים,2.50,ליטר,false,,34.90,13.9600,true,1,34925
7290016509830,false,פרסיל ג'ל 2.5 ליטר ב,,,פרסיל ג'ל 2.5 ליטר ב,ליטרים,2.50,ליטר,false,,34.90,13.9600,true,1,34926
7290016509847,false,פרסיל ג'ל 2.5 ליטר ב,,,פרסיל ג'ל 2.5 ליטר ב,ליטרים,2.50,ליטר,false,,34.90,13.9600,true,1,34927
7290016513684,false,כיסונים כפריים במילו,,,כיסונים כפריים במילו,יח',1.00,יח',false,,29.90,29.9000,true,1,535731
7290016513974,false,קרפלך במילוי פטריות,,,קרפלך במילוי פטריות,יח',1.00,יח',false,,20.90,20.9000,true,1,536068
7290016513981,false,קרפלך במילוי תפוח אד,,,קרפלך במילוי תפוח אד,יח',1.00,יח',false,,17.90,17.9000,true,1,536052
7290016621358,false,אל סבון ניקיון ולחות,,,אל סבון ניקיון ולחות,ליטרים,1.00,ליטר,false,,15.90,15.9000,true,1,29291
7290016682038,false,"מיץ תפוזים 400 מ""ל פ",,,"מיץ תפוזים 400 מ""ל פ",מיליליטרים,400.00,"100 מ""ל",false,,9.50,0.0238,true,1,49497
7290016682052,false,"מיץ לימונענע 400 מ""ל",,,"מיץ לימונענע 400 מ""ל",מיליליטרים,400.00,"100 מ""ל",false,,9.50,0.0238,true,1,49498
7290016682199,false,שייק תות בננה מופחת,,,שייק תות בננה מופחת,יחידה,0.00,יחידה,false,,16.90,0.0000,true,1,49509
7290016682328,false,פרי ניב מיץ תפוזים ט,,,פרי ניב מיץ תפוזים ט,ליטרים,2.00,ליטר,false,,20.60,10.3000,true,1,242564
7290016682373,false,פרי ניב סחוט לימונדה,,,פרי ניב סחוט לימונדה,ליטרים,2.00,ליטר,false,,18.80,9.4000,true,1,242635
7290016682397,false,נקטר חמוציות פריניב,,,נקטר חמוציות פריניב,ליטרים,2.00,ליטר,false,,18.90,9.4500,true,1,242620
7290016693041,false,יין אמירים קברנה 750,,,יין אמירים קברנה 750,מיליליטרים,750.00,"100 מ""ל",false,,17.90,0.0239,true,1,11924
7290016693300,false,יין היוצר בראשית שרד,,,יין היוצר בראשית שרד,מיליליטרים,750.00,"100 מ""ל",false,,37.90,0.0505,true,1,11933
7290016865943,false,אטריות ביצים פטוצ'ינ,,,אטריות ביצים פטוצ'ינ,גרמים,400.00,100 גרם,false,,13.90,0.0348,true,1,3674
7290016866650,false,מש.שיניים אוריגינל פ,,,מש.שיניים אוריגינל פ,מיליליטרים,75.00,"100 מ""ל",false,,31.90,0.4253,true,1,4031
7290016867114,false,לחם כוסמין קל מלא 50,,,לחם כוסמין קל מלא 50,גרמים,500.00,100 גרם,false,,17.90,0.0358,true,1,217895
7290016867145,false,פיתות קלות קמח מלא 3,,,פיתות קלות קמח מלא 3,גרמים,360.00,100 גרם,false,,13.90,0.0386,true,1,217986
7290016867237,false,לחם קל כוסמין במתיקו,,,לחם קל כוסמין במתיקו,גרמים,400.00,100 גרם,false,,18.90,0.0472,true,1,217910
7290016867244,false,לחמניות מחמצת כוסמין,,,לחמניות מחמצת כוסמין,גרמים,321.00,100 גרם,false,,14.90,0.0464,true,1,217941
7290016883091,false,חרדל דיז'ון שקדיה 35,,,חרדל דיז'ון שקדיה 35,גרמים,350.00,100 גרם,false,,10.00,0.0286,true,1,519241
7290016948035,false,מטריה הפוכה,,,מטריה הפוכה,יחידה,0.00,יחידה,false,,29.90,0.0000,true,1,305331
7290016967074,false,חיטה מלאה אנגל 750 ג,,,חיטה מלאה אנגל 750 ג,גרמים,750.00,100 גרם,false,,16.90,0.0225,true,1,35510
7290016998184,false,עלי חסה ערבית שטופה,,,עלי חסה ערבית שטופה,גרמים,250.00,100 גרם,false,,10.90,0.0436,true,1,153163
7290016998207,false,לקט קסם השדה 350 גר,,,לקט קסם השדה 350 גר,גרמים,350.00,100 גרם,false,,10.90,0.0311,true,1,153165
7290016998221,false,מיקס צבעי הטבע 350 ג,,,מיקס צבעי הטבע 350 ג,גרמים,350.00,100 גרם,false,,10.90,0.0311,true,1,152608
7290016998245,false,מיקס שורשים 400 גר,,,מיקס שורשים 400 גר,גרמים,400.00,100 גרם,false,,9.90,0.0248,true,1,153168
7290016998252,false,חסה אייסברג חתוכה 30,,,חסה אייסברג חתוכה 30,גרמים,300.00,100 גרם,false,,8.90,0.0297,true,1,153169
7290016998269,false,לקט קולסלאו 400 גר,,,לקט קולסלאו 400 גר,גרמים,400.00,100 גרם,false,,7.90,0.0198,true,1,153170
7290016998276,false,גזר חתוך דק 250 גר,,,גזר חתוך דק 250 גר,גרמים,250.00,100 גרם,false,,6.90,0.0276,true,1,153171
7290016998320,false,לבבות קיסר מארז,,,לבבות קיסר מארז,יח',1.00,יח',false,,11.90,11.9000,true,1,153176
7290017023229,false,רביעיית משקה שוופס ב,,,רביעיית משקה שוופס ב,ליטרים,1.32,ליטר,false,,13.90,10.5303,true,1,11731
7290017023236,false,רביעיית משקה שוופס ב,,,רביעיית משקה שוופס ב,ליטרים,1.32,ליטר,false,,13.90,10.5303,true,1,11732
7290017023670,false,פחית שוופס לימונייד,,,פחית שוופס לימונייד,מיליליטרים,330.00,"100 מ""ל",false,,4.20,0.0127,true,1,11748
7290017023809,false,ספרינג אגס סברס תפוח,,,ספרינג אגס סברס תפוח,ליטרים,1.00,ליטר,false,,11.20,11.2000,true,1,11752
7290017023816,false,ספרינג פירות טרופיים,,,ספרינג פירות טרופיים,ליטרים,1.00,ליטר,false,,11.20,11.2000,true,1,11753
7290017023823,false,ספרינג תות בננה 250,,,ספרינג תות בננה 250,ליטרים,1.00,ליטר,false,,11.20,11.2000,true,1,11754
7290017023854,false,"שוופס סודה 250 מ""ל ר",,,"שוופס סודה 250 מ""ל ר",ליטרים,1.00,ליטר,false,,9.90,9.9000,true,1,11756
7290017031262,false,חטיף דגנים עם חמאת ב,,,חטיף דגנים עם חמאת ב,גרמים,140.00,100 גרם,false,,16.90,0.1207,true,1,533749
7290017058689,false,זית שחור טבעי תומר 4,,,זית שחור טבעי תומר 4,גרמים,400.00,100 גרם,false,,14.90,0.0373,true,1,25209
7290017062662,false,מרכך כביסה מרוכז טאצ,,,מרכך כביסה מרוכז טאצ,ליטרים,1.00,ליטר,false,,12.90,12.9000,true,1,115472
7290017062693,false,מרכך כביסה מרוכז טאצ,,,מרכך כביסה מרוכז טאצ,ליטרים,1.00,ליטר,false,,12.90,12.9000,true,1,115474
7290017062730,false,נוזל כלים לבנדר 36%,,,נוזל כלים לבנדר 36%,מיליליטרים,750.00,"100 מ""ל",false,,8.90,0.0119,true,1,105692
7290017062747,false,נוזל כלים תפוח 36% 7,,,נוזל כלים תפוח 36% 7,מיליליטרים,750.00,"100 מ""ל",false,,8.90,0.0119,true,1,105693
7290017062754,false,נוזל כלים לימון 36%,,,נוזל כלים לימון 36%,מיליליטרים,750.00,"100 מ""ל",false,,8.90,0.0119,true,1,107080
7290017062938,false,מבשם עוצמתי לכביסה ו,,,מבשם עוצמתי לכביסה ו,מיליליטרים,500.00,"100 מ""ל",false,,29.90,0.0598,true,1,345727
7290017065007,false,מוצרלה פרוסה חצי קש,,,מוצרלה פרוסה חצי קש,גרמים,200.00,100 גרם,false,,17.90,0.0895,true,1,14721
7290017065137,false,גבינה ריקוטה למריחה,,,גבינה ריקוטה למריחה,גרמים,200.00,100 גרם,false,,9.90,0.0495,true,1,14724
7290017065212,false,קרם מסקרפונה להקצפה,,,קרם מסקרפונה להקצפה,גרמים,250.00,100 גרם,false,,17.90,0.0716,true,1,14730
7290017068350,false,עדשים שחורות בלוגה מ,,,עדשים שחורות בלוגה מ,גרמים,500.00,100 גרם,false,,7.90,0.0158,true,1,336041
7290017068367,false,מיה שמרים בוואקום 12,,,מיה שמרים בוואקום 12,גרמים,125.00,100 גרם,false,,4.90,0.0392,true,1,15283
7290017068374,false,מיה שמרים בוואקום 50,,,מיה שמרים בוואקום 50,גרמים,500.00,100 גרם,false,,10.90,0.0218,true,1,15284
7290017068916,false,ג'לי טבעות בציפוי סו,,,ג'לי טבעות בציפוי סו,גרמים,350.00,100 גרם,false,,14.90,0.0426,true,1,91838
7290017088082,false,חיתולי ביייביסיטר סט,,,חיתולי ביייביסיטר סט,יח',36.00,יח',false,,34.90,0.9694,true,1,509669
7290017088099,false,חיתולי ביייביסיטר סט,,,חיתולי ביייביסיטר סט,יח',34.00,יח',false,,34.90,1.0265,true,1,509670
7290017088105,false,ביייביסיטר נוחות מיד,,,ביייביסיטר נוחות מיד,יח',40.00,יח',false,,34.90,0.8725,true,1,29565
7290017088112,false,ביייביסיטר נוחות מיד,,,ביייביסיטר נוחות מיד,יח',36.00,יח',false,,34.90,0.9694,true,1,29566
7290017088129,false,ביייביסיטר נוחות מיד,,,ביייביסיטר נוחות מיד,יח',40.00,יח',false,,34.90,0.8725,true,1,29567
7290017088631,false,מגבון Tooly רביעייה,,,מגבון Tooly רביעייה,יחידה,0.00,יחידה,false,,9.90,0.0000,true,1,61647
7290017088815,false,תחבושות Breeze לבריח,,,תחבושות Breeze לבריח,יח',12.00,יח',false,,18.90,1.5750,true,1,159648
7290017088839,false,תחבושות Breeze לבריח,,,תחבושות Breeze לבריח,יח',12.00,יח',false,,18.90,1.5750,true,1,159650
7290017088846,false,תחבושות Breeze לבריח,,,תחבושות Breeze לבריח,יח',12.00,יח',false,,18.90,1.5750,true,1,159651
7290017088914,false,מגבונים מבושם בייביס,,,מגבונים מבושם בייביס,יחידה,0.00,יחידה,false,,16.90,0.0000,true,1,98316
7290017088969,false,חיתולי בייביסיטר NB,,,חיתולי בייביסיטר NB,יחידה,0.00,יחידה,false,,29.90,0.0000,true,1,227173
7290017088983,false,חיתולי בייביסיטר NB,,,חיתולי בייביסיטר NB,יחידה,0.00,יחידה,false,,29.90,0.0000,true,1,227174
7290017094199,false,מעדן חצילים 200 גרם,,,מעדן חצילים 200 גרם,גרמים,200.00,100 גרם,false,,10.90,0.0545,true,1,142390
7290017094830,false,סלט גזר ברוטב פיקנטי,,,סלט גזר ברוטב פיקנטי,גרמים,400.00,100 גרם,false,,12.90,0.0323,true,1,17829
7290017094847,false,סלט תפוח אדמה אסלי 4,,,סלט תפוח אדמה אסלי 4,גרמים,400.00,100 גרם,false,,10.90,0.0273,true,1,17830
7290017094861,false,חומוס עם רוטב מסבחה,,,חומוס עם רוטב מסבחה,גרמים,400.00,100 גרם,false,,10.90,0.0273,true,1,17831
7290017105048,false,טבעות ירוקים זיתים י,,,טבעות ירוקים זיתים י,גרמים,200.00,100 גרם,false,,11.90,0.0595,true,1,71125
7290017105468,false,אפונה יכין 3*120 גרם,,,אפונה יכין 3*120 גרם,גרמים,360.00,100 גרם,false,,13.90,0.0386,true,1,8760
7290017105895,false,גרגרי חומוס מסעדות י,,,גרגרי חומוס מסעדות י,גרמים,550.00,100 גרם,false,,9.90,0.0180,true,1,82325
7290017121093,false,ממרח אריסה חריפה עלל,,,ממרח אריסה חריפה עלל,גרמים,250.00,100 גרם,false,,14.90,0.0596,true,1,23398
7290017140056,false,קמח חומוס שי של הטבע,,,קמח חומוס שי של הטבע,גרמים,500.00,100 גרם,false,,15.90,0.0318,true,1,306823
7290017142005,false,שמן קוקוס אורגני כתי,,,שמן קוקוס אורגני כתי,מיליליטרים,320.00,"100 מ""ל",false,,30.90,0.0966,true,1,29369
7290017142012,false,שמן קוקוס אורגני כתי,,,שמן קוקוס אורגני כתי,מיליליטרים,500.00,"100 מ""ל",false,,40.90,0.0818,true,1,29370
7290017142111,false,פתיתי טונה בהירה בשמ,,,פתיתי טונה בהירה בשמ,גרמים,85.00,100 גרם,false,,9.90,0.1165,true,1,29376
7290017142128,false,שמן זית כתית מעולה ק,,,שמן זית כתית מעולה ק,מיליליטרים,750.00,"100 מ""ל",false,,33.90,0.0452,true,1,29377
7290017142159,false,נתחי טונה בהירה בשמן,,,נתחי טונה בהירה בשמן,גרמים,240.00,100 גרם,false,,23.90,0.0996,true,1,29378
7290017142180,false,פילה טונה פרוס זית ל,,,פילה טונה פרוס זית ל,גרמים,120.00,100 גרם,false,,14.90,0.1242,true,1,29380
7290017142203,false,פילה טונה פרוס עם בש,,,פילה טונה פרוס עם בש,גרמים,120.00,100 גרם,false,,14.90,0.1242,true,1,29381
7290017142234,false,פתיתי טונה בהירה בשמ,,,פתיתי טונה בהירה בשמ,גרמים,85.00,100 גרם,false,,9.90,0.1165,true,1,29382
7290017142388,false,שמן חמניות פלוס אומג,,,שמן חמניות פלוס אומג,ליטרים,1.00,ליטר,false,,15.90,15.9000,true,1,29394
7290017142500,false,תרסיס שמן זית כתית ב,,,תרסיס שמן זית כתית ב,מיליליטרים,150.00,"100 מ""ל",false,,19.90,0.1327,true,1,519300
7290017217307,false,נרות חימום ריחניים ב,,,נרות חימום ריחניים ב,יחידה,0.00,יחידה,false,,12.90,0.0000,true,1,526392
7290017239200,false,סלמון נורווגי מעושן,,,סלמון נורווגי מעושן,יח',100.00,יח',false,,14.90,0.1490,true,1,149406
7290017266046,false,חטיף וופל קראנצ במיל,,,חטיף וופל קראנצ במיל,גרמים,600.00,100 גרם,false,,17.90,0.0298,true,1,41421
7290017266725,false,חטיף וופל קראנצ' במ,,,חטיף וופל קראנצ' במ,גרמים,480.00,100 גרם,false,,17.90,0.0373,true,1,108258
7290017285894,false,אולטרסול קידס קרם פנ,,,אולטרסול קידס קרם פנ,מיליליטרים,30.00,"100 מ""ל",false,,29.90,0.9967,true,1,29316
7290017303802,false,"מלוואח 600 גרם כשל""פ",,,"מלוואח 600 גרם כשל""פ",גרמים,600.00,100 גרם,false,,21.90,0.0365,true,1,51646
7290017304885,false,לחם שיפון וחיטה מלאה,,,לחם שיפון וחיטה מלאה,גרמים,750.00,100 גרם,false,,16.90,0.0225,true,1,35516
7290017440965,false,אל סבון ניקיון ולחות,,,אל סבון ניקיון ולחות,ליטרים,1.00,ליטר,false,,15.90,15.9000,true,1,29335
7290017457574,false,סוד סבון 4 כדוריות ל,,,סוד סבון 4 כדוריות ל,גרמים,150.00,100 גרם,false,,16.90,0.1127,true,1,34935
7290017457581,false,מרכך כביסה מרוכז סוד,,,מרכך כביסה מרוכז סוד,מיליליטרים,900.00,"100 מ""ל",false,,9.90,0.0110,true,1,34936
7290017457611,false,ג'ל כביסה ירוק סוד,,,ג'ל כביסה ירוק סוד,ליטרים,2.50,ליטר,false,,24.90,9.9600,true,1,71319
7290017457703,false,מרכך כביסה מרוכז סוד,,,מרכך כביסה מרוכז סוד,מיליליטרים,900.00,"100 מ""ל",false,,9.90,0.0110,true,1,34943
7290017457710,false,מרכך כביסה מרוכז סוד,,,מרכך כביסה מרוכז סוד,מיליליטרים,900.00,"100 מ""ל",false,,9.90,0.0110,true,1,34944
7290017457727,false,מרכך כביסה מרוכז סוד,,,מרכך כביסה מרוכז סוד,מיליליטרים,900.00,"100 מ""ל",false,,9.90,0.0110,true,1,34945
7290017457734,false,מרכך כביסה מרוכז סוד,,,מרכך כביסה מרוכז סוד,מיליליטרים,900.00,"100 מ""ל",false,,9.90,0.0110,true,1,34946
7290017457871,false,ג'ל כביסה סוד ירוק 4,,,ג'ל כביסה סוד ירוק 4,ליטרים,4.00,ליטר,false,,34.90,8.7250,true,1,71321
7290017457888,false,ג'ל כביסה סוד כחול 4,,,ג'ל כביסה סוד כחול 4,ליטרים,4.00,ליטר,false,,34.90,8.7250,true,1,71322
7290017457925,false,מרכך כביסה מרוכז סוד,,,מרכך כביסה מרוכז סוד,מיליליטרים,900.00,"100 מ""ל",false,,9.90,0.0110,true,1,106009
7290017457932,false,מרכך כביסה מרוכז סוד,,,מרכך כביסה מרוכז סוד,מיליליטרים,900.00,"100 מ""ל",false,,9.90,0.0110,true,1,105996
7290017477169,false,קשיו קלוי ששון הקולה,,,קשיו קלוי ששון הקולה,גרמים,250.00,100 גרם,false,,20.00,0.0800,true,1,4898
7290017513485,false,מחית עגבניות רוסטיקה,,,מחית עגבניות רוסטיקה,גרמים,680.00,100 גרם,false,,11.90,0.0175,true,1,24847
7290017513782,false,בייגלה מצופה שוקולד,,,בייגלה מצופה שוקולד,גרמים,140.00,100 גרם,false,,7.90,0.0564,true,1,97971
7290017513850,false,תה ירוק נענע בתוספת,,,תה ירוק נענע בתוספת,גרמים,37.50,100 גרם,false,,23.90,0.6373,true,1,102592
7290017617046,false,טונה בשמן זית סטארקי,,,טונה בשמן זית סטארקי,גרמים,560.00,100 גרם,false,,24.90,0.0445,true,1,26719
7290017617084,false,סטארקיסט מיקס 185 גר,,,סטארקיסט מיקס 185 גר,גרמים,185.00,100 גרם,false,,12.90,0.0697,true,1,294145
7290017618111,false,עוגיות מלבן שקדים עם,,,עוגיות מלבן שקדים עם,גרמים,180.00,100 גרם,false,,18.90,0.1050,true,1,24855
7290017619293,false,גומא מפיץ ריח אפור ז,,,גומא מפיץ ריח אפור ז,מיליליטרים,170.00,"100 מ""ל",false,,24.90,0.1465,true,1,211118
7290017619781,false,סלסלת קש לבן S,,,סלסלת קש לבן S,יחידה,0.00,יחידה,false,,39.90,0.0000,true,1,348044
7290017637532,false,שמפו BLOND לשיער בלו,,,שמפו BLOND לשיער בלו,מיליליטרים,500.00,"100 מ""ל",false,,39.90,0.0798,true,1,444710
7290017637563,false,שמפו CURLS לתלתלים מ,,,שמפו CURLS לתלתלים מ,מיליליטרים,500.00,"100 מ""ל",false,,24.90,0.0498,true,1,462596
7290017637655,false,שמפו KERATIN ללא מלח,,,שמפו KERATIN ללא מלח,מיליליטרים,500.00,"100 מ""ל",false,,29.90,0.0598,true,1,444740
7290017641096,false,שוקולד מריר מעולה קל,,,שוקולד מריר מעולה קל,גרמים,100.00,100 גרם,false,,9.90,0.0990,true,1,364806
7290017641997,false,שוקולד מריר מעולה עם,,,שוקולד מריר מעולה עם,גרמים,100.00,100 גרם,false,,9.90,0.0990,true,1,364807
7290017677804,false,קיקומן רוטב סויה ללא,,,קיקומן רוטב סויה ללא,מיליליטרים,444.00,"100 מ""ל",false,,19.90,0.0448,true,1,5347
7290017715407,false,זית שחור עם פלפל חרי,,,זית שחור עם פלפל חרי,גרמים,400.00,100 גרם,false,,14.90,0.0373,true,1,25222
7290017715735,false,זית סורי מבוקע תומר,,,זית סורי מבוקע תומר,גרמים,560.00,100 גרם,false,,9.90,0.0177,true,1,64259
7290017715834,false,זית נובו מבוקע ג.מאו,,,זית נובו מבוקע ג.מאו,גרמים,560.00,100 גרם,false,,10.90,0.0195,true,1,64263
7290017724058,false,עוגיות מעדן תמר אגוז,,,עוגיות מעדן תמר אגוז,גרמים,250.00,100 גרם,false,,23.90,0.0956,true,1,331876
7290017724119,false,עוגיות אוזניים אקלר,,,עוגיות אוזניים אקלר,גרמים,200.00,100 גרם,false,,23.90,0.1195,true,1,331966
7290017724157,false,"עוגיות מעדן תפו""ע וא",,,"עוגיות מעדן תפו""ע וא",גרמים,250.00,100 גרם,false,,23.90,0.0956,true,1,331986
7290017724171,false,עוגיות סנדוויץ ריבה,,,עוגיות סנדוויץ ריבה,גרמים,250.00,100 גרם,false,,23.90,0.0956,true,1,331968
7290017724201,false,"עוגיות ואן גוך לל""תס",,,"עוגיות ואן גוך לל""תס",גרמים,200.00,100 גרם,false,,23.90,0.1195,true,1,331987
7290017724256,false,"עוגיות שומשומית לל""ת",,,"עוגיות שומשומית לל""ת",גרמים,200.00,100 גרם,false,,23.90,0.1195,true,1,331989
7290017724270,false,עוגיות אשכול בריאות,,,עוגיות אשכול בריאות,גרמים,200.00,100 גרם,false,,23.90,0.1195,true,1,331990
7290017812052,false,אקסלנס שיראז קברנה ס,,,אקסלנס שיראז קברנה ס,מיליליטרים,750.00,"100 מ""ל",false,,25.90,0.0345,true,1,641
7290017812380,false,תירוש מיץ ענבים אדום,,,תירוש מיץ ענבים אדום,מיליליטרים,750.00,"100 מ""ל",false,,12.90,0.0172,true,1,649
7290017812571,false,תירוש מיץ ענבים אדום,,,תירוש מיץ ענבים אדום,ליטרים,1.00,ליטר,false,,19.90,19.9000,true,1,52310
7290017812588,false,תירוש מיץ ענבים לבן,,,תירוש מיץ ענבים לבן,ליטרים,1.00,ליטר,false,,19.90,19.9000,true,1,52311
7290017812618,false,מיץ ענבים רוזה תירוש,,,מיץ ענבים רוזה תירוש,ליטרים,1.00,ליטר,false,,19.90,19.9000,true,1,67459
7290017812861,false,יין וינו לבן יבש יקב,,,יין וינו לבן יבש יקב,מיליליטרים,750.00,"100 מ""ל",false,,21.90,0.0292,true,1,191958
7290017812878,false,יין רוזה אקסלנס יקבי,,,יין רוזה אקסלנס יקבי,מיליליטרים,750.00,"100 מ""ל",false,,25.90,0.0345,true,1,191944
7290017816012,false,קרם קרקר מקור הכוסמי,,,קרם קרקר מקור הכוסמי,גרמים,250.00,100 גרם,false,,14.90,0.0596,true,1,306938
7290017816128,false,קרקר מקור הכוסמין 22,,,קרקר מקור הכוסמין 22,גרמים,220.00,100 גרם,false,,14.90,0.0677,true,1,306967
7290017871363,true,סבון ידיים מועשר בשמ,,,סבון ידיים מועשר בשמ,מיליליטרים,500.00,"100 מ""ל",false,,9.90,0.0198,true,1,6054
7290017871370,true,סבון ידיים מועשר בשמ,,,סבון ידיים מועשר בשמ,מיליליטרים,500.00,"100 מ""ל",false,,9.90,0.0198,true,1,6055
7290017872049,false,פמלי אל סבון שלישייה,,,פמלי אל סבון שלישייה,ליטרים,1.50,ליטר,false,,14.90,9.9333,true,1,74678
7290017872056,false,פמלי אל סבון סידרה ל,,,פמלי אל סבון סידרה ל,מיליליטרים,500.00,"100 מ""ל",false,,14.90,0.0298,true,1,74679
7290017872957,false,מכשיר גילוח אדג'+ 3,,,מכשיר גילוח אדג'+ 3,יחידה,0.00,יחידה,false,,54.90,0.0000,true,1,455234
7290017873008,false,גלילונית שקיות רב שי,,,גלילונית שקיות רב שי,יחידה,0.00,יחידה,false,,11.90,0.0000,true,1,259882
7290017873039,false,גלילונית שקיות אוכל,,,גלילונית שקיות אוכל,יחידה,0.00,יחידה,false,,10.90,0.0000,true,1,259896
7290017873169,false,תחליב רחצה לטיפוח עו,,,תחליב רחצה לטיפוח עו,מיליליטרים,500.00,"100 מ""ל",false,,9.90,0.0198,true,1,389498
7290017873176,false,תחליב רחצה לטיפוח עו,,,תחליב רחצה לטיפוח עו,מיליליטרים,500.00,"100 מ""ל",false,,9.90,0.0198,true,1,389499
7290017888019,false,פרוט & וג' תפוח רימו,,,פרוט & וג' תפוח רימו,מיליליטרים,330.00,"100 מ""ל",false,,7.90,0.0239,true,1,11768
7290017888026,false,פרוט & וג' אננס תפוח,,,פרוט & וג' אננס תפוח,מיליליטרים,330.00,"100 מ""ל",false,,7.90,0.0239,true,1,11769
7290017888095,false,רביעיית מ.עדין שוופס,,,רביעיית מ.עדין שוופס,ליטרים,1.32,ליטר,false,,9.90,7.5000,true,1,11773
7290017888101,false,רביעיית מ.עדין שוופס,,,רביעיית מ.עדין שוופס,ליטרים,1.32,ליטר,false,,9.90,7.5000,true,1,11774
7290017888644,false,פרוט & וג' אננס בננה,,,פרוט & וג' אננס בננה,גרמים,330.00,100 גרם,false,,7.90,0.0239,true,1,58417
7290017888729,false,שוופס סודה 1 ליטר,,,שוופס סודה 1 ליטר,ליטרים,1.00,ליטר,false,,4.50,4.5000,true,1,68945
7290017888910,false,משקה לימונענע Move ת,,,משקה לימונענע Move ת,מיליליטרים,500.00,"100 מ""ל",false,,5.40,0.0108,true,1,152961
7290017894058,false,דגש - תערובת להכנת ל,,,דגש - תערובת להכנת ל,גרמים,500.00,100 גרם,false,,15.90,0.0318,true,1,109258
7290017894065,false,דגש - תערובת רב תכלי,,,דגש - תערובת רב תכלי,גרמים,500.00,100 גרם,false,,15.90,0.0318,true,1,109259
7290017917566,false,שמפו סילבר ללא מלחים,,,שמפו סילבר ללא מלחים,מיליליטרים,400.00,"100 מ""ל",false,,39.90,0.0997,true,1,119735
7290017928036,false,מקלות גריסיני שומשום,,,מקלות גריסיני שומשום,גרמים,175.00,100 גרם,false,,11.90,0.0680,true,1,5348
7290017928098,false,בייגלה שטוח מלח מאיר,,,בייגלה שטוח מלח מאיר,גרמים,330.00,100 גרם,false,,11.90,0.0361,true,1,221263
7290017928463,false,שברי בייגלה דבש חרדל,,,שברי בייגלה דבש חרדל,גרמים,300.00,100 גרם,false,,12.90,0.0430,true,1,126860
7290017928616,false,שטוחלה שומשום מאיר ב,,,שטוחלה שומשום מאיר ב,גרמים,300.00,100 גרם,false,,11.90,0.0397,true,1,5360
7290017928722,false,בייגלה שטוח ניגובים,,,בייגלה שטוח ניגובים,גרמים,300.00,100 גרם,false,,11.90,0.0397,true,1,227681
7290017928746,false,פירורי בייגלה מאיר ב,,,פירורי בייגלה מאיר ב,גרמים,200.00,100 גרם,false,,6.90,0.0345,true,1,366550
7290017928807,false,אצבעות שומשום מאיר ב,,,אצבעות שומשום מאיר ב,גרמים,300.00,100 גרם,false,,11.90,0.0397,true,1,5363
7290017928821,false,מקלות גריסיני קלאסי,,,מקלות גריסיני קלאסי,גרמים,200.00,100 גרם,false,,11.90,0.0595,true,1,5365
7290017932088,false,גאלה תחתית אפויה לפא,,,גאלה תחתית אפויה לפא,גרמים,170.00,100 גרם,false,,11.90,0.0700,true,1,161634
7290017941196,false,סכינים עבות 100 יח',,,סכינים עבות 100 יח',יחידה,0.00,יחידה,false,,11.90,0.0000,true,1,138939
7290017941264,false,מזלגות 40 יח' עבה במ,,,מזלגות 40 יח' עבה במ,יחידה,0.00,יחידה,false,,7.90,0.0000,true,1,134089
7290017941288,false,נר נשמה 24 שעות,,,נר נשמה 24 שעות,יחידה,0.00,יחידה,false,,1.90,0.0000,true,1,185272
7290017941349,false,נרונים 72 יח' 4 שעות,,,נרונים 72 יח' 4 שעות,יחידה,0.00,יחידה,false,,21.90,0.0000,true,1,200679
7290017941363,false,להבונים 50 יח' 4 שעו,,,להבונים 50 יח' 4 שעו,יחידה,0.00,יחידה,false,,10.90,0.0000,true,1,200681
7290017941370,false,להבונים 50 יח' 3 שעו,,,להבונים 50 יח' 3 שעו,יחידה,0.00,יחידה,false,,9.90,0.0000,true,1,185315
7290017941400,false,כוסות 4OZ אספרסו 50,,,כוסות 4OZ אספרסו 50,יחידה,0.00,יחידה,false,,9.90,0.0000,true,1,169787
7290017941455,false,כוסות 9oz לשתיה חמה,,,כוסות 9oz לשתיה חמה,יחידה,0.00,יחידה,false,,14.90,0.0000,true,1,152511
7290017941462,false,כוסות שתיה חמה 8B י,,,כוסות שתיה חמה 8B י,יחידה,0.00,יחידה,false,,9.90,0.0000,true,1,142415
7290017941493,false,שקיות פס סגור 25 יח',,,שקיות פס סגור 25 יח',יחידה,0.00,יחידה,false,,7.90,0.0000,true,1,164426
7290017941523,false,שקיות זיפר L לאחסון-,,,שקיות זיפר L לאחסון-,יחידה,0.00,יחידה,false,,7.90,0.0000,true,1,164442
7290017941530,false,כוסות TO-GO לשתייה ח,,,כוסות TO-GO לשתייה ח,יחידה,0.00,יחידה,false,,12.90,0.0000,true,1,152247
7290017941684,false,מארז תבניות רוסטר ענ,,,מארז תבניות רוסטר ענ,יחידה,0.00,יחידה,false,,12.90,0.0000,true,1,133418
7290017941691,false,מפת שולחן מהודרת 270,,,מפת שולחן מהודרת 270,יחידה,0.00,יחידה,false,,8.90,0.0000,true,1,185330
7290017941790,false,ניילון נצמד 30*30 עם,,,ניילון נצמד 30*30 עם,מטרים,30.00,מטר,false,,8.90,0.2967,true,1,185316
7290017941844,false,מגש איכותי מרובע 12*,,,מגש איכותי מרובע 12*,יחידה,0.00,יחידה,false,,14.90,0.0000,true,1,124691
7290017941899,false,קערת פלסטיק עגולה ענ,,,קערת פלסטיק עגולה ענ,יחידה,0.00,יחידה,false,,9.90,0.0000,true,1,124709
7290017941905,false,קיסמים במלחיה 300 יח,,,קיסמים במלחיה 300 יח,יחידה,0.00,יחידה,false,,2.90,0.0000,true,1,136522
7290017941929,false,"שיפודי יקטורי 18 ס""מ",,,"שיפודי יקטורי 18 ס""מ",יחידה,0.00,יחידה,false,,7.90,0.0000,true,1,136539
7290017941943,false,שיפודי במבוק עובי 3,,,שיפודי במבוק עובי 3,יחידה,0.00,יחידה,false,,2.90,0.0000,true,1,136524
7290017941967,false,שקיות אוכל XL 300 י,,,שקיות אוכל XL 300 י,יחידה,0.00,יחידה,false,,8.90,0.0000,true,1,173967
7290017941998,false,שיפודים רחבים לקבב 9,,,שיפודים רחבים לקבב 9,יחידה,0.00,יחידה,false,,5.90,0.0000,true,1,136540
7290017946542,false,סוד מרכך כביסה מרוכ,,,סוד מרכך כביסה מרוכ,ליטרים,1.80,ליטר,false,,19.90,11.0556,true,1,93402
7290017947105,false,לחם בסגנון אמריקה אנ,,,לחם בסגנון אמריקה אנ,גרמים,500.00,100 גרם,false,,14.90,0.0298,true,1,35517
7290017947464,false,שמיניית פיתות כוסמין,,,שמיניית פיתות כוסמין,גרמים,400.00,100 גרם,false,,15.90,0.0398,true,1,95621
7290017947495,false,6 לחמניות כוסמין אנג,,,6 לחמניות כוסמין אנג,גרמים,450.00,100 גרם,false,,15.90,0.0353,true,1,112424
7290017947891,false,לחם כוסמין וחיטה מלא,,,לחם כוסמין וחיטה מלא,גרמים,750.00,100 גרם,false,,16.90,0.0225,true,1,35518
7290017947921,true,מארז לחמניות המבורגר,,,מארז לחמניות המבורגר,גרמים,450.00,100 גרם,false,,14.90,0.0331,true,1,70861
7290017947938,false,8 לחמניות המבורגר בס,,,8 לחמניות המבורגר בס,גרמים,4000.00,100 גרם,false,,14.90,0.0037,true,1,112992
7290017974255,false,קרפלך במילוי גבינה מ,,,קרפלך במילוי גבינה מ,יח',1.00,יח',false,,25.90,25.9000,true,1,536084
7290017974873,false,כיסונים למרק במילוי,,,כיסונים למרק במילוי,יח',1.00,יח',false,,29.90,29.9000,true,1,535747
7290018043196,false,חטיף חלבון בטעם שוקו,,,חטיף חלבון בטעם שוקו,גרמים,60.00,100 גרם,false,,13.90,0.2317,true,1,490198
7290018045695,false,דגנים במילוי קרם קרמ,,,דגנים במילוי קרם קרמ,גרמים,480.00,100 גרם,false,,23.90,0.0498,true,1,301851
7290018045893,false,דגנים במילוי קרם נוג,,,דגנים במילוי קרם נוג,גרמים,480.00,100 גרם,false,,23.90,0.0498,true,1,301852
7290018091074,false,בצק עוגיות שוקולד צ',,,בצק עוגיות שוקולד צ',גרמים,300.00,100 גרם,false,,16.90,0.0563,true,1,416503
7290018091272,false,בצק עוגיות טריפל שוק,,,בצק עוגיות טריפל שוק,גרמים,300.00,100 גרם,false,,16.90,0.0563,true,1,416488
7290018098578,false,המבורגר 230 גרם BEEF,,,המבורגר 230 גרם BEEF,גרמים,230.00,100 גרם,false,,21.90,0.0952,true,1,494764
7290018127452,false,פתי בר ללא גלוטן כשל,,,פתי בר ללא גלוטן כשל,גרמים,200.00,100 גרם,false,,11.90,0.0595,true,1,126847
7290018131756,false,נסטלה וניל מצופה תות,,,נסטלה וניל מצופה תות,גרמים,440.00,100 גרם,false,,30.90,0.0702,true,1,131829
7290018131879,false,אקסטרים מאגדת טילון,,,אקסטרים מאגדת טילון,גרמים,432.00,100 גרם,false,,36.90,0.0854,true,1,159039
7290018131954,false,לה פרוטה מאגדת בטעם,,,לה פרוטה מאגדת בטעם,גרמים,350.00,100 גרם,false,,30.90,0.0883,true,1,131816
7290018132388,false,מטרנה גולד בדץ שלב 2,,,מטרנה גולד בדץ שלב 2,גרמים,700.00,100 גרם,false,,75.90,0.1084,true,1,524623
7290018156094,false,מרכך אקטיב סרקל 450,,,מרכך אקטיב סרקל 450,גרמים,450.00,100 גרם,false,,34.90,0.0776,true,1,119507
7290018156124,false,"אל סבון קמיל 500 מ""ל",,,"אל סבון קמיל 500 מ""ל",ליטרים,1.50,ליטר,false,,19.90,13.2667,true,1,119654
7290018156483,false,"שמפו קיץ סרקל 750 מ""",,,"שמפו קיץ סרקל 750 מ""",מיליליטרים,750.00,"100 מ""ל",false,,28.90,0.0385,true,1,404638
7290018194065,false,אורז בסמטי 1 קילו PR,,,אורז בסמטי 1 קילו PR,קילוגרמים,1.00,"ק""ג",false,,9.90,9.9000,true,1,541659
7290018213247,false,מטליות לרצפה בניחוח,,,מטליות לרצפה בניחוח,יח',10.00,יח',false,,8.90,0.8900,true,1,74078
7290018213339,false,מארז 4 כריות יפניות+,,,מארז 4 כריות יפניות+,יחידה,0.00,יחידה,false,,11.90,0.0000,true,1,537918
7290018225134,false,"מערבל יד חשמלי "" פל",,,"מערבל יד חשמלי "" פל",יחידה,0.00,יחידה,false,,60.90,0.0000,true,1,138011
7290018236635,false,צ'ונגו פופקורן מצופה,,,צ'ונגו פופקורן מצופה,גרמים,600.00,100 גרם,false,,30.90,0.0515,true,1,118818
7290018237281,false,נקניק סלמי ירדן עוף,,,נקניק סלמי ירדן עוף,גרמים,550.00,100 גרם,false,,21.90,0.0398,true,1,216700
7290018237373,false,פסטרמה צרובה על הגרי,,,פסטרמה צרובה על הגרי,גרמים,300.00,100 גרם,false,,27.90,0.0930,true,1,184009
7290018237410,false,פסטרמה במעשנה נתח של,,,פסטרמה במעשנה נתח של,גרמים,300.00,100 גרם,false,,27.90,0.0930,true,1,184011
7290018237489,false,עוף טוב דק דק פסטרמה,,,עוף טוב דק דק פסטרמה,גרמים,220.00,100 גרם,false,,21.90,0.0995,true,1,274044
7290018237502,false,עוף טוב דק דק כתף בק,,,עוף טוב דק דק כתף בק,גרמים,200.00,100 גרם,false,,20.90,0.1045,true,1,274098
7290018237922,false,שניצלונים ציפוי ציפס,,,שניצלונים ציפוי ציפס,גרמים,700.00,100 גרם,false,,19.90,0.0284,true,1,518844
7290018237939,false,שניצלונים ציפוי שומש,,,שניצלונים ציפוי שומש,גרמים,700.00,100 גרם,false,,19.90,0.0284,true,1,518859
7290018237960,false,כתף בקר עסיסי עוף טו,,,כתף בקר עסיסי עוף טו,גרמים,265.00,100 גרם,false,,24.90,0.0940,true,1,545283
7290018249123,false,כמו סוכר אינסטנט פוד,,,כמו סוכר אינסטנט פוד,גרמים,50.00,100 גרם,false,,11.90,0.2380,true,1,78811
7290018294208,false,יין אדום ישראלי סלקט,,,יין אדום ישראלי סלקט,מיליליטרים,750.00,"100 מ""ל",false,,29.90,0.0399,true,1,200307
7290018294383,false,יין פינו גרי הסדרה ה,,,יין פינו גרי הסדרה ה,מיליליטרים,750.00,"100 מ""ל",false,,59.90,0.0799,true,1,372059
7290018294901,false,יין מונלייט אדום יבש,,,יין מונלייט אדום יבש,מיליליטרים,750.00,"100 מ""ל",false,,34.90,0.0465,true,1,523667
7290018344101,false,חטיף חלבון קקאו וקפה,,,חטיף חלבון קקאו וקפה,גרמים,50.00,100 גרם,false,,9.90,0.1980,true,1,228731
7290018359112,false,פאסאטה מחית עגבניות,,,פאסאטה מחית עגבניות,גרמים,690.00,100 גרם,false,,8.90,0.0129,true,1,131671
7290018359129,false,פאסאטה מחית עגבניות,,,פאסאטה מחית עגבניות,גרמים,690.00,100 גרם,false,,8.90,0.0129,true,1,131672
7290018359495,false,תירס מהשדה בלי תוספת,,,תירס מהשדה בלי תוספת,גרמים,550.00,100 גרם,false,,8.90,0.0162,true,1,100984
7290018359686,false,חומוס ענק יכין 550 ג,,,חומוס ענק יכין 550 ג,גרמים,550.00,100 גרם,false,,9.90,0.0180,true,1,205894
7290018359716,false,רוטב פיצה טוסקנה יכי,,,רוטב פיצה טוסקנה יכי,גרמים,240.00,100 גרם,false,,5.50,0.0229,true,1,143004
7290018359860,false,רסק עגבניות ליקופן י,,,רסק עגבניות ליקופן י,גרמים,400.00,100 גרם,false,,10.00,0.0250,true,1,312925
7290018359877,false,רסק עגבניות טבעי יכי,,,רסק עגבניות טבעי יכי,גרמים,600.00,100 גרם,false,,15.90,0.0265,true,1,312939
7290018359938,false,רוטב עגבניות לשקשוקה,,,רוטב עגבניות לשקשוקה,גרמים,400.00,100 גרם,false,,11.90,0.0298,true,1,506479
7290018359952,false,רוטב עגבניות לפסטה י,,,רוטב עגבניות לפסטה י,גרמים,400.00,100 גרם,false,,11.90,0.0298,true,1,506481
7290018400234,false,חומוס לחומוס סנפרוסט,,,חומוס לחומוס סנפרוסט,גרמים,800.00,100 גרם,false,,16.90,0.0211,true,1,134578
7290018440230,false,חווית הצ'אי- ורדים 2,,,חווית הצ'אי- ורדים 2,גרמים,50.00,100 גרם,false,,19.90,0.3980,true,1,236271
7290018440254,false,חווית הצ'אי- קרמל מל,,,חווית הצ'אי- קרמל מל,גרמים,50.00,100 גרם,false,,19.90,0.3980,true,1,236286
7290018440391,false,תה ירוק מאטה נענע ו,,,תה ירוק מאטה נענע ו,גרמים,37.50,100 גרם,false,,23.90,0.6373,true,1,245945
7290018440438,false,טונה easy flip בשמן,,,טונה easy flip בשמן,גרמים,195.00,100 גרם,false,,25.90,0.1328,true,1,526195
7290018440445,false,נתחי טונה בהירה בשמן,,,נתחי טונה בהירה בשמן,גרמים,160.00,100 גרם,false,,16.90,0.1056,true,1,487690
7290018440476,false,חטיף בייגלה אפוי בצי,,,חטיף בייגלה אפוי בצי,גרמים,140.00,100 גרם,false,,7.90,0.0564,true,1,172165
7290018468425,false,נקניק טבעוני בטעם מע,,,נקניק טבעוני בטעם מע,גרמים,100.00,100 גרם,false,,15.90,0.1590,true,1,565801
7290018471029,false,שוופס סודה לימון שיש,,,שוופס סודה לימון שיש,ליטרים,3.00,ליטר,false,,13.90,4.6333,true,1,105866
7290018471210,false,קרטונית אגס תפוח וסב,,,קרטונית אגס תפוח וסב,ליטרים,1.00,ליטר,false,,6.90,6.9000,true,1,139935
7290018471470,false,נקטר תפוזינה ENJOY ב,,,נקטר תפוזינה ENJOY ב,ליטרים,1.00,ליטר,false,,6.90,6.9000,true,1,158587
7290018471487,false,נקטר תפוזינה ENJOY ב,,,נקטר תפוזינה ENJOY ב,ליטרים,1.00,ליטר,false,,6.90,6.9000,true,1,158588
7290018471494,false,נקטר תפוזינה ENJOY ב,,,נקטר תפוזינה ENJOY ב,ליטרים,1.00,ליטר,false,,6.90,6.9000,true,1,158589
7290018471715,false,משקה אלוורה קינג בטע,,,משקה אלוורה קינג בטע,ליטרים,1.00,ליטר,false,,10.90,10.9000,true,1,175705
7290018471722,false,משקה אלוורה קינג בטע,,,משקה אלוורה קינג בטע,ליטרים,1.00,ליטר,false,,10.90,10.9000,true,1,175706
7290018471906,false,שוופס מוגז לימונדה ו,,,שוופס מוגז לימונדה ו,ליטרים,1.50,ליטר,false,,9.50,6.3333,true,1,244905
7290018471913,false,שוופס פרוטס תפוחים 1,,,שוופס פרוטס תפוחים 1,ליטרים,1.50,ליטר,false,,9.50,6.3333,true,1,244906
7290018471920,false,שוופס ענבים מוגז 1.5,,,שוופס ענבים מוגז 1.5,ליטרים,1.50,ליטר,false,,9.50,6.3333,true,1,244920
7290018471937,false,שוופס מוגז פירות תות,,,שוופס מוגז פירות תות,ליטרים,1.50,ליטר,false,,9.50,6.3333,true,1,244921
7290018471944,false,שוופס מוגז למונייד 1,,,שוופס מוגז למונייד 1,ליטרים,1.50,ליטר,false,,9.50,6.3333,true,1,244935
7290018471951,false,שוופס פרוטס אשכולית,,,שוופס פרוטס אשכולית,ליטרים,1.50,ליטר,false,,9.50,6.3333,true,1,244949
7290018493069,false,קרם ידיים אפקטיב קר,,,קרם ידיים אפקטיב קר,מיליליטרים,100.00,"100 מ""ל",false,,15.90,0.1590,true,1,446817
7290018493144,false,אל סבון ארגאן סגול,,,אל סבון ארגאן סגול,ליטרים,1.00,ליטר,false,,15.90,15.9000,true,1,125610
7290018500361,false,לחם אחיד פרוס מאפיית,,,לחם אחיד פרוס מאפיית,גרמים,900.00,100 גרם,false,,8.32,0.0092,true,1,514192
7290018500385,true,חלה רגילה אנגל 650 ג,,,חלה רגילה אנגל 650 ג,גרמים,650.00,100 גרם,false,,6.50,0.0100,true,1,548673
7290018500392,true,חלה קלועה אנגל 650 ג,,,חלה קלועה אנגל 650 ג,גרמים,650.00,100 גרם,false,,6.50,0.0100,true,1,548657
7290018540329,false,פיתה פיתה אנגל 880 ג,,,פיתה פיתה אנגל 880 ג,יח',10.00,יח',false,,12.90,1.2900,true,1,129572
7290018540817,false,לחם ארטיזנל כוסמין א,,,לחם ארטיזנל כוסמין א,גרמים,500.00,100 גרם,false,,18.90,0.0378,true,1,386726
7290018540831,false,לחם מחמצת חיטה מלאה,,,לחם מחמצת חיטה מלאה,גרמים,500.00,100 גרם,false,,18.90,0.0378,true,1,387729
7290018556467,false,ארק בן חיים פסיפלורה,,,ארק בן חיים פסיפלורה,מיליליטרים,700.00,"100 מ""ל",false,,39.90,0.0570,true,1,305426
7290018564684,false,ממרח פסטו בזיליקום ו,,,ממרח פסטו בזיליקום ו,גרמים,200.00,100 גרם,false,,11.90,0.0595,true,1,367528
7290018564721,false,ממרח אריסה שף הטבע 2,,,ממרח אריסה שף הטבע 2,גרמים,200.00,100 גרם,false,,11.90,0.0595,true,1,367532
7290018571064,false,מקלוני טופי מיה 450,,,מקלוני טופי מיה 450,גרמים,450.00,100 גרם,false,,14.90,0.0331,true,1,135906
7290018571644,false,סוכריות קוסמטיקה מבו,,,סוכריות קוסמטיקה מבו,גרמים,210.00,100 גרם,false,,39.90,0.1900,true,1,562161
7290018571699,false,קמח שקדים מיה 250 גר,,,קמח שקדים מיה 250 גר,גרמים,250.00,100 גרם,false,,25.90,0.1036,true,1,402227
7290018571705,false,"אורז יסמין 1 ק""ג",,,"אורז יסמין 1 ק""ג",קילוגרמים,1.00,"ק""ג",false,,11.90,11.9000,true,1,494646
7290018571729,false,אורז ריזווטו עגול 1,,,אורז ריזווטו עגול 1,קילוגרמים,1.00,"ק""ג",false,,9.90,9.9000,true,1,494676
7290018571743,false,"אורז מלא 1 ק""ג",,,"אורז מלא 1 ק""ג",קילוגרמים,1.00,"ק""ג",false,,9.90,9.9000,true,1,494677
7290018626078,false,"צלחות קטנות ""7 שקוף",,,"צלחות קטנות ""7 שקוף",יחידה,0.00,יחידה,false,,10.90,0.0000,true,1,133432
7290018626085,false,לפתניות 4.5 שקוף 50,,,לפתניות 4.5 שקוף 50,יחידה,0.00,יחידה,false,,8.90,0.0000,true,1,133447
7290018626108,false,קערות אובליות שקוף 5,,,קערות אובליות שקוף 5,יחידה,0.00,יחידה,false,,10.90,0.0000,true,1,133448
7290018626214,false,קינוחית אישית פאי +,,,קינוחית אישית פאי +,יחידה,0.00,יחידה,false,,12.50,0.0000,true,1,139428
7290018626269,false,תבנית מהודרת אינגליש,,,תבנית מהודרת אינגליש,יחידה,0.00,יחידה,false,,11.90,0.0000,true,1,140108
7290018626283,false,פיצה מרגריטה 350 גרם,,,פיצה מרגריטה 350 גרם,גרמים,350.00,100 גרם,false,,11.90,0.0340,true,1,191538
7290018626290,false,פיצה מרגריטה עגבניות,,,פיצה מרגריטה עגבניות,גרמים,420.00,100 גרם,false,,11.90,0.0283,true,1,197409
7290018626306,false,פיצה מרגריטה פיטריות,,,פיצה מרגריטה פיטריות,גרמים,400.00,100 גרם,false,,11.90,0.0298,true,1,197410
7290018626375,false,צלחות וינטג' קטנות 1,,,צלחות וינטג' קטנות 1,יחידה,0.00,יחידה,false,,12.90,0.0000,true,1,147348
7290018626429,false,צלחות וינטג' קטנות 1,,,צלחות וינטג' קטנות 1,יחידה,0.00,יחידה,false,,12.90,0.0000,true,1,147349
7290018626443,false,אובלים וינטג' 10 יח',,,אובלים וינטג' 10 יח',יחידה,0.00,יחידה,false,,9.90,0.0000,true,1,148863
7290018626504,false,שקיות L שרוך 80 יח',,,שקיות L שרוך 80 יח',יחידה,0.00,יחידה,false,,22.90,0.0000,true,1,140914
7290018626511,false,שקיות L שרוך 50 יח',,,שקיות L שרוך 50 יח',יחידה,0.00,יחידה,false,,14.90,0.0000,true,1,140915
7290018626528,false,ניילון נצמד 30*150 ע,,,ניילון נצמד 30*150 ע,מטרים,150.00,מטר,false,,18.90,0.1260,true,1,160970
7290018626535,false,שקיות נייר לכריכים 5,,,שקיות נייר לכריכים 5,יחידה,0.00,יחידה,false,,7.90,0.0000,true,1,147403
7290018626542,false,שקיות אשפה לפחים גדו,,,שקיות אשפה לפחים גדו,יחידה,0.00,יחידה,false,,12.90,0.0000,true,1,166733
7290018626597,false,צימרונים לאוזנים איכ,,,צימרונים לאוזנים איכ,יחידה,0.00,יחידה,false,,4.90,0.0000,true,1,192513
7290018626610,false,צימרונים לאוזנים מאר,,,צימרונים לאוזנים מאר,יחידה,0.00,יחידה,false,,9.90,0.0000,true,1,192528
7290018626658,false,מארז תבניות רוסטר שט,,,מארז תבניות רוסטר שט,יחידה,0.00,יחידה,false,,14.90,0.0000,true,1,298197
7290018626702,false,מארז צלחות 12+12 מא,,,מארז צלחות 12+12 מא,יחידה,0.00,יחידה,false,,49.90,0.0000,true,1,221987
7290018626856,false,כוסות ליקר 50 יח' WI,,,כוסות ליקר 50 יח' WI,יחידה,0.00,יחידה,false,,8.90,0.0000,true,1,223024
7290018626887,false,כוסות P.P יהלום שוחר,,,כוסות P.P יהלום שוחר,יחידה,0.00,יחידה,false,,9.90,0.0000,true,1,192580
7290018626894,false,כוסות P.P יהלום כסף,,,כוסות P.P יהלום כסף,יחידה,0.00,יחידה,false,,9.90,0.0000,true,1,192581
7290018626917,false,מפיות תלת שכבתיות 20,,,מפיות תלת שכבתיות 20,יחידה,0.00,יחידה,false,,4.90,0.0000,true,1,215522
7290018626924,false,מפיות תלת שכבתיות 20,,,מפיות תלת שכבתיות 20,יחידה,0.00,יחידה,false,,4.90,0.0000,true,1,215523
7290018626955,false,מפיות תלת שכבתיות 20,,,מפיות תלת שכבתיות 20,יחידה,0.00,יחידה,false,,4.90,0.0000,true,1,215538
7290018652671,false,גלידת שוקו וניל מופח,,,גלידת שוקו וניל מופח,גרמים,0.00,100 גרם,false,,22.90,0.0000,true,1,347648
7290018652688,false,גלידת בטעמי פירות טר,,,גלידת בטעמי פירות טר,ליטרים,1.40,100 ליטר,false,,22.90,16.3571,true,1,347633
7290018652886,false,מאגדת שוקו בננה 8 יח,,,מאגדת שוקו בננה 8 יח,גרמים,476.00,100 גרם,false,,28.90,0.0607,true,1,355017
7290018652909,false,מאגדת שלגונים אספרסו,,,מאגדת שלגונים אספרסו,גרמים,225.00,100 גרם,false,,29.90,0.1329,true,1,445024
7290018652923,false,מאגדת מסקרפונה תות *,,,מאגדת מסקרפונה תות *,גרמים,225.00,100 גרם,false,,29.90,0.1329,true,1,445054
7290018703311,false,חטיף חלבון בטעם קרם,,,חטיף חלבון בטעם קרם,גרמים,60.00,100 גרם,false,,13.90,0.2317,true,1,395879
7290018720011,false,מעדני המלך קרנבל חיו,,,מעדני המלך קרנבל חיו,גרמים,250.00,100 גרם,false,,5.90,0.0236,true,1,143880
7290018720028,false,מעדני המלך אותיות 25,,,מעדני המלך אותיות 25,גרמים,250.00,100 גרם,false,,5.90,0.0236,true,1,143881
7290018720103,false,אפיפיות בטעם שוקו לל,,,אפיפיות בטעם שוקו לל,גרמים,250.00,100 גרם,false,,6.90,0.0276,true,1,236313
7290018720110,false,עוגיות ממולאות בקרם,,,עוגיות ממולאות בקרם,גרמים,150.00,100 גרם,false,,6.90,0.0460,true,1,228841
7290018720226,false,פיצפוצי אורז עם סוכר,,,פיצפוצי אורז עם סוכר,גרמים,250.00,100 גרם,false,,12.90,0.0516,true,1,532940
7290018773316,false,בזיליקום 100 גרם,,,בזיליקום 100 גרם,גרמים,100.00,100 גרם,false,,9.90,0.0990,true,1,241926
7290018835029,false,מרק בטעם עוף פרווה ת,,,מרק בטעם עוף פרווה ת,גרמים,400.00,100 גרם,false,,15.90,0.0398,true,1,532906
7290018886120,false,מפיות תלת שכבתיות 20,,,מפיות תלת שכבתיות 20,יחידה,0.00,יחידה,false,,4.90,0.0000,true,1,215558
7290018886137,false,מפיות תלת שכבתיות 20,,,מפיות תלת שכבתיות 20,יחידה,0.00,יחידה,false,,4.90,0.0000,true,1,215572
7290018886151,false,מפיות תלת שכבתיות 20,,,מפיות תלת שכבתיות 20,יחידה,0.00,יחידה,false,,4.90,0.0000,true,1,215574
7290018886175,false,כפיות עבות 50 יח' ש,,,כפיות עבות 50 יח' ש,יחידה,0.00,יחידה,false,,9.90,0.0000,true,1,192542
7290018886182,false,כפיות עבות 50 יח' ק,,,כפיות עבות 50 יח' ק,יחידה,0.00,יחידה,false,,9.90,0.0000,true,1,192543
7290018886212,false,מזלגות עבות 50 יח',,,מזלגות עבות 50 יח',יחידה,0.00,יחידה,false,,9.90,0.0000,true,1,192546
7290018886229,false,מזלגות עבות 50 יח',,,מזלגות עבות 50 יח',יחידה,0.00,יחידה,false,,9.90,0.0000,true,1,192547
7290018886236,false,כפות עבות 50 יח' שק,,,כפות עבות 50 יח' שק,יחידה,0.00,יחידה,false,,9.90,0.0000,true,1,192548
7290018886243,false,כפות עבות 50 יח' קר,,,כפות עבות 50 יח' קר,יחידה,0.00,יחידה,false,,9.90,0.0000,true,1,192549
7290018886250,false,מגש איכותי מחולק ל 4,,,מגש איכותי מחולק ל 4,יחידה,0.00,יחידה,false,,8.90,0.0000,true,1,289423
7290018886304,false,פת דגנים סגנון שוודי,,,פת דגנים סגנון שוודי,גרמים,340.00,100 גרם,false,,11.90,0.0350,true,1,221488
7290018886311,false,פת דגנים סגנון שוודי,,,פת דגנים סגנון שוודי,גרמים,170.00,100 גרם,false,,7.90,0.0465,true,1,221459
7290018886328,false,פת דגנים שיפון 340 ג,,,פת דגנים שיפון 340 ג,גרמים,340.00,100 גרם,false,,11.90,0.0350,true,1,224232
7290018886342,false,פת דגנים 7 דגנים 340,,,פת דגנים 7 דגנים 340,גרמים,340.00,100 גרם,false,,11.90,0.0350,true,1,224233
7290018886359,false,פת דגנים 7 דגנים 170,,,פת דגנים 7 דגנים 170,גרמים,170.00,100 גרם,false,,7.90,0.0465,true,1,221474
7290018886649,false,כוס קינוח משולשת 20,,,כוס קינוח משולשת 20,יחידה,0.00,יחידה,false,,10.90,0.0000,true,1,289509
7290018886953,false,כפיות מוכספים 20 יח,,,כפיות מוכספים 20 יח,יחידה,0.00,יחידה,false,,8.90,0.0000,true,1,223119
7290018886991,false,שמן קנולה אלומות 1 ל,,,שמן קנולה אלומות 1 ל,ליטרים,1.00,ליטר,false,,10.90,10.9000,true,1,212871
7290018893005,false,בייגלה שטוח בתוספת ח,,,בייגלה שטוח בתוספת ח,גרמים,200.00,100 גרם,false,,6.90,0.0345,true,1,279573
7290018893081,false,צ'וקטה מגולגלות חלב,,,צ'וקטה מגולגלות חלב,גרמים,222.00,100 גרם,false,,8.90,0.0401,true,1,224010
7290018893098,false,צ'וקטה עוגיות מצופות,,,צ'וקטה עוגיות מצופות,גרמים,100.00,100 גרם,false,,7.90,0.0790,true,1,430104
7290018893258,false,צ'וקטה עוגות אישיות,,,צ'וקטה עוגות אישיות,גרמים,300.00,100 גרם,false,,10.90,0.0363,true,1,198420
7290018893289,false,צ'וקטה מגולגלות קקאו,,,צ'וקטה מגולגלות קקאו,גרמים,222.00,100 גרם,false,,8.90,0.0401,true,1,224011
7290018893319,false,צ'וקטה שוקולד מריר מ,,,צ'וקטה שוקולד מריר מ,גרמים,100.00,100 גרם,false,,8.90,0.0890,true,1,522927
7290018893456,false,צ'וקטה עוגות אישיות,,,צ'וקטה עוגות אישיות,יחידה,300.00,יחידה,false,,10.90,0.0363,true,1,198392
7290018893494,false,עוגיות עלי וופל דקות,,,עוגיות עלי וופל דקות,גרמים,100.00,100 גרם,false,,10.00,0.1000,true,1,306879
7290018893500,false,צ'וקטה עוגיות סנדביץ,,,צ'וקטה עוגיות סנדביץ,גרמים,180.00,100 גרם,false,,4.90,0.0272,true,1,430061
7290018893616,false,שישיית צוקטה שוקולד4,,,שישיית צוקטה שוקולד4,גרמים,600.00,100 גרם,false,,18.90,0.0315,true,1,251993
7290018893708,false,צ'וקטה עוגיות סנדביץ,,,צ'וקטה עוגיות סנדביץ,גרמים,250.00,100 גרם,false,,7.90,0.0316,true,1,430106
7290018893715,false,בייגלה שטוח מצופה שו,,,בייגלה שטוח מצופה שו,גרמים,80.00,100 גרם,false,,6.90,0.0863,true,1,325869
7290018893753,false,צ'וקטה וופל חמאה בטע,,,צ'וקטה וופל חמאה בטע,גרמים,100.00,100 גרם,false,,10.00,0.1000,true,1,561125
7290018893807,false,מארז שוקולד מריר 60%,,,מארז שוקולד מריר 60%,גרמים,300.00,100 גרם,false,,10.90,0.0363,true,1,306768
7290018893814,false,צ'וקטה שוקולד 48% 5*,,,צ'וקטה שוקולד 48% 5*,גרמים,500.00,100 גרם,false,,15.90,0.0318,true,1,239838
7290018893906,false,צ'וקטה עוגיות סנדביץ,,,צ'וקטה עוגיות סנדביץ,גרמים,250.00,100 גרם,false,,7.90,0.0316,true,1,430107
7290018893951,false,צ'וקטה וופל חמאה בטע,,,צ'וקטה וופל חמאה בטע,גרמים,100.00,100 גרם,false,,10.00,0.1000,true,1,561126
7290018894002,false,בלקוני קוביות וופל ק,,,בלקוני קוביות וופל ק,גרמים,250.00,100 גרם,false,,12.50,0.0500,true,1,484704
7290018894019,false,עוגות אישיות מיקס מק,,,עוגות אישיות מיקס מק,גרמים,350.00,100 גרם,false,,14.90,0.0426,true,1,442325
7290018894200,false,בלקוני קוביות וופל ו,,,בלקוני קוביות וופל ו,גרמים,250.00,100 גרם,false,,12.50,0.0500,true,1,484705
7290018894217,false,עוגות אישיות מיקס מק,,,עוגות אישיות מיקס מק,גרמים,350.00,100 גרם,false,,14.90,0.0426,true,1,442369
7290018894408,false,בלקוני קוביות וופל א,,,בלקוני קוביות וופל א,גרמים,250.00,100 גרם,false,,12.50,0.0500,true,1,484706
7290018894606,false,וופל במילוי קרם קקאו,,,וופל במילוי קרם קקאו,גרמים,175.00,100 גרם,false,,7.90,0.0451,true,1,442413
7290018894804,false,וופל במילוי קרם אגוז,,,וופל במילוי קרם אגוז,גרמים,175.00,100 גרם,false,,7.90,0.0451,true,1,442428
7290018921265,false,תחליב רחצה לגוף מועש,,,תחליב רחצה לגוף מועש,מיליליטרים,700.00,"100 מ""ל",false,,16.90,0.0241,true,1,282504
7290018921456,false,תחליב רחצה לגוף מועש,,,תחליב רחצה לגוף מועש,מיליליטרים,700.00,"100 מ""ל",false,,16.90,0.0241,true,1,282505
7290018921654,false,תחליב רחצה לגוף מועש,,,תחליב רחצה לגוף מועש,מיליליטרים,700.00,"100 מ""ל",false,,16.90,0.0241,true,1,282490
7290018921807,false,קמיל בלו משחת החתלה,,,קמיל בלו משחת החתלה,גרמים,120.00,100 גרם,false,,21.90,0.1825,true,1,534873
7290018925065,false,פרימור מיץ תפוזים סח,,,פרימור מיץ תפוזים סח,ליטרים,2.00,ליטר,false,,27.90,13.9500,true,1,264601
7290018925089,false,פרימור מיץ תפוחים צל,,,פרימור מיץ תפוחים צל,ליטרים,2.00,ליטר,false,,27.90,13.9500,true,1,264602
7290018925096,false,פרימור משקה קל תפוזי,,,פרימור משקה קל תפוזי,ליטרים,1.50,ליטר,false,,8.90,5.9333,true,1,243601
7290018925102,false,פרימור משקה קל ענבים,,,פרימור משקה קל ענבים,ליטרים,1.50,ליטר,false,,8.90,5.9333,true,1,243631
7290018925126,false,פרימור משקה קל תפוחי,,,פרימור משקה קל תפוחי,ליטרים,1.50,ליטר,false,,8.90,5.9333,true,1,243616
7290018925140,false,פרימור משקה קל אשכול,,,פרימור משקה קל אשכול,ליטרים,1.50,ליטר,false,,8.90,5.9333,true,1,243617
7290018925157,false,פרימור משקה קל לימונ,,,פרימור משקה קל לימונ,ליטרים,1.50,ליטר,false,,8.90,5.9333,true,1,243632
7290018925164,false,פרימור משקה קל תות ב,,,פרימור משקה קל תות ב,ליטרים,1.50,ליטר,false,,8.90,5.9333,true,1,243602
7290018929032,false,150 שקיות סנדוויץ' H,,,150 שקיות סנדוויץ' H,100 יח',450.00,100 יח',false,,9.90,0.0220,true,1,538066
7290018929162,false,מקל מתכנת לבן 1.4 לי,,,מקל מתכנת לבן 1.4 לי,יחידה,0.00,יחידה,false,,7.90,0.0000,true,1,548068
7290018929209,false,Fresh Cover ניילון ל,,,Fresh Cover ניילון ל,יחידה,0.00,יחידה,false,,7.90,0.0000,true,1,538172
7290018989081,false,חומוס הבית יכין 400,,,חומוס הבית יכין 400,גרמים,400.00,100 גרם,false,,7.90,0.0198,true,1,503786
7290018989128,false,סירופ בטעם ענבים יכי,,,סירופ בטעם ענבים יכי,יחידה,0.00,יחידה,false,,18.90,0.0000,true,1,506795
7290018989135,false,סירופ בטעם פטל יכין,,,סירופ בטעם פטל יכין,יחידה,0.00,יחידה,false,,18.90,0.0000,true,1,509553
7290019014034,false,נוזל רצפות לוטוס טאצ,,,נוזל רצפות לוטוס טאצ,ליטרים,4.00,ליטר,false,,13.90,3.4750,true,1,297111
7290019014058,false,נוזל רצפות פלגי מים,,,נוזל רצפות פלגי מים,ליטרים,2.00,ליטר,false,,17.90,8.9500,true,1,363657
7290019014065,false,נוזל רצפות ערפילי שח,,,נוזל רצפות ערפילי שח,ליטרים,2.00,ליטר,false,,17.90,8.9500,true,1,303894
7290019014089,false,נוזל רצפות דיונה פרא,,,נוזל רצפות דיונה פרא,ליטרים,2.00,ליטר,false,,17.90,8.9500,true,1,303908
7290019031000,false,WIZ מארז חמישיית ניי,,,WIZ מארז חמישיית ניי,יחידה,0.00,יחידה,false,,10.90,0.0000,true,1,298250
7290019031062,false,תבנית R-2 מלבנית 7 י,,,תבנית R-2 מלבנית 7 י,יחידה,0.00,יחידה,false,,9.90,0.0000,true,1,366501
7290019031079,false,תבנית R-29 מרובעת קט,,,תבנית R-29 מרובעת קט,יחידה,0.00,יחידה,false,,9.90,0.0000,true,1,366502
7290019031086,false,תבנית R-31 גדולה 7 י,,,תבנית R-31 גדולה 7 י,יחידה,0.00,יחידה,false,,9.90,0.0000,true,1,366503
7290019031093,false,תבנית R-64 בינונית 7,,,תבנית R-64 בינונית 7,יחידה,0.00,יחידה,false,,9.90,0.0000,true,1,366504
7290019031109,false,תבנית R-88 אינגליש 1,,,תבנית R-88 אינגליש 1,יחידה,0.00,יחידה,false,,9.90,0.0000,true,1,366505
7290019031123,false,תבנית אלומינים A-14,,,תבנית אלומינים A-14,יחידה,0.00,יחידה,false,,9.90,0.0000,true,1,366507
7290019031222,false,כוסות 12OZ לשתייה חמ,,,כוסות 12OZ לשתייה חמ,יחידה,0.00,יחידה,false,,11.90,0.0000,true,1,382814
7290019031239,false,כוסות 16OZ לשתייה חמ,,,כוסות 16OZ לשתייה חמ,יחידה,0.00,יחידה,false,,14.90,0.0000,true,1,382815
7290019031307,false,לפתניות לבנות 25 יח',,,לפתניות לבנות 25 יח',יחידה,0.00,יחידה,false,,5.90,0.0000,true,1,350482
7290019031314,false,קערות אובליות לבנות,,,קערות אובליות לבנות,יחידה,0.00,יחידה,false,,6.90,0.0000,true,1,350483
7290019031321,false,"מרקיות 7"" לבנות 25 י",,,"מרקיות 7"" לבנות 25 י",יחידה,0.00,יחידה,false,,9.90,0.0000,true,1,350484
7290019031338,false,"צלחות קטנות 7"" לבנות",,,"צלחות קטנות 7"" לבנות",יחידה,0.00,יחידה,false,,8.90,0.0000,true,1,350499
7290019031345,false,צלחות גדולות 9 לבן 2,,,צלחות גדולות 9 לבן 2,יחידה,0.00,יחידה,false,,12.90,0.0000,true,1,306895
7290019031352,false,"צלחות ענקיות 10"" לבנ",,,"צלחות ענקיות 10"" לבנ",יחידה,0.00,יחידה,false,,23.90,0.0000,true,1,350514
7290019031369,false,"צלחות גדולות 9"" קרם",,,"צלחות גדולות 9"" קרם",יחידה,0.00,יחידה,false,,14.90,0.0000,true,1,350515
7290019031376,false,סבון ידיים אוקיינוס,,,סבון ידיים אוקיינוס,ליטרים,1.00,100 ליטר,false,,9.90,9.9000,true,1,350310
7290019031390,false,סבון ידיים אביבי 1 ל,,,סבון ידיים אביבי 1 ל,ליטרים,1.00,100 ליטר,false,,9.90,9.9000,true,1,350312
7290019031413,false,נייר טואלט לח שלישיי,,,נייר טואלט לח שלישיי,יחידה,0.00,יחידה,false,,11.90,0.0000,true,1,382460
7290019031420,false,אל סבון נוזלי שלישיי,,,אל סבון נוזלי שלישיי,מיליליטרים,500.00,"100 מ""ל",false,,11.90,0.0238,true,1,382403
7290019031444,false,אשפתון 65X54 XL חזקו,,,אשפתון 65X54 XL חזקו,יחידה,0.00,יחידה,false,,17.90,0.0000,true,1,423957
7290019031451,false,אשפתון 78X90 XXL חזק,,,אשפתון 78X90 XXL חזק,יחידה,0.00,יחידה,false,,23.90,0.0000,true,1,423958
7290019031468,false,WIZ צלחות מתכלות ענק,,,WIZ צלחות מתכלות ענק,יחידה,0.00,יחידה,false,,13.90,0.0000,true,1,535793
7290019031512,false,WIZ צלחות מתכלות גדו,,,WIZ צלחות מתכלות גדו,יחידה,0.00,יחידה,false,,9.90,0.0000,true,1,535842
7290019031543,false,שמן זית כתית מעולה א,,,שמן זית כתית מעולה א,מיליליטרים,750.00,"100 מ""ל",false,,29.90,0.0399,true,1,382150
7290019031574,false,מארז 10 גביעיים + מכ,,,מארז 10 גביעיים + מכ,ליטרים,250.00,ליטר,false,,9.90,0.0396,true,1,369519
7290019031598,false,מארז 5 מכלים + מכסים,,,מארז 5 מכלים + מכסים,ליטרים,0.50,ליטר,false,,9.90,19.8000,true,1,369549
7290019031604,false,מארז 5 מכלים + מכסים,,,מארז 5 מכלים + מכסים,ליטרים,1.00,ליטר,false,,9.90,9.9000,true,1,369550
7290019031635,false,פחם מסעדות דרום אמרי,,,פחם מסעדות דרום אמרי,יחידה,0.00,יחידה,false,,24.90,0.0000,true,1,568577
7290019031659,false,WIZ צלחות גדולות  שק,,,WIZ צלחות גדולות  שק,יחידה,0.00,יחידה,false,,13.90,0.0000,true,1,535892
7290019031833,false,"WIZ צלחות לבנות 9"" מ",,,"WIZ צלחות לבנות 9"" מ",יחידה,0.00,יחידה,false,,34.90,0.0000,true,1,559686
7290019056027,false,שוופס מוגז פירות תפו,,,שוופס מוגז פירות תפו,ליטרים,1.50,ליטר,false,,8.50,5.6667,true,1,244963
7290019056034,false,שוופס מוגז פירות אננ,,,שוופס מוגז פירות אננ,ליטרים,1.50,ליטר,false,,8.50,5.6667,true,1,244964
7290019056041,false,שוופס מוגז פירות ללא,,,שוופס מוגז פירות ללא,ליטרים,1.50,ליטר,false,,8.50,5.6667,true,1,244978
7290019056058,false,שוופס מוגז עדין תפוח,,,שוופס מוגז עדין תפוח,ליטרים,1.50,ליטר,false,,8.50,5.6667,true,1,244077
7290019056065,false,שוופס מוגז עדין פירו,,,שוופס מוגז עדין פירו,ליטרים,1.50,ליטר,false,,8.50,5.6667,true,1,244092
7290019056072,false,שוופס מוגז עדין אננס,,,שוופס מוגז עדין אננס,ליטרים,1.50,ליטר,false,,8.50,5.6667,true,1,244120
7290019056089,false,שוופס מוגז עדין טעם,,,שוופס מוגז עדין טעם,ליטרים,1.50,ליטר,false,,8.50,5.6667,true,1,244121
7290019056096,false,שוופס מוגז עדין אפרס,,,שוופס מוגז עדין אפרס,ליטרים,1.50,ליטר,false,,8.50,5.6667,true,1,244137
7290019056119,false,שוופס סודה 1.5ליטר,,,שוופס סודה 1.5ליטר,ליטרים,1.50,ליטר,false,,3.50,2.3333,true,1,243865
7290019056157,false,שוופס סודה פירות יער,,,שוופס סודה פירות יער,ליטרים,1.50,ליטר,false,,3.50,2.3333,true,1,254794
7290019056164,false,שוופס סודה 4*1.5ליטר,,,שוופס סודה 4*1.5ליטר,ליטרים,6.00,ליטר,false,,12.10,2.0167,true,1,243893
7290019056171,false,שוופס סודה לימון 4*1,,,שוופס סודה לימון 4*1,ליטרים,6.00,ליטר,false,,12.10,2.0167,true,1,243935
7290019056188,false,שוופס סודה נענע ליים,,,שוופס סודה נענע ליים,ליטרים,6.00,ליטר,false,,12.10,2.0167,true,1,243949
7290019056201,false,שוופס פירות יער סודה,,,שוופס פירות יער סודה,ליטרים,6.00,ליטר,false,,12.10,2.0167,true,1,244005
7290019056232,false,שוופס ליים מוחיטו 1.,,,שוופס ליים מוחיטו 1.,ליטרים,1.50,ליטר,false,,9.50,6.3333,true,1,244138
7290019056249,false,שוופס וואטר ענבים 1.,,,שוופס וואטר ענבים 1.,ליטרים,1.50,ליטר,false,,8.50,5.6667,true,1,243769
7290019056256,false,שוופס וואטר בטעם תפו,,,שוופס וואטר בטעם תפו,ליטרים,1.50,ליטר,false,,8.50,5.6667,true,1,243783
7290019056263,false,שוופס וואטר אפרסק 1.,,,שוופס וואטר אפרסק 1.,ליטרים,1.50,ליטר,false,,8.50,5.6667,true,1,243798
7290019056270,false,שוופס וואטר פירות יע,,,שוופס וואטר פירות יע,ליטרים,1.50,ליטר,false,,8.50,5.6667,true,1,249770
7290019056300,false,שוופס ביטר לימון 1.5,,,שוופס ביטר לימון 1.5,ליטרים,1.50,ליטר,false,,12.50,8.3333,true,1,245048
7290019056317,false,שוופס ראשן 1.5 ליטר,,,שוופס ראשן 1.5 ליטר,ליטרים,1.50,ליטר,false,,12.50,8.3333,true,1,245049
7290019056324,false,שוופס מי טוניק 1.5 ל,,,שוופס מי טוניק 1.5 ל,ליטרים,1.50,ליטר,false,,12.50,8.3333,true,1,245063
7290019056331,false,שוופס טוניק ללא סוכר,,,שוופס טוניק ללא סוכר,ליטרים,1.50,ליטר,false,,11.90,7.9333,true,1,245064
7290019056355,false,תפוזינה לימונדה נענע,,,תפוזינה לימונדה נענע,ליטרים,1.50,ליטר,false,,8.50,5.6667,true,1,243112
7290019056362,false,תפוזינה ענבים 1.5 לי,,,תפוזינה ענבים 1.5 לי,ליטרים,1.50,ליטר,false,,8.50,5.6667,true,1,243281
7290019056379,false,תפוזינה תפוזים 1.5 ל,,,תפוזינה תפוזים 1.5 ל,ליטרים,1.50,ליטר,false,,8.50,5.6667,true,1,243352
7290019056386,false,תפוזינה אשכוליות 1.5,,,תפוזינה אשכוליות 1.5,ליטרים,1.50,ליטר,false,,8.50,5.6667,true,1,243383
7290019056393,false,תפוזינה תות בננה 1.5,,,תפוזינה תות בננה 1.5,ליטרים,1.50,ליטר,false,,8.50,5.6667,true,1,243399
7290019056409,false,תפוזינה מנגו עסיסי 1,,,תפוזינה מנגו עסיסי 1,ליטרים,1.50,ליטר,false,,8.50,5.6667,true,1,243414
7290019056416,false,תפוזינה לימונדה 1.5,,,תפוזינה לימונדה 1.5,ליטרים,1.50,ליטר,false,,8.50,5.6667,true,1,243415
7290019056423,false,תפוזינה תפוח רענן 1.,,,תפוזינה תפוח רענן 1.,ליטרים,1.50,ליטר,false,,8.50,5.6667,true,1,243481
7290019056430,false,תפוזינה תפוז 1.5 ליט,,,תפוזינה תפוז 1.5 ליט,ליטרים,1.50,ליטר,false,,7.90,5.2667,true,1,243521
7290019056447,false,תפוזינה אשכוליות 1.5,,,תפוזינה אשכוליות 1.5,ליטרים,1.50,ליטר,false,,7.90,5.2667,true,1,243548
7290019056461,false,אר.סי קולה 6*1.5 ליט,,,אר.סי קולה 6*1.5 ליט,ליטרים,9.00,ליטר,false,,40.90,4.5444,true,1,245207
7290019056508,false,פרוט ווטר ענבים 1.5,,,פרוט ווטר ענבים 1.5,ליטרים,1.50,ליטר,false,,8.90,5.9333,true,1,243659
7290019056515,false,פרוט ווטר אננס 1.5 ל,,,פרוט ווטר אננס 1.5 ל,ליטרים,1.50,ליטר,false,,8.90,5.9333,true,1,243700
7290019056522,false,פרוט ווטר תות 1.5 לי,,,פרוט ווטר תות 1.5 לי,ליטרים,1.50,ליטר,false,,8.90,5.9333,true,1,243727
7290019056539,false,פרוט ווטר אפרסק 1.5,,,פרוט ווטר אפרסק 1.5,ליטרים,1.50,ליטר,false,,8.90,5.9333,true,1,243741
7290019056546,false,פרוט ווטר אבטיח 1.5,,,פרוט ווטר אבטיח 1.5,ליטרים,1.50,ליטר,false,,8.90,5.9333,true,1,243742
7290019056553,false,עין גדי מים מינרלים,,,עין גדי מים מינרלים,ליטרים,12.00,ליטר,false,,13.30,1.1083,true,1,245318
7290019056560,false,עין גדי מים מינרלים,,,עין גדי מים מינרלים,ליטרים,2.00,ליטר,false,,3.50,1.7500,true,1,245332
7290019056577,false,ספרינג מנגו 1.5 ליטר,,,ספרינג מנגו 1.5 ליטר,ליטרים,1.50,ליטר,false,,8.50,5.6667,true,1,242882
7290019056584,false,ספרינג תפוזים 1.5 לי,,,ספרינג תפוזים 1.5 לי,ליטרים,1.50,ליטר,false,,8.50,5.6667,true,1,242925
7290019056591,false,ספרינג ענבים 1.5 ליט,,,ספרינג ענבים 1.5 ליט,ליטרים,1.50,ליטר,false,,8.50,5.6667,true,1,242952
7290019056607,false,ספרינג תפוחים 1.5 לי,,,ספרינג תפוחים 1.5 לי,ליטרים,1.50,ליטר,false,,8.50,5.6667,true,1,242953
7290019056614,false,ספרינג אפרסק 1.5 ליט,,,ספרינג אפרסק 1.5 ליט,ליטרים,1.50,ליטר,false,,8.50,5.6667,true,1,242967
7290019056621,false,ספרינג פירות טרופיים,,,ספרינג פירות טרופיים,ליטרים,1.50,ליטר,false,,8.50,5.6667,true,1,242981
7290019056638,false,ספרינג תות בננה 1.5,,,ספרינג תות בננה 1.5,ליטרים,1.50,ליטר,false,,8.50,5.6667,true,1,242982
7290019056645,false,ספרינג אגס סברס תפוח,,,ספרינג אגס סברס תפוח,ליטרים,1.50,ליטר,false,,8.50,5.6667,true,1,243012
7290019056652,false,ספרינג אננס בננה 1.5,,,ספרינג אננס בננה 1.5,ליטרים,1.50,ליטר,false,,8.50,5.6667,true,1,243074
7290019056669,false,ספרינג תפוחים דיאט 1,,,ספרינג תפוחים דיאט 1,ליטרים,1.50,ליטר,false,,7.90,5.2667,true,1,243075
7290019056676,false,ספרינג דיאט אשכוליות,,,ספרינג דיאט אשכוליות,ליטרים,1.50,ליטר,false,,7.90,5.2667,true,1,274411
7290019056737,false,קריסטל מיץ אשכוליות,,,קריסטל מיץ אשכוליות,ליטרים,2.00,ליטר,false,,7.90,3.9500,true,1,245092
7290019056744,false,קריסטל מיץ תפוזים 2,,,קריסטל מיץ תפוזים 2,ליטרים,2.00,ליטר,false,,7.90,3.9500,true,1,245106
7290019056751,false,קריסטל דיאט מיץ אשכו,,,קריסטל דיאט מיץ אשכו,ליטרים,2.00,ליטר,false,,6.90,3.4500,true,1,245107
7290019056768,false,קריסטל מיץ מנגו 2 לי,,,קריסטל מיץ מנגו 2 לי,ליטרים,2.00,ליטר,false,,7.90,3.9500,true,1,245121
7290019056775,false,קריסטל ענבים מוגז 2,,,קריסטל ענבים מוגז 2,ליטרים,2.00,ליטר,false,,7.90,3.9500,true,1,245135
7290019056782,false,קריסטל למון ליים 2 ל,,,קריסטל למון ליים 2 ל,ליטרים,2.00,ליטר,false,,7.90,3.9500,true,1,245136
7290019056799,false,קריסטל אקזוטי 2 ליטר,,,קריסטל אקזוטי 2 ליטר,ליטרים,2.00,ליטר,false,,7.90,3.9500,true,1,245163
7290019056805,false,משקה מוגז קריסטל תפו,,,משקה מוגז קריסטל תפו,ליטרים,2.00,ליטר,false,,7.90,3.9500,true,1,245177
7290019056812,false,קריסטל מנטה 2 ליטר,,,קריסטל מנטה 2 ליטר,ליטרים,2.00,ליטר,false,,7.90,3.9500,true,1,245178
7290019056829,false,קריסטל תפוזים 2 ליטר,,,קריסטל תפוזים 2 ליטר,ליטרים,2.00,ליטר,false,,7.90,3.9500,true,1,245192
7290019056836,false,תות קריסטל 2 ליטר,,,תות קריסטל 2 ליטר,ליטרים,2.00,ליטר,false,,7.90,3.9500,true,1,245193
7290019056843,false,קריסטל קולה 2 ליטר,,,קריסטל קולה 2 ליטר,ליטרים,2.00,ליטר,false,,7.90,3.9500,true,1,245208
7290019056959,false,מי עדן 1.5 ליטר,,,מי עדן 1.5 ליטר,ליטרים,1.50,ליטר,false,,3.90,2.6000,true,1,274412
7290019056973,false,מי עדן 6*1.5 ליטר,,,מי עדן 6*1.5 ליטר,ליטרים,9.00,ליטר,false,,12.90,1.4333,true,1,245236
7290019074090,false,קמיל בלו אקסטרה סופט,,,קמיל בלו אקסטרה סופט,מיליליטרים,500.00,"100 מ""ל",false,,22.90,0.0458,true,1,533515
7290019074762,false,תחליב רחצה לגוף אפקט,,,תחליב רחצה לגוף אפקט,מיליליטרים,450.00,"100 מ""ל",false,,14.90,0.0331,true,1,446801
7290019075103,false,קמיל בלו אקסטרה סופט,,,קמיל בלו אקסטרה סופט,ליטרים,1000.00,100 ליטר,false,,32.90,0.0329,true,1,533653
7290019153214,false,שוופס פחית מנטה 330,,,שוופס פחית מנטה 330,מיליליטרים,330.00,"100 מ""ל",false,,4.50,0.0136,true,1,489702
7290019153221,false,שוופס סודה אננס 500,,,שוופס סודה אננס 500,מיליליטרים,500.00,"100 מ""ל",false,,5.00,0.0100,true,1,436048
7290019153238,false,שוופס סודה תפוח 500,,,שוופס סודה תפוח 500,מיליליטרים,500.00,"100 מ""ל",false,,5.00,0.0100,true,1,436049
7290019153245,false,שוופס סודה לימון 500,,,שוופס סודה לימון 500,מיליליטרים,500.00,"100 מ""ל",false,,5.00,0.0100,true,1,436050
7290019153252,false,שוופס סודה תפוח 4*1.,,,שוופס סודה תפוח 4*1.,ליטרים,6.00,ליטר,false,,12.10,2.0167,true,1,436051
7290019153269,false,שוופס סודה אננס 4*1.,,,שוופס סודה אננס 4*1.,ליטרים,6.00,ליטר,false,,12.10,2.0167,true,1,436052
7290019153313,false,פרוט & וג' תפוח חמוצ,,,פרוט & וג' תפוח חמוצ,מיליליטרים,330.00,"100 מ""ל",false,,7.90,0.0239,true,1,489731
7290019153351,false,תפוזינה פינק אוזו 1.,,,תפוזינה פינק אוזו 1.,ליטרים,1.50,ליטר,false,,8.50,5.6667,true,1,466529
7290019153375,false,תפוזינה מוחיטו 1.5 ל,,,תפוזינה מוחיטו 1.5 ל,ליטרים,1.50,ליטר,false,,8.50,5.6667,true,1,466544
7290019203018,false,טורטייה מחומוס מונבט,,,טורטייה מחומוס מונבט,גרמים,180.00,100 גרם,false,,23.90,0.1328,true,1,413832
7290019204305,false,פסטרמה ברביקיו עוף ט,,,פסטרמה ברביקיו עוף ט,גרמים,350.00,100 גרם,false,,24.90,0.0711,true,1,545252
7290019245001,false,שמן קנולה אלומות 1 ל,,,שמן קנולה אלומות 1 ל,ליטרים,1.00,ליטר,false,,10.90,10.9000,true,1,416747
7290019297543,false,חמאת בוטנים שקדיה 51,,,חמאת בוטנים שקדיה 51,גרמים,510.00,100 גרם,false,,9.90,0.0194,true,1,4926
7290019303701,false,פינוקיות שומשום מיקס,,,פינוקיות שומשום מיקס,גרמים,220.00,100 גרם,false,,18.90,0.0859,true,1,559023
7290019393016,false,קמח חיטה לבן מנופה,,,קמח חיטה לבן מנופה,קילוגרמים,1.00,"ק""ג",false,,8.90,8.9000,true,1,570305
7290019393054,false,קמח כוסמין 80% מנופה,,,קמח כוסמין 80% מנופה,קילוגרמים,1.00,"ק""ג",false,,16.90,16.9000,true,1,570243
7290100235324,false,עוגת בריוש גבינה 550,,,עוגת בריוש גבינה 550,גרמים,550.00,100 גרם,false,,25.00,0.0455,true,1,34086
7290100235553,false,"עוגת בריוש תפו""ע עם",,,"עוגת בריוש תפו""ע עם",גרמים,550.00,100 גרם,false,,25.00,0.0455,true,1,34087
7290100240137,false,בדין תרסיס למייבש כב,,,בדין תרסיס למייבש כב,מיליליטרים,500.00,"100 מ""ל",false,,16.90,0.0338,true,1,10439
7290100240144,false,בדין תרסיס למייבש כב,,,בדין תרסיס למייבש כב,מיליליטרים,500.00,"100 מ""ל",false,,16.90,0.0338,true,1,10440
7290100243671,false,בדין אקסטרא כחול-960,,,בדין אקסטרא כחול-960,מיליליטרים,960.00,"100 מ""ל",false,,15.90,0.0166,true,1,10454
7290100245231,false,נמס בכוס ועוד טעם עו,,,נמס בכוס ועוד טעם עו,גרמים,50.00,100 גרם,false,,6.90,0.1380,true,1,10463
7290100412343,false,מגבונים לניקוי וחיטו,,,מגבונים לניקוי וחיטו,יחידה,0.00,יחידה,false,,8.90,0.0000,true,1,29587
7290100412442,false,קוויק מגבונים לניקוי,,,קוויק מגבונים לניקוי,יחידה,0.00,יחידה,false,,8.90,0.0000,true,1,29591
7290100412459,false,מגבונים לניקוי וחיטו,,,מגבונים לניקוי וחיטו,יחידה,0.00,יחידה,false,,8.90,0.0000,true,1,29592
7290100412466,false,מגבונים לניקוי רצפות,,,מגבונים לניקוי רצפות,יח',10.00,יח',false,,9.90,0.9900,true,1,29593
7290100412831,false,תחליב רחצה אנטי איגי,,,תחליב רחצה אנטי איגי,מיליליטרים,700.00,"100 מ""ל",false,,15.90,0.0227,true,1,29607
7290100413593,false,קוויק מטליות XL בניח,,,קוויק מטליות XL בניח,יחידה,0.00,יחידה,false,,8.90,0.0000,true,1,29610
7290100570234,false,אביזרי מטבח,,,אביזרי מטבח,יחידה,0.00,יחידה,false,,12.90,0.0000,true,1,34278
7290100572146,false,כ.סט מקפיאון,,,כ.סט מקפיאון,יחידה,0.00,יחידה,false,,24.90,0.0000,true,1,34285
7290100572368,false,אביזרי מטבח,,,אביזרי מטבח,יחידה,0.00,יחידה,false,,19.90,0.0000,true,1,34287
7290100572702,false,אביזרי מטבח ב-11.00,,,אביזרי מטבח ב-11.00,יחידה,0.00,יחידה,false,,10.90,0.0000,true,1,34290
7290100573402,false,אביזרי מטבח,,,אביזרי מטבח,יחידה,0.00,יחידה,false,,14.90,0.0000,true,1,34293
7290100653586,false,דיאודורנט ליידי ספיד,,,דיאודורנט ליידי ספיד,גרמים,65.00,100 גרם,false,,17.90,0.2754,true,1,21569
7290100658338,false,פלמוליב לכלים אוקסי-,,,פלמוליב לכלים אוקסי-,מיליליטרים,750.00,"100 מ""ל",false,,11.90,0.0159,true,1,21574
7290100680650,false,מנה חמה נודלס תאילנד,,,מנה חמה נודלס תאילנד,גרמים,76.00,100 גרם,false,,5.90,0.0776,true,1,18812
7290100680711,false,אסם פירורית זהב 350,,,אסם פירורית זהב 350,גרמים,350.00,100 גרם,false,,8.90,0.0254,true,1,18814
7290100680728,false,פירורית רגילה שקית 3,,,פירורית רגילה שקית 3,גרמים,350.00,100 גרם,false,,7.90,0.0226,true,1,18815
7290100681138,false,אפרופו מאח 3*50 גר',,,אפרופו מאח 3*50 גר',גרמים,150.00,100 גרם,false,,12.90,0.0860,true,1,18819
7290100681503,false,סירופ דיאט לימונענע,,,סירופ דיאט לימונענע,ליטרים,1.00,ליטר,false,,16.90,16.9000,true,1,18821
7290100683880,false,פירה אסם 260 גרם,,,פירה אסם 260 גרם,גרמים,260.00,100 גרם,false,,13.90,0.0535,true,1,18829
7290100685136,false,מרק בטעם עוף אסם 1 ק,,,מרק בטעם עוף אסם 1 ק,קילוגרמים,1.00,"ק""ג",false,,14.90,14.9000,true,1,18836
7290100685242,false,במבה מתוקה מחומרים ט,,,במבה מתוקה מחומרים ט,גרמים,30.00,100 גרם,false,,2.90,0.0967,true,1,18837
7290100685334,false,מרק עוף מרכיבים טבעי,,,מרק עוף מרכיבים טבעי,גרמים,400.00,100 גרם,false,,19.90,0.0497,true,1,18838
7290100685341,false,מרק זך טעם עוף רכיבי,,,מרק זך טעם עוף רכיבי,גרמים,400.00,100 גרם,false,,13.90,0.0348,true,1,18839
7290100687109,false,במבה במילוי קרם נוגט,,,במבה במילוי קרם נוגט,גרמים,60.00,100 גרם,false,,4.50,0.0750,true,1,18850
7290100689301,false,מרק בטעם עוף זך אסם,,,מרק בטעם עוף זך אסם,גרמים,400.00,100 גרם,false,,13.90,0.0348,true,1,18857
7290100700006,false,"סוגת חיטה 1 ק""ג",,,"סוגת חיטה 1 ק""ג",קילוגרמים,1.00,"ק""ג",false,,8.90,8.9000,true,1,17351
7290100700020,false,סוגת גריסי פנינה 500,,,סוגת גריסי פנינה 500,גרמים,500.00,100 גרם,false,,4.90,0.0098,true,1,17352
7290100700075,false,פירורי לחם מוזהבים ש,,,פירורי לחם מוזהבים ש,גרמים,200.00,100 גרם,false,,3.90,0.0195,true,1,17353
7290100700242,false,סוגת אורז מלא עגול 1,,,סוגת אורז מלא עגול 1,קילוגרמים,1.00,"ק""ג",false,,9.90,9.9000,true,1,17354
7290100700310,false,כוסמת 1 ק'ג,,,כוסמת 1 ק'ג,קילוגרמים,1.00,"ק""ג",false,,14.90,14.9000,true,1,17358
7290100700334,false,סוגת קינואה 1קג,,,סוגת קינואה 1קג,קילוגרמים,1.00,"ק""ג",false,,19.90,19.9000,true,1,17360
7290100700372,false,אורז בסמטי מלא 1 ק'ג,,,אורז בסמטי מלא 1 ק'ג,קילוגרמים,1.00,"ק""ג",false,,10.00,10.0000,true,1,17362
7290100700389,false,אורז אדום 1 ק'ג,,,אורז אדום 1 ק'ג,קילוגרמים,1.00,"ק""ג",false,,12.90,12.9000,true,1,17363
7290100700396,false,סוגת אורז יסמין קלאס,,,סוגת אורז יסמין קלאס,קילוגרמים,1.00,"ק""ג",false,,11.90,11.9000,true,1,17364
7290100700402,false,חומוס ענק 1 ק'ג,,,חומוס ענק 1 ק'ג,קילוגרמים,1.00,"ק""ג",false,,19.90,19.9000,true,1,17365
7290100700563,false,אורז מיקס קלאסי 1 ק',,,אורז מיקס קלאסי 1 ק',קילוגרמים,1.00,"ק""ג",false,,12.90,12.9000,true,1,17369
7290100700587,false,סוגת בורגול 500 גר,,,סוגת בורגול 500 גר,גרמים,500.00,100 גרם,false,,5.90,0.0118,true,1,17370
7290100701157,false,אורז סושי 1 קג,,,אורז סושי 1 קג,קילוגרמים,1.00,"ק""ג",false,,11.90,11.9000,true,1,17373
7290100701300,false,סוגת קינואה אדומה 50,,,סוגת קינואה אדומה 50,גרמים,500.00,100 גרם,false,,12.80,0.0256,true,1,17374
7290100701454,false,גרישה 500 גרם,,,גרישה 500 גרם,גרמים,500.00,100 גרם,false,,5.90,0.0118,true,1,17382
7290100701577,false,קמח לחם מועשר בויטמי,,,קמח לחם מועשר בויטמי,קילוגרמים,1.00,"ק""ג",false,,6.90,6.9000,true,1,17383
7290100701881,false,קמח פיצה ופוקצה סוגת,,,קמח פיצה ופוקצה סוגת,קילוגרמים,1.00,"ק""ג",false,,6.90,6.9000,true,1,17388
7290100702277,false,קוסקוס עבה סוגת 350,,,קוסקוס עבה סוגת 350,גרמים,350.00,100 גרם,false,,4.90,0.0140,true,1,17394
7290100702383,false,"קמח תופח סוגת 1 ק""ג",,,"קמח תופח סוגת 1 ק""ג",קילוגרמים,1.00,"ק""ג",false,,6.90,6.9000,true,1,17398
7290100702611,false,פתיתים אפויים אורז ס,,,פתיתים אפויים אורז ס,גרמים,500.00,100 גרם,false,,4.90,0.0098,true,1,17407
7290100702628,false,פתיתים אפויים קוסקוס,,,פתיתים אפויים קוסקוס,גרמים,500.00,100 גרם,false,,4.90,0.0098,true,1,17408
7290100702635,false,פתיתים אפויים כוכבים,,,פתיתים אפויים כוכבים,גרמים,500.00,100 גרם,false,,4.90,0.0098,true,1,17409
7290100702987,false,פתיתי שיבולת שועל סו,,,פתיתי שיבולת שועל סו,גרמים,500.00,100 גרם,false,,5.90,0.0118,true,1,17435
7290100702994,false,סוכר דמררה בשקית סוג,,,סוכר דמררה בשקית סוג,גרמים,500.00,100 גרם,false,,6.90,0.0138,true,1,17436
7290100703007,false,סוגת עדשים שחורות בל,,,סוגת עדשים שחורות בל,גרמים,500.00,100 גרם,false,,8.90,0.0178,true,1,17437
7290100703564,false,שיבולת שועל עבה סוגת,,,שיבולת שועל עבה סוגת,גרמים,500.00,100 גרם,false,,5.90,0.0118,true,1,17461
7290100703625,false,קמח לבן ללא ניפוי סו,,,קמח לבן ללא ניפוי סו,קילוגרמים,1.00,"ק""ג",false,,7.90,7.9000,true,1,17464
7290100703915,false,מארז פופקורן למיקרוג,,,מארז פופקורן למיקרוג,גרמים,540.00,100 גרם,false,,9.90,0.0183,true,1,17476
7290100703922,false,מארז פופקורן למיקרוג,,,מארז פופקורן למיקרוג,גרמים,540.00,100 גרם,false,,9.90,0.0183,true,1,17477
7290100704141,false,סוגת סודה לשתייה 100,,,סוגת סודה לשתייה 100,גרמים,100.00,100 גרם,false,,2.90,0.0290,true,1,17487
7290100704578,false,קמח כוסמין לבן סוגת,,,קמח כוסמין לבן סוגת,קילוגרמים,1.00,"ק""ג",false,,15.90,15.9000,true,1,143043
7290100704615,false,סוכר לבן דק דק בצנצנ,,,סוכר לבן דק דק בצנצנ,גרמים,500.00,100 גרם,false,,7.90,0.0158,true,1,235912
7290100704622,false,סוכר דמררה דק דק בצנ,,,סוכר דמררה דק דק בצנ,גרמים,500.00,100 גרם,false,,7.90,0.0158,true,1,235913
7290100704684,false,קמח שמרים כוסמין רב,,,קמח שמרים כוסמין רב,קילוגרמים,1.00,"ק""ג",false,,19.90,19.9000,true,1,550218
7290100850909,false,דוריטוס נאצו מקסיקני,,,דוריטוס נאצו מקסיקני,גרמים,70.00,100 גרם,false,,3.60,0.0514,true,1,24185
7290100850916,false,דוריטוס חמוץ חריף 70,,,דוריטוס חמוץ חריף 70,גרמים,70.00,100 גרם,false,,3.60,0.0514,true,1,24186
7290100850923,false,דוריטוס גריל 70 גרם,,,דוריטוס גריל 70 גרם,גרמים,70.00,100 גרם,false,,3.60,0.0514,true,1,24187
7290100850930,false,דוריטוס טבעי 70 גרם,,,דוריטוס טבעי 70 גרם,גרמים,70.00,100 גרם,false,,3.60,0.0514,true,1,24188
7290100858592,false,עלית קקאו 150ג,,,עלית קקאו 150ג,גרמים,150.00,100 גרם,false,,9.90,0.0660,true,1,22371
7290100921609,false,סוד סבון 4 כדוריות ל,,,סוד סבון 4 כדוריות ל,גרמים,50.00,100 גרם,false,,8.90,0.1780,true,1,34961
7290100921623,false,סוד סבון 4 כדוריות ל,,,סוד סבון 4 כדוריות ל,גרמים,50.00,100 גרם,false,,8.90,0.1780,true,1,34963
7290100922569,false,80*3 ולוטה קרם ידיים,,,80*3 ולוטה קרם ידיים,מיליליטרים,300.00,"100 מ""ל",false,,19.90,0.0663,true,1,8169
7290100922651,false,סבון מוצק מי קוקוס ה,,,סבון מוצק מי קוקוס ה,גרמים,400.00,100 גרם,false,,11.90,0.0298,true,1,8174
7290100924204,false,פרסיל אבקת כביסה 8 ק,,,פרסיל אבקת כביסה 8 ק,קילוגרמים,8.00,"ק""ג",false,,50.90,6.3625,true,1,34971
7290100924464,false,סוד סבון 4 כדוריות ל,,,סוד סבון 4 כדוריות ל,גרמים,150.00,100 גרם,false,,16.90,0.1127,true,1,34977
7290100925676,false,קולור קאצ'ר 20 דפים,,,קולור קאצ'ר 20 דפים,יחידה,0.00,יחידה,false,,22.90,0.0000,true,1,35025
7290100926109,false,מרכך כביסה סוד צהוב,,,מרכך כביסה סוד צהוב,ליטרים,4.00,ליטר,false,,16.90,4.2250,true,1,35035
7290100926147,false,אבקת כביסה פרסיל קול,,,אבקת כביסה פרסיל קול,קילוגרמים,2.50,"ק""ג",false,,26.90,10.7600,true,1,35036
7290100926598,false,פרסיל אבקת כביסה 5 ק,,,פרסיל אבקת כביסה 5 ק,קילוגרמים,5.00,"ק""ג",false,,43.90,8.7800,true,1,35043
7290101110811,false,גלידל מאגדת בטעם פסי,,,גלידל מאגדת בטעם פסי,גרמים,600.00,100 גרם,false,,31.90,0.0532,true,1,36077
7290101112921,false,פופסיקל בטעם פירות ט,,,פופסיקל בטעם פירות ט,גרמים,640.00,100 גרם,false,,24.90,0.0389,true,1,36094
7290101113157,false,גלידל חלבי וניל עוגי,,,גלידל חלבי וניל עוגי,גרמים,672.00,100 גרם,false,,25.90,0.0385,true,1,36101
7290101113430,false,מאגדת גלידל סירופ שו,,,מאגדת גלידל סירופ שו,גרמים,312.00,100 גרם,false,,25.90,0.0830,true,1,146240
7290101459880,false,נרות אותיות- יום הול,,,נרות אותיות- יום הול,יחידה,0.00,יחידה,false,,9.90,0.0000,true,1,32494
7290101488286,false,דאו' ספריי ורוד לייד,,,דאו' ספריי ורוד לייד,מיליליטרים,150.00,"100 מ""ל",false,,16.50,0.1100,true,1,21582
7290101488323,false,דאו' ללא סימן ירוק ל,,,דאו' ללא סימן ירוק ל,גרמים,65.00,100 גרם,false,,19.30,0.2969,true,1,21585
7290101551027,false,קפסולות אספרסו 14 למ,,,קפסולות אספרסו 14 למ,גרמים,50.00,100 גרם,false,,16.90,0.3380,true,1,22379
7290101551263,false,סילאן טבעי יד מרדכי,,,סילאן טבעי יד מרדכי,גרמים,700.00,100 גרם,false,,21.90,0.0313,true,1,22381
7290101551300,false,סילאן טבעי לחיץ יד מ,,,סילאן טבעי לחיץ יד מ,גרמים,380.00,100 גרם,false,,14.90,0.0392,true,1,22382
7290101551539,false,דנונה פרו 20 אפרסק 2,,,דנונה פרו 20 אפרסק 2,גרמים,200.00,100 גרם,false,,5.90,0.0295,true,1,23403
7290101551584,false,מארז תפוצ'יפס קידס 1,,,מארז תפוצ'יפס קידס 1,גרמים,200.00,100 גרם,false,,12.90,0.0645,true,1,24193
7290101551614,false,מארז צ'יטוס קראנצ' ג,,,מארז צ'יטוס קראנצ' ג,גרמים,240.00,100 גרם,false,,13.90,0.0579,true,1,24195
7290101551638,false,מארז צ'יטוס כאפה 10*,,,מארז צ'יטוס כאפה 10*,גרמים,200.00,100 גרם,false,,12.90,0.0645,true,1,24197
7290101864127,false,קליה אוקסי ספריי 750,,,קליה אוקסי ספריי 750,מיליליטרים,750.00,"100 מ""ל",false,,16.90,0.0225,true,1,20912
7290101865261,false,פיניש הברקה 800 מל,,,פיניש הברקה 800 מל,מיליליטרים,800.00,"100 מ""ל",false,,19.90,0.0249,true,1,20919
7290101866633,false,וניש קליה ג'ל 3 ליטר,,,וניש קליה ג'ל 3 ליטר,ליטרים,3.00,ליטר,false,,29.90,9.9667,true,1,20925
7290101866787,false,וניש נוזל מסיר כתמים,,,וניש נוזל מסיר כתמים,ליטרים,3.00,ליטר,false,,29.90,9.9667,true,1,20928
7290101868460,false,אבקת כביסה קולון 101,,,אבקת כביסה קולון 101,קילוגרמים,8.00,"ק""ג",false,,54.90,6.8625,true,1,20947
7290101868958,false,פיניש נוזל הברקה לימ,,,פיניש נוזל הברקה לימ,מיליליטרים,800.00,"100 מ""ל",false,,19.90,0.0249,true,1,20951
7290101869726,false,ג'ל 1 ליטר AIO פיניש,,,ג'ל 1 ליטר AIO פיניש,ליטרים,1.00,ליטר,false,,42.90,42.9000,true,1,20962
7290101869733,false,ג'ל 1 ליטר לימון AIO,,,ג'ל 1 ליטר לימון AIO,ליטרים,1.00,ליטר,false,,42.90,42.9000,true,1,20963
7290101869788,false,איירוויק מילוי מבשם,,,איירוויק מילוי מבשם,מיליליטרים,250.00,"100 מ""ל",false,,15.90,0.0636,true,1,20968
7290101869795,false,איירוויק מילוי מבשם,,,איירוויק מילוי מבשם,מיליליטרים,250.00,"100 מ""ל",false,,15.90,0.0636,true,1,20969
7290101869825,false,איירוויק מילוי מבשם,,,איירוויק מילוי מבשם,מיליליטרים,19.00,"100 מ""ל",false,,16.90,0.8895,true,1,20972
7290101869832,false,איירוויק מילוי מבשם,,,איירוויק מילוי מבשם,יחידה,0.00,יחידה,false,,16.90,0.0000,true,1,20973
7290101869962,false,איירוויק מקלות ריחני,,,איירוויק מקלות ריחני,יחידה,0.00,יחידה,false,,14.90,0.0000,true,1,20981
7290101982470,false,ממתק רולר 30 גרם,,,ממתק רולר 30 גרם,גרמים,30.00,100 גרם,false,,5.90,0.1967,true,1,32518
7290101999720,false,נרות מטה לבבות פו,,,נרות מטה לבבות פו,יחידה,0.00,יחידה,false,,7.50,0.0000,true,1,32828
7290102030330,false,תפוצ'יפס קראנץ מקסיק,,,תפוצ'יפס קראנץ מקסיק,גרמים,200.00,100 גרם,false,,9.90,0.0495,true,1,24206
7290102031276,false,אקטימל תות בננה 8*10,,,אקטימל תות בננה 8*10,מיליליטרים,800.00,"100 מ""ל",false,,19.90,0.0249,true,1,23424
7290102032334,false,קפה נמס עלית בטעם ונ,,,קפה נמס עלית בטעם ונ,גרמים,200.00,100 גרם,false,,19.90,0.0995,true,1,22385
7290102062195,false,אלמקס משחת שיניים אל,,,אלמקס משחת שיניים אל,מיליליטרים,75.00,"100 מ""ל",false,,15.90,0.2120,true,1,21591
7290102300822,false,סיימן גבינת צדר אנגל,,,סיימן גבינת צדר אנגל,גרמים,200.00,100 גרם,false,,23.90,0.1195,true,1,17183
7290102300860,false,שביק גבינת צדר אנגלי,,,שביק גבינת צדר אנגלי,גרמים,200.00,100 גרם,false,,23.90,0.1195,true,1,17184
7290102302246,false,גבינת גאודה 200 גר',,,גבינת גאודה 200 גר',גרמים,200.00,100 גרם,false,,22.90,0.1145,true,1,17190
7290102302864,false,גבינה הולנדית חצי קש,,,גבינה הולנדית חצי קש,גרמים,200.00,100 גרם,false,,29.90,0.1495,true,1,420475
7290102302888,false,גבינה הולנדית עם כמו,,,גבינה הולנדית עם כמו,גרמים,200.00,100 גרם,false,,29.90,0.1495,true,1,420459
7290102390427,false,מולר פרופ תות 3% 150,,,מולר פרופ תות 3% 150,גרמים,150.00,100 גרם,false,,4.90,0.0327,true,1,6444
7290102390465,false,מולר פרופ אפרסק פסיפ,,,מולר פרופ אפרסק פסיפ,גרמים,150.00,100 גרם,false,,4.90,0.0327,true,1,6445
7290102390489,false,מולר פרופ לימון 3% 1,,,מולר פרופ לימון 3% 1,גרמים,150.00,100 גרם,false,,4.90,0.0327,true,1,6447
7290102391844,false,מולר פרופ לבן+קציפת,,,מולר פרופ לבן+קציפת,גרמים,150.00,100 גרם,false,,4.90,0.0327,true,1,6454
7290102392049,false,צוריאל תבור 5% 500ג,,,צוריאל תבור 5% 500ג,גרמים,500.00,100 גרם,false,,22.90,0.0458,true,1,6456
7290102392094,false,צוריאל חלב עיזים 1ל,,,צוריאל חלב עיזים 1ל,ליטרים,1.00,ליטר,false,,15.50,15.5000,true,1,6457
7290102392254,false,טרה חלב 1% 2ל,,,טרה חלב 1% 2ל,ליטרים,2.00,ליטר,false,,11.72,5.8600,true,1,6460
7290102393039,false,מולר מיקס בתוספת פצפ,,,מולר מיקס בתוספת פצפ,מיליליטרים,170.00,"100 מ""ל",false,,5.90,0.0347,true,1,6473
7290102393169,false,מולר סימפלי פרוט תות,,,מולר סימפלי פרוט תות,גרמים,150.00,100 גרם,false,,4.90,0.0327,true,1,6480
7290102393176,false,מולר סימפלי פרוט אפר,,,מולר סימפלי פרוט אפר,גרמים,150.00,100 גרם,false,,4.90,0.0327,true,1,6481
7290102393190,false,מולר סימפלי פרוט פיר,,,מולר סימפלי פרוט פיר,גרמים,150.00,100 גרם,false,,4.90,0.0327,true,1,6482
7290102393268,false,טרה גבינה לבנה אריזת,,,טרה גבינה לבנה אריזת,גרמים,750.00,100 גרם,false,,14.90,0.0199,true,1,6483
7290102393299,false,צוריאל יוגורט עיזים,,,צוריאל יוגורט עיזים,מיליליטרים,500.00,"100 מ""ל",false,,11.90,0.0238,true,1,6484
7290102393848,false,צוריאל יוגורט עיזים,,,צוריאל יוגורט עיזים,מיליליטרים,150.00,"100 מ""ל",false,,5.90,0.0393,true,1,6488
7290102393855,false,צוריאל יוגורט עיזים,,,צוריאל יוגורט עיזים,מיליליטרים,150.00,"100 מ""ל",false,,5.90,0.0393,true,1,6489
7290102393947,false,מולר סימפלי פרוט קיו,,,מולר סימפלי פרוט קיו,מיליליטרים,150.00,"100 מ""ל",false,,4.90,0.0327,true,1,6490
7290102394258,false,צוריאל מה עז 9% 180ג,,,צוריאל מה עז 9% 180ג,גרמים,180.00,100 גרם,false,,20.90,0.1161,true,1,6494
7290102394463,false,נעם גבינה צהובה וואק,,,נעם גבינה צהובה וואק,גרמים,500.00,100 גרם,false,,25.90,0.0518,true,1,6501
7290102394845,false,נעם גבינה צהובה דק ד,,,נעם גבינה צהובה דק ד,גרמים,200.00,100 גרם,false,,16.90,0.0845,true,1,6506
7290102395217,false,מולר ביאנקו במתיקות,,,מולר ביאנקו במתיקות,קילוגרמים,1.20,"ק""ג",false,,18.50,15.4167,true,1,6513
7290102395224,false,מולר נטורל 1.7% 8*15,,,מולר נטורל 1.7% 8*15,קילוגרמים,1.20,"ק""ג",false,,16.90,14.0833,true,1,6514
7290102395231,false,מולר נטורל 2.8% 8*15,,,מולר נטורל 2.8% 8*15,קילוגרמים,1.20,"ק""ג",false,,16.90,14.0833,true,1,6515
7290102395262,false,מולר תות שדה ואפרסק,,,מולר תות שדה ואפרסק,קילוגרמים,1.20,"ק""ג",false,,30.90,25.7500,true,1,6516
7290102395347,false,טרה יוגורט 6% כד 3 ק,,,טרה יוגורט 6% כד 3 ק,קילוגרמים,3.00,"ק""ג",false,,28.90,9.6333,true,1,6517
7290102395378,false,נעם גבינה צהובה ואקו,,,נעם גבינה צהובה ואקו,גרמים,360.00,100 גרם,false,,19.90,0.0553,true,1,6518
7290102395439,false,מולר סימפלי פירות יע,,,מולר סימפלי פירות יע,קילוגרמים,1.20,"ק""ג",false,,30.90,25.7500,true,1,6520
7290102395446,false,מוו וניל קצפת 123מל,,,מוו וניל קצפת 123מל,מיליליטרים,123.00,"100 מ""ל",false,,2.90,0.0236,true,1,6521
7290102395477,false,מוו שוקולד קצפת 123מ,,,מוו שוקולד קצפת 123מ,מיליליטרים,123.00,"100 מ""ל",false,,2.90,0.0236,true,1,6524
7290102395521,false,טרה שמנת לבישול 15%+,,,טרה שמנת לבישול 15%+,מיליליטרים,500.00,"100 מ""ל",false,,16.50,0.0330,true,1,6525
7290102396399,false,מוו מעדן שוקולד 100*,,,מוו מעדן שוקולד 100*,גרמים,800.00,100 גרם,false,,13.40,0.0168,true,1,6542
7290102396405,false,מוו מעדן וניל 100*8,,,מוו מעדן וניל 100*8,גרמים,800.00,100 גרם,false,,13.40,0.0168,true,1,6543
7290102396436,false,מוו מעדן שוקולד 1.5%,,,מוו מעדן שוקולד 1.5%,גרמים,125.00,100 גרם,false,,2.90,0.0232,true,1,6546
7290102396443,false,מוו מעדן וניל 1.5% 1,,,מוו מעדן וניל 1.5% 1,גרמים,125.00,100 גרם,false,,2.90,0.0232,true,1,6547
7290102396580,false,מוו מעדן שוקולד ומוס,,,מוו מעדן שוקולד ומוס,גרמים,118.00,100 גרם,false,,2.90,0.0246,true,1,6551
7290102396597,false,מוו מעדן וניל ומוס ש,,,מוו מעדן וניל ומוס ש,גרמים,118.00,100 גרם,false,,2.90,0.0246,true,1,6552
7290102396672,false,נעם צהובה דק דק 9% 3,,,נעם צהובה דק דק 9% 3,גרמים,360.00,100 גרם,false,,25.90,0.0719,true,1,6556
7290102396719,false,מולר סימפלי פרוט תות,,,מולר סימפלי פרוט תות,גרמים,170.00,100 גרם,false,,4.90,0.0288,true,1,6558
7290102396740,false,מולר סימפלי פרוט 0%,,,מולר סימפלי פרוט 0%,קילוגרמים,1.20,"ק""ג",false,,30.90,25.7500,true,1,6561
7290102397310,false,מאגדת שמינייה מיני מ,,,מאגדת שמינייה מיני מ,מיליליטרים,944.00,"100 מ""ל",false,,11.50,0.0122,true,1,6586
7290102397334,false,בולגרית 5% 250 גר` ב,,,בולגרית 5% 250 גר` ב,גרמים,250.00,100 גרם,false,,20.40,0.0816,true,1,6588
7290102397464,false,מולר יוגורט נטורל +,,,מולר יוגורט נטורל +,גרמים,150.00,100 גרם,false,,5.90,0.0393,true,1,6597
7290102397600,false,מולר מיקס שקדים ובוט,,,מולר מיקס שקדים ובוט,גרמים,168.00,100 גרם,false,,5.90,0.0351,true,1,6607
7290102397617,false,מולר מיקס קליק 168 ג,,,מולר מיקס קליק 168 ג,גרמים,168.00,100 גרם,false,,5.90,0.0351,true,1,6608
7290102397679,false,קוטג' וחצי 5% 375 גר,,,קוטג' וחצי 5% 375 גר,גרמים,375.00,100 גרם,false,,6.90,0.0184,true,1,6611
7290102397730,false,גבינת אמנטל נעם פתיח,,,גבינת אמנטל נעם פתיח,גרמים,200.00,100 גרם,false,,16.90,0.0845,true,1,6616
7290102397747,false,מוצרלה נעם רכיבים ט,,,מוצרלה נעם רכיבים ט,גרמים,200.00,100 גרם,false,,18.90,0.0945,true,1,6617
7290102397891,false,רביעייה גבינה מותכת,,,רביעייה גבינה מותכת,גרמים,100.00,100 גרם,false,,7.50,0.0750,true,1,6624
7290102398065,false,טרה חלב קרטון 3% מהד,,,טרה חלב קרטון 3% מהד,יחידה,0.00,יחידה,false,,12.46,0.0000,true,1,6633
7290102398072,false,טרה חלב בקרטון 3% 1ל,,,טרה חלב בקרטון 3% 1ל,ליטרים,1.00,ליטר,false,,6.23,6.2300,true,1,6634
7290102398331,false,חלב מועשר 1 ליטר דל,,,חלב מועשר 1 ליטר דל,ליטרים,1.00,ליטר,false,,7.50,7.5000,true,1,6652
7290102398478,false,לאבנה 9% טרה 500 גרם,,,לאבנה 9% טרה 500 גרם,גרמים,500.00,100 גרם,false,,19.90,0.0398,true,1,6660
7290102398553,false,שוקו טרה בבקבוק 1.5,,,שוקו טרה בבקבוק 1.5,ליטרים,1.50,ליטר,false,,15.90,10.6000,true,1,6666
7290102398560,false,שוקו טרה מועשר בבקבו,,,שוקו טרה מועשר בבקבו,ליטרים,1.00,ליטר,false,,11.90,11.9000,true,1,6667
7290102398577,false,שוקו טרה מועשר בבקבו,,,שוקו טרה מועשר בבקבו,מיליליטרים,250.00,"100 מ""ל",false,,5.50,0.0220,true,1,6668
7290102398614,false,משקה חלב בטעם בננה 1,,,משקה חלב בטעם בננה 1,ליטרים,1.00,ליטר,false,,11.90,11.9000,true,1,6669
7290102398638,false,משקה חלב בטעם מוקה 1,,,משקה חלב בטעם מוקה 1,ליטרים,1.00,ליטר,false,,11.90,11.9000,true,1,6670
7290102398669,false,אייס קפוצ'ינו מווו ט,,,אייס קפוצ'ינו מווו ט,ליטרים,1.00,ליטר,false,,11.90,11.9000,true,1,78976
7290102398782,false,משקה סויה קלאסי משק,,,משקה סויה קלאסי משק,ליטרים,1.00,ליטר,false,,9.90,9.9000,true,1,6676
7290102398799,false,משקה סויה במתיקות מו,,,משקה סויה במתיקות מו,ליטרים,1.00,ליטר,false,,9.90,9.9000,true,1,6677
7290102398805,false,משקה סויה בטעם וניל,,,משקה סויה בטעם וניל,ליטרים,1.00,ליטר,false,,9.90,9.9000,true,1,6678
7290102398836,false,משקה שקדים קלאסי משק,,,משקה שקדים קלאסי משק,ליטרים,1.00,ליטר,false,,11.90,11.9000,true,1,6680
7290102399635,false,מעדן מולר פרופ קוקוס,,,מעדן מולר פרופ קוקוס,גרמים,150.00,100 גרם,false,,4.90,0.0327,true,1,79821
7290102399789,false,מולר ממרח חמאה ללא מ,,,מולר ממרח חמאה ללא מ,גרמים,250.00,100 גרם,false,,15.90,0.0636,true,1,76836
7290102399796,false,יוגורט חלבון לבן 250,,,יוגורט חלבון לבן 250,גרמים,200.00,100 גרם,false,,5.90,0.0295,true,1,72767
7290102399802,false,יוגורט חלבון תות 20,,,יוגורט חלבון תות 20,גרמים,200.00,100 גרם,false,,5.90,0.0295,true,1,72768
7290102399819,false,יוגורט חלבון פ.יער 2,,,יוגורט חלבון פ.יער 2,גרמים,200.00,100 גרם,false,,5.90,0.0295,true,1,72769
7290102399857,false,יוגורט מולר אקטיב לי,,,יוגורט מולר אקטיב לי,גרמים,150.00,100 גרם,false,,5.90,0.0393,true,1,86149
7290103120658,false,דאודורנט ג'ל שחור ספ,,,דאודורנט ג'ל שחור ספ,מיליליטרים,85.00,"100 מ""ל",false,,18.90,0.2224,true,1,21598
7290103400194,false,כרוב לבן 400 ג בדצ י,,,כרוב לבן 400 ג בדצ י,גרמים,400.00,100 גרם,false,,8.90,0.0223,true,1,23427
7290103401429,false,קפה אוריגינס קצב ברז,,,קפה אוריגינס קצב ברז,גרמים,200.00,100 גרם,false,,24.90,0.1245,true,1,22399
7290103404758,false,אחלה כרוב אדום 120ג,,,אחלה כרוב אדום 120ג,גרמים,120.00,100 גרם,false,,5.50,0.0458,true,1,23432
7290103408206,false,עלי חסה ערבית שטופים,,,עלי חסה ערבית שטופים,גרמים,250.00,100 גרם,false,,9.90,0.0396,true,1,23435
7290103681180,false,"הר תבור מרלו 750 מ""ל",,,"הר תבור מרלו 750 מ""ל",מיליליטרים,750.00,"100 מ""ל",false,,35.90,0.0479,true,1,6746
7290103700195,false,טאצ רדיד אלומיניום ק,,,טאצ רדיד אלומיניום ק,מטרים,15.00,מטר,false,,11.90,0.7933,true,1,24463
7290103700225,false,טאצ רדיד אלומיניום ר,,,טאצ רדיד אלומיניום ר,יחידה,0.00,יחידה,false,,16.90,0.0000,true,1,24464
7290103700386,false,טאצ' כריות יפניות 6י,,,טאצ' כריות יפניות 6י,יחידה,0.00,יחידה,false,,9.90,0.0000,true,1,24466
7290103700393,false,טאצ' כריות יפניות עב,,,טאצ' כריות יפניות עב,יחידה,0.00,יחידה,false,,8.90,0.0000,true,1,24467
7290103700652,false,טאצ' ספוג הפלא 6יח,,,טאצ' ספוג הפלא 6יח,יחידה,0.00,יחידה,false,,9.90,0.0000,true,1,24468
7290103701017,false,טאצ' נייר אפייה נשלף,,,טאצ' נייר אפייה נשלף,יחידה,0.00,יחידה,false,,9.90,0.0000,true,1,24472
7290103701093,false,טאצ מטליות מקרופייבר,,,טאצ מטליות מקרופייבר,יחידה,0.00,יחידה,false,,13.90,0.0000,true,1,24475
7290103701130,false,טאצ מטליות מקרופייבר,,,טאצ מטליות מקרופייבר,יחידה,0.00,יחידה,false,,13.90,0.0000,true,1,24476
7290103701161,false,טאצ נילון נצמד 150 מ,,,טאצ נילון נצמד 150 מ,מטרים,150.00,מטר,false,,24.90,0.1660,true,1,24478
7290103702212,false,טאצ ממחטות כיס,,,טאצ ממחטות כיס,יחידה,0.00,יחידה,false,,6.90,0.0000,true,1,24483
7290103702229,false,טאצ מפות עבות במיוחד,,,טאצ מפות עבות במיוחד,יחידה,0.00,יחידה,false,,8.90,0.0000,true,1,24484
7290103702236,false,טאצ מפות עבות במיוחד,,,טאצ מפות עבות במיוחד,יחידה,0.00,יחידה,false,,8.90,0.0000,true,1,24485
7290103702298,false,טאצ אשפתון בגליל 50,,,טאצ אשפתון בגליל 50,יחידה,0.00,יחידה,false,,15.90,0.0000,true,1,24489
7290103702304,false,טאצ אשפתון בגליל 35,,,טאצ אשפתון בגליל 35,יחידה,0.00,יחידה,false,,15.90,0.0000,true,1,24490
7290103702328,false,טאצ אשפתון בגליל 25,,,טאצ אשפתון בגליל 25,יחידה,0.00,יחידה,false,,15.90,0.0000,true,1,24492
7290103702779,false,מפיות אירוח טאצ` 15,,,מפיות אירוח טאצ` 15,יחידה,0.00,יחידה,false,,8.90,0.0000,true,1,24500
7290103703219,false,טאצ' מטליות לחות לני,,,טאצ' מטליות לחות לני,יחידה,0.00,יחידה,false,,20.90,0.0000,true,1,38150
7290103703226,false,טאצ' מטליות לחות לני,,,טאצ' מטליות לחות לני,יח',50.00,יח',false,,7.90,0.1580,true,1,24505
7290103703233,false,טאצ' מטליות לחות לני,,,טאצ' מטליות לחות לני,יחידה,0.00,יחידה,false,,20.90,0.0000,true,1,38151
7290103703240,false,טאצ' מטליות לחות לרי,,,טאצ' מטליות לחות לרי,יח',10.00,יח',false,,9.90,0.9900,true,1,24506
7290103703370,false,טאצ' מגבוני נייר טוא,,,טאצ' מגבוני נייר טוא,יח',3.00,יח',false,,14.90,4.9667,true,1,24507
7290103703394,false,טאצ' ניילון נצמד זוג,,,טאצ' ניילון נצמד זוג,יחידה,0.00,יחידה,false,,9.90,0.0000,true,1,24508
7290103703455,false,טאצ' ספוג מבריק הפלא,,,טאצ' ספוג מבריק הפלא,גרמים,50.00,100 גרם,false,,9.90,0.1980,true,1,24509
7290103703578,false,לובלי נייר טואלט תלת,,,לובלי נייר טואלט תלת,יחידה,0.00,יחידה,false,,42.90,0.0000,true,1,24510
7290103704155,false,מגבות נייר 6 גלילים,,,מגבות נייר 6 גלילים,מטרים,63.00,מטר,false,,10.90,0.1730,true,1,177882
7290103704162,false,נייר טואלט טאצ' 32 ג,,,נייר טואלט טאצ' 32 ג,יח',0.00,יח',false,,28.90,0.0000,true,1,143792
7290103704179,false,מגבות נייר 8 גלילים,,,מגבות נייר 8 גלילים,מטרים,83.00,מטר,false,,13.90,0.1675,true,1,176629
7290103704186,false,מגבות טאצ' גליל כפול,,,מגבות טאצ' גליל כפול,יחידה,0.00,יחידה,false,,19.90,0.0000,true,1,303822
7290103704575,false,נייר טואלט טאצ' 48 י,,,נייר טואלט טאצ' 48 י,יחידה,0.00,יחידה,false,,39.90,0.0000,true,1,143806
7290103704698,false,שקיות קוקי 5 יח' טאצ,,,שקיות קוקי 5 יח' טאצ,יחידה,0.00,יחידה,false,,4.90,0.0000,true,1,522667
7290103704766,false,נייר טואלט 24 גליל,,,נייר טואלט 24 גליל,יחידה,0.00,יחידה,false,,42.90,0.0000,true,1,461671
7290103746001,false,ממחטות טאצ' חמישייה,,,ממחטות טאצ' חמישייה,יחידה,0.00,יחידה,false,,11.90,0.0000,true,1,24522
7290104005176,false,חגורות גברים,,,חגורות גברים,יחידה,0.00,יחידה,false,,19.90,0.0000,true,1,31330
7290104061417,false,אחלה חומוס טחינה 400,,,אחלה חומוס טחינה 400,גרמים,400.00,100 גרם,false,,9.90,0.0248,true,1,23437
7290104061424,false,אחלה חומוס זעתר 400,,,אחלה חומוס זעתר 400,גרמים,400.00,100 גרם,false,,10.90,0.0273,true,1,23438
7290104061431,false,אחלה חומוס צנובר 400,,,אחלה חומוס צנובר 400,גרמים,400.00,100 גרם,false,,10.90,0.0273,true,1,23439
7290104061448,false,אחלה חומוס חריף 400ג,,,אחלה חומוס חריף 400ג,גרמים,400.00,100 גרם,false,,10.90,0.0273,true,1,23440
7290104062599,false,גמדים תות בננה 8*100,,,גמדים תות בננה 8*100,מיליליטרים,800.00,"100 מ""ל",false,,18.90,0.0236,true,1,23441
7290104065187,false,קפה נמס עלית בטעם מו,,,קפה נמס עלית בטעם מו,גרמים,200.00,100 גרם,false,,19.90,0.0995,true,1,22427
7290104065934,false,שטראוס עלי רוקט 150ג,,,שטראוס עלי רוקט 150ג,גרמים,150.00,100 גרם,false,,9.90,0.0660,true,1,23442
7290104067693,false,אחלה חומוס עם חריף 1,,,אחלה חומוס עם חריף 1,גרמים,150.00,100 גרם,false,,5.90,0.0393,true,1,23447
7290104068539,false,מאסט מלון ואבטיח 28ג,,,מאסט מלון ואבטיח 28ג,גרמים,28.00,100 גרם,false,,3.90,0.1393,true,1,22433
7290104068546,false,מאסט קולה 28 גרם,,,מאסט קולה 28 גרם,גרמים,28.00,100 גרם,false,,3.90,0.1393,true,1,22434
7290104500572,false,אפרופו איטלקי 36*50ג,,,אפרופו איטלקי 36*50ג,גרמים,50.00,100 גרם,false,,5.00,0.1000,true,1,18860
7290104501661,false,אסם פודינג בטעם וניל,,,אסם פודינג בטעם וניל,גרמים,80.00,100 גרם,false,,5.50,0.0688,true,1,18861
7290104501784,false,בונז'ור מיני מאפינס,,,בונז'ור מיני מאפינס,גרמים,200.00,100 גרם,false,,8.90,0.0445,true,1,112385
7290104501807,false,בונז'ור מיני מאפינס,,,בונז'ור מיני מאפינס,גרמים,200.00,100 גרם,false,,8.90,0.0445,true,1,34089
7290104508189,false,גביעי גלידה ממותקים,,,גביעי גלידה ממותקים,0 יח',24.00,0 יח',false,,12.90,0.5375,true,1,18872
7290104508943,false,במבה קלאסי 18*200 גר,,,במבה קלאסי 18*200 גר,גרמים,200.00,100 גרם,false,,8.90,0.0445,true,1,18875
7290104509247,false,עוגת קראנץ' שוקולד 6,,,עוגת קראנץ' שוקולד 6,גרמים,650.00,100 גרם,false,,26.50,0.0408,true,1,34092
7290104509353,false,עוגת בריוש פרג 550 ג,,,עוגת בריוש פרג 550 ג,גרמים,550.00,100 גרם,false,,25.00,0.0455,true,1,34094
7290104570131,false,"תמר מג'הול 1 ק""ג",,,"תמר מג'הול 1 ק""ג",קילוגרמים,1.00,"ק""ג",false,,17.90,17.9000,true,1,42955
7290104570162,false,תמר כבוש 500 גרם,,,תמר כבוש 500 גרם,גרמים,500.00,100 גרם,false,,9.90,0.0198,true,1,42956
7290104721533,false,אחלה פלפלים קלויים 4,,,אחלה פלפלים קלויים 4,גרמים,400.00,100 גרם,false,,14.90,0.0373,true,1,23451
7290104721762,false,טורקי עלית 3*85 גר'.,,,טורקי עלית 3*85 גר'.,גרמים,255.00,100 גרם,false,,18.90,0.0741,true,1,22438
7290104722530,false,תפוציפס שמנת בצל 200,,,תפוציפס שמנת בצל 200,גרמים,200.00,100 גרם,false,,9.90,0.0495,true,1,24229
7290104726262,false,דני שוקולד לשתייה מא,,,דני שוקולד לשתייה מא,מיליליטרים,500.00,"100 מ""ל",false,,10.90,0.0218,true,1,23459
7290104726712,false,מילקי שמינייה מארז 8,,,מילקי שמינייה מארז 8,קילוגרמים,1.06,"ק""ג",false,,19.90,18.7736,true,1,23460
7290104728310,false,יטבתה שמנת עמידה לקצ,,,יטבתה שמנת עמידה לקצ,מיליליטרים,250.00,"100 מ""ל",false,,6.47,0.0259,true,1,23465
7290104961892,false,מסכת קרטין אינטנס נט,,,מסכת קרטין אינטנס נט,מיליליטרים,350.00,"100 מ""ל",false,,39.90,0.1140,true,1,30501
7290104962080,false,ספריי גוף גולד טיטני,,,ספריי גוף גולד טיטני,מיליליטרים,150.00,"100 מ""ל",false,,11.90,0.0793,true,1,30510
7290104963650,false,סופטקר שמפו אלדמע 1,,,סופטקר שמפו אלדמע 1,ליטרים,1.00,ליטר,false,,17.90,17.9000,true,1,30544
7290105360250,false,עלית קפסולות מקיאטו,,,עלית קפסולות מקיאטו,גרמים,50.00,100 גרם,false,,16.90,0.3380,true,1,22455
7290105360328,false,עלית קפסולות אספרסו,,,עלית קפסולות אספרסו,גרמים,50.00,100 גרם,false,,16.90,0.3380,true,1,22456
7290105360335,false,עלית קפסולות אספרסו,,,עלית קפסולות אספרסו,גרמים,50.00,100 גרם,false,,16.90,0.3380,true,1,22457
7290105362339,false,יטבתה שמנת לבישול 15,,,יטבתה שמנת לבישול 15,מיליליטרים,250.00,"100 מ""ל",false,,7.90,0.0316,true,1,23470
7290105363602,false,כיף כף מקלות קלאסי 4,,,כיף כף מקלות קלאסי 4,גרמים,40.00,100 גרם,false,,4.90,0.1225,true,1,22466
7290105364289,false,כיף כף מקלות פצפוצים,,,כיף כף מקלות פצפוצים,גרמים,40.00,100 גרם,false,,4.90,0.1225,true,1,22467
7290105364302,false,כיף כף מקלות אגוזים,,,כיף כף מקלות אגוזים,גרמים,42.00,100 גרם,false,,4.90,0.1167,true,1,22468
7290105366023,false,אחלה חציל בטעם כבד 4,,,אחלה חציל בטעם כבד 4,גרמים,400.00,100 גרם,false,,14.90,0.0373,true,1,23473
7290105366047,false,אחלה טחינה לבנה 400ג,,,אחלה טחינה לבנה 400ג,גרמים,400.00,100 גרם,false,,14.90,0.0373,true,1,23475
7290105366993,false,סימפוניה פלפל שיפקה,,,סימפוניה פלפל שיפקה,גרמים,200.00,100 גרם,false,,11.50,0.0575,true,1,23480
7290105368225,false,אחלה חומוס פלפל שיפק,,,אחלה חומוס פלפל שיפק,גרמים,400.00,100 גרם,false,,10.90,0.0273,true,1,23489
7290105368331,false,"מילקי תות 170 מ""ל",,,"מילקי תות 170 מ""ל",מיליליטרים,170.00,"100 מ""ל",false,,2.90,0.0171,true,1,23491
7290105368904,false,יטבתה שמנת עמידה לקצ,,,יטבתה שמנת עמידה לקצ,מיליליטרים,250.00,"100 מ""ל",false,,7.50,0.0300,true,1,23500
7290105368928,false,יטבתה שמנת 9% 200מל,,,יטבתה שמנת 9% 200מל,מיליליטרים,200.00,"100 מ""ל",false,,2.90,0.0145,true,1,23501
7290105369130,false,סימפוניה שטראוס בצל,,,סימפוניה שטראוס בצל,גרמים,200.00,100 גרם,false,,11.50,0.0575,true,1,23504
7290105430458,false,תחליב רחצה שקדים משא,,,תחליב רחצה שקדים משא,מיליליטרים,750.00,"100 מ""ל",false,,19.90,0.0265,true,1,21626
7290105434050,false,דאו' ירוק רגיולר ספי,,,דאו' ירוק רגיולר ספי,גרמים,85.00,100 גרם,false,,14.90,0.1753,true,1,21649
7290105439499,false,מיונז הולנדי מאסטר ש,,,מיונז הולנדי מאסטר ש,גרמים,480.00,100 גרם,false,,11.90,0.0248,true,1,21662
7290105439581,false,מאסטר שף מאסטר שף חר,,,מאסטר שף מאסטר שף חר,מיליליטרים,370.00,"100 מ""ל",false,,10.90,0.0295,true,1,21664
7290105439598,false,מאסטר שף חרדל דיז'ון,,,מאסטר שף חרדל דיז'ון,מיליליטרים,370.00,"100 מ""ל",false,,10.90,0.0295,true,1,21665
7290105500151,false,וודקה פינלנדיה 700 מ,,,וודקה פינלנדיה 700 מ,מיליליטרים,700.00,"100 מ""ל",false,,60.90,0.0870,true,1,13399
7290105691224,false,חטיפי פריכונים טורטי,,,חטיפי פריכונים טורטי,גרמים,60.00,100 גרם,false,,7.50,0.1250,true,1,18886
7290105691248,false,חטיפי פריכונים טורטי,,,חטיפי פריכונים טורטי,גרמים,60.00,100 גרם,false,,7.50,0.1250,true,1,18887
7290105691934,false,"קמח שמרים אסם 1 ק""ג",,,"קמח שמרים אסם 1 ק""ג",קילוגרמים,1.00,"ק""ג",false,,8.90,8.9000,true,1,18893
7290105693341,false,במבה מאח.15 10*25גרם,,,במבה מאח.15 10*25גרם,גרמים,250.00,100 גרם,false,,14.90,0.0596,true,1,18901
7290105693457,false,עוגת הבית דמקה שוקו,,,עוגת הבית דמקה שוקו,גרמים,320.00,100 גרם,false,,11.90,0.0372,true,1,18902
7290105693952,false,פירורית זהב שומשום 2,,,פירורית זהב שומשום 2,גרמים,200.00,100 גרם,false,,6.50,0.0325,true,1,18904
7290105694928,false,אבקת מרק בצל רכיבים,,,אבקת מרק בצל רכיבים,גרמים,220.00,100 גרם,false,,13.90,0.0632,true,1,18909
7290105695024,false,פתיתים אפויים אורז ע,,,פתיתים אפויים אורז ע,גרמים,500.00,100 גרם,false,,6.90,0.0138,true,1,18910
7290105695321,false,הבית עוגות בראוניס פ,,,הבית עוגות בראוניס פ,גרמים,380.00,100 גרם,false,,15.90,0.0418,true,1,18913
7290105962331,false,סחוג חריף מאוד זהבי,,,סחוג חריף מאוד זהבי,גרמים,220.00,100 גרם,false,,10.90,0.0495,true,1,23506
7290105964564,false,אחלה חומוס אחלה 400ג,,,אחלה חומוס אחלה 400ג,גרמים,400.00,100 גרם,false,,7.90,0.0198,true,1,23511
7290105965738,false,דנונה משקה תות בננה,,,דנונה משקה תות בננה,גרמים,267.00,100 גרם,false,,4.90,0.0184,true,1,23517
7290105966469,false,חומץ בלסמי יד מרדכי,,,חומץ בלסמי יד מרדכי,גרמים,250.00,100 גרם,false,,13.90,0.0556,true,1,22500
7290105968654,false,שטראוס רביולי בטטה 4,,,שטראוס רביולי בטטה 4,גרמים,400.00,100 גרם,false,,19.90,0.0497,true,1,23524
7290105968777,false,פריכיות תחתית שוקלד,,,פריכיות תחתית שוקלד,גרמים,70.00,100 גרם,false,,7.90,0.1129,true,1,22505
7290106520066,false,רבע לשבע 160 גרם,,,רבע לשבע 160 גרם,גרמים,160.00,100 גרם,false,,10.90,0.0681,true,1,22507
7290106520288,false,דנונה פרו תות 150 גר,,,דנונה פרו תות 150 גר,גרמים,150.00,100 גרם,false,,4.90,0.0327,true,1,23526
7290106520912,false,יטבתה שמנת לבישול 9%,,,יטבתה שמנת לבישול 9%,מיליליטרים,250.00,"100 מ""ל",false,,7.90,0.0316,true,1,23535
7290106521049,false,אחלה קוביות סלק 400,,,אחלה קוביות סלק 400,גרמים,400.00,100 גרם,false,,14.90,0.0373,true,1,23537
7290106521926,false,קפה טורקי עלית 150 ג,,,קפה טורקי עלית 150 ג,גרמים,150.00,100 גרם,false,,12.90,0.0860,true,1,22515
7290106524439,false,תפוציפס פופס 60 גרם,,,תפוציפס פופס 60 גרם,גרמים,60.00,100 גרם,false,,3.90,0.0650,true,1,24248
7290106525405,false,עלית קפסולות נטול למ,,,עלית קפסולות נטול למ,גרמים,50.00,100 גרם,false,,16.90,0.3380,true,1,22525
7290106526822,false,פריכיות עם תחתית שוק,,,פריכיות עם תחתית שוק,גרמים,80.00,100 גרם,false,,7.90,0.0988,true,1,22532
7290106528567,false,דוריטוס גריל 185 גר`,,,דוריטוס גריל 185 גר`,גרמים,185.00,100 גרם,false,,7.50,0.0405,true,1,24254
7290106528628,false,דוריטוס טבעי 185 גר`,,,דוריטוס טבעי 185 גר`,גרמים,185.00,100 גרם,false,,7.50,0.0405,true,1,24255
7290106528949,false,לקט ערוגות,,,לקט ערוגות,גרמים,450.00,100 גרם,false,,11.50,0.0256,true,1,23544
7290106572027,false,לחמית חמישה דגנים אס,,,לחמית חמישה דגנים אס,גרמים,190.00,100 גרם,false,,8.90,0.0468,true,1,18933
7290106572065,false,טורטיה בטעם תירס חמו,,,טורטיה בטעם תירס חמו,גרמים,60.00,100 גרם,false,,7.50,0.1250,true,1,18934
7290106572959,false,אפרופו קלאסי מאח.8 5,,,אפרופו קלאסי מאח.8 5,גרמים,75.00,100 גרם,false,,12.90,0.1720,true,1,18938
7290106573277,false,אסם קריספי טאפאס זית,,,אסם קריספי טאפאס זית,גרמים,150.00,100 גרם,false,,11.50,0.0767,true,1,18943
7290106573598,false,צבר חומוס לבנוני 400,,,צבר חומוס לבנוני 400,גרמים,400.00,100 גרם,false,,11.90,0.0298,true,1,19928
7290106573628,false,צבר חומוס עם טחינה 4,,,צבר חומוס עם טחינה 4,גרמים,400.00,100 גרם,false,,11.90,0.0298,true,1,19929
7290106574793,false,עוגת הבית שוקו שוקוצ,,,עוגת הבית שוקו שוקוצ,גרמים,350.00,100 גרם,false,,11.90,0.0340,true,1,18953
7290106574953,false,אסם בייגלה שטוחים שו,,,אסם בייגלה שטוחים שו,גרמים,300.00,100 גרם,false,,10.90,0.0363,true,1,18954
7290106574977,false,אסם בייגלה שטוחים עם,,,אסם בייגלה שטוחים עם,גרמים,300.00,100 גרם,false,,10.90,0.0363,true,1,18955
7290106575011,false,פתיתים אפויים חיטה מ,,,פתיתים אפויים חיטה מ,גרמים,400.00,100 גרם,false,,6.90,0.0173,true,1,18956
7290106575257,false,עוגת הבית סופלה בטעם,,,עוגת הבית סופלה בטעם,גרמים,340.00,100 גרם,false,,11.90,0.0350,true,1,18958
7290106575431,false,עוגת הבית סופלה בטעם,,,עוגת הבית סופלה בטעם,גרמים,340.00,100 גרם,false,,11.90,0.0350,true,1,18962
7290106576513,false,צבר חומוס 400 גרם,,,צבר חומוס 400 גרם,גרמים,400.00,100 גרם,false,,8.90,0.0223,true,1,19934
7290106576537,false,צבר חומוס מסעדה 700,,,צבר חומוס מסעדה 700,גרמים,700.00,100 גרם,false,,10.90,0.0156,true,1,19935
7290106576797,false,לה קרמריה וניל איטלק,,,לה קרמריה וניל איטלק,ליטרים,1.40,ליטר,false,,22.90,16.3571,true,1,16150
7290106576834,false,גלידה קרמריה פונטש ב,,,גלידה קרמריה פונטש ב,ליטרים,1.40,ליטר,false,,22.90,16.3571,true,1,16152
7290106576858,false,גלידה קרמריה תותים ב,,,גלידה קרמריה תותים ב,ליטרים,1.40,ליטר,false,,22.90,16.3571,true,1,16153
7290106576919,false,גלידה קרמריה סורבה ת,,,גלידה קרמריה סורבה ת,ליטרים,1.40,ליטר,false,,22.90,16.3571,true,1,16155
7290106576957,false,גלידה קרמריה פרווה ש,,,גלידה קרמריה פרווה ש,ליטרים,1.40,ליטר,false,,22.90,16.3571,true,1,16157
7290106576971,false,לה קרמריה שוקולד בלג,,,לה קרמריה שוקולד בלג,ליטרים,1.40,ליטר,false,,22.90,16.3571,true,1,16158
7290106577039,false,לה קרמריה שוקו וניל,,,לה קרמריה שוקו וניל,ליטרים,1.40,ליטר,false,,22.90,16.3571,true,1,16160
7290106577282,false,צבר מרובע טחינה 400ג,,,צבר מרובע טחינה 400ג,גרמים,400.00,100 גרם,false,,12.90,0.0323,true,1,19936
7290106577527,false,צבר מרובע קולסלו 400,,,צבר מרובע קולסלו 400,גרמים,400.00,100 גרם,false,,12.90,0.0323,true,1,19941
7290106577541,false,צבר מרובע כרוב אדום,,,צבר מרובע כרוב אדום,גרמים,400.00,100 גרם,false,,12.50,0.0313,true,1,19942
7290106577572,false,צבר מרובע מטבוחה 40,,,צבר מרובע מטבוחה 40,גרמים,400.00,100 גרם,false,,12.90,0.0323,true,1,19943
7290106578692,false,במבה ביסלי מיקס 36*8,,,במבה ביסלי מיקס 36*8,גרמים,80.00,100 גרם,false,,4.50,0.0563,true,1,18977
7290106578821,false,עוגת הבית שמרים קלאס,,,עוגת הבית שמרים קלאס,גרמים,350.00,100 גרם,false,,16.90,0.0483,true,1,18978
7290106652996,false,כיף כף מקלות קוקוס 4,,,כיף כף מקלות קוקוס 4,גרמים,40.00,100 גרם,false,,4.90,0.1225,true,1,577569
7290106654099,false,עוגות אישיות מילקי ק,,,עוגות אישיות מילקי ק,גרמים,272.00,100 גרם,false,,19.90,0.0732,true,1,23548
7290106656734,false,"חיוכים וניל בד""צ 600",,,"חיוכים וניל בד""צ 600",גרמים,600.00,100 גרם,false,,17.90,0.0298,true,1,22559
7290106662025,false,תפוציפס טבעי מלח פלפ,,,תפוציפס טבעי מלח פלפ,גרמים,50.00,100 גרם,false,,3.90,0.0780,true,1,24284
7290106663091,false,שטראוס לאבנה 9% 500,,,שטראוס לאבנה 9% 500,גרמים,500.00,100 גרם,false,,17.90,0.0358,true,1,23574
7290106663121,false,מילקי קייק עוגה בודד,,,מילקי קייק עוגה בודד,גרמים,34.00,100 גרם,false,,2.90,0.0853,true,1,23575
7290106663503,false,קונפיטורת לייט תות 2,,,קונפיטורת לייט תות 2,גרמים,230.00,100 גרם,false,,11.90,0.0517,true,1,22599
7290106663558,false,יד מרדכי רוטב טריאקי,,,יד מרדכי רוטב טריאקי,מיליליטרים,280.00,"100 מ""ל",false,,13.90,0.0496,true,1,22604
7290106664067,false,שטראוס לאבנה שמן זית,,,שטראוס לאבנה שמן זית,גרמים,400.00,100 גרם,false,,14.90,0.0373,true,1,23578
7290106664555,false,יטבתה רוטב שמנת עם ע,,,יטבתה רוטב שמנת עם ע,מיליליטרים,250.00,"100 מ""ל",false,,9.90,0.0396,true,1,23580
7290106667266,false,דוריטוס חמוץ חריף 18,,,דוריטוס חמוץ חריף 18,גרמים,185.00,100 גרם,false,,7.50,0.0405,true,1,24308
7290106668577,false,מיץ לימון טבעי יד מר,,,מיץ לימון טבעי יד מר,מיליליטרים,250.00,"100 מ""ל",false,,7.80,0.0312,true,1,22623
7290106668713,false,דנונה פירות יער3% 15,,,דנונה פירות יער3% 15,מיליליטרים,150.00,"100 מ""ל",false,,3.90,0.0260,true,1,23584
7290106669857,false,עלית קפסולות בטעם ונ,,,עלית קפסולות בטעם ונ,גרמים,50.00,100 גרם,false,,16.90,0.3380,true,1,22636
7290106720626,false,ציטוס גבינה 80 גרם,,,ציטוס גבינה 80 גרם,גרמים,80.00,100 גרם,false,,4.90,0.0613,true,1,24311
7290106721913,false,מאסט צנצנת ריח פה צ',,,מאסט צנצנת ריח פה צ',גרמים,66.00,100 גרם,false,,9.90,0.1500,true,1,22650
7290106721920,false,מאסט צנצנת ספירמינט,,,מאסט צנצנת ספירמינט,גרמים,66.00,100 גרם,false,,9.90,0.1500,true,1,22651
7290106723689,false,שטראוס תרד בייבי 200,,,שטראוס תרד בייבי 200,גרמים,200.00,100 גרם,false,,9.90,0.0495,true,1,23591
7290106726178,false,דנונה פרו בטעם פירות,,,דנונה פרו בטעם פירות,גרמים,150.00,100 גרם,false,,4.90,0.0327,true,1,23597
7290106727984,false,כיף כף פצפצים 135 גר,,,כיף כף פצפצים 135 גר,גרמים,135.00,100 גרם,false,,9.90,0.0733,true,1,22690
7290106729650,false,דנונה יוגורט תות 8יח,,,דנונה יוגורט תות 8יח,קילוגרמים,1.20,"ק""ג",false,,24.90,20.7500,true,1,23616
7290107280013,false,ליטופים מגבונים ללא,,,ליטופים מגבונים ללא,יחידה,0.00,יחידה,false,,18.90,0.0000,true,1,30570
7290107280020,false,סנו סושי מגבונים לני,,,סנו סושי מגבונים לני,יחידה,0.00,יחידה,false,,19.90,0.0000,true,1,30571
7290107280068,false,2 תבניות אלומיניום X,,,2 תבניות אלומיניום X,יחידה,0.00,יחידה,false,,9.90,0.0000,true,1,30574
7290107280075,false,4 תבניות אלומיניום L,,,4 תבניות אלומיניום L,יחידה,0.00,יחידה,false,,9.90,0.0000,true,1,30575
7290107280082,false,7 תבניות אינגליש קיי,,,7 תבניות אינגליש קיי,יחידה,0.00,יחידה,false,,9.90,0.0000,true,1,30576
7290107280112,false,סנו סופט נייר טואלט,,,סנו סופט נייר טואלט,מטרים,441.00,מטר,false,,25.90,0.0587,true,1,30579
7290107280341,false,ריצפז מטליות לחות לנ,,,ריצפז מטליות לחות לנ,יחידה,0.00,יחידה,false,,11.90,0.0000,true,1,30584
7290107280389,false,סנו ג'ט מתז לאמבט 75,,,סנו ג'ט מתז לאמבט 75,מיליליטרים,750.00,"100 מ""ל",false,,12.90,0.0172,true,1,30585
7290107280396,false,סנו ג'ט מתז למטבח 75,,,סנו ג'ט מתז למטבח 75,מיליליטרים,750.00,"100 מ""ל",false,,12.90,0.0172,true,1,30586
7290107280549,false,"K-400 סנו קטן 300 מ""",,,"K-400 סנו קטן 300 מ""",מיליליטרים,300.00,"100 מ""ל",false,,12.90,0.0430,true,1,30593
7290107280563,false,סנו ג'ל אוקסיג'ן ביי,,,סנו ג'ל אוקסיג'ן ביי,ליטרים,3.00,ליטר,false,,30.90,10.3000,true,1,30595
7290107280570,false,מקסימה ג'ל כביסה מיק,,,מקסימה ג'ל כביסה מיק,ליטרים,3.00,ליטר,false,,33.90,11.3000,true,1,30596
7290107280716,false,סנו ספארק מלח למדיח,,,סנו ספארק מלח למדיח,קילוגרמים,2.00,"ק""ג",false,,12.90,6.4500,true,1,30606
7290107280723,false,סנו ספארק נוזל לניקו,,,סנו ספארק נוזל לניקו,מיליליטרים,700.00,"100 מ""ל",false,,9.90,0.0141,true,1,30607
7290107280730,false,סנו ספארק נוזל לניקו,,,סנו ספארק נוזל לניקו,מיליליטרים,700.00,"100 מ""ל",false,,9.90,0.0141,true,1,30609
7290107280747,false,סנו ספארק נוזל לניקו,,,סנו ספארק נוזל לניקו,מיליליטרים,700.00,"100 מ""ל",false,,9.90,0.0141,true,1,30610
7290107280761,false,ספארק נוזל לכלים לימ,,,ספארק נוזל לכלים לימ,יחידה,0.00,יחידה,false,,11.90,0.0000,true,1,30612
7290107341363,false,כבל מיקרו,,,כבל מיקרו,יחידה,0.00,יחידה,false,,19.90,0.0000,true,1,418180
7290107341370,false,כבל טייפ סי,,,כבל טייפ סי,יחידה,0.00,יחידה,false,,19.90,0.0000,true,1,418181
7290107347297,false,כבל 2 מטר מיקרו,,,כבל 2 מטר מיקרו,יחידה,0.00,יחידה,false,,19.90,0.0000,true,1,418184
7290107645591,false,מרק טעם עוף רכיבים ט,,,מרק טעם עוף רכיבים ט,גרמים,400.00,100 גרם,false,,14.90,0.0373,true,1,10605
7290107646062,false,מרק בצל רכיבים טבעיי,,,מרק בצל רכיבים טבעיי,גרמים,400.00,100 גרם,false,,19.90,0.0497,true,1,10617
7290107646154,false,חטיף קוקומן פצפוצים,,,חטיף קוקומן פצפוצים,גרמים,126.00,100 גרם,false,,12.90,0.1024,true,1,10619
7290107646925,false,ברנפלקס אקסטרה פייבר,,,ברנפלקס אקסטרה פייבר,גרמים,410.00,100 גרם,false,,21.90,0.0534,true,1,10650
7290107647731,false,קוקומן חום לבן 20% ת,,,קוקומן חום לבן 20% ת,גרמים,375.00,100 גרם,false,,19.90,0.0531,true,1,10672
7290107647816,false,ברנפלקס ללא סוכר בד',,,ברנפלקס ללא סוכר בד',גרמים,500.00,100 גרם,false,,20.90,0.0418,true,1,10679
7290107647823,false,"ברנפלקס תלמה בד""ץ 50",,,"ברנפלקס תלמה בד""ץ 50",גרמים,500.00,100 גרם,false,,20.90,0.0418,true,1,10680
7290107647854,false,שוגי 20% סוכר תלמה ב,,,שוגי 20% סוכר תלמה ב,גרמים,500.00,100 גרם,false,,19.90,0.0398,true,1,10682
7290107871990,false,פסטה צינורות אסם 500,,,פסטה צינורות אסם 500,גרמים,500.00,100 גרם,false,,5.90,0.0118,true,1,19004
7290107874502,false,ביסלי גריל 4*55 גרם,,,ביסלי גריל 4*55 גרם,גרמים,220.00,100 גרם,false,,12.90,0.0586,true,1,19026
7290107875004,false,פופקו חמאה ודבש מארז,,,פופקו חמאה ודבש מארז,גרמים,240.00,100 גרם,false,,18.90,0.0787,true,1,19031
7290107875271,false,ביסלי ברבקיו מארז 4*,,,ביסלי ברבקיו מארז 4*,גרמים,220.00,100 גרם,false,,12.90,0.0586,true,1,19037
7290107876889,false,במבה במילוי קרם נוגט,,,במבה במילוי קרם נוגט,גרמים,45.00,100 גרם,false,,4.50,0.1000,true,1,19063
7290107877619,false,במבה במילוי קרם נוגט,,,במבה במילוי קרם נוגט,גרמים,150.00,100 גרם,false,,13.90,0.0927,true,1,19072
7290107879521,false,לה פרוטה תות 5 יח,,,לה פרוטה תות 5 יח,גרמים,350.00,100 גרם,false,,23.90,0.0683,true,1,16193
7290107879569,false,לה פרוטה מנגו 5 יח,,,לה פרוטה מנגו 5 יח,גרמים,350.00,100 גרם,false,,23.90,0.0683,true,1,16194
7290107931397,false,כיף כף פצפצים 40גר`,,,כיף כף פצפצים 40גר`,גרמים,40.00,100 גרם,false,,4.90,0.1225,true,1,22715
7290107932080,false,יטבתה חלב בבקבוק 3%,,,יטבתה חלב בבקבוק 3%,ליטרים,1.00,ליטר,false,,7.70,7.7000,true,1,23629
7290107932134,false,יטבתה חלב בבקבוק 1%,,,יטבתה חלב בבקבוק 1%,ליטרים,1.00,ליטר,false,,7.70,7.7000,true,1,23631
7290107933155,false,לקט סלנובה 200 גרם,,,לקט סלנובה 200 גרם,גרמים,200.00,100 גרם,false,,12.90,0.0645,true,1,23632
7290107933193,false,שטראוס סלק מבושל בוו,,,שטראוס סלק מבושל בוו,גרמים,500.00,100 גרם,false,,7.90,0.0158,true,1,23633
7290107934473,false,אקטיביה מארז מיוחד 1,,,אקטיביה מארז מיוחד 1,קילוגרמים,1.20,"ק""ג",false,,19.90,16.5833,true,1,23646
7290107936309,false,דנונה יווני לבן 130,,,דנונה יווני לבן 130,גרמים,130.00,100 גרם,false,,3.30,0.0254,true,1,23652
7290107937542,false,משקה אקטיביה תות 1.2,,,משקה אקטיביה תות 1.2,מיליליטרים,265.00,"100 מ""ל",false,,4.90,0.0185,true,1,23657
7290107937627,false,צנצנת קוביות ספירמינ,,,צנצנת קוביות ספירמינ,גרמים,58.00,100 גרם,false,,9.90,0.1707,true,1,22763
7290107937634,false,צנצנת קוביות פפירמינ,,,צנצנת קוביות פפירמינ,גרמים,58.00,100 גרם,false,,9.90,0.1707,true,1,22764
7290107937641,false,צנצנת קוביות בזוקה 5,,,צנצנת קוביות בזוקה 5,גרמים,58.00,100 גרם,false,,9.90,0.1707,true,1,22765
7290107937856,false,עלית קפסולות בטעם נס,,,עלית קפסולות בטעם נס,גרמים,50.00,100 גרם,false,,16.90,0.3380,true,1,22768
7290107938396,false,דנונה Actimel בנים ב,,,דנונה Actimel בנים ב,גרמים,864.00,100 גרם,false,,20.90,0.0242,true,1,23663
7290107940030,false,חומוס אחלה 650 גר,,,חומוס אחלה 650 גר,גרמים,650.00,100 גרם,false,,8.90,0.0137,true,1,23680
7290107940467,false,דנונה אקטיביה יוגורט,,,דנונה אקטיביה יוגורט,גרמים,200.00,100 גרם,false,,3.90,0.0195,true,1,23686
7290107943192,false,יטבתה שמנת 27% 200מ,,,יטבתה שמנת 27% 200מ,מיליליטרים,200.00,"100 מ""ל",false,,3.90,0.0195,true,1,23724
7290107944472,false,סימפוניה 5% שום שמיר,,,סימפוניה 5% שום שמיר,גרמים,200.00,100 גרם,false,,11.50,0.0575,true,1,23731
7290107945165,false,יד מרדכי קונפיטורת מ,,,יד מרדכי קונפיטורת מ,גרמים,340.00,100 גרם,false,,11.90,0.0350,true,1,22836
7290107948265,false,עדשים מיני מיני חלבי,,,עדשים מיני מיני חלבי,גרמים,170.00,100 גרם,false,,14.90,0.0876,true,1,22867
7290107950190,false,מעדן דיאט שוקולד מרי,,,מעדן דיאט שוקולד מרי,גרמים,130.00,100 גרם,false,,3.50,0.0269,true,1,23791
7290107950206,false,מעדן דיאט שוקולד % 0,,,מעדן דיאט שוקולד % 0,גרמים,130.00,100 גרם,false,,3.50,0.0269,true,1,23792
7290107951104,false,בפלות 200 גרם שוקולד,,,בפלות 200 גרם שוקולד,גרמים,200.00,100 גרם,false,,3.90,0.0195,true,1,22872
7290107951715,false,מאסט צנצנת קוביות ענ,,,מאסט צנצנת קוביות ענ,גרמים,58.00,100 גרם,false,,9.90,0.1707,true,1,22888
7290107953559,false,קפה טורקי לדרך 168 ג,,,קפה טורקי לדרך 168 ג,גרמים,168.00,100 גרם,false,,17.90,0.1065,true,1,22899
7290107954709,false,יד מרדכי קונפיטורת פ,,,יד מרדכי קונפיטורת פ,גרמים,340.00,100 גרם,false,,11.90,0.0350,true,1,22920
7290107954976,false,משקה פרו בטעם קפה יט,,,משקה פרו בטעם קפה יט,מיליליטרים,350.00,"100 מ""ל",false,,6.90,0.0197,true,1,23858
7290107956901,false,עלית קפסולות אספרסו,,,עלית קפסולות אספרסו,גרמים,150.00,100 גרם,false,,16.90,0.1127,true,1,22962
7290107956925,false,עלית קפסולות אוגנדה,,,עלית קפסולות אוגנדה,גרמים,50.00,100 גרם,false,,16.90,0.3380,true,1,22963
7290107956932,false,עלית קפסולות אידונזי,,,עלית קפסולות אידונזי,גרמים,50.00,100 גרם,false,,16.90,0.3380,true,1,22964
7290107957991,false,"מילקי מייניס 9*16 מ""",,,"מילקי מייניס 9*16 מ""",גרמים,144.00,100 גרם,false,,13.90,0.0965,true,1,23891
7290107958035,false,8 דנונה מתיקות מעודנ,,,8 דנונה מתיקות מעודנ,קילוגרמים,1.20,"ק""ג",false,,18.50,15.4167,true,1,23892
7290107973014,false,פלמוליב סבון ידיים ח,,,פלמוליב סבון ידיים ח,מיליליטרים,300.00,"100 מ""ל",false,,9.90,0.0330,true,1,21702
7290107973861,false,עגבניות קצוצות דק מא,,,עגבניות קצוצות דק מא,קילוגרמים,1.20,"ק""ג",false,,15.90,13.2500,true,1,21714
7290107974066,false,עלי טורטיה קמח מלא מ,,,עלי טורטיה קמח מלא מ,גרמים,320.00,100 גרם,false,,9.90,0.0309,true,1,21719
7290107974073,false,עלי טורטיה קמח לבן מ,,,עלי טורטיה קמח לבן מ,גרמים,320.00,100 גרם,false,,9.90,0.0309,true,1,21720
7290107974080,false,עלי טורטיה קמח לבן מ,,,עלי טורטיה קמח לבן מ,גרמים,820.00,100 גרם,false,,16.90,0.0206,true,1,21721
7290107974806,false,אורז בסמטי מאסטר שף,,,אורז בסמטי מאסטר שף,קילוגרמים,1.00,"ק""ג",false,,10.90,10.9000,true,1,21729
7290107974813,false,אורז יסמין מאסטר שף,,,אורז יסמין מאסטר שף,קילוגרמים,1.00,"ק""ג",false,,9.90,9.9000,true,1,21730
7290107978101,false,אופטיק וייט אקסטרה פ,,,אופטיק וייט אקסטרה פ,מיליליטרים,75.00,"100 מ""ל",false,,29.90,0.3987,true,1,21767
7290107978323,false,איטריות דקיקות מאסטר,,,איטריות דקיקות מאסטר,גרמים,400.00,100 גרם,false,,5.90,0.0148,true,1,21768
7290107978330,false,איטריות דקות מאסטר ש,,,איטריות דקות מאסטר ש,גרמים,400.00,100 גרם,false,,5.90,0.0148,true,1,21769
7290107978347,false,איטריות בינוניות מאס,,,איטריות בינוניות מאס,גרמים,400.00,100 גרם,false,,5.90,0.0148,true,1,21770
7290108350128,false,סנו סושי שקיות חזקות,,,סנו סושי שקיות חזקות,יחידה,0.00,יחידה,false,,24.90,0.0000,true,1,30619
7290108350142,false,סנו סושי שקיות רב שי,,,סנו סושי שקיות רב שי,יחידה,0.00,יחידה,false,,14.90,0.0000,true,1,30621
7290108350180,false,סנו סושי מפיות מודפס,,,סנו סושי מפיות מודפס,יחידה,0.00,יחידה,false,,7.90,0.0000,true,1,30624
7290108350203,false,כריות קרצוף עם ספוג,,,כריות קרצוף עם ספוג,יחידה,0.00,יחידה,false,,9.90,0.0000,true,1,30626
7290108350531,false,סנו ספארק משאבה בניח,,,סנו ספארק משאבה בניח,ליטרים,1.00,ליטר,false,,11.90,11.9000,true,1,30635
7290108350548,false,סנו ספארק משאבה בניח,,,סנו ספארק משאבה בניח,ליטרים,1.00,ליטר,false,,11.90,11.9000,true,1,30636
7290108350555,false,סנו ספארק משאבה בניח,,,סנו ספארק משאבה בניח,ליטרים,1.00,ליטר,false,,11.90,11.9000,true,1,30637
7290108350586,false,ספארק נוזל כלים בניח,,,ספארק נוזל כלים בניח,ליטרים,1.50,ליטר,false,,14.90,9.9333,true,1,30639
7290108350616,false,מרכך כביסה מקסימה סו,,,מרכך כביסה מקסימה סו,יחידה,0.00,יחידה,false,,18.90,0.0000,true,1,30642
7290108350692,false,אבקת כביסה סנו מקסימ,,,אבקת כביסה סנו מקסימ,קילוגרמים,6.00,"ק""ג",false,,49.90,8.3167,true,1,30648
7290108351156,false,סנו ג`ט פלוס לניקוי,,,סנו ג`ט פלוס לניקוי,יחידה,0.00,יחידה,false,,12.90,0.0000,true,1,30675
7290108351514,false,מרכך כביסה סנו מקסימ,,,מרכך כביסה סנו מקסימ,ליטרים,4.00,ליטר,false,,22.90,5.7250,true,1,30678
7290108351521,false,סנו מקסימה ג`ל כביסה,,,סנו מקסימה ג`ל כביסה,ליטרים,5.00,ליטר,false,,47.90,9.5800,true,1,30679
7290108351552,false,סנו ג'ט מתז חומץ 750,,,סנו ג'ט מתז חומץ 750,מיליליטרים,750.00,"100 מ""ל",false,,12.90,0.0172,true,1,30682
7290108351583,false,סנו ג'ט+לניקוי אסלות,,,סנו ג'ט+לניקוי אסלות,מיליליטרים,750.00,"100 מ""ל",false,,11.90,0.0159,true,1,30684
7290108351606,false,סנו פרש הום סופט סיל,,,סנו פרש הום סופט סיל,מיליליטרים,350.00,"100 מ""ל",false,,11.90,0.0340,true,1,30686
7290108351613,false,ריצפז פרש הום מלון ח,,,ריצפז פרש הום מלון ח,ליטרים,2.00,ליטר,false,,21.90,10.9500,true,1,30687
7290108351675,false,ג'ל כביסה סנו מקסימה,,,ג'ל כביסה סנו מקסימה,ליטרים,5.00,ליטר,false,,47.90,9.5800,true,1,30693
7290108351682,false,ג'ל כביסה סנו מקסימה,,,ג'ל כביסה סנו מקסימה,ליטרים,5.00,ליטר,false,,47.90,9.5800,true,1,30694
7290108351699,false,מגבונים ג'ט+חומץ מאר,,,מגבונים ג'ט+חומץ מאר,יחידה,0.00,יחידה,false,,18.90,0.0000,true,1,30695
7290108351729,false,נוזל לניקוי אסלה 750,,,נוזל לניקוי אסלה 750,מיליליטרים,750.00,"100 מ""ל",false,,9.90,0.0132,true,1,68866
7290108351781,false,סנו ג'ט+לניקוי אסלות,,,סנו ג'ט+לניקוי אסלות,מיליליטרים,750.00,"100 מ""ל",false,,11.90,0.0159,true,1,30700
7290108351804,false,סנו מקסימה מרכך כביס,,,סנו מקסימה מרכך כביס,יחידה,0.00,יחידה,false,,18.90,0.0000,true,1,30701
7290108351811,false,סנו מקסימה מרכך כביס,,,סנו מקסימה מרכך כביס,יחידה,0.00,יחידה,false,,18.90,0.0000,true,1,30702
7290108351835,false,מרכך כביסה סנו מקסימ,,,מרכך כביסה סנו מקסימ,ליטרים,4.00,ליטר,false,,22.90,5.7250,true,1,30703
7290108351927,false,סנו ספארק טבליות למד,,,סנו ספארק טבליות למד,קילוגרמים,1.40,"ק""ג",false,,40.90,29.2143,true,1,30709
7290108351934,false,סנובון סבון אסלה מוצ,,,סנובון סבון אסלה מוצ,יחידה,0.00,יחידה,false,,13.90,0.0000,true,1,30710
7290108351965,false,ג'ט סבון אסלה חומץ ו,,,ג'ט סבון אסלה חומץ ו,יחידה,0.00,יחידה,false,,11.90,0.0000,true,1,30713
7290108351972,false,סנו פרש הום יבש לבית,,,סנו פרש הום יבש לבית,יחידה,200.00,יחידה,false,,11.90,0.0595,true,1,30714
7290108352047,false,אורביטול מברשת לחניכ,,,אורביטול מברשת לחניכ,יחידה,0.00,יחידה,false,,19.90,0.0000,true,1,361279
7290108352054,false,אורביטול מברשת לניקו,,,אורביטול מברשת לניקו,יחידה,0.00,יחידה,false,,19.90,0.0000,true,1,361280
7290108352108,false,אורביטול משחת שיניים,,,אורביטול משחת שיניים,גרמים,145.00,100 גרם,false,,14.90,0.1028,true,1,80689
7290108352207,false,קפס' כביסה בניחוח פל,,,קפס' כביסה בניחוח פל,גרמים,840.00,100 גרם,false,,35.90,0.0427,true,1,67523
7290108352382,false,סנו מגבונים אישי 99,,,סנו מגבונים אישי 99,יחידה,0.00,יחידה,false,,11.90,0.0000,true,1,82533
7290108352436,false,סנובון מוצק שלישיה כ,,,סנובון מוצק שלישיה כ,גרמים,165.00,100 גרם,false,,16.90,0.1024,true,1,93190
7290108352443,false,סנובון מוצק שלישיה כ,,,סנובון מוצק שלישיה כ,גרמים,165.00,100 גרם,false,,16.90,0.1024,true,1,93191
7290108352450,false,ריצפז פרש הום בניחוח,,,ריצפז פרש הום בניחוח,ליטרים,2.00,ליטר,false,,21.90,10.9500,true,1,100206
7290108352474,false,מטהר אוויר סנומוד לי,,,מטהר אוויר סנומוד לי,מיליליטרים,150.00,"100 מ""ל",false,,11.90,0.0793,true,1,132501
7290108352481,false,מטהר אוויר סנומוד טר,,,מטהר אוויר סנומוד טר,מיליליטרים,150.00,"100 מ""ל",false,,11.90,0.0793,true,1,132502
7290108352528,false,מתז לחיטוי וניקוי חד,,,מתז לחיטוי וניקוי חד,מיליליטרים,750.00,"100 מ""ל",false,,12.90,0.0172,true,1,300179
7290108352535,false,דפי בישום לחים למייב,,,דפי בישום לחים למייב,יחידה,0.00,יחידה,false,,12.90,0.0000,true,1,230360
7290108352566,false,מרכך JOY בבישום עוצמ,,,מרכך JOY בבישום עוצמ,ליטרים,4.00,ליטר,false,,22.90,5.7250,true,1,230278
7290108352573,false,מרכך כביסה CALM בבי,,,מרכך כביסה CALM בבי,ליטרים,4.00,ליטר,false,,22.90,5.7250,true,1,383541
7290108352672,false,סנו סושי זוג מטלית ה,,,סנו סושי זוג מטלית ה,יחידה,0.00,יחידה,false,,19.90,0.0000,true,1,30727
7290108352689,false,כריות קרצוף ללכלוך ק,,,כריות קרצוף ללכלוך ק,יחידה,0.00,יחידה,false,,9.90,0.0000,true,1,30728
7290108352795,false,סנו סושי שקיות זיפר,,,סנו סושי שקיות זיפר,יחידה,0.00,יחידה,false,,12.90,0.0000,true,1,30733
7290108352801,false,סנו סושי 100 שקיות א,,,סנו סושי 100 שקיות א,יח',100.00,יח',false,,19.90,0.1990,true,1,30734
7290108352825,false,סנו סושי-ספוג הפלא נ,,,סנו סושי-ספוג הפלא נ,יח',3.00,יח',false,,9.90,3.3000,true,1,30736
7290108352863,false,סנו סושי-20 שקיות צל,,,סנו סושי-20 שקיות צל,יחידה,0.00,יחידה,false,,7.90,0.0000,true,1,30739
7290108352870,false,סנו סושי-10 שקיות צל,,,סנו סושי-10 שקיות צל,יחידה,0.00,יחידה,false,,7.90,0.0000,true,1,30740
7290108353006,false,סנו סושי 250 שקיות א,,,סנו סושי 250 שקיות א,יחידה,0.00,יחידה,false,,13.90,0.0000,true,1,30753
7290108353013,false,סנו-סושי 5 תבניות א,,,סנו-סושי 5 תבניות א,יחידה,0.00,יחידה,false,,12.90,0.0000,true,1,30754
7290108353044,false,סנו-סושי 24 סנו סושי,,,סנו-סושי 24 סנו סושי,יחידה,0.00,יחידה,false,,12.90,0.0000,true,1,30757
7290108353051,false,סנו-סושי- 24 סנו סוש,,,סנו-סושי- 24 סנו סוש,יחידה,0.00,יחידה,false,,12.90,0.0000,true,1,30758
7290108353068,false,סנו סושי-כרית קרצוף,,,סנו סושי-כרית קרצוף,יח',3.00,יח',false,,9.90,3.3000,true,1,30759
7290108353075,false,סנו סושי 50 מפיות אי,,,סנו סושי 50 מפיות אי,יחידה,0.00,יחידה,false,,10.90,0.0000,true,1,30760
7290108353082,false,סנו סופט 120 ממחטות,,,סנו סופט 120 ממחטות,יחידה,0.00,יחידה,false,,9.90,0.0000,true,1,30761
7290108353334,false,שמפו למניעת קשקשים ע,,,שמפו למניעת קשקשים ע,מיליליטרים,700.00,"100 מ""ל",false,,11.90,0.0170,true,1,30763
7290108353396,false,צמד מברשות שיניים או,,,צמד מברשות שיניים או,יחידה,0.00,יחידה,false,,19.90,0.0000,true,1,30765
7290108353471,false,סנובון דזיין בניחוח,,,סנובון דזיין בניחוח,יחידה,0.00,יחידה,false,,6.90,0.0000,true,1,30770
7290108353532,false,שקיות אשפה בגליל סנו,,,שקיות אשפה בגליל סנו,יחידה,0.00,יחידה,false,,30.90,0.0000,true,1,30775
7290108353549,false,נייר אפיה סנו סושי 1,,,נייר אפיה סנו סושי 1,יחידה,0.00,יחידה,false,,19.90,0.0000,true,1,30776
7290108353648,false,סנו סושי 70 שקיות או,,,סנו סושי 70 שקיות או,יחידה,0.00,יחידה,false,,10.90,0.0000,true,1,80758
7290108353655,false,סנו סושי 50 מפיות אי,,,סנו סושי 50 מפיות אי,יחידה,0.00,יחידה,false,,10.90,0.0000,true,1,30777
7290108353662,false,סנוסושי מפת שולחן מו,,,סנוסושי מפת שולחן מו,יחידה,0.00,יחידה,false,,10.90,0.0000,true,1,488099
7290108353723,false,תחליב רחצה חימר תה י,,,תחליב רחצה חימר תה י,מיליליטרים,500.00,"100 מ""ל",false,,12.90,0.0258,true,1,385981
7290108354270,false,מרכך בבישום עוצמתי מ,,,מרכך בבישום עוצמתי מ,ליטרים,1.00,ליטר,false,,18.90,18.9000,true,1,230250
7290108354447,false,מרכך כיף לשיקום והזנ,,,מרכך כיף לשיקום והזנ,מיליליטרים,700.00,"100 מ""ל",false,,11.90,0.0170,true,1,127300
7290108354706,false,תחליב רחצה מאסק קרמה,,,תחליב רחצה מאסק קרמה,מיליליטרים,500.00,"100 מ""ל",false,,12.90,0.0258,true,1,230318
7290108354713,false,תחליב רחצה קלאסי קרמ,,,תחליב רחצה קלאסי קרמ,מיליליטרים,500.00,"100 מ""ל",false,,12.90,0.0258,true,1,230319
7290108354751,false,מתז JET+בתוספת סודה,,,מתז JET+בתוספת סודה,מיליליטרים,750.00,"100 מ""ל",false,,12.90,0.0172,true,1,30778
7290108355031,false,אל סבון מיניונים נקה,,,אל סבון מיניונים נקה,מיליליטרים,750.00,"100 מ""ל",false,,11.90,0.0159,true,1,30787
7290108355062,false,לחות מקצועית עם קרטי,,,לחות מקצועית עם קרטי,מיליליטרים,400.00,"100 מ""ל",false,,30.90,0.0772,true,1,30789
7290108355178,false,קרם ידיים קרמה חמאת,,,קרם ידיים קרמה חמאת,מיליליטרים,100.00,"100 מ""ל",false,,9.90,0.0990,true,1,93193
7290108355260,false,שמפו ג'ל רחצה וסבון,,,שמפו ג'ל רחצה וסבון,מיליליטרים,750.00,"100 מ""ל",false,,11.90,0.0159,true,1,30804
7290108355277,false,נקה 7 מן 2 ב-1 שמפו,,,נקה 7 מן 2 ב-1 שמפו,מיליליטרים,750.00,"100 מ""ל",false,,11.90,0.0159,true,1,30805
7290108355482,false,דאודורנט רול און לבנ,,,דאודורנט רול און לבנ,מיליליטרים,75.00,"100 מ""ל",false,,12.90,0.1720,true,1,88879
7290108355543,false,דאודורנט ספריי ReFre,,,דאודורנט ספריי ReFre,מיליליטרים,150.00,"100 מ""ל",false,,12.90,0.0860,true,1,216756
7290108355949,false,קרמה תחליב רחצה נרול,,,קרמה תחליב רחצה נרול,מיליליטרים,700.00,"100 מ""ל",false,,16.90,0.0241,true,1,87547
7290108356229,false,גל גילוח קרמה מן קרב,,,גל גילוח קרמה מן קרב,מיליליטרים,200.00,"100 מ""ל",false,,10.90,0.0545,true,1,80742
7290108356281,false,ת.רחצה כיף בניחוח אנ,,,ת.רחצה כיף בניחוח אנ,מיליליטרים,700.00,"100 מ""ל",false,,12.90,0.0184,true,1,64562
7290108356298,false,מוס רחצה בניחוח קרם,,,מוס רחצה בניחוח קרם,מיליליטרים,200.00,"100 מ""ל",false,,12.90,0.0645,true,1,230184
7290108356519,false,שמפו לשיער בתוספת שמ,,,שמפו לשיער בתוספת שמ,מיליליטרים,700.00,"100 מ""ל",false,,13.90,0.0199,true,1,302700
7290108356526,false,שמפו לשיער יבש קרליי,,,שמפו לשיער יבש קרליי,מיליליטרים,700.00,"100 מ""ל",false,,13.90,0.0199,true,1,302714
7290108356557,false,שמפו למניעת קשקשים ק,,,שמפו למניעת קשקשים ק,מיליליטרים,700.00,"100 מ""ל",false,,13.90,0.0199,true,1,302743
7290108356564,false,מרכך לשיער רגיל קרלי,,,מרכך לשיער רגיל קרלי,מיליליטרים,700.00,"100 מ""ל",false,,13.90,0.0199,true,1,302757
7290108356571,false,מרכך לשיער יבש קרליי,,,מרכך לשיער יבש קרליי,מיליליטרים,700.00,"100 מ""ל",false,,13.90,0.0199,true,1,302771
7290108356595,false,מרכך לשיער צבוע קרלי,,,מרכך לשיער צבוע קרלי,מיליליטרים,700.00,"100 מ""ל",false,,13.90,0.0199,true,1,302786
7290108356809,false,סבון בוטני לניקוי יד,,,סבון בוטני לניקוי יד,ליטרים,1.00,ליטר,false,,15.90,15.9000,true,1,536020
7290108356816,false,סבון בוטני גרניום לנ,,,סבון בוטני גרניום לנ,ליטרים,1.00,ליטר,false,,15.90,15.9000,true,1,536036
7290108357059,false,דיאודורנט רול און בנ,,,דיאודורנט רול און בנ,מיליליטרים,75.00,"100 מ""ל",false,,12.90,0.1720,true,1,385877
7290108357097,false,דיאודורנט ספריי בניח,,,דיאודורנט ספריי בניח,מיליליטרים,150.00,"100 מ""ל",false,,12.90,0.0860,true,1,385923
7290108357196,false,סנו ג'ט פלוס לניקוי,,,סנו ג'ט פלוס לניקוי,מיליליטרים,750.00,"100 מ""ל",false,,12.90,0.0172,true,1,178131
7290108357202,false,סנו קליר אקדח בניחוח,,,סנו קליר אקדח בניחוח,ליטרים,1.00,ליטר,false,,11.90,11.9000,true,1,133055
7290108357240,false,אוקסיג'ן אבקה תוסף ל,,,אוקסיג'ן אבקה תוסף ל,קילוגרמים,1.40,"ק""ג",false,,29.90,21.3571,true,1,345406
7290108357264,false,מבשם לבית בניחוח אול,,,מבשם לבית בניחוח אול,גרמים,250.00,100 גרם,false,,13.90,0.0556,true,1,489933
7290108357288,false,סנו ז'אוול בניחוח פר,,,סנו ז'אוול בניחוח פר,ליטרים,4.00,ליטר,false,,16.90,4.2250,true,1,350439
7290108357295,false,מרסס אוקסיג'ן מסיר כ,,,מרסס אוקסיג'ן מסיר כ,מיליליטרים,750.00,"100 מ""ל",false,,17.90,0.0239,true,1,489962
7290108357394,false,קרמה תחליב רחצה חלב,,,קרמה תחליב רחצה חלב,מיליליטרים,700.00,"100 מ""ל",false,,16.90,0.0241,true,1,133017
7290108357400,false,קרמה תחליב רחצה לבנד,,,קרמה תחליב רחצה לבנד,מיליליטרים,700.00,"100 מ""ל",false,,16.90,0.0241,true,1,87548
7290108357493,false,קרמה תחליב רחצה וניל,,,קרמה תחליב רחצה וניל,מיליליטרים,700.00,"100 מ""ל",false,,16.90,0.0241,true,1,132992
7290108357578,false,קרם ידיים בניחוח וני,,,קרם ידיים בניחוח וני,מיליליטרים,100.00,"100 מ""ל",false,,9.90,0.0990,true,1,230264
7290108357653,false,סנובון סבון ג'ל לאסל,,,סנובון סבון ג'ל לאסל,גרמים,315.00,100 גרם,false,,16.90,0.0537,true,1,579985
7290108357660,false,סנובון סבון ג'ל לאסל,,,סנובון סבון ג'ל לאסל,גרמים,315.00,100 גרם,false,,16.90,0.0537,true,1,579986
7290108357714,false,שמפו לשיער יבש רימונ,,,שמפו לשיער יבש רימונ,מיליליטרים,700.00,"100 מ""ל",false,,11.90,0.0170,true,1,30844
7290108357745,false,שמפו ומרכך תאנה ומנט,,,שמפו ומרכך תאנה ומנט,מיליליטרים,700.00,"100 מ""ל",false,,11.90,0.0170,true,1,30846
7290108357776,false,מרכך לשיער יבש רימונ,,,מרכך לשיער יבש רימונ,מיליליטרים,700.00,"100 מ""ל",false,,11.90,0.0170,true,1,30849
7290108357837,false,אל סבון כיף שקית מיל,,,אל סבון כיף שקית מיל,ליטרים,1.00,ליטר,false,,8.90,8.9000,true,1,490152
7290108357844,false,אל סבון כיף שקית מיל,,,אל סבון כיף שקית מיל,ליטרים,1.00,ליטר,false,,8.90,8.9000,true,1,490153
7290108357882,false,מרכך לחות מוגברת אפר,,,מרכך לחות מוגברת אפר,מיליליטרים,700.00,"100 מ""ל",false,,11.90,0.0170,true,1,385758
7290108358094,false,תחליב רחצה חמאת שיאה,,,תחליב רחצה חמאת שיאה,מיליליטרים,500.00,"100 מ""ל",false,,12.90,0.0258,true,1,230333
7290108358100,false,מקלות ריחניים לבית ב,,,מקלות ריחניים לבית ב,מיליליטרים,100.00,"100 מ""ל",false,,19.90,0.1990,true,1,345421
7290108358117,false,מקלות ריחניים לבית ב,,,מקלות ריחניים לבית ב,מיליליטרים,100.00,"100 מ""ל",false,,19.90,0.1990,true,1,345422
7290108358124,false,דפי בישום לחים למייב,,,דפי בישום לחים למייב,יחידה,0.00,יחידה,false,,12.90,0.0000,true,1,579939
7290108359077,false,ממחטות אף בקופסא 3 ש,,,ממחטות אף בקופסא 3 ש,יחידה,0.00,יחידה,false,,12.90,0.0000,true,1,306728
7290108359084,false,סנו סושי כיסוי ניילו,,,סנו סושי כיסוי ניילו,יחידה,0.00,יחידה,false,,11.90,0.0000,true,1,565166
7290108359091,false,סנו סושי כיסוי ניילו,,,סנו סושי כיסוי ניילו,יחידה,0.00,יחידה,false,,11.90,0.0000,true,1,565182
7290108359152,false,סנו סושי-6 תבניות אל,,,סנו סושי-6 תבניות אל,יחידה,0.00,יחידה,false,,11.90,0.0000,true,1,561437
7290108359169,false,סנו סושי-6 תבניות אל,,,סנו סושי-6 תבניות אל,יחידה,0.00,יחידה,false,,11.90,0.0000,true,1,561453
7290108359190,false,סנו סושי מגבות הפלא,,,סנו סושי מגבות הפלא,יחידה,0.00,יחידה,false,,24.90,0.0000,true,1,585370
7290108359831,false,שמן גוף בייבי כיף 50,,,שמן גוף בייבי כיף 50,מיליליטרים,500.00,"100 מ""ל",false,,21.90,0.0438,true,1,30853
7290108359862,false,אלסבון HYDROMOIST ב,,,אלסבון HYDROMOIST ב,ליטרים,1.00,ליטר,false,,18.90,18.9000,true,1,30856
7290108359893,false,תחליב רחצה HYDROMOIS,,,תחליב רחצה HYDROMOIS,מיליליטרים,750.00,"100 מ""ל",false,,15.90,0.0212,true,1,30859
7290108500271,false,פטריות חתוך ויליפוד,,,פטריות חתוך ויליפוד,גרמים,870.00,100 גרם,false,,11.90,0.0137,true,1,3039
7290108500677,false,כבד דג שיבוט בשמן וי,,,כבד דג שיבוט בשמן וי,גרמים,115.00,100 גרם,false,,8.90,0.0774,true,1,3046
7290108502305,false,גבינת גרנה פדנו משול,,,גבינת גרנה פדנו משול,גרמים,150.00,100 גרם,false,,16.90,0.1127,true,1,3133
7290108502381,false,תחתיות לפיצה קוטר 26,,,תחתיות לפיצה קוטר 26,יחידה,0.00,יחידה,false,,12.90,0.0000,true,1,3136
7290108502862,false,מלפפונים כבושים במלח,,,מלפפונים כבושים במלח,גרמים,600.00,100 גרם,false,,8.90,0.0148,true,1,3170
7290108503043,false,מארז רביעייה תפוחוני,,,מארז רביעייה תפוחוני,גרמים,88.00,100 גרם,false,,12.90,0.1466,true,1,3181
7290108503067,false,פרמז'נו משולש 150 גר,,,פרמז'נו משולש 150 גר,גרמים,150.00,100 גרם,false,,13.90,0.0927,true,1,3183
7290108504286,false,איבריקו צ'אנק 150 גר,,,איבריקו צ'אנק 150 גר,גרמים,150.00,100 גרם,false,,16.90,0.1127,true,1,3244
7290108504934,false,דפי אורז למילוי קוטר,,,דפי אורז למילוי קוטר,גרמים,300.00,100 גרם,false,,9.90,0.0330,true,1,364485
7290108505740,false,גבינת קשקבל חצי קשה,,,גבינת קשקבל חצי קשה,גרמים,200.00,100 גרם,false,,12.90,0.0645,true,1,70552
7290108506501,false,אצבעות בצק פילו ממול,,,אצבעות בצק פילו ממול,גרמים,500.00,100 גרם,false,,15.90,0.0318,true,1,373042
7290108508536,false,גרגרי חומוס מבושלים,,,גרגרי חומוס מבושלים,גרמים,700.00,100 גרם,false,,10.00,0.0143,true,1,165425
7290108508574,false,פסטה ברוטב עגבניות פ,,,פסטה ברוטב עגבניות פ,גרמים,250.00,100 גרם,false,,6.90,0.0276,true,1,165428
7290108509090,false,גבינה מותכת משולשים,,,גבינה מותכת משולשים,גרמים,200.00,100 גרם,false,,14.90,0.0745,true,1,185645
7290108509113,false,גבינה בולגרית מעודנת,,,גבינה בולגרית מעודנת,גרמים,250.00,100 גרם,false,,11.90,0.0476,true,1,173937
7290108509199,false,גבינה פטה 500 גרם -,,,גבינה פטה 500 גרם -,גרמים,500.00,100 גרם,false,,22.90,0.0458,true,1,176395
7290108509205,false,חטיף אורז אפוי לתינו,,,חטיף אורז אפוי לתינו,גרמים,50.00,100 גרם,false,,11.90,0.2380,true,1,290461
7290108509229,false,חטיף אורז אפוי לתינו,,,חטיף אורז אפוי לתינו,גרמים,50.00,100 גרם,false,,11.90,0.2380,true,1,290462
7290108509618,false,זיתים ירוקים על הגרי,,,זיתים ירוקים על הגרי,גרמים,730.00,100 גרם,false,,19.90,0.0273,true,1,213628
7290108509960,false,שלישיית נתחי טונה בה,,,שלישיית נתחי טונה בה,גרמים,240.00,100 גרם,false,,14.90,0.0621,true,1,290542
7290109071985,false,כפפות גבר,,,כפפות גבר,יחידה,0.00,יחידה,false,,29.90,0.0000,true,1,31381
7290109351025,false,מלך החומוס חומוס טחי,,,מלך החומוס חומוס טחי,גרמים,400.00,100 גרם,false,,13.90,0.0348,true,1,19961
7290109354057,false,"מאגדת 5 י""ח לה פרוטה",,,"מאגדת 5 י""ח לה פרוטה",גרמים,350.00,100 גרם,false,,23.90,0.0683,true,1,16207
7290109354101,false,לחמית ללא גלוטן 200,,,לחמית ללא גלוטן 200,גרמים,200.00,100 גרם,false,,9.90,0.0495,true,1,19152
7290109354996,false,אסם פתי בר ללא גלוטן,,,אסם פתי בר ללא גלוטן,גרמים,200.00,100 גרם,false,,9.90,0.0495,true,1,19157
7290109580043,false,זוגלובק שניצל תירס 1,,,זוגלובק שניצל תירס 1,קילוגרמים,1.75,"ק""ג",false,,49.90,28.5143,true,1,103711
7290109580111,false,צלעות אסאדו מעושנות,,,צלעות אסאדו מעושנות,גרמים,180.00,100 גרם,false,,24.90,0.1383,true,1,344754
7290109580135,false,קורנדביף זוגלובק פרמ,,,קורנדביף זוגלובק פרמ,גרמים,180.00,100 גרם,false,,24.90,0.1383,true,1,140861
7290109580319,false,בורגר מן הצומח וונדר,,,בורגר מן הצומח וונדר,גרמים,280.00,100 גרם,false,,29.90,0.1068,true,1,302972
7290109640761,false,מאפה פילאס טבעוני במ,,,מאפה פילאס טבעוני במ,גרמים,600.00,100 גרם,false,,22.90,0.0382,true,1,219529
7290109920597,false,אסטוניש מרסס למקלחון,,,אסטוניש מרסס למקלחון,מיליליטרים,750.00,"100 מ""ל",false,,11.90,0.0159,true,1,11403
7290109920627,false,"אסטוניש קרם 500 מ""ל",,,"אסטוניש קרם 500 מ""ל",מיליליטרים,500.00,"100 מ""ל",false,,12.90,0.0258,true,1,11405
7290109920658,false,אסטוניש מרסס אנטי בק,,,אסטוניש מרסס אנטי בק,מיליליטרים,750.00,"100 מ""ל",false,,11.90,0.0159,true,1,11406
7290109921587,false,יעקבי רצפות גרניט פו,,,יעקבי רצפות גרניט פו,ליטרים,1.25,ליטר,false,,14.90,11.9200,true,1,11427
7290110058814,false,שלישיית ביצי שוקולד,,,שלישיית ביצי שוקולד,גרמים,60.00,100 גרם,false,,12.90,0.2150,true,1,33420
7290110110369,false,שישיית בירה קרלסברג,,,שישיית בירה קרלסברג,ליטרים,1.98,ליטר,false,,35.90,18.1313,true,1,74092
7290110110659,false,סליק ספרייט חדש 330,,,סליק ספרייט חדש 330,מיליליטרים,330.00,"100 מ""ל",false,,5.50,0.0167,true,1,7196
7290110113476,false,קרלסברג 0.0 בקבוק 6*,,,קרלסברג 0.0 בקבוק 6*,ליטרים,1.98,ליטר,false,,30.90,15.6061,true,1,52363
7290110114787,false,נביעות + תפוח 1.5 לי,,,נביעות + תפוח 1.5 לי,ליטרים,1.50,ליטר,false,,8.90,5.9333,true,1,242634
7290110114794,false,נביעות + אפרסק 1.5 ל,,,נביעות + אפרסק 1.5 ל,ליטרים,1.50,ליטר,false,,8.90,5.9333,true,1,242649
7290110114800,false,נביעות + ענבים 1.5 ל,,,נביעות + ענבים 1.5 ל,ליטרים,1.50,ליטר,false,,8.90,5.9333,true,1,242664
7290110114855,false,מי נביעות שישייה 1.5,,,מי נביעות שישייה 1.5,ליטרים,9.00,ליטר,false,,13.90,1.5444,true,1,242731
7290110114893,false,פריגת סחוט תפוזים 2,,,פריגת סחוט תפוזים 2,ליטרים,2.00,ליטר,false,,29.20,14.6000,true,1,242505
7290110114954,false,מיץ תפוזים מתקתק 100,,,מיץ תפוזים מתקתק 100,ליטרים,2.00,ליטר,false,,22.20,11.1000,true,1,242536
7290110114961,false,פריגת תפוזים 1.5 ליט,,,פריגת תפוזים 1.5 ליט,ליטרים,1.50,ליטר,false,,8.90,5.9333,true,1,242745
7290110114985,false,פריגת אשכולית 1.5 לי,,,פריגת אשכולית 1.5 לי,ליטרים,1.50,ליטר,false,,8.90,5.9333,true,1,242760
7290110114992,false,פריגת דיאט אשכולית 1,,,פריגת דיאט אשכולית 1,ליטרים,1.50,ליטר,false,,8.50,5.6667,true,1,242774
7290110115005,false,פריגת ענבים 1.5 ליטר,,,פריגת ענבים 1.5 ליטר,ליטרים,1.50,ליטר,false,,8.90,5.9333,true,1,242801
7290110115029,false,פריגת תפוחים 1.5 ליט,,,פריגת תפוחים 1.5 ליט,ליטרים,1.50,ליטר,false,,8.90,5.9333,true,1,242881
7290110115036,false,פריגת מנגו 1.5 ליטר,,,פריגת מנגו 1.5 ליטר,ליטרים,1.50,ליטר,false,,8.90,5.9333,true,1,242909
7290110115043,false,פריגת לימונענע 1.5 ל,,,פריגת לימונענע 1.5 ל,ליטרים,1.50,ליטר,false,,8.90,5.9333,true,1,242910
7290110115050,false,פריגת מיקס תות בננה,,,פריגת מיקס תות בננה,ליטרים,1.50,ליטר,false,,8.90,5.9333,true,1,242911
7290110115081,false,פריגת צלול ענבים 1.5,,,פריגת צלול ענבים 1.5,ליטרים,1.50,ליטר,false,,8.50,5.6667,true,1,243055
7290110115104,false,פריגת צלול אפרסק 1.5,,,פריגת צלול אפרסק 1.5,ליטרים,1.50,ליטר,false,,8.50,5.6667,true,1,243071
7290110115111,false,פריגת צלול אננס 1.5,,,פריגת צלול אננס 1.5,ליטרים,1.50,ליטר,false,,8.50,5.6667,true,1,243072
7290110115128,false,פריגת צלול בטעם לימו,,,פריגת צלול בטעם לימו,ליטרים,1.50,ליטר,false,,8.50,5.6667,true,1,243073
7290110115203,false,קוקה קולה 1.5 ליטר,,,קוקה קולה 1.5 ליטר,ליטרים,1.50,ליטר,false,,8.90,5.9333,true,1,243091
7290110115210,false,דיאט קוקה קולה 1.5 ל,,,דיאט קוקה קולה 1.5 ל,ליטרים,1.50,ליטר,false,,8.50,5.6667,true,1,243092
7290110115227,false,קוקה קולה זירו בקבוק,,,קוקה קולה זירו בקבוק,ליטרים,1.50,ליטר,false,,8.90,5.9333,true,1,243093
7290110115234,false,קולה ZERO נטול 1.5 ל,,,קולה ZERO נטול 1.5 ל,ליטרים,1.50,ליטר,false,,8.90,5.9333,true,1,243108
7290110115241,false,קולה ZERO לימון 1.5,,,קולה ZERO לימון 1.5,ליטרים,1.50,ליטר,false,,8.90,5.9333,true,1,243109
7290110115258,false,קוקה קולה זירו מנגו,,,קוקה קולה זירו מנגו,ליטרים,1.50,ליטר,false,,8.90,5.9333,true,1,243110
7290110115265,false,ספרייט 1.5 ליטר LIME,,,ספרייט 1.5 ליטר LIME,ליטרים,1.50,ליטר,false,,8.90,5.9333,true,1,243221
7290110115272,false,ספרייט זירו 1.5 ליטר,,,ספרייט זירו 1.5 ליטר,ליטרים,1.50,ליטר,false,,8.50,5.6667,true,1,243222
7290110115302,false,פאנטה זירו בטעם אורנ,,,פאנטה זירו בטעם אורנ,ליטרים,1.50,ליטר,false,,8.90,5.9333,true,1,243279
7290110115319,false,פאנטה אקזוטיק 1.5 לי,,,פאנטה אקזוטיק 1.5 לי,ליטרים,1.50,ליטר,false,,8.90,5.9333,true,1,243295
7290110115333,false,פאנטה תות 1.5 ליטר,,,פאנטה תות 1.5 ליטר,ליטרים,1.50,ליטר,false,,8.90,5.9333,true,1,243323
7290110115357,false,קינלי סודה 1.5 ליטר,,,קינלי סודה 1.5 ליטר,ליטרים,1.50,ליטר,false,,3.50,2.3333,true,1,243338
7290110115364,false,קוקה קולה 6*1.5 ליטר,,,קוקה קולה 6*1.5 ליטר,ליטרים,9.00,ליטר,false,,49.90,5.5444,true,1,243111
7290110115388,false,ספרייט 6*1.5 ליטר L,,,ספרייט 6*1.5 ליטר L,ליטרים,9.00,ליטר,false,,49.90,5.5444,true,1,243236
7290110115395,false,ספרייט זירו 6* 1.5 ל,,,ספרייט זירו 6* 1.5 ל,ליטרים,9.00,ליטר,false,,47.10,5.2333,true,1,243250
7290110115401,false,קינלי סודה 6*1.5 ליט,,,קינלי סודה 6*1.5 ליט,ליטרים,9.00,ליטר,false,,14.90,1.6556,true,1,270831
7290110115418,false,קוקה קולה זירו שישיי,,,קוקה קולה זירו שישיי,ליטרים,9.00,ליטר,false,,46.90,5.2111,true,1,243127
7290110115425,false,פיוז טי לימון נענע 1,,,פיוז טי לימון נענע 1,ליטרים,1.50,ליטר,false,,8.90,5.9333,true,1,243366
7290110115449,false,פיוז טי מנגו אננס 1.,,,פיוז טי מנגו אננס 1.,ליטרים,1.50,ליטר,false,,9.50,6.3333,true,1,243381
7290110115456,false,פיוז טי אפרסק 19 קל,,,פיוז טי אפרסק 19 קל,ליטרים,1.50,ליטר,false,,8.90,5.9333,true,1,243382
7290110115463,false,פיוז טי אפרסק 1.5 לי,,,פיוז טי אפרסק 1.5 לי,ליטרים,1.50,ליטר,false,,9.50,6.3333,true,1,243397
7290110115494,false,פיוז טי ענבים 1.5 לי,,,פיוז טי ענבים 1.5 לי,ליטרים,1.50,ליטר,false,,9.50,6.3333,true,1,243413
7290110115586,false,משקה קל בטעם תפוזים,,,משקה קל בטעם תפוזים,ליטרים,1.50,ליטר,false,,8.50,5.6667,true,1,243040
7290110115593,false,משקה קל בטעם אשכוליו,,,משקה קל בטעם אשכוליו,ליטרים,1.50,ליטר,false,,8.50,5.6667,true,1,243041
7290110115623,false,פיוז טי ZERO בטעם אפ,,,פיוז טי ZERO בטעם אפ,ליטרים,1.50,ליטר,false,,8.90,5.9333,true,1,316024
7290110115869,false,קוקה קולה זירו בקבוק,,,קוקה קולה זירו בקבוק,ליטרים,1.50,ליטר,false,,8.90,5.9333,true,1,568842
7290110116064,false,פאנטה זירו 1.5 ליטר,,,פאנטה זירו 1.5 ליטר,ליטרים,1.50,ליטר,false,,8.90,5.9333,true,1,435990
7290110116385,false,סליק זירו מרשמלו 33,,,סליק זירו מרשמלו 33,מיליליטרים,330.00,"100 מ""ל",false,,5.50,0.0167,true,1,535715
7290110320591,false,בולגרית 16% במרקם מע,,,בולגרית 16% במרקם מע,גרמים,250.00,100 גרם,false,,20.90,0.0836,true,1,26179
7290110320683,false,משקה יופלה שמיניה בט,,,משקה יופלה שמיניה בט,מיליליטרים,856.00,"100 מ""ל",false,,16.90,0.0197,true,1,26185
7290110320850,false,עמק פתיתים 200 גרם,,,עמק פתיתים 200 גרם,גרמים,200.00,100 גרם,false,,14.90,0.0745,true,1,26195
7290110320867,false,עמק פתיתים למאפים 28,,,עמק פתיתים למאפים 28,גרמים,500.00,100 גרם,false,,29.90,0.0598,true,1,26196
7290110321031,false,יופלה גו 200 גרם תנו,,,יופלה גו 200 גרם תנו,גרמים,200.00,100 גרם,false,,4.90,0.0245,true,1,26209
7290110321277,false,קוטג' תנובה בקטנה 5,,,קוטג' תנובה בקטנה 5,גרמים,100.00,100 גרם,false,,2.50,0.0250,true,1,26227
7290110321284,false,קוטג' תנובה בקטנה 9,,,קוטג' תנובה בקטנה 9,גרמים,100.00,100 גרם,false,,2.50,0.0250,true,1,26228
7290110321604,false,פיראוס קוביות בולגרי,,,פיראוס קוביות בולגרי,גרמים,200.00,100 גרם,false,,19.90,0.0995,true,1,26244
7290110321680,false,יופלה גו בטעם תות 20,,,יופלה גו בטעם תות 20,גרמים,200.00,100 גרם,false,,5.90,0.0295,true,1,26250
7290110321697,false,יופלה גו בטעם אפרסק,,,יופלה גו בטעם אפרסק,מיליליטרים,200.00,"100 מ""ל",false,,5.90,0.0295,true,1,26251
7290110321703,false,יופלה גו בטעם פרות י,,,יופלה גו בטעם פרות י,מיליליטרים,200.00,"100 מ""ל",false,,5.90,0.0295,true,1,26252
7290110322014,false,טופו טבעי 300 גרם,,,טופו טבעי 300 גרם,גרמים,300.00,100 גרם,false,,11.90,0.0397,true,1,26271
7290110322038,false,טופו פיקנטי 300 גרם,,,טופו פיקנטי 300 גרם,גרמים,300.00,100 גרם,false,,11.90,0.0397,true,1,26273
7290110322946,false,יופלה טיוב יוגורט במ,,,יופלה טיוב יוגורט במ,מיליליטרים,348.00,"100 מ""ל",false,,11.90,0.0342,true,1,26295
7290110323097,false,תאומים 80 גרם גביע ב,,,תאומים 80 גרם גביע ב,גרמים,80.00,100 גרם,false,,1.90,0.0237,true,1,26302
7290110323301,false,גבינת עמק טל 32% שומ,,,גבינת עמק טל 32% שומ,גרמים,200.00,100 גרם,false,,17.90,0.0895,true,1,26318
7290110323585,false,יופלה GO לייט עם דוב,,,יופלה GO לייט עם דוב,גרמים,200.00,100 גרם,false,,5.90,0.0295,true,1,26336
7290110323592,false,יופלה GO לייט עם אפר,,,יופלה GO לייט עם אפר,גרמים,200.00,100 גרם,false,,5.90,0.0295,true,1,26337
7290110323714,false,תנובה משקה קוקוס שקד,,,תנובה משקה קוקוס שקד,יחידה,0.00,יחידה,false,,12.90,0.0000,true,1,26348
7290110324353,false,יופלה גו לייט בטעם א,,,יופלה גו לייט בטעם א,גרמים,200.00,100 גרם,false,,5.90,0.0295,true,1,26389
7290110324551,false,יופלה טיוב יוגורט במ,,,יופלה טיוב יוגורט במ,מיליליטרים,348.00,"100 מ""ל",false,,11.90,0.0342,true,1,26407
7290110324841,false,מעדן שקדים עם שוקולד,,,מעדן שקדים עם שוקולד,גרמים,125.00,100 גרם,false,,4.50,0.0360,true,1,26426
7290110324858,false,מעדן שקדים בטעם אגוז,,,מעדן שקדים בטעם אגוז,גרמים,125.00,100 גרם,false,,4.50,0.0360,true,1,26427
7290110324872,false,גלבוע גבינה פרוסה 5%,,,גלבוע גבינה פרוסה 5%,גרמים,200.00,100 גרם,false,,17.90,0.0895,true,1,26428
7290110324926,false,משקה סויה ללא תוספת,,,משקה סויה ללא תוספת,יחידה,0.00,יחידה,false,,9.90,0.0000,true,1,26431
7290110325084,false,מאגדת שמינייה מיני ק,,,מאגדת שמינייה מיני ק,מיליליטרים,800.00,"100 מ""ל",false,,13.90,0.0174,true,1,26440
7290110325114,false,יופלה משקה יוגורט גו,,,יופלה משקה יוגורט גו,מיליליטרים,250.00,"100 מ""ל",false,,6.50,0.0260,true,1,26443
7290110325169,false,פרוסות גאודה 170 גרם,,,פרוסות גאודה 170 גרם,גרמים,170.00,100 גרם,false,,17.90,0.1053,true,1,59757
7290110325305,false,יופלה סויה גו 20 גרם,,,יופלה סויה גו 20 גרם,גרמים,200.00,100 גרם,false,,5.90,0.0295,true,1,26447
7290110325312,false,יופלה סויה גו 20 גרם,,,יופלה סויה גו 20 גרם,גרמים,200.00,100 גרם,false,,5.90,0.0295,true,1,26448
7290110325510,false,יופלה טיוב יוגורט במ,,,יופלה טיוב יוגורט במ,מיליליטרים,348.00,"100 מ""ל",false,,11.90,0.0342,true,1,26453
7290110325619,false,תנובה משקה שיבולת שו,,,תנובה משקה שיבולת שו,יחידה,0.00,יחידה,false,,12.90,0.0000,true,1,26457
7290110325701,false,פיראוס צזיקי יווני 9,,,פיראוס צזיקי יווני 9,גרמים,250.00,100 גרם,false,,12.90,0.0516,true,1,26463
7290110325879,false,פתיתי גאודה 200 גרם,,,פתיתי גאודה 200 גרם,גרמים,200.00,100 גרם,false,,14.90,0.0745,true,1,59758
7290110325893,false,משקה תנובה GO אייס ק,,,משקה תנובה GO אייס ק,גרמים,340.00,100 גרם,false,,7.90,0.0232,true,1,26476
7290110326210,false,יופלה און טופ פצפוצי,,,יופלה און טופ פצפוצי,גרמים,157.00,100 גרם,false,,4.90,0.0312,true,1,59738
7290110326227,false,יופלה און טופ קורנפל,,,יופלה און טופ קורנפל,גרמים,157.00,100 גרם,false,,4.90,0.0312,true,1,59739
7290110326234,false,יופלה און טופ כוכבים,,,יופלה און טופ כוכבים,גרמים,157.00,100 גרם,false,,4.90,0.0312,true,1,59740
7290110326241,false,יופלה און טופ גרנולה,,,יופלה און טופ גרנולה,יחידה,157.00,יחידה,false,,4.90,0.0312,true,1,59786
7290110326333,false,פרוסות גבינה סקנדינב,,,פרוסות גבינה סקנדינב,גרמים,170.00,100 גרם,false,,17.50,0.1029,true,1,159599
7290110326906,false,חלב נטול לקטוז 3% שו,,,חלב נטול לקטוז 3% שו,ליטרים,1.00,ליטר,false,,7.90,7.9000,true,1,113030
7290110326982,false,משקה חלב עם שוקולד ק,,,משקה חלב עם שוקולד ק,ליטרים,1.00,ליטר,false,,12.90,12.9000,true,1,88067
7290110326999,false,משקה חלב עם שוקולד ק,,,משקה חלב עם שוקולד ק,מיליליטרים,340.00,"100 מ""ל",false,,6.90,0.0203,true,1,88068
7290110327033,false,משקה סויה תנובה GO מ,,,משקה סויה תנובה GO מ,יחידה,0.00,יחידה,false,,11.90,0.0000,true,1,90774
7290110327514,false,משקה שיבולת שועל בטע,,,משקה שיבולת שועל בטע,יחידה,0.00,יחידה,false,,12.90,0.0000,true,1,187219
7290110327545,false,יופלה און טופ בטעם ת,,,יופלה און טופ בטעם ת,גרמים,157.00,100 גרם,false,,4.90,0.0312,true,1,113135
7290110327811,false,GO חטיף חלבון עם קוק,,,GO חטיף חלבון עם קוק,גרמים,60.00,100 גרם,false,,11.90,0.1983,true,1,165670
7290110328016,false,משקה סויה מעושר בחלב,,,משקה סויה מעושר בחלב,גרמים,250.00,100 גרם,false,,5.90,0.0236,true,1,127004
7290110328474,false,פלח פרמג'יאנו רג'יאנ,,,פלח פרמג'יאנו רג'יאנ,גרמים,150.00,100 גרם,false,,26.90,0.1793,true,1,147289
7290110328481,false,פתיתי פרמג'יאנו רג'י,,,פתיתי פרמג'יאנו רג'י,גרמים,100.00,100 גרם,false,,13.90,0.1390,true,1,147483
7290110328627,false,יוגורט גו סמיך 0% בנ,,,יוגורט גו סמיך 0% בנ,גרמים,200.00,100 גרם,false,,5.90,0.0295,true,1,171632
7290110328641,false,טופו טבעי 2 יחידות,,,טופו טבעי 2 יחידות,גרמים,500.00,100 גרם,false,,17.90,0.0358,true,1,194755
7290110328764,false,יוגורט גו סמיך 0% תו,,,יוגורט גו סמיך 0% תו,גרמים,200.00,100 גרם,false,,5.90,0.0295,true,1,171647
7290110328771,false,יוגורט גו סמיך 0% פי,,,יוגורט גו סמיך 0% פי,גרמים,200.00,100 גרם,false,,5.90,0.0295,true,1,171633
7290110328788,false,יוגורט גו סמיך 0% אפ,,,יוגורט גו סמיך 0% אפ,גרמים,200.00,100 גרם,false,,5.90,0.0295,true,1,171618
7290110329136,false,מעדן חלב גו בטעם שוק,,,מעדן חלב גו בטעם שוק,גרמים,120.00,100 גרם,false,,4.60,0.0383,true,1,254338
7290110329143,false,מעדן חלב גו בטעם וני,,,מעדן חלב גו בטעם וני,גרמים,120.00,100 גרם,false,,4.60,0.0383,true,1,254298
7290110329273,false,יוגורט מחלב עיזים מל,,,יוגורט מחלב עיזים מל,גרמים,750.00,100 גרם,false,,18.90,0.0252,true,1,194848
7290110329303,false,פרוסות צהובה קלאסית,,,פרוסות צהובה קלאסית,גרמים,200.00,100 גרם,false,,21.90,0.1095,true,1,254366
7290110329716,false,קפה קר בטעם קפוצ'ינו,,,קפה קר בטעם קפוצ'ינו,מיליליטרים,230.00,"100 מ""ל",false,,6.90,0.0300,true,1,413705
7290110329792,false,סויה BIO אפרסק גביע,,,סויה BIO אפרסק גביע,גרמים,150.00,100 גרם,false,,4.50,0.0300,true,1,319965
7290110329808,false,סויה BIO תות גביע 15,,,סויה BIO תות גביע 15,גרמים,150.00,100 גרם,false,,4.50,0.0300,true,1,319966
7290110329822,false,סויה BIO פירות יער ג,,,סויה BIO פירות יער ג,גרמים,150.00,100 גרם,false,,4.50,0.0300,true,1,319968
7290110329846,false,סויה BIO טבעי גביע 1,,,סויה BIO טבעי גביע 1,גרמים,150.00,100 גרם,false,,4.50,0.0300,true,1,319969
7290110329914,false,מאגדת משקה שיבולת שו,,,מאגדת משקה שיבולת שו,גרמים,618.00,100 גרם,false,,18.90,0.0306,true,1,523207
7290110552121,false,היוגורט הראשון שלי 5,,,היוגורט הראשון שלי 5,גרמים,100.00,100 גרם,false,,2.30,0.0230,true,1,455279
7290110552220,false,דנונה PRO 20 גרם חלב,,,דנונה PRO 20 גרם חלב,גרמים,200.00,100 גרם,false,,5.90,0.0295,true,1,302252
7290110552237,false,דנונה PRO 20 גרם חלב,,,דנונה PRO 20 גרם חלב,גרמים,200.00,100 גרם,false,,5.90,0.0295,true,1,302238
7290110553029,false,פריכיות חלבון קייל ח,,,פריכיות חלבון קייל ח,גרמים,60.00,100 גרם,false,,9.90,0.1650,true,1,309787
7290110553036,false,פרכית חלבון בטטה סגו,,,פרכית חלבון בטטה סגו,גרמים,60.00,100 גרם,false,,9.90,0.1650,true,1,309788
7290110553135,false,נמס קפוצינו -אבקה לה,,,נמס קפוצינו -אבקה לה,גרמים,130.00,100 גרם,false,,16.90,0.1300,true,1,577585
7290110554118,false,נודלס בסגנון מלזי חר,,,נודלס בסגנון מלזי חר,גרמים,350.00,100 גרם,false,,27.90,0.0797,true,1,233623
7290110554125,false,נודלס בסגנון סצ'ואן,,,נודלס בסגנון סצ'ואן,גרמים,350.00,100 גרם,false,,27.90,0.0797,true,1,233624
7290110554262,false,מלבין קפה חלבי 350 ג,,,מלבין קפה חלבי 350 ג,גרמים,350.00,100 גרם,false,,17.60,0.0503,true,1,344874
7290110554583,false,מארז צ'יטוס PUFFS בט,,,מארז צ'יטוס PUFFS בט,גרמים,200.00,100 גרם,false,,12.90,0.0645,true,1,278864
7290110554712,false,"שת""פ קפה 50 גרם נחת",,,"שת""פ קפה 50 גרם נחת",גרמים,50.00,100 גרם,false,,19.90,0.3980,true,1,560689
7290110555009,false,פסאטה זוגות 700 גרם,,,פסאטה זוגות 700 גרם,גרמים,700.00,100 גרם,false,,11.90,0.0170,true,1,548116
7290110555603,false,אבקה להכנת שוקולטה ס,,,אבקה להכנת שוקולטה ס,גרמים,360.00,100 גרם,false,,22.90,0.0636,true,1,579343
7290110556242,false,שוקולד מריר מעולה 10,,,שוקולד מריר מעולה 10,גרמים,100.00,100 גרם,false,,4.90,0.0490,true,1,553520
7290110557027,false,חומוס הסדרה עשיר ב50,,,חומוס הסדרה עשיר ב50,גרמים,400.00,100 גרם,false,,12.90,0.0323,true,1,251886
7290110557102,false,מעדן פרו חלב עם שוקו,,,מעדן פרו חלב עם שוקו,גרמים,150.00,100 גרם,false,,5.50,0.0367,true,1,220287
7290110557133,false,מעדן הגולן מעדן חלב,,,מעדן הגולן מעדן חלב,גרמים,125.00,100 גרם,false,,2.90,0.0232,true,1,239798
7290110557478,false,חומוס גלילי אחלה 60,,,חומוס גלילי אחלה 60,גרמים,600.00,100 גרם,false,,12.90,0.0215,true,1,386305
7290110558130,false,אקטיביה עם דבש ושיבו,,,אקטיביה עם דבש ושיבו,גרמים,150.00,100 גרם,false,,4.50,0.0300,true,1,444848
7290110558154,false,דנונה לייט אנד פרי ת,,,דנונה לייט אנד פרי ת,גרמים,150.00,100 גרם,false,,4.90,0.0327,true,1,519728
7290110558222,false,WOW יוגורט בטעם בנופ,,,WOW יוגורט בטעם בנופ,גרמים,150.00,100 גרם,false,,4.90,0.0327,true,1,519682
7290110558284,false,דנונה מולטי 3% שומן,,,דנונה מולטי 3% שומן,מיליליטרים,200.00,"100 מ""ל",false,,4.20,0.0210,true,1,487920
7290110558314,false,דנונה פרו ללא סוכר 2,,,דנונה פרו ללא סוכר 2,גרמים,200.00,100 גרם,false,,5.90,0.0295,true,1,519743
7290110558666,false,דניאלה בטעם תפוח 88,,,דניאלה בטעם תפוח 88,גרמים,88.00,100 גרם,false,,4.10,0.0466,true,1,556171
7290110560317,false,פריכיות משולשות מלח,,,פריכיות משולשות מלח,גרמים,30.00,100 גרם,false,,4.90,0.1633,true,1,22993
7290110560324,false,פריכיות משולשות אפונ,,,פריכיות משולשות אפונ,גרמים,30.00,100 גרם,false,,4.90,0.1633,true,1,22994
7290110561352,false,דנונה ביו דל לקטוז ב,,,דנונה ביו דל לקטוז ב,גרמים,200.00,100 גרם,false,,3.90,0.0195,true,1,23930
7290110561604,false,שמיניית גמדים תות בנ,,,שמיניית גמדים תות בנ,גרמים,800.00,100 גרם,false,,18.90,0.0236,true,1,23939
7290110563431,false,יטבתה משקה קפה קר בס,,,יטבתה משקה קפה קר בס,מיליליטרים,230.00,"100 מ""ל",false,,7.90,0.0343,true,1,23943
7290110563448,false,יטבתה משקה קפה קר בס,,,יטבתה משקה קפה קר בס,מיליליטרים,230.00,"100 מ""ל",false,,7.90,0.0343,true,1,23944
7290110563462,false,יטבתה חלב בבקבוק נטו,,,יטבתה חלב בבקבוק נטו,ליטרים,1.00,ליטר,false,,8.90,8.9000,true,1,23946
7290110564360,false,חומוס אחלה עשיר ב 40,,,חומוס אחלה עשיר ב 40,גרמים,400.00,100 גרם,false,,12.90,0.0323,true,1,23954
7290110564414,false,חומוס הסדרה המובחרת,,,חומוס הסדרה המובחרת,גרמים,600.00,100 גרם,false,,14.90,0.0248,true,1,23958
7290110564742,false,יטבתה משקה קפה קר בס,,,יטבתה משקה קפה קר בס,מיליליטרים,230.00,"100 מ""ל",false,,7.90,0.0343,true,1,23964
7290110565435,false,לימבו בטעם פטל 0% שו,,,לימבו בטעם פטל 0% שו,גרמים,125.00,100 גרם,false,,2.50,0.0200,true,1,23969
7290110565527,false,דנונה PRO 20 גרם חלב,,,דנונה PRO 20 גרם חלב,גרמים,200.00,100 גרם,false,,5.90,0.0295,true,1,23971
7290110566623,false,עלית קפסולות קולומבי,,,עלית קפסולות קולומבי,גרמים,50.00,100 גרם,false,,16.90,0.3380,true,1,23041
7290110566975,false,דנונה PRO 20 גרם חלב,,,דנונה PRO 20 גרם חלב,גרמים,200.00,100 גרם,false,,5.90,0.0295,true,1,23981
7290110568238,false,קצפת צימחית 21% במתי,,,קצפת צימחית 21% במתי,מיליליטרים,250.00,"100 מ""ל",false,,7.90,0.0316,true,1,23993
7290110568276,false,משקה פרו וניל יטבתה,,,משקה פרו וניל יטבתה,מיליליטרים,350.00,"100 מ""ל",false,,6.90,0.0197,true,1,23994
7290110568559,false,מארז דוריטוס חמוץ חר,,,מארז דוריטוס חמוץ חר,גרמים,250.00,100 גרם,false,,13.90,0.0556,true,1,24382
7290110568566,false,מארז דוריטוס גריל 10,,,מארז דוריטוס גריל 10,גרמים,250.00,100 גרם,false,,13.90,0.0556,true,1,24383
7290110570224,false,משקה קפה קר בטעם עוג,,,משקה קפה קר בטעם עוג,מיליליטרים,230.00,"100 מ""ל",false,,7.90,0.0343,true,1,488174
7290110571535,false,קפה עלית טורקי הל מא,,,קפה עלית טורקי הל מא,גרמים,300.00,100 גרם,false,,24.90,0.0830,true,1,415584
7290110572129,false,כיף כף מקלות שוקולד,,,כיף כף מקלות שוקולד,גרמים,40.00,100 גרם,false,,4.90,0.1225,true,1,580671
7290110572884,false,קפסולות אספרסו קפה ע,,,קפסולות אספרסו קפה ע,גרמים,50.00,100 גרם,false,,16.90,0.3380,true,1,577699
7290110572969,false,כיף כף פצפצים קרם לב,,,כיף כף פצפצים קרם לב,גרמים,40.00,100 גרם,false,,4.90,0.1225,true,1,519957
7290110576318,false,מארז שלישיית אגוז ל,,,מארז שלישיית אגוז ל,גרמים,300.00,100 גרם,false,,21.90,0.0730,true,1,557297
7290110576370,false,מארז שלישיית אגוז מ,,,מארז שלישיית אגוז מ,גרמים,300.00,100 גרם,false,,21.90,0.0730,true,1,557298
7290110576387,false,מארז שלישיית אגוז ח,,,מארז שלישיית אגוז ח,גרמים,300.00,100 גרם,false,,21.90,0.0730,true,1,557299
7290110576752,false,שוקולד ספלנדיד מריר,,,שוקולד ספלנדיד מריר,גרמים,100.00,100 גרם,false,,9.90,0.0990,true,1,577807
7290110576776,false,שוקולד ספלנדיד מריר,,,שוקולד ספלנדיד מריר,גרמים,100.00,100 גרם,false,,9.90,0.0990,true,1,577808
7290110576790,false,מעדן גבינה בטעם מוקה,,,מעדן גבינה בטעם מוקה,גרמים,125.00,100 גרם,false,,3.90,0.0312,true,1,556140
7290110577230,false,משקה חלב פיסטוק יטבת,,,משקה חלב פיסטוק יטבת,יחידה,0.00,יחידה,false,,11.90,0.0000,true,1,556076
7290111092985,false,מגבוני בייבי פרפורמנ,,,מגבוני בייבי פרפורמנ,יחידה,0.00,יחידה,false,,15.90,0.0000,true,1,479251
7290111093470,false,קוויק מבריק פלא להסר,,,קוויק מבריק פלא להסר,יחידה,0.00,יחידה,false,,10.90,0.0000,true,1,494867
7290111093760,false,קוויק מגבונים לניקוי,,,קוויק מגבונים לניקוי,יח',10.00,יח',false,,9.90,0.9900,true,1,354931
7290111093982,false,תחליב רחצה פסיפלורה,,,תחליב רחצה פסיפלורה,מיליליטרים,700.00,"100 מ""ל",false,,15.90,0.0227,true,1,558480
7290111094392,false,תחליב רחצה קוקוס ולי,,,תחליב רחצה קוקוס ולי,מיליליטרים,700.00,"100 מ""ל",false,,15.90,0.0227,true,1,558481
7290111096921,false,מטליות לחות לניקוי ב,,,מטליות לחות לניקוי ב,יחידה,0.00,יחידה,false,,8.90,0.0000,true,1,240701
7290111097041,false,בייביסיטר מגבונים לח,,,בייביסיטר מגבונים לח,יחידה,0.00,יחידה,false,,20.90,0.0000,true,1,184194
7290111097546,false,קוויק מטליות לחות לנ,,,קוויק מטליות לחות לנ,יחידה,0.00,יחידה,false,,8.90,0.0000,true,1,354932
7290111098536,false,מגבונים לחים לתינוק,,,מגבונים לחים לתינוק,יחידה,0.00,יחידה,false,,14.90,0.0000,true,1,411009
7290111285288,false,צלחת במבוק 9 אנץ,,,צלחת במבוק 9 אנץ,יחידה,0.00,יחידה,false,,10.90,0.0000,true,1,33441
7290111285370,false,קערה במבוק ספיידרמן.,,,קערה במבוק ספיידרמן.,יחידה,0.00,יחידה,false,,9.90,0.0000,true,1,33442
7290111285462,false,כוס במבוק ספיידרמן,,,כוס במבוק ספיידרמן,יחידה,0.00,יחידה,false,,8.90,0.0000,true,1,33443
7290111340185,false,ניקול לחות לניקוי רצ,,,ניקול לחות לניקוי רצ,יחידה,0.00,יחידה,false,,10.90,0.0000,true,1,9122
7290111342004,false,לילי נייר טואלט לח ק,,,לילי נייר טואלט לח ק,יחידה,0.00,יחידה,false,,7.90,0.0000,true,1,9154
7290111343117,false,טישו לושן סופט קליני,,,טישו לושן סופט קליני,יחידה,0.00,יחידה,false,,12.90,0.0000,true,1,105755
7290111343797,false,ניקול מטליות לחות לנ,,,ניקול מטליות לחות לנ,יח',50.00,יח',false,,9.90,0.1980,true,1,88954
7290111344206,false,מגבוני האגיס נטורל ק,,,מגבוני האגיס נטורל ק,יחידה,0.00,יחידה,false,,18.90,0.0000,true,1,234202
7290111344459,false,תחבושות נייט אקסטרא,,,תחבושות נייט אקסטרא,יח',18.00,יח',false,,17.90,0.9944,true,1,223242
7290111344503,false,האגיס אקסטרה קר מידה,,,האגיס אקסטרה קר מידה,יחידה,0.00,יחידה,false,,48.90,0.0000,true,1,150761
7290111344527,false,שקיות אשפה ניקול XXL,,,שקיות אשפה ניקול XXL,יחידה,0.00,יחידה,false,,23.90,0.0000,true,1,152998
7290111344558,false,שקיות אשפה נשלפות לא,,,שקיות אשפה נשלפות לא,יח',100.00,יח',false,,29.90,0.2990,true,1,279909
7290111344824,false,מגיני תחתון אנטיבקטר,,,מגיני תחתון אנטיבקטר,יחידה,0.00,יחידה,false,,16.90,0.0000,true,1,279814
7290111344831,false,מגיני תחתון סופר פרו,,,מגיני תחתון סופר פרו,יחידה,0.00,יחידה,false,,16.90,0.0000,true,1,279799
7290111344930,false,מטליות לחות לניקוי ר,,,מטליות לחות לניקוי ר,יח',10.00,יח',false,,10.90,1.0900,true,1,279923
7290111345814,false,נייר טואלט נטורל קר,,,נייר טואלט נטורל קר,יח',30.00,יח',false,,32.90,1.0967,true,1,279868
7290111345821,false,נייר טואלט נטורל קר,,,נייר טואלט נטורל קר,יח',16.00,יח',false,,34.90,2.1812,true,1,279895
7290111346293,false,מגבות מטבח ניקול לבנ,,,מגבות מטבח ניקול לבנ,מטרים,64.80,מטר,false,,11.80,0.1821,true,1,447759
7290111350030,false,רסק תפוחי עץ טבעי קל,,,רסק תפוחי עץ טבעי קל,גרמים,670.00,100 גרם,false,,10.90,0.0163,true,1,12814
7290111350726,false,הוטפופ נאצ'וס בסגנון,,,הוטפופ נאצ'וס בסגנון,גרמים,322.00,100 גרם,false,,15.90,0.0494,true,1,12824
7290111352140,false,חמוציות מיובשות ברכז,,,חמוציות מיובשות ברכז,גרמים,150.00,100 גרם,false,,11.90,0.0793,true,1,12838
7290111352973,false,יוגטה קוביות חמוציות,,,יוגטה קוביות חמוציות,גרמים,220.00,100 גרם,false,,6.90,0.0314,true,1,88780
7290111353055,false,יוגטה סוכריות גומי ד,,,יוגטה סוכריות גומי ד,גרמים,200.00,100 גרם,false,,8.90,0.0445,true,1,105532
7290111353079,false,סוכריות גומי דובונים,,,סוכריות גומי דובונים,גרמים,180.00,100 גרם,false,,9.90,0.0550,true,1,118663
7290111353109,false,יוגטה סוכריות גומי נ,,,יוגטה סוכריות גומי נ,גרמים,200.00,100 גרם,false,,8.90,0.0445,true,1,105533
7290111353123,false,יוגטה סוכריות גומי נ,,,יוגטה סוכריות גומי נ,גרמים,200.00,100 גרם,false,,8.90,0.0445,true,1,105534
7290111353154,false,סוכריות גומי נחשים ק,,,סוכריות גומי נחשים ק,גרמים,180.00,100 גרם,false,,9.90,0.0550,true,1,118665
7290111353239,false,יוגטה סוכריות גומי י,,,יוגטה סוכריות גומי י,גרמים,200.00,100 גרם,false,,8.90,0.0445,true,1,105535
7290111353451,false,הוטפופ ווגי' צ'יפס ח,,,הוטפופ ווגי' צ'יפס ח,גרמים,120.00,100 גרם,false,,13.90,0.1158,true,1,130210
7290111353550,false,חמאת בוטנים טבעית קל,,,חמאת בוטנים טבעית קל,גרמים,300.00,100 גרם,false,,14.90,0.0497,true,1,519256
7290111353680,false,גרעיני חמנייה 350 גר,,,גרעיני חמנייה 350 גר,גרמים,350.00,100 גרם,false,,10.00,0.0286,true,1,160380
7290111354748,false,כדורגל קליית גת מתנה,,,כדורגל קליית גת מתנה,יחידה,0.00,יחידה,false,,0.01,0.0000,true,1,566456
7290111563492,false,צבר מרובע מטבוחה חר,,,צבר מרובע מטבוחה חר,גרמים,400.00,100 גרם,false,,12.90,0.0323,true,1,20010
7290111564277,false,פריכיות 3 דגנים דקות,,,פריכיות 3 דגנים דקות,גרמים,120.00,100 גרם,false,,10.90,0.0908,true,1,19226
7290111564291,false,פריכיות קינואה דקות,,,פריכיות קינואה דקות,גרמים,120.00,100 גרם,false,,10.90,0.0908,true,1,19227
7290111564581,false,דוגלי צלחת מזון לכלב,,,דוגלי צלחת מזון לכלב,יחידה,0.00,יחידה,false,,4.90,0.0000,true,1,80849
7290111565038,false,לה קרמריה בטעם וניל,,,לה קרמריה בטעם וניל,ליטרים,1.40,ליטר,false,,22.90,16.3571,true,1,16230
7290111566103,false,פלאפל מרכיבים ביתיים,,,פלאפל מרכיבים ביתיים,גרמים,590.00,100 גרם,false,,30.90,0.0524,true,1,20020
7290111566271,false,חטיפי תירס טבעול 65,,,חטיפי תירס טבעול 65,גרמים,657.00,100 גרם,false,,30.90,0.0470,true,1,20023
7290111566318,false,שניצל דק צמחוני בט,,,שניצל דק צמחוני בט,גרמים,564.00,100 גרם,false,,30.90,0.0548,true,1,20025
7290111566547,false,חזה בגריל מו הצומח,,,חזה בגריל מו הצומח,גרמים,560.00,100 גרם,false,,30.90,0.0552,true,1,20029
7290111566561,false,טבעול שניצל ברוקולי,,,טבעול שניצל ברוקולי,גרמים,630.00,100 גרם,false,,30.90,0.0490,true,1,20030
7290111566585,false,שניצל מן הצומח מופח,,,שניצל מן הצומח מופח,גרמים,650.00,100 גרם,false,,30.90,0.0475,true,1,20031
7290111566714,false,המבורגר מן הצומח 6,,,המבורגר מן הצומח 6,גרמים,600.00,100 גרם,false,,30.90,0.0515,true,1,20034
7290111566776,false,נקנקיות קוקטייל מן,,,נקנקיות קוקטייל מן,גרמים,680.00,100 גרם,false,,30.90,0.0454,true,1,20037
7290111568206,false,ביסלי פארטי מיקס ברב,,,ביסלי פארטי מיקס ברב,גרמים,150.00,100 גרם,false,,6.90,0.0460,true,1,19273
7290111568251,false,נודלס אטריות להקפצה,,,נודלס אטריות להקפצה,גרמים,350.00,100 גרם,false,,8.90,0.0254,true,1,19274
7290111568275,false,נודלס אטריות אורז רח,,,נודלס אטריות אורז רח,גרמים,300.00,100 גרם,false,,8.90,0.0297,true,1,19275
7290111879074,false,בקבוק טריטן מרובע 60,,,בקבוק טריטן מרובע 60,יחידה,0.00,יחידה,false,,24.90,0.0000,true,1,33449
7290111930805,false,קראנצו'ס ברביקיו 55,,,קראנצו'ס ברביקיו 55,גרמים,55.00,100 גרם,false,,3.90,0.0709,true,1,21791
7290111930850,false,קראנצו'ס פיצה 55 גרם,,,קראנצו'ס פיצה 55 גרם,גרמים,55.00,100 גרם,false,,3.90,0.0709,true,1,21796
7290111930898,false,פוף כוכבים גריל אמרי,,,פוף כוכבים גריל אמרי,גרמים,40.00,100 גרם,false,,3.90,0.0975,true,1,21800
7290111930911,false,פוף לבבות קלאסי 40 ג,,,פוף לבבות קלאסי 40 ג,גרמים,40.00,100 גרם,false,,3.90,0.0975,true,1,21802
7290111930928,false,"פוף לבבות גריל 40 ג""",,,"פוף לבבות גריל 40 ג""",גרמים,40.00,100 גרם,false,,3.90,0.0975,true,1,21803
7290111932380,false,מרידול משחות שיניים,,,מרידול משחות שיניים,גרמים,150.00,100 גרם,false,,29.90,0.1993,true,1,21819
7290111933462,false,רוטב צ'ילי מתוק 300,,,רוטב צ'ילי מתוק 300,מיליליטרים,300.00,"100 מ""ל",false,,9.90,0.0330,true,1,21829
7290111933554,false,עגבניות קוביות מאסטר,,,עגבניות קוביות מאסטר,קילוגרמים,1.20,"ק""ג",false,,15.90,13.2500,true,1,21834
7290111935800,false,דאו' דרמה סטיק ויטמי,,,דאו' דרמה סטיק ויטמי,גרמים,45.00,100 גרם,false,,17.90,0.3978,true,1,21840
7290111935961,false,מחית עגבניות מאסטר ש,,,מחית עגבניות מאסטר ש,גרמים,690.00,100 גרם,false,,10.50,0.0152,true,1,21848
7290111936203,false,ליידי ספיד סטיק דרמה,,,ליידי ספיד סטיק דרמה,מיליליטרים,150.00,"100 מ""ל",false,,16.50,0.1100,true,1,21849
7290111936647,false,קולגייט מקס זוג 2*12,,,קולגייט מקס זוג 2*12,מיליליטרים,250.00,"100 מ""ל",false,,29.90,0.1196,true,1,21859
7290111938481,false,רוטב סויה בהירה מ.שף,,,רוטב סויה בהירה מ.שף,מיליליטרים,300.00,"100 מ""ל",false,,10.90,0.0363,true,1,74045
7290111939143,false,קוקי נייר אפייה עגול,,,קוקי נייר אפייה עגול,יחידה,0.00,יחידה,false,,7.90,0.0000,true,1,97892
7290111939181,false,קוקי ניילון נצמד עם,,,קוקי ניילון נצמד עם,יחידה,0.00,יחידה,false,,9.90,0.0000,true,1,578367
7290112000385,false,תרסיס ניקוי וחיטוי ל,,,תרסיס ניקוי וחיטוי ל,מיליליטרים,750.00,"100 מ""ל",false,,11.90,0.0159,true,1,21042
7290112000408,false,תרסיס ניקוי וחיטוי ר,,,תרסיס ניקוי וחיטוי ר,מיליליטרים,750.00,"100 מ""ל",false,,11.90,0.0159,true,1,21044
7290112001436,false,פיניש מנקה מדיח בניח,,,פיניש מנקה מדיח בניח,מיליליטרים,250.00,"100 מ""ל",false,,14.90,0.0596,true,1,21067
7290112001559,false,פיניש קופסא פח 80 טב,,,פיניש קופסא פח 80 טב,יחידה,0.00,יחידה,false,,64.90,0.0000,true,1,21068
7290112001870,false,סיליט באנג ספריי לאמ,,,סיליט באנג ספריי לאמ,מיליליטרים,750.00,"100 מ""ל",false,,14.90,0.0199,true,1,21072
7290112002044,false,פיניש טבליות מנקה מד,,,פיניש טבליות מנקה מד,יחידה,0.00,יחידה,false,,14.90,0.0000,true,1,21077
7290112002105,false,קולון ג'ל 2.5 ליטר כ,,,קולון ג'ל 2.5 ליטר כ,ליטרים,2.50,ליטר,false,,24.90,9.9600,true,1,21079
7290112002129,false,קולון ג'ל 2.5 ליטר ב,,,קולון ג'ל 2.5 ליטר ב,ליטרים,2.50,ליטר,false,,24.90,9.9600,true,1,21081
7290112002136,false,קולון ג'ל 4 ליטר רגי,,,קולון ג'ל 4 ליטר רגי,ליטרים,4.00,ליטר,false,,34.90,8.7250,true,1,21082
7290112002143,false,קולון ג'ל 4 ליטר ליל,,,קולון ג'ל 4 ליטר ליל,ליטרים,4.00,ליטר,false,,34.90,8.7250,true,1,21083
7290112002150,false,קולון ג'ל 4 ליטר בני,,,קולון ג'ל 4 ליטר בני,ליטרים,4.00,ליטר,false,,34.90,8.7250,true,1,21084
7290112002167,false,קולון ג'ל 4 ליטר בני,,,קולון ג'ל 4 ליטר בני,ליטרים,4.00,ליטר,false,,34.90,8.7250,true,1,21085
7290112003072,false,מבשם בדים משב רוח ים,,,מבשם בדים משב רוח ים,מיליליטרים,300.00,"100 מ""ל",false,,24.90,0.0830,true,1,113210
7290112003188,false,קולון קפסולות למכונת,,,קולון קפסולות למכונת,יחידה,0.00,יחידה,false,,57.90,0.0000,true,1,102434
7290112003249,false,אבקת כביסה קולון מאס,,,אבקת כביסה קולון מאס,קילוגרמים,5.00,"ק""ג",false,,39.90,7.9800,true,1,82520
7290112003515,false,איירוויק בוטניקה ספר,,,איירוויק בוטניקה ספר,מיליליטרים,236.00,"100 מ""ל",false,,19.90,0.0843,true,1,122263
7290112004185,false,פיניש נוזל הברקה אקו,,,פיניש נוזל הברקה אקו,מיליליטרים,400.00,"100 מ""ל",false,,14.90,0.0373,true,1,225875
7290112004208,false,טבליות למדיח כלים פי,,,טבליות למדיח כלים פי,גרמים,800.00,100 גרם,false,,39.90,0.0499,true,1,362916
7290112004413,false,מסיר כתמים ספריי כבי,,,מסיר כתמים ספריי כבי,מיליליטרים,750.00,"100 מ""ל",false,,16.90,0.0225,true,1,375453
7290112004451,false,מחטא כביסה לבגדי ספו,,,מחטא כביסה לבגדי ספו,ליטרים,1.50,ליטר,false,,24.90,16.6000,true,1,232928
7290112004772,false,מילוי למבשם אוויר אי,,,מילוי למבשם אוויר אי,מיליליטרים,19.00,"100 מ""ל",false,,16.90,0.8895,true,1,533378
7290112004970,false,פיניש אולטימייט 50 י,,,פיניש אולטימייט 50 י,יחידה,0.00,יחידה,false,,59.90,0.0000,true,1,538340
7290112005045,false,וניש אבקה לכביסה לבנ,,,וניש אבקה לכביסה לבנ,מיליליטרים,480.00,"100 מ""ל",false,,16.90,0.0352,true,1,522524
7290112005052,false,וניש אבקה לכביסה לבנ,,,וניש אבקה לכביסה לבנ,ליטרים,1500.00,100 ליטר,false,,39.90,0.0266,true,1,522481
7290112005076,false,וניש אבקה לכביסה צבע,,,וניש אבקה לכביסה צבע,גרמים,480.00,100 גרם,false,,16.90,0.0352,true,1,522525
7290112005168,false,פיניש קוואנטום למדיח,,,פיניש קוואנטום למדיח,יחידה,0.00,יחידה,false,,59.90,0.0000,true,1,538324
7290112190468,false,"שמן זית 750 מ""ל G FO",,,"שמן זית 750 מ""ל G FO",מיליליטרים,750.00,"100 מ""ל",false,,30.90,0.0412,true,1,203156
7290112191274,false,12 טורטיות מקמח חיט,,,12 טורטיות מקמח חיט,גרמים,780.00,100 גרם,false,,12.90,0.0165,true,1,49441
7290112192509,false,ג'י-פרי פירורי לחם 2,,,ג'י-פרי פירורי לחם 2,גרמים,250.00,100 גרם,false,,15.90,0.0636,true,1,40138
7290112192561,false,מש.שיניים פרמיום הגנ,,,מש.שיניים פרמיום הגנ,מיליליטרים,75.00,"100 מ""ל",false,,35.90,0.4787,true,1,4064
7290112192882,false,משחת שיניים סנסודיין,,,משחת שיניים סנסודיין,מיליליטרים,75.00,"100 מ""ל",false,,35.90,0.4787,true,1,4071
7290112195579,false,שמן זית איטליה 750 מ,,,שמן זית איטליה 750 מ,מיליליטרים,750.00,"100 מ""ל",false,,30.90,0.0412,true,1,264941
7290112196514,false,חטיף קרקר מקור הכוסמ,,,חטיף קרקר מקור הכוסמ,גרמים,180.00,100 גרם,false,,9.90,0.0550,true,1,307092
7290112330352,false,דנונה פרו 20 גר וניל,,,דנונה פרו 20 גר וניל,גרמים,200.00,100 גרם,false,,5.90,0.0295,true,1,24003
7290112330390,false,דנונה פרו 20 גר פירו,,,דנונה פרו 20 גר פירו,גרמים,200.00,100 גרם,false,,5.90,0.0295,true,1,24005
7290112332585,false,"פריכיות הטעימות תפו""",,,"פריכיות הטעימות תפו""",גרמים,30.00,100 גרם,false,,4.90,0.1633,true,1,23094
7290112332691,false,פינוקיות עוגיית קרם,,,פינוקיות עוגיית קרם,גרמים,200.00,100 גרם,false,,10.90,0.0545,true,1,23096
7290112332899,false,מאסט בזוקה פופים קלא,,,מאסט בזוקה פופים קלא,גרמים,58.00,100 גרם,false,,9.90,0.1707,true,1,23100
7290112334596,false,אבקה להכנת שוקו 850,,,אבקה להכנת שוקו 850,גרמים,935.00,100 גרם,false,,15.90,0.0170,true,1,583056
7290112335487,false,פריכיות הטעימות קצח,,,פריכיות הטעימות קצח,גרמים,135.00,100 גרם,false,,10.90,0.0807,true,1,23110
7290112335494,false,פריכיות הטעימות פוטט,,,פריכיות הטעימות פוטט,גרמים,135.00,100 גרם,false,,10.90,0.0807,true,1,23111
7290112336637,false,"סוכריות מאסט לל""ס יו",,,"סוכריות מאסט לל""ס יו",גרמים,80.00,100 גרם,false,,8.90,0.1113,true,1,23123
7290112336644,false,"סוכריות מאסט לל""ס לי",,,"סוכריות מאסט לל""ס לי",גרמים,80.00,100 גרם,false,,8.90,0.1113,true,1,23124
7290112336712,false,דנונה פרו 21 0% שומן,,,דנונה פרו 21 0% שומן,גרמים,200.00,100 גרם,false,,5.90,0.0295,true,1,24035
7290112337474,false,"סוכריות מאסט לל""ס פט",,,"סוכריות מאסט לל""ס פט",גרמים,80.00,100 גרם,false,,8.90,0.1113,true,1,23128
7290112337481,false,"סוכריות מאסט לל""ס קפ",,,"סוכריות מאסט לל""ס קפ",גרמים,80.00,100 גרם,false,,8.90,0.1113,true,1,23129
7290112338877,false,גבינת סקי תות 3% 125,,,גבינת סקי תות 3% 125,גרמים,125.00,100 גרם,false,,3.90,0.0312,true,1,24037
7290112339171,false,מילקי מוס 81 גרם.,,,מילקי מוס 81 גרם.,גרמים,81.00,100 גרם,false,,3.50,0.0432,true,1,24044
7290112339362,false,דנונה לייט אנד פריי,,,דנונה לייט אנד פריי,גרמים,150.00,100 גרם,false,,4.90,0.0327,true,1,24051
7290112339867,false,גמדים סקוויז בודד תו,,,גמדים סקוויז בודד תו,גרמים,100.00,100 גרם,false,,5.90,0.0590,true,1,24064
7290112339874,false,גמדים סקוויז בודד תו,,,גמדים סקוויז בודד תו,גרמים,100.00,100 גרם,false,,5.90,0.0590,true,1,24065
7290112340122,false,פריכיות הטעימות 3 דג,,,פריכיות הטעימות 3 דג,גרמים,135.00,100 גרם,false,,10.90,0.0807,true,1,23138
7290112341556,false,אקטיביה עם צ'יה ותות,,,אקטיביה עם צ'יה ותות,גרמים,150.00,100 גרם,false,,4.90,0.0327,true,1,24077
7290112341679,false,דנונה אקטיביה 3% 200,,,דנונה אקטיביה 3% 200,גרמים,200.00,100 גרם,false,,3.90,0.0195,true,1,24078
7290112341686,false,אקטיביה מארז 3% 8*15,,,אקטיביה מארז 3% 8*15,קילוגרמים,1.20,"ק""ג",false,,19.90,16.5833,true,1,24079
7290112342102,false,סימפוניה 5% בצל מקור,,,סימפוניה 5% בצל מקור,גרמים,200.00,100 גרם,false,,11.50,0.0575,true,1,24087
7290112343499,false,ציטוס Puffs בטעם גבי,,,ציטוס Puffs בטעם גבי,גרמים,55.00,100 גרם,false,,3.50,0.0636,true,1,223785
7290112344564,false,EAT GOOD רביולי גבינ,,,EAT GOOD רביולי גבינ,גרמים,400.00,100 גרם,false,,19.90,0.0497,true,1,24099
7290112344724,false,מילקי בטעם שוקולד בל,,,מילקי בטעם שוקולד בל,מיליליטרים,170.00,"100 מ""ל",false,,3.50,0.0206,true,1,24104
7290112344755,false,מילקי עם 26% פחות סו,,,מילקי עם 26% פחות סו,מיליליטרים,135.00,"100 מ""ל",false,,2.90,0.0215,true,1,114114
7290112344786,false,פלטינום קלאסיק עלית,,,פלטינום קלאסיק עלית,גרמים,200.00,100 גרם,false,,24.90,0.1245,true,1,23171
7290112346360,false,בפלות אחת אחת בציפוי,,,בפלות אחת אחת בציפוי,גרמים,180.00,100 גרם,false,,13.90,0.0772,true,1,23182
7290112346537,false,פינוקיות עוגיות בטעם,,,פינוקיות עוגיות בטעם,גרמים,200.00,100 גרם,false,,10.90,0.0545,true,1,23183
7290112346629,false,דנונה קראנצ' עם קורנ,,,דנונה קראנצ' עם קורנ,מיליליטרים,172.00,"100 מ""ל",false,,4.60,0.0267,true,1,75150
7290112346773,false,דנונה לייט אנד פריי,,,דנונה לייט אנד פריי,מיליליטרים,150.00,"100 מ""ל",false,,4.90,0.0327,true,1,122017
7290112346827,false,אקטימל ויטמין C פטל,,,אקטימל ויטמין C פטל,מיליליטרים,800.00,"100 מ""ל",false,,19.90,0.0249,true,1,108194
7290112347008,false,גמדים ארוחת בוקר תות,,,גמדים ארוחת בוקר תות,גרמים,100.00,100 גרם,false,,5.90,0.0590,true,1,24129
7290112347473,false,דנונה לייט אנד פריי,,,דנונה לייט אנד פריי,קילוגרמים,1.20,"ק""ג",false,,27.90,23.2500,true,1,24132
7290112348999,false,פריכיות טעימות תירס,,,פריכיות טעימות תירס,גרמים,135.00,100 גרם,false,,10.90,0.0807,true,1,120167
7290112349316,false,בזוקה ביג פופים בטעם,,,בזוקה ביג פופים בטעם,גרמים,86.00,100 גרם,false,,12.90,0.1500,true,1,61675
7290112349606,false,דניאלה תות בננה 150,,,דניאלה תות בננה 150,מיליליטרים,150.00,"100 מ""ל",false,,4.10,0.0273,true,1,302279
7290112349743,false,רוטב עגבניות ארביאטה,,,רוטב עגבניות ארביאטה,גרמים,350.00,100 גרם,false,,10.90,0.0311,true,1,23192
7290112349750,false,רוטב עגבניות לפיצה 3,,,רוטב עגבניות לפיצה 3,גרמים,350.00,100 גרם,false,,10.90,0.0311,true,1,23193
7290112349897,false,מאסט קוביות מנטה 86,,,מאסט קוביות מנטה 86,גרמים,86.00,100 גרם,false,,12.90,0.1500,true,1,61676
7290112350275,false,קפסולות LUNGO למכונו,,,קפסולות LUNGO למכונו,גרמים,50.00,100 גרם,false,,16.90,0.3380,true,1,23194
7290112350312,false,עלית קפסולות 15 למכ,,,עלית קפסולות 15 למכ,גרמים,50.00,100 גרם,false,,16.90,0.3380,true,1,97773
7290112351067,false,סילאן טבעי לחיץ יד מ,,,סילאן טבעי לחיץ יד מ,גרמים,630.00,100 גרם,false,,23.90,0.0379,true,1,64824
7290112351258,false,פינוקיות עוגיית שחור,,,פינוקיות עוגיית שחור,גרמים,200.00,100 גרם,false,,10.90,0.0545,true,1,90507
7290112351463,false,שלישיית סוכריות FRES,,,שלישיית סוכריות FRES,גרמים,45.00,100 גרם,false,,7.90,0.1756,true,1,96678
7290112351524,false,עלי סלנובה טעם הטבע,,,עלי סלנובה טעם הטבע,גרמים,200.00,100 גרם,false,,11.90,0.0595,true,1,80433
7290112353887,false,קפה קר יטבתה בטעם אג,,,קפה קר יטבתה בטעם אג,מיליליטרים,230.00,"100 מ""ל",false,,7.90,0.0343,true,1,87516
7290112354174,false,פסטה רוזה שטראוס דלי,,,פסטה רוזה שטראוס דלי,גרמים,280.00,100 גרם,false,,21.90,0.0782,true,1,233580
7290112354204,false,ספגטי עגבניות שטראוס,,,ספגטי עגבניות שטראוס,גרמים,280.00,100 גרם,false,,21.90,0.0782,true,1,233595
7290112354945,false,תפוצ'יפס wavy 50 גר,,,תפוצ'יפס wavy 50 גר,גרמים,50.00,100 גרם,false,,3.90,0.0780,true,1,581759
7290112354952,false,תפוצ'יפס wavy פפריקה,,,תפוצ'יפס wavy פפריקה,גרמים,50.00,100 גרם,false,,3.90,0.0780,true,1,581760
7290112354969,false,תפוצ'יפס וויבי 200 ג,,,תפוצ'יפס וויבי 200 ג,גרמים,200.00,100 גרם,false,,9.90,0.0495,true,1,581647
7290112355027,false,דנונה פרו 20 גר' בטע,,,דנונה פרו 20 גר' בטע,גרמים,200.00,100 גרם,false,,5.90,0.0295,true,1,114143
7290112355102,false,סקוויז גמדים לדרך סל,,,סקוויז גמדים לדרך סל,גרמים,100.00,100 גרם,false,,5.90,0.0590,true,1,121966
7290112355393,false,רוטב שמנת עם בטטה 9%,,,רוטב שמנת עם בטטה 9%,גרמים,257.00,100 גרם,false,,9.90,0.0385,true,1,557995
7290112357083,false,אפונה ירוקה טעם הטבע,,,אפונה ירוקה טעם הטבע,גרמים,380.00,100 גרם,false,,6.90,0.0182,true,1,211091
7290112357113,false,גרגרי חומוס טעם הטבע,,,גרגרי חומוס טעם הטבע,גרמים,380.00,100 גרם,false,,6.90,0.0182,true,1,67163
7290112357175,false,קפסולות BOOST למכונו,,,קפסולות BOOST למכונו,גרמים,50.00,100 גרם,false,,16.90,0.3380,true,1,23195
7290112357892,false,שלישיית סוכריות FRES,,,שלישיית סוכריות FRES,גרמים,45.00,100 גרם,false,,7.90,0.1756,true,1,96680
7290112358004,false,פסק זמן קראנץ' 32 גר,,,פסק זמן קראנץ' 32 גר,גרמים,32.00,100 גרם,false,,4.90,0.1531,true,1,133347
7290112358127,false,דנונה פרו 20 גר עם מ,,,דנונה פרו 20 גר עם מ,גרמים,200.00,100 גרם,false,,6.50,0.0325,true,1,108220
7290112358219,false,יד מורדכי רוטב צ'ילי,,,יד מורדכי רוטב צ'ילי,מיליליטרים,300.00,"100 מ""ל",false,,13.90,0.0463,true,1,87285
7290112358233,false,יד מורדכי רוטב צ'ילי,,,יד מורדכי רוטב צ'ילי,מיליליטרים,300.00,"100 מ""ל",false,,13.90,0.0463,true,1,131789
7290112358431,false,דאבל ביסקוויט עם שוק,,,דאבל ביסקוויט עם שוק,גרמים,200.00,100 גרם,false,,12.90,0.0645,true,1,150599
7290112415400,false,עוגיות אלפאחורס 280,,,עוגיות אלפאחורס 280,גרמים,280.00,100 גרם,false,,30.90,0.1104,true,1,40005
7290112490650,false,קונפיטורה 778 תות שד,,,קונפיטורה 778 תות שד,גרמים,340.00,100 גרם,false,,12.40,0.0365,true,1,10760
7290112490728,false,מרק היום מרק ירקות ע,,,מרק היום מרק ירקות ע,גרמים,94.00,100 גרם,false,,11.90,0.1266,true,1,220527
7290112490735,false,מרק היום מרק עגבניות,,,מרק היום מרק עגבניות,גרמים,105.00,100 גרם,false,,11.90,0.1133,true,1,220513
7290112490742,false,מרק היום מרק פטריות,,,מרק היום מרק פטריות,גרמים,104.00,100 גרם,false,,11.90,0.1144,true,1,220498
7290112490759,false,מרק היום עוף עם אטרי,,,מרק היום עוף עם אטרי,גרמים,74.00,100 גרם,false,,11.90,0.1608,true,1,220499
7290112491701,false,ברנפלקס אקסטרה פרוטא,,,ברנפלקס אקסטרה פרוטא,גרמים,400.00,100 גרם,false,,21.90,0.0547,true,1,10802
7290112491770,false,בייגלה דקים דקים עם,,,בייגלה דקים דקים עם,גרמים,300.00,100 גרם,false,,9.90,0.0330,true,1,10803
7290112492449,false,פינוק שמפו לשיער רגי,,,פינוק שמפו לשיער רגי,מיליליטרים,700.00,"100 מ""ל",false,,11.90,0.0170,true,1,57407
7290112492593,false,פינוק תחליב רחצה קלא,,,פינוק תחליב רחצה קלא,מיליליטרים,700.00,"100 מ""ל",false,,9.90,0.0141,true,1,57427
7290112492609,false,פינוק תחליב רחצה לבנ,,,פינוק תחליב רחצה לבנ,מיליליטרים,700.00,"100 מ""ל",false,,9.90,0.0141,true,1,57442
7290112492982,false,מרק פטריות 100% רכיב,,,מרק פטריות 100% רכיב,יח',400.00,יח',false,,19.90,0.0497,true,1,72129
7290112492999,false,מרק טעם עוף קנור 400,,,מרק טעם עוף קנור 400,גרמים,400.00,100 גרם,false,,11.90,0.0298,true,1,10825
7290112493088,false,נמס בכוס מרק עדשים ח,,,נמס בכוס מרק עדשים ח,גרמים,54.00,100 גרם,false,,6.90,0.1278,true,1,10828
7290112493095,false,נמס בכוס מרק עגבניות,,,נמס בכוס מרק עגבניות,גרמים,48.00,100 גרם,false,,6.90,0.1438,true,1,10829
7290112493316,false,מרק היום מרק אפונה 1,,,מרק היום מרק אפונה 1,גרמים,117.00,100 גרם,false,,11.90,0.1017,true,1,10839
7290112494153,false,תיבוליות ניחוח צלי ק,,,תיבוליות ניחוח צלי ק,גרמים,72.00,100 גרם,false,,7.90,0.1097,true,1,220445
7290112494221,false,קליק ביסקוויט 65 גרם,,,קליק ביסקוויט 65 גרם,גרמים,65.00,100 גרם,false,,5.90,0.0908,true,1,10847
7290112494238,false,קליק כדורים חלב 65 ג,,,קליק כדורים חלב 65 ג,גרמים,65.00,100 גרם,false,,5.90,0.0908,true,1,10848
7290112494610,false,רוטב פיקנטי לדג קנור,,,רוטב פיקנטי לדג קנור,מיליליטרים,415.00,"100 מ""ל",false,,12.90,0.0311,true,1,72130
7290112494795,false,ג'ל לכביסה לבנה וצבע,,,ג'ל לכביסה לבנה וצבע,ליטרים,2.50,ליטר,false,,30.90,12.3600,true,1,10863
7290112494801,false,ג'ל לכביסה לבנה וצבע,,,ג'ל לכביסה לבנה וצבע,ליטרים,2.50,ליטר,false,,30.90,12.3600,true,1,10864
7290112495037,false,קוקומן כדורים תלמה ב,,,קוקומן כדורים תלמה ב,גרמים,375.00,100 גרם,false,,19.90,0.0531,true,1,10871
7290112495044,false,קוקומן פצפוצים תלמה,,,קוקומן פצפוצים תלמה,גרמים,375.00,100 גרם,false,,19.90,0.0531,true,1,10872
7290112495174,false,נשנושים קוקטייל שומש,,,נשנושים קוקטייל שומש,גרמים,300.00,100 גרם,false,,12.90,0.0430,true,1,10879
7290112495433,false,"דליפקאן תלמה בד""ץ 40",,,"דליפקאן תלמה בד""ץ 40",גרמים,400.00,100 גרם,false,,21.90,0.0547,true,1,10884
7290112495488,false,קורנפלקס ללא גלוטן ד,,,קורנפלקס ללא גלוטן ד,גרמים,500.00,100 גרם,false,,14.50,0.0290,true,1,565641
7290112495785,false,רוטב שום הלמנס 300 ג,,,רוטב שום הלמנס 300 ג,גרמים,300.00,100 גרם,false,,10.50,0.0350,true,1,52371
7290112496027,false,"סירופ שוקולד 600 מ""ל",,,"סירופ שוקולד 600 מ""ל",מיליליטרים,600.00,"100 מ""ל",false,,11.90,0.0198,true,1,10891
7290112496034,false,"סירופ מייפל בד""צ 600",,,"סירופ מייפל בד""צ 600",מיליליטרים,600.00,"100 מ""ל",false,,11.90,0.0198,true,1,10892
7290112496270,false,פתית צ'יפס עם תפוח א,,,פתית צ'יפס עם תפוח א,גרמים,21.00,100 גרם,false,,4.90,0.2333,true,1,183895
7290112496331,false,קורנפלקס בננה תלמה ב,,,קורנפלקס בננה תלמה ב,גרמים,448.00,100 גרם,false,,17.90,0.0400,true,1,169519
7290112496430,false,נמס בכוס אקסטרה מרק,,,נמס בכוס אקסטרה מרק,גרמים,37.00,100 גרם,false,,3.90,0.1054,true,1,220607
7290112496461,false,מרק נמס בכוס אקסטרה,,,מרק נמס בכוס אקסטרה,גרמים,35.00,100 גרם,false,,3.90,0.1114,true,1,112140
7290112497864,false,מרק בטעם עוף רכיבים,,,מרק בטעם עוף רכיבים,גרמים,400.00,100 גרם,false,,19.90,0.0497,true,1,220418
7290112497994,false,גרנולה PROTEIN בתוספ,,,גרנולה PROTEIN בתוספ,גרמים,300.00,100 גרם,false,,16.90,0.0563,true,1,196248
7290112498007,false,גרנולה PROTEIN בתוספ,,,גרנולה PROTEIN בתוספ,גרמים,300.00,100 גרם,false,,16.90,0.0563,true,1,237323
7290112498267,false,אל סבון לידיים בניחו,,,אל סבון לידיים בניחו,מיליליטרים,950.00,"100 מ""ל",false,,11.90,0.0125,true,1,178245
7290112498274,false,אל סבון לידיים בניחו,,,אל סבון לידיים בניחו,מיליליטרים,950.00,"100 מ""ל",false,,11.90,0.0125,true,1,180069
7290112498298,false,אל סבון לידיים בתוספ,,,אל סבון לידיים בתוספ,מיליליטרים,950.00,"100 מ""ל",false,,11.90,0.0125,true,1,178247
7290112499097,false,מאגדת מיני מגנום מרי,,,מאגדת מיני מגנום מרי,גרמים,240.00,100 גרם,false,,27.90,0.1162,true,1,305304
7290112499189,false,קרמיסימו חד קרן בטעמ,,,קרמיסימו חד קרן בטעמ,ליטרים,1.33,ליטר,false,,18.90,14.2105,true,1,531495
7290112499455,false,תחליב רחצה בתוספת שמ,,,תחליב רחצה בתוספת שמ,מיליליטרים,700.00,"100 מ""ל",false,,9.90,0.0141,true,1,166193
7290112499462,false,תחליב רחצה בתוספת שמ,,,תחליב רחצה בתוספת שמ,מיליליטרים,700.00,"100 מ""ל",false,,9.90,0.0141,true,1,166194
7290112499509,false,רקסונה ספריי בניחוח,,,רקסונה ספריי בניחוח,מיליליטרים,150.00,"100 מ""ל",false,,13.90,0.0927,true,1,533033
7290112961266,false,בייגלה כפיות בסגנון,,,בייגלה כפיות בסגנון,גרמים,300.00,100 גרם,false,,10.90,0.0363,true,1,19304
7290112961372,false,חטיפי פריכיות דקות ק,,,חטיפי פריכיות דקות ק,גרמים,60.00,100 גרם,false,,8.90,0.1483,true,1,19307
7290112961464,false,חטיפי פריכיות דקות מ,,,חטיפי פריכיות דקות מ,גרמים,60.00,100 גרם,false,,8.90,0.1483,true,1,19310
7290112961754,false,אסם עוגיות שוקוצ'יפס,,,אסם עוגיות שוקוצ'יפס,גרמים,220.00,100 גרם,false,,9.90,0.0450,true,1,19319
7290112962287,false,שווארמה טבעונית טבעו,,,שווארמה טבעונית טבעו,גרמים,450.00,100 גרם,false,,30.90,0.0687,true,1,54336
7290112963727,false,עוגת קראנץ' קינמון 6,,,עוגת קראנץ' קינמון 6,גרמים,650.00,100 גרם,false,,26.50,0.0408,true,1,34122
7290112963918,false,פיטנס חטיפי קרקר דק,,,פיטנס חטיפי קרקר דק,גרמים,140.00,100 גרם,false,,11.90,0.0850,true,1,19336
7290112964052,false,פסטה וזוביוטו פרפקטו,,,פסטה וזוביוטו פרפקטו,גרמים,500.00,100 גרם,false,,9.90,0.0198,true,1,19338
7290112964434,false,אסם רוטב קיסר לסלט 2,,,אסם רוטב קיסר לסלט 2,מיליליטרים,295.00,"100 מ""ל",false,,9.90,0.0336,true,1,19350
7290112964458,false,אסם רוטב ויניגרט לסל,,,אסם רוטב ויניגרט לסל,מיליליטרים,295.00,"100 מ""ל",false,,9.90,0.0336,true,1,19351
7290112964472,false,אסם רוטב שום לסלט 29,,,אסם רוטב שום לסלט 29,מיליליטרים,295.00,"100 מ""ל",false,,9.90,0.0336,true,1,19352
7290112964564,false,אסם רוטב אלף האיים ל,,,אסם רוטב אלף האיים ל,מיליליטרים,295.00,"100 מ""ל",false,,9.90,0.0336,true,1,19355
7290112964625,false,אסם רוטב שום לייט לס,,,אסם רוטב שום לייט לס,מיליליטרים,295.00,"100 מ""ל",false,,9.90,0.0336,true,1,19358
7290112964724,false,טבעול המבורגר טבעוני,,,טבעול המבורגר טבעוני,גרמים,580.00,100 גרם,false,,30.90,0.0533,true,1,20065
7290112965165,false,זוג מרק נמס פטריות ב,,,זוג מרק נמס פטריות ב,גרמים,48.00,100 גרם,false,,5.90,0.1229,true,1,19365
7290112965240,false,זוג מרק נמס עגבניות,,,זוג מרק נמס עגבניות,גרמים,60.00,100 גרם,false,,5.90,0.0983,true,1,19369
7290112965264,false,זוג מרק נמס אפונה בד,,,זוג מרק נמס אפונה בד,גרמים,30.00,100 גרם,false,,5.90,0.1967,true,1,19370
7290112965288,false,זוג מרק נמס ירקות בד,,,זוג מרק נמס ירקות בד,גרמים,30.00,100 גרם,false,,5.90,0.1967,true,1,19371
7290112965301,false,זוג מרק נמס טעם עוף,,,זוג מרק נמס טעם עוף,גרמים,38.00,100 גרם,false,,5.90,0.1553,true,1,19372
7290112965585,false,פסטה קסרצה פרפקטו 50,,,פסטה קסרצה פרפקטו 50,גרמים,500.00,100 גרם,false,,6.90,0.0138,true,1,19378
7290112965707,false,פיטנס חטיף מולטיגריי,,,פיטנס חטיף מולטיגריי,גרמים,25.00,100 גרם,false,,4.90,0.1960,true,1,113964
7290112965783,false,ביסלי פריסטייל על הא,,,ביסלי פריסטייל על הא,גרמים,60.00,100 גרם,false,,4.50,0.0750,true,1,178203
7290112965868,false,אסם קרם קרקר במליחות,,,אסם קרם קרקר במליחות,גרמים,250.00,100 גרם,false,,8.90,0.0356,true,1,19383
7290112966094,false,עוגת הבית תפוז מופחת,,,עוגת הבית תפוז מופחת,גרמים,400.00,100 גרם,false,,11.90,0.0298,true,1,19388
7290112966445,false,במבה מתוקה אריזה גדו,,,במבה מתוקה אריזה גדו,גרמים,100.00,100 גרם,false,,7.90,0.0790,true,1,19395
7290112966728,false,צבר טחינה בלאדי פלפל,,,צבר טחינה בלאדי פלפל,גרמים,350.00,100 גרם,false,,15.90,0.0454,true,1,20068
7290112966803,false,אסם פודינג אינסטנט ש,,,אסם פודינג אינסטנט ש,גרמים,88.00,100 גרם,false,,5.50,0.0625,true,1,19400
7290112967220,false,ביסלי ברביקיו מארז 1,,,ביסלי ברביקיו מארז 1,גרמים,200.00,100 גרם,false,,13.90,0.0695,true,1,72265
7290112967244,false,ביסלי גריל מארז 10*,,,ביסלי גריל מארז 10*,גרמים,200.00,100 גרם,false,,13.90,0.0695,true,1,19405
7290112968203,false,סלט טחינה בלאדי צבר,,,סלט טחינה בלאדי צבר,גרמים,250.00,100 גרם,false,,10.90,0.0436,true,1,20077
7290112968340,false,חומוס גרוס גס גס צבר,,,חומוס גרוס גס גס צבר,גרמים,400.00,100 גרם,false,,13.90,0.0348,true,1,20078
7290112968449,false,סלט כרוב אדום צבר 25,,,סלט כרוב אדום צבר 25,גרמים,250.00,100 גרם,false,,10.90,0.0436,true,1,20080
7290112968708,false,שניצל תירס עדה חרדי,,,שניצל תירס עדה חרדי,קילוגרמים,1.30,"ק""ג",false,,40.90,31.4615,true,1,59496
7290112968807,false,פיטנס קרקר דק סלק 14,,,פיטנס קרקר דק סלק 14,גרמים,140.00,100 גרם,false,,11.90,0.0850,true,1,122755
7290112968821,false,פיטנס קרקר דק בטטה 1,,,פיטנס קרקר דק בטטה 1,גרמים,140.00,100 גרם,false,,11.90,0.0850,true,1,122756
7290113100275,false,מגרדת משושת,,,מגרדת משושת,יחידה,0.00,יחידה,false,,25.90,0.0000,true,1,50026
7290113100824,false,מברשת סיליקון,,,מברשת סיליקון,יחידה,0.00,יחידה,false,,8.90,0.0000,true,1,50082
7290113100831,false,לקקן סיליקון גדול,,,לקקן סיליקון גדול,יחידה,0.00,יחידה,false,,8.90,0.0000,true,1,50083
7290113100862,false,כפפות סיליקון,,,כפפות סיליקון,יחידה,0.00,יחידה,false,,22.90,0.0000,true,1,50086
7290113100992,false,קרש חיתוך דגם יהלום,,,קרש חיתוך דגם יהלום,יחידה,0.00,יחידה,false,,11.90,0.0000,true,1,50099
7290113101296,false,פותחן בקבוקים סיליקו,,,פותחן בקבוקים סיליקו,יחידה,0.00,יחידה,false,,19.90,0.0000,true,1,50129
7290113102934,false,קולפן איכותי,,,קולפן איכותי,יחידה,0.00,יחידה,false,,12.90,0.0000,true,1,50290
7290113190375,false,סילאן סירופ תמרים טב,,,סילאן סירופ תמרים טב,גרמים,900.00,100 גרם,false,,17.90,0.0199,true,1,206967
7290113192201,false,תערובת להכנת סחלב 50,,,תערובת להכנת סחלב 50,גרמים,500.00,100 גרם,false,,13.90,0.0278,true,1,344903
7290113192300,false,זיתים חרוזית מושחר ב,,,זיתים חרוזית מושחר ב,גרמים,275.00,100 גרם,false,,9.90,0.0360,true,1,19428
7290113192317,false,טבעות זיתים מושחרים,,,טבעות זיתים מושחרים,גרמים,280.00,100 גרם,false,,10.90,0.0389,true,1,19429
7290113192324,false,זית ירוק בית השיטה 3,,,זית ירוק בית השיטה 3,גרמים,340.00,100 גרם,false,,8.90,0.0262,true,1,19430
7290113192331,false,זיתים ירוק גדול בית,,,זיתים ירוק גדול בית,גרמים,340.00,100 גרם,false,,8.90,0.0262,true,1,19431
7290113192348,false,זית ירוק שום 17-19בי,,,זית ירוק שום 17-19בי,גרמים,560.00,100 גרם,false,,9.90,0.0177,true,1,19432
7290113192355,false,זיתים חרוזית ירוק בי,,,זיתים חרוזית ירוק בי,גרמים,275.00,100 גרם,false,,9.90,0.0360,true,1,19433
7290113192362,false,טבעות זיתים ירוקים ב,,,טבעות זיתים ירוקים ב,גרמים,280.00,100 גרם,false,,10.90,0.0389,true,1,19434
7290113192379,false,זיתים ירוקים מבוקעים,,,זיתים ירוקים מבוקעים,גרמים,340.00,100 גרם,false,,10.90,0.0321,true,1,19435
7290113192386,false,זית סורי מבוקע בית ה,,,זית סורי מבוקע בית ה,גרמים,340.00,100 גרם,false,,11.90,0.0350,true,1,19436
7290113192393,false,קוקטייל זיתים בית הש,,,קוקטייל זיתים בית הש,גרמים,336.00,100 גרם,false,,10.90,0.0324,true,1,19437
7290113192478,false,מלפפון במלח 10-12 בי,,,מלפפון במלח 10-12 בי,גרמים,320.00,100 גרם,false,,7.90,0.0247,true,1,19445
7290113192485,false,מלפפון בחומץ 12-10 ב,,,מלפפון בחומץ 12-10 ב,גרמים,290.00,100 גרם,false,,7.90,0.0272,true,1,19446
7290113192492,false,מלפפון בחומץ 13-17 ב,,,מלפפון בחומץ 13-17 ב,גרמים,290.00,100 גרם,false,,9.90,0.0341,true,1,19447
7290113192508,false,מלפפון במלח 13-17 בי,,,מלפפון במלח 13-17 בי,גרמים,320.00,100 גרם,false,,9.90,0.0309,true,1,19448
7290113192515,false,מלפפון במלח 18-25 בי,,,מלפפון במלח 18-25 בי,גרמים,320.00,100 גרם,false,,10.90,0.0341,true,1,19449
7290113192522,false,מלפפון בחומץ 18-25 ב,,,מלפפון בחומץ 18-25 ב,גרמים,290.00,100 גרם,false,,10.90,0.0376,true,1,19450
7290113192539,false,מלפפון במלח 7-9 בית,,,מלפפון במלח 7-9 בית,גרמים,560.00,100 גרם,false,,6.90,0.0123,true,1,19451
7290113192546,false,מלפפון בחומץ 7-9 בית,,,מלפפון בחומץ 7-9 בית,גרמים,560.00,100 גרם,false,,6.90,0.0123,true,1,19452
7290113192553,false,מלפפון במלח בלדי 13-,,,מלפפון במלח בלדי 13-,גרמים,320.00,100 גרם,false,,10.90,0.0341,true,1,19453
7290113192560,false,פלפל שיפקה בית השיטה,,,פלפל שיפקה בית השיטה,גרמים,230.00,100 גרם,false,,6.90,0.0300,true,1,19454
7290113192577,false,כרוב כבוש בית השיטה,,,כרוב כבוש בית השיטה,יחידה,430.00,יחידה,false,,7.90,0.0184,true,1,19455
7290113192881,false,טורטיה חיטה מופחתת ק,,,טורטיה חיטה מופחתת ק,גרמים,270.00,100 גרם,false,,9.90,0.0367,true,1,206652
7290113192997,false,זית מרוקאי בית השיטה,,,זית מרוקאי בית השיטה,גרמים,340.00,100 גרם,false,,12.90,0.0379,true,1,106835
7290113193000,false,פלפל שיפקונית בית הש,,,פלפל שיפקונית בית הש,גרמים,230.00,100 גרם,false,,11.90,0.0517,true,1,106836
7290113193017,false,בית השיטה קוקטייל זי,,,בית השיטה קוקטייל זי,גרמים,275.00,100 גרם,false,,12.90,0.0469,true,1,106808
7290113193031,false,חרוזית קלמטה בית השי,,,חרוזית קלמטה בית השי,גרמים,275.00,100 גרם,false,,12.90,0.0469,true,1,106821
7290113193321,false,שמן זית כתית מעולה ב,,,שמן זית כתית מעולה ב,מיליליטרים,750.00,"100 מ""ל",false,,30.90,0.0412,true,1,239905
7290113193406,false,טבעות קוקטיל זיתים ב,,,טבעות קוקטיל זיתים ב,גרמים,560.00,100 גרם,false,,10.70,0.0191,true,1,106822
7290113193888,false,בית השיטה חצילים מוח,,,בית השיטה חצילים מוח,גרמים,320.00,100 גרם,false,,9.90,0.0309,true,1,177736
7290113195042,false,מלפפון מלח כבישה בית,,,מלפפון מלח כבישה בית,גרמים,750.00,100 גרם,false,,24.90,0.0332,true,1,177750
7290113195073,false,חלבה טורקית עם פיסטו,,,חלבה טורקית עם פיסטו,גרמים,400.00,100 גרם,false,,13.90,0.0348,true,1,207153
7290113195172,false,רצועות קולורבי בתחמי,,,רצועות קולורבי בתחמי,גרמים,215.00,100 גרם,false,,7.90,0.0367,true,1,148283
7290113195424,false,אטריות אורז דקות 5 מ,,,אטריות אורז דקות 5 מ,גרמים,400.00,100 גרם,false,,8.90,0.0223,true,1,207451
7290113196414,false,אורז בסמטי שקדיה 1 ק,,,אורז בסמטי שקדיה 1 ק,קילוגרמים,1.00,"ק""ג",false,,9.90,9.9000,true,1,206758
7290113196902,false,מנה חמה אטריות אורז,,,מנה חמה אטריות אורז,גרמים,60.00,100 גרם,false,,7.90,0.1317,true,1,551472
7290113196919,false,מנה חמה אטריות אורז,,,מנה חמה אטריות אורז,גרמים,60.00,100 גרם,false,,7.90,0.1317,true,1,551473
7290113196933,false,מנה חמה אטריות אורז,,,מנה חמה אטריות אורז,גרמים,60.00,100 גרם,false,,7.90,0.1317,true,1,551475
7290113196940,false,חטיפי תירס טורטיה בט,,,חטיפי תירס טורטיה בט,גרמים,300.00,100 גרם,false,,13.90,0.0463,true,1,487571
7290113196957,false,חטיפי תירס טורטיה בט,,,חטיפי תירס טורטיה בט,גרמים,300.00,100 גרם,false,,13.90,0.0463,true,1,487572
7290113197169,false,חמאת בוטנים טבעית שק,,,חמאת בוטנים טבעית שק,גרמים,510.00,100 גרם,false,,15.90,0.0312,true,1,551491
7290113197176,false,חמאת בוטנים טבעית עם,,,חמאת בוטנים טבעית עם,גרמים,510.00,100 גרם,false,,15.90,0.0312,true,1,551507
7290113198586,false,סוכריות גומי מסוכר ב,,,סוכריות גומי מסוכר ב,גרמים,200.00,100 גרם,false,,9.90,0.0495,true,1,363190
7290113198593,false,סוכריות גומי מסוכר ב,,,סוכריות גומי מסוכר ב,גרמים,200.00,100 גרם,false,,9.90,0.0495,true,1,363191
7290113198609,false,סוכריות גומי נחשים,,,סוכריות גומי נחשים,גרמים,200.00,100 גרם,false,,9.90,0.0495,true,1,363192
7290113199842,false,מגש אירוח סוכריות גו,,,מגש אירוח סוכריות גו,גרמים,700.00,100 גרם,false,,29.90,0.0427,true,1,363241
7290113199859,false,מגש אירוח סוכריות גו,,,מגש אירוח סוכריות גו,גרמים,350.00,100 גרם,false,,14.90,0.0426,true,1,363226
7290113199897,false,סוכריות חמצוצים בטעם,,,סוכריות חמצוצים בטעם,גרמים,180.00,100 גרם,false,,9.90,0.0550,true,1,363207
7290113199910,false,סוכריות חמצוצים בטעם,,,סוכריות חמצוצים בטעם,גרמים,180.00,100 גרם,false,,9.90,0.0550,true,1,363209
7290113199927,false,סוכריות חמצוצים בטעם,,,סוכריות חמצוצים בטעם,גרמים,180.00,100 גרם,false,,9.90,0.0550,true,1,363210
7290113199934,false,סוכריות חמצוצים בטעם,,,סוכריות חמצוצים בטעם,גרמים,180.00,100 גרם,false,,9.90,0.0550,true,1,363211
7290113280717,false,כוסות יהלום ספלאש 4,,,כוסות יהלום ספלאש 4,יחידה,0.00,יחידה,false,,9.90,0.0000,true,1,424129
7290113289048,false,צלחות קטנות אלגנט קר,,,צלחות קטנות אלגנט קר,יחידה,0.00,יחידה,false,,7.90,0.0000,true,1,216015
7290113289109,false,קערות אלגנט קרם 25 י,,,קערות אלגנט קרם 25 י,יחידה,0.00,יחידה,false,,5.90,0.0000,true,1,216073
7290113289123,false,קערות אלגנט כסף 25 י,,,קערות אלגנט כסף 25 י,יחידה,0.00,יחידה,false,,5.90,0.0000,true,1,216088
7290113289130,false,לפתניות אלגנט קרם 25,,,לפתניות אלגנט קרם 25,יחידה,0.00,יחידה,false,,5.90,0.0000,true,1,216102
7290113289161,false,קערות ענקיות אלגנט ק,,,קערות ענקיות אלגנט ק,יחידה,0.00,יחידה,false,,9.90,0.0000,true,1,216131
7290113289208,false,צלחות מתכלות יהלום ג,,,צלחות מתכלות יהלום ג,יחידה,0.00,יחידה,false,,13.90,0.0000,true,1,266297
7290113289222,false,מרקיות מתכלות יהלום,,,מרקיות מתכלות יהלום,יחידה,0.00,יחידה,false,,12.90,0.0000,true,1,266338
7290113289321,false,מגשי דקל מלבניים גדו,,,מגשי דקל מלבניים גדו,יחידה,0.00,יחידה,false,,12.90,0.0000,true,1,358689
7290113289338,false,צלחות דקל מרובעות ענ,,,צלחות דקל מרובעות ענ,יחידה,0.00,יחידה,false,,17.90,0.0000,true,1,358624
7290113289345,false,צלחות דקל מרובעות גד,,,צלחות דקל מרובעות גד,יחידה,0.00,יחידה,false,,16.90,0.0000,true,1,358639
7290113289352,false,צלחות דקל מרובעות קט,,,צלחות דקל מרובעות קט,יחידה,0.00,יחידה,false,,12.90,0.0000,true,1,358655
7290113289369,false,מגשי דקל מלבניים קטנ,,,מגשי דקל מלבניים קטנ,יחידה,0.00,יחידה,false,,17.90,0.0000,true,1,358673
7290113289505,false,רדיד אלומיניום כוכבי,,,רדיד אלומיניום כוכבי,יחידה,0.00,יחידה,false,,32.90,0.0000,true,1,298102
7290113289543,false,כוסות שקופות 150 יחי,,,כוסות שקופות 150 יחי,יחידה,0.00,יחידה,false,,14.90,0.0000,true,1,357936
7290113289550,false,צלחות מתכלות גדולות,,,צלחות מתכלות גדולות,יחידה,0.00,יחידה,false,,29.90,0.0000,true,1,266268
7290113289567,false,צלחות מתכלות קטנות ק,,,צלחות מתכלות קטנות ק,יחידה,0.00,יחידה,false,,19.90,0.0000,true,1,266269
7290113463646,false,פרוסות גבינה קשה מסו,,,פרוסות גבינה קשה מסו,גרמים,400.00,100 גרם,false,,13.60,0.0340,true,1,574525
7290113469952,false,גבינה צהובה גאודה 28,,,גבינה צהובה גאודה 28,גרמים,300.00,100 גרם,false,,14.90,0.0497,true,1,475772
7290114310215,false,שמנת מתוקה 38% בקבוק,,,שמנת מתוקה 38% בקבוק,מיליליטרים,250.00,"100 מ""ל",false,,6.47,0.0259,true,1,67862
7290114310222,false,חלב מועשר בסידן 1.5,,,חלב מועשר בסידן 1.5,ליטרים,1.50,ליטר,false,,10.90,7.2667,true,1,80151
7290114310239,false,חלב נטול לקטוז 1.5,,,חלב נטול לקטוז 1.5,ליטרים,1.50,ליטר,false,,10.90,7.2667,true,1,80138
7290114310246,false,גרנה פדנו צ'אנק 125,,,גרנה פדנו צ'אנק 125,גרמים,125.00,100 גרם,false,,17.90,0.1432,true,1,127207
7290114310338,false,צפתית מעודנת 5% משק,,,צפתית מעודנת 5% משק,גרמים,225.00,100 גרם,false,,16.90,0.0751,true,1,116886
7290114310536,false,מולר אקטיב לייט יוגו,,,מולר אקטיב לייט יוגו,גרמים,25.00,100 גרם,false,,5.90,0.2360,true,1,148100
7290114310550,false,פטה עיזים מעודנת 5%,,,פטה עיזים מעודנת 5%,גרמים,200.00,100 גרם,false,,22.90,0.1145,true,1,148073
7290114310567,false,לאבנה עיזים 5% משק צ,,,לאבנה עיזים 5% משק צ,גרמים,200.00,100 גרם,false,,13.90,0.0695,true,1,148048
7290114310574,false,גבינת קרם שמנת עיזים,,,גבינת קרם שמנת עיזים,גרמים,200.00,100 גרם,false,,13.90,0.0695,true,1,147987
7290114310628,false,משקה חלב וניל עוגיות,,,משקה חלב וניל עוגיות,ליטרים,1.00,ליטר,false,,11.90,11.9000,true,1,156447
7290114310895,false,מאגדת שמינייה סימפלי,,,מאגדת שמינייה סימפלי,קילוגרמים,1.20,"ק""ג",false,,30.90,25.7500,true,1,220034
7290114311014,false,משקה חלב אייס קפוצ'י,,,משקה חלב אייס קפוצ'י,מיליליטרים,250.00,"100 מ""ל",false,,5.50,0.0220,true,1,429730
7290114311038,false,שמנת מתוקה 32% בקבוק,,,שמנת מתוקה 32% בקבוק,מיליליטרים,250.00,"100 מ""ל",false,,6.90,0.0276,true,1,429715
7290114311069,false,יוגורט בטעם טבעי 25,,,יוגורט בטעם טבעי 25,גרמים,200.00,100 גרם,false,,5.90,0.0295,true,1,369475
7290114311076,false,חמאה צהובה עם שום מו,,,חמאה צהובה עם שום מו,גרמים,200.00,100 גרם,false,,10.90,0.0545,true,1,416136
7290114311298,false,מולר פרופ תות בננה מ,,,מולר פרופ תות בננה מ,גרמים,150.00,100 גרם,false,,4.90,0.0327,true,1,524281
7290114311304,false,מולר פרופ מנגו פסיפל,,,מולר פרופ מנגו פסיפל,גרמים,150.00,100 גרם,false,,4.90,0.0327,true,1,524282
7290114311328,false,חלב נטול לקטוז טרה 1,,,חלב נטול לקטוז טרה 1,ליטרים,1.00,ליטר,false,,7.10,7.1000,true,1,537412
7290114311359,false,מולר פרופ מנגו 3% 15,,,מולר פרופ מנגו 3% 15,גרמים,150.00,100 גרם,false,,4.90,0.0327,true,1,524266
7290114311434,false,מולר אקטיב בטעם קרמל,,,מולר אקטיב בטעם קרמל,גרמים,200.00,100 גרם,false,,5.90,0.0295,true,1,556556
7290114311441,false,מולר אקטיב בטעם עוגי,,,מולר אקטיב בטעם עוגי,גרמים,200.00,100 גרם,false,,5.90,0.0295,true,1,556572
7290114311458,false,קרטון חלב מועשר ויטמ,,,קרטון חלב מועשר ויטמ,ליטרים,1.00,ליטר,false,,8.90,8.9000,true,1,558755
7290114600927,false,עלי טורטיה חיטה מלאה,,,עלי טורטיה חיטה מלאה,גרמים,320.00,100 גרם,false,,9.90,0.0309,true,1,208051
7290114600941,false,מאסטר שף מאסטר שף מ,,,מאסטר שף מאסטר שף מ,גרמים,435.00,100 גרם,false,,13.90,0.0320,true,1,83984
7290114600996,false,מאסטר שף רוטב שום 25,,,מאסטר שף רוטב שום 25,מיליליטרים,250.00,"100 מ""ל",false,,9.90,0.0396,true,1,84010
7290114603041,false,פרי גרנולה בוטנים אג,,,פרי גרנולה בוטנים אג,גרמים,300.00,100 גרם,false,,14.90,0.0497,true,1,113484
7290114603508,false,מאסטר שף רוטב להקפצה,,,מאסטר שף רוטב להקפצה,מיליליטרים,300.00,"100 מ""ל",false,,9.90,0.0330,true,1,107794
7290114603539,false,מאסטר שף קרוטונים למ,,,מאסטר שף קרוטונים למ,גרמים,350.00,100 גרם,false,,17.90,0.0511,true,1,213781
7290114603768,false,אג'קס שירותים 750 מ',,,אג'קס שירותים 750 מ',מיליליטרים,750.00,"100 מ""ל",false,,30.90,0.0412,true,1,84660
7290114604116,false,צימרוני אוזניים ענני,,,צימרוני אוזניים ענני,יחידה,0.00,יחידה,false,,9.90,0.0000,true,1,192984
7290114604857,false,דפי אורז קוטר 22 כשל,,,דפי אורז קוטר 22 כשל,גרמים,400.00,100 גרם,false,,9.90,0.0248,true,1,131293
7290114604871,false,קוסקוס בינוני מאסטר,,,קוסקוס בינוני מאסטר,גרמים,350.00,100 גרם,false,,5.90,0.0169,true,1,208163
7290114604895,false,מאסטר שף ממרח ספייסי,,,מאסטר שף ממרח ספייסי,גרמים,446.00,100 גרם,false,,13.90,0.0312,true,1,150215
7290114604949,false,מאסטר שף רוטב ברביקי,,,מאסטר שף רוטב ברביקי,מיליליטרים,524.00,"100 מ""ל",false,,12.90,0.0246,true,1,150189
7290114606530,false,מאסטר שף רוטב בטעם מ,,,מאסטר שף רוטב בטעם מ,גרמים,515.00,100 גרם,false,,13.90,0.0270,true,1,150217
7290114606547,false,מאסטר שף מיונז עם כמ,,,מאסטר שף מיונז עם כמ,גרמים,242.00,100 גרם,false,,13.90,0.0574,true,1,150218
7290114606578,false,שקדי מרק מאסטר שף 40,,,שקדי מרק מאסטר שף 40,גרמים,400.00,100 גרם,false,,9.90,0.0248,true,1,213782
7290114607315,false,מקס וויט מארז זוג 2*,,,מקס וויט מארז זוג 2*,מיליליטרים,250.00,"100 מ""ל",false,,29.90,0.1196,true,1,200636
7290114608695,false,מיונז עם ווסאבי מאסט,,,מיונז עם ווסאבי מאסט,גרמים,241.00,100 גרם,false,,13.90,0.0577,true,1,339301
7290115190014,false,סיגריות מרלבורו חפי,,,סיגריות מרלבורו חפי,יחידה,0.00,יחידה,false,,35.00,0.0000,false,1,103500
7290115190090,false,סיגריות מרלבורו חפי,,,סיגריות מרלבורו חפי,יחידה,0.00,יחידה,false,,35.00,0.0000,false,1,103530
7290115190151,false,מרלבורו גולד טאצ בוד,,,מרלבורו גולד טאצ בוד,יחידה,0.00,יחידה,false,,31.00,0.0000,false,1,103485
7290115190236,false,סיגריות פרלמנט (חפיס,,,סיגריות פרלמנט (חפיס,יחידה,0.00,יחידה,false,,40.00,0.0000,false,1,103455
7290115190359,false,אל אם בלו לייבל קצר,,,אל אם בלו לייבל קצר,יחידה,0.00,יחידה,false,,31.00,0.0000,false,1,95730
7290115190397,false,אל אם רד לייבל קצר,,,אל אם רד לייבל קצר,יחידה,0.00,יחידה,false,,31.00,0.0000,false,1,95715
7290115190519,false,סיגריות נקסט (בודד),,,סיגריות נקסט (בודד),יחידה,0.00,יחידה,false,,30.00,0.0000,false,1,103470
7290115190571,false,סיגריות נקסט (בודד),,,סיגריות נקסט (בודד),יחידה,0.00,יחידה,false,,30.00,0.0000,false,1,95732
7290115190595,false,סיגריות נקסט(בודד),,,סיגריות נקסט(בודד),יחידה,0.00,יחידה,false,,30.00,0.0000,false,1,103442
7290115200003,false,פתי בר פינוקי וניל 2,,,פתי בר פינוקי וניל 2,גרמים,220.00,100 גרם,false,,10.90,0.0495,true,1,113772
7290115200027,false,פתי בר פינוקי שוקו 2,,,פתי בר פינוקי שוקו 2,גרמים,220.00,100 גרם,false,,10.90,0.0495,true,1,113773
7290115200713,false,מארז במבה קלאסי אסם,,,מארז במבה קלאסי אסם,גרמים,250.00,100 גרם,false,,11.90,0.0476,true,1,116060
7290115200782,true,חמישיית פיתות 10*500,,,חמישיית פיתות 10*500,גרמים,500.00,100 גרם,false,,7.90,0.0158,true,1,113285
7290115200881,false,אסם בייגלה שטוחים שו,,,אסם בייגלה שטוחים שו,גרמים,300.00,100 גרם,false,,10.90,0.0363,true,1,128111
7290115201031,false,אסם פתיבר דובי שוקול,,,אסם פתיבר דובי שוקול,גרמים,175.00,100 גרם,false,,10.50,0.0600,true,1,148359
7290115201680,false,ביסלי ברביקיו 70 גרם,,,ביסלי ברביקיו 70 גרם,גרמים,70.00,100 גרם,false,,3.90,0.0557,true,1,121940
7290115201741,false,ביסלי בצל 70 גרם,,,ביסלי בצל 70 גרם,גרמים,70.00,100 גרם,false,,3.90,0.0557,true,1,115392
7290115202304,false,נודלס אטריות אורז מר,,,נודלס אטריות אורז מר,גרמים,230.00,100 גרם,false,,9.90,0.0430,true,1,131646
7290115202434,false,חומוס עם זעתר צבר 37,,,חומוס עם זעתר צבר 37,גרמים,375.00,100 גרם,false,,11.90,0.0317,true,1,134658
7290115202816,false,מנה חמה פאוצ' נדלסאט,,,מנה חמה פאוצ' נדלסאט,גרמים,70.00,100 גרם,false,,4.90,0.0700,true,1,148254
7290115202939,false,מנה חמה רייס נודלס ע,,,מנה חמה רייס נודלס ע,גרמים,50.00,100 גרם,false,,7.90,0.1580,true,1,250893
7290115202953,false,מנה חמה רייס נודלס ק,,,מנה חמה רייס נודלס ק,גרמים,55.00,100 גרם,false,,7.90,0.1436,true,1,250921
7290115203134,false,פופקו פופקורן במבה 4,,,פופקו פופקורן במבה 4,גרמים,80.00,100 גרם,false,,4.90,0.0613,true,1,171406
7290115203172,false,במבה אסם 80 גרם PRO,,,במבה אסם 80 גרם PRO,גרמים,80.00,100 גרם,false,,4.50,0.0563,true,1,519972
7290115204056,false,אסם קטשופ מופחת סוכר,,,אסם קטשופ מופחת סוכר,גרמים,690.00,100 גרם,false,,10.50,0.0152,true,1,159748
7290115204186,false,פסטו המעדינה של צבר,,,פסטו המעדינה של צבר,גרמים,190.00,100 גרם,false,,14.90,0.0784,true,1,371303
7290115205176,false,פיטנס קרקר THIN כפרי,,,פיטנס קרקר THIN כפרי,גרמים,140.00,100 גרם,false,,11.90,0.0850,true,1,245916
7290115205312,false,פיטנס קרקר Thin Deli,,,פיטנס קרקר Thin Deli,גרמים,140.00,100 גרם,false,,11.90,0.0850,true,1,480327
7290115205527,false,פיטנס חטיף מולטגריין,,,פיטנס חטיף מולטגריין,גרמים,25.00,100 גרם,false,,4.90,0.1960,true,1,488007
7290115205541,false,פיטנס חטיף מולטיגריי,,,פיטנס חטיף מולטיגריי,גרמים,25.00,100 גרם,false,,4.90,0.1960,true,1,488024
7290115205695,false,בצק מצונן לפיצה בונז,,,בצק מצונן לפיצה בונז,גרמים,460.00,100 גרם,false,,17.90,0.0389,true,1,299654
7290115205978,false,פתי בר אצבעות שוקולד,,,פתי בר אצבעות שוקולד,גרמים,180.00,100 גרם,false,,10.90,0.0606,true,1,373431
7290115207484,false,חציל על האש היתר צבר,,,חציל על האש היתר צבר,גרמים,400.00,100 גרם,false,,15.40,0.0385,true,1,313293
7290115207507,false,צבר סלט טורקי 360 גר,,,צבר סלט טורקי 360 גר,גרמים,360.00,100 גרם,false,,15.40,0.0428,true,1,313828
7290115207620,false,אסם רוטב בסגנון סויה,,,אסם רוטב בסגנון סויה,מיליליטרים,320.00,"100 מ""ל",false,,12.90,0.0403,true,1,479972
7290115207941,false,ויטמינצ'יק אננס 1 לי,,,ויטמינצ'יק אננס 1 לי,ליטרים,1.00,ליטר,false,,22.50,22.5000,true,1,335444
7290115207965,false,ויטמינצ'יק מנגו 1 לי,,,ויטמינצ'יק מנגו 1 לי,ליטרים,1.00,ליטר,false,,22.50,22.5000,true,1,335460
7290115207989,false,ויטמינצ'יק לימון 1 ל,,,ויטמינצ'יק לימון 1 ל,ליטרים,1.00,ליטר,false,,22.50,22.5000,true,1,335445
7290115208009,false,ויטמינצ'יק ענבים 1 ל,,,ויטמינצ'יק ענבים 1 ל,ליטרים,1.00,ליטר,false,,22.50,22.5000,true,1,335461
7290115208047,false,ויטמינצ'יק פטל 1 ליט,,,ויטמינצ'יק פטל 1 ליט,ליטרים,1.00,ליטר,false,,22.50,22.5000,true,1,335446
7290115208061,false,ויטמינצ'יק תפוח 1 לי,,,ויטמינצ'יק תפוח 1 לי,ליטרים,1.00,ליטר,false,,22.50,22.5000,true,1,335462
7290115208320,false,אפרופו בטעם ביסלי בצ,,,אפרופו בטעם ביסלי בצ,גרמים,50.00,100 גרם,false,,5.00,0.1000,true,1,563539
7290115208344,false,אסם בייגלה כפיות שמנ,,,אסם בייגלה כפיות שמנ,גרמים,300.00,100 גרם,false,,10.90,0.0363,true,1,526440
7290115208801,false,לחמית דבש ואגוזים 19,,,לחמית דבש ואגוזים 19,גרמים,190.00,100 גרם,false,,9.90,0.0521,true,1,526485
7290115209136,false,חטיפים צמחוניים בטעם,,,חטיפים צמחוניים בטעם,קילוגרמים,1.20,"100 ק""ג",false,,39.90,33.2500,true,1,537270
7290115209174,false,במבה אורירית 60 גרם,,,במבה אורירית 60 גרם,גרמים,80.00,100 גרם,false,,4.50,0.0563,true,1,541776
7290115209198,false,במבה אורירית 80 גרם,,,במבה אורירית 80 גרם,גרמים,80.00,100 גרם,false,,4.50,0.0563,true,1,488069
7290115209358,false,במבה במילוי בראוניז,,,במבה במילוי בראוניז,גרמים,60.00,100 גרם,false,,4.50,0.0750,true,1,563172
7290115209372,false,במבה במילוי בראוניז,,,במבה במילוי בראוניז,גרמים,150.00,100 גרם,false,,10.00,0.0667,true,1,563188
7290115400328,false,עוגיות מלוחות מספר 3,,,עוגיות מלוחות מספר 3,גרמים,200.00,100 גרם,false,,15.90,0.0795,true,1,181611
7290115403299,false,עוגיות פרפריות אדל 4,,,עוגיות פרפריות אדל 4,גרמים,450.00,100 גרם,false,,15.90,0.0353,true,1,436467
7290115403312,false,עוגיות מלוחות קריספי,,,עוגיות מלוחות קריספי,גרמים,450.00,100 גרם,false,,15.90,0.0353,true,1,436469
7290115403435,false,עוגיות מעמול תמר אדל,,,עוגיות מעמול תמר אדל,גרמים,500.00,100 גרם,false,,15.90,0.0318,true,1,436480
7290115403459,false,עוגיות נסיכה בטעם תו,,,עוגיות נסיכה בטעם תו,גרמים,500.00,100 גרם,false,,15.90,0.0318,true,1,436482
7290115403473,false,עוגיות עינוגי שוקולד,,,עוגיות עינוגי שוקולד,גרמים,500.00,100 גרם,false,,15.90,0.0318,true,1,436484
7290115403510,false,עוגיות מגולגלות תמרי,,,עוגיות מגולגלות תמרי,גרמים,500.00,100 גרם,false,,15.90,0.0318,true,1,436487
7290115403527,false,עוגיות עינוגי תמרים,,,עוגיות עינוגי תמרים,גרמים,500.00,100 גרם,false,,15.90,0.0318,true,1,436488
7290115403565,false,עוגיות קיפל וניל אדל,,,עוגיות קיפל וניל אדל,גרמים,500.00,100 גרם,false,,15.90,0.0318,true,1,436492
7290115405088,false,קינוח אישי קדאיף-200,,,קינוח אישי קדאיף-200,גרמים,200.00,100 גרם,false,,14.90,0.0745,true,1,64124
7290115405774,false,פחזניות בטעם וניל תו,,,פחזניות בטעם וניל תו,גרמים,180.00,100 גרם,false,,14.90,0.0828,true,1,469105
7290115410068,false,חציל במיונז 400 גרם,,,חציל במיונז 400 גרם,גרמים,400.00,100 גרם,false,,10.90,0.0273,true,1,205648
7290115410075,false,טחינה 400 גרם סלטי ה,,,טחינה 400 גרם סלטי ה,גרמים,400.00,100 גרם,false,,10.90,0.0273,true,1,205649
7290115410082,false,טורקי 400 גרם סלטי ה,,,טורקי 400 גרם סלטי ה,גרמים,400.00,100 גרם,false,,10.90,0.0273,true,1,205664
7290115410112,false,חומוס 400 גרם סלטי ה,,,חומוס 400 גרם סלטי ה,גרמים,400.00,100 גרם,false,,10.90,0.0273,true,1,205634
7290115410150,false,כרוב אדום 400 גרם סל,,,כרוב אדום 400 גרם סל,גרמים,400.00,100 גרם,false,,10.90,0.0273,true,1,340366
7290115410563,false,חומוס מסבחה חריף 250,,,חומוס מסבחה חריף 250,גרמים,250.00,100 גרם,false,,10.90,0.0436,true,1,205572
7290115410594,false,חציל תאילנדי 250 גרם,,,חציל תאילנדי 250 גרם,גרמים,250.00,100 גרם,false,,10.90,0.0436,true,1,205575
7290115411928,false,"תפו""א 400 גרם סלטי ה",,,"תפו""א 400 גרם סלטי ה",גרמים,400.00,100 גרם,false,,10.90,0.0273,true,1,205666
7290115670684,false,אנרג'י גרנולה שיבולת,,,אנרג'י גרנולה שיבולת,גרמים,400.00,100 גרם,false,,13.90,0.0348,true,1,156813
7290115670691,false,אנרג'י גרנולה שיבולת,,,אנרג'י גרנולה שיבולת,גרמים,400.00,100 גרם,false,,13.90,0.0348,true,1,156826
7290115671155,false,שלישיית סוכריות בזוק,,,שלישיית סוכריות בזוק,גרמים,45.00,100 גרם,false,,7.90,0.1756,true,1,309946
7290115671223,false,מסטיק קוביות ללא סוכ,,,מסטיק קוביות ללא סוכ,גרמים,58.00,100 גרם,false,,9.90,0.1707,true,1,309974
7290115671339,false,מיני פינוקיות בראוני,,,מיני פינוקיות בראוני,גרמים,180.00,100 גרם,false,,10.90,0.0606,true,1,191267
7290115671346,false,מיני פינוקיות במילוי,,,מיני פינוקיות במילוי,גרמים,180.00,100 גרם,false,,10.90,0.0606,true,1,191281
7290115671353,false,מיני פינוקיות שחור ל,,,מיני פינוקיות שחור ל,גרמים,180.00,100 גרם,false,,10.90,0.0606,true,1,290034
7290115675559,false,מארז קפה טורקי לדרך,,,מארז קפה טורקי לדרך,גרמים,70.00,100 גרם,false,,7.90,0.1129,true,1,123061
7290115675986,false,דנונה קראנצ' אגוזים,,,דנונה קראנצ' אגוזים,גרמים,173.00,100 גרם,false,,4.60,0.0266,true,1,122381
7290115676051,false,משקה אקטיביה עם שיבו,,,משקה אקטיביה עם שיבו,גרמים,265.00,100 גרם,false,,4.90,0.0185,true,1,226366
7290115676082,false,משקה יוגורט עם חלבון,,,משקה יוגורט עם חלבון,גרמים,255.00,100 גרם,false,,6.90,0.0271,true,1,161597
7290115676099,false,משקה יוגורט עם חלבון,,,משקה יוגורט עם חלבון,גרמים,265.00,100 גרם,false,,6.90,0.0260,true,1,161560
7290115677140,false,תפוצ'יפס wavy פפריקה,,,תפוצ'יפס wavy פפריקה,גרמים,200.00,100 גרם,false,,9.90,0.0495,true,1,581648
7290115677362,false,נודלס טריאקי שטראוס,,,נודלס טריאקי שטראוס,גרמים,350.00,100 גרם,false,,27.90,0.0797,true,1,233609
7290115677409,false,אורז קארי צהוב שטראו,,,אורז קארי צהוב שטראו,גרמים,350.00,100 גרם,false,,27.90,0.0797,true,1,233638
7290115678222,false,מארז שמינייה יוגורט,,,מארז שמינייה יוגורט,גרמים,130.00,100 גרם,false,,23.90,0.1838,true,1,161647
7290115678376,false,מעדן הגולן מעדן חלב,,,מעדן הגולן מעדן חלב,גרמים,125.00,100 גרם,false,,2.90,0.0232,true,1,193330
7290115678383,false,מעדן הגולן מעדן חלב,,,מעדן הגולן מעדן חלב,גרמים,125.00,100 גרם,false,,2.90,0.0232,true,1,193344
7290115678635,false,נשנושי גבינה 16% עם,,,נשנושי גבינה 16% עם,גרמים,67.00,100 גרם,false,,10.90,0.1627,true,1,490091
7290115678642,false,נשנושי גבינה עם חטיף,,,נשנושי גבינה עם חטיף,גרמים,67.00,100 גרם,false,,10.90,0.1627,true,1,490092
7290115679762,false,שייק פירות צהוב דליש,,,שייק פירות צהוב דליש,גרמים,300.00,100 גרם,false,,21.90,0.0730,true,1,561046
7290115679779,false,שייק פירות אדום דליש,,,שייק פירות אדום דליש,גרמים,300.00,100 גרם,false,,21.90,0.0730,true,1,561047
7290115679878,false,פיצה מבצק עם סלק שטר,,,פיצה מבצק עם סלק שטר,גרמים,320.00,100 גרם,false,,19.90,0.0622,true,1,233976
7290115679885,false,פיצה מבצק עם כרובית,,,פיצה מבצק עם כרובית,גרמים,320.00,100 גרם,false,,19.90,0.0622,true,1,233949
7290115679915,false,פיצה מבצק עם דלעת שט,,,פיצה מבצק עם דלעת שט,גרמים,320.00,100 גרם,false,,19.90,0.0622,true,1,234003
7290116270715,false,פילה ברבוניה ארוז בו,,,פילה ברבוניה ארוז בו,יחידה,0.00,יחידה,false,,24.90,0.0000,true,1,374859
7290116530062,false,רוטב לסלט ויניגרטה 2,,,רוטב לסלט ויניגרטה 2,גרמים,295.00,100 גרם,false,,10.50,0.0356,true,1,184343
7290116530871,false,חטיף נשנושים מיקס+בי,,,חטיף נשנושים מיקס+בי,גרמים,240.00,100 גרם,false,,11.90,0.0496,true,1,532890
7290116531083,false,דגני בוקר ברנפלקס לל,,,דגני בוקר ברנפלקס לל,גרמים,500.00,100 גרם,false,,20.90,0.0418,true,1,314525
7290116531243,false,שמפו ומרכך 2 ב-1 למנ,,,שמפו ומרכך 2 ב-1 למנ,מיליליטרים,700.00,"100 מ""ל",false,,11.80,0.0169,true,1,264561
7290116531496,false,דגני בוקר קינמונים ת,,,דגני בוקר קינמונים ת,גרמים,375.00,100 גרם,false,,19.90,0.0531,true,1,371000
7290116531762,false,בדין דפי מייבש ורוד,,,בדין דפי מייבש ורוד,יחידה,0.00,יחידה,false,,16.90,0.0000,true,1,310510
7290116531779,false,בדין דפי מייבש כחול,,,בדין דפי מייבש כחול,יחידה,0.00,יחידה,false,,16.90,0.0000,true,1,310511
7290116531793,false,רוטב לסלט קיסר הלמנס,,,רוטב לסלט קיסר הלמנס,גרמים,295.00,100 גרם,false,,10.90,0.0369,true,1,563633
7290116532738,false,רוטב לסלט בזיליקום ו,,,רוטב לסלט בזיליקום ו,גרמים,295.00,100 גרם,false,,9.90,0.0336,true,1,561656
7290116532899,false,נשנושים איירביס חטיף,,,נשנושים איירביס חטיף,גרמים,155.00,100 גרם,false,,11.90,0.0768,true,1,576280
7290116533063,false,שוגי דגני בוקר בטעם,,,שוגי דגני בוקר בטעם,גרמים,400.00,100 גרם,false,,19.90,0.0497,true,1,489089
7290116533216,false,מרק ירקות 100% רכיבי,,,מרק ירקות 100% רכיבי,גרמים,235.00,100 גרם,false,,20.90,0.0889,true,1,561672
7290116930022,false,חטיף חלבון בטעם קרם,,,חטיף חלבון בטעם קרם,גרמים,60.00,100 גרם,false,,11.90,0.1983,true,1,408704
7290116930282,false,לאבנה 9% שומן עם קרק,,,לאבנה 9% שומן עם קרק,גרמים,150.00,100 גרם,false,,7.90,0.0527,true,1,523148
7290116930459,false,יופלה SHAKE בננה אנ,,,יופלה SHAKE בננה אנ,מיליליטרים,230.00,"100 מ""ל",false,,7.90,0.0343,true,1,523223
7290116930466,false,יופלה SHAKE מנגו בנ,,,יופלה SHAKE מנגו בנ,מיליליטרים,230.00,"100 מ""ל",false,,7.90,0.0343,true,1,523224
7290116930480,false,יופלה SHAKE בננה קי,,,יופלה SHAKE בננה קי,מיליליטרים,230.00,"100 מ""ל",false,,7.90,0.0343,true,1,523225
7290116930626,false,ציזיקי עם קרקרים תנו,,,ציזיקי עם קרקרים תנו,גרמים,150.00,100 גרם,false,,7.90,0.0527,true,1,523149
7290116930657,false,משקה GO בננה תמר עם,,,משקה GO בננה תמר עם,מיליליטרים,340.00,"100 מ""ל",false,,7.90,0.0232,true,1,580672
7290116930954,false,יופלה בטעם פאי תפוחי,,,יופלה בטעם פאי תפוחי,מיליליטרים,150.00,"100 מ""ל",false,,4.90,0.0327,true,1,580622
7290116931104,false,יופלה גו במרקם סמיך,,,יופלה גו במרקם סמיך,גרמים,200.00,100 גרם,false,,5.90,0.0295,true,1,535638
7290117260074,false,שעועית ירוקה חתוכה מ,,,שעועית ירוקה חתוכה מ,גרמים,800.00,100 גרם,false,,7.50,0.0094,true,1,534655
7290117260449,false,גבינה בולגרית מעודנת,,,גבינה בולגרית מעודנת,גרמים,200.00,100 גרם,false,,11.90,0.0595,true,1,525381
7290117260456,false,גבינה בולגרית מעודנת,,,גבינה בולגרית מעודנת,גרמים,200.00,100 גרם,false,,11.90,0.0595,true,1,525411
7290117260470,false,גבינה בולגרית מעודנת,,,גבינה בולגרית מעודנת,גרמים,200.00,100 גרם,false,,11.90,0.0595,true,1,525396
7290117261361,false,גבינת ריקוטה 5% שומ,,,גבינת ריקוטה 5% שומ,גרמים,400.00,100 גרם,false,,19.90,0.0497,true,1,520086
7290117261378,false,גבינת קשקבל לייט 8%,,,גבינת קשקבל לייט 8%,גרמים,250.00,100 גרם,false,,14.90,0.0596,true,1,520115
7290117261514,false,סלמון אטלנטי בשמן קנ,,,סלמון אטלנטי בשמן קנ,גרמים,120.00,100 גרם,false,,10.90,0.0908,true,1,558652
7290117261521,false,סלמון אטלנטי בשמן קנ,,,סלמון אטלנטי בשמן קנ,גרמים,120.00,100 גרם,false,,10.90,0.0908,true,1,558653
7290117261545,false,סלמון אטלנטי ברוטב ט,,,סלמון אטלנטי ברוטב ט,גרמים,120.00,100 גרם,false,,10.90,0.0908,true,1,558655
7290117261927,false,גבינת פקורינו מחלב כ,,,גבינת פקורינו מחלב כ,גרמים,150.00,100 גרם,false,,19.90,0.1327,true,1,558723
7290117380864,false,סלים דליס פייבר - עו,,,סלים דליס פייבר - עו,גרמים,120.00,100 גרם,false,,10.90,0.0908,true,1,489059
7290117383711,false,פלמוליב חלב ודבש 750,,,פלמוליב חלב ודבש 750,ליטרים,1500.00,100 ליטר,false,,30.00,0.0200,true,1,572114
7290117383728,false,פלמוליב לומינוס אבוק,,,פלמוליב לומינוס אבוק,ליטרים,1500.00,100 ליטר,false,,30.00,0.0200,true,1,572115
7290117383735,false,פלמוליב חימר ורדים 7,,,פלמוליב חימר ורדים 7,ליטרים,1500.00,100 ליטר,false,,30.00,0.0200,true,1,572116
7290117383742,false,פלמוליב גבר מרענן 75,,,פלמוליב גבר מרענן 75,ליטרים,1500.00,100 ליטר,false,,30.00,0.0200,true,1,572117
7290117383780,false,פלמוליב ארומה מסאג',,,פלמוליב ארומה מסאג',ליטרים,1500.00,100 ליטר,false,,30.00,0.0200,true,1,572118
7290117761052,false,מנקה חלונות 1 ליטר ז,,,מנקה חלונות 1 ליטר ז,ליטרים,1.00,ליטר,false,,14.90,14.9000,true,1,373549
7290117860038,false,תחליב רחצה יוגורט בנ,,,תחליב רחצה יוגורט בנ,מיליליטרים,700.00,"100 מ""ל",false,,14.90,0.0213,true,1,573284
7290117860045,false,שמפו מטפח לשיער רגיל,,,שמפו מטפח לשיער רגיל,מיליליטרים,700.00,"100 מ""ל",false,,14.90,0.0213,true,1,569038
7290117860090,false,מרכך מטפח לשיער רגיל,,,מרכך מטפח לשיער רגיל,מיליליטרים,700.00,"100 מ""ל",false,,14.90,0.0213,true,1,569039
7290117860137,false,תחליב רחצה בניחוח פר,,,תחליב רחצה בניחוח פר,מיליליטרים,700.00,"100 מ""ל",false,,14.90,0.0213,true,1,573286
7290117860144,false,שמפו נגד קשקשים הווא,,,שמפו נגד קשקשים הווא,מיליליטרים,700.00,"100 מ""ל",false,,14.90,0.0213,true,1,569040
7290117860182,false,תחליב רחצה בניחוח מג,,,תחליב רחצה בניחוח מג,מיליליטרים,700.00,"100 מ""ל",false,,14.90,0.0213,true,1,573287
7290117860199,false,שמפו לשיער יבש הוואי,,,שמפו לשיער יבש הוואי,מיליליטרים,700.00,"100 מ""ל",false,,14.90,0.0213,true,1,569041
7290117860243,false,מרכך לשיער יבש הוואי,,,מרכך לשיער יבש הוואי,מיליליטרים,700.00,"100 מ""ל",false,,14.90,0.0213,true,1,569042
7290117860281,false,ג'ל רחצה לגבר בניחוח,,,ג'ל רחצה לגבר בניחוח,מיליליטרים,700.00,"100 מ""ל",false,,14.90,0.0213,true,1,573289
7290117860298,false,שמפו קרטין מחזק הווא,,,שמפו קרטין מחזק הווא,מיליליטרים,700.00,"100 מ""ל",false,,14.90,0.0213,true,1,575697
7290117860335,false,ג'ל רחצה לגבר בניחוח,,,ג'ל רחצה לגבר בניחוח,מיליליטרים,700.00,"100 מ""ל",false,,14.90,0.0213,true,1,573290
7290117860342,false,מרכך קרטין מחזק הווא,,,מרכך קרטין מחזק הווא,מיליליטרים,700.00,"100 מ""ל",false,,14.90,0.0213,true,1,575713
7290117860397,false,שמפו פריחת הדובדבן ה,,,שמפו פריחת הדובדבן ה,מיליליטרים,700.00,"100 מ""ל",false,,14.90,0.0213,true,1,569043
7290117860441,false,מרכך הוואי פריחת הדו,,,מרכך הוואי פריחת הדו,מיליליטרים,700.00,"100 מ""ל",false,,14.90,0.0213,true,1,569044
7290117860496,false,שמפו לגבר + מרכך 2ב-,,,שמפו לגבר + מרכך 2ב-,מיליליטרים,700.00,"100 מ""ל",false,,14.90,0.0213,true,1,569045
7290117860540,false,שמפו הוואי ילדים 700,,,שמפו הוואי ילדים 700,מיליליטרים,0.00,"100 מ""ל",false,,14.90,0.0000,true,1,569046
7290117860595,false,מרכך הוואי מתיר קשרי,,,מרכך הוואי מתיר קשרי,מיליליטרים,700.00,"100 מ""ל",false,,14.90,0.0213,true,1,575714
7290117860649,false,שמפו ללא סולפטים הוו,,,שמפו ללא סולפטים הוו,מיליליטרים,700.00,"100 מ""ל",false,,14.90,0.0213,true,1,575715
7290117860694,false,מרכך ללא סולפטים הוו,,,מרכך ללא סולפטים הוו,מיליליטרים,700.00,"100 מ""ל",false,,14.90,0.0213,true,1,575716
7290117860748,false,שמפו מעניק נפח הוואי,,,שמפו מעניק נפח הוואי,מיליליטרים,700.00,"100 מ""ל",false,,14.90,0.0213,true,1,575717
7290117860793,false,מרכך מעניק נפח הוואי,,,מרכך מעניק נפח הוואי,מיליליטרים,700.00,"100 מ""ל",false,,14.90,0.0213,true,1,575718
7290117860847,false,שמפו 4 ב 1 לגבר רעננ,,,שמפו 4 ב 1 לגבר רעננ,מיליליטרים,700.00,"100 מ""ל",false,,14.90,0.0213,true,1,575719
7290117860946,false,תחליב רחצה יוגורט בנ,,,תחליב רחצה יוגורט בנ,מיליליטרים,700.00,"100 מ""ל",false,,14.90,0.0213,true,1,573293
7290117900932,false,גרעיני אבטיח קלויים,,,גרעיני אבטיח קלויים,גרמים,130.00,100 גרם,false,,10.90,0.0838,true,1,493147
7290117900949,false,בוטנים מצופים אמריק,,,בוטנים מצופים אמריק,גרמים,250.00,100 גרם,false,,10.90,0.0436,true,1,493148
7290117900956,false,תערובת פיצוחים קלויי,,,תערובת פיצוחים קלויי,גרמים,180.00,100 גרם,false,,15.90,0.0883,true,1,493149
7290117900963,false,בוטנים קלויים 270 גר,,,בוטנים קלויים 270 גר,גרמים,270.00,100 גרם,false,,10.90,0.0404,true,1,493150
7290117900970,false,שקד קלוי 180 גרם,,,שקד קלוי 180 גרם,גרמים,180.00,100 גרם,false,,15.90,0.0883,true,1,493151
7290117900987,false,פקאן קלוף 140 גרם,,,פקאן קלוף 140 גרם,גרמים,140.00,100 גרם,false,,15.90,0.1136,true,1,493152
7290117900994,false,פקאן סיני מסוכר 140,,,פקאן סיני מסוכר 140,גרמים,140.00,100 גרם,false,,15.90,0.1136,true,1,493153
7290117901007,false,פיסטוק קלוי 130 גרם,,,פיסטוק קלוי 130 גרם,גרמים,130.00,100 גרם,false,,15.90,0.1223,true,1,493154
7290117901014,false,קשיו קלוי 160 גרם,,,קשיו קלוי 160 גרם,גרמים,160.00,100 גרם,false,,15.90,0.0994,true,1,493155
7290117901021,false,קבוקים בוטנים מצופים,,,קבוקים בוטנים מצופים,גרמים,220.00,100 גרם,false,,10.90,0.0495,true,1,493156
7290117901038,false,אגוז מלך קלוף 190 גר,,,אגוז מלך קלוף 190 גר,גרמים,190.00,100 גרם,false,,15.90,0.0837,true,1,493157
7290117901045,false,בוטן רביולי 200 גרם,,,בוטן רביולי 200 גרם,גרמים,200.00,100 גרם,false,,15.90,0.0795,true,1,493158
7290117901052,false,שקד קלוף 180 גרם,,,שקד קלוף 180 גרם,גרמים,180.00,100 גרם,false,,15.90,0.0883,true,1,493159
7290118420071,false,במבה ביסלי ברביקיו מ,,,במבה ביסלי ברביקיו מ,גרמים,80.00,100 גרם,false,,4.50,0.0563,true,1,563219
7290118420378,false,פתי בר פינוקים תותים,,,פתי בר פינוקים תותים,גרמים,220.00,100 גרם,false,,10.90,0.0495,true,1,563491
7290118420477,false,בייגלה שטוחים בטעם ב,,,בייגלה שטוחים בטעם ב,גרמים,300.00,100 גרם,false,,10.90,0.0363,true,1,563507
7290589856775,false,נייס שבלולים לשיער,,,נייס שבלולים לשיער,יחידה,0.00,יחידה,false,,5.90,0.0000,true,1,33951
7290900010367,false,טורטייה אבאל 360 גרם,,,טורטייה אבאל 360 גרם,גרמים,360.00,100 גרם,false,,8.90,0.0247,true,1,48958
7291008084915,false,תמר מג'הול 500גר,,,תמר מג'הול 500גר,גרמים,500.00,100 גרם,false,,10.00,0.0200,true,1,381316
7293556389962,true,שום לבן ארוז יח',,,שום לבן ארוז יח',גרמים,250.00,100 גרם,false,,9.90,0.0396,true,1,81727
7296021040566,false,קערה 22 ס'מ נירוסטה,,,קערה 22 ס'מ נירוסטה,יחידה,0.00,יחידה,false,,18.90,0.0000,true,1,45003
7296021040580,false,קערה 26 ס'מ נירוסטה,,,קערה 26 ס'מ נירוסטה,יחידה,0.00,יחידה,false,,26.90,0.0000,true,1,373116
7296021107405,false,patisserie קלף בצק מ,,,patisserie קלף בצק מ,יחידה,0.00,יחידה,false,,5.90,0.0000,true,1,45051
7296021133664,false,ידית שחורה נעמן Y קו,,,ידית שחורה נעמן Y קו,יחידה,0.00,יחידה,false,,9.90,0.0000,true,1,45225
7296021137860,false,חותך רצועות כרוב קול,,,חותך רצועות כרוב קול,יחידה,0.00,יחידה,false,,17.90,0.0000,true,1,371423
7296021141089,false,תפוחון ידית משולבת,,,תפוחון ידית משולבת,יחידה,0.00,יחידה,false,,12.90,0.0000,true,1,371705
7296021171031,false,סט 3 קולפנים,,,סט 3 קולפנים,יחידה,0.00,יחידה,false,,16.90,0.0000,true,1,372334
7296021191794,false,"מחבת יציקה 22 ס""מ שח",,,"מחבת יציקה 22 ס""מ שח",יחידה,0.00,יחידה,false,,199.90,0.0000,true,1,370243
7296021191817,false,"מחבת יציקה 26 ס""מ שח",,,"מחבת יציקה 26 ס""מ שח",יחידה,0.00,יחידה,false,,269.90,0.0000,true,1,370259
7296021191855,false,מחבת יציקה גריל 28 ס,,,מחבת יציקה גריל 28 ס,יחידה,0.00,יחידה,false,,339.90,0.0000,true,1,370292
7296021266690,false,"מסננת ידית עץ 15ס""מ",,,"מסננת ידית עץ 15ס""מ",יחידה,0.00,יחידה,false,,21.90,0.0000,true,1,372483
7296021266706,false,"מסננת ידית עץ 20 ס""מ",,,"מסננת ידית עץ 20 ס""מ",יחידה,0.00,יחידה,false,,28.90,0.0000,true,1,372484
7296021288623,false,"סיר בישוול 20 ס""מ 3.",,,"סיר בישוול 20 ס""מ 3.",יחידה,0.00,יחידה,false,,333.00,0.0000,true,1,544459
7296021288647,false,"סיר בישוול 24 ס""מ 5.",,,"סיר בישוול 24 ס""מ 5.",יחידה,0.00,יחידה,false,,399.90,0.0000,true,1,544476
7296021288661,false,"מחבת לטיגון 20 ס""מ C",,,"מחבת לטיגון 20 ס""מ C",יחידה,0.00,יחידה,false,,199.90,0.0000,true,1,544508
7296021288678,false,"מחבת לטיגון 22 ס""מ C",,,"מחבת לטיגון 22 ס""מ C",יחידה,0.00,יחידה,false,,217.00,0.0000,true,1,544509
7296058000526,false,פרכיות כוסמת פרח 130,,,פרכיות כוסמת פרח 130,גרמים,130.00,100 גרם,false,,8.90,0.0685,true,1,49451
7296102210703,false,סט 4 קופסאות מלבני,,,סט 4 קופסאות מלבני,יחידה,0.00,יחידה,false,,19.90,0.0000,true,1,329552
7296102210710,false,סט 4 קופסאות מרובע,,,סט 4 קופסאות מרובע,יחידה,0.00,יחידה,false,,19.90,0.0000,true,1,329553
7296102521731,false,סט 4 קופסאות פלסטיק,,,סט 4 קופסאות פלסטיק,יחידה,0.00,יחידה,false,,19.90,0.0000,true,1,242203
7296102521748,false,סט 4 קופסאות פלסטיק,,,סט 4 קופסאות פלסטיק,יחידה,0.00,יחידה,false,,19.90,0.0000,true,1,242204
7296102521755,false,סט 4 קופסאות פלסטיק,,,סט 4 קופסאות פלסטיק,יחידה,0.00,יחידה,false,,19.90,0.0000,true,1,242218
7296102521762,false,סט 4 קופסאות פלסטיק,,,סט 4 קופסאות פלסטיק,יחידה,0.00,יחידה,false,,19.90,0.0000,true,1,242219
7296102521779,false,סט 4 קופסאות פלסטיק,,,סט 4 קופסאות פלסטיק,יחידה,0.00,יחידה,false,,19.90,0.0000,true,1,258874
7296102831540,false,סט 4 קערות מילאנו 13,,,סט 4 קערות מילאנו 13,יחידה,0.00,יחידה,false,,15.00,0.0000,true,1,329088
7296102831557,false,סט 4 צלחות עמוקות תמ,,,סט 4 צלחות עמוקות תמ,יחידה,0.00,יחידה,false,,15.00,0.0000,true,1,329102
7296102831571,false,סט 4 כוסות לשתיה,,,סט 4 כוסות לשתיה,יחידה,0.00,יחידה,false,,15.00,0.0000,true,1,329074
7297028161575,false,עשיריית גרבי גרב,,,עשיריית גרבי גרב,יחידה,0.00,יחידה,false,,29.90,0.0000,true,1,222776
7297028164552,false,גרבי עבודה לגבר,,,גרבי עבודה לגבר,יחידה,0.00,יחידה,false,,30.90,0.0000,true,1,270535
7297028164583,false,גרבי מגבת לגבר,,,גרבי מגבת לגבר,יחידה,0.00,יחידה,false,,19.90,0.0000,true,1,270601
7297373004404,false,רב מגבת לבן 800 גרם,,,רב מגבת לבן 800 גרם,יחידה,0.00,יחידה,false,,18.90,0.0000,true,1,542274
7297425314284,false,סט מצעים זוגי 160/20,,,סט מצעים זוגי 160/20,יחידה,0.00,יחידה,false,,249.90,0.0000,true,1,394443
7297425320728,false,מארז שי 2 מגבות גוף,,,מארז שי 2 מגבות גוף,יחידה,0.00,יחידה,false,,69.90,0.0000,true,1,201619
7297425473387,false,סט דיסני מיקרו 160/2,,,סט דיסני מיקרו 160/2,יחידה,0.00,יחידה,false,,169.90,0.0000,true,1,258906
7297461005580,false,שמיכת כבש דו צדדי ז,,,שמיכת כבש דו צדדי ז,יחידה,0.00,יחידה,false,,160.00,0.0000,true,1,295636
7297461005986,false,מפת שולחן ג'אקרד ( 1,,,מפת שולחן ג'אקרד ( 1,יחידה,0.00,יחידה,false,,49.90,0.0000,true,1,330540
7297488097995,false,דגש גרנולה דבש 250 ג,,,דגש גרנולה דבש 250 ג,גרמים,250.00,100 גרם,false,,14.50,0.0580,true,1,108533
7297488098282,false,דגש אבקת מרק בטעם עו,,,דגש אבקת מרק בטעם עו,גרמים,500.00,100 גרם,false,,19.90,0.0398,true,1,108722
7297488098688,false,דגש פצפוצי אורז מלא,,,דגש פצפוצי אורז מלא,גרמים,450.00,100 גרם,false,,19.90,0.0442,true,1,108707
7297535004532,false,מפה עם רנאר,,,מפה עם רנאר,יחידה,0.00,יחידה,false,,59.90,0.0000,true,1,31720
7297588017152,false,מטריה ילדים פסים,,,מטריה ילדים פסים,יחידה,0.00,יחידה,false,,10.90,0.0000,true,1,48865
7298171185418,false,גרבי בנות מגבת מיני,,,גרבי בנות מגבת מיני,יחידה,0.00,יחידה,false,,19.90,0.0000,true,1,270658
7298171185524,false,גרבי בנים מגבת מיקי,,,גרבי בנים מגבת מיקי,יחידה,0.00,יחידה,false,,19.90,0.0000,true,1,270643
7298171201446,false,כרבולית קורל נוער מי,,,כרבולית קורל נוער מי,יחידה,0.00,יחידה,false,,49.90,0.0000,true,1,224215
7298171201453,false,כרבולית קורל נוער מי,,,כרבולית קורל נוער מי,יחידה,0.00,יחידה,false,,49.90,0.0000,true,1,224216
7298171201460,false,כרבולית קורל נוער מי,,,כרבולית קורל נוער מי,יחידה,0.00,יחידה,false,,49.90,0.0000,true,1,224217
7312040017683,false,אבסולוט וודקה 700 מל,,,אבסולוט וודקה 700 מל,מיליליטרים,700.00,"100 מ""ל",false,,60.90,0.0870,true,1,33790
7380580005255,false,נייס שבלולים לשיער,,,נייס שבלולים לשיער,יחידה,0.00,יחידה,false,,7.90,0.0000,true,1,33959
7480588956563,false,נייס שבלולים לשיער,,,נייס שבלולים לשיער,יחידה,0.00,יחידה,false,,9.90,0.0000,true,1,33961
7501013122039,false,ג'ומקס נקטר מנגו קרט,,,ג'ומקס נקטר מנגו קרט,ליטרים,1.00,ליטר,false,,10.50,10.5000,true,1,39434
7501013122114,false,ג'ומקס נקטר אננס קרט,,,ג'ומקס נקטר אננס קרט,ליטרים,1.00,ליטר,false,,10.50,10.5000,true,1,39436
7501049936945,false,מארז שישייה בירה סול,,,מארז שישייה בירה סול,ליטרים,1.98,ליטר,false,,36.90,18.6364,true,1,67484
7501064191398,false,קורונה מארז שישיה 6*,,,קורונה מארז שישיה 6*,ליטרים,2.13,ליטר,false,,38.90,18.2629,true,1,29649
7509546061160,false,משחת שיניים קולגייט,,,משחת שיניים קולגייט,מיליליטרים,75.00,"100 מ""ל",false,,15.90,0.2120,true,1,442570
7509546678702,false,משחת שיניים קולגייט,,,משחת שיניים קולגייט,מיליליטרים,100.00,"100 מ""ל",false,,16.90,0.1690,true,1,507138
7610100034084,false,מיונז טומי 265 גרם,,,מיונז טומי 265 גרם,גרמים,265.00,100 גרם,false,,11.90,0.0449,true,1,12840
7610243004463,false,דורגול מסיר אבן מרסס,,,דורגול מסיר אבן מרסס,יחידה,0.00,יחידה,false,,19.90,0.0000,true,1,11431
7610400014649,false,לינדט לינדור שוק.חלב,,,לינדט לינדור שוק.חלב,גרמים,100.00,100 גרם,false,,15.90,0.1590,true,1,13834
7610400091060,false,לינדט מריר אקסלנס תפ,,,לינדט מריר אקסלנס תפ,גרמים,100.00,100 גרם,false,,14.90,0.1490,true,1,70161
7613030979647,false,דגני בוקר טריקס 480,,,דגני בוקר טריקס 480,גרמים,480.00,100 גרם,false,,24.90,0.0519,true,1,19458
7613031608850,false,דגני בוקר פיטנס נסטל,,,דגני בוקר פיטנס נסטל,גרמים,625.00,100 גרם,false,,27.90,0.0446,true,1,19463
7613032045753,false,דגני פיטנס שוקולד נס,,,דגני פיטנס שוקולד נס,גרמים,375.00,100 גרם,false,,19.90,0.0531,true,1,19464
7613033548192,false,דגני בוקר פיטנס שוקו,,,דגני בוקר פיטנס שוקו,גרמים,375.00,100 גרם,false,,19.90,0.0531,true,1,19481
7613034146656,false,פורינה ONE כלב מיני,,,פורינה ONE כלב מיני,קילוגרמים,1.50,"ק""ג",false,,59.90,39.9333,true,1,19496
7613035379794,false,דנטלייף גזע בינוני 5,,,דנטלייף גזע בינוני 5,גרמים,690.00,100 גרם,false,,13.90,0.0201,true,1,250851
7613035379817,false,דנטלייף גזע קטן 7 6*,,,דנטלייף גזע קטן 7 6*,גרמים,690.00,100 גרם,false,,13.90,0.0201,true,1,250836
7613035514560,false,פורינה ONE חתול סטרי,,,פורינה ONE חתול סטרי,קילוגרמים,3.00,"ק""ג",false,,119.00,39.6667,true,1,19505
7613035548374,false,דגני בוקר גולדן מיני,,,דגני בוקר גולדן מיני,גרמים,570.00,100 גרם,false,,24.90,0.0437,true,1,19506
7613035618794,false,פורינה ONE חתול בוגר,,,פורינה ONE חתול בוגר,קילוגרמים,3.00,"ק""ג",false,,119.00,39.6667,true,1,19508
7613035622623,false,פיטנס גרנולה שקדים ו,,,פיטנס גרנולה שקדים ו,גרמים,300.00,100 גרם,false,,14.90,0.0497,true,1,19509
7613035635845,false,פיטנס גרנולה שוקולד,,,פיטנס גרנולה שוקולד,גרמים,300.00,100 גרם,false,,14.90,0.0497,true,1,19510
7613035758834,false,פיטנס גרנולה חמוציות,,,פיטנס גרנולה חמוציות,גרמים,300.00,100 גרם,false,,14.90,0.0497,true,1,19512
7613035807778,false,פרפקטו רוטב עגבניות,,,פרפקטו רוטב עגבניות,גרמים,400.00,100 גרם,false,,9.90,0.0248,true,1,19513
7613035809109,false,פרפקטו רוטב עגבניות,,,פרפקטו רוטב עגבניות,גרמים,400.00,100 גרם,false,,9.90,0.0248,true,1,19514
7613035809857,false,פרפקטו רוטב עגבניות,,,פרפקטו רוטב עגבניות,גרמים,400.00,100 גרם,false,,9.90,0.0248,true,1,19516
7613036105545,false,דוגלי בטעם בקר גזע ק,,,דוגלי בטעם בקר גזע ק,קילוגרמים,3.00,"ק""ג",false,,49.90,16.6333,true,1,19523
7613036105637,false,"דוגלי בוגר עוף 12 ק""",,,"דוגלי בוגר עוף 12 ק""",קילוגרמים,12.00,"ק""ג",false,,112.00,9.3333,true,1,19526
7613036105651,false,"דוגלי בוגר בקר 12 ק""",,,"דוגלי בוגר בקר 12 ק""",קילוגרמים,12.00,"ק""ג",false,,112.00,9.3333,true,1,19527
7613036251389,false,דוגלי אקטיב 12קג,,,דוגלי אקטיב 12קג,קילוגרמים,12.00,"ק""ג",false,,112.00,9.3333,true,1,19530
7613036288026,false,דוגלי גורים 4*3קג,,,דוגלי גורים 4*3קג,קילוגרמים,3.00,"ק""ג",false,,48.90,16.3000,true,1,19532
7613036520492,false,פרפקטו רוטב עגבניות,,,פרפקטו רוטב עגבניות,גרמים,400.00,100 גרם,false,,9.90,0.0248,true,1,19538
7613036710879,false,קיט קט צ'אנקי מיני 1,,,קיט קט צ'אנקי מיני 1,גרמים,194.00,100 גרם,false,,10.00,0.0515,true,1,42095
7613036725286,false,דנטלייף חתול סלמון 8,,,דנטלייף חתול סלמון 8,גרמים,320.00,100 גרם,false,,9.90,0.0309,true,1,250866
7613036737623,false,דגני בוקר קראנץ מקס,,,דגני בוקר קראנץ מקס,גרמים,410.00,100 גרם,false,,24.90,0.0607,true,1,19541
7613037686906,false,פיטנס שקדים ודבש נסט,,,פיטנס שקדים ודבש נסט,גרמים,355.00,100 גרם,false,,19.90,0.0561,true,1,19560
7613037687132,false,דגני פיטנס שקדים ודב,,,דגני פיטנס שקדים ודב,גרמים,585.00,100 גרם,false,,26.90,0.0460,true,1,19561
7613037811629,false,קורנפלקס גו פרי 500,,,קורנפלקס גו פרי 500,גרמים,500.00,100 גרם,false,,10.90,0.0218,true,1,52397
7613038451954,false,קראנץ שוקולד מופחת ס,,,קראנץ שוקולד מופחת ס,גרמים,410.00,100 גרם,false,,19.90,0.0485,true,1,19563
7613039771174,false,טחון צמחוני טבעוני,,,טחון צמחוני טבעוני,גרמים,400.00,100 גרם,false,,30.90,0.0772,true,1,106492
7613287121783,false,סמרטיס מיני 187 גרם,,,סמרטיס מיני 187 גרם,גרמים,187.00,100 גרם,false,,10.00,0.0535,true,1,506512
7613287155832,false,מחית תפוח פאוץ גרבר,,,מחית תפוח פאוץ גרבר,גרמים,90.00,100 גרם,false,,5.90,0.0656,true,1,137048
7613287302373,false,קפסולות סטארבקס איטל,,,קפסולות סטארבקס איטל,גרמים,56.00,100 גרם,false,,21.90,0.3911,true,1,151930
7613287325853,false,רוטב ספייסי איולי לח,,,רוטב ספייסי איולי לח,גרמים,295.00,100 גרם,false,,14.90,0.0505,true,1,247153
7613287325952,false,רוטב ברביקיו לחיץ אס,,,רוטב ברביקיו לחיץ אס,גרמים,345.00,100 גרם,false,,14.90,0.0432,true,1,247109
7613287476494,false,מיונז לחיץ אסם 280 ג,,,מיונז לחיץ אסם 280 ג,גרמים,280.00,100 גרם,false,,14.90,0.0532,true,1,247124
7613287476678,false,סינימיניס צ'ורוס 360,,,סינימיניס צ'ורוס 360,גרמים,360.00,100 גרם,false,,24.90,0.0692,true,1,186885
7614500010310,false,בר טובלורון לבן 100,,,בר טובלורון לבן 100,יחידה,0.00,יחידה,false,,9.90,0.0000,true,1,457252
7614500010617,false,בר טובלרון מריר 100,,,בר טובלרון מריר 100,גרמים,100.00,100 גרם,false,,9.90,0.0990,true,1,456350
7622010001858,false,עוגיות אוראו סנדביץ,,,עוגיות אוראו סנדביץ,גרמים,176.00,100 גרם,false,,8.90,0.0506,true,1,5130
7622201137052,false,מיני קוקיז מילקה 110,,,מיני קוקיז מילקה 110,גרמים,110.00,100 גרם,false,,7.90,0.0718,true,1,246908
7622201139278,false,פילדלפיה גבינת שמנת,,,פילדלפיה גבינת שמנת,גרמים,150.00,100 גרם,false,,11.90,0.0793,true,1,17219
7622201521493,false,גבינת שמנת עם שום וע,,,גבינת שמנת עם שום וע,גרמים,150.00,100 גרם,false,,11.90,0.0793,true,1,526034
7622201798154,false,פילדלפיה גבינת שמנת,,,פילדלפיה גבינת שמנת,גרמים,150.00,100 גרם,false,,11.90,0.0793,true,1,227081
7622201801809,false,מילקה שוקוד חלב עם א,,,מילקה שוקוד חלב עם א,גרמים,100.00,100 גרם,false,,6.90,0.0690,true,1,192970
7622201802363,false,מילקה שוקולד חלב עם,,,מילקה שוקולד חלב עם,גרמים,100.00,100 גרם,false,,6.90,0.0690,true,1,192956
7622201802394,false,מילקה שוקולד חלב 100,,,מילקה שוקולד חלב 100,גרמים,100.00,100 גרם,false,,6.90,0.0690,true,1,192942
7622201808631,false,אוראו מיני כוסות בטע,,,אוראו מיני כוסות בטע,גרמים,67.00,100 גרם,false,,7.90,0.1179,true,1,200439
7622201809188,false,מילקה ביסקויט 150 גר,,,מילקה ביסקויט 150 גר,גרמים,150.00,100 גרם,false,,10.90,0.0727,true,1,185631
7622201813390,false,מילקה וואפל במילוי ק,,,מילקה וואפל במילוי ק,גרמים,150.00,100 גרם,false,,10.90,0.0727,true,1,175557
7622201819552,false,מילקה דארק 85 גרם,,,מילקה דארק 85 גרם,גרמים,85.00,100 גרם,false,,7.90,0.0929,true,1,237296
7622210137234,false,עוגיות סנדביץ אוראו,,,עוגיות סנדביץ אוראו,גרמים,170.00,100 גרם,false,,8.90,0.0524,true,1,5134
7622210464729,false,עוגיות אוראו גולדן 1,,,עוגיות אוראו גולדן 1,גרמים,154.00,100 גרם,false,,7.90,0.0513,true,1,5140
7622210637994,false,קראנצ'י בייטס אוראו,,,קראנצ'י בייטס אוראו,גרמים,110.00,100 גרם,false,,7.90,0.0718,true,1,246961
7622300107949,false,טובלרון חלב צימוק 10,,,טובלרון חלב צימוק 10,גרמים,100.00,100 גרם,false,,9.90,0.0990,true,1,457040
7622300270506,false,מילקה גריינס עוגיות,,,מילקה גריינס עוגיות,גרמים,168.00,100 גרם,false,,10.90,0.0649,true,1,5158
7622300489427,false,אוראו פאג שוקולד לבן,,,אוראו פאג שוקולד לבן,גרמים,246.00,100 גרם,false,,15.90,0.0646,true,1,5163
7622300489434,false,אוראו פאג שוקולד חלב,,,אוראו פאג שוקולד חלב,גרמים,246.00,100 גרם,false,,15.90,0.0646,true,1,5164
7622300503079,false,מילקה מוו - ביסקוויט,,,מילקה מוו - ביסקוויט,גרמים,200.00,100 גרם,false,,10.90,0.0545,true,1,5167
7622300617820,false,מילקה שוקולד אוראו 1,,,מילקה שוקולד אוראו 1,גרמים,100.00,100 גרם,false,,6.90,0.0690,true,1,5168
7630311507016,false,סטארבקס קפסולות סאני,,,סטארבקס קפסולות סאני,גרמים,57.00,100 גרם,false,,21.90,0.3842,true,1,488084
7630477891615,false,סטארבקס קפסולות סומט,,,סטארבקס קפסולות סומט,גרמים,55.00,100 גרם,false,,21.90,0.3982,true,1,99805
7630477891639,false,סטארבקס קפסולות ורונ,,,סטארבקס קפסולות ורונ,גרמים,55.00,100 גרם,false,,21.90,0.3982,true,1,99806
7630477891653,false,סטארבקס קפסולות אספר,,,סטארבקס קפסולות אספר,גרמים,57.00,100 גרם,false,,21.90,0.3842,true,1,99791
7630477891677,false,קפס' פייק פלייס סטאר,,,קפס' פייק פלייס סטאר,גרמים,53.00,100 גרם,false,,21.90,0.4132,true,1,111548
7630477891691,false,סטארבקס קפסולות קולו,,,סטארבקס קפסולות קולו,גרמים,57.00,100 גרם,false,,21.90,0.3842,true,1,99807
7630477891738,false,סטארבקס קפסולות אספר,,,סטארבקס קפסולות אספר,גרמים,53.00,100 גרם,false,,21.90,0.4132,true,1,99792
7638900248357,false,אנרג'ייזר סוללות 203,,,אנרג'ייזר סוללות 203,יחידה,0.00,יחידה,false,,19.90,0.0000,true,1,6092
7690589856667,false,נייס שבלולים לשיער,,,נייס שבלולים לשיער,יחידה,0.00,יחידה,false,,12.90,0.0000,true,1,33962
7702018980833,false,ג'ל גילוח סירייס מעו,,,ג'ל גילוח סירייס מעו,מיליליטרים,200.00,"100 מ""ל",false,,14.90,0.0745,true,1,27392
7702024074625,false,פיטנס חטיפי קרקר חיט,,,פיטנס חטיפי קרקר חיט,גרמים,234.00,100 גרם,false,,11.90,0.0509,true,1,19567
7702174066631,false,יוגטה פינפופ לקקן 10,,,יוגטה פינפופ לקקן 10,גרמים,180.00,100 גרם,false,,7.90,0.0439,true,1,42098
7702174068826,false,יוגטה לקקן חדש 12יח,,,יוגטה לקקן חדש 12יח,גרמים,216.00,100 גרם,false,,9.90,0.0458,true,1,42101
7702174070201,false,לקקן בטעם מסטיק ממול,,,לקקן בטעם מסטיק ממול,גרמים,216.00,100 גרם,false,,9.90,0.0458,true,1,42103
7702174073783,false,לקקן פינפופ קולה 10,,,לקקן פינפופ קולה 10,גרמים,180.00,100 גרם,false,,7.90,0.0439,true,1,42104
7790040420076,false,אלפחורס עוגיות סנדבי,,,אלפחורס עוגיות סנדבי,גרמים,117.00,100 גרם,false,,8.90,0.0761,true,1,109470
7790040423022,false,בון בון סנדוויץ אלפח,,,בון בון סנדוויץ אלפח,גרמים,19.50,100 גרם,false,,1.90,0.0974,true,1,457782
7790580412654,false,בון בון צהוב 270 גרם,,,בון בון צהוב 270 גרם,גרמים,270.00,100 גרם,false,,18.90,0.0700,true,1,13330
7792860006218,false,בייבי דול לקקן 20גר,,,בייבי דול לקקן 20גר,גרמים,24.00,100 גרם,false,,2.50,0.1042,true,1,13850
7798109100075,false,אוכמניות,,,אוכמניות,גרמים,100.00,100 גרם,false,,10.90,0.1090,true,1,198668
7804414000877,false,דון חולין מרלו,,,דון חולין מרלו,מיליליטרים,750.00,"100 מ""ל",false,,28.90,0.0385,true,1,7369
7840392000454,false,"פחם בריקאפאר 5 ק""ג",,,"פחם בריקאפאר 5 ק""ג",קילוגרמים,5.00,"ק""ג",false,,49.90,9.9800,true,1,559670
7860001950123,false,מפזר סוכר רשת נירוסט,,,מפזר סוכר רשת נירוסט,יחידה,0.00,יחידה,false,,14.90,0.0000,true,1,34303
7860001950666,false,כדור תה פלסטיק,,,כדור תה פלסטיק,יחידה,0.00,יחידה,false,,9.90,0.0000,true,1,34315
7891024027998,false,קולגייט מי פה טוטל ס,,,קולגייט מי פה טוטל ס,מיליליטרים,500.00,"100 מ""ל",false,,30.90,0.0618,true,1,507756
7900250001006,false,אביזרי שיער,,,אביזרי שיער,יחידה,0.00,יחידה,false,,15.90,0.0000,true,1,33963
8000070003774,false,קפסולת LAVAZZA INTEN,,,קפסולת LAVAZZA INTEN,גרמים,120.00,100 גרם,false,,29.90,0.2492,true,1,550115
8000070003811,false,קפסולת LAVAZZA PASSI,,,קפסולת LAVAZZA PASSI,גרמים,120.00,100 גרם,false,,29.90,0.2492,true,1,550117
8000070003972,false,קפסולת LAVAZZA DEKCR,,,קפסולת LAVAZZA DEKCR,גרמים,120.00,100 גרם,false,,29.90,0.2492,true,1,550120
8000070064577,false,קפסולת LAVAZZA ORO ר,,,קפסולת LAVAZZA ORO ר,גרמים,120.00,100 גרם,false,,29.90,0.2492,true,1,550122
8000070081000,false,לוואצ'ה קפסולות קפה,,,לוואצ'ה קפסולות קפה,גרמים,50.00,100 גרם,false,,17.90,0.3580,true,1,42106
8000215204219,false,משקה אורז אורגני 1 ל,,,משקה אורז אורגני 1 ל,ליטרים,1.00,ליטר,false,,12.90,12.9000,true,1,108737
8000215204561,false,משקה שקדים 1 ליטר,,,משקה שקדים 1 ליטר,ליטרים,1.00,ליטר,false,,14.90,14.9000,true,1,108755
8000215204653,false,משקה סויה 1 ליטר -,,,משקה סויה 1 ליטר -,ליטרים,1.00,ליטר,false,,11.90,11.9000,true,1,108740
8000215204677,false,משקה שיבולת שועל אור,,,משקה שיבולת שועל אור,ליטרים,1.00,ליטר,false,,12.90,12.9000,true,1,332807
8000215204714,false,משקה שיבולת שועל אור,,,משקה שיבולת שועל אור,ליטרים,1.00,ליטר,false,,12.90,12.9000,true,1,108756
8000380003723,false,גרנד פטיסרי ופל אגוז,,,גרנד פטיסרי ופל אגוז,גרמים,100.00,100 גרם,false,,11.90,0.1190,true,1,12845
8000380003761,false,גרנד פטיסרי ופל קוקו,,,גרנד פטיסרי ופל קוקו,גרמים,100.00,100 גרם,false,,11.90,0.1190,true,1,12847
8000380004669,false,לואקר וופל סנדוויץ',,,לואקר וופל סנדוויץ',גרמים,200.00,100 גרם,false,,12.90,0.0645,true,1,12850
8000380004676,false,לואקר וופל קרם וניל,,,לואקר וופל קרם וניל,גרמים,200.00,100 גרם,false,,12.90,0.0645,true,1,12851
8000380004911,false,וופל קואדרטיני אגוז,,,וופל קואדרטיני אגוז,גרמים,250.00,100 גרם,false,,13.90,0.0556,true,1,12853
8000380004966,false,וופל קואדרטיני קקאו,,,וופל קואדרטיני קקאו,גרמים,250.00,100 גרם,false,,13.90,0.0556,true,1,12856
8000380007219,false,וופל לואקר אגוז 175,,,וופל לואקר אגוז 175,גרמים,175.00,100 גרם,false,,10.50,0.0600,true,1,12862
8000380007257,false,.וופל מצופה שוקולד ג,,,.וופל מצופה שוקולד ג,גרמים,200.00,100 גרם,false,,13.90,0.0695,true,1,12864
8000380007264,false,וופל לואקר קקאו 175,,,וופל לואקר קקאו 175,גרמים,175.00,100 גרם,false,,10.50,0.0600,true,1,12865
8000380144044,false,וופל גרדנה שוקולד 20,,,וופל גרדנה שוקולד 20,גרמים,200.00,100 גרם,false,,13.90,0.0695,true,1,12871
8000380180721,false,וופל לואקר קלאסיק שו,,,וופל לואקר קלאסיק שו,גרמים,175.00,100 גרם,false,,10.50,0.0600,true,1,12894
8000380180745,false,וופל קואדרטיני לואקר,,,וופל קואדרטיני לואקר,גרמים,250.00,100 גרם,false,,13.90,0.0556,true,1,12895
8000380192151,false,טורטינה טריפל שוקולד,,,טורטינה טריפל שוקולד,גרמים,125.00,100 גרם,false,,16.90,0.1352,true,1,337541
8000380192243,false,וופל לואקר מקסי אגוז,,,וופל לואקר מקסי אגוז,גרמים,200.00,100 גרם,false,,12.90,0.0645,true,1,12904
8000380206896,false,לואקר גרדנה חמאת בוט,,,לואקר גרדנה חמאת בוט,גרמים,200.00,100 גרם,false,,13.90,0.0695,true,1,513570
8000500023624,false,הפי היפו 5*20ג,,,הפי היפו 5*20ג,גרמים,102.00,100 גרם,false,,12.90,0.1265,true,1,41486
8000500023976,false,בונבוניירת רפאלו 150,,,בונבוניירת רפאלו 150,גרמים,150.00,100 גרם,false,,14.90,0.0993,true,1,41487
8000500026731,false,קינדר ביצי שוקולד 3*,,,קינדר ביצי שוקולד 3*,גרמים,60.00,100 גרם,false,,14.90,0.2483,true,1,41488
8000500028124,false,קינדר ג'וי 3*20 גרם,,,קינדר ג'וי 3*20 גרם,גרמים,60.00,100 גרם,false,,14.90,0.2483,true,1,591118
8000500029350,false,קינדר בואנו 3*43 גרם,,,קינדר בואנו 3*43 גרם,גרמים,129.00,100 גרם,false,,9.90,0.0767,true,1,41489
8000500032237,false,רושר 375 גרם,,,רושר 375 גרם,גרמים,375.00,100 גרם,false,,43.90,0.1171,true,1,41490
8000500071083,false,קינדר אצבעות שוקולד,,,קינדר אצבעות שוקולד,גרמים,200.00,100 גרם,false,,12.50,0.0625,true,1,41494
8000500121436,false,קינדר בואנו לבן 3*43,,,קינדר בואנו לבן 3*43,גרמים,117.00,100 גרם,false,,9.90,0.0846,true,1,41498
8000500126325,false,קינדר גוי 1/3 ורוד 3,,,קינדר גוי 1/3 ורוד 3,גרמים,60.00,100 גרם,false,,14.90,0.2483,true,1,41499
8000500227848,false,'וופל מלוח במילוי ממ,,,'וופל מלוח במילוי ממ,גרמים,132.00,100 גרם,false,,11.90,0.0902,true,1,41513
8000500249352,false,קינדר בואנו מיני מיק,,,קינדר בואנו מיני מיק,יחידה,0.00,יחידה,false,,18.90,0.0000,true,1,41521
8000500256213,false,פרר-קינדר שוקולד מינ,,,פרר-קינדר שוקולד מינ,גרמים,120.00,100 גרם,false,,9.90,0.0825,true,1,41523
8000500267103,false,פררו-קינדר דליס עשיר,,,פררו-קינדר דליס עשיר,יחידה,0.00,יחידה,false,,19.90,0.0000,true,1,41527
8000500360262,false,קינדר חנוכיה 135 גרם,,,קינדר חנוכיה 135 גרם,גרמים,135.00,100 גרם,false,,17.90,0.1326,true,1,105280
8000500386941,false,ממרח קקאו עם אגוזי ל,,,ממרח קקאו עם אגוזי ל,גרמים,900.00,100 גרם,false,,31.90,0.0354,true,1,429970
8001003100164,false,יוגטה סוכריות ג'לי פ,,,יוגטה סוכריות ג'לי פ,גרמים,450.00,100 גרם,false,,9.90,0.0220,true,1,42119
8001003202028,false,סוכריות ג'לי בטעם מנ,,,סוכריות ג'לי בטעם מנ,גרמים,80.00,100 גרם,false,,4.90,0.0613,true,1,487839
8001090336408,false,פמפרס בייבי דריי מיד,,,פמפרס בייבי דריי מיד,יחידה,0.00,יחידה,false,,31.90,0.0000,true,1,27422
8001090336491,false,פמפרס בייבי דריי מיד,,,פמפרס בייבי דריי מיד,יחידה,0.00,יחידה,false,,31.90,0.0000,true,1,27424
8001090336606,false,פמפרס בייבי דריי מיד,,,פמפרס בייבי דריי מיד,יחידה,0.00,יחידה,false,,31.90,0.0000,true,1,27426
8001090364203,false,אורל בי משחה G&E - ל,,,אורל בי משחה G&E - ל,מיליליטרים,75.00,"100 מ""ל",false,,15.90,0.2120,true,1,190550
8001090458322,false,פיירי ורדים ומשי 101,,,פיירי ורדים ומשי 101,ליטרים,1.01,ליטר,false,,13.90,13.7624,true,1,27438
8001090493637,false,שמפו אולטרא טוטאל קר,,,שמפו אולטרא טוטאל קר,מיליליטרים,450.00,"100 מ""ל",false,,18.90,0.0420,true,1,27448
8001090721099,false,אריאל פודס קפסולות 2,,,אריאל פודס קפסולות 2,יח',27.00,יח',false,,33.90,1.2556,true,1,27461
8001090721129,false,אריאל קפסולות פודס ל,,,אריאל קפסולות פודס ל,יח',27.00,יח',false,,33.90,1.2556,true,1,27462
8001090832535,false,שמפו שמן מרוקאי משקם,,,שמפו שמן מרוקאי משקם,מיליליטרים,660.00,"100 מ""ל",false,,19.90,0.0302,true,1,66486
8001090832818,false,מרכך נוסחה קלאסית פנ,,,מרכך נוסחה קלאסית פנ,מיליליטרים,660.00,"100 מ""ל",false,,19.90,0.0302,true,1,66488
8001090832856,false,מרכך שמן מרוקאי משקם,,,מרכך שמן מרוקאי משקם,מיליליטרים,660.00,"100 מ""ל",false,,19.90,0.0302,true,1,66489
8001090861757,false,שמפו פנטן סופרפוד 47,,,שמפו פנטן סופרפוד 47,מיליליטרים,470.00,"100 מ""ל",false,,13.90,0.0296,true,1,200712
8001090899194,false,תחבושות פלטינום נורמ,,,תחבושות פלטינום נורמ,יחידה,0.00,יחידה,false,,18.50,0.0000,true,1,27500
8001090899255,false,תחבושות פלטינום לילה,,,תחבושות פלטינום לילה,יחידה,0.00,יחידה,false,,18.50,0.0000,true,1,27502
8001100059259,false,וואפל קוביות BALOCCO,,,וואפל קוביות BALOCCO,גרמים,250.00,100 גרם,false,,12.90,0.0516,true,1,141197
8001160001892,false,גטורייד ספורט תפוז א,,,גטורייד ספורט תפוז א,מיליליטרים,500.00,"100 מ""ל",false,,10.40,0.0208,true,1,39450
8001620011935,false,סאן בנדטו מוגז 6*500,,,סאן בנדטו מוגז 6*500,ליטרים,3.00,ליטר,false,,11.90,3.9667,true,1,9562
8001620015629,false,משקה פירות פרוטה בטע,,,משקה פירות פרוטה בטע,מיליליטרים,400.00,"100 מ""ל",false,,7.50,0.0188,true,1,263410
8001620015636,false,סן בנדטו בטעם מיקס פ,,,סן בנדטו בטעם מיקס פ,מיליליטרים,400.00,"100 מ""ל",false,,7.50,0.0188,true,1,142977
8001620017456,false,סאן בנדטו פקק ספורט,,,סאן בנדטו פקק ספורט,ליטרים,3.00,ליטר,false,,13.90,4.6333,true,1,9564
8001620019160,false,סאן בנדטו משקה בטעם,,,סאן בנדטו משקה בטעם,מיליליטרים,400.00,"100 מ""ל",false,,5.90,0.0147,true,1,490229
8001620019177,false,סאן בנדטו משקה בטעם,,,סאן בנדטו משקה בטעם,מיליליטרים,400.00,"100 מ""ל",false,,5.90,0.0147,true,1,490214
8001841104751,false,חיתולי פמפרס פרימיום,,,חיתולי פמפרס פרימיום,יחידה,0.00,יחידה,false,,31.90,0.0000,true,1,27521
8001841470252,false,נוזל ניקוי כלים פייר,,,נוזל ניקוי כלים פייר,מיליליטרים,500.00,"100 מ""ל",false,,9.90,0.0198,true,1,581743
8001841470290,false,נוזל ניקוי כלים פייר,,,נוזל ניקוי כלים פייר,מיליליטרים,750.00,"100 מ""ל",false,,13.90,0.0185,true,1,581696
8001841625188,false,פיירי נוזל כלים פלטי,,,פיירי נוזל כלים פלטי,מיליליטרים,515.00,"100 מ""ל",false,,9.90,0.0192,true,1,71187
8001841625461,false,פיירי נוזל כלים פלטי,,,פיירי נוזל כלים פלטי,מיליליטרים,515.00,"100 מ""ל",false,,9.90,0.0192,true,1,71189
8001943549122,false,צ`וקטה מטבעות שוקולד,,,צ`וקטה מטבעות שוקולד,גרמים,40.00,100 גרם,false,,3.90,0.0975,true,1,42125
8002267014945,false,צ'וקטה ביצת הפתעה הו,,,צ'וקטה ביצת הפתעה הו,יח',60.00,יח',false,,11.90,0.1983,true,1,42128
8002267016475,false,צ'וקטה ביצת הפתעה בו,,,צ'וקטה ביצת הפתעה בו,יח',60.00,יח',false,,11.90,0.1983,true,1,42129
8002270436581,false,סאן פלגרינו מים מוגז,,,סאן פלגרינו מים מוגז,ליטרים,3.00,ליטר,false,,29.90,9.9667,true,1,9568
8003130129506,false,חטיף ציפס 50 גרם CL,,,חטיף ציפס 50 גרם CL,גרמים,50.00,100 גרם,false,,5.90,0.1180,true,1,520165
8003130129544,false,חטיף ציפס 50 גרם,,,חטיף ציפס 50 גרם,גרמים,50.00,100 גרם,false,,5.90,0.1180,true,1,520166
8003340091280,false,בונבוניירות לינדור 6,,,בונבוניירות לינדור 6,גרמים,200.00,100 גרם,false,,22.90,0.1145,true,1,13853
8003477500044,false,"פרימלוצ'י ספגטי מ""ס",,,"פרימלוצ'י ספגטי מ""ס",גרמים,500.00,100 גרם,false,,5.90,0.0118,true,1,557247
8003477500051,false,"פרימלוצ'י ספגטי מ""ס",,,"פרימלוצ'י ספגטי מ""ס",גרמים,500.00,100 גרם,false,,5.90,0.0118,true,1,557248
8003477500327,false,פרימלוצ'י קורנטי 500,,,פרימלוצ'י קורנטי 500,גרמים,500.00,100 גרם,false,,5.90,0.0118,true,1,557249
8003477500365,false,פרימלוצ'י קונקילייה,,,פרימלוצ'י קונקילייה,גרמים,500.00,100 גרם,false,,5.90,0.0118,true,1,557250
8003477500556,false,פרימלוצ'י פוסילי 500,,,פרימלוצ'י פוסילי 500,גרמים,500.00,100 גרם,false,,5.90,0.0118,true,1,557589
8003753158556,false,אילי קפסולות אספרסו,,,אילי קפסולות אספרסו,גרמים,57.00,100 גרם,false,,24.90,0.4368,true,1,364675
8003753158587,false,אילי קפסולות אספרסו,,,אילי קפסולות אספרסו,גרמים,57.00,100 גרם,false,,24.90,0.4368,true,1,364676
8003753158617,false,אילי קפסולות אספרסו,,,אילי קפסולות אספרסו,גרמים,57.00,100 גרם,false,,24.90,0.4368,true,1,364677
8004030044005,false,נתחי טונה בשמן זית ר,,,נתחי טונה בשמן זית ר,גרמים,160.00,100 גרם,false,,18.90,0.1181,true,1,21894
8004030081024,false,נתחי טונה שמן זית שו,,,נתחי טונה שמן זית שו,גרמים,160.00,100 גרם,false,,18.90,0.1181,true,1,21895
8004030102033,false,טונה בשמן עם לימון ו,,,טונה בשמן עם לימון ו,גרמים,240.00,100 גרם,false,,27.90,0.1162,true,1,21896
8004030344938,false,טונה בשמן זית ריו מר,,,טונה בשמן זית ריו מר,גרמים,240.00,100 גרם,false,,27.90,0.1162,true,1,21901
8004030381681,false,טונה בשמן זית ריו מר,,,טונה בשמן זית ריו מר,גרמים,320.00,100 גרם,false,,32.90,0.1028,true,1,21904
8004123010726,false,שמן זית כתית מעולה ב,,,שמן זית כתית מעולה ב,מיליליטרים,750.00,"100 מ""ל",false,,39.90,0.0532,true,1,435876
8004800000071,false,לאגו פלאסיר- גלילי ו,,,לאגו פלאסיר- גלילי ו,גרמים,100.00,100 גרם,false,,10.90,0.1090,true,1,561576
8004800005502,false,לאגו מיני רול- גלילי,,,לאגו מיני רול- גלילי,גרמים,125.00,100 גרם,false,,9.90,0.0792,true,1,561529
8004800005519,false,לאגו מיני רול- גלילי,,,לאגו מיני רול- גלילי,גרמים,125.00,100 גרם,false,,9.90,0.0792,true,1,561530
8005110060007,false,עגבניות MUTTI מקולפו,,,עגבניות MUTTI מקולפו,גרמים,400.00,100 גרם,false,,6.90,0.0173,true,1,51761
8005110170300,false,עגבניות MUTTI מרוסקו,,,עגבניות MUTTI מרוסקו,קילוגרמים,1.20,"ק""ג",false,,16.90,14.0833,true,1,51762
8005200256587,false,נסטי אפרסק 1.5 ליטר,,,נסטי אפרסק 1.5 ליטר,ליטרים,1.50,ליטר,false,,8.90,5.9333,true,1,244876
8005200286584,false,נסטי מנגו אננס 1.5 ל,,,נסטי מנגו אננס 1.5 ל,ליטרים,1.50,ליטר,false,,8.90,5.9333,true,1,244877
8005469981602,false,פילה אנשובי איטלקי (,,,פילה אנשובי איטלקי (,גרמים,75.00,100 גרם,false,,12.90,0.1720,true,1,47924
8005803010357,false,גריסיני בטעם קלאסי 1,,,גריסיני בטעם קלאסי 1,גרמים,125.00,100 גרם,false,,8.50,0.0680,true,1,12911
8006540106709,false,מגן תחתון מגה פק נור,,,מגן תחתון מגה פק נור,יחידה,0.00,יחידה,false,,17.90,0.0000,true,1,579668
8006540112823,false,לנור מרכך מרוכז בניח,,,לנור מרכך מרוכז בניח,מיליליטרים,900.00,"100 מ""ל",false,,15.90,0.0177,true,1,166071
8006540112854,false,לנור מרכך מרוכז בניח,,,לנור מרכך מרוכז בניח,מיליליטרים,900.00,"100 מ""ל",false,,15.90,0.0177,true,1,158356
8006540404898,false,תחבושות אולוויז דיסק,,,תחבושות אולוויז דיסק,יח',8.00,יח',false,,16.90,2.1125,true,1,548332
8006540495186,false,לנור מרכך כביסה בייב,,,לנור מרכך כביסה בייב,מיליליטרים,900.00,"100 מ""ל",false,,15.90,0.0177,true,1,508061
8006540592434,false,תחבושות אולוויז ירוק,,,תחבושות אולוויז ירוק,100 יח',16.00,100 יח',false,,18.90,1.1812,true,1,537534
8006540592465,false,תחבושות אולוויז סגול,,,תחבושות אולוויז סגול,100 יח',16.00,100 יח',false,,18.90,1.1812,true,1,537535
8006540592496,false,תחבושות אולוויז כחול,,,תחבושות אולוויז כחול,100 יח',16.00,100 יח',false,,18.90,1.1812,true,1,537536
8006540628737,false,שמפו הד שולדרס קלאסי,,,שמפו הד שולדרס קלאסי,מיליליטרים,350.00,"100 מ""ל",false,,16.90,0.0483,true,1,550354
8008245004847,true,ממרח אגוזי לוז וקקאו,,,ממרח אגוזי לוז וקקאו,גרמים,300.00,100 גרם,false,,14.90,0.0497,true,1,124796
8008245004861,true,ממרח אגוזי לוז עם חל,,,ממרח אגוזי לוז עם חל,גרמים,300.00,100 גרם,false,,14.90,0.0497,true,1,124797
8008620009276,false,קרקר מלוח 500 גרם קר,,,קרקר מלוח 500 גרם קר,גרמים,500.00,100 גרם,false,,19.90,0.0398,true,1,39596
8008620009290,false,קרקר חיטה מלאה 500 ג,,,קרקר חיטה מלאה 500 ג,גרמים,500.00,100 גרם,false,,19.90,0.0398,true,1,39597
8008620009337,false,קרקר חיטה מלאה 250 ג,,,קרקר חיטה מלאה 250 ג,גרמים,250.00,100 גרם,false,,8.90,0.0356,true,1,524104
8008857310343,false,"פסטה רג'ייה 1 ק""ג",,,"פסטה רג'ייה 1 ק""ג",קילוגרמים,1.00,"ק""ג",false,,10.00,10.0000,true,1,472209
8008912010072,false,פסטה לינגוויני מספר,,,פסטה לינגוויני מספר,גרמים,500.00,100 גרם,false,,7.90,0.0158,true,1,487706
8008912010331,false,פסטה ניוקטי סרדי בצו,,,פסטה ניוקטי סרדי בצו,גרמים,500.00,100 גרם,false,,7.90,0.0158,true,1,569059
8015997000911,false,בישקוטים פריכים 200,,,בישקוטים פריכים 200,גרמים,200.00,100 גרם,false,,6.90,0.0345,true,1,524119
8023788030610,false,שוקולד חלב 300 גרם,,,שוקולד חלב 300 גרם,גרמים,300.00,100 גרם,false,,17.90,0.0597,true,1,533964
8023788030627,false,שוקולד מריר מעולה 3,,,שוקולד מריר מעולה 3,גרמים,300.00,100 גרם,false,,17.90,0.0597,true,1,533948
8023788030634,false,שוקולד חלב עם שברי א,,,שוקולד חלב עם שברי א,גרמים,300.00,100 גרם,false,,18.90,0.0630,true,1,533965
8023788030658,false,עוגיות מלוחות בטעם ט,,,עוגיות מלוחות בטעם ט,גרמים,400.00,100 גרם,false,,12.90,0.0323,true,1,568792
8023788030665,false,עוגיות מלוחות בטעם ב,,,עוגיות מלוחות בטעם ב,גרמים,400.00,100 גרם,false,,12.90,0.0323,true,1,568793
8023788030672,false,עוגיות מלוחות בתוספת,,,עוגיות מלוחות בתוספת,גרמים,400.00,100 גרם,false,,12.90,0.0323,true,1,568794
8023788030689,false,עוגיות מלוחות בטעם ע,,,עוגיות מלוחות בטעם ע,גרמים,400.00,100 גרם,false,,12.90,0.0323,true,1,569076
8024985002943,false,נטורה נובה - סמוזי ת,,,נטורה נובה - סמוזי ת,גרמים,100.00,100 גרם,false,,4.90,0.0490,true,1,108974
8024985002950,false,נטורה נובה - סמוזי ש,,,נטורה נובה - סמוזי ש,גרמים,100.00,100 גרם,false,,4.90,0.0490,true,1,394300
8024985003988,false,נטורה נובה - סמוזי ת,,,נטורה נובה - סמוזי ת,גרמים,100.00,100 גרם,false,,4.90,0.0490,true,1,108975
8024985005234,false,נטורה נובה - סמוזי ת,,,נטורה נובה - סמוזי ת,גרמים,100.00,100 גרם,false,,4.90,0.0490,true,1,108991
8024985008037,false,נטורה נובה - סמוזי ת,,,נטורה נובה - סמוזי ת,גרמים,100.00,100 גרם,false,,4.90,0.0490,true,1,108976
8024985008044,false,נטורה נובה - סמוזי א,,,נטורה נובה - סמוזי א,גרמים,100.00,100 גרם,false,,4.90,0.0490,true,1,108977
8024985008051,false,נטורה נובה - סמוזי פ,,,נטורה נובה - סמוזי פ,גרמים,100.00,100 גרם,false,,4.90,0.0490,true,1,108978
8032880800243,false,פיקניק הפתעה 50ג,,,פיקניק הפתעה 50ג,גרמים,50.00,100 גרם,false,,6.70,0.1340,true,1,12919
8076800105735,false,פנה ריגטה בקופסה ברי,,,פנה ריגטה בקופסה ברי,קילוגרמים,1.00,"ק""ג",false,,12.90,12.9000,true,1,532858
8076800105988,false,פוזלי בקופסה ברילה 1,,,פוזלי בקופסה ברילה 1,קילוגרמים,1.00,"ק""ג",false,,12.90,12.9000,true,1,532874
8076800195019,false,ספגטי קפליני מס' 1 ב,,,ספגטי קפליני מס' 1 ב,גרמים,500.00,100 גרם,false,,6.90,0.0138,true,1,21909
8076800195033,false,ספגטי מס' 3 ברילה 50,,,ספגטי מס' 3 ברילה 50,גרמים,500.00,100 גרם,false,,6.90,0.0138,true,1,21910
8076800195057,false,ספגטיני מס' 5 ברילה,,,ספגטיני מס' 5 ברילה,גרמים,500.00,100 גרם,false,,6.90,0.0138,true,1,21911
8076800195132,false,ספגטי בבטה מס' 13 בר,,,ספגטי בבטה מס' 13 בר,גרמים,500.00,100 גרם,false,,6.90,0.0138,true,1,21912
8076800315097,false,ספגטי בוקטיני מס' 9,,,ספגטי בוקטיני מס' 9,גרמים,500.00,100 גרם,false,,6.90,0.0138,true,1,21913
8076802085738,false,פנה רגטה מס' 73 בריל,,,פנה רגטה מס' 73 בריל,גרמים,500.00,100 גרם,false,,6.90,0.0138,true,1,21916
8076802085981,false,פסטה פוזילי 98 ברילה,,,פסטה פוזילי 98 ברילה,גרמים,500.00,100 גרם,false,,6.90,0.0138,true,1,21919
8076808050440,false,פסטה מקרוני מס' 44 ב,,,פסטה מקרוני מס' 44 ב,גרמים,500.00,100 גרם,false,,6.90,0.0138,true,1,21920
8076808150072,false,ספגטי מס' 7 ברילה 50,,,ספגטי מס' 7 ברילה 50,גרמים,500.00,100 גרם,false,,6.90,0.0138,true,1,21923
8076809513388,false,ברילה רוטב ארביאטה 4,,,ברילה רוטב ארביאטה 4,גרמים,400.00,100 גרם,false,,14.90,0.0373,true,1,21926
8076809513395,false,ברילה רוטב פורמודרו,,,ברילה רוטב פורמודרו,גרמים,400.00,100 גרם,false,,14.90,0.0373,true,1,21927
8076809513654,false,ברילה רוטב עגבניות ל,,,ברילה רוטב עגבניות ל,גרמים,400.00,100 גרם,false,,14.90,0.0373,true,1,21929
8076809513692,false,ברילה רוטב נפוליטנה,,,ברילה רוטב נפוליטנה,גרמים,400.00,100 גרם,false,,14.90,0.0373,true,1,21930
8076809513739,false,ברילה רוטב בזיליקום,,,ברילה רוטב בזיליקום,גרמים,400.00,100 גרם,false,,14.90,0.0373,true,1,21932
8076809523738,false,לזניה ברילה 500 גרם,,,לזניה ברילה 500 גרם,גרמים,500.00,100 גרם,false,,23.90,0.0478,true,1,21940
8076809523769,false,פגליה אפינו ברילה 50,,,פגליה אפינו ברילה 50,גרמים,500.00,100 גרם,false,,13.90,0.0278,true,1,151520
8076809529433,false,פנה רגטה מחיטה מלאה,,,פנה רגטה מחיטה מלאה,גרמים,500.00,100 גרם,false,,14.90,0.0298,true,1,21942
8076809545457,false,ברילה צינורות עבה קמ,,,ברילה צינורות עבה קמ,גרמים,400.00,100 גרם,false,,14.90,0.0373,true,1,21946
8076809545464,false,ברילה ספירלי עב קמח,,,ברילה ספירלי עב קמח,גרמים,400.00,100 גרם,false,,14.90,0.0373,true,1,21947
8076809576352,false,לזניה ללא גלוטן בריל,,,לזניה ללא גלוטן בריל,גרמים,500.00,100 גרם,false,,22.90,0.0458,true,1,151495
8410076600622,false,חטיף קראנצי שבבי שוק,,,חטיף קראנצי שבבי שוק,גרמים,210.00,100 גרם,false,,19.50,0.0929,true,1,12924
8410076610508,false,חטיף צ'ואי שוקולד מר,,,חטיף צ'ואי שוקולד מר,גרמים,150.00,100 גרם,false,,16.90,0.1127,true,1,12934
8410104045111,false,"פיניש מלח למדיח 2 ק""",,,"פיניש מלח למדיח 2 ק""",קילוגרמים,2.00,"ק""ג",false,,14.90,7.4500,true,1,21110
8410104437268,false,פיניש מפיג ריחות ציט,,,פיניש מפיג ריחות ציט,יחידה,0.00,יחידה,false,,14.90,0.0000,true,1,21116
8410128768324,false,ויוה סוי שקדים קרטונ,,,ויוה סוי שקדים קרטונ,ליטרים,1.00,ליטר,false,,11.90,11.9000,true,1,57124
8412497524327,false,בקבוק פלסטיק (טריטן),,,בקבוק פלסטיק (טריטן),יחידה,0.00,יחידה,false,,24.90,0.0000,true,1,33583
8420822130624,false,ספריי סופר מסיר כתמי,,,ספריי סופר מסיר כתמי,מיליליטרים,750.00,"100 מ""ל",false,,18.90,0.0252,true,1,303119
8423207206488,false,סלים דליס חטיף דגנים,,,סלים דליס חטיף דגנים,גרמים,120.00,100 גרם,false,,10.90,0.0908,true,1,21961
8423207206501,false,סלים דליס חטיף דגנים,,,סלים דליס חטיף דגנים,גרמים,120.00,100 גרם,false,,10.90,0.0908,true,1,21963
8423207207362,false,סלים דליס חטיף דגנים,,,סלים דליס חטיף דגנים,גרמים,120.00,100 גרם,false,,10.90,0.0908,true,1,21965
8423207208260,false,סלים דליס ללא גלוטן,,,סלים דליס ללא גלוטן,גרמים,78.00,100 גרם,false,,10.90,0.1397,true,1,21968
8423207208680,false,סלים דליס קידס בציפו,,,סלים דליס קידס בציפו,גרמים,121.00,100 גרם,false,,10.90,0.0901,true,1,21969
8423207208697,false,סלים דליס קידס עוגיו,,,סלים דליס קידס עוגיו,גרמים,120.00,100 גרם,false,,10.90,0.0908,true,1,21970
8423207208703,false,סלים דליס אקסטרא חטי,,,סלים דליס אקסטרא חטי,גרמים,120.00,100 גרם,false,,10.90,0.0908,true,1,21971
8423207208888,false,פריכיות תירס בטעם עג,,,פריכיות תירס בטעם עג,גרמים,123.00,100 גרם,false,,8.90,0.0724,true,1,3706
8423207210928,false,סלים דליס טופינג בטע,,,סלים דליס טופינג בטע,גרמים,90.00,100 גרם,false,,10.90,0.1211,true,1,84202
8423207210942,false,סלים דליס טופינג פיר,,,סלים דליס טופינג פיר,גרמים,90.00,100 גרם,false,,10.90,0.1211,true,1,84203
8423453905739,false,מארז בירה ווילדר לאג,,,מארז בירה ווילדר לאג,ליטרים,1.98,ליטר,false,,29.90,15.1010,true,1,145
8424842050016,false,חטיף צ'יפס בטעם כמהי,,,חטיף צ'יפס בטעם כמהי,גרמים,130.00,100 גרם,false,,12.90,0.0992,true,1,334479
8427030007281,false,סימילאק גולד קומפורט,,,סימילאק גולד קומפורט,גרמים,820.00,100 גרם,false,,101.90,0.1243,true,1,348093
8435495805168,false,אבקת כביסה תינוקלין,,,אבקת כביסה תינוקלין,קילוגרמים,1.25,"ק""ג",false,,21.90,17.5200,true,1,42134
8435495807636,false,תינוקלין ג'ל כביסה 2,,,תינוקלין ג'ל כביסה 2,ליטרים,2.00,ליטר,false,,35.90,17.9500,true,1,42139
8435495819363,false,תינוקלין מרכך כביסה,,,תינוקלין מרכך כביסה,ליטרים,1.00,ליטר,false,,17.90,17.9000,true,1,209988
8436575292205,false,מאגדת חמשושים אננס מ,,,מאגדת חמשושים אננס מ,גרמים,180.00,100 גרם,false,,19.90,0.1106,true,1,16259
8437000906209,false,8 טורטיות חיטה תומר,,,8 טורטיות חיטה תומר,גרמים,325.00,100 גרם,false,,6.90,0.0212,true,1,25251
8445290427120,false,פיטנס שוקולד מריר נה,,,פיטנס שוקולד מריר נה,גרמים,330.00,100 גרם,false,,19.90,0.0603,true,1,562750
8485818700014,false,משקפיים,,,משקפיים,יחידה,0.00,יחידה,false,,19.90,0.0000,true,1,31560
8594403707649,false,באדוויזר דארק לאגר 5,,,באדוויזר דארק לאגר 5,מיליליטרים,330.00,"100 מ""ל",false,,8.90,0.0270,true,1,579515
8594403707977,false,"באדוויזר לאגר 500 מ""",,,"באדוויזר לאגר 500 מ""",מיליליטרים,330.00,"100 מ""ל",false,,8.90,0.0270,true,1,579516
8606109023593,false,מיץ פרוויטה תפוחי עץ,,,מיץ פרוויטה תפוחי עץ,מיליליטרים,750.00,"100 מ""ל",false,,12.20,0.0163,true,1,164587
8606109023609,false,מיץ פרוויטה תפוחי עץ,,,מיץ פרוויטה תפוחי עץ,מיליליטרים,750.00,"100 מ""ל",false,,12.20,0.0163,true,1,164588
8606109023623,false,מיץ פרוויטה תפוחי עץ,,,מיץ פרוויטה תפוחי עץ,מיליליטרים,750.00,"100 מ""ל",false,,12.20,0.0163,true,1,164589
8606109023647,false,מיץ פרוויטה מיץ סלק,,,מיץ פרוויטה מיץ סלק,מיליליטרים,750.00,"100 מ""ל",false,,12.20,0.0163,true,1,164591
8681863065270,false,מלח ים מים האגאי 350,,,מלח ים מים האגאי 350,גרמים,350.00,100 גרם,false,,24.90,0.0711,true,1,503413
8683130025574,false,בדין אקסטרא לבנדר-96,,,בדין אקסטרא לבנדר-96,מיליליטרים,960.00,"100 מ""ל",false,,15.90,0.0166,true,1,441819
8683130025581,false,בדין אקסטרא ענבר-960,,,בדין אקסטרא ענבר-960,מיליליטרים,960.00,"100 מ""ל",false,,15.90,0.0166,true,1,441804
8683323063024,false,יוגטה חיספוסים שטיחי,,,יוגטה חיספוסים שטיחי,גרמים,220.00,100 גרם,false,,6.90,0.0314,true,1,42146
8690504081913,false,טינס מצופה שוקולד חל,,,טינס מצופה שוקולד חל,גרמים,150.00,100 גרם,false,,9.90,0.0660,true,1,24875
8690504081937,false,טינס מצופה שוקולד חל,,,טינס מצופה שוקולד חל,גרמים,150.00,100 גרם,false,,9.90,0.0660,true,1,24877
8690504153740,false,טבלת שוקולד מריר עם,,,טבלת שוקולד מריר עם,גרמים,86.00,100 גרם,false,,13.90,0.1616,true,1,24879
8690531032377,false,פלפל שיפקונית במי מל,,,פלפל שיפקונית במי מל,גרמים,340.00,100 גרם,false,,10.00,0.0294,true,1,16064
8690637503856,false,ממרח הלמנ'ס בקבוק לח,,,ממרח הלמנ'ס בקבוק לח,גרמים,355.00,100 גרם,false,,13.90,0.0392,true,1,563254
8690637505607,false,מרכך כביסה אקסטרה כח,,,מרכך כביסה אקסטרה כח,מיליליטרים,960.00,"100 מ""ל",false,,15.90,0.0166,true,1,194335
8690637704277,false,שמפו יום יומי 2ב1 דא,,,שמפו יום יומי 2ב1 דא,מיליליטרים,600.00,"100 מ""ל",false,,16.90,0.0282,true,1,10941
8690637704291,false,"שמפו משקם דאב 600 מ""",,,"שמפו משקם דאב 600 מ""",מיליליטרים,600.00,"100 מ""ל",false,,16.90,0.0282,true,1,10942
8690637704376,false,שמפו יום יומי דאב 60,,,שמפו יום יומי דאב 60,מיליליטרים,600.00,"100 מ""ל",false,,16.90,0.0282,true,1,10943
8690637704390,false,מרכך יום יומי דאב 60,,,מרכך יום יומי דאב 60,מיליליטרים,600.00,"100 מ""ל",false,,16.90,0.0282,true,1,10944
8690637946301,false,בדין אקסטרה בייבי כ,,,בדין אקסטרה בייבי כ,מיליליטרים,960.00,"100 מ""ל",false,,15.90,0.0166,true,1,53460
8690637946318,false,בדין אקסטרא בייבי צ,,,בדין אקסטרא בייבי צ,מיליליטרים,960.00,"100 מ""ל",false,,15.90,0.0166,true,1,53461
8690637976995,false,בדין אקסטרא ורוד- 96,,,בדין אקסטרא ורוד- 96,מיליליטרים,960.00,"100 מ""ל",false,,15.90,0.0166,true,1,111546
8690637994029,false,בדין אקסטרא מכך כביס,,,בדין אקסטרא מכך כביס,ליטרים,1.44,ליטר,false,,19.90,13.8194,true,1,128948
8690637994036,false,בדין אקסטרא מרכך כבי,,,בדין אקסטרא מרכך כבי,ליטרים,1.44,ליטר,false,,19.90,13.8194,true,1,128975
8690766156374,false,גודייבה שוקולד מריר,,,גודייבה שוקולד מריר,גרמים,90.00,100 גרם,false,,14.90,0.1656,true,1,74839
8690766156404,false,גודייבה שוקולד מריר,,,גודייבה שוקולד מריר,גרמים,90.00,100 גרם,false,,14.90,0.1656,true,1,86175
8690777203012,false,פלפל ירוק כבוש סרה 6,,,פלפל ירוק כבוש סרה 6,גרמים,600.00,100 גרם,false,,10.90,0.0182,true,1,3297
8690777204071,false,פלפל חריף סרה 640 גר,,,פלפל חריף סרה 640 גר,גרמים,640.00,100 גרם,false,,10.90,0.0170,true,1,3298
8690777221405,false,פלפל אדום קלוי על הא,,,פלפל אדום קלוי על הא,גרמים,650.00,100 גרם,false,,10.90,0.0168,true,1,3301
8690946270074,false,פסטה ספגטי 500 גרם B,,,פסטה ספגטי 500 גרם B,גרמים,500.00,100 גרם,false,,3.90,0.0078,true,1,569108
8690946270111,false,פסטה פוזלי 500 גרם B,,,פסטה פוזלי 500 גרם B,גרמים,500.00,100 גרם,false,,3.90,0.0078,true,1,569109
8690946270241,false,פסטה קונכיות גדולות,,,פסטה קונכיות גדולות,גרמים,500.00,100 גרם,false,,3.90,0.0078,true,1,569110
8690946272207,false,פסטה פנה 500 גרם BAH,,,פסטה פנה 500 גרם BAH,גרמים,500.00,100 גרם,false,,3.90,0.0078,true,1,569111
8690946272320,false,פסטה מקרוני 500 גרם,,,פסטה מקרוני 500 גרם,גרמים,500.00,100 גרם,false,,3.90,0.0078,true,1,569112
8691058141238,false,AVEL ערמונים שלמים ק,,,AVEL ערמונים שלמים ק,גרמים,100.00,100 גרם,false,,4.90,0.0490,true,1,48966
8691900174056,false,תחבושות קוטקס לילה,,,תחבושות קוטקס לילה,100 יח',16.00,100 יח',false,,16.90,1.0562,true,1,510278
8693323099107,false,יוגטה מרשמלו לבבות 1,,,יוגטה מרשמלו לבבות 1,גרמים,150.00,100 גרם,false,,6.90,0.0460,true,1,42184
8693495037853,false,זוג מברשות סלים סופט,,,זוג מברשות סלים סופט,יחידה,0.00,יחידה,false,,30.90,0.0000,true,1,21979
8694732005116,false,סבון אסלה כחול שלישי,,,סבון אסלה כחול שלישי,יחידה,0.00,יחידה,false,,10.90,0.0000,true,1,562333
8697409840454,false,מברשת מגהץ,,,מברשת מגהץ,יחידה,0.00,יחידה,false,,6.90,0.0000,true,1,255551
8697409840645,false,מגב שיש 23.5 CM,,,מגב שיש 23.5 CM,יחידה,0.00,יחידה,false,,6.90,0.0000,true,1,255523
8697409841321,false,יעה מטאטא,,,יעה מטאטא,יחידה,0.00,יחידה,false,,13.90,0.0000,true,1,255509
8697530910750,false,פאל מאל בלו ארוך,,,פאל מאל בלו ארוך,יחידה,0.00,יחידה,false,,29.00,0.0000,false,1,4192
8697530910781,false,פאל מאל רד,,,פאל מאל רד,יחידה,0.00,יחידה,false,,29.00,0.0000,false,1,4195
8697659232788,false,פרש&מור מבשם אריגים,,,פרש&מור מבשם אריגים,מיליליטרים,425.00,"100 מ""ל",false,,13.90,0.0327,true,1,11446
8697853095110,false,סט 3 קופסאות אחסון מ,,,סט 3 קופסאות אחסון מ,יחידה,0.00,יחידה,false,,24.00,0.0000,true,1,329060
8698996000207,false,מגבות נייר 1/6,,,מגבות נייר 1/6,מטרים,0.00,מטר,false,,10.90,0.0000,true,1,572761
8698996003413,false,נייר סופג 9=1 JUMB,,,נייר סופג 9=1 JUMB,יחידה,0.00,יחידה,false,,18.90,0.0000,true,1,542275
8698996006124,false,ממחטות טישו מארז 4 י,,,ממחטות טישו מארז 4 י,יחידה,0.00,יחידה,false,,17.90,0.0000,true,1,581727
8710447284117,false,אקס ג'ל רחצה בלאק 40,,,אקס ג'ל רחצה בלאק 40,מיליליטרים,400.00,"100 מ""ל",false,,11.90,0.0298,true,1,10989
8710502064814,false,מרבה עוגיות שוקוציפס,,,מרבה עוגיות שוקוציפס,גרמים,175.00,100 גרם,false,,7.90,0.0451,true,1,21997
8710502100864,false,מרבה פטיסרי דאבל שוק,,,מרבה פטיסרי דאבל שוק,גרמים,200.00,100 גרם,false,,10.90,0.0545,true,1,536337
8710502231018,false,מרבה עוגיות שוקולד צ,,,מרבה עוגיות שוקולד צ,גרמים,175.00,100 גרם,false,,8.90,0.0509,true,1,126104
8710502279010,false,מרבה עוגיות שוקולד צ,,,מרבה עוגיות שוקולד צ,גרמים,175.00,100 גרם,false,,7.90,0.0451,true,1,131280
8710502470028,false,מרבה עוגיות נוגטלי 1,,,מרבה עוגיות נוגטלי 1,גרמים,160.00,100 גרם,false,,7.90,0.0494,true,1,22006
8710800027573,false,מיני מנטוס שקית,,,מיני מנטוס שקית,גרמים,178.00,100 גרם,false,,12.90,0.0725,true,1,12948
8710800961310,false,מנטוס 1/4 תות,,,מנטוס 1/4 תות,גרמים,150.00,100 גרם,false,,10.90,0.0727,true,1,12950
8711000371244,false,ג'ייקובס קפסולות קפה,,,ג'ייקובס קפסולות קפה,גרמים,52.00,100 גרם,false,,15.90,0.3058,true,1,5191
8711700665834,false,סבון מוצק מלפפונים ד,,,סבון מוצק מלפפונים ד,גרמים,600.00,100 גרם,false,,17.90,0.0298,true,1,11057
8712400802499,false,נוטרילון שלב 1- 800,,,נוטרילון שלב 1- 800,גרמים,800.00,100 גרם,false,,64.90,0.0811,true,1,5212
8712400802512,false,נוטרילון שלב 2- 800,,,נוטרילון שלב 2- 800,גרמים,800.00,100 גרם,false,,64.90,0.0811,true,1,5214
8712400802536,false,נוטרילון שלב 3- 800,,,נוטרילון שלב 3- 800,גרמים,800.00,100 גרם,false,,64.90,0.0811,true,1,5216
8712561594608,false,תחליב רחצה להזנה עמו,,,תחליב רחצה להזנה עמו,מיליליטרים,750.00,"100 מ""ל",false,,16.90,0.0225,true,1,11066
8712561611411,false,תחליב רחצה תה ירוק ו,,,תחליב רחצה תה ירוק ו,מיליליטרים,750.00,"100 מ""ל",false,,16.90,0.0225,true,1,11068
8712561626286,false,תחליב רחצה זוהר כמשי,,,תחליב רחצה זוהר כמשי,מיליליטרים,750.00,"100 מ""ל",false,,16.90,0.0225,true,1,11070
8712561631570,false,תחליב רחצה חלב קוקוס,,,תחליב רחצה חלב קוקוס,מיליליטרים,750.00,"100 מ""ל",false,,16.90,0.0225,true,1,11072
8714599410530,false,גייקובס קפה נמס 200ג,,,גייקובס קפה נמס 200ג,גרמים,200.00,100 גרם,false,,19.90,0.0995,true,1,5196
8714599512159,false,קפה ג'ייקובס 190 גרם,,,קפה ג'ייקובס 190 גרם,גרמים,190.00,100 גרם,false,,23.90,0.1258,true,1,51804
8714599513781,false,קפה ג'יקובס גולד 200,,,קפה ג'יקובס גולד 200,גרמים,200.00,100 גרם,false,,26.90,0.1345,true,1,5200
8714599513835,false,קפה ג`יקובס נטול קופ,,,קפה ג`יקובס נטול קופ,גרמים,200.00,100 גרם,false,,33.90,0.1695,true,1,5202
8714599513866,false,קפה ג'יקובס קרונונג,,,קפה ג'יקובס קרונונג,גרמים,200.00,100 גרם,false,,26.90,0.1345,true,1,5203
8714789177229,false,מב.שיניים אקסטרא קלי,,,מב.שיניים אקסטרא קלי,יחידה,0.00,יחידה,false,,9.90,0.0000,true,1,22012
8714789218465,false,זוג מברשות שיניים 36,,,זוג מברשות שיניים 36,יחידה,0.00,יחידה,false,,24.90,0.0000,true,1,22016
8714789402918,false,חגיגת הפרחים אדום אג,,,חגיגת הפרחים אדום אג,ליטרים,1.50,ליטר,false,,19.90,13.2667,true,1,22021
8714789402932,false,אג'קס חגיגת הפרחים ו,,,אג'קס חגיגת הפרחים ו,ליטרים,1.50,ליטר,false,,19.90,13.2667,true,1,22022
8714789402970,false,אג'קס חגיגת הפרחים י,,,אג'קס חגיגת הפרחים י,ליטרים,1.50,ליטר,false,,19.90,13.2667,true,1,22023
8714789450315,false,פלמוליב שקוף לימון 1,,,פלמוליב שקוף לימון 1,ליטרים,1.50,ליטר,false,,15.90,10.6000,true,1,22025
8714789582764,false,אגקס חלונות 750מל,,,אגקס חלונות 750מל,מיליליטרים,750.00,"100 מ""ל",false,,14.90,0.0199,true,1,22031
8714789797786,false,פלמוליב לכלים 4ב1 כ,,,פלמוליב לכלים 4ב1 כ,מיליליטרים,750.00,"100 מ""ל",false,,11.90,0.0159,true,1,22038
8714789966403,false,דיאודורנט ג'ל ליידי,,,דיאודורנט ג'ל ליידי,גרמים,65.00,100 גרם,false,,17.90,0.2754,true,1,388845
8715700110141,false,מיונז היינץ אמיתי צנ,,,מיונז היינץ אמיתי צנ,גרמים,460.00,100 גרם,false,,9.90,0.0215,true,1,5408
8715700110158,false,מיונז היינץ לייט צנצ,,,מיונז היינץ לייט צנצ,גרמים,490.00,100 גרם,false,,9.90,0.0202,true,1,5409
8715700419732,false,היינץ קטשופ 700 גרם,,,היינץ קטשופ 700 גרם,גרמים,700.00,100 גרם,false,,9.90,0.0141,true,1,5416
8715700423906,false,מתבל עגבניות היינץ 2,,,מתבל עגבניות היינץ 2,גרמים,555.00,100 גרם,false,,10.90,0.0196,true,1,5424
8717163655764,false,רקסונה ספריי שאוורפר,,,רקסונה ספריי שאוורפר,מיליליטרים,150.00,"100 מ""ל",false,,13.90,0.0927,true,1,71069
8717163655825,false,רקסונה ספריי כותנה 1,,,רקסונה ספריי כותנה 1,מיליליטרים,150.00,"100 מ""ל",false,,13.90,0.0927,true,1,71070
8717163663493,false,רקסונה ספריי אקטיב ל,,,רקסונה ספריי אקטיב ל,מיליליטרים,150.00,"100 מ""ל",false,,13.90,0.0927,true,1,11113
8717163859759,false,רקסונה ספריי וורקאוא,,,רקסונה ספריי וורקאוא,מיליליטרים,150.00,"100 מ""ל",false,,13.90,0.0927,true,1,58432
8718114734484,false,מיונז מיילי 320 גרם,,,מיונז מיילי 320 גרם,גרמים,320.00,100 גרם,false,,13.90,0.0434,true,1,17252
8718951166288,false,קולגייט משחת שיניים,,,קולגייט משחת שיניים,מיליליטרים,125.00,"100 מ""ל",false,,17.90,0.1432,true,1,22077
8718951166561,false,קולגייט משחת שיניים,,,קולגייט משחת שיניים,מיליליטרים,125.00,"100 מ""ל",false,,17.90,0.1432,true,1,22078
8718951175600,false,קולגייט משחת שיניים,,,קולגייט משחת שיניים,מיליליטרים,75.00,"100 מ""ל",false,,12.90,0.1720,true,1,108371
8718951259430,false,תחליב רחצה פלמוליב נ,,,תחליב רחצה פלמוליב נ,ליטרים,1.00,ליטר,false,,18.90,18.9000,true,1,190976
8718951264618,false,קולגייט אופטיק וייט,,,קולגייט אופטיק וייט,מיליליטרים,75.00,"100 מ""ל",false,,29.90,0.3987,true,1,61351
8718951286733,false,קולגייט אופטיק וייט,,,קולגייט אופטיק וייט,מיליליטרים,75.00,"100 מ""ל",false,,29.90,0.3987,true,1,223173
8718951288492,false,מרידול משחת שיניים ב,,,מרידול משחת שיניים ב,מיליליטרים,150.00,"100 מ""ל",false,,30.90,0.2060,true,1,132390
8718951315303,false,משחת שיניים קולגייט,,,משחת שיניים קולגייט,מיליליטרים,200.00,"100 מ""ל",false,,19.90,0.0995,true,1,82558
8718951333048,false,סבון ידיים פלמוליב,,,סבון ידיים פלמוליב,מיליליטרים,300.00,"100 מ""ל",false,,9.90,0.0330,true,1,132403
8718951334090,false,סופלין מרכך כביסה מר,,,סופלין מרכך כביסה מר,מיליליטרים,650.00,"100 מ""ל",false,,11.90,0.0183,true,1,61464
8718951334151,false,סופלין מרכך כביסה מר,,,סופלין מרכך כביסה מר,מיליליטרים,650.00,"100 מ""ל",false,,11.90,0.0183,true,1,488219
8718951345119,false,אג'קס ניקוי כללי עוצ,,,אג'קס ניקוי כללי עוצ,ליטרים,2.00,ליטר,false,,22.90,11.4500,true,1,118948
8718951385290,false,אג'קס ניקוי כללי עוצ,,,אג'קס ניקוי כללי עוצ,ליטרים,2.00,ליטר,false,,22.90,11.4500,true,1,135488
8718951400597,false,תחליב רחצה קוקוס וחל,,,תחליב רחצה קוקוס וחל,מיליליטרים,750.00,"100 מ""ל",false,,19.90,0.0265,true,1,507800
8718951409798,false,קולגייט מברשת שיניים,,,קולגייט מברשת שיניים,יחידה,0.00,יחידה,false,,24.90,0.0000,true,1,165343
8718951428492,false,תחליב רחצה לגבר 4 ב-,,,תחליב רחצה לגבר 4 ב-,מיליליטרים,750.00,"100 מ""ל",false,,19.90,0.0265,true,1,347694
8718951431614,false,ג'ל רחצה פלמוליב So,,,ג'ל רחצה פלמוליב So,מיליליטרים,750.00,"100 מ""ל",false,,19.90,0.0265,true,1,223187
8718951446564,false,סבון נוזלי מומנטס עץ,,,סבון נוזלי מומנטס עץ,מיליליטרים,500.00,"100 מ""ל",false,,15.90,0.0318,true,1,410794
8718951446588,false,סבון נוזלי מומנטס סח,,,סבון נוזלי מומנטס סח,מיליליטרים,500.00,"100 מ""ל",false,,15.90,0.0318,true,1,410778
8718951461413,false,משחת שיניים קולגייט,,,משחת שיניים קולגייט,מיליליטרים,200.00,"100 מ""ל",false,,29.90,0.1495,true,1,375847
8718951466371,false,משחת שיניים מרידול 7,,,משחת שיניים מרידול 7,מיליליטרים,75.00,"100 מ""ל",false,,19.90,0.2653,true,1,534042
8718951498754,false,מברשת שיניים פלקסי פ,,,מברשת שיניים פלקסי פ,יחידה,0.00,יחידה,false,,17.90,0.0000,true,1,510785
8718951509627,false,קולגייט וואייט להסרת,,,קולגייט וואייט להסרת,יחידה,0.00,יחידה,false,,27.90,0.0000,true,1,436165
8719128117232,false,סירופ פפסי סודה סטרי,,,סירופ פפסי סודה סטרי,מיליליטרים,440.00,"100 מ""ל",false,,22.90,0.0520,true,1,156534
8719200997998,false,בלו בנד לבישול וטיגו,,,בלו בנד לבישול וטיגו,גרמים,200.00,100 גרם,false,,4.90,0.0245,true,1,11122
8719200998001,false,בלו בנד ללא מלח 200,,,בלו בנד ללא מלח 200,גרמים,200.00,100 גרם,false,,4.90,0.0245,true,1,11123
8719200998018,false,מחמאה מרגרינה בטעם ח,,,מחמאה מרגרינה בטעם ח,גרמים,200.00,100 גרם,false,,4.90,0.0245,true,1,11124
8719200998094,false,מזולה מרגרינה לאפייה,,,מזולה מרגרינה לאפייה,גרמים,200.00,100 גרם,false,,6.90,0.0345,true,1,11132
8720181046605,false,דאו' ספריי אוריגינל,,,דאו' ספריי אוריגינל,מיליליטרים,150.00,"100 מ""ל",false,,14.90,0.0993,true,1,111575
8720181123955,false,אקס ג'ל רחצה ריצ'ארג,,,אקס ג'ל רחצה ריצ'ארג,מיליליטרים,400.00,"100 מ""ל",false,,11.90,0.0298,true,1,559792
8720182256850,false,סבון מוצק לבן דאב 4*,,,סבון מוצק לבן דאב 4*,גרמים,400.00,100 גרם,false,,12.90,0.0323,true,1,509934
8723400756552,false,RAINBOW רביעית סוכרי,,,RAINBOW רביעית סוכרי,גרמים,150.00,100 גרם,false,,10.90,0.0727,true,1,12953
8801055707966,false,נס קפה טייסטרס צ'ויס,,,נס קפה טייסטרס צ'ויס,גרמים,180.00,100 גרם,false,,29.90,0.1661,true,1,19583
8801055709458,false,נסקפה קפוצ'ינו קרמל,,,נסקפה קפוצ'ינו קרמל,גרמים,170.00,100 גרם,false,,18.90,0.1112,true,1,492569
8801055709465,false,נסקפה קפוצ'ינו וניל,,,נסקפה קפוצ'ינו וניל,גרמים,185.00,100 גרם,false,,18.90,0.1022,true,1,371230
8801055709472,false,נסקפה קפוצ'ינו קלאסי,,,נסקפה קפוצ'ינו קלאסי,גרמים,185.00,100 גרם,false,,18.90,0.1022,true,1,371245
8801055709489,false,נסקפה קפוצ'ינו אגוזי,,,נסקפה קפוצ'ינו אגוזי,גרמים,185.00,100 גרם,false,,18.90,0.1022,true,1,371246
8809168840471,false,חטיף אצות מיובשות 9,,,חטיף אצות מיובשות 9,גרמים,4.50,100 גרם,false,,24.90,5.5333,true,1,401562
8850180040028,false,קמח טמפורה להכנת בלי,,,קמח טמפורה להכנת בלי,גרמים,500.00,100 גרם,false,,10.90,0.0218,true,1,47603
8850367992164,false,קרם קוקוס ללא גלוטן,,,קרם קוקוס ללא גלוטן,גרמים,250.00,100 גרם,false,,7.90,0.0316,true,1,47606
8850367994021,false,רוטב צ'ילי מתוק ללא,,,רוטב צ'ילי מתוק ללא,מיליליטרים,280.00,"100 מ""ל",false,,10.90,0.0389,true,1,547379
8850367994779,false,מחית קארי ירוקה מזרח,,,מחית קארי ירוקה מזרח,גרמים,50.00,100 גרם,false,,4.90,0.0980,true,1,546748
8850389103111,false,סאפה משקה אלוורה ענב,,,סאפה משקה אלוורה ענב,מיליליטרים,300.00,"100 מ""ל",false,,6.40,0.0213,true,1,39454
8850389104637,false,סאפה משקה אלוורה אפר,,,סאפה משקה אלוורה אפר,מיליליטרים,300.00,"100 מ""ל",false,,6.40,0.0213,true,1,39457
8850389105825,false,סאפה משקה אלוורה ענב,,,סאפה משקה אלוורה ענב,ליטרים,1.00,ליטר,false,,13.50,13.5000,true,1,39458
8850389105832,false,סאפה משקה אלוורה תפו,,,סאפה משקה אלוורה תפו,ליטרים,1.00,ליטר,false,,13.50,13.5000,true,1,39459
8850389105849,false,סאפה משקה אלוורה אפר,,,סאפה משקה אלוורה אפר,ליטרים,1.00,ליטר,false,,13.50,13.5000,true,1,39460
8850389115336,false,סאפה משקה מלון 1ל,,,סאפה משקה מלון 1ל,ליטרים,1.00,ליטר,false,,13.50,13.5000,true,1,39466
8850632604259,false,יוגטה חיספוסים מקלות,,,יוגטה חיספוסים מקלות,גרמים,50.00,100 גרם,false,,3.90,0.0780,true,1,42194
8850632604266,false,יוגטה חיספוסים מקלות,,,יוגטה חיספוסים מקלות,גרמים,50.00,100 גרם,false,,3.90,0.0780,true,1,42195
8850632604372,false,יוגטה ממתק תות שדה ב,,,יוגטה ממתק תות שדה ב,גרמים,50.00,100 גרם,false,,3.90,0.0780,true,1,42196
8850632604402,false,יוגטה ממתק תות ענבים,,,יוגטה ממתק תות ענבים,גרמים,50.00,100 גרם,false,,3.90,0.0780,true,1,42197
8858271003020,false,רוטב סויה MAXCHUP מז,,,רוטב סויה MAXCHUP מז,מיליליטרים,700.00,"100 מ""ל",false,,14.90,0.0213,true,1,47621
8858271003921,false,רוטב קארי אדום MAXCH,,,רוטב קארי אדום MAXCH,מיליליטרים,250.00,"100 מ""ל",false,,9.90,0.0396,true,1,47626
8858271004799,false,רוטב צ'ילי מתוק מזרח,,,רוטב צ'ילי מתוק מזרח,מיליליטרים,700.00,"100 מ""ל",false,,12.90,0.0184,true,1,47632
8858271005772,false,רוטב סויה ללא גלוטן,,,רוטב סויה ללא גלוטן,מיליליטרים,300.00,"100 מ""ל",false,,16.90,0.0563,true,1,401490
8888021200256,false,AAאנרג'ייזר סוללות מ,,,AAאנרג'ייזר סוללות מ,יחידה,0.00,יחידה,false,,24.90,0.0000,true,1,6140
8888021200720,false,AAAאנרג'ייזר סוללות,,,AAAאנרג'ייזר סוללות,יחידה,0.00,יחידה,false,,24.90,0.0000,true,1,6141
8901314525055,false,רביעיית מברשת שיניים,,,רביעיית מברשת שיניים,יחידה,0.00,יחידה,false,,14.90,0.0000,true,1,366242
8901537024014,false,וילי פוד אורז בסמטי,,,וילי פוד אורז בסמטי,גרמים,1000.00,100 גרם,false,,12.90,0.0129,true,1,3315
8901537076679,false,אורז בסמטי חום מלא 1,,,אורז בסמטי חום מלא 1,קילוגרמים,1.00,"ק""ג",false,,13.90,13.9000,true,1,3316
8934868127130,false,נוזל כלים סאן בניחוח,,,נוזל כלים סאן בניחוח,מיליליטרים,750.00,"100 מ""ל",false,,9.90,0.0132,true,1,156509
8934878081811,false,דפים על בסיס קמח טפי,,,דפים על בסיס קמח טפי,גרמים,400.00,100 גרם,false,,11.90,0.0298,true,1,47636
9000101372878,false,פרסיל דיסקס לכביסה ל,,,פרסיל דיסקס לכביסה ל,יח',22.00,יח',false,,34.90,1.5864,true,1,174827
9000101511635,false,פרסיל דיסקס סנסיטיב,,,פרסיל דיסקס סנסיטיב,יח',22.00,יח',false,,34.90,1.5864,true,1,469859
9000101515596,false,פרסיל פאוור קאפס קפס,,,פרסיל פאוור קאפס קפס,יחידה,0.00,יחידה,false,,58.90,0.0000,true,1,211854
9000101537550,false,פרסיל פאוור קאפס קפס,,,פרסיל פאוור קאפס קפס,יחידה,0.00,יחידה,false,,58.90,0.0000,true,1,453422
9001616203367,false,מאמ פטמה שלב 2,,,מאמ פטמה שלב 2,יחידה,0.00,יחידה,false,,28.90,0.0000,true,1,1100
9001616203626,false,MAM- פטמות לבקבוק,,,MAM- פטמות לבקבוק,יחידה,0.00,יחידה,false,,28.90,0.0000,true,1,1101
9002859042522,false,שוקולד חלב 100 גרם ג,,,שוקולד חלב 100 גרם ג,גרמים,100.00,100 גרם,false,,9.90,0.0990,true,1,528117
9002859050763,false,חיפושיות שוקולד ברשת,,,חיפושיות שוקולד ברשת,גרמים,100.00,100 גרם,false,,9.90,0.0990,true,1,528279
9002859058172,false,בננה ציפוי שוקולד מר,,,בננה ציפוי שוקולד מר,גרמים,300.00,100 גרם,false,,14.90,0.0497,true,1,528585
9002859077678,false,שוקולד לבן 100 גרם,,,שוקולד לבן 100 גרם,גרמים,100.00,100 גרם,false,,9.90,0.0990,true,1,528149
9002975393836,false,סוכריות גומי בטעם קו,,,סוכריות גומי בטעם קו,גרמים,70.00,100 גרם,false,,6.90,0.0986,true,1,154632
9002975393843,false,סוכריות גומי בטעמי פ,,,סוכריות גומי בטעמי פ,גרמים,70.00,100 גרם,false,,6.90,0.0986,true,1,154633
9002975393850,false,סוכריות גומי בטעמי פ,,,סוכריות גומי בטעמי פ,גרמים,70.00,100 גרם,false,,6.90,0.0986,true,1,154634
9005835312626,false,קלרו טבליות למדיח כל,,,קלרו טבליות למדיח כל,יחידה,0.00,יחידה,false,,47.90,0.0000,true,1,11449
9005835312640,false,קלרו טבליות למדיח כל,,,קלרו טבליות למדיח כל,יחידה,0.00,יחידה,false,,66.90,0.0000,true,1,11450
9028800639962,false,אדלוויס הפרטובה בירת,,,אדלוויס הפרטובה בירת,מיליליטרים,330.00,"100 מ""ל",false,,10.90,0.0330,true,1,579532
9310072028743,false,טים טם אוריגינל 200,,,טים טם אוריגינל 200,גרמים,200.00,100 גרם,false,,19.90,0.0995,true,1,13881
9310072028750,false,טים טם קרם דאבל 200,,,טים טם קרם דאבל 200,גרמים,200.00,100 גרם,false,,19.90,0.0995,true,1,13882
9322969000015,false,פריכיות תירס בטעם או,,,פריכיות תירס בטעם או,גרמים,150.00,100 גרם,false,,12.80,0.0853,true,1,6146
9322969000039,false,פריכיות תירס עם 4 דג,,,פריכיות תירס עם 4 דג,גרמים,150.00,100 גרם,false,,12.80,0.0853,true,1,6148
9414202045911,false,תיק צדנית 5.5 ליטר,,,תיק צדנית 5.5 ליטר,יחידה,0.00,יחידה,false,,49.90,0.0000,true,1,502126
9720188050109,false,טופוטי ממרח טופו בטע,,,טופוטי ממרח טופו בטע,גרמים,225.00,100 גרם,false,,19.90,0.0884,true,1,6762
9720188060108,false,טופוטי ממרח טופו בטע,,,טופוטי ממרח טופו בטע,גרמים,340.00,100 גרם,false,,19.90,0.0585,true,1,6763
9771565038319,false,ידיעות אחרונות יום א,,,ידיעות אחרונות יום א,יחידה,0.00,יחידה,false,,0.50,0.0000,true,1,9996
9771565038326,false,ידיעות אחרונות יום ב,,,ידיעות אחרונות יום ב,יחידה,0.00,יחידה,false,,0.50,0.0000,true,1,9997
9771565038333,false,ידיעות אחרונות יום ג,,,ידיעות אחרונות יום ג,יחידה,0.00,יחידה,false,,0.50,0.0000,true,1,9998
9771565038340,false,ידיעות אחרונות יום ד,,,ידיעות אחרונות יום ד,יחידה,0.00,יחידה,false,,0.50,0.0000,true,1,9999
9771565038357,false,ידיעות אחרונות יום ה,,,ידיעות אחרונות יום ה,יחידה,0.00,יחידה,false,,0.50,0.0000,true,1,10000
9771565051066,false,ידיעות אחרונות יום ו,,,ידיעות אחרונות יום ו,יחידה,0.00,יחידה,false,,12.00,0.0000,true,1,10012
