code,internal_code,name,manufacturer_name,manufacture_country,manufacturer_item_description,unit_qty,quantity,unit_of_measure,weighted,qty_in_package,price,unit_of_measure_price,allow_discount,status,item_id
1,true,אבוקדו,ביכורי השדה הצפון בעמ` 1964,,,"ק""ג",1,,true,1,14.90,14.90,false,1,
2,true,לוף,ביכורי השדה הצפון בעמ` 1964,,,"ק""ג",1,,true,1,12.90,12.90,false,1,
3,true,קישוא זוקיני,ביכורי השדה הצפון בעמ` 1964,,,"ק""ג",1,,true,1,9.90,9.90,false,1,
5,true,אבטיח,ביכורי השדה הצפון בעמ` 1964,,,"ק""ג",0,"ל-100 מ""ל",true,1,7.90,7.90,false,1,
6,true,קישואים,ביכורי השדה הצפון בעמ` 1964,,,"ק""ג",1,,true,1,9.90,9.90,false,1,
7,true,תירס ארוז,ביכורי השדה הצפון בעמ` 1964,,,"ק""ג",3.50,ל-100 גרם,true,1,9.90,2.83,false,1,
8,true,שעועית ירוקה,ביכורי השדה הצפון בעמ` 1964,,,"ק""ג",0,"ק""ג",true,1,14.90,14.90,false,1,
9,true,אשכולית אדומה,ביכורי השדה הצפון בעמ` 1964,,,"ק""ג",1,,true,1,6.90,6.90,false,1,
10,true,אגס,ביכורי השדה הצפון בעמ` 1964,,,"ק""ג",7.50,ל-100 גרם,true,1,12.90,1.72,false,1,
11,true,מנגו,ביכורי השדה הצפון בעמ` 1964,,,"ק""ג",1,,true,1,12.90,12.90,false,1,
13,true,"קסביה\תפו""א ירושלמי",ביכורי השדה הצפון בעמ` 1964,,,'יח,1,,true,1,14.90,14.90,false,1,
15,true,אבטיח אישי,ביכורי השדה הצפון בעמ` 1964,,,"ק""ג",1,,true,1,6.90,6.90,false,1,
16,true,קובו,ביכורי השדה הצפון בעמ` 1964,,,"ק""ג",1,,true,1,19.90,19.90,false,1,
17,true,תו זיכוי,,,,'יח,1,,false,1,4.90,4.90,false,1,
18,true,אגס אדום,ביכורי השדה הצפון בעמ` 1964,,,"ק""ג",1,,true,1,14.90,14.90,false,1,
22,true,גינגר,ביכורי השדה הצפון בעמ` 1964,,,'יח,1,,true,1,29.90,29.90,false,1,
30,true,אפרסמון,ביכורי השדה הצפון בעמ` 1964,,,"ק""ג",1,,true,1,14.90,14.90,false,1,
33,true,שקית,רזפול בע`מ,,,'יח,1,,false,1,0.10,0.10,false,1,
40,true,אשכולית צהובה,ביכורי השדה הצפון בעמ` 1964,,,"ק""ג",1,,true,1,8.90,8.90,false,1,
55,true,בננה,ביכורי השדה הצפון בעמ` 1964,,,"ק""ג",1,,true,1,7.90,7.90,false,1,
60,true,בצל יבש,ביכורי השדה הצפון בעמ` 1964,,,"ק""ג",1,,true,1,3.90,3.90,false,1,
61,true,בצל יבש סגול,ביכורי השדה הצפון בעמ` 1964,,,"ק""ג",1,,true,1,8.90,8.90,false,1,
75,true,בטטה,ביכורי השדה הצפון בעמ` 1964,,,"ק""ג",1,,true,1,8.90,8.90,false,1,
80,true,גואיבה,ביכורי השדה הצפון בעמ` 1964,,,"ק""ג",1,,true,1,15.90,15.90,false,1,
85,true,גזר ארוז,ביכורי השדה הצפון בעמ` 1964,,,"ק""ג",1,,true,1,5.90,5.90,false,1,
95,true,דלעת,ביכורי השדה הצפון בעמ` 1964,,,"ק""ג",1,,true,1,10.90,10.90,false,1,
99,true,סופגניה,אסול אוכל איכותי בעמ,,,'יח,1,,false,1,3.90,3.90,false,1,
100,true,דלורית,ביכורי השדה הצפון בעמ` 1964,,,"ק""ג",1,,true,1,7.90,7.90,false,1,
111,true,פקדון בקבוק חוזר,טמפו משקאות בע`מ,,,'יח,1,,false,1,1.20,1.20,false,1,
112,true,חצילים,ביכורי השדה הצפון בעמ` 1964,,,"ק""ג",1,,true,1,7.90,7.90,false,1,
115,true,חסה ערבית,ביכורי השדה הצפון בעמ` 1964,,,'יח,1,,false,1,5.90,5.90,false,1,
117,true,חסה עגולה,ביכורי השדה הצפון בעמ` 1964,,,'יח,1,,false,1,6.90,6.90,false,1,
120,true,כרוב אדום,ביכורי השדה הצפון בעמ` 1964,,,"ק""ג",1,,true,1,4.90,4.90,false,1,
121,true,כרוב לבן,ביכורי השדה הצפון בעמ` 1964,,,"ק""ג",1,,true,1,4.90,4.90,false,1,
130,true,כרובית,ביכורי השדה הצפון בעמ` 1964,,,"ק""ג",1,,true,1,9.90,9.90,false,1,
131,true,דלעת ערמונים,ביכורי השדה הצפון בעמ` 1964,,,"ק""ג",1,,true,1,14.90,14.90,false,1,
135,true,לימון,ביכורי השדה הצפון בעמ` 1964,,,"ק""ג",1,,true,1,7.90,7.90,false,1,
138,true,ברוקולי ארוז,ביכורי השדה הצפון בעמ` 1964,,,'יח,1,,false,1,9.90,9.90,false,1,
150,true,מלון,ביכורי השדה הצפון בעמ` 1964,,,"ק""ג",1,,true,1,7.90,7.90,false,1,
155,true,מלפפון,ביכורי השדה הצפון בעמ` 1964,,,"ק""ג",1,,true,1,6.90,6.90,false,1,
205,true,סלק אדום,ביכורי השדה הצפון בעמ` 1964,,,"ק""ג",1,,true,1,5.90,5.90,false,1,
215,true,עגבניות,ביכורי השדה הצפון בעמ` 1964,,,"ק""ג",0,"ק""ג",true,1,6.90,6.90,false,1,
217,true,שום טרי ירוק,ביכורי השדה הצפון בעמ` 1964,,,"ק""ג",1,,true,1,19.90,19.90,false,1,
222,true,פקדון בקבוק,החברה המרכזית להפצת משקאות בע`,,,'יח,1,,false,1,0.30,0.30,false,1,
230,true,פלפל שושקה,ביכורי השדה הצפון בעמ` 1964,,,"ק""ג",1,,true,1,15.90,15.90,false,1,
231,true,ענב שחור,ביכורי השדה הצפון בעמ` 1964,,,"ק""ג",10,ל-100 גרם,true,1,19.90,1.99,false,1,
234,true,סל רב פעמי סופר ברקת,סימה,,,'יח,10,ל-100 גרם,false,1,3.90,0.39,true,1,
245,true,פומלית,ביכורי השדה הצפון בעמ` 1964,,,"ק""ג",10,ל-100 גרם,true,1,6.90,0.69,false,1,
250,true,פומלה,ביכורי השדה הצפון בעמ` 1964,,,"ק""ג",1,,true,1,6.90,6.90,false,1,
269,true,עגבניה מגי,ביכורי השדה הצפון בעמ` 1964,,,'יח,1,,false,1,16.90,16.90,false,1,
285,true,פלפל אדום,ביכורי השדה הצפון בעמ` 1964,,,"ק""ג",1,,true,1,9.90,9.90,false,1,
290,true,פלפל ירוק כהה,ביכורי השדה הצפון בעמ` 1964,,,"ק""ג",1,,true,1,7.90,7.90,false,1,
295,true,פלפל צהוב,ביכורי השדה הצפון בעמ` 1964,,,"ק""ג",1,,true,1,9.90,9.90,false,1,
301,true,חבושים,ביכורי השדה הצפון בעמ` 1964,,,"ק""ג",1,,true,1,15.90,15.90,false,1,
305,true,פלפל בהיר,ביכורי השדה הצפון בעמ` 1964,,,"ק""ג",1,,true,1,8.90,8.90,false,1,
310,true,פלפל חריף ירוק,ביכורי השדה הצפון בעמ` 1964,,,"ק""ג",1,,true,1,9.90,9.90,false,1,
333,true,פיקדון שישייה,יפאורה - שותפות מוגבלת לשיווק,,,'יח,0,'יח,false,1,1.80,1.80,false,1,
335,true,קולורבי,ביכורי השדה הצפון בעמ` 1964,,,"ק""ג",1,,true,1,7.90,7.90,false,1,
344,true,גזר בתפזורת,ביכורי השדה הצפון בעמ` 1964,,,"ק""ג",1,,true,1,6.90,6.90,false,1,
345,true,קיווי,ביכורי השדה הצפון בעמ` 1964,,,"ק""ג",1,,true,1,15.90,15.90,false,1,
360,true,קלמנטינה,ביכורי השדה הצפון בעמ` 1964,,,"ק""ג",1,,true,1,7.90,7.90,false,1,
365,true,רימון,ביכורי השדה הצפון בעמ` 1964,,,"ק""ג",1,,true,1,10.90,10.90,false,1,
374,true,פטריות שמפניון,ביכורי השדה הצפון בעמ` 1964,,,'יח,1,,false,1,9.90,9.90,false,1,
375,true,שום יבש,ביכורי השדה הצפון בעמ` 1964,,,'יח,1,,false,1,5.90,5.90,false,1,
380,true,שומר,ביכורי השדה הצפון בעמ` 1964,,,"ק""ג",1,,true,1,8.90,8.90,false,1,
395,true,שסק,ביכורי השדה הצפון בעמ` 1964,,,"ק""ג",0,"ק""ג",true,1,24.90,24.90,false,1,
415,true,שזיף אדום,ביכורי השדה הצפון בעמ` 1964,,,"ק""ג",1,,true,1,19.90,19.90,false,1,
419,true,תפוח אדמה לאפיה,ביכורי השדה הצפון בעמ` 1964,,,"ק""ג",1,,true,1,5.90,5.90,false,1,
426,true,חלה מתוקה ויזניץ,חלות ויניץ,,,'יח,1,,false,1,19.90,19.90,false,1,
430,true,עגבניה שרי תפזורת מנומר,ביכורי השדה הצפון בעמ` 1964,,,"ק""ג",1,,true,1,19.90,19.90,false,1,
431,true,עגבניות שרי תמר תפזורת,ביכורי השדה הצפון בעמ` 1964,,,"ק""ג",1,,true,1,19.90,19.90,false,1,
443,true,תפוח עץ גלה,ביכורי השדה הצפון בעמ` 1964,,,"ק""ג",1,,true,1,10.90,10.90,false,1,
450,true,תפוזים,ביכורי השדה הצפון בעמ` 1964,,,"ק""ג",1,,true,1,6.90,6.90,false,1,
451,true,ת. עץ פינק קריספי,ביכורי השדה הצפון בעמ` 1964,,,"ק""ג",1,,true,1,16.90,16.90,false,1,
454,true,תפוז ברשת,ביכורי השדה הצפון בעמ` 1964,,,"ק""ג",1,,true,1,4.90,4.90,false,1,
471,true,תפוח אדמה אדום ארוז,ביכורי השדה הצפון בעמ` 1964,,,"ק""ג",1,,true,1,5.90,5.90,false,1,
472,true,תפוח אדמה לבן,ביכורי השדה הצפון בעמ` 1964,,,"ק""ג",1,,true,1,3.90,3.90,false,1,
490,true,ת.עץ סמיט,ביכורי השדה הצפון בעמ` 1964,,,"ק""ג",1,,true,1,10.90,10.90,false,1,
491,true,ת.עץ זהוב,ביכורי השדה הצפון בעמ` 1964,,,"ק""ג",1,,true,1,10.90,10.90,false,1,
492,true,ת.עץ חרמון,ביכורי השדה הצפון בעמ` 1964,,,"ק""ג",1,,true,1,10.90,10.90,false,1,
494,true,תפוח-אדמה לבן בתפז`,ביכורי השדה הצפון בעמ` 1964,,,"ק""ג",1,,true,1,5.90,5.90,false,1,
496,true,תפוח-אדמה אדום בתפז`,ביכורי השדה הצפון בעמ` 1964,,,"ק""ג",1,,true,1,6.90,6.90,false,1,
503,true,אפרסמון קרמבו,ביכורי השדה הצפון בעמ` 1964,,,"ק""ג",10,ל-100 גרם,true,1,14.90,1.49,false,1,
511,true,כוסברה /שמיר/נענע/פטרוזליה,ביכורי השדה הצפון בעמ` 1964,,,'יח,1,,false,1,3.90,3.90,false,1,
526,true,תפוח אדמה קטן ברשת,ביכורי השדה הצפון בעמ` 1964,,,"ק""ג",1,,true,1,4.90,4.90,false,1,
555,true,פיקדון רביעייה,ברקת,,,'יח,1,,false,1,1.20,1.20,false,1,
572,true,מיני דלעת,ביכורי השדה הצפון בעמ` 1964,,,"ק""ג",0,"ק""ג",true,1,12.90,12.90,false,1,
580,true,חלה רגילה,מאפיית י.את א. ברמן בעמ,,,'יח,5,ל-100 גרם,false,1,4.90,0.98,false,1,
588,true,חלה מתוקה,אסול אוכל איכותי בעמ,,,'יח,5,ל-100 גרם,false,1,14.40,2.88,false,1,
777,true,זיכוי אריזה,ברקת,,,'יח,1,,true,1,0.01,0.01,false,1,
985,true,פטרוזיליה גוש קטיף,ביכורי השדה הצפון בעמ` 1964,,,'יח,1,,false,1,5.90,5.90,false,1,
1010,true,פיקדון 30 אג`זיכוי לקוח,ברקת,,,'יח,1,,false,1,0.30,0.30,false,1,
1020,true,פיקדון 1.2 זיכוי לקוח,ברקת,,,'יח,1,,false,1,1.20,1.20,false,1,
1029,true,צילי חריף,ביכורי השדה הצפון בעמ` 1964,,,'יח,1,,false,1,7.90,7.90,false,1,
1155,true,דוח מכר,עאמר יוסף,,,'יח,1,,false,1,24.90,24.90,false,1,
3343,true,משלוח,ברקת,,,'יח,1,,false,1,30,30,false,1,
6767,true,חלות מאפית ברקת,אסול אוכל איכותי בעמ,,,'יח,1,,false,1,11.10,11.10,true,1,
7993,true,מארז 5 לחמניות,אסול אוכל איכותי בעמ,,,'יח,1,,false,1,14.40,14.40,false,1,
10013,true,בגט לבן ארוך,אסול אוכל איכותי בעמ,,,'יח,1,,false,1,6.20,6.20,true,1,
23809,true,יין קלאסיק קברנה סובניון,טמפו משקאות בע`מ,,,'יח,7.50,"ל-100 מ""ל",false,1,31.90,4.21,true,1,
35485,true,רבע כבש טרי,באסם דבאח בעמ,,,"ק""ג",1,,true,1,99.90,99.90,false,1,
40974,true,חלב מפוסטר דל לקטוז 2%,תנובה חלב,,,'יח,10,"ל-100 מ""ל",false,1,6.90,0.69,false,1,
41452,true,קוטג% `9מהדרין,תנובה חלב,,,'יח,2.50,ל-100 גרם,false,1,5.60,2.24,false,1,
42015,true,חלב 3% שקית מהדרין,תנובה חלב,,,'יח,10,"ל-100 מ""ל",false,1,5.43,0.54,false,1,
42404,true,חלב 3% מעושר 1 ליטר שקית מהדרין,שטראוס גרופ בע`מ,,,'יח,10,"ל-100 מ""ל",false,15,5.90,0.59,false,1,
43012,true,שוקו עמיד בקרטון תנובה 250 מל`,תנובה חלב,,,'יח,2.50,"ל-100 מ""ל",false,1,4.90,1.96,false,1,
46327,true,גבינה צהובה גלבוע פרוס 200 גר`,תנובה חלב,,,'יח,2,ל-100 גרם,false,1,12.90,6.45,false,1,
47546,true,גבינת כנען 5% 500 גר`,תנובה חלב,,,'יח,5,ל-100 גרם,false,1,24.70,4.94,false,1,
51352,true,חלב של פעם ליטר,תנובה חלב,,,'יח,10,"ל-100 מ""ל",false,1,7.90,0.79,false,1,
60781,true,פסטה מסולסלים 500 גרם,קבוצת אסם סחר,,,'יח,5,ל-100 גרם,false,1,5.90,1.18,true,1,
60880,true,פסטה ספגטי 8 500 גרם,קבוצת אסם סחר,,,'יח,5,ל-100 גרם,false,1,5.90,1.18,true,1,
60958,true,איטריות בינוניות 400 גר`,קבוצת אסם סחר,,,'יח,4,ל-100 גרם,false,1,6.90,1.73,true,1,
61764,true,נסקפה רד מאג 200 גרם,קבוצת אסם סחר,,,'יח,2,ל-100 גרם,false,1,19.90,9.95,true,1,
65557,true,מנה חמה קוסקוס 84 גרם,קבוצת אסם סחר,,,'יח,8.40,ל-100 גרם,false,1,6.90,0.82,true,1,
66431,true,פופקו חטיף תירס 80 גרם,קבוצת אסם סחר,,,'יח,0.80,ל-100 גרם,false,1,3.90,4.88,true,1,
68343,true,פרכיות אורז,קבוצת אסם סחר,,,'יח,1.40,ל-100 גרם,false,1,7.90,5.64,false,1,
69364,true,פירכונים אורז,קבוצת אסם סחר,,,'יח,1.40,ל-100 גרם,false,1,7.90,5.64,false,1,
72623,true,"קטשופ אסם 750 מ""ל",קבוצת אסם סחר,,,'יח,7.50,ל-100 גרם,false,1,11.90,1.59,true,1,
72753,true,טסטר ציויס 200 גרם,קבוצת אסם סחר,,,'יח,2,ל-100 גרם,false,1,29.90,14.95,false,1,
72968,true,סיני מיניס מפלצות 500 גר`,קבוצת אסם סחר,,,'יח,5,ל-100 גרם,false,1,19.90,3.98,true,1,
85173,true,גטניו בר שוקו 400 גר`,מ.ד אטיאס סוכנויות מזון בע`מ,,,'יח,4,ל-100 גרם,false,1,7.90,1.98,false,1,
100128,true,מיקס פירות קפואים,תנובה מרכז שיתופי לשיווק תוצרת,,,'יח,3,ל-100 גרם,false,1,16.90,5.63,true,1,
101132,true,לקט קטניות לחמין 800 גרם,תנובה מרכז שיתופי לשיווק תוצרת,,,'יח,8,ל-100 גרם,false,1,23.50,2.94,false,1,
101927,true,אוכמניות כחולות מוקפא,תנובה מרכז שיתופי לשיווק תוצרת,,,'יח,3,ל-100 גרם,false,1,16.90,5.63,true,1,
101934,true,לקט פירות יער קפוא 300 גר`,תנובה מרכז שיתופי לשיווק תוצרת,,,'יח,3,ל-100 גרם,false,1,16.90,5.63,true,1,
101958,true,מנגו מוקפא סנפרוסט,תנובה מרכז שיתופי לשיווק תוצרת,,,'יח,3,ל-100 גרם,false,1,16.90,5.63,true,1,
104201,true,אפונה עדינה קפואה 600 גרם,תנובה מרכז שיתופי לשיווק תוצרת,,,'יח,6,ל-100 גרם,false,1,17.90,2.98,true,1,
111186,true,מיונז אמיתי תלמה 500 גרם,יוניליוור ישראל שיווק בע`מ,,,'יח,5,ל-100 גרם,false,1,9.90,1.98,false,1,
111353,true,מיונז צנצנת 1 קג`,יוניליוור ישראל שיווק בע`מ,,,'יח,10,ל-100 גרם,false,1,16.90,1.69,false,1,
118277,true,קניידל אבקה להכנת כופתאות מצה 130גר כש,יוניליוור ישראל שיווק בע`מ,,,'יח,1.30,ל-100 גרם,false,1,11.90,9.15,false,1,
120836,true,מיונז הלמנס אמיתי צנצנת 394 גרם,יוניליוור ישראל שיווק בע`מ,,,'יח,3.94,ל-100 גרם,false,1,11.90,3.02,false,1,
120874,true,מיונז הלמנס מופחת קלוריות 424 גרם,יוניליוור ישראל שיווק בע`מ,,,'יח,4.24,ל-100 גרם,false,1,11.90,2.81,false,1,
122335,true,שמפו פינוק לשיער יבש,יוניליוור ישראל שיווק בע`מ,,,'יח,1,,false,1,12.80,12.80,false,1,
124841,true,שוקולד חלב חלבי בד`צ 3*100 גר כשלפ,יוניליוור ישראל שיווק בע`מ,,,'יח,3,ל-100 גרם,false,1,14.90,4.97,false,1,
134376,true,פפריקה בשמן,תבליני טעם וריח,,,'יח,1,,false,1,9.90,9.90,true,1,
134680,true,קימל שלם,תבליני טעם וריח,,,'יח,1,,false,1,6.90,6.90,false,1,
134833,true,כמון טחון,תבליני טעם וריח,,,'יח,1,,false,1,9.90,9.90,true,1,
134840,true,כורכום טחון,תבליני טעם וריח,,,'יח,1,,false,1,9.90,9.90,true,1,
134871,true,פלפל שחור טחון,תבליני טעם וריח,,,'יח,1,,false,1,12.90,12.90,true,1,
134987,true,פלפל שחור גרוס,תבליני טעם וריח,,,'יח,1,,false,1,12.90,12.90,true,1,
135045,true,משקה אנרגיה XL תפוח מוגז פחית 250 מל,טמפו משקאות בע`מ,,,'יח,2.50,"ל-100 מ""ל",false,24,4.90,1.84,true,1,
135052,true,משקה אנרגיה XL מנגו מוגז פחית 250 מל,טמפו משקאות בע`מ,,,'יח,2.50,"ל-100 מ""ל",false,24,4.90,1.84,true,1,
135113,true,משקה אנרגיה XL מוגז פחית 250 מל נענע ל,טמפו משקאות בע`מ,,,'יח,2.50,"ל-100 מ""ל",false,24,4.90,1.84,true,1,
135342,true,"סודה טמפו 500 מ""ל",טמפו משקאות בע`מ,,,'יח,5,"ל-100 מ""ל",false,1,2.90,0.52,false,1,
135595,true,פפסי מקס דובדבן 1.5 ליטר פיקדון,טמפו משקאות בע`מ,,,'יח,15,"ל-100 מ""ל",false,12,7.80,0.50,false,1,
143187,true,הוואי שמפו+מרכך לגבר 700 מ`ל,הנקל סוד בע`מ,,,'יח,7,"ל-100 מ""ל",false,12,9.90,1.41,false,1,
143194,true,הוואי שמפו+מרכך לשיער רגיל 700מ`ל,הנקל סוד בע`מ,,,'יח,7,"ל-100 מ""ל",false,12,9.90,1.41,false,1,
143217,true,הוואי שמפו לשיער יבש ומסולסל 700 מ`ל,הנקל סוד בע`מ,,,'יח,7,"ל-100 מ""ל",false,12,9.90,1.41,false,1,
143279,true,הוואי שמפו נגד קשקשים 700 מ`ל,הנקל סוד בע`מ,,,'יח,7,"ל-100 מ""ל",false,12,9.90,1.41,false,1,
144160,true,שמן זית כתית מעולה 750 מל עץ הזית מודג,סוגת,,,'יח,7.50,"ל-100 מ""ל",false,1,32.90,4.39,true,1,
144467,true,שמן חמניות בריאות 1 ליטר,סוגת,,,'יח,10,,false,1,16.90,1.69,false,1,
144474,true,שמן קנולה בריאות 1 ליטר,סוגת,,,'יח,10,"ל-100 מ""ל",false,1,16.90,1.69,false,1,
161358,true,מיונז אמיתי משמן קנולה 500 גרם,יוניליוור ישראל שיווק בע`מ,,,'יח,5,ל-100 גרם,false,1,12.90,2.58,false,1,
168173,true,ברנפלקס 375 גרם,יוניליוור ישראל שיווק בע`מ,,,'יח,3.75,ל-100 גרם,false,1,22.90,6.11,false,1,
185224,true,סילאן לחיץ 650 גר`,תה ויסוצקי בע`מ,,,'יח,6.50,ל-100 גרם,false,1,15.90,2.45,true,1,
185330,true,סילאן טבעי 900 גר`,תה ויסוצקי בע`מ,,,'יח,9,ל-100 גרם,false,1,23.90,2.66,true,1,
187921,true,לילי נייר טואלט לבן קלאסי 32 גלילים,חוגלה קימברלי שיווק בע`מ,,,'יח,19.69,ל-100 גרם,false,1,39.90,2.03,false,1,
187938,true,לילי נייר טואלט פסטל 32 גלילים,חוגלה קימברלי שיווק בע`מ,,,'יח,19.69,ל-100 גרם,false,1,39.90,2.03,false,1,
189659,true,ניקול מטליות לחות לרצפה,חוגלה קימברלי שיווק בע`מ,,,'יח,1,,false,12,10.90,10.90,true,1,
197456,true,פרידום דריי שלב 4 44 יח`,חוגלה קימברלי שיווק בע`מ,,,'יח,1,'יח,false,4,43.90,43.90,false,1,
204215,true,ניקול כרית יפנית אריזת 6יח,חוגלה קימברלי שיווק בע`מ,,,'יח,1,,false,24,10.90,10.90,true,1,
208312,true,גרעיני תירס מתוק בואקום 325 גרם,זנלכול יכין,,,'יח,3.25,ל-100 גרם,false,1,6.50,2,true,1,
208336,true,רסק עגבניות טרי 240 גרם,זנלכול יכין,,,'יח,2.60,ל-100 גרם,false,1,4.90,1.88,true,1,
209012,true,חומץ טבעי 1 ליטר,זנלכול יכין,,,'יח,10,"ל-100 מ""ל",false,1,6.90,0.69,true,1,
209043,true,מיץ לימון משומר 1 ליטר,זנלכול יכין,,,'יח,10,"ל-100 מ""ל",false,1,6.90,0.69,true,1,
209579,true,סירופ דיאט אננס 1 ליטר,זנלכול יכין,,,'יח,1,,false,1,16.90,16.90,false,1,
209722,true,רסק עגבניות פריכוז 580 גרם,זנלכול יכין,,,'יח,5.80,ל-100 גרם,false,1,10.90,1.88,false,1,
209944,true,רוטב עגבניות לשקשוקה 240 גרם,זנלכול יכין,,,'יח,2.60,ל-100 גרם,false,1,5.90,2.27,true,1,
209951,true,רוטב עגבניות לפיצה 240 גרם,זנלכול יכין,,,'יח,2.60,ל-100 גרם,false,1,5.90,2.27,true,1,
211169,true,אורז תאילנדי אחד אחד 1 קג,סוגת,,,'יח,10,ל-100 גרם,false,1,6.90,0.69,true,1,
238173,true,בורקס גבינה 800 גרם קפוא,תנובה מרכז שיתופי לשיווק תוצרת,,,'יח,8,ל-100 גרם,false,14,19.90,2.49,false,1,
238180,true,בורקס תפו`א 800 גרם קפוא,תנובה מרכז שיתופי לשיווק תוצרת,,,'יח,8,ל-100 גרם,false,12,19.90,2.49,false,1,
245089,true,מרכך כביסה סוד סגול 4 ליטר,גורי שיווק,,,'יח,40,"ל-100 מ""ל",false,6,17.90,0.45,false,1,
245157,true,מרכך כביסה סוד סנסיישין 4 ליטר,גורי שיווק,,,'יח,40,"ל-100 מ""ל",false,1,17.90,0.45,false,1,
245294,true,פרסיל א.כביסה שקית 2.5קג,גורי שיווק,,,'יח,25,ל-100 גרם,false,6,27.90,1.12,true,1,
245782,true,מרכך כביסה סוד ורוד 4 ליטר,גורי שיווק,,,'יח,40,"ל-100 מ""ל",false,6,17.90,0.45,false,1,
245799,true,מרכך כביסה סוד תכלת 4 ליטר,גורי שיווק,,,'יח,40,"ל-100 מ""ל",false,6,17.90,0.45,false,1,
272726,true,חומץ טבעי 1 ליטר עסיס 5% כל`פ,קבוצת אסם סחר,,,'יח,10,"ל-100 מ""ל",false,1,6.90,0.69,false,1,
283854,true,פילה מדומה טרי,בלדי בע`מ,,,"ק""ג",1,,true,1,59.90,59.90,true,1,
286549,true,מטלית לכל 9 יח רב שימושית,החב. הדרומית לשיווק,,,'יח,1,,false,24,10.90,10.90,false,1,
288017,true,סנו JAVEL אקונומיקה בריח לימון 1 ליט,החב. הדרומית לשיווק,,,'יח,10,"ל-100 מ""ל",false,12,8.90,0.89,false,1,
288048,true,סנו Javel קצף ניקוי מונטבלאן 1 ליטר,החב. הדרומית לשיווק,,,'יח,10,"ל-100 מ""ל",false,12,18.90,1.89,true,1,
288079,true,סנו ג`אוול אקונומיקה בריח לימון 2 ליטר,החב. הדרומית לשיווק,,,'יח,2,לליטר,false,1,10.90,5.45,false,1,
289069,true,סנו Javel קצף ניקוי לימון 1 ליטר,החב. הדרומית לשיווק,,,'יח,10,"ל-100 מ""ל",false,12,18.90,1.89,true,1,
289236,true,K3 פיתיון ג`ל קוטל נמלים 12 גר,החב. הדרומית לשיווק,,,'יח,0.12,ל-100 גרם,false,1,49.90,415.83,false,1,
289748,true,סנו פורטה פלוס לתנורים 750 מ``ל,החב. הדרומית לשיווק,,,'יח,7.50,"ל-100 מ""ל",false,12,14.90,1.99,true,1,
289885,true,מטהר אויר סנופרש יבש אושן בריז 375 מ,החב. הדרומית לשיווק,,,'יח,3.75,"ל-100 מ""ל",false,12,10.90,2.91,false,1,
292007,true,K3 פיתיון ג`ל קוטל נמלים 12 גר,החב. הדרומית לשיווק,,,'יח,0.12,ל-100 גרם,false,1,49.90,415.83,false,1,
292564,true,אינסקטל K2000 סנו נגד חרקים 750 סמ``,החב. הדרומית לשיווק,,,'יח,7.50,"ל-100 מ""ל",false,12,29.90,3.99,false,1,
293073,true,מרכך כביסה סנו מקסימה ביו לבן 4 ליטר,החב. הדרומית לשיווק,,,'יח,40,"ל-100 מ""ל",false,6,22.90,0.57,false,1,
295367,true,סנו מקסימה אפקט 2.5,החב. הדרומית לשיווק,,,'יח,25,ל-100 גרם,false,6,24.90,1,false,1,
295541,true,סנו רב מגבת ג`מבו 75 דפים,החב. הדרומית לשיווק,,,'יח,3.90,ל-100 גרם,false,1,20.90,5.36,false,1,
295558,true,סנו סושי רדיד אלומיניום צמד 0.30*7.5,החב. הדרומית לשיווק,,,'יח,1,,false,12,11.90,11.90,false,1,
295565,true,סנו רדידי אלומיניום צמד 0.45*7.5,החב. הדרומית לשיווק,,,'יח,1,,false,12,16.90,16.90,false,1,
307220,true,גרעיני תירס מתוק גלילי 340 גרם בדץ,ויטה פרי גליל (החדשה) בע`מ,,,'יח,3.40,ל-100 גרם,false,1,5.90,1.74,true,1,
318349,true,פסטרמה מעדן הודו מעדניה,מעדני יחיעם ( 1993 ) בע`מ,,,"ק""ג",10,ל-100 גרם,true,1,79,7.90,true,1,
319131,true,נקניקיות עוף 400 גרם,מעדני יחיעם ( 1993 ) בע`מ,,,'יח,4,ל-100 גרם,false,1,11.90,2.98,true,1,
355498,true,רכז עגבניות %28 TOMATO פחית 580 גרם,ויטה פרי גליל (החדשה) בע`מ,,,'יח,5.80,ל-100 גרם,false,1,6.90,1.19,false,1,
364872,true,נקניקיות עוף 400 גרם,תנובה מרכז שיתופי לשיווק תוצרת,,,'יח,4,ל-100 גרם,false,1,12.90,3.23,false,1,
408316,true,דנונה טבעי 3%,שטראוס גרופ בע`מ,,,'יח,2,"ל-100 מ""ל",false,24,3.70,1.85,false,1,
416021,true,ממרח שוקולד השחר 500 גרם,השחר העולה בעמ,,,'יח,5,ל-100 גרם,false,1,13.90,2.78,false,1,
416618,true,ממרח שוקולד 400 גרם פרווה השחר,השחר העולה בעמ,,,'יח,4,ל-100 גרם,false,1,11.90,2.98,false,1,
416809,true,ממרח שוקולד השחר חצי חצי 350 גר`,השחר העולה בעמ,,,'יח,3.50,ל-100 גרם,false,1,10.90,3.11,false,1,
416922,true,ממרח שוקולד השחר חלב 350 גר`,השחר העולה בעמ,,,'יח,3.50,ל-100 גרם,false,1,10.90,3.11,false,1,
419107,true,קפה לנדוור טורקי 100 גרם,ש. שסטוביץ בע`מ,,,'יח,1,,false,1,7.90,7.90,false,1,
419220,true,קפה לנדוור טורקי 3*100 גרם,ש. שסטוביץ בע`מ,,,'יח,3,ל-100 גרם,false,1,19.90,6.63,false,1,
419374,true,קפה לנדוור טורקי 3*100 גרם בד`צ,ש. שסטוביץ בע`מ,,,'יח,3,למארז,false,1,19.90,6.63,false,1,
430102,true,קוביות קרח,"אייס (קיובס) בע""מ",,,'יח,1,,false,1,9.90,9.90,false,1,
450742,true,חזה עגל טרי,באסם דבאח בעמ,,,"ק""ג",1,,true,1,49.90,49.90,false,1,
450759,true,גולש עגל טרי,באסם דבאח בעמ,,,"ק""ג",1,,true,1,59.90,59.90,false,1,
453422,true,בצק פילו מוכן לאפייה שמרית 300 גרם,שטראוס גרופ בע`מ,,,'יח,3,ל-100 גרם,false,1,14.90,4.97,false,1,
453781,true,שמרים יבשים 125 גרם שמרית,שטראוס גרופ בע`מ,,,'יח,1.25,ל-100 גרם,false,12,5.90,4.72,false,1,
453866,true,נטורינה קוקוס 200 לאפייה ובישול גר`,שטראוס גרופ בע`מ,,,'יח,2,ל-100 גרם,false,40,7.90,3.95,false,1,
461724,true,בייגלה שמיניות גדולות עם שומשום 400,יוניליוור ישראל שיווק בע`מ,,,'יח,4,ל-100 גרם,false,1,14.90,3.73,false,1,
467320,true,חומוס אבו מרוואן צבר 400 גרם,קבוצת אסם סחר,,,'יח,4,ל-100 גרם,false,1,14.90,3.73,false,1,
467511,true,"ביסלי ברביקיו 55 גרם כשל""פ",קבוצת אסם סחר,,,'יח,0.55,ל-100 גרם,false,1,3.90,7.09,true,1,
467887,true,"ביסלי פיצה 55 גרם כשל""פ",קבוצת אסם סחר,,,'יח,0.55,ל-100 גרם,false,1,3.90,7.09,true,1,
468747,true,ביסלי גריל 55 גר`,קבוצת אסם סחר,,,'יח,0.55,ל-100 גרם,false,1,3.90,7.09,true,1,
474502,true,גבינה לבנה 5% 250 גרם,החברה המרכזית להפצה,,,'יח,2.50,ל-100 גרם,false,1,4.98,1.99,false,1,
480107,true,קוואקר ש.שועל פחית 500 גרם,שטראוס פריטו ליי בע`מ,,,'יח,5,ל-100 גרם,false,1,13.90,2.78,false,1,
484747,true,ארק עלית 40% 700 מ`ל עם פקק ייחודי,מ.ד אטיאס סוכנויות מזון בע`מ,,,'יח,7,"ל-100 מ""ל",false,1,59.90,8.51,false,1,
490601,true,מאגדת גלידל וניל 8 יח`,פלקו בעמ חברה ישראלית,,,'יח,1,ל-100 גרם,false,1,26.90,26.90,false,1,
493183,true,רוטב פטריות שקית 30 גרם כשלפ,קבוצת אסם סחר,,,'יח,0.30,ל-100 גרם,false,1,4.20,14,false,1,
497044,true,לחם ברמן אקטיב 750 גר`,מאפיית י.את א. ברמן בעמ,,,'יח,7.50,ל-100 גרם,false,1,16.90,2.25,true,1,
497112,true,לחם אחיד פרוס ברמן 750 גר`,מאפיית י.את א. ברמן בעמ,,,'יח,7.50,ל-100 גרם,false,1,7.11,0.95,false,1,
497136,true,חלה פרוסה ברמן 500 גר`,מאפיית י.את א. ברמן בעמ,,,'יח,5,ל-100 גרם,false,1,10.90,2.18,false,1,
497204,true,ברמן פיתות אסלי 5יח`,מאפיית י.את א. ברמן בעמ,,,'יח,1,ל-100 גרם,false,1,6.90,6.90,false,1,
497228,true,לחמניות 6 בשקית,מאפיית י.את א. ברמן בעמ,,,'יח,1,ל-100 גרם,false,1,10.90,10.90,false,1,
497273,true,לחמניות אקטיב 6 בשקית,מאפיית י.את א. ברמן בעמ,,,'יח,1,ל-100 גרם,false,1,13.90,13.90,false,1,
497303,true,לחמניות מקמח מלא 6 בשקית,מאפיית י.את א. ברמן בעמ,,,'יח,1,ל-100 גרם,false,1,12.90,12.90,false,1,
497358,true,חלומית ארוזה ברמן 500 גר`,מאפיית י.את א. ברמן בעמ,,,'יח,5,ל-100 גרם,false,1,11.90,2.38,false,1,
497426,true,ברמן לענין פלוס 500 גר`,מאפיית י.את א. ברמן בעמ,,,'יח,5,ל-100 גרם,false,1,15.90,3.18,false,1,
497488,true,חלה פלוס ברמן 500 גר`,מאפיית י.את א. ברמן בעמ,,,'יח,5,ל-100 גרם,false,1,14.90,2.98,false,1,
497532,true,ברמן לעניין 750 גר`,מאפיית י.את א. ברמן בעמ,,,'יח,7.50,ל-100 גרם,false,1,15.90,2.12,false,1,
497570,true,לחם דגנים פלוס ברמן 500 גר`,מאפיית י.את א. ברמן בעמ,,,'יח,5,ל-100 גרם,false,1,15.90,3.18,false,1,
498003,true,לחם מקמח מלא E-FREE,מאפיית י.את א. ברמן בעמ,,,'יח,1,ל-100 גרם,false,1,16.90,16.90,false,1,
498034,true,לחם מקמח כוסמין E-FREE,מאפיית י.את א. ברמן בעמ,,,'יח,1,ל-100 גרם,false,1,16.90,16.90,false,1,
498256,true,לחמניות מדברות 10 בשקית,מאפיית י.את א. ברמן בעמ,,,'יח,1,ל-100 גרם,false,1,12.90,12.90,false,1,
498355,true,לחם אחיד ברמן 750 גר`,מאפיית י.את א. ברמן בעמ,,,'יח,7.50,ל-100 גרם,false,1,5.12,0.68,false,1,
498393,true,חלה מרובעת ברמן,מאפיית י.את א. ברמן בעמ,,,'יח,0.49,ל-100 גרם,false,1,4.90,10,false,1,
498454,true,חלומית קטנה ברמן,מאפיית י.את א. ברמן בעמ,,,'יח,1,ל-100 גרם,false,1,5.90,5.90,false,1,
518220,true,סוכרה דיאט 100 שקיות 80 גרם,מתוק וקל בע`מ,,,'יח,1,,false,1,26.90,26.90,false,1,
518336,true,MOOOSH צמר גפן מתוק מסיבים תזונתיים 10,מתוק וקל בע`מ,,,'יח,0,ל-100 גרם,false,1,4.90,4.90,false,1,
523125,true,מלח הארץ יבש 250 גרם,סוגת,,,'יח,2.50,ל-100 גרם,false,1,5.50,2.20,false,1,
523224,true,מלח הארץ שולחן מעולה 500 גרם,סוגת,,,'יח,5,ל-100 גרם,false,1,7.90,1.58,false,1,
530598,true,נקניקיות עוף ויינר טרי 500 גרם,נקניק זוגלובק נהריה,,,'יח,5,ל-100 גרם,false,1,14.90,2.98,true,1,
537566,true,נקניקיות עוף טרי 400 גר`,נקניק זוגלובק נהריה,,,'יח,4,ל-100 גרם,false,1,13.90,3.48,true,1,
554402,true,מעדן מלבי חלבי 160 גרם,מחלבות גד בעמ`,,,'יח,1.60,"ל-100 מ""ל",false,1,5.90,3.69,true,1,
554532,true,גבינה צפתית מעודנת 5% 200 גרם,מחלבות גד בעמ`,,,'יח,2,ל-100 גרם,false,1,14.90,7.45,false,1,
554600,true,גבינת מוצרלה מגורדת 22% 300 גרם,מחלבות גד בעמ`,,,'יח,3,ל-100 גרם,false,1,24.90,8.30,false,1,
554624,true,מעדן ירח מתוק %3 150 מל,מחלבות גד בעמ`,,,'יח,1.50,"ל-100 מ""ל",false,1,5.90,3.93,true,1,
554686,true,גבינה לאבנה עם זעתר ושמן זית 250 גרם,מחלבות גד בעמ`,,,'יח,2.50,ל-100 גרם,false,1,13.90,5.56,false,1,
554822,true,גבינת ריקוטה 5% 250 גרם,מחלבות גד בעמ`,,,'יח,2.50,ל-100 גרם,false,1,13.90,5.56,true,1,
554839,true,גבינה מוקצפת מסקרפונה %38 250 גרם,מחלבות גד בעמ`,,,'יח,2.50,ל-100 גרם,false,1,19.90,7.96,false,1,
561097,true,תערובת פיצוחים מובחרת 150 גרם,בוטנת בעמ חברה לקלייה ואריזת פ,,,'יח,1.50,ל-100 גרם,false,1,14.90,9.93,false,1,
561158,true,תערובת אגוזים וחמוציות 150 גרם,בוטנת בעמ חברה לקלייה ואריזת פ,,,'יח,1.50,ל-100 גרם,false,1,11.90,7.93,true,1,
561332,true,אגוזי מלך קלופים 150 גר`,בוטנת בעמ חברה לקלייה ואריזת פ,,,'יח,1.50,ל-100 גרם,false,1,11.90,7.93,true,1,
561349,true,קשיו קלוי ללא מלח 150 גר`חממה,בוטנת בעמ חברה לקלייה ואריזת פ,,,'יח,1.50,ל-100 גרם,false,1,19.90,13.27,false,1,
561776,true,שקד גרוס פרוס 100 גר`,בוטנת בעמ חברה לקלייה ואריזת פ,,,'יח,2.50,ל-100 גרם,false,1,11.30,4.52,false,1,
561783,true,גרעין חמניה קלוף 100 גר`,בוטנת בעמ חברה לקלייה ואריזת פ,,,'יח,2.50,ל-100 גרם,false,1,6.90,2.76,false,1,
572208,true,חלבה וניל 100 גרם בד``צ,אחדות ביתחרושת לטחינה חלבה,,,'יח,1,ל-100 גרם,false,1,2.90,2.90,false,1,
572222,true,חלבה בלוק וניל 500 גרם בד``צ,אחדות ביתחרושת לטחינה חלבה,,,'יח,5,ל-100 גרם,false,1,10.90,2.18,false,1,
572628,true,חלבה שומשום לייט 11*25 גרם בד`,אחדות ביתחרושת לטחינה חלבה,,,'יח,2.75,ל-100 גרם,false,1,11.90,4.33,false,1,
572673,true,חלבה וניל קקאו ואגוזים 12*25 ג`בד``,אחדות ביתחרושת לטחינה חלבה,,,'יח,3,ל-100 גרם,false,1,11.90,3.97,false,1,
659312,true,פילה סלמון קפוא,תנובה מרכז שיתופי לשיווק תוצרת,,,"ק""ג",1,ל-100 גרם,true,1,74.90,74.90,false,1,
662817,true,סלמון מעושן 100 גרם,תנובה מרכז שיתופי לשיווק תוצרת,,,'יח,1,ל-100 גרם,false,1,23.90,23.90,false,1,
688381,true,מי עדן שקט 0.5 ליטר*6 יח` להחזרה,יפאורה - שותפות מוגבלת לשיווק,,,'יח,30,"ל-100 מ""ל",false,1,12.90,0.37,true,1,
688466,true,מי עדן GYM בקבוק 750 מ``ל,יפאורה - שותפות מוגבלת לשיווק,,,'יח,7.50,"ל-100 מ""ל",false,1,6.90,0.88,false,1,
688503,true,מי עדן GYM בקבוק 6*750 מל פיקדון,יפאורה - שותפות מוגבלת לשיווק,,,'יח,45,"ל-100 מ""ל",false,1,16.70,0.33,true,1,
692210,true,אג`קס נוזל לניקוי כללי לבנדר 2 ליטר,ש. שסטוביץ בע`מ,,,'יח,20,"ל-100 מ""ל",false,1,23.90,1.20,false,1,
820040,true,צוואר כבש טרי,באסם דבאח בעמ,,,"ק""ג",1,,true,1,69.90,69.90,false,1,
830049,true,צלעות עגל עם עצם טרי,עוף ירושלים מהדרין בע`מ,,,"ק""ג",1,,true,1,59.90,59.90,true,1,
830050,true,צלעות עגל טרי בלי עצם,עוף ירושלים מהדרין בע`מ,,,"ק""ג",1,,true,1,59.90,59.90,true,1,
830063,true,אסאדו עגל טרי,עוף ירושלים מהדרין בע`מ,,,"ק""ג",1,,true,1,59.90,59.90,true,1,
830064,true,כתף עגל טרי,באסם דבאח בעמ,,,"ק""ג",1,,true,1,59.90,59.90,true,1,
830065,true,צלי כתף טרי,עוף ירושלים מהדרין בע`מ,,,"ק""ג",1,,true,1,89.90,89.90,false,1,
830087,true,אוסובוקו טרי,באסם דבאח בעמ,,,"ק""ג",1,,true,1,54.90,54.90,false,1,
830094,true,סטייק אנגוס טרי,באסם דבאח בעמ,,,"ק""ג",1,,true,1,139.90,139.90,true,1,
830100,true,סטייק אנטריקוט עם עצם טרי,באסם דבאח בעמ,,,"ק""ג",1,,true,1,99.90,99.90,false,1,
830124,true,עצם ברך טרי,באסם דבאח בעמ,,,"ק""ג",1,,true,1,24.90,24.90,false,1,
830155,true,כבד עגל טרי לצלייה בלבד,באסם דבאח בעמ,,,"ק""ג",1,,true,1,29.90,29.90,false,1,
830209,true,רגל בקר טרי,באסם דבאח בעמ,,,"ק""ג",1,,true,1,39.90,39.90,false,1,
830216,true,לשון עגל טרי,באסם דבאח בעמ,,,"ק""ג",1,,true,1,49.90,49.90,false,1,
830261,true,בשר טחון פרמיום טרי,באסם דבאח בעמ,,,"ק""ג",1,,true,1,45.90,45.90,true,1,
860015,true,עוף מוכשר שלם,קורניש חן (1987) בעמ,,,"ק""ג",1,,true,1,19.90,19.90,false,1,
860016,true,פילה עוף מוכשר,עוף טוב ( שאן) בעמ,,,"ק""ג",1,,true,1,39.90,39.90,true,1,
860022,true,עוף מוכשר מפורק,טל הל יסכה בעמ,,,"ק""ג",1,,true,1,25.90,25.90,false,1,
860039,true,כרעיים עוף מוכשר,קורניש חן (1987) בעמ,,,"ק""ג",1,,true,1,28.90,28.90,true,1,
860046,true,ירכיים עוף מוכשר,טל הל יסכה בעמ,,,"ק""ג",1,,true,1,27.90,27.90,false,1,
860053,true,שוקיים עוף מוכשר,קורניש חן (1987) בעמ,,,"ק""ג",1,,true,1,29.90,29.90,true,1,
860060,true,כנף עוף מוכשר,קורניש חן (1987) בעמ,,,"ק""ג",1,"ק""ג",true,1,9.90,9.90,true,1,
860084,true,סטייק פרגית מוכשר,קורניש חן (1987) בעמ,,,"ק""ג",7.50,ל-100 גרם,true,1,59.90,7.99,true,1,
860091,true,פרגיות משופד,טל הל יסכה בעמ,,,"ק""ג",1,,true,1,69.90,69.90,false,1,
860107,true,חזה עוף שלם מוכשר,טל הל יסכה בעמ,,,"ק""ג",1,,true,1,34.90,34.90,true,1,
860114,true,שניצל עוף פרוס מוכשר,קורניש חן (1987) בעמ,,,"ק""ג",1,"ק""ג",true,1,42.90,42.90,true,1,
860116,true,שניצל פרימיום,קורניש חן (1987) בעמ,,,"ק""ג",1,,true,1,42.90,42.90,false,1,
860121,true,טחון עוף,טל הל יסכה בעמ,,,"ק""ג",1,,true,1,35.90,35.90,false,1,
860138,true,כבד עוף טרי[לצליה בלבד לאחר הבישול},קורניש חן (1987) בעמ,,,"ק""ג",7,"ל-100 מ""ל",true,1,16.90,2.41,true,1,
860176,true,קורקבן עוף,קורניש חן (1987) בעמ,,,"ק""ג",1,,true,1,9.90,9.90,false,1,
862149,true,ירך הודו זכר,עוף טוב ( שאן) בעמ,,,"ק""ג",1,,true,1,51.90,51.90,false,1,
870014,true,חזה הודו נקבה.,קורניש חן (1987) בעמ,,,"ק""ג",1,,true,1,28.90,28.90,false,1,
870069,true,שוקיים הודו,קורניש חן (1987) בעמ,,,"ק""ג",1,,true,1,27.90,27.90,false,1,
870076,true,כנף הודו,קורניש חן (1987) בעמ,,,"ק""ג",1,,true,1,14.90,14.90,false,1,
870083,true,נתחי הודו,קורניש חן (1987) בעמ,,,"ק""ג",1,,true,1,24.90,24.90,false,1,
870168,true,גרון הודו זכר,קורניש חן (1987) בעמ,,,"ק""ג",1,,true,1,29.90,29.90,false,1,
870175,true,ישבן הודו,קורניש חן (1987) בעמ,,,"ק""ג",1,,true,1,6.90,6.90,false,1,
870199,true,חזה הודו טחון,טל הל יסכה בעמ,,,"ק""ג",1,,true,1,31.90,31.90,false,1,
982113,true,עגבנית מגי,ביכורי השדה הצפון בעמ` 1964,,,'יח,1,,false,1,16.90,16.90,false,1,
986708,true,ענבים שחורים,ביכורי השדה הצפון בעמ` 1964,,,"ק""ג",1,,true,1,19.90,19.90,false,1,
993461,true,עגבניה שרי פרימיום,ביכורי השדה הצפון בעמ` 1964,,,'יח,1,,false,1,10.90,10.90,false,1,
993560,true,עגבניה שרי ליקופן,ביכורי השדה הצפון בעמ` 1964,,,'יח,1,,false,1,10.90,10.90,false,1,
995410,true,נבטים סינים,ביכורי השדה הצפון בעמ` 1964,,,'יח,1,,false,1,6.90,6.90,false,1,
1001578,true,חזה עוף ארוז קפוא,עוף ירושלים מהדרין בע`מ,,,"ק""ג",0,"ק""ג",true,1,29.90,29.90,false,1,
1001608,true,שוקיים עוף ארוז קפוא,עוף ירושלים מהדרין בע`מ,,,"ק""ג",0,"ק""ג",true,1,27.90,27.90,false,1,
1121672,true,פסטרמה מעודנת בפפריקה 300 גרם,מעדני יחיעם ( 1993 ) בע`מ,,,'יח,0.30,ל-100 גרם,false,1,21.90,73,true,1,
1136287,true,נקה 7 שמפו לשיער רגיל 750 מל,החב. הדרומית לשיווק,,,'יח,7.50,"ל-100 מ""ל",false,1,11.90,1.59,true,1,
1136294,true,נקה 7 שמפו לשיער יבש 750 מל,החב. הדרומית לשיווק,,,'יח,7.50,"ל-100 מ""ל",false,1,11.90,1.59,true,1,
1136683,true,נקה 7 מרכך לכל סוגי השיער 750 מל,החב. הדרומית לשיווק,,,'יח,7.50,"ל-100 מ""ל",false,1,11.90,1.59,true,1,
1247068,true,ספרינג נקטר תות בננה 1 ליטר קרטון,יפאורה - שותפות מוגבלת לשיווק,,,'יח,10,"ל-100 מ""ל",false,1,6.90,0.69,false,1,
1247082,true,ספרינג מיץ עגבניות קרטון 1 ליטר,יפאורה - שותפות מוגבלת לשיווק,,,'יח,10,"ל-100 מ""ל",false,1,6.90,0.69,false,1,
1247099,true,ספרינג נקטר מנגו קרטון 1 ליטר,יפאורה - שותפות מוגבלת לשיווק,,,'יח,10,"ל-100 מ""ל",false,1,6.90,0.69,false,1,
1247112,true,ספרינג נקטר לימונים קרטון 1 ליטר,יפאורה - שותפות מוגבלת לשיווק,,,'יח,10,"ל-100 מ""ל",false,1,6.90,0.69,false,1,
1247129,true,ספרינג נקטר תפוזים 1 ליטר קרטון,יפאורה - שותפות מוגבלת לשיווק,,,'יח,10,"ל-100 מ""ל",false,1,6.90,0.69,false,1,
1302194,true,ביסלי פלאפל 55 גר`,קבוצת אסם סחר,,,'יח,0.55,ל-100 גרם,false,1,3.90,7.09,true,1,
1302279,true,במבה קלאסי *60,קבוצת אסם סחר,,,'יח,0.60,ל-100 גרם,false,1,3.90,6.50,true,1,
1305188,true,פלמוליב נוזל כלים צהוב לימון 750 מ``,ש. שסטוביץ בע`מ,,,'יח,7.50,"ל-100 מ""ל",false,1,11.90,1.59,true,1,
1419779,true,וופל קלאסי 200 גר`,מ.ד אטיאס סוכנויות מזון בע`מ,,,'יח,2,ל-100 גרם,false,1,3.90,1.95,true,1,
1419892,true,וופל קלאסי לימון 200 גר`,מ.ד אטיאס סוכנויות מזון בע`מ,,,'יח,2,ל-100 גרם,false,1,3.90,1.95,true,1,
1428847,true,נר חנוכה,ח.כהן סוכנות מזון ומשקאות,,,'יח,1,'יח,false,1,3.90,3.90,false,1,
1459928,true,גזר גמדי 800 גר`,בלדי בע`מ,,,'יח,8,ל-100 גרם,false,12,9.90,1.24,false,1,
1459935,true,אפונה 800 גרם,בלדי בע`מ,,,'יח,8,ל-100 גרם,false,12,9.90,1.24,false,1,
1482186,true,חתיכות אננס בסירופ קל 565 גרם,ג. וילי-פוד אינטרנשיונל בע`מ,,,'יח,5.65,ל-100 גרם,false,1,6.90,1.22,false,1,
1567555,true,פסטרמה מעודנת עם דבש 300 גר`,מעדני יחיעם ( 1993 ) בע`מ,,,'יח,3,ל-100 גרם,false,1,21.90,7.30,true,1,
1594568,true,בירה קרלסברג פחית להחזרה 500 מל,החברה המרכזית להפצת משקאות בע`,,,'יח,5,"ל-100 מ""ל",false,24,9.20,1.78,false,1,
1594575,true,בירה טובורג פחית להחזרה 500 מל,החברה המרכזית להפצת משקאות בע`,,,'יח,5,"ל-100 מ""ל",false,24,8.90,1.72,true,1,
1594810,true,בירה שחורה מאלטי בקבוק 6*330מל,החברה המרכזית להפצת משקאות בע`,,,'יח,15,"ל-100 מ""ל",false,4,29.90,1.87,false,1,
1594858,true,בירה טובורג בקבוק להחזרה 6*330 מל,החברה המרכזית להפצת משקאות בע`,,,'יח,19.80,"ל-100 מ""ל",false,4,34.90,1.67,true,1,
1594865,true,בירה קרלסברג בקבוק 6*330 מ``,החברה המרכזית להפצת משקאות בע`,,,'יח,19.80,"ל-100 מ""ל",false,4,34.90,1.67,true,1,
1713891,true,מיקופייבר חמישייה לניקוי שיש,קומפלקס כימקלים בעמ`,,,'יח,1,,false,1,7.90,7.90,true,1,
1713921,true,אקונומיקה ריחנית 4 ליטר,קומפלקס כימקלים בעמ`,,,'יח,4,לליטר,false,1,9.90,2.48,true,1,
1990261,true,חומוס 1 קג`,סוגת,,,'יח,10,ל-100 גרם,false,1,13.90,1.39,false,1,
1990278,true,שעועית לבנה 1קג`,סוגת,,,'יח,10,ל-100 גרם,false,1,16.90,1.69,true,1,
2008934,true,סוכריות צבעוניות לקישוט,הנמל אריזות ושיווק 1984 בע`מ,,,'יח,2,ל-100 גרם,false,15,7.90,3.95,false,1,
2008989,true,קישקשים 225 יח`,הנמל אריזות ושיווק 1984 בע`מ,,,'יח,1,,false,24,8.90,8.90,false,1,
2019787,true,רסק עגבניות טבע טרי %22 260 גרם פרי ני,מ.ד אטיאס סוכנויות מזון בע`מ,,,'יח,2.60,ל-100 גרם,false,1,3.90,1.50,true,1,
2019794,true,רסק עגבניות טבע טרי %100 100 גרם פרי,מ.ד אטיאס סוכנויות מזון בע`מ,,,'יח,1,ל-100 גרם,false,1,1.90,1.90,true,1,
2037057,true,לחם לבן פרוס 500 גרם,מאפיית י.את א. ברמן בעמ,,,'יח,5,ל-100 גרם,false,1,6.10,1.22,false,1,
2037194,true,לחם שחור מקמח מלא ברמן 750 גר`,מאפיית י.את א. ברמן בעמ,,,'יח,7.50,ל-100 גרם,false,1,12.90,1.72,false,1,
2037309,true,לחמניות המבורגר 8בשקית ברמן,מאפיית י.את א. ברמן בעמ,,,'יח,1,ל-100 גרם,false,1,12.90,12.90,false,1,
2037637,true,חליה מתוקה 4 בשקית ברמן,מאפיית י.את א. ברמן בעמ,,,'יח,1,ל-100 גרם,false,1,12.90,12.90,false,1,
2043188,true,ציפס אורז חום צילי חריף 60 גר`,א.ל. ייצור ושיווק תבלינים בע`מ,,,'יח,0.60,ל-100 גרם,false,1,6.90,11.50,true,1,
2043218,true,ציפס אורז חום מלח 60 גר`,א.ל. ייצור ושיווק תבלינים בע`מ,,,'יח,0.60,ל-100 גרם,false,1,6.90,11.50,true,1,
2043782,true,ציפס אורז חום טקסס ברביקיו 60 גר`,א.ל. ייצור ושיווק תבלינים בע`מ,,,'יח,0.60,ל-100 גרם,false,1,6.90,11.50,true,1,
2057123,true,זיתים חרוזית A-2 יבנה 540 גר`,קבוצת יבנה,,,'יח,5.40,ל-100 גרם,false,1,9.90,1.83,true,1,
2057185,true,זיתים טבעות ירוקים A-2 יבנה 540 גר`,קבוצת יבנה,,,'יח,5.40,ל-100 גרם,false,1,9.90,1.83,false,1,
2057352,true,מלפפון במלח 7-9 A-2 יבנה 540 גר`,קבוצת יבנה,,,'יח,5.40,ל-100 גרם,false,1,7.90,1.46,false,1,
2057376,true,מלפפון במלח 13-17 A-2 יבנה 540 גר`,קבוצת יבנה,,,'יח,5.40,ל-100 גרם,false,1,10.90,2.02,true,1,
2057383,true,מלפפון במלח 18-25 A-2 יבנה 540 גר`,קבוצת יבנה,,,'יח,5.40,ל-100 גרם,false,1,13.90,2.57,true,1,
2057451,true,מלפפון בחומץ %7-9 20 A-2 יבנה,קבוצת יבנה,,,'יח,5.40,ל-100 גרם,false,1,7.90,1.46,false,1,
2057468,true,מלפפון בחומץ 10-12 A-2 יבנה 540,קבוצת יבנה,,,'יח,5.40,ל-100 גרם,false,1,7.90,1.46,false,1,
2057475,true,מלפפון בחומץ 13-17 יבנה 540 גר`,קבוצת יבנה,,,'יח,5.40,ל-100 גרם,false,1,10.90,2.02,true,1,
2107798,true,גבינה בולגרית בקר 5% בגביע 250 ג,החברה המרכזית להפצה,,,'יח,2.50,ל-100 גרם,false,1,22.90,9.16,false,1,
2118398,true,צימרונים ביוטי מרובע 200 יח`,הנמל אריזות ושיווק 1984 בע`מ,,,'יח,1,ל-100 גרם,false,12,4.90,4.90,false,1,
2157960,true,טונה במים 140 גר`מארז רביעייה ויליגר,נטו מלינדה סחר בע`מ,,,'יח,1.40,ל-100 גרם,false,1,19.90,14.21,false,1,
2190141,true,ריבת חלב 450 גרם,תומר ייבוא ושיווק מוצרי מזון [,,,'יח,4.50,ל-100 גרם,false,1,14.90,3.31,false,1,
2195054,true,המבורגר בלדי 400גר,בלדי בע`מ,,,'יח,4,ל-100 גרם,false,12,11.90,2.98,true,1,
2195078,true,קבב כבש בלדי 400גר,בלדי בע`מ,,,'יח,4,ל-100 גרם,false,12,11.90,2.98,true,1,
2195085,true,קבב מזרחי בלדי 400 גרם,בלדי בע`מ,,,'יח,4,ל-100 גרם,false,12,11.90,2.98,true,1,
2195092,true,קבב רומני בלדי 400גר,בלדי בע`מ,,,'יח,4,ל-100 גרם,false,12,11.90,2.98,true,1,
2259664,true,רדיד אלומיניום דיאמונד 0.60*60,גורי ע.ע.ע. בע`מ,,,'יח,1,'יח,false,1,54.90,54.90,false,1,
2260059,true,במבה יום הולדת *60,קבוצת אסם סחר,,,'יח,0.60,ל-100 גרם,false,1,3.90,6.50,true,1,
2331025,true,נביעות מים מינרלים ספורט להחזרה 500מ,החברה המרכזית להפצת משקאות בע`,,,'יח,5,"ל-100 מ""ל",false,24,3.80,0.70,false,1,
2331322,true,נביעות שישייה מים מינרלים שקט 1.5 ל`,החברה המרכזית להפצת משקאות בע`,,,'יח,90,"ל-100 מ""ל",false,1,12.90,0.12,false,1,
2331490,true,נביעות מים מינרלים 1 ליטר פיקדון,החברה המרכזית להפצת משקאות בע`,,,'יח,10,"ל-100 מ""ל",false,15,3.40,0.31,true,1,
2341499,true,לשון בקר מוכשר קפוא,עוף ירושלים מהדרין בע`מ,,,"ק""ג",0,"ק""ג",true,1,29.90,29.90,false,1,
2341505,true,ראש בקר מוכשר קפוא,עוף ירושלים מהדרין בע`מ,,,"ק""ג",0,"ק""ג",true,1,59.90,59.90,false,1,
2345015,true,סינטה דקדק 250 גר`,נטו מלינדה סחר בע`מ,,,'יח,2.50,ל-100 גרם,false,1,28.90,11.56,true,1,
2345022,true,אנטריקוט דקדק 250 גר`,נטו מלינדה סחר בע`מ,,,'יח,2.50,ל-100 גרם,false,10,21.90,8.76,true,1,
2345077,true,שניצל בקר דקדק אל גאוצ`ו,נטו מלינדה סחר בע`מ,,,'יח,2.50,ל-100 גרם,false,10,17.90,7.16,true,1,
2409076,true,ג`חנון בצק 800 גרם,ציפור השרון יהוד 1990 בעמ,,,'יח,8,ל-100 גרם,false,1,13.90,1.74,false,1,
2409274,true,מלווח 800 גרם,ציפור השרון יהוד 1990 בעמ,,,'יח,8,ל-100 גרם,false,1,14.90,1.86,false,1,
2517290,true,קינמון טחון,תבליני טעם וריח,,,'יח,1,,false,1,6.90,6.90,false,1,
2517863,true,צפורן טחון,תבליני טעם וריח,,,'יח,1,,false,1,9.90,9.90,false,1,
2542780,true,"בירה סטלה ארטואה שישייה 330 מ""ל",תימקו בירה בעמ`,,,'יח,19.80,"ל-100 מ""ל",false,1,34.90,1.67,true,1,
2543046,true,קלוגס פרוסטיס 750 גר`,דיפלומט מפיצים (1968) בע`מ,,,'יח,7.50,ל-100 גרם,false,12,21.90,2.92,false,1,
2577492,true,פילה הרינג מלוח בשמן,נטו מלינדה סחר בע`מ,,,'יח,2.40,ל-100 גרם,false,6,25.90,10.79,false,1,
2579731,true,נר נשמה שבועי,ח.כהן סוכנות מזון ומשקאות,,,'יח,1,,false,1,9.90,9.90,false,1,
2610175,true,כרעיים עוף ארוז קפוא חתם,עוף ירושלים מהדרין בע`מ,,,"ק""ג",0,"ק""ג",true,1,27.90,27.90,false,1,
2610182,true,חזה עוף ארוז קפוא חתם,עוף ירושלים מהדרין בע`מ,,,"ק""ג",0,"ק""ג",true,1,29.90,29.90,false,1,
2610199,true,כנפיים עוף ארוז קפוא חתם,עוף ירושלים מהדרין בע`מ,,,"ק""ג",0,"ק""ג",true,1,9.90,9.90,false,1,
2610205,true,שוקיים עוף ארוז קפוא חתם,עוף ירושלים מהדרין בע`מ,,,"ק""ג",0,"ק""ג",true,1,27.90,27.90,false,1,
2610212,true,ירכיים עוף ארוז קפוא חתם,עוף ירושלים מהדרין בע`מ,,,"ק""ג",0,"ק""ג",true,1,27.90,27.90,false,1,
2610236,true,שניצל עוף פרוס ארוז קפוא חתם,עוף ירושלים מהדרין בע`מ,,,"ק""ג",0,"ק""ג",true,1,31.90,31.90,false,1,
2610250,true,כבד עוף קפוא ארוז חתם סופר,עוף ירושלים מהדרין בע`מ,,,"ק""ג",0,"ק""ג",true,1,12.90,12.90,false,1,
2610267,true,לב עוף קפוא חתם סופר,עוף ירושלים מהדרין בע`מ,,,"ק""ג",0,"ק""ג",true,1,25.90,25.90,false,1,
2610274,true,כנף עוף חצוי ארוז קפוא חתם,עוף ירושלים מהדרין בע`מ,,,"ק""ג",1,,true,1,9.90,9.90,false,1,
2627210,true,גפילטע פיש צנצנת 520 גר`,נטו מלינדה סחר בע`מ,,,'יח,5.20,ל-100 גרם,false,1,14.90,2.87,false,1,
2627357,true,פילה בקר טרי,נטו מלינדה סחר בע`מ,,,"ק""ג",1,,true,1,220,220,false,1,
2661153,true,לחם דני קל ברמן 1 קג,מאפיית י.את א. ברמן בעמ,,,'יח,10,ל-100 גרם,false,1,17.90,1.79,true,1,
2661214,true,לחם גלילי קל 750 גרם,מאפיית י.את א. ברמן בעמ,,,'יח,7.50,ל-100 גרם,false,1,13.90,1.85,false,1,
2661443,true,פירורי לחם זהוב עדין 200 גר`,מאפיית י.את א. ברמן בעמ,,,'יח,2,ל-100 גרם,false,1,3.90,1.95,true,1,
2661474,true,פירורי לחם זהוב עם שומשום 200 גר`,מאפיית י.את א. ברמן בעמ,,,'יח,2,ל-100 גרם,false,1,3.90,1.95,true,1,
2715528,true,מג`יק ארוחת נודלס בטעם ירקות 70 גרם,נטו מלינדה סחר בע`מ,,,'יח,7,ל-100 גרם,false,12,4.90,0.70,false,1,
2715580,true,מגי`ק ארוחת נודלס בטעם סיני 70 גרם,נטו מלינדה סחר בע`מ,,,'יח,7,ל-100 גרם,false,12,4.90,0.70,false,1,
2748229,true,כרעיים עוף ארוז קפוא,עוף ירושלים מהדרין בע`מ,,,"ק""ג",0,"ק""ג",true,1,27.90,27.90,false,1,
2748250,true,חזה עוף ארוז קפוא,עוף ירושלים מהדרין בע`מ,,,"ק""ג",0,"ק""ג",true,1,29.90,29.90,false,1,
2748274,true,כנפיים עוף ארוז קפוא,עוף ירושלים מהדרין בע`מ,,,"ק""ג",1,,true,1,9.90,9.90,false,1,
2748281,true,שוקיים עוף ארוז קפוא,עוף ירושלים מהדרין בע`מ,,,"ק""ג",0,"ק""ג",true,1,27.90,27.90,false,1,
2748298,true,ירכיים עוף ארוז קפוא,עוף ירושלים מהדרין בע`מ,,,"ק""ג",0,"ק""ג",true,1,27.90,27.90,false,1,
2748328,true,כבד עוף קפוא,עוף ירושלים מהדרין בע`מ,,,"ק""ג",0,"ק""ג",true,1,12.90,12.90,false,1,
2748335,true,לב עוף קפוא,עוף ירושלים מהדרין בע`מ,,,"ק""ג",0,"ק""ג",true,1,25.90,25.90,false,1,
2748366,true,שניצל עוף פרוס ארוז קפוא,עוף ירושלים מהדרין בע`מ,,,"ק""ג",0,"ק""ג",true,1,31.90,31.90,false,1,
2752332,true,סוכריות מנטוס פירות 37 גרם,ליימן שליסל בע`מ,,,'יח,0.3750,ל-100 גרם,false,40,2.90,7.73,false,1,
2753995,true,סוכריות עדשים סרוטי קרוסיס 150 גרם,ליימן שליסל בע`מ,,,'יח,1.50,ל-100 גרם,false,10,15.90,10.60,false,1,
2766056,true,עגבניה שרי פרימיום,ביכורי השדה הצפון בעמ` 1964,,,'יח,1,,false,1,10.90,10.90,false,1,
2775317,true,פילה זהבון,נטו מלינדה סחר בע`מ,,,"ק""ג",1,ל-100 גרם,true,1,24.90,24.90,false,1,
2787167,true,טונה ויליגר 140 גר`במים,נטו מלינדה סחר בע`מ,,,'יח,1.40,ל-100 גרם,false,1,4.90,3.50,false,1,
2824183,true,גבינת סקי %5 500 גרם,שטראוס גרופ בע`מ,,,'יח,5,ל-100 גרם,false,12,9.90,1.98,false,1,
2842002,true,קווקר בפח 500 גרם,ליימן שליסל בע`מ,,,'יח,5,ל-100 גרם,false,1,12.90,2.58,false,1,
2871248,true,בירה טובורג בקבוק 500 מל,החברה המרכזית להפצת משקאות בע`,,,'יח,5,"ל-100 מ""ל",false,20,8.90,1.54,false,1,
2871361,true,1בירה קרלסברג בקבוק חוזר 500 מל,החברה המרכזית להפצת משקאות בע`,,,'יח,5,"ל-100 מ""ל",false,20,7.90,1.34,false,1,
2909569,true,פילה ברבוניה,בלדי בע`מ,,,'יח,1,'יח,false,25,21.90,21.90,false,1,
2909835,true,שמן זית כתית 750 מל`,בלדי בע`מ,,,'יח,7.50,"ל-100 מ""ל",false,1,26.90,3.59,true,1,
2909880,true,פולי סויה אדממה 400 גר`,בלדי בע`מ,,,'יח,4,ל-100 גרם,false,24,8.90,2.23,false,1,
2909972,true,שעועית ירוקה שלמה 800 גר`,בלדי בע`מ,,,'יח,8,ל-100 גרם,false,12,9.90,1.24,false,1,
2909989,true,שעועית ירוקה חתוכה 800 גר`,בלדי בע`מ,,,'יח,8,ל-100 גרם,false,12,9.90,1.24,false,1,
2922117,true,עוגיות פרימיום אקלר,אקלר,,,'יח,3,ל-100 גרם,false,1,22.90,7.63,false,1,
2929642,true,טונה קנולה בשמן 4*140 גרם ויליגר,נטו מלינדה סחר בע`מ,,,'יח,5.60,ל-100 גרם,false,12,19.90,3.55,false,1,
2977001,true,סולת 1 קג`,הטחנות הגדולות של ארץ ישראל בע,,,'יח,10,ל-100 גרם,false,1,4.90,0.49,false,1,
2977032,true,סוכר 1 קג`,הטחנות הגדולות של ארץ ישראל בע,,,'יח,10,ל-100 גרם,false,1,4.90,0.49,false,1,
2977100,true,קמח לבן 1 קג`,הטחנות הגדולות של ארץ ישראל בע,,,'יח,10,ל-100 גרם,false,1,3.90,0.39,false,1,
2977285,true,קמח לבן מלא 100% ללא צורך בניפוי 1 קג`,הטחנות הגדולות של ארץ ישראל בע,,,'יח,10,ל-100 גרם,false,1,5.50,0.55,false,1,
2996330,true,בשר מס 8 שריר הזרוע מוכשר,עוף ירושלים מהדרין בע`מ,,,"ק""ג",1,,true,1,24.90,24.90,true,1,
3143146,true,ממרח תמרים 450גר,ליימן שליסל בע`מ,,,'יח,4.50,ל-100 גרם,false,24,5.90,1.31,false,1,
3287956,true,פילה לברק בוואקום,בלדי בע`מ,,,"ק""ג",1,"ק""ג",true,1,44.90,44.90,false,1,
3400500,true,נאטרייג`ס חטיף קרמל עם בוטנים וחמאת,ליימן שליסל בע`מ,,,'יח,0,ל-100 גרם,false,1,4.90,4.90,false,1,
3411405,true,נר נשמה,הנמל אריזות ושיווק 1984 בע`מ,,,'יח,1,,false,1,2.90,2.90,false,1,
3423909,true,קוקיז אנד קרים חטיף שוקולד לבן עם שברי,ליימן שליסל בע`מ,,,'יח,0,ל-100 גרם,false,36,4.90,4.90,false,1,
3444009,true,ריזס שוקולד חלב במילוי חמאת בוטנים,ליימן שליסל בע`מ,,,'יח,0,ל-100 גרם,false,36,3.90,3.90,false,1,
3514007,true,מנה שקדי מרק 400 גר`,ש. שסטוביץ בע`מ,,,'יח,4,ל-100 גרם,false,1,8.90,2.23,false,1,
3550753,true,טונה פוסידון בשמן 110 מארז *4,נטו מלינדה סחר בע`מ,,,'יח,4.40,ל-100 גרם,false,16,19.90,4.52,false,1,
3570164,true,מינוט שווארמה פרגית 300 גר` בלדי,בלדי בע`מ,,,'יח,3,ל-100 גרם,false,20,29.90,9.97,false,1,
3570928,true,קבב בלדי קצביה ארוז 500 גר,בלדי בע`מ,,,'יח,5,ל-100 גרם,false,8,27.90,5.58,true,1,
3571550,true,פילה טונה בוואקום[אלבקור],בלדי בע`מ,,,"ק""ג",1,ל-100 גרם,true,10,44.90,44.90,false,1,
3598472,true,פילה סלמון מנות בד`ץ,בלדי בע`מ,,,"ק""ג",1,ל-100 גרם,true,1,89.90,89.90,false,1,
3643004,true,אורז בסמטי הודי אחד אחד 1 קג,סוגת,,,'יח,10,ל-100 גרם,false,1,13.90,1.39,false,1,
3643769,true,עדשים אדומים 500 גרם,סוגת,,,'יח,5,ל-100 גרם,false,1,7.90,1.58,false,1,
3672073,true,פילה מושט קפוא,פאר הבשר והעוף בעמ,,,"ק""ג",1,ל-100 גרם,true,1,24.90,24.90,false,1,
3718610,true,במיה 400 גרם,בלדי בע`מ,,,'יח,4,ל-100 גרם,false,25,9.90,2.48,false,1,
3718627,true,פול ירוק 400 גרם,בלדי בע`מ,,,'יח,4,ל-100 גרם,false,30,9.90,2.48,false,1,
3726615,true,טופו ויילר 300 גרם,שטראוס גרופ בע`מ,,,'יח,3,"ל-100 מ""ל",false,1,12.90,4.30,true,1,
3781850,true,קשקבל פרוסות 200 גר`,ג. וילי-פוד אינטרנשיונל בע`מ,,,'יח,5,ל-100 גרם,false,1,19.90,3.98,false,1,
3864478,true,סרדינים בשמן צמחי 120 גרם,ג. וילי-פוד אינטרנשיונל בע`מ,,,'יח,1.20,ל-100 גרם,false,50,4.90,4.08,true,1,
4014407,true,חמאת בוטנים קטנה 46 גר`,"מרס ריגלי ישראל בע""מ",,,'יח,0.46,"ל-100 מ""ל",false,1,4.90,10.65,true,1,
4030544,true,מיץ לימונדה לואיזה ולימון גראס 1 ל`,תנובה חלב,,,'יח,10,"ל-100 מ""ל",false,1,12.20,1.19,false,1,
4033705,true,הבורגריה לחמניות המבורגר ביס לוקס 6 בש,מאפיית י.את א. ברמן בעמ,,,'יח,6,ל-100 גרם,false,1,14.90,2.48,false,1,
4033712,true,לחם עננים מקמח מלא 750 גר`,מאפיית י.את א. ברמן בעמ,,,'יח,7.50,ל-100 גרם,false,1,16.90,2.25,true,1,
4033729,true,לחם עננים כוסמין 750 גר`,מאפיית י.את א. ברמן בעמ,,,'יח,7.50,ל-100 גרם,false,1,16.90,2.25,true,1,
4033736,true,לחם עננים בסגנון בריוש,מאפיית י.את א. ברמן בעמ,,,'יח,1,ל-100 גרם,false,1,15.90,15.90,true,1,
4048679,true,קובה למרק 1 ק`ג קפוא,נטו מלינדה סחר בע`מ,,,'יח,10,ל-100 גרם,false,8,17.90,1.79,false,1,
4063016,true,.מלח שולחן מעולה 1 ק`ג,סוגת,,,'יח,10,ל-100 גרם,false,1,1.90,0.19,false,1,
4063115,true,מלח מטבח רגיל 1 ק``ג,סוגת,,,'יח,10,ל-100 גרם,false,1,1.90,0.19,false,1,
4064297,true,"מלח מועשר ביוד בצנצנת 1 ק""ג",סוגת,,,'יח,10,ל-100 גרם,false,1,9.90,0.99,false,1,
4068028,true,צזיקי 500 מ`ל,מחלבות גד בעמ`,,,'יח,2,ל-100 גרם,false,1,9.90,4.95,false,1,
4068035,true,איירן 500 מ`ל,מחלבות גד בעמ`,,,'יח,2,ל-100 גרם,false,1,8.60,4.30,false,1,
4120566,true,גבינה מלוחה %24 בולגרית 250 גרם,תנובה חלב,,,'יח,2.50,ל-100 גרם,false,1,22.90,9.16,false,1,
4125400,true,אשל מהדרין %4.5 200 מ``ל גביע,תנובה חלב,,,'יח,2,"ל-100 מ""ל",false,1,1.69,0.85,false,1,
4125417,true,גיל מהדרין %3 200 מ``ל גביע,תנובה חלב,,,'יח,2,"ל-100 מ""ל",false,1,1.51,0.76,false,1,
4125462,true,תנובה שמנת חמוצה %15 500 גרם,תנובה חלב,,,'יח,5,"ל-100 מ""ל",false,1,6,1.20,false,1,
4125578,true,משקה סויה טרי מועשר קרטון 1 ליטר,תנובה חלב,,,'יח,10,"ל-100 מ""ל",false,1,10.90,1.09,false,1,
4125585,true,משקה סויה בטעם וניל 1 קרטון 1 ליטר,תנובה חלב,,,'יח,10,"ל-100 מ""ל",false,1,10.90,1.09,false,1,
4125738,true,"שמנת מתוקה להקצפה 32% 250 מ""ל",תנובה חלב,,,'יח,2.50,"ל-100 מ""ל",false,1,6.40,2.56,false,1,
4129736,true,יופלה White מעודן %1.5 200 גרם,תנובה חלב,,,'יח,2,"ל-100 מ""ל",false,1,4.90,2.45,false,1,
4130794,true,משקה סויה מועשר מופחת מתיקות 1 ליטר,תנובה חלב,,,'יח,10,"ל-100 מ""ל",false,1,10.90,1.09,false,1,
4131074,true,חלב שתייה טרי בקרטון מהדרין 3% 1ליטר,תנובה חלב,,,'יח,10,"ל-100 מ""ל",false,1,6.23,0.62,false,1,
4132552,true,משקה סויה דיאט בטעם טבעי 1 ל`קרטון,תנובה חלב,,,'יח,10,"ל-100 מ""ל",false,1,10.90,1.09,false,1,
4134945,true,יופלה בטעם מוקה 3% 150 גרם,תנובה חלב,,,'יח,1.50,"ל-100 מ""ל",false,1,5.20,3.47,false,1,
4137311,true,גבינת עמק לייט 9% נוחה לפתיחה 400גרם,תנובה חלב,,,'יח,4,ל-100 גרם,false,1,31.90,7.98,false,1,
4603175,true,מלח הים האדום גס 500 גרם,סוגת,,,'יח,5,ל-100 גרם,false,1,7.90,1.58,false,1,
4685010,true,שיפון פלוס לחם הארץ 100% 500 גר`,מאפיית י.את א. ברמן בעמ,,,'יח,5,ל-100 גרם,false,1,16.90,3.38,false,1,
4685089,true,הארץ חמניות 750 גר`,מאפיית י.את א. ברמן בעמ,,,'יח,7.50,ל-100 גרם,false,1,16.90,2.25,false,1,
4685126,true,הארץ 5 דגנים ברמן 750 גר`,מאפיית י.את א. ברמן בעמ,,,'יח,7.50,ל-100 גרם,false,1,16.90,2.25,false,1,
4685157,true,הארץ שיפון 100% ברמן 750 גר`,מאפיית י.את א. ברמן בעמ,,,'יח,7.50,ל-100 גרם,false,1,16.90,2.25,false,1,
4685201,true,הארץ שיפון אגוזים 500 גר`,מאפיית י.את א. ברמן בעמ,,,'יח,5,ל-100 גרם,false,1,16.90,3.38,false,1,
4685225,true,הארץ שיפון פומפרניקל ברמן,מאפיית י.את א. ברמן בעמ,,,'יח,1,ל-100 גרם,false,1,16.90,16.90,false,1,
4685430,true,הארץ כוסמין 100% ברמן 750 גר`,מאפיית י.את א. ברמן בעמ,,,'יח,7.50,ל-100 גרם,false,1,16.90,2.25,false,1,
4685447,true,לחמניות כוסמין ברמן 6 יח`,מאפיית י.את א. ברמן בעמ,,,'יח,1,ל-100 גרם,false,1,13.90,13.90,false,1,
4768294,true,פילה מושט ללא עור,בלדי בע`מ,,,"ק""ג",1,ל-100 גרם,true,1,34.90,34.90,false,1,
4923099,true,עין גדי מים מינרלים שישיה 2 ליטר,יפאורה - שותפות מוגבלת לשיווק,,,'יח,120,"ל-100 מ""ל",false,1,11.90,0.10,false,1,
5201882,true,קפה טורקי שקית 200 גרם,שטראוס גרופ בע`מ,,,'יח,2.40,ל-100 גרם,false,24,15.90,6.63,false,1,
5271410,true,ביצים ארוזות L 12 יח`,גליקסמן שיווק ביצים [1994] בעמ,,,'יח,1,,false,1,12.05,12.05,false,1,
5271427,true,ביצים ארוזות M 12 יח`,גליקסמן שיווק ביצים [1994] בעמ,,,'יח,1,,false,1,11.15,11.15,false,1,
5287602,true,טונה סטארקיסט בשמן קנולה בדצ160גרם,דיפלומט מפיצים (1968) בע`מ,,,'יח,1.60,ל-100 גרם,false,1,7.40,4.63,false,1,
5325045,true,שקית הפתעה ענקית,סופר גיפט בעמ,,,'יח,1,'יח,false,1,19.90,19.90,false,1,
5325052,true,מארז חנוכה קטן,סופר גיפט בעמ,,,'יח,1,'יח,false,1,5.90,5.90,true,1,
5325403,true,מארז חנוכה גדול,סופר גיפט בעמ,,,'יח,1,'יח,false,1,9.90,9.90,false,1,
5325465,true,שקית הפתעה,סופר גיפט בעמ,,,'יח,1,'יח,false,1,5.90,5.90,true,1,
5325557,true,שקית הפתעה גדולה,סופר גיפט בעמ,,,'יח,1,'יח,false,1,14.90,14.90,false,1,
5384837,true,מיץ לימון מלימונים טריים 500 גרם,ג. וילי-פוד אינטרנשיונל בע`מ,,,'יח,5,"ל-100 מ""ל",false,12,7,1.40,false,1,
5384851,true,מיץ לימון משומר 200 מ`ל,ג. וילי-פוד אינטרנשיונל בע`מ,,,'יח,2,"ל-100 מ""ל",false,24,4.80,2.40,false,1,
5423635,true,ריצפז פלוס נוזל לרצפה דוחה חרקים 2 ל,החב. הדרומית לשיווק,,,'יח,20,"ל-100 מ""ל",false,8,22.90,1.15,false,1,
5424403,true,כיף סבון נוזלי אצות ים 1 ליטר,החב. הדרומית לשיווק,,,'יח,1,,false,12,12.90,12.90,false,1,
5424755,true,ריצפז פלוס מטליות לחות לניקוי רצפות,החב. הדרומית לשיווק,,,'יח,1,,false,12,14.90,14.90,false,1,
5424847,true,סנו סופט מפיות 30*30 150 יח`,החב. הדרומית לשיווק,,,'יח,1,,false,1,8.90,8.90,false,1,
5425196,true,סנו מקסימה סנסטיב 2.5,החב. הדרומית לשיווק,,,'יח,25,ל-100 גרם,false,6,24.90,1,false,1,
5427107,true,סנו סושי מגבות נייר לבנות 6 יח`,החב. הדרומית לשיווק,,,'יח,5.70,ל-100 גרם,false,1,12.90,2.26,false,1,
5431883,true,מלבי חלבי 165 גר`,תנובה חלב,,,'יח,1.50,"ל-100 מ""ל",false,1,6.90,4.60,false,1,
5431920,true,עוגת גבינה פירורים לייט 78 גר`,תנובה חלב,,,'יח,1.50,"ל-100 מ""ל",false,1,6.90,4.60,false,1,
5431937,true,טירמיסו 82 גר`,תנובה חלב,,,'יח,1.50,"ל-100 מ""ל",false,1,6.90,4.60,false,1,
5431968,true,מלבי שמנת 150 גר`,תנובה חלב,,,'יח,1.50,ל-100 גרם,false,1,6.90,4.60,false,1,
5610509,true,צנונית,ביכורי השדה הצפון בעמ` 1964,,,'יח,1,,false,1,6.90,6.90,false,1,
5678806,true,ענב שחור אדורה,ביכורי השדה הצפון בעמ` 1964,,,"ק""ג",0,"ק""ג",true,1,19.90,19.90,false,1,
5678974,true,עליי מנגולד,ביכורי השדה הצפון בעמ` 1964,,,'יח,1,,false,1,6.90,6.90,false,1,
5896620,true,סאן בנדטו 1.5 ל`בודד,טמפו משקאות בע`מ,,,'יח,15,"ל-100 מ""ל",false,1,4.20,0.26,false,1,
5896637,true,סאן בנדטו מים 1.5 ל`בודד,טמפו משקאות בע`מ,,,'יח,15,"ל-100 מ""ל",false,1,4.20,0.26,false,1,
5951022,true,דלעת חתוכה,ביכורי השדה הצפון בעמ` 1964,,,"ק""ג",1,,true,1,10.90,10.90,false,1,
5951039,true,כרובית,ביכורי השדה הצפון בעמ` 1964,,,"ק""ג",1,,true,1,10.90,10.90,false,1,
5992575,true,גבינה בולגרית למריחה 5% 250 גרם,מחלבות גד בעמ`,,,'יח,2.50,ל-100 גרם,false,1,15.90,6.36,false,1,
5992735,true,גבינה לאבנה טבעי 250 גרם,מחלבות גד בעמ`,,,'יח,2.50,ל-100 גרם,false,1,11.90,4.76,false,1,
6129345,true,אנטריקוט דק דק,אדום גרופ למזון שיווק והפצה בע,,,'יח,1,,false,1,24.90,24.90,true,1,
6199942,true,מאגדת גלידל פרי דובדבן 8 יח`,פלקו בעמ חברה ישראלית,,,'יח,1,ל-100 גרם,false,1,19.90,19.90,false,1,
6265500,true,פטריות שמפניון ארוז,ביכורי השדה הצפון בעמ` 1964,,,'יח,1,,false,1,9.90,9.90,false,1,
6272072,true,חטיפי פיצה מרובעים אישי 24 יח 650 גר קפו,תנובה מרכז שיתופי לשיווק תוצרת,,,'יח,6.50,ל-100 גרם,false,8,29.90,4.60,false,1,
6492432,true,בייבי מוצרלה %18 150 גרם,מחלבות גד בעמ`,,,'יח,1.50,ל-100 גרם,false,1,12.90,8.60,false,1,
6492616,true,גבינה בולגרית מעודנת בפרוסות 5% 250ג,מחלבות גד בעמ`,,,'יח,2.50,ל-100 גרם,false,1,25.90,10.36,false,1,
6492852,true,גבינת עזים למריחה 5% 250 גרם,מחלבות גד בעמ`,,,'יח,2.50,ל-100 גרם,false,1,17.90,7.16,true,1,
6492913,true,גבינת לאבנה צזיקי למריחה 5% 250 גרם,מחלבות גד בעמ`,,,'יח,2.50,ל-100 גרם,false,1,12.90,5.16,false,1,
6546500,true,צ`יפס זיגזג 800 גר`,ויטה פרי גליל (החדשה) בע`מ,,,'יח,8,ל-100 גרם,false,15,9.90,1.24,false,1,
6546524,true,צ`פס מובחר 700 גר`,ויטה פרי גליל (החדשה) בע`מ,,,'יח,7,ל-100 גרם,false,15,9.90,1.41,false,1,
6739407,true,שניצל תירס לייט 630 גרם קפוא,נקניק זוגלובק נהריה,,,'יח,6.30,ל-100 גרם,false,12,24.90,3.95,true,1,
6739445,true,שניצל תירס קלאסי 750 גרם,נקניק זוגלובק נהריה,,,'יח,7.50,ל-100 גרם,false,1,26.90,3.59,true,1,
6764072,true,בירה גולדסטאר בקבוק 500 מל,טמפו משקאות בע`מ,,,'יח,5,"ל-100 מ""ל",false,20,7.90,1.34,false,1,
6764157,true,בירה גולדסטאר בקבוק 500 מל,טמפו משקאות בע`מ,,,'יח,5,"ל-100 מ""ל",false,20,7.80,1.32,false,1,
6775894,true,אחוה עוגת שיש ללא סוכר 400 גר,אחדות ביתחרושת לטחינה חלבה,,,'יח,4,ל-100 גרם,false,1,11.90,2.98,false,1,
6908360,true,שקד קלוי 150 גרם,בוטנת בעמ חברה לקלייה ואריזת פ,,,'יח,1.50,ל-100 גרם,false,1,14.90,9.93,false,1,
6908377,true,שקד טבעי 150 גרם,בוטנת בעמ חברה לקלייה ואריזת פ,,,'יח,1.50,ל-100 גרם,false,1,15.90,10.60,true,1,
6908391,true,קשיו קלוי 150 גרם פיצוחי חממה,בוטנת בעמ חברה לקלייה ואריזת פ,,,'יח,1.50,ל-100 גרם,false,1,14.90,9.93,true,1,
6941466,true,"שמן קנולה 1 ליטר""שווה""",ח.כהן סוכנות מזון ומשקאות,,,'יח,10,"ל-100 מ""ל",false,1,9.90,0.99,false,1,
8021043,true,שמפו פינוק לשיער רגיל 700 גרם,יוניליוור ישראל שיווק בע`מ,,,'יח,7,"ל-100 מ""ל",false,1,11.90,1.70,false,1,
8175173,true,חמאה מפינלנד 200 גר` ללא מלח,ג. וילי-פוד אינטרנשיונל בע`מ,,,'יח,2,ל-100 גרם,false,1,11.90,5.95,false,1,
8175814,true,פטריות שמפיניון חתוכות 400 גרם,ג. וילי-פוד אינטרנשיונל בע`מ,,,'יח,4,ל-100 גרם,false,24,4.90,1.23,false,1,
8343602,true,קובה במילוי בשר 1 ק``ג קפוא,נטו מלינדה סחר בע`מ,,,'יח,10,ל-100 גרם,false,8,17.90,1.79,false,1,
8409100,true,אצבעות שניצל בציפוי שומשום 700 גרם קפוא,תנובה מרכז שיתופי לשיווק תוצרת,,,'יח,7,ל-100 גרם,false,10,34.90,4.99,false,1,
8409407,true,שניצל דק בציפוי צ`יפס 700גר קפוא,תנובה מרכז שיתופי לשיווק תוצרת,,,'יח,7,ל-100 גרם,false,1,41.90,5.99,false,1,
8443616,true,נקה 7 מרכך לשיער יבש 750 מל,החב. הדרומית לשיווק,,,'יח,7.50,"ל-100 מ""ל",false,1,11.90,1.59,true,1,
8443647,true,נקה 7 מרכך לשיער מתולתל 750 מל,החב. הדרומית לשיווק,,,'יח,7.50,"ל-100 מ""ל",false,12,11.90,1.59,true,1,
8464024,true,בירה גולדסטאר לא מסונן 500מ`ל,טמפו משקאות בע`מ,,,'יח,5,"ל-100 מ""ל",false,12,8.90,1.72,false,1,
8464130,true,בירה UF גולדסטאר 330מ`ל*6יח,טמפו משקאות בע`מ,,,'יח,19.80,"ל-100 מ""ל",false,4,39.90,1.92,true,1,
8464345,true,בירה גולדסטאר בקבוק להחזרה 330 מ``ל,טמפו משקאות בע`מ,,,'יח,3.30,"ל-100 מ""ל",false,1,5.90,1.70,false,1,
8464468,true,בירה גולדסטאר פחית להחזרה 500 מל,טמפו משקאות בע`מ,,,'יח,5,"ל-100 מ""ל",false,24,7.90,1.52,false,1,
8464604,true,בירה היינקן פחית 500 מל,טמפו משקאות בע`מ,,,'יח,5,"ל-100 מ""ל",false,24,9.90,1.92,false,1,
8464611,true,מי סודה 275 מ`ל,טמפו משקאות בע`מ,,,'יח,2.75,"ל-100 מ""ל",false,1,3.90,1.31,true,1,
8464697,true,בירה מכבי 7.9% אלכוהול 6יח*330מ`ל בק`,טמפו משקאות בע`מ,,,'יח,19.80,"ל-100 מ""ל",false,4,39.90,1.92,true,1,
8464703,true,בירה מכבי בקבוק 6*330 מל,טמפו משקאות בע`מ,,,'יח,19.80,"ל-100 מ""ל",false,4,34.90,1.67,true,1,
8464741,true,בירה גולדסטאר בקבוק 6*330 מ`ל,טמפו משקאות בע`מ,,,'יח,19.80,"ל-100 מ""ל",false,4,36.90,1.77,true,1,
8469500,true,בשר מס 8 שריר הזרוע מוכשר,עוף ירושלים מהדרין בע`מ,,,"ק""ג",1,,true,1,24.90,24.90,false,1,
8493710,true,פרורי גרסיני זהב 200 גרם,דנאגיס בעמ,,,'יח,2,ל-100 גרם,false,16,6.90,3.45,false,1,
8757980,true,ספרינג נקטר רימונים 1 ליטר קרטון,יפאורה - שותפות מוגבלת לשיווק,,,'יח,10,"ל-100 מ""ל",false,1,6.90,0.69,false,1,
8835961,true,פילה מושט קפוא,בלדי בע`מ,,,"ק""ג",1,ל-100 גרם,true,1,24.90,24.90,true,1,
10003440,true,שבבי בצל מטוגן 200 גר`,א.ל. ייצור ושיווק תבלינים בע`מ,,,'יח,2,ל-100 גרם,false,1,11.90,5.95,false,1,
10065745,true,פרינוק מחית לפתן פירות שלב 3 190 גרם,גורי מוצרי צריכה 1991 בע`מ,,,'יח,1.90,ל-100 גרם,false,1,6.90,3.63,true,1,
10118328,true,תפוצ`יפס בטעם טבעי 6*40 גרם,שטראוס פריטו ליי בע`מ,,,'יח,2.40,ל-100 גרם,false,1,11.90,4.96,false,1,
10124473,true,אפונה עדינה 600 גר`,בלדי בע`מ,,,'יח,6,ל-100 גרם,false,1,11.90,1.98,false,1,
10126323,true,חציל במיונז 400 גר`,ויטה פרי גליל (החדשה) בע`מ,,,'יח,4,ל-100 גרם,false,1,10.90,2.73,true,1,
10126330,true,תירס במיונז 400 גר,ויטה פרי גליל (החדשה) בע`מ,,,'יח,4,ל-100 גרם,false,1,10.90,2.73,true,1,
10126477,true,טחינה ירוקה 400 גר`,ויטה פרי גליל (החדשה) בע`מ,,,'יח,4,ל-100 גרם,false,1,10.90,2.73,true,1,
10126484,true,מטבוחה 400 גר`,ויטה פרי גליל (החדשה) בע`מ,,,'יח,4,ל-100 גרם,false,1,10.90,2.73,true,1,
10126491,true,סלט סלק 400 גר`,ויטה פרי גליל (החדשה) בע`מ,,,'יח,4,ל-100 גרם,false,1,10.90,2.73,true,1,
10126507,true,סלט טורקי 400 גר`,ויטה פרי גליל (החדשה) בע`מ,,,'יח,4,ל-100 גרם,false,1,10.90,2.73,true,1,
10126583,true,חציל טבעי 400 גר`,ויטה פרי גליל (החדשה) בע`מ,,,'יח,4,ל-100 גרם,false,1,10.90,2.73,true,1,
10126873,true,קולסלו,ויטה פרי גליל (החדשה) בע`מ,,,'יח,4,ל-100 גרם,false,1,10.90,2.73,true,1,
10126958,true,תפו`א במיונז 400 גר`,ויטה פרי גליל (החדשה) בע`מ,,,'יח,4,ל-100 גרם,false,1,10.90,2.73,true,1,
10126972,true,טחינה לבנה 400 גר`,ויטה פרי גליל (החדשה) בע`מ,,,'יח,4,ל-100 גרם,false,1,10.90,2.73,true,1,
10154029,true,אריסה מתוקה 250 ג,נטו מלינדה סחר בע`מ,,,'יח,2.50,ל-100 גרם,false,12,12.90,5.16,false,1,
10154548,true,+ממרח שום טבעי 235 גר`,נטו מלינדה סחר בע`מ,,,'יח,2.35,ל-100 גרם,false,12,12.90,5.49,false,1,
10154678,true,אריסה ביתית 250 גרם,נטו מלינדה סחר בע`מ,,,'יח,2.50,ל-100 גרם,false,12,12.90,5.16,false,1,
10154685,true,שום כתוש 250 גרם,נטו מלינדה סחר בע`מ,,,'יח,2.50,ל-100 גרם,false,12,12.90,5.16,false,1,
10237890,true,בירה היינקן בקבוק 500 מל,טמפו משקאות בע`מ,,,'יח,5,"ל-100 מ""ל",false,20,8.80,1.52,false,1,
10259007,true,בישקוטים 200 גרם,ג. וילי-פוד אינטרנשיונל בע`מ,,,'יח,2,ל-100 גרם,false,12,6.90,3.45,false,1,
10259359,true,נודלס ביצים להקפצה 200 גרם,ג. וילי-פוד אינטרנשיונל בע`מ,,,'יח,2,ל-100 גרם,false,24,4.90,2.45,false,1,
10259977,true,שמן קנולה מזוכך 1 ליטר,ג. וילי-פוד אינטרנשיונל בע`מ,,,'יח,10,"ל-100 מ""ל",false,1,9.90,0.99,false,1,
10328093,true,ממרח חלבה 400 גרם,אחדות ביתחרושת לטחינה חלבה,,,'יח,4,"ל-100 מ""ל",false,1,10.90,2.73,false,1,
10328345,true,חלווה 50 גר` בקופסה,אחדות ביתחרושת לטחינה חלבה,,,'יח,0.50,ל-100 גרם,false,1,1.50,3,true,1,
10328468,true,חטיפי מיני חלווה בטעמים 18 יח`,אחדות ביתחרושת לטחינה חלבה,,,'יח,1,,false,1,10.90,10.90,true,1,
10328505,true,חטיפי מיני חלווה ללא תוספת סוכר 15 יח,אחדות ביתחרושת לטחינה חלבה,,,'יח,1.50,'יח,false,1,10.90,7.27,true,1,
10328727,true,ממרח טחינה עם שוקולד 400 גר`,אחדות ביתחרושת לטחינה חלבה,,,'יח,4,"ל-100 מ""ל",false,1,11.90,2.98,false,1,
10328734,true,ממרח טחינה עם סילאן 400 גר`,אחדות ביתחרושת לטחינה חלבה,,,'יח,4,"ל-100 מ""ל",false,1,11.90,2.98,false,1,
10328765,true,חלווה 50 גר` שוקו וניל בקופסא,אחדות ביתחרושת לטחינה חלבה,,,'יח,0.50,ל-100 גרם,false,1,1.50,3,true,1,
10429684,true,מארז דבש 350 פרחי בר,שטראוס גרופ בע`מ,,,'יח,7,ל-100 גרם,false,1,31.90,4.56,false,1,
10472307,true,גמדים לשתיה תות בננה 8*100 מל,שטראוס גרופ בע`מ,,,'יח,8,"ל-100 מ""ל",false,6,20.40,2.55,true,1,
10546053,true,גרנולה ללא תוספת סוכר 400 גר`,גורי מוצרי צריכה 1991 בע`מ,,,'יח,4,ל-100 גרם,false,6,19.90,4.98,false,1,
10582037,true,סוויט בייט פלפלונים,ביכורי השדה הצפון בעמ` 1964,,,'יח,1,,false,1,8.90,8.90,false,1,
10609000,true,טרופית בודד,מ.ד אטיאס סוכנויות מזון בע`מ,,,'יח,3.30,"ל-100 מ""ל",false,1,1.70,0.52,false,1,
10609550,true,טרופית פקק 20 יח`,דודו הדיל בעמ,,,'יח,20,"ל-100 מ""ל",false,1,24.90,1.25,false,1,
10609734,true,"אייס לי קרחונים להקפאה 8 יח` 800 מ""ל",דודו הדיל בעמ,,,'יח,1,,false,1,5.90,5.90,true,1,
10609840,true,טרופית בודד,מ.ד אטיאס סוכנויות מזון בע`מ,,,'יח,3,"ל-100 מ""ל",false,1,1.70,0.57,false,1,
10650019,true,אנדיב בלגי אמיתי,ביכורי השדה הצפון בעמ` 1964,,,'יח,1,,false,1,12.90,12.90,false,1,
10748860,true,אפקטיב קר קרם ידיים סנסיטיב לעור יבש ב,"פישר תעשיות פרמצבטיות בע""מ",,,'יח,1.50,"ל-100 מ""ל",false,1,16.90,11.27,false,1,
10922949,true,תות קפוא 250 גר` shake it,בלדי בע`מ,,,'יח,2.50,ל-100 גרם,false,1,11.90,4.76,true,1,
11017866,true,פחית ק`ק סילק 330 מ`ל,החברה המרכזית להפצת משקאות בע`,,,'יח,3.30,"ל-100 מ""ל",false,24,4.90,1.39,true,1,
11017873,true,פחית זירו סליק 330 מ`ל,החברה המרכזית להפצת משקאות בע`,,,'יח,3.30,"ל-100 מ""ל",false,24,4.20,1.18,true,1,
11018443,true,פחית פנטה אורנג` סילק 330 מ`ל,החברה המרכזית להפצת משקאות בע`,,,'יח,3.30,"ל-100 מ""ל",false,24,4.20,1.18,true,1,
11108045,true,סלרי,ביכורי השדה הצפון בעמ` 1964,,,'יח,1,,false,1,6.90,6.90,false,1,
11115203,true,סבון נקה 7 מוצק קלאסיק מבושם 4*100גר,החב. הדרומית לשיווק,,,'יח,4,ל-100 גרם,false,12,10.90,2.73,false,1,
11128043,true,שורש פטרוזליה,ביכורי השדה הצפון בעמ` 1964,,,'יח,1,,false,1,4.90,4.90,false,1,
11133375,true,בירה מכבי שנדי אפרסק בקבוק 6*330מל,טמפו משקאות בע`מ,,,'יח,19.80,"ל-100 מ""ל",false,4,34.90,1.67,true,1,
11148898,true,ברוקלי יח`,ביכורי השדה הצפון בעמ` 1964,,,'יח,1,,false,1,9.90,9.90,false,1,
11148935,true,מלפפון מיני,ביכורי השדה הצפון בעמ` 1964,,,'יח,1,,false,1,9.90,9.90,false,1,
11235024,true,רוזמרין,ביכורי השדה הצפון בעמ` 1964,,,'יח,1,,false,1,5.90,5.90,false,1,
11235055,true,בזיליקום,ביכורי השדה הצפון בעמ` 1964,,,'יח,1,,false,1,5.90,5.90,false,1,
11235062,true,עירית,ביכורי השדה הצפון בעמ` 1964,,,'יח,1,,false,1,5.90,5.90,false,1,
11235079,true,טימין,ביכורי השדה הצפון בעמ` 1964,,,'יח,1,,false,1,5.90,5.90,false,1,
11480509,true,פטרוזליה מהדרין הכפר,ביכורי השדה הצפון בעמ` 1964,,,'יח,1,,false,1,5.90,5.90,false,1,
11480516,true,שמיר מהדרין הכפר,ביכורי השדה הצפון בעמ` 1964,,,'יח,1,,false,1,5.90,5.90,false,1,
11480523,true,נענע מהדרין הכפר,ביכורי השדה הצפון בעמ` 1964,,,'יח,1,,false,1,5.90,5.90,false,1,
11480530,true,כוסברה מהדרין הכפר,ביכורי השדה הצפון בעמ` 1964,,,'יח,1,,false,1,5.90,5.90,false,1,
11480554,true,סלרי עלים גוש קטיף,ביכורי השדה הצפון בעמ` 1964,,,'יח,1,,false,1,5.90,5.90,false,1,
11480578,true,חסה,ביכורי השדה הצפון בעמ` 1964,,,'יח,1,,false,1,6.90,6.90,false,1,
11499051,true,גבינת פטה כבשים 20% 250 גרם,מחלבות גד בעמ`,,,'יח,2.50,ל-100 גרם,false,1,25.90,10.36,false,1,
11499105,true,גבינה בולגרית 5% 250 גרם,מחלבות גד בעמ`,,,'יח,2.50,ל-100 גרם,false,1,21.90,8.76,false,1,
11499129,true,גבינה בולגרית קוביות מעודנת 5% 250גר,מחלבות גד בעמ`,,,'יח,2,ל-100 גרם,false,1,21.90,10.95,false,1,
11499327,true,גבינה בולגרית מעודנת 5% 250 גרם,מחלבות גד בעמ`,,,'יח,2.50,ל-100 גרם,false,1,21.90,8.76,false,1,
11499624,true,גבינת ניו יורק טבעי 30%,מחלבות גד בעמ`,,,'יח,2,ל-100 גרם,false,1,13.90,6.95,false,1,
11499853,true,גבינת ניו יורק זיתים 30%,מחלבות גד בעמ`,,,'יח,2,ל-100 גרם,false,1,13.90,6.95,false,1,
11501617,true,חמוציות ברכז תפוחים ללא סוכר 250 גרם,דין שיווק וקליה 2021 בעמ,,,'יח,2.50,ל-100 גרם,false,1,14.90,5.96,false,1,
11515683,true,אקסטרים וניל 6*72 גרם,נגה גלידות שותפות מוגבלת,,,'יח,0.72,ל-100 גרם,false,1,27.90,38.75,false,1,
11530471,true,פולי סויה אדממה 1 ק`ג,בלדי בע`מ,,,'יח,10,ל-100 גרם,false,1,14.90,1.49,false,1,
11570644,true,קמח ללחם כרגיל`ללא גלוטן,תומר ייבוא ושיווק מוצרי מזון [,,,'יח,4.50,ל-100 גרם,false,1,14.90,3.31,false,1,
11587307,true,ארטישוק תחתיות,תומר ייבוא ושיווק מוצרי מזון [,,,'יח,4,ל-100 גרם,false,24,10.60,2.65,false,1,
11598211,true,אנטי קאלק רב שימושי 4ב1 700 מל,החב. הדרומית לשיווק,,,'יח,7,"ל-100 מ""ל",false,12,17.90,2.56,true,1,
11607197,true,"קולון 101 אבקת כביסה שקית 5 ק""ג",תה ויסוצקי בע`מ,,,'יח,50,ל-100 גרם,false,1,34.90,0.70,true,1,
11725037,true,נענע שקית מהדרין,ביכורי השדה הצפון בעמ` 1964,,,'יח,0,'יח,false,1,5.90,5.90,false,1,
11877156,true,מטהר אויר סנופרש Mask ענק 375 מל,החב. הדרומית לשיווק,,,'יח,3.75,"ל-100 מ""ל",false,12,10.90,2.91,false,1,
11947743,true,מיקס זית ירוק וזית קלמטה 215 גר` זיתא,תה ויסוצקי בע`מ,,,'יח,2.17,ל-100 גרם,false,1,14.90,6.87,true,1,
11947903,true,מיקס זיתים יווני 215 גר` זיתא,תה ויסוצקי בע`מ,,,'יח,2.17,ל-100 גרם,false,1,14.90,6.87,false,1,
11964658,true,מלח לימון 170 גרם,תבליני טעם וריח,,,'יח,1,,false,1,9.90,9.90,true,1,
12022272,true,קליליות קידס,דילייט 2005 בע`מ,,,'יח,1,ל-100 גרם,false,1,11.50,11.50,false,1,
12117091,true,סנו מקסימה אבקת כביסה סנסטיב 6קג שקית,החב. הדרומית לשיווק,,,'יח,6,ל-100 גרם,false,3,49.90,8.32,false,1,
12117534,true,מרכך סופר מרוכז קול 1 ל`,החב. הדרומית לשיווק,,,'יח,10,"ל-100 מ""ל",false,12,18.90,1.89,true,1,
12117558,true,מרכך סופר מרוכז מאסק 1 ל`,החב. הדרומית לשיווק,,,'יח,10,"ל-100 מ""ל",false,12,18.90,1.89,true,1,
12226014,true,נקניקיות וינר 800גר,נקניק זוגלובק נהריה,,,'יח,8,ל-100 גרם,false,1,21.90,2.74,false,1,
12226076,true,פסטרמה חרמון 200 גר`,נקניק זוגלובק נהריה,,,'יח,2,ל-100 גרם,false,1,15.70,7.85,false,1,
12226120,true,קבנוס זוגלובק טבעי 135 גרם,נקניק זוגלובק נהריה,,,'יח,1.35,ל-100 גרם,false,1,10.90,8.07,false,1,
12227325,true,סלמי מעושן איטלקי 120 גר` דק דק,נקניק זוגלובק נהריה,,,'יח,1.20,ל-100 גרם,false,1,14.90,12.42,true,1,
12227400,true,נקניקיות עוף 800 גר`,נקניק זוגלובק נהריה,,,'יח,8,ל-100 גרם,false,1,21.90,2.74,false,1,
12227974,true,פסטרמה בדבש 120 גר` דק דק,נקניק זוגלובק נהריה,,,'יח,1.20,ל-100 גרם,false,1,14.90,12.42,true,1,
12227981,true,פסטרמה ברביקיו 120 גר` דק דק,נקניק זוגלובק נהריה,,,'יח,1.20,ל-100 גרם,false,1,14.90,12.42,true,1,
12227998,true,חזה בקר 120 גר` דק דק,נקניק זוגלובק נהריה,,,'יח,1.20,ל-100 גרם,false,1,14.90,12.42,true,1,
12313141,true,מלפפון פרוס במלח,קבוצת יבנה,,,'יח,6,ל-100 גרם,false,1,6.90,1.15,true,1,
12642036,true,לה פסטה 5 ספגטי 400 גר`,תומר ייבוא ושיווק מוצרי מזון [,,,'יח,4,ל-100 גרם,false,1,3.90,0.98,true,1,
12645075,true,יוגורט כבשים בגביע 350 גר` -חלב הארץ,שטראוס גרופ בע`מ,,,'יח,3.50,ל-100 גרם,false,1,11.90,3.40,true,1,
12779169,true,סלנובה,ביכורי השדה הצפון בעמ` 1964,,,'יח,1,,false,1,10.90,10.90,false,1,
12823381,true,מרכך סופר מרוכז סנסטיב 1 ל`,החב. הדרומית לשיווק,,,'יח,10,"ל-100 מ""ל",false,1,18.90,1.89,true,1,
12823398,true,מטליות לחות לרצפה בניחוח מרכך כביסה,החב. הדרומית לשיווק,,,'יח,1,,false,12,12.90,12.90,false,1,
12823947,true,מרכך מקסימה פרפיום קריסטל 750 מ`ל,החב. הדרומית לשיווק,,,'יח,7.50,"ל-100 מ""ל",false,12,17.90,2.39,true,1,
12901959,true,דודלס אטריות עם גבינה מסולסלים 156 גר`,מור ים מרקטינג בעמ,,,'יח,1.56,ל-100 גרם,false,1,10.90,6.99,false,1,
12975875,true,כוסות יהלום בנדע,ח.כהן סוכנות מזון ומשקאות,,,'יח,1,,false,1,9.90,9.90,true,1,
12982873,true,פילה אמנון מושט,ג.עופר יצור ושיווק בשר בעמ`,,,"ק""ג",1,,true,1,24.90,24.90,true,1,
13083661,true,מטרנה קייר שלב 1 700 גרם,קבוצת אסם סחר,,,'יח,7,ל-100 גרם,false,1,59.90,8.56,false,1,
13144195,true,תערובת כדורי שוקולד 500 גרם,א.ל. ייצור ושיווק תבלינים בע`מ,,,'יח,5,ל-100 גרם,false,1,16.90,3.38,true,1,
13145215,true,שומשום 400 גרם,א.ל. ייצור ושיווק תבלינים בע`מ,,,'יח,4,ל-100 גרם,false,1,11.90,2.98,false,1,
13146663,true,אטריות צבעוניות לקישוט 55 גר`,א.ל. ייצור ושיווק תבלינים בע`מ,,,'יח,0.55,ל-100 גרם,false,1,10.90,19.82,true,1,
13146670,true,סוכריות לב סגול ורוד לבן לקישוט 60 גר`,א.ל. ייצור ושיווק תבלינים בע`מ,,,'יח,0.60,ל-100 גרם,false,1,10.90,18.17,true,1,
13153593,true,מיץ תפוז מתקתק 100% 1 ליטר,החברה המרכזית להפצה,,,'יח,10,"ל-100 מ""ל",false,1,11.90,1.19,false,1,
13268020,true,מרכך סופר מרוכז אולטרא פרש 1 ל`,החב. הדרומית לשיווק,,,'יח,10,"ל-100 מ""ל",false,12,18.90,1.89,true,1,
13268037,true,מרכך סופר מרוכז פצולי לבנדר 1 ל`,החב. הדרומית לשיווק,,,'יח,10,"ל-100 מ""ל",false,12,18.90,1.89,true,1,
13268242,true,רצפז פרש הום בניחוח מלון מפנק 2 ל`,החב. הדרומית לשיווק,,,'יח,20,"ל-100 מ""ל",false,1,21.90,1.10,false,1,
13268983,true,מרכך סופר מרוכז JOY 1 ל`,החב. הדרומית לשיווק,,,'יח,10,"ל-100 מ""ל",false,12,18.90,1.89,true,1,
13269003,true,מרכך סופר מרוכז בייבי 1 ל`,החב. הדרומית לשיווק,,,'יח,10,"ל-100 מ""ל",false,12,18.90,1.89,true,1,
13269621,true,סנו ריצפז פרש הום 2 ליטר,החב. הדרומית לשיווק,,,'יח,20,"ל-100 מ""ל",false,8,21.90,1.10,false,1,
13269669,true,סנו ריצפז ריח פנטזיה 3 ליטר,החב. הדרומית לשיווק,,,'יח,3,לליטר,false,6,12.90,4.30,false,1,
13284136,true,מלפפון במלח 7-9 פרי ניר,אבאל יזמות בעמ,,,'יח,5.60,ל-100 גרם,false,1,5.90,1.05,false,1,
13284181,true,מלפפון בחומץ 10-12 פרי ניר,אבאל יזמות בעמ,,,'יח,5.60,ל-100 גרם,false,1,6.90,1.23,false,1,
13284310,true,רוטב פסטה 240 גר`פריניר,מ.ד אטיאס סוכנויות מזון בע`מ,,,'יח,2.40,ל-100 גרם,false,1,5.50,2.29,true,1,
13284662,true,רוטב פיצה פסטה 240 גר`,מ.ד אטיאס סוכנויות מזון בע`מ,,,'יח,2.40,ל-100 גרם,false,1,5.50,2.29,true,1,
13358578,true,מנה אסייאתי אטריות אורז רחבות 5 מ`מ,ש. שסטוביץ בע`מ,,,'יח,4,ל-100 גרם,false,1,8.90,2.23,false,1,
13358585,true,מנה אסייאתי נודלס ביצים להקפצה,ש. שסטוביץ בע`מ,,,'יח,4,ל-100 גרם,false,1,8.90,2.23,false,1,
13366047,true,כרובית פיורטי 500 גר`,ביכורי השדה הצפון בעמ` 1964,,,'יח,1,,false,1,14.90,14.90,false,1,
13366108,true,אפסרגוס שלם,ביכורי השדה הצפון בעמ` 1964,,,'יח,1,,false,1,29.90,29.90,false,1,
13389114,true,ניוקי תפו`א 500 גר`,תומר ייבוא ושיווק מוצרי מזון [,,,'יח,5,ל-100 גרם,false,1,6.90,1.38,false,1,
13472199,true,ערמונים קלופים וקלויים 100 גרם,ג. וילי-פוד אינטרנשיונל בע`מ,,,'יח,1.05,ל-100 גרם,false,1,5.90,5.62,true,1,
13531629,true,רוטב פומדורו 240 גר`,זנלכול יכין,,,'יח,2.60,ל-100 גרם,false,1,5.90,2.27,true,1,
13581648,true,מינוט סטייק 250 גר` אל מטאדור,בלדי בע`מ,,,'יח,2.50,ל-100 גרם,false,1,24.90,9.96,true,1,
13585394,true,קוקה קולה 1 ל` פיקדון,החברה המרכזית להפצת משקאות בע`,,,'יח,10,"ל-100 מ""ל",false,12,7.20,0.69,false,1,
13675545,true,שניצל כלי תחבורה,תנובה מרכז שיתופי לשיווק תוצרת,,,'יח,7,ל-100 גרם,false,10,34.90,4.99,false,1,
13678034,true,פלפל מרוקאי 400 גר`,ויטה פרי גליל (החדשה) בע`מ,,,'יח,4,ל-100 גרם,false,1,10.90,2.73,true,1,
13678041,true,פלפל רצועות 400 גר`,ויטה פרי גליל (החדשה) בע`מ,,,'יח,4,ל-100 גרם,false,1,10.90,2.73,true,1,
13678171,true,חציל המלך 400 גר`,ויטה פרי גליל (החדשה) בע`מ,,,'יח,4,ל-100 גרם,false,1,10.90,2.73,true,1,
13847454,true,טונה סטארקיסט בשמן קנולה 4*160 גרם,דיפלומט מפיצים (1968) בע`מ,,,'יח,6.40,ל-100 גרם,false,12,24.90,3.89,false,1,
13848345,true,מארז שלישייה-מטליות לחות לחיטוי וניקוי,החב. הדרומית לשיווק,,,'יח,1,,false,1,21.90,21.90,false,1,
13848758,true,ג`ל כביסה בייבי 3 ליטר,החב. הדרומית לשיווק,,,'יח,3,"ל-100 מ""ל",false,6,32.90,10.97,false,1,
13927156,true,אחוה עוגה בטעם פירות יער ללא סוכר 450,אחדות ביתחרושת לטחינה חלבה,,,'יח,4.50,ל-100 גרם,false,1,12.90,2.87,false,1,
13927514,true,רוגעלך קינמון 400 גר`,אחדות ביתחרושת לטחינה חלבה,,,'יח,4,ל-100 גרם,false,1,10.90,2.73,false,1,
13927583,true,רוגעלך בטעם וניל שוקוציפס 400 גר`,אחדות ביתחרושת לטחינה חלבה,,,'יח,4,ל-100 גרם,false,1,10.90,2.73,false,1,
13927613,true,רוגעלך בטעם שוקו וניל 400 גר`,אחדות ביתחרושת לטחינה חלבה,,,'יח,4,ל-100 גרם,false,1,10.90,2.73,false,1,
14046757,true,סלמי תה`שרולה`300 גרם,מעדני יחיעם ( 1993 ) בע`מ,,,'יח,3,ל-100 גרם,false,1,21.90,7.30,true,1,
14079014,true,לבבות קיסר נספק,ביכורי השדה הצפון בעמ` 1964,,,'יח,1,,false,1,9.90,9.90,false,1,
14094406,true,צימוק לבן 250 גרם בקופסא,דין שיווק וקליה 2021 בעמ,,,'יח,2.50,ל-100 גרם,false,1,13.90,5.56,false,1,
14094642,true,קשיו טבעי גדול 200 גרם בקופסא,דין שיווק וקליה 2021 בעמ,,,'יח,2,ל-100 גרם,false,1,22.90,11.45,false,1,
14094895,true,אגוזי מלך קלופים 150 גרם,דין שיווק וקליה 2021 בעמ,,,'יח,1.50,ל-100 גרם,false,1,14.90,9.93,true,1,
14205024,true,קערית אובלית לבן 25 יח,ח.כהן סוכנות מזון ומשקאות,,,'יח,25,'יח,false,1,4.90,0.20,false,1,
14205031,true,לפתניה לבן 25 יח`,ח.כהן סוכנות מזון ומשקאות,,,'יח,1,,false,1,3.90,3.90,false,1,
14205062,true,כוסות שקוף 100 יח,ח.כהן סוכנות מזון ומשקאות,,,'יח,1,,false,1,7.90,7.90,false,1,
14205086,true,כוסות יין 50 יח,ח.כהן סוכנות מזון ומשקאות,,,'יח,1,,false,1,4.90,4.90,false,1,
14205116,true,כוסות שקוף שמש 140 יח,ח.כהן סוכנות מזון ומשקאות,,,'יח,1,,false,1,19.90,19.90,false,1,
14205659,true,לבבות דקל שלם 400 גרם,ח.כהן סוכנות מזון ומשקאות,,,'יח,4,ל-100 גרם,false,1,10.90,2.73,false,1,
14205666,true,לבבות דקל חתוך 400 גרם,ח.כהן סוכנות מזון ומשקאות,,,'יח,4,ל-100 גרם,false,1,9.90,2.48,false,1,
14205796,true,"שק מזון זוג בקופסא 2*150 יח""שווה""",ח.כהן סוכנות מזון ומשקאות,,,'יח,0,'יח,false,1,10.90,10.90,false,1,
14206427,true,"מיכלי אחסון 0.5 ל` 6 יח` ""שווה""",ח.כהן סוכנות מזון ומשקאות,,,'יח,1,,false,1,9.90,9.90,true,1,
14206434,true,"מיכלי אחסון 1 ל` 5 יח` ""שווה""",ח.כהן סוכנות מזון ומשקאות,,,'יח,1,,false,1,9.90,9.90,true,1,
14206441,true,"מיכלי אחסון 2 ל` 4 יח` ""שווה""",ח.כהן סוכנות מזון ומשקאות,,,'יח,1,,false,1,9.90,9.90,true,1,
14206458,true,"מיכלי אחסון 2.5 ל` 2 יח` ""שווה""",ח.כהן סוכנות מזון ומשקאות,,,'יח,1,,false,1,9.90,9.90,true,1,
14206519,true,"שקיות הקפאה בשקית 200 יח`""שווה""",ח.כהן סוכנות מזון ומשקאות,,,'יח,1,,false,1,7.90,7.90,false,1,
14217003,true,פפריקה מעושנת,תבליני טעם וריח,,,'יח,1,,false,1,9.90,9.90,true,1,
14217065,true,אורגנו עלים,תבליני טעם וריח,,,'יח,1,,false,1,9.90,9.90,true,1,
14217171,true,תיבול גריל דג,תבליני טעם וריח,,,'יח,1,,false,1,9.90,9.90,true,1,
14217225,true,גריל עוף,תבליני טעם וריח,,,'יח,1,,false,1,9.90,9.90,true,1,
14217263,true,תערובת תיבול לפרגיות,תבליני טעם וריח,,,'יח,1,,false,1,9.90,9.90,true,1,
14217362,true,תיבול לקציצות,תבליני טעם וריח,,,'יח,1,,false,1,9.90,9.90,true,1,
14217492,true,מיכל תיבול פילידפיה,תבליני טעם וריח,,,'יח,1,,false,1,9.90,9.90,true,1,
14217522,true,תבלין לחם שום תערובת 100 גר`,תבליני טעם וריח,,,'יח,1,,false,1,9.90,9.90,true,1,
14288058,true,להבונים 50 יחק שקית `שווה`,ח.כהן סוכנות מזון ומשקאות,,,'יח,50,'יח,false,1,9.90,0.20,true,1,
14288300,true,"טורטיה 8 יח` 320 גרם ""שווה""",ח.כהן סוכנות מזון ומשקאות,,,'יח,4.20,ל-100 גרם,false,1,9.90,2.36,true,1,
14288317,true,"טורטיה תירס 6 יח 420 גר` ""שווה""",ח.כהן סוכנות מזון ומשקאות,,,'יח,4.20,ל-100 גרם,false,1,9.90,2.36,true,1,
14288324,true,"טורטיה מקמח מלא 8 יח` 320 גר` ""שווה""",ח.כהן סוכנות מזון ומשקאות,,,'יח,4.20,ל-100 גרם,false,1,9.90,2.36,true,1,
14288461,true,נר נשמה פחית,ח.כהן סוכנות מזון ומשקאות,,,'יח,1,,false,1,1.90,1.90,true,1,
14288584,true,"נייר אפיה 50 יח` איכותי ""שווה""",ח.כהן סוכנות מזון ומשקאות,,,'יח,1,'יח,false,1,7.90,7.90,true,1,
14288720,true,כוסות וודקה 350CC,ח.כהן סוכנות מזון ומשקאות,,,'יח,1,,false,1,7.90,7.90,true,1,
14288843,true,נרות שבת מספרים,ח.כהן סוכנות מזון ומשקאות,,,'יח,1,,false,1,3.90,3.90,false,1,
14397705,true,פוליויקס פרקט מאסק 2 ליטר,החב. הדרומית לשיווק,,,'יח,2,לליטר,false,1,21.90,10.95,false,1,
14397873,true,מרכך כביסה סנו מקסימה gentle breeze 4,החב. הדרומית לשיווק,,,'יח,40,"ל-100 מ""ל",false,6,22.90,0.57,false,1,
14455245,true,גרנה פדנו משולש 200 גר`,מחלבות גד בעמ`,,,'יח,2,ל-100 גרם,false,1,24.90,12.45,false,1,
14455252,true,גרנה פדנו מגורד 100 גר`,מחלבות גד בעמ`,,,'יח,10,ל-100 גרם,false,1,12.90,1.29,false,1,
14459205,true,תפוגן סטייק ציפס 1.8 קג,קבוצת אסם סחר,,,'יח,18,ל-100 גרם,false,1,23.90,1.33,false,1,
14459472,true,תפוגן צ`יפס קלאסי 2 קג`,קבוצת אסם סחר,,,'יח,20,ל-100 גרם,false,1,28.90,1.45,false,1,
14692565,true,גרעיני תירס מתוק 320 גרם,ג. וילי-פוד אינטרנשיונל בע`מ,,,'יח,3.20,ל-100 גרם,false,24,5.90,1.84,false,1,
14749245,true,עוף טוב רצועות שניצל שומשום 600 גר`,קבוצת אסם סחר,,,'יח,6,ל-100 גרם,false,1,32.90,5.48,true,1,
14760134,true,מעדן סויה בטעם וניל,תנובה חלב,,,'יח,1.25,ל-100 גרם,false,1,3.90,3.12,false,1,
14760141,true,משקה שקדים טרי 1 ליטר,תנובה חלב,,,'יח,10,"ל-100 מ""ל",false,1,11.90,1.19,false,1,
14761056,true,מעדן YOLO שוקולד חלב מעולה,תנובה חלב,,,'יח,1.23,ל-100 גרם,false,1,4.60,3.74,false,1,
14761063,true,מעדן YOLO שוקולד מריר מעולה,תנובה חלב,,,'יח,1.23,ל-100 גרם,false,1,4.60,3.74,false,1,
14761070,true,מעדן YOLO שוקולד לבן מעולה,תנובה חלב,,,'יח,1.23,ל-100 גרם,false,1,4.60,3.74,false,1,
14761414,true,מעדן YOLO שכבות שוקולד חלב ולבן,תנובה חלב,,,'יח,1.23,ל-100 גרם,false,1,4.60,3.74,false,1,
14761612,true,מעדן YOLO שוקולד מריר ולבן,תנובה חלב,,,'יח,1.23,ל-100 גרם,false,1,4.60,3.74,false,1,
14762800,true,גביע מעדן סויה בטעם שוקולד,תנובה חלב,,,'יח,1.24,ל-100 גרם,false,1,3.90,3.15,false,1,
14763098,true,קרם גבינת שמנת 5% טוסקנה,תנובה חלב,,,'יח,2,ל-100 גרם,false,1,11.80,5.90,false,1,
14785007,true,גרגירי טפיוקה קטנים 400 גר`,טחנת האבן קואופ בעמ,,,'יח,4,ל-100 גרם,false,1,8.90,2.23,false,1,
14785991,true,רוטב סויה ללא גלוטן 500מ`ל,טחנת האבן קואופ בעמ,,,'יח,1,,false,1,9.90,9.90,false,1,
14791336,true,מיי עדן[בודד],יפאורה - שותפות מוגבלת לשיווק,,,'יח,3.30,"ל-100 מ""ל",false,1,4.90,1.39,false,1,
15039246,true,רביעיית נתחי טונה בהירה בשמן 4*160 גרם,ג. וילי-פוד אינטרנשיונל בע`מ,,,'יח,6.40,ל-100 גרם,false,12,19.90,3.11,false,1,
15039482,true,גבינת אדם 230 גרם,ג. וילי-פוד אינטרנשיונל בע`מ,,,'יח,5,ל-100 גרם,false,1,23.90,4.78,false,1,
15155823,true,פאוץ פרינוק תפוח 120 גר`,גורי מוצרי צריכה 1991 בע`מ,,,'יח,1.20,ל-100 גרם,false,1,5.90,4.92,true,1,
15155830,true,פאוץ פרינוק תפוח בננה 120 גר`,גורי מוצרי צריכה 1991 בע`מ,,,'יח,1.20,ל-100 גרם,false,1,5.90,4.92,true,1,
15156776,true,פאוץ פרינוק פירות טרופיים 120 גר`,גורי מוצרי צריכה 1991 בע`מ,,,'יח,1.20,ל-100 גרם,false,1,5.90,4.92,true,1,
15324007,true,פלפל שחור גרוס,תבליני טעם וריח,,,'יח,1,,false,1,10.90,10.90,false,1,
15324014,true,פלפל שחור טחון,תבליני טעם וריח,,,'יח,1,,false,1,10.90,10.90,false,1,
15324038,true,פפריקה מתוקה בשמן,תבליני טעם וריח,,,'יח,1,,false,1,5.90,5.90,false,1,
15324045,true,פפריקה חריפה,תבליני טעם וריח,,,'יח,1,,false,1,5.90,5.90,false,1,
15324052,true,פפריקה מתוקה,תבליני טעם וריח,,,'יח,1,,false,1,5.90,5.90,false,1,
15324069,true,גריל עוף,תבליני טעם וריח,,,'יח,1,,false,1,5.90,5.90,false,1,
15324083,true,מלח לימון,תבליני טעם וריח,,,'יח,1,,false,1,5.90,5.90,false,1,
15324106,true,כורכום טחון,תבליני טעם וריח,,,'יח,1,,false,1,5.90,5.90,false,1,
15324120,true,שום גבישי בשקית 80 גר`,תבליני טעם וריח,,,'יח,1,,false,1,5.90,5.90,false,1,
15324151,true,חוואיג`למרק,תבליני טעם וריח,,,'יח,1,,false,1,5.90,5.90,false,1,
15324175,true,תיבול לשווארמה,תבליני טעם וריח,,,'יח,1,,false,1,5.90,5.90,false,1,
15324526,true,תערובת תיבול לפרגיות 80 גר`,תבליני טעם וריח,,,'יח,1,,false,1,5.90,5.90,false,1,
15324533,true,רוזמרין מיכל גדול 55 גר`,תבליני טעם וריח,,,'יח,1,,false,1,9.90,9.90,true,1,
15597210,true,מאגדת קורנטו וניל פרווה,שטראוס גלידות,,,'יח,1,ל-100 גרם,false,1,33.90,33.90,false,1,
15733465,true,מטרנה דייסת גם וגם קרנפ. פרו 300 גר`,קבוצת אסם סחר,,,'יח,3,ל-100 גרם,false,1,21.90,7.30,false,1,
15848886,true,אולטרסול תחליב קידס 250 מל`מקדם 50,"פישר תעשיות פרמצבטיות בע""מ",,,'יח,2.50,"ל-100 מ""ל",false,1,59.90,23.96,false,1,
15858106,true,ממרח פסטו ביתי עללחם 180 גר`,שטראוס גרופ בע`מ,,,'יח,1.80,ל-100 גרם,false,1,17.90,9.94,false,1,
15996754,true,סוכרזית סטיוויה 300 טבליות,שטראוס גרופ בע`מ,,,'יח,1,,false,6,34.90,34.90,false,1,
15996983,true,סוכלוז 0 קלוריות 100 שק`,שטראוס גרופ בע`מ,,,'יח,0.13,"ל-100 מ""ל",false,12,25.90,199.23,false,1,
16006339,true,מי עדן 1 ל`רביעייה פיקדון,יפאורה - שותפות מוגבלת לשיווק,,,'יח,4,"ל-100 מ""ל",false,1,10.10,2.23,false,1,
16136746,true,אטריות בצורת מקלונים ללא גלוטן 340 גר`,גורי מוצרי צריכה 1991 בע`מ,,,'יח,3.40,ל-100 גרם,false,12,13.90,4.09,false,1,
16144031,true,"קמח חיטה לבן מנופה נפלאות 1 ק""ג",תה ויסוצקי בע`מ,,,'יח,10,ל-100 גרם,false,1,6.90,0.69,false,1,
16144048,true,קמח כוסמין לבן נפלאות 1 קג,תה ויסוצקי בע`מ,,,'יח,10,ל-100 גרם,false,1,13.90,1.39,false,1,
16150391,true,סלק בואקום,ביכורי השדה הצפון בעמ` 1964,,,'יח,1,,false,1,8.90,8.90,false,1,
16233384,true,גפילטע פיש 7 קציצות,תומר ייבוא ושיווק מוצרי מזון [,,,'יח,5.60,ל-100 גרם,false,1,14.90,2.66,false,1,
16234008,true,אנשובי תומר צנצנת עם שמן זית,תומר ייבוא ושיווק מוצרי מזון [,,,'יח,1.60,ל-100 גרם,false,12,9.90,6.19,false,1,
16246452,true,בארכה טחינה מעודנת לחיץ לימון,קבוצת אסם סחר,,,'יח,0.31,ל-100 גרם,false,1,11.90,38.39,false,1,
16270570,true,מלפפון מיני,ביכורי השדה הצפון בעמ` 1964,,,'יח,1,,false,1,9.90,9.90,false,1,
16270709,true,שרי ארוז,ביכורי השדה הצפון בעמ` 1964,,,'יח,1,,false,1,9.90,9.90,false,1,
16319187,true,טוסו עוגיות סנדוויץ שוקו עם שוקו זוג 3,דנאגיס בעמ,,,'יח,3,ל-100 גרם,false,1,16.90,5.63,false,1,
16321678,true,מגבוני פרש וונס רביעייה נטורל קאר,דנאגיס בעמ,,,'יח,1,'יח,false,1,16.90,16.90,false,1,
16321890,true,נייר טואלט פרש וונס מתכלה שלישייה,דנאגיס בעמ,,,'יח,1,ל-100 גרם,false,1,14.90,14.90,false,1,
16334616,true,בצל ירוק,ביכורי השדה הצפון בעמ` 1964,,,'יח,1,,false,1,5.90,5.90,false,1,
16370959,true,חציל קלוי צנצנת 580 גר`,קבוצת יבנה,,,'יח,5.80,ל-100 גרם,false,1,8.90,1.53,false,1,
16372373,true,רסק עגבניות 140*2,תה ויסוצקי בע`מ,,,'יח,2.80,ל-100 גרם,false,1,9.90,3.54,false,1,
16372397,true,תה ירוק תפוז גינגר וכורכום,תה ויסוצקי בע`מ,,,'יח,0.3750,ל-100 גרם,false,1,22.90,61.07,true,1,
16372489,true,חליטת ג`ינג`ר ולימון סודות הצמחים,תה ויסוצקי בע`מ,,,'יח,6,ל-100 גרם,false,1,19.90,3.32,true,1,
16372496,true,חליטת ג`ינגיר ודבש סודות הצמחים,תה ויסוצקי בע`מ,,,'יח,6,ל-100 גרם,false,1,19.90,3.32,true,1,
16400205,true,צלחות 100 יח גדול צבעוני,ח.כהן סוכנות מזון ומשקאות,,,'יח,1,,false,1,34.90,34.90,false,1,
16400243,true,"מפיות נייר מעוטרות 20 יח` ""שווה""",ח.כהן סוכנות מזון ומשקאות,,,'יח,1,,false,1,5.90,5.90,true,1,
16401141,true,"טורטיה תירס 8 יח 320 גר` ""שווה""",ח.כהן סוכנות מזון ומשקאות,,,'יח,3.20,ל-100 גרם,false,1,9.90,3.09,true,1,
16401158,true,נולדס דקות 200 גרם,ח.כהן סוכנות מזון ומשקאות,,,'יח,2,ל-100 גרם,false,1,3.90,1.95,false,1,
16401806,true,תבניות לחלות עבות במיוחד *4,ח.כהן סוכנות מזון ומשקאות,,,'יח,1,,false,1,9.90,9.90,false,1,
16401851,true,תבניות אובן עבות במיוחד *4,ח.כהן סוכנות מזון ומשקאות,,,'יח,1,,false,1,9.90,9.90,false,1,
16510348,true,"הוואי אל סבון בנים 700 מ""ל",הנקל סוד בע`מ,,,'יח,7,"ל-100 מ""ל",false,1,9.90,1.41,false,1,
16510898,true,הוואי שמפו פריחת הדודבן 700 מ`ל,הנקל סוד בע`מ,,,'יח,7,"ל-100 מ""ל",false,1,9.90,1.41,false,1,
16564006,true,מבריקל הפלא *3,אלבגינו שווק וסחר בעמ`,,,'יח,1,,false,1,9.90,9.90,false,1,
16564204,true,כריות יפניות מבריקל הפלא,אלבגינו שווק וסחר בעמ`,,,'יח,1,,false,1,8.90,8.90,false,1,
16564211,true,מטליות מיקרופייבר לכל סוגי המשטחים,אלבגינו שווק וסחר בעמ`,,,'יח,1,,false,1,10.90,10.90,false,1,
16564235,true,זוג מטליות לרצפות גדולות,אלבגינו שווק וסחר בעמ`,,,'יח,1,,false,1,18.90,18.90,false,1,
16564266,true,כיסוי הפלא 30 יח`,אלבגינו שווק וסחר בעמ`,,,'יח,1,,false,1,9.90,9.90,false,1,
16564273,true,מארז 3 מטליות לרצפה,אלבגינו שווק וסחר בעמ`,,,'יח,1,,false,1,11.90,11.90,false,1,
16564303,true,מטליות מייקרופייבר 5 יח`מבריקל הפלא,אלבגינו שווק וסחר בעמ`,,,'יח,1,,false,1,8.90,8.90,false,1,
16617269,true,סלרי ראש,ביכורי השדה הצפון בעמ` 1964,,,'יח,1,,false,1,5.90,5.90,false,1,
16717051,true,"רימון BUZZ 750 מ""ל",אגודת הכורמים,,,'יח,7.50,"ל-100 מ""ל",false,1,27.90,3.68,true,1,
16717754,true,יין היובל ישן נושן 750 מל`,אגודת הכורמים,,,'יח,7.50,"ל-100 מ""ל",false,1,19.90,2.61,false,1,
16866650,true,משחת שיניים פרדונטקס אוריג`ינל 75 גרם,גורי ע.ע.ע. בע`מ,,,'יח,0.75,ל-100 גרם,false,12,30.90,41.20,true,1,
16912494,true,אפקטיב קר תרחיץ פנים לכל סוגי העור,"פישר תעשיות פרמצבטיות בע""מ",,,'יח,1.80,"ל-100 מ""ל",false,1,17.90,9.94,false,1,
17031705,true,משחת שיניים סנסודין פלואוריד 75 מל זהב,גורי ע.ע.ע. בע`מ,,,'יח,0.75,"ל-100 מ""ל",false,1,21.90,29.20,true,1,
17031859,true,משחת שיניים פרדונטקס מלבינה 75 גרם,גורי ע.ע.ע. בע`מ,,,'יח,0.75,ל-100 גרם,false,12,30.90,41.20,true,1,
17058139,true,רסק תפו`עם אפרסק 4 יח`,תומר ייבוא ושיווק מוצרי מזון [,,,'יח,5.60,ל-100 גרם,false,1,11.90,2.13,false,1,
17058269,true,איטריות ללא גלוטן פוזילי 250 גר`,תומר ייבוא ושיווק מוצרי מזון [,,,'יח,2.50,ל-100 גרם,false,14,5.90,2.36,false,1,
17065007,true,גבינת מוצרלה פרוסה גד 200 גר`,מחלבות גד בעמ`,,,'יח,2,ל-100 גרם,false,1,19.90,9.95,false,1,
17065137,true,גבינה ריקוטה למריחה 5% טבעית 200 גר`,מחלבות גד בעמ`,,,'יח,2,ל-100 גרם,false,1,9.90,4.95,false,1,
17065236,true,גבינה בולגרית מעודנת 24% 250 גרם,מחלבות גד בעמ`,,,'יח,2.50,ל-100 גרם,false,1,24.70,9.88,false,1,
17065731,true,גבינת שמנת ניו יורק עם כמהין 200 גר`,מחלבות גד בעמ`,,,'יח,2.50,ל-100 גרם,false,1,13.90,5.56,false,1,
17088105,true,בייביסיטר פרפורמנס{38}מידה 3+,שקד תבל בע`מ,,,'יח,1,'יח,false,1,29.90,29.90,true,1,
17088112,true,בייביסיטר פרפורמנס{36}מידה 4+,שקד תבל בע`מ,,,'יח,1,'יח,false,1,29.90,29.90,true,1,
17088129,true,בייביסיטר פרפורמנס{34}מידה 4+,שקד תבל בע`מ,,,'יח,1,'יח,false,1,29.90,29.90,true,1,
17102009,true,סלנובה,ביכורי השדה הצפון בעמ` 1964,,,'יח,1,,false,1,10.90,10.90,false,1,
17105383,true,תירס שלשות קידס 200 גר`,זנלכול יכין,,,'יח,2,ל-100 גרם,false,1,14.90,7.45,false,1,
17105550,true,מאגדת רסק עגבניות 100*4,זנלכול יכין,,,'יח,4,ל-100 גרם,false,1,13.90,3.48,false,1,
17105895,true,גרגירי חומוס מסעדות יכין 550 גר`,זנלכול יכין,,,'יח,5.50,ל-100 גרם,false,1,9.90,1.80,false,1,
17121093,true,.אריסה חריפה עללחם 250 גר`,שטראוס גרופ בע`מ,,,'יח,2.50,ל-100 גרם,false,1,14.90,5.96,false,1,
17142128,true,"שמן זית קלאסי עץ הזית 750 מ""ל",סוגת,,,'יח,7.50,"ל-100 מ""ל",false,1,32.90,4.39,true,1,
17303567,true,עוגיות תמר מלוחות עם קצח 500 גר`,מאפית אריאל שיווק והפצה,,,'יח,5,ל-100 גרם,false,1,12.90,2.58,true,1,
17303574,true,עוגיות תמר מלוחות עם שומשום 500 גר`,מאפית אריאל שיווק והפצה,,,'יח,5,ל-100 גרם,false,1,12.90,2.58,true,1,
17303628,true,עוגיות תמר כתר במילוי תות 600 גר,מאפית אריאל שיווק והפצה,,,'יח,5,ל-100 גרם,false,1,12.90,2.58,true,1,
17303666,true,עוגיות תמר שוקולד ציפס 600 גר,מאפית אריאל שיווק והפצה,,,'יח,5,ל-100 גרם,false,1,12.90,2.58,true,1,
17303673,true,עוגיות תמר שוקולד ציפס לבן 600 גר,מאפית אריאל שיווק והפצה,,,'יח,5,ל-100 גרם,false,1,12.90,2.58,true,1,
17303680,true,עוגיות תמר כעכים מרוקאיות 500 גר`,מאפית אריאל שיווק והפצה,,,'יח,5,ל-100 גרם,false,1,12.90,2.58,true,1,
17457703,true,מרכך כביסה מרוכז ארומתרפי זהב,גורי שיווק,,,'יח,9,"ל-100 מ""ל",false,1,12.90,1.43,false,1,
17457727,true,מרכך כביסה מרוכז כחול,גורי שיווק,,,'יח,9,"ל-100 מ""ל",false,12,12.90,1.43,false,1,
17457734,true,מרכך כביסה מרוכז ורוד,גורי שיווק,,,'יח,9,"ל-100 מ""ל",false,12,12.90,1.43,false,1,
17477169,true,קשיו קלוי 250 גר`,דין שיווק וקליה 2021 בעמ,,,'יח,2.50,ל-100 גרם,false,1,20,8,false,1,
17513485,true,מחית עגבניות רוסטיקה 680 גר`,תה ויסוצקי בע`מ,,,'יח,6.80,ל-100 גרם,false,1,13.90,2.04,true,1,
17513775,true,פליפז בייגלה מצופה שוקולד חלב 140 גר`,תה ויסוצקי בע`מ,,,'יח,1.40,ל-100 גרם,false,1,8.90,6.36,true,1,
17677811,true,רוטב סויה קיקומן 296 מל,דיפלומט מפיצים (1968) בע`מ,,,'יח,2.96,"ל-100 מ""ל",false,1,13.90,4.70,false,1,
17715964,true,"רסק תפו""ע+אפרסק דיאט 4 יח`",תומר ייבוא ושיווק מוצרי מזון [,,,'יח,5.50,ל-100 גרם,false,1,10.90,1.98,false,1,
17812069,true,"אקסלנס ריזלינג שרדונה 750 מ""ל",אגודת הכורמים,,,'יח,7.50,"ל-100 מ""ל",false,1,24.90,3.28,false,1,
17812571,true,תירוש מיץ ענבים טבעי 1 ליטר 100%,אגודת הכורמים,,,'יח,10,"ל-100 מ""ל",false,1,19.90,1.96,false,1,
17812847,true,סלקטד פרנץ` גוורצטרמינר 750 מל,אגודת הכורמים,,,'יח,7.50,"ל-100 מ""ל",false,1,29.90,3.95,true,1,
17812861,true,יין לבן יבש 750 מל-וינו,אגודת הכורמים,,,'יח,7.50,"ל-100 מ""ל",false,1,21.90,2.88,true,1,
17841519,true,"פתיליות משושה""שווה""",ח.כהן סוכנות מזון ומשקאות,,,'יח,1,'יח,false,1,3.90,3.90,false,1,
17841649,true,מארז מטליות מיקרופייבר 10 יח` +3 רצפה,ח.כהן סוכנות מזון ומשקאות,,,'יח,1,,false,1,21.90,21.90,false,1,
17871370,true,סבון ידיים פמלי יהלום -שמן אבוקדו,דנאגיס בעמ,,,'יח,1,,false,1,9.90,9.90,false,1,
17888347,true,"בקבוק מים קטן ספורט 500 מ""ל",יפאורה - שותפות מוגבלת לשיווק,,,'יח,5,"ל-100 מ""ל",false,1,4,0.74,false,1,
17928036,true,מאיר בייגל גריסיני מקלות שומשום 200 ג,דנאגיס בעמ,,,'יח,2,ל-100 גרם,false,1,11.90,5.95,true,1,
17928821,true,מאיר בייגל גריסיני מקלות קלאסי 200 גר`,דנאגיס בעמ,,,'יח,2,ל-100 גרם,false,1,11.90,5.95,true,1,
18115039,true,אבוקדו מוכן לאכילה,ביכורי השדה הצפון בעמ` 1964,,,'יח,1,,false,1,9.90,9.90,false,1,
18131831,true,מאגדת שלגוני מילקה 4*65 גר`,נגה גלידות שותפות מוגבלת,,,'יח,0.65,ל-100 גרם,false,1,29.90,46,false,1,
18131855,true,מאגדת אקסטרים בראוניז 6*72 גרם,נגה גלידות שותפות מוגבלת,,,'יח,0.72,ל-100 גרם,false,1,27.90,38.75,false,1,
18131879,true,מאגדת אקסטרים ריבת חלב 6*72 גרם,נגה גלידות שותפות מוגבלת,,,'יח,0.72,ל-100 גרם,false,1,27.90,38.75,false,1,
18165447,true,רזרב גולד מרלו gold edition 750 מ`,טמפו משקאות בע`מ,,,'יח,7.50,"ל-100 מ""ל",false,1,49.90,6.61,true,1,
18192023,true,מקלות סלרי,ביכורי השדה הצפון בעמ` 1964,,,'יח,1,,false,1,5.90,5.90,false,1,
18192658,true,פטריות זוג,ביכורי השדה הצפון בעמ` 1964,,,'יח,1,,false,1,16.90,16.90,false,1,
18198056,true,"תפוגן קוביות תפוח אדמה 1.5 ק""ג",קבוצת אסם סחר,,,'יח,15,ל-100 גרם,false,1,26.90,1.79,false,1,
18198209,true,תפוגן ציפס בטטה קראנצ`י 500 גר`,קבוצת אסם סחר,,,'יח,5,ל-100 גרם,false,1,19.90,3.98,false,1,
18359358,true,שליישיה פריכוז יכין 200 גר`,זנלכול יכין,,,'יח,2,ל-100 גרם,false,1,14.90,7.45,false,1,
18359495,true,תירס מהשדה לל`ס יכין 550 גר`,זנלכול יכין,,,'יח,5.50,ל-100 גרם,false,1,9.90,1.80,false,1,
18359518,true,תירס מהשדה לל`ס 200 גר`שלישייה,זנלכול יכין,,,'יח,2,ל-100 גרם,false,1,14.90,7.45,false,1,
18359556,true,תירס מהשדה לל`ס יכין 400 גר`,זנלכול יכין,,,'יח,4,ל-100 גרם,false,1,6.50,1.63,false,1,
18359587,true,חומוס הקטניה הטובה שלישייה 200*3,זנלכול יכין,,,'יח,6,ל-100 גרם,false,1,14.90,2.48,true,1,
18359686,true,חומוס ענק יכין 550 גר`,זנלכול יכין,,,'יח,5.50,ל-100 גרם,false,1,9.90,1.80,false,1,
18380222,true,קורנישון בינוני פיקנטי 670 גרם,תומר ייבוא ושיווק מוצרי מזון [,,,'יח,6.70,ל-100 גרם,false,1,9.90,1.48,false,1,
18440070,true,תרכיז עגבניות בשפורפרת,תה ויסוצקי בע`מ,,,'יח,5.50,ל-100 גרם,false,1,8.90,1.62,false,1,
18440209,true,פליפז בייגלה בציפוי פאדג` לבן 140 גר,תה ויסוצקי בע`מ,,,'יח,1.40,ל-100 גרם,false,1,8.90,6.36,true,1,
18516348,true,פאוץ פרינוק סלט פירות וש.שועל 120 גר`,גורי מוצרי צריכה 1991 בע`מ,,,'יח,1.30,ל-100 גרם,false,1,5.90,4.54,true,1,
18652039,true,לה קרמריה קרמל מלוח ונוגט כשל`פ 1.4 ל`,נגה גלידות שותפות מוגבלת,,,'יח,14,"ל-100 מ""ל",false,1,19.90,1.42,false,1,
19056539,true,פרוט ווטר אננס1.5 ל`,יפאורה - שותפות מוגבלת לשיווק,,,'יח,15,"ל-100 מ""ל",false,1,8.90,0.57,true,1,
19297239,true,צימוק חום 250 גרם בקופסא,דין שיווק וקליה 2021 בעמ,,,'יח,2.50,ל-100 גרם,false,1,12.90,5.16,false,1,
32147230,true,מיץ לימון משומר,דנאגיס בעמ,,,'יח,2,"ל-100 מ""ל",false,1,6.90,3.45,false,1,
40084107,true,ביצת קינדר עם הפתעה 20 גרם,פרימיום חברה לדברי מתיקה ולמסח,,,'יח,0.20,ל-100 גרם,false,1,4.90,24.50,false,1,
40099132,true,הובה בובה תות,"מרס ריגלי ישראל בע""מ",,,'יח,0.35,ל-100 גרם,false,1,2.90,8.29,false,1,
42051921,true,כוסות יהלום 40 יח`,ח.כהן סוכנות מזון ומשקאות,,,'יח,1,,false,1,10.90,10.90,false,1,
42123866,true,הובה בובה קלאסי,"מרס ריגלי ישראל בע""מ",,,'יח,0.35,ל-100 גרם,false,1,2.90,8.29,false,1,
53265731,true,ביצת ממתקים,סופר גיפט בעמ,,,'יח,1,'יח,false,1,11.90,11.90,false,1,
54051157,true,אלפרו מעדן סויה בטעם שוק `4*125גרם,שטראוס גרופ בע`מ,,,'יח,1.25,ל-100 גרם,false,1,16.90,13.52,false,1,
72940754,true,מילקי מעדן חלב וניל עם קצפת %5 170מל,שטראוס גרופ בע`מ,,,'יח,1.30,"ל-100 מ""ל",false,24,2.80,2.15,false,1,
72940761,true,מילקי טעם שוקולד,שטראוס גרופ בע`מ,,,'יח,1.30,"ל-100 מ""ל",false,24,2.90,2.23,false,1,
72940952,true,מילקי קצפת 2p מעדן שוקולד %10 170 מ`,שטראוס גרופ בע`מ,,,'יח,1.70,"ל-100 מ""ל",false,24,3.90,2.29,false,1,
72961506,true,פרילי תות %1.5 125 מל גביע,תנובה חלב,,,'יח,1.25,"ל-100 מ""ל",false,1,3.70,2.96,false,1,
72961520,true,פרילי אננס %1.5 125 מל גביע,תנובה חלב,,,'יח,1.25,"ל-100 מ""ל",false,1,3.70,2.96,false,1,
72961544,true,באדי תות,תנובה חלב,,,'יח,1.25,"ל-100 מ""ל",false,1,3,2.40,false,1,
72961834,true,באדי אפרסק %3 125 מל,תנובה חלב,,,'יח,1.25,"ל-100 מ""ל",false,1,3,2.40,false,1,
72963753,true,שמנת של פעם %27 200 מ``ל גביע,תנובה חלב,,,'יח,2,"ל-100 מ""ל",false,1,4.30,2.15,false,1,
72964422,true,שלי יוגורט %4.5 200 מל גביע,תנובה חלב,,,'יח,2,"ל-100 מ""ל",false,1,2.90,1.45,false,1,
72986233,true,באדי וניל %3 125 מ``ל מהדרין,תנובה חלב,,,'יח,1.25,"ל-100 מ""ל",false,1,3,2.40,false,1,
72986240,true,באדי שוקו %3 125 מ``ל מהדרין,תנובה חלב,,,'יח,1.25,"ל-100 מ""ל",false,1,3,2.40,false,1,
72986370,true,גלידת בן & ג`ריס 500 מל` וניל,מוצרי איכות אמריקאים,,,'יח,5,ל-100 גרם,false,1,19.90,3.98,true,1,
72986424,true,גלידת בן & ג`ריס 500 מל` קרם עוגיות,מוצרי איכות אמריקאים,,,'יח,5,"ל-100 מ""ל",false,1,19.90,3.98,true,1,
72986448,true,גלידת בן & ג`ריס 500 מל` טופי קראנץ,מוצרי איכות אמריקאים,,,'יח,5,"ל-100 מ""ל",false,1,19.90,3.98,true,1,
72986455,true,גלידת בן & ג`ריס 500 מל` ניו יורק,מוצרי איכות אמריקאים,,,'יח,5,"ל-100 מ""ל",false,1,19.90,3.98,true,1,
72986479,true,גלידת בן & ג`ריס 500 מל` מאנקי,מוצרי איכות אמריקאים,,,'יח,5,"ל-100 מ""ל",false,1,19.90,3.98,true,1,
72989425,true,גלידת בן & ג`ריס 500 מל` בראוניס,מוצרי איכות אמריקאים,,,'יח,5,"ל-100 מ""ל",false,1,19.90,3.98,true,1,
72991886,true,גלידת בן & ג`ריס 500 מל` דולצ`ה,מוצרי איכות אמריקאים,,,'יח,5,"ל-100 מ""ל",false,1,19.90,3.98,true,1,
72993637,true,דני שוקולד %1.5 שומן 125 גרם,שטראוס גרופ בע`מ,,,'יח,1.25,"ל-100 מ""ל",false,24,2.70,2.16,false,1,
72994061,true,פסק זמן GOOD,שטראוס גרופ בע`מ,,,'יח,0,ל-100 גרם,false,20,5.30,5.30,false,1,
80001287,true,חטיף גרדנה 38 גרם,ליימן שליסל בע`מ,,,'יח,0.38,ל-100 גרם,false,1,3.90,10.26,true,1,
80042563,true,רסק עגבניות 700 כר` מוטי,רסטרטו יבוא ושיווק בעמ,,,'יח,7,ל-100 גרם,false,1,11.90,1.70,false,1,
80050025,true,סוכריות טיק טק תפוז 16 גרם,פרימיום חברה לדברי מתיקה ולמסח,,,'יח,0.16,ל-100 גרם,false,1,3.90,24.38,true,1,
80050124,true,סוכריות טיק טק מנטה 16 גרם,פרימיום חברה לדברי מתיקה ולמסח,,,'יח,0.16,ל-100 גרם,false,1,3.90,24.38,true,1,
80052760,true,חטיף קינדר בואנו שוקולד 43 גרם,פרימיום חברה לדברי מתיקה ולמסח,,,'יח,0.43,ל-100 גרם,false,1,3.50,8.14,false,1,
80136194,true,קינדר Happy Hippo ופל במילוי קרם 5יח,פרימיום חברה לדברי מתיקה ולמסח,,,'יח,1.30,ל-100 גרם,false,1,12.90,9.92,false,1,
80176800,true,ממרח נוטלה קקאו אגוזים 750 גרם,פרימיום חברה לדברי מתיקה ולמסח,,,'יח,7.50,ל-100 גרם,false,1,25.90,3.45,false,1,
80177173,true,נוטלה קקאו ואגוזים 350 גרם,פרימיום חברה לדברי מתיקה ולמסח,,,'יח,3.50,ל-100 גרם,false,1,13.90,3.97,false,1,
80177616,true,אצבעות שוקולד קינדר 100 גרם,פרימיום חברה לדברי מתיקה ולמסח,,,'יח,1,ל-100 גרם,false,1,7.90,7.90,false,1,
80773429,true,מסטיק מנטוס טעם תות,ליימן שליסל בע`מ,,,'יח,0.24,ל-100 גרם,false,24,9.90,41.25,true,1,
80773443,true,מסטיק מנטוס טעם פירות,ליימן שליסל בע`מ,,,'יח,0.24,ל-100 גרם,false,24,9.90,41.25,true,1,
80780595,true,מסטיק מנטוס ביג בבקבוק מעוגל בטעם מנטה,ליימן שליסל בע`מ,,,'יח,0.24,ל-100 גרם,false,1,17.90,74.58,false,1,
80790990,true,מסטיק מנטוס טעם מנטה עדינה,ליימן שליסל בע`מ,,,'יח,0.24,ל-100 גרם,false,24,9.90,41.25,true,1,
80794233,true,מסטיק מנטוס ביג בבקבוק מעוגל בטעם מנטה,ליימן שליסל בע`מ,,,'יח,0.24,ל-100 גרם,false,6,17.90,74.58,false,1,
80831402,true,סוכריות מנטוס מנטה ללא סוכר clean breath,ליימן שליסל בע`מ,,,'יח,0.21,ל-100 גרם,false,1,6.90,32.86,true,1,
80843184,true,מסטיק מנטוס טעם ענבים,ליימן שליסל בע`מ,,,'יח,0.24,ל-100 גרם,false,24,9.90,41.25,true,1,
80854753,true,סוכריות מנטוס ללא סוכר clean breath,ליימן שליסל בע`מ,,,'יח,0.21,ל-100 גרם,false,1,6.90,32.86,true,1,
80896081,true,מסטיק מנטוס טעם אבטיח,ליימן שליסל בע`מ,,,'יח,0.24,ל-100 גרם,false,24,9.90,41.25,true,1,
80913467,true,מסטיק מנטוס טעם מנטה,ליימן שליסל בע`מ,,,'יח,0.24,ל-100 גרם,false,24,9.90,41.25,true,1,
80945468,true,מסטיק מנטוס מנטה מתוקה 60 גרם,ליימן שליסל בע`מ,,,'יח,6,ל-100 גרם,false,24,9.90,1.65,true,1,
80974215,true,מסטיק מנטוס פיור פרש טעם תות,ליימן שליסל בע`מ,,,'יח,0.24,ל-100 גרם,false,6,17.90,74.58,false,1,
80979128,true,מסטיק מנטוס טעם דובדבן,ליימן שליסל בע`מ,,,'יח,0.24,ל-100 גרם,false,1,9.90,41.25,true,1,
80995128,true,מסטיק מנטוס טעם הדרים,ליימן שליסל בע`מ,,,'יח,0.24,ל-100 גרם,false,24,9.90,41.25,true,1,
87108538,true,מנטוס תות 38גר,ליימן שליסל בע`מ,,,'יח,0.37,ל-100 גרם,false,40,2.90,7.84,false,1,
87108651,true,מנטוס רבעיות מנטה 4*37.5 גרם,ליימן שליסל בע`מ,,,'יח,1,,false,35,10.90,10.90,true,1,
87108712,true,מנטוס רביעיות פירות 4*37.5 גרם,ליימן שליסל בע`מ,,,'יח,1.50,ל-100 גרם,false,35,10.90,7.27,true,1,
87311396,true,מנטוס פירות 38גר,ליימן שליסל בע`מ,,,'יח,0.37,ל-100 גרם,false,40,2.90,7.84,false,1,
90087974,true,חומץ טבעי מתפוחים 750 מ`ל,תומר ייבוא ושיווק מוצרי מזון [,,,'יח,1,,false,1,12.90,12.90,false,1,
90162602,true,משקה אנרגיה Red Bull מוגז 250 מל,דיפלומט מפיצים (1968) בע`מ,,,'יח,2.50,"ל-100 מ""ל",false,1,5.90,2.24,true,1,
113284524,true,מגבות מטבח בלסימו שישיות שווה,ח.כהן סוכנות מזון ומשקאות,,,'יח,1,ל-100 גרם,false,1,9.90,9.90,false,1,
9800800056,true,ממרח נוטלה GO 52 גרם,פרימיום חברה לדברי מתיקה ולמסח,,,'יח,0.52,ל-100 גרם,false,1,5.50,10.58,false,1,
16000281684,true,חטיף שיבולת שועל עם שבבי פקאן 5*42גרם,ליימן שליסל בע`מ,,,'יח,2.10,ל-100 גרם,false,12,19.90,9.48,true,1,
16000423534,true,חטיף שיבולת שועל עם שוקולד מריר 5*42 גרם,ליימן שליסל בע`מ,,,'יח,2.10,ל-100 גרם,false,12,19.90,9.48,true,1,
16000548404,true,חטיף שיבולת שועל עם דבש 5*42 גרם,ליימן שליסל בע`מ,,,'יח,2.10,ל-100 גרם,false,12,19.90,9.48,true,1,
16000548503,true,חטיף שיבולת שועל עם מייפל קנדי 5*42גרם,ליימן שליסל בע`מ,,,'יח,2.10,ל-100 גרם,false,12,19.90,9.48,true,1,
18000701223,true,תערובת להכנת עוגת שוקולד 517 גרם,ליימן שליסל בע`מ,,,'יח,5,ל-100 גרם,false,1,17.90,3.58,false,1,
18000703494,true,תערובת לעוגת וניל 517 גרם,ליימן שליסל בע`מ,,,'יח,5,ל-100 גרם,false,12,17.90,3.58,false,1,
25675301184,true,מקלות חמוצים בטעם קולה 50 גרם,גורי ע.ע.ע. בע`מ,,,'יח,0.50,ל-100 גרם,false,1,4.90,9.80,false,1,
30000315958,true,קוואקר פרוטאין בננה אגוזים 366 גר`,שטראוס פריטו ליי בע`מ,,,'יח,3.66,ל-100 גרם,false,1,24.90,6.80,false,1,
30000315989,true,קוואקר פרוטאין חמוציות ושקדים 372 גר`,שטראוס פריטו ליי בע`מ,,,'יח,3.72,ל-100 גרם,false,1,24.90,6.69,false,1,
34000196173,true,טבלת קוקיס אנד קרים XL,ליימן שליסל בע`מ,,,'יח,38,ל-100 גרם,false,12,8.90,0.23,false,1,
34000470563,true,ריסז מיניס באריזה משפחתית 215 גרם,ליימן שליסל בע`מ,,,'יח,2.15,ל-100 גרם,false,1,19.90,9.26,false,1,
34000544028,true,ממתק טוויזלרס בטעם תות 198גר,ליימן שליסל בע`מ,,,'יח,1.50,ל-100 גרם,false,12,7.90,5.27,false,1,
34000544431,true,ממתק טוויזלרס בטעם דובדבן 172 גרם,ליימן שליסל בע`מ,,,'יח,1.72,ל-100 גרם,false,12,8.90,5.17,false,1,
37600207188,true,ממרח חמאת בוטנים קלאסי 462 גרם,דיפלומט מפיצים (1968) בע`מ,,,'יח,4.62,ל-100 גרם,false,1,19.90,4.31,false,1,
37600207256,true,ממרח חמאת בוטנים עם שברי בוטנים 462גר`,דיפלומט מפיצים (1968) בע`מ,,,'יח,4.62,ל-100 גרם,false,1,19.90,4.31,false,1,
37600297967,true,סלסה מטבל עגבניות בחריפות מעודנת עדינה,ליימן שליסל בע`מ,,,'יח,4.39,ל-100 גרם,false,1,18.90,4.31,true,1,
38000138607,true,פרינגלס חמוץ מלוח 158 גר`,דיפלומט מפיצים (1968) בע`מ,,,'יח,1.58,ל-100 גרם,false,1,9.90,6.27,true,1,
38000138720,true,פרינגלס ראנץ` 158 גר`,דיפלומט מפיצים (1968) בע`מ,,,'יח,1.58,ל-100 גרם,false,1,9.90,6.27,true,1,
38000183928,true,פרינגלס חרדל ודבש 158 גר`,דיפלומט מפיצים (1968) בע`מ,,,'יח,1.58,ל-100 גרם,false,14,9.90,6.27,true,1,
38000232152,true,פרינגלס ביג ברביקיו 158 גר`,דיפלומט מפיצים (1968) בע`מ,,,'יח,1.58,ל-100 גרם,false,14,9.90,6.27,true,1,
38000232176,true,פרינגלס ביג שמנת בצל 158 גר`,דיפלומט מפיצים (1968) בע`מ,,,'יח,1.58,ל-100 גרם,false,14,9.90,6.27,true,1,
38000232183,true,פרינגלס ביג אורגינל 149 גר`,דיפלומט מפיצים (1968) בע`מ,,,'יח,1.49,ל-100 גרם,false,14,9.90,6.64,true,1,
38527591053,true,קוואקר ריבועים קנמון,שטראוס פריטו ליי בע`מ,,,'יח,4.12,ל-100 גרם,false,1,21.90,5.32,true,1,
38527591060,true,קוואקר ריבועים סוכר חום,שטראוס פריטו ליי בע`מ,,,'יח,4.12,ל-100 גרם,false,1,21.90,5.32,true,1,
40000513568,true,אריזת שוקולד MM 156 גר`,"מרס ריגלי ישראל בע""מ",,,'יח,1.56,ל-100 גרם,false,1,11.90,7.63,false,1,
40000514480,true,שוקולד אריזה קטנה MM,"מרס ריגלי ישראל בע""מ",,,'יח,0.48,ל-100 גרם,false,1,4.90,10.21,true,1,
40000514510,true,MM בוטנים אריזה קטנה,"מרס ריגלי ישראל בע""מ",,,'יח,0.49,ל-100 גרם,false,1,4.90,10,true,1,
44600300580,true,"קלין אפ פרש 946 מ""ל",גורי מוצרי צריכה 1991 בע`מ,,,'יח,9.46,"ל-100 מ""ל",false,1,20.90,2.21,false,1,
46214372250,true,עוגיות מרבה שטרודל פריכות עם תפו``ע 22,ש. שסטוביץ בע`מ,,,'יח,2.25,ל-100 גרם,false,1,9.90,4.40,true,1,
46214382259,true,עוגיות מרבה בראוניס שוקולד פריכות 200,ש. שסטוביץ בע`מ,,,'יח,2.25,ל-100 גרם,false,1,9.90,4.40,true,1,
46214731552,true,עוגיות מרבה שוקולד צ`יפס 225 גרם,ש. שסטוביץ בע`מ,,,'יח,2.25,ל-100 גרם,false,1,9.90,4.40,true,1,
50000015474,true,פריסקיז דגים 1.42 קג,שחורי אריה ואנסטסיה,,,'יח,14.20,ל-100 גרם,false,1,35.90,2.53,false,1,
50000170180,true,פריסקיז פריים פילה עוף ברוטב 156 גר,שחורי אריה ואנסטסיה,,,'יח,1.56,ל-100 גרם,false,1,6.90,4.42,false,1,
50000238910,true,פריסקיז פארטי מיקס אוריגינל קראנץ10*60ג,שחורי אריה ואנסטסיה,,,'יח,0.60,ל-100 גרם,false,1,14.90,24.83,false,1,
50000292592,true,פנסי פיסט סלמון ברוטב עשיר,שחורי אריה ואנסטסיה,,,'יח,0.85,ל-100 גרם,false,1,5.90,6.94,false,1,
50000426942,true,פנסי פיסט צאנקי בשר ועוף,שחורי אריה ואנסטסיה,,,'יח,0.85,ל-100 גרם,false,1,5.90,6.94,false,1,
50000429042,true,מזון חתולים כבד מעודן ועוף פנסי פיסט 85,שחורי אריה ואנסטסיה,,,'יח,0.85,ל-100 גרם,false,1,5.90,6.94,false,1,
50000503896,true,פנסי פיסט גרילד סלמון,שחורי אריה ואנסטסיה,,,'יח,0.85,ל-100 גרם,false,1,5.90,6.94,false,1,
50000574414,true,פריסקיז פארטי מיקס פיקניק קרנץג*59.500,שחורי אריה ואנסטסיה,,,'יח,0.59,ל-100 גרם,false,1,14.90,25.25,false,1,
64144090051,true,תרסיס שמן קנולה קל להתזה אורגינל,ליימן שליסל בע`מ,,,'יח,1.48,"ל-100 מ""ל",false,12,18.90,12.77,false,1,
76840002542,true,גלידת בן ג`ריס 500 מל`פיינט נטפליקס צ,מוצרי איכות אמריקאים,,,'יח,5,"ל-100 מ""ל",false,1,19.90,3.98,false,1,
76840100125,true,גלידת בן & ג`ריס 500 מל`צאבי האבי,מוצרי איכות אמריקאים,,,'יח,5,ל-100 גרם,false,1,19.90,3.98,true,1,
76840100156,true,גלידת בן & ג`ריס 500 מל`פיינט גרסיה,מוצרי איכות אמריקאים,,,'יח,5,ל-100 גרם,false,1,19.90,3.98,true,1,
76840100583,true,גלידת בן & ג`ריס 500 מל`פיינט,מוצרי איכות אמריקאים,,,'יח,5,"ל-100 מ""ל",false,1,19.90,3.98,true,1,
77245110610,true,סוכריות Must ללא סוכר בטעם מנטה 80גר`,שטראוס גרופ בע`מ,,,'יח,0.80,ל-100 גרם,false,12,7.90,9.88,false,1,
77975094631,true,בייגלה סנדוויץ גבינה צ`דר 226.8 גר`,ליימן שליסל בע`מ,,,'יח,2.26,ל-100 גרם,false,12,16.90,7.48,true,1,
77975094761,true,שברי בייגל בטעם גבינת צ`אדר 340 גר`,ליימן שליסל בע`מ,,,'יח,3.40,ל-100 גרם,false,12,16.90,4.97,true,1,
77975094778,true,"שברי בייגל בטעם בצל,חרדל ודבש 340 גר`",ליימן שליסל בע`מ,,,'יח,3.40,ל-100 גרם,false,12,16.90,4.97,true,1,
80432402931,true,וויסקי שיבאס 700מל,טמפו משקאות בע`מ,,,'יח,7,"ל-100 מ""ל",false,1,119.90,17.09,true,1,
80518532743,true,שקית 50 פסטל,שמחה זה אנחנו בע`מ,,,'יח,1,,false,1,13.90,13.90,false,1,
85000019498,true,וודקה ניו אמסטרדם 40%,אגודת הכורמים,,,'יח,7.50,"ל-100 מ""ל",false,1,69.90,9.28,false,1,
611745285432,true,סט מגבות למטבח 3 יחידות,הום פרפקט ק.ד.מ בעמ,,,'יח,1,,false,1,14.90,14.90,true,1,
649870165695,true,חטיף נייטיב לכלב,שחורי אריה ואנסטסיה,,,'יח,0.80,ל-100 גרם,false,1,15.90,19.88,false,1,
649870166098,true,נייטיב עוף ברוטב לחתול 85 גרם,שחורי אריה ואנסטסיה,,,'יח,0.85,ל-100 גרם,false,1,4.90,5.76,false,1,
649870166104,true,נייטיב דגים ברוטב לחתול 85 גרם,שחורי אריה ואנסטסיה,,,'יח,0.85,ל-100 גרם,false,1,4.90,5.76,false,1,
649870166135,true,נייטיב טונה ברוטב לחתול 85 גרם,שחורי אריה ואנסטסיה,,,'יח,0.85,ל-100 גרם,false,1,4.90,5.76,false,1,
649870166142,true,נייטיב פטה עוף לגור חתול 85 גרם,שחורי אריה ואנסטסיה,,,'יח,0.85,ל-100 גרם,false,1,4.90,5.76,false,1,
649870166180,true,נייטיב פטה סלמון לחתול 85 גרם,שחורי אריה ואנסטסיה,,,'יח,0.85,ל-100 גרם,false,1,4.90,5.76,false,1,
670087842307,true,חסה סלנובה,ביכורי השדה הצפון בעמ` 1964,,,'יח,1,,false,1,10.90,10.90,false,1,
693493102575,true,שרי ארוז,ביכורי השדה הצפון בעמ` 1964,,,'יח,1,,false,1,9.90,9.90,false,1,
768404001640,true,גלידת בן & ג`ריס 500 מל`פיינט קפה,מוצרי איכות אמריקאים,,,'יח,5,"ל-100 מ""ל",false,1,19.90,3.98,true,1,
835811000396,true,נייר אפייה לתבנית מוארכת 30 יח`,הנמל אריזות ושיווק 1984 בע`מ,,,'יח,1,,false,1,9.90,9.90,false,1,
835811001713,true,נילון ניצמד 150 מ`,הנמל אריזות ושיווק 1984 בע`מ,,,'יח,1,,false,12,16.90,16.90,false,1,
835811002741,true,גמבו קונפטי ארוך 190 גרם,הנמל אריזות ושיווק 1984 בע`מ,,,'יח,1.90,ל-100 גרם,false,1,7.90,4.16,false,1,
835811003199,true,נייר אפיה לתבנית מרובע 16 יח`,הנמל אריזות ושיווק 1984 בע`מ,,,'יח,1,'יח,false,1,19.90,19.90,true,1,
835811003359,true,נר נשמה פלוס 24 שעות בפח כולל גפרור,הנמל אריזות ושיווק 1984 בע`מ,,,'יח,0,'יח,false,1,3.90,3.90,false,1,
835811003458,true,מזלגות אלגנט שקוף 50 יח`,הנמל אריזות ושיווק 1984 בע`מ,,,'יח,1,,false,1,7.90,7.90,true,1,
835811003465,true,סכינים אלגנט שקוף 50 יח`,הנמל אריזות ושיווק 1984 בע`מ,,,'יח,1,,false,1,7.90,7.90,true,1,
835811003472,true,כפות אלגנט שקוף 50 יח`,הנמל אריזות ושיווק 1984 בע`מ,,,'יח,1,,false,1,7.90,7.90,true,1,
835811003489,true,כפיות אלגנט שקוף 50 יח`,הנמל אריזות ושיווק 1984 בע`מ,,,'יח,1,,false,1,7.90,7.90,true,1,
835811003588,true,צלחות קלאסי גדול 65 יח`לבן,הנמל אריזות ושיווק 1984 בע`מ,,,'יח,1,,false,30,29.90,29.90,false,1,
835811003601,true,צימרונים לתינוק 90 יח`,הנמל אריזות ושיווק 1984 בע`מ,,,'יח,1,'יח,false,12,5.90,5.90,false,1,
835811003625,true,נרות צבעוניים 12 יח`,הנמל אריזות ושיווק 1984 בע`מ,,,'יח,1,,false,30,9.90,9.90,false,1,
835811003878,true,שקיות אשפה עם ידיות 40 יח`,הנמל אריזות ושיווק 1984 בע`מ,,,'יח,1,,false,1,15.90,15.90,true,1,
835811004141,true,נרות ריחניים בריח וניל,הנמל אריזות ושיווק 1984 בע`מ,,,'יח,1,,false,8,9.90,9.90,false,1,
835811004189,true,פירורי לחם מוזהבים 800 גר`,הנמל אריזות ושיווק 1984 בע`מ,,,'יח,8,ל-100 גרם,false,1,10.90,1.36,false,1,
835811004202,true,מפה שולחן בגליל עבה 6 יח`,הנמל אריזות ושיווק 1984 בע`מ,,,'יח,1,,false,1,9.90,9.90,false,1,
835811004431,true,מזוודה טישו 100*5,הנמל אריזות ושיווק 1984 בע`מ,,,'יח,1,'יח,false,1,9.90,9.90,true,1,
835811005322,true,פחם דרום אמריקאי 2 ק`ג,הנמל אריזות ושיווק 1984 בע`מ,,,'יח,1,,false,7,14.90,14.90,false,1,
835811005339,true,זוג שקיות אוכל 150*2,הנמל אריזות ושיווק 1984 בע`מ,,,'יח,1,,false,15,9.90,9.90,true,1,
835811005803,true,שקיות אשפה עם ידיות 25 יח`,הנמל אריזות ושיווק 1984 בע`מ,,,'יח,1,,false,1,14.90,14.90,true,1,
835811005810,true,מגש הכסף תבנית מרובע קטן+מכסה 10 יח`,הנמל אריזות ושיווק 1984 בע`מ,,,'יח,1,,false,24,11.90,11.90,false,1,
835811005933,true,מגש הכסף תבנית אלומיניום ענק 5 יח`,הנמל אריזות ושיווק 1984 בע`מ,,,'יח,1,,false,24,11.90,11.90,false,1,
835811006435,true,תבנית אלומיניום מלבן עמוק+מכסה 9 יח`,הנמל אריזות ושיווק 1984 בע`מ,,,'יח,1,,false,15,11.90,11.90,false,1,
835811006770,true,מגש עגול גדול 5 יח`,הנמל אריזות ושיווק 1984 בע`מ,,,'יח,1,,false,24,11.90,11.90,false,1,
835811007296,true,כפיות אלגנט קרם 50 יח`,הנמל אריזות ושיווק 1984 בע`מ,,,'יח,1,,false,1,7.90,7.90,true,1,
835811007357,true,.סלטינות 25 יח*לבן,הנמל אריזות ושיווק 1984 בע`מ,,,'יח,1,,false,56,5.90,5.90,false,1,
835811007562,true,תבנית קרטון אינגליש,הנמל אריזות ושיווק 1984 בע`מ,,,'יח,0,'יח,false,24,10.90,10.90,false,1,
835811008347,true,גפרור ענק,הנמל אריזות ושיווק 1984 בע`מ,,,'יח,1,,false,48,6.90,6.90,true,1,
835811008996,true,כוסות קרטון 50 יח`OZ10,הנמל אריזות ושיווק 1984 בע`מ,,,'יח,1,,false,20,23.90,23.90,true,1,
835811009030,true,כפיות 100 לבן חדש PP,הנמל אריזות ושיווק 1984 בע`מ,,,'יח,1,,false,30,8.90,8.90,false,1,
835811009412,true,צלחות קטנות צבעוניות חד פעמי25יח`,הנמל אריזות ושיווק 1984 בע`מ,,,'יח,1,,false,20,10.90,10.90,true,1,
835811009429,true,צלחות בינוניות צבעוניות חד פעמי25יח,הנמל אריזות ושיווק 1984 בע`מ,,,'יח,1,,false,20,16.90,16.90,true,1,
835811009436,true,צלחות ענקיות צבעוניות חד פעמי25יח`,הנמל אריזות ושיווק 1984 בע`מ,,,'יח,1,,false,20,23.90,23.90,true,1,
839762000641,true,איילנד משקה מנגו 1 ליטר פיקדון,טמפו משקאות בע`מ,,,'יח,10,"ל-100 מ""ל",false,6,13.20,1.29,false,1,
839762000658,true,איילנד משקה גויאבה 1 ליטר פיקדון,טמפו משקאות בע`מ,,,'יח,10,"ל-100 מ""ל",false,6,13.20,1.29,false,1,
850006036028,true,מזרחיות מקלות בטעם סלק ובצל 400 גרם,תה ויסוצקי בע`מ,,,'יח,4,ל-100 גרם,false,1,17.90,4.48,false,1,
855958006570,true,צורו עוף 56 גרם,שחורי אריה ואנסטסיה,,,'יח,0.56,ל-100 גרם,false,1,15.90,28.39,false,1,
856591000055,true,עוגיות מזרחיות קריספי שרוף במיוחד 400ג,תה ויסוצקי בע`מ,,,'יח,4,ל-100 גרם,false,1,17.90,4.48,false,1,
856591000062,true,עוגיות מזרחיות עם מלח 400 גרם,תה ויסוצקי בע`מ,,,'יח,4,ל-100 גרם,false,1,17.90,4.48,false,1,
856591000109,true,עוגיות מקלות לניגוב 400 גרם,תה ויסוצקי בע`מ,,,'יח,4,ל-100 גרם,false,1,17.90,4.48,false,1,
856591000949,true,מאפה חיטה מלוח 350 גרם,תה ויסוצקי בע`מ,,,'יח,3.50,ל-100 גרם,false,1,16.90,4.83,false,1,
893594002051,true,חטיף פופקורן ציפס בטעם גבינת צ`דר 32 ג,שטראוס פריטו ליי בע`מ,,,'יח,3.20,ל-100 גרם,false,1,5.90,1.84,false,1,
893594002068,true,חטיף פופקורן צ`יפס עם מלח ים 32 גרם,שטראוס פריטו ליי בע`מ,,,'יח,3.20,ל-100 גרם,false,1,5.90,1.84,false,1,
3120581456267,false,"שבלי מ.דה ליני לבן יבש 750 מ""ל",מ.דה ליני,,,'יח,7.50,"ל-100 מ""ל",false,1,99.90,13.28,false,1,
3161911393210,false,חמאת נורמנדי מלוחה אלוויר 200 גרם,א.סיימן סחר בעמ,,,'יח,2,ל-100 גרם,false,1,18.90,9.45,false,1,
3228022910023,false,חמאה צרפתית פריזידאן פרזידנט (200 גרם),סוסייטה בארייר דה אי,,,'יח,2,ל-100 גרם,false,1,16.90,8.45,true,1,
3387390525960,false,קראנץ' דגני בוקר עם שוקולד חלב נסטלה 500 גרם,קבוצת אוסם סחר שותפות מוגבלת,,,'יח,5,ל-100 גרם,false,1,19.90,3.98,true,1,
3574660089547,false,טמפונים נורמל קלאסי אובה 32 יחידות,ג'\ונסון אנד ג'\ונסון,,,'יח,0,ל-100 גרם,false,1,24.90,24.90,false,1,
3574661425139,false,"גונסונס בייבי קרם החתלה 100 מ""ל חדש",ש. שסטוביץ בע`מ,,,'יח,1,,false,1,17.90,17.90,false,1,
3574661487328,false,קרפרי מגני תחתון אורגינל פלוס 56 יח',הדקלאים אגודת שיתופי,,,'יח,1,ל-100 גרם,false,1,16.90,16.90,true,1,
3574661487625,false,מגני תחתון פלוס לארג' בניחוח עדין L,הדקלאים אגודת שיתופי,,,'יח,1,ל-100 גרם,false,1,16.90,16.90,true,1,
3574661552576,false,קרפרי מגן תחתון רגיל טנגה לבן 56 יח חדש,הדקלאים אגודת שיתופי,,,'יח,1,ל-100 גרם,false,1,16.90,16.90,true,1,
3574661552804,false,מגן תחתון קרפרי אלוורה 56 יחידות,הדקלאים אגודת שיתופי,,,'יח,1,ל-100 גרם,false,1,16.90,16.90,true,1,
3574661554884,false,קרפרי מגן תחתון רגיל טנגה מבושם 56 יח,הדקלאים אגודת שיתופי,,,'יח,1,ל-100 גרם,false,1,16.90,16.90,true,1,
3800020472712,false,חטיף קיט קאט צאנקי פופקורן 42 ג',קבוצת אוסם סחר שותפות מוגבלת,,,'יח,0.40,ל-100 גרם,false,1,4.90,12.25,false,1,
4000415004408,false,שוגטן שוקולד קקאו מריר אגוזים 100 גר,לודוויג שוקולד,,,'יח,1,ל-100 גרם,false,1,5.90,5.90,true,1,
4000415039707,false,שוקולד שוגטן עוגיות וניל טבעי 100ג,לודוויג שוקולד,,,'יח,1,ל-100 גרם,false,1,5.90,5.90,true,1,
4000415040109,false,שוקולד שוגטן קרמל בראוני טבעי100ג,לודוויג שוקולד,,,'יח,1,ל-100 גרם,false,1,5.90,5.90,true,1,
4000415143800,false,שוקולד טרילוגיה טבעי שוגטן 100 גרם,לודוויג שוקולד,,,'יח,1,ל-100 גרם,false,1,5.90,5.90,true,1,
4000415358303,false,שוקו-פאן ביסקוויט חמישיות 210 גרם,יעד ממתקים בעמ,,,'יח,1.30,ל-100 גרם,false,1,8.90,6.85,true,1,
4000415358501,false,חטיפי שוקולד קוקוס שביעייה 175 גרם,יעד ממתקים בעמ,,,'יח,1.75,ל-100 גרם,false,1,8.90,5.09,true,1,
4000415440701,false,שוקו-פאן שישיות בוטנים 216 גרם,יעד ממתקים בעמ,,,'יח,1.30,ל-100 גרם,false,1,8.90,6.85,true,1,
4000415730109,false,שוקולד שוגטן מריר עם אגוזים קצוצים 100גר,לודוויג שוקולד,,,'יח,1,ל-100 גרם,false,1,5.90,5.90,true,1,
4000415856601,false,שוקולד לבן טבעי שגוטן 100 גרם,"לודוויג שוקולד בע""\מ",,,'יח,1,ל-100 גרם,false,1,5.90,5.90,true,1,
4000417025005,false,שוקולד מריר במילוי מרציפן ריטר ספורט 100 גרם,ריטר ספורט Ritter sport,,,'יח,1,,false,12,8.90,8.90,true,1,
4000417026002,false,שוקולד ריטר ספורט פרלין 100 גרם חלב נוכרי,ריטר ספורט Ritter sport,,,'יח,1,,false,1,8.90,8.90,true,1,
4000417101273,false,אמיצ`לי גלילי וופל עם קרם אגוז 300 גרם,ליימן שליסל בע`מ,,,'יח,3,ל-100 גרם,false,1,34.90,11.63,false,1,
4000417101310,false,אמיצ`לי עם קרם קקאו בציפוי שוקולד גלילי,ליימן שליסל בע`מ,,,'יח,1.50,ל-100 גרם,false,1,17.90,11.93,false,1,
4000417211002,false,שוקולד חלב מעולה ממולא קרם קרמל מוקצף ושברי שקדים מומלחים,ריטר ספורט Ritter sport,,,'יח,1,,false,11,8.90,8.90,true,1,
4000417222008,false,שוקולד ריטר ספורט חלב+שברי אגוזים 100 גרם חלב נוכרי,ריטר ספורט Ritter sport,,,'יח,1,,false,12,8.90,8.90,true,1,
4000417629616,false,שוקולד ריטר חלב עם שברי שקדים מקורמלים,ליימן שליסל בע`מ,,,'יח,1,,false,12,8.90,8.90,false,1,
4000417692313,false,שוקולד ריטר לבן עם פתיתי קינמון ואורז,ליימן שליסל בע`מ,,,'יח,1,,false,12,8.90,8.90,false,1,
4000417694119,false,שוקולד ריטר מריר ולבן עם מחית קפה,ליימן שליסל בע`מ,,,'יח,1,,false,12,8.90,8.90,false,1,
4000417707000,false,שוקולד חלב מעולה עם שברי קשיו קלוי ומומלח,ריטר ספורט Ritter sport,,,'יח,1,ל-100 גרם,false,1,11.90,11.90,false,1,
4000607850004,false,שוקולד חלב טבעי שוגטן 100 גרם,"לודוויג שוקולד בע""\מ",,,'יח,1,ל-100 גרם,false,1,5.90,5.90,true,1,
4000607851001,false,שוקולד חלב אגוזים טבעי שוגטן 100 גרם,"לודוויג שוקולד בע""\מ",,,'יח,1,ל-100 גרם,false,1,5.90,5.90,true,1,
4000607852008,false,שוקולד מריר טבעי שוגטן 100 גרם,"לודוויג שוקולד בע""\מ",,,'יח,1,,false,1,5.30,5.30,true,1,
4000607854705,false,שוקולד תות טבעי שוגטן 100 גרם,לודוויג שוקולד,,,'יח,1,ל-100 גרם,false,1,5.90,5.90,true,1,
4002590000022,false,סוכריות קלפני פירות יער אוכמניות 150 ג',ליימן שליסל בע`מ,,,'יח,1.50,ל-100 גרם,false,10,9.90,6.60,false,1,
4002590000039,false,סוכריות בטעם פירות הדר קלפני 150 גרם,ליימן שליסל בע`מ,,,'יח,1.50,ל-100 גרם,false,10,10.60,7.07,false,1,
4008496884896,false,מארז 10 סוללות ורטה AA,ד.ש.ש אלקטרוניקה בעמ`,,,'יח,1,,false,1,19.90,19.90,false,1,
4008496927364,false,מארז 10 סוללות VARTA AAA -חדש,ד.ש.ש אלקטרוניקה בעמ`,,,'יח,1,'יח,false,1,19.90,19.90,false,1,
4009900385824,false,מסטיק אורביט פפרמינט סטיקס משפחתי-חמישיות,"מרס ריגלי ישראל בע""מ",,,'יח,0.65,ל-100 גרם,false,1,9.90,15.23,false,1,
4009900402965,false,אורביט וויט בטעם פירות בקבוקון 46מלבניות,"מרס ריגלי ישראל בע""מ",,,'יח,0.64,ל-100 גרם,false,1,10.90,17.03,true,1,
4009900403023,false,אורביט וויט בטעם מנטה בקבוקון 46 מלבניות,"מרס ריגלי ישראל בע""מ",,,'יח,0.64,ל-100 גרם,false,1,10.90,17.03,true,1,
4009900420129,false,מסטיק אורביט פרופשנל פפרמינט בקבוקון 64 גר',"מרס ריגלי ישראל בע""מ",,,ל-100 גרם,0.64,ל-100 גרם,false,1,10.90,17.03,true,1,
4009900455299,false,"סוכרית ג'לי אדומה 174 גרם ""סקיטלס""","מרס ריגלי ישראל בע""מ",,,'יח,1.75,ל-100 גרם,false,1,8.90,5.09,false,1,
4009900465304,false,סוכריות סקיטלס פירות חמוצים 174 גרם,"מרס ריגלי ישראל בע""מ",,,'יח,1.75,ל-100 גרם,false,1,8.90,5.09,false,1,
4009900482417,false,מסטיק אורביט פירות מנטה בקבוקון באבל מינט 45יח,"מרס ריגלי ישראל בע""מ",,,'יח,0.30,ל-100 גרם,false,1,10.90,36.33,true,1,
4009900531122,false,"מסטיק בטעם מנטה ספירמינט, 64 ג' פרופשיונל אורפיט","מרס ריגלי ישראל בע""מ",,,'יח,0.64,ל-100 גרם,false,1,10.90,17.03,true,1,
4009900536288,false,מסטיק אורביט רפרשרס פפרמינט בקבוקון ללא סוכר 67 גר',מרס ריגלי קונפקשונרי,,,'יח,0.67,ל-100 גרם,false,1,11.90,17.76,false,1,
4009900536486,false,מסטיק אורביט רפרשרס באבלמינט בקבוקון ללא סוכר 67 גר',מרס ריגלי קונפקשונרי,,,'יח,0.67,ל-100 גרם,false,1,11.90,17.76,false,1,
4014400144078,false,וופל קנופרס שלשה,ליימן שליסל בע`מ,,,'יח,1,'יח,false,1,7.90,7.90,false,1,
4014400900217,false,בונבונריית מרסי מבחר ממתקי שוקולד 400 גרם,קריניציה ויטמינה אס,,,'יח,4,ל-100 גרם,false,1,49.90,12.48,false,1,
4014400901191,false,בונבונריית מרסי מבחר ממתקי שוקולד 250 גרם,ליימן שליסל בע`מ,,,'יח,2.50,ל-100 גרם,false,1,28.90,11.56,false,1,
4014400910063,false,סוכריות חמאה וורטרס אורגינל (135 גרם),ליימן שליסל בע`מ,,,'יח,1.35,ל-100 גרם,false,15,9.90,7.33,true,1,
4014400913910,false,וורטרס אורגינל סוכריות חמאה ממולאות קרם קרמל בשקית,ליימן שליסל בע`מ,,,'יח,1.25,ל-100 גרם,false,15,9.90,7.92,true,1,
4014400914696,false,וורטרס אורגינל סוכריות ללא סוכר 80 גרם,ליימן שליסל בע`מ,,,'יח,1,,false,18,9.90,9.90,true,1,
4014400914924,false,"סוכריות בטעם קפה וורטר אורגינל לל""ס 80 גרם",קריניציה ויטמינה אס,,,'יח,1.35,ל-100 גרם,false,18,9.90,7.33,true,1,
4014400923711,false,בונבוניירה שוקולד אגוזים טופיפי 125 גרם,ליימן שליסל בע`מ,,,'יח,1.25,ל-100 גרם,false,30,12.90,10.32,true,1,
4015400564034,false,מגן תחתון אולוויז מגה פק לונג פלוס 58 יחידות,דיפלומט מפיצים (1986) בע`מ,,,'יח,1,ל-100 גרם,false,1,19.90,19.90,true,1,
4015400564454,false,מגני תחתון אולוויז לארג' עם ניחוח מגה פק,דיפלומט מפיצים (1986) בע`מ,,,'יח,1,ל-100 גרם,false,1,19.90,19.90,true,1,
4015400681670,false,תחבושות אולוויז וליו פק לילה בטוח 18 יחידות,דיפלומט מפיצים (1986) בע`מ,,,'יח,1,ל-100 גרם,false,1,19.90,19.90,true,1,
4015400731719,false,תחבושות היגייניות אולוויז יום ולילה Day & Night,דיפלומט מפיצים (1986) בע`מ,,,'יח,1,ל-100 גרם,false,1,19.90,19.90,true,1,
4015400746812,false,מגני תחתון אולוויז נורמל עם ניחוח מגה פק,דיפלומט מפיצים (1986) בע`מ,,,'יח,1,ל-100 גרם,false,1,19.90,19.90,true,1,
4015400755241,false,תחבושות היגייניות אולוויז אולטרה נורמל - 28 יח',דיפלומט מפיצים (1986) בע`מ,,,'יח,1,ל-100 גרם,false,1,19.90,19.90,true,1,
4015400755487,false,תחבושות היגייניות אולוויז אולטרה לונג - 24 יח',דיפלומט מפיצים (1986) בע`מ,,,'יח,1,ל-100 גרם,false,1,19.90,19.90,true,1,
4015400990482,false,אבקת כביסה אריאל קולור 3 ק`ג,דיפלומט מפיצים (1986) בע`מ,,,'יח,3,"ק""ג",false,1,34.90,11.63,false,1,
4015600762742,false,שמפו יומיומי למניעת קשקשים הנוסחה הקלאסית,דיפלומט מפיצים (1986) בע`מ,,,'יח,5,"ל-100 מ""ל",false,6,18.90,3.78,false,1,
4015600762780,false,שמפו וקונדישינר יומיומי למניעת קשקשים הנוסחה הקלאסית 2in1,דיפלומט מפיצים (1986) בע`מ,,,'יח,5,"ל-100 מ""ל",false,6,18.90,3.78,false,1,
4015600762902,false,"שמפו האד אנד שולדרס מנטול 500 מ""ל",דיפלומט מפיצים (1986) בע`מ,,,'יח,5,"ל-100 מ""ל",false,6,18.90,3.78,false,1,
4015600763022,false,שמפו יומיומי למניעת קשקשים לשיער יבש/פגום לשיער רך כמשי,דיפלומט מפיצים (1986) בע`מ,,,'יח,5,"ל-100 מ""ל",false,6,18.90,3.78,false,1,
4025700001962,false,מילקה טבלה 100 גר' לבן 1/22 (4248023),דיפלומט מפיצים (1968) בעמ**,,,'יח,1,,false,24,5.90,5.90,false,1,
4050328191931,false,ענבים אדומים מארז.,ביכורי השדה צפון 1994 ג.ד. בעמ,,,"ק""ג",1,,true,1,19.90,19.90,false,1,
4056800943791,false,קרם חמצן וולוקסון Welloxon 9%,דיפלומט מפיצים (1986) בע`מ,,,'יח,1,,false,1,4.90,4.90,false,1,
4067700014849,false,ליקר ייגרמייסטר 700מ`ל,הכרם -משקאות חריפים בע`מ,,,'יח,7,"ל-100 מ""ל",false,6,99.90,14.23,true,1,
4084500088917,false,נוזל לניקוי כלים לימון פיירי (650 מל),דיפלומט מפיצים (1986) בע`מ,,,'יח,6.50,"ל-100 מ""ל",false,16,10.90,1.68,false,1,
4084500853553,false,פיירי נוזל כלים קלאסי אורגינל 650 מל,דיפלומט מפיצים (1986) בע`מ,,,'יח,6.50,"ל-100 מ""ל",false,16,10.90,1.68,false,1,
4084500853898,false,"נוזל כלים פיירי אלוורה ומלפפונים 515 מ""ל בד""צ",דיפלומט מפיצים (1986) בע`מ,,,'יח,5.15,"ל-100 מ""ל",false,1,10.90,2.12,false,1,
4600659010854,false,וודקה סטוליצ`יניה (700 מל),הכרם -משקאות חריפים בע`מ,,,'יח,7,"ל-100 מ""ל",false,12,79.90,11.37,true,1,
4604248006945,false,ריבת ענבי שועל מאחייב בזכוכית 400 גר,דולינה טרייד בעמ,,,'יח,7,"ל-100 מ""ל",false,1,17.90,2.56,false,1,
4604248012618,false,חרדל רוסקיה 190 גרם מחייב,דולינה טרייד בעמ,,,'יח,1.60,ל-100 גרם,false,1,7.50,4.69,false,1,
4604248016272,false,ריבת מאחייב דובדבן בזכוכית 400 גר,דולינה טרייד בעמ,,,'יח,4,ל-100 גרם,false,1,17.90,4.48,false,1,
4605561010350,false,חתיכות פילה הרינג בשמן פלסטיק 200 גרם,דילר בי.אם.די. פורמולה בעמ,,,'יח,2,ל-100 גרם,false,1,10.90,5.45,false,1,
4605561011975,false,חתיכות פילה דג הרינג בשמן מצונן 150 גרם,דילר בי.אם.די. פורמולה בעמ,,,'יח,1.50,ל-100 גרם,false,1,7.90,5.27,false,1,
4605561013009,false,פילה דג הרינג בשמן 400 גרם,דילר בי.אם.די. פורמולה בעמ,,,'יח,4,ל-100 גרם,false,1,15.90,3.98,true,1,
4640018993343,false,פיניש קוואנטום קפסולות ג'ל למדיח כלים 30 יח',רקיט בנקיזר (ניר איסט) בעמ,,,'יח,1,'יח,false,1,41.90,41.90,true,1,
4710068001715,false,משקה בטעם טירמיסו מאסטר קפה (240 מל),יוני פרזינדנט אנטרפר,,,'יח,2.40,"ל-100 מ""ל",false,24,6.90,2.88,true,1,
4710068001739,false,מאסטר קפה בטעם קולומביאני בפחית 240מ`ל,יוני פרזינדנט אנטרפר,,,'יח,2.40,"ל-100 מ""ל",false,24,6.90,2.88,true,1,
4710068002798,false,מאסטר קפה בטעם וניל בפחית 240מ`ל,מאיטה פוד אינדוסטריאל קו,,,'יח,2.40,"ל-100 מ""ל",false,24,6.90,2.88,true,1,
4800888219534,false,דאב - דאודורנט סטיק לאישה אנטי פרספירמט 50 גרם,יוניליוור ישראל שיווק בע`מ,,,'יח,0.50,ל-100 גרם,false,1,15.90,31.80,false,1,
4810168019051,false,חתיכות פילה דג הרינג מלוח מצונן עם תבלין 200גרם,דילר בי.אם.די. פורמולה בעמ,,,'יח,1,,false,1,13.90,13.90,true,1,
4810168049959,false,בלינצ'ס במילוי גבינת טבורוג מוקפא 360 גרם,דילר בי.אם.די. פורמולה בעמ,,,'יח,3.60,ל-100 גרם,false,1,13.90,3.86,true,1,
4810168052270,false,עלי בלינצ'ס בבושקה אנה 320 גרם,דילר בי.אם.די. פורמולה בעמ,,,'יח,3.20,ל-100 גרם,false,1,9.90,3.09,false,1,
4810168055004,false,כיסונים במילוי אוכמניות כחולות מוקפאים 450 גרם,דילר בי.אם.די. פורמולה בעמ,,,'יח,0.45,ל-100 גרם,false,1,19.90,44.22,true,1,
4810168055066,false,"כיסונים במילוי תפו""א ופטריות מוקפאים 450 גרם",דילר בי.אם.די. פורמולה בעמ,,,'יח,4.50,ל-100 גרם,false,1,12.90,2.87,true,1,
4810168057510,false,חתיכות פילה דג הרינג מתובל מלוח בשמן 400 גרם,דילר בי.אם.די. פורמולה בעמ,,,'יח,2,ל-100 גרם,false,1,27.90,13.95,true,1,
4820229031311,false,"וודקה חורטיצה פלטניום 700 מ""ל.",אוקראיניאן דיסטריביו,,,'יח,7,"ל-100 מ""ל",false,1,56.90,8.09,false,1,
4903001904192,false,רוטב סויה יאמאסה פרימיום 500מ`ל,הדקלאים אגודת שיתופי,,,'יח,5,"ל-100 מ""ל",false,12,18.90,3.78,false,1,
4903001925784,false,"רוטב סויה יאמאסה דל מלח 500מ""ל פרימיום",הדקלאים אגודת שיתופי,,,'יח,5,"ל-100 מ""ל",false,12,18.90,3.78,false,1,
5000054353300,false,פריסקיז פטה סלמון 156 גרם,קבוצת אוסם סחר-שות.מוגבלת,,,'יח,1.56,ל-100 גרם,false,1,6.90,4.42,false,1,
5000054357100,false,פריסקיז פטה מיקס גריל 156 גרם,קבוצת אוסם סחר-שות.מוגבלת,,,'יח,1.56,ל-100 גרם,false,1,6.90,4.42,false,1,
5000054359500,false,פריסקיז פטה כבד ועוף 156גרם,קבוצת אוסם סחר-שות.מוגבלת,,,'יח,1.56,ל-100 גרם,false,1,6.90,4.42,false,1,
5000127533196,false,קלוגס וורייטי שמינייה 191 גרם,דיפלומט מפיצים (1968) בע`מ,,,'יח,1.97,ל-100 גרם,false,12,23.50,11.93,false,1,
5000146057710,false,ספריי רב שימושי לחלונות ומשטחים ווינדולין Windolene,רקיט בנקיזר (ניר איסט) בעמ,,,'יח,1.50,לליטר,false,1,7.90,5.27,false,1,
5000157143365,false,מתבל בטעם מיונז וקטשופ היינץ 425 גרם,דיפלומט מפיצים (1968) בעמ**,,,'יח,1,,false,1,14.90,14.90,false,1,
5000159376655,false,סוכריות SKITTLES פירות קטן 38 גרם אדום,"מרס ריגלי ישראל בע""מ",,,'יח,0.38,ל-100 גרם,false,1,2.90,7.63,false,1,
5000159409179,false,מארז סניקרס/מיניס משפחתי 403 גר,"מרס ריגלי ישראל בע""מ",,,'יח,4.03,ל-100 גרם,false,1,22.90,5.68,false,1,
5000159452540,false,סניקרס חטיף שוקולד עם בוטנים חמישייה ברי,"מרס ריגלי ישראל בע""מ",,,'יח,0.57,ל-100 גרם,false,1,12.90,22.63,false,1,
5000159483063,false,גלידת באונטי שמנת עם קוקוס מצופה 284 גרם,אייס דילר בי.אמ.די בעמ,,,'יח,1,ל-100 גרם,false,1,24.90,24.90,false,1,
5000159538626,false,טוויקס מארז חטיף 50 גרם חמישייה,"מרס ריגלי ישראל בע""מ",,,'יח,0.57,ל-100 גרם,false,1,12.90,22.63,false,1,
5000168199245,false,שוקולד חלב מעולה בתוספת קרמל מלוח פיור גודייבה 90 ג',"אולקר מקבוצת פלאדיס, ציק",,,'יח,0.90,ל-100 גרם,false,1,14.90,16.56,true,1,
5000204658187,false,משחת נעליים קראון שחור קיווי (75 מל),אס' סי' ג'ונסון במה,,,'יח,0.88,"ל-100 מ""ל",false,1,12.90,14.66,false,1,
5000267024233,false,"וויסקי ג'וני בלאק לייבל עם פורר 700מ""ל",החברה המרכזית להפצת משקאות בעמ,,,'יח,7,"ל-100 מ""ל",false,1,129.90,18.51,false,1,
5000394140820,false,שישיות סוללות AA פלוס פאוור דורסל,דיפלומט מפיצים (1986) בע`מ,,,'יח,1,'יח,false,1,19.90,19.90,false,1,
5000394141209,false,שישיות סוללות AAA פלוס פאוור דורסל,דיפלומט מפיצים (1986) בע`מ,,,'יח,1,'יח,false,1,19.90,19.90,false,1,
5010182997338,false,דאק ג'ל לניקוי אסלות בניחוח רענן 55 מל,"איטיליאן פוד, אס.פי.",,,'יח,0.55,ל-100 גרם,false,1,10.90,19.82,false,1,
5010182998847,false,דאק נוזל לניקוי אסלות בניחוח ים 750 מל,מיוצר עי קונדיטוריית,,,'יח,7.50,"ל-100 מ""ל",false,1,8.90,1.19,false,1,
5010182998861,false,דאק נוזל לניקוי אסלות בניחוח רענן 750 מל,מיוצר עי קונדיטוריית,,,'יח,7.50,"ל-100 מ""ל",false,1,8.90,1.19,false,1,
5010677551397,false,"בקרדי בריזר בטעם לימון ליים 275 מ""ל",בקרדי בריזר Bacardi Breezer,,,'יח,2.75,"ל-100 מ""ל",false,24,13.90,4.95,true,1,
5010677552387,false,"בקרדי בריזר אננס 275 מ""ל בקבוק",בקרדי בריזר Bacardi Breezer,,,'יח,2.75,"ל-100 מ""ל",false,24,13.90,4.95,true,1,
5010677554398,false,בריזר אבטיח בבקבוק בקרדי (275 מל),בקרדי בריזר Bacardi Breezer,,,'יח,2.75,"ל-100 מ""ל",false,24,13.90,4.95,true,1,
5014271003979,false,מעדן פרי סופר פרוט אומניות ואסאי 170גרם,א. סיימן סחר בעמ,,,'יח,1.70,ל-100 גרם,false,1,15.90,9.35,false,1,
5014271003986,false,מעדן פרי סופר פרוט משמש וזרעי צ`יה170ג,א. סיימן סחר בעמ,,,'יח,1.70,ל-100 גרם,false,1,15.90,9.35,false,1,
5014271004228,false,מעדן פרי סופר פרוט דובדבן 170ג דלפור,א. סיימן סחר בעמ,,,'יח,1.70,ל-100 גרם,false,1,15.90,9.35,false,1,
5014271350424,false,מעדן ארבעה פירות ללא תוספת סוכר 284 גרם,סאן דלפור - שמבור,,,'יח,2.84,ל-100 גרם,false,6,20.90,7.36,true,1,
5014271400426,false,"מעדן בטעם תות שדה לל""ס סאן דלפור 284 גרם",סאן דלפור - שמבור,,,'יח,2.84,ל-100 גרם,false,6,20.90,7.36,true,1,
5014379009972,false,בירה לאגר באדוויזר פחית 500 מל,הכרם -משקאות חריפים בע`מ,,,'יח,5,"ל-100 מ""ל",false,1,9.90,1.92,true,1,
5029053510811,false,תחבושות נורמל פלוס עם כנפיים קוטקס 28 יחידות,קימברלי קלארק ישראל שיווק בעמ,,,'יח,0,ל-100 גרם,false,16,15.90,15.90,false,1,
5029053535227,false,קוטקס טמפון עם מוליך נורמל 16 יחידות,קימברלי קלארק ישראל שיווק בעמ,,,'יח,0,ל-100 גרם,false,8,19.90,19.90,false,1,
5050083559761,false,דגני בוקר קלוגס קוקו פופס שוקוס 500 גרם,קלוגס מניופקטורינג אספנה,,,'יח,5,ל-100 גרם,false,1,19.90,3.98,false,1,
5053827215862,false,דגני בוקר קלוגס קוקו פופס בטעם שוקולד (,קלוגס מניופקטורינג אספנה,,,'יח,5,ל-100 גרם,false,16,19.90,3.98,false,1,
5060045588128,false,"וויסקי גים בים לבן 700 מ""ל",הכרם -משקאות חריפים בע`מ,,,'יח,7.50,"ל-100 מ""ל",false,6,89.90,11.95,false,1,
5060639129102,false,"משקה אנרגיה מונסטר אנרג'י מנגו בפחית 500 מ""ל",החברה המרכזית להפצת משקאות בעמ,,,'יח,5,"ל-100 מ""ל",false,1,6.90,1.32,true,1,
5060751218173,false,"משקה אנרגיה מונסטר אנרג'י piplin punch בפחית 500 מ""ל",החברה המרכזית להפצת משקאות בעמ,,,'יח,5,"ל-100 מ""ל",false,1,6.90,1.32,true,1,
5201246002215,false,"בירה פילס היילס ויליפוד 500 מ""ל",ג. וילי-פוד אינטרנשיונל בע`מ,,,'יח,5,"ל-100 מ""ל",false,1,4.90,0.92,true,1,
5206759020503,false,סוכריות גלי אקזוטי 500 גרם,יעד ממתקים בעמ,,,'יח,5,ל-100 גרם,false,1,11.90,2.38,true,1,
5391523058063,false,סימילאק אדבנס פלוס 1 תרכובת מזון על בסיס חלב,טרופיקל דגיל תעשיות,,,'יח,7,ל-100 גרם,false,1,64.90,9.27,false,1,
5410076933129,false,אריאל אבקת כביסה שושן צחור 3 קג,דיפלומט מפיצים (1986) בע`מ,,,'יח,2.47,"ל-100 מ""ל",false,1,34.90,14.13,false,1,
5410126006087,false,ביסקויט ביסקפה לוטוס בטעם קרמל 700גר`ב,דיפלומט מפיצים (1968) בעמ**,,,'יח,7,ל-100 גרם,false,7,26.90,3.84,false,1,
5410126106022,false,לוטוס ביסקויט מארז חג 2*250ג.,דיפלומט מפיצים (1968) בעמ**,,,'יח,5,ל-100 גרם,false,1,15.90,3.18,false,1,
5410126116953,false,ממרח ביסקוויט קרמל לוטוס (400 גרם),דיפלומט מפיצים (1968) בעמ**,,,'יח,4,ל-100 גרם,false,12,21.90,5.48,false,1,
5410126666038,false,"ביסקוויט קרמל לוטוס 279 גרם בד""צ",דיפלומט מפיצים (1968) בעמ**,,,'יח,0.2790,ל-100 גרם,false,10,12.90,46.24,false,1,
5410126726947,false,ממרח ביסקוויט קרמל קראנץ' לוטוס 380 גרם,דיפלומט מפיצים (1968) בעמ**,,,'יח,3.80,ל-100 גרם,false,12,21.90,5.76,false,1,
5410291022738,false,צ'וקטה ממרח חלב ואגוזי לוז עם קקאוי 350ג',ש. שסטוביץ בע`מ,,,'יח,3.50,ל-100 גרם,false,12,10.90,3.11,false,1,
5410291022752,false,צ'וקטה ממרח אגוזי לוז עם קקאו פרווה 350 ג',ש. שסטוביץ בע`מ,,,'יח,3.50,ל-100 גרם,false,12,10.90,3.11,false,1,
5410291022776,false,צ`וקטה ממרח אגוזי לוז עם קקאו 700 גר`,ש. שסטוביץ בע`מ,,,'יח,7,ל-100 גרם,false,6,18.90,2.70,false,1,
5411188081852,false,אלפרו משקה סויה בטעם וניל 1 ליטר,הנסיך- מפעל לייצור ט,,,'יח,10,"ל-100 מ""ל",false,1,15.90,1.59,false,1,
5411188094159,false,רביעיית מעדן סויה שוקו מריר אלפרו 125 גרם,הנסיך- מפעל לייצור ט,,,'יח,5,ל-100 גרם,false,1,17.90,3.58,false,1,
5411188094173,false,רביעיה מעדן סויה טעם קרמל 125 ג' אלפרו,שטראוס גרופ בע`מ,,,'יח,5,ל-100 גרם,false,1,16.90,3.38,false,1,
5411188110835,false,אלפרו חלב סויה שקדים וניל 1ל',הנסיך- מפעל לייצור ט,,,'יח,10,"ל-100 מ""ל",false,1,14.90,1.49,false,1,
5411188112709,false,"משקה קוקוס אלפרו 1 ליטר משקה שקדים לל""ס",הנסיך- מפעל לייצור ט,,,'יח,10,"ל-100 מ""ל",false,1,14.90,1.49,false,1,
5411188115366,false,משקה קוקוס אלפרו 1 ליטר משקה שיבולת שועל 1 ליטר,הנסיך- מפעל לייצור ט,,,'יח,10,"ל-100 מ""ל",false,1,14.90,1.49,false,1,
5411188115472,false,משקה סויה אלפרו 1 ליטר,הנסיך- מפעל לייצור ט,,,'יח,10,"ל-100 מ""ל",false,1,15.90,1.59,false,1,
5411188120742,false,משקה קוקוס אלפרו 1 ליטר שקדים וניל 1 ל',הנסיך- מפעל לייצור ט,,,'יח,10,"ל-100 מ""ל",false,1,14.90,1.49,false,1,
5411188121978,false,אלפרו משקה סויה עמיד מועשר בסידן 3*250,שטראוס גרופ בע`מ,,,'יח,10,"ל-100 מ""ל",false,1,14.90,1.49,false,1,
5411188124689,false,משקה אלפרו שיבולת שועל ללא סוכר 1 ליטר,שטראוס גרופ בע`מ,,,'יח,10,"ל-100 מ""ל",false,1,14.90,1.49,false,1,
5411188134985,false,אלפרו 3.5% NOT M*LK שיבולת שועל 1 ליטר בית יוסף,שטראוס גרופ בעמ/מצונן,,,'יח,10,"ל-100 מ""ל",false,1,13.90,1.39,false,1,
5411188135005,false,אלפרו 1.8% NOT M*LK שיבולת שועל 1 ליטר בית יוסף,שטראוס גרופ בעמ/מצונן,,,'יח,10,"ל-100 מ""ל",false,1,13.90,1.39,false,1,
5411188300328,false,אלפרו משקה סויה עמיד בטעם שוקו 1 ליטר,הנסיך- מפעל לייצור ט,,,'יח,10,"ל-100 מ""ל",false,1,15.90,1.59,false,1,
5413149922907,false,"אבקת כביסה קולור וסטייל 5 ק""ג אריאל",דיפלומט מפיצים (1986) בע`מ,,,'יח,5,ל-100 גרם,false,1,39.90,7.98,false,1,
5413149922938,false,"אריאל אבקת כביסה שושן צחור, 5 ק""ג",דיפלומט מפיצים (1986) בע`מ,,,'יח,5,ל-100 גרם,false,1,39.90,7.98,false,1,
5449000131805,false,"פחית קוקה קולה זירו בעלז 330מ""ל",טאצ וואן בעמ,,,'יח,3.30,"ל-100 מ""ל",false,1,4.90,1.39,true,1,
5469874235904,false,שלישייה גרבי גבר,הום פרפקט ק.ד.מ בעמ,,,'יח,1,,false,1,14.90,14.90,true,1,
5489742354377,false,שלישייה גרבי גבר,הום פרפקט ק.ד.מ בעמ,,,'יח,1,,false,1,14.90,14.90,true,1,
5601008200444,false,עוגיות גודיס טבעות מצופות שוקולד חלב מרבה 150 גרם,הנסיך- מפעל לייצור ט,,,'יח,1.50,ל-100 גרם,false,1,7.90,5.27,true,1,
5601008200451,false,עוגיות גודיס טבעות מצופות שוקולד מריר מרבה 150 גרם,ש. שסטוביץ בע`מ,,,'יח,1.50,ל-100 גרם,false,1,7.90,5.27,true,1,
5601008200468,false,עוגיות גודיס טבעות מצופות שוקולד לבו מרבה 150 גרם,קריניציה ויטמינה אס,,,'יח,1.50,ל-100 גרם,false,1,7.90,5.27,true,1,
5601217129420,false,וולייט דפים למניעת העברת צבע 20 יחידות,רקיט בנקיזר (ניר איסט) בעמ,,,'יח,20,ל-100 גרם,false,1,19.90,1,false,1,
5701932026964,false,"הוטפופ גרעיני תירס להכנת פופקורן במיקרוגל בטעם טבעי, בתוספת מלח, 600 גרם",ליימן שליסל בע`מ,,,'יח,6,ל-100 גרם,false,12,14.90,2.48,true,1,
5701932026971,false,הוטפופ גרעיני תירס להכנת פופקורן במיקרוגל בטעם חמאה 600 גרם,ליימן שליסל בע`מ,,,'יח,6,ל-100 גרם,false,12,14.90,2.48,true,1,
5701932026995,false,"הוטפופ גרעיני תירס להכנת פופקורן במיקרוגל בטעם טבעי מופחת שומן, 510 גרם",קריניציה ויטמינה אס,,,'יח,5.10,ל-100 גרם,false,12,14.90,2.92,true,1,
5711953106583,false,גבינת שמנת בטעם טבעי 200 גרם ארלה,שטראוס גרופ בעמ/מצונן,,,'יח,2,ל-100 גרם,false,1,15.90,7.95,false,1,
5711953106590,false,גבינת שמנת ארלה שמנת שום 200 גרם,שטראוס גרופ בעמ/מצונן,,,'יח,2,ל-100 גרם,false,1,15.90,7.95,false,1,
5711953106606,false,גבינת שמנת עם תבלינים ועשבי תיבול 23.5%,שטראוס גרופ בעמ/מצונן,,,'יח,2,ל-100 גרם,false,1,15.90,7.95,false,1,
5740900403215,false,ממרח חמאה דנית לורפק עם מלח 250 גרם,שטראוס גרופ בעמ/מצונן,,,'יח,2.50,ל-100 גרם,false,1,16.90,6.76,true,1,
5740900403222,false,ממרח לורפק חמאה עם מלח מופחת שומן 250 ג,שטראוס גרופ בעמ/מצונן,,,'יח,2.80,ל-100 גרם,false,1,16.90,6.04,true,1,
5740900403239,false,ממרח חמאה דנית לורפק ללא מלח 250 גרם,שטראוס גרופ בעמ/מצונן,,,'יח,2.50,ל-100 גרם,false,1,16.90,6.76,true,1,
5740900403260,false,ממרח מחמאת לורפק ללא מלח 27% פחות שומן,שטראוס גרופ בעמ/מצונן,,,'יח,2.50,ל-100 גרם,false,1,16.90,6.76,true,1,
5900020024770,false,פיטנס - דליס חטיף דגנים שוקולד אגוז 22.50 גרם * 6,קבוצת אוסם סחר שותפות מוגבלת,,,'יח,1.35,ל-100 גרם,false,1,14.90,11.04,true,1,
5900020025647,false,חטיף דגנים פיטנס שוקולד חלב 135 גרם מארז 6 יחידות,קבוצת אוסם סחר שותפות מוגבלת,,,'יח,1.35,ל-100 גרם,false,1,14.90,11.04,true,1,
5900020026552,false,דגני בוקר האני נאט צ'יריוס בטעם דבש ושקדים,קבוצת אוסם סחר שותפות מוגבלת,,,'יח,6.25,ל-100 גרם,false,1,19.90,3.18,true,1,
5900020036407,false,ליון דגני בוקר שוקולד וקרמל נסטלה 480 גרם,קבוצת אוסם סחר שותפות מוגבלת,,,'יח,4.80,ל-100 גרם,false,1,19.90,4.15,true,1,
5900020041142,false,קורנפלקס פיטנס 500 ג' אסם,קבוצת אוסם סחר-שות.מוגבלת,,,'יח,5,ל-100 גרם,false,1,16.90,3.38,true,1,
5900352002866,false,חטיף אליבי שוקולד וקרמל 49 גרם,אליבי מקס Alibi Max,,,'יח,4.90,ל-100 גרם,false,1,2.50,0.51,true,1,
5900352004044,false,עוגיות יזיקי קוקוס 140 גרם,יעד ממתקים בעמ,,,'יח,1.40,ל-100 גרם,false,1,6.90,4.93,true,1,
5900352008509,false,עוגיות יזיקי אדווקט 140 גרם,יעד ממתקים בעמ,,,'יח,1.40,ל-100 גרם,false,1,6.90,4.93,true,1,
5900352011356,false,עוגיות מריר יזיקי שרי 140 גרם,יעד ממתקים בעמ,,,'יח,1.40,ל-100 גרם,false,1,6.90,4.93,true,1,
5900352012605,false,טייגר חטיף אליבי קוקוס 49 גרם,אליבי מקס Alibi Max,,,'יח,4.90,ל-100 גרם,false,1,2.50,0.51,true,1,
5900352014456,false,וופל בלגי שוקולד 130 גר` יעד ממתקים,יעד ממתקים בעמ,,,'יח,1.30,ל-100 גרם,false,1,3.90,3,true,1,
5900352015576,false,וופל בלגי קרם קוקוס 130 גר` יעד ממתקים,יעד ממתקים בעמ,,,'יח,1.30,ל-100 גרם,false,1,3.90,3,true,1,
5900394009762,false,וופל אידיליה 47 גרם,יעד ממתקים בעמ,,,'יח,4.70,ל-100 גרם,false,1,2.50,0.53,true,1,
5901414200411,false,בלזן היט מיני ביסקוויט סנדוויץ' עם מילוי קרם בטעם שוקולד 130 גרם,ליימן שליסל בע`מ,,,'יח,1.30,ל-100 גרם,false,1,6.90,5.31,true,1,
5902198160403,false,XL משקה אנרגיה מוגז ללא סוכר עד 10 קלוריות לפחית 250 מל,"טמפו משקאות בע""\מ",,,'יח,2.50,"ל-100 מ""ל",false,24,4.90,1.84,true,1,
5904941750312,false,"משקה אנרגיה BLU מוחיטו בודד 250 מ""ל",בני פאוזי שמשום (2009) בעמ,,,'יח,2.50,"ל-100 מ""ל",false,1,3.90,1.44,true,1,
5904941751302,false,משקה אנרגיה בפחית בלו (250 מל),בני פאוזי שמשום (2009) בעמ,,,'יח,2.50,"ל-100 מ""ל",false,1,3.90,1.44,true,1,
5904941751920,false,בלו משקה אנרגיה דיי חצי מכמות הקלו250 מל,בני פאוזי שמשום (2009) בעמ,,,'יח,2.50,"ל-100 מ""ל",false,1,3.90,1.44,true,1,
5906485301012,false,משקה אנרגיה XL מוגז פחית 250 מל,טמפו משקאות בע`מ,,,'יח,2.50,"ל-100 מ""ל",false,24,4.90,1.84,true,1,
5998749108574,false,חטיף בקר לחתולים 60 גרם וויסקס,שחורי אריה ואנסטסיה,,,'יח,0.60,ל-100 גרם,false,1,13.90,23.17,false,1,
6009163534920,false,ענב לבן,ביכורי השדה הצפון בעמ` 1964,,,"ק""ג",1,,true,1,24.90,24.90,false,1,
6009900363301,false,ענבים שחורים,ביכורי השדה הצפון בעמ` 1964,,,"ק""ג",1,,true,1,19.90,19.90,false,1,
6009900363325,false,ענבים ירוקים יחידה,ביכורי השדה הצפון בעמ` 1964,,,"ק""ג",1,,true,1,24.90,24.90,false,1,
6102017501939,false,מצת להבה לגז brico {במעמד},אוהב ציון בעמ (מבצעים),,,'יח,1,,false,1,9.90,9.90,true,1,
6111094000259,false,קוסקוס להכנה מהירה דארי (500 גרם),תומר ייבוא ושיווק מוצרי מזון [,,,'יח,5,ל-100 גרם,false,18,9.90,1.98,false,1,
6111200000135,false,סרדין מרוקאי מאריה 125 גרם,בני פאוזי שמשום (2009) בעמ,,,'יח,1.25,ל-100 גרם,false,1,4.90,3.92,true,1,
6253501260686,false,קרמבו וניל 12 יח'-בובו,אריזונה,,,'יח,0,ל-100 גרם,false,1,11.90,11.90,false,1,
6920211204125,false,אוזניות,הום פרפקט ק.ד.מ בעמ,,,'יח,1,,false,1,14.90,14.90,true,1,
6935487561246,false,מסיכה כירורגית שחורה מארז 50 יח',ביג פוד כחול לבן בעמ,,,'יח,1,'יח,false,1,9.90,9.90,true,1,
7271730901261,false,ווקי מאק ארוחת אטריות עם גבינה 156 גרם,ניו וורלד פסטה קומפנ,,,'יח,1.56,ל-100 גרם,false,1,10.90,6.99,false,1,
7290000023083,false,ערק אשקלון בקבוק 700,טמפו משקאות בע`מ,,,'יח,7,"ל-100 מ""ל",false,1,54.90,7.80,false,1,
7290000023977,false,קלאסיק מרלו יקבי ברקן (750 מל),יקבי ברקן שיווק והפצה בע,,,'יח,7.50,"ל-100 מ""ל",false,1,31.90,4.21,true,1,
7290000040042,false,יופלה יוגורט תות %3 גביע 150 גרם,"תנובה בע""מ ***",,,'יח,1.50,"ל-100 מ""ל",false,1,5.20,3.47,false,1,
7290000040066,false,יופלה יוגורט דובדבן %3 גביע 150 גרם,תנובה מרכז שיתופי לש,,,'יח,1.50,"ל-100 מ""ל",false,1,5.20,3.47,false,1,
7290000040080,false,יופלה יוגורט אפרסק %3 גביע 150 גרם,"תנובה בע""מ ***",,,'יח,1.50,"ל-100 מ""ל",false,1,5.20,3.47,false,1,
7290000041858,false,"שמנת חמוצה 15% מועשרת יטבתה 200 מ""ל",שטראוס גרופ בעמ/מצונן,,,'יח,2,"ל-100 מ""ל",false,20,2.40,1.20,false,1,
7290000042435,false,חלב דל שומן 1% בקרטון תנובה (1 ליטר)פיק,תנובה מרכז שיתופי לש,,,'יח,10,"ל-100 מ""ל",false,1,5.86,0.59,false,1,
7290000042541,false,חלב עמיד 1% הומוגני 1 ל',תנובה חלב,,,'יח,10,"ל-100 מ""ל",false,1,8.90,0.89,false,1,
7290000042640,false,"חלב תנובה עמיד 3% קרטון 250 מ""ל",תנובה מרכז שיתופי לש,,,'יח,2.50,"ל-100 מ""ל",false,1,2.90,1.16,false,1,
7290000042855,false,"שוקו בשקית 250 מ""ל ""יטבתה""",שטראוס גרופ בעמ/מצונן,,,'יח,2.25,"ל-100 מ""ל",false,1,2.50,1.11,false,1,
7290000043814,false,השף הלבן שמנת להקצפה 38% שומן 250 מל - מוצר בפיקוח,תנובה מרכז שיתופי לש,,,'יח,2.50,"ל-100 מ""ל",false,1,6.47,2.59,false,1,
7290000043890,false,תנובה רויון לבן מחלב מפסוטר 1.5%,תנובה מרכז שיתופי לש,,,'יח,10,"ל-100 מ""ל",false,1,11.30,1.13,false,1,
7290000044880,false,יוגורט בטעם תות שדה 3% באדי (500 גרם),מיוצר עי קונדיטוריית,,,'יח,5,"ל-100 מ""ל",false,1,9.50,1.90,false,1,
7290000045580,false,גבינה מותכת נעמה חורש תנובה 240 גרם,תנובה מרכז שיתופי לש,,,'יח,2.40,ל-100 גרם,false,1,17.60,7.33,false,1,
7290000047621,false,גבינה לבנה רכה 5% תנובה 250ג' מהדרין,תנובה מרכז שיתופי לש,,,'יח,2.50,ל-100 גרם,false,1,4.98,1.99,false,1,
7290000047942,false,**תנובה גבינה לבנה מהדרין 9% 250ג,תנובה מרכז שיתופי לש,,,'יח,2.50,ל-100 גרם,false,1,4.80,1.92,false,1,
7290000048185,false,גבינה לבנה 5% תנובה 250 גרם מהדרין,מיוצר עי קונדיטוריית,,,'יח,2.50,ל-100 גרם,false,1,4.98,1.99,false,1,
7290000048192,false,גבינה לבנה 9% תנובה 250 גרם מהדרין,מחלבת אלון תבור,,,'יח,2.50,ל-100 גרם,false,1,5,2,false,1,
7290000048413,false,גבינה חמד (25016% גרם)פיראוס תנובה,תנובה מרכז שיתופי לש,,,'יח,2.50,ל-100 גרם,false,1,18.90,7.56,false,1,
7290000048437,false,גבינת צפתית (2005% גרם)פיראוס תנובה,פארייפאבה אגרואינדוס,,,'יח,2,ל-100 גרם,false,1,15.90,7.95,false,1,
7290000050454,false,יוגורט יופלה אפרסק 3% שומן 500 גרם,מיוצר עי קונדיטוריית,,,'יח,5,"ל-100 מ""ל",false,1,13.70,2.74,false,1,
7290000051376,false,יוגורט יופלה דיאט אננס 0% שומן 150 גרם,תנובה מרכז שיתופי לש,,,'יח,1.50,"ל-100 מ""ל",false,1,5.20,3.47,false,1,
7290000052311,false,גבינה צהובה עמק לייט 15% שומן 200 גרם,תנובה מרכז שיתופי לש,,,'יח,2,ל-100 גרם,false,1,15.90,7.95,false,1,
7290000052649,false,לאבנה אסלית (5005% גרם)פיראוס תנובה,תנובה מרכז שיתופי לש,,,'יח,5,ל-100 גרם,false,1,19.80,3.96,false,1,
7290000055336,false,"משקה יוגורט 1.5% בטעם בננה אפרסק יופלה 250 מ""ל",תנובה מרכז שיתופי לש,,,'יח,2.50,"ל-100 מ""ל",false,1,5.60,2.24,false,1,
7290000055343,false,משקה יוגורט יופלה פירות טרופיים 250 גרם,תנובה מרכז שיתופי לש,,,'יח,2.50,"ל-100 מ""ל",false,1,5.60,2.24,false,1,
7290000056906,false,מאגדת לבן טבעי 1.5% שומן 8 יח' * 150 ג' יופלה,מחלבת אלון תבור,,,'יח,8,"ל-100 מ""ל",false,1,16.90,2.11,false,1,
7290000056951,false,"תנובה, השף הלבן, שמנת לבישול 15% שומן 500 מל",תנובה מרכז שיתופי לש,,,'יח,5,"ל-100 מ""ל",false,1,16.20,3.24,false,1,
7290000057088,false,עמק גבינה צהובה פרוסה דק דק 28% תנובה 200 גרם,תנובה מרכז שיתופי לש,,,'יח,2,ל-100 גרם,false,1,15.90,7.95,false,1,
7290000057118,false,גבינה צהובה עמק 28% שומן ואקום 400 גרם,תנובה מרכז שיתופי לש,,,'יח,4,ל-100 גרם,false,1,20.90,5.23,false,1,
7290000057132,false,יוגורט תנובה טבעי 1.5% גביע 200 גרם,מחלבת אלון תבור,,,'יח,2,"ל-100 מ""ל",false,1,3.10,1.55,false,1,
7290000057149,false,יוגורט תנובה טבעי 3% גביע 200 גרם,מיוצר עי קונדיטוריית,,,'יח,2,"ל-100 מ""ל",false,1,3.20,1.60,false,1,
7290000057552,false,יופלה דיאט עוגת גבינה ותות 0% גביע 150ג',תנובה - חלב,,,'יח,1.50,"ל-100 מ""ל",false,1,5.20,3.47,false,1,
7290000060071,false,אוסם - חטיפי פריכונים מאורז מלא קלוי 80גר,קבוצת אוסם סחר שותפות מוגבלת,,,'יח,1,ל-100 גרם,false,1,6.90,6.90,false,1,
7290000060088,false,בייגלה מקלות עם מלח אסם (400 גרם),קבוצת אוסם סחר שותפות מוגבלת,,,'יח,4,ל-100 גרם,false,1,10.90,2.73,true,1,
7290000060163,false,פסטה אסם אטריות דקות 400גר,קבוצת אוסם סחר שותפות מוגבלת,,,'יח,4,ל-100 גרם,false,1,6.90,1.73,true,1,
7290000060200,false,פסטה אסם פתיתים אפויים קוסקוס 500גר,קבוצת אוסם סחר שותפות מוגבלת,,,'יח,5,ל-100 גרם,false,1,7.90,1.58,true,1,
7290000060316,false,פרפקטו ספגטי מס' 8 אסם 500 גרם,קבוצת אוסם סחר שותפות מוגבלת,,,'יח,5,ל-100 גרם,false,1,6.90,1.38,true,1,
7290000060330,false,פרפקטו פרפקטו ספיראלי גירף 500 גר,קבוצת אוסם סחר שותפות מוגבלת,,,'יח,5,ל-100 גרם,false,1,6.90,1.38,true,1,
7290000060408,false,פסטה אסם פתיתים אפויים טבעות 500 גר,קבוצת אוסם סחר שותפות מוגבלת,,,'יח,5,ל-100 גרם,false,1,7.90,1.58,true,1,
7290000060415,false,"פסטה פרפקטו לאזניה 500 ג' ""אסם""",קבוצת אוסם סחר שותפות מוגבלת,,,'יח,5,ל-100 גרם,false,1,14.90,2.98,true,1,
7290000060828,false,פסטה קרניים בינוניות אסם (500 גרם),קבוצת אוסם סחר שותפות מוגבלת,,,'יח,5,ל-100 גרם,false,1,5.90,1.18,true,1,
7290000060903,false,פסטה אסם פתיתים אפויים אורז 500גר,קבוצת אוסם סחר שותפות מוגבלת,,,'יח,5,ל-100 גרם,false,1,7.90,1.58,true,1,
7290000060965,false,פסטה אסם אטריות רחבות 400גר,קבוצת אוסם סחר שותפות מוגבלת,,,'יח,4,ל-100 גרם,false,1,6.90,1.73,true,1,
7290000061061,false,קרקר חיטה עם בצל אסם,קבוצת אוסם סחר שותפות מוגבלת,,,'יח,2.50,ל-100 גרם,false,1,9.90,3.96,true,1,
7290000061214,false,פתיתים אפויים קוסקוס עם בצל אסם 500 גרם,קבוצת אסם סחר שות. מוגבלת,,,'יח,5,ל-100 גרם,false,1,7.90,1.58,true,1,
7290000062952,false,אוסם - מיני קרוטונים למרק ולסלט 250 גרם,קבוצת אוסם סחר שותפות מוגבלת,,,'יח,2.50,ל-100 גרם,false,1,14.90,5.96,false,1,
7290000063102,false,קמח עוגה תופח מאליו אסם 350 גרם,קבוצת אוסם סחר שותפות מוגבלת,,,'יח,3.50,ל-100 גרם,false,1,4.20,1.20,false,1,
7290000063140,false,שקדי מרק רכיבים טבעיים בשקית 400 ג' אסם,קבוצת אוסם סחר שותפות מוגבלת,,,'יח,4,ל-100 גרם,false,1,11.90,2.98,true,1,
7290000063157,false,"קמח עוגה תופח מאליו אסם 1 ק""ג",קבוצת אוסם סחר שותפות מוגבלת,,,'יח,10,ל-100 גרם,false,1,9.90,0.99,true,1,
7290000064758,false,קוסקוס בינוני אמיתי אסם 350 ג',קבוצת אוסם סחר שותפות מוגבלת,,,'יח,3.50,ל-100 גרם,false,1,7.30,2.09,false,1,
7290000064871,false,"אוסם - מנה חמה פירה תפו""א עם בצל 56 גרם",קבוצת אוסם סחר שותפות מוגבלת,,,'יח,56,ל-100 גרם,false,1,6.90,0.12,true,1,
7290000065090,false,מיני קרוטונים מתובלים למרק ולסלט אסם 400 גרם,קבוצת אוסם סחר שותפות מוגבלת,,,'יח,4,ל-100 גרם,false,1,23.90,5.98,false,1,
7290000065977,false,חטיפי פריכונים תירס שומשום אסם 80 גרם,קבוצת אוסם סחר שותפות מוגבלת,,,'יח,1,ל-100 גרם,false,1,6.90,6.90,false,1,
7290000066295,false,במבה מתוקה מחומרים טבעיים 30 גרם,קבוצת אוסם סחר שותפות מוגבלת,,,'יח,0.30,ל-100 גרם,false,1,2.70,9,false,1,
7290000066332,false,אפרופו חטיף תירס אסם (50 גרם),קבוצת אוסם סחר שותפות מוגבלת,,,'יח,0.50,ל-100 גרם,false,1,3.90,7.80,true,1,
7290000066349,false,אפרופו חטיף תירס אסם (100 גרם),קבוצת אוסם סחר-שות.מוגבלת,,,'יח,1,ל-100 גרם,false,1,7.90,7.90,true,1,
7290000067544,false,פירורית זהב פירורי לחם אסם 200 גרם,קבוצת אוסם סחר שותפות מוגבלת,,,'יח,2,ל-100 גרם,false,1,5.90,2.95,false,1,
7290000067599,false,מנה חמה ספגטי ברוטב בולונז אסם 65 גרם,קבוצת אוסם סחר שותפות מוגבלת,,,'יח,6.50,ל-100 גרם,false,1,6.90,1.06,true,1,
7290000067735,false,פרפקטו ניוקי בצקיות תפוחי אדמה 500 ג' אסם,קבוצת אוסם סחר שותפות מוגבלת,,,'יח,5,ל-100 גרם,false,1,12.80,2.56,false,1,
7290000068138,false,אינסטנט פודינג בטעם וניל אסם 80 גרם,קבוצת אוסם סחר שותפות מוגבלת,,,'יח,8,ל-100 גרם,false,1,5.90,0.74,true,1,
7290000068190,false,אסם ג'לי תות שדה צבעים טבעיים 90 גרם,קבוצת אוסם סחר שותפות מוגבלת,,,'יח,9,ל-100 גרם,false,1,6.90,0.77,false,1,
7290000068251,false,אבקה להכנת ג'לי בטעם אננס אסם 85 גרם,קבוצת אוסם סחר שותפות מוגבלת,,,'יח,9,ל-100 גרם,false,1,6.90,0.77,true,1,
7290000070308,false,אבקת מרק עוף אמיתי בשרי אסם 400 גרם,קבוצת אוסם סחר שותפות מוגבלת,,,'יח,4,ל-100 גרם,false,1,19.90,4.98,false,1,
7290000070353,false,אבקת מרק בצל רכיבים טבעיים אסם 400 גרם,קבוצת אוסם סחר שותפות מוגבלת,,,'יח,4,ל-100 גרם,false,1,25.90,6.48,true,1,
7290000072760,false,נסקפה טייסטרס צויס 100 גר אוריגנל,קבוצת אוסם סחר שותפות מוגבלת,,,'יח,1,,false,1,25.90,25.90,false,1,
7290000073699,false,סלט חומוס צבר 150 גרם,קבוצת אוסם סחר שותפות מוגבלת,,,'יח,1.50,ל-100 גרם,false,1,4.90,3.27,false,1,
7290000073750,false,מנה חמה נודלס אטר+ירקות טעם עוף 70 גרם,קבוצת אוסם סחר שותפות מוגבלת,,,'יח,7,ל-100 גרם,false,1,6.90,0.99,true,1,
7290000073767,false,מנה חמה נודלס אטר.+ירקות טעם בקר 70 גרם,קבוצת אוסם סחר שותפות מוגבלת,,,'יח,7,ל-100 גרם,false,1,6.90,0.99,true,1,
7290000073774,false,מנה חמה נודלס אטר+ירקות טעם צילי 70 גרם,קבוצת אוסם סחר שותפות מוגבלת,,,'יח,7.10,ל-100 גרם,false,1,6.90,0.97,true,1,
7290000074184,false,ביסקוויט פתי בר אסם (500 גרם),קבוצת אוסם סחר שותפות מוגבלת,,,'יח,5,ל-100 גרם,false,1,10.90,2.18,true,1,
7290000074245,false,אוסם - קרם קרקר אסם 250 גרם,קבוצת אוסם סחר שותפות מוגבלת,,,'יח,2.50,ל-100 גרם,false,1,9.90,3.96,true,1,
7290000074276,false,קרקר פיקנטי טבעון 250 ג' אסם,קבוצת אוסם סחר שותפות מוגבלת,,,'יח,2.50,ל-100 גרם,false,1,9.90,3.96,true,1,
7290000074481,false,קרקר לחמית אגוזים אסם (160 גרם),קבוצת אסם סחר שות. מוגבלת,,,'יח,1.60,ל-100 גרם,false,1,9.90,6.19,true,1,
7290000074696,false,"קרם קרקר 1 ק""ג אוסם",קבוצת אוסם סחר שותפות מוגבלת,,,'יח,10,ל-100 גרם,false,1,24.90,2.49,true,1,
7290000074764,false,קרקר זהב אסם (900 גרם),קבוצת אוסם סחר שותפות מוגבלת,,,'יח,9,ל-100 גרם,false,1,27.90,3.10,true,1,
7290000075204,false,קרקר לחמית חיטה מלאה אסם (250 גרם),קבוצת אוסם סחר שותפות מוגבלת,,,'יח,2.50,ל-100 גרם,false,1,9.90,3.96,true,1,
7290000076133,false,בייגלה שמיניות קטנות עם מלח אסם 400 גרם,קבוצת אוסם סחר שותפות מוגבלת,,,'יח,4,ל-100 גרם,false,1,10.90,2.73,true,1,
7290000076645,false,טוסטעים פת קלויה חיטה מלאה אסם 100 גרם,קבוצת אסם סחר שות. מוגבלת,,,'יח,1,ל-100 גרם,false,1,9.90,9.90,false,1,
7290000077253,false,אוסם - לחמית כפרית עם דגנים מלאים 190 גרם,קבוצת אסם סחר שות. מוגבלת,,,'יח,1.90,ל-100 גרם,false,1,9.90,5.21,true,1,
7290000077925,false,אסם טוסטים צנימים עגולים חטה.מלא 125 גרם,קבוצת אסם סחר שות. מוגבלת,,,'יח,1,ל-100 גרם,false,1,9.90,9.90,false,1,
7290000078212,false,קרוטונים מתובלים למרק אסם (250 גרם),קבוצת אוסם סחר שותפות מוגבלת,,,'יח,2.50,ל-100 גרם,false,1,13.90,5.56,false,1,
7290000080765,false,פת קלויה טוסטעים עם שומשום אסם (100 גרם),קבוצת אוסם סחר שותפות מוגבלת,,,'יח,1,ל-100 גרם,false,1,9.90,9.90,false,1,
7290000103365,false,מרק ירקות עשיר סנפרוסט (550 גרם),תנובה מרכז שיתופי לשיווק תוצרת,,,'יח,5.50,ל-100 גרם,false,1,17.90,3.25,false,1,
7290000103846,false,מרק אפונה עשיר בירקות סנפרוסט (572 גרם),תנובה מרכז שיתופי לשיווק תוצרת,,,'יח,5.70,ל-100 גרם,false,1,17.90,3.14,false,1,
7290000104676,false,אפונה קפואה סנפרוסט 800 גרם,תנובה מרכז שיתופי לשיווק תוצרת,,,'יח,8,ל-100 גרם,false,1,16.90,2.11,true,1,
7290000104683,false,שעועית ירוקה שלמה סנפרוסט (800 גרם),תנובה מרכז שיתופי לשיווק תוצרת,,,'יח,8,ל-100 גרם,false,1,19.90,2.49,true,1,
7290000104690,false,גרעיני תירס מוקפאים סנפרוסט (800 גרם),תנובה מרכז שיתופי לשיווק תוצרת,,,'יח,8,ל-100 גרם,false,1,17.90,2.24,true,1,
7290000104706,false,גזר גמדי מוקפא סנפרוסט (800 גרם),תנובה מרכז שיתופי לשיווק תוצרת,,,'יח,8,ל-100 גרם,false,1,17.90,2.24,true,1,
7290000104720,false,שעועית ירוקה חתוכה סנפרוסט (800 גרם),תנובה מרכז שיתופי לשיווק תוצרת,,,'יח,8,ל-100 גרם,false,1,18.90,2.36,true,1,
7290000104737,false,שעועית צהובה חתוכה סנפרוסט 800 גרם,תנובה מרכז שיתופי לשיווק תוצרת,,,'יח,8,ל-100 גרם,false,1,18.90,2.36,true,1,
7290000104744,false,כרובית מוקפאת סנפרוסט (800 גרם),תנובה מרכז שיתופי לשיווק תוצרת,,,'יח,8,ל-100 גרם,false,1,24.90,3.11,true,1,
7290000104768,false,עלי תרד סנפרוסט (800 גרם),תנובה מרכז שיתופי לשיווק תוצרת,,,'יח,8,ל-100 גרם,false,1,22.90,2.86,true,1,
7290000104799,false,שעועית לבנה מבושלת סנפרוסט (800 גרם),תנובה מרכז שיתופי לשיווק תוצרת,,,'יח,8,ל-100 גרם,false,1,19.90,2.49,true,1,
7290000104805,false,גרגרי חומוס מבושלים סנפרוסט (800 גרם),תנובה מרכז שיתופי לשיווק תוצרת,,,'יח,8,ל-100 גרם,false,1,19.90,2.49,true,1,
7290000104829,false,קלחי תירס חתוכים סנפרוסט 1 קילו,תנובה מרכז שיתופי לשיווק תוצרת,,,'יח,10,ל-100 גרם,false,1,22.40,2.24,true,1,
7290000104836,false,שעועית ירוקה עדינה שלמה סנפרוסט 600 גרם,תנובה מרכז שיתופי לשיווק תוצרת,,,'יח,6,ל-100 גרם,false,1,21.90,3.65,true,1,
7290000104881,false,לקט אפונה וגזר מוקפאים סנפרוסט (800 גרם),תנובה מרכז שיתופי לשיווק תוצרת,,,'יח,8,ל-100 גרם,false,1,16.90,2.11,true,1,
7290000107189,false,תחתיות ארטישוק סנפרוסט (400 גרם),תנובה מרכז שיתופי לשיווק תוצרת,,,'יח,4,ל-100 גרם,false,1,20.90,5.23,true,1,
7290000107295,false,תפרחות ברוקולי סנפרוסט 800 גרם,תנובה מרכז שיתופי לשיווק תוצרת,,,'יח,8,ל-100 גרם,false,1,24.90,3.11,true,1,
7290000110844,false,כיפלי בטעם גריל בד`צ 70 גרם .,יוניליוור ישראל שיווק בע`מ,,,'יח,0.70,ל-100 גרם,false,1,5.30,7.57,false,1,
7290000110851,false,כיפלי חטיף בטעם בצל מהדרין תלמה (70 גרם),יוניליוור ישראל שיווק בע`מ,,,'יח,0.70,ל-100 גרם,false,1,5.30,7.57,false,1,
7290000111063,false,מיונז אמיתי תלמה (250 גרם),יוניליוור ישראל שיווק בע`מ,,,'יח,2.50,ל-100 גרם,false,1,6.40,2.56,false,1,
7290000111360,false,חרדל אמיתי חריף 250 גרם בצנצנת כשלפ,יוניליוור ישראל שיווק בע`מ,,,'יח,2.50,ל-100 גרם,false,1,6.90,2.76,false,1,
7290000112503,false,מרק עשיר ירקות קנור 69 גרם - שקיות,יוניליוור ישראל שיווק בע`מ,,,'יח,0.61,ל-100 גרם,false,1,10.90,17.87,true,1,
7290000112619,false,אבקת מרק עוף אמיתי קנור 400 ג' כשלפ,יוניליוור ישראל שיווק בע`מ,,,'יח,4,ל-100 גרם,false,1,21.90,5.48,false,1,
7290000116884,false,"רוטב ברביקיו קנור 300 גרם בד""צ",יוניליוור ישראל שיווק בע`מ,,,'יח,3,"ל-100 מ""ל",false,1,12.90,4.30,true,1,
7290000116921,false,"קנור רוטב צילי מתוק 300 מ""ל כשלפ",יוניליוור ישראל שיווק בע`מ,,,'יח,3,"ל-100 מ""ל",false,1,12.90,4.30,true,1,
7290000116945,false,"רוטב סויה קלאסי קנור בד""צ 350 גרם",יוניליוור ישראל שיווק בע`מ,,,'יח,3,"ל-100 מ""ל",false,1,12.90,4.30,true,1,
7290000117171,false,מרק טעם עוף דל קלוריות 48 גרם-קופסא,יוניליוור ישראל שיווק בע`מ,,,'יח,0.48,ל-100 גרם,false,1,6.90,14.38,true,1,
7290000117720,false,נמס בכוס פטריות קנור 21.5 גרם מארז זוגי,יוניליוור ישראל שיווק בע`מ,,,'יח,0.43,ל-100 גרם,false,1,6.90,16.05,true,1,
7290000121093,false,גבינה מותכת לייט בטעם שוויצרי 7% מון בלאן 120 גר',נטו מלינדה סחר בע`מ,,,'יח,1.20,ל-100 גרם,false,1,12.90,10.75,true,1,
7290000121154,false,גבינה מותכת לייט עם סלמון 7% מון בלאן 120 גרם,נטו מלינדה סחר בע`מ,,,'יח,1.20,ל-100 גרם,false,1,12.90,10.75,true,1,
7290000121239,false,מיוקל 5% שומן ללא כולסטרול תלמה 500ג',יוניליוור ישראל שיווק בע`מ,,,'יח,5,ל-100 גרם,false,1,11.90,2.38,false,1,
7290000122830,false,"רוטב מקסיקני סצ'ואן קנור 300 מ""ל",יוניליוור ישראל שיווק בע`מ,,,'יח,3,"ל-100 מ""ל",false,1,11.90,3.97,true,1,
7290000129457,false,אבקת רוטב פטריות קנור 28 ג' שקית,יוניליוור ישראל שיווק בע`מ,,,'יח,0.28,ל-100 גרם,false,1,4.20,15,false,1,
7290000134857,false,פפריקה מתוקה בקופ' 100 גר' טעם וריח,"תבליני טעם וריח בע""מ",,,'יח,1,,false,1,9.90,9.90,true,1,
7290000136141,false,פפסי קולה 1.5 ליטר פיקדון,"טמפו משקאות בע""\מ",,,'יח,15,"ל-100 מ""ל",false,12,8.20,0.53,false,1,
7290000136165,false,מירינדה אורנג` 1.5 ליטר פיקדון,"טמפו משקאות בע""\מ",,,'יח,15,"ל-100 מ""ל",false,12,7.90,0.51,false,1,
7290000136172,false,משקה 7UP בקבוק 1.5 ליטר פיקדון,"טמפו משקאות בע""\מ",,,'יח,15,"ל-100 מ""ל",false,12,7.90,0.51,false,1,
7290000136189,false,משקה דיאט 7UP בקבוק 1.5 ליטר פיקדון,"טמפו משקאות בע""\ם.",,,'יח,15,"ל-100 מ""ל",false,12,7.20,0.46,false,1,
7290000136240,false,סודה 1.5 ליטר שישייה בודד,"טמפו משקאות בע""\מ",,,'יח,15,"ל-100 מ""ל",false,1,4.90,0.31,false,1,
7290000136523,false,ג`אמפ משקה קל ענבים 1.5 ליטר פיקדון,"טמפו משקאות בע""\ם.",,,'יח,15,"ל-100 מ""ל",false,12,7.50,0.48,false,1,
7290000136561,false,משקה בטעם תות בננה תריסר 1.5 ל' ג'אמפ,"טמפו משקאות בע""\מ",,,'יח,15,"ל-100 מ""ל",false,12,7.50,0.48,false,1,
7290000136646,false,בירה שחורה נשר מאלט בקבוק 1.5 ליטר,"טמפו משקאות בע""\מ",,,'יח,15,"ל-100 מ""ל",false,12,8.90,0.57,true,1,
7290000136653,false,בירה שחורה נשר מאלט דיאט בקבוק 1.5ל`,"טמפו משקאות בע""\מ",,,'יח,15,"ל-100 מ""ל",false,12,8.90,0.57,true,1,
7290000136684,false,פפסי מקס משקה מוגז דל קלוריות בטעם קולה,טמפו משקאות בע`מ,,,'יח,15,"ל-100 מ""ל",false,12,7.80,0.50,false,1,
7290000136776,false,שישיית פפסי מקס דל קלוריות 1.5 ליטר,טמפו משקאות בע`מ,,,'יח,90,"ל-100 מ""ל",false,1,39.90,0.42,false,1,
7290000136790,false,טמפו מי סודה 6*1.5 ליטר פיקדון,"טמפו משקאות בע""\מ",,,'יח,90,"ל-100 מ""ל",false,1,17.90,0.18,false,1,
7290000136868,false,סאן בנדטו - מים מינרלים - מארז שישיית 1.5 ליטר,אקווה מינרלה סאן בנדטו ב,,,'יח,90,"ל-100 מ""ל",false,1,18.90,0.19,false,1,
7290000137513,false,גלידונית גלידה וניל בציפוי שוקולד 60 יח' קרמיסימו,"גלידת שטראוס בע""\מ, רחוב",,,'יח,7,ל-100 גרם,false,1,39.90,5.70,false,1,
7290000137643,false,שלגוני טעמקור בטעם שוקו וניל שטראוס 8*50 גרם,"גלידת שטראוס בע""\מ, רחוב",,,'יח,1,'יח,false,1,31.90,31.90,false,1,
7290000139623,false,פיצפוצי אורז לייט 375 גר' אשבול,מ.ד אטיאס סוכנויות מזון בע`מ,,,'יח,4.50,ל-100 גרם,false,1,13.80,3.07,false,1,
7290000146645,false,הוואי - סבון מוצק שחור מסתורי 100 גרם רביעייה,טרופיקל דגיל קוסמטיק,,,'יח,4,ל-100 גרם,false,12,12.90,3.23,false,1,
7290000146652,false,הוואי - סבון מוצק ורוד רומנטי 100 גרם רביעייה,טרופיקל דגיל קוסמטיק,,,'יח,4,ל-100 גרם,false,12,12.90,3.23,false,1,
7290000146676,false,הוואי - סבון מוצק לגבר 100 גרם רביעייה,טרופיקל דגיל קוסמטיק,,,'יח,4,ל-100 גרם,false,12,12.90,3.23,false,1,
7290000146928,false,"משחת שיניים לילדים בטעם ענבים טום וג'רי 50 מ""ל",טרופיקל דגיל קוסמטיק,,,'יח,0.60,ל-100 גרם,false,24,8.90,14.83,false,1,
7290000158105,false,שניצל עוף מיני דינוזאור ללא אנטיביוטיקה מ100% ר.טבעי,קבוצת אסם סחר שות. מוגבלת,,,'יח,7,ל-100 גרם,false,1,29.90,4.27,false,1,
7290000169798,false,"עוגי מופחת סוכר 20% פצפוצי שוקו' 500ג' בד""צ",יוניליוור ישראל שיווק בע`מ,,,'יח,5,ל-100 גרם,false,1,19.90,3.98,true,1,
7290000174723,false,שוקולית אבקה להכנת משקה שוקו 500 גרם,הנסיך- מפעל לייצור ט,,,'יח,5,ל-100 גרם,false,1,13.90,2.78,false,1,
7290000176079,false,קפה טורקי עם הל עלית (100 גרם),הנסיך- מפעל לייצור ט,,,'יח,1,,false,50,8.90,8.90,false,1,
7290000176413,false,קפה נמס עלית פחית 50 גרם,הנסיך- מפעל לייצור ט,,,'יח,0.50,ל-100 גרם,false,24,8.90,17.80,false,1,
7290000176420,false,קפה נמס פחית עלית 200 גרם,פיקסל אם.גי.אם בעמ,,,'יח,2,ל-100 גרם,false,12,19.90,9.95,false,1,
7290000178707,false,חטיף צ`יפס בטעם טבעי תפוצ`יפס (50 גרם),"שטראוס פריטו ליי בע""\מ )",,,'יח,0.50,ל-100 גרם,false,1,3.90,7.80,false,1,
7290000178721,false,חטיף צ`יפס בטעם טבעי תפוצ`יפס (200 גרם),"שטראוס פריטו ליי בע""\מ )",,,'יח,2,ל-100 גרם,false,1,10.90,5.45,true,1,
7290000191225,false,חיתולים ליטל בייביז מידה 2 האגיס 46 יחידות,קימברלי קלארק ישראל שיווק בעמ,,,'יח,1,'יח,false,5,31.90,31.90,false,1,
7290000191539,false,חמישיית ממחטות טישו צבועני לילי 100 יחידות,קימברלי קלארק ישראל שיווק בעמ,,,'יח,5.93,ל-100 גרם,false,1,12.90,2.18,false,1,
7290000193083,false,נובה-לי תחבושות היגייניות לילי 28 יחידות,קימברלי קלארק ישראל שיווק בעמ,,,'יח,0,ל-100 גרם,false,24,10.90,10.90,false,1,
7290000193649,false,תחבושות עם כנפיים נורמל פלוס לילי 24 יחידות,קימברלי קלארק ישראל שיווק בעמ,,,'יח,0,ל-100 גרם,false,24,15.90,15.90,false,1,
7290000193656,false,תחבושות עם כנפיים סופר פלוס לילי 24 יחידות,קימברלי קלארק ישראל שיווק בעמ,,,'יח,0,ל-100 גרם,false,24,15.90,15.90,false,1,
7290000195537,false,האגיס - מגבוני האגיס דיילי קר לא מבושם 64 יח' * 4,קימברלי קלארק ישראל שיווק בעמ,,,'יח,1,'יח,false,6,19.90,19.90,false,1,
7290000195773,false,האגיס - מגבוני האגיס סנסטיב קר לא מבושם 64 יח' * 4,קימברלי קלארק ישראל שיווק בעמ,,,'יח,1,'יח,false,6,19.90,19.90,false,1,
7290000196039,false,ניקול מפות שולחן חד פעמיות 2 יח,קימברלי קלארק ישראל שיווק בעמ,,,'יח,2.50,ל-100 גרם,false,24,10.90,4.36,false,1,
7290000197425,false,חיתולים פרידום דריי שלב 3 האגיס 52 יחידות,קימברלי קלארק ישראל שיווק בעמ,,,'יח,1,'יח,false,6,43.90,43.90,false,1,
7290000197432,false,שקיות אוכל סנדביצ'ון ניקול מארז 150X2יח',קימברלי קלארק ישראל שיווק בעמ,,,'יח,1,,false,18,12.90,12.90,false,1,
7290000197463,false,חיתולים פרידום דריי שלב +4 האגיס 40 יחידות,קימברלי קלארק ישראל שיווק בעמ,,,'יח,1,'יח,false,6,43.90,43.90,false,1,
7290000197548,false,חיתולים פרידום דריי שלב 5 האגיס 36 יחידות,קימברלי קלארק ישראל שיווק בעמ,,,'יח,1,'יח,false,6,43.90,43.90,false,1,
7290000197678,false,חיתולי האגיס פרידום דריי שלב 6 30 יחידות,קימברלי קלארק ישראל שיווק בעמ,,,'יח,1,'יח,false,6,43.90,43.90,false,1,
7290000197982,false,"רדיד אלומיניום עבה 45 ס""מ רוחב ניקול 2 יח' 7.5 מטר",קימברלי קלארק ישראל שיווק בעמ,,,'יח,1,,false,12,19.90,19.90,false,1,
7290000204147,false,רביעיית כרית יפנית עבה ניקול 4 יחידות,קימברלי קלארק ישראל שיווק בעמ,,,'יח,1,,false,24,10.90,10.90,true,1,
7290000207063,false,רסק עגבניות פריכוז 28% 240 גרם יכין,היינץ צפון אמריקה מק,,,'יח,1,ל-100 גרם,false,1,4.90,4.90,false,1,
7290000207162,false,רוטב עגבניות מרכיב טבעי 100 ג' יכין,זנלכול יכין,,,'יח,1,ל-100 גרם,false,1,2.90,2.90,true,1,
7290000208022,false,עגבניות 2.5 A מרוסקות 850 גרם יכין,זנלכול יכין,,,'יח,8,ל-100 גרם,false,1,9.90,1.24,false,1,
7290000208077,false,אפונת גינה גדולה יכין (550 גרם),זנלכול יכין,,,'יח,5.60,ל-100 גרם,false,1,8.90,1.59,true,1,
7290000208114,false,"אפונה וגזר יכין A2 פ""ק בית יוסף",זנלכול יכין,,,'יח,5.50,ל-100 גרם,false,1,8.90,1.62,true,1,
7290000208145,false,גרעיני תירס מתוק לייט 550 גרם יכין,זנלכול יכין,,,'יח,5.50,ל-100 גרם,false,1,9.90,1.80,false,1,
7290000208213,false,שעועית לבנה אפויה A2 ברוטב עגבניות יכין 560ג',היינץ צפון אמריקה מק,,,'יח,5.80,ל-100 גרם,false,1,8.90,1.53,true,1,
7290000208329,false,גרעיני תירס מתוק יכין (550 גרם),זנלכול יכין,,,'יח,5.50,ל-100 גרם,false,1,8.90,1.62,true,1,
7290000208404,false,A2 פול מצרי 550 גרם יכין,זנלכול יכין,,,'יח,5.50,ל-100 גרם,false,1,8.90,1.62,false,1,
7290000208428,false,גרגרי חומוס שלם 550 גרם יכין,היינץ צפון אמריקה מק,,,'יח,5.60,ל-100 גרם,false,1,8.90,1.59,true,1,
7290000208459,false,"לקט אפונה, תפוחי אדמה וגזר יכין 550 גרם",זנלכול יכין,,,'יח,5.50,ל-100 גרם,false,1,9.90,1.80,false,1,
7290000208534,false,תירס קיד גרעיני תירס מתוק יכין (550 גרם),זנלכול יכין,,,'יח,5.50,ל-100 גרם,false,1,9.90,1.80,false,1,
7290000208855,false,רוטב לפסטה קלאסי יכין (240 גרם),זנלכול יכין,,,'יח,2.60,ל-100 גרם,false,1,5.90,2.27,true,1,
7290000208947,false,עגבניות מרוסקות יכין (240 גרם),היינץ צפון אמריקה מק,,,'יח,2.60,ל-100 גרם,false,1,5.90,2.27,false,1,
7290000208978,false,רוטב עגבניות (10028% גרם)פריכוז יכין,זנלכול יכין,,,'יח,1,ל-100 גרם,false,1,2.90,2.90,false,1,
7290000209371,false,מארז גרעיני תירס מתוק יכין (200x3 גרם),היינץ צפון אמריקה מק,,,'יח,1.65,ל-100 גרם,false,1,14.90,9.03,false,1,
7290000209388,false,תירס מתוק לייט יכין 200 גרם מארז 3 יח',זנלכול יכין,,,'יח,1.65,ל-100 גרם,false,1,14.90,9.03,false,1,
7290000209708,false,עגבניות מרוסקות עם בזיליקום יכין 240 גרם,היינץ צפון אמריקה מק,,,'יח,2.60,ל-100 גרם,false,1,5.90,2.27,true,1,
7290000209906,false,עגבניות מרוסקות בתוספת בצל 240 גרם יכין,זנלכול יכין,,,'יח,2.60,ל-100 גרם,false,1,5.90,2.27,false,1,
7290000211312,false,סוגת אורז מלא פרסי אחד אחד 1 קג,האי נאם סי או אל.טי.,,,'יח,10,ל-100 גרם,false,1,8.90,0.89,false,1,
7290000211442,false,אורז בסגנון פרסי קלאסי סוגת (1 קג),האי נאם סי או אל.טי.,,,'יח,10,ל-100 גרם,false,1,10.90,1.09,false,1,
7290000211626,false,חיש אורז אחד אחד 1 קג,"סוגת תעשיות בע""\מ",,,'יח,10,ל-100 גרם,false,1,8.90,0.89,false,1,
7290000211985,false,אורז עגול ריזוטו אחד אחד 1 קג,"סוגת תעשיות בע""\מ",,,'יח,10,ל-100 גרם,false,1,9.90,0.99,false,1,
7290000212401,false,וופל שוקו מנעמים מצופית 400 גרם*,ח.כהן סוכנות מזון ומשקאות,,,'יח,4,ל-100 גרם,false,1,9.90,2.48,false,1,
7290000212579,false,וופלים מצופים מנעמים 800 גרם מארז 40 יחידות,ח.כהן סוכנות מזון ומשקאות בע,,,'יח,8,ל-100 גרם,false,1,17.90,2.24,false,1,
7290000238029,false,"בצק עלים צרפתי מרודד מעדנות 1 ק""ג",תנובה מרכז שיתופי לשיווק תוצרת,,,'יח,10,ל-100 גרם,false,9,21.90,2.19,false,1,
7290000238036,false,מלאווח מעדנות 6 יח`700 גרם קפוא,תנובה מרכז שיתופי לשיווק תוצרת,,,'יח,7,ל-100 גרם,false,16,16.90,2.41,false,1,
7290000244143,false,קרם הוואי לאחר גילוח+ לחות 120 מ``ל,טרופיקל דגיל קוסמטיק,,,'יח,1.20,ל-100 גרם,false,12,17.90,14.92,true,1,
7290000253251,false,נטיפי שוקולד צ`יפס לבן לאפיה 250 גרם,תה ויסוצקי (ישראל) בעמ,,,'יח,2.50,ל-100 גרם,false,1,12.90,5.16,false,1,
7290000272696,false,מיץ לימון טבעי משומר 1 ליטר עסיס כלפ,קבוצת אוסם סחר שותפות מוגבלת,,,'יח,10,"ל-100 מ""ל",false,1,9.90,0.99,false,1,
7290000286228,false,ספוגיות לניקוי כללי סנו סושי 6 יחידות,החברה הדרומית לשיווק בעמ,,,'יח,1,,false,12,11.90,11.90,false,1,
7290000286761,false,ניילון נצמד סנו סושי פלסטיק מארז 30X2 מ',החברה הדרומית לשיווק בעמ,,,'יח,1,,false,12,11.90,11.90,false,1,
7290000287102,false,סנו שטיחים קצף לניקוי שטיחים 600 סמק,החברה הדרומית לשיווק בעמ,,,'יח,6,"ל-100 מ""ל",false,1,19.90,3.32,false,1,
7290000287430,false,סנובון צבעוני לאסלה בריח לימון שלישייה,החברה הדרומית לשיווק בעמ,,,'יח,1.65,ל-100 גרם,false,12,11.90,7.21,false,1,
7290000287492,false,"סנובון נוזל לניקוי אסלות בריח לימון סנו 750 מ""ל",החברה הדרומית לשיווק בעמ,,,'יח,7.50,"ל-100 מ""ל",false,12,10.90,1.45,true,1,
7290000288024,false,סנו - ז'אוול אקונומיקה בריח לימון 4 ליטר,החברה הדרומית לשיווק בעמ,,,'יח,40,"ל-100 מ""ל",false,6,16.90,0.42,false,1,
7290000289472,false,סנו סושי רב שקית שקיות אשפה90*76 50י,החברה הדרומית לשיווק בעמ,,,'יח,1,,false,15,24.90,24.90,false,1,
7290000289496,false,"סנו - ז'אוול ג'ל קרם לניקוי כללי לימון 750 מ""ל",החברה הדרומית לשיווק בעמ,,,'יח,7.50,"ל-100 מ""ל",false,12,12.90,1.72,false,1,
7290000291932,false,"סנובון נוזל לניקוי אסלה בניחוח לבנדר סנו 750 מ""ל",החברה הדרומית לשיווק בעמ,,,'יח,7.50,"ל-100 מ""ל",false,12,10.90,1.45,true,1,
7290000292137,false,"נוזל לניקוי וטיפול מוצרי עור סנו 500 מ""ל",החברה הדרומית לשיווק בעמ,,,'יח,5,"ל-100 מ""ל",false,1,29.90,5.98,false,1,
7290000292687,false,סנובון מוצק לניקוי אסלה קלאסיק כחול סנו 3 יחידות,החברה הדרומית לשיווק בעמ,,,'יח,1.65,ל-100 גרם,false,12,14.90,9.03,false,1,
7290000294773,false,אקונומיקה בריח לבנדר סנו ז'אוול 4 ליטר,החברה הדרומית לשיווק בעמ,,,'יח,4,לליטר,false,1,16.90,4.23,false,1,
7290000294780,false,אקונומיקה סמיכה בריח לימון סנו ז'אוול 4 ליטר,החברה הדרומית לשיווק בעמ,,,'יח,40,"ל-100 מ""ל",false,6,16.90,0.42,false,1,
7290000295121,false,מטליות זיגזג סנו סושי לניקוי רצפות 3יח',החברה הדרומית לשיווק בעמ,,,'יח,1,,false,1,11.90,11.90,false,1,
7290000300900,false,שניצל תירס מרכיבים טבעיים טבעול 750 גרם,קבוצת אוסם סחר שותפות מוגבלת,,,'יח,7.50,ל-100 גרם,false,1,27.90,3.72,true,1,
7290000303581,false,פול מצרי פרי הגליל 560 גרם,ויטה- פרי גליל (החדשה) בעמ,,,'יח,3.40,ל-100 גרם,false,1,6.90,2.03,true,1,
7290000303598,false,שעועית לבנה ברוטב עגבניות פרי הגליל 570 גרם,ויטה- פרי גליל (החדשה) בעמ,,,'יח,5.70,ל-100 גרם,false,1,6.90,1.21,true,1,
7290000307015,false,אפונת גינה בינונית פרי הגליל 550 גרם,ויטה- פרי גליל (החדשה) בעמ,,,'יח,5.50,ל-100 גרם,false,1,6.90,1.25,true,1,
7290000307046,false,אפונת גינה וגזר פרי הגליל 550 גרם,ויטה- פרי גליל (החדשה) בעמ,,,'יח,5.50,ל-100 גרם,false,1,6.90,1.25,true,1,
7290000307237,false,גרעיני תירס מתוק פרי הגליל 550 גרם,ויטה- פרי גליל (החדשה) בעמ,,,'יח,5.50,ל-100 גרם,false,1,6.90,1.25,true,1,
7290000311227,false,"וופלים במילוי קרם קפה ""מן"" 200 גרם",ח.כהן סוכנות מזון ומשקאות בע,,,'יח,2,ל-100 גרם,false,1,4.90,2.45,false,1,
7290000311272,false,מן-וופלים במילוי חלווה 180 ג,מ.ד אטיאס סוכנויות מזון בע`מ,,,'יח,1.80,ל-100 גרם,false,1,4.90,2.72,false,1,
7290000313160,false,זהבה ושלושת הדובים עוגיות בטעם שוקולד אסם 350 גרם,קבוצת אוסם סחר שותפות מוגבלת,,,'יח,2.50,ל-100 גרם,false,12,7.90,3.16,true,1,
7290000313184,false,עוגיות חברים גן חיות וניל אסם 250 גר',קבוצת אוסם סחר שותפות מוגבלת,,,'יח,2.50,ל-100 גרם,false,1,7.90,3.16,false,1,
7290000318103,false,פסטרמה ברביקיו מעדניה,מעדני יחיעם ( 1993 ) בע`מ,,,"ק""ג",10,ל-100 גרם,true,1,69,6.90,true,1,
7290000318165,false,פסטרמה אמיתית צלויה על גחלים מעדניה,מעדני יחיעם ( 1993 ) בע`מ,,,"ק""ג",10,ל-100 גרם,true,1,69,6.90,true,1,
7290000318479,false,נקניק פרושוטו בקר יחיעם 100 גרם,מעדני יחיעם ( 1993 ) בע`מ,,,'יח,1,ל-100 גרם,false,1,24.90,24.90,true,1,
7290000318851,false,נקניק סלמי קוניאק מעדניה,מעדני יחיעם ( 1993 ) בע`מ,,,"ק""ג",1,,true,1,79,79,true,1,
7290000319728,false,נקניק איטלקי מפולפל מעדניה,מעדני יחיעם ( 1993 ) בע`מ,,,"ק""ג",10,ל-100 גרם,true,1,79,7.90,true,1,
7290000334684,false,תפוגן טבעות בצל לתנור 700 גרם,קבוצת אוסם סחר שותפות מוגבלת,,,'יח,7,ל-100 גרם,false,1,17.90,2.56,false,1,
7290000336053,false,תרכיז סיידר הגליל מיץ תפוחים מרוכז 330 מל,טמפו משקאות בע`מ,,,'יח,3.30,"ל-100 מ""ל",false,1,15.20,4.52,false,1,
7290000342856,false,מרכך כביסה כחול בדין (4 ליטר),יוניליוור ישראל שיווק בע`מ,,,'יח,40,"ל-100 מ""ל",false,1,19.90,0.50,false,1,
7290000345116,false,תה ירוק עלים ויסוצקי (125 גרם),תה ויסוצקי (ישראל) בעמ,,,'יח,1.25,ל-100 גרם,false,1,14.90,11.92,false,1,
7290000345215,false,תה כחול קלאסיק ויסוצקי 100 יחידות,תה ויסוצקי (ישראל) בעמ,,,'יח,1,,false,1,16.90,16.90,false,1,
7290000345260,false,תה קלאסיק מעטפות ויסוצקי 25 יחידות,תה ויסוצקי (ישראל) בעמ,,,'יח,0.3750,ל-100 גרם,false,1,7.40,19.73,false,1,
7290000345284,false,תה ויסוצקי קלאסי אריזה ירוקה מרובעת (100 שקיקים),תה ויסוצקי (ישראל) בעמ,,,'יח,1.50,ל-100 גרם,false,1,16.90,11.27,false,1,
7290000345291,false,תה ארל גרי 1.5/ 25 שקיקים ויסוצקי,תה ויסוצקי (ישראל) בעמ,,,'יח,0.3750,ל-100 גרם,false,1,15.90,42.40,false,1,
7290000345307,false,תה ארל גרי 1.5/ 50 שקיקים ויסוצקי,תה ויסוצקי (ישראל) בעמ,,,'יח,0.75,ל-100 גרם,false,1,29.90,39.87,false,1,
7290000345536,false,תה נענע 1.5/ 25 שקיקים ויסוצקי,תה ויסוצקי (ישראל) בעמ,,,'יח,0.3750,ל-100 גרם,false,1,17.90,47.73,false,1,
7290000346120,false,חליטת קינמון הגן הקסום ויסוצקי 25 יחידות,תה ויסוצקי (ישראל) בעמ,,,'יח,0.6250,ל-100 גרם,false,1,19.90,31.84,true,1,
7290000346137,false,חליטת הילולי פירות הגן הקסום ויסוצקי 25 יחידות,תה ויסוצקי (ישראל) בעמ,,,'יח,0.6250,ל-100 גרם,false,1,19.90,31.84,true,1,
7290000346151,false,הגן הקסום תה תות שדה וורד הבר ויסוצקי 25 יחידות,תה ויסוצקי בע`מ,,,'יח,0.6750,ל-100 גרם,false,1,19.90,29.48,true,1,
7290000346205,false,חליטת קמומיל הגן הקסום ויסוצקי 25 יחידות,תה ויסוצקי (ישראל) בעמ,,,'יח,0.3750,ל-100 גרם,false,1,19.90,53.07,true,1,
7290000347738,false,תה ירוק בתוספת עלי נענע 25 שקיקים,תה ויסוצקי (ישראל) בעמ,,,'יח,0.3750,ל-100 גרם,false,1,22.90,61.07,true,1,
7290000347752,false,תה ירוק לימונית ולואיזה 25 שקיקים *1.5 ג'' ויסוצקי,תה ויסוצקי (ישראל) בעמ,,,'יח,0.3750,ל-100 גרם,false,1,22.90,61.07,true,1,
7290000367590,false,פסטרמה כפרית וסלמי פריזר כפרי טירת צבי 2*400 גרם,תנובה מרכז שיתופי לשיווק תוצרת,,,'יח,8,ל-100 גרם,false,1,26.90,3.36,false,1,
7290000408354,false,יוגורט עם אורז מצופה שוקולד קקאו 175 ג' דנונה,שטראוס גרופ בעמ/מצונן,,,'יח,1.75,"ל-100 מ""ל",false,24,4.60,2.63,false,1,
7290000412481,false,נוזל לניקוי אסלות 00 סנו (1 ליטר),החברה הדרומית לשיווק בעמ,,,'יח,10,"ל-100 מ""ל",false,12,7.90,0.79,false,1,
7290000416076,false,"צימקאו לאפייה וציפוי השחר 400 גרם כשל""פ",השחר העולה תעשית ממתקים בעמ,,,'יח,4,ל-100 גרם,false,1,14.90,3.73,false,1,
7290000419909,false,לנדוור קפה שחור לבוקר טחון טורקי 100 גרם,מולינו ניקולי s.p.a,,,'יח,1,,false,1,7.90,7.90,false,1,
7290000420325,false,"פופסטאר פופקורן למקירוגל בטעם טבעי 5 שקיות,500 גרם",פרסטון פארמס,,,'יח,5,ל-100 גרם,false,1,14.90,2.98,false,1,
7290000420332,false,פופסטאר פופקורן למיקרוגל בטעם חמאה 5 יחידות 500 גרם,פרסטון פארמס,,,'יח,5,ל-100 גרם,false,1,14.90,2.98,false,1,
7290000420417,false,גלילונית שקיות אשפה 52X65 עם שרוך 60 יחידות,"איטיליאן פוד, אס.פי.",,,'יח,1,,false,1,18.90,18.90,false,1,
7290000453019,false,שמרים טריים לאפייה שקית שמרית 50 ג',שטראוס גרופ בעמ/מצונן,,,'יח,5,ל-100 גרם,false,1,4.50,0.90,false,1,
7290000453798,false,שמרית שמרים יבשים אקטיביים 500 גר',"גי' בי' רכיבים בע""מ",,,'יח,5,ל-100 גרם,false,20,13.90,2.78,false,1,
7290000453880,false,מרגרינה ללא מלח לאפיה ובישול שמרית 200גר,שטראוס גרופ בעמ (ח),,,'יח,2,ל-100 גרם,false,40,4.90,2.45,false,1,
7290000461625,false,בייגלה שמיניות מלח בייגל בייגל 400 ג',יוניליוור ישראל שיווק בע`מ,,,'יח,4,ל-100 גרם,false,1,9.90,2.48,false,1,
7290000461656,false,בייגלה מקלות מלוחים בייגל בייגל 400 גרם,יוניליוור ישראל שיווק בע`מ,,,'יח,4,ל-100 גרם,false,1,9.90,2.48,false,1,
7290000461700,false,בייגלה שמיניות גדולות מלוחות 400 גרם,יוניליוור ישראל שיווק בע`מ,,,'יח,4,ל-100 גרם,false,1,13.90,3.48,false,1,
7290000461793,false,בייגלה ארוך ארוך סידרה ירוקה בייגל בייגל 150 גרם,יוניליוור ישראל שיווק בע`מ,,,'יח,1.50,ל-100 גרם,false,1,6.40,4.27,false,1,
7290000462141,false,סחוג אדום תימני מקורי חריף מאוד זהבי 150 גרם,שטראוס גרופ בעמ/מצונן,,,'יח,1.50,ל-100 גרם,false,24,8.90,5.93,false,1,
7290000474090,false,"חלב בקרטון 1%- 1 ליטר בד""צ - מוצר בפיקוח",החברה המרכזית טלהפצת משקאות בע,,,'יח,10,"ל-100 מ""ל",false,1,5.86,0.59,false,1,
7290000474540,false,טוב טעם גבינה לבנה 3% טרה 250 גרם,החברה המרכזית טלהפצת משקאות בע,,,'יח,2.50,ל-100 גרם,false,1,11.90,4.76,false,1,
7290000480442,false,קוואקר שיבולת שועל בשקית 500 גרם,שטראוס פריטו ליי בע`מ,,,'יח,5,ל-100 גרם,false,1,12.90,2.58,false,1,
7290000490625,false,שלגונים ציפוי שוקו מאגדת שמינייה 560 ג',פלקו בעמ חברה ישראלית,,,'יח,1,ל-100 גרם,false,1,22.90,22.90,false,1,
7290000493176,false,אסם אבקת רוטב צלי לבשר 22 ג',קבוצת אוסם סחר שותפות מוגבלת,,,'יח,0.22,ל-100 גרם,false,1,4.20,19.09,false,1,
7290000498058,false,חלה כוסמין חלומית כוסמין חלה מתוקה 500 ג,מאפיית י.את א. ברמן בעמ,,,'יח,1,ל-100 גרם,false,1,18.90,18.90,false,1,
7290000504278,false,ממתיק סוכרזית אריזת פטנט 700 טבליות,אף.סי תבליני בגליל ב,,,'יח,57.40,ל-100 גרם,false,15,14.90,0.26,false,1,
7290000518169,false,ממתיק מתוק וקל 1000 טבליות,מתוק וקל בע`מ,,,'יח,10,ל-100 גרם,false,1,7.90,0.79,false,1,
7290000521411,false,יין מרום גליל סינגל מרלו 750 מל,כרמי צבי אחים סגל בע,,,'יח,7.50,"ל-100 מ""ל",false,1,29.90,3.95,false,1,
7290000523804,false,"מלח עדין צנצנת 1 ק""ג מלח הארץ","חברת מלח הארץ אילת בע""\מ",,,'יח,10,ל-100 גרם,false,1,7.50,0.75,false,1,
7290000523811,false,"צנצנת מלח גס 1 ק""ג מלח הארץ","חברת מלח הארץ אילת בע""\מ",,,'יח,10,ל-100 גרם,false,1,7.90,0.79,false,1,
7290000525969,false,מיץ תפוזים סחוט רכיבים טבעיים פרימור 1 ליטר,שטראוס גרופ בעמ/מצונן,,,'יח,10,"ל-100 מ""ל",false,6,16.20,1.59,false,1,
7290000530116,false,נקניק סלמי מעושן בשן 470 ג' זוגלובק,נקניק נהריה כשר זוגל,,,'יח,7,ל-100 גרם,false,1,27.80,3.97,false,1,
7290000530703,false,פסטרמה חרמון כפרית ונקניק תה מעושן זוגלובק 2*400 גרם,נקניק נהריה כשר זוגל,,,'יח,8,ל-100 גרם,false,1,29.90,3.74,false,1,
7290000531601,false,סטייק בורגר בקר זהב 400 גרם קפוא,נקניק נהריה כשר זוגל,,,'יח,4,ל-100 גרם,false,1,21.90,5.48,true,1,
7290000536743,false,שניצלונים קריספי ט. תירס 500 גר' זוגלובק,נקניק נהריה כשר זוגל,,,'יח,5,ל-100 גרם,false,12,14.90,2.98,true,1,
7290000538709,false,נקניק סלמי תה מעושן זוגלובק 200 גרם,נקניק זוגלובק נהריה,,,'יח,2,ל-100 גרם,false,1,14.90,7.45,false,1,
7290000552194,false,קישקע קפוא טיבון ויל (500 גרם),טיבון ויל אחזקות בעמ,,,'יח,5,ל-100 גרם,false,1,12.90,2.58,false,1,
7290000560540,false,אדג`פרו ג`ל לגילוח עור רגיש כתום220,המאפיה של הרמן,,,'יח,2,ל-100 גרם,false,1,17.90,8.95,false,1,
7290000561202,false,גרעינים חמניה 200 גרם פיצוחי חממה,בוטנת בעמ חברה לקלייה ואריזת פ,,,'יח,2,ל-100 גרם,false,1,5.90,2.95,true,1,
7290000561233,false,בוטן קלוף קלוי פיצוחי חממה (200 גרם),בוטנת בעמ חברה לקלייה ואריזת פ,,,'יח,2,ל-100 גרם,false,1,7.90,3.95,true,1,
7290000561240,false,גרעיני דלעת 200 גרם פיצוחי חממה,בוטנת בעמ חברה לקלייה ואריזת פ,,,'יח,2,ל-100 גרם,false,1,9.60,4.80,false,1,
7290000561561,false,מנצ`יס פיצוחי חממה (200 גרם),בוטנת בעמ חברה לקלייה ואריזת פ,,,'יח,2,ל-100 גרם,false,1,8.90,4.45,true,1,
7290000561578,false,בוטן אמריקאי 200 גרם פיצוחי חממה,בוטנת בעמ חברה לקלייה ואריזת פ,,,'יח,2,ל-100 גרם,false,1,5.90,2.95,false,1,
7290000561714,false,צנובר פיצוחי חממה (100 גרם),בוטנת בעמ חברה לקלייה ואריזת פ,,,'יח,1,ל-100 גרם,false,1,26.90,26.90,false,1,
7290000561981,false,אגוז מלך קלוף פיצוחי חממה (200 גרם),בוטנת בעמ חברה לקלייה ואריזת פ,,,'יח,2,ל-100 גרם,false,1,14.90,7.45,false,1,
7290000572215,false,חלבה``שלגון``מצופה 80 גרם בד``צ,אחדות ביתחרושת לטחינה חלבה,,,'יח,0.80,ל-100 גרם,false,1,2.90,3.63,false,1,
7290000572529,false,חלוה עם פיסטוק אחווה 400 גרם,אחדות ביתחרושת לטחינה חלבה,,,'יח,4,ל-100 גרם,false,1,12.90,3.23,false,1,
7290000572543,false,חלוה בטעם שוקו וניל אחווה 400 גרם,אחדות ביתחרושת לטחינה חלבה,,,'יח,4,ל-100 גרם,false,1,11.90,2.98,false,1,
7290000692227,false,נוזל לניקוי כלים קלאסי פלמוליב (1 ליטר),יבואן ומשווק: ש. שסט,,,'יח,10,"ל-100 מ""ל",false,1,13.90,1.39,false,1,
7290001045688,false,"מיץ תפוזים סחוט פרימור 400 מ""ל",שטראוס גרופ בעמ/מצונן,,,'יח,4,"ל-100 מ""ל",false,8,8.20,1.98,false,1,
7290001123775,false,שווארמה אמיתית פרגיות טיבון ויל 500 גרם,"טיבול ויל אחזקות בע""",,,'יח,5,ל-100 גרם,false,12,24.90,4.98,false,1,
7290001216040,false,טחינה גולמית שומשום טהור אל ארז 500 גרם,אגס ירוק מסחר ושירותים,,,'יח,1,'יח,false,1,15.90,15.90,false,1,
7290001274293,false,סנקור XL ארוך 70 גרם,פלקו בעמ חברה ישראלית,,,'יח,1,ל-100 גרם,false,1,5.90,5.90,true,1,
7290001407936,false,בארכה-טחינה גולמית מעודנת בקבוק לחיץ 310 ג',קבוצת אוסם סחר שותפות מוגבלת,,,'יח,3.10,"ל-100 ס""מ",false,1,11.90,3.84,false,1,
7290001419618,false,וופל בלגי עלמה שחור לבן וניל 200ג',מ.ד אטיאס סוכנויות מזון בע`מ,,,'יח,2,ל-100 גרם,false,1,3.90,1.95,true,1,
7290001482094,false,גבינה פרמז'נו משולשים ויליפוד 200ג',ג.וילי-פוד אינטרנשיונל **גבינו,,,'יח,2,ל-100 גרם,false,1,19.90,9.95,false,1,
7290001491096,false,תה ירוק בתוספת לימונית ולואיזה 50 שקיקים ויסוצקי,תה ויסוצקי (ישראל) בעמ,,,'יח,0.75,'יח,false,1,41.90,55.87,true,1,
7290001523506,false,קטלן מוסקיטו 4W,ד.ש.ש אלקטרוניקה בעמ`,,,'יח,1,'יח,false,1,59.90,59.90,false,1,
7290001532249,false,מקרל מקרוסקה מעושן ה,ירין חזון שיווק ומזון,,,"ק""ג",2,ל-100 גרם,true,1,109.90,54.95,false,1,
7290001548011,false,סלט טחינה ירוקה מונטה קרלו 250 גרם,ירין חזון שיווק ומזון,,,'יח,2.50,ל-100 גרם,false,1,9.90,3.96,false,1,
7290001548042,false,סלט ביצים מונטה קרלו 250 גרם,ירין חזון שיווק ומזון,,,'יח,2.50,ל-100 גרם,false,1,16.90,6.76,false,1,
7290001548110,false,סלט חצילים סלוניקי 250 גרם,ירין חזון שיווק ומזון,,,'יח,2.50,ל-100 גרם,false,1,14.90,5.96,false,1,
7290001548202,false,מונטה קרלו סלט סלק רצועות 250 גר',ירין חזון שיווק ומזון,,,'יח,2.50,ל-100 גרם,false,1,11.90,4.76,false,1,
7290001548233,false,סלט חצילים מחנה יהודה 250 גרם,ירין חזון שיווק ומזון,,,'יח,2.50,ל-100 גרם,false,1,14.90,5.96,false,1,
7290001548271,false,סלט כרוב לבן עם שמיר מונטה קרלו 250 גר,סלטי מונטה קרלו,,,'יח,2.50,ל-100 גרם,false,1,14.90,5.96,false,1,
7290001548325,false,סלט טונה ירקות מונטה קרלו 250 גרם,ירין חזון שיווק ומזון,,,'יח,2.50,ל-100 גרם,false,1,19.90,7.96,false,1,
7290001548349,false,"סלט תפו""א במיונז בייתי 250 גרם",ירין חזון שיווק ומזון,,,'יח,2.50,ל-100 גרם,false,1,11.90,4.76,false,1,
7290001548783,false,סלט פלפלים אש טוניסאי מונטה קרלו 250ג,ירין חזון שיווק ומזון,,,'יח,2.50,ל-100 גרם,false,1,17.90,7.16,false,1,
7290001567814,false,סלמי מעושן בסגנון איטלקי 300 ג' יחיעם,מעדני יחיעם ( 1993 ) בע`מ,,,'יח,3,ל-100 גרם,false,1,21.90,7.30,true,1,
7290001581568,false,ראש טלה מפורק ארוז,באסם דבאח בעמ,,,'יח,1,'יח,false,1,59.90,59.90,false,1,
7290001670057,false,כפיות לבן 100 יח`הנמל,הנמל אריזות ושיווק (1984) בעמ,,,'יח,1,,false,30,10.90,10.90,true,1,
7290001670071,false,כפות חד פעמי לבן 100 יח',הנמל אריזות ושיווק (1984) בעמ,,,'יח,1,,false,30,12.90,12.90,true,1,
7290001670385,false,מפיות ארועים חד שכבתי 100 יחידות,הנמל אריזות ושיווק 1984 בע`מ,,,'יח,1,,false,1,5.90,5.90,false,1,
7290001670873,false,"צלחות גדולות לבנות קשיח ח""פ הנמל 66יח'",הנמל אריזות ושיווק (1984) בעמ,,,'יח,1,'יח,false,10,39.90,39.90,false,1,
7290001696729,false,פקאן טבעי פיצוחי חממה (100 גרם),בוטנת בעמ חברה לקלייה ואריזת פ,,,'יח,1,,false,1,16.90,16.90,false,1,
7290001696736,false,פקאן סיני פיצוחי חממה (100 גרם),בוטנת בעמ חברה לקלייה ואריזת פ,,,'יח,1,,false,1,18.90,18.90,true,1,
7290001696989,false,גרעינים בלי מלח 200 גרם פיצוחי חממה,בוטנת בעמ חברה לקלייה ואריזת פ,,,'יח,2,ל-100 גרם,false,1,7.40,3.70,false,1,
7290001780428,false,מאגדת גלידת לייט שוקולד נסטלה 6יח' 312ג',נגה גלידות שותפות מוגבלת,,,'יח,0.50,ל-100 גרם,false,1,27.90,55.80,false,1,
7290001791349,false,אקונומיקה פיסגה ריחנית סנו (4 ליטר),החברה הדרומית לשיווק בעמ,,,'יח,4,לליטר,false,6,11.90,2.98,false,1,
7290001990117,false,שומשום סוגת 100 גרם,האי נאם סי או אל.טי.,,,'יח,1,ל-100 גרם,false,1,3.90,3.90,false,1,
7290001990148,false,"סוכר גולדן קלאסי בצנצנת סוגת 1 ק""ג",האי נאם סי או אל.טי.,,,'יח,10,ל-100 גרם,false,1,12.90,1.29,false,1,
7290002000143,false,"חדש -פנג'ל ק.ידיים קלאסיק 80מ""ל",מיוצר עי קונדיטוריית,,,'יח,0.80,ל-100 גרם,false,1,7.90,9.88,false,1,
7290002007234,false,אבקת סוכר הנמל 100 גרם,הנמל אריזות ושיווק 1984 בע`מ,,,'יח,1,ל-100 גרם,false,24,1.90,1.90,true,1,
7290002007371,false,פירורי לחם הנמל 500 ג',הנמל אריזות ושיווק 1984 בע`מ,,,'יח,5,ל-100 גרם,false,24,6.90,1.38,false,1,
7290002007975,false,צלחות פלסטיק קטנות חד פעמיות 50 יח,הנמל אריזות ושיווק (1984) בעמ,,,'יח,1,,false,1,10.90,10.90,false,1,
7290002007982,false,מזלגות חד פעמי הנמל 100 יחידות,הנמל אריזות ושיווק (1984) בעמ,,,'יח,1,,false,1,12.90,12.90,true,1,
7290002008156,false,גביעי נייר מספר 5 הנמל 1 יחידה,הנמל אריזות ושיווק (1984) בעמ,,,'יח,1,,false,15,6.90,6.90,false,1,
7290002008187,false,קשים מתקפלים לשתיה הנמל 40 יחידות,הנמל אריזות ושיווק 1984 בע`מ,,,'יח,1,,false,25,1.90,1.90,false,1,
7290002008224,false,סוכריות לקישוט צבעונית הנמל 100 ג',הנמל אריזות ושיווק 1984 בע`מ,,,'יח,1,ל-100 גרם,false,1,4.90,4.90,false,1,
7290002008309,false,עטרות נייר חום לעוגה מס' 4 הנמל 130יח',הנמל אריזות ושיווק (1984) בעמ,,,'יח,1,,false,15,6.90,6.90,false,1,
7290002008507,false,נייר אפיה הנמל 50 יחידות,הנמל אריזות ושיווק (1984) בעמ,,,'יח,1,,false,24,9.90,9.90,true,1,
7290002008668,false,צמרוני כותנה ביוטי הנמל עגול 200 יחידות,הנמל אריזות ושיווק 1984 בע`מ,,,'יח,1,ל-100 גרם,false,1,4.90,4.90,false,1,
7290002008743,false,סוכר וניל עשירייה הנמל 100 גרם,הנמל אריזות ושיווק 1984 בע`מ,,,'יח,1,ל-100 גרם,false,50,1.90,1.90,true,1,
7290002008750,false,אבקת אפיה עשירייה הנמל 100 גרם,הנמל אריזות ושיווק 1984 בע`מ,,,'יח,1,ל-100 גרם,false,50,1.90,1.90,true,1,
7290002040019,false,קוסקוס רגיל מזון קוסקוס (350 גרם),הנמל אריזות ושיווק (1984) בעמ,,,'יח,3.50,ל-100 גרם,false,24,6.90,1.97,false,1,
7290002040064,false,קוסקוס דק להכנה מהירה בשקית 350 גרם,הנמל אריזות ושיווק (1984) בעמ,,,'יח,3.50,ל-100 גרם,false,1,6.90,1.97,false,1,
7290002040071,false,קוסקוס עבה להכנה קלה ומהירה 350 גרם,הנמל אריזות ושיווק (1984) בעמ,,,'יח,3.50,ל-100 גרם,false,24,6.90,1.97,false,1,
7290002077725,false,סלומון נורווגי מצונן דלידג 100ג',נטו מלינדה סחר בע`מ,,,'יח,1,ל-100 גרם,false,10,18.90,18.90,false,1,
7290002102021,false,תחתוני בוקסר,הום פרפקט ק.ד.מ בעמ,,,'יח,1,,false,1,14.90,14.90,true,1,
7290002157953,false,מארז נתחי טונה בהירה בשמן קנולה - 4 יחידות,נטו מלינדה סחר בע`מ,,,'יח,1.40,ל-100 גרם,false,12,19.90,14.21,false,1,
7290002253006,false,שום טרי כתוש צנצנת דורות 200 גרם,קבוצת אוסם סחר-שות.מוגבלת,,,'יח,2,ל-100 גרם,false,1,16.90,8.45,false,1,
7290002253105,false,שום במגשית 20 שיניים כתושות קפוא 80,קבוצת אוסם סחר-שות.מוגבלת,,,'יח,0.80,ל-100 גרם,false,1,12.90,16.13,false,1,
7290002253235,false,דורות רוטב פסטו דורות,קבוצת אוסם סחר שותפות מוגבלת,,,'יח,1.60,ל-100 גרם,false,1,12.90,8.06,false,1,
7290002259640,false,דיימונד רדיד אלומיניום צר 30 ס''מ 7.5 מ'-,ריינולדס מוצרי צריכה,,,'יח,0,'יח,false,24,11.90,11.90,false,1,
7290002281382,false,נתחי סלמון נורווגי דלידג קפוא,נטו מלינדה סחר בע`מ,,,"ק""ג",1,ל-100 גרם,true,1,89.90,89.90,false,1,
7290002331360,false,"נביעות מים מינרליים טו גו מארז 500X6מ""ל",החברה המרכזית להפצת משקאות בעמ,,,'יח,30,"ל-100 מ""ל",false,4,14.90,0.44,false,1,
7290002353836,false,סרדינים רוברט בשמן זית 115 גרם,קונסרבס פורטוגל נורטה,,,'יח,1.20,ל-100 גרם,false,1,7.90,6.58,true,1,
7290002360230,false,חרדל דיזון גרגרים 210 גרם בורנייר,ש. שסטוביץ בע`מ,,,'יח,2.10,ל-100 גרם,false,1,11.70,5.57,false,1,
7290002371496,false,פרוסות שווארמה קצבים 120 גרם טירת צבי,תנובה מרכז שיתופי לשיווק תוצרת,,,'יח,1.20,ל-100 גרם,false,1,27.90,23.25,false,1,
7290002371748,false,צלעות אסאדו 120 גרם טירת צבי,תנובה מרכז שיתופי לשיווק תוצרת,,,'יח,1.20,ל-100 גרם,false,1,28.90,24.08,false,1,
7290002409014,false,ג`חנון אפוי מוכן להגשה 600 גרם קפוא,ציפור השרון יהוד 1990 בעמ,,,'יח,6,ל-100 גרם,false,1,16.90,2.82,false,1,
7290002409038,false,בורקס גבינה 800 גרם ציפור השרון,ציפור השרון יהוד 1990 בעמ,,,'יח,8,ל-100 גרם,false,1,17.90,2.24,false,1,
7290002409045,false,בורקס תפו``א 800 גרם ציפור השרון,ציפור השרון יהוד 1990 בעמ,,,'יח,8,ל-100 גרם,false,1,16.90,2.11,false,1,
7290002409175,false,"בצק עלים צרפתי צפ.השרון 1 ק""ג",ציפור השרון יהוד 1990 בעמ,,,'יח,10,ל-100 גרם,false,1,14.90,1.49,false,1,
7290002409281,false,מאפה זיוה סבבה 750 גרם קפוא,ציפור השרון יהוד 1990 בעמ,,,'יח,7.50,ל-100 גרם,false,1,17.90,2.39,false,1,
7290002628194,false,שריר מס `8הזרוע קפוא חלק,בלדי בע`מ,,,"ק""ג",1,,true,1,29.90,29.90,true,1,
7290002628941,false,"נסיכת הנילוס פרוס L בד""ץ העדה החרדית",בלדי בע`מ,,,"ק""ג",1,ל-100 גרם,true,1,49.90,49.90,false,1,
7290002692782,false,"תרסיס שמן זית כתית מעולה ללא תוספת גז עץ הזית 150 מ""ל",י.ב טכנולוגיות אריזה,,,'יח,1,,false,1,14.90,14.90,false,1,
7290002715511,false,ארוחת נודלס בטעם בשר מג`יק (70 גרם),נטו מלינדה סחר בע`מ,,,'יח,7,ל-100 גרם,false,12,4.90,0.70,false,1,
7290002730262,false,נוזל לניקוי כלים קלאסי פלמוליב (750 מל),יבואן ומשווק: ש. שסט,,,'יח,7.50,"ל-100 מ""ל",false,1,11.90,1.59,true,1,
7290002730538,false,פדיות להסרת איפור בלונס 80 יחידות,הנסיך- מפעל לייצור ט,,,'יח,0,ל-100 גרם,false,1,9.90,9.90,false,1,
7290002757146,false,"קובה חמוסטה למרק שלושת האופים 1 ק""ג",נטו מלינדה סחר בע`מ,,,'יח,10,ל-100 גרם,false,8,17.90,1.79,false,1,
7290002757757,false,מלוואח 700 ג' שלושת האופים,נטו מלינדה סחר בע`מ,,,'יח,7,ל-100 גרם,false,1,13.90,1.99,true,1,
7290002805151,false,סיף פנטסטיק לרצפות בניחוח סחלבים 4ל',יוניליוור ישראל שיווק בע`מ,,,'יח,4,לליטר,false,1,19.90,4.98,false,1,
7290002814016,false,"מסיר שומנים מתז 750 מ""ל סנט מוריץ כשל""פ עד""ח",קומפלקס כימיקלסבעמ ~~~,,,'יח,7.50,"ל-100 מ""ל",false,1,12.90,1.72,false,1,
7290002814481,false,עלמה שקיות מזון בקופסא 150 יח' מארז שלישיה,קומפלקס כימיקלים בעמ,,,'יח,1,'יח,false,1,11.90,11.90,true,1,
7290002814986,false,סנט מוריץ מגבונים לניקוי כללי בדלי 400 יחידות בריח לימון,קומפלקס כימקלים בעמ`,,,'יח,1,'יח,false,1,19.90,19.90,false,1,
7290002824466,false,יוגורט דנונה ביו לבן 0% שומן 200 גרם,שטראוס גרופ בעמ/מצונן,,,'יח,2,"ל-100 מ""ל",false,24,3.70,1.85,false,1,
7290002824640,false,"גבינת סקי 250 גרם 5% ""שטראוס"" -מוצר בפיקוח",שטראוס גרופ בעמ/מצונן,,,'יח,2.50,ל-100 גרם,false,12,4.98,1.99,false,1,
7290002868996,false,"קוטג' 5% שומן, רכיבים טבעיים, 250 גרם",החברה המרכזית טלהפצת משקאות בע,,,'יח,2.50,ל-100 גרם,false,1,5.50,2.20,false,1,
7290002881216,false,רסק תפוחי עץ לא ממותק תומר 700 גרם,תומר ייבוא ושיווק מוצרי מזון [,,,'יח,7.20,ל-100 גרם,false,12,11.90,1.65,false,1,
7290002881742,false,לבבות דקל פרוסות תומר 400 גרם,תומר ייבוא ושיווק מוצרי מזון [,,,'יח,4,ל-100 גרם,false,1,7.90,1.98,false,1,
7290002881957,false,סרדינים מרוקאי חריף בשמן חמניות 125ג' תומר,תומר ייבוא ושיווק מוצרי מזון [,,,'יח,1.25,ל-100 גרם,false,25,4.90,3.92,false,1,
7290002881988,false,סרדינים בשמן חמניות ולימון תומר 125 גרם,תומר ייבוא ושיווק מוצרי מזון [,,,'יח,1.25,ל-100 גרם,false,25,4.90,3.92,false,1,
7290002977377,false,"קמח כוסמין לבן ללא ניפוי 1 ק""ג",הטחנות הגדולות של ארץ ישראל בע,,,'יח,1,'יח,false,1,13.90,13.90,false,1,
7290002977407,false,"קמח חלה לבן מעושר ללא ניפוי 1 ק""ג",הטחנות הגדולות של ארץ ישראל בע,,,'יח,1,'יח,false,1,7.90,7.90,false,1,
7290002977421,false,"קמח כוסמין 70% ללא ניפוי 1 ק""ג",הטחנות הגדולות של ארץ ישראל בע,,,'יח,1,'יח,false,1,11.90,11.90,false,1,
7290003015641,false,"נוזל רצפות יסמין 2 ליטר ""ריצפז פרש""",החברה הדרומית לשיווק בעמ,,,'יח,20,"ל-100 מ""ל",false,8,17.90,0.90,true,1,
7290003029181,false,משקה יטבתה שוקו' בקבוק 1ל מהדרין,שטראוס גרופ בעמ/מצונן,,,'יח,10,"ל-100 מ""ל",false,12,11.90,1.19,false,1,
7290003029372,false,יטבתה משקה בטעם בננה %3 בקבוק 1 ליטר,שטראוס גרופ בעמ/מצונן,,,'יח,10,"ל-100 מ""ל",false,6,11.90,1.19,false,1,
7290003029389,false,"משקה חלב בננה פקק ספורט 250 מ""ל יוטבתה",שטראוס גרופ בעמ/מצונן,,,'יח,2.50,"ל-100 מ""ל",false,9,5.70,2.28,false,1,
7290003029433,false,"משקה יטבתה שוקו פקק 250 מ""ל מהדרין",שטראוס גרופ בעמ/מצונן,,,'יח,2.50,"ל-100 מ""ל",false,12,5.50,2.20,false,1,
7290003029532,false,מוקה בבקבוק יטבתה 1 ליטר מהדרין,שטראוס גרופ בעמ/מצונן,,,'יח,10,"ל-100 מ""ל",false,6,11.90,1.19,false,1,
7290003029617,false,יטבתה שמנת מנה אישית 15% 125מל,שטראוס גרופ בעמ/מצונן,,,'יח,1,"ל-100 מ""ל",false,20,2.10,2.10,false,1,
7290003029792,false,"משקה יטבתה שוקו שקיות מהדרין מארז 225X8מ""ל",שטראוס גרופ בעמ/מצונן,,,'יח,2.25,ל-100 גרם,false,8,18.90,8.40,false,1,
7290003029815,false,כד חלב 3% יטבתה 2 ליטר מהדרין,שטראוס גרופ בעמ/מצונן,,,'יח,20,"ל-100 מ""ל",false,6,14.90,0.75,false,1,
7290003029907,false,משקה חלב אייס קפה 2% יטבתה (1 ליטר,שטראוס גרופ בעמ/מצונן,,,'יח,10,"ל-100 מ""ל",false,6,11.90,1.19,false,1,
7290003035632,false,פילה מושט 7-9 ללא עור ארוז,ג.ת שווק בן בקר בע`מ,,,"ק""ג",1,ל-100 גרם,true,1,29.90,29.90,false,1,
7290003072996,false,נקנקיות כמהין ושמפניון 320 גרם,תנובה מרכז שיתופי לשיווק תוצרת,,,'יח,3.20,ל-100 גרם,false,1,25.90,8.09,false,1,
7290003229109,false,פסטרמה הודו בפפריקה טירת צבי (400 גרם),תנובה מרכז שיתופי לשיווק תוצרת,,,'יח,4,ל-100 גרם,false,1,26.90,6.73,true,1,
7290003229116,false,פסטרמה הודו בדבש שומן טירת צבי 400 גרם,תנובה מרכז שיתופי לשיווק תוצרת,,,'יח,4,ל-100 גרם,false,1,26.90,6.73,true,1,
7290003229123,false,פסטרמה הודו על גחלים 2% טירת צבי 400 גרם,תנובה מרכז שיתופי לשיווק תוצרת,,,'יח,4,ל-100 גרם,false,1,26.90,6.73,true,1,
7290003229192,false,נקניק כתף בקר מעושן 2% טירת צבי 400 גרם,תנובה מרכז שיתופי לשיווק תוצרת,,,'יח,4,ל-100 גרם,false,1,26.90,6.73,true,1,
7290003229208,false,פסטרמה ספרדית 2% טירת צבי 360 גרם,תנובה מרכז שיתופי לשיווק תוצרת,,,'יח,3.60,ל-100 גרם,false,1,26.90,7.47,true,1,
7290003287284,false,קבב ביתי קצביה ארוז 600 גר`באלדי,בלדי בע`מ,,,'יח,6,ל-100 גרם,false,8,27.90,4.65,true,1,
7290003287307,false,קבב רומני קצביה ארוז 600 גר`באלדי,בלדי בע`מ,,,'יח,6,ל-100 גרם,false,8,27.90,4.65,true,1,
7290003318100,false,וופל בטעם שוקולד מנעמים 200 ג',ח.כהן סוכנות מזון ומשקאות,,,'יח,2.50,ל-100 גרם,false,1,3.90,1.56,true,1,
7290003318131,false,ופל קלאסיק אגוז 200 גרם מנעמים,ח.כהן סוכנות מזון ומשקאות,,,'יח,2.50,ל-100 גרם,false,1,3.90,1.56,true,1,
7290003318155,false,וופל טעם לימון מנעמים 200 ג',ח.כהן סוכנות מזון ומשקאות בע,,,'יח,2.50,ל-100 גרם,false,1,3.90,1.56,true,1,
7290003321155,false,יוגורט בר עם פקאן מצופה שוקולד 183 ג' דנונה,שטראוס גרופ בעמ/מצונן,,,'יח,1.83,"ל-100 מ""ל",false,24,4.60,2.51,false,1,
7290003387410,false,שלישיית פדים להסרת איפור בלונס 80 יחידות,ש. שסטוביץ בע`מ,,,'יח,2.40,ל-100 גרם,false,1,19.90,8.29,false,1,
7290003411054,false,שקיות צליה גדול דליקטס רוסטי הנמל 5יח`,הנמל אריזות ושיווק (1984) בעמ,,,'יח,1,,false,40,4.90,4.90,true,1,
7290003411566,false,צמרוני עץ הנמל 200 יחידות,הנמל אריזות ושיווק (1984) בעמ,,,'יח,0,ל-100 גרם,false,1,3.90,3.90,false,1,
7290003411573,false,צלחות פלסטיק עמוקות חד פעמיות 30 יח,הנמל אריזות ושיווק (1984) בעמ,,,'יח,1,,false,17,18.90,18.90,false,1,
7290003411689,false,לפתניות פלסטיק חד פעמיות 25 יח`,הנמל אריזות ושיווק (1984) בעמ,,,'יח,1,,false,52,4.90,4.90,false,1,
7290003411696,false,מרקיות פלסטיק חד פעמיות 25 יח`,הנמל אריזות ושיווק (1984) בעמ,,,'יח,1,,false,48,8.90,8.90,false,1,
7290003411993,false,גפרורים הנמל 10 יחידות,הנמל אריזות ושיווק (1984) בעמ,,,'יח,1,,false,100,3.90,3.90,false,1,
7290003438006,false,ממרח אולביה פסטו וצנובר איטלקי 190ג',תה ויסוצקי (ישראל) בעמ,,,'יח,1.80,ל-100 גרם,false,24,13.90,7.72,true,1,
7290003438020,false,אוליביה ממרח עגבניות מיובשות (190 גרם),תה ויסוצקי (ישראל) בעמ,,,'יח,1.90,ל-100 גרם,false,12,13.90,7.32,true,1,
7290003438853,false,אוליביה ממרח אריסה חריפה 185 גר ',תה ויסוצקי (ישראל) בעמ,,,'יח,1.80,ל-100 גרם,false,12,13.90,7.72,true,1,
7290003450602,false,חרדל אמיתי צהוב בקבוק לחיץ 255 גר,היינץ צפון אמריקה מקבוצת ה.י.היינץ,,,'יח,2.25,ל-100 גרם,false,1,9.90,4.40,false,1,
7290003578078,false,קוקטייל פירות טרופי בסירופ קל ויליפוד 850 גרם,ג. וילי-פוד אינטרנשיונל בע`מ,,,'יח,8.50,ל-100 גרם,false,24,9.90,1.16,false,1,
7290003578313,false,דובדבנים ללא חרצנים ויליפוד 680 גרם,ג. וילי-פוד אינטרנשיונל בע`מ,,,'יח,6.80,ל-100 גרם,false,12,9.90,1.46,false,1,
7290003643158,false,קורנפולר שקית 200 ג' סוגת,סוגת תעשיות בעמ,,,'יח,2,ל-100 גרם,false,1,3.90,1.95,false,1,
7290003643172,false,סוגת אבקת סוכר 100 גרם,א.ל ייצור ושיווק תבל,,,'יח,1,ל-100 גרם,false,1,2.50,2.50,false,1,
7290003643325,false,קוסקוס בינוני סוגת (350 גרם),"אסיף תעשיות מזון בע""\מ",,,'יח,3.50,ל-100 גרם,false,1,4.90,1.40,true,1,
7290003643387,false,סוכר לבן בצנצנת פלסטיק 1 ק`ג,האי נאם סי או אל.טי.,,,'יח,10,ל-100 גרם,false,1,7.90,0.79,false,1,
7290003643646,false,"סוכר דמררה קלאסי בצנצנת סוגת 1 ק""ג",האי נאם סי או אל.טי.,,,'יח,10,ל-100 גרם,false,1,12.90,1.29,false,1,
7290003643684,false,אפונה יבשה סוגת 500 גר',האי נאם סי או אל.טי.,,,'יח,5,ל-100 גרם,false,1,5.90,1.18,false,1,
7290003643707,false,גריסים סוגת (500 גרם),"סוגת תעשיות בע""מ",,,'יח,5,ל-100 גרם,false,1,4.90,0.98,false,1,
7290003643714,false,חומוס גרגירים 500 גרם סוגת,האי נאם סי או אל.טי.,,,'יח,5,ל-100 גרם,false,1,7.90,1.58,false,1,
7290003643745,false,כוסמת סוגת (500 גרם),האי נאם סי או אל.טי.,,,'יח,5,ל-100 גרם,false,1,7.90,1.58,false,1,
7290003643752,false,עדשים ירוקים יבש סוגת 500 גר',האי נאם סי או אל.טי.,,,'יח,5,ל-100 גרם,false,1,7.90,1.58,false,1,
7290003643776,false,"פופקורן גרעינים סוגת 500 ג' כשל""פ",האי נאם סי או אל.טי.,,,'יח,5,ל-100 גרם,false,1,6.90,1.38,false,1,
7290003643783,false,קוקוס טחון סוגת 100 גרם,האי נאם סי או אל.טי.,,,'יח,1,ל-100 גרם,false,1,3.90,3.90,false,1,
7290003643806,false,שעועית לבנה יבשה סוגת (500 גרם),האי נאם סי או אל.טי.,,,'יח,5,ל-100 גרם,false,1,11.90,2.38,false,1,
7290003643813,false,שעועית אדומה יבשה סוגת 500 גר',האי נאם סי או אל.טי.,,,'יח,5,ל-100 גרם,false,1,10.90,2.18,false,1,
7290003643820,false,חומוס ענק יבש סוגת 500 גרם,"סוגת תעשיות בע""\מ",,,'יח,5,ל-100 גרם,false,1,12.90,2.58,false,1,
7290003672530,false,פילה סלמון קפוא,פאר הבשר והעוף בעמ,,,"ק""ג",1,"ק""ג",true,1,74.90,74.90,true,1,
7290003781065,false,מלפפונים בחומץ קטנים מאוד וילי פוד 370 גרם,ג. וילי-פוד אינטרנשיונל בע`מ,,,'יח,6.80,ל-100 גרם,false,1,10.90,1.60,false,1,
7290003804320,false,תיבולית שום ופטרוזיליה קנור 72 גרם,יוניליוור ישראל שיווק בע`מ,,,'יח,0.72,ל-100 גרם,false,1,8.90,12.36,false,1,
7290003804382,false,תיבוליות פטריות קנור (8 יח`- 72 גרם),יוניליוור ישראל שיווק בע`מ,,,'יח,0.72,ל-100 גרם,false,1,8.90,12.36,false,1,
7290003805501,false,"פתית בסגנון שוודי תלמה בד""צ 300 גרם",יוניליוור ישראל שיווק בע`מ,,,'יח,3,ל-100 גרם,false,1,16.90,5.63,false,1,
7290003805587,false,"פתית חיטה מלאה בד""צ 250 גרם-קופסא",יוניליוור ישראל שיווק בע`מ,,,'יח,2.50,ל-100 גרם,false,1,16.90,6.76,false,1,
7290003807482,false,קנור רוטב טריאקי מופחת נתרן 370 גרם,יוניליוור ישראל שיווק בע`מ,,,'יח,3,"ל-100 מ""ל",false,1,11.90,3.97,true,1,
7290003864485,false,סרדינים ברוטב עגבנ יות ויליפוד 110ג' פתח קל,ג. וילי-פוד אינטרנשיונל בע`מ,,,'יח,1.20,ל-100 גרם,false,1,4.90,4.08,true,1,
7290003882922,false,עלי גפן ממולאים באורז וילי פוד 360 גרם,ג. וילי-פוד אינטרנשיונל בע`מ,,,'יח,4,ל-100 גרם,false,24,9.90,2.48,true,1,
7290003903788,false,אבקת קפוצ`ינו וניל עלית (200 גרם),שטראוס גרופ בע`מ,,,'יח,2,ל-100 גרם,false,6,24.90,12.45,false,1,
7290003989539,false,רביולי עם גבינה שטראוס (400 גרם),שטראוס גרופ בעמ/מצונן,,,'יח,4,ל-100 גרם,false,9,19.90,4.98,false,1,
7290004011284,false,בסיס להכנת קצפת צמחי ריץ` (212 מל),ריצ' פרודקטס קורפריי,,,'יח,2.12,"ל-100 מ""ל",false,24,9.90,4.67,true,1,
7290004011291,false,בסיס להכנת קצפת צמחי ריץ` (425 מל),נטו מלינדה סחר בע`מ,,,'יח,4.35,"ל-100 מ""ל",false,12,14.90,3.43,false,1,
7290004011338,false,קצפת מתוקה מוכנה ספריי ריץ` (250 מל),נטו מלינדה סחר בע`מ,,,'יח,2.50,"ל-100 מ""ל",false,12,16.90,6.76,true,1,
7290004011826,false,מיני המבורגר ריב אנטריקוט אל גאוצ`ו 360,טיבון ויל אחזקות בעמ,,,'יח,3.60,ל-100 גרם,false,6,24.90,6.92,true,1,
7290004033750,false,לחמניות עננים סגנון בריוש,מאפיית י.את א. ברמן בעמ,,,'יח,1,'יח,false,1,13.90,13.90,false,1,
7290004033903,false,חטיפי ברוסקטב אפויים בתיבול שום,מאפיית י.את א. ברמן בעמ,,,'יח,1.50,ל-100 גרם,false,1,12.90,8.60,true,1,
7290004033910,false,חטיפי ברוסקטב אפויים בתיבול עגבניות,מאפיית י.את א. ברמן בעמ,,,'יח,1.50,ל-100 גרם,false,1,12.90,8.60,true,1,
7290004033927,false,חטיפי פוקצה אפויים בתיבול שום,מאפיית י.את א. ברמן בעמ,,,'יח,2,ל-100 גרם,false,1,12.90,6.45,true,1,
7290004033934,false,חטיפי פוקצה אפויים בתיבול עגבניות,מאפיית י.את א. ברמן בעמ,,,'יח,2,ל-100 גרם,false,1,12.90,6.45,true,1,
7290004033972,false,חטיפי פוקצה אפויים בתיבול שום,מאפיית י.את א. ברמן בעמ,,,'יח,2,ל-100 גרם,false,1,13.90,6.95,false,1,
7290004119225,false,יופלה יוגורט בטעם אננס %3 150 גרם,תנובה מרכז שיתופי לש,,,'יח,1.50,"ל-100 מ""ל",false,1,5.20,3.47,false,1,
7290004119928,false,מעדן חלב בטעם וניל 2% קרלו תנובה 125 גרם,מחלבת אלון תבור,,,'יח,1.25,"ל-100 מ""ל",false,1,3,2.40,false,1,
7290004119973,false,קרלו מעדן שוקו רביעיה גביע 1.5% 125 גרם,תנובה מרכז שיתופי לש,,,'יח,1.25,"ל-100 מ""ל",false,1,3,2.40,false,1,
7290004120061,false,מעדן חלב בטעם שוקו וניל שוניל 2% קרלו 125 גרם,תנובה מרכז שיתופי לש,,,'יח,1.25,"ל-100 מ""ל",false,1,3,2.40,false,1,
7290004120108,false,יופלה דיאט יוגורט דובדבן %0 גביע 150גרם,תנובה מרכז שיתופי לש,,,'יח,1.50,"ל-100 מ""ל",false,1,5.20,3.47,false,1,
7290004120573,false,גבינה בולגרית (25016% גרם)פיראוס תנובה,תנובה מרכז שיתופי לש,,,'יח,2.50,ל-100 גרם,false,1,23.60,9.44,false,1,
7290004121488,false,יוגורט ביו דיאט 0% אפרסק יופלה (150 גרם),תנובה מרכז שיתופי לש,,,'יח,1.50,"ל-100 מ""ל",false,1,5.20,3.47,false,1,
7290004121525,false,יופלה מאגדת פרי 4 תות 4 אפרסק 3% 8 יח'*150 ג',תנובה מרכז שיתופי לש,,,'יח,1.50,ל-100 גרם,false,1,31,20.67,false,1,
7290004121754,false,יוגורט ביו עוגת גבינה ותות 3% יופלה 150 גרם,תנובה בעמ ***,,,'יח,1.50,"ל-100 מ""ל",false,1,5.20,3.47,false,1,
7290004122119,false,פתיתי פרמזן לפסטה 23% השף הלבן 100 גרם,"תנובה בע""מ ***",,,'יח,2.20,ל-100 גרם,false,1,11.90,5.41,false,1,
7290004122195,false,גוש חלב גבינה צהובה פרוסה 28% תנובה 200 גרם,"תנובה בע""מ ***",,,'יח,2,ל-100 גרם,false,1,13.70,6.85,false,1,
7290004122270,false,עמק קלאסית פרוסות גבינה חצי קשה 28% 200 גרם,תנובה מרכז שיתופי לש,,,'יח,2,ל-100 גרם,false,1,15.90,7.95,false,1,
7290004122348,false,גבינה צהובה מופחתת שומן 9% עמק (200 גרם),תנובה מרכז שיתופי לש,,,'יח,2,ל-100 גרם,false,1,16.80,8.40,false,1,
7290004122676,false,גבינה חמד לייט (2505% גרם)פיראוס תנובה,"תנובה,מחלבת טנא נוגה",,,'יח,2.50,ל-100 גרם,false,1,18.90,7.56,false,1,
7290004122683,false,עמק חטיף אצבעות גבינה חצי קשה 28% שומן,תנובה מרכז שיתופי לש,,,'יח,1.72,ל-100 גרם,false,1,17.10,9.94,false,1,
7290004124205,false,יופלה דיאט יוגורט תות %0 גביע 150 גרם,תנובה מרכז שיתופי לש,,,'יח,1.50,"ל-100 מ""ל",false,1,5.20,3.47,false,1,
7290004124847,false,"קצפת צמחית השף הלבן 500 מ""ל תנובה",תנובה מרכז שיתופי לש,,,'יח,5,ל-100 גרם,false,1,16.60,3.32,false,1,
7290004125370,false,"שמנת חמוצה 9% מופחתת שומן תנובה 200 מ""ל מהדרין",תנובה מרכז שיתופי לש,,,'יח,2,"ל-100 מ""ל",false,1,3.80,1.90,false,1,
7290004125455,false,"שמנת חמוצה 200 מ""ל 15% ""תנובה"" -מוצר בפיקוח",תנובה מרכז שיתופי לש,,,'יח,2,"ל-100 מ""ל",false,1,2.40,1.20,false,1,
7290004125509,false,"שמנת חמוצה 15% מועשרת תנובה 100 מ""ל",תנובה מרכז שיתופי לש,,,'יח,1,ל-100 גרם,false,1,1.80,1.80,false,1,
7290004125721,false,"השף הלבן שמנת עמידה לבישול 15% תנובה 250 מ""ל",תנובה מרכז שיתופי לש,,,'יח,2.50,"ל-100 מ""ל",false,1,8.30,3.32,false,1,
7290004125776,false,גבינה צהובה קלאסית 28% עמק (400 גרם),"תנובה בע""מ ***",,,'יח,4,ל-100 גרם,false,1,28.90,7.23,false,1,
7290004126759,false,דאיט יופלה פירות יער טו יוג פרי 150גר.,"תנובה בע""מ ***",,,'יח,1.50,"ל-100 מ""ל",false,1,5.20,3.47,false,1,
7290004127077,false,קוטג תנובה 3% גביע 250 גרם מהדרין,מיוצר עי קונדיטוריית,,,'יח,2.50,ל-100 גרם,false,1,5.60,2.24,false,1,
7290004127329,false,קוטג תנובה גביע 250 גרם %5 ו.מהדרין,מיוצר עי קונדיטוריית,,,'יח,2.50,ל-100 גרם,false,1,5.60,2.24,false,1,
7290004127336,false,קוטג תנובה גביע 250 גרם %9 ו.מהדרין,מיוצר עי קונדיטוריית,,,'יח,2.50,ל-100 גרם,false,1,5.60,2.24,false,1,
7290004127800,false,"גבינה לבנה 500 גרם 5% ""תנובה"" -מוצר בפיקוח",מיוצר עי קונדיטוריית,,,'יח,5,ל-100 גרם,false,1,9.90,1.98,false,1,
7290004127817,false,גבינה לבנה 9% שומן 500 ג' תנובה,מיוצר עי קונדיטוריית,,,'יח,5,ל-100 גרם,false,1,9.50,1.90,false,1,
7290004127862,false,"גבינה לבנה 750 גרם 5% ""תנובה"" - מוצר בפיקוח",תנובה מרכז שיתופי לש,,,'יח,7.50,ל-100 גרם,false,1,14.90,1.99,false,1,
7290004129156,false,גבינת שמנת25% עם שום שמיר 225 ג' נפוליאון,תנובה מרכז שיתופי לש,,,'יח,2.25,ל-100 גרם,false,1,13.90,6.18,false,1,
7290004129767,false,"3% 'יופלה לבן מארז שמינייה 1.2 ק""ג",תנובה מרכז שיתופי לש,,,'יח,1.50,ל-100 גרם,false,1,16.90,11.27,false,1,
7290004130916,false,יוגורט יופלה פירות יער בשמנת 3% 150 גרם,תנובה מרכז שיתופי לש,,,'יח,1.50,"ל-100 מ""ל",false,1,5.20,3.47,false,1,
7290004131432,false,יוגורט יופלה לבן ביו 3% 200 גרם,מיוצר עי קונדיטוריית,,,'יח,2,ל-100 גרם,false,1,4,2,false,1,
7290004131456,false,יוגורט ביו 1.5% שומן 200 ג' יופלה,מיוצר עי קונדיטוריית,,,'יח,2,"ל-100 מ""ל",false,1,4,2,false,1,
7290004131531,false,שוקו 30% פחות תוספת סוכר תנובה (1 ליטר),פארייפאבה אגרואינדוס,,,'יח,10,"ל-100 מ""ל",false,1,12.80,1.28,false,1,
7290004131814,false,גבינת צפתית מעודנת (2005% גרם)פיראוס ת,פארייפאבה אגרואינדוס,,,'יח,2,ל-100 גרם,false,1,15.90,7.95,false,1,
7290004132712,false,חטיף אצבעות גבינת מוצרלה 20% 172 ג' עמק,תנובה מרכז שיתופי לש,,,'יח,1.74,ל-100 גרם,false,1,17.10,9.83,false,1,
7290004132903,false,גבינה לבנה 3% מהדרין תנובה 250 גרם,תנובה מרכז שיתופי לש,,,'יח,2.50,ל-100 גרם,false,1,4.80,1.92,false,1,
7290004133900,false,.השף הלבן קצפת צמחית 250 מל פרווה,תנובה בעמ ***,,,'יח,2.50,"ל-100 מ""ל",false,1,8.90,3.56,false,1,
7290004135225,false,מעדן חלב דל קלוריות בטעם שוקולד 0.2שומ,תנובה מרכז שיתופי לש,,,'יח,1.50,"ל-100 מ""ל",false,1,4.20,2.80,false,1,
7290004135614,false,גבינה בולגרית מעודנת 5% פיראוס 250 גרם,"תנובה בע""מ ***",,,'יח,2.50,ל-100 גרם,false,1,21.90,8.76,false,1,
7290004136857,false,מעדן ג`לי בטעם פטל תנובה (125 גרם),תנובה מרכז שיתופי לש,,,'יח,1.25,"ל-100 מ""ל",false,1,2.80,2.24,false,1,
7290004136864,false,מעדן ג'לי בטעם אננס עם חתיכות תנובה 125 גרם,תנובה בעמ ***,,,'יח,1.25,"ל-100 מ""ל",false,1,2.80,2.24,false,1,
7290004136871,false,מעדן ג'לי בטעם אפרסק עם חתיכות תנובה 125 גרם,תנובה מרכז שיתופי לש,,,'יח,1.25,"ל-100 מ""ל",false,1,2.80,2.24,false,1,
7290004137021,false,"שמנת עמידה לבישול מופחת שומן 10% השף הלבן 250 מ""ל",תנובה מרכז שיתופי לש,,,'יח,2.50,"ל-100 מ""ל",false,1,8.50,3.40,false,1,
7290004137809,false,לאבנה אסלית 5% גביע (250 גרם)פיראוס תנו,"תנובה, מחלבת אלון תב",,,'יח,2.50,ל-100 גרם,false,1,12.80,5.12,false,1,
7290004219819,false,קומפלטה מלבין קפה הולנדי 200ג,ג. וילי-פוד אינטרנשיונל בע`מ,,,'יח,2,ל-100 גרם,false,1,10.90,5.45,false,1,
7290004228804,false,עלי בצק לסיגרים ואגרול שלושת האופים (450,נטו מלינדה סחר בע`מ,,,'יח,9,ל-100 גרם,false,1,12.90,1.43,false,1,
7290004456108,false,"סלמון פילה נורבגי 1.0-1.4 ק""ג בד""ץ עדה חרדית",בלדי בע`מ,,,"ק""ג",1,ל-100 גרם,true,1,79.90,79.90,true,1,
7290004492274,false,בייגלה טבעות מלוחות בייגל בייגל 400 גרם,יוניליוור ישראל שיווק בע`מ,,,'יח,4,ל-100 גרם,false,1,9.90,2.48,false,1,
7290004492762,false,"נשנושים תירס אפוי טעם טבעי בייגל בייגל 325 גרם בד""צ",יוניליוור ישראל שיווק בע`מ,,,'יח,3.25,ל-100 גרם,false,1,12.90,3.97,true,1,
7290004544539,false,לחמניות סנדביץ ללא גלוטן 6 יח`,מאפית אריאל שיווק והפצה,,,'יח,1,'יח,false,1,17.90,17.90,false,1,
7290004544546,false,שליש בגט ללא גלוטן 4 יח,מאפית אריאל שיווק והפצה,,,'יח,1,'יח,false,1,17.90,17.90,false,1,
7290004544553,false,לחמניה המבורגר ללא גלוטן 4 יח`,מאפית אריאל שיווק והפצה,,,'יח,1,'יח,false,1,17.90,17.90,false,1,
7290004544560,false,לחמניה מיני ללא גלוטן 10 יח`,מאפית אריאל שיווק והפצה,,,'יח,1,'יח,false,1,17.90,17.90,false,1,
7290004544577,false,"בסיס אפוי לפיצה 2 יח`לל""ג",מאפית אריאל שיווק והפצה,,,'יח,1,'יח,false,1,21.90,21.90,false,1,
7290004554903,false,"גלידת פנטזיה שוקו וניל 900 מ""ל שטראוס","גלידת שטראוס בע""\מ, רחוב",,,'יח,10,"ל-100 מ""ל",false,1,22.90,2.29,false,1,
7290004584351,false,גבינה לבנה סימפוניה עם תוספות 200 ג' חמישית 200,שטראוס גרופ בעמ/מצונן,,,'יח,2,ל-100 גרם,false,12,10.90,5.45,true,1,
7290004584528,false,יוגורט דנונה ביו לבן 1.7% שומן 200 גרם,שטראוס גרופ בעמ/מצונן,,,'יח,2,"ל-100 מ""ל",false,1,3.70,1.85,false,1,
7290004585907,false,דני ועדן וניל 1.5% 125ג' שטראוס,שטראוס גרופ בעמ/מצונן,,,'יח,1.30,"ל-100 מ""ל",false,24,2.70,2.08,false,1,
7290004658953,false,יין סוביניון בלאן פרייבט קולקשן יקבי כרמל,"כד בני דרום בע""מ",,,'יח,7.50,"ל-100 מ""ל",false,1,39.90,5.28,true,1,
7290004658960,false,יין אמרלד ריזלינג פרייבט קולקשן יקבי כרמל,אגודת הכורמים הקואופרטיב,,,'יח,7.50,"ל-100 מ""ל",false,1,39.90,5.28,true,1,
7290004685478,false,פיתות כוסמין 10 יח בשקית 550 גרם,מאפיית י.את א. ברמן בעמ,,,'יח,5.50,ל-100 גרם,false,1,16.90,3.07,true,1,
7290004731472,false,"שלישיית אלסבון צבעוני כיף 500 מ""ל",החברה הדרומית לשיווק בעמ,,,'יח,1.50,לליטר,false,8,19.90,13.27,false,1,
7290004737900,false,חלב כחוש מרוכז וממותק בתוספת שמן צמחי ויליפוד 397 גרם,ג. וילי-פוד אינטרנשיונל בע`מ,,,'יח,3.97,ל-100 גרם,false,48,7.90,1.99,false,1,
7290005020162,false,וויסקי סקוטי בלנטייס פיינסט 700 מל,טמפו משקאות בע`מ,,,'יח,7,"ל-100 מ""ל",false,1,79.90,11.37,false,1,
7290005084355,false,סנסודין משחת שיניים דואל קר פלואוריד 75,גלקסו סמית קליין,,,'יח,0.75,ל-100 גרם,false,1,21.90,29.20,true,1,
7290005111761,false,"מזון לכלבים בונזו מזון כלבים בשר 3 ק""ג",דיפלומט מפיצים (1968) בעמ**,,,'יח,30,ל-100 גרם,false,1,49.90,1.66,false,1,
7290005174551,false,סלט חומוס עם צנוברים 125 ג' אחלה,שטראוס גרופ בעמ/מצונן,,,'יח,1.25,ל-100 גרם,false,24,4.90,3.92,false,1,
7290005174568,false,אחלה יום יום חצילים במיונז 125 גרם,שטראוס גרופ בעמ/מצונן,,,'יח,1.25,ל-100 גרם,false,24,5.30,4.24,false,1,
7290005174575,false,טחינה אחלה יום יום משובחת 125ג',שטראוס גרופ בעמ/מצונן,,,'יח,1.25,ל-100 גרם,false,24,5.30,4.24,false,1,
7290005197758,false,"עוגיות חיוכים שוקולד עלית 150 גרם בד""צ",אפיפית נצרת תעשיות ב,,,'יח,1.50,ל-100 גרם,false,12,4.90,3.27,false,1,
7290005200786,false,תפוצ'יפס בטעם שמנת בצל עלית 50 גרם,"שטראוס פריטו ליי בע""\מ )",,,'יח,0.50,ל-100 גרם,false,1,3.90,7.80,false,1,
7290005271458,false,ביצים אורגניות 12 יח`L,גליקסמן שיווק ביצים [1994] בעמ,,,'יח,1,,false,1,22.90,22.90,false,1,
7290005271687,false,אריזון 12 ביצים L-אומגה 3 מעושרות,גליקסמן שיווק ביצים [1994] בעמ,,,'יח,1,,false,1,19.90,19.90,false,1,
7290005271755,false,תבנית ביצים L חופש 12יחי,גליקסמן שיווק ביצים [1994] בעמ,,,'יח,1,,false,1,19.90,19.90,false,1,
7290005271786,false,ביצים ארוזות Mעטוף 3,גליקסמן שיווק ביצים [1994] בעמ,,,'יח,1,,false,1,27.87,27.87,false,1,
7290005287206,false,רביעיית טונה בשמן סטארקיסט 160 גרם,דיפלומט מפיצים (1968) בעמ**,,,'יח,6.40,ל-100 גרם,false,1,24.90,3.89,false,1,
7290005287251,false,רביעיית טונה במים סטארקיסט 160 גרם,דיפלומט מפיצים (1968) בעמ**,,,'יח,6.40,ל-100 גרם,false,12,24.90,3.89,false,1,
7290005287510,false,"סטארקיסט טונה בשמן עם פלפל חריף 160 גרם בד""צ",סטארקיסט דיפלומט היינץ,,,'יח,1.60,ל-100 גרם,false,24,7.90,4.94,false,1,
7290005287527,false,"סטארקיסט טונה בשמן עם לימון 160 גרם בד""צ",סטארקיסט דיפלומט היינץ,,,'יח,1.60,ל-100 גרם,false,24,7.90,4.94,false,1,
7290005423918,false,סנו - מקסימה מרכך כביסה היפואלרגני אלוורה 4 ליטר,החברה הדרומית לשיווק בעמ,,,'יח,40,"ל-100 מ""ל",false,1,22.90,0.57,false,1,
7290005424021,false,"סנופרש הום מנטרל ריחות רעים 350 מ""ל",החברה הדרומית לשיווק בעמ,,,'יח,1,'יח,false,1,14.90,14.90,false,1,
7290005424809,false,כריות קרצוף ענקיות לניקוי כללי סנו סושי 3 יחידות,החב. הדרומית לשיווק,,,'יח,1,,false,12,9.90,9.90,false,1,
7290005425646,false,קליר נוזל לניקוי חלונות רב תכליתי סנו 1 ליטר,החברה הדרומית לשיווק בעמ,,,'יח,10,"ל-100 מ""ל",false,12,10.90,1.09,false,1,
7290005426230,false,מטלית הפלא לרצפה מיקרופייבר סנו 1יח',החברה הדרומית לשיווק בעמ,,,'יח,1,,false,12,11.90,11.90,false,1,
7290005427725,false,"חמישיית מגבונים מבושם ""ליטופים""",טרופיקל דגיל קוסמטיק,,,'יח,1,'יח,false,5,19.90,19.90,false,1,
7290005430602,false,"סנו אוקסיג'ן ספריי להסרת כתמים עם חמצן פעיל 750 מ""ל",החברה הדרומית לשיווק בעמ,,,'יח,7.50,"ל-100 מ""ל",false,12,17.90,2.39,true,1,
7290005431159,false,תותים בקצפת לייט עדן קינוחים 80 גרם,עדן קינוחים,,,'יח,4,ל-100 גרם,false,1,6.90,1.73,false,1,
7290005559907,false,פיצה משפחתית 100% גבינה מעדנות 500 גרם,תנובה מרכז שיתופי לשיווק תוצרת,,,'יח,5,ל-100 גרם,false,10,19.90,3.98,false,1,
7290005559914,false,פיצה משפחתית עם 100% גבינה בתוספת זיתים מעדנות 550 גרם,תנובה מרכז שיתופי לשיווק תוצרת,,,'יח,5.50,ל-100 גרם,false,8,19.90,3.62,false,1,
7290005559990,false,בצק עלים פילאס תורכי 600 גרם קפוא,תנובה מרכז שיתופי לשיווק תוצרת,,,'יח,6,ל-100 גרם,false,16,22.90,3.82,false,1,
7290005591761,false,דבש טהור מפרחי בר בלחיץ 400 ג' יד מרדכי,מכוורת יד מרדכי שטרא,,,'יח,4,ל-100 גרם,false,12,23.90,5.98,false,1,
7290005678028,false,ענב סופריור ירוק,ביכורי השדה הצפון בעמ` 1964,,,"ק""ג",1,,true,1,19.90,19.90,false,1,
7290005678240,false,ענב טלי,ביכורי השדה הצפון בעמ` 1964,,,"ק""ג",1,,true,1,19.90,19.90,false,1,
7290005678417,false,טלי ענב לבן בוטיק ווינטר קינג,"בכורי השדה צפון1994 ג.ד. בע""מ",,,"ק""ג",1,,true,1,24.90,24.90,false,1,
7290005680052,false,טמפונים סופר פלוס אובה 32 יחידות,גונסון אנד גונסון,,,'יח,0,ל-100 גרם,false,1,24.90,24.90,false,1,
7290005838002,false,מעדן גבינה ויוגורט בטעם וניל 88 ג' דניאלה,שטראוס גרופ בעמ/מצונן,,,'יח,1.50,"ל-100 מ""ל",false,24,4.30,2.87,false,1,
7290005838613,false,קרם גבינה 3% בטעם וניל סקי (125 גרם),שטראוס גרופ בעמ/מצונן,,,'יח,1.25,ל-100 גרם,false,24,3.90,3.12,true,1,
7290005838972,false,סקי יום יום גבינה לבנה %5 125 גרם,שטראוס גרופ בעמ/מצונן,,,'יח,1.25,ל-100 גרם,false,24,3.60,2.88,false,1,
7290005839078,false,שמיניית יוגורט לבן 3% ביו דנונה 150 גרם,שטראוס גרופ בעמ/מצונן,,,'יח,1.50,ל-100 גרם,false,3,16.90,11.27,false,1,
7290005839108,false,גבינה לבנה סימפוניה עם תוספות 200 ג'+זיתים 5%,שטראוס גרופ בעמ/מצונן,,,'יח,2,ל-100 גרם,false,12,11.90,5.95,true,1,
7290005839313,false,מילקי Top עם שוקולדה מגולגלת 140 גרם,שטראוס גרופ בעמ/מצונן,,,'יח,1.30,"ל-100 מ""ל",false,20,4.90,3.77,false,1,
7290005992018,false,"יוגורט עיזים לשתיה 3% מחלבות גד 500 מ""ל",מחלבות גד שיווק 1992 בעמ,,,'יח,5,"ל-100 מ""ל",false,1,13.90,2.78,false,1,
7290006241689,false,"משקה לימונים מרוכז קפוא פריגת 280 מ""ל",*החברה המרכזית להפצת משקאותבעמ,,,'יח,3.40,ל-100 גרם,false,1,13.90,4.09,true,1,
7290006251107,false,תה צ'אי מסאלה ויסוצקי 25 יחידות,תה ויסוצקי (ישראל) בעמ,,,'יח,0.50,ל-100 גרם,false,1,19.90,39.80,false,1,
7290006251275,false,תה ירוק סיני קלאסי ויסוצקי 25 יחידות,תה ויסוצקי (ישראל) בעמ,,,'יח,0.3750,ל-100 גרם,false,1,22.90,61.07,true,1,
7290006251343,false,חליטת פסיפלורה מנגו הגן הקסום ויסוצקי 25 יחידות,תה ויסוצקי (ישראל) בעמ,,,'יח,0.6250,ל-100 גרם,false,1,19.90,31.84,true,1,
7290006251374,false,תה ירוק לימונית וג'ינג'ר ויסוצקי 25 יחידות,תה ויסוצקי (ישראל) בעמ,,,'יח,0.25,ל-100 גרם,false,1,22.90,91.60,true,1,
7290006271174,false,ג'חנון לאפיה בתנור מעדנות 700 גרם,תנובה מרכז שיתופי לשיווק תוצרת,,,'יח,7,ל-100 גרם,false,1,18.90,2.70,false,1,
7290006271181,false,ג'חנון אפוי למיקרוגל מעדנות 750 גרם,תנובה מרכז שיתופי לשיווק תוצרת,,,'יח,7.50,ל-100 גרם,false,10,22.90,3.05,false,1,
7290006346643,false,חומוס זעתר 250 גרם ס,ירין חזון שיווק ומזון,,,'יח,2.50,ל-100 גרם,false,1,9.90,3.96,false,1,
7290006374738,false,קונפיטורה תות יד מרדכי בטעם תות,אף.סי תבליני בגליל ב,,,'יח,3.40,ל-100 גרם,false,6,14.90,4.38,true,1,
7290006494924,false,טוסו וופל קלאסי במילוי קרם לימון 200 גרם,"דנשר (1963) בע,מ",,,'יח,1.80,ל-100 גרם,false,1,7.90,4.39,false,1,
7290006546012,false,שעועית בנוסח מקסיקני בטעם חריף 580 ג' פרי הגליל,ויטה פרי גליל (החדשה) בע`מ,,,'יח,5.80,ל-100 גרם,false,1,7.90,1.36,true,1,
7290006567048,false,פתיתי קוסקוס ישראלי אסם (350 גרם),קבוצת אוסם סחר שותפות מוגבלת,,,'יח,3.50,ל-100 גרם,false,1,7.30,2.09,false,1,
7290006653819,false,קוסקוס אמיתי דק בשקית 350 גרם,קבוצת אוסם סחר שותפות מוגבלת,,,'יח,3.50,ל-100 גרם,false,1,7.90,2.26,false,1,
7290006664051,false,"אקטימל לבן 1.51 ק""ג מארז 14 יחידות",שטראוס גרופ בעמ/מצונן,,,'יח,1,ל-100 גרם,false,1,29.90,29.90,false,1,
7290006664402,false,גבינה לבנה סקי 5% שומן 750 גרם,שטראוס גרופ בעמ/מצונן,,,'יח,7.50,ל-100 גרם,false,6,14.90,1.99,false,1,
7290006664532,false,יוגורט עם תות 3% שומן 150 ג' דנונה,שטראוס גרופ בעמ/מצונן,,,'יח,1.50,"ל-100 מ""ל",false,24,3.90,2.60,true,1,
7290006664655,false,דנונה Actimel יוגורט טבעי 8*100 מ``ל,שטראוס גרופ בעמ/מצונן,,,'יח,8,"ל-100 מ""ל",false,6,21.90,2.74,false,1,
7290006664990,false,"יוגורט דנונה ביו לבן 1.7% שומן 8*150 מ""ל",שטראוס גרופ בעמ/מצונן,,,'יח,1.50,ל-100 גרם,false,3,16.90,11.27,false,1,
7290006666307,false,חומוס אורגינל סלטי מ,כ.מ.מ שיווק סלטי משני בעמ,,,'יח,3,ל-100 גרם,false,1,12.90,4.30,false,1,
7290006666314,false,סלט טחינה משומשום טהור,כ.מ.מ שיווק סלטי משני בעמ,,,'יח,1.50,ל-100 גרם,false,1,12.90,8.60,false,1,
7290006666338,false,סלט טחינה ירוקה עם פטרוזיליה,כ.מ.מ שיווק סלטי משני בעמ,,,'יח,3,ל-100 גרם,false,1,13.90,4.63,false,1,
7290006666352,false,סלט חציל בטחינה 300 גרם,כ.מ.מ שיווק סלטי משני בעמ,,,'יח,3,ל-100 גרם,false,1,19.90,6.63,false,1,
7290006666406,false,סלט חציל טבעי סלטי מ,כ.מ.מ שיווק סלטי משני בעמ,,,'יח,3,ל-100 גרם,false,1,19.90,6.63,false,1,
7290006666413,false,סלט כרוב שוודי 300 גרם,כ.מ.מ שיווק סלטי משני בעמ,,,'יח,3,ל-100 גרם,false,1,15.90,5.30,false,1,
7290006666437,false,סלט טורקי סלטי משני,כ.מ.מ שיווק סלטי משני בעמ,,,'יח,3,ל-100 גרם,false,1,15.90,5.30,false,1,
7290006666444,false,סלט עגבניות מטבוחה חריף,כ.מ.מ שיווק סלטי משני בעמ,,,'יח,3,ל-100 גרם,false,1,17.90,5.97,false,1,
7290006666451,false,סלט עגבניות סלסה חריף,כ.מ.מ שיווק סלטי משני בעמ,,,'יח,3,ל-100 גרם,false,1,19.90,6.63,false,1,
7290006666468,false,סלט גזר חריף במיץ לימון,כ.מ.מ שיווק סלטי משני בעמ,,,'יח,3,ל-100 גרם,false,1,19.90,6.63,false,1,
7290006666826,false,סחוג ירוק סלט פלפלים,כ.מ.מ שיווק סלטי משני בעמ,,,'יח,3,ל-100 גרם,false,1,12.90,4.30,false,1,
7290006666833,false,סחוג אדום סלט פלפלים,כ.מ.מ שיווק סלטי משני בעמ,,,'יח,1.50,ל-100 גרם,false,1,12.90,8.60,false,1,
7290006681553,false,קרמבו בטעם וניל שטראוס 8 יחידות,"גלידות שטראוס בע""מ",,,'יח,19.20,ל-100 גרם,false,1,16.90,0.88,false,1,
7290006681560,false,קרמבו בטעם מוקה שטראוס 8 יחידות,"גלידות שטראוס בע""מ",,,'יח,19.20,ל-100 גרם,false,1,16.90,0.88,false,1,
7290006708007,false,חזה הודו נ.טרי ארוז,עוף טוב ( שאן) בעמ,,,"ק""ג",1,,true,1,28.90,28.90,false,1,
7290006708137,false,קוקטייל עוף טרי ארוז,עוף טוב ( שאן) בעמ,,,"ק""ג",1,"ק""ג",true,1,29.90,29.90,true,1,
7290006712981,false,"משחת שיניים קולגייט ספיידרמן מגיל שש 50 מ""ל",הנסיך- מפעל לייצור ט,,,'יח,0.50,ל-100 גרם,false,1,11.90,23.80,false,1,
7290006739292,false,נקניק פסטרמה פרגיות ציפוי תירס,נקניק נהריה כשר זוגל,,,'יח,3.30,ל-100 גרם,false,1,26.90,8.15,true,1,
7290006739414,false,נקניק סלמי קוניאק זוגלובק 300 גרם,נקניק נהריה כשר זוגל,,,'יח,3,ל-100 גרם,false,1,26.90,8.97,true,1,
7290006739421,false,נקניק סלמי מעושן איטלקי זוגלובק 300 גרם,נקניק נהריה כשר זוגל,,,'יח,3,ל-100 גרם,false,1,26.90,8.97,true,1,
7290006739544,false,כתף בקר 3% שומן זוגלובק (300 גרם),נקניק זוגלובק נהריה,,,'יח,0.30,ל-100 גרם,false,1,31.90,106.33,true,1,
7290006742278,false,פסטרמה הודו צלויה על לבנים 330 ג' זוגלובק,נקניק נהריה כשר זוגל,,,'יח,3.30,ל-100 גרם,false,1,26.90,8.15,true,1,
7290006742315,false,פסטרמה חזה הודו ברביקיו 2% זוגלובק 330 גרם,נקניק נהריה כשר זוגל,,,'יח,3.30,ל-100 גרם,false,1,26.90,8.15,true,1,
7290006775764,false,אחוה עוגת שוק`צ`יפס ללא סוכר 400 גר,אחדות ביתחרושת לטחינה חלבה,,,'יח,4,ל-100 גרם,false,1,11.90,2.98,false,1,
7290006775801,false,עוגיות רוגלך שוקולד 400 גר' אחדות,אחדות ביתחרושת לטחינה חלבה,,,'יח,4,ל-100 גרם,false,1,10.90,2.73,false,1,
7290006784032,false,עלמה כריות יפניות - ללא שריטות 6 יחידות,קומפלקס כימקלים בעמ`,,,'יח,1,'יח,false,1,6.90,6.90,true,1,
7290006785633,false,שקית 10 בלונים מיטלי,שמחה זה אנחנו בע`מ,,,'יח,1,,false,1,7.90,7.90,false,1,
7290006855206,false,חטיף בר שזיפים קוקוס ואוכמניות מארז 120 גרם,טבעית מוצרים מן הטבע,,,'יח,1.20,ל-100 גרם,false,1,16.90,14.08,false,1,
7290006908667,false,שזיף מגולען 200 גרם,בוטנת בעמ חברה לקלייה ואריזת פ,,,'יח,2,ל-100 גרם,false,1,10.90,5.45,false,1,
7290006983176,false,קרקר לחמית שיפון אסם (230 גרם),קבוצת אוסם סחר שותפות מוגבלת,,,'יח,2.30,ל-100 גרם,false,1,9.90,4.30,true,1,
7290006983770,false,עוגת הבית שיש אסם (400 גרם),קבוצת אוסם סחר שותפות מוגבלת,,,'יח,4,ל-100 גרם,false,1,12.90,3.23,false,1,
7290006983787,false,עוגת הבית שוקולד צ'יפס אסם 400 גרם,קבוצת אוסם סחר שותפות מוגבלת,,,'יח,4,ל-100 גרם,false,1,12.90,3.23,false,1,
7290006983794,false,עוגת הבית בטעם תפוז אסם 400 גרם,קבוצת אוסם סחר שותפות מוגבלת,,,'יח,4,ל-100 גרם,false,1,12.90,3.23,false,1,
7290006992161,false,מטרנה - דייסת קורנפלור פרוביוטי 200 גרם,קבוצת אוסם סחר שותפות מוגבלת,,,'יח,2,ל-100 גרם,false,1,13.90,6.95,false,1,
7290006992192,false,דייסה מטרנה סולת פרוביוטיקה,קבוצת אוסם סחר שותפות מוגבלת,,,'יח,2,ל-100 גרם,false,1,13.90,6.95,false,1,
7290006992390,false,"מטרנה - דייסת וניל פרוביוטי כשל""פ 200 גרם",קבוצת אוסם סחר שותפות מוגבלת,,,'יח,2,ל-100 גרם,false,1,13.90,6.95,false,1,
7290008000796,false,"סופרמן משחת שיניים לילדים בטעם פירות כצט 50 מ""ל",גורי ע.ע.ע. בע`מ,,,'יח,0.50,"ל-100 מ""ל",false,1,10.90,21.80,false,1,
7290008116541,false,שטיפת פה ליסטרין מנטה קריר 500 מ`ל,ג'\ונסון אנד ג'\ונסון,,,'יח,5,"ל-100 מ""ל",false,1,14.90,2.98,false,1,
7290008154222,false,שניצלונים עוף טוב 700 גרם,קבוצת אוסם סחר-שות.מוגבלת,,,'יח,7,ל-100 גרם,false,1,16.90,2.41,true,1,
7290008330381,false,בדין דפים למייבש כביסה ורוד 40 יח',יוניליוור ישראל שיווק בע`מ,,,'יח,1,ל-100 גרם,false,1,18.10,18.10,false,1,
7290008343466,false,בצק פילו שלושת האופים (500 גרם),שלושת האופים שגמור,,,'יח,5,ל-100 גרם,false,12,19.90,3.98,false,1,
7290008343558,false,סיגרים במילוי בשר פיקנטי 1 ק``ג קפוא,נטו מלינדה סחר בע`מ,,,'יח,10,ל-100 גרם,false,8,17.90,1.79,false,1,
7290008343572,false,אגרול סיני 1 קג -שלושת האופים,נטו מלינדה סחר בע`מ,,,'יח,10,ל-100 גרם,false,8,17.90,1.79,false,1,
7290008343619,false,"פסטלים תפו""א שלושת האופים 1 ק""ג",נטו מלינדה סחר בע`מ,,,'יח,10,ל-100 גרם,false,8,17.90,1.79,false,1,
7290008345576,false,סלט איקרה ביתית לבנה 300 גרם דלידג,נטו מלינדה סחר בע`מ,,,'יח,3,ל-100 גרם,false,6,19.90,6.63,false,1,
7290008407441,false,ריאות בקר,ג.ת שווק בן בקר בע`מ,,,"ק""ג",1,'יח,true,1,24.90,24.90,false,1,
7290008409049,false,שניצלונים בציפוי שומשום מיני מיני דק מאמא עוף 500 גרם,תנובה מרכז שיתופי לשיווק תוצרת,,,'יח,5,ל-100 גרם,false,14,25.90,5.18,false,1,
7290008409124,false,מאמא עוף קפוא שניצל ג'ונגל פריך 700 גרם,תנובה מרכז שיתופי לשיווק תוצרת,,,'יח,7,ל-100 גרם,false,10,34.90,4.99,false,1,
7290008409216,false,מאמא עוף קפוא שניצל דק פריך 700 גרם,תנובה מרכז שיתופי לשיווק תוצרת,,,'יח,7,ל-100 גרם,false,10,41.90,5.99,false,1,
7290008409315,false,שניצלונים בציפוי פריך מיני מיני דק מאמא עוף 500 גרם,תנובה מרכז שיתופי לשיווק תוצרת,,,'יח,5,ל-100 גרם,false,14,24.90,4.98,false,1,
7290008415071,false,צבר חומוס עם טחינה עגול 150 גרם,קבוצת אוסם סחר שותפות מוגבלת,,,'יח,1.50,ל-100 גרם,false,1,4.90,3.27,false,1,
7290008493413,false,פירורי לחם מאיר בייגל פירורי גריסיני 200 גרם,"דנשר (1963) בע,מ",,,'יח,2,ל-100 גרם,false,16,6.90,3.45,false,1,
7290008496353,false,פילה סלמון קפוא נרווגי,עוף ירושלים מהדרין בע`מ,,,"ק""ג",1,ל-100 גרם,true,1,79.90,79.90,false,1,
7290008644112,false,אחלה יום יום סלט מטבוחה יום יום 125 גרם,שטראוס גרופ בעמ/מצונן,,,'יח,1.25,ל-100 גרם,false,24,5.30,4.24,false,1,
7290008644945,false,סלט המושבה שטראוס 450 גר`-טעם הטבע,שטראוס בריאות ירקות טריי,,,'יח,4.50,'יח,false,1,12.90,2.87,false,1,
7290008645935,false,אחלה חומוס לניגוב 750 גרם,שטראוס גרופ בעמ/מצונן,,,'יח,7.50,ל-100 גרם,false,6,10.90,1.45,true,1,
7290008693134,false,מעדן גבינה ויוגורט בטעם תות 5% שומן 88 ג' דניאלה,שטראוס גרופ בעמ/מצונן,,,'יח,1.50,"ל-100 מ""ל",false,24,4.30,2.87,false,1,
7290008745239,false,תפוצ'יפס קראנצ' בטעם טבעי עלית 50 גרם,"שטראוס פריטו ליי בע""\מ )",,,'יח,0.55,ל-100 גרם,false,1,3.90,7.09,false,1,
7290008747547,false,תפוצ'יפס קראנץ' בטעם טבעי עלית 200 גרם,"שטראוס פריטו ליי בע""\מ )",,,'יח,2,ל-100 גרם,false,1,10.90,5.45,true,1,
7290008752244,false,תפוצ'יפס קראנץ' בטעם גריל עלית 50 גרם,"שטראוס פריטו ליי בע""\מ )",,,'יח,0.50,ל-100 גרם,false,1,3.90,7.80,false,1,
7290008753111,false,תפוצ'יפס קראנץ' בטעם מקסיקני עלית 50 גרם,"שטראוס פריטו ליי בע""\מ )",,,'יח,0.50,ל-100 גרם,false,1,3.90,7.80,false,1,
7290008754422,false,גומי מאסט בטעם פפרמינט קלאסי פליפטופ 28 ג' עלית,שטראוס גרופ בע`מ,,,'יח,0.28,ל-100 גרם,false,16,4.40,15.71,false,1,
7290008775816,false,ערגליות עוגיות במילוי שוקולד אסם 300 גרם,קבוצת אוסם סחר שותפות מוגבלת,,,'יח,3,ל-100 גרם,false,1,9.90,3.30,true,1,
7290008801010,false,"יין קברנה סוביניון מרלו פרייוט קולקשן 750 מ""ל",אגודת הכורמים הקאופו,,,'יח,7.50,"ל-100 מ""ל",false,1,39.90,5.28,true,1,
7290008801478,false,יין טופז זהב אדום מתוק ייצוא 750 מל,אגודת הכורמים בעמ,,,'יח,7.50,"ל-100 מ""ל",false,1,19.90,2.61,false,1,
7290008801522,false,יין קינג דויד קונקורד אדום מתוק 750 מל,אגודת הכורמים הקואופרטיב,,,'יח,7.50,"ל-100 מ""ל",false,1,24.90,3.28,true,1,
7290008801546,false,יין מוסקט מתוק קינג דיוויד יקבי כרמל,אגודת הכורמים הקואופרטיב,,,'יח,7.50,"ל-100 מ""ל",false,1,24.90,3.28,true,1,
7290008801850,false,סלקטד אמרלד ריזלינג לבן חצי יבש 750 מל,אגודת הכורמים הקואופרטיב,,,'יח,7.50,"ל-100 מ""ל",false,1,29.90,3.95,true,1,
7290008802512,false,"יין וינו אדום ""כרמל מזרחי""",אגודת הכורמים בעמ,,,'יח,7.50,"ל-100 מ""ל",false,1,21.90,2.88,true,1,
7290008806985,false,נישנושים גלידה שוקו וניל בציפוי שוקולד 60 יח' קרמיסימו,"גלידת שטראוס בע""\מ, רחוב",,,'יח,6.30,ל-100 גרם,false,1,39.90,6.33,false,1,
7290008849739,false,רוטב סויה אמיתי אוליביה 310 גרם,תה ויסוצקי (ישראל)בעמ,,,'יח,2.90,"ל-100 מ""ל",false,1,13.90,4.79,false,1,
7290008975780,false,"מזון לכלבים בונזו מזון כלבים גזע קטן 3 ק""ג",דיפלומט מפיצים (1968) בעמ**,,,'יח,30,ל-100 גרם,false,1,49.90,1.66,false,1,
7290010002078,false,פלפל שחור טחון תבליני מימון (100 גרם),א.ל. ייצור ושיווק תבלינים בע`מ,,,'יח,1,ל-100 גרם,false,1,14.90,14.90,false,1,
7290010002092,false,תבלין פלפל שחור גרוס דק תבליני מימון 90,א.ל. ייצור ושיווק תבלינים בע`מ,,,'יח,9,ל-100 גרם,false,1,14.90,1.66,false,1,
7290010002122,false,פפריקה הונגרית מתוקה תבליני מימון 100 גרם,א.ל. ייצור ושיווק תבלינים בע`מ,,,'יח,1,ל-100 גרם,false,1,11.90,11.90,true,1,
7290010002146,false,פפריקה מרוקאית מתוקה תבליני מימון 100 גרם,א.ל. ייצור ושיווק תבלינים בע`מ,,,'יח,1,ל-100 גרם,false,1,11.90,11.90,true,1,
7290010002214,false,תבלין צ'ילי גרוס תבליני מימון 80 גרם,א.ל. ייצור ושיווק תבלינים בע`מ,,,'יח,7,ל-100 גרם,false,1,11.90,1.70,false,1,
7290010002320,false,תבלין לגריל עוף תבליני מימון (100 גרם),א.ל. ייצור ושיווק תבלינים בע`מ,,,'יח,1,ל-100 גרם,false,1,11.90,11.90,false,1,
7290010002382,false,תבלין אורגנו תבליני מימון 40 גרם,א.ל. ייצור ושיווק תבלינים בע`מ,,,'יח,0.40,ל-100 גרם,false,1,9.90,24.75,false,1,
7290010002443,false,תבלין רוזמרין תבליני מימון 40 גרם,א.ל. ייצור ושיווק תבלינים בע`מ,,,'יח,4,ל-100 גרם,false,1,9.90,2.48,false,1,
7290010002498,false,תבלין שום גבישי תבליני מימון 120 גרם,א.ל. ייצור ושיווק תבלינים בע`מ,,,'יח,1.20,ל-100 גרם,false,1,14.90,12.42,false,1,
7290010002658,false,פלפל יבש מתוק תבליני מימון 150 גרם,א.ל. ייצור ושיווק תבלינים בע`מ,,,'יח,1.50,ל-100 גרם,false,1,14.90,9.93,false,1,
7290010003686,false,עלי דפנה שקית תבליני מימון (20 גרם),א.ל. ייצור ושיווק תבלינים בע`מ,,,'יח,2,ל-100 גרם,false,1,5.90,2.95,false,1,
7290010003693,false,פפריקה מתוקה בשקית תבליני מימון 80 גרם,א.ל. ייצור ושיווק תבלינים בע`מ,,,'יח,8,ל-100 גרם,false,1,5.90,0.74,false,1,
7290010003709,false,פלפל שחור טחון בשקית תבליני מימון 50 גרם,א.ל. ייצור ושיווק תבלינים בע`מ,,,'יח,5,ל-100 גרם,false,1,8.90,1.78,false,1,
7290010003754,false,כמון טחון בשקית תבליני תבליני מימון 50 גרם,א.ל. ייצור ושיווק תבלינים בע`מ,,,'יח,5,ל-100 גרם,false,1,5.90,1.18,false,1,
7290010003761,false,כורכום טחון בשקית תבליני מימון 80 גרם,א.ל. ייצור ושיווק תבלינים בע`מ,,,'יח,8,ל-100 גרם,false,1,5.90,0.74,false,1,
7290010003808,false,זעתר ושומשום בשקית תבליני מימון (80 גרם),א.ל. ייצור ושיווק תבלינים בע`מ,,,'יח,8,ל-100 גרם,false,1,5.90,0.74,false,1,
7290010003822,false,פפריקה חריפה בשקית תבליני מימון (80 גרם),א.ל. ייצור ושיווק תבלינים בע`מ,,,'יח,8,ל-100 גרם,false,1,5.90,0.74,false,1,
7290010003839,false,קינמון טחון בשקית תבליני מימון 80 גרם,א.ל. ייצור ושיווק תבלינים בע`מ,,,'יח,8,ל-100 גרם,false,1,5.90,0.74,false,1,
7290010003846,false,אורגנו בשקית תבליני מימון 20 גרם,א.ל. ייצור ושיווק תבלינים בע`מ,,,'יח,2,ל-100 גרם,false,1,5.90,2.95,false,1,
7290010007042,false,לחם שיפון קלאסיק 650 גרם,מאפיית קלאסיק,,,'יח,6.50,ל-100 גרם,false,1,13.90,2.14,false,1,
7290010007059,false,לחם אחיד כהה קלאסיק 650 גרם,מאפיית קלאסיק,,,'יח,6.50,ל-100 גרם,false,1,13.90,2.14,false,1,
7290010007066,false,לחם בורודינסקי קלאסיק 650 גרם,מאפיית קלאסיק,,,'יח,6.50,ל-100 גרם,false,1,13.90,2.14,false,1,
7290010007103,false,לחם ריז`סקי קלאסיק 650 גרם,מאפיית קלאסיק,,,'יח,6.50,ל-100 גרם,false,1,13.90,2.14,false,1,
7290010007165,false,לחם מיוחד קלאסיק 650 גרם,מאפיית קלאסיק,,,'יח,6.50,ל-100 גרם,false,1,13.90,2.14,false,1,
7290010007196,false,לחם עירוני קלאסיק 650 גרם,מאפיית קלאסיק,,,'יח,6.50,ל-100 גרם,false,1,13.90,2.14,false,1,
7290010007202,false,לחם שיפון קל עם סובין קלאסיק 650 גרם,מאפיית קלאסיק,,,'יח,6.50,ל-100 גרם,false,1,13.90,2.14,false,1,
7290010007219,false,לחם דגנים קלאסיק 650 גרם,מאפיית קלאסיק,,,'יח,6.50,ל-100 גרם,false,1,13.90,2.14,false,1,
7290010065349,false,מחית סלט פירות ג'וניור פרינוק 190 גרם,גורי מוצרי צריכה (1991) בעמ,,,'יח,1.90,ל-100 גרם,false,1,6.90,3.63,true,1,
7290010116980,false,שוקולית אבקה להכנת משקה שוקו שקית 850,הנסיך- מפעל לייצור ט,,,'יח,8.50,ל-100 גרם,false,6,17.90,2.11,false,1,
7290010117864,false,דוריטוס חטיף תירס בטעם חריף אש עלית 70 גרם,"שטראוס פריטו ליי בע""\מ )",,,'יח,0.70,ל-100 גרם,false,1,3.90,5.57,true,1,
7290010117970,false,סבבה בוטנים קלויים מצופים - אריזה אישית,שטראוס פריטו ליי בע`מ,,,'יח,0.50,ל-100 גרם,false,1,1.90,3.80,false,1,
7290010124503,false,שומן כבש מעובד ארוז בלדי 200גר,בלדי בע`מ,,,'יח,2,ל-100 גרם,false,30,11.90,5.95,false,1,
7290010154012,false,לימון בלאדי תבליני ביטון יוחאי (250 גרם),תבליני יוחאי ביטון,,,'יח,2.50,ל-100 גרם,false,12,12.90,5.16,false,1,
7290010154265,false,פלפל צ`ומה תבליני ביטון יוחאי (250 גרם),תבליני יוחאי ביטון,,,'יח,2.50,ל-100 גרם,false,12,13.90,5.56,false,1,
7290010154425,false,סחוג ירוק תבליני ביטון 130 גרם,תבליני יוחאי ביטון,,,'יח,1.30,ל-100 גרם,false,12,7.90,6.08,false,1,
7290010195268,false,פופקורן פופסטאר חמישייה מופחת שומן טבעי,דנשר (1963) בעמ,,,'יח,5,ל-100 גרם,false,1,14.90,2.98,false,1,
7290010237531,false,משקה מוגז בטעם קולה פפסי (500 מל),סנו מפעלי ברונוס.,,,'יח,5,"ל-100 מ""ל",false,24,4.80,0.90,false,1,
7290010237548,false,"פפסי מקס דל קלוריות 500 מ""ל בקבוק",טמפו משקאות בע`מ,,,'יח,5,"ל-100 מ""ל",false,24,4.80,0.90,false,1,
7290010259366,false,וילי פוד נודלס אטר.ביצים מסולסל בדץ 200ג,ג. וילי-פוד אינטרנשיונל בע`מ,,,'יח,2,ל-100 גרם,false,24,4.90,2.45,false,1,
7290010259830,false,מנת השף נודלס בסגנון סיני פיקנטי וילי פוד 70 גרם,ג. וילי-פוד אינטרנשיונל בע`מ,,,'יח,7,ל-100 גרם,false,1,4.90,0.70,false,1,
7290010259991,false,צנימים מיוחדים בטעם טבעי 250 ג',ג. וילי-פוד אינטרנשיונל בע`מ,,,'יח,2.50,ל-100 גרם,false,24,8.90,3.56,false,1,
7290010279227,false,זיקוק 15 סמ 80 בקרטון 6 יחידות,שמחה זה אנחנו בע`מ,,,'יח,1,,false,1,19.90,19.90,false,1,
7290010328246,false,טחינה גולמית שומשום מלא אחווה 500 ג',אחדות ביתחרושת לטחינה חלבה,,,'יח,5,ל-100 גרם,false,1,10.90,2.18,true,1,
7290010328253,false,טחינה גולמית משומשום טבעי אחווה 500 גרם,אחדות ביתחרושת לטחינה חלבה,,,'יח,5,ל-100 גרם,false,1,10.90,2.18,true,1,
7290010471669,false,יוגורט תות עם קורנפלקס מצופה שוקולד ללא גלוטן 3.9%,שטראוס גרופ בעמ/מצונן,,,'יח,1.75,"ל-100 מ""ל",false,24,4.60,2.63,false,1,
7290010609727,false,פופס קידס משקה להקפאה בטעם פירות 70יח,דודו הדיל בעמ,,,'יח,1,,false,1,13.90,13.90,false,1,
7290010609871,false,קרטון טרופיות ענבים 18 יחידות,דודו הדיל בעמ,,,'יח,22.90,"ל-100 מ""ל",false,1,16.90,0.74,false,1,
7290010627004,false,טחינה גולמית מסורתית ירושלים 500 ג',תה ויסוצקי (ישראל) בעמ,,,'יח,5,ל-100 גרם,false,1,15.90,3.18,true,1,
7290010650033,false,בצלצלי שלוט מגשית 350 גר,ביכורי השדה צפון 1994 ג.ד. בעמ,,,'יח,1,,false,1,12.90,12.90,false,1,
7290010650828,false,פטריות שימג'י חוות תקוע 150 גרם,ביכורי השדה צפון 1994 ג.ד. בעמ,,,'יח,1,,false,1,11.90,11.90,false,1,
7290010690138,false,ברוקולי ארוז גן ירוק,ביכורי השדה הצפון בעמ` 1964,,,'יח,1,,false,1,9.90,9.90,false,1,
7290010766949,false,ממרח תחתיות ארטישוק 180ג' אוליביה,תה ויסוצקי (ישראל)בעמ,,,'יח,1.80,ל-100 גרם,false,12,13.90,7.72,true,1,
7290010766956,false,ממרח פלפלים מתוקים אדומים אוליביה 180 גרם,תה ויסוצקי (ישראל)בעמ,,,'יח,1,,false,12,13.90,13.90,true,1,
7290010883370,false,כפפות אלוורה רב שימושיות בינוניות M סנו סושי,החברה הדרומית לשיווק בעמ,,,'יח,1,,false,12,10.90,10.90,false,1,
7290010922017,false,"אננס קפוא 250 גרם - Shake It - בד""ץ עדה חרדית","הבו-קדו בע""\מn\",,,'יח,2.50,ל-100 גרם,false,1,11.90,4.76,false,1,
7290010922024,false,"פסיפלורה קפואה 250 גרם- Shake It -בד""ץ עדה חרדית","הבו-קדו בע""\מn\",,,'יח,2.50,ל-100 גרם,false,1,11.90,4.76,true,1,
7290010922819,false,"מלון 250 גרם - Shake It - בד""ץ עדה חרדית","הבו-קדו בע""\מn\",,,'יח,2.50,ל-100 גרם,false,1,11.90,4.76,false,1,
7290010945146,false,קוטג' 3% מועשר בסידן טרה 250 ג' מהדרין,החברה המרכזית טלהפצת משקאות בע,,,'יח,2.50,ל-100 גרם,false,1,5.60,2.24,false,1,
7290011018184,false,תה קר בטעם אפרסק פיוז-טי (500 מל),החברה המרכזית להפצת משקאות בעמ,,,'יח,5,"ל-100 מ""ל",false,24,6.20,1.18,false,1,
7290011026066,false,"ד""ר פישר - סרקל שמפו + מרכך לילדים 1 ליטר","פישר תעשיות פרמצביטות בע""מ",,,'יח,10,"ל-100 מ""ל",false,1,27.90,2.79,false,1,
7290011126469,false,חליטת צמחים וקמומיל הגן הקסום ויסוצקי 25 יחידות,תה ויסוצקי (ישראל) בעמ,,,'יח,0.3750,ל-100 גרם,false,1,18.90,50.40,true,1,
7290011148362,false,כרוב אדום מהדרין ירוק מהכפר,ביכורי השדה צפון 1994 ג.ד. בעמ,,,'יח,1,,true,1,14.90,14.90,false,1,
7290011148713,false,פלפל חליפניו,ביכורי השדה הצפון בעמ` 1964,,,'יח,1,,false,1,8.90,8.90,false,1,
7290011194215,false,מעדן גבינה ויוגורט בטעם בננה 5% שומן 88 ג' דניאלה,שטראוס גרופ בעמ/מצונן,,,'יח,1.50,"ל-100 מ""ל",false,24,4.30,2.87,false,1,
7290011194246,false,קוטג 5% 250 גרם עם סידן שטראוס,שטראוס גרופ בעמ/מצונן,,,'יח,2.50,ל-100 גרם,false,12,5.90,2.36,false,1,
7290011223243,false,"טואלט דאק ג'ל לאסלה בניחוח לבנדר 55 מ""ל","איטיליאן פוד, אס.פי.",,,'יח,0.55,"ל-100 מ""ל",false,1,10.90,19.82,false,1,
7290011249212,false,וופל עלמה בלגי לימון 200 גר' ללא סוכר,ח.כהן סוכנות מזון ומשקאות בע,,,'יח,2,ל-100 גרם,false,1,2.90,1.45,false,1,
7290011378516,false,טחינה גולמית 100% שומשום בארכה 450 ג',קבוצת אסם סחר,,,'יח,4.50,ל-100 גרם,false,1,12.90,2.87,true,1,
7290011438142,false,"משקה יטבתה אייס קפה בבקבוק אישי 350 מ""ל",שטראוס גרופ בעמ/מצונן,,,'יח,3.50,"ל-100 מ""ל",false,6,6.40,1.83,false,1,
7290011447014,false,מטרנה דייסת סלט פירות 200 גרם,קבוצת אוסם סחר שותפות מוגבלת,,,'יח,2,ל-100 גרם,false,1,13.90,6.95,false,1,
7290011447281,false,מטרנה פרימיום חלבי שלב 2 700 גרם חיסכון,קבוצת אוסם סחר שותפות מוגבלת,,,'יח,7,ל-100 גרם,false,1,54.90,7.84,false,1,
7290011447373,false,תחליף חלב מטרנה מהדרין שלב 2 חלבי 700 גרם,קבוצת אוסם סחר שותפות מוגבלת,,,'יח,7,ל-100 גרם,false,1,54.90,7.84,false,1,
7290011499112,false,בולגרית מסורתית 16% 250 גרם - רבנות,מחלבות גד שיווק 1992 בעמ,,,'יח,2.50,ל-100 גרם,false,1,24.70,9.88,false,1,
7290011499419,false,גבינה במרקם שמנת בטעם טבעי 5% ניו יורק,מחלבות גד שיווק 1992 בעמ,,,'יח,2,ל-100 גרם,false,1,11.90,5.95,false,1,
7290011515911,false,שלגוני לייט ריבת חלב עם סירופ 6*52 גרם,נגה גלידות שותפות מוגבלת,,,'יח,0.52,ל-100 גרם,false,1,27.90,53.65,false,1,
7290011518561,false,"אקטימל תות 1.51 ק""ג מארז 14 יחידות",שטראוס גרופ בעמ/מצונן,,,'יח,1,ל-100 גרם,false,3,29.90,29.90,false,1,
7290011570507,false,קמח נטול גלוטן-כרגיל קונדיטור,תומר ייבוא ושיווק מוצרי מזון [,,,'יח,4.50,ל-100 גרם,false,10,14.90,3.31,false,1,
7290011587598,false,פילה אנשובי בשמן תומר (45 גרם),תומר ייבוא ושיווק מוצרי מזון [,,,'יח,0.45,ל-100 גרם,false,25,4.90,10.89,false,1,
7290011587833,false,חצאי עגבניות מיובשות מתובלות בשמן חמניות ועשבי תיבול,תומר ייבוא ושיווק מוצרי מזון [,,,'יח,1,,false,1,12.90,12.90,false,1,
7290011593087,false,"שמן זית כתית מעולה 750 מ""ל סבא חביב",בני פאוזי שמשום (2009) בעמ,,,'יח,7.50,"ל-100 מ""ל",false,1,29.90,3.99,true,1,
7290011593117,false,זית סורי ירוק מבוקע 800 ג' סבא חביב,בני פאוזי שמשום (2009) בעמ,,,'יח,8,ל-100 גרם,false,1,19.90,2.49,true,1,
7290011598402,false,מקסימה מרכך כביסה ארומתרפי מאסק סנו 4 ליטר,החברה הדרומית לשיווק בעמ,,,'יח,40,"ל-100 מ""ל",false,6,22.90,0.57,false,1,
7290011800840,false,רפי כהן סלט טחינה בלאדי צבר 400 גרם,קבוצת אוסם סחר שותפות מוגבלת,,,'יח,4,ל-100 גרם,false,1,17.90,4.48,false,1,
7290011877859,false,סנו אינסטלטור חדש פותח סתימות 200ג',החברה הדרומית לשיווק בעמ,,,'יח,2,ל-100 גרם,false,12,14.90,7.45,false,1,
7290011996017,false,נודלס אטריות תרד טעמי אסיה (454 גרם),טחנת האבן קואופ בעמ,,,'יח,4.54,ל-100 גרם,false,1,9.90,2.18,false,1,
7290011996062,false,אורז לבן עגול מתאים להכנת סושי,טחנת האבן קואופ בעמ,,,'יח,10,ל-100 גרם,false,1,13.90,1.39,false,1,
7290011996109,false,רוטב צ`ילי מתוק טעמי אסיה (700 מל),טחנת האבן קואופ בעמ,,,'יח,7,"ל-100 מ""ל",false,1,9.90,1.41,false,1,
7290011996178,false,"רוטב סויה בסגנון יפני 300 מ""ל",טחנת האבן קואופ בעמ,,,'יח,1.60,ל-100 גרם,false,1,10.20,6.38,false,1,
7290011996222,false,מי קוקוס טעמי אסיה (400 מל),טחנת האבן קואופ בעמ,,,'יח,4,ל-100 גרם,false,1,5.90,1.48,false,1,
7290011996499,false,אטריות אורז דקות טעמי אסיה (400 גרם),טחנת האבן קואופ בעמ,,,'יח,4,ל-100 גרם,false,1,8.90,2.23,false,1,
7290011996512,false,"טעם אסיה טעם אסיה אטריות אורז 3מ""מ 400ג'",טחנת האבן קואופ בעמ,,,'יח,4.54,ל-100 גרם,false,1,7.90,1.74,false,1,
7290011996550,false,טעם אסיה רוטב הויסין 240 ג',קיי.אר.אס.ספייסי פוד,,,'יח,2.40,ל-100 גרם,false,1,11.90,4.96,false,1,
7290011996581,false,"רוטב חמוץ מתוק 300 מ""ל ""אסיה""",טחנת האבן קואופ בעמ,,,'יח,3,ל-100 גרם,false,1,10.90,3.63,false,1,
7290011996819,false,"מקלוני אטריות שעועית 250 גרם ""אסיה""",טחנת האבן קואופ בעמ,,,'יח,2.50,ל-100 גרם,false,1,6.90,2.76,false,1,
7290011996888,false,רוטב טריאקי טעמי אסיה (300 מל),קיי.אר.אס.ספייסי פוד,,,'יח,3,ל-100 גרם,false,1,9.90,3.30,false,1,
7290012001994,false,חרדל דיז'ון גרעינים 350 ג' ריין דיזון,דיפלומט מפיצים (1968) בעמ**,,,'יח,3.50,ל-100 גרם,false,12,12.90,3.69,false,1,
7290012019265,false,"מחית תפו""ע ללא תוספת סוכר 4*113גר",תומר ייבוא ושיווק מוצרי מזון [,,,'יח,4.52,ל-100 גרם,false,12,10.90,2.41,false,1,
7290012022203,false,פריכיות חיטה מלאה 60 גרם,דילייט 2005 בע`מ,,,'יח,0.60,ל-100 גרם,false,1,13.90,23.17,false,1,
7290012022227,false,פריכיות חיטה טבעי 60 גרם,דילייט 2005 בע`מ,,,'יח,0.60,ל-100 גרם,false,1,12.90,21.50,false,1,
7290012116537,false,"מקסימה אבקת כביסה בניחוח מאסק סנו 2.5 ק""ג",החברה הדרומית לשיווק בעמ,,,'יח,25,ל-100 גרם,false,6,24.90,1,false,1,
7290012116612,false,אורביטול מברשת שיניים סופט 4 יח`,החברה הדרומית לשיווק בעמ,,,'יח,0,ל-100 גרם,false,24,10.90,10.90,false,1,
7290012226021,false,נקניק סלמי מעושן פראג זוגלובק (400 גרם),נקניק נהריה כשר זוגל,,,'יח,4,ל-100 גרם,false,1,22.40,5.60,false,1,
7290012226939,false,קבנוס עם צ'ילי חריף זוגלובק 135 גרם,נקניק נהריה כשר זוגל,,,'יח,1.35,ל-100 גרם,false,1,10.90,8.07,false,1,
7290012226991,false,"נקניקיות עוף באריזת ג''מבו 1.5 ק""ג זוגלובק",נקניק נהריה כשר זוגל,,,'יח,15,ל-100 גרם,false,1,29.90,1.99,false,1,
7290012227912,false,קבנוס מעודן זוגלובק 135 גרם,נקניק זוגלובק נהריה,,,'יח,1.10,ל-100 גרם,false,1,10.90,9.91,false,1,
7290012245329,false,"גולד צ'יפס קלאסי 1.5 ק""ג קפוא זן",קפוא זן תעשיות מזון בעמ,,,'יח,15,ל-100 גרם,false,1,19.90,1.33,false,1,
7290012245336,false,"גולד צ'יפס סטייק 1.5 ק""ג גולד שארית",קפוא-זן תעשיות מזון בעמ - תפוג,,,'יח,15,ל-100 גרם,false,1,19.90,1.33,false,1,
7290012309939,false,חלווה מסולסלת בקופסא ששון הקולה 500 גרם,דין שיווק וקליה 2021 בעמ,,,'יח,5,'יח,false,1,16.90,3.38,false,1,
7290012404993,false,נקטר דיאט חמוציות ספרינג קולקשן 1.25 ליטר,יפאורה - שותפות מוגבלת לשיווק,,,'יח,12.50,"ל-100 מ""ל",false,1,12.90,1.01,false,1,
7290012413643,false,תה ירוק קמומיל ויסוצקי 25 יחידות,תה ויסוצקי (ישראל) בעמ,,,'יח,0.3750,ל-100 גרם,false,1,22.90,61.07,true,1,
7290012522581,false,טבעול שניצל תירס ללא גלוטן טבעול 664 גרם,קבוצת אוסם סחר-שות.מוגבלת,,,'יח,6.64,ל-100 גרם,false,1,28.90,4.35,true,1,
7290012576607,false,"יין קברנה סוביניון פרמייר מלבק אדום ברקן 750 מ""ל","ברקן שיווק והפצה בע""",,,'יח,7.50,"ל-100 מ""ל",false,1,26.90,3.55,true,1,
7290012642586,false,ערמונים קלופים תומר 100 ג',תומר ייבוא ושיווק מוצרי מזון [,,,'יח,8,'יח,false,1,5.90,0.74,true,1,
7290012645112,false,יוגורט עיזים 2.8% בדלי חלב הארץ 750 גרם,שטראוס גרופ בעמ/מצונן,,,'יח,7.50,ל-100 גרם,false,6,21.90,2.92,false,1,
7290012803451,false,טוסו שוקולד מריר 62% מוצקי קקאו ללא תוספת סוכר 100 גרם,"דנשר (1963) בע,מ",,,'יח,1,ל-100 גרם,false,1,10.90,10.90,false,1,
7290012803772,false,טוסו שוקולד חלב ללא תוספת סוכר 100 גרם,אלטינמארקה גידה סאן,,,'יח,1,ל-100 גרם,false,1,10.90,10.90,false,1,
7290012803789,false,טוסו שוקולד מריר עם אגוזים ללא תוספת סוכר 100 גרם,האי נאם סי או אל.טי.,,,'יח,1,ל-100 גרם,false,1,10.90,10.90,false,1,
7290012823541,false,ריצפז פרש מטליות לחות לרצפה בניחוח לבנדר 10 יחידות,החברה הדרומית לשיווק בעמ,,,'יח,1,,false,12,12.90,12.90,false,1,
7290012823602,false,נייר טואלט סופט סילק לבן 32 גלילים סנו,החברה הדרומית לשיווק בעמ,,,'יח,25.50,ל-100 גרם,false,1,34.90,1.37,false,1,
7290012850011,false,מחית תפוחי עץ שלב 3 בילובד (190 גרם),שקד תבל בע`מ,,,'יח,1.90,ל-100 גרם,false,1,4.90,2.58,true,1,
7290012850035,false,מחית בוליווד תפוח ואפרסק 190 גרם,שקד תבל בע`מ,,,'יח,1.90,ל-100 גרם,false,1,4.90,2.58,true,1,
7290012911262,false,"מירין משובח 500 מ""ל",טחנת האבן קואופ בעמ,,,'יח,1,,false,1,21.90,21.90,false,1,
7290012911293,false,דפי אורז 22 סמ טעמי אסיה (300 גרם)-ללא,טחנת האבן קואופ בעמ,,,'יח,5,ל-100 גרם,false,1,10.90,2.18,false,1,
7290012911415,false,ממרח קארי ירוק טעמי אסיה (400 גרם),קיי אר אס ספייסי פוד,,,'יח,1,,false,1,16.90,16.90,false,1,
7290012911439,false,"קארי ממרח צהוב 400 גרם ""אסיה""",טחנת האבן קואופ בעמ,,,'יח,1,,false,1,16.90,16.90,false,1,
7290012911477,false,קרם קוקוס טעמי אסיה (400 מל),אסיאטיק אגרו אינדסטר,,,'יח,4,"ל-100 מ""ל",false,1,7.90,1.98,false,1,
7290012911644,false,רוטב סריראצ'ה- רוטב צ'ילי חריף,טחנת האבן קואופ בעמ,,,'יח,4.35,"ל-100 מ""ל",false,1,19.90,4.57,false,1,
7290012911866,false,"דפי אורז מרוב עים 22 ס""מ 300 גרם",טחנת האבן קואופ בעמ,,,'יח,3,ל-100 גרם,false,1,10.90,3.63,false,1,
7290012936944,false,אגוז מוסקט טחון תבליני מימון (40 גרם),א.ל. ייצור ושיווק תבלינים בע`מ,,,'יח,4,ל-100 גרם,false,1,14.90,3.73,false,1,
7290012938405,false,"רדיד אלומיניום עבה במיוחד לבישול,אפייה והקפאה.",גורי ע.ע.ע. בע`מ,,,'יח,1,,false,24,15.90,15.90,false,1,
7290012938580,false,"סנסודיין משחת שיניים להלבנה עדינה 75 מ""ל",גלקסוסמית'\קליין קונסיומ,,,'יח,0.75,"ל-100 מ""ל",false,1,21.90,29.20,true,1,
7290012938597,false,משחת שיניים רפיד רליף סנסודיין (75 מל),"סמיתקליין ביצ'ם בע""מ",,,'יח,0.75,"ל-100 מ""ל",false,1,25.90,34.53,true,1,
7290012938740,false,"משחת שיניים פרש מינט מנטה 75מ""ל סנסודיין",גלקסו סמית קליין,,,'יח,0.75,"ל-100 מ""ל",false,1,21.90,29.20,true,1,
7290013117229,false,"בורקס פילו במילוי תפו""א מעדנות 600 גר",תנובה מרכז שיתופי לשיווק תוצרת,,,'יח,6,ל-100 גרם,false,10,19.90,3.32,false,1,
7290013117236,false,בורקס פילו פיצה מעדנות 600 גרם,תנובה מרכז שיתופי לשיווק תוצרת,,,'יח,6,ל-100 גרם,false,10,21.90,3.65,false,1,
7290013117243,false,בורקס פילו בולגרית מעדנות 600 גרם,תנובה מרכז שיתופי לשיווק תוצרת,,,'יח,6,ל-100 גרם,false,10,21.90,3.65,false,1,
7290013117410,false,בצק פריך מרודד למאפים מתוקים 900 ג' מעדנות,תנובה מרכז שיתופי לשיווק תוצרת,,,'יח,9,ל-100 גרם,false,10,24.50,2.72,false,1,
7290013117427,false,בצק פריך מרודד למאפים מלוחים מעדנות 2*450 גרם,תנובה מרכז שיתופי לשיווק תוצרת,,,'יח,9,ל-100 גרם,false,10,24.50,2.72,false,1,
7290013144157,false,תערובת להכנת סחלב 130גרם,א.ל. ייצור ושיווק תבלינים בע`מ,,,'יח,1.30,ל-100 גרם,false,1,9.90,7.62,true,1,
7290013144232,false,מיימונס פודינג בטעם וניל 80 גרם,א.ל. ייצור ושיווק תבלינים בע`מ,,,'יח,8,ל-100 גרם,false,1,4.90,0.61,true,1,
7290013144287,false,מיימונס ג'לי תות 85 גרם,א.ל. ייצור ושיווק תבלינים בע`מ,,,'יח,8.50,ל-100 גרם,false,1,6.90,0.81,false,1,
7290013144393,false,תמצית אפיה בטעם וניל מימונס (50 מל),א.ל. ייצור ושיווק תבלינים בע`מ,,,'יח,5,ל-100 גרם,false,1,4.90,0.98,false,1,
7290013144409,false,תמצית אפיה בטעם רום מימונס (50 מל),א.ל. ייצור ושיווק תבלינים בע`מ,,,'יח,5,ל-100 גרם,false,1,4.90,0.98,false,1,
7290013144805,false,אבקת אייס קפה דיאט 320 גרם מימונס,א.ל. ייצור ושיווק תבלינים בע`מ,,,'יח,3.20,ל-100 גרם,false,1,20.90,6.53,true,1,
7290013145024,false,מיימונס אגוז מלך טחון 100 גרם,א.ל. ייצור ושיווק תבלינים בע`מ,,,'יח,1,ל-100 גרם,false,1,12.90,12.90,false,1,
7290013145055,false,פרג שלם מיימונס 100 גרם,א.ל. ייצור ושיווק תבלינים בע`מ,,,'יח,1,ל-100 גרם,false,1,5.90,5.90,false,1,
7290013145109,false,שקד מולבן טחון מימונס (100 גרם),א.ל. ייצור ושיווק תבלינים בע`מ,,,'יח,1,ל-100 גרם,false,1,12.90,12.90,true,1,
7290013145178,false,קוקוס לבן טחון מימונס (100 גרם),א.ל. ייצור ושיווק תבלינים בע`מ,,,'יח,1,ל-100 גרם,false,1,3.90,3.90,false,1,
7290013145192,false,שומשום מימונס (100 גרם),א.ל. ייצור ושיווק תבלינים בע`מ,,,'יח,1,ל-100 גרם,false,1,4.90,4.90,false,1,
7290013145437,false,שוקולד מריר מעולה ציפס מימונס 250 ג',א.ל. ייצור ושיווק תבלינים בע`מ,,,'יח,2.50,ל-100 גרם,false,1,12.90,5.16,false,1,
7290013145451,false,קקאו 150 גר`שקית מימונס,א.ל. ייצור ושיווק תבלינים בע`מ,,,'יח,1.50,ל-100 גרם,false,1,7.90,5.27,false,1,
7290013145536,false,סוכריות לקישוט בטעם שוקולד מיימונס 85 גרם,א.ל. ייצור ושיווק תבלינים בע`מ,,,'יח,0.85,ל-100 גרם,false,1,5.90,6.94,false,1,
7290013145574,false,ערכת קישוט לעוגות מימונס (100 גרם),א.ל. ייצור ושיווק תבלינים בע`מ,,,'יח,1,ל-100 גרם,false,1,10.90,10.90,false,1,
7290013145628,false,סוכריות צבעוניות לקישוט מימונס 200 גרם,א.ל. ייצור ושיווק תבלינים בע`מ,,,'יח,2,ל-100 גרם,false,1,8.90,4.45,false,1,
7290013145710,false,מיימונס דובדבנים מסוכרים 100 גרם,א.ל. ייצור ושיווק תבלינים בע`מ,,,'יח,1,ל-100 גרם,false,1,8.90,8.90,false,1,
7290013145840,false,סוכר וניל מימונס 10יח בצלופן,א.ל. ייצור ושיווק תבלינים בע`מ,,,'יח,1,ל-100 גרם,false,1,1.90,1.90,false,1,
7290013145857,false,אבקת אפיה מימונס 10יח בצלופן,א.ל. ייצור ושיווק תבלינים בע`מ,,,'יח,1,ל-100 גרם,false,1,1.90,1.90,false,1,
7290013145918,false,אבקת סוכר מימונס (100 גרם),א.ל. ייצור ושיווק תבלינים בע`מ,,,'יח,1,ל-100 גרם,false,1,1.90,1.90,false,1,
7290013145956,false,שמרים יבשים בוואקום מיימונס 500 גרם,א.ל. ייצור ושיווק תבלינים בע`מ,,,'יח,5,ל-100 גרם,false,1,11.90,2.38,false,1,
7290013145963,false,שמרים יבשים בוואקום מיימונס 125 גרם,א.ל. ייצור ושיווק תבלינים בע`מ,,,'יח,1.25,ל-100 גרם,false,1,5.90,4.72,false,1,
7290013146724,false,אבקת אייס קפה 350 גרם מימונס,א.ל. ייצור ושיווק תבלינים בע`מ,,,'יח,3.50,ל-100 גרם,false,1,17.90,5.11,true,1,
7290013215017,false,פטריות זוגות חוות השמפניון,ביכורי השדה צפון 1994 ג.ד. בעמ,,,'יח,1,,false,1,16.90,16.90,false,1,
7290013267665,false,סולרו מיני קלאסי - פירות טרופיים (חלבי),"מיוצר ע""\י גלידת שטראוס",,,'יח,3.54,ל-100 גרם,false,1,28.90,8.16,false,1,
7290013268884,false,"נוזל רצפות מאסק 2 ליטר ""ריצפז פרש""",החברה הדרומית לשיווק בעמ,,,'יח,20,"ל-100 מ""ל",false,8,17.90,0.90,true,1,
7290013268891,false,אוקסיג'ן ג'ל ללא אקונומיקה עם חמצן פעיל סנו 3 ליטר,החברה הדרומית לשיווק בעמ,,,'יח,30,"ל-100 מ""ל",false,6,29.90,1,false,1,
7290013269287,false,סנו - מקסימה ג'ל כביסה מרוכז מאסק 3 ליטר,החברה הדרומית לשיווק בעמ,,,'יח,30,"ל-100 מ""ל",false,6,29.90,1,false,1,
7290013269645,false,ריצפז פרש מטליות לחות לריצפה בניחוח מאסק 10 יחידות,החברה הדרומית לשיווק בעמ,,,'יח,1,,false,12,12.90,12.90,false,1,
7290013358356,false,פירורי לחם מוזהבים מאסטר שף (320גרם),ש. שסטוביץ בע`מ,,,'יח,3.20,ל-100 גרם,false,1,6.90,2.16,false,1,
7290013358363,false,מאסטר שף פרורי לחם פנקו עבים בסגנון יפני 300 גר,קריניציה ויטמינה אס,,,'יח,3,ל-100 גרם,false,1,10.90,3.63,false,1,
7290013358417,false,מאסטר שף אסייאתי רוטב טריאקי 300 מל כשלפ,קריניציה ויטמינה אס,,,'יח,3,"ל-100 מ""ל",false,1,11.90,3.97,false,1,
7290013358462,false,"מיני קרוטונים למרק בתיבול שום, בצל ופטרוזיליה","עינת תעשיות מזון, אגשח ב",,,'יח,3.50,ל-100 גרם,false,1,20.30,5.80,false,1,
7290013358486,false,מאסטר שף פירורים מוזהבים ללא צורך בביצה 300 ג,"מיוצר ע""י מנה י.א בע",,,'יח,3,ל-100 גרם,false,1,8.90,2.97,false,1,
7290013358530,false,מאסטר שף אסייאתי רוטב צ'ילי מתוק 700 מל כשלפ,קריניציה ויטמינה אס,,,'יח,7,"ל-100 מ""ל",false,1,13.90,1.99,false,1,
7290013358547,false,מאסטר שף אסייאתי רוטב צ'ילי חריף 700 מל כשלפ,קי.אר.אס. ספייסי פוד,,,'יח,7,"ל-100 מ""ל",false,1,13.90,1.99,false,1,
7290013358806,false,מנה מאגדת פריכיות אורז עם מלח 264 גרם,ש. שסטוביץ בע`מ,,,'יח,2.64,ל-100 גרם,false,1,12.90,4.89,true,1,
7290013366634,false,כרמל יבולים חסה סלנו,ביכורי השדה הצפון בעמ` 1964,,,'יח,1,,false,1,10.90,10.90,false,1,
7290013389145,false,"ניוקי 500 ג' ""לה פסטה"" מיני 500 גר' 12X",תומר ייבוא ושיווק מוצרי מזון [,,,'יח,5,ל-100 גרם,false,1,6.90,1.38,false,1,
7290013472892,false,בולגריה קוביות במי מלח - מרכיבי חלב ושומן צמחי,ג.וילי-פוד אינטרנשיונל **גבינו,,,'יח,2,ל-100 גרם,false,1,12.90,6.45,true,1,
7290013472908,false,הבולגריה בקוביות ויליפוד 400 גרם,ג.וילי-פוד אינטרנשיונל **גבינו,,,'יח,4,ל-100 גרם,false,1,21.90,5.48,true,1,
7290013492005,false,תפוח אדמה אדום למיקרו 600 ג',ביכורי השדה צפון 1994 ג.ד. בעמ,,,'יח,7,ל-100 גרם,false,1,7.90,1.13,false,1,
7290013531490,false,שעועית לבנה אפויה יכין,זנלכול יכין,,,'יח,5.60,ל-100 גרם,false,1,9.90,1.77,false,1,
7290013531612,false,רוטב לפסטה נפוליטנה יכין 240 גרם,זנלכול יכין,,,'יח,2.60,ל-100 גרם,false,1,5.90,2.27,true,1,
7290013531759,false,שעועית לבנה מבושלת במים יכין (550 גרם),זנלכול יכין,,,'יח,5.80,ל-100 גרם,false,1,9.90,1.71,false,1,
7290013579508,false,"קוקוס קפוא 250 גרם - Shake It - בד""ץ עדה חרדית","הבו-קדו בע""\מn\",,,'יח,2.50,ל-100 גרם,false,1,11.90,4.76,true,1,
7290013579553,false,"אלוורה קפואה 250 גרם - I6 - בד""ץ עדה חרדית","הבו-קדו בע""\מn\",,,'יח,2.50,ל-100 גרם,false,1,11.90,4.76,true,1,
7290013585233,false,"ספרייט זירו פחית סליק 330 מ""ל",החברה המרכזית להפצת משקאות בעמ,,,'יח,3.30,"ל-100 מ""ל",false,24,4.20,1.18,true,1,
7290013585387,false,בקבוק זירו קוקה-קולה (1 ליטר),החברה המרכזית להפצת משקאות בעמ,,,'יח,10,"ל-100 מ""ל",false,12,6.80,0.65,false,1,
7290013906205,false,פסטרמה שום וצילי טירת צבי (400 גרם),תנובה מרכז שיתופי לשיווק תוצרת,,,'יח,4,ל-100 גרם,false,1,26.90,6.73,true,1,
7290013906687,false,פסט' צמד כפרית ברביקיו ודבש 300X2ג' טירת צבי,תנובה מרכז שיתופי לשיווק תוצרת,,,'יח,6,ל-100 גרם,false,1,26.90,4.48,false,1,
7290014002197,false,חליטת קמומיל ולימונית הגן הקסום ויסוצקי 25 יחידות,תה ויסוצקי (ישראל) בעמ,,,'יח,0.75,ל-100 גרם,false,1,19.90,26.53,true,1,
7290014002203,false,חליטת לימונית ולואיזה הגן הקסום ויסוצקי 25 יחידות,תה ויסוצקי (ישראל) בעמ,,,'יח,0.75,ל-100 גרם,false,1,19.90,26.53,true,1,
7290014002579,false,תה ירוק וניל ויסוצקי 25 יחידות,תה ויסוצקי (ישראל)בעמ,,,'יח,0.50,ל-100 גרם,false,1,22.90,45.80,true,1,
7290014002944,false,גן קסום חליטת פירות וצמחים חמדת שקד 25 שקיקים,תה ויסוצקי (ישראל) בעמ,,,'יח,0.50,ל-100 גרם,false,1,19.90,39.80,true,1,
7290014046474,false,"נקניקיות עוף יחיעם 1.5 ק""ג",מעדני יחיעם ( 1993 ) בע`מ,,,'יח,15,ל-100 גרם,false,1,29.90,1.99,true,1,
7290014059085,false,"משחת שיניים סנסודיין 75 מ""ל פרימיום לשיקום והגנה","סמית קליין ביצ'ם בע""",,,'יח,0.75,"ל-100 מ""ל",false,1,25.90,34.53,true,1,
7290014083806,false,עוגיות בטעם חמאה 350 גרם בפח,ג. וילי-פוד אינטרנשיונל בע`מ,,,'יח,3.50,ל-100 גרם,false,12,10.90,3.11,false,1,
7290014095861,false,שיבולת שועל דקה בשקית שקדיה 500 גרם,דין שיווק וקליה 2021 בעמ,,,'יח,5,ל-100 גרם,false,1,5.90,1.18,false,1,
7290014095946,false,משוקלדים פקאן בשוקולד מריר 140 גרם,דין שיווק וקליה 2021 בעמ,,,'יח,1.40,ל-100 גרם,false,1,9.90,7.07,false,1,
7290014095953,false,פקאן בציפוי שוקולד בקופסא שקדיה 140 גרם,דין שיווק וקליה 2021 בעמ,,,'יח,1.40,ל-100 גרם,false,1,9.90,7.07,false,1,
7290014095960,false,שיבולת שועל עבה בשקית שקדיה 500 גרם,דין שיווק וקליה 2021 בעמ,,,'יח,5,ל-100 גרם,false,1,5.90,1.18,false,1,
7290014217409,false,תערובת עשבי תיבול הרבס דה פרובנס טעם וריח 100 ג',"תבליני טעם וריח בע""מ",,,'יח,1,,false,1,9.90,9.90,false,1,
7290014258716,false,תרכובת מזון צמחי על בסיס חלבון סויה מגיל לידה,קבוצת אוסם סחר שותפות מוגבלת,,,'יח,7,ל-100 גרם,false,1,53.40,7.63,false,1,
7290014258730,false,תרכובת מזון צמחי לתינוקות מגיל 12 חודשים ואילך,קבוצת אוסם סחר שותפות מוגבלת,,,'יח,7,ל-100 גרם,false,1,64.10,9.16,false,1,
7290014455467,false,ירח מתוק מעדן חלב 2% ושיבולת שועל גד 150ג',מחלבות גד שיווק 1992 בעמ,,,'יח,1.60,"ל-100 מ""ל",false,1,5.90,3.69,true,1,
7290014459137,false,"תפוגן סטייק צ'יפס 1.5 ק""ג אסם",קבוצת אוסם סחר שותפות מוגבלת,,,'יח,15,ל-100 גרם,false,1,25.90,1.73,false,1,
7290014471429,false,"מוזלי עם פירות 1 ק""ג - 429 סגול שקדיה",דין שיווק וקליה 2021 בעמ,,,'יח,10,ל-100 גרם,false,1,21.90,2.19,false,1,
7290014471443,false,"גרנולה צימוקים אגוזים ושקדים1 ק""ג חדש - 443 כתום שקדיה (כתום)",דין שיווק וקליה 2021 בעמ,,,'יח,10,ל-100 גרם,false,1,21.90,2.19,false,1,
7290014525290,false,חטיפי סלים דליס קריספי תות מרבה 125 גרם,סלים דליס Slim Delis,,,'יח,1.25,ל-100 גרם,false,1,11.90,9.52,true,1,
7290014525306,false,חטיפי סלים דליס קריספי אוכמניות מרבה 125 גרם,סלים דליס Slim Delis,,,'יח,1.25,ל-100 גרם,false,1,11.90,9.52,true,1,
7290014534650,false,"פסטה ""לה פסטה"" 400 ג' צינור 400 ג'",תומר ייבוא ושיווק מוצרי מזון [,,,'יח,4,ל-100 גרם,false,1,3.90,0.98,true,1,
7290014534667,false,"פסטה ""לה פסטה"" 400 ג' קונכיה 400 ג'",תומר ייבוא ושיווק מוצרי מזון [,,,'יח,4,ל-100 גרם,false,1,3.90,0.98,true,1,
7290014534681,false,"פסטה ""לה פסטה"" 400 ג' בורג 400 ג'",תומר ייבוא ושיווק מוצרי מזון [,,,'יח,4,ל-100 גרם,false,1,3.90,0.98,true,1,
7290014534698,false,"פסטה ""לה פסטה"" 400 ג' תלתל 400 ג'",תומר ייבוא ושיווק מוצרי מזון [,,,'יח,4,ל-100 גרם,false,1,3.90,0.98,true,1,
7290014534704,false,"פסטה ""לה פסטה"" 400 ג' אטריות מרק 400 ג'",תומר ייבוא ושיווק מוצרי מזון [,,,'יח,4,ל-100 גרם,false,1,3.90,0.98,true,1,
7290014692299,false,גבינת ברי EURO CHEESE ויליפוד 125 גרם,ג.וילי-פוד אינטרנשיונל **גבינו,,,'יח,1.25,ל-100 גרם,false,1,14.90,11.92,false,1,
7290014692305,false,גבינת קממבר EURO CHEESE ויליפוד 125 גרם,ג.וילי-פוד אינטרנשיונל **גבינו,,,'יח,1.25,ל-100 גרם,false,1,19.90,15.92,false,1,
7290014692749,false,"שמן זית כתית מעולה ויליפוד 750 מ""ל",ג. וילי-פוד אינטרנשיונל בע`מ,,,'יח,7.50,"ל-100 מ""ל",false,1,32,4.27,false,1,
7290014692817,false,גבינת מוצרלה מגורדתEURO CHEESE ויליפוד 200 גרם,ג.וילי-פוד אינטרנשיונל **גבינו,,,'יח,2,ל-100 גרם,false,1,11.90,5.95,false,1,
7290014758100,false,מאגדת יוגורט ביו 3% שומן 8 יח' *150ג' תנובה,מיוצר עי קונדיטוריית,,,'יח,10,ל-100 גרם,false,1,16.50,1.65,false,1,
7290014758117,false,מאגדת יוגורט ביו 1.5% שומן 8 יח' *150 ג' תנובה,מיוצר עי קונדיטוריית,,,'יח,10,ל-100 גרם,false,1,16.90,1.69,false,1,
7290014758681,false,גבינת קוטג`1% בגביע תנובה (250 גרם),מיוצר עי קונדיטוריית,,,'יח,2.50,ל-100 גרם,false,1,5.60,2.24,false,1,
7290014759084,false,גבינת שמנת נפוליאון 16% מופחת שומן תנובה 225 גרם,תנובה מרכז שיתופי לש,,,'יח,2.25,ל-100 גרם,false,1,13.90,6.18,false,1,
7290014759978,false,קצ`קאבל פלח גלעד 200 גר`קולקשיין תנובה,"תנובה בע""מ ***",,,'יח,2,ל-100 גרם,false,1,27.90,13.95,false,1,
7290014759992,false,פלח רוקפור גליל 26% 140 גר`קולקשיין תנו,"תנובה, מחלבת תל יוסף",,,'יח,1.40,ל-100 גרם,false,1,20.90,14.93,false,1,
7290014761193,false,יוגורט עם פירות יער 1.5% שומן 125 ג' פרילי,תנובה מרכז שיתופי לש,,,'יח,5,"ל-100 מ""ל",false,1,3.70,0.74,false,1,
7290014762909,false,פתיתי מוצרלה השף הלבן 10% תוספת מתנה,"תנובה, מחלבת תל יוסף",,,'יח,2.20,ל-100 גרם,false,1,16.90,7.68,false,1,
7290014785069,false,מירין משובח טעמי אסיה (250 מל),טחנת האבן קואופ בעמ,,,'יח,1,,false,1,10.60,10.60,false,1,
7290014785076,false,"קרם קוקוס ללא תוספות חומר משמר 400 מ""ל",טחנת האבן קואופ בעמ,,,'יח,4.30,ל-100 גרם,false,1,7.90,1.84,false,1,
7290014785113,false,רוטב טריאקי טעמי אסיה (500 מל),טחנת האבן קואופ בעמ,,,'יח,1,,false,1,12.90,12.90,false,1,
7290014973329,false,פילה הרינג אדום צנצנת 200 גרם,ירין חזון שיווק ומזון,,,'יח,2,ל-100 גרם,false,1,16.90,8.45,false,1,
7290014973374,false,פילה מקרל בשמן צנצנת 200 גרם,ירין חזון שיווק ומזון,,,'יח,2,ל-100 גרם,false,1,24.90,12.45,false,1,
7290014973411,false,פילה דג סלמון טרי מעושן 100 גר`,ירין חזון שיווק ומזון,,,'יח,1,ל-100 גרם,false,1,19.90,19.90,false,1,
7290014973671,false,איקרה לבנה הרמס 250,ירין חזון שיווק ומזון,,,'יח,2,ל-100 גרם,false,1,18.90,9.45,false,1,
7290015039253,false,עלי גפן במי מלח ויליפוד 620 גרם,ג. וילי-פוד אינטרנשיונל בע`מ,,,'יח,6.20,ל-100 גרם,false,12,10.90,1.76,false,1,
7290015150088,false,מחית עגבניות קלה גרנד איטליה 700 גרם,תה ויסוצקי (ישראל) בעמ,,,'יח,7,ל-100 גרם,false,1,13.80,1.97,false,1,
7290015150118,false,שלישיית עגבניות חתוכות דק גרנד איטליה 400 גרם,תה ויסוצקי (ישראל) בעמ,,,'יח,4,ל-100 גרם,false,1,16.90,4.23,true,1,
7290015320481,false,שוקולד מריר 60% קקאו שגוטן 100 גרם,יעד ממתקים בעמ,,,'יח,1,ל-100 גרם,false,1,4.90,4.90,true,1,
7290015324090,false,כמון טחון 80 גר' טעם וריח,"תבליני טעם וריח בע""מ",,,'יח,1,,false,1,5.90,5.90,false,1,
7290015366663,false,"משחת שיניים מנטה עדין אקווה פרש 100 מ""ל",גלקסוסמיתקליין,,,'יח,1,"ל-100 מ""ל",false,1,7.90,7.90,true,1,
7290015366670,false,משחת שיניים בטעם מנטה אקוהפרש (100 מל),גלקסוסמיתקליין,,,'יח,1,"ל-100 מ""ל",false,1,6.90,6.90,true,1,
7290015652254,false,גרעיני חמניה קלויים ששון הקולה (400 גרם),דין שיווק וקליה 2021 בעמ,,,'יח,4,ל-100 גרם,false,1,10,2.50,false,1,
7290015652278,false,תערובת פיצוחים ששון הקולה 300 גרם,דין שיווק וקליה 2021 בעמ,,,'יח,2.50,ל-100 גרם,false,1,20,8,false,1,
7290015652285,false,אגוזים קלופים ששון הקולה 250 גרם,דין שיווק וקליה 2021 בעמ,,,'יח,2.50,ל-100 גרם,false,1,20,8,false,1,
7290015652292,false,קבוקים עם שומשום ששון הקולה 400 גרם,דין שיווק וקליה 2021 בעמ,,,'יח,4,ל-100 גרם,false,1,10,2.50,false,1,
7290015652308,false,מנצ'ס ששון הקולה 400 גרם,דין שיווק וקליה 2021 בעמ,,,'יח,3,ל-100 גרם,false,1,10,3.33,false,1,
7290015652322,false,בוטנים אמריקאיים מצופים 400 גר ששון הקלה,דין שיווק וקליה 2021 בעמ,,,'יח,4,ל-100 גרם,false,1,10,2.50,false,1,
7290015652407,false,פיסטוק קלוי ששון הקולה (250 גרם),דין שיווק וקליה 2021 בעמ,,,'יח,3,ל-100 גרם,false,1,20,6.67,false,1,
7290015804394,false,רסק עגבניות 22% 260 ג' טל וטרי,ויטה- פרי גליל (החדשה) בעמ,,,'יח,2.60,ל-100 גרם,false,1,3.90,1.50,true,1,
7290015858328,false,עללחם ממרח איולי פסטו 295 גרם,"מדשא תעשיות מזון בע""\מ",,,'יח,2.95,ל-100 גרם,false,1,14.90,5.05,false,1,
7290015858441,false,עללחם ממרח איולי פלפלים 295 גרם,"מדשא תעשיות מזון בע""\מ",,,'יח,2.95,ל-100 גרם,false,1,14.90,5.05,false,1,
7290015858694,false,עללחם ממרח איולי שום לימון 295 גרם,"מדשא תעשיות מזון בע""\מ",,,'יח,2.95,ל-100 גרם,false,1,14.90,5.05,false,1,
7290016144086,false,נפלאות קמח חלה מנופה 1 ק”ג,תה ויסוצקי (ישראל)בעמ,,,'יח,10,ל-100 גרם,false,1,8.90,0.89,false,1,
7290016270877,false,פלפלונים צבעוני,ביכורי השדה הצפון בעמ` 1964,,,'יח,1,,false,1,8.90,8.90,false,1,
7290016564242,false,מארז 4+2 ספוגלית הפלא מבריקל,אלבגינו שווק וסחר בעמ`,,,'יח,1,,false,1,9.90,9.90,false,1,
7290016867039,false,"מארז פיתות קלות כוסמין בתוספת מחמצת 6 יחידות ד""ר מרק",המאפה של דר מרק בריאות באפייה,,,'יח,3.24,ל-100 גרם,false,1,14.90,4.60,false,1,
7290016867046,false,"מארז פיתות קלות כוסמין במתיקות מעודנת 6 יחידות ד""ר מרק",המאפה של דר מרק בריאות באפייה,,,'יח,3.30,ל-100 גרם,false,1,14.90,4.52,false,1,
7290016867053,false,לחם קל כוסמין בתוספת מחמצת 450 גרם,המאפה של דר מרק בריאות באפייה,,,'יח,4.50,ל-100 גרם,false,1,18.90,4.20,false,1,
7290016867114,false,לחם קל מכוסמין מלא 500 גר`דר מרק,המאפה של דר מרק בריאות באפייה,,,'יח,5,ל-100 גרם,false,1,18.90,3.78,false,1,
7290016867152,false,"מארז פיתות קלות כוסמין 5 יחידות ד""ר מרק",המאפה של דר מרק בריאות באפייה,,,'יח,2.92,ל-100 גרם,false,1,14.90,5.10,false,1,
7290016867176,false,"מארז לחמניות קלות כוסמין שומשום במתיקות מעודמת 5 יחידות ד""ר מרק",המאפה של דר מרק בריאות באפייה,,,'יח,3,ל-100 גרם,false,1,14.90,4.97,false,1,
7290017252681,false,"סוכר לבן 1 ק""ג",בני פאוזי שמשום,,,'יח,1,"ק""ג",false,1,4.90,4.90,false,1,
7290017275338,false,טחינה גולמית 500 טורקיז אחווה*,אחדות ביתחרושת לטחינה חלבה,,,'יח,5,ל-100 גרם,false,1,13.90,2.78,true,1,
7290017275482,false,סירופ לשתיה בטעם ענבים 900 מל,אחדות ביתחרושת לטחינה חלבה,,,'יח,40,"ל-100 מ""ל",false,1,16.90,0.42,false,1,
7290017470252,false,כוסות קרטון שתיה חמה B-8 שווה,ח.כהן סוכנות מזון ומשקאות,,,'יח,1,,false,1,8.90,8.90,true,1,
7290017599236,false,סוכרזית סיטיוויה 200 טבליות,סנו מפעלי ברונוס.,,,'יח,1,,false,1,21.90,21.90,false,1,
7290017599304,false,סוכרזית מהטבע סטיוויה כפית לכפית 400 גרם,שטראוס גרופ בע`מ,,,'יח,1,,false,6,34.90,34.90,false,1,
7290017617282,false,נתחי טונה בהירה בשמן צמחי - מארז 4 יח',סטארקיסט דיפלומט היינץ,,,'יח,1.40,ל-100 גרם,false,1,21.90,15.64,true,1,
7290017712789,false,מזון חתולים פרמיו עם עוף במרקם פטה,שחורי אריה ואנסטסיה,,,'יח,0.85,ל-100 גרם,false,1,4.90,5.76,false,1,
7290017724027,false,עוגיות אלפחורס 300 גרם,הלל בן הלל שיווק ומסחר בעמ,,,'יח,3,ל-100 גרם,false,1,22.90,7.63,false,1,
7290017724034,false,עוגיות סנדוויץ ריבה 250 גר`,הלל בן הלל שיווק ומסחר בעמ,,,'יח,3,ל-100 גרם,false,1,22.90,7.63,false,1,
7290017724041,false,עוגיות תותי פרוטי 200גרם,הלל בן הלל שיווק ומסחר בעמ,,,'יח,3,ל-100 גרם,false,1,22.90,7.63,false,1,
7290017724065,false,"עוגיות מעדן תפו""ע ואגוז אקלר",הלל בן הלל שיווק ומסחר בעמ,,,'יח,3,ל-100 גרם,false,1,22.90,7.63,false,1,
7290017724089,false,עוגיות ואן גוך אקלר 200 גרם,הלל בן הלל שיווק ומסחר בעמ,,,'יח,3,ל-100 גרם,false,1,22.90,7.63,false,1,
7290017724119,false,עוגיות אוזנים אקלר 200 גרם,הלל בן הלל שיווק ומסחר בעמ,,,'יח,3,ל-100 גרם,false,1,22.90,7.63,false,1,
7290017724287,false,עוגיות אצבעות פקאן ללא סוכר אקלר,הלל בן הלל שיווק ומסחר בעמ,,,'יח,3,ל-100 גרם,false,1,22.90,7.63,false,1,
7290017841885,false,דלי מגבונים ניקוי כללי 400 יח שווה*,ח.כהן סוכנות מזון ומשקאות בע,,,'יח,1,'יח,false,1,19.90,19.90,true,1,
7290017842127,false,"ניירות סנדויץ` מאוירים ""שווה"" 100 יח",ח.כהן סוכנות מזון ומשקאות בע,,,'יח,1,'יח,false,1,9.90,9.90,true,1,
7290017842615,false,צלחת קטנה אריזת ענק 50 יח` מתכלה שווה,ח.כהן סוכנות מזון ומשקאות בע,,,'יח,1,,false,1,14.90,14.90,true,1,
7290017842622,false,צלחת גדולה אריזת ענק 50 יח`מתכלה שווה,ח.כהן סוכנות מזון ומשקאות בע,,,'יח,1,,false,1,19.90,19.90,false,1,
7290017918143,false,לבבות קיסר,ביכורי השדה הצפון בעמ` 1964,,,'יח,1,,false,1,8.90,8.90,false,1,
7290018091104,false,מאמאמיה פיצה שוק דקה 440 גרם,תנובה מרכז שיתופי לשיווק תוצרת,,,'יח,4.40,ל-100 גרם,false,1,25.90,5.89,false,1,
7290018091111,false,מאמאמיה פיצה זיתים עבה 510 גרם,תנובה מרכז שיתופי לשיווק תוצרת,,,'יח,5.10,ל-100 גרם,false,1,25.90,5.08,false,1,
7290018091302,false,מאמאמיה פיצה בלקנית דקה 440 גרם,תנובה מרכז שיתופי לשיווק תוצרת,,,'יח,4.40,ל-100 גרם,false,1,25.90,5.89,false,1,
7290018091500,false,מאמאמיה פיצה חריפה דקה 410 גרם,תנובה מרכז שיתופי לשיווק תוצרת,,,'יח,4.10,ל-100 גרם,false,1,25.90,6.32,false,1,
7290018091708,false,מאמאמיה פיצה נפוליטנה דקה 470 גרם,תנובה מרכז שיתופי לשיווק תוצרת,,,'יח,4.70,ל-100 גרם,false,1,25.90,5.51,false,1,
7290018091906,false,מאמאמיה פיצה נפוליטנה דקה 470 גרם,תנובה מרכז שיתופי לשיווק תוצרת,,,'יח,4.70,ל-100 גרם,false,1,25.90,5.51,false,1,
7290018194065,false,אורז בסמטי 1 קילו PRIMO,בני פאוזי שמשום (2009) בעמ,,,'יח,10,ל-100 גרם,false,1,8.90,0.89,true,1,
7290018294918,false,מונלייט מוסקטו רוזה מתוק מבעבע 750מל,אגודת הכורמים -כרמל מזרחי,,,'יח,7.50,"ל-100 מ""ל",false,1,34.90,4.61,false,1,
7290018440476,false,פליפז בייגלה מצופה בקרם עוגת גבינה ותותים מקוויטיס 140 גרם,תה ויסוצקי (ישראל) בעמ,,,'יח,1,ל-100 גרם,false,1,8.90,8.90,true,1,
7290018440483,false,פליפז בייגלה מצופה בקרמל מלוח ושוקולד מקוויטיס 140 גרם,תה ויסוצקי (ישראל) בעמ,,,'יח,1.40,ל-100 גרם,false,1,8.90,6.36,true,1,
7290018440513,false,סלט קליפורנייה קאלוו עם טונה 150 גר,תה ויסוצקי (ישראל) בעמ,,,'יח,1.50,ל-100 גרם,false,1,13.90,9.27,true,1,
7290018443323,false,כוסברה ברכת קטיף מצע מנותק ייבול נוכרי,ביכורי השדה צפון 1994 ג.ד. בעמ,,,'יח,1,,false,1,5.90,5.90,false,1,
7290018468425,false,נקניק טבעוני בטעם פיקנטי 100 גרם טירת צבי,תנובה מרכז שיתופי לשיווק תוצרת,,,'יח,1,ל-100 גרם,false,1,17.90,17.90,false,1,
7290018471050,false,"ספרינג נקטר אגס תפוח סברס פחית 330 מ""ל",יפאורה - שותפות מוגבלת לשיווק,,,'יח,3.30,"ל-100 מ""ל",false,1,5.90,1.70,true,1,
7290018471906,false,שוופס מוגז פירות לימונדה ורודה 1.5 ליטר פיקדון,יפאורה - שותפות מוגבלת לשיווק,,,'יח,15,"ל-100 מ""ל",false,1,8.90,0.57,true,1,
7290018471913,false,משקה מוגז פירות תפוחים שוופס 1.5 ליטר,יפאורה - שותפות מוגבלת לשיווק,,,'יח,15,"ל-100 מ""ל",false,1,8.90,0.57,true,1,
7290018471920,false,שוופס מוגז פירות ענבים 1.5 ליטר פיקדון,יפאורה - שותפות מוגבלת לשיווק,,,'יח,15,"ל-100 מ""ל",false,1,8.90,0.57,true,1,
7290018471944,false,שוופס מוגז פירות לימונייד 1.5 ליטר פיקדון,יפאורה - שותפות מוגבלת לשיווק,,,'יח,15,"ל-100 מ""ל",false,1,8.90,0.57,true,1,
7290018516041,false,פרמיו דליקט עוף לחתול,שחורי אריה ואנסטסיה,,,'יח,0.56,ל-100 גרם,false,1,9.90,17.68,false,1,
7290018652909,false,מאגדת מאגנום קפה שוקולד ופקאן 5 *43 ג' נסטלה,נגה גלידות שותפות מוגבלת,,,'יח,0.43,ל-100 גרם,false,1,29.90,69.53,false,1,
7290018652923,false,פרוייקט סער-תות עוגת גבינה נסטלה 5*43 גרם,נגה גלידות שותפות מוגבלת,,,'יח,0.43,ל-100 גרם,false,1,29.90,69.53,false,1,
7290018732601,false,אבוקדו מוכן לאכילה,ביכורי השדה צפון 1994 ג.ד. בעמ,,,'יח,1,,false,1,9.90,9.90,false,1,
7290018825020,false,תפוא לבן לאפייה דוד משה גורמה,תוצרת הנגב אגודה שיתופית חקלאי,,,"ק""ג",1,,true,1,4.90,4.90,false,1,
7290018825419,false,תפוח אדמה קטן אדום ברשת,תוצרת הנגב אגודה שיתופית חקלאי,,,"ק""ג",1,,true,1,4.90,4.90,false,1,
7290018893081,false,עוגות מגולגלות במילוי קרם חלבי וציפוי בטעם שוקולד,ש. שסטוביץ בע`מ,,,'יח,1,ל-100 גרם,false,20,8.90,8.90,true,1,
7290018893258,false,צ'וקטה עוגות אישיות במילוי קרם קרמל ובציפוי בטעם שוקולד 300 גרם,פרדי קונדיטוריה אס.פ,,,'יח,3,ל-100 גרם,false,1,12.90,4.30,false,1,
7290018893289,false,צ'וקטה עוגות מגולגלות בטעם קקאו במילוי קרם קקאו וציפוי בטעם שוקולד 6 יח' 222 גרם,ש. שסטוביץ בע`מ,,,'יח,1,ל-100 גרם,false,1,8.90,8.90,true,1,
7290018893418,false,שוקולד מריר 60% מארז 6 יח' *100 ג' צ'וקטה,ש. שסטוביץ בע`מ,,,'יח,1,,false,4,19.90,19.90,false,1,
7290018893449,false,עלי וופל דקים במילוי קרמל צ'וקטה 175 גרם,ש. שסטוביץ בע`מ,,,'יח,1.75,ל-100 גרם,false,12,9.90,5.66,false,1,
7290018893661,false,עוגות אישיות במילוי קרם קקאו ציפוי בטעם שוקולד מריר,"פרדי קונדיטוריה אס,פי.אי",,,'יח,2.40,ל-100 גרם,false,16,14.90,6.21,true,1,
7290018893807,false,צוקטה בטעם שוקולד מריר 60% 3 יח' 300 גרם,אייברקקאו אס אי. יו,,,'יח,1,'יח,false,1,14.90,14.90,false,1,
7290018893814,false,צ'וקטה חמישיית שוקולד מריר 48%,הדקלאים אגודת שיתופי,,,'יח,1,,false,4,19.90,19.90,true,1,
7290018894040,false,צ'וקטה שוקולד שוקולד חלב 5*100 גרם,ש. שסטוביץ בע`מ,,,'יח,1,'יח,false,1,19.90,19.90,true,1,
7290018894248,false,צ'וקטה - שוקולד חלב שלישייה 3 * 100 גרם,ש. שסטוביץ בע`מ,,,'יח,1,'יח,false,1,12.90,12.90,false,1,
7290018894606,false,בלקוני וופל קקאו 175 גרם חלבי OU,ש. שסטוביץ בע`מ,,,'יח,1.75,ל-100 גרם,false,1,8.90,5.09,true,1,
7290018894804,false,וופלים במילוי קרם אגוזי לוז - חלבי,ש. שסטוביץ בע`מ,,,'יח,1.75,ל-100 גרם,false,1,8.90,5.09,true,1,
7290018921807,false,"קמיל בלו משחת החתלה צמחי מרפא 120 ג' ד""ר פישר","פישר תעשיות פרמצבטיות בע""מ",,,'יח,1.20,ל-100 גרם,false,1,21.90,18.25,true,1,
7290018925065,false,מיץ תפוזים סחוט פרימור (2 ליטר),שטראוס גרופ בעמ/מצונן,,,'יח,20,"ל-100 מ""ל",false,4,26.80,1.33,false,1,
7290019056041,false,שוופס מוגז פירות לימונייד ללא סוכר 1.5 ליטר פיקדון,יפאורה - שותפות מוגבלת לשיווק,,,'יח,15,"ל-100 מ""ל",false,1,8.90,0.57,true,1,
7290019056058,false,שוופס מוגז עדין תפוח ליים 1.5 ליטר פיקדון,יפאורה - שותפות מוגבלת לשיווק,,,'יח,15,"ל-100 מ""ל",false,1,8.90,0.57,true,1,
7290019056065,false,שוופס מוגז עדין פירות יער 1.5 ליטר פיקדון,יפאורה - שותפות מוגבלת לשיווק,,,'יח,15,"ל-100 מ""ל",false,1,8.90,0.57,true,1,
7290019056072,false,שוופס מוגז עדין אננס 1.5 ליטר פיקדון,יפאורה - שותפות מוגבלת לשיווק,,,'יח,15,"ל-100 מ""ל",false,1,8.90,0.57,true,1,
7290019056089,false,שוופס מוגז עדין ענבי ריזלינג 1.5 ליטר פיקדון,יפאורה - שותפות מוגבלת לשיווק,,,'יח,15,"ל-100 מ""ל",false,1,8.90,0.57,true,1,
7290019056126,false,שוופס סודה לימון 1.5 ליטר בק' בודד פיקדון,יפאורה - שותפות מוגבלת לשיווק,,,'יח,15,"ל-100 מ""ל",false,12,3.60,0.22,false,1,
7290019056157,false,שוופס סודה פירות יער 1.5 ליטר בק' בודד פיקדון,יפאורה - שותפות מוגבלת לשיווק,,,'יח,15,"ל-100 מ""ל",false,1,8.50,0.55,false,1,
7290019056164,false,שוופס סודה 1.5 ליטר רביעייה פיקדון,יפאורה - שותפות מוגבלת לשיווק,,,'יח,60,"ל-100 מ""ל",false,1,12.90,0.20,false,1,
7290019056171,false,שוופס סודה לימון 1.5 ליטר רביעייה פיקדון,יפאורה - שותפות מוגבלת לשיווק,,,'יח,60,"ל-100 מ""ל",false,1,12.90,0.20,false,1,
7290019056188,false,שוופס סודה נענע ליים 1.5 ליטר רביעייה פיקדון,יפאורה - שותפות מוגבלת לשיווק,,,'יח,60,"ל-100 מ""ל",false,1,12.90,0.20,false,1,
7290019056263,false,שוופס מים בטעמים אפרסק 1.5 ליטר פיקדון,יפאורה - שותפות מוגבלת לשיווק,,,'יח,15,"ל-100 מ""ל",false,1,7.90,0.51,true,1,
7290019056317,false,שוופס ראשן 1.5 ליטר פיקדון,יפאורה - שותפות מוגבלת לשיווק,,,'יח,15,"ל-100 מ""ל",false,1,12.90,0.84,false,1,
7290019056324,false,שוופס טוניק 1.5 ליטר פיקדון,יפאורה - שותפות מוגבלת לשיווק,,,'יח,15,"ל-100 מ""ל",false,1,12.90,0.84,false,1,
7290019056331,false,שוופס טוניק ללא סוכר 1.5 ליטר פיקדון,יפאורה - שותפות מוגבלת לשיווק,,,'יח,15,"ל-100 מ""ל",false,1,12.90,0.84,false,1,
7290019056355,false,תפוזינה לימונדה מיקס לימונענע 1.5 ליטר,יפאורה - שותפות מוגבלת לשיווק,,,'יח,15,"ל-100 מ""ל",false,1,8.90,0.57,true,1,
7290019056362,false,תפוזינה משקה קל ענבים 1.5 ליטר,יפאורה - שותפות מוגבלת לשיווק,,,'יח,15,"ל-100 מ""ל",false,1,8.90,0.57,true,1,
7290019056379,false,משקה קל תפוזינה 1.5 ליטר תפוזים,יפאורה - שותפות מוגבלת לשיווק,,,'יח,15,"ל-100 מ""ל",false,1,8.90,0.57,true,1,
7290019056393,false,משקה קל תפוזינה 1.5 ליטר תות בננה,יפאורה - שותפות מוגבלת לשיווק,,,'יח,15,"ל-100 מ""ל",false,1,8.90,0.57,true,1,
7290019056409,false,תפוזינה משקה קל מנגו עסיסי1.5ליטר,יפאורה - שותפות מוגבלת לשיווק,,,'יח,15,"ל-100 מ""ל",false,1,8.90,0.57,true,1,
7290019056416,false,מיץ בטעם לימונדה ורודה 1.5 ל' תפוזינה,יפאורה - שותפות מוגבלת לשיווק,,,'יח,15,"ל-100 מ""ל",false,1,8.90,0.57,true,1,
7290019056430,false,משקה קל תפוזינה 1.5 ליטר תפוזים לייט,יפאורה - שותפות מוגבלת לשיווק,,,'יח,15,"ל-100 מ""ל",false,1,7.90,0.51,true,1,
7290019056447,false,משקה קל תפוזינה 1.5 ליטר אשכוליות לייט,יפאורה - שותפות מוגבלת לשיווק,,,'יח,15,"ל-100 מ""ל",false,1,7.90,0.51,true,1,
7290019056478,false,ספרינג טי קר אפרסק 1.5ליטר פיקדון,יפאורה - שותפות מוגבלת לשיווק,,,'יח,15,"ל-100 מ""ל",false,1,7.90,0.51,true,1,
7290019056515,false,פרוט ווטר אננס 1.5 ליטר פיקדון,יפאורה - שותפות מוגבלת לשיווק,,,'יח,15,"ל-100 מ""ל",false,1,8.90,0.57,true,1,
7290019056522,false,פרוט ווטר תות 1.5 ליטר פיקדון,יפאורה - שותפות מוגבלת לשיווק,,,'יח,15,"ל-100 מ""ל",false,1,8.90,0.57,true,1,
7290019056546,false,פרוט ווטר אבטיח 1.5 ליטר פיקדון,יפאורה - שותפות מוגבלת לשיווק,,,'יח,15,"ל-100 מ""ל",false,1,8.90,0.57,true,1,
7290019056553,false,שישיית מים מינרלים עין גדי 2 ליטר,יפאורה - שותפות מוגבלת לשיווק,,,'יח,120,"ל-100 מ""ל",false,1,13.80,0.10,false,1,
7290019056560,false,עין גדי מים מינרלים בקבוק 2 ליטר,יפאורה שותפות מוגבלת לשיווק,,,'יח,20,"ל-100 מ""ל",false,1,3.40,0.16,false,1,
7290019056591,false,משקה קל ענבים ספרינג 1.5 ליטר,יפאורה - שותפות מוגבלת לשיווק,,,'יח,15,"ל-100 מ""ל",false,1,8.90,0.57,true,1,
7290019056607,false,משקה קל תפוחים ספרינג 1.5 ליטר,יפאורה - שותפות מוגבלת לשיווק,,,'יח,15,"ל-100 מ""ל",false,1,8.90,0.57,true,1,
7290019056621,false,משקה קל פירות טרופיים ספרינג 1.5 ליטר,יפאורה - שותפות מוגבלת לשיווק,,,'יח,15,"ל-100 מ""ל",false,1,8.90,0.57,true,1,
7290019056638,false,משקה קל תות בננה ספרינג 1.5 ליטר,יפאורה - שותפות מוגבלת לשיווק,,,'יח,15,"ל-100 מ""ל",false,1,8.90,0.57,true,1,
7290019056645,false,משקה קל ספרינג 1.5 ליטר אגס תפוח סברס,יפאורה - שותפות מוגבלת לשיווק,,,'יח,15,"ל-100 מ""ל",false,1,8.90,0.57,true,1,
7290019056652,false,משקה קל ספרינג 1.5 ליטר אננס בננה,יפאורה - שותפות מוגבלת לשיווק,,,'יח,15,"ל-100 מ""ל",false,1,8.90,0.57,true,1,
7290019056676,false,משקה קל אשכולית אננס דיאט ספרינג 1.5 ליטר,יפאורה - שותפות מוגבלת לשיווק,,,'יח,15,"ל-100 מ""ל",false,1,7.90,0.51,true,1,
7290019056881,false,שוופס סודה 1.5 ליטר,יפאורה - שותפות מוגבלת לשיווק,,,'יח,15,"ל-100 מ""ל",false,1,4.50,0.28,false,1,
7290019056966,false,מי עדן בקבוק פיקדון 1.5 ליטר,תבורי-שותפות מוגבלת לשיווק,,,'יח,15,"ל-100 מ""ל",false,1,2.90,0.17,false,1,
7290019056973,false,מי עדן שישיה בק `1.5ליטר פיקדון,יפאורה - שותפות מוגבלת לשיווק,,,'יח,90,"ל-100 מ""ל",false,1,13.70,0.13,false,1,
7290019153306,false,סודה שוויפס בטעם תפוח 1.5ל,יפאורה - שותפות מוגבלת לשיווק,,,'יח,15,"ל-100 מ""ל",false,1,8.50,0.55,false,1,
7290019153313,false,"משקהתפוח חמוציות אוכמניות 350 מ""ל פרות & ווג",יפאורה - שותפות מוגבלת לשיווק,,,'יח,3.50,"ל-100 מ""ל",false,1,6.90,1.89,false,1,
7290019167020,false,עוגת גבינה עם פירות יער לייט עדן קינוחים 82 גרם,"תנובה בע""מ ***",,,'יח,8.20,ל-100 גרם,false,1,6.90,0.84,false,1,
7290019167044,false,קצפת עם קרם בייגלה מתוק מלוח עדן קינוחים 82 גרם,תנובה בעמ ***,,,'יח,8.20,ל-100 גרם,false,1,6.90,0.84,false,1,
7290019232162,false,"חליטת ""לילה טוב"" קמומיל מליסה 25 שקיקים ויסוצקי",תה ויסוצקי (ישראל) בעמ,,,'יח,1,'יח,false,1,27.90,27.90,true,1,
7290019232834,false,פליפז בייגלה מצופה קרם עוגיות ושוקולד מקוויטיס 140 גרם,תה ויסוצקי (ישראל) בעמ,,,'יח,1.44,ל-100 גרם,false,1,8.90,6.18,true,1,
7290019265597,false,כוסות יהלום בנדע שווה 75יח,ח.כהן סוכנות מזון ומשקאות בע,,,'יח,1,,false,1,9.90,9.90,true,1,
7290019297512,false,"רוטב רימונים שקדיה 340 מ""ל בדץ",דין שיווק וקליה 2021 בעמ,,,'יח,3.50,"ל-100 מ""ל",false,1,10.20,2.83,false,1,
7290019297581,false,.סוכריות גומי מצופות סוכר בטעם בננה 300,דין שיווק וקליה 2021 בעמ,,,'יח,3,ל-100 גרם,false,1,9.90,3.30,false,1,
7290100240144,false,"תרסיס ריחני למייבש ורוד בדין 500 מ""ל",יוניליוור ישראל שיווק בע`מ,,,'יח,5,"ל-100 מ""ל",false,1,18.10,3.62,false,1,
7290100240632,false,קרקר פתית 200-300ג' 6 דגנים 250 גרם,יוניליוור ישראל שיווק בע`מ,,,'יח,2.50,ל-100 גרם,false,1,16.90,6.76,false,1,
7290100243671,false,"מרכך כביסה מרוכז אקסטרה כחול בדין 960 מ""ל",יוניליוור ישראל שיווק בע`מ,,,'יח,96,"ל-100 מ""ל",false,1,15.90,0.17,false,1,
7290100245231,false,נמס בכוס מרק בטעם עוף עם אטריות ושקדי מרק-2 שקיות,יוניליוור ישראל שיווק בע`מ,,,'יח,0.50,ל-100 גרם,false,1,6.40,12.80,true,1,
7290100249598,false,רוטב לעוף בטעם שום ודבש קנור (320 גרם),יוניליוור ישראל שיווק בע`מ,,,'יח,3.20,ל-100 גרם,false,1,12.90,4.03,true,1,
7290100335710,false,שישליק הודו טרי,קורניש חן (1987) בעמ,,,"ק""ג",1,,true,1,29.90,29.90,false,1,
7290100411254,false,מחית בוליווד תפוח ובננה 190 גרם ללא תוספ,שקד תבל בע`מ,,,'יח,1.90,ל-100 גרם,false,1,4.90,2.58,true,1,
7290100653586,false,"דאודורנט ג'ל פרש פיוזן 24/7 ליידי ספיד סטיק 65 מ""ל",ליידי ספיד סטיק Lady Speed Stick,,,'יח,0.65,"ל-100 מ""ל",false,1,19.90,30.62,true,1,
7290100658338,false,"נוזל לניקוי כלים אוקסי פלוס פלמוליב 750 מ""ל",הנסיך- מפעל לייצור ט,,,'יח,7.50,"ל-100 מ""ל",false,1,11.90,1.59,true,1,
7290100680650,false,מנה חמה נודלס-אטריות ירקות טעם תאילנדי אסם 76 ג',קבוצת אוסם סחר שותפות מוגבלת,,,'יח,7.60,ל-100 גרם,false,1,6.90,0.91,true,1,
7290100680711,false,פירורית זהב אסם זהב 350ג',קבוצת אוסם סחר שותפות מוגבלת,,,'יח,3.50,ל-100 גרם,false,1,7.90,2.26,false,1,
7290100680728,false,פירורית רגילה שקית 350 גרם,קבוצת אוסם סחר שותפות מוגבלת,,,'יח,3.50,ל-100 גרם,false,1,6.90,1.97,false,1,
7290100685136,false,"אבקת מרק טעם עוף 1 ק""ג 1/8 אסם",קבוצת אוסם סחר שותפות מוגבלת,,,'יח,10,ל-100 גרם,false,1,16.90,1.69,true,1,
7290100685334,false,אבקת מרק עוף אמיתי בשרי רכיבים טבעיים אסם 400 גרם,קבוצת אוסם סחר שותפות מוגבלת,,,'יח,4,ל-100 גרם,false,1,23.90,5.98,true,1,
7290100686171,false,מארז מולטיפק ביסלי גריל 6 יח 35 גר ליח,קבוצת אוסם סחר שותפות מוגבלת,,,'יח,2.10,ל-100 גרם,false,1,12.90,6.14,true,1,
7290100689301,false,אבקת מרק בטעם עוף זך עדיף אסם 400 גרם,קבוצת אוסם סחר שותפות מוגבלת,,,'יח,4,ל-100 גרם,false,1,15.90,3.98,true,1,
7290100700020,false,גריסי פנינה סוגת (500 גרם),האי נאם סי או אל.טי.,,,'יח,5,ל-100 גרם,false,1,5.90,1.18,false,1,
7290100700075,false,פירורי לחם מוזהבים סוגת (200 גרם),"סוגת תעשיות בע""\מ",,,'יח,2,ל-100 גרם,false,1,3.90,1.95,true,1,
7290100700242,false,אורז מלא עגול סוגת (1 קג),"סוגת תעשיות בע""\מ",,,'יח,10,ל-100 גרם,false,1,9.90,0.99,false,1,
7290100700273,false,קינואה לבנה 500 ג סו,האי נאם סי או אל.טי.,,,'יח,5,ל-100 גרם,false,1,12.90,2.58,false,1,
7290100700365,false,"שעועית אדומה 1 ק""ג סוגת",סוגת תעשיות בעמ,,,'יח,10,ל-100 גרם,false,1,16.90,1.69,true,1,
7290100700372,false,"אורז בסגנון בסמטי מלא 1 ק""ג",האי נאם סי או אל.טי.,,,'יח,10,ל-100 גרם,false,1,14.90,1.49,false,1,
7290100700396,false,"סוגת אורז יסמין קלאסי 1 ק""ג",האי נאם סי או אל.טי.,,,'יח,10,ל-100 גרם,false,1,12.90,1.29,false,1,
7290100700402,false,"סוגת חומוס ענק 1 ק""ג",סוגת תעשיות בעמ,,,'יח,10,ל-100 גרם,false,1,19.90,1.99,true,1,
7290100700587,false,בורגול סוגת (500 גרם),האי נאם סי או אל.טי.,,,'יח,5,ל-100 גרם,false,1,4.90,0.98,false,1,
7290100701157,false,אורז להכנת סושי סוגת (1 קג),"סוגת תעשיות בע""\מ",,,'יח,10,ל-100 גרם,false,1,9.90,0.99,false,1,
7290100701409,false,קמח תירס סוגת (500 גרם),סוגת תעשיות בעמ,,,'יח,5,ל-100 גרם,false,1,7.90,1.58,false,1,
7290100701454,false,בורגול דק גרישה סוגת (500 גרם),"סוגת תעשיות בע""\מ",,,'יח,5,ל-100 גרם,false,1,4.90,0.98,false,1,
7290100702277,false,קוסקוס עבה סוגת 350 גרם,"אסיף תעשיות מזון בע""",,,'יח,3.50,ל-100 גרם,false,1,4.90,1.40,true,1,
7290100702284,false,קוסקוס מלא סוגת (350 גרם),"אסיף תעשיות מזון בע""",,,'יח,3.50,ל-100 גרם,false,1,4.90,1.40,true,1,
7290100702604,false,קמח פולנטה להכנה מהירה 500 ג',סוגת תעשיות בעמ,,,'יח,5,ל-100 גרם,false,1,9.90,1.98,false,1,
7290100702611,false,פתיתים אפויים אורז סוגת 500 גרם,"אסיף תעשיות מזון בע""\מ",,,'יח,5,ל-100 גרם,false,1,5.90,1.18,true,1,
7290100702628,false,פתיתים אפויים קוסקוס סוגת 500 גרם,"אסיף תעשיות מזון בע""\מ",,,'יח,5,ל-100 גרם,false,1,5.90,1.18,true,1,
7290100702635,false,פתיתים אפויים כוכבים סוגת 500 גרם,"אסיף תעשיות מזון בע""",,,'יח,5,ל-100 גרם,false,1,5.90,1.18,true,1,
7290100702642,false,פתיתים אפויים טבעות סוגת 500 גרם,"אסיף תעשיות מזון בע""",,,'יח,5,ל-100 גרם,false,1,5.90,1.18,true,1,
7290100702673,false,פתיתים אפויים 3 צבעים 400 גר גרם סוגת,"אסיף תעשיות מזון בע""",,,'יח,5,ל-100 גרם,false,1,5.90,1.18,true,1,
7290100702741,false,"סוכר חום בהיר בצנצנת סוגת 1 ק""ג",סוגת תעשיות בעמ,,,'יח,10,ל-100 גרם,false,1,9.90,0.99,false,1,
7290100702987,false,שיבולת שועל פתיתים סוגת 500 גרם,סוגת תעשיות בעמ,,,'יח,5,ל-100 גרם,false,1,5.90,1.18,true,1,
7290100703007,false,עדשים שחורות בלוגה סוגת (500 גרם),האי נאם סי או אל.טי.,,,'יח,5,ל-100 גרם,false,1,7.90,1.58,false,1,
7290100703915,false,פופקורן להכנה במיקרוגל בטעם חמאה - מארז 6 שקיות,סוגת תעשיות בעמ,,,'יח,5,ל-100 גרם,false,1,11.90,2.38,true,1,
7290100704066,false,עדשים צהובות סוגת 500 גרם,האי נאם סי או אל.טי.,,,'יח,5,ל-100 גרם,false,1,7.90,1.58,false,1,
7290100704141,false,סוגת אבקת סודה לשתיה 100 גר`,א.ל. ייצור ושיווק תב,,,'יח,10,ל-100 גרם,false,1,2.90,0.29,false,1,
7290100704660,false,"קינואה מיקס סוגת, 500 גרם","סוגת תעשיות בע""\מ",,,'יח,5,ל-100 גרם,false,1,12.90,2.58,false,1,
7290100704684,false,"קמח שמרים כוסמין סוגת רב תכליתי 1 ק""ג סוגת",סוגת תעשיות בעמ,,,'יח,10,ל-100 גרם,false,1,21.90,2.19,false,1,
7290100850909,false,חטיף תירס נאצ`ו מקסיקני דוריטוס (70 גרם),"שטראוס פריטו ליי בע""\מ",,,'יח,0.70,ל-100 גרם,false,1,3.90,5.57,true,1,
7290100850916,false,דוריטוס חמוץ חריף מעודן 70 גרם כשר לפסח,"שטראוס פריטו ליי בע""\מ )",,,'יח,0.70,ל-100 גרם,false,1,4.20,6,true,1,
7290100850923,false,חטיף תירס גריל דוריטוס (70 גרם),"שטראוס פריטו ליי בע""\מ )",,,'יח,0.70,ל-100 גרם,false,1,4.20,6,true,1,
7290100858592,false,אבקת קקאו עלית שקית 150 ג',הנסיך- מפעל לייצור ט,,,'יח,1.50,ל-100 גרם,false,1,9.90,6.60,false,1,
7290100922637,false,"הוואי שלישיית סבון נוזלי מי קוקוס 500 מ""ל",הנקל סוד בע`מ,,,'יח,1.50,לליטר,false,8,18.90,12.60,true,1,
7290100922651,false,הוואי - סבון מוצק מי קוקוס 100 גרם רביעייה,טרופיקל דגיל קוסמטיק,,,'יח,4,ל-100 גרם,false,12,12.90,3.23,false,1,
7290101110460,false,גלידה בליסימו וניל צרפתי 1.3 ל' פלדמן,פלקו בעמ חברה ישראלית,,,'יח,13.30,"ל-100 מ""ל",false,1,17.90,1.35,true,1,
7290101112228,false,מאגדת פופסיקל גלידל פרי אננס 8 יח`,פלקו בעמ חברה ישראלית,,,'יח,1,ל-100 גרם,false,1,19.90,19.90,false,1,
7290101112600,false,גלידה בלסימו מילקשייק וניל מוקה 1.3 ל' פלדמן,פלקו בעמ חברה ישראלית,,,'יח,13.30,"ל-100 מ""ל",false,1,17.90,1.35,true,1,
7290101112945,false,שלגון גרניטה תות פלדמן,פלקו בעמ חברה ישראלית,,,'יח,1,ל-100 גרם,false,1,3.90,3.90,true,1,
7290101113157,false,מאגדת גלידל וניל עוגיות פלדמן 6 יחידות,"פלקו בע""\מ, חברה ישראלית",,,'יח,1,ל-100 גרם,false,1,24.90,24.90,false,1,
7290101113447,false,עשירייה גלידל מיני קסטה בטעמי שוקו ווניל 270 ג' פלדמן,פלקו בעמ חברה ישראלית,,,'יח,1,ל-100 גרם,false,1,27.90,27.90,false,1,
7290101113591,false,מאגדת טילונים יולי 5 יחידות שוקולד לבן ועוגיות,פלקו בעמ חברה ישראלית,,,'יח,1,ל-100 גרם,false,1,21.90,21.90,false,1,
7290101113690,false,יולו שוקולד לבן עם סירופ קרמל בלונד-,פלקו בעמ חברה ישראלית,,,'יח,0.75,ל-100 גרם,false,1,8.90,11.87,true,1,
7290101113805,false,מאגדת (5) יופלה שייק פרי תות 70 אחוז פרי 350 גרם,פלקו בעמ חברה ישראלית,,,'יח,1,ל-100 גרם,false,1,21.90,21.90,true,1,
7290101113829,false,מאגדת (5) יופלה שייק פרי מנגו 70 אחוז פרי 350 גרם,פלקו בעמ חברה ישראלית,,,'יח,1,ל-100 גרם,false,1,21.90,21.90,true,1,
7290101113904,false,מארז מנבו וניל 12 יח' פלדמן,פלקו בעמ חברה ישראלית,,,'יח,0,ל-100 גרם,false,1,22.90,22.90,false,1,
7290101451280,false,סט מתנה ממותג,שמחה זה אנחנו בע`מ,,,'יח,1,,false,1,24.90,24.90,false,1,
7290101455905,false,"בקבוק נירוסטה - הלו קיטי ורוד 500מ""ל",שמחה זה אנחנו בע`מ,,,'יח,1,,false,1,22.90,22.90,false,1,
7290101455912,false,בקבוק נירוסטה מעוצב 500 מל`,שמחה זה אנחנו בע`מ,,,'יח,1,,false,1,22.90,22.90,false,1,
7290101500438,false,חצילון כ500 גר`,ביכורי השדה הצפון בעמ` 1964,,,'יח,1,,false,1,7.90,7.90,false,1,
7290101500506,false,פטרוזיליה ארוז רבנות,ביכורי השדה הצפון בעמ` 1964,,,'יח,1,'יח,false,1,3.90,3.90,false,1,
7290101500513,false,שמיר ארוז רבנות,ביכורי השדה צפון 1994 ג.ד. בעמ,,,'יח,1,,false,1,3.90,3.90,false,1,
7290101500520,false,כוסברה ארוז רבנות,ביכורי השדה צפון 1994 ג.ד. בעמ,,,'יח,1,,false,1,3.90,3.90,false,1,
7290101500537,false,נענע ארוז רבנות,ביכורי השדה צפון 1994 ג.ד. בעמ,,,'יח,1,,false,1,3.90,3.90,false,1,
7290101500551,false,סלרי אמריקאי ארוז רבנות,ביכורי השדה הצפון בעמ` 1964,,,'יח,1,,false,1,5.90,5.90,false,1,
7290101500568,false,שורש סלרי ארוז,ביכורי השדה הצפון בעמ` 1964,,,'יח,1,,false,1,5.90,5.90,false,1,
7290101500926,false,עלי תרד ארוז רבנות,ביכורי השדה הצפון בעמ` 1964,,,'יח,1,,false,1,10.90,10.90,false,1,
7290101501138,false,כרובית ארוזה יחידה,ביכורי השדה צפון 1994 ג.ד. בעמ,,,"ק""ג",1,,true,1,9.90,9.90,false,1,
7290101501176,false,פלפלונים רמי לוי,ביכורי השדה צפון 1994 ג.ד. בעמ,,,'יח,1,,false,1,8.90,8.90,false,1,
7290101501305,false,מלפפונים קטנים ארוזי,ביכורי השדה הצפון בעמ` 1964,,,'יח,1,,false,1,9.90,9.90,false,1,
7290101501374,false,עגבניות מגי,ביכורי השדה צפון 1994 ג.ד. בעמ,,,"ק""ג",1,,true,1,10.90,10.90,false,1,
7290101501589,false,שורש ג'ינג'ר טרי יחידה ב,ביכורי השדה צפון 1994 ג.ד. בעמ,,,'יח,2,ל-100 גרם,false,1,7.90,3.95,false,1,
7290101551027,false,קפסולות קפה אספרסו חזק במיוחד 14 עלית 10 יח',הנסיך- מפעל לייצור ט,,,'יח,0.50,ל-100 גרם,false,12,16.90,33.80,true,1,
7290101551263,false,סילאן טבעי ללא תוספת סוכר,שטראוס גרופ בע`מ,,,'יח,0.70,ל-100 גרם,false,6,21.90,31.29,false,1,
7290101551300,false,סילאן טבעי ללא תוספת סוכר בקבוק לחיץ,מכוורת יד מרדכי שטראוס ב,,,'יח,0.38,ל-100 גרם,false,12,14.90,39.21,false,1,
7290101551539,false,יוגורט PRO בטעם אפרסק 0% 20 גרם חלבון בגביע,שטראוס גרופ בעמ/מצונן,,,'יח,1.50,"ל-100 מ""ל",false,12,5.90,3.93,false,1,
7290101551584,false,תפוצ'יפס קידס מארז 10 יח' * 20 ג',"שטראוס פריטו ליי בע""מ )פ",,,'יח,2,ל-100 גרם,false,1,14.90,7.45,false,1,
7290101551904,false,סבבה בוטנים אמריקאים חמוץ חריף 50 גר`,שטראוס פריטו ליי בע`מ,,,'יח,0.50,ל-100 גרם,false,1,2.10,4.20,false,1,
7290101825173,false,כפפות לטקס ללא אבקה M,יחזקאל אהרון כמיפרוד,,,'יח,1,,false,1,19.90,19.90,false,1,
7290101825180,false,כפפות ויניל לבנות ללא אבקה L,יחזקאל אהרון כמיפרוד,,,'יח,1,,false,1,19.90,19.90,false,1,
7290101825197,false,כפפות ויניל לבנות ללא אבקה XL,יחזקאל אהרון כמיפרוד,,,'יח,1,,false,1,19.90,19.90,false,1,
7290101863410,false,"סיליט באנג ספריי ניקוי עוצמתי מכיל אקונומיקה 750 מ""ל",רקיט בנקיזר (ניר איסט) בעמ,,,'יח,7.50,"ל-100 מ""ל",false,1,10.90,1.45,true,1,
7290101864127,false,ספריי להסרת כתמים וניש קליה (750 מל),רקיט בנקיזר (ניר איסט) בעמ,,,'יח,7.50,"ל-100 מ""ל",false,1,16.90,2.25,true,1,
7290101866633,false,וניש קליה גל להסרת כתמים 3 ליטר אוקסיפרש,רקיט בנקיזר (ניר איסט) בעמ,,,'יח,30,"ל-100 מ""ל",false,1,29.90,1,true,1,
7290101869788,false,"אירוויק ספריי אוטומטי מילוי בניחוח אואזיס 250 מ""ל*",רקיט בנקיזר (ניר איסט) בעמ,,,'יח,2.50,"ל-100 מ""ל",false,1,14.90,5.96,true,1,
7290101980919,false,שלישיית ביצי שוקולד פיניאס ופרב ***לא פעיל***,שמחה זה אנחנו בע`מ,,,'יח,0,ל-100 גרם,false,1,14.90,14.90,false,1,
7290101982371,false,סוכריות ספריי באריזה דמוי נחש-טעמים,שמחה זה אנחנו בע`מ,,,'יח,1,,false,1,5,5,false,1,
7290101982470,false,ממתק רולר 30 מל' בטעמים,עולם הממתקים שיווק,,,'יח,1.40,ל-100 גרם,false,1,10.90,7.79,false,1,
7290101985778,false,צמד ספריי נחש 16 מל,שמחה זה אנחנו בע`מ,,,'יח,1,,false,1,6.90,6.90,false,1,
7290101991779,false,לקקן עם סוכריות קופצות,שמחה זה אנחנו בע`מ,,,'יח,1,,false,1,3.10,3.10,false,1,
7290102002610,false,4 מקלוני שוקולד 50 ג`ר`,שמחה זה אנחנו בע`מ,,,'יח,1,,false,1,4.90,4.90,false,1,
7290102002634,false,4 מקלוני שוקולד 50 ג`ר`,שמחה זה אנחנו בע`מ,,,'יח,1,,false,1,4.90,4.90,false,1,
7290102030330,false,תפוצ`יפס אקסטרא מקסיקני 200 גרם +20 תו,"שטראוס פריטו ליי בע""\מ )",,,'יח,2,ל-100 גרם,false,1,10.90,5.45,true,1,
7290102031276,false,מארז 8 יחידות אקטימל משקה יוגורט בטעם תות בננה,שטראוס גרופ בעמ/מצונן,,,'יח,8,"ל-100 מ""ל",false,6,21.90,2.74,false,1,
7290102303878,false,חמאת אלוויר נורמנדי 200 גרם,א.סיימן סחר בעמ,,,'יח,2,ל-100 גרם,false,1,18.90,9.45,false,1,
7290102390427,false,יוגורט ביו עם קציפת תות 3% שומן 150 ג' מולר,החברה המרכזית טלהפצת משקאות בע,,,'יח,1.50,"ל-100 מ""ל",false,1,5.50,3.67,false,1,
7290102390465,false,יוגורט ביו עם קציפת אפרסק ופסיפלורה 3% שומן 150 ג' מולר,החברה המרכזית טלהפצת משקאות בע,,,'יח,1.50,"ל-100 מ""ל",false,1,5.50,3.67,false,1,
7290102391844,false,יוגורט ביו עם קציפת פירות יער3% שומן 150 ג' מולר,החברה המרכזית טלהפצת משקאות בע,,,'יח,1.50,"ל-100 מ""ל",false,1,5.50,3.67,false,1,
7290102392049,false,גבינה לאפיה תבור ללא תוספת מלח 5% משק צוריאל 500 גרם,החברה המרכזית טלהפצת משקאות בע,,,'יח,5,ל-100 גרם,false,1,27.90,5.58,false,1,
7290102392094,false,חלב עיזים 3.7% בקרטון משק צוריאל 1 ליטר,החברה המרכזית טלהפצת משקאות בע,,,'יח,10,"ל-100 מ""ל",false,1,16.90,1.69,false,1,
7290102392254,false,"חלב בקרטון 1% 2 ליטר בד""צ - מוצר בפיקוח",החברה המרכזית טלהפצת משקאות בע,,,'יח,20,"ל-100 מ""ל",false,1,10.90,0.55,false,1,
7290102393039,false,"יוגורט ביו קרמי מיקס פצפוצי שוקולד 7.6% מולר 170 מ""ל",החברה המרכזית טלהפצת משקאות בע,,,'יח,1.50,"ל-100 מ""ל",false,1,6,4,false,1,
7290102393060,false,"יוגורט ביו קרמי מיקס גלילי ופל ואגוזים 5.9% מולר 170 מ""ל",*החברה המרכזית להפצת משקאותבעמ,,,'יח,1.50,"ל-100 מ""ל",false,1,6,4,false,1,
7290102393169,false,"יוגורט סימפלי פרוט בטעם תות 3% מולר 150 מ""ל",*החברה המרכזית להפצת משקאותבעמ,,,'יח,1.50,ל-100 גרם,false,1,5.50,3.67,true,1,
7290102393176,false,סימפלי פרוט יוגורט אפרסק 3% שומן 150 ג' מולר,*החברה המרכזית להפצת משקאותבעמ,,,'יח,1.50,ל-100 גרם,false,1,5.50,3.67,true,1,
7290102393190,false,"יוגורט סימפלי פרוט בטעם פירות יער 3% מולר 150 מ""ל",*החברה המרכזית להפצת משקאותבעמ,,,'יח,1.50,ל-100 גרם,false,1,5.50,3.67,true,1,
7290102393299,false,יוגורט עיזים לשתייה 3% משק צוריאל 500 גרם,*החברה המרכזית להפצת משקאותבעמ,,,'יח,5,ל-100 גרם,false,1,13.90,2.78,false,1,
7290102393947,false,סימפלי פרוט יוגורט בטעם קיווי 3% שומן 150 ג' מולר,*החברה המרכזית להפצת משקאותבעמ,,,'יח,1.50,ל-100 גרם,false,1,5.50,3.67,true,1,
7290102394463,false,נעם גבינה צהובה פרוסה ואקום 28% טרה 500 גרם,החברה המרכזית טלהפצת משקאות בע,,,'יח,5,ל-100 גרם,false,1,29.90,5.98,false,1,
7290102394821,false,גבינה צהובה 28% דק דק לפתיחה חוזרת 200,החברה המרכזית טלהפצת משקאות בע,,,'יח,2,ל-100 גרם,false,1,15.90,7.95,true,1,
7290102394845,false,נעם גבינה צהובה לייט פרוסה דק דק 9% טרה 200 גרם,החברה המרכזית טלהפצת משקאות בע,,,'יח,2,ל-100 גרם,false,1,17.90,8.95,true,1,
7290102395446,false,מעדן חלב בטעם וניל עם קצפת 123 ג' טרה,*החברה המרכזית להפצת משקאותבעמ,,,'יח,1.23,ל-100 גרם,false,1,3,2.44,true,1,
7290102395477,false,מעדן חלב בטעם שוקולד עם קצפת 123 ג' טרה,החברה המרכזית טלהפצת משקאות בע,,,'יח,1.43,"ל-100 מ""ל",false,1,3,2.10,true,1,
7290102396399,false,שמיניית מעדן שוקולד מוו 1.5% טרה 100 גרם,החברה המרכזית טלהפצת משקאות בע,,,'יח,1,ל-100 גרם,false,1,14.90,14.90,false,1,
7290102396436,false,מעדן בטעם שוקולד 1.5% שומן מוו (125 גרם),החברה המרכזית טלהפצת משקאות בע,,,'יח,1.25,ל-100 גרם,false,1,3,2.40,true,1,
7290102396443,false,מעדן בטעם וניל 1.5% שומן מוו (125 גרם),*החברה המרכזית להפצת משקאותבעמ,,,'יח,5,ל-100 גרם,false,1,3,0.60,true,1,
7290102396580,false,מעדן מוו שוקולד ומוס שוקולד טרה 118 גרם,החברה המרכזית טלהפצת משקאות בע,,,'יח,1.18,"ל-100 מ""ל",false,1,3,2.54,true,1,
7290102396665,false,צהובה פרוסות דקדק פתח סגור 15% 200 גר`,החברה המרכזית טלהפצת משקאות בע,,,'יח,2,ל-100 גרם,false,1,17.90,8.95,true,1,
7290102397204,false,"גבנ""צ דק דק נעם פתיחה חוזרת 22% 200 גרם",*החברה המרכזית להפצת משקאותבעמ,,,'יח,2.20,ל-100 גרם,false,1,17.90,8.14,true,1,
7290102397464,false,יוגורט ביו בתוספת גרעינים אגוזים וחמוציות 170 ג' מולר,החברה המרכזית טלהפצת משקאות בע,,,'יח,1.50,"ל-100 מ""ל",false,1,6,4,false,1,
7290102397600,false,מיקס יוגורט בתוספת שקדים ובוטנים מקורמלים 170 ג' מולר,החברה המרכזית טלהפצת משקאות בע,,,'יח,1.50,"ל-100 מ""ל",false,1,6,4,false,1,
7290102397617,false,יוגורט ביו קרמי עם כדורים מצופים שוקולד חום לבן,החברה המרכזית טלהפצת משקאות בע,,,'יח,1.50,"ל-100 מ""ל",false,1,6,4,false,1,
7290102397679,false,קוטג' וחצי טרה 5% מרכיבים טבעיים,החברה המרכזית טלהפצת משקאות בע,,,'יח,3.75,ל-100 גרם,false,1,7.90,2.11,false,1,
7290102397730,false,פרוסות גבינה אמנטל חצי קשה 30% שומן 200 ג' נעם,החברה המרכזית טלהפצת משקאות בע,,,'יח,2,ל-100 גרם,false,1,17.90,8.95,true,1,
7290102397747,false,פרוסות גבינת מוצרלה נעם מחלב בקר 22%,החברה המרכזית טלהפצת משקאות בע,,,'יח,2,ל-100 גרם,false,1,18.90,9.45,true,1,
7290102398331,false,חלב מועשר דל לקטוז 2% שומן טרה 1 ליטר,החברה המרכזית טלהפצת משקאות בע,,,'יח,10,ל-100 גרם,false,1,7.90,0.79,false,1,
7290102398560,false,משקה שוקו מועשר בבקבוק 1 ליטר טרה,החברה המרכזית טלהפצת משקאות בע,,,'יח,10,"ל-100 מ""ל",false,1,11.90,1.19,false,1,
7290102398577,false,משקה חלב בטעם שוקו 2% בבקבוק אישי,החברה המרכזית טלהפצת משקאות בע,,,'יח,2.50,"ל-100 מ""ל",false,1,5.90,2.36,false,1,
7290102399048,false,פרוסות גבינת קשקבל נעם 200 ג' טרה,*החברה המרכזית להפצת משקאותבעמ,,,'יח,2,ל-100 גרם,false,1,23.90,11.95,true,1,
7290102399772,false,מולר ספרדבל-ממרח חמאת מולר במליחות עדינה 250 גרם,החברה המרכזית טלהפצת משקאות בע,,,'יח,2.50,ל-100 גרם,false,1,18.90,7.56,false,1,
7290102399802,false,יוגורט עם תות מולר אקטיב מועשר בחלבון 200 גר',החברה המרכזית טלהפצת משקאות בע,,,'יח,2,ל-100 גרם,false,1,5.90,2.95,true,1,
7290102399819,false,יוגורט עם פירות יער מולר אקטיב מועשר בחלבון 200 גר',החברה המרכזית טלהפצת משקאות בע,,,'יח,2,ל-100 גרם,false,1,5.90,2.95,true,1,
7290103120658,false,דאודורנט ספיד סטיק גל שחור 85 גרם,הנסיך- מפעל לייצור ט,,,'יח,0.85,ל-100 גרם,false,1,19.90,23.41,true,1,
7290103124588,false,"סבון נוזלי ארומה בניחוח לבנדר פטצ'ולי פלמוליב 750 מ""ל",הנסיך- מפעל לייצור ט,,,'יח,7.50,"ל-100 מ""ל",false,1,19.90,2.65,true,1,
7290103400194,false,כרוב לבן 400 ג בדצ ירקות שטראוס טעם הטבע,שטראוס בריאות ירקות טריי,,,'יח,1,,false,1,10.90,10.90,false,1,
7290103400255,false,סלט קולסלאו 400 ג בדצ ירקות שטראוס טעם ה,שטראוס בריאות ירקות טריי,,,'יח,1,,false,1,9.90,9.90,false,1,
7290103401429,false,קפה קצב ברזילאי אוריגינס 200 גר,הנסיך- מפעל לייצור ט,,,'יח,2,ל-100 גרם,false,6,27.90,13.95,true,1,
7290103404758,false,סלט כרוב אדום במיונז אחלה 120 גרם,שטראוס גרופ בעמ/מצונן,,,'יח,1.20,ל-100 גרם,false,24,5.30,4.42,false,1,
7290103408206,false,עלי חסה ערבית שטופים 250 גר טעם הטבע,שטראוס בריאות ירקות טריי,,,'יח,1,,false,1,10.90,10.90,false,1,
7290104061417,false,סלט חומוס עם טחינה אחלה 400 גרם,שטראוס גרופ בעמ/מצונן,,,'יח,4,ל-100 גרם,false,6,10.90,2.73,false,1,
7290104061431,false,סלט חומוס עם צנובר אחלה 400 גרם,שטראוס גרופ בעמ/מצונן,,,'יח,4,ל-100 גרם,false,6,10.90,2.73,true,1,
7290104061448,false,סלט חומוס עם חריף אחלה 400 גרם,שטראוס גרופ בעמ/מצונן,,,'יח,4,ל-100 גרם,false,6,10.90,2.73,true,1,
7290104062599,false,מארז 8 יחידות מעדן גמדים בטעמי תות ובננה,שטראוס גרופ בעמ/מצונן,,,'יח,5,ל-100 גרם,false,6,19.20,3.84,false,1,
7290104065187,false,אבקה להכנת משקה קפה בטעם מוקה,שטראוס גרופ בע`מ,,,'יח,2,ל-100 גרם,false,6,21.90,10.95,false,1,
7290104065934,false,עלי רוקט שטראוס 150 גר`-טעם הטבע,שטראוס בריאות ירקות טריי,,,'יח,1,,false,1,10.90,10.90,false,1,
7290104067679,false,סלט טחינה אחלה 400גר,שטראוס גרופ בעמ/מצונן,,,'יח,4,ל-100 גרם,false,6,10.90,2.73,true,1,
7290104067693,false,חומוס אחלה עם תוספת חריף 150 גר,שטראוס גרופ בעמ/מצונן,,,'יח,1.50,ל-100 גרם,false,12,5.90,3.93,false,1,
7290104500572,false,אפרופו חטיף תירס איטליאנו אסם 50 גרם,קבוצת אוסם סחר-שות.מוגבלת,,,'יח,0.50,ל-100 גרם,false,1,3.90,7.80,true,1,
7290104501661,false,אינסטנט פודינג בטעם וניל צרפתי אסם 80 גרם,קבוצת אוסם סחר-שות.מוגבלת,,,'יח,0.80,ל-100 גרם,false,1,5.90,7.38,true,1,
7290104504228,false,מיני דובונים אסם 100 גרם מארז 5 יחידות,קבוצת אוסם סחר-שות.מוגבלת,,,'יח,1,ל-100 גרם,false,1,12.90,12.90,true,1,
7290104508202,false,גביעי גלידה אמריקאים אסם 120 גרם 24 יחידות,קבוצת אוסם סחר-שות.מוגבלת,,,'יח,1.20,ל-100 גרם,false,1,12.80,10.67,false,1,
7290104570636,false,ממרח תמרים 450 גר`צמח שוקחה,מ.ד אטיאס סוכנויות מזון בע`מ,,,'יח,4.50,ל-100 גרם,false,1,6.40,1.42,false,1,
7290104721533,false,רצועות פלפלים קלויים אחלה (400 גרם),שטראוס גרופ בעמ/מצונן,,,'יח,4,ל-100 גרם,false,6,16.90,4.23,true,1,
7290104721953,false,לקט מסולסלים 350 גרם שטראוס טעם הטבע,שטראוס בריאות ירקות טריי,,,'יח,3.50,ל-100 גרם,false,1,11.90,3.40,false,1,
7290104722530,false,תפוצ'יפס בטעם שמנת בצל עלית 200 גרם,"שטראוס פריטו ליי בע""\מ )",,,'יח,2,ל-100 גרם,false,1,10.90,5.45,true,1,
7290104726712,false,מארז 8 יחידות מעדן מילקי בטעם שוקולד עם קצפת,שטראוס גרופ בעמ/מצונן,,,'יח,4,ל-100 גרם,false,3,19.90,4.98,false,1,
7290104729003,false,שמן זית כתית יד מרדכי 750 גרם [מוצר מדבקה],מכוורת יד מרדכי שטרא,,,'יח,7.50,"ל-100 מ""ל",false,1,34.90,4.65,true,1,
7290104960246,false,נקה 7 ארומה תחליב רחצה ורד יסמין 750 מ,טרופיקל דגיל תעשיות קוסמ,,,'יח,7,"ל-100 מ""ל",false,12,10.90,1.56,true,1,
7290104960253,false,נקה 7 ארומה תחליב רחצה לבנדר ענוג 750,טרופיקל דגיל תעשיות קוסמ,,,'יח,7.50,ל-100 גרם,false,12,10.90,1.45,false,1,
7290104960352,false,"נקה 7 תחליב רחצה ארומה שקד וניל 750מ""ל",החברה הדרומית לשיווק בעמ,,,'יח,7.50,ל-100 גרם,false,12,10.90,1.45,false,1,
7290104961205,false,"נקה 7 תחליב רחצה מגע קטיפה מ""לפפון קיווי 750 מ""ל",טרופיקל דגיל תעשיות קוסמ,,,'יח,7.50,לליטר,false,12,10.90,1.45,true,1,
7290104961243,false,"נקה 7 תחליב רחצה מגע קטיפה קוקוס ליים 750 מ""ל",טרופיקל דגיל תעשיות קוסמ,,,'יח,7.50,לליטר,false,1,10.90,1.45,true,1,
7290104961878,false,"שמפו לשיער קרטין אינטנס פורמולה 400 מ""ל נטורל",החברה הדרומית לשיווק בעמ,,,'יח,7.50,"ל-100 מ""ל",false,12,29.90,3.99,false,1,
7290104963001,false,סופטקר מגבונים לחים רביעייה בניחוח עדין,החברה הדרומית לשיווק בעמ,,,'יח,1,'יח,false,6,17.90,17.90,false,1,
7290104963018,false,סופטקר מגבונים לחים רביעייה ללא בישום,החברה הדרומית לשיווק בעמ,,,'יח,1,'יח,false,6,17.90,17.90,false,1,
7290105360250,false,קפסולות 09 עשיר וארומטי למכונת נספרסו עלית 10יח',הנסיך- מפעל לייצור ט,,,'יח,0.50,ל-100 גרם,false,12,16.90,33.80,true,1,
7290105360328,false,קפסולות אספרסו חזק למכונות נספרסו 10 יח',הנסיך- מפעל לייצור ט,,,'יח,0.50,ל-100 גרם,false,12,16.90,33.80,true,1,
7290105360335,false,קפסולות אספרסו למכונות נספרסו 50 גר,הנסיך- מפעל לייצור ט,,,'יח,0.50,ל-100 גרם,false,12,16.90,33.80,true,1,
7290105362339,false,"שמנת לבישול 15% 250 מ""ל יטבתה מהדרין",שטראוס גרופ בעמ/מצונן,,,'יח,2.50,ל-100 גרם,false,18,8.90,3.56,true,1,
7290105363602,false,מקלות כיף כף קלאסי עלית (40 גרם),שולן צ'\יקולטה גידה סאן.,,,'יח,0.40,ל-100 גרם,false,8,4.90,12.25,true,1,
7290105364289,false,מקלות כיף כף פצפוצים עלית 40 גרם,שולן צ'\יקולטה גידה סאן.,,,'יח,0.40,ל-100 גרם,false,8,4.90,12.25,true,1,
7290105364302,false,"עלית חטיף שוקולד כיף כף מקלות אגוזים, 40 גרם",שולן צ'\יקולטה גידה סאן.,,,'יח,0.42,ל-100 גרם,false,8,4.90,11.67,true,1,
7290105364678,false,"אקטיביה משקה יוגורט בטעם אפרסק שטראוס 250 מ""ל",שטראוס גרופ בעמ/מצונן,,,'יח,2.50,"ל-100 מ""ל",false,12,5.20,2.08,false,1,
7290105366023,false,סלט חצילים בטעם כבד אחלה 400 גרם,שטראוס גרופ בעמ/מצונן,,,'יח,4,ל-100 גרם,false,6,16.90,4.23,true,1,
7290105366993,false,סימפוניה גבינת שמנת פלפל שיפקה 5% שטראוס 200 גרם,שטראוס גרופ בעמ/מצונן,,,'יח,2,ל-100 גרם,false,12,11.90,5.95,true,1,
7290105368225,false,חומוס עם פלפל שיפקה אחלה (400 גרם),שטראוס גרופ בעמ/מצונן,,,'יח,4,ל-100 גרם,false,6,10.90,2.73,false,1,
7290105368331,false,מעדן מילקי בטעם תות עם קצפת,שטראוס גרופ בעמ/מצונן,,,'יח,1.33,"ל-100 מ""ל",false,24,2.80,2.11,false,1,
7290105368904,false,"שמנת מתוקה להקצפה 32% שומן 250 מ""ל יוטבתה",שטראוס גרופ בעמ/מצונן,,,'יח,2.50,ל-100 גרם,false,1,8.20,3.28,false,1,
7290105369130,false,סימפוניה גבינת שמנת בצל ירוק 5% שטראוס 200 גרם,שטראוס גרופ בעמ/מצונן,,,'יח,2,ל-100 גרם,false,12,11.90,5.95,true,1,
7290105430458,false,"פלמוליב - תחליב רחצה נטורלס שקדים 750 מ""ל",הנסיך- מפעל לייצור ט,,,'יח,7.50,"ל-100 מ""ל",false,1,19.90,2.65,true,1,
7290105439499,false,מאסטר שף מאסטר שף מיונז 480 גר כשלפ,רמיה סי.וי. הולנד,,,'יח,4.81,ל-100 גרם,false,1,10.90,2.27,false,1,
7290105439581,false,מנה מאסטר שף חרדל דיזיון צרפתי 370 גר,רמיה סי.וי.הולנד,,,'יח,3.70,ל-100 גרם,false,1,11.90,3.22,false,1,
7290105439598,false,מאסטר שף חרדל דיז'ון גרגירים 370 גר כשלפ,סאס קווינור צרפת,,,'יח,3.70,ל-100 גרם,false,1,11.70,3.16,false,1,
7290105474179,false,מארז מען לה קט פטה מולטיפק 100 גר 4 יח,דיפלומט מפיצים (1968) בעמ**,,,'יח,4,ל-100 גרם,false,1,12.90,3.23,false,1,
7290105500151,false,וודקה פינלנדיה רגיל 700,"אלטיה קורפ, הלסינקי,",,,'יח,7,"ל-100 מ""ל",false,1,59.90,8.51,true,1,
7290105691224,false,אסם חטיפי פריכונים טורטייה שום בצל 60 גרם,קבוצת אוסם סחר-שות.מוגבלת,,,'יח,0.60,ל-100 גרם,false,1,6.90,11.50,false,1,
7290105691248,false,אסם חטיפי פריכונים טורטייה תירס 60 גרם,קבוצת אוסם סחר שותפות מוגבלת,,,'יח,0.60,ל-100 גרם,false,1,6.90,11.50,false,1,
7290105691934,false,קמח שמרים אסם 1 קילו,קבוצת אוסם סחר שותפות מוגבלת,,,'יח,10,ל-100 גרם,false,1,10.90,1.09,true,1,
7290105693341,false,מארז עשיריית במבה אסם 25*10 גרם,קבוצת אוסם סחר שותפות מוגבלת,,,'יח,2.50,ל-100 גרם,false,1,14.90,5.96,true,1,
7290105693952,false,פירורית זהב אסם זהב שומשום 200 ג',קבוצת אוסם סחר שותפות מוגבלת,,,'יח,2,ל-100 גרם,false,1,5.90,2.95,false,1,
7290105694614,false,פסטה אוסם ספגטי מהיר הכנה 500 גרם,קבוצת אוסם סחר שותפות מוגבלת,,,'יח,5,ל-100 גרם,false,1,5.90,1.18,true,1,
7290105962331,false,סחוג תימני אדום חריף מאוד זהבי הכרם 220 גרם,שטראוס גרופ בעמ/מצונן,,,'יח,2.20,ל-100 גרם,false,12,11.90,5.41,false,1,
7290105962980,false,כרוב אדום במיונז 400 ג' אחלה,מיוצר עי קונדיטוריית,,,'יח,4,ל-100 גרם,false,6,10.90,2.73,true,1,
7290105962997,false,חצילים אחלה במיונז 400 גר',שטראוס גרופ ***בעמ,,,'יח,4,ל-100 גרם,false,6,10.90,2.73,true,1,
7290105963000,false,סלט מטבוחה 400 ג' אחלה,מיוצר עי קונדיטוריית,,,'יח,4,ל-100 גרם,false,6,10.90,2.73,true,1,
7290105964564,false,חומוס אחלה 400 גרם. שטראוס,שטראוס גרופ בעמ/מצונן,,,'יח,4,ל-100 גרם,false,6,9.90,2.48,false,1,
7290105965738,false,יוגורט לשתיה בטעם תות בננה267 ג' דנונה,שטראוס גרופ בעמ/מצונן,,,'יח,2.67,"ל-100 מ""ל",false,12,4.90,1.84,false,1,
7290105966469,false,חומץ בלסמי ממודנה יד מרדכי (250 מל),אצטייה ג'וזפה קרמוני,,,'יח,2.50,"ל-100 מ""ל",false,12,14.90,5.96,false,1,
7290105968654,false,רביולי עם בטטה פרווה שטראוס (400 גרם),שטראוס גרופ בעמ/מצונן,,,'יח,4,ל-100 גרם,false,9,19.90,4.98,false,1,
7290105968777,false,פריכיות 5 דגנים עם תחתית שוקולד מריר 70 גרם,"טחנת האבן תעשיות בע""",,,'יח,0.80,ל-100 גרם,false,16,7.90,9.88,false,1,
7290106520066,false,"רבע לשבע שוקולד חלב במילוי אגוזים עלית 160 גרם בד""צ","הגביע מוצרי וופלים בע""\מ",,,'יח,1.60,ל-100 גרם,false,1,11.90,7.44,true,1,
7290106520288,false,יוגורט פרו חלבון עם תות 2.4% שומן 150 ג' דנונה,שטראוס גרופ בעמ/מצונן,,,'יח,1.50,"ל-100 מ""ל",false,12,4.90,3.27,false,1,
7290106520912,false,שמנת לבישול 9% שומן 258גר מהדרין יטבתה,שטראוס גרופ בעמ/מצונן,,,'יח,2.58,ל-100 גרם,false,18,8.90,3.45,true,1,
7290106521049,false,אחלה טעמי השוק קוביות סלק 400 גר,שטראוס גרופ בעמ/מצונן,,,'יח,4,ל-100 גרם,false,6,16.90,4.23,true,1,
7290106521926,false,קפה טורקי בצלופן עלית 150 גרם,שטראוס קפה בי.ויn\.,,,'יח,1.50,ל-100 גרם,false,1,11.90,7.93,true,1,
7290106525405,false,קפסולות קפה עלית נטול קפאין אספרסו) (10,שטראוס קפה בי.וי.,,,'יח,3.90,ל-100 גרם,false,1,16.90,4.33,true,1,
7290106528628,false,חטיף תירס בטעם טבעי דוריטוס (185 גרם),"שטראוס פריטו ליי בע""\מ )",,,'יח,1.85,ל-100 גרם,false,1,8.50,4.59,false,1,
7290106528949,false,סלט ערוגות שטראוס 450 גר`-טעם הטבע,שטראוס בריאות ירקות טריי,,,'יח,3,ל-100 גרם,false,1,12.90,4.30,false,1,
7290106572065,false,חטיפי טורטיה בטעם חמוץ מתוק אסם (60 גרם),קבוצת אוסם סחר שותפות מוגבלת,,,'יח,0.60,ל-100 גרם,false,1,6.90,11.50,false,1,
7290106573598,false,חומוס לבנוני צבר (400 גרם),קבוצת אוסם סחר שותפות מוגבלת,,,'יח,4,ל-100 גרם,false,1,12.90,3.23,false,1,
7290106573628,false,חומוס עם טחינה צבר (400 גרם),קבוצת אוסם סחר שותפות מוגבלת,,,'יח,4,ל-100 גרם,false,1,12.90,3.23,false,1,
7290106574953,false,בייגלה שטוחים כעכים שטוחים עם שומשום,קבוצת אוסם סחר שותפות מוגבלת,,,'יח,3,ל-100 גרם,false,1,10.90,3.63,true,1,
7290106574977,false,בייגלה שטוחים טבעות עם מלח אסם (300 גרם),קבוצת אוסם סחר שותפות מוגבלת,,,'יח,3,ל-100 גרם,false,1,10.90,3.63,true,1,
7290106576223,false,"אפרופו שוקולד 40 גרם ""אסם""",קבוצת אוסם סחר שותפות מוגבלת,,,'יח,0.40,ל-100 גרם,false,1,3.90,9.75,true,1,
7290106576513,false,סלט רק חומוס צבר 400 גרם,קבוצת אוסם סחר שותפות מוגבלת,,,'יח,4,ל-100 גרם,false,1,9.90,2.48,false,1,
7290106576537,false,חומוס מסעדות צבר 700 גרם,קבוצת אוסם סחר שותפות מוגבלת,,,'יח,7,ל-100 גרם,false,1,10.90,1.56,false,1,
7290106576834,false,גלידה לה קרמריה פונטש בננה1.4 ל' נסטלה,נגה גלידות שותפות מוגבלת,,,'יח,14,"ל-100 מ""ל",false,1,19.90,1.42,false,1,
7290106576957,false,"לה קרמריה גלידת שוקו וניל פליק פרווה כשל""פ 1.4",נגה גלידות שותפות מוגבלת,,,'יח,14,"ל-100 מ""ל",false,1,19.90,1.42,false,1,
7290106577039,false,גלידה לה קרמריה שוקו וניל פליק 1.4 ל' נסטלה,נגה גלידות שותפות מוגבלת,,,'יח,14,"ל-100 מ""ל",false,1,19.90,1.42,false,1,
7290106577282,false,טחינה אמיתית מרובע 400 ג' צבר,קבוצת אוסם סחר-שות.מוגבלת,,,'יח,4,ל-100 גרם,false,1,12.90,3.23,false,1,
7290106577527,false,סלט קולסלאו כרוב לבן וגזר 400 ג' צבר,קבוצת אוסם סחר-שות.מוגבלת,,,'יח,4,ל-100 גרם,false,1,12.90,3.23,false,1,
7290106577541,false,צבר כרוב אדום מרובע 400גרם,קבוצת אוסם סחר-שות.מוגבלת,,,'יח,4,ל-100 גרם,false,1,12.90,3.23,false,1,
7290106578692,false,ביסלי במבה מיקס מהדורת אליפות אסם 80 גרם,קבוצת אוסם סחר שותפות מוגבלת,,,'יח,0.80,ל-100 גרם,false,1,3.90,4.88,true,1,
7290106578821,false,עוגת הבית שמרים קלאסית שוקולד אסם 350 גרם,קבוצת אוסם סחר שותפות מוגבלת,,,'יח,3.50,ל-100 גרם,false,1,15.90,4.54,false,1,
7290106652996,false,כיף כף מקלות קוקוס חלבי 40 גר',סולן בעבור שטראוס,,,'יח,0.40,ל-100 גרם,false,1,4.90,12.25,true,1,
7290106653504,false,סבבה בוטנים אמריקאים ברביקיו 50 גרם,שטראוס פריטו ליי בע`מ,,,'יח,0.50,ל-100 גרם,false,1,2.10,4.20,false,1,
7290106653689,false,לקט לסלט אסייתי 350 גר`-טעם הטבע,שטראוס בריאות ירקות טריי,,,'יח,2.50,ל-100 גרם,false,1,10.90,4.36,false,1,
7290106656734,false,"עוגיות חיוכים וניל עלית 600 גרם בד""צ",אפיפית נצרת תעשיות ב,,,'יח,6,ל-100 גרם,false,1,19.20,3.20,false,1,
7290106658479,false,עלית וופל בטעם טורטית אגוזים 360גר,"שטראוס גרופ בע""\מ",,,'יח,0.40,ל-100 גרם,false,30,3.90,9.75,false,1,
7290106660410,false,רביולי תרד וגבינה שטראוס (400 גרם),שטראוס גרופ בעמ/מצונן,,,'יח,4,ל-100 גרם,false,9,20.30,5.08,false,1,
7290106663121,false,"עוגה אישית במילוי קרם חלב ""מילקי קייק"" שטראוס",בובארד איטליה אס.פי.איי,,,'יח,1.30,"ל-100 מ""ל",false,24,3.10,2.38,false,1,
7290106663503,false,קונפיטורת תות לייט יד מרדכי (230 גרם),אף.סי תבליני בגליל ב,,,'יח,2.30,ל-100 גרם,false,6,13.90,6.04,false,1,
7290106664067,false,לאבנה עם שמן זית וזעתר 10% שטראוס 400 ג',שטראוס גרופ בעמ/מצונן,,,'יח,4,ל-100 גרם,false,12,13.90,3.48,false,1,
7290106667266,false,חטיף תירס חמוץ חריף דוריטוס (185 גרם),"שטראוס פריטו ליי בע""\מ )",,,'יח,1.85,ל-100 גרם,false,1,8.50,4.59,false,1,
7290106668577,false,"מיץ לימון טיבעי 250 מ""ל יד מרדכי",האי נאם סי או אל.טי.,,,'יח,2.50,"ל-100 מ""ל",false,12,7.90,3.16,true,1,
7290106668713,false,יוגורט עם פירות יער 3% שומן 150 ג' דנונה,שטראוס גרופ בעמ/מצונן,,,'יח,1.50,"ל-100 מ""ל",false,24,3.90,2.60,true,1,
7290106720626,false,חטיף תירס בטעם גבינה צ`יטוס (80 גרם),"שטראוס פריטו ליי בע""\מ )",,,'יח,0.80,ל-100 גרם,false,1,4.90,6.13,false,1,
7290106721807,false,אחלה סלט חציל פיקנטי מהדרין 400ג,מיוצר עי קונדיטוריית,,,'יח,4,ל-100 גרם,false,6,10.90,2.73,true,1,
7290106721920,false,צנצנת מסטיק מאסט בטעם ספירמינט עדין 66 ג' עלית,"שטראוס גרופ בע""\מ.",,,'יח,1,,false,12,9.90,9.90,true,1,
7290106723689,false,עלי תרד בייבי 200 גר`שטראוס טעם הטבע,שטראוס בריאות ירקות טריי,,,'יח,2,ל-100 גרם,false,1,10.90,5.45,false,1,
7290106726178,false,יוגורט PRO עם פירות יער 2.4% 10 גרם חלבון בגביע,שטראוס גרופ בעמ/מצונן,,,'יח,1.50,"ל-100 מ""ל",false,12,4.90,3.27,false,1,
7290106727984,false,"כיף כף פצפצים בגביע 135 גרם ""עלית""",שולן צ'\יקולטה גידה סאן.,,,'יח,1.35,ל-100 גרם,false,24,9.90,7.33,true,1,
7290107280020,false,שלישיית מטליות לחות לניקוי כללי סנו סושי 50 יחידות,החברה הדרומית לשיווק בעמ,,,'יח,1,,false,8,19.90,19.90,false,1,
7290107280563,false,סנו אוקסיג`ן ג`ל לכביסה בייבי 3 ל`,החברה הדרומית לשיווק בעמ,,,'יח,30,"ל-100 מ""ל",false,6,29.90,1,false,1,
7290107280570,false,סנו - מקסימה ג'ל כביסה מרוכז לכביסה צבעונית 3 ליטר,החברה הדרומית לשיווק בעמ,,,'יח,30,"ל-100 מ""ל",false,6,29.90,1,false,1,
7290107280723,false,נוזל לניקוי כלים סנו ספארק Spark בניחוח לימון רענן,החברה הדרומית לשיווק בעמ,,,'יח,7,"ל-100 מ""ל",false,12,8.90,1.27,false,1,
7290107280730,false,נוזל לניקוי כלים סנו ספארק Spark בניחוח לבנדר,החברה הדרומית לשיווק בעמ,,,'יח,7,"ל-100 מ""ל",false,12,8.90,1.27,false,1,
7290107280761,false,נוזל לניקוי כלים בניחוח לימון רענן סנו ספארק Spark,החברה הדרומית לשיווק בעמ,,,'יח,10,"ל-100 מ""ל",false,1,12.90,1.29,false,1,
7290107645584,false,אבקת מרק עוף אמיתי רכיבים טבעיים 400 גרם - רבנות,יוניליוור ישראל שיווק בע`מ,,,'יח,4,ל-100 גרם,false,1,23.90,5.98,false,1,
7290107645591,false,אבקת מרק בטעם עוף 100% רכיבים טבעיים 400 גרם,יוניליוור ישראל שיווק בע`מ,,,'יח,4,ל-100 גרם,false,1,15.90,3.98,false,1,
7290107646147,false,"חטיף שוגי קורנפלקס תלמה 156 גרם מארז 6 יחידות בד""צ",יוניליוור ישראל שיווק בע`מ,,,'יח,1.56,ל-100 גרם,false,1,12.90,8.27,false,1,
7290107646154,false,"חטיף קוקומן פצפוצים תלמה 126 גרם מארז 6 יחידות בד""צ",יוניליוור ישראל שיווק בע`מ,,,'יח,1.56,ל-100 גרם,false,1,12.90,8.27,false,1,
7290107646826,false,"חטיף שוגי שוקו תלמה 156 גרם מארז 6 יחידות בד""צ",יוניליוור ישראל שיווק בע`מ,,,'יח,1.56,ל-100 גרם,false,1,12.90,8.27,false,1,
7290107646970,false,"מיונז תלמה איולי שום 273 גר בד""ץ",יוניליוור ישראל שיווק בע`מ,,,'יח,2.50,ל-100 גרם,false,1,7.90,3.16,false,1,
7290107647731,false,קוקומן חום לבן 20% פחות סוכר 375 גרם ב,יוניליוור ישראל שיווק בע`מ,,,'יח,3.75,ל-100 גרם,false,1,19.90,5.31,true,1,
7290107647816,false,"דגני ברנפלקס ללא תוספת סוכר 500 גרם בד""צ",יוניליוור ישראל שיווק בע`מ,,,'יח,5,ל-100 גרם,false,1,23.50,4.70,false,1,
7290107647854,false,"שוגי מופחת סוכר תלמה 500 ג' בד""צ",יוניליוור ישראל שיווק בע`מ,,,'יח,5,ל-100 גרם,false,1,19.90,3.98,true,1,
7290107648981,false,רוטב עגבניות קלאסי פומודורו 415 ג' קנור,יוניליוור ישראל שיווק בע`מ,,,'יח,1,,false,1,11.90,11.90,false,1,
7290107649100,false,בייגלה טבעות שומשום 300 גרם.,יוניליוור ישראל שיווק בע`מ,,,'יח,3,ל-100 גרם,false,1,9.90,3.30,false,1,
7290107649605,false,קליק אקסטרא לארג שוקולד חלב עם פתיתי תירס ודגנים,יוניליוור ישראל שיווק בע`מ,,,'יח,1,,false,1,5.90,5.90,true,1,
7290107871532,false,מאגדת קרחוני מלון דובדבן נסטלה 10 יחידות,נגה גלידות שותפות מוגבלת,,,'יח,0.75,ל-100 גרם,false,1,16.90,22.53,false,1,
7290107871990,false,פסטה צינורות מהדרין אסם (500 גרם),קבוצת אוסם סחר שותפות מוגבלת,,,'יח,5,ל-100 גרם,false,1,5.90,1.18,true,1,
7290107874427,false,מיני פריכונים בטעם זעתר אסם (25 גרם),קבוצת אוסם סחר שותפות מוגבלת,,,'יח,0.25,ל-100 גרם,false,1,3.80,15.20,false,1,
7290107874441,false,פריכונים מיני בצל מקורמל אסם (25 גרם),קבוצת אוסם סחר שותפות מוגבלת,,,'יח,0.25,ל-100 גרם,false,1,3.80,15.20,false,1,
7290107875271,false,ביסלי ברביקיו קדמ. מארז אחיד10 4*55 גרם,קבוצת אוסם סחר שותפות מוגבלת,,,'יח,2.01,ל-100 גרם,false,1,12.90,6.42,true,1,
7290107931397,false,כיף כף פצפוצים במילוי שוקולד 40 גרם,שולן צ'\יקולטה גידה סאן.,,,'יח,0.40,ל-100 גרם,false,12,4.90,12.25,true,1,
7290107932080,false,חלב מועשר יוטבתה בבקבוק 3% 1 ליטר,שטראוס גרופ בעמ/מצונן,,,'יח,10,"ל-100 מ""ל",false,12,7.70,0.77,false,1,
7290107933155,false,לקט סלנובה 200 גר ירקות שטראוס טעם הטבע,שטראוס בריאות ירקות טריי,,,'יח,1,,false,1,12.90,12.90,false,1,
7290107936309,false,דנונה יוגורט 7% יווני לבן 130 ג',שטראוס גרופ בעמ/מצונן,,,'יח,1.30,ל-100 גרם,false,24,3.60,2.77,false,1,
7290107936538,false,מארז דנונה בר פצפוצים 173*8,שטראוס גרופ בע`מ,,,'יח,1.3840,לליטר,false,1,32,23.12,false,1,
7290107936958,false,עד חצות ביסקוויט אצבעות שוקולד 125 גרם,ביסקוויטס טור ד'\אלבון,,,'יח,1.25,ל-100 גרם,false,12,9.90,7.92,false,1,
7290107936965,false,עיגולים עד חצות עם שוקולד חלב 225 גר,ביסקווטרי עוגיות סנט,,,'יח,2.25,ל-100 גרם,false,16,11.90,5.29,false,1,
7290107937542,false,משקה יוגורט אקטיביה עם תות 1.2% שומן,שטראוס גרופ בעמ/מצונן,,,'יח,1.20,"ל-100 מ""ל",false,12,5.20,4.33,false,1,
7290107937641,false,צנצנת קוביות בזוקה גומי לעיסה 58גר,שטראוס גרופ בע`מ,,,'יח,1,,false,12,9.90,9.90,true,1,
7290107938396,false,שמיניית אקטימל תות דיסני בנים 108 גרם,שטראוס גרופ בעמ/מצונן,,,'יח,8,"ל-100 מ""ל",false,6,20.90,2.61,false,1,
7290107939027,false,גזר דק דק 250 גר שטראוס ירקות טעם הטבע,שטראוס בריאות ירקות טריי,,,'יח,1,,false,1,8.90,8.90,false,1,
7290107940467,false,אקטיביה יוגורט קרמי 1.5% דנונה (200 גרם),שטראוס גרופ בעמ/מצונן,,,'יח,2,"ל-100 מ""ל",false,24,4,2,true,1,
7290107941259,false,עדשים ירוקות מבושלות 475 גר ירקות שטראוס,ביכורי השדה הצפון בעמ` 1964,,,'יח,1,,false,1,12.90,12.90,false,1,
7290107941266,false,שעועית אדומה מבושלת 475 גר ירקות שטראוס,ביכורי השדה הצפון בעמ` 1964,,,'יח,1,,false,1,12.90,12.90,false,1,
7290107941273,false,טעם הטבע חומוס מבושל שטראוס (475 גרם),ביכורי השדה הצפון בעמ` 1964,,,'יח,1,,false,1,12.90,12.90,false,1,
7290107943192,false,"שמנת חמוצה מהערבה 27% שומן 200 מ""ל יטבתה",שטראוס גרופ בעמ/מצונן,,,'יח,2,"ל-100 מ""ל",false,20,4.20,2.10,false,1,
7290107944243,false,אפיפיות בטעם שוקולד 200 גרם כשר לפסח,"שטראוס גרופ בע""\מ",,,'יח,2,ל-100 גרם,false,1,7.90,3.95,false,1,
7290107944472,false,סימפוניה גבינה במרקם שמנת 5% שום שמיר,שטראוס גרופ בעמ/מצונן,,,'יח,2,ל-100 גרם,false,12,10.90,5.45,true,1,
7290107950206,false,מעדן דיאט שוקולד שטראוס 130 גרם,שטראוס גרופ בעמ/מצונן,,,'יח,1.30,ל-100 גרם,false,24,3.50,2.69,false,1,
7290107951715,false,צנצנת מסטיק מאסט קוביות בטעם ענבים 58 ג' עלית,שטראוס גרופ בע`מ,,,'יח,0.58,ל-100 גרם,false,12,9.90,17.07,true,1,
7290107953559,false,"מארז קפה טורקי עלית לדרך כשל""פ 168 גרם",הנסיך- מפעל לייצור ט,,,'יח,1.40,ל-100 גרם,false,8,18.90,13.50,false,1,
7290107956901,false,קפסולות בטעם אגוזים למכונת נספרסו עלית 10 יחידות,שטראוס קפה בי.וי.,,,'יח,0.50,ל-100 גרם,false,12,16.90,33.80,true,1,
7290107956925,false,קפסולות 13 אוגנדה למכונת נספרסו עלית 10יח',שטראוס קפה בי.וי.,,,'יח,0.50,ל-100 גרם,false,12,16.90,33.80,true,1,
7290107957069,false,"מסטיק ע""למה ""בטעם אוכניות 66 גרם צנצנת ""עלית""","שטראוס גרופ בע""\מ",,,'יח,1,,false,12,9.90,9.90,true,1,
7290107957076,false,"מסטיק ""עלמה"" בטעם ספירמנט 66 גרם צנצנת ""עלית""","שטראוס גרופ בע""\מ",,,'יח,1,,false,12,9.90,9.90,true,1,
7290107957229,false,שוקולד צ'יפס מריר מעולה לאפיה עלית 250 ג',שטראוס גרופ בע`מ,,,'יח,2.50,ל-100 גרם,false,1,10.90,4.36,false,1,
7290107957991,false,מילקי CAKE מיניס קרם חלב בציפוי שוקולד חלב שקית 16X9ג',בובארד איטליה אס.פי.איי,,,'יח,1.44,ל-100 גרם,false,6,14.90,10.35,true,1,
7290107958035,false,יוגורט במתיקות מעודנת 2% ללא תוספת סוכר- מארז 8 יח,שטראוס גרופ בעמ/מצונן,,,'יח,1.20,ל-100 גרם,false,1,18.50,15.42,false,1,
7290107973861,false,מאסטר שף עגבניות קצוצות דק שלישיה 400ג*3 כשלפ,קונסרזיו קאסאלאסקו ד,,,'יח,1.20,ל-100 גרם,false,1,16.90,14.08,true,1,
7290107974066,false,"עלי טורטיה קמח מלא 20ס""מ 8יח' מאסטר שף 320ג'",אלקאטי קורביישיסי גי,,,'יח,3.20,ל-100 גרם,false,1,9.90,3.09,false,1,
7290107974073,false,עלי טורטיה קמח לבן 320 גר`מנה מאסטר שף,אלקאטי קורביישיסי גי,,,'יח,3.20,ל-100 גרם,false,1,9.90,3.09,false,1,
7290107974080,false,עלי טורטיה קמח לבן 744 גר`מנה מאסטר שף,הדקלאים אגודת שיתופי,,,'יח,8.40,ל-100 גרם,false,1,15.90,1.89,false,1,
7290107974813,false,מאסטר שף אורז יסמין 1 קג`,טאומי אינטרפרייד,,,'יח,10,ל-100 גרם,false,1,10.90,1.09,false,1,
7290107974837,false,מנה מאסטר שף ממרח מתובל שום 246 גר,רמיה סי.וי.הולנד,,,'יח,2.53,ל-100 גרם,false,1,8.90,3.52,true,1,
7290107976916,false,"סבון ידיים משאבה פלמוליב זיתים 300 מ""ל",קולגייט פלמוליב,,,'יח,3,ל-100 גרם,false,1,10.90,3.63,false,1,
7290107978323,false,איטריות דקיקות מאסטר שף 400 גרם,הדקלאים אגודת שיתופי,,,'יח,4,ל-100 גרם,false,1,6.90,1.73,true,1,
7290107978330,false,מאסטר שף איטריות דקות 400 גרם,הדקלאים אגודת שיתופי,,,'יח,4,ל-100 גרם,false,1,6.90,1.73,true,1,
7290107978347,false,איטריות בינוניות מאסטר שף 400 גרם,הדקלאים אגודת שיתופי,,,'יח,4,ל-100 גרם,false,1,6.90,1.73,true,1,
7290107978637,false,"מרידול משחת שיניים 75 מ""ל כשל""פ-מרכז",קולגייט פלמוליב,,,'יח,0.75,ל-100 גרם,false,1,19.90,26.53,false,1,
7290108074451,false,בקבוק 700 מ`ל לנוער-מיני,שמחה זה אנחנו בע`מ,,,'יח,1,,false,1,25.50,25.50,false,1,
7290108201864,false,קולון קפסולות גל לכביסה 28 יחידות,רקיט בנקיזר (ניר איסט) בעמ,,,'יח,28,ל-100 גרם,false,1,24.90,0.89,false,1,
7290108350203,false,"סנו סושי כריות קרצוף+ספוג מקציף 6 יחידות 12X9 ס""מ",החברה הדרומית לשיווק בעמ,,,'יח,1,,false,12,11.90,11.90,false,1,
7290108350531,false,סנו ספארק נוזל כלים בניחוח קלאסי עם משאבה 1 ל',מיוצר עי קונדיטוריית,,,'יח,10,"ל-100 מ""ל",false,12,12.90,1.29,false,1,
7290108350548,false,סנו ספארק נוזל כלים בניחוח לבנדר עם משאבה 1 ל',החברה הדרומית לשיווק בעמ,,,'יח,10,"ל-100 מ""ל",false,12,12.90,1.29,false,1,
7290108350616,false,סנו - מקסימה מרכך כביסה מרוכז פריחה כחולה 1 ליטר,החברה הדרומית לשיווק בעמ,,,'יח,7.50,"ל-100 מ""ל",false,12,18.90,2.52,true,1,
7290108350623,false,מרכך כביסה סופר מרוכז סופט סילק מקסימה 1 ל' סנו,החברה הדרומית לשיווק בעמ,,,'יח,10,"ל-100 מ""ל",false,12,18.90,1.89,true,1,
7290108351507,false,מרכך כביסה אינספרישיין סנו מקסימה 4 ליטר,החברה הדרומית לשיווק בעמ,,,'יח,40,"ל-100 מ""ל",false,1,22.90,0.57,false,1,
7290108351514,false,מרכך כביסה בלו בלוסום סנו מקסימה 4 ליטר,החברה הדרומית לשיווק בעמ,,,'יח,40,"ל-100 מ""ל",false,1,22.90,0.57,false,1,
7290108351552,false,"סנו - ג'ט לניקוי כללי בתוספת חומץ בניחוח לבנדר 750 מ""ל",החברה הדרומית לשיווק בעמ,,,'יח,7.50,"ל-100 מ""ל",false,12,13.90,1.85,true,1,
7290108351804,false,מרכך כביסה סופר מרוכז Gentl Breeze סנו מקסימה 1 ליטר,החברה הדרומית לשיווק בעמ,,,'יח,10,"ל-100 מ""ל",false,12,18.90,1.89,true,1,
7290108351835,false,מרכך כביסה Pure Sensation סנו מקסימה 4 ליטר,החברה הדרומית לשיווק בעמ,,,'יח,40,"ל-100 מ""ל",false,6,22.90,0.57,false,1,
7290108352252,false,נוזל לניקוי כלים מתאים לניקוי ירקות ופירות סנו ספארק,החברה הדרומית לשיווק בעמ,,,'יח,10,"ל-100 מ""ל",false,1,12.90,1.29,false,1,
7290108352269,false,סנו מטליות לחיטוי ולניקוי בדלי 400 יחידו,החברה הדרומית לשיווק בעמ,,,'יח,1,,false,1,29.90,29.90,false,1,
7290108352337,false,"סנו - פרש מילוי למטהר אוויר מלון מפנק 250 מ""ל",החברה הדרומית לשיווק בעמ,,,'יח,2.50,"ל-100 מ""ל",false,1,16.90,6.76,false,1,
7290108352344,false,"פרש מבשם אויר אוטומטי בניחוח לבנדר סנו 250 מ""ל",החברה הדרומית לשיווק בעמ,,,'יח,1,,false,1,16.90,16.90,false,1,
7290108352399,false,ריצפז פרש הום בניחוח מרכך כביסה פלורל טאצ',החברה הדרומית לשיווק בעמ,,,'יח,20,"ל-100 מ""ל",false,8,21.90,1.10,false,1,
7290108352863,false,סנו סושי שקיות צלייה 20יח' מידה L,החברה הדרומית לשיווק בעמ,,,'יח,1,,false,12,8.90,8.90,false,1,
7290108353549,false,נייר אפיה 100 דפים סנו סושי,החברה הדרומית לשיווק בעמ,,,'יח,1,,false,1,22.90,22.90,false,1,
7290108353556,false,נייר טואלט סנו סופט שלוש שכבות 32 גלילים,החברה הדרומית לשיווק בעמ,,,'יח,1,ל-100 גרם,false,1,47.90,47.90,false,1,
7290108353662,false,"סנו סושי מפת שולחן מוטבעת 120*270 ס""מ",החברה הדרומית לשיווק בעמ,,,'יח,1,,false,24,9.90,9.90,false,1,
7290108353686,false,מטלית חלומית לרצפה סנו סושי 1 יחידה,החברה הדרומית לשיווק בעמ,,,'יח,1,,false,12,11.90,11.90,false,1,
7290108353792,false,"נקה 7 - תחליב רחצה יפן בניחוח פריחת הדובדבן 750 מ""ל",החברה הדרומית לשיווק בעמ,,,'יח,7.50,לליטר,false,12,10.90,1.45,true,1,
7290108354485,false,"קרליין מרכך 10 לשיער שמן ארגן 700 מ""ל",החברה הדרומית לשיווק בעמ,,,'יח,7,"ל-100 מ""ל",false,1,12.90,1.84,true,1,
7290108354607,false,"שמפו בניחוח מי קקטוס ושמן באבאסו 750 מ""ל נקה 7",החברה הדרומית לשיווק בעמ,,,'יח,7.50,"ל-100 מ""ל",false,1,11.90,1.59,true,1,
7290108354614,false,"מרכך בניחוח מי קקטוס ושמן באבאסו 750 מ""ל נקה 7",החברה הדרומית לשיווק בעמ,,,'יח,7.50,"ל-100 מ""ל",false,1,11.90,1.59,false,1,
7290108356113,false,תחליב רחצה כיף ניחוח דבש 700 מל,החברה הדרומית לשיווק בעמ,,,'יח,7,"ל-100 מ""ל",false,12,12.90,1.84,false,1,
7290108356137,false,תחליב רחצה כיף ניחוח לבנדר 700 מל,החברה הדרומית לשיווק בעמ,,,'יח,7,"ל-100 מ""ל",false,12,12.90,1.84,false,1,
7290108356151,false,תחליב רחצה כיף ניחוחמאסק יסמין 700 מל,החברה הדרומית לשיווק בעמ,,,'יח,7,"ל-100 מ""ל",false,12,12.90,1.84,false,1,
7290108356168,false,תחליב רחצה כיף ניחוח אוקיינס700 מל,החברה הדרומית לשיווק בעמ,,,'יח,7,"ל-100 מ""ל",false,12,12.90,1.84,false,1,
7290108356533,false,קרוליין 10 שמפו לשיער מתולתל 700 מל,החברה הדרומית לשיווק בעמ,,,'יח,7,"ל-100 מ""ל",false,1,12.90,1.84,true,1,
7290108356540,false,קרוליין 10 שמפו לשיער צבוע 700 מל,החברה הדרומית לשיווק בעמ,,,'יח,7,"ל-100 מ""ל",false,1,12.90,1.84,true,1,
7290108356595,false,"קרליין מרכך 10 לשיער צבוע 700 מ""ל",החברה הדרומית לשיווק בעמ,,,'יח,7,"ל-100 מ""ל",false,1,12.90,1.84,true,1,
7290108356854,false,מגבוני בייבי כיף בניוח עדין מארז חמישייה,החברה הדרומית לשיווק בעמ,,,'יח,1,'יח,false,1,19.90,19.90,false,1,
7290108356861,false,מגבוני בייבי כיף ללא בישום מארז חמישייה,החברה הדרומית לשיווק בעמ,,,'יח,1,'יח,false,1,19.90,19.90,false,1,
7290108357196,false,"ג'ט פלוס לניקוי כללי בתוספת תמצית עץ התה 750 מ""ל סנו",החברה הדרומית לשיווק בעמ,,,'יח,7.50,"ל-100 מ""ל",false,12,13.90,1.85,true,1,
7290108357202,false,סנוקליר לניקוי בניחוח בלו בלוסום 1 ליטר,החברה הדרומית לשיווק בעמ,,,'יח,10,"ל-100 מ""ל",false,12,10.90,1.09,false,1,
7290108357288,false,אקונומיקה ז'אוול בניחוח פריחה לבנה 4 ל' סנו,החברה הדרומית לשיווק בעמ,,,'יח,40,"ל-100 מ""ל",false,6,16.90,0.42,false,1,
7290108357493,false,"תחליב רחצה קרמה וניל ופלפל ורוד 700 מ""ל",החברה הדרומית לשיווק בעמ,,,'יח,7,"ל-100 מ""ל",false,1,17.90,2.56,false,1,
7290108357714,false,"כיף שמפו לשיער יבש -רימונים ושמן ארגן 700 מ""ל",החברה הדרומית לשיווק בעמ,,,'יח,7,"ל-100 מ""ל",false,12,12.90,1.84,false,1,
7290108359060,false,סנו סושי כריות הפלא רב תכלתיות *4 לשבת,החברה הדרומית לשיווק בעמ,,,'יח,1,'יח,false,12,11.90,11.90,false,1,
7290108359091,false,סנו סושי כיסוי ניילון עם גומי 30 יחידות L,החברה הדרומית לשיווק בעמ,,,'יח,1,'יח,false,1,9.90,9.90,false,1,
7290108359152,false,"תבנית אלומיניום עגולה 25 ס""מ -6 יחי סנו סושי",החברה הדרומית לשיווק בעמ,,,'יח,1,'יח,false,1,9.90,9.90,false,1,
7290108359169,false,"תבנית אלומיניום עגולה 628 ס""מ יחי סנו סושי",החברה הדרומית לשיווק בעמ,,,'יח,1,'יח,false,1,9.90,9.90,false,1,
7290108359176,false,סופט ממחטות אף צמד בשקית לושן 3 שכבות,החברה הדרומית לשיווק בעמ,,,'יח,1,'יח,false,1,12.90,12.90,false,1,
7290108359183,false,שקית אשפה חזקות 70*50 60 יח' סנו סושי,החברה הדרומית לשיווק בעמ,,,'יח,1,,false,12,24.90,24.90,false,1,
7290108359985,false,סנו - ז'אוול מרסס קצף לניקוי וחינו בניחוח פריחה לבנה 1 ליטר,החברה הדרומית לשיווק בעמ,,,'יח,10,"ל-100 מ""ל",false,12,18.90,1.89,true,1,
7290108420401,false,"תמר מג'הול 1 ק""ג",ביכורי השדה הצפון בעמ` 1964,,,'יח,1,'יח,false,1,19.90,19.90,false,1,
7290108465891,false,גרבי בנים 3 חלק LC,הום פרפקט ק.ד.מ בעמ,,,'יח,1,,false,1,11.90,11.90,false,1,
7290108501346,false,גבינה מגורדת גאודה 28% שומן EURO CHEESE ויליפוד 500 גרם,ג.וילי-פוד אינטרנשיונל **גבינו,,,'יח,5,ל-100 גרם,false,1,24.90,4.98,false,1,
7290108501360,false,גבינת צ`דר בשלה 200 גר`matured orange ו,ג.וילי-פוד אינטרנשיונל **גבינו,,,'יח,2,ל-100 גרם,false,1,17.90,8.95,false,1,
7290108501391,false,גבינת חצי קשה מחלב עיזים פרוסות 150 גר`,ג. וילי-פוד אינטרנשיונל בע`מ,,,'יח,1.50,ל-100 גרם,false,1,22.90,15.27,false,1,
7290108501407,false,גבינת צ'דר מיושנת ויליפוד 200 גרם,ג.וילי-פוד אינטרנשיונל **גבינו,,,'יח,2,ל-100 גרם,false,1,19.90,9.95,false,1,
7290108501490,false,גבינת מוצרלה פרוסות 150 גר`וילי פוד,ג.וילי-פוד אינטרנשיונל **גבינו,,,'יח,1.50,ל-100 גרם,false,1,14.90,9.93,false,1,
7290108501971,false,חטיף בוטנים ומשמש הפי נאטס מארז 35X4ג',ג. וילי-פוד אינטרנשיונל בע`מ,,,'יח,2.10,ל-100 גרם,false,1,11.90,5.67,false,1,
7290108501988,false,חטיף שקדים וחמוציות הפי נוטס מארז 35X4ג',ג. וילי-פוד אינטרנשיונל בע`מ,,,'יח,2.10,ל-100 גרם,false,12,11.90,5.67,false,1,
7290108502251,false,קרקרים בטעם טבעי ויליפוד 250 גרם,ג. וילי-פוד אינטרנשיונל בע`מ,,,'יח,0.25,ל-100 גרם,false,20,6.90,27.60,false,1,
7290108502305,false,גבינת גרנה פדנו משולש ויליפוד 150 גרם,ג.וילי-פוד אינטרנשיונל **גבינו,,,'יח,1.50,ל-100 גרם,false,1,19.90,13.27,false,1,
7290108502541,false,גבינת שמנת טעם טבעי ויליפוד 200 גרם,ג.וילי-פוד אינטרנשיונל **גבינו,,,'יח,2,ל-100 גרם,false,1,11.90,5.95,false,1,
7290108503043,false,תפוחונים חטיף פלחים מיובשים מארז 22X4ג',ג. וילי-פוד אינטרנשיונל בע`מ,,,'יח,0.35,ל-100 גרם,false,36,14.90,42.57,false,1,
7290108503159,false,גבינה כחולה עם עובש 31% ויליפוד 100 גרם,ג.וילי-פוד אינטרנשיונל **גבינו,,,'יח,1,ל-100 גרם,false,1,14.90,14.90,false,1,
7290108503999,false,פרוסות גבינה בטעם גאודה לכריכים וטוסטים ויליפוד 150 גרם,ג.וילי-פוד אינטרנשיונל **גבינו,,,'יח,1.50,ל-100 גרם,false,1,9.90,6.60,true,1,
7290108504002,false,פרוסות גבינה בטעם צ'דר לכריכים וטוסטים ויליפוד 150 גרם,ג.וילי-פוד אינטרנשיונל **גבינו,,,'יח,1.50,ל-100 גרם,false,1,9.90,6.60,true,1,
7290108504279,false,קשקבל \איבריקו\ מנצ'גו צ'אנק 150 גרם,ג. וילי-פוד אינטרנשיונל בע`מ,,,'יח,1.50,ל-100 גרם,false,1,16.90,11.27,true,1,
7290108504286,false,איבריקו צ`אנק 150 גר` וילי פוד,ג.וילי-פוד אינטרנשיונל **גבינו,,,'יח,1.50,ל-100 גרם,false,1,16.90,11.27,true,1,
7290108504293,false,מנצ`גו צ`אנק 150 גרם ויליפוד,ג.וילי-פוד אינטרנשיונל **גבינו,,,'יח,1.50,ל-100 גרם,false,1,16.90,11.27,true,1,
7290108504392,false,גבינת שמנת לייט עם זיתים 200 ג' - EURO CHEESE,ג. וילי-פוד אינטרנשיונל בע`מ,,,'יח,2,ל-100 גרם,false,1,11.90,5.95,false,1,
7290108505689,false,גבינת גרנה פדנו מגורדת ויליפוד 100 גרם,ג.וילי-פוד אינטרנשיונל **גבינו,,,'יח,1,ל-100 גרם,false,1,12.90,12.90,true,1,
7290108505719,false,גבינת מוצרלה מגורדת EURO CHEESE ויליפוד 200 גרם,ג.וילי-פוד אינטרנשיונל **גבינו,,,'יח,2,ל-100 גרם,false,1,13.90,6.95,false,1,
7290108505726,false,אצבעות גבינת חצי קשה EURO CHEESE ויליפוד 200 גרם,ג.וילי-פוד אינטרנשיונל **גבינו,,,'יח,2,ל-100 גרם,false,1,13.90,6.95,false,1,
7290108505733,false,צמות -גבינה חצי קשה 25% שומן ( 200 גר) ו,ג.וילי-פוד אינטרנשיונל **גבינו,,,'יח,2,ל-100 גרם,false,1,13.90,6.95,false,1,
7290108505740,false,קשקבל גבינה חצי קשה EURO CHEESE ויליפוד 200 גרם,ג.וילי-פוד אינטרנשיונל **גבינו,,,'יח,2,ל-100 גרם,false,1,13.90,6.95,false,1,
7290108506495,false,"כנאפה מאפה בצק ""שערות"" קדאיף וגבינה",ג.וילי-פוד אינטרנשיונל **גבינו,,,'יח,1.9250,ל-100 גרם,false,1,13.90,7.22,true,1,
7290108506709,false,גבינת פרמג`אנו ר`גיאנו 150 גר וילי פוד,ג.וילי-פוד אינטרנשיונל **גבינו,,,'יח,1.50,ל-100 גרם,false,1,21.90,14.60,false,1,
7290108506815,false,גליליות וופל במילוי קרם קרמל מלוח פינוקים 400 גרם,ג. וילי-פוד אינטרנשיונל בע`מ,,,'יח,4,ל-100 גרם,false,1,13.90,3.48,false,1,
7290108507058,false,ביסקויט פריך בשוקולד חלב 100 גרם -קהילות,ג. וילי-פוד אינטרנשיונל בע`מ,,,'יח,1,ל-100 גרם,false,1,6.90,6.90,true,1,
7290108507645,false,ביסקויט פריך בשוקולד מריר 100 גרם -קהילות,ג. וילי-פוד אינטרנשיונל בע`מ,,,'יח,1,ל-100 גרם,false,1,6.90,6.90,true,1,
7290108507652,false,ביסקויט פריך בשוקולד לבן 100 גרם -קהילות,ג. וילי-פוד אינטרנשיונל בע`מ,,,'יח,1,ל-100 גרם,false,1,6.90,6.90,true,1,
7290108508451,false,"משקה יוגורט טבעי 3.2% שומן יורו 200 מ""ל",ג.וילי-פוד אינטרנשיונל **גבינו,,,'יח,1.50,ל-100 גרם,false,1,4.90,3.27,true,1,
7290108508499,false,"איירן משקה יוגורט בסגנון טורקי יורו 293 מ""ל",ג.וילי-פוד אינטרנשיונל **גבינו,,,'יח,2.93,"ל-100 מ""ל",false,1,4.90,1.67,true,1,
7290108508963,false,גבינת מוצרלה מגורדת 25% שומן( 200 גר`)יו,ג.וילי-פוד אינטרנשיונל **גבינו,,,'יח,2,ל-100 גרם,false,1,13.90,6.95,false,1,
7290108509106,false,"גבינה בולגרית מעודנת בקוביות 13% שומן 200 ג' חת""ס פ""ת",ג.וילי-פוד אינטרנשיונל **גבינו,,,'יח,2,ל-100 גרם,false,1,10.90,5.45,false,1,
7290108509113,false,"גבינה בולגרית מעודנת 18% שומן 250 גרם חת""ס פ""ת",ג.וילי-פוד אינטרנשיונל **גבינו,,,'יח,2.50,ל-100 גרם,false,1,10.90,4.36,false,1,
7290108509137,false,"גבינה בולגרית מעודנת 5% שומן 250 גרם חת""ס פ""ת",ג.וילי-פוד אינטרנשיונל **גבינו,,,'יח,2.50,ל-100 גרם,false,1,10.90,4.36,false,1,
7290108509359,false,פופקורן בציפוי בטעם קרמל ויליפוד 90 גרם,ג. וילי-פוד אינטרנשיונל בע`מ,,,'יח,0.90,ל-100 גרם,false,1,6.90,7.67,true,1,
7290108509571,false,גבינה פטה 24% עם צ'ילי ופפריקה 153 גרם ויליפוד,ג.וילי-פוד אינטרנשיונל **גבינו,,,'יח,1.53,ל-100 גרם,false,1,15.90,10.39,false,1,
7290108509588,false,גבינה פטה 24% עם עשבי תיבול 153 גרם ויליפוד,ג.וילי-פוד אינטרנשיונל **גבינו,,,'יח,1.53,ל-100 גרם,false,1,15.90,10.39,false,1,
7290108509595,false,גבינה פטה 24% עגבניות מיובשות וריחן 153 גרם ויליפוד,ג.וילי-פוד אינטרנשיונל **גבינו,,,'יח,1.53,ל-100 גרם,false,1,15.90,10.39,false,1,
7290108509755,false,EURO גבינת חלומי 23% שומן 250 גרם,ג.וילי-פוד אינטרנשיונל **גבינו,,,'יח,2.50,ל-100 גרם,false,1,23.90,9.56,false,1,
7290108509816,false,גבינת בייבי מוצרלה EURO CHEESE ויליפוד 200 גרם,ג.וילי-פוד אינטרנשיונל **גבינו,,,'יח,2,ל-100 גרם,false,1,13.90,6.95,false,1,
7290108509908,false,"מנת השף בשקית-איטריות בטעם ירקות 85 ג' חתם סופר ב""ב",ג. וילי-פוד אינטרנשיונל בע`מ,,,'יח,8.50,ל-100 גרם,false,1,3.90,0.46,true,1,
7290108509915,false,"מנת השף בשקית-איטריות בטעם סיני פיקנטי 85 ג' חתם סופר ב""ב",ג. וילי-פוד אינטרנשיונל בע`מ,,,'יח,8.50,ל-100 גרם,false,1,3.90,0.46,true,1,
7290108509922,false,מנתהשף אטריות להכנה מהירה טעם עוף ויליפוד 85 גרם,ג. וילי-פוד אינטרנשיונל בע`מ,,,'יח,8.50,ל-100 גרם,false,1,3.90,0.46,true,1,
7290109351025,false,מלך החומוס חומוסטחינה 40% טחינה גולמית,קבוצת אוסם סחר שותפות מוגבלת,,,'יח,4,ל-100 גרם,false,1,14.90,3.73,false,1,
7290109351971,false,פריכיות דגנים פיטנס מצופות שוקולד חלב,קבוצת אוסם סחר שותפות מוגבלת,,,'יח,0.84,ל-100 גרם,false,1,13.80,16.43,false,1,
7290109354101,false,קרקר לחמית ללא גלוטן 200 גר אסם,קבוצת אוסם סחר שותפות מוגבלת,,,'יח,2,ל-100 גרם,false,1,9.90,4.95,true,1,
7290109358482,false,עוגיות קרמוגית במילוי קרם בטעם חלבה,קבוצת אוסם סחר שותפות מוגבלת,,,'יח,2,ל-100 גרם,false,1,10.90,5.45,true,1,
7290109492414,false,סכיני מטבח שישייה שח,הום פרפקט ק.ד.מ בעמ,,,'יח,1,,false,1,14.90,14.90,true,1,
7290109580043,false,"שניצל תירס קלאסי זוגלובק 1.75 ק""ג",נקניק זוגלובק נהריה,,,'יח,17.50,ל-100 גרם,false,1,49.90,2.85,false,1,
7290109580104,false,רוסטביף פרימיום זוגלובק 150 גרם,נקניק זוגלובק נהריה,,,'יח,1.50,ל-100 גרם,false,1,26.90,17.93,false,1,
7290109580135,false,קורנדביף פרימיום 180 גרם זוגלובק,נקניק זוגלובק נהריה,,,'יח,1.80,ל-100 גרם,false,1,26.90,14.94,false,1,
7290109580166,false,סרוולד קלאסי פרימיום זוגלובק 150 גרם,נקניק זוגלובק נהריה,,,'יח,1.50,ל-100 גרם,false,1,26.90,17.93,false,1,
7290109580432,false,פסטרמה חזה הודו מעושן דק דק זוגלובק 120 גרם,נקניק זוגלובק נהריה,,,'יח,1.20,ל-100 גרם,false,1,14.90,12.42,true,1,
7290109920597,false,"אסטוניש - מרסס לניקוי המקלחון 750 מ""ל",יעקב יעקבי ובניו בע`מ,,,'יח,7.50,"ל-100 מ""ל",false,1,11.90,1.59,false,1,
7290109923147,false,אסטוניש מהדורה פרימיום פלא של אקונומיקה,יעקב יעקבי ובניו בע`מ,,,'יח,7.50,"ל-100 מ""ל",false,1,14.90,1.99,false,1,
7290110058869,false,מארז שלישיית ביצי שוקולד סמי הכבאי,שמחה זה אנחנו בע`מ,,,'יח,0,ל-100 גרם,false,1,14.90,14.90,false,1,
7290110059545,false,"בקבוק נירוסטה מעוצב 500מ""ל ספידרמן",שמחה זה אנחנו בע`מ,,,'יח,1,,false,1,22.90,22.90,false,1,
7290110110369,false,"שישייה בירה קרלסברג LUMA בקבוק 330 מ""ל",החברה המרכזית להפצת משקאות בעמ,,,'יח,19.80,"ל-100 מ""ל",false,1,39.90,1.92,true,1,
7290110110659,false,"ספרייט לימון ליים פחית 330מ""ל",החברה המרכזית להפצת משקאות בעמ,,,'יח,3.30,"ל-100 מ""ל",false,24,4.90,1.39,true,1,
7290110114787,false,נביעות+ מים מינרליים בטעם תפוח 1.5 ליטר,החברה המרכזית להפצת משקאות בעמ,,,'יח,15,"ל-100 מ""ל",false,12,9.90,0.64,false,1,
7290110114794,false,נביעות+ מים מינרליים בטעם אפרסק 1.5 ליטר,החברה המרכזית להפצת משקאות בעמ,,,'יח,15,"ל-100 מ""ל",false,12,9.90,0.64,false,1,
7290110114800,false,נביעות+ מים מינרליים בטעם ענבים 1.5 ליטר,החברה המרכזית להפצת משקאות בעמ,,,'יח,15,"ל-100 מ""ל",false,12,9.90,0.64,false,1,
7290110114855,false,"נביעות מים מינרליים, שישיה 6 * 1.5 ליטר פקדון",החברה המרכזית להפצת משקאות בעמ,,,'יח,90,"ל-100 מ""ל",false,1,12.90,0.12,false,1,
7290110114893,false,מיץ תפוזים מפוסטר סחוט 2 ליטר,החברה המרכזית טלהפצת משקאות בע,,,'יח,20,"ל-100 מ""ל",false,1,28.90,1.43,true,1,
7290110114961,false,משקה קל בטעם תפוזים פריגת (1.5 ליטר),החברה המרכזית להפצת משקאות בעמ,,,'יח,15,"ל-100 מ""ל",false,12,9.50,0.61,false,1,
7290110114985,false,משקה קל בטעם אשכוליות פריגת (1.5 ליטר),החברה המרכזית להפצת משקאות בעמ,,,'יח,15,"ל-100 מ""ל",false,12,9.50,0.61,false,1,
7290110115005,false,משקה קל בטעם ענבים פריגת (1.5 ליטר),החברה המרכזית להפצת משקאות בעמ,,,'יח,15,"ל-100 מ""ל",false,12,9.50,0.61,false,1,
7290110115036,false,משקה קל בטעם מנגו פריגת (1.5 ליטר),החברה המרכזית להפצת משקאות בעמ,,,'יח,15,"ל-100 מ""ל",false,12,9.50,0.61,false,1,
7290110115043,false,משקה קל בטעם לימונענע פריגת (1.5 ליטר),החברה המרכזית להפצת משקאות בעמ,,,'יח,15,"ל-100 מ""ל",false,12,9.50,0.61,false,1,
7290110115050,false,משקה קל בטעם תות בננה פריגת (1.5 ליטר),החברה המרכזית להפצת משקאות בעמ,,,'יח,15,"ל-100 מ""ל",false,12,9.50,0.61,false,1,
7290110115104,false,פריגת צלול אפרסק 1.5 ליטר פיקדון,החברה המרכזית להפצת משקאות בעמ,,,'יח,15,"ל-100 מ""ל",false,1,7.90,0.51,false,1,
7290110115111,false,פריגת צלול אננס 1.5 ליטר פיקדון,החברה המרכזית להפצת משקאות בעמ,,,'יח,15,"ל-100 מ""ל",false,12,7.90,0.51,false,1,
7290110115180,false,נביעות מים מינרלים שקט 1.5 ליטר פיקדון,החברה המרכזית להפצת משקאות בעמ,,,'יח,15,"ל-100 מ""ל",false,12,4.90,0.31,false,1,
7290110115203,false,קוקה קולה 1.5 ליטר פיקדון,החברה המרכזית להפצת משקאות בעמ,,,'יח,15,"ל-100 מ""ל",false,12,8.90,0.57,false,1,
7290110115210,false,קוקה קולה דיאט 1.5 ליטר פיקדון,החברה המרכזית להפצת משקאות בעמ,,,'יח,10,"ל-100 מ""ל",false,12,8.40,0.81,false,1,
7290110115227,false,קוקה קולה Zero בקבוק 1.5 ליטר פיקדון,החברה המרכזית להפצת משקאות בעמ,,,'יח,15,"ל-100 מ""ל",false,1,8.40,0.54,false,1,
7290110115234,false,קוקה קולה דיאט זירו 1.5 ליטר פיקדון,החברה המרכזית להפצת משקאות בעמ,,,'יח,15,"ל-100 מ""ל",false,12,8.40,0.54,false,1,
7290110115241,false,קוקה קולה דיאט לימון 1.5 ליטר פיקדון,החברה המרכזית להפצת משקאות בעמ,,,'יח,15,"ל-100 מ""ל",false,12,8.40,0.54,false,1,
7290110115265,false,ספרייט לימון ליים 1.5 ליטר-,החברה המרכזית להפצת משקאות בעמ,,,'יח,15,"ל-100 מ""ל",false,12,8.90,0.57,true,1,
7290110115272,false,ZERO ספרייט 1.5 ליטר פיקדון,החברה המרכזית להפצת משקאות בעמ,,,'יח,15,"ל-100 מ""ל",false,12,8.80,0.57,true,1,
7290110115296,false,גזוז בטעם תפוז פאנטה 1.5 ליטר פיקדון,החברה המרכזית להפצת משקאות בעמ,,,'יח,15,"ל-100 מ""ל",false,12,8.90,0.57,false,1,
7290110115302,false,משקה מוגז אורנג' זירו פאנטה 1.5 ליטר,החברה המרכזית להפצת משקאות בעמ,,,'יח,15,"ל-100 מ""ל",false,12,8.40,0.54,false,1,
7290110115319,false,פאנטה אקזוטי פירות טרופיים 1.5ל פיקדון,החברה המרכזית להפצת משקאות בעמ,,,'יח,15,"ל-100 מ""ל",false,12,8.90,0.57,false,1,
7290110115333,false,גזוז בטעם תות פאנטה 1.5 ליטר פיקדון,החברה המרכזית להפצת משקאות בעמ,,,'יח,15,"ל-100 מ""ל",false,1,8.90,0.57,false,1,
7290110115357,false,קינלי סודה 1.5 ליטר פיקדון,החברה המרכזית להפצת משקאות בעמ,,,'יח,15,"ל-100 מ""ל",false,12,4.20,0.26,false,1,
7290110115364,false,שישייה קוקה קולה 1.5 ליטר פיקדון,החברה המרכזית להפצת משקאות בעמ,,,'יח,90,"ל-100 מ""ל",false,1,51.90,0.56,false,1,
7290110115371,false,דיאט קוקה קולה שישיות 1.5 ליטר פיקדון,החברה המרכזית להפצת משקאות בעמ,,,'יח,15,"ל-100 מ""ל",false,1,49.90,3.21,false,1,
7290110115395,false,ספרייט זירו שישיות 1.5 ליטר פיקדון,החברה המרכזית להפצת משקאות בעמ,,,'יח,90,"ל-100 מ""ל",false,1,49.90,0.53,false,1,
7290110115401,false,קינלי סודה שישייה 1.5 ליטר פיקדון,החברה המרכזית להפצת משקאות בעמ,,,'יח,90,"ל-100 מ""ל",false,1,15.90,0.16,false,1,
7290110115418,false,קוקה קולה זירו 1.5 ליטר מארז שישייה,החברה המרכזית להפצת משקאות בעמ,,,'יח,90,"ל-100 מ""ל",false,1,49.90,0.53,false,1,
7290110115449,false,פיוז-טי תה מנגו אננס 1.5 ליטר פיקדון,החברה המרכזית להפצת משקאות בעמ,,,'יח,15,"ל-100 מ""ל",false,12,9.20,0.59,false,1,
7290110115463,false,פיוז-טי תה אפרסק 1.5 ליטר פיקדון,החברה המרכזית להפצת משקאות בעמ,,,'יח,15,"ל-100 מ""ל",false,12,8.90,0.57,false,1,
7290110115494,false,תה קר בטעם ענבים פיוז טי 1.5 ליטר,החברה המרכזית להפצת משקאות בעמ,,,'יח,15,"ל-100 מ""ל",false,12,8.90,0.57,false,1,
7290110115586,false,פריגת תפוזים 40% פחות סוכר 1.5 ליטר פיקדון,החברה המרכזית להפצת משקאות בעמ,,,'יח,15,"ל-100 מ""ל",false,12,8.90,0.57,false,1,
7290110115623,false,פיוז-טי תה אפרסק זירו 1.5 ליטר פיקדון,החברה המרכזית להפצת משקאות בעמ,,,'יח,15,"ל-100 מ""ל",false,12,8.90,0.57,false,1,
7290110115975,false,קוקה קולה זירו בקבוק,החברה המרכזית להפצת משקאות בע`,,,'יח,10,"ל-100 מ""ל",false,12,7.90,0.76,false,1,
7290110116064,false,פאנטה זירו בטעם פירות ירוק 1.5 ל פיקדון,החברה המרכזית להפצת משקאות בעמ,,,'יח,15,"ל-100 מ""ל",false,12,8.90,0.57,false,1,
7290110116132,false,"סירופ פריגת בטעם לימון 750 מ""ל פיקדון",החברה המרכזית להפצת משקאות בעמ,,,'יח,7.50,"ל-100 מ""ל",false,1,24.90,3.28,false,1,
7290110116156,false,נביעות+רכיבי פרי מנגו-פסיפלורה 1.5 ליטר-,החברה המרכזית להפצת משקאות בעמ,,,'יח,15,"ל-100 מ""ל",false,12,9.90,0.64,false,1,
7290110116392,false,"סירופ פריגת בטעם תפוזים 750 מ""ל פיקדון",החברה המרכזית להפצת משקאות בעמ,,,'יח,7.50,"ל-100 מ""ל",false,1,24.90,3.28,false,1,
7290110116507,false,פריגת סחוט מיקס אננס בננה אגס 1ליטר,*החברה המרכזית להפצת משקאותבעמ,,,'יח,1,לליטר,false,1,17.90,17.90,false,1,
7290110116552,false,ספרייט לימון היט 1.5 ליטר LIME פיקדון,החברה המרכזית להפצת משקאות בעמ,,,'יח,15,"ל-100 מ""ל",false,12,8.90,0.57,true,1,
7290110116569,false,ספרייט זירו 1.5 ליטר LEMON HIT פיקדון,החברה המרכזית להפצת משקאות בעמ,,,'יח,15,"ל-100 מ""ל",false,12,8.80,0.57,true,1,
7290110320850,false,פתיתים גבינה חצי קשה מגורדת 28% שומן,תנובה מרכז שיתופי לש,,,'יח,2,ל-100 גרם,false,1,15.20,7.60,false,1,
7290110320867,false,פתיתים גבינה חצי קשה מגורדת 28% שומן,תנובה מרכז שיתופי לש,,,'יח,2,ל-100 גרם,false,1,34.90,17.45,false,1,
7290110321277,false,קוטג' בקטנה 5% תנובה 100 גרם מהדרין,פארייפאבה אגרואינדוס,,,'יח,0.80,ל-100 גרם,false,1,2.50,3.13,false,1,
7290110321680,false,יוגורט GO בטעם תות 20 גרם חלבון בגביע,מיוצר עי קונדיטוריית,,,'יח,2,ל-100 גרם,false,1,5.90,2.95,false,1,
7290110321697,false,יוגורט GO בטעם אפרסק 20 גרם חלבון בגביע,מיוצר עי קונדיטוריית,,,'יח,2,ל-100 גרם,false,1,5.90,2.95,false,1,
7290110321703,false,יוגורט עם פירות יער בתוספת חלבוני חלב 2% שומן,מיוצר עי קונדיטוריית,,,'יח,1.50,ל-100 גרם,false,1,5.90,3.93,false,1,
7290110322014,false,טופו בטעם טבעי תנובה ALTERNATIVE,שוורצקוף& הנקל דיסלד,,,'יח,3,ל-100 גרם,false,1,12.90,4.30,false,1,
7290110322038,false,טופו בטעם פיקנטי 300 גר`תנובה,"תנובה בע""מ ***",,,'יח,3,ל-100 גרם,false,1,12.90,4.30,false,1,
7290110322946,false,יופלה טיוב יוגורט במרקם חלק בטעם תות בננה כשרות רבנות 348 ג',תנובה - חלב,,,'יח,3.48,ל-100 גרם,false,1,12.90,3.71,false,1,
7290110323073,false,"משקה יוגורט יופלה גו תות פטל 250 מ""ל - רבנות",מיוצר עי קונדיטוריית,,,'יח,2.50,"ל-100 מ""ל",false,1,6.50,2.60,false,1,
7290110324353,false,יוגורט GO לייט בטעם אננס 20 גרם חלבון בגביע,מיוצר עי קונדיטוריית,,,'יח,1.70,ל-100 גרם,false,1,5.90,3.47,false,1,
7290110324551,false,יופלה טיוב יוגורט במרקם חלק תות כשרות מהדרין,"תנובה בע""מ ***",,,'יח,3.48,"ל-100 מ""ל",false,1,12.90,3.71,false,1,
7290110324711,false,ממרח סויה 9% שומן בטעם טבעי תנובה 250 גרם,מיוצר עי קונדיטוריית,,,'יח,2.50,ל-100 גרם,false,1,8.90,3.56,false,1,
7290110324926,false,משקה סויה ללא תוספת סוכר E אלטרנטיב,תנובה מרכז שיתופי לש,,,'יח,10,"ל-100 מ""ל",false,1,10.90,1.09,false,1,
7290110325305,false,יופלה GO סויה 20 גרם חלבון במתיקות מעודנת תנובה 200 גרם,מיוצר עי קונדיטוריית,,,'יח,2,ל-100 גרם,false,1,5.90,2.95,false,1,
7290110325312,false,יופלה GO סויה 20 גרם חלבון בטעם תות תנובה 200 גרם,תנובה בעמ ***,,,'יח,0.20,ל-100 גרם,false,1,5.90,29.50,false,1,
7290110325510,false,יופלה טיוב יוגורט במרקם חלק בטעם וניל-יוניקור,"תנובה בע""מ ***",,,'יח,3.48,ל-100 גרם,false,1,12.90,3.71,false,1,
7290110325619,false,משקה שיבולת שועל תנובה E אלטרנטיב,מיוצר עי קונדיטוריית,,,'יח,10,"ל-100 מ""ל",false,1,11.90,1.19,false,1,
7290110325893,false,משקה חלב GO מועשר בחלבון בטעם אייס קפה,מיוצר עי קונדיטוריית,,,'יח,3.50,"ל-100 מ""ל",false,1,7.90,2.26,false,1,
7290110326210,false,יופלה און טופ פצפוצים תנובה 157 גרם,מיוצר עי קונדיטוריית,,,'יח,1.57,"ל-100 מ""ל",false,1,5.50,3.50,false,1,
7290110326227,false,יופלה און טופ קורנפלקס תנובה 157 גרם,מיוצר עי קונדיטוריית,,,'יח,1.57,"ל-100 מ""ל",false,1,5.50,3.50,false,1,
7290110326234,false,יופלה און טופ כוכבים תנובה 157 גרם,מיוצר עי קונדיטוריית,,,'יח,1.57,"ל-100 מ""ל",false,1,5.50,3.50,false,1,
7290110326876,false,לאבנה עיזים 250 גרם,תנובה בעמ ***,,,'יח,2.50,ל-100 גרם,false,1,16.90,6.76,false,1,
7290110326906,false,חלב נטול לקטוז 3% שומן( 1 ליטר)תנובה,מיוצר עי קונדיטוריית,,,'יח,10,"ל-100 מ""ל",false,1,7.90,0.79,false,1,
7290110327514,false,alternative משקה שיבולת שועל בטעם אגוזי לוז תנובה 1 ליטר,תנובה מרכז שיתופי לש,,,'יח,10,"ל-100 מ""ל",false,1,11.90,1.19,false,1,
7290110327545,false,יופלה און טופ בטעם תות בתוספת פצפוצים מצופים שוקולד 157 גרם,מיוצר עי קונדיטוריית,,,'יח,1.57,"ל-100 מ""ל",false,1,5.50,3.50,false,1,
7290110327798,false,חטיף חלבון GO - שוקולד 60 ג' חלב נוכרי - רבנות,"בלמונט קונפקציות בע""\מ.",,,'יח,1,ל-100 גרם,false,1,11.90,11.90,true,1,
7290110327804,false,חטיף חלבון GO - עוגיות 60 ג' חלב נוכרי - רבנות,"בלמונט קונפקציות בע""\מ.",,,'יח,1,ל-100 גרם,false,1,11.90,11.90,true,1,
7290110327811,false,חטיף חלבון GO בטעם בצק קוקוס 20 גר`חלבו,"בלמונט קונפקציות בע""\מ.",,,'יח,1,ל-100 גרם,false,1,11.90,11.90,true,1,
7290110328016,false,משקה סויה מועשר בחלבון בטעם אגוזי לוז 250 גרם,תנובה מרכז שיתופי לש,,,'יח,10,"ל-100 מ""ל",false,1,6.90,0.69,false,1,
7290110328023,false,משקה סויה מועשר בחלבון בטעם קפה 250 גרם,תנובה בעמ ***,,,'יח,10,"ל-100 מ""ל",false,1,6.90,0.69,false,1,
7290110328627,false,יוגורט יופלה GO במרקם סמיך בטעם בננה קרמל 0%,מיוצר עי קונדיטוריית,,,'יח,2,ל-100 גרם,false,1,5.90,2.95,false,1,
7290110328764,false,יוגורט יופלה GO במרקם סמיך עם תות 0%,מיוצר עי קונדיטוריית,,,'יח,2,ל-100 גרם,false,1,5.90,2.95,false,1,
7290110328771,false,יוגורט יופלה GO במרקם סמיך עם פירות יער 0%,מיוצר עי קונדיטוריית,,,'יח,2,ל-100 גרם,false,1,5.90,2.95,false,1,
7290110328788,false,יוגורט יופלה GO במרקם סמיך בטעם אפרסק 0%,תנובה מרכז שיתופי לש,,,'יח,2,ל-100 גרם,false,1,5.90,2.95,false,1,
7290110329136,false,מעדן חלב מעושר בחלבון בטעם שוקולד 120 ג' GO,תנובה מרכז שיתופי לש,,,'יח,1.50,ל-100 גרם,false,1,4.90,3.27,false,1,
7290110329143,false,מעדן חלב מעושר בחלבון בטעם וניל גביע 120 ג' GO,תנובה מרכז שיתופי לש,,,'יח,1.50,ל-100 גרם,false,1,4.90,3.27,false,1,
7290110329686,false,משקה GO חלב בטעם עוגיות 27 גר`חלבון,מיוצר עי קונדיטוריית,,,'יח,3.50,"ל-100 מ""ל",false,1,7.90,2.26,false,1,
7290110329723,false,משקה חלב קר בטעם לאטה 230 גרם תנובה,תנובה מרכז שיתופי לש,,,'יח,2.30,ל-100 גרם,false,1,7.90,3.43,false,1,
7290110329730,false,"משקה חלב עם שוקולד וקפה בסגנון לאטה 2.7%  230 מ""ל תנובה",תנובה מרכז שיתופי לש,,,'יח,2.30,ל-100 גרם,false,1,7.90,3.43,false,1,
7290110329792,false,יוגורט סויה BIO Alternative אפרסק 150 ג' תנובה,מיוצר עי קונדיטוריית,,,'יח,1.50,ל-100 גרם,false,1,4.90,3.27,false,1,
7290110329808,false,יוגורט סויה BIO Alternative תות 150 ג' תנובה,מיוצר עי קונדיטוריית,,,'יח,1.50,ל-100 גרם,false,1,4.90,3.27,false,1,
7290110550226,false,מטבעות שוקולד מריר לאפיה 400 גרם עלית,שטראוס גרופ בע`מ,,,'יח,4,ל-100 גרם,false,1,27.90,6.98,false,1,
7290110550363,false,"פריכיות משולשות תירס, אורז שיבולת שועל, קינואה",אנרג'י Energy - שטראוס,,,'יח,0.65,ל-100 גרם,false,10,8.90,13.69,true,1,
7290110552220,false,יוגורט PRO בטעם תות 0% סוכר לבן 20 גרם חלבון בגביע,שטראוס גרופ בעמ/מצונן,,,'יח,1.55,"ל-100 מ""ל",false,12,5.90,3.81,false,1,
7290110552237,false,יוגורט פרו בטעם אפרסק מנגו ללא סוכר 200 ג' דנונה,שטראוס גרופ בעמ/מצונן,,,'יח,1.55,"ל-100 מ""ל",false,12,5.90,3.81,false,1,
7290110553104,false,נסקפה קפוצ'ינו סטיק קלאסי 130 ג' עלית,שטראוס גרופ בע`מ,,,'יח,1,ל-100 גרם,false,1,16.90,16.90,false,1,
7290110553135,false,נסקפה קפוצ'ינו סטיק וניל 130 ג' עלית,שטראוס גרופ בע`מ,,,'יח,1,ל-100 גרם,false,1,16.90,16.90,false,1,
7290110553210,false,בוטנים הוט באפלו ווינגס סבבה עלית 50 גר,שטראוס פריטו ליי בע`מ,,,'יח,0.50,ל-100 גרם,false,1,1.90,3.80,false,1,
7290110553623,false,צ'יטוס קראנצ'י בטעם צ'דר חלפיניו - חלבי,"שטראוס פריטו ליי בע""\מ )",,,'יח,0.80,ל-100 גרם,false,1,4.90,6.13,false,1,
7290110554699,false,"קפה עולה קפסולות אספרסו קלייה איטית וכהה מאוד, 10 * 50 ג'",שטראוס קפה בי.וי.,,,'יח,1,'יח,false,1,17.90,17.90,true,1,
7290110554712,false,"קפסולות קפה אספרסו קלייה איטית ובהירה, 10 * 50 ג'",שטראוס קפה בי.וי.,,,'יח,1,'יח,false,1,17.90,17.90,true,1,
7290110555665,false,קקאו דל שומן עלית בקופסא 220 גרם,שטראוס גרופ בע`מ,,,'יח,1.50,ל-100 גרם,false,1,19.90,13.27,false,1,
7290110556242,false,"שוקולד מריר פרווה 100 גר' בד""ץ תוצרת חוץ","שטראוס גרופ בע""מ.",,,'יח,1,ל-100 גרם,false,1,5.90,5.90,true,1,
7290110557027,false,חומוס עשיר 50% טחינה גולמית 400 ג' אחלה,שטראוס גרופ בעמ/מצונן,,,'יח,4,ל-100 גרם,false,6,14.90,3.73,true,1,
7290110557102,false,מעדן חלב עם שוקולד מועשר בחלבון 150 ג' שטראוס,שטראוס גרופ בעמ/מצונן,,,'יח,1.50,ל-100 גרם,false,24,5.90,3.93,true,1,
7290110557133,false,מעדן הגולן וניל 125 ג' שטראוס,שטראוס גרופ בעמ/מצונן,,,'יח,1.25,ל-100 גרם,false,1,2.90,2.32,true,1,
7290110557478,false,חומוס גלילי במרקם מעודן 600 גרם,שטראוס גרופ בעמ/מצונן,,,'יח,6,ל-100 גרם,false,1,12.90,2.15,true,1,
7290110557645,false,מאגדת חטיפים אנרג'י מיקס צימוקים חמוציות 100X4 גרם,שטראוס גרופ בע`מ,,,'יח,1,ל-100 גרם,false,1,13.90,13.90,false,1,
7290110558130,false,יוגורט אקטיביה עם שיבולת שועל ודבש 150 גרם,שטראוס גרופ בעמ/מצונן,,,'יח,1,ל-100 גרם,false,24,5.10,5.10,false,1,
7290110558222,false,"וואו יוגורט עם שכבה בטעם בנופי פאי 5.4%, 150ג דנונה",שטראוס גרופ בעמ/מצונן,,,'יח,1.50,"ל-100 מ""ל",false,12,4.90,3.27,false,1,
7290110558253,false,דנונה שייק נונה ריפרש בננה אננס וצ'יה,שטראוס גרופ בעמ/מצונן,,,'יח,2.50,ל-100 גרם,false,1,5.90,2.36,false,1,
7290110558284,false,דנונה ביו מולטי שטראוס 200 גרם,שטראוס גרופ בעמ/מצונן,,,'יח,2,ל-100 גרם,false,3,4.90,2.45,false,1,
7290110558314,false,דנונה פרו 20 גרם חלבון ללא סוכר פיסטוק 200 גרם,שטראוס גרופ בעמ/מצונן,,,'יח,1.50,"ל-100 מ""ל",false,12,5.90,3.93,false,1,
7290110558666,false,מעדן גבינה בטעם תפוח 88 ג' דניאלה,שטראוס גרופ בעמ/מצונן,,,'יח,1.50,"ל-100 מ""ל",false,24,4.30,2.87,false,1,
7290110559007,false,"שועועית חומה טעם הטבע קופסה, 380 גרם",שטראוס גרופ בע`מ,,,'יח,3.80,ל-100 גרם,false,1,6.90,1.82,true,1,
7290110559014,false,שעועית שחורה מבושלת טעם הטבע 380 גרם,שטראוס גרופ בע`מ,,,'יח,3.80,ל-100 גרם,false,1,6.90,1.82,false,1,
7290110559748,false,ריל מאגדת שקדים קוקוס ושוקולד מריר שטראוס 105 גרם,"ואמואליס פודס אס.איי,",,,'יח,1,ל-100 גרם,false,1,13.90,13.90,false,1,
7290110559755,false,ריל מאגדת בוטנים פיסטוק וחמוציות שטראוס 105 גרם,"ואמואליס פודס אס.איי,",,,'יח,1,ל-100 גרם,false,1,13.90,13.90,false,1,
7290110560300,false,"הפריכיות הטעימות חומוס, עדשים שחורות, קינואה ופלפל שחור",אנרג'י Energy - שטראוס,,,'יח,0.30,ל-100 גרם,false,24,4.90,16.33,false,1,
7290110560317,false,"הפריכיות הטעימות חומוס, עדשים שחורות, קינואה ומלח ים","פרח תעשיו מזון בע""מ",,,'יח,0.30,ל-100 גרם,false,24,4.90,16.33,false,1,
7290110560324,false,"הפריכיות הטעימות תפו""א, אורז, אפונה ומלח ים","פרח תעשיו מזון בע""מ",,,'יח,0.30,ל-100 גרם,false,24,4.90,16.33,false,1,
7290110561352,false,דנונה יוגורט ביו פרוביוטי 3% דל לקטוז 150ג',שטראוס גרופ בעמ/מצונן,,,'יח,2,"ל-100 מ""ל",false,24,3.70,1.85,false,1,
7290110563431,false,"משקה קפה קר בסגנון קלאסי 230 מ""ל 1.6% יוטבתה",שטראוס גרופ בעמ/מצונן,,,'יח,2.30,"ל-100 מ""ל",false,1,7.90,3.43,true,1,
7290110563462,false,חלב 2% דל לקטוז בבקבוק יטבתה 1 ליטר.,שטראוס גרופ בעמ/מצונן,,,'יח,10,"ל-100 מ""ל",false,12,7.90,0.79,false,1,
7290110564339,false,חומוס אחלה הסידרה המובחר 30% טחינה 400 גר',שטראוס גרופ בעמ/מצונן,,,'יח,4,ל-100 גרם,false,6,14.90,3.73,true,1,
7290110564360,false,חומוס אחלה הסידרה המובחר 40% טחינה 400 גר',שטראוס גרופ בעמ/מצונן,,,'יח,4,ל-100 גרם,false,6,14.90,3.73,true,1,
7290110564742,false,"משקה קפה קר בסגנון חזק 230 מ""ל 1.2% יוטבתה",שטראוס גרופ בעמ/מצונן,,,'יח,2.30,"ל-100 מ""ל",false,10,7.90,3.43,true,1,
7290110565435,false,מעדן ג`לי בטעם פטל חלבי שטראוס (125 גרם,שטראוס גרופ בעמ/מצונן,,,'יח,1.25,ל-100 גרם,false,24,2.20,1.76,true,1,
7290110565527,false,יוגורט PRO פרו 1.5% 20 גרם חלבון בגביע,שטראוס גרופ בעמ/מצונן,,,'יח,1.50,"ל-100 מ""ל",false,12,5.90,3.93,false,1,
7290110565572,false,מארז קפה טורקי עלית לדרך עם הל 168 גרם,שטראוס קפה בי.וי.,,,'יח,1.40,ל-100 גרם,false,8,17.90,12.79,false,1,
7290110566623,false,קפסולות קולומביה עלית 08 למכונת נספרסו מארז 5X10ג',שטראוס קפה בי.וי.,,,'יח,0.50,ל-100 גרם,false,12,16.90,33.80,true,1,
7290110566975,false,דנונה פרו יוגורט 0% תות עשיר בחלבון 200ג',שטראוס גרופ בעמ/מצונן,,,'יח,1.55,"ל-100 מ""ל",false,12,5.90,3.81,false,1,
7290110568238,false,"קצפת צמחית 21% שומן 250 מ""ל יוטבתה",שטראוס גרופ בעמ/מצונן,,,'יח,2.50,"ל-100 מ""ל",false,18,7.90,3.16,false,1,
7290110570224,false,משקה קפה קר בטעם עוגיות (230 גר`) יטבתה,שטראוס גרופ בעמ/מצונן,,,'יח,2.30,"ל-100 מ""ל",false,1,7.90,3.43,false,1,
7290110570880,false,פולי אספרסו עשירים וארומטיים עוצמה 14 עלית 250 גרם,שטראוס גרופ בע`מ,,,'יח,2.50,ל-100 גרם,false,1,19.90,7.96,false,1,
7290110571184,false,עדשים חומות 380 גר` טעם הטבע שטראוס,שטראוס גרופ בע`מ,,,'יח,3.80,ל-100 גרם,false,1,6.90,1.82,true,1,
7290110571375,false,"אנרג'י מיקס תערובת צימוקים, תמרים, טופי ושברי פקאן",אנרג'י Energy - שטראוס,,,'יח,1,ל-100 גרם,false,1,13.90,13.90,false,1,
7290110571382,false,מעדן חלב בטעם וניל מעושר בחלבון 150 ג' שטראוס,שטראוס גרופ בעמ/מצונן,,,'יח,1.50,ל-100 גרם,false,24,5.90,3.93,true,1,
7290110571405,false,עלית - מיני פינוקיות בגביע פסק זמן 180 גרם,שטראוס גרופ בע`מ,,,'יח,1.80,ל-100 גרם,false,1,9.90,5.50,false,1,
7290110571481,false,פחית קפה נמס קמפיין משפטים 200 גרם 2022,שטראוס קפה בי.וי,,,'יח,2,ל-100 גרם,false,12,19.90,9.95,false,1,
7290110572129,false,כיף כף מקלות שוקולד לבן 40 ג' עלית,סולן בעבור שטראוס,,,'יח,0.40,ל-100 גרם,false,8,4.90,12.25,true,1,
7290110572884,false,"קפסולות קפה מספר 20 למכונת אספרס אספרסו, 50 גרם",שטראוס קפה בי.וי.,,,'יח,3.90,ל-100 גרם,false,1,16.90,4.33,true,1,
7290110572969,false,כיף כף פצפצים עלית קרם לבן (40 גר`),שולן צ'\יקולטה גידה סאן.,,,'יח,0.40,ל-100 גרם,false,12,4.90,12.25,true,1,
7290110572976,false,כיף כף פצפצים בגביע במילוי קרם בטעם שוקולד לבן,שולן צ'יקולטה גידה ס,,,'יח,1.35,ל-100 גרם,false,24,9.90,7.33,true,1,
7290110576318,false,מאגדת שלישיית שוקולד אגוז לבן 300 ג' עלית,שטראוס גרופ בע`מ,,,'יח,3,ל-100 גרם,false,1,21.90,7.30,true,1,
7290110576752,false,טבלאות שוקולד ספלנדיד מריר 70% 100 ג' עלית,שטראוס גרופ בע`מ,,,'יח,1,,false,12,11.90,11.90,false,1,
7290110576776,false,טבלאות שוקולד ספלנדיד מריר 85% 100 ג' עלית,שטראוס גרופ בע`מ,,,'יח,1,,false,12,11.90,11.90,false,1,
7290110577230,false,משקה חלב בטעם פיסטוק בבקבוק יטבתה 1 ליטר,שטראוס גרופ בעמ/מצונן,,,'יח,10,"ל-100 מ""ל",false,12,11.90,1.19,false,1,
7290110577247,false,"יטבתה משקה חלב-פיסטוק בבקבוק 350 מ""ל",שטראוס גרופ בעמ/מצונן,,,'יח,3.50,"ל-100 מ""ל",false,6,6.40,1.83,false,1,
7290111093470,false,"קוויק מסיר הפלא ספוגית להסרת כתמים, 3 יחידות",שקד תבל בע`מ,,,'יח,1,'יח,false,1,10.90,10.90,false,1,
7290111097041,false,מגבונים בייביסיטר מבושם שמינייה,קיבוץ עמיר dpl,,,'יח,1,'יח,false,1,19.90,19.90,false,1,
7290111283321,false,קופסת אוכל מחולקת כוח פי ג'יי,שמחה זה אנחנו בע`מ,,,'יח,1,,false,1,19.90,19.90,false,1,
7290111285356,false,צלחת במבוק 23 סמ סמי הכבאי,שמחה זה אנחנו בע`מ,,,'יח,1,,false,1,10.90,10.90,false,1,
7290111340178,false,מטליות לחות ניקול לניקוי כללי בניחוח מרכך כביסה 50 יח',קימברלי קלארק ישראל שיווק בעמ,,,'יח,1,,false,12,10.90,10.90,true,1,
7290111340185,false,מטליות לחות רצפה ניחוח מרכך כביסה ניקול 10 יחידות,קימברלי קלארק ישראל שיווק בעמ,,,'יח,1,,false,12,10.90,10.90,true,1,
7290111341984,false,לילי - מגבוני נייר טואלט לח פיור רביעייה,קימברלי קלארק ישראל שיווק בעמ,,,'יח,1,ל-100 גרם,false,1,19.90,19.90,false,1,
7290111342738,false,לילי - מגבוני נייר טואלט לח קידס רביעייה,קימברלי קלארק ישראל שיווק בעמ,,,'יח,1,ל-100 גרם,false,1,19.90,19.90,false,1,
7290111343117,false,קלינקס ממחטות לושן סופט פק זוגות 140דף,קימברלי קלארק ישראל שיווק בעמ,,,'יח,1,ל-100 גרם,false,1,13.90,13.90,true,1,
7290111344206,false,האגיס נטורל קר מגבונים לחים בבישום עדין רביעייה,קימברלי קלארק ישראל שיווק בעמ,,,'יח,1,'יח,false,6,19.90,19.90,false,1,
7290111346088,false,נייר טואלט מולט דו שכבתי 30 גלילים,קימברלי קלארק ישראל שיווק בעמ,,,'יח,1,ל-100 גרם,false,1,29.90,29.90,true,1,
7290111346293,false,מגבת נייר ניקול 6 יחידות מהדורה חגיגית,קימברלי קלארק ישראל שיווק בעמ,,,'יח,1,ל-100 גרם,false,1,11.90,11.90,true,1,
7290111346347,false,מגבוני אף אוריגינל סופט חמישיה קלינקס,קימברלי קלארק ישראל שיווק בעמ,,,'יח,1,'יח,false,1,15.90,15.90,false,1,
7290111346538,false,"האגיס פרידום דריי שלב 5+ משקל 14-20ק""ג",קימברלי קלארק ישראל שיווק בעמ,,,'יח,1,'יח,false,2,44.90,44.90,false,1,
7290111350047,false,תמרים מזן מגהול ללא חרצנים 500 גרם,ליימן שליסל בע`מ,,,'יח,5,ל-100 גרם,false,1,14.90,2.98,false,1,
7290111350726,false,חטיף נאצוס הוטפופ בסגנון מקסיקני 322 גר,ליימן שליסל בע`מ,,,'יח,3.22,ל-100 גרם,false,12,15.90,4.94,true,1,
7290111352935,false,יוגטה סוכריות טופי ממולאות 600 גרם 3 טעמים,ליימן שליסל בע`מ,,,'יח,6,ל-100 גרם,false,1,14.90,2.48,false,1,
7290111353093,false,יוגטה סוכריות טופי בטעם פירות בצורת מקלות 600 ג',ליימן שליסל בע`מ,,,'יח,6,ל-100 גרם,false,1,14.90,2.48,false,1,
7290111353550,false,חמאת בוטנים טבעית קליית גת 300 גרם,ליימן שליסל בע`מ,,,'יח,3,ל-100 גרם,false,1,14.90,4.97,false,1,
7290111353567,false,ממרח שקדים טבעי קליית גת 300 גרם,ליימן שליסל בע`מ,,,'יח,3,ל-100 גרם,false,1,33.90,11.30,false,1,
7290111560910,false,אוסם וופל טעם שוקולד אקסרט מילוי 200 ג,קבוצת אוסם סחר-שות.מוגבלת,,,'יח,2,ל-100 גרם,false,1,4.40,2.20,true,1,
7290111564277,false,פריכיות דקות ונימוחות 3 דגנים פיטנס Fitness,קבוצת אוסם סחר שותפות מוגבלת,,,'יח,1.20,ל-100 גרם,false,1,9.90,8.25,false,1,
7290111564291,false,פריכיות דקות ונימוחות 3 דגנים וקינואה פיטנס Fitness,קבוצת אוסם סחר שותפות מוגבלת,,,'יח,1.20,ל-100 גרם,false,1,9.90,8.25,false,1,
7290111564727,false,עוגיות אסם קרמוגית וקרם אגוזים אסם 200ג',קבוצת אוסם סחר שותפות מוגבלת,,,'יח,2,ל-100 גרם,false,1,10.90,5.45,true,1,
7290111564956,false,"ביסלי במבה מיקס 200 גרם ""אסם""",קבוצת אוסם סחר שותפות מוגבלת,,,'יח,2,ל-100 גרם,false,1,9.90,4.95,true,1,
7290111565038,false,"לה קרמריה וניל קוקילידה בד""צ 1.4 ל'",נגה גלידות שותפות מוגבלת,,,'יח,14,"ל-100 מ""ל",false,1,19.90,1.42,false,1,
7290111566318,false,שניצל דק מן הצומח בטעם ביתי 700 גרם,קבוצת אוסם סחר שותפות מוגבלת,,,'יח,5.64,ל-100 גרם,false,1,27.90,4.95,true,1,
7290111566561,false,"שניצל ברוקולי 99 קלוריות 560 גר' ""טבעול""",קבוצת אוסם סחר שותפות מוגבלת,,,'יח,6.93,ל-100 גרם,false,1,27.90,4.03,true,1,
7290111566691,false,"שניצל תרד 99 קלוריות 560 גרם ""טבעול""",קבוצת אוסם סחר-שות.מוגבלת,,,'יח,6.93,ל-100 גרם,false,1,27.90,4.03,true,1,
7290111568206,false,ביסלי פארטי מיקס אסם 150 גר',קבוצת אוסם סחר שותפות מוגבלת,,,'יח,1.50,ל-100 גרם,false,1,7.90,5.27,true,1,
7290111568961,false,אסם בייגלה טבעות מלוח 400 גר`,קבוצת אוסם סחר שותפות מוגבלת,,,'יח,4,ל-100 גרם,false,1,10.90,2.73,true,1,
7290111736889,false,סט שלישיית גרבי נשים,הום פרפקט ק.ד.מ בעמ,,,'יח,1,,false,1,14.90,14.90,true,1,
7290111879029,false,בקבוק טריטן 500 מל עם פיה מפלסטיק- מיני,שמחה זה אנחנו בע`מ,,,'יח,1,,false,1,25.50,25.50,false,1,
7290111879050,false,"בקבוק טריטן 500 מ""ל עם פיה מפלסטיק- כוח פי ג'יי",שמחה זה אנחנו בע`מ,,,'יח,1,,false,1,25.50,25.50,false,1,
7290111879159,false,בקבוק טריטן מרובע 500 מל`קליפס-כוח פיגי,שמחה זה אנחנו בע`מ,,,'יח,1,,false,1,25.50,25.50,false,1,
7290111930850,false,קראנצ'וס טעם פיצה 55גר',ש. שסטוביץ בע`מ,,,'יח,0.55,ל-100 גרם,false,1,3.90,7.09,true,1,
7290111930898,false,חטיף פוף כוכבים גריל אמריקאי 40 גרם,ש. שסטוביץ בע`מ,,,'יח,0.40,ל-100 גרם,false,1,3.90,9.75,true,1,
7290111930904,false,חטיף פוף כוכבים בצל 40 גרם,ש. שסטוביץ בע`מ,,,'יח,0.40,ל-100 גרם,false,1,3.90,9.75,true,1,
7290111930911,false,חטיף פוף לבבות קלאסי 40 גרם,ש. שסטוביץ בע`מ,,,'יח,0.40,ל-100 גרם,false,1,3.90,9.75,true,1,
7290111930928,false,חטיף פוף לבבות גריל 40 גרם,ש. שסטוביץ בע`מ,,,'יח,0.40,ל-100 גרם,false,1,3.90,9.75,true,1,
7290111930935,false,חטיף פוף טבעות קלאסי 40 גרם,ש. שסטוביץ בע`מ,,,'יח,0.40,ל-100 גרם,false,1,3.90,9.75,true,1,
7290111933462,false,"רוטב צ'ילי מתוק מאסטר שף 300 מ""ל",ש. שסטוביץ בע`מ,,,'יח,0.30,ל-100 גרם,false,1,9.90,33,false,1,
7290111933554,false,שלישייה עגבניות קוביות מאסטר שף 400 גרם,קונסוריזיו קאסאלסקו,,,'יח,1.20,ל-100 גרם,false,1,16.90,14.08,true,1,
7290111938481,false,"רוטב סויה בהירה מאסטר שף 300 מ""ל",ש. שסטוביץ בע`מ,,,'יח,3,"ל-100 מ""ל",false,1,9.90,3.30,false,1,
7290112001122,false,פיניש 52 טבליות למדיח בקופסא AIO,תה ויסוצקי בע`מ,,,'יח,1,,false,1,34.90,34.90,true,1,
7290112002129,false,ג'ל כביסה מרוכז קולון 101 בניחוח פריחה מרענן,רקיט בנקיזר (ניר איסט) בעמ,,,'יח,25,"ל-100 מ""ל",false,1,24.90,1,true,1,
7290112002136,false,ג'ל כביסה מרוכז קולון 101 קלאסי,רקיט בנקיזר (ניר איסט) בעמ,,,'יח,40,"ל-100 מ""ל",false,1,34.90,0.87,true,1,
7290112003959,false,וניש מסיר כתמים אבקה לכביסה צבעונית 470 גרם,רקיט בנקיזר (ניר איסט) בעמ,,,'יח,4.70,ל-100 גרם,false,1,16.90,3.60,true,1,
7290112004413,false,"ספריי וניש קליה להסרת כתמים לבגדים לבנים 750 מ""ל",רקיט בנקיזר (ניר איסט) בעמ,,,'יח,7.50,"ל-100 מ""ל",false,1,16.90,2.25,true,1,
7290112004963,false,"פיניש אולטימייט קפסולות לניקוי כלים במדיח, 25 יחידות",רקיט בנקיזר (ניר איסט) בעמ,,,'יח,1,'יח,false,1,39.90,39.90,false,1,
7290112005045,false,וניש מסיר כתמים אבקה לכביסה לבנה 480 גרם,רקיט בנקיזר (ניר איסט) בעמ,,,'יח,4.80,ל-100 גרם,false,1,16.90,3.52,false,1,
7290112005076,false,וניש תוסף כביסה רב תכליתי צבעוני 480 גרם,רקיט בנקיזר (ניר איסט) בעמ,,,'יח,4.80,ל-100 גרם,false,1,16.90,3.52,false,1,
7290112330352,false,"יוגורט PRO בטעם וניל 0% , 20 גרם חלבון בגביע",שטראוס גרופ בעמ/מצונן,,,'יח,2,"ל-100 מ""ל",false,12,5.90,2.95,false,1,
7290112330390,false,דנונה פרו פירות יער 20 גרם חלבון 0% שומן 200 גרם,שטראוס גרופ בעמ/מצונן,,,'יח,2,"ל-100 מ""ל",false,12,5.90,2.95,false,1,
7290112330420,false,דנונה פרו לבן 2.9% שומן בודד 150גר,שטראוס גרופ בעמ/מצונן,,,'יח,1.50,"ל-100 מ""ל",false,24,4.90,3.27,false,1,
7290112331274,false,קפטן קראנץ קוואר דגני בוקר בטעם דבש 400 גרם,שטראוס פריטו ליי בע`מ,,,'יח,4,ל-100 גרם,false,1,21.90,5.48,true,1,
7290112332585,false,פריכיות משולש תפוא אורז בתיבול סלק ומלח ים אנרג'י 30 גרם,"פרח תעשיו מזון בע""מ",,,'יח,0.30,ל-100 גרם,false,24,4.90,16.33,false,1,
7290112332691,false,פינוקיות עוגיות קרם פסק זמן אגוזים 200 גרם,"הגביע מוצרי וופלים בע""\מ",,,'יח,2,ל-100 גרם,false,1,9.90,4.95,false,1,
7290112332875,false,מסטיק מאסט קוביות בטעם מנטה עדינה 86 ג' עלית,שטראוס גרופ בע`מ,,,'יח,0.80,ל-100 גרם,false,1,14.90,18.63,false,1,
7290112332899,false,עלית - צנצנת בזוקה פופים קלאסי 58 גרם,שטראוס גרופ בע`מ,,,'יח,0.66,ל-100 גרם,false,12,9.90,15,true,1,
7290112334749,false,קפה טורקי בצלופן עלית 200 גרם+ 10% תוספת,שטראוס קפה בי.וי,,,'יח,2.40,ל-100 גרם,false,24,15.90,6.63,false,1,
7290112335487,false,הפריכיות הטעימות קצח ודגנים אנרג'י 135 גרם,אנרג'י Energy - שטראוס,,,'יח,1.35,ל-100 גרם,false,1,11.90,8.81,false,1,
7290112335500,false,"פרכיות אנרג'י חומוס,אורז,עדשים שחורות וקינואה 135 גרם","פרח תעשיות מזון בע""\מ",,,'יח,1.35,ל-100 גרם,false,1,11.90,8.81,false,1,
7290112336637,false,סוכריות מאסט Must ללא סוכר יוגורט תות ואוכניות,שטראוס גרופ בע`מ,,,'יח,0.80,ל-100 גרם,false,12,7.90,9.88,false,1,
7290112336644,false,סוכריות מאסט ללא סוכר לימון 80 ג' עלית,שטראוס גרופ בע`מ,,,'יח,0.80,ל-100 גרם,false,1,7.90,9.88,false,1,
7290112336712,false,יוגורט PRO לבן 0% 21 גרם חלבון בגביע,שטראוס גרופ בעמ/מצונן,,,'יח,2,"ל-100 מ""ל",false,12,5.90,2.95,false,1,
7290112337474,false,סוכריות מאסט ללא סוכר פטל לימון 80 ג' עלית,שטראוס גרופ בע`מ,,,'יח,0.80,ל-100 גרם,false,12,7.90,9.88,false,1,
7290112338877,false,מעדן גבינה בטעם תות 3% 125ג' סקי,שטראוס גרופ בעמ/מצונן,,,'יח,1.25,ל-100 גרם,false,24,3.90,3.12,true,1,
7290112339171,false,מעדן מוס שוקולד 81 גר`מילקי,שטראוס גרופ בעמ/מצונן,,,'יח,0.81,"ל-100 מ""ל",false,24,4,4.94,false,1,
7290112339867,false,גמדים לדרך גבינה לבנה עם מחית תות,שטראוס גרופ בעמ/מצונן,,,'יח,1,ל-100 גרם,false,7,5.90,5.90,true,1,
7290112339874,false,גמדים לדרך גבינה לבנה עם מחיות תות ובננה,שטראוס גרופ בעמ/מצונן,,,'יח,2,ל-100 גרם,false,7,5.90,2.95,true,1,
7290112340122,false,הפריכיות הטעימות 3 דגנים אנרג'י 135 גרם,"פרח תעשיות מזון בע""\מ",,,'יח,1.35,ל-100 גרם,false,1,11.90,8.81,false,1,
7290112340900,false,קפה טורקי האג נטול קפאין 200 גרם,הנסיך- מפעל לייצור ט,,,'יח,2,ל-100 גרם,false,24,25.90,12.95,false,1,
7290112341679,false,אקטיביה יוגורט 3% דנונה (200 גרם),שטראוס גרופ בעמ/מצונן,,,'יח,2,"ל-100 מ""ל",false,24,4,2,true,1,
7290112342102,false,סימפוניה גבינה במרקם שמנת בצל מקורמל 5%,שטראוס גרופ בעמ/מצונן,,,'יח,2,ל-100 גרם,false,12,10.90,5.45,true,1,
7290112343260,false,"יטבתה רוטב שמנת קלאסי 9% שומן 260 מ""ל",שטראוס גרופ בעמ/מצונן,,,'יח,2.50,"ל-100 מ""ל",false,18,11.90,4.76,true,1,
7290112343420,false,"משקה חלב עם דגנים מלאים ובננה פרו יטבתה 350מ""ל",שטראוס גרופ בעמ/מצונן,,,'יח,3.50,"ל-100 מ""ל",false,6,6.90,1.97,false,1,
7290112343499,false,חטיף צ'יטוס פאפס אפוי בטעם גבינה,"שטראוס פריטו ליי בע""\מ )",,,'יח,0.55,ל-100 גרם,false,1,3.90,7.09,false,1,
7290112344724,false,מילקי בטעם שוקולד בלונדי עם קצפת 133גר,שטראוס גרופ בעמ/מצונן,,,'יח,1.35,ל-100 גרם,false,1,4,2.96,false,1,
7290112344755,false,מילקי עם 26% פחות סוכר 135 גר}שטראוס{,שטראוס גרופ בעמ/מצונן,,,'יח,1.30,"ל-100 מ""ל",false,24,2.90,2.23,false,1,
7290112344786,false,קפה פלטינום קלאסיק עלית 200 גרם,הנסיך- מפעל לייצור ט,,,'יח,2,ל-100 גרם,false,6,27.90,13.95,true,1,
7290112344953,false,סימפוניה חציל קלוי גבינה במקרם שמנת 5%,שטראוס גרופ בעמ/מצונן,,,'יח,2,ל-100 גרם,false,12,10.90,5.45,true,1,
7290112346360,false,בפלות אחת אחת ופל בטעם שוקולד מצופה שוקולד,הגביע מוצרי וופלים ב,,,'יח,1.25,ל-100 גרם,false,1,11.90,9.52,false,1,
7290112346629,false,דנונה בר יוגורט+קורנפלקס מצופה שוקולד חלב ולבן 172 גרם,שטראוס גרופ בעמ/מצונן,,,'יח,1.83,"ל-100 מ""ל",false,24,4.60,2.51,false,1,
7290112346827,false,שמיניית אקטימל ויטמין C פטל 108 גרם,שטראוס גרופ בעמ/מצונן,,,'יח,8,"ל-100 מ""ל",false,6,21.90,2.74,false,1,
7290112347008,false,גמדים לדרך גבינה לבנה עם מחית תות ושיבולת שועל,שטראוס גרופ בעמ/מצונן,,,'יח,5,ל-100 גרם,false,7,5.90,1.18,true,1,
7290112348142,false,שעועית לבנה 380 גר' בקופסה טעם הטבע,שטראוס גרופ בע`מ,,,'יח,3.80,ל-100 גרם,false,1,6.90,1.82,true,1,
7290112348616,false,עלית - קפה נמס אגוזי לוז 100 גרם,שטראוס קפה בי.וי,,,'יח,1,ל-100 גרם,false,1,14.90,14.90,true,1,
7290112348999,false,הפריכיות הטעימות תירס דקות אנרג'י 135 גרם,שטראוס גרופ בע`מ,,,'יח,1.35,ל-100 גרם,false,1,11.90,8.81,false,1,
7290112349606,false,מעדן גבינה ויוגורט תות בננה 88 ג' דניאלה,שטראוס גרופ בעמ/מצונן,,,'יח,0.88,"ל-100 מ""ל",false,1,4.30,4.89,false,1,
7290112349699,false,פסאטה מחית עגבניות חלקה 350 גר' יד מרדכי,אמיליאנה קונסרב סוסייטה,,,'יח,3.50,ל-100 גרם,false,1,7.90,2.26,false,1,
7290112349750,false,פיצה רוטב עגבניות לפיצה יד מרדכי 350 גרם,אמיליאנה קונסרב סוסייטה,,,'יח,3.50,ל-100 גרם,false,1,10.90,3.11,true,1,
7290112350312,false,קפסולות 15 קפה יותר למכונות נספרסו עלית 10יח',הנסיך- מפעל לייצור ט,,,'יח,0.50,ל-100 גרם,false,12,16.90,33.80,true,1,
7290112351104,false,שוקולד פרה ממולא פיצפוצי אורז 100 ג' עלית,"שטראוס גרופ בע""\מ",,,'יח,1,,false,12,5.90,5.90,false,1,
7290112351128,false,שוקולד פרה סוכריות קופצות וועסטהייים,"שטראוס גרופ בע""\מ",,,'יח,1,,false,12,5.90,5.90,false,1,
7290112351470,false,סוכריות ללא סוכר בטעם תות רימון מאסט פרש,"הליקון גידה בע""\מ",,,'יח,0.45,ל-100 גרם,false,1,7.90,17.56,false,1,
7290112354945,false,תפוצ'יפס WAVY בטעם טבעי 50 גרם,שטראוס פריטו ליי בע”,,,'יח,5,ל-100 גרם,false,1,3.90,0.78,false,1,
7290112354952,false,תפוצ`יפס פפריקה (50 גרם)היתר מכירה,שטראוס פריטו ליי בע”,,,'יח,5,ל-100 גרם,false,1,3.90,0.78,false,1,
7290112354969,false,תפוצ'יפס בטעם טבעי 200 גרם היתר מכירה,שטראוס פריטו ליי בע”,,,'יח,2,ל-100 גרם,false,1,10.90,5.45,true,1,
7290112355027,false,דנונה פרו 20 גרם חלבון בטעם קרמל מלוח 200 גרם,שטראוס גרופ בעמ/מצונן,,,'יח,2,"ל-100 מ""ל",false,12,5.90,2.95,false,1,
7290112355102,false,גמדים סקוויז 100 גרם פאוץ סלט פירות 100 גרם,שטראוס גרופ בעמ/מצונן,,,'יח,2,ל-100 גרם,false,7,5.90,2.95,true,1,
7290112355393,false,"יטבתה רוטב שמנת+בטטה 9% שומן 250 מ""ל",שטראוס גרופ בעמ/מצונן,,,'יח,2.50,"ל-100 מ""ל",false,18,10.90,4.36,false,1,
7290112355812,false,מילקי טופ קורנפלקס 141 ג' שטראוס,שטראוס גרופ בעמ/מצונן,,,'יח,1.08,"ל-100 מ""ל",false,1,4.90,4.54,false,1,
7290112357083,false,טעם הטבע אפונה ירוקה 380 גרם קופסה,הדקלאים אגודת שיתופי,,,'יח,3.80,ל-100 גרם,false,1,6.90,1.82,true,1,
7290112357106,false,שעועית אדומה 380 גר' בקופסה טעם הטבע,שטראוס גרופ בע`מ,,,'יח,3.80,ל-100 גרם,false,1,6.90,1.82,true,1,
7290112358004,false,פסק זמן חטיף קראנץ עלית( 32 גר`),שולן צ'\יקולטה גידה סאן.,,,'יח,0.32,ל-100 גרם,false,24,5.30,16.56,false,1,
7290112358127,false,דנונה פרו חלבון+מגנזיום- וניל ועוגיות 200 גרם,שטראוס גרופ בעמ/מצונן,,,'יח,2,"ל-100 מ""ל",false,1,6.30,3.15,false,1,
7290112358219,false,רוטב צ`ילי מתוק יד מרדכי (300 גר`),אף.סי תבליני בגליל ב,,,'יח,3,"ל-100 מ""ל",false,1,12.90,4.30,false,1,
7290112490117,false,קליק אקסטרא לארג שוקולד חלב עם וופל ואגוזים,יוניליוור ישראל שיווק בע`מ,,,'יח,1,,false,1,5.90,5.90,true,1,
7290112490216,false,מרק נמס בכוס בטעם עוף קנור 100% רכיבים טבעיים,יוניליוור ישראל שיווק בע`מ,,,'יח,0.64,ל-100 גרם,false,1,6.40,10,true,1,
7290112490230,false,מרק נמס בכוס אפונה קנור 100% רכיבים טבעיים,יוניליוור ישראל שיווק בע`מ,,,'יח,0.64,ל-100 גרם,false,1,6.40,10,true,1,
7290112490582,false,חרדל דיג'וןן צרפתי הלמנס 350 גר,יוניליוור ישראל שיווק בע`מ,,,'יח,0.54,ל-100 גרם,false,1,14.90,27.59,false,1,
7290112490650,false,קונפיטורה תות שדה 340 גרם-צנצנת,יוניליוור ישראל שיווק בע`מ,,,'יח,3.40,ל-100 גרם,false,1,13.90,4.09,false,1,
7290112490667,false,קונפיטורה משמש778 50% פרי 340 גר',יוניליוור ישראל שיווק בע`מ,,,'יח,3.40,ל-100 גרם,false,1,13.90,4.09,false,1,
7290112490674,false,קונפיטורה דובדבנים 778 50% פרי 340 גר-,יוניליוור ישראל שיווק בע`מ,,,'יח,3.40,ל-100 גרם,false,1,13.90,4.09,false,1,
7290112490735,false,מרק עשיר עגבניות עם פסטה ר.טבעיים 105 גרם קנור,יוניליוור ישראל שיווק בע`מ,,,'יח,10,ל-100 גרם,false,1,12.90,1.29,true,1,
7290112490742,false,מרק עשיר פטריות עם גריסים רכיבים טבעיים 104 ג' קנור,יוניליוור ישראל שיווק בע`מ,,,'יח,10,ל-100 גרם,false,1,12.90,1.29,true,1,
7290112490759,false,מרק עשיר עוף עם אטריות רכיבים טבעיים 74 ג' קנור,יוניליוור ישראל שיווק בע`מ,,,'יח,10,ל-100 גרם,false,1,12.90,1.29,true,1,
7290112490827,false,תרסיס ריחני למייבש הכביסה בדין בייבי 500,יוניליוור ישראל שיווק בע`מ,,,'יח,5,"ל-100 מ""ל",false,1,18.10,3.62,false,1,
7290112490896,false,"קנור רוטב צ'ילי חריף 370 מ""ל PAL",יוניליוור ישראל שיווק בע`מ,,,'יח,3.70,ל-100 גרם,false,1,12.90,3.49,true,1,
7290112491701,false,ברנפלקס בטעם וניל מעודן 20% חלבון Extra Protein,יוניליוור ישראל שיווק בע`מ,,,'יח,3.75,ל-100 גרם,false,1,22.90,6.11,false,1,
7290112491787,false,בייגלה דקים דקים עם שומשום בייגל בייגל 300 גרם,יוניליוור ישראל שיווק בע`מ,,,'יח,3,ל-100 גרם,false,1,9.90,3.30,false,1,
7290112492456,false,"שמפו פינוק לשיער יבש/פגום 700 מ""ל",יוניליוור ישראל שיווק בע`מ,,,'יח,7,"ל-100 מ""ל",false,1,11.90,1.70,false,1,
7290112492463,false,"שמפו ומרכך 2 ב-1 לשיער רגיל פינוק 700 מ""ל.",יוניליוור ישראל שיווק בע`מ,,,'יח,7,"ל-100 מ""ל",false,1,11.90,1.70,false,1,
7290112492487,false,פינוק שמפו לשיער עם שמן מרוקאי 700 מל,יוניליוור ישראל שיווק בע`מ,,,'יח,7,"ל-100 מ""ל",false,1,11.90,1.70,false,1,
7290112492500,false,פינוק שמפו לשיער עם שמן קוקוס 700 מל,יוניליוור ישראל שיווק בע`מ,,,'יח,7,"ל-100 מ""ל",false,1,11.90,1.70,false,1,
7290112492531,false,"פינוק קונדישנר לשיער רגיל 700מ""ל",יוניליוור ישראל שיווק בע`מ,,,'יח,7,"ל-100 מ""ל",false,1,11.90,1.70,false,1,
7290112492593,false,תחליב רחצה פינוק בניחוח פינוק קלאסי 700,יוניליוור ישראל שיווק בע`מ,,,'יח,7,"ל-100 מ""ל",false,1,10.90,1.56,false,1,
7290112492630,false,"שמפו ג'ל רחצה וסבון פנים 3 ב-1 לגבר פינוק 700 מ""ל",יוניליוור ישראל שיווק בע`מ,,,'יח,7,"ל-100 מ""ל",false,1,11.90,1.70,false,1,
7290112492647,false,"פינוק לגבר 3 ב1 שמפו ג'ל רחצה וסבון פנים 700 מ""ל",יוניליוור ישראל שיווק בע`מ,,,'יח,7,"ל-100 מ""ל",false,1,11.90,1.70,false,1,
7290112492982,false,"אבקת מרק פטריות כשל""פ 100% רכיבים טבעיים 400 גרם",יוניליוור ישראל שיווק בע`מ,,,'יח,4,ל-100 גרם,false,1,24.90,6.23,false,1,
7290112492999,false,קנור מרק עוף אמיתי 400 גרם פרווה,יוניליוור ישראל שיווק בע`מ,,,'יח,4,ל-100 גרם,false,1,11.90,2.98,false,1,
7290112493088,false,נמס בכוס עדשים מרק רכיבים טבעיים קנור 54 ג',יוניליוור ישראל שיווק בע`מ,,,'יח,0.64,ל-100 גרם,false,1,6.40,10,true,1,
7290112493095,false,נמס בכוס מרק עגבניות חריף רכיבים טבעיים קנור 48 ג',יוניליוור ישראל שיווק בע`מ,,,'יח,0.64,ל-100 גרם,false,1,6.40,10,true,1,
7290112493293,false,קנור - נמס ירקות וקרוטונים ר.טבעי 44 גרם,יוניליוור ישראל שיווק בע`מ,,,'יח,0.64,ל-100 גרם,false,1,6.40,10,true,1,
7290112494221,false,חטיף ביסקויט שוקולד חלב קליק (65 גרם),יוניליוור ישראל שיווק בע`מ,,,'יח,0.65,ל-100 גרם,false,1,5.90,9.08,true,1,
7290112494238,false,חטיף כדורים שוקולד חלב קליק (65 גרם),יוניליוור ישראל שיווק בע`מ,,,'יח,0.65,ל-100 גרם,false,1,5.90,9.08,true,1,
7290112494276,false,קליק כריות בתפזורת כשר לפסח,יוניליוור ישראל שיווק בע`מ,,,'יח,0.65,ל-100 גרם,false,1,5.90,9.08,true,1,
7290112494313,false,קליק - קורנפלקס תפזורת 65 גרם,יוניליוור ישראל שיווק בע`מ,,,'יח,0.65,ל-100 גרם,false,1,5.90,9.08,true,1,
7290112495037,false,דגני בוקר בטעם שוקולד כדורים 375 ג' קוקומן,יוניליוור ישראל שיווק בע`מ,,,'יח,3.75,ל-100 גרם,false,1,19.90,5.31,true,1,
7290112495044,false,דגני קוקומן פצפוצים תלמה (375 גרם),יוניליוור ישראל שיווק בע`מ,,,'יח,3.75,ל-100 גרם,false,1,19.90,5.31,true,1,
7290112495105,false,נשנושים טעם שמנת בצל בייגל בייגל 260 גרם,יוניליוור ישראל שיווק בע`מ,,,'יח,2.60,ל-100 גרם,false,1,12.90,4.96,true,1,
7290112495150,false,נשנושי קרקר עיגולים מלח בייגל בייגל 300 גרם,יוניליוור ישראל שיווק בע`מ,,,'יח,3,ל-100 גרם,false,1,12.90,4.30,true,1,
7290112495228,false,קורנפלקס נגיעות דבש תלמה 448 גרם,יוניליוור ישראל שיווק בע`מ,,,'יח,4.48,ל-100 גרם,false,1,17.90,4,true,1,
7290112495433,false,דגני דליפקאן תוספת אגוזי פקאן ושקדים 400 גר,יוניליוור ישראל שיווק בע`מ,,,'יח,4,ל-100 גרם,false,1,21.90,5.48,false,1,
7290112495488,false,קורנפלקס פתיתי תירס קלויים ללא גלוטן 500,יוניליוור ישראל שיווק בע`מ,,,'יח,5,ל-100 גרם,false,1,19.90,3.98,false,1,
7290112495556,false,מארז שלישיית חטיפי קליק ממולא בנוגט,יוניליוור ישראל שיווק בע`מ,,,'יח,0,ל-100 גרם,false,1,12.90,12.90,false,1,
7290112495594,false,בייגלה שמיניות גדולות ללא מלח בייגל בייגל 400 גרם,יוניליוור ישראל שיווק בע`מ,,,'יח,4,ל-100 גרם,false,1,13.90,3.48,false,1,
7290112495747,false,רוטב צ''ילי מתוק כ 70% פחות סוכר 340 ג' קנור,יוניליוור ישראל שיווק בע`מ,,,'יח,3,"ל-100 מ""ל",false,1,11.90,3.97,true,1,
7290112495754,false,רוטב לסלט אלף האיים הלמנס (305 מל),יוניליוור ישראל שיווק בע`מ,,,'יח,3,"ל-100 מ""ל",false,1,10.90,3.63,false,1,
7290112495761,false,רוטב לסלט אלף האיים לייט הלמנס (305 מל),יוניליוור ישראל שיווק בע`מ,,,'יח,3.05,ל-100 גרם,false,1,11.90,3.90,false,1,
7290112495785,false,רוטב לסלט שום (300 גרם)הלמנס,יוניליוור ישראל שיווק בע`מ,,,'יח,3,ל-100 גרם,false,1,10.90,3.63,false,1,
7290112496027,false,"סירופ שוקולד לחיץ 580 מ""ל כשל""פ אפיכל",יוניליוור ישראל שיווק בע`מ,,,'יח,6,"ל-100 מ""ל",false,1,15.90,2.65,false,1,
7290112496034,false,"סירופ מייפל לחיץ 580 מ""ל כשל""פ אפיכל",יוניליוור ישראל שיווק בע`מ,,,'יח,6,"ל-100 מ""ל",false,1,15.90,2.65,false,1,
7290112496218,false,קנור רוטב טריאקי הפחתה של מעל 50% סוכר ונתרן 310 ג',יוניליוור ישראל שיווק בע`מ,,,'יח,3.40,ל-100 גרם,false,1,11.90,3.50,true,1,
7290112496270,false,"פתית צ'יפס תפו""א בתוספת עגבניות ועשבי תיבול 22 גרם",יוניליוור ישראל שיווק בע`מ,,,'יח,1,ל-100 גרם,false,1,4.90,4.90,false,1,
7290112496287,false,פתית - צ'יפס בטטה בטעם טבעי 21 גרם,יוניליוור ישראל שיווק בע`מ,,,'יח,1,ל-100 גרם,false,1,4.90,4.90,false,1,
7290112496294,false,חטיף פתית צ'יפס עם אפונה ירוקה צהובה וצ'ילי,יוניליוור ישראל שיווק בע`מ,,,'יח,1,ל-100 גרם,false,1,4.90,4.90,false,1,
7290112496461,false,נמס בכוס אקסטרה מרק ירקות עם המון אטריות,יוניליוור ישראל שיווק בע`מ,,,'יח,0.39,ל-100 גרם,false,1,4.20,10.77,false,1,
7290112497499,false,קליק אקסטרא לארג שוקולד לבן עוגיות 85 גרם,יוניליוור ישראל שיווק בע`מ,,,'יח,85,ל-100 גרם,false,1,5.90,0.07,true,1,
7290112497710,false,פינוק בייבי שמפו אל דמע לתינוקות 700 מל,יוניליוור ישראל שיווק בע`מ,,,'יח,7,"ל-100 מ""ל",false,1,15.90,2.27,false,1,
7290112497994,false,"גרנולה תלמה פרוטאין בתוספת חלבון ואגוזים, 300 גרם",יוניליוור ישראל שיווק בע`מ,,,'יח,3,ל-100 גרם,false,1,15.90,5.30,false,1,
7290112498007,false,גרנולה פרוטאין בתוספת חלבון שקדים וחמוציות תלמה 300 ג',יוניליוור ישראל שיווק בע`מ,,,'יח,3,ל-100 גרם,false,1,15.90,5.30,false,1,
7290112498052,false,מארז פתית צ`יפס בטטה בטעם טבעי 84 ג`,יוניליוור ישראל שיווק בע`מ,,,'יח,0.84,ל-100 גרם,false,1,14.90,17.74,false,1,
7290112498267,false,פינוק אל סבון לידיים בניחוח פינוק קלאסי,יוניליוור ישראל שיווק בע`מ,,,'יח,1,'יח,false,1,11.90,11.90,false,1,
7290112498274,false,פינוק אלסבון לידיים לבנדר וניל 1ליטר+משא,יוניליוור ישראל שיווק בע`מ,,,'יח,1,'יח,false,1,11.90,11.90,false,1,
7290112498441,false,"קנור רוטב אסיאתי למוקפץ 300 מ""ל בד""ץ",יוניליוור ישראל שיווק בע`מ,,,'יח,3,"ל-100 מ""ל",false,1,11.90,3.97,true,1,
7290112498915,false,מאגדת מיני מגנום שקדים מובחר שטראוס 250 גרם,"מיוצר ע""\י גלידת שטראוס",,,'יח,1,ל-100 גרם,false,1,26.90,26.90,false,1,
7290112498922,false,מאגדת מיני מגנום לבן שטראוס 250 גרם,"מיוצר ע""\י גלידת שטראוס",,,'יח,1,ל-100 גרם,false,1,26.90,26.90,false,1,
7290112499097,false,מאגדת מיני מגנום מריר Intense Dark! 240 גרם,"מיוצר ע""\י גלידת שטראוס",,,'יח,1,ל-100 גרם,false,1,26.90,26.90,false,1,
7290112499219,false,שלגון שמנת מופחת שומן וקלוריות בטעם פיסטוק עם ריפל בטעם שוקולד מריר וציפוי חלקי של שוקולד חלב מעולה,"גלידת שטראוס בע""\מ, רחוב",,,'יח,2.35,ל-100 גרם,false,1,29.90,12.72,false,1,
7290112499226,false,גלידונית פיסטוק ובננהבקלקר 60 יח 700 גרם,"גלידת שטראוס בע""\מ, רחוב",,,'יח,7,ל-100 גרם,false,1,39.90,5.70,false,1,
7290112499455,false,פינוק תחליב רחצה 700 בתוספת שמן מרוקאי,יוניליוור ישראל שיווק בע`מ,,,'יח,7,"ל-100 מ""ל",false,1,10.90,1.56,false,1,
7290112499462,false,פינוק תחליב רחצה 700 בתוספת שמן קוקוס,יוניליוור ישראל שיווק בע`מ,,,'יח,7,"ל-100 מ""ל",false,1,10.90,1.56,false,1,
7290112499479,false,"פינוק - שמפו בתוספת קרטין 700 מ""ל",יוניליוור ישראל שיווק בע`מ,,,'יח,7,"ל-100 מ""ל",false,1,11.90,1.70,false,1,
7290112499776,false,גלידת שמנת מופחתת שומן וקלוריות בטעם שוקולד לבן 240 גרם,"גלידת שטראוס בע""\מ, רח'\",,,'יח,3.30,ל-100 גרם,false,1,29.90,9.06,false,1,
7290112499844,false,מאגדת מיני מגנום דואט שוקולד עם נוגט שטראוס 310 גרם,"מיוצר ע""\י גלידת שטראוס",,,'יח,1,ל-100 גרם,false,1,26.90,26.90,false,1,
7290112499943,false,מיני מאגדת מיני מגנום טעמים שונים וניל+שוקו,"מיוצר ע""\י גלידת שטראוס",,,'יח,2.50,ל-100 גרם,false,1,26.90,10.76,false,1,
7290112705426,false,צלחת במבוק חד קרן 23,שמחה זה אנחנו בע`מ,,,'יח,1,,false,1,10.90,10.90,false,1,
7290112706362,false,מארז שלישיית ביצי שוקולד מפרץ ההרפתקאות,שמחה זה אנחנו בע`מ,,,'יח,0,ל-100 גרם,false,1,14.90,14.90,false,1,
7290112961266,false,בייגלה כפיות פיזור איטלקי אסם 300 גרם,קבוצת אוסם סחר שותפות מוגבלת,,,'יח,3,ל-100 גרם,false,1,10.90,3.63,true,1,
7290112962287,false,טבעול שווארמה טבעונית 6*450 גרם,קבוצת אוסם סחר שותפות מוגבלת,,,'יח,4.50,ל-100 גרם,false,1,27.90,6.20,false,1,
7290112963321,false,גריסיני בייגלה שטוח ללא גלוטן אסם 300גרם,קבוצת אוסם סחר שותפות מוגבלת,,,'יח,3,ל-100 גרם,false,1,14.90,4.97,false,1,
7290112963918,false,פיטנס חטיפי קרקר דק רוזמרין 140 גרם,קבוצת אוסם סחר שותפות מוגבלת,,,'יח,1.40,ל-100 גרם,false,1,11.90,8.50,true,1,
7290112965103,false,תבשיל קוסקוס עם ירקות אסם 146 גרם,קבוצת אוסם סחר שותפות מוגבלת,,,'יח,1.40,ל-100 גרם,false,1,10.90,7.79,true,1,
7290112965141,false,תבשיל פתיתים אפויים עם ירקות 130 גרם,קבוצת אוסם סחר שותפות מוגבלת,,,'יח,1.30,ל-100 גרם,false,1,10.90,8.38,true,1,
7290112965165,false,מרק נמס פטריות אסם בדצ 48 גרם מארז זוגי,קבוצת אוסם סחר שותפות מוגבלת,,,'יח,1.20,ל-100 גרם,false,1,5.90,4.92,true,1,
7290112965240,false,מרק נמס בטעם עגבניות זוג * 44 ג' אסם,קבוצת אוסם סחר שותפות מוגבלת,,,'יח,1.20,ל-100 גרם,false,1,5.90,4.92,true,1,
7290112965288,false,מרק נמס ירקות אסם בדצ 56 גרם מארז זוגי,קבוצת אוסם סחר שותפות מוגבלת,,,'יח,1.20,ל-100 גרם,false,1,5.90,4.92,true,1,
7290112965301,false,זוג מרק נמס בטעם עוף עם שקדי מרק רגע חם,קבוצת אוסם סחר שותפות מוגבלת,,,'יח,1.20,ל-100 גרם,false,1,5.90,4.92,true,1,
7290112965325,false,תבשיל אורז ספרדי אוסם 140 גרם,קבוצת אסם סחר שות. מוגבלת,,,'יח,1.40,ל-100 גרם,false,1,10.90,7.79,true,1,
7290112965585,false,פרפקטו פסטה קסרצה אסם 500 גרם,קבוצת אוסם סחר שותפות מוגבלת,,,'יח,5,ל-100 גרם,false,1,6.90,1.38,true,1,
7290112965707,false,פיטנס - חטיף מולטיגריין צילי מעודן 25 גרם,קבוצת אוסם סחר שותפות מוגבלת,,,'יח,0.25,ל-100 גרם,false,1,4.90,19.60,false,1,
7290112965745,false,אוסם - ביסלי פריסטייל בצל מעושן 60 גרם,קבוצת אוסם סחר שותפות מוגבלת,,,'יח,0.60,ל-100 גרם,false,1,3.90,6.50,true,1,
7290112965806,false,אוסם - ביסלי פריסטייל חמוץ חריף 60 גרם,קבוצת אוסם סחר שותפות מוגבלת,,,'יח,0.60,ל-100 גרם,false,1,3.90,6.50,true,1,
7290112967114,false,פיטנס חטיפי פריכיות קטניות ופלפל 60 גרם,קבוצת אוסם סחר שותפות מוגבלת,,,'יח,0.60,ל-100 גרם,false,1,7.90,13.17,false,1,
7290112968807,false,80018416694פיטנס חטיפי קרקר דק סלק 150גר,קבוצת אוסם סחר שותפות מוגבלת,,,'יח,1.40,ל-100 גרם,false,1,11.90,8.50,true,1,
7290112968821,false,חטיפי קרקר דק בטטה 140 גר` פיטנס,קבוצת אוסם סחר שותפות מוגבלת,,,'יח,1.40,ל-100 גרם,false,1,11.90,8.50,true,1,
7290113177727,false,סיר נירוסטה 22 אוליב,הום פרפקט ק.ד.מ בעמ,,,'יח,1,,false,1,79.90,79.90,false,1,
7290113177772,false,מחבת פורגי 24 ידית שחורה,הום פרפקט ק.ד.מ בעמ,,,'יח,1,,false,1,56.90,56.90,false,1,
7290113190450,false,ממרח תמרים 450 גרם שקדיה,דין שיווק וקליה 2021 בעמ,,,'יח,4.50,ל-100 גרם,false,1,5.90,1.31,false,1,
7290113191921,false,"תרכיז מלבי 750 מ""ל שקדיה",דין שיווק וקליה 2021 בעמ,,,'יח,7.50,"ל-100 מ""ל",false,1,14.90,1.99,false,1,
7290113191938,false,"סירופ רוזטה בטעם שקדים 750 מ""ל",דין שיווק וקליה 2021 בעמ,,,'יח,7.50,"ל-100 מ""ל",false,1,14.90,1.99,false,1,
7290113192317,false,זיתים מושחרים טבעות בית השיטה (280 גרם),קבוצת אוסם סחר שותפות מוגבלת,,,'יח,5.60,ל-100 גרם,false,1,11.90,2.13,false,1,
7290113192324,false,זיתים ירוקים שלמים בינוניים בית השיטה,קבוצת אוסם סחר-שות.מוגבלת,,,'יח,5.60,ל-100 גרם,false,1,9.90,1.77,false,1,
7290113192355,false,חרוזית זיתים ירוקים ללא גלעין 275 ג' בית השיטה,קבוצת אוסם סחר שותפות מוגבלת,,,'יח,5.50,ל-100 גרם,false,1,10.90,1.98,false,1,
7290113192362,false,זיתים ירוקים טבעות A2 בית השיטה 280 גרם,קבוצת אוסם סחר שותפות מוגבלת,,,'יח,5.60,ל-100 גרם,false,1,11.90,2.13,false,1,
7290113192379,false,בית השיטה זיתים ירוקים מבוקעים א2 340גר',קבוצת אוסם סחר-שות.מוגבלת,,,'יח,3.40,ל-100 גרם,false,1,10.90,3.21,false,1,
7290113192393,false,בית השיטה קוקטייל זיתים א2 336 גרם,קבוצת אוסם סחר שותפות מוגבלת,,,'יח,5.40,ל-100 גרם,false,1,12.90,2.39,false,1,
7290113192485,false,בית השיטה מלפפונים בחומץ בינוני 10-12 290 גרם,קבוצת אוסם סחר שותפות מוגבלת,,,'יח,5.60,ל-100 גרם,false,1,8.90,1.59,false,1,
7290113192492,false,בית השיטה מלפפונים בחומץ קטנים 1317 290 גרם,קבוצת אוסם סחר שותפות מוגבלת,,,'יח,5.60,ל-100 גרם,false,1,11.90,2.13,false,1,
7290113192515,false,בית השיטה מלפפונים במלח קטן מאוד 1825 320 גרם,קבוצת אוסם סחר שותפות מוגבלת,,,'יח,5.60,ל-100 גרם,false,1,12.90,2.30,false,1,
7290113192522,false,בית השיטה מלפפונים בחומץ קטן מאוד 1825 290 גרם,קבוצת אוסם סחר שותפות מוגבלת,,,'יח,5.60,ל-100 גרם,false,1,12.90,2.30,false,1,
7290113192539,false,בית השיטה מלפפונים במלח גדול 79 320 גרם,קבוצת אוסם סחר שותפות מוגבלת,,,'יח,5.60,ל-100 גרם,false,1,6.90,1.23,true,1,
7290113192546,false,"מלפפונים בחומץ רכיבים טבעיים 7-9 ""בית השיטה""",קבוצת אוסם סחר שותפות מוגבלת,,,'יח,5.60,ל-100 גרם,false,1,6.90,1.23,true,1,
7290113192560,false,פלפל חריף כבוש שיפקה בית השיטה (430 גר`),קבוצת אוסם סחר שותפות מוגבלת,,,'יח,5.60,ל-100 גרם,false,1,7.90,1.41,false,1,
7290113192577,false,בית השיטה כרוב כבוש א2 12*430גרם חדש,קבוצת אוסם סחר שותפות מוגבלת,,,'יח,5.60,ל-100 גרם,false,1,8.90,1.59,false,1,
7290113192881,false,"טורטיה חיטה מופחת קלוריות, קוטר 20 ס""מ - 6 יח'",דין שיווק וקליה 2021 בעמ,,,'יח,1,ל-100 גרם,false,1,9.90,9.90,false,1,
7290113193017,false,בית השיטה חרוזית קוקטייל זיתים 275 גרם,קבוצת אוסם סחר שותפות מוגבלת,,,'יח,2.75,ל-100 גרם,false,1,14.90,5.42,false,1,
7290113193031,false,חרוזית קלמטה - זיתים שחורים ללא גלעין קלמטה,קבוצת אוסם סחר שותפות מוגבלת,,,'יח,2.75,ל-100 גרם,false,1,11.90,4.33,false,1,
7290113196414,false,"אורז בסמטי 1 ק""ג - שקדיה כחול מטאלי",דין שיווק וקליה 2021 בעמ,,,'יח,10,ל-100 גרם,false,1,10.90,1.09,false,1,
7290113196490,false,פריכיות כוסמת בתוספת זרעי ציה שקדיה 150 גרם,דין שיווק וקליה 2021 בעמ,,,'יח,1.50,ל-100 גרם,false,1,9.90,6.60,false,1,
7290113196506,false,פריכיות כוסמת ללא מלח שקדיה 150 גרם,דין שיווק וקליה 2021 בעמ,,,'יח,1.50,ל-100 גרם,false,1,10.90,7.27,false,1,
7290113196513,false,פריכיות כוסמת בתוספת שקדים שקדיה 150 גרם,דין שיווק וקליה 2021 בעמ,,,'יח,1.50,ל-100 גרם,false,1,9.90,6.60,false,1,
7290113197800,false,פלפל קלוי קלוי 400 גרם בית השיטה,קבוצת אוסם סחר שותפות מוגבלת,,,'יח,4,ל-100 גרם,false,1,12.90,3.23,false,1,
7290113197824,false,לבבות דקל בית השיטה 220 גרם,קבוצת אוסם סחר-שות.מוגבלת,,,'יח,2.20,ל-100 גרם,false,1,9.90,4.50,false,1,
7290113197923,false,טונה בשמן קנולה בית השיטה רביעייה,קבוצת אוסם סחר-שות.מוגבלת,,,'יח,3.92,ל-100 גרם,false,1,24.90,6.35,false,1,
7290113198586,false,סוכריות גומי מסוכרות בטעם אפרסק 200 ג' שקדיה,דין שיווק וקליה 2021 בעמ,,,'יח,2,ל-100 גרם,false,1,9.90,4.95,false,1,
7290113198593,false,סוכריות גומי מסוכרות בטעם בננה 200 ג' שקדיה,דין שיווק וקליה 2021 בעמ,,,'יח,2,ל-100 גרם,false,1,9.90,4.95,false,1,
7290113198609,false,סוכריות גומי נחשים בטעמי פירות 200 ג' שקדיה,דין שיווק וקליה 2021 בעמ,,,'יח,2,ל-100 גרם,false,1,9.90,4.95,false,1,
7290113199323,false,עלי טורטילוס בוריטו150גר,אלקטי קוראבייכיסיגידה טו,,,'יח,1.50,ל-100 גרם,false,1,4.90,3.27,false,1,
7290113199842,false,מגש אירוח סוכריות גומי 700 ג' שקדיה,דין שיווק וקליה 2021 בעמ,,,'יח,7,ל-100 גרם,false,1,30.90,4.41,true,1,
7290113199859,false,מגש אירוח סוכריות גומי 350 ג' שקדיה,דין שיווק וקליה 2021 בעמ,,,'יח,3.50,ל-100 גרם,false,1,15.90,4.54,false,1,
7290113199866,false,מגש אירוח אגוזים קלויים וחטיפים מלוחים מקל 450 ג',****דין שיווק וקליה 2021 בעמ,,,'יח,1,'יח,false,1,29.90,29.90,false,1,
7290113199903,false,סוכריות חמצוצים בטעם תות בננה 180 ג' שקדיה,דין שיווק וקליה 2021 בעמ,,,'יח,1.80,ל-100 גרם,false,1,9.90,5.50,false,1,
7290113199910,false,סוכריות חמצוצים בטעם קולה 180 ג' שקדיה,דין שיווק וקליה 2021 בעמ,,,'יח,1.80,ל-100 גרם,false,1,9.90,5.50,false,1,
7290113199927,false,סוכריות חמצוצים בטעם פירות 180 ג' שקדיה,דין שיווק וקליה 2021 בעמ,,,'יח,1.80,ל-100 גרם,false,1,9.90,5.50,false,1,
7290113300354,false,לה קט סטיק עוף 30 גרם,שחורי אריה ואנסטסיה,,,'יח,0.30,ל-100 גרם,false,1,9.90,33,false,1,
7290113302372,false,חטיפי בנוזו סנדויץ במילוי אווז 80 גר,שחורי אריה ואנסטסיה,,,'יח,0.80,ל-100 גרם,false,1,12.90,16.13,false,1,
7290113305830,false,סופרים עוף לחתול 400 גרם,שחורי אריה ואנסטסיה,,,'יח,4,ל-100 גרם,false,1,4,1,false,1,
7290113305847,false,סופרים סלמון לחתול 400 גרם,שחורי אריה ואנסטסיה,,,'יח,4,ל-100 גרם,false,1,4,1,false,1,
7290113305854,false,סופרים בקר לחתול 400 גרם,שחורי אריה ואנסטסיה,,,'יח,4,ל-100 גרם,false,1,4,1,false,1,
7290113463646,false,גבינה צהובה גאודה 28% פרוסה 400 גרם,אדום גרופ למזון שיווק והפצה בע,,,'יח,4,ל-100 גרם,false,1,13.60,3.40,false,1,
7290113469952,false,גבינה צהובה גאודה 28% מגורדת 300 גרם,אדום גרופ למזון שיווק והפצה בע,,,'יח,3,ל-100 גרם,false,1,12.90,4.30,false,1,
7290114310215,false,"שמנת מתוקה 38% רמת הגולן 250 מ""ל ווסטהיים - מוצר בפיקוח",החברה המרכזית טלהפצת משקאות בע,,,'יח,2.50,"ל-100 מ""ל",false,1,6.40,2.56,false,1,
7290114310239,false,חלב נטול לקטוז מועשר בוויטמין D י 2% 1.5 ל' טרה,החברה המרכזית טלהפצת משקאות בע,,,'יח,15,"ל-100 מ""ל",false,1,12.90,0.86,false,1,
7290114310338,false,צפתית מעודנת 5% בגביע 225 גרם משק צוריאל,החברה המרכזית טלהפצת משקאות בע,,,'יח,2.50,ל-100 גרם,false,1,18.90,7.56,false,1,
7290114310345,false,מעדן יוגורט בטעם תות 1.5% 125 גרם טרה,החברה המרכזית טלהפצת משקאות בע,,,'יח,1.25,ל-100 גרם,false,1,3,2.40,true,1,
7290114310536,false,יוגורט לייט מעושר חלבון 25 גרם חלבון וניל MULLER ACTIVE,החברה המרכזית טלהפצת משקאות בע,,,'יח,2,ל-100 גרם,false,1,5.90,2.95,true,1,
7290114310611,false,"משקה חלב בננה בבקבוק פקק ספורט טרה 250 מ""ל",החברה המרכזית טלהפצת משקאות בע,,,'יח,2.50,"ל-100 מ""ל",false,1,5.90,2.36,false,1,
7290114310628,false,משקה חלב וניל ועוגיות בקבוק 1 ליטר,החברה המרכזית טלהפצת משקאות בע,,,'יח,10,"ל-100 מ""ל",false,1,11.90,1.19,false,1,
7290114311021,false,"משקה חלב וניל עוגיות פקק ספורט טרה 250 מ""ל",החברה המרכזית טלהפצת משקאות בע,,,'יח,2.50,"ל-100 מ""ל",false,1,5.90,2.36,false,1,
7290114311298,false,יוגורט מולר פרופ בטעם תות בננה מלון 150,החברה המרכזית טלהפצת משקאות בע,,,'יח,1.50,"ל-100 מ""ל",false,1,5.20,3.47,false,1,
7290114311328,false,חלב מועשר דל לקטוז מעושר בויטמין Dי 2% שומן טרה 1 ליטר,החברה המרכזית טלהפצת משקאות בע,,,'יח,10,ל-100 גרם,false,1,7.90,0.79,false,1,
7290114311434,false,מולר אקטיב יוגורט חלבון קרמל מלוח 200 גרם,החברה המרכזית טלהפצת משקאות בע,,,'יח,2,ל-100 גרם,false,1,5.90,2.95,true,1,
7290114311441,false,מולר אקטיב יוגורט חלבון עוגיות חמאה 200 גרם,החברה המרכזית טלהפצת משקאות בע,,,'יח,2,ל-100 גרם,false,1,5.90,2.95,true,1,
7290114600941,false,מאסטר שף מיונז הולנדי לחיץ 435 גרם,ש. שסטוביץ בע`מ,,,'יח,4.35,ל-100 גרם,false,1,13.90,3.20,false,1,
7290114600989,false,"רוטב אלף האיים מאסטר שף 250 מ""ל",ש. שסטוביץ בע`מ,,,'יח,2.50,ל-100 גרם,false,1,9.90,3.96,false,1,
7290114602778,false,729חטיף פריי סלייסים ציפס ירקות שורש90גר,ש. שסטוביץ בע`מ,,,'יח,0.90,ל-100 גרם,false,1,14.90,16.56,false,1,
7290114603508,false,"רוטב להקצפה מאסטר שף 300 מ""ל",ש. שסטוביץ בע`מ,,,'יח,0.30,ל-100 גרם,false,1,9.90,33,false,1,
7290114603539,false,קרוטונים למרק שום בצל מאסטר שף 350 גרם,"עינת תעשיות מזון, אגשח ב",,,'יח,3.50,ל-100 גרם,false,1,20.30,5.80,false,1,
7290114604864,false,קוסקוס סולת דק מאסטר שף 350 גרם,ש. שסטוביץ בע`מ,,,'יח,3.50,ל-100 גרם,false,1,5.90,1.69,false,1,
7290114604925,false,מנה אסייאתי קרם קוקוס פחית לייט 400 מ`ל,"תאי קוקונאט חברה בע""",,,'יח,4,"ל-100 מ""ל",false,1,9.90,2.48,false,1,
7290114604932,false,רוטב ברביקיו דבש מאסטר שף 520 גרם,רמיה סי.וי. הולנד,,,'יח,5.24,ל-100 גרם,false,1,12.90,2.46,true,1,
7290114606530,false,רוטב בטעם מיונז וקטשופ מאסטר שף 515 גרם,ש. שסטוביץ בע`מ,,,'יח,4.35,ל-100 גרם,false,1,13.90,3.20,false,1,
7290114606554,false,מיונז מופחת קלוריות בקבוק לחיץ,ש. שסטוביץ בע`מ,,,'יח,4.35,ל-100 גרם,false,1,13.90,3.20,false,1,
7290114606578,false,שקדי מרק מאסטר שף 400 גרם,ש. שסטוביץ בע`מ,,,'יח,4,ל-100 גרם,false,1,9.90,2.48,false,1,
7290114657280,false,מיני פופ סוכריה על מקל עם כדור 8גר כוח פי גיי,שמחה זה אנחנו בע`מ,,,'יח,1,,false,1,9.90,9.90,false,1,
7290115073676,false,מסכות כירורגיות צבעוני מארז 50 יח(ש),שמחה זה אנחנו בע`מ,,,'יח,0,'יח,false,1,7.90,7.90,false,1,
7290115200003,false,פתי בר פינוקי וניל אסם 220 גרם,קבוצת אוסם סחר שותפות מוגבלת,,,'יח,2.20,ל-100 גרם,false,1,10.90,4.95,true,1,
7290115200027,false,אסם פתי בר פינוקים שוקו 220 גרם,קבוצת אוסם סחר שותפות מוגבלת,,,'יח,2.20,ל-100 גרם,false,1,10.90,4.95,true,1,
7290115200713,false,במבה קלאסי מארז אחיד 5*50 גר` אסם,קבוצת אוסם סחר שותפות מוגבלת,,,'יח,2.50,ל-100 גרם,false,1,11.90,4.76,true,1,
7290115201727,false,ביסלי חטיף בטעם בצל אסם (200 גרם),קבוצת אוסם סחר-שות.מוגבלת,,,'יח,2,ל-100 גרם,false,1,7.90,3.95,true,1,
7290115202434,false,צבר סלט חומוס עם זעתר 375 גרם,קבוצת אוסם סחר שותפות מוגבלת,,,'יח,3.75,ל-100 גרם,false,1,12.90,3.44,false,1,
7290115202762,false,מיני ניוקי טריקולור 500 גרם פרפקטו אסם,קבוצת אוסם סחר-שות.מוגבלת,,,'יח,5,ל-100 גרם,false,1,11.90,2.38,false,1,
7290115202786,false,מנה חמה פאוצ' נדלס.אטר.טעם בקר 70 גרם,קבוצת אוסם סחר שותפות מוגבלת,,,'יח,7,ל-100 גרם,false,1,4.90,0.70,false,1,
7290115202816,false,מנה חמה פאוץ נודלס אטריות טעם עוף 70 גרם,קבוצת אוסם סחר שותפות מוגבלת,,,'יח,7,ל-100 גרם,false,1,4.90,0.70,false,1,
7290115202847,false,מנה חמה פאוצ' נדלס ספייסי אסם 70 ג',קבוצת אוסם סחר שותפות מוגבלת,,,'יח,7,ל-100 גרם,false,1,4.90,0.70,false,1,
7290115203134,false,חטיף פופקו פופקורן במבה אסם (80 גרם),קבוצת אוסם סחר שותפות מוגבלת,,,'יח,0.80,ל-100 גרם,false,1,3.90,4.88,true,1,
7290115203172,false,במבה PRO מכיל 18 גרם חלבון בשקית,קבוצת אוסם סחר שותפות מוגבלת,,,'יח,0.80,ל-100 גרם,false,1,4.50,5.63,true,1,
7290115204018,false,מנה חמה איטלקי פסטה בסגנון אלפרדו 60 ג' אסם,קבוצת אוסם סחר-שות.מוגבלת,,,'יח,0.56,ל-100 גרם,false,1,6.90,12.32,true,1,
7290115204056,false,"קטשופ מופחת סוכר אסם 690 גרם כשל""פ",קבוצת אוסם סחר שותפות מוגבלת,,,'יח,7.50,ל-100 גרם,false,1,11.90,1.59,true,1,
7290115205022,false,אוסם - שקדי מרק מקלונים 350 גרם,קבוצת אוסם סחר שותפות מוגבלת,,,'יח,5,ל-100 גרם,false,1,11.90,2.38,true,1,
7290115205312,false,קרקר פיטנס דק עם זיתי קלמטה ועשבי תיבול,קבוצת אוסם סחר שותפות מוגבלת,,,'יח,1.40,ל-100 גרם,false,1,11.90,8.50,true,1,
7290115207989,false,סירופ לימון ויטמינצ'יק 1 ליטר,קבוצת אוסם סחר שותפות מוגבלת,,,'יח,10,"ל-100 מ""ל",false,1,20.90,2.09,true,1,
7290115208009,false,סירופ ענבים ויטמינצ'יק 1 ליטר,קבוצת אוסם סחר שותפות מוגבלת,,,'יח,10,"ל-100 מ""ל",false,1,20.90,2.09,true,1,
7290115208047,false,סירופ פטל ויטמינצ`יק (1 ליטר),קבוצת אוסם סחר שותפות מוגבלת,,,'יח,10,"ל-100 מ""ל",false,1,20.90,2.09,true,1,
7290115208061,false,סירופ תפוח ויטמינצ'יק 1 ליטר,קבוצת אוסם סחר שותפות מוגבלת,,,'יח,10,"ל-100 מ""ל",false,1,20.90,2.09,true,1,
7290115209174,false,במבה אורירית קלאסי 60 גר',קבוצת אוסם סחר-שות.מוגבלת,,,'יח,6,ל-100 גרם,false,1,3.90,0.65,true,1,
7290115209235,false,ביסקוויט פתי בר קפה אסם (500 גרם),קבוצת אוסם סחר שותפות מוגבלת,,,'יח,5,ל-100 גרם,false,1,11.90,2.38,true,1,
7290115209358,false,במבה במילוי בראוניז אסם (60 גרם),קבוצת אוסם סחר שותפות מוגבלת,,,'יח,0.60,ל-100 גרם,false,1,3.90,6.50,true,1,
7290115480016,false,סוד פאוור קאפס לכביסה צבעונית 26 יחי,גורי שיווק בעמ,,,'יח,1,ל-100 גרם,false,1,29.90,29.90,true,1,
7290115671339,false,מיני פינוקיות בראוניז בייגל בוטן עלית 180 ג' עלית,"הגביע מוצרי ופלים בע""\מ",,,'יח,2,ל-100 גרם,false,1,9.90,4.95,false,1,
7290115674774,false,קרקר אפוי עם זרעי צ'יה וקינואה 170 ג' BREADZ,שטראוס פריטו ליי בע`מ,,,'יח,1.70,ל-100 גרם,false,1,14.90,8.76,false,1,
7290115675696,false,דגני בוקר קראנצ'ים שיבולת שועל עם אגוזים ושקדים,שטראוס פריטו ליי בע`מ,,,'יח,3.75,ל-100 גרם,false,1,21.90,5.84,true,1,
7290115675702,false,דגני בוקר קראנצ'ים שיבולת שועל עם פירות מיובשים,שטראוס פריטו ליי בע`מ,,,'יח,3.75,ל-100 גרם,false,1,21.90,5.84,true,1,
7290115675719,false,דגני בוקר קראנצ'ים שיבולת שועל וחתיכות שוקולד מריר,שטראוס פריטו ליי בע`מ,,,'יח,3.75,ל-100 גרם,false,1,21.90,5.84,true,1,
7290115676037,false,דנונה ריפרש יוגורט עם תות ודומדמניות 1.6% שומן,שטראוס גרופ בעמ/מצונן,,,'יח,2.50,ל-100 גרם,false,1,5.90,2.36,false,1,
7290115676051,false,"משקה אקטיביה שיבולת שועל במתיקות מעודנת 250 מ""ל",שטראוס גרופ בעמ/מצונן,,,'יח,2.65,ל-100 גרם,false,1,4.90,1.85,false,1,
7290115676082,false,משקה דנונה פרו 20 יוגורט תות 255 ג' רבנות,שטראוס גרופ בעמ/מצונן,,,'יח,2.25,ל-100 גרם,false,1,6.90,3.07,false,1,
7290115676273,false,אבקת קקאו עלית 500 גרם+ 10% תוספת,שטראוס קפה בי.וי.,,,'יח,5,ל-100 גרם,false,10,24.90,4.98,false,1,
7290115677966,false,ממרח אבוקדו טעם הטבע 200 גרם,שטראוס גרופ בעמ/מצונן,,,'יח,2,ל-100 גרם,false,1,14.90,7.45,false,1,
7290115678376,false,מעדן הגולן שוקולד 125 גרם,שטראוס גרופ בעמ/מצונן,,,'יח,1.25,ל-100 גרם,false,1,2.90,2.32,true,1,
7290115678383,false,מעדן הגולן שוקולד מריר בודד 125גר,שטראוס גרופ בעמ/מצונן,,,'יח,1.25,ל-100 גרם,false,1,2.90,2.32,true,1,
7290116053868,false,רשת צלייה XL,ד.ג.ש ייבוא ושיווק בעמ,,,'יח,1,,false,1,19.90,19.90,false,1,
7290116244051,false,אצבעות שוקולד חלב 84 גרם LOL,שמחה זה אנחנו בע`מ,,,'יח,0.84,ל-100 גרם,false,1,6.90,8.21,false,1,
7290116244136,false,מפרץ הרפתקאות אצבעות שוקולד חלב 28 גרם,שמחה זה אנחנו בע`מ,,,'יח,1,,false,1,2.90,2.90,false,1,
7290116278014,false,ריאות בקר,ג.ת שווק בן בקר בע`מ,,,"ק""ג",1,'יח,true,1,24.90,24.90,false,1,
7290116530161,false,"תחליב רחצה בניחוח שייק אננס, מלון וחלב שיבולת שועל",יוניליוור ישראל שיווק בע`מ,,,'יח,7,"ל-100 מ""ל",false,1,10.90,1.56,false,1,
7290116530222,false,דאודרנט סטיק לגבר אנרכי 76 ג' אקס,יוניליוור ישראל שיווק בע`מ,,,'יח,1,ל-100 גרם,false,1,14.90,14.90,false,1,
7290116530482,false,תלמה מארז קורנפלקס אלופים 30 גרם*5 יחידו,יוניליוור ישראל שיווק בע`מ,,,'יח,1.50,ל-100 גרם,false,1,11.90,7.93,false,1,
7290116530871,false,נשנושים מיקס בייגל בייגל 240 גרם,יוניליוור ישראל שיווק בע`מ,,,'יח,2.60,ל-100 גרם,false,1,12.90,4.96,false,1,
7290116530888,false,ג'ל לכביסה לבנה וצבעונית פינוק כחול בדין 2.5 ל',יוניליוור ישראל שיווק בע`מ,,,'יח,25,"ל-100 מ""ל",false,1,29.90,1.20,false,1,
7290116531557,false,"פריכיות פתית תירס עם מלח 150 גרם כשל""פ",יוניליוור ישראל שיווק בע`מ,,,'יח,1.50,ל-100 גרם,false,1,10.90,7.27,false,1,
7290116531564,false,מאגדת פתית פריכיות תירס דקות עם קינואה ובזיליקום 150 ג',יוניליוור ישראל שיווק בע`מ,,,'יח,1.50,ל-100 גרם,false,1,10.90,7.27,false,1,
7290116531663,false,"תחליב רחצה פינוק בניחוח תפוח 700 מ""ל",יוניליוור ישראל שיווק בע`מ,,,'יח,7,"ל-100 מ""ל",false,1,10.90,1.56,false,1,
7290116531779,false,דפים ריחניים למייבש כביסה בדין כחול 40 יחידות,יוניליוור ישראל שיווק בע`מ,,,'יח,1,ל-100 גרם,false,1,18.90,18.90,false,1,
7290116531823,false,תחליב רחצה 700 שייק וניל פרלינים אגוזים,יוניליוור ישראל שיווק בע`מ,,,'יח,7,"ל-100 מ""ל",false,1,12.90,1.84,false,1,
7290116532011,false,קליק אוקיי נוגט בציפוי שוקולד חלב 35 גרם,יוניליוור ישראל שיווק בע`מ,,,'יח,0.35,ל-100 גרם,false,1,4.80,13.71,false,1,
7290116532264,false,גודיז פרי אפרסק – שלגון מופחת קלוריות עם יוגורט בציפוי בטעם אפרסק,"גלידת שטראוס בע""\מ, רחוב",,,'יח,3.30,ל-100 גרם,false,1,27.90,8.45,false,1,
7290116532394,false,"אל סבון ידיים נוזלי חמאת קקאו 950 מ""ל פינוק",יוניליוור ישראל שיווק בע`מ,,,'יח,1,'יח,false,1,11.90,11.90,false,1,
7290116532462,false,גלידת שמנת קליק בטעמי שוקולד בננה 384 ג' שטראוס,"גלידת שטראוס בע""\מ, רחוב",,,'יח,5.20,"ל-100 מ""ל",false,1,22.90,4.40,false,1,
7290116532585,false,דגני בוקר ברנפלקס קרנצ'ים בטעם דבש וקינמון,יוניליוור ישראל שיווק בע`מ,,,'יח,3.75,ל-100 גרם,false,1,22.90,6.11,false,1,
7290116532622,false,"מרכך לשיער בתוספת תמצית גוג'י ברי פינוק 700 מ""ל.",יוניליוור ישראל שיווק בע`מ,,,'יח,7,"ל-100 מ""ל",false,1,11.90,1.70,false,1,
7290116532721,false,רוטב הלמנס ישראלי לסלט לימון וזעתר 305 ג,יוניליוור ישראל שיווק בע`מ,,,'יח,3.05,ל-100 גרם,false,1,10.90,3.57,false,1,
7290116532875,false,פינוק בייבי אל סבון לתינוקות 970 מל-משאבה,יוניליוור ישראל שיווק בע`מ,,,'יח,9,"ל-100 מ""ל",false,1,19.90,2.21,false,1,
7290116532905,false,נישנושים איירביס טעם ברביקיו 155 גר`,יוניליוור ישראל שיווק בע`מ,,,'יח,1.55,ל-100 גרם,false,1,12.90,8.32,true,1,
7290116533063,false,דגני בוקר שוגי קרטיב ענבים 400 גרם,יוניליוור ישראל שיווק בע`מ,,,'יח,4,ל-100 גרם,false,1,19.90,4.98,true,1,
7290116533094,false,"פינוק שמפו שיער בניחוח ורדים לבנים 700 מ""ל",יוניליוור ישראל שיווק בע`מ,,,'יח,7,"ל-100 מ""ל",false,1,12.90,1.84,false,1,
7290116533216,false,"קנור מרק תיבול ירקות 235 מ""ל",יוניליוור ישראל שיווק בע`מ,,,'יח,2.25,ל-100 גרם,false,1,17.90,7.96,false,1,
7290116930015,false,GO חטיף חלבון חטיף בוטנים קריספי 20 גרם חלבון,"בלמונט קונפקציות בע""\מ.",,,'יח,1,ל-100 גרם,false,1,11.90,11.90,true,1,
7290116930282,false,ארוחה בקטנה לאבנה עם קרקרים 150ג' תנובה,"תנובה בע""מ ***",,,'יח,2.10,"ל-100 מ""ל",false,1,7.90,3.76,false,1,
7290116930435,false,יופלה גו במרקם סמיך עם דובדבן 0% 200מל,תנובה מרכז שיתופי לש,,,'יח,2,ל-100 גרם,false,1,5.90,2.95,false,1,
7290116930466,false,"משקה SHAKE בננה מנגן פסיפלורה והל 230 מ""ל יופלה",קבוצת המזון אקטשלאר,,,'יח,1.20,ל-100 גרם,false,1,7.90,6.58,false,1,
7290116930480,false,"משקה SHAKE בננה קיווי תפוח 230 מ""ל יופלה",קבוצת המזון אקטשלאר,,,'יח,1.20,ל-100 גרם,false,1,7.90,6.58,false,1,
7290116930626,false,ארוחה בקטנה ציזיקי עם קרקרים 150ג' תנובה,"תנובה בע""מ ***",,,'יח,2.10,"ל-100 מ""ל",false,1,7.90,3.76,false,1,
7290116930718,false,מעדן תנובה דיאט בטעם שוקולד וקרמל מלוח 0% 150ג' תנובה,"תנובה בע""\מ",,,'יח,1.50,"ל-100 מ""ל",false,1,4.20,2.80,false,1,
7290116930725,false,סויה BIO קוקוס גביע 150 גרם אלטרנטיב,תנובה בעמ ***,,,'יח,2,ל-100 גרם,false,1,4.90,2.45,false,1,
7290116930954,false,יוגורט טעם פאי תפוחים 3% 150 ג' יופלה,תנובה בעמ ***,,,'יח,1.50,"ל-100 מ""ל",false,1,5.20,3.47,false,1,
7290116931081,false,מעדן סויה - טופי קרמל 125 גרם אלטרנטיב,תנובה מרכז שיתופי לש,,,'יח,1.50,ל-100 גרם,false,1,3.90,2.60,false,1,
7290116931104,false,יופלה GO במרקם סמיך עם אננס 0% תנובה 200 גרם,"תנובה בע""מ ***",,,'יח,2,ל-100 גרם,false,1,5.90,2.95,false,1,
7290116931241,false,קוטג תנובה 12% שומן,תנובה -חלב,,,'יח,2.50,ל-100 גרם,false,1,6.90,2.76,false,1,
7290116931289,false,יוגורט גו סמיך 0% אלפחורס 200 גרם,תנובה בעמ ***,,,'יח,2,ל-100 גרם,false,1,5.90,2.95,false,1,
7290116931463,false,מאגדת צפתית 2* 200 גרק,תנובה בעמ ***,,,'יח,4,ל-100 גרם,false,1,26.90,6.73,false,1,
7290116931517,false,מאגדת גבינת לבנה 5%,תנובה חלב,,,'יח,5,ל-100 גרם,false,1,14.90,2.98,false,1,
7290117030745,false,ניירות אפייה מתאים לתבנית אינגליש 20 י,ח.כהן סוכנות מזון ומשקאות בע,,,'יח,1,'יח,false,1,9.90,9.90,true,1,
7290117030752,false,תבניות ארוז *7 (R31/105) מרובעות שווה,ח.כהן סוכנות מזון ומשקאות בע,,,'יח,1,'יח,false,1,8.90,8.90,true,1,
7290117030769,false,תבניות ארוז (R2/90)*7 מלבן ארוך שווה ח,ח.כהן סוכנות מזון ומשקאות בע,,,'יח,1,'יח,false,1,8.90,8.90,true,1,
7290117030776,false,תבניות ארוז מלבן עמוק *7 (R64/80A) שוו,ח.כהן סוכנות מזון ומשקאות בע,,,'יח,1,'יח,false,1,8.90,8.90,true,1,
7290117030783,false,תבניות ארוז *4 (R99/210) ענקיות חדש ש,ח.כהן סוכנות מזון ומשקאות בע,,,'יח,1,'יח,false,1,8.90,8.90,true,1,
7290117030790,false,תבניות ארוז *10 R88 אינגליש שווה חדש,ח.כהן סוכנות מזון ומשקאות בע,,,'יח,1,'יח,false,1,8.90,8.90,true,1,
7290117030806,false,תבניות ארוז *10 טוסטר (R29 B8) שווה חד,ח.כהן סוכנות מזון ומשקאות בע,,,'יח,1,'יח,false,1,8.90,8.90,true,1,
7290117030813,false,תבניות ארוז *4 C60 עגול עמוק שווה חדש,ח.כהן סוכנות מזון ומשקאות בע,,,'יח,1,'יח,false,1,8.90,8.90,true,1,
7290117030820,false,תבניות ארוז *4 C10 עגול גדול שווה חדש,ח.כהן סוכנות מזון ומשקאות בע,,,'יח,1,'יח,false,1,8.90,8.90,true,1,
7290117031506,false,כוסות נייר 40 יחי` 8B שרול שקוף (25בק,ח.כהן סוכנות מזון ומשקאות בע,,,'יח,1,,false,1,8.90,8.90,true,1,
7290117032077,false,כפות איכותיות 40יח שקוף שווה*,ח.כהן סוכנות מזון ומשקאות בע,,,'יח,1,'יח,false,1,5.90,5.90,true,1,
7290117032091,false,כפיות איכותיות 40יח קרם שווה*,ח.כהן סוכנות מזון ומשקאות בע,,,'יח,1,'יח,false,1,5.90,5.90,true,1,
7290117032107,false,כפיות איכותיות 40יח שקוף שווה*,ח.כהן סוכנות מזון ומשקאות בע,,,'יח,1,'יח,false,1,5.90,5.90,true,1,
7290117032503,false,"לפתניות לבן אריזה משפחתית 115יח ""שווה""",ח.כהן סוכנות מזון ומשקאות בע,,,'יח,1,'יח,false,1,24.90,24.90,true,1,
7290117032541,false,צלחת קטנה אריזה משפחתית 75יח שווה,ח.כהן סוכנות מזון ומשקאות בע,,,'יח,1,,false,1,24.90,24.90,true,1,
7290117032589,false,צלחת גדולה אריזה משפחתית 60יח שווה,ח.כהן סוכנות מזון ומשקאות בע,,,'יח,1,'יח,false,1,24.90,24.90,true,1,
7290117032602,false,צלחת ענקית אריזה משפחתית 35יח שווה,ח.כהן סוכנות מזון ומשקאות בע,,,'יח,1,,false,1,24.90,24.90,false,1,
7290117132685,false,כבל טייפ-סי MOMA,הום פרפקט ק.ד.מ בעמ,,,'יח,1,,false,1,14.90,14.90,true,1,
7290117132715,false,כבל לאיפון MOMA,הום פרפקט ק.ד.מ בעמ,,,'יח,1,,false,1,14.90,14.90,true,1,
7290117260258,false,בצק שערות קדאיף 450 ג' ויליפוד,ג. וילי-פוד אינטרנשיונל בע`מ,,,'יח,4.50,ל-100 גרם,false,1,19.90,4.42,false,1,
7290117260449,false,גבינה בולגרית מעודנת למריחה בטעם טבעי 5% שומן 200 ג' יורו,ג.וילי-פוד אינטרנשיונל **גבינו,,,'יח,2,ל-100 גרם,false,1,10.90,5.45,false,1,
7290117260463,false,גבינה בולגרית מעודנת למריחה עם חלפיניו 5% שומן 200 ג' יורו,ג.וילי-פוד אינטרנשיונל **גבינו,,,'יח,2,ל-100 גרם,false,1,10.90,5.45,false,1,
7290117260470,false,גבינה בולגרית מעודנת למריחה עם שום 5% שומן 200 ג' יורו,ג.וילי-פוד אינטרנשיונל **גבינו,,,'יח,2,ל-100 גרם,false,1,10.90,5.45,false,1,
7290117260494,false,"ניוקי תפו""א מצונן 3 צבעים 500 גרם ויליפוד",ג.וילי-פוד אינטרנשיונל **גבינו,,,'יח,5,ל-100 גרם,false,1,9.90,1.98,false,1,
7290117260562,false,חמאה כפרית מסורתית בגביע,ג.וילי-פוד אינטרנשיונל **גבינו,,,'יח,2.25,ל-100 גרם,false,1,16.90,7.51,false,1,
7290117260890,false,פופקורן בציפוי בטעם קוקוס 90 גרם,ג. וילי-פוד אינטרנשיונל בע`מ,,,'יח,0.90,ל-100 גרם,false,1,6.90,7.67,true,1,
7290117261002,false,זיתי קלמטה במי מלח 350 גרם ויליפוד,ג. וילי-פוד אינטרנשיונל בע`מ,,,'יח,3.50,ל-100 גרם,false,1,8.90,2.54,false,1,
7290117261088,false,בוראטה גבינת מוצרלה רכה 18% שומן 125 גר`,ג.וילי-פוד אינטרנשיונל **גבינו,,,'יח,1.25,ל-100 גרם,false,1,19.90,15.92,false,1,
7290117261354,false,גבינת ריקוטה 200 גרם 5%שומן מחלבת אירופה,ג.וילי-פוד אינטרנשיונל **גבינו,,,'יח,2,ל-100 גרם,false,1,9.90,4.95,true,1,
7290117261415,false,euro cheese יוגורט פרוביוטי 2.7% שומן 125 גרם,ג.וילי-פוד אינטרנשיונל **גבינו,,,'יח,1.25,ל-100 גרם,false,1,2.90,2.32,true,1,
7290117261521,false,סלמון אטלנטי בשמן קנולה 120 גרם ויליפוד,ג. וילי-פוד אינטרנשיונל בע`מ,,,'יח,1.20,ל-100 גרם,false,1,11.90,9.92,true,1,
7290117261538,false,סלמון אטלנטי בשמן קנולה וצילי 120 גרם ויליפוד,ג. וילי-פוד אינטרנשיונל בע`מ,,,'יח,1.20,ל-100 גרם,false,1,11.90,9.92,true,1,
7290117261569,false,סלמון אטלנטי מעושן בשמן קנולה 120 גרם ויליפוד,ג. וילי-פוד אינטרנשיונל בע`מ,,,'יח,1.20,ל-100 גרם,false,1,11.90,9.92,true,1,
7290117261583,false,סרדינים בריסלינג מעושנים בשמן קנולה 129 גרם (צנצנת),ג. וילי-פוד אינטרנשיונל בע`מ,,,'יח,1,ל-100 גרם,false,1,13.90,13.90,false,1,
7290117261705,false,חמאת עיזים 200 גרם ויליפוד,ג.וילי-פוד אינטרנשיונל **גבינו,,,'יח,2,ל-100 גרם,false,1,13.90,6.95,false,1,
7290117261712,false,מלבי קינוח על בסיס חלב 154 גרם,ג. וילי-פוד אינטרנשיונל בע`מ,,,'יח,1,,false,1,5.90,5.90,false,1,
7290117262238,false,"משקה יוגורט פרוביוטי עם תות שדה 200מ""ל 2.3%שומן יורו",ג.וילי-פוד אינטרנשיונל **גבינו,,,'יח,1.50,ל-100 גרם,false,1,4.90,3.27,true,1,
7290117262290,false,פרלינים אגוזים במילוי פצפוצי דגנים פריכים מצופים שוקולד חלב 50 גרם,ג. וילי-פוד אינטרנשיונל בע`מ,,,'יח,5,ל-100 גרם,false,1,4.90,0.98,true,1,
7290117262559,false,מאפה דונאטס מצופה סוכר 50ג פרווה,ג. וילי-פוד אינטרנשיונל בע`מ,,,'יח,5,ל-100 גרם,false,1,5.90,1.18,false,1,
7290117262597,false,מאפה דונאטס בציפוי עוגיות קרמל פרווה,ג.וילי-פוד אינטרנשיונל **גבינו,,,'יח,5.70,ל-100 גרם,false,1,5.90,1.04,false,1,
7290117262719,false,מאפה דונאטס בציפוי סוכר קינמון ותפוחים,ג. וילי-פוד אינטרנשיונל בע`מ,,,'יח,6.50,ל-100 גרם,false,1,5.90,0.91,false,1,
7290117262931,false,קינוח בטעם מנגו 85 גרם,ג. וילי-פוד אינטרנשיונל בע`מ,,,'יח,8.50,ל-100 גרם,false,1,9.90,1.16,false,1,
7290117262948,false,קינוח בטעם טירמיסו 85 גרם,ג. וילי-פוד אינטרנשיונל בע`מ,,,'יח,8.50,ל-100 גרם,false,1,9.90,1.16,false,1,
7290117262955,false,קינוח בטעם שוקולד בלגי 85 גרם,ג. וילי-פוד אינטרנשיונל בע`מ,,,'יח,8.50,ל-100 גרם,false,1,9.90,1.16,false,1,
7290117262962,false,קינוח בטעם שוקולד קרמל 85 גרם,ג. וילי-פוד אינטרנשיונל בע`מ,,,'יח,8.50,ל-100 גרם,false,1,9.90,1.16,false,1,
7290117262979,false,קינוח בטעם שוקולד ופירות יער 85 גרם,ג. וילי-פוד אינטרנשיונל בע`מ,,,'יח,8.50,ל-100 גרם,false,1,9.90,1.16,false,1,
7290117382325,false,סלים דליס - פרו 33 חטיף חלבון מצופה שוקולד חלב 60 גרם,"י. מרבה ישראל בע""\מ",,,'יח,1,ל-100 גרם,false,1,12.90,12.90,true,1,
7290117383711,false,"מארז זוג תחליב רחצה חלב ודבש *750 מ""ל פלמוליב",קולגייט פלמוליב,,,'יח,7.50,ל-100 גרם,false,1,34.90,4.65,true,1,
7290117383742,false,"מארז זוג ג'ל רחצה לגבר 750 מ""ל פלמוליב",קולגייט פלמוליב,,,'יח,7.50,ל-100 גרם,false,1,34.90,4.65,true,1,
7290117900932,false,גרעיני אבטיח קלויים 130 גרם,דין שיווק וקליה 2021 בעמ,,,'יח,2.50,ל-100 גרם,false,1,10,4,false,1,
7290117900956,false,תערובת פיצוחים קלויים ששון הקולה 180 גרם,דין שיווק וקליה 2021 בעמ,,,'יח,1.80,ל-100 גרם,false,1,15,8.33,false,1,
7290117900963,false,בוטנים קלויים 270גר ששון הקולה,דין שיווק וקליה 2021 בעמ,,,'יח,2.70,ל-100 גרם,false,1,10,3.70,false,1,
7290117900970,false,שקדים קלויים ששון הקולה 180 גם,דין שיווק וקליה 2021 בעמ,,,'יח,1.80,ל-100 גרם,false,1,15,8.33,false,1,
7290117900994,false,פקאן סיני מסוכר ששון הקולה 140 גרם,דין שיווק וקליה 2021 בעמ,,,'יח,1.40,ל-100 גרם,false,1,15,10.71,false,1,
7290117901007,false,פיסטוקים קלויים ששון הקולה 130 גרם,דין שיווק וקליה 2021 בעמ,,,'יח,1.50,ל-100 גרם,false,1,15,10,false,1,
7290117901014,false,אגוזי קשיו קלויים 160 גר ששון הקולה,דין שיווק וקליה 2021 בעמ,,,'יח,1.60,ל-100 גרם,false,1,15,9.38,false,1,
7290117901021,false,קבוקים בוטנים מצופים עם שומשום 220 גרם,דין שיווק וקליה 2021 בעמ,,,'יח,2.20,ל-100 גרם,false,1,10,4.55,false,1,
7290117901038,false,אגוזי מלך קלופים ששון הקולה 190 גרם,דין שיווק וקליה 2021 בעמ,,,'יח,8.30,ל-100 גרם,false,1,15,1.81,false,1,
7290117901045,false,בוטן רביולי ששון הקולה 200 גרם,דין שיווק וקליה 2021 בעמ,,,'יח,2,ל-100 גרם,false,1,15,7.50,false,1,
7290117901052,false,שקדים קלופים 180 גר ששון הקולה,דין שיווק וקליה 2021 בעמ,,,'יח,1.80,ל-100 גרם,false,1,15,8.33,false,1,
7290117901168,false,מיקס אגוזים וחמוציות 250 גרם ששון הקולה,דין שיווק וקליה 2021 בעמ,,,'יח,2.50,ל-100 גרם,false,1,20,8,false,1,
7290118072959,false,חנוכייה ציון,ד.ג.ש ייבוא ושיווק בעמ,,,'יח,1,,false,1,69.90,69.90,false,1,
7290118072966,false,חנוכייה אורות,ד.ג.ש ייבוא ושיווק בעמ,,,'יח,1,,false,1,99.90,99.90,false,1,
7290118073802,false,חגורה נמתחת,ד.ג.ש ייבוא ושיווק בעמ,,,'יח,1,,false,1,24.90,24.90,false,1,
7290118074281,false,רשת צלייה M,ד.ג.ש ייבוא ושיווק בעמ,,,'יח,1,,false,1,19.90,19.90,false,1,
7290118074625,false,צינור אמבט מתכת 2 מטר,ד.ג.ש ייבוא ושיווק בעמ,,,'יח,1,,false,1,29.90,29.90,false,1,
7290118078722,false,נטלה מעוצבת - שחור,ד.ג.ש ייבוא ושיווק בעמ,,,'יח,1,,false,1,19.90,19.90,false,1,
7290118490043,false,עלי סלנובה ראש,ביכורי השדה הצפון בעמ` 1964,,,'יח,1,,false,1,10.90,10.90,false,1,
7290128600067,false,ענב אדום ארוז,ביכורי השדה צפון 1994 ג.ד. בעמ,,,"ק""ג",1,,true,1,19.90,19.90,false,1,
7295682698567,false,גרביי אלגנט,הום פרפקט ק.ד.מ בעמ,,,'יח,1,,false,1,12.90,12.90,true,1,
7296058110010,false,"פריכיות אורז פרח כשל""פ 110 גר'",מ.ד אטיאס סוכנויות מזון בע`מ,,,'יח,1.10,ל-100 גרם,false,1,4.90,4.45,false,1,
7296102107577,false,סט 3 קופסאות מרובע 4,הום פרפקט ק.ד.מ בעמ,,,'יח,1,,false,1,9.90,9.90,false,1,
7296102108260,false,מתקן כביסה מתכת,הום פרפקט ק.ד.מ בעמ,,,'יח,1,,false,1,59.90,59.90,false,1,
7296102210673,false,סט קופסאות מלבן 4 יח`,הום פרפקט ק.ד.מ בעמ,,,'יח,1,,false,1,12.90,12.90,false,1,
7296102210703,false,סט קופסאות מלבן 4 יח`,הום פרפקט ק.ד.מ בעמ,,,'יח,1,,false,1,12.90,12.90,true,1,
7296102256121,false,מתלה כביסה פלסטיק,הום פרפקט ק.ד.מ בעמ,,,'יח,1,,false,1,119,119,false,1,
7296102521748,false,סט קופסאות ריבוע 4 יח`,הום פרפקט ק.ד.מ בעמ,,,'יח,1,,false,1,12.90,12.90,false,1,
7297029069191,false,גרביי אלגנט,הום פרפקט ק.ד.מ בעמ,,,'יח,1,,false,1,12.90,12.90,true,1,
7297029070012,false,גרביי עקביות לגבר,הום פרפקט ק.ד.מ בעמ,,,'יח,1,,false,1,12.90,12.90,true,1,
7297029070029,false,גרבי נשים,הום פרפקט ק.ד.מ בעמ,,,'יח,1,,false,1,12.90,12.90,true,1,
7297461004408,false,שמיכה פליז כרבולית,הום פרפקט ק.ד.מ בעמ,,,'יח,1,,false,1,14.90,14.90,true,1,
7297478008857,false,שלישייה גרבי בובה ארוך לבנות,הום פרפקט ק.ד.מ בעמ,,,'יח,1,,false,1,14.90,14.90,false,1,
7298484166119,false,תאנים 300 גרם,פיצוחי ויטורי,,,'יח,2,ל-100 גרם,false,1,17.90,8.95,false,1,
7298484166144,false,שומשום 250 גרם,פיצוחי ויטורי,,,'יח,2.50,ל-100 גרם,false,1,8.90,3.56,false,1,
7298484166148,false,תערובת בריאות 250 גרם,פיצוחי ויטורי,,,'יח,2.50,ל-100 גרם,false,1,19.90,7.96,false,1,
7298484166175,false,ירקות מטוגנים 200 גר`,פיצוחי ויטורי,,,'יח,2,ל-100 גרם,false,1,24.90,12.45,false,1,
7298484166177,false,צנוברים 150 גרם,פיצוחי ויטורי,,,'יח,1.50,ל-100 גרם,false,1,34.90,23.27,false,1,
7298484166178,false,קוקוס טבעי 200 גר`,פיצוחי ויטורי,,,'יח,2,ל-100 גרם,false,1,15.90,7.95,false,1,
7298484166182,false,תמר מג`הול 500 גרם,פיצוחי ויטורי,,,'יח,2,ל-100 גרם,false,1,24.90,12.45,false,1,
7298484166192,false,בננה צ`יפס 200 גרם,פיצוחי ויטורי,,,'יח,2,ל-100 גרם,false,1,9.90,4.95,false,1,
7298484166337,false,גרעיני חמניה מקולף 200 גרם,פיצוחי ויטורי,,,'יח,2,ל-100 גרם,false,1,9.90,4.95,false,1,
7298484166558,false,גרעיני דלעת מקולף 200 גרם,פיצוחי ויטורי,,,'יח,2,ל-100 גרם,false,1,11.90,5.95,false,1,
7298484166784,false,מקדמיה טבעי 150 גרם,פיצוחי ויטורי,,,'יח,2,ל-100 גרם,false,1,26.90,13.45,false,1,
7298484166992,false,מקדמיה קלוי 200 גרם,פיצוחי ויטורי,,,'יח,0,'יח,false,1,34.90,34.90,false,1,
7298484167257,false,שקד מולבן פרוס 150 גרם,פיצוחי ויטורי,,,'יח,1.50,ל-100 גרם,false,1,17.90,11.93,false,1,
7298484167549,false,שקד מולבן משובב 200 גרם,פיצוחי ויטורי,,,'יח,2,ל-100 גרם,false,1,18.90,9.45,false,1,
7298484208149,false,חמוציות ברכז טבעי 200 גרם,פיצוחי ויטורי,,,'יח,2,ל-100 גרם,false,1,11.90,5.95,false,1,
7298484482117,false,משמש אוזבקי 300 גרם,פיצוחי ויטורי,,,'יח,2,ל-100 גרם,false,1,17.90,8.95,false,1,
7298484601649,false,אפונה וואסבי 180 גרם,פיצוחי ויטורי,,,'יח,2,ל-100 גרם,false,1,13.90,6.95,false,1,
7298484603361,false,בוטן אסיאתי 200 גרם,פיצוחי ויטורי,,,'יח,2,ל-100 גרם,false,1,13.90,6.95,false,1,
7298484603568,false,מיקס טקסס שקד פקאן מתובל 200 גרם,פיצוחי ויטורי,,,'יח,0,'יח,false,1,24.90,24.90,false,1,
7298484603772,false,קרנצ`י צ`ילי 180 גרם,פיצוחי ויטורי,,,'יח,1.80,ל-100 גרם,false,1,17.90,9.94,false,1,
7298484603846,false,תמר אגוז 250 גרם,פיצוחי ויטורי,,,'יח,2.50,ל-100 גרם,false,1,24.90,9.96,false,1,
7298484604178,false,פפריקס טוויסט 150 גרם,פיצוחי ויטורי,,,'יח,1.80,ל-100 גרם,false,1,13.90,7.72,false,1,
7298484604427,false,בוטנים מטוגנים 300 גרם,פיצוחי ויטורי,,,'יח,3,ל-100 גרם,false,1,16.90,5.63,false,1,
7298484605179,false,חטיף אורז פלפל שחור 120 גרם,פיצוחי ויטורי,,,'יח,1.20,ל-100 גרם,false,1,11.90,9.92,false,1,
7298484607027,false,פקאן סיני מסוכר 200 גר`,פיצוחי ויטורי,,,'יח,2,ל-100 גרם,false,1,19.90,9.95,false,1,
7298484607033,false,בוטנים קלויים 250 גר`,פיצוחי ויטורי,,,'יח,2.50,ל-100 גרם,false,1,13.90,5.56,false,1,
7298484607034,false,בונדוק אגוזי לוז 200 גר`,פיצוחי ויטורי,,,'יח,2,ל-100 גרם,false,1,17.90,8.95,false,1,
7298484607045,false,קבוקים 200 גרם,פיצוחי ויטורי,,,'יח,2,ל-100 גרם,false,1,7.90,3.95,false,1,
7298484607047,false,חומוס קלוי 200 גר`,פיצוחי ויטורי,,,'יח,2,ל-100 גרם,false,1,10.90,5.45,false,1,
7298484607049,false,גרעינים לבנים דלעת 180 גר`,פיצוחי ויטורי,,,'יח,1.80,ל-100 גרם,false,1,13.90,7.72,false,1,
7298484607055,false,אפונה ירוקה קלוי 200 גר`,פיצוחי ויטורי,,,'יח,2,ל-100 גרם,false,1,11.90,5.95,false,1,
7298484607056,false,גרעיני אבטיח מחבת 250 גר`,פיצוחי ויטורי,,,'יח,2.50,ל-100 גרם,false,1,16.90,6.76,false,1,
7298484607059,false,מיאסי תירס 200 גר`,פיצוחי ויטורי,,,'יח,2,ל-100 גרם,false,1,13.90,6.95,false,1,
7298484607063,false,מאנצ`ס אורז עגול 120 גר`,פיצוחי ויטורי,,,'יח,1.20,ל-100 גרם,false,1,11.90,9.92,false,1,
7298484607065,false,פיסטוק אפגני 180 גרם,פיצוחי ויטורי,,,'יח,1.80,ל-100 גרם,false,1,19.90,11.06,false,1,
7298484607067,false,רביולי 200 גרם,פיצוחי ויטורי,,,'יח,2,ל-100 גרם,false,1,17.90,8.95,false,1,
7298484607071,false,קשיו קלוי 200 גר`,פיצוחי ויטורי,,,'יח,2,ל-100 גרם,false,1,19.90,9.95,false,1,
7298484607072,false,בוטנים אמריקאים 300 גר`,פיצוחי ויטורי,,,'יח,3,ל-100 גרם,false,1,11.90,3.97,false,1,
7298484607082,false,מאנצ`ס 200 גר`,פיצוחי ויטורי,,,'יח,2,ל-100 גרם,false,1,13.90,6.95,false,1,
7298484607097,false,פול קלוי 200 גרם,פיצוחי ויטורי,,,'יח,2,ל-100 גרם,false,1,13.90,6.95,false,1,
7298484607117,false,חטיף סויה קריספי 180 גרם,פיצוחי ויטורי,,,'יח,1.80,ל-100 גרם,false,1,17.90,9.94,false,1,
7298484607122,false,צימוק בהיר 200 גרם,פיצוחי ויטורי,,,'יח,2,ל-100 גרם,false,1,10.90,5.45,false,1,
7298484607144,false,פיסטוק טבעי 200 גרם,פיצוחי ויטורי,,,'יח,2,ל-100 גרם,false,1,17.90,8.95,false,1,
7298484607149,false,משמש מיובש 200 גרם,פיצוחי ויטורי,,,'יח,2,ל-100 גרם,false,1,19.90,9.95,false,1,
7298484607172,false,צימוק כהה 200 גרם,פיצוחי ויטורי,,,'יח,2,ל-100 גרם,false,1,9.90,4.95,false,1,
7298484607197,false,שקד טבעי 200 גר`,פיצוחי ויטורי,,,'יח,2,ל-100 גרם,false,1,18.90,9.45,false,1,
7298484607265,false,גרעינים שחורים מלח 300 גר`בשקית,פיצוחי ויטורי,,,'יח,3,ל-100 גרם,false,1,11.90,3.97,false,1,
7298484607289,false,בוטן בקליפה שקית 200 גרם,פיצוחי ויטורי,,,'יח,2,ל-100 גרם,false,1,11.90,5.95,false,1,
7298484607489,false,פיסטוק מקולף 200 גר`,פיצוחי ויטורי,,,'יח,2,ל-100 גרם,false,1,27.90,13.95,false,1,
7298484607757,false,שזיף מגולען אמריקאי 300 גרם,פיצוחי ויטורי,,,'יח,2.50,ל-100 גרם,false,1,17.90,7.16,false,1,
7298484607898,false,מאנצ`ס ריזוטו 120 גרם,פיצוחי ויטורי,,,'יח,1.20,ל-100 גרם,false,1,11.90,9.92,false,1,
7298484978274,false,אגוזי ברזיל 250 גרם,פיצוחי ויטורי,,,'יח,2.50,ל-100 גרם,false,1,29.90,11.96,false,1,
7312040017683,false,מארז אבסולוט רגיל(וודקה {}{700 עם כוס,טמפו משקאות בע`מ,,,'יח,7,"ל-100 מ""ל",false,1,69.90,9.94,false,1,
7394376620294,false,אוטלי משקה שיבולת שועל בטעם וניל 1 ליטר,איי אם פי אס איי תעש,,,,0,'יח,false,1,14.90,14.90,false,1,
7501013122039,false,ג'ומקס מיץ מנגו קרטונית ליטר תריסר,חומקס קומר קומרסאליזדורה,,,'יח,10,"ל-100 מ""ל",false,1,9.90,0.99,false,1,
7501013122053,false,ג'ומקס מיץ אפרסק קרטונית ליטר תריסר,חומקס קומר קומרסאליזדורה,,,'יח,10,"ל-100 מ""ל",false,1,10.20,0.99,false,1,
7501013122114,false,"נקטר משקה אננס בקרטונית ג'ומקס, 1 ל'",חומקס קומר קומרסאליזדורה,,,'יח,10,"ל-100 מ""ל",false,1,9.90,0.99,false,1,
7501049936945,false,"שישיית בירה סול בקבוק 330 מ""ל",טמפו משקאות בע`מ,,,'יח,19.80,"ל-100 מ""ל",false,1,34.90,1.67,false,1,
7501064191398,false,שישיית בירה קורונה אקסטרא *355 מל,קריניציה ויטמינה אס,,,'יח,19.80,"ל-100 מ""ל",false,1,34.90,1.67,true,1,
7610100034084,false,מיונז טומי בשפורפרת 265 גרם,ליימן שליסל בע`מ,,,'יח,2.65,ל-100 גרם,false,20,13.90,5.25,false,1,
7610113011652,false,בריזר - משקה כוהלי מוגז בטעם תפוח,בקרדי בריזר Bacardi Breezer,,,'יח,2.75,"ל-100 מ""ל",false,24,13.90,4.95,true,1,
7610400075787,false,לינדט לה גרנד שוקולד חלב אגוז 150 גרם,לינדט ושפרונגלי קילשברג,,,'יח,1.50,ל-100 גרם,false,1,24.90,16.60,true,1,
7613032045753,false,פיטנס דגנים מחיטה מלאה שוקולד 375גרם,קבוצת אוסם סחר שותפות מוגבלת,,,'יח,3.75,ל-100 גרם,false,1,19.90,5.31,true,1,
7613033548192,false,פיטנס - דגני בוקר שוקולד מריר 375 גרם,קבוצת אוסם סחר שותפות מוגבלת,,,'יח,3.75,ל-100 גרם,false,1,19.90,5.31,true,1,
7613035514430,false,"פורינה ONE חתול בוגר סלמון 3 ק""ג",שחורי אריה ואנסטסיה,,,'יח,30,ל-100 גרם,false,1,119.90,4,false,1,
7613035807778,false,פרפקטו רוטב עגבניות לבולונז אסם 400 גרם,קבוצת אוסם סחר שותפות מוגבלת,,,'יח,4,ל-100 גרם,false,1,8.90,2.23,false,1,
7613035809109,false,פרפקטו רוטב עגבניות ובזיליקום אסם 400 גרם,קבוצת אוסם סחר שותפות מוגבלת,,,'יח,4,ל-100 גרם,false,1,8.90,2.23,false,1,
7613035809857,false,פרפקטו רוטב עגבניות לפסטה ולבישול אסם 400 גרם,קבוצת אוסם סחר שותפות מוגבלת,,,'יח,4,ל-100 גרם,false,1,8.90,2.23,false,1,
7613036387798,false,פיטנס דגנים מלאים ואורז פתיתים ויוגורט 350ג',קבוצת אוסם סחר-שות.מוגבלת,,,'יח,3.50,ל-100 גרם,false,1,19.90,5.69,true,1,
7613036520492,false,פרפקטו רוטב עגבניות לפיצה אסם 400 גרם,קבוצת אוסם סחר-שות.מוגבלת,,,'יח,4,ל-100 גרם,false,1,8.90,2.23,false,1,
7613036725286,false,דנטלייף חטיף דנטלי לחתול בטעם סלמון,קבוצת אוסם סחר שותפות מוגבלת,,,'יח,0.40,ל-100 גרם,false,1,9.90,24.75,false,1,
7613036725309,false,דנטלייף חטיף דנטלי לחתול בטעם עוף,קבוצת אוסם סחר-שות.מוגבלת,,,'יח,0.40,ל-100 גרם,false,1,9.90,24.75,false,1,
7613036976695,false,פריסקיז - פאוץ בקר ברוטב 85 גרם,קבוצת אוסם סחר שותפות מוגבלת,,,'יח,0.85,ל-100 גרם,false,1,4.90,5.76,false,1,
7613036976718,false,פריסקיז פאוצ' ברווז ברוטב 26*85גרם,קבוצת אוסם סחר שותפות מוגבלת,,,'יח,0.85,ל-100 גרם,false,1,4.90,5.76,false,1,
7613037012200,false,גרבר מחית תפוח גזר ומנגו 90 גרם פאוץ,קבוצת אוסם סחר שותפות מוגבלת,,,'יח,1.30,ל-100 גרם,false,1,5.90,4.54,true,1,
7613039547731,false,גרבר מחית תפוח עץ ומשמש 90 גרם פאוץ,קבוצת אוסם סחר שותפות מוגבלת,,,'יח,9,ל-100 גרם,false,1,5.90,0.66,true,1,
7613287181411,false,ויטמינציק מחית סלט פירות 110 גרם,קבוצת אוסם סחר שותפות מוגבלת,,,'יח,1.10,ל-100 גרם,false,1,5.90,5.36,true,1,
7613287182326,false,ויטמינציק מחית בננה תפוח 110 גרם,קבוצת אוסם סחר-שות.מוגבלת,,,'יח,1.10,ל-100 גרם,false,1,5.90,5.36,true,1,
7613287182425,false,ויטמינציק מחית תפוח בננה ותות 110 גרם,קבוצת אוסם סחר שותפות מוגבלת,,,'יח,1.10,ל-100 גרם,false,1,5.90,5.36,true,1,
7613287182456,false,ויטמינציק מחית אגס בננה תפוח 110 גרם,קבוצת אוסם סחר שותפות מוגבלת,,,'יח,1.10,ל-100 גרם,false,1,5.90,5.36,true,1,
7613287186928,false,קפסולות קפה סומטרה (10 יח) סטארבקס (56 ג,קבוצת אוסם סחר שותפות מוגבלת,,,'יח,0.57,ל-100 גרם,false,1,21.90,38.42,true,1,
7622010001858,false,עוגיות אוראו ממולאות קרם וניל 176 גרם.,דיפלומט מפיצים (1968) בעמ**,,,'יח,1.76,ל-100 גרם,false,1,8.90,5.06,true,1,
7622201139278,false,גבינת פילדלפיה שמנת 150 גר`% (27 שומן),מיודלז אספניה פרודוק,,,'יח,1.50,ל-100 גרם,false,1,13.90,9.27,true,1,
7622201401900,false,עוגיות סנסיישן אוראו מילקה 156 גרם,דיפלומט מפיצים (1968) בעמ**,,,'יח,2,ל-100 גרם,false,16,10.90,5.45,false,1,
7622201521493,false,גבינת פילדלפיה שום ועשבי תיבול 150 גר` (,מיודלז אספניה פרודוק,,,'יח,1.50,ל-100 גרם,false,1,13.90,9.27,true,1,
7622201802363,false,מילקה טבלת שוקולד חלב וצימוקים ואגוזים 100ג',מנדלז דויצ'\לנד סנקס פרו,,,'יח,1,,false,22,5.90,5.90,false,1,
7622201802394,false,שוקולד מילקה חלב מסרונים 100 גרם,מנדלז דויצ'\לנד סנקס פרו,,,'יח,1,,false,24,5.90,5.90,false,1,
7622201813390,false,עוגיות מילקה וואפל במילוי קרם קקאו 150 ג,דיפלומט מפיצים (1968) בעמ**,,,'יח,2,ל-100 גרם,false,14,10.90,5.45,false,1,
7622201823733,false,עוגיות מילקה ת`ינס דקות 151 גרם,דיפלומט מפיצים (1968) בע`מ,,,'יח,1.51,ל-100 גרם,false,14,10.90,7.22,false,1,
7622210163899,false,שוקולד חלב במילוי סוכריות עדשים,דיפלומט מפיצים (1968) בעמ**,,,'יח,1,,false,22,5.90,5.90,false,1,
7622210453327,false,עוגיות שוקוצ'יפס במילוי שוקולד סנסיישן,דיפלומט מפיצים (1968) בעמ**,,,'יח,1.56,ל-100 גרם,false,1,10.90,6.99,false,1,
7622210464729,false,אוראו גולדן עוגיות וניל במילוי קרם וניל,דיפלומט מפיצים (1968) בעמ**,,,'יח,1.54,ל-100 גרם,false,1,8.90,5.78,false,1,
7622210826053,false,מילקה שוקולד אוראו סנדוויץ 100 גרם,דיפלומט מפיצים (1968) בעמ**,,,'יח,1,,false,22,5.90,5.90,false,1,
7622300315283,false,אוראו עוגיות ממולאות קרם וניל 154 גרם,דיפלומט מפיצים (1968) בעמ**,,,'יח,1,ל-100 גרם,false,1,8.90,8.90,false,1,
7622300441715,false,עוגיות מילקה ביסקוויט ממולא קרם חלב מצופה למחצה בשוקולד חלב 150 גר',דיפלומט מפיצים (1968) בעמ**,,,'יח,2,ל-100 גרם,false,16,10.90,5.45,false,1,
7622300489427,false,עוגיות אוראו בציפוי בטעם שוקולד לבן 246 גרם,דיפלומט מפיצים (1968) בעמ**,,,'יח,0.2460,ל-100 גרם,false,10,17.90,72.76,true,1,
7622300489434,false,"עוגיות אוראו פאדג' בציפוי שוקולד חלב, 246 גרם",דיפלומט מפיצים (1968) בעמ**,,,'יח,0.2460,ל-100 גרם,false,10,17.90,72.76,true,1,
7622300495046,false,מילקה שוקולד חלב עם אקסטרה קקאו 100 גרם,מנדלז דויצ'\לנד סנקס פרו,,,'יח,1,,false,23,5.90,5.90,false,1,
7622300503079,false,עוגיות ביסקוויט מצופה שוקולד חלב מילקה 200 גרם,דיפלומט מפיצים (1968) בעמ**,,,'יח,2,ל-100 גרם,false,16,10.90,5.45,false,1,
7622300617820,false,מילקה שוקולד חלב במילוי קרם חלב ווניל ושבבי עוגיות אוראו 100 גרם,מנדלז דויצ'\לנד סנקס פרו,,,'יח,1,,false,22,5.90,5.90,false,1,
7630477891592,false,סטארבקס קפסולות קפה האוס בלנד 10 יחידות,קבוצת אוסם סחר שותפות מוגבלת,,,'יח,0.57,ל-100 גרם,false,1,21.90,38.42,true,1,
7630477891639,false,קפסולות קפה סומטרה (10 יח) סטארבקס ( 55,קבוצת אוסם סחר שותפות מוגבלת,,,'יח,0.57,ל-100 גרם,false,1,21.90,38.42,true,1,
7630477891677,false,סטארבקס קפסולות קפה פייק פלייס 10 יחידות,קבוצת אוסם סחר שותפות מוגבלת,,,'יח,0.57,ל-100 גרם,false,1,21.90,38.42,true,1,
7630477891691,false,קפסולות קפה קולומביה (10 יח) סטארבקס ( 5,קבוצת אוסם סחר שותפות מוגבלת,,,'יח,0.57,ל-100 גרם,false,1,21.90,38.42,true,1,
7630477891714,false,סטארבקס קפסולות קפה אספרסו 10 יחידות,קבוצת אוסם סחר שותפות מוגבלת,,,'יח,0.57,ל-100 גרם,false,1,21.90,38.42,true,1,
7630477891738,false,סטארבקס קפסולות קפה אספרסו בלונד 10 יחיד,קבוצת אוסם סחר שותפות מוגבלת,,,'יח,0.57,ל-100 גרם,false,1,21.90,38.42,true,1,
7638900083071,false,סוללות אלקליין למחשבונים A76 1.5V זוג,דנאגיס בעמ,,,'יח,1,,false,1,17.90,17.90,false,1,
7702024258322,false,"חטיפי קרקר עם חיטה מלאה, צ'יה וזרעי פשתן פיטנס",קבוצת אוסם סחר שותפות מוגבלת,,,'יח,0.2340,ל-100 גרם,false,1,11.90,50.85,false,1,
7702174068826,false,יוגטה מבחר סוכריות לקקן קשות ממולאות טופי בטעמי יוגורט ופירות 204 גרם,הדקלאים אגודת שיתופי,,,'יח,2.16,ל-100 גרם,false,16,10.90,5.05,false,1,
7702174068833,false,יוגטה סוכריות קשות על מקל ממולאות טופי בטעמי גלידת פירות 12 יח' 204 גרם,הדקלאים אגודת שיתופי,,,'יח,2.16,ל-100 גרם,false,1,10.90,5.05,false,1,
7702174070201,false,יוגטה לקקן בטעם מסטיק ממולא טופי בטעם תות 12 יח' 204 גרם,הדקלאים אגודת שיתופי,,,'יח,2.16,ל-100 גרם,false,16,10.90,5.05,false,1,
7891024030974,false,"קולגייט משחת שיניים טריפל אקשן 75 מ""ל",הנסיך- מפעל לייצור ט,,,'יח,0.75,"ל-100 מ""ל",false,1,7.90,10.53,false,1,
8000070053465,false,קפסולות לוואצה למכונת אספרסו חוזק 8,לאוג'י לוואצה אס.פי.אי,,,'יח,7,ל-100 גרם,false,1,19.90,2.84,false,1,
8000070053472,false,קפסולות קרמה גוסטו קלאסיקו חוזק 12 57 ג' לוואצה,לאוג'י לוואצה אס.פי.אי,,,'יח,7,ל-100 גרם,false,1,19.90,2.84,false,1,
8000070053526,false,קפסולות לוואצה למכונת אספרסו חוזק 10,לאוג'י לוואצה אס.פי.אי,,,'יח,7,ל-100 גרם,false,1,19.90,2.84,false,1,
8000070055254,false,לוואצה קרמה גוסטו פורטה מס' 13 קפסולות לקפה 55 גרם,ליימן שליסל בע`מ,,,'יח,7,ל-100 גרם,false,1,19.90,2.84,false,1,
8000113003402,false,"קמח תירס בוואקום 1 ק""ג",גורי מוצרי צריכה (1991) בעמ,,,'יח,10,ל-100 גרם,false,10,17.90,1.79,false,1,
8000380003723,false,וופלים גרנד פטיסרי במילוי קרם אגוזים 100,קריניציה ויטמינה אס,,,'יח,1,ל-100 גרם,false,18,12.90,12.90,true,1,
8000380004669,false,וופל לואקר סנדוויץ קוביות ושוקולד 200ג',"א. לואקר, קונפקט ג'י",,,'יח,2,ל-100 גרם,false,18,12.90,6.45,true,1,
8000380004676,false,קוביות וופל סנדוויץ Sandwich עם וניל וחלב,"א. לואקר, קונפקט ג'י",,,'יח,2,ל-100 גרם,false,18,12.90,6.45,true,1,
8000380004911,false,קוביות וופל קואדרטיני Quadratini קרם אגוזים,קריניציה ויטמינה אס,,,'יח,2.50,ל-100 גרם,false,18,14.90,5.96,false,1,
8000380004966,false,וופל קוארדטיני לואקר קוביות שוקולד 250ג',קריניציה ויטמינה אס,,,'יח,2.50,ל-100 גרם,false,1,14.90,5.96,false,1,
8000380005918,false,וופל קוביות קואדרטיני אגוזים לואקר 125 גרם,ליימן שליסל בע`מ,,,'יח,1.25,ל-100 גרם,false,12,7.90,6.32,true,1,
8000380005963,false,וופל קוארדטיני שוקולד לואקר 125 גרם,ליימן שליסל בע`מ,,,'יח,1.25,ל-100 גרם,false,12,7.90,6.32,true,1,
8000380007257,false,וופל גרדנה במילוי קרם אגוזים מצופה,קריניציה ויטמינה אס,,,'יח,2,ל-100 גרם,false,10,14.90,7.45,true,1,
8000380007271,false,וופל במילוי קרם חלב לואקר (175 גרם),ליימן שליסל בע`מ,,,'יח,1.75,ל-100 גרם,false,1,10.90,6.23,false,1,
8000380106028,false,טורטינה לואקר וופל שוקולד ואגוזים שישיה 125ג',קריניציה ויטמינה אס,,,'יח,1.25,ל-100 גרם,false,24,16.90,13.52,false,1,
8000380157570,false,וופלים לואקר קלאסיק אגוז 262.5 גר,ליימן שליסל בע`מ,,,'יח,2.62,ל-100 גרם,false,1,13.90,5.31,true,1,
8000380157587,false,וופלים לואקר קלאסיק קקאו 262.5 גר,ליימן שליסל בע`מ,,,'יח,2.62,ל-100 גרם,false,1,13.90,5.31,true,1,
8000380192243,false,וופלים מלבנים פריכיים בטעם אגוז 200 גר`,ליימן שליסל בע`מ,,,'יח,2,ל-100 גרם,false,1,13.90,6.95,false,1,
8000380205400,false,וופלים קואדרטיני חמאת בוטנים לואקר 250 גרם,ליימן שליסל בע`מ,,,'יח,2.50,ל-100 גרם,false,18,14.90,5.96,false,1,
8000500023624,false,חטיפי הפי היפו Happy Hippo במילוי קרם חלב וקקאו,פרימיום-חברה לדברי מתיקה ולמסח,,,'יח,1.30,ל-100 גרם,false,1,12.90,9.92,false,1,
8000500023976,false,בונבוניירת רפאלו פררו (150 גרם),פרימיום-חברה לדברי מתיקה ולמסח,,,'יח,1.50,ל-100 גרם,false,1,17.90,11.93,false,1,
8000500026731,false,ביצי שוקולד קינדר מארז 3 יח סופרייז,פרימיום-חברה לדברי מתיקה ולמסח,,,'יח,0.60,ל-100 גרם,false,1,14.90,24.83,false,1,
8000500028124,false,קינדר גוי ביצת הפתעה מארז שלישיה,פרימיום-חברה לדברי מתיקה ולמסח,,,'יח,1,למארז,false,1,14.90,14.90,false,1,
8000500029350,false,מארז וופל מצופה 3יח' *43 גרם קינדר בואנו,פרימיום-חברה לדברי מתיקה ולמסח,,,'יח,0.43,ל-100 גרם,false,1,10.90,25.35,true,1,
8000500032237,false,בונבונרייה פררו רושר 375 גרם,פרימיום-חברה לדברי מתיקה ולמסח,,,'יח,3.75,ל-100 גרם,false,1,48.90,13.04,false,1,
8000500037874,false,בונבונרייה פררו רושר 200 גרם,פרימיום-חברה לדברי מתיקה ולמסח,,,'יח,2,ל-100 גרם,false,1,26.90,13.45,false,1,
8000500071083,false,אצבעות שוקולד קינדר Kinder שש עשרה יחידות,פרימיום-חברה לדברי מתיקה ולמסח,,,'יח,2,ל-100 גרם,false,1,11.90,5.95,false,1,
8000500075708,false,ביצי שוקולד הפתעה קינדר ג'וי כחול בנים שלישיה,פרימיום-חברה לדברי מתיקה ולמסח,,,'יח,0.60,ל-100 גרם,false,1,14.90,24.83,false,1,
8000500121436,false,מארז קינדר בואנו Kinder Bueno לבן שלוש יחידות,פרימיום-חברה לדברי מתיקה ולמסח,,,'יח,1.29,ל-100 גרם,false,1,10.90,8.45,true,1,
8000500227848,false,נוטלה - בי רדי אצבעות ביסקוויט במילוי שוקולד 6 יח' * 22 גרם,פרימיום-חברה לדברי מתיקה ולמסח,,,'יח,1.32,ל-100 גרם,false,1,11.90,9.02,true,1,
8000500267103,false,קינדר דליס עוגת ספוג קקאו במילוי חלבי*10,פרימיום-חברה לדברי מתיקה ולמסח,,,'יח,0.35,ל-100 גרם,false,1,19.90,56.86,true,1,
8000500269169,false,קינדר קארדס Kinder Cards - חמישייה,פרימיום-חברה לדברי מתיקה ולמסח,,,'יח,12.80,ל-100 גרם,false,1,13.90,1.09,false,1,
8001090336521,false,חיתולי פמפרס בייבי דריי מידה 5 30 יח` `,דיפלומט מפיצים (1986) בע`מ,,,'יח,1,'יח,false,1,34.90,34.90,true,1,
8001090364319,false,טייד קפסולות כביסה אפקט פיירי 37 יחידות,דיפלומט מפיצים (1986) בע`מ,,,'יח,1,'יח,false,1,54.90,54.90,false,1,
8001090458353,false,סבון כלים פעולה אנטי-בקטריאלית אקליפטוס,דיפלומט מפיצים (1986) בע`מ,,,'יח,5.15,"ל-100 מ""ל",false,1,10.90,2.12,false,1,
8001090721099,false,טבליות ג'ל לכביסה 3 ב-1 בניחוח אביב הרים,דיפלומט מפיצים (1986) בע`מ,,,'יח,1,ל-100 גרם,false,1,34.90,34.90,false,1,
8001090740717,false,מגני תחתון אולוויז נורמל עם ניחוח רענן Fresh Scent,פרוקטר אנד גמבל )ראה קוד,,,'יח,1,ל-100 גרם,false,1,19.90,19.90,true,1,
8001090745903,false,אבקת כביסה טייד פרש אלפיין 4 קג,דיפלומט מפיצים (1986) בע`מ,,,'יח,40,"ל-100 מ""ל",false,3,29.90,0.75,false,1,
8001090802385,false,קפסולות גל לכביסה טייד בניחוח לנור 26 יח,דיפלומט מפיצים (1986) בע`מ,,,'יח,4.50,ל-100 גרם,false,3,29.90,6.64,false,1,
8001090832450,false,"שמפו פנטן הנוסחה הקלאסית 660 מ""ל",דיפלומט מפיצים (1986) בע`מ,,,'יח,6.60,"ל-100 מ""ל",false,6,18.90,2.86,false,1,
8001090832573,false,שמפו שמן לחות מוגברת 660 מל פנטן,דיפלומט מפיצים (1986) בע`מ,,,'יח,6.60,"ל-100 מ""ל",false,6,18.90,2.86,false,1,
8001090832610,false,שמפו שמן למגע רך כמשי 660 מל פנטן,דיפלומט מפיצים (1986) בע`מ,,,'יח,6.60,"ל-100 מ""ל",false,6,18.90,2.86,false,1,
8001090832818,false,מרכך פנטן הנוסחה הקלאסית לשיער רגיל ומעורב,דיפלומט מפיצים (1986) בע`מ,,,'יח,6.60,"ל-100 מ""ל",false,6,18.90,2.86,false,1,
8001090833136,false,אריאל ג`ל כביסה 2.255 ליטר בייבי,דיפלומט מפיצים (1986) בע`מ,,,'יח,2.2250,"ל-100 מ""ל",false,4,29.90,13.44,false,1,
8001090833198,false,אריאל נוזל כביסה 2.47 ליטר ניחוח מרענן,דיפלומט מפיצים (1986) בע`מ,,,'יח,2.3650,"ל-100 מ""ל",false,4,29.90,12.64,false,1,
8001090833228,false,אריאל ג'ל כביסה קולור 2.365 ליטר,דיפלומט מפיצים (1986) בע`מ,,,'יח,2.3650,"ל-100 מ""ל",false,4,29.90,12.64,false,1,
8001090899194,false,תחבושות אולוויז פלטינום נורמל 24 יחידות,דיפלומט מפיצים (1986) בע`מ,,,'יח,0,ל-100 גרם,false,1,19.90,19.90,false,1,
8001841375809,false,לנור מרכך כביסה מרוכז סגול -750,איינשטיין צור-יבוא-יצוא וסחר ב,,,'יח,7.50,"ל-100 מ""ל",false,1,12.90,1.72,true,1,
8004030102033,false,טונה בשמן זית עם מיץ לימון ופלפל שחור - מארז 3 יח',בולטון אלימנטרי,,,'יח,2.40,ל-100 גרם,false,1,25.90,10.79,false,1,
8004030177000,false,ריו מארה טונה בשמן זית עם צ`לי שלישיות 8,ש. שסטוביץ בע`מ,,,'יח,2.40,ל-100 גרם,false,1,25.90,10.79,false,1,
8004030180000,false,ריו מרה טונה בשמן זית כתית מעולה 3*80 גרם,"בולטון אלימנטרי בע""\מ",,,'יח,2.40,ל-100 גרם,false,1,25.90,10.79,false,1,
8004030344938,false,"ריו מרה טונה בשמן זית 3X80 גרם מתכון חדש כשל""פ","בולטון אלימנטרי בע""\מ",,,'יח,2.40,ל-100 גרם,false,1,25.90,10.79,false,1,
8004800004826,false,לאגו פלאסיר - וופלים במילוי קרם קוקוס שוקולד מריר - 98ג,תה ויסוצקי (ישראל) בעמ,,,'יח,1,ל-100 גרם,false,1,12.90,12.90,true,1,
8005110002243,false,רכז עגבניות Doppio Concentr בשפופרת 185 ג' MUTTI,רסטרטו יבוא ושיווק בעמ*אין החז,,,'יח,1.85,ל-100 גרם,false,1,7.90,4.27,false,1,
8005110170300,false,עגבניות מרוסקות חתוכות מוטי MUTTI שלישיה *400,רסטרטו יבוא ושיווק בעמ*אין החז,,,'יח,4,ל-100 גרם,false,1,18.90,4.73,true,1,
8005110171215,false,עגבניות חתוכות 690 POLPAPEZZI ג' (כחול) MUTTI,רסטרטו יבוא ושיווק בעמ,,,'יח,6.90,ל-100 גרם,false,1,13.90,2.01,false,1,
8005110191015,false,רסק עגבניות ובזיליקום MUTTI{ירוק } 700 גרם,רסטרטו יבוא ושיווק בעמ,,,'יח,7,ל-100 גרם,false,1,11.90,1.70,false,1,
8005200256587,false,נסטי - תה קר בטעם אפרסק 1.5 ליטר,מפעל סאנפלגרינו S.P.A,,,'יח,15,"ל-100 מ""ל",false,12,7.90,0.51,false,1,
8006540091906,false,לנור כדוריות הבושם בניחוח אריאל 140 גרם,פטר קרמר עבור פרוקטור אנ,,,'יח,1.40,ל-100 גרם,false,1,24.90,17.79,false,1,
8006540425930,false,אריאל קפסולות לכביסה ג'ל 24 יח' לכתמים קשים,דיפלומט מפיצים (1986) בע`מ,,,'יח,1,ל-100 גרם,false,3,34.90,34.90,false,1,
8006540491539,false,"נוזל כלים פיירי פלטינום אוריגינל 780 מ""ל",דיפלומט מפיצים (1986) בע`מ,,,'יח,7.80,"ל-100 מ""ל",false,1,12.90,1.65,false,1,
8006540620403,false,"טייד אבקת כביסה אפקט פיירי 7 ק""ג",דיפלומט מפיצים (1986) בע`מ,,,'יח,1,'יח,false,1,54.90,54.90,false,1,
8007178120310,false,"חומץ בלסמי 500 מ""ל (דיפלומט)",דיפלומט מפיצים (1968) בעמ**,,,'יח,5,"ל-100 מ""ל",false,12,21.90,4.38,false,1,
8007520024426,false,מור. יוניקו מונופרוטאין עגל לכלב 150 גרם,שחורי אריה ואנסטסיה,,,'יח,1.50,ל-100 גרם,false,1,5.90,3.93,false,1,
8007520024501,false,פאוץ מיגליאור כבש 100 גרם,שחורי אריה ואנסטסיה,,,'יח,1,ל-100 גרם,false,1,4.90,4.90,false,1,
8007520024532,false,פאוץ מיגליאור הודו 100 גרם,שחורי אריה ואנסטסיה,,,'יח,1,ל-100 גרם,false,1,4.90,4.90,false,1,
8007520098045,false,"מורנדו בוגר מיני בקר 1.5 ק""ג",שחורי אריה ואנסטסיה,,,'יח,15,ל-100 גרם,false,1,29.90,1.99,false,1,
8008660210021,false,מעדן ריבה מנץ אנד גאססר דובדבן 300 גר,תה ויסוצקי (ישראל) בעמ,,,'יח,3,ל-100 גרם,false,1,15.90,5.30,true,1,
8008660210038,false,מעדן ריבה מנץ אנד גאססר תות שדה 300 גר,תה ויסוצקי (ישראל) בעמ,,,'יח,3,ל-100 גרם,false,1,15.90,5.30,true,1,
8076800195019,false,ברילה - צ.א ספגטי מס1 קפליני 500 גרם,ברילה גי.אי.אר פרטלי ס.פ,,,'יח,5,ל-100 גרם,false,1,7.90,1.58,true,1,
8076800195033,false,ברילה - צ.א ספגטיני מס3 חדש 500 גרם,ברילה גי.אי.אר פרטלי ס.פ,,,'יח,5,ל-100 גרם,false,1,7.90,1.58,true,1,
8076800195057,false,ברילה - צ.א ספגטי מס5 חדש 500 גרם,ברילה גי.אי.אר פרטלי ס.פ,,,'יח,5,ל-100 גרם,false,1,7.90,1.58,true,1,
8076802085837,false,ברילה - צ.ק טורטליוני מס83 500 גרם,הנסיך- מפעל לייצור ט,,,'יח,5,ל-100 גרם,false,1,7.90,1.58,true,1,
8076802085936,false,ברילה פסטה צ.ק. קונצילה ריגטה חדש,ברילה גי.אי.אר פרטלי ס.פ,,,'יח,5,ל-100 גרם,false,1,7.90,1.58,true,1,
8076802085981,false,ברילה - צ.ק פוזילי חדש 500 גרם,ברילה גי.אי.אר פרטלי ס.פ,,,'יח,5,ל-100 גרם,false,1,7.90,1.58,true,1,
8076808060654,false,פסטה פרפלה מספר 65 ברילה 500 גרם,ברילה גי.אי.אר פרטלי ס.פ,,,'יח,5,ל-100 גרם,false,1,7.90,1.58,true,1,
8076808150072,false,ברילה - צ.א ספגטוני מס7 חדש 500 גרם,ברילה גי.אי.אר פרטלי ס.פ,,,'יח,5,ל-100 גרם,false,1,7.90,1.58,true,1,
8076809512268,false,פסטה גירנדולה טורסדס מספר 34 ברילה 500 גרם,ברילה גי.אי.אר פרטלי ס.פ,,,'יח,5,ל-100 גרם,false,1,7.90,1.58,true,1,
8076809523561,false,ברילה - רוטב פסטה בטעם טוסקנה 400 גרם,ברילה גי.אי.אר פרטלי ס.פ,,,'יח,4,ל-100 גרם,false,1,14.90,3.73,false,1,
8076809523738,false,דפי לזניה ברילה 500 גרם,ברילה גי.אי.אר פרטלי ס.פ,,,'יח,5,'יח,false,1,24.90,4.98,false,1,
8312061230503,false,קוצץ מזון רב תכליתי BT-3050 BENATON,ד.ש.ש אלקטרוניקה בעמ`,,,'יח,1,,false,1,99.90,99.90,false,1,
8377373138848,false,מסחטת הדרים BENATON BT-3500,ד.ש.ש אלקטרוניקה בעמ`,,,'יח,1,,false,1,89.90,89.90,true,1,
8410076621047,false,עוגות אישיות בטעם שוקולד עם חתיכות בטעם שוקולד,ליימן שליסל בע`מ,,,'יח,1.20,ל-100 גרם,false,12,15.90,13.25,true,1,
8410104035112,false,פיניש נוזל הברקה למדיח כלים400 מ``ל,רקיט בנקיזר (ניר איסט) בעמ,,,'יח,4,"ל-100 מ""ל",false,1,15.90,3.98,true,1,
8410104045111,false,"פיניש מלח למדיח כלים 2ק""ג",רקיט בנקיזר (ניר איסט) בעמ,,,'יח,0,ל-100 גרם,false,1,14.90,14.90,true,1,
8412497362219,false,תחתית לשולחן-נסיכות,שמחה זה אנחנו בע`מ,,,'יח,1,,false,1,8.90,8.90,false,1,
8413376022965,false,גבינת עיזים רכה 29% ויליפוד 110 גרם,ג.וילי-פוד אינטרנשיונל **גבינו,,,'יח,1.10,ל-100 גרם,false,1,14.90,13.55,false,1,
8413376024839,false,גבינת עיזים רכה עם עשבי תיבול 29% ויליפוד 110 גרם,ג.וילי-פוד אינטרנשיונל **גבינו,,,'יח,1.10,ל-100 גרם,false,1,14.90,13.55,false,1,
8423207206488,false,סלים דליס חטיף דגנים מצופה שוקולד חלב מרבה 6*20 גרם,אף.סי תבליני בגליל ב,,,'יח,1.20,ל-100 גרם,false,1,11.90,9.92,true,1,
8423207206495,false,סלים דליס חטיף דגנים מצופה שוקולד מריר מרבה 6*20 גרם,אף.סי תבליני בגליל ב,,,'יח,1.20,ל-100 גרם,false,1,11.90,9.92,true,1,
8423207206501,false,סלים דליס חטיף דגנים עם שוקולד חלב מרבה 6*13 גרם,סלים דליס Slim Delis,,,'יח,0.78,ל-100 גרם,false,1,11.90,15.26,true,1,
8423207207362,false,חטיפי סלים דליס שוקולד לבן מרבה 6 יחידות,ביסנצ'ורי אס.אל.יו,,,'יח,1.20,ל-100 גרם,false,1,11.90,9.92,true,1,
8423207208260,false,מרבה סלים דליס 125 ג' ללא גלוטן שוקולד חלב,ביסנצ'ורי אס.אל.יו,,,'יח,1.10,ל-100 גרם,false,1,11.90,10.82,true,1,
8423207208697,false,חטיפי סלים דליס לילדים שוקולד לבן מרבה 6 יחידות,ביסנצ'ורי אס.אל.יו,,,'יח,1.10,ל-100 גרם,false,1,11.90,10.82,true,1,
8423207208703,false,חטיפי סלים דליס שוקולד מריר מרבה 6 יחידות,ביסנצ'ורי אס.אל.יו,,,'יח,1.10,ל-100 גרם,false,1,11.90,10.82,true,1,
8423207209885,false,מרבה חטיפי סלים דליס מהדורה מיוחדת שוקולד חלב,סלים דליס Slim Delis,,,'יח,1.10,ל-100 גרם,false,1,11.90,10.82,true,1,
8423207210928,false,חטיף דגנים מצופה שוקולד חלב ואגוזי לוז - 5 במארז,נוטרישן אנד סנטה קוב,,,'יח,1.10,ל-100 גרם,false,1,11.90,10.82,false,1,
8423207210942,false,חטיף דגנים מצופה שוקולד לבן ופירות יער,נוטרישן אנד סנטה קוב,,,'יח,1.10,ל-100 גרם,false,1,11.90,10.82,true,1,
8436575292205,false,ארטיק חמשושים מאגדת 15*12 גר',נגה גלידות שותפות מוגבלת,,,'יח,1.80,ל-100 גרם,false,1,19.90,11.06,false,1,
8682376710435,false,נייר טואלט בלינו 32 יח * (3 במארז),ח.כהן סוכנות מזון ומשקאות,,,'יח,1,ל-100 גרם,false,1,27.90,27.90,false,1,
8683130008355,false,מיונז שום לחיץ אמיתי הלמנס 400 גרם,יוניליוור ישראל שיווק בע`מ,,,'יח,4,ל-100 גרם,false,1,11.90,2.98,false,1,
8683323063024,false,יוגטה שטיחים בטעם תותי פרוטי 220 גרם,ליימן שליסל בע`מ,,,'יח,2.20,ל-100 גרם,false,30,6.90,3.14,false,1,
8690120060170,false,וופל נאמבר 1 שוקולד חלב 35 גרם,רויאל קנדיס בעמ,,,'יח,3.50,ל-100 גרם,false,1,2.90,0.83,true,1,
8690120060408,false,וופל נאמבר 1 שוקולד אגוזים 35 גרם,רויאל קנדיס בעמ,,,'יח,3.50,ל-100 גרם,false,1,2.90,0.83,true,1,
8690120139968,false,וופל נאמבר 1 שוקולד מריר 35 גרם,רויאל קנדיס בעמ,,,'יח,3.50,ל-100 גרם,false,1,2.90,0.83,true,1,
8690120160177,false,מארז וופל נאמבר וואן 24 יחידות,רויאל קנדיס בעמ,,,'יח,3.50,ל-100 גרם,false,1,34.90,9.97,false,1,
8690120160405,false,וופל נאמבר וואן ירוק 24 יחידות,רויאל קנדיס בעמ,,,'יח,3.50,ל-100 גרם,false,1,34.90,9.97,false,1,
8690120566139,false,וופל מצופה שוקולד מריר 35ג'*24 יח' NO1,רויאל קנדיס בעמ,,,'יח,3.50,ל-100 גרם,false,1,34.90,9.97,false,1,
8690504081920,false,מקוויטיס טינס מצופה שוקולד מריר 150 גרם,"אולקר ביסקווי סנאי, א.ס.",,,'יח,0.15,ל-100 גרם,false,1,10.90,72.67,true,1,
8690504153740,false,גודייבה שוקולד מריר במילוי קרם גנאש 86 גרם,תה ויסוצקי (ישראל) בעמ,,,'יח,0.86,ל-100 גרם,false,1,14.90,17.33,true,1,
8690572799529,false,"סאיוס - שמפו קרטין 500 מ""ל","הובי קוסמטיק, אנקרה, תור",,,'יח,5,"ל-100 מ""ל",false,1,12.90,2.58,false,1,
8690637073373,false,תה שחור ברגמוט ארל גריי ליפטון 25 יחידות,יוניליוור ישראל שיווק בע`מ,,,'יח,0.50,ל-100 גרם,false,1,7.40,14.80,false,1,
8690637073434,false,תה ארל גריי בטעם ברגמוט ללא שקית100ש,יוניליוור ישראל שיווק בע`מ,,,'יח,2,ל-100 גרם,false,1,23.90,11.95,false,1,
8690637503856,false,ממרח הלמנס כ- 40% פחות שומן לעומת מיונז,יוניליוור ישראל שיווק בע`מ,,,'יח,3.85,ל-100 גרם,false,1,13.90,3.61,false,1,
8690637555084,false,"מרכך כביסה מרוכז אקסטרה פריחת התפוז בדין 960 מ""ל",יוניליוור ישראל שיווק בע`מ,,,'יח,96,"ל-100 מ""ל",false,1,15.90,0.17,false,1,
8690637835643,false,"תה ירוק לימונית ולאויזה 30 גרם ""ליפטון""",יוניליוור ישראל שיווק בע`מ,,,'יח,32,ל-100 גרם,false,1,15.90,0.50,false,1,
8690637842399,false,מאגדת מגנום מיני דאבל פרי יער שוקולד 6 יח' נסטלה,יוניליוור סנאי וי סי,,,'יח,1,ל-100 גרם,false,1,31.90,31.90,false,1,
8690637858734,false,ג'ל לניקוי כללי בתוספת אקונומיקה בניחוח לימון,יוניליוור ישראל שיווק בע`מ,,,'יח,7.50,"ל-100 מ""ל",false,1,11.90,1.59,false,1,
8690637871108,false,הלמנ'ס ממרח חרדל 250 גרם,יוניליוור ישראל שיווק בע`מ,,,'יח,2.85,"ל-100 מ""ל",false,1,11.90,4.18,false,1,
8690637871245,false,הלמנס מיונז אמיתי 395 גר' בקבוק לחיץ.,יוניליוור ישראל שיווק בע`מ,,,'יח,3.85,ל-100 גרם,false,1,13.90,3.61,false,1,
8690637946301,false,"בדין - מרכך כביסה אקסטרא בייביי כחול 960 מ""ל",יוניליוור ישראל שיווק בע`מ,,,'יח,96,"ל-100 מ""ל",false,1,15.90,0.17,false,1,
8690637976995,false,"מרכך כביסה מרוכז אקסטרה ורוד סחלבים פראי בדין 960 מ""ל",יוניליוור ישראל שיווק בע`מ,,,'יח,96,"ל-100 מ""ל",false,1,15.90,0.17,false,1,
8690637987441,false,"מרכך כביסה אקסטרה פרח הכותנה ווניל 960 מ""ל בדין",יוניליוור ישראל שיווק בע`מ,,,'יח,96,"ל-100 מ""ל",false,1,15.90,0.17,false,1,
8690766156367,false,טבלת שוקולד חלב מעולה 90 גר` גודייבה,תה ויסוצקי (ישראל) בעמ,,,'יח,0.90,ל-100 גרם,false,1,14.90,16.56,true,1,
8690766156374,false,גודייבה שוקולד מריר מעולה 72% מוצקי קקאו 72גרם,תה ויסוצקי (ישראל) בעמ,,,'יח,0.90,ל-100 גרם,false,1,14.90,16.56,true,1,
8690766156381,false,גודייבה שוקולד מריר 90% מוצקי קקאו 90 גרם,תה ויסוצקי (ישראל) בעמ,,,'יח,0.90,ל-100 גרם,false,1,14.90,16.56,true,1,
8690766156404,false,שוקולד מריר מעולה גודייבה תפוז אדום 90 גרם,תה ויסוצקי (ישראל) בעמ,,,'יח,0.90,ל-100 גרם,false,1,14.90,16.56,true,1,
8690770322598,false,שמרים יבשים פוליבה הנמל 125 גרם,הנמל אריזות ושיווק (1984) בעמ,,,'יח,1,ל-100 גרם,false,24,4.90,4.90,true,1,
8690777221405,false,פלפל אדום קלוי על האש 650 גר` ויליפוד,ג. וילי-פוד אינטרנשיונל בע`מ,,,'יח,6.20,ל-100 גרם,false,12,12.90,2.08,false,1,
8690784616775,false,סבון מוצק לאסלה דאק אקווה בלו 4 ב-1 80 ג,טואלט דאק (ג'ונסון),,,'יח,3,"ל-100 מ""ל",false,1,7.90,2.63,false,1,
8697826469092,false,טורטיה קטנה שקדיה 540 גרם 12 יחידות,דין שיווק וקליה 2021 בעמ,,,'יח,5.40,ל-100 גרם,false,1,9.90,1.83,false,1,
8698313596635,false,"גלידת שמנת עם פיסטוק אריזה משפחתית 500 מ""ל",דילר בי.אם.די. פורמולה בעמ,,,'יח,5,"ל-100 מ""ל",false,1,25.90,5.18,false,1,
8698313596659,false,גלידה פיסטוק שמנת משפחתי 500ג' מאראשם,דילר בי.אם.די. פורמולה בעמ,,,'יח,5,"ל-100 מ""ל",false,1,25.90,5.18,false,1,
8699073292768,false,חציל קלוי על האש 640 גרם MELIS כשרות K,ג. וילי-פוד אינטרנשיונל בע`מ,,,'יח,6.40,ל-100 גרם,false,1,10.90,1.70,false,1,
8699947920797,false,סט 3 קופסאות סוגרים,הום פרפקט ק.ד.מ בעמ,,,'יח,1,,false,1,14.90,14.90,true,1,
8710447284117,false,"ג'ל רחצה אקס בלאק 400 מ""ל",יוניליוור ישראל שיווק בע`מ,,,'יח,4,"ל-100 מ""ל",false,1,10.90,2.73,false,1,
8710502060021,false,מרבה פטיסרי עוגיות מאפין רכות 210 גרם,ש. שסטוביץ בע`מ,,,'יח,2,ל-100 גרם,false,1,11.90,5.95,true,1,
8710502064814,false,עוגיות מרבה שוקולד ציפס במרקם רך 175 גר,בנקטבקריי מרבה בי.וי,,,'יח,1.75,ל-100 גרם,false,1,9.90,5.66,true,1,
8710502139017,false,עוגיות טריפל שוקולד צ`יפס מרבה (180 גרם),בנקטבקריי מרבה בי.וי,,,'יח,1.80,ל-100 גרם,false,1,9.90,5.50,true,1,
8710502194801,false,"עוגיות שוקלד ציפס רכה פירות יער ""מרבה"" 175 גרם",בנקטבקריי מרבה בי.וי,,,'יח,1.75,ל-100 גרם,false,1,9.90,5.66,true,1,
8710502231018,false,מרבה עוגיות מיני שוקולד צ'יפס 175 גרם,ש. שסטוביץ בע`מ,,,'יח,1.75,ל-100 גרם,false,1,9.90,5.66,false,1,
8710502279010,false,מרבה עוגיות שוקולד צ'יפס מצופות שוקולד 175 גרם,"י.מרבה ישראל בע""מ",,,'יח,1.75,ל-100 גרם,false,1,9.90,5.66,true,1,
8710502285509,false,מרבה - עוגיות לימון ושוקולד צ'יפס במרקם רך 175 גרם,בנקטבקריי מרבה בי.וי,,,'יח,2.25,ל-100 גרם,false,1,9.90,4.40,true,1,
8710502405204,false,עוגיות שוקולד צ'יפס עם קרם שוקולד מרבה 175 גרם,קריניציה ויטמינה אס,,,'יח,1.75,ל-100 גרם,false,1,9.90,5.66,true,1,
8710502470028,false,עוגיות שוקולד צ'יפס ממולאות בקרם נוגט,קריניציה ויטמינה אס,,,'יח,1.60,ל-100 גרם,false,1,9.90,6.19,true,1,
8711327475762,false,מגנום פיינט שוקולד לבן עוגיות 260 גרם,"מפעל גלידות בווספרם, רחו",,,'יח,2.60,ל-100 גרם,false,1,21.90,8.42,false,1,
8712400802512,false,תרכובת מזון המשך לפעוטות על בסיס חלב שלב 2,דיפלומט מפיצים (1968) בעמ**,,,'יח,8,ל-100 גרם,false,12,59.90,7.49,false,1,
8712400802536,false,תרכובת מזון המשך לפעוטות על בסיס חלב שלב 3,דיפלומט מפיצים (1968) בעמ**,,,'יח,8,ל-100 גרם,false,12,59.90,7.49,false,1,
8712561611411,false,"תחליב רחצה בניחוח מלפפון ותה ירוק דאב 750 מ""ל",יוניליוור ישראל שיווק בע`מ,,,'יח,7.50,"ל-100 מ""ל",false,1,19.90,2.65,false,1,
8714599513835,false,גי'קובס קרונונג נייט אנד דיי - נטול קופיאין,דיפלומט מפיצים (1968) בעמ**,,,'יח,2,ל-100 גרם,false,6,34.90,17.45,false,1,
8714599513866,false,"קפה נמס מיובש בהקפאה קרונג צנצנת ג'ייקובס 200 גרם לל""ס",דיפלומט מפיצים (1968) בעמ**,,,'יח,2,ל-100 גרם,false,6,29.90,14.95,false,1,
8714789797786,false,"פלמוליב נוזל לניקוי כלים גריז בלסטר 750 מ""ל",יבואן ומשווק: ש. שסט,,,'יח,7.50,"ל-100 מ""ל",false,1,11.90,1.59,true,1,
8714789930848,false,"משחת שיניים אופטיק וייט הלבנה מיידית קולגייט 75 מ""ל",איינשטיין-צור יבוא-יצוא וסחר ב,,,'יח,0.75,ל-100 גרם,false,1,19.90,26.53,false,1,
8715700110141,false,מיונז קרמי היינץ צנצנת 460ג',דיפלומט מפיצים (1968) בעמ**,,,'יח,4.60,ל-100 גרם,false,8,12.90,2.80,true,1,
8715700110158,false,היינץ ממרח במרקם קרמי צנצנת 490 גרם,דיפלומט מפיצים (1968) בעמ**,,,'יח,4.60,ל-100 גרם,false,8,12.90,2.80,true,1,
8715700115641,false,ממרח מיונז לחיץ לייט במרקם קרמי 420 ג' היינץ,דיפלומט מפיצים (1968) בעמ**,,,'יח,4.20,ל-100 גרם,false,1,14.90,3.55,false,1,
8715700118925,false,היינץ מתבל עגבניות חריף 460 גר`,דיפלומט מפיצים (1968) בע`מ,,,'יח,1,,false,1,12.90,12.90,false,1,
8715700419732,false,מתבל עגבניות היינץ (700 גרם),דיפלומט מפיצים (1968) בעמ**,,,'יח,7,ל-100 גרם,false,10,11.90,1.70,true,1,
8715700422473,false,ממרח לכריכים וסלטים ללא ח. משמרים היינץ 395 גרם,דיפלומט מפיצים (1968) בעמ**,,,'יח,3.95,ל-100 גרם,false,1,16.90,4.28,false,1,
8715700423906,false,היינץ מתבל עגבניות מופחת סוכר ומלח 50/50 550 גרם,דיפלומט מפיצים (1968) בעמ**,,,'יח,0.55,ל-100 גרם,false,10,11.90,21.64,true,1,
8718951030206,false,"קולגייט סנסיטיב פרוטקשן משחת שיניים לשיניים רגישות 75 מ""ל",קולגייט-פלמוליב,,,'יח,0.75,ל-100 גרם,false,1,17.90,23.87,true,1,
8718951166561,false,משחת שיניים לרעננות מוגברת max fresh cooling crystals,הנסיך- מפעל לייצור ט,,,'יח,1.25,"ל-100 מ""ל",false,1,19.90,15.92,false,1,
8718951236790,false,"קולגייט טוטאל משחת שיניים קלין מינט לפה בריא 100 מ""ל",קולגייט פלמוליב,,,'יח,1,"ל-100 מ""ל",false,1,16.90,16.90,true,1,
8718951236806,false,"קולגייט טוטאל הלבנה משחת שיניים המסייעת בהסרת כתמים 100 מ""ל",ש. שסטוביץ בע`מ,,,'יח,1,ל-100 גרם,false,1,16.90,16.90,true,1,
8718951286733,false,"קולגייט אופטיק וייט לסטינג וייט משחת שיניים 75 מ""ל",ש. שסטוביץ בע`מ,,,'יח,0.75,ל-100 גרם,false,1,29.90,39.87,false,1,
8718951345119,false,נוזל לניקוי רצפות וכללי היביסקוס 2 ליטר,הנסיך- מפעל לייצור ט,,,'יח,20,"ל-100 מ""ל",false,1,23.90,1.20,false,1,
8718951354807,false,נוזל רצפות אגקס חגיגת הפרחים יסמין 1.5 ל,קולגייט פלמוליב,,,'יח,15,"ל-100 מ""ל",false,1,19.90,1.33,false,1,
8718951382718,false,"פלמוליב ג`ל רחצה חימר התחדשות 750 מ""ל",קולגייט פלמוליב,,,'יח,7.50,"ל-100 מ""ל",false,1,19.90,2.65,true,1,
8718951477384,false,"קולגייט משחת שיניים טוטאל ג'ל מתקדם פיור 75 מ""ל",קולגייט פלמוליב,,,'יח,0.75,"ל-100 מ""ל",false,1,19.90,26.53,false,1,
8719200998001,false,מרגרינה לאפיה ובישול בלי מלח 200 ג' בלו בנד,יוניליוור ישראל מזון בע\,,,'יח,2,ל-100 גרם,false,1,4.50,2.25,false,1,
8719200998018,false,מחמאה מרגרינה בטעם חמאה בלובנד 200 גרם,"מיוצר ע""\י יוניליוור ישר",,,'יח,2,ל-100 גרם,false,1,4.90,2.45,false,1,
8719200998049,false,"מרגרינה מזולה גלורי רגיל 250גר 8 יחידות -כשל""פ","מיוצר ע""\י יוניליוור ישר",,,'יח,2.50,ל-100 גרם,false,1,10.70,4.28,false,1,
8719200998100,false,מרגרינה מזולה לאפיה טעם חמאה 200גר - 40 יח',דיפלומט מפיצים (1968) בעמ**,,,'יח,2,ל-100 גרם,false,1,6.60,3.30,false,1,
8720181046605,false,דאב - דאודורנט ספריי לאישה אורגינל כחול 150מל,יוניליוור ישראל שיווק בע`מ,,,'יח,1.50,"ל-100 מ""ל",false,1,15.90,10.60,false,1,
8723400756552,false,מארז סוכריות מנטוס Mentos ריינבואו,פרפטי ואן מלה ברדה,,,'יח,1.48,ל-100 גרם,false,35,10.90,7.36,true,1,
8801055707966,false,קפה טייסטרס צ`ויס בריסטה נסקפה (180 גרם),קבוצת אוסם סחר שותפות מוגבלת,,,'יח,1.25,ל-100 גרם,false,1,30.90,24.72,false,1,
8801055708772,false,קפה נמס טייסטרס צ`ויס 200 גר+ מילוי 50,קבוצת אוסם סחר-שות.מוגבלת,,,'יח,2,ל-100 גרם,false,1,29.90,14.95,false,1,
8801055709458,false,אבקה להכנת משקה קפה בטעם קפוצ'ינו קרמל,קבוצת אוסם סחר שותפות מוגבלת,,,'יח,1.70,ל-100 גרם,false,1,17.90,10.53,false,1,
8801055709489,false,אבקה להכנת משקה קפה בטעם קפוצ'ינו אגוזים,קבוצת אוסם סחר שותפות מוגבלת,,,'יח,1.70,ל-100 גרם,false,1,17.90,10.53,false,1,
8802241131664,false,חטיף אצות קלויות עם מלח ים Laverland Crunch,טחנת האבן קואופ בעמ,,,'יח,2,ל-100 גרם,false,1,22.90,11.45,false,1,
8850389103159,false,"משקה ליצ'י עם חתיכות גלי קוקוס 320 מ""ל מוגו מוגו",סאפה פובליק קומפני לימיט,,,'יח,3.20,"ל-100 מ""ל",false,1,6.90,2.16,false,1,
8850389105832,false,סאפה משקה אלוורה בטעם תפוח עם קוביות אלוורה 1 ליטר,סאפה פובליק קומפני לימיט,,,'יח,10,"ל-100 מ""ל",false,12,12.90,1.26,false,1,
8850389105849,false,סאפה משקה אלוורה מופחת קלוריות בטעם אפרסק 1 ליטר,סאפה פובליק קומפני לימיט,,,'יח,10,"ל-100 מ""ל",false,12,12.90,1.26,false,1,
8850632604266,false,"יוגטה, ממתק חמוץ בצורת מקלות בטעם קולה, 50 גרם",ליימן שליסל בע`מ,,,'יח,1,,false,1,4.90,4.90,false,1,
8850632604372,false,"יוגטה, חיספוסים בצורת שטיח בטעם תות שדה 50 גרם",ליימן שליסל בע`מ,,,'יח,1,,false,1,4.90,4.90,false,1,
8850632604402,false,יוגטה חיספוסים בטעם מעורב תות שדה אבטיח ענבים בננה 50 גרם,ליימן שליסל בע`מ,,,'יח,1,,false,1,4.90,4.90,false,1,
8850632605201,false,"יוגטה, חיספוסים, ממתק חמוץ בצורת שטיח, בטעם מעורב- תות בננה, תפוח, תפוז, 50 גרם",הדקלאים אגודת שיתופי,,,'יח,1,,false,1,4.90,4.90,false,1,
8851613101385,false,"חלב קוקוס ארוי-די קרטון 500מ""ל",גורי מוצרי צריכה (1991) בעמ,,,'יח,5,"ל-100 מ""ל",false,1,12.90,2.58,false,1,
8900052762005,false,מכשיר לבישול ואפייה,ד.ש.ש אלקטרוניקה בעמ`,,,'יח,1,'יח,false,1,199,199,false,1,
8901537024014,false,"אורז בסמטי מובחר 1 ק""ג - דוואט) יורה דיעה",ג. וילי-פוד אינטרנשיונל בע`מ,,,'יח,10,ל-100 גרם,false,1,12.90,1.29,true,1,
8907931003600,false,חטיף ציפס על בסיס בטטה עם מלח ים 30 גרם,היין פיוצ'ור נטורל פ,,,'יח,3,ל-100 גרם,false,1,5.90,1.97,true,1,
9001148803103,false,שיני שום קלופות 170,ביכורי השדה הצפון בעמ` 1964,,,'יח,1,,false,1,9.90,9.90,false,1,
9001395807015,false,שוקולד בננית בטעם שוקו בננה 300 גרם,פרנס הואו סווירט,,,'יח,3,ל-100 גרם,false,1,10.90,3.63,false,1,
9002975393829,false,סוכריות גילי הריבו פיציס 70 גרם,"האריבו , ג'\י.אם.בי.אייץ",,,'יח,1,'יח,false,1,6.90,6.90,true,1,
9002975393836,false,סוכריות גילי הריבו האפי קולה 70 גרם,"האריבו , ג'\י.אם.בי.אייץ",,,'יח,1,'יח,false,1,6.90,6.90,true,1,
9002975393850,false,סוכריות גילי הריבו וורמס 70 גרם,"האריבו , ג'\י.אם.בי.אייץ",,,'יח,1,'יח,false,1,6.90,6.90,true,1,
9120025834723,false,חטיף אוראו מצונן 120 גרם רבנות,ג.וילי-פוד אינטרנשיונל **גבינו,,,'יח,1.20,ל-100 גרם,false,1,14.90,12.42,false,1,
9120025839896,false,חטיף מילקה מצונן 128 גרם,ג.וילי-פוד אינטרנשיונל **גבינו,,,'יח,1.20,ל-100 גרם,false,1,14.90,12.42,false,1,
9120097310545,false,חטיף מיני מיניונים מצונן 102.5 ג' CHOCO BITE,ג.וילי-פוד אינטרנשיונל **גבינו,,,'יח,1.20,ל-100 גרם,false,1,14.90,12.42,false,1,
9120097310583,false,חטיף שוקו בננה מיניונים מצונן 108 גרם,ג.וילי-פוד אינטרנשיונל **גבינו,,,'יח,1.08,ל-100 גרם,false,1,14.90,13.80,false,1,
9310072028743,false,טים טם ביסקוויט במילוי שוקולד 200 גרם,"ארנוטס ביסקוויטס בע""",,,'יח,2,ל-100 גרם,false,1,19.90,9.95,true,1,
72901108071952,true,חנוכייה מעוצבת חגיגית,ד.ג.ש ייבוא ושיווק בעמ,,,'יח,1,,false,1,59.90,59.90,false,1,
80010903641319,true,טייד קפסולות פיירי 37 יח`,דיפלומט מפיצים (1986) בע`מ,,,'יח,1,'יח,false,1,54.90,54.90,false,1,
