code,internal_code,name,manufacturer_name,manufacture_country,manufacturer_item_description,unit_qty,quantity,unit_of_measure,weighted,qty_in_package,price,unit_of_measure_price,allow_discount,status,item_id
2,true,"עמלת החזרת צ ק 14ש""ח",שונות /שרות,,,"י""ח",1,,false,1,14,14,false,1,
7,true,תוספת למשלוח בקלקר,שונות /שרות,,,"100 ס""מ",1,,false,1,10,10,false,1,
10,true,כרטיס מועדון,שונות /שרות,,,"י""ח",1,,false,1,30,30,false,1,
20,true,לילות סדר ישראלים,שונות /שרות,,,"י""ח",1,"י""ח",false,1,10,10,false,1,
33,true,"עמלת החזרת צ ק 98 ש""ח",שונות /שרות,,,"י""ח",1,,false,1,98,98,false,1,
39,true,ב  39 תו קניה,שונות /שרות,,,"י""ח",1,,false,1,10,10,false,1,
51,true,ורד הצלע}בשר  לא מוכשר{,ב ספק בשר קפוא,,,"ק""ג",1,,true,1,69.90,69.90,false,1,
55,true,צלי כתף בשר לא מוכשר,ב ספק בשר קפוא,,,"ק""ג",10,"ק""ג",true,1,62.90,6.29,false,1,
56,true,פילה מדומה  בשר לא מוכשר,ב ספק בשר קפוא,,,"ק""ג",1,,true,1,40.39,40.39,false,1,
59,true,קשתית בשר לא מוכשר,ב ספק בשר קפוא,,,"ק""ג",1,,true,1,27.90,27.90,false,1,
82,true,דג אדום מובחר,ב ספק דגים קפואים,,,"ק""ג",1,,true,1,37.95,37.95,false,1,
100,true,מיץ סחוט תפוזים,שונות /שרות,,,"י""ח",1,,false,1,10.60,10.60,false,1,
121,true,פלפל יבש חריף/מתוק,שלי מוצרי מזון ותבלינים***,,,"י""ח",1,,false,1,10.90,10.90,false,1,
151,true,עוף טחון טרי  {קצביה]**,ח.י. מעדני גורמה בעמ,,,"ק""ג",1,,true,1,49.90,49.90,true,1,
318,true,מדבקות למקודד ציבעוני,שונות /שרות,,,"י""ח",1,,false,1,0.10,0.10,false,1,
325,true,חרובים,ח.כהן סוכנות מזון ומשקאות בע,,,"ק""ג",1,,true,1,19,19,false,1,
350,true,דג פילה מושט טרי כ-100גר,ח.י. מעדני גורמה בעמ,,,"י""ח",1,,false,1,14.90,14.90,true,1,
352,true,חסה עגולה,ביכורי השדה צפון 1994 ג.ד. בעמ,,,"י""ח",1,,false,1,6.90,6.90,false,1,
353,true,גינגר תפזורת,ביכורי השדה צפון 1994 ג.ד. בעמ,,,"ק""ג",1,,true,1,39.90,39.90,false,1,
355,true,דובדבן אדום ארוז,ביכורי השדה צפון 1994 ג.ד. בעמ,,,"י""ח",1,,false,1,14.90,14.90,false,1,
434,true,פתית 15יח`,לפ מאפיית שפע נעמן,,,"י""ח",15,"י""ח",false,1,12,0.80,false,1,
435,true,סלרי,ביכורי השדה צפון 1994 ג.ד. בעמ,,,"י""ח",1,"י""ח",false,1,5.90,5.90,false,1,
443,true,כרטיס להופעה של בני ברדא,שונות /שרות,,,"י""ח",1,,false,1,60,60,false,1,
446,true,פטריות תפזורת שקיל,ביכורי השדה צפון 1994 ג.ד. בעמ,,,"ק""ג",1,"ק""ג",true,1,39.90,39.90,false,1,
505,true,אבוקדו,ביכורי השדה צפון 1994 ג.ד. בעמ,,,"ק""ג",1,"ק""ג",true,1,10.90,10.90,false,1,
506,true,אבטיח,ביכורי השדה צפון 1994 ג.ד. בעמ,,,"ק""ג",1,"ק""ג",true,1,5.90,5.90,false,1,
509,true,קסביה,ביכורי השדה צפון 1994 ג.ד. בעמ,,,"ק""ג",1,"ק""ג",true,1,15.90,15.90,false,1,
510,true,אגסים,ביכורי השדה צפון 1994 ג.ד. בעמ,,,"ק""ג",1,"ק""ג",true,1,12.90,12.90,false,1,
511,true,אגס קטן,ביכורי השדה צפון 1994 ג.ד. בעמ,,,"י""ח",1,,true,1,7.90,7.90,false,1,
515,true,אפרסמון,ביכורי השדה צפון 1994 ג.ד. בעמ,,,"ק""ג",1,"ק""ג",true,1,11.90,11.90,false,1,
522,true,אננס.,ביכורי השדה צפון 1994 ג.ד. בעמ,,,"י""ח",1,,false,1,29.90,29.90,false,1,
523,true,אשכולית אדומה,ביכורי השדה צפון 1994 ג.ד. בעמ,,,"ק""ג",1,"ק""ג",true,1,6.90,6.90,false,1,
525,true,אשכולית,ביכורי השדה צפון 1994 ג.ד. בעמ,,,"ק""ג",1,"ק""ג",true,1,5.90,5.90,false,1,
530,true,בננה.,ביכורי השדה צפון 1994 ג.ד. בעמ,,,"ק""ג",1,"ק""ג",true,1,7.90,7.90,false,1,
533,true,גויאבה,ביכורי השדה צפון 1994 ג.ד. בעמ,,,"ק""ג",1,"ק""ג",true,1,18.90,18.90,false,1,
535,true,לימון,ביכורי השדה צפון 1994 ג.ד. בעמ,,,"ק""ג",1,"ק""ג",true,1,6.90,6.90,false,1,
536,true,פמלה,ביכורי השדה צפון 1994 ג.ד. בעמ,,,"ק""ג",1,"ק""ג",true,1,6.90,6.90,false,1,
545,true,נקטרינה,ביכורי השדה צפון 1994 ג.ד. בעמ,,,"ק""ג",1,"ק""ג",true,1,6.90,6.90,false,1,
551,true,ארטיק לימון יחידה,שונות /שרות,,,"י""ח",1,,false,1,1,1,false,1,
553,true,ענב אדום,ביכורי השדה צפון 1994 ג.ד. בעמ,,,"ק""ג",1,"ק""ג",true,1,16.90,16.90,false,1,
554,true,ענבים לבן .,ביכורי השדה צפון 1994 ג.ד. בעמ,,,"ק""ג",1,"ק""ג",true,1,22.90,22.90,false,1,
555,true,שתיה,שונות /שרות,,,"י""ח",1,,false,1,1,1,false,1,
557,true,פמלית,ביכורי השדה צפון 1994 ג.ד. בעמ,,,"ק""ג",1,"ק""ג",true,1,8.90,8.90,false,1,
560,true,קלמנטינה,ביכורי השדה צפון 1994 ג.ד. בעמ,,,"ק""ג",1,"ק""ג",true,1,5.90,5.90,false,1,
563,true,קיווי.,ביכורי השדה צפון 1994 ג.ד. בעמ,,,"ק""ג",1,"ק""ג",true,1,19.90,19.90,false,1,
564,true,רימונים,ביכורי השדה צפון 1994 ג.ד. בעמ,,,"ק""ג",1,"ק""ג",true,1,7.90,7.90,false,1,
566,true,שזיף אדום.,ביכורי השדה צפון 1994 ג.ד. בעמ,,,"ק""ג",1,"ק""ג",true,1,15.90,15.90,false,1,
568,true,שזיף ירוק,ביכורי השדה צפון 1994 ג.ד. בעמ,,,"ק""ג",0,"ק""ג",true,1,14.90,14.90,false,1,
575,true,תפוז תבורי.,ביכורי השדה צפון 1994 ג.ד. בעמ,,,"ק""ג",1,"ק""ג",true,1,5.90,5.90,false,1,
580,true,תפוח אנה,ביכורי השדה צפון 1994 ג.ד. בעמ,,,"ק""ג",1,"ק""ג",true,1,10.90,10.90,false,1,
581,true,תפוח יונתן,ביכורי השדה צפון 1994 ג.ד. בעמ,,,"ק""ג",1,"ק""ג",true,1,10.90,10.90,false,1,
583,true,תפוח סמיט ירוק,ביכורי השדה צפון 1994 ג.ד. בעמ,,,"ק""ג",1,"ק""ג",true,1,10.90,10.90,false,1,
585,true,תפוח חרמון,ביכורי השדה צפון 1994 ג.ד. בעמ,,,"ק""ג",1,"ק""ג",true,1,10.90,10.90,false,1,
586,true,תפוז ברשת,ביכורי השדה צפון 1994 ג.ד. בעמ,,,"ק""ג",1,,true,1,5.90,5.90,false,1,
588,true,תפוח גלה,ביכורי השדה צפון 1994 ג.ד. בעמ,,,"ק""ג",1,"ק""ג",true,1,13.90,13.90,false,1,
590,true,תפוח זהוב.,ביכורי השדה צפון 1994 ג.ד. בעמ,,,"ק""ג",1,"ק""ג",true,1,10.90,10.90,false,1,
593,true,תות שדה מגש.,ביכורי השדה צפון 1994 ג.ד. בעמ,,,"י""ח",1,,false,1,14.90,14.90,false,1,
594,true,סברס,ביכורי השדה צפון 1994 ג.ד. בעמ,,,"ק""ג",1,"ק""ג",true,1,29.90,29.90,false,1,
603,true,פטרוזיליה רגילה לא ארוז,ביכורי השדה צפון 1994 ג.ד. בעמ,,,"י""ח",1,,false,1,3.90,3.90,true,1,
604,true,נענע רגילה לא ארוז,ביכורי השדה צפון 1994 ג.ד. בעמ,,,"י""ח",1,,false,1,3.90,3.90,true,1,
605,true,בצל יבש,ביכורי השדה צפון 1994 ג.ד. בעמ,,,"ק""ג",1,"ק""ג",true,1,3.90,3.90,false,1,
606,true,בצל אדום,ביכורי השדה צפון 1994 ג.ד. בעמ,,,"ק""ג",1,"ק""ג",true,1,6.90,6.90,false,1,
608,true,בצל ירוק,ביכורי השדה צפון 1994 ג.ד. בעמ,,,"י""ח",1,,false,1,5.90,5.90,false,1,
612,true,בטטה,ביכורי השדה צפון 1994 ג.ד. בעמ,,,"ק""ג",1,"ק""ג",true,1,9.90,9.90,false,1,
613,true,בצל ירוק לט,ביכורי השדה צפון 1994 ג.ד. בעמ,,,"י""ח",1,,false,1,7.50,7.50,false,1,
620,true,דלעת,ביכורי השדה צפון 1994 ג.ד. בעמ,,,"ק""ג",1,"ק""ג",true,1,12.90,12.90,false,1,
622,true,דלורית,ביכורי השדה צפון 1994 ג.ד. בעמ,,,"ק""ג",1,"ק""ג",true,1,5.90,5.90,false,1,
623,true,חסה ערבית,ביכורי השדה צפון 1994 ג.ד. בעמ,,,"י""ח",1,,false,1,4.90,4.90,false,1,
625,true,חציל,ביכורי השדה צפון 1994 ג.ד. בעמ,,,"ק""ג",1,"ק""ג",true,1,6.90,6.90,false,1,
629,true,ירק בתפזורת,ביכורי השדה צפון 1994 ג.ד. בעמ,,,"י""ח",1,,false,1,3.90,3.90,true,1,
630,true,כרוב לבן,ביכורי השדה צפון 1994 ג.ד. בעמ,,,"ק""ג",1,"ק""ג",true,1,3.90,3.90,false,1,
633,true,כרוב אדום,ביכורי השדה צפון 1994 ג.ד. בעמ,,,"ק""ג",1,"ק""ג",true,1,4.90,4.90,false,1,
635,true,כרובית,ביכורי השדה צפון 1994 ג.ד. בעמ,,,"י""ח",1,"ק""ג",false,1,10.90,10.90,false,1,
636,true,שמיר רגיל לא ארוז,ביכורי השדה צפון 1994 ג.ד. בעמ,,,"י""ח",1,,false,1,3.90,3.90,true,1,
639,true,לוף ירק,ביכורי השדה צפון 1994 ג.ד. בעמ,,,"י""ח",1,"י""ח",false,1,7.90,7.90,false,1,
643,true,כוסברה רגילה לא ארוז,ביכורי השדה צפון 1994 ג.ד. בעמ,,,"י""ח",1,,false,1,3.90,3.90,true,1,
644,true,חסה אמריקאית,ביכורי השדה צפון 1994 ג.ד. בעמ,,,"י""ח",1,,false,1,6.90,6.90,false,1,
645,true,מלפפון.,ביכורי השדה צפון 1994 ג.ד. בעמ,,,"ק""ג",1,"ק""ג",true,1,5.90,5.90,false,1,
647,true,פלפל ננסי,ביכורי השדה צפון 1994 ג.ד. בעמ,,,"י""ח",1,,false,1,9.90,9.90,false,1,
650,true,נענע,ביכורי השדה צפון 1994 ג.ד. בעמ,,,"י""ח",1,,false,1,2.90,2.90,true,1,
657,true,סלרי,ביכורי השדה צפון 1994 ג.ד. בעמ,,,"י""ח",1,,false,1,5.90,5.90,false,1,
659,true,סלק אדום,ביכורי השדה צפון 1994 ג.ד. בעמ,,,"ק""ג",1,"ק""ג",true,1,3.90,3.90,false,1,
660,true,עגבניה.,ביכורי השדה צפון 1994 ג.ד. בעמ,,,"ק""ג",1,"ק""ג",true,1,5.90,5.90,false,1,
661,true,עגבניה שרי תפזורת,ביכורי השדה צפון 1994 ג.ד. בעמ,,,"ק""ג",1,,true,1,18.90,18.90,false,1,
663,true,פלפל חריף ירוק,ביכורי השדה צפון 1994 ג.ד. בעמ,,,"ק""ג",1,"ק""ג",true,1,9.90,9.90,false,1,
664,true,פלפל חריף אדום,ביכורי השדה צפון 1994 ג.ד. בעמ,,,"ק""ג",1,,true,1,9.90,9.90,false,1,
665,true,פלפל כהה,ביכורי השדה צפון 1994 ג.ד. בעמ,,,"ק""ג",1,"ק""ג",true,1,8.90,8.90,false,1,
666,true,פלפל צהוב,ביכורי השדה צפון 1994 ג.ד. בעמ,,,"ק""ג",1,"ק""ג",true,1,8.90,8.90,false,1,
667,true,גמבה אדומה,ביכורי השדה צפון 1994 ג.ד. בעמ,,,"ק""ג",1,"ק""ג",true,1,9.90,9.90,false,1,
669,true,פלפל בהיר,ביכורי השדה צפון 1994 ג.ד. בעמ,,,"ק""ג",0,"ק""ג",true,1,8.90,8.90,false,1,
675,true,פטריות יער,ביכורי השדה צפון 1994 ג.ד. בעמ,,,"י""ח",1,,false,1,12.90,12.90,false,1,
677,true,צנון שחור,ביכורי השדה צפון 1994 ג.ד. בעמ,,,"ק""ג",1,,true,1,7.90,7.90,false,1,
685,true,קישואים.,ביכורי השדה צפון 1994 ג.ד. בעמ,,,"ק""ג",1,"ק""ג",true,1,8.90,8.90,false,1,
687,true,קולורבי,ביכורי השדה צפון 1994 ג.ד. בעמ,,,"ק""ג",1,"ק""ג",true,1,9.90,9.90,false,1,
689,true,שום ארוז.,ביכורי השדה צפון 1994 ג.ד. בעמ,,,"י""ח",1,,false,1,7.90,7.90,true,1,
690,true,שומר,ביכורי השדה צפון 1994 ג.ד. בעמ,,,"ק""ג",1,"ק""ג",true,1,8.90,8.90,false,1,
692,true,שום טרי.,ביכורי השדה צפון 1994 ג.ד. בעמ,,,"ק""ג",1,,true,1,19.90,19.90,false,1,
698,true,תירס קלחים טרי ארוז.,ביכורי השדה צפון 1994 ג.ד. בעמ,,,"ק""ג",1,"ק""ג",true,1,8.90,8.90,false,1,
699,true,תפוח אדמה אדום.,ביכורי השדה צפון 1994 ג.ד. בעמ,,,"ק""ג",1,"ק""ג",true,1,4.90,4.90,false,1,
700,true,תפוח אדמה לבן ארוז,ביכורי השדה צפון 1994 ג.ד. בעמ,,,"ק""ג",1,"ק""ג",true,1,3.90,3.90,false,1,
702,true,"תפו""א לאפיה",ביכורי השדה צפון 1994 ג.ד. בעמ,,,"ק""ג",1,,true,1,3.90,3.90,false,1,
716,true,פלפל כתום,ביכורי השדה צפון 1994 ג.ד. בעמ,,,"ק""ג",1,"ק""ג",true,1,8.90,8.90,false,1,
720,true,אבוקדו ברשת,ביכורי השדה צפון 1994 ג.ד. בעמ,,,"ק""ג",1,,true,1,10.90,10.90,false,1,
723,true,תפוח פינק ישראלי.,ביכורי השדה צפון 1994 ג.ד. בעמ,,,"ק""ג",1,,true,1,19.90,19.90,false,1,
734,true,קובו,ביכורי השדה צפון 1994 ג.ד. בעמ,,,"ק""ג",1,,true,1,29.90,29.90,false,1,
770,true,פלפל שושקה,ביכורי השדה צפון 1994 ג.ד. בעמ,,,"ק""ג",1,,true,1,15.90,15.90,false,1,
821,true,תפוח פינק,ביכורי השדה צפון 1994 ג.ד. בעמ,,,"ק""ג",1,"ק""ג",true,1,19.90,19.90,false,1,
868,true,חצי בגט,שונות /שרות,,,"י""ח",1,,false,1,3,3,false,1,
888,true,"הד שולדרס 500מ""ל",שונות /שרות,,,"י""ח",1,,false,1,19.90,19.90,false,1,
891,true,אפרסמון קרמבו.,ביכורי השדה צפון 1994 ג.ד. בעמ,,,"ק""ג",1,"ק""ג",true,1,11.90,11.90,false,1,
978,true,חסה,ביכורי השדה צפון 1994 ג.ד. בעמ,,,"י""ח",1,,false,1,6.90,6.90,false,1,
1074,true,כרוב אדום,ביכורי השדה צפון 1994 ג.ד. בעמ,,,"ק""ג",1,,true,1,5.90,5.90,false,1,
1222,true,פלפל יבש חריף,שלי מוצרי מזון ותבלינים***,,,"י""ח",1,"י""ח",false,1,10.90,10.90,false,1,
1579,true,סלרי אמריקאי,ביכורי השדה צפון 1994 ג.ד. בעמ,,,"י""ח",1,,false,1,6.90,6.90,false,1,
1616,true,כוסברה,ביכורי השדה צפון 1994 ג.ד. בעמ,,,"י""ח",1,,false,1,6.90,6.90,true,1,
1687,true,חגורה לגבר,ליאור יבוא ושיווק מוצרי הלבשה,,,"י""ח",1,,false,1,34.90,34.90,false,1,
2009,true,מעריב חול/שבת   בשקל,שונות /שרות,,,"י""ח",1,,false,1,7.90,7.90,false,1,
2061,true,סטייק עם עצם  טרי**.,ח.י. מעדני גורמה בעמ,,,"ק""ג",1,,true,1,119.90,119.90,true,1,
2065,true,צלי כתף  טרי/מצונן**,ח.י. מעדני גורמה בעמ,,,"ק""ג",1,,true,1,99.90,99.90,false,1,
2066,true,פילה מדומה   טרי/מצונן**,ח.י. מעדני גורמה בעמ,,,"ק""ג",1,,true,1,84.90,84.90,true,1,
2067,true,אוסובוקו  טרי**,ח.י. מעדני גורמה בעמ,,,"ק""ג",1,,true,1,69.90,69.90,true,1,
2068,true,שריר  טרי/מצונן**,ח.י. מעדני גורמה בעמ,,,"ק""ג",1,"ק""ג",true,1,69.90,69.90,true,1,
2069,true,צוואר טרי /מצונן  חלק**,ח.י. מעדני גורמה בעמ,,,"ק""ג",1,"ק""ג",true,1,64.90,64.90,true,1,
3416,true,קוקטייל עוף טרי מקוצב,ח.י. מעדני גורמה בעמ,,,"ק""ג",1,,true,1,49.90,49.90,true,1,
3990,true,לחמניה,לפ קבוצת אלירן בעמ,,,"י""ח",1,,false,1,2.20,2.20,false,1,
3993,true,בגט,לפ קבוצת אלירן בעמ,,,"י""ח",1,,false,1,5,5,false,1,
3995,true,חלה,לפ קבוצת אלירן בעמ,,,"י""ח",1,,false,1,9,9,false,1,
4334,true,חלה מאפיית הראשונים,מאפיית הראשונים מ.ל. בעמ,,,"י""ח",1,"י""ח",false,1,7,7,true,1,
4443,true,סופגניה רגילה עם ריבה.,שונות /שרות,,,"י""ח",1,,false,1,4.90,4.90,true,1,
4444,true,סופגניה פרימיום מצופות.,ג נרל מילס ישראל בעמ,,,"י""ח",1,,false,1,5.90,5.90,true,1,
5005,true,ידיעות אחרונות שבת,שונות /שרות,,,"י""ח",1,,false,1,10.50,10.50,false,1,
5300,true,צוואר כבש  טרי**,ח.י. מעדני גורמה בעמ,,,"ק""ג",1,,true,1,79.90,79.90,false,1,
5543,true,שעון,לפ שעוני המרכז וסח,,,,1,,false,1,39,39,false,1,
6005,true,"עמלת חלקית 5ש""ח",שונות /שרות,,,"י""ח",1,,false,1,5,5,false,1,
6006,true,מסירה אישית,שונות /שרות,,,"י""ח",1,,false,1,0.10,0.10,false,1,
6226,true,בירה תפזורת 6ב20,שונות /שרות,,,"י""ח",1,,false,1,21.80,21.80,false,1,
6590,true,סופגניה מיני.,ג נרל מילס ישראל בעמ,,,"י""ח",55,ל  גרם,false,1,3.90,7.09,true,1,
6600,true,עגבניות בישול,ביכורי השדה צפון 1994 ג.ד. בעמ,,,"ק""ג",1,,true,1,3.90,3.90,false,1,
6660,true,סלסלה לחג,שונות /שרות,,,"י""ח",1,,false,1,180,180,false,1,
6663,true,קערה ליימן,ליימן שליסל,,,"י""ח",1,,false,1,5.29,5.29,false,1,
7002,true,מצות שלישייה חבד,שונות /שרות,,,"י""ח",1,,false,1,27.90,27.90,false,1,
7100,true,מבצע ראש השנה,שונות /שרות,,,"י""ח",1,,false,1,0.10,0.10,false,1,
8027,true,ילדים בסיכון,שונות /שרות,,,"י""ח",1,,false,1,10,10,false,1,
8881,true,שקית שרות קופה גופיה גליל,שונות /שרות,,,"י""ח",1,,false,1,0.10,0.10,false,1,
8883,true,שקית שרות קופה גופיה ירוק עבה במיוחד,רזפול בעמ,,,"י""ח",1,,false,1,0.30,0.30,true,1,
9160,true,קצוות גבינה,שונות /שרות,,,"ק""ג",1000,ל  גרם,true,1,29.90,2.99,false,1,
9341,true,קופון הנחה ביסלי 200ג ב2ש,קבוצת אוסם סחר-שות.מוגבלת,,,"י""ח",1,,false,1,0.01,0.01,false,1,
9342,true,קופון הנחה אדממה 400ג ב2ש,בלדי בעמ,,,"י""ח",1,,false,1,0.01,0.01,false,1,
9343,true,קופון הנחה פיצה שלושת האופים ב5ש,נטו מלינדה סחר בעמ,,,"י""ח",1,,false,1,0.01,0.01,false,1,
12345,true,מכולת,שונות /שרות,,,"י""ח",250,ל  גרם,false,1,0.10,0.04,false,1,
12751,true,פמלה,לפ אצל עליזה,,,"ק""ג",1,,true,1,55,55,false,1,
18163,true,קישואים,פלאפל הגשר מרכז,,,"ק""ג",0,"ק""ג",true,1,8.90,8.90,false,1,
18285,true,לחמניה קלועה,בית הבאגט כהן בעמ,,,"י""ח",0,"י""ח",false,1,2.30,2.30,false,1,
23809,true,יין קלאסיק ברקן ק. סובניון,טמפו משקאות בעמ,,,"י""ח",750,"ל  מ""ל",false,1,32.90,4.35,true,1,
23816,true,יין קלאסיק ברקן אמרלד ריזלינג,טמפו משקאות בעמ,,,"י""ח",750,"ל  מ""ל",false,1,32.90,4.35,true,1,
23823,true,יין קלאסיק סוביניון בלאן,טמפו משקאות בעמ,,,"י""ח",750,"ל  מ""ל",false,1,32.90,4.35,true,1,
23977,true,יין קלאסיק מרלו ברקן.,טמפו משקאות בעמ,,,"י""ח",750,"ל  מ""ל",false,1,32.90,4.35,true,1,
24202,true,רזרב  קברנה סובניון ברקן,טמפו משקאות בעמ,,,"י""ח",750,"ל  מ""ל",false,1,44.90,5.95,true,1,
40442,true,עצמות בקר למרק  טרי**,ח.י. מעדני גורמה בעמ,,,"ק""ג",1,,true,1,19.90,19.90,false,1,
40974,true,חלב טרי דל לקטוז 1 ליטר,תנובה בעמ ***,,,"י""ח",1,ליטר,false,1,7.50,7.50,false,1,
41012,true,שניצל עגל  טרי/מצונן**,ח.י. מעדני גורמה בעמ,,,"ק""ג",1,,true,1,79.90,79.90,false,1,
41043,true,כנפיים עוף חצוי טרי**.,ח.י. מעדני גורמה בעמ,,,"ק""ג",1,,true,1,19,19,true,1,
41211,true,שיפודי  פרגיות**.,ח.י. מעדני גורמה בעמ,,,"ק""ג",1,,true,1,79.90,79.90,true,1,
41212,true,סטייק פרגיות  עוף טרי**,ח.י. מעדני גורמה בעמ,,,"ק""ג",1,,true,1,79.90,79.90,true,1,
41218,true,גרון עוף טרי  **,ח.י. מעדני גורמה בעמ,,,"ק""ג",1,,true,1,14.90,14.90,true,1,
41223,true,פרגית יחידה  טרי**,ח.י. מעדני גורמה בעמ,,,"י""ח",1,,false,1,44.90,44.90,false,1,
41230,true,הודו טחון  טרי**,ח.י. מעדני גורמה בעמ,,,"ק""ג",1,,true,1,34.90,34.90,false,1,
41235,true,רצועות שוארמה  הודו**,ח.י. מעדני גורמה בעמ,,,"ק""ג",1,,true,1,74.90,74.90,false,1,
41260,true,כתף בקר טרי /מצונן חלק.,ח.י. מעדני גורמה בעמ,,,"ק""ג",1,,true,1,79.90,79.90,false,1,
41268,true,אסאדו עם עצם טרי**,ח.י. מעדני גורמה בעמ,,,"ק""ג",1,,true,1,79.90,79.90,true,1,
41269,true,גולש עגל  טרי/מצונן**,ח.י. מעדני גורמה בעמ,,,"ק""ג",1,,true,1,79.90,79.90,true,1,
41271,true,אנטריקוט טרי/מצונן**,ח.י. מעדני גורמה בעמ,,,"ק""ג",1,,true,1,199,199,true,1,
41321,true,שיפודי פילה עוף  טרי**,ח.י. מעדני גורמה בעמ,,,"ק""ג",1,,true,1,49.90,49.90,false,1,
41364,true,סינטה  טרי**,ח.י. מעדני גורמה בעמ,,,"ק""ג",1,,true,1,148.80,148.80,false,1,
41365,true,שומן טרי,ח.י. מעדני גורמה בעמ,,,"ק""ג",1,,true,1,29.90,29.90,false,1,
41379,true,שוקית כנף עוף **,ח.י. מעדני גורמה בעמ,,,"ק""ג",1,,true,1,21.90,21.90,true,1,
41390,true,חזה בקר   טרי***עם עצם,ח.י. מעדני גורמה בעמ,,,"ק""ג",1,,true,1,59.90,59.90,false,1,
41425,true,"כתף בקר טרי בד""ץ**.",ח.י. מעדני גורמה בעמ,,,"ק""ג",1,,true,1,79.90,79.90,true,1,
41447,true,פרגית עוף לתנור עם עצם טרי**,ח.י. מעדני גורמה בעמ,,,"ק""ג",1,,true,1,59.90,59.90,true,1,
41659,true,אסאדו בלי עצם טרי**,ח.י. מעדני גורמה בעמ,,,"ק""ג",1,,true,1,79.90,79.90,true,1,
41680,true,דנוור סטייק טרי **.,ח.י. מעדני גורמה בעמ,,,"ק""ג",1,,true,1,118,118,false,1,
41996,true,מעורב ישראלי,ח.י. מעדני גורמה בעמ,,,"ק""ג",1,,true,1,69.90,69.90,true,1,
42209,true,טחון כתף/צלעות טרי **,ח.י. מעדני גורמה בעמ,,,"ק""ג",1,,true,1,59.90,59.90,true,1,
42323,true,אצבעות נגיסי עוף טרי**.,ח.י. מעדני גורמה בעמ,,,"ק""ג",1,,true,1,49.90,49.90,true,1,
42866,true,אוסובוקו הודו טרי **,ח.י. מעדני גורמה בעמ,,,"ק""ג",1,,true,1,39.90,39.90,true,1,
45876,true,שאריות נקניק,שונות /שרות,,,"ק""ג",1,,true,1,19.90,19.90,false,1,
46006,true,עמק שקילה  *,תנובה בעמ ***,,,"ק""ג",1000,ל  גרם,true,1,44.79,4.48,false,1,
46501,true,טל העמק שקיל,תנובה בעמ ***,,,"ק""ג",1000,ל  גרם,true,1,61.30,6.13,false,1,
46662,true,.גבינה סקנדינבית,תנובה בעמ ***,,,"ק""ג",10,"ק""ג",true,1,79,7.90,false,1,
47027,true,גבינה  קצ`קבל(גלעד) חריץ תנובה שקיל,תנובה בעמ ***,,,"ק""ג",1000,ל  גרם,true,1,128.30,12.83,false,1,
47034,true,רוקפור(גליל) חריץ שקיל תנובה,תנובה בעמ ***,,,"ק""ג",1000,ל  גרם,true,1,122,12.20,false,1,
47485,true,בולגרית פיראוס  %24 שקיל,תנובה בעמ ***,,,"ק""ג",1,"ק""ג",true,1,57,57,false,1,
51352,true,חלב של פעם 1 ליטר,תנובה בעמ ***,,,"י""ח",1,ליטר,false,1,7.90,7.90,false,1,
51376,true,יופלה דיאט אננס ספורטיבי 150גר`,תנובה בעמ ***,,,"י""ח",150,ל  גרם,false,1,5,3.33,false,1,
51710,true,פיראוס לאבנה עם שמן זית וזעתר 263גר`,תנובה בעמ ***,,,"י""ח",263,ל  גרם,false,1,14.60,5.55,false,1,
52311,true,עמק 15% פרוס בקופסא 200גר`,תנובה בעמ ***,,,"י""ח",200,ל  גרם,false,1,16.70,8.35,true,1,
55329,true,"יופלה משקה יוגורט טעם תות-מלון 250מ""ל",תנובה בעמ ***,,,"י""ח",250,ל  גרם,false,1,5.60,2.24,false,1,
55336,true,"יופלה משקה יוגורט טעם בננה-אפרסק 250מ""",תנובה בעמ ***,,,"י""ח",250,ל  גרם,false,1,5.70,2.28,false,1,
55343,true,"יופלה משקה יוגורט טעם טרופי 250מ""ל",תנובה בעמ ***,,,"י""ח",250,ל  גרם,false,1,5.60,2.24,false,1,
55893,true,חמאה 200גרם   רגיל*תנובה,תנובה בעמ ***,,,"י""ח",200,ל  גרם,false,1,7.88,3.94,false,1,
56081,true,מאגדת פרילי טבע 6 יח,תנובה בעמ ***,,,"י""ח",1.20,"ק""ג",false,1,23.50,19.58,false,1,
56845,true,חלב תנובה טרי הומוגני 3% 1.5  ליטר*,תנובה בעמ ***,,,"י""ח",1.50,ליטר,false,1,9.34,6.23,false,1,
57088,true,עמק דק 200גר`,תנובה בעמ ***,,,"י""ח",200,ל  גרם,false,1,16.70,8.35,true,1,
57118,true,עמק סמי מעדניה  400גרם,תנובה בעמ ***,,,"י""ח",400,ל  גרם,false,1,23.90,5.98,false,1,
57453,true,"(עמק  28% חריץ  בד""ץ*",תנובה בעמ ***,,,"ק""ג",1000,ל  גרם,true,1,44.79,4.48,false,1,
58030,true,"יופלה שטוזים מקה יוגורט תות 800 מ""ל",תנובה בעמ ***,,,"י""ח",800,"ל  מ""ל",false,1,21.10,2.64,false,1,
58047,true,"שמנת מתוקה  (38%תנובה)עם  פקק 500 מ""ל*",תנובה בעמ ***,,,"י""ח",500,"ל  מ""ל",false,1,12.94,2.59,false,1,
58979,true,ג לי בטעם תות 125גר,תנובה בעמ ***,,,"י""ח",125,"ל  מ""ל",false,1,1.50,1.20,false,1,
61214,true,פתיתים קוסקום עם בצל 500גר`,קבוצת אוסם סחר-שות.מוגבלת,,,"י""ח",500,ל  גרם,false,1,7.90,1.58,true,1,
65977,true,חטיפי פריכונים תירס שומשום 80 ג`,קבוצת אוסם סחר-שות.מוגבלת,,,"י""ח",800,ל  גרם,false,1,9.30,1.16,false,1,
66660,true,"שקדי מרק כשל""פ",קבוצת אוסם סחר-שות.מוגבלת,,,"י""ח",1,,false,1,14.10,14.10,false,1,
70919,true,בייגלה רשתות  מלח 400גר,קבוצת אוסם סחר-שות.מוגבלת,,,"י""ח",400,ל  גרם,false,1,14,3.50,false,1,
71008,true,שטוחים בייגלה מלח 60גר,קבוצת אוסם סחר-שות.מוגבלת,,,"י""ח",60,ל  גרם,false,1,3.10,5.17,false,1,
72067,true,במבה חלבה 60גר`,קבוצת אוסם סחר-שות.מוגבלת,,,"י""ח",60,ל  גרם,false,1,4.30,7.17,true,1,
73699,true,חומוס  150גר צבר,קבוצת אוסם סחר-שות.מוגבלת,,,"י""ח",150,ל  גרם,false,1,5.80,3.87,false,1,
74481,true,לחמית אגוזים 230גרם,קבוצת אוסם סחר-שות.מוגבלת,,,"י""ח",230,ל  גרם,false,1,9.90,4.30,true,1,
75693,true,עוגת שמרים בריוש שוקולד,קבוצת אוסם סחר-שות.מוגבלת,,,"י""ח",360,ל  גרם,false,1,18.50,5.14,false,1,
76645,true,טוסטעים חיטה מלאה 100גר`,קבוצת אוסם סחר-שות.מוגבלת,,,"י""ח",100,ל  גרם,false,1,11.70,11.70,false,1,
77253,true,לחמית כפרית עם דגנים מלאים 190 ג`,קבוצת אוסם סחר-שות.מוגבלת,,,"י""ח",190,ל  גרם,false,1,9.90,5.21,true,1,
100128,true,תות קפוא 300ג  סנפרוסט,תנובה בשר,,,"י""ח",500,ל  גרם,false,1,16.90,3.38,true,1,
100140,true,שמנת משקל,לפ מריו שווק ד.ד בעמ,,,"ק""ג",1000,ל  גרם,true,1,19.90,1.99,false,1,
100302,true,פול ירוק קלוף סנפרוסט{600גר,תנובה בשר,,,"י""ח",600,ל  גרם,false,1,28.20,4.70,true,1,
101132,true,לקט קטניות לחמין 800ג,תנובה בשר,,,"י""ח",800,ל  גרם,false,1,21.90,2.74,true,1,
103433,true,לקט ירקות לתנור}סנפרוסט{,תנובה בשר,,,"י""ח",800,ל  גרם,false,1,20.90,2.61,true,1,
103488,true,ארטישוק  ירושלמי}סנפרוסט{400גר,תנובה בשר,,,"י""ח",400,ל  גרם,false,1,20.90,5.23,true,1,
103730,true,לקט להקפצה עם פסטה פוזילי 800גר`,תנובה בשר,,,"י""ח",800,ל  גרם,false,1,24.40,3.05,true,1,
103815,true,לקט להקפצה בסגנון   תאילנ}סנפרוסט {800,תנובה בשר,,,"י""ח",800,ל  גרם,false,1,24.20,3.03,true,1,
103839,true,מרק כתום   572גרם סנפרוסט,תנובה בשר,,,"י""ח",572,ל  גרם,false,1,16.90,2.95,true,1,
103846,true,מרק אפונה 572גרם סנפרוסט,תנובה בשר,,,"י""ח",572,ל  גרם,false,1,18.50,3.23,true,1,
103877,true,מרק שעועית 644גרם סנפרוסט,תנובה בשר,,,"י""ח",644,ל  גרם,false,1,18.90,2.93,true,1,
104188,true,שעועית אדומה מבושלת 800גר`,תנובה בשר,,,"י""ח",800,ל  גרם,false,1,21.90,2.74,true,1,
113356,true,ערכת אבלים מרכז בריאות הנפש,שונות /שרות,,,"י""ח",1,,false,1,706,706,false,1,
113359,true,ערכת אבלים אוניברסיטת בן גוריון,שונות /שרות,,,"י""ח",1,,false,1,308.30,308.30,false,1,
120874,true,מיונז הלמנס לייט 424גרם,יוניליוור ישראל שיווק בעמ,,,"י""ח",424,ל  גרם,false,1,12.90,3.04,false,1,
123593,true,וינסטון כחול ארוך,גלוברנדס בעמ,,,"י""ח",1,,false,1,31,31,false,1,
124268,true,תירס,מ. שלומי שיווק בשר וסחר בעמ,,,"ק""ג",1,"ק""ג",true,1,10.90,10.90,false,1,
135311,true,פפסי מקס ליים 1.5 ליטר,טמפו משקאות בעמ,,,"י""ח",1.50,ליטר,false,1,7.50,4.80,true,1,
135342,true,"סודה טמפו 500 מ""ל בודד",טמפו משקאות בעמ,,,"י""ח",500,"ל  מ""ל",false,1,2.90,0.52,true,1,
136141,true,פפסי 1.5 ליטר.,טמפו משקאות בעמ,,,"י""ח",150,"ל  מ""ל",false,1,7.60,4.87,true,1,
136158,true,פפסי מקס 1.5 ליטר,טמפו משקאות בעמ,,,"י""ח",1.50,ליטר,false,1,7.50,4.80,true,1,
136165,true,מירנדה 1.5 ליטר,טמפו משקאות בעמ,,,"י""ח",1.50,ליטר,false,1,7.60,4.87,true,1,
136172,true,סבן אפ 1.5 ליטר.,טמפו משקאות בעמ,,,"י""ח",1.50,ליטר,false,1,7.60,4.87,true,1,
136189,true,7-UP דיאט  1.5 ליטר,טמפו משקאות בעמ,,,"י""ח",1.50,ליטר,false,1,7.20,4.60,true,1,
136240,true,סודה טמפו 1.5 ל,טמפו משקאות בעמ,,,"י""ח",1.50,ליטר,false,1,4.20,2.60,true,1,
136257,true,טוניק RUSH 1.5 ליטר,טמפו משקאות בעמ,,,"י""ח",1.50,ליטר,false,1,9.90,6.40,true,1,
136301,true,"סיידר תרכיז 330מ""ל בטעם ענבים  Juicer",טמפו משקאות בעמ,,,"י""ח",330,"ל  מ""ל",false,1,13.60,4.12,true,1,
136455,true,ג אמפ אשכוליות 1.5 ליטר,טמפו משקאות בעמ,,,"י""ח",1.50,ליטר,false,1,7.50,4.80,true,1,
136516,true,ג אמפ מנגו פסיפלורה 1.5 ליטר,טמפו משקאות בעמ,,,"י""ח",1.50,ליטר,false,1,7.50,4.80,true,1,
136523,true,ג אמפ ענבים 1.5 ליטר,טמפו משקאות בעמ,,,"י""ח",1.50,ליטר,false,1,7.50,4.80,true,1,
136561,true,ג אמפ תות בננה 1.5 ליטר,טמפו משקאות בעמ,,,"י""ח",1.50,ליטר,false,1,7.50,4.80,true,1,
136691,true,סבן אפ 1.5 שישיה,טמפו משקאות בעמ,,,"י""ח",9,ליטר,false,1,39.90,4.23,false,1,
136752,true,"סבן אפ דיאט, 1.5 ליטר שישייה.",טמפו משקאות בעמ,,,"י""ח",9,ליטר,false,1,37.90,4.01,true,1,
136776,true,פפסי מקס 1.5 ליטר שישיה,טמפו משקאות בעמ,,,"י""ח",9,ליטר,false,1,37.90,4.01,false,1,
136790,true,סודה 1.5 ליטר שישיה טמפו,טמפו משקאות בעמ,,,"י""ח",9,ליטר,false,1,16.90,1.68,false,1,
136868,true,סאן בנדטו שישיה 1.5 ל,טמפו משקאות בעמ,,,"י""ח",9,ליטר,false,1,17.90,1.79,false,1,
136875,true,סאן בנדטו  מוגז שישיה 1.5 ליטר,טמפו משקאות בעמ,,,"י""ח",9,ליטר,false,1,19.90,2.01,false,1,
150956,true,עוף טוב מקלוני קבנוס 160גרם,קבוצת אוסם סחר-שות.מוגבלת,,,"י""ח",160,ל  גרם,false,1,10.90,6.81,false,1,
152943,true,מארז סלמי+פסטרמה  350*2,קבוצת אוסם סחר-שות.מוגבלת,,,"י""ח",700,ל  גרם,false,1,29.90,4.27,false,1,
166605,true,סיף כללי יסמין 4 ליטר,יוניליוור ישראל שיווק בעמ,,,"י""ח",4,ליטר,false,1,19.90,4.98,false,1,
168173,true,ברנפלקס קראנצ`ים 375גרם,יוניליוור ישראל שיווק בעמ,,,"י""ח",500,ל  גרם,false,1,19.90,3.98,false,1,
169538,true,נמס בכוס מרק עגבניות עם קרוטונים 62  ג`ב,יוניליוור ישראל שיווק בעמ,,,"י""ח",34,ל  גרם,false,1,6.90,20.29,true,1,
169798,true,"עוגי מופחת סוכר  500 ג בד""ץ",יוניליוור ישראל שיווק בעמ,,,"י""ח",500,ל  גרם,false,1,19.90,3.98,true,1,
186535,true,נייר טואלט לילי טריו 32 לבן,קימברלי קלארק ישראל שיווק בעמ,,,"י""ח",1788,ל  גרם,false,1,41.90,2.34,false,1,
187853,true,נייר טואלט לילי לבן 1/40,קימברלי קלארק ישראל שיווק בעמ,,,"י""ח",40,"י""ח",false,1,43.90,1.10,true,1,
188355,true,מגבות ניקול לבנה 1/6,קימברלי קלארק ישראל שיווק בעמ,,,"י""ח",66.20,מטר,false,1,12.90,0.19,true,1,
188386,true,מגבות ניקול לבנה 1/12,קימברלי קלארק ישראל שיווק בעמ,,,"י""ח",132.40,מארז,false,1,21.90,0.17,false,1,
188553,true,מגני תחתון קוטקס SILK נורמל,קימברלי קלארק ישראל שיווק בעמ,,,"י""ח",1,"י""ח",false,1,22.90,22.90,true,1,
188560,true,מגני תחתון קוטקס SILK לארג`,קימברלי קלארק ישראל שיווק בעמ,,,"י""ח",1,"י""ח",false,1,22.90,22.90,true,1,
189079,true,תבניות אינגליש קייק חזקות ועבות,קימברלי קלארק ישראל שיווק בעמ,,,"י""ח",1,,false,1,11.90,11.90,false,1,
189116,true,תבניות עגולות חזקות ועבות,קימברלי קלארק ישראל שיווק בעמ,,,"י""ח",1,,false,1,11.90,11.90,false,1,
189260,true,תבניות מלבניות חזקות ועבות,קימברלי קלארק ישראל שיווק בעמ,,,"י""ח",1,,false,1,11.90,11.90,false,1,
189277,true,.תבניות מלבניות גדולות ועמוקות,קימברלי קלארק ישראל שיווק בעמ,,,"י""ח",1,,false,1,11.90,11.90,false,1,
189482,true,תבנית אפייה מקרטון מרובעת,קימברלי קלארק ישראל שיווק בעמ,,,"י""ח",1,"י""ח",false,1,11.90,11.90,false,1,
189505,true,תבנית אפייה מקרטון אינגליש,קימברלי קלארק ישראל שיווק בעמ,,,"י""ח",1,"י""ח",false,1,11.90,11.90,false,1,
189598,true,מטליות לחות חד פעמיות ניקול,קימברלי קלארק ישראל שיווק בעמ,,,"י""ח",100,ל  גרם,false,1,9.80,9.80,false,1,
189659,true,ניקול מטליות לחות לרצפה,קימברלי קלארק ישראל שיווק בעמ,,,"י""ח",1,"י""ח",false,1,10.90,10.90,false,1,
189680,true,זוג מטליות לחות לרצפה,קימברלי קלארק ישראל שיווק בעמ,,,"י""ח",200,ל  גרם,false,1,21.90,10.95,false,1,
189734,true,מטליות לחות לפרקט,קימברלי קלארק ישראל שיווק בעמ,,,"י""ח",1,,false,1,10.90,10.90,false,1,
189871,true,#ניקול אשפתון פחים גדולים 55יח,קימברלי קלארק ישראל שיווק בעמ,,,"י""ח",55,"י""ח",false,1,23.90,0.43,true,1,
190198,true,מטליות לחות לניקוי נירוסטה,קימברלי קלארק ישראל שיווק בעמ,,,"י""ח",1,,false,1,9.80,9.80,false,1,
191225,true,האגיס ליטל בייביס שלב 2 חדש,קימברלי קלארק ישראל שיווק בעמ,,,"י""ח",1,"י""ח",false,1,31.90,31.90,false,1,
192581,true,מגבות ניקול גליל כפול 6=12,קימברלי קלארק ישראל שיווק בעמ,,,"י""ח",6,"י""ח",false,1,21.90,3.65,false,1,
194837,true,שקיות למזון גדולות במיוחד,קימברלי קלארק ישראל שיווק בעמ,,,"י""ח",200,"י""ח",false,1,13.90,0.07,true,1,
195216,true,נייר אפיה לתנור בשקית 50יח,קימברלי קלארק ישראל שיווק בעמ,,,"י""ח",1,"י""ח",false,1,10.90,10.90,false,1,
196763,true,שקיות אשפה  ניקול גדול,קימברלי קלארק ישראל שיווק בעמ,,,"י""ח",1,"י""ח",false,1,24.90,24.90,true,1,
197425,true,האגיס פרידום דריי שלב 3,קימברלי קלארק ישראל שיווק בעמ,,,"י""ח",54,"י""ח",false,1,45.90,0.85,true,1,
197456,true,האגיס פרידום דריי שלב 4,קימברלי קלארק ישראל שיווק בעמ,,,"י""ח",44,"י""ח",false,1,45.90,1.04,true,1,
197463,true,האגיס פרידום דריי שלב 4+,קימברלי קלארק ישראל שיווק בעמ,,,"י""ח",42,"י""ח",false,1,45.90,1.09,true,1,
197548,true,האגיס פרידום דריי שלב 5,קימברלי קלארק ישראל שיווק בעמ,,,"י""ח",38,"י""ח",false,1,45.90,1.21,true,1,
201832,true,טיטולים פרמיום שלב 3,קימברלי קלארק ישראל שיווק בעמ,,,"י""ח",1,"י""ח",false,1,36.90,36.90,true,1,
201856,true,טיטולים פרמיום שלב 4+,קימברלי קלארק ישראל שיווק בעמ,,,"י""ח",1,"י""ח",false,1,36.90,36.90,true,1,
201863,true,טיטולים פרמיום שלב 5,קימברלי קלארק ישראל שיווק בעמ,,,"י""ח",1,"י""ח",false,1,36.90,36.90,true,1,
201870,true,טיטולים פרמיום שלב 6,קימברלי קלארק ישראל שיווק בעמ,,,"י""ח",1,"י""ח",false,1,36.90,36.90,true,1,
204512,true,מטליות לחות לרצפה בריח לימון,קימברלי קלארק ישראל שיווק בעמ,,,"י""ח",1,"י""ח",false,1,11,11,false,1,
205762,true,האגיס אקסטרא קר מידה 3,קימברלי קלארק ישראל שיווק בעמ,,,"י""ח",1,"י""ח",false,1,57.90,57.90,true,1,
209012,true,חומץ 1ליטר]יכין[,זנלכל בעמ,,,"י""ח",600,"ל  מ""ל",false,1,6.90,1.15,true,1,
209371,true,שלשות תירס 6OZ,זנלכל בעמ,,,"י""ח",600,ל  גרם,false,1,14.90,2.48,false,1,
209388,true,תירס לייט 150 ג  שלישיה,זנלכל בעמ,,,"י""ח",1,,false,1,14.90,14.90,false,1,
210469,true,עגב. שלמות A2.5 יכין,זנלכל בעמ,,,"י""ח",800,"ל  מ""ל",false,1,9.90,1.24,false,1,
210896,true,רוטב בולונז לפסטה 240 גר`פלסטיק,זנלכל בעמ,,,"י""ח",240,ל  גרם,false,1,5.50,2.29,false,1,
253374,true,מיני שוקולד ציפס 250גר אופנהיימר,תה ויסוצקי (ישראל)בעמ,,,"י""ח",250,ל  גרם,false,1,14.90,5.96,false,1,
262413,true,האגיס אקסטרא קר מידה 5,קימברלי קלארק ישראל שיווק בעמ,,,"י""ח",1,"י""ח",false,1,57.90,57.90,true,1,
263359,true,האגיס פומלה NB1.,קימברלי קלארק ישראל שיווק בעמ,,,"י""ח",1,"י""ח",false,1,31.90,31.90,false,1,
292007,true,K3 פיתיון גל קוטל חרקים 10ג,החב הדרומית לשיווק,,,"י""ח",10,"ל  מ""ל",false,1,44.90,449,false,1,
311272,true,וופל חלבה 180 גר`מן,ח.כהן סוכנות מזון ומשקאות בע,,,"י""ח",180,ל  גרם,false,1,4.90,2.72,false,1,
311869,true,וופל שוקולד ללא סוכר 180ג מן,ח.כהן סוכנות מזון ומשקאות בע,,,"י""ח",180,ל  גרם,false,1,7.90,4.39,false,1,
317970,true,פסטרמה כפרית שקילה טירת צבי,תנובה בשר,,,"ק""ג",1000,ל  גרם,true,1,54.90,5.49,false,1,
318103,true,פסטרמה ברביקיו}יחיעם{,מעדני יחיעם 1993 בעמ,,,"ק""ג",1,,true,1,67.60,67.60,true,1,
318165,true,פסטרמה  אמיתי  צליה{יחיעם},מעדני יחיעם 1993 בעמ,,,"ק""ג",1,,true,1,78.70,78.70,true,1,
318189,true,פסטרמה ברביקיו על האש 300גר.,מעדני יחיעם 1993 בעמ,,,"י""ח",300,ל  גרם,false,1,29.90,9.97,false,1,
318363,true,פסטרמה ברביקיו לבגט,מעדני יחיעם 1993 בעמ,,,"ק""ג",360,ל  גרם,true,1,77.90,21.64,true,1,
318509,true,פסטרמה הודו פיקנטית  שקיל{יחיעם},מעדני יחיעם 1993 בעמ,,,"ק""ג",1,,true,1,77.90,77.90,false,1,
319049,true,פסטרמה גלילית יחיעם.,מעדני יחיעם 1993 בעמ,,,"ק""ג",1000,ל  גרם,true,1,44.90,4.49,true,1,
319247,true,נקניק פריזר 600גר,מעדני יחיעם 1993 בעמ,,,"י""ח",600,ל  גרם,false,1,15.90,2.65,false,1,
319339,true,סלמי  פרח}יחיעם{,מעדני יחיעם 1993 בעמ,,,"ק""ג",1,,true,1,89,89,false,1,
319728,true,איטלקי  מפולפל{יחיעם},מעדני יחיעם 1993 בעמ,,,"ק""ג",1000,ל  גרם,true,1,67.60,6.76,true,1,
319759,true,סלמי תה שקיל,מעדני יחיעם 1993 בעמ,,,"ק""ג",800,ל  גרם,true,1,44,5.50,true,1,
319803,true,קבנוס קלאסי 125ג,מעדני יחיעם 1993 בעמ,,,"י""ח",125,ל  גרם,false,1,13.90,11.12,true,1,
319834,true,קבנוס פפרוני קלאסי 125ג,מעדני יחיעם 1993 בעמ,,,"י""ח",125,ל  גרם,false,1,13.90,11.12,true,1,
319841,true,פסטרמה  מנמעשנה(יחיעם{,מעדני יחיעם 1993 בעמ,,,"ק""ג",1,,true,1,77.90,77.90,true,1,
319971,true,צלעות בקר על האש,מעדני יחיעם 1993 בעמ,,,"ק""ג",1,"ק""ג",true,1,119,119,false,1,
364285,true,סלסולי פסטרמה הודו 120גר`,תנובה בשר,,,"י""ח",120,ל  גרם,false,1,17.90,14.92,false,1,
364292,true,סלסולי פסטרמה גחלים 120גר`,תנובה בשר,,,"י""ח",120,ל  גרם,false,1,17.90,14.92,false,1,
365046,true,כתף בקר מעושן משקל{טירת  צבי},תנובה בשר,,,"ק""ג",1,,true,1,89,89,false,1,
369037,true,סלט קוביות בולגרית 200גר,גבינות עמיר ניצן בעמ,,,"י""ח",200,ל  גרם,false,1,16.90,8.45,false,1,
369266,true,כיכרות עירוניות 125ג,גבינות עמיר ניצן בעמ,,,"י""ח",125,ל  גרם,false,1,19.90,15.92,false,1,
369341,true,לבנה אבו גוש גדול שקיל,גבינות עמיר ניצן בעמ,,,"ק""ג",1,"ק""ג",true,1,49.90,49.90,false,1,
369365,true,חציל ערוני 200גרם,גבינות עמיר ניצן בעמ,,,"י""ח",200,ל  גרם,false,1,12.90,6.45,false,1,
369617,true,כדורי רחוב 150גר,גבינות עמיר ניצן בעמ,,,"י""ח",150,ל  גרם,false,1,17.90,11.93,false,1,
369709,true,ממרח חמאה 100גרם,גבינות עמיר ניצן בעמ,,,"י""ח",100,ל  גרם,false,1,13.90,13.90,false,1,
379240,true,חלה רגילה מרובעת  500  גרם*,שלמה א.אנג ל בעמ,,,"י""ח",500,ל  גרם,false,1,5.10,1.02,false,1,
416861,true,ממרח השחר קלאסי 750גר חלבי,השחר העולה תעשית ממתקים,,,"י""ח",750,ל  גרם,false,1,19.90,2.65,false,1,
419374,true,מארז לנדוור טחון טורקי 3*100גרם,ש.שסטוביץ בעמ,,,"י""ח",200,ל  גרם,false,1,18.90,9.45,false,1,
444666,true,אוזני  המן{שקיל},מאפיית הראשונים מ.ל. בעמ,,,"ק""ג",1,"י""ח",true,1,49.90,49.90,false,1,
446745,true,חמאה שקדים 350ג,בטר אנד דיפרנט בעמ,,,"י""ח",350,ל  גרם,false,1,44.90,12.83,false,1,
453408,true,בצק פיצה דק ומוכן לאפיה שמרית 415גר,שטראוס גרופ ***בעמ,,,"י""ח",415,ל  גרם,false,1,16.90,4.07,true,1,
453415,true,בצק עלים מצונן ומוכן לאפיה שמרית 300גר,שטראוס גרופ ***בעמ,,,"י""ח",300,ל  גרם,false,1,14.90,4.97,true,1,
453422,true,בצק פילו מוכן לאפיה שמרית 300גר,שטראוס גרופ ***בעמ,,,"י""ח",300,ל  גרם,false,1,14.90,4.97,true,1,
453446,true,פיצה קראסט שמרית 500גר,שטראוס גרופ ***בעמ,,,"י""ח",500,ל  גרם,false,1,19.90,3.98,true,1,
453781,true,שמרים יבשים 125ג שמרית.,שטראוס גרופ בעמ,,,"י""ח",125,ל  גרם,false,1,5.90,4.72,true,1,
453798,true,שמרים אקטיבים 500גר עלית,שטראוס גרופ בעמ,,,"י""ח",500,ל  גרם,false,1,15,3,true,1,
453866,true,נטורינה קוקוס  200גר,שטראוס גרופ ***בעמ,,,"י""ח",200,ל  גרם,false,1,7.90,3.95,true,1,
453897,true,מרגרינה בטעם חמאה 200גר,שטראוס גרופ ***בעמ,,,"י""ח",200,ל  גרם,false,1,5.90,2.95,true,1,
462141,true,סחוג אדום חריף זהבי  150גר`,שטראוס גרופ ***בעמ,,,"י""ח",150,ל  גרם,false,1,7.90,5.27,true,1,
462981,true,זחוק חריף אש 150גרם אחלה,שטראוס גרופ ***בעמ,,,"י""ח",150,ל  גרם,false,1,7.90,5.27,true,1,
467320,true,חומוס אבו מרוואן 400גר,קבוצת אוסם סחר-שות.מוגבלת,,,"י""ח",400,ל  גרם,false,1,15.80,3.95,true,1,
481074,true,לחם דגנים  טריו מלא }דגנית {750,דגנית עין בר ~~~,,,"י""ח",750,ל  גרם,false,1,15.90,2.12,false,1,
481531,true,מארז 10 לחמניות מחיטה מלאה,דגנית עין בר ~~~,,,"י""ח",1,,false,1,12.90,12.90,false,1,
481883,true,מארז 10 לחמניות אצבע.,דגנית עין בר ~~~,,,"י""ח",1,,false,1,11.90,11.90,false,1,
518190,true,מתוק וקל סטיביה 100 שק.,מתוק וקל בעמ,,,"י""ח",25,ל  גרם,false,1,24.70,98.80,false,1,
518220,true,סוכרה דיאט 100 יח.,מתוק וקל בעמ,,,"י""ח",100,"י""ח",false,1,26.90,0.27,false,1,
518237,true,סוכרה דיאט אבקה 100,מתוק וקל בעמ,,,"י""ח",100,ל  גרם,false,1,21.90,21.90,false,1,
521008,true,יין סגל אדום יבש,טמפו משקאות בעמ,,,"י""ח",750,"ל  מ""ל",false,1,21.90,2.88,true,1,
521015,true,יין  סגל לבן,טמפו משקאות בעמ,,,"י""ח",750,"ל  מ""ל",false,1,21.90,2.88,true,1,
523811,true,"מלח גס 1 ק""ג צנצנת הארץ",סוגת תעשיות בעמ,,,"י""ח",1,"ק""ג",false,1,6.90,6.90,false,1,
530024,true,תה מעושן רחב זוגלובק,זוגלובק שיווק בעמ,,,"ק""ג",1000,ל  גרם,true,1,44.90,4.49,false,1,
530031,true,פיין סלמי זוגלובק,זוגלובק שיווק בעמ,,,"י""ח",1000,ל  גרם,true,1,55.20,5.52,false,1,
530062,true,מעושן איטלקי]זוגלובק[,זוגלובק שיווק בעמ,,,"ק""ג",1,"י""ח",true,1,75.60,75.60,false,1,
536743,true,קריספי סטיקס תירס 500 גרם,זוגלובק שיווק בעמ,,,"י""ח",1.50,"ק""ג",false,1,14.90,9.93,false,1,
542737,true,ביגלה,שלמה א.אנג ל בעמ,,,"י""ח",1,,false,1,2.50,2.50,false,1,
551067,true,בשר  מס `5  מוכשר,נטו מלינדה סחר בעמ,,,"ק""ג",1,,true,1,59.90,59.90,false,1,
554006,true,קשקבלו  מחלבות גד שקיל,מחלבות גד,,,"ק""ג",1,,true,1,129,129,false,1,
554532,true,צפתית גד  מעודנת 5% במלח ים טבעי 200 ג,מחלבות גד,,,"י""ח",200,"ל  מ""ל",false,1,14.90,7.45,false,1,
554655,true,מוצרלה נקניק מעושן,מחלבות גד,,,"ק""ג",150,ל  גרם,true,1,76.90,51.27,false,1,
554754,true,מוצרלה במים גד,מחלבות גד,,,"ק""ג",1,"ק""ג",true,1,92.80,92.80,false,1,
554815,true,גבינה מוצרלה  משק}גד{,מחלבות גד,,,"ק""ג",1,,true,1,79.90,79.90,false,1,
554921,true,ריקוטה  }גד 5%  מעדנייה,מחלבות גד,,,"ק""ג",1,,true,1,56.90,56.90,false,1,
555502,true,אריזת פקדון(חוק  פקדון),שונות /שרות,,,"י""ח",1,,false,1,0.60,0.60,false,1,
555503,true,פיקדון X 6,שונות /שרות,,,"י""ח",1,,false,1,3.60,3.60,false,1,
555504,true,פיקדון X 4,שונות /שרות,,,"י""ח",1,,false,1,1.20,1.20,false,1,
555509,true,פיקדון 12X,שונות /שרות,,,"י""ח",1,,false,1,3.60,3.60,false,1,
570045,true,פיתה,בית הבאגט כהן בעמ,,,"י""ח",1,,false,1,1.50,1.50,false,1,
570199,true,קולורבי,תוצרת המושב בעמ,,,"י""ח",1,,false,1,8.90,8.90,false,1,
571294,true,גאודה מעושנת שקיל.,מחלבות גד,,,"ק""ג",1000,ל  גרם,true,1,103,10.30,false,1,
574066,true,לחם מקמחים מלאים ושיפון בלבד 750גר,דגנית עין בר ~~~,,,"י""ח",750,ל  גרם,false,1,13.90,1.85,false,1,
574172,true,לחם קל מחיטה מלאה 750גר`,דגנית עין בר ~~~,,,"י""ח",750,ל  גרם,false,1,14.90,1.99,false,1,
574370,true,לחם שיפון אמיתי קל 750גר,דגנית עין בר ~~~,,,"י""ח",750,ל  גרם,false,1,14.90,1.99,false,1,
574455,true,לחם חיטה מלא פלוס כוסמין 750גר,דגנית עין בר ~~~,,,"י""ח",750,ל  גרם,false,1,14.90,1.99,false,1,
630519,true,עוף טרי שלם מוכשר(קצביה)**.,ח.י. מעדני גורמה בעמ,,,"ק""ג",1,"ק""ג",true,1,19.90,19.90,false,1,
631059,true,כבד עוף  טרי(קצביה) **.,ח.י. מעדני גורמה בעמ,,,"ק""ג",1,"ק""ג",true,1,29.90,29.90,true,1,
632278,true,שניצל עוף פרימיום  נקי ודק  דק[קצביה].,ח.י. מעדני גורמה בעמ,,,"ק""ג",1,"ק""ג",true,1,49.90,49.90,true,1,
632308,true,חזה עוף חצוי נקי טרי(קצביה )**.,ח.י. מעדני גורמה בעמ,,,"ק""ג",1,,true,1,42.80,42.80,true,1,
633800,true,כנפיים פטם  עטרה]קפוא[,נטו מלינדה סחר בעמ,,,"ק""ג",1,"ק""ג",true,1,14.90,14.90,false,1,
641751,true,חזה הודו טרי נז  קצביה**,ח.י. מעדני גורמה בעמ,,,"ק""ג",1,,true,1,34.90,34.90,false,1,
643243,true,שווארמה הודו נקבה}קצביה{**,ח.י. מעדני גורמה בעמ,,,"ק""ג",1,,true,1,74.90,74.90,false,1,
643946,true,כנף הודו   טרי}קצביה{**,ח.י. מעדני גורמה בעמ,,,"ק""ג",1,,true,1,14.90,14.90,false,1,
644356,true,גרון   הודו טרי(קצביה)**,ח.י. מעדני גורמה בעמ,,,"ק""ג",1,,true,1,32.90,32.90,false,1,
646299,true,פילה נסיכת נילוס 100% דג,תנובה בשר,,,"ק""ג",1,,true,1,54.90,54.90,false,1,
657657,true,מאפים טריים במשקל אפיה מקומית.,ג נרל מילס ישראל בעמ,,,"ק""ג",1,,true,1,44.90,44.90,true,1,
658926,true,פילה מרלוזה קפוא 100% דג,תנובה בשר,,,"ק""ג",1,,true,1,29.90,29.90,false,1,
663036,true,פילה אמנון ללא עור קפוא,תנובה בשר,,,"ק""ג",1,,true,1,44.90,44.90,false,1,
666601,true,פיקדון 0.30.,שונות /שרות,,,"י""ח",1,"י""ח",false,1,0.30,0.30,false,1,
688374,true,מי עדן בייבי שישיה 250,יפאורה שותפות מוגבלת לשיווק,,,"י""ח",1.50,ליטר,false,1,15.80,9.33,false,1,
688381,true,מי עדן שישיה 0.5 ליטר,יפאורה שותפות מוגבלת לשיווק,,,"י""ח",3,ליטר,false,1,13.90,4.03,true,1,
688503,true,"מי עדן שישייה ג ים 750 מ""ל",יפאורה שותפות מוגבלת לשיווק,,,"י""ח",4.50,ליטר,false,1,16.50,3.27,false,1,
800173,true,"מונית 3 נוסעים  -29.44ש""ח",שונות /שרות,,,"י""ח",1,,false,1,0.01,0.01,false,1,
800174,true,"מונית 4 נוסעים  34.63 ש""ח",שונות /שרות,,,"י""ח",1,"י""ח",false,1,0.01,0.01,false,1,
961804,true,דלעת ארוזה שקיל,ביכורי השדה צפון 1994 ג.ד. בעמ,,,"ק""ג",1,,true,1,12.90,12.90,false,1,
990261,true,"חומוס 1 ק""ג סוגת.",סוגת תעשיות בעמ,,,"י""ח",1,"ק""ג",false,1,14.90,14.90,true,1,
995410,true,נבטים,ביכורי השדה צפון 1994 ג.ד. בעמ,,,"י""ח",1,,false,1,6.90,6.90,false,1,
1004335,true,ע. יבשות פרמיום,משה ביטון,,,"י""ח",1,,false,1,26.90,26.90,false,1,
1006603,true,פסטרמה רומנית שקיל,קבוצת אוסם סחר-שות.מוגבלת,,,"ק""ג",1,"ק""ג",true,1,69.90,69.90,true,1,
1009123,true,לחם 100% כוסמין 600 גרם,עזרן מסחר ושרותים בעמ,,,"י""ח",600,ל  גרם,false,1,15.90,2.65,false,1,
1009178,true,לחם 100% שיפון 900 גרם,עזרן מסחר ושרותים בעמ,,,"י""ח",1,,false,1,15.90,15.90,false,1,
1045633,true,"מיץ לימונענע 400 מ""ל",שטראוס גרופ ***בעמ,,,"י""ח",400,"ל  מ""ל",false,1,7.90,1.90,true,1,
1072028,true,"דאו נובו מן  150מ""ל Force",סאסאטק אגשח בעמ,,,"י""ח",150,"ל  מ""ל",false,1,8.90,5.93,false,1,
1072042,true,"דאו נובו מן  150מ""ל Energy",סאסאטק אגשח בעמ,,,"י""ח",150,"ל  מ""ל",false,1,8.90,5.93,false,1,
1121023,true,פסטרמה של פעם(יחיעם{,מעדני יחיעם 1993 בעמ,,,"ק""ג",1,,true,1,77.90,77.90,true,1,
1121092,true,פסטרמה עוף  בגריל{יחיעם},מעדני יחיעם 1993 בעמ,,,"ק""ג",1,,true,1,78.70,78.70,true,1,
1121238,true,קורנד ביף 180גר`,מעדני יחיעם 1993 בעמ,,,"י""ח",180,ל  גרם,false,1,22.90,12.72,false,1,
1121672,true,פסטרמה מעודנת בפפריקה   300ג,מעדני יחיעם 1993 בעמ,,,"י""ח",330,ל  גרם,false,1,19.90,6.03,false,1,
1121849,true,פסטרמה הודו 100% חומרים טבעיים 250גרם,מעדני יחיעם 1993 בעמ,,,"י""ח",250,ל  גרם,false,1,24.90,9.96,false,1,
1121931,true,קבנוס מקסיקני דק דק  125גר,מעדני יחיעם 1993 בעמ,,,"י""ח",125,ל  גרם,false,1,13.90,11.12,true,1,
1123041,true,בשר 5 חלק,נטו מלינדה סחר בעמ,,,"ק""ג",1,,true,1,59.90,59.90,false,1,
1123072,true,בשר מס8. חלק ריאה,נטו מלינדה סחר בעמ,,,"ק""ג",1,,true,1,29.90,29.90,false,1,
1201589,true,ביצים L 12 יח*,מ.לסר בעמ,,,"י""ח",12,"י""ח",false,1,12.05,1,false,1,
1201596,true,ביצים M 12 יח*,מ.לסר בעמ,,,"י""ח",12,"י""ח",false,1,11.15,0.93,false,1,
1201602,true,ביצים L 18יח,מ.לסר בעמ,,,"י""ח",18,"י""ח",false,1,18,1,false,1,
1201619,true,ביצים M 18יח,מ.לסר בעמ,,,"י""ח",18,"י""ח",false,1,16.70,0.93,false,1,
1201824,true,ביצים 12יח L אורגני,מ.לסר בעמ,,,"י""ח",12,"י""ח",false,1,20.90,1.74,false,1,
1201862,true,ביצים 12יח L חופש,מ.לסר בעמ,,,"י""ח",12,"י""ח",false,1,17.90,1.49,false,1,
1201893,true,ביצים 12יח M אומגה 3,מ.לסר בעמ,,,"י""ח",10,"י""ח",false,1,18.90,1.89,true,1,
1216040,true,"טחינה""אל   ארז""רגילה  500גר",סוגת תעשיות בעמ,,,"י""ח",500,ל  גרם,false,1,16.90,3.38,false,1,
1216057,true,"טחינה אל ארז  1ק""ג",סוגת תעשיות בעמ,,,"י""ח",1,"ק""ג",false,1,31.90,31.90,false,1,
1216231,true,"טחינה""אל   ארז""מלאה 500גר",סוגת תעשיות בעמ,,,"י""ח",500,ל  גרם,false,1,17.90,3.58,false,1,
1230331,true,כאמל בוקס בודד.,גלוברנדס בעמ,,,"י""ח",1,,false,1,31,31,false,1,
1230739,true,קאמל כחול בודד,גלוברנדס בעמ,,,"י""ח",1,,false,1,31,31,false,1,
1231932,true,וינסטון כחול בודד.,גלוברנדס בעמ,,,"י""ח",1,,false,1,32.50,32.50,false,1,
1235938,true,וינסטון כחול ארוך,גלוברנדס בעמ,,,"י""ח",1,,false,1,32.50,32.50,false,1,
1245798,true,נ.כלים לימון 1.6  ל`טאצ,סאסאטק אגשח בעמ,,,"י""ח",1.60,ליטר,false,1,11.90,7.44,true,1,
1245835,true,נוזל רצפות אורנים 4ליטר טאצ`,סאסאטק אגשח בעמ,,,"י""ח",4,ליטר,false,1,14.90,3.73,true,1,
1245842,true,נוזל רצפות מאסק 4ליטר טאצ`,סאסאטק אגשח בעמ,,,"י""ח",4,ליטר,false,1,14.90,3.73,true,1,
1246184,true,מבשם נטול גז 350 מ``ל טאצ,סאסאטק אגשח בעמ,,,"י""ח",350,"ל  מ""ל",false,1,9.90,2.83,false,1,
1246351,true,נוזל רצפות לבנדר 4ליטר טאצ`.,סאסאטק אגשח בעמ,,,"י""ח",4,ליטר,false,1,14.90,3.73,true,1,
1246528,true,מרכך כביסה מרוכז פרםיום מיסטרי  1 ל`טא,סאסאטק אגשח בעמ,,,"י""ח",1,ליטר,false,1,13.90,13.90,true,1,
1246535,true,"מבריק נירוסטה 400מ""ל טאצ`",סאסאטק אגשח בעמ,,,"י""ח",400,"ל  מ""ל",false,1,19.90,4.98,false,1,
1246542,true,"מבריק לניקוי רהיטים 400מ""ל טאצ`",סאסאטק אגשח בעמ,,,"י""ח",400,"ל  מ""ל",false,1,14.90,3.73,false,1,
1246597,true,תרסיס סיליקון להפרדה,סאסאטק אגשח בעמ,,,"י""ח",1,,false,1,11.90,11.90,false,1,
1343845,true,"גרנולה פירות 1ק""ג",דין שיווק וקליה 2021 בעמ,,,"י""ח",1,"ק""ג",false,1,19.90,19.90,true,1,
1407592,true,"טחינה גולמית בארכה פי 6 סידן 1 ק""ג",קבוצת אוסם סחר-שות.מוגבלת,,,"י""ח",1,"ק""ג",false,1,24.90,24.90,false,1,
1419618,true,וופל בלגי שוקו 200גר`,ח.כהן סוכנות מזון ומשקאות בע,,,"י""ח",200,ל  גרם,false,1,3.90,1.95,true,1,
1427347,true,"מיץ תפוחים 1  ליטר""סמיט""",תנובה בעמ ***,,,"י""ח",1,ליטר,false,1,20.60,20.60,false,1,
1444160,true,"שמן זית כתית מעולה מ עץ הזית 750 מ""ל.",סוגת תעשיות בעמ,,,"י""ח",750,"ל  מ""ל",false,1,33.90,4.52,true,1,
1476208,true,ברי פיקאן  משולש  משקל גד,מחלבות גד,,,"ק""ג",1,,true,1,139,139,false,1,
1482049,true,בולגריה בקוביות עם שמן ותבלינים שקיל,ג.וילי פוד אינטרנשיונל בעמ,,,"ק""ג",1,,true,1,65,65,false,1,
1482094,true,פרמזנו 200 ג ויליפוד,ג.וילי פוד אינטרנשיונל בעמ,,,"י""ח",200,ל  גרם,false,1,18.90,9.45,false,1,
1532195,true,מקרל בוואקום שקילה,בידאני נתן,,,"ק""ג",1,"ק""ג",true,1,99,99,false,1,
1532249,true,מקרוסקה מעושן  שקילה,בידאני נתן,,,"ק""ג",1,"ק""ג",true,1,119.90,119.90,false,1,
1552049,true,סולטנה קוסקוס  מרוקאי}מטעמי  פאר{,מטעמי פאר (א.מ.נ) בעמ,,,"י""ח",800,ל  גרם,false,1,15.90,1.99,false,1,
1567043,true,פסטרמה  מעודנת על האש,מעדני יחיעם 1993 בעמ,,,"ק""ג",1,,true,1,44.90,44.90,true,1,
1567142,true,סלמי תה מפולפל שקיל {יחיעם},מעדני יחיעם 1993 בעמ,,,"ק""ג",800,ל  גרם,true,1,44.90,5.61,true,1,
1567760,true,פסטרמה של פעם  300ג,מעדני יחיעם 1993 בעמ,,,"י""ח",300,ל  גרם,false,1,24.90,8.30,false,1,
1567807,true,כתף בקר מעושן 250ג,מעדני יחיעם 1993 בעמ,,,"י""ח",250,ל  גרם,false,1,32.90,13.16,false,1,
1567814,true,סלמי מעושן בסגנון איטלקי 300ג,מעדני יחיעם 1993 בעמ,,,"י""ח",300,ל  גרם,false,1,19.90,6.63,false,1,
1567906,true,פסטרמה   מעודנת 200ג,מעדני יחיעם 1993 בעמ,,,"י""ח",200,ל  גרם,false,1,12.90,6.45,false,1,
1567937,true,איטלקי מפולפל 200ג,מעדני יחיעם 1993 בעמ,,,"י""ח",200,ל  גרם,false,1,12.90,6.45,false,1,
1591505,true,סטייק דג טונה  קפוא עם עור מחנה יהודה.,נטו מלינדה סחר בעמ,,,"ק""ג",1,"ק""ג",true,1,39.90,39.90,true,1,
1591550,true,פילה אמנון ללא עור מחנה יהודה.,נטו מלינדה סחר בעמ,,,"ק""ג",1,"ק""ג",true,1,37.90,37.90,true,1,
1591567,true,פילה אמנון 100% מחנה יהודה.,נטו מלינדה סחר בעמ,,,"ק""ג",1,"ק""ג",true,1,36.90,36.90,true,1,
1591574,true,פילה אמנון 80% מחנה יהודה.,נטו מלינדה סחר בעמ,,,"ק""ג",1,"ק""ג",true,1,26.90,26.90,true,1,
1591604,true,המבורגר אנגוס מחנה יהודה 600גר,נטו מלינדה סחר בעמ,,,"י""ח",600,ל  גרם,false,1,29.90,4.98,true,1,
1591611,true,קבבוני אנגוס עגול מחנה יהודה 500גר,נטו מלינדה סחר בעמ,,,"י""ח",500,ל  גרם,false,1,29.90,5.98,true,1,
1591628,true,קבב על מקל מחנה יהודה 500גר,נטו מלינדה סחר בעמ,,,"י""ח",500,ל  גרם,false,1,29.90,5.98,true,1,
1591635,true,נקניקיות מרגז סגנון מרוקאי מחנה יהודה,נטו מלינדה סחר בעמ,,,"י""ח",500,ל  גרם,false,1,29.90,5.98,true,1,
1591642,true,קבבוני טלה מחנה יהודה 500גר.,נטו מלינדה סחר בעמ,,,"י""ח",500,ל  גרם,false,1,29.90,5.98,true,1,
1648995,true,שלישית קפה רגואן 3*100גר,רוני רג ואן,,,"י""ח",300,ל  גרם,false,1,19.90,6.63,false,1,
1713150,true,אקונומיקה קצף ניקוי 1ליטר מרסס,קומפלקס כימיקלסבעמ ~~~,,,"י""ח",1,,false,1,11.90,11.90,false,1,
1879627,true,פילה עוף  טרי**,ח.י. מעדני גורמה בעמ,,,"ק""ג",1,,true,1,49.90,49.90,true,1,
1946121,true,פפריקה 400גר`,דין שיווק וקליה 2021 בעמ,,,"י""ח",400,ל  גרם,false,1,21.90,5.48,false,1,
2008989,true,קישקשים 225 יחידות הנמל,הנמל אריזות ושווק בעמ,,,"י""ח",225,"י""ח",false,1,9.90,0.04,false,1,
2013006,true,פסטרמה מקסיקנית,זוגלובק שיווק בעמ,,,"ק""ג",1,,true,1,76.90,76.90,false,1,
2013037,true,פסטרמה פרגיות על לבנים 1% שומן,זוגלובק שיווק בעמ,,,"ק""ג",1,,true,1,76.90,76.90,false,1,
2013174,true,פסטרמה של פעם שקיל,זוגלובק שיווק בעמ,,,"ק""ג",1,,true,1,76.90,76.90,false,1,
2015192,true,מלפפונים במלח ]18/25ב.ד[,קבוצת יבנה מוצרי מזון בעמ,,,"י""ח",560,ל  גרם,false,1,11.90,2.13,false,1,
2024156,true,סחוג אדום משקל,בידאני נתן,,,"ק""ג",1,,true,1,22.90,22.90,false,1,
2043188,true,צ`יפס אורז חום מלא צ`ילי חריף 60גר,א.ל.יצור ושיווקתבלינים בעמ,,,"י""ח",60,ל  גרם,false,1,6.90,11.50,true,1,
2043218,true,צ`יפס אורז חום מלא מלוח 60גר,א.ל.יצור ושיווקתבלינים בעמ,,,"י""ח",60,ל  גרם,false,1,6.90,11.50,true,1,
2043850,true,באר אקסטרה בציפוי שוקולד מריר 90גר,א.ל.יצור ושיווקתבלינים בעמ,,,"י""ח",90,ל  גרם,false,1,13.90,15.44,true,1,
2043867,true,באר אקסטרה בציפוי שוקולד לבן 90גר,א.ל.יצור ושיווקתבלינים בעמ,,,"י""ח",90,ל  גרם,false,1,13.90,15.44,true,1,
2043874,true,באר אקסטרה קרמל בציפוי שוקולד לבן 90גר,א.ל.יצור ושיווקתבלינים בעמ,,,"י""ח",90,ל  גרם,false,1,13.90,15.44,true,1,
2043881,true,באר אקסטרה תפוז בציפוי שוקולד מריר 90גר,א.ל.יצור ושיווקתבלינים בעמ,,,"י""ח",90,ל  גרם,false,1,13.90,15.44,true,1,
2053088,true,אטריות ביצים  מס` 8 200ג,גורי מוצרי צריכה בעמ,,,"י""ח",200,ל  גרם,false,1,5.90,2.95,false,1,
2057437,true,שיפקונית A-2,קבוצת יבנה מוצרי מזון בעמ,,,"י""ח",560,ל  גרם,false,1,9.90,1.77,false,1,
2065616,true,לחם שיפון גרעינים 750גר`,שלמה א.אנג ל בעמ,,,"י""ח",750,ל  גרם,false,1,12.90,1.72,false,1,
2065623,true,לחם שיפון כפרי 750גר`,שלמה א.אנג ל בעמ,,,"י""ח",750,ל  גרם,false,1,12.90,1.72,false,1,
2077268,true,מיני קציצות דג 500 גרם,נטו מלינדה סחר בעמ,,,"י""ח",500,ל  גרם,false,1,21.90,4.38,false,1,
2105527,true,גולש בקר800 גר`מחפוד,עוף ירושלים שיווק בעמ,,,"י""ח",800,ל  גרם,false,1,44.90,5.61,false,1,
2105756,true,"טחון בקר 1ק""ר קפוא מחפוד",עוף ירושלים שיווק בעמ,,,"י""ח",1,"ק""ג",false,1,34.90,34.90,false,1,
2107385,true,מה עז  180 גרם צוריאל,*החברה המרכזית להפצת משקאותבעמ,,,"י""ח",180,ל  גרם,false,1,23.30,12.94,false,1,
2109372,true,בורקס פילו אצבעות בולגרית 700גר`,נטו מלינדה סחר בעמ,,,"י""ח",600,ל  גרם,false,1,21.90,3.65,true,1,
2129370,true,פילה אמנון 5-7 בלי עור.,נטו מלינדה סחר בעמ,,,"ק""ג",200,ל  גרם,true,1,39.90,19.95,false,1,
2129479,true,פיצה איטלקית דקה שלושת האופים 320גר,נטו מלינדה סחר בעמ,,,"י""ח",320,ל  גרם,false,1,16.90,5.28,true,1,
2129486,true,פיצה איטלקית דקה שלושת האופים 340גר,נטו מלינדה סחר בעמ,,,"י""ח",340,ל  גרם,false,1,16.90,4.97,true,1,
2195054,true,המבורגר בלדי 400גרם ארוז,בלדי בעמ,,,"י""ח",400,ל  גרם,false,1,13.90,3.48,false,1,
2195078,true,קבב כבש 400גרם  ארוז,בלדי בעמ,,,"י""ח",400,ל  גרם,false,1,13.90,3.48,false,1,
2238452,true,בשר 5 חלק,נטו מלינדה סחר בעמ,,,"ק""ג",1,,true,1,59.90,59.90,false,1,
2253235,true,דורות רוטב פסטו 160גר,קבוצת אוסם סחר-שות.מוגבלת,,,"י""ח",160,ל  גרם,false,1,11.90,7.44,false,1,
2263562,true,"רוטב לימון משומר 200מ""ל",א.ל.יצור ושיווקתבלינים בעמ,,,"י""ח",200,"ל  מ""ל",false,1,6.70,3.35,false,1,
2263586,true,"מיץ לימון משומר 500מ""ל (מימון)",א.ל.יצור ושיווקתבלינים בעמ,,,"י""ח",500,"ל  מ""ל",false,1,11.90,2.38,true,1,
2277668,true,טונה פוסידון רביעיות,נטו מלינדה סחר בעמ,,,"י""ח",340,ל  גרם,false,1,19.90,5.85,false,1,
2278528,true,זוג כריות ניקוי כלים,ח.כהן סוכנות מזון ומשקאות בע,,,"י""ח",2,"י""ח",false,1,7.90,3.95,false,1,
2281382,true,נתחי פילה סלמון נורבגי מנות,נטו מלינדה סחר בעמ,,,"ק""ג",1,"ק""ג",true,1,99,99,false,1,
2281429,true,סטייק דג טונה קפוא ללא עור,נטו מלינדה סחר בעמ,,,"ק""ג",1,"ק""ג",true,1,54.90,54.90,false,1,
2281436,true,סטייק דג טונה בהירה קפוא ללא עור,נטו מלינדה סחר בעמ,,,"ק""ג",1,,true,1,49.90,49.90,false,1,
2281443,true,סטייק דג טונה  קפוא עם עור,נטו מלינדה סחר בעמ,,,"ק""ג",1,"ק""ג",true,1,39.90,39.90,true,1,
2281474,true,פיצה מארז 5יח. טוב טעם,נטו מלינדה סחר בעמ,,,"י""ח",5,"י""ח",false,1,59.90,11.98,false,1,
2281498,true,מגורדת 500ג ריץ,נטו מלינדה סחר בעמ,,,"י""ח",500,ל  גרם,false,1,26.90,5.38,false,1,
2281825,true,בשר  מס `5  מוכשר,נטו מלינדה סחר בעמ,,,"ק""ג",1,,true,1,59.90,59.90,false,1,
2281948,true,צלי כתף 5 חלק.,נטו מלינדה סחר בעמ,,,"ק""ג",1,,true,1,59.90,59.90,false,1,
2300877,true,צ`דר אנגלי לבן נטו,א. סיימן סחר בעמ,,,"ק""ג",1,,true,1,129,129,true,1,
2300884,true,צ`דר אנגלי כתום נטו.,א. סיימן סחר בעמ,,,"ק""ג",1,,true,1,129,129,true,1,
2327066,true,קונכיות בצק קפוא,נטו מלינדה סחר בעמ,,,"י""ח",500,ל  גרם,false,1,21.90,4.38,true,1,
2331360,true,נביעות שישיות 500 מייל פקק ספורט,החברה המרכזית להפצת משקאות בעמ,,,"י""ח",3,ליטר,false,1,14.90,4.37,true,1,
2331476,true,"נביעות בודד בייבי 320מ""ל",החברה המרכזית להפצת משקאות בעמ,,,"י""ח",3,ליטר,false,1,3.20,0.97,false,1,
2331483,true,"נביעות שישיות בייבי 320מ""ל",החברה המרכזית להפצת משקאות בעמ,,,"י""ח",3,ליטר,false,1,13.80,4,true,1,
2331490,true,נביעות 1ליטר,החברה המרכזית להפצת משקאות בעמ,,,"י""ח",1,ליטר,false,1,3.50,3.50,true,1,
2332107,true,דג קרפיון פרוס טרי,דגת הארץ אגודה שיתופית,,,"ק""ג",1,,true,1,39.90,39.90,false,1,
2332329,true,פילה סלמון טרי.,דגת הארץ אגודה שיתופית,,,"ק""ג",1,,true,1,139.90,139.90,false,1,
2332350,true,.פילה אמנון טרי ארוז,דגת הארץ אגודה שיתופית,,,"ק""ג",1,,true,1,74.90,74.90,false,1,
2332374,true,פילה באס טרי,דגת הארץ אגודה שיתופית,,,"ק""ג",1,,true,1,99.90,99.90,false,1,
2332398,true,דניס שלם ארוז טרי,דגת הארץ אגודה שיתופית,,,"ק""ג",1,,true,1,89,89,false,1,
2343001,true,טבורוג 5%  משקל,בידאני נתן***,,,"ק""ג",1,,true,1,31.90,31.90,false,1,
2343032,true,גלגל גרוזינית משקל,בידאני נתן***,,,"ק""ג",1,,true,1,76.90,76.90,false,1,
2343186,true,אורדה/ריקוטה שקיל,בידאני נתן***,,,"ק""ג",1,,true,1,50.90,50.90,false,1,
2345022,true,אנטריקוט דקדק 250גר,נטו מלינדה סחר בעמ,,,"י""ח",250,ל  גרם,false,1,24.90,9.96,true,1,
2345060,true,מאסדם גבינה הולנדי אמיתי שקיל.,נטו מלינדה סחר בעמ,,,"ק""ג",1,,true,1,85,85,false,1,
2345282,true,נתחי פילה סלמון נורבגי מנות,נטו מלינדה סחר בעמ,,,"ק""ג",1,"ק""ג",true,1,99,99,false,1,
2345435,true,פילה מרלוזה,נטו מלינדה סחר בעמ,,,"ק""ג",1,"ק""ג",true,1,31.90,31.90,false,1,
2349020,true,מלכודת עש המזון ללא רעלים וחומרי הדברה,נאמן לאורך זמן בעמ,,,"י""ח",1,,false,1,24.90,24.90,false,1,
2349051,true,מלכודת עש הבגדים ללא רעלים וחומרי הדברה,נאמן לאורך זמן בעמ,,,"י""ח",1,,false,1,24.90,24.90,false,1,
2349471,true,מלכודת דבק לעכברים ידידותית לבסיסה,נאמן לאורך זמן בעמ,,,"י""ח",1,,false,1,12.90,12.90,false,1,
2370017,true,גבינה גאודה פסטו 32% שומן,ג.וילי פוד אינטרנשיונל בעמ,,,"ק""ג",1,"ק""ג",true,1,99.90,99.90,false,1,
2370130,true,גבינת ברי צרפתית שקיל,ג.וילי פוד אינטרנשיונל בעמ,,,"ק""ג",1,"ק""ג",true,1,109.90,109.90,false,1,
2370239,true,גבינה חצי קשה פיקנטית 31%,ג.וילי פוד אינטרנשיונל בעמ,,,"ק""ג",1,"ק""ג",true,1,99,99,false,1,
2370420,true,גבינת גאודה מהולנד 30% שומן ויליפוד,ג.וילי פוד אינטרנשיונל בעמ,,,"ק""ג",1,,true,1,69,69,false,1,
2370475,true,גבינה כחולה עם עובש שקיל,ג.וילי פוד אינטרנשיונל בעמ,,,"ק""ג",1,"ק""ג",true,1,99.90,99.90,true,1,
2370734,true,צמות גבינה במי מלח 25% שומן  שקיל,ג.וילי פוד אינטרנשיונל בעמ,,,"ק""ג",1,"ק""ג",true,1,99,99,true,1,
2370789,true,גבינת כבשים עם פטריות כמהין 36%,ג.וילי פוד אינטרנשיונל בעמ,,,"ק""ג",1,"ק""ג",true,1,149,149,true,1,
2370925,true,גבינת גאודה עם עשבי תיבול ושום שקיל,ג.וילי פוד אינטרנשיונל בעמ,,,"ק""ג",1,"ק""ג",true,1,110,110,true,1,
2370994,true,גבינת גאודה עם פטריות כמהין גלגל שקיל,ג.וילי פוד אינטרנשיונל בעמ,,,"ק""ג",1,"ק""ג",true,1,159,159,true,1,
2371526,true,סלסולי פסטרמה שום וצ`ילי 120גר`,תנובה בשר,,,"י""ח",120,ל  גרם,false,1,14.90,12.42,false,1,
2371533,true,סלסולי פסטרמה דבש   120גר`,תנובה בשר,,,"י""ח",120,ל  גרם,false,1,17.90,14.92,false,1,
2371571,true,פסטרמה פרגיות טירת צבי,תנובה בשר,,,"ק""ג",1,,true,1,89,89,false,1,
2374640,true,שמן קנולה פלוס אומגה 3 עץ הזית 1ליטר,סוגת תעשיות בעמ,,,"י""ח",1,ליטר,false,1,16.50,16.50,false,1,
2385486,true,גבינת שמנת טבעית 30% שקיל גד,מחלבות גד,,,"ק""ג",1,,true,1,44.90,44.90,false,1,
2385493,true,גבינת שמנת זיתים 30% שקיל,מחלבות גד,,,"ק""ג",1,,true,1,44.90,44.90,false,1,
2385509,true,גבינת שמנת שמיר 30% שקיל גד,מחלבות גד,,,"ק""ג",1,,true,1,44.90,44.90,false,1,
2394982,true,חריץ מוצרלה,*החברה המרכזית להפצת משקאותבעמ,,,"ק""ג",1,,true,1,80,80,false,1,
2395408,true,"גבנצ  נעם 28% ק""ג  *.",*החברה המרכזית להפצת משקאותבעמ,,,"ק""ג",1,,true,1,44.79,44.79,false,1,
2395415,true,חריץ גבינה נעם 9% שקיל,*החברה המרכזית להפצת משקאותבעמ,,,"ק""ג",1,,true,1,70.90,70.90,false,1,
2395422,true,גבינה צהובה נעם 22%  שקיל*,*החברה המרכזית להפצת משקאותבעמ,,,"ק""ג",1,,true,1,42.58,42.58,false,1,
2420941,true,אנטריקוט פרוס ארוז זוגות קפוא מחפוד,עוף ירושלים שיווק בעמ,,,"ק""ג",800,ל  גרם,true,1,110,13.75,false,1,
2439998,true,קבב בקר וכבש אל גאוצ`ו 400גר`,נטו מלינדה סחר בעמ,,,"י""ח",400,ל  גרם,false,1,22.90,5.73,true,1,
2487364,true,בורקס פילו גבינה  זיתים 700 גרם,נטו מלינדה סחר בעמ,,,"י""ח",700,ל  גרם,false,1,21.90,3.13,true,1,
2507604,true,פיצה השף איטלקית 320ג,נטו מלינדה סחר בעמ,,,"י""ח",320,ל  גרם,false,1,17.90,5.59,true,1,
2511137,true,פטה עיזים,מחלבות המושבה בעמ,,,"ק""ג",1000,ל  גרם,true,1,95.90,9.59,false,1,
2511212,true,צפתית עיראקית המושבה,מחלבות המושבה בעמ,,,"ק""ג",1,,true,1,65.90,65.90,false,1,
2511229,true,בולגרית מעודנת 16%  המושבה,מחלבות המושבה בעמ,,,"ק""ג",1000,ל  גרם,true,1,39.90,3.99,false,1,
2511236,true,בולגרית מעודנת  5%  המושבה,מחלבות המושבה בעמ,,,"ק""ג",1,,true,1,39.90,39.90,false,1,
2511281,true,ברינזה צאן/כבשים המושבה,מחלבות המושבה בעמ,,,"ק""ג",1,"ק""ג",true,1,79.90,79.90,false,1,
2511311,true,גבינת פיקורינו כבשים,מחלבות המושבה בעמ,,,"ק""ג",1,,true,1,124.90,124.90,false,1,
2511328,true,גבינת קשקבל   כבשים,מחלבות המושבה בעמ,,,"ק""ג",1,,true,1,124.90,124.90,false,1,
2511427,true,אצבעות שוקולד וניל מעדניה,מחלבות המושבה בעמ,,,"ק""ג",1000,ל  גרם,true,1,59.90,5.99,false,1,
2511496,true,בולגרית  קוביות 5% שקיל,מחלבות המושבה בעמ,,,"ק""ג",1000,ל  גרם,true,1,49.90,4.99,false,1,
2511748,true,גאודה  כמהין שקיל,מחלבות המושבה בעמ,,,"ק""ג",150,"ל  מ""ל",true,1,120,80,false,1,
2512066,true,גחנון אפוי  650 גרם צנעני,א.ג בחירה חכמה בעמ,,,"י""ח",650,ל  גרם,false,1,18.90,2.91,false,1,
2538158,true,גלידה חמה 15 יח,גלידות קולורדו בעמ,,,"י""ח",1,,false,1,19.90,19.90,false,1,
2538592,true,קרמבו 8יח טעם וניל/מוקה,גלידות קולורדו בעמ,,,"י""ח",8,"י""ח",false,1,11.90,1.49,false,1,
2542773,true,"בירה סטלה ארטואה 330מ""ל בקבוק",תימקו בירה בעמ,,,"י""ח",330,"ל  מ""ל",false,1,9.90,2.91,false,1,
2542780,true,"בירה סטלה ארטואה 330מ""ל  1/6 בקבוק",תימקו בירה בעמ,,,"י""ח",330,"ל  מ""ל",false,1,39.90,11.55,true,1,
2542810,true,"הוגרדן בקבוק 330מ""ל",תימקו בירה בעמ,,,"י""ח",330,"ל  מ""ל",false,1,12.90,3.82,true,1,
2542841,true,"לף בלונד בקבוק 330מ""ל 1/6.",תימקו בירה בעמ,,,"י""ח",330,"ל  מ""ל",false,1,49.90,14.58,true,1,
2542865,true,"הוגרדן בקבוק 330מ""ל 1/6",תימקו בירה בעמ,,,"י""ח",330,"ל  מ""ל",false,1,49.90,14.58,true,1,
2579731,true,"נר נשמה שבועי   בזכוכית""שווה""",ח.כהן סוכנות מזון ומשקאות בע,,,"י""ח",1,,false,1,9.90,9.90,false,1,
2603474,true,פיצה שף שגב רוטב פטריות טעם ממהין200ג,נטו מלינדה סחר בעמ,,,"י""ח",200,ל  גרם,false,1,16.90,8.45,true,1,
2628170,true,צלי כתף מס 5 חלק ג.חול פרגוואי.,בלדי בעמ,,,"ק""ג",1,"ק""ג",true,1,79.90,79.90,true,1,
2692768,true,תרסיס שמן קנולה מזוכך ללא תוספת גז 200,סוגת תעשיות בעמ,,,"י""ח",200,"ל  מ""ל",false,1,14.90,7.45,false,1,
2692775,true,"תרסיס שמן קנולה  200מ""ל עץ הזית",סוגת תעשיות בעמ,,,"י""ח",2,ליטר,false,1,14.90,7.45,false,1,
2692782,true,תרסיס טעם זית כתית מעולה ללא תוספת גז1,סוגת תעשיות בעמ,,,"י""ח",200,"ל  מ""ל",false,1,14.90,7.45,false,1,
2706731,true,רצועות פילה נסיכה קפוא 100% דג,נטו מלינדה סחר בעמ,,,"ק""ג",1,"ק""ג",true,1,79.90,79.90,false,1,
2757139,true,מלוואח 700 גר`שלושת האופים,נטו מלינדה סחר בעמ,,,"י""ח",700,ל  גרם,false,1,17.90,2.56,true,1,
2757511,true,קציצת דג לבישול 750גר`,נטו מלינדה סחר בעמ,,,"י""ח",750,"ל  מ""ל",false,1,28.90,3.85,true,1,
2757535,true,בורקס פילו-אצבעות גבינה 500גר`,נטו מלינדה סחר בעמ,,,"י""ח",500,ל  גרם,false,1,21.90,4.38,true,1,
2757726,true,בורקס גבינה 700 ג`,נטו מלינדה סחר בעמ,,,"י""ח",700,ל  גרם,false,1,19.90,2.84,false,1,
2757740,true,"בורקס תפו""א 700 ג` סדרה אדומה",נטו מלינדה סחר בעמ,,,"י""ח",700,ל  גרם,false,1,14.90,2.13,false,1,
2757757,true,מלאווח 700גר`,נטו מלינדה סחר בעמ,,,"י""ח",700,ל  גרם,false,1,13.90,1.99,false,1,
2775010,true,מיני בורקס פילו גבינה 650גר`,נטו מלינדה סחר בעמ,,,"י""ח",650,ל  גרם,false,1,21.90,3.37,true,1,
2787495,true,פילה סלמון קפוא,נטו מלינדה סחר בעמ,,,"ק""ג",1,,true,1,79.90,79.90,false,1,
2787884,true,"מקלות  בורקס פילו תפו""א 650גר`",נטו מלינדה סחר בעמ,,,"י""ח",650,ל  גרם,false,1,21.90,3.37,true,1,
2827306,true,נקניקיות עוף 400 גר`מחפוד,עוף ירושלים שיווק בעמ,,,"י""ח",400,ל  גרם,false,1,8.90,2.23,true,1,
2827337,true,נקניקיות עוף פיקנטי400 גר`מחפוד,עוף ירושלים שיווק בעמ,,,"י""ח",400,ל  גרם,false,1,8.90,2.23,true,1,
2830245,true,פילה לברק 5-7  קפוא,נטו מלינדה סחר בעמ,,,"ק""ג",200,ל  גרם,true,1,52.90,26.45,false,1,
2830948,true,גבינת מון בלאן עיזים 120גר`,נטו מלינדה סחר בעמ,,,"י""ח",120,ל  גרם,false,1,8.90,7.42,false,1,
2862080,true,לימון ארוז,בידאני נתן,,,"ק""ג",1,,true,1,23.90,23.90,false,1,
2862109,true,פרורי לחם מוזהבים 400גר,רוז חקלאות בעמ,,,"י""ח",400,ל  גרם,false,1,6.90,1.73,false,1,
2862222,true,"פרורי לחם רגילים 1ק""ג",רוז חקלאות בעמ,,,"י""ח",1,"ק""ג",false,1,9.90,9.90,false,1,
2862338,true,סחוג 150 ג  אדום,בידאני נתן,,,"י""ח",1,,false,1,10.90,10.90,false,1,
2862444,true,"פרורי לחם מוזהבים 1ק""ג הררית",רוז חקלאות בעמ,,,"י""ח",1,"ק""ג",false,1,12.90,12.90,false,1,
2862802,true,אריסה בתוספת לימון,בידאני נתן,,,"י""ח",1,,false,1,13.90,13.90,false,1,
2862840,true,מתובלים 400ג בטעם שום,רוז חקלאות בעמ,,,"י""ח",400,ל  גרם,false,1,8.90,2.23,false,1,
2862857,true,מתובלים 400ג בטעם גריל,רוז חקלאות בעמ,,,"י""ח",400,ל  גרם,false,1,8.90,2.23,false,1,
2862864,true,מתובלים טעם קלאסי 400ג,רוז חקלאות בעמ,,,"י""ח",400,ל  גרם,false,1,6.90,1.73,false,1,
2871248,true,טובורג רד 500 חוזר,החברה המרכזית להפצת משקאות בעמ,,,"י""ח",500,"ל  מ""ל",false,1,8.20,1.40,true,1,
2871361,true,קרלסברג  בירה 500 חוזר,החברה המרכזית להפצת משקאות בעמ,,,"י""ח",500,"ל  מ""ל",false,1,8.20,1.40,false,1,
2919179,true,פילה אמנון  בלדי,בלדי בעמ,,,"ק""ג",1,"ק""ג",true,1,32.90,32.90,false,1,
2929642,true,טונה מארז 4 יח  }ויליגיר{ 140גר,נטו מלינדה סחר בעמ,,,"י""ח",560,ל  גרם,false,1,20.90,3.73,true,1,
2957409,true,פילה סלמון קפוא,נטו מלינדה סחר בעמ,,,"ק""ג",1,,true,1,79.90,79.90,false,1,
2971191,true,"קמח חיטה לבן  שטיבל  1ק""ג",טחנות קמח שטיבל בש בעמ,,,"י""ח",1,"ק""ג",false,1,3.90,3.90,true,1,
2971962,true,"קמח מלא 100% 1ק""ג  ללא צורך בניפוי",ח.כהן סוכנות מזון ומשקאות בע,,,"י""ח",1,"ק""ג",false,1,8.90,8.90,false,1,
2971986,true,קמח שיפון ללא צורך  בניפוי,ח.כהן סוכנות מזון ומשקאות בע,,,"י""ח",1,"ק""ג",false,1,8.90,8.90,false,1,
2972006,true,"קמח בהיר 405 ללא צורך בניפוי 1ק""ג שטיב",ח.כהן סוכנות מזון ומשקאות בע,,,"י""ח",1,"ק""ג",false,1,8.90,8.90,false,1,
2972365,true,"קמח תופח ללא צורך בניפוי 1ק""ג",ח.כהן סוכנות מזון ומשקאות בע,,,"י""ח",1,"ק""ג",false,1,8.90,8.90,false,1,
2972426,true,"קמח מלא 80% ללא צורך בניפוי 1ק""ג",ח.כהן סוכנות מזון ומשקאות בע,,,"י""ח",1,"ק""ג",false,1,7.90,7.90,false,1,
2973812,true,"קמח כוסמין 80% ללא צורך  בניפוי 1ק""ג",ח.כהן סוכנות מזון ומשקאות בע,,,"י""ח",1,"ק""ג",false,1,15.90,15.90,false,1,
2973829,true,"קמח כוסמין לבן ללא צורך  בניפוי 1ק""ג.",ח.כהן סוכנות מזון ומשקאות בע,,,"י""ח",1,"ק""ג",false,1,15.90,15.90,false,1,
2974116,true,קמח כפרי שטיבל ללא צ.בניפוי,ח.כהן סוכנות מזון ומשקאות בע,,,"י""ח",1,"ק""ג",false,1,8.90,8.90,false,1,
2974239,true,קמח עוגיות 5 שטיבל ללא צ.בניפוי,ח.כהן סוכנות מזון ומשקאות בע,,,"י""ח",1,"ק""ג",false,1,7.90,7.90,false,1,
2974314,true,קמח פיצה שטיבל ללא צ.בניפוי,ח.כהן סוכנות מזון ומשקאות בע,,,"י""ח",1,"ק""ג",false,1,10.90,10.90,false,1,
3006021,true,קוביות מעדן פטה בטעמים שקיל,גבינות עמיר ניצן בעמ,,,"ק""ג",100,ל  גרם,true,1,69.90,69.90,false,1,
3006120,true,טאפס שכונתי שקיל.,גבינות עמיר ניצן בעמ,,,"ק""ג",1,"ק""ג",true,1,149.90,149.90,false,1,
3006175,true,מעדן פתיתי בולגרית מתובל שקיל,גבינות עמיר ניצן בעמ,,,"ק""ג",100,ל  גרם,true,1,79.90,79.90,false,1,
3013128,true,פתיל משושה,צבע ומכחול (2014) בעמ,,,"י""ח",1,,false,1,5.90,5.90,false,1,
3069682,true,בצק פילאס 500ג,נטו מלינדה סחר בעמ,,,"י""ח",500,ל  גרם,false,1,21.90,4.38,true,1,
3069705,true,"פיצה אישית גבינה דקה תפזורת בעל""ז",נטו מלינדה סחר בעמ,,,"י""ח",1,"י""ח",false,1,2.90,2.90,true,1,
3072606,true,נקניקיות עוף מיני 350ג,תנובה בשר,,,"י""ח",350,ל  גרם,false,1,14.90,4.26,false,1,
3072965,true,קבנוס חריף מעושן 120ג,תנובה בשר,,,"י""ח",120,ל  גרם,false,1,12.90,10.75,false,1,
3072972,true,קבנוס בתיבול שום 120ג,תנובה בשר,,,"י""ח",120,ל  גרם,false,1,12.90,10.75,false,1,
3102136,true,צמר גפן רפואי,אינטרסן (1996) בעמ,,,"י""ח",1,,false,1,4.50,4.50,false,1,
3105807,true,בלוז שקיל שטראוס .,שטראוס גרופ ***בעמ,,,"ק""ג",1,"ק""ג",true,1,69.90,69.90,true,1,
3140237,true,"סילאן לחיץ 360ג כשל""פ",ליימן שליסל,,,"י""ח",360,ל  גרם,false,1,11.90,3.31,false,1,
3141159,true,יוגטה מרשמלו 180ג,ליימן שליסל,,,"י""ח",180,ל  גרם,false,1,8.90,4.94,true,1,
3142361,true,הוטפופ מתוק מלוח 5שקיות,ליימן שליסל,,,"י""ח",600,ל  גרם,false,1,16.90,2.82,true,1,
3143139,true,סילאן קליית גת 900גרם,ליימן שליסל,,,"י""ח",900,ל  גרם,false,1,14.90,1.66,true,1,
3143146,true,"ממרח תמרים קליית גת 450גרם כשל""פ",ליימן שליסל,,,"י""ח",450,ל  גרם,false,1,6.90,1.53,false,1,
3143276,true,יוגטה מרשמלו מגולגל 180ג,ליימן שליסל,,,"י""ח",180,ל  גרם,false,1,8.90,4.94,true,1,
3143337,true,"סילאן קליית גת 360גרם צנצנת  כשל""פ",ליימן שליסל,,,"י""ח",360,ל  גרם,false,1,15.90,4.42,true,1,
3144310,true,תערובת אגוזים וחמוציות 150ג,ליימן שליסל,,,"י""ח",150,ל  גרם,false,1,16.90,11.27,false,1,
3144419,true,סילאן קליית גת 710גר טבעי,ליימן שליסל,,,"י""ח",710,ל  גרם,false,1,21.90,3.08,true,1,
3144679,true,הוטפופ 5(בדלי) שקיות עם מלח,ליימן שליסל,,,"י""ח",500,ל  גרם,false,1,16.90,3.38,true,1,
3189045,true,הולנדי כפיר-א. חלב נוכרי,גבינות הכפר בעמ,,,"ק""ג",1,,true,1,37.90,37.90,false,1,
3189199,true,צהובה חריפה במשקל-א.חלב נוכרי,גבינות הכפר בעמ,,,"ק""ג",1,,true,1,33.90,33.90,false,1,
3189274,true,צהובה מעושן חלב נוכרי במשקל,גבינות הכפר בעמ,,,"ק""ג",1,"י""ח",true,1,39.90,39.90,false,1,
3189380,true,צהובה שום שמיר במשקל חלב נוכרי,גבינות הכפר בעמ,,,"ק""ג",1,,true,1,35.90,35.90,false,1,
3208593,true,מרטיני אקסטרא דריי,מ.אקרמן בעמ,,,"י""ח",7.50,ליטר,false,1,59.90,7.95,true,1,
3229123,true,פסטרמה על גחלים,תנובה בשר,,,"י""ח",400,ל  גרם,false,1,25.90,6.48,true,1,
3229154,true,סלמי קוניאק מובחר,תנובה בשר,,,"י""ח",300,ל  גרם,false,1,32.40,10.80,false,1,
3268252,true,לחם חיטה מלא 750 לילדים,דגנית עין בר ~~~,,,"י""ח",750,ל  גרם,false,1,13.90,1.85,false,1,
3268429,true,לחם ירוק 750גר,דגנית עין בר ~~~,,,"י""ח",750,ל  גרם,false,1,14.90,1.99,false,1,
3287956,true,פילה לברק יפני 5-7 וואקום בלדי.,בלדי בעמ,,,"ק""ג",1,"ק""ג",true,1,49.90,49.90,false,1,
3312251,true,שמרים במשקל  פרווה{שקיל},מאפיית הראשונים מ.ל. בעמ,,,"ק""ג",1,"י""ח",true,1,39.90,39.90,false,1,
3312252,true,שמרים במשקל  חלבי{שקיל},מאפיית הראשונים מ.ל. בעמ,,,"ק""ג",1,"י""ח",true,1,39.90,39.90,false,1,
3312398,true,"מאפה במשקל כשל""פ",מאפיית הראשונים מ.ל. בעמ,,,"ק""ג",1,"י""ח",true,1,75,75,false,1,
3329502,true,צלי כתף מס 5 חלק ג.חול פרגוואי.,נטו מלינדה סחר בעמ,,,"ק""ג",1,"ק""ג",true,1,59.90,59.90,true,1,
3414406,true,שוקולד צ יפס  283גר ריזס..,ליימן שליסל,,,"י""ח",283,ל  גרם,false,1,14.90,5.27,true,1,
3423909,true,חטיף שוקולד לבן קוקיז אנד קרים 43,ליימן שליסל,,,"י""ח",43,ל  גרם,false,1,4.90,11.40,false,1,
3444009,true,חטיף שוקולד לבן ריזס 42גר,ליימן שליסל,,,"י""ח",43,ל  גרם,false,1,3.90,9.07,false,1,
3461110,true,שום כתוש..,בידאני נתן,,,"ק""ג",1,,true,1,29.90,29.90,false,1,
3514007,true,שקדי מרק 400 גר`MANA,ש.שסטוביץ בעמ,,,"י""ח",400,ל  גרם,false,1,8.90,2.23,true,1,
3578085,true,גבינת מוצרלה %21שומן למעדניות,ג.וילי פוד אינטרנשיונל בעמ,,,"ק""ג",1,,true,1,69,69,false,1,
3578412,true,לפתן  אפרסק וויליפוד,ג.וילי פוד אינטרנשיונל בעמ,,,"י""ח",825,ל  גרם,false,1,9.90,1.20,false,1,
3579706,true,ורד הצלע קפוא  חלק{סטייק} בלדי,בלדי בעמ,,,"ק""ג",1,"ק""ג",true,1,79.90,79.90,false,1,
3648207,true,מטיאס שקיל,סלטי שמיר2006בעמ,,,"ק""ג",1,"ק""ג",true,1,55,55,false,1,
3648214,true,הרינג כבוש שקיל,בידאני נתן,,,"ק""ג",1,"ק""ג",true,1,49.90,49.90,false,1,
3648221,true,מקרל בשמן שקיל,בידאני נתן,,,"ק""ג",1,"ק""ג",true,1,129,129,false,1,
3718627,true,פול ירוק  ארוז 400ג,בלדי בעמ,,,"י""ח",400,ל  גרם,false,1,9.90,2.48,false,1,
3726592,true,טופו ויילר 300גר טעם פסטו,שטראוס גרופ ***בעמ,,,"י""ח",300,ל  גרם,false,1,11.90,3.97,true,1,
3726615,true,טופו ויילר 300גר,שטראוס גרופ ***בעמ,,,"י""ח",300,ל  גרם,false,1,11.90,3.97,true,1,
3726622,true,טופו פיקנטי 300גר טעם טבעי.,שטראוס גרופ ***בעמ,,,"י""ח",300,ל  גרם,false,1,12.90,4.30,true,1,
3726875,true,טופו חומוס בתוספת פסטו 300גר טעם טבעי.,שטראוס גרופ ***בעמ,,,"י""ח",300,ל  גרם,false,1,13.90,4.63,true,1,
3976294,true,"תרסיס די תיקן פורטה 630מ""ל טאצ`.",סאסאטק אגשח בעמ,,,"י""ח",630,"ל  מ""ל",false,1,13.90,2.21,false,1,
3976577,true,"מטהר אוויר פרדיסו 250מ""ל טאץ",סאסאטק אגשח בעמ,,,"י""ח",250,"ל  מ""ל",false,1,12.90,5.16,false,1,
3976591,true,"מטהר אוויר  לוטוס  250מ""ל טאץ",סאסאטק אגשח בעמ,,,"י""ח",250,"ל  מ""ל",false,1,12.90,5.16,false,1,
3976614,true,אקונומיקה סמיכה 4 ל` טאצ`פרחים,סאסאטק אגשח בעמ,,,"י""ח",4,ליטר,false,1,12.90,3.23,true,1,
3976966,true,מרסס לניקוי כללי בתוספת חומץ 1ליטר טאצ,סאסאטק אגשח בעמ,,,"י""ח",1,ליטר,false,1,12.90,12.90,false,1,
3996445,true,עלי פאקצ`וי כפר טרי,יעל ירק עלים לשיווק בעמ,,,"י""ח",1,,false,1,13.90,13.90,false,1,
3996568,true,חסה לאליק כפר טרי,יעל ירק עלים לשיווק בעמ,,,"י""ח",1,,false,1,13.90,13.90,false,1,
4011284,true,"בסיס להכנת קצפת 212מ""ל",נטו מלינדה סחר בעמ,,,"י""ח",212,"ל  מ""ל",false,1,9.90,4.67,true,1,
4011291,true,"בסיס להכנת קצפת 425מ""ל",נטו מלינדה סחר בעמ,,,"י""ח",425,"ל  מ""ל",false,1,12.90,3.04,false,1,
4011338,true,"קצפת 250מ""ל",נטו מלינדה סחר בעמ,,,"י""ח",250,"ל  מ""ל",false,1,9.90,3.96,false,1,
4011345,true,"קצפת  ריצ`פרווה במיכל 250 מ""ל",נטו מלינדה סחר בעמ,,,"י""ח",250,"ל  מ""ל",false,1,9.90,3.96,false,1,
4011352,true,"בסיס להכנת קצפת 212מ""ל מארז 3יח",נטו מלינדה סחר בעמ,,,"י""ח",3,"י""ח",false,1,21.90,7.30,false,1,
4011796,true,קבבונים אל גאוצ`ו 400גר`,נטו מלינדה סחר בעמ,,,"י""ח",400,ל  גרם,false,1,24.90,6.23,true,1,
4011826,true,מיני המבורגר ריב אנטריקוט 320גרם,נטו מלינדה סחר בעמ,,,"י""ח",320,ל  גרם,false,1,23.90,7.47,true,1,
4014407,true,סוכריות   M M   שוקו,מרס ריגלי ישראל בעמ,,,"י""ח",1,,false,1,4.90,4.90,true,1,
4030223,true,מיץ תפוח  1 ליטר סחוט 100%,תנובה בעמ ***,,,"י""ח",1,ליטר,false,1,20.50,20.50,true,1,
4030445,true,מיץ תפוזים 1 ליטר,תנובה בעמ ***,,,"י""ח",1,ליטר,false,1,14.90,14.90,false,1,
4030544,true,מיץ לימונענע 1 ליטר,תנובה בעמ ***,,,"י""ח",1,ליטר,false,1,15.60,15.60,true,1,
4030728,true,"מיץ לימון 100%  250 מ""ל מחנה יהודה",פריניב סחר והפצה בעמ,,,"י""ח",250,"ל  מ""ל",false,1,7.90,3.16,true,1,
4030834,true,מיץ רימונים 1 ליטר,תנובה בעמ ***,,,"י""ח",1,ליטר,false,1,25.50,25.50,false,1,
4043108,true,MNM שוקו   80ג.,מרס ריגלי ישראל בעמ,,,"י""ח",80,ל  גרם,false,1,7.90,9.88,false,1,
4048525,true,פילה אמנון דלידג,נטו מלינדה סחר בעמ,,,"ק""ג",200,ל  גרם,true,1,27.90,13.95,false,1,
4063016,true,"מלח שולחן 1 ק""ג*",סוגת תעשיות בעמ,,,"י""ח",1,"ק""ג",false,1,1.70,1.70,false,1,
4064082,true,מטחנה מלח ים טבעי,סוגת תעשיות בעמ,,,"י""ח",400,ל  גרם,false,1,12.90,3.23,false,1,
4064105,true,מטחנה מלח עשבי תיבול,סוגת תעשיות בעמ,,,"י""ח",400,ל  גרם,false,1,12.90,3.23,false,1,
4064174,true,"מלח דק 1 ק""ג צנצנת ההימלאיה",סוגת תעשיות בעמ,,,"י""ח",1,"ק""ג",false,1,17.90,17.90,false,1,
4064181,true,"מלח גס 1 ק""ג צנצנת ההימלאיה",סוגת תעשיות בעמ,,,"י""ח",1,"ק""ג",false,1,17.90,17.90,false,1,
4064198,true,מטחנה מלח אקסטרא תבלינים ספייסי,סוגת תעשיות בעמ,,,"י""ח",175,ל  גרם,false,1,12.90,7.37,false,1,
4064297,true,"מלח מאושר ביוד צנצנת 1ק""ג",סוגת תעשיות בעמ,,,"י""ח",1,"ק""ג",false,1,8.90,8.90,false,1,
4064310,true,מלח פלוס בצל מלחייה 175ג,סוגת תעשיות בעמ,,,"י""ח",175,ל  גרם,false,1,9.90,5.66,false,1,
4064372,true,מטחנה מלח אקסטרא תבלינים איטלקי 105גר,סוגת תעשיות בעמ,,,"י""ח",175,ל  גרם,false,1,12.90,7.37,false,1,
4068011,true,יוגורט כבשים 600גר,מחלבות גד,,,"י""ח",600,ל  גרם,false,1,19.30,3.22,false,1,
4068028,true,"יוגורט ציזיקי 500מ""ל",מחלבות גד,,,"י""ח",500,"ל  מ""ל",false,1,9.10,1.82,false,1,
4068172,true,יוגורט עזים דלי 600ג 5%,מחלבות גד,,,"י""ח",600,ל  גרם,false,1,19.10,3.18,false,1,
4068332,true,קממבר בקר משולשים גד שקיל 25%,מחלבות גד,,,"ק""ג",1,,true,1,111,111,false,1,
4068424,true,גאודה גלגל  משולש שקיל גד,מחלבות גד,,,"ק""ג",1,,true,1,109.90,109.90,false,1,
4068585,true,גאודה עיזים משולשים שקיל גד,מחלבות גד,,,"ק""ג",1,,true,1,139,139,false,1,
4122607,true,עמק לייט חריץ 9% שקיל,תנובה בעמ ***,,,"ק""ג",1000,ל  גרם,true,1,74,7.40,false,1,
4129903,true,.גבינת שמנת  שקילה 30% תנובה.,תנובה בעמ ***,,,"ק""ג",1,"י""ח",true,1,39,39,false,1,
4135324,true,בולגרית מעודנת,תנובה בעמ ***,,,"ק""ג",1,"ק""ג",true,1,43,43,false,1,
4136833,true,פיראוס בולגרית 16% שקיל.,תנובה בעמ ***,,,"ק""ג",1,,true,1,58,58,false,1,
4194239,true,חזה עוף ארוז מחפוד  קפוא~,עוף ירושלים שיווק בעמ,,,"ק""ג",1,"ק""ג",true,1,31.90,31.90,false,1,
4194260,true,שוקיים עוף ארוז מחפוד קפוא,עוף ירושלים שיווק בעמ,,,"ק""ג",1,"ק""ג",true,1,31.90,31.90,false,1,
4194345,true,שניצל עוף פרוס ארוז מחפוד  קפוא~,עוף ירושלים שיווק בעמ,,,"ק""ג",1,"ק""ג",true,1,32.90,32.90,false,1,
4225285,true,דנאבלו 100גר נטו,נטו מלינדה סחר בעמ,,,"י""ח",100,ל  גרם,false,1,12.10,12.10,false,1,
4228804,true,עלי בצק למילוי סיגרים 450 ג`,נטו מלינדה סחר בעמ,,,"י""ח",450,ל  גרם,false,1,13.90,3.09,true,1,
4230326,true,מקלות פילו עץ וקינמון שגב 600 גרם.,נטו מלינדה סחר בעמ,,,"י""ח",600,ל  גרם,false,1,19.90,3.32,true,1,
4230333,true,"מקלות בורקס פילו תפו""א",נטו מלינדה סחר בעמ,,,"י""ח",700,ל  גרם,false,1,21.90,3.13,true,1,
4230357,true,מקלות בורקס פילו גבינה ובטטה,נטו מלינדה סחר בעמ,,,"י""ח",700,ל  גרם,false,1,21.90,3.13,true,1,
4230371,true,מקלות בורקס פילו פיצה  600 גרם,נטו מלינדה סחר בעמ,,,"י""ח",600,ל  גרם,false,1,21.90,3.65,true,1,
4230944,true,מקלות בורקס פילו גבינה  600 גרם,נטו מלינדה סחר בעמ,,,"י""ח",600,ל  גרם,false,1,21.90,3.65,true,1,
4263799,true,צלי כתף מספר 5 חלק עטרה במשקל,נטו מלינדה סחר בעמ,,,"ק""ג",1,"ק""ג",true,1,84.90,84.90,false,1,
4267216,true,עוגיות ממולאות ריבה 200  ג`ברמן,ח.כהן סוכנות מזון ומשקאות בע,,,"י""ח",200,ל  גרם,false,1,5.90,2.95,false,1,
4456566,true,צלעות  מס `2 אשפר  פרגוואי,בלדי בעמ,,,"ק""ג",1,,true,1,41.90,41.90,false,1,
4494049,true,פומה סוביניון בלאן-דלתון,הכרם משקאות חריפים בעמ,,,"י""ח",750,"ל  מ""ל",false,1,50.90,6.75,false,1,
4649159,true,צלי כתף 5  מוכשר=,נטו מלינדה סחר בעמ,,,"ק""ג",1,,true,1,59.90,59.90,false,1,
4861025,true,בולגרית מסורתית שקיל 5% המושבה,מחלבות המושבה בעמ,,,"ק""ג",10,"ק""ג",true,1,49.90,4.99,false,1,
4861056,true,צפתית טבעי המושבה שקילה 5%.,מחלבות המושבה בעמ,,,"ק""ג",1000,ל  גרם,true,1,49,4.90,false,1,
4861278,true,גבינת שמנת טבעי/שום שמיר 30%  המושבה,מחלבות המושבה בעמ,,,"ק""ג",1,,true,1,39.90,39.90,false,1,
4861285,true,טבורוג המושבה שקילה 5%,מחלבות המושבה בעמ,,,"ק""ג",1,"ק""ג",true,1,29.90,29.90,false,1,
4869779,true,סופגניה אנג`ל,שלמה א.אנג ל בעמ,,,"י""ח",1,,false,1,4.90,4.90,false,1,
4982393,true,ברס בלו-א.חלב נוכרי,א. סיימן סחר בעמ,,,"ק""ג",1,"ק""ג",true,1,180,180,true,1,
5079290,true,חריץ גבינה נעם 15% שקיל,*החברה המרכזית להפצת משקאותבעמ,,,"ק""ג",1,,true,1,66.90,66.90,false,1,
5079344,true,מוצרלה נעם שקיל,*החברה המרכזית להפצת משקאותבעמ,,,"ק""ג",1,,true,1,79.90,79.90,false,1,
5079412,true,אמנטל נעם חריץ מעדניה.,*החברה המרכזית להפצת משקאותבעמ,,,"ק""ג",200,ל  גרם,true,1,59.90,29.95,false,1,
5100614,true,עוגיות מרוקאיות ללא סוכר,ג נרל מילס ישראל בעמ,,,"ק""ג",1,,true,1,33.90,33.90,false,1,
5113222,true,מיקס זיתים 2 A יבנה,קבוצת יבנה מוצרי מזון בעמ,,,"י""ח",1,,false,1,9.80,9.80,true,1,
5271410,true,ביצים גליקסמן 12  יח*`L,גליקסמן שיווק ביצים 1994 בעמ,,,"י""ח",12,"י""ח",false,1,11.30,0.94,false,1,
5271427,true,ביצים גליקסמן 12  יח *`M.,גליקסמן שיווק ביצים 1994 בעמ,,,"י""ח",12,"י""ח",false,1,10.40,0.87,false,1,
5326523,true,אוליביה פסטו פטרוזיליה ונענע 180גר,תה ויסוצקי (ישראל)בעמ,,,"י""ח",180,ל  גרם,false,1,13.90,7.72,true,1,
5358548,true,בשר  מס `5חלק.,נטו מלינדה סחר בעמ,,,"ק""ג",1,,true,1,59.90,59.90,false,1,
5358852,true,צלי כתף 5 חלק.,נטו מלינדה סחר בעמ,,,"ק""ג",1,,true,1,59.90,59.90,false,1,
5358883,true,שריר בשר  מס `8   חלק.,נטו מלינדה סחר בעמ,,,"ק""ג",1,,true,1,32.90,32.90,false,1,
5384899,true,בסגנון פטה ים תיכונית 19%שומן שקיל,ג.וילי פוד אינטרנשיונל בעמ,,,"ק""ג",1,,true,1,22.90,22.90,true,1,
5424755,true,מטליות לחות לריצפה ריצפז פלוס 10 יחידו,החב הדרומית לשיווק,,,"י""ח",10,"י""ח",false,1,14.90,1.49,false,1,
5425110,true,תרסיס חיטוי משטחים 99.9% סנו,החב הדרומית לשיווק,,,"י""ח",750,"ל  מ""ל",false,1,15.90,2.12,false,1,
5425127,true,תרסיס חיטוי ניקוי יסודי  99.9% סנו,החב הדרומית לשיווק,,,"י""ח",750,"ל  מ""ל",false,1,15.90,2.12,false,1,
5431883,true,מלבי חלבי 165ג. תנובה,תנובה בעמ ***,,,"י""ח",165,"ל  מ""ל",false,1,6.90,4.18,false,1,
5431913,true,עוגת גבינה פירורים 92ג(. תנובה),תנובה בעמ ***,,,"י""ח",92,"ל  מ""ל",false,1,6.90,7.50,false,1,
5431968,true,מלבי שמנת 150ג,תנובה בעמ ***,,,"י""ח",150,"ל  מ""ל",false,1,7.60,5.07,false,1,
5500978,true,מסיר לק ריחני,פנינה רוזנבלום בעמ,,,"י""ח",295,"ל  מ""ל",false,1,9.90,3.36,false,1,
5555502,true,אריזת פקדון 30 אגורות,שונות /שרות,,,"י""ח",1,,false,1,0.30,0.30,false,1,
5559907,true,פיצה משפחתית גבינה 500 ג מעדנות,תנובה בשר,,,"י""ח",500,ל  גרם,false,1,25.50,5.10,true,1,
5559990,true,בצק פילאס טורקי,תנובה בשר,,,"י""ח",600,ל  גרם,false,1,22.90,3.82,false,1,
5678202,true,ענבים אדומים,ביכורי השדה צפון 1994 ג.ד. בעמ,,,"ק""ג",1,,true,1,19.90,19.90,false,1,
5678585,true,ענב סקרלוטה אדום מארז,ביכורי השדה צפון 1994 ג.ד. בעמ,,,"ק""ג",1,,true,1,16.90,16.90,false,1,
5678608,true,ענבים אדומים טלי,ביכורי השדה צפון 1994 ג.ד. בעמ,,,"ק""ג",1,,true,1,16.90,16.90,false,1,
5678806,true,ענב אדום ארוז.,ביכורי השדה צפון 1994 ג.ד. בעמ,,,"ק""ג",1,,true,1,22.90,22.90,false,1,
5778711,true,מעטפות מכתב,צבע ומכחול (2014) בעמ,,,"י""ח",1,,false,1,5.90,5.90,false,1,
5966033,true,"יין הר חרמון לבן 750 מ""ל",היכל היין שקד גולן בעמ,,,"י""ח",750,"ל  מ""ל",false,1,35.90,4.75,true,1,
5992858,true,פטה עיזים  גד שקיל,מחלבות גד,,,"ק""ג",300,ל  גרם,true,1,119,39.67,false,1,
5992872,true,צפתית 5% במים}גד {.,מחלבות גד,,,"ק""ג",1,,true,1,57.90,57.90,false,1,
5992909,true,גבינת שמנת  %30ירקות.,מחלבות גד,,,"ק""ג",1,,true,1,43.90,43.90,false,1,
5992926,true,גבינה שמיר 5%,מחלבות גד,,,"ק""ג",1,,true,1,28.90,28.90,false,1,
5996009,true,סלמי גליל מעושן 40ג.,מעדני יחיעם 1993 בעמ,,,"י""ח",40,ל  גרם,false,1,19.90,49.75,false,1,
5996054,true,סרוולט הונגרי  שקיל,מעדני יחיעם 1993 בעמ,,,"ק""ג",1,,true,1,179.90,179.90,false,1,
5996221,true,פסטרמה של פעם  דק דק 120ג,מעדני יחיעם 1993 בעמ,,,"י""ח",120,ל  גרם,false,1,13.90,11.58,true,1,
5996238,true,פסטרמה בדבש דק דק 120ג,מעדני יחיעם 1993 בעמ,,,"י""ח",120,ל  גרם,false,1,14.90,12.42,true,1,
5996740,true,סלמי פפרוני 300ג,מעדני יחיעם 1993 בעמ,,,"י""ח",300,ל  גרם,false,1,24.90,8.30,true,1,
6271174,true,ג חנון  בצק}מעדנות 700 ג,תנובה בשר,,,"י""ח",700,ל  גרם,false,1,18.90,2.70,false,1,
6306296,true,רביולי גבינה לילדים 400ג,מחלבות גד,,,"י""ח",400,ל  גרם,false,1,19.90,4.98,false,1,
6421511,true,"פריגת לימונענע  280מ""ל  קפוא",*החברה המרכזית להפצת משקאותבעמ,,,"י""ח",280,ל  גרם,false,1,10.90,3.89,false,1,
6439451,true,"אורז בסגנון בסמטי""גולד מוזהב   ""5ק""ג",בני ג ורג שוקחה (חיפה) בעמ,,,"י""ח",5,"ק""ג",false,1,39.90,7.98,false,1,
6496294,true,"רכז רימונים 350מ""ל",ציון תורגמן בעמ,,,"י""ח",350,"ל  מ""ל",false,1,11.90,3.40,false,1,
6511010,true,פרמזנו(שקיל),ג.וילי פוד אינטרנשיונל בעמ,,,"ק""ג",200,ל  גרם,true,1,86.90,43.45,false,1,
6511706,true,גבינת גאודה עם כמון שקיל,ג.וילי פוד אינטרנשיונל בעמ,,,"ק""ג",1,"ק""ג",true,1,110,110,true,1,
6511904,true,כדורי גבינת אדם למעדניה,ג.וילי פוד אינטרנשיונל בעמ,,,"ק""ג",1,"ק""ג",true,1,65.90,65.90,false,1,
6582539,true,חמוציות 250ג,דין שיווק וקליה 2021 בעמ,,,"י""ח",250,ל  גרם,false,1,11.90,4.76,false,1,
6632111,true,ביצי דג קפוא ארוז,דגי מהדרין בעמ,,,"י""ח",250,ל  גרם,false,1,26.90,10.76,true,1,
6640031,true,דבק דו צדדי,צבע ומכחול (2014) בעמ,,,"י""ח",1,,false,1,5.50,5.50,false,1,
6681003,true,קרמיסימו 1.33 ל  סורבט,גלידות שטראוס בעמ,,,"י""ח",1,,false,1,18.90,18.90,false,1,
6696595,true,מסורת,יקבי טפרברג 1870 בעמ,,,"י""ח",1,ליטר,false,1,21.90,21.90,false,1,
6739124,true,בצק פילאס 500גר זוגלובק,זוגלובק שיווק בעמ,,,"י""ח",500,ל  גרם,false,1,17.90,3.58,true,1,
6739131,true,בצק פילו 500גר זוגלובק,זוגלובק שיווק בעמ,,,"י""ח",500,ל  גרם,false,1,14.90,2.98,true,1,
6739247,true,פסטרמה   איטלקית(שקיל) זוגלובק,זוגלובק שיווק בעמ,,,"ק""ג",1,,true,1,76.90,76.90,false,1,
6739292,true,פסטרמה תבור 330 ג,זוגלובק שיווק בעמ,,,"י""ח",330,ל  גרם,false,1,26.90,8.15,false,1,
6739407,true,שניצל תירס לייט 600גר`,זוגלובק שיווק בעמ,,,"י""ח",600,ל  גרם,false,1,25.90,4.32,true,1,
6739421,true,מעושן איטלקי 300גר`,זוגלובק שיווק בעמ,,,"י""ח",300,ל  גרם,false,1,26.90,8.97,false,1,
6739445,true,שניצל תירס קלאסי  750גר`,זוגלובק שיווק בעמ,,,"י""ח",750,ל  גרם,false,1,26.90,3.59,true,1,
6742278,true,פסטרממיה צלויה על לבנים 330גר`,זוגלובק שיווק בעמ,,,"י""ח",330,ל  גרם,false,1,26.90,8.15,false,1,
6742292,true,פסטרממיה בדבש 330גר`,זוגלובק שיווק בעמ,,,"י""ח",330,ל  גרם,false,1,26.90,8.15,false,1,
6742315,true,חזה הודו ברביקיו 330גר`,זוגלובק שיווק בעמ,,,"י""ח",330,ל  גרם,false,1,26.90,8.15,false,1,
6764065,true,נשר מאלט }500 חוזר{,טמפו משקאות בעמ,,,"י""ח",500,"ל  מ""ל",false,1,5,0.76,true,1,
6764072,true,"גולדסטאר 500  מ""ל}חוזר{",טמפו משקאות בעמ,,,"י""ח",500,"ל  מ""ל",false,1,7.70,1.30,false,1,
6764478,true,נשר מאלט דיאט }330 פקדון{,טמפו משקאות בעמ,,,"י""ח",330,"ל  מ""ל",false,1,4.30,1.21,false,1,
6764485,true,נשר מאלט 330 שישיה,טמפו משקאות בעמ,,,"י""ח",1.98,ליטר,false,1,29.90,14.19,false,1,
6764737,true,נשר מאלט 500  דיאט}חוזר{,טמפו משקאות בעמ,,,"י""ח",500,"ל  מ""ל",false,1,5,0.76,true,1,
6775900,true,עוגיות מרוקאיות 500גרם אחוה,אחדות בעמ,,,"י""ח",450,ל  גרם,false,1,10.90,2.42,false,1,
6806444,true,בייגל אמריקאי,לפ לפ פילסברי,,,"י""ח",1,,false,1,4.50,4.50,false,1,
6941039,true,מזלגות חד פעמי 100 יחידות שווה,ח.כהן סוכנות מזון ומשקאות בע,,,"י""ח",1,,false,1,9.90,9.90,false,1,
6941466,true,שמן קנולה 1 ליטר שווה,ח.כהן סוכנויות מזון ומשקאות***,,,"י""ח",1,ליטר,false,1,9.90,9.90,false,1,
8000796,true,סופרמן משחת שיניים לילדים,גורי ע.ע.ע. בעמ,,,"י""ח",1,,false,1,10.90,10.90,false,1,
8101318,true,קריספי פירורי לחם זהוב 300גר,א.ל.יצור ושיווקתבלינים בעמ,,,"י""ח",300,ל  גרם,false,1,6.90,2.30,true,1,
8104050,true,לקטופיל פמינה 220,גורי ע.ע.ע. בעמ,,,"י""ח",220,"ל  מ""ל",false,1,23.90,10.86,false,1,
8175760,true,גבינת מנצ`יגו(חלב  כבשים)למעדניה,ג.וילי פוד אינטרנשיונל בעמ,,,"ק""ג",1,"ק""ג",true,1,99,99,true,1,
8175777,true,גבינת איבריקו למעדניה,ג.וילי פוד אינטרנשיונל בעמ,,,"ק""ג",1,"ק""ג",true,1,120,120,true,1,
8175906,true,גבינה  עיזים שקיל,ג.וילי פוד אינטרנשיונל בעמ,,,"ק""ג",1,"ק""ג",true,1,125,125,false,1,
8350150,true,בצק פילו מצונן מרודד השף-שגב,נטו מלינדה סחר בעמ,,,"י""ח",350,ל  גרם,false,1,15.90,4.54,false,1,
8350983,true,סטייק עין לתנור קפוא.,נטו מלינדה סחר בעמ,,,"ק""ג",800,ל  גרם,true,1,59.90,7.49,false,1,
8403191,true,קשקבל בשלה שקיל,א. סיימן סחר בעמ,,,"ק""ג",1,,true,1,119,119,false,1,
8403900,true,גאודה עגבניות וזיתים  שקיל,א. סיימן סחר בעמ,,,"ק""ג",1,,true,1,119,119,true,1,
8403917,true,גאודה פסטו ירוק  שקיל,א. סיימן סחר בעמ,,,"ק""ג",1,,true,1,144,144,true,1,
8403924,true,גאודה פסטו אדום  שקיל,א. סיימן סחר בעמ,,,"ק""ג",1,,true,1,144,144,true,1,
8409216,true,.שניצל דק דק פריך 700גר`,תנובה בשר,,,"י""ח",700,ל  גרם,false,1,36.90,5.27,false,1,
8409315,true,מיני מיני שניצלונים בציפוי פריך 500ג,תנובה בשר,,,"י""ח",1,,false,1,29.90,29.90,false,1,
8458030,true,לב עוף מצונן טרי ארוז,ח.י. מעדני גורמה בעמ,,,"ק""ג",1,,true,1,34.90,34.90,false,1,
8461047,true,גבינה ברי לרוסטיק,א. סיימן סחר בעמ,,,"ק""ג",1,,true,1,150,150,true,1,
8464024,true,"גולדסטאר פחית 500 מ""ל לט מסונן",טמפו משקאות בעמ,,,"י""ח",500,"ל  מ""ל",false,1,9,1.74,false,1,
8464222,true,"מכבי  7.9% 500מ""ל פחית",טמפו משקאות בעמ,,,"י""ח",0.50,ליטר,false,1,8,15.40,false,1,
8464611,true,"סודה טמפו 275 מ""ל.",טמפו משקאות בעמ,,,"י""ח",275,"ל  מ""ל",false,1,3.50,1.16,true,1,
8464673,true,"גולדסטאר פחית 500 מ""ל Slowbrew 10%",טמפו משקאות בעמ,,,"י""ח",500,"ל  מ""ל",false,1,8.50,1.64,false,1,
8464703,true,"מכבי שישייה 330מ""ל בקבוק",טמפו משקאות בעמ,,,"י""ח",1.98,ליטר,false,1,35.70,17.12,true,1,
8464741,true,גולדסטאר  330 מייל שישייה.,טמפו משקאות בעמ,,,"י""ח",1980,"ל  מ""ל",false,1,33.90,1.62,true,1,
8464796,true,היינקן   שישיה}בקבוק 330 מייל,טמפו משקאות בעמ,,,"י""ח",1.98,ליטר,false,1,38.90,18.74,true,1,
8493710,true,פירורי גריסיני זהב 200ג,דנשר (1963) בעמ,,,"י""ח",200,ל  גרם,false,1,6.90,3.45,false,1,
8670012,true,"יין רקנאטי קברנה סוביניון 750מ""ל",היכל היין שקד גולן בעמ,,,"י""ח",750,"ל  מ""ל",false,1,54.90,7.28,true,1,
8670029,true,"יין  רקאנטי מרלו 750 מ""ל",היכל היין שקד גולן בעמ,,,"י""ח",750,"ל  מ""ל",false,1,54.90,7.28,true,1,
8670142,true,"יין רקאנטי יסמין אדום 750מ""ל",היכל היין שקד גולן בעמ,,,"י""ח",750,"ל  מ""ל",false,1,36.90,4.88,true,1,
8747547,true,"תפוצ יפס קראנץ טבעי 200ג כשל""פ",שטראוס פריטו ליי בעמ,,,"י""ח",200,ל  גרם,false,1,10.90,5.45,true,1,
8792264,true,מפיות  טאצ `100יח`צבעוני,שניב תעשיות נייר בעמ,,,"י""ח",100,"י""ח",false,1,4.90,0.05,true,1,
8801522,true,K.D קונקורד,אגודת הכורמים,,,"י""ח",750,"ל  מ""ל",false,1,21.90,2.88,true,1,
8801539,true,K.D כרמל 120.,אגודת הכורמים,,,"י""ח",750,"ל  מ""ל",false,1,21.90,2.88,true,1,
8801546,true,K.D מוסקט כרמל 0.75 ל,אגודת הכורמים,,,"י""ח",750,"ל  מ""ל",false,1,21.90,2.88,true,1,
8801843,true,סלקטד קברנה  סובניון 0.75,אגודת הכורמים,,,"י""ח",750,"ל  מ""ל",false,1,29.90,3.95,true,1,
8801850,true,סלקטד ריזלינג 0.75 ל,אגודת הכורמים,,,"י""ח",750,"ל  מ""ל",false,1,29.90,3.95,true,1,
8802291,true,"PC מרלו פ.קולקשיין 750מ""ל",אגודת הכורמים,,,"י""ח",750,"ל  מ""ל",false,1,39.90,5.28,true,1,
8802512,true,VINO אדום כרמל 750,אגודת הכורמים,,,"י""ח",750,"ל  מ""ל",false,1,21,2.76,true,1,
8802529,true,VINO לבן כרמל 0.75 ל,אגודת הכורמים,,,"י""ח",750,"ל  מ""ל",false,1,21,2.76,true,1,
8802895,true,PC קברנה סובניון 0.75 ל,אגודת הכורמים,,,"י""ח",750,"ל  מ""ל",false,1,39.90,5.28,true,1,
8803014,true,"כרמל הוק 750 מ""ל",אגודת הכורמים,,,"י""ח",750,"ל  מ""ל",false,1,21.90,2.88,true,1,
8803021,true,יין אדום עתיק 750,אגודת הכורמים,,,"י""ח",750,"ל  מ""ל",false,1,23,3.03,true,1,
8804189,true,"הסדרה אזורית  קברנה סובניון 750מ""ל",אגודת הכורמים,,,"י""ח",750,"ל  מ""ל",false,1,59.90,7.95,true,1,
8804332,true,"PC  שיראז 750מ""ל",אגודת הכורמים,,,"י""ח",750,"ל  מ""ל",false,1,39.90,5.28,true,1,
8805049,true,סלקטד רוזה  0.75 ל,אגודת הכורמים,,,"י""ח",750,"ל  מ""ל",false,1,29.90,3.95,true,1,
8805384,true,".יין מוסקטו   סלקטד 750מ""ל",אגודת הכורמים,,,"י""ח",750,"ל  מ""ל",false,1,29.90,3.95,true,1,
8805964,true,הסדרה האזורית קברנה שיראז 750 מייל,אגודת הכורמים,,,"י""ח",750,"ל  מ""ל",false,1,59.90,7.95,true,1,
8836425,true,יין אפרת קל,יקבי טפרברג 1870 בעמ,,,"י""ח",1,ליטר,false,1,19.90,19.90,false,1,
8836494,true,מיץ ענבים תירוש 1 ליטר יבול נוכרי,יקבי טפרברג 1870 בעמ,,,"י""ח",1,ליטר,false,1,16.90,16.90,true,1,
8899505,true,בגט ארוך לבן (אפיה מקומית),ג נרל מילס ישראל בעמ,,,"י""ח",250,ל  גרם,false,1,4.90,1.96,true,1,
8989091,true,פריכיות אורז שלישיה B D,בטר אנד דיפרנט בעמ,,,"י""ח",310,ל  גרם,false,1,12.90,4.16,false,1,
8989695,true,חיטה תפוחה עם דבש 400 גר(שלווה),בטר אנד דיפרנט בעמ,,,"י""ח",400,ל  גרם,false,1,14.90,3.73,false,1,
8989848,true,חמאת בוטנים קרנצ`י,בטר אנד דיפרנט בעמ,,,"י""ח",1,,false,1,13.90,13.90,false,1,
14205017,true,"צלחת   קטנות""שווה""50יח",ח.כהן סוכנות מזון ומשקאות בע,,,"י""ח",30,"י""ח",false,1,10.90,0.36,false,1,
40099132,true,הובה בובה תות 20חפ`,מרס ריגלי ישראל בעמ,,,"י""ח",35,ל  גרם,false,1,3.80,10.86,false,1,
40111216,true,באונטי חטיף שוקולד 57גר,מרס ריגלי ישראל בעמ,,,"י""ח",57,ל  גרם,false,1,4.50,7.89,true,1,
42123866,true,הובה בובה קלאסי,מרס ריגלי ישראל בעמ,,,"י""ח",35,ל  גרם,false,1,3.80,10.86,false,1,
42138105,true,וינסטון  סלימס,גלוברנדס בעמ,,,"י""ח",1,,false,1,32.50,32.50,false,1,
42299363,true,רול און  לגבר,אלפא ב.ד.ף בעמ,,,"י""ח",50,"ל  מ""ל",false,1,13.90,27.80,true,1,
42306788,true,איירוויבז HP מנטה ואוכמניות,מרס ריגלי ישראל בעמ,,,"י""ח",30,ל  גרם,false,1,5.80,19.33,false,1,
50398904,true,"תחליב חמצן 6% 60מ""ל",הנקל סוד בעמ,,,"י""ח",1,,false,1,5.10,5.10,false,1,
54051140,true,אלפרו מעדן סויה וניל 500 ג`,שטראוס גרופ בעמ,,,"י""ח",500,ל  גרם,false,1,18.90,3.78,true,1,
59068907,true,פאל מאל כחול דמי סמילס,גלוברנדס בעמ,,,"י""ח",1,,false,1,25,25,false,1,
59068914,true,פאל מאל סילבר דמי סמילס,גלוברנדס בעמ,,,"י""ח",1,,false,1,25,25,false,1,
72940754,true,"מילקי וניל רובין כשל""פ 135גר",שטראוס גרופ ***בעמ,,,"י""ח",130,"ל  מ""ל",false,1,2.90,2.23,true,1,
72940761,true,"מילקי   שוקו}שטראוס{רובין כשל""פ",שטראוס גרופ ***בעמ,,,"י""ח",130,"ל  מ""ל",false,1,2.90,2.23,true,1,
72940952,true,מילקי פי2 קצפת 111גר,שטראוס גרופ ***בעמ,,,"י""ח",111,ל  גרם,false,1,3.60,3.24,true,1,
72941041,true,מיני מילקי שוקו,שטראוס גרופ ***בעמ,,,"י""ח",130,"ל  מ""ל",false,1,2,1.54,true,1,
72945308,true,שמרים קוביות 50,שטראוס גרופ ***בעמ,,,"י""ח",50,ל  גרם,false,1,3.60,7.20,true,1,
72961506,true,"פרילי תות 125 מ""ל",תנובה בעמ ***,,,"י""ח",125,"ל  מ""ל",false,1,3.50,2.80,false,1,
72961544,true,באדי תות,תנובה בעמ ***,,,"י""ח",125,"ל  מ""ל",false,1,3,2.40,false,1,
72964132,true,טבעגורט,תנובה בעמ ***,,,"י""ח",200,"ל  מ""ל",false,1,5.20,2.60,false,1,
72983997,true,גולף ארוך חדש,דובק בעמ,,,"י""ח",1,,false,1,30.50,30.50,false,1,
72986370,true,גלידה פיינטים וניל,מוצרי איכות אמריקאיים בעמ,,,"י""ח",500,"ל  מ""ל",false,1,19.90,3.98,true,1,
72986424,true,גלידה פיינטים קרם עוגיות,מוצרי איכות אמריקאיים בעמ,,,"י""ח",750,"ל  מ""ל",false,1,19.90,2.65,true,1,
72986448,true,גלידה פיינטים טופי קראנץ,מוצרי איכות אמריקאיים בעמ,,,"י""ח",750,"ל  מ""ל",false,1,19.90,2.65,true,1,
72986455,true,גלידה פיינטים ניו-יורק סופר,מוצרי איכות אמריקאיים בעמ,,,"י""ח",500,"ל  מ""ל",false,1,19.90,3.98,true,1,
72989425,true,גלידה פיינטים שוקולד בראוניס,מוצרי איכות אמריקאיים בעמ,,,"י""ח",750,"ל  מ""ל",false,1,19.90,2.65,true,1,
72991374,true,טיים בודד,דובק בעמ,,,"י""ח",1,,false,1,29.20,29.20,false,1,
72991886,true,גלידה פיינטים דולציה דה לצ ה,מוצרי איכות אמריקאיים בעמ,,,"י""ח",500,"ל  מ""ל",false,1,19.90,3.98,true,1,
72993637,true,דני שוקולד בודד,שטראוס גרופ ***בעמ,,,"י""ח",125,"ל  מ""ל",false,1,2.60,2.08,true,1,
72994061,true,פסק זמן GOOD 2,שטראוס גרופ בעמ,,,"י""ח",40,ל  גרם,false,1,4.90,12.25,true,1,
76136184,true,פאל מל סלים בודד,גלוברנדס בעמ,,,"י""ח",1,,false,1,29.50,29.50,false,1,
80042556,true,עגבניות חתוכות 400ג   MUTTI.,רסטרטו יבוא ושיווק בעמ,,,"י""ח",400,ל  גרם,false,1,5.90,1.48,true,1,
80050025,true,טיק טק תפוז,פרימיום - חברה לדברי מתיקה ולמ,,,"י""ח",16,ל  גרם,false,1,3.50,21.88,true,1,
80050124,true,חטיף טיק טק,פרימיום - חברה לדברי מתיקה ולמ,,,"י""ח",16,ל  גרם,false,1,3.50,21.88,true,1,
80050780,true,טיק טק מנטה נענע,פרימיום - חברה לדברי מתיקה ולמ,,,"י""ח",1,,false,1,3.50,3.50,true,1,
80052760,true,קינדר בואנו,פרימיום - חברה לדברי מתיקה ולמ,,,"י""ח",1,,false,1,3.90,3.90,false,1,
80052883,true,טיק טק מנטה חזק,פרימיום - חברה לדברי מתיקה ולמ,,,"י""ח",16,ל  גרם,false,1,3.50,21.88,true,1,
80136194,true,קינדר הפי היפו 1/5 אגוזי לוז,פרימיום - חברה לדברי מתיקה ולמ,,,"י""ח",5,"י""ח",false,1,12.90,2.58,false,1,
80176800,true,נוטלה 750 גרם,פרימיום - חברה לדברי מתיקה ולמ,,,"י""ח",750,ל  גרם,false,1,25.90,3.45,false,1,
80177173,true,נוטלה 350 גרם.,פרימיום - חברה לדברי מתיקה ולמ,,,"י""ח",3.50,"י""ח",false,1,14.90,4.26,false,1,
80177609,true,קינדר 50 גרם,פרימיום - חברה לדברי מתיקה ולמ,,,"י""ח",50,ל  גרם,false,1,4.20,8.40,false,1,
80177616,true,קינדר אצבעות 100 גר,פרימיום - חברה לדברי מתיקה ולמ,,,"י""ח",1,,false,1,8.90,8.90,false,1,
80310167,true,קינדר אצבעות 126 גר,פרימיום - חברה לדברי מתיקה ולמ,,,"י""ח",126,ל  גרם,false,1,9.90,7.86,true,1,
80761761,true,קינדר בואנו לבן בודד,פרימיום - חברה לדברי מתיקה ולמ,,,"י""ח",1,,false,1,3.90,3.90,false,1,
80769545,true,מנטוס טעם לימון בקבוק 60ג,ליימן שליסל,,,"י""ח",60,ל  גרם,false,1,9.90,16.50,true,1,
80773429,true,מנטוס טעם תות בקבוק 60ג,ליימן שליסל,,,"י""ח",60,ל  גרם,false,1,9.90,16.50,true,1,
80773443,true,מנטוס טעם פירות מנטה  בקבוק 60ג,ליימן שליסל,,,"י""ח",60,ל  גרם,false,1,9.90,16.50,true,1,
80776307,true,מנטוס טעם  פירות מנטה   בקבוק 90ג,ליימן שליסל,,,"י""ח",90,ל  גרם,false,1,15.90,17.67,false,1,
80790990,true,מנטוס טעם מנטה  עדין בקבוק 60ג,ליימן שליסל,,,"י""ח",60,ל  גרם,false,1,9.90,16.50,true,1,
80832560,true,סוכריות מנטוס מרעננות ללא סוכר פירות י,ליימן שליסל,,,"י""ח",93,ל  גרם,false,1,6.90,7.42,true,1,
80843184,true,מנטוס טעם ענבים  בקבוק 60ג,ליימן שליסל,,,"י""ח",60,ל  גרם,false,1,9.90,16.50,true,1,
80854753,true,סוכריות מנטה ללא סוכר,ליימן שליסל,,,"י""ח",100,ל  גרם,false,1,6.90,6.90,true,1,
80862260,true,מסטיק מנטוס XL טעם מנטה מתוקה  150ג,ליימן שליסל,,,"י""ח",150,ל  גרם,false,1,16.90,11.27,false,1,
80864295,true,מנטוס בוקס וואיט מנטה עדינה  30 יח`,ליימן שליסל,,,"י""ח",60,ל  גרם,false,1,9.90,16.50,true,1,
80896081,true,מנטוס טעם אבטיח בקבוק 60ג,ליימן שליסל,,,"י""ח",60,ל  גרם,false,1,9.90,16.50,true,1,
80913467,true,מנטוס טעם מנטה בקבוק 60ג,ליימן שליסל,,,"י""ח",60,ל  גרם,false,1,9.90,16.50,true,1,
80929277,true,מסטיק מנטוס XL טעם מנטה עדינה  150ג,ליימן שליסל,,,"י""ח",150,ל  גרם,false,1,16.90,11.27,false,1,
80945468,true,מנטוס בוקס וואיט מנטה מתוקה  30 יח`,ליימן שליסל,,,"י""ח",60,ל  גרם,false,1,9.90,16.50,true,1,
80979128,true,מנטוס טעם דובדבן  בקבוק 60ג,ליימן שליסל,,,"י""ח",60,ל  גרם,false,1,9.90,16.50,true,1,
80982470,true,מנטוס טעם מנטה חזק בקבוק 60ג,ליימן שליסל,,,"י""ח",60,ל  גרם,false,1,9.90,16.50,true,1,
80986348,true,מנטוס בוקס וואיט מנטה  30 יח`,ליימן שליסל,,,"י""ח",60,ל  גרם,false,1,9.90,16.50,true,1,
80995128,true,מנטוס טעם הדרים בתוספת ויטמין D,ליימן שליסל,,,"י""ח",60,ל  גרם,false,1,9.90,16.50,true,1,
87108538,true,מנטוס גלילים תות,ליימן שליסל,,,"י""ח",37,ל  גרם,false,1,3.30,8.92,true,1,
87108651,true,מנטוס מנטה 1\4,ליימן שליסל,,,"י""ח",1,,false,1,11.90,11.90,false,1,
87108712,true,מנטוס פירות 1\4,ליימן שליסל,,,"י""ח",150,ל  גרם,false,1,11.90,7.93,false,1,
90162602,true,"רד בול פחית 250 מ""ל",דיפלומט מפיצים (1968) בעמ**,,,"י""ח",250,"ל  מ""ל",false,1,5.90,2.24,true,1,
90446269,true,"רד בול אבטיח  250מ""ל",דיפלומט מפיצים (1968) בעמ**,,,"י""ח",250,ל  גרם,false,1,6.80,2.60,true,1,
90453427,true,"רד בול פיטאיה פחית 250 מ""ל",דיפלומט מפיצים (1968) בעמ**,,,"י""ח",250,"ל  מ""ל",false,1,6.80,2.60,false,1,
8888888888,true,2011,לפ הוצ בולט תעשיו,,,"י""ח",1,,false,1,20.11,20.11,false,1,
9800800056,true,נוטלה גו 52ג,פרימיום - חברה לדברי מתיקה ולמ,,,"י""ח",52,ל  גרם,false,1,5.90,11.35,true,1,
11210000094,true,"טבסקו חריף 60 מ""ל",ציון תורגמן בעמ,,,"י""ח",60,"ל  מ""ל",false,1,9.90,16.50,true,1,
11210007253,true,טבסקו רוטב  שום,ציון תורגמן בעמ,,,"י""ח",60,"ל  מ""ל",false,1,9.90,16.50,true,1,
11210618503,true,"טבסקו חריף אקסטרא 60 מ""ל",ציון תורגמן בעמ,,,"י""ח",60,"ל  מ""ל",false,1,19.90,33.17,false,1,
16000185517,true,פייבר וואן 555גר.,קבוצת אוסם סחר-שות.מוגבלת,,,"י""ח",460,ל  גרם,false,1,24.90,5.41,true,1,
16000281684,true,נייטשר קראנצ`י פקאן 1/5,ליימן שליסל,,,"י""ח",210,ל  גרם,false,1,19.90,9.48,true,1,
16000423534,true,נייטשר קראנצ`י ש.שועל ושוקולד מריר 1/5,ליימן שליסל,,,"י""ח",210,ל  גרם,false,1,19.90,9.48,true,1,
16000548404,true,נייטשר קראנצ`י שיבולת שועל ודבש 1/5,ליימן שליסל,,,"י""ח",210,ל  גרם,false,1,19.90,9.48,true,1,
16000548503,true,חטיף ניצ`ר ואלי  מייפל בסוכר חום,ליימן שליסל,,,"י""ח",210,ל  גרם,false,1,19.90,9.48,true,1,
16000548602,true,נייטשר קראנצ`י קינמון 1/5,ליימן שליסל,,,"י""ח",210,ל  גרם,false,1,19.90,9.48,true,1,
16000548909,true,נייטשר קראנצ`י בריאות מעורב 1/5,ליימן שליסל,,,"י""ח",210,ל  גרם,false,1,19.90,9.48,true,1,
16229924263,true,"קרם קוקוס 250מ""ל",גורי מוצרי צריכה בעמ,,,"י""ח",250,"ל  מ""ל",false,1,9.90,3.96,false,1,
18000701223,true,תערובת לעוגת  שוק(פילסברי),ליימן שליסל,,,"י""ח",517,ל  גרם,false,1,17.90,3.46,false,1,
18000703494,true,תערובת לעוגות  וניל(פילסברי),ליימן שליסל,,,"י""ח",524,ל  גרם,false,1,17.90,3.42,false,1,
18000703517,true,תערובת לעוגת שיש,ליימן שליסל,,,"י""ח",559,ל  גרם,false,1,17.90,3.20,false,1,
18000766413,true,תערובת לבראוניס,ליימן שליסל,,,"י""ח",609,ל  גרם,false,1,17.90,2.94,false,1,
19548003107,true,בלוק צימקאו לבן 300גר,תה ויסוצקי (ישראל)בעמ,,,"י""ח",300,ל  גרם,false,1,8.90,2.97,false,1,
22200956932,true,##ספיד סטיק ג ל-כחול,ש.שסטוביץ בעמ,,,"י""ח",51,ל  גרם,false,1,19.90,39.02,true,1,
25675301092,true,חמצוצים 4 טעמים טבעי 40גר`,גורי ע.ע.ע. בעמ,,,"י""ח",40,ל  גרם,false,1,4.20,10.50,false,1,
25675301184,true,מקלות חמוצות קולה,גורי ע.ע.ע. בעמ,,,"י""ח",50,ל  גרם,false,1,4.90,9.80,false,1,
25675301207,true,מקלות בטעם תפוחי עץ,גורי ע.ע.ע. בעמ,,,"י""ח",50,ל  גרם,false,1,4.90,9.80,false,1,
30271034077,true,רוטב פיצה 425 גרם דון פפינו,מור ים מרקטינג בעמ,,,"י""ח",425,"ל  מ""ל",false,1,14.90,3.51,false,1,
33383220291,true,אוכמניות,ביכורי השדה צפון 1994 ג.ד. בעמ,,,"י""ח",1,,false,1,15.90,15.90,true,1,
34000148301,true,נטיפי שוקולד מריר לאפייה  340גר הרשי,ליימן שליסל,,,"י""ח",340,ל  גרם,false,1,18.90,5.56,true,1,
34000196173,true,הרשי קוקיס קרים XL,ליימן שליסל,,,"י""ח",47,ל  גרם,false,1,8.90,18.94,false,1,
34000442652,true,ריזס קבלה XL,ליימן שליסל,,,"י""ח",47,ל  גרם,false,1,8.90,18.94,false,1,
35000458476,true,קולגייט מברשת ילדים מארז רביעייה,ש.שסטוביץ בעמ,,,"י""ח",1,,false,1,17.90,17.90,false,1,
37600207188,true,חמאת קלאסי סקיפי,דיפלומט מפיצים (1968) בעמ**,,,"י""ח",462,ל  גרם,false,1,19.90,4.31,false,1,
37600207256,true,חמאת בוטנים סקיפי עם שברי בוטנים 462 ג,דיפלומט מפיצים (1968) בעמ**,,,"י""ח",462,ל  גרם,false,1,19.90,4.31,false,1,
37600297943,true,מטבל סלסה חריפה 300ג CHI CHIS,ליימן שליסל,,,"י""ח",300,"ל  מ""ל",false,1,18.90,6.30,true,1,
38000138638,true,פרינגלס פיצה 161 גר`פלקס,דיפלומט מפיצים (1968) בעמ**,,,"י""ח",161,ל  גרם,false,1,9.90,6.15,true,1,
38000138720,true,פרינגלס ראנץ  158ג,דיפלומט מפיצים (1968) בעמ**,,,"י""ח",161,ל  גרם,false,1,9.90,6.15,true,1,
38000183928,true,פרינגלס חרדל דבש 158ג`,דיפלומט מפיצים (1968) בעמ**,,,"י""ח",158,ל  גרם,false,1,9.90,6.27,true,1,
38000197840,true,פרינגלס גלי בטעם חריף מתוק 137גר,דיפלומט מפיצים (1968) בעמ**,,,"י""ח",149,ל  גרם,false,1,9.90,6.64,true,1,
38000202278,true,פרינגלס גלי בטעם אוריגינל 130 גר`,דיפלומט מפיצים (1968) בעמ**,,,"י""ח",130,ל  גרם,false,1,9.90,7.62,true,1,
38000232152,true,פרינגלס ברביקיו 161 גר`פלקס,דיפלומט מפיצים (1968) בעמ**,,,"י""ח",161,ל  גרם,false,1,9.90,6.15,true,1,
38000232176,true,פרינגלס שמנת בצל 161 גר`פלקס,דיפלומט מפיצים (1968) בעמ**,,,"י""ח",161,ל  גרם,false,1,9.90,6.15,true,1,
38000232183,true,פרינגלס אוריגינל 149 גר`.,דיפלומט מפיצים (1968) בעמ**,,,"י""ח",149,ל  גרם,false,1,9.90,6.64,true,1,
38527591053,true,דגנים מרובעים קי,שטראוס פריטו ליי בעמ,,,"י""ח",375,ל  גרם,false,1,19.90,5.31,true,1,
38527591060,true,דגנים מרובעים,שטראוס פריטו ליי בעמ,,,"י""ח",453,ל  גרם,false,1,19.90,4.39,true,1,
38900779238,true,"מיץ אננס DOLE במארז רביעייה 250מ""ל",בני ג ורג שוקחה (חיפה) בעמ,,,"י""ח",800,"ל  מ""ל",false,1,15.90,1.84,true,1,
38900779245,true,מיץ אננס DOLI 100%,בני ג ורג שוקחה (חיפה) בעמ,,,"י""ח",250,"ל  מ""ל",false,1,3.30,1.20,false,1,
40000512943,true,מ אנ אם שוקולד  272ג,מרס ריגלי ישראל בעמ,,,"י""ח",272,ל  גרם,false,1,19.90,7.32,false,1,
40000513568,true,שוקולד M M אריזה גדולה  156ג,מרס ריגלי ישראל בעמ,,,"י""ח",1560,ל  גרם,false,1,10.90,0.70,false,1,
40000514510,true,סוכריות M M  פינאטס 48 ג,מרס ריגלי ישראל בעמ,,,"י""ח",1,,false,1,4.90,4.90,true,1,
40232885518,true,אוכמניות,ביכורי השדה צפון 1994 ג.ד. בעמ,,,"י""ח",1,,false,1,15.90,15.90,true,1,
42400108153,true,דגני בוקר תותיס פרוטיס  354גר,ר.ב. מוצרי דגנים בעמ,,,"י""ח",354,ל  גרם,false,1,19.90,5.62,false,1,
46214372250,true,.עוגיות שטרודל 225 גרם תפוח מרבה,ש.שסטוביץ בעמ,,,"י""ח",225,ל  גרם,false,1,8.90,3.96,false,1,
46214382259,true,עוגיות בראוניס 225 גרם,ש.שסטוביץ בעמ,,,"י""ח",225,ל  גרם,false,1,8.90,3.96,false,1,
46214731552,true,עוגיות שוקו צ יפ מרבה,ש.שסטוביץ בעמ,,,"י""ח",225,ל  גרם,false,1,8.90,3.96,false,1,
50000015474,true,פריסקיז דגים,קבוצת אוסם סחר-שות.מוגבלת,,,"י""ח",1.42,"ק""ג",false,1,39.10,27.54,false,1,
50000084500,true,פריסקייז מעדני השף,קבוצת אוסם סחר-שות.מוגבלת,,,"י""ח",1.42,"ק""ג",false,1,40.60,28.59,false,1,
50000100347,true,פריסקייז מעדני החתול,קבוצת אוסם סחר-שות.מוגבלת,,,"י""ח",1.40,"ק""ג",false,1,34.90,24.93,false,1,
50000168583,true,"פריסקיז אקסטרא קראנץ 1.43ק""ג.",קבוצת אוסם סחר-שות.מוגבלת,,,"י""ח",1.43,"ק""ג",false,1,40.60,28.39,false,1,
50000225224,true,פריסקיז פריים פילה הודו ברוטב 156גר`,קבוצת אוסם סחר-שות.מוגבלת,,,"י""ח",156,ל  גרם,false,1,7.90,5.06,false,1,
51500000816,true,קונפיטורה דובדבנים  340ג,גורי מוצרי צריכה בעמ,,,"י""ח",340,ל  גרם,false,1,15.90,4.68,false,1,
55369902564,true,"מחית תפ""ע לא ממותק  452גר אפלסנקס",מור ים מרקטינג בעמ,,,"י""ח",452,ל  גרם,false,1,15.90,3.52,false,1,
64144090020,true,~תרסיס שמן זית 141 ג,ליימן שליסל,,,"י""ח",141,"ל  מ""ל",false,1,19.90,14.11,true,1,
64144090051,true,תרסיס שמן פאם קנולה 148 ג,ליימן שליסל,,,"י""ח",148,"ל  מ""ל",false,1,19.90,13.45,true,1,
73490130410,true,מיץ ענבים קונקורד לייט 1.89ל Kedem,טמפו משקאות בעמ,,,"י""ח",1.89,ליטר,false,1,29.90,15.66,false,1,
73490153419,true,מיץ ענבים קונקורד 1.89ל Kedem,טמפו משקאות בעמ,,,"י""ח",1.89,ליטר,false,1,29.90,15.66,false,1,
73490154317,true,מיץ ענבים לבן 1.89ליטר Kedem,טמפו משקאות בעמ,,,"י""ח",1.89,ליטר,false,1,29.90,15.66,false,1,
76840002542,true,גלידה פיינטים נטפליקס צ`ילד,מוצרי איכות אמריקאיים בעמ,,,"י""ח",500,"ל  מ""ל",false,1,19.90,3.98,true,1,
76840100156,true,גלידה פיינטים צרי גרסיה,מוצרי איכות אמריקאיים בעמ,,,"י""ח",750,"ל  מ""ל",false,1,19.90,2.65,true,1,
76840100583,true,גלידה פיינטים בצק עוגיות 473 מל,מוצרי איכות אמריקאיים בעמ,,,"י""ח",750,"ל  מ""ל",false,1,19.90,2.65,true,1,
76840400218,true,"גלידת בן אנד גריס 473מ""לעוגת גבינה עם",מוצרי איכות אמריקאיים בעמ,,,"י""ח",473,"ל  מ""ל",false,1,23.90,5.05,true,1,
77245110610,true,סוכריות מאסט מנטה ללא סוכ,שטראוס גרופ בעמ,,,"י""ח",80,ל  גרם,false,1,8.90,11.13,true,1,
77975036976,true,סלסה מטבל עגבניות חריפות מעודנת,ליימן שליסל,,,"י""ח",354,ל  גרם,false,1,16.90,4.77,false,1,
77975093085,true,סניידרס בייגלה בציפוי שוקולד חלב 141ג,ליימן שליסל,,,"י""ח",141,ל  גרם,false,1,16.90,11.99,true,1,
77975093108,true,סניידרס בייגלה בציפוי שוקולד לבן 141ג,ליימן שליסל,,,"י""ח",141,ל  גרם,false,1,16.90,11.99,true,1,
77975094624,true,סניידרס שברי בייגל חמאת בונים 283גר,ליימן שליסל,,,"י""ח",340,ל  גרם,false,1,15.90,4.68,true,1,
77975094631,true,סנדוויץ בייגל במילוי קרם צ דר 226ג.,ליימן שליסל,,,"י""ח",226,ל  גרם,false,1,15.90,7.04,true,1,
77975094761,true,סניידרס שברי בייגל גבינת צ`דר 340גר,ליימן שליסל,,,"י""ח",340,ל  גרם,false,1,15.90,4.68,true,1,
77975094778,true,"סניידרס שברי בייגל  בצל,חרדל ודבש 340ג",ליימן שליסל,,,"י""ח",340,ל  גרם,false,1,15.90,4.68,true,1,
77975095133,true,סניידרס שברי בייגל   318ג,ליימן שליסל,,,"י""ח",318,ל  גרם,false,1,15.90,5,true,1,
77975095164,true,סניידרס שברי בייגל  פרמזו ושום 318ג,ליימן שליסל,,,"י""ח",318,ל  גרם,false,1,15.90,5,true,1,
80432402931,true,"וויסקי שיבאס רגאל 700מ""ל",טמפו משקאות בעמ,,,"י""ח",700,"ל  מ""ל",false,1,119.90,17.09,true,1,
80518532743,true,שקית בלונים,שמחה זה אנחנו,,,"י""ח",1,,false,1,12,12,false,1,
85696608037,true,טופו רך ללא גלוטן 340גר,מזרח ומערב יבוא ושיווק,,,"י""ח",349,ל  גרם,false,1,12.90,3.70,true,1,
85696608044,true,טופו ללא גלוטן 349גר,מזרח ומערב יבוא ושיווק,,,"י""ח",349,ל  גרם,false,1,12.90,3.70,true,1,
608614310456,true,אוכמניות,ביכורי השדה צפון 1994 ג.ד. בעמ,,,"י""ח",1,,false,1,15.90,15.90,true,1,
608614310463,true,אוכמניות,ביכורי השדה צפון 1994 ג.ד. בעמ,,,"י""ח",1,,false,1,15.90,15.90,true,1,
613008753351,true,"אריזונה רימונים 450מ""ל",טמפו משקאות בעמ,,,"י""ח",450,"ל  מ""ל",false,1,7.40,1.58,true,1,
621683920159,true,פסטה אורז ספגטי,מור ים מרקטינג בעמ,,,"י""ח",397,ל  גרם,false,1,23.90,6.02,false,1,
628154383659,true,דגני בוקר פרוטי פבלס 311גר,ר.ב. מוצרי דגנים בעמ,,,"י""ח",311,ל  גרם,false,1,21.90,7.04,false,1,
634065831295,true,גרביים 39-42 שחור נשים,איי.איקס.אם ישראל בעמ,,,"י""ח",1,,false,1,13.90,13.90,false,1,
634065832940,true,גרביים 23-26 לבן ילדים,איי.איקס.אם ישראל בעמ,,,"י""ח",1,,false,1,13.90,13.90,false,1,
634065835415,true,גרביים 39-42 שחור גברים,איי.איקס.אם ישראל בעמ,,,"י""ח",1,,false,1,13.90,13.90,false,1,
634065835460,true,גרביים 43-46 שחור גברים,איי.איקס.אם ישראל בעמ,,,"י""ח",1,,false,1,13.90,13.90,false,1,
634065837754,true,גרביים 32-36 לבן ילדים,איי.איקס.אם ישראל בעמ,,,"י""ח",1,,false,1,13.90,13.90,false,1,
634065838256,true,גרביים 23-26 שחור ילדים,איי.איקס.אם ישראל בעמ,,,"י""ח",1,,false,1,13.90,13.90,false,1,
634065847258,true,גרביים 27-31 לבן ילדים,איי.איקס.אם ישראל בעמ,,,"י""ח",1,,false,1,13.90,13.90,false,1,
634065847821,true,גרביים 43-46 לבן גברים,איי.איקס.אם ישראל בעמ,,,"י""ח",1,,false,1,13.90,13.90,false,1,
634065849733,true,גרביים 27-31 שחור ילדים,איי.איקס.אם ישראל בעמ,,,"י""ח",1,,false,1,13.90,13.90,false,1,
634065854607,true,גרביים 35-38 שחור נשים,איי.איקס.אם ישראל בעמ,,,"י""ח",1,,false,1,13.90,13.90,false,1,
634065863531,true,גרביים 32-36 שחור ילדים,איי.איקס.אם ישראל בעמ,,,"י""ח",1,,false,1,13.90,13.90,false,1,
634065874773,true,גרביים 39-42 לבן גברים,איי.איקס.אם ישראל בעמ,,,"י""ח",1,,false,1,13.90,13.90,false,1,
634065875046,true,גרביים 35-38 לבן שנים,איי.איקס.אם ישראל בעמ,,,"י""ח",1,,false,1,13.90,13.90,false,1,
634065877156,true,גרביים 39-42 לבן שנים,איי.איקס.אם ישראל בעמ,,,"י""ח",1,,false,1,13.90,13.90,false,1,
651080161510,true,אוראל בי פלוסר קיסם+חוט 3,דנשר (1963) בעמ,,,"י""ח",1,,false,1,10.90,10.90,false,1,
693493034456,true,סרדין בשמן זית,ויצמן פרימיום בעמ,,,"י""ח",125,ל  גרם,false,1,5.90,4.72,false,1,
693493034470,true,פילה מקרל בשמן חמניות,ויצמן פרימיום בעמ,,,"י""ח",125,ל  גרם,false,1,4.90,3.92,false,1,
693493034487,true,פילה סרדין בשמן זית,ויצמן פרימיום בעמ,,,"י""ח",125,ל  גרם,false,1,6.50,5.20,false,1,
693493102575,true,עגבניות שרי קלמרים,ביכורי השדה צפון 1994 ג.ד. בעמ,,,"י""ח",450,ל  גרם,false,1,10.90,2.42,false,1,
693493136358,true,בייבי בטטה,ביכורי השדה צפון 1994 ג.ד. בעמ,,,"י""ח",1,,false,1,8.90,8.90,false,1,
710069006867,true,סנדוויץ עוגיות וניל הדר 150גר,ח.כהן סוכנות מזון ומשקאות בע,,,"י""ח",150,ל  גרם,false,1,3.90,2.60,false,1,
728229123590,true,צי פס אורגינל TERRA,מ.סידס ובנו בעמ,,,"י""ח",110,ל  גרם,false,1,15.90,14.45,true,1,
728229130154,true,חטיף צ`יפס בטטה וסלק 110גר`,מ.סידס ובנו בעמ,,,"י""ח",110,ל  גרם,false,1,15.90,14.45,true,1,
729001494562,true,גביעי גלידה  1/24 גילרו,ח.כהן סוכנות מזון ומשקאות בע,,,"י""ח",1,,false,1,8.90,8.90,false,1,
729002864025,true,נבטי אלפלפא,ביכורי השדה צפון 1994 ג.ד. בעמ,,,"י""ח",1,,false,1,6.90,6.90,false,1,
768404001640,true,גלידה פיינטים קפה,מוצרי איכות אמריקאיים בעמ,,,"י""ח",500,"ל  מ""ל",false,1,19.90,3.98,true,1,
769904000607,true,.שקדי  מרק ברפוד 200גר`,בטר אנד דיפרנט בעמ,,,"י""ח",200,ל  גרם,false,1,12.90,6.45,false,1,
786150000281,true,"לף בראון בקבוק 330מ""ל 1/6",תימקו בירה בעמ,,,"י""ח",330,"ל  מ""ל",false,1,49.90,14.58,true,1,
807250553009,true,בר בצק,צבע ומכחול (2014) בעמ,,,"י""ח",1,,false,1,9.90,9.90,false,1,
807259441888,true,דבק סטיק 3יח,צבע ומכחול (2014) בעמ,,,"י""ח",1,,false,1,7.90,7.90,false,1,
813724023756,true,"ווטקינס וניל אפיה 59מ""ל",מ.סידס ובנו בעמ,,,"י""ח",59,"ל  מ""ל",false,1,29.90,50.68,false,1,
813724025927,true,"ווטקינס וניל ללא אלכוהול 59מ""ל",מ.סידס ובנו בעמ,,,"י""ח",59,"ל  מ""ל",false,1,49.90,84.58,false,1,
813724025934,true,"ווטקינס מחית  וניל 56מ""ל",מ.סידס ובנו בעמ,,,"י""ח",56,"ל  מ""ל",false,1,49.90,89.11,false,1,
835811004189,true,פרורי לחם מוזהבים  800 גרם הנמל,הנמל אריזות ושווק בעמ,,,"י""ח",800,ל  גרם,false,1,13.20,1.65,false,1,
835811004417,true,ריבת חלב 340ג,הנמל אריזות ושווק בעמ,,,"י""ח",340,ל  גרם,false,1,13.90,4.09,false,1,
835811004424,true,חלב מרוכז  340ג,הנמל אריזות ושווק בעמ,,,"י""ח",340,ל  גרם,false,1,13.90,4.09,false,1,
835811007432,true,תבנית משפחתית,הנמל אריזות ושווק בעמ,,,"י""ח",1,,false,1,10.20,10.20,false,1,
850004207789,true,מיטבולס ביונד מיט 290גר,דיפלומט מפיצים (1968) בעמ**,,,"י""ח",290,ל  גרם,false,1,34.90,12.03,false,1,
851621000050,true,"בירה Blanc 1664 5% 330מ""ל שישייה",החברה המרכזית להפצת משקאות בעמ,,,"י""ח",1.98,ליטר,false,1,42.90,20.76,false,1,
852629004774,true,רביעיית נקניקיות ביונד מיט 400גר,דיפלומט מפיצים (1968) בעמ**,,,"י""ח",400,ל  גרם,false,1,39.90,9.98,false,1,
856591000062,true,עבאדי עוגיות מזרחיות מלח  -400,תה ויסוצקי (ישראל)בעמ,,,"י""ח",400,ל  גרם,false,1,17.90,4.48,false,1,
856591000109,true,עבאדי עוגיות מזרחיות פריך במיוחד 400גר,תה ויסוצקי (ישראל)בעמ,,,"י""ח",400,ל  גרם,false,1,17.90,4.48,false,1,
856591000512,true,עוגיות מזרחיות מקלות לניגוב 400גר`,תה ויסוצקי (ישראל)בעמ,,,"י""ח",400,ל  גרם,false,1,17.90,4.48,true,1,
859547004329,true,ספוג ניקוי SCRUB DADDY,ר.ב. מוצרי דגנים בעמ,,,"י""ח",1,,false,1,17.90,17.90,false,1,
884912129512,true,דגני בוקר קוקו פבלס 311 גרם,ר.ב. מוצרי דגנים בעמ,,,"י""ח",1,,false,1,21.90,21.90,false,1,
884912359155,true,דגני בוקר האני באנצ  רוסטד 340ג,ר.ב. מוצרי דגנים בעמ,,,"י""ח",340,ל  גרם,false,1,21.90,6.44,true,1,
884912359162,true,דגני בוקר האני באנצ שקדים  340ג,ר.ב. מוצרי דגנים בעמ,,,"י""ח",340,ל  גרם,false,1,22.90,6.74,true,1,
884912359421,true,האני באנצ  מייפל ופקאן 340ג,ר.ב. מוצרי דגנים בעמ,,,"י""ח",340,ל  גרם,false,1,21.90,6.44,true,1,
884912359483,true,דגני בוקר האני באנצ  תות 340ג,ר.ב. מוצרי דגנים בעמ,,,"י""ח",340,ל  גרם,false,1,21.90,6.44,true,1,
884912365200,true,דגני בוקר אוראו 311גר.,ר.ב. מוצרי דגנים בעמ,,,"י""ח",311,ל  גרם,false,1,23.90,7.68,true,1,
893594002051,true,חטיף פופקורן צ`יפס טעם גבינת צ`דר 28גר,שטראוס פריטו ליי בעמ,,,"י""ח",28,ל  גרם,false,1,5.90,21.07,true,1,
893594002068,true,חטיף פופקורן צ`יפס עם מלח ים 28גר,שטראוס פריטו ליי בעמ,,,"י""ח",28,ל  גרם,false,1,5.90,21.07,true,1,
1230000068314,false,בשר טחון ביונד מיט מארז זוגות 300ג,דיפלומט מפיצים (1968) בעמ**,,,"י""ח",300,ל  גרם,false,1,32.90,10.97,false,1,
2348139024008,false,תחתיות ארטישוק 400 גרם,נטו מלינדה סחר בעמ,,,"י""ח",425,ל  גרם,false,1,11.90,2.80,false,1,
3014260228842,false,"גילט קצף גילוח רגיל 200 מ""ל",דיפלומט מפיצים 1968 בעמ,,,"י""ח",200,"ל  מ""ל",false,1,16.30,8.15,true,1,
3014260240226,false,"גילט קצף גילוח רגיש 200 מ""ל",דיפלומט מפיצים 1968 בעמ,,,"י""ח",200,"ל  מ""ל",false,1,16.30,8.15,true,1,
3014260262693,false,מכשיר ונוס  רב פעמי +2סכינים,דיפלומט מפיצים 1968 בעמ,,,"י""ח",1,,false,1,39.90,39.90,true,1,
3014260287030,false,ג ילט 2 חמישיה,דיפלומט מפיצים 1968 בעמ,,,"י""ח",1,,false,1,6.90,6.90,true,1,
3014260289287,false,גילט בלו 2 חמישיה  לאשה,דיפלומט מפיצים 1968 בעמ,,,"י""ח",1,,false,1,14.90,14.90,true,1,
3046920028004,false,לינדט אקסלנס 70% 100ג,מ.סידס ובנו בעמ,,,"י""ח",100,ל  גרם,false,1,16.90,16.90,true,1,
3046920028363,false,לינדט אקסלנס 85% 100ג,מ.סידס ובנו בעמ,,,"י""ח",100,ל  גרם,false,1,16.90,16.90,true,1,
3046920028721,false,לינדט אקסלנס סטרוברי  100גר`,מ.סידס ובנו בעמ,,,"י""ח",100,ל  גרם,false,1,16.90,16.90,true,1,
3046920028752,false,לינדט אקסלנס מינט 100ג,מ.סידס ובנו בעמ,,,"י""ח",100,ל  גרם,false,1,16.90,16.90,true,1,
3046920029674,false,לינדט אקס`מלח 100גר`,מ.סידס ובנו בעמ,,,"י""ח",100,ל  גרם,false,1,16.90,16.90,true,1,
3046920029759,false,לינדט אקסלנס 90% 100ג,מ.סידס ובנו בעמ,,,"י""ח",100,ל  גרם,false,1,16.90,16.90,true,1,
3059940007768,false,אירוויק ספריי וניל,רקיט בנקיזר (ניר איסט) בעמ,,,"י""ח",300,"ל  מ""ל",false,1,9.90,3.30,true,1,
3059943015104,false,"אירוויק נטול גז יסמין 345 מ""ל",רקיט בנקיזר (ניר איסט) בעמ,,,"י""ח",345,"ל  מ""ל",false,1,14.90,4.32,true,1,
3059943015128,false,אירוויק נטול גז לוונדר,רקיט בנקיזר (ניר איסט) בעמ,,,"י""ח",345,"ל  מ""ל",false,1,14.90,4.32,true,1,
3059943016507,false,אירוויק ספריי לבנדר,רקיט בנקיזר (ניר איסט) בעמ,,,"י""ח",300,"ל  מ""ל",false,1,9.90,3.30,true,1,
3059943016569,false,אירוויק ספריי פריסיה ויסמין,רקיט בנקיזר (ניר איסט) בעמ,,,"י""ח",300,"ל  מ""ל",false,1,9.90,3.30,true,1,
3069900201327,false,זיתים שחורים בשקית וואקום,ויצמן פרימיום בעמ,,,"י""ח",400,ל  גרם,false,1,10.90,2.73,false,1,
3073781161663,false,גבינה לוואש קירי 8יח`,בני ג ורג שוקחה (חיפה) בעמ,,,"י""ח",128,ל  גרם,false,1,11.90,9.30,false,1,
3073781161687,false,גבינה לוואש קירי 16 יח`,בני ג ורג שוקחה (חיפה) בעמ,,,"י""ח",256,ל  גרם,false,1,22.90,8.95,true,1,
3073781161700,false,גבינה לוואש קירי 32 יח`,בני ג ורג שוקחה (חיפה) בעמ,,,"י""ח",480,ל  גרם,false,1,37.90,7.90,false,1,
3073781162790,false,בייבי בל 6 יח  120גר` נטו,א. סיימן סחר בעמ,,,"י""ח",120,ל  גרם,false,1,21.90,18.25,true,1,
3141360054405,false,פיניש ציטרופרש לימון,רקיט בנקיזר (ניר איסט) בעמ,,,"י""ח",27,ל  גרם,false,1,14.90,55.19,true,1,
3161911229199,false,חמאה רכה 250גר אלויר,א. סיימן סחר בעמ,,,"י""ח",250,ל  גרם,false,1,23.90,9.56,true,1,
3228022910023,false,חמאה פרזידנט 200גרם,נטו מלינדה סחר בעמ,,,"י""ח",2,"י""ח",false,1,14.90,7.45,false,1,
3282554138911,false,כפיות לבן 100יח  שווה,ח.כהן סוכנות מזון ומשקאות בע,,,"י""ח",100,"י""ח",false,1,6.90,0.07,false,1,
3282554174841,false,מזלגות לבן 100יח  שווה,ח.כהן סוכנות מזון ומשקאות בע,,,"י""ח",100,"י""ח",false,1,9.90,0.10,false,1,
3282554174957,false,כפות לבן 100יח  שווה,ח.כהן סוכנות מזון ומשקאות בע,,,"י""ח",100,"י""ח",false,1,9.90,0.10,false,1,
3387390320244,false,פיטנס דגנים עם פירות 375גרם,קבוצת אוסם סחר-שות.מוגבלת,,,"י""ח",375,ל  גרם,false,1,22.90,6.11,true,1,
3387390525960,false,קראנץ  500גר`,קבוצת אוסם סחר-שות.מוגבלת,,,"י""ח",500,ל  גרם,false,1,25,5,true,1,
3523230045827,false,סנט מור 160 גרם,א. סיימן סחר בעמ,,,"י""ח",160,ל  גרם,false,1,28.90,18.06,true,1,
3563490014898,false,חרדל דיג ון 255 גרם,דיפלומט מפיצים (1968) בעמ**,,,"י""ח",255,ל  גרם,false,1,12.90,5.06,false,1,
3574660058857,false,גונסון ביביי שמן 500ג,ש.שסטוביץ בעמ,,,"י""ח",500,ל  גרם,false,1,31.90,6.38,false,1,
3574660115154,false,טמפוני OB 32+8,ש.שסטוביץ בעמ,,,"י""ח",1,,false,1,24.90,24.90,false,1,
3574660464368,false,קרפרי מגן תחתון אלוורה 76יח`,ש.שסטוביץ בעמ,,,"י""ח",1,,false,1,22.90,22.90,false,1,
3574661003924,false,"ליסטרין טוטל קאר  500 מ""ל",שקד תבל בעמ,,,"י""ח",500,"ל  מ""ל",false,1,19.90,3.98,true,1,
3574661141022,false,וניה תחחבושות מקסי לילה,ש.שסטוביץ בעמ,,,"י""ח",1,,false,1,23.90,23.90,false,1,
3574661352275,false,"ליסטרין קידס ברי 250מ""ל",שקד תבל בעמ,,,"י""ח",250,"ל  מ""ל",false,1,14.90,5.96,true,1,
3574661363998,false,"ליסטרין גרין תה   500 מ""ל",שקד תבל בעמ,,,"י""ח",500,"ל  מ""ל",false,1,19.90,3.98,true,1,
3574661485218,false,טמפוני OB 32+8,ש.שסטוביץ בעמ,,,"י""ח",1,,false,1,24.90,24.90,false,1,
3574661487328,false,קרפרי רגיל 56יח,ש.שסטוביץ בעמ,,,"י""ח",58,"י""ח",false,1,19.90,0.34,true,1,
3574661487618,false,קרפרי מקסי לארג  מבושם 48יח,ש.שסטוביץ בעמ,,,"י""ח",1,,false,1,15.90,15.90,true,1,
3574661487625,false,קרפרי מקסי לארג 48יח,ש.שסטוביץ בעמ,,,"י""ח",1,,false,1,15.90,15.90,true,1,
3574661491806,false,"ליסטרין אדוונסד וואט  500 מ""ל",שקד תבל בעמ,,,"י""ח",500,"ל  מ""ל",false,1,19.90,3.98,true,1,
3574661552576,false,קרפרי מגן תחתון רגיל טנגה לבן 56יח`,ש.שסטוביץ בעמ,,,"י""ח",1,,false,1,15.90,15.90,true,1,
3600522550129,false,קרם יום אייג ספשיאליסט +45,לוריאל ישראל קוסמטיקס בעמ,,,"י""ח",50,"ל  מ""ל",false,1,59.90,119.80,false,1,
3600522632436,false,קרם לילה אייג ספשיאליסט +55,לוריאל ישראל קוסמטיקס בעמ,,,"י""ח",50,"ל  מ""ל",false,1,59.90,119.80,false,1,
3600523642489,false,אלביב מסכה 6 שמנים מופלאים,לוריאל ישראל קוסמטיקס בעמ,,,"י""ח",1,,false,1,34.90,34.90,false,1,
3600523651870,false,"אלביב שמפו ארגנין   550מ""ל",לוריאל ישראל קוסמטיקס בעמ,,,"י""ח",550,"ל  מ""ל",false,1,16.90,3.07,true,1,
3600523651887,false,"אלביב שמפו טוטל ריפר   550מ""ל",לוריאל ישראל קוסמטיקס בעמ,,,"י""ח",550,"ל  מ""ל",false,1,16.90,3.07,true,1,
3600523651900,false,"אלביב מרכך ארגנון  550מ""ל",לוריאל ישראל קוסמטיקס בעמ,,,"י""ח",550,"ל  מ""ל",false,1,16.90,3.07,true,1,
3600523652242,false,"אלביב שמפו קולור   550מ""ל",לוריאל ישראל קוסמטיקס בעמ,,,"י""ח",550,"ל  מ""ל",false,1,16.90,3.07,true,1,
3600523652259,false,"אלביב מרכך קולור  550מ""ל",לוריאל ישראל קוסמטיקס בעמ,,,"י""ח",550,"ל  מ""ל",false,1,16.90,3.07,true,1,
3600523652280,false,"אלביב שמפו 6 שמנים   550מ""ל",לוריאל ישראל קוסמטיקס בעמ,,,"י""ח",550,"ל  מ""ל",false,1,16.90,3.07,true,1,
3600523652297,false,"אלביב מרכך 6 שמנים 550מ""ל",לוריאל ישראל קוסמטיקס בעמ,,,"י""ח",550,"ל  מ""ל",false,1,16.90,3.07,true,1,
3600523782581,false,אלביב מרכך דרים לונג 500,לוריאל ישראל קוסמטיקס בעמ,,,"י""ח",500,"ל  מ""ל",false,1,16.90,3.38,true,1,
3600524051334,false,"אלביב מרכך היאלורונית  400מ""ל",לוריאל ישראל קוסמטיקס בעמ,,,"י""ח",400,"ל  מ""ל",false,1,16.90,4.23,true,1,
3600540928863,false,גרנייה מינרל דאו רול טורקיז,לוריאל ישראל קוסמטיקס בעמ,,,"י""ח",50,"ל  מ""ל",false,1,14.90,29.80,true,1,
3600541253667,false,גרנייה דאודורנט כל הסוגים,לוריאל ישראל קוסמטיקס בעמ,,,"י""ח",150,"ל  מ""ל",false,1,14.90,9.93,true,1,
3600541928275,false,גרנייה מים מיסלריים דו-פאזיים,לוריאל ישראל קוסמטיקס בעמ,,,"י""ח",1,,false,1,29.90,29.90,false,1,
3600541956223,false,גרנייה פיור אקטיב מברשת,לוריאל ישראל קוסמטיקס בעמ,,,"י""ח",1,,false,1,29.90,29.90,false,1,
3600542375801,false,"גרנייה פיוראקטיב 3ב1 פחם 150מ""ל",לוריאל ישראל קוסמטיקס בעמ,,,"י""ח",150,"ל  מ""ל",false,1,29.90,19.93,false,1,
3600542385220,false,דאו רול פרוטקשן 6 סגול,לוריאל ישראל קוסמטיקס בעמ,,,"י""ח",1,,false,1,14.90,14.90,true,1,
3600542385251,false,דאו רול פרוטקשן 6 ורוד.,לוריאל ישראל קוסמטיקס בעמ,,,"י""ח",1,,false,1,14.90,14.90,true,1,
3600542385268,false,דאו רול אינביזיבל BWC גרניה,לוריאל ישראל קוסמטיקס בעמ,,,"י""ח",1,,false,1,14.90,14.90,true,1,
3600542397926,false,גרנייה דאו ספריי כותנה עדין,לוריאל ישראל קוסמטיקס בעמ,,,"י""ח",1,,false,1,14.90,14.90,true,1,
3600542431835,false,גרניה קולור נטורלס 3,לוריאל ישראל קוסמטיקס בעמ,,,"י""ח",1,,false,1,18.90,18.90,false,1,
3600542431934,false,צבע לשיער גרניה קולור 6.25,לוריאל ישראל קוסמטיקס בעמ,,,"י""ח",1,,false,1,18.90,18.90,false,1,
3608580730248,false,קונפיטורה דובדבנן 370ג,ר.ב. מוצרי דגנים בעמ,,,"י""ח",370,ל  גרם,false,1,19.90,5.38,false,1,
3608580730255,false,קונפיטורה משמש  370ג,ר.ב. מוצרי דגנים בעמ,,,"י""ח",370,ל  גרם,false,1,19.90,5.38,false,1,
3614223736836,false,"אדידס ספריי לנשים אדיפיור 150מ""ל.",דנשר (1963) בעמ,,,"י""ח",1,,false,1,14.90,14.90,false,1,
3661163970448,false,"ספריי גברים דרי מקס A3 פרש 200מ""ל",דנשר (1963) בעמ,,,"י""ח",200,"ל  מ""ל",false,1,15.10,7.55,false,1,
3665468301723,false,אירוויק מבשם אוויר ונטרל ריחות ערפילי,רקיט בנקיזר (ניר איסט) בעמ,,,"י""ח",345,"ל  מ""ל",false,1,14.90,4.32,true,1,
3838824127224,false,צבעי שיער חום בינוני סמי קיט,הנקל סוד בעמ,,,"י""ח",1,,false,1,19.90,19.90,true,1,
3838824127262,false,צבעי שיער בלונד כהה סמי קיט,הנקל סוד בעמ,,,"י""ח",1,,false,1,19.90,19.90,true,1,
3838824127309,false,צבעי שיער בלונד בהיר סמי קיט,הנקל סוד בעמ,,,"י""ח",1,,false,1,19.90,19.90,true,1,
3838824127361,false,צבעי שיער ערמונים סמי קיט,הנקל סוד בעמ,,,"י""ח",1,,false,1,19.90,19.90,true,1,
3838824193915,false,צבעי שיער שחור סמי קיט,הנקל סוד בעמ,,,"י""ח",1,,false,1,19.90,19.90,true,1,
3838824332178,false,צבעי שיער סמי קיט,הנקל סוד בעמ,,,"י""ח",1,,false,1,19.90,19.90,true,1,
4000417019004,false,ריטר חלב אגוזים 100 גרם,ליימן שליסל,,,"י""ח",100,ל  גרם,false,1,10.90,10.90,true,1,
4000417022004,false,ריטר שוקולד צימוק אגוז,ליימן שליסל,,,"י""ח",100,ל  גרם,false,1,8.90,8.90,true,1,
4000417023001,false,ריטר ספורט שקדים חלב,ליימן שליסל,,,"י""ח",100,ל  גרם,false,1,10.90,10.90,true,1,
4000417025005,false,ריטר ספורט מרציפן,ליימן שליסל,,,"י""ח",100,ל  גרם,false,1,8.90,8.90,true,1,
4000417101211,false,אמיצ`לי אגוז 150גר,ליימן שליסל,,,"י""ח",150,ל  גרם,false,1,17.90,11.93,true,1,
4000417211002,false,ריטר ספורט מוס קרמל ושברי שקדים,ליימן שליסל,,,"י""ח",100,ל  גרם,false,1,8.90,8.90,true,1,
4000417212009,false,ריטר שוקולד מריר תפוז שקד 100 גרם,ליימן שליסל,,,"י""ח",100,ל  גרם,false,1,8.90,8.90,true,1,
4000417222008,false,ריטר שוקולד חלב עם שברי אגוזים 100גר`,ליימן שליסל,,,"י""ח",100,ל  גרם,false,1,8.90,8.90,true,1,
4000417224002,false,ריטר ספורט שוקולד מריר עם אגוזים שלמים,ליימן שליסל,,,"י""ח",100,ל  גרם,false,1,10.90,10.90,true,1,
4000417294005,false,ריטר מוס קקאו,ליימן שליסל,,,"י""ח",100,ל  גרם,false,1,8.90,8.90,true,1,
4000417298003,false,ריטר קוקוס אגוז 100גר,ליימן שליסל,,,"י""ח",100,ל  גרם,false,1,8.90,8.90,true,1,
4000417450302,false,מיני ריטר פאוצ 183ג ספורט,ליימן שליסל,,,"י""ח",183,ל  גרם,false,1,19.90,10.87,false,1,
4000417707000,false,ריטר ספורט חלב קשיו,ליימן שליסל,,,"י""ח",100,ל  גרם,false,1,10.90,10.90,true,1,
4000522061752,false,בייגלה צ`יו מקלות 100גר.,ר.ב. מוצרי דגנים בעמ,,,"י""ח",100,ל  גרם,false,1,3.90,3.90,false,1,
4000539280740,false,לינדט אקסלנס 78% 100ג,מ.סידס ובנו בעמ,,,"י""ח",100,ל  גרם,false,1,16.90,16.90,true,1,
4002448017684,false,סיליט באנג ספריי רב שימושי,רקיט בנקיזר (ניר איסט) בעמ,,,"י""ח",750,"ל  מ""ל",false,1,12.90,1.72,false,1,
4002448019480,false,~סיליט באנג מסיר שומנים,רקיט בנקיזר (ניר איסט) בעמ,,,"י""ח",750,"ל  מ""ל",false,1,12.90,1.72,false,1,
4002590000022,false,קלפני אוכמניות 150גר.,ליימן שליסל,,,"י""ח",150,ל  גרם,false,1,9.50,6.33,false,1,
4002590000039,false,קלפני הדרים 150גר.,ליימן שליסל,,,"י""ח",150,ל  גרם,false,1,9.50,6.33,false,1,
4002590000046,false,קלפני מרענן 150גר.,ליימן שליסל,,,"י""ח",150,ל  גרם,false,1,9.50,6.33,false,1,
4004666107819,false,"מלרוד מרסס לניקוי וטיהור המזגן 500מ""ל",יעקב יעקבי ובניו בעמ,,,"י""ח",500,"ל  מ""ל",false,1,25.90,5.18,false,1,
4004666111656,false,"מלרוד גל פעיל להשמדת עובש 250מ""ל.",יעקב יעקבי ובניו בעמ,,,"י""ח",250,"ל  מ""ל",false,1,29.90,11.96,false,1,
4004715020755,false,קישוטי עוגה פרינס אנד פרינסס,ליימן שליסל,,,"י""ח",1,,false,1,13.90,13.90,false,1,
4005808366392,false,שפתון לבלו כחול,אלפא ב.ד.ף בעמ,,,"י""ח",1,,false,1,11.90,11.90,true,1,
4005808368280,false,שפתון לבלו דובדבן,אלפא ב.ד.ף בעמ,,,"י""ח",1,"י""ח",false,1,11.90,11.90,true,1,
4005808698103,false,תחליב גוף SMOOTH ניוואה,אלפא ב.ד.ף בעמ,,,"י""ח",500,ל  גרם,false,1,29.90,5.98,true,1,
4005808702107,false,תחליב גוף לעור יבש ניוואה,אלפא ב.ד.ף בעמ,,,"י""ח",500,ל  גרם,false,1,29.90,5.98,true,1,
4005900036506,false,דאו רול און  בלק אנד וויט גבר,אלפא ב.ד.ף בעמ,,,"י""ח",50,"ל  מ""ל",false,1,13.90,27.80,true,1,
4005900036568,false,דאו ספריי  בלק אנד וויט אישה,אלפא ב.ד.ף בעמ,,,"י""ח",150,"ל  מ""ל",false,1,15.90,10.60,true,1,
4005900138842,false,"ניוואה תחליב רחצה 750מ""ל סמוד",אלפא ב.ד.ף בעמ,,,"י""ח",750,"ל  מ""ל",false,1,15.90,2.12,true,1,
4005900542557,false,דאו רולאון  בלק אנד וויט סילק אישה,אלפא ב.ד.ף בעמ,,,"י""ח",50,"ל  מ""ל",false,1,13.90,27.80,true,1,
4005900648181,false,"ניוואה תחליב רחצה 750מ""ל אלוורה",אלפא ב.ד.ף בעמ,,,"י""ח",750,"ל  מ""ל",false,1,15.90,2.12,true,1,
4005900730299,false,דאו רול און  בלק אנד וויט לאישה,אלפא ב.ד.ף בעמ,,,"י""ח",50,"ל  מ""ל",false,1,13.90,27.80,true,1,
4005900816016,false,דאו  ספריי לאשה פרש,אלפא ב.ד.ף בעמ,,,"י""ח",150,"ל  מ""ל",false,1,15.90,10.60,true,1,
4005900828088,false,דאו  רול און לגבר פרש,אלפא ב.ד.ף בעמ,,,"י""ח",50,"ל  מ""ל",false,1,13.90,27.80,true,1,
4005900833723,false,"ניוואה ג`ל רחצה לגב 500מ""ל POWER REFRE",אלפא ב.ד.ף בעמ,,,"י""ח",500,"ל  מ""ל",false,1,14.90,2.98,true,1,
4008287762020,false,בירה קרומבאכר וואיזן 0.5ל בקבוק,אגודת הכורמים,,,"י""ח",500,"ל  מ""ל",false,1,10.90,2.12,true,1,
4009300522935,false,תה ירוק עם לימונית ולואיז,ש.שסטוביץ בעמ,,,"י""ח",30,ל  גרם,false,1,16.90,56.33,true,1,
4009300526438,false,תה ירוק קלאסי 30ג,ש.שסטוביץ בעמ,,,"י""ח",30,ל  גרם,false,1,16.90,56.33,true,1,
4009300528845,false,תה ירוק לימונית גבש פומפדור,ש.שסטוביץ בעמ,,,"י""ח",30,ל  גרם,false,1,16.90,56.33,true,1,
4009900379564,false,הובה בובה טייפ עגול פירות,מרס ריגלי ישראל בעמ,,,"י""ח",672,ל  גרם,false,1,6.60,0.98,false,1,
4009900385824,false,מארז חמישיית אורביט סטיקס פפרמינט,מרס ריגלי ישראל בעמ,,,"י""ח",5,"י""ח",false,1,9.90,1.98,false,1,
4009900402965,false,אורביט בקבוקון WHITE טעם פירות,מרס ריגלי ישראל בעמ,,,"י""ח",90,ל  גרם,false,1,10.50,11.67,true,1,
4009900403023,false,אורביט בקבוקון WHITE טעם מנטה,מרס ריגלי ישראל בעמ,,,"י""ח",90,ל  גרם,false,1,10.50,11.67,true,1,
4009900406918,false,הובה בובה טריפל,מרס ריגלי ישראל בעמ,,,"י""ח",56,ל  גרם,false,1,6.60,11.79,false,1,
4009900420129,false,אורביט בקבוקון פרופשיונל פפרמינט,מרס ריגלי ישראל בעמ,,,"י""ח",90,ל  גרם,false,1,10.50,11.67,true,1,
4009900455299,false,סוכריות סקיטלס פירות 174ג,מרס ריגלי ישראל בעמ,,,"י""ח",174,ל  גרם,false,1,8.90,5.11,false,1,
4009900465304,false,סוכריות סקיטלס פירות חמוצים 174ג,מרס ריגלי ישראל בעמ,,,"י""ח",174,ל  גרם,false,1,8.90,5.11,false,1,
4009900479998,false,אורביט בקבוקון WHITE טעם אוכמניות,מרס ריגלי ישראל בעמ,,,"י""ח",90,ל  גרם,false,1,10.50,11.67,true,1,
4009900482417,false,אורביט בקבוקון באבל מינט,מרס ריגלי ישראל בעמ,,,"י""ח",90,ל  גרם,false,1,10.50,11.67,true,1,
4009900484091,false,אורביט בקבוק 60יח ספירמינט,מרס ריגלי ישראל בעמ,,,"י""ח",84,ל  גרם,false,1,13,15.48,false,1,
4009900484305,false,אורביט בקבוק 60יח סוויטמינט,מרס ריגלי ישראל בעמ,,,"י""ח",84,ל  גרם,false,1,13,15.48,false,1,
4009900496247,false,אורביט בקבוק 60יח ספירמינט,מרס ריגלי ישראל בעמ,,,"י""ח",84,ל  גרם,false,1,13,15.48,false,1,
4009900500166,false,סקיטלס פירות בקבוק,מרס ריגלי ישראל בעמ,,,"י""ח",1,,false,1,8.90,8.90,false,1,
4009900509770,false,אורביט בקבוק 60יח בטעם תות,מרס ריגלי ישראל בעמ,,,"י""ח",84,ל  גרם,false,1,13,15.48,false,1,
4009900521581,false,אורביט סוכריות מינטס מנטה,מרס ריגלי ישראל בעמ,,,"י""ח",77,ל  גרם,false,1,9.90,12.86,true,1,
4009900521611,false,אורביט סוכריות מינטס דובדבן,מרס ריגלי ישראל בעמ,,,"י""ח",77,ל  גרם,false,1,9.90,12.86,true,1,
4009900531122,false,אורביט בקבוקון פרופשיונל ספירמינט,מרס ריגלי ישראל בעמ,,,"י""ח",90,ל  גרם,false,1,10.50,11.67,true,1,
4009900532327,false,סוכריות סקיטלס סמודיס  38גר.,מרס ריגלי ישראל בעמ,,,"י""ח",38,ל  גרם,false,1,3,7.89,false,1,
4009900535519,false,אורביט רפרשרס פפרמינט HP,מרס ריגלי ישראל בעמ,,,"י""ח",15,ל  גרם,false,1,3.90,26,false,1,
4009900535540,false,אורביט רפרשרס ספירמינט HP,מרס ריגלי ישראל בעמ,,,"י""ח",15,ל  גרם,false,1,3.90,26,false,1,
4009900535823,false,אורביט רפרשרס בבלמינט HP,מרס ריגלי ישראל בעמ,,,"י""ח",15,ל  גרם,false,1,3.90,26,false,1,
4009900536257,false,אורביט רפרשרס פפרמינט בקבוקון,מרס ריגלי ישראל בעמ,,,"י""ח",67,ל  גרם,false,1,11.90,17.76,false,1,
4009900536288,false,אורביט רפרשרס ספירמינט בקבוקון,מרס ריגלי ישראל בעמ,,,"י""ח",67,ל  גרם,false,1,11.90,17.76,false,1,
4009900536486,false,אורביט רפרשרס בבלמינט בקבוקון,מרס ריגלי ישראל בעמ,,,"י""ח",67,ל  גרם,false,1,11.90,17.76,false,1,
4009900539401,false,פייב באונס בטעם מנטה HP,מרס ריגלי ישראל בעמ,,,"י""ח",15,ל  גרם,false,1,3.90,26,false,1,
4009900539432,false,פייב באונס בטעם אבטיח HP,מרס ריגלי ישראל בעמ,,,"י""ח",15,ל  גרם,false,1,3.90,26,false,1,
4009900539685,false,פייב באונס בטעם מנטה בקבוקון,מרס ריגלי ישראל בעמ,,,"י""ח",67,ל  גרם,false,1,11.90,17.76,true,1,
4009900539746,false,פייב באונס בטעם אבטיח בקבוקון,מרס ריגלי ישראל בעמ,,,"י""ח",67,ל  גרם,false,1,11.90,17.76,true,1,
4009900540551,false,אורביט רפרשרס טרופיקל בקבוקון,מרס ריגלי ישראל בעמ,,,"י""ח",67,ל  גרם,false,1,11.90,17.76,false,1,
4011800528416,false,חטיף קורני בייס סויט סולט 150גר,מ.סידס ובנו בעמ,,,"י""ח",150,ל  גרם,false,1,11.90,7.93,true,1,
4011800567613,false,קורני מילק דארק 120 גרם,מ.סידס ובנו בעמ,,,"י""ח",1,,false,1,14.80,14.80,true,1,
4011800568610,false,קורני מילק קלאסיק 120 ג`,מ.סידס ובנו בעמ,,,"י""ח",1,,false,1,14.80,14.80,true,1,
4011800628512,false,קורני בייס שוקו 150 ג,מ.סידס ובנו בעמ,,,"י""ח",150,ל  גרם,false,1,11.90,7.93,true,1,
4011800630515,false,קורני בייס שוק בננה 150 ג,מ.סידס ובנו בעמ,,,"י""ח",150,ל  גרם,false,1,11.90,7.93,true,1,
4011800636517,false,קורני פרי עם שוקולד חלב 6  יח`ללא סוכ,מ.סידס ובנו בעמ,,,"י""ח",6,"י""ח",false,1,11.90,1.98,true,1,
4013197767027,false,קוונדיש סוכריות בפחית דובדבן,שוקוטרייד בעמ,,,"י""ח",300,ל  גרם,false,1,10.90,3.63,false,1,
4013197767119,false,קוונדיש סוכריות בפחית מנטה קליר,שוקוטרייד בעמ,,,"י""ח",300,ל  גרם,false,1,10.90,3.63,false,1,
4014400900217,false,מרסי 400 ג,ליימן שליסל,,,"י""ח",400,ל  גרם,false,1,49.90,12.48,true,1,
4014400901191,false,מרסי 250 ג,ליימן שליסל,,,"י""ח",250,ל  גרם,false,1,25.50,10.20,true,1,
4014400904277,false,אייספרש 425 ג,ליימן שליסל,,,"י""ח",425,ל  גרם,false,1,14.90,3.51,true,1,
4014400904307,false,קליפורניה 425 גרם,ליימן שליסל,,,"י""ח",425,ל  גרם,false,1,14.90,3.51,true,1,
4014400904376,false,שוקולדן 325 גרם.,ליימן שליסל,,,"י""ח",325,ל  גרם,false,1,14.90,4.58,true,1,
4014400904390,false,וולמילש 325 גרם,ליימן שליסל,,,"י""ח",325,ל  גרם,false,1,14.90,4.58,true,1,
4014400910063,false,וורטר טופי 135גר`,ליימן שליסל,,,"י""ח",135,ל  גרם,false,1,8.90,6.59,true,1,
4014400913910,false,וורטר במילוי קרם 125ג,ליימן שליסל,,,"י""ח",135,ל  גרם,false,1,8.90,6.59,true,1,
4014400914696,false,וורטל ללא סוכר שקית 80גר`,ליימן שליסל,,,"י""ח",1,,false,1,8.90,8.90,true,1,
4014400914924,false,וורטל ללא סוכר קפה 80גר`,ליימן שליסל,,,"י""ח",1,,false,1,8.90,8.90,true,1,
4014400920857,false,וורטל ללא סוכר טעם שוקולד שקית 70גר`,ליימן שליסל,,,"י""ח",70,ל  גרם,false,1,8.90,12.71,true,1,
4014400923711,false,טופיפי 125 גרם,ליימן שליסל,,,"י""ח",125,ל  גרם,false,1,11.90,9.52,true,1,
4014400925319,false,פופקורן וורטר קרמל 140גר,ליימן שליסל,,,"י""ח",140,ל  גרם,false,1,15.90,11.36,true,1,
4014400929010,false,וופל מיניס קנופרס 200ג,ליימן שליסל,,,"י""ח",200,ל  גרם,false,1,17.90,8.95,true,1,
4014400931327,false,פופקורן וורטר בציפוי גרעינים 140גר.,ליימן שליסל,,,"י""ח",140,ל  גרם,false,1,15.90,11.36,true,1,
4015000031394,false,ספטיל להסרת כתמים,גורי שיווק בעמ,,,"י""ח",200,ל  גרם,false,1,16.80,8.40,false,1,
4015000280372,false,דאו`רול און פה פורמאן 50 מ``ל.,הנקל סוד בעמ,,,"י""ח",1,,false,1,10.90,10.90,true,1,
4015000519915,false,דאודורנט ספריי FA ULTIMATE DRY ספורט,הנקל סוד בעמ,,,"י""ח",200,"ל  מ""ל",false,1,10.90,5.45,true,1,
4015000615891,false,דאו`ספריי פה 200 מ``ל Aqua,הנקל סוד בעמ,,,"י""ח",200,"ל  מ""ל",false,1,10.90,5.45,true,1,
4015000995122,false,פה דאורדורנט ספר,הנקל סוד בעמ,,,"י""ח",200,"ל  מ""ל",false,1,10.90,5.45,true,1,
4015000997430,false,"דאודורנט ספריי FA 200מ""ל",הנקל סוד בעמ,,,"י""ח",200,"ל  מ""ל",false,1,10.90,5.45,true,1,
4015100298000,false,"מכסה גליס ביו-טק  300מ""ל",הנקל סוד בעמ,,,"י""ח",300,"ל  מ""ל",false,1,28.90,9.63,true,1,
4015400564034,false,אולדייז מגה פק לונג פלוס 58 יח`***,דיפלומט מפיצים 1968 בעמ,,,"י""ח",58,"י""ח",false,1,19.90,0.34,true,1,
4015400564454,false,אולדייז מגה פק  לארג `68יח`***,דיפלומט מפיצים 1968 בעמ,,,"י""ח",1,,false,1,19.90,19.90,true,1,
4015400623663,false,פמפרס מגבוני ניו בייבי רביעייה,דיפלומט מפיצים 1968 בעמ,,,"י""ח",4,"י""ח",false,1,19.90,4.98,false,1,
4015400651000,false,אולוויז אולטרה לונג***,דיפלומט מפיצים 1968 בעמ,,,"י""ח",1,,false,1,20.90,20.90,false,1,
4015400681670,false,אולוויז לילה בטוח 18יח,דיפלומט מפיצים 1968 בעמ,,,"י""ח",1,,false,1,19.90,19.90,true,1,
4015400715290,false,טמפקס קומפאק סופר פלוס 22יח,דיפלומט מפיצים 1968 בעמ,,,"י""ח",1,,false,1,26.90,26.90,false,1,
4015400715320,false,טמפקס קומפאק רגולר 22יח,דיפלומט מפיצים 1968 בעמ,,,"י""ח",1,,false,1,26.90,26.90,false,1,
4015400731719,false,אולוויז וליו פק  לילה 20יח`,דיפלומט מפיצים 1968 בעמ,,,"י""ח",1,,false,1,19.90,19.90,true,1,
4015400746812,false,אולדייז מגה פק נורמל 80יח`***,דיפלומט מפיצים 1968 בעמ,,,"י""ח",80,"י""ח",false,1,19.90,0.25,true,1,
4015400755241,false,אולוויז וליו פק  נורמל פלוס 28יח`.,דיפלומט מפיצים 1968 בעמ,,,"י""ח",1,,false,1,19.90,19.90,true,1,
4015400824725,false,טמפקס פלאש סופר 30 יח,דיפלומט מפיצים 1968 בעמ,,,"י""ח",1,,false,1,34.90,34.90,false,1,
4015400990482,false,"אריאל אבקת כביסה קולור 3ק""ג",דיפלומט מפיצים 1968 בעמ,,,"י""ח",3,"ק""ג",false,1,33.90,11.30,false,1,
4015600762742,false,"הד שולדרס שמפו קלאסי  500מ""ל",דיפלומט מפיצים 1968 בעמ,,,"י""ח",500,"ל  מ""ל",false,1,21.90,4.38,false,1,
4015600762780,false,"הד שולדרס 2ב1 קלאסי  500מ""ל",דיפלומט מפיצים 1968 בעמ,,,"י""ח",500,"ל  מ""ל",false,1,21.90,4.38,false,1,
4015600762902,false,"הד שולדרס שמפו מנטול 500מ""ל.",דיפלומט מפיצים 1968 בעמ,,,"י""ח",500,"ל  מ""ל",false,1,21.90,4.38,false,1,
4015600762940,false,"הד שולדרס שמפו תפוח   500מ""ל",דיפלומט מפיצים 1968 בעמ,,,"י""ח",500,"ל  מ""ל",false,1,21.90,4.38,false,1,
4015600763022,false,"הד שולדרס שמפו מגע משי  500מ""ל",דיפלומט מפיצים 1968 בעמ,,,"י""ח",500,"ל  מ""ל",false,1,21.90,4.38,false,1,
4015600763251,false,"הד שולדרס שמפו קלאסי 600מ""ל",דיפלומט מפיצים 1968 בעמ,,,"י""ח",600,"ל  מ""ל",false,1,24.90,4.15,false,1,
4015600763299,false,"הד שולדרס שמפו קלאסי 2ב1 600מ""ל",דיפלומט מפיצים 1968 בעמ,,,"י""ח",600,"ל  מ""ל",false,1,24.90,4.15,false,1,
4015600763411,false,"הד שולדרס שמפו מנטול 600מ""ל",דיפלומט מפיצים 1968 בעמ,,,"י""ח",600,"ל  מ""ל",false,1,24.90,4.15,false,1,
4015600763459,false,"הד שולדרס שמפו תפוח 600מ""ל",דיפלומט מפיצים 1968 בעמ,,,"י""ח",600,"ל  מ""ל",false,1,24.90,4.15,false,1,
4015600763534,false,"הד שולדרס שמפו מגע משי 600מ""ל",דיפלומט מפיצים 1968 בעמ,,,"י""ח",600,"ל  מ""ל",false,1,24.90,4.15,false,1,
4015600766658,false,"הד שולדרס שמפו מנטול 2ב1  600מ""ל",דיפלומט מפיצים 1968 בעמ,,,"י""ח",600,"ל  מ""ל",false,1,24.90,4.15,false,1,
4017100198151,false,היט באלזן וניל 220 גר,ליימן שליסל,,,"י""ח",220,ל  גרם,false,1,7.90,3.59,true,1,
4017100219900,false,וופלטן-גלילות  ופל עפ שוקולד.,ליימן שליסל,,,"י""ח",100,ל  גרם,false,1,13.90,13.90,true,1,
4022025001905,false,"יין בלו ווין מבעבע זהב כשר 750מ""ל",היכל היין שקד גולן בעמ,,,"י""ח",750,"ל  מ""ל",false,1,59.90,7.95,true,1,
4022025001929,false,"יין בלו ווין מבעבע כחול כשר 750מ""ל",היכל היין שקד גולן בעמ,,,"י""ח",750,"ל  מ""ל",false,1,59.90,7.95,true,1,
4022025002100,false,"יין בלו ווין מבעבע רוזה כשר 750מ""ל",היכל היין שקד גולן בעמ,,,"י""ח",750,"ל  מ""ל",false,1,59.90,7.95,true,1,
4022025261002,false,יין בלו ווין גוורצטרמינר,היכל היין שקד גולן בעמ,,,"י""ח",750,"ל  מ""ל",false,1,49.90,6.61,true,1,
4022025290408,false,"יין בלו ווין רוזה כשר 750מ""ל",היכל היין שקד גולן בעמ,,,"י""ח",750,"ל  מ""ל",false,1,49.90,6.61,true,1,
4023800012109,false,מרציפן מצופה 100ג,שוקוטרייד בעמ,,,"י""ח",100,ל  גרם,false,1,6.90,6.90,false,1,
4023800231647,false,בונבו. מוצרט קוגל 200ג,שוקוטרייד בעמ,,,"י""ח",200,ל  גרם,false,1,20.90,10.45,false,1,
4025700001962,false,שוקולד מילקה לבן 100ג,דיפלומט מפיצים (1968) בעמ**,,,"י""ח",100,ל  גרם,false,1,6.50,6.50,true,1,
4032900111292,false,וינסטון  סלימס,גלוברנדס בעמ,,,"י""ח",1,,false,1,28,28,false,1,
4032900124254,false,וינסטון  קומפקט ברי,גלוברנדס בעמ,,,"י""ח",1,,false,1,28,28,false,1,
4033100013348,false,אל די לייט ארוך,גלוברנדס בעמ,,,"י""ח",1,,false,1,27.50,27.50,false,1,
4033100014468,false,אל די בודד אדום,גלוברנדס בעמ,,,"י""ח",1,,false,1,27.50,27.50,false,1,
4033100014499,false,אל די כחול בודד,גלוברנדס בעמ,,,"י""ח",1,,false,1,27.50,27.50,false,1,
4033100014529,false,אל די סלימס בודד,גלוברנדס בעמ,,,"י""ח",1,,false,1,25,25,false,1,
4033100024146,false,וינסטון קוד,גלוברנדס בעמ,,,"י""ח",1,,false,1,31,31,false,1,
4033100024252,false,וינסטון אקווה,גלוברנדס בעמ,,,"י""ח",1,,false,1,31,31,false,1,
4033100046490,false,וינסטון אקווה ארוך,גלוברנדס בעמ,,,"י""ח",1,,false,1,31,31,false,1,
4037719068317,false,קוונדיש סוכריות בפחית פירות יער,שוקוטרייד בעמ,,,"י""ח",200,ל  גרם,false,1,10.90,5.45,false,1,
4037719657290,false,קוונדיש סוכריות צנצנת שי 300ג,שוקוטרייד בעמ,,,"י""ח",300,ל  גרם,false,1,19.90,6.63,false,1,
4037719680212,false,קוונדיש סוכריות בפחית תות שדה,שוקוטרייד בעמ,,,"י""ח",200,ל  גרם,false,1,10.90,5.45,false,1,
4045787068221,false,צבע לשיער פרוטאין קולור שחור 1,הנקל סוד בעמ,,,"י""ח",1,,false,1,16.90,16.90,true,1,
4045787068283,false,פרוטאין קולור   שחור כחול 1-1,הנקל סוד בעמ,,,"י""ח",1,,false,1,16.90,16.90,true,1,
4045787068290,false,פרוטאין קולור  חום שחור 3,הנקל סוד בעמ,,,"י""ח",1,,false,1,16.90,16.90,true,1,
4045787068375,false,פרוטאין קולור   בלונד כהה 6,הנקל סוד בעמ,,,"י""ח",1,,false,1,16.90,16.90,true,1,
4056800943791,false,וולוקסון 9%,דיפלומט מפיצים 1968 בעמ,,,"י""ח",55,"ל  מ""ל",false,1,5.90,10.73,false,1,
4066600601920,false,"פאולנר חיטה פחית  500 מ""ל",טמפו משקאות בעמ,,,"י""ח",500,"ל  מ""ל",false,1,11,2.14,true,1,
4066600999614,false,"פאולנר בקבוק 500 מ""ל",טמפו משקאות בעמ,,,"י""ח",500,"ל  מ""ל",false,1,12,2.34,true,1,
4072700003649,false,"בירה פרנסיסקאנר בהירה 500מ""ל בקבוק",הכרם משקאות חריפים בעמ,,,"י""ח",500,"ל  מ""ל",false,1,10.90,2.12,true,1,
4084500065598,false,"פנטן קרם לחות לשיער  300מ""ל",דיפלומט מפיצים 1968 בעמ,,,"י""ח",300,"ל  מ""ל",false,1,17.90,5.97,false,1,
4084500149526,false,טייד ג`ל 2.48 ליטר,דיפלומט מפיצים 1968 בעמ,,,"י""ח",2.48,ליטר,false,1,29.90,12.06,false,1,
4084500853553,false,"פיירי אוריגינל 650מ""ל",דיפלומט מפיצים 1968 בעמ,,,"י""ח",1.24,ליטר,false,1,9.90,7.98,false,1,
4084500853836,false,"פיירי ורדים ומשי 515מ""ל",דיפלומט מפיצים 1968 בעמ,,,"י""ח",1.24,ליטר,false,1,9.90,7.98,false,1,
4084500853898,false,"פיירי אלוורה ומלפפונים 515מ""ל.",דיפלומט מפיצים 1968 בעמ,,,"י""ח",515,"ל  מ""ל",false,1,9.90,1.92,false,1,
4105120623941,false,"בירה ויינשטפן בקבוק 500מ""ל",החברה המרכזית להפצת משקאות בעמ,,,"י""ח",500,"ל  מ""ל",false,1,11.90,2.32,true,1,
4105120624412,false,"ויינשטפן  ויטוס  500מ""ל בקבוק",החברה המרכזית להפצת משקאות בעמ,,,"י""ח",330,"ל  מ""ל",false,1,12.50,3.70,true,1,
4210201154686,false,אורל בי מברשת שיניים חשמליתD12 בנות,דיפלומט מפיצים 1968 בעמ,,,"י""ח",1,,false,1,99.90,99.90,true,1,
4603400000043,false,וודקה רוסקי סטנדרט 700.,יורוסטנדרט בעמ,,,"י""ח",700,"ל  מ""ל",false,1,69.90,9.94,false,1,
4640018993398,false,פיניש קוואנטום 60 קפסולות בשקית,רקיט בנקיזר (ניר איסט) בעמ,,,"י""ח",45,"י""ח",false,1,59.90,1.33,true,1,
4710068001692,false,מאסטר קפה לאטה 240מל פחית,טמפו משקאות בעמ,,,"י""ח",240,"ל  מ""ל",false,1,6.60,2.63,true,1,
4710068001739,false,מאסטר קפה קולומביאני.,טמפו משקאות בעמ,,,"י""ח",1,,false,1,6.60,6.60,true,1,
4710068002798,false,מאסטר קפה ונילה 240מל פחית,טמפו משקאות בעמ,,,"י""ח",240,"ל  מ""ל",false,1,6.30,2.63,true,1,
4715896311357,false,זוג דבק מהיר,צבע ומכחול (2014) בעמ,,,"י""ח",1,,false,1,5.90,5.90,false,1,
4751007730938,false,שפרוטים מעושנים בשמן צמחי 240גר`,דברים טובים סגל בעמ,,,"י""ח",240,ל  גרם,false,1,12.90,5.38,true,1,
4791021002789,false,תה ירוק 100 שקיקים,דברים טובים סגל בעמ,,,"י""ח",100,ל  גרם,false,1,22.90,22.90,true,1,
4791021003588,false,תה צהוב 1.5 גרם,דברים טובים סגל בעמ,,,"י""ח",150,ל  גרם,false,1,12.90,8.60,true,1,
4791021944720,false,תה ארלגרי 2 גרם  100,דברים טובים סגל בעמ,,,"י""ח",200,ל  גרם,false,1,21.90,10.95,true,1,
4800888209368,false,רקסונה סטיק גברים אקסטרה קול 50גר,יוניליוור ישראל שיווק בעמ,,,"י""ח",1,"י""ח",false,1,14.90,14.90,true,1,
4800888219510,false,דאב דאו סטיק מלפפונים 50גר,יוניליוור ישראל שיווק בעמ,,,"י""ח",50,ל  גרם,false,1,14.90,29.80,true,1,
4800888219534,false,דאו סטיק דאב 50ג.,יוניליוור ישראל שיווק בעמ,,,"י""ח",76,ל  גרם,false,1,14.90,19.61,true,1,
4810168045562,false,פילה סלמון מעושן פ.קפוא 100ג מוכן לאכילה,דילר בי.אמ.די פורמולה בעמ,,,"י""ח",100,ל  גרם,false,1,22.90,22.90,true,1,
4810168045579,false,פילה פורל מלוח פ.קפוא 100ג מוכן לאכילה,דילר בי.אמ.די פורמולה בעמ,,,"י""ח",100,ל  גרם,false,1,22.90,22.90,true,1,
4810168045586,false,פילה פורל מעושן פ.קפוא 100ג מוכן לאכילה,דילר בי.אמ.די פורמולה בעמ,,,"י""ח",100,ל  גרם,false,1,22.90,22.90,true,1,
4810168052270,false,עלי בלינצ`ס 320גר מוקפאים,דילר בי.אמ.די פורמולה בעמ,,,"י""ח",320,ל  גרם,false,1,9.90,3.09,false,1,
4810168055073,false,"כיסונים במילוי תפו""א ובצל 450גר קפוא",דילר בי.אמ.די פורמולה בעמ,,,"י""ח",450,ל  גרם,false,1,12.90,2.87,true,1,
4810168062125,false,כיסונים פרווה במילוי אוכמניות  45גר קפ,דילר בי.אמ.די פורמולה בעמ,,,"י""ח",450,ל  גרם,false,1,22.90,5.09,true,1,
4810168062132,false,כיסונים במילוי גבינת טבורוג קפוא 450גר,דילר בי.אמ.די פורמולה בעמ,,,"י""ח",450,ל  גרם,false,1,17.90,3.98,true,1,
4810168062149,false,כיסונים פרווה במילוי דובדבנים 450גר קפ,דילר בי.אמ.די פורמולה בעמ,,,"י""ח",450,ל  גרם,false,1,22.90,5.09,true,1,
4810168062156,false,כיסונים במילוי טבורוג וצימוקים 450גר ק,דילר בי.אמ.די פורמולה בעמ,,,"י""ח",450,ל  גרם,false,1,17.90,3.98,true,1,
4810168062163,false,"כיסונים פרווה במילוי תפו""א ופטריות 450",דילר בי.אמ.די פורמולה בעמ,,,"י""ח",450,ל  גרם,false,1,14.90,3.31,true,1,
4810168062170,false,"כיסונים פרווה במילוי תפו""א ובצל 450גר",דילר בי.אמ.די פורמולה בעמ,,,"י""ח",450,ל  גרם,false,1,14.90,3.31,true,1,
4810168062187,false,"בלינצ`ס פרווה במילוי תפו""א ופטריות 420",דילר בי.אמ.די פורמולה בעמ,,,"י""ח",420,ל  גרם,false,1,15.90,3.79,true,1,
4810168062194,false,בלינצ`ס במילוי גבינת טבורוג 360גר קפוא,דילר בי.אמ.די פורמולה בעמ,,,"י""ח",360,ל  גרם,false,1,15.90,4.42,true,1,
4810168062200,false,בלינצ`ס פרווה במילוי דובדבן 360גר קפוא,דילר בי.אמ.די פורמולה בעמ,,,"י""ח",360,ל  גרם,false,1,15.90,4.42,true,1,
4810168062217,false,"בלינצ`ס פרווה במילוי תפו""ע וקינמון 360",דילר בי.אמ.די פורמולה בעמ,,,"י""ח",360,ל  גרם,false,1,15.90,4.42,true,1,
4810168062224,false,בלינצ`ס פרווה במילוי ממרח קקאו-א.לוז,דילר בי.אמ.די פורמולה בעמ,,,"י""ח",360,ל  גרם,false,1,15.90,4.42,true,1,
4810168062231,false,עלי בלינצ`ס פרווה 320גר מוקפאים,דילר בי.אמ.די פורמולה בעמ,,,"י""ח",320,ל  גרם,false,1,11.90,3.72,true,1,
4810168062279,false,לביבות גבינת טבורוג מוקפאות 450גר,דילר בי.אמ.די פורמולה בעמ,,,"י""ח",450,ל  גרם,false,1,22.90,5.09,true,1,
4820034925546,false,"בירה לאנג צאזז לייט  500מ""ל בקבוק",בני פאוזי שמשום (2009) בעמ,,,"י""ח",500,"ל  מ""ל",false,1,3.90,0.72,true,1,
4820217240114,false,חמאה  200גר  Ferma 82.5%,דילר בי.אמ.די פורמולה בעמ,,,"י""ח",200,ל  גרם,false,1,8.90,4.45,false,1,
4823077608513,false,רושן סוכריות טופי חלב 205גר,דילר בי.אמ.די.אינטרנשיונל בעמ,,,"י""ח",205,ל  גרם,false,1,6.90,3.37,true,1,
4823077613203,false,שוקולד רושן מריר עם אגוז שלם 90גר,דילר בי.אמ.די.אינטרנשיונל בעמ,,,"י""ח",90,ל  גרם,false,1,7.90,8.78,true,1,
4823077613630,false,חטיף שוקולד רושן ממולא קרם ברולה 43גר,דילר בי.אמ.די.אינטרנשיונל בעמ,,,"י""ח",40,ל  גרם,false,1,3.90,9.75,true,1,
4823077614675,false,ביסקוויט לקפה רושן בטעם חלב 185ג,דילר בי.אמ.די.אינטרנשיונל בעמ,,,"י""ח",185,ל  גרם,false,1,3.90,2.11,true,1,
4823077614699,false,ביסקוויט לקפה רושן בטעם חמאה וניל 185ג,דילר בי.אמ.די.אינטרנשיונל בעמ,,,"י""ח",185,ל  גרם,false,1,3.90,2.11,true,1,
4823077614767,false,שוקולד רושן חלב נוגט טעם אגוזי לוז 90גר,דילר בי.אמ.די.אינטרנשיונל בעמ,,,"י""ח",90,ל  גרם,false,1,4.90,5.44,true,1,
4823077614804,false,שוקולד רושן חלב נוגט טעם אוכמניות כחול,דילר בי.אמ.די.אינטרנשיונל בעמ,,,"י""ח",90,ל  גרם,false,1,4.90,5.44,true,1,
4823077617041,false,חטיף שוקולד רושן ממולא קרם קרמל 43גר,דילר בי.אמ.די.אינטרנשיונל בעמ,,,"י""ח",43,ל  גרם,false,1,3.90,9.07,true,1,
4823077618901,false,בונבוניירה רושן Shooters ליקר רום 150גר,דילר בי.אמ.די.אינטרנשיונל בעמ,,,"י""ח",150,ל  גרם,false,1,12.90,8.60,true,1,
4823077621659,false,וופל רושן בטעם אגוז 72גר,דילר בי.אמ.די.אינטרנשיונל בעמ,,,"י""ח",72,ל  גרם,false,1,3.90,5.42,true,1,
4823077624223,false,"רושן סוכריות  ג`לי""בוני   פרוט""פירות",דילר בי.אמ.די.אינטרנשיונל בעמ,,,"י""ח",200,ל  גרם,false,1,6.90,3.45,true,1,
4823077624247,false,"רושן סוכריות  ג`לי""בוני   פרוט""טעם הדרים",דילר בי.אמ.די.אינטרנשיונל בעמ,,,"י""ח",200,ל  גרם,false,1,6.90,3.45,true,1,
4823077625589,false,וופל רושן בטעם חלב 216גר,דילר בי.אמ.די.אינטרנשיונל בעמ,,,"י""ח",216,ל  גרם,false,1,6.90,3.19,true,1,
4823077625602,false,וופל רושן בטעם שוקולד 216גר,דילר בי.אמ.די.אינטרנשיונל בעמ,,,"י""ח",216,ל  גרם,false,1,6.90,3.19,true,1,
4823077625626,false,וופל רושן בטעם אגוז 216גר,דילר בי.אמ.די.אינטרנשיונל בעמ,,,"י""ח",216,ל  גרם,false,1,6.90,3.19,true,1,
4823077626203,false,שוקולד רושן אורירי מריר 80גר,דילר בי.אמ.די.אינטרנשיונל בעמ,,,"י""ח",80,ל  גרם,false,1,6.90,8.63,true,1,
4823077626227,false,שוקולד רושן אורירי חלב 80גר,דילר בי.אמ.די.אינטרנשיונל בעמ,,,"י""ח",80,ל  גרם,false,1,6.90,8.63,true,1,
4823077626241,false,שוקולד רושן אורירי לבן קרמל 80גר,דילר בי.אמ.די.אינטרנשיונל בעמ,,,"י""ח",80,ל  גרם,false,1,6.90,8.63,true,1,
4823077626364,false,שוקולד רושן אורירי לבן 80גר,דילר בי.אמ.די.אינטרנשיונל בעמ,,,"י""ח",80,ל  גרם,false,1,6.90,8.63,true,1,
4823077630422,false,סנדוויץ קרקר חלב וניל רושן 235גר,דילר בי.אמ.די.אינטרנשיונל בעמ,,,"י""ח",235,ל  גרם,false,1,9.90,4.21,true,1,
4823077630439,false,סנדוויץ קרקר שוקולד רושן 235גר,דילר בי.אמ.די.אינטרנשיונל בעמ,,,"י""ח",235,ל  גרם,false,1,9.90,4.21,true,1,
4823077630996,false,סנדוויץ קרקר קקאו-אגוז רושן 235גר,דילר בי.אמ.די.אינטרנשיונל בעמ,,,"י""ח",235,ל  גרם,false,1,9.90,4.21,true,1,
4823077631467,false,קרקר עם מלח ים רושן 168גר HI DAY,דילר בי.אמ.די.אינטרנשיונל בעמ,,,"י""ח",168,ל  גרם,false,1,4.90,2.92,true,1,
4823077631474,false,קרקר קלאסי רושן 168גר HI DAY,דילר בי.אמ.די.אינטרנשיונל בעמ,,,"י""ח",168,ל  גרם,false,1,4.90,2.92,true,1,
4823077632112,false,וופל רושן בטעם קקאו חלב 216גר,דילר בי.אמ.די.אינטרנשיונל בעמ,,,"י""ח",216,ל  גרם,false,1,6.90,3.19,true,1,
4823077632259,false,חטיף שוקולד רושן עם בוטנים  43גר,דילר בי.אמ.די.אינטרנשיונל בעמ,,,"י""ח",40,ל  גרם,false,1,3.90,9.75,true,1,
4823077632570,false,שוקולד רושן מריר 85גר Brut,דילר בי.אמ.די.אינטרנשיונל בעמ,,,"י""ח",85,ל  גרם,false,1,6.90,8.12,true,1,
4823077632587,false,שוקולד רושן חלב עם שקד שלם 90גר.,דילר בי.אמ.די.אינטרנשיונל בעמ,,,"י""ח",90,ל  גרם,false,1,7.90,8.78,true,1,
4823077632594,false,שוקולד רושן חלב עם אגוז שלם 90גר,דילר בי.אמ.די.אינטרנשיונל בעמ,,,"י""ח",90,ל  גרם,false,1,7.90,8.78,true,1,
4823077633058,false,"וופל  רול""קונאפטו"" אגוז 140גר",דילר בי.אמ.די.אינטרנשיונל בעמ,,,"י""ח",140,ל  גרם,false,1,6.90,4.93,true,1,
4823077633317,false,עוגיות Lovita שוקולד עם חתיכות ש. 150ג,דילר בי.אמ.די.אינטרנשיונל בעמ,,,"י""ח",150,ל  גרם,false,1,6.90,4.60,true,1,
4823077633324,false,עוגיות שוקוצ`יפס  Lovita חתיכות שוקולד,דילר בי.אמ.די.אינטרנשיונל בעמ,,,"י""ח",150,ל  גרם,false,1,6.90,4.60,true,1,
4823077633348,false,עוגיות רושן  Lovita עם חתיכות בוטנים,דילר בי.אמ.די.אינטרנשיונל בעמ,,,"י""ח",150,ל  גרם,false,1,6.90,4.60,true,1,
4823077633508,false,רושן חטיף וופל במילוי קרם קקאו מצופה 3,דילר בי.אמ.די.אינטרנשיונל בעמ,,,"י""ח",34,ל  גרם,false,1,3.90,11.47,true,1,
4823077633515,false,רושן חטיף וופל במילוי קרם חלבי מצופה,דילר בי.אמ.די.אינטרנשיונל בעמ,,,"י""ח",34,ל  גרם,false,1,3.90,11.47,true,1,
4823077633690,false,בונבוניירה רושן שוטרס ויסקי 150גר,דילר בי.אמ.די.אינטרנשיונל בעמ,,,"י""ח",150,ל  גרם,false,1,12.90,8.60,true,1,
4823077634178,false,עוגיות רושן במילוי תפוח קינמון 168גר,דילר בי.אמ.די.אינטרנשיונל בעמ,,,"י""ח",168,ל  גרם,false,1,6.90,4.11,true,1,
4823077634192,false,עוגיות רושן במילוי דובדבן וניל 168גר,דילר בי.אמ.די.אינטרנשיונל בעמ,,,"י""ח",168,ל  גרם,false,1,6.90,4.11,true,1,
4823077634369,false,שוקולד רושן חלב אוורירי ופצפוצי אורז,דילר בי.אמ.די.אינטרנשיונל בעמ,,,"י""ח",85,ל  גרם,false,1,6.90,8.12,true,1,
4823077634376,false,שוקולד רושן חלב אוורירי קרם אגוזים,דילר בי.אמ.די.אינטרנשיונל בעמ,,,"י""ח",85,ל  גרם,false,1,6.90,8.12,true,1,
4823077634741,false,עוגיות רושן במילוי תות שדה 168גר,דילר בי.אמ.די.אינטרנשיונל בעמ,,,"י""ח",168,ל  גרם,false,1,6.90,4.11,true,1,
4823077635489,false,חטיף וופל קרם קקאו350ג Johny Krocker,דילר בי.אמ.די.אינטרנשיונל בעמ,,,"י""ח",350,ל  גרם,false,1,16.90,4.83,true,1,
4823077635533,false,חטיף וופל קרם חלב350ג Johny Krocker,דילר בי.אמ.די.אינטרנשיונל בעמ,,,"י""ח",350,ל  גרם,false,1,16.90,4.83,true,1,
4823077635793,false,וופלים דקיקים רושן THINS בטעם חלב וניל,דילר בי.אמ.די.אינטרנשיונל בעמ,,,"י""ח",55,ל  גרם,false,1,4.90,8.91,true,1,
4823077635816,false,וופלים דקיקים רושן THINS בטעם אגוזי 55ג,דילר בי.אמ.די.אינטרנשיונל בעמ,,,"י""ח",55,ל  גרם,false,1,4.90,8.91,true,1,
4823077636172,false,וופל רושן בטעם לימון 216גר,דילר בי.אמ.די.אינטרנשיונל בעמ,,,"י""ח",216,ל  גרם,false,1,6.90,3.19,true,1,
4823077636332,false,עוגיות רושן במילוי קרם ש. 127גר LOVITA,דילר בי.אמ.די.אינטרנשיונל בעמ,,,"י""ח",127,ל  גרם,false,1,6.90,5.43,true,1,
4823077636400,false,עוגיות רושן במילוי קרם חלב 127גר LOVIT,דילר בי.אמ.די.אינטרנשיונל בעמ,,,"י""ח",127,ל  גרם,false,1,6.90,5.43,true,1,
4823077636417,false,עוגיות רושן במילוי קרם אגוז 127גר LOVI,דילר בי.אמ.די.אינטרנשיונל בעמ,,,"י""ח",127,ל  גרם,false,1,6.90,5.43,true,1,
4823077636547,false,סוכריות ממולאות בטעם פירות  468גר BIM,דילר בי.אמ.די.אינטרנשיונל בעמ,,,"י""ח",468,ל  גרם,false,1,11.90,2.54,true,1,
4823077636554,false,סוכריות ממולאות קרם טעם חלב  378גר,דילר בי.אמ.די.אינטרנשיונל בעמ,,,"י""ח",378,ל  גרם,false,1,11.90,3.15,true,1,
4823077636561,false,סוכריות ממולאות בטעם חלב קפה  378גר,דילר בי.אמ.די.אינטרנשיונל בעמ,,,"י""ח",378,ל  גרם,false,1,11.90,3.15,true,1,
4823077636578,false,סוכריות טופי כוס חלב 325גר,דילר בי.אמ.די.אינטרנשיונל בעמ,,,"י""ח",325,ל  גרם,false,1,11.90,3.66,true,1,
4903001904192,false,"רוטב סויה יאמאסה פרימיום 500מ""ל",ליימן שליסל,,,"י""ח",500,"ל  מ""ל",false,1,17.90,3.58,false,1,
4903001904208,false,רוטב סויה יאמאסה פרימיום 1 ליטר,ליימן שליסל,,,"י""ח",1,ליטר,false,1,31.90,31.90,false,1,
4903001925784,false,"רוטב סויה יאמאסה דל מלח 500מ""ל פרימיום",ליימן שליסל,,,"י""ח",500,"ל  מ""ל",false,1,17.90,3.58,false,1,
5000157143365,false,"מתבל טעם מיונז וקטשופ 425מ""ל",דיפלומט מפיצים (1968) בעמ**,,,"י""ח",425,ל  גרם,false,1,14.90,3.51,false,1,
5000159376655,false,סוכריות סקיטלס פירות 38גר,מרס ריגלי ישראל בעמ,,,"י""ח",38,ל  גרם,false,1,3,7.89,false,1,
5000159376792,false,סוכריות סקיטלס חמוץ 38גר,מרס ריגלי ישראל בעמ,,,"י""ח",38,ל  גרם,false,1,3,7.89,false,1,
5000159407236,false,מרס חטיף שוק 51גר,מרס ריגלי ישראל בעמ,,,"י""ח",51,ל  גרם,false,1,4.50,8.82,true,1,
5000159414197,false,מלטיזרס 135ג,מרס ריגלי ישראל בעמ,,,"י""ח",1560,ל  גרם,false,1,10.90,0.70,false,1,
5000159452540,false,סניקרס מארז 5 יח,מרס ריגלי ישראל בעמ,,,"י""ח",180,ל  גרם,false,1,12.90,7.17,false,1,
5000159461122,false,סניקרס חטיף 50גר,מרס ריגלי ישראל בעמ,,,"י""ח",51,ל  גרם,false,1,4.50,8.82,true,1,
5000159538626,false,טוויקס מארז 5 יח,מרס ריגלי ישראל בעמ,,,"י""ח",180,ל  גרם,false,1,12.90,7.17,false,1,
5000159538640,false,באונטי מארז 5 יח,מרס ריגלי ישראל בעמ,,,"י""ח",180,ל  גרם,false,1,12.90,7.17,false,1,
5000168199245,false,שוקולד חלב מעולה קרם קרמל 90גר Godi,תה ויסוצקי (ישראל)בעמ,,,"י""ח",90,ל  גרם,false,1,14.90,16.56,true,1,
5000204153729,false,"גלייד ספריי אוטומטי 269מ""ל מילוי",דנשר (1963) בעמ,,,"י""ח",269,"ל  מ""ל",false,1,15.90,5.91,false,1,
5000204155723,false,גלייד מארז אוטומטי מעוצב אקזוטי,דנשר (1963) בעמ,,,"י""ח",269,"ל  מ""ל",false,1,39.90,14.83,false,1,
5000204220933,false,רייד אקסטרה קוטל מעופפים,דנשר (1963) בעמ,,,"י""ח",400,"ל  מ""ל",false,1,14.90,3.73,false,1,
5000204657913,false,קיווי משחת נעליים בקופסא 50גר שחור,דנשר (1963) בעמ,,,"י""ח",50,ל  גרם,false,1,5.80,11.60,false,1,
5000204661392,false,קיווי משחת נעליים בקופסא 100גר,דנשר (1963) בעמ,,,"י""ח",88,"ל  מ""ל",false,1,9.90,11.25,false,1,
5000213014905,false,"גינס פחית 440מ""ל",החברה המרכזית להפצת משקאות בעמ,,,"י""ח",330,"ל  מ""ל",false,1,14.90,4.42,false,1,
5000219009295,false,פאל מאל אדום ארוך 10יחידות,גלוברנדס בעמ,,,"י""ח",1,,false,1,290,290,false,1,
5000219120112,false,פאל מאל כחול ארוך סטרים פילטר,גלוברנדס בעמ,,,"י""ח",1,,false,1,290,290,false,1,
5000267117560,false,ויסקי ג`וני ווקר זהב 0.7ל,החברה המרכזית להפצת משקאות בעמ,,,"י""ח",700,"ל  מ""ל",false,1,179.90,25.66,false,1,
5000299629253,false,"וויסקי בלנטיין 700מ""ל+2כוסות",טמפו משקאות בעמ,,,"י""ח",700,"ל  מ""ל",false,1,89.90,12.80,true,1,
5010026515919,false,מוזלי קריספי נאטי  650ג,ליימן שליסל,,,"י""ח",650,ל  גרם,false,1,24.90,3.83,false,1,
5010026515933,false,מוזלי קריספי פירות ואגוזים  750ג,ליימן שליסל,,,"י""ח",750,ל  גרם,false,1,24.90,3.32,false,1,
5010026515940,false,מוזלי קריספי פרוטי 750ג,ליימן שליסל,,,"י""ח",650,ל  גרם,false,1,24.90,3.83,false,1,
5010182996799,false,ג ל אסלה דאק,דנשר (1963) בעמ,,,"י""ח",1,,false,1,9.90,9.90,false,1,
5010182997338,false,ג ל דאק,דנשר (1963) בעמ,,,"י""ח",55,ל  גרם,false,1,9.90,18,false,1,
5010182998847,false,"טואלט דאק נוזל כחול 750מ""ל",דנשר (1963) בעמ,,,"י""ח",750,"ל  מ""ל",false,1,8.90,1.19,false,1,
5010182998861,false,"טואלט דאק נוזל ירוק 750מ""ל",דנשר (1963) בעמ,,,"י""ח",750,"ל  מ""ל",false,1,8.90,1.19,false,1,
5010327000046,false,"וויסקי גרנטס וויסקי 700 מ""ל",הכרם משקאות חריפים בעמ,,,"י""ח",750,"ל  מ""ל",false,1,66.20,8.79,true,1,
5010677551281,false,"בקרדי בריזר לימון 275 מ""ל",טמפו משקאות בעמ,,,"י""ח",275,"ל  מ""ל",false,1,14.20,5.05,true,1,
5010677552387,false,בקרדי בריזר-אננס.,טמפו משקאות בעמ,,,"י""ח",275,"ל  מ""ל",false,1,14.20,5.05,true,1,
5010677554398,false,"בקרדי בריזר אבטיח 275מ""ל",טמפו משקאות בעמ,,,"י""ח",275,"ל  מ""ל",false,1,14.20,5.05,true,1,
5010677850100,false,"וודקה צרפתית גריי גוס 700מ""ל",מ.אקרמן בעמ,,,"י""ח",750,"ל  מ""ל",false,1,109.90,14.61,true,1,
5011417547885,false,איירוויק מקלות ריחניים,רקיט בנקיזר (ניר איסט) בעמ,,,"י""ח",1,,false,1,14.90,14.90,true,1,
5011417552247,false,איירוויק נטול גז לילך,רקיט בנקיזר (ניר איסט) בעמ,,,"י""ח",345,"ל  מ""ל",false,1,14.90,4.32,true,1,
5014271002675,false,מעדן תפוח קינמון 284ג דלפור,א. סיימן סחר בעמ,,,"י""ח",284,ל  גרם,false,1,23.90,8.42,true,1,
5014271300429,false,מעדן דלפור משמש 284 ג,א. סיימן סחר בעמ,,,"י""ח",284,ל  גרם,false,1,23.90,8.42,true,1,
5014271310428,false,מעדן דובדבן דלפור,א. סיימן סחר בעמ,,,"י""ח",284,ל  גרם,false,1,23.90,8.42,true,1,
5014271330426,false,מעדן אוכמניות דלפור,א. סיימן סחר בעמ,,,"י""ח",284,ל  גרם,false,1,23.90,8.42,true,1,
5014271350424,false,מעדן דלפור פירות יער,א. סיימן סחר בעמ,,,"י""ח",284,ל  גרם,false,1,23.90,8.42,true,1,
5014271360423,false,מעדן דלפור תפוז 284 ג,א. סיימן סחר בעמ,,,"י""ח",284,ל  גרם,false,1,23.90,8.42,true,1,
5014271400426,false,מעדן תות שדה דלפור,א. סיימן סחר בעמ,,,"י""ח",284,ל  גרם,false,1,23.90,8.42,true,1,
5014271560427,false,מעדן  תפוז דלפור,א. סיימן סחר בעמ,,,"י""ח",284,ל  גרם,false,1,23.90,8.42,true,1,
5014271795980,false,מעדן דלפור אוכמניות חמוציות 284גר`,א. סיימן סחר בעמ,,,"י""ח",284,ל  גרם,false,1,23.90,8.42,true,1,
5029053002439,false,קליניקס נייר טואלט  פרימיום צהוב 1/9.,קימברלי קלארק ישראל שיווק בעמ,,,"י""ח",1184,ל  גרם,false,1,31.90,2.69,false,1,
5029053039725,false,טישו קלינקס נטורל פרש 72 דף,קימברלי קלארק ישראל שיווק בעמ,,,"י""ח",72,"י""ח",false,1,10.90,0.15,true,1,
5029053510811,false,קוטקס נורמל 28 יחידות,קימברלי קלארק ישראל שיווק בעמ,,,"י""ח",28,"י""ח",false,1,18.90,0.68,true,1,
5029053510828,false,קוטקס סופר 24 יחידות,קימברלי קלארק ישראל שיווק בעמ,,,"י""ח",24,"י""ח",false,1,18.90,0.79,true,1,
5029053523446,false,קוטקס לילה 20 יחידות,קימברלי קלארק ישראל שיווק בעמ,,,"י""ח",20,"י""ח",false,1,18.90,0.95,true,1,
5029053527581,false,דריי נייטס 4-7 בנות,קימברלי קלארק ישראל שיווק בעמ,,,"י""ח",1,"י""ח",false,1,38.90,38.90,false,1,
5029053527604,false,דריי נייטס בנות 8-15,קימברלי קלארק ישראל שיווק בעמ,,,"י""ח",1,"י""ח",false,1,38.90,38.90,false,1,
5029053534596,false,טמפוני נורמל,קימברלי קלארק ישראל שיווק בעמ,,,"י""ח",1,"י""ח",false,1,27.90,27.90,false,1,
5029053535227,false,קוטקס טמפון+מוליך נורמל,קימברלי קלארק ישראל שיווק בעמ,,,"י""ח",1,"י""ח",false,1,27.90,27.90,false,1,
5029053535234,false,קוטקס טמפון+מוליך סופר,קימברלי קלארק ישראל שיווק בעמ,,,"י""ח",1,"י""ח",false,1,27.90,27.90,false,1,
5029053574103,false,האגיס פול אפס  בנות יום 20יח,קימברלי קלארק ישראל שיווק בעמ,,,"י""ח",1,,false,1,44.90,44.90,false,1,
5029053574141,false,האגיס פול אפס  בנות לילה 18יח,קימברלי קלארק ישראל שיווק בעמ,,,"י""ח",1,,false,1,44.90,44.90,false,1,
5029054220085,false,מגבוני רך נולד 1/4,קימברלי קלארק ישראל שיווק בעמ,,,"י""ח",4,"י""ח",false,1,29.90,7.48,false,1,
5050083559761,false,קלוגס קוקו פופס שוקוס 500 גרם,דיפלומט מפיצים (1968) בעמ**,,,"י""ח",500,ל  גרם,false,1,18.90,3.78,false,1,
5053827193368,false,קלוגס ברנפלקס 500ג,דיפלומט מפיצים (1968) בעמ**,,,"י""ח",500,ל  גרם,false,1,22.90,4.58,false,1,
5060517886486,false,"משקה אנרגיה מונסטר פח 500מ""ל",החברה המרכזית להפצת משקאות בעמ,,,"י""ח",500,"ל  מ""ל",false,1,7,1.34,false,1,
5060517886516,false,"משקה אנרגיה מונסטר זירו פח 500מ""ל",החברה המרכזית להפצת משקאות בעמ,,,"י""ח",500,"ל  מ""ל",false,1,7,1.34,false,1,
5060639129102,false,"משקה אנרגיה מונסטר מנגו פח 500מ""ל",החברה המרכזית להפצת משקאות בעמ,,,"י""ח",500,"ל  מ""ל",false,1,7,1.34,false,1,
5060751219033,false,"משקה אנרגיה מונסטר פח 500מ""ל",החברה המרכזית להפצת משקאות בעמ,,,"י""ח",500,"ל  מ""ל",false,1,7,1.34,false,1,
5099864006384,false,סימילאק למהדרין שלב 2 900 ג`,שקד תבל בעמ ***,,,"י""ח",900,ל  גרם,false,1,79.90,8.88,false,1,
5099864006391,false,סימילאק למהדרין שלב 3 900 ג`,שקד תבל בעמ ***,,,"י""ח",900,ל  גרם,false,1,79.90,8.88,false,1,
5200133120476,false,גלילות וופל ממולאים  בטעם אגוזים וקקאו 4,דיפלומט מפיצים (1968) בעמ**,,,"י""ח",400,ל  גרם,false,1,17.30,4.33,false,1,
5200133120483,false,גלילות וופלים ממולאים קרם  בטעם וניל,דיפלומט מפיצים (1968) בעמ**,,,"י""ח",400,ל  גרם,false,1,17.30,4.33,false,1,
5201184055663,false,שקיות יום הולדת,שמחה זה אנחנו,,,"י""ח",1,,false,1,7.90,7.90,false,1,
5201347400545,false,ויט ארומטיק רצועות שעווה לפנים,רקיט בנקיזר (ניר איסט) בעמ,,,"י""ח",1,"י""ח",false,1,19.90,19.90,true,1,
5201940010110,false,זיתים שחורים 454 גרם,ג.וילי פוד אינטרנשיונל בעמ,,,"י""ח",454,ל  גרם,false,1,16.50,3.63,false,1,
5202175001546,false,חטיף נאצוס בטעם ברביקיו 225גרם,מזרח ומערב יבוא ושיווק,,,"י""ח",225,ל  גרם,false,1,10.90,4.84,false,1,
5202300014496,false,ולפלקס ספרי חזק מאד,דיפלומט מפיצים 1968 בעמ,,,"י""ח",250,"ל  מ""ל",false,1,34.70,13.88,true,1,
5391523057936,false,"סימילאק גולד שלב 2 700מ""ל",שקד תבל בעמ ***,,,"י""ח",700,ל  גרם,false,1,69.90,9.99,false,1,
5391523057943,false,"סימילאק גולד שלב 3 700מ""ל",שקד תבל בעמ ***,,,"י""ח",700,ל  גרם,false,1,69.90,9.99,false,1,
5391523058070,false,סימילק אדוונס פלוס שלב3 700ג,שקד תבל בעמ ***,,,"י""ח",700,ל  גרם,false,1,69.90,9.99,true,1,
5391523058087,false,סימילק אדוונס פלוס שלב2 700ג,שקד תבל בעמ ***,,,"י""ח",700,ל  גרם,false,1,69.90,9.99,true,1,
5410076379378,false,"טייד קולור 5ק""ג",דיפלומט מפיצים 1968 בעמ,,,"י""ח",5,"ק""ג",false,1,36.90,7.38,true,1,
5410091708955,false,"סאיוס ספריי קרטין סטיילינג  400מ""ל",הנקל סוד בעמ,,,"י""ח",400,"ל  מ""ל",false,1,29.90,7.48,true,1,
5410103161617,false,לוריאל טריפל קרם לחות יום יבש ורגי 50מ,לוריאל ישראל קוסמטיקס בעמ,,,"י""ח",15,"ל  מ""ל",false,1,44.90,299.33,false,1,
5410126106022,false,לוטוס ביסקויט מארז חג 2*250ג.,דיפלומט מפיצים (1968) בעמ**,,,"י""ח",500,ל  גרם,false,1,17.90,3.58,true,1,
5410126116953,false,ממרח לוטוס קרמל 400ג,דיפלומט מפיצים (1968) בעמ**,,,"י""ח",312,ל  גרם,false,1,22.90,7.34,false,1,
5410126716016,false,לוטוס ביסקויט בטעם קרמל 250 גרם,דיפלומט מפיצים (1968) בעמ**,,,"י""ח",250,ל  גרם,false,1,13.70,5.48,false,1,
5410291021991,false,ממרח צ`וקטה אגוזי לוז עם קקאו 700גרם,ש.שסטוביץ בעמ,,,"י""ח",385,ל  גרם,false,1,18.90,4.91,false,1,
5410291022011,false,ממרח צ`וקטה אגוזי לוז עם קקאו 350גרם,ש.שסטוביץ בעמ,,,"י""ח",385,ל  גרם,false,1,11.90,3.09,true,1,
5410291022738,false,ממרח צ`וקטה חום לבן  350ג,ש.שסטוביץ בעמ,,,"י""ח",350,ל  גרם,false,1,11.90,3.40,true,1,
5410291022752,false,ממרח צ`וקטה פרווה 350ג,ש.שסטוביץ בעמ,,,"י""ח",350,ל  גרם,false,1,11.90,3.40,true,1,
5410316983693,false,וודקה סמירנוף אייס בודד 275 מ``ל.,החברה המרכזית להפצת משקאות בעמ,,,"י""ח",275,"ל  מ""ל",false,1,14,4.98,false,1,
5411188096108,false,אלפרו סויה לבישול  5%,שטראוס גרופ ***בעמ,,,"י""ח",250,"ל  מ""ל",false,1,9.90,3.96,true,1,
5411188110835,false,אלפרו חלב סויה שקדים,שטראוס גרופ בעמ,,,"י""ח",1,ליטר,false,1,13.90,13.90,true,1,
5411188112709,false,אלפרו שקדים ללא סוכר 1ל,שטראוס גרופ בעמ,,,"י""ח",1,ליטר,false,1,13.90,13.90,true,1,
5411188115366,false,אלפרו משקה שיבולת שועל 1ל,שטראוס גרופ בעמ,,,"י""ח",1,ליטר,false,1,13.90,13.90,true,1,
5411188115472,false,אלפרו סויה 1ל אלפרו,שטראוס גרופ בעמ,,,"י""ח",1,ליטר,false,1,13.90,13.90,true,1,
5411188120957,false,"אלפרו קוקוס לבישול 250מ""ל",שטראוס גרופ ***בעמ,,,"י""ח",250,"ל  מ""ל",false,1,9.90,3.96,true,1,
5411188121923,false,אלפרו סויה סידן  1/3,שטראוס גרופ בעמ,,,"י""ח",750,"ל  מ""ל",false,1,15.90,2.12,true,1,
5411188121978,false,אלפרו סויה שוקו 1/3,שטראוס גרופ בעמ,,,"י""ח",750,"ל  מ""ל",false,1,15.90,2.12,true,1,
5411188124689,false,"אלפרו משקה שיבולת שועל לל""ס 1ל",שטראוס גרופ בעמ,,,"י""ח",1,ליטר,false,1,13.90,13.90,true,1,
5411188124726,false,אלפרו משקה שיבולת שועל שקדים 1ל,שטראוס גרופ בעמ,,,"י""ח",1,ליטר,false,1,13.90,13.90,true,1,
5411188129899,false,אלפרו בריסטה שקדים  1ליטר,שטראוס גרופ בעמ,,,"י""ח",1,ליטר,false,1,13.90,13.90,true,1,
5411188134985,false,אלפרו 3.5%שומן MLKשיבולת שועל  1ליטר,שטראוס גרופ ***בעמ,,,"י""ח",1,ליטר,false,1,13.90,13.90,true,1,
5411188135005,false,אלפרו 1.8%שומן MLKשיבולת שועל  1ליטר,שטראוס גרופ ***בעמ,,,"י""ח",1,ליטר,false,1,13.90,13.90,true,1,
5411188300328,false,חלב סויה שוקו 1ל אלפרו,שטראוס גרופ בעמ,,,"י""ח",1,ליטר,false,1,15.90,15.90,true,1,
5411188513483,false,"אלפרו סויה לבישול 14% שומן 250מ""ל",שטראוס גרופ ***בעמ,,,"י""ח",250,"ל  מ""ל",false,1,9.90,3.96,true,1,
5411188543398,false,אלפרו סויה ללא סוכר 1ל אלפרו,שטראוס גרופ בעמ,,,"י""ח",1,ליטר,false,1,13.90,13.90,true,1,
5413149655522,false,"אריאל שושן צחור 1.25ק""ג",דיפלומט מפיצים 1968 בעמ,,,"י""ח",2.50,"ק""ג",false,1,19.90,7.96,false,1,
5413149922907,false,"אריאל 5ק""ג קולור",דיפלומט מפיצים 1968 בעמ,,,"י""ח",5,"ק""ג",false,1,44.90,8.98,true,1,
5413149930025,false,"טייד 5ק""ג רגיל",דיפלומט מפיצים 1968 בעמ,,,"י""ח",5,"ק""ג",false,1,36.90,7.38,true,1,
5413548040479,false,בונ` רפאלו 240גר`,פרימיום - חברה לדברי מתיקה ולמ,,,"י""ח",240,ל  גרם,false,1,23.90,9.96,false,1,
5701932026964,false,הוטפופ מלוח 600 גרם,ליימן שליסל,,,"י""ח",600,ל  גרם,false,1,16.90,2.82,true,1,
5701932026971,false,הוטפופ חמאה 600 גרם,ליימן שליסל,,,"י""ח",600,ל  גרם,false,1,16.90,2.82,true,1,
5701932026995,false,הוטפופ לייט טבעי 500גר.,ליימן שליסל,,,"י""ח",510,ל  גרם,false,1,16.90,3.31,true,1,
5705550300963,false,ביצי דג 200ג שיבוט,בני ג ורג שוקחה (חיפה) בעמ,,,"י""ח",200,ל  גרם,false,1,10.90,5.45,false,1,
5710840210013,false,בא לי שג לבן סופר עדין 40גר,דובק בעמ,,,"י""ח",1,,false,1,94,94,false,1,
5711953106583,false,גבינת  ארלה שמנת 24% שומן   200גר,שטראוס גרופ ***בעמ,,,"י""ח",200,ל  גרם,false,1,14.90,7.45,true,1,
5711953106590,false,גבינת שמנת 24% שומן עם שום  200ג.,שטראוס גרופ ***בעמ,,,"י""ח",200,ל  גרם,false,1,14.90,7.45,true,1,
5711953106606,false,גבינת שמנת 24% שומן עם עשבי תיבול  200,שטראוס גרופ ***בעמ,,,"י""ח",200,ל  גרם,false,1,14.90,7.45,true,1,
5711953148347,false,גבינת שמנת טבעי ארלה 300ג,שטראוס גרופ ***בעמ,,,"י""ח",300,ל  גרם,false,1,24.90,8.30,true,1,
5740900403215,false,ממרח לורפק עם מלח 250גר,שטראוס גרופ ***בעמ,,,"י""ח",250,ל  גרם,false,1,16.90,6.76,true,1,
5740900403222,false,ממרח לורפק עם מלח מופחת שומן 250גר,שטראוס גרופ ***בעמ,,,"י""ח",250,ל  גרם,false,1,16.90,6.76,true,1,
5740900403239,false,.ממרח לורפק ללא מלח 250גר,שטראוס גרופ ***בעמ,,,"י""ח",250,ל  גרם,false,1,16.90,6.76,true,1,
5740900403246,false,ממרח לורפק ללא מלח 500גר,שטראוס גרופ ***בעמ,,,"י""ח",500,ל  גרם,false,1,27.90,5.58,true,1,
5740900403253,false,ממרח לורפק עם מלח 500גר,שטראוס גרופ ***בעמ,,,"י""ח",500,ל  גרם,false,1,27.90,5.58,true,1,
5740900403260,false,ממרח לורפק ללא מלח מופחת שומן 250גר,שטראוס גרופ ***בעמ,,,"י""ח",250,ל  גרם,false,1,16.90,6.76,true,1,
5740900403864,false,לורפק חמאה עם מלח  200גר,שטראוס גרופ ***בעמ,,,"י""ח",200,ל  גרם,false,1,11.50,5.75,true,1,
5900017062419,false,"תחליב רחצה ורדים ושמן שקדים 750מ""ל",אלפא ב.ד.ף בעמ,,,"י""ח",750,"ל  מ""ל",false,1,15.90,2.12,true,1,
5900020015174,false,פיטנס חטיף דגנים שוקולד 141ג,קבוצת אוסם סחר-שות.מוגבלת,,,"י""ח",141,ל  גרם,false,1,16.70,11.84,true,1,
5900020018908,false,פיטנס חטיף דגנים קרם עוגיות  141ג,קבוצת אוסם סחר-שות.מוגבלת,,,"י""ח",141,ל  גרם,false,1,16.70,11.84,true,1,
5900020024770,false,פיטנס בר דליס שוקולד אגוז 135ג,קבוצת אוסם סחר-שות.מוגבלת,,,"י""ח",135,ל  גרם,false,1,16.70,12.37,true,1,
5900020025647,false,פיטנס בר דליס שוקולד חלב 135ג,קבוצת אוסם סחר-שות.מוגבלת,,,"י""ח",135,ל  גרם,false,1,15.90,11.78,true,1,
5900020026552,false,האני נאט צ`יריוס עידן הקרח 625גר,קבוצת אוסם סחר-שות.מוגבלת,,,"י""ח",615,ל  גרם,false,1,27.90,4.54,true,1,
5900020029669,false,פיטנס חטיף דגניפ פירות יער 6*23.5ג,קבוצת אוסם סחר-שות.מוגבלת,,,"י""ח",135,ל  גרם,false,1,16.90,12.52,true,1,
5900020034991,false,דגני בוקר קראנץ צדפים טעם שוקולד 450גר,קבוצת אוסם סחר-שות.מוגבלת,,,"י""ח",450,ל  גרם,false,1,24.90,5.53,true,1,
5900020036407,false,סיני מיניס קרייזי קראש 410גר.,קבוצת אוסם סחר-שות.מוגבלת,,,"י""ח",410,ל  גרם,false,1,26.90,6.56,true,1,
5900020039620,false,פיטנס חטיף דגנים שקדים 6.8*23.5גר פרוו,קבוצת אוסם סחר-שות.מוגבלת,,,"י""ח",141,ל  גרם,false,1,16.70,11.84,true,1,
5900627063233,false,פיניש 50 טבליות AIO  MAX,רקיט בנקיזר (ניר איסט) בעמ,,,"י""ח",50,"י""ח",false,1,39.90,0.80,true,1,
5900627066715,false,פיניש 100 טבליות AIO,רקיט בנקיזר (ניר איסט) בעמ,,,"י""ח",100,"י""ח",false,1,59.90,0.60,true,1,
5900907001429,false,אסורטי 920 גרם,דברים טובים סגל בעמ,,,"י""ח",900,ל  גרם,false,1,15.20,1.69,false,1,
5900951283963,false,סניקרס קרימי חמאת בוטנים  36.5גר,מרס ריגלי ישראל בעמ,,,"י""ח",36,ל  גרם,false,1,4.50,12.50,true,1,
5901414200411,false,היט מינ שוק 130ג,ליימן שליסל,,,"י""ח",130,ל  גרם,false,1,6.90,5.31,true,1,
5901483010508,false,תה דובדבן,דברים טובים סגל בעמ,,,"י""ח",375,ל  גרם,false,1,8.90,2.37,false,1,
5901483020101,false,תה פטל,דברים טובים סגל בעמ,,,"י""ח",37.50,ל  גרם,false,1,8.90,23.73,false,1,
5901483020408,false,תה תות בר 25 יח,דברים טובים סגל בעמ,,,"י""ח",50,ל  גרם,false,1,8.90,17.80,false,1,
5901888020546,false,חטיף דגנים עם קינואה ומלח ים 70גר,דנשר (1963) בעמ,,,"י""ח",70,"ל  מ""ל",false,1,12.90,18.43,false,1,
5901888020560,false,חטיף דגנים עם קינואה טעם עשבי תיבול 70,דנשר (1963) בעמ,,,"י""ח",70,ל  גרם,false,1,12.90,18.43,false,1,
5902198160403,false,משקה אנרגיה XL TEN,טמפו משקאות בעמ,,,"י""ח",250,"ל  מ""ל",false,1,4,1.48,true,1,
5904941750312,false,משקה אנרגיה בלו מוחיטו,בני פאוזי שמשום (2009) בעמ,,,"י""ח",250,"ל  מ""ל",false,1,4.50,1.68,true,1,
5904941751241,false,משקה אנרגיה בלו  דיי סיקס ללא סוכר,בני פאוזי שמשום (2009) בעמ,,,"י""ח",250,"ל  מ""ל",false,1,4.50,1.68,true,1,
5904941751302,false,משקה אנרגיה בלו רגולר  כחול,בני פאוזי שמשום (2009) בעמ,,,"י""ח",250,"ל  מ""ל",false,1,3.90,1.44,true,1,
5904941751524,false,משקה אנרגיה בלו אבטיח,בני פאוזי שמשום (2009) בעמ,,,"י""ח",250,"ל  מ""ל",false,1,4.50,1.68,true,1,
5904941751715,false,משקה אנרגיה בלו רגולר קרנברי,בני פאוזי שמשום (2009) בעמ,,,"י""ח",250,"ל  מ""ל",false,1,3.90,1.44,true,1,
5904941751920,false,משקה אנרגיה בלו day,בני פאוזי שמשום (2009) בעמ,,,"י""ח",250,"ל  מ""ל",false,1,4.50,1.68,true,1,
5906485301012,false,משקה אנרגיה XL,טמפו משקאות בעמ,,,"י""ח",250,"ל  מ""ל",false,1,4,1.48,true,1,
5997321701806,false,"קלגון 1 ק""ג",רקיט בנקיזר (ניר איסט) בעמ,,,"י""ח",1,"ק""ג",false,1,29.90,29.90,false,1,
5998710131877,false,ממתק שוקולד CHERRY QUEEN,דילר בי.אמ.די.אינטרנשיונל בעמ,,,"י""ח",36,ל  גרם,false,1,3.90,10.83,true,1,
6008165003984,false,פל מאל כחול בודד,גלוברנדס בעמ,,,"י""ח",1,,false,1,29.50,29.50,false,1,
6008165274629,false,פאל מאל כחול ארוך סטרים,גלוברנדס בעמ,,,"י""ח",0,"י""ח",false,1,29.50,29.50,false,1,
6111049000051,false,סרדינים בשמן סויה עם פלפל חריף,ויצמן פרימיום בעמ,,,"י""ח",1,,false,1,4.90,4.90,false,1,
6111049002055,false,סרדינים בשמן סויה,ויצמן פרימיום בעמ,,,"י""ח",1,,false,1,4.90,4.90,false,1,
6111119000011,false,"קוסקוס אורגינל פרידה 1ק""ג",ויצמן פרימיום בעמ,,,"י""ח",1,,false,1,12.90,12.90,false,1,
6281001510390,false,קולגייט סמיילס,ש.שסטוביץ בעמ,,,"י""ח",1,,false,1,10.90,10.90,true,1,
6281031266472,false,פה דאורדורנט ספריי,הנקל סוד בעמ,,,"י""ח",200,"ל  מ""ל",false,1,10.90,5.45,true,1,
6901022100416,false,שום כתוש.,ביכורי השדה צפון 1994 ג.ד. בעמ,,,"י""ח",1,,false,1,9.90,9.90,false,1,
6910191800287,false,אצות נור בלו 10דף,מזרח ומערב יבוא ושיווק,,,"י""ח",10,"י""ח",false,1,13.90,1.39,true,1,
6912977000140,false,אטריות  שעועית 250ג,מזרח ומערב יבוא ושיווק,,,"י""ח",200,ל  גרם,false,1,10.90,5.45,true,1,
6922276100083,false,מחית וואסבי 43,מזרח ומערב יבוא ושיווק,,,"י""ח",500,ל  גרם,false,1,11.90,2.38,false,1,
6924485403252,false,טוש 12יח,צבע ומכחול (2014) בעמ,,,"י""ח",1,,false,1,9.90,9.90,false,1,
6928325117606,false,פית גלידה פלסטי חב 30,ח.כהן סוכנות מזון ומשקאות בע,,,"י""ח",1,,false,1,4.90,4.90,false,1,
6930126758636,false,מכשירי כתיבה,צבע ומכחול (2014) בעמ,,,"י""ח",1,,false,1,7.50,7.50,false,1,
6930691021029,false,מרקר זוהר,צבע ומכחול (2014) בעמ,,,"י""ח",1,,false,1,9.90,9.90,false,1,
6934582521216,false,מספריים,צבע ומכחול (2014) בעמ,,,"י""ח",1,,false,1,5.90,5.90,false,1,
6934930849016,false,שמן חמניות  1 ליטר.,ישרא-בר שמנים ותבואות בעמ,,,"י""ח",1,ליטר,false,1,9.90,9.90,true,1,
6934932049728,false,אוכמניות,ביכורי השדה צפון 1994 ג.ד. בעמ,,,"י""ח",1,,false,1,15.90,15.90,true,1,
6936613888667,false,שום ארוז.,ביכורי השדה צפון 1994 ג.ד. בעמ,,,"י""ח",1,,false,1,7.90,7.90,true,1,
6936745600462,false,"מירין  500מ""ל",מזרח ומערב יבוא ושיווק,,,"י""ח",500,"ל  מ""ל",false,1,22.90,4.58,false,1,
7162203020001,false,פוך חורף רוזה יחיד,דהן פרוספר בעמ,,,"י""ח",1,,false,1,99.90,99.90,false,1,
7162203027017,false,פוך חורף באבא זוגי,דהן פרוספר בעמ,,,"י""ח",1,,false,1,129.90,129.90,false,1,
7162204035011,false,שמיכת כבש ממולאת פפיטה זוגי,דהן פרוספר בעמ,,,"י""ח",1,,false,1,119.90,119.90,true,1,
7162205033023,false,סט מצעים חורף אנגורה זוגי,דהן פרוספר בעמ,,,"י""ח",1,,false,1,139.90,139.90,false,1,
7200029736291,false,"קמח  מנופה 1ק""ג שטיבל כחול",ח.כהן סוכנות מזון ומשקאות בע,,,"י""ח",1,"ק""ג",false,1,7.90,7.90,false,1,
7262626088173,false,גרבי אנגורה 4 צבעים,ביג מול בעמ,,,"י""ח",183,ל  גרם,false,1,9.90,5.41,false,1,
7262626088197,false,טייץ טרמי צבעוני,ביג מול בעמ,,,"י""ח",183,ל  גרם,false,1,29.90,16.34,false,1,
7262626088272,false,מטריה,ביג מול בעמ,,,"י""ח",1,,false,1,39.90,39.90,false,1,
7262626088289,false,מטריה,ביג מול בעמ,,,"י""ח",1,,false,1,39.90,39.90,false,1,
7270137700194,false,מדליק פחם מוצק,ח.כהן סוכנות מזון ומשקאות בע,,,"י""ח",1,"י""ח",false,1,5.90,5.90,false,1,
7271730901261,false,פסטה עם גבינה 156ג,מור ים מרקטינג בעמ,,,"י""ח",156,ל  גרם,false,1,11.90,7.63,false,1,
7290000000374,false,פטריות טרי במגש שמיטה,ביכורי השדה צפון 1994 ג.ד. בעמ,,,"י""ח",1,,false,1,10.90,10.90,true,1,
7290000000848,false,מנגו בקופסא,ביכורי השדה צפון 1994 ג.ד. בעמ,,,"י""ח",1,,false,1,4.90,4.90,false,1,
7290000000848,false,תירס ארוז,ביכורי השדה צפון 1994 ג.ד. בעמ,,,"ק""ג",1,,true,1,19.90,19.90,false,1,
7290000000978,false,גלאט קטיף,ביכורי השדה צפון 1994 ג.ד. בעמ,,,"י""ח",1,,false,1,6.90,6.90,true,1,
7290000000985,false,גלאט קטיף פטרוזיליה.,ביכורי השדה צפון 1994 ג.ד. בעמ,,,"י""ח",1,,false,1,5.90,5.90,true,1,
7290000001043,false,כרוב לבן מהדרין-ברכת קטיף,ביכורי השדה צפון 1994 ג.ד. בעמ,,,"ק""ג",1,,true,1,14.90,14.90,false,1,
7290000001074,false,כרוב אדום מהדרין-ברכת קטיף,ביכורי השדה צפון 1994 ג.ד. בעמ,,,"ק""ג",1,,true,1,15.90,15.90,false,1,
7290000001579,false,סלרי עלים גלאט,ביכורי השדה צפון 1994 ג.ד. בעמ,,,"י""ח",1,,false,1,5.90,5.90,true,1,
7290000001586,false,גלאט קטיף שמיר,ביכורי השדה צפון 1994 ג.ד. בעמ,,,"י""ח",1,,false,1,6.90,6.90,true,1,
7290000001593,false,גלאט קטיף נענע,ביכורי השדה צפון 1994 ג.ד. בעמ,,,"י""ח",1,,false,1,6.90,6.90,true,1,
7290000001609,false,עלי סלק יחידה גלאט,ביכורי השדה צפון 1994 ג.ד. בעמ,,,"י""ח",1,,false,1,6.90,6.90,false,1,
7290000001616,false,כוסברה מהדרין,ביכורי השדה צפון 1994 ג.ד. בעמ,,,"י""ח",1,,false,1,5.90,5.90,true,1,
7290000012162,false,כמון,ח.כהן סוכנות מזון ומשקאות בע,,,"ק""ג",1,,true,1,50,50,false,1,
7290000023007,false,סטוק }84 ברנדי{ כש,טמפו משקאות בעמ,,,"י""ח",750,ל  גרם,false,1,79.90,10.61,true,1,
7290000023083,false,"ארק אשקלון 40% 700מ""ל",טמפו משקאות בעמ,,,"י""ח",700,"ל  מ""ל",false,1,55.90,7.94,true,1,
7290000023830,false,קלאסיק  קברנה בלאש.,טמפו משקאות בעמ,,,"י""ח",750,"ל  מ""ל",false,1,32.90,4.35,true,1,
7290000024219,false,רזרב אמרלד ריזלינג 750ברקן,טמפו משקאות בעמ,,,"י""ח",750,"ל  מ""ל",false,1,44.90,5.95,true,1,
7290000024264,false,רזרב מרלו ברקן,טמפו משקאות בעמ,,,"י""ח",750,"ל  מ""ל",false,1,44.90,5.95,true,1,
7290000024523,false,תירוש של סגל 1ל.,טמפו משקאות בעמ,,,"י""ח",7.50,"י""ח",false,1,15.90,2.08,true,1,
7290000034256,false,ביסקוויט הדר תירוש חצי מצופה  175ג,ח.כהן סוכנות מזון ומשקאות בע,,,"י""ח",175,ל  גרם,false,1,5.90,3.37,true,1,
7290000040042,false,יופלה תות 3%,תנובה בעמ ***,,,"י""ח",150,"ל  מ""ל",false,1,5.40,3.60,false,1,
7290000040066,false,יופלה דובדבן,תנובה בעמ ***,,,"י""ח",150,"ל  מ""ל",false,1,5.40,3.60,false,1,
7290000040080,false,יופלה אפרסק,תנובה בעמ ***,,,"י""ח",150,"ל  מ""ל",false,1,5.40,3.60,false,1,
7290000040301,false,קממבר 125   ג`תנובה,תנובה בעמ ***,,,"י""ח",125,ל  גרם,false,1,20.20,16.16,false,1,
7290000040462,false,טוסטי עמק אמריקאי אדם 200גר,תנובה בעמ ***,,,"י""ח",200,ל  גרם,false,1,18.90,9.45,false,1,
7290000041407,false,גילה 125,תנובה בעמ ***,,,"י""ח",125,"ל  מ""ל",false,1,0.90,0.72,false,1,
7290000041445,false,~קוט ג  }5%  בדץ  תנובה{,תנובה בעמ ***,,,"י""ח",275,ל  גרם,false,1,5.90,2.15,false,1,
7290000041858,false,שמנת יוטבתה 200,שטראוס גרופ ***בעמ,,,"י""ח",200,"ל  מ""ל",false,1,2.40,1.20,true,1,
7290000042008,false,.חלב   שקית}תנובה% *3,תנובה בעמ ***,,,"י""ח",1,ליטר,false,1,5.43,5.43,false,1,
7290000042015,false,חלב שקית   מהדרין 3%  תנובה*,תנובה בעמ ***,,,"י""ח",1,ליטר,false,1,5.43,5.43,false,1,
7290000042404,false,חלב 1 ל  3%  שקית}יטבתה{,שטראוס גרופ ***בעמ,,,"י""ח",1,ליטר,false,1,5.90,5.90,true,1,
7290000042435,false,חלב  קרטון דל שומן 1  ל תנובה 1%,תנובה בעמ ***,,,"י""ח",1,ליטר,false,1,5.86,5.86,false,1,
7290000042442,false,חלב בקרטון +3%פקק}תנובה   1 ל`*,תנובה בעמ ***,,,"י""ח",1,ליטר,false,1,6.23,6.23,false,1,
7290000042640,false,"חלב עמיד 250 מ""ל",תנובה בעמ ***,,,"י""ח",250,"ל  מ""ל",false,1,3.10,1.24,false,1,
7290000042855,false,שוקו יטבתה 250,שטראוס גרופ ***בעמ,,,"י""ח",225,"ל  מ""ל",false,1,2.90,1.29,true,1,
7290000043012,false,"שוקו עמיד קרטון 250מ""ל 2%",תנובה בעמ ***,,,"י""ח",250,"ל  מ""ל",false,1,4.90,1.96,false,1,
7290000043814,false,"שמנת עמידה  38% להקצפה 250  מ""ל*(תנובה",תנובה בעמ ***,,,"י""ח",250,"ל  מ""ל",false,1,6.47,2.59,false,1,
7290000043890,false,ריויון 1 ליטר קרטון 1.5% שומן,תנובה בעמ ***,,,"י""ח",1.0350,ליטר,false,1,11.90,11.50,false,1,
7290000043944,false,יוגורט  בכד 1.5 ליטר 4.5%,תנובה בעמ ***,,,"י""ח",1.50,ליטר,false,1,17.30,11.53,false,1,
7290000044712,false,".פרילי  תות 500 מ""ל.",תנובה בעמ ***,,,"י""ח",500,"ל  מ""ל",false,1,10.90,2.18,false,1,
7290000044880,false,באדי תות אננס,תנובה בעמ ***,,,"י""ח",500,"ל  מ""ל",false,1,9.40,1.88,false,1,
7290000045580,false,נעמה 240גר,תנובה בעמ ***,,,"י""ח",240,ל  גרם,false,1,17.90,7.46,false,1,
7290000045771,false,יוגורט 3 ליטר 4.5%,תנובה בעמ ***,,,"י""ח",3,ליטר,false,1,31.90,10.63,false,1,
7290000045917,false,גבינת  עיזים(פרומעז) גליל 200גר,תנובה בעמ ***,,,"י""ח",1,,false,1,26.90,26.90,false,1,
7290000046020,false,"גלבוע  22% שקילה}גבנ""צ{*.",תנובה בעמ ***,,,"ק""ג",1000,ל  גרם,true,1,42.58,4.26,false,1,
7290000046327,false,גלבוע  פרוס]תנובה[ 200ג,תנובה בעמ ***,,,"י""ח",200,ל  גרם,false,1,13.80,6.90,false,1,
7290000046563,false,פרמזן  חריץ תנובה שקיל,תנובה בעמ ***,,,"ק""ג",1000,ל  גרם,true,1,121.30,12.13,false,1,
7290000047546,false,כנען 500 ג,תנובה בעמ ***,,,"י""ח",500,ל  גרם,false,1,24.90,4.98,false,1,
7290000047621,false,גבינה לבנה 5% תנובה  250  גרם*,תנובה בעמ ***,,,"י""ח",250,ל  גרם,false,1,4.70,1.88,false,1,
7290000047942,false,גבינה לבנה 9% רכה 250 גרם,תנובה בעמ ***,,,"י""ח",250,ל  גרם,false,1,4.90,1.96,false,1,
7290000048185,false,גבינה%5  תנובה 250גרם*,תנובה בעמ ***,,,"י""ח",250,ל  גרם,false,1,4.98,1.99,false,1,
7290000048192,false,גבינה 9%  250 גרם,תנובה בעמ ***,,,"י""ח",250,ל  גרם,false,1,4.90,1.96,false,1,
7290000048413,false,חמד פיראוס 16% 250גר,תנובה בעמ ***,,,"י""ח",250,ל  גרם,false,1,17.90,7.16,false,1,
7290000048437,false,צפתית  פיראוס 200  ג%`5,תנובה בעמ ***,,,"י""ח",200,ל  גרם,false,1,15.40,7.70,false,1,
7290000056951,false,"שמנת לבישול 500 תנובה מ""ל",תנובה בעמ ***,,,"י""ח",500,"ל  מ""ל",false,1,17.50,3.50,false,1,
7290000058580,false,קוקילידה וניל,נגה גלידות,,,"י""ח",1,,false,1,9,9,true,1,
7290000060071,false,חטיפי פריכונים מאורז מלא.,קבוצת אוסם סחר-שות.מוגבלת,,,"י""ח",1,,false,1,9.30,9.30,false,1,
7290000060088,false,בייגלה מקלות מלוחים 400גרם,קבוצת אוסם סחר-שות.מוגבלת,,,"י""ח",400,ל  גרם,false,1,11.70,2.93,false,1,
7290000060163,false,אטריות דקות 400 גרם אוסם.,קבוצת אוסם סחר-שות.מוגבלת,,,"י""ח",400,ל  גרם,false,1,7.90,1.98,true,1,
7290000060200,false,פתיתים אפויים 500 גרם אסם,קבוצת אוסם סחר-שות.מוגבלת,,,"י""ח",500,ל  גרם,false,1,6.90,1.38,true,1,
7290000060248,false,פרומנטי פתיתים,קבוצת אוסם סחר-שות.מוגבלת,,,"י""ח",500,ל  גרם,false,1,6.90,1.38,true,1,
7290000060286,false,פארפל בתנור גדול,שונות /שרות,,,"י""ח",400,ל  גרם,false,1,7.49,1.87,false,1,
7290000060385,false,פודינג אינסטנט ויל 320ג,קבוצת אוסם סחר-שות.מוגבלת,,,"י""ח",320,ל  גרם,false,1,19.90,6.22,false,1,
7290000060408,false,טבעות פתיתים 500 גרם,קבוצת אוסם סחר-שות.מוגבלת,,,"י""ח",500,ל  גרם,false,1,6.90,1.38,true,1,
7290000060415,false,לזניה לה 500  ג` פרפקטו אוסם,קבוצת אוסם סחר-שות.מוגבלת,,,"י""ח",500,ל  גרם,false,1,15.90,3.18,false,1,
7290000060576,false,פתיתים אפויים כוכבים 500,קבוצת אוסם סחר-שות.מוגבלת,,,"י""ח",500,"ל  מ""ל",false,1,6.90,1.38,true,1,
7290000060781,false,פרומנטי פתיתים מסולסלים אוסם,קבוצת אוסם סחר-שות.מוגבלת,,,"י""ח",500,ל  גרם,false,1,6.90,1.38,true,1,
7290000060811,false,אקסטרים מטבע ענק 120גר,נגה גלידות,,,"י""ח",120,ל  גרם,false,1,8,6.67,true,1,
7290000060842,false,פרומנטי פת.צדפות,קבוצת אוסם סחר-שות.מוגבלת,,,"י""ח",500,ל  גרם,false,1,6.90,1.38,true,1,
7290000060880,false,~פרומנטי ספגטי אוסם,קבוצת אוסם סחר-שות.מוגבלת,,,"י""ח",500,ל  גרם,false,1,6.90,1.38,true,1,
7290000060903,false,פתיתים אפויים אורז אוסם,קבוצת אוסם סחר-שות.מוגבלת,,,"י""ח",500,ל  גרם,false,1,6.90,1.38,true,1,
7290000060958,false,איטריות בינוניות אוסם,קבוצת אוסם סחר-שות.מוגבלת,,,"י""ח",400,ל  גרם,false,1,7.90,1.98,true,1,
7290000060965,false,איטריות רחבות אוסם,קבוצת אוסם סחר-שות.מוגבלת,,,"י""ח",400,ל  גרם,false,1,7.90,1.98,true,1,
7290000061061,false,קרם קרקר טעם בצל,קבוצת אוסם סחר-שות.מוגבלת,,,"י""ח",250,ל  גרם,false,1,10.90,4.36,true,1,
7290000061108,false,רוטב טריאקי,קבוצת אוסם סחר-שות.מוגבלת,,,"י""ח",290,"ל  מ""ל",false,1,11.90,4.10,true,1,
7290000061245,false,עוגיות שוקוציפס אוסם,קבוצת אוסם סחר-שות.מוגבלת,,,"י""ח",220,ל  גרם,false,1,10.90,4.95,true,1,
7290000061764,false,קפה  רד מאג 200גר`,קבוצת אוסם סחר-שות.מוגבלת,,,"י""ח",200,ל  גרם,false,1,22.40,11.20,false,1,
7290000062129,false,"פודינג אינסטנט וניל  1 ק""ג",קבוצת אוסם סחר-שות.מוגבלת,,,"י""ח",1,"ק""ג",false,1,24.90,24.90,false,1,
7290000062952,false,מיני קרוטונים למרק ולסלט אוסם,קבוצת אוסם סחר-שות.מוגבלת,,,"י""ח",250,ל  גרם,false,1,16.20,6.48,false,1,
7290000063102,false,קמח תופח 350גרם,קבוצת אוסם סחר-שות.מוגבלת,,,"י""ח",350,ל  גרם,false,1,5.90,1.69,false,1,
7290000063133,false,שקדי מרק  100 ג אוסם,קבוצת אוסם סחר-שות.מוגבלת,,,"י""ח",100,ל  גרם,false,1,6.30,6.30,false,1,
7290000063140,false,שקדי מרק 400  ג{אסם},קבוצת אוסם סחר-שות.מוגבלת,,,"י""ח",400,ל  גרם,false,1,11.90,2.98,true,1,
7290000063157,false,"קמח עוגה תופח 1 ק""ג",קבוצת אוסם סחר-שות.מוגבלת,,,"י""ח",1,"ק""ג",false,1,9.90,9.90,true,1,
7290000064758,false,קוסקוס 350 גרם אוסם,קבוצת אוסם סחר-שות.מוגבלת,,,"י""ח",350,ל  גרם,false,1,9.20,2.63,false,1,
7290000064871,false,מנה חמה פירה עם בצל,קבוצת אוסם סחר-שות.מוגבלת,,,"י""ח",87,ל  גרם,false,1,6.90,7.93,true,1,
7290000065090,false,מיני קרוטונים למרק וסלט אוסם,קבוצת אוסם סחר-שות.מוגבלת,,,"י""ח",400,ל  גרם,false,1,26.50,6.63,false,1,
7290000065540,false,מנה חמה איטריות,קבוצת אוסם סחר-שות.מוגבלת,,,"י""ח",55,ל  גרם,false,1,6.90,12.55,true,1,
7290000065557,false,מנה חמה-קוסקוס,קבוצת אוסם סחר-שות.מוגבלת,,,"י""ח",50,ל  גרם,false,1,6.90,13.80,true,1,
7290000066141,false,ביסלי  גריל}קטן{,קבוצת אוסם סחר-שות.מוגבלת,,,"י""ח",70,ל  גרם,false,1,4.40,6.29,true,1,
7290000066189,false,ביסלי  פלאפל}גדול{,קבוצת אוסם סחר-שות.מוגבלת,,,"י""ח",200,ל  גרם,false,1,8.90,4.45,true,1,
7290000066196,false,ביסלי  גדול גריל,קבוצת אוסם סחר-שות.מוגבלת,,,"י""ח",200,ל  גרם,false,1,8.90,4.45,true,1,
7290000066226,false,ביסלי פיצה}גדול{,קבוצת אוסם סחר-שות.מוגבלת,,,"י""ח",200,ל  גרם,false,1,8.90,4.45,true,1,
7290000066264,false,דובונים 40 גרם,קבוצת אוסם סחר-שות.מוגבלת,,,"י""ח",40,ל  גרם,false,1,5,12.50,true,1,
7290000066295,false,במבה תות 25 גרם,קבוצת אוסם סחר-שות.מוגבלת,,,"י""ח",30,ל  גרם,false,1,4.10,13.67,false,1,
7290000066318,false,במבה אסם{,קבוצת אוסם סחר-שות.מוגבלת,,,"י""ח",80,ל  גרם,false,1,4.30,5.38,true,1,
7290000066332,false,אפרופו 50 גרם,קבוצת אוסם סחר-שות.מוגבלת,,,"י""ח",50,ל  גרם,false,1,5,10,true,1,
7290000066349,false,אפרופו חטיף גדול,קבוצת אוסם סחר-שות.מוגבלת,,,"י""ח",100,ל  גרם,false,1,9.30,9.30,true,1,
7290000066431,false,פופקו חמאה ודבש,קבוצת אוסם סחר-שות.מוגבלת,,,"י""ח",80,ל  גרם,false,1,5.50,6.88,true,1,
7290000067407,false,פירורית מתובלת,קבוצת אוסם סחר-שות.מוגבלת,,,"י""ח",200,ל  גרם,false,1,7.40,3.70,false,1,
7290000067544,false,פירורית זהב 200 ג,קבוצת אוסם סחר-שות.מוגבלת,,,"י""ח",200,ל  גרם,false,1,7.40,3.70,true,1,
7290000067599,false,מנה חמה ספגטי בולונז,קבוצת אוסם סחר-שות.מוגבלת,,,"י""ח",55,ל  גרם,false,1,6.90,12.55,true,1,
7290000068138,false,פודינג  וניל 80 ג אסם,קבוצת אוסם סחר-שות.מוגבלת,,,"י""ח",80,ל  גרם,false,1,5.90,7.38,true,1,
7290000068190,false,ג לי בטעם  תות אסם,קבוצת אוסם סחר-שות.מוגבלת,,,"י""ח",85,ל  גרם,false,1,6.90,8.12,false,1,
7290000068206,false,ג לי בטעם מישמש,קבוצת אוסם סחר-שות.מוגבלת,,,"י""ח",85,ל  גרם,false,1,6.90,8.12,false,1,
7290000068237,false,ג לי  בטעם פטל,קבוצת אוסם סחר-שות.מוגבלת,,,"י""ח",85,ל  גרם,false,1,6.90,8.12,false,1,
7290000068343,false,פריכונים מאורז מלא,קבוצת אוסם סחר-שות.מוגבלת,,,"י""ח",140,ל  גרם,false,1,8.70,6.21,false,1,
7290000068701,false,שקדי מרק  אוסם במיכל,קבוצת אוסם סחר-שות.מוגבלת,,,"י""ח",400,ל  גרם,false,1,18.30,4.58,false,1,
7290000068770,false,במבה יום הולדת 80 גרם,קבוצת אוסם סחר-שות.מוגבלת,,,"י""ח",80,ל  גרם,false,1,4.30,5.38,true,1,
7290000068787,false,במבה יום הולדת }25גרם{,קבוצת אוסם סחר-שות.מוגבלת,,,"י""ח",25,ל  גרם,false,1,3.40,13.60,false,1,
7290000069258,false,פרפקטו פנה ריגאט,קבוצת אוסם סחר-שות.מוגבלת,,,"י""ח",500,ל  גרם,false,1,8.70,1.74,false,1,
7290000069364,false,~פריכונים מאורז מלא 140 ג`,קבוצת אוסם סחר-שות.מוגבלת,,,"י""ח",140,ל  גרם,false,1,8.70,6.21,false,1,
7290000070308,false,מרק עוף 400 ג  אמיתי אסם,קבוצת אוסם סחר-שות.מוגבלת,,,"י""ח",400,ל  גרם,false,1,17.90,4.48,false,1,
7290000070322,false,מרק פטריות 400 גרם,קבוצת אוסם סחר-שות.מוגבלת,,,"י""ח",400,ל  גרם,false,1,24.90,6.23,false,1,
7290000070353,false,מרק בצל 400 גרם,קבוצת אוסם סחר-שות.מוגבלת,,,"י""ח",400,ל  גרם,false,1,24.90,6.23,false,1,
7290000072241,false,רוטב פיצה בקבוק,קבוצת אוסם סחר-שות.מוגבלת,,,"י""ח",290,"ל  מ""ל",false,1,11.90,4.10,true,1,
7290000072623,false,קטשופ אסם 750 גרם,קבוצת אוסם סחר-שות.מוגבלת,,,"י""ח",750,ל  גרם,false,1,11.90,1.59,true,1,
7290000072630,false,קטשופ חריף אסם,קבוצת אוסם סחר-שות.מוגבלת,,,"י""ח",750,ל  גרם,false,1,12.90,1.72,false,1,
7290000072753,false,~קפה נמס טסטר צוייס 200 ג`,קבוצת אוסם סחר-שות.מוגבלת,,,"י""ח",200,ל  גרם,false,1,30.90,15.45,true,1,
7290000072777,false,קפה נמס טסטר צוייס ללא קפאין,קבוצת אוסם סחר-שות.מוגבלת,,,"י""ח",200,ל  גרם,false,1,36.90,18.45,false,1,
7290000072968,false,סיני מיניס 500גרם,קבוצת אוסם סחר-שות.מוגבלת,,,"י""ח",375,ל  גרם,false,1,27.70,7.39,true,1,
7290000073125,false,מנה חמה איטריות,קבוצת אוסם סחר-שות.מוגבלת,,,"י""ח",55,ל  גרם,false,1,6.90,12.55,true,1,
7290000073415,false,מנה חמה פסטה ברוטב פיצה,קבוצת אוסם סחר-שות.מוגבלת,,,"י""ח",61,ל  גרם,false,1,6.90,11.31,true,1,
7290000073767,false,מנה חמה נודלס בקר,קבוצת אוסם סחר-שות.מוגבלת,,,"י""ח",76,ל  גרם,false,1,6.90,9.08,true,1,
7290000073774,false,מנה חמה אטריות ורוטב צ יל,קבוצת אוסם סחר-שות.מוגבלת,,,"י""ח",76,ל  גרם,false,1,6.90,9.08,true,1,
7290000074153,false,פתיבר שוקו 500 אוסם,קבוצת אוסם סחר-שות.מוגבלת,,,"י""ח",500,ל  גרם,false,1,13.90,2.78,true,1,
7290000074184,false,פתי בר אוסם 500 ג`,קבוצת אוסם סחר-שות.מוגבלת,,,"י""ח",500,ל  גרם,false,1,12.90,2.58,true,1,
7290000074245,false,קרקר 250 ג  מלוח,קבוצת אוסם סחר-שות.מוגבלת,,,"י""ח",250,ל  גרם,false,1,10.60,4.24,true,1,
7290000074252,false,קרקר שומשום 250,קבוצת אוסם סחר-שות.מוגבלת,,,"י""ח",250,ל  גרם,false,1,10.60,4.24,true,1,
7290000074276,false,קרקר טבעון250 גר פיקנ,קבוצת אוסם סחר-שות.מוגבלת,,,"י""ח",250,ל  גרם,false,1,10.90,4.36,true,1,
7290000074696,false,".קרם קרקר 1 ק""ג",קבוצת אוסם סחר-שות.מוגבלת,,,"י""ח",1,"ק""ג",false,1,27.90,27.90,true,1,
7290000074764,false,קרקר זהב 900 גרם,קבוצת אוסם סחר-שות.מוגבלת,,,"י""ח",900,ל  גרם,false,1,32.90,3.66,true,1,
7290000075204,false,לחמית 250 גרם,קבוצת אוסם סחר-שות.מוגבלת,,,"י""ח",250,ל  גרם,false,1,9.90,3.96,true,1,
7290000076133,false,בייגלה  שמיניה]אסם[400גרם,קבוצת אוסם סחר-שות.מוגבלת,,,"י""ח",400,ל  גרם,false,1,11.70,2.93,false,1,
7290000077017,false,#קרמעוגית במילוי שוקולד,קבוצת אוסם סחר-שות.מוגבלת,,,"י""ח",200,ל  גרם,false,1,11.90,5.95,true,1,
7290000078212,false,קרוטונים מתובלים אוסם,קבוצת אוסם סחר-שות.מוגבלת,,,"י""ח",250,ל  גרם,false,1,15.90,6.36,false,1,
7290000079233,false,קרם קרקר דל נתרן,קבוצת אוסם סחר-שות.מוגבלת,,,"י""ח",250,ל  גרם,false,1,10.90,4.36,true,1,
7290000080765,false,טוסטעים פת שומשו,קבוצת אוסם סחר-שות.מוגבלת,,,"י""ח",100,ל  גרם,false,1,11.70,11.70,false,1,
7290000081663,false,בייגלה טבעות עם שומשום 300גר,קבוצת אוסם סחר-שות.מוגבלת,,,"י""ח",300,ל  גרם,false,1,11.70,3.90,false,1,
7290000101934,false,מיקס פירות יער מוקפא  300ג,תנובה בשר,,,"י""ח",300,ל  גרם,false,1,16.90,5.63,true,1,
7290000101958,false,מנגו מוקפא 300ג,תנובה בשר,,,"י""ח",300,ל  גרם,false,1,16.90,5.63,true,1,
7290000104201,false,אפונה   עדינה(סנפרוסט )600ג`,תנובה בשר,,,"י""ח",600,ל  גרם,false,1,20.70,3.45,true,1,
7290000104218,false,במיה 600  ג}סנפרוסט{,תנובה בשר,,,"י""ח",800,ל  גרם,false,1,18.30,2.29,true,1,
7290000104676,false,#אפונה גינה סנפרוסט 800ג`.,תנובה בשר,,,"י""ח",800,ל  גרם,false,1,17.90,2.24,true,1,
7290000104683,false,שעועית שלמה 800 גרם סנפרוסט,תנובה בשר,,,"י""ח",800,ל  גרם,false,1,19.90,2.49,true,1,
7290000104690,false,תירס סנפרוסט 800 ג`,תנובה בשר,,,"י""ח",800,ל  גרם,false,1,19.30,2.41,true,1,
7290000104706,false,גזר גמדי 800 גרם,תנובה בשר,,,"י""ח",800,ל  גרם,false,1,19.40,2.43,true,1,
7290000104713,false,פול ירוק  800 גרם סנפרוסט,תנובה בשר,,,"י""ח",800,ל  גרם,false,1,22.90,2.86,true,1,
7290000104720,false,~שעועית חתוכה ירוקה 800 ג`,תנובה בשר,,,"י""ח",800,ל  גרם,false,1,19.90,2.49,true,1,
7290000104744,false,כרובית 800 גרם}סנפרוסט{,תנובה בשר,,,"י""ח",800,ל  גרם,false,1,26.40,3.30,true,1,
7290000104751,false,כרוב ניצנים 800 גרם,תנובה בשר,,,"י""ח",800,ל  גרם,false,1,26.40,3.30,true,1,
7290000104799,false,שעועית   לבנה}סנפרוסט 800 גרם,תנובה בשר,,,"י""ח",1,"ק""ג",false,1,21.90,21.90,true,1,
7290000104805,false,גרגירי   חומוס(סנפרוסט{800גר,תנובה בשר,,,"י""ח",800,ל  גרם,false,1,21.90,2.74,true,1,
7290000104829,false,"קלחונים תירס 1 ק""ג",תנובה בשר,,,"י""ח",1,"ק""ג",false,1,22.40,22.40,true,1,
7290000104836,false,שעועית עדינה שלמה 600 ג סנפרוסט,תנובה בשר,,,"י""ח",600,ל  גרם,false,1,23.90,3.98,true,1,
7290000104881,false,אפונה  וגזר}סנפרוסט {800ג`,תנובה בשר,,,"י""ח",800,ל  גרם,false,1,19.40,2.43,true,1,
7290000104904,false,לקט ירקות מעו}סנפרוסט{,תנובה בשר,,,"י""ח",800,ל  גרם,false,1,24.60,3.08,true,1,
7290000104911,false,לקט נורמנדי 800 גסנפרוסט,תנובה בשר,,,"י""ח",800,ל  גרם,false,1,24.30,3.04,true,1,
7290000106175,false,"לקט כפרי 2 ק""ג}סנפרוסט{",תנובה בשר,,,"י""ח",2,"ק""ג",false,1,39.90,19.95,true,1,
7290000107165,false,מנצ ו חטיף סויה 400 ג` סנפרוסט,תנובה בשר,,,"י""ח",400,ל  גרם,false,1,15.40,3.85,true,1,
7290000107189,false,ארטישוק   תחתיות}סנפרוסט{400גר,תנובה בשר,,,"י""ח",400,ל  גרם,false,1,24.40,6.10,true,1,
7290000107295,false,ברוקולי (800 סנפרוסט),תנובה בשר,,,"י""ח",800,ל  גרם,false,1,27.60,3.45,true,1,
7290000110844,false,"כיפלי גריל בד""ץ 70 גרם",יוניליוור ישראל שיווק בעמ,,,"י""ח",70,ל  גרם,false,1,4.50,6.43,false,1,
7290000110851,false,כיפלי חטיף בצל,יוניליוור ישראל שיווק בעמ,,,"י""ח",70,ל  גרם,false,1,4.50,6.43,false,1,
7290000111063,false,מיונז תלמה 250גרם,יוניליוור ישראל שיווק בעמ,,,"י""ח",250,ל  גרם,false,1,6.50,2.60,false,1,
7290000111117,false,בדין לבן 4 ליטר,יוניליוור ישראל שיווק בעמ,,,"י""ח",4,ליטר,false,1,19.90,4.98,false,1,
7290000111186,false,מיונז 500 תלמה,יוניליוור ישראל שיווק בעמ,,,"י""ח",500,ל  גרם,false,1,8.90,1.78,false,1,
7290000111353,false,"מיונז 1 ק""ג תלמה",יוניליוור ישראל שיווק בעמ,,,"י""ח",1,"ק""ג",false,1,17.30,17.30,false,1,
7290000111360,false,חרדל 250 גרם תלמה,יוניליוור ישראל שיווק בעמ,,,"י""ח",250,ל  גרם,false,1,5.90,2.36,false,1,
7290000111384,false,חרדל 550 צנצנת תלמה,יוניליוור ישראל שיווק בעמ,,,"י""ח",550,ל  גרם,false,1,7.50,1.36,false,1,
7290000112220,false,טחינה גולמית בארכה 500גרם,קבוצת אוסם סחר-שות.מוגבלת,,,"י""ח",500,ל  גרם,false,1,14.90,2.98,false,1,
7290000112497,false,קנור עשיר עוף 68גרם,יוניליוור ישראל שיווק בעמ,,,"י""ח",68,ל  גרם,false,1,9.90,14.56,true,1,
7290000112619,false,מרק עוף   אמיתי{קנור}400גר.,יוניליוור ישראל שיווק בעמ,,,"י""ח",400,ל  גרם,false,1,17.90,4.48,true,1,
7290000114187,false,פנטסטיק 4 ליטר אורנים,יוניליוור ישראל שיווק בעמ,,,"י""ח",4,ליטר,false,1,19.90,4.98,false,1,
7290000116204,false,"מרק דגש 1 ק""ג",יוניליוור ישראל שיווק בעמ,,,"י""ח",1,מטר,false,1,15.90,15.90,true,1,
7290000116884,false,רוטב ברביקיו-קנור  340גרם,יוניליוור ישראל שיווק בעמ,,,"י""ח",340,ל  גרם,false,1,10.90,3.21,true,1,
7290000116921,false,רוטב צ ילי מתוק 340גרם קנור,יוניליוור ישראל שיווק בעמ,,,"י""ח",340,"ל  מ""ל",false,1,10.90,3.21,true,1,
7290000116945,false,רוטב סויה-קנור  340גרם,יוניליוור ישראל שיווק בעמ,,,"י""ח",340,ל  גרם,false,1,10.90,3.21,true,1,
7290000117171,false,טעם עוף  דלקל 48גרם,יוניליוור ישראל שיווק בעמ,,,"י""ח",48,ל  גרם,false,1,6.50,13.54,false,1,
7290000117720,false,פטריות נמס 43 גרם,יוניליוור ישראל שיווק בעמ,,,"י""ח",43,ל  גרם,false,1,6.90,16.05,true,1,
7290000120836,false,מיונז הלמנס 394גרם,יוניליוור ישראל שיווק בעמ,,,"י""ח",394,ל  גרם,false,1,12.90,3.27,false,1,
7290000121017,false,גבינה שומרון 120 גרם,נטו מלינדה סחר בעמ,,,"י""ח",120,ל  גרם,false,1,8.90,7.42,false,1,
7290000121079,false,גבינה מון בלאן,נטו מלינדה סחר בעמ,,,"י""ח",120,ל  גרם,false,1,11.90,9.92,false,1,
7290000121093,false,גבינה מון בלאן,נטו מלינדה סחר בעמ,,,"י""ח",120,ל  גרם,false,1,11.90,9.92,false,1,
7290000121109,false,גבינה מון בלאן,נטו מלינדה סחר בעמ,,,"י""ח",120,ל  גרם,false,1,11.90,9.92,false,1,
7290000121147,false,מון בלאן לייט טעם פיקנטי,נטו מלינדה סחר בעמ,,,"י""ח",120,ל  גרם,false,1,8.90,7.42,false,1,
7290000121154,false,ג מבון בלאן סלמו,נטו מלינדה סחר בעמ,,,"י""ח",120,ל  גרם,false,1,11.90,9.92,false,1,
7290000124841,false,מארז שוקולד חלב 100*3,יוניליוור ישראל שיווק בעמ,,,"י""ח",300,ל  גרם,false,1,13.90,4.63,true,1,
7290000129457,false,"רוטב פטריות 28 גרם בד""ץ",יוניליוור ישראל שיווק בעמ,,,"י""ח",28,ל  גרם,false,1,3.90,13.93,false,1,
7290000129785,false,בדין 4 ליטר ירוק,יוניליוור ישראל שיווק בעמ,,,"י""ח",4,ליטר,false,1,19.90,4.98,false,1,
7290000133904,false,דאופרש מטהר אוויר,החב הדרומית לשיווק,,,"י""ח",300,"ל  מ""ל",false,1,9.90,3.30,false,1,
7290000135045,false,"משקה אנרגיה XL TEN תפוח 250מ""ל",טמפו משקאות בעמ,,,"י""ח",250,"ל  מ""ל",false,1,4,1.48,true,1,
7290000135052,false,"משקה אנרגיה XL TEN מנגו 250מ""ל",טמפו משקאות בעמ,,,"י""ח",250,"ל  מ""ל",false,1,4,1.48,true,1,
7290000135113,false,"משקה אנרגיה XL נענע ליים 250מ""ל 2019",טמפו משקאות בעמ,,,"י""ח",250,"ל  מ""ל",false,1,3.90,1.44,true,1,
7290000135625,false,"גולדסטאר 500מ""ל פחית רביעייה",טמפו משקאות בעמ,,,"י""ח",2,ליטר,false,1,29.90,14.35,false,1,
7290000136585,false,ג אמפ אשכוליות 1.5 ליטר,טמפו משקאות בעמ,,,"י""ח",1.50,ליטר,false,1,7.50,4.80,true,1,
7290000136646,false,נשר מאלט 1.5 ליטר,טמפו משקאות בעמ,,,"י""ח",1.50,ליטר,false,1,9.10,5.87,true,1,
7290000136653,false,נשר מאלט דיאט 1.5 ליטר,טמפו משקאות בעמ,,,"י""ח",1.50,ליטר,false,1,8.90,5.73,true,1,
7290000137513,false,.גלידונית 60 יח שטראוס,גלידות שטראוס בעמ,,,"י""ח",700,ל  גרם,false,1,49.90,7.13,false,1,
7290000142548,false,"מארז 2שמפו ירוק+מרכך  700מ""ל+400מ""ל",הנקל סוד בעמ,,,"י""ח",1.80,ליטר,false,1,20,11.11,false,1,
7290000144467,false,שמן בריאות חמניות 1 ליטר]ע .הזיית,סוגת תעשיות בעמ,,,"י""ח",1,ליטר,false,1,16.90,16.90,false,1,
7290000144474,false,שמן בריאות קנולה 1 ליטר ]ע.זיית[,סוגת תעשיות בעמ,,,"י""ח",1,ליטר,false,1,15.90,15.90,false,1,
7290000146645,false,סבון מוצק הוואי  רבעייה שחור 100,הנקל סוד בעמ,,,"י""ח",400,ל  גרם,false,1,13.90,3.48,true,1,
7290000146652,false,סבון מוצק הוואי רביעיה ורוד,הנקל סוד בעמ,,,"י""ח",400,ל  גרם,false,1,13.90,3.48,true,1,
7290000146669,false,סבון מוצק הוואי רבעייה שמיים כחולים,הנקל סוד בעמ,,,"י""ח",400,ל  גרם,false,1,13.90,3.48,true,1,
7290000146676,false,סבון מוצק  הוואי רבעייה חום לגבר,הנקל סוד בעמ,,,"י""ח",400,ל  גרם,false,1,11.90,2.98,true,1,
7290000146683,false,סבון מוצק הוואי  רבעייה אפקט הדאו,הנקל סוד בעמ,,,"י""ח",400,ל  גרם,false,1,13.90,3.48,true,1,
7290000146928,false,טום וג רי מ.שיניים ענבים,הנקל סוד בעמ,,,"י""ח",75,ל  גרם,false,1,7.90,10.53,true,1,
7290000146997,false,טום וג רי משחת שיניים מסטיק,הנקל סוד בעמ,,,"י""ח",50,ל  גרם,false,1,7.90,15.80,true,1,
7290000148380,false,פיסטוק קלוי 200 ג,ליימן שליסל,,,"י""ח",200,ל  גרם,false,1,21.90,10.95,true,1,
7290000148489,false,גרעיני דלעת 200 גרם,ליימן שליסל,,,"י""ח",200,ל  גרם,false,1,9.90,4.95,false,1,
7290000148618,false,קשיו מטוגן 200 ג,ליימן שליסל,,,"י""ח",200,ל  גרם,false,1,19.90,9.95,true,1,
7290000148748,false,גרעיני חמניות 200 גרם,ליימן שליסל,,,"י""ח",200,ל  גרם,false,1,6.40,3.20,true,1,
7290000148939,false,שקד קלוי 200 גרם,ליימן שליסל,,,"י""ח",200,ל  גרם,false,1,19.90,9.95,true,1,
7290000149615,false,סבון רביעיה לבן נקה 7,החב הדרומית לשיווק,,,"י""ח",400,ל  גרם,false,1,10.90,2.73,false,1,
7290000149851,false,סינטבון כפול,החב הדרומית לשיווק,,,"י""ח",460,ל  גרם,false,1,10.90,2.37,false,1,
7290000161358,false,מיונז אמיתי שמן קנולה 500גרם,יוניליוור ישראל שיווק בעמ,,,"י""ח",500,ל  גרם,false,1,12.90,2.58,false,1,
7290000174723,false,שוקולית 500 גר.,שטראוס גרופ בעמ,,,"י""ח",500,ל  גרם,false,1,13.80,2.76,true,1,
7290000176062,false,#קפה טורקי 100 גרם עלית.,שטראוס גרופ בעמ,,,"י""ח",100,ל  גרם,false,1,9.50,9.50,true,1,
7290000176079,false,קפה טורקי 100 הל,שטראוס גרופ בעמ,,,"י""ח",100,ל  גרם,false,1,9.90,9.90,true,1,
7290000176147,false,קפה מוקה 500 פילטר,שטראוס גרופ בעמ,,,"י""ח",500,ל  גרם,false,1,50.50,10.10,true,1,
7290000176413,false,קפה נמס 50 ג,שטראוס גרופ בעמ,,,"י""ח",50,ל  גרם,false,1,9.60,19.20,true,1,
7290000176420,false,111,שטראוס גרופ בעמ,,,"י""ח",200,"ל  מ""ל",false,1,19.90,9.95,true,1,
7290000176468,false,האג נטול 50,שטראוס גרופ בעמ,,,"י""ח",50,ל  גרם,false,1,11.40,22.80,true,1,
7290000176475,false,קפה נמס האג,שטראוס גרופ בעמ,,,"י""ח",200,ל  גרם,false,1,38.90,19.45,true,1,
7290000176482,false,"קפה נמס מגדים אריזה חדשה כשל""פ",שטראוס גרופ בעמ,,,"י""ח",200,ל  גרם,false,1,19.90,9.95,true,1,
7290000178707,false,תפוצ יפס 50 גרם,שטראוס פריטו ליי בעמ,,,"י""ח",50,ל  גרם,false,1,4.50,9,true,1,
7290000178721,false,תפוצי פס 200 ג,שטראוס פריטו ליי בעמ,,,"י""ח",200,ל  גרם,false,1,10.90,5.45,true,1,
7290000187860,false,לילי לח פיור 56 דפים.,קימברלי קלארק ישראל שיווק בעמ,,,"י""ח",59,ל  גרם,false,1,8.90,15.08,false,1,
7290000187952,false,נייר טואלט לילי טריו 32 צבע וורוד,קימברלי קלארק ישראל שיווק בעמ,,,"י""ח",537,מטר,false,1,39.90,0.07,false,1,
7290000188270,false,קלינקס אולטרא סופט זוגות,קימברלי קלארק ישראל שיווק בעמ,,,"י""ח",390,ל  גרם,false,1,21.90,5.62,false,1,
7290000189550,false,זוג שקיות אשפה גדול ניקול,קימברלי קלארק ישראל שיווק בעמ,,,"י""ח",1,"י""ח",false,1,23.90,23.90,true,1,
7290000190150,false,מפיות מודפסות 20 יח,קימברלי קלארק ישראל שיווק בעמ,,,"י""ח",20,"י""ח",false,1,8.90,0.45,false,1,
7290000191539,false,לילי צבעוני חמישיה,קימברלי קלארק ישראל שיווק בעמ,,,"י""ח",593,ל  גרם,false,1,17.90,3.02,false,1,
7290000191652,false,קלינקס ניילון שלישיות,קימברלי קלארק ישראל שיווק בעמ,,,"י""ח",1,,false,1,13.90,13.90,false,1,
7290000193083,false,נובה לי,קימברלי קלארק ישראל שיווק בעמ,,,"י""ח",1,"י""ח",false,1,9.90,9.90,false,1,
7290000193205,false,לילי נטורל לילה,קימברלי קלארק ישראל שיווק בעמ,,,"י""ח",1,"י""ח",false,1,16.90,16.90,false,1,
7290000193472,false,פדיות לילי אינט אורירי,קימברלי קלארק ישראל שיווק בעמ,,,"י""ח",1,"י""ח",false,1,16.90,16.90,false,1,
7290000193540,false,לילי אינטימייט לונג,קימברלי קלארק ישראל שיווק בעמ,,,"י""ח",1,"י""ח",false,1,16.90,16.90,false,1,
7290000193649,false,תח  לילי אינטימט,קימברלי קלארק ישראל שיווק בעמ,,,"י""ח",1,"י""ח",false,1,16.90,16.90,false,1,
7290000193656,false,תחתוניות לילי,קימברלי קלארק ישראל שיווק בעמ,,,"י""ח",100,ל  גרם,false,1,16.90,16.90,false,1,
7290000195537,false,מגבוני האגיס קמומיל 4 יח,קימברלי קלארק ישראל שיווק בעמ,,,"י""ח",4,"י""ח",false,1,19.90,4.98,true,1,
7290000195773,false,האגיס נטורל אלוורה+קמומיל,קימברלי קלארק ישראל שיווק בעמ,,,"י""ח",1,,false,1,19.90,19.90,true,1,
7290000196343,false,לילי סטייל מפת שולחן,קימברלי קלארק ישראל שיווק בעמ,,,"י""ח",1,,false,1,13.90,13.90,false,1,
7290000197029,false,12 שקיות ריצ  רצ  לאחסון,קימברלי קלארק ישראל שיווק בעמ,,,"י""ח",12,"י""ח",false,1,15.90,1.33,false,1,
7290000197081,false,ניילון נצמד ניילונית  150מ  חסכוני ניק,קימברלי קלארק ישראל שיווק בעמ,,,"י""ח",150,מטר,false,1,32.90,0.22,false,1,
7290000197340,false,רדיד אלומיניום  זוג  ניקול,קימברלי קלארק ישראל שיווק בעמ,,,"י""ח",1,"י""ח",false,1,21.90,21.90,false,1,
7290000197432,false,סנדויצ ון זוג חוגלה,קימברלי קלארק ישראל שיווק בעמ,,,"י""ח",2,"י""ח",false,1,12.90,6.45,false,1,
7290000197470,false,מקפיאון שקיות 100*3,קימברלי קלארק ישראל שיווק בעמ,,,"י""ח",200,"י""ח",false,1,17.90,0.09,false,1,
7290000197654,false,ניקול אשפתון פחים ענקיים 45יח,קימברלי קלארק ישראל שיווק בעמ,,,"י""ח",45,"י""ח",false,1,22.90,0.51,true,1,
7290000197753,false,ניילון נצמד נילונית 30  מ`זוג,קימברלי קלארק ישראל שיווק בעמ,,,"י""ח",1,"י""ח",false,1,11.90,11.90,false,1,
7290000197982,false,גלילית 7.5*45 רדיד זוגות,קימברלי קלארק ישראל שיווק בעמ,,,"י""ח",2,"י""ח",false,1,24.90,12.45,false,1,
7290000197999,false,רדיד אלומיניום זוג,קימברלי קלארק ישראל שיווק בעמ,,,"י""ח",1,"י""ח",false,1,17.90,17.90,false,1,
7290000199313,false,תחבושות קוטקס יאנג,קימברלי קלארק ישראל שיווק בעמ,,,"י""ח",1,"י""ח",false,1,18.90,18.90,true,1,
7290000204086,false,סקוטש 2+1 רגיל,קימברלי קלארק ישראל שיווק בעמ,,,"י""ח",3,"י""ח",false,1,10.90,3.63,false,1,
7290000204147,false,ניקול כרית יפנית רביעייה,קימברלי קלארק ישראל שיווק בעמ,,,"י""ח",4,"י""ח",false,1,10.90,2.73,false,1,
7290000204215,false,כרית יפנית שישייה ניקול,קימברלי קלארק ישראל שיווק בעמ,,,"י""ח",600,ל  גרם,false,1,10.90,1.82,false,1,
7290000204253,false,מטליות רב שימושי תשעייה,קימברלי קלארק ישראל שיווק בעמ,,,"י""ח",9,"י""ח",false,1,10.90,1.21,false,1,
7290000207063,false,רוטב פריכוז }240 יכין{.,זנלכל בעמ,,,"י""ח",240,ל  גרם,false,1,4.90,2.04,false,1,
7290000207162,false,רוטב עגבניות 100 גר]יכין[.,זנלכל בעמ,,,"י""ח",100,ל  גרם,false,1,2.80,2.80,true,1,
7290000207438,false,קוביות עגבניות פריכוז,זנלכל בעמ,,,"י""ח",800,ל  גרם,false,1,9.90,1.24,false,1,
7290000208022,false,"עגבניות מרוסקות 800 בד""צ",זנלכל בעמ,,,"י""ח",800,ל  גרם,false,1,9.90,1.24,false,1,
7290000208077,false,אפונת   גינה{גדול}יכין,זנלכל בעמ,,,"י""ח",550,ל  גרם,false,1,8.90,1.62,true,1,
7290000208114,false,אפונת גינה וגזר יכין,זנלכל בעמ,,,"י""ח",550,ל  גרם,false,1,8.90,1.62,true,1,
7290000208138,false,סירופ דיאט ענבים 1 ליטר,זנלכל בעמ,,,"י""ח",1,ליטר,false,1,18.90,18.90,false,1,
7290000208145,false,תירס  לייט}יכין{A2,זנלכל בעמ,,,"י""ח",550,ל  גרם,false,1,9.90,1.80,false,1,
7290000208213,false,שעועית אפויה A2,זנלכל בעמ,,,"י""ח",580,ל  גרם,false,1,8.90,1.53,true,1,
7290000208220,false,צ ילי חריף A2,זנלכל בעמ,,,"י""ח",550,ל  גרם,false,1,9.90,1.80,false,1,
7290000208244,false,רוטב שקשוקה יכין,זנלכל בעמ,,,"י""ח",570,ל  גרם,false,1,9.90,1.74,true,1,
7290000208251,false,שעועית ירוקה,זנלכל בעמ,,,"י""ח",550,ל  גרם,false,1,9.90,1.80,false,1,
7290000208268,false,שעועית צהובה A2,זנלכל בעמ,,,"י""ח",550,ל  גרם,false,1,9.90,1.80,false,1,
7290000208312,false,תירס ואקום יכין,זנלכל בעמ,,,"י""ח",325,ל  גרם,false,1,7.90,2.43,true,1,
7290000208329,false,תירס A2 יכין,זנלכל בעמ,,,"י""ח",550,ל  גרם,false,1,8.90,1.62,true,1,
7290000208336,false,רוטב עגבניות 240 גרם יכין,זנלכל בעמ,,,"י""ח",240,ל  גרם,false,1,4.50,1.88,true,1,
7290000208343,false,עגב.מרוסקות עם שום 900גר.,זנלכל בעמ,,,"י""ח",900,ל  גרם,false,1,9.90,1.10,false,1,
7290000208350,false,עגבניות מרוסקות עם בצל 800,זנלכל בעמ,,,"י""ח",900,ל  גרם,false,1,9.90,1.10,false,1,
7290000208367,false,עגבניות מרוסקות בזיליקום 800,זנלכל בעמ,,,"י""ח",800,ל  גרם,false,1,9.90,1.24,false,1,
7290000208404,false,פול מצרי,זנלכל בעמ,,,"י""ח",600,ל  גרם,false,1,8.90,1.48,false,1,
7290000208428,false,~חומוס גרעינים A2 יכין,זנלכל בעמ,,,"י""ח",550,ל  גרם,false,1,8.90,1.62,true,1,
7290000208459,false,ירקות מעורבים תפזורת,זנלכל בעמ,,,"י""ח",600,ל  גרם,false,1,9.90,1.65,false,1,
7290000208534,false,תירס קיד יכין,זנלכל בעמ,,,"י""ח",550,ל  גרם,false,1,9.90,1.80,false,1,
7290000208855,false,רוטב פסטה 240 גרם יכין,זנלכל בעמ,,,"י""ח",240,ל  גרם,false,1,5.50,2.29,false,1,
7290000208893,false,תירס ואקום לייט יכין,זנלכל בעמ,,,"י""ח",340,ל  גרם,false,1,6.90,2.03,false,1,
7290000208947,false,עגבניות מרוסקות 240 DRO HFHI,זנלכל בעמ,,,"י""ח",240,ל  גרם,false,1,5.50,2.29,false,1,
7290000208978,false,רוטב עג  פריכוז יכין 100 ג`.,זנלכל בעמ,,,"י""ח",100,ל  גרם,false,1,2.90,2.90,false,1,
7290000209043,false,רוטב לימון משומר]יכין[,זנלכל בעמ,,,"י""ח",1,ליטר,false,1,6.90,6.90,true,1,
7290000209173,false,חומץ סינטטי 1 ל,זנלכל בעמ,,,"י""ח",1,ליטר,false,1,5.90,5.90,false,1,
7290000209524,false,סירופ דיאט פטל 1 ליטר,זנלכל בעמ,,,"י""ח",1,ליטר,false,1,18.90,18.90,false,1,
7290000209555,false,סירופ דיאט תפוח עץ 1 ליטר,זנלכל בעמ,,,"י""ח",1,ליטר,false,1,18.90,18.90,false,1,
7290000209579,false,סירופ דיאט אננס 1 ליטר,זנלכל בעמ,,,"י""ח",1,ליטר,false,1,18.90,18.90,false,1,
7290000209708,false,עגבניות בתוספת בזיליקום 240ג,זנלכל בעמ,,,"י""ח",240,ל  גרם,false,1,5.50,2.29,false,1,
7290000209722,false,רוטב עגבניות  פריכוז יכין A2,זנלכל בעמ,,,"י""ח",580,ל  גרם,false,1,10.90,1.88,true,1,
7290000209906,false,עגב  מרוסקות 240גר  בצל,זנלכל בעמ,,,"י""ח",240,ל  גרם,false,1,5.50,2.29,false,1,
7290000209944,false,בסיס עגבניות לשקשוקה 240 גרם יכין,זנלכל בעמ,,,"י""ח",240,ל  גרם,false,1,5.50,2.29,false,1,
7290000209951,false,רוטב פיצה 240גר,זנלכל בעמ,,,"י""ח",240,"ל  מ""ל",false,1,5.50,2.29,false,1,
7290000211169,false,"אורז בסגנון תאילנדי סוגת 1 ק""ג",סוגת תעשיות בעמ,,,"י""ח",1,"ק""ג",false,1,7.90,7.90,false,1,
7290000211312,false,אורז מלא בסגנון פרסי,סוגת תעשיות בעמ,,,"י""ח",1,"ק""ג",false,1,7.90,7.90,false,1,
7290000211442,false,"~אורז בסגנון פרסי 1 ק""ג]סוגת[",סוגת תעשיות בעמ,,,"י""ח",1,"ק""ג",false,1,10.90,10.90,false,1,
7290000211503,false,סוכר  לבן}סוגת{.,סוגת תעשיות בעמ,,,"י""ח",1,"ק""ג",false,1,4.30,4.30,false,1,
7290000211626,false,"חיש אורז 1 ק""ג",סוגת תעשיות בעמ,,,"י""ח",1,"ק""ג",false,1,7.90,7.90,false,1,
7290000211985,false,אורז בסגנון פרסי עגול]סוגת[,סוגת תעשיות בעמ,,,"י""ח",1,"ק""ג",false,1,9.90,9.90,false,1,
7290000218502,false,חמין ויטה בדצ,ויטה- פרי גליל (החדשה) בעמ,,,"י""ח",500,ל  גרם,false,1,9.90,1.98,false,1,
7290000226514,false,עוגה בטעם ריבת חלב קפולסקי 450גר,קפולסקי אדל בעמ,,,"י""ח",450,ל  גרם,false,1,44.90,9.98,false,1,
7290000226545,false,"טורט יער שחור קפולסקי 1ק""ג",קפולסקי אדל בעמ,,,"י""ח",1,"ק""ג",false,1,69.90,69.90,false,1,
7290000226569,false,"טורט קצפת ט.שוקולד 1ק""ג",קפולסקי אדל בעמ,,,"י""ח",1,"ק""ג",false,1,69.90,69.90,false,1,
7290000226576,false,"טורט קצפת מצופה שוקולד קפולסקי 1ק""ג",קפולסקי אדל בעמ,,,"י""ח",1,"ק""ג",false,1,69.90,69.90,false,1,
7290000226613,false,דובוש מצופה שוק קפולסקי 450גר,קפולסקי אדל בעמ,,,"י""ח",450,ל  גרם,false,1,44.90,9.98,false,1,
7290000238029,false,בצק עלים  צרפתי מעדנות 1 קג מרודד,תנובה בשר,,,"י""ח",1,"ק""ג",false,1,21.90,21.90,false,1,
7290000238036,false,מלאווח 700  גרם}מעדנות{,תנובה בשר,,,"י""ח",700,ל  גרם,false,1,17.90,2.56,true,1,
7290000238173,false,בורקס גבינה מעדנות 800 ג`,תנובה בשר,,,"י""ח",800,ל  גרם,false,1,21.90,2.74,true,1,
7290000238180,false,"בורקס מעדנות תפו""א",תנובה בשר,,,"י""ח",800,ל  גרם,false,1,19.90,2.49,true,1,
7290000244051,false,"הוואי  אל סבון  נוזלי טרופי 3*500 מ""ל",הנקל סוד בעמ,,,"י""ח",1.50,ליטר,false,1,17.90,11.93,true,1,
7290000244082,false,"הוואי אל סבון נוזלי   500 מ""ל*3",הנקל סוד בעמ,,,"י""ח",1.50,ליטר,false,1,17.90,11.93,true,1,
7290000244143,false,הוואי קרם לאחר הגילוח,הנקל סוד בעמ,,,"י""ח",120,ל  גרם,false,1,17.90,14.92,true,1,
7290000245072,false,מרכך כביסה לתינוק 4 ליטר,גורי שיווק בעמ,,,"י""ח",4,ליטר,false,1,16.90,4.23,false,1,
7290000245294,false,"פרסיל אבקת כביסה סופרא 2.5ק""ג",גורי שיווק בעמ,,,"י""ח",2.50,"ק""ג",false,1,24.90,9.96,false,1,
7290000245782,false,מרכך כביסה סוד ורוד 4 ליטר,גורי שיווק בעמ,,,"י""ח",4,ליטר,false,1,16.90,4.23,false,1,
7290000253220,false,שוקולד  ציפס 260גר אופניימר,תה ויסוצקי (ישראל)בעמ,,,"י""ח",260,ל  גרם,false,1,10.90,4.19,false,1,
7290000253251,false,שוקו צ יפס לבן 250גר,תה ויסוצקי (ישראל)בעמ,,,"י""ח",250,ל  גרם,false,1,10.90,4.36,false,1,
7290000262161,false,נייר טואלט מולט לב 40,קימברלי קלארק ישראל שיווק בעמ,,,"י""ח",716,מטר,false,1,36.90,0.05,false,1,
7290000262239,false,נייר טואלט מולט 48 יח,קימברלי קלארק ישראל שיווק בעמ,,,"י""ח",2770,ל  גרם,false,1,41.90,1.51,false,1,
7290000267036,false,שקד מולבן משובב 100 גרם שקדיה,דין שיווק וקליה 2021 בעמ,,,"י""ח",100,ל  גרם,false,1,12.80,12.80,true,1,
7290000267043,false,שקד מולבן פרוס 100גר שקדיה,דין שיווק וקליה 2021 בעמ,,,"י""ח",100,ל  גרם,false,1,12.80,12.80,true,1,
7290000267050,false,שקד טבעי טחון 100 גרם,דין שיווק וקליה 2021 בעמ,,,"י""ח",100,ל  גרם,false,1,12.80,12.80,true,1,
7290000267104,false,שקד מולבן גרוס 100גר.,דין שיווק וקליה 2021 בעמ,,,"י""ח",100,ל  גרם,false,1,10.90,10.90,true,1,
7290000272696,false,מיץ לימון משומר אסם,קבוצת אוסם סחר-שות.מוגבלת,,,"י""ח",1,ליטר,false,1,11.50,11.50,false,1,
7290000272726,false,חומץ טבעי1ליטר אוסם,קבוצת אוסם סחר-שות.מוגבלת,,,"י""ח",1,ליטר,false,1,6.50,6.50,false,1,
7290000286228,false,סנו סושי ספוגיות לניקוי `כלים 6 יח,החב הדרומית לשיווק,,,"י""ח",6,"י""ח",false,1,11.90,1.98,false,1,
7290000286297,false,סנו מסיר אבן מקומקום,החב הדרומית לשיווק,,,"י""ח",700,"ל  מ""ל",false,1,10.90,1.56,false,1,
7290000286549,false,מטליות רב שימוש סנו סושי 9 יחידות,החב הדרומית לשיווק,,,"י""ח",9,"י""ח",false,1,11.90,1.32,false,1,
7290000286594,false,סנו איקס מיכל,החב הדרומית לשיווק,,,"י""ח",600,ל  גרם,false,1,9.90,1.65,false,1,
7290000286761,false,פלסטיק נצמד זוג 30 מטר סנו,החב הדרומית לשיווק,,,"י""ח",1,,false,1,11.90,11.90,false,1,
7290000286921,false,סנוקל רסס כבס,החב הדרומית לשיווק,,,"י""ח",600,"ל  מ""ל",false,1,12.90,2.15,false,1,
7290000287409,false,סנו בון שלישיה תות,החב הדרומית לשיווק,,,"י""ח",165,ל  גרם,false,1,12.90,7.82,false,1,
7290000287430,false,סנו בון שלישיה לימון,החב הדרומית לשיווק,,,"י""ח",165,ל  גרם,false,1,12.90,7.82,false,1,
7290000287492,false,"סנובון נוזלי לימון 750 מ""ל",החב הדרומית לשיווק,,,"י""ח",750,"ל  מ""ל",false,1,10.90,1.45,false,1,
7290000288017,false,סנו ג`אוול לימון 1 ליטר,החב הדרומית לשיווק,,,"י""ח",1,ליטר,false,1,8.90,8.90,false,1,
7290000288024,false,"סנו אקונומיקה ז""אוול 4 ליטר",החב הדרומית לשיווק,,,"י""ח",4,ליטר,false,1,16.90,4.23,false,1,
7290000288079,false,סנו  זאוול לימון 2 ליטר,החב הדרומית לשיווק,,,"י""ח",2,ליטר,false,1,9.90,4.95,false,1,
7290000288253,false,.K-400 סנו,החב הדרומית לשיווק,,,"י""ח",630,"ל  מ""ל",false,1,25.40,4.03,false,1,
7290000288352,false,K-300 סנו.,החב הדרומית לשיווק,,,"י""ח",630,"ל  מ""ל",false,1,21.90,3.48,false,1,
7290000288390,false,K-600 סנו,החב הדרומית לשיווק,,,"י""ח",475,"ל  מ""ל",false,1,24.90,5.24,false,1,
7290000288642,false,מרכך סנסטיב 4 ליטר,החב הדרומית לשיווק,,,"י""ח",4,ליטר,false,1,21.90,5.48,false,1,
7290000289069,false,סנו ג`אבל מרסס,החב הדרומית לשיווק,,,"י""ח",1,ליטר,false,1,19.90,19.90,false,1,
7290000289380,false,סנו JAVEL לימון לניקוי אסלות 750 מ``ל,החב הדרומית לשיווק,,,"י""ח",750,ל  גרם,false,1,10.90,1.45,true,1,
7290000289472,false,שקיות לפח אשפה 50יח ענק,החב הדרומית לשיווק,,,"י""ח",1,,false,1,18.90,18.90,false,1,
7290000289496,false,סופר קרם JAVEL,החב הדרומית לשיווק,,,"י""ח",750,"ל  מ""ל",false,1,10.90,1.45,false,1,
7290000289748,false,"סנו פורטה פלוס 750מ""ל.",החב הדרומית לשיווק,,,"י""ח",750,"ל  מ""ל",false,1,14.90,1.99,false,1,
7290000289885,false,סנופרש יבש ענק,החב הדרומית לשיווק,,,"י""ח",375,"ל  מ""ל",false,1,10.90,2.91,false,1,
7290000289892,false,סנופרש יבש ענק,החב הדרומית לשיווק,,,"י""ח",375,"ל  מ""ל",false,1,9.90,2.64,false,1,
7290000291857,false,פוליויקס סנרייז 2 ליטר,החב הדרומית לשיווק,,,"י""ח",2,ליטר,false,1,20.90,10.45,true,1,
7290000291963,false,סנו אקונומיקה סמיכה לימון 1 ליטר,החב הדרומית לשיווק,,,"י""ח",1,ליטר,false,1,8.90,8.90,false,1,
7290000292137,false,מנקה עור נוזלי,החב הדרומית לשיווק,,,"י""ח",500,"ל  מ""ל",false,1,29.90,5.98,false,1,
7290000292311,false,פוליויקס סחלבים 2 ליטר,החב הדרומית לשיווק,,,"י""ח",200,"ל  מ""ל",false,1,20.90,10.45,true,1,
7290000292502,false,K-800 תרסיס נגד נמלים,החב הדרומית לשיווק,,,"י""ח",630,"ל  מ""ל",false,1,15.80,2.51,false,1,
7290000292533,false,סנו ג ל לניקוי כחול,החב הדרומית לשיווק,,,"י""ח",1,ליטר,false,1,16.90,16.90,false,1,
7290000292564,false,K-2000 תרסיס הגנה מחרקים ללא ריח 750 מ,החב הדרומית לשיווק,,,"י""ח",750,"ל  מ""ל",false,1,29.90,3.99,false,1,
7290000292687,false,סנובון כחול שלישיה.,החב הדרומית לשיווק,,,"י""ח",165,ל  גרם,false,1,17.90,10.85,true,1,
7290000292915,false,"סנו רסס ונגב מרסס 750 מ""ל",החב הדרומית לשיווק,,,"י""ח",600,"ל  מ""ל",false,1,14.90,2.48,false,1,
7290000293073,false,מקסימה מרכך לבן  ביו מקסי 4 ל,החב הדרומית לשיווק,,,"י""ח",4,ליטר,false,1,21.90,5.48,false,1,
7290000293561,false,מסיר עובש סנו תרסיס,החב הדרומית לשיווק,,,"י""ח",750,"ל  מ""ל",false,1,19.90,2.65,false,1,
7290000293943,false,אנטי קאלק מרסס,החב הדרומית לשיווק,,,"י""ח",1,ליטר,false,1,19.90,19.90,false,1,
7290000294391,false,סנו jJET הכל יכול  -4 ל  אקטיב,החב הדרומית לשיווק,,,"י""ח",4,ליטר,false,1,17.90,4.48,false,1,
7290000294780,false,סנו JAVEL  פרובנס]סמיכה [4ליטר,החב הדרומית לשיווק,,,"י""ח",4,ליטר,false,1,16.90,4.23,false,1,
7290000295299,false,כריות הפלא סנו סושי 4 יחידות,החב הדרומית לשיווק,,,"י""ח",1,,false,1,11.90,11.90,false,1,
7290000295367,false,"א.כביסה מקסימה 2.5 אפקט זאוול  ק""ג",החב הדרומית לשיווק,,,"י""ח",2.50,"ק""ג",false,1,26.90,10.76,false,1,
7290000295404,false,שקיות אשפה סושי 60 יח,החב הדרומית לשיווק,,,"י""ח",1,"י""ח",false,1,22.90,22.90,false,1,
7290000295503,false,זוג סנו סושי מזון בקרטון,החב הדרומית לשיווק,,,"י""ח",1,,false,1,15.90,15.90,false,1,
7290000295541,false,סנו סושי רב מגבת ג`מבו 75 יחידות,החב הדרומית לשיווק,,,"י""ח",390,ל  גרם,false,1,24.90,6.38,false,1,
7290000295558,false,זוג נייר אלומיניום  30*7.5 סנו,החב הדרומית לשיווק,,,"י""ח",1,,false,1,11.90,11.90,false,1,
7290000295565,false,רדיד אלומיניום סנו זוג ארוך,החב הדרומית לשיווק,,,"י""ח",1,,false,1,18.90,18.90,false,1,
7290000295572,false,נוזל ניקוי אסלות זוג,החב הדרומית לשיווק,,,"י""ח",1.50,ליטר,false,1,16.90,11.27,false,1,
7290000295589,false,טלק בייבי כיף לתינוק,החב הדרומית לשיווק,,,"י""ח",200,ל  גרם,false,1,14.90,7.45,false,1,
7290000295749,false,ספוג סאקי מסאג,החב הדרומית לשיווק,,,"י""ח",1,,false,1,9.90,9.90,false,1,
7290000295824,false,רדיד  אלומניום 100 מטר ענק סנו,החב הדרומית לשיווק,,,"י""ח",1,,false,1,54.90,54.90,false,1,
7290000300900,false,שניצל תירס 750 גרם,קבוצת אוסם סחר-שות.מוגבלת,,,"י""ח",750,ל  גרם,false,1,38.90,5.19,true,1,
7290000303598,false,שעועית לבנה אפוי,ויטה- פרי גליל (החדשה) בעמ,,,"י""ח",550,ל  גרם,false,1,7.90,1.44,true,1,
7290000303604,false,חומוס גרגירים]פריגליל[,ויטה- פרי גליל (החדשה) בעמ,,,"י""ח",600,ל  גרם,false,1,7.90,1.32,true,1,
7290000305882,false,סרדין קולי  אס(יונה )110גרם,דיפלומט מפיצים (1968) בעמ**,,,"י""ח",110,ל  גרם,false,1,5.90,5.36,false,1,
7290000307015,false,אפונה גינה A2,ויטה- פרי גליל (החדשה) בעמ,,,"י""ח",600,ל  גרם,false,1,7.90,1.32,true,1,
7290000307046,false,אפונה וגזר A2,ויטה- פרי גליל (החדשה) בעמ,,,"י""ח",550,ל  גרם,false,1,7.90,1.44,true,1,
7290000307220,false,תירס  ואקום}פריגליל{,ויטה- פרי גליל (החדשה) בעמ,,,"י""ח",450,ל  גרם,false,1,5.90,1.31,false,1,
7290000307237,false,תירס A2 פרי גליל,ויטה- פרי גליל (החדשה) בעמ,,,"י""ח",540,ל  גרם,false,1,7.90,1.46,true,1,
7290000311128,false,עוגיות חמאה 300ג מן,ח.כהן סוכנות מזון ומשקאות בע,,,"י""ח",300,ל  גרם,false,1,6.90,2.30,false,1,
7290000311135,false,עוגיות  מן סטיקם שוקולד 300גר,ח.כהן סוכנות מזון ומשקאות בע,,,"י""ח",300,ל  גרם,false,1,6.90,2.30,false,1,
7290000311203,false,וופל שוקו 200 גר מן,ח.כהן סוכנות מזון ומשקאות בע,,,"י""ח",200,ל  גרם,false,1,4.90,2.45,false,1,
7290000311210,false,לימון 200 ופל מן,ח.כהן סוכנות מזון ומשקאות בע,,,"י""ח",200,ל  גרם,false,1,4.90,2.45,false,1,
7290000311227,false,וופל קפה 220גר מן,ח.כהן סוכנות מזון ומשקאות בע,,,"י""ח",200,ל  גרם,false,1,4.90,2.45,false,1,
7290000311357,false,וופל אגוזים עשירייה מן,ח.כהן סוכנות מזון ומשקאות בע,,,"י""ח",280,ל  גרם,false,1,11.90,4.25,false,1,
7290000311425,false,וופל מצופה כחול 10יח מן,ח.כהן סוכנות מזון ומשקאות בע,,,"י""ח",200,ל  גרם,false,1,8.90,4.45,false,1,
7290000311500,false,וופלים שוקו 500גר מן,ח.כהן סוכנות מזון ומשקאות בע,,,"י""ח",500,ל  גרם,false,1,9.90,1.98,false,1,
7290000311517,false,לימון 500 ופל מן,ח.כהן סוכנות מזון ומשקאות בע,,,"י""ח",500,ל  גרם,false,1,9.90,1.98,false,1,
7290000311708,false,עוג יות חיטה מלאה 300ג  מן,ח.כהן סוכנות מזון ומשקאות בע,,,"י""ח",300,ל  גרם,false,1,6.90,2.30,false,1,
7290000311715,false,עוגיות כוכבים שוקולד 300ג מן,ח.כהן סוכנות מזון ומשקאות בע,,,"י""ח",300,ל  גרם,false,1,6.90,2.30,false,1,
7290000311722,false,עוגיות כוכבים 300ג מן,ח.כהן סוכנות מזון ומשקאות בע,,,"י""ח",300,ל  גרם,false,1,6.90,2.30,false,1,
7290000313160,false,חברים זברה 3דובים שוקו,קבוצת אוסם סחר-שות.מוגבלת,,,"י""ח",250,ל  גרם,false,1,9.60,3.84,false,1,
7290000313184,false,חברים-בסקוויט גן חיות 250ג.,קבוצת אוסם סחר-שות.מוגבלת,,,"י""ח",250,ל  גרם,false,1,9.60,3.84,false,1,
7290000313290,false,נודלס-אטריות מסולסלות,קבוצת אוסם סחר-שות.מוגבלת,,,"י""ח",200,ל  גרם,false,1,12.90,6.45,false,1,
7290000318127,false,מיני ביס נקנקיות 380 גרם,מעדני יחיעם 1993 בעמ,,,"י""ח",380,ל  גרם,false,1,11.90,3.13,false,1,
7290000318288,false,חזה הודו  בדבש{יחיעם},מעדני יחיעם 1993 בעמ,,,"ק""ג",1,,true,1,78.70,78.70,true,1,
7290000318349,false,פסטרמה בסגנון איטלקי,מעדני יחיעם 1993 בעמ,,,"ק""ג",1,,true,1,77.90,77.90,true,1,
7290000318479,false,פרושוטו עגל ברזאולה 100גר,מעדני יחיעם 1993 בעמ,,,"י""ח",100,ל  גרם,false,1,26.10,26.10,false,1,
7290000318493,false,כתף בקר  מפולפל{מפולפל},מעדני יחיעם 1993 בעמ,,,"ק""ג",1,"י""ח",true,1,120.50,120.50,false,1,
7290000318530,false,רוסטביף צלי  בקר{יחיעם},מעדני יחיעם 1993 בעמ,,,"ק""ג",1,,true,1,110,110,false,1,
7290000318738,false,נקניק עוף 450ג,מעדני יחיעם 1993 בעמ,,,"י""ח",450,ל  גרם,false,1,11.90,2.64,false,1,
7290000318806,false,סלמי  סרוולד{יחיעם},מעדני יחיעם 1993 בעמ,,,"ק""ג",1,,true,1,140,140,false,1,
7290000318868,false,סלמי  פפרוני{יחיעם},מעדני יחיעם 1993 בעמ,,,"ק""ג",1000,ל  גרם,true,1,77.90,7.79,true,1,
7290000318929,false,סלמי  צרפתי{יחיעם},מעדני יחיעם 1993 בעמ,,,"ק""ג",1,,true,1,139,139,false,1,
7290000318943,false,פסטרמה של פעם,מעדני יחיעם 1993 בעמ,,,"י""ח",200,ל  גרם,false,1,23.90,11.95,false,1,
7290000319124,false,סלמי סרוולט 250 גרם,מעדני יחיעם 1993 בעמ,,,"י""ח",250,ל  גרם,false,1,33.90,13.56,false,1,
7290000319131,false,נקניקיות עוף 400 גרם,מעדני יחיעם 1993 בעמ,,,"י""ח",400,ל  גרם,false,1,11.90,2.98,true,1,
7290000319414,false,נקניקיות פרמיום בראטוורסט  280גר,מעדני יחיעם 1993 בעמ,,,"י""ח",400,ל  גרם,false,1,21.90,5.48,true,1,
7290000319520,false,סלמי צרפתי,מעדני יחיעם 1993 בעמ,,,"י""ח",100,ל  גרם,false,1,19.90,19.90,false,1,
7290000319704,false,כתף בקר  מעושן{יחיעם},מעדני יחיעם 1993 בעמ,,,"ק""ג",1,,true,1,121,121,false,1,
7290000334684,false,טבעות בצל 700גר,קבוצת אוסם סחר-שות.מוגבלת,,,"י""ח",700,ל  גרם,false,1,17.90,2.56,false,1,
7290000339191,false,רן הלבנה 35גר קל,יוניליוור ישראל שיווק בעמ,,,"י""ח",350,ל  גרם,false,1,17.90,5.11,false,1,
7290000339566,false,בדין ורוד 4 ליטר,יוניליוור ישראל שיווק בעמ,,,"י""ח",4,ליטר,false,1,19.90,4.98,false,1,
7290000339849,false,"משחה לכלים 3.5 ק""ג סמדר",יוניליוור ישראל שיווק בעמ,,,"י""ח",3.50,"ק""ג",false,1,26.90,7.69,false,1,
7290000339887,false,"משחת קלין 3.5 ק""ג",יוניליוור ישראל שיווק בעמ,,,"י""ח",3.50,"ק""ג",false,1,26.90,7.69,false,1,
7290000342832,false,בדין צהוב 4 ל,יוניליוור ישראל שיווק בעמ,,,"י""ח",4,ליטר,false,1,19.90,4.98,false,1,
7290000342856,false,בדין כחול 4 ליטר,יוניליוור ישראל שיווק בעמ,,,"י""ח",4,ליטר,false,1,19.90,4.98,false,1,
7290000345055,false,100 ארל גריי תפזורת,תה ויסוצקי (ישראל)בעמ,,,"י""ח",100,ל  גרם,false,1,13.90,13.90,false,1,
7290000345116,false,תה ירוק 125 תפזורת,תה ויסוצקי (ישראל)בעמ,,,"י""ח",125,ל  גרם,false,1,14.90,11.92,false,1,
7290000345208,false,תה בריבוע 25/1,תה ויסוצקי (ישראל)בעמ,,,"י""ח",25,ל  גרם,false,1,6.90,27.60,false,1,
7290000345260,false,תה בריבוע 1.5/25,תה ויסוצקי (ישראל)בעמ,,,"י""ח",37.50,ל  גרם,false,1,6.90,18.40,false,1,
7290000345284,false,תה קלאסיק 100 יח 1.5ג ק.ירוקה,תה ויסוצקי (ישראל)בעמ,,,"י""ח",150,ל  גרם,false,1,17.90,11.93,false,1,
7290000345291,false,תה ארל גריי 1.5/25,תה ויסוצקי (ישראל)בעמ,,,"י""ח",37.50,ל  גרם,false,1,15.90,42.40,true,1,
7290000345307,false,תה ארל גריי 50 שקיות,תה ויסוצקי (ישראל)בעמ,,,"י""ח",75,ל  גרם,false,1,28.90,38.53,true,1,
7290000345536,false,תה נענע 25 שקיות,תה ויסוצקי (ישראל)בעמ,,,"י""ח",37.50,ל  גרם,false,1,16.90,45.07,false,1,
7290000346137,false,חליטת הילולי פירות,תה ויסוצקי (ישראל)בעמ,,,"י""ח",62.50,ל  גרם,false,1,17.90,28.64,true,1,
7290000346144,false,תה גן קסום עינוגי התפוח,תה ויסוצקי (ישראל)בעמ,,,"י""ח",75,ל  גרם,false,1,17.90,23.87,true,1,
7290000346199,false,חליטת פירות יער  גן קסום 25 שק`,תה ויסוצקי (ישראל)בעמ,,,"י""ח",67.50,ל  גרם,false,1,17.90,26.52,true,1,
7290000346205,false,חליטת  קמומיל גן קסום 25יח,תה ויסוצקי (ישראל)בעמ,,,"י""ח",37.50,ל  גרם,false,1,17.90,47.73,true,1,
7290000346236,false,גן הקסום ורבינה,תה ויסוצקי (ישראל)בעמ,,,"י""ח",50,ל  גרם,false,1,17.90,35.80,true,1,
7290000346960,false,תה נענע 50 יח,תה ויסוצקי (ישראל)בעמ,,,"י""ח",75,ל  גרם,false,1,29.90,39.87,false,1,
7290000347738,false,תה ירוק בטעם נענע 25יח,תה ויסוצקי (ישראל)בעמ,,,"י""ח",25,"י""ח",false,1,24.90,1,true,1,
7290000347752,false,תה ירוק  25 עם לימונית לואיזה,תה ויסוצקי (ישראל)בעמ,,,"י""ח",37.50,ל  גרם,false,1,24.90,66.40,true,1,
7290000363363,false,קבנוס מיוחד 160 גרם,תנובה בשר,,,"י""ח",160,ל  גרם,false,1,12.90,8.06,false,1,
7290000363462,false,סלמי איטלקי מעושן ט.צבי,תנובה בשר,,,"ק""ג",1,,true,1,89,89,false,1,
7290000363486,false,סלמי תה טירת צבי,תנובה בשר,,,"ק""ג",1000,ל  גרם,true,1,56.50,5.65,false,1,
7290000363899,false,נקניקיות פיקנטיות 400גר`,תנובה בשר,,,"י""ח",400,ל  גרם,false,1,14.90,3.73,false,1,
7290000364131,false,סלמי פריזר כפרי,תנובה בשר,,,"י""ח",400,ל  גרם,false,1,16.90,4.23,false,1,
7290000364810,false,נקניקיות עגל,תנובה בשר,,,"י""ח",500,ל  גרם,false,1,31.10,6.22,false,1,
7290000364858,false,"נקניקיות עוף 1 ק""ג טירת צבי",תנובה בשר,,,"י""ח",1,"ק""ג",false,1,28.90,28.90,false,1,
7290000364872,false,נקניקיות עוף 400 גרם טירת צבי,תנובה בשר,,,"י""ח",400,ל  גרם,false,1,14.90,3.73,false,1,
7290000365107,false,כתף בקר מפולפל{טירת  צבי},תנובה בשר,,,"ק""ג",1,,true,1,89,89,false,1,
7290000365398,false,חזה הודו בדבש,תנובה בשר,,,"ק""ג",1,,true,1,79,79,false,1,
7290000365954,false,פסטרמה גחלים טירת צבי,תנובה בשר,,,"ק""ג",1,,true,1,89,89,false,1,
7290000367590,false,צמד כפרי טירת צבי,תנובה בשר,,,"י""ח",8,"י""ח",false,1,33.90,4.24,false,1,
7290000377209,false,בוטן מטוגן 200 גר,ליימן שליסל,,,"י""ח",200,ל  גרם,false,1,6.90,3.45,false,1,
7290000377445,false,מאנצס 200 גר  שקית,ליימן שליסל,,,"י""ח",200,ל  גרם,false,1,8.90,4.45,true,1,
7290000377452,false,גרעיני אבטיח 200 גרם,ליימן שליסל,,,"י""ח",200,ל  גרם,false,1,11.90,5.95,false,1,
7290000379000,false,חלה רגילה/קלועה  חדשה  650 גרם *.,שלמה א.אנג ל בעמ,,,"י""ח",650,ל  גרם,false,1,6.60,1.02,false,1,
7290000379258,false,חלה קונדיטוריה ארוזה אנגל,שלמה א.אנג ל בעמ,,,"י""ח",500,ל  גרם,false,1,15.90,3.18,false,1,
7290000408316,false,דנונה יוגורט טבעי,שטראוס גרופ ***בעמ,,,"י""ח",200,"ל  מ""ל",false,1,3.50,1.75,true,1,
7290000408354,false,דנונה קראנצי פצפוצים,שטראוס גרופ ***בעמ,,,"י""ח",175,"ל  מ""ל",false,1,4.40,2.51,true,1,
7290000412481,false,מנקה אסלות 1 ליטר 00,החב הדרומית לשיווק,,,"י""ח",1,ליטר,false,1,7.90,7.90,false,1,
7290000416021,false,#ממרח שחר 500 חלבי,השחר העולה תעשית ממתקים,,,"י""ח",500,ל  גרם,false,1,14.90,2.98,false,1,
7290000416045,false,"ממרח שחר 1  ק""ג חלבי",השחר העולה תעשית ממתקים,,,"י""ח",1,"ק""ג",false,1,23.90,23.90,false,1,
7290000416076,false,צימקאו שוקולד לבישול,השחר העולה תעשית ממתקים,,,"י""ח",400,ל  גרם,false,1,14.90,3.73,false,1,
7290000416618,false,"ממרח שחר בד""צ} {400",השחר העולה תעשית ממתקים,,,"י""ח",400,ל  גרם,false,1,11.90,2.98,false,1,
7290000416632,false,"ממרח שחר פרווה 1 ק""ג",השחר העולה תעשית ממתקים,,,"י""ח",1,מטר,false,1,25.20,25.20,false,1,
7290000416854,false,אבקת קקאו 150 גרם השחר,השחר העולה תעשית ממתקים,,,"י""ח",500,ל  גרם,false,1,11.90,2.38,false,1,
7290000418155,false,טופד  סופר פלוס 16 יח,שקד תבל בעמ,,,"י""ח",1,,false,1,7.50,7.50,true,1,
7290000419220,false,קפה טורקי שלשות לנדוור 100*3,ש.שסטוביץ בעמ,,,"י""ח",300,ל  גרם,false,1,18.90,6.30,false,1,
7290000420325,false,פופ סטאר פופקורן  טבעי  500גרם,דנשר (1963) בעמ,,,"י""ח",500,ל  גרם,false,1,13.80,2.76,true,1,
7290000420332,false,פופ סטאר פופקורן בטעם חמאה 500גר,דנשר (1963) בעמ,,,"י""ח",500,ל  גרם,false,1,13.80,2.76,true,1,
7290000430102,false,"קוביות קרח 2 ק""ג",אייס קיובס בעמ מיסטר אייס,,,"י""ח",2,"ק""ג",false,1,12,6,false,1,
7290000432205,false,נר נשמה בכוס 48,פאלאס תעשיות נטו (2014) בעמ,,,"י""ח",1,,false,1,5.20,5.20,false,1,
7290000432359,false,נר נשמה שבועי,פאלאס תעשיות נטו (2014) בעמ,,,"י""ח",1,,false,1,11.10,11.10,false,1,
7290000432649,false,נרות שולחן,פאלאס תעשיות נטו (2014) בעמ,,,"י""ח",140,ל  גרם,false,1,3.90,2.79,false,1,
7290000436203,false,עוגיות שוקו ציפס 200 גרם ברמן,ח.כהן סוכנות מזון ומשקאות בע,,,"י""ח",200,ל  גרם,false,1,5.90,2.95,false,1,
7290000446325,false,תרכיז תפוחים 1.2 ליטר,בטר אנד דיפרנט בעמ,,,"י""ח",1.20,ליטר,false,1,47.90,39.92,false,1,
7290000446547,false,חמאה בוטנים350 גרם BD,בטר אנד דיפרנט בעמ,,,"י""ח",350,ל  גרם,false,1,13.90,3.97,false,1,
7290000446554,false,"חמאת בוטנים טבעי 1ק""ג  BD",בטר אנד דיפרנט בעמ,,,"י""ח",510,ל  גרם,false,1,29.90,5.86,false,1,
7290000446776,false,פיצפוצי אורז מלא ללא סוכר ומלח,בטר אנד דיפרנט בעמ,,,"י""ח",500,ל  גרם,false,1,19.90,3.98,false,1,
7290000449128,false,סיף כללי חדש 4 ליטר,יוניליוור ישראל שיווק בעמ,,,"י""ח",4,ליטר,false,1,19.90,4.98,false,1,
7290000450209,false,פוסידון 110 גר  בשמן,נטו מלינדה סחר בעמ,,,"י""ח",110,ל  גרם,false,1,6,5.45,false,1,
7290000450308,false,פוסידון 110 גר  במים,נטו מלינדה סחר בעמ,,,"י""ח",110,ל  גרם,false,1,5.90,5.36,false,1,
7290000453019,false,שמרית שקית,שטראוס גרופ ***בעמ,,,"י""ח",50,ל  גרם,false,1,4.50,9,true,1,
7290000461625,false,בייגלה ]400בייגל שמיניות מלוחות,יוניליוור ישראל שיווק בעמ,,,"י""ח",400,ל  גרם,false,1,9.90,2.48,true,1,
7290000461656,false,בייגלה אחד אחד 400,יוניליוור ישראל שיווק בעמ,,,"י""ח",400,ל  גרם,false,1,9.90,2.48,true,1,
7290000461724,false,גדול גדול שומשום,יוניליוור ישראל שיווק בעמ,,,"י""ח",400,ל  גרם,false,1,11.90,2.98,false,1,
7290000474076,false,חלב הומוגוני 1  ליטר% }3   טרה{*קרטון*,*החברה המרכזית להפצת משקאותבעמ,,,"י""ח",1,ליטר,false,1,6.23,6.23,false,1,
7290000474090,false,חלב 1 ליטר קרטון   *1% *,*החברה המרכזית להפצת משקאותבעמ,,,"י""ח",1,ליטר,false,1,5.86,5.86,false,1,
7290000474373,false,"שמנת חמוצה 200  מ""ל*",*החברה המרכזית להפצת משקאותבעמ,,,"י""ח",200,"ל  מ""ל",false,1,2.40,1.20,false,1,
7290000474502,false,גבינה לבנה  ב250 גרם 5%*,*החברה המרכזית להפצת משקאותבעמ,,,"י""ח",250,ל  גרם,false,1,4.98,1.99,false,1,
7290000474540,false,טוב טעם גבינה 5% טרה,*החברה המרכזית להפצת משקאותבעמ,,,"י""ח",250,ל  גרם,false,1,11.50,4.60,false,1,
7290000474830,false,גבינה צהובה 28% מגורדת 500 גרם,*החברה המרכזית להפצת משקאותבעמ,,,"י""ח",500,ל  גרם,false,1,32.90,6.58,true,1,
7290000480442,false,קוואקר שקית (עלית),שטראוס פריטו ליי בעמ,,,"י""ח",500,ל  גרם,false,1,11.90,2.38,true,1,
7290000482019,false,קוקי 10 יחידות,ש.שסטוביץ בעמ,,,"י""ח",1,,false,1,9.90,9.90,true,1,
7290000484747,false,"ערק עלית 700 מ""ל",יקב הגליל שיווק בעמ,,,"י""ח",700,"ל  מ""ל",false,1,55.90,7.94,false,1,
7290000493176,false,אבקת רוטב צלי לבשר,קבוצת אוסם סחר-שות.מוגבלת,,,"י""ח",22,ל  גרם,false,1,5,22.73,false,1,
7290000493183,false,אבקת רוטב פטריות לבשר,קבוצת אוסם סחר-שות.מוגבלת,,,"י""ח",30,ל  גרם,false,1,5,16.67,false,1,
7290000498461,false,סופגניה מאפית ברמן,שונות /שרות,,,"י""ח",80,ל  גרם,false,1,3,3.75,false,1,
7290000504025,false,פטריה סוכרזית,שטראוס גרופ בעמ,,,"י""ח",246,ל  גרם,false,1,9.90,4.02,true,1,
7290000504049,false,סוכרזית קנקן 1200,שטראוס גרופ בעמ,,,"י""ח",984,ל  גרם,false,1,23.90,2.43,true,1,
7290000504278,false,סוכרזית פטנט,שטראוס גרופ בעמ,,,"י""ח",574,ל  גרם,false,1,17.90,3.12,true,1,
7290000515014,false,"קמח 1 ק""ג}באר  שבע{",טחנות קמח שטיבל בש בעמ,,,"י""ח",1,"ק""ג",false,1,5.20,5.20,false,1,
7290000515106,false,"סולת 1 ק""ג(טחנת  ב""ש)",טחנות קמח שטיבל בש בעמ,,,"י""ח",1,"ק""ג",false,1,5.50,5.50,false,1,
7290000518114,false,מתוק וקל אבקה 200גרם,מתוק וקל בעמ,,,"י""ח",200,ל  גרם,false,1,9,4.50,false,1,
7290000518169,false,מתוק וקל 1000 טבליות,מתוק וקל בעמ,,,"י""ח",1000,"י""ח",false,1,7.90,0.01,false,1,
7290000518176,false,מתוק וקל ענק 250 שק,מתוק וקל בעמ,,,"י""ח",2.50,"י""ח",false,1,16.90,6.76,false,1,
7290000518251,false,מתוק וקל זהב 100 שקיות,מתוק וקל בעמ,,,"י""ח",100,"י""ח",false,1,11.90,0.12,false,1,
7290000523125,false,מלח ים יבש הארץ  250  ג,סוגת תעשיות בעמ,,,"י""ח",250,ל  גרם,false,1,5.40,2.16,false,1,
7290000523224,false,מלח ים יבש  הארץ 500 ג,סוגת תעשיות בעמ,,,"י""ח",500,ל  גרם,false,1,8.90,1.78,false,1,
7290000523521,false,מלח ים בק  200 גר,סוגת תעשיות בעמ,,,"י""ח",200,ל  גרם,false,1,4.90,2.45,false,1,
7290000525969,false,פרימור תפוזים 1 ליטר,שטראוס גרופ ***בעמ,,,"י""ח",1,ליטר,false,1,15.90,15.90,true,1,
7290000530048,false,סלמי פפרוני זוגלובק,זוגלובק שיווק בעמ,,,"י""ח",1000,ל  גרם,true,1,55.20,5.52,false,1,
7290000530086,false,נקניק מעושן  7000,זוגלובק שיווק בעמ,,,"י""ח",800,ל  גרם,false,1,29.90,3.74,true,1,
7290000530109,false,זוג קבנוס בואקום,זוגלובק שיווק בעמ,,,"י""ח",400,ל  גרם,false,1,24.90,6.23,true,1,
7290000530178,false,קוניאק זוגלובק שקילה,זוגלובק שיווק בעמ,,,"י""ח",1000,ל  גרם,true,1,75.60,7.56,false,1,
7290000530192,false,סרבלד זוגלובק,זוגלובק שיווק בעמ,,,"ק""ג",100,ל  גרם,true,1,129.90,129.90,true,1,
7290000530260,false,מרטדלה רחב זוגלובק,זוגלובק שיווק בעמ,,,"ק""ג",1000,ל  גרם,true,1,37.20,3.72,true,1,
7290000530291,false,נקניק מבשר הודו,זוגלובק שיווק בעמ,,,"י""ח",800,ל  גרם,false,1,21.90,2.74,true,1,
7290000530369,false,גולן-חזה מעושן}שקילה{,זוגלובק שיווק בעמ,,,"ק""ג",1,,true,1,76.90,76.90,false,1,
7290000530444,false,כתף בקר מעושן,זוגלובק שיווק בעמ,,,"ק""ג",1,,true,1,110.90,110.90,false,1,
7290000530468,false,"וינר  טרי 1 ק""ג זוגלובק",זוגלובק שיווק בעמ,,,"י""ח",1,"ק""ג",false,1,27.90,27.90,true,1,
7290000530598,false,נקניקיות וינר טרי זוגלובק,זוגלובק שיווק בעמ,,,"י""ח",500,ל  גרם,false,1,15.80,3.16,true,1,
7290000530604,false,נקנקיות זוגלובק חריפות גוי טרי,זוגלובק שיווק בעמ,,,"י""ח",500,ל  גרם,false,1,17.90,3.58,true,1,
7290000530703,false,מארז פסטרמ/חרמון+תה מעושן 800 ג` זוגלובק,זוגלובק שיווק בעמ,,,"י""ח",800,ל  גרם,false,1,26.90,3.36,true,1,
7290000531410,false,.פסטרממיה בדבש זוגלובק,זוגלובק שיווק בעמ,,,"ק""ג",1,,true,1,76.90,76.90,false,1,
7290000531977,false,בורקס גבינה 800 גרם,זוגלובק שיווק בעמ,,,"י""ח",800,ל  גרם,false,1,18.90,2.36,true,1,
7290000532400,false,פסטרמה חזה הודו ברביקיו זוגלובק,זוגלובק שיווק בעמ,,,"ק""ג",1,,true,1,76.90,76.90,false,1,
7290000532721,false,טורו כתף שקילה זוגלובק,זוגלובק שיווק בעמ,,,"ק""ג",1,,true,1,110.90,110.90,false,1,
7290000533353,false,בצק עלים זוגלובק 1 קג,זוגלובק שיווק בעמ,,,"י""ח",1,"ק""ג",false,1,16.90,16.90,true,1,
7290000534718,false,פסטרמה הודו תבור 1% שומן זוגלובק,זוגלובק שיווק בעמ,,,"ק""ג",1,,true,1,76.90,76.90,false,1,
7290000534800,false,פסטרמה הודו רומנית,זוגלובק שיווק בעמ,,,"י""ח",1,,true,1,76.90,76.90,false,1,
7290000534824,false,פסטרמה חרמון-חזה הודו זוגלובק,זוגלובק שיווק בעמ,,,"ק""ג",1,,true,1,55.20,55.20,false,1,
7290000536057,false,מרטדלה רחב עם זיתים,זוגלובק שיווק בעמ,,,"ק""ג",1000,ל  גרם,true,1,40.20,4.02,false,1,
7290000536774,false,"נקניקיות  מן צומח 1ק""ג",זוגלובק שיווק בעמ,,,"י""ח",1,"ק""ג",false,1,29.90,29.90,true,1,
7290000537566,false,נקניקיות עוף טרי 400 ג זוגלובק,זוגלובק שיווק בעמ,,,"י""ח",400,ל  גרם,false,1,10.90,2.73,true,1,
7290000537603,false,"נקניקיות עוף 1 ק""ג זוגלובק.",זוגלובק שיווק בעמ,,,"י""ח",1,"ק""ג",false,1,25.90,25.90,true,1,
7290000538709,false,תה מעושן,זוגלובק שיווק בעמ,,,"י""ח",200,ל  גרם,false,1,14.90,7.45,false,1,
7290000552194,false,קישקע 500 גרם,נטו מלינדה סחר בעמ,,,"י""ח",500,ל  גרם,false,1,12.90,2.58,false,1,
7290000552569,false,סטייק בורגר 400 גרם,נטו מלינדה סחר בעמ,,,"י""ח",400,ל  גרם,false,1,20.90,5.23,true,1,
7290000554402,false,מלבי גד 160 גרם,מחלבות גד,,,"י""ח",160,"ל  מ""ל",false,1,6,3.75,false,1,
7290000554457,false,צפתית מיני% }5 גד 350 ג.,מחלבות גד,,,"י""ח",350,ל  גרם,false,1,19.90,5.69,false,1,
7290000554600,false,מוצרלה מגורדת  300 גרם גד,מחלבות גד,,,"י""ח",300,ל  גרם,false,1,22.90,7.63,false,1,
7290000554624,false,ירח מתוק גד,מחלבות גד,,,"י""ח",150,"ל  מ""ל",false,1,6,4,false,1,
7290000554792,false,בולגרית פח% }5 גד{,מחלבות גד,,,"ק""ג",1000,ל  גרם,true,1,54.90,5.49,false,1,
7290000554822,false,ריקוטה 5% בסגנון איטלקי 250 גד{,מחלבות גד,,,"י""ח",250,ל  גרם,false,1,15.90,6.36,false,1,
7290000554839,false,מסקרפונה 250 גרם,מחלבות גד,,,"י""ח",250,ל  גרם,false,1,23.90,9.56,false,1,
7290000554969,false,שמנת טבעי  30% שקיל}גד{,מחלבות גד,,,"ק""ג",1,,true,1,43.90,43.90,false,1,
7290000560021,false,אדג  ג ל נגד חתכים,דנשר (1963) בעמ,,,"י""ח",200,ל  גרם,false,1,17.90,8.95,false,1,
7290000560533,false,אדג  ג ל רגיל 200,דנשר (1963) בעמ,,,"י""ח",200,ל  גרם,false,1,17.90,8.95,false,1,
7290000560540,false,אדג  ג ל רגיש 200,דנשר (1963) בעמ,,,"י""ח",200,ל  גרם,false,1,17.90,8.95,false,1,
7290000571119,false,גאודה.,מחלבות גד,,,"ק""ג",1000,ל  גרם,true,1,103,10.30,false,1,
7290000571188,false,גאודה משקל.,מחלבות גד,,,"ק""ג",1,"ק""ג",true,1,148,148,false,1,
7290000572055,false,חלבה ללא סוכר,אחדות בעמ,,,"י""ח",400,ל  גרם,false,1,14.90,3.73,false,1,
7290000572208,false,חלווה 100 גרם,אחדות בעמ,,,"י""ח",100,ל  גרם,false,1,2.90,2.90,false,1,
7290000572222,false,חלבה וניל 500 גרם אחווה,אחדות בעמ,,,"י""ח",500,ל  גרם,false,1,10.90,2.18,false,1,
7290000572529,false,חלוה אחוה 400גר.,אחדות בעמ,,,"י""ח",400,ל  גרם,false,1,12.90,3.23,false,1,
7290000572536,false,חלוה מגש 400גר ו,אחדות בעמ,,,"י""ח",400,ל  גרם,false,1,12.90,3.23,false,1,
7290000572543,false,חלוה שוקו וניל,אחדות בעמ,,,"י""ח",400,ל  גרם,false,1,12.90,3.23,false,1,
7290000572673,false,חלבה שי עשיריות]אחוה[,אחדות בעמ,,,"י""ח",300,ל  גרם,false,1,12.90,4.30,false,1,
7290000572819,false,"טחינה  אחווה 100 טבעי 1 ק""ג",אחדות בעמ,,,"י""ח",1,"ק""ג",false,1,21.90,21.90,false,1,
7290000574035,false,לחם אחיד פרוס}דגנית{*750,דגנית עין בר ~~~,,,"י""ח",750,ל  גרם,false,1,6.30,0.84,false,1,
7290000574141,false,לחם חיטה מלא 750,דגנית עין בר ~~~,,,"י""ח",750,ל  גרם,false,1,13.90,1.85,false,1,
7290000574165,false,חלה פרוסה מעודנת,דגנית עין בר ~~~,,,"י""ח",500,ל  גרם,false,1,8.30,1.66,false,1,
7290000574257,false,לחם שחור קל פרוס 750,דגנית עין בר ~~~,,,"י""ח",750,ל  גרם,false,1,14.90,1.99,false,1,
7290000574332,false,חלה קלה עין בר 500,דגנית עין בר ~~~,,,"י""ח",500,ל  גרם,false,1,14.90,2.98,false,1,
7290000599090,false,מקל מטאטא טיטניום,*** מ.א.ייצור ויבוא מטליות,,,"י""ח",1,,false,1,6,6,false,1,
7290000599571,false,צמר פלדה 200 גרם Shiny,מ.א.ייצור ויבוא מטליות בעמ,,,"י""ח",1,,false,1,7.90,7.90,false,1,
7290000631257,false,לב עוף טרי[קצביה ]**.,ח.י. מעדני גורמה בעמ,,,"ק""ג",1,"ק""ג",true,1,34.90,34.90,false,1,
7290000631424,false,פרגיות עוף  טרי[קצביה]**,ח.י. מעדני גורמה בעמ,,,"ק""ג",1,"ק""ג",true,1,79.90,79.90,true,1,
7290000632452,false,כרעיים עוף טרי(קצביה )**.,ח.י. מעדני גורמה בעמ,,,"ק""ג",1,"ק""ג",true,1,36.90,36.90,true,1,
7290000632599,false,ירכיים עוף קפוא חלק עטרה,נטו מלינדה סחר בעמ,,,"ק""ג",1,"ק""ג",true,1,32.90,32.90,false,1,
7290000632759,false,שוקיים עוף טרי (קצביה)**,ח.י. מעדני גורמה בעמ,,,"ק""ג",1,"ק""ג",true,1,39.90,39.90,true,1,
7290000633855,false,כנפיים עוף  טרי מקוצבות[קצביה],ח.י. מעדני גורמה בעמ,,,"ק""ג",1,"י""ח",true,1,16.90,16.90,true,1,
7290000641058,false,כבד הודו  טרי}קצביה{**,ח.י. מעדני גורמה בעמ,,,"ק""ג",1,,true,1,22.90,22.90,false,1,
7290000643250,false,עוף טרי  מפורק(קצביה)**,ח.י. מעדני גורמה בעמ,,,"י""ח",1,,true,1,21.90,21.90,false,1,
7290000659312,false,פילה סלומון קפוא פרימיום תנובה,תנובה בשר,,,"ק""ג",1,"ק""ג",true,1,69.90,69.90,false,1,
7290000679440,false,משחה לתינוק 100 ג` דוקטור פישר,פישר תעשיות פרמבצטיות בעמ,,,"י""ח",100,ל  גרם,false,1,16.90,16.90,false,1,
7290000688824,false,מי עדן שישיה 1.5ליטר,יפאורה שותפות מוגבלת לשיווק,,,"י""ח",12,ליטר,false,1,12.90,1.08,false,1,
7290000692135,false,ספיד סטיק גבר ירוק,ש.שסטוביץ בעמ,,,"י""ח",60,ל  גרם,false,1,16.90,28.17,true,1,
7290000692203,false,אג`קס ניקוי כללי לימון  2 ל,ש.שסטוביץ בעמ,,,"י""ח",2,ליטר,false,1,22.90,11.45,false,1,
7290000800172,false,"מונית 2 נוסעים  -24.24ש""ח",שונות /שרות,,,"י""ח",1,"י""ח",false,1,0.01,0.01,false,1,
7290000803067,false,"אלמקס לילדים 75מ""ל",ש.שסטוביץ בעמ,,,"י""ח",75,ל  גרם,false,1,15.90,21.20,true,1,
7290000803180,false,מרידול מי פה,ש.שסטוביץ בעמ,,,"י""ח",400,"ל  מ""ל",false,1,29.90,7.48,false,1,
7290000805368,false,בונזו גורים+ספרון   מתנה,דיפלומט מפיצים (1968) בעמ**,,,"י""ח",3,"ק""ג",false,1,64.90,21.63,false,1,
7290000805597,false,"בונזו סניור 3 ק""ג",דיפלומט מפיצים (1968) בעמ**,,,"י""ח",3,"ק""ג",false,1,44.90,14.97,false,1,
7290000805795,false,"חול חתולים 10 ק""ג",דיפלומט מפיצים (1968) בעמ**,,,"י""ח",10,"ק""ג",false,1,29.90,2.99,false,1,
7290000805900,false,"לה קט 2.85 עוף ק""ג",דיפלומט מפיצים (1968) בעמ**,,,"י""ח",2.85,"ק""ג",false,1,64.90,22.77,false,1,
7290000805917,false,"לה קט כבד 2.85 ק""ג",דיפלומט מפיצים (1968) בעמ**,,,"י""ח",2.85,"ק""ג",false,1,64.90,22.77,false,1,
7290000913551,false,פסטרמה הכפר 400 גרם,תנובה בשר,,,"י""ח",400,ל  גרם,false,1,20.90,5.23,false,1,
7290001041260,false,שומשום 400גר ].מיה[,מיה תעשיות מזון מ.ת.מ בעמ,,,"י""ח",400,ל  גרם,false,1,10.90,2.73,false,1,
7290001041987,false,"סוכר חום 1 ק""ג",מיה תעשיות מזון מ.ת.מ בעמ,,,"י""ח",1,"ק""ג",false,1,14.90,14.90,false,1,
7290001045688,false,מיץ תפוזים סחוט 400 מייל,שטראוס גרופ ***בעמ,,,"י""ח",400,"ל  מ""ל",false,1,7.90,1.90,true,1,
7290001121054,false,צמד חמד יחיעם 700 גרם,מעדני יחיעם 1993 בעמ,,,"י""ח",850,ל  גרם,false,1,24.90,2.93,false,1,
7290001123775,false,שווארמה אמיתית טיבון ויל,נטו מלינדה סחר בעמ,,,"י""ח",500,ל  גרם,false,1,24.90,4.98,false,1,
7290001123782,false,שווארמה הודו טיבון ויל,נטו מלינדה סחר בעמ,,,"י""ח",500,ל  גרם,false,1,25.90,5.18,false,1,
7290001124536,false,מג יק טעם תירס בכוס,נטו מלינדה סחר בעמ,,,"י""ח",70,ל  גרם,false,1,4.90,7,false,1,
7290001124611,false,שומן כבש 200 ג,נטו מלינדה סחר בעמ,,,"י""ח",200,ל  גרם,false,1,22.20,11.10,false,1,
7290001136287,false,שמפו נקה 7 לשיער רגיל,החב הדרומית לשיווק,,,"י""ח",750,"ל  מ""ל",false,1,12.90,1.72,false,1,
7290001136294,false,"שמפו נקה 7 לשיער יבש 750 מ""ל",החב הדרומית לשיווק,,,"י""ח",750,"ל  מ""ל",false,1,12.90,1.72,false,1,
7290001136300,false,שמפו נקה 7 ומרכך לסירוק קך,החב הדרומית לשיווק,,,"י""ח",750,"ל  מ""ל",false,1,12.90,1.72,false,1,
7290001136362,false,סבון נ. ארומה 1 ליטר ירוק,החב הדרומית לשיווק,,,"י""ח",1,ליטר,false,1,12.90,12.90,false,1,
7290001136683,false,מרכך נקה -7 לשיער רגיל ירוק,החב הדרומית לשיווק,,,"י""ח",750,"ל  מ""ל",false,1,12.90,1.72,false,1,
7290001136973,false,סבון נ.ארומה 1 ליטר לבן,החב הדרומית לשיווק,,,"י""ח",1,ליטר,false,1,12.90,12.90,false,1,
7290001245255,false,תרסיס לניקוי מערכת להזרקת דקק ומאיידים,סאסאטק אגשח בעמ,,,"י""ח",1,,false,1,11.90,11.90,false,1,
7290001245699,false,אקונומיקה סמיכה 4 ל`טאצ`,סאסאטק אגשח בעמ,,,"י""ח",4,ליטר,false,1,12.90,3.23,true,1,
7290001245705,false,אקונומיקה מבושמת 4ל טאצ`,סאסאטק אגשח בעמ,,,"י""ח",4,ליטר,false,1,10.90,2.73,false,1,
7290001245712,false,אקונומיקה  4ל` טאצ`,סאסאטק אגשח בעמ,,,"י""ח",4,ליטר,false,1,9.90,2.48,false,1,
7290001245729,false,ג`ל כביסה ירוק 3 ל`טאצ`,סאסאטק אגשח בעמ,,,"י""ח",1,ליטר,false,1,19.90,19.90,true,1,
7290001245736,false,ג`ל כביסה כחול  3 ל`טאצ`,סאסאטק אגשח בעמ,,,"י""ח",1,ליטר,false,1,19.90,19.90,true,1,
7290001245828,false,נ.כלים קלאסי 1.6  ל`טאצ,סאסאטק אגשח בעמ,,,"י""ח",1.60,ליטר,false,1,11.90,7.44,true,1,
7290001245897,false,נוזל רצפות יסמין 4ליטר טאצ`,סאסאטק אגשח בעמ,,,"י""ח",4,ליטר,false,1,14.90,3.73,true,1,
7290001245958,false,מרכך כביסה ורוד 4ל טאצ`,סאסאטק אגשח בעמ,,,"י""ח",4,ליטר,false,1,15.90,3.98,true,1,
7290001245965,false,מרכך כביסה כחול 4ל טאצ`,סאסאטק אגשח בעמ,,,"י""ח",4,ליטר,false,1,15.90,3.98,true,1,
7290001245972,false,מרכך כביסה לבן 4ל טאצ`,סאסאטק אגשח בעמ,,,"י""ח",4,ליטר,false,1,15.90,3.98,true,1,
7290001245989,false,מרכך כביסה סגול 4ל טאצ`,סאסאטק אגשח בעמ,,,"י""ח",4,ליטר,false,1,15.90,3.98,true,1,
7290001246078,false,מרכך פרמיום סנשואל 1 ל`טאצ`,סאסאטק אגשח בעמ,,,"י""ח",1,ליטר,false,1,13.90,13.90,true,1,
7290001246092,false,תרסיס מסיר שומנים 750 מ``ל טאצ,סאסאטק אגשח בעמ,,,"י""ח",75,"ל  מ""ל",false,1,12.90,17.20,false,1,
7290001246108,false,תרסיס מסיר אבנית 750 מ``ל טאצ,סאסאטק אגשח בעמ,,,"י""ח",75,"ל  מ""ל",false,1,12.90,17.20,false,1,
7290001246139,false,חיטוי פירות וירקות 1ל טאצ`,סאסאטק אגשח בעמ,,,"י""ח",1,ליטר,false,1,14.90,14.90,false,1,
7290001246177,false,מבשם נטול גז סגול 350 מ``ל טאצ,סאסאטק אגשח בעמ,,,"י""ח",350,"ל  מ""ל",false,1,9.90,2.83,false,1,
7290001246238,false,"מטהר אוויר פריחה 300מ""ל טאצ`",סאסאטק אגשח בעמ,,,"י""ח",300,"ל  מ""ל",false,1,5.70,1.90,false,1,
7290001246269,false,"מטהר אוויר לבנדר 300מ""ל טאצ`",סאסאטק אגשח בעמ,,,"י""ח",300,"ל  מ""ל",false,1,5.70,1.90,false,1,
7290001246634,false,"נוזל אסלות ע""ב חומצה 1ליטר טאצ",סאסאטק אגשח בעמ,,,"י""ח",1,ליטר,false,1,6.90,6.90,false,1,
7290001246702,false,"מבשם כביסה 500מ""ל סמשואל טאץ",סאסאטק אגשח בעמ,,,"י""ח",500,"ל  מ""ל",false,1,13.90,2.78,false,1,
7290001247082,false,ספרינג עגבניות,יפאורה שותפות מוגבלת לשיווק,,,"י""ח",1,ליטר,false,1,6.90,6.90,true,1,
7290001247099,false,ספרינג נקטר מנגו,יפאורה שותפות מוגבלת לשיווק,,,"י""ח",1,ליטר,false,1,6.90,6.90,true,1,
7290001247112,false,ספרינג נקטר לימונים,יפאורה שותפות מוגבלת לשיווק,,,"י""ח",1,ליטר,false,1,6.90,6.90,true,1,
7290001247129,false,ספרינג נקטר תפוזים,יפאורה שותפות מוגבלת לשיווק,,,"י""ח",1,ליטר,false,1,6.90,6.90,true,1,
7290001247143,false,ספרינג קרטונית תפוחים,יפאורה שותפות מוגבלת לשיווק,,,"י""ח",1,ליטר,false,1,6.90,6.90,true,1,
7290001265642,false,מולטיפק לה קט 400*3.,דיפלומט מפיצים (1968) בעמ**,,,"י""ח",1.20,"ק""ג",false,1,19.90,16.58,false,1,
7290001305058,false,פלמוליב סבון נוזלי,ש.שסטוביץ בעמ,,,"י""ח",500,"ל  מ""ל",false,1,15.90,3.18,true,1,
7290001327180,false,קרמיסימו שטראוס,גלידות שטראוס בעמ,,,"י""ח",1.33,ליטר,false,1,18.90,14.21,false,1,
7290001407813,false,חלבה פיסטוק,קבוצת אוסם סחר-שות.מוגבלת,,,"י""ח",350,ל  גרם,false,1,15.90,4.54,false,1,
7290001407820,false,חלבה קלאסית,קבוצת אוסם סחר-שות.מוגבלת,,,"י""ח",350,ל  גרם,false,1,15.90,4.54,false,1,
7290001407837,false,חלבה פולי קקאו,קבוצת אוסם סחר-שות.מוגבלת,,,"י""ח",350,ל  גרם,false,1,15.90,4.54,false,1,
7290001468135,false,רצועות שעווה  50יחי,נאמן לאורך זמן בעמ,,,"י""ח",1,,false,1,13.90,13.90,false,1,
7290001468159,false,ריבת חלב 330 גרם נאמן,נאמן לאורך זמן בעמ,,,"י""ח",330,ל  גרם,false,1,13.90,4.21,false,1,
7290001468494,false,"שעווה טבעית למיקרוגל 500 סמ""ק",נאמן לאורך זמן בעמ,,,"י""ח",500,"ס""מ",false,1,14.90,2.98,false,1,
7290001468890,false,"אלכוהול 70% 100 סמ""ק",נאמן לאורך זמן בעמ,,,"י""ח",100,"ל  מ""ל",false,1,5.90,5.90,false,1,
7290001482384,false,אננס חתוך 227 גרם,ג.וילי פוד אינטרנשיונל בעמ,,,"י""ח",227,ל  גרם,false,1,4,1.76,false,1,
7290001482506,false,"חומץ בלסמי 500  מ""ל(ויליפוד)",ג.וילי פוד אינטרנשיונל בעמ,,,"י""ח",500,"ל  מ""ל",false,1,18.40,3.68,false,1,
7290001485019,false,גבינת שמנת    5% טרה,*החברה המרכזית להפצת משקאותבעמ,,,"י""ח",200,ל  גרם,false,1,11.90,5.95,false,1,
7290001491096,false,תה ירוק -50לימונית,תה ויסוצקי (ישראל)בעמ,,,"י""ח",75,ל  גרם,false,1,45.90,61.20,true,1,
7290001552025,false,קוסקוס של מאמא,מטעמי פאר (א.מ.נ) בעמ,,,"י""ח",800,ל  גרם,false,1,15.90,1.99,false,1,
7290001594155,false,בקבוק קוקה קולה חצי ליטר.,החברה המרכזית להפצת משקאות בעמ,,,"י""ח",500,"ל  מ""ל",false,1,6.20,1.18,true,1,
7290001594179,false,פאנטה אורנג  0.5ליטר,החברה המרכזית להפצת משקאות בעמ,,,"י""ח",500,"ל  מ""ל",false,1,6.20,1.18,true,1,
7290001594520,false,טובורג בקבוק 330,החברה המרכזית להפצת משקאות בעמ,,,"י""ח",330,"ל  מ""ל",false,1,7.30,2.12,false,1,
7290001594858,false,בירה טובורג רד שישיה,החברה המרכזית להפצת משקאות בעמ,,,"י""ח",1.98,ליטר,false,1,41.70,20.15,true,1,
7290001723357,false,מוצץ סיליקון זוג בינוני,אינטרסן (1996) בעמ,,,"י""ח",1,,false,1,24.90,24.90,true,1,
7290001791349,false,אקונומיקה ריחנית פיסגה 4 ליטר,החב הדרומית לשיווק,,,"י""ח",4,ליטר,false,1,11.90,2.98,false,1,
7290001813454,false,חיוכים שוקו 900 גרם,שטראוס גרופ בעמ,,,"י""ח",900,ל  גרם,false,1,21.90,2.43,true,1,
7290001813478,false,חיוכים וניל 900,שטראוס גרופ בעמ,,,"י""ח",900,ל  גרם,false,1,21.90,2.43,true,1,
7290001865439,false,אל סבון 1 ליטר,דנשר (1963) בעמ,,,"י""ח",1,ליטר,false,1,10.90,10.90,false,1,
7290001901656,false,געפילטע פיש 6 קציצות,נאמן לאורך זמן בעמ,,,"י""ח",600,ל  גרם,false,1,17.90,2.98,false,1,
7290001922231,false,כדורי פלאפל 700גר שף הטבע,קפוא זן תעשיות מזון בעמ,,,"י""ח",700,ל  גרם,false,1,15.90,2.27,false,1,
7290001973233,false,מגבוני דיספנסר 120 יח,פישר תעשיות פרמבצטיות בעמ,,,"י""ח",120,"י""ח",false,1,10.90,0.09,false,1,
7290001985007,false,שוקו שוקו,גלידות שטראוס בעמ,,,"י""ח",1,,false,1,4.90,4.90,false,1,
7290001990094,false,סוכר חום צנצנת סוגת,סוגת תעשיות בעמ,,,"י""ח",1,"ק""ג",false,1,14.90,14.90,false,1,
7290001990148,false,סוכר גולרן קלסי צנצנת,סוגת תעשיות בעמ,,,"י""ח",1,"ק""ג",false,1,12.90,12.90,false,1,
7290001990278,false,"שעועית לבנה 1 ק""ג סוגת",סוגת תעשיות בעמ,,,"י""ח",1,"ק""ג",false,1,16.90,16.90,true,1,
7290001990407,false,"עדשים ירוקים 1 ק""ג סוגת",סוגת תעשיות בעמ,,,"י""ח",1,"ק""ג",false,1,13.90,13.90,true,1,
7290001990414,false,"עדשים אדומים 1 ק""ג סוגת",סוגת תעשיות בעמ,,,"י""ח",1,"ק""ג",false,1,14.90,14.90,true,1,
7290001990421,false,"פופקורן 1 ק""ג סוגת",סוגת תעשיות בעמ,,,"י""ח",1,"ק""ג",false,1,9.90,9.90,true,1,
7290002000136,false,שעווה למיקרוגל,דנשר (1963) בעמ,,,"י""ח",500,ל  גרם,false,1,19.90,3.98,false,1,
7290002002857,false,מגע המשי נייר הדבש,דנשר (1963) בעמ,,,"י""ח",1,"י""ח",false,1,20.30,20.30,false,1,
7290002007357,false,שקיות לצליה 10יח,הנמל אריזות ושווק בעמ,,,"י""ח",10,"י""ח",false,1,5.90,0.59,false,1,
7290002007371,false,פירורי לחם 500גר הנמל,הנמל אריזות ושווק בעמ,,,"י""ח",500,ל  גרם,false,1,6.90,1.38,false,1,
7290002008507,false,נייר אפיה הנמל,הנמל אריזות ושווק בעמ,,,"י""ח",1,,false,1,7.90,7.90,false,1,
7290002014027,false,כרוב לבן,מעדני מיקי תעשיות מזון דגים,,,"ק""ג",1,,true,1,14.90,14.90,false,1,
7290002014201,false,חומוס 200 גרם,סלטי שמיר2006בעמ,,,"י""ח",200,ל  גרם,false,1,7.90,3.95,true,1,
7290002014218,false,סלט טחינה 200 גרם,סלטי שמיר2006בעמ,,,"י""ח",200,ל  גרם,false,1,7.90,3.95,true,1,
7290002014225,false,סלט חצילים 200 ג-מיקי,סלטי שמיר2006בעמ,,,"י""ח",200,ל  גרם,false,1,7.90,3.95,true,1,
7290002014232,false,סלט טורקי 200 גרם-מיקי,סלטי שמיר2006בעמ,,,"י""ח",200,ל  גרם,false,1,7.90,3.95,true,1,
7290002014751,false,כרוב שוודי 200 גרם,סלטי שמיר2006בעמ,,,"י""ח",200,ל  גרם,false,1,7.90,3.95,true,1,
7290002014799,false,מטבוחה 200 גרם-מיקי,סלטי שמיר2006בעמ,,,"י""ח",200,ל  גרם,false,1,7.90,3.95,true,1,
7290002019114,false,רוטב עגב  28% פריניר,ח.כהן סוכנות מזון ומשקאות בע,,,"י""ח",580,ל  גרם,false,1,6.90,1.19,false,1,
7290002019763,false,עגבניות מרוסקות800 גר,ח.כהן סוכנות מזון ומשקאות בע,,,"י""ח",800,ל  גרם,false,1,6.90,0.86,false,1,
7290002019787,false,רוטב עגבניות 260 פריניר,ח.כהן סוכנות מזון ומשקאות בע,,,"י""ח",260,ל  גרם,false,1,3.90,1.50,false,1,
7290002019794,false,רוטב פריניר 100גר`,ח.כהן סוכנות מזון ומשקאות בע,,,"י""ח",100,ל  גרם,false,1,1.90,1.90,false,1,
7290002026341,false,צ`יפס בטטה פלאנק 500ג,מוצרי איכות אמריקאיים בעמ,,,"י""ח",500,ל  גרם,false,1,18.90,3.78,false,1,
7290002026358,false,צ`יפס בטטה קרינקל 500ג,מוצרי איכות אמריקאיים בעמ,,,"י""ח",500,ל  גרם,false,1,18.90,3.78,false,1,
7290002026365,false,טבעות בצל,מוצרי איכות אמריקאיים בעמ,,,"י""ח",1,"י""ח",false,1,11.90,11.90,false,1,
7290002040019,false,~קוסקוס רגיל}הנמל{,הנמל אריזות ושווק בעמ,,,"י""ח",350,ל  גרם,false,1,6.90,1.97,false,1,
7290002040064,false,קוסקוס דק]הנמל[,הנמל אריזות ושווק בעמ,,,"י""ח",350,ל  גרם,false,1,6.90,1.97,false,1,
7290002040071,false,קוסקוס עבה]הנמל[,הנמל אריזות ושווק בעמ,,,"י""ח",350,ל  גרם,false,1,6.90,1.97,false,1,
7290002040088,false,קוסקוס מלא]הנמל[,הנמל אריזות ושווק בעמ,,,"י""ח",350,ל  גרם,false,1,8.20,2.34,false,1,
7290002057017,false,נובו ענק A2,קבוצת יבנה מוצרי מזון בעמ,,,"י""ח",560,ל  גרם,false,1,8.90,1.59,false,1,
7290002057031,false,מבוקעים גדול A2,קבוצת יבנה מוצרי מזון בעמ,,,"י""ח",560,ל  גרם,false,1,8.90,1.59,false,1,
7290002057048,false,סורי מבוקעים A2,קבוצת יבנה מוצרי מזון בעמ,,,"י""ח",560,ל  גרם,false,1,10.50,1.88,false,1,
7290002057062,false,מנזולינו בינוני/יבנה,קבוצת יבנה מוצרי מזון בעמ,,,"י""ח",560,ל  גרם,false,1,6.90,1.23,false,1,
7290002057093,false,מנזולינו גדול A2,קבוצת יבנה מוצרי מזון בעמ,,,"י""ח",600,ל  גרם,false,1,8.90,1.48,false,1,
7290002057109,false,מנזולינו גדול מאוד,קבוצת יבנה מוצרי מזון בעמ,,,"י""ח",560,ל  גרם,false,1,10.90,1.95,false,1,
7290002057123,false,חרוזית }A-2 יבנה{,קבוצת יבנה מוצרי מזון בעמ,,,"י""ח",560,ל  גרם,false,1,10.90,1.95,true,1,
7290002057130,false,"חרוזית }""43יבנה{",קבוצת יבנה מוצרי מזון בעמ,,,"י""ח",1.25,"ק""ג",false,1,18.90,15.12,false,1,
7290002057147,false,מנזולינהו שחור ג,קבוצת יבנה מוצרי מזון בעמ,,,"י""ח",560,ל  גרם,false,1,9.90,1.77,false,1,
7290002057161,false,מרינד גדול מאד,קבוצת יבנה מוצרי מזון בעמ,,,"י""ח",560,ל  גרם,false,1,8.90,1.59,false,1,
7290002057178,false,זיתים טבעיים,קבוצת יבנה מוצרי מזון בעמ,,,"י""ח",560,ל  גרם,false,1,8.90,1.59,false,1,
7290002057185,false,טבעות ירוק-יבנה,קבוצת יבנה מוצרי מזון בעמ,,,"י""ח",560,ל  גרם,false,1,10.90,1.95,false,1,
7290002057314,false,מלפפון  מלח 15-20 קב.יבנה 725 ג`,קבוצת יבנה מוצרי מזון בעמ,,,"י""ח",1.30,"ק""ג",false,1,14.90,11.46,false,1,
7290002057352,false,מלפפון  מלח  }A-2   7-9 יבנה540 גרם,קבוצת יבנה מוצרי מזון בעמ,,,"י""ח",600,ל  גרם,false,1,7.40,1.23,false,1,
7290002057369,false,מלפ  מלח 10\12 2 יבנה,קבוצת יבנה מוצרי מזון בעמ,,,"י""ח",600,ל  גרם,false,1,7.90,1.32,false,1,
7290002057376,false,מלפ  מלח 13-17 יבנה,קבוצת יבנה מוצרי מזון בעמ,,,"י""ח",600,ל  גרם,false,1,9.90,1.65,false,1,
7290002057451,false,מלפפון  בחומץ }7-9 יבנה{,קבוצת יבנה מוצרי מזון בעמ,,,"י""ח",600,ל  גרם,false,1,7.40,1.23,false,1,
7290002057468,false,מלפפון  בחומץ 10\12 יבנה,קבוצת יבנה מוצרי מזון בעמ,,,"י""ח",600,ל  גרם,false,1,7.90,1.32,false,1,
7290002057475,false,מלפ  בחומץ 13\17 יבנה,קבוצת יבנה מוצרי מזון בעמ,,,"י""ח",600,ל  גרם,false,1,9.90,1.65,false,1,
7290002057482,false,מלפ  חומץ 18\25,קבוצת יבנה מוצרי מזון בעמ,,,"י""ח",560,ל  גרם,false,1,12.90,2.30,true,1,
7290002057604,false,שיפקה A-2,קבוצת יבנה מוצרי מזון בעמ,,,"י""ח",560,ל  גרם,false,1,5.50,0.98,false,1,
7290002057611,false,פלפל חריף שיפקה צנצנת יבנה,קבוצת יבנה מוצרי מזון בעמ,,,"י""ח",550,ל  גרם,false,1,6.90,1.25,false,1,
7290002057628,false,טבעות שחור-יבנה,קבוצת יבנה מוצרי מזון בעמ,,,"י""ח",540,ל  גרם,false,1,10.90,2.02,false,1,
7290002057703,false,חצילים אקסטרא  A2,קבוצת יבנה מוצרי מזון בעמ,,,"י""ח",560,ל  גרם,false,1,6.90,1.23,false,1,
7290002057734,false,זיתים מושחרים חרוזית,קבוצת יבנה מוצרי מזון בעמ,,,"י""ח",540,ל  גרם,false,1,7.90,1.46,false,1,
7290002057871,false,חרוזית צנצנת יבנה,קבוצת יבנה מוצרי מזון בעמ,,,"י""ח",560,ל  גרם,false,1,9.90,1.77,false,1,
7290002057888,false,זית מרינט בחומץ יין צנצנת יבנה,קבוצת יבנה מוצרי מזון בעמ,,,"י""ח",560,ל  גרם,false,1,9.90,1.77,false,1,
7290002065555,false,לחמניות בשקית 6 יח,שלמה א.אנג ל בעמ,,,"י""ח",1,,false,1,11.90,11.90,false,1,
7290002107491,false,גבינת עיזים 5% 250 ג`,*החברה המרכזית להפצת משקאותבעמ,,,"י""ח",250,ל  גרם,false,1,14.90,5.96,true,1,
7290002111474,false,אפונה ירוקה פרי מבורך,זנלכל בעמ,,,"י""ח",550,ל  גרם,false,1,8.90,1.62,true,1,
7290002111511,false,"אפונת גינה,גזר פרי מבורך",זנלכל בעמ,,,"י""ח",550,ל  גרם,false,1,8.90,1.62,true,1,
7290002111634,false,"חומוס בד""צ פרי מבורך",זנלכל בעמ,,,"י""ח",600,ל  גרם,false,1,8.90,1.48,true,1,
7290002111764,false,שעועית  אפויה}מבורך{,זנלכל בעמ,,,"י""ח",600,ל  גרם,false,1,8.90,1.48,true,1,
7290002111825,false,תירס מבורך A2,זנלכל בעמ,,,"י""ח",550,ל  גרם,false,1,8.90,1.62,true,1,
7290002130567,false,~דבש יד מרדכי 350 גרם,שטראוס גרופ בעמ,,,"י""ח",3.50,"י""ח",false,1,18.90,5.40,true,1,
7290002130574,false,"דבש טבעי 0.5 ק""ג יד מרדכי",שטראוס גרופ בעמ,,,"י""ח",500,ל  גרם,false,1,27.90,5.58,true,1,
7290002130581,false,"דבש טהור 1 ק""ג יד מרדכי",שטראוס גרופ בעמ,,,"י""ח",1,קוב,false,1,48.90,48.90,true,1,
7290002132011,false,עבאדי עוגיות מלוחות 400גר,תה ויסוצקי (ישראל)בעמ,,,"י""ח",400,ל  גרם,false,1,17.90,4.48,false,1,
7290002253006,false,שום כתוש טרי 200,קבוצת אוסם סחר-שות.מוגבלת,,,"י""ח",200,ל  גרם,false,1,16.90,8.45,false,1,
7290002253105,false,מגשית קוביות שום,קבוצת אוסם סחר-שות.מוגבלת,,,"י""ח",80,ל  גרם,false,1,13.90,17.38,false,1,
7290002253167,false,דורות פטרוזיליה טריה קצוצה,קבוצת אוסם סחר-שות.מוגבלת,,,"י""ח",70,ל  גרם,false,1,10.90,15.57,false,1,
7290002253181,false,דורות כוסברה טריה קצוצה,קבוצת אוסם סחר-שות.מוגבלת,,,"י""ח",70,ל  גרם,false,1,10.90,15.57,false,1,
7290002253198,false,דורות ג ינג ר טרי במגש,קבוצת אוסם סחר-שות.מוגבלת,,,"י""ח",90,ל  גרם,false,1,10.50,11.67,false,1,
7290002255055,false,"פלאפל בד""צ 800 גרם.",חטיפי אלקיים בעמ ~~~,,,"י""ח",800,ל  גרם,false,1,13.90,1.74,false,1,
7290002259664,false,רדיד אלומיניום דיימונד 086 0.30,גורי ע.ע.ע. בעמ,,,"י""ח",1,,false,1,49.90,49.90,false,1,
7290002316084,false,ברכונים 4יח  דינמו,אחים וייס ישי ייצור בעמ,,,"י""ח",1,,false,1,13.90,13.90,false,1,
7290002316251,false,ברכונים 4 יח  קריסטל,אחים וייס ישי ייצור בעמ,,,"י""ח",1,,false,1,13.90,13.90,false,1,
7290002319016,false,אבקת אפיה עשיריות מיה,מיה תעשיות מזון מ.ת.מ בעמ,,,"י""ח",100,ל  גרם,false,1,1.90,1.90,false,1,
7290002319023,false,סוכר וניל עשיריות מיה,מיה תעשיות מזון מ.ת.מ בעמ,,,"י""ח",100,ל  גרם,false,1,1.90,1.90,false,1,
7290002319061,false,קוקוס טחון 100 גרם מיה,מיה תעשיות מזון מ.ת.מ בעמ,,,"י""ח",100,ל  גרם,false,1,3.70,3.70,false,1,
7290002319078,false,שומשום 100 גרם מיה,מיה תעשיות מזון מ.ת.מ בעמ,,,"י""ח",100,ל  גרם,false,1,2.90,2.90,false,1,
7290002319092,false,קמח תפוחי אדמה 500,מיה תעשיות מזון מ.ת.מ בעמ,,,"י""ח",500,ל  גרם,false,1,4.90,0.98,false,1,
7290002319115,false,חומוס גדול 500 מיה,מיה תעשיות מזון מ.ת.מ בעמ,,,"י""ח",500,ל  גרם,false,1,6.90,1.38,true,1,
7290002319122,false,גריסים 500 גרם מיה,מיה תעשיות מזון מ.ת.מ בעמ,,,"י""ח",500,ל  גרם,false,1,6.90,1.38,true,1,
7290002319139,false,שעועית לבנה 500 מיה,מיה תעשיות מזון מ.ת.מ בעמ,,,"י""ח",500,ל  גרם,false,1,6.90,1.38,true,1,
7290002319146,false,שעועית אדומה 500 מיה,מיה תעשיות מזון מ.ת.מ בעמ,,,"י""ח",500,ל  גרם,false,1,7.50,1.50,false,1,
7290002319160,false,אפונה ירוקה יבשה} {500,מיה תעשיות מזון מ.ת.מ בעמ,,,"י""ח",500,ל  גרם,false,1,4.90,0.98,true,1,
7290002319177,false,פופקורן 500,מיה תעשיות מזון מ.ת.מ בעמ,,,"י""ח",500,ל  גרם,false,1,4.90,0.98,true,1,
7290002319184,false,עדשים אדומות  500 מיה,מיה תעשיות מזון מ.ת.מ בעמ,,,"י""ח",500,ל  גרם,false,1,6.90,1.38,true,1,
7290002319191,false,עדשים ירוקים 500 מיה,מיה תעשיות מזון מ.ת.מ בעמ,,,"י""ח",500,ל  גרם,false,1,6.90,1.38,true,1,
7290002319207,false,כוסמת 500,מיה תעשיות מזון מ.ת.מ בעמ,,,"י""ח",500,ל  גרם,false,1,8.90,1.78,true,1,
7290002319221,false,חיטה 500 ג מיה,מיה תעשיות מזון מ.ת.מ בעמ,,,"י""ח",500,ל  גרם,false,1,3.50,0.70,false,1,
7290002319375,false,קורנפלור 200 גר,מיה תעשיות מזון מ.ת.מ בעמ,,,"י""ח",200,ל  גרם,false,1,2.90,1.45,false,1,
7290002319771,false,תמצית אפיה וניל מיה,מיה תעשיות מזון מ.ת.מ בעמ,,,"י""ח",50,"ל  מ""ל",false,1,2.90,5.80,false,1,
7290002319788,false,תמצית אפיה רום,מיה תעשיות מזון מ.ת.מ בעמ,,,"י""ח",60,"ל  מ""ל",false,1,2.90,4.83,false,1,
7290002319825,false,אבקת סוכר 100 גר מיה,מיה תעשיות מזון מ.ת.מ בעמ,,,"י""ח",100,ל  גרם,false,1,1.90,1.90,false,1,
7290002327028,false,ג חנון 650 ג,נטו מלינדה סחר בעמ,,,"י""ח",650,ל  גרם,false,1,17.90,2.75,true,1,
7290002327042,false,"בורקס תפו""א אופרה.",נטו מלינדה סחר בעמ,,,"י""ח",800,ל  גרם,false,1,20,2.50,true,1,
7290002327059,false,בצק עלים אופרה,נטו מלינדה סחר בעמ,,,"י""ח",1,"ק""ג",false,1,19.90,19.90,true,1,
7290002327073,false,בורקס גבינה 800 גרם,נטו מלינדה סחר בעמ,,,"י""ח",800,ל  גרם,false,1,21.90,2.74,true,1,
7290002327912,false,מיני בורקס 700 ג,נטו מלינדה סחר בעמ,,,"י""ח",700,ל  גרם,false,1,21.90,3.13,true,1,
7290002327929,false,"מיני בורקס תפו""א 700 ג",נטו מלינדה סחר בעמ,,,"י""ח",800,ל  גרם,false,1,22.90,2.86,true,1,
7290002331018,false,נביעות 500 בודד,החברה המרכזית להפצת משקאות בעמ,,,"י""ח",500,"ל  מ""ל",false,1,4,0.74,true,1,
7290002331025,false,נביעות 500 ספורט,החברה המרכזית להפצת משקאות בעמ,,,"י""ח",500,"ל  מ""ל",false,1,3.30,0.60,false,1,
7290002331094,false,נביעות 755 מייל בודד,החברה המרכזית להפצת משקאות בעמ,,,"י""ח",755,"ל  מ""ל",false,1,4.30,0.53,false,1,
7290002331421,false,"שישיית נביעות 775 מ""ל",החברה המרכזית להפצת משקאות בעמ,,,"י""ח",4.53,ליטר,false,1,16.90,3.33,false,1,
7290002331711,false,מינרלים תפוח 0.5 ליטר,החברה המרכזית להפצת משקאות בעמ,,,"י""ח",500,"ל  מ""ל",false,1,5.80,1.10,false,1,
7290002348306,false,קוקטיל פירות,נטו מלינדה סחר בעמ,,,"י""ח",850,ל  גרם,false,1,11.90,1.40,true,1,
7290002360230,false,חרדל דיג ון 200 גרם.,ש.שסטוביץ בעמ,,,"י""ח",200,ל  גרם,false,1,9.90,4.95,false,1,
7290002360285,false,תה פומפדור-קמומיל,ש.שסטוביץ בעמ,,,"י""ח",30,ל  גרם,false,1,13.90,46.33,true,1,
7290002374268,false,שמן חמניות מילומור 1 ליטר.,סוגת תעשיות בעמ,,,"י""ח",1,ליטר,false,1,11.90,11.90,false,1,
7290002374312,false,שמן קנולה מילו 1 ליטר,סוגת תעשיות בעמ,,,"י""ח",1,ליטר,false,1,10.90,10.90,false,1,
7290002512004,false,מלווח צנעני 900גר,א.ג בחירה חכמה בעמ,,,"י""ח",900,ל  גרם,false,1,19.90,2.21,false,1,
7290002515333,false,"אל סבון עדין לתינוק 500 מ""ל",פישר תעשיות פרמבצטיות בעמ,,,"י""ח",400,"ל  מ""ל",false,1,18.60,4.65,false,1,
7290002515371,false,קמיל בלו 1 ליטר,פישר תעשיות פרמבצטיות בעמ,,,"י""ח",1,ליטר,false,1,26.90,26.90,true,1,
7290002543237,false,קורנפלקס 750 גרם קלוגס,דיפלומט מפיצים (1968) בעמ**,,,"י""ח",750,ל  גרם,false,1,16.90,2.25,true,1,
7290002627210,false,~גפילטע פיש 520גר`=,נטו מלינדה סחר בעמ,,,"י""ח",520,ל  גרם,false,1,9.90,1.90,false,1,
7290002674221,false,אקווה פרש מנטה משאבה 100,גורי ע.ע.ע. בעמ,,,"י""ח",100,ל  גרם,false,1,12.90,12.90,false,1,
7290002692393,false,שמן קנולה 1 ליטר מועשר עץ הזית.,סוגת תעשיות בעמ,,,"י""ח",1,ליטר,false,1,15.90,15.90,false,1,
7290002715375,false,קבב  יווני]טיבונויל[,נטו מלינדה סחר בעמ,,,"י""ח",400,ל  גרם,false,1,20.90,5.23,true,1,
7290002715511,false,מרק בשר מאג יק,נטו מלינדה סחר בעמ,,,"י""ח",70,ל  גרם,false,1,4.90,7,false,1,
7290002715528,false,מרק ירקות בכוס,נטו מלינדה סחר בעמ,,,"י""ח",70,ל  גרם,false,1,4.90,7,false,1,
7290002715580,false,מרק סיני בכוס,נטו מלינדה סחר בעמ,,,"י""ח",70,ל  גרם,false,1,4.90,7,false,1,
7290002730538,false,בלונס מסיר איפור 60 יח,ש.שסטוביץ בעמ,,,"י""ח",1,"י""ח",false,1,8.90,8.90,false,1,
7290002730675,false,"##קולגייט אדומה 100 מ""ל",ש.שסטוביץ בעמ,,,"י""ח",100,"ל  מ""ל",false,1,10.90,10.90,false,1,
7290002730811,false,קולגייט ג ל משפחתי,ש.שסטוביץ בעמ,,,"י""ח",138,ל  גרם,false,1,12.90,9.35,true,1,
7290002730941,false,בלונס צמר גפן,ש.שסטוביץ בעמ,,,"י""ח",100,ל  גרם,false,1,5.90,5.90,false,1,
7290002730958,false,סבון מוצק זיתים פלמוליב  4יח,ש.שסטוביץ בעמ,,,"י""ח",360,ל  גרם,false,1,16.90,4.69,true,1,
7290002735021,false,ג חנון ינון 750ג,קפוא זן תעשיות מזון בעמ,,,"י""ח",750,ל  גרם,false,1,14.90,1.99,false,1,
7290002735113,false,בורקס  גבינה}ינון{,קפוא זן תעשיות מזון בעמ,,,"י""ח",800,ל  גרם,false,1,15.90,1.99,false,1,
7290002735120,false,"בורקס תפו""א ינון",קפוא זן תעשיות מזון בעמ,,,"י""ח",800,ל  גרם,false,1,13.90,1.74,false,1,
7290002750130,false,מארז חליות פילסברי 6יח,ג נרל מילס ישראל בעמ,,,"י""ח",1,,false,1,12.90,12.90,false,1,
7290002752332,false,מנטוס גלילים פירות,ליימן שליסל,,,"י""ח",37.50,ל  גרם,false,1,3.30,8.80,true,1,
7290002752349,false,מנטוס גלילים מנטה,ליימן שליסל,,,"י""ח",37.50,ל  גרם,false,1,3.30,8.80,true,1,
7290002753995,false,קישוטי שוקולד150ג,ליימן שליסל,,,"י""ח",150,ל  גרם,false,1,18.40,12.27,false,1,
7290002768043,false,תאדנט מי פה ענק,החב הדרומית לשיווק,,,"י""ח",150,"ל  מ""ל",false,1,14.70,9.80,false,1,
7290002768074,false,דרמפון 1 ליטר,החב הדרומית לשיווק,,,"י""ח",1,ליטר,false,1,17.90,17.90,false,1,
7290002768159,false,בת אורן-סבון אמב,החב הדרומית לשיווק,,,"י""ח",500,"ל  מ""ל",false,1,17.90,3.58,false,1,
7290002771104,false,קפה אלנחלה 500גר  עם הל,קפה אל נחלה בני רפיק,,,"י""ח",500,ל  גרם,false,1,31.90,6.38,false,1,
7290002771111,false,.קפה אלנחילה 250 גר עם הל,קפה אל נחלה בני רפיק,,,"י""ח",2.50,"י""ח",false,1,15.90,6.36,false,1,
7290002771128,false,קפה אלנחילה 250 גר,קפה אל נחלה בני רפיק,,,"י""ח",250,ל  גרם,false,1,15.90,6.36,false,1,
7290002782131,false,דאודורנט ספריי פנינה,פנינה רוזנבלום בעמ,,,"י""ח",150,"ל  מ""ל",false,1,23.90,15.93,true,1,
7290002782742,false,דאודורנט פנינה חדש 2,פנינה רוזנבלום בעמ,,,"י""ח",150,"ל  מ""ל",false,1,16.90,11.27,true,1,
7290002782759,false,קרם גוף פ. רוזנבלום מס 2,פנינה רוזנבלום בעמ,,,"י""ח",500,"ל  מ""ל",false,1,23.90,4.78,true,1,
7290002814016,false,"מסיר שמנים קר}סנט  מוריץ750 מ""ל",קומפלקס כימיקלסבעמ ~~~,,,"י""ח",750,"ל  מ""ל",false,1,12.90,1.72,false,1,
7290002814054,false,אנטרטיק 1 ליטר מרסס,קומפלקס כימיקלסבעמ ~~~,,,"י""ח",1,ליטר,false,1,11.90,11.90,false,1,
7290002814528,false,מס  1 לניקוי אסלות 1 ליטר,קומפלקס כימיקלסבעמ ~~~,,,"י""ח",1,ליטר,false,1,6.90,6.90,false,1,
7290002824183,false,גבינה סקי 5% 500 גרם*,שטראוס גרופ ***בעמ,,,"י""ח",500,ל  גרם,false,1,9.20,1.84,true,1,
7290002824466,false,דנונה ביו  %0 שומן,שטראוס גרופ ***בעמ,,,"י""ח",200,"ל  מ""ל",false,1,3.50,1.75,true,1,
7290002824640,false,גבינה סקי 5% 250  גרם*,שטראוס גרופ ***בעמ,,,"י""ח",250,ל  גרם,false,1,4.97,1.99,true,1,
7290002825722,false,סלט כרוב אדום שטראוס 500גרם,שטראוס גרופ ***בעמ,,,"י""ח",500,ל  גרם,false,1,14.90,2.98,true,1,
7290002862000,false,אריסה תוניסאית הררית 250גר,בידאני נתן,,,"י""ח",250,ל  גרם,false,1,14.90,5.96,false,1,
7290002862017,false,שום כתוש 250 הררית,בידאני נתן,,,"י""ח",250,ל  גרם,false,1,13.90,5.56,false,1,
7290002862031,false,אריסה מתוקה הררית,בידאני נתן,,,"י""ח",280,ל  גרם,false,1,13.90,4.96,false,1,
7290002862055,false,לימון כבוש,בידאני נתן,,,"י""ח",250,ל  גרם,false,1,13.90,5.56,false,1,
7290002862079,false,הריסה משקל בידאני,בידאני נתן,,,"ק""ג",1,,true,1,45,45,false,1,
7290002862093,false,חזרת 250גר,בידאני נתן,,,"י""ח",250,ל  גרם,false,1,13.90,5.56,false,1,
7290002862123,false,סחוג 150 ג  ירוק,בידאני נתן,,,"י""ח",250,ל  גרם,false,1,10.90,4.36,false,1,
7290002862277,false,ממרח לימון כבוש,בידאני נתן,,,"י""ח",1,,false,1,13.90,13.90,false,1,
7290002868996,false,קוטג  5% מועשר 250 גרם,*החברה המרכזית להפצת משקאותבעמ,,,"י""ח",250,ל  גרם,false,1,5.80,2.32,true,1,
7290002900566,false,פסטרמה ברביקיו דלת שומן,תנובה בשר,,,"י""ח",360,ל  גרם,false,1,36,10,false,1,
7290002904694,false,טיטניום דאודארנט 180 מל,החב הדרומית לשיווק,,,"י""ח",150,"ל  מ""ל",false,1,14.90,9.93,false,1,
7290002921240,false,שמפוזר-קרבונה אדום,יעקב יעקבי ובניו בעמ,,,"י""ח",650,"ל  מ""ל",false,1,33.90,5.22,false,1,
7290002939498,false,שריר לא  מעובד עטרה מספר 8,נטו מלינדה סחר בעמ,,,"ק""ג",1,"ק""ג",true,1,52.90,52.90,true,1,
7290002954187,false,"אורז יסמין 5ק""ג מדליה",בני ג ורג שוקחה (חיפה) בעמ,,,"י""ח",5,"ק""ג",false,1,42.90,8.58,false,1,
7290002987963,false,"חומוס אחלה 1 ק""ג שטראוס",שטראוס גרופ ***בעמ,,,"י""ח",1,"ק""ג",false,1,13.90,13.90,true,1,
7290003009183,false,"סירופ דיאט תפוחים 750 מ""ל",החברה המרכזית להפצת משקאות בעמ,,,"י""ח",750,"ל  מ""ל",false,1,23.60,3.15,false,1,
7290003009312,false,בוטן קלוי 200 גרם שקית קליית גת,ליימן שליסל,,,"י""ח",200,ל  גרם,false,1,6.60,3.30,true,1,
7290003009329,false,בוטן אמריקאי 200 גרם,ליימן שליסל,,,"י""ח",200,ל  גרם,false,1,5.90,2.95,true,1,
7290003009336,false,קבוקים 200 ג,ליימן שליסל,,,"י""ח",200,ל  גרם,false,1,5.90,2.95,true,1,
7290003009640,false,פריגת סחוט 100%,*החברה המרכזית להפצת משקאותבעמ,,,"י""ח",1,ליטר,false,1,16.20,16.20,true,1,
7290003015627,false,ריצפז פרש אפרסק 2 ליטר,החב הדרומית לשיווק,,,"י""ח",2,ליטר,false,1,19.90,9.95,false,1,
7290003015634,false,ריצפז פרש פסיפלורה 2 ליטר,החב הדרומית לשיווק,,,"י""ח",2,ליטר,false,1,19.90,9.95,false,1,
7290003015641,false,ריצפז פרש יסמין 2 ליטר,החב הדרומית לשיווק,,,"י""ח",2,ליטר,false,1,19.90,9.95,false,1,
7290003026036,false,קמיל בלו אל סבון  סנסטיב ליטר,פישר תעשיות פרמבצטיות בעמ,,,"י""ח",1,ליטר,false,1,32.90,32.90,true,1,
7290003026197,false,קמיל פלוס שמן טי,פישר תעשיות פרמבצטיות בעמ,,,"י""ח",520,"ל  מ""ל",false,1,30,5.77,true,1,
7290003026227,false,שמפו ללא דמעות פישר,פישר תעשיות פרמבצטיות בעמ,,,"י""ח",1,ליטר,false,1,32.90,32.90,true,1,
7290003026319,false,קמיל פלוס משחה לתינוק 120גר,פישר תעשיות פרמבצטיות בעמ,,,"י""ח",120,ל  גרם,false,1,18.90,15.75,true,1,
7290003029181,false,שוקו 1 ליטר בקבוק יטבתה,שטראוס גרופ ***בעמ,,,"י""ח",1,ליטר,false,1,11.90,11.90,true,1,
7290003029372,false,משקה חלב בננה 1ליטר בקבוק יטבתה,שטראוס גרופ ***בעמ,,,"י""ח",1,ליטר,false,1,11.90,11.90,true,1,
7290003029389,false,שוקו בטעם בננה יטבתה פקק 250מל.,שטראוס גרופ ***בעמ,,,"י""ח",250,"ל  מ""ל",false,1,5.50,2.20,true,1,
7290003029433,false,"שוקו יטבתה בקבוק 250מ""ל מהדרין",שטראוס גרופ ***בעמ,,,"י""ח",250,"ל  מ""ל",false,1,5.50,2.20,true,1,
7290003029532,false,מוקה 1 ליטר יטבתה,שטראוס גרופ ***בעמ,,,"י""ח",1,ליטר,false,1,11.90,11.90,true,1,
7290003029792,false,מארז שוקו 8 יח  (יוטבתה),שטראוס גרופ ***בעמ,,,"י""ח",1.80,ליטר,false,1,18.90,10.50,true,1,
7290003029907,false,אייס קפה יטבתה 1 ליטר בקבוק,שטראוס גרופ ***בעמ,,,"י""ח",1,ליטר,false,1,11.90,11.90,true,1,
7290003054657,false,חרדל דיג ון אקסטרא פורטה דיפלומט,דיפלומט מפיצים (1968) בעמ**,,,"י""ח",370,ל  גרם,false,1,11.50,3.11,false,1,
7290003102280,false,צימרונים לתינוק,אינטרסן (1996) בעמ,,,"י""ח",1,"י""ח",false,1,3.90,3.90,false,1,
7290003102990,false,מרפדיות כותנה 70 יח,אינטרסן (1996) בעמ,,,"י""ח",1,,false,1,7.90,7.90,true,1,
7290003119509,false,בקבוק ריק 1.20,שונות /שרות,,,"י""ח",1,"י""ח",false,1,2.40,2.40,false,1,
7290003121083,false,מג יק בשר בשקית,נטו מלינדה סחר בעמ,,,"י""ח",85,ל  גרם,false,1,3.90,4.59,false,1,
7290003121090,false,מג יק ירקות בשקית,נטו מלינדה סחר בעמ,,,"י""ח",85,ל  גרם,false,1,2.50,2.94,false,1,
7290003121106,false,מג יק עוף בשקית,נטו מלינדה סחר בעמ,,,"י""ח",85,ל  גרם,false,1,3.90,4.59,false,1,
7290003126712,false,"יוגורט עזים 3% ביו 150מ""ל",*החברה המרכזית להפצת משקאותבעמ,,,"י""ח",140,"ל  מ""ל",false,1,6.30,4.50,true,1,
7290003126958,false,טופו טבעי בואקום 300גר,*החברה המרכזית להפצת משקאותבעמ,,,"י""ח",300,ל  גרם,false,1,12.70,4.23,false,1,
7290003127597,false,שקית שרות קופה גופיה,שונות /שרות,,,"י""ח",1,,false,1,0.10,0.10,false,1,
7290003145751,false,קשיו קלוי 200גר`,ליימן שליסל,,,"י""ח",200,ל  גרם,false,1,19.40,9.70,true,1,
7290003145959,false,פקאן טבעי 150גר,ליימן שליסל,,,"י""ח",150,ל  גרם,false,1,20.40,13.60,false,1,
7290003185719,false,קבב רומני 400 גרם,נטו מלינדה סחר בעמ,,,"י""ח",500,ל  גרם,false,1,20.90,4.18,true,1,
7290003185726,false,קבב מזרחי ]500טיווןויל[,נטו מלינדה סחר בעמ,,,"י""ח",500,ל  גרם,false,1,19.90,3.98,true,1,
7290003189076,false,פיצרלה  500 גרם,גבינות הכפר בעמ,,,"י""ח",500,ל  גרם,false,1,19.90,3.98,false,1,
7290003199273,false,צמר פלדה 200 גרם ינה,ח.כהן סוכנות מזון ומשקאות בע,,,"י""ח",200,ל  גרם,false,1,6.90,3.45,false,1,
7290003229109,false,פסטרמה הודו בפפריקה,תנובה בשר,,,"י""ח",400,ל  גרם,false,1,29.90,7.48,false,1,
7290003229116,false,פסטרמה הודו בדבש טירת צבי,תנובה בשר,,,"י""ח",400,ל  גרם,false,1,29.90,7.48,false,1,
7290003229147,false,סלמי איטלקי מעושן,תנובה בשר,,,"י""ח",300,ל  גרם,false,1,32.90,10.97,false,1,
7290003229192,false,כתף בקר מעושן 400 גרם טירת צבי,תנובה בשר,,,"י""ח",400,ל  גרם,false,1,35.90,8.98,false,1,
7290003229208,false,פסטרמה ספרדית 360 גרם,תנובה בשר,,,"י""ח",360,ל  גרם,false,1,24.90,6.92,false,1,
7290003229215,false,פסטרמה איטלקית 360 גרם,תנובה בשר,,,"י""ח",360,ל  גרם,false,1,25.90,7.19,false,1,
7290003258406,false,ווקס ברילנטין,פנינה רוזנבלום בעמ,,,"י""ח",100,"ל  מ""ל",false,1,18.90,18.90,false,1,
7290003319138,false,געפילטע פיש 6 קציצות,נאמן לאורך זמן בעמ,,,"י""ח",600,ל  גרם,false,1,17.90,2.98,false,1,
7290003321155,false,דנונה  בר קראנצי שבבי פקאן,שטראוס גרופ ***בעמ,,,"י""ח",175,"ל  מ""ל",false,1,4.40,2.51,true,1,
7290003321292,false,סקי 9% 250 גר*,שטראוס גרופ ***בעמ,,,"י""ח",250,ל  גרם,false,1,4.70,1.88,true,1,
7290003387205,false,ספיד סטיק גבר ירוק כהה,ש.שסטוביץ בעמ,,,"י""ח",63.70,ל  גרם,false,1,16.90,26.53,true,1,
7290003401369,false,לחות קרם לעיצוב שיער}קלאסיק{,החב הדרומית לשיווק,,,"י""ח",400,"ל  מ""ל",false,1,21.90,5.48,false,1,
7290003401376,false,לחות לשיער  נטורל}קלאסיק{,החב הדרומית לשיווק,,,"י""ח",400,"ל  מ""ל",false,1,21.90,5.48,false,1,
7290003411757,false,"צלחות 1 ק""ג הנמל",הנמל אריזות ושווק בעמ,,,"י""ח",1,"ק""ג",false,1,34.90,34.90,false,1,
7290003427154,false,שמן זית זיתא  כתית.מעולה 750,תה ויסוצקי (ישראל)בעמ,,,"י""ח",750,"ל  מ""ל",false,1,37.90,5.05,true,1,
7290003438006,false,ממרח פסטו צנובר,תה ויסוצקי (ישראל)בעמ,,,"י""ח",190,ל  גרם,false,1,13.90,7.32,true,1,
7290003438709,false,ממרח זיתים שחורים,תה ויסוצקי (ישראל)בעמ,,,"י""ח",190,ל  גרם,false,1,13.90,7.32,true,1,
7290003438990,false,עטורי עגבניות מיובשות,תה ויסוצקי (ישראל)בעמ,,,"י""ח",220,ל  גרם,false,1,18.90,8.59,true,1,
7290003450602,false,ממרח חרדל צהוב היינץ,דיפלומט מפיצים (1968) בעמ**,,,"י""ח",255,ל  גרם,false,1,8.90,3.49,false,1,
7290003457861,false,פירות טרופים סולרו,גלידות שטראוס בעמ,,,"י""ח",1,,false,1,7,7,true,1,
7290003457991,false,קורנטו קלאסיק שטראוס,גלידות שטראוס בעמ,,,"י""ח",1,,false,1,34.90,34.90,false,1,
7290003475124,false,צמר גפן טהור,ש.שסטוביץ בעמ,,,"י""ח",100,ל  גרם,false,1,5.90,5.90,false,1,
7290003521074,false,סרקל מרכך 1 ליטר,פישר תעשיות פרמבצטיות בעמ,,,"י""ח",1,ליטר,false,1,29.90,29.90,false,1,
7290003521081,false,סרקל שמפו  1  ליטר,פישר תעשיות פרמבצטיות בעמ,,,"י""ח",1,ליטר,false,1,29.90,29.90,false,1,
7290003521166,false,סרקל קרם שיער]רוזמרין[,פישר תעשיות פרמבצטיות בעמ,,,"י""ח",325,ל  גרם,false,1,25.90,7.97,false,1,
7290003521197,false,סרקל מתיר קשרים ספריי,פישר תעשיות פרמבצטיות בעמ,,,"י""ח",340,"ל  מ""ל",false,1,25.90,7.62,false,1,
7290003527380,false,דובדבן מתוק ללא חרצן 680גרם,נטו מלינדה סחר בעמ,,,"י""ח",680,ל  גרם,false,1,9.90,1.46,false,1,
7290003550753,false,טונה פוסידון רביעיות,נטו מלינדה סחר בעמ,,,"י""ח",340,ל  גרם,false,1,19.90,5.85,false,1,
7290003578061,false,לבבות דקל שלם}וויליפוד 400ג,ג.וילי פוד אינטרנשיונל בעמ,,,"י""ח",400,ל  גרם,false,1,11.90,2.98,false,1,
7290003578078,false,קוקטיל פירות וויליפוד 490 ג`,ג.וילי פוד אינטרנשיונל בעמ,,,"י""ח",490,ל  גרם,false,1,9.50,1.94,false,1,
7290003578177,false,תירס גמדי ויליפוד 410 גרם,ג.וילי פוד אינטרנשיונל בעמ,,,"י""ח",410,ל  גרם,false,1,8.90,2.17,true,1,
7290003578290,false,מקלוני אורז 300 גרם. ויליפוד,ג.וילי פוד אינטרנשיונל בעמ,,,"י""ח",300,ל  גרם,false,1,6.50,2.17,false,1,
7290003643004,false,"אורז בסמטי קלאסי  סוגת1 ק""ג",סוגת תעשיות בעמ,,,"י""ח",1,"ק""ג",false,1,12.90,12.90,false,1,
7290003643387,false,"סוכר אריזת פלסטיק 1 ק""ג סוגת",סוגת תעשיות בעמ,,,"י""ח",1,"ק""ג",false,1,7.90,7.90,false,1,
7290003643646,false,סוכר חום דמררה סוגת,סוגת תעשיות בעמ,,,"י""ח",1,"ק""ג",false,1,13.90,13.90,false,1,
7290003643684,false,אפונה יבשה 500 גרם,סוגת תעשיות בעמ,,,"י""ח",500,ל  גרם,false,1,6.90,1.38,true,1,
7290003643707,false,גריסים 500 ג,סוגת תעשיות בעמ,,,"י""ח",500,ל  גרם,false,1,4.90,0.98,true,1,
7290003643714,false,חומוס 500 גרם סוגת,סוגת תעשיות בעמ,,,"י""ח",500,ל  גרם,false,1,7.90,1.58,true,1,
7290003643738,false,חיטה 500 גרם סוגת,סוגת תעשיות בעמ,,,"י""ח",500,ל  גרם,false,1,4.90,0.98,true,1,
7290003643745,false,כוסמת 500 גרם סוגת,סוגת תעשיות בעמ,,,"י""ח",500,ל  גרם,false,1,8.90,1.78,true,1,
7290003643752,false,~עדשים ירוקים 500 ג סוגת,סוגת תעשיות בעמ,,,"י""ח",500,ל  גרם,false,1,8.90,1.78,true,1,
7290003643769,false,עדשים אדומים 500 סוגת,סוגת תעשיות בעמ,,,"י""ח",500,ל  גרם,false,1,8.90,1.78,true,1,
7290003643776,false,פופקורן 500 גרם,סוגת תעשיות בעמ,,,"י""ח",500,ל  גרם,false,1,6.90,1.38,true,1,
7290003643806,false,שעועית לבנה 500 גרם סוגת,סוגת תעשיות בעמ,,,"י""ח",500,ל  גרם,false,1,9.90,1.98,true,1,
7290003643813,false,שעועית אדומה 500 גרם,סוגת תעשיות בעמ,,,"י""ח",500,ל  גרם,false,1,11.90,2.38,true,1,
7290003643820,false,חומוס ענק 500 סוגת,סוגת תעשיות בעמ,,,"י""ח",500,ל  גרם,false,1,9.90,1.98,true,1,
7290003681303,false,שעועית מעורבת 500 מיה,מיה תעשיות מזון מ.ת.מ בעמ,,,"י""ח",500,ל  גרם,false,1,7.90,1.58,false,1,
7290003681334,false,"קוקוס 400 גרם מיה בד""צ",מיה תעשיות מזון מ.ת.מ בעמ,,,"י""ח",400,ל  גרם,false,1,8.90,2.23,false,1,
7290003681532,false,דובדבנים מסוכרים,מיה תעשיות מזון מ.ת.מ בעמ,,,"י""ח",100,ל  גרם,false,1,3.90,3.90,false,1,
7290003681693,false,חומוס לבן ענק  500מיה,מיה תעשיות מזון מ.ת.מ בעמ,,,"י""ח",500,ל  גרם,false,1,8.90,1.78,false,1,
7290003681716,false,גריסי פנינה 500 ג מיה,מיה תעשיות מזון מ.ת.מ בעמ,,,"י""ח",500,ל  גרם,false,1,6.90,1.38,false,1,
7290003681792,false,טופי פירות מיה 850גר,מיה תעשיות מזון מ.ת.מ בעמ,,,"י""ח",850,ל  גרם,false,1,16.90,1.99,true,1,
7290003726141,false,טופו בוואקום,מחלבות גד,,,"י""ח",320,ל  גרם,false,1,11.90,3.72,false,1,
7290003744428,false,אובלטים קמיל 300 גרם,שוקוטרייד בעמ,,,"י""ח",300,ל  גרם,false,1,11.90,3.97,false,1,
7290003781065,false,מלפפונים במלח עם,ג.וילי פוד אינטרנשיונל בעמ,,,"י""ח",690,ל  גרם,false,1,9.90,1.43,false,1,
7290003781652,false,צלפים 370גר,ג.וילי פוד אינטרנשיונל בעמ,,,"י""ח",370,ל  גרם,false,1,8.90,2.41,false,1,
7290003804252,false,תיבולית נוסח הודי 72גרם,יוניליוור ישראל שיווק בעמ,,,"י""ח",72,ל  גרם,false,1,7.90,10.97,true,1,
7290003804320,false,תיבולית שום ופטרוזיליה  72גר,יוניליוור ישראל שיווק בעמ,,,"י""ח",72,ל  גרם,false,1,7.90,10.97,true,1,
7290003804368,false,תיבולית  בזיליקום 72גרם,יוניליוור ישראל שיווק בעמ,,,"י""ח",72,ל  גרם,false,1,7.90,10.97,true,1,
7290003805501,false,פתית שבדי חסכוני 300 ג`,יוניליוור ישראל שיווק בעמ,,,"י""ח",300,ל  גרם,false,1,14.90,4.97,false,1,
7290003805587,false,"פתית ח.מ בד""צ",יוניליוור ישראל שיווק בעמ,,,"י""ח",250,ל  גרם,false,1,14.90,5.96,false,1,
7290003806591,false,דאו דאב ספריי מלפפון 90ג,יוניליוור ישראל שיווק בעמ,,,"י""ח",90,"ל  מ""ל",false,1,14.90,16.56,true,1,
7290003807482,false,"רוטב טריאקי 370 מ""ל",יוניליוור ישראל שיווק בעמ,,,"י""ח",370,"ל  מ""ל",false,1,10.90,2.95,true,1,
7290003864478,false,~סרדין בשמן צמחי  ויליפוד,ג.וילי פוד אינטרנשיונל בעמ,,,"י""ח",110,ל  גרם,false,1,4.90,4.45,true,1,
7290003864485,false,סרדין ברוטב עגבנ,ג.וילי פוד אינטרנשיונל בעמ,,,"י""ח",110,ל  גרם,false,1,4.90,4.45,true,1,
7290003864492,false,סרדין בשמן צמחי וילפוד,ג.וילי פוד אינטרנשיונל בעמ,,,"י""ח",110,ל  גרם,false,1,4.90,4.45,true,1,
7290003882922,false,עלי גפן ממולאים וויליפוד 400,ג.וילי פוד אינטרנשיונל בעמ,,,"י""ח",400,ל  גרם,false,1,7.90,1.98,false,1,
7290003896141,false,אלמנדוס חטיף ספרדי פיקנטי,ליימן שליסל,,,"י""ח",200,ל  גרם,false,1,9.40,4.70,true,1,
7290003903771,false,קפוצינו פחית 200,שטראוס גרופ בעמ,,,"י""ח",200,ל  גרם,false,1,24.20,12.10,true,1,
7290003989096,false,סלט חציל  פיקנטי-אחלה,שטראוס גרופ ***בעמ,,,"י""ח",500,ל  גרם,false,1,14.90,2.98,true,1,
7290003989539,false,רביולי גבינה שטראוס,שטראוס גרופ ***בעמ,,,"י""ח",400,ל  גרם,false,1,19.90,4.98,true,1,
7290003989553,false,טורטלוני פטריות  שטראוס,שטראוס גרופ ***בעמ,,,"י""ח",400,ל  גרם,false,1,19.90,4.98,true,1,
7290004048679,false,קובה למרק,נטו מלינדה סחר בעמ,,,"י""ח",1,"ק""ג",false,1,21.90,21.90,false,1,
7290004061449,false,שניצל אמריקאי 700 גרם,קפוא זן תעשיות מזון בעמ,,,"י""ח",700,ל  גרם,false,1,15.90,2.27,true,1,
7290004061494,false,נגיסי עוף 700,קפוא זן תעשיות מזון בעמ,,,"י""ח",700,ל  גרם,false,1,16.90,2.41,true,1,
7290004063115,false,"מלח גביש 1  ק""ג}עבה{",סוגת תעשיות בעמ,,,"י""ח",1,"ק""ג",false,1,1.70,1.70,false,1,
7290004078942,false,ליידי ספיד סטיק ג ל אדום,ש.שסטוביץ בעמ,,,"י""ח",63,ל  גרם,false,1,19.90,31.59,false,1,
7290004091248,false,וזלין  טהור  100 גרם,יוניליוור ישראל שיווק בעמ,,,"י""ח",106,"ל  מ""ל",false,1,12.90,12.17,false,1,
7290004119133,false,יוגורט כד1.5 ליטר 7%,תנובה בעמ ***,,,"י""ח",1.50,ליטר,false,1,17.90,11.93,false,1,
7290004119225,false,יופלה אננס,תנובה בעמ ***,,,"י""ח",150,"ל  מ""ל",false,1,5.40,3.60,false,1,
7290004120061,false,קרלו שוקו וניל,תנובה בעמ ***,,,"י""ח",125,"ל  מ""ל",false,1,3,2.40,false,1,
7290004120108,false,דיאט יופלה טוויגי דובדבן,תנובה בעמ ***,,,"י""ח",150,"ל  מ""ל",false,1,5,3.33,false,1,
7290004120566,false,בולגרית פיראוס 24% 250 ג`,תנובה בעמ ***,,,"י""ח",250,ל  גרם,false,1,23.90,9.56,true,1,
7290004120573,false,פריאוס בולגרית 16% 250גר,תנובה בעמ ***,,,"י""ח",250,ל  גרם,false,1,23.90,9.56,false,1,
7290004120634,false,~בולגרית פיראוס 5% 250גר,תנובה בעמ ***,,,"י""ח",250,ל  גרם,false,1,23.90,9.56,true,1,
7290004121488,false,דיאט יופלה אפרסק,תנובה בעמ ***,,,"י""ח",150,"ל  מ""ל",false,1,5,3.33,false,1,
7290004121853,false,פיראוס בולגרית קוביות 5% 200גר,תנובה בעמ ***,,,"י""ח",200,ל  גרם,false,1,23.90,11.95,false,1,
7290004122119,false,פתיתי פרמזן לפסטה 23% השף הלבן 100גר,תנובה בעמ ***,,,"י""ח",100,ל  גרם,false,1,13.10,13.10,false,1,
7290004122195,false,גוש   חלב פרוס}מהדרין  {200ג`,תנובה בעמ ***,,,"י""ח",200,ל  גרם,false,1,14.90,7.45,false,1,
7290004122270,false,עמק פרוס בקופסא 200גר,תנובה בעמ ***,,,"י""ח",200,ל  גרם,false,1,16.70,8.35,true,1,
7290004122348,false,~עמק לייט 9% בקופסא 200 ג`,תנובה בעמ ***,,,"י""ח",200,ל  גרם,false,1,17.90,8.95,true,1,
7290004122676,false,חמד פיראוס 5% 250גר,תנובה בעמ ***,,,"י""ח",250,ל  גרם,false,1,17.90,7.16,true,1,
7290004122683,false,אצבעות עמק 172גר,תנובה בעמ ***,,,"י""ח",172,ל  גרם,false,1,16.90,9.83,true,1,
7290004124205,false,דיאט יופלה תות טוויגי תות 0%,תנובה בעמ ***,,,"י""ח",150,"ל  מ""ל",false,1,5,3.33,false,1,
7290004124847,false,קצפת צמחית השף הלבן 500 מייל,תנובה בעמ ***,,,"י""ח",500,"ל  מ""ל",false,1,15.90,3.18,true,1,
7290004125370,false,שמנת 9% 200 ג,תנובה בעמ ***,,,"י""ח",200,"ל  מ""ל",false,1,3.90,1.95,false,1,
7290004125400,false,אשל  *4.5%,תנובה בעמ ***,,,"י""ח",200,"ל  מ""ל",false,1,1.69,0.85,false,1,
7290004125417,false,גיל  *3% 200 ג`,תנובה בעמ ***,,,"י""ח",200,ל  גרם,false,1,1.51,0.76,false,1,
7290004125455,false,"שמנת תנובה 15% מהדרין 200  מ""ל*",תנובה בעמ ***,,,"י""ח",200,"ל  מ""ל",false,1,2.40,1.20,false,1,
7290004125462,false,שמנת חמוצה 15% 500 ג*,תנובה בעמ ***,,,"י""ח",500,"ל  מ""ל",false,1,6,1.20,false,1,
7290004125509,false,"שמנת תנובה 15% חצי מנה 100 מ""ל",תנובה בעמ ***,,,"י""ח",100,"ל  מ""ל",false,1,1.80,1.80,false,1,
7290004125578,false,משקה סויה מועשר בסידן 1  ל`תנובה,תנובה בעמ ***,,,"י""ח",1,ליטר,false,1,11.90,11.90,true,1,
7290004125585,false,משקה סויה על הבוקר תנובה,תנובה בעמ ***,,,"י""ח",1,ליטר,false,1,11.90,11.90,true,1,
7290004125721,false,שמנת  לבישול השף תנובה 250 מייל,תנובה בעמ ***,,,"י""ח",250,"ל  מ""ל",false,1,8.90,3.56,false,1,
7290004125738,false,"שמנת לקצפת השף 250 מ""ל  32%( תנובה)",תנובה בעמ ***,,,"י""ח",250,"ל  מ""ל",false,1,6.80,2.72,false,1,
7290004125776,false,עמק קלאסית פרוס בקופסא 400 גרם,תנובה בעמ ***,,,"י""ח",400,ל  גרם,false,1,27.90,6.98,true,1,
7290004126674,false,טל העמק לייט 9% 200גר,תנובה בעמ ***,,,"י""ח",200,ל  גרם,false,1,19.70,9.85,false,1,
7290004127077,false,קוטג  תנובה 3% 250,תנובה בעמ ***,,,"י""ח",250,ל  גרם,false,1,5.90,2.36,false,1,
7290004127329,false,קוטג% `5מהדרין תנובה 250,תנובה בעמ ***,,,"י""ח",275,ל  גרם,false,1,5.90,2.15,false,1,
7290004127336,false,קוטג 9%  מהדרין תנובה 250,תנובה בעמ ***,,,"י""ח",250,ל  גרם,false,1,5.90,2.36,false,1,
7290004127800,false,גבינה 5% 500 גרם*תנובה,תנובה בעמ ***,,,"י""ח",500,ל  גרם,false,1,9.96,1.99,false,1,
7290004127817,false,גבינה 9% 500 גרם תנובה,תנובה בעמ ***,,,"י""ח",500,ל  גרם,false,1,9.80,1.96,false,1,
7290004127862,false,"גבינה לבנה תנובה  5% 750  ג""ר*",תנובה בעמ ***,,,"י""ח",750,ל  גרם,false,1,14.94,1.99,true,1,
7290004128333,false,לבנה פיראוס,תנובה בעמ ***,,,"י""ח",500,ל  גרם,false,1,19.90,3.98,false,1,
7290004129101,false,נפוליאון  בטעם טבעי,תנובה בעמ ***,,,"י""ח",225,ל  גרם,false,1,14.10,6.27,false,1,
7290004129156,false,נפוליאון 30% שומ,תנובה בעמ ***,,,"י""ח",225,ל  גרם,false,1,14.10,6.27,false,1,
7290004130794,false,משקה סויה מעושר טבעי 1 ל תנובה,תנובה בעמ ***,,,"י""ח",1,ליטר,false,1,11.90,11.90,true,1,
7290004130916,false,יופלה  פירות יער בשמנת,תנובה בעמ ***,,,"י""ח",150,"ל  מ""ל",false,1,5.40,3.60,false,1,
7290004131074,false,חלב 3% מהדרין תנובה קרטון+פקק   * 1 ל`,תנובה בעמ ***,,,"י""ח",1,ליטר,false,1,6.23,6.23,false,1,
7290004131814,false,צפתית מעודנת פיראוס 200 ג  5%,תנובה בעמ ***,,,"י""ח",200,ל  גרם,false,1,15.40,7.70,false,1,
7290004132170,false,יופלה לבן 1.5%,תנובה בעמ ***,,,"י""ח",150,"ל  מ""ל",false,1,3.20,2.13,false,1,
7290004132552,false,דיאט סויה טבעי 1 ליטר,תנובה בעמ ***,,,"י""ח",1,ליטר,false,1,11.90,11.90,true,1,
7290004132712,false,אצבעות מוצרלה 172גר,תנובה בעמ ***,,,"י""ח",172,ל  גרם,false,1,16.90,9.83,true,1,
7290004133511,false,יופלה לבן מאגדת שמיניה,תנובה בעמ ***,,,"י""ח",1.20,ליטר,false,1,21.10,17.58,false,1,
7290004134945,false,יופלה טעם מוקה 3% 150ג,תנובה בעמ ***,,,"י""ח",150,"ל  מ""ל",false,1,5.40,3.60,false,1,
7290004135614,false,בולגרית מעודנת פיראוס  5% 250גר,תנובה בעמ ***,,,"י""ח",250,ל  גרם,false,1,23.90,9.56,false,1,
7290004136857,false,מעדן ג לי בטעם פטל,תנובה בעמ ***,,,"י""ח",125,"ל  מ""ל",false,1,2.60,2.08,false,1,
7290004136871,false,מעדן ג לי בטעם אפרסק,תנובה בעמ ***,,,"י""ח",125,"ל  מ""ל",false,1,2.90,2.32,false,1,
7290004137021,false,שמנת לבישול תנובה 250 מייל,תנובה בעמ ***,,,"י""ח",250,"ל  מ""ל",false,1,8.90,3.56,false,1,
7290004137311,false,עמק לייט %9משפחתית 400גר,תנובה בעמ ***,,,"י""ח",400,ל  גרם,false,1,31.90,7.98,true,1,
7290004137809,false,לאבנה 5% 250גר,תנובה בעמ ***,,,"י""ח",250,ל  גרם,false,1,13.40,5.36,false,1,
7290004146986,false,שמפו נקה -7 לשיער צבוע,החב הדרומית לשיווק,,,"י""ח",750,"ל  מ""ל",false,1,12.90,1.72,false,1,
7290004146993,false,מרכך נקה -7 לשיער צבוע,החב הדרומית לשיווק,,,"י""ח",750,"ל  מ""ל",false,1,12.90,1.72,false,1,
7290004199074,false,פלסטר 50 יחידות,אינטרסן (1996) בעמ,,,"י""ח",1,,false,1,5.90,5.90,false,1,
7290004199579,false,פלסטר 100 יחידות,אינטרסן (1996) בעמ,,,"י""ח",100,"י""ח",false,1,9.90,0.10,true,1,
7290004199821,false,אט כביסה סופר 24יחי,אינטרסן (1996) בעמ,,,"י""ח",1,,false,1,4.90,4.90,true,1,
7290004200282,false,פרסים רמה 7,שמחה זה אנחנו,,,"י""ח",1,,false,1,16.50,16.50,false,1,
7290004200992,false,נרות יום הולדת,שמחה זה אנחנו,,,"י""ח",1,,false,1,3,3,false,1,
7290004219826,false,מלבין קפה הולנדי קומלטה,ג.וילי פוד אינטרנשיונל בעמ,,,"י""ח",400,ל  גרם,false,1,19.90,4.98,false,1,
7290004263652,false,נקניקיות  עוף(עטרה) 400ג,נטו מלינדה סחר בעמ,,,"י""ח",400,ל  גרם,false,1,8.90,2.23,true,1,
7290004263676,false,טחון   הודו}עטרה{500ג,נטו מלינדה סחר בעמ,,,"י""ח",500,ל  גרם,false,1,12.90,2.58,false,1,
7290004267049,false,עוגיות  מיני ריבועיות 180   ג`ברמן,ח.כהן סוכנות מזון ומשקאות בע,,,"י""ח",300,ל  גרם,false,1,5.90,1.97,false,1,
7290004267124,false,עוגיות ממולאות תות 200  ג`ברמן,ח.כהן סוכנות מזון ומשקאות בע,,,"י""ח",200,ל  גרם,false,1,5.90,2.95,false,1,
7290004324858,false,קבב כבש 400 גרם,נטו מלינדה סחר בעמ,,,"י""ח",500,ל  גרם,false,1,19.90,3.98,true,1,
7290004492274,false,גל גל 400 גרם טבעות,יוניליוור ישראל שיווק בעמ,,,"י""ח",400,ל  גרם,false,1,9.90,2.48,true,1,
7290004492762,false,נשנשים תירס 325 גרם,יוניליוור ישראל שיווק בעמ,,,"י""ח",325,ל  גרם,false,1,11.90,3.66,false,1,
7290004494148,false,דלתון מרלו D.,הכרם משקאות חריפים בעמ,,,"י""ח",750,"ל  מ""ל",false,1,50.90,6.75,false,1,
7290004494377,false,יין שירז דלתון D.,הכרם משקאות חריפים בעמ,,,"י""ח",750,"ל  מ""ל",false,1,50.90,6.75,false,1,
7290004554798,false,שלגון מטרה פטל לימון ענב,גלידות שטראוס בעמ,,,"י""ח",1,,false,1,5,5,false,1,
7290004554903,false,פנטזיה שוקו וניל שטראוס,גלידות שטראוס בעמ,,,"י""ח",900,"ל  מ""ל",false,1,17.90,1.99,false,1,
7290004584351,false,סימפוניה החמישית 200 ג,שטראוס גרופ ***בעמ,,,"י""ח",200,ל  גרם,false,1,10.90,5.45,true,1,
7290004584528,false,דנונה ביו 1.7% שומן,שטראוס גרופ ***בעמ,,,"י""ח",200,"ל  מ""ל",false,1,3.50,1.75,true,1,
7290004585907,false,דני וניל,שטראוס גרופ ***בעמ,,,"י""ח",130,"ל  מ""ל",false,1,2.60,2,true,1,
7290004639006,false,סולטנה קוסקוס  תוניסאי}מטעמי  פאר{,מטעמי פאר (א.מ.נ) בעמ,,,"י""ח",800,ל  גרם,false,1,15.90,1.99,false,1,
7290004658847,false,"יין תירוש 187מ""ל",אגודת הכורמים,,,"י""ח",187,"ל  מ""ל",false,1,6.50,3.32,false,1,
7290004731090,false,אל סבון כיף 1 ליטר,החב הדרומית לשיווק,,,"י""ח",1,ליטר,false,1,14.90,14.90,false,1,
7290004731472,false,כיף אלסבון שלישייה,החב הדרומית לשיווק,,,"י""ח",1.50,ליטר,false,1,18.90,12.60,false,1,
7290004731519,false,תרסיס מקסימה סנסטיב ורוד למייבש כביסה,החב הדרומית לשיווק,,,"י""ח",750,"ל  מ""ל",false,1,17.90,2.39,true,1,
7290004731557,false,תרסיס מקסימה מאסק למייבש כביסה,החב הדרומית לשיווק,,,"י""ח",750,"ל  מ""ל",false,1,17.90,2.39,true,1,
7290004731670,false,דאופרש מטהר אוויר,החב הדרומית לשיווק,,,"י""ח",300,"ל  מ""ל",false,1,9.90,3.30,false,1,
7290004731687,false,דואופרש וניל,החב הדרומית לשיווק,,,"י""ח",300,"ל  מ""ל",false,1,9.90,3.30,false,1,
7290004737719,false,אספרגוס שלם מקולף בצנצת 330ג,ג.וילי פוד אינטרנשיונל בעמ,,,"י""ח",330,ל  גרם,false,1,11.40,3.45,false,1,
7290004737900,false,חלב מרוכז ממותק ויליפוד,ג.וילי פוד אינטרנשיונל בעמ,,,"י""ח",397,ל  גרם,false,1,9.90,2.49,false,1,
7290004829056,false,מלכודת עכברים,נאמן לאורך זמן בעמ,,,"י""ח",1,,false,1,5.90,5.90,false,1,
7290004861261,false,טבורוג טעמים שונים 5%,מחלבות המושבה בעמ,,,"ק""ג",1,,true,1,32.90,32.90,false,1,
7290004861315,false,לבנה טבעי/ירקות שקיל 5%,מחלבות המושבה בעמ,,,"ק""ג",1,,true,1,39.90,39.90,false,1,
7290004861407,false,מוצרלה גוניור מושבה,מחלבות המושבה בעמ,,,"ק""ג",1,"ק""ג",true,1,79.90,79.90,false,1,
7290004861421,false,חלומי שקיל  המושבה,מחלבות המושבה בעמ,,,"ק""ג",1,"ק""ג",true,1,79.90,79.90,false,1,
7290004872250,false,"לה פרוטה אבטיח נסטלה כשל""פ",נגה גלידות,,,"י""ח",1,,false,1,5,5,false,1,
7290004872359,false,"קרחון דובדבן עם סוכריות כשל""פ",נגה גלידות,,,"י""ח",1,,false,1,3.90,3.90,true,1,
7290004872731,false,אקסטרים וניל,נגה גלידות,,,"י""ח",1,,false,1,8.90,8.90,true,1,
7290004944032,false,חומוס אסלי 400 ג,סלטי שמיר2006בעמ,,,"י""ח",400,ל  גרם,false,1,9.90,2.48,true,1,
7290004944049,false,טחינה 400 ג אסלי,סלטי שמיר2006בעמ,,,"י""ח",400,ל  גרם,false,1,9.90,2.48,true,1,
7290004944056,false,חציל במיונז אסלי 400ג,סלטי שמיר2006בעמ,,,"י""ח",400,ל  גרם,false,1,9.90,2.48,true,1,
7290004944063,false,סלט טורקי 400 ג,סלטי שמיר2006בעמ,,,"י""ח",400,ל  גרם,false,1,10.90,2.73,true,1,
7290004952525,false,קישוא אורגני,ביכורי השדה צפון 1994 ג.ד. בעמ,,,"י""ח",1,,false,1,9.90,9.90,false,1,
7290004982355,false,צ`דר טריפל נטו,א. סיימן סחר בעמ,,,"ק""ג",1,,true,1,129,129,true,1,
7290005008481,false,##ספיד סטיק לגבר ג`ל כחול,ש.שסטוביץ בעמ,,,"י""ח",85,ל  גרם,false,1,15.90,18.71,true,1,
7290005068058,false,תירס קל פרי גליל A2,ויטה- פרי גליל (החדשה) בעמ,,,"י""ח",550,ל  גרם,false,1,7.90,1.44,false,1,
7290005068447,false,תירס ואקום קל,ויטה- פרי גליל (החדשה) בעמ,,,"י""ח",340,ל  גרם,false,1,5.90,1.74,false,1,
7290005084355,false,סנסודין דואל קר,גורי ע.ע.ע. בעמ,,,"י""ח",75,ל  גרם,false,1,22.90,30.53,true,1,
7290005111761,false,"בונזו בשר 3 ק""ג",דיפלומט מפיצים (1968) בעמ**,,,"י""ח",3,"ק""ג",false,1,44.90,14.97,false,1,
7290005174513,false,סלט חציל במיונז אחלה 500גרם,שטראוס גרופ ***בעמ,,,"י""ח",500,ל  גרם,false,1,14.90,2.98,true,1,
7290005174551,false,חומוס יום יום אחלה,שטראוס גרופ ***בעמ,,,"י""ח",125,ל  גרם,false,1,4.70,3.76,true,1,
7290005174568,false,חצילים יום יום,שטראוס גרופ ***בעמ,,,"י""ח",125,ל  גרם,false,1,4.70,3.76,true,1,
7290005174575,false,טחינה יום יום,שטראוס גרופ ***בעמ,,,"י""ח",125,ל  גרם,false,1,4.70,3.76,true,1,
7290005199578,false,פלאטינום נטול 200,שטראוס גרופ בעמ,,,"י""ח",200,ל  גרם,false,1,31.90,15.95,true,1,
7290005200786,false,תפוצ יפס שמנת ובצל,שטראוס פריטו ליי בעמ,,,"י""ח",50,ל  גרם,false,1,4.50,9,true,1,
7290005201455,false,נס קפה ארומה 200 גרם,שטראוס גרופ בעמ,,,"י""ח",200,ל  גרם,false,1,21.90,10.95,true,1,
7290005287206,false,טונה סטארקיסט  בשמן 160גרם רבעייה,דיפלומט מפיצים (1968) בעמ**,,,"י""ח",640,ל  גרם,false,1,26.90,4.20,true,1,
7290005287213,false,"טונה סטארקיסט בשמן 160ג רבעיות בד""ץ",דיפלומט מפיצים (1968) בעמ**,,,"י""ח",640,ל  גרם,false,1,26.90,4.20,true,1,
7290005287251,false,~טונה סטארקיסט  במים רביעייה,דיפלומט מפיצים (1968) בעמ**,,,"י""ח",640,ל  גרם,false,1,26.90,4.20,true,1,
7290005287657,false,ממרח טונה סטארקיסט 160ג,דיפלומט מפיצים (1968) בעמ**,,,"י""ח",160,ל  גרם,false,1,6.50,4.06,true,1,
7290005296246,false,כלורקס פלמר לפתיחת סתימות,יעקב יעקבי ובניו בעמ,,,"י""ח",946,"ל  מ""ל",false,1,26.90,2.84,false,1,
7290005296260,false,אסטוניש רסס ונגב,יעקב יעקבי ובניו בעמ,,,"י""ח",750,"ל  מ""ל",false,1,16.90,2.25,true,1,
7290005317200,false,קרקר טופז רגיל 110גר הדר,ח.כהן סוכנות מזון ומשקאות בע,,,"י""ח",110,ל  גרם,false,1,2.90,2.64,true,1,
7290005418716,false,לחות לשיער-תלתלים ברגע,החב הדרומית לשיווק,,,"י""ח",400,"ל  מ""ל",false,1,21.90,5.48,false,1,
7290005423567,false,מטליות בגליל סושי,החב הדרומית לשיווק,,,"י""ח",1,,false,1,19.90,19.90,false,1,
7290005423635,false,ריצפז דוחה חרקים 2 ליטר,החב הדרומית לשיווק,,,"י""ח",2,ליטר,false,1,22.90,11.45,false,1,
7290005423871,false,אורביטול שלישיה סודה,החב הדרומית לשיווק,,,"י""ח",435,ל  גרם,false,1,19.90,4.57,false,1,
7290005424311,false,סנו Kרב קוטל 500מייל,החב הדרומית לשיווק,,,"י""ח",500,"ל  מ""ל",false,1,24.90,4.98,false,1,
7290005424403,false,אל סבון כיף 1 ליטר,החב הדרומית לשיווק,,,"י""ח",1,ליטר,false,1,14.90,14.90,false,1,
7290005424700,false,מסיר שומנים קר סנו פורטה 1ל,החב הדרומית לשיווק,,,"י""ח",1,ליטר,false,1,17.90,17.90,false,1,
7290005424762,false,ריצפז ווקס דוחה חרקים 2 ליטר,החב הדרומית לשיווק,,,"י""ח",2,ליטר,false,1,25.90,12.95,false,1,
7290005424847,false,סנו סופט 150 מפיות לבן.,החב הדרומית לשיווק,,,"י""ח",150,"י""ח",false,1,7.90,0.05,false,1,
7290005425196,false,אבקת כביסה מקסימה סנסטיב  2.5,החב הדרומית לשיווק,,,"י""ח",2.50,"ק""ג",false,1,26.90,10.76,false,1,
7290005425202,false,"א.כביסה מקסימה 2.5 ק""ג",החב הדרומית לשיווק,,,"י""ח",2.50,"ק""ג",false,1,26.90,10.76,false,1,
7290005425646,false,סנו קליר אקדח 1ליטר,החב הדרומית לשיווק,,,"י""ח",1,ליטר,false,1,11.90,11.90,false,1,
7290005426193,false,ספוג הפלא סנו סושי 6 יחידות,החב הדרומית לשיווק,,,"י""ח",1,,false,1,11.90,11.90,false,1,
7290005426230,false,סנו סושי מטלית הפלא לרצפה,החב הדרומית לשיווק,,,"י""ח",1,,false,1,12.90,12.90,false,1,
7290005426629,false,דאופרש אורך דובדבן,החב הדרומית לשיווק,,,"י""ח",300,"ל  מ""ל",false,1,9.90,3.30,false,1,
7290005426803,false,סנו מקסימה מרכך 4 ליטר,החב הדרומית לשיווק,,,"י""ח",4,ליטר,false,1,21.90,5.48,false,1,
7290005426964,false,סנובון שלישייה כחול אפרסק,החב הדרומית לשיווק,,,"י""ח",165,ל  גרם,false,1,17.90,10.85,true,1,
7290005426971,false,סנובון שלישייה כחול תפוח,החב הדרומית לשיווק,,,"י""ח",165,ל  גרם,false,1,17.90,10.85,true,1,
7290005427107,false,מגבות   הפלא}סנו{שישייה,החב הדרומית לשיווק,,,"י""ח",570,ל  גרם,false,1,13.90,2.44,true,1,
7290005427633,false,"כיף ג ל לשיער חזק 1 ק""ג",החב הדרומית לשיווק,,,"י""ח",1,"ק""ג",false,1,20.90,20.90,false,1,
7290005427848,false,מטליות בגליל סושי,החב הדרומית לשיווק,,,"י""ח",1,,false,1,18.90,18.90,false,1,
7290005427978,false,"תחליב רחצה עדין לפנים 180 מ""ל",החב הדרומית לשיווק,,,"י""ח",180,"ל  מ""ל",false,1,14.90,8.28,false,1,
7290005428845,false,מפיות ארוח סופט 100,החב הדרומית לשיווק,,,"י""ח",100,"י""ח",false,1,7.90,0.08,false,1,
7290005429279,false,"סנו מקסימה אפקט זאוול  6 ק""ג.",החב הדרומית לשיווק,,,"י""ח",6,"ק""ג",false,1,49.90,8.32,true,1,
7290005429286,false,סנו מקסימה קומפקט ביו 6,החב הדרומית לשיווק,,,"י""ח",6,"ק""ג",false,1,49.90,8.32,true,1,
7290005430602,false,סנו אוקסיגאן מסיר בתרסיס מרסס,החב הדרומית לשיווק,,,"י""ח",750,"ל  מ""ל",false,1,18.90,2.52,false,1,
7290005500688,false,"מסיכה לשיער 1 ק""ג",פנינה רוזנבלום בעמ,,,"י""ח",1,"ק""ג",false,1,29.90,29.90,false,1,
7290005509445,false,מיני קוקיס בטעם חמאה 600 ג`,כרמית תעשיות ממתקים בעמ,,,"י""ח",600,"ס""מ",false,1,16.90,2.82,false,1,
7290005559709,false,בורקס  פיצה}מעדנות{,תנובה בשר,,,"י""ח",700,ל  גרם,false,1,28.90,4.13,false,1,
7290005559914,false,"פיצה משפחתית זיתים 550ג""ר מעדנות",תנובה בשר,,,"י""ח",550,ל  גרם,false,1,24.90,4.53,true,1,
7290005576034,false,כוסברה גלאט עלים,רביבים עלי דשא בעמ,,,"י""ח",1,,false,1,6.50,6.50,true,1,
7290005591761,false,דבש טהור מפרחי בר לחיץ 400גר יד מרדכי,שטראוס גרופ בעמ,,,"י""ח",400,ל  גרם,false,1,24.90,6.23,true,1,
7290005651069,false,"לה קט מיקס 2.85 ק""ג",דיפלומט מפיצים (1968) בעמ**,,,"י""ח",2.85,"ק""ג",false,1,64.90,22.77,false,1,
7290005651427,false,בונזו מעדן 415גר.,דיפלומט מפיצים (1968) בעמ**,,,"י""ח",1.24,"ק""ג",false,1,17.90,14.44,false,1,
7290005678486,false,ענב אדום,ביכורי השדה צפון 1994 ג.ד. בעמ,,,"ק""ג",1,"ק""ג",true,1,19.90,19.90,false,1,
7290005680052,false,טמפוני סופר  32 OB,ש.שסטוביץ בעמ,,,"י""ח",1,,false,1,24.90,24.90,false,1,
7290005838002,false,דניאלה בטעם יוגורט וניל,שטראוס גרופ ***בעמ,,,"י""ח",150,"ל  מ""ל",false,1,3.90,2.60,true,1,
7290005838613,false,סקי וניל 3%,שטראוס גרופ ***בעמ,,,"י""ח",125,ל  גרם,false,1,3.90,3.12,true,1,
7290005839108,false,סימפוניה עם זיתים 5%,שטראוס גרופ ***בעמ,,,"י""ח",200,ל  גרם,false,1,10.90,5.45,true,1,
7290005839313,false,מילקי טופ שטראוס,שטראוס גרופ ***בעמ,,,"י""ח",130,"ל  מ""ל",false,1,4.60,3.54,true,1,
7290005854569,false,שלגון בננה מצופה,גלידות שטראוס בעמ,,,"י""ח",1,,false,1,4,4,false,1,
7290005896460,false,"בירה איגל פחית חזקה 7.8% 500מ""ל",טמפו משקאות בעמ,,,"י""ח",330,"ל  מ""ל",false,1,6.70,1.94,false,1,
7290005992018,false,יוגורט עיזים 500 בבקבוק,מחלבות גד,,,"י""ח",500,"ל  מ""ל",false,1,12.90,2.58,false,1,
7290005992247,false,חלומי מוסדי,מחלבות גד,,,"ק""ג",1,,true,1,93.80,93.80,false,1,
7290005992575,false,בולגרית  למריחה 5% גד 250 ג,מחלבות גד,,,"י""ח",250,ל  גרם,false,1,14.90,5.96,false,1,
7290006185204,false,"קרם לחות לשיער יבש 500מ""ל",פנינה רוזנבלום בעמ,,,"י""ח",500,"ל  מ""ל",false,1,16.90,3.38,false,1,
7290006185501,false,סבון נוזל ורוד פנינה 1 ליטר,פנינה רוזנבלום בעמ,,,"י""ח",1,ליטר,false,1,10.90,10.90,true,1,
7290006185518,false,סבון נוזלי כחול פנינה 1 ליטר,פנינה רוזנבלום בעמ,,,"י""ח",1,ליטר,false,1,10.90,10.90,true,1,
7290006229427,false,שישית מים סן בנדטו 500,טמפו משקאות בעמ,,,"י""ח",3,ליטר,false,1,13.70,3.97,false,1,
7290006229588,false,"בירה איגל פחית זהב 500מ""ל",טמפו משקאות בעמ,,,"י""ח",330,"ל  מ""ל",false,1,6.20,1.79,false,1,
7290006241191,false,אגוז מלך שקית 150 גרם,ליימן שליסל,,,"י""ח",150,ל  גרם,false,1,17.90,11.93,true,1,
7290006241214,false,שקד טבעי שקית,ליימן שליסל,,,"י""ח",200,ל  גרם,false,1,17.90,8.95,false,1,
7290006251268,false,תה ירוק תפוח וקינמון,תה ויסוצקי (ישראל)בעמ,,,"י""ח",37.50,ל  גרם,false,1,24.90,66.40,true,1,
7290006251275,false,תה ירוק סיני 25 יח,תה ויסוצקי (ישראל)בעמ,,,"י""ח",37.50,ל  גרם,false,1,24.90,66.40,true,1,
7290006251282,false,תה הקורנברי,תה ויסוצקי (ישראל)בעמ,,,"י""ח",75,ל  גרם,false,1,17.90,23.87,true,1,
7290006251343,false,חליטת מנגו-פסיפלורה גן קסום,תה ויסוצקי (ישראל)בעמ,,,"י""ח",62.50,ל  גרם,false,1,17.90,28.64,true,1,
7290006251374,false,תה ירוק לימונית וג נג ר,תה ויסוצקי (ישראל)בעמ,,,"י""ח",25,ל  גרם,false,1,24.90,99.60,true,1,
7290006251589,false,תה ירוק נענע 50 יח,תה ויסוצקי (ישראל)בעמ,,,"י""ח",75,ל  גרם,false,1,45.90,61.20,true,1,
7290006256089,false,גאטו נגרו קברנה סובניון,היכל היין שקד גולן בעמ,,,"י""ח",750,"ל  מ""ל",false,1,39.90,5.28,true,1,
7290006256775,false,גאטו נגרו מלבק,היכל היין שקד גולן בעמ,,,"י""ח",750,"ל  מ""ל",false,1,39.90,5.28,true,1,
7290006265500,false,פטריות שמפיניון,ביכורי השדה צפון 1994 ג.ד. בעמ,,,"י""ח",1,,false,1,10.90,10.90,true,1,
7290006271181,false,ג חנון מעדנות אפוי למיקרוגל 750 ג,תנובה בשר,,,"י""ח",750,ל  גרם,false,1,26.90,3.59,false,1,
7290006271648,false,"מיני בורקס תפו""א",תנובה בשר,,,"י""ח",650,ל  גרם,false,1,21.90,3.37,false,1,
7290006271655,false,מיני בורקס גבינה,תנובה בשר,,,"י""ח",800,ל  גרם,false,1,28.30,3.54,false,1,
7290006272072,false,חטיפי פיצה מעדנות.,תנובה בשר,,,"י""ח",650,ל  גרם,false,1,33.90,5.22,false,1,
7290006272430,false,בצק עלים חמאה,תנובה בשר,,,"י""ח",600,ל  גרם,false,1,27.90,4.65,false,1,
7290006306302,false,רביולי  גבינה פסטה נונה,מחלבות גד,,,"י""ח",400,ל  גרם,false,1,19.90,4.98,false,1,
7290006306319,false,רביולי בטטה פסטה נונה,מחלבות גד,,,"י""ח",400,ל  גרם,false,1,19.90,4.98,false,1,
7290006306326,false,רביולי פטריות פסטה נונה,מחלבות גד,,,"י""ח",400,ל  גרם,false,1,19.90,4.98,false,1,
7290006306357,false,רביולי גבינת  עיזים פסטה נונה,מחלבות גד,,,"י""ח",400,ל  גרם,false,1,26.90,6.73,false,1,
7290006342447,false,גרעין אבטיח 200גר.,דין שיווק וקליה 2021 בעמ,,,"י""ח",200,ל  גרם,false,1,14.90,7.45,false,1,
7290006342553,false,קבוקים 200גר.,דין שיווק וקליה 2021 בעמ,,,"י""ח",200,ל  גרם,false,1,6.90,3.45,false,1,
7290006374738,false,קונפיטורה תות יד מרדכי בטעם תות,שטראוס גרופ בעמ,,,"י""ח",340,ל  גרם,false,1,13.60,4,true,1,
7290006376862,false,שלישית קפה פרימיום,נאמן לאורך זמן בעמ,,,"י""ח",300,ל  גרם,false,1,13.90,4.63,false,1,
7290006378361,false,מחצלת,לפ חדד חיים,,,"י""ח",1,,false,1,29.90,29.90,false,1,
7290006492432,false,מוצרלה בייבי 150 ג,מחלבות גד,,,"י""ח",1,,false,1,16.50,16.50,false,1,
7290006492616,false,בולגרית פרוסות 5% גד 250 ג`,מחלבות גד,,,"י""ח",250,ל  גרם,false,1,25.20,10.08,false,1,
7290006492630,false,גדעזים גליל 180 ג גד,מחלבות גד,,,"י""ח",1,,false,1,21.90,21.90,false,1,
7290006492685,false,לבנה 250 גרם גד,מחלבות גד,,,"י""ח",250,ל  גרם,false,1,16.90,6.76,false,1,
7290006492852,false,גבינה לבנה 5% עזים,מחלבות גד,,,"י""ח",1,,false,1,19.70,19.70,false,1,
7290006494917,false,מרמולייט וופל שוקו,דנשר (1963) בעמ,,,"י""ח",180,ל  גרם,false,1,7.80,4.33,false,1,
7290006494924,false,מרמולייט וופל לימון 180,דנשר (1963) בעמ,,,"י""ח",180,ל  גרם,false,1,7.80,4.33,false,1,
7290006498052,false,יוגורט טבעי מהדרין,שטראוס גרופ ***בעמ,,,"י""ח",150,"ל  מ""ל",false,1,3,2,true,1,
7290006511157,false,"פטריות שלם 400 ג  בד""ץ",ג.וילי פוד אינטרנשיונל בעמ,,,"י""ח",400,ל  גרם,false,1,7.90,1.98,true,1,
7290006511683,false,פולי סויה קפואים 454 גרם,ג.וילי פוד אינטרנשיונל בעמ,,,"י""ח",454,ל  גרם,false,1,9.90,2.18,false,1,
7290006511751,false,פטריות חתוך 290 גרם *שלישיה,ג.וילי פוד אינטרנשיונל בעמ,,,"י""ח",870,ל  גרם,false,1,11.90,1.37,false,1,
7290006546524,false,צ יפס מובחר 800,נטו מלינדה סחר בעמ,,,"י""ח",800,ל  גרם,false,1,14.90,1.86,false,1,
7290006550972,false,"טחון בקר עטרה 1 ק""ג",נטו מלינדה סחר בעמ,,,"י""ח",1,"ק""ג",false,1,29.90,29.90,false,1,
7290006618078,false,אסטוניש מרסס לניקוי 750 יעקבי,יעקב יעקבי ובניו בעמ,,,"י""ח",750,"ל  מ""ל",false,1,16.90,2.25,true,1,
7290006618146,false,הפי נוזל להדלקת פחמים,יעקב יעקבי ובניו בעמ,,,"י""ח",1,,false,1,15.90,15.90,false,1,
7290006640789,false,צעצועים,צבע ומכחול (2014) בעמ,,,"י""ח",1,,false,1,9.90,9.90,false,1,
7290006644480,false,תפוזינה תפוז 0.5 ליטר,יפאורה שותפות מוגבלת לשיווק,,,"י""ח",500,"ל  מ""ל",false,1,5.90,1.12,true,1,
7290006652027,false,במבה מארז מולטיפק  *20יח,קבוצת אוסם סחר-שות.מוגבלת,,,"י""ח",300,ל  גרם,false,1,25.90,8.63,true,1,
7290006653819,false,קוסקוס דק 350 ג אוסם,קבוצת אוסם סחר-שות.מוגבלת,,,"י""ח",350,ל  גרם,false,1,9.20,2.63,false,1,
7290006664051,false,אקטימל מארז משפ 14 יח טבעי,שטראוס גרופ ***בעמ,,,"י""ח",1.40,ליטר,false,1,29.90,21.36,true,1,
7290006664402,false,גבינת סקי 5% 750  ג*,שטראוס גרופ ***בעמ,,,"י""ח",750,ל  גרם,false,1,13.60,1.81,true,1,
7290006664532,false,דנונה תות 3%,שטראוס גרופ ***בעמ,,,"י""ח",150,"ל  מ""ל",false,1,3.50,2.33,true,1,
7290006664655,false,אקטימל שמיניה טבעי,שטראוס גרופ ***בעמ,,,"י""ח",800,"ל  מ""ל",false,1,19.90,2.49,true,1,
7290006664693,false,דנונה אפרסק 3%,שטראוס גרופ ***בעמ,,,"י""ח",150,"ל  מ""ל",false,1,3.50,2.33,true,1,
7290006664990,false,~מארז שמינייה ביו 1.5% 150גר,שטראוס גרופ ***בעמ,,,"י""ח",1.20,ליטר,false,1,15.90,13.25,true,1,
7290006681065,false,טעמקור וניל+שוקולד,גלידות שטראוס בעמ,,,"י""ח",1,,false,1,6.60,6.60,false,1,
7290006681553,false,קרמבו וניל ]8 שטראוס[,גלידות שטראוס בעמ,,,"י""ח",8,"י""ח",false,1,15.90,1.99,true,1,
7290006712684,false,ספיד סטיק-כחול,ש.שסטוביץ בעמ,,,"י""ח",51,ל  גרם,false,1,19.90,39.02,true,1,
7290006739346,false,נקניקיות פרגיות זוגלובק,זוגלובק שיווק בעמ,,,"י""ח",400,ל  גרם,false,1,18.90,4.73,true,1,
7290006739414,false,סלמי קוניאק 300גר`,זוגלובק שיווק בעמ,,,"י""ח",3.50,"י""ח",false,1,26.90,7.69,false,1,
7290006741363,false,"בורקס תפו""א בד""צ 800 ג`",זוגלובק שיווק בעמ,,,"י""ח",800,ל  גרם,false,1,17.90,2.24,true,1,
7290006741387,false,מלאווח תימני 700 גרם זוגלובק,זוגלובק שיווק בעמ,,,"י""ח",700,ל  גרם,false,1,16.90,2.41,true,1,
7290006775016,false,עוגת תפוז ]450אחוה[,אחדות בעמ,,,"י""ח",450,ל  גרם,false,1,9.90,2.20,false,1,
7290006775023,false,עוגת אנגלית-אחווה,אחדות בעמ,,,"י""ח",450,ל  גרם,false,1,9.90,2.20,false,1,
7290006775030,false,עוגת אחוה שוקולד,אחדות בעמ,,,"י""ח",450,ל  גרם,false,1,9.90,2.20,false,1,
7290006775047,false,עוגת שוקולד]אחוה[,אחדות בעמ,,,"י""ח",450,ל  גרם,false,1,9.90,2.20,false,1,
7290006775054,false,עוגת שיש]אחווה[.,אחדות בעמ,,,"י""ח",450,ל  גרם,false,1,9.90,2.20,false,1,
7290006775085,false,עוגת שמרים (400 אחוה).,אחדות בעמ,,,"י""ח",400,ל  גרם,false,1,10.90,2.73,false,1,
7290006775191,false,מאפין ממולא שוקולד 50 ג,אחדות בעמ,,,"י""ח",400,ל  גרם,false,1,1.50,0.38,true,1,
7290006775306,false,מאפין במילוי תות,אחדות בעמ,,,"י""ח",50,ל  גרם,false,1,1.50,3,true,1,
7290006775344,false,עוגת שמרים במילוי קרם קינמון 400 גרם,אחדות בעמ,,,"י""ח",400,ל  גרם,false,1,10.90,2.73,false,1,
7290006775405,false,מאפין אחווה 45 גרם,אחדות בעמ,,,"י""ח",40,ל  גרם,false,1,1.50,3.75,true,1,
7290006788429,false,רולאון נושם כתום פ. דיל,החב הדרומית לשיווק,,,"י""ח",75,ל  גרם,false,1,13.90,18.53,false,1,
7290006788436,false,רולאון נושםן ורוד פ. דיל,החב הדרומית לשיווק,,,"י""ח",75,ל  גרם,false,1,13.90,18.53,false,1,
7290006788443,false,רולאון נושם סגול,החב הדרומית לשיווק,,,"י""ח",1,"י""ח",false,1,13.90,13.90,false,1,
7290006788467,false,דאו ספריי נושם קרליין מס 2,החב הדרומית לשיווק,,,"י""ח",200,"ל  מ""ל",false,1,13.90,6.95,false,1,
7290006788474,false,קרליין-דאו ספריי נושם  מס3.,החב הדרומית לשיווק,,,"י""ח",75,ל  גרם,false,1,13.90,18.53,false,1,
7290006788481,false,דאו ספריי נושם  קרליין מס 4,החב הדרומית לשיווק,,,"י""ח",200,"ל  מ""ל",false,1,13.90,6.95,false,1,
7290006788498,false,דאו  ספריי נושם קרליין מס 5,החב הדרומית לשיווק,,,"י""ח",200,"ל  מ""ל",false,1,13.90,6.95,false,1,
7290006805850,false,תערובת  לפנקייק(פילסברי),ליימן שליסל,,,"י""ח",500,ל  גרם,false,1,17.90,3.58,false,1,
7290006941220,false,צלחת קטנה צבעוני המותג 25,דין שיווק וקליה 2021 בעמ****,,,"י""ח",25,"י""ח",false,1,6.90,0.28,false,1,
7290006983152,false,קרוטונים מתובלים אוסם,קבוצת אוסם סחר-שות.מוגבלת,,,"י""ח",400,ל  גרם,false,1,20.80,5.20,false,1,
7290006983176,false,לחמית שיפון 230 ג`,קבוצת אוסם סחר-שות.מוגבלת,,,"י""ח",230,ל  גרם,false,1,9.90,4.30,true,1,
7290006983206,false,פלאפל בקלי קלות,קבוצת אוסם סחר-שות.מוגבלת,,,"י""ח",90,ל  גרם,false,1,11.30,12.56,false,1,
7290006983527,false,עוגת הבית תפוח עץ עם פרור,קבוצת אוסם סחר-שות.מוגבלת,,,"י""ח",400,ל  גרם,false,1,18.90,4.73,false,1,
7290006983763,false,עוגת הבית שוקולד,קבוצת אוסם סחר-שות.מוגבלת,,,"י""ח",400,ל  גרם,false,1,13.40,3.35,false,1,
7290006983770,false,עוגת הבית שיש,קבוצת אוסם סחר-שות.מוגבלת,,,"י""ח",400,ל  גרם,false,1,13.40,3.35,false,1,
7290006983787,false,עוגת בית שוקו צ יפס,קבוצת אוסם סחר-שות.מוגבלת,,,"י""ח",400,ל  גרם,false,1,13.40,3.35,false,1,
7290006983794,false,עוגת בית תפוז.,קבוצת אוסם סחר-שות.מוגבלת,,,"י""ח",400,ל  גרם,false,1,13.40,3.35,false,1,
7290006992390,false,דייסת וניל מטרנה  200 גרם,קבוצת אוסם סחר-שות.מוגבלת,,,"י""ח",200,ל  גרם,false,1,13.90,6.95,false,1,
7290008000826,false,משחת שיניים ברבי,גורי ע.ע.ע. בעמ,,,"י""ח",50,ל  גרם,false,1,10.90,21.80,false,1,
7290008023542,false,שמפו רצפות 4 ליטר מרענן,יוניליוור ישראל שיווק בעמ,,,"י""ח",4,ליטר,false,1,16.90,4.23,false,1,
7290008116541,false,ליסטרין קול מינט 500,שקד תבל בעמ,,,"י""ח",500,"ל  מ""ל",false,1,17.90,3.58,true,1,
7290008116565,false,ליסטרין פרש ברט 500,שקד תבל בעמ,,,"י""ח",500,"ל  מ""ל",false,1,17.90,3.58,true,1,
7290008154222,false,שניצלונים]עוף  טוב[,קבוצת אוסם סחר-שות.מוגבלת,,,"י""ח",700,ל  גרם,false,1,15.90,2.27,true,1,
7290008175173,false,חמאה וואליו  200גר ללא תוספת מלח.,ג.וילי פוד אינטרנשיונל בעמ,,,"י""ח",200,ל  גרם,false,1,10.90,5.45,false,1,
7290008175210,false,פרמזנו מגורדת 90 ג ויליפוד,ג.וילי פוד אינטרנשיונל בעמ,,,"י""ח",90,ל  גרם,false,1,14.90,16.56,false,1,
7290008175814,false,"פטריות חתוך 400 גרם 8""",ג.וילי פוד אינטרנשיונל בעמ,,,"י""ח",400,ל  גרם,false,1,5.40,1.35,false,1,
7290008190909,false,מיני קוקיס-שוקו   צ יפס 600גר,כרמית תעשיות ממתקים בעמ,,,"י""ח",600,ל  גרם,false,1,16.90,2.82,false,1,
7290008190985,false,לקקן גלידה 50 יח,כרמית תעשיות ממתקים בעמ,,,"י""ח",500,ל  גרם,false,1,16.90,3.38,true,1,
7290008330107,false,בדין 4 ליטר בריח אביב.,יוניליוור ישראל שיווק בעמ,,,"י""ח",4,ליטר,false,1,19.90,4.98,false,1,
7290008343466,false,בצק פילו 500 גרם,נטו מלינדה סחר בעמ,,,"י""ח",500,ל  גרם,false,1,21.90,4.38,true,1,
7290008343503,false,ג חנון אפוי 650 ג,נטו מלינדה סחר בעמ,,,"י""ח",650,ל  גרם,false,1,21.90,3.37,true,1,
7290008343558,false,"סיגרים בשר 1 ק""ג",נטו מלינדה סחר בעמ,,,"י""ח",1,"ק""ג",false,1,21.90,21.90,false,1,
7290008343565,false,"סיגרים תפו""א 1 ק""ג",נטו מלינדה סחר בעמ,,,"י""ח",1,"ק""ג",false,1,21.90,21.90,false,1,
7290008343572,false,אגרול סיני,נטו מלינדה סחר בעמ,,,"י""ח",1,"ק""ג",false,1,21.90,21.90,false,1,
7290008343619,false,"פסטלים תפו""א 1 ק""ג",נטו מלינדה סחר בעמ,,,"י""ח",1,"ק""ג",false,1,21.90,21.90,false,1,
7290008343626,false,"פלאפל 1 ק""ג",נטו מלינדה סחר בעמ,,,"י""ח",1,"ק""ג",false,1,21.90,21.90,false,1,
7290008344258,false,המבורגר מזרחיטיוון וויל,נטו מלינדה סחר בעמ,,,"י""ח",400,ל  גרם,false,1,20.90,5.23,true,1,
7290008344272,false,המבורגר טיבון וויל,נטו מלינדה סחר בעמ,,,"י""ח",400,ל  גרם,false,1,20.90,5.23,true,1,
7290008347211,false,אצבעות דג 700 גרם,נטו מלינדה סחר בעמ,,,"י""ח",700,ל  גרם,false,1,22.90,3.27,false,1,
7290008409100,false,אצבעות שניצל שומשום,תנובה בשר,,,"י""ח",600,ל  גרם,false,1,39.40,6.57,false,1,
7290008409124,false,שניצל ג ונגל 700 גרם,תנובה בשר,,,"י""ח",700,ל  גרם,false,1,39.40,5.63,false,1,
7290008409551,false,מאמא עוף בציפוי מעודן,תנובה בשר,,,"י""ח",700,ל  גרם,false,1,45.90,6.56,false,1,
7290008415071,false,חומוס עם טחינה 150.,קבוצת אוסם סחר-שות.מוגבלת,,,"י""ח",150,ל  גרם,false,1,5.80,3.87,false,1,
7290008415514,false,חומוס עם חריף,קבוצת אוסם סחר-שות.מוגבלת,,,"י""ח",150,ל  גרם,false,1,5.80,3.87,false,1,
7290008423014,false,פילפל שחור 120 פרג,תבליני הדור השלישי,,,"י""ח",1,,false,1,14.90,14.90,false,1,
7290008443616,false,מרכך נקה 7 מייצב יבש אדום,החב הדרומית לשיווק,,,"י""ח",750,"ל  מ""ל",false,1,12.90,1.72,false,1,
7290008443630,false,שמפו נקה -7 לשיער מתולתל סגול,החב הדרומית לשיווק,,,"י""ח",750,"ל  מ""ל",false,1,12.90,1.72,false,1,
7290008443647,false,מרכך נקה 7 מייצב מתולתל סגול,החב הדרומית לשיווק,,,"י""ח",750,"ל  מ""ל",false,1,12.90,1.72,false,1,
7290008462204,false,חרדל דיג ון,א. סיימן סחר בעמ,,,"י""ח",380,ל  גרם,false,1,16.90,4.45,true,1,
7290008464468,false,"גולדסטאר פחית 500 מ""ל.",טמפו משקאות בעמ,,,"י""ח",500,"ל  מ""ל",false,1,8.10,1.56,false,1,
7290008464604,false,היינקן בירה  500 פחית,טמפו משקאות בעמ,,,"י""ח",500,"ל  מ""ל",false,1,9.90,1.92,false,1,
7290008464734,false,גולדסטאר SLOW BREW בקבוק 330 שישייה.,טמפו משקאות בעמ,,,"י""ח",1.98,ליטר,false,1,41.90,20.25,true,1,
7290008466813,false,מארז עוגיות  קינמון 500ג מחנה יהודה,הלל בן הלל שיווק ומסחר בעמ,,,"י""ח",500,ל  גרם,false,1,17.90,3.58,true,1,
7290008493413,false,פירורי גריסיני,דנשר (1963) בעמ,,,"י""ח",200,ל  גרם,false,1,6.90,3.45,false,1,
7290008636650,false,קמח מצה 500גר.,מיה תעשיות מזון מ.ת.מ בעמ,,,"י""ח",500,ל  גרם,false,1,5.90,1.18,false,1,
7290008636919,false,קקאו מיה 200 גרם,מיה תעשיות מזון מ.ת.מ בעמ,,,"י""ח",250,ל  גרם,false,1,8.90,3.56,false,1,
7290008636926,false,קקאו הולנדי 500 ג מיה,מיה תעשיות מזון מ.ת.מ בעמ,,,"י""ח",500,ל  גרם,false,1,13.90,2.78,false,1,
7290008639095,false,פחזניות וניל 8יחי קפולסקי,קפולסקי אדל בעמ,,,"י""ח",280,ל  גרם,false,1,29.90,10.68,false,1,
7290008644112,false,מטבוחה יום יום,שטראוס גרופ ***בעמ,,,"י""ח",125,ל  גרם,false,1,4.70,3.76,true,1,
7290008690713,false,אושן ספריי חמוציות 1ליטר,החברה המרכזית להפצת משקאות בעמ,,,"י""ח",1,ליטר,false,1,11.50,11.50,false,1,
7290008693134,false,דניאלה תות,שטראוס גרופ ***בעמ,,,"י""ח",150,"ל  מ""ל",false,1,3.90,2.60,true,1,
7290008713207,false,לחמניה קלועה,שלמה א.אנג ל בעמ,,,"י""ח",1,,false,1,2.70,2.70,false,1,
7290008713900,false,לחם רוסי שיפון עגול 750גר`,שלמה א.אנג ל בעמ,,,"י""ח",750,ל  גרם,false,1,12.90,1.72,false,1,
7290008713917,false,לחם בסגנון רוסי שיפון כהה 750גר`,שלמה א.אנג ל בעמ,,,"י""ח",750,ל  גרם,false,1,12.90,1.72,false,1,
7290008745239,false,תפוצ יפס אקסטרא 55 גרם,שטראוס פריטו ליי בעמ,,,"י""ח",55,ל  גרם,false,1,4.50,8.18,true,1,
7290008745543,false,נס קפה לטה 250 גרם,שונות /שרות,,,"י""ח",250,ל  גרם,false,1,19.90,7.96,false,1,
7290008751902,false,"קפה שחור קלוי 1 ק""ג  ואקום עלית",שטראוס גרופ בעמ,,,"י""ח",1,"ק""ג",false,1,49.90,49.90,true,1,
7290008752244,false,תפו ציפס גריל 50 גרם,שטראוס פריטו ליי בעמ,,,"י""ח",50,ל  גרם,false,1,4.50,9,true,1,
7290008752435,false,צ יטוס גבינה 30גר.,שטראוס פריטו ליי בעמ,,,"י""ח",30,ל  גרם,false,1,1.90,6.33,true,1,
7290008753111,false,תפוצ יפס מקסיקני 50 גרם,שטראוס פריטו ליי בעמ,,,"י""ח",50,ל  גרם,false,1,4.50,9,true,1,
7290008754415,false,"מאסט ספירמינט ללא סוכר 28גר כשל""פ",שטראוס גרופ בעמ,,,"י""ח",28,ל  גרם,false,1,4.30,15.36,true,1,
7290008757034,false,"שוופס סודה 250 מ""ל",יפאורה שותפות מוגבלת לשיווק,,,"י""ח",250,"ל  מ""ל",false,1,3.50,1.28,true,1,
7290008775816,false,ערגליות שוקו 300 גרם,קבוצת אוסם סחר-שות.מוגבלת,,,"י""ח",300,ל  גרם,false,1,10.90,3.63,true,1,
7290008775823,false,ערגליות תות שדה 300 גרם,קבוצת אוסם סחר-שות.מוגבלת,,,"י""ח",300,ל  גרם,false,1,10.90,3.63,true,1,
7290008801010,false,PC  קברנה/מרלו 0.75 ל,אגודת הכורמים,,,"י""ח",750,"ל  מ""ל",false,1,39.90,5.28,true,1,
7290008801157,false,סלקטד מרלו  0.75 ל,אגודת הכורמים,,,"י""ח",750,"ל  מ""ל",false,1,29.90,3.95,true,1,
7290008801461,false,יין נצחון כרמל,אגודת הכורמים,,,"י""ח",750,"ל  מ""ל",false,1,21,2.76,true,1,
7290008801478,false,טופז זהב יין מתוק 750,אגודת הכורמים,,,"י""ח",750,"ל  מ""ל",false,1,21,2.76,true,1,
7290008806305,false,פצפצים,גלידות שטראוס בעמ,,,"י""ח",1,,false,1,5.90,5.90,false,1,
7290008806961,false,קרמיסמו פרה שטראוס,גלידות שטראוס בעמ,,,"י""ח",1.33,ליטר,false,1,18.90,14.21,false,1,
7290008806985,false,נשנושים שטראוס.,גלידות שטראוס בעמ,,,"י""ח",630,ל  גרם,false,1,49.90,7.92,false,1,
7290008846219,false,"שמן זית כתית חלוצה 750 מ""ל",נטו מלינדה סחר בעמ,,,"י""ח",750,"ל  מ""ל",false,1,39.90,5.32,false,1,
7290008849470,false,רוטב פלפל צוימה,תה ויסוצקי (ישראל)בעמ,,,"י""ח",185,ל  גרם,false,1,13.90,7.51,true,1,
7290008849586,false,רוטב ריבת בצל,תה ויסוצקי (ישראל)בעמ,,,"י""ח",310,ל  גרם,false,1,13.90,4.48,true,1,
7290008849739,false,רוטב סויה קלאסיק,תה ויסוצקי (ישראל)בעמ,,,"י""ח",290,"ל  מ""ל",false,1,15.90,5.48,true,1,
7290008899819,false,ביגל טוסט,ג נרל מילס ישראל בעמ,,,"י""ח",570,ל  גרם,false,1,4.30,0.75,true,1,
7290008909778,false,"קרלסברג שישייה 330מ""ל",החברה המרכזית להפצת משקאות בעמ,,,"י""ח",1.98,ליטר,false,1,42.70,20.66,true,1,
7290008909853,false,קוקה קולה ZIRO 0.5 ל,החברה המרכזית להפצת משקאות בעמ,,,"י""ח",500,"ל  מ""ל",false,1,6.20,1.18,true,1,
7290008975551,false,מטרנה מהדרין חיסכון}{3,קבוצת אוסם סחר-שות.מוגבלת,,,"י""ח",700,ל  גרם,false,1,49.90,7.13,false,1,
7290008975780,false,"בונזו גזע קטן  3 ק""ג",דיפלומט מפיצים (1968) בעמ**,,,"י""ח",3,"ק""ג",false,1,44.90,14.97,false,1,
7290008989169,false,אורז תפוח,בטר אנד דיפרנט בעמ,,,"י""ח",500,ל  גרם,false,1,19.90,3.98,false,1,
7290008989473,false,ממרח חרובים בטעם שוקולד 350גר.,בטר אנד דיפרנט בעמ,,,"י""ח",350,ל  גרם,false,1,13.90,3.97,false,1,
7290008989572,false,ממרח חלבה טעם וניל 350גר.,בטר אנד דיפרנט בעמ,,,"י""ח",350,ל  גרם,false,1,11.90,3.40,false,1,
7290008989671,false,ציפוי עדיף פריך,בטר אנד דיפרנט בעמ,,,"י""ח",200,ל  גרם,false,1,10.90,5.45,false,1,
7290010002016,false,כוסברה טחון 100 גרם,א.ל.יצור ושיווקתבלינים בעמ,,,"י""ח",100,ל  גרם,false,1,9.50,9.50,false,1,
7290010002023,false,כורכום הודי טחון 100 גרם צנצנת,א.ל.יצור ושיווקתבלינים בעמ,,,"י""ח",100,ל  גרם,false,1,11.50,11.50,false,1,
7290010002030,false,כמון 100 גרם צנצנת,א.ל.יצור ושיווקתבלינים בעמ,,,"י""ח",100,ל  גרם,false,1,11.50,11.50,false,1,
7290010002047,false,מלח לימון 200 גרם,א.ל.יצור ושיווקתבלינים בעמ,,,"י""ח",200,ל  גרם,false,1,9.50,4.75,false,1,
7290010002061,false,פלפל לבן טחון 100 גרם,א.ל.יצור ושיווקתבלינים בעמ,,,"י""ח",100,ל  גרם,false,1,16.90,16.90,false,1,
7290010002078,false,פלפל שחור טחון 100 גרם בצנצנת מימון.,א.ל.יצור ושיווקתבלינים בעמ,,,"י""ח",100,ל  גרם,false,1,15.50,15.50,false,1,
7290010002092,false,פלפל שחור גס דק90גר צנצנת מימון.,א.ל.יצור ושיווקתבלינים בעמ,,,"י""ח",90,ל  גרם,false,1,15.50,17.22,false,1,
7290010002108,false,פלפל שחור גרוס גס 90גר,א.ל.יצור ושיווקתבלינים בעמ,,,"י""ח",90,ל  גרם,false,1,14.50,16.11,false,1,
7290010002122,false,פפריקה הונגרית מתוקה 100,א.ל.יצור ושיווקתבלינים בעמ,,,"י""ח",100,ל  גרם,false,1,11.50,11.50,false,1,
7290010002139,false,פפריקה הונגרית חריפה 100,א.ל.יצור ושיווקתבלינים בעמ,,,"י""ח",100,ל  גרם,false,1,11.50,11.50,false,1,
7290010002146,false,פפריקה מרוקאית מתוקה 100,א.ל.יצור ושיווקתבלינים בעמ,,,"י""ח",100,ל  גרם,false,1,11.50,11.50,false,1,
7290010002153,false,פפריקה מרוקאית חריפה 100,א.ל.יצור ושיווקתבלינים בעמ,,,"י""ח",100,ל  גרם,false,1,11.50,11.50,false,1,
7290010002191,false,מקלות קינמון 50 גרם,א.ל.יצור ושיווקתבלינים בעמ,,,"י""ח",500,ל  גרם,false,1,11.50,2.30,false,1,
7290010002207,false,קינמון טחון 100גר.,א.ל.יצור ושיווקתבלינים בעמ,,,"י""ח",100,ל  גרם,false,1,9.50,9.50,false,1,
7290010002283,false,תבלין על האש 100,א.ל.יצור ושיווקתבלינים בעמ,,,"י""ח",100,ל  גרם,false,1,11.50,11.50,false,1,
7290010002290,false,תערובת לשוואמה טורקית 110,א.ל.יצור ושיווקתבלינים בעמ,,,"י""ח",100,ל  גרם,false,1,11.50,11.50,false,1,
7290010002306,false,תערובת לקציצות 100גר,א.ל.יצור ושיווקתבלינים בעמ,,,"י""ח",100,ל  גרם,false,1,11.50,11.50,false,1,
7290010002313,false,ראס אל חנות 100גר,א.ל.יצור ושיווקתבלינים בעמ,,,"י""ח",100,ל  גרם,false,1,11.50,11.50,false,1,
7290010002320,false,תבלין גריל עוף 100גר,א.ל.יצור ושיווקתבלינים בעמ,,,"י""ח",100,ל  גרם,false,1,11.50,11.50,false,1,
7290010002337,false,תבלין לסטייק 100 גרם,א.ל.יצור ושיווקתבלינים בעמ,,,"י""ח",100,ל  גרם,false,1,11.50,11.50,false,1,
7290010002344,false,תבלין לדג 100גר.,א.ל.יצור ושיווקתבלינים בעמ,,,"י""ח",100,ל  גרם,false,1,11.50,11.50,false,1,
7290010002351,false,זעטר ושומשום בלדי 100,א.ל.יצור ושיווקתבלינים בעמ,,,"י""ח",110,ל  גרם,false,1,11.50,10.45,false,1,
7290010002368,false,תערובת חווג  למרק 100גר,א.ל.יצור ושיווקתבלינים בעמ,,,"י""ח",100,ל  גרם,false,1,11.50,11.50,false,1,
7290010002375,false,מדרס קארי 100גר.,א.ל.יצור ושיווקתבלינים בעמ,,,"י""ח",100,ל  גרם,false,1,11.50,11.50,false,1,
7290010002382,false,אורגנו 40גר.,א.ל.יצור ושיווקתבלינים בעמ,,,"י""ח",40,ל  גרם,false,1,9.50,23.75,false,1,
7290010002399,false,בזיליקום 40 גרם,א.ל.יצור ושיווקתבלינים בעמ,,,"י""ח",40,ל  גרם,false,1,9.50,23.75,false,1,
7290010002405,false,טימין הררי 40גר.,א.ל.יצור ושיווקתבלינים בעמ,,,"י""ח",40,ל  גרם,false,1,9.50,23.75,false,1,
7290010002436,false,פטרוזיליה 25גר.,א.ל.יצור ושיווקתבלינים בעמ,,,"י""ח",25,ל  גרם,false,1,9.50,38,false,1,
7290010002450,false,שמיר 30 גרם,א.ל.יצור ושיווקתבלינים בעמ,,,"י""ח",30,ל  גרם,false,1,9.50,31.67,false,1,
7290010002498,false,שום גבישי 120 גרם,א.ל.יצור ושיווקתבלינים בעמ,,,"י""ח",120,ל  גרם,false,1,14.50,12.08,false,1,
7290010002597,false,כוסברה ירוקה 30גר,א.ל.יצור ושיווקתבלינים בעמ,,,"י""ח",30,ל  גרם,false,1,9.50,31.67,false,1,
7290010002658,false,פלפל יבש מתוק 150 גרם,א.ל.יצור ושיווקתבלינים בעמ,,,"י""ח",150,ל  גרם,false,1,15.50,10.33,false,1,
7290010002696,false,אקסטרה צ`יפס אורז חום מלא שמנת בצל 60ג,א.ל.יצור ושיווקתבלינים בעמ,,,"י""ח",60,ל  גרם,false,1,7.90,13.17,true,1,
7290010002726,false,תבלין לפרגיות 100גר,א.ל.יצור ושיווקתבלינים בעמ,,,"י""ח",100,ל  גרם,false,1,11.50,11.50,false,1,
7290010003051,false,פפריקה הונגרית מתוקה 400,א.ל.יצור ושיווקתבלינים בעמ,,,"י""ח",400,ל  גרם,false,1,23.90,5.98,false,1,
7290010003075,false,פפריקה מרוקאית מתוקה 400 מימון,א.ל.יצור ושיווקתבלינים בעמ,,,"י""ח",400,ל  גרם,false,1,23.90,5.98,false,1,
7290010003440,false,שבבי בצל מטוגן 200ג,א.ל.יצור ושיווקתבלינים בעמ,,,"י""ח",200,ל  גרם,false,1,11.50,5.75,false,1,
7290010003686,false,עלי דפנה שקית 20ג,א.ל.יצור ושיווקתבלינים בעמ,,,"י""ח",20,ל  גרם,false,1,5.90,29.50,false,1,
7290010003693,false,פפריקה מתוקה  80ג שקית,א.ל.יצור ושיווקתבלינים בעמ,,,"י""ח",80,ל  גרם,false,1,5.90,7.38,false,1,
7290010003709,false,פלפל שחור טחון  50ג שקית,א.ל.יצור ושיווקתבלינים בעמ,,,"י""ח",50,ל  גרם,false,1,7.90,15.80,false,1,
7290010003754,false,כמון טחו 50ג שקית,א.ל.יצור ושיווקתבלינים בעמ,,,"י""ח",50,ל  גרם,false,1,5.90,11.80,false,1,
7290010003761,false,כורכום טחון שקית 80ג,א.ל.יצור ושיווקתבלינים בעמ,,,"י""ח",80,ל  גרם,false,1,5.90,7.38,false,1,
7290010003778,false,תיבול לגריל שקית 80ג,א.ל.יצור ושיווקתבלינים בעמ,,,"י""ח",80,ל  גרם,false,1,5.90,7.38,false,1,
7290010003792,false,מלח לימון שקית 100ג,א.ל.יצור ושיווקתבלינים בעמ,,,"י""ח",100,ל  גרם,false,1,5.90,5.90,false,1,
7290010003808,false,זעתר ושומשום שקית 80ג,א.ל.יצור ושיווקתבלינים בעמ,,,"י""ח",80,ל  גרם,false,1,5.90,7.38,false,1,
7290010003822,false,פפריקה חריפה שקית 80ג,א.ל.יצור ושיווקתבלינים בעמ,,,"י""ח",80,ל  גרם,false,1,5.90,7.38,false,1,
7290010003839,false,קינמון טחון  שקית 80ג,א.ל.יצור ושיווקתבלינים בעמ,,,"י""ח",80,ל  גרם,false,1,5.90,7.38,false,1,
7290010003846,false,אורגנו שקית 20ג,א.ל.יצור ושיווקתבלינים בעמ,,,"י""ח",20,ל  גרם,false,1,5.90,29.50,false,1,
7290010003990,false,פטרוזיליה שקית 20ג,א.ל.יצור ושיווקתבלינים בעמ,,,"י""ח",20,ל  גרם,false,1,5.90,29.50,false,1,
7290010004348,false,פפריקה מתוקה 250ג.,א.ל.יצור ושיווקתבלינים בעמ,,,"י""ח",250,ל  גרם,false,1,19.90,7.96,false,1,
7290010023141,false,חליטת  לימונענע גן קסום,תה ויסוצקי (ישראל)בעמ,,,"י""ח",50,ל  גרם,false,1,17.90,35.80,true,1,
7290010051373,false,לבבות חסה,ביכורי השדה צפון 1994 ג.ד. בעמ,,,"י""ח",300,ל  גרם,false,1,9.90,3.30,false,1,
7290010059155,false,לבבות חסה,ביכורי השדה צפון 1994 ג.ד. בעמ,,,"י""ח",1,,false,1,9.90,9.90,false,1,
7290010065295,false,פרינוק מחית 130 גרם,גורי מוצרי צריכה בעמ,,,"י""ח",130,ל  גרם,false,1,5.50,4.23,false,1,
7290010065301,false,פרינוק מחית 130 גרם,גורי מוצרי צריכה בעמ,,,"י""ח",130,ל  גרם,false,1,5.50,4.23,false,1,
7290010065332,false,פרינוק 190 גרם תפוח עץ/בננה,גורי מוצרי צריכה בעמ,,,"י""ח",760,ל  גרם,false,1,5.90,0.78,true,1,
7290010065349,false,פרינוק 190 גרם סלט פירות,גורי מוצרי צריכה בעמ,,,"י""ח",190,ל  גרם,false,1,5.90,3.11,true,1,
7290010065745,false,ג וניור לפתן פירות,גורי מוצרי צריכה בעמ,,,"י""ח",190,ל  גרם,false,1,5.90,3.11,true,1,
7290010066001,false,נתחי טונה פילטונה 960גרם בשמן,תעשיות פילטונה בעמ,,,"י""ח",960,ל  גרם,false,1,34.90,3.64,false,1,
7290010066087,false,פילטונה בשמן זית 160 ג`,תעשיות פילטונה בעמ,,,"י""ח",160,ל  גרם,false,1,6.90,4.31,false,1,
7290010066513,false,טונה 4  יח`בשמן צמחי פילטונה 160 ג`,תעשיות פילטונה בעמ,,,"י""ח",640,ל  גרם,false,1,22.90,3.58,false,1,
7290010066520,false,טונה בודד בשמן קנולה,תעשיות פילטונה בעמ,,,"י""ח",160,ל  גרם,false,1,6.50,4.06,false,1,
7290010066575,false,טונה 4 יחי מים פילטונה 160 ג`,תעשיות פילטונה בעמ,,,"י""ח",640,ל  גרם,false,1,22.90,3.58,false,1,
7290010066582,false,טונה 4 יחי קנולה פילטונה 160 ג`,תעשיות פילטונה בעמ,,,"י""ח",640,ל  גרם,false,1,22.90,3.58,false,1,
7290010066599,false,טונה 4  יח`בשמן זית פילטונה 160 ג`,תעשיות פילטונה בעמ,,,"י""ח",640,ל  גרם,false,1,27.90,4.36,false,1,
7290010117864,false,דוריטוס חריף אש 70 גרם,שטראוס פריטו ליי בעמ,,,"י""ח",70,ל  גרם,false,1,3.90,5.57,true,1,
7290010118328,false,מארז תפוציפס   {40X6(+אקס טבעי 3,שטראוס פריטו ליי בעמ,,,"י""ח",240,ל  גרם,false,1,13.90,5.79,true,1,
7290010129003,false,עוגיות אוזניות 600 ג,שיבולים ייצור ושיווק מאפה בעמ,,,"י""ח",600,ל  גרם,false,1,19.90,3.32,false,1,
7290010129010,false,.עוגיות כתר ריבה 600 גרם,שיבולים ייצור ושיווק מאפה בעמ,,,"י""ח",600,ל  גרם,false,1,19.90,3.32,false,1,
7290010129034,false,עוגיות שוקו צ יפס 600 ג,שיבולים ייצור ושיווק מאפה בעמ,,,"י""ח",600,ל  גרם,false,1,19.90,3.32,false,1,
7290010129300,false,עוגיות רייף 350ג מאפים של אדל,שיבולים ייצור ושיווק מאפה בעמ,,,"י""ח",350,ל  גרם,false,1,16.90,4.83,false,1,
7290010129324,false,עוגיות מעמול 600 ג,שיבולים ייצור ושיווק מאפה בעמ,,,"י""ח",600,ל  גרם,false,1,19.90,3.32,false,1,
7290010129720,false,עוגיות רוגלך קינמון  400ג.,שיבולים ייצור ושיווק מאפה בעמ,,,"י""ח",400,ל  גרם,false,1,13.90,3.48,true,1,
7290010129942,false,עוגת קראנץ טעם שוקולד 500ג.,שיבולים ייצור ושיווק מאפה בעמ,,,"י""ח",500,ל  גרם,false,1,14.90,2.98,false,1,
7290010153503,false,שעועית אקסטרא  מיה,מיה תעשיות מזון מ.ת.מ בעמ,,,"י""ח",400,ל  גרם,false,1,7.90,1.98,false,1,
7290010153510,false,בורגול 500 גרם,מיה תעשיות מזון מ.ת.מ בעמ,,,"י""ח",500,ל  גרם,false,1,3.90,0.78,false,1,
7290010153534,false,קמח תירס 400 גרם,מיה תעשיות מזון מ.ת.מ בעמ,,,"י""ח",400,ל  גרם,false,1,6,1.50,false,1,
7290010153770,false,ציפוי לשניצל פיקנטי 500 ג`,מיה תעשיות מזון מ.ת.מ בעמ,,,"י""ח",500,ל  גרם,false,1,12.90,2.58,false,1,
7290010153787,false,ציפוי לשניצל עם שום 500 ג`,מיה תעשיות מזון מ.ת.מ בעמ,,,"י""ח",500,ל  גרם,false,1,12.90,2.58,false,1,
7290010153794,false,ציפוי לשניצל עשבי תיבול 500 ג`,מיה תעשיות מזון מ.ת.מ בעמ,,,"י""ח",500,ל  גרם,false,1,12.90,2.58,false,1,
7290010153800,false,ציפוי לשניצל תיבול עדין 500 ג`,מיה תעשיות מזון מ.ת.מ בעמ,,,"י""ח",500,ל  גרם,false,1,12.90,2.58,false,1,
7290010153817,false,ריבת חלב 300 גרם מיה,מיה תעשיות מזון מ.ת.מ בעמ,,,"י""ח",300,ל  גרם,false,1,13.90,4.63,true,1,
7290010154005,false,סחוג תימני 250 גרם,נטו מלינדה סחר בעמ,,,"י""ח",250,ל  גרם,false,1,15.90,6.36,false,1,
7290010154012,false,לימון כבוש יוחאי ביטון 250 גרם,נטו מלינדה סחר בעמ,,,"י""ח",250,ל  גרם,false,1,15.90,6.36,false,1,
7290010154029,false,אריסה מתוקה ביטון 250ג,נטו מלינדה סחר בעמ,,,"י""ח",250,ל  גרם,false,1,15.90,6.36,false,1,
7290010154050,false,ממרח שיפקה כבוש ביטון,נטו מלינדה סחר בעמ,,,"י""ח",250,ל  גרם,false,1,15.90,6.36,false,1,
7290010154265,false,פלפל צ ומה 250 גרם,נטו מלינדה סחר בעמ,,,"י""ח",250,ל  גרם,false,1,15.90,6.36,false,1,
7290010154555,false,ממרח לימון כבוש 235ג,נטו מלינדה סחר בעמ,,,"י""ח",235,ל  גרם,false,1,15.90,6.77,false,1,
7290010154685,false,שום כתוש 250ג,נטו מלינדה סחר בעמ,,,"י""ח",250,ל  גרם,false,1,15.90,6.36,false,1,
7290010173037,false,יין גליל רוזה,היכל היין שקד גולן בעמ,,,"י""ח",750,"ל  מ""ל",false,1,38.90,5.15,true,1,
7290010173044,false,יין גליל מרלו,היכל היין שקד גולן בעמ,,,"י""ח",750,"ל  מ""ל",false,1,38.90,5.15,true,1,
7290010173334,false,יין גליל שיראז,היכל היין שקד גולן בעמ,,,"י""ח",750,ל  גרם,false,1,38.90,5.15,true,1,
7290010192120,false,צנונית ארוזה,ביכורי השדה צפון 1994 ג.ד. בעמ,,,"י""ח",1,,false,1,6.90,6.90,false,1,
7290010195268,false,פופ קורן טבעי למיקרוגל,דנשר (1963) בעמ,,,"י""ח",500,ל  גרם,false,1,13.80,2.76,true,1,
7290010237593,false,נשר מאלט {330 פקדון},טמפו משקאות בעמ,,,"י""ח",330,"ל  מ""ל",false,1,5,1.42,false,1,
7290010237685,false,"היינקן בירה 330 מ""ל",טמפו משקאות בעמ,,,"י""ח",330,"ל  מ""ל",false,1,8.90,2.61,false,1,
7290010237784,false,"שנדי(מכבי)שישייה    לימון 330מ""ל.",טמפו משקאות בעמ,,,"י""ח",1.98,ליטר,false,1,35.90,17.22,true,1,
7290010237890,false,"הייניקן 500  מ""ל(חוזר{",טמפו משקאות בעמ,,,"י""ח",500,"ל  מ""ל",false,1,8.90,1.54,false,1,
7290010259359,false,נודלס אטריות ביצים 200 ג,ג.וילי פוד אינטרנשיונל בעמ,,,"י""ח",200,ל  גרם,false,1,4.90,2.45,false,1,
7290010259366,false,נודלס אטריות מסולסל 200 ג,ג.וילי פוד אינטרנשיונל בעמ,,,"י""ח",200,ל  גרם,false,1,4.90,2.45,false,1,
7290010259830,false,מנת השף נודלס בטעם סיני-פיקנטי,ג.וילי פוד אינטרנשיונל בעמ,,,"י""ח",70,ל  גרם,false,1,5.90,8.43,true,1,
7290010259861,false,מנת השף מרק עם נודלס בטעם ירקות,ג.וילי פוד אינטרנשיונל בעמ,,,"י""ח",70,ל  גרם,false,1,5.90,8.43,true,1,
7290010259991,false,צנימים 250 גרם,ג.וילי פוד אינטרנשיונל בעמ,,,"י""ח",250,ל  גרם,false,1,8.50,3.40,true,1,
7290010278916,false,שקית 10 מודפס,שמחה זה אנחנו,,,"י""ח",1,,false,1,8.90,8.90,false,1,
7290010300594,false,ג לטין בקופסא נאמן,נאמן לאורך זמן בעמ,,,"י""ח",28,ל  גרם,false,1,10.90,38.93,true,1,
7290010300747,false,קיסמי דנטליים 200יח,נאמן לאורך זמן בעמ,,,"י""ח",1,,false,1,10.90,10.90,false,1,
7290010300860,false,אציטון 100 גר,נאמן לאורך זמן בעמ,,,"י""ח",100,"ל  מ""ל",false,1,3.90,3.90,false,1,
7290010300914,false,גביעים לעוגה מס5,נאמן לאורך זמן בעמ,,,"י""ח",1,"י""ח",false,1,6.90,6.90,false,1,
7290010328093,false,ממרח חלווה 400 גרם,אחדות בעמ,,,"י""ח",400,ל  גרם,false,1,10.70,2.68,false,1,
7290010328178,false,חלווה מסולסלת 250 גרם,אחדות בעמ,,,"י""ח",250,ל  גרם,false,1,9.90,3.96,false,1,
7290010328246,false,טחינה  אחווה שומשום מלא 500 ג`,אחדות בעמ,,,"י""ח",500,ל  גרם,false,1,9.90,1.98,false,1,
7290010328253,false,טחינה גולמית אחווה 500גר,אחדות בעמ,,,"י""ח",500,ל  גרם,false,1,9.90,1.98,false,1,
7290010328345,false,חלבה 50גרם אחוה,אחדות בעמ,,,"י""ח",50,ל  גרם,false,1,1.50,3,false,1,
7290010328468,false,חטיף מיני  חלבה  18יח,אחדות בעמ,,,"י""ח",18,"י""ח",false,1,9.90,0.55,false,1,
7290010328505,false,חטיף מיני  חלבה  ללא סוכר 12יח,אחדות בעמ,,,"י""ח",12,"י""ח",false,1,9.90,0.83,false,1,
7290010328680,false,עוגת אחוה שוקולד עם שוקוציפס 450ג,אחדות בעמ,,,"י""ח",450,ל  גרם,false,1,9.90,2.20,false,1,
7290010328710,false,"קצפיות במגש 180גר אחווה כשל""פ",אחדות בעמ,,,"י""ח",180,ל  גרם,false,1,9.90,5.50,false,1,
7290010328727,false,ממרח טחינה עם שוקולד 400ג,אחדות בעמ,,,"י""ח",400,ל  גרם,false,1,11.90,2.98,false,1,
7290010328734,false,ממרח טחינה עם סילאן 400ג,אחדות בעמ,,,"י""ח",400,ל  גרם,false,1,11.90,2.98,false,1,
7290010328765,false,חטיף חלווה שוקו וניל 50ג,אחדות בעמ,,,"י""ח",50,ל  גרם,false,1,1.50,3,false,1,
7290010328819,false,ממרח טחינה עם שוקולד ללא סוכר 400ג,אחדות בעמ,,,"י""ח",400,ל  גרם,false,1,9.90,2.48,false,1,
7290010429684,false,"מארז 2 דבשים 350 ג כשל""פ.",שטראוס גרופ בעמ,,,"י""ח",700,ל  גרם,false,1,35.90,5.13,true,1,
7290010471669,false,דנונה קראנצי יוגורט תות עם קורנפלקס,שטראוס גרופ ***בעמ,,,"י""ח",175,"ל  מ""ל",false,1,4.40,2.51,true,1,
7290010472307,false,גמדים לשתייה תות בננה 8,שטראוס גרופ ***בעמ,,,"י""ח",800,"ל  מ""ל",false,1,19.90,2.49,true,1,
7290010472390,false,"מארז שמינייה דני שוקולד רובין כשל""פ",שטראוס גרופ ***בעמ,,,"י""ח",1,ליטר,false,1,16.90,16.90,true,1,
7290010513703,false,4079400330129צ`ופסטיקס צפצפה 20 יח,מזרח ומערב יבוא ושיווק,,,"י""ח",20,"י""ח",false,1,7.90,0.40,false,1,
7290010513727,false,פנקו פרורי לחם וומטרי 200גרם,מזרח ומערב יבוא ושיווק,,,"י""ח",200,ל  גרם,false,1,9.90,4.95,false,1,
7290010548514,false,דורות  תיבול לבישול איטלקי,קבוצת אוסם סחר-שות.מוגבלת,,,"י""ח",70,ל  גרם,false,1,9.90,14.14,false,1,
7290010558001,false,ממרח לימון,עוזי טעמים של בית,,,"י""ח",1,,false,1,16.90,16.90,false,1,
7290010558087,false,אריסה 200 גרם,עוזי טעמים של בית,,,"י""ח",1,,false,1,14.90,14.90,false,1,
7290010558094,false,"אריסה 1 ק""ג",עוזי טעמים של בית,,,"י""ח",1,,false,1,34.90,34.90,false,1,
7290010558889,false,שום כתוש 200 גרם,עוזי טעמים של בית,,,"י""ח",200,ל  גרם,false,1,13.90,6.95,false,1,
7290010558902,false,אריסה חריפה מאוד עוזי 200 גרם,עוזי טעמים של בית,,,"י""ח",1,,false,1,14.90,14.90,false,1,
7290010609550,false,טרופי קש  20 יח בקופסא,דודו הדיל בעמ,,,"י""ח",20,"י""ח",false,1,24.90,1.25,false,1,
7290010609734,false,אייס לי שלוקים שמינייה..,דודו הדיל בעמ,,,"י""ח",8,"י""ח",false,1,5.90,0.74,true,1,
7290010609871,false,מארז טרופיקס 18 יח,דודו הדיל בעמ,,,"י""ח",40,"י""ח",false,1,17.90,0.45,false,1,
7290010613021,false,"ג`ל ניקוי אסלות בתוספת חטמץ 750מ""ל טאצ",סאסאטק אגשח בעמ,,,"י""ח",750,"ל  מ""ל",false,1,10.90,1.45,false,1,
7290010613052,false,רצפות מרוכז בניחוח מ.כביסה סגול 2ל טאצ,סאסאטק אגשח בעמ,,,"י""ח",2,ליטר,false,1,17.90,8.95,true,1,
7290010613083,false,רצפות מרוכז בניחוח מ.כביסה צהוב 2ל טאצ,סאסאטק אגשח בעמ,,,"י""ח",2,ליטר,false,1,17.90,8.95,true,1,
7290010613519,false,דלי מטליות לנ.וחיטוי בנ.מלון בוטיק טאצ,סאסאטק אגשח בעמ,,,"י""ח",1,,false,1,22.90,22.90,false,1,
7290010613526,false,מטליות לנ.וחיטו בתוספת חומץ דלי טאצ 250,סאסאטק אגשח בעמ,,,"י""ח",2.50,"י""ח",false,1,17.90,7.16,true,1,
7290010613540,false,מטליות בדלי לנ.רצפות בנ.מלון בוטיק טאצ,סאסאטק אגשח בעמ,,,"י""ח",1,"י""ח",false,1,27.90,27.90,false,1,
7290010613984,false,טאצ מטליות רצפה חד פעמי ורד פראי 10יח,סאסאטק אגשח בעמ,,,"י""ח",10,"י""ח",false,1,11.90,1.19,true,1,
7290010613991,false,טאצ מטליות רצפה חד פעמי מרכך שחור 10יח,סאסאטק אגשח בעמ,,,"י""ח",10,"י""ח",false,1,11.90,1.19,true,1,
7290010627004,false,טחינה ירושלים 500 גר,תה ויסוצקי (ישראל)בעמ,,,"י""ח",500,ל  גרם,false,1,16.90,3.38,true,1,
7290010627844,false,טחינה ירושלים 500 מלא,תה ויסוצקי (ישראל)בעמ,,,"י""ח",500,ל  גרם,false,1,16.90,3.38,true,1,
7290010632787,false,צמרוני אוזניים מעץ 300,אינטרסן (1996) בעמ,,,"י""ח",300,"י""ח",false,1,3.50,0.01,false,1,
7290010650019,false,אנדיב/עולש,ביכורי השדה צפון 1994 ג.ד. בעמ,,,"י""ח",1,,false,1,13.90,13.90,false,1,
7290010656592,false,תירוש אדום 100% טהור,יקבי טפרברג 1870 בעמ,,,"י""ח",1,ליטר,false,1,19.90,19.90,true,1,
7290010676125,false,בשר מס  }8 שריר{,פאר הבשר והעוף בעמ,,,"ק""ג",1,,true,1,27,27,false,1,
7290010718023,false,קרם גוף איזבלה גדול,פנינה רוזנבלום בעמ,,,"י""ח",400,"ל  מ""ל",false,1,20.90,5.23,false,1,
7290010718627,false,סבון נוזלי ירוק פנינה 1 ליטר,פנינה רוזנבלום בעמ,,,"י""ח",1,ליטר,false,1,10.90,10.90,true,1,
7290010718634,false,סבון נוזלי לבן פנינה 1 ליטר,פנינה רוזנבלום בעמ,,,"י""ח",1,ליטר,false,1,10.90,10.90,true,1,
7290010719051,false,"שמן זית אחיה 250מ""ל",ח.כהן סוכנות מזון ומשקאות בע,,,"י""ח",250,"ל  מ""ל",false,1,19.90,7.96,false,1,
7290010748860,false,אפקטיב קרם ידיים פישר,פישר תעשיות פרמבצטיות בעמ,,,"י""ח",150,"ל  מ""ל",false,1,16.90,11.27,true,1,
7290010748884,false,אפקטיב קרם גוף עור יבש,פישר תעשיות פרמבצטיות בעמ,,,"י""ח",700,"ל  מ""ל",false,1,29.90,4.27,true,1,
7290010766956,false,ממרח פלפלים קלויים,תה ויסוצקי (ישראל)בעמ,,,"י""ח",1,,false,1,13.90,13.90,true,1,
7290010777150,false,פיתות בריבוע חיטה 8יח,גיא מאפים שיווק טוב בעמ,,,"י""ח",1,,false,1,14.90,14.90,false,1,
7290010777242,false,פיתות 10יח  מארז תימניות.,גיא מאפים שיווק טוב בעמ,,,"י""ח",1,,false,1,15.90,15.90,false,1,
7290010777297,false,פיתות 10יח  מארז(עבודת  יד),גיא מאפים שיווק טוב בעמ,,,"י""ח",1,,false,1,12.90,12.90,false,1,
7290010777358,false,מארז פיתה כוסמין ללא סוכר (8 יח),גיא מאפים שיווק טוב בעמ,,,"י""ח",1,,false,1,15.90,15.90,false,1,
7290010777488,false,מארז פיתה קמח מלא (8 יח).,גיא מאפים שיווק טוב בעמ,,,"י""ח",1,,false,1,15.90,15.90,false,1,
7290010777525,false,מארז פיתות כוסמין מלא,גיא מאפים שיווק טוב בעמ,,,"י""ח",1,,false,1,16.90,16.90,false,1,
7290010791538,false,מעדן עוף גורמה,דיפלומט מפיצים (1968) בעמ**,,,"י""ח",85,ל  גרם,false,1,5.90,6.94,false,1,
7290010791545,false,מעדן פטה כבד עוף,דיפלומט מפיצים (1968) בעמ**,,,"י""ח",85,ל  גרם,false,1,5.90,6.94,false,1,
7290010791576,false,מעדן דגי אוקיינוס,דיפלומט מפיצים (1968) בעמ**,,,"י""ח",85,ל  גרם,false,1,5.90,6.94,false,1,
7290010791583,false,מעדן דגי אוקינוס,דיפלומט מפיצים (1968) בעמ**,,,"י""ח",85,ל  גרם,false,1,5.90,6.94,false,1,
7290010814244,false,שוקולד שלישיות מריר 3*85גר,כרמית תעשיות ממתקים בעמ,,,"י""ח",255,ל  גרם,false,1,11.90,4.67,true,1,
7290010814695,false,שוקולד פרמיום מריר ללס 85ג,כרמית תעשיות ממתקים בעמ,,,"י""ח",85,ל  גרם,false,1,6.90,8.12,true,1,
7290010814701,false,שוקולד פרמיום חלב ללס 85ג,כרמית תעשיות ממתקים בעמ,,,"י""ח",85,ל  גרם,false,1,6.90,8.12,true,1,
7290010838219,false,מרמולייט  סטיביה 100שקיות,דנשר (1963) בעמ,,,"י""ח",100,"י""ח",false,1,25.90,0.26,false,1,
7290010883042,false,"סנובון נוזלי רענן 750 מ""ל",החב הדרומית לשיווק,,,"י""ח",750,"ל  מ""ל",false,1,10.90,1.45,false,1,
7290010883059,false,מברשת שיניים בוב ספוג חשמלית,החב הדרומית לשיווק,,,"י""ח",1,"י""ח",false,1,30.90,30.90,false,1,
7290010883356,false,כפפות אלוורה L,החב הדרומית לשיווק,,,"י""ח",1,,false,1,10.90,10.90,false,1,
7290010883363,false,כפפות אלוורה S,החב הדרומית לשיווק,,,"י""ח",1,,false,1,10.90,10.90,false,1,
7290010883370,false,כפפות אלוורה M,החב הדרומית לשיווק,,,"י""ח",1,,false,1,10.90,10.90,false,1,
7290010922871,false,"טחון בקר  1ק""ג אשפר",בלדי בעמ,,,"י""ח",1,"ק""ג",false,1,36.90,36.90,true,1,
7290010922918,false,מינוט סטייק 250גר ארוז אשפר,בלדי בעמ,,,"י""ח",250,ל  גרם,false,1,36.90,14.76,false,1,
7290010931330,false,סלט מטבוחה 500 גרם אחלה,שטראוס גרופ ***בעמ,,,"י""ח",500,ל  גרם,false,1,14.90,2.98,true,1,
7290010945146,false,קוטג  3% מועשר טרה,*החברה המרכזית להפצת משקאותבעמ,,,"י""ח",250,ל  גרם,false,1,6,2.40,true,1,
7290010945306,false,חלב טרה קרטון 2 ליטר   מהדרין*%*3,*החברה המרכזית להפצת משקאותבעמ,,,"י""ח",2,ליטר,false,1,12.46,6.23,false,1,
7290010945450,false,גבינה לבנה 3% 250  ג*,*החברה המרכזית להפצת משקאותבעמ,,,"י""ח",250,ל  גרם,false,1,4.98,1.99,false,1,
7290010945481,false,גבינה לבנה 5% מהדרין 500  *,*החברה המרכזית להפצת משקאותבעמ,,,"י""ח",500,ל  גרם,false,1,9.96,1.99,true,1,
7290011017866,false,פחית קוקה קולה סליק,החברה המרכזית להפצת משקאות בעמ,,,"י""ח",330,"ל  מ""ל",false,1,4.50,1.27,true,1,
7290011017873,false,פחית קוקה קולה זירו  סליק,החברה המרכזית להפצת משקאות בעמ,,,"י""ח",330,"ל  מ""ל",false,1,4.50,1.27,true,1,
7290011018184,false,תה אפרסק 0.5 ליטר FUZE-T,החברה המרכזית להפצת משקאות בעמ,,,"י""ח",500,"ל  מ""ל",false,1,6.20,1.18,true,1,
7290011026066,false,סרקל שמפו ומעצב  1 ליטר,פישר תעשיות פרמבצטיות בעמ,,,"י""ח",1,ליטר,false,1,29.90,29.90,false,1,
7290011026301,false,שמפו לשיער כסוף,פישר תעשיות פרמבצטיות בעמ,,,"י""ח",1,,false,1,21.90,21.90,false,1,
7290011026523,false,"ד""ר פישר קמיל בלו 500 מ""ל",פישר תעשיות פרמבצטיות בעמ,,,"י""ח",500,"ל  מ""ל",false,1,20.90,4.18,false,1,
7290011026530,false,"ד""ר פישר קמיל בלו 500 מ""ל",פישר תעשיות פרמבצטיות בעמ,,,"י""ח",500,"ל  מ""ל",false,1,20.90,4.18,false,1,
7290011064075,false,לבנה אבו גוש 200גר,גבינות עמיר ניצן בעמ,,,"י""ח",200,ל  גרם,false,1,13.90,6.95,false,1,
7290011064099,false,טאפס שכונתי 125גרם,גבינות עמיר ניצן בעמ,,,"י""ח",125,ל  גרם,false,1,17.90,14.32,false,1,
7290011065423,false,מלח ים מטחנה 130גר,א.ל.יצור ושיווקתבלינים בעמ,,,"י""ח",130,ל  גרם,false,1,17.90,13.77,false,1,
7290011065430,false,צ`ילי מטחנה 50גר,א.ל.יצור ושיווקתבלינים בעמ,,,"י""ח",50,ל  גרם,false,1,17.90,35.80,false,1,
7290011081690,false,קרמיסימו פרווה מייפל,גלידות שטראוס בעמ,,,"י""ח",1.33,ליטר,false,1,18.90,14.21,false,1,
7290011115166,false,תחליב רחצה נקה7 לבנדר 1 ליטר,החב הדרומית לשיווק,,,"י""ח",1,ליטר,false,1,12.90,12.90,false,1,
7290011115203,false,סבון רביעיה לילך,החב הדרומית לשיווק,,,"י""ח",400,ל  גרם,false,1,10.90,2.73,false,1,
7290011115401,false,נקה  -AROMA7סבון מוצק*4,החב הדרומית לשיווק,,,"י""ח",400,ל  גרם,false,1,10.90,2.73,false,1,
7290011126209,false,חליטת תפוח וקינמון גן קסום,תה ויסוצקי (ישראל)בעמ,,,"י""ח",55,ל  גרם,false,1,17.90,32.55,true,1,
7290011126452,false,חליטת קמומיל ונענע גן קסום,תה ויסוצקי (ישראל)בעמ,,,"י""ח",37.50,ל  גרם,false,1,17.90,47.73,true,1,
7290011126469,false,חליטת קמומיל ודבש גן קסום,תה ויסוצקי (ישראל)בעמ,,,"י""ח",37.50,ל  גרם,false,1,17.90,47.73,true,1,
7290011131371,false,"מיזלי 1 ק""ג שקדים",מ.סידס ובנו בעמ,,,"י""ח",1,"ק""ג",false,1,27.90,27.90,true,1,
7290011132583,false,"פפסי מקס 500מ""ל שישייה",טמפו משקאות בעמ,,,"י""ח",3,ליטר,false,1,21.90,6.70,true,1,
7290011133375,false,"שנדי(מכבי)שישיות טעם אפרסק 330מ""ל",טמפו משקאות בעמ,,,"י""ח",330,"ל  מ""ל",false,1,35.90,10.33,true,1,
7290011142001,false,"לחם""דואט"" 550גר",מאפיית דואט בעמ,,,"י""ח",550,ל  גרם,false,1,11.90,2.16,false,1,
7290011142025,false,לחם שיפון כפרי 600גר,מאפיית דואט בעמ,,,"י""ח",600,ל  גרם,false,1,12.90,2.15,false,1,
7290011142032,false,לחם שיפון ביתי 630גר,מאפיית דואט בעמ,,,"י""ח",630,ל  גרם,false,1,12.90,2.05,false,1,
7290011142049,false,לחם דגנים 630גר,מאפיית דואט בעמ,,,"י""ח",630,ל  גרם,false,1,11.90,1.89,false,1,
7290011142148,false,לחמים/לחמניות 450גר,מאפיית דואט בעמ,,,"י""ח",700,ל  גרם,false,1,12.90,1.84,false,1,
7290011142193,false,לחמניות מתוקות 400גר,מאפיית דואט בעמ,,,"י""ח",700,ל  גרם,false,1,12.90,1.84,false,1,
7290011142315,false,לחם מרוקאי מסורתי(פרנה),מאפיית דואט בעמ,,,"י""ח",700,ל  גרם,false,1,14.50,2.07,false,1,
7290011142322,false,10 פיתות  במארז( דואט),מאפיית דואט בעמ,,,"י""ח",700,ל  גרם,false,1,13.90,1.99,false,1,
7290011142407,false,"לחם שבע דגנים 1.1ק""ג",מאפיית דואט בעמ,,,"י""ח",1.10,"ק""ג",false,1,18.90,17.18,false,1,
7290011142445,false,לחם כוסמין,מאפיית דואט בעמ,,,"י""ח",1,"ק""ג",false,1,17.90,17.90,false,1,
7290011142551,false,לחם לבן 750גר,מאפיית דואט בעמ,,,"י""ח",750,ל  גרם,false,1,15.90,2.12,false,1,
7290011142650,false,לחם שיפון 100% 900גר,מאפיית דואט בעמ,,,"י""ח",900,ל  גרם,false,1,17.90,1.99,false,1,
7290011148812,false,צנונית,רגבים עלים ירוקים בעמ,,,"י""ח",1,,false,1,6.90,6.90,false,1,
7290011154134,false,סילאן דבש תמרים 900גר`,ח.כהן סוכנות מזון ומשקאות בע,,,"י""ח",900,ל  גרם,false,1,15.90,1.77,false,1,
7290011180157,false,פלפל חריף,ביכורי השדה צפון 1994 ג.ד. בעמ,,,"י""ח",1,,false,1,4,4,false,1,
7290011194215,false,דניאלה בננה,שטראוס גרופ ***בעמ,,,"י""ח",150,"ל  מ""ל",false,1,3.90,2.60,true,1,
7290011194246,false,קוטג  5% עם סידן שטראוס,שטראוס גרופ ***בעמ,,,"י""ח",250,ל  גרם,false,1,5.90,2.36,true,1,
7290011223038,false,עלים לקרמשניט 300 גרם,דנשר (1963) בעמ,,,"י""ח",400,ל  גרם,false,1,14.90,3.73,false,1,
7290011223243,false,טואלט גק גל לאסלה,דנשר (1963) בעמ,,,"י""ח",55,"ל  מ""ל",false,1,9.90,18,false,1,
7290011236649,false,חטיפי שוקולד צ יפס בלגי 300 גרם,דין שיווק וקליה 2021 בעמ,,,"י""ח",300,ל  גרם,false,1,11.90,3.97,false,1,
7290011239336,false,חלבה ארוז ללא תוספת סוכר 400גר,סוכניות עמוס ממתקים בעמ,,,"י""ח",400,ל  גרם,false,1,24.90,6.23,false,1,
7290011239343,false,חלבה ארוז  400גר,סוכניות עמוס ממתקים בעמ,,,"י""ח",400,ל  גרם,false,1,24.90,6.23,false,1,
7290011239404,false,חטיפים מתוקים טעמים שונים 330גר,סוכניות עמוס ממתקים בעמ,,,"י""ח",330,ל  גרם,false,1,19.90,6.03,false,1,
7290011239657,false,רחת לוקום 500גר,סוכניות עמוס ממתקים בעמ,,,"י""ח",500,ל  גרם,false,1,19.90,3.98,false,1,
7290011249212,false,ופל בטעם לימון 200ג,ח.כהן סוכנות מזון ומשקאות בע,,,"י""ח",200,ל  גרם,false,1,3.90,1.95,true,1,
7290011249250,false,גביעי גלידה  24יח  אמריקה גילרו,ח.כהן סוכנות מזון ומשקאות בע,,,"י""ח",24,"י""ח",false,1,11.90,0.50,false,1,
7290011249748,false,רולים שוקולד  100גרם גילרו,ח.כהן סוכנות מזון ומשקאות בע,,,"י""ח",100,ל  גרם,false,1,3.90,3.90,false,1,
7290011249755,false,רולים אגוזים  100גרם גילרו,ח.כהן סוכנות מזון ומשקאות בע,,,"י""ח",100,ל  גרם,false,1,3.90,3.90,false,1,
7290011254032,false,קינואה 500 גרם,מיה תעשיות מזון מ.ת.מ בעמ,,,"י""ח",500,ל  גרם,false,1,9.90,1.98,false,1,
7290011254070,false,פלפל שחור בשקית,מיה תעשיות מזון מ.ת.מ בעמ,,,"י""ח",80,ל  גרם,false,1,9.40,11.75,false,1,
7290011254087,false,קינמון טחון 80גרם,מיה תעשיות מזון מ.ת.מ בעמ,,,"י""ח",80,ל  גרם,false,1,4.30,5.38,false,1,
7290011254094,false,כמון 80גר,מיה תעשיות מזון מ.ת.מ בעמ,,,"י""ח",80,ל  גרם,false,1,4.30,5.38,false,1,
7290011254100,false,כורכום 80גרם בשקית,מיה תעשיות מזון מ.ת.מ בעמ,,,"י""ח",80,ל  גרם,false,1,5,6.25,false,1,
7290011254117,false,פפריקה מתוקה 80גרם,מיה תעשיות מזון מ.ת.מ בעמ,,,"י""ח",80,ל  גרם,false,1,5,6.25,false,1,
7290011254124,false,פפריקה חריפה 80גרם,מיה תעשיות מזון מ.ת.מ בעמ,,,"י""ח",80,ל  גרם,false,1,4.30,5.38,false,1,
7290011254179,false,גריל עוף שקית חדש,מיה תעשיות מזון מ.ת.מ בעמ,,,"י""ח",80,ל  גרם,false,1,4.10,5.13,false,1,
7290011254186,false,שבבי בצל 50ג  שקית,מיה תעשיות מזון מ.ת.מ בעמ,,,"י""ח",80,ל  גרם,false,1,4.70,5.88,false,1,
7290011254254,false,"שוקולד צ יפס 300 ג  בד""צ מיה",מיה תעשיות מזון מ.ת.מ בעמ,,,"י""ח",300,ל  גרם,false,1,9.90,3.30,false,1,
7290011254483,false,סוכריות ללא סוכר אפרסק,מיה תעשיות מזון מ.ת.מ בעמ,,,"י""ח",1,,false,1,6.50,6.50,true,1,
7290011254490,false,סוכריות ללא סוכר פירות,מיה תעשיות מזון מ.ת.מ בעמ,,,"י""ח",1,,false,1,6.50,6.50,true,1,
7290011254759,false,שעועית שחורה 500גר`,מיה תעשיות מזון מ.ת.מ בעמ,,,"י""ח",500,ל  גרם,false,1,9.90,1.98,false,1,
7290011254773,false,שעועית ארגנטינאית 500גר`,מיה תעשיות מזון מ.ת.מ בעמ,,,"י""ח",500,ל  גרם,false,1,7.90,1.58,false,1,
7290011254964,false,סוכריות ג לי טבעי עשירייה,מיה תעשיות מזון מ.ת.מ בעמ,,,"י""ח",1,,false,1,10.90,10.90,true,1,
7290011276485,false,חסה עגולה,ביכורי השדה צפון 1994 ג.ד. בעמ,,,"י""ח",1,,false,1,6.90,6.90,false,1,
7290011276621,false,שמיר מהדרין,ביכורי השדה צפון 1994 ג.ד. בעמ,,,"י""ח",1,,false,1,6.90,6.90,true,1,
7290011276645,false,כוסברה מהדרין,ביכורי השדה צפון 1994 ג.ד. בעמ,,,"י""ח",1,,false,1,6.90,6.90,true,1,
7290011300975,false,"סבון נוזלי ורוד פרייז 500מ""ל",פנינה רוזנבלום בעמ,,,"י""ח",0.50,ליטר,false,1,6.90,13.80,false,1,
7290011300982,false,"סבון נוזלי כחול אושן  500מ""ל",פנינה רוזנבלום בעמ,,,"י""ח",0.50,ליטר,false,1,6.90,13.80,false,1,
7290011378233,false,מאגדת חטיפי חלבה וניל ללא סוכר,קבוצת אוסם סחר-שות.מוגבלת,,,"י""ח",6,"י""ח",false,1,11.90,1.98,false,1,
7290011378769,false,מאגדת 6יח חטיף חלבה-וניל,קבוצת אוסם סחר-שות.מוגבלת,,,"י""ח",6,"י""ח",false,1,11.90,1.98,false,1,
7290011378776,false,מאגדת 6יח חטיף חלבה-פיסטוק,קבוצת אוסם סחר-שות.מוגבלת,,,"י""ח",6,"י""ח",false,1,11.90,1.98,false,1,
7290011379018,false,פטריות צמד,ביכורי השדה צפון 1994 ג.ד. בעמ,,,"י""ח",1,,false,1,18.90,18.90,false,1,
7290011435226,false,דבש  לחיץ 650גר` יד מרדכי,שטראוס גרופ בעמ,,,"י""ח",650,ל  גרם,false,1,33.90,5.22,true,1,
7290011438142,false,"משקה חלב טעם קפה 350 מ""ל",שטראוס גרופ ***בעמ,,,"י""ח",350,"ל  מ""ל",false,1,6.50,1.86,true,1,
7290011447267,false,מטרנה פרמיום א.חיסכון שלב 1,קבוצת אוסם סחר-שות.מוגבלת,,,"י""ח",700,ל  גרם,false,1,49.90,7.13,false,1,
7290011447304,false,מטרנה פרימיום א.חסכוןשלב 3,קבוצת אוסם סחר-שות.מוגבלת,,,"י""ח",700,ל  גרם,false,1,49.90,7.13,false,1,
7290011447359,false,מטרנה מהדרין חסכונית 1,קבוצת אוסם סחר-שות.מוגבלת,,,"י""ח",700,ל  גרם,false,1,49.90,7.13,false,1,
7290011447373,false,מטרנה מהדרין חיסכון} {2,קבוצת אוסם סחר-שות.מוגבלת,,,"י""ח",700,ל  גרם,false,1,49.90,7.13,false,1,
7290011447748,false,סופר CAT דגי אוקיאנוס,דיפלומט מפיצים (1968) בעמ**,,,"י""ח",3,"ק""ג",false,1,44.90,14.97,false,1,
7290011447908,false,סופר CAT עוף וכבד,דיפלומט מפיצים (1968) בעמ**,,,"י""ח",3,"ק""ג",false,1,44.90,14.97,false,1,
7290011480523,false,נענה כשר יבולי הכפר,ביכורי השדה צפון 1994 ג.ד. בעמ,,,"י""ח",1,,false,1,5.90,5.90,true,1,
7290011480547,false,בצל ירוק כשר יבולי הכפר,ביכורי השדה צפון 1994 ג.ד. בעמ,,,"י""ח",1,,false,1,6.90,6.90,true,1,
7290011488062,false,בצלצלי שאלוט 350גר,ביכורי השדה צפון 1994 ג.ד. בעמ,,,"י""ח",350,ל  גרם,false,1,13.90,3.97,false,1,
7290011489595,false,קרקר טופז שומשום 110גר הדר,ח.כהן סוכנות מזון ומשקאות בע,,,"י""ח",110,ל  גרם,false,1,2.90,2.64,true,1,
7290011499105,false,בולגרית 5% 250 גרם,מחלבות גד,,,"י""ח",250,ל  גרם,false,1,24.90,9.96,false,1,
7290011499112,false,בולגרית 16% 250 גרם,מחלבות גד,,,"י""ח",250,"ס""מ",false,1,24.90,9.96,false,1,
7290011499129,false,בולגרית  קוביות מעודנת 5% 200 ג,מחלבות גד,,,"י""ח",200,ל  גרם,false,1,24.90,12.45,false,1,
7290011499303,false,בולגרית מעודנת עיזים 5% 250 ג,מחלבות גד,,,"י""ח",250,ל  גרם,false,1,29.90,11.96,false,1,
7290011499327,false,בולגרית מעודנת חלב בקר 5%,מחלבות גד,,,"י""ח",250,ל  גרם,false,1,24.90,9.96,false,1,
7290011499365,false,חלומי גד 200גר.,מחלבות גד,,,"י""ח",200,ל  גרם,false,1,23.90,11.95,false,1,
7290011499419,false,קרם שמנת ניו יורק  5%  בטעם טבעי 200גר`,מחלבות גד,,,"י""ח",200,ל  גרם,false,1,11.90,5.95,false,1,
7290011499853,false,גבינת שמנת 30% זיתים 200ג,מחלבות גד,,,"י""ח",200,ל  גרם,false,1,12.90,6.45,false,1,
7290011501617,false,חמוציות ברכז תפוחים ללא סוכר 250גר,דין שיווק וקליה 2021 בעמ,,,"י""ח",250,ל  גרם,false,1,15.90,6.36,false,1,
7290011505806,false,קיסמי שיניים דנטאליים 200 יח`,אינטרסן (1996) בעמ,,,"י""ח",200,"י""ח",false,1,7.90,0.04,false,1,
7290011518561,false,אקטימל מארז משפ  14יח   תות,שטראוס גרופ ***בעמ,,,"י""ח",1.40,ליטר,false,1,29.90,21.36,true,1,
7290011525712,false,קמיל בלו סנסטיב אל סבון,פישר תעשיות פרמבצטיות בעמ,,,"י""ח",1,ליטר,false,1,32.90,32.90,true,1,
7290011593087,false,"שמן זית סבא חביב  750מ""ל",בני פאוזי שמשום (2009) בעמ,,,"י""ח",750,"ל  מ""ל",false,1,29.90,3.99,true,1,
7290011593117,false,זית סורי ירוק מבוקע 800גרם,בני פאוזי שמשום (2009) בעמ,,,"י""ח",800,ל  גרם,false,1,24.90,3.11,false,1,
7290011598211,false,אנטי קאלק כללי 4ב1,החב הדרומית לשיווק,,,"י""ח",700,"ל  מ""ל",false,1,19.90,2.84,false,1,
7290011598402,false,מרכך כביסה מקסימה מאסק  4 ל,החב הדרומית לשיווק,,,"י""ח",4,ליטר,false,1,21.90,5.48,false,1,
7290011607180,false,"קולון 1.250 ק""ג",רקיט בנקיזר (ניר איסט) בעמ,,,"י""ח",1.25,"ק""ג",false,1,14.90,11.92,false,1,
7290011607197,false,"קולון 101- 5 ק""ג",רקיט בנקיזר (ניר איסט) בעמ,,,"י""ח",5,"ק""ג",false,1,39.90,7.98,false,1,
7290011615406,false,בולגריה בקוביות בשמן ותבלינים 325גר`,ג.וילי פוד אינטרנשיונל בעמ,,,"י""ח",325,ל  גרם,false,1,17.90,5.51,false,1,
7290011618025,false,נגיסי אורז לתינוק,דנשר (1963) בעמ,,,"י""ח",50,ל  גרם,false,1,13.90,27.80,false,1,
7290011622428,false,חטיף בריאות לתינוקות כתמטמינים 45גרם,גורי מוצרי צריכה בעמ,,,"י""ח",45,ל  גרם,false,1,6.70,14.89,false,1,
7290011622664,false,כתמטמינים טחינה 45ג,גורי מוצרי צריכה בעמ,,,"י""ח",45,ל  גרם,false,1,5.90,13.11,false,1,
7290011622817,false,חטיף דגנים במילוי קרם בטעם שוקולד 80גר,גורי מוצרי צריכה בעמ,,,"י""ח",80,ל  גרם,false,1,16.40,20.50,false,1,
7290011622824,false,חטיף דגנים במילוי קרם שקדים 80גר,גורי מוצרי צריכה בעמ,,,"י""ח",80,ל  גרם,false,1,16.40,20.50,false,1,
7290011668389,false,קרם ידיים רימונים,פנינה רוזנבלום בעמ,,,"י""ח",1,,false,1,11.90,11.90,false,1,
7290011668419,false,שמפו אובלי יומי פנינה,פנינה רוזנבלום בעמ,,,"י""ח",750,"ל  מ""ל",false,1,12.90,1.72,true,1,
7290011668426,false,מרכך אובלי ליומי פנינה,פנינה רוזנבלום בעמ,,,"י""ח",750,"ל  מ""ל",false,1,12.90,1.72,true,1,
7290011668433,false,שמפו שיאה לשיער צבוע  פנינה,פנינה רוזנבלום בעמ,,,"י""ח",750,"ל  מ""ל",false,1,12.90,1.72,true,1,
7290011668440,false,מרכך שיאה לשיער צבוע פנינה,פנינה רוזנבלום בעמ,,,"י""ח",750,"ל  מ""ל",false,1,12.90,1.72,true,1,
7290011668570,false,גרנולה חגיגת פירות יבשים 500גר`,פנינה רוזנבלום בעמ,,,"י""ח",500,ל  גרם,false,1,25.90,5.18,true,1,
7290011668587,false,גרנולה טעם עשיר 500גר`,פנינה רוזנבלום בעמ,,,"י""ח",500,ל  גרם,false,1,25.90,5.18,true,1,
7290011668594,false,תוספת בריאה לסלט 550גר`,פנינה רוזנבלום בעמ,,,"י""ח",550,ל  גרם,false,1,37.90,6.89,false,1,
7290011695286,false,קיסם הפלא אריזה ורודה 250,נאמן לאורך זמן בעמ,,,"י""ח",1,,false,1,10.90,10.90,false,1,
7290011695651,false,צנימים עגולים 300גר`,נאמן לאורך זמן בעמ,,,"י""ח",300,ל  גרם,false,1,11.90,3.97,false,1,
7290011695958,false,"חומץ תפוחים בד""ץ",נאמן לאורך זמן בעמ,,,"י""ח",1,,false,1,10.90,10.90,false,1,
7290011725013,false,כוסברה  גלאט,ביכורי השדה צפון 1994 ג.ד. בעמ,,,"י""ח",1,,false,1,5.90,5.90,true,1,
7290011765392,false,"שמפו בוב ספוג  750מ""ל",החב הדרומית לשיווק,,,"י""ח",750,"ל  מ""ל",false,1,10.90,1.45,false,1,
7290011765408,false,"שמפו+מרכך כיף בוב ספוג 750 מ""ל",החב הדרומית לשיווק,,,"י""ח",750,"ל  מ""ל",false,1,10.90,1.45,false,1,
7290011765422,false,בוב ספוג אל סבון,החב הדרומית לשיווק,,,"י""ח",750,"ל  מ""ל",false,1,10.90,1.45,false,1,
7290011800840,false,טחינה לבנה 400גר`,קבוצת אוסם סחר-שות.מוגבלת,,,"י""ח",400,ל  גרם,false,1,15.90,3.98,true,1,
7290011870249,false,סוללות  *AAA12 פוגיקום,פוגיקום בעמ,,,"י""ח",1,,false,1,19.90,19.90,true,1,
7290011870270,false,סוללות   *AA12 פוגיקום,פוגיקום בעמ,,,"י""ח",1,,false,1,19.90,19.90,true,1,
7290011877156,false,סנפרש ענק מאסק,החב הדרומית לשיווק,,,"י""ח",375,"ל  מ""ל",false,1,10.90,2.91,false,1,
7290011877859,false,סנו אינסטלטור בקבוקון,החב הדרומית לשיווק,,,"י""ח",200,"ל  מ""ל",false,1,15.90,7.95,false,1,
7290011877866,false,"סנו מקסימה מאסק 6 ק""ג",החב הדרומית לשיווק,,,"י""ח",6,"ק""ג",false,1,49.90,8.32,true,1,
7290011912642,false,"ליסטרין טאגד  500 מ""ל",שקד תבל בעמ,,,"י""ח",500,"ל  מ""ל",false,1,17.90,3.58,true,1,
7290011947309,false,זית סורי מבוקע עם לימון כבוש  220גר,תה ויסוצקי (ישראל)בעמ,,,"י""ח",560,ל  גרם,false,1,14.90,2.66,false,1,
7290011947743,false,מיקס זית ירוק וזית קלמטה 215ג,תה ויסוצקי (ישראל)בעמ,,,"י""ח",215,ל  גרם,false,1,14.90,6.93,false,1,
7290011947781,false,מיקס זית ירוק וקלמטה עם שמן זית  זיתא,תה ויסוצקי (ישראל)בעמ,,,"י""ח",190,ל  גרם,false,1,14.90,7.84,false,1,
7290011947798,false,זית קלמטה ללא גלעין עם שמן זית  זיתא,תה ויסוצקי (ישראל)בעמ,,,"י""ח",190,ל  גרם,false,1,14.90,7.84,false,1,
7290011947866,false,מיקס זיתים בפח 440ג,תה ויסוצקי (ישראל)בעמ,,,"י""ח",440,ל  גרם,false,1,17.90,4.07,true,1,
7290011947873,false,זית קלמטה  בפח 440ג,תה ויסוצקי (ישראל)בעמ,,,"י""ח",440,ל  גרם,false,1,17.90,4.07,true,1,
7290011947903,false,"זית מיקס 215גר זיתא כשל""פ",תה ויסוצקי (ישראל)בעמ,,,"י""ח",215,ל  גרם,false,1,14.90,6.93,false,1,
7290011989200,false,סלק אדום,ביכורי השדה צפון 1994 ג.ד. בעמ,,,"י""ח",1,,false,1,7.90,7.90,false,1,
7290012001994,false,חרדל דיג`ון גרעינים 370  גר`דיפלומט,דיפלומט מפיצים (1968) בעמ**,,,"י""ח",370,ל  גרם,false,1,11.90,3.22,false,1,
7290012022203,false,קליליות חיטה מלאה,דילייט 2005 בעמ,,,"י""ח",140,ל  גרם,false,1,13.50,9.64,false,1,
7290012022227,false,קליליות חיטה טעם טבעי,דילייט 2005 בעמ,,,"י""ח",140,ל  גרם,false,1,11.90,8.50,false,1,
7290012022272,false,קליליות קידס 30גר,דילייט 2005 בעמ,,,"י""ח",30,ל  גרם,false,1,10.90,36.33,false,1,
7290012025822,false,סלק  400 ג אסלי,סלטי שמיר2006בעמ,,,"י""ח",400,ל  גרם,false,1,9.90,2.48,true,1,
7290012025839,false,מטבוחה 400 ג אסלי,סלטי שמיר2006בעמ,,,"י""ח",400,ל  גרם,false,1,10.90,2.73,true,1,
7290012116360,false,פוליווקס 2 ל  גרניט פורצל,החב הדרומית לשיווק,,,"י""ח",2,ליטר,false,1,22.90,11.45,true,1,
7290012116537,false,"#א.כביסה מקסימה מאסק 2.5 ק""ג",החב הדרומית לשיווק,,,"י""ח",2.50,"ק""ג",false,1,26.90,10.76,false,1,
7290012116551,false,אנטי קאלק  4ב 1   2 ליטר,החב הדרומית לשיווק,,,"י""ח",2,ליטר,false,1,20.90,10.45,false,1,
7290012116612,false,אורביטול מברשות שיניים רביעיות,החב הדרומית לשיווק,,,"י""ח",1,,false,1,11.90,11.90,false,1,
7290012116681,false,ק. מן  דאו`ג`ל קלאם 75,החב הדרומית לשיווק,,,"י""ח",7500,"ל  מ""ל",false,1,13.90,0.19,false,1,
7290012117091,false,"סנו מקסימה סנסיטיב 6 ק""ג",החב הדרומית לשיווק,,,"י""ח",6,קוב,false,1,49.90,8.32,true,1,
7290012117275,false,"סנוקליר מילוי 750מ""ל",החב הדרומית לשיווק,,,"י""ח",750,"ל  מ""ל",false,1,5.90,0.79,false,1,
7290012117350,false,ריצפז פרש לילך 2 ליטר,החב הדרומית לשיווק,,,"י""ח",2,מארז,false,1,19.90,9.95,false,1,
7290012117428,false,שמפו וגיל רחצה  קרמה מן  2 ב -1 700מיי,החב הדרומית לשיווק,,,"י""ח",700,"ל  מ""ל",false,1,19.90,2.84,false,1,
7290012117435,false,"גיל רחצה אלוורה 700 מ""ל",החב הדרומית לשיווק,,,"י""ח",700,"ל  מ""ל",false,1,19.90,2.84,false,1,
7290012117534,false,.מרכך מקסימה סופר מרוכז COOL 1 ליטר,החב הדרומית לשיווק,,,"י""ח",1,ליטר,false,1,17.50,17.50,false,1,
7290012117541,false,מרכך מקסימה סופר מרוכז ZEN 1ליטר,החב הדרומית לשיווק,,,"י""ח",1,ליטר,false,1,17.50,17.50,false,1,
7290012117558,false,מרכך מקסימה סופר מרוכז מאסק 1 ליטר,החב הדרומית לשיווק,,,"י""ח",1,ליטר,false,1,17.50,17.50,false,1,
7290012117565,false,סנו סושי כפפות לטקס 100 יח`S,החב הדרומית לשיווק,,,"י""ח",1,,false,1,26.90,26.90,false,1,
7290012117732,false,מקסימה מרכך 4 ליטר שחור,החב הדרומית לשיווק,,,"י""ח",4,ליטר,false,1,21.90,5.48,false,1,
7290012117916,false,סנו אינסטלטור נוזלי 1 ליטר,החב הדרומית לשיווק,,,"י""ח",1,ליטר,false,1,29.90,29.90,false,1,
7290012139482,false,בונזו גוי עצם מעושנת עור עוף 160ג,דיפלומט מפיצים (1968) בעמ**,,,"י""ח",3,"ק""ג",false,1,18.50,6.17,false,1,
7290012139499,false,בונזו גוי עצם מעושנת עור עוף 165ג,דיפלומט מפיצים (1968) בעמ**,,,"י""ח",3,"ק""ג",false,1,18.50,6.17,false,1,
7290012139567,false,בונזו גוי ביסקוויט 90גרם,דיפלומט מפיצים (1968) בעמ**,,,"י""ח",3,"ק""ג",false,1,16.90,5.63,false,1,
7290012187032,false,עוגיות מלוחות,לפ עוגיות בן עטר,,,"י""ח",400,ל  גרם,false,1,15.99,4,false,1,
7290012226021,false,סלמי מעושן פראג 400 ג`,זוגלובק שיווק בעמ,,,"י""ח",400,ל  גרם,false,1,19.90,4.98,true,1,
7290012226120,false,קבנוס 135 ג`,זוגלובק שיווק בעמ,,,"י""ח",135,ל  גרם,false,1,11,8.15,true,1,
7290012226922,false,קבנוס טעם שום 135גרם,זוגלובק שיווק בעמ,,,"י""ח",135,ל  גרם,false,1,11,8.15,true,1,
7290012226939,false,קבנוס טעם צ`ילי 135גרם,זוגלובק שיווק בעמ,,,"י""ח",135,ל  גרם,false,1,11,8.15,true,1,
7290012226991,false,"נקניקיות ג`מבו 1.5 ק""ג",זוגלובק שיווק בעמ,,,"י""ח",1.50,"י""ח",false,1,28.90,19.27,true,1,
7290012227172,false,מארז פסטרמה כפרית חרמון 300גר+300גר,זוגלובק שיווק בעמ,,,"י""ח",600,ל  גרם,false,1,31.90,5.32,true,1,
7290012227325,false,סלמי מעושן איטלקי דק דק דק 120גר`,זוגלובק שיווק בעמ,,,"י""ח",120,ל  גרם,false,1,13.90,11.58,true,1,
7290012227592,false,זוג חברון כפרית ותה 2*350גר מחפוד,זוגלובק שיווק בעמ,,,"י""ח",700,ל  גרם,false,1,33.90,4.84,true,1,
7290012227615,false,נקניקיות עוף 800גר זוגלובק,זוגלובק שיווק בעמ,,,"י""ח",800,ל  גרם,false,1,24.90,3.11,true,1,
7290012227776,false,פסטרמה הודו 400גר מחפוד,זוגלובק שיווק בעמ,,,"י""ח",400,ל  גרם,false,1,20.90,5.23,true,1,
7290012227912,false,קבנוס מעודן 135גר,זוגלובק שיווק בעמ,,,"י""ח",135,ל  גרם,false,1,10.90,8.07,true,1,
7290012227974,false,פסטרמה בדבש  120גר`,זוגלובק שיווק בעמ,,,"י""ח",120,ל  גרם,false,1,13.90,11.58,true,1,
7290012227981,false,פסטרמה ברביקיו 120גר`,זוגלובק שיווק בעמ,,,"י""ח",120,ל  גרם,false,1,13.90,11.58,true,1,
7290012227998,false,חזה בקר 120גר`,זוגלובק שיווק בעמ,,,"י""ח",120,ל  גרם,false,1,13.90,11.58,true,1,
7290012228261,false,נקניקיות הודו פרמיום  310גר,זוגלובק שיווק בעמ,,,"י""ח",310,ל  גרם,false,1,19.90,6.42,false,1,
7290012228407,false,נקניקיות ג`מבו מחפוד 1.5 ק``ג,זוגלובק שיווק בעמ,,,"י""ח",1.50,"ק""ג",false,1,34.90,23.27,true,1,
7290012228766,false,קבנוס מחפוד 120 גר,זוגלובק שיווק בעמ,,,"י""ח",120,ל  גרם,false,1,10.90,9.08,false,1,
7290012245176,false,וופל ציפס קריספי קפוא 700ג,קפוא זן תעשיות מזון בעמ,,,"י""ח",700,ל  גרם,false,1,15.90,2.27,false,1,
7290012245183,false,קריספי קלאסי 10*10 קפוא 700ג,קפוא זן תעשיות מזון בעמ,,,"י""ח",700,ל  גרם,false,1,14.90,2.13,false,1,
7290012245312,false,"גולד ציפס אמריקאי 1.5ק""ג",קפוא זן תעשיות מזון בעמ,,,"י""ח",1.50,"ק""ג",false,1,21.90,14.60,true,1,
7290012245336,false,"גולד סטייק ציפס  1.5ק""ג",קפוא זן תעשיות מזון בעמ,,,"י""ח",1.50,"ק""ג",false,1,21.90,14.60,true,1,
7290012260827,false,שערות קדאיף 500גר G,א.ג בחירה חכמה בעמ,,,"י""ח",500,ל  גרם,false,1,13.90,2.78,false,1,
7290012309311,false,ערמונים 100גר ששון הקולה,דין שיווק וקליה 2021 בעמ,,,"י""ח",1,,false,1,5.90,5.90,false,1,
7290012309939,false,חלבה מסולסלת 500 גר`ששון הקולה,דין שיווק וקליה 2021 בעמ,,,"י""ח",1,,false,1,17.90,17.90,false,1,
7290012313073,false,מיקס זיתים מגולענים 2 A יבנה.,קבוצת יבנה מוצרי מזון בעמ,,,"י""ח",1,,false,1,11.90,11.90,true,1,
7290012313141,false,פרוסות מלפפונים במלח  יבנה,קבוצת יבנה מוצרי מזון בעמ,,,"י""ח",540,ל  גרם,false,1,6.90,1.28,false,1,
7290012313240,false,מיקס זית ירוק וקלמטה A2,קבוצת יבנה מוצרי מזון בעמ,,,"י""ח",560,ל  גרם,false,1,11.50,2.05,false,1,
7290012313394,false,קוביות מלפפון  A2 קבוצת יבנה,קבוצת יבנה מוצרי מזון בעמ,,,"י""ח",100,ל  גרם,false,1,6.20,6.20,false,1,
7290012313400,false,זית סורי מבוקע  215גר יבנה.,קבוצת יבנה מוצרי מזון בעמ,,,"י""ח",215,ל  גרם,false,1,12.90,6,false,1,
7290012313431,false,זית מרוראי יבש  215גר יבנה.,קבוצת יבנה מוצרי מזון בעמ,,,"י""ח",215,ל  גרם,false,1,12.90,6,false,1,
7290012313448,false,זית מתובל  215גר יבנה.,קבוצת יבנה מוצרי מזון בעמ,,,"י""ח",215,ל  גרם,false,1,12.90,6,false,1,
7290012313547,false,זיתים שחורים קלמנטה,קבוצת יבנה מוצרי מזון בעמ,,,"י""ח",560,ל  גרם,false,1,9.90,1.77,false,1,
7290012367908,false,שמן לתינוק אלוורה סנסטיב,פישר תעשיות פרמבצטיות בעמ,,,"י""ח",1,,false,1,17.90,17.90,true,1,
7290012372124,false,"קמח כוסמין  100%  1ק""ג",סופר קמח רובינפלד בעמ,,,"י""ח",1,"ק""ג",false,1,16.90,16.90,false,1,
7290012372247,false,"קמח כוסמין לבן 1ק""ג",סופר קמח רובינפלד בעמ,,,"י""ח",1,"ק""ג",false,1,16.90,16.90,false,1,
7290012404993,false,ספרינג נקטר דיאט חמוציות 1.25,יפאורה שותפות מוגבלת לשיווק,,,"י""ח",1.25,ליטר,false,1,12.90,10.08,true,1,
7290012454172,false,סוכריות ללא סוכר טעם תות יוגורט,מיה תעשיות מזון מ.ת.מ בעמ,,,"י""ח",1,,false,1,6.50,6.50,true,1,
7290012454189,false,סוכריות ללא סוכר טעם אפרסק יוגורט,מיה תעשיות מזון מ.ת.מ בעמ,,,"י""ח",1,,false,1,6.50,6.50,true,1,
7290012483011,false,"פולי סויה קפואים 1 ק""ג",ג.וילי פוד אינטרנשיונל בעמ,,,"ק""ג",1,"ק""ג",false,1,14.90,14.90,false,1,
7290012483608,false,"אורז בסגנון בסמטי מובחר 5ק""ג DAWAT",ג.וילי פוד אינטרנשיונל בעמ,,,"י""ח",5,"ק""ג",false,1,49.90,9.98,false,1,
7290012522581,false,שניצל תירס ללא גלוטן טבעול 664גרם,קבוצת אוסם סחר-שות.מוגבלת,,,"י""ח",664,ל  גרם,false,1,38.90,5.86,true,1,
7290012561405,false,בצל חצי מטוגן,קבוצת אוסם סחר-שות.מוגבלת,,,"י""ח",180,ל  גרם,false,1,11.90,6.61,false,1,
7290012576614,false,יין פרימייר לבן ריזלינג קולומברד,טמפו משקאות בעמ,,,"י""ח",750,"ל  מ""ל",false,1,26.90,3.55,true,1,
7290012645020,false,"יוגורט  עיזים טבעי  500מ""ל",שטראוס גרופ ***בעמ,,,"י""ח",500,"ל  מ""ל",false,1,10,2,true,1,
7290012645112,false,"יוגורט  עיזים 750מ""ל בדלי",שטראוס גרופ ***בעמ,,,"י""ח",750,"ל  מ""ל",false,1,18.90,2.52,true,1,
7290012645129,false,"יוגורט  כבשים 750מ""ל בדלי",שטראוס גרופ ***בעמ,,,"י""ח",750,"ל  מ""ל",false,1,17.90,2.39,true,1,
7290012645389,false,יוגורט עיזים  טבעי 1ל בקבוק,שטראוס גרופ ***בעמ,,,"י""ח",1,ליטר,false,1,21.90,21.90,true,1,
7290012803215,false,וופל בלגי טעם שוקולד 200גרם,דנשר (1963) בעמ,,,"י""ח",200,ל  גרם,false,1,10.50,5.25,false,1,
7290012803222,false,וופל בלגי טעם לימון 200גרם,דנשר (1963) בעמ,,,"י""ח",200,ל  גרם,false,1,10.50,5.25,false,1,
7290012803451,false,טבלאות שוקולד טוסו מריר מעולה 62%  100,דנשר (1963) בעמ,,,"י""ח",100,ל  גרם,false,1,9.90,9.90,false,1,
7290012803772,false,טבלאות שוקולד טוסו  מר`שוקולד חלב 100ג,דנשר (1963) בעמ,,,"י""ח",100,ל  גרם,false,1,9.90,9.90,false,1,
7290012803796,false,טבלאות שוקולד טוסו  מר`שוקולד אגוז 100,דנשר (1963) בעמ,,,"י""ח",100,ל  גרם,false,1,9.90,9.90,false,1,
7290012823251,false,אל סבון כיף 1 ליטר יסמין,החב הדרומית לשיווק,,,"י""ח",1,ליטר,false,1,14.90,14.90,false,1,
7290012823381,false,מרכך כביסה מקסימה 1 ליטר מרוכז,החב הדרומית לשיווק,,,"י""ח",1,ליטר,false,1,17.50,17.50,false,1,
7290012823398,false,מטליות לחות לריצפה ריצפז 10 יחידות,החב הדרומית לשיווק,,,"י""ח",1,,false,1,12.90,12.90,false,1,
7290012823589,false,ריצפז פרש לימון 2 ליטר,החב הדרומית לשיווק,,,"י""ח",2,ליטר,false,1,19.90,9.95,false,1,
7290012823602,false,נייר טואלט סופט לבן 32 גלילים,החב הדרומית לשיווק,,,"י""ח",32,"י""ח",false,1,35.90,1.12,true,1,
7290012823657,false,"מילוי רסס כבס 750מ""ל",החב הדרומית לשיווק,,,"י""ח",750,"ל  מ""ל",false,1,9.90,1.32,false,1,
7290012823916,false,גל כביסה  מקסימה 5ל נואר,החב הדרומית לשיווק,,,"י""ח",5,ליטר,false,1,44.90,8.98,false,1,
7290012838026,false,עוגיות מלוחות עבודת יד 350גר,הלל בן הלל שיווק ומסחר בעמ,,,"י""ח",350,ל  גרם,false,1,15.90,4.54,false,1,
7290012864001,false,נבטי חמניה.,ביכורי השדה צפון 1994 ג.ד. בעמ,,,"י""ח",1,,false,1,9.90,9.90,false,1,
7290012881992,false,נוזל שמשות לרכב מקסוול  4ליטר,סאסאטק אגשח בעמ,,,"י""ח",4,ליטר,false,1,11.90,2.98,false,1,
7290012884986,false,"צ יפס לתנור עד 4% שומן 1.5 ק""ג",קבוצת אוסם סחר-שות.מוגבלת,,,"י""ח",1.50,"ק""ג",false,1,25.90,17.27,false,1,
7290012901355,false,ארוחת איטריות עם גבינה 206גר,מור ים מרקטינג בעמ,,,"י""ח",206,ל  גרם,false,1,11.90,5.78,false,1,
7290012901959,false,ארוחת אטריות עם גבינה מסולסלים 156ג,מור ים מרקטינג בעמ,,,"י""ח",156,ל  גרם,false,1,11.90,7.63,false,1,
7290012936845,false,תבלין לקוסקוס 50גרם,א.ל.יצור ושיווקתבלינים בעמ,,,"י""ח",50,ל  גרם,false,1,11.50,23,false,1,
7290012936852,false,קימל טחון 40 גרם,א.ל.יצור ושיווקתבלינים בעמ,,,"י""ח",40,ל  גרם,false,1,9.50,23.75,false,1,
7290012936890,false,קצח 50גר.,א.ל.יצור ושיווקתבלינים בעמ,,,"י""ח",50,ל  גרם,false,1,11.50,23,false,1,
7290012936937,false,בהרט 40 גרם.,א.ל.יצור ושיווקתבלינים בעמ,,,"י""ח",40,ל  גרם,false,1,11.50,28.75,false,1,
7290012936944,false,אגוז מוסקט טחון 40גר. צנצנת,א.ל.יצור ושיווקתבלינים בעמ,,,"י""ח",50,ל  גרם,false,1,14.50,29,false,1,
7290012938405,false,דיימונד עבה במיוחד,גורי ע.ע.ע. בעמ,,,"י""ח",100,ל  גרם,false,1,16.90,16.90,false,1,
7290012938580,false,"סנסודיין הלבנה עדינה 75מ""ל",גורי ע.ע.ע. בעמ,,,"י""ח",75,ל  גרם,false,1,22.90,30.53,true,1,
7290012938597,false,"סנסודיין רפיד רליף 75 מ""ל",גורי ע.ע.ע. בעמ,,,"י""ח",75,ל  גרם,false,1,25.90,34.53,true,1,
7290012962349,false,נובי מברשת שיניים מעוצבת לילדים,אינטרסן (1996) בעמ,,,"י""ח",1,,false,1,11.90,11.90,true,1,
7290012962448,false,"מדליק פחמים נוזלי 250מ""ל עם פקק ביטחון",אינטרסן (1996) בעמ,,,"י""ח",250,"ל  מ""ל",false,1,9.80,3.92,false,1,
7290012975875,false,כוסות יהלום בנדע שווה  75יח,ח.כהן סוכנות מזון ומשקאות בע,,,"י""ח",1,,false,1,10.90,10.90,true,1,
7290012983160,false,סילאן בקבוק לחיץ 400ג,תה ויסוצקי (ישראל)בעמ,,,"י""ח",400,ל  גרם,false,1,11.90,2.98,false,1,
7290012983610,false,תמרים כבושים  500גר,תה ויסוצקי (ישראל)בעמ,,,"י""ח",500,ל  גרם,false,1,15.90,3.18,false,1,
7290013027399,false,#לחם אנג ל 100 קל,שלמה א.אנג ל בעמ,,,"י""ח",750,ל  גרם,false,1,13.90,1.85,false,1,
7290013083661,false,מטרנה אקסטרה קר שלב 1 חסכון 700גר`,קבוצת אוסם סחר-שות.מוגבלת,,,"י""ח",700,ל  גרם,false,1,59.90,8.56,false,1,
7290013083685,false,מטרנה אקסטרה קר שלב 3חסכון 700גר`,קבוצת אוסם סחר-שות.מוגבלת,,,"י""ח",700,ל  גרם,false,1,59.90,8.56,false,1,
7290013083999,false,"חול קריסטלי לחתולים 3.5ק""ג",דיפלומט מפיצים (1968) בעמ**,,,"י""ח",3.50,"ק""ג",false,1,29.90,8.54,false,1,
7290013117212,false,בורקס פילו במילוי גבינה 600 גר`מעדנות,תנובה בשר,,,"י""ח",600,ל  גרם,false,1,22.20,3.70,false,1,
7290013117229,false,"בורקס פילו במילוי תפו""א 600גר`",תנובה בשר,,,"י""ח",600,ל  גרם,false,1,22.20,3.70,false,1,
7290013117236,false,בורקס פילו פיצה 600גר`,תנובה בשר,,,"י""ח",600,ל  גרם,false,1,22.30,3.72,false,1,
7290013117243,false,בורקס פילו בולגרית 600גר`,תנובה בשר,,,"י""ח",600,ל  גרם,false,1,22.30,3.72,false,1,
7290013117410,false,בצק עלים פריך   מתוק}מעדנות{900גר,תנובה בשר,,,"י""ח",900,ל  גרם,false,1,22.90,2.54,false,1,
7290013117526,false,בצק שמרים למאפים מתוקים 900גרם,תנובה בשר,,,"י""ח",900,ל  גרם,false,1,22.90,2.54,false,1,
7290013121028,false,לחם   500 גר`ללא גלוטן Green lite,גורי ע.ע.ע. בעמ,,,"י""ח",500,ל  גרם,false,1,17.90,3.58,false,1,
7290013121103,false,שליש באגט 4 400 גר`Green lite,גורי ע.ע.ע. בעמ,,,"י""ח",400,ל  גרם,false,1,17.90,4.48,false,1,
7290013121110,false,לחמניות בורגר 4 350 גר`Green lite,גורי ע.ע.ע. בעמ,,,"י""ח",350,ל  גרם,false,1,18.90,5.40,false,1,
7290013121127,false,לחמניות מיני 420גר Green lite,גורי ע.ע.ע. בעמ,,,"י""ח",420,ל  גרם,false,1,17.90,4.26,false,1,
7290013121691,false,שלישיית לאפות Green lite,גורי ע.ע.ע. בעמ,,,"י""ח",3,"י""ח",false,1,15.90,5.30,false,1,
7290013121769,false,שליש באגט ללא סוכר Green lite 400גר,גורי ע.ע.ע. בעמ,,,"י""ח",400,ל  גרם,false,1,15.90,3.98,false,1,
7290013121776,false,לחם כפרי ללא סוכר 700גר Green lite,גורי ע.ע.ע. בעמ,,,"י""ח",700,ל  גרם,false,1,18.90,2.70,false,1,
7290013128317,false,ענבים לבן,ביכורי השדה צפון 1994 ג.ד. בעמ,,,"ק""ג",1,,true,1,22.90,22.90,false,1,
7290013144157,false,סחלב 130ג,א.ל.יצור ושיווקתבלינים בעמ,,,"י""ח",130,ל  גרם,false,1,10.90,8.38,true,1,
7290013144171,false,תערובת עוגת שוקולד 560גר`,א.ל.יצור ושיווקתבלינים בעמ,,,"י""ח",560,ל  גרם,false,1,16.90,3.02,true,1,
7290013144188,false,תערובת בראוניס 600גר`,א.ל.יצור ושיווקתבלינים בעמ,,,"י""ח",600,ל  גרם,false,1,16.90,2.82,true,1,
7290013144195,false,תערובת כדורי שוקולד 500גר`,א.ל.יצור ושיווקתבלינים בעמ,,,"י""ח",500,ל  גרם,false,1,16.90,3.38,true,1,
7290013144218,false,תערובת עוגת וניל 560גר`,א.ל.יצור ושיווקתבלינים בעמ,,,"י""ח",560,ל  גרם,false,1,16.90,3.02,true,1,
7290013144232,false,פודינג וניל,א.ל.יצור ושיווקתבלינים בעמ,,,"י""ח",8500,ל  גרם,false,1,4.90,0.06,true,1,
7290013144249,false,פודינג שוקולד מימונס,א.ל.יצור ושיווקתבלינים בעמ,,,"י""ח",1,,false,1,4.90,4.90,true,1,
7290013144270,false,קרם פטיסייר 100גר`,א.ל.יצור ושיווקתבלינים בעמ,,,"י""ח",100,ל  גרם,false,1,9.90,9.90,false,1,
7290013144393,false,תמצית וניל,א.ל.יצור ושיווקתבלינים בעמ,,,"י""ח",1,,false,1,4.90,4.90,false,1,
7290013144409,false,תמצית רום,א.ל.יצור ושיווקתבלינים בעמ,,,"י""ח",1,,false,1,4.90,4.90,false,1,
7290013144416,false,תמצית שקדים,א.ל.יצור ושיווקתבלינים בעמ,,,"י""ח",1,,false,1,4.90,4.90,false,1,
7290013144539,false,צבע מאכל אדום,א.ל.יצור ושיווקתבלינים בעמ,,,"י""ח",1,,false,1,4.30,4.30,false,1,
7290013144751,false,"סירופ בטעם מייפל 500מ""ל מימונס",א.ל.יצור ושיווקתבלינים בעמ,,,"י""ח",500,"ל  מ""ל",false,1,13.90,2.78,true,1,
7290013144768,false,"סירופ בטעם שוקולד 500מ""ל מימונס",א.ל.יצור ושיווקתבלינים בעמ,,,"י""ח",500,"ל  מ""ל",false,1,13.90,2.78,true,1,
7290013144805,false,אייס קפה לייט 250גר מימונס.,א.ל.יצור ושיווקתבלינים בעמ,,,"י""ח",250,ל  גרם,false,1,20.90,8.36,true,1,
7290013144911,false,מיקסשוקולד צ`יפס מריר וחלב 250גר`,א.ל.יצור ושיווקתבלינים בעמ,,,"י""ח",250,"ל  מ""ל",false,1,14.90,5.96,true,1,
7290013144980,false,תרסיס שמן קנולה 170גר מימונס,א.ל.יצור ושיווקתבלינים בעמ,,,"י""ח",170,"ל  מ""ל",false,1,15.90,9.35,false,1,
7290013145017,false,אגוז מלך קלוף 100גר`,א.ל.יצור ושיווקתבלינים בעמ,,,"י""ח",100,ל  גרם,false,1,12.90,12.90,false,1,
7290013145024,false,אגוז מלך טחון 100 גר`מימונס,א.ל.יצור ושיווקתבלינים בעמ,,,"י""ח",100,ל  גרם,false,1,12.90,12.90,false,1,
7290013145031,false,אגוזי לוז מסוכרים 100גר`.,א.ל.יצור ושיווקתבלינים בעמ,,,"י""ח",100,ל  גרם,false,1,12.90,12.90,false,1,
7290013145048,false,צנוברים 100 גר`מימונס,א.ל.יצור ושיווקתבלינים בעמ,,,"י""ח",100,ל  גרם,false,1,26.90,26.90,false,1,
7290013145055,false,פרג שלם 100גר`,א.ל.יצור ושיווקתבלינים בעמ,,,"י""ח",100,ל  גרם,false,1,6.90,6.90,false,1,
7290013145062,false,"סירופ מייפל אמיתי 100% 187מ""ל מימונס",א.ל.יצור ושיווקתבלינים בעמ,,,"י""ח",187,"ל  מ""ל",false,1,19.90,10.64,false,1,
7290013145093,false,שקד מולבן גרוס 100גר`,א.ל.יצור ושיווקתבלינים בעמ,,,"י""ח",100,ל  גרם,false,1,12.90,12.90,true,1,
7290013145109,false,שקד מולבן טחון 100 גר`מימונס,א.ל.יצור ושיווקתבלינים בעמ,,,"י""ח",100,ל  גרם,false,1,12.90,12.90,true,1,
7290013145116,false,שקד מולבן מקלות 100גר`,א.ל.יצור ושיווקתבלינים בעמ,,,"י""ח",100,ל  גרם,false,1,12.90,12.90,true,1,
7290013145123,false,שקד מולבן פרוס 100 גר`מימונס,א.ל.יצור ושיווקתבלינים בעמ,,,"י""ח",100,ל  גרם,false,1,12.90,12.90,true,1,
7290013145130,false,שקד מולבן חצוי 100גר,א.ל.יצור ושיווקתבלינים בעמ,,,"י""ח",100,ל  גרם,false,1,12.90,12.90,true,1,
7290013145161,false,פקאן מסוכר 100גר`.,א.ל.יצור ושיווקתבלינים בעמ,,,"י""ח",100,ל  גרם,false,1,16.90,16.90,false,1,
7290013145178,false,קוקוס טחון לבן 100 גר`מימונס,א.ל.יצור ושיווקתבלינים בעמ,,,"י""ח",100,ל  גרם,false,1,4.60,4.60,false,1,
7290013145192,false,שומשום 100 גר`מימונס,א.ל.יצור ושיווקתבלינים בעמ,,,"י""ח",100,ל  גרם,false,1,4.60,4.60,false,1,
7290013145215,false,שומשום 400גר` מימונס,א.ל.יצור ושיווקתבלינים בעמ,,,"י""ח",400,ל  גרם,false,1,14.90,3.73,false,1,
7290013145246,false,גרעין חמניה מקולף 100ג,א.ל.יצור ושיווקתבלינים בעמ,,,"י""ח",50,ל  גרם,false,1,5.50,11,false,1,
7290013145277,false,עלים לקרמשניט 300ג,א.ל.יצור ושיווקתבלינים בעמ,,,"י""ח",300,ל  גרם,false,1,16.90,5.63,false,1,
7290013145390,false,שוקולד צ`יפס 250 גר`מימונס,א.ל.יצור ושיווקתבלינים בעמ,,,"י""ח",250,ל  גרם,false,1,9.30,3.72,false,1,
7290013145406,false,שוקולד צ`יפס לבן 250 גר`מימונס,א.ל.יצור ושיווקתבלינים בעמ,,,"י""ח",250,"ל  מ""ל",false,1,9.90,3.96,false,1,
7290013145437,false,שוקולד ציפס  אמיתי 48% 250ג מימונס,א.ל.יצור ושיווקתבלינים בעמ,,,"י""ח",250,ל  גרם,false,1,13.90,5.56,false,1,
7290013145444,false,שוקולד צ`יפס 66% מימונס 250 ג,א.ל.יצור ושיווקתבלינים בעמ,,,"י""ח",250,"ל  מ""ל",false,1,15.90,6.36,false,1,
7290013145529,false,סוכריות צבעונית לקישוט 90גר`,א.ל.יצור ושיווקתבלינים בעמ,,,"י""ח",1,,false,1,5.90,5.90,false,1,
7290013145567,false,מיני מיני עדשים 90גר`.,א.ל.יצור ושיווקתבלינים בעמ,,,"י""ח",1,,false,1,10.90,10.90,false,1,
7290013145628,false,סוכריות צבעוניות 200גר,א.ל.יצור ושיווקתבלינים בעמ,,,"י""ח",400,ל  גרם,false,1,8.90,2.23,false,1,
7290013145826,false,פודינג וניל לבן במיוחד 80גר,א.ל.יצור ושיווקתבלינים בעמ,,,"י""ח",80,ל  גרם,false,1,4.90,6.13,true,1,
7290013145840,false,סוכר וניל מימונס 10יח בצלופן,א.ל.יצור ושיווקתבלינים בעמ,,,"י""ח",10,"י""ח",false,1,2.90,0.29,false,1,
7290013145857,false,אבקת אפיה  מימונס 10יח בצלופן,א.ל.יצור ושיווקתבלינים בעמ,,,"י""ח",10,"י""ח",false,1,2.90,0.29,false,1,
7290013145918,false,אבקת סוכר 100 גר`מימונס,א.ל.יצור ושיווקתבלינים בעמ,,,"י""ח",100,ל  גרם,false,1,1.90,1.90,false,1,
7290013145956,false,שמרים יבשים בואקום 500גרם מימונס,א.ל.יצור ושיווקתבלינים בעמ,,,"י""ח",500,ל  גרם,false,1,13.90,2.78,false,1,
7290013145963,false,שמרים יבשים בואקום 125גרם מימונס,א.ל.יצור ושיווקתבלינים בעמ,,,"י""ח",125,ל  גרם,false,1,5.90,4.72,false,1,
7290013145970,false,קורנפלור מימונס 200גר`,א.ל.יצור ושיווקתבלינים בעמ,,,"י""ח",100,ל  גרם,false,1,3.90,3.90,false,1,
7290013146069,false,מלית שוקולד 400גר`,א.ל.יצור ושיווקתבלינים בעמ,,,"י""ח",400,ל  גרם,false,1,12.90,3.23,true,1,
7290013146267,false,"פודינג וניל שקית 1ק""ג",א.ל.יצור ושיווקתבלינים בעמ,,,"י""ח",1,"ק""ג",false,1,20.90,20.90,false,1,
7290013146403,false,סירופ בטעם קרמל מלוח 500 גרם,א.ל.יצור ושיווקתבלינים בעמ,,,"י""ח",50,ל  גרם,false,1,16.90,33.80,false,1,
7290013146663,false,אטריות צבעוניות לקישוט 55גר.,א.ל.יצור ושיווקתבלינים בעמ,,,"י""ח",55,ל  גרם,false,1,11.90,21.64,true,1,
7290013146670,false,סוכריות לב סגול ורוד לבן לקישוט 60גר,א.ל.יצור ושיווקתבלינים בעמ,,,"י""ח",60,ל  גרם,false,1,11.90,19.83,true,1,
7290013146724,false,אייס קפה 350גר מימונס.,א.ל.יצור ושיווקתבלינים בעמ,,,"י""ח",350,ל  גרם,false,1,17.90,5.11,true,1,
7290013146762,false,"קצפת לזילוף 24% שומן 200מ""ל מימונס",קפוא זן תעשיות מזון בעמ,,,"י""ח",200,"ל  מ""ל",false,1,6.90,3.45,false,1,
7290013146816,false,אבקת סוכר שקית 500ג.,א.ל.יצור ושיווקתבלינים בעמ,,,"י""ח",200,ל  גרם,false,1,7.20,3.60,false,1,
7290013146854,false,קוקוס לבן 400ג מימונס,א.ל.יצור ושיווקתבלינים בעמ,,,"י""ח",1,,false,1,14.90,14.90,false,1,
7290013153593,false,תפוזים מתקתק 100% 1ל,*החברה המרכזית להפצת משקאותבעמ,,,"י""ח",1,ליטר,false,1,11.90,11.90,false,1,
7290013156006,false,אצבעות מתוקות 350ג גאקובס,הלל בן הלל שיווק ומסחר בעמ,,,"י""ח",300,ל  גרם,false,1,16.90,5.63,false,1,
7290013156822,false,עוגיות רייף 350ג גאקובס,הלל בן הלל שיווק ומסחר בעמ,,,"י""ח",350,ל  גרם,false,1,16.90,4.83,false,1,
7290013156846,false,מלוח קצח  350ג גאקובס,הלל בן הלל שיווק ומסחר בעמ,,,"י""ח",350,ל  גרם,false,1,16.90,4.83,false,1,
7290013156914,false,כעך טוניסאי  350ג גאקובס,הלל בן הלל שיווק ומסחר בעמ,,,"י""ח",350,ל  גרם,false,1,16.90,4.83,false,1,
7290013156921,false,אצבעות מתוקות   350ג גאקובס,הלל בן הלל שיווק ומסחר בעמ,,,"י""ח",350,ל  גרם,false,1,16.90,4.83,false,1,
7290013177360,false,פומלה,ביכורי השדה צפון 1994 ג.ד. בעמ,,,"ק""ג",1,,true,1,7.90,7.90,false,1,
7290013268020,false,מרכך כביסה מקסימה 1 ליטר א.פרש,החב הדרומית לשיווק,,,"י""ח",1,ליטר,false,1,17.50,17.50,false,1,
7290013268037,false,מרכך כביסה מקסימה 1 ליטר מרוכז,החב הדרומית לשיווק,,,"י""ח",1,ליטר,false,1,17.50,17.50,false,1,
7290013268242,false,ריצפז פרש הום  2ל לרצפה מלון מפנק,החב הדרומית לשיווק,,,"י""ח",1.45,ליטר,false,1,21.90,15.10,false,1,
7290013268891,false,"סנו אוקסיגן  ג""ל 3ליטר",החב הדרומית לשיווק,,,"י""ח",3,ליטר,false,1,29.90,9.97,false,1,
7290013268983,false,מרכך מקסימה סופר מרוכז MOMENTS 1 ליטר,החב הדרומית לשיווק,,,"י""ח",1,ליטר,false,1,17.50,17.50,false,1,
7290013268990,false,מרכך כביסה ביו מקסימה 1 ליטר מרוכז,החב הדרומית לשיווק,,,"י""ח",1,ליטר,false,1,17.50,17.50,false,1,
7290013269003,false,מרכך כביסה בייבי מקסימה 1 ליטר מרוכז,החב הדרומית לשיווק,,,"י""ח",1,ליטר,false,1,19.90,19.90,false,1,
7290013269157,false,תרסיס מקסימה סגול למייבש כביסה לבנדר,החב הדרומית לשיווק,,,"י""ח",750,"ל  מ""ל",false,1,17.90,2.39,true,1,
7290013269287,false,סנו ג ל כביסה 3ליטר ביו,החב הדרומית לשיווק,,,"י""ח",3,ליטר,false,1,29.60,9.87,false,1,
7290013269300,false,ניילון נצמד +150מטר סנו,החב הדרומית לשיווק,,,"י""ח",1,,false,1,23.90,23.90,false,1,
7290013269621,false,ריצפז פרש הום  2ל לרצפה מלון בוטיק,החב הדרומית לשיווק,,,"י""ח",1.45,ליטר,false,1,21.90,15.10,false,1,
7290013269652,false,פוליווקס 2 ל  גרניט פורצל,החב הדרומית לשיווק,,,"י""ח",2,ליטר,false,1,22.90,11.45,true,1,
7290013269669,false,ריצפז פנטזיה  3 ליטר,החב הדרומית לשיווק,,,"י""ח",3,ליטר,false,1,12.90,4.30,false,1,
7290013269751,false,מטליות לחות לרצפה מלון בוטיק  10 יחידו,החב הדרומית לשיווק,,,"י""ח",1,,false,1,12.90,12.90,false,1,
7290013269911,false,K-333 הגנה מחרקים,החב הדרומית לשיווק,,,"י""ח",750,"ל  מ""ל",false,1,29.90,3.99,false,1,
7290013276117,false,"בירה נגב אואזיס  330מ""ל",הכרם משקאות חריפים בעמ,,,"י""ח",330,"ל  מ""ל",false,1,13.20,3.91,true,1,
7290013276124,false,"בירה אמבר אייל  330מ""ל",הכרם משקאות חריפים בעמ,,,"י""ח",330,"ל  מ""ל",false,1,13.20,3.91,true,1,
7290013284310,false,רוטב פסטה 240גר פריניר,ח.כהן סוכנות מזון ומשקאות בע,,,"י""ח",70,ל  גרם,false,1,5.90,8.43,false,1,
7290013284662,false,רוטב פיצה  240גר פריניר,ח.כהן סוכנות מזון ומשקאות בע,,,"י""ח",70,ל  גרם,false,1,5.90,8.43,false,1,
7290013358356,false,פירורי לחם מוזהבים 320גרם מאסטרשף,ש.שסטוביץ בעמ,,,"י""ח",320,ל  גרם,false,1,6.90,2.16,false,1,
7290013358370,false,פירורי לחם יפני פנקו מוזהבים טעם שום 3,ש.שסטוביץ בעמ,,,"י""ח",300,ל  גרם,false,1,9.90,3.30,false,1,
7290013358431,false,קרוטונים לסלט בתיבול עגבניות ובזיליקום,ש.שסטוביץ בעמ,,,"י""ח",200,ל  גרם,false,1,11.90,5.95,true,1,
7290013358448,false,קרוטונים לסלט 4דגנים 200גר מאסטר שף,ש.שסטוביץ בעמ,,,"י""ח",200,ל  גרם,false,1,11.90,5.95,true,1,
7290013358493,false,"קרם קוקוס פחית  400מ""ל",ש.שסטוביץ בעמ,,,"י""ח",400,"ל  מ""ל",false,1,9.90,2.48,false,1,
7290013358530,false,"רוטב צ`ילי מתוק  700מ""ל מאסטר שף",ש.שסטוביץ בעמ,,,"י""ח",700,"ל  מ""ל",false,1,12.90,1.84,false,1,
7290013358547,false,"רוטב צ`ילי חריף  700מ""ל",ש.שסטוביץ בעמ,,,"י""ח",700,"ל  מ""ל",false,1,11.90,1.70,false,1,
7290013361981,false,"צ`פס 2ק""ג פרי גליל",ויטה- פרי גליל (החדשה) בעמ,,,"י""ח",2,"ק""ג",false,1,21.90,10.95,false,1,
7290013381682,false,קקאו הולנדי 150 גרם נאמן,נאמן לאורך זמן בעמ,,,"י""ח",150,ל  גרם,false,1,8.90,5.93,false,1,
7290013412966,false,מגבונים  טולי מארז 4 יחידות,שקד תבל בעמ,,,"י""ח",4,"י""ח",false,1,12.90,3.23,true,1,
7290013430083,false,"בירה אלכסנדר בלונד 330מ""ל",אגודת הכורמים,,,"י""ח",330,"ל  מ""ל",false,1,12.90,3.82,true,1,
7290013430250,false,"בירה אלכסנדר חיטה ישראלית 330מ""ל",אגודת הכורמים,,,"י""ח",330,"ל  מ""ל",false,1,12.90,3.82,true,1,
7290013430403,false,"בירה אלכסנדר בלייזר 330מ""ל",אגודת הכורמים,,,"י""ח",330,"ל  מ""ל",false,1,12.90,3.82,true,1,
7290013472199,false,ערמונים 100גרם ויליפוד,ג.וילי פוד אינטרנשיונל בעמ,,,"י""ח",100,ל  גרם,false,1,5.90,5.90,true,1,
7290013472892,false,בולגריה בקוביות 200גר`,ג.וילי פוד אינטרנשיונל בעמ,,,"י""ח",200,ל  גרם,false,1,11.90,5.95,false,1,
7290013492005,false,"תפו""א ננסי  למיקרו שמיטה",ביכורי השדה צפון 1994 ג.ד. בעמ,,,"י""ח",1,,false,1,8.90,8.90,true,1,
7290013520142,false,לחמים מיוחדים,מאפיית הראשונים מ.ל. בעמ,,,"י""ח",1,"י""ח",false,1,14.90,14.90,false,1,
7290013520463,false,לחם כוסמין 100%,מאפיית הראשונים מ.ל. בעמ,,,"י""ח",1,,false,1,18.90,18.90,false,1,
7290013531117,false,"רוטב פסטה קיד  240ג בד""ץ",זנלכל בעמ,,,"י""ח",240,ל  גרם,false,1,5.50,2.29,false,1,
7290013531582,false,שלישייה זיתים חרוזית יכין 3*200גר,זנלכל בעמ,,,"י""ח",600,ל  גרם,false,1,14.90,2.48,false,1,
7290013531612,false,רוטב נפוליטנה 240 גר`פלסטיק.,זנלכל בעמ,,,"י""ח",240,ל  גרם,false,1,5.50,2.29,false,1,
7290013531629,false,רוטב פומודורו 240 גר`פלסטיק,זנלכל בעמ,,,"י""ח",240,ל  גרם,false,1,5.50,2.29,false,1,
7290013531759,false,שעועית  אפויה במים,זנלכל בעמ,,,"י""ח",600,ל  גרם,false,1,9.90,1.65,false,1,
7290013534057,false,"צ`יפס בטטה טבעי 100גרם כשל""פ",מיה תעשיות מזון מ.ת.מ בעמ,,,"י""ח",100,ל  גרם,false,1,9.90,9.90,true,1,
7290013585233,false,"פחית ספרייט ZERO  סליק 330מ""ל",החברה המרכזית להפצת משקאות בעמ,,,"י""ח",330,"ל  מ""ל",false,1,4.50,1.27,true,1,
7290013585387,false,קוקה קולה 1ליטר ZERO,החברה המרכזית להפצת משקאות בעמ,,,"י""ח",1,ליטר,false,1,7.10,7.10,false,1,
7290013585394,false,קוקה קולה 1ליטר,החברה המרכזית להפצת משקאות בעמ,,,"י""ח",1,ליטר,false,1,7.10,7.10,false,1,
7290013652157,false,מגבונים להסרת איפור 30יח,פישר תעשיות פרמבצטיות בעמ,,,"י""ח",1,,false,1,24.90,24.90,false,1,
7290013652171,false,מגבונים להסרת איפור 30יח,פישר תעשיות פרמבצטיות בעמ,,,"י""ח",1,,false,1,24.90,24.90,false,1,
7290013675545,false,שניצל כלי תחבורה מאמא עוף 700ג,תנובה בשר,,,"י""ח",650,ל  גרם,false,1,39.90,6.14,false,1,
7290013677259,false,זעתר 50 גר`שקית,מיה תעשיות מזון מ.ת.מ בעמ,,,"י""ח",50,ל  גרם,false,1,5.50,11,false,1,
7290013677273,false,דגיל דג   80 גר`שקית,מיה תעשיות מזון מ.ת.מ בעמ,,,"י""ח",80,ל  גרם,false,1,5.50,6.88,false,1,
7290013677280,false,ציפורן שלם 40 גר`שקית,מיה תעשיות מזון מ.ת.מ בעמ,,,"י""ח",40,ל  גרם,false,1,7.90,19.75,false,1,
7290013677297,false,אבקת בצל 80 גר`שקית,מיה תעשיות מזון מ.ת.מ בעמ,,,"י""ח",80,ל  גרם,false,1,5.50,6.88,false,1,
7290013677303,false,חוויג תימני 50 גר`שקית,מיה תעשיות מזון מ.ת.מ בעמ,,,"י""ח",50,ל  גרם,false,1,5.50,11,false,1,
7290013677310,false,גריל בשר 80 גר`שקית,מיה תעשיות מזון מ.ת.מ בעמ,,,"י""ח",80,ל  גרם,false,1,5.50,6.88,false,1,
7290013677327,false,אבקת קארי 80 גר`שקית,מיה תעשיות מזון מ.ת.מ בעמ,,,"י""ח",80,ל  גרם,false,1,5.50,6.88,false,1,
7290013677341,false,ג`לי לנד תות בננה  100גרם,מיה תעשיות מזון מ.ת.מ בעמ,,,"י""ח",100,ל  גרם,false,1,9.20,9.20,true,1,
7290013677563,false,קינואה אדומה  500 גרם,מיה תעשיות מזון מ.ת.מ בעמ,,,"י""ח",500,ל  גרם,false,1,21.90,4.38,true,1,
7290013677648,false,שמן זית למאור1   ליטר מיה,מיה תעשיות מזון מ.ת.מ בעמ,,,"י""ח",100,"ל  מ""ל",false,1,18.90,18.90,false,1,
7290013677686,false,פפריקה מרוקאית בשקית 80 ג`,מיה תעשיות מזון מ.ת.מ בעמ,,,"י""ח",1,,false,1,5.30,5.30,false,1,
7290013677693,false,פלפל שחור גרוס בשקית,מיה תעשיות מזון מ.ת.מ בעמ,,,"י""ח",1,,false,1,9.40,9.40,false,1,
7290013702036,false,"שוופס 500מ""ל טעם אפרסק",יפאורה שותפות מוגבלת לשיווק,,,"י""ח",500,"ל  מ""ל",false,1,6.50,1.24,true,1,
7290013702050,false,שוופס ווטר ענבים 0.5ל,יפאורה שותפות מוגבלת לשיווק,,,"י""ח",500,"ל  מ""ל",false,1,6.50,1.24,true,1,
7290013702298,false,טאצ`אשפתון עבה 50יח בגליל 90*77.,שניב תעשיות נייר בעמ,,,"י""ח",50,"י""ח",false,1,16.90,0.34,true,1,
7290013702883,false,שוופס לימונייד 0.5ל פינק,יפאורה שותפות מוגבלת לשיווק,,,"י""ח",500,"ל  מ""ל",false,1,6.50,1.24,true,1,
7290013713049,false,"ג מס בקבוק 330מ""ל 5% אלכוהול",אגודת הכורמים,,,"י""ח",330,"ל  מ""ל",false,1,12.90,3.82,true,1,
7290013724939,false,שוקולד מריר עם חמוציות 140 גרם,דין שיווק וקליה 2021 בעמ,,,"י""ח",140,ל  גרם,false,1,12.90,9.21,false,1,
7290013724946,false,שקדים בשוקולד מריר בקופסא 140 גרם,דין שיווק וקליה 2021 בעמ,,,"י""ח",140,ל  גרם,false,1,12.90,9.21,false,1,
7290013724953,false,חמוציות בשוקולד חלב בקופסא 140 גרם,דין שיווק וקליה 2021 בעמ,,,"י""ח",140,ל  גרם,false,1,12.90,9.21,false,1,
7290013724991,false,אגוזי לוז בשוקולד חלב בקופסא 140 גרם,דין שיווק וקליה 2021 בעמ,,,"י""ח",140,ל  גרם,false,1,12.90,9.21,false,1,
7290013725820,false,אגוזי לוז בשוקולד מריר בקופסא 140 גרם,דין שיווק וקליה 2021 בעמ,,,"י""ח",140,ל  גרם,false,1,10.40,7.43,false,1,
7290013787392,false,רביולי גבינות קלאסי 330ג.,תנובה בעמ ***,,,"י""ח",330,ל  גרם,false,1,27.20,8.24,false,1,
7290013847553,false,סטארקיסט רביעייה דל נתרן במים 4*160 גר,דיפלומט מפיצים (1968) בעמ**,,,"י""ח",1,,false,1,26.90,26.90,true,1,
7290013847867,false,טונה סטארקיסט בשמן סויה 140גר(זוג),דיפלומט מפיצים (1968) בעמ**,,,"י""ח",280,ל  גרם,false,1,11.90,4.25,true,1,
7290013848345,false,מטליות חיטוי וניקוי יסודי 99.9% 1/3 סנ,החב הדרומית לשיווק,,,"י""ח",3,"י""ח",false,1,24.90,8.30,false,1,
7290013848581,false,מגבת נייר סנו גליל ענק,החב הדרומית לשיווק,,,"י""ח",1,"י""ח",false,1,12.90,12.90,false,1,
7290013848758,false,ג`ל כביסה מקסימה  בייבי 3ליטר,החב הדרומית לשיווק,,,"י""ח",3,ליטר,false,1,32.90,10.97,false,1,
7290013883407,false,דזיטול מרסס,יעקב יעקבי ובניו בעמ,,,"י""ח",1,ליטר,false,1,10.90,10.90,false,1,
7290013906052,false,נקניקיות פרגיות 300גרם,תנובה בשר,,,"י""ח",300,ל  גרם,false,1,15,5,false,1,
7290013906205,false,פסטרמה שום וצ`לי פיקנטי 400גר,תנובה בשר,,,"י""ח",400,ל  גרם,false,1,29.90,7.48,false,1,
7290013906212,false,"נקניקיות  וינר 1ק""ג טירת צבי",תנובה בשר,,,"י""ח",1.80,"ק""ג",false,1,27.90,15.50,false,1,
7290013906441,false,קבנוס 120ג טירת צבי,תנובה בשר,,,"י""ח",120,ל  גרם,false,1,11.90,9.92,false,1,
7290013906489,false,חטיפי קבנוס 120ג,תנובה בשר,,,"י""ח",120,ל  גרם,false,1,12.90,10.75,false,1,
7290013906687,false,צמד כפרי ברביקיו ודבש 600ג,תנובה בשר,,,"י""ח",600,ל  גרם,false,1,29.90,4.98,false,1,
7290013906694,false,"נקנקיות עוף טירת צבי 1.5ק""ג",תנובה בשר,,,"י""ח",1.50,"ק""ג",false,1,39.90,26.60,false,1,
7290013927040,false,עוגיות ממולא שוקולד 600 גרם אחוה,אחדות בעמ,,,"י""ח",600,ל  גרם,false,1,11.90,1.98,false,1,
7290013927101,false,עוגת תפוחים ללא סוכר 450גרם,אחדות בעמ,,,"י""ח",450,ל  גרם,false,1,11.90,2.64,false,1,
7290013927156,false,עוגת פירות יער ללא סוכר 450גרם,אחדות בעמ,,,"י""ח",450,ל  גרם,false,1,11.90,2.64,false,1,
7290013927200,false,עוגיות שוקולד צ`יפס עשירה 400גרם אחוה,אחדות בעמ,,,"י""ח",450,ל  גרם,false,1,10.90,2.42,false,1,
7290013927637,false,חלוה ללא ת.סוכר 400ג מגש,אחדות בעמ,,,"י""ח",400,ל  גרם,false,1,12.90,3.23,false,1,
7290013927804,false,"טחינה  אחווה  משומשום מלא 1 ק""ג",אחדות בעמ,,,"י""ח",1,"ק""ג",false,1,21.90,21.90,false,1,
7290013927996,false,עוגת שמרים קראנץ טעם שוקולד  (400 אחוה),אחדות בעמ,,,"י""ח",400,ל  גרם,false,1,10.90,2.73,false,1,
7290013971555,false,סוללות 12יח מעורב פוגיקום,פוגיקום בעמ,,,"י""ח",1,,false,1,19.90,19.90,true,1,
7290014002135,false,תה ירוק מיקס,תה ויסוצקי (ישראל)בעמ,,,"י""ח",37.50,ל  גרם,false,1,24.90,66.40,true,1,
7290014002197,false,חליטת  קמומיל ולימונית גן קסום,תה ויסוצקי (ישראל)בעמ,,,"י""ח",37.50,ל  גרם,false,1,17.90,47.73,true,1,
7290014002203,false,חליטת  לימונית ולואיזה גן קסום 25 יח,תה ויסוצקי (ישראל)בעמ,,,"י""ח",37.50,ל  גרם,false,1,17.90,47.73,true,1,
7290014002579,false,תה ירוק וניל,תה ויסוצקי (ישראל)בעמ,,,"י""ח",1,,false,1,24.90,24.90,true,1,
7290014002944,false,גן הקסום חליטת  חמדת שקד 25שק,תה ויסוצקי (ישראל)בעמ,,,"י""ח",1,,false,1,17.90,17.90,true,1,
7290014002982,false,תה ירוק לימונית לואיזה בתוספת עלי סטיב,תה ויסוצקי (ישראל)בעמ,,,"י""ח",1,,false,1,24.90,24.90,true,1,
7290014046016,false,פסטרמה של פעם 100% חומרים טבעיים 250גר,מעדני יחיעם 1993 בעמ,,,"י""ח",250,ל  גרם,false,1,28.40,11.36,false,1,
7290014046047,false,צמד פסטרמות 600ג,מעדני יחיעם 1993 בעמ,,,"י""ח",600,ל  גרם,false,1,24.90,4.15,false,1,
7290014046436,false,נשנושי קבנוס 125ג,מעדני יחיעם 1993 בעמ,,,"י""ח",125,ל  גרם,false,1,13.90,11.12,true,1,
7290014046474,false,"נקניקיות עוף 1.5ק""ג יחיעם",מעדני יחיעם 1993 בעמ,,,"י""ח",1.50,"ק""ג",false,1,27.90,18.60,true,1,
7290014046580,false,פסטרמה מעודנת על גחלים 300 גרם,מעדני יחיעם 1993 בעמ,,,"י""ח",300,ל  גרם,false,1,19.90,6.63,false,1,
7290014046757,false,סלמי תה 300ג סד. שרולה,מעדני יחיעם 1993 בעמ,,,"י""ח",300,ל  גרם,false,1,19.90,6.63,false,1,
7290014046764,false,סלמי פפרוני 200גר,מעדני יחיעם 1993 בעמ,,,"י""ח",200,ל  גרם,false,1,12.90,6.45,false,1,
7290014059085,false,"סנסודיין לשיקום והגנה 75מ""ל",גורי ע.ע.ע. בעמ,,,"י""ח",75,"ל  מ""ל",false,1,25.90,34.53,true,1,
7290014059436,false,"סנסודיין לשיקום והגנה מלבינה 75מ""ל",גורי ע.ע.ע. בעמ,,,"י""ח",75,"ל  מ""ל",false,1,25.90,34.53,true,1,
7290014066359,false,קפסולות קפה לנדוור בלנסד  10יח,ש.שסטוביץ בעמ,,,"י""ח",10,"י""ח",false,1,16.90,1.69,true,1,
7290014066441,false,קפסולות קפה לנדוור נטול קפאין  10יח,ש.שסטוביץ בעמ,,,"י""ח",10,"י""ח",false,1,16.90,1.69,true,1,
7290014066533,false,קפסולות קפה לנדוור קלייה כפולה  10יח,ש.שסטוביץ בעמ,,,"י""ח",10,"י""ח",false,1,16.90,1.69,true,1,
7290014068353,false,לחם מחמצת,מאפיית הראשונים מ.ל. בעמ,,,"י""ח",1,"י""ח",false,1,18.90,18.90,false,1,
7290014068575,false,מאפינס/קראנץ,מאפיית הראשונים מ.ל. בעמ,,,"י""ח",1,"י""ח",false,1,22.90,22.90,false,1,
7290014068896,false,בגט ארטיזן פרווה,מאפיית הראשונים מ.ל. בעמ,,,"י""ח",1,"י""ח",false,1,7,7,false,1,
7290014068902,false,בגט פרווה,מאפיית הראשונים מ.ל. בעמ,,,"י""ח",1,"י""ח",false,1,5,5,true,1,
7290014068919,false,חצי בגט,מאפיית הראשונים מ.ל. בעמ,,,"י""ח",1,"י""ח",false,1,3,3,false,1,
7290014068971,false,בייגל אמריקאי כפרי,מאפיית הראשונים מ.ל. בעמ,,,"י""ח",1,"י""ח",false,1,4.50,4.50,true,1,
7290014069190,false,לחמניה  75 ג`,מאפיית הראשונים מ.ל. בעמ,,,"י""ח",1,"י""ח",false,1,1.80,1.80,false,1,
7290014069220,false,לחמניה פרח 100 ג`,מאפיית הראשונים מ.ל. בעמ,,,"י""ח",1,"י""ח",false,1,2.80,2.80,true,1,
7290014069237,false,לחמניה פרח 60 ג`,מאפיית הראשונים מ.ל. בעמ,,,"י""ח",1,"י""ח",false,1,2.50,2.50,true,1,
7290014069251,false,לחמניה קלועה 60 ג`,מאפיית הראשונים מ.ל. בעמ,,,"י""ח",1,"י""ח",false,1,2.50,2.50,true,1,
7290014069275,false,פיתה,מאפיית הראשונים מ.ל. בעמ,,,"י""ח",1,"י""ח",false,1,1.40,1.40,true,1,
7290014069657,false,בגט רוסטיק,מאפיית הראשונים מ.ל. בעמ,,,"י""ח",1,"י""ח",false,1,8.50,8.50,true,1,
7290014070011,false,מארז 4 בגטים,מאפיית הראשונים מ.ל. בעמ,,,"י""ח",1,"י""ח",false,1,11,11,false,1,
7290014070400,false,פיתה אסלית 10 יח( הראשונים),מאפיית הראשונים מ.ל. בעמ,,,"י""ח",1,"י""ח",false,1,13.90,13.90,false,1,
7290014070615,false,שתיה קלה קרה,מאפיית הראשונים מ.ל. בעמ,,,"י""ח",1,,false,1,8,8,false,1,
7290014070684,false,לחמניה קלועה חמישיה,מאפיית הראשונים מ.ל. בעמ,,,"י""ח",1,"י""ח",false,1,12.50,12.50,false,1,
7290014070707,false,לחמניה  75  ג `10יח,מאפיית הראשונים מ.ל. בעמ,,,"י""ח",1,"י""ח",false,1,15.90,15.90,false,1,
7290014070721,false,סופגניה עם ריבה,מאפיית הראשונים מ.ל. בעמ,,,"י""ח",1,"י""ח",false,1,4,4,false,1,
7290014070745,false,סופגניה 5ב20,מאפיית הראשונים מ.ל. בעמ,,,"י""ח",1,"י""ח",false,1,20,20,false,1,
7290014070776,false,שלישייה פיתות פרנה ראשונים,מאפיית הראשונים מ.ל. בעמ,,,"י""ח",1,"י""ח",false,1,13.90,13.90,false,1,
7290014071087,false,חלת צמה  פילסברי,מאפיית הראשונים מ.ל. בעמ,,,"י""ח",1,"י""ח",false,1,13,13,false,1,
7290014072091,false,כרוב אדום מהדרין.,ביכורי השדה צפון 1994 ג.ד. בעמ,,,"ק""ג",1,,true,1,15.90,15.90,false,1,
7290014083813,false,שפרוטים  מעושנים בשמן 190גר`,ג.וילי פוד אינטרנשיונל בעמ,,,"י""ח",160,ל  גרם,false,1,7.90,4.94,false,1,
7290014094338,false,דלעת מקולפת 200גר בקופסא,דין שיווק וקליה 2021 בעמ,,,"י""ח",200,ל  גרם,false,1,17.90,8.95,false,1,
7290014094345,false,חמניות קלופות 200גר בקופסא,דין שיווק וקליה 2021 בעמ,,,"י""ח",200,ל  גרם,false,1,12.90,6.45,false,1,
7290014094352,false,אגוזי מלך 200גר בקופסא,דין שיווק וקליה 2021 בעמ,,,"י""ח",250,ל  גרם,false,1,15.90,6.36,false,1,
7290014094628,false,פקאן טבעי 200גר בקופסא,דין שיווק וקליה 2021 בעמ,,,"י""ח",200,ל  גרם,false,1,27.90,13.95,false,1,
7290014094796,false,משמש שקית  300ג,דין שיווק וקליה 2021 בעמ,,,"י""ח",300,ל  גרם,false,1,23.90,7.97,false,1,
7290014094826,false,שזיף מגולען 300ג,דין שיווק וקליה 2021 בעמ,,,"י""ח",300,ל  גרם,false,1,23.90,7.97,false,1,
7290014094833,false,צימוק לבן שקית  300ג.,דין שיווק וקליה 2021 בעמ,,,"י""ח",300,ל  גרם,false,1,13.90,4.63,false,1,
7290014094840,false,צימוק חום שקית  300ג,דין שיווק וקליה 2021 בעמ,,,"י""ח",300,ל  גרם,false,1,13.90,4.63,false,1,
7290014094895,false,אגוזי מלך קלופים  150ג (דין שיווק),דין שיווק וקליה 2021 בעמ,,,"י""ח",150,ל  גרם,false,1,13.90,9.27,false,1,
7290014095861,false,שיבולת שועל דקה להכנה מהירה 500 ג`,דין שיווק וקליה 2021 בעמ,,,"י""ח",500,ל  גרם,false,1,5.90,1.18,false,1,
7290014095946,false,משוקלדים פקאן מריר 140גר קופסא,דין שיווק וקליה 2021 בעמ,,,"י""ח",140,ל  גרם,false,1,12.90,9.21,false,1,
7290014095953,false,משוקלדים פקאן חלב 140גר קופסא,דין שיווק וקליה 2021 בעמ,,,"י""ח",140,ל  גרם,false,1,12.90,9.21,false,1,
7290014095960,false,שיבולת שועל עבה להכנה מהירה 500 ג`,דין שיווק וקליה 2021 בעמ,,,"י""ח",500,ל  גרם,false,1,5.90,1.18,false,1,
7290014204027,false,"שמפו יומי 750מ""ל",פנינה רוזנבלום בעמ,,,"י""ח",750,"ל  מ""ל",false,1,12.90,1.72,true,1,
7290014204034,false,"מרכך יומי 750מ""ל",פנינה רוזנבלום בעמ,,,"י""ח",750,"ל  מ""ל",false,1,12.90,1.72,true,1,
7290014204560,false,"סבון 500מ""ל שלישייה פנינה",פנינה רוזנבלום בעמ,,,"י""ח",0.50,ליטר,false,1,14.90,29.80,true,1,
7290014204645,false,"שמפו לאחר החלקה 750מ""ל",פנינה רוזנבלום בעמ,,,"י""ח",750,"ל  מ""ל",false,1,24.90,3.32,false,1,
7290014204706,false,סבון 1ל משאבה קורל,פנינה רוזנבלום בעמ,,,"י""ח",1,ליטר,false,1,13.90,13.90,false,1,
7290014205000,false,"צלחות גדולות *50 ""שווה""",ח.כהן סוכנות מזון ומשקאות בע,,,"י""ח",50,"י""ח",false,1,14.90,0.30,false,1,
7290014205024,false,קערה אובלית 25  יח`לבן,ח.כהן סוכנות מזון ומשקאות בע,,,"י""ח",30,"י""ח",false,1,5.90,0.20,true,1,
7290014205031,false,"לפתניה""שווה""לבן 25",ח.כהן סוכנות מזון ומשקאות בע,,,"י""ח",25,"י""ח",false,1,4.90,0.20,true,1,
7290014205048,false,"מרקיה""שווה""לבן 25",ח.כהן סוכנות מזון ומשקאות בע,,,"י""ח",2500,ל  גרם,false,1,7.90,0.32,false,1,
7290014205055,false,"צלחת   עמוקה""שווה""30יח לבן",ח.כהן סוכנות מזון ומשקאות בע,,,"י""ח",30,"י""ח",false,1,14.90,0.50,false,1,
7290014205062,false,"כוסות ח""פ פלסטיק ""100שווה"".",ח.כהן סוכנות מזון ומשקאות בע,,,"י""ח",100,"י""ח",false,1,8.90,0.09,false,1,
7290014205086,false,כוסות יין 50יח שווה,ח.כהן סוכנות מזון ומשקאות בע,,,,1,,false,1,4.90,4.90,false,1,
7290014205116,false,כוסות שקוף שמש 140יח שווה,ח.כהן סוכנות מזון ומשקאות בע,,,"י""ח",140,"י""ח",false,1,16.90,0.12,false,1,
7290014205130,false,"צלחת גדולה  ""שווה"" צבעוני 25",ח.כהן סוכנות מזון ומשקאות בע,,,"י""ח",2500,ל  גרם,false,1,11.90,0.48,false,1,
7290014205147,false,"צלחת   קטן""שווה""צבעוני 25",ח.כהן סוכנות מזון ומשקאות בע,,,"י""ח",25,"י""ח",false,1,6.90,0.28,false,1,
7290014205154,false,"קערה אובלית    צבעונית""שווה""25",ח.כהן סוכנות מזון ומשקאות בע,,,"י""ח",2500,ל  גרם,false,1,5.90,0.24,false,1,
7290014205178,false,"מרקיה  ""שווה"" צבעוני 25",ח.כהן סוכנות מזון ומשקאות בע,,,"י""ח",2500,ל  גרם,false,1,8.90,0.36,false,1,
7290014205185,false,"צלחת   ענק""שווה""צבעוני 25",ח.כהן סוכנות מזון ומשקאות בע,,,"י""ח",25,"י""ח",false,1,18.90,0.76,false,1,
7290014205659,false,לבבות דקל שלם  400ג שווה,ח.כהן סוכנות מזון ומשקאות בע,,,"י""ח",400,ל  גרם,false,1,11.90,2.98,false,1,
7290014205666,false,לבבות דקל חתוך  400ג שווה,ח.כהן סוכנות מזון ומשקאות בע,,,"י""ח",400,ל  גרם,false,1,9.90,2.48,false,1,
7290014205673,false,שמן סויה מזוכך 1 ליטר,ח.כהן סוכנויות מזון ומשקאות***,,,"י""ח",1,ליטר,false,1,9.90,9.90,false,1,
7290014205697,false,"אננס חתוך  565 ג ""שווה""A2",ח.כהן סוכנות מזון ומשקאות בע,,,"י""ח",600,ל  גרם,false,1,7.90,1.32,true,1,
7290014205758,false,מפת שולחן 1/6 עבה שווה,ח.כהן סוכנות מזון ומשקאות בע,,,"י""ח",6,"י""ח",false,1,11.90,1.98,false,1,
7290014205765,false,מפות שולחן 8* עבה במיוחד 1.35/2.4 מ`שו,ח.כהן סוכנות מזון ומשקאות בע,,,"י""ח",25,"י""ח",false,1,11.90,0.48,false,1,
7290014205796,false,שקיות אוכל זוג 150יח שווה,ח.כהן סוכנות מזון ומשקאות בע,,,"י""ח",750,"ל  מ""ל",false,1,11.90,1.59,false,1,
7290014205802,false,שקיות הקפאה שווה 200יח זוג,ח.כהן סוכנות מזון ומשקאות בע,,,"י""ח",200,"י""ח",false,1,7.90,0.04,false,1,
7290014205819,false,"שקיות אפור ""75/90  שווה""20 יח`ממוחזר",ח.כהן סוכנות מזון ומשקאות בע,,,"י""ח",20,"י""ח",false,1,17.90,0.90,true,1,
7290014205826,false,שקיות אשפה ירוק 52/65 שרוך שווה 50יח,ח.כהן סוכנות מזון ומשקאות בע,,,"י""ח",50,"י""ח",false,1,17.90,0.36,false,1,
7290014205857,false,"שקיות אפור ""75/90  שווה""20 יח`ממוחזר.",ח.כהן סוכנות מזון ומשקאות בע,,,"י""ח",20,"י""ח",false,1,10.90,0.55,true,1,
7290014205864,false,"שקיות כתום  75/90  ""שווה"" 50יח",ח.כהן סוכנות מזון ומשקאות בע,,,"י""ח",50,"י""ח",false,1,11.90,0.24,false,1,
7290014206021,false,מאפינס נייר קטנים 20יח שווה,ח.כהן סוכנות מזון ומשקאות בע,,,"י""ח",12,"י""ח",false,1,7.90,0.66,false,1,
7290014206120,false,תבניות נייר עגולות גדולות  3יח שווה,ח.כהן סוכנות מזון ומשקאות בע,,,"י""ח",12,"י""ח",false,1,9.90,0.83,false,1,
7290014206250,false,מפיות נייר 1/80 מעוטרות שווה,ח.כהן סוכנות מזון ומשקאות בע,,,"י""ח",80,"י""ח",false,1,6.90,0.09,true,1,
7290014206274,false,גפרור אקסטרה לארג שווה,ח.כהן סוכנות מזון ומשקאות בע,,,"י""ח",1,,false,1,6.90,6.90,true,1,
7290014206489,false,מפת שולחן מוטבעת שווה,ח.כהן סוכנות מזון ומשקאות בע,,,"י""ח",6,"י""ח",false,1,9.90,1.65,false,1,
7290014206502,false,שקיות אוכל בשקית 200יח שווה,ח.כהן סוכנות מזון ומשקאות בע,,,"י""ח",200,"י""ח",false,1,3.90,0.02,false,1,
7290014206519,false,שקיות הקפאה בשקית 200יח שווה,ח.כהן סוכנות מזון ומשקאות בע,,,"י""ח",2,"י""ח",false,1,7.90,3.95,false,1,
7290014206526,false,שקיות מזון מרשרש 150יח *3,ח.כהן סוכנות מזון ומשקאות בע,,,"י""ח",1,,false,1,13.90,13.90,true,1,
7290014206793,false,"כפפות ניילון ח""פ 100יח  שווה",ח.כהן סוכנות מזון ומשקאות בע,,,"י""ח",10,"י""ח",false,1,4.90,0.49,false,1,
7290014206861,false,סרדינים בשמן זית 125גר שווה,ח.כהן סוכנות מזון ומשקאות בע,,,"י""ח",125,ל  גרם,false,1,5.90,4.72,false,1,
7290014206885,false,אנשובי ארוך בפח בשמן חמניות 77ג שווה,ח.כהן סוכנות מזון ומשקאות בע,,,"י""ח",77,ל  גרם,false,1,6.90,8.96,false,1,
7290014206892,false,אנשובי צנצנת שמן חמניות  100ג שווה,ח.כהן סוכנות מזון ומשקאות בע,,,"י""ח",100,ל  גרם,false,1,12.90,12.90,false,1,
7290014206908,false,אננס שלם A2  שווה,ח.כהן סוכנות מזון ומשקאות בע,,,"י""ח",227,ל  גרם,false,1,7.90,3.48,false,1,
7290014206915,false,"לפתניה קשוף  ""שווה"" 20יח",ח.כהן סוכנות מזון ומשקאות בע,,,"י""ח",2000,ל  גרם,false,1,5.90,0.30,false,1,
7290014206922,false,"קערית אובלית קשוף  ""שווה"" 20יח",ח.כהן סוכנות מזון ומשקאות בע,,,"י""ח",2000,ל  גרם,false,1,6.90,0.35,false,1,
7290014206939,false,"מרקיה קשופה  ""שווה"" 20יח",ח.כהן סוכנות מזון ומשקאות בע,,,"י""ח",2000,ל  גרם,false,1,10.90,0.55,false,1,
7290014206953,false,"צלחת גדולה קשופה  ""שווה"" 20יח",ח.כהן סוכנות מזון ומשקאות בע,,,"י""ח",2000,ל  גרם,false,1,16.90,0.85,true,1,
7290014206960,false,"צלחת ענקית קשופה  ""שווה"" 20יח",ח.כהן סוכנות מזון ומשקאות בע,,,"י""ח",2000,ל  גרם,false,1,24.90,1.25,true,1,
7290014206984,false,"קערת סלט ענקית קשופה  ""שווה"" 10יח",ח.כהן סוכנות מזון ומשקאות בע,,,"י""ח",10,"י""ח",false,1,13.90,1.39,true,1,
7290014218321,false,בורקס  יפו מעדנות גבינה 600ג,תנובה בשר,,,"י""ח",600,ל  גרם,false,1,17.90,2.98,false,1,
7290014218338,false,"בורקס יפו מעדנות תפו""א  600ג",תנובה בשר,,,"י""ח",600,ל  גרם,false,1,15.90,2.65,false,1,
7290014218505,false,שלישיית פיצות בחבק *360ג תנובה,תנובה בשר,,,"י""ח",1.08,"ק""ג",false,1,34.90,32.31,false,1,
7290014218932,false,חטיפי פיצה  עם זיתים מעדנות,תנובה בשר,,,"י""ח",710,ל  גרם,false,1,33.90,4.77,false,1,
7290014288058,false,"להבונים 50 שקית  ""שווה""",ח.כהן סוכנות מזון ומשקאות בע,,,"י""ח",1,,false,1,10.90,10.90,true,1,
7290014288072,false,כריות יפניות רביעייה   שווה,ח.כהן סוכנות מזון ומשקאות בע,,,"י""ח",1,"י""ח",false,1,6.90,6.90,false,1,
7290014288089,false,סרטי קירצוף זוגות שווה איכותי,ח.כהן סוכנות מזון ומשקאות בע,,,"י""ח",10,"י""ח",false,1,5.90,0.59,false,1,
7290014288096,false,מטליות מיקרופייבר 5* ניקוי כלל   שווה,ח.כהן סוכנות מזון ומשקאות בע,,,"י""ח",3,"י""ח",false,1,9.90,3.30,false,1,
7290014288119,false,ממרקות מתכת  4יח שווה,ח.כהן סוכנות מזון ומשקאות בע,,,"י""ח",1,,false,1,5.90,5.90,false,1,
7290014288195,false,מפת שולחן אל בד 1.8/1.1,ח.כהן סוכנות מזון ומשקאות בע,,,"י""ח",1.80,מטר,false,1,6.90,3.83,false,1,
7290014288218,false,מפת שולחן אלבד עם ראנר   שווה,ח.כהן סוכנות מזון ומשקאות בע,,,,1,,false,1,8.90,8.90,true,1,
7290014288287,false,גליל אלבד חלק 20 מטר  שווה,ח.כהן סוכנות מזון ומשקאות בע,,,,1,,false,1,39.90,39.90,true,1,
7290014288294,false,גליל אלבד עם ראנר 20 מטר  שווה,ח.כהן סוכנות מזון ומשקאות בע,,,,1,,false,1,39.90,39.90,false,1,
7290014288300,false,טורטיה 8יח 320ג שווה,ח.כהן סוכנות מזון ומשקאות בע,,,"י""ח",320,ל  גרם,false,1,10.90,3.41,true,1,
7290014288317,false,טורטיה 6יח 420ג שווה,ח.כהן סוכנות מזון ומשקאות בע,,,"י""ח",320,ל  גרם,false,1,10.90,3.41,true,1,
7290014288324,false,טורטיה קמח מלא 8יח 320ג שווה,ח.כהן סוכנות מזון ומשקאות בע,,,"י""ח",320,ל  גרם,false,1,10.90,3.41,true,1,
7290014288379,false,ערמונים 100ג שווה,ח.כהן סוכנות מזון ומשקאות בע,,,"י""ח",100,ל  גרם,false,1,5.90,5.90,true,1,
7290014288409,false,"רוטב טריאקי 300מ""ל     שווה",ח.כהן סוכנות מזון ומשקאות בע,,,"י""ח",500,"ל  מ""ל",false,1,9.90,1.98,false,1,
7290014288461,false,"נר נשמה פחית ""שווה""",ח.כהן סוכנות מזון ומשקאות בע,,,"י""ח",1,,false,1,2.90,2.90,true,1,
7290014288584,false,נייר אפיה 50יח איכותי  שווה,ח.כהן סוכנות מזון ומשקאות בע,,,"י""ח",50,"י""ח",false,1,9.90,0.20,true,1,
7290014288607,false,רדיד אלומיניום 7.5/45 ארוך שווה 14,ח.כהן סוכנות מזון ומשקאות בע,,,,10,"י""ח",false,1,6.90,0.69,false,1,
7290014288614,false,רדיד אלומיניום קצר כוכבים  גבוה/עבה 16M,ח.כהן סוכנות מזון ומשקאות בע,,,,10,"י""ח",false,1,21.90,2.19,false,1,
7290014288621,false,רדיד אלומיניום ארוך כוכבים שווה 16M,ח.כהן סוכנות מזון ומשקאות בע,,,,10,"י""ח",false,1,26.90,2.69,false,1,
7290014288683,false,מגש אובלי ענק 20יח שווה,ח.כהן סוכנות מזון ומשקאות בע,,,"י""ח",20,"י""ח",false,1,18.90,0.95,false,1,
7290014288706,false,קערת סלט ענקית 10יח שווה,ח.כהן סוכנות מזון ומשקאות בע,,,"י""ח",10,"י""ח",false,1,9.90,0.99,false,1,
7290014288720,false,כוסות וודקה 350CC שווה,ח.כהן סוכנות מזון ומשקאות בע,,,,10,"י""ח",false,1,9.90,0.99,false,1,
7290014288737,false,"כוסות חד פעמי מעוטרות 40יח 285מ""ל שווה",ח.כהן סוכנות מזון ומשקאות בע,,,"י""ח",40,"י""ח",false,1,12.90,0.32,false,1,
7290014288744,false,"נר נשמה שבועי   בזכוכית""שווה""",ח.כהן סוכנות מזון ומשקאות בע,,,"י""ח",1,,false,1,9.90,9.90,false,1,
7290014288843,false,נרות שבת מספרים שווה,ח.כהן סוכנות מזון ומשקאות בע,,,"י""ח",1,,false,1,3.90,3.90,false,1,
7290014298996,false,"בקבוק תרמי לשתיה קרה/חמה  500 מ""ל",מוסקו בעמ,,,"י""ח",1,,false,1,59.90,59.90,false,1,
7290014356061,false,ספגטי 500גר שדות,אחים אגא (א.מ.) שיווק,,,"י""ח",500,ל  גרם,false,1,4.90,0.98,true,1,
7290014356078,false,פסטה פנה  500גר שדות,אחים אגא (א.מ.) שיווק,,,"י""ח",500,ל  גרם,false,1,4.90,0.98,true,1,
7290014356085,false,פסטה מסולסלת  500גר שדות,אחים אגא (א.מ.) שיווק,,,"י""ח",500,ל  גרם,false,1,4.90,0.98,true,1,
7290014356092,false,ספגטי 500גר שדות,אחים אגא (א.מ.) שיווק,,,"י""ח",500,ל  גרם,false,1,4.90,0.98,true,1,
7290014356108,false,פסטה קרניים  500גר שדות,אחים אגא (א.מ.) שיווק,,,"י""ח",500,ל  גרם,false,1,4.90,0.98,true,1,
7290014356207,false,"שמן קנולה בריאות""שדות""בד""ץ  1ל",אחים אגא (א.מ.) שיווק,,,"י""ח",1,ליטר,false,1,13.90,13.90,true,1,
7290014356450,false,פסטה צדפים  500גר שדות,אחים אגא (א.מ.) שיווק,,,"י""ח",500,ל  גרם,false,1,4.90,0.98,true,1,
7290014356535,false,פסטה פרפרים  500גר שדות,אחים אגא (א.מ.) שיווק,,,"י""ח",500,ל  גרם,false,1,4.90,0.98,true,1,
7290014356917,false,חצאי אפרסק בסירופ קל 820גר שדות,אחים אגא (א.מ.) שיווק,,,"י""ח",820,ל  גרם,false,1,8.90,1.09,false,1,
7290014356962,false,פתיתים בצורת קוסקוס 500ג אגא,אחים אגא (א.מ.) שיווק,,,"י""ח",500,ל  גרם,false,1,4.50,0.90,true,1,
7290014356979,false,פתיתים בצורת אורז 500ג אגא,אחים אגא (א.מ.) שיווק,,,"י""ח",500,ל  גרם,false,1,4.50,0.90,true,1,
7290014397163,false,פרש אוטומטיק בניחוח FLORAL HARMONY,החב הדרומית לשיווק,,,"י""ח",165,ל  גרם,false,1,13.90,8.42,false,1,
7290014397170,false,פרש אוטומטיק בניחוח SOFT BALANCE,החב הדרומית לשיווק,,,"י""ח",165,ל  גרם,false,1,13.90,8.42,false,1,
7290014397286,false,מרכך כביסה מקסימה 1 ליטר מרוכז,החב הדרומית לשיווק,,,"י""ח",1,ליטר,false,1,17.50,17.50,false,1,
7290014397767,false,ריצפז פרש הום כותנה מלטפת 2ל,החב הדרומית לשיווק,,,"י""ח",1.45,ליטר,false,1,21.90,15.10,false,1,
7290014397774,false,ריצפז פרש  הום טבע רענן 2ל לרצפה,החב הדרומית לשיווק,,,"י""ח",1.45,ליטר,false,1,21.90,15.10,false,1,
7290014397873,false,מרכך כביסה  מקסימה GENTLE BREEZE י4ל`,החב הדרומית לשיווק,,,"י""ח",4,ליטר,false,1,21.90,5.48,false,1,
7290014426061,false,משחת שיניים הלו קיטי,גורי ע.ע.ע. בעמ,,,"י""ח",50,ל  גרם,false,1,13.80,27.60,false,1,
7290014435360,false,חומוס עם רוטב חריף 400ג,סלטי שמיר2006בעמ,,,"י""ח",400,ל  גרם,false,1,11.90,2.98,true,1,
7290014435377,false,חומוס עם רוטב מסבחה 400ג,סלטי שמיר2006בעמ,,,"י""ח",400,ל  גרם,false,1,11.90,2.98,true,1,
7290014435384,false,חומוס עם טחינה מיוחדת  400ג,סלטי שמיר2006בעמ,,,"י""ח",400,ל  גרם,false,1,11.90,2.98,true,1,
7290014435391,false,חומוס אורגינל עם גרגרים   400ג,סלטי שמיר2006בעמ,,,"י""ח",400,ל  גרם,false,1,11.90,2.98,true,1,
7290014435872,false,סלט הרינג  עם מיונז  200ג,סלטי שמיר2006בעמ,,,"י""ח",200,ל  גרם,false,1,19.90,9.95,false,1,
7290014435889,false,סלט מטיאס  עם מיונז  200ג,סלטי שמיר2006בעמ,,,"י""ח",200,ל  גרם,false,1,19.90,9.95,false,1,
7290014435896,false,סלט סלמון עם מיונז  200ג,סלטי שמיר2006בעמ,,,"י""ח",200,ל  גרם,false,1,23.90,11.95,false,1,
7290014455320,false,כדור מוצרלה פרסקה 100ג,מחלבות גד,,,"י""ח",100,ל  גרם,false,1,8.90,8.90,false,1,
7290014459632,false,"תפוגן צ יפס טוגן 1.5 ק""ג",קבוצת אוסם סחר-שות.מוגבלת,,,"י""ח",1.50,"ק""ג",false,1,17.90,11.93,false,1,
7290014466128,false,"יין הר חרמון אינדיגו 750 מ""ל",היכל היין שקד גולן בעמ,,,"י""ח",750,"ל  מ""ל",false,1,35.90,4.75,true,1,
7290014466463,false,"יין הר חרמון מוסקטו 750 מ""ל",היכל היין שקד גולן בעמ,,,"י""ח",750,"ל  מ""ל",false,1,35.90,4.75,true,1,
7290014471412,false,"מוזלי בוטנים אגוזים ושקדים 1ק""ג",דין שיווק וקליה 2021 בעמ,,,"י""ח",0,"ק""ג",false,1,19.90,19.90,true,1,
7290014471436,false,"מוזלי צימוקים תפוח קינמון רגעיני חמ 1ק""ג",דין שיווק וקליה 2021 בעמ,,,"י""ח",0,"ק""ג",false,1,19.90,19.90,true,1,
7290014471443,false,"גרנולה אגוזים 1ק""ג",דין שיווק וקליה 2021 בעמ,,,"י""ח",0,"ק""ג",false,1,19.90,19.90,true,1,
7290014472433,false,קונפיטורה תות שדה 450גר,דין שיווק וקליה 2021 בעמ,,,"י""ח",450,ל  גרם,false,1,13.90,3.09,false,1,
7290014472440,false,קונפיטורה תפוז 70% פרי 450גר,דין שיווק וקליה 2021 בעמ,,,"י""ח",450,ל  גרם,false,1,13.90,3.09,false,1,
7290014503144,false,"יין כנען דלתון לבן 750מ""ל",הכרם משקאות חריפים בעמ,,,"י""ח",750,"ל  מ""ל",false,1,35.20,4.65,true,1,
7290014525009,false,חטיף בריאות בטעם יוגורט במילוי תפוח,ש.שסטוביץ בעמ,,,"י""ח",283,ל  גרם,false,1,13.90,4.91,true,1,
7290014525016,false,חטיף בריאות בטעם יוגורט במילוי תות שדה,ש.שסטוביץ בעמ,,,"י""ח",283,ל  גרם,false,1,13.90,4.91,true,1,
7290014525023,false,חטיף בריאות במילוי פירות יער,ש.שסטוביץ בעמ,,,"י""ח",283,ל  גרם,false,1,13.90,4.91,true,1,
7290014525177,false,מרבה סלים פרוט בטעם יוגורט ופירות יע 1,ש.שסטוביץ בעמ,,,"י""ח",120,ל  גרם,false,1,13.90,11.58,true,1,
7290014525290,false,מרבה סלים דלים קריספי תות 125ג,ש.שסטוביץ בעמ,,,"י""ח",120,ל  גרם,false,1,13.90,11.58,true,1,
7290014525306,false,מרבה סלים דלים קריספי אוכמניות  125ג,ש.שסטוביץ בעמ,,,"י""ח",120,ל  גרם,false,1,13.90,11.58,true,1,
7290014525313,false,מרבה סלים דלים קריספי שוקולד  125ג,ש.שסטוביץ בעמ,,,"י""ח",120,ל  גרם,false,1,13.90,11.58,true,1,
7290014525665,false,על חלל עוגיות קקאו עם סוכריות שוקולד .,ש.שסטוביץ בעמ,,,"י""ח",140,ל  גרם,false,1,9.90,7.07,false,1,
7290014525672,false,על חלל עוגיות עם סוכריות שוקולד ח.,ש.שסטוביץ בעמ,,,"י""ח",140,ל  גרם,false,1,9.90,7.07,false,1,
7290014555082,false,מים מזוקקים 4ל מקסול,סאסאטק אגשח בעמ,,,"י""ח",1,,false,1,11.90,11.90,false,1,
7290014603028,false,סולרו וניל ותות שדה,גלידות שטראוס בעמ,,,"י""ח",76,ל  גרם,false,1,7.90,10.39,true,1,
7290014673007,false,תערובת עשבי תיבול סגנון ים תיכוני 40ג,א.ל.יצור ושיווקתבלינים בעמ,,,"י""ח",40,ל  גרם,false,1,11.50,28.75,true,1,
7290014673021,false,פלפל שחור שלם 100גר,א.ל.יצור ושיווקתבלינים בעמ,,,"י""ח",100,ל  גרם,false,1,14.50,14.50,false,1,
7290014673045,false,תערובת תיבול לציפס 100ג,א.ל.יצור ושיווקתבלינים בעמ,,,"י""ח",100,ל  גרם,false,1,11.50,11.50,true,1,
7290014673052,false,תערובת תיבול לתפוחי אדמה 120ג,א.ל.יצור ושיווקתבלינים בעמ,,,"י""ח",120,ל  גרם,false,1,11.50,9.58,true,1,
7290014673359,false,מלח לימון 400גר,א.ל.יצור ושיווקתבלינים בעמ,,,"י""ח",400,ל  גרם,false,1,21.90,5.48,false,1,
7290014673366,false,"כורכום 250 גר. בצנצנת כשל""פ",א.ל.יצור ושיווקתבלינים בעמ,,,"י""ח",250,ל  גרם,false,1,21.90,8.76,false,1,
7290014673373,false,פפריקה חריפה 250 גר בצנצנת,א.ל.יצור ושיווקתבלינים בעמ,,,"י""ח",250,ל  גרם,false,1,21.90,8.76,false,1,
7290014673380,false,כמון 250 גר בצנצנת,א.ל.יצור ושיווקתבלינים בעמ,,,"י""ח",250,ל  גרם,false,1,21.90,8.76,false,1,
7290014673403,false,פלפל שחור טחון 250 גר בצנצנת,א.ל.יצור ושיווקתבלינים בעמ,,,"י""ח",250,ל  גרם,false,1,27.90,11.16,false,1,
7290014673410,false,פלפל גרוס דק 250 גר בצנצנת,א.ל.יצור ושיווקתבלינים בעמ,,,"י""ח",250,ל  גרם,false,1,27.90,11.16,false,1,
7290014673434,false,פלפל שחור גרוס דק  שקית 80ג,א.ל.יצור ושיווקתבלינים בעמ,,,"י""ח",80,ל  גרם,false,1,8.90,11.13,false,1,
7290014673557,false,זעפרן אמיתי 0.5גרם,א.ל.יצור ושיווקתבלינים בעמ,,,"י""ח",5,ל  גרם,false,1,19.90,398,false,1,
7290014673618,false,זנגביל הודי40 גרם,א.ל.יצור ושיווקתבלינים בעמ,,,"י""ח",40,ל  גרם,false,1,11.50,28.75,false,1,
7290014674004,false,קריספי פירורי לחם שומשום ומלח ים 300גר,א.ל.יצור ושיווקתבלינים בעמ,,,"י""ח",300,ל  גרם,false,1,7.90,2.63,true,1,
7290014692305,false,גבינת קממבר  125ג  ויליפוד,ג.וילי פוד אינטרנשיונל בעמ,,,"י""ח",125,ל  גרם,false,1,15.90,12.72,false,1,
7290014692541,false,צהובה מגורדת 500ג Golden,ג.וילי פוד אינטרנשיונל בעמ,,,"י""ח",500,ל  גרם,false,1,19.90,3.98,false,1,
7290014692565,false,גרעיני תירס מתוק 285/320ג,ג.וילי פוד אינטרנשיונל בעמ,,,"י""ח",320,ל  גרם,false,1,5.90,1.84,true,1,
7290014748613,false,מקלוני דגים בציפוי צ`יפס 600 ג,קבוצת אוסם סחר-שות.מוגבלת,,,"י""ח",170,ל  גרם,false,1,28.90,17,false,1,
7290014749245,false,עוף טוב ספיישל רצועות שניצל 600גר,קבוצת אוסם סחר-שות.מוגבלת,,,"י""ח",700,ל  גרם,false,1,39.90,5.70,true,1,
7290014749764,false,שניצל עוף ביתי עדין ן עוף טוב 700גר,קבוצת אוסם סחר-שות.מוגבלת,,,"י""ח",700,ל  גרם,false,1,33.90,4.84,true,1,
7290014749863,false,שניצל דק ענק קריספי צ`יפס עוף טוב,קבוצת אוסם סחר-שות.מוגבלת,,,"י""ח",720,ל  גרם,false,1,29.90,4.15,true,1,
7290014758100,false,מאגדת *8יוגורט BIO 3% 150ג,תנובה בעמ ***,,,"י""ח",1.20,ליטר,false,1,17.40,14.50,true,1,
7290014758117,false,מאגדת *8יוגורט BIO 1.5% 150ג,תנובה בעמ ***,,,"י""ח",1.20,ליטר,false,1,17.40,14.50,true,1,
7290014758124,false,יוגורט תנובה ביו,תנובה בעמ ***,,,"י""ח",200,ל  גרם,false,1,2.90,1.45,false,1,
7290014758131,false,יוגורט תנובה ביו,תנובה בעמ ***,,,"י""ח",200,ל  גרם,false,1,1.90,0.95,false,1,
7290014758162,false,חלב עיזים מלא 3.6%,תנובה בעמ ***,,,"י""ח",1,ליטר,false,1,15.40,15.40,false,1,
7290014758681,false,קוט ג  }1%  למריחה  תנובה{250גר%,תנובה בעמ ***,,,"י""ח",275,ל  גרם,false,1,5.90,2.15,false,1,
7290014759084,false,נפוליאון 16% סקיני 225גר,תנובה בעמ ***,,,"י""ח",225,ל  גרם,false,1,14.10,6.27,false,1,
7290014760134,false,מעדן סויה טעם וניל,תנובה בעמ ***,,,"י""ח",125,"ל  מ""ל",false,1,4.30,3.44,false,1,
7290014760141,false,משקה שקדים טרי 1ל,תנובה בעמ ***,,,"י""ח",1,ליטר,false,1,13.90,13.90,true,1,
7290014760448,false,גלבוע פרוס 22% 400ג,תנובה בעמ ***,,,"י""ח",400,ל  גרם,false,1,22.90,5.73,false,1,
7290014760912,false,גוש חלב 28% מהדרין 400ג,תנובה בעמ ***,,,"י""ח",400,ל  גרם,false,1,26.90,6.73,false,1,
7290014761056,false,YOLO מעדן שוקולד חלב מעולה,תנובה בעמ ***,,,"י""ח",123,"ל  מ""ל",false,1,4.60,3.74,false,1,
7290014761063,false,YOLO מעדן שוקולד מריר  מעולה,תנובה בעמ ***,,,"י""ח",123,"ל  מ""ל",false,1,4.60,3.74,false,1,
7290014761070,false,YOLO מעדן שוקולד לבן מעולה,תנובה בעמ ***,,,"י""ח",123,"ל  מ""ל",false,1,4.60,3.74,false,1,
7290014761377,false,"קרלו שוקולד קצפת בד""ץ 126גר",תנובה בעמ ***,,,"י""ח",95,"ל  מ""ל",false,1,2.50,2.63,false,1,
7290014761414,false,YOLO מעדן שכבות שוקולד חלב ולבן,תנובה בעמ ***,,,"י""ח",123,"ל  מ""ל",false,1,4.60,3.74,false,1,
7290014761612,false,YOLO מעדן שוקולד מריר ולבן,תנובה בעמ ***,,,"י""ח",123,"ל  מ""ל",false,1,4.50,3.66,false,1,
7290014761698,false,"עמק סמי מעדנייה 600ג בד""ץ",תנובה בעמ ***,,,"י""ח",600,ל  גרם,false,1,29.90,4.98,false,1,
7290014762800,false,מעדן סויה בטעם שוקולד  בגביע 125ג,תנובה בעמ ***,,,"י""ח",125,"ל  מ""ל",false,1,4.30,3.44,false,1,
7290014762831,false,נפוליאון עם חלפיניו 225 ג`,תנובה בעמ ***,,,"י""ח",225,ל  גרם,false,1,14.10,6.27,false,1,
7290014762909,false,מוצרלה פתיתים 20% שומן 200ג,תנובה בעמ ***,,,"י""ח",200,ל  גרם,false,1,16.90,8.45,false,1,
7290014791336,false,מי מינרלים בודד ליטר,יפאורה שותפות מוגבלת לשיווק,,,"י""ח",500,"ל  מ""ל",false,1,4.20,0.78,false,1,
7290014791725,false,שוופס מוגז עדין 0.5 ליטר תפוח,יפאורה שותפות מוגבלת לשיווק,,,"י""ח",500,"ל  מ""ל",false,1,6.50,1.24,true,1,
7290014803565,false,צנימים חיטה מלאה 300ג,נאמן לאורך זמן בעמ,,,"י""ח",300,ל  גרם,false,1,11.90,3.97,false,1,
7290014855434,false,מגבונים בייבי סיטר פרפורמנס רבעייה מבו,שקד תבל בעמ,,,"י""ח",1,,false,1,15.90,15.90,true,1,
7290014855458,false,מגבונים בייבי סיטר פרפורמנס רבעייה ללא,שקד תבל בעמ,,,"י""ח",1,,false,1,15.90,15.90,true,1,
7290014860063,false,מקלוני אורז ללא גלוטן 454ג,מזרח ומערב יבוא ושיווק,,,"י""ח",454,ל  גרם,false,1,7.90,1.74,false,1,
7290014860070,false,"מקלוני אורז ללא גלוטן 5מ""מ 454גר",מזרח ומערב יבוא ושיווק,,,"י""ח",454,ל  גרם,false,1,10.90,2.40,true,1,
7290014901896,false,"סנסודין מי פה 500 מ""ל",גורי ע.ע.ע. בעמ,,,"י""ח",300,"ל  מ""ל",false,1,19.90,6.63,true,1,
7290014905733,false,"הפי פרפקט לשמשות 750מ""ל",יעקב יעקבי ובניו בעמ,,,"י""ח",750,"ל  מ""ל",false,1,8.90,1.19,true,1,
7290014935358,false,שעועית ירוקה,ביכורי השדה צפון 1994 ג.ד. בעמ,,,"י""ח",1,,false,1,14.90,14.90,false,1,
7290014940901,false,לחם פשוט מלא.אנגל,שלמה א.אנג ל בעמ,,,"י""ח",750,ל  גרם,false,1,14.90,1.99,false,1,
7290014973060,false,סלומון  נורבגי מעושן 100 גרם,לפ הרמס דגים בעמ,,,"י""ח",100,ל  גרם,false,1,21.90,21.90,false,1,
7290014973329,false,הרינג אדום 200גר,בידאני נתן,,,"י""ח",200,ל  גרם,false,1,21.90,10.95,false,1,
7290014973336,false,הרינג כבוש 200גר,בידאני נתן,,,"י""ח",200,ל  גרם,false,1,21.90,10.95,false,1,
7290014973374,false,מקרל 200גר,בידאני נתן,,,"י""ח",200,ל  גרם,false,1,26.90,13.45,false,1,
7290014973381,false,ממרח סלומון  200גר,בידאני נתן,,,"י""ח",200,ל  גרם,false,1,19.90,9.95,false,1,
7290014973664,false,איקרא אדומה 250גר,בידאני נתן,,,"י""ח",250,ל  גרם,false,1,15.90,6.36,false,1,
7290014973671,false,איקרא לבנה 250גר,בידאני נתן,,,"י""ח",250,ל  גרם,false,1,15.90,6.36,false,1,
7290014974593,false,גביעי גלידריה 1/12 ללא גלוטן,ח.כהן סוכנות מזון ומשקאות בע,,,"י""ח",12,"י""ח",false,1,16.90,1.41,false,1,
7290015005555,false,"צ`פס אמריקאי 2ק""ג פרי גליל",ויטה- פרי גליל (החדשה) בעמ,,,"י""ח",2,"ק""ג",false,1,21.90,10.95,false,1,
7290015014168,false,בייבי מיקס בוסטן,ביכורי השדה צפון 1994 ג.ד. בעמ,,,"י""ח",300,ל  גרם,false,1,9.90,3.30,false,1,
7290015014182,false,לבבות קיסר,ביכורי השדה צפון 1994 ג.ד. בעמ,,,"י""ח",300,ל  גרם,false,1,9.90,3.30,true,1,
7290015014427,false,אורגנו,ביכורי השדה צפון 1994 ג.ד. בעמ,,,"י""ח",1,,false,1,6.90,6.90,false,1,
7290015014458,false,מרווה,ביכורי השדה צפון 1994 ג.ד. בעמ,,,"י""ח",1,,false,1,6.90,6.90,false,1,
7290015014465,false,רוזמרין,ביכורי השדה צפון 1994 ג.ד. בעמ,,,"י""ח",1,,false,1,6.90,6.90,false,1,
7290015014472,false,טימין,ביכורי השדה צפון 1994 ג.ד. בעמ,,,"י""ח",1,,false,1,6.90,6.90,false,1,
7290015014922,false,שרי צהוב ארוז שמיטה,ביכורי השדה צפון 1994 ג.ד. בעמ,,,"י""ח",1,,false,1,11.90,11.90,false,1,
7290015037563,false,סלק,יעל ירק עלים לשיווק בעמ,,,"י""ח",1,,false,1,7.80,7.80,false,1,
7290015039055,false,"רוטב צ ילי חריף 700 מ""ל",ג.וילי פוד אינטרנשיונל בעמ,,,"י""ח",700,"ל  מ""ל",false,1,9.90,1.41,false,1,
7290015039246,false,טונה וילפוד 4 יחידות בשמן צימחי,ג.וילי פוד אינטרנשיונל בעמ,,,"י""ח",640,ל  גרם,false,1,19.90,3.11,false,1,
7290015039338,false,נתחי טונה במים רביעייה 160ג,ג.וילי פוד אינטרנשיונל בעמ,,,"י""ח",640,ל  גרם,false,1,19.90,3.11,false,1,
7290015039499,false,"עוגיות איטלקיות מובחרות 1ק""ג",ג.וילי פוד אינטרנשיונל בעמ,,,"י""ח",1,"ק""ג",false,1,12.90,12.90,true,1,
7290015139267,false,שוקולד פרמיום מריר ללס שקדים 85ג,כרמית תעשיות ממתקים בעמ,,,"י""ח",85,ל  גרם,false,1,6.90,8.12,true,1,
7290015139526,false,חופשי וופל בציפוי ומילוי שוקו 125גר לל,כרמית תעשיות ממתקים בעמ,,,"י""ח",125,ל  גרם,false,1,10.90,8.72,false,1,
7290015139533,false,חופשי וופל לימון 200גר ללא גלוטן,כרמית תעשיות ממתקים בעמ,,,"י""ח",200,ל  גרם,false,1,10.90,5.45,false,1,
7290015139557,false,חופשי וופל שוקו 200גר ללא גלוטן,כרמית תעשיות ממתקים בעמ,,,"י""ח",200,ל  גרם,false,1,10.90,5.45,false,1,
7290015139571,false,חופשי וופל בארים 25גר ללא גלוטן,כרמית תעשיות ממתקים בעמ,,,"י""ח",25,ל  גרם,false,1,10.90,43.60,false,1,
7290015150088,false,מחית עגבניות בלה איטליה 700גר,תה ויסוצקי (ישראל)בעמ,,,"י""ח",700,ל  גרם,false,1,12.50,1.79,true,1,
7290015150118,false,עגבניות חתוכות בלה איטליה   400ג3X,תה ויסוצקי (ישראל)בעמ,,,"י""ח",400,ל  גרם,false,1,16.90,4.23,false,1,
7290015150361,false,תה ירוק נענע סטיביה,תה ויסוצקי (ישראל)בעמ,,,"י""ח",1,,false,1,24.90,24.90,true,1,
7290015155823,false,פרינוק מחית תפוח 120ג פאוץ,גורי מוצרי צריכה בעמ,,,"י""ח",120,ל  גרם,false,1,6.60,5.50,true,1,
7290015155830,false,פרינוק מחית תפוח ובננה 120ג,גורי מוצרי צריכה בעמ,,,"י""ח",120,ל  גרם,false,1,6.60,5.50,true,1,
7290015155847,false,פרינוק מחית תסלט פירות  120ג,גורי מוצרי צריכה בעמ,,,"י""ח",120,ל  גרם,false,1,6.60,5.50,true,1,
7290015155892,false,חטיפטף בטעם בננה 31גר,גורי מוצרי צריכה בעמ,,,"י""ח",1,,false,1,6.90,6.90,false,1,
7290015156769,false,פרינוק מחית תפוח ואוכמניות 120ג,גורי מוצרי צריכה בעמ,,,"י""ח",120,ל  גרם,false,1,6.60,5.50,true,1,
7290015156776,false,פרינוק מחית פירות טרופיים 120ג,גורי מוצרי צריכה בעמ,,,"י""ח",120,ל  גרם,false,1,6.60,5.50,true,1,
7290015156790,false,פרינוק מחית לפתן פירות 120ג,גורי מוצרי צריכה בעמ,,,"י""ח",120,ל  גרם,false,1,6.60,5.50,true,1,
7290015156813,false,פרינוק מחית פירות מעורבים 120ג,גורי מוצרי צריכה בעמ,,,"י""ח",120,ל  גרם,false,1,6.60,5.50,true,1,
7290015164832,false,מחית קארי ירוקה 400גר,מזרח ומערב יבוא ושיווק,,,"י""ח",400,ל  גרם,false,1,19.90,4.98,false,1,
7290015176385,false,מברשת ש. ילדים כחול פוגיקום,פוגיקום בעמ,,,"י""ח",1,,false,1,39.90,39.90,true,1,
7290015282390,false,תורכי  200ג,סלטי שמיר2006בעמ,,,"י""ח",200,ל  גרם,false,1,12.90,6.45,true,1,
7290015282581,false,חומוס אבו גוש עם חריף 200ג,סלטי שמיר2006בעמ,,,"י""ח",200,ל  גרם,false,1,11.90,5.95,true,1,
7290015282598,false,חומוס מסעדות  200ג,סלטי שמיר2006בעמ,,,"י""ח",200,ל  גרם,false,1,11.90,5.95,true,1,
7290015282604,false,טחינה מיוחדת  200ג,סלטי שמיר2006בעמ,,,"י""ח",200,ל  גרם,false,1,11.90,5.95,true,1,
7290015282628,false,חציל בטעם כבד  200ג,סלטי שמיר2006בעמ,,,"י""ח",200,ל  גרם,false,1,12.90,6.45,true,1,
7290015282635,false,חומוס מסבחה  200ג,סלטי שמיר2006בעמ,,,"י""ח",200,ל  גרם,false,1,11.90,5.95,true,1,
7290015282642,false,חומוס אבו גוש  200ג,סלטי שמיר2006בעמ,,,"י""ח",200,ל  גרם,false,1,11.90,5.95,true,1,
7290015282666,false,סלט טונה בריאות 200ג,סלטי שמיר2006בעמ,,,"י""ח",200,ל  גרם,false,1,18.90,9.45,false,1,
7290015282673,false,חציל במיונז ביתי   200ג,סלטי שמיר2006בעמ,,,"י""ח",200,ל  גרם,false,1,11.90,5.95,true,1,
7290015282697,false,כרוב אדום  200ג,סלטי שמיר2006בעמ,,,"י""ח",200,ל  גרם,false,1,12.90,6.45,true,1,
7290015282710,false,קוביות סלק  200ג,סלטי שמיר2006בעמ,,,"י""ח",200,ל  גרם,false,1,11.90,5.95,true,1,
7290015282727,false,גזר מרוקאי ברוטב פיקנטי  200ג,סלטי שמיר2006בעמ,,,"י""ח",200,ל  גרם,false,1,12.90,6.45,true,1,
7290015282734,false,מטבוחה ביתית  200ג,סלטי שמיר2006בעמ,,,"י""ח",200,ל  גרם,false,1,12.90,6.45,true,1,
7290015282741,false,חציל תאילנדי  200ג,סלטי שמיר2006בעמ,,,"י""ח",200,ל  גרם,false,1,12.90,6.45,true,1,
7290015282789,false,סלט  טונה טוניסאית  200ג,סלטי שמיר2006בעמ,,,"י""ח",200,ל  גרם,false,1,14.90,7.45,false,1,
7290015282796,false,תפוח אדמה  200ג,סלטי שמיר2006בעמ,,,"י""ח",200,ל  גרם,false,1,12.90,6.45,true,1,
7290015320047,false,עוגיות בטעם חמאה 114ג,יעד ממתקים בעמ,,,"י""ח",114,ל  גרם,false,1,6.90,6.05,true,1,
7290015325752,false,מגבונים אסותא רביעייה לתינוק,עיסא ערטול בעמ-סוכן הנקל סוד,,,"י""ח",4,"י""ח",false,1,17.90,4.48,false,1,
7290015347174,false,"אורז בסגנון פרסי סלקטד 1ק""ג מיה כשל""פ",מיה תעשיות מזון מ.ת.מ בעמ,,,"י""ח",1,"ק""ג",false,1,11.90,11.90,false,1,
7290015347273,false,נטיפי שוקולד 250ג מיה,מיה תעשיות מזון מ.ת.מ בעמ,,,"י""ח",250,ל  גרם,false,1,8.90,3.56,false,1,
7290015347358,false,סודה לשתיה 50 גר בקרטון,מיה תעשיות מזון מ.ת.מ בעמ,,,"י""ח",150,ל  גרם,false,1,1.90,1.27,false,1,
7290015347686,false,"צ`ילי 50גר שקית כשל""פ",מיה תעשיות מזון מ.ת.מ בעמ,,,"י""ח",50,ל  גרם,false,1,8.90,17.80,false,1,
7290015348096,false,"למברסקו אמיליאנו רוזה 750מ""ל",טמפו משקאות בעמ,,,"י""ח",750,"ל  מ""ל",false,1,29.90,3.95,true,1,
7290015348423,false,תירוש משפחה  1ליטר,טמפו משקאות בעמ,,,"י""ח",7.50,"י""ח",false,1,15.90,2.08,true,1,
7290015350136,false,"יין קברנה סוביניון 750מ""ל Free Run",טמפו משקאות בעמ,,,"י""ח",750,"ל  מ""ל",false,1,59.90,7.95,true,1,
7290015354899,false,חרדל דיזון מעודן  350ג,דיפלומט מפיצים (1968) בעמ**,,,"י""ח",350,ל  גרם,false,1,12.90,3.69,false,1,
7290015366663,false,אקווה פרש מנטה משחה 100,גורי ע.ע.ע. בעמ,,,"י""ח",100,ל  גרם,false,1,8.90,8.90,true,1,
7290015366670,false,אקווה פרש משחת שיניים 100,גורי ע.ע.ע. בעמ,,,"י""ח",100,ל  גרם,false,1,8.90,8.90,true,1,
7290015374279,false,"סיגר במילוי בשר בד""צ 400גר",חטיפי אלקיים בעמ ~~~,,,"י""ח",400,ל  גרם,false,1,11.90,2.98,false,1,
7290015374323,false,"קובה ביתי במילוי בשר בד""צ 400גר",חטיפי אלקיים בעמ ~~~,,,"י""ח",400,ל  גרם,false,1,11.90,2.98,false,1,
7290015374330,false,"קובה מרק בד""צ 400גר",חטיפי אלקיים בעמ ~~~,,,"י""ח",400,ל  גרם,false,1,11.90,2.98,false,1,
7290015417235,false,קישוא אורגני,ביכורי השדה צפון 1994 ג.ד. בעמ,,,"י""ח",1,,false,1,9.90,9.90,false,1,
7290015446631,false,חטיף חלבון טעם קרם עוגיות 50ג,דיפלומט מפיצים (1968) בעמ**,,,"י""ח",50,ל  גרם,false,1,11.90,23.80,false,1,
7290015597210,false,מאגדת טילון קורנטו פרווה 1/6,גלידות שטראוס בעמ,,,"י""ח",378,ל  גרם,false,1,34.90,9.23,false,1,
7290015597937,false,קורנטו קלאסיק וניל עם צימוקים,גלידות שטראוס בעמ,,,"י""ח",70,ל  גרם,false,1,8.90,12.71,false,1,
7290015603546,false,"שימורי קרם קוקוס 19% 400מ""ל כשל""פ",מזרח ומערב יבוא ושיווק,,,"י""ח",400,ל  גרם,false,1,10.90,2.73,false,1,
7290015603560,false,"שימורי קרם קוקוס 20-22% 400מ""ל",מזרח ומערב יבוא ושיווק,,,"י""ח",400,"ל  מ""ל",false,1,10.90,2.73,false,1,
7290015603584,false,ג`יג`ר לבן כבוש 160ג,מזרח ומערב יבוא ושיווק,,,"י""ח",160,ל  גרם,false,1,9.50,5.94,false,1,
7290015652070,false,קשיו קלוי 150גר,דין שיווק וקליה 2021 בעמ,,,"י""ח",150,ל  גרם,false,1,13.90,9.27,false,1,
7290015652124,false,"רוטב סריראצה חריף מאוד""אהרוני ג""450",דין שיווק וקליה 2021 בעמ,,,"י""ח",450,"ל  מ""ל",false,1,16.90,3.76,false,1,
7290015652254,false,גרעיני חמניה קלויים 400גרם ששון הקולה,דין שיווק וקליה 2021 בעמ,,,"י""ח",400,ל  גרם,false,1,9.90,2.48,false,1,
7290015652261,false,בוטנים קלויים 300 גרם,דין שיווק וקליה 2021 בעמ,,,"י""ח",300,ל  גרם,false,1,9.90,3.30,false,1,
7290015652278,false,תערובת פיצוחים 250גר ששון הקולה,דין שיווק וקליה 2021 בעמ,,,"י""ח",250,ל  גרם,false,1,20,8,false,1,
7290015652292,false,קבוקים עם שומשום 400 גרם,דין שיווק וקליה 2021 בעמ,,,"י""ח",400,ל  גרם,false,1,10,2.50,false,1,
7290015652308,false,מנצ`ס 300גרם,דין שיווק וקליה 2021 בעמ,,,"י""ח",300,ל  גרם,false,1,10,3.33,false,1,
7290015652315,false,חמוציות מסוכרות 300 גרם,דין שיווק וקליה 2021 בעמ,,,"י""ח",300,ל  גרם,false,1,10,3.33,false,1,
7290015652322,false,בוטנים אמריקאים מצופים 400 גרם,דין שיווק וקליה 2021 בעמ,,,"י""ח",400,ל  גרם,false,1,10,2.50,false,1,
7290015652407,false,פיסטוק קלוי 250גר,דין שיווק וקליה 2021 בעמ,,,"י""ח",250,ל  גרם,false,1,20,8,false,1,
7290015683326,false,קומקום חשמלי לבן.,פוגיקום בעמ,,,"י""ח",1,,false,1,99.90,99.90,true,1,
7290015710084,false,ביצים L 12 יח*,ביצי משק דוידי בעמ,,,"י""ח",12,"י""ח",false,1,11.45,0.95,false,1,
7290015710107,false,ביצים M 18יח,ביצי משק דוידי בעמ,,,"י""ח",18,"י""ח",false,1,15.80,0.88,false,1,
7290015733120,false,מטרנה גולד שלב 1 700גר,קבוצת אוסם סחר-שות.מוגבלת,,,"י""ח",700,ל  גרם,false,1,75.90,10.84,true,1,
7290015733205,false,מטרנה אקסטרה קר שלב 1 מהדרין 700גר`,קבוצת אוסם סחר-שות.מוגבלת,,,"י""ח",700,ל  גרם,false,1,59.90,8.56,false,1,
7290015733229,false,מטרנה אקסטרה קר שלב 2 מהדרין 700גר`,קבוצת אוסם סחר-שות.מוגבלת,,,"י""ח",700,ל  גרם,false,1,59.90,8.56,false,1,
7290015733427,false,מטרנה דיסת גם וגם וניל 300גר,קבוצת אוסם סחר-שות.מוגבלת,,,"י""ח",300,ל  גרם,false,1,20.90,6.97,false,1,
7290015733441,false,מטרנה דייסלה דגנים מעורבי 300גר,קבוצת אוסם סחר-שות.מוגבלת,,,"י""ח",300,ל  גרם,false,1,18.90,6.30,false,1,
7290015733465,false,מטרנה קורנפלור 2 ב1 300גר,קבוצת אוסם סחר-שות.מוגבלת,,,"י""ח",300,ל  גרם,false,1,18.90,6.30,false,1,
7290015733939,false,מטרנה אקסטרה קייר 700גר,קבוצת אוסם סחר-שות.מוגבלת,,,"י""ח",700,ל  גרם,false,1,79.90,11.41,false,1,
7290015781008,false,"יין מרלו VISION 750מ""ל",יקבי טפרברג 1870 בעמ,,,"י""ח",750,"ל  מ""ל",false,1,39.90,5.28,true,1,
7290015781015,false,"יין מלבק VISION 750מ""ל",יקבי טפרברג 1870 בעמ,,,"י""ח",750,"ל  מ""ל",false,1,39.90,5.28,true,1,
7290015781091,false,"יין קברנה סביניון VISION 750מ""ל",יקבי טפרברג 1870 בעמ,,,"י""ח",750,"ל  מ""ל",false,1,39.90,5.28,true,1,
7290015781121,false,"יין קברנה סוביניון IMPRESSION  750מ""ל",יקבי טפרברג 1870 בעמ,,,"י""ח",750,"ל  מ""ל",false,1,49.90,6.61,true,1,
7290015781299,false,"יין שיראז VISION 750מ""ל",יקבי טפרברג 1870 בעמ,,,"י""ח",750,"ל  מ""ל",false,1,39.90,5.28,true,1,
7290015801805,false,עמבה 200 גרם,עוזי טעמים של בית,,,"י""ח",200,ל  גרם,false,1,13.90,6.95,false,1,
7290015804417,false,עגבניות מרוסקות עם שום,ויטה- פרי גליל (החדשה) בעמ,,,"י""ח",600,ל  גרם,false,1,3.90,0.65,true,1,
7290015804424,false,עגבניות מרוסקות טעם בזיליקום,ויטה- פרי גליל (החדשה) בעמ,,,"י""ח",600,ל  גרם,false,1,3.90,0.65,true,1,
7290015858106,false,פסטו ביתי  על הלחם 180גר*,שטראוס גרופ ***בעמ,,,"י""ח",180,ל  גרם,false,1,15.90,8.83,true,1,
7290015858151,false,ממרח שום 180ג עללחם*,שטראוס גרופ ***בעמ,,,"י""ח",180,ל  גרם,false,1,15.90,8.83,true,1,
7290015858175,false,ממרח פלפלים קלויים 180גר,שטראוס גרופ ***בעמ,,,"י""ח",180,ל  גרם,false,1,15.90,8.83,true,1,
7290015858441,false,איולי פלפלים עללחם 295גר*,שטראוס גרופ ***בעמ,,,"י""ח",295,ל  גרם,false,1,14.90,5.05,true,1,
7290015858687,false,איולי שום עללחם 295גר*,שטראוס גרופ ***בעמ,,,"י""ח",295,ל  גרם,false,1,14.90,5.05,true,1,
7290015865692,false,קונפיטורה תות שדה 400ג,אבאל יזמות בעמ,,,"י""ח",400,ל  גרם,false,1,17.90,4.48,false,1,
7290015865715,false,קונפיטורה פירות יער 400ג,אבאל יזמות בעמ,,,"י""ח",400,ל  גרם,false,1,17.90,4.48,false,1,
7290015865739,false,קונפיטורה לייט אוכמניות  400ג,אבאל יזמות בעמ,,,"י""ח",400,ל  גרם,false,1,19.90,4.98,false,1,
7290015865746,false,קונפיטורה לייט פירות יער  400ג,אבאל יזמות בעמ,,,"י""ח",400,ל  גרם,false,1,19.90,4.98,false,1,
7290015872096,false,חומוס אסלי 700ג{שמיר{,סלטי שמיר2006בעמ,,,"י""ח",700,ל  גרם,false,1,10.90,1.56,true,1,
7290015888196,false,שמן חמניות 1ל,בני ג ורג שוקחה (חיפה) בעמ,,,"י""ח",1,ליטר,false,1,12.80,12.80,false,1,
7290015888301,false,שמן חמניות 3 ל,בני ג ורג שוקחה (חיפה) בעמ,,,"י""ח",3,ליטר,false,1,36.90,12.30,false,1,
7290015951869,false,"יין הר חרמון רוזה 750 מ""ל",היכל היין שקד גולן בעמ,,,"י""ח",750,"ל  מ""ל",false,1,35.90,4.75,true,1,
7290015951890,false,"יין הר חרמון קברנה סוביניון 750 מ""ל.",היכל היין שקד גולן בעמ,,,"י""ח",750,"ל  מ""ל",false,1,35.90,4.75,true,1,
7290015968102,false,קיסמי שיניים רפואיים עם חוט דנטאלי 100,אינטרסן (1996) בעמ,,,"י""ח",200,"י""ח",false,1,14.90,0.07,true,1,
7290015968782,false,פדים להסרת איפור 1/3,אינטרסן (1996) בעמ,,,"י""ח",3,"י""ח",false,1,16.90,5.63,true,1,
7290015996983,false,סוכרלוז 100 שק`0 קלוריות,שטראוס גרופ בעמ,,,"י""ח",100,ל  גרם,false,1,28.90,28.90,true,1,
7290016006148,false,שוופס ענבים 0.5ל,יפאורה שותפות מוגבלת לשיווק,,,"י""ח",500,"ל  מ""ל",false,1,6.50,1.24,true,1,
7290016006339,false,מי עדן 1ל רביעייה,יפאורה שותפות מוגבלת לשיווק,,,"י""ח",9,ליטר,false,1,10.90,1.08,false,1,
7290016035025,false,לחם פשתן 450ג,נאמן לאורך זמן בעמ,,,"י""ח",450,ל  גרם,false,1,25.90,5.76,false,1,
7290016047127,false,צ`ריסוס 250גר,א.ג בחירה חכמה בעמ,,,"י""ח",250,ל  גרם,false,1,22.90,9.16,false,1,
7290016047226,false,מיני צ`ריסוס 250גר,א.ג בחירה חכמה בעמ,,,"י""ח",250,ל  גרם,false,1,22.90,9.16,false,1,
7290016077759,false,רוטב ברביקיו קלאסי 480גר,דיפלומט מפיצים (1968) בעמ**,,,"י""ח",480,ל  גרם,false,1,16.90,3.52,false,1,
7290016087499,false,עגבניות חתוכות דק 400ג שלישיה,ח.כהן סוכנות מזון ומשקאות בע,,,"י""ח",400,ל  גרם,false,1,12.90,3.23,false,1,
7290016096200,false,טונה ריף 140גרם  בודד,תעשיות פילטונה בעמ,,,"י""ח",140,ל  גרם,false,1,3.70,2.64,false,1,
7290016096491,false,טונה  בשמן צמחי 80גרם*מארז שלישיה,תעשיות פילטונה בעמ,,,"י""ח",240,ל  גרם,false,1,11.90,4.96,true,1,
7290016096507,false,טונה  בשמן קנולה  80גרם*מארז שלישיה,תעשיות פילטונה בעמ,,,"י""ח",240,ל  גרם,false,1,11.90,4.96,true,1,
7290016096934,false,זוגות סלט טונה 160גר פילטונה,תעשיות פילטונה בעמ,,,"י""ח",320,ל  גרם,false,1,11.90,3.72,true,1,
7290016114300,false,לילי גליל כפול 16 גלילים,קימברלי קלארק ישראל שיווק בעמ,,,"י""ח",1953,ל  גרם,false,1,42.90,2.20,true,1,
7290016136142,false,תערובת לפנקייק ללא גלוטן 400גר GFREE,גורי מוצרי צריכה בעמ,,,"י""ח",400,ל  גרם,false,1,22.90,5.73,false,1,
7290016136722,false,פתיתים פנה  ללא גלוטן 340ג,גורי מוצרי צריכה בעמ,,,"י""ח",340,ל  גרם,false,1,14.90,4.38,false,1,
7290016136739,false,פתיתים פוזילי ללא גלוטן 340ג,גורי מוצרי צריכה בעמ,,,"י""ח",340,ל  גרם,false,1,11.40,3.35,false,1,
7290016144000,false,"קמח חיטה  מלא נפלאות   80% 1ק""ג",תה ויסוצקי (ישראל)בעמ,,,"י""ח",1,"ק""ג",false,1,9.90,9.90,true,1,
7290016144017,false,"קמח מלא נפלאות 100% 1ק""ג",תה ויסוצקי (ישראל)בעמ,,,"י""ח",1,"ק""ג",false,1,9.90,9.90,true,1,
7290016144024,false,"קמח כוסמין 100%   1ק""ג",תה ויסוצקי (ישראל)בעמ,,,"י""ח",1,"ק""ג",false,1,16.90,16.90,false,1,
7290016144031,false,"קמח לבן מנופה  1ק""ג נפלאות",תה ויסוצקי (ישראל)בעמ,,,"י""ח",1,"ק""ג",false,1,6.90,6.90,false,1,
7290016144048,false,"קמח כוסמין לבן   1ק""ג",תה ויסוצקי (ישראל)בעמ,,,"י""ח",1,"ק""ג",false,1,17.90,17.90,true,1,
7290016144055,false,"קמח כוסמין 80%   1ק""ג",תה ויסוצקי (ישראל)בעמ,,,"י""ח",1,"ק""ג",false,1,15.90,15.90,false,1,
7290016144062,false,"קמח שיפון מלא   1ק""ג",תה ויסוצקי (ישראל)בעמ,,,"י""ח",1,"ק""ג",false,1,11.90,11.90,false,1,
7290016144086,false,"קמח חלה 1ק""ג",תה ויסוצקי (ישראל)בעמ,,,"י""ח",1,"ק""ג",false,1,9.90,9.90,false,1,
7290016144109,false,"קמח פיצה 1ק""ג",תה ויסוצקי (ישראל)בעמ,,,"י""ח",1,"ק""ג",false,1,17.90,17.90,false,1,
7290016144116,false,"קמח תופח   1ק""ג",תה ויסוצקי (ישראל)בעמ,,,"י""ח",1,"ק""ג",false,1,11.90,11.90,true,1,
7290016150117,false,סלק בואקום לירון 500גר,ביכורי השדה צפון 1994 ג.ד. בעמ,,,"י""ח",500,ל  גרם,false,1,8.90,1.78,true,1,
7290016162219,false,כדורי שוקולד פרווה,קפולסקי אדל בעמ,,,"י""ח",280,ל  גרם,false,1,29.90,10.68,false,1,
7290016162264,false,עוגת גבינה אפויה  רנסנס 450גר,קפולסקי אדל בעמ,,,"י""ח",450,ל  גרם,false,1,44.90,9.98,false,1,
7290016197488,false,מטלית קסם לשיש שלשות.,קימברלי קלארק ישראל שיווק בעמ,,,"י""ח",3,"י""ח",false,1,11.90,3.97,false,1,
7290016197495,false,מטלית קסם לרצפה זוג ניקול.,קימברלי קלארק ישראל שיווק בעמ,,,"י""ח",2,"י""ח",false,1,21.90,10.95,false,1,
7290016197600,false,דיפנד  תחבושות נורמל,קימברלי קלארק ישראל שיווק בעמ,,,"י""ח",1,,false,1,19.90,19.90,true,1,
7290016197617,false,דיפנד תחבושות אקסטרה,קימברלי קלארק ישראל שיווק בעמ,,,"י""ח",1,,false,1,19.90,19.90,true,1,
7290016197624,false,דיפנד  תחבושות  סופר,קימברלי קלארק ישראל שיווק בעמ,,,"י""ח",1,,false,1,19.90,19.90,true,1,
7290016197839,false,שקיות החזקה XL ניקול,קימברלי קלארק ישראל שיווק בעמ,,,"י""ח",1,"י""ח",false,1,23.90,23.90,false,1,
7290016197853,false,ניקול אשפתון פחים בינונים 50יח,קימברלי קלארק ישראל שיווק בעמ,,,"י""ח",50,"י""ח",false,1,15.90,0.32,false,1,
7290016197877,false,שקית לפחי מטבח קטנים M,קימברלי קלארק ישראל שיווק בעמ,,,"י""ח",1,"י""ח",false,1,22.90,22.90,false,1,
7290016217643,false,חמוצים סיני אסלי 400ג,סלטי שמיר2006בעמ,,,"י""ח",400,ל  גרם,false,1,10.90,2.73,true,1,
7290016217742,false,חיצל בטחינה  200ג,סלטי שמיר2006בעמ,,,"י""ח",200,ל  גרם,false,1,11.90,5.95,true,1,
7290016217759,false,חיצל מרוקאי  200ג,סלטי שמיר2006בעמ,,,"י""ח",200,ל  גרם,false,1,12.90,6.45,true,1,
7290016245929,false,לחם טחינה עשיר חלבון 450ג,נאמן לאורך זמן בעמ,,,"י""ח",450,ל  גרם,false,1,26.90,5.98,false,1,
7290016246018,false,חטיף מיקס פינוקיות חלבה בארכה 20ג*9,קבוצת אוסם סחר-שות.מוגבלת,,,"י""ח",180,ל  גרם,false,1,12.90,7.17,false,1,
7290016246025,false,חטיף מיקס  חלבה ללא סוכר בארכה 20ג*9,קבוצת אוסם סחר-שות.מוגבלת,,,"י""ח",180,ל  גרם,false,1,12.90,7.17,false,1,
7290016246209,false,חטיף חלבה וניל 100ג כשלפ,קבוצת אוסם סחר-שות.מוגבלת,,,"י""ח",100,ל  גרם,false,1,3.90,3.90,false,1,
7290016246308,false,מאגדת חטיפי חלבה וניל קוקוס  126גר,קבוצת אוסם סחר-שות.מוגבלת,,,"י""ח",126,ל  גרם,false,1,11.90,9.44,false,1,
7290016270709,false,עגבניות שרי קלמרים.,ביכורי השדה צפון 1994 ג.ד. בעמ,,,"י""ח",1,,false,1,10.90,10.90,false,1,
7290016273090,false,סוכריה על מקל 31ג,גורי ע.ע.ע. בעמ,,,"י""ח",31,ל  גרם,false,1,4.90,15.81,false,1,
7290016276534,false,"שמן קוקוס לא מזוכך 500מ""ל",דין שיווק וקליה 2021 בעמ,,,"י""ח",500,"ל  מ""ל",false,1,33.90,6.78,false,1,
7290016277470,false,שיבולת שועל דקה 350ג,דין שיווק וקליה 2021 בעמ,,,"י""ח",350,ל  גרם,false,1,3.90,1.11,true,1,
7290016277487,false,שיבולת שועל עבה 350ג,דין שיווק וקליה 2021 בעמ,,,"י""ח",350,ל  גרם,false,1,3.90,1.11,true,1,
7290016319187,false,עוגיות   סנדוויץ`שוקולד זוג 300 ג טוסו,דנשר (1963) בעמ,,,"י""ח",300,ל  גרם,false,1,16.90,5.63,false,1,
7290016319194,false,עוגיות סנדויץ שוקו וניל זוג 300 ג טוסו,דנשר (1963) בעמ,,,"י""ח",300,ל  גרם,false,1,17.90,5.97,false,1,
7290016321661,false,פרש ואנס רביעייה SENSITIVA CARE,דנשר (1963) בעמ,,,"י""ח",4,"י""ח",false,1,19.90,4.98,true,1,
7290016321883,false,נ.טואלט לח לילדים שלישייה פרשוואנס,דנשר (1963) בעמ,,,"י""ח",1,,false,1,13.90,13.90,false,1,
7290016329261,false,"סרקל מתיר קשרים ספריי רציף 300צ""ל.",פישר תעשיות פרמבצטיות בעמ,,,"י""ח",300,"ל  מ""ל",false,1,34.90,11.63,true,1,
7290016329308,false,סרקל קרם שיער]רוזמרין[,פישר תעשיות פרמבצטיות בעמ,,,"י""ח",325,ל  גרם,false,1,25.90,7.97,false,1,
7290016334166,false,לוף,ביכורי השדה צפון 1994 ג.ד. בעמ,,,"י""ח",1,,false,1,9.90,9.90,false,1,
7290016334173,false,פלפל טינקרבל שמיטה,ביכורי השדה צפון 1994 ג.ד. בעמ,,,"י""ח",1,,false,1,8.90,8.90,true,1,
7290016334180,false,מלפפון בייבי שמיטה,ביכורי השדה צפון 1994 ג.ד. בעמ,,,"י""ח",1,,false,1,8.90,8.90,true,1,
7290016334296,false,ברוקולי ארוז יחידה שמיטה,ביכורי השדה צפון 1994 ג.ד. בעמ,,,"י""ח",1,,false,1,11.90,11.90,false,1,
7290016334388,false,פלפל צ`ילי שמיטה,ביכורי השדה צפון 1994 ג.ד. בעמ,,,"י""ח",1,,false,1,7.90,7.90,false,1,
7290016334395,false,שיבא,ביכורי השדה צפון 1994 ג.ד. בעמ,,,"י""ח",1,,false,1,6.90,6.90,false,1,
7290016334432,false,שורש פטרוזילה,ביכורי השדה צפון 1994 ג.ד. בעמ,,,"י""ח",1,,false,1,6.90,6.90,false,1,
7290016334456,false,בזיליקום,ביכורי השדה צפון 1994 ג.ד. בעמ,,,"י""ח",1,,false,1,5.90,5.90,false,1,
7290016334463,false,סלרי ראש,ביכורי השדה צפון 1994 ג.ד. בעמ,,,"י""ח",1,,false,1,6.90,6.90,false,1,
7290016334494,false,חסה ערבית,ביכורי השדה צפון 1994 ג.ד. בעמ,,,"י""ח",1,,false,1,4.90,4.90,false,1,
7290016334500,false,חסה לבבות מארז זוג,ביכורי השדה צפון 1994 ג.ד. בעמ,,,"י""ח",300,ל  גרם,false,1,8.90,2.97,false,1,
7290016334562,false,פלפל חריף,ביכורי השדה צפון 1994 ג.ד. בעמ,,,"י""ח",1,,false,1,12.90,12.90,false,1,
7290016334609,false,נענע,ביכורי השדה צפון 1994 ג.ד. בעמ,,,"י""ח",1,,false,1,4.90,4.90,true,1,
7290016334616,false,בצל ירוק,ביכורי השדה צפון 1994 ג.ד. בעמ,,,"י""ח",1,,false,1,4.90,4.90,false,1,
7290016334623,false,סלרי עלים,ביכורי השדה צפון 1994 ג.ד. בעמ,,,"י""ח",1,"י""ח",false,1,5.90,5.90,false,1,
7290016334647,false,סלק עלים,ביכורי השדה צפון 1994 ג.ד. בעמ,,,"י""ח",1,,false,1,6.90,6.90,false,1,
7290016334654,false,תרד ניוזילנדי 200גר.,ביכורי השדה צפון 1994 ג.ד. בעמ,,,"י""ח",200,ל  גרם,false,1,14.90,7.45,false,1,
7290016334784,false,גינגר ארוז 200ג שמיטה,ביכורי השדה צפון 1994 ג.ד. בעמ,,,"י""ח",1,,false,1,11.90,11.90,false,1,
7290016334814,false,חסה סלנובה,ביכורי השדה צפון 1994 ג.ד. בעמ,,,"י""ח",1,,false,1,11.90,11.90,false,1,
7290016334883,false,שרי תמר בוסתן שמיטה,ביכורי השדה צפון 1994 ג.ד. בעמ,,,"י""ח",1,,false,1,11.90,11.90,false,1,
7290016334890,false,שרי ליקופן שמיטה,ביכורי השדה צפון 1994 ג.ד. בעמ,,,"י""ח",1,,false,1,11.90,11.90,false,1,
7290016334906,false,מיקס עגבניות שרי.,ביכורי השדה צפון 1994 ג.ד. בעמ,,,"י""ח",1,,false,1,12.90,12.90,false,1,
7290016370096,false,זית מרוקאי יבש  A2 יבנה.,קבוצת יבנה מוצרי מזון בעמ,,,"י""ח",1,,false,1,12.90,12.90,false,1,
7290016370225,false,תחתיות ארטישוק 220ג,קבוצת יבנה מוצרי מזון בעמ,,,"י""ח",220,ל  גרם,false,1,7.90,3.59,false,1,
7290016370270,false,זית קלמטה ללא גלעין A2,קבוצת יבנה מוצרי מזון בעמ,,,"י""ח",560,ל  גרם,false,1,11.90,2.13,false,1,
7290016370300,false,זית קלמטה שלם 560ג צנצנת,קבוצת יבנה מוצרי מזון בעמ,,,"י""ח",560,ל  גרם,false,1,14.90,2.66,false,1,
7290016370317,false,זיתי קלמנטה ללא גלעין 560ג צנצנת,קבוצת יבנה מוצרי מזון בעמ,,,"י""ח",560,ל  גרם,false,1,14.90,2.66,false,1,
7290016370959,false,חציל קלוי על האש 580 גרם,קבוצת יבנה מוצרי מזון בעמ,,,"י""ח",58,ל  גרם,false,1,9.90,17.07,false,1,
7290016370973,false,פלפל קלויה גמביה בצנצנת 580 גרם,קבוצת יבנה מוצרי מזון בעמ,,,"י""ח",58,ל  גרם,false,1,9.90,17.07,false,1,
7290016372342,false,עגבניות תחוכות לקוביות 400גר*3יח,תה ויסוצקי (ישראל)בעמ,,,"י""ח",400,ל  גרם,false,1,17.90,4.48,false,1,
7290016372373,false,רוטב עגבניות 140גר*2יח,תה ויסוצקי (ישראל)בעמ,,,"י""ח",280,ל  גרם,false,1,7.90,2.82,false,1,
7290016372458,false,תה לימונית ולואיזה 50 הגן הקסום,תה ויסוצקי (ישראל)בעמ,,,"י""ח",75,ל  גרם,false,1,33.70,44.93,false,1,
7290016400168,false,שקיות צליה 10יח שווה,ח.כהן סוכנות מזון ומשקאות בע,,,"י""ח",10,"י""ח",false,1,4.90,0.49,true,1,
7290016400175,false,שקיות צליה ענק 5יח שווה,ח.כהן סוכנות מזון ומשקאות בע,,,"י""ח",10,"י""ח",false,1,4.90,0.49,true,1,
7290016400243,false,מפיות נייר תלת שכבתי מעוטרות 20יח שווה,ח.כהן סוכנות מזון ומשקאות בע,,,"י""ח",10,"י""ח",false,1,6.90,0.69,true,1,
7290016400281,false,שיפודים 70יח שווה,ח.כהן סוכנות מזון ומשקאות בע,,,"י""ח",70,"י""ח",false,1,3.90,0.06,false,1,
7290016400298,false,שיפודים עבים 50יח שווה,ח.כהן סוכנות מזון ומשקאות בע,,,"י""ח",70,"י""ח",false,1,3.90,0.06,false,1,
7290016400311,false,קיסמי שיניים מלחיה 300יח שווה,ח.כהן סוכנות מזון ומשקאות בע,,,"י""ח",1,,false,1,3.90,3.90,false,1,
7290016400328,false,קיסמי שיניים חבת 500יח שווה,ח.כהן סוכנות מזון ומשקאות בע,,,"י""ח",1,,false,1,3.90,3.90,false,1,
7290016400380,false,גפרורים ארוך שווה,ח.כהן סוכנות מזון ומשקאות בע,,,"י""ח",10,"י""ח",false,1,6.90,0.69,true,1,
7290016400403,false,שקיות שחור 75/90 גליל 50יח  שווה,ח.כהן סוכנות מזון ומשקאות בע,,,"י""ח",50,"י""ח",false,1,14.90,0.30,false,1,
7290016400434,false,אשפתון גופיה 75/90 חזק אפור 25יח שווה,ח.כהן סוכנות מזון ומשקאות בע,,,"י""ח",25,"י""ח",false,1,17.90,0.72,true,1,
7290016400441,false,אשפתון גופיה 75/90 קרם 40יח שווה,ח.כהן סוכנות מזון ומשקאות בע,,,"י""ח",40,"י""ח",false,1,20.90,0.52,false,1,
7290016400502,false,גפרורים 10 חדש שווה,ח.כהן סוכנות מזון ומשקאות בע,,,"י""ח",10,"י""ח",false,1,4,0.40,false,1,
7290016400526,false,נרות קישוט 4יח שווה,ח.כהן סוכנות מזון ומשקאות בע,,,"י""ח",1,"י""ח",false,1,7.90,7.90,false,1,
7290016400793,false,מפיות נייר 100יח שווה,ח.כהן סוכנות מזון ומשקאות בע,,,"י""ח",100,"י""ח",false,1,5.90,0.06,true,1,
7290016400977,false,מפת פלאנל עם ראנר אטומה לנוזלים שווה,ח.כהן סוכנות מזון ומשקאות בע,,,"י""ח",1,,false,1,8.90,8.90,false,1,
7290016400984,false,"קינוחיות לב+מכסה 12יח  ""שווה""",ח.כהן סוכנות מזון ומשקאות בע,,,"י""ח",12,"י""ח",false,1,9.90,0.83,false,1,
7290016401103,false,טורטיה ענקית 30 ס``מ 6 יח` שווה,ח.כהן סוכנות מזון ומשקאות בע,,,"י""ח",540,ל  גרם,false,1,11.90,2.20,true,1,
7290016401141,false,טורטיה תירס 1/8 320ג שווה,ח.כהן סוכנות מזון ומשקאות בע,,,"י""ח",320,ל  גרם,false,1,10.90,3.41,true,1,
7290016401158,false,נודלס דקות 200ג שווה,ח.כהן סוכנות מזון ומשקאות בע,,,"י""ח",200,ל  גרם,false,1,5.90,2.95,false,1,
7290016401165,false,נודלס רחבות 200ג שווה,ח.כהן סוכנות מזון ומשקאות בע,,,"י""ח",200,ל  גרם,false,1,5.90,2.95,false,1,
7290016401295,false,"רוטב צילי מתוק 700מ""ל שווה",ח.כהן סוכנות מזון ומשקאות בע,,,"י""ח",700,"ל  מ""ל",false,1,11.90,1.70,false,1,
7290016401400,false,פטריות  שלמות  400ג  שווה,ח.כהן סוכנות מזון ומשקאות בע,,,"י""ח",400,ל  גרם,false,1,8.90,2.23,false,1,
7290016401493,false,רוטב לימון משומר 1ליטר שווה,ח.כהן סוכנות מזון ומשקאות בע,,,"י""ח",1,ליטר,false,1,6.90,6.90,false,1,
7290016401509,false,חומץ 1ליטר 5% שווה,ח.כהן סוכנות מזון ומשקאות בע,,,"י""ח",1,ליטר,false,1,5.90,5.90,false,1,
7290016401578,false,זוג רדיד אלומיניום ארוך  שווה,ח.כהן סוכנות מזון ומשקאות בע,,,"י""ח",1,"י""ח",false,1,14.90,14.90,false,1,
7290016401585,false,זוג רדיד אלומיניות קצר   שווה,ח.כהן סוכנות מזון ומשקאות בע,,,"י""ח",1,"י""ח",false,1,10.90,10.90,false,1,
7290016401592,false,זוג ניילון נצמד ביתי  שווה,ח.כהן סוכנות מזון ומשקאות בע,,,"י""ח",1,"י""ח",false,1,11.90,11.90,true,1,
7290016401677,false,נרונים 6שעות 72יח,ח.כהן סוכנות מזון ומשקאות בע,,,"י""ח",72,"י""ח",false,1,27.90,0.39,false,1,
7290016401714,false,קש שחור עבה 125יח שווה,ח.כהן סוכנות מזון ומשקאות בע,,,"י""ח",125,"י""ח",false,1,8.90,0.07,false,1,
7290016401721,false,קשיות מתקפלות 200יח שווה,ח.כהן סוכנות מזון ומשקאות בע,,,"י""ח",200,"י""ח",false,1,9.90,0.05,false,1,
7290016401806,false,תבניות לחלה עבות במיוחד 4* שווה,ח.כהן סוכנות מזון ומשקאות בע,,,"י""ח",4,"י""ח",false,1,9.90,2.48,true,1,
7290016401820,false,תבניות רוסטר עבות במיוחד 4* שווה,ח.כהן סוכנות מזון ומשקאות בע,,,"י""ח",4,"י""ח",false,1,9.90,2.48,true,1,
7290016401844,false,תבניות רוסטר גדול עבות במיוחד 2* שוו,ח.כהן סוכנות מזון ומשקאות בע,,,"י""ח",2,"י""ח",false,1,9.90,4.95,true,1,
7290016401851,false,תבניות אובן עבות במיוחד 4* שווה,ח.כהן סוכנות מזון ומשקאות בע,,,"י""ח",4,"י""ח",false,1,9.90,2.48,true,1,
7290016401882,false,מטליות מיקרופייבר 1/3 לרצפה,ח.כהן סוכנות מזון ומשקאות בע,,,"י""ח",10,"י""ח",false,1,18.90,1.89,false,1,
7290016401899,false,מטליות מיקרופייבר 1/10 ניקוי כללי,ח.כהן סוכנות מזון ומשקאות בע,,,"י""ח",10,"י""ח",false,1,18.90,1.89,false,1,
7290016401905,false,שקיות לפח קטן 40/45 שווה,ח.כהן סוכנות מזון ומשקאות בע,,,"י""ח",10,"י""ח",false,1,9.90,0.99,false,1,
7290016401912,false,שקיות מזון XL 300יח,ח.כהן סוכנות מזון ומשקאות בע,,,"י""ח",300,"י""ח",false,1,8.90,0.03,false,1,
7290016401929,false,שקיות אוכל עם ידיות 200יח שווה,ח.כהן סוכנות מזון ומשקאות בע,,,"י""ח",200,"י""ח",false,1,8.90,0.04,false,1,
7290016408294,false,"מרשמלו  כרמית  150גר בד""ץ",כרמית תעשיות ממתקים בעמ,,,"י""ח",1,,false,1,5.50,5.50,true,1,
7290016408980,false,מטבעות שוקולד חלב 36 גרם,כרמית תעשיות ממתקים בעמ,,,"י""ח",36,ל  גרם,false,1,3.90,10.83,true,1,
7290016416961,false,מוס גבינה תות שדה  400ג,קפולסקי אדל בעמ,,,"י""ח",400,ל  גרם,false,1,44.90,11.23,false,1,
7290016416992,false,עוגת דובוש בסקוויטים 400ג,קפולסקי אדל בעמ,,,"י""ח",400,ל  גרם,false,1,44.90,11.23,false,1,
7290016437645,false,האגיס פנס מידה  -325יח,קימברלי קלארק ישראל שיווק בעמ,,,"י""ח",1,"י""ח",false,1,49.90,49.90,true,1,
7290016440218,false,עמבה 500גר,בידאני נתן,,,"י""ח",500,ל  גרם,false,1,14.90,2.98,false,1,
7290016440607,false,עמבה בקבוק לחיץ 300גר,בידאני נתן,,,"י""ח",300,ל  גרם,false,1,17.90,5.97,false,1,
7290016496208,false,פתיל צף מוכן,צבע ומכחול (2014) בעמ,,,"י""ח",1,ליטר,false,1,6.90,6.90,false,1,
7290016509304,false,סוד סבון אסלה 4 כדוריות לבנדר,גורי שיווק בעמ,,,"י""ח",4,"י""ח",false,1,7.90,1.98,false,1,
7290016509786,false,פרסיל ג ל ירוק  2.5ליטר,גורי שיווק בעמ,,,"י""ח",2.50,ליטר,false,1,34.90,13.96,false,1,
7290016517286,false,ספגטי חיטה מלאה 500ג שדות,אחים אגא (א.מ.) שיווק,,,"י""ח",500,ל  גרם,false,1,5.90,1.18,false,1,
7290016517293,false,פסטה מסולוסלת חיטה מלאה 500ג שדות,אחים אגא (א.מ.) שיווק,,,"י""ח",500,ל  גרם,false,1,5.90,1.18,false,1,
7290016517415,false,"קמח חיטה 100% 1ק""ג",אחים אגא (א.מ.) שיווק,,,"י""ח",1,"ק""ג",false,1,6.90,6.90,false,1,
7290016517422,false,"קמח כוסמין 80% 1ק""ג",אחים אגא (א.מ.) שיווק,,,"י""ח",1,"ק""ג",false,1,11.90,11.90,false,1,
7290016517439,false,"קמח כוסמין 100% 1ק""ג",אחים אגא (א.מ.) שיווק,,,"י""ח",1,"ק""ג",false,1,11.90,11.90,false,1,
7290016517446,false,"קמח כוסמין לבן 1ק""ג",אחים אגא (א.מ.) שיווק,,,"י""ח",1,"ק""ג",false,1,12.90,12.90,false,1,
7290016517453,false,"קמח לבן מנופה שדות 1ק""ג",אחים אגא (א.מ.) שיווק,,,"י""ח",1,"ק""ג",false,1,6.90,6.90,true,1,
7290016517484,false,פטריות שלשות 290ג *3שדות,אחים אגא (א.מ.) שיווק,,,"י""ח",870,ל  גרם,false,1,12.90,1.48,false,1,
7290016517538,false,תירס גמדי 410ג שדות,אחים אגא (א.מ.) שיווק,,,"י""ח",410,ל  גרם,false,1,7.20,1.76,false,1,
7290016564006,false,מבריקל הפלא ספוג שלישייה לכלים,ח.כהן סוכנות מזון ומשקאות בע,,,"י""ח",1,,false,1,11.90,11.90,false,1,
7290016564266,false,כיסוי הפלא מבריקל הפלא,ח.כהן סוכנות מזון ומשקאות בע,,,"י""ח",1,,false,1,9.90,9.90,false,1,
7290016621952,false,קרם פנים לתינוק קמיל בלו SPF30,פישר תעשיות פרמבצטיות בעמ,,,"י""ח",1,"י""ח",false,1,29.90,29.90,true,1,
7290016667042,false,קשיות פסים זברה עבים 20יח,נאמן לאורך זמן בעמ,,,"י""ח",20,"י""ח",false,1,8.90,0.45,false,1,
7290016667059,false,"סירופ בטעם מייפל 100% טהור 250מ""ל.",נאמן לאורך זמן בעמ,,,"י""ח",250,"ל  מ""ל",false,1,32.90,13.16,false,1,
7290016667523,false,סוכריות לעוגה 200ג,נאמן לאורך זמן בעמ,,,"י""ח",200,ל  גרם,false,1,9.90,4.95,false,1,
7290016682380,false,מיץ לימונדה לואיזה ולימון גראס 2 ליטר.,תנובה בעמ ***,,,"י""ח",2,ליטר,false,1,19.90,9.80,false,1,
7290016717044,false,סלקטד לבן יאנג  BUZZ מנגו,אגודת הכורמים,,,"י""ח",750,"ל  מ""ל",false,1,27.90,3.68,true,1,
7290016717051,false,סלקטד יאנג  BUZZ מוסקטו רימון,אגודת הכורמים,,,"י""ח",750,"ל  מ""ל",false,1,27.90,3.68,true,1,
7290016717631,false,מוסקט  PC,אגודת הכורמים,,,"י""ח",500,"ל  מ""ל",false,1,39.90,7.92,true,1,
7290016717754,false,"יין ישן נושן  750מ""ל",אגודת הכורמים,,,"י""ח",750,"ל  מ""ל",false,1,20.90,2.75,true,1,
7290016717976,false,סלקטד לבן יאנג  BUZZ אפרסק,אגודת הכורמים,,,"י""ח",750,"ל  מ""ל",false,1,27.90,3.68,true,1,
7290016866445,false,תערובת קמח תופח 500גר ללא גלוטן,גורי מוצרי צריכה בעמ,,,"י""ח",500,ל  גרם,false,1,16.90,3.38,false,1,
7290016866643,false,"משחת פרודונטקס פרש  75מ""ל",גורי ע.ע.ע. בעמ,,,"י""ח",75,"ל  מ""ל",false,1,30.90,41.20,true,1,
7290016866650,false,"משחת פרודונטקס אוריגינל 75מ""ל",גורי ע.ע.ע. בעמ,,,"י""ח",75,"ל  מ""ל",false,1,30.90,41.20,true,1,
7290016866674,false,"משחת פרודונטקס מלבינה 75מ""ל",גורי ע.ע.ע. בעמ,,,"י""ח",75,"ל  מ""ל",false,1,30.90,41.20,true,1,
7290016867008,false,לחם כוסמין מחמצת 700גר,המאפה של דר מרק בריאו בעמ,,,"י""ח",700,ל  גרם,false,1,16.90,2.41,false,1,
7290016867039,false,פיתות קלות כוסמין בתוספת מחמצת 324גר.,המאפה של דר מרק בריאו בעמ,,,"י""ח",324,ל  גרם,false,1,14.90,4.60,false,1,
7290016867046,false,פיתות קלות כוסמין במתיקות מעודנת 6יח,המאפה של דר מרק בריאו בעמ,,,"י""ח",303,ל  גרם,false,1,14.90,4.92,false,1,
7290016867053,false,לחם קל כוסמין בתוספת מחמצת  450גר,המאפה של דר מרק בריאו בעמ,,,"י""ח",450,ל  גרם,false,1,18.90,4.20,false,1,
7290016867114,false,לחם קל כוסמין  500גר,המאפה של דר מרק בריאו בעמ,,,"י""ח",500,ל  גרם,false,1,17.90,3.58,false,1,
7290016867145,false,פיתות קלות קמח מלא 408גר,המאפה של דר מרק בריאו בעמ,,,"י""ח",408,ל  גרם,false,1,13.90,3.41,false,1,
7290016867152,false,פיתות קלות כוסמין 330גר,המאפה של דר מרק בריאו בעמ,,,"י""ח",330,ל  גרם,false,1,13.90,4.21,false,1,
7290016867176,false,לחמניות ק.כוסמין שומשום 351גר,המאפה של דר מרק בריאו בעמ,,,"י""ח",351,ל  גרם,false,1,13.90,3.96,false,1,
7290016867237,false,לחם קל כוסמין במתיקות מעודנת  400גר,המאפה של דר מרק בריאו בעמ,,,"י""ח",400,ל  גרם,false,1,18.90,4.73,false,1,
7290016867244,false,לחמניות קלות כוסמין מחמצת 321גר,המאפה של דר מרק בריאו בעמ,,,"י""ח",321,ל  גרם,false,1,14.90,4.64,false,1,
7290016867251,false,לחם קל שיפון 450גר,המאפה של דר מרק בריאו בעמ,,,"י""ח",450,ל  גרם,false,1,14.90,3.31,false,1,
7290016882421,false,קונפיטורה אפרסק 70% פרי 450גר,דין שיווק וקליה 2021 בעמ,,,"י""ח",450,ל  גרם,false,1,13.90,3.09,false,1,
7290016912494,false,"אפקטיב קר תרחיץ פנים 180מ""ל",פישר תעשיות פרמבצטיות בעמ,,,"י""ח",180,"ל  מ""ל",false,1,16.90,9.39,false,1,
7290016912500,false,"אפקטיב קר תרחיץ פנים 180מ""ל עור רגיל",פישר תעשיות פרמבצטיות בעמ,,,"י""ח",180,"ל  מ""ל",false,1,16.90,9.39,false,1,
7290016967074,false,לחם אנגיל חיטה מלאה 750גר,שלמה א.אנג ל בעמ,,,"י""ח",750,ל  גרם,false,1,15.90,2.12,false,1,
7290016998191,false,מיקס עלי בייבי 120גר,ביכורי השדה צפון 1994 ג.ד. בעמ,,,"י""ח",120,ל  גרם,false,1,9.90,8.25,false,1,
7290016998207,false,לקט קסם השדה  350גר.,ביכורי השדה צפון 1994 ג.ד. בעמ,,,"י""ח",350,ל  גרם,false,1,11.90,3.40,false,1,
7290016998221,false,מיקס צבעי הטבע 350גר.,ביכורי השדה צפון 1994 ג.ד. בעמ,,,"י""ח",350,"ל  מ""ל",false,1,11.90,3.40,false,1,
7290016998238,false,כרוב לבן קצוץ 400גר.,ביכורי השדה צפון 1994 ג.ד. בעמ,,,"י""ח",400,ל  גרם,false,1,9.90,2.48,false,1,
7290016998245,false,מיקס שורשים 400גר.,ביכורי השדה צפון 1994 ג.ד. בעמ,,,"י""ח",400,ל  גרם,false,1,11.90,2.98,false,1,
7290016998269,false,לקט קולסלאו 400גר.,ביכורי השדה צפון 1994 ג.ד. בעמ,,,"י""ח",400,ל  גרם,false,1,9.90,2.48,false,1,
7290016998276,false,גזר חתוך דק 250גר.,ביכורי השדה צפון 1994 ג.ד. בעמ,,,"י""ח",250,ל  גרם,false,1,8.90,3.56,false,1,
7290017004211,false,צלחות 1 קג פנטולה,שפע טוב סנטר בעמ,,,"י""ח",500,"ל  מ""ל",false,1,19.90,3.98,false,1,
7290017004433,false,פתי בר 500גר פינטולה,2121 ייבוא וסחר,,,"י""ח",5,"ק""ג",false,1,8.90,1.78,true,1,
7290017004778,false,קורנפלקס 750גר קלאסי פנטולה,מ.ר. ניאוברנד בעמ,,,"י""ח",750,ל  גרם,false,1,12.90,1.72,true,1,
7290017004808,false,פסטה פוזילי 500גר פנטולה,מ.ר. ניאוברנד בעמ,,,"י""ח",500,ל  גרם,false,1,4.90,0.98,true,1,
7290017004815,false,ספגטי 500גר פנטולה,מ.ר. ניאוברנד בעמ,,,"י""ח",500,ל  גרם,false,1,4.90,0.98,true,1,
7290017004877,false,טחינה  גולמית 500ג מחנה יהודה,אחדות בעמ,,,"י""ח",500,ל  גרם,false,1,14.90,2.98,true,1,
7290017023229,false,"שוופס מוגז תות ליים  330מ""ל 1/4",יפאורה שותפות מוגבלת לשיווק,,,"י""ח",1.32,ליטר,false,1,14.70,10.23,true,1,
7290017023236,false,"שוופס מוגז ענב  330מ""ל 1/4",יפאורה שותפות מוגבלת לשיווק,,,"י""ח",1.32,ליטר,false,1,14.70,10.23,true,1,
7290017023663,false,"שוופס מוגז תפוח  330מ""ל 1/4",יפאורה שותפות מוגבלת לשיווק,,,"י""ח",1.32,ליטר,false,1,14.70,10.23,true,1,
7290017023816,false,"ספרינג פירות טרופיים 250מ""ל רביעייה",יפאורה שותפות מוגבלת לשיווק,,,"י""ח",1,ליטר,false,1,12.90,12.90,true,1,
7290017023854,false,"סודה שוופס 250מ""ל 1/4",יפאורה שותפות מוגבלת לשיווק,,,"י""ח",1,ליטר,false,1,13.10,13.10,true,1,
7290017023861,false,"סודה שוופס למון  250מ""ל 1/4",יפאורה שותפות מוגבלת לשיווק,,,"י""ח",1,ליטר,false,1,13.10,13.10,true,1,
7290017031170,false,פוזילי על בסיס קמח עדשים אדומים 250ג.,גורי מוצרי צריכה בעמ,,,"י""ח",250,ל  גרם,false,1,16.90,6.76,false,1,
7290017031477,false,"סנסודיין רפיד הלבנה 75מ""ל",גורי ע.ע.ע. בעמ,,,"י""ח",75,ל  גרם,false,1,25.90,34.53,true,1,
7290017044682,false,אמה דלי מגבונים לניקוי כללי,עיסא ערטול בעמ-סוכן הנקל סוד,,,"י""ח",1,"י""ח",false,1,17.90,17.90,true,1,
7290017062679,false,מרכך כביסה מרוכז צהוב 1 ל`טאצ`,סאסאטק אגשח בעמ,,,"י""ח",1,ליטר,false,1,13.90,13.90,true,1,
7290017062686,false,מרכך כביסה מרוכז בייבי  1 ל`טאצ`.,סאסאטק אגשח בעמ,,,"י""ח",1,ליטר,false,1,13.90,13.90,true,1,
7290017062709,false,מרכך כביסה מרוכז בורדו 1 ל`טאצ`.,סאסאטק אגשח בעמ,,,"י""ח",1,ליטר,false,1,13.90,13.90,true,1,
7290017062716,false,מרכך כביסה מרוכז ורוד 1 ל`טאצ`.,סאסאטק אגשח בעמ,,,"י""ח",1,ליטר,false,1,13.90,13.90,true,1,
7290017062754,false,"נוזל כלים לימון 36% 750מ""ל טאץ",סאסאטק אגשח בעמ,,,"י""ח",750,"ל  מ""ל",false,1,10.90,1.45,true,1,
7290017062891,false,"קצף לכלים בניחוח תפוח 500מ""ל פלירוסול",סאסאטק אגשח בעמ,,,"י""ח",500,"ל  מ""ל",false,1,21.90,4.38,false,1,
7290017062976,false,טאצ מטליות רצפה חד פעמי גרניט פורצלן,סאסאטק אגשח בעמ,,,"י""ח",10,"י""ח",false,1,11.90,1.19,true,1,
7290017065144,false,ריקוטה למריחה 5% עם בזיליקום,מחלבות גד,,,"י""ח",200,ל  גרם,false,1,10.90,5.45,false,1,
7290017065168,false,גבינה כחולה 100ג גד,מחלבות גד,,,"י""ח",100,ל  גרם,false,1,17.90,17.90,false,1,
7290017065212,false,קרם מסקרפונה 250ג,מחלבות גד,,,"י""ח",250,ל  גרם,false,1,20.90,8.36,false,1,
7290017065236,false,בולגרית מעודנת 24% 250ג,מחלבות גד,,,"י""ח",250,ל  גרם,false,1,21.90,8.76,false,1,
7290017065588,false,יוגורט יווני 600 גרם גד.,מחלבות גד,,,"י""ח",600,ל  גרם,false,1,16.90,2.82,false,1,
7290017065649,false,קרם פטיסייר 250 גרם גד,מחלבות גד,,,"י""ח",250,ל  גרם,false,1,22.90,9.16,false,1,
7290017065663,false,בולגרית מעודנת עיזים 5% 250 ג.,מחלבות גד,,,"י""ח",250,ל  גרם,false,1,29.90,11.96,false,1,
7290017065731,false,גבינת שמנת ניו יורק 200ג מהדורת חג,מחלבות גד,,,"י""ח",200,ל  גרם,false,1,12.90,6.45,false,1,
7290017065786,false,גבינה צ`דר 210גר,מחלבות גד,,,"י""ח",210,ל  גרם,false,1,19.90,9.48,false,1,
7290017068350,false,עדשים שחורים בלוגה 500 מיה,מיה תעשיות מזון מ.ת.מ בעמ,,,"י""ח",500,ל  גרם,false,1,8.90,1.78,true,1,
7290017068367,false,שמרים יבשים  125  גרם,מיה תעשיות מזון מ.ת.מ בעמ,,,"י""ח",125,ל  גרם,false,1,3.90,3.12,false,1,
7290017068374,false,שמרים יבשים  500 גרם,מיה תעשיות מזון מ.ת.מ בעמ,,,"י""ח",500,ל  גרם,false,1,11.90,2.38,false,1,
7290017068848,false,סוכריות לקישוט לעוגה 200ג צנצנת,מיה תעשיות מזון מ.ת.מ בעמ,,,"י""ח",200,ל  גרם,false,1,8.90,4.45,false,1,
7290017068855,false,סוכריות לקישוט לעוגה 200ג צנצנת,מיה תעשיות מזון מ.ת.מ בעמ,,,"י""ח",200,ל  גרם,false,1,8.90,4.45,false,1,
7290017068893,false,סוכריות ג`לי דגיגים בציפוי סוכר 350גר,מיה תעשיות מזון מ.ת.מ בעמ,,,"י""ח",350,ל  גרם,false,1,14.90,4.26,true,1,
7290017068923,false,סוכריות ג`לי בינס קרנבל 375גר,מיה תעשיות מזון מ.ת.מ בעמ,,,"י""ח",375,ל  גרם,false,1,14.90,3.97,true,1,
7290017068930,false,סוכריות ג`לי בינס חמוצמוץ 375גר,מיה תעשיות מזון מ.ת.מ בעמ,,,"י""ח",375,ל  גרם,false,1,14.90,3.97,true,1,
7290017088068,false,חיתולי בייביסיטר  מידה 4 42יח,שקד תבל בעמ,,,"י""ח",1,,false,1,34.90,34.90,true,1,
7290017088075,false,חיתולי בייביסיטר  מידה 4+ 40יח,שקד תבל בעמ,,,"י""ח",1,,false,1,34.90,34.90,true,1,
7290017088082,false,חיתולי בייביסיטר  מידה 5 36יח,שקד תבל בעמ,,,"י""ח",1,,false,1,34.90,34.90,true,1,
7290017088327,false,גבונים בייביסיטר אקסטרא סופט  ללא ביש,שקד תבל בעמ,,,"י""ח",1,,false,1,15.90,15.90,true,1,
7290017088631,false,מגבונים  טולי מארז 4 יחידות,שקד תבל בעמ,,,"י""ח",4,"י""ח",false,1,12.90,3.23,true,1,
7290017088969,false,חיתולי בייביסיטר ניו בורן מידה1,שקד תבל בעמ,,,"י""ח",42,"י""ח",false,1,29.90,0.71,true,1,
7290017094830,false,סלט גזר ברוטב פיקנטי אסלי 400ג,סלטי שמיר2006בעמ,,,"י""ח",400,ל  גרם,false,1,10.90,2.73,true,1,
7290017094847,false,סלט תפוחי אדמה אסלי 400ג,סלטי שמיר2006בעמ,,,"י""ח",400,ל  גרם,false,1,10.90,2.73,true,1,
7290017094854,false,סלט קולסלאו אסלי 400ג,סלטי שמיר2006בעמ,,,"י""ח",400,ל  גרם,false,1,10.90,2.73,true,1,
7290017094861,false,חומוס עם רוטב מסבחה אסלי 400ג,סלטי שמיר2006בעמ,,,"י""ח",400,ל  גרם,false,1,9.90,2.48,true,1,
7290017105048,false,זיתים ירוקים טבעות שלשות יכין,זנלכל בעמ,,,"י""ח",200,ל  גרם,false,1,14.90,7.45,false,1,
7290017105086,false,שעועית צ`ילי 6OZ יכין 200גר,זנלכל בעמ,,,"י""ח",200,ל  גרם,false,1,4.30,2.15,true,1,
7290017105123,false,פול מצרי 6OZ יכין 200גר,זנלכל בעמ,,,"י""ח",200,ל  גרם,false,1,4.50,2.25,true,1,
7290017105383,false,"שלשות תירס 6OZקידס  פ""מ",זנלכל בעמ,,,"י""ח",600,ל  גרם,false,1,14.90,2.48,false,1,
7290017105468,false,אפונה שלישייה 6OZ יכין,זנלכל בעמ,,,"י""ח",200,ל  גרם,false,1,14.90,7.45,false,1,
7290017105895,false,גרגרי חומוס מסעדות יכין 560גר,זנלכל בעמ,,,"י""ח",560,ל  גרם,false,1,9.90,1.77,true,1,
7290017106069,false,קוביות סלק 550גר יכין,זנלכל בעמ,,,"י""ח",550,ל  גרם,false,1,9.90,1.80,false,1,
7290017121093,false,אריסה חריפה 250גר,שטראוס גרופ ***בעמ,,,"י""ח",250,ל  גרם,false,1,13.90,5.56,true,1,
7290017129495,false,אגו מיקס כדורי תירס מצופים ש. חלב 55ג,כרמית תעשיות ממתקים בעמ,,,"י""ח",55,ל  גרם,false,1,3.90,7.09,true,1,
7290017129532,false,כרמית לקקן תות 90ג,כרמית תעשיות ממתקים בעמ,,,"י""ח",90,ל  גרם,false,1,5.90,6.56,true,1,
7290017129549,false,כרמית לקקן גלידה  90ג,כרמית תעשיות ממתקים בעמ,,,"י""ח",90,ל  גרם,false,1,5.90,6.56,true,1,
7290017129754,false,שוקולד אגו פרמיום 100ג 70%,כרמית תעשיות ממתקים בעמ,,,"י""ח",100,ל  גרם,false,1,7.90,7.90,true,1,
7290017129761,false,שוקולד אגו פרמיום תפוז  100ג 70%,כרמית תעשיות ממתקים בעמ,,,"י""ח",100,ל  גרם,false,1,7.90,7.90,true,1,
7290017129778,false,שוקולד אגו פרמיום קפה  100ג 70%,כרמית תעשיות ממתקים בעמ,,,"י""ח",100,ל  גרם,false,1,7.90,7.90,true,1,
7290017129822,false,מטבעות שוקולד מריר 36 גרם,כרמית תעשיות ממתקים בעמ,,,"י""ח",36,ל  גרם,false,1,3.90,10.83,true,1,
7290017129839,false,שוקולד אגו פרמיום פטל  100ג 70%,כרמית תעשיות ממתקים בעמ,,,"י""ח",100,ל  גרם,false,1,7.90,7.90,true,1,
7290017129846,false,מיני קוקיס טעם קרמל  600ג,כרמית תעשיות ממתקים בעמ,,,"י""ח",600,"ס""מ",false,1,16.90,2.82,false,1,
7290017142005,false,"שמן קוקוס אורגני כתית 320מ""ל עץ הזית",סוגת תעשיות בעמ,,,"י""ח",320,"ל  מ""ל",false,1,25.90,8.09,false,1,
7290017142159,false,נתחי טונה  בהירה בשמן זית 80ג שלישייה,סוגת תעשיות בעמ,,,"י""ח",240,ל  גרם,false,1,19.90,8.29,false,1,
7290017142180,false,פילה טונה פרוס עם בשמן זית 120ג עץ הזי,סוגת תעשיות בעמ,,,"י""ח",120,ל  גרם,false,1,14.90,12.42,false,1,
7290017142203,false,פילה טונה פרוס עם בשמן זית 120ג עץ הזי,סוגת תעשיות בעמ,,,"י""ח",120,ל  גרם,false,1,14.90,12.42,false,1,
7290017142340,false,שמן זרעי ענבים מזוכך 1ל עץ הזית,סוגת תעשיות בעמ,,,"י""ח",1,ליטר,false,1,25,25,false,1,
7290017142395,false,פסטה עם טונה בשמן ז. 160ג,סוגת תעשיות בעמ,,,"י""ח",160,ל  גרם,false,1,13.90,8.69,false,1,
7290017142401,false,קינואה לבנה ואדומה עם טונה בשמן160ג,סוגת תעשיות בעמ,,,"י""ח",160,ל  גרם,false,1,13.90,8.69,false,1,
7290017142456,false,נתחי טונה בשמן ז. 160ג*2יח.,סוגת תעשיות בעמ,,,"י""ח",320,ל  גרם,false,1,27.90,8.72,false,1,
7290017142487,false,בורגול עם גרגירי חומוס עם טונה 160ג,סוגת תעשיות בעמ,,,"י""ח",160,ל  גרם,false,1,13.90,8.69,false,1,
7290017142609,false,"תרסיס שמן זית טעם לימון עץ הזית 150מ""ל",סוגת תעשיות בעמ,,,"י""ח",150,"ל  מ""ל",false,1,19.90,13.27,false,1,
7290017217031,false,נובי שלישיית כפיות מסיליקון רך,אינטרסן (1996) בעמ,,,"י""ח",1,,false,1,24.90,24.90,false,1,
7290017217307,false,נרות חימום ריחניים בניחוח ורדים 50יח,אינטרסן (1996) בעמ,,,"י""ח",50,"י""ח",false,1,13.90,0.28,false,1,
7290017236544,false,משחת כלים אמה תפוח 3.5,עיסא ערטול בעמ-סוכן הנקל סוד,,,"י""ח",3.50,"ק""ג",false,1,21.90,6.26,false,1,
7290017266046,false,וופל קראנץ 30יח גילרו,ח.כהן סוכנות מזון ומשקאות בע,,,"י""ח",30,"י""ח",false,1,18.90,0.63,false,1,
7290017266053,false,וופל לימון קראנץ ללא סוכר 175גר גילרו,ח.כהן סוכנות מזון ומשקאות בע,,,"י""ח",175,ל  גרם,false,1,7.90,4.51,false,1,
7290017266343,false,וופל קראנץ בטעם שוקולד 150 גרם עלמה.,ח.כהן סוכנות מזון ומשקאות בע,,,"י""ח",15,ל  גרם,false,1,3.20,21.33,false,1,
7290017275338,false,טחינה  גולמית 500ג טורקיז,אחדות בעמ,,,"י""ח",500,ל  גרם,false,1,9.90,1.98,false,1,
7290017275741,false,חלוה אחוה עם אגוזי לוז  400גר.,אחדות בעמ,,,"י""ח",400,ל  גרם,false,1,12.90,3.23,false,1,
7290017289182,false,"יין לבן חצי יבש סדרת ישראלי 750מ""ל",יקבי טפרברג 1870 בעמ,,,"י""ח",750,"ל  מ""ל",false,1,21.90,2.88,false,1,
7290017289199,false,"יין לבן יבש סדרת ישראלי 750מ""ל",יקבי טפרברג 1870 בעמ,,,"י""ח",750,"ל  מ""ל",false,1,21.90,2.88,false,1,
7290017289618,false,יין  פטיט סירה 150 שנה IMPRESSION 750מ,יקבי טפרברג 1870 בעמ,,,"י""ח",750,"ל  מ""ל",false,1,49.90,6.61,true,1,
7290017296142,false,גרנולה חלבה ושוקולד  400גר,פנינה רוזנבלום בעמ,,,"י""ח",400,ל  גרם,false,1,25.90,6.48,true,1,
7290017296159,false,גרנולה תפוח וקינמון  400גר,פנינה רוזנבלום בעמ,,,"י""ח",400,ל  גרם,false,1,25.90,6.48,true,1,
7290017297149,false,חומוס A2 להכנה ביתית  ויטה.,ויטה- פרי גליל (החדשה) בעמ,,,"י""ח",550,ל  גרם,false,1,7.90,1.44,true,1,
7290017297323,false,רוטב עגבניות BX22 100ג מרוכז טל וטרי,ויטה- פרי גליל (החדשה) בעמ,,,"י""ח",100,ל  גרם,false,1,1.90,1.90,true,1,
7290017297392,false,תירס  קפוא פרי אדמה 800ג,ויטה פרי גליל (החדשה) בעמ,,,"י""ח",800,ל  גרם,false,1,12.90,1.61,true,1,
7290017297408,false,אפונה עדינה  קפואה פרי אדמה 600ג,ויטה פרי גליל (החדשה) בעמ,,,"י""ח",600,ל  גרם,false,1,14.90,2.48,true,1,
7290017297415,false,אפונה  קפואה פרי אדמה 800ג.,ויטה פרי גליל (החדשה) בעמ,,,"י""ח",800,ל  גרם,false,1,12.90,1.61,true,1,
7290017297422,false,אפונה וגזר  קפוא פרי אדמה 800ג,ויטה פרי גליל (החדשה) בעמ,,,"י""ח",800,ל  גרם,false,1,12.90,1.61,true,1,
7290017297453,false,שעועית שלמה  קפואה פרי אדמה 800ג,ויטה פרי גליל (החדשה) בעמ,,,"י""ח",800,ל  גרם,false,1,12.90,1.61,true,1,
7290017297477,false,פול  קפוא פרי אדמה 800ג,ויטה פרי גליל (החדשה) בעמ,,,"י""ח",800,ל  גרם,false,1,14.90,1.86,true,1,
7290017297484,false,שעועית אדומה  פרי אדמה 800ג,ויטה פרי גליל (החדשה) בעמ,,,"י""ח",800,ל  גרם,false,1,16.90,2.11,true,1,
7290017297507,false,גזר גמדי פרי אדמה 800ג,ויטה פרי גליל (החדשה) בעמ,,,"י""ח",800,ל  גרם,false,1,12.90,1.61,true,1,
7290017297514,false,לקט ירק מעורב פרי אדמה 700ג,ויטה פרי גליל (החדשה) בעמ,,,"י""ח",700,ל  גרם,false,1,12.90,1.84,true,1,
7290017297521,false,ברוקולי פרי אדמה 800ג,ויטה פרי גליל (החדשה) בעמ,,,"י""ח",800,ל  גרם,false,1,19.90,2.49,true,1,
7290017297538,false,כרובית פרי אדמה 800ג,ויטה פרי גליל (החדשה) בעמ,,,"י""ח",800,ל  גרם,false,1,14.90,1.86,true,1,
7290017297545,false,תחתיות ארטישוק פרי אדמה 400ג,ויטה פרי גליל (החדשה) בעמ,,,"י""ח",400,ל  גרם,false,1,10.90,2.73,true,1,
7290017297552,false,במיה פרי אדמה 600ג,ויטה פרי גליל (החדשה) בעמ,,,"י""ח",600,ל  גרם,false,1,12.90,2.15,true,1,
7290017297583,false,"ציפס 2ק""ג קפוא  פרי אדמה.",ויטה פרי גליל (החדשה) בעמ,,,"י""ח",2,"ק""ג",false,1,19.90,9.95,true,1,
7290017297644,false,ברוקולי קפוא  800גר fresh green,ויטה- פרי גליל (החדשה) בעמ,,,"י""ח",800,ל  גרם,false,1,14.90,1.86,false,1,
7290017304885,false,לחם שיפון וחיטה מלאה 750ג,שלמה א.אנג ל בעמ,,,"י""ח",750,ל  גרם,false,1,16.90,2.25,false,1,
7290017440279,false,"אל סבון קידס 750מ""ל",פישר תעשיות פרמבצטיות בעמ,,,"י""ח",750,"ל  מ""ל",false,1,16.90,2.25,false,1,
7290017440286,false,"מרכך קידס 750מ""ל",פישר תעשיות פרמבצטיות בעמ,,,"י""ח",750,"ל  מ""ל",false,1,16.90,2.25,false,1,
7290017440309,false,"שמפו קידס 750מ""ל",פישר תעשיות פרמבצטיות בעמ,,,"י""ח",750,"ל  מ""ל",false,1,16.90,2.25,false,1,
7290017457574,false,סוד כדוריות 1/3 פרחים 204ג,גורי שיווק בעמ,,,"י""ח",204,"ל  מ""ל",false,1,14.90,7.30,false,1,
7290017457888,false,סוד גל כביסה כחול 4 ליטר,גורי שיווק בעמ,,,"י""ח",4,ליטר,false,1,29.90,7.48,false,1,
7290017477169,false,קשיו 250ג ששון הקולה,דין שיווק וקליה 2021 בעמ,,,"י""ח",250,ל  גרם,false,1,19.90,7.96,false,1,
7290017477367,false,מטבעות שוקולד לבן  300גר לאפיה,דין שיווק וקליה 2021 בעמ,,,"י""ח",300,ל  גרם,false,1,13.90,4.63,false,1,
7290017477374,false,מטבעות שוקולד חלב  300גר לאפיה,דין שיווק וקליה 2021 בעמ,,,"י""ח",300,ל  גרם,false,1,13.90,4.63,false,1,
7290017477381,false,מטבעות שוקולד מריר  300גר לאפיה,דין שיווק וקליה 2021 בעמ,,,"י""ח",300,ל  גרם,false,1,13.90,4.63,false,1,
7290017477398,false,שוקולד צ`יפס מריר 45% לאפיה 300גר,דין שיווק וקליה 2021 בעמ,,,"י""ח",300,ל  גרם,false,1,13.90,4.63,false,1,
7290017504001,false,פטריות שמפיניון ארוז,ביכורי השדה צפון 1994 ג.ד. בעמ,,,"י""ח",1,,false,1,10.90,10.90,true,1,
7290017504025,false,פטריות פורטובלה,ביכורי השדה צפון 1994 ג.ד. בעמ,,,"י""ח",1,,false,1,11.90,11.90,false,1,
7290017504032,false,פטריות זוגות איטלקי,ביכורי השדה צפון 1994 ג.ד. בעמ,,,"י""ח",1,,false,1,18.90,18.90,false,1,
7290017513485,false,מחית עגבניות רוסטיקה גרנד איטליה 700גר,תה ויסוצקי (ישראל)בעמ,,,"י""ח",700,ל  גרם,false,1,11.90,1.70,true,1,
7290017513775,false,פליפז בייגלה מצופה ש. חלב  140ג,תה ויסוצקי (ישראל)בעמ,,,"י""ח",140,ל  גרם,false,1,8.90,6.36,true,1,
7290017513782,false,פליפז בייגלה מצופה ש. מריר 140ג,תה ויסוצקי (ישראל)בעמ,,,"י""ח",140,ל  גרם,false,1,8.90,6.36,true,1,
7290017586007,false,גזר ארוז,ביכורי השדה צפון 1994 ג.ד. בעמ,,,"ק""ג",1,"ק""ג",true,1,3.90,3.90,false,1,
7290017589633,false,רזרב  קברנה סובניון ברקן GOLD EDITION,טמפו משקאות בעמ,,,"י""ח",750,"ל  מ""ל",false,1,49.90,6.61,true,1,
7290017599236,false,םטנט 200 טבליות סטיוויה,שטראוס גרופ בעמ,,,"י""ח",200,"י""ח",false,1,24.90,0.12,true,1,
7290017599250,false,סוכרזית קלאסי 120שק.,שטראוס גרופ בעמ,,,"י""ח",100,"י""ח",false,1,16.90,0.17,true,1,
7290017599267,false,סוכרזית סוכרלוז 120שק.,שטראוס גרופ בעמ,,,"י""ח",100,"י""ח",false,1,24.90,0.25,true,1,
7290017599274,false,סוכרזית סטיוויה 120שקיות 100גרם,שטראוס גרופ בעמ,,,"י""ח",100,ל  גרם,false,1,34.90,34.90,true,1,
7290017599304,false,סוכרזית סטיוויה כפית לכפית 400גר,שטראוס גרופ בעמ,,,"י""ח",400,"י""ח",false,1,35.90,0.09,true,1,
7290017617046,false,סטארקיסט רביעייה בשמן זית 140ג,דיפלומט מפיצים (1968) בעמ**,,,"י""ח",560,"ל  מ""ל",false,1,27.90,4.98,false,1,
7290017617084,false,סטארקיסט מיקס טוגו עם שעועית 185ג,דיפלומט מפיצים (1968) בעמ**,,,"י""ח",185,ל  גרם,false,1,13.90,7.51,false,1,
7290017617428,false,סטארקיסט מיקס סלמון עם פסטה 160ג,דיפלומט מפיצים (1968) בעמ**,,,"י""ח",80,ל  גרם,false,1,14.90,18.63,false,1,
7290017617435,false,סטארקיסט מיקס סלמון עם עדשים 160ג,דיפלומט מפיצים (1968) בעמ**,,,"י""ח",80,ל  גרם,false,1,14.90,18.63,false,1,
7290017637426,false,"שמפו למניעת קשקשים 500מ""ל",סאסאטק אגשח בעמ - סאסא MB,,,"י""ח",500,"ל  מ""ל",false,1,24.90,4.98,false,1,
7290017637570,false,מרכך לתלתלים מושלמים Curls,סאסאטק אגשח בעמ - סאסא MB,,,"י""ח",500,"ל  מ""ל",false,1,24.90,4.98,false,1,
7290017637594,false,שמפו לשיער רגיל Sweet memories everday,סאסאטק אגשח בעמ - סאסא MB,,,"י""ח",500,"ל  מ""ל",false,1,24.90,4.98,true,1,
7290017637600,false,מרכך לשיער רגיל Sweet memories everday,סאסאטק אגשח בעמ - סאסא MB,,,"י""ח",500,"ל  מ""ל",false,1,24.90,4.98,false,1,
7290017637617,false,מסכה לשיער רגיל Sweet memories everday,סאסאטק אגשח בעמ - סאסא MB,,,"י""ח",250,"ל  מ""ל",false,1,27.90,11.16,false,1,
7290017637761,false,"מרכך לשיער KERATIN ללא מלח 500מ""ל",סאסאטק אגשח בעמ - סאסא MB,,,"י""ח",500,"ל  מ""ל",false,1,26.90,5.38,false,1,
7290017641102,false,"שוקולד פרימיום 70% לל""ס 100גר בד""ץ תפו",כרמית תעשיות ממתקים בעמ,,,"י""ח",100,ל  גרם,false,1,8.90,8.90,true,1,
7290017641119,false,"שוקולד פרימיום 85%  100גר בד""ץ",כרמית תעשיות ממתקים בעמ,,,"י""ח",100,ל  גרם,false,1,7.90,7.90,true,1,
7290017641379,false,שוקולד חלב 85ג חמישייה,כרמית תעשיות ממתקים בעמ,,,"י""ח",85,ל  גרם,false,1,16.90,19.88,true,1,
7290017641737,false,שוקולד מריר %70שברי אגוז  100ג,כרמית תעשיות ממתקים בעמ,,,"י""ח",85,ל  גרם,false,1,7.90,9.29,true,1,
7290017641997,false,"שוקולד פרימיום 70% לל""ס 100גר בד""ץ",כרמית תעשיות ממתקים בעמ,,,"י""ח",100,ל  גרם,false,1,8.90,8.90,true,1,
7290017647425,false,יין גמלא קברנה סוביניון,היכל היין שקד גולן בעמ,,,"י""ח",750,"ל  מ""ל",false,1,69.90,9.28,true,1,
7290017647548,false,"יין ירדן מרלו 2018 750מ""ל",היכל היין שקד גולן בעמ,,,"י""ח",750,"ל  מ""ל",false,1,99.90,13.28,false,1,
7290017647852,false,"יין ירדן מרלו 2018 750מ""ל",היכל היין שקד גולן בעמ,,,"י""ח",750,"ל  מ""ל",false,1,99.90,13.28,false,1,
7290017677804,false,"רוטב סויה קיקומן 444מ""ל",דיפלומט מפיצים (1968) בעמ**,,,"י""ח",444,"ל  מ""ל",false,1,19.90,4.48,false,1,
7290017682099,false,מקל טיטניום 1.3מטר,*** מ.א.ייצור ויבוא מטליות,,,"י""ח",1,,false,1,6,6,false,1,
7290017687322,false,גביעי איחסון עבים במיוחד 10 יח`,צבע ומכחול (2014) בעמ,,,"י""ח",10,"י""ח",false,1,10.90,1.09,false,1,
7290017687339,false,גביעי איחסון עבים במיוחד 10 יח`,שפע טוב סנטר בעמ,,,"י""ח",10,"י""ח",false,1,12.90,1.29,false,1,
7290017724003,false,גריסיני 250ג,הלל בן הלל שיווק ומסחר בעמ,,,"י""ח",200,ל  גרם,false,1,23.90,11.95,false,1,
7290017724027,false,עוגיות אלפא חורס 300ג,הלל בן הלל שיווק ומסחר בעמ,,,"י""ח",300,ל  גרם,false,1,23.90,7.97,false,1,
7290017724034,false,עוגיות סנדוויץ ריבה 250ג,הלל בן הלל שיווק ומסחר בעמ,,,"י""ח",250,ל  גרם,false,1,23.90,9.56,false,1,
7290017724058,false,מעדן תמר אגוז 250ג,הלל בן הלל שיווק ומסחר בעמ,,,"י""ח",250,ל  גרם,false,1,23.90,9.56,false,1,
7290017724065,false,"מעדן תפו""ע  250ג",הלל בן הלל שיווק ומסחר בעמ,,,"י""ח",250,ל  גרם,false,1,23.90,9.56,false,1,
7290017724072,false,רולדה שוקולד תמר  200ג,הלל בן הלל שיווק ומסחר בעמ,,,"י""ח",200,ל  גרם,false,1,23.90,11.95,false,1,
7290017724089,false,עוגיות אקרל פרמיום,הלל בן הלל שיווק ומסחר בעמ,,,"י""ח",400,ל  גרם,false,1,23.90,5.98,false,1,
7290017724102,false,סיגרים תמרים 250ג,הלל בן הלל שיווק ומסחר בעמ,,,"י""ח",250,ל  גרם,false,1,23.90,9.56,false,1,
7290017724126,false,עוגיות טחינה  250ג,הלל בן הלל שיווק ומסחר בעמ,,,"י""ח",250,ל  גרם,false,1,23.90,9.56,false,1,
7290017724140,false,שושנים 200ג,הלל בן הלל שיווק ומסחר בעמ,,,"י""ח",200,ל  גרם,false,1,23.90,11.95,false,1,
7290017724164,false,אוזניים ללא סוכר 250ג,הלל בן הלל שיווק ומסחר בעמ,,,"י""ח",250,ל  גרם,false,1,23.90,9.56,false,1,
7290017724171,false,סנדוויץ ריבה  ללא סוכר 250ג,הלל בן הלל שיווק ומסחר בעמ,,,"י""ח",250,ל  גרם,false,1,23.90,9.56,false,1,
7290017724270,false,אשכול בריאות  ללא סוכר 200ג,הלל בן הלל שיווק ומסחר בעמ,,,"י""ח",200,ל  גרם,false,1,23.90,11.95,false,1,
7290017724287,false,אצבעות פקאן  ללא סוכר 200ג,הלל בן הלל שיווק ומסחר בעמ,,,"י""ח",200,ל  גרם,false,1,23.90,11.95,false,1,
7290017724300,false,גרנולה   250ג,הלל בן הלל שיווק ומסחר בעמ,,,"י""ח",200,ל  גרם,false,1,23.90,11.95,false,1,
7290017812052,false,"יין אקסלנס שיראז-קברנה  סוביניון 750מ""",אגודת הכורמים,,,"י""ח",750,"ל  מ""ל",false,1,24.90,3.28,false,1,
7290017812571,false,תירוש אדום 1 ליטר כרמל.,אגודת הכורמים,,,"י""ח",1,ליטר,false,1,19.90,19.90,false,1,
7290017812588,false,תירוש לבן ליטר חדש,אגודת הכורמים,,,"י""ח",1,ליטר,false,1,19.90,19.90,false,1,
7290017812878,false,"יין אקסלנס רוזה  750מ""",אגודת הכורמים,,,"י""ח",750,"ל  מ""ל",false,1,24.90,3.28,false,1,
7290017841229,false,מטליות מיקרופייבר עם חור למגב שווה,ח.כהן סוכנות מזון ומשקאות בע,,,"י""ח",3,"י""ח",false,1,9.90,3.30,false,1,
7290017841267,false,צלחת קטנה 1ק``ג שווה,ח.כהן סוכנות מזון ומשקאות בע,,,"י""ח",1,"י""ח",false,1,39.90,39.90,false,1,
7290017841496,false,נרונים 4 שעות 72 שווה,ח.כהן סוכנות מזון ומשקאות בע,,,"י""ח",1,"י""ח",false,1,24.90,24.90,false,1,
7290017841540,false,תבניות נייר איגליש מעוטרת 3יח שווה,ח.כהן סוכנות מזון ומשקאות בע,,,"י""ח",3,"י""ח",false,1,7.90,2.63,true,1,
7290017841557,false,תבניות נייר מלבניות מעוטרת 3יח שווה,ח.כהן סוכנות מזון ומשקאות בע,,,"י""ח",3,"י""ח",false,1,7.90,2.63,true,1,
7290017841564,false,תבניות נייר לחלה מעוטרות 3 שווה,ח.כהן סוכנות מזון ומשקאות בע,,,"י""ח",3,"י""ח",false,1,8.90,2.97,false,1,
7290017841625,false,מטליות מיקרופייבר לרצפה  *2יח,ח.כהן סוכנות מזון ומשקאות בע,,,"י""ח",2,"י""ח",false,1,16.90,8.45,true,1,
7290017841632,false,מטליות מיקרופייבר כליי 10יח נשלפות,ח.כהן סוכנות מזון ומשקאות בע,,,"י""ח",10,"י""ח",false,1,16.90,1.69,true,1,
7290017841656,false,מטליות מיקרופייבר  מקצועי *2 50/80 שוו,ח.כהן סוכנות מזון ומשקאות בע,,,"י""ח",2,"י""ח",false,1,17.90,8.95,false,1,
7290017841663,false,מטליות מיקרופייבר  מקצועי *3 30/30 שוו,ח.כהן סוכנות מזון ומשקאות בע,,,"י""ח",3,"י""ח",false,1,9.90,3.30,false,1,
7290017841670,false,ספוג הפלא 6יח איכות שווה,ח.כהן סוכנות מזון ומשקאות בע,,,"י""ח",6,"י""ח",false,1,7.90,1.32,true,1,
7290017841731,false,מטליות מיקרופייבר גדולות במיוחד,ח.כהן סוכנות מזון ומשקאות בע,,,"י""ח",2,"י""ח",false,1,14.90,7.45,false,1,
7290017841762,false,"חומץ תפוחי עץ  500מ""ל 5% שווה",ח.כהן סוכנות מזון ומשקאות בע,,,"י""ח",500,"ל  מ""ל",false,1,11.90,2.38,false,1,
7290017842127,false,ניירות סנדוויץ מאוירות שווה,ח.כהן סוכנות מזון ומשקאות בע,,,"י""ח",100,"י""ח",false,1,9.90,0.10,false,1,
7290017842141,false,נייר אפייה אקולוגי איכותי 40יח שווה,ח.כהן סוכנות מזון ומשקאות בע,,,"י""ח",1,"י""ח",false,1,9.90,9.90,true,1,
7290017842202,false,נייר טישו כיס מארז 10 יח` שווה,ח.כהן סוכנות מזון ומשקאות בע,,,"י""ח",1,,false,1,6.90,6.90,true,1,
7290017842226,false,פילה סרדין 125 ג בשמן צמחי ללא עור,ח.כהן סוכנות מזון ומשקאות בע,,,"י""ח",125,"ל  מ""ל",false,1,5.90,4.72,true,1,
7290017842240,false,אנשובי ארוך בפח בשמן זית שווה,ח.כהן סוכנות מזון ומשקאות בע,,,"י""ח",77,ל  גרם,false,1,6.90,8.96,false,1,
7290017842257,false,אנשובי ארוך בפח פלפל צילי שווה,ח.כהן סוכנות מזון ומשקאות בע,,,"י""ח",1,,false,1,5.90,5.90,false,1,
7290017842332,false,פירורי לחם מוזהב 200 גרם שווה.,ח.כהן סוכנות מזון ומשקאות בע,,,"י""ח",200,"ל  מ""ל",false,1,3.90,1.95,false,1,
7290017842424,false,סילאן 100% טבעי 700ג צנצנת שווה,ח.כהן סוכנות מזון ומשקאות בע,,,"י""ח",700,ל  גרם,false,1,17.90,2.56,true,1,
7290017842431,false,סילאן לחיץ 100% טבעי 470ג שווה,ח.כהן סוכנות מזון ומשקאות בע,,,"י""ח",700,ל  גרם,false,1,14.90,2.13,true,1,
7290017842493,false,תירס גמדי 425גר שווה,ח.כהן סוכנות מזון ומשקאות בע,,,"י""ח",425,"ל  מ""ל",false,1,7.90,1.86,false,1,
7290017842516,false,שקיות אוכל זיפר קטנות 30יח  שווה,ח.כהן סוכנות מזון ומשקאות בע,,,"י""ח",30,"י""ח",false,1,6.90,0.23,false,1,
7290017842523,false,שקיות רב שימושיות זיפר גדולות 20יח,ח.כהן סוכנות מזון ומשקאות בע,,,"י""ח",20,"י""ח",false,1,8.90,0.45,false,1,
7290017842554,false,חמאת בוטנים קראנץ 510גר קלאסית שווה,ח.כהן סוכנות מזון ומשקאות בע,,,"י""ח",510,ל  גרם,false,1,10.90,2.14,true,1,
7290017842561,false,חמאת בוטנים קראנץ 510גר קראנץ שווה,ח.כהן סוכנות מזון ומשקאות בע,,,"י""ח",510,ל  גרם,false,1,10.90,2.14,true,1,
7290017842578,false,"חמאת בוטנים טבעית בד""צ שווה",ח.כהן סוכנות מזון ומשקאות בע,,,"י""ח",510,ל  גרם,false,1,10.90,2.14,true,1,
7290017842691,false,"מכסים לכוסות נייר גולד 9 ""שווה""",ח.כהן סוכנות מזון ומשקאות בע,,,"י""ח",1,,false,1,7.90,7.90,true,1,
7290017842783,false,קערית אובלית חושן 20יח שווה,ח.כהן סוכנות מזון ומשקאות בע,,,"י""ח",20,"י""ח",false,1,8.90,0.45,false,1,
7290017842813,false,"צלחות גדולות מעלי דקל 10  יח""שווה""",ח.כהן סוכנות מזון ומשקאות בע,,,"י""ח",1,,false,1,12.90,12.90,false,1,
7290017845029,false,פטריות צמד משפחתי,ביכורי השדה צפון 1994 ג.ד. בעמ,,,"י""ח",1,,false,1,18.90,18.90,false,1,
7290017845203,false,פטריות שמפיניון בודד,ביכורי השדה צפון 1994 ג.ד. בעמ,,,"י""ח",1,,false,1,10.90,10.90,true,1,
7290017864259,false,בזיליקום 100ג,ביכורי השדה צפון 1994 ג.ד. בעמ,,,"י""ח",1,,false,1,8.90,8.90,false,1,
7290017864471,false,עלי בייבי250ג,ביכורי השדה צפון 1994 ג.ד. בעמ,,,"י""ח",250,ל  גרם,false,1,14.90,5.96,false,1,
7290017864594,false,שיני שום מובחרות,ביכורי השדה צפון 1994 ג.ד. בעמ,,,"י""ח",1,,false,1,14.90,14.90,false,1,
7290017871363,false,סבון ידיים מ.בשמן מקדמיה 500מ``ל פמלי,דנשר (1963) בעמ,,,"י""ח",500,"ל  מ""ל",false,1,9.90,1.98,false,1,
7290017871950,false,נ.טואלט לח לוונדר שלישייה פרשוואנס,דנשר (1963) בעמ,,,"י""ח",1,,false,1,13.90,13.90,false,1,
7290017871974,false,מרמולייט ג לי תות שדה 25גר,דנשר (1963) בעמ,,,"י""ח",1,"י""ח",false,1,10.90,10.90,false,1,
7290017872162,false,עוגיות אגוזי לוז 200 גרם טוסו,דנשר (1963) בעמ,,,"י""ח",200,ל  גרם,false,1,15.90,7.95,false,1,
7290017872179,false,עוגיות טחינה 200 גרם טוסו,דנשר (1963) בעמ,,,"י""ח",200,ל  גרם,false,1,15.90,7.95,false,1,
7290017872186,false,עוגיות פאקן 200 גרם טוסו,דנשר (1963) בעמ,,,"י""ח",200,ל  גרם,false,1,16.90,8.45,false,1,
7290017872193,false,עוגיות שקדים וקינמון 200 גרם טוסו,דנשר (1963) בעמ,,,"י""ח",200,ל  גרם,false,1,15.90,7.95,false,1,
7290017872926,false,מרמולייט  סטיביה אבקת ממתיק,דנשר (1963) בעמ,,,"י""ח",1,,false,1,19.90,19.90,false,1,
7290017888026,false,"פרוט ווג אננס תפוח גזר  350מ""ל..",יפאורה שותפות מוגבלת לשיווק,,,"י""ח",350,"ל  מ""ל",false,1,7.50,2.06,true,1,
7290017888095,false,"שוופס מוגז פירות  330מ""ל 1/4.",יפאורה שותפות מוגבלת לשיווק,,,"י""ח",1.32,ליטר,false,1,13.20,9.09,true,1,
7290017888101,false,"שוופס מוגז עדין 330מ""ל 1/4 אפרסק",יפאורה שותפות מוגבלת לשיווק,,,"י""ח",1.50,ליטר,false,1,13.20,8,true,1,
7290017888354,false,"מי עדן  750 מ""ל בודד",יפאורה שותפות מוגבלת לשיווק,,,"י""ח",750,"ל  מ""ל",false,1,4.20,0.52,true,1,
7290017888972,false,מי עדן 1ל פקק ספורט בודד,יפאורה שותפות מוגבלת לשיווק,,,"י""ח",1,ליטר,false,1,3.90,3.90,false,1,
7290017928036,false,מאיר בייגל מקלות גריסיני שומשום 175גר,דנשר (1963) בעמ,,,"י""ח",175,ל  גרם,false,1,12.90,7.37,true,1,
7290017928098,false,מאיר בייגל שטוחלה מלח  300גר,דנשר (1963) בעמ,,,"י""ח",300,ל  גרם,false,1,11.90,3.97,true,1,
7290017928128,false,מאיר בייגל מקלות מלח 400גר,דנשר (1963) בעמ,,,"י""ח",400,ל  גרם,false,1,11.90,2.98,true,1,
7290017928210,false,מאיר בייגל בייגלה גדול שומשום 250גר,דנשר (1963) בעמ,,,"י""ח",250,ל  גרם,false,1,10.90,4.36,true,1,
7290017928227,false,מאיר בייגל שטוחלה פינוקים 300ג,דנשר (1963) בעמ,,,"י""ח",300,ל  גרם,false,1,11.90,3.97,true,1,
7290017928296,false,שברי בייגלה דבש חרדל וחרדל 300גרם סמא,דנשר (1963) בעמ,,,"י""ח",300,"ל  מ""ל",false,1,10.90,3.63,false,1,
7290017928494,false,שברי בייגלה בטעם צ`דר 300גרם סמאש,דנשר (1963) בעמ,,,"י""ח",300,"ל  מ""ל",false,1,10.90,3.63,false,1,
7290017928524,false,מאיר בייגל בייגלה שטוח ניגובים מלח 330גר,דנשר (1963) בעמ,,,"י""ח",300,ל  גרם,false,1,12.90,4.30,true,1,
7290017928609,false,מאיר בייגל טבעות שומשום 300גר,דנשר (1963) בעמ,,,"י""ח",300,ל  גרם,false,1,10.90,3.63,true,1,
7290017928616,false,מאיר בייגל שטוחלה שומשום  300גר,דנשר (1963) בעמ,,,"י""ח",300,ל  גרם,false,1,11.90,3.97,true,1,
7290017928685,false,מאיר בייגל שמיניות מלח 330גר,דנשר (1963) בעמ,,,"י""ח",330,ל  גרם,false,1,12.90,3.91,true,1,
7290017928722,false,מאיר בייגל בייגלה שטוח ניגובים שומשו 3,דנשר (1963) בעמ,,,"י""ח",300,ל  גרם,false,1,11.90,3.97,true,1,
7290017928807,false,מאיר בייגל אצבעות שומשום 300גר,דנשר (1963) בעמ,,,"י""ח",300,ל  גרם,false,1,12.90,4.30,true,1,
7290017928821,false,מאיר בייגל מקלות גריסיני קלאסי 200גר,דנשר (1963) בעמ,,,"י""ח",200,ל  גרם,false,1,12.90,6.45,true,1,
7290017938226,false,ממרח לימון כבוש 200ג גורמה,סלטי שמיר2006בעמ,,,"י""ח",200,ל  גרם,false,1,14.90,7.45,false,1,
7290017938264,false,חומוס עם חריף 200 גרם,סלטי שמיר2006בעמ,,,"י""ח",200,ל  גרם,false,1,7.90,3.95,true,1,
7290017946764,false,מנקה מכונת כביסה 150גר,גורי שיווק בעמ,,,"י""ח",150,ל  גרם,false,1,21.90,14.60,false,1,
7290017947105,false,לחם אנגיל בסגנון אמריקה 500גר,שלמה א.אנג ל בעמ,,,"י""ח",500,ל  גרם,false,1,13.90,2.78,false,1,
7290017947464,false,פיתות כוסמין מארז 8 יח אנגל,שלמה א.אנג ל בעמ,,,"י""ח",8,"י""ח",false,1,14.90,1.86,true,1,
7290017947495,false,לחמניות כוסמין שישייה,שלמה א.אנג ל בעמ,,,"י""ח",450,ל  גרם,false,1,14.90,3.31,false,1,
7290017947891,false,לחם אנגיל כוסמין וחיטה מלאה 750גר,שלמה א.אנג ל בעמ,,,"י""ח",750,ל  גרם,false,1,15.90,2.12,false,1,
7290017947921,false,לחמניות  להמבורגר 450גר.,שלמה א.אנג ל בעמ,,,"י""ח",450,ל  גרם,false,1,12.90,2.87,false,1,
7290017947938,false,מארז 8 מיני לחמניות המבורגר אמריקה,שלמה א.אנג ל בעמ,,,"י""ח",400,ל  גרם,false,1,13.90,3.48,false,1,
7290017969350,false,פתיל צף,צבע ומכחול (2014) בעמ,,,"י""ח",1,,false,1,6.90,6.90,false,1,
7290018043295,false,חטיף חלבון טעם ונילה קראנץ 60ג,דיפלומט מפיצים (1968) בעמ**,,,"י""ח",60,ל  גרם,false,1,13.90,23.17,false,1,
7290018043844,false,חטיף בוטנים  בטעם קרמל קראנץ 60ג,דיפלומט מפיצים (1968) בעמ**,,,"י""ח",60,ל  גרם,false,1,13.90,23.17,false,1,
7290018045084,false,דגנים במילוי קרם בטעם בראוניז 480גר,ר.ב. מוצרי דגנים בעמ,,,"י""ח",750,ל  גרם,false,1,21.90,2.92,true,1,
7290018045695,false,דגנים במילוי קרם קרמל מלוח 480גר,ר.ב. מוצרי דגנים בעמ,,,"י""ח",750,ל  גרם,false,1,21.90,2.92,true,1,
7290018045893,false,דגנים במילוי קרם נוגט 480גר,ר.ב. מוצרי דגנים בעמ,,,"י""ח",750,ל  גרם,false,1,21.90,2.92,true,1,
7290018071229,false,כפפות ניטרו -Vכחולות ללא אבקה L EASY T,אינטרסן (1996) בעמ,,,"י""ח",100,"י""ח",false,1,21.90,0.22,true,1,
7290018071533,false,נר נשמה בכוס 48 שעות,אינטרסן (1996) בעמ,,,"י""ח",1,,false,1,5.90,5.90,false,1,
7290018071540,false,נר נשמה בכוס 72 שעות,אינטרסן (1996) בעמ,,,"י""ח",1,,false,1,6.90,6.90,false,1,
7290018071557,false,נר נשמה בכוס 72 שעות,אינטרסן (1996) בעמ,,,"י""ח",1,,false,1,10.90,10.90,false,1,
7290018071571,false,פדים להסרת איפור 40יח,אינטרסן (1996) בעמ,,,"י""ח",40,"י""ח",false,1,7.90,0.20,false,1,
7290018091074,false,בצק עוגיות שוקולד ציפס 300ג,תנובה בשר,,,"י""ח",300,ל  גרם,false,1,14.90,4.97,false,1,
7290018091272,false,בצק עוגיות קקאו טריפל שוקולד 300ג,תנובה בשר,,,"י""ח",300,ל  גרם,false,1,16.90,5.63,false,1,
7290018091616,false,מקלות פילו גבינה 450ג קפוא,תנובה בשר,,,"י""ח",450,ל  גרם,false,1,17.60,3.91,false,1,
7290018098653,false,מרק מינסטרונה ירוק מן הצומח 500גר,קפוא זן תעשיות מזון בעמ,,,"י""ח",500,ל  גרם,false,1,16.90,3.38,false,1,
7290018115039,false,אבוקדו בשל מארז,ביכורי השדה צפון 1994 ג.ד. בעמ,,,"י""ח",1,"י""ח",false,1,10.90,10.90,false,1,
7290018131077,false,נסטלה מילקה שלגון וניל 71ג,נגה גלידות,,,"י""ח",70,ל  גרם,false,1,12.90,18.43,true,1,
7290018131534,false,מאגדת מיני בייטס מילקה 3יח,נגה גלידות,,,"י""ח",162,ל  גרם,false,1,22.90,14.14,false,1,
7290018131831,false,מאגדת שלגון מילקה וניל 4*66גר,נגה גלידות,,,"י""ח",284,ל  גרם,false,1,36.90,12.99,false,1,
7290018131879,false,מאגדת אקסטרים ריבת חלב   X 6,נגה גלידות,,,"י""ח",1,,false,1,35.90,35.90,false,1,
7290018132388,false,"מטרנה גולד שלב 2 700גר בד""ץ",קבוצת אוסם סחר-שות.מוגבלת,,,"י""ח",700,ל  גרם,false,1,75.90,10.84,true,1,
7290018132425,false,"מטרנה גולד שלב 3 700גר בד""ץ",קבוצת אוסם סחר-שות.מוגבלת,,,"י""ח",700,ל  גרם,false,1,75.90,10.84,true,1,
7290018156124,false,"אל סבון שלישייה קמיל בלו ד""ר פישר צבעו",פישר תעשיות פרמבצטיות בעמ,,,"י""ח",3,"י""ח",false,1,19.90,6.63,false,1,
7290018165010,false,"רזרב גולד  גוורצטרמינר 750מ""ל ברקן",טמפו משקאות בעמ,,,"י""ח",750,"ל  מ""ל",false,1,49.90,6.61,true,1,
7290018165447,false,רזרב  מרלו ברקן GOLD EDITION,טמפו משקאות בעמ,,,"י""ח",750,"ל  מ""ל",false,1,49.90,6.61,true,1,
7290018192658,false,פטריות  צמד איטלקי,ביכורי השדה צפון 1994 ג.ד. בעמ,,,"י""ח",1,,false,1,19.90,19.90,false,1,
7290018198056,false,"תפוגן קוביות תפוחי אדמה  1.5ק""ג",קבוצת אוסם סחר-שות.מוגבלת,,,"י""ח",1.50,"ק""ג",false,1,24.90,16.60,false,1,
7290018198209,false,תפוגן צ`יפס בטטה קראנצי 500גר,קבוצת אוסם סחר-שות.מוגבלת,,,"י""ח",500,ל  גרם,false,1,21.90,4.38,false,1,
7290018208472,false,"תמר מג`הול 1ק""ג מחנה יהודה.",א.מ. עישבי תיבול תקומה בעמ,,,"י""ח",1,"ק""ג",false,1,19.90,19.90,true,1,
7290018208489,false,תמר מג`הול 800גר פרימים מחנה יהודה,א.מ. עישבי תיבול תקומה בעמ,,,"י""ח",800,ל  גרם,false,1,24.90,3.11,true,1,
7290018208496,false,תמר מג`הול 650גר סופר פרימים מחנה יהוד,א.מ. עישבי תיבול תקומה בעמ,,,"י""ח",650,ל  גרם,false,1,24.90,3.83,true,1,
7290018237373,false,עוף טוב פסטרמה צרובה על הגריל  300גרם,קבוצת אוסם סחר-שות.מוגבלת,,,"י""ח",300,ל  גרם,false,1,25.90,8.63,true,1,
7290018237397,false,עוף טוב פסטרמה מקורמלת נתח שלם 300גרם,קבוצת אוסם סחר-שות.מוגבלת,,,"י""ח",300,ל  גרם,false,1,25.90,8.63,true,1,
7290018237410,false,עוף טוב פסטרמה במעשנה נתח שלם 300גרם,קבוצת אוסם סחר-שות.מוגבלת,,,"י""ח",300,ל  גרם,false,1,25.90,8.63,true,1,
7290018237496,false,עוף טוב דק דק פסטרמה דבש 220גר.,קבוצת אוסם סחר-שות.מוגבלת,,,"י""ח",220,ל  גרם,false,1,21.90,9.95,true,1,
7290018237922,false,שניצלונים ציפוי צ`יפס ]עוף  טוב[,קבוצת אוסם סחר-שות.מוגבלת,,,"י""ח",700,ל  גרם,false,1,14.90,2.13,true,1,
7290018237939,false,שניצלונים]עוף  טוב[.,קבוצת אוסם סחר-שות.מוגבלת,,,"י""ח",700,ל  גרם,false,1,14.90,2.13,true,1,
7290018237960,false,עוף טוב כתף בקר עסיסי 265 גרם,קבוצת אוסם סחר-שות.מוגבלת,,,"י""ח",265,ל  גרם,false,1,29.90,11.28,true,1,
7290018282991,false,"אסותא סבון נוזלי 500מ""ל",עיסא ערטול בעמ-סוכן הנקל סוד,,,"י""ח",500,"ל  מ""ל",false,1,5.90,1.18,true,1,
7290018285060,false,דר שקשוקה רוטב עגבניה 400גר,ציון תורגמן בעמ,,,"י""ח",400,"ל  מ""ל",false,1,14.90,3.73,false,1,
7290018294000,false,K.D  רוזה,אגודת הכורמים,,,"י""ח",750,"ל  מ""ל",false,1,21.90,2.88,true,1,
7290018294208,false,סלקטד אדום ישראלי 0.75,אגודת הכורמים,,,"י""ח",750,"ל  מ""ל",false,1,29.90,3.95,true,1,
7290018333181,false,אגו רוקס שוק.חלב אגוזים וקורנפלקס 100ג,כרמית תעשיות ממתקים בעמ,,,"י""ח",100,ל  גרם,false,1,10.90,10.90,false,1,
7290018333204,false,אגו רוקס שוק.לבן פקאן קוקוס 100ג,כרמית תעשיות ממתקים בעמ,,,"י""ח",100,ל  גרם,false,1,10.90,10.90,false,1,
7290018343296,false,"אלכוג ל H 100מ""ל",פישר תעשיות פרמבצטיות בעמ,,,"י""ח",100,"ל  מ""ל",false,1,14.90,14.90,false,1,
7290018343630,false,"קרם גוף ד""ר פישר אפקטיב קר 450מ""ל",פישר תעשיות פרמבצטיות בעמ,,,"י""ח",450,ל  גרם,false,1,24.90,5.53,true,1,
7290018359112,false,פאסאטה מחית עגבניות איטלקיות קלה יכין690,זנלכל בעמ,,,"י""ח",690,ל  גרם,false,1,9.90,1.43,false,1,
7290018359129,false,עגבניה פולפה חתוכות מקולפות דק יכין690.,זנלכל בעמ,,,"י""ח",690,ל  גרם,false,1,9.90,1.43,false,1,
7290018359334,false,רוטב  עגבניות טבעי פריכוז שף 580ג,זנלכל בעמ,,,"י""ח",580,ל  גרם,false,1,11.90,2.05,false,1,
7290018359358,false,רוטב עג  פריכוז יכין 3*200גר,זנלכל בעמ,,,"י""ח",600,ל  גרם,false,1,12.90,2.15,false,1,
7290018359495,false,תירס מהשדה ללא תוספת סוכר 550ג יכין,זנלכל בעמ,,,"י""ח",550,ל  גרם,false,1,9.90,1.80,false,1,
7290018359518,false,תירס מהשדה ללא תוספת סוכר 3*200ג יכין,זנלכל בעמ,,,"י""ח",600,ל  גרם,false,1,14.90,2.48,false,1,
7290018359556,false,תירס מהשדה ללא תוספת סוכר 400ג יכין,זנלכל בעמ,,,"י""ח",400,ל  גרם,false,1,6.90,1.73,false,1,
7290018359570,false,שעועית צ`ילי הקטניה הטובה יכין 3*200גר.,זנלכל בעמ,,,"י""ח",600,ל  גרם,false,1,12.90,2.15,true,1,
7290018359686,false,~חומוס ענק יכין 550ג,זנלכל בעמ,,,"י""ח",520,ל  גרם,false,1,9.90,1.90,false,1,
7290018359716,false,רוטב פיצה טוסקנה יכין 240גר,זנלכל בעמ,,,"י""ח",240,"ל  מ""ל",false,1,5.50,2.29,false,1,
7290018359860,false,רסק עגבניות ליקופן טבעי 2*200גר יכין .,זנלכל בעמ,,,"י""ח",400,ל  גרם,false,1,14.90,3.73,true,1,
7290018359877,false,רסק עגבניות ליקופן טבעי 3*200גר יכין.,זנלכל בעמ,,,"י""ח",400,ל  גרם,false,1,14.90,3.73,true,1,
7290018359945,false,רוטב פיקנטי מפלפלים וירקות יכין 400גר,זנלכל בעמ,,,"י""ח",400,ל  גרם,false,1,10.90,2.73,false,1,
7290018359969,false,רוטב עגבניות לפיצה יכין 400גר,זנלכל בעמ,,,"י""ח",400,ל  גרם,false,1,10.90,2.73,false,1,
7290018440070,false,תרכיז עגבניות שפורפרת B28 200ג,תה ויסוצקי (ישראל)בעמ,,,"י""ח",200,ל  גרם,false,1,8.90,4.45,false,1,
7290018440209,false,פליפז בייגלה מצופה פאדג לבן 140ג,תה ויסוצקי (ישראל)בעמ,,,"י""ח",140,ל  גרם,false,1,8.90,6.36,true,1,
7290018440223,false,חווית צאי מסאלה 25יח,תה ויסוצקי (ישראל)בעמ,,,"י""ח",25,"י""ח",false,1,19.90,0.80,true,1,
7290018440247,false,חווית צאי שקדים  25יח,תה ויסוצקי (ישראל)בעמ,,,"י""ח",25,"י""ח",false,1,19.90,0.80,true,1,
7290018440391,false,תה ירוק מאטה נענע גוארנה 25יח,תה ויסוצקי (ישראל)בעמ,,,"י""ח",25,"י""ח",false,1,24.90,1,true,1,
7290018440438,false,טונה בשמן זית שלישיה *65גרם,תה ויסוצקי (ישראל)בעמ,,,"י""ח",195,ל  גרם,false,1,25.90,13.28,true,1,
7290018440483,false,פליפז בייגלה מצופה קרמל מלוח 140ג,תה ויסוצקי (ישראל)בעמ,,,"י""ח",140,ל  גרם,false,1,8.90,6.36,true,1,
7290018440896,false,חליטת גינגר כורכום גן קסום,תה ויסוצקי (ישראל)בעמ,,,"י""ח",67.50,ל  גרם,false,1,17.90,26.52,true,1,
7290018441626,false,גלידה פיינטים מנטה עוגיות,מוצרי איכות אמריקאיים בעמ,,,"י""ח",500,"ל  מ""ל",false,1,19.90,3.98,true,1,
7290018443040,false,נבטים סיניים שמיטה,ביכורי השדה צפון 1994 ג.ד. בעמ,,,"י""ח",1,,false,1,7.90,7.90,false,1,
7290018443057,false,נבטים חמניה שמיטה,ביכורי השדה צפון 1994 ג.ד. בעמ,,,"י""ח",1,,false,1,8.90,8.90,false,1,
7290018443064,false,נבטים אלפלפא שמיטה,ביכורי השדה צפון 1994 ג.ד. בעמ,,,"י""ח",1,,false,1,7.90,7.90,false,1,
7290018443255,false,בייבי בטטה,ביכורי השדה צפון 1994 ג.ד. בעמ,,,"י""ח",1,,false,1,8.90,8.90,false,1,
7290018443347,false,שמיר מהדרין שמיטה,ביכורי השדה צפון 1994 ג.ד. בעמ,,,"י""ח",1,,false,1,6.90,6.90,true,1,
7290018443354,false,נענע מהדרין שמיטה,ביכורי השדה צפון 1994 ג.ד. בעמ,,,"י""ח",1,,false,1,6.90,6.90,true,1,
7290018443385,false,חסה מהדרין שמיטה,ביכורי השדה צפון 1994 ג.ד. בעמ,,,"י""ח",1,,false,1,6.90,6.90,true,1,
7290018443545,false,פלפל צ`ילי אדום 200גר,ביכורי השדה צפון 1994 ג.ד. בעמ,,,"י""ח",200,ל  גרם,false,1,10.90,5.45,false,1,
7290018443712,false,כרובית ארוזה,ביכורי השדה צפון 1994 ג.ד. בעמ,,,"י""ח",1,"י""ח",false,1,10.90,10.90,false,1,
7290018443743,false,חמציץ פראש,ביכורי השדה צפון 1994 ג.ד. בעמ,,,"י""ח",1,,false,1,11.90,11.90,false,1,
7290018443828,false,צמד חסה אייסברג,ביכורי השדה צפון 1994 ג.ד. בעמ,,,"י""ח",150,ל  גרם,false,1,10.90,7.27,false,1,
7290018443835,false,שרי לובלו פרימיום.,ביכורי השדה צפון 1994 ג.ד. בעמ,,,"י""ח",1,,false,1,12.90,12.90,false,1,
7290018471029,false,סודה  טעם לימון שוופס 0.5ל שישייה,יפאורה שותפות מוגבלת לשיווק,,,"י""ח",300,"ל  מ""ל",false,1,13.90,4.03,false,1,
7290018471210,false,ספרינג נקטר אגס סברס תפוח 1ליטר קרטוני,יפאורה שותפות מוגבלת לשיווק,,,"י""ח",1,ליטר,false,1,6.90,6.90,true,1,
7290018471487,false,תפוזינה נקטר תפוז אננס 1ל קרטון,יפאורה שותפות מוגבלת לשיווק,,,"י""ח",1,ליטר,false,1,8.10,8.10,false,1,
7290018471494,false,תפוזינה נקטר תפוז גזר 1ל קרטון,יפאורה שותפות מוגבלת לשיווק,,,"י""ח",1,ליטר,false,1,8.10,8.10,false,1,
7290018471616,false,שוופס אינדיאן טוניק 1ליטר,יפאורה שותפות מוגבלת לשיווק,,,"י""ח",1,ליטר,false,1,9.40,9.40,true,1,
7290018471906,false,שוופס מוגז פירות לימונדה ורודה   1.5ל,יפאורה שותפות מוגבלת לשיווק,,,"י""ח",1.50,ליטר,false,1,8.80,5.67,true,1,
7290018471913,false,שוופס מוגז פירות תפוחים 1.5ל,יפאורה שותפות מוגבלת לשיווק,,,"י""ח",1.50,ליטר,false,1,8.80,5.67,true,1,
7290018471920,false,שוופס מוגז פירות ענבים 1.5ל,יפאורה שותפות מוגבלת לשיווק,,,"י""ח",1.50,ליטר,false,1,8.80,5.67,true,1,
7290018471937,false,שוופס מוגז פירות תות ליים 1.5ל,יפאורה שותפות מוגבלת לשיווק,,,"י""ח",1.50,ליטר,false,1,8.80,5.67,true,1,
7290018471944,false,שוופס מוגז פירות לימונייד 1.5ל,יפאורה שותפות מוגבלת לשיווק,,,"י""ח",1.50,ליטר,false,1,8.80,5.67,true,1,
7290018471951,false,שוופס מוגז פירות אשכולית אדומה 1.5ל,יפאורה שותפות מוגבלת לשיווק,,,"י""ח",1.50,ליטר,false,1,8.80,5.67,true,1,
7290018493403,false,"קצף אמבט קידס ויטמינים 750מ""ל",פישר תעשיות פרמבצטיות בעמ,,,"י""ח",750,"ל  מ""ל",false,1,16.90,2.25,false,1,
7290018493892,false,"קמיל בלו סנסיטיב אל סבון 750 מ""ל משאבה",פישר תעשיות פרמבצטיות בעמ,,,"י""ח",750,"ל  מ""ל",false,1,19.90,2.65,false,1,
7290018493908,false,"קמיל בלו סנסיטיב אל דמע 750 מ""ל משאבה",פישר תעשיות פרמבצטיות בעמ,,,"י""ח",750,"ל  מ""ל",false,1,19.90,2.65,false,1,
7290018493977,false,אל סבון נוזלי לידיים קמיל 1ליטר,פישר תעשיות פרמבצטיות בעמ,,,"י""ח",1,ליטר,false,1,15.90,15.90,true,1,
7290018500231,false,לחם וויקאנד אנג`ל 750גר,שלמה א.אנג ל בעמ,,,"י""ח",750,ל  גרם,false,1,16.90,2.25,false,1,
7290018500316,false,לחם כוסמין 750גרם ארטיזנל,שלמה א.אנג ל בעמ,,,"י""ח",750,ל  גרם,false,1,20.90,2.79,true,1,
7290018500361,false,לחם אחיד פרוס אנג ל 900גרם  *,שלמה א.אנג ל בעמ,,,"י""ח",900,ל  גרם,false,1,8.53,0.95,false,1,
7290018500460,false,לחם חצי מלא אנג`ל 700גר.,שלמה א.אנג ל בעמ,,,"י""ח",750,ל  גרם,false,1,11.90,1.59,false,1,
7290018516324,false,פרינוק מחית תפוח וש.שועל 120ג,גורי מוצרי צריכה בעמ,,,"י""ח",120,ל  גרם,false,1,6.60,5.50,true,1,
7290018516348,false,פרינוק מחית פירות וש.שועל 120ג,גורי מוצרי צריכה בעמ,,,"י""ח",120,ל  גרם,false,1,6.60,5.50,true,1,
7290018516355,false,פרינוק 190 גרם תפוח עץ ש.שועל,גורי מוצרי צריכה בעמ,,,"י""ח",190,ל  גרם,false,1,5.90,3.11,true,1,
7290018517086,false,מעדן פרי דובדבן ללא סוכר 280גר,נאמן לאורך זמן בעמ,,,"י""ח",280,ל  גרם,false,1,11.90,4.25,false,1,
7290018517321,false,קוואקר בשקית 500 גרם.,נאמן לאורך זמן בעמ,,,"י""ח",500,ל  גרם,false,1,8.90,1.78,false,1,
7290018517406,false,ריבת מעדן תות  35% פרי 300גר,נאמן לאורך זמן בעמ,,,"י""ח",300,ל  גרם,false,1,7.90,2.63,false,1,
7290018517413,false,ריבת מעדן דובדבן 35% פרי 300גר,נאמן לאורך זמן בעמ,,,"י""ח",300,ל  גרם,false,1,7.90,2.63,false,1,
7290018517420,false,ריבת מעדן תפוז 35% פרי 300גר,נאמן לאורך זמן בעמ,,,"י""ח",300,ל  גרם,false,1,7.90,2.63,false,1,
7290018517437,false,ריבת מעדן משמש 35% פרי 300גר,נאמן לאורך זמן בעמ,,,"י""ח",300,ל  גרם,false,1,7.90,2.63,false,1,
7290018517444,false,ריבת מעדן שזיפים 35% פרי 300גר,נאמן לאורך זמן בעמ,,,"י""ח",300,ל  גרם,false,1,7.90,2.63,false,1,
7290018517451,false,ריבת תות 45% פרי 450גר,נאמן לאורך זמן בעמ,,,"י""ח",450,ל  גרם,false,1,9.90,2.20,false,1,
7290018517468,false,ריבת דובדבן חמוץ 45% פרי 450גר,נאמן לאורך זמן בעמ,,,"י""ח",450,ל  גרם,false,1,9.90,2.20,false,1,
7290018517475,false,ריבת משמש 45% פרי 450גר,נאמן לאורך זמן בעמ,,,"י""ח",450,ל  גרם,false,1,9.90,2.20,false,1,
7290018517529,false,עוגיות קרם סנדוויץ 900גר,נאמן לאורך זמן בעמ,,,"י""ח",900,ל  גרם,false,1,16.90,1.88,false,1,
7290018517772,false,אריסה טוניסאית חריפה 350גר,נאמן לאורך זמן בעמ,,,"י""ח",350,ל  גרם,false,1,19.90,5.69,false,1,
7290018540817,false,לחם מחמצת כוסמין 500גרם ארטיזנל,שלמה א.אנג ל בעמ,,,"י""ח",500,ל  גרם,false,1,17.90,3.58,true,1,
7290018540824,false,לחם מחמצת כפרי 500גרם ארטיזנל,שלמה א.אנג ל בעמ,,,"י""ח",500,ל  גרם,false,1,17.90,3.58,true,1,
7290018540831,false,לחם מחמצת חיטה מלאה 500גרם ארטיזנל,שלמה א.אנג ל בעמ,,,"י""ח",500,ל  גרם,false,1,17.90,3.58,true,1,
7290018556542,false,משקה אלכהלי לימנענע מחנה יהודה  700 מי,פיירוואטר בעמ,,,"י""ח",750,"ל  מ""ל",false,1,40.20,5.32,true,1,
7290018556924,false,משקה אלכהלי מחנה יהודה לימון 700 מייל,פיירוואטר בעמ,,,"י""ח",750,"ל  מ""ל",false,1,40.20,5.32,true,1,
7290018556931,false,משקה אלכהלי פסיפלורה מחנה יהודה  700מי,פיירוואטר בעמ,,,"י""ח",750,"ל  מ""ל",false,1,40.20,5.32,true,1,
7290018571064,false,מקלוני טופי 450ג,מיה תעשיות מזון מ.ת.מ בעמ,,,"י""ח",450,ל  גרם,false,1,15.90,3.53,true,1,
7290018571071,false,טופי פספסים 450ג,מיה תעשיות מזון מ.ת.מ בעמ,,,"י""ח",450,ל  גרם,false,1,15.90,3.53,true,1,
7290018571422,false,לקקנים מולטיקולור מיקס 65יח,מיה תעשיות מזון מ.ת.מ בעמ,,,"י""ח",65,"י""ח",false,1,18.90,0.29,true,1,
7290018571491,false,ריבת חלב אמיתית 340 גרם מיה.,מיה תעשיות מזון מ.ת.מ בעמ,,,"י""ח",340,ל  גרם,false,1,14.90,4.38,true,1,
7290018571521,false,סוכריות מולטי ויטמין ילדים דובונים 175גר,מיה תעשיות מזון מ.ת.מ בעמ,,,"י""ח",175,ל  גרם,false,1,39.90,22.80,false,1,
7290018571552,false,סוכריות אומגה 3 ילדים דגונים 240גר,מיה תעשיות מזון מ.ת.מ בעמ,,,"י""ח",240,ל  גרם,false,1,39.90,16.63,false,1,
7290018571569,false,"תמצית וניל טהורה 30מ""ל",מיה תעשיות מזון מ.ת.מ בעמ,,,"י""ח",30,ל  גרם,false,1,29.90,99.67,false,1,
7290018571620,false,סוכריות מולטי ויטמין נשים 240גר,מיה תעשיות מזון מ.ת.מ בעמ,,,"י""ח",240,ל  גרם,false,1,39.90,16.63,false,1,
7290018571637,false,סוכריות מולטי ויטמין גברים 220גר,מיה תעשיות מזון מ.ת.מ בעמ,,,"י""ח",220,ל  גרם,false,1,39.90,18.14,false,1,
7290018571644,false,סוכריות קוסמטיקה מבוגרים אצבעות רחבות,מיה תעשיות מזון מ.ת.מ בעמ,,,"י""ח",210,ל  גרם,false,1,39.90,19,false,1,
7290018571705,false,"אורז יסמין 1 ק""ג",מיה תעשיות מזון מ.ת.מ בעמ,,,"י""ח",1,"ק""ג",false,1,10.90,10.90,true,1,
7290018571712,false,"אורז בסגנון פרסי 1 ק""ג",מיה תעשיות מזון מ.ת.מ בעמ,,,"י""ח",1,"ק""ג",false,1,9.90,9.90,true,1,
7290018571736,false,"אורז בסמטי 1 ק""ג",מיה תעשיות מזון מ.ת.מ בעמ,,,"י""ח",1,"ק""ג",false,1,10.90,10.90,true,1,
7290018571743,false,"אורז מלא 1 ק""ג",מיה תעשיות מזון מ.ת.מ בעמ,,,"י""ח",1,"ק""ג",false,1,8.90,8.90,false,1,
7290018652015,false,סופרולר 75ג,נגה גלידות,,,"י""ח",66,ל  גרם,false,1,9.90,15,false,1,
7290018652770,false,טילון גולדה 115גר,נגה גלידות,,,"י""ח",115,ל  גרם,false,1,9.90,8.61,true,1,
7290018652909,false,מאגדת אספרסו שוקולד 5*43גר,נגה גלידות,,,"י""ח",215,ל  גרם,false,1,29.90,13.91,false,1,
7290018703229,false,חטיף חלבון טבעוני שוק. אגוז 60ג,דיפלומט מפיצים (1968) בעמ**,,,"י""ח",60,ל  גרם,false,1,13.90,23.17,false,1,
7290018703496,false,חטיף בננה טופי קראנץ 60ג,דיפלומט מפיצים (1968) בעמ**,,,"י""ח",60,ל  גרם,false,1,13.90,23.17,false,1,
7290018708118,false,בארכה חלבה וניל פיסטוק ללא סוכר 350גר,קבוצת אוסם סחר-שות.מוגבלת,,,"י""ח",350,ל  גרם,false,1,15.90,4.54,false,1,
7290018710679,false,"צ`יפס קלאסי 2.5ק""ג מחפוד",***אדום גרופ למזון שיווק***,,,"י""ח",2.50,"ק""ג",false,1,32.90,13.16,false,1,
7290018732205,false,אוכמניות,ביכורי השדה צפון 1994 ג.ד. בעמ,,,"י""ח",1,,false,1,15.90,15.90,true,1,
7290018732601,false,אבוקדו מוכן לאכילה,ביכורי השדה צפון 1994 ג.ד. בעמ,,,"י""ח",1,,false,1,9.90,9.90,false,1,
7290018835005,false,אקסטרה צ`יפס אורז חום מלא מלח פלפל 60ג,א.ל.יצור ושיווקתבלינים בעמ,,,"י""ח",60,ל  גרם,false,1,7.90,13.17,true,1,
7290018835012,false,באר אקסטרה בציפוי שוקולד חלב 90גר,א.ל.יצור ושיווקתבלינים בעמ,,,"י""ח",90,ל  גרם,false,1,13.90,15.44,true,1,
7290018835029,false,מרק טעם עוף 400גר,א.ל.יצור ושיווקתבלינים בעמ,,,"י""ח",400,ל  גרם,false,1,12.90,3.23,true,1,
7290018835043,false,תערובת תיבול סטייק מונטריאול 140גר,א.ל.יצור ושיווקתבלינים בעמ,,,"י""ח",140,ל  גרם,false,1,16.90,12.07,false,1,
7290018878088,false,שוקולד מריר ללא סוכר שלשות *85ג,כרמית תעשיות ממתקים בעמ,,,"י""ח",255,ל  גרם,false,1,15.90,6.24,false,1,
7290018878095,false,שוקולד חלב ללא סוכר שלשות *85ג,כרמית תעשיות ממתקים בעמ,,,"י""ח",255,ל  גרם,false,1,15.90,6.24,false,1,
7290018878125,false,שוקולד לבן ללא סוכר שלשות *85ג,כרמית תעשיות ממתקים בעמ,,,"י""ח",255,ל  גרם,false,1,15.90,6.24,false,1,
7290018879979,false,מרשמלו לבן טעם וניל 150ג,כרמית תעשיות ממתקים בעמ,,,"י""ח",1,,false,1,5.50,5.50,true,1,
7290018893005,false,חטיפי בייגלה אפוי דבש וחרדל 160ג.,ש.שסטוביץ בעמ,,,"י""ח",200,ל  גרם,false,1,6.90,3.45,false,1,
7290018893425,false,ממרח צ`וקטה אגוזי לוז וחלב 700גרם,ש.שסטוביץ בעמ,,,"י""ח",385,ל  גרם,false,1,19.90,5.17,false,1,
7290018893456,false,צוקטה עוגות אישיות עשירייה.,ש.שסטוביץ בעמ,,,"י""ח",300,ל  גרם,false,1,12.90,4.30,false,1,
7290018893487,false,צוקטה עוגות אישיות עשירייה קוקוס,ש.שסטוביץ בעמ,,,"י""ח",300,ל  גרם,false,1,12.90,4.30,false,1,
7290018893814,false,שוקולד מריר 48% 1/5 צוקטה,ש.שסטוביץ בעמ,,,"י""ח",500,"ל  מ""ל",false,1,15.90,3.18,false,1,
7290018894019,false,בלקוני עוגות מיקס מקס חלב 350גר,ש.שסטוביץ בעמ,,,"י""ח",350,ל  גרם,false,1,14.90,4.26,true,1,
7290018894040,false,שוקולד חלב צוקטה חמישייה 100ג.,ש.שסטוביץ בעמ,,,"י""ח",500,"ל  מ""ל",false,1,19.90,3.98,false,1,
7290018894217,false,בלקוני עוגות מיקס מקס קקאו 350גר,ש.שסטוביץ בעמ,,,"י""ח",350,ל  גרם,false,1,14.90,4.26,true,1,
7290018894248,false,שוקולד חלב צוקטה שלישייה 100ג.,ש.שסטוביץ בעמ,,,"י""ח",300,"ל  מ""ל",false,1,13.90,4.63,true,1,
7290018894590,false,צוקטה מארז סביבון לחנוכה 225ג,ש.שסטוביץ בעמ,,,"י""ח",225,ל  גרם,false,1,16.90,7.51,true,1,
7290018894606,false,בלקוני וופל קקאו 175ג,ש.שסטוביץ בעמ,,,"י""ח",175,ל  גרם,false,1,7.90,4.51,true,1,
7290018894804,false,בלקוני וופל אגוזים 175ג,ש.שסטוביץ בעמ,,,"י""ח",175,ל  גרם,false,1,7.90,4.51,true,1,
7290018921203,false,משחת החתלה לתינוק קמומיל 120ג,פישר תעשיות פרמבצטיות בעמ,,,"י""ח",120,ל  גרם,false,1,18.90,15.75,true,1,
7290018921449,false,מגבוני קמיל בלו רביעייה תפרחת.,פישר תעשיות פרמבצטיות בעמ,,,"י""ח",4,"י""ח",false,1,24.90,6.23,false,1,
7290018921616,false,מגבוני קמיל בלו רביעייה שיבולת שועל,פישר תעשיות פרמבצטיות בעמ,,,"י""ח",4,"י""ח",false,1,22.90,5.73,true,1,
7290018925065,false,פרימור מיץ תפוזים סחוט 2ל`,שטראוס גרופ ***בעמ,,,"י""ח",2,ליטר,false,1,26.90,13.30,true,1,
7290018989005,false,פולפה טבעית 3*400גר יכין A1.,זנלכל בעמ,,,"י""ח",800,ל  גרם,false,1,16.90,2.11,true,1,
7290018989081,false,חומוס הבית להכנת חומוס טרי יכין 410ג,זנלכל בעמ,,,"י""ח",410,ל  גרם,false,1,7.90,1.93,false,1,
7290019014003,false,נוזל רצפות 4ל אואזיס  טאץ,סאסאטק אגשח בעמ,,,"י""ח",4,ליטר,false,1,14.90,3.73,true,1,
7290019014027,false,נוזל רצפות 4ל בלוסום  טאץ,סאסאטק אגשח בעמ,,,"י""ח",4,ליטר,false,1,14.90,3.73,true,1,
7290019014034,false,נוזל רצפות 4ל לוטוס  טאץ,סאסאטק אגשח בעמ,,,"י""ח",4,ליטר,false,1,14.90,3.73,true,1,
7290019014157,false,"מבשם כביסה 750מ""ל מיסטרי טאץ",סאסאטק אגשח בעמ,,,"י""ח",750,"ל  מ""ל",false,1,13.90,1.85,true,1,
7290019014164,false,"מבשם כביסה 750מ""ל פנטזי טאץ",סאסאטק אגשח בעמ,,,"י""ח",750,"ל  מ""ל",false,1,13.90,1.85,true,1,
7290019014409,false,"ניקוי משטחי עור 500מ""ל פלירוסול טאצ",סאסאטק אגשח בעמ,,,"י""ח",500,"ל  מ""ל",false,1,29.90,5.98,false,1,
7290019036005,false,גוואקמולי 200ג,א.ג בחירה חכמה בעמ,,,"י""ח",200,ל  גרם,false,1,9.90,4.95,false,1,
7290019036234,false,שיני שום קלופות 200גר.,ביכורי השדה צפון 1994 ג.ד. בעמ,,,"י""ח",1,,false,1,12.90,12.90,false,1,
7290019038559,false,עוגה בחושה שוקוצ`יפס 350גר,שלמה א.אנג ל בעמ,,,"י""ח",270,ל  גרם,false,1,12.90,4.78,false,1,
7290019047045,false,מגבוני נייר טואלט לח נשטפים לילדים 40י,פישר תעשיות פרמבצטיות בעמ,,,"י""ח",40,"י""ח",false,1,9.90,0.25,true,1,
7290019056027,false,שוופס מוגז פירות תפוחים ללא סוכר 1.5ל,יפאורה שותפות מוגבלת לשיווק,,,"י""ח",1.50,ליטר,false,1,7.90,5.07,true,1,
7290019056034,false,שוופס מוגז פירות אננס ללא סוכר 1.5ל,יפאורה שותפות מוגבלת לשיווק,,,"י""ח",1.50,ליטר,false,1,7.90,5.07,true,1,
7290019056041,false,שוופס מוגז פירות לחמונייד ללא סוכר 1.5ל,יפאורה שותפות מוגבלת לשיווק,,,"י""ח",1.50,ליטר,false,1,7.90,5.07,true,1,
7290019056058,false,שוופס מוגז עדין תפוח ליים 1.5ליטר,יפאורה שותפות מוגבלת לשיווק,,,"י""ח",1.50,ליטר,false,1,8.60,5.53,true,1,
7290019056065,false,שוופס מוגז עדין פירות יער 1.5ליטר,יפאורה שותפות מוגבלת לשיווק,,,"י""ח",1.50,ליטר,false,1,8.60,5.53,true,1,
7290019056072,false,שוופס מוגז עדין אננס 1.5ליטר,יפאורה שותפות מוגבלת לשיווק,,,"י""ח",1.50,ליטר,false,1,8.60,5.53,true,1,
7290019056089,false,שוופס מוגז עדין ענבי ריזלינג 1.5ליטר,יפאורה שותפות מוגבלת לשיווק,,,"י""ח",1.50,ליטר,false,1,8.60,5.53,true,1,
7290019056096,false,שוופס מוגז עדין אפרסק 1.5ליטר,יפאורה שותפות מוגבלת לשיווק,,,"י""ח",1.50,ליטר,false,1,8.60,5.53,true,1,
7290019056164,false,שוופס סודה רביעיה 1.5 ל,יפאורה שותפות מוגבלת לשיווק,,,"י""ח",6,ליטר,false,1,11.90,1.78,true,1,
7290019056171,false,שוופס סודה רביעיה 1.5 ל לימון,יפאורה שותפות מוגבלת לשיווק,,,"י""ח",6,ליטר,false,1,11.90,1.78,true,1,
7290019056188,false,שוופס סודה רביעיה 1.5 ל נענע ליים,יפאורה שותפות מוגבלת לשיווק,,,"י""ח",6,ליטר,false,1,11.90,1.78,true,1,
7290019056201,false,שוופס סודה רביעיה 1.5 ל פירות יער,יפאורה שותפות מוגבלת לשיווק,,,"י""ח",6,ליטר,false,1,11.90,1.78,true,1,
7290019056232,false,שוופס מוגז עדין ליים מוחיטו 1.5ליטר,יפאורה שותפות מוגבלת לשיווק,,,"י""ח",1.50,ליטר,false,1,8.60,5.53,true,1,
7290019056249,false,שוופס מים בטעמים ענבים 1.5 ליטר,יפאורה שותפות מוגבלת לשיווק,,,"י""ח",1.50,ליטר,false,1,8.50,5.47,true,1,
7290019056256,false,שוופס מים בטעמים תפוחים 1.5 ליטר,יפאורה שותפות מוגבלת לשיווק,,,"י""ח",1.50,ליטר,false,1,8.50,5.47,true,1,
7290019056263,false,שוופס מים בטעמים אפרסק 1.5 ליטר,יפאורה שותפות מוגבלת לשיווק,,,"י""ח",1.50,ליטר,false,1,8.50,5.47,true,1,
7290019056270,false,שוופס מים בטעמים פירות יער 1.5 ליטר,יפאורה שותפות מוגבלת לשיווק,,,"י""ח",1.50,ליטר,false,1,8.50,5.47,true,1,
7290019056287,false,שוופס מים בטעמים אפרסק ללא סוכר 1.5 ליטר,יפאורה שותפות מוגבלת לשיווק,,,"י""ח",1.50,ליטר,false,1,8.50,5.47,true,1,
7290019056300,false,שוופס ביטר למון 1.5ליטר,יפאורה שותפות מוגבלת לשיווק,,,"י""ח",1.50,ליטר,false,1,12.50,8.13,false,1,
7290019056317,false,שוופס ראשן 1.5ליטר,יפאורה שותפות מוגבלת לשיווק,,,"י""ח",1.50,ליטר,false,1,12.50,8.13,false,1,
7290019056324,false,שוופס טוניק 1.5ליטר,יפאורה שותפות מוגבלת לשיווק,,,"י""ח",1.50,ליטר,false,1,12.50,8.13,false,1,
7290019056331,false,.שוופס טוניק ללא סוכר 1.5ליטר,יפאורה שותפות מוגבלת לשיווק,,,"י""ח",1.50,ליטר,false,1,11.90,7.73,false,1,
7290019056355,false,תפוזינה  לימונענע 1.5 ליטר,יפאורה שותפות מוגבלת לשיווק,,,"י""ח",1.50,ליטר,false,1,9.20,5.93,true,1,
7290019056379,false,תפוזינה  תפוחים 1.5 ליטר,יפאורה שותפות מוגבלת לשיווק,,,"י""ח",1.50,ליטר,false,1,9.20,5.93,true,1,
7290019056393,false,תפוזינה  תות בננה 1.5 ליטר,יפאורה שותפות מוגבלת לשיווק,,,"י""ח",1.50,ליטר,false,1,9.20,5.93,true,1,
7290019056409,false,תפוזינה  מנגו 1.5 ליטר,יפאורה שותפות מוגבלת לשיווק,,,"י""ח",1.50,ליטר,false,1,9.20,5.93,true,1,
7290019056416,false,תפוזינה  לימונדה ורודה 1.5 ליטר,יפאורה שותפות מוגבלת לשיווק,,,"י""ח",1.50,ליטר,false,1,9.20,5.93,true,1,
7290019056423,false,תפוזינה  תפוחים 1.5 ליטר,יפאורה שותפות מוגבלת לשיווק,,,"י""ח",1.50,ליטר,false,1,9.20,5.93,true,1,
7290019056430,false,תפוזינה  תפוזים לייט 1.5 ליטר,יפאורה שותפות מוגבלת לשיווק,,,"י""ח",1.50,ליטר,false,1,9.20,5.93,true,1,
7290019056454,false,קולה RC 1.5 ליטר בודד,יפאורה שותפות מוגבלת לשיווק,,,"י""ח",1.50,ליטר,false,1,7.50,4.80,false,1,
7290019056478,false,ספרינג -Tאפרסק  1.5 ל,יפאורה שותפות מוגבלת לשיווק,,,"י""ח",1.50,ליטר,false,1,7.50,4.80,true,1,
7290019056485,false,ספרינג -Tתה ירוק לימון לואיזה 1.5ליטר,יפאורה שותפות מוגבלת לשיווק,,,"י""ח",1.50,ליטר,false,1,7.50,4.80,true,1,
7290019056508,false,פרוט ווטר ענבים 1.5 ליטר,יפאורה שותפות מוגבלת לשיווק,,,"י""ח",1.50,ליטר,false,1,8.50,5.47,true,1,
7290019056515,false,פרוט ווטר אננס 1.5 ליטר,יפאורה שותפות מוגבלת לשיווק,,,"י""ח",1.50,ליטר,false,1,8.50,5.47,true,1,
7290019056522,false,פרוט ווטר תות 1.5 ליטר,יפאורה שותפות מוגבלת לשיווק,,,"י""ח",1.50,ליטר,false,1,8.50,5.47,true,1,
7290019056539,false,פרוט ווטר אפרסק 1.5 ליטר,יפאורה שותפות מוגבלת לשיווק,,,"י""ח",1.50,ליטר,false,1,8.50,5.47,true,1,
7290019056546,false,פרוט ווטר אבטיח 1.5 ליטר,יפאורה שותפות מוגבלת לשיווק,,,"י""ח",1.50,ליטר,false,1,8.50,5.47,true,1,
7290019056553,false,עין גדי 2 ליטר שישיה,יפאורה שותפות מוגבלת לשיווק,,,"י""ח",12,ליטר,false,1,13.70,0.99,false,1,
7290019056560,false,מים עין גדי 2 ליטר.,יפאורה שותפות מוגבלת לשיווק,,,"י""ח",2,ליטר,false,1,3.30,1.50,false,1,
7290019056577,false,ספרינג מנגו 1.5 ליטר,יפאורה שותפות מוגבלת לשיווק,,,"י""ח",1.50,ליטר,false,1,8.80,5.67,true,1,
7290019056584,false,ספרינג תפוזים 1.5 ליטר,יפאורה שותפות מוגבלת לשיווק,,,"י""ח",1.50,ליטר,false,1,8.80,5.67,true,1,
7290019056591,false,ספרינג ענבים 1.5 ליטר,יפאורה שותפות מוגבלת לשיווק,,,"י""ח",1.50,ליטר,false,1,8.80,5.67,true,1,
7290019056614,false,ספרינג אפרסק 1.5 ליטר,יפאורה שותפות מוגבלת לשיווק,,,"י""ח",1.50,ליטר,false,1,8.80,5.67,true,1,
7290019056621,false,ספרינג פירות טרופיים 1.5 ליטר,יפאורה שותפות מוגבלת לשיווק,,,"י""ח",1.50,ליטר,false,1,8.80,5.67,true,1,
7290019056638,false,ספרינג תות בננה 1.5 ליטר,יפאורה שותפות מוגבלת לשיווק,,,"י""ח",1.50,ליטר,false,1,8.80,5.67,true,1,
7290019056645,false,ספרינג אגס תפוח סברס 1.5 ליטר,יפאורה שותפות מוגבלת לשיווק,,,"י""ח",1.50,ליטר,false,1,8.80,5.67,true,1,
7290019056652,false,ספרינג אננס בננה 1.5 ליטר,יפאורה שותפות מוגבלת לשיווק,,,"י""ח",1.50,ליטר,false,1,8.80,5.67,true,1,
7290019056669,false,ספרינג תפוחים דיאט 1.5 ליטר,יפאורה שותפות מוגבלת לשיווק,,,"י""ח",1.50,ליטר,false,1,9.20,5.93,true,1,
7290019056676,false,ספרינג תאשכוליות אננס דיאט 1.5 ליטר,יפאורה שותפות מוגבלת לשיווק,,,"י""ח",1.50,ליטר,false,1,8.80,5.67,true,1,
7290019056720,false,קריסטל 2 ליטר מיץ ענבים,יפאורה שותפות מוגבלת לשיווק,,,"י""ח",2,ליטר,false,1,7.80,3.75,true,1,
7290019056737,false,קריסטל 2 ליטר מיץ אשכוליות,יפאורה שותפות מוגבלת לשיווק,,,"י""ח",2,ליטר,false,1,7.80,3.75,true,1,
7290019056744,false,קריסטל 2 ליטר מיץ תפוזים,יפאורה שותפות מוגבלת לשיווק,,,"י""ח",2,ליטר,false,1,7.80,3.75,true,1,
7290019056751,false,קריסטל 2 ליטר מיץ אשכוליות דיאט,יפאורה שותפות מוגבלת לשיווק,,,"י""ח",2,ליטר,false,1,7.80,3.75,true,1,
7290019056768,false,קריסטל 2 ליטר מיץ מנגו,יפאורה שותפות מוגבלת לשיווק,,,"י""ח",2,ליטר,false,1,7.80,3.75,true,1,
7290019056775,false,קריסטל 2 ליטר מוגז ענבים,יפאורה שותפות מוגבלת לשיווק,,,"י""ח",2,ליטר,false,1,7.50,3.60,true,1,
7290019056782,false,קריסטל 2 ליטר מוגז למון,יפאורה שותפות מוגבלת לשיווק,,,"י""ח",2,ליטר,false,1,7.80,3.75,true,1,
7290019056799,false,קריסטל 2 ליטר מוגז אקזוטי,יפאורה שותפות מוגבלת לשיווק,,,"י""ח",2,ליטר,false,1,7.50,3.60,true,1,
7290019056805,false,קריסטל 2 ליטר מוגז תפוחים,יפאורה שותפות מוגבלת לשיווק,,,"י""ח",2,ליטר,false,1,7.80,3.75,true,1,
7290019056812,false,קריסטל 2 ליטר מוגז מנטה,יפאורה שותפות מוגבלת לשיווק,,,"י""ח",2,ליטר,false,1,7.80,3.75,true,1,
7290019056829,false,קריסטל 2 ליטר מוגז תפוזים,יפאורה שותפות מוגבלת לשיווק,,,"י""ח",2,ליטר,false,1,7.50,3.60,true,1,
7290019056836,false,קריסטל 2 ליטר מוגז תות,יפאורה שותפות מוגבלת לשיווק,,,"י""ח",2,ליטר,false,1,7.80,3.75,true,1,
7290019056843,false,קריסטל 2 ליטר מוגז קולה,יפאורה שותפות מוגבלת לשיווק,,,"י""ח",2,ליטר,false,1,7.50,3.60,true,1,
7290019056959,false,מים מינרלים מי עדן  1.5ליטר,יפאורה שותפות מוגבלת לשיווק,,,"י""ח",1.50,ליטר,false,1,3.60,2.20,false,1,
7290019056973,false,מי עדן 1.5 ליטר שישיה,יפאורה שותפות מוגבלת לשיווק,,,"י""ח",9,ליטר,false,1,13.90,1.34,false,1,
7290019074243,false,מגבונים אנטי-בקטריאלים לניקוי משטחים*3,פישר תעשיות פרמבצטיות בעמ,,,"י""ח",1,,false,1,19.90,19.90,false,1,
7290019075080,false,קידס מולטי ויטמין אל סבון 1ליטר,פישר תעשיות פרמבצטיות בעמ,,,"י""ח",1,ליטר,false,1,24.90,24.90,true,1,
7290019075288,false,קידס מולטי ויטמין שמפו 1ליטר,פישר תעשיות פרמבצטיות בעמ,,,"י""ח",1,ליטר,false,1,24.90,24.90,true,1,
7290019075295,false,תחליב רחצה לידיים מועשר בשיבולת שועל 3,פישר תעשיות פרמבצטיות בעמ,,,"י""ח",350,ל  גרם,false,1,11.90,3.40,true,1,
7290019075400,false,"אפקטיב קר תחליב רחצה מועשר   700מ""",פישר תעשיות פרמבצטיות בעמ,,,"י""ח",700,"ל  מ""ל",false,1,16.90,2.41,true,1,
7290019075493,false,תחליב רחצה לידיים מועשר תה ירוק יסמין,פישר תעשיות פרמבצטיות בעמ,,,"י""ח",350,ל  גרם,false,1,11.90,3.40,true,1,
7290019075547,false,קרם גוף EFFECTIVE CARE מ.בחומצה היאלור,פישר תעשיות פרמבצטיות בעמ,,,"י""ח",450,"ל  מ""ל",false,1,24.90,5.53,true,1,
7290019075608,false,"אפקטיב קר תחליב רחצה מועשר בתה   700מ""",פישר תעשיות פרמבצטיות בעמ,,,"י""ח",700,"ל  מ""ל",false,1,16.90,2.41,true,1,
7290019075684,false,קידס מולטי ויטמין שמפו ומרכך 1ליטר,פישר תעשיות פרמבצטיות בעמ,,,"י""ח",1,ליטר,false,1,24.90,24.90,true,1,
7290019075691,false,תחליב רחצה לידיים מועשר בלבנדר 350גר,פישר תעשיות פרמבצטיות בעמ,,,"י""ח",350,ל  גרם,false,1,11.90,3.40,true,1,
7290019075745,false,אפקטיב קר קרם ידיים מועשר בחומצה היאלו,פישר תעשיות פרמבצטיות בעמ,,,"י""ח",100,"ל  מ""ל",false,1,15.90,15.90,true,1,
7290019075899,false,קמיל בלו אקסטרה סופט אל סבון לתינוק 1ל,פישר תעשיות פרמבצטיות בעמ,,,"י""ח",1,ליטר,false,1,32.90,32.90,false,1,
7290019105022,false,אל סבון נוזלי בניחוח מאסק 1ליטר,טרופיקל דגיל תעשיות קוסמטיקה,,,"י""ח",1,ליטר,false,1,10.90,10.90,true,1,
7290019105220,false,אל סבון נוזלי בניחוח פרש 1ליטר,טרופיקל דגיל תעשיות קוסמטיקה,,,"י""ח",1,ליטר,false,1,10.90,10.90,true,1,
7290019105428,false,אל סבון נוזלי בניחוח פרחים 1ליטר,טרופיקל דגיל תעשיות קוסמטיקה,,,"י""ח",1,ליטר,false,1,10.90,10.90,true,1,
7290019105817,false,אל סבון נוזלי בניחוח וניל ודבש 1ליטר,טרופיקל דגיל תעשיות קוסמטיקה,,,"י""ח",1,ליטר,false,1,10.90,10.90,true,1,
7290019145202,false,משקה אלכהלי מחנה יהודה רוזטה 700 מייל,פיירוואטר בעמ,,,"י""ח",750,"ל  מ""ל",false,1,40.20,5.32,true,1,
7290019153078,false,שוופס ביטר למון לייט 1.5ליטר,יפאורה שותפות מוגבלת לשיווק,,,"י""ח",1.50,ליטר,false,1,12.50,8.13,false,1,
7290019153085,false,שוופס ללא סוכר מוחיטו 1.5ל.,יפאורה שותפות מוגבלת לשיווק,,,"י""ח",1.50,ליטר,false,1,8.80,5.67,true,1,
7290019153221,false,סודה שוופס אננס  0.5ל,יפאורה שותפות מוגבלת לשיווק,,,"י""ח",500,"ל  מ""ל",false,1,4.50,0.84,true,1,
7290019153238,false,סודה שוופס תפוח  0.5ל,יפאורה שותפות מוגבלת לשיווק,,,"י""ח",500,"ל  מ""ל",false,1,4.50,0.84,true,1,
7290019153252,false,שוופס סודה רביעיה 1.5 ל תפוח,יפאורה שותפות מוגבלת לשיווק,,,"י""ח",6,ליטר,false,1,11.90,1.78,true,1,
7290019153269,false,שוופס סודה רביעיה 1.5 ל אננס,יפאורה שותפות מוגבלת לשיווק,,,"י""ח",6,ליטר,false,1,11.90,1.78,true,1,
7290019153276,false,שוופס סודה לאננס 1.5ליטר,יפאורה שותפות מוגבלת לשיווק,,,"י""ח",1,,false,1,4.30,4.30,true,1,
7290019153290,false,סודה 1.5 ליטר טעם תפוח,יפאורה שותפות מוגבלת לשיווק,,,"י""ח",1.50,ליטר,false,1,4.30,2.67,true,1,
7290019153344,false,תפוזינה  סנגרייה 1.5 ליטר,יפאורה שותפות מוגבלת לשיווק,,,"י""ח",1.50,ליטר,false,1,9.20,5.93,true,1,
7290019153375,false,תפוזינה  מוחיטו 1.5 ליטר,יפאורה שותפות מוגבלת לשיווק,,,"י""ח",1.50,ליטר,false,1,9.20,5.93,true,1,
7290019153566,false,ספרינג רימון אוכמניות דובדבן  1.5 ליטר,יפאורה שותפות מוגבלת לשיווק,,,"י""ח",1.50,ליטר,false,1,9.10,5.87,true,1,
7290019167020,false,עוגת גבינה עם פירות יער לייט 82ג,תנובה בעמ ***,,,"י""ח",82,"ל  מ""ל",false,1,6.90,8.41,false,1,
7290019167037,false,תותים ברצפת 82ג,תנובה בעמ ***,,,"י""ח",82,"ל  מ""ל",false,1,6.90,8.41,false,1,
7290019167044,false,קצפת עם קרם בייגלה מתוק מלוח 82ג,תנובה בעמ ***,,,"י""ח",82,"ל  מ""ל",false,1,6.90,8.41,false,1,
7290019204008,false,עוף טוב פסטרמה ארבעה פלפלים 350 גרם,קבוצת אוסם סחר-שות.מוגבלת,,,"י""ח",350,ל  גרם,false,1,29.90,8.54,true,1,
7290019204107,false,עוף טוב פסטרמה בטעם אווז 320 גרם,קבוצת אוסם סחר-שות.מוגבלת,,,"י""ח",320,ל  גרם,false,1,29.90,9.34,true,1,
7290019204305,false,חזה הודו ברביקיו  350 גרם,קבוצת אוסם סחר-שות.מוגבלת,,,"י""ח",350,ל  גרם,false,1,29.90,8.54,true,1,
7290019232179,false,ויסוצקי פלוס סטאי וול נענע 25שק,תה ויסוצקי (ישראל)בעמ,,,"י""ח",25,"י""ח",false,1,24.90,1,true,1,
7290019232186,false,ויסוצקי פלוס  לימונית לואיזה  25שק,תה ויסוצקי (ישראל)בעמ,,,"י""ח",25,"י""ח",false,1,24.90,1,true,1,
7290019232193,false,ויסוצקי פלוס  לימונית גינגר  25שק,תה ויסוצקי (ישראל)בעמ,,,"י""ח",25,"י""ח",false,1,24.90,1,true,1,
7290019232353,false,תה ירוק סיני 50 יח,תה ויסוצקי (ישראל)בעמ,,,"י""ח",75,ל  גרם,false,1,45.90,61.20,true,1,
7290019233022,false,שקשוקה חצילים  420ג,תה ויסוצקי (ישראל)בעמ,,,"י""ח",350,"ל  מ""ל",false,1,13.90,3.97,true,1,
7290019233046,false,זית קלמטה בלונד-מרינד עם שמן 215גר רבנ,תה ויסוצקי (ישראל)בעמ,,,"י""ח",560,ל  גרם,false,1,14.90,2.66,false,1,
7290019274612,false,"משחה לניקוי כלים 3.5ק""ג טאץ",סאסאטק אגשח בעמ,,,"י""ח",3.50,"ק""ג",false,1,21.90,6.26,false,1,
7290019297246,false,שזיפים 250גר בקופסא,דין שיווק וקליה 2021 בעמ,,,"י""ח",250,ל  גרם,false,1,20.90,8.36,false,1,
7290019297420,false,מעדן תות שקדיה 100% רכיבי פרי 284גר ל.,דין שיווק וקליה 2021 בעמ,,,"י""ח",284,ל  גרם,false,1,13.90,4.89,true,1,
7290019297550,false,בוטנים מטוגטים בקופסא 185גר,דין שיווק וקליה 2021 בעמ,,,"י""ח",160,ל  גרם,false,1,10,6.25,false,1,
7290019302315,false,סלקטד  BUZZ אבטיח לימון,אגודת הכורמים,,,"י""ח",750,"ל  מ""ל",false,1,27.90,3.68,true,1,
7290022005074,false,רוטב עגבניות שרי קלאסי 400גר,א.ל.יצור ושיווקתבלינים בעמ,,,"י""ח",400,"ל  מ""ל",false,1,14.90,3.73,true,1,
7290022005081,false,רוטב עגבניות שרי ארביאטה 400גר,א.ל.יצור ושיווקתבלינים בעמ,,,"י""ח",400,"ל  מ""ל",false,1,14.90,3.73,true,1,
7290022005098,false,רוטב עגבניות שרי לשקשוקה 400גר,א.ל.יצור ושיווקתבלינים בעמ,,,"י""ח",400,"ל  מ""ל",false,1,14.90,3.73,true,1,
7290022005104,false,רוטב עגבניות שרי בזיליקום 400גר,א.ל.יצור ושיווקתבלינים בעמ,,,"י""ח",400,"ל  מ""ל",false,1,14.90,3.73,true,1,
7290022005111,false,רוטב עגבניות שרי לפיצה 400גר,א.ל.יצור ושיווקתבלינים בעמ,,,"י""ח",400,"ל  מ""ל",false,1,14.90,3.73,true,1,
7290022005555,false,תבלין פילדלפיה 120גר,א.ל.יצור ושיווקתבלינים בעמ,,,"י""ח",120,ל  גרם,false,1,11.50,9.58,false,1,
7290022005562,false,קריספי פירורי לחם שום 300גר,א.ל.יצור ושיווקתבלינים בעמ,,,"י""ח",300,ל  גרם,false,1,7.90,2.63,true,1,
7290042051617,false,מארז חושן 50יח צלחת קטנה/ענקית שווה,ח.כהן סוכנות מזון ומשקאות בע,,,"י""ח",50,"י""ח",false,1,59.90,1.20,false,1,
7290042051778,false,"צלחות ענקיות מתכלות 25יח  ""שווה""",ח.כהן סוכנות מזון ומשקאות בע,,,"י""ח",25,"י""ח",false,1,19.90,0.80,true,1,
7290042051785,false,"צלחות גדולות מתכלות 25יח  ""שווה""",ח.כהן סוכנות מזון ומשקאות בע,,,"י""ח",25,"י""ח",false,1,14.90,0.60,true,1,
7290042051792,false,"צלחות קטנות מתכלות 25יח  ""שווה""",ח.כהן סוכנות מזון ומשקאות בע,,,"י""ח",25,"י""ח",false,1,8.90,0.36,true,1,
7290042051808,false,"לפתניות מתכלות 25יח  ""שווה""",ח.כהן סוכנות מזון ומשקאות בע,,,"י""ח",25,"י""ח",false,1,7.90,0.32,true,1,
7290042051815,false,"מרקיות מתכלות 25יח  ""שווה""",ח.כהן סוכנות מזון ומשקאות בע,,,"י""ח",25,"י""ח",false,1,11.90,0.48,true,1,
7290042051921,false,כוסות יהלום שווה 40יח,ח.כהן סוכנות מזון ומשקאות בע,,,"י""ח",40,"י""ח",false,1,10.90,0.27,false,1,
7290055090702,false,איגלו שלוקים כרמית 60יח,כרמית תעשיות ממתקים בעמ,,,"י""ח",120,ל  גרם,false,1,13.90,11.58,true,1,
7290055090801,false,שוקולד כרמית לבן ללא סוכר 85ג,כרמית תעשיות ממתקים בעמ,,,"י""ח",85,ל  גרם,false,1,6.90,8.12,true,1,
7290100240137,false,"בדין תרסיס מייבש כחול 500מ""ל",יוניליוור ישראל שיווק בעמ,,,"י""ח",500,"ל  מ""ל",false,1,15.90,3.18,false,1,
7290100240144,false,בדין תרסיס מייבש ורוד,יוניליוור ישראל שיווק בעמ,,,"י""ח",500,"ל  מ""ל",false,1,15.90,3.18,false,1,
7290100240632,false,"פתית 6דגנים 250גר  בד""ץ",יוניליוור ישראל שיווק בעמ,,,"י""ח",250,ל  גרם,false,1,14.90,5.96,false,1,
7290100240656,false,"פתית שיפון 300גר  בד""ץ",יוניליוור ישראל שיווק בעמ,,,"י""ח",300,ל  גרם,false,1,14.90,4.97,false,1,
7290100245231,false,נמס בכוס ועוד טעם עוף שקדי מרק 50גר,יוניליוור ישראל שיווק בעמ,,,"י""ח",50,ל  גרם,false,1,6.90,13.80,true,1,
7290100249598,false,"רוטב ל עוף שום  ודבש בד""צ 320גרם",יוניליוור ישראל שיווק בעמ,,,"י""ח",320,ל  גרם,false,1,10.90,3.41,true,1,
7290100249659,false,"רוטב ל עוף צ`ילי שום בד""צ 320גרם",יוניליוור ישראל שיווק בעמ,,,"י""ח",320,ל  גרם,false,1,10.90,3.41,true,1,
7290100411254,false,מחית תפוח ובננה  190ג ללא סוכר,שקד תבל בעמ,,,"י""ח",190,"ל  מ""ל",false,1,5.90,3.11,true,1,
7290100412763,false,"דר עור ת.רחצה קלאסי לבנדר 700מ""ל",שקד תבל בעמ,,,"י""ח",700,ל  גרם,false,1,14.90,2.13,true,1,
7290100658338,false,פלמוליב לכלים אוקסי פלוס,ש.שסטוביץ בעמ,,,"י""ח",750,"ל  מ""ל",false,1,11.90,1.59,true,1,
7290100680650,false,מנה חמה נודלס תאילנדי,קבוצת אוסם סחר-שות.מוגבלת,,,"י""ח",76,ל  גרם,false,1,6.90,9.08,true,1,
7290100680711,false,פירורית זהב 350 גרם אוסם,קבוצת אוסם סחר-שות.מוגבלת,,,"י""ח",350,ל  גרם,false,1,9.60,2.74,false,1,
7290100680728,false,פירורית]אוסם[,קבוצת אוסם סחר-שות.מוגבלת,,,"י""ח",350,ל  גרם,false,1,8.50,2.43,false,1,
7290100681138,false,אפרופו מארז  3 יח.,קבוצת אוסם סחר-שות.מוגבלת,,,"י""ח",150,ל  גרם,false,1,14.50,9.67,true,1,
7290100683880,false,פירה אסם,קבוצת אוסם סחר-שות.מוגבלת,,,"י""ח",260,ל  גרם,false,1,16.10,6.19,false,1,
7290100685136,false,"מרק טעם עוף 1  ק""ג}אסם{",קבוצת אוסם סחר-שות.מוגבלת,,,"י""ח",1,"ק""ג",false,1,14.90,14.90,false,1,
7290100685242,false,במבה מתוקה טבעית,קבוצת אוסם סחר-שות.מוגבלת,,,"י""ח",30,ל  גרם,false,1,3.10,10.33,false,1,
7290100685334,false,אבקת מרק עוף רכיבים טבעיי,קבוצת אוסם סחר-שות.מוגבלת,,,"י""ח",400,ל  גרם,false,1,25.60,6.40,false,1,
7290100685341,false,מרק תיבול טעם רך 400 ג,קבוצת אוסם סחר-שות.מוגבלת,,,"י""ח",400,ל  גרם,false,1,16.90,4.23,false,1,
7290100686164,false,ביסלי ברביקיו  מארז שישייה.,קבוצת אוסם סחר-שות.מוגבלת,,,"י""ח",210,ל  גרם,false,1,14.90,7.10,true,1,
7290100686171,false,ביסלי גריל מארז  ( שישייה),קבוצת אוסם סחר-שות.מוגבלת,,,"י""ח",210,ל  גרם,false,1,15.90,7.57,true,1,
7290100688618,false,גביעי גלידה ממותקים שוקו אוסם.,קבוצת אוסם סחר-שות.מוגבלת,,,"י""ח",24,"י""ח",false,1,17.20,0.72,false,1,
7290100689301,false,מרק טעם עוף זך עדיף 400גר.,קבוצת אוסם סחר-שות.מוגבלת,,,"י""ח",400,ל  גרם,false,1,16.90,4.23,false,1,
7290100700006,false,"חיטה 1 ק""ג סוגת",סוגת תעשיות בעמ,,,"י""ח",1,"ק""ג",false,1,9.90,9.90,true,1,
7290100700020,false,גריסי פנינה סוגת,סוגת תעשיות בעמ,,,"י""ח",200,ל  גרם,false,1,4.90,2.45,true,1,
7290100700075,false,פירורי לחם מוזהבים 200 גרם סוגת,סוגת תעשיות בעמ,,,"י""ח",200,ל  גרם,false,1,3.90,1.95,true,1,
7290100700157,false,"אורז סושי 1ק""ג סוגת",סוגת תעשיות בעמ,,,"י""ח",1,"ק""ג",false,1,12.90,12.90,false,1,
7290100700242,false,אורז מלא עגול,סוגת תעשיות בעמ,,,"י""ח",1,"ק""ג",false,1,9.90,9.90,false,1,
7290100700273,false,קינואה 500 גרם סוגת,סוגת תעשיות בעמ,,,"י""ח",500,ל  גרם,false,1,12.90,2.58,true,1,
7290100700310,false,"כוסמת 1 ק""ג סוגת",סוגת תעשיות בעמ,,,"י""ח",1,"ק""ג",false,1,13.90,13.90,true,1,
7290100700334,false,"קינואה 1ק""ג",סוגת תעשיות בעמ,,,"י""ח",1,"ק""ג",false,1,19.90,19.90,true,1,
7290100700402,false,"חומוס ענק 1 ק""ג סוגת",סוגת תעשיות בעמ,,,"י""ח",1,"ק""ג",false,1,19.90,19.90,true,1,
7290100700587,false,בורגול 500 גר`סוגת,סוגת תעשיות בעמ,,,"י""ח",500,ל  גרם,false,1,4.90,0.98,true,1,
7290100701140,false,"אורז ריזוטו ארבוריו 1ק""ג",סוגת תעשיות בעמ,,,"י""ח",1,"ק""ג",false,1,12.90,12.90,false,1,
7290100701300,false,קינואה אדומה 500גר`,סוגת תעשיות בעמ,,,"י""ח",500,ל  גרם,false,1,12.90,2.58,true,1,
7290100701454,false,גרישה 500גר`,סוגת תעשיות בעמ,,,"י""ח",500,ל  גרם,false,1,4.90,0.98,true,1,
7290100701966,false,אפונה צהובה 500ג,סוגת תעשיות בעמ,,,"י""ח",500,ל  גרם,false,1,5.90,1.18,true,1,
7290100702611,false,פתיתים אפויים אורז 500ג סוגת,סוגת תעשיות בעמ,,,"י""ח",500,ל  גרם,false,1,5.90,1.18,true,1,
7290100702628,false,פתיתים אפויים קוסקוס  500ג סוגת,סוגת תעשיות בעמ,,,"י""ח",500,ל  גרם,false,1,5.90,1.18,true,1,
7290100702635,false,פתיתים אפויים כוכבים  500ג,סוגת תעשיות בעמ,,,"י""ח",500,ל  גרם,false,1,5.90,1.18,true,1,
7290100702642,false,פתיתים אפויים טבעות  500ג,סוגת תעשיות בעמ,,,"י""ח",500,ל  גרם,false,1,5.90,1.18,true,1,
7290100702673,false,פתיתים אפויים 3צבעים  400ג,סוגת תעשיות בעמ,,,"י""ח",400,ל  גרם,false,1,5.90,1.48,true,1,
7290100703007,false,עדשים שחורים בלוגה 500ג,סוגת תעשיות בעמ,,,"י""ח",500,ל  גרם,false,1,7.90,1.58,true,1,
7290100704264,false,"עדשים שחורים בלוגה 1ק""ג",סוגת תעשיות בעמ,,,"י""ח",1,"ק""ג",false,1,15.90,15.90,true,1,
7290100704516,false,חומוס מיני 500 גרם.,סוגת תעשיות בעמ,,,"י""ח",500,ל  גרם,false,1,5.90,1.18,true,1,
7290100704608,false,שעועית עדינה לבנה 500 ג.,סוגת תעשיות בעמ,,,"י""ח",500,ל  גרם,false,1,6.90,1.38,true,1,
7290100704622,false,סוכר דמררה דק דק בצנצנת 500גר,סוגת תעשיות בעמ,,,"י""ח",500,ל  גרם,false,1,7.90,1.58,false,1,
7290100850909,false,דוריטוס נאצו 70 גרם,שטראוס פריטו ליי בעמ,,,"י""ח",70,ל  גרם,false,1,3.90,5.57,true,1,
7290100850916,false,דוריטוס חמוץ חריף 70 גרם,שטראוס פריטו ליי בעמ,,,"י""ח",70,ל  גרם,false,1,3.90,5.57,true,1,
7290100850923,false,דוריטוס גריל 70 גרם,שטראוס פריטו ליי בעמ,,,"י""ח",70,ל  גרם,false,1,3.90,5.57,true,1,
7290100851968,false,מארז קפה נמס עלית זוגות,שטראוס גרופ בעמ,,,"י""ח",400,ל  גרם,false,1,37.90,9.48,true,1,
7290100858592,false,שקית קקאו 150 גרם עלית,שטראוס גרופ בעמ,,,"י""ח",150,ל  גרם,false,1,9.90,6.60,true,1,
7290100921593,false,סוד כדוריות לתליה באסלה לניחוח לימון,גורי שיווק בעמ,,,"י""ח",750,"ל  מ""ל",false,1,7.90,1.05,false,1,
7290100921616,false,סוד כדוריות לתליה באסלה לניחוח אורנים,גורי שיווק בעמ,,,"י""ח",750,"ל  מ""ל",false,1,7.90,1.05,false,1,
7290100921623,false,סוד כדוריות לתליה באסלה אקונומיקה,גורי שיווק בעמ,,,"י""ח",750,"ל  מ""ל",false,1,7.90,1.05,false,1,
7290100922569,false,"קרם רב שימושי 100מ""ל ולוטה שלישייה",הנקל סוד בעמ,,,"י""ח",3,"י""ח",false,1,19.90,6.63,true,1,
7290100922651,false,סבון מוצק הוואי  רבעייה מי קוקוס 100,הנקל סוד בעמ,,,"י""ח",400,ל  גרם,false,1,11.90,2.98,true,1,
7290100924631,false,"מרכך מרוכז בייבי 900מ""ל",גורי שיווק בעמ,,,"י""ח",900,"ל  מ""ל",false,1,12.90,1.43,true,1,
7290100924693,false,סוד סבון מוצק כחול אקטיבי אקונומיקה,גורי שיווק בעמ,,,"י""ח",1,"י""ח",false,1,7.90,7.90,false,1,
7290100925669,false,דפים למכונת כביסה קולור קאצ`ר 10יח,גורי שיווק בעמ,,,"י""ח",10,"י""ח",false,1,12.90,1.29,false,1,
7290100925676,false,דפים למכונת כביסה קולור קאצ`ר 20יח,גורי שיווק בעמ,,,"י""ח",20,"י""ח",false,1,14.90,0.75,false,1,
7290100925751,false,"נוזל כלים סוד תפוח  650מ""ל",גורי שיווק בעמ,,,"י""ח",650,"ל  מ""ל",false,1,5.90,0.91,false,1,
7290100926598,false,"פרסיל 5 ק""ג",גורי שיווק בעמ,,,"י""ח",5,"ק""ג",false,1,48,9.60,false,1,
7290101450900,false,נרות גמבו,שמחה זה אנחנו,,,"י""ח",1,,false,1,7,7,false,1,
7290101451075,false,נרות מפותלים,שמחה זה אנחנו,,,"י""ח",1,,false,1,4.50,4.50,false,1,
7290101451105,false,נרות מטה כוכבים תותים,שמחה זה אנחנו,,,"י""ח",1,,false,1,6,6,false,1,
7290101455929,false,"בקבוק נירוסטה מעוצב 500מ""ל מיקי",שמחה זה אנחנו,,,"י""ח",1,,false,1,29.90,29.90,false,1,
7290101488316,false,ליידי ספיד סטיק ללא סימן,ש.שסטוביץ בעמ,,,"י""ח",50,"ל  מ""ל",false,1,21.90,43.80,true,1,
7290101488323,false,ליידי ספיד סטיק ללא סימן,ש.שסטוביץ בעמ,,,"י""ח",65,"ל  מ""ל",false,1,21.90,33.69,true,1,
7290101504344,false,אננס טבעי,שונות /שרות,,,"י""ח",250,ל  גרם,false,1,5,2,false,1,
7290101551027,false,"קפסולות אספרסו חזק עלית 14יח כשל""פ",שטראוס גרופ בעמ,,,"י""ח",50,ל  גרם,false,1,19.90,39.80,true,1,
7290101551263,false,סילאן  טבעי 700ג יד מרדכי,שטראוס גרופ בעמ,,,"י""ח",700,ל  גרם,false,1,21.90,3.13,true,1,
7290101551300,false,סילאן  טבעי לחיץ 380ג יד מרדכי,שטראוס גרופ בעמ,,,"י""ח",380,ל  גרם,false,1,14.90,3.92,true,1,
7290101551539,false,דנונה פרו 20גר אפרסק,שטראוס גרופ ***בעמ,,,"י""ח",20,"ל  מ""ל",false,1,5.90,29.50,true,1,
7290101551584,false,מארז תפוצ`יפס קידס  *10 20 גרם,שטראוס פריטו ליי בעמ,,,"י""ח",10,"י""ח",false,1,13.90,1.39,true,1,
7290101551614,false,מארז ציטוס קראנץ גבינה 1/8,שטראוס פריטו ליי בעמ,,,"י""ח",550,ל  גרם,false,1,11.90,2.16,true,1,
7290101551638,false,מארז צ יטוס כאפה 1/10,שטראוס פריטו ליי בעמ,,,"י""ח",10,"י""ח",false,1,12.90,1.29,true,1,
7290101825234,false,כפפות לטקס עם אבקה 100יח L,ח.כהן סוכנות מזון ומשקאות בע,,,"י""ח",100,"י""ח",false,1,19.90,0.20,true,1,
7290101863410,false,סיליט ספריי אקונומיקה,רקיט בנקיזר (ניר איסט) בעמ,,,"י""ח",1,,false,1,12.90,12.90,false,1,
7290101864127,false,"קליה אוקסי ספריי 750מ""ל",רקיט בנקיזר (ניר איסט) בעמ,,,"י""ח",750,"ל  מ""ל",false,1,16.90,2.25,true,1,
7290101865261,false,"פיניש הברקה 800מ""ל",רקיט בנקיזר (ניר איסט) בעמ,,,"י""ח",800,"ל  מ""ל",false,1,19.90,2.49,false,1,
7290101866633,false,קליה ג`ל 3ל,רקיט בנקיזר (ניר איסט) בעמ,,,"י""ח",1.70,ליטר,false,1,29.90,17.59,false,1,
7290101866787,false,קליה ג`ל 3ל לבן,רקיט בנקיזר (ניר איסט) בעמ,,,"י""ח",3,ליטר,false,1,29.90,9.97,false,1,
7290101868958,false,"פיניש הברקה לימון 800מ""ל",רקיט בנקיזר (ניר איסט) בעמ,,,"י""ח",800,"ל  מ""ל",false,1,19.90,2.49,false,1,
7290101869726,false,פיניש ג ל 1ל  AIO,רקיט בנקיזר (ניר איסט) בעמ,,,"י""ח",1,ליטר,false,1,42.90,42.90,false,1,
7290101869788,false,מילוי מבשם אוטומטי אואזיס,רקיט בנקיזר (ניר איסט) בעמ,,,"י""ח",1,,false,1,15.90,15.90,true,1,
7290101869795,false,מילוי מבשם אוטומטי ליל קיץ,רקיט בנקיזר (ניר איסט) בעמ,,,"י""ח",1,,false,1,15.90,15.90,true,1,
7290101869825,false,מילוי מבשם אויר חשמלי אואזיס,רקיט בנקיזר (ניר איסט) בעמ,,,"י""ח",1,,false,1,16.90,16.90,true,1,
7290101987413,false,נרות אותיות,שמחה זה אנחנו,,,"י""ח",1,,false,1,9.90,9.90,false,1,
7290102003761,false,נרות גמבו מאויירים-מכוניות,שמחה זה אנחנו,,,"י""ח",1,,false,1,7,7,false,1,
7290102006403,false,זר לראש עם פרחים-סגול,שמחה זה אנחנו,,,"י""ח",1,,false,1,11,11,false,1,
7290102030330,false,תפוצ יפס קראנצ  מקסיקני,שטראוס פריטו ליי בעמ,,,"י""ח",200,ל  גרם,false,1,10.90,5.45,true,1,
7290102031276,false,אקטימל שמיניה תות בננה,שטראוס גרופ ***בעמ,,,"י""ח",800,"ל  מ""ל",false,1,19.90,2.49,true,1,
7290102032334,false,קפה נמס וניל 200 גרם,שטראוס גרופ בעמ,,,"י""ח",200,ל  גרם,false,1,21.90,10.95,true,1,
7290102060764,false,מרידול מברשת שיניים זוג,ש.שסטוביץ בעמ,,,"י""ח",1,,false,1,33.90,33.90,false,1,
7290102276615,false,דבק רחב שקוף,צבע ומכחול (2014) בעמ,,,"י""ח",1,,false,1,9.90,9.90,false,1,
7290102302246,false,גאודה 200גרם נטו,א. סיימן סחר בעמ,,,"י""ח",200,ל  גרם,false,1,27.90,13.95,true,1,
7290102303977,false,טונה רוברט בשמן זית 140ג,א. סיימן סחר בעמ,,,"י""ח",140,ל  גרם,false,1,11.90,8.50,true,1,
7290102303984,false,גוש טונה רוברט במים  140ג,א. סיימן סחר בעמ,,,"י""ח",140,ל  גרם,false,1,10.90,7.79,true,1,
7290102390427,false,מולר תות FROOP MULLER,*החברה המרכזית להפצת משקאותבעמ,,,"י""ח",150,"ל  מ""ל",false,1,5.30,3.53,true,1,
7290102390465,false,מולר אפרסק ופסיפלורה,*החברה המרכזית להפצת משקאותבעמ,,,"י""ח",150,"ל  מ""ל",false,1,5.30,3.53,true,1,
7290102390489,false,"מולר150 מ""ל לימון",*החברה המרכזית להפצת משקאותבעמ,,,"י""ח",150,"ל  מ""ל",false,1,5.30,3.53,true,1,
7290102391844,false,מולר פירות יער FROOP MULLER,*החברה המרכזית להפצת משקאותבעמ,,,"י""ח",150,"ל  מ""ל",false,1,5.30,3.53,true,1,
7290102392094,false,חלב עיזים בקרטון 1ליטר,*החברה המרכזית להפצת משקאותבעמ,,,"י""ח",1,ליטר,false,1,15.90,15.90,false,1,
7290102392254,false,חלב 2ליטר  *1%*,*החברה המרכזית להפצת משקאותבעמ,,,"י""ח",2,ליטר,false,1,11.72,5.86,false,1,
7290102393039,false,מולר מיקס יוגורט קרמי עם פצפוצי שוקלד,*החברה המרכזית להפצת משקאותבעמ,,,"י""ח",500,ל  גרם,false,1,6,1.20,false,1,
7290102393060,false,מולר מיקס יוגורט קרמי עם גלילי וופל,*החברה המרכזית להפצת משקאותבעמ,,,"י""ח",500,ל  גרם,false,1,6,1.20,false,1,
7290102393169,false,סימפלי פרויט תות שדה,*החברה המרכזית להפצת משקאותבעמ,,,"י""ח",150,"ל  מ""ל",false,1,5.30,3.53,true,1,
7290102393176,false,סימפלי פרויט אפרסק,*החברה המרכזית להפצת משקאותבעמ,,,"י""ח",150,"ל  מ""ל",false,1,5.30,3.53,true,1,
7290102393190,false,סימפלי פרויט פירות יער,*החברה המרכזית להפצת משקאותבעמ,,,"י""ח",150,"ל  מ""ל",false,1,5.30,3.53,true,1,
7290102393299,false,יוגורט עיזים בבקבוק,*החברה המרכזית להפצת משקאותבעמ,,,"י""ח",500,"ל  מ""ל",false,1,11.90,2.38,true,1,
7290102393848,false,"יוגורט עזים 3% תות בגביע 150מ""ל",*החברה המרכזית להפצת משקאותבעמ,,,"י""ח",140,"ל  מ""ל",false,1,6.30,4.50,true,1,
7290102393855,false,"יוגורט עזים 3% אפרסק בגביע 150מ""ל",*החברה המרכזית להפצת משקאותבעמ,,,"י""ח",140,"ל  מ""ל",false,1,6.30,4.50,true,1,
7290102393947,false,סימפלי פרויט  קיווי,*החברה המרכזית להפצת משקאותבעמ,,,"י""ח",150,"ל  מ""ל",false,1,5.30,3.53,true,1,
7290102394258,false,מה  עז 180גרם 9% שומן  צוריאל,*החברה המרכזית להפצת משקאותבעמ,,,"י""ח",180,ל  גרם,false,1,23.30,12.94,false,1,
7290102394463,false,גבינה צהובה נעם 500 גרם פרוס 28%,*החברה המרכזית להפצת משקאותבעמ,,,"י""ח",500,ל  גרם,false,1,25.90,5.18,false,1,
7290102394821,false,גבינה צהובה 28% דק דק לפתיחה חוזרת 200,*החברה המרכזית להפצת משקאותבעמ,,,"י""ח",200,ל  גרם,false,1,15.60,7.80,true,1,
7290102394845,false,גבינה צהובה  9% 200גר דק דק לפתיחה חוז,*החברה המרכזית להפצת משקאותבעמ,,,"י""ח",200,ל  גרם,false,1,16.90,8.45,true,1,
7290102395217,false,מאגדת שמינייה מתיקות מעודנת 2%,*החברה המרכזית להפצת משקאותבעמ,,,"י""ח",900,ל  גרם,false,1,19,2.11,false,1,
7290102395224,false,מאגדת שמינייה מולר ביאנקו נטורל 1.7%,*החברה המרכזית להפצת משקאותבעמ,,,"י""ח",900,ל  גרם,false,1,16.90,1.88,false,1,
7290102395231,false,מאגדת שמינייה מולר ביאנקו נטורל 2.8%,*החברה המרכזית להפצת משקאותבעמ,,,"י""ח",900,ל  גרם,false,1,16.90,1.88,false,1,
7290102395262,false,מאגדת שמינייה מולר 3% פירות,*החברה המרכזית להפצת משקאותבעמ,,,"י""ח",150,"ל  מ""ל",false,1,30.90,20.60,false,1,
7290102395378,false,גבינה צהובה נעםמ 28% ואקום 360גר פרוס,*החברה המרכזית להפצת משקאותבעמ,,,"י""ח",360,ל  גרם,false,1,20.90,5.81,false,1,
7290102395439,false,מאגדת שמינייה מולר 3% פירות,*החברה המרכזית להפצת משקאותבעמ,,,"י""ח",150,"ל  מ""ל",false,1,30.90,20.60,false,1,
7290102395446,false,מעדן מוו וניל,*החברה המרכזית להפצת משקאותבעמ,,,"י""ח",250,ל  גרם,false,1,2.90,1.16,false,1,
7290102395477,false,מעדן מוו שוקולד,*החברה המרכזית להפצת משקאותבעמ,,,"י""ח",250,ל  גרם,false,1,2.90,1.16,false,1,
7290102396399,false,מאגדת מוו שמינייה מעדן שוקולד 100גר,*החברה המרכזית להפצת משקאותבעמ,,,"י""ח",800,ל  גרם,false,1,14.20,1.78,false,1,
7290102396405,false,מאגדת מוו שמינייה מעדן וניל 100גר,*החברה המרכזית להפצת משקאותבעמ,,,"י""ח",800,ל  גרם,false,1,14.20,1.78,false,1,
7290102396436,false,מעדן מוו שוקולד,*החברה המרכזית להפצת משקאותבעמ,,,"י""ח",250,ל  גרם,false,1,2.90,1.16,true,1,
7290102396443,false,מעדן מוו וניל,*החברה המרכזית להפצת משקאותבעמ,,,"י""ח",250,ל  גרם,false,1,2.90,1.16,true,1,
7290102396597,false,מעדן מוו וניל ומוס שוקולד 123גר,*החברה המרכזית להפצת משקאותבעמ,,,"י""ח",123,ל  גרם,false,1,2.90,2.36,false,1,
7290102396665,false,גבינה צהובה  15% 200גר נעם דק דק סגור,*החברה המרכזית להפצת משקאותבעמ,,,"י""ח",200,ל  גרם,false,1,15.90,7.95,true,1,
7290102396719,false,סימפלי פרויט תות שדה%0,*החברה המרכזית להפצת משקאותבעמ,,,"י""ח",150,"ל  מ""ל",false,1,5.30,3.53,true,1,
7290102396726,false,סימפלי פרויט אפרסק 0%,*החברה המרכזית להפצת משקאותבעמ,,,"י""ח",150,"ל  מ""ל",false,1,5.30,3.53,true,1,
7290102396740,false,מאגדת סימפלי פרויט תות ואפרסק 8יח 0%,*החברה המרכזית להפצת משקאותבעמ,,,"י""ח",8,"י""ח",false,1,30.90,3.86,false,1,
7290102397204,false,גבינה צהובה  22% 200גר נעם דק דק סגור,*החברה המרכזית להפצת משקאותבעמ,,,"י""ח",200,ל  גרם,false,1,15.90,7.95,true,1,
7290102397310,false,מאגדת שמינייה מיני מוו שוקולד קצפת,*החברה המרכזית להפצת משקאותבעמ,,,"י""ח",250,ל  גרם,false,1,11.90,4.76,false,1,
7290102397334,false,בולגרית  5% צוריאל בגביע,*החברה המרכזית להפצת משקאותבעמ,,,"י""ח",250,ל  גרם,false,1,20.90,8.36,false,1,
7290102397464,false,מולר ביאנקו  לבן עם חמניה/אגוזי פקאן ג,*החברה המרכזית להפצת משקאותבעמ,,,"י""ח",170,ל  גרם,false,1,6,3.53,false,1,
7290102397600,false,מולר מיקס ביו שקדים ובוטנים בקרמל170ג,*החברה המרכזית להפצת משקאותבעמ,,,"י""ח",170,ל  גרם,false,1,6,3.53,false,1,
7290102397617,false,מולר מיקס קליק,*החברה המרכזית להפצת משקאותבעמ,,,"י""ח",500,ל  גרם,false,1,6,1.20,false,1,
7290102397679,false,קוטג 5% 375ג,*החברה המרכזית להפצת משקאותבעמ,,,"י""ח",350,ל  גרם,false,1,7.90,2.26,false,1,
7290102397730,false,אמנטל נעם 200ג,*החברה המרכזית להפצת משקאותבעמ,,,"י""ח",200,ל  גרם,false,1,17.90,8.95,true,1,
7290102397747,false,מוצרלה נעם 200ג,*החברה המרכזית להפצת משקאותבעמ,,,"י""ח",200,ל  גרם,false,1,18.90,9.45,true,1,
7290102397891,false,גבינת מותכת 100ג צוריאל,*החברה המרכזית להפצת משקאותבעמ,,,"י""ח",100,"ל  מ""ל",false,1,6.90,6.90,false,1,
7290102398065,false,חלב טרה קרטון 2 ליטר   מהדרין*%*3,*החברה המרכזית להפצת משקאותבעמ,,,"י""ח",2,ליטר,false,1,12.46,6.23,false,1,
7290102398331,false,חלב מועשר דל לקטוז1ליטר קרטון,*החברה המרכזית להפצת משקאותבעמ,,,"י""ח",1,ליטר,false,1,7.70,7.70,false,1,
7290102398560,false,שוקו מעושר 1ל בקבוק טרה,*החברה המרכזית להפצת משקאותבעמ,,,"י""ח",1,ליטר,false,1,12.10,12.10,true,1,
7290102398577,false,"שוקו מעושר 250מ""ל בקבוק פקק ספורט",*החברה המרכזית להפצת משקאותבעמ,,,"י""ח",250,"ל  מ""ל",false,1,5.70,2.28,false,1,
7290102398614,false,משקה חלב טעם בננה  1ל בקבוק,*החברה המרכזית להפצת משקאותבעמ,,,"י""ח",1,ליטר,false,1,12.10,12.10,true,1,
7290102398638,false,משקה חלב טעם מוקה  1ל בקבוק,*החברה המרכזית להפצת משקאותבעמ,,,"י""ח",1,ליטר,false,1,12.10,12.10,true,1,
7290102398669,false,משקה קפוצינו 1 ליטר. טרה,*החברה המרכזית להפצת משקאותבעמ,,,"י""ח",1,ליטר,false,1,12.10,12.10,true,1,
7290102398782,false,משקה סויה קלאסי 1ל בקבוק משק צוריא,*החברה המרכזית להפצת משקאותבעמ,,,"י""ח",1,ליטר,false,1,11.90,11.90,false,1,
7290102398799,false,משקה סויה במתיקות 1ל בקבוק משק צוריא,*החברה המרכזית להפצת משקאותבעמ,,,"י""ח",1,ליטר,false,1,11.90,11.90,false,1,
7290102398805,false,משקה סויה בטעם וניל 1ל בקבוק משק צוריא,*החברה המרכזית להפצת משקאותבעמ,,,"י""ח",1,ליטר,false,1,11.90,11.90,false,1,
7290102398836,false,משקה שקדים קלאסי 1ליטר משק צוריא,*החברה המרכזית להפצת משקאותבעמ,,,"י""ח",1,ליטר,false,1,12.90,12.90,false,1,
7290102399048,false,קשקבל נעם 200גרם,*החברה המרכזית להפצת משקאותבעמ,,,"י""ח",200,ל  גרם,false,1,22.90,11.45,true,1,
7290102399772,false,ממרח חמאת מולר במליחות עדינה 250ג,*החברה המרכזית להפצת משקאותבעמ,,,"י""ח",250,ל  גרם,false,1,16.90,6.76,false,1,
7290102399789,false,ממרח חמאת מולר ללא מלח  250ג,*החברה המרכזית להפצת משקאותבעמ,,,"י""ח",250,ל  גרם,false,1,16.90,6.76,false,1,
7290102399796,false,מולר אקטיב יוגורט לבן 200ג,*החברה המרכזית להפצת משקאותבעמ,,,"י""ח",200,"ל  מ""ל",false,1,6,3,true,1,
7290102399802,false,מולר אקטיב יוגורט עם תות  200ג,*החברה המרכזית להפצת משקאותבעמ,,,"י""ח",200,"ל  מ""ל",false,1,6,3,true,1,
7290102399819,false,מולר אקטיב יוגורט עם פ.יער 200ג,*החברה המרכזית להפצת משקאותבעמ,,,"י""ח",200,"ל  מ""ל",false,1,6,3,true,1,
7290102399857,false,מולר אקטיב לייט יוגורט עם תות 0%  200ג,*החברה המרכזית להפצת משקאותבעמ,,,"י""ח",200,"ל  מ""ל",false,1,6,3,true,1,
7290102840243,false,פלאן קרמל,נאמן לאורך זמן בעמ,,,"י""ח",1,,false,1,7.90,7.90,false,1,
7290102841899,false,"אבקת פלאפל 180גר בד""ץ",נאמן לאורך זמן בעמ,,,"י""ח",180,ל  גרם,false,1,11.90,6.61,false,1,
7290102844265,false,תערובת להכנה טמפורה 500גר,נאמן לאורך זמן בעמ,,,"י""ח",500,ל  גרם,false,1,10.90,2.18,false,1,
7290103120658,false,ספיד סטיק 24/7 שחור ג ל,ש.שסטוביץ בעמ,,,"י""ח",1,"י""ח",false,1,19.90,19.90,true,1,
7290103126797,false,"קולגייט  סנסטיב פרו ריליף 75מ""ל",ש.שסטוביץ בעמ,,,"י""ח",75,"ל  מ""ל",false,1,18.90,25.20,true,1,
7290103128739,false,צמרונים לתינוק,ש.שסטוביץ בעמ,,,"י""ח",1,"י""ח",false,1,5.90,5.90,false,1,
7290103152963,false,תבנית מלבנית R64L בודדת,פאלאס תעשיות נטו (2014) בעמ,,,"י""ח",1,,false,1,2,2,true,1,
7290103152987,false,תבנית אינגליש בודדת R88,פאלאס תעשיות נטו (2014) בעמ,,,"י""ח",1,,false,1,1,1,true,1,
7290103153779,false,מכסה לתבנית R31 לפיד 1/10,נטו מלינדה סחר בעמ,,,"י""ח",10,"י""ח",false,1,4.90,0.49,false,1,
7290103153786,false,מכסה לתבנית R2 לפיד 1/15.,נטו מלינדה סחר בעמ,,,"י""ח",10,"י""ח",false,1,4.90,0.49,false,1,
7290103401429,false,קפה נמס ברזילאי  200גר,שטראוס גרופ בעמ,,,"י""ח",200,ל  גרם,false,1,24.90,12.45,true,1,
7290103404758,false,כרוב 120גר`,שטראוס גרופ ***בעמ,,,"י""ח",120,ל  גרם,false,1,4.70,3.92,true,1,
7290103681173,false,"יין אדום תבור הר ק.סוביניון 750מ""ל",*החברה המרכזית להפצת משקאותבעמ,,,"י""ח",750,"ל  מ""ל",false,1,35.90,4.75,false,1,
7290103681180,false,"יין אדום תבור הר מרלו 750מ""ל",*החברה המרכזית להפצת משקאותבעמ,,,"י""ח",750,"ל  מ""ל",false,1,35.90,4.75,false,1,
7290103700034,false,טאצ`מטליות בגליל,שניב תעשיות נייר בעמ,,,"י""ח",1,,false,1,18.90,18.90,false,1,
7290103700331,false,טאץ`שקית אוכל רב תכליתיות 250יחידות,שניב תעשיות נייר בעמ,,,"י""ח",250,"י""ח",false,1,13.90,0.06,false,1,
7290103700386,false,טאצ`כריות קרצוף שישיה,שניב תעשיות נייר בעמ,,,"י""ח",1,,false,1,9.90,9.90,true,1,
7290103701017,false,נייר אפיה טאצ,שניב תעשיות נייר בעמ,,,"י""ח",10,"י""ח",false,1,9.90,0.99,true,1,
7290103701031,false,כוס נייר טאצ 4 OZ,שניב תעשיות נייר בעמ,,,"י""ח",1,,false,1,7.90,7.90,false,1,
7290103701086,false,כוס נייר טאצ  12 OZ,שניב תעשיות נייר בעמ,,,"י""ח",1,,false,1,18.90,18.90,false,1,
7290103701185,false,טאצ מפות 8 יח עבות במיוחד,שניב תעשיות נייר בעמ,,,"י""ח",1,,false,1,14.90,14.90,false,1,
7290103702212,false,ממחטות כיס  טאצ`מארז 10 יח,שניב תעשיות נייר בעמ,,,"י""ח",10,"י""ח",false,1,7.90,0.79,false,1,
7290103702243,false,טאצ`אשפתון עבה עם ידיות 25יח 75/90,שניב תעשיות נייר בעמ,,,"י""ח",50,"י""ח",false,1,19.90,0.40,true,1,
7290103702304,false,טאצ`אשפתון עבה במיוחד 35יח בגליל 90*7,שניב תעשיות נייר בעמ,,,"י""ח",50,"י""ח",false,1,16.90,0.34,true,1,
7290103702328,false,טאצ`אשפתון עבה וחזק במיוחד 25יח בגליל,שניב תעשיות נייר בעמ,,,"י""ח",50,"י""ח",false,1,16.90,0.34,true,1,
7290103702489,false,נייר טואלט חתוך  טאצ`מארז 4*200גר,שניב תעשיות נייר בעמ,,,"י""ח",10,"י""ח",false,1,15.90,1.59,false,1,
7290103702779,false,מפיות  טאצ `150יח`,שניב תעשיות נייר בעמ,,,"י""ח",150,"י""ח",false,1,7.90,0.05,true,1,
7290103702823,false,נייר טואלט טאצ פרש  48 גליל,שניב תעשיות נייר בעמ,,,"י""ח",883,מטר,false,1,39.90,0.05,false,1,
7290103703004,false,נייר טואלט  מהדורת פרחים חגי  40 גל,שניב תעשיות נייר בעמ,,,"י""ח",40,"י""ח",false,1,35.90,0.90,false,1,
7290103703219,false,מטליות לחות בדלי לניקוי כללי לימון טאצ,סאסאטק אגשח בעמ,,,"י""ח",7,"י""ח",false,1,21.90,3.13,true,1,
7290103703226,false,מטליות לחות לניקוי כללי טאץ,שניב תעשיות נייר בעמ,,,"י""ח",1,"י""ח",false,1,7.90,7.90,false,1,
7290103703233,false,מטליות לחות לניקוי כללי דלי תפוח טאצ.,סאסאטק אגשח בעמ,,,"י""ח",1,"י""ח",false,1,21.90,21.90,true,1,
7290103703370,false,מגבוני טואלט לחים 1/3.,שניב תעשיות נייר בעמ,,,"י""ח",3,"י""ח",false,1,14.90,4.97,true,1,
7290103703738,false,טאצ מפות עבות במיוחד 45מטר בגליל.,שניב תעשיות נייר בעמ,,,"י""ח",45,מטר,false,1,31.90,0.71,false,1,
7290103704155,false,מגבת מטבח טאצ` 6 גליל,שניב תעשיות נייר בעמ,,,"י""ח",6,"י""ח",false,1,10.90,1.82,false,1,
7290103704179,false,מגבות מטבח   טאץ`8יח מהדורת 2021,שניב תעשיות נייר בעמ,,,"י""ח",8,"י""ח",false,1,14.50,1.81,false,1,
7290103704186,false,מגבות מטבח 6 יח כפול  טאצ` מהדורת2021,שניב תעשיות נייר בעמ,,,"י""ח",6,"י""ח",false,1,19.90,3.32,true,1,
7290103704568,false,נייר טואלט טאצ 40גליל,שניב תעשיות נייר בעמ,,,"י""ח",40,"י""ח",false,1,35.90,0.90,false,1,
7290103704575,false,נייר טואלט טאצ 48גליל,שניב תעשיות נייר בעמ,,,"י""ח",48,"י""ח",false,1,39.90,0.83,false,1,
7290103704650,false,מגבות מטבח  כדור פורח שישייה,שניב תעשיות נייר בעמ,,,"י""ח",1,,false,1,10.90,10.90,false,1,
7290103704766,false,נייר טואלט טאצ 24 גליל כפול מהדורת פרח,שניב תעשיות נייר בעמ,,,"י""ח",883,מטר,false,1,41.90,0.05,true,1,
7290103746001,false,ממחטות אף  חמישייה טאצ`,שניב תעשיות נייר בעמ,,,"י""ח",1,,false,1,13.90,13.90,true,1,
7290104061417,false,חומוס טחינה 400 גר`אחלה,שטראוס גרופ ***בעמ,,,"י""ח",400,ל  גרם,false,1,10.90,2.73,true,1,
7290104061424,false,חומוס זעתר 400גר`,שטראוס גרופ ***בעמ,,,"י""ח",400,ל  גרם,false,1,10.90,2.73,true,1,
7290104061431,false,חומוס אחלה צנובר 400גר`,שטראוס גרופ ***בעמ,,,"י""ח",400,ל  גרם,false,1,10.90,2.73,true,1,
7290104061448,false,חומוס אחלה חריף 400 גר`שטראוס,שטראוס גרופ ***בעמ,,,"י""ח",400,ל  גרם,false,1,10.90,2.73,true,1,
7290104062599,false,מארז סופר גמדים תות בננה שמינייה,שטראוס גרופ ***בעמ,,,"י""ח",800,ל  גרם,false,1,17.90,2.24,true,1,
7290104064012,false,חטיף GOOD2 שוקולד לבן פסק זמן 36גרם,שטראוס גרופ בעמ,,,"י""ח",36,ל  גרם,false,1,4.90,13.61,true,1,
7290104065187,false,קפה נמס בטעם מוקה 200 ג`,שטראוס גרופ בעמ,,,"י""ח",200,ל  גרם,false,1,21.90,10.95,true,1,
7290104066566,false,סלט טחינה שומשום מלא 500גר אחלה,שטראוס גרופ ***בעמ,,,"י""ח",500,ל  גרם,false,1,14.90,2.98,true,1,
7290104500572,false,אפרופו איטליאנו 50 גרם,קבוצת אוסם סחר-שות.מוגבלת,,,"י""ח",50,ל  גרם,false,1,5,10,true,1,
7290104501661,false,פודינג בטעם וניל צרפתי,קבוצת אוסם סחר-שות.מוגבלת,,,"י""ח",110,ל  גרם,false,1,5.90,5.36,true,1,
7290104503184,false,עוגת בראוניס שבת בטעם שוקולד ריבת חלב,קבוצת אוסם סחר-שות.מוגבלת,,,"י""ח",380,ל  גרם,false,1,18.90,4.97,false,1,
7290104508202,false,גביעי גלידה אמריקאים 24יח אוסם,קבוצת אוסם סחר-שות.מוגבלת,,,"י""ח",24,"י""ח",false,1,14,0.58,false,1,
7290104508943,false,במבה  קלאסי 200 גרם אוסם,קבוצת אוסם סחר-שות.מוגבלת,,,"י""ח",200,ל  גרם,false,1,10.60,5.30,true,1,
7290104570629,false,ממרח תמרים 450גר מתר ענק,בני ג ורג שוקחה (חיפה) בעמ,,,"י""ח",450,ל  גרם,false,1,5.90,1.31,false,1,
7290104720499,false,"מארז 8 דני וניל  1ק""ג כשל""פ רובין",שטראוס גרופ ***בעמ,,,"י""ח",1,"ק""ג",false,1,16.90,16.90,true,1,
7290104721762,false,קפה שלשות 85גר` עלית,שטראוס גרופ בעמ,,,"י""ח",1,"י""ח",false,1,23.90,23.90,true,1,
7290104722530,false,תפוצי פס 200 ג,שטראוס פריטו ליי בעמ,,,"י""ח",200,ל  גרם,false,1,10.90,5.45,true,1,
7290104726262,false,מארז 4 דני   500גר,שטראוס גרופ ***בעמ,,,"י""ח",500,ל  גרם,false,1,10.90,2.18,true,1,
7290104726712,false,"מארז מילקי שמינייה רובין כשל""פ 1064גר",שטראוס גרופ ***בעמ,,,"י""ח",868,"ל  מ""ל",false,1,19.90,2.29,true,1,
7290104728310,false,שמנת להקצפה 38%  שומן מהדרין*פ (יטבתה),שטראוס גרופ ***בעמ,,,"י""ח",250,"ל  מ""ל",false,1,6.47,2.59,true,1,
7290104729003,false,"שמן זית יד מרדכי כ.מעולה 750 מ""ל  מד.",שטראוס גרופ בעמ,,,"י""ח",750,"ל  מ""ל",false,1,34.90,4.65,true,1,
7290104852473,false,נרות שבת  {140}20 P20,פאלאס תעשיות נטו (2014) בעמ,,,"י""ח",140,ל  גרם,false,1,4,2.86,false,1,
7290104960239,false,"תחליב רחצה נקה7 לבן 750 מ""ל",החב הדרומית לשיווק,,,"י""ח",750,"ל  מ""ל",false,1,9.90,1.32,false,1,
7290104960246,false,"תחליב רחצה  ארומה 750מ""ל ורוד",החב הדרומית לשיווק,,,"י""ח",750,"ל  מ""ל",false,1,9.90,1.32,false,1,
7290104960352,false,"תחליב רחצה  ארומה 750מ""ל וניל שקד.",החב הדרומית לשיווק,,,"י""ח",750,"ל  מ""ל",false,1,9.90,1.32,false,1,
7290104960970,false,טיטניום  דאו`ספריי,החב הדרומית לשיווק,,,"י""ח",150,"ל  מ""ל",false,1,14.90,9.93,false,1,
7290104961205,false,"תחליב רחצה מלפפון קיווי  750מ""ל",החב הדרומית לשיווק,,,"י""ח",750,"ל  מ""ל",false,1,9.90,1.32,false,1,
7290104961243,false,"תחליב רחצה  קוקוס 750 יסמין מ""ל",החב הדרומית לשיווק,,,"י""ח",750,"ל  מ""ל",false,1,9.90,1.32,false,1,
7290104962073,false,דאו`טיטניום ספריי,החב הדרומית לשיווק,,,"י""ח",100,ל  גרם,false,1,14.90,14.90,false,1,
7290104962127,false,קרליין נושם  דאו`סטייק נערות,החב הדרומית לשיווק,,,"י""ח",1,,false,1,19.90,19.90,false,1,
7290104963001,false,מגבונים סופטקר בניחוח עדין רביעייה,החב הדרומית לשיווק,,,"י""ח",4,"י""ח",false,1,17.90,4.48,false,1,
7290104963018,false,מגבונים סופטקר ללא בישום רביעייה,החב הדרומית לשיווק,,,"י""ח",4,"י""ח",false,1,18.90,4.73,false,1,
7290104963155,false,"שמן ךתינוקות 500מ""ל  סופטקר",החב הדרומית לשיווק,,,"י""ח",500,"ל  מ""ל",false,1,24.90,4.98,false,1,
7290104963162,false,"קרם גוף  500מ""ל סופטקר",החב הדרומית לשיווק,,,"י""ח",500,"ל  מ""ל",false,1,24.90,4.98,false,1,
7290104963223,false,אל סבון קלאסי לתינוק 1ל  סופטקר,החב הדרומית לשיווק,,,"י""ח",1,ליטר,false,1,17.90,17.90,false,1,
7290104965654,false,דאו סטיק  נושם בנות SWEET KISS קרליין,החב הדרומית לשיווק,,,"י""ח",50,ל  גרם,false,1,21.40,42.80,false,1,
7290105360250,false,קפסולות מקיאטו עלית 50גר,שטראוס גרופ בעמ,,,"י""ח",50,ל  גרם,false,1,19.90,39.80,true,1,
7290105360335,false,קפסולות אספרסו  עלית 50גר,שטראוס גרופ בעמ,,,"י""ח",50,ל  גרם,false,1,19.90,39.80,true,1,
7290105362339,false,שמנת לבישול 15% שומן מהדרין(יטבתה,שטראוס גרופ ***בעמ,,,"י""ח",250,"ל  מ""ל",false,1,7.90,3.16,true,1,
7290105363602,false,כיף כף מקלות קלאסי 40גר,שטראוס גרופ בעמ,,,"י""ח",40,ל  גרם,false,1,4.80,12,true,1,
7290105364289,false,כיף כף מקלות פיצפוצים 40גר,שטראוס גרופ בעמ,,,"י""ח",40,ל  גרם,false,1,4.80,12,true,1,
7290105364302,false,כיף כף מקלות אגוזים 42גר,שטראוס גרופ בעמ,,,"י""ח",40,ל  גרם,false,1,4.80,12,true,1,
7290105364678,false,משקה אקטיביה בודד אפרסק,שטראוס גרופ ***בעמ,,,"י""ח",250,"ל  מ""ל",false,1,4.90,1.96,true,1,
7290105366023,false,סלט אחלה חצילים טעם כבד 400 גרם,שטראוס גרופ ***בעמ,,,"י""ח",400,ל  גרם,false,1,14.90,3.73,true,1,
7290105366047,false,טחינה לבנה אחלה 400גרם,שטראוס גרופ ***בעמ,,,"י""ח",400,ל  גרם,false,1,14.90,3.73,true,1,
7290105366993,false,סימפוניה פלפל שיפקה  200גר,שטראוס גרופ ***בעמ,,,"י""ח",200,ל  גרם,false,1,10.90,5.45,true,1,
7290105368225,false,חומוס עם פלפל שיפקה 400גרם,שטראוס גרופ ***בעמ,,,"י""ח",400,ל  גרם,false,1,10.90,2.73,true,1,
7290105368331,false,מילקי  תות}שטראוס{,שטראוס גרופ ***בעמ,,,"י""ח",130,"ל  מ""ל",false,1,2.90,2.23,true,1,
7290105368904,false,שמנת מתוקה להקצפה 32% שומן מהדרין,שטראוס גרופ ***בעמ,,,"י""ח",250,"ל  מ""ל",false,1,7.30,2.92,true,1,
7290105368928,false,"שמנת 9% מהדרין 200מ""ל",שטראוס גרופ ***בעמ,,,"י""ח",200,"ל  מ""ל",false,1,2.90,1.45,true,1,
7290105369130,false,סימפוניה בצל ירוק 3% 200גר,שטראוס גרופ ***בעמ,,,"י""ח",200,ל  גרם,false,1,10.90,5.45,true,1,
7290105439499,false,מיונז 481ג מאסטר שף,ש.שסטוביץ בעמ,,,"י""ח",481,ל  גרם,false,1,11.90,2.47,false,1,
7290105439505,false,קרם בטעם מיונס לייט 521ג מנה,ש.שסטוביץ בעמ,,,"י""ח",521,ל  גרם,false,1,11.90,2.28,false,1,
7290105439581,false,חרדל דיזון 370ג צרפתי מאסטר שף,ש.שסטוביץ בעמ,,,"י""ח",370,ל  גרם,false,1,10.90,2.95,false,1,
7290105474049,false,לה קט מוס עוף 155ג,דיפלומט מפיצים (1968) בעמ**,,,"י""ח",1.55,"ק""ג",false,1,5.90,3.81,false,1,
7290105474056,false,לה קט מוס סלמון 155ג,דיפלומט מפיצים (1968) בעמ**,,,"י""ח",1.55,"ק""ג",false,1,5.90,3.81,false,1,
7290105474070,false,לה קט מוס טונה  155ג,דיפלומט מפיצים (1968) בעמ**,,,"י""ח",1.55,"ק""ג",false,1,5.90,3.81,false,1,
7290105474124,false,בונזו בשר 12 קג,דיפלומט מפיצים (1968) בעמ**,,,"י""ח",12,"ק""ג",false,1,129.90,10.83,false,1,
7290105478320,false,לה קט מולטיפק 4*100ג סלמון ועוף,דיפלומט מפיצים (1968) בעמ**,,,"י""ח",400,ל  גרם,false,1,15.90,3.98,false,1,
7290105479679,false,"בונזו בקר וכבד 12ק""ג מחולק",דיפלומט מפיצים (1968) בעמ**,,,"י""ח",12,"ק""ג",false,1,129.90,10.83,false,1,
7290105500151,false,וודקה פינלנדיה רגיל 700,מ.אקרמן בעמ,,,"י""ח",750,"ל  מ""ל",false,1,68.90,9.15,true,1,
7290105500236,false,"וויסקי גק דניאלס 700 מ""ל",מ.אקרמן בעמ,,,"י""ח",700,"ל  מ""ל",false,1,119.90,17.09,true,1,
7290105691224,false,חטיפי פריכונים טורטיה שום בצל 60 גר,קבוצת אוסם סחר-שות.מוגבלת,,,"י""ח",60,ל  גרם,false,1,8.10,13.50,false,1,
7290105691712,false,עוגיות הפסקת קפה 230גר,קבוצת אוסם סחר-שות.מוגבלת,,,"י""ח",230,ל  גרם,false,1,10.90,4.74,true,1,
7290105691934,false,"קמח שמרים 1ק""ג",קבוצת אוסם סחר-שות.מוגבלת,,,"י""ח",1,"ק""ג",false,1,10.90,10.90,false,1,
7290105693341,false,במבה  מארז 10 יחידות 25גרם.,קבוצת אוסם סחר-שות.מוגבלת,,,"י""ח",250,ל  גרם,false,1,17.90,7.16,true,1,
7290105693457,false,עוגת הבית דמקה טעם שוקו וניל,קבוצת אוסם סחר-שות.מוגבלת,,,"י""ח",400,ל  גרם,false,1,12.90,3.23,false,1,
7290105693952,false,פירורית זהב שומשום 200 ג,קבוצת אוסם סחר-שות.מוגבלת,,,"י""ח",200,ל  גרם,false,1,7.40,3.70,false,1,
7290105695024,false,פתיתים אפויים אורז עם אטריות,קבוצת אוסם סחר-שות.מוגבלת,,,"י""ח",500,ל  גרם,false,1,7.90,1.58,true,1,
7290105695321,false,עוגת בראוניז  פאדג`380גר`,קבוצת אוסם סחר-שות.מוגבלת,,,"י""ח",380,ל  גרם,false,1,18.90,4.97,false,1,
7290105962331,false,סחוג אדום זהבי  220גרם,שטראוס גרופ ***בעמ,,,"י""ח",220,ל  גרם,false,1,10.90,4.95,true,1,
7290105964564,false,חומוס אחלה  400 גרם. שטראוס,שטראוס גרופ ***בעמ,,,"י""ח",400,ל  גרם,false,1,8.90,2.23,true,1,
7290105965738,false,"משקה בוקר לשתיה תות בננה 267מ""ל",שטראוס גרופ ***בעמ,,,"י""ח",267,ל  גרם,false,1,4.80,1.80,true,1,
7290105966469,false,"חומץ בלסמי יד מרדכי 250מ""ל",שטראוס גרופ בעמ,,,"י""ח",250,"ל  מ""ל",false,1,14.70,5.88,true,1,
7290105968098,false,סלט קולסלאו 500גר,שטראוס גרופ ***בעמ,,,"י""ח",500,ל  גרם,false,1,14.90,2.98,true,1,
7290105968654,false,טורטליני בטטה שטראוס פרווה,שטראוס גרופ ***בעמ,,,"י""ח",400,ל  גרם,false,1,19.90,4.98,true,1,
7290105968777,false,פרכיות  אנרג`תחתית שוקולד מריר70גר,שטראוס גרופ בעמ,,,"י""ח",1,,false,1,8.90,8.90,true,1,
7290106520066,false,אצבעות רבע לשבע 160גר`,שטראוס גרופ בעמ,,,"י""ח",160,ל  גרם,false,1,12.90,8.06,true,1,
7290106520288,false,דנונה WOW תות 2.4%  150גר,שטראוס גרופ ***בעמ,,,"י""ח",150,"ל  מ""ל",false,1,4.60,3.07,true,1,
7290106520905,false,סלט טורקי 400גר,שטראוס גרופ ***בעמ,,,"י""ח",400,ל  גרם,false,1,14.90,3.73,true,1,
7290106520912,false,שמנת לבישול 9% שומן 258גר  מהדרין יטבתה,שטראוס גרופ ***בעמ,,,"י""ח",258,"ל  מ""ל",false,1,7.90,3.06,true,1,
7290106521049,false,סלט סלק  400גר,שטראוס גרופ ***בעמ,,,"י""ח",500,ל  גרם,false,1,14.90,2.98,true,1,
7290106521926,false,קפה טורקי שקית 150 עלית 10%.,שטראוס גרופ בעמ,,,"י""ח",150,ל  גרם,false,1,13.50,9,true,1,
7290106524439,false,תפוצ יפס פופס 60ג,שטראוס פריטו ליי בעמ,,,"י""ח",60,ל  גרם,false,1,4.50,7.50,true,1,
7290106525399,false,קפסולות ברזיל 06 עלית 50גר,שטראוס גרופ בעמ,,,"י""ח",50,ל  גרם,false,1,19.90,39.80,true,1,
7290106525405,false,קפסולות נטול למכונות נספרסו 50גר,שטראוס גרופ בעמ,,,"י""ח",50,ל  גרם,false,1,19.90,39.80,true,1,
7290106526822,false,פריכיות אנרג`י תחתית  חלב 80גר,שטראוס גרופ בעמ,,,"י""ח",80,ל  גרם,false,1,8.90,11.13,true,1,
7290106528567,false,דוריטוס גריל 185ג,שטראוס פריטו ליי בעמ,,,"י""ח",185,ל  גרם,false,1,6.90,3.73,true,1,
7290106571921,false,עוגיות חמוציות 180גר,קבוצת אוסם סחר-שות.מוגבלת,,,"י""ח",180,ל  גרם,false,1,11.90,6.61,true,1,
7290106572027,false,לחמית חמישה דגנים 190גר,קבוצת אוסם סחר-שות.מוגבלת,,,"י""ח",230,ל  גרם,false,1,9.90,4.30,true,1,
7290106572959,false,מארז אפרופו 5 יח,קבוצת אוסם סחר-שות.מוגבלת,,,"י""ח",150,ל  גרם,false,1,14.10,9.40,true,1,
7290106572997,false,"קמח שמרים לפיצה 1ק""ג",קבוצת אוסם סחר-שות.מוגבלת,,,"י""ח",1,"ק""ג",false,1,10.90,10.90,false,1,
7290106573598,false,חומוס לבנוני 400 גרם,קבוצת אוסם סחר-שות.מוגבלת,,,"י""ח",400,ל  גרם,false,1,13.70,3.43,true,1,
7290106573628,false,חומוס עם טחינה 400 גרם צבר,קבוצת אוסם סחר-שות.מוגבלת,,,"י""ח",400,ל  גרם,false,1,13.70,3.43,true,1,
7290106574120,false,"גומיגם נסטלה כשל""פ",נגה גלידות,,,"י""ח",1,,false,1,6.90,6.90,true,1,
7290106574953,false,שטוחים  בייגלה שומשום 300גר,קבוצת אוסם סחר-שות.מוגבלת,,,"י""ח",300,ל  גרם,false,1,11.80,3.93,false,1,
7290106575011,false,פתיתים אפויים קוסקוס פלוס ח.מלאה 400גר,קבוצת אוסם סחר-שות.מוגבלת,,,"י""ח",500,ל  גרם,false,1,7.60,1.52,false,1,
7290106575257,false,עוגת סופלה טעם שוקולד 340גר,קבוצת אוסם סחר-שות.מוגבלת,,,"י""ח",340,ל  גרם,false,1,13.40,3.94,false,1,
7290106575431,false,עוגת סופלה טעם שוקו וניל 340גר,קבוצת אוסם סחר-שות.מוגבלת,,,"י""ח",340,ל  גרם,false,1,12.90,3.79,false,1,
7290106576513,false,חומוס צבר 400גר,קבוצת אוסם סחר-שות.מוגבלת,,,"י""ח",400,ל  גרם,false,1,11.90,2.98,false,1,
7290106576537,false,חומוס מסעדה 700גר צבר,קבוצת אוסם סחר-שות.מוגבלת,,,"י""ח",700,ל  גרם,false,1,12.70,1.81,false,1,
7290106576834,false,לה קרמריה פונש בננה  1.4ליטר,נגה גלידות,,,"י""ח",1.40,ליטר,false,1,19.90,14.21,false,1,
7290106576919,false,לה קרמריה סורבה תות לימון1.4ליטר,נגה גלידות,,,"י""ח",1.40,ליטר,false,1,19.90,14.21,false,1,
7290106576957,false,לה קרמריה שוקו וניל פליק פרווה 1.4ליטר,נגה גלידות,,,"י""ח",1.40,ליטר,false,1,19.90,14.21,false,1,
7290106576971,false,לה קרמריה שוקולד בלגי  1.4ליטר,נגה גלידות,,,"י""ח",1.40,ליטר,false,1,19.90,14.21,false,1,
7290106576995,false,לה קרמריה סורבה תות מנג לייט  1.4 ליטר,נגה גלידות,,,"י""ח",1.40,ליטר,false,1,19.90,14.21,false,1,
7290106577039,false,לה קרמריה וניל שוקו פליק  1.4ליטר,נגה גלידות,,,"י""ח",1.40,ליטר,false,1,19.90,14.21,false,1,
7290106577282,false,טחינה מרובע 400גר,קבוצת אוסם סחר-שות.מוגבלת,,,"י""ח",400,ל  גרם,false,1,13.70,3.43,true,1,
7290106577541,false,כרוב אדום צבר  400גר,קבוצת אוסם סחר-שות.מוגבלת,,,"י""ח",400,ל  גרם,false,1,13.70,3.43,true,1,
7290106578692,false,ביסלי במבה מיקס מהדורת אליפות 80גר,קבוצת אוסם סחר-שות.מוגבלת,,,"י""ח",60,ל  גרם,false,1,5.20,8.67,true,1,
7290106578821,false,עוגת שמרים שוקולד קלאסית 350גר,קבוצת אוסם סחר-שות.מוגבלת,,,"י""ח",350,ל  גרם,false,1,18.50,5.29,false,1,
7290106652996,false,כיף כף מקלות קוקוס   40גר,שטראוס גרופ בעמ,,,"י""ח",40,ל  גרם,false,1,4.80,12,true,1,
7290106653689,false,לקט ירקות אסיאתי 350גר שטראוס,שטראוס גרופ ***בעמ,,,"י""ח",350,ל  גרם,false,1,10.90,3.11,true,1,
7290106654099,false,מילקי  CAKE מאגדת שמינייה שטראוס,שטראוס גרופ ***בעמ,,,"י""ח",272,ל  גרם,false,1,19.90,7.32,true,1,
7290106656734,false,"חיוכים וניל 600גר בד""ץ",שטראוס גרופ בעמ,,,"י""ח",600,ל  גרם,false,1,16.90,2.82,true,1,
7290106663091,false,לאבנה 9% 500גר`,שטראוס גרופ ***בעמ,,,"י""ח",500,ל  גרם,false,1,17.90,3.58,true,1,
7290106663503,false,קונפיטורת לייט תות,שטראוס גרופ בעמ,,,"י""ח",250,ל  גרם,false,1,13.70,5.48,true,1,
7290106663558,false,"רוטב טריאקי רימון 280מ""ל",שטראוס גרופ בעמ,,,"י""ח",280,"ל  מ""ל",false,1,12.90,4.61,true,1,
7290106667266,false,דוריטוס חמוץ חריף 185ג,שטראוס פריטו ליי בעמ,,,"י""ח",185,ל  גרם,false,1,7.50,4.05,true,1,
7290106668577,false,"מיץ לימון טבעי 250מ""ל יד מרדכי",שטראוס גרופ בעמ,,,"י""ח",250,"ל  מ""ל",false,1,7.80,3.12,true,1,
7290106668713,false,דנונה פירות יער 3%,שטראוס גרופ ***בעמ,,,"י""ח",150,"ל  מ""ל",false,1,3.50,2.33,true,1,
7290106669857,false,קפסולות אספרסו עלית טעם וניל 50גר,שטראוס גרופ בעמ,,,"י""ח",50,ל  גרם,false,1,19.90,39.80,true,1,
7290106720626,false,ציטוס גבינה 80ג,שטראוס פריטו ליי בעמ,,,"י""ח",80,ל  גרם,false,1,4.20,5.25,true,1,
7290106721920,false,מסטיק מאסט ספירמינט צ`יקלט 66גר,שטראוס גרופ בעמ,,,"י""ח",66,ל  גרם,false,1,9.90,15,true,1,
7290106724488,false,דנונה טבעי 1.7% 150גר,שטראוס גרופ ***בעמ,,,"י""ח",150,ל  גרם,false,1,2.30,1.53,true,1,
7290106725867,false,"סירופ מייפל טבעי 189 מ""ל יד מרדכי",שטראוס גרופ בעמ,,,"י""ח",189,"ל  מ""ל",false,1,32.90,17.41,true,1,
7290106725874,false,"סירופ מייפל טבעי 236 מ""ל יד מרדכי",שטראוס גרופ בעמ,,,"י""ח",236,"ל  מ""ל",false,1,41.90,17.75,true,1,
7290106726178,false,דנונה WOW פירות יער  2.4%  150גר,שטראוס גרופ ***בעמ,,,"י""ח",150,"ל  מ""ל",false,1,4.60,3.07,true,1,
7290107280020,false,מטליות לחות לניקוי כללי 50 * 3 מארז סנ,החב הדרומית לשיווק,,,"י""ח",1,,false,1,18.90,18.90,false,1,
7290107280099,false,מגבוני ט. סנו סופט  לחים שלישייה,החב הדרומית לשיווק,,,"י""ח",3,"י""ח",false,1,15.90,5.30,false,1,
7290107280389,false,"סנו גט מרסס לאמבטיה 750מ""ל",החב הדרומית לשיווק,,,"י""ח",750,"ל  מ""ל",false,1,16.90,2.25,false,1,
7290107280396,false,"סנו גט מרסס למטבח 750מ""ל",החב הדרומית לשיווק,,,"י""ח",750,"ל  מ""ל",false,1,16.90,2.25,false,1,
7290107280563,false,סנו אוקסיגן  ג`ל בייבי  3ליטר,החב הדרומית לשיווק,,,"י""ח",3,ליטר,false,1,29.90,9.97,false,1,
7290107280570,false,סנו ג ל כביסה 3ליטר מיקס,החב הדרומית לשיווק,,,"י""ח",3,ליטר,false,1,29.60,9.87,false,1,
7290107280587,false,סנובון מוצק שלדאבל אקשן בניחוח פרחים ורו,החב הדרומית לשיווק,,,"י""ח",750,"ל  מ""ל",false,1,10.90,1.45,false,1,
7290107280594,false,סנובון מוצק דאבל אקשן בניחוח לבנדר,החב הדרומית לשיווק,,,"י""ח",750,"ל  מ""ל",false,1,10.90,1.45,false,1,
7290107280600,false,ספארק 100 טבליות למדיח,החב הדרומית לשיווק,,,"י""ח",100,"י""ח",false,1,54.90,0.55,false,1,
7290107280655,false,"מקסימה 3.25ק""ג",החב הדרומית לשיווק,,,"י""ח",3.25,"ק""ג",false,1,31.90,9.82,false,1,
7290107280716,false,"מלח למדיח 2ק""ג ספארק",החב הדרומית לשיווק,,,"י""ח",2,"ק""ג",false,1,12.90,6.45,false,1,
7290107280723,false,"נוזל כלים סנו ספארק 700מ""ל לימון",החב הדרומית לשיווק,,,"י""ח",700,"ל  מ""ל",false,1,10.90,1.56,false,1,
7290107280730,false,"נוזל כלים סנו ספארק 700מ""ל לבנדר",החב הדרומית לשיווק,,,"י""ח",700,"ל  מ""ל",false,1,10.90,1.56,false,1,
7290107280747,false,"נוזל כלים סנו ספארק 700מ""ל קלאסי",החב הדרומית לשיווק,,,"י""ח",700,"ל  מ""ל",false,1,10.90,1.56,false,1,
7290107280754,false,"נוזל כלים סנו ספארק 700מ""ל היפואלרגני",החב הדרומית לשיווק,,,"י""ח",700,"ל  מ""ל",false,1,10.90,1.56,false,1,
7290107280761,false,נוזל כלים סנו ספארק 1ל לימון,החב הדרומית לשיווק,,,"י""ח",1,ליטר,false,1,12.90,12.90,false,1,
7290107522120,false,סדין מיקס יור סטייל 180*200,דניאלה ע.י בעמ,,,"י""ח",1,,false,1,69.90,69.90,false,1,
7290107522137,false,סדין מיקס יור סטייל 220*200,דניאלה ע.י בעמ,,,"י""ח",1,,false,1,87.90,87.90,false,1,
7290107522144,false,זוג ציפיות מיקס יור סטייל 50*70,דניאלה ע.י בעמ,,,"י""ח",1,,false,1,29.90,29.90,true,1,
7290107644488,false,בייגלה שמיניות  255ג,יוניליוור ישראל שיווק בעמ,,,"י""ח",255,ל  גרם,false,1,5.90,2.31,false,1,
7290107645584,false,מרק עוף אמיתי 400כ ר. טבעיים.,יוניליוור ישראל שיווק בעמ,,,"י""ח",400,ל  גרם,false,1,18.90,4.73,true,1,
7290107645591,false,מרק טעם עוף  400 ג קנור ר.טבעים,יוניליוור ישראל שיווק בעמ,,,"י""ח",400,ל  גרם,false,1,14.90,3.73,false,1,
7290107646062,false,מרק בצל 400 ג קנור ר.טבעיים,יוניליוור ישראל שיווק בעמ,,,"י""ח",400,ל  גרם,false,1,19.90,4.98,true,1,
7290107646147,false,חטיפי שוגי קורנפלקס שישייה 156גר.,יוניליוור ישראל שיווק בעמ,,,"י""ח",156,ל  גרם,false,1,12.90,8.27,false,1,
7290107646154,false,חטיפי קוקומן פצפ. טעם שוקו שישייה 126ג,יוניליוור ישראל שיווק בעמ,,,"י""ח",156,ל  גרם,false,1,12.90,8.27,false,1,
7290107646376,false,מטליות סיף לניקוי כללי 50 יח לבנדר,יוניליוור ישראל שיווק בעמ,,,"י""ח",1,"י""ח",false,1,8,8,false,1,
7290107646826,false,חטיפי דגנים פתיתי תירס בשוקולד,יוניליוור ישראל שיווק בעמ,,,"י""ח",156,ל  גרם,false,1,12.90,8.27,false,1,
7290107646963,false,ממרח ספייסי מיונז 250 גרם,יוניליוור ישראל שיווק בעמ,,,"י""ח",250,ל  גרם,false,1,9.90,3.96,false,1,
7290107646970,false,ממרח איולי שום 250 גרם,יוניליוור ישראל שיווק בעמ,,,"י""ח",250,ל  גרם,false,1,9.90,3.96,false,1,
7290107647731,false,קוקומן חום לבן 20% פחות סוכר 375 גרם ב,יוניליוור ישראל שיווק בעמ,,,"י""ח",375,ל  גרם,false,1,19.90,5.31,true,1,
7290107647823,false,ברנפלקס פתיתים 500גרם,יוניליוור ישראל שיווק בעמ,,,"י""ח",500,ל  גרם,false,1,19.90,3.98,false,1,
7290107647854,false,שוגי 20% פחות סוכר 500  גר,יוניליוור ישראל שיווק בעמ,,,"י""ח",500,ל  גרם,false,1,19.90,3.98,true,1,
7290107649100,false,טבעות שומשום 300גר`,יוניליוור ישראל שיווק בעמ,,,"י""ח",300,ל  גרם,false,1,9.90,3.30,true,1,
7290107649858,false,מגנום לבן,גלידות שטראוס בעמ,,,"י""ח",85,ל  גרם,false,1,8,9.41,true,1,
7290107871297,false,פריכונים מיני עשבי תיבול 25ג,קבוצת אוסם סחר-שות.מוגבלת,,,"י""ח",25,ל  גרם,false,1,5.30,21.20,false,1,
7290107871532,false,מארז ארטיק קרח דובדבן מלון,נגה גלידות,,,"י""ח",800,ל  גרם,false,1,16.90,2.11,false,1,
7290107871990,false,פסטה אסם צינורות,קבוצת אוסם סחר-שות.מוגבלת,,,"י""ח",500,ל  גרם,false,1,6.90,1.38,true,1,
7290107874427,false,פריכונים מיני צתר 25ג,קבוצת אוסם סחר-שות.מוגבלת,,,"י""ח",25,ל  גרם,false,1,5.30,21.20,false,1,
7290107875158,false,מארז במבה קלאסי  60*4גרם,קבוצת אוסם סחר-שות.מוגבלת,,,"י""ח",240,ל  גרם,false,1,14.70,6.13,true,1,
7290107875400,false,לה קרמריה פיסטוק מוקה פרווה   1.4 ליטר,נגה גלידות,,,"י""ח",1.40,ליטר,false,1,19.90,14.21,false,1,
7290107879132,false,פיטנס מיני פריכיות שוקולד חלב 22גר,קבוצת אוסם סחר-שות.מוגבלת,,,"י""ח",100,ל  גרם,false,1,5.90,5.90,false,1,
7290107879569,false,נסטלה מאגדת  לה פרוטה מנגו,נגה גלידות,,,"י""ח",350,ל  גרם,false,1,26.90,7.69,false,1,
7290107879699,false,"לה פרוטה מנגו 70ג כשל""פ",נגה גלידות,,,"י""ח",70,ל  גרם,false,1,7.90,11.29,true,1,
7290107879712,false,לה פרוטה פירות אדומים 70ג,נגה גלידות,,,"י""ח",70,ל  גרם,false,1,6.90,9.86,true,1,
7290107932080,false,חלב יטבתה מועשר 3% בקבוק 1ליטר,שטראוס גרופ ***בעמ,,,"י""ח",1,ליטר,false,1,7.30,7.30,true,1,
7290107934473,false,מארז אקטיביה שמינייה 1.5% 1.2ליטר,שטראוס גרופ ***בעמ,,,"י""ח",1.20,ליטר,false,1,19.90,16.58,true,1,
7290107936309,false,דנונה יווני לבן 130גר.,שטראוס גרופ ***בעמ,,,"י""ח",130,ל  גרם,false,1,3.20,2.46,true,1,
7290107936958,false,אצבעות שוקולד עד חצות,שטראוס גרופ בעמ,,,"י""ח",66,ל  גרם,false,1,9.90,15,true,1,
7290107936965,false,עיגולים  שוקולד עד חצות,שטראוס גרופ בעמ,,,"י""ח",66,ל  גרם,false,1,13.90,21.06,true,1,
7290107937542,false,משקה אקטיביה תות 1.2%,שטראוס גרופ ***בעמ,,,"י""ח",250,"ל  מ""ל",false,1,4.90,1.96,true,1,
7290107937627,false,מסטיק מאסט קוביות ספירמינט  58ג,שטראוס גרופ בעמ,,,"י""ח",66,ל  גרם,false,1,9.90,15,true,1,
7290107937634,false,מסטיק מאסט קוביות פפירמינט  58ג.,שטראוס גרופ בעמ,,,"י""ח",66,ל  גרם,false,1,9.90,15,true,1,
7290107938396,false,אקטימל שמיניה תות בנים,שטראוס גרופ ***בעמ,,,"י""ח",800,"ל  מ""ל",false,1,19.90,2.49,true,1,
7290107940030,false,חומוס אחלה 650גר שטראוס,שטראוס גרופ ***בעמ,,,"י""ח",500,ל  גרם,false,1,8.90,1.78,true,1,
7290107940467,false,אקטיביה 200גר  1.5%,שטראוס גרופ ***בעמ,,,"י""ח",200,ל  גרם,false,1,3.90,1.95,true,1,
7290107943192,false,"שמנת חמוצה מהערבה יוטבתה 200מ""ל 27%",שטראוס גרופ ***בעמ,,,"י""ח",200,"ל  מ""ל",false,1,4.10,2.05,true,1,
7290107943369,false,קוואקר 511ג פח ללא גלוטן,שטראוס פריטו ליי בעמ,,,"י""ח",511,ל  גרם,false,1,18.90,3.70,true,1,
7290107944243,false,אפיפית בטעם שוקולד 200גר ללא גלוטן,שטראוס גרופ בעמ,,,"י""ח",200,ל  גרם,false,1,9.90,4.95,true,1,
7290107944472,false,סימפוניה 5% שום שמיר 200גר,שטראוס גרופ ***בעמ,,,"י""ח",200,ל  גרם,false,1,10.90,5.45,true,1,
7290107945165,false,קונפיטורה משמש 340גר,שטראוס גרופ בעמ,,,"י""ח",340,ל  גרם,false,1,13.60,4,true,1,
7290107950190,false,מעדן דיאט שוקולד מריר 130גר,שטראוס גרופ ***בעמ,,,"י""ח",130,ל  גרם,false,1,3.20,2.46,true,1,
7290107950206,false,מעדן דיאט שוקולד 130גר,שטראוס גרופ ***בעמ,,,"י""ח",130,ל  גרם,false,1,3.20,2.46,true,1,
7290107951104,false,בפלות שוקולד 200גר,שטראוס גרופ בעמ,,,"י""ח",200,ל  גרם,false,1,4.90,2.45,true,1,
7290107951111,false,בפלות לימון 200גר,שטראוס גרופ בעמ,,,"י""ח",200,ל  גרם,false,1,4.90,2.45,true,1,
7290107951715,false,מסטיק מאסט קוביות ענבים 58גר.,שטראוס גרופ בעמ,,,"י""ח",66,ל  גרם,false,1,9.90,15,true,1,
7290107953559,false,מארז קפה טורקי לדרך 168גר`,שטראוס גרופ בעמ,,,"י""ח",168,ל  גרם,false,1,18.90,11.25,true,1,
7290107954709,false,קונפיטורה פירות יער  340גר,שטראוס גרופ בעמ,,,"י""ח",340,ל  גרם,false,1,13.60,4,true,1,
7290107954976,false,"משקה יוטבתה פרו קפה לשתיה  350מ""ל",שטראוס גרופ ***בעמ,,,"י""ח",350,ל  גרם,false,1,6.50,1.86,true,1,
7290107956642,false,"תרסיס שמן זית  150גרם כשל""פ",שטראוס גרופ בעמ,,,"י""ח",150,ל  גרם,false,1,17.90,11.93,true,1,
7290107956710,false,מארז מיני מילקי  1/16,שטראוס גרופ ***בעמ,,,"י""ח",1.52,ליטר,false,1,21.90,14.41,true,1,
7290107956901,false,קפסולות אספרסו טעם אגוזים  150גר,שטראוס גרופ בעמ,,,"י""ח",50,ל  גרם,false,1,19.90,39.80,true,1,
7290107956925,false,קפסולות עלית אוגנדה 13 למכונת נספרסו,שטראוס גרופ בעמ,,,"י""ח",50,ל  גרם,false,1,19.90,39.80,true,1,
7290107956932,false,קפסולות אספרסו  עלית 50גר,שטראוס גרופ בעמ,,,"י""ח",50,ל  גרם,false,1,19.90,39.80,true,1,
7290107957069,false,מסטיק  עלמה טעם אוכמניות 66ג צנצנת,שטראוס גרופ בעמ,,,"י""ח",66,ל  גרם,false,1,9.90,15,true,1,
7290107957076,false,מסטיק  עלמה טעם ספירמינט 66ג צנצנת,שטראוס גרופ בעמ,,,"י""ח",66,ל  גרם,false,1,11.40,17.27,true,1,
7290107957991,false,מילקי מינייס CAKE 144ג שטראוס,שטראוס גרופ ***בעמ,,,"י""ח",144,ל  גרם,false,1,13.90,9.65,true,1,
7290107958035,false,"מארז 8 דנונה מתיקות מעודנת לל""ס וממתיק",שטראוס גרופ ***בעמ,,,"י""ח",1.20,ליטר,false,1,17.90,14.92,true,1,
7290107973038,false,"פלמוליב סבון ידיים אקווריום 300מ""ל",ש.שסטוביץ בעמ,,,"י""ח",300,"ל  מ""ל",false,1,9.90,3.30,true,1,
7290107973793,false,עגבניות שלמות 400גר מאסטר שף.,ש.שסטוביץ בעמ,,,"י""ח",400,ל  גרם,false,1,5.90,1.48,false,1,
7290107973809,false,מנה עגבניות קובוית 400גר,ש.שסטוביץ בעמ,,,"י""ח",400,ל  גרם,false,1,5.90,1.48,false,1,
7290107973861,false,עגבניות קצוצות דק מנה  400גר*3,ש.שסטוביץ בעמ,,,"י""ח",1.20,"ק""ג",false,1,15.90,13.25,false,1,
7290107974066,false,עלי טורטיה  קמח מלא  320ג מאסטר שף,ש.שסטוביץ בעמ,,,"י""ח",320,ל  גרם,false,1,9.90,3.09,false,1,
7290107974073,false,טורטיה קמח לבן 320ג מאסטר שף,ש.שסטוביץ בעמ,,,"י""ח",320,ל  גרם,false,1,9.90,3.09,false,1,
7290107974080,false,עלי טורטיה קמח מלא  756ג מאסטר שף,ש.שסטוביץ בעמ,,,"י""ח",740,ל  גרם,false,1,15.90,2.15,false,1,
7290107974806,false,"אורז  בסגנון בסמטי 1ק""ג מאסטר שף",ש.שסטוביץ בעמ,,,"י""ח",1,"ק""ג",false,1,10.90,10.90,false,1,
7290107974820,false,ממרח מתובל ספייסי  253ג מנה,ש.שסטוביץ בעמ,,,"י""ח",253,ל  גרם,false,1,7.90,3.12,false,1,
7290107974837,false,ממרח מתובל שום 253ג מנה,ש.שסטוביץ בעמ,,,"י""ח",253,ל  גרם,false,1,7.90,3.12,false,1,
7290107975360,false,ליידי ספיד סטיק פיור גל,ש.שסטוביץ בעמ,,,"י""ח",1,"י""ח",false,1,19.90,19.90,true,1,
7290107975544,false,"קולגייט סמיילס ברבי 50מ""ל",ש.שסטוביץ בעמ,,,"י""ח",66,ל  גרם,false,1,11.90,18.03,false,1,
7290107978323,false,איטריות דקיקות 400ג מאסטר שף,ש.שסטוביץ בעמ,,,"י""ח",400,ל  גרם,false,1,4.90,1.23,true,1,
7290107978330,false,איטריות דקות 400ג מאסטר שף,ש.שסטוביץ בעמ,,,"י""ח",400,ל  גרם,false,1,4.90,1.23,true,1,
7290107978347,false,איטריות בינוניות 400ג מאסטר שף,ש.שסטוביץ בעמ,,,"י""ח",400,ל  גרם,false,1,4.90,1.23,true,1,
7290107978453,false,קראנצ וס גריל 55ג חדש,ש.שסטוביץ בעמ,,,"י""ח",55,ל  גרם,false,1,3.50,6.36,true,1,
7290107978460,false,קראנצ וס פלאפל  60ג חדש,ש.שסטוביץ בעמ,,,"י""ח",60,ל  גרם,false,1,3.50,5.83,true,1,
7290108079357,false,מארז בלונים על מקל כסף,שמחה זה אנחנו,,,"י""ח",1,,false,1,29.90,29.90,false,1,
7290108090338,false,עגבניה תמר,ביכורי השדה צפון 1994 ג.ד. בעמ,,,"ק""ג",1,,true,1,5.90,5.90,false,1,
7290108201864,false,קולון קפסולות לכביסה 1/28,רקיט בנקיזר (ניר איסט) בעמ,,,"י""ח",28,"י""ח",false,1,24.90,0.89,false,1,
7290108350128,false,שקיות אשפה חזקות סנו,החב הדרומית לשיווק,,,"י""ח",1,,false,1,24.90,24.90,false,1,
7290108350142,false,"שקיות רב""ש",החב הדרומית לשיווק,,,"י""ח",1,,false,1,11.90,11.90,false,1,
7290108350203,false,כריות קרצוף עם ספוג מקציף 1/6,החב הדרומית לשיווק,,,"י""ח",1,,false,1,9.90,9.90,false,1,
7290108350210,false,שקיות אשפה אקסטרא חוזק30 יח,החב הדרומית לשיווק,,,"י""ח",1,,false,1,24.90,24.90,false,1,
7290108350531,false,נוזל כלים סנו ספארק 1ל קלאסי,החב הדרומית לשיווק,,,"י""ח",1,ליטר,false,1,12.90,12.90,false,1,
7290108350555,false,נוזל כלים סנו ספארק 1ל שקד,החב הדרומית לשיווק,,,"י""ח",1,ליטר,false,1,12.90,12.90,false,1,
7290108350616,false,מרכך מקסימה  כביסה 1 ליטר בלו,החב הדרומית לשיווק,,,"י""ח",1,ליטר,false,1,17.50,17.50,false,1,
7290108350623,false,מרכך מקסימהכביסה 1 ליטר סופט סילק,החב הדרומית לשיווק,,,"י""ח",1,ליטר,false,1,17.50,17.50,false,1,
7290108350777,false,אל סבון כיף שלשות,החב הדרומית לשיווק,,,"י""ח",1.50,ליטר,false,1,18.90,12.60,false,1,
7290108351149,false,סנו גט לניקוי כללי ורצפות+סודה 1.5ל.,החב הדרומית לשיווק,,,"י""ח",1.50,ליטר,false,1,15.90,10.60,false,1,
7290108351156,false,סנו גט לניקוי כללי ורצפות+חומץ 1.5ל.,החב הדרומית לשיווק,,,"י""ח",1.50,ליטר,false,1,15.90,10.60,false,1,
7290108351507,false,מקסימה מרכך 4 ל SOFT SILK,החב הדרומית לשיווק,,,"י""ח",4,ליטר,false,1,21.90,5.48,false,1,
7290108351514,false,מקסימה מרכך 4 ל BLUE BLOSSOM,החב הדרומית לשיווק,,,"י""ח",4,ליטר,false,1,21.90,5.48,false,1,
7290108351552,false,סנו גט תרסיס  פלוס לניקוי כללי+חומץ,החב הדרומית לשיווק,,,"י""ח",750,"ל  מ""ל",false,1,16.90,2.25,false,1,
7290108351569,false,מבשם ומרכך בייבי למייבש כביסה,החב הדרומית לשיווק,,,"י""ח",750,"ל  מ""ל",false,1,17.90,2.39,true,1,
7290108351590,false,"סנופרש הום בניחוח מרכך כביסה 350מ""ל",החב הדרומית לשיווק,,,"י""ח",350,"ל  מ""ל",false,1,11.90,3.40,false,1,
7290108351613,false,ריצפז פרש הום בית מלון חלומי 2ל לרצפה,החב הדרומית לשיווק,,,"י""ח",1.45,ליטר,false,1,21.90,15.10,false,1,
7290108351675,false,גל כביסה  מקסימה 5ל Mix Wash,החב הדרומית לשיווק,,,"י""ח",5,ליטר,false,1,44.90,8.98,false,1,
7290108351699,false,מגבוני JET ניקוי+חומץ מארז שלישייה,החב הדרומית לשיווק,,,"י""ח",1,,false,1,20,20,false,1,
7290108351705,false,פניני בישום FRESH LINEN י 275 גרם,החב הדרומית לשיווק,,,"י""ח",275,ל  גרם,false,1,24.90,9.05,false,1,
7290108351781,false,"סנו גט לניקוי+ניקוי  אסלות 750מ""ל.",החב הדרומית לשיווק,,,"י""ח",750,"ל  מ""ל",false,1,9.90,1.32,true,1,
7290108351804,false,מרכך מקסימה סופר מרוכז Gentle breeze 1לי,החב הדרומית לשיווק,,,"י""ח",1,ליטר,false,1,17.50,17.50,false,1,
7290108351811,false,מרכך מקסימה סופר מרוכז Floral tou 1 ליטר,החב הדרומית לשיווק,,,"י""ח",1,ליטר,false,1,17.50,17.50,false,1,
7290108351835,false,מרכך כביסה  מקסימה FLORAL TOUCH י4ל`,החב הדרומית לשיווק,,,"י""ח",4,ליטר,false,1,21.90,5.48,false,1,
7290108351996,false,תרסיס לחיטוי וניקוי בייבי 99.9%,החב הדרומית לשיווק,,,"י""ח",750,"ל  מ""ל",false,1,15.90,2.12,false,1,
7290108352054,false,צמד מברשות שיניים אורביטול +980חוט,החב הדרומית לשיווק,,,"י""ח",1,,false,1,19.90,19.90,false,1,
7290108352078,false,אורביטול שטיפת פה Protective Salt,החב הדרומית לשיווק,,,"י""ח",500,"ל  מ""ל",false,1,24.90,4.98,true,1,
7290108352092,false,אורביטול משחת שיניים Protective Salt,החב הדרומית לשיווק,,,"י""ח",145,ל  גרם,false,1,17.90,12.34,true,1,
7290108352207,false,קפסולות לכביסה מקסימה  פלורל 40יח,החב הדרומית לשיווק,,,"י""ח",40,"י""ח",false,1,39.90,1,false,1,
7290108352221,false,"סנופרש הום נטול גז 350מ""ל",החב הדרומית לשיווק,,,"י""ח",350,"ל  מ""ל",false,1,11.90,3.40,false,1,
7290108352252,false,נוזל כלים סנו ספארק 1ל ללא צבע ובושם.,החב הדרומית לשיווק,,,"י""ח",1,ליטר,false,1,12.90,12.90,false,1,
7290108352276,false,מטליות חיטוי וניקוי רצפות 99.9%,החב הדרומית לשיווק,,,"י""ח",3,"י""ח",false,1,14.90,4.97,false,1,
7290108352290,false,מטליות חיטוי וניקוי יסודי 99.9% 1/3 אמ,החב הדרומית לשיווק,,,"י""ח",3,"י""ח",false,1,23.90,7.97,false,1,
7290108352320,false,"סנופרש הום נטול גז 350מ""ל",החב הדרומית לשיווק,,,"י""ח",350,"ל  מ""ל",false,1,11.90,3.40,false,1,
7290108352337,false,"פרש אוטומטיק בניחוח מלון מפנק 250מ""ל",החב הדרומית לשיווק,,,"י""ח",165,ל  גרם,false,1,13.90,8.42,false,1,
7290108352368,false,תוסף לחיטוי כביסה 3ליטר 99.9%,החב הדרומית לשיווק,,,"י""ח",3,ליטר,false,1,29.90,9.97,false,1,
7290108352399,false,ריצפז פרש הום  2ל לרצפה מרכך כביסה,החב הדרומית לשיווק,,,"י""ח",1.45,ליטר,false,1,21.90,15.10,false,1,
7290108352450,false,ריצפז פרש הום  2ל לרצפה  Blue Blossom,החב הדרומית לשיווק,,,"י""ח",1.45,ליטר,false,1,21.90,15.10,false,1,
7290108352511,false,מקסימה לניקוי וחיטוי  מכונת הכביסה 500,החב הדרומית לשיווק,,,"י""ח",500,"ל  מ""ל",false,1,11.90,2.38,false,1,
7290108352528,false,תרסיס חיטוי ניקוי חדר אמבטיה  99.9% סנו,החב הדרומית לשיווק,,,"י""ח",750,"ל  מ""ל",false,1,15.90,2.12,false,1,
7290108352535,false,מקסימה דפי בישום לחים למייבש כביסה,החב הדרומית לשיווק,,,"י""ח",750,"ל  מ""ל",false,1,12.90,1.72,true,1,
7290108352566,false,מרכך JOY 4 ליטר,החב הדרומית לשיווק,,,"י""ח",4,ליטר,false,1,21.90,5.48,false,1,
7290108352573,false,מרכך כביסה CALM מקסימה  4 ליטר,החב הדרומית לשיווק,,,"י""ח",4,ליטר,false,1,21.90,5.48,false,1,
7290108352689,false,כריות קרצוף ללכלוך קשה 1/9,החב הדרומית לשיווק,,,"י""ח",1,,false,1,9.90,9.90,false,1,
7290108352795,false,שקיות זיפר 50יח במידה M סנו סושי,החב הדרומית לשיווק,,,"י""ח",50,"י""ח",false,1,11.90,0.24,false,1,
7290108352818,false,מטליות במבוק,החב הדרומית לשיווק,,,"י""ח",1,,false,1,7.90,7.90,false,1,
7290108352825,false,ספוג הפלא נירוסטה,החב הדרומית לשיווק,,,"י""ח",1,,false,1,11.90,11.90,false,1,
7290108352863,false,סנו סושי 20 שקיות צליה L,החב הדרומית לשיווק,,,"י""ח",10,"י""ח",false,1,7.90,0.79,false,1,
7290108352870,false,סנו סושי 10 שקיות צליה XL,החב הדרומית לשיווק,,,"י""ח",10,"י""ח",false,1,7.90,0.79,false,1,
7290108352900,false,סנו סושי מגבות נייר גליל כפול 6=12,החב הדרומית לשיווק,,,"י""ח",84.64,מטר,false,1,24.90,0.29,true,1,
7290108352931,false,כפפות ניטריל L סנו סושי 80י,החב הדרומית לשיווק,,,"י""ח",80,"י""ח",false,1,29.90,0.37,false,1,
7290108353006,false,שקיות אוכל נקשרות 250יח,החב הדרומית לשיווק,,,"י""ח",1,,false,1,11.90,11.90,false,1,
7290108353068,false,סנו סושי כרית קרצוף עם סיבי נירוסטה,החב הדרומית לשיווק,,,"י""ח",1,,false,1,11.90,11.90,false,1,
7290108353334,false,כיף שמפו למניעת קשקשים שמן עץ התה,החב הדרומית לשיווק,,,"י""ח",700,"ל  מ""ל",false,1,13.90,1.99,false,1,
7290108353419,false,צמד מברשות שיניים אורביטול Whitening,החב הדרומית לשיווק,,,"י""ח",1,,false,1,19.90,19.90,false,1,
7290108353440,false,מברשות שיניים זמד Orbitol Nano,החב הדרומית לשיווק,,,"י""ח",1,,false,1,29.90,29.90,false,1,
7290108353488,false,סנובון  בודד,החב הדרומית לשיווק,,,"י""ח",165,ל  גרם,false,1,5.90,3.58,false,1,
7290108353501,false,שקיות אשפה 25יח עם ידיות,החב הדרומית לשיווק,,,"י""ח",1,,false,1,19.90,19.90,false,1,
7290108353686,false,סנו סושי מטלית הפלא לרצפה Decor,החב הדרומית לשיווק,,,"י""ח",1,,false,1,11.90,11.90,false,1,
7290108353747,false,"קרמה תחליב רחצה אירוודה ספא 600מ""ל",החב הדרומית לשיווק,,,"י""ח",600,"ל  מ""ל",false,1,17.90,2.98,false,1,
7290108353778,false,תחליב רחצה  שבדיה בניחוח פיטנגו 750 מ,החב הדרומית לשיווק,,,"י""ח",750,"ל  מ""ל",false,1,9.90,1.32,false,1,
7290108353815,false,"קרמה תחליב רחצה מדיטציה ספא 600מ""ל",החב הדרומית לשיווק,,,"י""ח",600,"ל  מ""ל",false,1,17.90,2.98,false,1,
7290108353839,false,כפפות ניטריל Mסנו סושי 80י,החב הדרומית לשיווק,,,"י""ח",80,"י""ח",false,1,29.90,0.37,false,1,
7290108353907,false,"קרמה דאו  רול און קלאסי 75 מ""ל",החב הדרומית לשיווק,,,"י""ח",75,"ל  מ""ל",false,1,12.90,17.20,false,1,
7290108353983,false,"קרם גוף קרמה קלאסי 500 מ""ל.",החב הדרומית לשיווק,,,"י""ח",500,"ל  מ""ל",false,1,24.90,4.98,false,1,
7290108354164,false,כיף אלסבון שלישייה קטיפתי מועשר בשמנים,החב הדרומית לשיווק,,,"י""ח",1.50,ליטר,false,1,18.90,12.60,false,1,
7290108354270,false,מרכך כביסה CALM מקסימה 1 ליטר מרוכז,החב הדרומית לשיווק,,,"י""ח",1,ליטר,false,1,17.50,17.50,false,1,
7290108354430,false,"כיף שמפו שיער לשיקום והזנה 700מ""ל",החב הדרומית לשיווק,,,"י""ח",700,"ל  מ""ל",false,1,13.90,1.99,false,1,
7290108354607,false,"שמפו נקה 7  ביו 750מ""ל",החב הדרומית לשיווק,,,"י""ח",750,"ל  מ""ל",false,1,11.90,1.59,false,1,
7290108354751,false,סנו גט תרסיס פלוס לניקוי כללי+סודה,החב הדרומית לשיווק,,,"י""ח",750,"ל  מ""ל",false,1,16.90,2.25,false,1,
7290108354768,false,"קרם גוף קרמה דבש 500 מ""",החב הדרומית לשיווק,,,"י""ח",500,"ל  מ""ל",false,1,24.90,4.98,false,1,
7290108354829,false,"קרם ידיים קרמה ורד ווניל 100מ""ל",החב הדרומית לשיווק,,,"י""ח",100,"ל  מ""ל",false,1,9.90,9.90,true,1,
7290108354911,false,"קרמה מן גל לאחר גילוח 700מ""ל",החב הדרומית לשיווק,,,"י""ח",700,"ל  מ""ל",false,1,19.90,2.84,false,1,
7290108355000,false,שמפו  מיניונים נקה 7 קידס,החב הדרומית לשיווק,,,"י""ח",750,"ל  מ""ל",false,1,10.90,1.45,false,1,
7290108355024,false,שמפו+מרכך  מיניונים נקה 7 קידס,החב הדרומית לשיווק,,,"י""ח",750,"ל  מ""ל",false,1,10.90,1.45,false,1,
7290108355154,false,"שמפו נקה 7 שמני הזנה 750 מ""ל",החב הדרומית לשיווק,,,"י""ח",750,"ל  מ""ל",false,1,12.90,1.72,false,1,
7290108355161,false,"מרכך נקה 7 שמני הזנה 750מ""ל",החב הדרומית לשיווק,,,"י""ח",750,"ל  מ""ל",false,1,12.90,1.72,false,1,
7290108355185,false,"מסכה קרטין אינטנס 350מ""ל",החב הדרומית לשיווק,,,"י""ח",700,"ל  מ""ל",false,1,39.90,5.70,false,1,
7290108355192,false,"מרכך קרטין אינטנס 400מ""ל",החב הדרומית לשיווק,,,"י""ח",700,"ל  מ""ל",false,1,29.90,4.27,false,1,
7290108355208,false,"שמפו קרטין אינטנס 400מ""ל",החב הדרומית לשיווק,,,"י""ח",400,"ל  מ""ל",false,1,29.90,7.48,false,1,
7290108356397,false,כיף תחליב רחצה בניחוח מלבי מפנק 700מ,החב הדרומית לשיווק,,,"י""ח",700,"ל  מ""ל",false,1,13.90,1.99,false,1,
7290108356403,false,כיף תחליב רחצה בניחוח עוגת חד קרן 700מ,החב הדרומית לשיווק,,,"י""ח",700,"ל  מ""ל",false,1,13.90,1.99,false,1,
7290108356519,false,קרליין שמפו 10  שיער רגיל 700.,החב הדרומית לשיווק,,,"י""ח",700,"ל  מ""ל",false,1,14.90,2.13,true,1,
7290108356526,false,קרליין שמפו 10  שיער יבש 700.,החב הדרומית לשיווק,,,"י""ח",700,"ל  מ""ל",false,1,14.90,2.13,true,1,
7290108356533,false,קרליין שמפו 10  שיער מתולתל 700.,החב הדרומית לשיווק,,,"י""ח",700,"ל  מ""ל",false,1,14.90,2.13,true,1,
7290108356557,false,קרליין שמפו 10 למניעת קשקשים 700.,החב הדרומית לשיווק,,,"י""ח",700,"ל  מ""ל",false,1,14.90,2.13,true,1,
7290108356564,false,קרליין מרכך 10 לשיער רגיל 700,החב הדרומית לשיווק,,,"י""ח",700,"ל  מ""ל",false,1,14.90,2.13,true,1,
7290108356571,false,קרליין מרכך 10 לשיער יבש 700,החב הדרומית לשיווק,,,"י""ח",700,"ל  מ""ל",false,1,14.90,2.13,true,1,
7290108356588,false,קרליין מרכך 10 לשיער מתולתל 700,החב הדרומית לשיווק,,,"י""ח",700,"ל  מ""ל",false,1,14.90,2.13,true,1,
7290108356854,false,בייבי כיף מגבונים 1/5 בניחוח עדין,החב הדרומית לשיווק,,,"י""ח",1,,false,1,19.90,19.90,false,1,
7290108356861,false,בייבי כיף מגבונים 1/5 ללא בישום,החב הדרומית לשיווק,,,"י""ח",1,,false,1,19.90,19.90,false,1,
7290108357059,false,"קרליין רולאון נושם ביו 75מ""ל",החב הדרומית לשיווק,,,"י""ח",75,ל  גרם,false,1,12.90,17.20,false,1,
7290108357196,false,סנו גט תרסיס  פלוס לניקוי כללי+תמצית עץ,החב הדרומית לשיווק,,,"י""ח",750,"ל  מ""ל",false,1,16.90,2.25,false,1,
7290108357202,false,סנו קליר אקדח בניחוח בלו בלוסום 1ליטר,החב הדרומית לשיווק,,,"י""ח",1,ליטר,false,1,11.90,11.90,false,1,
7290108357240,false,"סנו אוקסיג ן POWER אבקה 1.4ק""ג",החב הדרומית לשיווק,,,"י""ח",1.40,"ק""ג",false,1,31.90,22.79,false,1,
7290108357295,false,סנו אוקסיגאן מסיר בתרסיס מרסס,החב הדרומית לשיווק,,,"י""ח",750,"ל  מ""ל",false,1,17.70,2.36,false,1,
7290108357301,false,K-300 סנו 300מל,החב הדרומית לשיווק,,,"י""ח",300,"ל  מ""ל",false,1,10.90,3.63,false,1,
7290108357394,false,"תחליב רחצה וניל ופלפל ורוד קרמה 700מ""ל",החב הדרומית לשיווק,,,"י""ח",700,ל  גרם,false,1,17.90,2.56,false,1,
7290108357400,false,תחליב רחצה לבנדר ואקליפטוס קרמה 700,החב הדרומית לשיווק,,,"י""ח",700,ל  גרם,false,1,17.90,2.56,false,1,
7290108357653,false,סנובון ג ל אסלה שלישייה אוקיינוס Bubbl,החב הדרומית לשיווק,,,"י""ח",65,"ל  מ""ל",false,1,15.90,24.46,false,1,
7290108357660,false,סנובון ג ל אסלה שלישייה לבנדר  Bubbles,החב הדרומית לשיווק,,,"י""ח",65,"ל  מ""ל",false,1,15.90,24.46,false,1,
7290108357745,false,"כיף שמפו ומרכך 2+1 תאנה ומנטה700מ""ל",החב הדרומית לשיווק,,,"י""ח",700,"ל  מ""ל",false,1,13.90,1.99,false,1,
7290108357769,false,"כיף מרכך שיער רגיל תפוח ציה 700מ""ל",החב הדרומית לשיווק,,,"י""ח",700,"ל  מ""ל",false,1,13.90,1.99,false,1,
7290108357837,false,כיף אל סבון שקית מילוי+פקק  1ל,החב הדרומית לשיווק,,,"י""ח",1,ליטר,false,1,8.90,8.90,false,1,
7290108357844,false,כיף אל סבון שקית מילוי+פקק  1ל,החב הדרומית לשיווק,,,"י""ח",1,ליטר,false,1,8.90,8.90,false,1,
7290108357875,false,"כיף שמפו לחות מוגברת עם אפרסק 700מ""ל",החב הדרומית לשיווק,,,"י""ח",700,"ל  מ""ל",false,1,13.90,1.99,false,1,
7290108358070,false,"תחליב רחצה קלאסי קרמה 700מ""ל.",החב הדרומית לשיווק,,,"י""ח",700,ל  גרם,false,1,17.90,2.56,false,1,
7290108358087,false,"תחליב רחצה מאסק קרמה 700מ""ל.",החב הדרומית לשיווק,,,"י""ח",700,ל  גרם,false,1,17.90,2.56,false,1,
7290108359008,false,סנו סושי שקיות זיפר 15יח L,החב הדרומית לשיווק,,,"י""ח",1,,false,1,14.90,14.90,false,1,
7290108359176,false,ממחטות אף שכבות לושן צמד 2*100,החב הדרומית לשיווק,,,"י""ח",650,ל  גרם,false,1,13.90,2.14,true,1,
7290108359824,false,"בייבי כיף קרם גוף 500מ""ל",החב הדרומית לשיווק,,,"י""ח",500,"ל  מ""ל",false,1,19.90,3.98,false,1,
7290108359879,false,"בייבי כיף אל סבון 750מ""ל",החב הדרומית לשיווק,,,"י""ח",750,"ל  מ""ל",false,1,17.90,2.39,false,1,
7290108359985,false,סנו ג`אבל קצף ניקוי בתוספת אקונומיקה,החב הדרומית לשיווק,,,"י""ח",1,ליטר,false,1,19.90,19.90,false,1,
7290108500677,false,כבד דג שיבוט  115גר`,ג.וילי פוד אינטרנשיונל בעמ,,,"י""ח",115,ל  גרם,false,1,9.50,8.26,true,1,
7290108501346,false,גבינת גאודה מגורדת 500ג 28% ויליפוד,ג.וילי פוד אינטרנשיונל בעמ,,,"י""ח",500,ל  גרם,false,1,24.90,4.98,false,1,
7290108501377,false,שפרוטים  מעושנים בשמן מריגה 160ג,ג.וילי פוד אינטרנשיונל בעמ,,,"י""ח",160,ל  גרם,false,1,10.50,6.56,false,1,
7290108501490,false,גבינת מוצרלה פרוסות 150גר ויליפוד,ג.וילי פוד אינטרנשיונל בעמ,,,"י""ח",150,ל  גרם,false,1,12.90,8.60,false,1,
7290108501827,false,קדאיף שערות בצק 450ג,ג.וילי פוד אינטרנשיונל בעמ,,,"י""ח",450,ל  גרם,false,1,19.90,4.42,false,1,
7290108502329,false,נתחי טונה  בשמן זית 160גר *4,ג.וילי פוד אינטרנשיונל בעמ,,,"י""ח",640,ל  גרם,false,1,26.90,4.20,false,1,
7290108502725,false,גבינת גאודה פרוסות 400ג ויליפוד,ג.וילי פוד אינטרנשיונל בעמ,,,"י""ח",120,ל  גרם,false,1,20.90,17.42,false,1,
7290108502763,false,גבינת קממבר 200גר ויליפוד.,ג.וילי פוד אינטרנשיונל בעמ,,,"י""ח",200,ל  גרם,false,1,19.90,9.95,false,1,
7290108502862,false,מלפפונים כבושים במלח 18-25 600ג,ג.וילי פוד אינטרנשיונל בעמ,,,"י""ח",600,ל  גרם,false,1,9.90,1.65,false,1,
7290108503067,false,פרמזנו משולש 150ג ויליפוד,ג.וילי פוד אינטרנשיונל בעמ,,,"י""ח",150,ל  גרם,false,1,17.90,11.93,false,1,
7290108503982,false,פרוסות גבינה בטעם צ`דר 150ג,ג.וילי פוד אינטרנשיונל בעמ,,,"י""ח",150,ל  גרם,false,1,11.90,7.93,true,1,
7290108503999,false,פרוסות גבינה בטעם גאודה 150ג,ג.וילי פוד אינטרנשיונל בעמ,,,"י""ח",150,ל  גרם,false,1,10.90,7.27,true,1,
7290108504279,false,קשקבל צ`אנק 150 גרם,ג.וילי פוד אינטרנשיונל בעמ,,,"י""ח",150,ל  גרם,false,1,16.90,11.27,true,1,
7290108504293,false,מנצ`גו צ`אנק  150 גרם ויליפוד,ג.וילי פוד אינטרנשיונל בעמ,,,"י""ח",150,ל  גרם,false,1,20.90,13.93,true,1,
7290108505160,false,יוגורט עם אגסים 150גר 4% שומן,ג.וילי פוד אינטרנשיונל בעמ,,,"י""ח",150,ל  גרם,false,1,5.50,3.67,true,1,
7290108505207,false,יוגורט עם אוכמניות 150גר 0% שומן,ג.וילי פוד אינטרנשיונל בעמ,,,"י""ח",150,ל  גרם,false,1,5.90,3.93,true,1,
7290108505490,false,דונאטס קפוא ויליפוד,ג.וילי פוד אינטרנשיונל בעמ,,,"י""ח",1,,false,1,5.90,5.90,true,1,
7290108505719,false,גבינת מוצרלה מגורדת חצי קשה 200ג,ג.וילי פוד אינטרנשיונל בעמ,,,"י""ח",200,ל  גרם,false,1,13.90,6.95,false,1,
7290108506426,false,סימיט- בייגלה 400 גרם קפוא,ג.וילי פוד אינטרנשיונל בעמ,,,"י""ח",400,ל  גרם,false,1,17.90,4.48,true,1,
7290108506495,false,כנאפה קפוא 192.5 גרם קפוא,ג.וילי פוד אינטרנשיונל בעמ,,,"י""ח",192,ל  גרם,false,1,13.90,7.24,true,1,
7290108507065,false,גבינת פרמגיאנו מגורדת 100ג,ג.וילי פוד אינטרנשיונל בעמ,,,"י""ח",100,ל  גרם,false,1,12.90,12.90,false,1,
7290108508499,false,"איירן משקה יוגורט טורקי 293מ""ל",ג.וילי פוד אינטרנשיונל בעמ,,,"י""ח",293,ל  גרם,false,1,5.90,2.01,true,1,
7290108508703,false,טורטיה ללא גלוטן 270גר,ג.וילי פוד אינטרנשיונל בעמ,,,"י""ח",270,ל  גרם,false,1,9.90,3.67,true,1,
7290108508970,false,תה ג רבה 500 ג,ג.וילי פוד אינטרנשיונל בעמ,,,"י""ח",500,ל  גרם,false,1,19.70,3.94,true,1,
7290108509113,false,גבינה בולגרית מעודנת 250גר 18% שומן`,ג.וילי פוד אינטרנשיונל בעמ,,,"י""ח",250,ל  גרם,false,1,13.90,5.56,true,1,
7290108509137,false,גבינה בולגרית מעודנת 250גר 5% שומן`,ג.וילי פוד אינטרנשיונל בעמ,,,"י""ח",250,ל  גרם,false,1,13.90,5.56,false,1,
7290108509212,false,חטיף אורז אפוי ירקות  לתינוק 50ג,ג.וילי פוד אינטרנשיונל בעמ,,,"י""ח",50,ל  גרם,false,1,11.90,23.80,false,1,
7290108509229,false,חטיף אורז אפוי בננה  לתינוק 50ג,ג.וילי פוד אינטרנשיונל בעמ,,,"י""ח",50,ל  גרם,false,1,11.90,23.80,false,1,
7290108509267,false,ארוחת פסטה עם רוטב גבינה 206גר,ג.וילי פוד אינטרנשיונל בעמ,,,"י""ח",206,ל  גרם,false,1,7.90,3.83,true,1,
7290108509359,false,פופקורן בציפוי בטעם קרמל 90גר,ג.וילי פוד אינטרנשיונל בעמ,,,"י""ח",90,ל  גרם,false,1,6.90,7.67,true,1,
7290108509571,false,גבינה מלוחה עם צ`ילי 24% שומן 153גר,ג.וילי פוד אינטרנשיונל בעמ,,,"י""ח",153,ל  גרם,false,1,15.90,10.39,false,1,
7290108509700,false,"אורז בסגנון פרסי 1ק""ג DAAWAT",ג.וילי פוד אינטרנשיונל בעמ,,,"י""ח",1,"ק""ג",false,1,9.90,9.90,false,1,
7290108509755,false,גבינה חלומי 250ג 23% שומן,ג.וילי פוד אינטרנשיונל בעמ,,,"י""ח",250,ל  גרם,false,1,24.90,9.96,false,1,
7290108509816,false,גבינת בייבי מוצרלה 22% 200ג.,ג.וילי פוד אינטרנשיונל בעמ,,,"י""ח",200,ל  גרם,false,1,15.90,7.95,false,1,
7290108509908,false,מנת השף אטריות טעם ירקות 85ג,ג.וילי פוד אינטרנשיונל בעמ,,,"י""ח",85,ל  גרם,false,1,3.90,4.59,true,1,
7290108509915,false,מנת השף אטריות טעם סיני פיקנטי 85ג,ג.וילי פוד אינטרנשיונל בעמ,,,"י""ח",85,ל  גרם,false,1,3.90,4.59,true,1,
7290108509922,false,מנת השף אטריות טעם עוף 85ג,ג.וילי פוד אינטרנשיונל בעמ,,,"י""ח",85,ל  גרם,false,1,3.90,4.59,true,1,
7290108509939,false,פרוסות פילה טונה 120גר,ג.וילי פוד אינטרנשיונל בעמ,,,"י""ח",120,ל  גרם,false,1,12.90,10.75,true,1,
7290108509960,false,נתחי טונה  בהירה שלישייה 80ג בשמן זית,ג.וילי פוד אינטרנשיונל בעמ,,,"י""ח",240,ל  גרם,false,1,14.90,6.21,false,1,
7290108509991,false,"רוטב טריאקי 300מ""ל",ג.וילי פוד אינטרנשיונל בעמ,,,"י""ח",300,ל  גרם,false,1,8.90,2.97,false,1,
7290109351025,false,חומוס טחינה 400ג צבר,קבוצת אוסם סחר-שות.מוגבלת,,,"י""ח",400,ל  גרם,false,1,15.80,3.95,true,1,
7290109351209,false,"לה פרוטה אננס תפוז 70ג כשל""פ",נגה גלידות,,,"י""ח",70,ל  גרם,false,1,7.90,11.29,true,1,
7290109351957,false,פיטנס פריכיות גדולות 100גר,קבוצת אוסם סחר-שות.מוגבלת,,,"י""ח",100,ל  גרם,false,1,9.70,9.70,false,1,
7290109354101,false,לחמית ללא גלוטן 200גר,קבוצת אוסם סחר-שות.מוגבלת,,,"י""ח",200,ל  גרם,false,1,9.90,4.95,true,1,
7290109354972,false,פתי בר קלאסי ללא גלוטן 200גר,קבוצת אוסם סחר-שות.מוגבלת,,,"י""ח",200,ל  גרם,false,1,12.90,6.45,true,1,
7290109354996,false,פתי בר שוקו  ללא גלוטן 200גר,קבוצת אוסם סחר-שות.מוגבלת,,,"י""ח",200,ל  גרם,false,1,12.90,6.45,true,1,
7290109358130,false,לה פרוטה מאגדת יוגורט פירות 8*60ג,נגה גלידות,,,"י""ח",680,ל  גרם,false,1,26.90,3.96,false,1,
7290109358284,false,שניצל תירס עם חלבון  664 גרם,קבוצת אוסם סחר-שות.מוגבלת,,,"י""ח",664,ל  גרם,false,1,38.90,5.86,true,1,
7290109358482,false,קרמוגית במילוי חלווה 200גר,קבוצת אוסם סחר-שות.מוגבלת,,,"י""ח",200,ל  גרם,false,1,11.90,5.95,true,1,
7290109580043,false,"שניצל תירס 1.75ק""ג בד""ץ",זוגלובק שיווק בעמ,,,"י""ח",1.75,"ק""ג",false,1,49.90,28.51,false,1,
7290109580067,false,טחון 340גר Wonders,זוגלובק שיווק בעמ ו/או וונדרס,,,"י""ח",340,ל  גרם,false,1,29.90,8.79,true,1,
7290109580098,false,קבנוס טעם סרירצ`ה 135גרם,זוגלובק שיווק בעמ,,,"י""ח",135,ל  גרם,false,1,12.50,9.26,false,1,
7290109580104,false,רוסטביף 150ג פרימיום.,זוגלובק שיווק בעמ,,,"י""ח",150,ל  גרם,false,1,22.90,15.27,false,1,
7290109580111,false,צלעות אסאדו פרימיום   120גר`,זוגלובק שיווק בעמ,,,"י""ח",120,ל  גרם,false,1,22.90,19.08,false,1,
7290109580135,false,קורנדביף 180 גרם פרימיום.,זוגלובק שיווק בעמ,,,"י""ח",180,ל  גרם,false,1,22.90,12.72,false,1,
7290109580142,false,"נקניקיות מן הצומח 1.75 ק""ג בד""ץ",זוגלובק שיווק בעמ,,,"י""ח",1.75,"ק""ג",false,1,49.90,28.51,false,1,
7290109580166,false,סרוולד קלאסי 150ג פרימיום.,זוגלובק שיווק בעמ,,,"י""ח",150,ל  גרם,false,1,22.90,15.27,false,1,
7290109580234,false,נקניקיות מרגז 226גר WONDERS,זוגלובק שיווק בעמ ו/או וונדרס,,,"י""ח",226,ל  גרם,false,1,29.90,13.23,false,1,
7290109580241,false,נאגטס מן הצומח 500ג,זוגלובק שיווק בעמ,,,"י""ח",0.50,"ק""ג",false,1,22.90,45.80,false,1,
7290109580302,false,מארז תה מעושן 350גר+ח.עוף 350גר בית יו.,זוגלובק שיווק בעמ,,,"י""ח",700,ל  גרם,false,1,31.90,4.56,false,1,
7290109580357,false,מארז חרמון 300גר+חרמון ברביקיו 300גר .,זוגלובק שיווק בעמ,,,"י""ח",600,ל  גרם,false,1,35.90,5.98,false,1,
7290109640198,false,מגורדת לפיצה ואפיה  200גר משומשו,קפוא זן תעשיות מזון בעמ,,,"י""ח",200,ל  גרם,false,1,21.90,10.95,false,1,
7290109640372,false,ממרח עם זיתים 9% שומן 200גר משומשו,קפוא זן תעשיות מזון בעמ,,,"י""ח",200,ל  גרם,false,1,14.90,7.45,false,1,
7290109640396,false,ממרח עם שום שמיר 9% שומן 200גר משומשו,קפוא זן תעשיות מזון בעמ,,,"י""ח",200,ל  גרם,false,1,14.90,7.45,false,1,
7290109640402,false,ממרח בטעם טבעי 9% שומן 200גר משומשו,קפוא זן תעשיות מזון בעמ,,,"י""ח",200,ל  גרם,false,1,14.90,7.45,false,1,
7290109640648,false,ממרח בטעם חמאה 150גר משומשו,קפוא זן תעשיות מזון בעמ,,,"י""ח",150,ל  גרם,false,1,12.90,8.60,false,1,
7290109920146,false,"דורגול קומקום 750מ""ל",יעקב יעקבי ובניו בעמ,,,"י""ח",750,"ל  מ""ל",false,1,19.90,2.65,false,1,
7290109920627,false,אסטוניש  קרם אמבט 550+ניקוי אקונומיק 5.,יעקב יעקבי ובניו בעמ,,,"י""ח",500,"ל  מ""ל",false,1,19.90,3.98,false,1,
7290109920665,false,אסטוניש מרסס מסיר אוכל שרוף במטבח,יעקב יעקבי ובניו בעמ,,,"י""ח",750,"ל  מ""ל",false,1,16.90,2.25,true,1,
7290109920849,false,אסטוניש מרסס תפוז לניקוי רב תכליתי,יעקב יעקבי ובניו בעמ,,,"י""ח",750,"ל  מ""ל",false,1,16.90,2.25,true,1,
7290109921853,false,אסטוניש משחת פרימיום עם עוצמה 150גר,יעקב יעקבי ובניו בעמ,,,"י""ח",150,"ל  מ""ל",false,1,14.90,9.93,false,1,
7290109922881,false,"דורגול מרסס למטבח 600מ""ל",יעקב יעקבי ובניו בעמ,,,"י""ח",600,"ל  מ""ל",false,1,24.90,4.15,false,1,
7290109923147,false,אסטוניש מהדורה פרימיום פלא,יעקב יעקבי ובניו בעמ,,,"י""ח",500,"ל  מ""ל",false,1,14.90,2.98,false,1,
7290110000493,false,חמאה בוטנים350 גרם,בטר אנד דיפרנט בעמ,,,"י""ח",350,ל  גרם,false,1,13.90,3.97,false,1,
7290110002039,false,חיטה תפוחה עם קקאו 400 גר(שלווה),בטר אנד דיפרנט בעמ,,,"י""ח",400,ל  גרם,false,1,13.90,3.48,false,1,
7290110002107,false,דגניות בטעם נוגט 550גר ללא גלוטן,בטר אנד דיפרנט בעמ,,,"י""ח",550,ל  גרם,false,1,20.90,3.80,false,1,
7290110050467,false,"בקבוק שתייה דגם שקוף 700מ""ל ספיידרמן",שמחה זה אנחנו,,,"י""ח",1,,false,1,29.90,29.90,false,1,
7290110059545,false,"בקבוק נירוסטה מעוצב 500מ""ל ספידרמן",שמחה זה אנחנו,,,"י""ח",1,,false,1,29.90,29.90,false,1,
7290110110277,false,"משקה סומרסבי 330מ""ל 1/4",החברה המרכזית להפצת משקאות בעמ,,,"י""ח",1.32,ליטר,false,1,31.90,23.26,true,1,
7290110110369,false,"קרלסברג Luma  שישיות}330מ""ל",החברה המרכזית להפצת משקאות בעמ,,,"י""ח",1.98,ליטר,false,1,39.90,19.24,true,1,
7290110110574,false,פחית קוקה קולה זירו לימון סליק,החברה המרכזית להפצת משקאות בעמ,,,"י""ח",330,"ל  מ""ל",false,1,4.50,1.27,true,1,
7290110110635,false,"ספרייט 500 ח""פ",החברה המרכזית להפצת משקאות בעמ,,,"י""ח",500,"ל  מ""ל",false,1,5.90,1.12,true,1,
7290110110659,false,"פחית ספרייט 330מ""ל",החברה המרכזית להפצת משקאות בעמ,,,"י""ח",330,"ל  מ""ל",false,1,4.50,1.27,true,1,
7290110111564,false,"פאוורייד סיטרוס בטעם הדרים 500מ""ל פח",החברה המרכזית להפצת משקאות בעמ,,,"י""ח",500,"ל  מ""ל",false,1,9.90,1.92,true,1,
7290110113377,false,קוקה קולה 1ליטר רביעייה,החברה המרכזית להפצת משקאות בעמ,,,"י""ח",4,ליטר,false,1,29.90,7.18,false,1,
7290110113384,false,קוקה קולה זירו  1ליטר רביעייה,החברה המרכזית להפצת משקאות בעמ,,,"י""ח",4,ליטר,false,1,29.90,7.18,false,1,
7290110113926,false,פאנטה ZERO  אורנג` 0.5ליטר,החברה המרכזית להפצת משקאות בעמ,,,"י""ח",500,"ל  מ""ל",false,1,6.20,1.18,true,1,
7290110114787,false,נביעות בטעם תפוח עדין 1.5ליטר,החברה המרכזית להפצת משקאות בעמ,,,"י""ח",1.50,ליטר,false,1,8.90,5.73,false,1,
7290110114794,false,נביעות בטעם אפרסק עדין 1.5ליטר,החברה המרכזית להפצת משקאות בעמ,,,"י""ח",1.50,ליטר,false,1,8.90,5.73,false,1,
7290110114800,false,נביעות בטעם ענבים עדין 1.5ליטר,החברה המרכזית להפצת משקאות בעמ,,,"י""ח",1.50,ליטר,false,1,8.90,5.73,false,1,
7290110114855,false,~נביעות 1.5 ליטר שישיה,החברה המרכזית להפצת משקאות בעמ,,,"י""ח",9,ליטר,false,1,13,1.24,false,1,
7290110114893,false,פריגת מיץ סחוט תפוז 2 ליטר,*החברה המרכזית להפצת משקאותבעמ,,,"י""ח",2,ליטר,false,1,28.90,14.30,false,1,
7290110114954,false,מיץ תפוזים מתקתק 100% 2ל.,*החברה המרכזית להפצת משקאותבעמ,,,"י""ח",2,ליטר,false,1,20.90,10.30,false,1,
7290110114961,false,פריגת תפוזים 1.5 ליטר,החברה המרכזית להפצת משקאות בעמ,,,"י""ח",1.50,ליטר,false,1,9,5.80,false,1,
7290110114985,false,פריגת אשכולית 1.5 ליטר,החברה המרכזית להפצת משקאות בעמ,,,"י""ח",1.50,ליטר,false,1,9,5.80,false,1,
7290110114992,false,פריגת אשכולית לייט 1.5 ליטר,החברה המרכזית להפצת משקאות בעמ,,,"י""ח",1.50,ליטר,false,1,8.50,5.47,false,1,
7290110115005,false,פריגת ענבים 1.5 ליטר,החברה המרכזית להפצת משקאות בעמ,,,"י""ח",1.50,ליטר,false,1,9,5.80,false,1,
7290110115036,false,פריגת מנגו 1.5 ליטר,החברה המרכזית להפצת משקאות בעמ,,,"י""ח",1.50,ליטר,false,1,9,5.80,false,1,
7290110115043,false,פריגת לימונענע 1.5 ליטר,החברה המרכזית להפצת משקאות בעמ,,,"י""ח",1.50,ליטר,false,1,9,5.80,false,1,
7290110115050,false,פריגת מיקס תות בננה 1.5 ליטר,החברה המרכזית להפצת משקאות בעמ,,,"י""ח",1.50,ליטר,false,1,9,5.80,false,1,
7290110115081,false,פריגת צלול ענבים 1.5 ל,החברה המרכזית להפצת משקאות בעמ,,,"י""ח",1.50,ליטר,false,1,8.60,5.53,false,1,
7290110115104,false,פריגת צלול אפרסק 1.5 ל,החברה המרכזית להפצת משקאות בעמ,,,"י""ח",1.50,ליטר,false,1,8.60,5.53,false,1,
7290110115111,false,פריגת צלול אננס 1.5 ל,החברה המרכזית להפצת משקאות בעמ,,,"י""ח",1.50,ליטר,false,1,8.60,5.53,false,1,
7290110115128,false,פריגת צלול בטעם לימונענע 1.5 ל,החברה המרכזית להפצת משקאות בעמ,,,"י""ח",1.50,ליטר,false,1,8.60,5.53,false,1,
7290110115180,false,נביעות 1.5 ליטר,החברה המרכזית להפצת משקאות בעמ,,,"י""ח",1.50,ליטר,false,1,3.10,1.87,false,1,
7290110115203,false,קוקה קולה 1.5 ליטר,החברה המרכזית להפצת משקאות בעמ,,,"י""ח",150,"ל  מ""ל",false,1,8.90,5.73,false,1,
7290110115210,false,דיאט קוקה קולה 1.5 ליטר,החברה המרכזית להפצת משקאות בעמ,,,"י""ח",1.50,ליטר,false,1,8.30,5.33,false,1,
7290110115227,false,קוקה קולה ZERO 1.5 ל,החברה המרכזית להפצת משקאות בעמ,,,"י""ח",1.50,ליטר,false,1,8.80,5.67,false,1,
7290110115234,false,קוקה קולה ZERO נטול1.5ליטר,החברה המרכזית להפצת משקאות בעמ,,,"י""ח",1.50,ליטר,false,1,8.30,5.33,false,1,
7290110115241,false,קוקה קולה ZERO 1.5 ל לימון,החברה המרכזית להפצת משקאות בעמ,,,"י""ח",1.50,ליטר,false,1,8.60,5.53,false,1,
7290110115265,false,ספרייט 1.5ליטר,החברה המרכזית להפצת משקאות בעמ,,,"י""ח",1.50,ליטר,false,1,9,5.80,true,1,
7290110115272,false,ספרייט ZERO בק 1.5ליטר,החברה המרכזית להפצת משקאות בעמ,,,"י""ח",1.50,ליטר,false,1,9,5.80,true,1,
7290110115289,false,ספרייט לימון נענע  1.5ל.,החברה המרכזית להפצת משקאות בעמ,,,"י""ח",1.50,ליטר,false,1,9,5.80,true,1,
7290110115296,false,פאנטה 1.5 ליטר(אורנג  ),החברה המרכזית להפצת משקאות בעמ,,,"י""ח",1.50,ליטר,false,1,8.50,5.47,true,1,
7290110115302,false,פאנטה ZERO  אורנג` 1.5 ליטר,החברה המרכזית להפצת משקאות בעמ,,,"י""ח",1.50,ליטר,false,1,8.30,5.33,true,1,
7290110115319,false,פאנטה אקזוטי 1.5 ליטר,החברה המרכזית להפצת משקאות בעמ,,,"י""ח",1.50,ליטר,false,1,8.50,5.47,true,1,
7290110115340,false,פאנטה ענבים 1.5ל,החברה המרכזית להפצת משקאות בעמ,,,"י""ח",1.50,ליטר,false,1,8.50,5.47,true,1,
7290110115357,false,סודה קינלי 1.5 ליטר,החברה המרכזית להפצת משקאות בעמ,,,"י""ח",1.50,ליטר,false,1,3.30,2,false,1,
7290110115364,false,קוקה קולה שישיות 1.5 ליטר.,החברה המרכזית להפצת משקאות בעמ,,,"י""ח",9,ליטר,false,1,49.90,5.34,false,1,
7290110115371,false,קוקה קולה דיאט שישיות 1.5 ליטר.,החברה המרכזית להפצת משקאות בעמ,,,"י""ח",9,ליטר,false,1,46.70,4.99,false,1,
7290110115388,false,ספרייט שישיות ליים 1.5 ליטר,החברה המרכזית להפצת משקאות בעמ,,,"י""ח",9,ליטר,false,1,49.90,5.34,false,1,
7290110115395,false,ספרייט ZERO שישיות 1.5 ליטר,החברה המרכזית להפצת משקאות בעמ,,,"י""ח",9,ליטר,false,1,46.90,5.01,false,1,
7290110115401,false,קינלי סודה שישיה 1.5ל,החברה המרכזית להפצת משקאות בעמ,,,"י""ח",9,ליטר,false,1,16.90,1.68,true,1,
7290110115418,false,קוקה קולה ZIRO 1.5 ל שישייה,החברה המרכזית להפצת משקאות בעמ,,,"י""ח",9,ליטר,false,1,47.90,5.12,false,1,
7290110115425,false,תה לימון נענע  1.5 FUZE-T,החברה המרכזית להפצת משקאות בעמ,,,"י""ח",1.50,ליטר,false,1,9.50,6.13,true,1,
7290110115449,false,תה מנגו אננס  1.5 FUZE-T,החברה המרכזית להפצת משקאות בעמ,,,"י""ח",1.50,ליטר,false,1,9.50,6.13,true,1,
7290110115463,false,תה אפרסק  1.5 FUZE-T,החברה המרכזית להפצת משקאות בעמ,,,"י""ח",1.50,ליטר,false,1,9.50,6.13,true,1,
7290110115494,false,תה דיאט ענבים 1.5 FUZE-T,החברה המרכזית להפצת משקאות בעמ,,,"י""ח",1.50,ליטר,false,1,9.50,6.13,true,1,
7290110115593,false,פריגת אשכולית 40% פחות סוכר 1.5 ליטר,החברה המרכזית להפצת משקאות בעמ,,,"י""ח",1.50,ליטר,false,1,9,5.80,false,1,
7290110115623,false,תה אפרסק  1.5 FUZE-T zero,החברה המרכזית להפצת משקאות בעמ,,,"י""ח",1.50,ליטר,false,1,8.90,5.73,true,1,
7290110116064,false,פאנטה ZERO פירות ירוק 1.5 ליטר,החברה המרכזית להפצת משקאות בעמ,,,"י""ח",1.50,ליטר,false,1,8.50,5.47,true,1,
7290110116125,false,"סירופ טעם פטל 750מ""ל",החברה המרכזית להפצת משקאות בעמ,,,"י""ח",750,"ל  מ""ל",false,1,23.60,3.15,true,1,
7290110116132,false,"סירופ טעם לימון 750מ""ל",החברה המרכזית להפצת משקאות בעמ,,,"י""ח",750,"ל  מ""ל",false,1,23.60,3.15,true,1,
7290110116149,false,"סירופ טעם ענבים 750מ""ל",החברה המרכזית להפצת משקאות בעמ,,,"י""ח",750,"ל  מ""ל",false,1,23.60,3.15,true,1,
7290110116194,false,נביעות רכיבי פרי לימון ליים 0% 1.5ליטר,החברה המרכזית להפצת משקאות בעמ,,,"י""ח",1.50,ליטר,false,1,9.50,6.13,false,1,
7290110116217,false,נביעות רכיבי פרי אשכולית 0% 1.5ליטר,החברה המרכזית להפצת משקאות בעמ,,,"י""ח",1.50,ליטר,false,1,9.50,6.13,false,1,
7290110116385,false,פחית סטפאני מרשמלו זירו אבטיח תות  סליק,החברה המרכזית להפצת משקאות בעמ,,,"י""ח",330,"ל  מ""ל",false,1,4.50,1.27,true,1,
7290110116392,false,"סירופ טעם תפוזים 750מ""ל",החברה המרכזית להפצת משקאות בעמ,,,"י""ח",750,"ל  מ""ל",false,1,23.60,3.15,true,1,
7290110116484,false,פריגת מיקס תות 1ליטר,*החברה המרכזית להפצת משקאותבעמ,,,"י""ח",1,ליטר,false,1,17.90,17.90,false,1,
7290110116491,false,פריגת מיקס 1ליטר,*החברה המרכזית להפצת משקאותבעמ,,,"י""ח",1,ליטר,false,1,17.90,17.90,false,1,
7290110116507,false,פריגת מיקס אננס 1ליטר,*החברה המרכזית להפצת משקאותבעמ,,,"י""ח",1,ליטר,false,1,17.90,17.90,false,1,
7290110116514,false,"פריגת מיקס תות 400מ""ל",*החברה המרכזית להפצת משקאותבעמ,,,"י""ח",400,"ל  מ""ל",false,1,9.90,2.40,false,1,
7290110116521,false,"פריגת מיקס 400מ""ל",*החברה המרכזית להפצת משקאותבעמ,,,"י""ח",400,"ל  מ""ל",false,1,9.90,2.40,false,1,
7290110116552,false,ספרייט 1.5ליטר Lemon hit,החברה המרכזית להפצת משקאות בעמ,,,"י""ח",1.50,ליטר,false,1,9,5.80,true,1,
7290110116569,false,ספרייט ZERO בק 1.5ליטר Lemon hit,החברה המרכזית להפצת משקאות בעמ,,,"י""ח",1.50,ליטר,false,1,9,5.80,true,1,
7290110320591,false,בולגרית מועדנת פיראוס 16% 250גר,תנובה בעמ ***,,,"י""ח",250,ל  גרם,false,1,23.90,9.56,false,1,
7290110320850,false,פתיתי עמק 28% שומן 200ג,תנובה בעמ ***,,,"י""ח",200,ל  גרם,false,1,15.80,7.90,false,1,
7290110320867,false,פתיתי עמק למאפים 28% שומן 500ג,תנובה בעמ ***,,,"י""ח",500,ל  גרם,false,1,37.90,7.58,true,1,
7290110321277,false,קוטג  5% תנובה 100 גרם מהדרין,תנובה בעמ ***,,,"י""ח",100,ל  גרם,false,1,2.90,2.90,false,1,
7290110321284,false,קוטג  9% תנובה 100 גרם מהדרין,תנובה בעמ ***,,,"י""ח",100,ל  גרם,false,1,2.90,2.90,false,1,
7290110321604,false,בולגרית קוביות+תערובת לסלט  232ג,תנובה בעמ ***,,,"י""ח",232,ל  גרם,false,1,23.90,10.30,false,1,
7290110321680,false,יופלה תות  GO 200ג,תנובה בעמ ***,,,"י""ח",200,ל  גרם,false,1,5.80,2.90,true,1,
7290110322014,false,טופו טבעי 300ג,תנובה בעמ ***,,,"י""ח",300,ל  גרם,false,1,12.70,4.23,true,1,
7290110323301,false,טל עמק %32שומן 200ג,תנובה בעמ ***,,,"י""ח",0.80,ליטר,false,1,19.30,24.13,false,1,
7290110323585,false,יופלה דודבן  GO 200ג.,תנובה בעמ ***,,,"י""ח",200,ל  גרם,false,1,5.80,2.90,true,1,
7290110323714,false,משקה קוקוס שקדים 1ל,תנובה בעמ ***,,,"י""ח",1,ליטר,false,1,13.90,13.90,true,1,
7290110324551,false,יופלה טיוב יוגורט  תות   348ג,תנובה בעמ ***,,,"י""ח",348,"ל  מ""ל",false,1,12.90,3.71,false,1,
7290110324872,false,גלבוע  5% שומן 200ג,תנובה בעמ ***,,,"י""ח",200,ל  גרם,false,1,18.70,9.35,false,1,
7290110324926,false,"משקה סויה לל""ס 1  ל` תנובה",תנובה בעמ ***,,,"י""ח",1,ליטר,false,1,11.90,11.90,true,1,
7290110325084,false,מאגדת שמינייה מיני קרלו שונל,תנובה בעמ ***,,,"י""ח",800,"ל  מ""ל",false,1,14.30,1.79,false,1,
7290110325169,false,גאודה פרוסות 170ג,תנובה בעמ ***,,,"י""ח",170,ל  גרם,false,1,19.90,11.71,false,1,
7290110325510,false,יופלה טיוב יוגורט  וניל 348ג,תנובה בעמ ***,,,"י""ח",348,"ל  מ""ל",false,1,12.90,3.71,false,1,
7290110325619,false,משקה ש.שועל  טרי 1ל תנובה,תנובה בעמ ***,,,"י""ח",1,ליטר,false,1,13.90,13.90,true,1,
7290110325893,false,"משקה גו  אייס  קפה 340מ""ל",תנובה בעמ ***,,,"י""ח",340,"ל  מ""ל",false,1,8.40,2.47,false,1,
7290110326210,false,און טופ יופלה פצפוצים 157ג,תנובה בעמ ***,,,"י""ח",150,"ל  מ""ל",false,1,5.40,3.60,true,1,
7290110326333,false,גבינה פרוסות סקנדינבית 175ג,תנובה בעמ ***,,,"י""ח",175,ל  גרם,false,1,18.80,10.74,false,1,
7290110326876,false,לאבנה עיזים 250ג,תנובה בעמ ***,,,"י""ח",250,ל  גרם,false,1,15.90,6.36,false,1,
7290110327811,false,חטיף חלבון GO בטעם קוקוס 20 גרם.,שקד תבל בעמ,,,"י""ח",1,,false,1,11.90,11.90,false,1,
7290110327828,false,חטיף חלבון GO בטעם בוטנים 20 גרם.,שקד תבל בעמ,,,"י""ח",1,,false,1,11.90,11.90,false,1,
7290110328016,false,משקה סויה מ. בחלבון אגוזי לוז 250ג,תנובה בעמ ***,,,"י""ח",0.25,ליטר,false,1,5.90,23.60,false,1,
7290110328504,false,טריו מיקס גבינות 300ג,תנובה בעמ ***,,,"י""ח",300,ל  גרם,false,1,24.90,8.30,false,1,
7290110328627,false,יוגורט גו סמיך 0% בננה קרמל,תנובה בעמ ***,,,"י""ח",200,"ל  מ""ל",false,1,5.90,2.95,true,1,
7290110328641,false,טופו טבעי 500ג 2*250ג,תנובה בעמ ***,,,"י""ח",500,ל  גרם,false,1,21.40,4.28,false,1,
7290110328764,false,יוגורט גו סמיך 0% תות,תנובה בעמ ***,,,"י""ח",200,"ל  מ""ל",false,1,5.90,2.95,true,1,
7290110328771,false,יוגורט גו סמיך 0% פ.יער,תנובה בעמ ***,,,"י""ח",200,"ל  מ""ל",false,1,5.90,2.95,true,1,
7290110328788,false,יוגורט גו סמיך 0% אפרסק,תנובה בעמ ***,,,"י""ח",200,"ל  מ""ל",false,1,5.90,2.95,true,1,
7290110328955,false,קוביות גבינת עזים בשמן מתובל,תנובה בעמ ***,,,"י""ח",350,ל  גרם,false,1,23.90,6.83,false,1,
7290110329136,false,מעדן חלב גו טעם שוקולד 120ג  12ג חלבון,תנובה בעמ ***,,,"י""ח",120,"ל  מ""ל",false,1,4.90,4.08,false,1,
7290110329143,false,מעדן חלב גו טעם וניל 120ג עם 12ג חלבון,תנובה בעמ ***,,,"י""ח",120,"ל  מ""ל",false,1,4.90,4.08,false,1,
7290110329686,false,"משקה גו  טעם עוגיות  340מ""ל.",תנובה בעמ ***,,,"י""ח",340,"ל  מ""ל",false,1,7.50,2.21,false,1,
7290110329792,false,יוגורט סויה ביו אפרסק  150ג,תנובה בעמ ***,,,"י""ח",150,"ל  מ""ל",false,1,4.80,3.20,false,1,
7290110329808,false,יוגורט סויה ביו תות  150ג,תנובה בעמ ***,,,"י""ח",150,"ל  מ""ל",false,1,4.80,3.20,false,1,
7290110329822,false,יוגורט סויה ביו פירות יער 150ג,תנובה בעמ ***,,,"י""ח",150,"ל  מ""ל",false,1,4.80,3.20,false,1,
7290110550370,false,פריכיות משולשות קינואה ופלפל שחור 65גר,שטראוס גרופ בעמ,,,"י""ח",65,ל  גרם,false,1,9.50,14.62,true,1,
7290110552121,false,היוגורט הראשון שלי  100גר,שטראוס גרופ ***בעמ,,,"י""ח",100,"ל  מ""ל",false,1,2.30,2.30,true,1,
7290110552220,false,דנונה פרו 20גר ללא סוכר טעם תות,שטראוס גרופ ***בעמ,,,"י""ח",20,"ל  מ""ל",false,1,5.90,29.50,true,1,
7290110552237,false,דנונה פרו 20גר ללא סוכר טעם אפרסק מנגו,שטראוס גרופ ***בעמ,,,"י""ח",20,"ל  מ""ל",false,1,5.90,29.50,true,1,
7290110553135,false,קפוצינו סטיק וניל 130גר,שטראוס גרופ בעמ,,,"י""ח",130,ל  גרם,false,1,16.90,13,true,1,
7290110553173,false,פריכיות אנרג`י בטעם קרמל 40גר,שטראוס גרופ בעמ,,,"י""ח",40,ל  גרם,false,1,6.90,17.25,true,1,
7290110553180,false,פריכיות אנרג`י בטעם תפוח קינמון 40גר,שטראוס גרופ בעמ,,,"י""ח",40,ל  גרם,false,1,6.90,17.25,true,1,
7290110553623,false,ציטוס קראנץ צ`דר חלפיניו 80ג.,שטראוס פריטו ליי בעמ,,,"י""ח",80,ל  גרם,false,1,4.20,5.25,true,1,
7290110554422,false,רוטב עגבניות ופלפלים לשקשוקה  350גר,שטראוס גרופ בעמ,,,"י""ח",350,ל  גרם,false,1,11.90,3.40,true,1,
7290110554514,false,קפה טורקי אתיופי 100 גרם,שטראוס גרופ בעמ,,,"י""ח",100,ל  גרם,false,1,9.90,9.90,true,1,
7290110554545,false,קפסולות אספרסו לאפוגטו טעם קוקוס,שטראוס גרופ בעמ,,,"י""ח",50,ל  גרם,false,1,19.90,39.80,true,1,
7290110554583,false,מארז ציטוס פאפ גבינה 10*20,שטראוס פריטו ליי בעמ,,,"י""ח",200,ל  גרם,false,1,12.90,6.45,true,1,
7290110554699,false,קפסולות קפה יוניקו למכונת NESPRESSO.,שטראוס גרופ בעמ,,,"י""ח",50,ל  גרם,false,1,19.90,39.80,true,1,
7290110554705,false,קפסולות קפה יוניקו למכונת NESPRESSO.,שטראוס גרופ בעמ,,,"י""ח",50,ל  גרם,false,1,19.90,39.80,true,1,
7290110554712,false,קפסולות קפה יוניקו למכונת NESPRESSO.,שטראוס גרופ בעמ,,,"י""ח",50,ל  גרם,false,1,19.90,39.80,true,1,
7290110555603,false,שוקולוטה ספלנדיד 220 גרם עלית,שטראוס גרופ בעמ,,,"י""ח",220,ל  גרם,false,1,24.90,11.32,true,1,
7290110555665,false,קקאו דל שומן קופסא 220 גרם עלית,שטראוס גרופ בעמ,,,"י""ח",220,ל  גרם,false,1,19.90,9.05,true,1,
7290110556242,false,"שוקולד מריר פרווה בד""ץ 100 ג עלית",שטראוס גרופ בעמ,,,"י""ח",100,ל  גרם,false,1,5.90,5.90,true,1,
7290110557027,false,חומוס הסדרה 50% טחינה 400ג,שטראוס גרופ ***בעמ,,,"י""ח",400,ל  גרם,false,1,12.90,3.23,true,1,
7290110557102,false,מעדן חלב עם שוקולד מועשר בחלבון 150גר,שטראוס גרופ ***בעמ,,,"י""ח",130,ל  גרם,false,1,5,3.85,true,1,
7290110557133,false,מעדן הגולן וניל בודד 125גר,שטראוס גרופ ***בעמ,,,"י""ח",125,ל  גרם,false,1,2.90,2.32,true,1,
7290110557317,false,"היוגורט הראשון שלי ש""ש 100גר",שטראוס גרופ ***בעמ,,,"י""ח",100,"ל  מ""ל",false,1,2.30,2.30,true,1,
7290110557478,false,חומוס גלילי 600גר שטראוס,שטראוס גרופ ***בעמ,,,"י""ח",600,ל  גרם,false,1,11.90,1.98,true,1,
7290110558130,false,דנונה אקטיביה שיבולת שועל ודבש,שטראוס גרופ ***בעמ,,,"י""ח",150,"ל  מ""ל",false,1,4.50,3,true,1,
7290110558154,false,דנונה לייט אנד פריי טעם עוגת תפוחים,שטראוס גרופ ***בעמ,,,"י""ח",150,"ל  מ""ל",false,1,4.50,3,true,1,
7290110558222,false,דנונה WOW בנופי 2.4%  150גר,שטראוס גרופ ***בעמ,,,"י""ח",150,"ל  מ""ל",false,1,4.60,3.07,true,1,
7290110558239,false,דנונה WOW קראק פאי 2.4%  150גר,שטראוס גרופ ***בעמ,,,"י""ח",150,"ל  מ""ל",false,1,4.60,3.07,true,1,
7290110558284,false,דנונה ביו מולטי 200גר,שטראוס גרופ ***בעמ,,,"י""ח",200,"ל  מ""ל",false,1,4.20,2.10,true,1,
7290110558307,false,דנונה פרו 200גר עם שיבולת שועל,שטראוס גרופ ***בעמ,,,"י""ח",200,"ל  מ""ל",false,1,6.30,3.15,true,1,
7290110558314,false,דנונה פרו 20גר ללא סוכר פיסטוק,שטראוס גרופ ***בעמ,,,"י""ח",20,"ל  מ""ל",false,1,5.90,29.50,true,1,
7290110558338,false,דנונה פרו 200גר חלבון,שטראוס גרופ ***בעמ,,,"י""ח",200,"ל  מ""ל",false,1,6.30,3.15,true,1,
7290110558666,false,דניאלה בטעם תפוח,שטראוס גרופ ***בעמ,,,"י""ח",150,"ל  מ""ל",false,1,3.90,2.60,true,1,
7290110559014,false,שועועית שחורה 380גרם טעם הטבע קופסה,שטראוס גרופ בעמ,,,"י""ח",380,ל  גרם,false,1,6.90,1.82,true,1,
7290110559748,false,ריל מאגדת שקדים קוקוס ושוקולד מריר,שטראוס גרופ בעמ,,,"י""ח",105,ל  גרם,false,1,15.90,15.14,true,1,
7290110559762,false,ריל מאגדת אגוזים תמרים קוקוס,שטראוס גרופ בעמ,,,"י""ח",105,ל  גרם,false,1,15.90,15.14,true,1,
7290110560300,false,פריכיות המשולשות פלפל שחור 30גר,שטראוס גרופ בעמ,,,"י""ח",30,ל  גרם,false,1,5,16.67,true,1,
7290110560317,false,פריכיות המשולשות מלח ים 30גר,שטראוס גרופ בעמ,,,"י""ח",30,ל  גרם,false,1,5,16.67,true,1,
7290110560324,false,פריכיות המשולשות אפונה ירוקה 30גר,שטראוס גרופ בעמ,,,"י""ח",30,ל  גרם,false,1,5,16.67,true,1,
7290110561352,false,דנונה דל לקטוז 200גר,שטראוס גרופ ***בעמ,,,"י""ח",200,"ל  מ""ל",false,1,3.50,1.75,true,1,
7290110561604,false,מארז גמדים תות בננה שמינייה,שטראוס גרופ ***בעמ,,,"י""ח",800,ל  גרם,false,1,17.90,2.24,true,1,
7290110563431,false,משקה קפה קר בסגנון קלאסי 1.6%230גר,שטראוס גרופ ***בעמ,,,"י""ח",230,"ל  מ""ל",false,1,7.90,3.43,true,1,
7290110563448,false,משקה קפה קר בסגנון מעודן 1.6%230גר,שטראוס גרופ ***בעמ,,,"י""ח",230,"ל  מ""ל",false,1,7.90,3.43,true,1,
7290110563462,false,חלב נטול לקטוז 2% בקבוק 1ליטר,שטראוס גרופ ***בעמ,,,"י""ח",1,ליטר,false,1,8.90,8.90,true,1,
7290110564339,false,חומוס עשיר ב% -30טחינה 400גר`,שטראוס גרופ ***בעמ,,,"י""ח",400,ל  גרם,false,1,12.90,3.23,true,1,
7290110564360,false,חומוס עשיר ב% -40טחינה 400גר`,שטראוס גרופ ***בעמ,,,"י""ח",400,ל  גרם,false,1,12.90,3.23,true,1,
7290110564742,false,משקה קפה קר בסגנון חזק 1.2%230גר,שטראוס גרופ ***בעמ,,,"י""ח",230,"ל  מ""ל",false,1,7.90,3.43,true,1,
7290110565435,false,לימבו פטל 125גרם,שטראוס גרופ ***בעמ,,,"י""ח",125,ל  גרם,false,1,2.10,1.68,true,1,
7290110565527,false,דנונה פרו 20גר חלבון,שטראוס גרופ ***בעמ,,,"י""ח",20,"ל  מ""ל",false,1,5.90,29.50,true,1,
7290110565572,false,מארז קפה טורקי לדרך עם הל 168גר`,שטראוס גרופ בעמ,,,"י""ח",168,ל  גרם,false,1,18.90,11.25,true,1,
7290110566975,false,דנונה פרו 20גר  תות,שטראוס גרופ ***בעמ,,,"י""ח",20,"ל  מ""ל",false,1,5.90,29.50,true,1,
7290110567057,false,מסטיק בוקסי אקליפטוס 64גר,שטראוס גרופ בעמ,,,"י""ח",66,ל  גרם,false,1,9.90,15,true,1,
7290110568238,false,"קצפת צמחית 21% שומן 250מ""ל",שטראוס גרופ ***בעמ,,,"י""ח",250,"ל  מ""ל",false,1,7.90,3.16,true,1,
7290110568511,false,קונפיטורה פירות יער במתיקות מעודנת,שטראוס גרופ בעמ,,,"י""ח",340,ל  גרם,false,1,11.90,3.50,true,1,
7290110568559,false,מארז דוריטוס חמוץ חריף 10*25גר,שטראוס פריטו ליי בעמ,,,"י""ח",250,ל  גרם,false,1,10.90,4.36,true,1,
7290110570224,false,"משקה קפה קר בטעם עוגיות 230מ""ל",שטראוס גרופ ***בעמ,,,"י""ח",230,"ל  מ""ל",false,1,7.90,3.43,true,1,
7290110570569,false,"פולי אספרסו  עשירים וארומטיים 1ק""ג 08",שטראוס גרופ בעמ,,,"י""ח",1,"ק""ג",false,1,74.90,74.90,true,1,
7290110570576,false,פולי אספרסו  עשירים וארומטיים 500גר}10,שטראוס גרופ בעמ,,,"י""ח",500,ל  גרם,false,1,40.90,8.18,true,1,
7290110570880,false,פולי אספרסו  עשירים וארומטיים 250גר}קפ,שטראוס גרופ בעמ,,,"י""ח",250,ל  גרם,false,1,21.90,8.76,true,1,
7290110571184,false,עדשים חומות 380גרם טעם הטבע קופסה,שטראוס גרופ בעמ,,,"י""ח",380,ל  גרם,false,1,6.90,1.82,true,1,
7290110571382,false,מעדן חלב טעם וניל מועשר בחלבון 150גר,שטראוס גרופ ***בעמ,,,"י""ח",130,ל  גרם,false,1,5,3.85,true,1,
7290110571405,false,מיני פינוקיות בגביע פסק זמן 180גר,שטראוס גרופ בעמ,,,"י""ח",200,ל  גרם,false,1,10.90,5.45,true,1,
7290110571474,false,אצבעות רבע לשבע טבעוני פופקורן 125גר`,שטראוס גרופ בעמ,,,"י""ח",125,ל  גרם,false,1,12.90,10.32,true,1,
7290110572129,false,כיף כף מקלות שוקולד לבן 40גר,שטראוס גרופ בעמ,,,"י""ח",40,ל  גרם,false,1,4.80,12,true,1,
7290110572884,false,"קפסולות אספרסו חזק עלית 14יח כשל""פ",שטראוס גרופ בעמ,,,"י""ח",50,ל  גרם,false,1,19.90,39.80,true,1,
7290110572969,false,כיף כף פיצפוצים קרם לבן 40גר,שטראוס גרופ בעמ,,,"י""ח",40,ל  גרם,false,1,4.90,12.25,true,1,
7290110572976,false,כיף כף פצפוצים קרם לבן 135גר,שטראוס גרופ בעמ,,,"י""ח",135,ל  גרם,false,1,9.90,7.33,true,1,
7290110576318,false,מאגדת שלישיית אגוז לבן 3*100גר,שטראוס גרופ בעמ,,,"י""ח",112,ל  גרם,false,1,25.90,23.13,true,1,
7290110576356,false,ספלנדיד שוקולד מריר פרו 64%,שטראוס גרופ בעמ,,,"י""ח",105,ל  גרם,false,1,8.90,8.48,true,1,
7290110576370,false,מאגדת שלישיית אגוז מריר 3*100גר,שטראוס גרופ בעמ,,,"י""ח",112,ל  גרם,false,1,25.90,23.13,true,1,
7290110576387,false,מאגדת שלישיית אגוז חלב 3*100גר,שטראוס גרופ בעמ,,,"י""ח",112,ל  גרם,false,1,25.90,23.13,true,1,
7290110576752,false,שוקולד ספלנדיד מריר 70%,שטראוס גרופ בעמ,,,"י""ח",100,ל  גרם,false,1,10.20,10.20,true,1,
7290110576776,false,שוקולד ספלנדיד מריר 85%,שטראוס גרופ בעמ,,,"י""ח",100,ל  גרם,false,1,10.20,10.20,true,1,
7290110576790,false,סקי בטעם מוקה 3% 125גר,שטראוס גרופ ***בעמ,,,"י""ח",125,ל  גרם,false,1,3.90,3.12,true,1,
7290110577247,false,"משקה חלב טעם פיסטוק 350 מ""ל",שטראוס גרופ ***בעמ,,,"י""ח",350,"ל  מ""ל",false,1,6.50,1.86,true,1,
7290110730109,false,נוטרילון קומפורט 900ג,דיפלומט מפיצים (1968) בעמ**,,,"י""ח",900,ל  גרם,false,1,94.90,10.54,false,1,
7290111092985,false,מגבונים בייבי סיטר מעוצבת  רבעייה ללא,שקד תבל בעמ,,,"י""ח",1,,false,1,15.90,15.90,true,1,
7290111093005,false,מגבונים  להסרת איפור 25יח,שקד תבל בעמ,,,"י""ח",25,"י""ח",false,1,7.90,0.32,true,1,
7290111094361,false,קוויק שקיות אשפה XL עם ידית 25יח,שקד תבל בעמ,,,"י""ח",1,"י""ח",false,1,13.90,13.90,true,1,
7290111094651,false,קוויק שקיות אשפה L עם ידית 40יח,שקד תבל בעמ,,,"י""ח",1,"י""ח",false,1,13.90,13.90,true,1,
7290111096921,false,מגבונים לניקוי כללי עם חומץ ומלח לימון,שקד תבל בעמ,,,"י""ח",50,"י""ח",false,1,8.90,0.18,true,1,
7290111097041,false,מגבונים בייביסיטר מבושם שמינייה,שקד תבל בעמ,,,"י""ח",66,"י""ח",false,1,24.90,0.38,true,1,
7290111340178,false,מטליות לחות לניקוי כללי בניחוח מרכך,קימברלי קלארק ישראל שיווק בעמ,,,"י""ח",100,ל  גרם,false,1,10.90,10.90,false,1,
7290111341373,false,נייר טואלט לילי פסטל 30ג,קימברלי קלארק ישראל שיווק בעמ,,,"י""ח",30,"י""ח",false,1,33.90,1.13,false,1,
7290111341984,false,נייר טואלט לילי לחים מארז רביעיה,קימברלי קלארק ישראל שיווק בעמ,,,"י""ח",117,ל  גרם,false,1,24.90,21.28,true,1,
7290111342004,false,לילי לח קידס 56 דפים.,קימברלי קלארק ישראל שיווק בעמ,,,"י""ח",3,"י""ח",false,1,8.90,2.97,false,1,
7290111342523,false,מפיות ניקול 100 יח צבעוני,קימברלי קלארק ישראל שיווק בעמ,,,"י""ח",100,"י""ח",false,1,7.90,0.08,false,1,
7290111343841,false,ספוגית הקסם נירוסטה 3יח,קימברלי קלארק ישראל שיווק בעמ,,,"י""ח",3,"י""ח",false,1,10,3.33,false,1,
7290111343858,false,מטליות לחות  לניקוי וחיטוי רצפה,קימברלי קלארק ישראל שיווק בעמ,,,"י""ח",10,"י""ח",false,1,12.90,1.29,false,1,
7290111344206,false,מגבוני האגיס קמומיל 4 יח,קימברלי קלארק ישראל שיווק בעמ,,,"י""ח",4,"י""ח",false,1,19.90,4.98,true,1,
7290111344527,false,שקיות אשפה  ענקיות ניקול 20יח.,קימברלי קלארק ישראל שיווק בעמ,,,"י""ח",20,"י""ח",false,1,24.90,1.25,true,1,
7290111344701,false,שקיות אוכל סנדוויצון מהדורה מיניונים 2,קימברלי קלארק ישראל שיווק בעמ,,,"י""ח",250,"י""ח",false,1,12.90,0.05,false,1,
7290111344831,false,מגני תחתון קוטקס אקסטרא נורמל,קימברלי קלארק ישראל שיווק בעמ,,,"י""ח",1,"י""ח",false,1,22.90,22.90,true,1,
7290111345814,false,נייר טואלט לילי נטורל קר 30 גליל,קימברלי קלארק ישראל שיווק בעמ,,,"י""ח",552,מטר,false,1,33.90,0.06,false,1,
7290111345982,false,ניקול דפי ספוגית הקסם 10יח,קימברלי קלארק ישראל שיווק בעמ,,,"י""ח",10,"י""ח",false,1,11.90,1.19,false,1,
7290111346293,false,מגבות ניקול לבנה 1/6 מהדורת חג,קימברלי קלארק ישראל שיווק בעמ,,,"י""ח",66.20,מטר,false,1,13.90,0.21,false,1,
7290111346347,false,קלינקס אוריגינל חמישייה,קימברלי קלארק ישראל שיווק בעמ,,,"י""ח",5,"י""ח",false,1,15.90,3.18,true,1,
7290111350030,false,רסק תפוחי עץ טבעי צנצנת 670ג,ליימן שליסל,,,"י""ח",5.60,,false,1,10.90,1.95,false,1,
7290111350047,false,תמרים מזן מהגול ללא חרצנים 500ג,ליימן שליסל,,,"י""ח",500,ל  גרם,false,1,13.90,2.78,true,1,
7290111350092,false,המיטב של לואקר,ליימן שליסל,,,"י""ח",1,"י""ח",false,1,24.90,24.90,true,1,
7290111350665,false,דבש לחיץ קליית גת 350ג,ליימן שליסל,,,"י""ח",350,"ל  מ""ל",false,1,22.90,6.54,false,1,
7290111350726,false,נאצוס מקסיקני 322ג,ליימן שליסל,,,"י""ח",323,ל  גרם,false,1,15.90,4.92,true,1,
7290111352140,false,חמוציות מיובשות ברכז תפוחים 150ג,ליימן שליסל,,,"י""ח",150,ל  גרם,false,1,12.90,8.60,false,1,
7290111352430,false,ממרח תמרים קליית גת 440ג טבעי,ליימן שליסל,,,"י""ח",440,ל  גרם,false,1,11.90,2.70,true,1,
7290111352508,false,סילאן טבעי לחיץ 840ג,ליימן שליסל,,,"י""ח",840,ל  גרם,false,1,22.90,2.73,true,1,
7290111352959,false,יוגטה מקלות חמוצים 80גר,ליימן שליסל,,,"י""ח",80,ל  גרם,false,1,4.90,6.13,false,1,
7290111352966,false,יוגטה סוכריות ממולאות טעם פירות 250גר,ליימן שליסל,,,"י""ח",250,ל  גרם,false,1,7.90,3.16,true,1,
7290111352973,false,יוגטה גומי קוביות חמוצות   220ג,ליימן שליסל,,,"י""ח",220,ל  גרם,false,1,7.90,3.59,true,1,
7290111353123,false,חיספוסים גומי נחשים חמוצות  200ג.,ליימן שליסל,,,"י""ח",200,ל  גרם,false,1,9.90,4.95,true,1,
7290111353130,false,יוגטה סוכריות גומי חמוצות  800ג,ליימן שליסל,,,"י""ח",800,ל  גרם,false,1,19.90,2.49,true,1,
7290111353475,false,ממתק חמוץ בטעם פירות 200ג,ליימן שליסל,,,"י""ח",200,ל  גרם,false,1,7.90,3.95,true,1,
7290111353550,false,חמאת בוטנים טבעית 300ג קלית גת,ליימן שליסל,,,"י""ח",300,ל  גרם,false,1,14.90,4.97,true,1,
7290111353680,false,"גרעיני חמניות 350 גרם כשל""פ",ליימן שליסל,,,"י""ח",350,ל  גרם,false,1,10.90,3.11,false,1,
7290111354120,false,ממרח חלווה 300ג,ליימן שליסל,,,"י""ח",300,ל  גרם,false,1,15.90,5.30,true,1,
7290111354137,false,ממרח פקאן מסוכר   200ג,ליימן שליסל,,,"י""ח",200,ל  גרם,false,1,19.90,9.95,false,1,
7290111354144,false,ממרח קוקוס מקורמל   200ג,ליימן שליסל,,,"י""ח",200,ל  גרם,false,1,15.90,7.95,true,1,
7290111354151,false,ממרח אגוזים  200ג,ליימן שליסל,,,"י""ח",200,ל  גרם,false,1,15.90,7.95,true,1,
7290111354335,false,יוגטה מיני  מרשמלו טעם וניל 30ג,ליימן שליסל,,,"י""ח",30,ל  גרם,false,1,2.90,9.67,true,1,
7290111354687,false,יוגטה מיני ורוד  לבן 500גר,ליימן שליסל,,,"י""ח",500,ל  גרם,false,1,22.90,4.58,true,1,
7290111534010,false,פס גבינה שמנת ופרורים 450ג,קפולסקי אדל בעמ,,,"י""ח",450,ל  גרם,false,1,44.90,9.98,false,1,
7290111564277,false,פיטנס פריכיות 3 דגנים דקות 120גר,קבוצת אוסם סחר-שות.מוגבלת,,,"י""ח",120,ל  גרם,false,1,11.90,9.92,true,1,
7290111564291,false,פיטנס פריכיות דקות עם קינואה 120גר,קבוצת אוסם סחר-שות.מוגבלת,,,"י""ח",120,ל  גרם,false,1,11.90,9.92,true,1,
7290111564666,false,טבעול כדורי בשר מן הצומח  500גר,קבוצת אוסם סחר-שות.מוגבלת,,,"י""ח",500,ל  גרם,false,1,38.90,7.78,true,1,
7290111564727,false,קרמוגית במילוי קרם אגוזים 200ג,קבוצת אוסם סחר-שות.מוגבלת,,,"י""ח",200,ל  גרם,false,1,10.90,5.45,true,1,
7290111564956,false,ביסלי במבה  מיקס 200ג,קבוצת אוסם סחר-שות.מוגבלת,,,"י""ח",200,ל  גרם,false,1,9.90,4.95,true,1,
7290111565038,false,.לה קרמריה וניל קוקילידה  1.4 ליטר,נגה גלידות,,,"י""ח",1.40,ליטר,false,1,19.90,14.21,false,1,
7290111565502,false,גלידת  אוראו סנדוויץ,נגה גלידות,,,"י""ח",80,ל  גרם,false,1,10,12.50,true,1,
7290111566103,false,טבעול פלאפל מרכיבים ביתיים 590גר,קבוצת אוסם סחר-שות.מוגבלת,,,"י""ח",590,ל  גרם,false,1,38.90,6.59,true,1,
7290111566240,false,טבעול שניצל דק בטעם צ ילי חריף 564גר,קבוצת אוסם סחר-שות.מוגבלת,,,"י""ח",564,ל  גרם,false,1,38.90,6.90,true,1,
7290111566271,false,טבעול חטיפי תירס 657גר,קבוצת אוסם סחר-שות.מוגבלת,,,"י""ח",657,ל  גרם,false,1,38.90,5.92,true,1,
7290111566318,false,טבעול שניצל דק מן הצומח 564גר,קבוצת אוסם סחר-שות.מוגבלת,,,"י""ח",564,ל  גרם,false,1,38.90,6.90,true,1,
7290111566417,false,טבעול טחון צמחוני  500 גרם,קבוצת אוסם סחר-שות.מוגבלת,,,"י""ח",500,ל  גרם,false,1,38.90,7.78,true,1,
7290111566547,false,טבעול חזה בגריל צמחי 560גר,קבוצת אוסם סחר-שות.מוגבלת,,,"י""ח",560,ל  גרם,false,1,38.90,6.95,true,1,
7290111566561,false,טבעול שניצל ברוקולי 99 קלוריות 560 גרם,קבוצת אוסם סחר-שות.מוגבלת,,,"י""ח",560,ל  גרם,false,1,38.90,6.95,true,1,
7290111566585,false,טבעול שניצל מן צומח 99 קלוריות 650גר,קבוצת אוסם סחר-שות.מוגבלת,,,"י""ח",650,ל  גרם,false,1,38.90,5.98,true,1,
7290111566714,false,טבעול המבורגר צמחוני 99קלוריות 600 גרם,קבוצת אוסם סחר-שות.מוגבלת,,,"י""ח",600,ל  גרם,false,1,38.90,6.48,true,1,
7290111566752,false,טבעול שניצל תירס 99 קלוריות 693 ג,קבוצת אוסם סחר-שות.מוגבלת,,,"י""ח",693,ל  גרם,false,1,38.90,5.61,true,1,
7290111568206,false,ביסלי פארטי מיקס 150ג,קבוצת אוסם סחר-שות.מוגבלת,,,"י""ח",150,ל  גרם,false,1,8.90,5.93,true,1,
7290111568275,false,נודלס אטריות אורז רחבות 300ג,קבוצת אוסם סחר-שות.מוגבלת,,,"י""ח",300,ל  גרם,false,1,12.90,4.30,false,1,
7290111870958,false,פסי טופי 10גר הלו קיטי,שמחה זה אנחנו,,,"י""ח",25,"י""ח",false,1,17.90,0.72,false,1,
7290111930102,false,קוקי דפי קוקי לתבנית 1/25,ש.שסטוביץ בעמ,,,"י""ח",1,,false,1,13.90,13.90,true,1,
7290111930799,false,קראנצ וס בצל  55ג חדש,ש.שסטוביץ בעמ,,,"י""ח",55,ל  גרם,false,1,3.50,6.36,true,1,
7290111930805,false,קראנצ וס ברביקיו  55ג חדש,ש.שסטוביץ בעמ,,,"י""ח",55,ל  גרם,false,1,3.50,6.36,true,1,
7290111930850,false,קראנצ וס פיצה  55ג חדש,ש.שסטוביץ בעמ,,,"י""ח",55,ל  גרם,false,1,3.50,6.36,true,1,
7290111930904,false,פוף כוכבים בצל  40ג,ש.שסטוביץ בעמ,,,"י""ח",40,ל  גרם,false,1,3.90,9.75,true,1,
7290111930911,false,פוף לבבות קלאסי 40ג,ש.שסטוביץ בעמ,,,"י""ח",40,ל  גרם,false,1,3.90,9.75,true,1,
7290111930928,false,פוף לבבות גריל  40ג,ש.שסטוביץ בעמ,,,"י""ח",40,ל  גרם,false,1,3.90,9.75,true,1,
7290111930935,false,פוף טבעות קלאסי  40ג,ש.שסטוביץ בעמ,,,"י""ח",40,ל  גרם,false,1,3.90,9.75,true,1,
7290111932502,false,"קולגייט  אופטיק וייט75 מ""ל",ש.שסטוביץ בעמ,,,"י""ח",256,ל  גרם,false,1,26.90,10.51,true,1,
7290111933462,false,"מאסטר שף רוטב צילי מתוק 300מ""ל",ש.שסטוביץ בעמ,,,"י""ח",300,ל  גרם,false,1,7.90,2.63,false,1,
7290111935961,false,מחית עגבניות 690ג מאסטר שף,ש.שסטוביץ בעמ,,,"י""ח",690,ל  גרם,false,1,10.90,1.58,false,1,
7290111936258,false,"ספיד סטיק ספריי קול פרידום  140מ""ל",ש.שסטוביץ בעמ,,,"י""ח",140,"ל  מ""ל",false,1,22.90,16.36,false,1,
7290111936265,false,"ספיד סטיק ספריי קול לייף 140מ""ל",ש.שסטוביץ בעמ,,,"י""ח",140,"ל  מ""ל",false,1,22.90,16.36,false,1,
7290111936784,false,"פרי  חטיף תמרים אגוזי לוז  1/5 כשל""פ",ש.שסטוביץ בעמ,,,"י""ח",125,ל  גרם,false,1,16.90,13.52,false,1,
7290111937255,false,"פרי  חטיף תמרים ובוטנים  1/5 כשל""פ",ש.שסטוביץ בעמ,,,"י""ח",125,ל  גרם,false,1,16.90,13.52,false,1,
7290111938481,false,"רוטב סויה בהירה 300מ""ל",ש.שסטוביץ בעמ,,,"י""ח",300,"ל  מ""ל",false,1,9.90,3.30,false,1,
7290111939174,false,קוקי ניילון נצמד עם גומי מידה L,ש.שסטוביץ בעמ,,,"י""ח",1,,false,1,9.90,9.90,true,1,
7290112000156,false,איירוויק מילוי מפיץ אדים קומפליט לבנדר,רקיט בנקיזר (ניר איסט) בעמ,,,"י""ח",1,"י""ח",false,1,16.90,16.90,false,1,
7290112000286,false,"סיליט גל אסלות לימון 750מ""ל",רקיט בנקיזר (ניר איסט) בעמ,,,"י""ח",750,"ל  מ""ל",false,1,10.90,1.45,false,1,
7290112000293,false,"סיליט גל אסלות פרש 750מ""ל",רקיט בנקיזר (ניר איסט) בעמ,,,"י""ח",750,"ל  מ""ל",false,1,10.90,1.45,false,1,
7290112000385,false,"דטול תרסיס למטבח 750מ""ל",רקיט בנקיזר (ניר איסט) בעמ,,,"י""ח",750,"ל  מ""ל",false,1,14.90,1.99,true,1,
7290112000392,false,"דטול תרסיס לאמבטיה 750מ""ל",רקיט בנקיזר (ניר איסט) בעמ,,,"י""ח",750,"ל  מ""ל",false,1,14.90,1.99,true,1,
7290112000408,false,"דטול תרסיס לניקוי כללי  750מ""ל",רקיט בנקיזר (ניר איסט) בעמ,,,"י""ח",750,"ל  מ""ל",false,1,14.90,1.99,true,1,
7290112000736,false,פיניש 80 טבליות AIO,רקיט בנקיזר (ניר איסט) בעמ,,,"י""ח",80,"י""ח",false,1,59.90,0.75,true,1,
7290112001023,false,מילוי מבשם אוטומטי פיור תענוגות האביב,רקיט בנקיזר (ניר איסט) בעמ,,,"י""ח",1,,false,1,15.90,15.90,true,1,
7290112001030,false,מילוי מבשם אוטומטי פיור פריחת דובדבן,רקיט בנקיזר (ניר איסט) בעמ,,,"י""ח",1,,false,1,15.90,15.90,true,1,
7290112002099,false,קולון גל 2.5 ל`רגיל כחול,רקיט בנקיזר (ניר איסט) בעמ,,,"י""ח",2.50,ליטר,false,1,24.90,9.96,true,1,
7290112002105,false,קולון גל 2.5 ל`כביסה מרוכז סגול,רקיט בנקיזר (ניר איסט) בעמ,,,"י""ח",2.50,ליטר,false,1,24.90,9.96,true,1,
7290112002112,false,קולון גל 2.5 ל`בניחוח ורדים ורוד,רקיט בנקיזר (ניר איסט) בעמ,,,"י""ח",2.50,ליטר,false,1,24.90,9.96,true,1,
7290112002129,false,קולון גל 2.5 ל`בניחוח מרענן ירוק,רקיט בנקיזר (ניר איסט) בעמ,,,"י""ח",2.50,ליטר,false,1,24.90,9.96,true,1,
7290112002136,false,קולון גל 4  ל`רגיל כחול,רקיט בנקיזר (ניר איסט) בעמ,,,"י""ח",4,ליטר,false,1,34.90,8.73,false,1,
7290112002143,false,קולון גל 4  ל`לילך סגול,רקיט בנקיזר (ניר איסט) בעמ,,,"י""ח",4,ליטר,false,1,34.90,8.73,false,1,
7290112002167,false,קולון גל 4  ל`בניחוח פריחה מרענן,רקיט בנקיזר (ניר איסט) בעמ,,,"י""ח",4,ליטר,false,1,34.90,8.73,false,1,
7290112003188,false,קולון קפסולות לכביסה 1/60,רקיט בנקיזר (ניר איסט) בעמ,,,"י""ח",60,"י""ח",false,1,54.90,0.92,true,1,
7290112003959,false,וניש מסיר כתמים אבקה לכביסה 470גר צבעוני,רקיט בנקיזר (ניר איסט) בעמ,,,"י""ח",470,ל  גרם,false,1,19.90,4.23,false,1,
7290112004208,false,פיניש  50 טבליות למדיח הכל ב1 לימון,רקיט בנקיזר (ניר איסט) בעמ,,,"י""ח",50,"י""ח",false,1,39.90,0.80,true,1,
7290112004314,false,"דטול תרסיס מנקה ומחטא רימונים 750מ""ל",רקיט בנקיזר (ניר איסט) בעמ,,,"י""ח",750,"ל  מ""ל",false,1,14.90,1.99,true,1,
7290112004413,false,"וניש לבן ספריי 750מ""ל",רקיט בנקיזר (ניר איסט) בעמ,,,"י""ח",750,"ל  מ""ל",false,1,16.90,2.25,true,1,
7290112004611,false,"וניש מולטי פאוור 200מ""ל ג`ל מרוכז.",רקיט בנקיזר (ניר איסט) בעמ,,,"י""ח",200,"ל  מ""ל",false,1,16.90,8.45,true,1,
7290112004710,false,"וניש ג`ליסימו ג`ל 750מ""ל לבן",רקיט בנקיזר (ניר איסט) בעמ,,,"י""ח",750,"ל  מ""ל",false,1,19.90,2.65,false,1,
7290112004772,false,מילוי מבשם אויר חשמלי ניחוח כביסה,רקיט בנקיזר (ניר איסט) בעמ,,,"י""ח",1,,false,1,16.90,16.90,true,1,
7290112004970,false,פיניש אולטימייט 50 קפסולות בשקית,רקיט בנקיזר (ניר איסט) בעמ,,,"י""ח",50,"י""ח",false,1,59.90,1.20,true,1,
7290112004987,false,אירוויק פרשמטיק מילוי בניחוח לבנדר,רקיט בנקיזר (ניר איסט) בעמ,,,"י""ח",1,,false,1,15.90,15.90,true,1,
7290112005052,false,"וניש  אבקה לכביסה 1.5ק""ג לבן",רקיט בנקיזר (ניר איסט) בעמ,,,"י""ח",150,ל  גרם,false,1,39.90,26.60,true,1,
7290112005083,false,"וניש  אבקה לכביסה 1.5ק""ג צבעונית",רקיט בנקיזר (ניר איסט) בעמ,,,"י""ח",150,ל  גרם,false,1,39.90,26.60,true,1,
7290112192158,false,"ניוקי תפו""א ללא גלוטן 500ג",גורי מוצרי צריכה בעמ,,,"י""ח",500,ל  גרם,false,1,11.90,2.38,false,1,
7290112192561,false,"משחת פרודונטקס משחת שיניים הגנה 75מ""ל.",גורי ע.ע.ע. בעמ,,,"י""ח",75,"ל  מ""ל",false,1,29.90,39.87,true,1,
7290112192578,false,"משחת פרודונטקס משחת שיניים הגנה 75מ""ל",גורי ע.ע.ע. בעמ,,,"י""ח",75,"ל  מ""ל",false,1,29.90,39.87,true,1,
7290112192882,false,סנסודיין רגישות וחניכיים מלבינה,גורי ע.ע.ע. בעמ,,,"י""ח",75,ל  גרם,false,1,31.90,42.53,true,1,
7290112193582,false,תערובת לעוגה GF,גורי מוצרי צריכה בעמ,,,"י""ח",300,ל  גרם,false,1,22.90,7.63,false,1,
7290112195647,false,"שמן זית  כתית מעולה  750מ""ל הזית",א.ג בחירה חכמה בעמ,,,"י""ח",750,"ל  מ""ל",false,1,29.90,3.99,true,1,
7290112197085,false,"סבון מעוצב פריז 500מ""ל",גורי ע.ע.ע. בעמ,,,"י""ח",500,"ל  מ""ל",false,1,10.90,2.18,true,1,
7290112197092,false,"סבון מעוצב ניו יורק 500מ""ל",גורי ע.ע.ע. בעמ,,,"י""ח",500,"ל  מ""ל",false,1,10.90,2.18,true,1,
7290112197191,false,דגני בוקר במילוי קרם וניל 375גר,גורי מוצרי צריכה בעמ,,,"י""ח",375,ל  גרם,false,1,19.90,5.31,true,1,
7290112197207,false,מיני כריות בציפוי שוקולד חלב מעולה 65ג,גורי מוצרי צריכה בעמ,,,"י""ח",65,ל  גרם,false,1,7.90,12.15,true,1,
7290112197221,false,מיני כריות בציפוי שוקולד לבן מעולה  65ג,גורי מוצרי צריכה בעמ,,,"י""ח",65,ל  גרם,false,1,7.90,12.15,true,1,
7290112197238,false,מיני קורנפלקס בציפוי שוקולד חלב מעולה,גורי מוצרי צריכה בעמ,,,"י""ח",65,ל  גרם,false,1,7.90,12.15,true,1,
7290112330352,false,דנונה פרו 20גר וניל 0% שומן,שטראוס גרופ ***בעמ,,,"י""ח",20,"ל  מ""ל",false,1,5.90,29.50,true,1,
7290112330390,false,דנונה פרו 20גר פירות יער 0% שומן,שטראוס גרופ ***בעמ,,,"י""ח",200,"ל  מ""ל",false,1,5.90,2.95,true,1,
7290112332585,false,"פריכיות תפו""א,אורז,בתיבול סלק ומלח  30גר",שטראוס גרופ בעמ,,,"י""ח",30,ל  גרם,false,1,5,16.67,true,1,
7290112332691,false,פינוקיות פסק זמן אגוזים 200גר,שטראוס גרופ בעמ,,,"י""ח",200,ל  גרם,false,1,11.90,5.95,true,1,
7290112332875,false,מאסט לארג באבלמינט 80גר,שטראוס גרופ בעמ,,,"י""ח",80,ל  גרם,false,1,13.90,17.38,true,1,
7290112334596,false,שוקולית 850 ג  (שקית) +,שטראוס גרופ בעמ,,,"י""ח",850,ל  גרם,false,1,17.90,2.11,true,1,
7290112334749,false,קפה טורקי שקית 200 עלית +10% תוספת.,שטראוס גרופ בעמ,,,"י""ח",200,ל  גרם,false,1,17.90,8.95,true,1,
7290112335487,false,פריכיות הטעימות קצח ודגנים 135גר,שטראוס גרופ בעמ,,,"י""ח",135,ל  גרם,false,1,12.90,9.56,true,1,
7290112335494,false,פריכיות הטעימות פוטטוס 135גר,שטראוס גרופ בעמ,,,"י""ח",135,ל  גרם,false,1,12.90,9.56,true,1,
7290112335500,false,פריכיות הטעימות חלבון 135גר,שטראוס גרופ בעמ,,,"י""ח",135,ל  גרם,false,1,12.90,9.56,true,1,
7290112336637,false,"סוכריות MUST טעם לל""ס יוגורט תות אוכמנ",שטראוס גרופ בעמ,,,"י""ח",80,ל  גרם,false,1,8.90,11.13,true,1,
7290112336644,false,"סוכריות MUST טעם לל""ס לימון",שטראוס גרופ בעמ,,,"י""ח",80,ל  גרם,false,1,8.90,11.13,true,1,
7290112336651,false,"סוכריות MUST טעם לל""ס ריבת חלב",שטראוס גרופ בעמ,,,"י""ח",80,ל  גרם,false,1,8.90,11.13,true,1,
7290112336712,false,דנונה פרו 21גר 0% 200גר,שטראוס גרופ ***בעמ,,,"י""ח",20,"ל  מ""ל",false,1,5.90,29.50,true,1,
7290112337474,false,"סוכריות MUST טעם לל""ס פטל לימון",שטראוס גרופ בעמ,,,"י""ח",80,ל  גרם,false,1,8.90,11.13,true,1,
7290112337481,false,"סוכריות MUST טעם לל""ס קפוצ`ינו",שטראוס גרופ בעמ,,,"י""ח",80,ל  גרם,false,1,8.90,11.13,true,1,
7290112338877,false,סקי תות 3% 125גר,שטראוס גרופ ***בעמ,,,"י""ח",125,ל  גרם,false,1,3.90,3.12,true,1,
7290112339171,false,מילקי מוס  81גר,שטראוס גרופ ***בעמ,,,"י""ח",81,ל  גרם,false,1,3.40,4.20,true,1,
7290112339362,false,דנונה לייט אנד פריי טעם קפוצ`ינו 150גר.,שטראוס גרופ ***בעמ,,,"י""ח",150,"ל  מ""ל",false,1,4.50,3,true,1,
7290112339867,false,גמדים סקוויז  תות בודד 100ג,שטראוס גרופ ***בעמ,,,"י""ח",100,ל  גרם,false,1,5.90,5.90,true,1,
7290112339874,false,גמדים סקוויז  תות בננה  בודד 100ג,שטראוס גרופ ***בעמ,,,"י""ח",100,ל  גרם,false,1,5.90,5.90,true,1,
7290112340122,false,פריכיות הטעימות 3דגנים 135גר,שטראוס גרופ בעמ,,,"י""ח",135,ל  גרם,false,1,12.90,9.56,true,1,
7290112340252,false,מסטיק מאסט בטעם אבטיח מלון 66גר,שטראוס גרופ בעמ,,,"י""ח",66,ל  גרם,false,1,9.90,15,true,1,
7290112340276,false,פינוקיות קפה נמס  200גר,שטראוס גרופ בעמ,,,"י""ח",200,ל  גרם,false,1,11.90,5.95,true,1,
7290112340900,false,קפה האג 200 גר,שטראוס גרופ בעמ,,,"י""ח",200,ל  גרם,false,1,24.90,12.45,true,1,
7290112341556,false,אקטיביה צ`יה ותות בודד 150גר,שטראוס גרופ ***בעמ,,,"י""ח",150,ל  גרם,false,1,4.60,3.07,true,1,
7290112341679,false,אקטיביה 200גר  3%.,שטראוס גרופ ***בעמ,,,"י""ח",200,ל  גרם,false,1,3.90,1.95,true,1,
7290112341686,false,מארז אקטיביה שמינייה 3% 150גר,שטראוס גרופ ***בעמ,,,"י""ח",1.20,ליטר,false,1,19.90,16.58,true,1,
7290112342102,false,סימפוניה בצל מקורמל 200גר,שטראוס גרופ ***בעמ,,,"י""ח",200,ל  גרם,false,1,10.90,5.45,true,1,
7290112343260,false,רוטב שמנת קלאסי  9%,שטראוס גרופ ***בעמ,,,"י""ח",260,ל  גרם,false,1,10.90,4.19,true,1,
7290112343420,false,"יטבתה פרו ארוחת בוקר  350מ""ל",שטראוס גרופ ***בעמ,,,"י""ח",350,"ל  מ""ל",false,1,7.50,2.14,true,1,
7290112343499,false,צ יטוס פאפס 55ג,שטראוס פריטו ליי בעמ,,,"י""ח",60,ל  גרם,false,1,3.50,5.83,true,1,
7290112343512,false,ציטוס פאפס 160ג,שטראוס פריטו ליי בעמ,,,"י""ח",180,ל  גרם,false,1,7.50,4.17,true,1,
7290112344724,false,מילקי בטעם שוקולד בלונדי עם קצפת 133גר,שטראוס גרופ ***בעמ,,,"י""ח",133,ל  גרם,false,1,3.40,2.56,true,1,
7290112344755,false,מילקי עם 26% פחות סוכר 135 גר}שטראוס{,שטראוס גרופ ***בעמ,,,"י""ח",130,"ל  מ""ל",false,1,2.90,2.23,true,1,
7290112344786,false,קפה נמס פלטינום קלאסיק  200גר,שטראוס גרופ בעמ,,,"י""ח",200,ל  גרם,false,1,24.90,12.45,true,1,
7290112344953,false,סימפוניה 3% חציל קלוי 200גר,שטראוס גרופ ***בעמ,,,"י""ח",200,ל  גרם,false,1,10.90,5.45,true,1,
7290112346360,false,בפלות אחד אחד בציפוי שוקולד חלב 180גר,שטראוס גרופ בעמ,,,"י""ח",180,ל  גרם,false,1,13.90,7.72,true,1,
7290112346537,false,פינוקיות טעם טורטית  200גר,שטראוס גרופ בעמ,,,"י""ח",200,ל  גרם,false,1,11.90,5.95,true,1,
7290112346629,false,דנונה קראנצי קורנפלקס מצופה שוקולד,שטראוס גרופ ***בעמ,,,"י""ח",175,"ל  מ""ל",false,1,4.40,2.51,true,1,
7290112346773,false,דנונה לייט אנד פריי טעם וניל עם חלבון,שטראוס גרופ ***בעמ,,,"י""ח",150,"ל  מ""ל",false,1,4.50,3,true,1,
7290112346797,false,אקטיביה שיבולת שועל ושזיף  150גר,שטראוס גרופ ***בעמ,,,"י""ח",150,ל  גרם,false,1,4.60,3.07,true,1,
7290112346827,false,אקטימל שמיניה פטל ויטמין C,שטראוס גרופ ***בעמ,,,"י""ח",800,"ל  מ""ל",false,1,20.20,2.53,true,1,
7290112347008,false,גמדים סקוויז תות בננה  בודד 100ג,שטראוס גרופ ***בעמ,,,"י""ח",100,ל  גרם,false,1,5.90,5.90,true,1,
7290112347473,false,דנונה שמינייה דיאט פריי תות ואפרסק 1.2,שטראוס גרופ ***בעמ,,,"י""ח",1.20,ליטר,false,1,26.90,22.42,true,1,
7290112348142,false,שעועית לבנה 380גרם טעם הטבע קופסה,שטראוס גרופ בעמ,,,"י""ח",380,ל  גרם,false,1,6.90,1.82,true,1,
7290112348616,false,אייס קפה נמס אגוזי לוז 100 ג.,שטראוס גרופ בעמ,,,"י""ח",100,ל  גרם,false,1,19.90,19.90,true,1,
7290112348999,false,פריכיות הטעימות תירס דקות 135גר,שטראוס גרופ בעמ,,,"י""ח",135,ל  גרם,false,1,12.90,9.56,true,1,
7290112349606,false,דניאלה  תות בננה,שטראוס גרופ ***בעמ,,,"י""ח",150,"ל  מ""ל",false,1,3.90,2.60,true,1,
7290112349705,false,רוטב עגבניות לפסטה קלאסי 350גר,שטראוס גרופ בעמ,,,"י""ח",350,ל  גרם,false,1,11.90,3.40,true,1,
7290112349736,false,רוטב עגבניות לפסטה בזיליקום 350גר,שטראוס גרופ בעמ,,,"י""ח",350,ל  גרם,false,1,11.90,3.40,true,1,
7290112349743,false,רוטב עגבניות לפסטה פיקנטי 350גר,שטראוס גרופ בעמ,,,"י""ח",350,ל  גרם,false,1,11.90,3.40,true,1,
7290112349750,false,.רוטב עגבניות לפסטה לפיצה 350גר,שטראוס גרופ בעמ,,,"י""ח",350,ל  גרם,false,1,11.90,3.40,true,1,
7290112350275,false,"קפסולות אספרסו Lungo עלית 10יח כשל""פ",שטראוס גרופ בעמ,,,"י""ח",50,ל  גרם,false,1,19.90,39.80,true,1,
7290112350312,false,"קפסולות אספרסו חזק עלית 15יח כשל""פ",שטראוס גרופ בעמ,,,"י""ח",50,ל  גרם,false,1,19.90,39.80,true,1,
7290112350589,false,צי קו 65 ג  נס 2020,שטראוס גרופ בעמ,,,"י""ח",65,ל  גרם,false,1,11.50,17.69,true,1,
7290112351067,false,סילאן  טבעי לחיץ 630ג יד מרדכי,שטראוס גרופ בעמ,,,"י""ח",630,ל  גרם,false,1,24.90,3.95,true,1,
7290112351463,false,שלישיית סוכריות Fresh פטל לימון,שטראוס גרופ בעמ,,,"י""ח",45,ל  גרם,false,1,8.90,19.78,true,1,
7290112353887,false,משקה קפה קר טעם אגוזים 230גר,שטראוס גרופ ***בעמ,,,"י""ח",230,"ל  מ""ל",false,1,7.90,3.43,true,1,
7290112354952,false,תפוציפס פפריקה  50 גרם WAVY,שטראוס פריטו ליי בעמ,,,"י""ח",50,ל  גרם,false,1,4.50,9,true,1,
7290112354969,false,תפוציפס טבעי  200 ג WAVY,שטראוס פריטו ליי בעמ,,,"י""ח",200,ל  גרם,false,1,10.90,5.45,true,1,
7290112355027,false,דנונה פרו 20גר טעם קרמל מלוח 200גר,שטראוס גרופ ***בעמ,,,"י""ח",20,"ל  מ""ל",false,1,5.90,29.50,true,1,
7290112355102,false,גמדים פאוץ סלט פירות בודד 100ג,שטראוס גרופ ***בעמ,,,"י""ח",100,ל  גרם,false,1,5.90,5.90,true,1,
7290112355393,false,רוטב שמנת עם בטטה,שטראוס גרופ ***בעמ,,,"י""ח",257,ל  גרם,false,1,10.90,4.24,true,1,
7290112357045,false,עגבניות מרוסקות טעם הטבע קופסה 390גר,שטראוס גרופ בעמ,,,"י""ח",390,ל  גרם,false,1,6.60,1.69,true,1,
7290112357076,false,קוביות עגבניות טעם הטבע קופסה 390גר,שטראוס גרופ בעמ,,,"י""ח",390,ל  גרם,false,1,6.60,1.69,true,1,
7290112357083,false,אפונה גינה 380גרם טעם הטבע קופסה,שטראוס גרופ בעמ,,,"י""ח",380,ל  גרם,false,1,6.90,1.82,true,1,
7290112357106,false,שעועית אדומה 380גרם טעם הטבע קופסה,שטראוס גרופ בעמ,,,"י""ח",380,ל  גרם,false,1,6.90,1.82,true,1,
7290112357113,false,גרגרי חומוס 380גרם טעם הטבע קופסה,שטראוס גרופ בעמ,,,"י""ח",380,ל  גרם,false,1,6.90,1.82,true,1,
7290112357175,false,"קפסולות אספרסו Boost עלית 14יח כשל""פ",שטראוס גרופ בעמ,,,"י""ח",50,ל  גרם,false,1,19.90,39.80,true,1,
7290112358127,false,דנונה פרו 200גר עם מגנזיום,שטראוס גרופ ***בעמ,,,"י""ח",200,"ל  מ""ל",false,1,6.30,3.15,true,1,
7290112358219,false,"רוטב צ`ילי מתוק 280מ""ל יד מרדכי",שטראוס גרופ בעמ,,,"י""ח",280,"ל  מ""ל",false,1,12.90,4.61,true,1,
7290112358233,false,"רוטב צ`ילי חריף  280מ""ל יד מרדכי",שטראוס גרופ בעמ,,,"י""ח",280,"ל  מ""ל",false,1,12.90,4.61,true,1,
7290112358240,false,"רוטב גריל 300מ""ל יד מרדכי",שטראוס גרופ בעמ,,,"י""ח",300,"ל  מ""ל",false,1,12.90,4.30,true,1,
7290112358431,false,ביסקויט עד חצות דאבל 200גר,שטראוס גרופ בעמ,,,"י""ח",200,ל  גרם,false,1,13.90,6.95,true,1,
7290112358554,false,מארז קפה נמס לדרך 1.8גרם *28שקיות,שטראוס גרופ בעמ,,,"י""ח",50,ל  גרם,false,1,10.90,21.80,true,1,
7290112358561,false,פלטיניום קלאסיק 47גר,שטראוס גרופ בעמ,,,"י""ח",47,ל  גרם,false,1,5.90,12.55,true,1,
7290112359384,false,אייס קפה נמס אלפחורס ריבת חלב 100גר.,שטראוס גרופ בעמ,,,"י""ח",200,ל  גרם,false,1,19.90,9.95,true,1,
7290112415400,false,עוגיות אלפחורס חלבי,קפולסקי אדל בעמ,,,"י""ח",300,ל  גרם,false,1,29.90,9.97,false,1,
7290112490216,false,נמס בכוס טעם עוף  48ג,יוניליוור ישראל שיווק בעמ,,,"י""ח",48,ל  גרם,false,1,6.90,14.38,true,1,
7290112490582,false,חרדל דיזון צרפתי 350ג,יוניליוור ישראל שיווק בעמ,,,"י""ח",350,ל  גרם,false,1,9.90,2.83,false,1,
7290112490667,false,קונפיטורה מישמיש 340 גרם,יוניליוור ישראל שיווק בעמ,,,"י""ח",340,ל  גרם,false,1,11.90,3.50,false,1,
7290112490674,false,קונפיטורה דובדבנים 340ג,יוניליוור ישראל שיווק בעמ,,,"י""ח",340,ל  גרם,false,1,11.90,3.50,false,1,
7290112490827,false,"בדין תרסיס למייבש בייבי 500מ""ל",יוניליוור ישראל שיווק בעמ,,,"י""ח",500,"ל  מ""ל",false,1,15.90,3.18,false,1,
7290112490896,false,"רוטב צ ילי חריף  370 מ""ל קנור",יוניליוור ישראל שיווק בעמ,,,"י""ח",300,"ל  מ""ל",false,1,10.90,3.63,true,1,
7290112491558,false,מאגדת 6 טבלאות מריר וורד הגליל,יוניליוור ישראל שיווק בעמ,,,"י""ח",600,ל  גרם,false,1,18.90,3.15,false,1,
7290112491701,false,"ברנפלקס חלבון בד""ץ 375ג",יוניליוור ישראל שיווק בעמ,,,"י""ח",375,ל  גרם,false,1,19.90,5.31,false,1,
7290112491787,false,בייגלה דקים דקים שומשום  300 גר`,יוניליוור ישראל שיווק בעמ,,,"י""ח",300,ל  גרם,false,1,9.90,3.30,true,1,
7290112492449,false,פינוק  שמפו(כחול)לשיער רגיל,יוניליוור ישראל שיווק בעמ,,,"י""ח",700,"ל  מ""ל",false,1,11.90,1.70,true,1,
7290112492456,false,פינוק  שמפו(כחול)לשיער יבש,יוניליוור ישראל שיווק בעמ,,,"י""ח",700,"ל  מ""ל",false,1,11.90,1.70,true,1,
7290112492463,false,פינוק שמפו+קונדישינר רגיל,יוניליוור ישראל שיווק בעמ,,,"י""ח",700,"ל  מ""ל",false,1,11.90,1.70,true,1,
7290112492487,false,"פינוק שמפו לשיער שמן מרוקאי 700מ""ל",יוניליוור ישראל שיווק בעמ,,,"י""ח",700,"ל  מ""ל",false,1,11.90,1.70,true,1,
7290112492500,false,"פינוק שמפו שמן קוקוס 700מ""ל",יוניליוור ישראל שיווק בעמ,,,"י""ח",700,"ל  מ""ל",false,1,11.90,1.70,true,1,
7290112492531,false,"פינוק קונדישנר לשיער רגיל 700מ""ל",יוניליוור ישראל שיווק בעמ,,,"י""ח",700,"ל  מ""ל",false,1,11.90,1.70,true,1,
7290112492548,false,קונדשנר פינוק לשיער יבש,יוניליוור ישראל שיווק בעמ,,,"י""ח",700,"ל  מ""ל",false,1,11.90,1.70,true,1,
7290112492579,false,"פינוק מרכך  שמן קוקוס 700מ""ל",יוניליוור ישראל שיווק בעמ,,,"י""ח",700,"ל  מ""ל",false,1,11.90,1.70,true,1,
7290112492593,false,פינוק סבון נוזלי בניחוח קלאסי,יוניליוור ישראל שיווק בעמ,,,"י""ח",750,"ל  מ""ל",false,1,11.90,1.59,false,1,
7290112492609,false,"פינוק סבון נוזלי לבנדר ווניל 700 מ""ל",יוניליוור ישראל שיווק בעמ,,,"י""ח",700,"ל  מ""ל",false,1,11.90,1.70,false,1,
7290112492630,false,"פינוק לגבר 3ב1 700מ""ל.",יוניליוור ישראל שיווק בעמ,,,"י""ח",700,"ל  מ""ל",false,1,11.90,1.70,true,1,
7290112492746,false,פינוק מרכך לסירוק קל לילדים700מ,יוניליוור ישראל שיווק בעמ,,,"י""ח",700,"ל  מ""ל",false,1,13.90,1.99,false,1,
7290112492753,false,"פינוק אל סבון לרחצה לילדים 700מ""ל",יוניליוור ישראל שיווק בעמ,,,"י""ח",700,"ל  מ""ל",false,1,9.90,1.41,false,1,
7290112492982,false,מרק פטריות רכיבים טבעיים 400ג קנור,יוניליוור ישראל שיווק בעמ,,,"י""ח",400,ל  גרם,false,1,19.90,4.98,true,1,
7290112492999,false,"מרק טעם עוף  400 גר`בד""צ",יוניליוור ישראל שיווק בעמ,,,"י""ח",400,ל  גרם,false,1,13.90,3.48,true,1,
7290112493088,false,נמס בכוס עדשים חריף,יוניליוור ישראל שיווק בעמ,,,"י""ח",48,ל  גרם,false,1,6.90,14.38,true,1,
7290112493095,false,נמס בכוס עגבניות חריף,יוניליוור ישראל שיווק בעמ,,,"י""ח",48,ל  גרם,false,1,6.90,14.38,true,1,
7290112493293,false,נמס בכוס ירקות 100% רכיבים טבעיים,יוניליוור ישראל שיווק בעמ,,,"י""ח",48,ל  גרם,false,1,6.90,14.38,true,1,
7290112493316,false,מרק היום אפונה 100% ר.טבעיים,יוניליוור ישראל שיווק בעמ,,,"י""ח",117,ל  גרם,false,1,11.90,10.17,false,1,
7290112493903,false,קירחונים מותגים סמי הכבאי,גלידות שטראוס בעמ,,,"י""ח",1,,false,1,7.90,7.90,true,1,
7290112493927,false,קרמיסימו מעדן קפוא טעם ריבת חלב,גלידות שטראוס בעמ,,,"י""ח",776,"ל  מ""ל",false,1,18.90,2.44,false,1,
7290112494153,false,תיבוליות קנור  צלי 72גרם,יוניליוור ישראל שיווק בעמ,,,"י""ח",72,ל  גרם,false,1,7.90,10.97,true,1,
7290112494221,false,קליק ביסקוויט    65ג,יוניליוור ישראל שיווק בעמ,,,"י""ח",65,ל  גרם,false,1,5.90,9.08,false,1,
7290112494238,false,קליק כדורים חלב 65ג,יוניליוור ישראל שיווק בעמ,,,"י""ח",65,ל  גרם,false,1,5.90,9.08,false,1,
7290112494276,false,קליק כריות  65ג,יוניליוור ישראל שיווק בעמ,,,"י""ח",65,ל  גרם,false,1,5.90,9.08,false,1,
7290112494283,false,קליק מעורב חום לבן 65ג,יוניליוור ישראל שיווק בעמ,,,"י""ח",65,ל  גרם,false,1,5.90,9.08,false,1,
7290112494313,false,קליק קורנפלקס   65ג,יוניליוור ישראל שיווק בעמ,,,"י""ח",65,ל  גרם,false,1,5.90,9.08,false,1,
7290112494351,false,קורנפלקס אלופים 850ג בדץ,יוניליוור ישראל שיווק בעמ,,,"י""ח",850,ל  גרם,false,1,16.90,1.99,false,1,
7290112494382,false,פירה טעם ביתי  260גרם,יוניליוור ישראל שיווק בעמ,,,"י""ח",260,ל  גרם,false,1,9.90,3.81,false,1,
7290112494795,false,"בדין ג`ל כביסה לבנה וצבעונית 2.5ק""ג",יוניליוור ישראל שיווק בעמ,,,"י""ח",2.50,ליטר,false,1,27.90,11.16,false,1,
7290112494801,false,"בדין ג`ל כביסה לבנה וצבעונית 2.5ק""ג",יוניליוור ישראל שיווק בעמ,,,"י""ח",2.50,ליטר,false,1,27.90,11.16,false,1,
7290112494818,false,"בדין ג`ל כביסה בייבי 2.5ק""ג",יוניליוור ישראל שיווק בעמ,,,"י""ח",2.50,ליטר,false,1,27.90,11.16,false,1,
7290112494832,false,"דאב תרחיץ פנים רגיש 180מ""ל",יוניליוור ישראל שיווק בעמ,,,"י""ח",180,"ל  מ""ל",false,1,11.90,6.61,false,1,
7290112495006,false,כריות נוגט  686ג  בדץ,יוניליוור ישראל שיווק בעמ,,,"י""ח",750,ל  גרם,false,1,24.90,3.32,false,1,
7290112495020,false,".כריות צ וקולדה 686 ג בד""ץ",יוניליוור ישראל שיווק בעמ,,,"י""ח",750,ל  גרם,false,1,24.90,3.32,true,1,
7290112495037,false,"קוקומן בד""ץ 375ג  כדורים",יוניליוור ישראל שיווק בעמ,,,"י""ח",375,ל  גרם,false,1,19.90,5.31,true,1,
7290112495044,false,"קוקומן כדורים בד""ץ 375ב",יוניליוור ישראל שיווק בעמ,,,"י""ח",375,ל  גרם,false,1,19.90,5.31,true,1,
7290112495105,false,נשנשים שמנת בצל 260 גרם,יוניליוור ישראל שיווק בעמ,,,"י""ח",260,ל  גרם,false,1,11.90,4.58,false,1,
7290112495112,false,נשנשים זעתר  260 גרם,יוניליוור ישראל שיווק בעמ,,,"י""ח",260,ל  גרם,false,1,11.90,4.58,false,1,
7290112495150,false,נשנשים עגול מלוח 350 גר.,יוניליוור ישראל שיווק בעמ,,,"י""ח",300,ל  גרם,false,1,11.90,3.97,false,1,
7290112495167,false,נשנשים קרקר משולשי שומשום 300ג,יוניליוור ישראל שיווק בעמ,,,"י""ח",300,ל  גרם,false,1,11.90,3.97,false,1,
7290112495228,false,קורנפלקס  448ג דבש,יוניליוור ישראל שיווק בעמ,,,"י""ח",448,ל  גרם,false,1,17.90,4,true,1,
7290112495280,false,"ברנפלקס ריבועי קינמון 400מ""ל",יוניליוור ישראל שיווק בעמ,,,"י""ח",400,"ל  מ""ל",false,1,19.90,4.98,false,1,
7290112495433,false,דליפקאן 400ג אגוזי פקאן ושקדים,יוניליוור ישראל שיווק בעמ,,,"י""ח",400,ל  גרם,false,1,21.90,5.48,false,1,
7290112495471,false,"קורנפלקס כשל""פ 500גר.",יוניליוור ישראל שיווק בעמ,,,"י""ח",500,ל  גרם,false,1,15.90,3.18,false,1,
7290112495594,false,גדול גדול ללא מלח  400גר.,יוניליוור ישראל שיווק בעמ,,,"י""ח",400,ל  גרם,false,1,11.90,2.98,false,1,
7290112495754,false,הלמנס לסלט אלף האיים 305גרם,יוניליוור ישראל שיווק בעמ,,,"י""ח",305,ל  גרם,false,1,10.90,3.57,false,1,
7290112495761,false,"הלמנס לסלט אלף האיים לייט 305גרם בד""צ",יוניליוור ישראל שיווק בעמ,,,"י""ח",305,ל  גרם,false,1,10.90,3.57,false,1,
7290112495785,false,הלמנס רוטב שום 300גרם,יוניליוור ישראל שיווק בעמ,,,"י""ח",300,ל  גרם,false,1,10.90,3.63,false,1,
7290112496027,false,"סירופ שוקולד לחיץ 580 מ""ל כשל""פ אפיכל",יוניליוור ישראל שיווק בעמ,,,"י""ח",580,"ל  מ""ל",false,1,10.90,1.88,false,1,
7290112496034,false,"סירופ מייפל לחיץ 580 מ""ל כשל""פ אפיכל",יוניליוור ישראל שיווק בעמ,,,"י""ח",580,"ל  מ""ל",false,1,10.90,1.88,false,1,
7290112496331,false,קורנפלקס  448ג בננה,יוניליוור ישראל שיווק בעמ,,,"י""ח",448,ל  גרם,false,1,17.90,4,true,1,
7290112496430,false,נמס בכוס עגבניות אקסטרה אטריות,יוניליוור ישראל שיווק בעמ,,,"י""ח",39,ל  גרם,false,1,3.90,10,false,1,
7290112496461,false,נמס בכוס טעם עוף עם אטריות וקרטונים,יוניליוור ישראל שיווק בעמ,,,"י""ח",35,ל  גרם,false,1,3.90,11.14,false,1,
7290112497499,false,טבלת קליק לבן עוגיות 85ג,יוניליוור ישראל שיווק בעמ,,,"י""ח",100,ל  גרם,false,1,4.90,4.90,true,1,
7290112497727,false,פינוק אל סבון בייבי 700מ,יוניליוור ישראל שיווק בעמ,,,"י""ח",700,"ל  מ""ל",false,1,14.90,2.13,false,1,
7290112497864,false,מרק עוף רכיבים טבעיים 33% פחות נת 400ג,יוניליוור ישראל שיווק בעמ,,,"י""ח",400,ל  גרם,false,1,18.90,4.73,true,1,
7290112497994,false,גרנולה פרוטאין 300 גרם,יוניליוור ישראל שיווק בעמ,,,"י""ח",300,ל  גרם,false,1,15.90,5.30,false,1,
7290112498007,false,גרנולה פרוטאין 300 גרם,יוניליוור ישראל שיווק בעמ,,,"י""ח",300,ל  גרם,false,1,15.90,5.30,false,1,
7290112498052,false,מאגדת פתית צ`יפס עם בטטה,יוניליוור ישראל שיווק בעמ,,,"י""ח",84,ל  גרם,false,1,13.90,16.55,false,1,
7290112498069,false,"קוקומן כשל""פ ללא גלוטן",יוניליוור ישראל שיווק בעמ,,,"י""ח",375,ל  גרם,false,1,19.90,5.31,true,1,
7290112498090,false,"פינוק מרכך עם שמן חוחבה  700מ""ל",יוניליוור ישראל שיווק בעמ,,,"י""ח",700,"ל  מ""ל",false,1,11.90,1.70,true,1,
7290112498441,false,"רוטב אסייתי למוקפץ 270 מ""ל",יוניליוור ישראל שיווק בעמ,,,"י""ח",370,"ל  מ""ל",false,1,10.90,2.95,true,1,
7290112498748,false,מאגדת מיני סולרו וניל תות שדה,גלידות שטראוס בעמ,,,"י""ח",325,ל  גרם,false,1,23.90,7.35,false,1,
7290112498823,false,"מיקס עיגול כשל""פ 70ג",גלידות שטראוס בעמ,,,"י""ח",70,ל  גרם,false,1,9.90,14.14,false,1,
7290112498915,false,מאגדת  מגנום שקדים  מיני שטראוס,גלידות שטראוס בעמ,,,"י""ח",280,ל  גרם,false,1,27.90,9.96,false,1,
7290112498922,false,מאגדת  מגנום לבן מיני שטראוס,גלידות שטראוס בעמ,,,"י""ח",280,ל  גרם,false,1,27.90,9.96,false,1,
7290112498939,false,בומבה,גלידות שטראוס בעמ,,,"י""ח",1,,false,1,8,8,true,1,
7290112499097,false,מאגדת  מגנום מריר  מיני,גלידות שטראוס בעמ,,,"י""ח",280,ל  גרם,false,1,27.90,9.96,false,1,
7290112499127,false,מגנום שוקולד לבן תות אימפאלס,גלידות שטראוס בעמ,,,"י""ח",90,ל  גרם,false,1,10,11.11,true,1,
7290112499196,false,קרמיסימו החלב של קורנפלקס,גלידות שטראוס בעמ,,,"י""ח",1.33,ליטר,false,1,18.90,14.21,false,1,
7290112499219,false,גודיז מאגדת 5יח בטעם פיסטוק שוקולד,גלידות שטראוס בעמ,,,"י""ח",297,ל  גרם,false,1,19.90,6.70,false,1,
7290112499455,false,"פינוק סבון נוזלי מרוקאי 700מ""ל",יוניליוור ישראל שיווק בעמ,,,"י""ח",750,"ל  מ""ל",false,1,11.90,1.59,false,1,
7290112499462,false,"פינוק סבון נוזלי שמן קוקוס 700מ""ל",יוניליוור ישראל שיווק בעמ,,,"י""ח",750,"ל  מ""ל",false,1,11.90,1.59,false,1,
7290112499639,false,טילון סופר מגנום וניל שוקולד,גלידות שטראוס בעמ,,,"י""ח",110,ל  גרם,false,1,8,7.27,true,1,
7290112499646,false,"קורנטו טעם וניל עם וופל,פקאן",גלידות שטראוס בעמ,,,"י""ח",108,ל  גרם,false,1,8,7.41,true,1,
7290112499677,false,מגנום שוקולד 85ג  לבן,גלידות שטראוס בעמ,,,"י""ח",85,ל  גרם,false,1,8,9.41,true,1,
7290112499844,false,מאגדת  מגנום נוגט  מיני שטראוס,גלידות שטראוס בעמ,,,"י""ח",280,ל  גרם,false,1,27.90,9.96,false,1,
7290112499936,false,מגנום שקדים אימפאלס,גלידות שטראוס בעמ,,,"י""ח",90,ל  גרם,false,1,10,11.11,true,1,
7290112706362,false,שלישיית ביצי שוקולד מפרץ ההרפתקאות,שמחה זה אנחנו,,,"י""ח",1,,false,1,15,15,false,1,
7290112961266,false,בייגלה כפיות פיזור איטלקי 300ג.,קבוצת אוסם סחר-שות.מוגבלת,,,"י""ח",300,ל  גרם,false,1,11.80,3.93,false,1,
7290112961440,false,פיטנס בר פריכיות שוקולד מריר 84גר,קבוצת אוסם סחר-שות.מוגבלת,,,"י""ח",84,ל  גרם,false,1,14.90,17.74,true,1,
7290112961754,false,עוגיות  שוקוציפס קרם אגוזים אוסם,קבוצת אוסם סחר-שות.מוגבלת,,,"י""ח",200,ל  גרם,false,1,11.90,5.95,true,1,
7290112962287,false,טבעול שווארמה טבעונית  450גר,קבוצת אוסם סחר-שות.מוגבלת,,,"י""ח",500,ל  גרם,false,1,38.90,7.78,true,1,
7290112963321,false,בייגלה שטוח ללא גלוטן 300גר,קבוצת אוסם סחר-שות.מוגבלת,,,"י""ח",300,ל  גרם,false,1,14.10,4.70,false,1,
7290112963918,false,פיטנס חטיפי קרקר דק רוזמרין 140גר,קבוצת אוסם סחר-שות.מוגבלת,,,"י""ח",140,ל  גרם,false,1,13.90,9.93,true,1,
7290112964410,false,רוטב אלף האיים אסם 290 מייל.,קבוצת אוסם סחר-שות.מוגבלת,,,"י""ח",290,"ל  מ""ל",false,1,11.90,4.10,true,1,
7290112964434,false,"רוטב לסלט קיסר 290מ""ל",קבוצת אוסם סחר-שות.מוגבלת,,,"י""ח",290,"ל  מ""ל",false,1,11.90,4.10,true,1,
7290112964472,false,רוטב שום לסלט 290 מייל,קבוצת אוסם סחר-שות.מוגבלת,,,"י""ח",290,"ל  מ""ל",false,1,11.90,4.10,true,1,
7290112964564,false,רוטב שום  לייט 290 מייל,קבוצת אוסם סחר-שות.מוגבלת,,,"י""ח",290,"ל  מ""ל",false,1,11.90,4.10,true,1,
7290112964601,false,"רוטב בנוסח סצואן  360מ""ל",קבוצת אוסם סחר-שות.מוגבלת,,,"י""ח",360,ל  גרם,false,1,14.90,4.14,false,1,
7290112964625,false,רוטב שום  לייט 290 מייל,קבוצת אוסם סחר-שות.מוגבלת,,,"י""ח",290,"ל  מ""ל",false,1,11.90,4.10,true,1,
7290112964724,false,טבעול המבורגר  טבעוני 580גר,קבוצת אוסם סחר-שות.מוגבלת,,,"י""ח",580,ל  גרם,false,1,38.90,6.71,true,1,
7290112965165,false,זוג מרק נמס סוף פטריות 48גרם,קבוצת אוסם סחר-שות.מוגבלת,,,"י""ח",34,ל  גרם,false,1,6.40,18.82,false,1,
7290112965240,false,זוג מרק נמס עגבניות 60גרם,קבוצת אוסם סחר-שות.מוגבלת,,,"י""ח",60,ל  גרם,false,1,6.40,10.67,false,1,
7290112965264,false,זוג מרק נמס סוף אפונה 30 גרם,קבוצת אוסם סחר-שות.מוגבלת,,,"י""ח",30,ל  גרם,false,1,6.40,21.33,false,1,
7290112965288,false,זוג מרק נמס סוף ירקות 30גרם,קבוצת אוסם סחר-שות.מוגבלת,,,"י""ח",30,ל  גרם,false,1,6.40,21.33,false,1,
7290112965301,false,זוג מרק נמס טעם עוף  52ג,קבוצת אוסם סחר-שות.מוגבלת,,,"י""ח",52,ל  גרם,false,1,6.40,12.31,false,1,
7290112965660,false,פיטנס מולטיגרין מלח פלפל 25 גרם,קבוצת אוסם סחר-שות.מוגבלת,,,"י""ח",25,ל  גרם,false,1,5,20,true,1,
7290112965684,false,פיטנס מולטיגרין ע.תיבול 25 גרם,קבוצת אוסם סחר-שות.מוגבלת,,,"י""ח",25,ל  גרם,false,1,5,20,true,1,
7290112965707,false,פיטנס מולטיגרין צ`ילי מעודן 25 גרם,קבוצת אוסם סחר-שות.מוגבלת,,,"י""ח",25,ל  גרם,false,1,5,20,true,1,
7290112965783,false,ביסלי פריסטייל על האש 60גר,קבוצת אוסם סחר-שות.מוגבלת,,,"י""ח",600,ל  גרם,false,1,4.40,0.73,true,1,
7290112965868,false,קרם קרקר במליחות מעודנת 250גר,קבוצת אוסם סחר-שות.מוגבלת,,,"י""ח",250,ל  גרם,false,1,10.60,4.24,true,1,
7290112965943,false,טבעול נאגטס ירקות ירוקים  500גר,קבוצת אוסם סחר-שות.מוגבלת,,,"י""ח",500,ל  גרם,false,1,38.90,7.78,true,1,
7290112966247,false,לחמית כוסמין 200גר,קבוצת אוסם סחר-שות.מוגבלת,,,"י""ח",200,ל  גרם,false,1,9.90,4.95,true,1,
7290112966803,false,פודינג  שוקולד 88 ג אסם,קבוצת אוסם סחר-שות.מוגבלת,,,"י""ח",88,ל  גרם,false,1,5.90,6.70,true,1,
7290112966841,false,פודינג  שוקולד מריר 88 ג אסם,קבוצת אוסם סחר-שות.מוגבלת,,,"י""ח",88,ל  גרם,false,1,5.90,6.70,true,1,
7290112967114,false,פיטנס חטיפי פריכיות קטניות ופלפל 60ג,קבוצת אוסם סחר-שות.מוגבלת,,,"י""ח",60,ל  גרם,false,1,10.70,17.83,true,1,
7290112967138,false,בייגל שמיניה  ללא גלוטן 250גרם,קבוצת אוסם סחר-שות.מוגבלת,,,"י""ח",250,ל  גרם,false,1,11.90,4.76,false,1,
7290112967381,false,פיטנס חטיפי פריכיות קטניות ומלח ים 60גר,קבוצת אוסם סחר-שות.מוגבלת,,,"י""ח",60,ל  גרם,false,1,10.70,17.83,true,1,
7290112967572,false,"רוטב ברביקיו 290מ""ל",קבוצת אוסם סחר-שות.מוגבלת,,,"י""ח",290,"ל  מ""ל",false,1,11.90,4.10,true,1,
7290112968708,false,"שניצל תירס טבעול  1.3ק""ג",קבוצת אוסם סחר-שות.מוגבלת,,,"י""ח",1.30,"ק""ג",false,1,46.10,35.46,true,1,
7290112968807,false,פיטנס חטיפי קרקר דק סלק 150גר,קבוצת אוסם סחר-שות.מוגבלת,,,"י""ח",150,ל  גרם,false,1,13.90,9.27,true,1,
7290112968821,false,פיטנס חטיפי קרקר דק בטטה 150גר,קבוצת אוסם סחר-שות.מוגבלת,,,"י""ח",150,ל  גרם,false,1,13.90,9.27,true,1,
7290113190375,false,סילאן טבעי 900 גרם,דין שיווק וקליה 2021 בעמ,,,"י""ח",900,ל  גרם,false,1,14.90,1.66,false,1,
7290113190450,false,ממרח תמרים ירדן (בדץ).,דין שיווק וקליה 2021 בעמ,,,"י""ח",450,ל  גרם,false,1,5.90,1.31,false,1,
7290113190863,false,סילאן שקדיה 100% טבעי 385גר,דין שיווק וקליה 2021 בעמ,,,"י""ח",385,ל  גרם,false,1,14.90,3.87,false,1,
7290113192164,false,אגוזי קשיו קלופים 150ג דין שיווק,דין שיווק וקליה 2021 בעמ,,,"י""ח",150,ל  גרם,false,1,15.90,10.60,false,1,
7290113192171,false,מיקס אגוזים שקדים וחמוציו 150ג דין שיו,דין שיווק וקליה 2021 בעמ,,,"י""ח",150,ל  גרם,false,1,11.90,7.93,false,1,
7290113192300,false,חרוזית מושחר].A2בית שיטה[,קבוצת אוסם סחר-שות.מוגבלת,,,"י""ח",275,ל  גרם,false,1,11.30,4.11,true,1,
7290113192324,false,זית ירוק 340גר בית השיטה.,קבוצת אוסם סחר-שות.מוגבלת,,,"י""ח",340,ל  גרם,false,1,10.90,3.21,false,1,
7290113192331,false,בית השיטה זיתים ירוקים A2..,קבוצת אוסם סחר-שות.מוגבלת,,,"י""ח",340,ל  גרם,false,1,11.30,3.32,false,1,
7290113192348,false,זית ירוק שום בית השיטה 340גר,קבוצת אוסם סחר-שות.מוגבלת,,,"י""ח",340,ל  גרם,false,1,11.20,3.29,true,1,
7290113192355,false,חרוזית ירוק]בית השיטה[,קבוצת אוסם סחר-שות.מוגבלת,,,"י""ח",275,ל  גרם,false,1,11.10,4.04,true,1,
7290113192362,false,טבעות זיתים ירוקים A2.,קבוצת אוסם סחר-שות.מוגבלת,,,"י""ח",280,ל  גרם,false,1,11.20,4,false,1,
7290113192379,false,זיתים ירוקים מבוקעים]בית שיטה[,קבוצת אוסם סחר-שות.מוגבלת,,,"י""ח",340,ל  גרם,false,1,11.60,3.41,false,1,
7290113192386,false,זית סורי מבוקע]בית שיטה[,קבוצת אוסם סחר-שות.מוגבלת,,,"י""ח",340,ל  גרם,false,1,12.50,3.68,false,1,
7290113192478,false,מלפפון במלח .10-12בית  שיטה,קבוצת אוסם סחר-שות.מוגבלת,,,"י""ח",320,ל  גרם,false,1,9.40,2.94,false,1,
7290113192492,false,מלפפון בחומץ 13-17 בית השיטה,קבוצת אוסם סחר-שות.מוגבלת,,,"י""ח",290,ל  גרם,false,1,10.90,3.76,false,1,
7290113192508,false,מלפפון-במלח ]13-17בית שיטה[,קבוצת אוסם סחר-שות.מוגבלת,,,"י""ח",320,ל  גרם,false,1,10.90,3.41,false,1,
7290113192515,false,מלפפון במלח .18-25בית שיטה[,קבוצת אוסם סחר-שות.מוגבלת,,,"י""ח",320,ל  גרם,false,1,13.30,4.16,false,1,
7290113192522,false,מלפפון בחומץ 18-25,קבוצת אוסם סחר-שות.מוגבלת,,,"י""ח",290,ל  גרם,false,1,13.30,4.59,false,1,
7290113192539,false,מלפפון  במלח ]7-9בית  שיטה[,קבוצת אוסם סחר-שות.מוגבלת,,,"י""ח",320,ל  גרם,false,1,7.90,2.47,false,1,
7290113192546,false,מלפפון בחומץ 7-9 בית השיטה,קבוצת אוסם סחר-שות.מוגבלת,,,"י""ח",290,ל  גרם,false,1,7.90,2.72,false,1,
7290113192553,false,מלפפון במלח באלדי13-17,קבוצת אוסם סחר-שות.מוגבלת,,,"י""ח",320,ל  גרם,false,1,10.90,3.41,false,1,
7290113192560,false,שיפקה A2,קבוצת אוסם סחר-שות.מוגבלת,,,"י""ח",230,ל  גרם,false,1,7.90,3.43,true,1,
7290113192577,false,כרוב כבוש]בית   השיטה[,קבוצת אוסם סחר-שות.מוגבלת,,,"י""ח",430,ל  גרם,false,1,7.90,1.84,false,1,
7290113192997,false,זית מרוקאי 340גר בית השיטה.,קבוצת אוסם סחר-שות.מוגבלת,,,"י""ח",720,ל  גרם,false,1,12.90,1.79,false,1,
7290113193000,false,פלפל שיפקונית 230גר בית השיטה.,קבוצת אוסם סחר-שות.מוגבלת,,,"י""ח",230,ל  גרם,false,1,10.90,4.74,false,1,
7290113193017,false,בית השיטה קוקטייל זיתים,קבוצת אוסם סחר-שות.מוגבלת,,,"י""ח",275,ל  גרם,false,1,12.90,4.69,false,1,
7290113193031,false,בית השיטה חרוזית קלמטה,קבוצת אוסם סחר-שות.מוגבלת,,,"י""ח",275,ל  גרם,false,1,12.90,4.69,false,1,
7290113193321,false,שמן זית כתית מעולה בית השיטה 750 מייל,קבוצת אוסם סחר-שות.מוגבלת,,,"י""ח",750,ל  גרם,false,1,29.90,3.99,false,1,
7290113193369,false,"בית השיטה תרסיס שמן קנולה 150מ""ל",קבוצת אוסם סחר-שות.מוגבלת,,,"י""ח",150,"ל  מ""ל",false,1,14.90,9.93,false,1,
7290113193406,false,בית השיטה טבעות קוקטייל זיתים 280גר,קבוצת אוסם סחר-שות.מוגבלת,,,"י""ח",275,ל  גרם,false,1,12.90,4.69,false,1,
7290113193666,false,זיתים ירוקים שלמים סדוקים במי מלח 700ג,דין שיווק וקליה 2021 בעמ,,,"י""ח",700,ל  גרם,false,1,14.90,2.13,false,1,
7290113194090,false,טבעות קלמטה 280גר בית השיטה.,קבוצת אוסם סחר-שות.מוגבלת,,,"י""ח",280,ל  גרם,false,1,10.90,3.89,false,1,
7290113195967,false,שיבולת שועל להכנה מיידית 500גר קופסא,דין שיווק וקליה 2021 בעמ,,,"י""ח",500,ל  גרם,false,1,9.90,1.98,false,1,
7290113197169,false,חמאת בוטנים עם שברי בוטנים 510גר`,דין שיווק וקליה 2021 בעמ,,,"י""ח",510,ל  גרם,false,1,15.90,3.12,false,1,
7290113197824,false,בית השיטה לבבות דקל 220גר,קבוצת אוסם סחר-שות.מוגבלת,,,"י""ח",220,ל  גרם,false,1,12.90,5.86,true,1,
7290113198395,false,קשיו ענק 250גר מחנה יהודה,דין שיווק וקליה 2021 בעמ****,,,"י""ח",250,ל  גרם,false,1,24.90,9.96,true,1,
7290113198401,false,בוטנים קלויים ג`מבו 300גר מחנה יהודה,דין שיווק וקליה 2021 בעמ****,,,"י""ח",300,ל  גרם,false,1,19.90,6.63,true,1,
7290113198418,false,שקד קלוי ענק  250גר מחנה יהודה,דין שיווק וקליה 2021 בעמ****,,,"י""ח",250,ל  גרם,false,1,24.90,9.96,true,1,
7290113198425,false,פקאן טבעי 200גר מחנה יהודה,דין שיווק וקליה 2021 בעמ****,,,"י""ח",200,ל  גרם,false,1,24.90,12.45,true,1,
7290113198432,false,תערובת פיצוחים מובחרת 250גר מחנה יהודה,דין שיווק וקליה 2021 בעמ****,,,"י""ח",250,ל  גרם,false,1,24.90,9.96,true,1,
7290113198449,false,שקד טבעי 300גר מחנה יהודה,דין שיווק וקליה 2021 בעמ****,,,"י""ח",300,ל  גרם,false,1,24.90,8.30,true,1,
7290113198456,false,חמוציות  250גר מחנה יהודה,דין שיווק וקליה 2021 בעמ****,,,"י""ח",250,ל  גרם,false,1,9.90,3.96,true,1,
7290113198463,false,פקאו סיני 160גר מחנה יהודה,דין שיווק וקליה 2021 בעמ****,,,"י""ח",160,ל  גרם,false,1,19.90,12.44,true,1,
7290113198470,false,אגוז מלך 200גר מחנה יהודה,דין שיווק וקליה 2021 בעמ****,,,"י""ח",200,ל  גרם,false,1,14.90,7.45,true,1,
7290113198494,false,פיסטוק קלוי גדול 200גר מחנה יהודה,דין שיווק וקליה 2021 בעמ****,,,"י""ח",200,ל  גרם,false,1,24.90,12.45,true,1,
7290113198517,false,שזיף ללא גרעין 330גר מחנה יהודה,דין שיווק וקליה 2021 בעמ****,,,"י""ח",330,ל  גרם,false,1,19.90,6.03,true,1,
7290113198739,false,סוכריות גומי בננה 300ג מחנה יהודה,דין שיווק וקליה 2021 בעמ****,,,"י""ח",288,ל  גרם,false,1,14.90,5.17,true,1,
7290113199637,false,חטיף בוטנים עם רגעיני דלעת ללא סוכר.,דין שיווק וקליה 2021 בעמ,,,"י""ח",220,ל  גרם,false,1,14.90,6.77,false,1,
7290113285095,false,"כפפות  לטקס ללא אבקה  S פרפקט כשל""פ",ח.כהן סוכנות מזון ומשקאות בע,,,"י""ח",80,"י""ח",false,1,22.90,0.29,true,1,
7290113285101,false,"כפפות  לטקס ללא אבקה  M פרפקט כשל""פ",ח.כהן סוכנות מזון ומשקאות בע,,,"י""ח",80,"י""ח",false,1,22.90,0.29,true,1,
7290113285118,false,"כפפות  לטקס ללא אבקה  L פרפקט כשל""פ",ח.כהן סוכנות מזון ומשקאות בע,,,"י""ח",80,"י""ח",false,1,22.90,0.29,true,1,
7290113285125,false,"כפפות  לטקס ללא אבקה  XL פרפקט כשל""פ",ח.כהן סוכנות מזון ומשקאות בע,,,"י""ח",80,"י""ח",false,1,22.90,0.29,true,1,
7290113300125,false,בונזו מקלות בקר 50ג,דיפלומט מפיצים (1968) בעמ**,,,"י""ח",50,ל  גרם,false,1,8.90,17.80,false,1,
7290113300194,false,פאוץ מתחוני לה קט עם עוף ברוטב 85ג,דיפלומט מפיצים (1968) בעמ**,,,"י""ח",85,ל  גרם,false,1,4.90,5.76,false,1,
7290113300224,false,פאוץ מתחוני לה קט עם סלמון ברוטב 85ג,דיפלומט מפיצים (1968) בעמ**,,,"י""ח",85,ל  גרם,false,1,4.90,5.76,false,1,
7290113300231,false,פאוץ מתחוני לה קט עם בקר בגלי 85ג,דיפלומט מפיצים (1968) בעמ**,,,"י""ח",85,ל  גרם,false,1,4.90,5.76,false,1,
7290113300262,false,פאוץ מתחוני לה קט עם טונה בגלי 85ג,דיפלומט מפיצים (1968) בעמ**,,,"י""ח",85,ל  גרם,false,1,4.90,5.76,false,1,
7290113560055,false,מי פה פרדונטקס 500 מ``ל,גורי ע.ע.ע. בעמ,,,"י""ח",500,ל  גרם,false,1,31.90,6.38,true,1,
7290113560260,false,זוג מברשות סנסודיין שיקום,גורי ע.ע.ע. בעמ,,,"י""ח",75,"ל  מ""ל",false,1,29.90,39.87,true,1,
7290113560277,false,זוג מברשות סנסודיין שיקום,גורי ע.ע.ע. בעמ,,,"י""ח",75,"ל  מ""ל",false,1,29.90,39.87,true,1,
7290113860063,false,פירות קפואים מלון מחנה יהודה 350 גר.,אביב שלמה השקעות בעמ,,,"י""ח",1,,false,1,12.90,12.90,true,1,
7290113860230,false,רולר לניקוי,לפ קוצ`ינה דזיין בעמ***,,,"י""ח",1,,false,1,9.90,9.90,false,1,
7290113860247,false,עוגות אישיות שכבות עשריה פנטולה,ש.שסטוביץ בעמ,,,"י""ח",400,ל  גרם,false,1,12.90,3.23,true,1,
7290113860483,false,מלפפון 18-25 מחנה יהודה,קבוצת יבנה מוצרי מזון בעמ,,,"י""ח",600,ל  גרם,false,1,10.90,1.82,true,1,
7290113860667,false,"קמח חיטה לבן 1ק""ג מחנה יהודה",טחנות ישראליות בעמ,,,"י""ח",1,"ק""ג",false,1,7.90,7.90,true,1,
7290113860674,false,"קמח חיטה לבן 405 1ק""ג מחנה יהודה",טחנות ישראליות בעמ,,,"י""ח",1,"ק""ג",false,1,8.90,8.90,true,1,
7290113860681,false,"קמח חלות 1ק""ג מחנה יהודה",טחנות ישראליות בעמ,,,"י""ח",1,"ק""ג",false,1,8.90,8.90,true,1,
7290114310215,false,"שמנת מתוקה עמידה 38% 250  מ""ל*בד""צ",*החברה המרכזית להפצת משקאותבעמ,,,"י""ח",250,"ל  מ""ל",false,1,6.47,2.59,false,1,
7290114310222,false,חלב מועשר בסידן בויטמין D 1.5ליטר,*החברה המרכזית להפצת משקאותבעמ,,,"י""ח",1.50,ליטר,false,1,12.50,8.33,false,1,
7290114310246,false,גרנה פדנו צאנק 125ג משק צוריאל,*החברה המרכזית להפצת משקאותבעמ,,,"י""ח",125,ל  גרם,false,1,17.90,14.32,false,1,
7290114310338,false,גבינה צפתית 5% צוריאל,*החברה המרכזית להפצת משקאותבעמ,,,"י""ח",250,ל  גרם,false,1,16.90,6.76,false,1,
7290114310345,false,מעדן מוו תות 1.5% 125גר.,*החברה המרכזית להפצת משקאותבעמ,,,"י""ח",250,ל  גרם,false,1,2.90,1.16,true,1,
7290114310536,false,מולר אקטיב לייט 0% שומן טעם וניל,*החברה המרכזית להפצת משקאותבעמ,,,"י""ח",200,"ל  מ""ל",false,1,6,3,true,1,
7290114310550,false,פטה עיזים מעודנת  200גר 5%,*החברה המרכזית להפצת משקאותבעמ,,,"י""ח",200,ל  גרם,false,1,23.90,11.95,false,1,
7290114310567,false,לאבנה עיזים  200גר 5%,*החברה המרכזית להפצת משקאותבעמ,,,"י""ח",200,ל  גרם,false,1,14.90,7.45,true,1,
7290114310611,false,"משקה חלב בננה  250מ""ל בקבוק פקק ספורט",*החברה המרכזית להפצת משקאותבעמ,,,"י""ח",250,"ל  מ""ל",false,1,5.70,2.28,false,1,
7290114310628,false,משקה חלב וניל עוגיות 1ל בקבוק,*החברה המרכזית להפצת משקאותבעמ,,,"י""ח",1,ליטר,false,1,12.10,12.10,true,1,
7290114310895,false,מאגדת שמינייה סימפלי 1.5% מנגו ותות.,*החברה המרכזית להפצת משקאותבעמ,,,"י""ח",150,"ל  מ""ל",false,1,30.90,20.60,false,1,
7290114310901,false,גבינה לבנה  ב250 גרם 5%*,*החברה המרכזית להפצת משקאותבעמ,,,"י""ח",250,ל  גרם,false,1,4.98,1.99,false,1,
7290114311014,false,"שוקו חלב אייס קפוצינו 250מ""ל",*החברה המרכזית להפצת משקאותבעמ,,,"י""ח",250,"ל  מ""ל",false,1,5.70,2.28,false,1,
7290114311021,false,"שוקו חלב וניל עוגיות  250מ""ל",*החברה המרכזית להפצת משקאותבעמ,,,"י""ח",250,"ל  מ""ל",false,1,5.70,2.28,false,1,
7290114311038,false,"שמנת מתוקה 32% שומן 250מ""ל.",*החברה המרכזית להפצת משקאותבעמ,,,"י""ח",250,"ל  מ""ל",false,1,6.90,2.76,false,1,
7290114311236,false,"קופון 35% הנחה גבנ""צ נעם מדף.",החברה המרכזית להפצת משקאות בעמ,,,"י""ח",1,,false,1,0.01,0.01,false,1,
7290114311298,false,מולר תות בננה מלון FROOP MULLER,*החברה המרכזית להפצת משקאותבעמ,,,"י""ח",150,"ל  מ""ל",false,1,5.30,3.53,true,1,
7290114311328,false,חלב נטול לקטוז  1ליטר,*החברה המרכזית להפצת משקאותבעמ,,,"י""ח",1,ליטר,false,1,7.90,7.90,false,1,
7290114311458,false,חלב מועשר 3% שומן 1ליטר קרטון,*החברה המרכזית להפצת משקאותבעמ,,,"י""ח",1,ליטר,false,1,7.70,7.70,false,1,
7290114600941,false,מיונז לחיץ 435ג מאסטר שף,ש.שסטוביץ בעמ,,,"י""ח",435,ל  גרם,false,1,13.90,3.20,false,1,
7290114600989,false,"רוטב אלף האיים 250מ""ל מאסטר שף",ש.שסטוביץ בעמ,,,"י""ח",250,ל  גרם,false,1,10.90,4.36,false,1,
7290114600996,false,"רוטב שום 250מ""ל מאסטר שף",ש.שסטוביץ בעמ,,,"י""ח",250,ל  גרם,false,1,10.90,4.36,false,1,
7290114602976,false,פרי  מיניס קרקר פריך מחומוס  120ג,ש.שסטוביץ בעמ,,,"י""ח",120,ל  גרם,false,1,9.90,8.25,true,1,
7290114603508,false,"מאסטר שף רוטב להקפצה 300מ""ל",ש.שסטוביץ בעמ,,,"י""ח",300,ל  גרם,false,1,9.90,3.30,false,1,
7290114604840,false,"דפי אורז קוטר 16 כשל""פ מאסטר שף",ש.שסטוביץ בעמ,,,"י""ח",400,ל  גרם,false,1,14.90,3.73,true,1,
7290114604895,false,ממרח ספייסי לחיץ 446ג מאסטר שף,ש.שסטוביץ בעמ,,,"י""ח",446,ל  גרם,false,1,13.90,3.12,false,1,
7290114604901,false,ממרח שום לחיץ 446ג מאסטר שף,ש.שסטוביץ בעמ,,,"י""ח",446,ל  גרם,false,1,13.90,3.12,false,1,
7290114604925,false,"קרם קוקוס לייט  פחית  400מ""ל",ש.שסטוביץ בעמ,,,"י""ח",400,"ל  מ""ל",false,1,9.90,2.48,false,1,
7290114606530,false,רוטב בטעם מיונז וקטשופ 515ג מאסטר שף,ש.שסטוביץ בעמ,,,"י""ח",515,ל  גרם,false,1,13.90,2.70,false,1,
7290114606554,false,מיונז לייט לחיץ 470ג מאסטר שף,ש.שסטוביץ בעמ,,,"י""ח",470,ל  גרם,false,1,13.90,2.96,false,1,
7290114606561,false,איטריות אורז דקות   400גר,ש.שסטוביץ בעמ,,,"י""ח",400,ל  גרם,false,1,8.90,2.23,false,1,
7290114607391,false,"קולגייט מ.ילדים ברבי  75מ""ל",ש.שסטוביץ בעמ,,,"י""ח",100,"ל  מ""ל",false,1,14.90,14.90,false,1,
7290114608695,false,מיונז עם ווסאבי לחיץ 435ג מאסטר שף,ש.שסטוביץ בעמ,,,"י""ח",435,ל  גרם,false,1,13.90,3.20,true,1,
7290114720878,false,נורות זוגות 75 אור לבן,פוגיקום בעמ,,,"י""ח",1,,false,1,19.90,19.90,true,1,
7290114720885,false,נורות זוגות  אור צהוב,פוגיקום בעמ,,,"י""ח",1,,false,1,19.90,19.90,true,1,
7290114750820,false,דאודורנט קליר ג ל מארז זוג,דיפלומט מפיצים 1968 בעמ,,,"י""ח",100,ל  גרם,false,1,32.90,32.90,true,1,
7290115073713,false,ביצי שוקולד שלישייה טום וגרי,שמחה זה אנחנו,,,"י""ח",1,,false,1,14.90,14.90,false,1,
7290115073720,false,ביצי שוקולד שלישייה לוני טונס,שמחה זה אנחנו,,,"י""ח",1,,false,1,14.90,14.90,false,1,
7290115120752,false,חטיף באדי סנאק צ`יקן דאמבל 80גרם.,נאמן לאורך זמן בעמ,,,"י""ח",270,ל  גרם,false,1,13.90,5.15,true,1,
7290115120769,false,חטיף באדי סנאק מקלות בשר 80גרם,נאמן לאורך זמן בעמ,,,"י""ח",270,ל  גרם,false,1,13.90,5.15,true,1,
7290115190014,false,מרלבורו רד קצר בודד.,פיליפ מוריס בעמ,,,"י""ח",1,,false,1,34.90,34.90,false,1,
7290115190083,false,מרלבורו גולד  X 10יח,פיליפ מוריס בעמ,,,"י""ח",1,,false,1,349,349,false,1,
7290115190090,false,מרלבורו גולד קצר בודד,פיליפ מוריס בעמ,,,"י""ח",1,,false,1,34.90,34.90,false,1,
7290115190137,false,מלבורו פיין טאצ`7.1,פיליפ מוריס בעמ,,,"י""ח",1,,false,1,30.90,30.90,false,1,
7290115190151,false,מלבורו טאצ`7.1,פיליפ מוריס בעמ,,,"י""ח",1,,false,1,30.90,30.90,false,1,
7290115190175,false,פרלמנט סופר סלימס בודד,פיליפ מוריס בעמ,,,"י""ח",1,,false,1,39.50,39.50,false,1,
7290115190199,false,פרלמנט ארוך RCB בודד,פיליפ מוריס בעמ,,,"י""ח",1,,false,1,39.50,39.50,false,1,
7290115190212,false,פרלנמט ארוך בלו RCB בודד,פיליפ מוריס בעמ,,,"י""ח",1,,false,1,39.50,39.50,false,1,
7290115190236,false,פרלמנט קצר בלו בודד,פיליפ מוריס בעמ,,,"י""ח",1,,false,1,39.50,39.50,false,1,
7290115190250,false,פרלמנט קצר בודד,פיליפ מוריס בעמ,,,"י""ח",1,,false,1,39.50,39.50,false,1,
7290115190274,false,פרלמנט סילבר בודד,פיליפ מוריס בעמ,,,"י""ח",1,,false,1,39.50,39.50,false,1,
7290115190335,false,ל.מ.בלו ארוך בודד,פיליפ מוריס בעמ,,,"י""ח",1,,false,1,30.50,30.50,false,1,
7290115190342,false,אל אם בלו 10יח פקאט,פיליפ מוריס בעמ,,,"י""ח",1,,false,1,299.90,299.90,false,1,
7290115190359,false,אל אם  קצר,פיליפ מוריס בעמ,,,"י""ח",1,,false,1,30.50,30.50,false,1,
7290115190373,false,אל אם פורוורד בודד,פיליפ מוריס בעמ,,,"י""ח",1,,false,1,30.50,30.50,false,1,
7290115190397,false,אל אם אדום קצר,פיליפ מוריס בעמ,,,"י""ח",1,,false,1,30.50,30.50,false,1,
7290115190434,false,אל אם וייב,פיליפ מוריס בעמ,,,"י""ח",1,,false,1,30.50,30.50,false,1,
7290115190458,false,נקסט אדג` בודד,פיליפ מוריס בעמ,,,"י""ח",1,,false,1,26.50,26.50,true,1,
7290115190472,false,נקסט פיין אדג` בודד,פיליפ מוריס בעמ,,,"י""ח",1,,false,1,26.50,26.50,true,1,
7290115190496,false,נקסט 100 בודד,פיליפ מוריס בעמ,,,"י""ח",1,,false,1,29.90,29.90,false,1,
7290115190519,false,נקסט לייט בודד,פיליפ מוריס בעמ,,,"י""ח",1,,false,1,29.90,29.90,false,1,
7290115190526,false,נקסט ריסס ארוך פקאט 10 יחידות,פיליפ מוריס בעמ,,,"י""ח",1,,false,1,268.90,268.90,false,1,
7290115190533,false,נקסט ריסס 100,פיליפ מוריס בעמ,,,"י""ח",1,,false,1,26.90,26.90,true,1,
7290115190540,false,נקסט ריסס קצר פקאט 10 יחידות,פיליפ מוריס בעמ,,,"י""ח",1,,false,1,268.90,268.90,false,1,
7290115190557,false,נקסט ריסס,פיליפ מוריס בעמ,,,"י""ח",1,,false,1,26.90,26.90,true,1,
7290115190564,false,נקסט לילך פקאט 10 יחידות,פיליפ מוריס בעמ,,,"י""ח",1,,false,1,289.90,289.90,false,1,
7290115190595,false,נקסט בודד,פיליפ מוריס בעמ,,,"י""ח",1,,false,1,29.90,29.90,false,1,
7290115190892,false,מרלבורו פיוז`ן קפסולה,פיליפ מוריס בעמ,,,"י""ח",1,,false,1,28,28,true,1,
7290115190939,false,אל אם קפסולה חפיסה,פיליפ מוריס בעמ,,,"י""ח",1,,false,1,26.50,26.50,true,1,
7290115191035,false,מרלבורו סאמר ספלאש,פיליפ מוריס בעמ,,,"י""ח",1,,false,1,30.90,30.90,true,1,
7290115200003,false,פתי בר פינוקי וניל 220גר,קבוצת אוסם סחר-שות.מוגבלת,,,"י""ח",220,ל  גרם,false,1,10.90,4.95,true,1,
7290115200027,false,פתי בר פינוקי שוקו 220גר,קבוצת אוסם סחר-שות.מוגבלת,,,"י""ח",220,ל  גרם,false,1,10.90,4.95,true,1,
7290115200676,false,קרמוגיתקרמל מלוח 200גר אוסם,קבוצת אוסם סחר-שות.מוגבלת,,,"י""ח",200,ל  גרם,false,1,11.90,5.95,true,1,
7290115201031,false,פתי בר פינוקי דובי שוקולד 175גר.,קבוצת אוסם סחר-שות.מוגבלת,,,"י""ח",175,ל  גרם,false,1,10.90,6.23,true,1,
7290115201451,false,טבעול גורמה לביבות בטטה קארי 455גר,קבוצת אוסם סחר-שות.מוגבלת,,,"י""ח",450,ל  גרם,false,1,34.90,7.76,true,1,
7290115201475,false,טבעול גורמה לביבות קרישה 434גר,קבוצת אוסם סחר-שות.מוגבלת,,,"י""ח",434,ל  גרם,false,1,34.90,8.04,true,1,
7290115201536,false,"טבעול גורמה לביבות כרובית ותפו""א 442גר",קבוצת אוסם סחר-שות.מוגבלת,,,"י""ח",442,ל  גרם,false,1,29.90,6.76,true,1,
7290115201680,false,ביסלי  ברביקיו}קטן{,קבוצת אוסם סחר-שות.מוגבלת,,,"י""ח",70,ל  גרם,false,1,4.40,6.29,true,1,
7290115202434,false,חומוס עם זעתר 375גר,קבוצת אוסם סחר-שות.מוגבלת,,,"י""ח",375,ל  גרם,false,1,13.70,3.65,true,1,
7290115202786,false,מנה חמה נודלס אטריות טעם בקר 70גר.,קבוצת אוסם סחר-שות.מוגבלת,,,"י""ח",70,ל  גרם,false,1,4.90,7,false,1,
7290115202816,false,מנה חמה נודלס אטריות טעם עוף 70גר.,קבוצת אוסם סחר-שות.מוגבלת,,,"י""ח",70,ל  גרם,false,1,4.90,7,false,1,
7290115202847,false,מנה חמה נודלס ספייסי 70גר.,קבוצת אוסם סחר-שות.מוגבלת,,,"י""ח",70,ל  גרם,false,1,4.90,7,false,1,
7290115202939,false,מנה חמה רייס נודלס עוף פטריות 50גר.,קבוצת אוסם סחר-שות.מוגבלת,,,"י""ח",50,ל  גרם,false,1,8.90,17.80,true,1,
7290115203172,false,במבה פרו אסם{,קבוצת אוסם סחר-שות.מוגבלת,,,"י""ח",80,ל  גרם,false,1,4.30,5.38,true,1,
7290115203486,false,פירורית  200גר,קבוצת אוסם סחר-שות.מוגבלת,,,"י""ח",200,ל  גרם,false,1,7.40,3.70,false,1,
7290115203806,false,"רוטב בסיס לבישול אסם 290מ""ל",קבוצת אוסם סחר-שות.מוגבלת,,,"י""ח",290,ל  גרם,false,1,13,4.48,false,1,
7290115204056,false,"קטשופ מופחת סוכר אסם 690 גרם כשל""פ",קבוצת אוסם סחר-שות.מוגבלת,,,"י""ח",690,ל  גרם,false,1,11.90,1.72,true,1,
7290115204131,false,צבר סחוג ירוק 190גר,קבוצת אוסם סחר-שות.מוגבלת,,,"י""ח",190,ל  גרם,false,1,11.90,6.26,true,1,
7290115204155,false,צבר סחוג אדום 190גר,קבוצת אוסם סחר-שות.מוגבלת,,,"י""ח",190,ל  גרם,false,1,11.90,6.26,true,1,
7290115204247,false,צבר עגבניות מיובשות 190גר,קבוצת אוסם סחר-שות.מוגבלת,,,"י""ח",190,ל  גרם,false,1,16.90,8.89,true,1,
7290115204261,false,צבר אריסה 190גר,קבוצת אוסם סחר-שות.מוגבלת,,,"י""ח",190,ל  גרם,false,1,11.90,6.26,true,1,
7290115205176,false,פיטנס חטיפי קרקר כפרי 140גר.,קבוצת אוסם סחר-שות.מוגבלת,,,"י""ח",140,ל  גרם,false,1,13.90,9.93,true,1,
7290115205251,false,פיטנס בר פריכיות קרמל מלוח 84גר,קבוצת אוסם סחר-שות.מוגבלת,,,"י""ח",84,ל  גרם,false,1,14.90,17.74,true,1,
7290115205312,false,פיטנס חטיפי קרקר זיתים 140גר.,קבוצת אוסם סחר-שות.מוגבלת,,,"י""ח",140,ל  גרם,false,1,12.90,9.21,true,1,
7290115205527,false,פיטנס מולטיגרין עם עדשים 25 גרם,קבוצת אוסם סחר-שות.מוגבלת,,,"י""ח",25,ל  גרם,false,1,4.90,19.60,true,1,
7290115205541,false,פיטנס מולטיגרין עם חומוס 25 גרם,קבוצת אוסם סחר-שות.מוגבלת,,,"י""ח",25,ל  גרם,false,1,4.90,19.60,true,1,
7290115205633,false,טבעול סנסשיונל נקניקיות 350ג.,קבוצת אוסם סחר-שות.מוגבלת,,,"י""ח",350,ל  גרם,false,1,29.90,8.54,false,1,
7290115205978,false,פתי בר אצבעות שוקולד 180גר,קבוצת אוסם סחר-שות.מוגבלת,,,"י""ח",180,ל  גרם,false,1,11.90,6.61,true,1,
7290115207484,false,צבר חציל על האש היתר 400גר`,קבוצת אוסם סחר-שות.מוגבלת,,,"י""ח",400,ל  גרם,false,1,15.90,3.98,true,1,
7290115207620,false,"רוטב בסגנון סויה קלאסי 290מ""ל",קבוצת אוסם סחר-שות.מוגבלת,,,"י""ח",360,ל  גרם,false,1,11.90,3.31,false,1,
7290115207682,false,רוטב בסגנון סויה סיני 290מל בקבוק,קבוצת אוסם סחר-שות.מוגבלת,,,"י""ח",290,"ל  מ""ל",false,1,11.90,4.10,true,1,
7290115207811,false,טבעול נקניקיות טבעוניות  418ג.,קבוצת אוסם סחר-שות.מוגבלת,,,"י""ח",418,ל  גרם,false,1,38.90,9.31,true,1,
7290115207941,false,סירופ אננס 1 ליטר,קבוצת אוסם סחר-שות.מוגבלת,,,"י""ח",1,ליטר,false,1,21.90,21.90,false,1,
7290115207989,false,סירופ לימון 1 ליטר,קבוצת אוסם סחר-שות.מוגבלת,,,"י""ח",1,ליטר,false,1,21.90,21.90,false,1,
7290115208009,false,סירופ ענבים 1 ליטר,קבוצת אוסם סחר-שות.מוגבלת,,,"י""ח",1,ליטר,false,1,21.90,21.90,false,1,
7290115208047,false,סירופ פטל 1 ליטר,קבוצת אוסם סחר-שות.מוגבלת,,,"י""ח",1,ליטר,false,1,21.90,21.90,false,1,
7290115208061,false,סירופ תפוח 1 ליטר,קבוצת אוסם סחר-שות.מוגבלת,,,"י""ח",1,ליטר,false,1,21.90,21.90,false,1,
7290115208320,false,אפרופו טעם ביסלי בצל 50 גרם,קבוצת אוסם סחר-שות.מוגבלת,,,"י""ח",50,ל  גרם,false,1,3.90,7.80,true,1,
7290115208344,false,שטוחים בייגלה כפיות שמנת בצל 300גר,קבוצת אוסם סחר-שות.מוגבלת,,,"י""ח",300,ל  גרם,false,1,11.80,3.93,false,1,
7290115208597,false,קרמוגית מיניס קרמל מלוח 200גר,קבוצת אוסם סחר-שות.מוגבלת,,,"י""ח",200,ל  גרם,false,1,11.90,5.95,true,1,
7290115208801,false,לחמית כפרית עם דגנים מלאים 190 ג`,קבוצת אוסם סחר-שות.מוגבלת,,,"י""ח",190,ל  גרם,false,1,9.90,5.21,true,1,
7290115209198,false,במבה אורירית 80גר אסם{,קבוצת אוסם סחר-שות.מוגבלת,,,"י""ח",80,ל  גרם,false,1,3.90,4.88,true,1,
7290115209235,false,פתיבר קפה 500 אוסם,קבוצת אוסם סחר-שות.מוגבלת,,,"י""ח",500,ל  גרם,false,1,13.90,2.78,true,1,
7290115209358,false,במבה במילוי בראוניז 60גר אסם{,קבוצת אוסם סחר-שות.מוגבלת,,,"י""ח",600,ל  גרם,false,1,4.30,0.72,true,1,
7290115209372,false,במבה במילוי בראוניז  150 גרם אוסם,קבוצת אוסם סחר-שות.מוגבלת,,,"י""ח",200,ל  גרם,false,1,10.90,5.45,true,1,
7290115209730,false,קופון מתנה צבר ממרחים.,קבוצת אוסם סחר-שות.מוגבלת,,,"י""ח",220,ל  גרם,false,1,0.01,0,false,1,
7290115400274,false,"מיני דובשניות 400ג בד""צ",שיבולים ייצור ושיווק מאפה בעמ,,,"י""ח",400,ל  גרם,false,1,11.90,2.98,false,1,
7290115403299,false,עוגיות פרפריות  450ג דל,שיבולים ייצור ושיווק מאפה בעמ,,,"י""ח",450,ל  גרם,false,1,15.90,3.53,false,1,
7290115403312,false,עוגיות מלוחות קריספי עגול  450ג דל,שיבולים ייצור ושיווק מאפה בעמ,,,"י""ח",450,ל  גרם,false,1,15.90,3.53,false,1,
7290115403329,false,עוגיות רשת קינמון מסוכרות  450ג דל,שיבולים ייצור ושיווק מאפה בעמ,,,"י""ח",450,ל  גרם,false,1,15.90,3.53,false,1,
7290115403367,false,עוגיות קוואקר פריכות 500ג דל,שיבולים ייצור ושיווק מאפה בעמ,,,"י""ח",500,ל  גרם,false,1,15.90,3.18,false,1,
7290115403381,false,עוגיות פיצפוצים לבן  500ג דלי,שיבולים ייצור ושיווק מאפה בעמ,,,"י""ח",500,ל  גרם,false,1,15.90,3.18,false,1,
7290115403435,false,עוגיות מעמול תמר  500ג דל,שיבולים ייצור ושיווק מאפה בעמ,,,"י""ח",500,ל  גרם,false,1,15.90,3.18,false,1,
7290115403459,false,עוגיות נסיכה טעם תות  500ג דל,שיבולים ייצור ושיווק מאפה בעמ,,,"י""ח",500,ל  גרם,false,1,15.90,3.18,false,1,
7290115403480,false,עוגיות בסגנון מרוקאי מיני  500ג דל,שיבולים ייצור ושיווק מאפה בעמ,,,"י""ח",500,ל  גרם,false,1,15.90,3.18,false,1,
7290115403510,false,עוגיות מגולגלות תמרים  500ג דל,שיבולים ייצור ושיווק מאפה בעמ,,,"י""ח",500,ל  גרם,false,1,15.90,3.18,false,1,
7290115403527,false,עוגיות עינוגי תמרים  500ג דל,שיבולים ייצור ושיווק מאפה בעמ,,,"י""ח",500,ל  גרם,false,1,15.90,3.18,false,1,
7290115403565,false,עוגיות קיפל וניל  500ג דל,שיבולים ייצור ושיווק מאפה בעמ,,,"י""ח",500,ל  גרם,false,1,15.90,3.18,false,1,
7290115405651,false,כדורי שוקולד סוכריות 300גר,קפולסקי אדל בעמ,,,"י""ח",280,ל  גרם,false,1,29.90,10.68,false,1,
7290115405774,false,פחזניות ממולאות טעם וניל 180ג,קפולסקי אדל בעמ,,,"י""ח",180,ל  גרם,false,1,13.90,7.72,false,1,
7290115405781,false,פחזניות ממולאות טעם שוקולד 180ג.,קפולסקי אדל בעמ,,,"י""ח",180,ל  גרם,false,1,13.90,7.72,false,1,
7290115405798,false,פחזניות ממולאות טעם ריבת חלב 180ג.,קפולסקי אדל בעמ,,,"י""ח",180,ל  גרם,false,1,13.90,7.72,false,1,
7290115405804,false,פחזניות ממולאות טעם תות 180ג.,קפולסקי אדל בעמ,,,"י""ח",180,ל  גרם,false,1,13.90,7.72,false,1,
7290115405811,false,קינוח אישי גבינה פירורי עוגיות 200גרם,קפולסקי אדל בעמ,,,"י""ח",200,ל  גרם,false,1,16.90,8.45,false,1,
7290115480009,false,"סוד מרכך מרוכז ירוק 900מ""ל",גורי שיווק בעמ,,,"י""ח",90,"ל  מ""ל",false,1,11.90,13.22,true,1,
7290115642476,false,מיכלי איחסון 1ליטר.,צבע ומכחול (2014) בעמ,,,"י""ח",5,"י""ח",false,1,9.90,1.98,true,1,
7290115642483,false,מיכלי איחסון 2ליטר.,צבע ומכחול (2014) בעמ,,,"י""ח",5,"י""ח",false,1,9.90,1.98,true,1,
7290115670677,false,גרנולה פירות טרופיים 400גר,שטראוס גרופ בעמ,,,"י""ח",400,ל  גרם,false,1,13.90,3.48,true,1,
7290115670691,false,גרנולה פירות יער 400גר,שטראוס גרופ בעמ,,,"י""ח",400,ל  גרם,false,1,13.90,3.48,true,1,
7290115671223,false,מסטיק מאסט פאן אבטיח מנגו 58גר,שטראוס גרופ בעמ,,,"י""ח",58,ל  גרם,false,1,9.90,17.07,true,1,
7290115671308,false,מסטיק מאסט פאן תות דובדבן 58גר,שטראוס גרופ בעמ,,,"י""ח",58,ל  גרם,false,1,9.90,17.07,true,1,
7290115671346,false,מיני פינוקיות טופי קרמל מלוח 180גר,שטראוס גרופ בעמ,,,"י""ח",200,ל  גרם,false,1,10.90,5.45,true,1,
7290115671353,false,מיני פינוקיות שחור לבן 180גר,שטראוס גרופ בעמ,,,"י""ח",200,ל  גרם,false,1,10.90,5.45,true,1,
7290115675986,false,דנונה קראנצי עם אגוזים מקורמלים,שטראוס גרופ ***בעמ,,,"י""ח",173,"ל  מ""ל",false,1,4.40,2.54,true,1,
7290115676051,false,"משקה אקטיביה עם ש""ש מתיקות מעודנת 1.2%",שטראוס גרופ ***בעמ,,,"י""ח",265,"ל  מ""ל",false,1,4.90,1.85,true,1,
7290115676082,false,דנונה פרו 20 משקה תות 265גר,שטראוס גרופ ***בעמ,,,"י""ח",265,"ל  מ""ל",false,1,6.90,2.60,true,1,
7290115676099,false,דנונה פרו 20 משקה וניל 265גר,שטראוס גרופ ***בעמ,,,"י""ח",265,"ל  מ""ל",false,1,6.90,2.60,true,1,
7290115676273,false,שקית קקאו 500 גרם+10%  עלית,שטראוס גרופ בעמ,,,"י""ח",500,ל  גרם,false,1,23.90,4.78,true,1,
7290115677089,false,קונפיטורה תפוח וקינמון 340גר,שטראוס גרופ בעמ,,,"י""ח",340,ל  גרם,false,1,13.50,3.97,true,1,
7290115677140,false,תפוציפס פפריקהWAVY  200 ג,שטראוס פריטו ליי בעמ,,,"י""ח",200,ל  גרם,false,1,10.90,5.45,true,1,
7290115678376,false,מעדן הגולן בודד 125גר,שטראוס גרופ ***בעמ,,,"י""ח",125,ל  גרם,false,1,2.90,2.32,true,1,
7290115678383,false,מעדן הגולן שוקולד מריר בודד 125גר,שטראוס גרופ ***בעמ,,,"י""ח",125,ל  גרם,false,1,2.90,2.32,true,1,
7290115678635,false,נשנושי גבינה 16% עם חטיף אפוי עם כעכים,שטראוס גרופ ***בעמ,,,"י""ח",67,ל  גרם,false,1,10.90,16.27,true,1,
7290115678970,false,שלישיית סוכריות Fresh בזוקה,שטראוס גרופ בעמ,,,"י""ח",45,ל  גרם,false,1,7.90,17.56,true,1,
7290115679731,false,דלישס שייק פירות ירוק 150*2,קפוא זן תעשיות מזון בעמ,,,"י""ח",300,ל  גרם,false,1,21.90,7.30,false,1,
7290115679779,false,דלישס שייק פירות אדום 150*2,קפוא זן תעשיות מזון בעמ,,,"י""ח",300,ל  גרם,false,1,21.90,7.30,false,1,
7290116244020,false,אצבעות ש. חלב 84ג ליגת הצדק,שמחה זה אנחנו,,,"י""ח",84,ל  גרם,false,1,7.90,9.40,false,1,
7290116244037,false,אצבעות ש. חלב 84ג חד קרן,שמחה זה אנחנו,,,"י""ח",84,ל  גרם,false,1,7.90,9.40,false,1,
7290116244075,false,אצבעות ש. חלב 84ג סמי הכבאי,שמחה זה אנחנו,,,"י""ח",84,ל  גרם,false,1,7.90,9.40,false,1,
7290116244082,false,אצבעות ש. חלב 84ג מפרץ,שמחה זה אנחנו,,,"י""ח",84,ל  גרם,false,1,7.90,9.40,false,1,
7290116244099,false,זוג אצבעות שוקולד חלב 28ג באטמן,שמחה זה אנחנו,,,"י""ח",28,ל  גרם,false,1,3.90,13.93,false,1,
7290116244105,false,זוג אצבעות שוקולד חלב 28ג חד קרן,שמחה זה אנחנו,,,"י""ח",28,ל  גרם,false,1,3.90,13.93,false,1,
7290116244129,false,זוג אצבעות שוקולד חלב 28ג מיניונים,שמחה זה אנחנו,,,"י""ח",28,ל  גרם,false,1,3.90,13.93,false,1,
7290116244136,false,זוג אצבעות שוקולד חלב 28ג מפרץ,שמחה זה אנחנו,,,"י""ח",28,ל  גרם,false,1,3.90,13.93,false,1,
7290116247052,false,שוקולד חלב על מקל 30ג ריינבוקורן,שמחה זה אנחנו,,,"י""ח",30,ל  גרם,false,1,5.90,19.67,false,1,
7290116247069,false,שוקולד חלב על מקל 30ג כח פי גיי,שמחה זה אנחנו,,,"י""ח",30,ל  גרם,false,1,5.90,19.67,false,1,
7290116247076,false,שוקולד חלב על מקל 30ג סמי הכבאי,שמחה זה אנחנו,,,"י""ח",30,ל  גרם,false,1,5.90,19.67,false,1,
7290116530000,false,"דאב תרחיץ פנים מלפפון ותה ירוק 180מ""ל",יוניליוור ישראל שיווק בעמ,,,"י""ח",180,"ל  מ""ל",false,1,11.90,6.61,false,1,
7290116530116,false,מארז קליק  ברים שוקולד נוגט לבן שלישייה,יוניליוור ישראל שיווק בעמ,,,"י""ח",106,ל  גרם,false,1,12,11.32,true,1,
7290116530161,false,"פינוק סבון נוזלי אננס 700מ""ל",יוניליוור ישראל שיווק בעמ,,,"י""ח",750,"ל  מ""ל",false,1,11.90,1.59,false,1,
7290116530215,false,אקס סטיק שוקולד 77 גרם,יוניליוור ישראל שיווק בעמ,,,"י""ח",77,ל  גרם,false,1,14.90,19.35,false,1,
7290116530482,false,מארז קורנפלקס של אלופים 150גר,יוניליוור ישראל שיווק בעמ,,,"י""ח",150,ל  גרם,false,1,10,6.67,false,1,
7290116531021,false,שוקולד חלב  ורד הגליל 100ג,יוניליוור ישראל שיווק בעמ,,,"י""ח",100,ל  גרם,false,1,4.90,4.90,false,1,
7290116531076,false,מרק פטריות קנור  225ג,יוניליוור ישראל שיווק בעמ,,,"י""ח",225,ל  גרם,false,1,14.90,6.62,false,1,
7290116531083,false,ברנפלקס שקדים ודבש  400גרם,יוניליוור ישראל שיווק בעמ,,,"י""ח",500,ל  גרם,false,1,19.90,3.98,true,1,
7290116531090,false,דגדג במליחות מעודנת 250גר,יוניליוור ישראל שיווק בעמ,,,"י""ח",250,ל  גרם,false,1,9.90,3.96,true,1,
7290116531656,false,"פינוק מרכך תפוח 700מ""ל",יוניליוור ישראל שיווק בעמ,,,"י""ח",700,"ל  מ""ל",false,1,11.90,1.70,true,1,
7290116531762,false,בדין דפי מרכך 40 יח,יוניליוור ישראל שיווק בעמ,,,"י""ח",40,"י""ח",false,1,15.90,0.40,false,1,
7290116531779,false,בדין דפי מרכך כחול-40.,יוניליוור ישראל שיווק בעמ,,,"י""ח",40,"י""ח",false,1,15.90,0.40,false,1,
7290116531793,false,הלמנס רוטב לסלט קיסר 295ג,יוניליוור ישראל שיווק בעמ,,,"י""ח",295,ל  גרם,false,1,10.90,3.69,false,1,
7290116531830,false,כריות תלמה קינמון 686ג בדץ,יוניליוור ישראל שיווק בעמ,,,"י""ח",750,ל  גרם,false,1,24.90,3.32,true,1,
7290116532219,false,קורנפלקס  448ג תות,יוניליוור ישראל שיווק בעמ,,,"י""ח",448,ל  גרם,false,1,17.90,4,true,1,
7290116532387,false,"אל סבון ידיים חמאת שיאה  950מ""ל",יוניליוור ישראל שיווק בעמ,,,"י""ח",950,ל  גרם,false,1,9.90,1.04,false,1,
7290116532615,false,פינוק שמפו בתוספת תמצית גוג`י ברי 700מ,יוניליוור ישראל שיווק בעמ,,,"י""ח",700,"ל  מ""ל",false,1,11.90,1.70,true,1,
7290116532721,false,הלמנס רוטב לסלט לימון וזעתר 295ג,יוניליוור ישראל שיווק בעמ,,,"י""ח",295,ל  גרם,false,1,9.90,3.36,false,1,
7290116532769,false,גרנולה פרוטאין 300 גרם.,יוניליוור ישראל שיווק בעמ,,,"י""ח",300,ל  גרם,false,1,15.90,5.30,false,1,
7290116532882,false,נשנושים איירביס 150ג טעם בצל,יוניליוור ישראל שיווק בעמ,,,"י""ח",150,ל  גרם,false,1,11.90,7.93,false,1,
7290116532899,false,נשנושים איירביס 150ג טעם פלאפל,יוניליוור ישראל שיווק בעמ,,,"י""ח",150,ל  גרם,false,1,11.90,7.93,false,1,
7290116532905,false,נשנושים איירביס 150ג טעם ברביקיו,יוניליוור ישראל שיווק בעמ,,,"י""ח",150,ל  גרם,false,1,11.90,7.93,false,1,
7290116533094,false,"פינוק שמפו בניחוח ורדים לבנים 700מ""ל",יוניליוור ישראל שיווק בעמ,,,"י""ח",700,"ל  מ""ל",false,1,11.90,1.70,true,1,
7290116533100,false,"פינוק מרכך בניחוח ורדים לבנים 700מ""ל",יוניליוור ישראל שיווק בעמ,,,"י""ח",700,"ל  מ""ל",false,1,11.90,1.70,true,1,
7290116533216,false,מרק ירקות קנור  235ג,יוניליוור ישראל שיווק בעמ,,,"י""ח",235,ל  גרם,false,1,14.90,6.34,false,1,
7290116533230,false,דליאגוז 400ג אגוזי לוז שלמים,יוניליוור ישראל שיווק בעמ,,,"י""ח",400,ל  גרם,false,1,21.90,5.48,false,1,
7290116930015,false,חטיף חלבון GO קרמל ח.בוטנים קריס 20 גרם.,שקד תבל בעמ,,,"י""ח",1,,false,1,11.90,11.90,false,1,
7290116930022,false,חטיף חלבון GO קרם עוגיות ציפוי 20 גרם.,שקד תבל בעמ,,,"י""ח",1,,false,1,11.90,11.90,false,1,
7290116930282,false,ארוחה בקטנה לאבנה עם קרקרים 150ג,תנובה בעמ ***,,,"י""ח",150,ל  גרם,false,1,7.90,5.27,false,1,
7290116930435,false,יוגורט גו סמיך 0% דובדבן,תנובה בעמ ***,,,"י""ח",200,"ל  מ""ל",false,1,5.90,2.95,true,1,
7290116930459,false,"יופלה שייק פירות 230מ""ל",תנובה בעמ ***,,,"י""ח",230,"ל  מ""ל",false,1,7.90,3.43,false,1,
7290116930480,false,"יופלה שייק פירות 230מ""ל",תנובה בעמ ***,,,"י""ח",230,"ל  מ""ל",false,1,7.90,3.43,false,1,
7290116930626,false,ארוחה בקטנה ציזיק עם קרקרים 150ג,תנובה בעמ ***,,,"י""ח",150,ל  גרם,false,1,7.90,5.27,false,1,
7290116930701,false,מעדן חלב גו טעם קרמל מלוח 120ג,תנובה בעמ ***,,,"י""ח",120,"ל  מ""ל",false,1,5.20,4.33,false,1,
7290116930954,false,יופלה טעם פאי תפוחים  3% 150ג,תנובה בעמ ***,,,"י""ח",150,"ל  מ""ל",false,1,5,3.33,false,1,
7290116931074,false,טל עמק פרוס 32% 300ג,תנובה בעמ ***,,,"י""ח",300,ל  גרם,false,1,25.90,8.63,false,1,
7290116931081,false,מעדן סויה בטעם טופי קרמל 125ג,תנובה בעמ ***,,,"י""ח",125,"ל  מ""ל",false,1,3.70,2.96,false,1,
7290116931463,false,מאגדת צפתית 200ג*2,תנובה בעמ ***,,,"י""ח",400,ל  גרם,false,1,25.90,6.48,false,1,
7290117030530,false,אשפתון גופיה נשלף אחד אחד XL שווה,ח.כהן סוכנות מזון ומשקאות בע,,,"י""ח",25,"י""ח",false,1,18.90,0.76,false,1,
7290117030547,false,כוסות חד פעמי שתיה קרה 80יח,ח.כהן סוכנות מזון ומשקאות בע,,,"י""ח",1,"י""ח",false,1,5.90,5.90,true,1,
7290117030752,false,תבניות ארוז *7 שווה,ח.כהן סוכנות מזון ומשקאות בע,,,"י""ח",7,"י""ח",false,1,7.90,1.13,true,1,
7290117030769,false,תבניות ארוז *7 שווה,ח.כהן סוכנות מזון ומשקאות בע,,,"י""ח",7,"י""ח",false,1,7.90,1.13,true,1,
7290117030776,false,תבניות ארוז מלבן עמוק *7 שווה,ח.כהן סוכנות מזון ומשקאות בע,,,"י""ח",7,"י""ח",false,1,7.90,1.13,true,1,
7290117030783,false,תבניות ארוז *4 שווה,ח.כהן סוכנות מזון ומשקאות בע,,,"י""ח",4,"י""ח",false,1,7.90,1.98,true,1,
7290117030790,false,תבניות ארוז *10 אינגליש  שווה,ח.כהן סוכנות מזון ומשקאות בע,,,"י""ח",10,"י""ח",false,1,7.90,0.79,true,1,
7290117030813,false,תבניות ארוז *4 עגול עמוק שווה,ח.כהן סוכנות מזון ומשקאות בע,,,"י""ח",4,"י""ח",false,1,7.90,1.98,true,1,
7290117030820,false,תבניות ארוז *4 עגול גדול שווה,ח.כהן סוכנות מזון ומשקאות בע,,,"י""ח",4,"י""ח",false,1,7.90,1.98,true,1,
7290117030837,false,תבניות ארוז *10יח אינגליש קצר שווה,ח.כהן סוכנות מזון ומשקאות בע,,,"י""ח",4,"י""ח",false,1,8.90,2.23,false,1,
7290117031001,false,כפפות  ניטריל סינטטי S כחול 80יח שווה,ח.כהן סוכנות מזון ומשקאות בע,,,"י""ח",80,"י""ח",false,1,24.90,0.31,true,1,
7290117031032,false,כפפות  ניטריל סינטטי XL שחור 80יח שווה,ח.כהן סוכנות מזון ומשקאות בע,,,"י""ח",80,"י""ח",false,1,24.90,0.31,true,1,
7290117031148,false,צלחות ענקיות מעלי דקל סד. חושן 10יח,ח.כהן סוכנות מזון ומשקאות בע,,,"י""ח",10,"י""ח",false,1,18.90,1.89,false,1,
7290117031155,false,צלחות גדולות מעלי דקל סד. חושן 10יח,ח.כהן סוכנות מזון ומשקאות בע,,,"י""ח",10,"י""ח",false,1,14.90,1.49,false,1,
7290117031490,false,כריות מיקרופיבר לקרצוף וניקוי שווה,ח.כהן סוכנות מזון ומשקאות בע,,,"י""ח",3,"י""ח",false,1,8.90,2.97,true,1,
7290117031513,false,"כוסות נייר גודל 10 שווה"" 40יח.",ח.כהן סוכנות מזון ומשקאות בע,,,"י""ח",40,"י""ח",false,1,13.90,0.35,true,1,
7290117031537,false,"כוסות נייר גודל 16 שווה"" 40יח.",ח.כהן סוכנות מזון ומשקאות בע,,,"י""ח",40,"י""ח",false,1,18.90,0.47,true,1,
7290117031568,false,כוסות  נייר גודל 9 שווה *40יח,ח.כהן סוכנות מזון ומשקאות בע,,,,40,"י""ח",false,1,12.90,0.32,false,1,
7290117031810,false,צלחת גדולה חושן 8יח לבן שווה,ח.כהן סוכנות מזון ומשקאות בע,,,,8,"י""ח",false,1,15.90,1.99,false,1,
7290117031834,false,צלחת גדולה חושן 8יח פנינה שווה,ח.כהן סוכנות מזון ומשקאות בע,,,,8,"י""ח",false,1,15.90,1.99,false,1,
7290117031865,false,צלחת ענקית חושן 8יח שקוף שווה,ח.כהן סוכנות מזון ומשקאות בע,,,,8,"י""ח",false,1,21.90,2.74,false,1,
7290117032008,false,מזלגונים איכותי  40יח קרם שווה,ח.כהן סוכנות מזון ומשקאות בע,,,"י""ח",40,"י""ח",false,1,6.90,0.17,true,1,
7290117032015,false,מזלגונים איכותי  40יח שקוף שווה,ח.כהן סוכנות מזון ומשקאות בע,,,"י""ח",40,"י""ח",false,1,6.90,0.17,true,1,
7290117032039,false,סכינים איכותי  40יח קרם שווה,ח.כהן סוכנות מזון ומשקאות בע,,,"י""ח",40,"י""ח",false,1,6.90,0.17,true,1,
7290117032060,false,כפות איכותי  40יח קרם שווה.,ח.כהן סוכנות מזון ומשקאות בע,,,"י""ח",40,"י""ח",false,1,6.90,0.17,true,1,
7290117032077,false,כפות איכותי  40יח שקוף שווה,ח.כהן סוכנות מזון ומשקאות בע,,,"י""ח",40,"י""ח",false,1,6.90,0.17,true,1,
7290117032091,false,כפיות איכותי 40יח קרם שווה,ח.כהן סוכנות מזון ומשקאות בע,,,"י""ח",40,"י""ח",false,1,6.90,0.17,true,1,
7290117032107,false,כפיות איכותי  40יח שקוף שווה,ח.כהן סוכנות מזון ומשקאות בע,,,"י""ח",40,"י""ח",false,1,6.90,0.17,true,1,
7290117032589,false,צלחת גדולה  אריזה משפחתית 60יח שווה,ח.כהן סוכנות מזון ומשקאות בע,,,,60,"י""ח",false,1,25.90,0.43,true,1,
7290117032596,false,צלחת גדולה  אריזה משפחתית 60יח שווה,ח.כהן סוכנות מזון ומשקאות בע,,,,60,"י""ח",false,1,25.90,0.43,true,1,
7290117033005,false,פופקורן מלח מארז למיקרו 5יח שווה,ח.כהן סוכנות מזון ומשקאות בע,,,"י""ח",500,ל  גרם,false,1,10.90,2.18,true,1,
7290117260265,false,מארז דונאטס שישיה 330ג,ג.וילי פוד אינטרנשיונל בעמ,,,"י""ח",330,ל  גרם,false,1,22.90,6.94,false,1,
7290117260401,false,גבינת מוצרלה מגורדת 500גר 25% שומן,ג.וילי פוד אינטרנשיונל בעמ,,,"י""ח",500,ל  גרם,false,1,32.90,6.58,false,1,
7290117260449,false,גבינה בולגרית מעודנת טבעי 200ג,ג.וילי פוד אינטרנשיונל בעמ,,,"י""ח",200,ל  גרם,false,1,9.90,4.95,false,1,
7290117260463,false,גבינה בולגרית מעודנת עם חלפיניו  200ג,ג.וילי פוד אינטרנשיונל בעמ,,,"י""ח",200,ל  גרם,false,1,9.90,4.95,false,1,
7290117260470,false,גבינה בולגרית מעודנת עם שום  200ג,ג.וילי פוד אינטרנשיונל בעמ,,,"י""ח",200,ל  גרם,false,1,9.90,4.95,false,1,
7290117260562,false,חמאה בגביע 225ג,ג.וילי פוד אינטרנשיונל בעמ,,,"י""ח",225,ל  גרם,false,1,16.90,7.51,false,1,
7290117260685,false,תן בו מיקס 12י,ג.וילי פוד אינטרנשיונל בעמ,,,"י""ח",300,ל  גרם,false,1,19.90,6.63,false,1,
7290117260883,false,חלבה עם קקאו שקיל,ג.וילי פוד אינטרנשיונל בעמ,,,"ק""ג",1,,true,1,29.90,29.90,true,1,
7290117260890,false,פופקורן טעם קוקוס  90גר,ג.וילי פוד אינטרנשיונל בעמ,,,"י""ח",90,ל  גרם,false,1,6.90,7.67,true,1,
7290117260920,false,קרקרים  ללא גלוטן 125ג,ג.וילי פוד אינטרנשיונל בעמ,,,"י""ח",125,ל  גרם,false,1,9.90,7.92,true,1,
7290117260944,false,מיני גריסיני עם שמן זית ללא גלוטן 125ג,ג.וילי פוד אינטרנשיונל בעמ,,,"י""ח",125,ל  גרם,false,1,9.90,7.92,true,1,
7290117261057,false,זוג קינוחים טעם קרם עוגיות 140גר,ג.וילי פוד אינטרנשיונל בעמ,,,"י""ח",140,ל  גרם,false,1,11.90,8.50,false,1,
7290117261088,false,בוראטה בגינת מוצרלה רכה  125ג,ג.וילי פוד אינטרנשיונל בעמ,,,"י""ח",125,ל  גרם,false,1,23.90,19.12,false,1,
7290117261101,false,זוג קינוחים טעם שוקולד ואגוזי לוז  140גר,ג.וילי פוד אינטרנשיונל בעמ,,,"י""ח",140,ל  גרם,false,1,11.90,8.50,false,1,
7290117261118,false,זוג קינוחים טעם שוקולד בציפוי  140גר,ג.וילי פוד אינטרנשיונל בעמ,,,"י""ח",140,ל  גרם,false,1,11.90,8.50,false,1,
7290117261125,false,זוג קינוחים טעם וניל בציפוי שוקולד 140,ג.וילי פוד אינטרנשיונל בעמ,,,"י""ח",140,ל  גרם,false,1,11.90,8.50,false,1,
7290117261132,false,זוג קינוחים טעם קרמל מלוח 140גר,ג.וילי פוד אינטרנשיונל בעמ,,,"י""ח",140,ל  גרם,false,1,11.90,8.50,false,1,
7290117261217,false,ארוחת אורז קפוא עם ירקות  600ג,ג.וילי פוד אינטרנשיונל בעמ,,,"י""ח",600,ל  גרם,false,1,23.90,3.98,true,1,
7290117261231,false,ארוחת אורז קפוא עם ירקות מקסיקני  600ג,ג.וילי פוד אינטרנשיונל בעמ,,,"י""ח",600,ל  גרם,false,1,23.90,3.98,true,1,
7290117261415,false,יוגורט פרוביוטי 2.7% שומן 125גר,ג.וילי פוד אינטרנשיונל בעמ,,,"י""ח",150,ל  גרם,false,1,2.90,1.93,false,1,
7290117261422,false,יוגורט פרוביוטי עם תות שדה  2% שומן,ג.וילי פוד אינטרנשיונל בעמ,,,"י""ח",150,ל  גרם,false,1,2.90,1.93,false,1,
7290117261439,false,יוגורט פרוביוטי עם פירות יער  2% שומן,ג.וילי פוד אינטרנשיונל בעמ,,,"י""ח",150,ל  גרם,false,1,2.90,1.93,false,1,
7290117261446,false,יוגורט פרוביוטי עם אפרסק ומשמש  2% שומ,ג.וילי פוד אינטרנשיונל בעמ,,,"י""ח",150,ל  גרם,false,1,2.90,1.93,false,1,
7290117261484,false,מאפה בצק עלים ממולא נקניק 450ג,ג.וילי פוד אינטרנשיונל בעמ,,,"י""ח",450,ל  גרם,false,1,22.90,5.09,true,1,
7290117261545,false,סלמון אטלנטי ברוטב טריאקי  120ג,ג.וילי פוד אינטרנשיונל בעמ,,,"י""ח",120,ל  גרם,false,1,11.90,9.92,true,1,
7290117261569,false,סלמון אטלנטי מעושן בשמן קנולה 120ג,ג.וילי פוד אינטרנשיונל בעמ,,,"י""ח",120,ל  גרם,false,1,11.90,9.92,true,1,
7290117261583,false,סרדינים בריסלינג מעושנים בשמן קנולה,ג.וילי פוד אינטרנשיונל בעמ,,,"י""ח",185,ל  גרם,false,1,13.90,7.51,false,1,
7290117261590,false,סרדינים בריסלינג מעושנים בשמן זית,ג.וילי פוד אינטרנשיונל בעמ,,,"י""ח",185,ל  גרם,false,1,13.90,7.51,false,1,
7290117261651,false,מגורדת טבעונית טעם מוצרלה 200ג,ג.וילי פוד אינטרנשיונל בעמ,,,"י""ח",200,ל  גרם,false,1,14.90,7.45,false,1,
7290117261774,false,כדורי גבינת בייבי מוצרלה 150ג 14% שומן,ג.וילי פוד אינטרנשיונל בעמ,,,"י""ח",150,ל  גרם,false,1,14.90,9.93,false,1,
7290117261910,false,מיקס מגורד לפיצה 300גר,ג.וילי פוד אינטרנשיונל בעמ,,,"י""ח",100,ל  גרם,false,1,16.90,16.90,false,1,
7290117261927,false,גבינה פקורינו מחלב כבשים 150ג,ג.וילי פוד אינטרנשיונל בעמ,,,"י""ח",150,ל  גרם,false,1,19.90,13.27,false,1,
7290117262221,false,"משקה יוגורט עם אננס 200מ""ל 2.3%",ג.וילי פוד אינטרנשיונל בעמ,,,"י""ח",200,ל  גרם,false,1,4.90,2.45,true,1,
7290117262238,false,"משקה יוגורט עם תות שדה  200מ""ל 2.3%",ג.וילי פוד אינטרנשיונל בעמ,,,"י""ח",200,ל  גרם,false,1,4.90,2.45,true,1,
7290117262245,false,"משקה יוגורט עם אפרסק  200מ""ל 2.3%",ג.וילי פוד אינטרנשיונל בעמ,,,"י""ח",200,ל  גרם,false,1,4.90,2.45,true,1,
7290117380857,false,מרבה סלים דלים עוגיות טעם לימון 120ג,ש.שסטוביץ בעמ,,,"י""ח",120,ל  גרם,false,1,13.90,11.58,true,1,
7290117380864,false,מרבה סלים דלים עוגות טעם שוקולד120גר,ש.שסטוביץ בעמ,,,"י""ח",120,ל  גרם,false,1,13.90,11.58,true,1,
7290117380871,false,מרבה סלים דלים קריספי אוכמניות  120ג,ש.שסטוביץ בעמ,,,"י""ח",120,ל  גרם,false,1,13.90,11.58,true,1,
7290117382219,false,מארז קולגייט מ.ילדים מיניונים,ש.שסטוביץ בעמ,,,"י""ח",100,"ל  מ""ל",false,1,29.90,29.90,true,1,
7290117382578,false,"מארז קולגייט טוטאל 75מ""ל+מברשת",ש.שסטוביץ בעמ,,,"י""ח",100,"ל  מ""ל",false,1,21.90,21.90,true,1,
7290117760918,false,כוס נייר טאצ  9 OZ שרוול 50כוסות,שניב תעשיות נייר בעמ,,,"י""ח",50,"י""ח",false,1,11.90,0.24,true,1,
7290117860038,false,"הוואי תחליב רחצה יוגורט  700מ""ל אוכמניות",הנקל סוד בעמ,,,"י""ח",700,"ל  מ""ל",false,1,14.90,2.13,true,1,
7290117860045,false,"הוואי שמפו לשיער רגיל 700מ""ל",הנקל סוד בעמ,,,"י""ח",700,"ל  מ""ל",false,1,14.90,2.13,true,1,
7290117860083,false,"הוואי קרם רחצה בניחוח איריס 700מ""ל",הנקל סוד בעמ,,,"י""ח",700,"ל  מ""ל",false,1,14.90,2.13,true,1,
7290117860090,false,"הוואי מרכך לשיער רגיל 700מ""ל",הנקל סוד בעמ,,,"י""ח",700,"ל  מ""ל",false,1,14.90,2.13,true,1,
7290117860137,false,"הוואי קרם רחצה בניחוח פרח הקמליה 700מ""ל",הנקל סוד בעמ,,,"י""ח",700,"ל  מ""ל",false,1,14.90,2.13,true,1,
7290117860144,false,"הוואי שמפו למניעת קשקשים 700מ""ל",הנקל סוד בעמ,,,"י""ח",700,"ל  מ""ל",false,1,14.90,2.13,true,1,
7290117860182,false,"הוואי תחליב רחצה בניחוח מגנוליה  700מ""ל",הנקל סוד בעמ,,,"י""ח",700,"ל  מ""ל",false,1,14.90,2.13,true,1,
7290117860199,false,"הוואי שמפו מעניק לחות לשיער יבש 700מ""ל",הנקל סוד בעמ,,,"י""ח",700,"ל  מ""ל",false,1,14.90,2.13,true,1,
7290117860236,false,"הוואי קרם רחצה בניחוח ויולה ורודה  700מ""",הנקל סוד בעמ,,,"י""ח",700,"ל  מ""ל",false,1,14.90,2.13,true,1,
7290117860243,false,"הוואי מרכך מעניק לחות לשיער יבש 700מ""ל",הנקל סוד בעמ,,,"י""ח",700,"ל  מ""ל",false,1,14.90,2.13,true,1,
7290117860281,false,"הוואי ג`ל רחצה  לגבר 700 מ""ל",הנקל סוד בעמ,,,"י""ח",700,"ל  מ""ל",false,1,14.90,2.13,true,1,
7290117860298,false,"הוואי שמפו קרטין מחזק 700מ""ל",הנקל סוד בעמ,,,"י""ח",700,"ל  מ""ל",false,1,14.90,2.13,true,1,
7290117860342,false,"הוואי מרכך קרטין מחזק 700מ""ל",הנקל סוד בעמ,,,"י""ח",700,"ל  מ""ל",false,1,14.90,2.13,true,1,
7290117860380,false,"הוואי תחליב רחצה יוגורט 700מ""ל אלוורה",הנקל סוד בעמ,,,"י""ח",700,"ל  מ""ל",false,1,14.90,2.13,true,1,
7290117860397,false,"הוואי שמפו פריחת דובדבן 700מ""ל",הנקל סוד בעמ,,,"י""ח",700,"ל  מ""ל",false,1,14.90,2.13,true,1,
7290117860441,false,"הוואי מרכך פריחת דובדבן 700מ""ל",הנקל סוד בעמ,,,"י""ח",700,"ל  מ""ל",false,1,14.90,2.13,true,1,
7290117860496,false,"הוואי  שמפו+מרכך 2ב1 לגבר 700מ""ל",הנקל סוד בעמ,,,"י""ח",700,"ל  מ""ל",false,1,14.90,2.13,true,1,
7290117860540,false,"הוואי שמפו עדין לילדים 700מ""ל",הנקל סוד בעמ,,,"י""ח",700,"ל  מ""ל",false,1,14.90,2.13,true,1,
7290117860595,false,"הוואי מרכך מתיר קשרים לילדים 700מ""ל",הנקל סוד בעמ,,,"י""ח",700,"ל  מ""ל",false,1,14.90,2.13,true,1,
7290117860649,false,"הוואי שמפו ללא סולפטים 700מ""ל",הנקל סוד בעמ,,,"י""ח",700,"ל  מ""ל",false,1,14.90,2.13,true,1,
7290117860694,false,"הוואי מרכך ללא סולפטים 700מ""ל",הנקל סוד בעמ,,,"י""ח",700,"ל  מ""ל",false,1,14.90,2.13,true,1,
7290117860748,false,"הוואי שמפו מעניק נפח 700מ""ל",הנקל סוד בעמ,,,"י""ח",700,"ל  מ""ל",false,1,14.90,2.13,true,1,
7290117860793,false,"הוואי מרכך מעניק נפח 700מ""ל",הנקל סוד בעמ,,,"י""ח",700,"ל  מ""ל",false,1,14.90,2.13,true,1,
7290117860892,false,"הוואי תחליב רחצה יוגורט  700 מ""ל דבש",הנקל סוד בעמ,,,"י""ח",700,"ל  מ""ל",false,1,14.90,2.13,true,1,
7290117860946,false,"הוואי תחליב רחצה יוגורט  700 מ""ל קוקוס",הנקל סוד בעמ,,,"י""ח",700,"ל  מ""ל",false,1,14.90,2.13,true,1,
7290117901175,false,שקדים קלופים 200ג ששון הקולה,דין שיווק וקליה 2021 בעמ,,,"י""ח",200,ל  גרם,false,1,20,10,false,1,
7290117901205,false,טורטיה דגנים בתוספת שומשום ופשתן,דין שיווק וקליה 2021 בעמ,,,"י""ח",360,ל  גרם,false,1,9.90,2.75,false,1,
7290117901762,false,בוטן רביולי 200גר מחנה יהודה,דין שיווק וקליה 2021 בעמ****,,,"י""ח",200,ל  גרם,false,1,24.90,12.45,true,1,
7290117901786,false,גרעיני דלעת קלופים 250גר מחנה יהודה,דין שיווק וקליה 2021 בעמ****,,,"י""ח",250,ל  גרם,false,1,19.90,7.96,true,1,
7290117901793,false,גרעיני חמניה קלופים 250גר מחנה יהודה,דין שיווק וקליה 2021 בעמ****,,,"י""ח",250,ל  גרם,false,1,14.90,5.96,true,1,
7290117901816,false,אגוז קשיו טבעי 250גר מחנה יהודה,דין שיווק וקליה 2021 בעמ****,,,"י""ח",250,ל  גרם,false,1,29.90,11.96,true,1,
7290118420378,false,פתי בר פינוקים בטעם תותים בשמנת 220גר,קבוצת אוסם סחר-שות.מוגבלת,,,"י""ח",220,ל  גרם,false,1,10.90,4.95,true,1,
7290118420514,false,פודינג נוגט 75 ג אסם,קבוצת אוסם סחר-שות.מוגבלת,,,"י""ח",75,ל  גרם,false,1,5.90,7.87,true,1,
7291044101478,false,תנור קיר לאמבט 3 דרגות חום 1500W,סמיקום לקסיס בעמ,,,"י""ח",1,,false,1,69.90,69.90,true,1,
7291044126716,false,תנור קיר לאמבט INTZ-1500,סמיקום לקסיס בעמ,,,"י""ח",1,,false,1,69.90,69.90,true,1,
7291045000404,false,פחם אפריקאי 4 קג,מחמד זייד,,,"י""ח",4,"ק""ג",false,1,34.90,8.73,true,1,
7291045000442,false,פחם אלשאם 2 ק``ג,מחמד זייד,,,"י""ח",1,,false,1,13.90,13.90,false,1,
7297070000051,false,גרבי ברך דינמו*3זוגות,אחים וייס ישי ייצור בעמ,,,"י""ח",1,,false,1,13.90,13.90,false,1,
7297070000327,false,גרבי ירך לייקרה,אחים וייס ישי ייצור בעמ,,,"י""ח",1,,false,1,12.90,12.90,false,1,
7297070000341,false,גלוריה-ברך 20 לייקרה,אחים וייס ישי ייצור בעמ,,,"י""ח",1,,false,1,9.90,9.90,false,1,
7297070000358,false,קרנה-ברך 40לייקרה,אחים וייס ישי ייצור בעמ,,,"י""ח",1,,false,1,11.90,11.90,false,1,
7297070000372,false,גרבי מכנס נשים אנדראה 20,אחים וייס ישי ייצור בעמ,,,"י""ח",1,,false,1,17.90,17.90,false,1,
7297070001010,false,גרבי ברך לנשים,אחים וייס ישי ייצור בעמ,,,"י""ח",1,,false,1,8.90,8.90,false,1,
7297070001225,false,"גרביון נשים 15דנ""",אחים וייס ישי ייצור בעמ,,,"י""ח",1,,false,1,12.90,12.90,false,1,
7297070001287,false,קרסוליות גבר,אחים וייס ישי ייצור בעמ,,,"י""ח",1,,false,1,12.90,12.90,false,1,
7297070001294,false,קרסוליות נשים כותנה,אחים וייס ישי ייצור בעמ,,,"י""ח",1,,false,1,12.90,12.90,false,1,
7297070002307,false,קרסוליות  לגבר,אחים וייס ישי ייצור בעמ,,,"י""ח",1,,false,1,14.90,14.90,false,1,
7297070002321,false,עקביות נשים כותנה,אחים וייס ישי ייצור בעמ,,,"י""ח",1,,false,1,14.90,14.90,false,1,
7297070002338,false,קרסוליות לנשים,אחים וייס ישי ייצור בעמ,,,"י""ח",1,,false,1,14.90,14.90,false,1,
7297094102977,false,"מגבת פנים אנג`לינה 50/90ס""מ כחול",רומנטקס בעמ,,,"י""ח",1,,false,1,14.90,14.90,true,1,
7297174000704,false,2 זוגות גרבי ברך לנשים,אחים וייס ישי ייצור בעמ,,,"י""ח",1,,false,1,16.90,16.90,false,1,
7297174001077,false,טייץ נשים מדיצ`י,אחים וייס ישי ייצור בעמ,,,"י""ח",1,,false,1,22.90,22.90,false,1,
7297395000019,false,בדי בדיקה רגילים,חן המעיין בעמ,,,"י""ח",1,,false,1,6,6,false,1,
7297395000040,false,בדי בדיקה מיוחדים,חן המעיין בעמ,,,"י""ח",1,,false,1,8,8,false,1,
7297488099906,false,פרוסות בסיגנון קלאסי 18% 200גר,קפוא זן תעשיות מזון בעמ,,,"י""ח",200,ל  גרם,false,1,19.90,9.95,false,1,
7297488099951,false,מלוחה מופחת שומן 5% 250גר משומשו,קפוא זן תעשיות מזון בעמ,,,"י""ח",250,ל  גרם,false,1,19.90,7.96,false,1,
7297579011329,false,מגבת מדאם גוף,דהן פרוספר בעמ,,,"י""ח",1,,false,1,29.90,29.90,true,1,
7297579011442,false,שטיח כניסה קוקוס 40*60,דניאלה ע.י בעמ,,,"י""ח",1,,false,1,24.90,24.90,false,1,
7297579011510,false,שטיח אמבטיה 50*80 דגם שרונה,דניאלה ע.י בעמ,,,"י""ח",1,,false,1,39.90,39.90,false,1,
7297579011572,false,שלישיית מגבות מטבח זיג זג,דניאלה ע.י בעמ,,,"י""ח",1,,false,1,11.90,11.90,false,1,
7297579011787,false,כיסוי חלה לשבת ויום טוב,דהן פרוספר בעמ,,,"י""ח",1,,false,1,25.90,25.90,false,1,
7312040017683,false,מארז אבסולוט רגיל(וודקה {}{700 עם כוס,טמפו משקאות בעמ,,,"י""ח",750,"ל  מ""ל",false,1,69.90,9.28,true,1,
7394376620294,false,אוטלי משקה שיבולת שועל בטעם וניל,ש.שסטוביץ בעמ,,,"י""ח",1,ליטר,false,1,15.90,15.90,false,1,
7450014901320,false,נעלי בית חורף נשים דגם SY001 שחור,ביג מול בעמ,,,"י""ח",1,,false,1,39.90,39.90,false,1,
7501013101348,false,"נקטר מנגו 473מ""ל JUMEX",טמפו משקאות בעמ,,,"י""ח",473,"ל  מ""ל",false,1,8,1.63,true,1,
7501013101393,false,"נקטר אננס 473מ""ל JUMEX",טמפו משקאות בעמ,,,"י""ח",473,"ל  מ""ל",false,1,8,1.63,true,1,
7501013122039,false,נקטר מנגו 1ליטר JUMEX קרטונית,טמפו משקאות בעמ,,,"י""ח",1,ליטר,false,1,9.30,9.30,true,1,
7501013122053,false,נקטר אפרסק 1ליטר JUMEX קרטונית,טמפו משקאות בעמ,,,"י""ח",1,ליטר,false,1,9.50,9.50,true,1,
7501013122114,false,נקטר אננס 1ליטר JUMEX קרטונית,טמפו משקאות בעמ,,,"י""ח",1,ליטר,false,1,9.30,9.30,true,1,
7501013122992,false,.נקטר קוקוס אננס  1ליטר JUMEX קרטונית,טמפו משקאות בעמ,,,"י""ח",1,ליטר,false,1,9.30,9.30,true,1,
7501013138184,false,יוניקו פרסקו משקה חמוציות  1 ליטר קרטו,טמפו משקאות בעמ,,,"י""ח",1,ליטר,false,1,11.50,11.50,false,1,
7501064191398,false,"בירה קורונה שישייה *355מ""ל.",תימקו בירה בעמ,,,"י""ח",6,"י""ח",false,1,39.90,6.35,true,1,
7509546057545,false,ליידי ספיד סטיק דרמה פנינה סטיק,ש.שסטוביץ בעמ,,,"י""ח",45,"ל  מ""ל",false,1,24.90,55.33,true,1,
7509546061160,false,"קולגייט מ.ילדים מיניונים 75מ""ל",ש.שסטוביץ בעמ,,,"י""ח",100,"ל  מ""ל",false,1,14.90,14.90,false,1,
7509546061672,false,ספיד סטיק אקסטרים סטיק 50גר,ש.שסטוביץ בעמ,,,"י""ח",70,ל  גרם,false,1,16.90,24.14,true,1,
7509546063515,false,"ליידי ספיד סטיק פרו 5 ספריי 150מ""ל",ש.שסטוביץ בעמ,,,"י""ח",1,,false,1,18.90,18.90,true,1,
7509546666846,false,"קולגייט טוטאל משחת שיניים פחם 75 מ""ל",ש.שסטוביץ בעמ,,,"י""ח",75,"ל  מ""ל",false,1,19.90,26.53,false,1,
7509546678702,false,קולגייט משחת שיניים טוטל אנטי טרטר 100,ש.שסטוביץ בעמ,,,"י""ח",100,"ל  מ""ל",false,1,16.90,16.90,true,1,
7610100034084,false,מיונז טומי 265ג,ליימן שליסל,,,"י""ח",265,ל  גרם,false,1,11.90,4.49,false,1,
7610113011652,false,"בקרדי בריזר תפוח 275מ""ל",טמפו משקאות בעמ,,,"י""ח",275,"ל  מ""ל",false,1,14.20,5.05,true,1,
7610243004463,false,"דורגול מרסס קצף 500מ""ל",יעקב יעקבי ובניו בעמ,,,"י""ח",500,"ל  מ""ל",false,1,19.90,3.98,true,1,
7610400010481,false,שוקולד לינדט חלב 100 גרם,מ.סידס ובנו בעמ,,,"י""ח",10,ל  גרם,false,1,16.90,169,true,1,
7610400068529,false,בונ`לינדור 200גר`,מ.סידס ובנו בעמ,,,"י""ח",200,ל  גרם,false,1,29.90,14.95,true,1,
7610400075787,false,לינדט לגרנד חלב אגוז,מ.סידס ובנו בעמ,,,"י""ח",140,ל  גרם,false,1,24.90,17.79,true,1,
7610400085946,false,לינדט לגרנד ד.אלמ סולט 150ג,מ.סידס ובנו בעמ,,,"י""ח",150,ל  גרם,false,1,24.90,16.60,true,1,
7613030979647,false,טריקס פירות  480גר,קבוצת אוסם סחר-שות.מוגבלת,,,"י""ח",4.80,"י""ח",false,1,28.90,6.02,true,1,
7613031608850,false,פיטנס דגנים 625,קבוצת אוסם סחר-שות.מוגבלת,,,"י""ח",625,ל  גרם,false,1,28.50,4.56,false,1,
7613032045753,false,פיטנס שוקולד 375גרם,קבוצת אוסם סחר-שות.מוגבלת,,,"י""ח",375,ל  גרם,false,1,22.90,6.11,true,1,
7613035548374,false,גולדן מיניס 570גר,קבוצת אוסם סחר-שות.מוגבלת,,,"י""ח",500,ל  גרם,false,1,24.90,4.98,true,1,
7613035622623,false,פיטנס גרנולה שקדים ודבש 300גר,קבוצת אוסם סחר-שות.מוגבלת,,,"י""ח",300,ל  גרם,false,1,16.70,5.57,false,1,
7613035635845,false,פיטנס גרנולה שוקולד 300גר,קבוצת אוסם סחר-שות.מוגבלת,,,"י""ח",300,ל  גרם,false,1,16.70,5.57,false,1,
7613035758834,false,פיטנס גרנולה חמוציות  300גר,קבוצת אוסם סחר-שות.מוגבלת,,,"י""ח",300,ל  גרם,false,1,16.70,5.57,false,1,
7613035807778,false,רוטב עגבניות לבלונז 400ג אוסם,קבוצת אוסם סחר-שות.מוגבלת,,,"י""ח",400,ל  גרם,false,1,10.70,2.68,true,1,
7613035809109,false,פרפקטו רוטב עגבניות ובזיליקום 400ג,קבוצת אוסם סחר-שות.מוגבלת,,,"י""ח",400,ל  גרם,false,1,10.70,2.68,true,1,
7613035809123,false,רוטב עגבניות עם פלפלים  400ג,קבוצת אוסם סחר-שות.מוגבלת,,,"י""ח",400,ל  גרם,false,1,10.70,2.68,true,1,
7613035809857,false,רוטב עגבניות לפסטה ולבישול 400ג,קבוצת אוסם סחר-שות.מוגבלת,,,"י""ח",400,ל  גרם,false,1,10.70,2.68,true,1,
7613036288958,false,"דוגלי אקטיב  3ק""ג",קבוצת אוסם סחר-שות.מוגבלת,,,"י""ח",3,"ק""ג",false,1,53.50,17.83,false,1,
7613036867870,false,נס קפה דולצה גוסטו אספרסו בריסט 16 קפ,קבוצת אוסם סחר-שות.מוגבלת,,,"י""ח",216,ל  גרם,false,1,30,13.89,false,1,
7613036976657,false,פריסקיז   פאוצ`הודו ברוטב 85גר,קבוצת אוסם סחר-שות.מוגבלת,,,"י""ח",100,ל  גרם,false,1,4.90,4.90,false,1,
7613037686906,false,פיטנס דבש ושקדים 355  גר`:,קבוצת אוסם סחר-שות.מוגבלת,,,"י""ח",355,ל  גרם,false,1,22.90,6.45,true,1,
7613039770450,false,טבעול סנסשיונל בורגר צמחוני 226ג.,קבוצת אוסם סחר-שות.מוגבלת,,,"י""ח",226,ל  גרם,false,1,30.90,13.67,false,1,
7613039879382,false,גרבר מחית  תפוח עץ 190גר,קבוצת אוסם סחר-שות.מוגבלת,,,"י""ח",190,ל  גרם,false,1,6.90,3.63,false,1,
7613039881521,false,גרבר מחית מנגו 190גר,קבוצת אוסם סחר-שות.מוגבלת,,,"י""ח",190,ל  גרם,false,1,7.30,3.84,false,1,
7613039881965,false,גרבר מחית תפוח מנגו 190גר,קבוצת אוסם סחר-שות.מוגבלת,,,"י""ח",190,ל  גרם,false,1,7.30,3.84,false,1,
7613287181411,false,ויטמינצ יק סלט פירות 110גר,קבוצת אוסם סחר-שות.מוגבלת,,,"י""ח",110,ל  גרם,false,1,5.90,5.36,true,1,
7613287182326,false,ויטמינצ יק בננה תפוח 110גר.,קבוצת אוסם סחר-שות.מוגבלת,,,"י""ח",110,ל  גרם,false,1,5.90,5.36,true,1,
7613287182357,false,ויטמינצ יק אגס תפוח ופירות יער 110גר,קבוצת אוסם סחר-שות.מוגבלת,,,"י""ח",110,ל  גרם,false,1,5.90,5.36,true,1,
7613287182425,false,ויטמינצ יק תפוח בננה ותות 110גר,קבוצת אוסם סחר-שות.מוגבלת,,,"י""ח",110,ל  גרם,false,1,5.90,5.36,true,1,
7613287182456,false,ויטמינצ יק אגס תפוח ובננה 110גר,קבוצת אוסם סחר-שות.מוגבלת,,,"י""ח",110,ל  גרם,false,1,5.90,5.36,true,1,
7613287325808,false,מטבל איולי שום 295גר,קבוצת אוסם סחר-שות.מוגבלת,,,"י""ח",295,"ל  מ""ל",false,1,15.90,5.39,true,1,
7613287325822,false,מטבל מיקס 295גר,קבוצת אוסם סחר-שות.מוגבלת,,,"י""ח",295,"ל  מ""ל",false,1,14.90,5.05,true,1,
7613287325952,false,מטבל ברביקיו 345גר,קבוצת אוסם סחר-שות.מוגבלת,,,"י""ח",335,"ל  מ""ל",false,1,14.90,4.45,true,1,
7613287394323,false,מולטי ציריוס 600גר,קבוצת אוסם סחר-שות.מוגבלת,,,"י""ח",500,ל  גרם,false,1,25.90,5.18,true,1,
7613287476494,false,מיונז בסגנון צרפתי 280גר,קבוצת אוסם סחר-שות.מוגבלת,,,"י""ח",295,"ל  מ""ל",false,1,14.90,5.05,true,1,
7613287525789,false,"פרייה 500מ""ל שישייה",טמפו משקאות בעמ,,,"י""ח",3,ליטר,false,1,25.90,8.03,true,1,
7622010001858,false,אוראו 176 גרם ממולא קרם  בטעם וניל,דיפלומט מפיצים (1968) בעמ**,,,"י""ח",176,ל  גרם,false,1,8.90,5.06,true,1,
7622201050757,false,שוקולד מילקה קרמל 100 ג,דיפלומט מפיצים (1968) בעמ**,,,"י""ח",100,ל  גרם,false,1,6.50,6.50,true,1,
7622201139278,false,פילדלפיה  27% שומן 150ג,נטו מלינדה סחר בעמ,,,"י""ח",150,ל  גרם,false,1,14.90,9.93,false,1,
7622201401900,false,עוגיות מילקה סנסיישן אוראו 156ג,דיפלומט מפיצים (1968) בעמ**,,,"י""ח",156,ל  גרם,false,1,10.90,6.99,true,1,
7622201502515,false,עוגיות מילקה קוקי לופ 132ג,דיפלומט מפיצים (1968) בעמ**,,,"י""ח",132,ל  גרם,false,1,10.90,8.26,true,1,
7622201521493,false,פילדלפיה  שום ועשבי תיבול 12% שומן 150,נטו מלינדה סחר בעמ,,,"י""ח",150,ל  גרם,false,1,14.90,9.93,true,1,
7622201798154,false,פילדלפיה  לייט 150ג,נטו מלינדה סחר בעמ,,,"י""ח",150,ל  גרם,false,1,13.90,9.27,false,1,
7622201801809,false,מילקה אגוזי 100 ג,דיפלומט מפיצים (1968) בעמ**,,,"י""ח",100,ל  גרם,false,1,6.50,6.50,true,1,
7622201802363,false,מילקה צימוקים 100ג,דיפלומט מפיצים (1968) בעמ**,,,"י""ח",100,ל  גרם,false,1,6.50,6.50,true,1,
7622201802394,false,מילקה מסרונים חלב 100 ג,דיפלומט מפיצים (1968) בעמ**,,,"י""ח",100,ל  גרם,false,1,6.50,6.50,true,1,
7622201808631,false,אוראו מיני כוסות  בטעם וניל 67 גר,דיפלומט מפיצים (1968) בעמ**,,,"י""ח",67,"ס""מ",false,1,6.90,10.30,true,1,
7622201813390,false,מילקה וואפל במילוי קרם  בטעם קקאו 150גר,דיפלומט מפיצים (1968) בעמ**,,,"י""ח",150,ל  גרם,false,1,10.90,7.27,true,1,
7622201819170,false,שוקולד מילקה דרק  85ג שקדים,דיפלומט מפיצים (1968) בעמ**,,,"י""ח",85,ל  גרם,false,1,8.90,10.47,true,1,
7622210078131,false,מילקה שוקולד חלב עם דאיים 100ג.,דיפלומט מפיצים (1968) בעמ**,,,"י""ח",100,ל  גרם,false,1,6.50,6.50,true,1,
7622210163899,false,מילקה שוקולד חלב עם עדשים 100ג,דיפלומט מפיצים (1968) בעמ**,,,"י""ח",100,ל  גרם,false,1,6.50,6.50,true,1,
7622210453327,false,מילקה סנסיישן 156גר,דיפלומט מפיצים (1968) בעמ**,,,"י""ח",156,ל  גרם,false,1,12.90,8.27,true,1,
7622210464729,false,אוראו גולדן בד``צ 154גרם,דיפלומט מפיצים (1968) בעמ**,,,"י""ח",154,"ס""מ",false,1,6.90,4.48,true,1,
7622210635105,false,אוראו בטעם  תות 154 גרם,דיפלומט מפיצים (1968) בעמ**,,,"י""ח",154,"ס""מ",false,1,6.90,4.48,true,1,
7622210637994,false,אוראו ביס קראנצי אורגניל 110ג,דיפלומט מפיצים (1968) בעמ**,,,"י""ח",110,ל  גרם,false,1,7.90,7.18,true,1,
7622210638021,false,אוראו ביס קראנצי ציפוי  בטעם שוק. 110ג,דיפלומט מפיצים (1968) בעמ**,,,"י""ח",110,ל  גרם,false,1,7.90,7.18,true,1,
7622210826053,false,שוקולד מילקה אוראו סנדויץ 92ג,דיפלומט מפיצים (1968) בעמ**,,,"י""ח",92,ל  גרם,false,1,6.50,7.07,true,1,
7622300270506,false,מילקה גריינס עוגיות,דיפלומט מפיצים (1968) בעמ**,,,"י""ח",168,ל  גרם,false,1,10.90,6.49,true,1,
7622300315283,false,אוראו  בטעם וניל בד``צ 154גרם.,דיפלומט מפיצים (1968) בעמ**,,,"י""ח",154,"ס""מ",false,1,6.90,4.48,true,1,
7622300489427,false,אוראו פאדגי בטעם  שוק לבן 240,דיפלומט מפיצים (1968) בעמ**,,,"י""ח",264,ל  גרם,false,1,17.90,6.78,true,1,
7622300489434,false,אוראו פאדג  בטעם  שוק.חלב 246גרם,דיפלומט מפיצים (1968) בעמ**,,,"י""ח",264,ל  גרם,false,1,17.90,6.78,true,1,
7622300495046,false,מילקה אקסטרה קקאו  100 ג,דיפלומט מפיצים (1968) בעמ**,,,"י""ח",100,ל  גרם,false,1,6.50,6.50,true,1,
7622300503079,false,מילקה מוו ביסקויט,דיפלומט מפיצים (1968) בעמ**,,,"י""ח",200,ל  גרם,false,1,10.90,5.45,true,1,
7622300617820,false,מילקה אוראו  100 ג,דיפלומט מפיצים (1968) בעמ**,,,"י""ח",100,ל  גרם,false,1,6.50,6.50,true,1,
7622300761363,false,עוגיות מיני אוראו קרם  בטעם שקולד  67גר.,דיפלומט מפיצים (1968) בעמ**,,,"י""ח",67,ל  גרם,false,1,6.90,10.30,true,1,
7622400005190,false,שוקולד מילקה COW 100גר,דיפלומט מפיצים (1968) בעמ**,,,"י""ח",1,,false,1,6.50,6.50,true,1,
7630477891592,false,סטארבקס קפסולות האוס בלנד 57גר,קבוצת אוסם סחר-שות.מוגבלת,,,"י""ח",57,ל  גרם,false,1,21.90,38.42,true,1,
7630477891615,false,סטארבקס קפסולות סומטרה 55גר,קבוצת אוסם סחר-שות.מוגבלת,,,"י""ח",55,ל  גרם,false,1,22.90,41.64,true,1,
7630477891691,false,סטארבקס קפסולות קולומביה 57גר,קבוצת אוסם סחר-שות.מוגבלת,,,"י""ח",57,ל  גרם,false,1,22.90,40.18,true,1,
7630477891714,false,סטארבקס קפסולות אספרסו 57גר,קבוצת אוסם סחר-שות.מוגבלת,,,"י""ח",57,ל  גרם,false,1,22.90,40.18,true,1,
7630477891738,false,סטארבקס קפסולות אספרסו בלונד 53גר,קבוצת אוסם סחר-שות.מוגבלת,,,"י""ח",53,ל  גרם,false,1,22.90,43.21,true,1,
7638900426823,false,סוללת GOOD ENERGAZER,דנשר (1963) בעמ,,,"י""ח",1,,false,1,32,32,false,1,
7702018069347,false,בלו 2 לנשים מארז 10יח +5 יח,דיפלומט מפיצים 1968 בעמ,,,"י""ח",15,"י""ח",false,1,32.90,2.19,true,1,
7702018405145,false,"ג""ל גילוח גילט  סירייס להגנה 200מ""ל*",דיפלומט מפיצים 1968 בעמ,,,"י""ח",200,"ל  מ""ל",false,1,21.90,10.95,false,1,
7702018420476,false,גילט מארז ונוס סווירל ידית +3 סכין,דיפלומט מפיצים 1968 בעמ,,,"י""ח",1,,false,1,49.90,49.90,true,1,
7702018441075,false,סכיני פיוזן ידני מארז 12 יח,דיפלומט מפיצים 1968 בעמ,,,"י""ח",1,,false,1,139.90,139.90,true,1,
7702018462032,false,מאך 3 גילט סכיני גילוח רבעייה,דיפלומט מפיצים 1968 בעמ,,,"י""ח",1,,false,1,34.90,34.90,true,1,
7702018464753,false,"ג ל גילוח פיוזן לעור רגיש 200מ""ל",דיפלומט מפיצים 1968 בעמ,,,"י""ח",200,"ל  מ""ל",false,1,19.90,9.95,false,1,
7702018468447,false,גילט עשיריה 2 פלוס חד פעמי,דיפלומט מפיצים 1968 בעמ,,,"י""ח",1,"י""ח",false,1,29.90,29.90,true,1,
7702024074625,false,פיטנס חטיפי קרקר חיטה מלאה 234גר,קבוצת אוסם סחר-שות.מוגבלת,,,"י""ח",234,ל  גרם,false,1,13.90,5.94,false,1,
7702024258322,false,פיטנס חטיפי קרקר צ`יה ופשתן 234גר,קבוצת אוסם סחר-שות.מוגבלת,,,"י""ח",234,ל  גרם,false,1,13.90,5.94,false,1,
7702174068826,false,לקקן 12 יחידות,ליימן שליסל,,,"י""ח",216,ל  גרם,false,1,11.90,5.51,false,1,
7702174068833,false,לקקן יוגטה טעמי גלידה,ליימן שליסל,,,"י""ח",216,ל  גרם,false,1,9.90,4.58,false,1,
7702174070201,false,לקקן יוגטה מג`יק 216גר,ליימן שליסל,,,"י""ח",216,ל  גרם,false,1,9.90,4.58,false,1,
7702174073783,false,לקקן פין פופ 10יח טעם קולה,ליימן שליסל,,,"י""ח",216,ל  גרם,false,1,8.90,4.12,false,1,
7791875005353,false,הוואנה דולצה דה לצה 450ג,מ.סידס ובנו בעמ,,,"י""ח",450,ל  גרם,false,1,19.90,4.42,true,1,
7792860006218,false,בייבי דול לקקן,מ.סידס ובנו בעמ,,,"י""ח",24,ל  גרם,false,1,2.20,9.17,true,1,
7798141877836,false,"גאטו נגרו פינו סוביניון בלאן 750מ""ל",היכל היין שקד גולן בעמ,,,"י""ח",750,"ל  מ""ל",false,1,39.90,5.28,true,1,
7798378440018,false,אוכמניות,ביכורי השדה צפון 1994 ג.ד. בעמ,,,"י""ח",1,,false,1,15.90,15.90,true,1,
7798382150019,false,אוכמניות,ביכורי השדה צפון 1994 ג.ד. בעמ,,,"י""ח",1,,false,1,15.90,15.90,true,1,
7804651030026,false,אוכמניות,ביכורי השדה צפון 1994 ג.ד. בעמ,,,"י""ח",1,,false,1,15.90,15.90,true,1,
7809530602189,false,אוכמניות.,ביכורי השדה צפון 1994 ג.ד. בעמ,,,"י""ח",1,,false,1,15.90,15.90,true,1,
7891024124826,false,"קולגייט  אופטיק וייט 75מ""ל",ש.שסטוביץ בעמ,,,"י""ח",75,"ל  מ""ל",false,1,19.90,26.53,true,1,
8000070003842,false,קפסולות לוואצה 7.5גר רמת חוזק 7,ליימן שליסל,,,"י""ח",100,ל  גרם,false,1,29.90,29.90,true,1,
8000070053465,false,קפסולות לוואצה אורו 8,ליימן שליסל,,,"י""ח",55,ל  גרם,false,1,19.90,36.18,true,1,
8000070055254,false,קפסולות לוואצה קרמה גוסטו פורטה 13,ליימן שליסל,,,"י""ח",55,ל  גרם,false,1,19.90,36.18,true,1,
8000113003402,false,"קמח תירס 1 ק""ג",גורי מוצרי צריכה בעמ,,,"י""ח",1,"ק""ג",false,1,16.10,16.10,false,1,
8000320010095,false,"פאסאטה מיריו במרקם עדין 700מ""ל",דיפלומט מפיצים (1968) בעמ**,,,"י""ח",700,"ל  מ""ל",false,1,12.90,1.84,false,1,
8000380003723,false,גרנד פטיסרי אגוז 100,ליימן שליסל,,,"י""ח",1,,false,1,12.90,12.90,true,1,
8000380003754,false,גרנד פטיסרי קפוצ ינו 100,ליימן שליסל,,,"י""ח",100,ל  גרם,false,1,12.90,12.90,true,1,
8000380003761,false,גרנד פטיסרי קוקוס 100,ליימן שליסל,,,"י""ח",100,ל  גרם,false,1,12.90,12.90,true,1,
8000380004669,false,וופל 200 גר`קקאו,ליימן שליסל,,,"י""ח",200,ל  גרם,false,1,12.90,6.45,true,1,
8000380004676,false,וופל לואקר  וניל סנדוויץ 200 ג`,ליימן שליסל,,,"י""ח",200,ל  גרם,false,1,12.90,6.45,true,1,
8000380004881,false,קודראטיני טרמיסו,ליימן שליסל,,,"י""ח",220,ל  גרם,false,1,13.90,6.32,true,1,
8000380004911,false,לואקר קוארדטיני אגוז 250גר`.,ליימן שליסל,,,"י""ח",250,ל  גרם,false,1,13.90,5.56,true,1,
8000380004966,false,קואדרטיטני  שוקולד 250ג,ליימן שליסל,,,"י""ח",250,ל  גרם,false,1,13.90,5.56,true,1,
8000380005598,false,טורטינה שישייה טעם מריר,ליימן שליסל,,,"י""ח",125,ל  גרם,false,1,18.90,15.12,true,1,
8000380007219,false,וופל לואקר אגוז 175 גרם,ליימן שליסל,,,"י""ח",175,ל  גרם,false,1,11.80,6.74,true,1,
8000380007257,false,וופל גרדנה 200 ג  מצופה,ליימן שליסל,,,"י""ח",200,ל  גרם,false,1,14.50,7.25,true,1,
8000380007264,false,וופל לואקר קקאו 175 גרם,ליימן שליסל,,,"י""ח",175,ל  גרם,false,1,11.80,6.74,true,1,
8000380106028,false,טורטינה 1/6,ליימן שליסל,,,"י""ח",125,ל  גרם,false,1,18.90,15.12,true,1,
8000380144044,false,וופל גרנדה שוקולד,ליימן שליסל,,,"י""ח",200,ל  גרם,false,1,14.50,7.25,true,1,
8000380148035,false,גרנד פטיסרי טעם מריר אגוזים,ליימן שליסל,,,"י""ח",100,ל  גרם,false,1,12.90,12.90,true,1,
8000380153534,false,טורטינה 1/6 לבן,ליימן שליסל,,,"י""ח",125,ל  גרם,false,1,18.90,15.12,true,1,
8000380156825,false,שוקולד לואקר חלב 87ג,ליימן שליסל,,,"י""ח",87,ל  גרם,false,1,7.90,9.08,false,1,
8000380156849,false,שוקולד לואקר מריר  87ג,ליימן שליסל,,,"י""ח",87,ל  גרם,false,1,7.90,9.08,false,1,
8000380156856,false,שוקולד לואקר לבן 87ג,ליימן שליסל,,,"י""ח",87,ל  גרם,false,1,7.90,9.08,false,1,
8000380157440,false,שוקולד לואקר ממולא אגוזי לוז 85ג,ליימן שליסל,,,"י""ח",85,ל  גרם,false,1,7.90,9.29,false,1,
8000380180745,false,לואקר קוארדטיני שוקו חלב  250גר`.,ליימן שליסל,,,"י""ח",250,ל  גרם,false,1,13.90,5.56,true,1,
8000380180837,false,גראנד פטי סרי קרם קוקוס בשוקולד לבן,ליימן שליסל,,,"י""ח",100,ל  גרם,false,1,12.90,12.90,true,1,
8000380187119,false,עוגיות לואקר אגוזי לוז 100ג,ליימן שליסל,,,"י""ח",100,ל  גרם,false,1,13.90,13.90,true,1,
8000380187249,false,עוגיות לואקר שקדים 100ג,ליימן שליסל,,,"י""ח",100,ל  גרם,false,1,13.90,13.90,true,1,
8000380192243,false,לואקר מקסי 200ג טעם אגוזים,ליימן שליסל,,,"י""ח",200,ל  גרם,false,1,13.90,6.95,false,1,
8000380192250,false,לואקר מקסי 200ג טעם שוקולד,ליימן שליסל,,,"י""ח",200,ל  גרם,false,1,13.90,6.95,false,1,
8000380192588,false,לואקר קוארדטיני דאבל שוקולד  250גר`.,ליימן שליסל,,,"י""ח",250,ל  גרם,false,1,13.90,5.56,true,1,
8000380201396,false,טורטינה 1/6,ליימן שליסל,,,"י""ח",125,ל  גרם,false,1,18.90,15.12,true,1,
8000380205400,false,קוארדטיני קרם חמאת בוטנים 250גר`,ליימן שליסל,,,"י""ח",250,ל  גרם,false,1,13.90,5.56,true,1,
8000380205523,false,וופל לואקר חמאת בוטנים  175ג,ליימן שליסל,,,"י""ח",175,ל  גרם,false,1,11.80,6.74,true,1,
8000380206896,false,וופל גרדנה 200 ג  חמאת בוטנים,ליימן שליסל,,,"י""ח",200,ל  גרם,false,1,14.50,7.25,true,1,
8000380207183,false,טורטינה שישייה טעם מריר,ליימן שליסל,,,"י""ח",125,ל  גרם,false,1,18.90,15.12,true,1,
8000500023624,false,הפי היפו 10 חמישיות,פרימיום - חברה לדברי מתיקה ולמ,,,"י""ח",90,ל  גרם,false,1,12.90,14.33,false,1,
8000500023976,false,בונבוניירת רפאלו 150 ג,פרימיום - חברה לדברי מתיקה ולמ,,,"י""ח",150,ל  גרם,false,1,16.90,11.27,false,1,
8000500026731,false,ביצי שוקולד קינדר מארז 3 יח סופרייז,פרימיום - חברה לדברי מתיקה ולמ,,,"י""ח",60,ל  גרם,false,1,15.90,26.50,true,1,
8000500028124,false,קינדר ג וי שלשות,פרימיום - חברה לדברי מתיקה ולמ,,,"י""ח",3,"י""ח",false,1,16.90,5.63,true,1,
8000500029350,false,קינדר בואנו שלישייה,פרימיום - חברה לדברי מתיקה ולמ,,,"י""ח",120,ל  גרם,false,1,10,8.33,true,1,
8000500032237,false,בונבוניירת רושה 375 גרם,פרימיום - חברה לדברי מתיקה ולמ,,,"י""ח",375,ל  גרם,false,1,43.90,11.71,true,1,
8000500037874,false,רושר בונ  200 גר,פרימיום - חברה לדברי מתיקה ולמ,,,"י""ח",200,ל  גרם,false,1,25.50,12.75,true,1,
8000500071083,false,קינדר שוקולד 200 גרם,פרימיום - חברה לדברי מתיקה ולמ,,,"י""ח",200,ל  גרם,false,1,12.90,6.45,false,1,
8000500121436,false,קינדר בואנו לבן שלשות,פרימיום - חברה לדברי מתיקה ולמ,,,"י""ח",3,"י""ח",false,1,10,3.33,true,1,
8000500167656,false,קינדר שוקולד עם חלב ודגנים  96ג,פרימיום - חברה לדברי מתיקה ולמ,,,"י""ח",96,ל  גרם,false,1,7.70,8.02,false,1,
8000500217740,false,קינדר בואנו מיני,פרימיום - חברה לדברי מתיקה ולמ,,,"י""ח",86,ל  גרם,false,1,10.90,12.67,false,1,
8000500227848,false,וופל נוטלה  בי רדי שישייה 132ג,פרימיום - חברה לדברי מתיקה ולמ,,,"י""ח",132,ל  גרם,false,1,12.90,9.77,true,1,
8000500247167,false,פררו קולקשיון 275ג,פרימיום - חברה לדברי מתיקה ולמ,,,"י""ח",275,ל  גרם,false,1,44.90,16.33,false,1,
8000500267103,false,קינדר דליס  }עוגות{,פרימיום - חברה לדברי מתיקה ולמ,,,"י""ח",4.20,"י""ח",false,1,19.90,4.74,true,1,
8000500269169,false,קינדר קארדס 128ג,פרימיום - חברה לדברי מתיקה ולמ,,,"י""ח",1.28,"י""ח",false,1,13.90,10.86,false,1,
8000500386941,false,נוטלה 900ג,פרימיום - חברה לדברי מתיקה ולמ,,,"י""ח",900,ל  גרם,false,1,31.90,3.54,true,1,
8001003100164,false,יוגטה ג`לי  450גר,ליימן שליסל,,,"י""ח",450,ל  גרם,false,1,13.90,3.09,false,1,
8001003100218,false,יוגטה סוכריות גלי   800ג,ליימן שליסל,,,"י""ח",800,ל  גרם,false,1,21.90,2.74,false,1,
8001003202028,false,יוגטה גלי טעם מנטה 80גר,ליימן שליסל,,,"י""ח",80,ל  גרם,false,1,4.90,6.13,false,1,
8001003202035,false,יוגטה גלי טעם פירות 80גר,ליימן שליסל,,,"י""ח",80,ל  גרם,false,1,4.90,6.13,false,1,
8001090016003,false,פיירי טבלאות למדיח 84יח.,דיפלומט מפיצים 1968 בעמ,,,"י""ח",84,"י""ח",false,1,59.90,0.71,false,1,
8001090336354,false,פמפרס ניו בייבי מידה 2 46יח,דיפלומט מפיצים 1968 בעמ,,,"י""ח",1,,false,1,39.90,39.90,true,1,
8001090336491,false,פמפרס אקטיב בייבי מידה 4+ 31יח,דיפלומט מפיצים 1968 בעמ,,,"י""ח",1,,false,1,39.90,39.90,true,1,
8001090336606,false,פמפרס אקטיב בייבי של6 26יח,דיפלומט מפיצים 1968 בעמ,,,"י""ח",1,,false,1,39.90,39.90,true,1,
8001090458322,false,פיירי ורדים ומשי 1.015ל,דיפלומט מפיצים 1968 בעמ,,,"י""ח",1.01,ליטר,false,1,15.90,15.74,true,1,
8001090678225,false,"הד שולדרס מרכך סופרים משקם 275מ""ל",דיפלומט מפיצים 1968 בעמ,,,"י""ח",275,"ל  מ""ל",false,1,19.90,7.24,false,1,
8001090721099,false,אריאל קפסולות לכביסה 27יח,דיפלומט מפיצים 1968 בעמ,,,"י""ח",28,"י""ח",false,1,32.90,1.18,true,1,
8001090721129,false,אריאל קפסולות לכביסה קולור 27 יח,דיפלומט מפיצים 1968 בעמ,,,"י""ח",28,"י""ח",false,1,32.90,1.18,true,1,
8001090737809,false,אולוייז טנגה סינגל 1/36,דיפלומט מפיצים 1968 בעמ,,,"י""ח",1,,false,1,17.90,17.90,true,1,
8001090740717,false,אולדייז מגה פק נורמל פרש 76 יח`,דיפלומט מפיצים 1968 בעמ,,,"י""ח",76,"י""ח",false,1,19.90,0.26,true,1,
8001090802385,false,טייד קפסולות 26יח ניחוח לנור.,דיפלומט מפיצים 1968 בעמ,,,"י""ח",26,"י""ח",false,1,29.90,1.15,false,1,
8001090832450,false,"פנטן שמפו נוסחה קלאסית 660מ""ל",דיפלומט מפיצים 1968 בעמ,,,"י""ח",660,"ל  מ""ל",false,1,22.90,3.47,false,1,
8001090832535,false,"פנטן שמפו שמן מרוקאי משקם 660מ""ל",דיפלומט מפיצים 1968 בעמ,,,"י""ח",660,"ל  מ""ל",false,1,22.90,3.47,false,1,
8001090832573,false,"פנטן שמפו לחות מוגברת  660מ""ל",דיפלומט מפיצים 1968 בעמ,,,"י""ח",660,"ל  מ""ל",false,1,22.90,3.47,false,1,
8001090832610,false,"פנטן שמפו למגע רך כמשי 660מ""ל",דיפלומט מפיצים 1968 בעמ,,,"י""ח",660,"ל  מ""ל",false,1,22.90,3.47,false,1,
8001090832696,false,"פנטן שמפו לתלתלים מושלמים  660מ""ל",דיפלומט מפיצים 1968 בעמ,,,"י""ח",660,"ל  מ""ל",false,1,22.90,3.47,false,1,
8001090832771,false,"פנטן שמפו הזנת קרטין  660מ""ל",דיפלומט מפיצים 1968 בעמ,,,"י""ח",660,"ל  מ""ל",false,1,22.90,3.47,false,1,
8001090832818,false,"פנטן קונדישנר נוסחה קלאסית  660מ""ל",דיפלומט מפיצים 1968 בעמ,,,"י""ח",660,"ל  מ""ל",false,1,22.90,3.47,false,1,
8001090832856,false,"פנטן קונדישנר מרוקאי משקם  660מ""ל",דיפלומט מפיצים 1968 בעמ,,,"י""ח",660,"ל  מ""ל",false,1,22.90,3.47,false,1,
8001090832894,false,"פנטן קונדישנר לחות מוגברת  660מ""ל",דיפלומט מפיצים 1968 בעמ,,,"י""ח",660,"ל  מ""ל",false,1,22.90,3.47,false,1,
8001090832931,false,"פנטן קונדישנר מגע רך  660מ""ל",דיפלומט מפיצים 1968 בעמ,,,"י""ח",660,"ל  מ""ל",false,1,22.90,3.47,false,1,
8001090833051,false,"פנטן קונדישנר הזנת קרטין  660מ""ל",דיפלומט מפיצים 1968 בעמ,,,"י""ח",660,"ל  מ""ל",false,1,22.90,3.47,false,1,
8001090886385,false,לנור כדוריות הריח רענן  140ג,דיפלומט מפיצים 1968 בעמ,,,"י""ח",180,"ל  מ""ל",false,1,19.90,11.06,false,1,
8001090886460,false,לנור כדוריות בניחוח אביבי 140ג,דיפלומט מפיצים 1968 בעמ,,,"י""ח",140,ל  גרם,false,1,19.90,14.21,false,1,
8001090943095,false,פיירי אנטי בקטריאלי 1.015ל,דיפלומט מפיצים 1968 בעמ,,,"י""ח",1.01,ליטר,false,1,15.90,15.74,true,1,
8001620011935,false,סן בנדטו שישיה 0.5 ל מוגז עדין,טמפו משקאות בעמ,,,"י""ח",3,ליטר,false,1,13.90,4.03,true,1,
8001620015636,false,"משקה פירות פרוטה בטעם מיקס פירות 400מ""",טמפו משקאות בעמ,,,"י""ח",40,"ל  מ""ל",false,1,6.90,16.50,true,1,
8001620018248,false,"סן בנדטו פקק ספורט בקבוק 750מ""ל",טמפו משקאות בעמ,,,"י""ח",750,"ל  מ""ל",false,1,3.50,0.43,true,1,
8001841019291,false,אריאל קפסולות 16יח ניחוח לנור.,דיפלומט מפיצים 1968 בעמ,,,"י""ח",16,"י""ח",false,1,21.90,1.37,false,1,
8001841050577,false,פיירי ירוק 1ליטר.,לפ שירין שיווק מזון,,,"י""ח",1.24,ליטר,false,1,15.90,12.82,true,1,
8001841053684,false,אולוויז עבה לונג פלוס 12יח,דיפלומט מפיצים 1968 בעמ,,,"י""ח",1,,false,1,12.90,12.90,false,1,
8001841053806,false,אולוייז עבה לילה  12יח,דיפלומט מפיצים 1968 בעמ,,,"י""ח",1,,false,1,12.90,12.90,false,1,
8001841137216,false,"הד שולדרס מרכך משי  275מ""ל",דיפלומט מפיצים 1968 בעמ,,,"י""ח",275,"ל  מ""ל",false,1,19.90,7.24,false,1,
8001841410524,false,"הד שולדרס שמפו קוקוס  600מ""ל",דיפלומט מפיצים 1968 בעמ,,,"י""ח",600,"ל  מ""ל",false,1,24.90,4.15,false,1,
8001841625287,false,פיירי פלטינום לימון 1.015ל,דיפלומט מפיצים 1968 בעמ,,,"י""ח",1.01,ליטר,false,1,15.90,15.74,true,1,
8001841625461,false,"פיירי פלטינום אורגינל  515מ""ל",דיפלומט מפיצים 1968 בעמ,,,"י""ח",500,"ל  מ""ל",false,1,9.90,1.98,false,1,
8001841669465,false,אריאל קפסולות 24יח ניחוח לינור,דיפלומט מפיצים 1968 בעמ,,,"י""ח",24,"י""ח",false,1,32.90,1.37,true,1,
8001841669519,false,אריאל קפסולות לכביסה 55 יח,דיפלומט מפיצים 1968 בעמ,,,"י""ח",55,"י""ח",false,1,59.90,1.09,true,1,
8001841715957,false,"הד שולדרס גל ושמפו 360מ""ל אינטנסיבי",דיפלומט מפיצים 1968 בעמ,,,"י""ח",500,"ל  מ""ל",false,1,19.90,3.98,false,1,
8001841893990,false,פיירי טבלאות למדיח פלטינום 30יח,דיפלומט מפיצים 1968 בעמ,,,"י""ח",30,"י""ח",false,1,44.90,1.50,false,1,
8001841941929,false,אולוויז וליו פק  לילה אקסטרא 16יח,דיפלומט מפיצים 1968 בעמ,,,"י""ח",1,,false,1,25.90,25.90,true,1,
8001841958460,false,פיירי טבלאות למדיח 48יח,דיפלומט מפיצים 1968 בעמ,,,"י""ח",48,"י""ח",false,1,39.90,0.83,false,1,
8001931120944,false,קן לציפור דק 500גר,נאמן לאורך זמן בעמ,,,"י""ח",500,ל  גרם,false,1,7.50,1.50,false,1,
8001931120982,false,קן לציפור עבה 500גר,נאמן לאורך זמן בעמ,,,"י""ח",500,ל  גרם,false,1,7.50,1.50,false,1,
8001931121002,false,קן לציפור דק 500גר,נאמן לאורך זמן בעמ,,,"י""ח",500,ל  גרם,false,1,7.50,1.50,false,1,
8002267015263,false,ביצת הפתעה 1/3 60ג,ש.שסטוביץ בעמ,,,"י""ח",60,ל  גרם,false,1,12.90,21.50,true,1,
8002267016475,false,ביצת הפתעה 1/3 60ג,ש.שסטוביץ בעמ,,,"י""ח",60,ל  גרם,false,1,12.90,21.50,true,1,
8002270236792,false,"סן פליגרינו אסנזה לימון 500מ""ל 1/6",טמפו משקאות בעמ,,,"י""ח",3,ליטר,false,1,29.90,9.37,true,1,
8002270866524,false,מים סן פלגרינו 1ליטר בקבוק פלסטיק,טמפו משקאות בעמ,,,"י""ח",1,ליטר,false,1,8.90,8.90,true,1,
8002450202005,false,"משקה כהלי ורדי אסאי כשר 750מ""ל",הכרם משקאות חריפים בעמ,,,"י""ח",750,"ל  מ""ל",false,1,26.20,3.45,true,1,
8002450409206,false,"משקה כהלי ורדי אפרסק כשל""פ  750מ""ל",הכרם משקאות חריפים בעמ,,,"י""ח",750,"ל  מ""ל",false,1,29,3.83,true,1,
8003340091280,false,לינדור  ביונ. 60% 200ג,מ.סידס ובנו בעמ,,,"י""ח",200,ל  גרם,false,1,29.90,14.95,true,1,
8004030022010,false,ריו ירקות גינה עם טונה,ש.שסטוביץ בעמ,,,"י""ח",160,ל  גרם,false,1,15.90,9.94,false,1,
8004030026018,false,ריו מקסיקני  עם טונה,ש.שסטוביץ בעמ,,,"י""ח",160,ל  גרם,false,1,15.90,9.94,false,1,
8004030044005,false,טונה ריו בשמן זית,ש.שסטוביץ בעמ,,,"י""ח",160,ל  גרם,false,1,17.90,11.19,false,1,
8004030081024,false,טונה ריו בשמן זית שום ופלפל,ש.שסטוביץ בעמ,,,"י""ח",160,ל  גרם,false,1,17.90,11.19,false,1,
8004030845046,false,ריו מקסיקני  אורז עם טונה,ש.שסטוביץ בעמ,,,"י""ח",160,ל  גרם,false,1,15.90,9.94,false,1,
8004030860001,false,ריו קוסקוס עם טונה 160ג,ש.שסטוביץ בעמ,,,"י""ח",160,ל  גרם,false,1,15.90,9.94,false,1,
8004735030662,false,שלישיית ביצי שוקולד סמיילי,שמחה זה אנחנו,,,"י""ח",1,,false,1,14.90,14.90,false,1,
8005110170300,false,עגבניות מרוסקות1/3 400ג  MUTTI,רסטרטו יבוא ושיווק בעמ,,,"י""ח",400,ל  גרם,false,1,18.90,4.73,false,1,
8005200256587,false,נסטי בטעם אפרסק 1.5ל,טמפו משקאות בעמ,,,"י""ח",1.50,ליטר,false,1,8.50,5.47,true,1,
8005200286584,false,נסטי בטעם מנגו אננס 1.5ל,טמפו משקאות בעמ,,,"י""ח",1.50,ליטר,false,1,8.50,5.47,true,1,
8005803010357,false,גריסיני מקלות אפויים קלאסי 125ג,ליימן שליסל,,,"י""ח",125,ל  גרם,false,1,7.90,6.32,true,1,
8005803010371,false,גריסיני מקלות אפויים רוזמרין 125ג,ליימן שליסל,,,"י""ח",125,ל  גרם,false,1,7.90,6.32,true,1,
8005803010586,false,גריסיני מקלות אפויים פיצה 125ג,ליימן שליסל,,,"י""ח",125,ל  גרם,false,1,7.90,6.32,true,1,
8005803010661,false,גריסיני מקלות אפויים שומשום 125ג,ליימן שליסל,,,"י""ח",125,ל  גרם,false,1,7.90,6.32,true,1,
8006540091906,false,לנור כדוריות בניחוח יסמין 140ג,דיפלומט מפיצים 1968 בעמ,,,"י""ח",140,ל  גרם,false,1,19.90,14.21,false,1,
8006540112793,false,"לנור מרכך מרוכז יסמין 900מ""ל",דיפלומט מפיצים 1968 בעמ,,,"י""ח",900,"ל  מ""ל",false,1,15.90,1.77,true,1,
8006540425930,false,אריאל קפסולות 24יח לכתמים קשים.,דיפלומט מפיצים 1968 בעמ,,,"י""ח",24,"י""ח",false,1,32.90,1.37,false,1,
8007178223547,false,ג`קובזי קרם בלסמי מצומצם ממודנה 250 מל,דיפלומט מפיצים (1968) בעמ**,,,"י""ח",250,"ל  מ""ל",false,1,24.90,9.96,false,1,
8008245004847,false,ממרח אגוזי לוז וקקאו 300ג,א. סיימן סחר בעמ,,,"י""ח",300,ל  גרם,false,1,15.90,5.30,true,1,
8008245004861,false,ממרח אגוזי לוז עם חלב  300ג,א. סיימן סחר בעמ,,,"י""ח",300,ל  גרם,false,1,15.90,5.30,true,1,
8008660210045,false,מעדן פירות יער   300ג,תה ויסוצקי (ישראל)בעמ,,,"י""ח",300,ל  גרם,false,1,14.90,4.97,true,1,
8008660210052,false,מעדן פרי תפוז  320ג,תה ויסוצקי (ישראל)בעמ,,,"י""ח",320,ל  גרם,false,1,14.90,4.66,true,1,
8008698012857,false,עוגיות פתי בר בטעם חמאה ללא גלוטן 165ג,ליב בעמ,,,"י""ח",165,ל  גרם,false,1,19.90,12.06,false,1,
8008912010300,false,פסטה פרפלה מספר 30 500ג,תה ויסוצקי (ישראל)בעמ,,,"י""ח",500,ל  גרם,false,1,7.90,1.58,true,1,
8009470009027,false,סימבה כלב שימורים 415ג טעם עוף הודו,נאמן לאורך זמן בעמ,,,"י""ח",415,ל  גרם,false,1,3.90,0.94,false,1,
8009470009232,false,חתול סימבה  100גר,נאמן לאורך זמן בעמ,,,"י""ח",100,ל  גרם,false,1,4.90,4.90,false,1,
8009470009348,false,סימבה פאוץ בשר 100גר,נאמן לאורך זמן בעמ,,,"י""ח",100,ל  גרם,false,1,5.50,5.50,false,1,
8009470009355,false,סימבה פאוץ עוף 100גר,נאמן לאורך זמן בעמ,,,"י""ח",100,ל  גרם,false,1,5.50,5.50,false,1,
8009470009362,false,סימבה פאוץ דג 100גר,נאמן לאורך זמן בעמ,,,"י""ח",100,ל  גרם,false,1,5.50,5.50,false,1,
8009470009379,false,סימבה פאוץ סלמון 100גר,נאמן לאורך זמן בעמ,,,"י""ח",100,ל  גרם,false,1,5.50,5.50,false,1,
8009470009423,false,פחית סימבה תכלת טונה ודג אוקיינוס 85גר,נאמן לאורך זמן בעמ,,,"י""ח",85,ל  גרם,false,1,5.90,6.94,false,1,
8009470009447,false,פחית סימבה כתום עוף והודו 85גר,נאמן לאורך זמן בעמ,,,"י""ח",85,ל  גרם,false,1,5.90,6.94,false,1,
8009470009546,false,חתול סימבה  415ג שימורים כבש,נאמן לאורך זמן בעמ,,,"י""ח",415,ל  גרם,false,1,3.90,0.94,false,1,
8011033011279,false,"קוסקוס 1ק""ג דין",דין שיווק וקליה 2021 בעמ,,,"י""ח",1,"ק""ג",false,1,11.90,11.90,false,1,
8021886312997,false,בלון 12  באהבה    5יח .,שמחה זה אנחנו,,,"י""ח",1,,false,1,8.90,8.90,false,1,
8032793342458,false,עגבניות מרוסקות דק ומסוננות בבקבוק 700,גורי מוצרי צריכה בעמ,,,"י""ח",700,ל  גרם,false,1,11.90,1.70,true,1,
8032793344520,false,עגבניות שפופרת 200 גרם,גורי מוצרי צריכה בעמ,,,"י""ח",200,ל  גרם,false,1,7.90,3.95,true,1,
8032880800472,false,סטנד פיקניק הפתעה 50 גרם,ליימן שליסל,,,"י""ח",50,ל  גרם,false,1,7.40,14.80,false,1,
8076800195033,false,ברילה ספגטי מס3.,ש.שסטוביץ בעמ,,,"י""ח",500,ל  גרם,false,1,6.90,1.38,false,1,
8076800195057,false,ברילה ספגטיני מס  5,ש.שסטוביץ בעמ,,,"י""ח",500,ל  גרם,false,1,6.90,1.38,false,1,
8076802085936,false,ברילה קונציליאה מס3.,ש.שסטוביץ בעמ,,,"י""ח",500,ל  גרם,false,1,6.90,1.38,false,1,
8076802085981,false,ברילה פסטה פוזילי 98,ש.שסטוביץ בעמ,,,"י""ח",500,ל  גרם,false,1,6.90,1.38,false,1,
8076808050440,false,ברילה מקרוני-44,ש.שסטוביץ בעמ,,,"י""ח",500,ל  גרם,false,1,6.90,1.38,false,1,
8076808060654,false,ברילה פרפלה-65,ש.שסטוביץ בעמ,,,"י""ח",500,ל  גרם,false,1,6.90,1.38,false,1,
8076808070882,false,פסטה ברילה קנלוני למילוי,ש.שסטוביץ בעמ,,,"י""ח",500,ל  גרם,false,1,14.90,2.98,false,1,
8076808150072,false,ברילה ספגטי-7,ש.שסטוביץ בעמ,,,"י""ח",500,ל  גרם,false,1,6.90,1.38,false,1,
8076809513395,false,רוטב ברילה פומודורו,ש.שסטוביץ בעמ,,,"י""ח",400,ל  גרם,false,1,14.90,3.73,true,1,
8076809513692,false,רוטב ברילה  נפוליטנה,ש.שסטוביץ בעמ,,,"י""ח",400,ל  גרם,false,1,14.90,3.73,true,1,
8076809513739,false,רוטב ברילה בזיליקום,ש.שסטוביץ בעמ,,,"י""ח",400,ל  גרם,false,1,14.90,3.73,true,1,
8076809514774,false,ברילה פסטה עם ביצים,ש.שסטוביץ בעמ,,,"י""ח",250,ל  גרם,false,1,17.90,7.16,false,1,
8076809523561,false,רוטב ברילה טעם פיצה,ש.שסטוביץ בעמ,,,"י""ח",1,,false,1,14.90,14.90,true,1,
8076809523714,false,פסטה טליאטלה,ש.שסטוביץ בעמ,,,"י""ח",500,ל  גרם,false,1,24.90,4.98,false,1,
8076809523738,false,לזניה ברילה 500 גרם,ש.שסטוביץ בעמ,,,"י""ח",500,ל  גרם,false,1,24.90,4.98,false,1,
8076809529419,false,ספגטי חיטה מלאה,ש.שסטוביץ בעמ,,,"י""ח",500,ל  גרם,false,1,13.90,2.78,true,1,
8076809529433,false,פנטה רגטה חיטה מלאה ברילה,ש.שסטוביץ בעמ,,,"י""ח",500,ל  גרם,false,1,13.90,2.78,true,1,
8076809545440,false,ברילה איטריות ללא גלוטן 400גר,ש.שסטוביץ בעמ,,,"י""ח",500,ל  גרם,false,1,14.90,2.98,false,1,
8076809545457,false,ברילה ללא גלוטן בצורת צינורות 400גר,ש.שסטוביץ בעמ,,,"י""ח",500,ל  גרם,false,1,14.90,2.98,false,1,
8076809547956,false,ברילה צ`יפרי 500גר,ש.שסטוביץ בעמ,,,"י""ח",500,ל  גרם,false,1,6.90,1.38,false,1,
8076809576352,false,ברילה לזניה ללא גלוטן 250ג,ש.שסטוביץ בעמ,,,"י""ח",250,ל  גרם,false,1,24.90,9.96,false,1,
8121300206946,false,סטיביה ממתיק 80 שקיקים טרוביה,גורי ע.ע.ע. בעמ,,,"י""ח",80,"ל  מ""ל",false,1,29.90,37.38,false,1,
8121300208780,false,טרוביה תחליף סוכר לכל מטרה 360ג,גורי ע.ע.ע. בעמ,,,"י""ח",360,"ל  מ""ל",false,1,34.90,9.69,true,1,
8121300209466,false,טרוביה תחליף סוכר חום  320ג,גורי ע.ע.ע. בעמ,,,"י""ח",320,"ל  מ""ל",false,1,34.90,10.91,true,1,
8410076600622,false,חטיפי ניצ`ר ואלי קראנצי שבבי שוקולד מריר,ליימן שליסל,,,"י""ח",210,ל  גרם,false,1,19.90,9.48,true,1,
8410076610386,false,נייטשר ואלי פרוטאין בוטנים עם קרמל.1/4,ליימן שליסל,,,"י""ח",4,"י""ח",false,1,22.90,5.73,false,1,
8410076610492,false,נייטשר ואלי צ`ואי בוטנים בציפוי חמאת1/4,ליימן שליסל,,,"י""ח",4,"י""ח",false,1,19.90,4.98,true,1,
8410076610508,false,צ`ואי שוקולד ובוטנים בציפוי,ליימן שליסל,,,"י""ח",5,"י""ח",false,1,19.90,3.98,true,1,
8410076621009,false,חטיף פייבר 1 בטעם קרמל מלוח  1/5,ליימן שליסל,,,"י""ח",210,ל  גרם,false,1,12.90,6.14,true,1,
8410076621047,false,חטיף פייבר 1 בטעם שוקולד  1/5,ליימן שליסל,,,"י""ח",210,ל  גרם,false,1,12.90,6.14,true,1,
8410104039134,false,פיניש מנקה מדיח כלים,רקיט בנקיזר (ניר איסט) בעמ,,,"י""ח",250,"ל  מ""ל",false,1,14.90,5.96,true,1,
8410104045111,false,פיניש מלח למדיח.,רקיט בנקיזר (ניר איסט) בעמ,,,"י""ח",1,"י""ח",false,1,14.90,14.90,false,1,
8410104425906,false,ויט שעווה חמה 250,רקיט בנקיזר (ניר איסט) בעמ,,,"י""ח",250,"ל  מ""ל",false,1,19.90,7.96,true,1,
8410104437268,false,פיניש דאוסטופ לריח המראה,רקיט בנקיזר (ניר איסט) בעמ,,,"י""ח",27,ל  גרם,false,1,14.90,55.19,true,1,
8410128768324,false,משקה שקדים קרטונית 1ליטר Vive s,טמפו משקאות בעמ,,,"י""ח",1,ליטר,false,1,9.90,9.90,true,1,
8410128768355,false,משקה סויה קרטונית 1ליטר Vive soy,טמפו משקאות בעמ,,,"י""ח",1,ליטר,false,1,11.90,11.90,true,1,
8410128783587,false,משקה שיבולת שועל קרטונית 1ליטר Vive so.,טמפו משקאות בעמ,,,"י""ח",1,ליטר,false,1,9.90,9.90,true,1,
8412168003106,false,"מחייה 13% פסיפלורה 700מ""ל.",אגודת הכורמים,,,"י""ח",700,"ל  מ""ל",false,1,59.90,8.51,true,1,
8412497913992,false,"בקבוק פלסטיק גדול 600מ""ל פרוזן",שמחה זה אנחנו,,,"י""ח",1,,false,1,29.90,29.90,false,1,
8420822130600,false,"סופר מסיר שומנים 750מ""ל.",יעקב יעקבי ובניו בעמ,,,"י""ח",750,ל  גרם,false,1,15.90,2.12,true,1,
8422443005213,false,יין המרכבה גראנד סלקשיין ק.סוביניון,היכל היין שקד גולן בעמ,,,"י""ח",750,"ל  מ""ל",false,1,34.90,4.61,true,1,
8423207206488,false,חטיף דגנים מלאים צופה שוקולד חלב סלים,ש.שסטוביץ בעמ,,,"י""ח",283,ל  גרם,false,1,13.90,4.91,true,1,
8423207206495,false,חטיף דגנים מלאה צופה שוקולד מריר,ש.שסטוביץ בעמ,,,"י""ח",283,ל  גרם,false,1,13.90,4.91,true,1,
8423207206501,false,חטיף רב דגנים עם שוקולד חלב,ש.שסטוביץ בעמ,,,"י""ח",283,ל  גרם,false,1,13.90,4.91,true,1,
8423207207362,false,מרבה סלים דלים שוקולד לבן 120גר,ש.שסטוביץ בעמ,,,"י""ח",120,ל  גרם,false,1,13.90,11.58,true,1,
8423207208260,false,חטיף דגנים מלאה צופה שוקולד מריר,ש.שסטוביץ בעמ,,,"י""ח",283,ל  גרם,false,1,13.90,4.91,true,1,
8423207208680,false,חטיף בריאות במילוי שוקולד חלב ילדים.,ש.שסטוביץ בעמ,,,"י""ח",283,ל  גרם,false,1,13.90,4.91,true,1,
8423207208697,false,חטיף בריאות במילוי שוקולד לבן ילדים,ש.שסטוביץ בעמ,,,"י""ח",283,ל  גרם,false,1,13.90,4.91,true,1,
8423207208703,false,חטיף בריאות במילוי שוקולד מריר,ש.שסטוביץ בעמ,,,"י""ח",283,ל  גרם,false,1,13.90,4.91,true,1,
8423207209748,false,סלים דליס שוקולד מריר עם תפוז מרבה,ש.שסטוביץ בעמ,,,"י""ח",283,ל  גרם,false,1,13.90,4.91,true,1,
8423207209885,false,חטיף בריאות במילוי שוקולד חלב,ש.שסטוביץ בעמ,,,"י""ח",283,ל  גרם,false,1,13.90,4.91,true,1,
8423207210287,false,מרבה סלים דלים שוקולד לבן 120גר,ש.שסטוביץ בעמ,,,"י""ח",120,ל  גרם,false,1,13.90,11.58,true,1,
8423207210928,false,סלים דליס טופינג אגוזי לוז,ש.שסטוביץ בעמ,,,"י""ח",283,ל  גרם,false,1,13.90,4.91,true,1,
8423207210942,false,סלים דליס טופינג פירות יער,ש.שסטוביץ בעמ,,,"י""ח",283,ל  גרם,false,1,13.90,4.91,true,1,
8423207210966,false,סלים דליס טופינג קוקוס ולימון,ש.שסטוביץ בעמ,,,"י""ח",283,ל  גרם,false,1,13.90,4.91,true,1,
8423207210980,false,סלים דליס טופינג קליפת תפוז,ש.שסטוביץ בעמ,,,"י""ח",283,ל  גרם,false,1,13.90,4.91,true,1,
8424842050016,false,צ`יפס בטעם כמהין 125גר,א. סיימן סחר בעמ,,,"י""ח",125,ל  גרם,false,1,12.90,10.32,true,1,
8424842050030,false,צ`יפס עם מלח הימלאי 125גר,א. סיימן סחר בעמ,,,"י""ח",125,ל  גרם,false,1,12.90,10.32,true,1,
8425206000081,false,ריבת חלב מרדל 450גר,גורי מוצרי צריכה בעמ,,,"י""ח",1,,false,1,19.90,19.90,false,1,
8435495805106,false,"ביומט 5 ק""ג",ליימן שליסל,,,"י""ח",5,"ק""ג",false,1,33.90,6.78,true,1,
8435495805199,false,"תינוקלין 3ק""ג",ליימן שליסל,,,"י""ח",3,"ק""ג",false,1,43.90,14.63,false,1,
8435495807605,false,מרכך תינוקלין מרוכז 1ל לבן,ליימן שליסל,,,"י""ח",1,ליטר,false,1,19.90,19.90,true,1,
8435495807636,false,תינוקלין גל כביסה 2ל,ליימן שליסל,,,"י""ח",5,"ק""ג",false,1,29.90,5.98,false,1,
8435495819363,false,מרכך תינוקלין מרוכז 1ל כחול.,ליימן שליסל,,,"י""ח",1,ליטר,false,1,19.90,19.90,true,1,
8436575292205,false,נסטלה חמשושים טעמים 180ג,נגה גלידות,,,"י""ח",180,ל  גרם,false,1,22.50,12.50,false,1,
8485818700014,false,משקפי ראיה איכותיים,ביג מול בעמ,,,"י""ח",1,,false,1,19.90,19.90,false,1,
8606018615841,false,פיינט מילקה וניל ליבת שוקולד,נגה גלידות,,,"י""ח",480,ל  גרם,false,1,21.90,4.56,false,1,
8680202110824,false,שמרים נמסים בואקום 125גר,נאמן לאורך זמן בעמ,,,"י""ח",125,ל  גרם,false,1,4.80,3.84,false,1,
8680202110848,false,שמרים נמסים בוואקום  454 גר,נאמן לאורך זמן בעמ,,,"י""ח",450,ל  גרם,false,1,11.90,2.64,false,1,
8683130008348,false,מיונז הלמנס חריף לחיץ 400ג,יוניליוור ישראל שיווק בעמ,,,"י""ח",400,ל  גרם,false,1,12.90,3.23,false,1,
8683130008355,false,מיונז הלמנס שום לחיץ 400ג,יוניליוור ישראל שיווק בעמ,,,"י""ח",400,ל  גרם,false,1,12.90,3.23,false,1,
8683130008935,false,הלמנס קטשיונז 425ג,יוניליוור ישראל שיווק בעמ,,,"י""ח",425,ל  גרם,false,1,12.90,3.04,false,1,
8683130012666,false,מגנום דאבל לבן עוגיות,גלידות שטראוס בעמ,,,"י""ח",85,ל  גרם,false,1,10,11.76,true,1,
8683130025581,false,"בדין אקסטרא ענבר 960 מ""ל",יוניליוור ישראל שיווק בעמ,,,"י""ח",960,"ל  מ""ל",false,1,15.90,1.66,true,1,
8683323063024,false,יוגטה ג`לי  טעם פירות 220גר,ליימן שליסל,,,"י""ח",220,ל  גרם,false,1,7.90,3.59,true,1,
8686868600075,false,אביזרי שיער,אל האופק שיווק וסחר,,,"י""ח",1,,false,1,9.90,9.90,false,1,
8686868600112,false,אביזרי שיער,אל האופק שיווק וסחר,,,"י""ח",1,,false,1,13.90,13.90,false,1,
8686868600129,false,אביזרי שיער,אל האופק שיווק וסחר,,,"י""ח",1,,false,1,12.90,12.90,false,1,
8686868600136,false,אביזרי שיער,אל האופק שיווק וסחר,,,"י""ח",1,,false,1,15.90,15.90,false,1,
8686868600204,false,אביזרי שיער,אל האופק שיווק וסחר,,,"י""ח",1,,false,1,9.90,9.90,false,1,
8690504081937,false,טינס שוקולד חלב וקפוצינו 150ג,תה ויסוצקי (ישראל)בעמ,,,"י""ח",150,ל  גרם,false,1,9.90,6.60,true,1,
8690504153849,false,שוקולד חלב ק. אגוזים 83ג,תה ויסוצקי (ישראל)בעמ,,,"י""ח",83,ל  גרם,false,1,13.90,16.75,false,1,
8690526009278,false,חיף קרמל מצופה שוק. 126ג,גורי ע.ע.ע. בעמ,,,"י""ח",126,ל  גרם,false,1,8.90,7.06,true,1,
8690526009353,false,חיני חטיף בוטנים נוגט קרמל 140ג,גורי ע.ע.ע. בעמ,,,"י""ח",140,ל  גרם,false,1,7.90,5.64,true,1,
8690526019178,false,וופל קקאו קרם קוקוס  142ג,גורי ע.ע.ע. בעמ,,,"י""ח",142,ל  גרם,false,1,7.90,5.56,true,1,
8690526019185,false,וופל קקאו קרם שוקולד חלב   142ג,גורי ע.ע.ע. בעמ,,,"י""ח",142,ל  גרם,false,1,7.90,5.56,true,1,
8690526029238,false,וופל שוקולד מריר 50ג*3,גורי ע.ע.ע. בעמ,,,"י""ח",1,,false,1,9.90,9.90,true,1,
8690531018715,false,מלפפונים כבושים במי מלח  680גרם,נאמן לאורך זמן בעמ,,,"י""ח",680,ל  גרם,false,1,10.90,1.60,false,1,
8690531401722,false,פלפל אדום קלוי 550ג צנצנת,דין שיווק וקליה 2021 בעמ,,,"י""ח",550,ל  גרם,false,1,12.90,2.35,false,1,
8690572799529,false,"שמפו קרטין 500 מ""ל  SYOSS",הנקל סוד בעמ,,,"י""ח",500,"ל  מ""ל",false,1,11.90,2.38,true,1,
8690637073434,false,ארל גריי 100 סרוויס,יוניליוור ישראל שיווק בעמ,,,"י""ח",200,ל  גרם,false,1,24.90,12.45,false,1,
8690637503856,false,ממרח הלמנס לחיץ 40% אחוז פחות שומן,יוניליוור ישראל שיווק בעמ,,,"י""ח",789,ל  גרם,false,1,12.90,1.63,false,1,
8690637505607,false,"בדין אקסטרא פינוק קלאסי 960 מ""ל",יוניליוור ישראל שיווק בעמ,,,"י""ח",960,"ל  מ""ל",false,1,15.90,1.66,true,1,
8690637555084,false,"בדין אקסטרא לבן 960מ""ל",יוניליוור ישראל שיווק בעמ,,,"י""ח",960,"ל  מ""ל",false,1,15.90,1.66,true,1,
8690637704277,false,"דאב  600מ""ל שמפו  רגיל",יוניליוור ישראל שיווק בעמ,,,"י""ח",600,"ל  מ""ל",false,1,15.90,2.65,true,1,
8690637704376,false,"דאב  600מ""ל שמפו  רגיל",יוניליוור ישראל שיווק בעמ,,,"י""ח",600,"ל  מ""ל",false,1,15.90,2.65,true,1,
8690637704390,false,"דאב דמג`ת`רפי 600מ""ל שמפו  רגיל",יוניליוור ישראל שיווק בעמ,,,"י""ח",600,"ל  מ""ל",false,1,15.90,2.65,true,1,
8690637835643,false,תה ירוק לואיזה ולימונית  30 גר,יוניליוור ישראל שיווק בעמ,,,"י""ח",32,ל  גרם,false,1,16.90,52.81,true,1,
8690637858734,false,"סיף ג ל אקונומיקה 750 מ""ל לימון",יוניליוור ישראל שיווק בעמ,,,"י""ח",750,"ל  מ""ל",false,1,9.90,1.32,false,1,
8690637858741,false,"סיף ג ל אקונומיקה 750 מ""ל רוח ים",יוניליוור ישראל שיווק בעמ,,,"י""ח",750,"ל  מ""ל",false,1,9.90,1.32,false,1,
8690637866654,false,תה ירוק קלאסי 1/50 75ג ליפטון,יוניליוור ישראל שיווק בעמ,,,"י""ח",375,ל  גרם,false,1,24.90,6.64,false,1,
8690637871047,false,"דאב שמפו קוקוס כורכום  600מ""ל",יוניליוור ישראל שיווק בעמ,,,"י""ח",600,"ל  מ""ל",false,1,15.90,2.65,true,1,
8690637871245,false,ממרח אמיתי הלמנס 395 גר`לחיץ,יוניליוור ישראל שיווק בעמ,,,"י""ח",789,ל  גרם,false,1,14.90,1.89,false,1,
8690637946318,false,"בדין אקסטרא בייבי  טלק  960 מ""ל",יוניליוור ישראל שיווק בעמ,,,"י""ח",960,"ל  מ""ל",false,1,15.90,1.66,false,1,
8690637971310,false,"בדין אקסטרא יערת הדבש  960 מ""ל",יוניליוור ישראל שיווק בעמ,,,"י""ח",960,"ל  מ""ל",false,1,15.90,1.66,true,1,
8690637976995,false,"בדין אקסטרא ורוד סחלב 960 מ""ל",יוניליוור ישראל שיווק בעמ,,,"י""ח",960,"ל  מ""ל",false,1,15.90,1.66,true,1,
8690637994036,false,"בדין אקסטרא יסמין 1.440מ""ל",יוניליוור ישראל שיווק בעמ,,,"י""ח",1.44,ליטר,false,1,19.90,13.82,false,1,
8690757002444,false,"נוזל  להברקת נעליים 75מ""ל שחור",אינטרסן (1996) בעמ,,,"י""ח",75,"ל  מ""ל",false,1,6.90,9.20,false,1,
8690757002482,false,"ספוג מבריק נעליים עם צבע שחור 6מ""ל",אינטרסן (1996) בעמ,,,"י""ח",60,"ל  מ""ל",false,1,9.90,16.50,false,1,
8690766156367,false,שוקולד חלב מעולה 90גר Godiva,תה ויסוצקי (ישראל)בעמ,,,"י""ח",90,ל  גרם,false,1,14.90,16.56,true,1,
8690766156374,false,שוקולד מריר מעולה 72% קקאו 90גר Godi,תה ויסוצקי (ישראל)בעמ,,,"י""ח",90,ל  גרם,false,1,14.90,16.56,true,1,
8690766156381,false,שוקולד מריר מעולה 90% קקאו 90גר Godi,תה ויסוצקי (ישראל)בעמ,,,"י""ח",90,ל  גרם,false,1,14.90,16.56,true,1,
8690766156404,false,שוקולד מריר מעולה תפוז אדום 90גר Godi,תה ויסוצקי (ישראל)בעמ,,,"י""ח",90,ל  גרם,false,1,14.90,16.56,true,1,
8690777203012,false,פלפל ירוק כבוש לא חריף SERA 600גר`,ג.וילי פוד אינטרנשיונל בעמ,,,"י""ח",600,ל  גרם,false,1,13.90,2.32,false,1,
8690777204071,false,פלפל חריף 640 גר`SERA,ג.וילי פוד אינטרנשיונל בעמ,,,"י""ח",640,ל  גרם,false,1,13.90,2.17,false,1,
8690777206051,false,חציל קלוי עלSERA האש 650גר,ג.וילי פוד אינטרנשיונל בעמ,,,"י""ח",650,ל  גרם,false,1,13.90,2.14,false,1,
8690777221405,false,פלפל אדום קלוי על האש 650 גר`SERA,ג.וילי פוד אינטרנשיונל בעמ,,,"י""ח",650,ל  גרם,false,1,13.90,2.14,false,1,
8690784516440,false,דאק סבון ניקוי לאסלה,דנשר (1963) בעמ,,,"י""ח",750,"ל  מ""ל",false,1,8.90,1.19,false,1,
8690784614665,false,דאק סבון ניקוי לאסלה בניחוח ים,דנשר (1963) בעמ,,,"י""ח",30,"ל  מ""ל",false,1,8.90,29.67,true,1,
8690784616775,false,דאק סבון מוצק אקווה בלו 4ב1,דנשר (1963) בעמ,,,"י""ח",1,"י""ח",false,1,7.90,7.90,false,1,
8693323085100,false,יוגטה גומי טעם פירות 100גר,ליימן שליסל,,,"י""ח",100,ל  גרם,false,1,4.90,4.90,false,1,
8693323099107,false,מרשמלו לבבות יוגטה 150ג,ליימן שליסל,,,"י""ח",150,ל  גרם,false,1,8.90,5.93,true,1,
8693495051255,false,מברשת שיניים קולגייט סלים סופט זהב זוג,ש.שסטוביץ בעמ,,,"י""ח",1,,false,1,24.90,24.90,false,1,
8693495052177,false,"פלמוליב סבון נוזלי זיתים 750 מ""ל",ש.שסטוביץ בעמ,,,"י""ח",750,"ל  מ""ל",false,1,19.90,2.65,true,1,
8694313000134,false,מגש עם מכסה לעוגת חג,פ.ר.ל דיירקט בעמ,,,"י""ח",1,"י""ח",false,1,19.90,19.90,true,1,
8697040109323,false,סבון מוצק אסותא בודד,עיסא ערטול בעמ-סוכן הנקל סוד,,,"י""ח",100,ל  גרם,false,1,4.90,4.90,true,1,
8697040109903,false,"אסותא ג`ל רחצה אלוורה 700מ""ל",עיסא ערטול בעמ-סוכן הנקל סוד,,,"י""ח",700,"ל  מ""ל",false,1,7.90,1.13,true,1,
8697040109910,false,"אסותא ג`ל רחצה פירות יער 700מ""ל",עיסא ערטול בעמ-סוכן הנקל סוד,,,"י""ח",700,"ל  מ""ל",false,1,7.90,1.13,true,1,
8697040109927,false,"אסותא ג`ל רחצה שוקולד 700מ""ל",עיסא ערטול בעמ-סוכן הנקל סוד,,,"י""ח",700,"ל  מ""ל",false,1,7.90,1.13,true,1,
8697040109934,false,"אסותא ג`ל רחצה קוקוס 700מ""ל",עיסא ערטול בעמ-סוכן הנקל סוד,,,"י""ח",700,"ל  מ""ל",false,1,7.90,1.13,true,1,
8697040109941,false,"אסותא ג`ל רחצה ורדים 700מ""ל",עיסא ערטול בעמ-סוכן הנקל סוד,,,"י""ח",700,"ל  מ""ל",false,1,7.90,1.13,true,1,
8697040109958,false,"אסותא שמפו לשיער רגיל 700מ""ל",עיסא ערטול בעמ-סוכן הנקל סוד,,,"י""ח",700,"ל  מ""ל",false,1,7.90,1.13,true,1,
8697040109965,false,"אסותא שמפו ומרכך  700מ""ל",עיסא ערטול בעמ-סוכן הנקל סוד,,,"י""ח",700,"ל  מ""ל",false,1,7.90,1.13,true,1,
8697040109972,false,"אסותא שמפו לשיער יבש  700מ""ל",עיסא ערטול בעמ-סוכן הנקל סוד,,,"י""ח",700,"ל  מ""ל",false,1,7.90,1.13,true,1,
8697040109989,false,"אסותא שמפו לשיער פגום 700מ""ל",עיסא ערטול בעמ-סוכן הנקל סוד,,,"י""ח",700,"ל  מ""ל",false,1,7.90,1.13,true,1,
8697040109996,false,"אסותא שמפו אלוורה 700מ""ל",עיסא ערטול בעמ-סוכן הנקל סוד,,,"י""ח",700,"ל  מ""ל",false,1,7.90,1.13,true,1,
8697040110008,false,"אסותא שמפו לשיער צבוע 700מ""ל",עיסא ערטול בעמ-סוכן הנקל סוד,,,"י""ח",700,"ל  מ""ל",false,1,7.90,1.13,true,1,
8697040110039,false,"אסותא ג`ל רחצה לגבר מנטה 700מ""ל",עיסא ערטול בעמ-סוכן הנקל סוד,,,"י""ח",700,"ל  מ""ל",false,1,7.90,1.13,true,1,
8697040110046,false,"אסותא ג`ל רחצה לגבר מנטה ותה 700מ""ל",עיסא ערטול בעמ-סוכן הנקל סוד,,,"י""ח",700,"ל  מ""ל",false,1,7.90,1.13,true,1,
8697040110053,false,"אסותא ג`ל רחצה שקדים 700מ""ל",עיסא ערטול בעמ-סוכן הנקל סוד,,,"י""ח",700,"ל  מ""ל",false,1,7.90,1.13,true,1,
8697040110060,false,"אסותא ג`ל רחצה יוגורט וניל 700מ""ל",עיסא ערטול בעמ-סוכן הנקל סוד,,,"י""ח",700,"ל  מ""ל",false,1,7.90,1.13,true,1,
8697040110077,false,"אסותא מרכך לשיער רגיל 700מ""ל",עיסא ערטול בעמ-סוכן הנקל סוד,,,"י""ח",700,"ל  מ""ל",false,1,7.90,1.13,true,1,
8697420697914,false,זיתים שחורים יבשים במלח 700גר.,דין שיווק וקליה 2021 בעמ,,,"י""ח",700,ל  גרם,false,1,18.90,2.70,false,1,
8697530910743,false,פאל מאל לייט קצר בודד,גלוברנדס בעמ,,,"י""ח",1,,false,1,29.50,29.50,false,1,
8697530910750,false,פאל מאל כחול ארוך,גלוברנדס בעמ,,,"י""ח",1,,false,1,29.50,29.50,false,1,
8697530910781,false,פאל מאל אדום,גלוברנדס בעמ,,,"י""ח",0,"י""ח",false,1,29.50,29.50,false,1,
8697826469092,false,טורטיה קטנה 540 ג 12 יח`,דין שיווק וקליה 2021 בעמ,,,"י""ח",540,ל  גרם,false,1,9.90,1.83,true,1,
8699073290764,false,פלפל אדום קלוי 680גרם MELIS,ג.וילי פוד אינטרנשיונל בעמ,,,"י""ח",680,ל  גרם,false,1,10.90,1.60,false,1,
8699073292768,false,חציל קלוי על האש 640 גרם MELIS,ג.וילי פוד אינטרנשיונל בעמ,,,"י""ח",640,ל  גרם,false,1,10.90,1.70,false,1,
8699878420212,false,"מים מינרלים טבעי500מ""ל 12יח",עיסא ערטול בעמ-סוכן הנקל סוד,,,"י""ח",500,"ל  מ""ל",false,1,18.50,2.98,false,1,
8710447224342,false,"שמפו קרטין קרטין400מ""ל    טרזמה",יוניליוור ישראל שיווק בעמ,,,"י""ח",400,"ל  מ""ל",false,1,14.90,3.73,true,1,
8710447224366,false,"מרכך  קרטין  400 מ""ל    טרזמה",יוניליוור ישראל שיווק בעמ,,,"י""ח",400,"ל  מ""ל",false,1,14.90,3.73,true,1,
8710447275313,false,קרם ידיים עם שמן קוקוס וחלב שקדים,יוניליוור ישראל שיווק בעמ,,,"י""ח",79,"ל  מ""ל",false,1,9.90,12.53,false,1,
8710447284117,false,"אקס ג ל רחצה לגבר   400מ""ל",יוניליוור ישראל שיווק בעמ,,,"י""ח",400,"ל  מ""ל",false,1,9.90,2.48,false,1,
8710502194825,false,עוגיות מרבה שוקולד ציפס 150ג,ש.שסטוביץ בעמ,,,"י""ח",150,ל  גרם,false,1,6.90,4.60,true,1,
8710502405204,false,עוגיות מרבה ממולאות קרם שוקולד,ש.שסטוביץ בעמ,,,"י""ח",225,ל  גרם,false,1,8.90,3.96,false,1,
8710502470028,false,עוגיות נוגט לי 160גר`,ש.שסטוביץ בעמ,,,"י""ח",160,ל  גרם,false,1,8.90,5.56,false,1,
8710552274614,false,"קליה ספריי שטיחים 600מ""ל.",רקיט בנקיזר (ניר איסט) בעמ,,,"י""ח",600,"ל  מ""ל",false,1,29.90,4.98,true,1,
8710800027573,false,מיני מנטוס שקית,ליימן שליסל,,,"י""ח",178,ל  גרם,false,1,14,7.87,true,1,
8710800961310,false,מנטוס תות 1/4,ליימן שליסל,,,"י""ח",150,ל  גרם,false,1,11.90,7.93,false,1,
8710908326691,false,"דאב סבון נוזלי אדמונית 750 מ""ל",יוניליוור ישראל שיווק בעמ,,,"י""ח",750,"ל  מ""ל",false,1,19.90,2.65,true,1,
8711000362570,false,קפסולות אספרסו L OR FORZA,דיפלומט מפיצים (1968) בעמ**,,,"י""ח",52,ל  גרם,false,1,19.90,38.27,true,1,
8711000362617,false,קפסולות אספרסו L OR LUNGO,דיפלומט מפיצים (1968) בעמ**,,,"י""ח",52,ל  גרם,false,1,19.90,38.27,true,1,
8711000362747,false,קפסולות אספרסו L OR RISTRETTO,דיפלומט מפיצים (1968) בעמ**,,,"י""ח",52,ל  גרם,false,1,19.90,38.27,true,1,
8711000371176,false,גייקובס קפסולות קפה קלאסיקו,דיפלומט מפיצים (1968) בעמ**,,,"י""ח",52,ל  גרם,false,1,16.90,32.50,true,1,
8711000371206,false,גייקובס קפסולות קפה ריסטרטו,דיפלומט מפיצים (1968) בעמ**,,,"י""ח",52,ל  גרם,false,1,16.90,32.50,true,1,
8711000371244,false,גייקובס קפסולות קפה לונגו.,דיפלומט מפיצים (1968) בעמ**,,,"י""ח",52,ל  גרם,false,1,16.90,32.50,true,1,
8711327475618,false,מגנום פיינט וניל קלאסיק 260גר,גלידות שטראוס בעמ,,,"י""ח",260,ל  גרם,false,1,21.90,8.42,false,1,
8711327475717,false,מגנום פיינט וניל שקדים 260גר,גלידות שטראוס בעמ,,,"י""ח",260,ל  גרם,false,1,21.90,8.42,false,1,
8711327475762,false,מגנום פיינט שוקולד לבן עוגיות  260גר,גלידות שטראוס בעמ,,,"י""ח",260,ל  גרם,false,1,21.90,8.42,false,1,
8711700665834,false,דאב סבון מוצק שישיה,יוניליוור ישראל שיווק בעמ,,,"י""ח",6,"י""ח",false,1,22.90,3.82,false,1,
8712000051099,false,"היינקן בקבוק  330מ""ל שישייה 0%.",טמפו משקאות בעמ,,,"י""ח",1.98,ליטר,false,1,31.90,15.20,true,1,
8712400802499,false,נוטרילון שלב 1 800 גרם,דיפלומט מפיצים (1968) בעמ**,,,"י""ח",800,ל  גרם,false,1,64.90,8.11,false,1,
8712400802512,false,נוטרילון שלב 2 800 גרם,דיפלומט מפיצים (1968) בעמ**,,,"י""ח",800,ל  גרם,false,1,64.90,8.11,false,1,
8712400802536,false,נוטרילון שלב 3 800 גרם,דיפלומט מפיצים (1968) בעמ**,,,"י""ח",800,ל  גרם,false,1,64.90,8.11,false,1,
8712561594608,false,"דאב סבון נוזלי להזנה עמוקה 750 מ""ל",יוניליוור ישראל שיווק בעמ,,,"י""ח",750,"ל  מ""ל",false,1,19.90,2.65,true,1,
8712561611411,false,"דאב סבון נוזלי תה ירוק ומלפפון 750 מ""ל",יוניליוור ישראל שיווק בעמ,,,"י""ח",750,"ל  מ""ל",false,1,19.90,2.65,true,1,
8714599104316,false,ג`יקובס קפה שחור קלוי וטחון טורקי 200ג,דיפלומט מפיצים (1968) בעמ**,,,"י""ח",200,ל  גרם,false,1,14.90,7.45,false,1,
8714599410578,false,"ג`ייקובס קרוננג 47.5ג צנצנת כשל""פ",דיפלומט מפיצים (1968) בעמ**,,,"י""ח",47,ל  גרם,false,1,6.90,14.68,true,1,
8714599410806,false,גייקובס קרוננג 160ג שקית,דיפלומט מפיצים (1968) בעמ**,,,"י""ח",160,ל  גרם,false,1,19.90,12.44,true,1,
8714599412336,false,גייקובס בריסטה אמריקנו קפה נמס עם קלוי,דיפלומט מפיצים (1968) בעמ**,,,"י""ח",160,ל  גרם,false,1,27.90,17.44,false,1,
8714599513781,false,.ג`ייקובס גולד 200 ג,דיפלומט מפיצים (1968) בעמ**,,,"י""ח",200,ל  גרם,false,1,25.90,12.95,false,1,
8714599513835,false,ג`ייקובס נטול קופאין 200גר,דיפלומט מפיצים (1968) בעמ**,,,"י""ח",200,ל  גרם,false,1,36.90,18.45,false,1,
8714599513866,false,"ג""קובס קרוננג קפה נמס מיובש 200 גרם",דיפלומט מפיצים (1968) בעמ**,,,"י""ח",200,ל  גרם,false,1,23.90,11.95,true,1,
8714789177229,false,מברשת שיניים קולגייט X 4,ש.שסטוביץ בעמ,,,"י""ח",1,,false,1,9.90,9.90,false,1,
8714789402918,false,אג קס חגיגת פרחים 1.5ליטר אדום,ש.שסטוביץ בעמ,,,"י""ח",1.50,ליטר,false,1,19.90,13.27,true,1,
8714789402932,false,אג`קס חגיגת הפרחים ורוד 1.5 ליטר,ש.שסטוביץ בעמ,,,"י""ח",1.50,ליטר,false,1,19.90,13.27,true,1,
8714789402970,false,אג קס חגיגת פרחים 1.5ליטר  ירוק,ש.שסטוביץ בעמ,,,"י""ח",1.50,ליטר,false,1,19.90,13.27,true,1,
8714789450315,false,פלמוליב כלים שקוף לימון 1.5 ל`,ש.שסטוביץ בעמ,,,"י""ח",1.50,ליטר,false,1,15.90,10.60,true,1,
8714789582764,false,"אג קס חלונות 750 מ""ל",ש.שסטוביץ בעמ,,,"י""ח",750,"ל  מ""ל",false,1,14.90,1.99,true,1,
8714789797786,false,"פלמוליב כלים GLEASE BLASTER 750מ""ל",ש.שסטוביץ בעמ,,,"י""ח",750,"ל  מ""ל",false,1,11.90,1.59,true,1,
8714789834467,false,פלמוליב כלים  1.5 ל`,ש.שסטוביץ בעמ,,,"י""ח",1.50,ליטר,false,1,15.90,10.60,true,1,
8714789835112,false,קולגייט מברשת חשמלית אופטיק וייט 360 ס,ש.שסטוביץ בעמ,,,"י""ח",1,,false,1,65.90,65.90,false,1,
8714789930848,false,"קולגייט  אופטיק וייט אינסטנט 75מ""ל",ש.שסטוביץ בעמ,,,"י""ח",750,"ל  מ""ל",false,1,19.90,2.65,true,1,
8715700110141,false,מיונז היינץ 460 גרם צנצנת,דיפלומט מפיצים (1968) בעמ**,,,"י""ח",460,ל  גרם,false,1,11.90,2.59,false,1,
8715700110158,false,מיונז היינץ 490 גרם לייט צנצנת,דיפלומט מפיצים (1968) בעמ**,,,"י""ח",490,ל  גרם,false,1,11.90,2.43,false,1,
8715700115641,false,ממרח היינץ לייט ללא חומרים משמרים 395ג,דיפלומט מפיצים (1968) בעמ**,,,"י""ח",395,ל  גרם,false,1,15.90,4.03,false,1,
8715700117805,false,"מתבל עגבניות ללא סוכר ומלח 400מ""ל",דיפלומט מפיצים (1968) בעמ**,,,"י""ח",400,ל  גרם,false,1,10.90,2.73,false,1,
8715700120874,false,היינץ מתבל עגבניות שום 460ג,דיפלומט מפיצים (1968) בעמ**,,,"י""ח",460,ל  גרם,false,1,12.90,2.80,false,1,
8715700419695,false,רוטב ברביקיו מתוק 500גר,דיפלומט מפיצים (1968) בעמ**,,,"י""ח",480,ל  גרם,false,1,16.90,3.52,false,1,
8715700419732,false,מתבל עגבניות היינץ 700ג,דיפלומט מפיצים (1968) בעמ**,,,"י""ח",700,ל  גרם,false,1,12.90,1.84,true,1,
8715700422473,false,ממרח היינץ ללא חומרים משמרים 395גר,דיפלומט מפיצים (1968) בעמ**,,,"י""ח",395,ל  גרם,false,1,14.90,3.77,false,1,
8715700423906,false,מתבל עגבניות  היינץ  555גר,דיפלומט מפיצים (1968) בעמ**,,,"י""ח",555,ל  גרם,false,1,11.90,2.14,false,1,
8717163628355,false,"מרכך להחלקה וצבע 400מ""ל  טרזמה",יוניליוור ישראל שיווק בעמ,,,"י""ח",400,"ל  מ""ל",false,1,21.90,5.48,false,1,
8717163647226,false,"אקס בודי ספריי בלק 150מ""ל.",יוניליוור ישראל שיווק בעמ,,,"י""ח",150,"ל  מ""ל",false,1,11.90,7.93,true,1,
8717163647233,false,"אקס דאו בודי ספריי בלאק נייט  150מ""ל.",יוניליוור ישראל שיווק בעמ,,,"י""ח",150,"ל  מ""ל",false,1,11.90,7.93,true,1,
8717163647240,false,אקס  דאו`ספריי  שוקו  150 מ``ל.,יוניליוור ישראל שיווק בעמ,,,"י""ח",150,"ל  מ""ל",false,1,11.90,7.93,true,1,
8717163647264,false,"אקס בודי ספריי אייס צ`יל 150מ""ל.",יוניליוור ישראל שיווק בעמ,,,"י""ח",150,"ל  מ""ל",false,1,11.90,7.93,true,1,
8717163647301,false,"אקס ספריי גוף גולד 150מ""ל",יוניליוור ישראל שיווק בעמ,,,"י""ח",150,"ל  מ""ל",false,1,11.90,7.93,true,1,
8717163655764,false,"רקסונה ספריי פרש 150מ""ל",יוניליוור ישראל שיווק בעמ,,,"י""ח",150,"ל  מ""ל",false,1,14.90,9.93,true,1,
8717163711668,false,"רקסונה ספריי נשים טלק  150מ""ל",יוניליוור ישראל שיווק בעמ,,,"י""ח",150,"ל  מ""ל",false,1,14.90,9.93,true,1,
8717644390566,false,רביעיית סבון מוצק דאבירוק.,יוניליוור ישראל שיווק בעמ,,,"י""ח",400,ל  גרם,false,1,14.90,3.73,false,1,
8717677336593,false,שוקולד חלב 180ג  טוניס,ליימן שליסל,,,"י""ח",180,ל  גרם,false,1,18.90,10.50,true,1,
8717677336616,false,שוקולד מרירעם שקדים ומלח 180ג  טוניס,ליימן שליסל,,,"י""ח",180,ל  גרם,false,1,18.90,10.50,true,1,
8717677336630,false,שוקולד חלב עם שקדים ודבש 180ג  טוניס,ליימן שליסל,,,"י""ח",180,ל  גרם,false,1,18.90,10.50,true,1,
8717677338436,false,שוקולד חלב עם אגוזי לוז 180ג  טוניס,ליימן שליסל,,,"י""ח",180,ל  גרם,false,1,18.90,10.50,true,1,
8718114734484,false,מיונז מיילי 320גרם,א. סיימן סחר בעמ,,,"י""ח",320,ל  גרם,false,1,17.90,5.59,true,1,
8718879000145,false,ענב אדום,ביכורי השדה צפון 1994 ג.ד. בעמ,,,"ק""ג",1,,true,1,19.90,19.90,false,1,
8718951076372,false,"משחת שיניים הרבל קולגייט 100מ""ל",ש.שסטוביץ בעמ,,,"י""ח",100,ל  גרם,false,1,9.90,9.90,false,1,
8718951166561,false,"קולגייט מקס פרש כחול 125מ""ל",ש.שסטוביץ בעמ,,,"י""ח",125,"ל  מ""ל",false,1,17.90,14.32,false,1,
8718951228801,false,"קולגייט מקס פרש כחול 125מ""ל כשל""פ",ש.שסטוביץ בעמ,,,"י""ח",125,"ל  מ""ל",false,1,17.90,14.32,false,1,
8718951236790,false,"קולגייט טוטל קלין מינט  100מ""ל",ש.שסטוביץ בעמ,,,"י""ח",100,"ל  מ""ל",false,1,16.90,16.90,true,1,
8718951236813,false,"קולגייט טוטל מתקדם  100מ""ל",ש.שסטוביץ בעמ,,,"י""ח",100,"ל  מ""ל",false,1,16.90,16.90,true,1,
8718951286733,false,קולגייט  אופטיק וייט לסטינג 75מייל.,ש.שסטוביץ בעמ,,,"י""ח",256,ל  גרם,false,1,26.90,10.51,true,1,
8718951315303,false,"קולגייט אדומה 100 מ""ל מארז זוג.",ש.שסטוביץ בעמ,,,"י""ח",200,"ל  מ""ל",false,1,19.80,9.90,false,1,
8718951320093,false,קולגייט מברשת אדוונס וויט  זוג,ש.שסטוביץ בעמ,,,"י""ח",1,,false,1,34.90,34.90,false,1,
8718951345119,false,אג`קס ניקוי כללי היבסקוס  2 ל,ש.שסטוביץ בעמ,,,"י""ח",2,ליטר,false,1,22.90,11.45,false,1,
8718951354807,false,אג קס פיור הום הפרחים יסמין 1.5ליטר,ש.שסטוביץ בעמ,,,"י""ח",1.50,ליטר,false,1,19.90,13.27,true,1,
8718951377998,false,קולגייט מברשת סופטנס  זוג,ש.שסטוביץ בעמ,,,"י""ח",1,,false,1,29.90,29.90,false,1,
8718951382640,false,פלמוליב גל רחצה חימר דיטוקס משאבה 750,ש.שסטוביץ בעמ,,,"י""ח",750,"ל  מ""ל",false,1,19.90,2.65,true,1,
8718951382787,false,קולגייט  אופטיק וייט חימר ומינרל 75מיי,ש.שסטוביץ בעמ,,,"י""ח",256,ל  גרם,false,1,29.90,11.68,true,1,
8718951385290,false,אג`קס ניקוי כללי 2 ל כחול,ש.שסטוביץ בעמ,,,"י""ח",2,ליטר,false,1,22.90,11.45,false,1,
8718951391314,false,"אגקס ספריי אנטיבקטריאלי 500מ""ל",ש.שסטוביץ בעמ,,,"י""ח",500,"ל  מ""ל",false,1,10.90,2.18,true,1,
8718951412378,false,"מרידול משחת שיניים נשימה רעננה  75מ""ל",ש.שסטוביץ בעמ,,,"י""ח",75,ל  גרם,false,1,25.90,34.53,false,1,
8718951433120,false,"קולגייט טוטל ג`וניור 7-12 50מ""ל",ש.שסטוביץ בעמ,,,"י""ח",75,"ל  מ""ל",false,1,14.90,19.87,true,1,
8718951446564,false,"פלמוליב ג`ל רחצה עץ אלגום ולבנדר 500מ""ל",ש.שסטוביץ בעמ,,,"י""ח",500,"ל  מ""ל",false,1,15.90,3.18,true,1,
8718951477384,false,"קולגייט טוטאל משחת שיניים ג`ל 75 מ""ל",ש.שסטוביץ בעמ,,,"י""ח",75,"ל  מ""ל",false,1,19.90,26.53,false,1,
8718951509627,false,קולגייט  אופטיק וייט לאוהבי קפה 75מייל.,ש.שסטוביץ בעמ,,,"י""ח",256,ל  גרם,false,1,26.90,10.51,true,1,
8719200997998,false,בלובנד לבישול וטיגון 200 גרם,דיפלומט מפיצים (1968) בעמ**,,,"י""ח",200,ל  גרם,false,1,4.50,2.25,false,1,
8719200998001,false,בלבנד בלי מלח 200 גרם,דיפלומט מפיצים (1968) בעמ**,,,"י""ח",200,ל  גרם,false,1,4.50,2.25,false,1,
8719200998018,false,מחמאה מרגרינה בטעם חמאה 200 גרם..,דיפלומט מפיצים (1968) בעמ**,,,"י""ח",200,ל  גרם,false,1,4.60,2.30,false,1,
8719200998032,false,מזולה בטעם חמאה 250 גרם.,דיפלומט מפיצים (1968) בעמ**,,,"י""ח",250,ל  גרם,false,1,9.90,3.96,false,1,
8719200998049,false,מזולה בטעם טבעי 250 גרם,דיפלומט מפיצים (1968) בעמ**,,,"י""ח",250,ל  גרם,false,1,9.90,3.96,false,1,
8720181045912,false,"אקס בודי ספריי גוף אפריקה 150מ""ל.",יוניליוור ישראל שיווק בעמ,,,"י""ח",150,"ל  מ""ל",false,1,11.90,7.93,true,1,
8720181046605,false,דאב דאו  ספריי 90ג,יוניליוור ישראל שיווק בעמ,,,"י""ח",90,"ל  מ""ל",false,1,14.90,16.56,true,1,
8720181046612,false,דאב דאו רול און.,יוניליוור ישראל שיווק בעמ,,,"י""ח",50,"ל  מ""ל",false,1,19.90,39.80,true,1,
8720181123955,false,"אקס ג ל רחצה לגבר   400מ""ל.",יוניליוור ישראל שיווק בעמ,,,"י""ח",400,"ל  מ""ל",false,1,9.90,2.48,false,1,
8722700202325,false,קורנישון,א. סיימן סחר בעמ,,,"י""ח",560,ל  גרם,false,1,24.90,4.45,false,1,
8723400756552,false,מנטוס מנטה 1\4,ליימן שליסל,,,"י""ח",1,,false,1,11.90,11.90,false,1,
8723400782544,false,מנטוס  בתפזורת בטעמים,ליימן שליסל,,,"י""ח",1,"י""ח",false,1,10.90,10.90,true,1,
8801055706440,false,טייסטר צ`ויס טו גו,קבוצת אוסם סחר-שות.מוגבלת,,,"י""ח",36,ל  גרם,false,1,10.40,28.89,false,1,
8801055707966,false,~קפה נמס בריסטה טסטר צוייס 180 ג`,קבוצת אוסם סחר-שות.מוגבלת,,,"י""ח",180,ל  גרם,false,1,32.90,18.28,false,1,
8801055709434,false,קפה נמס טסטר צוייס קולומביה 100 ג`,קבוצת אוסם סחר-שות.מוגבלת,,,"י""ח",100,ל  גרם,false,1,25.90,25.90,true,1,
8801055709458,false,נס קפה קפוצ`ינו קרמל 17גר*10,קבוצת אוסם סחר-שות.מוגבלת,,,"י""ח",170,ל  גרם,false,1,18.90,11.12,false,1,
8801055709465,false,נס קפה קפוצ`ינו וניל 18.5גר*10,קבוצת אוסם סחר-שות.מוגבלת,,,"י""ח",180,ל  גרם,false,1,18.90,10.50,false,1,
8801055709472,false,נס קפה קפוצ`ינו קלאסי  18.5גר*10,קבוצת אוסם סחר-שות.מוגבלת,,,"י""ח",180,ל  גרם,false,1,18.90,10.50,false,1,
8801055709489,false,נס קפה קפוצ`ינו אגוזים  18.5גר*10,קבוצת אוסם סחר-שות.מוגבלת,,,"י""ח",180,ל  גרם,false,1,18.90,10.50,false,1,
8801055709526,false,נס קפה קפוצ`ינו אגוזים  18.5גר*10.,קבוצת אוסם סחר-שות.מוגבלת,,,"י""ח",180,ל  גרם,false,1,18.90,10.50,false,1,
8850206250592,false,רוטב צילי סיראצה 530ג,מזרח ומערב יבוא ושיווק,,,"י""ח",530,ל  גרם,false,1,19.90,3.75,false,1,
8850367992164,false,"קרם קוקוס 250מ""ל מזרח ומערב",מזרח ומערב יבוא ושיווק,,,"י""ח",250,"ל  מ""ל",false,1,8.90,3.56,true,1,
8850389103159,false,משקה מוגו מוגו ליצ`י עם חתיכות ג`לי קו,טמפו משקאות בעמ,,,"י""ח",320,"ל  מ""ל",false,1,6.90,2.06,true,1,
8850389105825,false,סאפה ענבים 1 ליטר,טמפו משקאות בעמ,,,"י""ח",1,ליטר,false,1,13,13,false,1,
8850389105849,false,סאפה אפרסק 1 ליטר,טמפו משקאות בעמ,,,"י""ח",1,ליטר,false,1,13,13,false,1,
8850389111352,false,משקה מוגו מוגו מלון עם חתיכות ג`לי קו,טמפו משקאות בעמ,,,"י""ח",320,"ל  מ""ל",false,1,6.90,2.06,true,1,
8850389115336,false,סאפה מלון  1 ליטר,טמפו משקאות בעמ,,,"י""ח",1,ליטר,false,1,13,13,false,1,
8850632604259,false,חיספוסים מקלות תות שדה,ליימן שליסל,,,"י""ח",50,ל  גרם,false,1,3.50,7,true,1,
8850632604266,false,חיספוסים מקלות קולה,ליימן שליסל,,,"י""ח",50,ל  גרם,false,1,3.50,7,true,1,
8850632604372,false,חיספוסים שטיח תות שדה,ליימן שליסל,,,"י""ח",50,ל  גרם,false,1,3.50,7,true,1,
8850632604402,false,חיספוסים שטיח מעורב,ליימן שליסל,,,"י""ח",50,ל  גרם,false,1,3.50,7,true,1,
8852633020403,false,פניני טפיוקה 500גר,מזרח ומערב יבוא ושיווק,,,"י""ח",500,ל  גרם,false,1,11.90,2.38,false,1,
8857101301008,false,"רוטב צ ילי מתוק 700 מ""ל",ג.וילי פוד אינטרנשיונל בעמ,,,"י""ח",700,"ל  מ""ל",false,1,9.90,1.41,false,1,
8858271002870,false,"רוטב פאד תאי 250מ""ל",מזרח ומערב יבוא ושיווק,,,"י""ח",250,"ל  מ""ל",false,1,12.90,5.16,true,1,
8858271003068,false,"רוטב סויה מתוקה 250מ""ל",מזרח ומערב יבוא ושיווק,,,"י""ח",250,"ל  מ""ל",false,1,12.90,5.16,true,1,
8858271003136,false,"רוטב פטריות צמחוני 250מ""ל",מזרח ומערב יבוא ושיווק,,,"י""ח",250,"ל  מ""ל",false,1,9.90,3.96,false,1,
8858271004126,false,"רוטב חמוץ מתוק 700מ""ל",מזרח ומערב יבוא ושיווק,,,"י""ח",700,"ל  מ""ל",false,1,16.90,2.41,false,1,
8858271004300,false,"רוטב טריאקי 700מ""ל",מזרח ומערב יבוא ושיווק,,,"י""ח",700,"ל  מ""ל",false,1,19.90,2.84,false,1,
8858271004799,false,"רוטב צ`ילי מתוק  700מ""ל ALL PURPSES",מזרח ומערב יבוא ושיווק,,,"י""ח",700,"ל  מ""ל",false,1,12.90,1.84,false,1,
8858271005772,false,"רוטב סויה ללא גלוטן 300מ""ל",מזרח ומערב יבוא ושיווק,,,"י""ח",300,"ל  מ""ל",false,1,16.90,5.63,false,1,
8888021200256,false,סוללות אנרגייזר שמינייה AA,דנשר (1963) בעמ,,,"י""ח",1,,false,1,27.90,27.90,true,1,
8888021200720,false,סוללות אנרגייזר שמינייה AAA,דנשר (1963) בעמ,,,"י""ח",1,,false,1,19.90,19.90,false,1,
8888111030053,false,"מיץ אננס ללס 100% טבעי רביעייה4*240מ""ל",בני פאוזי שמשום (2009) בעמ,,,"י""ח",960,"ל  מ""ל",false,1,16.90,1.64,true,1,
8888757103005,false,"שמן שומשום 300 מ""ל",גורי מוצרי צריכה בעמ,,,"י""ח",300,"ל  מ""ל",false,1,19,6.33,false,1,
8901537024014,false,"אורז  בסמטי 1ק""ג DAAWAT",ג.וילי פוד אינטרנשיונל בעמ,,,"י""ח",1,"ק""ג",false,1,13.90,13.90,true,1,
8934878081811,false,"דפי אורז 22ס""מ 400גר מזרח ומערב",מזרח ומערב יבוא ושיווק,,,"י""ח",400,ל  גרם,false,1,14.90,3.73,true,1,
9000101329742,false,ברף סבון אסלה בניחוח מתחלף 50ג..,גורי שיווק בעמ,,,"י""ח",50,"ל  מ""ל",false,1,9.90,19.80,false,1,
9000101380255,false,פרסיל דיסקס לכביסה 22יח,גורי שיווק בעמ,,,"י""ח",22,"י""ח",false,1,34.90,1.59,false,1,
9000101515596,false,פרסיל 56 קפסולות לכביסה צבעונית,גורי שיווק בעמ,,,"י""ח",56,"י""ח",false,1,54.90,0.98,true,1,
9000101515817,false,פרסיל 56 קפסולות לכביסה פאוור קאפס,גורי שיווק בעמ,,,"י""ח",56,"י""ח",false,1,54.90,0.98,true,1,
9000101537550,false,פרסיל 52 קפסולות לכביסה פאוור קאפס,גורי שיווק בעמ,,,"י""ח",26,"י""ח",false,1,54.90,2.11,true,1,
9000101537581,false,פרסיל 52 קפסולות לכביסה פאוור קאפס קול,גורי שיווק בעמ,,,"י""ח",26,"י""ח",false,1,54.90,2.11,true,1,
9001616682223,false,"בקבוק 160מ""ל",אלפא קוסמטיקה,,,"י""ח",1,,false,1,38.90,38.90,false,1,
9001616702693,false,זוג מוצצים בנות 0-6 בע``ח סיליקון,אלפא קוסמטיקה,,,"י""ח",1,,false,1,34.90,34.90,false,1,
9001616702716,false,זוג מוצצים בנות 0-6 לילה זוהר סיליקון,אלפא קוסמטיקה,,,"י""ח",1,,false,1,34.90,34.90,false,1,
9002975393812,false,סוכריות הריבו האפי צרי 70ג,מ.סידס ובנו בעמ,,,"י""ח",70,ל  גרם,false,1,6.90,9.86,true,1,
9002975393836,false,סוכריות הריבו האפי קולה 70ג,מ.סידס ובנו בעמ,,,"י""ח",70,ל  גרם,false,1,6.90,9.86,true,1,
9002975393850,false,סוכריות הריבו וורמס 70ג,מ.סידס ובנו בעמ,,,"י""ח",70,ל  גרם,false,1,6.90,9.86,true,1,
9044400849105,false,סוכריות פז במגוון דמויות 10+1,ר.ב. מוצרי דגנים בעמ,,,"י""ח",30,ל  גרם,false,1,14.90,49.67,false,1,
9044400851672,false,פז סוכריות טעמים שונים,ר.ב. מוצרי דגנים בעמ,,,"י""ח",25.50,ל  גרם,false,1,11.90,46.67,false,1,
9044400885578,false,סוכריות פז מילוי 12 יח`,ר.ב. מוצרי דגנים בעמ,,,"י""ח",8,"י""ח",false,1,10.90,1.36,false,1,
9120025834723,false,חטיף ארואו מצונן 120ג,ג.וילי פוד אינטרנשיונל בעמ,,,"י""ח",120,ל  גרם,false,1,14.90,12.42,false,1,
9120025839896,false,חטיף מילקה מצונן 128ג,ג.וילי פוד אינטרנשיונל בעמ,,,"י""ח",128,ל  גרם,false,1,14.90,11.64,false,1,
9120097310583,false,חטיף שוקו בננה מיניונים מצונן 108ג,ג.וילי פוד אינטרנשיונל בעמ,,,"י""ח",108,ל  גרם,false,1,14.90,13.80,false,1,
9310072028743,false,טים טם אורגינל,מ.סידס ובנו בעמ,,,"י""ח",200,ל  גרם,false,1,20.90,10.45,true,1,
9310088007015,false,פיוז אולטימייט,קימברלי קלארק ישראל שיווק בעמ,,,"י""ח",1,,false,1,19.90,19.90,true,1,
9720188060108,false,שמנת טופו,*החברה המרכזית להפצת משקאותבעמ,,,"י""ח",340,ל  גרם,false,1,21.10,6.21,false,1,
9771565025005,false,מעריב עיתון שישי.,ג רוזלם פוסט בעמ,,,"י""ח",1,,false,1,6,6,true,1,
9771565051011,false,ידיעות אחרונות שבת,ידיעות אחרונות בעמ,,,"י""ח",1,,false,1,20,20,true,1,
9771565051066,false,ידיעות אחרונות שבת ו,ידיעות אחרונות בעמ,,,"י""ח",1,,false,1,20,20,true,1,
72901008010259,true,אפרסמון,ביכורי השדה צפון 1994 ג.ד. בעמ,,,"ק""ג",1,"ק""ג",true,1,11.90,11.90,false,1,
