code,internal_code,name,manufacturer_name,manufacture_country,manufacturer_item_description,unit_qty,quantity,unit_of_measure,weighted,qty_in_package,price,unit_of_measure_price,allow_discount,status,item_id
40084107,false,ביצת שוקולד הפתעה קינדר,פרדי קונדטוריה אס פי,IT,פררו,גרמים,20.00,100 גרם,false,,4.90,0.2450,true,1,25371
42299363,false,"ניוואה - דאודורנט רול און לגבר פרש פאוור 50 מ""ל",ביירסדורף,DE,ניוואה,מיליליטרים,200.00,"100 מ""ל",false,,12.90,0.0645,true,1,26294
54051140,false,מעדן סויה טעם וניל אלפרו רביעיה * 125 ג',הנסיך- מפעל לייצור ט,BE,אלפרו,מיליליטרים,500.00,"100 מ""ל",false,,16.90,0.0338,true,1,19221
72917367,false,טעמי חטיף במילוי קרם נוגט וקרמל,"שטראוס גרופ בע""מ",IL,עלית,גרמים,40.00,100 גרם,false,,3.90,0.0975,true,1,14152
72940754,false,מעדן מילקי בטעם וניל עם קצפת,"שטראוס גרופ בע""מ",IL,שטראוס,גרמים,134.00,100 גרם,false,,2.80,0.0209,true,1,15786
72940761,false,מעדן מילקי בטעם שוקולד עם קצפת,מיוצר עי קונדיטוריית,IL,שטראוס,גרמים,134.00,100 גרם,false,,2.80,0.0209,true,1,15787
72940952,false,מעדן מילקי בטעם שוקולד עם אקסטרה קצפת,"שטראוס גרופ בע""מ",IL,שטראוס,גרמים,111.00,100 גרם,false,,3.50,0.0315,true,1,15788
72941041,false,מעדן מילקי מיני בטעם שוקולד עם קצפת,"שטראוס גרופ בע""מ",IL,שטראוס,גרמים,71.00,100 גרם,false,,2.00,0.0282,true,1,15791
72945308,false,קוביות שמרים לאפיה שמרית 2*25 ג',"פאקא תעשיות בע""מ",IL,תוצרת מסחרית,גרמים,50.00,100 גרם,false,,3.40,0.0680,true,1,15792
72961209,false,**תנובה שמנת חמוצה 15% 200מל,תנובה מרכז שיתופי לש,IL,תנובה,מיליליטרים,200.00,"100 מ""ל",false,,2.40,0.0120,true,1,18463
72961223,false,"גילה גדול 200 מ""ל",תנובה מרכז שיתופי לש,IL,תנובה,מיליליטרים,200.00,"100 מ""ל",false,,1.51,0.0076,true,1,18465
72961506,false,יוגורט עם תות 1.5% שומן 125 ג' פרילי,מיוצר עי קונדיטוריית,IL,פרילי,גרמים,125.00,100 גרם,false,,3.30,0.0264,true,1,18466
72961520,false,יוגורט עם אננס 1.5% שומן 125 ג' פרילי,מיוצר עי קונדיטוריית,IL,פרילי,גרמים,125.00,100 גרם,false,,3.30,0.0264,true,1,18468
72961544,false,באדי יוגורט בטעם תות שדה 3%,מחלבת אלון תבור,IL,באדי,גרמים,125.00,100 גרם,false,,2.90,0.0232,true,1,18469
72963753,false,שמנת אורגינל של פעם 27% שומן 200 ג' תנובה,תנובה מרכז שיתופי לש,IL,תנובה,מיליליטרים,200.00,"100 מ""ל",false,,3.90,0.0195,true,1,18473
72964132,false,פרילי טבע עם גרנולה 1.5% 200מל,מיוצר עי קונדיטוריית,IL,פרילי,גרמים,200.00,100 גרם,false,,4.70,0.0235,true,1,18475
72964422,false,תנובה יוגורט פרחים 4.5% 200מל,מחלבת תנובה,IL,פרחים,מיליליטרים,200.00,"100 מ""ל",false,,2.60,0.0130,true,1,18476
72986233,false,באדי מעדן וניל גביע 125גרם 2% בדצ,מחלבת אלון תבור,IL,באדי,גרמים,125.00,100 גרם,false,,2.90,0.0232,true,1,18477
72986240,false,באדי מעדן שוקו גביע 125גרם 2% בדצ,מחלבת אלון תבור,IL,באדי,גרמים,125.00,100 גרם,false,,2.90,0.0232,true,1,18478
72986370,false,"גלידת בן & ג'ריס פיינטים וניל 500מ""ל",מוצרי איכות אמריקאים,IL,בן & ג'ריס,מיליליטרים,500.00,"100 מ""ל",false,,17.40,0.0348,true,1,20092
72986424,false,"גלידת בן & ג'ריס פיינטים קרם עוגיות 500מ""ל",מוצרי איכות אמריקאיי,IL,בן & ג'ריס,מיליליטרים,500.00,"100 מ""ל",false,,17.40,0.0348,true,1,20093
72986448,false,"גלידת בן & ג'ריס פיינטים טופי קראנץ 500מ""ל",מוצרי איכות אמריקאיי,IL,בן & ג'ריס,מיליליטרים,500.00,"100 מ""ל",false,,17.40,0.0348,true,1,20094
72986455,false,"ניו יורק סופר גלידת שוקולד, חתיכות פאדג' ואגוזים",מוצרי איכות אמריקאיי,IL,בן & ג'ריס,מיליליטרים,500.00,"100 מ""ל",false,,17.40,0.0348,true,1,20095
72986479,false,"צ'אנקי מנקי גלידת וניל, בננות, חתיכות פאדג' ואגוזים",מוצרי איכות אמריקאיי,IL,בן & ג'ריס,גרמים,500.00,100 גרם,false,,17.40,0.0348,true,1,20096
72989425,false,"גלידת בן & ג'ריס פיינטים שוקולד בראוניז 500מ""ל",מוצרי איכות אמריקאיי,IL,בן & ג'ריס,מיליליטרים,500.00,"100 מ""ל",false,,17.40,0.0348,true,1,20097
72991008,false,חטיף פסק זמן במילוי ופל מגולגל 45 גרם,"שטראוס גרופ בע""מ",IL,עלית,גרמים,45.00,100 גרם,false,,4.90,0.1089,true,1,14158
72991886,false,"גלידת דולצ'ה בטעם ריבת חלב עם פאדג' בן וג'ירי 500 מ""ל",מוצרי איכות אמריקאיי,IL,בן & ג'ריס,גרמים,500.00,100 גרם,false,,17.40,0.0348,true,1,20098
72993637,false,מעדן חלב בטעם שוקולד 125 ג' דני,מחלבת אחיהוד,IL,שטראוס,גרמים,125.00,100 גרם,false,,2.60,0.0208,true,1,15797
76106071,false,"מיץ ליים משומר 200 מ""ל",Sicilia סיציליה,CH,מיץ לימון משומר,מיליליטרים,200.00,"100 מ""ל",false,,6.90,0.0345,true,1,55276
80042563,false,רסק עגבניות 700 ג' (צהוב) MUTTI,"איי, בי, אינבוו",IT,mutti,גרמים,700.00,100 גרם,false,,12.90,0.0184,true,1,26266
80050025,false,סוכריות טיק טק בטעם תפוז,קדבורי,ZA,פררו,גרמים,16.00,100 גרם,false,,2.90,0.1812,true,1,25373
80050124,false,סוכריות טיק טק בטעם מנטה,קדבורי,ZA,פררו,גרמים,16.00,100 גרם,false,,2.90,0.1812,true,1,25374
80050278,false,פררו רושר חטיף כדורים שלישיה 40ג',קדבורי,IT,פררו,גרמים,37.50,100 גרם,false,,4.90,0.1307,true,1,25375
80052760,false,קינדר בואנו Kinder Bueno עם חלב ואגוזי לוז,קינדר Kinder,PL,פררו,גרמים,43.00,100 גרם,false,,3.90,0.0907,true,1,25378
80083696,false,גנדולה עוגיות דגנים ופירות אורגני 250,גנדולה,IT,גנדולה - עוגיות דגני,גרמים,250.00,100 גרם,false,,15.90,0.0636,true,1,66696
80083764,false,גנדולה עוגיות דגנים ש.שועל אורגני 250,תות תעשיות מזון (201,IT,גנדולה - עוגיות דגני,גרמים,250.00,100 גרם,false,,15.90,0.0636,true,1,66697
80176800,false,נוטלה ממרח שוקולד 750 גרם,פררו תעשיות איטליה ס,IT,פררו,גרמים,750.00,100 גרם,false,,25.90,0.0345,true,1,25379
80177173,false,ממרח אגוזי לוז עם קקאו,נוטלה Nutella,IT,פררו,גרמים,350.00,100 גרם,false,,14.90,0.0426,true,1,25380
80177180,false,שוקולד קינדר קאונטרי 23.5 גרם,קדבורי,IT,פררו,גרמים,24.00,100 גרם,false,,2.00,0.0833,true,1,25381
80177609,false,אצבעות שוקולד קינדר Kinder ארבע יחידות,קינדר Kinder,IT,פררו,גרמים,50.00,100 גרם,false,,3.70,0.0740,true,1,25382
80177616,false,אצבעות שוקולד קינדר Kinder שמונה יחידות,קינדר Kinder,IT,פררו,גרמים,100.00,100 גרם,false,,6.90,0.0690,true,1,37869
80310891,false,ביצת הפתעה קינדר ג'וי כתום,פררו,ZA,ביצת קינדר גוי,גרמים,20.00,100 גרם,false,,4.90,0.2450,true,1,69522
80761761,false,קינדר בואנו לבן בודד 39 גרם,קדבורי,PL,פררו,גרמים,39.00,100 גרם,false,,3.90,0.1000,true,1,25384
80768258,false,קינדר ג'וי Joy ביצת הפתעה ורוד,קינדר Kinder,ZA,פררו,גרמים,20.00,100 גרם,false,,4.90,0.2450,true,1,25385
80773429,false,מסטיק מנטוס פיור פרש בבקבוק בינוני בטעם תות 60 ג',"פרפטי ואן מלה ג'ידה,",TR,מנטוס,גרמים,60.00,100 גרם,false,,9.90,0.1650,true,1,30770
80773443,false,מסטיק מנטוס בבקבוק מעוגל בטעם מנטה מעודנת 60 ג',"פרפטי ואן מלה ג'ידה,",TR,מנטוס,גרמים,60.00,100 גרם,false,,9.90,0.1650,true,1,26871
80790990,false,מסטיק מנטוס בבקבוק מעוגל בטעם פירות -מנטה 60 ג',"פרפטי ואן מלה ג'ידה,",TR,מנטוס,גרמים,60.00,100 גרם,false,,9.90,0.1650,true,1,26874
80831402,false,סוכריות מנטוס מנטה עדינה 30 יח' ללא סוכר CLEAN BREATH,פרפטי ואן מלה,TR,מנטוס,גרמים,21.00,100 גרם,false,,6.90,0.3286,true,1,56794
80832560,false,סוכריות מנטוס פירות יער 21 ג' ללא סוכר CLEAN BREATH,פרפטי ואן מלה,TR,מנטוס,גרמים,21.00,100 גרם,false,,6.90,0.3286,true,1,67970
80843184,false,מנטוס מסטיק פיור פרש בטעם ענבים 60גר,פרפטי ואן מלה ברדה,TR,מנטוס,גרמים,60.00,100 גרם,false,,9.90,0.1650,true,1,62631
80850885,false,מסטיק מנטוס -מנטוס וויט מנטה עדינה,פרפטי ואן מלה,TR,מנטוס,גרמים,60.00,100 גרם,false,,9.90,0.1650,true,1,12429
80854753,false,סוכריות מנטוס מנטה 30 יח' ללא סוכר CLEAN BREATH,פרפטי ואן מלה,TR,מנטוס,גרמים,21.00,100 גרם,false,,6.90,0.3286,true,1,56795
80896081,false,מסטיק מנטוס פיור פרש בבקבוק בינוני בטעם אבטיח 60 ג',"פרפטי ואן מלה ג'ידה,",TR,מנטוס,גרמים,60.00,100 גרם,false,,9.90,0.1650,true,1,30771
80913467,false,מסטיק מנטו בבקבוק מעוגל בטעם מנטה 60 ג',פרפטי ואן מלה ברדה,TR,מנטוס,גרמים,60.00,100 גרם,false,,9.90,0.1650,true,1,26876
80936848,false,סוכריות טיק טק תות שדה 24 יח',קדבורי,ZA,פררו,גרמים,16.00,100 גרם,false,,2.90,0.1812,true,1,25386
80945468,false,סוכריות פיור וויט טעם מנטה מתוקה 60 ג' מנטוס,"פרפטי ואן מלה ג'ידה,",TR,מנטוס,גרמים,60.00,100 גרם,false,,9.90,0.1650,true,1,62743
80974482,false,קינדר ג'וי Joy ביצת הפתעה כחול,קינדר Kinder,ZA,פררו,גרמים,20.00,100 גרם,false,,4.90,0.2450,true,1,25387
80979128,false,מנטוס בבקבוק פיור בטעם דובדבן 60 גר,פרפטי ואן מלה ברדה,TR,מנטוס,גרמים,60.00,100 גרם,false,,9.90,0.1650,true,1,62632
80982470,false,מסטיק מנטוס פיור פרוסט בטעם מנטה חזק 60 גר',פרפטי ואן מלה ברדה,TR,מנטוס,גרמים,60.00,100 גרם,false,,9.90,0.1650,true,1,61654
80986348,false,סוכריות פיור וויט טעם מנטה 60 ג' מנטוס,"פרפטי ואן מלה ג'ידה,",TR,מנטוס,גרמים,60.00,100 גרם,false,,9.90,0.1650,true,1,62744
80995128,false,מנטוס - מסטיק בטעם הדרים בתוספת ויטמינים 60 גרם,פרפטי ואן מלה ברדה,TR,מנטוס,גרמים,60.00,100 גרם,false,,9.90,0.1650,true,1,69793
87108538,false,סוכריות מנטוס Mentos תות שדה,הדקלאים אגודת שיתופי,NL,מנטוס,גרמים,37.50,100 גרם,false,,2.90,0.0773,true,1,12443
87108651,false,מארז סוכריות מנטוס Mentos מנטה,הדקלאים אגודת שיתופי,NL,מנטוס,גרמים,160.00,100 גרם,false,,10.90,0.0681,true,1,12444
87108712,false,מארז סוכריות מנטוס Mentos פירות,פרפטי ואן מלה ברדה,NL,מנטוס,גרמים,160.00,100 גרם,false,,10.90,0.0681,true,1,12445
87311396,false,סוכריות מנטוס Mentos ריינבואו,פרפטי ואן מלה,NL,מנטוס,גרמים,38.00,100 גרם,false,,2.90,0.0763,true,1,12449
88888017,true,י מחפוד ארוז זכיינות,,,י מחפוד ארוז זכיינות,,0.00,,false,,0.00,0.0000,true,1,55876
88888018,true,קפואים מחפוד זכיינות,,,קפואים מחפוד זכיינות,,0.00,,false,,0.00,0.0000,true,1,55874
88888020,true,מחלקת חלב,,,מחלקת חלב,,0.00,,false,,0.00,0.0000,true,1,58755
88888032,true,פיצוחיה יוחננוף,,,פיצוחיה יוחננוף,,0.00,,false,,0.00,0.0000,true,1,65027
88888050,true,לחמים ומאפים,,,לחמים ומאפים,,0.00,,false,,0.00,0.0000,true,1,58785
88888051,true,סנדביצים טליה,,,סנדביצים טליה,,0.00,,false,,0.00,0.0000,true,1,64796
88888052,true,סלטים ונקניקים,,,סלטים ונקניקים,,0.00,,false,,0.00,0.0000,true,1,58816
88888053,true,ללא גלוטן וללא סוכר,,,ללא גלוטן וללא סוכר,,0.00,,false,,0.00,0.0000,true,1,58817
88888054,true,בעלי חיים,,,בעלי חיים,,0.00,,false,,0.00,0.0000,true,1,58818
88888055,true,זול סטוק,,,זול סטוק,,0.00,,false,,0.00,0.0000,true,1,65238
88888100,true,א. יעקב,,,א. יעקב,,0.00,,false,,0.00,0.0000,true,1,64572
88888993,true,סלטים טיב השדה,,,סלטים טיב השדה,,0.00,,false,,0.00,0.0000,true,1,50637
90087011,false,מיץ תפוחים 100% קרטונית ראוך,ראוך Rauch,HU,מיץ תפוחים 1 ל,ליטרים,1.00,ליטר,false,,9.90,9.9000,true,1,29902
90087547,false,מיץ עגבניות 1 ליטר ראוך קרטונית,ראוך Rauch,HU,*מבצע* מיץ עגב 100%,ליטרים,1.00,ליטר,false,,9.90,9.9000,true,1,50319
90087769,false,מיץ אננס 100% קרטונית ראוך,ראוך Rauch,HU,*מבצע* מיץ אננס 100%,ליטרים,1.00,ליטר,false,,9.90,9.9000,true,1,29905
90087974,false,"חומץ תפוחים 5% 750 מֿֿֿֿ""ל 12X",ראוך פרוכטסאפה,AT,ראוך,מיליליטרים,750.00,"100 מ""ל",false,,11.90,0.0159,true,1,18785
90162602,false,"משקה רד בול מוגז פחית 250 מ""ל",רד בול ג'י.אם.בי. אץ,AT,משקה רד בול,מיליליטרים,250.00,"100 מ""ל",false,,5.90,0.0236,true,1,36514
90446269,false,"משקה רד בול אבטיח מוגז פחית 250 מ""ל",ראון פרוכטסאפה,AT,רד בול,מיליליטרים,250.00,"100 מ""ל",false,,5.90,0.0236,true,1,67100
8112100298,false,שמן שומשום טהור לא מ,Flavor full foods in,TW,flavor,מיליליטרים,185.00,"100 מ""ל",false,,14.90,0.0805,true,1,25569
9800800056,false,חטיף שוקולד עם מקלות לחם אנד גו,נוטלה Nutella,DE,נוטלה,גרמים,52.00,100 גרם,false,,4.90,0.0942,true,1,25388
10900678148,false,דיאמונד רדיד אלומיניום נון סטיק,דיימונד,CN,*מבצע* רדיד אלומיניו,מטרים,5.00,מטר,false,,9.90,1.9800,true,1,63777
11210000094,false,"רוטב ""טבסקו"" על בסיס פלפל אדום 60 מ""ל",מקאילהייני אייבורי,US,טבסקו,מיליליטרים,60.00,"100 מ""ל",false,,10.90,0.1817,true,1,15237
11210007253,false,רוטב טבסקו שום ופלפל,מקאילהייני אייבורי,US,טבסקו,מיליליטרים,60.00,"100 מ""ל",false,,10.90,0.1817,true,1,15238
11210009387,false,רוטב טבסקו פלפל ירוק,מקאילהייני אייבורי,US,טבסקו,מיליליטרים,60.00,"100 מ""ל",false,,10.90,0.1817,true,1,15239
11210607040,false,"רוטב ""טבסקו"" על בסיס פלפל צ'יפוטלי [בטעם מעושן] 60 מ""ל",מקאילהייני Mc.Ilhenn,US,טבסקו,מיליליטרים,60.00,"100 מ""ל",false,,10.90,0.1817,true,1,15240
11210698055,false,רוטב טבסקו סרירציה 566 גרם,מקאילהייני קו,US,טבסקו סורירצ'ה חריף,גרמים,566.00,100 גרם,false,,24.90,0.0440,true,1,55472
11543334125,false,אופנוע חשמלי מרים גל,,,אופנוע חשמלי מרים גל,יח,1.00,יח,false,,49.90,49.9000,true,1,68735
16000185517,false,דגני בוקר פייבר וואן עתירי סובין FIBRE1,בטר אנד דיפרנט,US,FIBER ONE,גרמים,555.00,100 גרם,false,,24.90,0.0449,true,1,64090
16000423534,false,ניטשר ואלי חטיף שיבולת שועל שוקולד מריר קראנצי 210ג',ג'נרל מילס סאן אדריא,ES,נייטשר ואלי,גרמים,210.00,100 גרם,false,,18.90,0.0900,true,1,12456
16000548404,false,ניטשר ואלי חטיף קראנצי גרנולה שיבולת שועל 210 ג',ג'נרל מילס סאן אדריא,ES,נייטשר ואלי,גרמים,210.00,100 גרם,false,,18.90,0.0900,true,1,12459
16000548503,false,ניטשר ואלי קראנצי חטיף גרנולהומייפל 10 יח' 210 ג',ג'נרל מילס סאן אדריא,ES,נייטשר ואלי,גרמים,210.00,100 גרם,false,,18.90,0.0900,true,1,12460
16000548602,false,נייטשר וואלי חטיף קראנצ'י קינמון 210ג',ג'נרל מילס סאן אדריא,ES,נייטשר ואלי,גרמים,210.00,100 גרם,false,,18.90,0.0900,true,1,12461
16000548909,false,חטיף ניישטר וואלי 1/5 בריאות מעורב 210 ג,ג'נרל מילס סאן אדריא,ES,נייטשר ואלי,גרמים,210.00,100 גרם,false,,18.90,0.0900,true,1,12462
16229924263,false,"קרם קוקוס 250 מ""ל.",ויט ורלד קומפני,VN,קרם קוקוס 250 מ,מיליליטרים,250.00,"100 מ""ל",false,,9.90,0.0396,true,1,29683
18000701223,false,תערובת לעוגת שוקולד 517 גרם פילסבורי,הדקלאים אגודת שיתופי,IL,פילסברי,גרמים,500.00,100 גרם,false,,16.90,0.0338,true,1,12463
18000703494,false,תערובת עוגת וניל פיסברי 500 גר',הדקלאים אגודת שיתופי,IL,פילסברי,גרמים,500.00,100 גרם,false,,16.90,0.0338,true,1,12464
18000766413,false,תערובת להכנת עוגה בטעם שוקולד,הדקלאים אגודת שיתופי,IL,פילסברי,גרמים,550.00,100 גרם,false,,16.90,0.0307,true,1,12466
21723339994,false,רוטב דגים מזרח ומערב,טאנג סאנג ראר קי,TH,tiparos,מיליליטרים,300.00,"100 מ""ל",false,,9.90,0.0330,true,1,25570
25675301153,false,סאוור סטיקס Sour Sticks בטעם אוכמניות,פשקז Paskesz,NL,פשקס,גרמים,50.00,100 גרם,false,,4.90,0.0980,true,1,10351
25700005698,false,שקיות אחסון בינוניות- 24 יח' זיפלוק,אס.סי.גונסון ובניו,US,שקיות זיפלוק בינוניו,יחי,24.00,יחי,false,,12.90,0.5375,true,1,60060
30000315989,false,קוואקר פרוטאין חמוציות ושקדים 372 גר,קוואקר אוטס קומפני,US,קוואקר,גרמים,372.00,100 גרם,false,,20.90,0.0562,true,1,52764
33617000026,false,קרקר ואזה 203-275 גרם מקמח מלא 260,כלורוקס אוקלנד,SE,פת מקמח מלא 260 גרם,גרמים,260.00,100 גרם,false,,12.90,0.0496,true,1,7376
33617322616,false,קרקר ואזה 203-275 גרם מקמח שיפון,כלורוקס אוקלנד,SE,פת מקמח שיפון 270 גרם,גרמים,270.00,100 גרם,false,,12.90,0.0478,true,1,7378
33617340610,false,קרקר ואזה 203-275 גרם מקמח שיפון 275,כלורוקס אוקלנד,SE,פת מקמח שיפון 275 גרם,גרמים,275.00,100 גרם,false,,12.90,0.0469,true,1,7379
34000312177,false,סירופ שוקולד הרשי 680 גר',ליימן מותגים,US,הרשי סירופ שוקולד 680 גרם,גרמים,680.00,100 גרם,false,,16.90,0.0249,true,1,12474
34000544028,false,סוכריות ארוכות בטעם תות טוויזלרס Twizzlers,ליימן מותגים,US,הרשי,גרמים,198.00,100 גרם,false,,6.90,0.0348,true,1,12475
35000689535,false,מברשת שיניים קולגייט מקס וייט סופט זוג,COLGATE PALMOLIVE,CN,קולגייט,יח',2.00,יח',false,,19.90,9.9500,true,1,19229
36000516890,false,ממחטות אף עם אלוורה + ויטמין E תלת שכבתי,קלינקס Kleenex,GB,קלינקס,100 יח,120.00,100 יח,false,,17.90,0.1492,true,1,55461
37600207188,false,חמאת בוטנים סקיפי קלאסי 462 גר',חברת המזון אלגוד,US,סקיפי,גרמים,462.00,100 גרם,false,,17.90,0.0387,true,1,21796
37600207256,false,חמאת בוטנים סקיפי עם שברי בוטנים 462 גר',חברת המזון אלגוד,US,סקיפי,גרמים,462.00,100 גרם,false,,17.90,0.0387,true,1,21797
38000138638,false,חטיף צ'יפס בטעם פיצה,פרינגלס מנופקצורינג,US,פרינגלס,גרמים,158.00,100 גרם,false,,8.90,0.0563,true,1,21802
38000183928,false,פרינגלס חרדל ודבש 158 גרם,פרינגלס מניופקצ'ורינ,US,פרינגלס,גרמים,158.00,100 גרם,false,,8.90,0.0563,true,1,60099
38000197840,false,פרינגלס גלי בטעם חריף מתוק 137 ג',פרינגלס מניופקצ'ורינ,US,פרינגלס,גרמים,137.00,100 גרם,false,,8.90,0.0650,true,1,60100
38000232152,false,פרינגלס ברביקיו 158 גרם – חדש,פרינגלס מניופקצ'ורינ,US,פרינגלס,גרמים,158.00,100 גרם,false,,8.90,0.0563,true,1,56511
38000232176,false,חטיף צ'יפס שמנת חמוצה ובצל,פרינגלס מניופקצ'ורינ,US,פרינגלס,גרמים,158.00,100 גרם,false,,8.90,0.0563,true,1,56512
38000232183,false,פרינגלס אוריגינל 149 גרם,פרינגלס מניופקצ'ורינ,US,פרינגלס,גרמים,149.00,100 גרם,false,,8.90,0.0597,true,1,56513
38527591053,false,קואקר דגנים מרובעים שיבולת שועל וקינמון,BEVERAGES FOODS & SE,US,קוואקר,גרמים,411.00,100 גרם,false,,19.90,0.0484,true,1,14728
38527591060,false,דגני קוואקר מרובעים Quaker Squares עם סוכר חום,BEVERAGES FOODS & SE,US,קוואקר,גרמים,411.00,100 גרם,false,,19.90,0.0484,true,1,14729
40000513568,false,סוכריות אם אנד אמס M&M שוקולד חלב,M&M אם אנד אם,US,M&M's שוקולד 156 גרם,גרמים,156.00,100 גרם,false,,9.90,0.0635,true,1,28912
40000513629,false,M&M's חמאת בוטנים אריזה גדולה 152 גרם,מארס,US,M&M's חמאת בוטנים 14,גרמים,142.00,100 גרם,false,,9.90,0.0697,true,1,28914
40000514480,false,M&M אריזה קטנה's שוקולד אריזה קטנה 48 גרם,M&M אם אנד אם,US,מ&מ'ס,גרמים,48.00,100 גרם,false,,4.90,0.1021,true,1,3665
40000514510,false,M&M אריזה קטנה's בוטנים אריזה קטנה 49 גרם,M&M אם אנד אם,US,מ&מ'ס,גרמים,49.00,100 גרם,false,,4.90,0.1000,true,1,3666
40232885518,false,אוכמניות,חקלאי,IL,אוכמניות,יח,1.00,יח,false,,9.90,9.9000,true,1,59697
41390001079,false,"רוטב סויה מופחת נתרן קיקומן 444 מ""ל",קיקומן פודז אינק,US,קיקומן,מיליליטרים,444.00,"100 מ""ל",false,,19.90,0.0448,true,1,21815
41390010309,false,"רוטב טריאקי קיקומן 444 מ""ל",קיקומן פודז אינק,US,קיקומן,מיליליטרים,444.00,"100 מ""ל",false,,19.90,0.0448,true,1,21816
41570113066,false,בלו דיאמנד משקה שקדים אוריגינל ללא תוספת סוכר 1 ליטר,בלו דיאמונד,US,חלב שקדים ללא סוכר 1,מיליליטרים,1000.00,"100 מ""ל",false,,19.90,0.0199,true,1,50280
41844000016,false,חמאה צרפתית פרמיום 2,קוופרטיב ליאטיאר דה,FR,מכבי,גרמים,250.00,100 גרם,false,,22.90,0.0916,true,1,20466
42400108153,false,דגני בוקר צבעוניים בטעם פירות טוטי פרוטיס,פוסט Post,US,דגני פוסט טוטי פרוטי,גרמים,354.00,100 גרם,false,,19.90,0.0562,true,1,60152
46214382259,false,עוגיות בראוניס שוקולד 225 ג',בנקטבקריי מרבה בי.וי,NL,מרבה עוגיות בראוניז,גרמים,200.00,100 גרם,false,,9.90,0.0495,true,1,19232
46214731552,false,עוגיות שוקולד ציפס מובחרות 225 ג',קריניציה ויטמינה אס,NL,מרבה,גרמים,225.00,100 גרם,false,,9.90,0.0440,true,1,19233
50000100347,false,"פריסקיז - מעדני החתול מועשר בחלב 1.40 ק""ג",נסטלה פורינה USA מק,US,FRISKIES,קילוגרמים,4.43,"ק""ג",false,,35.90,8.1038,true,1,55947
50000445691,false,פריסקיז 156 גרם נתחי עוף וסלומון ברוטב,נסטלה פורינה USA קר,US,FRISKIES,גרמים,156.00,100 גרם,false,,6.90,0.0442,true,1,4637
51500255162,false,"חמאת בוטנים לל""ג JIF אריזת 454ג'",ג'י.אס.קיי קונסיומר,US,*מבצע* JIF חמאת בוטנ,גרמים,454.00,100 גרם,false,,14.90,0.0328,true,1,62386
54881000055,false,תה שחור מבחר פירות 20 שקיות אחמד,אחמד תה אנגליה,,*מבצע* תה שחור מבחר,יח',20.00,יח',false,,8.90,0.4450,true,1,63404
54881000208,false,תה שחור לימון וגינגיר 20 שקיות אחמד,אחמד תה אנגליה,,*מבצע* תה שחור לימון,יח',20.00,יח',false,,8.90,0.4450,true,1,64394
54881007511,false,תה ירוק בטעם מנטה 20 שקיקים 40 גר,אחמד תה אנגליה,,*מבצע* תה ירוק בטעם,יח',20.00,יח',false,,9.90,0.4950,true,1,63409
54881007535,false,תה ירוק בטעם לימון 20 שקיקים 40 גרם,אחמד תה אנגליה,,*מבצע* תה ירוק בטעם,יח',20.00,יח',false,,9.90,0.4950,true,1,63410
54881012423,false,תה ירוק בטעם פטל רימונים 20 שקים 40 גרם,אחמד תה אנגליה,,*מבצע* תה ירוק בטעם,יח',20.00,יח',false,,9.90,0.4950,true,1,63413
55023684812,false,בובת פוקימון פרווה,,,בובת פוקימון פרווה,יחידה,0.00,יחידה,false,,29.90,0.0000,true,1,71138
55369902557,false,אפלסנקס רביעיות רסק תפוחי עץ ממותק בסגנון ביתי עברית,ליייהי אורצ'רדס,CA,אפלסנקס,גרמים,452.00,100 גרם,false,,13.90,0.0308,true,1,15245
55369902564,false,אפלסנקס רביעיות רסק תפוחי עץ ללא תוספת סוכר עברית,ליייהי אורצ'רדס,CA,אפלסנקס,גרמים,452.00,100 גרם,false,,13.90,0.0308,true,1,15246
62558202381,false,סירופ מייפל אורגני 100% טהור,דיקסר קוויבק,CA,סירופ מייפל אורגני 2,מיליליטרים,250.00,"100 מ""ל",false,,26.90,0.1076,true,1,61839
64144090020,false,"ספריי שמן PAM בטעם שמן זית 141 מ""ל",קונאגרה פודס,US,פאם,מיליליטרים,148.00,"100 מ""ל",false,,13.90,0.0939,true,1,12483
64144090051,false,"ספריי שמן PAM קנולה אורגינל 148 מ""ל",קונאגרה פודס,US,פאם,מיליליטרים,148.00,"100 מ""ל",false,,13.90,0.0939,true,1,12484
70080000016,false,חרדל אמריקאי פלוכמן Plochman's,"פלוקמן בע""מ",US,חרדל לחיץ 297 אמריקא,גרמים,297.00,100 גרם,false,,7.90,0.0266,true,1,50769
76840002542,false,"גלידת בן & ג'ריס פיינט נטפליקס וצ'ילד 500מ""ל",מוצרי איכות אמריקאים,IL,בן & ג'ריס,מיליליטרים,500.00,"100 מ""ל",false,,17.40,0.0348,true,1,58064
76840100156,false,"בן אנד גריס גלידת צרי גרסיה 500 מ""ל",מוצרי איכות אמריקאיי,IL,בן & ג'ריס,מיליליטרים,473.00,"100 מ""ל",false,,17.40,0.0368,true,1,20104
76840100583,false,"גלידת וניל עם בצק עוגיות בן וג'ירי 473 מ""ל",מוצרי איכות אמריקאיי,IL,בן & ג'ריס,מיליליטרים,473.00,"100 מ""ל",false,,17.40,0.0368,true,1,20105
76840400218,false,"גלידה בן&ג'ריס תות שדה ועוגת גבינה 500מ""ל",מוצרי איכות אמריקאיי,IL,בן & ג'ריס,מיליליטרים,473.00,"100 מ""ל",false,,17.40,0.0368,true,1,20115
77245110610,false,סוכריות מאסט ללא סוכר בטעם מנטה 80 ג'עלית,MIESZKO S.A - MS. JO,PL,עלית,גרמים,80.00,100 גרם,false,,6.90,0.0863,true,1,14166
77343000233,false,נרות חימום 50 יח יצו,"מנורה שי נר בע""מ",IL,מנורה,יח',50.00,יח',false,,8.90,0.1780,true,1,13677
77975036976,false,מטבל עגבניות בחריפות עדינה סניידרס 439 ג',סניידרס Snyder's,US,סניידרס,גרמים,439.00,100 גרם,false,,16.90,0.0385,true,1,12489
77975094624,false,"סניידרס סנדוויץ בייגלה במילוי חמאת בוטנים , 226 ג'",סניידרס Snyder's,US,סניידרס,גרמים,283.50,100 גרם,false,,15.90,0.0561,true,1,59097
77975094631,false,סנדביץ בייגלה במילוי קרם בטעם צ'דר 226 גרם סניידרס,סניידרס Snyder's,US,סניידרס,גרמים,226.00,100 גרם,false,,15.90,0.0704,true,1,59098
77975094761,false,שברי בייגלה סניידרס בטעם צידר 340 גרם,סניידרס Snyder's,US,סניידרס,גרמים,340.00,100 גרם,false,,15.90,0.0468,true,1,61464
77975094778,false,שברי בייגלה סניידרס בטעם דבש חרדל 340 גר,סניידרס Snyder's,US,סניידרס,גרמים,340.00,100 גרם,false,,15.90,0.0468,true,1,61710
80432400432,false,וויסקי שיבאס רגאל 12,מזקקת האחים שיבאס,,ויסקי שיבאס 1 ליטר,ליטרים,1.00,ליטר,false,,139.90,139.9000,true,1,11566
80518532743,false,שקית בלון 50 בלונים,NORTHERN,CN,שמחה זה אנחנו,יח',50.00,יח',false,,11.90,0.2380,true,1,16585
85696608044,false,טופו ללא גלוטן מזרח,Morinaga nutritional,US,*מבצע* טופו ללא גלוט,גרמים,349.00,100 גרם,false,,11.90,0.0341,true,1,31686
89041081056,false,מזרח ומערב יבוא שמן,flavor full foods,TW,"שמן צילי 185 מ""ל",מיליליטרים,185.00,"100 מ""ל",false,,10.90,0.0589,true,1,53417
183837123408,false,אורז בסמטי אוצרות הו,צימאן לטל סטיה,IN,אורז בסמטי אוצרות הו,קילוגרמים,5.00,"ק""ג",false,,32.90,6.5800,true,1,68142
598080941158,false,סביבון חד קרן,,,סביבון חד קרן,יח',1.00,יח',false,,12.90,12.9000,true,1,59857
611745285685,false,אבוקדו בשל ארוז יחיד,משתנה,IL,פטריות פורטובלה,יח',1.00,יח',false,,7.90,7.9000,true,1,55359
613008742348,false,בקבוק אריזונה ג'נסינג ודבש 1 ליטר,נובה טרייד אל טי די,DE,אריזונה,ליטרים,1.00,ליטר,false,,10.90,10.9000,true,1,59464
613008742409,false,בקבוק אריזונה אפרסק 1 ליטר,נובה טרייד אל טי די,DE,אריזונה,ליטרים,1.00,ליטר,false,,10.90,10.9000,true,1,59465
613008755461,false,בקבוק אריזונה אוכמניות 1 ליטר,נובה טרייד אל טי די,DE,אריזונה,ליטרים,1.00,ליטר,false,,10.90,10.9000,true,1,59466
628154383659,false,דגני בוקר פרוטי פבלס 311 ג' POST,PO קוד יצרן,PL,פוסט,גרמים,311.00,100 גרם,false,,19.90,0.0640,true,1,66967
649870165695,false,חטיף נייטיב לכלב מקל,לנגי,CN,חטיף נייטיב לכלב מקל,גרמים,80.00,100 גרם,false,,15.90,0.1988,true,1,61484
649870165718,false,חטיף נייטיב לכלב עיג,לנגי,CN,חטיף נייטיב לכלב עיג,גרמים,80.00,100 גרם,false,,15.90,0.1988,true,1,61486
649870165725,false,חטיף נייטיב לכלב משק,לנגי,CN,חטיף נייטיב לכלב משק,גרמים,80.00,100 גרם,false,,15.90,0.1988,true,1,61487
649870165732,false,חטיף נייטיב לכלב קוב,לנגי,CN,חטיף נייטיב לכלב קוב,גרמים,80.00,100 גרם,false,,15.90,0.1988,true,1,61488
649870166104,false,נייטיב דגים ברוטב לח,נייטיב,TH,נייטיב דגים ברוטב לח,גרמים,85.00,100 גרם,false,,4.90,0.0576,true,1,62525
649870166111,false,נייטיב כבש ברוטב לחת,נייטיב,TH,נייטיב כבש ברוטב לחת,גרמים,85.00,100 גרם,false,,4.90,0.0576,true,1,62526
649870166128,false,נייטיב סלמון ברוטב ל,נייטיב,TH,נייטיב סלמון ברוטב ל,גרמים,85.00,100 גרם,false,,4.90,0.0576,true,1,62527
649870166135,false,נייטיב טונה ברוטב לח,נייטיב,TH,נייטיב טונה ברוטב לח,גרמים,85.00,100 גרם,false,,4.90,0.0576,true,1,62528
649870166142,false,נייטיב פטה עוף לגור,נייטיב,TH,נייטיב פטה עוף לגור,גרמים,85.00,100 גרם,false,,4.90,0.0576,true,1,62529
651080161510,false,"פלאקרס ""פלוסר ""חוט דנטלי משופר 35יח'-חדש",מיוצר עי קונדיטוריית,CN,קיסמים בשילוב חוט דנ,יח',36.00,יח',false,,9.90,0.2750,true,1,28958
693493034456,false,סרדין מרוקאי בשמן זי,אטלנטיק הום סרדינס א,MA,U.P.A,גרמים,90.00,100 גרם,false,,5.90,0.0656,true,1,56712
693493034517,false,פילה אנשובי בשמן חמנ,פאטינה פוד,MA,י.מ. ויצמן,גרמים,50.00,100 גרם,false,,5.90,0.1180,true,1,59395
693493034548,false,תמר בונבון קפוא,,,תמר בונבון קפוא,גרמים,420.00,100 גרם,false,,19.90,0.0474,true,1,69474
693493168786,false,"תמר מג'הול 1 ק""ג פרמ",,,"תמר מג'הול 1 ק""ג פרמ",קילוגרמים,1.00,"ק""ג",false,,24.90,24.9000,true,1,69475
728229123590,false,חטיף על בסיס ירקות שורש בטעם טבעי,הונדורס צ'יפס יצור א,HN,טרה,גרמים,110.00,100 גרם,false,,14.90,0.1355,true,1,8342
728229123811,false,חטיף על בסיס ירקות שורש בתיבול ים תיכוני,הונדורס צ'יפס יצור א,HN,טרה,גרמים,110.00,100 גרם,false,,14.90,0.1355,true,1,8344
728229124764,false,חטיף ציפס בטטה עם מלח ים 110 גרם,היין פיוצ'ור נטורל פ,US,טרה,גרמים,110.00,100 גרם,false,,14.90,0.1355,true,1,49487
728229130154,false,חטיף על בסיס בטטה וסלק בטעם טבעי,הונדורס צ'יפס יצור א,HN,טרה,גרמים,110.00,100 גרם,false,,14.90,0.1355,true,1,8346
753182231761,false,"משקה אנרגיה BLU ללא תוספת סוכר 250 מ""ל",אקווה ויט,PL,בלו,מיליליטרים,250.00,"100 מ""ל",false,,4.20,0.0168,true,1,7949
768404001640,false,"גלידה בן&ג'ריס קפה משפחתית 500מ""ל",מוצרי איכות אמריקאיי,IL,בן & ג'ריס,גרמים,500.00,100 גרם,false,,17.40,0.0348,true,1,20122
783495196686,false,תות שדה יחי,,,תות שדה יחי,יח',1.00,יח',false,,19.90,19.9000,true,1,71276
787269088481,false,עגבניות צ'רי לובלו,,,עגבניות צ'רי לובלו,יח',1.00,יח',false,,14.90,14.9000,true,1,62294
835811000402,false,כפות 50 יח` קרם עבה במיוחד,"גרנג יוניברס , הונג",TR,הנמל,יח',50.00,יח',false,,12.90,0.2580,true,1,51593
835811000419,false,כפיות 50 יח` קרם עבה במיוחד,"גרנג יוניברס , הונג",TR,הנמל,יח',50.00,יח',false,,12.90,0.2580,true,1,51594
835811000426,false,מזלגות קרם עבה במיוחד 50 יח',"גרנג יוניברס , הונג",TR,הנמל,יח',50.00,יח',false,,12.90,0.2580,true,1,51595
835811000433,false,סכינים 50 יח` קרם עבה במיוחד,"גרנג יוניברס , הונג",TR,הנמל,יח',50.00,יח',false,,12.90,0.2580,true,1,51596
835811001140,false,שומשום הנמל 400 גרם,הנמל אריזות.,IL,שומשום 400 גר`,גרמים,400.00,100 גרם,false,,9.90,0.0248,true,1,56366
835811001829,false,מגש מרובע שקו,,,*מבצע* מגש מרובע שקו,יח',1.00,יח',false,,7.90,7.9000,true,1,10110
835811001843,false,"מגש אינגליש קייק שקוף ונציה 37*17 ס""מ",הנמל,,מגש אינגליש קייק שקו,יח',1.00,יח',false,,5.90,5.9000,true,1,10111
835811004189,false,פרורי לחם מוזהבים בתוספת שומשום 800 גר',הנמל,IL,פירורי לחם מוזהבים 8,גרמים,800.00,100 גרם,false,,9.90,0.0124,true,1,62749
835811004202,false,מפות ניילון עבות הנמ,זמזמ תעשיות פלסטיק,IL,מפה שולחן 6 יח` עבה,יח',6.00,יח',false,,8.90,1.4833,true,1,53275
835811004219,false,מפות שולחן ניילון עבה הנמל 8 יח',זמזמ תעשיות פלסטיק,IL,מפה שולחן 8 יח עבה נ,יח',8.00,יח',false,,8.90,1.1125,true,1,53276
835811004226,false,מפת ניילון בגליל 45 מטר,,IL,מפת ניילון בגליל 4,מטרים,45.00,מטר,false,,29.90,0.6644,true,1,53277
835811004455,false,קישקשים מנייר 125 יח' צבעוני,הנג טונג,CN,קש מנייר 125 יח',יח',1.00,יח',false,,8.90,8.9000,true,1,62822
835811004707,false,פירורי לחם מוזהבים 440 ג' הנמל,ברמן שוקולד ועוגיות,IL,הנמל,גרמים,440.00,100 גרם,false,,6.90,0.0157,true,1,10141
835811004790,false,"מגש הגשה עגול מחולק שקוף בינוני ח""פ הנמל",פולין חד פעמי סין,CN,הנמל,יח',1.00,יח',false,,8.90,8.9000,true,1,10142
835811004813,false,"מגש מאורך מחולק שקוף 4 תאים 1 י""ח",הנג טונג,CN,הנמל,יח',1.00,יח',false,,7.90,7.9000,true,1,10143
835811005117,false,קערה מעוטרת קטנה 1 י,בי רייט,CN,הנמל,יח',1.00,יח',false,,4.90,4.9000,true,1,10149
835811005247,false,קערות מהודרות משובחות ואיכותיות,הנג טונג,CN,הנמל,יח',4.00,יח',false,,7.90,1.9750,true,1,10154
835811005339,false,שקיות אוכל קרטון הנמל זוג*150 יח',,,שקיות אוכל זוג בקרטו,יח',300.00,יח',false,,7.90,0.0263,true,1,10157
835811005407,false,כוס קפה לדרך ענק + מכסה הנמל 12 יח',"צח ייבוא ושיווק בע""מ",IL,הנמל,יח',12.00,יח',false,,12.90,1.0750,true,1,10158
835811005728,false,עלים לעוגת קרמשניט 400 גרם,"רונית מאפים בע""מ",IL,הנמל,גרמים,400.00,100 גרם,false,,14.90,0.0373,true,1,10164
835811006176,false,כוס קינוח קריסטל 24 יח' 60 CC,מיקרון מקינה,TR,כוס קינוח קריסטל 60,יח',24.00,יח',false,,12.90,0.5375,true,1,52589
835811006220,false,צלחות ענקיות מתכלה מקנה סוכר טבעי 25 יח,הנמל,,צלחות ענק מקנה סוכר,יח',25.00,יח',false,,14.90,0.5960,true,1,10180
835811006244,false,צלחות גדולות מקנה סוכר טבעי 25 יח,הנמל,,צלחות גדולות מקנה סו,יח',25.00,יח',false,,13.90,0.5560,true,1,10182
835811007494,false,גלטין טהור מדגים 2 יח` 14 X גר`,ג'ליס פיוניר,IL,גלטין טהור מדגים 2,גרמים,28.00,100 גרם,false,,8.90,0.3179,true,1,10221
835811007678,false,שקיות אוכל הנמל 200 יח',סאם גלובל תורכיה,CN,הנמל,יח',200.00,יח',false,,2.90,0.0145,true,1,10223
835811008699,false,כפות שקוף/קרם עבה במיוחד הנמל 50 יח,"גרנג יוניברס , הונג",TR,הנמל,יח',50.00,יח',false,,12.90,0.2580,true,1,10227
835811008910,false,לפתניות הגשה 8 יח',בי רייט,CN,הנמל,יח',8.00,יח',false,,7.90,0.9875,true,1,10231
835811008934,false,מזלגות 50 יח שקוף/קרם עבה במיוחד,"גרנג יוניברס , הונג",TR,הנמל,יח',50.00,יח',false,,12.90,0.2580,true,1,10232
835811008941,false,סכינים 50 יח שקוף/קרם עבה במיוחד,"איטיליאן פוד, אס.פי.",TR,הנמל,יח',50.00,יח',false,,12.90,0.2580,true,1,10233
835811008958,false,כפיות 50 יח שקוף/קרם עבה במיוחד,"גרנג יוניברס , הונג",TR,הנמל,יח',50.00,יח',false,,12.90,0.2580,true,1,10234
835811008996,false,"כוסות חד פעמי קרטון 295 מ""ל",הנמל,CN,כוסות קרטון 50 10O,יח',50.00,יח',false,,14.90,0.2980,true,1,10237
835811009795,false,כוס מרובעת 20יח 10 OZ פס כסף זהב,בי רייט,CN,הנמל,יח',10.00,יח',false,,15.90,1.5900,true,1,10263
851621000050,false,בירה חיטה בטעם הדרים 1664 בלאנק - שישייה,קרלסברג ספליי קומפאנ,PL,בירה בלאנק 1664 שישי,מיליליטרים,1980.00,"100 מ""ל",false,,39.90,0.0202,true,1,67548
855958006662,false,צורו סלמון 56 ג,,,צורו סלמון 56 ג,גרמים,56.00,100 גרם,false,,15.90,0.2839,true,1,70110
856591000055,false,עוגיות מזרחיות קריספי שרוף במיוחד,עבאדי,IL,עבאדי,גרמים,400.00,100 גרם,false,,15.80,0.0395,true,1,17154
856591000062,false,עבאדי עוגיות מזרחיות מלח 400 גרם,מאפיית יוסף ושמחה עב,IL,עבאדי,גרמים,400.00,100 גרם,false,,15.80,0.0395,true,1,17155
856591000109,false,עבאדי עוגיות מזרחיות פריך במיוחד 400 גרם,מאפיית יוסף ושמחה עב,IL,עבאדי,גרמים,400.00,100 גרם,false,,15.80,0.0395,true,1,17156
856591000512,false,עבאדי עוגיות מזרחיות מקלות לניגוב 400 גר,מאפיית יוסף ושמחה עב,IL,עבאדי,גרמים,400.00,100 גרם,false,,13.90,0.0348,true,1,17162
856591000949,false,עבאדי קטנטנים מאפה חיטה מלוח 350ג גר',עבאדי,IL,*מבצע* חטיף טבעי קטנ,גרמים,350.00,100 גרם,false,,13.90,0.0397,true,1,62556
856591000970,false,מאפה חיטה עבאדי מקלונים בטעם חריף 400 גר,עבאדי,IL,*מבצע* מאפה חיטה מקל,גרמים,400.00,100 גרם,false,,13.90,0.0348,true,1,65433
859547004329,false,ספוג ניקוי צבעוני סקראב דדי Scrub Daddy,סקארקיסט,US,*מבצע* ספוג ניקוי סק,יח',1.00,יח',false,,14.90,14.9000,true,1,70342
883929450398,false,לגו באטמן 300 יח',,,לגו באטמן 300 יח',יח',1.00,יח',false,,79.90,79.9000,true,1,68185
884912129512,false,דגני בוקר קוקו פבלס פלינסטון 311 גר,פוסט לקיוויל,US,פוסט,גרמים,311.00,100 גרם,false,,19.90,0.0640,true,1,67894
884912342737,false,דגני בוקר פוסט וופל קריספ 326 גר',הנסיך- מפעל לייצור ט,US,דגני פוסט קריספי וופ,גרמים,326.00,100 גרם,false,,19.90,0.0610,true,1,56074
884912359155,false,דגני בוקר האני באנצס רוסטד 340 ג' POST,פוסט לקיוויל,US,האניבנצס רוסטד,גרמים,340.00,100 גרם,false,,17.80,0.0524,true,1,65817
884912359162,false,דגני בוקר האני באנצס שקדים 340 ג' POST,פוסט לקיוויל,US,האניבנצס אלמונד,גרמים,340.00,100 גרם,false,,17.80,0.0524,true,1,65816
884912359421,false,דגני בוקר האני באנצס פקאן ומייפל 340 ג' POST,פוסט לקיוויל,US,האניבנצס רוסטד,גרמים,340.00,100 גרם,false,,17.80,0.0524,true,1,65818
884912365200,false,דגני בוקר אוראו 311 גרם מתכון חדש,פוסט לקיוויל,US,דגני אוראו 311 גרם,גרמים,311.00,100 גרם,false,,19.90,0.0640,true,1,69259
893594002051,false,"חטיף פופקורן צ`יפס בטעם גבינת צ`דר, 28ג Medora snacks",PepsiCo inc. Frito lay Division,US,פופקורנס גבינת צ'דר,גרמים,28.00,100 גרם,false,,5.50,0.1964,true,1,68144
893594002068,false,"חטיף פופקורן צ`יפס עם מלח ים,28 ג HANTRONIX",PepsiCo inc. Frito lay Division,US,פופקורנס מלח ים 28 ג,גרמים,28.00,100 גרם,false,,5.50,0.1964,true,1,68145
2122607011109,false,עמק לייט חריץ במשקל,תנובה,IL,תנובה,קילוגרמים,1.00,"ק""ג",true,,70.00,70.0000,true,1,64232
3014260228842,false,"ג'ילט קצף גילוח רגיל - 200 מ""ל",מולינו ניקולי s.p.a,GB,Gillette,מיליליטרים,200.00,"100 מ""ל",false,,13.90,0.0695,true,1,8664
3014260251970,false,סכיני גילוח מאכ 3 זו,פרוקטר אנד גמבל,DE,ג'ילט,יח',2.00,יח',false,,15.90,7.9500,true,1,24380
3014260287030,false,סכיני גילוח חד פעמי חמישיה gullette,פרוקטר אנד גמבל,MD,Gillette,יח',5.00,יח',false,,7.90,1.5800,true,1,8673
3014260289287,false,סכין גילוח גילט בלו 2 לנשים-חמישייה,פרוקטר אנד גמבל,RU,Gillette,יח',5.00,יח',false,,12.90,2.5800,true,1,8674
3046920010801,false,שוקולד מריר אקסלנס עם אגוזי לוז,לינדט ושפרונגלי אס.א,FR,לינדט,גרמים,100.00,100 גרם,false,,14.90,0.1490,true,1,27037
3046920027281,false,שוקולד מריר אקסלנס במילוי קרמל ומלח ים,לינדט ושפרונגלי,FR,לינדט,גרמים,100.00,100 גרם,false,,14.90,0.1490,true,1,3681
3046920028004,false,לינדט שוקולד אקסלנס מריר 70% 100 גר,לינדט ושפרונגלי,FR,לינדט,גרמים,100.00,100 גרם,false,,14.90,0.1490,true,1,3683
3046920028363,false,שוקולד מריר אקסלנס 85%,לינדט ושפרונגלי,FR,לינדט,גרמים,100.00,100 גרם,false,,14.90,0.1490,true,1,3684
3046920028721,false,שוקולד מריר אקסלנס 99%,לינדט ושפרונגלי,FR,לינדט,גרמים,50.00,100 גרם,false,,14.90,0.2980,true,1,3686
3046920028752,false,לינדט אקסלנס מינט 100 גרם,לינדט ושפרונגלי,FR,לינדט,גרמים,100.00,100 גרם,false,,14.90,0.1490,true,1,3687
3046920029674,false,שוקולד מריר אקסלנס עם מלח ים,לינדט ושפרונגלי,DE,לינדט,גרמים,100.00,100 גרם,false,,14.90,0.1490,true,1,3688
3046920029681,false,לינדט שוקולד אקסלנס מילד 85% קקאו 100 גר,לינדט,DE,לינדט,גרמים,100.00,100 גרם,false,,14.90,0.1490,true,1,58648
3046920029759,false,שוקולד מריר אקסלנס 90% קקאו,לינדט ושפרונגלי ג'י.,DE,לינדט,גרמים,100.00,100 גרם,false,,14.90,0.1490,true,1,3689
3059943015104,false,מבשם אוויר נטול גז אקווה מיסט בניחוח פריסיה ויסמין,איירוויק Air Wick,PL,איירויק,מיליליטרים,345.00,"100 מ""ל",false,,12.90,0.0374,true,1,7680
3059943015128,false,מבשם אוויר נטול גז אקווה מיסט בניחוח לבנדר פראי ואוויר הרים,הדקלאים אגודת שיתופי,PL,איירויק,מיליליטרים,345.00,"100 מ""ל",false,,12.90,0.0374,true,1,7681
3069900201327,false,זיתים שחורים יבשים 4,קרטייר סאדה,MA,קרטייר סאדה,גרמים,400.00,100 גרם,false,,10.90,0.0273,true,1,20040
3073781161663,false,גבינה מותכת 18.5% שומן לה וואש קירי,לה וואש קירי La Vache qui rit,FR,לואש קירי,גרמים,128.00,100 גרם,false,,11.90,0.0930,true,1,62048
3073781161687,false,גבינה לוואש קירי כשר,פרומאג'רי בל דום סאם,FR,לואש קירי,גרמים,256.00,100 גרם,false,,22.90,0.0895,true,1,62049
3073781161700,false,גבינה לוואש קירי כשר,פרומאג'רי בל דום סאם,FR,לואש קירי,גרמים,480.00,100 גרם,false,,37.90,0.0790,true,1,62050
3073781177220,false,גבינת בייבי בל רול 1,מחלבות בל,FR,*מבצע* בייבי בל רול,גרמים,102.00,100 גרם,false,,16.90,0.1657,true,1,68357
3141360054405,false,פיניש מפיץ ריח למדיח בניחוח לימון וליים,הדקלאים אגודת שיתופי,HU,פיניש,יח',1.00,יח',false,,14.90,14.9000,true,1,7693
3161911229199,false,חמאה רכה אלוויר 250 גרם,אלל אה וויר,FR,אלוויר,גרמים,250.00,100 גרם,false,,21.90,0.0876,true,1,13532
3161911366429,false,חמאה רכה מלוחה אלוויר 250 גרם,ארזינא,FR,אלוויר,גרמים,250.00,100 גרם,false,,21.90,0.0876,true,1,13534
3161911393210,false,אלוויר חמאה נורמנדי מלוחה 200 גרם,אלוויר,FR,אל-ויר,גרמים,200.00,100 גרם,false,,18.90,0.0945,true,1,65057
3178530402353,false,עוגיות ספוג קטנות מיני מדלן,סן מישל St Michel,FR,סן מישל,גרמים,175.00,100 גרם,false,,8.90,0.0509,true,1,13536
3178530407938,false,עוגיות מיני מדלן עם פצפוצי שוקולד,סן מישל St Michel,FR,סן מישל,גרמים,175.00,100 גרם,false,,8.90,0.0509,true,1,30454
3178530417418,false,דונאט עם שוקולד ציפס 180 גרם,סן מישל St Michel,FR,סן מישל,גרמים,180.00,100 גרם,false,,16.90,0.0939,true,1,54450
3227134010201,false,גבינת אמנטל מגורד,פרומגרי ליס דהור אוב,FR,מכבי,גרמים,200.00,100 גרם,false,,31.90,0.1595,true,1,20470
3254550033279,false,גבינה קממבר איסיני 2,איסיני סנט מר,FR,איסיני סנט,גרמים,250.00,100 גרם,false,,25.90,0.1036,true,1,13540
3267031070663,false,גבינת קממבר ג,פרומגרי גילו,FR,מכבי,גרמים,250.00,100 גרם,false,,29.90,0.1196,true,1,20474
3267031330217,false,גבינת קממבר 1,מיאטר לייטיאר,FR,מקבי,גרמים,150.00,100 גרם,false,,19.90,0.1327,true,1,20476
3267682136176,false,ויסקי היילנד קווין בלנדד 1 ליטר,היילנד קווין קומפני,GB,ויסקי היילנד קווין ב,מיליליטרים,1000.00,"100 מ""ל",false,,84.90,0.0849,true,1,50513
3387390525960,false,קראנץ' דגנים פריכים עם שוקולד 500 גרם,הנסיך- מפעל לייצור ט,FR,CRUNCH,גרמים,500.00,100 גרם,false,,19.90,0.0398,true,1,4642
3387390730852,false,פיטנס Fitness קלאסי דגנים מלאים ואורז,נסטלה צרפת איטנקורט,FR,FITNESS,גרמים,375.00,100 גרם,false,,19.90,0.0531,true,1,4643
3523230025638,false,מיני בושה עיזים טבעי 125 גר,אוריאל,FR,בושה עיזים טבעי 125,גרמים,125.00,100 גרם,false,,24.90,0.1992,true,1,38224
3523230026826,false,גבינה עיזים למריחה פירמידה 140 גר,אוריאל,FR,מרסי שף,גרמים,140.00,100 גרם,false,,21.90,0.1564,true,1,26562
3523230026888,false,גב עיזים למריחה שום ועשבי תיבול פירמידה,סואניון SOIGNON,FR,מרסי שף,גרמים,140.00,100 גרם,false,,21.90,0.1564,true,1,26563
3523230038959,false,גבינת עיזים מיני בוש,אוריאל,FR,בושה עיזים מפוחם 125,גרמים,125.00,100 גרם,false,,24.90,0.1992,true,1,56671
3523230045827,false,סנט מור חלב עיזים 160 גר,אוריאל,FR,סנט מור,גרמים,160.00,100 גרם,false,,27.90,0.1744,true,1,32047
3574660089547,false,או-בה טמפונים קלאסי נורמל 32יח',ג'ונסון אנד ג'ונסון,GR,אובה,יח',32.00,יח',false,,24.90,0.7781,true,1,19238
3574660115154,false,או-בה טמפונים קלאסי סופר 32יח',ג'ונסון אנד ג'ונסון,GR,אובה,יח',32.00,יח',false,,24.90,0.7781,true,1,19240
3574661003924,false,שטיפת פה טוטאל קר בטעם מנטה צלול,גונסון אנד גונסון,IT,ליסטרין,מיליליטרים,500.00,"100 מ""ל",false,,17.90,0.0358,true,1,50638
3574661363998,false,"מי פה ליסטרין תה ירוק 500 מ""ל",גונסון אנד גונסון,IT,ליסטרין,מיליליטרים,500.00,"100 מ""ל",false,,17.90,0.0358,true,1,50640
3574661419435,false,תחבושת הגיינית וניה מקסי לילה 12 יח',Johnson Vania - BL,BE,וניה,יח',12.00,יח',false,,23.90,1.9917,true,1,69530
3574661487328,false,קרפרי מגני תחתון אורגינל פלוס 56 יח',הדקלאים אגודת שיתופי,IT,קרפרי,יח',56.00,יח',false,,15.90,0.2839,true,1,53745
3574661487618,false,קרפרי מגן תחתון מקסי לארג'' מבושם 48 יח'',ג'ויה מעבדות לקוסמטי,GR,קרפרי,יח',48.00,יח',false,,15.90,0.3313,true,1,53747
3574661487625,false,מגני תחתון פלוס לארג' בניחוח עדין L,הדקלאים אגודת שיתופי,IT,קרפרי,יח',48.00,יח',false,,15.90,0.3313,true,1,53748
3574661491806,false,מי פה אדבנס וויט מנטה מסירה כתמים קשים,גונסון אנד גונסון,IT,ליסטרין,מיליליטרים,500.00,"100 מ""ל",false,,17.90,0.0358,true,1,60389
3574661552576,false,קרפרי מגן תחתון רגיל טנגה לבן 56 יח חדש,הדקלאים אגודת שיתופי,GR,קרפרי,יח',56.00,יח',false,,15.90,0.2839,true,1,56845
3574661552804,false,קרפרי מגן תחתון אלוורה 56 יח',הדקלאים אגודת שיתופי,GR,קרפרי,יח',56.00,יח',false,,15.90,0.2839,true,1,59061
3574661552811,false,מגן תחתון קרפרי כותון אוורירי 56 יח,הדקלאים אגודת שיתופי,GR,קרפרי,יח',56.00,יח',false,,15.90,0.2839,true,1,58599
3574661554877,false,מגן תחתון קרפרי כותון מבושם 56 יח,הנסיך- מפעל לייצור ט,GR,קרפרי,יח',56.00,יח',false,,15.90,0.2839,true,1,56846
3574661554884,false,מגן תחתון קרפרי רגיל ריחני 56 יח,הדקלאים אגודת שיתופי,GR,קרפרי,יח',56.00,יח',false,,15.90,0.2839,true,1,58701
3574669907729,false,"ג'ונסון שמפו לתינוק גולד 750 מ""ל",גונסון אנד גונסון,IT,גונסונס בייבי,מיליליטרים,750.00,"100 מ""ל",false,,24.90,0.0332,true,1,66804
3600523651870,false,שמפו לחיזוק סיב השערה לכל סוגי השיער,לוריאל - אלביב Elvive,TR,שמפו ארגנין לחיזוק ס,מיליליטרים,550.00,"100 מ""ל",false,,15.90,0.0289,true,1,31638
3600523651887,false,"לוריאל - אלביב שמפו טוטאל ריפר 550 מ""ל",לוריאל - אלביב Elvive,TR,שמפו משקם לשיער פגום,מיליליטרים,550.00,"100 מ""ל",false,,15.90,0.0289,true,1,31642
3600523652228,false,"לוריאל - אלביב מרכך טוטאל ריפר 550 מ""ל",לוריאל - אלביב Elvive,TR,מרכך שיער משקם לשיער,מיליליטרים,550.00,"100 מ""ל",false,,15.90,0.0289,true,1,31643
3600523652242,false,"לוריאל - אלביב שמפו קולור פרוטקט 550 מ""ל",לוריאל - אלביב Elvive,TR,שמפו מטפח קולור פרוט,מיליליטרים,550.00,"100 מ""ל",false,,15.90,0.0289,true,1,31645
3600523652280,false,"לוריאל אלביב שמפו מועשר ב 6 שמנים, 550 מ""ל",לוריאל - אלביב Elvive,TR,שמפו 6 שמנים מופלאים,מיליליטרים,550.00,"100 מ""ל",false,,15.90,0.0289,true,1,31640
3600523652297,false,"מרכך לשיער אלביב זהב 6 שמנים , 550 מ""ל",לוריאל - אלביב Elvive,TR,מרכך שיער 6 שמנים מו,מיליליטרים,550.00,"100 מ""ל",false,,15.90,0.0289,true,1,31641
3600523755806,false,"לוריאל - אלביב שמפו קוקוס 550 מ""ל",לוריאל,TR,שמפו שמן קוקוס להזנה,מיליליטרים,550.00,"100 מ""ל",false,,15.90,0.0289,true,1,54593
3600523782567,false,"לוריאל - אלביב שמפו דרים לונג 500 מ""ל",לוריאל,TR,שמפו משקם לשיער ארוך,מיליליטרים,500.00,"100 מ""ל",false,,15.90,0.0318,true,1,52591
3600524051334,false,מרכך אלביב יאלורונית,לוריאל,TR,מרכך אלביב יאלורונית,מיליליטרים,400.00,"100 מ""ל",false,,13.90,0.0348,true,1,68818
3600524055400,false,לוריאל - אלביב שמפו היאלורונית 500 מ''ל,לוריאל,TR,שמפו אלביב יאלורונית,מיליליטרים,500.00,"100 מ""ל",false,,15.90,0.0318,true,1,68687
3600541253667,false,"גרנייה - דאודורנט ספריי לאישה אינביזיבל BWC (ורוד) 150 מ""ל",גרנייה Garnier,FR,גרנייה,מיליליטרים,150.00,"100 מ""ל",false,,11.90,0.0793,true,1,6152
3600542216623,false,"דאו רול גרנייה אקשן קונטרול 50 מ""ל",סופרוקוס,FR,גרנייה,מיליליטרים,150.00,"100 מ""ל",false,,11.90,0.0793,true,1,55093
3600542309974,false,"גרנייה - דאודורנט רול און לאישה מגנזיום 50 מ""ל",סופרוקוס,FR,גרנייה,מיליליטרים,150.00,"100 מ""ל",false,,11.90,0.0793,true,1,68420
3600542431828,false,גרנייה - קולור נטורלס 1 שחור טבעי חדש,גרנייה Garnier,PL,גרנייה,יח',1.00,יח',false,,19.90,19.9000,true,1,64567
3600542431880,false,גרנייה - קולור נטורלס 8 בלונד בהיר חדש,גרנייה Garnier,PL,גרנייה,יח',1.00,יח',false,,19.90,19.9000,true,1,64576
3600542431941,false,גרנייה - קולור נטורלס 5.3 חום זהוב חדש,גרנייה Garnier,PL,גרנייה,יח',1.00,יח',false,,19.90,19.9000,true,1,64648
3600542431996,false,גרנייה - קולור נטורלס 5.15 חום שוקולד עשיר חדש,קוסמופול,PL,גרנייה,יח',1.00,יח',false,,19.90,19.9000,true,1,64583
3600542432061,false,גרנייה - קולור נטורלס 7.1 בלונד טבעי אפרפר חדש,קוסמופול,PL,גרנייה,יח',1.00,יח',false,,19.90,19.9000,true,1,64656
3607343817547,false,"אדידס - דאודורנט ספריי לגבר קליימקול 150 מ""ל",קולפ,PT,דאודורנט ספריי קליימ,מיליליטרים,150.00,"100 מ""ל",false,,12.90,0.0860,true,1,70531
3614224050986,false,"אדידס - דאודורנט ספריי לגבר אדיפאוור 72 שעות 150 מ""ל","ב.א מזון בע""מ",PT,דאודורנט ספריי אדיפא,מיליליטרים,150.00,"100 מ""ל",false,,12.90,0.0860,true,1,70533
3760125946719,false,רוזה אור פרובאנס 750,ג'נרל מילס סאן אדריא,FR,*מבצע* רוזה אור פרוב,מיליליטרים,750.00,"100 מ""ל",false,,49.90,0.0665,true,1,61134
3800016701055,false,"לפתן חצאי אפרסק בסירופ 700 מ""ל",פרוקטו סליבאן GSC,BG,חצאי אפרסק בסירופ 70,מיליליטרים,700.00,"100 מ""ל",false,,9.90,0.0141,true,1,38208
3800016701161,false,"לפתן חצאי שזיף בסירופ 700 מ""ל",פרוקטו סליבאן GSC,BG,חצאי שזיף בסירופ 710,מיליליטרים,710.00,"100 מ""ל",false,,9.90,0.0139,true,1,38209
3800016701178,false,"לפתן חצאי משמש בסירופ 700 מ""ל",פרוקטו סליבאן GSC,BG,חצאי משמש בסירופ 700,מיליליטרים,700.00,"100 מ""ל",false,,9.90,0.0141,true,1,38210
3800016701239,false,פלפל סבא פפרוני 580 גרם אורזיץ,פרוקטו סליבאן GSC,BG,פלפל סבא פפרוני 580,גרמים,580.00,100 גרם,false,,9.90,0.0171,true,1,31352
3800016703042,false,מלפפון סבא בחומץ 580,פרוקטו סליבאן GSC,BG,מלפפון סבא בחומץ 580,גרמים,580.00,100 גרם,false,,9.90,0.0171,true,1,31342
3838824127149,false,צבע לשיער פלטה - 1-1 שחור כחול,שוורצקופף והנקל,DE,שוורצקוף,יח',1.00,יח',false,,19.90,19.9000,true,1,5356
3838824127200,false,פלטה סמי קיט 5-68 ערמונים בינוני,שוורצקופף והנקל,DE,שוורצקוף,יח',1.00,יח',false,,19.90,19.9000,true,1,5358
3838824127248,false,פלטה סמי קיט חום בהיר 5-0 צבע שיער,שוורצקופף והנקל,DE,שוורצקוף,יח',1.00,יח',false,,19.90,19.9000,true,1,5360
3838824127262,false,פלטה סמי קיט בלונד כהה 6-0 צבע שיער,שוורצקופף והנקל,DE,שוורצקוף,יח',1.00,יח',false,,19.90,19.9000,true,1,5361
3838824127361,false,פלטה סמי קיט ערמונים בינוני5-68 צבע שיער,שוורצקופף והנקל,DE,שוורצקוף,יח',1.00,יח',false,,19.90,19.9000,true,1,5365
3838824127583,false,צבע לשיער פלטה - 6-88 אדום בוער,שוורצקופף והנקל,DE,שוורצקוף,יח',1.00,יח',false,,19.90,19.9000,true,1,5368
3838824127644,false,צבע לשיער פלטה - 4-89 חציל זוהר,שוורצקופף והנקל,DE,שוורצקוף,יח',1.00,יח',false,,19.90,19.9000,true,1,5369
3838824193915,false,צבע לשיער פאלטה סמי קיט שחור 0-1,שוורצקופף והנקל,DE,שוורצקוף,יח',1.00,יח',false,,19.90,19.9000,true,1,5376
3838824240275,false,פלטה סמי קיט 8-0 בלונד בהיר,שוורצקופף והנקל,DE,פלטה,יח',1.00,יח',false,,19.90,19.9000,true,1,5379
4000415004408,false,שוקולד שוגטן מריר אג,לודוויג שוקולד,DE,שוגטן,גרמים,100.00,100 גרם,false,,5.90,0.0590,true,1,55055
4000415039707,false,שוגטן שוקולד בלאק אנ,לודוויג שוקולד,DE,שוגטן,גרמים,100.00,100 גרם,false,,5.90,0.0590,true,1,19810
4000415040109,false,שוקולד שוגטן קרמל בר,לודוויג שוקולד,DE,שוגטן,גרמים,100.00,100 גרם,false,,5.90,0.0590,true,1,19811
4000415143800,false,שוקולד שוגטן טרילוגי,לודוויג שוקולד,DE,שוגטן,גרמים,100.00,100 גרם,false,,5.90,0.0590,true,1,19821
4000415440701,false,שוקו פאן בוטנים שישי,,,שוקו פאן בוטנים שישי,גרמים,216.00,100 גרם,false,,9.90,0.0458,true,1,68140
4000415440909,false,שוקו פאן קרמל שישיות,,,שוקו פאן קרמל שישיות,גרמים,216.00,100 גרם,false,,9.90,0.0458,true,1,68141
4000415749606,false,שוקולד שוגטן יום הול,לודוויג שוקולד,DE,שוגטן,גרמים,100.00,100 גרם,false,,5.90,0.0590,true,1,66021
4000415851705,false,שוקולד שוגטן נוגט 10,לודוויג שוקולד,DE,שוגטן,גרמים,100.00,100 גרם,false,,5.90,0.0590,true,1,19827
4000415856601,false,שוקולד שוגטן 100 גרם,לודוויג שוקולד,DE,שוגטן,גרמים,100.00,100 גרם,false,,5.90,0.0590,true,1,19828
4000417025005,false,שוקולד ריטר ספורט מרציפן 100 גרם חלב נוכרי,ריטר ספורט Ritter sport,DE,ריטר ספורט,גרמים,100.00,100 גרם,false,,7.90,0.0790,true,1,12503
4000417026002,false,שוקולד ריטר ספורט פרלין 100 גרם חלב נוכרי,ריטר ספורט Ritter sport,DE,ריטר ספורט,גרמים,100.00,100 גרם,false,,7.90,0.0790,true,1,12504
4000417101211,false,גלילי וופל עם קרם אגוזי לוז בציפוי שוקולד חלב,אמיצ'לי Amicelli,AT,*מבצע* גלילי וופל א,גרמים,150.00,100 גרם,false,,14.90,0.0993,true,1,63731
4000417101310,false,אימצ'לי-גלילי וופל עם קרם קקאו 150 גרם,,,*מבצע* גלילי וופל עם,גרמים,150.00,100 גרם,false,,14.90,0.0993,true,1,70152
4000417211002,false,שוקולד ריטר ספורט מוס קרמל 100 גרם חלב נוכרי,ריטר ספורט Ritter sport,DE,ריטר ספורט,גרמים,100.00,100 גרם,false,,7.90,0.0790,true,1,12505
4000417212009,false,שוקולד ריטר ספורט מריר תפוז שקד 100 ג' חלב נוכרי,ריטר ספורט Ritter sport,DE,ריטר ספורט,גרמים,100.00,100 גרם,false,,7.90,0.0790,true,1,51634
4000417222008,false,שוקולד ריטר ספורט חלב+שברי אגוזים 100 גרם חלב נוכרי,ריטר ספורט Ritter sport,DE,ריטר ספורט,גרמים,100.00,100 גרם,false,,7.90,0.0790,true,1,12507
4000417294005,false,שוקולד ריטר מוס קקאו 100 גרם חלב נוכרי,ריטר ספורט Ritter sport,DE,ריטר ספורט,גרמים,100.00,100 גרם,false,,7.90,0.0790,true,1,12512
4000417707000,false,שוקולד חלב מעולה עם שברי קשיו קלוי ומומלח,ריטר ספורט Ritter sport,DE,ריטר ספורט,גרמים,100.00,100 גרם,false,,10.90,0.1090,true,1,61316
4000417708007,false,שוקולד ריטר ספורט מריר שקד 100 גרם,ריטר ספורט Ritter sport,DE,ריטר ספורט,גרמים,100.00,100 גרם,false,,10.90,0.1090,true,1,61317
4000539280726,false,שוקולד לינדט אקסלנס מילד 70% 100 גר,לינדט ושפרונגלי,DE,לינדט,גרמים,100.00,100 גרם,false,,14.90,0.1490,true,1,67567
4000539280740,false,שוקולד לינדט אקסלנס 78% 100 גר,לינדט,DE,לינדט,גרמים,100.00,100 גרם,false,,14.90,0.1490,true,1,68264
4000607850004,false,שוגטן שוקולד קוביות,לודוויג שוקולד,,שוגטן שוקולד חלב 100,גרמים,100.00,100 גרם,false,,5.90,0.0590,true,1,19831
4000607851001,false,שוקולד חלב עם אגוזי לוז,לודוויג שוקולד,DE,שוגטן,גרמים,100.00,100 גרם,false,,5.90,0.0590,true,1,19832
4000607852008,false,שוקולד שוגטן מריר 10,לודוויג שוקולד,DE,שוגטן,גרמים,100.00,100 גרם,false,,5.90,0.0590,true,1,19833
4000607854705,false,שוקולד שוגטן יוגורט,לודוויג שוקולד,DE,שוגטן,גרמים,100.00,100 גרם,false,,5.90,0.0590,true,1,19835
4001432773230,false,יין בלו נאן בלו וויי,יקב רמת הגולן,DE,בלו ווין,מיליליטרים,1000.00,"100 מ""ל",false,,39.90,0.0399,true,1,55869
4002448017684,false,"סיליט באנג ספריי רב שימושי כתום 750 מ""ל",הדקלאים אגודת שיתופי,PL,סיליט,מיליליטרים,750.00,"100 מ""ל",false,,12.90,0.0172,true,1,7696
4002575016253,false,מרציפן מצופה שוקולד,הדקלאים אגודת שיתופי,DE,זנטיס,גרמים,100.00,100 גרם,false,,8.90,0.0890,true,1,12514
4002590000022,false,סוכריות קלפני פירות יער אוכמניות 150 ג',ליימן מותגים,DE,קלפני,גרמים,150.00,100 גרם,false,,9.90,0.0660,true,1,12517
4004666042004,false,משמיד עובש עם מרסס מלרוד Mellerud,מלרוד,DE,מלרוד,מיליליטרים,500.00,"100 מ""ל",false,,29.90,0.0598,true,1,11977
4005808366392,false,שפתון כחול בליסטר לבלו,טרופיקל דגיל תעשיות,DE,לבלו,גרמים,4.80,100 גרם,false,,9.90,2.0625,true,1,26300
4005808368280,false,לבלו דובדבן בליסטר שפתון,טרופיקל דגיל תעשיות,DE,לבלו,גרמים,4.80,100 גרם,false,,9.90,2.0625,true,1,26301
4005808698103,false,ניוואה תחליב גוף משאבה 500מל,בטר אנד דיפרנט,DE,ניוואה,מיליליטרים,500.00,"100 מ""ל",false,,24.90,0.0498,true,1,59815
4005808850907,false,לבלו הידרו קר בליסטר 5.5מל,ביירסדורף,DE,לבלו,גרמים,4.80,100 גרם,false,,9.90,2.0625,true,1,54956
4005900648181,false,"ניוואה - תחליב רחצה אלוורה 750 מ""ל",ביירסדורף AG,DE,ניוואה,מיליליטרים,750.00,"100 מ""ל",false,,17.90,0.0239,true,1,62284
4005900978950,false,לבלו - דובדבן שפתון לחות מטפח מהדורת נסיכות דיסני,ביירסדורף,DE,לבלו,גרמים,4.80,100 גרם,false,,9.90,2.0625,true,1,70191
4005900978974,false,לבלו - סופט רוז שפתון לחות מטפח מהדורת נסיכות דיסני,ביירסדורף,DE,לבלו,גרמים,4.80,100 גרם,false,,9.90,2.0625,true,1,70193
4006387084554,false,קנקן בריטה Marella לבן (כולל פילטר MAXTRA+),בריטה Brita,DE,בריטה,יח',1.00,יח',false,,99.00,99.0000,true,1,31925
4006387085407,false,שלישיית פילטר מקסטרא סודהסטרים,בריטה Brita,,בריטה,יח',3.00,יח',false,,99.00,33.0000,true,1,31927
4007745058804,false,מיונז אמיתי אורגני נ,אף.סי תבליני בגליל ב,DE,נטורפוד,גרמים,340.00,100 גרם,false,,24.90,0.0732,true,1,15260
4007745058811,false,חרדל צרפתי חלק אורגני 200 גרם,נטורפוד,DE,חרדל אורגני,גרמים,200.00,100 גרם,false,,15.90,0.0795,true,1,66703
4008287762020,false,בירה קרומבאכר חיטה 0.50 ליטר בקבוק,קרומבכר בראורי,DE,קרומבאכר חיטה בקבוק,מיליליטרים,500.00,"100 מ""ל",false,,9.90,0.0198,true,1,61432
4008287905786,false,בירה קרומבאכר חיטה 5.3% פחית 500 מל,מנדלז סי.אר. פרודקשן,DE,קרומבאכר חיטה פחית 0,מיליליטרים,500.00,"100 מ""ל",false,,9.90,0.0198,true,1,61436
4008400230726,false,ביצת שוקולד הפתעה קינדר ענקית 100ג' בנים,קינדר Kinder,BE,*מבצע* ביצת הפתעה קי,גרמים,100.00,100 גרם,false,,19.90,0.1990,true,1,25390
4009300522935,false,תה פומפדור תה ירוק לימונית ולואיזה 20 יח',"איטיליאן פוד, אס.פי.",DE,פומפדור,גרמים,30.00,100 גרם,false,,14.90,0.4967,true,1,19281
4009300522966,false,פומפדור תה ירוק נענע 20 שקיקים,"איטיליאן פוד, אס.פי.",DE,פומפדור,גרמים,30.00,100 גרם,false,,14.90,0.4967,true,1,19282
4009300524588,false,תה פומפדור חליטת צמחים פירות יער 20 יח',פומפדור Pompadour,DE,פומפדור,גרמים,30.00,100 גרם,false,,10.90,0.3633,true,1,19283
4009300526438,false,פומפדור תה ירוק קלאסי 30 גרם,"איטיליאן פוד, אס.פי.",DE,פומפדור,גרמים,30.00,100 גרם,false,,14.90,0.4967,true,1,19284
4009309740422,false,רסק תפוחים אורגני – נטורפוד 700 גרם,,,רסק תפוחים אורגני,גרמים,700.00,100 גרם,false,,16.90,0.0241,true,1,66705
4009900402965,false,מסטיק אורביט וויט בטעם פירות ללא סוכר,ריגלי פולין,PL,אורביט,יח',46.00,יח',false,,9.90,0.2152,true,1,25300
4009900403023,false,מסטיק אורביט בקבוקון דאבל white קלאסי 64ג',"ב.א מזון בע""מ",PL,אורביט,יח',46.00,יח',false,,9.90,0.2152,true,1,25301
4009900420129,false,מסטיק אורביט פרופשנל פפרמינט בקבוקון 64 גר',מרס נדרלנד,PL,אורביט,יח',46.00,יח',false,,9.90,0.2152,true,1,50761
4009900426039,false,מסטיק איירוויבז מנטה אקליפטוס בקבוקון 64,איירוויבס Airwaves,PL,איירוויבז,יח',46.00,יח',false,,9.90,0.2152,true,1,25306
4009900455299,false,סוכריות סקיטלס פירות 174 גרם,סקיטלס Skittles,CZ,סקיטלס,גרמים,174.00,100 גרם,false,,8.90,0.0511,true,1,25308
4009900465304,false,סוכריות סקיטלס פירות חמוצים 174 גרם,סקיטלס Skittles,CZ,סקיטלס,גרמים,174.00,100 גרם,false,,8.90,0.0511,true,1,25311
4009900479998,false,מסטיק אורביט בטעם אוכמניות ללא סוכר,ריגלי פולין,PL,אורביט,יח',46.00,יח',false,,9.90,0.2152,true,1,25314
4009900482417,false,מסטיק אורביט פירות מנטה בקבוקון באבל מינט 45יח,ריגלי פולין,PL,אורביט,גרמים,14.00,100 גרם,false,,9.90,0.7071,true,1,25316
4009900483803,false,מסטיק איירובס מנטה אקליפטוס בקבוקון 60יח',איירוויבס Airwaves,GB,אורביט,גרמים,84.00,100 גרם,false,,9.90,0.1179,true,1,52133
4009900484091,false,מסטיק אורביט פרופשיונל בטעם מנטה ללא סוכר,אורביט Orbit,GB,אורביט,גרמים,84.00,100 גרם,false,,9.90,0.1179,true,1,25319
4009900484305,false,מסטיק אורביט פרופשיונל סוויטמינט ביגי לבן 60יח',אורביט Orbit,GB,אורביט,גרמים,64.00,100 גרם,false,,9.90,0.1547,true,1,25320
4009900491044,false,מסטיק איירובס אוכמניות בקבוקון 60יח',איירוויבס Airwaves,GB,אורביט,גרמים,84.00,100 גרם,false,,9.90,0.1179,true,1,52134
4009900509770,false,אורביט באריזת בקבוק בטעם תות 60 יח',אורביט Orbit,GB,אורביט,גרמים,84.00,100 גרם,false,,9.90,0.1179,true,1,25333
4009900514996,false,מסטיק אורביט בקבוקון תות 64ג',חברת ריגלי בעמ,PL,אורביט,יח',46.00,יח',false,,9.90,0.2152,true,1,25336
4009900531122,false,"מסטיק בטעם מנטה ספירמינט, 64 ג' פרופשיונל אורפיט",מרס נדרלנד,PL,אורביט,יח',46.00,יח',false,,9.90,0.2152,true,1,50762
4009900531573,false,סוכריות סקיטלס סמודיס בטעמי יוגורט ופירות,סקיטלס Skittles,CZ,סקיטלס,גרמים,174.00,100 גרם,false,,8.90,0.0511,true,1,52135
4009900534581,false,איירוויבז בטעם דובדבן ומנטה- בקבוקון,מרס,PL,איירוויבז,יח',46.00,יח',false,,9.90,0.2152,true,1,56506
4009900534611,false,מסטיק איירוויבז בקבוקון בטעם מלון ומנטה,ריגלי,IL,איירוויבז,יח',46.00,יח',false,,9.90,0.2152,true,1,56507
4009900534918,false,סקיטלס ג'יינט פירות 141 גרם,ריגלי,CZ,סקיטלס,גרמים,174.00,100 גרם,false,,8.90,0.0511,true,1,63706
4009900536257,false,מסטיק אורביט רפרשרס ספירמינט בקבוקון ללא סוכר 67 גר',מרס ריגלי קונפקשונרי,PL,מרס ריגלי,גרמים,67.00,100 גרם,false,,11.90,0.1776,true,1,60819
4009900536486,false,מסטיק אורביט רפרשרס באבלמינט בקבוקון ללא סוכר 67 גר',מרס ריגלי קונפקשונרי,PL,מרס ריגלי,גרמים,67.00,100 גרם,false,,11.90,0.1776,true,1,60821
4009900539340,false,סקיטלס ג'יינט סאוור 141 גרם,מרס ריגלי קונפקשונרי,PL,סקיטלס,גרמים,141.00,100 גרם,false,,8.90,0.0631,true,1,64142
4009900539685,false,"מסטיק פייב באונס בטעם מנטה בקבוקון, 61.8 גרם",ריגלי בעמ רוסיה,PL,מסטיק פייב באונס בטע,גרמים,61.80,100 גרם,false,,11.90,0.1926,true,1,65180
4009900539746,false,"מסטיק פייב באונס בטעם אבטיח בקבוקון, 61.8 גרם",ריגלי בעמ רוסיה,PL,מסטיק פייב באונס בטע,גרמים,61.80,100 גרם,false,,11.90,0.1926,true,1,65181
4009900540551,false,מסטיק אורביט רפרשרס טרופיקל בקבוקון ללא סוכר,מרס פולין,PL,מרס ריגלי,גרמים,67.00,100 גרם,false,,11.90,0.1776,true,1,64143
4011800528416,false,קורני בייס סויט & סולט 6 יח 150 גר,קורני Corny,DE,קורני,גרמים,150.00,100 גרם,false,,12.90,0.0860,true,1,55613
4011800628512,false,חטיף קורני שוקולד חלב 6 יח 150 גר,מיוצר עי קונדיטוריית,DE,קורני,גרמים,150.00,100 גרם,false,,12.90,0.0860,true,1,8407
4011800630515,false,חטיף קורני שוקולד חלב ובננה 6 יח 150 גר,מיוצר עי קונדיטוריית,DE,קורני,גרמים,150.00,100 גרם,false,,12.90,0.0860,true,1,8409
4011800632519,false,חטיף דגנים עם שוקולד חלב וקוקוס,מיוצר עי קונדיטוריית,DE,קורני,גרמים,150.00,100 גרם,false,,12.90,0.0860,true,1,8411
4011800633516,false,חטיף דגנים עם שוקולד מריר מעולה,שוורטאוור וורקה,DE,קורני,גרמים,138.00,100 גרם,false,,12.90,0.0935,true,1,8412
4011800636517,false,חטיף קורני Corny Free עם שוקולד חלב,מיוצר עי קונדיטוריית,DE,קורני,גרמים,120.00,100 גרם,false,,12.90,0.1075,true,1,8414
4014400900217,false,בונבונירה מרסי 400 גרם חלבי - נוכרי,קריניציה ויטמינה אס,DE,מרסי,גרמים,400.00,100 גרם,false,,39.90,0.0997,true,1,12527
4014400904277,false,סוכריות שטרוק אייס פרש בשקית 425 גרם,תות ממתקי איכות,DE,שטורק,גרמים,425.00,100 גרם,false,,14.90,0.0351,true,1,12533
4014400904376,false,סוכריות טופי שוקולדן שטורק 325 ג',קריניציה ויטמינה אס,DE,שטורק,גרמים,325.00,100 גרם,false,,14.90,0.0458,true,1,12534
4014400904390,false,סוכריות וולמילש ממולא ט.חלב 325גרם,קריניציה ויטמינה אס,DE,שטורק,גרמים,325.00,100 גרם,false,,14.90,0.0458,true,1,12535
4014400910063,false,סוכריות וורטר אורגינל שקית 135 גרם,ליימן מותגים,DE,וורטרס אורגינל,גרמים,135.00,100 גרם,false,,7.90,0.0585,true,1,12539
4014400913910,false,וורטר אוריגינל במילוי קרם 125 גרם,תות ממתקי איכות,DE,וורטרס אורגינל,גרמים,125.00,100 גרם,false,,7.90,0.0632,true,1,12540
4014400914696,false,סוכריות חמאה וורטר אור ללא סוכר 80 גרם,ליימן מותגים,DE,וורטרס אורגינל,גרמים,80.00,100 גרם,false,,7.90,0.0988,true,1,12545
4014400914924,false,סוכריות וורטר אורגינל ללא סוכר קפה 80 ג',קריניציה ויטמינה אס,DE,וורטרס אורגינל,גרמים,80.00,100 גרם,false,,7.90,0.0988,true,1,12546
4014400920857,false,סוכריות וורטר Werther's בטעם שוקולד ללא סוכר,קריניציה ויטמינה אס,DE,וורטר,גרמים,70.00,100 גרם,false,,7.90,0.1129,true,1,12549
4014400923711,false,טופיפי 125 גר' - חלב נוכרי,ליימן מותגים,DE,טופיפי,גרמים,125.00,100 גרם,false,,9.90,0.0792,true,1,12550
4014400925319,false,סוכריות וורטר פופקורן קרמל 140 גר',וורטרס Werther's,DE,פופקורן קרמל וורטר 1,גרמים,140.00,100 גרם,false,,14.90,0.1064,true,1,59884
4014400929010,false,וופל מיני קנופרס 200 גר 10 גר*20 יחידות,אוגוסט שטורק,DE,*מבצע* חטיף וופל מינ,גרמים,200.00,100 גרם,false,,9.90,0.0495,true,1,64493
4015000031394,false,"ספטיל - משחה להסרת כתמים 200 מ""ל",ספטיל saptil,IL,הנקל סוד,מיליליטרים,200.00,"100 מ""ל",false,,14.90,0.0745,true,1,21987
4015000280372,false,"פה - דאודורנט רול און לגבר ספורט 50 מ""ל",שוורצקופף והנקל,DE,פה,מיליליטרים,50.00,"100 מ""ל",false,,9.90,0.1980,true,1,5387
4015000519915,false,"פה - דאודורנט ספריי לאישה פינק פרדייס 200 מ""ל",שוורצקופף והנקל,DE,פה,מיליליטרים,200.00,"100 מ""ל",false,,9.90,0.0495,true,1,5388
4015000615884,false,"פה - דאודורנט ספריי לאישה קריביין לימון 200 מ""ל",שוורצקופף והנקל,DE,פה,מיליליטרים,200.00,"100 מ""ל",false,,9.90,0.0495,true,1,5400
4015000615921,false,"פה - דאודורנט ספריי לגבר ספורט 200 מ""ל",שוורצקופף והנקל,DE,פה,מיליליטרים,200.00,"100 מ""ל",false,,9.90,0.0495,true,1,5402
4015400564034,false,מגני תחתון אולוויז לונג פלוס עם ניחוח,פרוקטר אנד גמבל,DE,אולוויז,יח',68.00,יח',false,,17.90,0.2632,true,1,8696
4015400564454,false,מגני תחתון אולוויז לארג' עם ניחוח מגה פק,פרוקטר אנד גמבל,DE,אולוויז,יח',68.00,יח',false,,17.90,0.2632,true,1,8698
4015400690498,false,טמפונים פרל סופר פלוס טמפקס קומפאק 18 יח,טמפקס Tampax,HU,טמפקס,יח',18.00,יח',false,,19.90,1.1056,true,1,26593
4015400731719,false,תחבושות היגייניות אולוויז יום ולילה Day & Night,פרוקטר אנד גמבל,UA,Fem Care,יח',20.00,יח',false,,16.90,0.8450,true,1,8720
4015400746812,false,מגני תחתון אולוויז נורמל עם ניחוח מגה פק,פרוקטר אנד גמבל,UA,אולוויז,יח',80.00,יח',false,,17.90,0.2237,true,1,8730
4015400755241,false,תחבושות היגייניות אולוויז אולטרה נורמל - 28 יח',פרוקטר אנד גמבל,UA,Fem Care,יח',28.00,יח',false,,16.90,0.6036,true,1,8732
4015400755487,false,תחבושות היגייניות אולוויז אולטרה לונג - 24 יח',פרוקטר אנד גמבל,UA,Fem Care,יח',24.00,יח',false,,16.90,0.7042,true,1,8734
4015600763251,false,שמפו שולדרס קלאסי 60,פרוקטר אנד גמבל,RO,הד אנד שולדרס,מיליליטרים,600.00,"100 מ""ל",false,,21.90,0.0365,true,1,71210
4015600763299,false,"ה&ש 2 ב 1 קלאסי 600 מ""ל",פרוקטר אנד גמבל,RO,הד אנד שולדרס,מיליליטרים,600.00,"100 מ""ל",false,,21.90,0.0365,true,1,71216
4015600763411,false,שמפו שולדרס מנטול 60,פרוקטר אנד גמבל,RO,הד אנד שולדרס,מיליליטרים,600.00,"100 מ""ל",false,,21.90,0.0365,true,1,71218
4015600763459,false,שמפו שולדרס תפוח 600,פרוקטר אנד גמבל,RO,הד אנד שולדרס,מיליליטרים,600.00,"100 מ""ל",false,,21.90,0.0365,true,1,71219
4015600763534,false,שמפו שולדרס מגע משי,פרוקטר אנד גמבל,FR,הד אנד שולדרס,מיליליטרים,600.00,"100 מ""ל",false,,21.90,0.0365,true,1,71220
4015600766658,false,"הד אנד שולדרס שמפו2 ב 1 מנטול 600 מ""ל",פרוקטר אנד גמבל,RO,הד אנד שולדרס,מיליליטרים,600.00,"100 מ""ל",false,,21.90,0.0365,true,1,71221
4017100160110,false,בלזן גלילי וופל במילוי קרם בטעם שוקולד 75 גר',באלזן Bahlsen,DE,בלזן,גרמים,75.00,100 גרם,false,,7.90,0.1053,true,1,55687
4017100219900,false,וופלטן גליליות וופל עם שוקולד 100 גרם,הדקלאים אגודת שיתופי,DE,גליליות וופלטון,גרמים,100.00,100 גרם,false,,8.90,0.0890,true,1,12559
4017100290008,false,ביסקוויט בלזן ליבניץ שוקולד חלב 125 ג',הדקלאים אגודת שיתופי,DE,בלזן,גרמים,125.00,100 גרם,false,,8.90,0.0712,true,1,12560
4017100291005,false,ביסקוויט מצופה שוקולד מריר ליבניץ Leibniz,הדקלאים אגודת שיתופי,DE,בלזן,גרמים,125.00,100 גרם,false,,8.90,0.0712,true,1,12561
4017100364112,false,עוגיות היט Hit במילוי קרם בטעם שוקולד,הדקלאים אגודת שיתופי,PL,עוגיות היט שוקולד 220 גרם,גרמים,220.00,100 גרם,false,,7.90,0.0359,true,1,12565
4018344564672,false,פילה הרינג ברוטב מקסיקני לארסן 200 גר,ס.י.א קרבלה,LV,*מבצע* לרסן פילה הרי,גרמים,200.00,100 גרם,false,,8.90,0.0445,true,1,66582
4018722100188,false,אטריות רחבות כוסמין וביצים אורגניות,ALB.GOLD,,אלב גולד - אטריות כו,גרמים,250.00,100 גרם,false,,14.90,0.0596,true,1,66708
4018722343141,false,פנה כוסמין אורגני אל,אלב גולד,DE,אלב גולד - פנה כוסמי,גרמים,500.00,100 גרם,false,,19.90,0.0398,true,1,66710
4022025001905,false,יין בלו ווין מבעבע זהב כשר 750 מל,היי סישל סוהן טראבן,DE,*מבצע* בלו ווין מבעב,מיליליטרים,750.00,"100 מ""ל",false,,49.90,0.0665,true,1,50782
4022025002100,false,בלו וויין מבעבע רוזה,היי סישל סוהן טראבן,DE,*מבצע* בלו ווין מבעב,מיליליטרים,750.00,"100 מ""ל",false,,49.90,0.0665,true,1,54063
4022025261002,false,יין בלו ווין גוורצטרמינר 750 מל,לנגוט טראבן,DE,בלו ווין,מיליליטרים,750.00,"100 מ""ל",false,,39.90,0.0532,true,1,27324
4023800012109,false,מרציפן מצופה 100 גרם,,DE,מרציפן מצופה 100 גרם,גרמים,100.00,100 גרם,false,,7.50,0.0750,true,1,69798
4025700001962,false,שוקולד מילקה לבן 100 גרם,פי אר ג'יי אס סי מונ,DE,מילקה,גרמים,100.00,100 גרם,false,,5.90,0.0590,true,1,57061
4052197000017,false,"בירה בנדיקטינר חיטה לא מסוננת 500 מ""ל",בנדיקטינר וויצבראו,DE,בנדקטינר,מיליליטרים,500.00,"100 מ""ל",false,,9.90,0.0198,true,1,7995
4052197000925,false,בירה בנדקטינר דונקל כהה 500 מל,בנדיקטינר וויצבראו,DE,בנקטינר,מיליליטרים,500.00,"100 מ""ל",false,,9.90,0.0198,true,1,7996
4052197002806,false,"מארז בירה בנדיקטינר 4*500 מ""ל פחית",בנדקטינר,DE,בנדקטינר,ליטרים,2.00,ליטר,false,,29.90,14.9500,true,1,7998
4053700292455,false,ויט רצועות שעווה תמצית צמחים לעור רגיל,רקיט בנקיזר,FR,ויט,יח',12.00,יח',false,,19.90,1.6583,true,1,7699
4056800943739,false,קרם חמצן וולוקסון Welloxon 6%,פרוקטר אנד גמבל,FR,Wella,מיליליטרים,60.00,"100 מ""ל",false,,3.90,0.0650,true,1,8788
4056800943791,false,קרם חמצן וולוקסון Welloxon 9%,פרוקטר אנד גמבל,FR,Wella,מיליליטרים,60.00,"100 מ""ל",false,,3.90,0.0650,true,1,8789
4061445096702,false,קפה דוידוף מגורען 100 גר FINE AROMA,TCHIBO,CO,קפה דווידוף פיין ארו,גרמים,100.00,100 גרם,false,,22.90,0.2290,true,1,70729
4066600601920,false,"בירה פאולנר פחית 500 מ""ל",פאולנר Paulaner,DE,"פאולנר פחית 500 מ""ל",מיליליטרים,500.00,"100 מ""ל",false,,9.90,0.0198,true,1,57100
4066600999614,false,"בירה פאולנר חיטה 500 מ""ל בקובק",מבשלת פאולנר,DE,פאולנר,מיליליטרים,500.00,"100 מ""ל",false,,10.90,0.0218,true,1,26533
4067700014849,false,יגרמייסטר בקבוק חדש,מסט-יגרמייסטר,DE,יגרמייסטר,מיליליטרים,700.00,"100 מ""ל",false,,79.90,0.1141,true,1,11271
4072700001188,false,"בירה פרנסיסקאנר כהה בקבוק 500 מ""ל",פרנסיסקאנר Franziskaner,DE,Franziskaner,מיליליטרים,500.00,"100 מ""ל",false,,10.90,0.0218,true,1,11938
4084500853836,false,"נוזל כלים פיירי ורדים ומשי 515 מ""ל",פרוקטר אנד גמבל,GB,פיירי,מיליליטרים,515.00,"100 מ""ל",false,,8.90,0.0173,true,1,8804
4084500853898,false,סבון כלים אלוורה ומלפפונים,פרוקטר אנד גמבל,GB,פיירי,מיליליטרים,515.00,"100 מ""ל",false,,8.90,0.0173,true,1,8805
4100130937163,false,בירה בקס שישייה 6*275 מל,"איי, בי, אינבוו",DE,Beck and Co,ליטרים,1.65,ליטר,false,,34.90,21.1515,true,1,11942
4210201360742,false,אורל בי ראש חשמלי לניקוי יסודי 4 יח',פרוקטר אנד גמבל,IE,Oral B,יח',1.00,יח',false,,79.90,79.9000,true,1,63805
4210201403319,false,אורל בי מברשת חשמלית נטענת ויטליטי פחם,פרוקטר אנד גמבל,DE,Oral B,יח',1.00,יח',false,,79.90,79.9000,true,1,63489
4600659010854,false,וודקה סטולי בקבוק 70,איי. אס. לטבייאס בלז,LV,וודקה סטולי אדום,מיליליטרים,700.00,"100 מ""ל",false,,59.90,0.0856,true,1,11272
4600659011059,false,וודקה סטולי פרימיום,סטוליצ'ניה Stolichnaya,RU,וודקה סטולי פרימיום,ליטרים,1.00,ליטר,false,,74.90,74.9000,true,1,70837
4603400000043,false,"וודקה רוסקיי סטנדרט 700 מ""ל",רוסקי סטנדרט וודקה,RU,וודקה רוסקי סטנדרט 700,מיליליטרים,700.00,"100 מ""ל",false,,59.90,0.0856,true,1,7277
4603514009277,false,"גין באריסטר יבש 700 מ""ל",לאדוגה גרופ,RU,ג'ין באריסטר יבש 700,מיליליטרים,700.00,"100 מ""ל",false,,79.90,0.1141,true,1,66997
4605561010305,false,פילה הרינג עם שמיר בשמן חתיכות 500גר RS,,RU,פילה הרינג עם שמיר ב,גרמים,500.00,100 גרם,false,,25.90,0.0518,true,1,64196
4605561010312,false,חתיכות פילה הרינג עם שמיר בשמן 200 גרם,,,חתיכות פילה הרינג עם,גרמים,200.00,100 גרם,false,,9.90,0.0495,true,1,58275
4605561010343,false,פילה הרינג בשמן חתיכות 500גר RS,,RU,פילה הרינג בשמן חתיכ,גרמים,500.00,100 גרם,false,,25.90,0.0518,true,1,64197
4605561010350,false,חתיכות פילה הרינג בשמן פלסטיק 200 גר RS,,,חתיכות פילה הרינג בש,גרמים,200.00,100 גרם,false,,9.90,0.0495,true,1,58276
4605561011975,false,חתיכות פילה הרינג בשמן 150 גר RS,,,חתיכות פילה הרינג בש,גרמים,150.00,100 גרם,false,,7.90,0.0527,true,1,58277
4607012351005,false,גרעיני חמניות מרטין ללא מלח 200 גרם,"נארז ע""י : א.ג. גילר",RU,מרטין,גרמים,200.00,100 גרם,false,,12.90,0.0645,true,1,52896
4607012351999,false,גרעיני חמניות מרטין עם מלח 200 גרם,"נארז ע""י : א.ג. גילר",RU,מרטין,גרמים,200.00,100 גרם,false,,12.90,0.0645,true,1,52898
4640018993343,false,פיניש קוואנטום קפסולות ג'ל למדיח כלים 30 יח',רקיט בנקיזר,PL,טבליות פיניש קוואנטו,יח',30.00,יח',false,,39.90,1.3300,true,1,57023
4640018993350,false,פיניש קוואנטום קפסולות ג'ל למדיח כלים לימון 30 יח',רקיט בנקיזר,PL,טבליות פיניש קוואנטו,יח',30.00,יח',false,,39.90,1.3300,true,1,57024
4640018993398,false,פיניש קוואנטום 60 יח' קפסולות ג'ל למדיח כלים,רקיט בנקיזר,PL,*מבצע* פיניש קוואנטו,יח',60.00,יח',false,,54.90,0.9150,true,1,58123
4710068001739,false,"מאסטר קפה קולומביאני 240 מ""ל",יוני פרזינדנט אנטרפר,TW,מאסטר קפה,מיליליטרים,240.00,"100 מ""ל",false,,5.90,0.0246,true,1,11575
4710068002798,false,"מאסטר קפה ונילה פחית 240מ""ל",מאיטה פוד אינדוסטריא,TW,מאסטר קפה,מיליליטרים,240.00,"100 מ""ל",false,,5.90,0.0246,true,1,52928
4710964104916,false,שמן שומשום טהור מזרח,פלייבור פול פודס טיי,CN,מזרח ומערב,מיליליטרים,370.00,"100 מ""ל",false,,19.90,0.0538,true,1,25587
4740098098331,false,"קוקטייל בלו לגון אה לה קוק 330 מ""ל",אה לי קוק,EE,אה לי קוק,מיליליטרים,330.00,"100 מ""ל",false,,9.90,0.0300,true,1,67050
4740098098355,false,"קוקטייל מוחיטו אה לה קוק 330 מ""ל",אה לי קוק,EE,אה לי קוק,מיליליטרים,330.00,"100 מ""ל",false,,9.90,0.0300,true,1,65445
4740098098379,false,"קוקטייל מרגריטה אה לה קוק 330 מ""ל",אה לי קוק,EE,אה לי קוק,מיליליטרים,330.00,"100 מ""ל",false,,9.90,0.0300,true,1,65446
4740098098393,false,"קוקטייל און דה ביץ אה לה קוק 330 מ""ל",אה לי קוק,EE,אה לי קוק,מיליליטרים,330.00,"100 מ""ל",false,,9.90,0.0300,true,1,65447
4750142003426,false,"בירה פילזנר אקסטרה 500 מ""ל",צ'סו אלוס,RU,פילזנר,מיליליטרים,500.00,"100 מ""ל",false,,6.90,0.0138,true,1,59926
4750142016518,false,בירה צסו לא מסוננת 5.4% 568 מל,צ'סו אלוס,LV,צ'סו,מיליליטרים,568.00,"100 מ""ל",false,,8.90,0.0157,true,1,52912
4750142021505,false,"בירה PILSENER בהירה 4.7% פחית 500 מ""ל",צ'סו אלוס,LV,פילזנר,מיליליטרים,500.00,"100 מ""ל",false,,6.90,0.0138,true,1,52913
4751007738101,false,סלט סלמון עם ירקות איטלקי 220 ג' לארסן,ס.י.א קרבלה,LV,*מבצע* לרסן סלט סלמו,גרמים,220.00,100 גרם,false,,9.90,0.0450,true,1,66581
4770577229062,false,סלק בואקום,,,סלק בואקום,יחידה,0.00,יחידה,false,,4.90,0.0000,true,1,58709
4791021002789,false,תה ירוק 2 גרם 100 שק,IMPERIAL TEA EXPORT,,תה ירוק 200 גרם,גרמים,200.00,100 גרם,false,,21.90,0.1095,true,1,3590
4791021009399,false,תה ירוק קלאסי 25 שקי,IMPERIAL TEA EXPORT,,תה ירוק 60ג,גרמים,50.00,100 גרם,false,,11.90,0.2380,true,1,3600
4791021904861,false,תה ירוק גינגר 25 שקי,IMPERIAL TEA EXPORT,,תה ירוק ג'ינג'ר 60ג,גרמים,50.00,100 גרם,false,,11.90,0.2380,true,1,3606
4791021944720,false,תה ארל גריי ספיישל 2,IMPERIAL TEA EXPORT,,תה ארל גריי ספיישל 200 גר,גרמים,200.00,100 גרם,false,,23.90,0.1195,true,1,36197
4792032060454,false,"גרין קוקו - מי קוקוס אורגניים 330 מ""ל",,,גרין קוקו - מי קוקוס,גרמים,330.00,100 גרם,false,,8.90,0.0270,true,1,66712
4810168000011,false,פילה דג הרינג מלוח מצונן 250ג',סנטה ברמור,BY,פילה דג הרינג מלוח מ,גרמים,250.00,100 גרם,false,,12.90,0.0516,true,1,51158
4810168000066,false,פילה דג הרינג מלוח מצונן עם תבלין 250ג,סנטה ברמור,BY,פילה דג הרינג מלוח מ,גרמים,250.00,100 גרם,false,,12.90,0.0516,true,1,51159
4810168000998,false,פילה דג הרינג מלוח מצונן עם בצל בצנצנת חתיכות 260ג',סנטה ברמור,BY,חתיכות פילה דג הרינג,גרמים,260.00,100 גרם,false,,17.90,0.0688,true,1,51156
4810168018795,false,חתיכות פילה דג הרינג מלוח מצונן 200ג',סנטה ברמור,BY,חתיכות פילה דג הרינג,גרמים,200.00,100 גרם,false,,12.90,0.0645,true,1,51161
4810168019051,false,חתיכות פילה דג הרינג מלוח מצונן עם תבלין 200ג',סנטה ברמור,BY,חתיכות פילה דג הרינג,גרמים,200.00,100 גרם,false,,12.90,0.0645,true,1,51162
4810168024512,false,פילה דג הרינג מלוח מצונן עם תבלין בצנצנת חתיכות 260ג,סנטה ברמור,BY,חתיכות פילה דג הרינג,גרמים,260.00,100 גרם,false,,17.90,0.0688,true,1,51157
4810168058975,false,חתיכות פילה דג הרינג סקנדינבי מלוח מצונן 260 גר,סנטה ברמור,BY,חתיכות פילה דג הרינג,גרמים,260.00,100 גרם,false,,17.90,0.0688,true,1,67778
4810168058982,false,חתיכות פילה דג הרינג סקנדינבי מלוח בשמן 400 גר,סנטה ברמור,BY,חתיכות פילה דג הרינג,גרמים,400.00,100 גרם,false,,26.90,0.0672,true,1,67805
4810168058999,false,פילה דג הרינג סקנדינבי מלוח מצונן 250ג',סנטה ברמור,BY,פילה דג הרינג מלוח מ,גרמים,250.00,100 גרם,false,,12.90,0.0516,true,1,66432
4820080720584,false,"וודקה חלבני 700 מ""ל דאר קלסיק 700מל כ",יושלם,,וודקה חלבנדר 700 מיל,מיליליטרים,700.00,"100 מ""ל",false,,54.90,0.0784,true,1,7282
4823077602863,false,סוכריות דבורה משוגעת 200 גרם שקית,רושן,UA,רושן סוכריות ג'לי ממ,גרמים,200.00,100 גרם,false,,6.90,0.0345,true,1,62096
4823077608513,false,סוכריות קורובקה 205 גרם רושן,רושן Roshen,UA,רושן סוכריות טופי חל,גרמים,205.00,100 גרם,false,,6.90,0.0337,true,1,49763
4823077612732,false,סוכריות קרמל רושן בים בום 200 גר,רושן,UA,רושן סוכריות בטעם פי,גרמים,200.00,100 גרם,false,,4.90,0.0245,true,1,52914
4823077613630,false,חטיף שוקולד חלב במילוי קרם ברולה,רושן Roshen,UA,רושן חטיף שוקולד ממו,גרמים,43.00,100 גרם,false,,3.90,0.0907,true,1,61394
4823077614675,false,ביסקוויט חלב 185 גר רושן,,,רושן ביסקוויט לקפה ב,גרמים,185.00,100 גרם,false,,3.90,0.0211,true,1,70486
4823077614699,false,ביסקוויט וניל 185 גר רושן,,,רושן ביסקוויט לקפה ב,גרמים,185.00,100 גרם,false,,3.90,0.0211,true,1,70487
4823077617041,false,חטיף שוקולד חלב במילוי קרמל,רושן Roshen,UA,רושן חטיף שוקולד ממו,גרמים,40.00,100 גרם,false,,3.90,0.0975,true,1,32068
4823077623684,false,קרמל רושן טיפת חלב 150 גר,רושן,UA,רושן סוכריות ממולאות,גרמים,150.00,100 גרם,false,,4.90,0.0327,true,1,51712
4823077623714,false,סוכריות כוס חלב 150 גרם רושן,רושן,UA,רושן סוכריות טופי ממ,גרמים,150.00,100 גרם,false,,6.90,0.0460,true,1,50191
4823077624223,false,סוכריות ג'לי בטעמי פירות Summer Mix,רושן Roshen,UA,סוכריות ג'לי בוני פר,גרמים,200.00,100 גרם,false,,6.90,0.0345,true,1,53083
4823077624247,false,סוכריות ג'לי מסוכרות בטעמי פירות,רושן Roshen,UA,סוכריות ג'לי בוני פר,גרמים,200.00,100 גרם,false,,6.90,0.0345,true,1,50271
4823077624391,false,"רושן סוכריות טופי ""מינקי בינקי"" 185 גר",רושן,UA,רושן סוכריות טופי מי,גרמים,185.00,100 גרם,false,,6.90,0.0373,true,1,70517
4823077625145,false,ממתקי שוקולד מריר עם דובדבן בליקר דובדבן,רושן Roshen,UA,רושן בונבוניירה דובד,גרמים,150.00,100 גרם,false,,12.90,0.0860,true,1,51713
4823077625589,false,וופל וואפרס חלב רושן 216 גר,,UA,רושן וופל בטעם חלב 2,גרמים,216.00,100 גרם,false,,6.90,0.0319,true,1,70490
4823077625602,false,וופל וואפרס שוקולד רושן 216 גר,,UA,רושן וופל בטעם שוקול,גרמים,216.00,100 גרם,false,,6.90,0.0319,true,1,70492
4823077625626,false,וופל וואפרס אגוז רושן 216 גר,,UA,רושן וופל בטעם אגוז,גרמים,216.00,100 גרם,false,,6.90,0.0319,true,1,70493
4823077631467,false,קרקר עם מלח ים רושן 168 גר,,,רושן קרקר עם מלח ים,גרמים,168.00,100 גרם,false,,4.90,0.0292,true,1,70491
4823077631474,false,קרקר קלאסי רושן 168 גר,,,רושן קרקר קלאסי 168,גרמים,168.00,100 גרם,false,,4.90,0.0292,true,1,70488
4823077632112,false,וופל בטעם קקאו חלב רושן 216 גר,,,רושן וופל בטעם קקאו,גרמים,216.00,100 גרם,false,,6.90,0.0319,true,1,70494
4823077632259,false,באטונציק קרם עם בוטנים 38 גר,רושן Roshen,UA,רושן חטיף שוקולד עם,גרמים,43.00,100 גרם,false,,3.90,0.0907,true,1,61184
4823077633317,false,עוגיות שוקולד עם חתיכות שוקולד 150 גר,,,עוגיות לוביטה שוקולד,גרמים,150.00,100 גרם,false,,6.90,0.0460,true,1,70495
4823077633324,false,עוגיות רושן עם חתיכות שוקולד 150 גר,,,עוגיות שוקוצ'יפס לוב,גרמים,150.00,100 גרם,false,,6.90,0.0460,true,1,70496
4823077633331,false,עוגיות רושן עם בטעם תפוז 150 גר,,,רושן עוגיות לוביטה ב,גרמים,150.00,100 גרם,false,,6.90,0.0460,true,1,70497
4823077633348,false,עוגיות רושן עם חתיכות בוטנים 150 גר,,,רושן עוגיות לוביטה ע,גרמים,150.00,100 גרם,false,,6.90,0.0460,true,1,70498
4823077634178,false,עוגיות עם מילוי תפוח קינמון 168 גר LOVIT,,,רושן עוגיות עם מילוי,גרמים,168.00,100 גרם,false,,6.90,0.0411,true,1,70506
4823077634192,false,עוגיות עם מילוי דובדבן וניל 168 גר LOVIT,,,רושן עוגיות עם מילוי,גרמים,168.00,100 גרם,false,,6.90,0.0411,true,1,70507
4823077634222,false,עוגיות Lovita ממולאות ג'לי תפוז מצופות צימקאו,רושן Roshen,,עוגיות תפוז 135 גרם,גרמים,135.00,100 גרם,false,,6.90,0.0511,true,1,70508
4823077634246,false,עוגיות Lovita ממולאות ג'לי פטל מצופות צימקאו,רושן Roshen,,עוגיות פטל 135 גרם,גרמים,135.00,100 גרם,false,,6.90,0.0511,true,1,70509
4823077634277,false,עוגיות Lovita ממולאות ג'לי תות שדה מצופות צימקאו,רושן Roshen,,עוגיות תות שדה 135 ג,גרמים,135.00,100 גרם,false,,6.90,0.0511,true,1,70510
4823077634741,false,עוגיות עם מילוי תות שדה 168 גר LOVITA,,,רושן עוגיות עם מילוי,גרמים,168.00,100 גרם,false,,6.90,0.0411,true,1,70511
4823077635793,false,וופלים דקיקים רושן חלב וניל 55 גר THINS,,UA,רושן וופלים דקיקים ב,גרמים,55.00,100 גרם,false,,4.90,0.0891,true,1,70484
4823077635809,false,וופלים דקיקים רושן קקאו 55 גר THINS,,UA,רושן וופלים דקיקים ב,גרמים,55.00,100 גרם,false,,4.90,0.0891,true,1,70485
4823077635816,false,וופלים דקיקים רושן אגוזי לוז 55 גר THINS,,UA,רושן וופלים דקיקים ב,גרמים,55.00,100 גרם,false,,4.90,0.0891,true,1,70489
4823077636004,false,עוגיות Lovita ממולאות ג'לי דובדבן מצופות צימקאו,רושן Roshen,,עוגיות קקאו דובדבן 1,גרמים,135.00,100 גרם,false,,6.90,0.0511,true,1,70512
4823077636172,false,וופל רושן בטעם לימון 216 גר,,UA,רושן וופל בטעם לימון,גרמים,216.00,100 גרם,false,,6.90,0.0319,true,1,70499
4860019001346,false,בורז'ומי מים מינרליים טבעיים 500מ'ל חדש,אי די אס בורגומי,,מים מינרלים בורזומי 500,מיליליטרים,500.00,"100 מ""ל",false,,6.90,0.0138,true,1,7284
4860019001414,false,"בקבוק מים בוז'ורמי 750 מ""ל",אי.די.אס בורג'יומי,,מים בורזומי 750 מל,מיליליטרים,750.00,"100 מ""ל",false,,7.90,0.0105,true,1,7285
4891228430085,false,שיק אקסטרים 3 פס לחות בתוספת אלוה ורה,אנרג'יזר Energizer,CN,שיק,יח',4.00,יח',false,,14.90,3.7250,true,1,19294
4891228430092,false,שיק אקסטרים 3 קומפורט +לנשים 4 יחידות,אנרג'יזר Energizer,CN,שיק,יח',4.00,יח',false,,14.90,3.7250,true,1,19295
4903001904192,false,"רוטב סויה יאמסה פרימיום 500 מ""ל",הדקלאים אגודת שיתופי,JP,"רוטב סויה 500 מ""ל",מיליליטרים,500.00,"100 מ""ל",false,,17.90,0.0358,true,1,12568
4903001925784,false,"רוטב סויה יאמאסה פרמיום דל מלח 500 מ""ל",הדקלאים אגודת שיתופי,JP,רוטב סויה פרימיום דל,מיליליטרים,500.00,"100 מ""ל",false,,17.90,0.0358,true,1,12569
4903001930993,false,"רוטב טריאקי יאמאסה 500 מ""ל",ליימן מותגים,JP,"רוטב סויה 500 מ""ל",מיליליטרים,500.00,"100 מ""ל",false,,17.90,0.0358,true,1,53283
5000054351900,false,פריסקיז דגי אוקיינוס,פורינה,US,פריסקיז פטה דג אוקיי,גרמים,156.00,100 גרם,false,,6.90,0.0442,true,1,67498
5000054357100,false,פריסקיז פטה מיקס גרי,פורינה,US,פריסקיז פטה מיקס גרי,גרמים,156.00,100 גרם,false,,6.90,0.0442,true,1,67500
5000054359500,false,פריסקיז פטה כבד ועוף,פורינה,US,פריסקיז פטה כבד ועוף,גרמים,156.00,100 גרם,false,,6.90,0.0442,true,1,67501
5000127163195,false,קלוגס ספיישל קיי 500 גר'.,קלוגס,GB,קלוגס,גרמים,500.00,100 גרם,false,,24.90,0.0498,true,1,70566
5000157143365,false,מתבל בטעם מיונז וקטשופ היינץ 425 ג',היינץ Heinz,PL,היינץ,מיליליטרים,425.00,"100 מ""ל",false,,14.90,0.0351,true,1,55674
5000159407236,false,חטיף שוקולד מרס 51 ג',מרס הולנד בי.וי.,NL,מרס,גרמים,51.00,100 גרם,false,,3.90,0.0765,true,1,3699
5000159414197,false,מלטיזרס-כדורים פריכים בציפוי שוולד חלב 135 גרם,מרס שוקולד צ.אמריקה,NL,מלטיזרס 135 גרם,גרמים,135.00,100 גרם,false,,9.90,0.0733,true,1,66239
5000159459228,false,חטיף שוקולד טוויקס 50 ג',"נארז ע""י : א.ג. גילר",NL,מרס,גרמים,50.00,100 גרם,false,,3.90,0.0780,true,1,3704
5000159461122,false,חטיף שוקולד סניקרס 50 ג',"נארז ע""י : א.ג. גילר",NL,מרס,גרמים,50.00,100 גרם,false,,3.90,0.0780,true,1,3705
5000159536400,false,טוויקס סטיקס 99 קלוריות 10 יחידות,מרס,IL,מרס,גרמים,200.00,100 גרם,false,,16.90,0.0845,true,1,61830
5000168199245,false,שוקולד חלב מעולה בתוספת קרמל מלוח פיור גודייבה 90 ג',"אולקר מקבוצת פלאדיס,",TR,גודייבה,גרמים,90.00,100 גרם,false,,12.90,0.1433,true,1,50467
5000204133509,false,שקיות אחסון גדולות- 19 יח' זיפלוק,אס.סי.גונסון ובניו,US,שקיות זיפלוק גדולות,יחי,19.00,יחי,false,,12.90,0.6789,true,1,60061
5000204153729,false,מטהר אוויר גלייד מילוי אוטומטי לבנדר וניל,המאפיה של הרמן,TR,גלייד,מיליליטרים,269.00,"100 מ""ל",false,,12.90,0.0480,true,1,59029
5000204153903,false,מטהר אוויר גלייד מילוי אוטומטי מרכך כביסה,קוסטר אירוסול ואלף ס,TR,גלייד,מיליליטרים,269.00,"100 מ""ל",false,,12.90,0.0480,true,1,59031
5000204196658,false,"נוזל מילוי 45 לילות 36 מ""ל רייד",גונסון שנגחאי,CN,רייד נוזל מילוי,מיליליטרים,56.00,"100 מ""ל",false,,19.90,0.3554,true,1,61833
5000204658064,false,"קיווי אקספרס ספוג הברקה שחור 7מ""ל",המאפיה של הרמן,ID,קיווי אקספרס ספוג הב,יח',1.00,יח',false,,13.90,13.9000,true,1,28963
5000299609347,false,"וויסקי גלנליווט פאונדרס רזרב 700 מ""ל",גורג וגיי גי סמית,GB,וויסקי גלנליווט 700,מיליליטרים,700.00,"100 מ""ל",false,,144.90,0.2070,true,1,35960
5000394137486,false,רביעיות סוללות אופטימום AA דורסל,דורסל Duracell,BE,דורסל,יח,4.00,יח,false,,17.90,4.4750,true,1,63630
5000394137516,false,רביעיות סוללות אופטימום AAA דורסל,דורסל Duracell,BE,דורסל,יח,4.00,יח,false,,17.90,4.4750,true,1,63631
5000394140820,false,שישיות סוללות AA פלוס פאוור דורסל,דורסל,BE,דורסל,יח,6.00,יח,false,,16.90,2.8167,true,1,63626
5000394141209,false,שישיות סוללות AAA פלוס פאוור דורסל,דורסל,BE,דורסל,יח,6.00,יח,false,,16.90,2.8167,true,1,63627
5000394142190,false,סוללות 9V פלוס פאוור,דורסל Duracell,CN,דורסל,יח',1.00,יח',false,,24.90,24.9000,true,1,69729
5000396037944,false,מקוויטיס ביסקוויט אורגינל 250 גרם,מקוויטיס McVitie's,GB,MCVITIES DIGESTIVE,גרמים,250.00,100 גרם,false,,10.90,0.0436,true,1,28378
5010038454831,false,בירה בלו מון 330 מל בקבוק,"איי, בי, אינבוו",IL,מלכה,מיליליטרים,330.00,"100 מ""ל",false,,12.90,0.0391,true,1,53583
5010106113073,false,וויסקי בלנטיין פינסט,,,וויסקי בלנטיין פינסט,מיליליטרים,700.00,"00000000000000000מ""ל",false,,79.90,0.1141,true,1,11576
5010123703585,false,"מי פה קולמינט ליסטרין 500 מ""ל",גונסון אנד גונסון,IT,ליסטרין,מיליליטרים,500.00,"100 מ""ל",false,,14.90,0.0298,true,1,24655
5010182997338,false,"טואלט דאק ג'ל אסלה ניחוח רענן 55 מ""ל","איטיליאן פוד, אס.פי.",IT,דאק,מיליליטרים,55.00,"100 מ""ל",false,,7.40,0.1345,true,1,8433
5010182997680,false,"רייד ארוסול קוטל נמלים - 300 מ""ל",אס.סי.ג'ונסון מידרכט,NL,רייד,מיליליטרים,300.00,"100 מ""ל",false,,14.90,0.0497,true,1,8436
5010182997918,false,"טואלט דאק ג'ל אסלה בניחוח ים 55 מ""ל","איטיליאן פוד, אס.פי.",IT,דאק,גרמים,55.00,100 גרם,false,,7.40,0.1345,true,1,8437
5010182998847,false,נוזל לניקוי אסלה דאק בניחוח ים 806 גר,מיוצר עי קונדיטוריית,NL,"דאק נוזל ים 750 מ""ל",מיליליטרים,750.00,"100 מ""ל",false,,8.90,0.0119,true,1,8438
5010182998861,false,"טואלט דאק נוזל לאסלה ירוק 750 מ""ל",מיוצר עי קונדיטוריית,NL,"דאק נוזל רענן 750 מ""",מיליליטרים,750.00,"100 מ""ל",false,,8.90,0.0119,true,1,8439
5010327000046,false,וויסקי גרנט'ס סקוטי,"איי, בי, אינבוו",,וויסקי גרנטס,מיליליטרים,700.00,"100 מ""ל",false,,59.90,0.0856,true,1,11274
5010327255033,false,"וויסקי גרנטס סמוקי 700 מ""ל",גרנט'ס,,גרנטס ויסקי סמוקי 70,מיליליטרים,700.00,"100 מ""ל",false,,89.90,0.1284,true,1,61505
5010327399614,false,"גלנפידיך 12 אמריקן אווק כשר 700 מ""ל",וויליאם גרנטס ובניו,GB,*מבצע* גלנפידיך 12 א,מיליליטרים,700.00,"100 מ""ל",false,,149.00,0.2129,true,1,69521
5010677551281,false,"בקרדי בריזר לימון 275 מ""ל בקבוק",בקרדי בריזר Bacardi Breezer,BE,בקרדי,מיליליטרים,275.00,"100 מ""ל",false,,13.90,0.0505,true,1,11579
5010677551397,false,"בקרדי בריזר לימון ליים 275 מ""ל",בקרדי בריזר Bacardi Breezer,BE,בקרדי בריזר לימון ליים,מיליליטרים,275.00,"100 מ""ל",false,,13.90,0.0505,true,1,11580
5010677552387,false,"בקרדי בריזר אננס 275 מ""ל בקבוק",בקרדי בריזר Bacardi Breezer,BE,בקרדי,מיליליטרים,275.00,"100 מ""ל",false,,13.90,0.0505,true,1,11581
5010677554398,false,"בקרדי בריזר אבטיח 275 מ""ל בקבוק",בקרדי בריזר Bacardi Breezer,BE,בקרדי,מיליליטרים,275.00,"100 מ""ל",false,,13.90,0.0505,true,1,11582
5010677714006,false,"גין בומבאי ספייר 700 מ""ל",ג'ון דיואר ובניו,ES,ג'ין בומביי ספייר 70,מיליליטרים,700.00,"100 מ""ל",false,,109.90,0.1570,true,1,61219
5010677850100,false,וודקה גריי גוס בקבוק,גריי גוס,FR,*מבצע* וודקה גרייגוס,מיליליטרים,700.00,"100 מ""ל",false,,104.90,0.1499,true,1,52271
5010852000917,false,ווסקי בארקליס 0.7 ליטר,,,וויסקי בארקליס 0.7,מיליליטרים,700.00,"100 מ""ל",false,,59.90,0.0856,true,1,7286
5011007003005,false,"וויסקי ג'יימסון אירי מזוקק 700 מ""ל",אייריש דיסטילרז,IE,ג'יימסון,מיליליטרים,700.00,"100 מ""ל",false,,84.90,0.1213,true,1,11584
5011417547885,false,"אירוויק מקלות ריחניים בניחוח כביסה באוויר 30 מ""ל",איירוויק Air Wick,HU,אירוויק,מיליליטרים,30.00,"100 מ""ל",false,,14.90,0.4967,true,1,7707
5013965953354,false,"משחת שיניים אורל בי פרש 123 100 מ""ל",פרוקטר אנד גמבל,BE,אורל בי משחה 123 פרש,מיליליטרים,100.00,"100 מ""ל",false,,8.90,0.0890,true,1,60879
5014271003979,false,סאנט דלפור סופר פרוט,st.dalfour,FR,סאנט דלפור סופר פרוט,גרמים,170.00,100 גרם,false,,14.90,0.0876,true,1,70883
5014271003986,false,סאנט דלפור סופר פרוט,st.dalfour,FR,סאנט דלפור סופר פרוט,גרמים,170.00,100 גרם,false,,14.90,0.0876,true,1,70884
5014271004228,false,סאנט דלפור סופר פרוט,st.dalfour,FR,סאנט דלפור סופר פרוט,גרמים,170.00,100 גרם,false,,14.90,0.0876,true,1,70885
5014271300429,false,סן דלפו מעדן משמש ללא סוכר 284גר,סנדלפור St.dalfour,FR,סאנטדלפור,גרמים,284.00,100 גרם,false,,16.90,0.0595,true,1,13556
5014271310428,false,סן דלפו מעדן דבדבן שחור ללא סוכ 284 ג',המאפיה של הרמן,FR,סאנטדלפור,גרמים,284.00,100 גרם,false,,16.90,0.0595,true,1,13557
5014271330426,false,מעדן סאנט דלפור אוכמניות כחולות 284 גר,סנדלפור St.dalfour,FR,סאנטדלפור,גרמים,284.00,100 גרם,false,,16.90,0.0595,true,1,13558
5014271360423,false,סן דלפו מעדן תפוז ללא סוכר 284 ג',המאפיה של הרמן,FR,סאנטדלפור,גרמים,284.00,100 גרם,false,,16.90,0.0595,true,1,13560
5014271400426,false,סן דלפו מעדן תות שדה ללא סוכר 284 ג',המאפיה של הרמן,FR,סאנטדלפור,גרמים,284.00,100 גרם,false,,16.90,0.0595,true,1,13563
5014271795980,false,מעדן סאנט דלפור אוכמניות וחמוציות 284 גר,סנדלפור St.dalfour,FR,סאנטדלפור,גרמים,284.00,100 גרם,false,,16.90,0.0595,true,1,13564
5024546366609,false,"וויסקי 700 מ""ל LAUDERS SCOTCH",מקדוף אינטרנשנל דיסט,,וויסקי לאודרס,מיליליטרים,700.00,"100 מ""ל",false,,69.90,0.0999,true,1,8019
5028349100316,false,ויסקי היילנד צ'יף 0.7 ליטר,,,וויסקי היילנד ציף 0.7,מיליליטרים,700.00,"100 מ""ל",false,,59.90,0.0856,true,1,7287
5029053534596,false,קוטקס טמפוני נורמל ללא מוליך 32 יח,KC Czech,CZ,קוטקס,יח',32.00,יח',false,,22.90,0.7156,true,1,11112
5029053535227,false,קוטקס טמפון עם מוליך נורמל 16 יח',KC Czech,CZ,קוטקס,יח',16.00,יח',false,,19.90,1.2437,true,1,11115
5029053535234,false,טמפון קוטקס עם מוליך סופר 16 יח,KC Czech,CZ,קוטקס,יח',16.00,יח',false,,19.90,1.2437,true,1,11116
5029054220085,false,האגיס - מגבוני האגיס אקסטרה קר לא מבושם 56 יח' * 4,קימברלי קלארק,IL,האגיס,יח',224.00,יח',false,,24.90,0.1112,true,1,49453
5035766044673,false,"סיידר תפוחים סטרונגבאו 330 מ""ל בקבוק",סטרונגבאו Strongbow,BE,סיידר תפוחים סטרונגבאו 33,מיליליטרים,330.00,"100 מ""ל",false,,7.50,0.0227,true,1,11587
5050083559761,false,קלוגס קוקו פופס שוקוס 500 גרם.,קלוגס מניופקטורינג א,DE,קלוגס,גרמים,500.00,100 גרם,false,,14.90,0.0298,true,1,21827
5053827215862,false,קלוגס קוקו פופס שוקו 500ג',קלוגס Kellogg's,DE,קלוגס קוקו פופס 500,גרמים,500.00,100 גרם,false,,14.90,0.0298,true,1,70773
5059001003713,false,איירוויק - מקלות ריחניים בניחוח תאנה ופירות יער,רקיט בנקיזר,HU,אירוויק,מיליליטרים,30.00,"100 מ""ל",false,,14.90,0.4967,true,1,69958
5060255492185,false,חול חתולים ירוק 6 לריחני,MARDEL,GB,רנדי,קילוגרמים,6.00,"ק""ג",false,,69.90,11.6500,true,1,28550
5060517886486,false,"מונסטר משקה אנרגיה קלאסי 500 מ""ל",מונסטר אנרג'י Monster Energy,RU,מונסטר,מיליליטרים,500.00,"100 מ""ל",false,,6.50,0.0130,true,1,58819
5060517886516,false,"מונסטר משקה אנרגיה 500 מ""ל פחית זירו",מונסטר אנרג'י Monster Energy,RU,משקה אנרגיה מונסטר א,מיליליטרים,500.00,"100 מ""ל",false,,6.50,0.0130,true,1,58820
5060639128051,false,"משקה אנרגיה מונסטר אולטרה פחית 500 מ""ל",מונסטר אנרג'י Monster Energy,RS,משקה אנרגיה מונסטר א,מיליליטרים,500.00,"100 מ""ל",false,,6.50,0.0130,true,1,58822
5060639129102,false,"משקה אנרגיה מונסטר מנגו פח 500 מ""ל",מונסטר אנרג'י Monster Energy,RS,משקה אנרגיה מונסטר מ,מיליליטרים,500.00,"100 מ""ל",false,,6.50,0.0130,true,1,60894
5060751218173,false,"משקה אנרגיה מונסטר Pipline punch פח 500 מ""ל",מונסטר אנרג'י לימטד,IE,משקה אנרגיה מונסטר א,מיליליטרים,500.00,"100 מ""ל",false,,6.50,0.0130,true,1,66446
5060751219033,false,"משקה אנרגיה מונסטר ULTRA PARADISE פח 500 מ""ל",מונסטר אנרג'י לימטד,IE,משקה אנרגיה מונסטר א,מיליליטרים,500.00,"100 מ""ל",false,,6.50,0.0130,true,1,66447
5099864006391,false,סימילאק למהדרין שלב 3 אריזת חיסכון 900 ג,אבוט מעבדות רפואיות,ES,סימילאק,גרמים,900.00,100 גרם,false,,69.90,0.0777,true,1,16362
5201004020338,false,קפריס וופל רול ממולא קרם אגוזי לוז 400 ג',פפדופולוס,GR,גליליות עם קרם אגוזי,גרמים,400.00,100 גרם,false,,19.90,0.0497,true,1,61807
5201085540084,false,סוכריות ג'ילי מיקס שקית 800 גר',פאלאס אס איי,GR,סוכריות ג'לי 700 גרם,גרמים,700.00,100 גרם,false,,14.90,0.0213,true,1,7951
5201100872596,false,לוריאל - אקסלנס קרם 9 בלונד בהיר מאוד,לוריאל Loreal,BE,לוריאל אקסלנס,יח',1.00,יח',false,,35.90,35.9000,true,1,6206
5201340003385,false,טונה מעושנת שמן סויה 160 ג' TRATA,נורט אגיאוסי קנריס,GR,*מבצע* טונה מעושנת ש,גרמים,160.00,100 גרם,false,,11.90,0.0744,true,1,63397
5201340026704,false,טונה מעושנת פיקנטי 160 ג' TRATA,נורט אגיאוסי קנריס,GR,*מבצע* טונה מעושנת פ,גרמים,160.00,100 גרם,false,,11.90,0.0744,true,1,63399
5202300043014,false,צבע לשיער קולסטון - 6/7 חום שוקולד,פרוקטר אנד גמבל,DE,Wella,מיליליטרים,60.00,"100 מ""ל",false,,16.90,0.2817,true,1,8843
5202300043052,false,צבע לשיער קולסטון - 7/75 אגוז בהיר,פרוקטר אנד גמבל,DE,Wella,יח',1.00,יח',false,,16.90,16.9000,true,1,8845
5202300043151,false,צבע לשיער קולסטון - 8/0 בלונד בהיר,פרוקטר אנד גמבל,DE,Wella,מיליליטרים,60.00,"100 מ""ל",false,,16.90,0.2817,true,1,8848
5202300043182,false,צבע לשיער קולסטון - 5/0 חום בהיר,פרוקטר אנד גמבל,DE,Wella,מיליליטרים,60.00,"100 מ""ל",false,,16.90,0.2817,true,1,8851
5202300045834,false,צבע לשיער קולסטון - 10/0 בלונד פסטל,פרוקטר אנד גמבל,DE,Wella,מיליליטרים,60.00,"100 מ""ל",false,,16.90,0.2817,true,1,8860
5202390015618,false,גבינה צהובה טבעונית אורגינל ויאו לייף 200 ג',אריביה אס.אי. 57022,GR,צהובה טבעונית אורגינ,גרמים,200.00,100 גרם,false,,21.90,0.1095,true,1,29112
5202390020407,false,פטה טבעונית גוש ויולייף 200 ג',פרוטרופיק סיה.,GR,בסגנון פטה טבעונית 2,גרמים,200.00,100 גרם,false,,23.90,0.1195,true,1,50648
5206759020503,false,סוכריות ג'לי אקזוטי,a.n.p,GR,סוכריות ג'לי אקזוטי,גרמים,500.00,100 גרם,false,,9.90,0.0198,true,1,66070
5391523057929,false,סימילאק גולד שלב 1 תרכובת מזון על בסיס חלב,אבוט מעבדות רפואיות,ES,סימילאק,גרמים,700.00,100 גרם,false,,69.90,0.0999,true,1,31577
5391523057936,false,סימילאק גולד שלב 2 תרכובת מזון על בסיס חלב,אבוט מעבדות רפואיות,ES,סימילאק,גרמים,700.00,100 גרם,false,,69.90,0.0999,true,1,31578
5391523057943,false,סימילאק גולד שלב 3 תרכובת מזון על בסיס חלב,אבוט מעבדות רפואיות,ES,סימילאק,גרמים,700.00,100 גרם,false,,69.90,0.0999,true,1,31579
5391523058070,false,סימילאק אדבנס פלוס 3 תרכובת מזון על בסיס חלב,טרופיקל דגיל תעשיות,IE,סימילאק,גרמים,700.00,100 גרם,false,,64.90,0.0927,true,1,32470
5391523058087,false,סימילאק אדבנס פלוס 2 תרכובת מזון על בסיס חלב,טרופיקל דגיל תעשיות,IE,סימילאק,גרמים,700.00,100 גרם,false,,64.90,0.0927,true,1,32471
5410126006087,false,ביסקוויט לוטוס קרמל 700 גרם,לוטוס ביקרי נ.וי.,BE,לוטוס,גרמים,700.00,100 גרם,false,,23.90,0.0341,true,1,21837
5410126006360,false,לוטוס עוגיות סנדוויץ' במילוי לוטוס 150 גר',לוטוס ביקרי בלגיה נ.,BE,לוטוס,גרמים,150.00,100 גרם,false,,8.90,0.0593,true,1,63042
5410126106022,false,מארז עוגיות לוטוס 250 גר*2,לוטוס ביקרי נ.וי.,BE,לוטוס,גרמים,500.00,100 גרם,false,,17.90,0.0358,true,1,70865
5410126116953,false,ממרח עוגיות לוטוס קרמל 400 גר,לוטוס בייקרי בלגיה נ,BE,לוטוס,גרמים,400.00,100 גרם,false,,19.90,0.0497,true,1,21840
5410126716016,false,"ביסקוויט בטעם קרמל לוטוס בד""צ 250 ג'",לוטוס ביקרי בלגיה,BE,לוטוס,גרמים,250.00,100 גרם,false,,10.90,0.0436,true,1,21841
5410126726947,false,ממרח עוגיות לוטוס קראנץ' 380 גרם,לוטוס בייקרי בלגיה נ,BE,לוטוס,גרמים,380.00,100 גרם,false,,19.90,0.0524,true,1,21842
5410173210055,false,רומבוסט קפה טחון וקלוי לפילטר 70 גרם,קופי רומבוטס,BE,רומבוטס,גרמים,70.00,100 גרם,false,,14.90,0.2129,true,1,12570
5410228267515,false,"שישיית בירה לאגר באדוויזר 6*330 מ""ל",באדווייזר Budweiser,GB,שישיית בקבוקי בירה ב,מיליליטרים,1980.00,"100 מ""ל",false,,39.90,0.0202,true,1,54331
5410291021991,false,ממרח אגוזי לוז עם קקאו,צ'וקטה Chocketa,BE,צוקטה,גרמים,700.00,100 גרם,false,,19.90,0.0284,true,1,12571
5410291022011,false,ממרח אגוזי לוז עם קקאו 350 גרם חלב נכרי,צ'וקטה Chocketa,BE,צוקטה,גרמים,350.00,100 גרם,false,,11.90,0.0340,true,1,12572
5410316983693,false,"סמירנוף אייס בודד 275 מ""ל",סמירנוף אייס Smirnoff ice,IT,סמירנוף אייס,מיליליטרים,250.00,"100 מ""ל",false,,12.90,0.0516,true,1,9211
5410769100081,false,"בירה לה שוף 330 מ""ל בקבוק","איי, בי, אינבוו",BE,דובל,מיליליטרים,330.00,"100 מ""ל",false,,14.90,0.0452,true,1,26509
5410769200088,false,"בירה מק שוף 330 מ""ל בקבוק",פארייפאבה אגרואינדוס,BE,דובל,מיליליטרים,330.00,"100 מ""ל",false,,14.90,0.0452,true,1,26510
5411188080268,false,אלפרו סויה אורגני אלפרו 1 ליטר,הנסיך- מפעל לייצור ט,BE,אלפרו,ליטרים,1.00,ליטר,false,,14.90,14.9000,true,1,19307
5411188081852,false,אלפרו משקה סויה בטעם וניל 1 ל',הנסיך- מפעל לייצור ט,BE,אלפרו,ליטרים,1.00,ליטר,false,,14.90,14.9000,true,1,19308
5411188096108,false,"שמנת לבישול ע""ב סויה 250 מ""ל אלפרו",אלפרו C.V.A,BE,אלפרו,מיליליטרים,250.00,"100 מ""ל",false,,7.90,0.0316,true,1,19311
5411188106159,false,אלפרו סויה לייט מופחת שומן 1.2% 1 ליטר,הנסיך- מפעל לייצור ט,BE,אלפרו סויה לייט בטעם,ליטרים,1.00,ליטר,false,,14.90,14.9000,true,1,51252
5411188110835,false,אלפרו חלב סויה שקדים וניל 1ל',הנסיך- מפעל לייצור ט,BE,אלפרו,ליטרים,1.00,ליטר,false,,13.90,13.9000,true,1,19313
5411188112709,false,"משקה קוקוס אלפרו 1 ליטר משקה שקדים לל""ס",הנסיך- מפעל לייצור ט,BE,אלפרו,ליטרים,1.00,ליטר,false,,13.90,13.9000,true,1,19317
5411188115434,false,משקה אלפרו בריסטה סויה 1 ליטר,אלפרו Alpro,BE,אלפרו,ליטרים,1.00,ליטר,false,,13.90,13.9000,true,1,64525
5411188115472,false,אלפרו משקה סויה 1 ליטר,הנסיך- מפעל לייצור ט,BE,אלפרו,ליטרים,1.00,ליטר,false,,13.90,13.9000,true,1,58770
5411188121923,false,"אלפרו משקה סויה סידן מארז 250X3מ""ל",הנסיך- מפעל לייצור ט,BE,אלפרו,מיליליטרים,750.00,"100 מ""ל",false,,14.90,0.0199,true,1,30697
5411188121978,false,"משקה סויה בטעם שוקולד 3 * 250 מ""ל אלפרו",אלפרו C.V.A,BE,אלפרו,מיליליטרים,750.00,"100 מ""ל",false,,14.90,0.0199,true,1,30052
5411188124689,false,משקה שיבולת שועל ללא סוכר 1ל' אלפרו,אלפרו Alpro,BE,אלפרו,ליטרים,1.00,ליטר,false,,13.90,13.9000,true,1,59481
5411188124726,false,אלפרו משקה שיבולת שועל שקדים 1 ליטר,הדקלאים אגודת שיתופי,BE,אלפרו,ליטרים,1.00,ליטר,false,,13.90,13.9000,true,1,29499
5411188129899,false,משקה אלפרו בריסטה שקדים 1 ליטר,הנסיך- מפעל לייצור ט,BE,אלפרו,ליטרים,1.00,ליטר,false,,13.90,13.9000,true,1,58771
5411188134985,false,אלפרו 3.5% NOT M*LK שיבולת שועל 1 ליטר בית יוסף,הנסיך- מפעל לייצור ט,BE,אלפרו 3.5% שומן שבול,ליטרים,1.00,ליטר,false,,13.90,13.9000,true,1,62418
5411188135005,false,אלפרו 1.8% NOT M*LK שיבולת שועל 1 ליטר בית יוסף,הנסיך- מפעל לייצור ט,BE,אלפרו 1.8% שומן שבול,ליטרים,1.00,ליטר,false,,13.90,13.9000,true,1,62419
5411188300328,false,אלפרו סויה בטעם שוקו 1 ליטר,הנסיך- מפעל לייצור ט,BE,אלפרו,ליטרים,1.00,ליטר,false,,11.90,11.9000,true,1,19332
5411188513483,false,"משקה סויה לבישול 14% 250 מ""ל אלפרו",אלפרו C.V.A,BE,אלפרו סויה לבישול 14,מיליליטרים,250.00,"100 מ""ל",false,,9.90,0.0396,true,1,64508
5411223030081,false,"בירה לינדמנס קריק דובדבנים 250 מ""ל",לינדמנס,BE,לינדמנס,מיליליטרים,250.00,"100 מ""ל",false,,13.90,0.0556,true,1,11279
5411681014005,false,בירה דובל בקבוק 330,פארייפאבה אגרואינדוס,IL,דובל,מיליליטרים,330.00,"100 מ""ל",false,,12.90,0.0391,true,1,11280
5411681038001,false,בירה מרדסו טריפל 330 מל,"איי, בי, אינבוו",BE,דובל,מיליליטרים,330.00,"100 מ""ל",false,,12.90,0.0391,true,1,11281
5411686700118,false,"בירה לינדמנס פרוטס 250 מ""ל",לפימנס,BE,ליפמנס,מיליליטרים,250.00,"100 מ""ל",false,,13.90,0.0556,true,1,11282
5413149655522,false,"אבקת כביסה שושן צחור 1.25 ק""ג אריאל",פרוקטר אנד גמבל,TR,Ariel,קילוגרמים,1.25,"ק""ג",false,,17.90,14.3200,true,1,8876
5413149922907,false,"אבקת כביסה קולור וסטייל 5 ק""ג אריאל",אריאל Ariel,,"אריאל קולור 5 ק""ג",קילוגרמים,5.00,"ק""ג",false,,34.90,6.9800,true,1,8880
5413149922938,false,"אריאל אבקת כביסה שושן צחור, 5 ק""ג",פרוקטר אנד גמבל,TR,Ariel,קילוגרמים,5.00,"ק""ג",false,,34.90,6.9800,true,1,8881
5413548280189,false,קינדר שוקובון 16 יחידות,פררו,BE,פררו,גרמים,125.00,100 גרם,false,,11.90,0.0952,true,1,25392
5601008200444,false,גודיס Goodies עוגיות טבעת מצופות שוקולד חלב,הנסיך- מפעל לייצור ט,PT,מרבה,גרמים,150.00,100 גרם,false,,5.90,0.0393,true,1,19333
5601008200468,false,עוגיות מרבה גודיס טבעת מצופה שוקו' לבן 150ג',קריניציה ויטמינה אס,PT,מרבה,גרמים,150.00,100 גרם,false,,5.90,0.0393,true,1,19334
5601036205596,false,צבע לשיער אקסלנס קרם - 5.3 חום זהוב,לוריאל Loreal,BE,לוריאל אקסלנס,יח',1.00,יח',false,,35.90,35.9000,true,1,6215
5601036205602,false,צבע לשיער אקסלנס קרם - 5.5 חום מהגוני,לוריאל Loreal,BE,לוריאל אקסלנס,יח',1.00,יח',false,,35.90,35.9000,true,1,6216
5601036205671,false,לוריאל - אקסלנס קרם 7.3 בלונד זהוב,ליברמו,BE,לוריאל אקסלנס,יח',1.00,יח',false,,35.90,35.9000,true,1,6221
5601036205688,false,לוריאל - אקסלנס קרם 8 בלונד בהיר,ליברמו,BE,לוריאל אקסלנס,יח',1.00,יח',false,,35.90,35.9000,true,1,6222
5601217129420,false,וולייט דפים לשמירה על צבע הבגד 20 יח,ווליט Woolite,IT,וולייט,יח',20.00,יח',false,,19.90,0.9950,true,1,28430
5701932026964,false,פופקורן להכנה במיקרוגל בטעם טבעי 6 שקיות,ליימן מותגים,US,הוטפופ,גרמים,600.00,100 גרם,false,,14.90,0.0248,true,1,12581
5701932026971,false,פופקורן להכנה במיקרוגל בטעם חמאה 6 שקיות,ליימן מותגים,US,הוטפופ,גרמים,600.00,100 גרם,false,,14.90,0.0248,true,1,12582
5706516031358,false,פופקורן להכנה במיקרוגל בטעם טבעי מופחת שומן 5 שקיות,ליימן מותגים,US,הוטפופ,גרמים,600.00,100 גרם,false,,14.90,0.0248,true,1,12584
5711953105807,false,בלוז בסגנון דנאבלו,ארלה פודס אמבא,DK,בלוז,קילוגרמים,1.00,"ק""ג",true,,69.00,69.0000,true,1,53357
5711953106583,false,גבינת שמנת בטעם טבעי 200 גרם ארלה,ארלה פודס אמבה,DK,ארלה,גרמים,200.00,100 גרם,false,,14.90,0.0745,true,1,54279
5711953106590,false,גבינת שמנת ארלה שמנת שום 200 גרם,ארלה פודס אמבה,DK,ארלה,גרמים,200.00,100 גרם,false,,14.90,0.0745,true,1,54280
5740900403215,false,ממרח מחמאת לורפק עם מלח 250 ג',לורפאק Lurpak,DK,ארלה,גרמים,250.00,100 גרם,false,,13.80,0.0552,true,1,49910
5740900403222,false,ממרח לורפק חמאה עם מלח מופחת שומן 250 ג,לורפאק Lurpak,DK,ארלה,גרמים,250.00,100 גרם,false,,13.80,0.0552,true,1,49911
5740900403239,false,ממרח מחמאת לורפק ללא מלח 250 ג',לורפאק Lurpak,DK,ארלה,גרמים,250.00,100 גרם,false,,13.80,0.0552,true,1,49912
5740900403246,false,ממרח מחמאת לורפק ללא מלח 500 ג',לורפאק Lurpak,DK,ארלה,גרמים,500.00,100 גרם,false,,27.90,0.0558,true,1,49908
5740900403253,false,ממרח מחמאת לורפק עם מלח 500 ג',לורפאק Lurpak,DK,ארלה,גרמים,500.00,100 גרם,false,,27.90,0.0558,true,1,49909
5740900403260,false,ממרח מחמאת לורפק ללא מלח 27% פחות שומן,ארלה פודס אמבה,DK,ארלה,גרמים,250.00,100 גרם,false,,13.80,0.0552,true,1,49913
5900020015174,false,חטיף דגנים פיטנס Fitness עם שוקולד מריר,מיוצר עי קונדיטוריית,PL,FITNESS,גרמים,141.00,100 גרם,false,,9.70,0.0688,true,1,4645
5900020018908,false,חטיף פיטנס דגנים עם עוגיות ופצפוצי שוקולד לבן,מיוצר עי קונדיטוריית,PL,FITNESS,גרמים,141.00,100 גרם,false,,9.70,0.0688,true,1,4650
5900020020741,false,חטיפי דגנים נסקוויק בר שוקו שוקו 6*25 גר,נסטלה פולין ברים,PL,NESQUIK,גרמים,150.00,100 גרם,false,,14.90,0.0993,true,1,4652
5900020022325,false,חטיף סיני מיניס Cini Minis בטעם קינמון - 6 במארז,נסטלה פולין דגני בוק,PL,CINI-MINIS,גרמים,150.00,100 גרם,false,,14.90,0.0993,true,1,4654
5900020026552,false,דגני בוקר האני נאט צ'יריוס בטעם דבש ושקדים,נסטלה צרפת איטנקורט,FR,CHEERIOS,גרמים,625.00,100 גרם,false,,19.90,0.0318,true,1,4665
5900020029669,false,פיטנס - חטיף דגנים פירות יער 23.50 גרם * 6,נסטלה פולין ברים,PL,FITNESS,גרמים,141.00,100 גרם,false,,9.70,0.0688,true,1,28505
5900020034021,false,פיטנס בר דליס שוקולד בננה 8*23.5 גרם,מיוצר עי קונדיטוריית,PL,FITNESS,גרמים,141.00,100 גרם,false,,9.70,0.0688,true,1,51517
5900020036407,false,דגני בוקר ליון Lion בטעם שוקולד וקרמל,ג.נרל מילס,US,CHEERIOS,גרמים,480.00,100 גרם,false,,19.90,0.0415,true,1,57031
5900020037916,false,דגני בוקר שיבולת שועל צ'ריוס 375ג',ג'נרל מילס סאן אדריא,US,CHEERIOS,גרמים,375.00,100 גרם,false,,14.90,0.0397,true,1,60086
5900020039590,false,פיטנס חטיף דגנים קלאסי פרווה 8 6*23.5 ג,סי.פי.פולין,PL,FITNESS,גרמים,141.00,100 גרם,false,,9.70,0.0688,true,1,62609
5900020039620,false,פיטנס חטיף דגנים שקדים ודבש פרווה 8 6*23 ג,סי.פי.פולין,PL,FITNESS,גרמים,141.00,100 גרם,false,,9.70,0.0688,true,1,62610
5900020041142,false,קורנפלקס פיטנס 500 ג' אסם,סי.פי.פולין,PL,פיטנס קורנפלקס 500 ג,גרמים,500.00,100 גרם,false,,12.90,0.0258,true,1,70620
5900020041371,false,מארז חטיף פיטנס שוקולד מריר 23.5X6 גרם,נסטלה פולין ברים,PL,FITNESS,גרמים,141.00,100 גרם,false,,9.70,0.0688,true,1,69664
5900352002866,false,חטיף שוקולד אליבי מק,אליבי מקס Alibi Max,,חטיף אליבי 49 גרם,גרמים,49.00,100 גרם,false,,2.50,0.0510,true,1,19841
5900394009762,false,וופל אידלה 47 גרם,,,וופל אידלה 47 גרם,גרמים,47.00,100 גרם,false,,2.50,0.0532,true,1,70616
5900627063233,false,טבליות למדיח AIO 50 יח פיניש,רקיט בנקיזר,PL,?????,יח',50.00,יח',false,,39.90,0.7980,true,1,31652
5900627066715,false,טבליות למדיח פיניש הכל ב-1 100 יח,רקיט בנקיזר,PL,פיניש,יח',100.00,יח',false,,59.90,0.5990,true,1,7754
5900907000583,false,מלפפון בחומץ בצנצנת,סגל דברים טובים,PL,מלפפון בחוצץ 430ג,גרמים,430.00,100 גרם,false,,15.50,0.0360,true,1,3609
5900907001429,false,אסורטי 920 גרםURBAN,יושלם,,אסורטי 460 גרם,גרמים,460.00,100 גרם,false,,15.50,0.0337,true,1,3611
5900907001474,false,עגבניות אדומות בחומץ,סגל דברים טובים,PL,עגבניות בחוצץ 470ג,גרמים,470.00,100 גרם,false,,15.50,0.0330,true,1,3612
5900907001719,false,תערובת מלפפונים ועגב,סגל דברים טובים,IL,תערובת מלפפון ועגבניה 480,גרמים,480.00,100 גרם,false,,15.50,0.0323,true,1,3613
5900951283963,false,חטיף סניקרס עם חמאת בוטנים Creamy Peanut Butter,סנו מפעלי ברונוס.,PL,מרס,גרמים,50.00,100 גרם,false,,3.90,0.0780,true,1,61831
5901414200411,false,ביסקוויט מיניס ממולא שוקולד היט 130 גר,בלזן פולסקה,PL,בלזן,גרמים,130.00,100 גרם,false,,5.90,0.0454,true,1,12585
5901483060022,false,חליטת עלי מרווה 20 ש,bifix,,חליטת תה מרווה 40ג,גרמים,40.00,100 גרם,false,,8.90,0.2225,true,1,3623
5901483060060,false,חליטת שומר 20 שקיקים,ביופלוייד,PL,חליטות תה,גרמים,50.00,100 גרם,false,,8.90,0.1780,true,1,3624
5901483060206,false,חליטת מנטה 20 שקיקים,bifix,,חליטת תה מנטה 40ג,גרמים,40.00,100 גרם,false,,8.90,0.2225,true,1,3626
5901483060305,false,תה מליסה 2 גרם 20 שק,,,חליטת תה מליסה 40ג,גרמים,40.00,100 גרם,false,,8.90,0.2225,true,1,3627
5901483060404,false,חליטת בבונג 20 שקיקי,bifix,,חליטת תה בבונג 35ג,גרמים,35.00,100 גרם,false,,8.90,0.2543,true,1,3628
5901483081027,false,חליטת לואיזה 20 שקיק,bifix,,חליטת לואיזה 35ג,גרמים,35.00,100 גרם,false,,8.90,0.2543,true,1,3630
5901888020546,false,חטיף דגנים עם קינואה ומלח ים 70ג FREEYU,,PL,*מבצע* חטיף דגנים עם,גרמים,70.00,100 גרם,false,,9.90,0.1414,true,1,70862
5901888020560,false,חטיף דגנים עם קינואה בטעם עשבי תיבול 70ג FREEYU,,PL,*מבצע* חטיף דגנים עם,גרמים,70.00,100 גרם,false,,9.90,0.1414,true,1,70864
5902198160403,false,"משקה אנרגיה XL TEN פחית לל""ס 250מ""ל","טמפו משקאות בע""מ",IL,XL,מיליליטרים,250.00,"100 מ""ל",false,,3.80,0.0152,true,1,26534
5904941750312,false,"משקה אנרגיה BLU מוחיטו בודד 250 מ""ל",אקו - ביט,PL,בלו,מיליליטרים,250.00,"100 מ""ל",false,,4.20,0.0168,true,1,7952
5904941751302,false,"משקה אנרגיה בלו 250 מ""ל- בודד",אקו - ביט,PL,בלו,מיליליטרים,250.00,"100 מ""ל",false,,3.90,0.0156,true,1,7953
5906485301012,false,"משקה אנרגיה XL פחית 250 מ""ל","טמפו משקאות בע""מ",IL,XL,מיליליטרים,250.00,"100 מ""ל",false,,4.00,0.0160,true,1,11599
5998623526739,false,"יין סי גראס גוורצטרמינר 750 מ""ל",דנוביאנה,HU,*מבצע* גוורצטרמינר 7,מיליליטרים,750.00,"100 מ""ל",false,,29.90,0.0399,true,1,52273
5998749108550,false,ויסקאס חטיף עוף וגבינה 60 ג',ויסקס Whiskas,HU,1X8X60Gויסקס טמפציקן,יחידה,0.00,יחידה,false,,9.90,0.0000,true,1,57502
5998749108574,false,ויסקאס חטיף טמפטיישן,ויסקס Whiskas,HU,1X8X60G ויסקס טמפביף,יחידה,0.00,יחידה,false,,9.90,0.0000,true,1,57503
6001067017523,false,קולגייט מברשת שיניים ילדים ספידרמן-ברבי 5+,יבואן ומשווק: ש. שסט,CN,קולגייט,יח',1.00,יח',false,,9.90,9.9000,true,1,19335
6003241003278,false,"ורי פרי רוטב אפריקאי שום 250 מ""ל",דורסוטס/אול ג'וי פוד,ZA,"רוטב פירי שום 250 מ""",מיליליטרים,250.00,"100 מ""ל",false,,14.90,0.0596,true,1,32185
6003241003292,false,ורי פרי רוטב אפריקאי חריף 250 גרם,דורסוטס/אול ג'וי פוד,ZA,רוטב פירי צ'ילי חריף,מיליליטרים,250.00,"100 מ""ל",false,,14.90,0.0596,true,1,32186
6086142555800,false,עלי קייל אורגני,,,עלי קייל אורגני,גרמים,140.00,100 גרם,false,,11.90,0.0850,true,1,54299
6086142556654,false,פטרוזיליה אורגנית,מושב אחיטוב,IL,פטרוזיליה אורגנית,יח,1.00,יח,false,,9.90,9.9000,true,1,58945
6086142556722,false,כוסברה אורגנית,מושב אחיטוב,IL,כוסברה אורגנית,יח,1.00,יח,false,,9.90,9.9000,true,1,58946
6086142556890,false,בזיליקום אורגני,מושב אחיטוב,IL,בזיליקום אורגני,יח,1.00,יח,false,,9.90,9.9000,true,1,58947
6086142557026,false,שמיר אורגני,,,שמיר אורגני,יח,1.00,יח,false,,9.90,9.9000,true,1,58949
6086142557194,false,עלי חסה אורגניים 350,חקלאי,IL,עלי חסה אורגנית,יח,1.00,יח,false,,12.90,12.9000,true,1,64162
6111049000051,false,סרדין מרוקאי חריף ספ,U.P.A,MA,U.P.A,גרמים,125.00,100 גרם,false,,4.90,0.0392,true,1,20046
6111049002055,false,סרדין מרוקאי בשמן קפ,אטלנטיק הום סרדינס א,MA,U.P.A,גרמים,125.00,100 גרם,false,,4.90,0.0392,true,1,20050
6111094000013,false,"קוסקוס דארי בינוני תומר 1 ק""ג",Marchesi srl,MA,תומר,קילוגרמים,1.00,"ק""ג",false,,17.90,17.9000,true,1,18793
6111094000198,false,קוסקוס דארי דק 350 גרם,קרמה מן,MA,דארי,גרמים,350.00,100 גרם,false,,6.90,0.0197,true,1,28787
6111094000808,false,"קוסקוס דארי בינוני תומר 1 ק""ג + 10% תוספת",דרי קוספט,MA,"קוסקוס 1ק""ג+10%",קילוגרמים,1.10,"ק""ג",false,,17.90,16.2727,true,1,18795
6112012100075,false,קולפן פלסטיק איכותי,,,קולפן פלסטיק,יח',1.00,יח',false,,12.90,12.9000,true,1,22405
6112012100358,false,שישיית קולבי פלסטיק,,,שישיית קולבי פלסטיק,יח',6.00,יח',false,,9.90,1.6500,true,1,22411
6112012100389,false,תחתית + מסמר לכיסא,,,תחתית לכיסא+מסמר,יח',20.00,יח',false,,14.90,0.7450,true,1,22412
6112012100440,false,מגשית לקרח,,,מגשית לקרח,יח',1.00,יח',false,,8.90,8.9000,true,1,22414
6112012100600,false,שלישיית קולבי קטיפה,,,שלישיית קולבי קטיפה,יח',3.00,יח',false,,11.90,3.9667,true,1,22419
6112012100655,false,מגב לשיש מהודר,,,מגב לשיש מהודר,יח',1.00,יח',false,,7.90,7.9000,true,1,22422
6112012100662,false,כותש שום,,,כותש שום,יח',1.00,יח',false,,12.90,12.9000,true,1,22423
6112012100693,false,משטח לייבוש כלים,,,משטח לייבוש כלים,יח',1.00,יח',false,,14.90,14.9000,true,1,22424
6112012100778,false,שקית זילוף,,,שקית זילוף,יח',1.00,יח',false,,11.90,11.9000,true,1,22429
6112012100808,false,פינג'ן גדול,,,פינג'ן גדול,יח',1.00,יח',false,,19.90,19.9000,true,1,22432
6112012100846,false,פומפיה מרובעת,,,פומפיה מרובעת,יח',1.00,יח',false,,19.90,19.9000,true,1,22434
6112012100853,false,מלקחיים גדולות,,,מלקחיים גדולות,יח',1.00,יח',false,,9.90,9.9000,true,1,22435
6112012100976,false,"כפות גדולות 18 ס""מ",,,כפות גדולות,יח',6.00,יח',false,,9.90,1.6500,true,1,22441
6112012100983,false,"מזלגות גדולות 18 ס""מ",,,מזלגות גדולות,יח',6.00,יח',false,,9.90,1.6500,true,1,22442
6112012100990,false,"שישיית כפיות קטנות 15 ס""מ 18 גרם",,,כפיות קטנות,יח',6.00,יח',false,,8.90,1.4833,true,1,22443
6112013100159,false,מטרף ידני מברזל,,,מטרף ידני ברזל,יח',1.00,יח',false,,9.90,9.9000,true,1,22451
6112013100180,false,סכין לפיצה,,,סכין לפיצה,יח',1.00,יח',false,,9.90,9.9000,true,1,22454
6112013100678,false,מטרף ידני גדול,,,מטרף ידני גדול,יח',1.00,יח',false,,16.90,16.9000,true,1,22469
6112013100999,false,סוגרים לשקיות 8 יחידות,,,סוגרים לשקיות,יח',8.00,יח',false,,9.90,1.2375,true,1,22480
6112014100493,false,מידות ציבעוניות לאפייה,,,מידות צבעוניות לאפיה,יח',1.00,יח',false,,14.90,14.9000,true,1,22518
6112014100561,false,דבק דו צדדי רחב,,,דבק דו צדדי,יח',1.00,יח',false,,9.90,9.9000,true,1,22519
6112015100294,false,"מגב מתכת 40 ס""מ",,,מגב מתכת,יח',1.00,יח',false,,21.90,21.9000,true,1,29327
6112015100508,false,מברשת לאסלה דגם 17,,,מברשת לאסלה,יח',1.00,יח',false,,3.90,3.9000,true,1,28682
6112015100928,false,מטאטא / מגב סיליקון,,,מטאטא/מגב סיליקון,יח',1.00,יח',false,,24.90,24.9000,true,1,28688
6112015100959,false,"מגב איכותי 40 ס""מ",,,מגב,יח',1.00,יח',false,,16.90,16.9000,true,1,28674
6112016100064,false,מגב לניקוי חלונות,,,מגב לניקוי חלונות,יח',1.00,יח',false,,12.90,12.9000,true,1,28696
6112016100088,false,מטאטא מילאנו,,,מטאטא,יח',1.00,יח',false,,14.90,14.9000,true,1,28697
6112016100101,false,מברשת לניקוי אבק דגם 3,,,מברשת לניקוי אבק,יח',1.00,יח',false,,11.90,11.9000,true,1,28698
6112016100194,false,אזיקון 250*3.6,,,אזיקון 250*3.6,יח',1.00,יח',false,,13.90,13.9000,true,1,22567
6112016100514,false,"תחתית לסיר מברזל 20 ס""מ",,,תחתית לסיר מברזל,יח',1.00,יח',false,,9.90,9.9000,true,1,27588
6112016100682,false,מסנן רשת לכיור,,,מסנן רשת לכיור,יח',1.00,יח',false,,10.90,10.9000,true,1,22569
6112016100712,false,סוגרים לשקיות 12 יחידות,,,סוגרים לשקיות,יח',12.00,יח',false,,11.90,0.9917,true,1,27589
6112017101350,false,מצע לירקות ופירות מטורקיה,,,מצע לירקות,יח',1.00,יח',false,,9.90,9.9000,true,1,22574
6112017101534,false,מברשת לאסלה,,,מברשת לאסלה,יח',1.00,יח',false,,19.90,19.9000,true,1,28704
6112017101565,false,"מתקן לסכו""ם מנירוסטה",,,מתקן לסכום מנירוסטה,יח',1.00,יח',false,,19.90,19.9000,true,1,29330
6112017102784,false,מברשת ניקוי,,,מברשת ניקוי,יח',1.00,יח',false,,5.90,5.9000,true,1,31942
6112017102791,false,מברשת ג'מבו לניקוי + ידית,,,מברשת ג'מבו לניקוי +,יח',1.00,יח',false,,8.90,8.9000,true,1,31943
6112017102807,false,מברשת לינקוי כלים,,,מברשת ניקוי,יח',1.00,יח',false,,5.90,5.9000,true,1,31944
6112017103354,false,אטבי כביסה סיליקון 12 יח',,,אטבי כביסה סיליקון 1,יח',12.00,יח',false,,7.90,0.6583,true,1,49931
6112017104153,false,ספוג מסאז',,,ספוג מסאז',יח',1.00,יח',false,,7.90,7.9000,true,1,50379
6112017104573,false,מטאטא שחור לבן,,,מטאטא שחור לבן,יח',1.00,יח',false,,23.90,23.9000,true,1,53497
6112017104580,false,מטאטא שיער סוס,,,מטאטא,יח',1.00,יח',false,,39.90,39.9000,true,1,53498
6112017105327,false,משטח קריסטל 45*100,,,משטח קריסטל,יח',1.00,יח',false,,9.90,9.9000,true,1,54297
6112017105778,false,"מגב סיליקון 40 ס""מ",,,"מגב סיליקון 40 ס""מ",יח',1.00,יח',false,,19.90,19.9000,true,1,55563
6112017105914,false,מפה לפיקניק,,,מפה לפיקניק,יח,1.00,יח,false,,19.90,19.9000,true,1,56071
6112017106034,false,כף מסננת אלומניום,,,כף מסננת,יח,1.00,יח,false,,13.90,13.9000,true,1,55572
6112017106140,false,"מגן למזרן למיטה כפולה 200*140 ס""מ",,,מגן למזרן זוגי,יח,1.00,יח,false,,49.90,49.9000,true,1,55574
6112017106249,false,כרית קירצוף מסיליקון,,,כרית קירצוף מסיליקון,יח,1.00,יח,false,,9.90,9.9000,true,1,55577
6112017106478,false,מתקן לסקוטש מחולק לתליה,,,מתקן לסקוטש מחולק עם,יח,1.00,יח,false,,11.90,11.9000,true,1,58075
6112017106614,false,מקל מטאטא,,,מקל מטאטא,יח',1.00,יח',false,,5.90,5.9000,true,1,59071
6112017106676,false,מברשת איכותית לניקוי,,,מברשת לניקוי גב עץ,יח,1.00,יח,false,,12.90,12.9000,true,1,58078
6112017106713,false,מחבט אלקטרוני לקטילת יתושים וחרקים מעופפים,,,מחבט אלקטרוני לקטילת,יח,1.00,יח,false,,23.90,23.9000,true,1,58234
6112017106928,false,מברשת מסיליקון,,,מברשת סיליקון,יח',1.00,יח',false,,13.90,13.9000,true,1,61040
6185238870916,false,מתלה כביסה,,,מתלה כביסה,יח',1.00,יח',false,,59.90,59.9000,true,1,28442
6254879302985,false,קרש חיתוך יוחננוף 23,,,קרש חיתוך יוחננוף 23,יח',1.00,יח',false,,14.90,14.9000,true,1,65331
6254879302992,false,קרש חיתוך יוחננוף מע,,,קרש חיתוך יוחננוף מע,יח',1.00,יח',false,,19.90,19.9000,true,1,65332
6254879303005,false,בוצ'ר יוחננוף מעץ במ,,,בוצ'ר יוחננוף מעץ במ,יח',1.00,יח',false,,39.90,39.9000,true,1,65333
6254879303012,false,בוצ'ר יוחננוף מעץ במ,,,בוצ'ר יוחננוף מעץ במ,יח',1.00,יח',false,,49.90,49.9000,true,1,65334
6322211596474,false,רכבי שלט,,,רכבי שלט,יח',1.00,יח',false,,39.90,39.9000,true,1,70345
6322218284534,false,מכונית מירוץ שלט,,,מכונית מירוץ שלט,יח',1.00,יח',false,,39.90,39.9000,true,1,70346
6322218979096,false,מסוק רחף,,,מסוק רחף,יח',1.00,יח',false,,39.90,39.9000,true,1,70347
6598255452235,false,מסכה חד פעמית 50 יח',,,מסכה חד פעמית 50 יח',יח',50.00,יח',false,,7.90,0.1580,true,1,58866
6901022100409,false,ג'ינג'ר כתוש - לירון,,,ג'ינג'ר כתוש - לירון,יח',1.00,יח',false,,4.90,4.9000,true,1,69888
6901022100416,false,שום כתוש - לירון,,,שום כתוש - לירון,יח',1.00,יח',false,,4.90,4.9000,true,1,69889
6906539758204,false,כפפות 100 יח' XL,,,כפפות 100 יח' XL,יח',100.00,יח',false,,9.90,0.0990,true,1,62001
6910001234585,false,"תרמוס נירוסטה 750 מ""",,,"תרמוס נירוסטה 750 מ""",יח',1.00,יח',false,,24.90,24.9000,true,1,71152
6910001234592,false,"תרמוס נירוסטה 500 מ""",,,"תרמוס נירוסטה 500 מ""",יח',1.00,יח',false,,19.90,19.9000,true,1,71151
6910191800287,false,אצות נורי בלו 10 דף (ננגטונג),ננטונג היידה אקווטוק,CN,מזרח ומערב,יח',10.00,יח',false,,11.90,1.1900,true,1,25589
6912977000140,false,אטריות שעועית 250 גר' ( Yantai)ללא גלוטן,יאנטאי ינסידה לנוגקא,CN,אטריות שעועית 250ג,גרמים,250.00,100 גרם,false,,8.90,0.0356,true,1,27178
6913245100685,false,מנורת לילה שקופה קטנה 5 לדים אור לבן עם מפסק,,,מנורת לילה קטנה שקופ,יח',1.00,יח',false,,19.90,19.9000,true,1,22579
6913245102030,false,נורת לד 10 וואט לבן,,,נורת לד 10 וואט לבן,יח',1.00,יח',false,,9.90,9.9000,true,1,22580
6921052701001,false,אצות ווקאמה מיובשות,ננטונג הידה אקוטיק פ,CN,אצות וואקמה 40 גרם,גרמים,40.00,100 גרם,false,,8.90,0.2225,true,1,53418
6921850614695,false,לד 10W A60 לבן אור יום מארז שלישיה FSL E27,,,נורת לד 10 וואט שליש,יח',3.00,יח',false,,24.90,8.3000,true,1,53884
6921850614718,false,לד 15W A60 לבן אור יום מארז שלישיה FSL E27,,,נורת לד 15 וואט שליש,יח',1.00,יח',false,,35.90,35.9000,true,1,53885
6922276100083,false,מחית וואסבי - חזרת 43 גרם דליאן,דליאן ג'ינדה קונדימנ,CN,wasabi,גרמים,43.00,100 גרם,false,,8.90,0.2070,true,1,25590
6925374202437,false,מתלים מפלסטיק - שלישייה,,,שלישיית מתלים פלסטיק,יח',3.00,יח',false,,9.90,3.3000,true,1,22588
6931191500380,false,מברשת לאפייה מסיליקון,,,מברשת אפיה מסיליקון,יח',1.00,יח',false,,11.90,11.9000,true,1,22599
6931191500434,false,מועך תפוחי אדמה,,,מועך תפוחי אדמה,יח',1.00,יח',false,,9.90,9.9000,true,1,22601
6931191500588,false,פטיש לשניצל,,,פטיש לשניצל,יח',1.00,יח',false,,11.90,11.9000,true,1,22605
6931191500649,false,דבק סופר גלו - רביעייה,,,דבק סופר גלו רביעייה,יח',4.00,יח',false,,9.90,2.4750,true,1,22606
6931191500878,false,קולפן פלסטיק,,,קולפן פלסטיק,יח',1.00,יח',false,,5.90,5.9000,true,1,22612
6934731200078,false,אטריות טריות דקות 200 גרם,יאנטאי ינסידה לנוגקא,CN,אטריות טריות דקות 20,גרמים,200.00,100 גרם,false,,6.90,0.0345,true,1,52110
6934931267246,false,מצית לגז,,,מצית גז,יח,1.00,יח,false,,9.90,9.9000,true,1,61627
6934931269226,false,כרית מושב מגנטית,,,כרית מושב מגנטית,יח',1.00,יח',false,,59.90,59.9000,true,1,63452
6934931269776,false,כיסוי הגה שחור,,,כיסוי הגה שחור,יח',1.00,יח',false,,34.90,34.9000,true,1,63457
6934931270048,false,כפפת מיקרופייבר,,,כפפת מיקרופייבר,יח',1.00,יח',false,,29.90,29.9000,true,1,63460
6934931270666,false,שלט נהג חדש,,,שלט נהג חדש,יח',1.00,יח',false,,8.90,8.9000,true,1,63466
6934931272028,false,יעה מתקפל שקוף,,,כף אשפה מתקפל,יח',1.00,יח',false,,19.90,19.9000,true,1,62301
6936065430442,false,כבל USB אורך 2 מטר,,,כבל USB אורך 2 מטר,1,1.00,1,false,,12.90,12.9000,true,1,67089
6936065431036,false,כבל מולטי,,,כבל מולטי,1,1.00,1,false,,24.90,24.9000,true,1,69590
6936065498749,false,כבל USB אורך 2 מטר,,,כבל USB אורך 2 מטר,1,1.00,1,false,,12.90,12.9000,true,1,67090
6936065498848,false,כבל USB אורך 2 מטר,,,כבל USB אורך 2 מטר,1,1.00,1,false,,12.90,12.9000,true,1,67091
6936745600462,false,רוטב מירין לתיבול מז,דאנינג יוה פודס קו,CN,daniyan,מיליליטרים,500.00,"100 מ""ל",false,,17.90,0.0358,true,1,25598
6936745600783,false,"חומץ אורז 500 מ""ל (דאניינג)",דאנינג יוה פודס קו,CN,daniyan,מיליליטרים,500.00,"100 מ""ל",false,,15.90,0.0318,true,1,25599
6945305614047,false,רביעיית מתלים דמוי ניקל,,,רביעיית מתלים ניקל,יח',4.00,יח',false,,9.90,2.4750,true,1,22619
6974640730167,false,פטריות שיטאקי 100 גרם,ZHEJIANG FOREST INDU,CN,dried shitake,גרמים,100.00,100 גרם,false,,13.90,0.1390,true,1,66902
6985425120011,false,זוג מסנני כיור פרפר,,,זוג מסנן פרפר,יח',2.00,יח',false,,8.90,4.4500,true,1,22634
6985425120028,false,רביעיית ספוגי רחצה,,,רביעיית ספוגי רחצה,יח',4.00,יח',false,,9.90,2.4750,true,1,22635
6985425120035,false,פקק פטנט לאמבטיה,,,פקק פטנט לאמבטיה,יח',1.00,יח',false,,5.90,5.9000,true,1,22636
6985425120103,false,דבק סלוטייפ,,,דבק סלוטייפ,יח',1.00,יח',false,,9.90,9.9000,true,1,22639
6985425120301,false,אטבי כביסה 30 יחידות,,,אטבי כביסה 30 יחידות,יח',30.00,יח',false,,8.90,0.2967,true,1,22643
6985425120387,false,אקדח גינה סט,,,אקדח גינה סט,יח',1.00,יח',false,,21.90,21.9000,true,1,22645
6985425120394,false,דבק בד שחור,,,דבק בד שחור,יח',1.00,יח',false,,21.90,21.9000,true,1,22646
6985425120592,false,קרש חיתוך מעץ - גדול,,,קרש חיתוך עץ,יח',1.00,יח',false,,19.90,19.9000,true,1,22650
6985425120677,false,מסננת איכותית מאלומניום,,,מסננת איכותית מאלומי,יח',1.00,יח',false,,16.90,16.9000,true,1,22652
6985425120844,false,סט ששת,,,סט ששת,יח',5.00,יח',false,,19.90,3.9800,true,1,22658
7162108012026,false,סט מצעים דגם טנריף ז,,,סט מצעים דגם טנריף ז,יח,1.00,יח,false,,59.90,59.9000,true,1,68637
7162109026022,false,סט מצעים דגם קשת בענ,,,סט מצעים דגם קשת בענ,יח',1.00,יח',false,,59.90,59.9000,true,1,68655
7162109040028,false,סט מצעים דגם גראס זו,,,סט מצעים דגם גראס זו,יח',1.00,יח',false,,59.90,59.9000,true,1,68661
7162111052026,false,סט מצעים דגם אריאן ז,,,סט מצעים דגם אריאן ז,יח',1.00,יח',false,,59.90,59.9000,true,1,68685
7162203034008,false,פוך חורף מסה יחיד,,,פוך חורף מסה יחיד,יח',1.00,יח',false,,69.90,69.9000,true,1,70223
7162203034015,false,פוך חורף מסה זוגי,,,פוך חורף מסה זוגי,יח',1.00,יח',false,,79.90,79.9000,true,1,70224
7180589856540,false,נייס שבלולים לשיער,,,מוצרי נייס,יח',1.00,יח',false,,3.90,3.9000,true,1,20003
7270137700101,false,"רשת צלייה ניקל ל-6 יח' המבורגר 34*21 ס""מ",,,רשת צלייה בינונית,יח',1.00,יח',false,,19.90,19.9000,true,1,61620
7271730901261,false,ווקי מאק ארוחת אטריות עם גבינה 156 גרם,ניו וורלד פסטה קומפנ,US,פסטה עם גבינה,גרמים,156.00,100 גרם,false,,10.90,0.0699,true,1,8201
7290000000002,false,לחם אחיד כהה 750 גרם,אנג'ל,IL,אנג'ל,גרמים,750.00,100 גרם,false,,4.50,0.0060,true,1,5958
7290000000005,false,חלה רגילה 500 גרם.,,IL,חלה רגילה 500 גרם.,יח',1.00,יח',false,,4.50,4.5000,true,1,5959
7290000000015,false,עיתון ידיעות שבת,,,עיתון ידיעות שבת,יח',1.00,יח',false,,16.50,16.5000,true,1,11951
7290000000056,false,משלוח בתוך העיר,,,משלוח בתוך העיר,יח',1.00,יח',false,,30.00,30.0000,true,1,22203
7290000000079,false,מים 1.5 ליטר קר,,,מים 1.5 ליטר קר,ליטרים,1.50,ליטר,false,,5.00,3.3333,true,1,22206
7290000000245,false,עגבניות שרי - ארוז,,,עגבניות שרי - ארוז,יח',1.00,יח',false,,8.90,8.9000,true,1,53953
7290000000251,false,תפוז ברשת,,,ערמונים,קילוגרמים,1.00,"ק""ג",true,,12.90,12.9000,true,1,489
7290000000311,false,קרואסון ביס בטעמים ח,,,"תפו""א אדום אפייה",קילוגרמים,1.00,"ק""ג",true,,3.90,3.9000,true,1,53355
7290000000343,false,גזר בתפזורת,משתנה,IL,גזר בתפזורת,קילוגרמים,1.00,"ק""ג",true,,4.90,4.9000,true,1,492
7290000000344,false,"תפו""א אדום בתפזורת",משתנה,IL,"תפו""א אדום בתפזורת",קילוגרמים,1.00,"ק""ג",true,,5.90,5.9000,true,1,493
7290000000345,false,"תפו""א לבן בתפזורת",משתנה,IL,"תפו""א לבן בתפזורת",קילוגרמים,1.00,"ק""ג",true,,4.90,4.9000,true,1,494
7290000000374,false,"פטריות שמפיניון בד""ץ (רביבים)",מרינה פטריות,IL,פטריות שמפניון,יח',1.00,יח',false,,8.90,8.9000,true,1,8072
7290000000466,false,בצל ירוק יח',,,בצל ירוק יח',יח',1.00,יח',false,,5.90,5.9000,true,1,51094
7290000000473,false,קישוא זוקיני,משתנה,IL,קישוא זוקיני,קילוגרמים,1.00,"ק""ג",true,,9.90,9.9000,true,1,495
7290000000503,false,"תפו""א אדום אפייה",,,"תפו""א אדום אפייה",קילוגרמים,1.00,"ק""ג",true,,3.90,3.9000,true,1,63167
7290000000594,false,תפוח עץ נאשי,,,תפוח עץ נאשי,קילוגרמים,1.00,"ק""ג",true,,13.90,13.9000,true,1,496
7290000000599,false,אגס אדום,ברכת קטיף,IL,אגס,קילוגרמים,1.00,"ק""ג",true,,15.90,15.9000,true,1,49628
7290000000602,false,אגס,משתנה,IL,אגס,קילוגרמים,1.00,"ק""ג",true,,12.90,12.9000,true,1,498
7290000000606,false,תמרים פרימיום 3.5 ק,משתנה,IL,אבוקדו,קילוגרמים,1.00,"ק""ג",true,,9.90,9.9000,true,1,499
7290000000608,false,חסה ערבית,,,אפרסמון,קילוגרמים,1.00,"ק""ג",true,,11.90,11.9000,true,1,501
7290000000612,false,"תפו""א ירושלמי",משתנה,IL,"תפו""א ירושלמי",קילוגרמים,1.00,"ק""ג",true,,12.90,12.9000,true,1,503
7290000000613,false,רימון,,,רימון,קילוגרמים,1.00,"ק""ג",true,,9.90,9.9000,true,1,504
7290000000619,false,בצל אדום,משתנה,IL,בצל אדום,קילוגרמים,1.00,"ק""ג",true,,6.90,6.9000,true,1,507
7290000000620,false,בצל יבש,משתנה,IL,בצל יבש,קילוגרמים,1.00,"ק""ג",true,,3.90,3.9000,true,1,508
7290000000622,false,בטטה,משתנה,IL,בטטה,קילוגרמים,1.00,"ק""ג",true,,7.90,7.9000,true,1,509
7290000000623,false,"תמרים מג""הול זהב 5 ק",משתנה,IL,בננה,קילוגרמים,1.00,"ק""ג",true,,4.90,4.9000,true,1,510
7290000000625,false,דלורית,משתנה,IL,דלורית,קילוגרמים,1.00,"ק""ג",true,,4.90,4.9000,true,1,512
7290000000635,false,גזר ארוז,משתנה,IL,גזר ארוז,קילוגרמים,1.00,"ק""ג",true,,3.90,3.9000,true,1,513
7290000000643,false,ארטישוק,משתנה,IL,ארטישוק,קילוגרמים,1.00,"ק""ג",true,,12.90,12.9000,true,1,515
7290000000644,false,דלעת ערמונים,משתנה,IL,דלעת ערמונים,קילוגרמים,1.00,"ק""ג",true,,12.90,12.9000,true,1,516
7290000000646,false,פומלית,,,פומלית,קילוגרמים,1.00,"ק""ג",true,,4.90,4.9000,true,1,517
7290000000648,false,פלפל כתום,משתנה,IL,פלפל כתום,קילוגרמים,1.00,"ק""ג",true,,8.90,8.9000,true,1,518
7290000000652,false,דלעת יפנית,נורגר מאג'רי,IL,דלעת יפנית,קילוגרמים,1.00,"ק""ג",true,,10.90,10.9000,true,1,520
7290000000660,false,חסה ערבית,משתנה,IL,חסה,יח',1.00,יח',false,,3.90,3.9000,true,1,521
7290000000661,false,חציל,משתנה,IL,חציל,קילוגרמים,1.00,"ק""ג",true,,4.90,4.9000,true,1,522
7290000000662,false,חסה עגולה,משתנה,IL,חסה עגולה,יח',1.00,יח',false,,5.90,5.9000,true,1,523
7290000000665,false,נבטים/אלפפא,משתנה,IL,חציל בלאדי,קילוגרמים,1.00,"ק""ג",true,,5.90,5.9000,true,1,59958
7290000000666,false,פטריות בתפזורת,משתנה,IL,פטריות בתפזורת,קילוגרמים,1.00,"ק""ג",true,,31.90,31.9000,true,1,8074
7290000000681,false,כרוב לבן,משתנה,IL,כרוב לבן,קילוגרמים,1.00,"ק""ג",true,,3.90,3.9000,true,1,526
7290000000682,false,כרוב אדום,משתנה,IL,כרוב אדום,קילוגרמים,1.00,"ק""ג",true,,3.90,3.9000,true,1,527
7290000000691,false,לימון,משתנה,IL,לימון,קילוגרמים,1.00,"ק""ג",true,,5.90,5.9000,true,1,528
7290000000692,false,לפת,משתנה,IL,לפת,קילוגרמים,1.00,"ק""ג",true,,6.90,6.9000,true,1,529
7290000000695,false,אספרגוס,משתנה,IL,מלפפון,קילוגרמים,1.00,"ק""ג",true,,4.90,4.9000,true,1,51184
7290000000696,false,מלון,משתנה,IL,מלון,קילוגרמים,1.00,"ק""ג",true,,7.90,7.9000,true,1,530
7290000000715,false,שרי ויטני ארוז,משתנה,IL,סלק,קילוגרמים,1.00,"ק""ג",true,,4.90,4.9000,true,1,533
7290000000722,false,אפרסמון קרמבו,,,אפרסמון קרמבו,קילוגרמים,1.00,"ק""ג",true,,12.90,12.9000,true,1,59622
7290000000725,false,עגבניה,משתנה,IL,עגבניה,קילוגרמים,1.00,"ק""ג",true,,5.90,5.9000,true,1,534
7290000000728,false,עגבניות שרי שקיל,משתנה,IL,עגבניה שרי במשקל,קילוגרמים,1.00,"ק""ג",true,,17.90,17.9000,true,1,536
7290000000734,false,פלפל צהוב,משתנה,IL,פלפל צהוב,קילוגרמים,1.00,"ק""ג",true,,8.90,8.9000,true,1,540
7290000000735,false,פלפל ירוק,משתנה,IL,פלפל ירוק,קילוגרמים,1.00,"ק""ג",true,,7.90,7.9000,true,1,541
7290000000737,false,פלפל בהיר,משתנה,IL,פלפל בהיר,קילוגרמים,1.00,"ק""ג",true,,7.90,7.9000,true,1,542
7290000000739,false,פלפל חריף,משתנה,IL,פלפל חריף,קילוגרמים,1.00,"ק""ג",true,,7.90,7.9000,true,1,543
7290000000741,false,ענבים שחורים במשקל,משתנה,IL,ענבים שחורים,קילוגרמים,1.00,"ק""ג",true,,19.90,19.9000,true,1,26713
7290000000742,false,פלפל אדום,משתנה,IL,פלפל אדום,קילוגרמים,1.00,"ק""ג",true,,8.90,8.9000,true,1,545
7290000000744,false,פומלה,,,פומלה,קילוגרמים,1.00,"ק""ג",true,,5.90,5.9000,true,1,546
7290000000750,false,צנונית ארוזה,משתנה,IL,צנונית חבילה,יח',1.00,יח',false,,4.90,4.9000,true,1,548
7290000000751,false,שום ברשת,,,צנון,קילוגרמים,1.00,"ק""ג",true,,6.90,6.9000,true,1,549
7290000000753,false,קישוא עגול,משתנה,IL,קישוא עגול,קילוגרמים,1.00,"ק""ג",true,,9.90,9.9000,true,1,550
7290000000754,false,קלמנטינה,משתנה,IL,קלמנטינה,קילוגרמים,1.00,"ק""ג",true,,4.90,4.9000,true,1,551
7290000000755,false,קישואים,משתנה,IL,קישואים,קילוגרמים,1.00,"ק""ג",true,,5.90,5.9000,true,1,552
7290000000756,false,קולורבי,משתנה,IL,קולורבי,קילוגרמים,1.00,"ק""ג",true,,6.90,6.9000,true,1,553
7290000000757,false,קיווי,משתנה,IL,קיווי,קילוגרמים,1.00,"ק""ג",true,,13.90,13.9000,true,1,554
7290000000764,false,אשכולית אדומה,משתנה,IL,אשכולית אדומה,קילוגרמים,1.00,"ק""ג",true,,4.90,4.9000,true,1,555
7290000000775,false,שומר,משתנה,IL,שומר,קילוגרמים,1.00,"ק""ג",true,,6.90,6.9000,true,1,557
7290000000783,false,"תפו""א אדום ארוז",משתנה,IL,"תפו""א אדום ארוז",קילוגרמים,1.00,"ק""ג",true,,4.90,4.9000,true,1,559
7290000000785,false,"תפו""א לבן ארוז",משתנה,IL,"תפו""א לבן ארוז",קילוגרמים,1.00,"ק""ג",true,,3.90,3.9000,true,1,560
7290000000787,false,תפוח עץ חרמון,אראל תוצרת חקלאית בע,IL,"תפו""ע חרמון",קילוגרמים,1.00,"ק""ג",true,,9.90,9.9000,true,1,561
7290000000788,false,תפוח עץ סמיט,משתנה,IL,"תפו""ע סמיט",קילוגרמים,1.00,"ק""ג",true,,9.90,9.9000,true,1,562
7290000000789,false,תירס.,משתנה,IL,תירס,קילוגרמים,1.00,"ק""ג",true,,9.90,9.9000,true,1,563
7290000000790,false,תות שדה,,,תות שדה,יח',1.00,יח',false,,19.90,19.9000,true,1,564
7290000000792,false,תפוח עץ מוזהב,משתנה,IL,"תפו""ע מוזהב",קילוגרמים,1.00,"ק""ג",true,,9.90,9.9000,true,1,566
7290000000797,false,תפוז,משתנה,IL,תפוז גדול,קילוגרמים,1.00,"ק""ג",true,,4.90,4.9000,true,1,567
7290000000803,false,אנונה,משתנה,IL,אנונה,קילוגרמים,1.00,"ק""ג",true,,17.90,17.9000,true,1,22385
7290000000890,false,ראש קוקוס,,,ראש קוקוס,יח',1.00,יח',false,,4.90,4.9000,true,1,19794
7290000000896,false,פלפל שושקה,נסטלה פולין ברים,IL,פלפל רומרו שושקה,קילוגרמים,1.00,"ק""ג",true,,12.90,12.9000,true,1,571
7290000000897,false,תפוח עץ פינק ליידי,משתנה,IL,"תפו""ע פינק ליידי",קילוגרמים,1.00,"ק""ג",true,,15.90,15.9000,true,1,572
7290000000947,false,דלעת ספגטי,משתנה,IL,דלעת ספגטי,קילוגרמים,1.00,"ק""ג",true,,10.90,10.9000,true,1,575
7290000002217,false,מים מינרלים קטן,,,מים מינרלים קטן,יח',1.00,יח',false,,2.50,2.5000,true,1,22211
7290000002220,false,מים מינרלים גדול,,,מים מינרלים גדול,יח',1.00,יח',false,,2.50,2.5000,true,1,22212
7290000003214,false,לימון סיני,,,לימון סיני,קילוגרמים,1.00,"ק""ג",true,,8.90,8.9000,true,1,578
7290000005999,false,שקית גופיה בודד,,,שקית גופיה בודד,00000000000000000יח',1.00,00000000000000000יח',false,,0.10,0.1000,true,1,3541
7290000006550,false,שקית גופיה יוחננוף,,,שקית גופיה יוחננוף,יח',1.00,יח',false,,0.10,0.1000,true,1,3542
7290000006888,false,שום יבש יחידה,משתנה,IL,שום יבש יחידה,יח',1.00,יח',false,,3.90,3.9000,true,1,579
7290000014043,false,לחמניה מאפית 1.5 שח,,,לחמניה מאפית 1.5 שח,יח,1.00,יח,false,,1.50,1.5000,true,1,58088
7290000014050,false,לחמניה מאפית 3.9,,,לחמניה מאפית 3.9,יח,1.00,יח,false,,3.90,3.9000,true,1,59624
7290000014074,false,חלה מאפית,,,חלה מאפית,יח,1.00,יח,false,,10.90,10.9000,true,1,59636
7290000014081,false,מאפים במשקל,,,מאפים במשקל,קילוגרמים,1.00,"ק""ג",true,,42.00,42.0000,true,1,59637
7290000014098,false,בייגלה מאפית בטעמים,,,בייגלה מאפית בטעמים,יח,1.00,יח,false,,3.90,3.9000,true,1,59638
7290000014104,false,מאפים במשקל פרימיום,,,מאפים במשקל פרימיום,קילוגרמים,1.00,"ק""ג",true,,47.00,47.0000,true,1,59639
7290000014128,false,גבטה מאפית,,,גבטה מאפית,יח,1.00,יח,false,,3.90,3.9000,true,1,59640
7290000014258,false,קוקיס בטעמים במשקל,,,קוקיס בטעמים במשקל,קילוגרמים,1.00,"ק""ג",true,,47.00,47.0000,true,1,59625
7290000014265,false,מארז בייגלה 3 יח,,,מארז בייגלה 3 יח,יח,3.00,יח,false,,11.00,3.6667,true,1,59642
7290000014289,false,מאפים במשקל בשקית,,,מאפים במשקל בשקית,קילוגרמים,1.00,"ק""ג",true,,42.00,42.0000,true,1,59655
7290000014364,false,מארז גבטה 3 יח,,,מארז גבטה 3 יח,יח,3.00,יח,false,,11.00,3.6667,true,1,59643
7290000015255,false,חצי באגט 4 יח,,,חצי באגט 4 יח,יחידה,0.00,יחידה,false,,10.90,0.0000,true,1,59645
7290000015354,false,חליות 8 יח,,,חליות 8 יח,יח,8.00,יח,false,,13.90,1.7375,true,1,59646
7290000015521,false,דונטס א.ח נוכרי,,,דונטס א.ח נוכרי,יח,1.00,יח,false,,7.50,7.5000,true,1,59623
7290000021560,false,פחית שתיה קרה,,,פחית שתיה קרה,יח',1.00,יח',false,,6.00,6.0000,true,1,30365
7290000021577,false,בקבוק סודה קטן,,,בקבוק סודה קטן,יח',1.00,יח',false,,4.00,4.0000,true,1,32552
7290000023007,false,"ברנדי שטוק 84 40% 750 מ""ל","יקבי ברקן בע""ם",IL,שטוק,מיליליטרים,750.00,"100 מ""ל",false,,64.90,0.0865,true,1,33905
7290000023083,false,ערק אשקלון 40% בקבוק,"יקבי ברקן בע""מ",IL,ערק אשקלון,מיליליטרים,700.00,"100 מ""ל",false,,49.90,0.0713,true,1,33906
7290000023809,false,"יין ברקן קלאסיק קברנה סובניון 750מ""ל",יקבי ברקן שיווק והפצ,IL,קלאסיק,מיליליטרים,750.00,"100 מ""ל",false,,29.90,0.0399,true,1,33907
7290000023816,false,"יין ברקן קלאסיק אמרלד ריזלינג 750מ""ל",יקבי ברקן שיווק והפצ,IL,קלאסיק,מיליליטרים,750.00,"100 מ""ל",false,,29.90,0.0399,true,1,33908
7290000023847,false,יין שרדונה קלאסיק 750 מל,יקבי ברקן שיווק והפצ,IL,יין קלאסיק שרדונה,מיליליטרים,750.00,"100 מ""ל",false,,29.90,0.0399,true,1,52723
7290000023977,false,"יין ברקן קלאסיק מרלו 750 מ""ל",יקבי ברקן שיווק והפצ,IL,קלאסיק,מיליליטרים,750.00,"100 מ""ל",false,,29.90,0.0399,true,1,33910
7290000024202,false,"יין ברקן רזרב קברנה סובניון 750 מ""ל",ברקן שיווק והפצה בעמ,IL,ספיישל רזרב,מיליליטרים,750.00,"100 מ""ל",false,,36.90,0.0492,true,1,33911
7290000024264,false,"יין ברקן רזרב מרלו 750 מ""ל",כרמי צבי - אחים סגל,IL,ספיישל רזרב,מיליליטרים,750.00,"100 מ""ל",false,,36.90,0.0492,true,1,33912
7290000024561,false,ברקן אסמבלאז' איתן 7,יקבי ברקן,IL,יין אסמבלאז' איתן 20,מיליליטרים,750.00,"100 מ""ל",false,,54.90,0.0732,true,1,52757
7290000024851,false,טונה ירקות במיונז,,,חלת באגט,יח',1.00,יח',false,,7.90,7.9000,true,1,65997
7290000024905,false,וודקה קגלביץ קלאסיקה,"יקבי ברקן בע""מ",IL,קגלביץ,מיליליטרים,700.00,"100 מ""ל",false,,49.90,0.0713,true,1,33914
7290000034560,false,שקית גופיה יוחננוף,,,שקית גופיה יוחננוף,יח',1.00,יח',false,,0.10,0.1000,true,1,3543
7290000036144,false,קונדיטור קורנפלור שק,קרלו,IL,גלעם,גרמים,200.00,100 גרם,false,,3.50,0.0175,true,1,35259
7290000036151,false,קונדיטור קורנפלור 50,גלעם,IL,גלעם,גרמים,500.00,100 גרם,false,,6.90,0.0138,true,1,35260
7290000039152,false,גולש סויה צמחוני במש,,,גולש סויה צמחוני במש,קילוגרמים,1.00,"ק""ג",true,,89.00,89.0000,true,1,67514
7290000039176,false,שווארמה צמחוני במשקל,,,שווארמה צמחוני במשקל,קילוגרמים,1.00,"ק""ג",true,,99.00,99.0000,true,1,67516
7290000039305,false,פילה אמנון מטוגן במש,,,פילה אמנון מטוגן במש,קילוגרמים,1.00,"ק""ג",true,,69.00,69.0000,true,1,68009
7290000040035,false,פרגית עם עצם לתנור,משתנה,IL,פרגית לתנור גורמה,קילוגרמים,1.00,"ק""ג",true,,59.90,59.9000,true,1,23363
7290000040042,false,יוגורט תות %3 גביע 150 ג' יופלה,תנובה בעמ,IL,יופלה,גרמים,150.00,100 גרם,false,,4.80,0.0320,true,1,35027
7290000040066,false,יוגורט דובדבן 3% שומן 150 ג' יופלה,תנובה מרכז שיתופי לש,IL,יופלה,גרמים,150.00,100 גרם,false,,4.80,0.0320,true,1,35028
7290000040080,false,יוגורט אפרסק 3% שומן 150 ג' יופלה,תנובה בעמ,IL,יופלה,גרמים,150.00,100 גרם,false,,4.80,0.0320,true,1,35029
7290000040301,false,"גבינת קולאז קממבר עין גדי 24%, 125 ג'",תנובה מרכז שיתופי לש,IL,קולאז,גרמים,125.00,100 גרם,false,,17.90,0.1432,true,1,35030
7290000040974,false,חלב תנובה קרטון דל לקטוז 2% 1ל,תנובה מרכז שיתופי לש,IL,תנובה,ליטרים,1.00,ליטר,false,,6.80,6.8000,true,1,35033
7290000041407,false,"גיל לבן 3% תנובה 125 מ""ל בד""צ",תנובה מרכז שיתופי לש,IL,תנובה,מיליליטרים,125.00,"100 מ""ל",false,,0.94,0.0075,true,1,35034
7290000041858,false,"שמנת חמוצה 15% יטבתה 200 מ""ל מהדרין",שטראוס גרופ,IL,יטבתה,מיליליטרים,200.00,"100 מ""ל",false,,2.40,0.0120,true,1,34704
7290000041865,false,"לבן 4.5% יטבתה מהדרין 200מ""ל",שטראוס גרופ,IL,יטבתה,גרמים,207.00,100 גרם,false,,2.00,0.0097,true,1,34705
7290000041872,false,"לבן 3% יטבתה 200מ""ל מהדרין",שטראוס גרופ,IL,יטבתה,גרמים,206.00,100 גרם,false,,2.00,0.0097,true,1,34706
7290000042015,false,חלב טרי 3% תנובה שקית 1ל' מהדרין,תנובה מרכז שיתופי לש,IL,תנובה,ליטרים,1.00,ליטר,false,,5.40,5.4000,true,1,35037
7290000042404,false,חלב יוטבתה מועשר 3% שקית 1ל',שטראוס גרופ,IL,יטבתה,ליטרים,1.00,ליטר,false,,5.90,5.9000,true,1,34707
7290000042435,false,חלב דל שומן בקרטון+פקק 1 ליטר 1%,תנובה מרכז שיתופי לש,IL,תנובה,ליטרים,1.00,ליטר,false,,5.80,5.8000,true,1,35042
7290000042640,false,"חלב תנובה עמיד 3% קרטון 250 מ""ל",תנובה מרכז שיתופי לש,IL,תנובה,מיליליטרים,250.00,"100 מ""ל",false,,2.50,0.0100,true,1,35046
7290000042855,false,יוטבתה שוקו שקית 225מל,שטראוס גרופ,IL,יטבתה,מיליליטרים,225.00,"100 מ""ל",false,,2.50,0.0111,true,1,34708
7290000043012,false,"שוקו עמיד 2% בקרטון 250 מ""ל תנובה",תנובה מרכז שיתופי לש,IL,תנובה,מיליליטרים,250.00,"100 מ""ל",false,,4.50,0.0180,true,1,35048
7290000043814,false,"שמנת מתוקה להקצפה 38% 250 מ""ל תנובה",תנובה מרכז שיתופי לש,IL,השף הלבן,מיליליטרים,250.00,"100 מ""ל",false,,6.40,0.0256,true,1,35051
7290000043890,false,רוויון קרטון 1 ליטר %1.5,תנובה מרכז שיתופי לש,IL,רוויון,ליטרים,1.00,ליטר,false,,10.90,10.9000,true,1,35052
7290000043944,false,כד יוגורט תנובה 4% שומן 1.5 ליטר,מיוצר עי קונדיטוריית,IL,תנובה,ליטרים,1.50,ליטר,false,,15.90,10.6000,true,1,35053
7290000044446,false,גבינת עמק 28%,תנובה,IL,עמק,קילוגרמים,1.00,"ק""ג",true,,41.30,41.3000,true,1,18099
7290000044712,false,יוגורט עם תות 1.5% שומן 500 ג' פרילי,מיוצר עי קונדיטוריית,IL,פרילי,גרמים,500.00,100 גרם,false,,9.90,0.0198,true,1,35055
7290000044880,false,באדי יוגורט תות 3% שומן 500 ג' תנובה,מיוצר עי קונדיטוריית,IL,באדי,גרמים,500.00,100 גרם,false,,8.90,0.0178,true,1,35057
7290000045283,false,לחמניות יאמיס 8 יח,,,לחמניות יאמיס 8 יח,יח,8.00,יח,false,,13.90,1.7375,true,1,63657
7290000045573,false,גבינת מותכת משולשים 25% שומן 200 ג' נעמה,תנובה,IL,נעמה,גרמים,200.00,100 גרם,false,,13.90,0.0695,true,1,35058
7290000045580,false,"גבינת מותכת נעמה חורש 25%, 240 ג'",תנובה מרכז שיתופי לש,IL,חורש,גרמים,240.00,100 גרם,false,,16.90,0.0704,true,1,35059
7290000045771,false,יוגורט תנובה כד 3 ליטר 4%,תנובה מרכז שיתופי לש,IL,תנובה,ליטרים,3.00,ליטר,false,,28.90,9.6333,true,1,35060
7290000045917,false,תנובה גבינת פרומעז 23% גלילית 200ג,תנובה,IL,קולאז,גרמים,200.00,100 גרם,false,,24.90,0.1245,true,1,35061
7290000046006,false,גבינה צהובה עמק בלוק,תנובה מרכז שיתופי לש,IL,עמק,קילוגרמים,1.00,"ק""ג",true,,44.79,44.7900,true,1,18108
7290000046020,false,"גבינה גלבוע בלוק ק""ג",תנובה מרכז שיתופי לש,IL,גלבוע,קילוגרמים,1.00,"ק""ג",true,,42.50,42.5000,true,1,47905
7290000046327,false,"גבינת גלבוע פרוס 22%, 200 ג' תנובה",תנובה מרכז שיתופי לש,IL,גלבוע,גרמים,200.00,100 גרם,false,,12.90,0.0645,true,1,35063
7290000046563,false,גבע פרמזן תנובה במשק,תנובה מרכז שיתופי לש,IL,קולאז,קילוגרמים,1.00,"ק""ג",true,,110.00,110.0000,true,1,18117
7290000046662,false,סקנדינבית חריץ מעדני,תנובה מרכז שיתופי לש,IL,עמק,קילוגרמים,1.00,"ק""ג",true,,79.00,79.0000,true,1,18118
7290000047027,false,גבינה גלעד קצקאבל27%,תנובה מרכז שיתופי לש,IL,קולאז,קילוגרמים,1.00,"ק""ג",true,,119.00,119.0000,true,1,18119
7290000047034,false,"גבינה רוקפור גליל ק""",תנובה מרכז שיתופי לש,IL,קולאז,קילוגרמים,1.00,"ק""ג",true,,120.00,120.0000,true,1,18120
7290000047485,false,בולגרית פיראוס 24% ב,תנובה מרכז שיתופי לש,IL,פיראוס,קילוגרמים,1.00,"ק""ג",true,,59.00,59.0000,true,1,47907
7290000047546,false,כנען גבינה לבנה 5% 500 גרם ללא מלח,תנובה מרכז שיתופי לש,IL,השף הלבן,גרמים,500.00,100 גרם,false,,22.90,0.0458,true,1,35066
7290000047621,false,גבינה לבנה רכה 5% תנובה 250ג' מהדרין,תנובה מרכז שיתופי לש,IL,תנובה,גרמים,250.00,100 גרם,false,,4.95,0.0198,true,1,35067
7290000047942,false,**תנובה גבינה לבנה מהדרין 9% 250ג,תנובה מרכז שיתופי לש,IL,תנובה,גרמים,250.00,100 גרם,false,,4.70,0.0188,true,1,35068
7290000048185,false,גבינה לבנה 5% שומן 250 ג' תנובה,מיוצר עי קונדיטוריית,IL,תנובה,גרמים,250.00,100 גרם,false,,4.95,0.0198,true,1,35069
7290000048192,false,גבינה לבנה 9% שומן 250 ג' תנובה,מחלבת אלון תבור,IL,תנובה,גרמים,250.00,100 גרם,false,,4.70,0.0188,true,1,35070
7290000048307,false,גבינת קוטג 5% עם זיתים 250ירוקים גרם,מיוצר עי קונדיטוריית,IL,תנובה,גרמים,250.00,100 גרם,false,,5.70,0.0228,true,1,35071
7290000048413,false,גבינה חמד %16 שקית 250 ג' פיראוס,תנובה מרכז שיתופי לש,IL,פיראוס,גרמים,250.00,100 גרם,false,,17.90,0.0716,true,1,35072
7290000049458,false,גבינת פטה עיזים 16% גביע פיראוס 250 ג',תנובה מרכז שיתופי לש,IL,פיראוס,גרמים,250.00,100 גרם,false,,26.90,0.1076,true,1,35075
7290000050447,false,יוגורט תות 500 ג' יופלה,מיוצר עי קונדיטוריית,IL,יופלה,גרמים,500.00,100 גרם,false,,12.90,0.0258,true,1,35078
7290000051307,false,מארז הפסקת אוכל עם דגני עוגי ומשקה חלב עמיד בטעם וניל,תנובה מרכז שיתופי לש,IL,תנובה,קילוגרמים,1.00,"ק""ג",false,,8.90,8.9000,true,1,35081
7290000051352,false,חלב מלא בטעם של פעם 3.4% תנובה קרטון 1 ל',תנובה מרכז שיתופי לש,IL,תנובה,ליטרים,1.00,ליטר,false,,7.40,7.4000,true,1,35082
7290000051376,false,יופלה דיאט אננס ספורטיבי 0% 150גר,תנובה מרכז שיתופי לש,IL,יופלה,גרמים,150.00,100 גרם,false,,4.80,0.0320,true,1,35083
7290000051710,false,לאבנה 9% עם שמן זית וזעתר 263 ג' פיראוס,"תנובה, מחלבת אלון תב",IL,פיראוס,גרמים,263.00,100 גרם,false,,12.90,0.0490,true,1,35084
7290000052311,false,עמק פרוס בקופסא 200 גר 15% שומן,תנובה מרכז שיתופי לש,IL,תנובה,גרמים,200.00,100 גרם,false,,15.90,0.0795,true,1,35090
7290000052649,false,גבינת לאבנה 5% שומן 500 ג' פיראוס,תנובה מרכז שיתופי לש,IL,פיראוס,גרמים,500.00,100 גרם,false,,18.90,0.0378,true,1,35091
7290000052717,false,קוטג' 5%עם שום שמיר 250 ג' תנובה,מיוצר עי קונדיטוריית,IL,תנובה,גרמים,250.00,100 גרם,false,,5.70,0.0228,true,1,35092
7290000054285,false,שעועית ירוקה ברוטב,,,שעועית ירוקה ברוטב,קילוגרמים,1.00,"ק""ג",true,,45.00,45.0000,true,1,49590
7290000055015,false,גבינת פיראוס פטה כבשים 5% 250 ג' פיראוס,תנובה מרכז שיתופי לש,IL,פיראוס,גרמים,250.00,100 גרם,false,,25.90,0.1036,true,1,35099
7290000055329,false,משקה יוגורט יופלה בטעם תות-מלון 250 גר,תנובה מרכז שיתופי לש,IL,יופלה,גרמים,250.00,100 גרם,false,,4.90,0.0196,true,1,35101
7290000055336,false,משקה יוגורט יופלה בטעם בננה אפרסק 250 גר,תנובה מרכז שיתופי לש,IL,יופלה,גרמים,250.00,100 גרם,false,,4.90,0.0196,true,1,35102
7290000055343,false,משקה יוגורט יופלה בטעם טרופי 250 גר,תנובה מרכז שיתופי לש,IL,יופלה,גרמים,250.00,100 גרם,false,,4.90,0.0196,true,1,35103
7290000055893,false,חמאה משמנת מפוסטרת 200ג' כ.מהדרין,תנובה מרכז שיתופי לש,IL,תנובה,גרמים,200.00,100 גרם,false,,7.80,0.0390,true,1,37325
7290000056715,false,סנדוויץ פרעצל,,,סנדוויץ פרעצל,יח',1.00,יח',false,,3.90,3.9000,true,1,64146
7290000056845,false,חלב טרי 3% הומוגני קרטון 1.5 ל' תנובה,פארייפאבה אגרואינדוס,IL,תנובה,ליטרים,1.50,ליטר,false,,9.30,6.2000,true,1,35108
7290000056883,false,יופלה מאגדת פרי 3% 8 יח' * 150 ג',תנובה מרכז שיתופי לש,IL,יופלה,ליטרים,1.20,ליטר,false,,28.90,24.0833,true,1,35109
7290000056890,false,דיאט יופלה שמינייה טעמים שונים,מיוצר עי קונדיטוריית,IL,יופלה,ליטרים,1.20,ליטר,false,,28.90,24.0833,true,1,35110
7290000056906,false,מאגדת לבן טבעי 1.5% שומן 8 יח' * 150 ג' יופלה,מחלבת אלון תבור,IL,יופלה,ליטרים,1.20,ליטר,false,,16.90,14.0833,true,1,35111
7290000056951,false,שמנת לבישול 15% 500 מל עמיד השף הלבן,תנובה מרכז שיתופי לש,IL,השף הלבן,מיליליטרים,500.00,"100 מ""ל",false,,15.90,0.0318,true,1,35112
7290000057088,false,עמק פרוס דק דק 200 גרם 28%,תנובה מרכז שיתופי לש,IL,תנובה,גרמים,200.00,100 גרם,false,,15.90,0.0795,true,1,35114
7290000057118,false,עמק סמי מעדנייה כשרות מהדרין,תנובה מרכז שיתופי לש,IL,תנובה,גרמים,400.00,100 גרם,false,,20.90,0.0522,true,1,35115
7290000057132,false,יוגורט תנובה טבעי 1.5% גביע 200 גרם,מחלבת אלון תבור,IL,תנובה,גרמים,200.00,100 גרם,false,,3.00,0.0150,true,1,35116
7290000057149,false,יוגורט תנובה טבעי 3% גביע 200 גרם,מיוצר עי קונדיטוריית,IL,תנובה,גרמים,200.00,100 גרם,false,,3.00,0.0150,true,1,35117
7290000057552,false,יופלה דיאט עוגת גבינה ותות 0% גביע 150ג',תנובה בעמ,IL,יופלה,גרמים,150.00,100 גרם,false,,4.80,0.0320,true,1,35119
7290000058030,false,"יופלה שטוזים משקה יוגורט תות 8 יח' * 100 מ""ל",מיוצר עי קונדיטוריית,IL,יופלה,מיליליטרים,800.00,"100 מ""ל",false,,19.90,0.0249,true,1,35120
7290000058047,false,**שף לבן שמנת מתוקה מהדרין 38% פקק 500מ,תנובה מרכז שיתופי לש,IL,השף הלבן,מיליליטרים,500.00,"100 מ""ל",false,,12.80,0.0256,true,1,37331
7290000058467,false,רול שווארמה,,,רול שווארמה,קילוגרמים,1.00,"ק""ג",true,,69.00,69.0000,true,1,11161
7290000058979,false,גיל בטעם תות 3% שומן 125 ג' תנובה,תנובה מרכז שיתופי לש,IL,תנובה,גרמים,125.00,100 גרם,false,,1.30,0.0104,true,1,37335
7290000060071,false,אוסם - חטיפי פריכונים מאורז מלא קלוי 80גר,"מיוצר ע""י PT, משווק",IL,אסם,גרמים,80.00,100 גרם,false,,7.50,0.0938,true,1,32759
7290000060088,false,בייגלה אסם מקלות מלוחים 400 גרם,מיוצר עי קונדיטוריית,IL,אסם,גרמים,400.00,100 גרם,false,,9.90,0.0248,true,1,32760
7290000060200,false,פסטה אסם פתיתים אפויים קוסקוס 500גר,"אסם השקעות בע""מ",IL,אסם,גרמים,500.00,100 גרם,false,,6.90,0.0138,true,1,32763
7290000060217,false,פסטה אסם מקרוני 7 500 גר,פסטה זארה,IT,אסם,גרמים,500.00,100 גרם,false,,5.40,0.0108,true,1,32764
7290000060408,false,פסטה אסם פתיתים אפויים טבעות 500 גר,"אסם השקעות בע""מ",IL,אסם,גרמים,500.00,100 גרם,false,,6.90,0.0138,true,1,32769
7290000060576,false,פסטה אסם פתיתים אפוי כוכב 500גר,"אסם השקעות בע""מ",IL,אסם,גרמים,500.00,100 גרם,false,,6.90,0.0138,true,1,32773
7290000060781,false,פסטה אסם פתיתים מסולסלים 500גר,פסטה זארה,IT,אסם,גרמים,500.00,100 גרם,false,,5.40,0.0108,true,1,32774
7290000060828,false,פסטה קרניים בינוניות (55) 500 גרם,פסטה זארה,IT,אסם,גרמים,500.00,100 גרם,false,,5.40,0.0108,true,1,32775
7290000060842,false,פסטה אסם פתיתים צדפים גדולים 500גר,פסטה זארה,IT,אסם,גרמים,500.00,100 גרם,false,,5.40,0.0108,true,1,32776
7290000060880,false,פסטה מס' 8 ספגטי אסם 500ג',פסטה זארה,IT,אסם,גרמים,500.00,100 גרם,false,,5.40,0.0108,true,1,32778
7290000060903,false,פסטה אסם פתיתים אפויים אורז 500גר,"אסם השקעות בע""מ",IL,אסם,גרמים,500.00,100 גרם,false,,6.90,0.0138,true,1,32779
7290000061061,false,קרקר בצל אסם 250 גרם,"אסם השקעות בע""מ",IL,אסם,גרמים,250.00,100 גרם,false,,9.90,0.0396,true,1,32783
7290000061085,false,"רוטב צילי מתוק 290 מ""ל-בקבוק","אסם השקעות בע""מ",IL,אסם,מיליליטרים,290.00,"100 מ""ל",false,,8.90,0.0307,true,1,32784
7290000061764,false,נסקפה רד מאג טעם חדש 200ג',נסטלה ספרד קפה,ES,NESCAFE,גרמים,200.00,100 גרם,false,,19.90,0.0995,true,1,32789
7290000062129,false,"פודינג אינסטנט טעם וניל 1ק""ג אסם","אסם השקעות בע""מ",IL,אסם,קילוגרמים,1.00,"ק""ג",false,,23.90,23.9000,true,1,32791
7290000063140,false,שקדי מרק רכיבים טבעיים בשקית 400 ג' אסם,"אסם השקעות בע""מ",IL,אסם,גרמים,400.00,100 גרם,false,,9.90,0.0248,true,1,32799
7290000063157,false,"קמח עוגה תופח מאליו 1 ק""ג","אסם השקעות בע""מ",IL,אסם,קילוגרמים,1.00,"ק""ג",false,,8.90,8.9000,true,1,32800
7290000065090,false,מיני קרוטונים למרק ולסלט 400 ג' אסם,עינת תעשיות מזון אגו,IL,אסם,גרמים,400.00,100 גרם,false,,21.90,0.0547,true,1,32808
7290000065557,false,אוסם - מנה חמה קוסקוס עם ירקות 84 גרם,"אסם תעשיות מזון בע""מ",IL,מנה חמה,גרמים,84.00,100 גרם,false,,4.90,0.0583,true,1,32811
7290000065977,false,חטיפי פריכונים תירס שומשום 80 ג' אוסם,"מיוצר ע""י פרח, משווק",IL,אסם,גרמים,80.00,100 גרם,false,,7.50,0.0938,true,1,32816
7290000066134,false,ביסלי בטעם פלאפל 70 גרם,"אסם השקעות בע""מ",IL,ביסלי,גרמים,70.00,100 גרם,false,,3.90,0.0557,true,1,32817
7290000066141,false,ביסלי בטעם גריל 70 גרם,"אסם השקעות בע""מ",IL,ביסלי,גרמים,70.00,100 גרם,false,,3.90,0.0557,true,1,32818
7290000066196,false,ביסלי גדול בטעם גריל 200 ג' אסם,מיוצר עי קונדיטוריית,IL,ביסלי,גרמים,200.00,100 גרם,false,,6.90,0.0345,true,1,32823
7290000066226,false,ביסלי בטעם פיצה 200 ג' אסם,מיוצר עי קונדיטוריית,IL,ביסלי,גרמים,200.00,100 גרם,false,,6.90,0.0345,true,1,32826
7290000066264,false,אוסם - חטיף דובונים 40 גרם,"אסם השקעות בע""מ",IL,דובונים,גרמים,40.00,100 גרם,false,,3.90,0.0975,true,1,32827
7290000066295,false,אסם במבה תות מחומרים טבעיים 30גר,מיוצר עי קונדיטוריית,IL,במבה,גרמים,30.00,100 גרם,false,,2.50,0.0833,true,1,32828
7290000066318,false,במבה קלאסי 40*80גרם,"אסם השקעות בע""מ",IL,במבה,גרמים,80.00,100 גרם,false,,3.90,0.0487,true,1,32829
7290000066332,false,אפרופו חטיף אסם 50ג',מיוצר עי קונדיטוריית,IL,אפרופו,גרמים,50.00,100 גרם,false,,3.90,0.0780,true,1,32830
7290000066349,false,אפרופו גדול אסם 100ג',מיוצר עי קונדיטוריית,IL,אפרופו,גרמים,100.00,100 גרם,false,,7.90,0.0790,true,1,32831
7290000066431,false,פופקו חטיף תירס בטעם חמאה ודבש 80 גרם,מיוצר עי קונדיטוריית,IL,פופקו,גרמים,80.00,100 גרם,false,,4.50,0.0563,true,1,32832
7290000067407,false,פרורית מתובלת בשקית 200 גרם,עינת תעשיות מזון אגו,IL,אסם,גרמים,200.00,100 גרם,false,,5.90,0.0295,true,1,32837
7290000068138,false,אסם פודינג אינסטנט וניל 80 גרם,מיוצר עי קונדיטוריית,IL,אסם,גרמים,80.00,100 גרם,false,,4.90,0.0613,true,1,32845
7290000068190,false,ג'לי תות שדה צבע טבעי 85 ג',מיוצר עי קונדיטוריית,IL,אסם,גרמים,85.00,100 גרם,false,,5.90,0.0694,true,1,32848
7290000068343,false,אוסם - פירכונים מאורז מלא 140 גרם,"מיוצר ע""י PT, משווק",IL,אסם,גרמים,140.00,100 גרם,false,,6.90,0.0493,true,1,32854
7290000068770,false,במבה יום הולדת 80 גרם,"אסם השקעות בע""מ",IL,במבה,גרמים,80.00,100 גרם,false,,3.90,0.0487,true,1,32856
7290000069364,false,פריכונים עגולים אורז דל נתרן אסם 140 גרם,"מיוצר ע""י PT, משווק",IL,אסם,גרמים,140.00,100 גרם,false,,6.90,0.0493,true,1,32860
7290000070308,false,אבקת מרק עוף אמיתי במיכל 400 גרם,"אסם השקעות בע""מ",IL,אסם,גרמים,400.00,100 גרם,false,,16.90,0.0422,true,1,32868
7290000070353,false,אבקת מרק בצל רכיבים טבעיים 400 ג' אסם,"אסם השקעות בע""מ",IL,אסם,גרמים,400.00,100 גרם,false,,23.90,0.0597,true,1,32870
7290000072241,false,"רוטב פיצה 290 מ""ל-בקבוק","אסם השקעות בע""מ",IL,אסם,מיליליטרים,290.00,"100 מ""ל",false,,8.90,0.0307,true,1,32877
7290000072623,false,קטשופ אסם בקבוק לחיץ 750 גרם,"אסם השקעות בע""מ",IL,אסם,גרמים,750.00,100 גרם,false,,8.80,0.0117,true,1,32879
7290000072753,false,קפה טייסטר צ'ויס קפה מגורען 200ג',נסטלה קוריאה - קפה,IL,TASTER'S CHOICE,גרמים,200.00,100 גרם,false,,29.90,0.1495,true,1,32882
7290000072968,false,דגנים סיני מיניס מלחמת הכוכבים 500 גרם,נסטלה פולין דגני בוק,PL,CINI-MINIS,גרמים,500.00,100 גרם,false,,14.80,0.0296,true,1,32886
7290000073750,false,מנה חמה נודלס אטר+ירקות טעם עוף 70 גרם,טאי רזידנט,TH,מנה חמה,גרמים,70.00,100 גרם,false,,4.90,0.0700,true,1,32889
7290000074184,false,אוסם - פתי בר בינוני 500 גרם,"אסם השקעות בע""מ",IL,אסם,גרמים,500.00,100 גרם,false,,9.90,0.0198,true,1,32894
7290000074245,false,אוסם - קרם קרקר אסם 250 גרם,"אסם השקעות בע""מ",IL,אסם,גרמים,250.00,100 גרם,false,,8.90,0.0356,true,1,32895
7290000074276,false,קרקר פיקנטי טבעון 250 ג' אסם,"אסם השקעות בע""מ",IL,אסם,גרמים,250.00,100 גרם,false,,9.90,0.0396,true,1,32897
7290000074375,false,אוסם - קרקר זהב 150 גרם,"אסם השקעות בע""מ",IL,אסם,גרמים,150.00,100 גרם,false,,6.90,0.0460,true,1,32900
7290000074481,false,לחמית אגוזים אסם 160 ג',"אסם השקעות בע""מ",IL,לחמית,גרמים,160.00,100 גרם,false,,9.90,0.0619,true,1,32901
7290000074696,false,אסם קרם קרקר 4*1קג ח,"אסם השקעות בע""מ",IL,אסם,קילוגרמים,1.00,"ק""ג",false,,22.90,22.9000,true,1,32902
7290000074764,false,קרקר זהב אסם 900 גרם,אסם תעשיות,IL,אסם,גרמים,900.00,100 גרם,false,,26.90,0.0299,true,1,32906
7290000075204,false,אוסם - לחמית חיטה מלאה 250 גרם,"אסם השקעות בע""מ",IL,לחמית,גרמים,250.00,100 גרם,false,,7.90,0.0316,true,1,32909
7290000075693,false,עוגת הבית שמרים בריוש שוקולד 360ג',מיוצר עי קונדיטוריית,IL,הבית,גרמים,350.00,100 גרם,false,,14.90,0.0426,true,1,32910
7290000076133,false,בייגלה שמיניות קטנות 400 גרם אסם,"אסם השקעות בע""מ",IL,אסם,גרמים,400.00,100 גרם,false,,9.90,0.0248,true,1,32912
7290000076645,false,אוסם - טוסטעים חיטה מלאה 100 גרם,ון דר מולן האלום,NL,אסם,גרמים,100.00,100 גרם,false,,9.90,0.0990,true,1,32914
7290000077017,false,עוגיות קרמוגית וקרם שוקולד אסם 200 גרם,מיוצר עי קונדיטוריית,IL,אסם,גרמים,200.00,100 גרם,false,,9.90,0.0495,true,1,32915
7290000077253,false,אוסם - לחמית כפרית עם דגנים מלאים 190 גרם,"אסם השקעות בע""מ",IL,לחמית,גרמים,190.00,100 גרם,false,,9.90,0.0521,true,1,32916
7290000078762,false,אוסם - חטיפי פריכונים מאורז מלא בטעם דבש 80גר,סנורייס בלגיום אן. ו,BE,אסם,גרמים,80.00,100 גרם,false,,7.50,0.0938,true,1,32919
7290000080765,false,טוסטעים פת קלויה עם שומשום 100 ג' אוסם,ון דר מולן האלום,NL,אסם,גרמים,100.00,100 גרם,false,,9.90,0.0990,true,1,32926
7290000081663,false,בייגלה אסם טבעות שומשום 300 גרם,מיוצר עי קונדיטוריית,IL,אסם,גרמים,300.00,100 גרם,false,,9.90,0.0330,true,1,32928
7290000089188,false,פומפדיתא מיוחד לקידוש 1 ליטר,אליעז בנימינה,IL,בנימינה,ליטרים,1.00,ליטר,false,,17.90,17.9000,true,1,34533
7290000094649,false,מים מינרלים אישי,,,מים מינרלים אישי,יח',1.00,יח',false,,5.00,5.0000,true,1,208
7290000094755,false,שתיה בקבוק אישי,,,שתיה בקבוק אישי,יח',1.00,יח',false,,7.00,7.0000,true,1,212
7290000100128,false,פירות קפואים תות סנפרוסט 300 ג',"סנפרוסט בע""מ",IL,סנפרוסט,גרמים,300.00,100 גרם,false,,12.90,0.0430,true,1,37746
7290000100593,false,פרוסות אנטיפסטי לתנור סנפורסט 600 ג',"סנפרוסט בע""מ",IL,סנפרוסט,גרמים,600.00,100 גרם,false,,15.90,0.0265,true,1,55858
7290000100609,false,קוביות אנטי פסטי להקפצה סנפורסט 600 ג',"סנפרוסט בע""מ",IL,סנפרוסט,גרמים,600.00,100 גרם,false,,15.90,0.0265,true,1,55859
7290000101114,false,תרומה לבית אלמוג שיל,,,תרומה לבית אלמוג שיל,יח',1.00,יח',false,,10.00,10.0000,true,1,22231
7290000101132,false,לקט קטניות לחמין סנפרוסט 800 גר,"סנפרוסט בע""מ",IL,סנפרוסט,גרמים,800.00,100 גרם,false,,21.90,0.0274,true,1,35593
7290000101927,false,אוכמניות כחולות מוקפאות סנפרוסט 300 גרם,"איי, בי, אינבוו",IL,סנפרוסט,גרמים,300.00,100 גרם,false,,12.90,0.0430,true,1,35596
7290000101934,false,מיקס פירות יער מוקפאות 300 ג' סנפרוסט,"סנפרוסט בע""מ",IL,סנפרוסט,גרמים,300.00,100 גרם,false,,12.90,0.0430,true,1,35597
7290000101941,false,אננס חתוך מוקפא סנפרוסט 300ג',"סנפרוסט בע""מ",IL,סנפרוסט,גרמים,300.00,100 גרם,false,,12.90,0.0430,true,1,35598
7290000101958,false,מנגו חתוך מוקפא סנפרוסט 300ג',"סנפרוסט בע""מ",IL,סנפרוסט,גרמים,300.00,100 גרם,false,,12.90,0.0430,true,1,35599
7290000103365,false,מרק ירקות 550 ג' סנפרוסט,"איי, בי, אינבוו",IL,סנפרוסט,גרמים,550.00,100 גרם,false,,16.90,0.0307,true,1,37748
7290000103433,false,לקט ירקות סנפרוסט לתנור 800 גר,"איי, בי, אינבוו",IL,סנפרוסט,גרמים,800.00,100 גרם,false,,16.90,0.0211,true,1,35602
7290000103839,false,מרק כתום קפוא 570 ג' סנפרוסט,"סנפרוסט בע""מ",IL,סנפרוסט,גרמים,570.00,100 גרם,false,,16.90,0.0296,true,1,35611
7290000103860,false,מרק עדשים קפוא 570 ג' סנפרוסט,"איי, בי, אינבוו",IL,סנפרוסט,גרמים,570.00,100 גרם,false,,16.90,0.0296,true,1,37756
7290000103877,false,מרק שעועית קפוא 640 ג' סנפרוסט,"סנפרוסט בע""מ",IL,סנפרוסט,גרמים,640.00,100 גרם,false,,16.90,0.0264,true,1,35612
7290000104072,false,עדשים ירוקות מבושלות מוקפאות 800 ג' סנפרוסט,"איי, בי, אינבוו",IL,סנפרוסט,גרמים,800.00,100 גרם,false,,19.90,0.0249,true,1,35613
7290000104188,false,שעועית אדומה מבושלת סנפרוסט 800 גרם,"סנפרוסט בע""מ",IL,סנפרוסט,גרמים,800.00,100 גרם,false,,18.90,0.0236,true,1,37757
7290000104201,false,אפונה עדינה סנפרוסט 600 גרם,"איי, בי, אינבוו",IL,סנפרוסט,גרמים,600.00,100 גרם,false,,16.90,0.0282,true,1,35614
7290000104218,false,סנפרוסט במיה 600 גרם,"איי, בי, אינבוו",IL,סנפרוסט,גרמים,600.00,100 גרם,false,,15.90,0.0265,true,1,35615
7290000104683,false,שעועית ירוקה שלמה 800 גר סנפרוסט,"סנפרוסט בע""מ",IL,סנפרוסט,גרמים,800.00,100 גרם,false,,19.90,0.0249,true,1,35619
7290000104690,false,תירס גרעינים 800 גרם סנפרוסט,"איי, בי, אינבוו",IL,סנפרוסט,גרמים,800.00,100 גרם,false,,17.90,0.0224,true,1,35620
7290000104706,false,גזר גמדי 800 גרם סנפרוסט,"סנפרוסט בע""מ",IL,סנפרוסט,גרמים,800.00,100 גרם,false,,16.90,0.0211,true,1,35621
7290000104713,false,פול ירוק 800 גר סנפרוסט,"איי, בי, אינבוו",IL,סנפרוסט,גרמים,800.00,100 גרם,false,,20.90,0.0261,true,1,35622
7290000104720,false,שעועית ירוקה חתוכה 800גר סנפרוסט,"סנפרוסט בע""מ",IL,סנפרוסט,גרמים,800.00,100 גרם,false,,16.90,0.0211,true,1,35623
7290000104737,false,שעועית צהובה חתוכה סנפרוסט 800גר,"סנפרוסט בע""מ",IL,סנפרוסט,גרמים,800.00,100 גרם,false,,17.90,0.0224,true,1,35624
7290000104744,false,כרובית 800 גר סנפרוסט,"סנפרוסט בע""מ",IL,סנפרוסט,גרמים,800.00,100 גרם,false,,23.90,0.0299,true,1,35625
7290000104751,false,כרוב ניצנים סנפרוסט 800 גרם,"איי, בי, אינבוו",IL,סנפרוסט,גרמים,800.00,100 גרם,false,,16.90,0.0211,true,1,35626
7290000104775,false,מדליוני תרד 800 גר סנפרוסט,"איי, בי, אינבוו",IL,סנפרוסט,גרמים,800.00,100 גרם,false,,23.90,0.0299,true,1,35628
7290000104799,false,שעועית לבנה מבושלת סנפרוסט 800גר,"איי, בי, אינבוו",IL,סנפרוסט,גרמים,800.00,100 גרם,false,,14.90,0.0186,true,1,35629
7290000104805,false,גרגירי חומוס קפוא 800 ג' סנפרוסט,"איי, בי, אינבוו",IL,סנפרוסט,גרמים,800.00,100 גרם,false,,18.90,0.0236,true,1,35630
7290000104829,false,"קלחוני תירס 1 ק""ג סנפרוסט","סנפרוסט בע""מ",IL,סנפרוסט,קילוגרמים,1.00,"ק""ג",false,,19.90,19.9000,true,1,35631
7290000104836,false,שעועית עדינה שלמה 600 גר סנפרוסט,"סנפרוסט בע""מ",IL,סנפרוסט,גרמים,600.00,100 גרם,false,,17.90,0.0298,true,1,35632
7290000104874,false,ירקות לקוסקוס של אמא סנפרוסט 800ג',"סנפרוסט בע""מ",IL,סנפרוסט,גרמים,800.00,100 גרם,false,,16.90,0.0211,true,1,35633
7290000104881,false,אפונה וגזר קפוא סנפרוסט 800ג',"איי, בי, אינבוו",IL,סנפרוסט,גרמים,800.00,100 גרם,false,,14.90,0.0186,true,1,35634
7290000104911,false,לקט נורמנדי 800 גר סנפרוסט,"איי, בי, אינבוו",IL,סנפרוסט,גרמים,800.00,100 גרם,false,,16.90,0.0211,true,1,35636
7290000105307,false,סנדוויץ רוסטיק 4 יח',,,סנדוויץ רוסטיק 4 יח',יח',4.00,יח',false,,13.90,3.4750,true,1,69506
7290000106526,false,ירקות מעורבים מוקפאים חגיגה ירוקה להקפצה,"איי, בי, אינבוו",IL,סנפרוסט,גרמים,800.00,100 גרם,false,,22.90,0.0286,true,1,53024
7290000107189,false,תחתיות ארטישוק 400 גרם סנפרוסט,"איי, בי, אינבוו",IL,סנפרוסט,גרמים,400.00,100 גרם,false,,20.90,0.0522,true,1,35638
7290000107295,false,תפרחות ברוקולי סנפרוסט 800 ג',"איי, בי, אינבוו",IL,סנפרוסט,גרמים,800.00,100 גרם,false,,24.90,0.0311,true,1,35639
7290000107615,false,ירקות ואננס להקפצה מנה אסייתית צבעונית ועשירה,"איי, בי, אינבוו",IL,סנפרוסט,גרמים,800.00,100 גרם,false,,22.90,0.0286,true,1,53025
7290000111186,false,מיונז תלמה 500 גרם-צנצנת,יוניליוור ישראל מזון,IL,TELMA,גרמים,500.00,100 גרם,false,,8.90,0.0178,true,1,17296
7290000111224,false,פאל מאל כחול בודד,BAT,TR,פאל מאל,יח',20.00,יח',false,,29.60,1.4800,true,1,26843
7290000111226,false,פאל מאל אדום ארוך בו,BAT,TR,פאל מאל,יח',20.00,יח',false,,29.60,1.4800,true,1,26866
7290000111227,false,פאל מאל ס.ס כחול בוד,BAT,TR,פאל מאל,יח',20.00,יח',false,,29.60,1.4800,true,1,26867
7290000111229,false,נקסט אורגינל בודד,פיליפ מוריס,TR,NEXT,יח',20.00,יח',false,,29.60,1.4800,true,1,26890
7290000111230,false,נקסט פיין טייסט בודד,פיליפ מוריס,TR,NEXT,יח',20.00,יח',false,,29.60,1.4800,true,1,26891
7290000111231,false,נקסט פיין טייסט 100,פיליפ מוריס,TR,NEXT,יח',20.00,יח',false,,29.60,1.4800,true,1,26892
7290000111235,false,מרלבורו גולד קצר בוד,פיליפ מוריס,TR,Marlboro,יח',20.00,יח',false,,35.10,1.7550,true,1,26896
7290000111236,false,מרלבורו רד קצר בודד,פיליפ מוריס,TR,Marlboro,יח',20.00,יח',false,,35.10,1.7550,true,1,26897
7290000111241,false,וינסטון כחול בודד,JTI,CH,winston,יח',20.00,יח',false,,32.90,1.6450,true,1,26902
7290000111244,false,וינסטון קוד בודד,JTI,CH,winston,יח',20.00,יח',false,,30.70,1.5350,true,1,26905
7290000111246,false,ל.מ בלו קצר,פיליפ מוריס,TR,l&m,יח',20.00,יח',false,,30.70,1.5350,true,1,26907
7290000111251,false,פרלמנט בלו ארוך בודד,פיליפ מוריס,TR,Parliament,יח',20.00,יח',false,,40.60,2.0300,true,1,26912
7290000111252,false,פרלמנט קצר בודד,פיליפ מוריס,TR,Parliament,יח',20.00,יח',false,,40.60,2.0300,true,1,26913
7290000111256,false,פאל מאל כחול ארוך,BAT,TR,פאל מאל,יח',20.00,יח',false,,29.60,1.4800,true,1,26916
7290000111257,false,קנט קצר בודד,BAT,TR,kent,יח',20.00,יח',false,,37.30,1.8650,true,1,26917
7290000111259,false,סיגריות טיים בודד,דובק,IL,time,יח',20.00,יח',false,,29.60,1.4800,true,1,26919
7290000111262,false,סיגריות כאמל בודד,JTI,CH,כאמל,יח',20.00,יח',false,,30.70,1.5350,true,1,26921
7290000111263,false,כאמל כחול בודד,JTI,CH,כאמל,יח',20.00,יח',false,,30.70,1.5350,true,1,26922
7290000111265,false,גולף ארוך בודד,דובק,IL,גולף,יח',20.00,יח',false,,30.70,1.5350,true,1,26924
7290000111271,false,אל די כחול בודד,JTI,TR,אל די,יח',20.00,יח',false,,27.50,1.3750,true,1,26930
7290000111273,false,ל.מ קפסולה,פיליפ מוריס,TR,l&m,יח',20.00,יח',false,,30.70,1.5350,true,1,26932
7290000111279,false,"מרלבורו טאץ' 5 מ""ג",פיליפ מוריס,TR,Marlboro,גרמים,5.00,100 גרם,false,,30.70,6.1400,true,1,26937
7290000111281,false,סיגריות רויאל אדום ב,דובק,IL,רויאל,יח',20.00,יח',false,,25.30,1.2650,true,1,26939
7290000111282,false,סיגריות רויאל כחול ב,דובק,IL,רויאל,יח',20.00,יח',false,,25.30,1.2650,true,1,26940
7290000112220,false,בארכה טחינה 100% שומשום 500 גרם,רושדי תעשיות מזון בע,IL,טחינה בארכה 500 גרם,גרמים,500.00,100 גרם,false,,13.90,0.0278,true,1,32929
7290000121031,false,גבינה מותכת 14% למריחה 120ג' החתול,שלושת האופים,IL,מון בלאן,גרמים,120.00,100 גרם,false,,8.90,0.0742,true,1,34269
7290000121079,false,גבינה מון בלאן 9% שום שמיר 120ג',שלושת האופים,IL,מון בלאן,גרמים,120.00,100 גרם,false,,8.90,0.0742,true,1,34271
7290000121093,false,גבינה מון בלאן שוצרית 120 גרם,האי נאם סי או אל.טי.,IL,מון בלאן,גרמים,120.00,100 גרם,false,,8.90,0.0742,true,1,34272
7290000121109,false,"גבינת מון בלאן זיתים, 120 ג'",האי נאם סי או אל.טי.,IL,מון בלאן,גרמים,120.00,100 גרם,false,,8.90,0.0742,true,1,34273
7290000121154,false,"גבינת מון בלאן סלמון, 120 ג'",האי נאם סי או אל.טי.,IL,מון בלאן,גרמים,120.00,100 גרם,false,,8.90,0.0742,true,1,34274
7290000129457,false,אבקת רוטב פטריות קנור 28 ג' שקית,יוניליוור ישראל מזון,IL,KNORR,גרמים,28.00,100 גרם,false,,3.90,0.1393,true,1,17367
7290000131009,false,בצק פילו שחף 500 גרם,מאפית אריאל,,בצק פילו 500 גרם,גרמים,500.00,100 גרם,false,,14.90,0.0298,true,1,34388
7290000131023,false,"בצק עלים שחף 1 ק""ג.",,,"בצק עלים 1 ק""ג",קילוגרמים,1.00,"ק""ג",false,,11.90,11.9000,true,1,37127
7290000131122,false,"בצק עלים שחף 1.5 ק""ג",יושלם,,"בצק עלים 1.5 ק""ג",קילוגרמים,1.50,"ק""ג",false,,16.90,11.2667,true,1,34389
7290000133645,false,אורביטול משחת שיניים סודה שלישיה* 145 ג',טרופיקל דגיל קוסמטיק,IL,אורביטול,גרמים,435.00,100 גרם,false,,15.90,0.0366,true,1,33383
7290000133904,false,"סנו דואופרש פסיפלורה ותפוז 300 מ""ל",סנו,IL,דואופרש,מיליליטרים,300.00,"100 מ""ל",false,,10.90,0.0363,true,1,33385
7290000134147,false,טעם וריח מוסקט טחון מיכל 40גר,"תבליני טעם וריח בע""מ",IL,"תבליני טעם וריח בע""מ",גרמים,40.00,100 גרם,false,,12.90,0.3225,true,1,35410
7290000134307,false,תבלין קינמון טחון 50 גר',"תבליני טעם וריח בע""מ",IL,"תבליני טעם וריח בע""מ",גרמים,50.00,100 גרם,false,,5.90,0.1180,true,1,35411
7290000134314,false,תבלין תיבול לפיצה 120 ג',"תבליני טעם וריח בע""מ",IL,"תבליני טעם וריח בע""מ",גרמים,120.00,100 גרם,false,,9.90,0.0825,true,1,35412
7290000134338,false,תבלין אבקת שום טעם ו,"תבליני טעם וריח בע""מ",IL,"תבליני טעם וריח בע""מ",גרמים,90.00,100 גרם,false,,9.90,0.1100,true,1,35413
7290000134352,false,תבלין קינמון טחון 90 גר',"תבליני טעם וריח בע""מ",IL,"תבליני טעם וריח בע""מ",גרמים,80.00,100 גרם,false,,9.90,0.1238,true,1,35414
7290000134376,false,תבלין פפריקה בשמן 90 גר',"תבליני טעם וריח בע""מ",IL,"תבליני טעם וריח בע""מ",גרמים,90.00,100 גרם,false,,9.90,0.1100,true,1,35415
7290000134673,false,תבלין זנגביל טעם ורי,"תבליני טעם וריח בע""מ",IL,"תבליני טעם וריח בע""מ",גרמים,30.00,100 גרם,false,,6.90,0.2300,true,1,35418
7290000134758,false,"תבלין תיבול לתפו""א 100 ג'","תבליני טעם וריח בע""מ",IL,"תבליני טעם וריח בע""מ",גרמים,100.00,100 גרם,false,,9.90,0.0990,true,1,35420
7290000134826,false,תבלין זעתר מעורב 100 גר',"תבליני טעם וריח בע""מ",IL,"תבליני טעם וריח בע""מ",גרמים,100.00,100 גרם,false,,9.90,0.0990,true,1,35421
7290000134833,false,תבלין כמון טחון 100 גר',"תבליני טעם וריח בע""מ",IL,"תבליני טעם וריח בע""מ",גרמים,100.00,100 גרם,false,,9.90,0.0990,true,1,35422
7290000134840,false,תבלין כורכום טחון 100 גר',"תבליני טעם וריח בע""מ",IL,"תבליני טעם וריח בע""מ",גרמים,100.00,100 גרם,false,,9.90,0.0990,true,1,35423
7290000134857,false,תבלין פפריקה מתוקה 100 גר',"תבליני טעם וריח בע""מ",IL,"תבליני טעם וריח בע""מ",גרמים,100.00,100 גרם,false,,9.90,0.0990,true,1,35424
7290000134864,false,תבלין פפריקה חריפה 100 גר',"תבליני טעם וריח בע""מ",IL,"תבליני טעם וריח בע""מ",גרמים,100.00,100 גרם,false,,9.90,0.0990,true,1,35425
7290000134871,false,תבלין פלפל שחור טחון 100 גר',"תבליני טעם וריח בע""מ",IL,"תבליני טעם וריח בע""מ",גרמים,90.00,100 גרם,false,,12.90,0.1433,true,1,35426
7290000134970,false,תבלין חוואייג טעם ור,"תבליני טעם וריח בע""מ",IL,"תבליני טעם וריח בע""מ",גרמים,100.00,100 גרם,false,,9.90,0.0990,true,1,35427
7290000134987,false,תבלין פלפל שחור גרוס 90 גר',"תבליני טעם וריח בע""מ",IL,"תבליני טעם וריח בע""מ",גרמים,90.00,100 גרם,false,,12.90,0.1433,true,1,35428
7290000135045,false,"XL TEN משקה אנרגיה פתוח ללא סוכר 250 מ""ל","טמפו משקאות בע""מ",IL,XL,מיליליטרים,250.00,"100 מ""ל",false,,3.80,0.0152,true,1,52039
7290000135311,false,פפסי מקס ליים 1.5 ליטר בודד,"טמפו משקאות בע""מ",IL,פפסי מקס,ליטרים,1.50,ליטר,false,,6.90,4.6000,true,1,58165
7290000135595,false,פפסי מקס בטעם דובדבן 1.5 ליטר,"איי, בי, אינבוו",IL,פפסי מקס דובדבן 1.5,ליטרים,1.50,ליטר,false,,6.90,4.6000,true,1,68534
7290000136141,false,משקה בטעם קולה 1.5ל' פפסי,פפסי Pepsi,IL,פפסי קולה 1.5 ליטר,ליטרים,1.50,ליטר,false,,7.40,4.9333,true,1,63899
7290000136158,false,פפסי מקס 1.5 ליטר פיקדון,פפסי Pepsi,IL,פפסי מקס 1.5 ליטר,ליטרים,1.50,ליטר,false,,6.90,4.6000,true,1,63906
7290000136165,false,מירינדה בקבוק 1.5 לי,מירינדה Mirinda,IL,מירנדה 1.5 ליטר,ליטרים,1.50,ליטר,false,,7.40,4.9333,true,1,63900
7290000136172,false,סבן אפ בקבוק 1.5 ליט,סבן אפ 7up,IL,סבן אפ 1.5 ליטר,ליטרים,1.50,ליטר,false,,7.40,4.9333,true,1,63901
7290000136189,false,דיאט סבן אפ 1.5 ליטר FREE,סבן אפ 7up,IL,סבן אפ דיאט 1.5 ליטר,ליטרים,1.50,ליטר,false,,7.40,4.9333,true,1,63902
7290000136240,false,סודה 1.5 ליטר שישייה בודד,טמפו 7.5%,IL,סודה 1.5 ליטר,ליטרים,1.50,ליטר,false,,2.90,1.9333,true,1,63894
7290000136264,false,מי טוניק גזוז 1.5 ל' טמפו,טמפו 7.5%,IL,מי טוניק 1.5 ליטר,ליטרים,1.50,ליטר,false,,8.90,5.9333,true,1,63875
7290000136288,false,סירופ בטעם תפוחים סיידר הגליל JUICER,סיידר הגליל,IL,סיידר,מיליליטרים,330.00,"100 מ""ל",false,,11.90,0.0361,true,1,69322
7290000136295,false,סירופ בטעם פטל סיידר הגליל JUICER,סיידר הגליל,IL,סיידר,מיליליטרים,330.00,"100 מ""ל",false,,11.90,0.0361,true,1,69323
7290000136431,false,משקה בטעם אפרסק צלול תריסר 1.5 ל' ג'אמפ,טמפו 7.5%,IL,ג'אמפ,ליטרים,1.50,ליטר,false,,7.50,5.0000,true,1,63881
7290000136486,false,משקה בטעם אשכוליות דיאט תריסר 1.5 ל' ג'אמפ,טמפו 7.5%,IL,ג'אמפ,ליטרים,1.50,ליטר,false,,7.50,5.0000,true,1,63883
7290000136516,false,משקה בטעם מנגו פסיפלורה תריסר 1.5 ל' ג'אמפ,טמפו 7.5%,IL,ג'אמפ,ליטרים,1.50,ליטר,false,,7.50,5.0000,true,1,63876
7290000136523,false,משקה בטעם ענבים תריסר 1.5 ל' ג'אמפ,טמפו 7.5%,IL,ג'אמפ,ליטרים,1.50,ליטר,false,,7.50,5.0000,true,1,63884
7290000136561,false,משקה בטעם תות בננה תריסר 1.5 ל' ג'אמפ,טמפו 7.5%,IL,ג'אמפ,ליטרים,1.50,ליטר,false,,7.50,5.0000,true,1,63885
7290000136585,false,משקה בטעם תפוזים תריסר 1.5 ל' ג'אמפ,טמפו 7.5%,IL,ג'אמפ,ליטרים,1.50,ליטר,false,,7.50,5.0000,true,1,63886
7290000136653,false,משקה מאלט דיאט תריסר 1.5 ל' נשר,טמפו 7.5%,IL,נשר מאלט דיאט 1.5 ל,ליטרים,1.50,ליטר,false,,8.90,5.9333,true,1,63878
7290000136776,false,שישיית פפסי מקס דל קלוריות 1.5 ליטר,פפסי Pepsi,IL,פפסי מקס שישייה 1.5,ליטרים,9.00,ליטר,false,,35.90,3.9889,true,1,63904
7290000136790,false,מארז סודה שישייה 1.5 ל' טמפו,טמפו 7.5%,IL,סודה 1.5 ליטר שישייה,ליטרים,9.00,ליטר,false,,16.70,1.8556,true,1,63893
7290000136820,false,סודה בטעם פירות יער מארז ריבעיה * 1.5 ל' טמפו,טמפו 7.5%,IL,רביעיית סודה פירות י,ליטרים,6.00,ליטר,false,,11.10,1.8500,true,1,63897
7290000136844,false,מארז מים מזוככים אקווה נובה שישיית 2 ליטר,אקווה נובה Aqua Nova,IL,אקווה נובה,ליטרים,12.00,ליטר,false,,11.70,0.9750,true,1,63873
7290000136868,false,שישיית מים מינרלים סאן בנדטו,סאן בנדטו San Benedetto,IL,סאן בנדטו,ליטרים,9.00,ליטר,false,,18.90,2.1000,true,1,63879
7290000136875,false,מארז מים מינרלים מוגז 6* 1.5 ל' סאן בנדטו,סאן בנדטו San Benedetto,IL,סאן בנדטו,ליטרים,9.00,ליטר,false,,18.90,2.1000,true,1,63880
7290000137643,false,מאגדת שלגוני טעמקור 8 יח' שטראוס,"גלידת שטראוס בע""מ, ר",IL,שטראוס,גרמים,400.00,100 גרם,false,,37.90,0.0947,true,1,33202
7290000139104,false,שלווה מתוקה 230 גרם בשקית,"אשב""ל בע""מ",IL,אשבול,גרמים,230.00,100 גרם,false,,7.90,0.0343,true,1,33135
7290000139227,false,דגן תירס תפוח מתוק 150 גרם,אשבול בעמ,IL,אשבול,גרמים,150.00,100 גרם,false,,7.90,0.0527,true,1,64014
7290000144160,false,"שמן זית כתית מעולה מודגש""עץ-הזית"" 750 מ""ל","מרקאולאו, ספרד.אבסה,",IL,עץ הזית,מיליליטרים,750.00,"100 מ""ל",false,,29.90,0.0399,true,1,34808
7290000144467,false,שמן חמניות מועשר בנוגדי חמצון 1 ל' עץ הזית,"נארז ע""י : א.ג. גילר",GR,עץ הזית,ליטרים,1.00,ליטר,false,,13.90,13.9000,true,1,34809
7290000144474,false,שמן עץ הזית קנולה 1 ליטר בריאות מהטבע,שמן תעשיות,EE,עץ הזית,ליטרים,1.00,ליטר,false,,14.90,14.9000,true,1,34810
7290000145266,false,אוזני המן במשקל,,,אוזני המן במשקל,קילוגרמים,1.00,"ק""ג",true,,28.00,28.0000,true,1,60266
7290000146645,false,הוואי - סבון מוצק שחור מסתורי 100 גרם רביעייה,טרופיקל דגיל קוסמטיק,IL,הוואי,גרמים,400.00,100 גרם,false,,12.90,0.0323,true,1,33070
7290000146669,false,הוואי - סבון מוצק שמיים כחולים 100 גרם רביעייה,טרופיקל דגיל קוסמטיק,IL,הוואי,גרמים,400.00,100 גרם,false,,12.90,0.0323,true,1,33072
7290000146676,false,הוואי - סבון מוצק לגבר 100 גרם רביעייה,טרופיקל דגיל קוסמטיק,IL,הוואי,מיליליטרים,400.00,"100 מ""ל",false,,12.90,0.0323,true,1,33073
7290000146683,false,הוואי - סבון מוצק אפקט דאודורנט 100 גרם רביעייה,טרופיקל דגיל קוסמטיק,IL,הוואי,יח',4.00,יח',false,,12.90,3.2250,true,1,33074
7290000146928,false,"טום וגרי משחת שיניים בטעם ענבים 50 מ""ל",טרופיקל דגיל קוסמטיק,IL,טום וגרי,מיליליטרים,50.00,"100 מ""ל",false,,9.90,0.1980,true,1,33076
7290000146997,false,"טום וג'רי - משחת שיניים מסטיק 50 מ""ל",טרופיקל דגיל קוסמטיק,IL,טום וגרי,מיליליטרים,50.00,"100 מ""ל",false,,9.90,0.1980,true,1,33077
7290000148489,false,גרעיני דלעת קליית גת שקית 200 גרם,"ג'י אנד ג'י בע""מ",IL,קליית גת,גרמים,200.00,100 גרם,false,,8.90,0.0445,true,1,34101
7290000148748,false,גרעיני חמניה שקית קליית גת 200 גרם,"ג'י אנד ג'י בע""מ",IL,קליית גת,גרמים,200.00,100 גרם,false,,5.90,0.0295,true,1,34103
7290000149615,false,נקה 7 סבון מוצק לתינוק רביעיה * 100 ג',גליל כימיקלים בעממשו,IL,נקה 7,גרמים,400.00,100 גרם,false,,10.90,0.0273,true,1,33386
7290000149851,false,סינטבון סבון מארז 460X2ג',יבואן ומשווק: ש. שסט,IL,סינטבון,גרמים,460.00,100 גרם,false,,9.50,0.0207,true,1,33387
7290000149905,false,טקסטיל שמפו לכביסה ביד 1 ליטר,מיוצר עי קונדיטוריית,IL,טקסטיל,ליטרים,1.00,ליטר,false,,13.90,13.9000,true,1,33388
7290000149943,false,טקסטיל שמפו לכביסה ביד שקית 1 ליטר,סנו,IL,טקסטיל,ליטרים,1.00,ליטר,false,,13.90,13.9000,true,1,33389
7290000152288,false,עוף טוב נקניקיות עוף מיס לוסי 400 גרם,מוצרי עוף טוב (2001),IL,עוף טוב,גרמים,400.00,100 גרם,false,,9.90,0.0248,true,1,32935
7290000170053,false,שוקולד פרה חלב 100 גרם,"תופינית בע""מ",IL,עלית,גרמים,100.00,100 גרם,false,,5.90,0.0590,true,1,34426
7290000174723,false,שוקולית אבקה להכנת משקה שוקו 500 גרם,הנסיך- מפעל לייצור ט,IL,עלית,גרמים,500.00,100 גרם,false,,11.90,0.0238,true,1,34432
7290000176062,false,קפה עלית טורקי 100 גרם,שטראוס קפה בי.וי.,IL,עלית,גרמים,100.00,100 גרם,false,,8.90,0.0890,true,1,34434
7290000176079,false,קפה עלית טורקי עם הל 100 גרם,הנסיך- מפעל לייצור ט,IL,עלית,גרמים,100.00,100 גרם,false,,8.90,0.0890,true,1,34435
7290000176116,false,"קפה טורקי עלית וואקום 1 ק""ג",הנסיך- מפעל לייצור ט,IL,עלית,קילוגרמים,1.00,"ק""ג",false,,76.90,76.9000,true,1,37171
7290000176147,false,קפה מוקה קלוי מס1 עלית 500ג',ELITE CAFE SP. ZO.O,PL,עלית,גרמים,500.00,100 גרם,false,,49.90,0.0998,true,1,34437
7290000176413,false,קפה נמס עלית 50 גרם,הנסיך- מפעל לייצור ט,IL,עלית,גרמים,50.00,100 גרם,false,,8.90,0.1780,true,1,34439
7290000176420,false,קפה נמס אבקתי 200ג עלית,שטראוס קפה בי.וי,IL,עלית,גרמים,200.00,100 גרם,false,,19.90,0.0995,true,1,34440
7290000176468,false,קפה נמס נטול קפאין 50 ג' קפה האג,"איי, בי, אינבוו",IL,האג,גרמים,50.00,100 גרם,false,,10.90,0.2180,true,1,34441
7290000176475,false,קפה נמס האג נטול קפאין 200 ג',שטראוס גרופ,IL,האג,גרמים,200.00,100 גרם,false,,34.90,0.1745,true,1,34442
7290000178707,false,תפוצ'יפס טבעי 50 גרם,"שטראוס פריטו ליי בע""",IL,עלית,גרמים,50.00,100 גרם,false,,3.50,0.0700,true,1,34517
7290000178721,false,תפוציפס מלוח 200 גרם,"שטראוס פריטו ליי בע""",IL,עלית,גרמים,200.00,100 גרם,false,,9.90,0.0495,true,1,34518
7290000180212,false,שוקולוד פרה מריר אגוזים 100ג' עלית,"שטראוס גרופ בע""מ",IL,עלית,גרמים,100.00,100 גרם,false,,5.90,0.0590,true,1,34448
7290000185330,false,סילאן טבעי תמר כנרת 900 גר,טעמי הגליל,IL,*מבצע* סילאן טבעי תמ,גרמים,900.00,100 גרם,false,,21.90,0.0243,true,1,67243
7290000185590,false,סילאן טבעי בבקבוק לחיץ 650 גרם,חצר כינרת מוצרי תמר,IL,*מבצע* סילאן טבעי בב,גרמים,635.00,100 גרם,false,,17.90,0.0282,true,1,61914
7290000186030,false,מארז רביעייה מגבוני בתחליב וויטמין E האגיס,קימברלי קלארק,GB,האגיס,יח',224.00,יח',false,,24.90,0.1112,true,1,49454
7290000186535,false,נייר טואלט טריו לבן 32 גלילים לילי,קימברלי קלארק ישראל,IL,לילי,מטרים,537.00,מטר,false,,38.90,0.0724,true,1,36740
7290000186931,false,ניקול כריות קרצוף חתוכות 12 יח',UFO,US,ניקול,יח',12.00,יח',false,,9.90,0.8250,true,1,33762
7290000187952,false,נייר טואלט טריו לילי פרימיום 32גליל,קימברלי קלארק,IL,לילי,מטרים,537.00,מטר,false,,38.90,0.0724,true,1,33767
7290000188355,false,מגבות מטבח ניקול לבנה שישייה,קימברלי-קלארק,IL,ניקול,מטרים,64.80,מטר,false,,10.90,0.1682,true,1,33769
7290000189079,false,"ניקול תבניות אינגליש חזקות ועבות מארז, 7 יח'",בראבו,CN,ניקול,יח',6.00,יח',false,,9.90,1.6500,true,1,33776
7290000189116,false,ניקול תבניות אלומניום עגולות 5 יח',בראבו,CN,ניקול,יח',5.00,יח',false,,9.90,1.9800,true,1,33777
7290000189482,false,ניקול תבנית אפייה מקרטון מרובעת 4יח',"דוקארט בעמ, קיבוץ כפ",IL,ניקול,יח',4.00,יח',false,,9.90,2.4750,true,1,33784
7290000189499,false,ניקול תבנית אפייה מקרטון עגולה 3 יח',"דוקארט בעמ, קיבוץ כפ",IL,ניקול,יח',3.00,יח',false,,9.90,3.3000,true,1,33785
7290000189598,false,מטליות לחות חד פעמיות לניקוי כללי 50 יח' ניקול,עלבד משואות יצחק בעמ,IL,ניקול,יח',50.00,יח',false,,9.90,0.1980,true,1,33788
7290000189734,false,מטליות לחות לפרקט 10יח' ניקול,עלבד משואות יצחק בעמ,IL,ניקול,יח',10.00,יח',false,,11.90,1.1900,true,1,33790
7290000190150,false,מפיות נייר מודפסות 3 שכבות ניקול 20 יח',PALOMA,SI,מפיות ניקול מודפס 20,יח',20.00,יח',false,,5.90,0.2950,true,1,33793
7290000190198,false,מטליות לניקוי וחיטוי חדרי שירותים ואמבטיה,עלבד משואות יצחק בעמ,IL,ניקול,יח',50.00,יח',false,,9.90,0.1980,true,1,33795
7290000193014,false,פדיות אינטרלוד מגיני יום לילי 50יח',חוגלה קימברלי,CZ,אינטרלוד,יח',50.00,יח',false,,9.90,0.1980,true,1,33802
7290000193076,false,שלישיית מטליות לריצפה ניקול,עופרטקס,IL,ניקול,יח',3.00,יח',false,,9.90,3.3000,true,1,33803
7290000193083,false,לילי - תחבושות נובה לי 28 יח',חוגלה קימברלי,CZ,נובה לי,יח',28.00,יח',false,,9.90,0.3536,true,1,33804
7290000193205,false,לילי תחבושות נטורל לילה 20 יח',Ontex,BE,לילי נטורל,יח',20.00,יח',false,,15.90,0.7950,true,1,33805
7290000193472,false,לילי מגני תחתון נטורל נורמל 60 יח',חוגלה קימברלי,IL,מגן תחתון לילי,יח',62.00,יח',false,,15.90,0.2565,true,1,33806
7290000193540,false,לילי אינטימייט מגן תחתון לונג 52יח',חוגלה קימברלי,IL,לילי פדיות,יח',52.00,יח',false,,15.90,0.3058,true,1,33807
7290000193649,false,לילי תחבושות נטורל אולטרה סופר 24 יח',Ontex,IL,לילי תחבושת בודד,יח',24.00,יח',false,,15.90,0.6625,true,1,33809
7290000193656,false,לילי תחבושות נטורל אולטרה סופר פלוס 24 יח',Ontex,IL,לילי תחבושת בודד,יח',24.00,יח',false,,15.90,0.6625,true,1,33810
7290000193793,false,לילי תחבושות אינטימי נורמל אולט' 24 יח',Ontex,BE,לילי נטורל,יח',20.00,יח',false,,15.90,0.7950,true,1,54500
7290000195537,false,האגיס - מגבוני האגיס דיילי קר לא מבושם 64 יח' * 4,חוגלה קימברלי,IL,האגיס,יח',256.00,יח',false,,18.90,0.0738,true,1,33814
7290000195773,false,האגיס - מגבוני האגיס סנסטיב קר לא מבושם 64 יח' * 4,חוגלה קימברלי,IL,האגיס,יח',288.00,יח',false,,18.90,0.0656,true,1,33816
7290000196039,false,"מפות שולחן איריס ח""פ ניקול 2 יח'",דיספובד,IL,ניקול,יח',2.00,יח',false,,9.90,4.9500,true,1,33817
7290000197029,false,ניקול שקיות ניילון ריצרץ לאחסון 12יח',קילת,IL,ניקול,יח',12.00,יח',false,,12.90,1.0750,true,1,33819
7290000197425,false,האגיס פרידום דריי שלב 3 54 יחידות,קימברלי קלארק ישראל,IL,האגיס פרידום דריי שלב 3,יח',52.00,יח',false,,41.90,0.8058,true,1,33828
7290000197456,false,האגיס פרידום דריי שלב 4 44 יחידות,קימברלי קלארק ישראל,IL,האגיס פרידום דריי שלב 4,יח',44.00,יח',false,,41.90,0.9523,true,1,33830
7290000197463,false,האגיס פרידום דריי שלב 4+ 42 יחידות,קימברלי קלארק ישראל,IL,האגיס פרידום דריי שלב +4,יח',40.00,יח',false,,41.90,1.0475,true,1,33831
7290000197548,false,האגיס פרידום דריי שלב 5 38 יחידות,קימברלי קלארק ישראל,IL,האגיס פרידום דריי שלב 5,יח',36.00,יח',false,,41.90,1.1639,true,1,33833
7290000197678,false,האגיס פרידום דריי שלב 6 34 יחידות,קימברלי קלארק ישראל,IL,האגיס פרידום דריי שלב 6,יח',30.00,יח',false,,41.90,1.3967,true,1,33835
7290000197876,false,ניקול תבנית אלומיניום 4 יח' 2 מכסים,פאלאס,CN,ניקול,יח',4.00,יח',false,,8.90,2.2250,true,1,33837
7290000197883,false,ניקול תבניות אלומיניום 4יח',ארץ ייצור: סין,CN,ניקול,יח',5.00,יח',false,,8.90,1.7800,true,1,33838
7290000197951,false,ניקול תבנית אלומיניום ענק 3 יח',פאלאס,IL,ניקול,יח',3.00,יח',false,,8.90,2.9667,true,1,33839
7290000201849,false,טיטולים פרימיום שלב 4 42 יח' (8-14),חוגלה קימברלי,IL,טיטולים פרימיום שלב 4 42,יח',40.00,יח',false,,29.90,0.7475,true,1,33845
7290000201856,false,טיטולים פרימיום שלב 4+ 40 יח' (10-16),חוגלה קימברלי,IL,טיטולים פרימיום שלב 4+ 40,יח',38.00,יח',false,,29.90,0.7868,true,1,33846
7290000201863,false,טיטולים פרימיום שלב 5 34 יח',חוגלה קימברלי,IL,טיטולים פרימיום שלב 5 36,יח',34.00,יח',false,,29.90,0.8794,true,1,33847
7290000201870,false,טיטולים פרימיום שלב 6 30 יח',חוגלה קימברלי,IL,טיטולים פרימיום שלב 6 34,יח',30.00,יח',false,,29.90,0.9967,true,1,33848
7290000204086,false,ניקול כרית קרצוף מארז שלישייה,חוגלה קימברלי,US,ניקול,יח',3.00,יח',false,,9.90,3.3000,true,1,33850
7290000204147,false,ניקול כריות יפניות 2 ב 1 רביעייה,פלסטו פוליש (ברקן),IL,ניקול,יח',4.00,יח',false,,9.90,2.4750,true,1,33851
7290000204215,false,ניקול כריות יפניות 6 יח',פלסטו פוליש (ברקן),IL,ניקול,יח',8.00,יח',false,,9.90,1.2375,true,1,33852
7290000204253,false,מטליות ניקול רב שימושיות 9יח',נועם אורים-קיבוץ אור,IL,ניקול,יח',9.00,יח',false,,9.90,1.1000,true,1,33854
7290000204512,false,מטליות לחות לרצפה בניחוח לימון 10 יח' ניקול,עלבד משואות יצחק בעמ,IL,ניקול,יח',10.00,יח',false,,9.90,0.9900,true,1,33856
7290000204611,false,ספוגית הקסם ניקול שישייה,UFO INC,US,ניקול,יח',6.00,יח',false,,9.90,1.6500,true,1,33857
7290000205762,false,חיתולי האגיס אקסטרה קייר מידה 3 48 יח',חוגלה קימברלי,IL,האגיס,יח',48.00,יח',false,,46.90,0.9771,true,1,33858
7290000205915,false,חיתולי האגיס אקסטרה קייר מידה 4 40יח,חוגלה קימברלי,IL,האגיס,יח',40.00,יח',false,,46.90,1.1725,true,1,33859
7290000207063,false,רסק עגבניות פריכוז 28% 240 גרם יכין,היינץ צפון אמריקה מק,IL,רסק עגבניות 260 גרם,גרמים,240.00,100 גרם,false,,4.90,0.0204,true,1,33753
7290000207162,false,רוטב עגבניות מרכיב טבעי 100 ג' יכין,"זנלכל בע""מ",IL,רסק עגבניות 100 גרם,גרמים,100.00,100 גרם,false,,2.50,0.0250,true,1,33754
7290000207438,false,עגבניות 2.5 A קוביות 850 גרם יכין,"זנלכל בע""מ",IL,עגבניות קוביות יכין 800 ג,גרמים,800.00,100 גרם,false,,9.90,0.0124,true,1,49821
7290000208008,false,רסק פלפל חריף חריסה A2 יכין 550 ג',"זנלכל בע""מ",IL,חריסה,גרמים,570.00,100 גרם,false,,9.50,0.0167,true,1,49815
7290000208022,false,עגבניות מרוסקות פריכוז 800 ג' יכין,"זנלכל בע""מ",IL,עגבניות מרוסקות יכין,גרמים,800.00,100 גרם,false,,9.90,0.0124,true,1,49822
7290000208077,false,אפונת גינה רגילה 550 גרם יכין,"זנלכל בע""מ",IL,אפונה גדולה 550 גרם,גרמים,550.00,100 גרם,false,,8.50,0.0155,true,1,49823
7290000208114,false,"אפונה וגזר יכין A2 פ""ק בית יוסף","זנלכל בע""מ",IL,אפונה וגזר יכין 550 גרם,גרמים,550.00,100 גרם,false,,8.50,0.0155,true,1,49825
7290000208138,false,סירופ ענבים דיאט 1 ליטר יכין,"זנלכל בע""מ",IL,סירופ דיאט ענבים 1 ל,מיליליטרים,1000.00,"100 מ""ל",false,,16.90,0.0169,true,1,49901
7290000208145,false,גרעיני תירס מתוק לייט 550 גרם יכין,"זנלכל בע""מ",IL,תירס לייט יכין 550 ג,גרמים,550.00,100 גרם,false,,9.90,0.0180,true,1,49817
7290000208213,false,שעועית לבנה אפויה A2 ברוטב עגבניות יכין 560ג',היינץ צפון אמריקה מק,IL,שעועית אפויה יכין 580 גרם,גרמים,580.00,100 גרם,false,,8.90,0.0153,true,1,49835
7290000208220,false,"שעועית צ'לי יכין פ""ק A2 בית יוסף",היינץ צפון אמריקה מק,IL,שעועית צילי חריפה,גרמים,580.00,100 גרם,false,,9.90,0.0171,true,1,49836
7290000208244,false,"בסיס לשקשוקה יכין A2 פ""ק בית יוסף","זנלכל בע""מ",IL,רוטב שקשוקה יכין 570,גרמים,570.00,100 גרם,false,,9.50,0.0167,true,1,49816
7290000208251,false,שעועית ירוקה יכין A2 בית יוסף,"זנלכל בע""מ",IL,שעועית ירוקה יכין,גרמים,550.00,100 גרם,false,,9.90,0.0180,true,1,49838
7290000208268,false,שעועית צהובה א-2. יכין 550 ג',"זנלכל בע""מ",IL,שעועית צהובה יכין,גרמים,550.00,100 גרם,false,,9.90,0.0180,true,1,49839
7290000208312,false,גרעיני תירס מתוק בואקום יכין 400 גר',"זנלכל בע""מ",IL,תירס מתוק יכין 400 ג,גרמים,400.00,100 גרם,false,,6.50,0.0163,true,1,49818
7290000208329,false,גרעיני תירס מתוק 550 גרם יכין,"זנלכל בע""מ",IL,תירס יכין 550 גרם,גרמים,550.00,100 גרם,false,,8.50,0.0155,true,1,33755
7290000208336,false,רסק יכין 240גר 22% יכין בית יוסף,"זנלכל בע""מ",IL,רסק עגבניות 260 גרם,גרמים,240.00,100 גרם,false,,4.50,0.0188,true,1,33756
7290000208343,false,עגבניות מרוסקות שום יכין A2.5 בית יוסף,היינץ צפון אמריקה מק,IL,עגבניות מרוסקות עם שום 80,גרמים,800.00,100 גרם,false,,9.90,0.0124,true,1,49829
7290000208404,false,A2 פול מצרי 550 גרם יכין,"זנלכל בע""מ",IL,פול 550 גרם,גרמים,550.00,100 גרם,false,,8.90,0.0162,true,1,49840
7290000208428,false,גרגרי חומוס שלם 550 גרם יכין,"זנלכל בע""מ",IL,חומוס 550 גרם,גרמים,550.00,100 גרם,false,,8.90,0.0162,true,1,33757
7290000208459,false,"לקט ירקות יכין פ""ק A2 בית יוסף","זנלכל בע""מ",IL,"לקט תפו""א יכין 550 ג",גרמים,550.00,100 גרם,false,,9.90,0.0180,true,1,49841
7290000208800,false,גרעיני תירס מתוק לילדים 400 גרם יכין,זנלכל,IL,*מבצע* תירס ואקום קי,גרמים,400.00,100 גרם,false,,5.90,0.0148,true,1,49826
7290000208855,false,רוטב לפסטה קלאסי 240 גרם יכין,"זנלכל בע""מ",IL,רוטב פסטה 260 גרם,גרמים,240.00,100 גרם,false,,5.50,0.0229,true,1,49846
7290000208893,false,גרעיני תירס מתוק לייט 400 גרם יכין,היינץ צפון אמריקה מק,IL,תירס לייט יכין 400 ג,גרמים,400.00,100 גרם,false,,6.50,0.0163,true,1,49827
7290000208930,false,עגבניות מרוסקות בתוספת שום 240 גרם יכין,"זנלכל בע""מ",IL,רוטב פסטה 260 גרם,גרמים,240.00,100 גרם,false,,5.50,0.0229,true,1,49847
7290000209012,false,חומץ הדרים 5% יכין 1,"זנלכל בע""מ",IL,חומץ הדרים 1 ליטר,ליטרים,1.00,ליטר,false,,6.90,6.9000,true,1,33758
7290000209043,false,מיץ לימון משומר 1 ל' יכין,היינץ צפון אמריקה מק,IL,מיץ לימון משומר 1 ליטר,ליטרים,1.00,ליטר,false,,6.90,6.9000,true,1,33759
7290000209173,false,חומץ סינטטי יכין 1 ל',זנלכל,IL,חומצה אצטית 5% יכין,מיליליטרים,1000.00,"100 מ""ל",false,,4.90,0.0049,true,1,49859
7290000209371,false,שלישיית תירס יכין 165 גר OZ 6,היינץ צפון אמריקה מק,IL,מארז שלישיית תירס מת,גרמים,600.00,100 גרם,false,,14.90,0.0248,true,1,49873
7290000209388,false,תירס גרגרים לייט וואקום מארז 60X3ג',זנלכל,IL,תירס לייט יכין 200*3,גרמים,600.00,100 גרם,false,,14.90,0.0248,true,1,49874
7290000209524,false,ססירופ דיאט פטל יכין 1 ליטר,זנלכל,IL,סירופ דיאט פטל 1 ליטר,ליטרים,1.00,ליטר,false,,16.90,16.9000,true,1,49902
7290000209555,false,סירופ דיאט תפוח עץ יכין 1 ליטר,זנלכל,IL,סירופ דיאט תפוחים 1,מיליליטרים,1000.00,"100 מ""ל",false,,16.90,0.0169,true,1,49903
7290000209579,false,סירופ דיאט אננס 1 ל' יכין,"זנלכל בע""מ",IL,סירופ דיאט אננס 1 לי,מיליליטרים,1000.00,"100 מ""ל",false,,16.90,0.0169,true,1,49904
7290000209708,false,עגבניות מרוסקות עם בזיליקום 240 גרם יכין,היינץ צפון אמריקה מק,IL,רוטב פסטה 260 גרם,גרמים,240.00,100 גרם,false,,5.50,0.0229,true,1,49849
7290000209722,false,רסק עגבניות 28% פריכוז 580 גרם יכין,"זנלכל בע""מ",IL,פריכוז עגבניות 580 גרם,גרמים,580.00,100 גרם,false,,9.90,0.0171,true,1,35713
7290000209906,false,עגבניות מרוסקות בתוספת בצל 240 גרם יכין,זנלכל,IL,רוטב פסטה 260 גרם,גרמים,240.00,100 גרם,false,,5.50,0.0229,true,1,49850
7290000209913,false,עגבניות חתוכות לקוביות 240 גרם יכין,"זנלכל בע""מ",IL,רוטב פסטה 260 גרם,גרמים,240.00,100 גרם,false,,5.50,0.0229,true,1,49851
7290000209944,false,רוטב לעגבניות בסיס לשקשוקה 240 ג' יכין,"זנלכל בע""מ",IL,רוטב שקשוקה 260 גרם,גרמים,240.00,100 גרם,false,,5.50,0.0229,true,1,49852
7290000209951,false,רוטב עגבניות לפיצה 260 גרם יכין,"זנלכל בע""מ",IL,רוטב פיצה 260 גרם,גרמים,240.00,100 גרם,false,,5.50,0.0229,true,1,49853
7290000209968,false,רוטב עגבניות ללזניה יכין 240 גרם,"זנלכל בע""מ",IL,רוטב לזניה 260 גרם,גרמים,240.00,100 גרם,false,,5.50,0.0229,true,1,49854
7290000210896,false,רוטב לפסטה בולונז 240 גרם יכין,"זנלכל בע""מ",IL,רוטב פסטה בולונז 260 גרם,גרמים,240.00,100 גרם,false,,5.50,0.0229,true,1,33761
7290000211169,false,"אורז תאילנדי אחד אחד סוגת 1 ק""ג",האי נאם סי או אל.טי.,IL,סוגת,קילוגרמים,1.00,"ק""ג",false,,6.90,6.9000,true,1,32577
7290000211312,false,סוגת אורז מלא פרסי אחד אחד 1 קג,האי נאם סי או אל.טי.,IL,סוגת,קילוגרמים,1.00,"ק""ג",false,,6.90,6.9000,true,1,32578
7290000211374,false,קמח חיטה מלא סוגת 1,טחנת קמח דגן-שטיבל,IL,סוגת,קילוגרמים,1.00,"ק""ג",false,,6.90,6.9000,true,1,32579
7290000211381,false,"סוכר חום כהה בשקית סוגת 1 ק""ג","טונגט היולט שוגר בע""",ZA,סוגת,קילוגרמים,1.00,"ק""ג",false,,10.90,10.9000,true,1,32580
7290000211442,false,"סוגת אורז פרסי קלאסי שקית 1 ק""ג",האי נאם סי או אל.טי.,IL,סוגת,קילוגרמים,1.00,"ק""ג",false,,10.90,10.9000,true,1,32581
7290000211503,false,סוכר לבן ארוז בשקית,"סוגת תעשיות בע""מ",IL,סוגת,קילוגרמים,1.00,"ק""ג",false,,3.90,3.9000,true,1,32582
7290000211626,false,"סוגת אורז חיש 1 ק""ג",סוגת תעשיות,IL,"אורז חיש 1 ק""ג",קילוגרמים,1.00,"ק""ג",false,,7.90,7.9000,true,1,32583
7290000211985,false,"אורז ריזוטו עגול סוגת 1 ק""ג","סוגת תעשיות בע""מ",IL,סוגת,קילוגרמים,1.00,"ק""ג",false,,12.90,12.9000,true,1,32584
7290000212272,false,"וופל חגיגה מנעמים 1ק""ג",,,"ופלים בטעם שוקו 1 ק""",קילוגרמים,1.00,"ק""ג",false,,15.90,15.9000,true,1,67300
7290000212401,false,וופל מצופית מנעמים 400ג',,,מצופים שוקו 400,גרמים,400.00,100 גרם,false,,8.90,0.0223,true,1,34822
7290000214115,false,מרק עוף צנצנת 400 גרם-ויטה,"פרי הגליל בע""""מ",IL,ויטה,גרמים,400.00,100 גרם,false,,11.90,0.0298,true,1,34534
7290000222363,false,לחמניות 4 יח,,,לחמניות 4 יח,יח,4.00,יח,false,,13.90,3.4750,true,1,60206
7290000226514,false,עוגת דובוש ריבת חלב 400 גר',קריניציה ויטמינה אס,IL,עוגת דובוש ריבת חלב,גרמים,450.00,100 גרם,false,,39.90,0.0887,true,1,37831
7290000226545,false,קפולסקי עוגת טורט היער השחור,קפולסקי שיווק וקמעונ,IL,קפולסקי,קילוגרמים,1.10,"ק""ג",false,,64.90,59.0000,true,1,37832
7290000226552,false,קפולסקי עוגת טורט ריבת חלב+ קוקוס קפוא,קפולסקי שיווק וקמעונ,IL,קפולסקי,קילוגרמים,1.10,"ק""ג",false,,64.90,59.0000,true,1,37833
7290000226569,false,קפולסקי עוגת טורט קצפת שוקולד,קפולסקי שיווק וקמעונ,IL,קפולסקי,קילוגרמים,1.00,"ק""ג",false,,64.90,64.9000,true,1,37834
7290000226576,false,קפולסקי עוגת טורט מצופה שוקולד,קפולסקי שיווק וקמעונ,IL,קפולסקי,קילוגרמים,1.00,"ק""ג",false,,64.90,64.9000,true,1,37835
7290000226613,false,עוגות דובוש מצופה שוקולד 400 גר',קפולסקי שיווק וקמעונ,IL,קפולסקי,גרמים,500.00,100 גרם,false,,39.90,0.0798,true,1,37837
7290000231785,false,מארז פחיות קוקה קולה,,,מארז פחיות קוקה קולה,ליטרים,4.95,ליטר,false,,34.90,7.0505,true,1,64994
7290000238029,false,"בצק עלים צרפתי מרודד מעדנות 1ק""ג",מיוצר עי קונדיטוריית,IL,מעדנות,קילוגרמים,1.00,"ק""ג",false,,15.90,15.9000,true,1,35565
7290000238036,false,מלווח עגול מעדנות 700 ג',מיוצר עי קונדיטוריית,IL,מעדנות,גרמים,700.00,100 גרם,false,,12.90,0.0184,true,1,35566
7290000238173,false,מעדנות בורקס גבינה 800גר,מיוצר עי קונדיטוריית,IL,מעדנות,גרמים,800.00,100 גרם,false,,16.90,0.0211,true,1,35567
7290000238180,false,בורקס תפוחי אדמה מעדנות 800ג',מיוצר עי קונדיטוריית,IL,מעדנות,גרמים,800.00,100 גרם,false,,16.90,0.0211,true,1,35568
7290000244761,false,קרם ידיים וולוטה 80 גרם,טרופיקל דגיל קוסמטיק,IL,הוואי,מיליליטרים,100.00,"100 מ""ל",false,,6.90,0.0690,true,1,33081
7290000245072,false,סוד מרכך לכביסה סופט בייבי 4 ל',"הנקל סוד בע""מ",IL,הנקל סוד,ליטרים,4.00,ליטר,false,,16.90,4.2250,true,1,35506
7290000245270,false,"פרסיל אבקת כביסה סופרא 1.250 ק""ג","הנקל סוד בע""מ",IL,הנקל סוד,קילוגרמים,1.25,"ק""ג",false,,14.90,11.9200,true,1,35509
7290000245287,false,"פרסיל אבקת כביסה 1.250 ק""ג קולור ויניגר","הנקל סוד בע""מ",IL,הנקל סוד,קילוגרמים,1.25,"ק""ג",false,,14.90,11.9200,true,1,35510
7290000245478,false,"אבקת כביסה לבגדי תינוקות 1.25 ק""ג סוד","הנקל סוד בע""מ",IL,הנקל סוד,קילוגרמים,1.25,"ק""ג",false,,12.90,10.3200,true,1,35511
7290000245508,false,"אב.כביסה סוד פרפקט 1.25ק""ג-שקית כחולה","הנקל סוד בע""מ",IL,הנקל סוד,קילוגרמים,1.25,"ק""ג",false,,12.90,10.3200,true,1,35512
7290000245515,false,"א.כ סוד קומפקט ביואקטיב פרפריום 1.25 ק""ג","הנקל סוד בע""מ",IL,הנקל סוד,קילוגרמים,1.25,"ק""ג",false,,12.90,10.3200,true,1,35513
7290000245539,false,"קומפקט סוד 1.250 ק""ג קולור לכביסה צבעונית","הנקל סוד בע""מ",IL,הנקל סוד,קילוגרמים,1.25,"ק""ג",false,,12.90,10.3200,true,1,35514
7290000253220,false,שוקולד צ'יפס חום אופנהיימר 260 גר',אופנהיימר,IL,אופנהיימר,גרמים,300.00,100 גרם,false,,10.90,0.0363,true,1,32714
7290000253251,false,שוקולד צ'יפס לבן אופנהיימר 250 גרם,אופנהיימר,IL,אופנהיימר,גרמים,250.00,100 גרם,false,,10.90,0.0436,true,1,32715
7290000253374,false,מיני שוקולד צ'יפס - נטיפי שוקולד מריר,אופנהיימר,IL,מיני שוקולד צ'יפס 66,גרמים,250.00,100 גרם,false,,14.90,0.0596,true,1,61606
7290000262239,false,נייר טואלט מולט 48 גליל,חוגלה קימברלי,IL,מולט,מטרים,844.00,מטר,false,,39.90,0.0473,true,1,33862
7290000262413,false,חיתולי האגיס אקסטרה קייר מידה 5 34יח,חוגלה קימברלי,IL,האגיס,יח',34.00,יח',false,,46.90,1.3794,true,1,33863
7290000263359,false,האגיס - פיור נטורל שלב 1 ניו בורן 40 יח',קימברלי קלארק שיווק,IL,האגיס,יח',40.00,יח',false,,29.90,0.7475,true,1,33867
7290000267036,false,שקדים משובבים השף 100 ג',"דין שיווק וקלייה בע""",IL,השף,גרמים,100.00,100 גרם,false,,9.90,0.0990,true,1,32686
7290000267043,false,שקד מולבן פרוס 100 גרם,"דין שיווק וקלייה בע""",IL,השף,גרמים,100.00,100 גרם,false,,9.90,0.0990,true,1,32687
7290000267050,false,שקד מולבן טחון 100 גרם,"דין שיווק וקלייה בע""",IL,השף,גרמים,100.00,100 גרם,false,,9.90,0.0990,true,1,32688
7290000267104,false,שקד מולבן גרוס/מרוסק 100 גרם,"דין שיווק וקלייה בע""",IL,השף,גרמים,100.00,100 גרם,false,,9.90,0.0990,true,1,32689
7290000267500,false,קליפות הדר מצופות בשוקולד 200 גרם,"דין שיווק וקלייה בע""",IL,שקדיה,גרמים,200.00,100 גרם,false,,11.90,0.0595,true,1,32691
7290000267548,false,אגוזי מלך גרוסים 100 ג',"דין שיווק וקלייה בע""",IL,השף,גרמים,100.00,100 גרם,false,,9.90,0.0990,true,1,32692
7290000267586,false,גרעייני חמניה קלופים 150 גר,"דין שיווק וקלייה בע""",US,השף,גרמים,150.00,100 גרם,false,,4.90,0.0327,true,1,32694
7290000272696,false,עסיס מיץ לימון טבעי משומר 1 ל' אסם,בית-השיטה עסיס תעשיו,IL,עסיס,ליטרים,1.00,ליטר,false,,8.90,8.9000,true,1,32954
7290000284316,false,קוקה קולה 1.5 ליטר,קוקה קולה ישראל,IL,קוקה קולה,ליטרים,1.50,ליטר,false,,8.60,5.7333,true,1,33324
7290000286228,false,כרית קרצוף לכלים סנו סושי 6יח',סנו מפעלי ברונו בעמ,IL,סנו סושי,יח',6.00,יח',false,,9.90,1.6500,true,1,33392
7290000286525,false,כיף ספוג לרחצה פרינה,קוסמופארם,IL,כיף,יח',1.00,יח',false,,9.90,9.9000,true,1,33394
7290000286549,false,סנו סושי מטליות לניקוי כללי 9 יח',נועם אורים תעשיות בע,IL,סנו סושי,יח',9.00,יח',false,,9.90,1.1000,true,1,33395
7290000286631,false,"סנו אבקה לניקוי ומירוק בריח לימון 600 מ""ל",סנו,IL,סנו,גרמים,600.00,100 גרם,false,,6.90,0.0115,true,1,33397
7290000286761,false,ניילון נצמד סנו סושי פלסטיק מארז 30X2 מ',מיוצר עי קונדיטוריית,CN,סנו סושי,מטרים,60.00,מטר,false,,9.90,0.1650,true,1,33398
7290000286877,false,סנו רב לניקוי מתכת,סנו,IL,סנו,מיליליטרים,300.00,"100 מ""ל",false,,24.90,0.0830,true,1,33399
7290000286907,false,סנו מסיר כתמים באירו,סנו מפעלי ברונוס בעמ,IL,סנו,מיליליטרים,170.00,"100 מ""ל",false,,24.90,0.1465,true,1,33400
7290000286921,false,"סנוקל רסס וכבס 750 מ""ל",סנו מפעלי ברונוס בעמ,IL,סנו,מיליליטרים,750.00,"100 מ""ל",false,,11.90,0.0159,true,1,33401
7290000286945,false,"סנו רהיט אקדח מרסס 500מ""ל","סנו מפעלי ברונוס בע""",IL,סנו,מיליליטרים,500.00,"100 מ""ל",false,,25.90,0.0518,true,1,33402
7290000287102,false,"סנו שמפו שטיחים אירוסול 600 מ""ל",מיוצר עי קונדיטוריית,IL,סנו,מיליליטרים,600.00,"100 מ""ל",false,,19.90,0.0332,true,1,33403
7290000287195,false,"סנו רהיט ספריי עשיר בווקס להברקה 305 מ""ל",מיוצר עי קונדיטוריית,IL,סנו,מיליליטרים,300.00,"100 מ""ל",false,,13.90,0.0463,true,1,33404
7290000287430,false,סנובון צבעוני לאסלה בריח לימון שלישייה,סנו מפעלי ברונו בעמ,IL,סנובון,יח',3.00,יח',false,,10.90,3.6333,true,1,33407
7290000287485,false,סנובון לובר לאסלה 3 יח' * 55 ג',סנו מפעלי ברונו בעמ,IL,סנובון,גרמים,165.00,100 גרם,false,,10.90,0.0661,true,1,33408
7290000287492,false,"סנו - סנובון נוזלי לימון 750 מ""ל","איי, בי, אינבוו",IL,סנובון,מיליליטרים,750.00,"100 מ""ל",false,,8.90,0.0119,true,1,33409
7290000287621,false,"מנקה אסלות סנו אנטי קאלק 750 מ""ל,",מיוצר עי קונדיטוריית,IL,סנו,מיליליטרים,750.00,"100 מ""ל",false,,9.90,0.0132,true,1,33410
7290000288017,false,ז'אוול אקונומיקה 1ל'-לימון,"סנו מפעלי ברונוס בע""",IL,סנו ז'אוול,ליטרים,1.00,ליטר,false,,8.90,8.9000,true,1,33413
7290000288024,false,סנו - ז'אוול אקונומיקה בריח לימון 4 ליטר,"סנו מפעלי ברונוס בע""",IL,סנו ז'אוול,ליטרים,4.00,ליטר,false,,16.90,4.2250,true,1,33414
7290000288031,false,סנו אקונומיקה 4 ליטר תו תקן,"סנו מפעלי ברונוס בע""",IL,סנו ז'אוול,ליטרים,4.00,ליטר,false,,10.90,2.7250,true,1,33415
7290000288048,false,סנו זאוול מרסס מונבלאן 1 ליטר,סנו,IL,סנו ז'אוול,ליטרים,1.00,ליטר,false,,14.90,14.9000,true,1,33416
7290000288086,false,"סנו ז'אוול אבקת ואקונומיקה לימון 600 מ""ל",מיוצר עי קונדיטוריית,IL,סנו,גרמים,600.00,100 גרם,false,,9.90,0.0165,true,1,33417
7290000288109,false,"אבקת כביסה מקסימה אפקט ג''אוול 1.25 ק""ג סנו",סנו מפעלי ברונוס בעמ,IL,מקסימה,קילוגרמים,1.25,"ק""ג",false,,13.90,11.1200,true,1,33418
7290000288291,false,סנומט דוחה חרקים 30 טבליות,טרופיקל דגיל תעשיות,IT,סנומט,יח',30.00,יח',false,,11.90,0.3967,true,1,33420
7290000288352,false,"סנו K-300 חרקים ונמלים 630מ""ל","סנו מפעלי ברונוס בע""",IL,סנו,מיליליטרים,630.00,"100 מ""ל",false,,19.90,0.0316,true,1,33422
7290000288390,false,"סנו K-600 מעופפים 500מ""ל","סנו מפעלי ברונוס בע""",IL,סנו,מיליליטרים,500.00,"100 מ""ל",false,,19.90,0.0398,true,1,33424
7290000288413,false,"סנו - די רולאון דוחה יתושים 50 מ""ל",גוד פוד פרודקטס S.p,IL,סנודי,מיליליטרים,50.00,"100 מ""ל",false,,19.90,0.3980,true,1,33425
7290000288642,false,סנו - מקסימה מרכך כביסה סנסטיב ורוד 4 ליטר,"סנו מפעלי ברונוס בע""",IL,מקסימה,ליטרים,4.00,ליטר,false,,21.90,5.4750,true,1,33428
7290000288659,false,"סנו - די רולאון דוחה יתושים ג'ונגל 50 מ""ל",טרופיקל דגיל תעשיות,IL,סנודי,מיליליטרים,50.00,"100 מ""ל",false,,19.90,0.3980,true,1,33429
7290000288727,false,"אבקת כביסה מקסימה מאסק 1.25 ק""ג סנו",סנו,IL,מקסימה,קילוגרמים,1.25,"ק""ג",false,,13.90,11.1200,true,1,33430
7290000288840,false,סנו - מים מזוקקים 2 ליטר,סנו,IL,סנו,ליטרים,2.00,ליטר,false,,11.90,5.9500,true,1,33431
7290000289069,false,סנו - ז'אוול מרסס קצף ניקוי בתוספת אקונומיקה בריח לימון 1 ליטר,"סנו מפעלי ברונוס בע""",IL,סנו ז'אוול,ליטרים,1.00,ליטר,false,,14.90,14.9000,true,1,33434
7290000289472,false,סנו סושי שקיות 76*90 50 יח' XXL,מיוצר עי קונדיטוריית,IL,סנו סושי,יח',50.00,יח',false,,18.90,0.3780,true,1,33435
7290000289748,false,"סנו פורטה פלוס מסיר שומנים לתנור 750מ""ל","סנו מפעלי ברונוס בע""",IL,סנו,מיליליטרים,750.00,"100 מ""ל",false,,13.90,0.0185,true,1,33437
7290000289885,false,"סנו פרש ענק אושן כחול 375 מ""ל",סנו,IL,סנופרש,מיליליטרים,375.00,"100 מ""ל",false,,9.90,0.0264,true,1,33438
7290000289892,false,"סנו פרש ענק מאונטן טורקיז 375 מ""ל",סנו,IL,סנופרש,מיליליטרים,375.00,"100 מ""ל",false,,9.90,0.0264,true,1,33439
7290000291932,false,"סנובון לניקוי לבנדר 750מ""ל","איי, בי, אינבוו",IL,סנובון,מיליליטרים,750.00,"100 מ""ל",false,,8.90,0.0119,true,1,33441
7290000291963,false,סנו ז'אוול סמיכה לימון 1 ל',סנו,IL,סנו ז'אוול,ליטרים,1.00,ליטר,false,,8.90,8.9000,true,1,33442
7290000292137,false,"סנו: נוזל ניקוי וטיפול במוצרי עור 500 מ""",מיוצר עי קונדיטוריית,IL,סנו,מיליליטרים,500.00,"100 מ""ל",false,,29.90,0.0598,true,1,33443
7290000292311,false,סנו פוליווקס לרצפות סחלבים 2ל',"סנו מפעלי ברונוס בע""",IL,פוליויקס,ליטרים,2.00,ליטר,false,,17.90,8.9500,true,1,33444
7290000292533,false,ג'ל סנו כחול לניקוי כללי 1 ליטר,סנו,IL,ג'ל לניקוי כללי אורנ,ליטרים,1.00,ליטר,false,,16.90,16.9000,true,1,71182
7290000292557,false,סנומט מלוי נוזלי דוחה יתושים 45 לילות,טרופיקל דגיל תעשיות,IT,סנומט,יח',1.00,יח',false,,15.90,15.9000,true,1,33446
7290000292564,false,"סנו 2000-K דוחה חרקים ללא ריח 750 מ""ל",מיוצר עי קונדיטוריית,IL,סנו,מיליליטרים,750.00,"100 מ""ל",false,,29.90,0.0399,true,1,33447
7290000292939,false,סנו לאסלה אקוה בלו,סנו,IL,סנו,גרמים,100.00,100 גרם,false,,12.90,0.1290,true,1,33450
7290000293073,false,מרכך כביסה מקסימה ביו לבן 4 ל' סנו,"סנו מפעלי ברונוס בע""",IL,מקסימה,ליטרים,4.00,ליטר,false,,21.90,5.4750,true,1,33451
7290000293530,false,סופג לחות ומונע עובש,סנו,IL,סנו,גרמים,340.00,100 גרם,false,,11.90,0.0350,true,1,33453
7290000293837,false,"קרמה מן דאודורנט ג'ל אנטיפרספירנט 70 מ""ל",קוסמופארם בעמ,IL,כיף,יח',1.00,יח',false,,13.90,13.9000,true,1,33456
7290000293943,false,סנו אנטי קאלק מסיר אבנית וחלודה 1ל',מיוצר עי קונדיטוריית,IL,אנטי קאלק,ליטרים,1.00,ליטר,false,,16.90,16.9000,true,1,33457
7290000294773,false,סנו ז'אוול 4ליטר מונטבלאן קול,"סנו מפעלי ברונוס בע""",IL,סנו ז'אוול,יח',1.00,יח',false,,16.90,16.9000,true,1,33459
7290000294780,false,סנו - ז'אוול אקונומיקה סמיכה מבושמת 4 ליטר,"סנו מפעלי ברונוס בע""",IL,סנו ז'אוול,ליטרים,4.00,ליטר,false,,16.90,4.2250,true,1,33460
7290000295336,false,"סנו - מקסימה אבקת כביסה סנסטיב 1.25 ק""ג",סנו מפעלי ברונוס בעמ,IL,מקסימה,קילוגרמים,1.25,"ק""ג",false,,13.90,11.1200,true,1,33462
7290000295404,false,סנו סושי שקית אשפה חזקות 70*50 60 יח',מיוצר עי קונדיטוריית,IL,סנו סושי,יח',60.00,יח',false,,19.90,0.3317,true,1,33465
7290000295541,false,סנו רב מגבת גמבו 75 דפים בגליל,מיוצר עי קונדיטוריית,IL,סנו סושי,גרמים,390.00,100 גרם,false,,17.90,0.0459,true,1,33467
7290000295558,false,רדיד אלומיניום סנו סושי זוגי 30X7.5מ',מולינו ניקולי s.p.a,TR,סנו סושי,מטרים,15.00,מטר,false,,9.90,0.6600,true,1,33468
7290000295565,false,רדיד אלומיניום סנו סושי זוגי 45X7.5מ',בורסה פזרי,TR,סנו סושי,מטרים,15.00,מטר,false,,15.90,1.0600,true,1,33469
7290000295572,false,"סנו מנקה אסלות 00 זוג * 750 מ""ל",מיוצר עי קונדיטוריית,IL,OO,ליטרים,1.50,ליטר,false,,16.90,11.2667,true,1,33470
7290000295589,false,טלק בייבי כיף לתנוק,מייצר :אשבל בע''מ .,IL,בייבי כיף,גרמים,200.00,100 גרם,false,,14.90,0.0745,true,1,36653
7290000295749,false,ספוג כייף סאקי מסאז 1יח',גוד פוד פרודקטס S.p,IL,כיף,יח',1.00,יח',false,,10.90,10.9000,true,1,33471
7290000295794,false,כרית מתכת סנו סושי אל חלד 3יח',,,ספוגיות מתכת 3 יח' ס,יח',3.00,יח',false,,9.90,3.3000,true,1,69661
7290000300900,false,טבעול שניצל תירס 8*750גרם רכיבים טבעיים,עיצובים 2020 (4.8),IL,טבעול,גרמים,750.00,100 גרם,false,,21.80,0.0291,true,1,32961
7290000303581,false,פול מצרי A-2 פרי הגליל 560ג',"פרי הגליל בע""""מ",IL,פרי הגליל,גרמים,340.00,100 גרם,false,,7.90,0.0232,true,1,34538
7290000303598,false,שעועית לבנה אפויה במיץ עגבניות A2,"פרי הגליל בע""""מ",IL,פרי הגליל,גרמים,580.00,100 גרם,false,,7.90,0.0136,true,1,34539
7290000303604,false,חומוס גרגירים A2 פרי גליל 550ג',"פרי הגליל בע""""מ",IL,פרי הגליל,גרמים,550.00,100 גרם,false,,7.90,0.0144,true,1,34540
7290000307015,false,אפונת גינה גדול 550 גר A2 פרי גליל,"פרי הגליל בע""""מ",IL,פרי הגליל,גרמים,550.00,100 גרם,false,,7.90,0.0144,true,1,34541
7290000307046,false,אפונת גינה וגזר 550 גר A2 פרי גליל,"פרי הגליל בע""""מ",IL,פרי הגליל,גרמים,550.00,100 גרם,false,,7.90,0.0144,true,1,34542
7290000307220,false,גרעיני תירס מתוק בואקום פרי הגליל 285 גרם,"פרי הגליל בע""""מ",IL,פרי הגליל,גרמים,340.00,100 גרם,false,,4.90,0.0144,true,1,34543
7290000307237,false,גרעיני תירס מתוק 550 ג' פרי הגליל,"פרי הגליל בע""""מ",IL,פרי הגליל,גרמים,550.00,100 גרם,false,,7.90,0.0144,true,1,34544
7290000307343,false,שעועית ירוקה חתוכה A2 פרי גליל 550ג',"פרי הגליל בע""""מ",IL,פרי הגליל,גרמים,550.00,100 גרם,false,,6.90,0.0125,true,1,34548
7290000307800,false,פול ירוק מוקפא פרי גליל 800ג',"פרי הגליל בע""""מ",IL,פרי הגליל,גרמים,800.00,100 גרם,false,,10.90,0.0136,true,1,34549
7290000311180,false,מאגדת וופלית מן 250 גרם,"רוקחמן בע""מ",IL,מן,גרמים,250.00,100 גרם,false,,6.90,0.0276,true,1,36585
7290000311203,false,וופלים מן בטעם שוקולד 200 גרם,תות ממתקי איכות,IL,מן,גרמים,200.00,100 גרם,false,,4.30,0.0215,true,1,33234
7290000311210,false,וופלים מן בטעם לימון 200 גרם,"רוקחמן בע""מ",IL,מן,גרמים,200.00,100 גרם,false,,4.30,0.0215,true,1,33235
7290000311258,false,מן וופל מצופה שוקולד 250 גרם,"רוקחמן בע""מ",IL,מן,גרמים,250.00,100 גרם,false,,6.50,0.0260,true,1,50382
7290000311357,false,מאגדת מן אגוזים עשיריה 20* 10,"רוקחמן בע""מ",IL,מן,גרמים,200.00,100 גרם,false,,9.90,0.0495,true,1,58974
7290000311425,false,מאגדת מן וופל מצופה כחול -עשירה 24*10,תות ממתקי איכות,IL,מן,גרמים,220.00,100 גרם,false,,6.90,0.0314,true,1,33241
7290000311463,false,מן עוגיות חיטה מלאה חמאה ללא סוכר 200 גרם,"רוקחמן בע""מ",IL,מן,גרמים,200.00,100 גרם,false,,8.90,0.0445,true,1,61667
7290000311470,false,וופל מיני ללא סוכרבטעם שוקולד 200 גר',"רוקחמן בע""מ",IL,מיני וופלים בטעם שוק,גרמים,200.00,100 גרם,false,,8.90,0.0445,true,1,68150
7290000311500,false,מן וופלים בטעם שוקולד 500 גרם,"רוקחמן בע""מ",IL,מן,גרמים,500.00,100 גרם,false,,8.90,0.0178,true,1,33242
7290000311708,false,מן עוגיות מחיטה מלאה 300 גרן,תות ממתקי איכות,IL,מן,גרמים,300.00,100 גרם,false,,6.50,0.0217,true,1,33243
7290000311722,false,מן עוגיות כוכבים וניל 300 גרם,תות ממתקי איכות,IL,מן,גרמים,300.00,100 גרם,false,,6.50,0.0217,true,1,33245
7290000311746,false,עוגיות טעם קרמל מן 300 גר,"רוקחמן בע""מ",IL,מן,גרמים,300.00,100 גרם,false,,6.50,0.0217,true,1,33247
7290000311753,false,עוגיות חיטה מלאה בטעם חלווה מן 250 גר',"רוקחמן בע""מ",IL,מן,גרמים,250.00,100 גרם,false,,6.50,0.0260,true,1,58971
7290000311784,false,מן וופל קקאו בטעם שוקולד מריר 200 גרם,"רוקחמן בע""מ",IL,וופל קקאו בטעם שוקול,גרמים,200.00,100 גרם,false,,6.90,0.0345,true,1,70888
7290000311791,false,מן וופל קקאו בטעם וניל 200 גרם,"רוקחמן בע""מ",IL,וופל קקאו בטעם וניל,גרמים,200.00,100 גרם,false,,6.90,0.0345,true,1,70889
7290000311807,false,ופל פרימיום - אגוזי לוז 200 גרם מן,"רוקחמן בע""מ",IL,וופל קרם אגוזים 200,גרמים,200.00,100 גרם,false,,6.90,0.0345,true,1,70894
7290000311845,false,עוגיות קמח מלא ללא תוספת סוכר מן 200ג,"רוקחמן בע""מ",IL,מן,גרמים,200.00,100 גרם,false,,8.90,0.0445,true,1,33248
7290000311869,false,מן-וופלים בטעם שוק ללא תוספת סוכר 180ג,תות ממתקי איכות,IL,מן,גרמים,180.00,100 גרם,false,,7.90,0.0439,true,1,36588
7290000311876,false,מן-וופלים בטעם וניל ללא תוספת סוכר 180ג,"רוקחמן בע""מ",IL,מן,גרמים,180.00,100 גרם,false,,7.90,0.0439,true,1,33249
7290000311883,false,"עוגיות גרנולה לל""ס גרנולה 200 גרם",תות ממתקי איכות,IL,מן,גרמים,200.00,100 גרם,false,,8.90,0.0445,true,1,33250
7290000311890,false,ופל בטעם לימון ללא סוכר 180 גר',"רוקחמן בע""מ",IL,מן,גרמים,180.00,100 גרם,false,,7.90,0.0439,true,1,60250
7290000313160,false,עוגיות חברים זהבה ו-3 הדובים שוקו' אסם 250 גר',היינץ צפון אמריקה מק,IL,אסם,גרמים,250.00,100 גרם,false,,7.90,0.0316,true,1,32965
7290000313184,false,עוגיות חברים גן חיות וניל אסם 250 גר',הגביע מוצרי וופלים ב,IL,אסם,גרמים,250.00,100 גרם,false,,7.90,0.0316,true,1,32966
7290000318127,false,נקניקיות ביס 380 ג' יחיעם,מעדני יחיעם,IL,יחיעם,גרמים,380.00,100 גרם,false,,11.90,0.0313,true,1,32653
7290000318479,false,פרושטו בקר יחיעם 100גר,תאי פרזידנט פוד פאבל,IL,יחיעם,יח',1.00,יח',false,,24.90,24.9000,true,1,32655
7290000318493,false,כתףבקר מפולפליחיעם מ,מעדני יחיעם,IL,יחיעם,קילוגרמים,1.00,"ק""ג",true,,99.00,99.0000,true,1,2979
7290000318530,false,נקניק רוסטביף צלי בק,מעדני יחיעם,IL,יחיעם,קילוגרמים,1.00,"ק""ג",true,,134.00,134.0000,true,1,2980
7290000318677,false,סלמי סרוולט 150 ג' יחיעם,מעדני יחיעם,IL,יחיעם,גרמים,150.00,100 גרם,false,,22.90,0.1527,true,1,32656
7290000318707,false,סלמי מעושן 500 ג' יחיעם,מעדני יחיעם,IL,יחיעם,גרמים,500.00,100 גרם,false,,29.90,0.0598,true,1,32658
7290000318806,false,סלמי סרוולט מעדנ.יחי,מעדני יחיעם,IL,יחיעם,קילוגרמים,1.00,"ק""ג",true,,139.00,139.0000,true,1,2985
7290000318837,false,קורנדביףבקר מעדנ.יחי,מעדני יחיעם,IL,יחיעם,קילוגרמים,1.00,"ק""ג",true,,99.00,99.0000,true,1,2986
7290000318929,false,סלמי צרפתי יחיעם מעד,מעדני יחיעם,IL,יחיעם,קילוגרמים,1.00,"ק""ג",true,,139.00,139.0000,true,1,2991
7290000318943,false,פסטרמה של פעם 200 גר,תאי פרזידנט פוד פאבל,IL,יחיעם,גרמים,200.00,100 גרם,false,,21.90,0.1095,true,1,55669
7290000319063,false,כתף בקר מפולפל 150 גרם,מעדני יחיעם,IL,כתף בקר מפולפל 150 ג,גרמים,150.00,100 גרם,false,,22.90,0.1527,true,1,36137
7290000319124,false,סלמי סרוולד יחיעם 25,מעדני יחיעם,IL,יחיעם,גרמים,250.00,100 גרם,false,,33.90,0.1356,true,1,32659
7290000319131,false,נקניקיות עוף 400 ג' יחיעם,מעדני יחיעם,IL,יחיעם,גרמים,400.00,100 גרם,false,,10.90,0.0273,true,1,36138
7290000319520,false,סאלמי צרפתי יחיעם 10,מעדני יחיעם,IL,יחיעם,גרמים,100.00,100 גרם,false,,19.90,0.1990,true,1,32662
7290000319704,false,נקניק כתף בקר מעושן,מעדני יחיעם,IL,יחיעם,קילוגרמים,1.00,"ק""ג",true,,109.00,109.0000,true,1,3006
7290000319803,false,קבנוס קלאסי 125 ג' יחיעם,תאי פרזידנט פוד פאבל,IL,יחיעם,גרמים,125.00,100 גרם,false,,12.90,0.1032,true,1,32664
7290000319834,false,קבנוס פפרוני קלאסי 125 ג',תאי פרזידנט פוד פאבל,IL,יחיעם,גרמים,125.00,100 גרם,false,,12.90,0.1032,true,1,32665
7290000321004,false,סופגניה מיוחדת,,,סופגניה מיוחדת,יח,1.00,יח,false,,4.50,4.5000,true,1,63217
7290000334684,false,טבעות בצל 700 גרם תפוגן,"תעשיות תפוגן בע""מ",IL,תפוגן,גרמים,700.00,100 גרם,false,,16.90,0.0241,true,1,32971
7290000339191,false,רן אבקת הלבנה קל 350ג,זוהר דליה - 3P Local,IL,BADIN,גרמים,350.00,100 גרם,false,,17.90,0.0511,true,1,17501
7290000345048,false,תה ויסוצקי 74 125 גרם,HIQ FOOD PRODUCTS,IL,ויסוצקי,גרמים,125.00,100 גרם,false,,12.90,0.1032,true,1,34823
7290000345116,false,תה ויסוצקי ירוק 125 גרם,תה ויסוצקי,IL,ויסוצקי,גרמים,125.00,100 גרם,false,,12.90,0.1032,true,1,34825
7290000345260,false,תה ויסוצקי 25 שקיקים 1.5 גרם,מולינו ניקולי s.p.a,IL,ויסוצקי,גרמים,38.00,100 גרם,false,,6.90,0.1816,true,1,34828
7290000345284,false,תה ויסוצקי קלאסיק טעם עשיר 100/1.5יח',מולינו ניקולי s.p.a,IL,ויסוצקי,גרמים,150.00,100 גרם,false,,16.90,0.1127,true,1,34829
7290000345291,false,תה ארל גריי 25 שקיקים ויסוצקי,ויסוצקי,IL,ויסוצקי,גרמים,38.00,100 גרם,false,,14.90,0.3921,true,1,34830
7290000345307,false,תה ארל גריי 50 שקיקים ויסוצקי,מולינו ניקולי s.p.a,IL,ויסוצקי,גרמים,75.00,100 גרם,false,,22.90,0.3053,true,1,34831
7290000345536,false,תה נענע 25 שקיקים 1.5 גרם,מולינו ניקולי s.p.a,IL,ויסוצקי,גרמים,38.00,100 גרם,false,,17.90,0.4711,true,1,34832
7290000346120,false,חליטת קסם הקינמון 25 שקיקים גן קסום,HIQ FOOD PRODUCTS,IL,ויסוצקי,גרמים,75.00,100 גרם,false,,16.90,0.2253,true,1,34835
7290000346137,false,חליטת הילולי פירות 25 שקיקים גן קסום,HIQ FOOD PRODUCTS,IL,ויסוצקי,גרמים,75.00,100 גרם,false,,16.90,0.2253,true,1,34836
7290000346168,false,תה ויסוצקי חליטת שומר הגן הקסום 25יח',HIQ FOOD PRODUCTS,IL,ויסוצקי,גרמים,50.00,100 גרם,false,,16.90,0.3380,true,1,34839
7290000346199,false,חליטת פירות היער 25 שקיקים גן קסום,HIQ FOOD PRODUCTS,IL,ויסוצקי,גרמים,75.00,100 גרם,false,,16.90,0.2253,true,1,34840
7290000346205,false,חליטת קמומיל 25 שקיקים הגן קסום,HIQ FOOD PRODUCTS,IL,ויסוצקי,גרמים,38.00,100 גרם,false,,16.90,0.4447,true,1,34841
7290000346212,false,תה בטעם מנטה 25 שקיקים גן קסום,HIQ FOOD PRODUCTS,IL,ויסוצקי,גרמים,50.00,100 גרם,false,,16.90,0.3380,true,1,34842
7290000346236,false,חליטת לואיזה 25 שקיקים הגן הקסום,ויסוצקי,IL,ויסוצקי,גרמים,50.00,100 גרם,false,,16.90,0.3380,true,1,34844
7290000347738,false,תה ירוק נענע 25 שקיקים 1.5 גרם,HIQ FOOD PRODUCTS,IL,ויסוצקי,גרמים,937.00,100 גרם,false,,22.90,0.0244,true,1,34846
7290000347752,false,תה ירוק לימונית ולואיזה 25 שקיקים *1.5 ג'' ויסוצקי,HIQ FOOD PRODUCTS,IL,ויסוצקי,גרמים,937.50,100 גרם,false,,22.90,0.0244,true,1,34847
7290000355382,false,עגבניות מרוסקות עם בזיל טל 800 גרם,"מילוז(1989)בע""""מ",IL,טל,גרמים,800.00,100 גרם,false,,6.90,0.0086,true,1,34551
7290000355412,false,עגבניות מרוסקות A2.5 ושום טל וטרי 800 גר',"מילוז(1989)בע""""מ",IL,טל,גרמים,800.00,100 גרם,false,,6.90,0.0086,true,1,34554
7290000355757,false,עגבניות מרוסקות טל וטרי 800 גרם,"מילוז(1989)בע""""מ",IL,טל,גרמים,800.00,100 גרם,false,,6.90,0.0086,true,1,34558
7290000363011,false,סלמי קוניאק מובחר טירת צבי במשקל,הנסיך- מפעל לייצור ט,IL,טירת- צבי,קילוגרמים,1.00,"ק""ג",true,,79.00,79.0000,true,1,23713
7290000363363,false,קבנוס מיוחד 160 גרםטירת צבי,הנסיך- מפעל לייצור ט,IL,טירת- צבי,גרמים,160.00,100 גרם,false,,12.90,0.0806,true,1,35534
7290000363462,false,סלמי מעושן איטלקי טי,טירת- צבי,IL,טירת- צבי,קילוגרמים,1.00,"ק""ג",true,,79.00,79.0000,true,1,23718
7290000363486,false,נקניק תה טירת צבי מע,טירת- צבי,IL,טירת- צבי,קילוגרמים,1.00,"ק""ג",true,,50.00,50.0000,true,1,23719
7290000364261,false,דקניקים סלסולי כתף בקר 120 ג' טירת צבי,הנסיך- מפעל לייצור ט,IL,טירת- צבי,גרמים,120.00,100 גרם,false,,12.90,0.1075,true,1,35537
7290000364278,false,דקניקים סילסולי סלמי איטלקי 120 ג' טירת צבי,הנסיך- מפעל לייצור ט,IL,טירת- צבי,גרמים,120.00,100 גרם,false,,12.90,0.1075,true,1,35538
7290000364285,false,דקניקים סלסולי פסטרמה הודו 120 ג' טירת צבי,הנסיך- מפעל לייצור ט,IL,טירת- צבי,גרמים,120.00,100 גרם,false,,12.90,0.1075,true,1,35539
7290000364292,false,דקניקים סלסולי פסטרמה הודו על גחלים 120 ג' טירת צבי,הנסיך- מפעל לייצור ט,IL,טירת- צבי,גרמים,120.00,100 גרם,false,,12.90,0.1075,true,1,35540
7290000364858,false,"נקניקיות עוף טרי 1 ק""ג טירת צבי",הנסיך- מפעל לייצור ט,IL,טירת- צבי,קילוגרמים,1.00,"ק""ג",false,,22.90,22.9000,true,1,35542
7290000364872,false,נקניקיות עוף 400 גרםטירת צבי,טיב טירת צבי 2000,IL,טירת- צבי,גרמים,400.00,100 גרם,false,,10.90,0.0273,true,1,35543
7290000365046,false,כתף מעושן טירת צבי מ,טירת- צבי,IL,טירת- צבי,קילוגרמים,1.00,"ק""ג",true,,87.00,87.0000,true,1,23735
7290000365107,false,כתף בקר מפולפל במשקל,טירת- צבי,IL,טירת- צבי,קילוגרמים,1.00,"ק""ג",true,,87.00,87.0000,true,1,23737
7290000365398,false,חזה הודו בדבשטירת צבי,טירת- צבי,IL,טירת- צבי,קילוגרמים,1.00,"ק""ג",true,,79.00,79.0000,true,1,23740
7290000365909,false,פסטרמה הודו מעושנתטירת צבי,טירת- צבי,IL,טירת- צבי,קילוגרמים,1.00,"ק""ג",true,,79.00,79.0000,true,1,23745
7290000365954,false,פסט.על גחלים ט.צבי מ,טירת- צבי,IL,טירת- צבי,קילוגרמים,1.00,"ק""ג",true,,79.00,79.0000,true,1,23746
7290000367590,false,צמד כפרי סלמי+פסטרמה 800 גרם טירת צבי,טיב טירת צבי 2000,IL,טירת- צבי,גרמים,800.00,100 גרם,false,,25.90,0.0324,true,1,35545
7290000369341,false,לאבנה אבו גוש ניצן מ,גבינות ניצן,IL,גבינות ניצן,קילוגרמים,1.00,"ק""ג",true,,50.00,50.0000,true,1,6575
7290000369365,false,בולגרית למריחה עם חציל 200 גר,"ניצן מותגי מזון בע""מ",IL,גבינות ניצן,גרמים,200.00,100 גרם,false,,13.90,0.0695,true,1,33138
7290000369617,false,כדורי מעדן גבינה בשמן 225 ג' ניצן,"ניצן מותגי מזון בע""מ",IL,גבינות ניצן,גרמים,150.00,100 גרם,false,,16.90,0.1127,true,1,33139
7290000369709,false,ניצן חמאה ט.שונים 10,"ניצן מותגי מזון בע""מ",IL,גבינות ניצן,גרמים,100.00,100 גרם,false,,13.90,0.1390,true,1,36473
7290000377452,false,גרעיני אבטיח קלית גת 200 ג',הדקלאים אגודת שיתופי,IL,קליית גת,גרמים,200.00,100 גרם,false,,11.90,0.0595,true,1,34107
7290000379661,false,חלה רגילה,,IL,חלה רגילה,00000000000000000יח',1.00,00000000000000000יח',false,,3.90,3.9000,true,1,5964
7290000396439,false,שרי ליקופן,,,שרי ליקופן,יח',1.00,יח',false,,8.90,8.9000,true,1,52290
7290000400013,false,עוף טרי שלם,משתנה,IL,עוף שלם גורמה,קילוגרמים,1.00,"ק""ג",true,,19.90,19.9000,true,1,23365
7290000400020,false,עוף טרי מפורק,משתנה,IL,עוף מפורק גורמה,קילוגרמים,1.00,"ק""ג",true,,21.90,21.9000,true,1,23366
7290000400037,false,כרעיים עוף טרי פרימי,משתנה,IL,כרעיים עוף גורמה,קילוגרמים,1.00,"ק""ג",true,,29.90,29.9000,true,1,23367
7290000400044,false,שוקיים עוף טרי פרימי,משתנה,IL,שוקיים עוף גורמה,קילוגרמים,1.00,"ק""ג",true,,39.90,39.9000,true,1,23368
7290000400051,false,ירכיים עוף טרי פרימי,משתנה,IL,ירכיים עוף גורמה,קילוגרמים,1.00,"ק""ג",true,,29.90,29.9000,true,1,23369
7290000400068,false,כנפיים עוף טרי פרימי,משתנה,IL,כנפיים עוף גורמה,קילוגרמים,1.00,"ק""ג",true,,16.90,16.9000,true,1,23370
7290000400075,false,חזה עוף חצוי טרי נקי,משתנה,IL,חזה עוף שלם גורמה,קילוגרמים,1.00,"ק""ג",true,,42.90,42.9000,true,1,23371
7290000400082,false,פילה עוף טרי פרימיום,משתנה,IL,פילה שניצל גורמה,קילוגרמים,1.00,"ק""ג",true,,49.90,49.9000,true,1,23372
7290000400099,false,שניצל עוף טרי פרימיו,משתנה,IL,שניצל עוף גורמה,קילוגרמים,1.00,"ק""ג",true,,49.90,49.9000,true,1,23373
7290000400112,false,שיפודי פרגיות טרי,משתנה,IL,שיפודי פרגיות גורמה,קילוגרמים,1.00,"ק""ג",true,,69.90,69.9000,true,1,23374
7290000400129,false,סטייק פרגית טרי פרימ,משתנה,IL,סטייק פרגיות גורמה,קילוגרמים,1.00,"ק""ג",true,,69.90,69.9000,true,1,23375
7290000400174,false,קורקבן עוף טרי,משתנה,IL,קורקבן עוף גורמה,קילוגרמים,1.00,"ק""ג",true,,9.90,9.9000,true,1,23377
7290000400228,false,טחון עוף טרי,משתנה,IL,טחון עוף גורמה,קילוגרמים,1.00,"ק""ג",true,,49.90,49.9000,true,1,23380
7290000400341,false,צלעות בקר עם עצם טרי,,,צלעות בקר עם עצם טרי,קילוגרמים,1.00,"ק""ג",true,,64.90,64.9000,true,1,71167
7290000400433,false,שישליק הודו טרי,משתנה,IL,שישליק הודו גורמה,קילוגרמים,1.00,"ק""ג",true,,39.90,39.9000,true,1,23385
7290000400624,false,אצבעות אנטריקוט,משתנה,IL,אצבעות אנטריקוט מתובל גור,קילוגרמים,1.00,"ק""ג",true,,79.90,79.9000,true,1,23388
7290000400662,false,כתף כבש מעובד מופשר,משתנה,IL,כתף טלה גורמה,קילוגרמים,1.00,"ק""ג",true,,109.90,109.9000,true,1,23391
7290000400679,false,לבבות עוף טרי,משתנה,IL,לבבות עוף גורמה,קילוגרמים,1.00,"ק""ג",true,,29.90,29.9000,true,1,23392
7290000400693,false,פרגיות טרי פרימיום,משתנה,IL,פרגיות גורמה,קילוגרמים,1.00,"ק""ג",true,,69.90,69.9000,true,1,23394
7290000400761,false,כבד עוף טרי,משתנה,IL,כבד עוף טרי גורמה,קילוגרמים,1.00,"ק""ג",true,,24.90,24.9000,true,1,23400
7290000400785,false,גרון עוף טרי,משתנה,IL,גרון עוף גורמה,קילוגרמים,1.00,"ק""ג",true,,12.90,12.9000,true,1,23402
7290000401010,false,הודו שלם טרי,משתנה,IL,הודו שלם נקבה גורמה,קילוגרמים,1.00,"ק""ג",true,,29.90,29.9000,true,1,23404
7290000401027,false,חזה הודו טרי,משתנה,IL,חזה הודו נקבה גורמה,קילוגרמים,1.00,"ק""ג",true,,34.90,34.9000,true,1,23405
7290000401034,false,כנפיים הודו טרי,משתנה,IL,כנפיים הודו נקבה גורמה,קילוגרמים,1.00,"ק""ג",true,,15.90,15.9000,true,1,23406
7290000401041,false,גרון הודו טרי פרימיו,משתנה,IL,גרון הודו גורמה,קילוגרמים,1.00,"ק""ג",true,,34.90,34.9000,true,1,23407
7290000401058,false,הודו אדום טרי נקבה,משתנה,IL,הודו אדום נקבה גורמה,קילוגרמים,1.00,"ק""ג",true,,59.90,59.9000,true,1,23408
7290000401089,false,שווארמה הודו טרי,משתנה,IL,שווארמה הודו נקבה גורמה,קילוגרמים,1.00,"ק""ג",true,,69.90,69.9000,true,1,23410
7290000401096,false,רצועות שווארמה טרי,משתנה,IL,רצועות שווארמה גורמה,קילוגרמים,1.00,"ק""ג",true,,74.90,74.9000,true,1,23411
7290000401171,false,טחון הודו אדום טרי,משתנה,IL,טחון הודו אדום גורמה,קילוגרמים,1.00,"ק""ג",true,,59.90,59.9000,true,1,23413
7290000401225,false,שוקיים הודו טרי נקבה,משתנה,IL,שוקיים הודו נקבה גורמה,קילוגרמים,1.00,"ק""ג",true,,29.90,29.9000,true,1,23414
7290000402024,false,צלעות בקר מעובד מופש,משתנה,IL,צלעות מיושן מובחר גורמה,קילוגרמים,1.00,"ק""ג",true,,69.90,69.9000,true,1,23416
7290000402048,false,כתף בקר מעובד מופשר,משתנה,IL,כתף מיושן מובחר גורמה,קילוגרמים,1.00,"ק""ג",true,,69.90,69.9000,true,1,23417
7290000402055,false,צלי כתף מעובד מופשר,משתנה,IL,צלי כתף עגל מיושן מובחר ג,קילוגרמים,1.00,"ק""ג",true,,89.90,89.9000,true,1,23418
7290000402062,false,פילה מדומה מעובד מופ,משתנה,IL,פילה מדומה מיושן מובחר גו,קילוגרמים,1.00,"ק""ג",true,,79.90,79.9000,true,1,23419
7290000402086,false,שריר עגל מעובד מופשר,משתנה,IL,שריר עגל מיושן מובחר גורמ,קילוגרמים,1.00,"ק""ג",true,,59.90,59.9000,true,1,23420
7290000402093,false,אסאדו ללא עצם מעובד,משתנה,IL,אסאדו\ שפונדרה מיושן מובח,קילוגרמים,1.00,"ק""ג",true,,59.90,59.9000,true,1,23421
7290000402116,false,סינטה עגל מעובד מופש,משתנה,IL,סינטה עגל מיושן מובחר גור,קילוגרמים,1.00,"ק""ג",true,,139.90,139.9000,true,1,23422
7290000402130,false,אונטריב מעובד מופשר,משתנה,IL,אונטריב מיושן מובחר גורמה,קילוגרמים,1.00,"ק""ג",true,,69.90,69.9000,true,1,23424
7290000402246,false,אצבעות נגיסי עוף טרי,משתנה,,אצבעות נגיסי עוף טרי,קילוגרמים,1.00,"ק""ג",true,,49.90,49.9000,true,1,70849
7290000402369,false,שייטל מובחר מעובד מו,משתנה,IL,שייטל מובחר מיושן גורמה,קילוגרמים,1.00,"ק""ג",true,,89.90,89.9000,true,1,23430
7290000403021,false,צלעות בקר טרי,משתנה,IL,צלעות בקר טרי גורמה,קילוגרמים,1.00,"ק""ג",true,,79.90,79.9000,true,1,23432
7290000403045,false,כתף בקר טרי,משתנה,IL,כתף בקר טרי גורמה,קילוגרמים,1.00,"ק""ג",true,,79.90,79.9000,true,1,23433
7290000403052,false,צלי כתף טרי,משתנה,IL,צלי כתף טרי גורמה,קילוגרמים,1.00,"ק""ג",true,,96.90,96.9000,true,1,23434
7290000403175,false,אנטריקוט טרי עם עצם,משתנה,IL,סטייק אנטריקוט עם עצם טרי,קילוגרמים,1.00,"ק""ג",true,,119.90,119.9000,true,1,23440
7290000403182,false,חזה בקר טרי עם עצם,משתנה,IL,חזה עם עצם גורמה,קילוגרמים,1.00,"ק""ג",true,,59.90,59.9000,true,1,23441
7290000403199,false,אסאדו טרי עם עצם,משתנה,IL,אסאדו\ שפונדרה טרי גורמה,קילוגרמים,1.00,"ק""ג",true,,64.90,64.9000,true,1,23442
7290000403205,false,צוואר בקר טרי עם עצם,משתנה,IL,צוואר עם עצם טרי גורמה,קילוגרמים,1.00,"ק""ג",true,,59.90,59.9000,true,1,23443
7290000403212,false,אוסובוקו עגל טרי,משתנה,IL,אוסובוקו טרי גורמה,קילוגרמים,1.00,"ק""ג",true,,69.90,69.9000,true,1,23444
7290000403236,false,עצמות מח,משתנה,IL,עצמות מח גורמה,קילוגרמים,1.00,"ק""ג",true,,34.90,34.9000,true,1,23445
7290000403243,false,עצמות בקר,משתנה,IL,עצמות בקר גורמה,קילוגרמים,1.00,"ק""ג",true,,19.90,19.9000,true,1,23446
7290000403373,false,נתח קצבים טרי,משתנה,IL,רוטפלש נתח קצבים טרי גורמ,קילוגרמים,1.00,"ק""ג",true,,109.90,109.9000,true,1,23459
7290000405568,false,קוקטייל עוף מקוצב,משתנה,IL,מעורב ירושלמי גורמה,קילוגרמים,1.00,"ק""ג",true,,59.90,59.9000,true,1,23478
7290000405582,false,בשר טחון דל שומן טרי,משתנה,IL,בשר טחון דל שומן גורמה,קילוגרמים,1.00,"ק""ג",true,,59.90,59.9000,true,1,23480
7290000405728,false,אונטריב טרי,משתנה,IL,פרגית לתנור גורמה,קילוגרמים,1.00,"ק""ג",true,,79.90,79.9000,true,1,23492
7290000405742,false,קורקבן הודו טרי,משתנה,IL,קורקבן הודו טרי גורמה,קילוגרמים,1.00,"ק""ג",true,,9.90,9.9000,true,1,23494
7290000405759,false,כבד הודו טרי,משתנה,IL,כבד הודו טרי גורמה,קילוגרמים,1.00,"ק""ג",true,,16.90,16.9000,true,1,23495
7290000405766,false,לב הודו טרי,משתנה,IL,לב הודו טרי גורמה,קילוגרמים,1.00,"ק""ג",true,,19.90,19.9000,true,1,23496
7290000405773,false,זנב הודו טרי,משתנה,IL,זנב הודו טרי גורמה,קילוגרמים,1.00,"ק""ג",true,,9.90,9.9000,true,1,23497
7290000405780,false,אסאדו טרי ללא עצם,משתנה,,שפונדרה טרי ללא עצם,קילוגרמים,1.00,"ק""ג",true,,69.90,69.9000,true,1,23498
7290000405797,false,שריר עם עצם מח,משתנה,,שריר עם עצם מח,קילוגרמים,1.00,"ק""ג",true,,69.90,69.9000,true,1,23499
7290000405827,false,בשר טחון להמבורגר טר,משתנה,IL,המבורגר טרי גורמה,קילוגרמים,1.00,"ק""ג",true,,59.90,59.9000,true,1,23502
7290000406176,false,קוביות עוף להקפצה,משתנה,IL,קוביות עוף להקפצה,קילוגרמים,1.00,"ק""ג",true,,44.90,44.9000,true,1,23533
7290000407074,false,צלי כתף טרי בדצ,משתנה,IL,צלי כתף טרי בדצ,קילוגרמים,1.00,"ק""ג",true,,96.90,96.9000,true,1,28009
7290000407098,false,כתף בקר טרי בדצ,משתנה,IL,כתף בקר טרי בדצ,קילוגרמים,1.00,"ק""ג",true,,79.90,79.9000,true,1,28011
7290000407128,false,אסאדו ללא עצם בדצ טר,משתנה,IL,אסאדו ללא עצם בדצ טר,קילוגרמים,1.00,"ק""ג",true,,69.90,69.9000,true,1,28014
7290000407180,false,אונטריב טרי בדצ,משתנה,IL,אונטריב טרי בדצ,קילוגרמים,1.00,"ק""ג",true,,79.90,79.9000,true,1,28020
7290000407227,false,סינטה דק דק טרי,משתנה,,סינטה דק דק טרי,קילוגרמים,1.00,"ק""ג",true,,149.90,149.9000,true,1,29390
7290000407326,false,טחון בקר פרימיום טרי,מעדני גורמה,IL,טחון בקר פרימיום טרי,קילוגרמים,1.00,"ק""ג",true,,59.90,59.9000,true,1,31064
7290000407340,false,שניצל הודו טרי,משתנה,IL,שניצל הודו טרי,קילוגרמים,1.00,"ק""ג",true,,34.90,34.9000,true,1,31620
7290000407517,false,כנפית עוף טרי,משתנה,IL,כנפית עוף טרי,קילוגרמים,1.00,"ק""ג",true,,19.90,19.9000,true,1,50249
7290000407524,false,שוקית כנף עוף טרי,משתנה,IL,שוקית כנף עוף טרי,קילוגרמים,1.00,"ק""ג",true,,19.90,19.9000,true,1,50250
7290000407692,false,כרעיים טרי ארוז,משתנה,,כרעיים טרי ארוז,קילוגרמים,1.00,"ק""ג",true,,22.90,22.9000,true,1,53957
7290000407708,false,חזה עוף ארוז טרי,משתנה,,חזה עוף ארוז טרי,קילוגרמים,1.00,"ק""ג",true,,26.90,26.9000,true,1,53958
7290000407739,false,מעורב ישראלי,,,מעורב ישראלי,קילוגרמים,1.00,"ק""ג",true,,69.90,69.9000,true,1,54079
7290000407784,false,טחון להמבורגר בדצ טר,משתנה,,טחון להמבורגר בדצ טר,קילוגרמים,1.00,"ק""ג",true,,59.90,59.9000,true,1,63601
7290000407869,false,טחון בקר פרימיום בדצ,משתנה,,טחון בקר פרימיום בדצ,קילוגרמים,1.00,"ק""ג",true,,59.90,59.9000,true,1,63603
7290000408156,false,רצועות חזה להקפצה,משתנה,,רצועות חזה להקפצה,קילוגרמים,1.00,"ק""ג",true,,49.90,49.9000,true,1,55203
7290000408262,false,רוסטביף לתנור מעובד,משתנה,,רוסטביף לתנור מעובד,קילוגרמים,1.00,"ק""ג",true,,79.90,79.9000,true,1,56390
7290000408279,false,כבד עוף קפוא קצביה ג,משתנה,,כבד עוף קפוא קצביה ג,קילוגרמים,1.00,"ק""ג",true,,29.90,29.9000,true,1,56397
7290000408316,false,יוגורט דנונה דל לקטוז 200 גרם,מיוצר עי קונדיטוריית,IL,שטראוס,גרמים,200.00,100 גרם,false,,3.50,0.0175,true,1,34710
7290000408354,false,יוגורט עם אורז מצופה שוקולד קקאו 175 ג' דנונה,"שטראוס בריאות בע""מ",IL,שטראוס,גרמים,175.00,100 גרם,false,,4.30,0.0246,true,1,34711
7290000409191,false,מעורב ישראלי טחון,,,מעורב ישראלי טחון,קילוגרמים,1.00,"ק""ג",true,,69.90,69.9000,true,1,59542
7290000409207,false,דואט למרק,,,דואט למרק,קילוגרמים,1.00,"ק""ג",true,,16.90,16.9000,true,1,59663
7290000409214,false,שווארמה פרגית חתוך ט,,,שווארמה פרגית חתוך ט,קילוגרמים,1.00,"ק""ג",true,,69.90,69.9000,true,1,59860
7290000409313,false,שוקיים טרי ארוז,משתנה,,שוקיים טרי ארוז,קילוגרמים,1.00,"ק""ג",true,,24.90,24.9000,true,1,61305
7290000409320,false,חזה טלה מעובד מופשר,משתנה,,חזה טלה מעובד מופשר,קילוגרמים,1.00,"ק""ג",true,,69.90,69.9000,true,1,61430
7290000409344,false,אנטריקוט טרי פרימיום,,,אנטריקוט טרי פרימיום,קילוגרמים,1.00,"ק""ג",true,,179.90,179.9000,true,1,61776
7290000409351,false,אנטריקוט טרי דק פרימ,,,אנטריקוט טרי דק פרימ,קילוגרמים,1.00,"ק""ג",true,,179.90,179.9000,true,1,61777
7290000409368,false,אנטריקוט טרי בדצ פרי,,,אנטריקוט טרי בדצ פרי,קילוגרמים,1.00,"ק""ג",true,,179.90,179.9000,true,1,63610
7290000409375,false,אנטריקוט טרי דק בדצ,,,אנטריקוט טרי דק בדצ,קילוגרמים,1.00,"ק""ג",true,,179.90,179.9000,true,1,63611
7290000409900,false,כבד עוף טרי ארוז,משתנה,IL,כבד עוף טרי גורמה,קילוגרמים,1.00,"ק""ג",true,,24.90,24.9000,true,1,68186
7290000409917,false,לבבות עוף טרי ארוז,משתנה,IL,לבבות עוף גורמה,קילוגרמים,1.00,"ק""ג",true,,29.90,29.9000,true,1,68187
7290000412481,false,סנו - מנקה אסלות 00 1 ליטר,מיוצר עי קונדיטוריית,IL,OO,ליטרים,1.00,ליטר,false,,7.90,7.9000,true,1,33474
7290000416021,false,ממרח שוקולד השחר חלבי 500 גר',השחר העולה,IL,ממרח השחר 500 גרם,גרמים,500.00,100 גרם,false,,12.90,0.0258,true,1,33314
7290000416045,false,ממרח שוקולד השחר דלי,השחר העולה תעשייות מ,IL,השחר העולה,קילוגרמים,1.00,"ק""ג",false,,23.90,23.9000,true,1,33315
7290000416076,false,צימקאו שוקולד לבישול ואפיה 400 גרם,השחר העולה תעשייות מ,IL,השחר העולה,גרמים,400.00,100 גרם,false,,10.90,0.0273,true,1,33316
7290000416618,false,"ממרח שוקולד השחר פרווה בד""צ 400 גר'",השחר העולה תעשייות מ,IL,השחר העולה,גרמים,400.00,100 גרם,false,,11.90,0.0298,true,1,33318
7290000416632,false,"ממרח שוקולד השחר פרווה 1ק""ג",השחר העולה תעשית ממת,IL,השחר העולה,קילוגרמים,1.00,"ק""ג",false,,22.90,22.9000,true,1,33319
7290000416809,false,ממרח חלב קרם חצי מובחרלמריחה 350 ג' השחר,השחר העולה תעשייות מ,IL,ממרח חלב חצי חצי 350,גרמים,350.00,100 גרם,false,,10.90,0.0311,true,1,33320
7290000416854,false,אבקת קקאו השחר העולה 150ג',השחר העולה תעשייות מ,IL,השחר העולה,גרמים,150.00,100 גרם,false,,8.90,0.0593,true,1,33321
7290000416922,false,ממרח חלבי השחר 350 ג',השחר העולה תעשייות מ,IL,ממרח חלב 350 גרם,גרמים,350.00,100 גרם,false,,10.90,0.0311,true,1,33322
7290000418131,false,תחבושות טופ פד מקופלת 18 יח',מוצרי נייר עמיר,IL,DPL,יח',18.00,יח',false,,5.90,0.3278,true,1,37248
7290000418155,false,תחבושות סופר פלוס טופ-פד 16 יח',מוצרי נייר עמיר,IL,DPL,יח',16.00,יח',false,,5.90,0.3688,true,1,37249
7290000419220,false,לנדוור כחול המקורי קפה טחון טורקי 3*100 גרם 16 יח',קפה לנדוור,IL,לנדוור,גרמים,300.00,100 גרם,false,,18.90,0.0630,true,1,32974
7290000419374,false,לנדוור לבוקר קפה טחון טורקי 3*100 גרם 16 יח',קפה לנדוור,IL,לנדוור,גרמים,300.00,100 גרם,false,,18.90,0.0630,true,1,32975
7290000420325,false,פופ קורן טבעי למיקרוגל 5 יח',Preston farms,US,פופפסטאר,גרמים,500.00,100 גרם,false,,13.90,0.0278,true,1,33280
7290000420332,false,פופ קורן חמאה למיקרוגל 5יח',Preston farms,US,פופפסטאר,גרמים,500.00,100 גרם,false,,13.90,0.0278,true,1,33281
7290000420417,false,גלילונית שקיות אשפה 50*70 - 60 יח',"איטיליאן פוד, אס.פי.",IL,גלילונית,יח',60.00,יח',false,,17.90,0.2983,true,1,33282
7290000430102,false,"שקיות קרח 2 ק""ג ""מר אייס""","אייס (קיובס) בע""מ -",IL,מיסטר אייס,קילוגרמים,2.00,"ק""ג",false,,8.90,4.4500,true,1,33106
7290000444401,false,פיקדון 0.30 אג',,,פיקדון 0.30 אג',יח',1.00,יח',false,,0.30,0.3000,true,1,22237
7290000444402,false,פיקדון חוזר 1.20,,,פיקדון חוזר 1.20,יח',1.00,יח',false,,1.20,1.2000,true,1,22238
7290000446127,false,פריכיות אורז ללא מלח 100ג' בי&די,בטר אנד דיפרנט B&D,IL,פריכיות ללא מלח ללא,גרמים,100.00,100 גרם,false,,3.90,0.0390,true,1,58870
7290000446547,false,חמאת בוטנים טבעית ללא סוכר 350גר,"בטר אנד דיפרנט בע""מ",IL,בטר אנד דיפרנט,גרמים,350.00,100 גרם,false,,13.90,0.0397,true,1,32719
7290000446554,false,"חמאת בוטנים טבעית 1 ק""ג בי&די",בטר אנד דיפרנט B&D,IL,חמאת בוטנים טבעית 1,קילוגרמים,1.00,"ק""ג",false,,26.90,26.9000,true,1,59273
7290000446752,false,ממרח שומשום מלא בטעם חלווה בי & די 350 ג',"בטר אנד דיפרנט בע""מ",IL,בטר אנד דיפרנט,גרמים,350.00,100 גרם,false,,11.90,0.0340,true,1,32721
7290000446776,false,פתיתי אורז תפוח קל ללא סוכר 500 גרם,בטר אנד דיפרנט,IL,בטר אנד דיפרנט,גרמים,500.00,100 גרם,false,,18.90,0.0378,true,1,32722
7290000450209,false,נתחי טונה פוסידון בשמן 110 ג',"מיוצר עי וליגר בעמ,",IL,פוסידון,גרמים,108.00,100 גרם,false,,5.50,0.0509,true,1,34275
7290000450308,false,נתחי טונה פוסידון במים 110 ג',ויליגר בעמ עבור נטו,IL,פוסידון,גרמים,108.00,100 גרם,false,,5.50,0.0509,true,1,37042
7290000453019,false,שמרים טריים לאפייה שקית שמרית 50 ג',"פאקא תעשיות בע""מ",IL,תוצרת מסחרית,גרמים,50.00,100 גרם,false,,4.20,0.0840,true,1,34712
7290000453125,false,שמרית שמרים טריים לאפייה +משפר אפייה 100ג,"פאקא תעשיות בע""מ",IL,תוצרת מסחרית,גרמים,100.00,100 גרם,false,,7.40,0.0740,true,1,34713
7290000453385,false,שמרים יבשים פארא אינסטנט 500 גרם עלית,"פאקא תעשיות בע""מ",IL,פאקא,גרמים,500.00,100 גרם,false,,12.90,0.0258,true,1,34454
7290000453408,false,בצק פיצה דק מצונן ומוכן לאפייה שמרית,"פאקא תעשיות בע""מ",FR,שמרית,גרמים,415.00,100 גרם,false,,16.90,0.0407,true,1,53780
7290000453422,false,בצק פילו מצונן ומוכן לאפייה שמרית,"פאקא תעשיות בע""מ",FR,שמרית,גרמים,300.00,100 גרם,false,,14.90,0.0497,true,1,53782
7290000453781,false,שמרים יבשים שמרית 125 גרם,"פאקא תעשיות בע""מ",PT,שמרית,גרמים,125.00,100 גרם,false,,5.90,0.0472,true,1,49703
7290000453798,false,שמרית שמרים יבשים אקטיביים 500 גר',"גי' בי' רכיבים בע""מ",IL,פאקא,גרמים,500.00,100 גרם,false,,12.90,0.0258,true,1,34455
7290000453866,false,נטורינה קוקוס לאפייה שמרית 200ג',גרונבאנג- גרונדנסק א,IL,שמרית,גרמים,200.00,100 גרם,false,,7.50,0.0375,true,1,34714
7290000462141,false,סחוג אדום חריף מאוד (מכסה אדום) 150 גרם,קריניסה ויטמין אס אי,IL,תוצרת מסחרית,גרמים,150.00,100 גרם,false,,7.90,0.0527,true,1,34719
7290000462172,false,סחוג ירוק חריף מאוד מ.ירוק 150 גרם,קריניסה ויטמין אס אי,IL,תוצרת מסחרית,גרמים,150.00,100 גרם,false,,7.90,0.0527,true,1,34720
7290000462981,false,זחוק זהבי חריף אש 15,"זהבי הכרם בועז בע""מ-",IL,שטראוס,גרמים,150.00,100 גרם,false,,8.90,0.0593,true,1,58459
7290000474502,false,גבינה לבנה 5% 250ג' טרה מהדרין,טרה,IL,טרה,גרמים,250.00,100 גרם,false,,4.95,0.0198,true,1,34672
7290000474540,false,גבינה טוב טעם 3% טרה 250ג' מהדרין,טרה,IL,גבינות טרה,גרמים,250.00,100 גרם,false,,10.20,0.0408,true,1,34673
7290000474830,false,גבינה צהובה מגורדת 28% שומן 500 ג' נעם,מילקו תעשיות בעמ,IL,גבינות קשות,גרמים,500.00,100 גרם,false,,27.90,0.0558,true,1,34674
7290000474908,false,ג.נעם 28% מהדרין,טרה,IL,טרה,קילוגרמים,1.00,"ק""ג",true,,44.70,44.7000,true,1,15461
7290000474960,false,ג.נעם 9% מהדרין,,,ג.נעם 9% מהדרין,קילוגרמים,1.00,"ק""ג",true,,70.00,70.0000,true,1,15463
7290000474977,false,ג.נעם 22% מהדרין,,,ג.נעם 22% מהדרין,קילוגרמים,1.00,"ק""ג",true,,42.50,42.5000,true,1,15464
7290000480107,false,קוואקר שיבולת שועל פחית 500 גר',וולקרס סנקס לימיטד,GB,קוואקר,גרמים,500.00,100 גרם,false,,9.90,0.0198,true,1,34519
7290000480442,false,קוואקר שיבולת שועל שקית 500 גר',פריטו ליי FRITO-LAY,IL,קוואקר,גרמים,500.00,100 גרם,false,,8.90,0.0178,true,1,34520
7290000481029,false,עשיריית פיתות תנעמי,יוניליוור גרמניה Gm,IL,פיתות מארז 10 יח,יח,10.00,יח,false,,9.90,0.9900,true,1,56297
7290000481043,false,עשריית פיתות כוסמין,,IL,דגנית,גרמים,700.00,100 גרם,false,,13.90,0.0199,true,1,62928
7290000481074,false,לחם משלושה קמחים מלאים 750 גר,דגנית עין בר,IL,דגנית עין בר,גרמים,750.00,100 גרם,false,,14.90,0.0199,true,1,66903
7290000481197,false,לחם מחמצת גרעינים וש,דגנית עין בר,IL,לחם מחמצת גרעינים וש,גרמים,550.00,100 גרם,false,,16.90,0.0307,true,1,71188
7290000481531,false,דגנית עין בר לחמניות אצבע מחיטה מלאה בשקית 750 ג',יוניליוור גרמניה Gm,IL,דגנית עין בר,גרמים,750.00,100 גרם,false,,10.90,0.0145,true,1,35739
7290000481883,false,דגנית עין בר מארז לחמניות 10 יח'*75 ג',יוניליוור גרמניה Gm,IL,דגנית עין בר,גרמים,750.00,100 גרם,false,,10.90,0.0145,true,1,35740
7290000484747,false,עראק עלית 700 מל 40% כהל,יקב הגליל שווק בעמ,IL,עראק עלית,מיליליטרים,700.00,"100 מ""ל",false,,54.90,0.0784,true,1,34097
7290000493176,false,אבקת רוטב צלי לבשר 22ג' אסם,"אסם השקעות בע""מ",IL,אסם,גרמים,22.00,100 גרם,false,,3.90,0.1773,true,1,33000
7290000493183,false,אבקת רוטב פטריות לבשר-30 גרם,"אסם השקעות בע""מ",IL,אסם,גרמים,30.00,100 גרם,false,,3.90,0.1300,true,1,33001
7290000501291,false,קרפיון טרי,משתנה,IL,קרפיון טרי מנוקה,קילוגרמים,1.00,"ק""ג",true,,29.90,29.9000,true,1,23550
7290000501314,false,בורי טרי,משתנה,IL,בורי טרי גורמה,קילוגרמים,1.00,"ק""ג",true,,49.90,49.9000,true,1,23552
7290000501420,false,פורל טרי,משתנה,IL,פורל טרי גורמה,קילוגרמים,1.00,"ק""ג",true,,69.90,69.9000,true,1,23563
7290000501499,false,מוסר ים טרי,משתנה,IL,מוסר ים טרי גורמה,קילוגרמים,1.00,"ק""ג",true,,69.90,69.9000,true,1,23568
7290000501581,false,אמנון טרי במשקל,משתנה,IL,אמנון טרי גורמה,קילוגרמים,1.00,"ק""ג",true,,38.90,38.9000,true,1,23577
7290000501598,false,דניס טרי במשקל,משתנה,IL,דניס טרי גורמה,קילוגרמים,1.00,"ק""ג",true,,69.90,69.9000,true,1,23578
7290000501697,false,דג ברמונדי טרי,משתנה,,דג ברמונדי טרי,קילוגרמים,1.00,"ק""ג",true,,54.90,54.9000,true,1,23580
7290000501796,false,נתחי פילה סלמון טרי,,,נתחי פילה סלמון טרי,קילוגרמים,1.00,"ק""ג",true,,119.90,119.9000,true,1,65803
7290000501826,false,פילה נסיכת הנילוס טר,משתנה,IL,פילה נסיכת הנילוס טר,קילוגרמים,1.00,"ק""ג",true,,84.90,84.9000,true,1,28623
7290000501901,false,פילה דניס טרי יחידה,,,פילה דניס טרי יחידה,יח',1.00,יח',false,,17.90,17.9000,true,1,30353
7290000501925,false,פילה אמנון טרי יחידה,,IL,פילה אמנון טרי יחידה,יח',1.00,יח',false,,14.90,14.9000,true,1,32417
7290000501963,false,פילה לברק טרי יחידה,,,פילה לברק טרי יחידה,יח',1.00,יח',false,,17.90,17.9000,true,1,50227
7290000501987,false,דניס טרי יחידה,,,דניס טרי יחידה,גרמים,400.00,100 גרם,false,,29.90,0.0747,true,1,58125
7290000501994,false,לברק טרי יחידה כ-400,,,לברק טרי יחידה כ-400,גרמים,400.00,100 גרם,false,,34.90,0.0872,true,1,58126
7290000502113,false,בר ים,משתנה,,בר ים,קילוגרמים,1.00,"ק""ג",true,,99.90,99.9000,true,1,58951
7290000502182,false,פילה נסיכת הנילוס טח,,,פילה נסיכת הנילוס טח,קילוגרמים,1.00,"ק""ג",true,,84.90,84.9000,true,1,59272
7290000502311,false,פילה סלמון טרי,,,פילה סלמון טרי,קילוגרמים,1.00,"ק""ג",true,,119.90,119.9000,true,1,61731
7290000502533,false,פורל טרי מבצע,,,פורל טרי מבצע,קילוגרמים,1.00,"ק""ג",true,,49.90,49.9000,true,1,64728
7290000502540,false,פילה נסיכת הנילוס טר,,,פילה נסיכת הנילוס טר,קילוגרמים,1.00,"ק""ג",true,,59.90,59.9000,true,1,64729
7290000504049,false,סוכרזית קנקן 1200 טבליות,אף.סי תבליני בגליל ב,IL,סוכרזית,גרמים,98.00,100 גרם,false,,17.90,0.1827,true,1,34461
7290000515373,false,לחם שום,,,לחם שום,יח',1.00,יח',false,,3.90,3.9000,true,1,4462
7290000518169,false,מתוק וקל טבליות ממתי,פתח תקווה,IL,מתוק וקל,גרמים,80.00,100 גרם,false,,6.90,0.0863,true,1,32614
7290000518176,false,מתוק וקל ענק 250 שקיות,מתוק וקל בעמ,IL,מתוק וקל,גרמים,250.00,100 גרם,false,,16.90,0.0676,true,1,32615
7290000518190,false,מתוק וקל סטיביה 100 שקיות,מתוק וקל,IL,מתוק וקל,גרמים,200.00,100 גרם,false,,24.90,0.1245,true,1,32616
7290000518251,false,מתוק וקל ממתיק זהב 100 שקיות,פתח תקווה,IL,מתוק וקל,גרמים,100.00,100 גרם,false,,10.90,0.1090,true,1,32619
7290000518336,false,ממתק צמר גפן מתוק מסיבים תזונתיים,מתוק וקל בעמ,IL,MOOSH צמר גפן מתוק,גרמים,10.00,100 גרם,false,,4.90,0.4900,true,1,62236
7290000521008,false,"יין אדום יבש סגל 750 מ""ל",כרמי צבי - אחים סגל,IL,סגל רגיל,מיליליטרים,750.00,"100 מ""ל",false,,19.90,0.0265,true,1,33933
7290000521015,false,"יין סגל לבן יבש 750מ""ל","מיוצר ע""י כרמי צבי-",IL,סגל רגיל,מיליליטרים,750.00,"100 מ""ל",false,,19.90,0.0265,true,1,33934
7290000521404,false,"יין מרום גליל קברנה סוביניון סינגל 750 מ""ל",כרמי צבי אחים סגל בע,IL,מרום גליל,מיליליטרים,750.00,"100 מ""ל",false,,27.90,0.0372,true,1,33938
7290000521411,false,יין מרום גליל סינגל מרלו 750 מל,כרמי צבי אחים סגל בע,IL,מרום גליל,מיליליטרים,750.00,"100 מ""ל",false,,27.90,0.0372,true,1,33939
7290000523125,false,מלח הארץ הים האדום 250 ג' עדין,חברת מלח הארץ אילת ב,IL,מלח הארץ,גרמים,250.00,100 גרם,false,,5.40,0.0216,true,1,34849
7290000523224,false,מלח הארץ הים האדום 500 ג' עדין,חברת מלח הארץ אילת ב,IL,מלח הארץ,גרמים,500.00,100 גרם,false,,7.90,0.0158,true,1,34850
7290000523514,false,מלח הארץ 50% מכמות הנתרן 250 גרם,חברת מלח הארץ אילת ב,IL,מלח הארץ,גרמים,200.00,100 גרם,false,,9.90,0.0495,true,1,34851
7290000523521,false,מלח ים מועשר ביוד 250 ג' מלח הארץ,חברת מלח הארץ אילת ב,IL,מלח הארץ,גרמים,250.00,100 גרם,false,,5.90,0.0236,true,1,34852
7290000523804,false,"מלח עדין צנצנת 1 ק""ג מלח הארץ",חברת מלח הארץ אילת ב,IL,מלח הארץ,קילוגרמים,1.00,"ק""ג",false,,6.90,6.9000,true,1,34853
7290000523811,false,"צנצנת מלח גס 1 ק""ג מלח הארץ",חברת מלח הארץ אילת ב,IL,מלח הארץ,קילוגרמים,1.00,"ק""ג",false,,6.90,6.9000,true,1,34854
7290000525563,false,מארז פחיות ספרייט 15,,,מארז פחיות ספרייט 15,ליטרים,4.95,ליטר,false,,34.90,7.0505,true,1,64996
7290000525662,false,לחמניות קשר 5 יח,,,לחמניות קשר 5 יח,יח',5.00,יח',false,,11.90,2.3800,true,1,21033
7290000525969,false,פרימור סחוט תפוזים טבעי 1ל',"גניר (1992) בע""מ",IL,תוצרת מסחרית,ליטרים,1.00,ליטר,false,,15.90,15.9000,true,1,34724
7290000530024,false,תה מעושן רחב זוגלובק,זוגלובק,IL,זוגלובק,קילוגרמים,1.00,"ק""ג",true,,46.00,46.0000,true,1,24725
7290000530048,false,סלמי פפרוני זוגלובק,זוגלובק,IL,זוגלובק,קילוגרמים,1.00,"ק""ג",true,,56.00,56.0000,true,1,24727
7290000530062,false,סלמי מעו. איטלקי זוג,זוגלובק,IL,זוגלובק,קילוגרמים,1.00,"ק""ג",true,,80.00,80.0000,true,1,24728
7290000530109,false,קבנוס זוגי בואקום זוגלובק 180ג',זוגלובק,IL,זוגלובק,גרמים,360.00,100 גרם,false,,24.90,0.0692,true,1,35666
7290000530116,false,נקניק סלמי מעושן בשן 470 ג' זוגלובק,זוגלובק,IL,זוגלובק,גרמים,470.00,100 גרם,false,,24.90,0.0530,true,1,35667
7290000530178,false,סלמי קוניאק זוגלובק.,זוגלובק,IL,זוגלובק,קילוגרמים,1.00,"ק""ג",true,,83.00,83.0000,true,1,24733
7290000530192,false,נקניק סרבלד זוגלובק,זוגלובק,IL,זוגלובק,קילוגרמים,1.00,"ק""ג",true,,124.00,124.0000,true,1,24734
7290000530260,false,נקניק מורטדלה זוגלוב,זוגלובק,IL,זוגלובק,קילוגרמים,1.00,"ק""ג",true,,35.00,35.0000,true,1,24735
7290000530291,false,נקניק מבשר הודו קטן 800 ג' זוגלובק,זוגלובק,IL,זוגלובק,גרמים,750.00,100 גרם,false,,18.90,0.0252,true,1,35668
7290000530369,false,חזה הודו מעושן גולן,זוגלובק,IL,זוגלובק,קילוגרמים,1.00,"ק""ג",true,,79.00,79.0000,true,1,24737
7290000530413,false,המבורגר זהב זוגלובק 400 גר',זוגלובק,IL,זוגלובק,גרמים,400.00,100 גרם,false,,19.90,0.0497,true,1,35669
7290000530444,false,כתף בקר מעושן זוגלוב,זוגלובק,IL,זוגלובק,קילוגרמים,1.00,"ק""ג",true,,109.00,109.0000,true,1,24739
7290000530468,false,נקניקיות וינר זוגלוב,זוגלובק,IL,זוגלובק,קילוגרמים,1.00,"ק""ג",false,,23.90,23.9000,true,1,35670
7290000530703,false,זוג במארז חרמון הודו + סלמי תה זוגלובק 800 גר',זוגלובק,IL,זוגלובק,גרמים,800.00,100 גרם,false,,25.90,0.0324,true,1,35673
7290000531410,false,פסטרממיה בדבש טהור,זוגלובק,IL,זוגלובק,קילוגרמים,1.00,"ק""ג",true,,79.00,79.0000,true,1,24744
7290000531601,false,סטייק בורגר זהב זוגלובק 400ג',זוגלובק,IL,זוגלובק,גרמים,400.00,100 גרם,false,,19.90,0.0497,true,1,35674
7290000532400,false,ברביקיו חזה הודו זוג,זוגלובק,IL,זוגלובק,קילוגרמים,1.00,"ק""ג",true,,79.00,79.0000,true,1,24749
7290000532721,false,כתף בקר מפולפל טורו,זוגלובק,IL,זוגלובק,קילוגרמים,1.00,"ק""ג",true,,99.00,99.0000,true,1,28246
7290000533681,false,פסטרמה מעושנת הבית,זוגלובק,IL,זוגלובק,קילוגרמים,1.00,"ק""ג",true,,79.00,79.0000,true,1,24752
7290000534718,false,פסטרמה תבור דל שומן,זוגלובק,IL,זוגלובק,קילוגרמים,1.00,"ק""ג",true,,79.00,79.0000,true,1,24754
7290000534800,false,פסטרמה רומנית 4% זוג,זוגלובק,IL,זוגלובק,קילוגרמים,1.00,"ק""ג",true,,79.00,79.0000,true,1,24755
7290000534824,false,חרמון-חזה הודו מעושן,זוגלובק,IL,זוגלובק,קילוגרמים,1.00,"ק""ג",true,,47.00,47.0000,true,1,24757
7290000535968,false,בורקס מים במשקל,,,בורקס מים במשקל,קילוגרמים,1.00,"ק""ג",true,,59.90,59.9000,true,1,62332
7290000536743,false,קריספי סטיקס תירס 500 ג' זוגלובק,זוגלובק,IL,זוגלובק,גרמים,500.00,100 גרם,false,,11.90,0.0238,true,1,35677
7290000537566,false,נקניקיות עוף טרי 400 ג' זוגלובק,זוגלובק,IL,זוגלובק,גרמים,400.00,100 גרם,false,,9.90,0.0248,true,1,35679
7290000537603,false,נקניקיות עוף זוגלובק,זוגלובק,IL,זוגלובק,קילוגרמים,1.00,"ק""ג",false,,23.90,23.9000,true,1,35680
7290000541884,false,קופון יוחננוף חטיף פ,,,קופון יוחננוף חטיף פ,יח',1.00,יח',false,,0.01,0.0100,true,1,71225
7290000542874,false,קופון יוחננוף וויסקי,,,קופון יוחננוף וויסקי,יח,1.00,יח,false,,0.01,0.0100,true,1,58504
7290000551234,false,שאריות נקניק,,,שאריות נקניק,קילוגרמים,1.00,"ק""ג",true,,25.00,25.0000,true,1,22243
7290000552569,false,סטייק בורגר נטו 400 גרם,"טיבון ויל אחזקות בע""",IL,טיבון ויל,גרמים,400.00,100 גרם,false,,17.90,0.0447,true,1,34277
7290000554006,false,גבינה קשקבלו משולשים,מחלבות גד,IL,מחלבות גד,קילוגרמים,1.00,"ק""ג",true,,119.00,119.0000,true,1,46889
7290000554402,false,מלבי מעדן חלב גד 170,"מיוצר ע""י קוד יצרן E",IL,מחלבות גד,גרמים,160.00,100 גרם,false,,6.00,0.0375,true,1,34223
7290000554457,false,גבינה צפתית מיני 5% גד 350ג',"מחלבות גד בע""מ",IL,מחלבות גד,גרמים,350.00,100 גרם,false,,21.50,0.0614,true,1,34224
7290000554471,false,גבינת מוצרלה 22% נקניק 180ג' גד,"מחלבות גד בע""מ",IL,מחלבות גד,גרמים,180.00,100 גרם,false,,17.00,0.0944,true,1,34225
7290000554532,false,גבינה צפתית מעודנת במלח ים 5% 200 ג' גד,הנסיך- מפעל לייצור ט,IL,מחלבות גד,גרמים,200.00,100 גרם,false,,11.80,0.0590,true,1,34226
7290000554600,false,מוצרלה מגורדת 18% 300 גרם - רובין,מחלבות גד בעמ,IL,מחלבות גד,גרמים,300.00,100 גרם,false,,26.00,0.0867,true,1,34227
7290000554624,false,ירח מתוק 3% 150 גרם רובין,"מיוצר ע""י קוד יצרן E",IL,מחלבות גד,גרמים,150.00,100 גרם,false,,6.00,0.0400,true,1,34228
7290000554655,false,מוצרלה נקניק מעושן 2,מחלבות גד,IL,מחלבות גד,קילוגרמים,1.00,"ק""ג",true,,84.00,84.0000,true,1,46890
7290000554686,false,לאבנה שמן זית וזעתר 5% 250 גרם - רבנות,מחלבות גד בעמ,IL,מחלבות גד,גרמים,250.00,100 גרם,false,,12.90,0.0516,true,1,34230
7290000554754,false,גבינה מוצרלה כדורקטן,מחלבות גד,IL,מחלבות גד,קילוגרמים,1.00,"ק""ג",true,,98.00,98.0000,true,1,46891
7290000554815,false,"גבינת מוצרלה טבעי ק""",מחלבות גד,IL,מחלבות גד,קילוגרמים,1.00,"ק""ג",true,,80.00,80.0000,true,1,46892
7290000554822,false,גבינת ריקוטה טבעי 5% שומן 250 ג' גד,מחלבות גד בעמ,IL,מחלבות גד,גרמים,250.00,100 גרם,false,,14.30,0.0572,true,1,34233
7290000554839,false,שמנת מתוקה קשה בסגנון איטלקי 40% שומן 250 ג' גד,מחלבות גד בעמ,IL,מחלבות גד,גרמים,250.00,100 גרם,false,,21.90,0.0876,true,1,34234
7290000554891,false,בולגרית מעודנת 16% ש,יושלם,IL,מחלבות גד,קילוגרמים,1.00,"ק""ג",true,,59.00,59.0000,true,1,13117
7290000554921,false,גבינת אורדה4.5% משקל,מחלבות גד,IL,מחלבות גד,קילוגרמים,1.00,"ק""ג",true,,55.00,55.0000,true,1,13119
7290000554969,false,גבינת שמנת גד 30% לק,מחלבות גד,IL,מחלבות גד,קילוגרמים,1.00,"ק""ג",true,,40.00,40.0000,true,1,13121
7290000554976,false,גבינה שמנה זיתים30%,מחלבות גד,IL,מחלבות גד,קילוגרמים,1.00,"ק""ג",true,,40.00,40.0000,true,1,13122
7290000554983,false,"לאבנה ק""ג.",מחלבות גד,IL,מחלבות גד,קילוגרמים,1.00,"ק""ג",true,,39.00,39.0000,true,1,13123
7290000554990,false,גבינה מוצרלה כדור גד,מחלבות גד,IL,מחלבות גד,קילוגרמים,1.00,"ק""ג",true,,80.00,80.0000,true,1,13124
7290000556352,false,סופגניה רגילה,,,סופגניה רגילה,יח,1.00,יח,false,,3.90,3.9000,true,1,59285
7290000560533,false,אדג' ג'ל ירוק לעור רגיל 198גרם,אס.סי ג'ונסון ובניו,US,אדג',מיליליטרים,200.00,"100 מ""ל",false,,15.90,0.0795,true,1,33284
7290000560540,false,אדג' ג'ל כתום לעור רגיש 198גרם,המאפיה של הרמן,US,אדג',מיליליטרים,200.00,"100 מ""ל",false,,15.90,0.0795,true,1,33285
7290000571188,false,גבינת גאודה תום עיזים במשקל,תנובה מרכז שיתופי לש,IL,בית יצחק,קילוגרמים,1.00,"ק""ג",true,,139.00,139.0000,true,1,18231
7290000571232,false,גבינת גאודה טבעית פרוס 30% המחלווה 150ג',גבינות משק אחים מאיר,IL,בית יצחק,גרמים,150.00,100 גרם,false,,24.00,0.1600,true,1,35122
7290000571386,false,יוגורמה יוגורט כבשים 850 גר,גבינות משק אחים מאיר,IL,בית יצחק,גרמים,850.00,100 גרם,false,,23.90,0.0281,true,1,35124
7290000571478,false,גבינת תום עיזים פרוס 200 גרם,גבינות משק אחים מאיר,IL,בית יצחק,גרמים,200.00,100 גרם,false,,35.20,0.1760,true,1,35126
7290000571812,false,פרמזן מגורד המחלבה 200 גר,גבינות משק אחים מאיר,IL,בית יצחק,גרמים,200.00,100 גרם,false,,17.90,0.0895,true,1,35129
7290000571881,false,"משקה יוגורט מחלב עיזים 3.6% 500 מ""ל",גבינות משק אחים מאיר,IL,תנובה,מיליליטרים,500.00,"100 מ""ל",false,,12.90,0.0258,true,1,50313
7290000571928,false,"יוגורמה כבשים עם גרעינים, אגוזים וחמוציות ממותקות",המחלבה מבית יצחק,IL,יוגורמה,גרמים,142.00,100 גרם,false,,6.40,0.0451,true,1,58521
7290000571935,false,יוגורמה יוגורט כבשים עם גרנולה 140 גר,המחלבה מבית יצחק,IL,יוגורמה,גרמים,142.00,100 גרם,false,,6.40,0.0451,true,1,58522
7290000572208,false,חלבה חטיף וניל אחווה 100ג',שוורצקוף& הנקל דיסלד,IL,אחוה,גרמים,100.00,100 גרם,false,,2.90,0.0290,true,1,32752
7290000572222,false,חלבה וניל בבלוק אחווה 500ג',שוורצקוף& הנקל דיסלד,IL,אחוה,גרמים,500.00,100 גרם,false,,10.90,0.0218,true,1,32753
7290000572628,false,חטיפי חלווה ללא סוכר בקופסא 250 גרם,שוורצקוף& הנקל דיסלד,IL,אחוה,גרמים,275.00,100 גרם,false,,12.90,0.0469,true,1,32754
7290000572673,false,אחווה חטיף חלווה ט.שונים 12*25גר,שוורצקוף& הנקל דיסלד,IL,אחוה,גרמים,300.00,100 גרם,false,,12.90,0.0430,true,1,32756
7290000574035,false,לחם אחיד פרוס 750ג' דגנית עין בר,יוניליוור גרמניה Gm,IL,לחם אחיד פרוס 750 גר,גרמים,750.00,100 גרם,false,,6.50,0.0087,true,1,37929
7290000574141,false,לחם חיטה מלא 750ג' דגנית עין בר,דגנית עין בר תעשיות,IL,לחם חיטה מלא,גרמים,750.00,100 גרם,false,,11.90,0.0159,true,1,35743
7290000574172,false,לחם קל מחיטה מלאה 750 ג' דגנית עין בר,יוניליוור גרמניה Gm,IL,לחם קל מחיטה מלאה,גרמים,750.00,100 גרם,false,,11.90,0.0159,true,1,35744
7290000574455,false,לחם חיטה מלא פלוס כוסמין 750 ג' דגנית עין בר,דגנית עין בר,IL,לחם חיטה וכוסמין,גרמים,750.00,100 גרם,false,,13.90,0.0185,true,1,35746
7290000599434,false,3 סחבות לרצפה Shiny,נועם אורים תעשיות בע,IL,Shiny,יח',3.00,יח',false,,7.90,2.6333,true,1,36371
7290000599564,false,צמר פלדה Classic,,,צמר פלדה Classic,1,70.00,1,false,,2.90,0.0414,true,1,49352
7290000599946,false,6 ספוגי הפלא Shiny,מ.א ייצור ושיווק מטל,IL,Shiny,יח',6.00,יח',false,,4.90,0.8167,true,1,36375
7290000600550,false,"מנה 45 ש""ח",,,"מנה 45 ש""ח",יח',1.00,יח',false,,45.00,45.0000,true,1,49268
7290000621555,false,קופון יוחננוף סבון פ,,,קופון יוחננוף סבון פ,יח',1.00,יח',false,,0.01,0.0100,true,1,67525
7290000623559,false,צדר אנגלי כתום,שבינגטון,GB,שבינגטון,קילוגרמים,1.00,"ק""ג",true,,129.00,129.0000,true,1,13273
7290000644783,false,סלמון מנות רביעיה תנ,טרוטל,NO,דגי תנובה,קילוגרמים,1.00,"ק""ג",true,,79.90,79.9000,true,1,48458
7290000646299,false,פילה נסיכת הנילוס קפוא,דגי תנובה,ZA,פילה נסיכת הנילוס תנ,קילוגרמים,1.00,"ק""ג",true,,39.90,39.9000,true,1,56299
7290000647814,false,סופגניה מיני 6ב14,,,סופגניה מיני 6ב14,יח,6.00,יח,false,,14.00,2.3333,true,1,70431
7290000649733,false,קופון יוחננוף גלנפיד,,,קופון יוחננוף גלנפיד,יח',1.00,יח',false,,0.01,0.0100,true,1,70052
7290000659213,false,פילה סלמון תנובה קפו,,,תנובה,קילוגרמים,1.00,"ק""ג",true,,69.90,69.9000,true,1,71341
7290000659312,false,דגי תנובה פילה סלומון קפוא בוואקום,PEQUERA DEL,IL,תנובה,קילוגרמים,1.00,"ק""ג",true,,69.90,69.9000,true,1,48463
7290000662213,false,נתח פילה סלמון תנובה,הרמס,NO,תנובה,קילוגרמים,1.00,"ק""ג",true,,79.90,79.9000,true,1,50173
7290000663098,false,שווארמה ריב אנטריקות,זוהר בשר,IL,שווארמה ריב אנטריקוט,גרמים,300.00,100 גרם,false,,34.90,0.1163,true,1,61636
7290000663104,false,שווארמה פרגית להקפצה,זוהר בשר,IL,שווארמה פרגית 300 גר,גרמים,300.00,100 גרם,false,,34.90,0.1163,true,1,61637
7290000665887,false,קופון יוחננוף גבינת,,,קופון יוחננוף גבינת,יח',1.00,יח',false,,0.01,0.0100,true,1,71231
7290000666666,false,גניבה מוצרים מכלת,,,גניבה מוצרים מכלת,יח',1.00,יח',false,,1.00,1.0000,true,1,49609
7290000688381,false,שישיית מי עדן פקק ספורט 0.5 ליטר,"מי עדן בע""מ",IL,מי עדן,ליטרים,3.00,ליטר,false,,12.90,4.3000,true,1,34029
7290000688503,false,"שישיית מי עדן ג'ים 750 מ""ל","מי עדן בע""מ",IL,מי עדן,ליטרים,4.50,ליטר,false,,12.90,2.8667,true,1,34030
7290000692203,false,אג'קס ניקוי כללי 2לימון-מרכז,הנסיך- מפעל לייצור ט,GR,אג'קס,ליטרים,2.00,ליטר,false,,19.90,9.9500,true,1,35308
7290000692227,false,נוזל כלים פלמוליב צילינדר קלאסי 1 ליטר,יבואן ומשווק: ש. שסט,GR,פלמוליב כלים,ליטרים,1.00,ליטר,false,,9.90,9.9000,true,1,35310
7290000692456,false,אג'קס חלונות זוג 750*2 מל ספריי ורפיל,הנסיך- מפעל לייצור ט,GR,אגקס חלונות זוג,ליטרים,1.50,ליטר,false,,24.90,16.6000,true,1,35312
7290000698571,false,שווארמה פרגית,יצור עצמי,IL,שווארמה פרגית,קילוגרמים,1.00,"ק""ג",true,,69.00,69.0000,true,1,257
7290000721347,false,תרומה סופגניה לחיילי,,,תרומה סופגניה לחיילי,יח',1.00,יח',false,,3.90,3.9000,true,1,71181
7290000749853,false,מארז פחיות קוקה קולה,,,מארז פחיות קוקה קולה,ליטרים,4.95,ליטר,false,,34.90,7.0505,true,1,64997
7290000771175,false,פילה סלמון,יצור עצמי,IL,פילה סלומון,קילוגרמים,1.00,"ק""ג",true,,119.00,119.0000,true,1,267
7290000777306,false,פטריות מוקפצות,יצור עצמי,IL,פטריות מוקפצות,קילוגרמים,1.00,"ק""ג",true,,59.00,59.0000,true,1,279
7290000777993,false,שעועית לבנה ברוטב,יצור עצמי,IL,שעועית לבנה,קילוגרמים,1.00,"ק""ג",true,,45.00,45.0000,true,1,301
7290000778068,false,מרלוזה מטוגן,יצור עצמי,IL,מרלוזה מטוגן,קילוגרמים,1.00,"ק""ג",true,,79.00,79.0000,true,1,304
7290000800127,false,מקרל בעישון קר,,,פלמידה בעישון קר,קילוגרמים,1.00,"ק""ג",true,,70.00,70.0000,true,1,19111
7290000803067,false,"אלמקס משחת שיניים לילדים 75 מ""ל",הנסיך- מפעל לייצור ט,PL,אלמקס,גרמים,75.00,100 גרם,false,,15.90,0.2120,true,1,35314
7290000803180,false,מרידול מי פהשטיפה דנטלית 400 מל,קולגייט פלמוליב,CH,מרידול מי פה,מיליליטרים,400.00,"100 מ""ל",false,,24.90,0.0622,true,1,35315
7290000805900,false,"לה קט עוף 2.85 ק""ג","ביופט בע""מ",FR,לה קט,קילוגרמים,2.85,"ק""ג",false,,59.90,21.0175,true,1,37651
7290000805917,false,"לה קט כבד 2.85 ק""ג","ביופט בע""מ",FR,לה קט,קילוגרמים,2.85,"ק""ג",false,,59.90,21.0175,true,1,50231
7290000805924,false,מזון חתולים לה קט דג,"ביופט בע""מ",IL,לה קט,קילוגרמים,2.85,"ק""ג",false,,59.90,21.0175,true,1,35459
7290000811789,false,מרק קטן,יצור עצמי,IL,מרק קטן,יח',1.00,יח',false,,10.00,10.0000,true,1,311
7290000814988,false,קבב מסעדות חלק,,,קבב מסעדות חלק,קילוגרמים,1.00,"ק""ג",true,,49.90,49.9000,true,1,49305
7290000823317,false,אוסובוקו במשקל,,,אוסובוקו במשקל,קילוגרמים,1.00,"ק""ג",true,,99.00,99.0000,true,1,64329
7290000848549,false,קופון יוחננוף פרסיל,,,קופון יוחננוף פרסיל,יח',1.00,יח',false,,0.01,0.0100,true,1,65911
7290000866208,false,מרגז,יצור עצמי,IL,נקניקיות מרגז,קילוגרמים,1.00,"ק""ג",true,,69.00,69.0000,true,1,316
7290000866222,false,פלפל ממולא,יצור עצמי,IL,פלפל ממולא צמחוני,קילוגרמים,1.00,"ק""ג",true,,59.00,59.0000,true,1,318
7290000866239,false,בצל ממולא,יצור עצמי,IL,בצל ממולא,קילוגרמים,1.00,"ק""ג",true,,79.00,79.0000,true,1,319
7290000881195,false,קרפלך במילוי,יצור עצמי,IL,קרפלך במילוי,קילוגרמים,1.00,"ק""ג",true,,59.00,59.0000,true,1,322
7290000883373,false,קציצות עוף,יצור עצמי,IL,קציצות עוף,קילוגרמים,1.00,"ק""ג",true,,59.00,59.0000,true,1,323
7290000884424,false,לביבות,יצור עצמי,IL,לביבות,קילוגרמים,1.00,"ק""ג",true,,39.00,39.0000,true,1,324
7290000888019,false,אורז במבחר טעמים,יצור עצמי,IL,אורז במבחר טעמים,קילוגרמים,1.00,"ק""ג",true,,29.00,29.0000,true,1,325
7290000888026,false,"תפו""א אפוי",יצור עצמי,IL,"תפו""א אפוי",קילוגרמים,1.00,"ק""ג",true,,19.00,19.0000,true,1,326
7290000888040,false,שניצל,יצור עצמי,IL,שניצל,קילוגרמים,1.00,"ק""ג",true,,69.00,69.0000,true,1,327
7290000888071,false,פילה אמנון ברוטב,יצור עצמי,IL,דג מושט,קילוגרמים,1.00,"ק""ג",true,,59.00,59.0000,true,1,329
7290000888088,false,דג דניס שלם,יצור עצמי,IL,דג דניס,קילוגרמים,1.00,"ק""ג",true,,99.00,99.0000,true,1,330
7290000888095,false,נסיכת הנילוס ברוטב,יצור עצמי,IL,דג נסיכה,קילוגרמים,1.00,"ק""ג",true,,89.00,89.0000,true,1,331
7290000888101,false,קציצות דגים,יצור עצמי,IL,קציצות דגים,קילוגרמים,1.00,"ק""ג",true,,59.00,59.0000,true,1,332
7290000888125,false,קוסקוס,יצור עצמי,IL,קוסקוס,קילוגרמים,1.00,"ק""ג",true,,29.00,29.0000,true,1,333
7290000888156,false,אפונה עם גזר,יצור עצמי,IL,אפונה עם גזר,קילוגרמים,1.00,"ק""ג",true,,45.00,45.0000,true,1,334
7290000888163,false,ארטישוק ממולא,יצור עצמי,IL,ארטישוק ממולא,קילוגרמים,1.00,"ק""ג",true,,79.00,79.0000,true,1,335
7290000888194,false,מוסקה,יצור עצמי,IL,מוסקה,קילוגרמים,1.00,"ק""ג",true,,79.00,79.0000,true,1,336
7290000888217,false,סיגרים/פסטלים מטוגני,יצור עצמי,IL,סיגרים מטוגנים,קילוגרמים,1.00,"ק""ג",true,,59.00,59.0000,true,1,337
7290000888248,false,קציצות בקר,יצור עצמי,IL,קציצות בקר,קילוגרמים,1.00,"ק""ג",true,,59.00,59.0000,true,1,338
7290000888286,false,פרגיות על האש,יצור עצמי,IL,פרגיות על האש,קילוגרמים,1.00,"ק""ג",true,,89.00,89.0000,true,1,340
7290000888309,false,דג סול מטוגן,יצור עצמי,IL,דג סול בציפוי,קילוגרמים,1.00,"ק""ג",true,,79.00,79.0000,true,1,342
7290000888415,false,ספגטי,יצור עצמי,IL,ספגטי,קילוגרמים,1.00,"ק""ג",true,,39.00,39.0000,true,1,348
7290000888422,false,פירה,יצור עצמי,IL,פירה,קילוגרמים,1.00,"ק""ג",true,,35.00,35.0000,true,1,349
7290000888446,false,חזה עוף בגריל,יצור עצמי,IL,חזה עוף בגריל,קילוגרמים,1.00,"ק""ג",true,,69.00,69.0000,true,1,351
7290000888644,false,גבץ,יצור עצמי,IL,רטטוי צרפתי,קילוגרמים,1.00,"ק""ג",true,,45.00,45.0000,true,1,38201
7290000888668,false,עוף שלם בגריל,יצור עצמי,IL,עוף שלם בגריל,יח',1.00,יח',false,,39.00,39.0000,true,1,355
7290000888859,false,אגרול מטוגן,יצור עצמי,IL,פסטלים/אגרול,קילוגרמים,1.00,"ק""ג",true,,59.00,59.0000,true,1,361
7290000888866,false,קובה מטוגנת,יצור עצמי,IL,קובה מטוגנת,קילוגרמים,1.00,"ק""ג",true,,39.00,39.0000,true,1,362
7290000888910,false,פסטה בולונז,יצור עצמי,IL,פסטה בולונז,קילוגרמים,1.00,"ק""ג",true,,49.00,49.0000,true,1,367
7290000888941,false,ציפס במשקל,יצור עצמי,IL,ציפס,קילוגרמים,1.00,"ק""ג",true,,29.00,29.0000,true,1,369
7290000888972,false,בטטה אפויה,יצור עצמי,IL,בטטה בעשבי תיבול,קילוגרמים,1.00,"ק""ג",true,,35.00,35.0000,true,1,370
7290000889054,false,קבב בקר,יצור עצמי,IL,קבב בקר,קילוגרמים,1.00,"ק""ג",true,,69.00,69.0000,true,1,374
7290000889191,false,אפונה,יצור עצמי,IL,אפונה,קילוגרמים,1.00,"ק""ג",true,,45.00,45.0000,true,1,383
7290000889207,false,מאפה במילוי בשר,יצור עצמי,IL,מאפה במילוי בשר,קילוגרמים,1.00,"ק""ג",true,,69.00,69.0000,true,1,384
7290000899053,false,חמין,,,חמין,קילוגרמים,1.00,"ק""ג",true,,69.00,69.0000,true,1,49746
7290000907970,false,פסטרמה כפרית טירת צב,טירת- צבי,IL,טירת- צבי,קילוגרמים,1.00,"ק""ג",true,,50.00,50.0000,true,1,23751
7290000911014,false,ארוחת עובד יוחננוף,יצור עצמי,IL,ארוחת עובד,יח',1.00,יח',false,,15.00,15.0000,true,1,388
7290000911236,false,כוסמת,יצור עצמי,IL,כוסמת,קילוגרמים,1.00,"ק""ג",true,,35.00,35.0000,true,1,390
7290000911243,false,בורגול חם,יצור עצמי,IL,בורגול פקאן,קילוגרמים,1.00,"ק""ג",true,,45.00,45.0000,true,1,391
7290000911250,false,מוקפץ נודלס ו,יצור עצמי,IL,מוקפץ נודלס וירקות,קילוגרמים,1.00,"ק""ג",true,,29.00,29.0000,true,1,392
7290000911274,false,אנטיפסטי,יצור עצמי,IL,אנטיפסטי,קילוגרמים,1.00,"ק""ג",true,,59.00,59.0000,true,1,393
7290000911311,false,מרק קוסקוס,יצור עצמי,IL,מרק קוסקוס,קילוגרמים,1.00,"ק""ג",true,,39.00,39.0000,true,1,395
7290000911342,false,זיתים ברוטב עגבניות,יצור עצמי,IL,זיתים ברוטב עגבניות,קילוגרמים,1.00,"ק""ג",true,,55.00,55.0000,true,1,398
7290000911359,false,שעועית ירוקה מוקפצת,יצור עצמי,IL,שעועית ירוקה מוקפצת,קילוגרמים,1.00,"ק""ג",true,,45.00,45.0000,true,1,399
7290000911366,false,במיה ברוטב עגבניות,יצור עצמי,IL,במיה ברוטב עגבניות,קילוגרמים,1.00,"ק""ג",true,,45.00,45.0000,true,1,400
7290000911397,false,שניצלונים,יצור עצמי,IL,שניצלונים,קילוגרמים,1.00,"ק""ג",true,,69.00,69.0000,true,1,403
7290000911533,false,מוקפץ פרגיות,יצור עצמי,IL,מוקפץ פרגיות,קילוגרמים,1.00,"ק""ג",true,,69.00,69.0000,true,1,409
7290000911564,false,צלי בקר,יצור עצמי,IL,צלי בקר ביין אדום,קילוגרמים,1.00,"ק""ג",true,,109.00,109.0000,true,1,411
7290000911601,false,אושפלאו בשרי,יצור עצמי,IL,אושפילו בשרי,קילוגרמים,1.00,"ק""ג",true,,59.00,59.0000,true,1,413
7290000911687,false,כרעיים,,,כרעיים,קילוגרמים,1.00,"ק""ג",true,,59.00,59.0000,true,1,415
7290000911755,false,לשון בקר,יצור עצמי,IL,לשון בקר ברוטב סלרי,קילוגרמים,1.00,"ק""ג",true,,99.00,99.0000,true,1,416
7290000911809,false,מפרום,יצור עצמי,IL,מפרום,קילוגרמים,1.00,"ק""ג",true,,79.00,79.0000,true,1,418
7290000912349,false,כדורי מוצרלה 22%,מחלבת פרי זה לי,IL,מחלבת פרי זה לי,קילוגרמים,1.00,"ק""ג",true,,69.00,69.0000,true,1,7199
7290000922997,false,גבינת חלומי 21%,מחלבת פרי זה לי,IL,מחלבת פרי זה לי,קילוגרמים,1.00,"ק""ג",true,,75.00,75.0000,true,1,7201
7290000930183,false,סלט מאשוויה במשקל,,,סלט מאשוויה במשקל,קילוגרמים,1.00,"ק""ג",true,,49.00,49.0000,true,1,61798
7290000930190,false,סלט פלפלים אש טוניסא,,,סלט פלפלים אש טוניסא,קילוגרמים,1.00,"ק""ג",true,,65.00,65.0000,true,1,61799
7290000946580,false,תיק רב פעמי יוחננוף,,,תיק רב פעמי יוחננוף,יח',1.00,יח',false,,3.90,3.9000,true,1,37853
7290000961804,false,תבלין עמבה,ברכת קטיף,IL,דלעת ארוז,קילוגרמים,1.00,"ק""ג",true,,8.90,8.9000,true,1,50739
7290000963457,false,משטח עץ שבור,,,משטח עץ שבור,יח',1.00,יח',false,,3.00,3.0000,true,1,54336
7290000963631,false,משטח עץ,,,משטח עץ,יח',1.00,יח',false,,6.00,6.0000,true,1,54337
7290000966151,false,קובה ברוטב,יצור עצמי,IL,קובה במיה,קילוגרמים,1.00,"ק""ג",true,,69.00,69.0000,true,1,447
7290000966182,false,כרוב ממולא,יצור עצמי,IL,כרוב ממולא,קילוגרמים,1.00,"ק""ג",true,,79.00,79.0000,true,1,449
7290000971124,false,תבשיל גולש במשקל,יצור עצמי,IL,גולש הונגרי,קילוגרמים,1.00,"ק""ג",true,,89.00,89.0000,true,1,455
7290000975269,false,אסאדו בתנור,,,אסאדו בתנור,קילוגרמים,1.00,"ק""ג",true,,119.00,119.0000,true,1,51668
7290000976433,false,קשיו קלוי תפזורת,"דין שיווק וקלייה בע""",VN,תפזורת - ללא מותג,קילוגרמים,1.00,"ק""ג",true,,89.00,89.0000,true,1,24086
7290000976457,false,גרעין אבטיח קלוי תפז,"דין שיווק וקלייה בע""",IL,תפזורת - ללא מותג,קילוגרמים,1.00,"ק""ג",true,,59.00,59.0000,true,1,24087
7290000976471,false,גרעיני דלעת קלופים ת,"דין שיווק וקלייה בע""",IL,תפזורת - ללא מותג,קילוגרמים,1.00,"ק""ג",true,,55.00,55.0000,true,1,24088
7290000976501,false,צימוק חום תפזורת,"דין שיווק וקלייה בע""",US,תפזורת - ללא מותג,קילוגרמים,1.00,"ק""ג",true,,29.00,29.0000,true,1,24089
7290000976532,false,אפונה תפזורת,"דין שיווק וקלייה בע""",CN,תפזורת - ללא מותג,קילוגרמים,1.00,"ק""ג",true,,45.00,45.0000,true,1,24090
7290000976556,false,צנובר במשקל תפזורת,"דין שיווק וקלייה בע""",CN,תפזורת - ללא מותג,קילוגרמים,1.00,"ק""ג",true,,195.00,195.0000,true,1,24091
7290000976594,false,פול מצרי תפזורת,"דין שיווק וקלייה בע""",CN,תפזורת - ללא מותג,קילוגרמים,1.00,"ק""ג",true,,49.00,49.0000,true,1,24092
7290000976600,false,משמש מיובש תפזורת,"דין שיווק וקלייה בע""",TR,תפזורת - ללא מותג,קילוגרמים,1.00,"ק""ג",true,,54.00,54.0000,true,1,24093
7290000976662,false,פקאן טבעי במשקל תפז,"דין שיווק וקלייה בע""",US,תפזורת - ללא מותג,קילוגרמים,1.00,"ק""ג",true,,99.00,99.0000,true,1,24094
7290000976716,false,תירס /סויה תפזורת,"דין שיווק וקלייה בע""",CN,תפזורת - ללא מותג,קילוגרמים,1.00,"ק""ג",true,,49.00,49.0000,true,1,24095
7290000976747,false,בונדוק קלוי תפזורת,"דין שיווק וקלייה בע""",TR,תפזורת - ללא מותג,קילוגרמים,1.00,"ק""ג",true,,89.00,89.0000,true,1,24096
7290000976754,false,מנצ'ס תפזורת,"דין שיווק וקלייה בע""",NL,תפזורת - ללא מותג,קילוגרמים,1.00,"ק""ג",true,,55.00,55.0000,true,1,24097
7290000976761,false,אגוזים קלופים תפזורת,"דין שיווק וקלייה בע""",US,תפזורת - ללא מותג,קילוגרמים,1.00,"ק""ג",true,,59.00,59.0000,true,1,24098
7290000976778,false,שקד מולבן משובב,"דין שיווק וקלייה בע""",US,תפזורת - ללא מותג,קילוגרמים,1.00,"ק""ג",true,,79.00,79.0000,true,1,24099
7290000976785,false,קשיו מסוכר במשקל,"דין שיווק וקלייה בע""",IL,תפזורת - ללא מותג,קילוגרמים,1.00,"ק""ג",true,,85.00,85.0000,true,1,24100
7290000976846,false,פיסטוק חלבי קלוף תפז,"דין שיווק וקלייה בע""",TR,תפזורת - ללא מותג,קילוגרמים,1.00,"ק""ג",true,,150.00,150.0000,true,1,24102
7290000976860,false,שקד מולבן חצאים תפזו,"דין שיווק וקלייה בע""",US,תפזורת - ללא מותג,קילוגרמים,1.00,"ק""ג",true,,79.00,79.0000,true,1,24104
7290000976884,false,פקאן סיני תפזורת,"דין שיווק וקלייה בע""",IL,תפזורת - ללא מותג,קילוגרמים,1.00,"ק""ג",true,,99.00,99.0000,true,1,24105
7290000977010,false,קבוקים תפזורת,"דין שיווק וקלייה בע""",IL,תפזורת - ללא מותג,קילוגרמים,1.00,"ק""ג",true,,26.00,26.0000,true,1,24106
7290000977027,false,פיסטוק ענק קלוי תפזו,"דין שיווק וקלייה בע""",US,תפזורת - ללא מותג,קילוגרמים,1.00,"ק""ג",true,,89.00,89.0000,true,1,24107
7290000977065,false,חומוס קלוי,"דין שיווק וקלייה בע""",TR,תפזורת - ללא מותג,קילוגרמים,1.00,"ק""ג",true,,39.00,39.0000,true,1,24108
7290000977089,false,קשיו טבעי תפזורת,"דין שיווק וקלייה בע""",CN,תפזורת - ללא מותג,קילוגרמים,1.00,"ק""ג",true,,85.00,85.0000,true,1,24109
7290000977102,false,תערובת פיצוחים מיוחד,דין שיווק,TR,תערובת פיצוחים מיוחדת תפז,קילוגרמים,1.00,"ק""ג",true,,85.00,85.0000,true,1,24110
7290000977140,false,מקדמיה טבעית תפזורת,"דין שיווק וקלייה בע""",US,תפזורת - ללא מותג,קילוגרמים,1.00,"ק""ג",true,,150.00,150.0000,true,1,24111
7290000977324,false,בוטן מסוכר תפזורת,"דין שיווק וקלייה בע""",IL,תפזורת - ללא מותג,קילוגרמים,1.00,"ק""ג",true,,49.00,49.0000,true,1,24112
7290000977355,false,בוטן אמריקאי תפזורת,"דין שיווק וקלייה בע""",IL,תפזורת - ללא מותג,קילוגרמים,1.00,"ק""ג",true,,29.00,29.0000,true,1,24113
7290000977454,false,גרעין שחור קלוי במלח,"דין שיווק וקלייה בע""",IL,תפזורת - ללא מותג,קילוגרמים,1.00,"ק""ג",true,,29.00,29.0000,true,1,24114
7290000977478,false,בוטנים קלויים תפזורת,"דין שיווק וקלייה בע""",CN,תפזורת - ללא מותג,קילוגרמים,1.00,"ק""ג",true,,39.00,39.0000,true,1,24115
7290000977485,false,גרעין לבן קלוי תפזור,"דין שיווק וקלייה בע""",CN,תפזורת - ללא מותג,קילוגרמים,1.00,"ק""ג",true,,49.00,49.0000,true,1,24116
7290000977645,false,חטיף יפני תפזורת,"דין שיווק וקלייה בע""",NL,תפזורת - ללא מותג,קילוגרמים,1.00,"ק""ג",true,,65.00,65.0000,true,1,24119
7290000977676,false,שקדים קלויים תפזורת,"דין שיווק וקלייה בע""",IL,תפזורת - ללא מותג,קילוגרמים,1.00,"ק""ג",true,,89.00,89.0000,true,1,24120
7290000977683,false,פקאן קלוף קלוי תפזור,"דין שיווק וקלייה בע""",US,תפזורת - ללא מותג,קילוגרמים,1.00,"ק""ג",true,,119.00,119.0000,true,1,24121
7290000977706,false,אגוז ברזיל טבעי תפזו,,,אגוז ברזיל טבעי תפזורת,קילוגרמים,1.00,"ק""ג",true,,89.00,89.0000,true,1,24123
7290000977751,false,צימוק לבן גדול תפזור,"דין שיווק וקלייה בע""",US,תפזורת - ללא מותג,קילוגרמים,1.00,"ק""ג",true,,42.00,42.0000,true,1,24126
7290000977782,false,תאנים יבשות גדולות,"דין שיווק וקלייה בע""",TR,תפזורת - ללא מותג,קילוגרמים,1.00,"ק""ג",true,,49.00,49.0000,true,1,24127
7290000977799,false,שזיפים ללא גלעין תפז,"דין שיווק וקלייה בע""",US,תפזורת - ללא מותג,קילוגרמים,1.00,"ק""ג",true,,25.00,25.0000,true,1,24128
7290000977850,false,צימוק לבן קטן תפזורת,"דין שיווק וקלייה בע""",US,תפזורת - ללא מותג,קילוגרמים,1.00,"ק""ג",true,,37.00,37.0000,true,1,24131
7290000977980,false,אננס פלחים תפזורת,"דין שיווק וקלייה בע""",TH,תפזורת - ללא מותג,קילוגרמים,1.00,"ק""ג",true,,25.00,25.0000,true,1,24134
7290000978024,false,בננה צ'יפס תפזורת,"דין שיווק וקלייה בע""",TH,תפזורת - ללא מותג,קילוגרמים,1.00,"ק""ג",true,,35.00,35.0000,true,1,24136
7290000978208,false,ארוחה עסקית צמחוני,יצור עצמי,IL,ארוחה עסקית צמחוני,יח',1.00,יח',false,,25.00,25.0000,true,1,456
7290000978383,false,תמר מהגול ענק תפזורת,"דין שיווק וקלייה בע""",IL,תפזורת - ללא מותג,קילוגרמים,1.00,"ק""ג",true,,45.00,45.0000,true,1,24139
7290000978413,false,פאפיה רצועות תפזורת,"דין שיווק וקלייה בע""",TH,תפזורת - ללא מותג,קילוגרמים,1.00,"ק""ג",true,,29.00,29.0000,true,1,24141
7290000978628,false,משוקלדים,"דין שיווק וקלייה בע""",IL,שקדיה,קילוגרמים,1.00,"ק""ג",true,,75.00,75.0000,true,1,24143
7290000978680,false,חטיפים /לוקום,"דין שיווק וקלייה בע""",IL,תפזורת - ללא מותג,קילוגרמים,1.00,"ק""ג",true,,40.00,40.0000,true,1,24144
7290000978864,false,תבלינים קבוצה 5,"דין שיווק וקלייה בע""",CN,תפזורת - ללא מותג,קילוגרמים,1.00,"ק""ג",true,,69.00,69.0000,true,1,24147
7290000988894,false,מנה עסקית,יצור עצמי,IL,"מנה 28 ש""ח",יח',1.00,יח',false,,37.00,37.0000,true,1,465
7290000989761,false,שקד טחון בתפזורת,"דין שיווק וקלייה בע""",US,תפזורת - ללא מותג,קילוגרמים,1.00,"ק""ג",true,,79.00,79.0000,true,1,24151
7290000989778,false,חמוציות מיובשות בתפז,"דין שיווק וקלייה בע""",US,תפזורת - ללא מותג,קילוגרמים,1.00,"ק""ג",true,,25.00,25.0000,true,1,24152
7290000990057,false,מוצרלה נקניק 22%,מחלבת פרי זה לי,IL,מחלבת פרי זה לי,קילוגרמים,1.00,"ק""ג",true,,59.00,59.0000,true,1,7203
7290000996608,false,גבינה גרוזינית/ערקית,מחלבת פרי זה לי,IL,מחלבת פרי זה לי,קילוגרמים,1.00,"ק""ג",true,,60.00,60.0000,true,1,7204
7290000996615,false,צפתית קשה 5%,מחלבת פרי זה לי,IL,מחלבת פרי זה לי,קילוגרמים,1.00,"ק""ג",true,,69.00,69.0000,true,1,7205
7290000997728,false,טבורוג 5%,מחלבת פרי זה לי,IL,מחלבת פרי זה לי,קילוגרמים,1.00,"ק""ג",true,,35.00,35.0000,true,1,7209
7290000999012,false,כרובית/ברוקולי מטוגנ,יצור עצמי,IL,כרובית מטוגנת,קילוגרמים,1.00,"ק""ג",true,,59.00,59.0000,true,1,472
7290000999081,false,באחש,יצור עצמי,IL,באחש,קילוגרמים,1.00,"ק""ג",true,,59.00,59.0000,true,1,475
7290000999524,false,ג.סולוגוני 18%,מחלבת פרי זה לי,IL,מחלבת פרי זה לי,קילוגרמים,1.00,"ק""ג",true,,69.00,69.0000,true,1,7212
7290000999548,false,צפתית 5%,מחלבת פרי זה לי,IL,מחלבת פרי זה לי,קילוגרמים,1.00,"ק""ג",true,,40.00,40.0000,true,1,7214
7290000999845,false,כנפיים בגריל,יצור עצמי,IL,כנפיים בסויה דבש ושו,קילוגרמים,1.00,"ק""ג",true,,39.00,39.0000,true,1,479
7290001009123,false,לחם 100% כוסמין 600,,,לחם 100% כוסמין 600,גרמים,600.00,100 גרם,false,,14.90,0.0248,true,1,37001
7290001009178,false,לחם 100% שיפון 900 ג,,,לחם 100% שיפון,גרמים,900.00,100 גרם,false,,14.90,0.0166,true,1,37002
7290001022146,false,גבינת פרמזן 27%,זנטי,IT,וילי פוד,קילוגרמים,1.00,"ק""ג",true,,85.00,85.0000,true,1,69588
7290001041147,false,חומוס גדול יבש מיה 1 ק'ג,"מיה תעשיות מזון בע""מ",IL,מיה,קילוגרמים,1.00,"ק""ג",false,,10.90,10.9000,true,1,34166
7290001041161,false,"שעועית לבנה יבשה מיה 1 ק""ג","מיה תעשיות מזון בע""מ",IL,מיה,קילוגרמים,1.00,"ק""ג",false,,11.90,11.9000,true,1,34167
7290001041178,false,"אפונה יבשה מיה 1 ק""ג","מיה תעשיות מזון בע""מ",IL,מיה,קילוגרמים,1.00,"ק""ג",false,,6.90,6.9000,true,1,37018
7290001041192,false,"עדשים אדומים יבשים מיה 1 ק""ג","מיה תעשיות מזון בע""מ",IL,מיה,קילוגרמים,1.00,"ק""ג",false,,11.90,11.9000,true,1,34169
7290001041208,false,"עדשים ירוקים יבשים מיה 1 ק""ג","מיה תעשיות מזון בע""מ",IL,מיה,קילוגרמים,1.00,"ק""ג",false,,11.90,11.9000,true,1,34170
7290001041215,false,"מיה חיטה 1 ק""ג","מיה תעשיות מזון בע""מ",IL,מיה,קילוגרמים,1.00,"ק""ג",false,,5.90,5.9000,true,1,37019
7290001041222,false,"חומוס לבן ענק יבש מיה 1 ק""ג","מיה תעשיות מזון בע""מ",IL,מיה,קילוגרמים,1.00,"ק""ג",false,,15.90,15.9000,true,1,37020
7290001041260,false,שומשום מיה 400 גרם,"מיה תעשיות מזון בע""מ",IL,מיה,גרמים,400.00,100 גרם,false,,8.90,0.0223,true,1,37021
7290001041994,false,"סוכר חום דמררה מיה 1 ק""ג",מיה תעשיות מזון,IL,סוכר דמררה צנצנת 1 ק,קילוגרמים,1.00,"ק""ג",false,,9.90,9.9000,true,1,62439
7290001045169,false,פרימור סחוט תפוחי עץ צלול 1 ל',"גניר (1992) בע""מ",IL,תוצרת מסחרית,ליטרים,1.00,ליטר,false,,15.90,15.9000,true,1,34725
7290001121054,false,יחיעם צמד חמד 700 גר,תאי פרזידנט פוד פאבל,IL,יחיעם,גרמים,700.00,100 גרם,false,,24.90,0.0356,true,1,32666
7290001121238,false,קורנדביף יחיעם 180 ג',מעדני יחיעם,IL,יחיעם,גרמים,180.00,100 גרם,false,,22.90,0.1272,true,1,32667
7290001121672,false,פסטרמה מעודנת בפפריקה 300 ג' יחיעם,מעדני יחיעם,IL,יחיעם,גרמים,300.00,100 גרם,false,,19.90,0.0663,true,1,32668
7290001121849,false,יחיעם פסטרמה הודו טב,מעדני יחיעם,IL,יחיעם,גרמים,250.00,100 גרם,false,,24.90,0.0996,true,1,32670
7290001123775,false,שווארמה פרגיות 500 ג',"טיבול ויל אחזקות בע""",IL,טיבון ויל,גרמים,500.00,100 גרם,false,,19.90,0.0398,true,1,34280
7290001123782,false,שווארמה הודו 500 גרם,טיבון ויל,IL,טיבון ויל,גרמים,500.00,100 גרם,false,,19.90,0.0398,true,1,34281
7290001133484,false,פילה סלמון נורבגי ק,לאטי עזרא,NO,בלדי,קילוגרמים,1.00,"ק""ג",true,,64.90,64.9000,true,1,49363
7290001136287,false,"נקה 7 שמפו לשיער רגיל 750 מ""ל","אמיליה קוסמטיקס בע""מ",IL,נקה 7,מיליליטרים,750.00,"100 מ""ל",false,,10.90,0.0145,true,1,33475
7290001136294,false,"שמפו נקה 7 לשיער יבש אדום 750מ""ל","אמיליה קוסמטיקס בע""מ",IL,נקה 7,מיליליטרים,750.00,"100 מ""ל",false,,10.90,0.0145,true,1,33476
7290001136683,false,"מרכך לשיער רגיל ירוק 750 מ""ל נקה 7","אמיליה קוסמטיקס בע""מ",IL,נקה 7,מיליליטרים,750.00,"100 מ""ל",false,,10.90,0.0145,true,1,33478
7290001172827,false,מארז 10 יח' גביע עגו,בנדע,IL,אור שני,יח',1.00,יח',false,,6.90,6.9000,true,1,36397
7290001216040,false,טחינה 500 גרם טחינת אל-ארז,דולפין ספא,IL,טחינה 500 ג אל ארז,גרמים,500.00,100 גרם,false,,15.90,0.0318,true,1,33896
7290001216057,false,"טחינה גולמית אל ארז 1 ק""ג",טחינה אל ארז,IL,"טחינה 1 ק""ג אל ארז",קילוגרמים,1.00,"ק""ג",false,,28.90,28.9000,true,1,33897
7290001216231,false,טחינה גולמית שומשום מלא אל ארז 500ג',דולפין ספא,IL,טחינה מלאה 500 ג אל,גרמים,500.00,100 גרם,false,,16.90,0.0338,true,1,33898
7290001247068,false,קרטונית נקטר ספרינג תות בננה 1 ליטר,"יפאורה תבורי בע""מ",IL,ספרינג,ליטרים,1.00,ליטר,false,,6.70,6.7000,true,1,34037
7290001247082,false,קרטונית נקטר ספרינג עגבניות 1 ליטר,"יפאורה תבורי בע""מ",IL,ספרינג,ליטרים,1.00,ליטר,false,,6.40,6.4000,true,1,34038
7290001247099,false,קרטונית נקטר ספרינג מנגו 1 ליטר,"יפאורה תבורי בע""מ",IL,ספרינג,ליטרים,1.00,ליטר,false,,6.70,6.7000,true,1,34039
7290001247105,false,קרטונית נקטר ספרינג אפרסק 1 ליטר,"יפאורה תבורי בע""מ",IL,ספרינג,ליטרים,1.00,ליטר,false,,6.70,6.7000,true,1,34040
7290001247112,false,קרטונית נקטר ספרינג לימונענע 1 ליטר,"יפאורה תבורי בע""מ",IL,ספרינג,ליטרים,1.00,ליטר,false,,6.70,6.7000,true,1,34041
7290001247129,false,נקטר ספרינג תפוזים קרטונית 1 ל',"יפאורה תבורי בע""מ",IL,ספרינג,ליטרים,1.00,ליטר,false,,6.70,6.7000,true,1,34042
7290001247143,false,נקטר ספרינג תפוחים קרטונית 1 ל',"יפאורה תבורי בע""מ",IL,ספרינג,ליטרים,1.00,ליטר,false,,6.70,6.7000,true,1,34043
7290001247723,false,"ספרינג נקטר תות בננה פחית 330 מ""ל",יפאורה תבורי בעמ,IL,ספרינג נקטר תות בננה,מיליליטרים,330.00,"100 מ""ל",false,,4.50,0.0136,true,1,61098
7290001247747,false,"ספרינג נקטר תפוחים 330 מ""ל פחית",יפאורה תבורי,IL,ספרינג נקטר תפוחים פ,מיליליטרים,330.00,"100 מ""ל",false,,4.50,0.0136,true,1,61100
7290001258040,false,מארז רוקפור משק יעקו,משק יעקבס,IL,גבינת רוקפור 32%,קילוגרמים,1.00,"ק""ג",true,,95.00,95.0000,true,1,52946
7290001258101,false,גבינת גאודה טבעי 28%,גבינות משק יעקבס,IL,גבינת גאודה 30%,קילוגרמים,1.00,"ק""ג",true,,95.00,95.0000,true,1,14871
7290001258118,false,קממבר טבעי יעקבס לקג,גבינות משק יעקבס,IL,ג. קממברט/אגוזים 28%,קילוגרמים,1.00,"ק""ג",true,,89.00,89.0000,true,1,14872
7290001258255,false,מארז גבינה גאודה במשקל,משק יעקבס,IL,גבינת גאודה 30%,קילוגרמים,1.00,"ק""ג",true,,95.00,95.0000,true,1,52947
7290001258323,false,מארז גאודה כמון,,,גבינת גאודה 30%,קילוגרמים,1.00,"ק""ג",true,,95.00,95.0000,true,1,52949
7290001258439,false,גבינה עזים עזמה,גבינות משק יעקבס,,גבינת עז מה 5%,קילוגרמים,1.00,"ק""ג",true,,59.00,59.0000,true,1,14880
7290001258453,false,גבינה קממברט אגוזים,גבינות משק יעקבס,,גבינת קממברט/אגוזים,קילוגרמים,1.00,"ק""ג",true,,89.00,89.0000,true,1,14882
7290001258552,false,גבינה לאבנה בקר 250 גרם,בטר אנד דיפרנט,IL,משק יעקבס,גרמים,250.00,100 גרם,false,,9.90,0.0396,true,1,54265
7290001258668,false,שמנת עיזים למריחה.,גבינות משק יעקבס,IL,משק יעקבס,גרמים,250.00,100 גרם,false,,14.90,0.0596,true,1,34532
7290001258682,false,"יוגורט עיזים באריזה 500 מ""ל",גבינות משק יעקבס,IL,משק יעקבס,מיליליטרים,500.00,"100 מ""ל",false,,13.30,0.0266,true,1,37184
7290001258729,false,לאבנה עיזים יעקובס 2,גבינות משק יעקבס,IL,משק יעקבס,גרמים,250.00,100 גרם,false,,13.90,0.0556,true,1,54266
7290001258736,false,יוגורט עיזים סילאן 0.5ל,משק יעקבס,IL,מארז קשקבל 27%,קילוגרמים,1.00,"ק""ג",true,,115.00,115.0000,true,1,52951
7290001258774,false,גבינת מוצרלה בייבי 150גרם,גבינות משק יעקבס,IL,משק יעקבס,גרמים,150.00,100 גרם,false,,12.90,0.0860,true,1,54267
7290001258972,false,משק יעקבס חלומי200 ג,גבינות משק יעקבס,IL,משק יעקבס,גרמים,200.00,100 גרם,false,,17.90,0.0895,true,1,37188
7290001274934,false,מאגדת גלידל פרי למון ליים 8 יח,הגלידות של פלדמן,IL,הגלידות של פלדמן,יח',8.00,יח',false,,24.90,3.1125,true,1,34018
7290001274941,false,מאגדת גלידל פרי פטל 8 יח דיאט,הגלידות של פלדמן,IL,הגלידות של פלדמן,יח',8.00,יח',false,,24.90,3.1125,true,1,34019
7290001305058,false,"פלמוליב - נטורלס תחליב רחצה חלב ודבש 500 מ""ל",הנסיך- מפעל לייצור ט,TR,פלמוליב סבון,מיליליטרים,500.00,"100 מ""ל",false,,15.90,0.0318,true,1,35318
7290001305188,false,פלמוליב כלים שקוף לימון 750 בקבוק חדש,יבואן ומשווק: ש. שסט,GR,פלמוליב כלים,מיליליטרים,750.00,"100 מ""ל",false,,8.80,0.0117,true,1,35319
7290001327180,false,שטראוס קרמיסימו וניל ציפ 1.33 ליטר,"גלידת שטראוס בע""מ, ר",IL,קרמיסימו,ליטרים,1.33,ליטר,false,,18.90,14.2105,true,1,33204
7290001327791,false,גלידת קרמיסימו וניל עוגיות חלבי,"גלידת שטראוס בע""מ, ר",IL,קרמיסימו,ליטרים,1.33,ליטר,false,,18.90,14.2105,true,1,33208
7290001343845,false,"גרנולה פירות 1 ק""ג - 845 - ורוד שקדיה",הנסיך- מפעל לייצור ט,IL,שקדיה,קילוגרמים,1.00,"ק""ג",false,,19.90,19.9000,true,1,32696
7290001407134,false,בארכה פרוסות חלווה שוקו וניל+פ.קקאו 400גר,רושדי תעשיות מזון בע,IL,פרוסות חלבה שוקו וניל עם,גרמים,400.00,100 גרם,false,,12.90,0.0323,true,1,33006
7290001407813,false,חלבה שאמית פיסטוק בקטנה בארכה 350ג',רושדי תעשיות מזון בע,IL,חלבה שאמית + פיסטוק בארכה,גרמים,350.00,100 גרם,false,,14.90,0.0426,true,1,33010
7290001407820,false,חלווה שאמית וניל קלאסית בארכה 350ג',רושדי תעשיות מזון בע,IL,חלבה שאמית בארכה,גרמים,350.00,100 גרם,false,,14.90,0.0426,true,1,33011
7290001407844,false,חלווה קלאסית וניל בארכה 350גר,רושדי תעשיות מזון בע,IL,חלבה קלאסית וניל 350,גרמים,350.00,100 גרם,false,,13.90,0.0397,true,1,33013
7290001407936,false,בארכה-טחינה גולמית מעודנת בקבוק לחיץ 310 ג',רושדי תעשיות מזון בע,IL,בארכה,גרמים,310.00,100 גרם,false,,10.90,0.0352,true,1,33014
7290001415214,false,עוגת סבתא שוקולד 500ג',,,עוגת סבתא שוקולד,גרמים,500.00,100 גרם,false,,25.90,0.0518,true,1,21048
7290001419618,false,וופל בלגי עלמה שחור לבן וניל 200ג',"גילרו בע""מ",IL,גילרו,גרמים,200.00,100 גרם,false,,2.90,0.0145,true,1,33253
7290001419779,false,וופל שוקו' עלמה קלאסי 200 גר,"גילרו בע""מ",IL,גילרו,גרמים,200.00,100 גרם,false,,2.90,0.0145,true,1,33254
7290001436790,false,נקנקיות מרגז מיני אקסטרה חריף ארוז בלדי 500 ג',יוליניבר,IL,בלדי,גרמים,500.00,100 גרם,false,,27.90,0.0558,true,1,37422
7290001461105,false,לחם מחמצת לבן (ברקוד,פילסברי,,לחם רוסטיק לבן,יח',1.00,יח',false,,16.90,16.9000,true,1,21061
7290001461112,false,לחם רוסטיק עגול פילס,פילסברי,,לחם רוסטיק דגנים,יח',1.00,יח',false,,16.90,16.9000,true,1,21062
7290001461457,false,באגט רוסטיק קמח מלא,פילסברי,,בגט רוסטיק קמח מלא ודגנים,יח',1.00,יח',false,,7.90,7.9000,true,1,21065
7290001482186,false,אננס חתוך בסירופ קל וילי פוד 565 גר,הנסיך- מפעל לייצור ט,TH,אננס חתוך 565 גרם,גרמים,565.00,100 גרם,false,,5.90,0.0104,true,1,51407
7290001482384,false,אננס חתוך 227 גרם ויליפוד,טקרנג,TH,וילי פוד,גרמים,227.00,100 גרם,false,,3.90,0.0172,true,1,33717
7290001482490,false,פרמז'נו מגורד,זנטי,IT,וילי פוד,קילוגרמים,1.00,"ק""ג",true,,99.00,99.0000,true,1,66171
7290001484487,false,בשר מס 4 חלק קפוא,קונספסיון,PY,בלדי,קילוגרמים,1.00,"ק""ג",true,,34.90,34.9000,true,1,61021
7290001491010,false,תה ירוק יסמין 25 שקיקים 1.5 גרם,HIQ FOOD PRODUCTS,IL,ויסוצקי,גרמים,937.50,100 גרם,false,,22.90,0.0244,true,1,34855
7290001491096,false,תה ירוק בתוספת לימונית ולואיזה 50 שקיקים ויסוצקי,ויסוצקי,IL,ויסוצקי,גרמים,75.00,100 גרם,false,,39.90,0.5320,true,1,34856
7290001515310,false,שש כריות קרצוף יפניות סקוטש ברייט,,,כרית קרצוף יפנית סקו,יח',6.00,יח',false,,11.90,1.9833,true,1,33311
7290001515631,false,שלושה ספוגי קרצוף קשיחים ארוכים אדומים,M3,ES,סקוטש-ברייט,יח',3.00,יח',false,,10.90,3.6333,true,1,33313
7290001548011,false,טחינה ירוקה **גביע,סלטי מונטה קרלו,IL,טחינה ירוקה,קילוגרמים,1.00,"ק""ג",true,,33.00,33.0000,true,1,25710
7290001548028,false,חומוס,סלטי מונטה קרלו,IL,חומוס,קילוגרמים,1.00,"ק""ג",true,,33.00,33.0000,true,1,55098
7290001548042,false,ביצים **גביע 250 גר,משתנה,IL,סלט ביצים,קילוגרמים,1.00,"ק""ג",true,,55.00,55.0000,true,1,25712
7290001548134,false,כרוב לבן שום שמיר מו,סלטי מונטה קרלו,IL,כרוב לבן עם שמיר,קילוגרמים,1.00,"ק""ג",true,,39.00,39.0000,true,1,25719
7290001548141,false,גזר מרוקאי 250 גר,מונטה קרלו,IL,גזר מרוקאי,קילוגרמים,1.00,"ק""ג",true,,39.00,39.0000,true,1,25720
7290001548165,false,פלפל חריף ירוק מקולף,משתנה,IL,פלפל חריף ירוק מקולף,קילוגרמים,1.00,"ק""ג",true,,59.00,59.0000,true,1,25722
7290001548172,false,סלסה עגבניות טריות,משתנה,IL,סלסה עגבניות טריות,קילוגרמים,1.00,"ק""ג",true,,45.00,45.0000,true,1,25723
7290001548202,false,סלק רצועות מונטה קר,סלטי מונטה קרלו,IL,סלק אדום רצועות,קילוגרמים,1.00,"ק""ג",true,,39.00,39.0000,true,1,25724
7290001548233,false,חציל ברוטב אדום מחנה,סלטי מונטה קרלו,IL,חציל ברוטב אדום מחנה,קילוגרמים,1.00,"ק""ג",true,,49.00,49.0000,true,1,25727
7290001548271,false,כרוב לבן עם גזר **ג,סלטי מונטה קרלו,IL,כרוב לבן עם גזר,קילוגרמים,1.00,"ק""ג",true,,39.00,39.0000,true,1,25731
7290001548295,false,מטבוחה מונטה קרלו 25,מונטה קרלו,IL,מטבוחה,קילוגרמים,1.00,"ק""ג",true,,39.00,39.0000,true,1,25732
7290001548325,false,טונה ירקות מונטה קרל,מונטה קרלו,IL,סלט טונה וירקות,קילוגרמים,1.00,"ק""ג",true,,75.00,75.0000,true,1,25734
7290001548349,false,"תפו""א במיונז בייתי *",סלטי מונטה קרלו,IL,"תפו""א במיונז ביתי",קילוגרמים,1.00,"ק""ג",true,,39.00,39.0000,true,1,55099
7290001548356,false,חציל במיונז ביתי,סלטי מונטה קרלו,IL,חציל במיונז ביתי,קילוגרמים,1.00,"ק""ג",true,,49.00,49.0000,true,1,25736
7290001548363,false,חציל רומני,סלטי מונטה קרלו,IL,חציל רומני,קילוגרמים,1.00,"ק""ג",true,,49.00,49.0000,true,1,25737
7290001548370,false,טבולה **גביע 250 גר,מונטה קרלו,IL,טבולה,קילוגרמים,1.00,"ק""ג",true,,55.00,55.0000,true,1,25738
7290001548424,false,כרוב קולסלאו מונטה,סלטי מונטה קרלו,IL,כרוב קולסלאו,קילוגרמים,1.00,"ק""ג",true,,39.00,39.0000,true,1,25741
7290001548431,false,סחוג ירוק מונטה קרלו,מונטה קרלו,IL,סחוג ירוק,קילוגרמים,1.00,"ק""ג",true,,39.00,39.0000,true,1,25742
7290001548462,false,פלפל רצועות מרוקאי,מונטה קרלו,IL,פלפל רצועות מרוקאי,קילוגרמים,1.00,"ק""ג",true,,65.00,65.0000,true,1,25744
7290001548509,false,פטריות שמפיניון עם ב,משתנה,IL,פטריות שמפיניון עם ב,קילוגרמים,1.00,"ק""ג",true,,65.00,65.0000,true,1,55102
7290001548523,false,חציל בתחמיץ מונטה ק,סלטי מונטה קרלו,IL,חציל פרוסות בתחמיץ,קילוגרמים,1.00,"ק""ג",true,,49.00,49.0000,true,1,25746
7290001548561,false,גזר חריף בלימון מונט,סלטי מונטה קרלו,IL,גזר חריף בלימון,קילוגרמים,1.00,"ק""ג",true,,39.00,39.0000,true,1,25749
7290001548615,false,חציל בטחינה,סלטי מונטה קרלו,IL,חציל בטחינה,קילוגרמים,1.00,"ק""ג",true,,49.00,49.0000,true,1,25752
7290001548653,false,טחינה זהב,סלטי מונטה קרלו,IL,טחינה זהב,קילוגרמים,1.00,"ק""ג",true,,33.00,33.0000,true,1,59274
7290001548691,false,כרוב אדום במיונז מונ,סלטי מונטה קרלו,IL,כרוב אדום במיונז בית,קילוגרמים,1.00,"ק""ג",true,,39.00,39.0000,true,1,25758
7290001548738,false,חציל מרוקאי מונטה קר,סלטי מונטה קרלו,IL,חציל מרוקאי,קילוגרמים,1.00,"ק""ג",true,,49.00,49.0000,true,1,25760
7290001548752,false,טחינה לבנה מונטה קרל,סלטי מונטה קרלו,IL,טחינה לבנה,קילוגרמים,1.00,"ק""ג",true,,33.00,33.0000,true,1,25762
7290001548806,false,מלפפון עם שמיר,משתנה,IL,מלפפון עם שמיר,קילוגרמים,1.00,"ק""ג",true,,39.00,39.0000,true,1,55103
7290001548868,false,מטבוחה,משתנה,IL,מטבוחה,קילוגרמים,1.00,"ק""ג",true,,39.00,39.0000,true,1,55636
7290001548967,false,חציל תאילנדי צילי 25,סלטי מונטה קרלו,IL,חציל תאילנדי,קילוגרמים,1.00,"ק""ג",true,,49.00,49.0000,true,1,25770
7290001567708,false,נקנקיות וינר 400 ג' יחיעם,מעדני יחיעם,IL,יחיעם,גרמים,400.00,100 גרם,false,,11.90,0.0298,true,1,32674
7290001567760,false,פסטרמה של פעם 300 ג' יחיעם,מעדני יחיעם,IL,יחיעם,גרמים,300.00,100 גרם,false,,24.90,0.0830,true,1,32677
7290001591703,false,קבב אנגוס עגול 500 ג' טיבון ויל,טיבון ויל,IL,קבב אנגוס עגול 500 ג,גרמים,500.00,100 גרם,false,,22.90,0.0458,true,1,64277
7290001591710,false,המבורגר אנגוס 600 ג' טיבון ויל,טיבון ויל,IL,המבורגר אנגוס 500 גר,גרמים,500.00,100 גרם,false,,22.90,0.0458,true,1,64278
7290001591734,false,מרגז נקניקיה בסגנון מרוקאי 500 ג' טיבון ויל,טיבון ויל,IL,מרגז נקניקיה בסגנון,גרמים,500.00,100 גרם,false,,22.90,0.0458,true,1,64280
7290001594155,false,קוקה קולה בקבוק 500,החברה המרכזית לייצור,IL,קוקה קולה,מיליליטרים,500.00,"100 מ""ל",false,,6.00,0.0120,true,1,33329
7290001594575,false,"בירה טובורג פחית 500 מ""ל",מבשלות בירה בינלאומי,IL,בירה טובורג פחית 500,מיליליטרים,500.00,"100 מ""ל",false,,8.90,0.0178,true,1,67547
7290001594858,false,"טובורג רד שישייה בקבוק 330 מ""ל",קרלסברג ישראל,IL,טובורג,ליטרים,1.98,ליטר,false,,39.90,20.1515,true,1,33335
7290001594865,false,"קרלסברג בירה בקבוק 6* 330 מ""ל",קרלסברג ישראל,IL,קרלסברג,ליטרים,1.98,ליטר,false,,39.90,20.1515,true,1,33336
7290001598085,false,"לחם קסטן משפחתי 1 ק""ג הברון",,IL,לחם משפחתי עם דגנים,קילוגרמים,1.10,"ק""ג",false,,14.90,13.5455,true,1,62087
7290001598276,false,"לחם 7 דגנים קל מקמח חיטה מלא ללא שמרים 1.1 ק""ג הברון",,IL,לחם 7 דגנים קל מקמח,קילוגרמים,1.10,"ק""ג",false,,14.90,13.5455,true,1,62088
7290001598580,false,פיתה כוסמין 100% 375ג' הברון,מאפיית יוסף ברון בעמ,,פיתות כוסמין 100% 37,גרמים,372.00,100 גרם,false,,14.90,0.0401,true,1,53999
7290001598597,false,פיתה כוסמין 6 יח' 99 קל',,,פיתות כוסמין מלא 100,גרמים,300.00,100 גרם,false,,14.90,0.0497,true,1,67539
7290001648995,false,"מארז קפה טורקי ""רג'ואן"" 100X3 גרם",,,קפה רגואן שלישיה,גרמים,300.00,100 גרם,false,,12.90,0.0430,true,1,35401
7290001670057,false,כפיות לבן 100 יחידות,הנמל אריזות ושיווק ב,IL,הנמל,יח',100.00,יח',false,,9.90,0.0990,true,1,33626
7290001670064,false,סכינים חד פעמי לבן 100 יח',בי רייט,CN,הנמל,יח',100.00,יח',false,,9.90,0.0990,true,1,33627
7290001670071,false,כפות חד פעמי לבן 100 יח',הנמל אריזות ושיווק ב,IL,הנמל,יח',100.00,יח',false,,9.90,0.0990,true,1,33628
7290001670255,false,כוס קרטון שתייה חמה 8B 50 יח',הנמל,,כוסות קרטון 8B 50,יח',50.00,יח',false,,8.90,0.1780,true,1,53279
7290001670514,false,מלית אוכמניות - 400 גרם פוליבה,"פוליבה בע""מ",IL,הנמל,גרמים,400.00,100 גרם,false,,9.90,0.0248,true,1,33631
7290001670873,false,"צלחות גדולות לבנות קשיח ח""פ הנמל 66יח'",הנמל אריזות ושיווק ב,IL,הנמל,יח',66.00,יח',false,,38.90,0.5894,true,1,33635
7290001690147,false,מון בלאן טעם טוב גבינה מותכת6% 120 גרם,שלושת האופים,IL,מון בלאן,גרמים,120.00,100 גרם,false,,8.90,0.0742,true,1,64327
7290001710111,false,נקניקיות מרגז ארוז 5,לאטי עזרא גלם ודגים,IL,מעדני הטלה,גרמים,500.00,100 גרם,false,,19.90,0.0398,true,1,33141
7290001713082,false,תרסיס מסיר שומנים קר,,IL,תרסיס מסיר שומנים קר,ליטרים,1.00,ליטר,false,,9.90,9.9000,true,1,65897
7290001713112,false,תרסיס מסיר אבנית יוח,,IL,תרסיס מסיר אבנית יוח,ליטרים,1.00,ליטר,false,,8.90,8.9000,true,1,65898
7290001713310,false,קצף אקונומיקה בריח ל,,,קצף אקונומיקה בריח ל,ליטרים,1.00,ליטר,false,,8.90,8.9000,true,1,65338
7290001713440,false,תרסיס לניקוי חלונות,"קומפלקס בע""מ",IL,תרסיס לניקוי חלונות,ליטרים,1.00,ליטר,false,,5.90,5.9000,true,1,65178
7290001713457,false,סבון אסלה מרוכז כחול,"קומפלקס בע""מ",TR,סבון אסלה מרוכז כחול,יח',3.00,יח',false,,10.90,3.6333,true,1,67230
7290001713518,false,"סנט מוריץ נוזל לניקוי רהיטים 750 מ""ל",קומפלקס כימיקלים,IL,נוזל לניקוי רהיטים,מיליליטרים,750.00,"100 מ""ל",false,,11.90,0.0159,true,1,36706
7290001713921,false,אקונומיקה bleach מבושמת 4 ל' סנט מוריץ,"קומפלקס כימיקלים בע""",IL,סנט מוריץ,ליטרים,4.00,ליטר,false,,8.90,2.2250,true,1,58205
7290001723357,false,מוצץ סיליקון אורטודנ,הדקלאים אגודת שיתופי,DE,טוליפס,יח',1.00,יח',false,,22.90,22.9000,true,1,36358
7290001791349,false,אקונומיקה פסגה ריחנית 4ליטר,"סנו מפעלי ברונוס בע""",IL,פסגה,ליטרים,4.00,ליטר,false,,9.90,2.4750,true,1,33481
7290001855232,false,שמן למאור מרום הגליל,ירושלים שיווק שמן זי,IL,שמן למאור 1 ליטר,ליטרים,1.00,ליטר,false,,12.90,12.9000,true,1,36188
7290001865439,false,פמלי לקשרי 1ליטר וניל טהור +משאבה,אף.סי תבליני בגליל ב,IL,פמלי,ליטרים,1.00,ליטר,false,,9.90,9.9000,true,1,33292
7290001865453,false,פמלי לקשרי 1ליטר לבנדר ארומטי+משאבה,מיוצר עי קונדיטוריית,TR,פמלי,ליטרים,1.00,ליטר,false,,9.90,9.9000,true,1,33293
7290001873489,false,קרפצ'יו בלאק אנגוס 1,טיבון ויל אחזקות בעמ,IL,black angus,גרמים,120.00,100 גרם,false,,14.90,0.1242,true,1,56221
7290001970362,false,מנגו ללא סוכר במשקל,"דין שיווק וקלייה בע""",US,תפזורת - ללא מותג,קילוגרמים,1.00,"ק""ג",true,,89.00,89.0000,true,1,29619
7290001970478,false,אגוזי מלך קלופים חצא,"דין שיווק וקלייה בע""",US,תפזורת - ללא מותג,קילוגרמים,1.00,"ק""ג",true,,59.00,59.0000,true,1,29586
7290001970492,false,קשיו קלוי על גחלים ב,"דין שיווק וקלייה בע""",US,תפזורת - ללא מותג,קילוגרמים,1.00,"ק""ג",true,,96.00,96.0000,true,1,29588
7290001973233,false,"ד""ר פישר - קמיל בלו מילוי מגבונים בדיספנסר 120 יח'","ד""ר פישר Dr fischer",IL,קמיל בלו סנסיטיב,יח',120.00,יח',false,,10.90,0.0908,true,1,34190
7290001979020,false,אננס טבעי במשקל,"דין שיווק וקלייה בע""",US,תפזורת - ללא מותג,קילוגרמים,1.00,"ק""ג",true,,89.00,89.0000,true,1,29620
7290001989272,false,איקרא לבנה/ אדומה,"סלטי שמיר 2006 בע""מ",IL,מעדני מיקי,קילוגרמים,1.00,"ק""ג",true,,49.00,49.0000,true,1,54900
7290001989388,false,נתחי פילה הרינג עם ב,"סלטי שמיר 2006 בע""מ",IL,מעדני מיקי,קילוגרמים,1.00,"ק""ג",true,,55.00,55.0000,true,1,54887
7290001989395,false,הרינג כבוש עם בצל,"סלטי שמיר 2006 בע""מ",IL,מעדני מיקי,קילוגרמים,1.00,"ק""ג",true,,55.00,55.0000,true,1,54888
7290001990094,false,"סוכר חום כהה צנצנת קלאסי סוגת 1ק""ג",האי נאם סי או אל.טי.,IL,סוגת,קילוגרמים,1.00,"ק""ג",false,,14.90,14.9000,true,1,32585
7290001990117,false,שומשום סוגת 100 גרם,האי נאם סי או אל.טי.,IL,סוגת,גרמים,100.00,100 גרם,false,,3.90,0.0390,true,1,36049
7290001990261,false,"סוגת חומוס 1 ק""ג","סוגת תעשיות בע""מ",IL,סוגת,קילוגרמים,1.00,"ק""ג",false,,14.90,14.9000,true,1,32586
7290001990278,false,"שעועית לבנה סוגת 1 ק""ג","סוגת תעשיות בע""מ",IL,סוגת,קילוגרמים,1.00,"ק""ג",false,,18.90,18.9000,true,1,32587
7290001990407,false,"עדשים ירוקים 1 ק""ג סוגת","סוגת תעשיות בע""מ",IL,סוגת,קילוגרמים,1.00,"ק""ג",false,,13.80,13.8000,true,1,32589
7290001990421,false,"פופקורן גרעינים סוגת 1 ק""ג","סוגת תעשיות בע""מ",IL,סוגת,קילוגרמים,1.00,"ק""ג",false,,9.90,9.9000,true,1,32591
7290002000143,false,"חדש -פנג'ל ק.ידיים קלאסיק 80מ""ל",מיוצר עי קונדיטוריית,IL,פנג'ל,מיליליטרים,80.00,"100 מ""ל",false,,7.90,0.0988,true,1,33296
7290002007234,false,אבקת סוכר 100 ג' הנמל,"מיוצר וארוז ע""י: ר.ס",IL,אבקת סוכר 100 גרם,גרמים,100.00,100 גרם,false,,1.60,0.0160,true,1,26990
7290002007371,false,פירורי לחם הנמל 500 ג',הנמל אריזות ושיווק ב,IL,הנמל,גרמים,500.00,100 גרם,false,,6.50,0.0130,true,1,33638
7290002007500,false,קיסמי שיניים במבוק בחבית 500 יח',הנמל אריזות ושיווק ב,CN,הנמל,יח',500.00,יח',false,,2.90,0.0058,true,1,33641
7290002007623,false,כוסות ליין 50 יחידות,"איטיליאן פוד, אס.פי.",TR,כוסות יין 50 יח,יח',50.00,יח',false,,3.90,0.0780,true,1,33642
7290002007852,false,"תמצית אפייה בטעמים שונים 55 מ""ל הנמל",ממתקי עלה יצור ושיוו,IL,עלה,מיליליטרים,55.00,"100 מ""ל",false,,2.90,0.0527,true,1,33643
7290002007890,false,כוסות שתייה קרה 100 יח` 200 PP מל`,אריזות מדף - פלזית,IL,הנמל,יח',100.00,יח',false,,8.90,0.0890,true,1,33644
7290002007975,false,"צלחות קטנות ח""פ הנמל 50 יח'",אריזות מדף - פלזית,IL,הנמל,יח',50.00,יח',false,,8.90,0.1780,true,1,33645
7290002007982,false,מזלגות חד פעמי 100 י,הנמל אריזות ושיווק ב,IL,הנמל,יח',100.00,יח',false,,9.90,0.0990,true,1,33646
7290002007999,false,"צלחות גדולות ח""פ הנמל 50 יח'",אריזות מדף - פלזית,IL,הנמל,יח',50.00,יח',false,,12.90,0.2580,true,1,33647
7290002008019,false,סוכריות לקישוט גמבו שוקו 200 ג' הנמל,ממתקי עלה יצור ושיוו,IL,הנמל,גרמים,200.00,100 גרם,false,,7.90,0.0395,true,1,36674
7290002008057,false,"תמצית אפייה בטעם רום 55 מ""ל הנמל",ממתקי עלה יצור שיווק,IL,עלה,מיליליטרים,55.00,"100 מ""ל",false,,2.90,0.0527,true,1,33650
7290002008071,false,עטרות חום 2 מספר הנמל,הנמל אריזות ושיווק ב,IL,הנמל,יח',1.00,יח',false,,3.90,3.9000,true,1,33651
7290002008170,false,עטרות חום 3 מספר הנמל,הנמל,IL,הנמל,יח',1.00,יח',false,,5.90,5.9000,true,1,33653
7290002008187,false,קשים לשתיה מתקפלים 40 יח',"איטיליאן פוד, אס.פי.",CN,הנמל,יח',40.00,יח',false,,1.90,0.0475,true,1,33654
7290002008309,false,עטרות נייר חום לעוגה מס' 4 הנמל 130יח',הנמל אריזות ושיווק ב,IL,הנמל,יח',1.00,יח',false,,5.90,5.9000,true,1,33655
7290002008460,false,עטרות חום 1.5 מספר הנמל,הנמל,IL,הנמל,יח',1.00,יח',false,,3.90,3.9000,true,1,33657
7290002008507,false,נייר אפייה 50 יח' הנמל,הנמל אריזות ושיווק ב,IL,הנמל,יח',50.00,יח',false,,7.90,0.1580,true,1,33658
7290002008651,false,קמח תפוח אדמה 500 ג' הנמל,ר.ס. חברה ליבוא וייצ,IL,הנמל,גרמים,500.00,100 גרם,false,,5.90,0.0118,true,1,33659
7290002008743,false,סוכר וניל 10*10 ג' הנמל,"מיוצר וארוז ע""י: ר.ס",IL,סוכר וניל 10 יחידות,גרמים,100.00,100 גרם,false,,1.90,0.0190,true,1,10265
7290002008750,false,אבקת אפיה הנמל מארז 10X10 ג',"מיוצר ע""י:ר.ס. חברה",IL,אבקת אפיה 10 יחידות,יח',10.00,יח',false,,1.90,0.1900,true,1,33660
7290002008934,false,סוכריות צבעוניות לקישוט לעוגה 200 גר,ממתקי עלה יצור שיווק,IL,הנמל,גרמים,200.00,100 גרם,false,,7.90,0.0395,true,1,33661
7290002008989,false,קישקשים קשים לשתיה 225יח הנמל,הנמל אריזות ושיווק ב,CN,קישקשים 225 יחידות,יח',225.00,יח',false,,6.90,0.0307,true,1,38130
7290002013006,false,פסטרמה מקסיקנית,זוגלובק,IL,זוגלובק,קילוגרמים,1.00,"ק""ג",true,,79.00,79.0000,true,1,24767
7290002013037,false,פסטרמה פרגיות על לבנ,זוגלובק,IL,זוגלובק,קילוגרמים,1.00,"ק""ג",true,,79.00,79.0000,true,1,24768
7290002013174,false,"פסטרמה של פעם לק""ג",זוגלובק,IL,זוגלובק,קילוגרמים,1.00,"ק""ג",true,,79.00,79.0000,true,1,24769
7290002019787,false,רוטב עגבניות מרוכז מאוד 260 גרם פריניר,פריניר ( הדס 1987) ב,IL,פריניר,גרמים,260.00,100 גרם,false,,3.90,0.0150,true,1,34471
7290002019794,false,רוטב עגבניות מרוכז מאוד 100 גרם פריניר,פריניר ( הדס 1987) ב,IL,פריניר,גרמים,100.00,100 גרם,false,,1.90,0.0190,true,1,34472
7290002026341,false,בטטה צ'יפס רגיל אריסטו קראנץ 500 ג',האי נאם סי או אל.טי.,CA,צ'יפס בטטה 500 גרם,גרמים,500.00,100 גרם,false,,19.90,0.0398,true,1,35392
7290002026587,false,וופל בלגי פרווה בראנץ אנד קראנץ 8 יח',בראנץ' אנד קראנץ Brunch& Crunch,BE,בראנץ וקראנץ,גרמים,280.00,100 גרם,false,,10.90,0.0389,true,1,55645
7290002040019,false,קוסקוס רגיל הנמל 350 גר',"קוסקוס מזון בע""מ",IL,הנמל,גרמים,350.00,100 גרם,false,,4.80,0.0137,true,1,33662
7290002040064,false,קוסקוס דק הנמל 350 גר',טרופיקל דגיל תעשיות,IL,הנמל,גרמים,350.00,100 גרם,false,,4.80,0.0137,true,1,33663
7290002040071,false,קוסקוס עבה הנמל 350 גר',"קוסקוס מזון בע""מ",IL,הנמל,גרמים,350.00,100 גרם,false,,4.80,0.0137,true,1,33664
7290002043102,false,פריכיות 7 זרעי על אריזת חיסכון 200 גרם,מימונס אפיה,BG,פריכיות אורז חום מלא,גרמים,200.00,גרם,false,,12.90,0.0645,true,1,59629
7290002043188,false,ציפס אורז חום מלא צי'לי חריף אקסטרא 60 ג',מימונס אפיה,BG,ציפס פריכיות,גרמים,60.00,גרם,false,,6.90,0.1150,true,1,59630
7290002043218,false,ציפס אורז חום מלא מלח אקסטרא 60 ג',מימונס אפיה,BG,ציפס פריכיות,גרמים,60.00,גרם,false,,6.90,0.1150,true,1,59631
7290002043225,false,ציפס אורז חום מלא פפריקה אקסטרא 60 ג',מימונס אפיה,BG,ציפס פריכיות,גרמים,60.00,גרם,false,,6.90,0.1150,true,1,59632
7290002043232,false,צ'יפס אורז חום מלא טקסס ברביקיו 120 ג',מימונס אפיה,BG,ציפס אורז חום מלא,גרמים,120.00,גרם,false,,11.90,0.0992,true,1,59633
7290002043591,false,צ'יפס אורז חום מלא פפריקה אקסטרה 120 ג',מימונס אפיה,BG,ציפס אורז חום מלא,גרמים,120.00,גרם,false,,11.90,0.0992,true,1,59634
7290002043829,false,פריכיות מלח הימלאיה אריזת חיסכון 200 גרם,מימונס אפיה,BG,פריכיות אורז חום מלא,גרמים,200.00,גרם,false,,12.90,0.0645,true,1,59635
7290002053354,false,נודלס אטריות להקפצה בסגנון סיני 300 גר,טאביט ספ.ז.או.או,PL,אוריינטל,גרמים,300.00,100 גרם,false,,13.90,0.0463,true,1,33160
7290002057017,false,זיתים נובו ענק A2 יבנה 330ג',קבוצת יבנה,IL,קבוצת יבנה,גרמים,330.00,100 גרם,false,,8.90,0.0270,true,1,34628
7290002057031,false,זיתים מבוקע פיקנטי A2 יבנה 560 ג',קבוצת יבנה,IL,קבוצת יבנה,גרמים,540.00,100 גרם,false,,8.90,0.0165,true,1,34629
7290002057093,false,זיתים מנזנילו ירוק A2 יבנה 540ג',קבוצת יבנה,IL,קבוצת יבנה,גרמים,540.00,100 גרם,false,,7.90,0.0146,true,1,34635
7290002057109,false,זיתים מנזנילו ירוק גדול ושום A2 יבנה 540ג',קבוצת יבנה,IL,קבוצת יבנה,גרמים,540.00,100 גרם,false,,8.90,0.0165,true,1,34636
7290002057123,false,זיתים ירוקים חרוזית מנזנילו A-2,קבוצת יבנה,IL,קבוצת יבנה,גרמים,540.00,100 גרם,false,,9.50,0.0176,true,1,34637
7290002057130,false,"זיתים חרוזית ירוק יבנה 1.25ק""ג",קבוצת יבנה,IL,קבוצת יבנה,קילוגרמים,1.25,"ק""ג",false,,19.90,15.9200,true,1,34638
7290002057154,false,חרוזית ‏10‏-‏A‏ יבנה,קבוצת יבנה,IL,קבוצת יבנה,קילוגרמים,3.00,"ק""ג",false,,38.90,12.9667,true,1,34639
7290002057161,false,זיתים מרינט גדול מאד A2 יבנה 540ג',קבוצת יבנה,IL,קבוצת יבנה,גרמים,540.00,100 גרם,false,,8.90,0.0165,true,1,34640
7290002057178,false,זית מנזנילו טבעי גדול 560 ג' יבנה,קבוצת יבנה,IL,קבוצת יבנה,גרמים,340.00,100 גרם,false,,8.90,0.0262,true,1,34641
7290002057185,false,טבעות זיתים ירוקים 560 ג' יבנה,קבוצת יבנה,IL,קבוצת יבנה,גרמים,540.00,100 גרם,false,,9.20,0.0170,true,1,34642
7290002057314,false,"מלפפון במלח ‏20‏-‏15‏ ‏‏ 1.3 ק""ג ‏‏ יבנה",קבוצת יבנה,IL,קבוצת יבנה,קילוגרמים,1.30,"ק""ג",false,,13.90,10.6923,true,1,37228
7290002057321,false,"מלפפון במלח ‏25‏-‏21‏ יבנה 1.3 ק""ג",קבוצת יבנה,IL,קבוצת יבנה,קילוגרמים,1.30,"ק""ג",false,,15.90,12.2308,true,1,34643
7290002057345,false,"מלפפון במלח ‏36‏-‏30‏ 3 ק""ג יבנה",קבוצת יבנה,IL,קבוצת יבנה,קילוגרמים,3.00,"ק""ג",false,,19.90,6.6333,true,1,34644
7290002057352,false,מלפפון במלח 7-9 560 ג' יבנה,אף.סי תבליני בגליל ב,IL,קבוצת יבנה,גרמים,540.00,100 גרם,false,,6.50,0.0120,true,1,34645
7290002057369,false,מלפפון במלח ‏12‏-‏10‏ 560 ג' יבנה,קבוצת יבנה,IL,קבוצת יבנה,גרמים,540.00,100 גרם,false,,7.50,0.0139,true,1,34646
7290002057376,false,מלפפון במלח ‏17‏-‏13‏ 560 ג' יבנה,קבוצת יבנה,IL,קבוצת יבנה,גרמים,540.00,100 גרם,false,,9.90,0.0183,true,1,34647
7290002057383,false,מלפפון במלח ‏25‏-‏18‏ 560 ג' יבנה,קבוצת יבנה,IL,קבוצת יבנה,גרמים,540.00,100 גרם,false,,12.90,0.0239,true,1,34648
7290002057413,false,"מלפפון חומץ ‏20‏-‏15‏ 1.3 ק""ג יבנה",קבוצת יבנה,IL,קבוצת יבנה,קילוגרמים,1.30,"ק""ג",false,,13.90,10.6923,true,1,53284
7290002057437,false,שיפקונית קבוצת יבנה,קבוצת יבנה,IL,שיפקונית 560 גרם,גרמים,560.00,100 גרם,false,,9.90,0.0177,true,1,59912
7290002057451,false,מלפפון בחומץ ‏9‏-‏7‏ %‏20‏ 560 ג' יבנה,אף.סי תבליני בגליל ב,IL,קבוצת יבנה,גרמים,540.00,100 גרם,false,,6.50,0.0120,true,1,34650
7290002057468,false,מלפפון חומץ ‏12‏-‏10‏ 560 ג' יבנה,קבוצת יבנה,IL,קבוצת יבנה,גרמים,540.00,100 גרם,false,,7.50,0.0139,true,1,34651
7290002057475,false,מלפפונים בחומץ 13-17 קטן A2 יבנה 540ג',קבוצת יבנה,IL,קבוצת יבנה,גרמים,540.00,100 גרם,false,,9.90,0.0183,true,1,34652
7290002057482,false,מלפפון חומץ ‏25‏-‏18‏ 560 ג' יבנה,קבוצת יבנה,IL,קבוצת יבנה,גרמים,540.00,100 גרם,false,,12.90,0.0239,true,1,34653
7290002057604,false,שיפקה פלפל חריף A2 יבנה 600ג',קבוצת יבנה,IL,קבוצת יבנה,גרמים,540.00,100 גרם,false,,5.50,0.0102,true,1,34654
7290002057628,false,טבעות זיתים מושחר יבנה 540 גרם,קבוצת יבנה,IL,קבוצת יבנה,גרמים,560.00,100 גרם,false,,8.90,0.0159,true,1,34655
7290002057703,false,חצילים ‏2‏-‏A‏ יבנה 560 גר',קבוצת יבנה,IL,קבוצת יבנה,גרמים,540.00,100 גרם,false,,6.90,0.0128,true,1,34656
7290002057734,false,זיתים חרוזית שחור A2 יבנה 540ג',קבוצת יבנה,IL,קבוצת יבנה,גרמים,540.00,100 גרם,false,,8.90,0.0165,true,1,34657
7290002057819,false,גמבה רצועות פלפל אדום A2 יבנה 300 גרם,קבוצת יבנה,IL,קבוצת יבנה,גרמים,300.00,100 גרם,false,,6.90,0.0230,true,1,34658
7290002065616,false,לחם שיפון גרעינים 750 ג' אנג'ל,מאפיית שלמה א. אנג'ל,IL,אנג'ל,גרמים,750.00,100 גרם,false,,12.50,0.0167,true,1,32644
7290002065623,false,לחם שיפון אנגל גרעיני כפרי,מאפיית שלמה א. אנג'ל,IL,אנג'ל,גרמים,750.00,100 גרם,false,,12.50,0.0167,true,1,32645
7290002077725,false,סלומון נורווגי מצונן דלידג 100ג',וי קינג V King,IL,דלידג,גרמים,100.00,100 גרם,false,,17.90,0.1790,true,1,37054
7290002107071,false,צוריאל פטה עיזים מעודנת גביע 16% 200ג,מחלבת משק צוריאל,IL,משק צוריאל,גרמים,200.00,100 גרם,false,,17.90,0.0895,true,1,34679
7290002107385,false,גבינת מה עיזים בגליל צוריאל 180 ג',מחלבת משק צוריאל,IL,משק צוריאל,גרמים,180.00,100 גרם,false,,20.90,0.1161,true,1,34680
7290002107491,false,גבינת עזים למריחה טבעי 5% צוריאל 250 ג',מחלבת משק צוריאל,IL,משק צוריאל,גרמים,250.00,100 גרם,false,,14.90,0.0596,true,1,34681
7290002107798,false,גבינה בולגרית מעודנת 5% צוריאל 250ג',מחלבת משק צוריאל,IL,משק צוריאל,גרמים,250.00,100 גרם,false,,19.90,0.0796,true,1,34683
7290002107965,false,טבורוג גבינה לאפייה 5% צוריאל 500 ג',מחלבת משק צוריאל,IL,משק צוריאל,גרמים,500.00,100 גרם,false,,19.90,0.0398,true,1,34684
7290002109372,false,בורקס פילו אצבעות בולגרי 700 ג' שלושת האופים,שלושת האופים,IL,שגמור,גרמים,700.00,100 גרם,false,,16.90,0.0241,true,1,34288
7290002111337,false,"רוטב עגבניות 22% ""פרי מבורך"" 240 גרם",זנלכל,IL,רסק עגבניות 260 גרם,גרמים,240.00,100 גרם,false,,4.50,0.0188,true,1,50096
7290002128014,false,נרות שבת מס 4 מנורה,"מנורה שי נר בע""מ",IL,מנורה,יח',4.00,יח',false,,3.90,0.9750,true,1,35813
7290002128083,false,נרות חנוכה רגיל 44יח-מנורה,,,נרות חנוכה רגיל,יח',44.00,יח',false,,2.90,0.0659,true,1,50122
7290002128205,false,נרות לא נוטפים 45יח-מנורה,,,נרות חנוכה דה-לוקס,יח',45.00,יח',false,,5.90,0.1311,true,1,38045
7290002128250,false,"נרות שבת מ""ס 16",מנורה,IL,מנורה,יח',1.00,יח',false,,3.90,3.9000,true,1,53564
7290002128267,false,"נרות שבת מ""ס 20",מנורה,IL,מנורה,יח',1.00,יח',false,,3.90,3.9000,true,1,53565
7290002128311,false,נר נשמה 7 ימים בכוס,"מנורה שי נר בע""מ",IL,מנורה,יח',1.00,יח',false,,9.90,9.9000,true,1,35818
7290002128700,false,נרות חימום 50 יח' מנורה,"מנורה שי נר בע""מ",IL,מנורה,יח',50.00,יח',false,,11.90,0.2380,true,1,35820
7290002128748,false,פתיל צף עגול 50 יח,"מנורה שי נר בע""מ",IL,מנורה,יח',50.00,יח',false,,2.90,0.0580,true,1,38047
7290002128762,false,נר נשמה בכוס 72 שעות - מנורה,"מנורה שי נר בע""מ",IL,מנורה,יח',1.00,יח',false,,4.90,4.9000,true,1,35821
7290002128946,false,נר נשמה בכוס 48 שעות - מנורה,"מנורה שי נר בע""מ",IL,מנורה,יח',1.00,יח',false,,4.50,4.5000,true,1,35823
7290002130567,false,דבש טהור מפרחי בר בזכוכית 350 גרם,מכוורת יד מרדכי שטרא,IL,יד מרדכי,גרמים,350.00,100 גרם,false,,16.90,0.0483,true,1,34473
7290002130581,false,"דבש טהור יד מרדכי 1 ק""ג",שטראוס גרופ,IL,יד מרדכי,קילוגרמים,1.00,"ק""ג",false,,42.90,42.9000,true,1,34475
7290002132011,false,עבאדי עוגיות מזרחיות 400 גרם,מאפיית יוסף ושמחה עב,IL,עבאדי,גרמים,400.00,100 גרם,false,,15.80,0.0395,true,1,34857
7290002133094,false,ברינזה צאן בדלי,"מחלבת השומרון בע""מ",IL,מחלבת השומרון,קילוגרמים,1.00,"ק""ג",true,,78.00,78.0000,true,1,13913
7290002150077,false,פלאפל קפוא 400 גרם ב,"חמים וטעים בע""מ",IL,"חמים וטעים בע""מ",גרמים,400.00,100 גרם,false,,12.90,0.0323,true,1,33872
7290002150718,false,קרפלך כיסוני בצק במי,"חמים וטעים בע""מ",IL,"חמים וטעים בע""מ",גרמים,400.00,100 גרם,false,,12.90,0.0323,true,1,33876
7290002150732,false,קרפלך כיסוני בצק במי,"חמים וטעים בע""מ",IL,"חמים וטעים בע""מ",גרמים,400.00,100 גרם,false,,12.90,0.0323,true,1,33877
7290002150794,false,סיגרים במילוי בשר 40,"חמים וטעים בע""מ",IL,"חמים וטעים בע""מ",גרמים,400.00,100 גרם,false,,12.90,0.0323,true,1,33878
7290002150817,false,"סיגרים במילוי תפו""א","חמים וטעים בע""מ",IL,"חמים וטעים בע""מ",גרמים,400.00,100 גרם,false,,12.90,0.0323,true,1,33879
7290002150831,false,"פסטלים במילוי תפו""א","חמים וטעים בע""מ",IL,"חמים וטעים בע""מ",גרמים,400.00,100 גרם,false,,12.90,0.0323,true,1,33880
7290002150848,false,אגרול סיני 400 גרם,"חמים וטעים בע""מ",IL,"חמים וטעים בע""מ",גרמים,400.00,100 גרם,false,,12.90,0.0323,true,1,33881
7290002150862,false,קובה בורגול במילוי ב,"חמים וטעים בע""מ",IL,"חמים וטעים בע""מ",גרמים,400.00,100 גרם,false,,12.90,0.0323,true,1,33882
7290002157953,false,מארז נתחי טונה בהירה בשמן קנולה - 4 יחידות,דיאמנט פוד פרודקט,IL,ויליגר,גרמים,560.00,100 גרם,false,,19.90,0.0355,true,1,37059
7290002157960,false,טונה במים ויליגר רביעיה * 140ג',ויליגר,IL,ויליגר,גרמים,560.00,100 גרם,false,,19.90,0.0355,true,1,37060
7290002195054,false,המבורגר בלדי 400 גרם ארוז,יוליניבר,IL,בלדי,גרמים,400.00,100 גרם,false,,11.90,0.0298,true,1,37437
7290002195078,false,קבב כבש בלדי קפוא 400 ג',בלדי,IL,בלדי,גרמים,400.00,100 גרם,false,,11.90,0.0298,true,1,37438
7290002195092,false,קבב רומני 400 גרם ארוז,בלדי,IL,בלדי,גרמים,400.00,100 גרם,false,,11.90,0.0298,true,1,37440
7290002198048,false,פסטרמה הודו בתיבול ש,זוגלובק,IL,זוגלובק,קילוגרמים,1.00,"ק""ג",true,,79.00,79.0000,true,1,60983
7290002198062,false,פסטרמה הודו אקסטרה מ,זוגלובק,IL,זוגלובק,קילוגרמים,1.00,"ק""ג",true,,79.00,79.0000,true,1,64302
7290002208235,false,פוקורינו כבשים,מחלבת משק דותן,IL,משק דותן,קילוגרמים,1.00,"ק""ג",true,,125.00,125.0000,true,1,50282
7290002208259,false,קשקבל כבשים,מחלבת משק דותן,IL,משק דותן,קילוגרמים,1.00,"ק""ג",true,,125.00,125.0000,true,1,50283
7290002208266,false,מנצגו כבשים,מחלבת משק דותן,IL,משק דותן,קילוגרמים,1.00,"ק""ג",true,,125.00,125.0000,true,1,50284
7290002208280,false,תום כבשים,מחלבת משק דותן,IL,משק דותן,קילוגרמים,1.00,"ק""ג",true,,125.00,125.0000,true,1,50285
7290002232995,false,ציפוי פז דגש ללא גלו,פ.פ.ח. שאביט,IL,דגש,גרמים,500.00,100 גרם,false,,28.90,0.0578,true,1,32638
7290002239185,false,אפונת גינה קפואה פרי גליל 800 גרם,"פרי הגליל בע""""מ",IL,פרי הגליל,גרמים,800.00,100 גרם,false,,9.90,0.0124,true,1,34566
7290002239215,false,אפונה וגזר קפוא פרי גליל 800 גרם,"פרי הגליל בע""""מ",IL,פרי הגליל,גרמים,800.00,100 גרם,false,,9.90,0.0124,true,1,34567
7290002239307,false,שעועית צהובה 800 ג ' פרי הגליל,"פרי הגליל בע""""מ",IL,פרי הגליל,גרמים,800.00,100 גרם,false,,9.90,0.0124,true,1,34569
7290002239338,false,שעועית ירוקה 800 ג' פרי הגליל,"פרי הגליל בע""""מ",IL,פרי הגליל,גרמים,800.00,100 גרם,false,,9.90,0.0124,true,1,34570
7290002239369,false,שעועית ירוקה שלמה 800 גרם פרי הגליל,"פרי הגליל בע""""מ",IL,פרי הגליל,גרמים,800.00,100 גרם,false,,9.90,0.0124,true,1,34571
7290002239420,false,תירס גרעינים 800 ג ' פרי הגליל,"פרי הגליל בע""""מ",IL,פרי הגליל,גרמים,800.00,100 גרם,false,,9.90,0.0124,true,1,34572
7290002253006,false,שום כתוש בצנצנת 200 גר דורות,עיצובים 2020 (3.8),IL,דורות,גרמים,200.00,100 גרם,false,,16.90,0.0845,true,1,33015
7290002253105,false,מגשית קוביות שום טרי דורות 80 ג',עיצובים 2020 (3.8),IL,דורות,גרמים,80.00,100 גרם,false,,10.90,0.1363,true,1,33016
7290002253150,false,בזיליקום טרי קצוץ דורות 70 ג',עיצובים 2020 (3.8),IL,דורות,גרמים,70.00,100 גרם,false,,9.90,0.1414,true,1,33017
7290002253167,false,מגשית פטרוזיליה דורות 70 גר,עיצובים 2020 (3.8),IL,דורות,גרמים,70.00,100 גרם,false,,9.90,0.1414,true,1,33018
7290002253181,false,כוסברה טריה קצוצה 70 ג' דורות,עיצובים 2020 (3.8),IL,דורות,גרמים,70.00,100 גרם,false,,9.90,0.1414,true,1,33020
7290002253198,false,ג'ינג'ר טרי כתוש במגשית 70 ג' דורות,עיצובים 2020 (3.8),IL,דורות,גרמים,90.00,100 גרם,false,,9.90,0.1100,true,1,33021
7290002253235,false,דורות רוטב פסטו 160 גרם,עיצובים 2020 (3.8),IL,דורות,גרמים,160.00,100 גרם,false,,10.90,0.0681,true,1,33022
7290002259640,false,"רדיד אלומניום דיימונד 084- 7.50 מ""ר *0.3",ריינולדס מוצרי צריכה,CN,דיימונד,מטרים,7.60,מטר,false,,11.90,1.5658,true,1,33675
7290002259664,false,רדיד אלומיניום דיימונד גדול 60X0.60מ',ריינולדס מוצרי צריכה,US,דיימונד,מטרים,60.40,מטר,false,,54.90,0.9089,true,1,33677
7290002265023,false,סלמון ברוסט בוואקום,,,סלמון ברוסט בוואקום,קילוגרמים,1.00,"ק""ג",true,,180.00,180.0000,true,1,64006
7290002265153,false,פלמידה בעישון קר ווא,אס.פי.פיש האוס,IL,אס.פי.פיש האוס,קילוגרמים,1.00,"ק""ג",true,,80.00,80.0000,true,1,47960
7290002265177,false,פיקלינג,אס.פי.פיש האוס,IL,אס.פי.פיש האוס,קילוגרמים,1.00,"ק""ג",true,,75.00,75.0000,true,1,19116
7290002265191,false,מקרוסקה בואקום,,,מקרוסקה בואקום,קילוגרמים,1.00,"ק""ג",true,,99.00,99.0000,true,1,47961
7290002265214,false,פילה הרינג לבן בשמן,אס.פי.פיש האוס,IL,אס.פי.פיש האוס,קילוגרמים,1.00,"ק""ג",true,,50.00,50.0000,true,1,19117
7290002265245,false,פילה הרינג כבוש,אס.פי.פיש האוס,IL,אס.פי.פיש האוס,קילוגרמים,1.00,"ק""ג",true,,50.00,50.0000,true,1,19120
7290002278528,false,כרית קרצוף לכלים שבת כלין 2 יח',מ.א ייצור ושיווק מטל,IL,Bianco,יח',2.00,יח',false,,6.90,3.4500,true,1,33105
7290002281405,false,סלט סלמון מעושן פיקנטי 2*160 גרם,ויליגר,IL,ויליגר,גרמים,320.00,100 גרם,false,,9.90,0.0309,true,1,51362
7290002291046,false,המבורגר מסעדות קצבייה 4 יח'-480 ג',יוליניבר,IL,בלדי,גרמים,480.00,100 גרם,false,,22.90,0.0477,true,1,37441
7290002319016,false,אבקת אפיה מיה מארז 10X10 ג',"מיה תעשיות מזון בע""מ",IL,מיה,גרמים,100.00,100 גרם,false,,1.90,0.0190,true,1,34171
7290002319023,false,סוכר וניל מיה עשיריו,"מיה תעשיות מזון בע""מ",IL,מיה,גרמים,100.00,100 גרם,false,,1.90,0.0190,true,1,34172
7290002319061,false,קוקוס טחון מיה 100,מיה,IL,קוקוס טחון 100 גרם,גרמים,100.00,100 גרם,false,,3.70,0.0370,true,1,62441
7290002319078,false,שומשום מיה 100 גרם,"מיה תעשיות מזון בע""מ",IL,מיה,גרמים,100.00,100 גרם,false,,2.90,0.0290,true,1,34174
7290002319092,false,קמח תפוחי אדמה מיה 500 גר',מיה תעשיות מזון,IL,קמח תפוחי אדמה 500 ג,גרמים,500.00,100 גרם,false,,4.90,0.0098,true,1,50437
7290002319115,false,חומוס גדול יבש מיה 500 גר',"מיה תעשיות מזון בע""מ",IL,מיה,גרמים,500.00,100 גרם,false,,6.90,0.0138,true,1,34175
7290002319139,false,שעועית לבנה יבשה מיה 500 ג',"מיה תעשיות מזון בע""מ",IL,מיה,גרמים,500.00,100 גרם,false,,7.90,0.0158,true,1,37022
7290002319146,false,שעועית אדומה יבשה 500 ג',"מיה תעשיות מזון בע""מ",IL,מיה,גרמים,500.00,100 גרם,false,,7.90,0.0158,true,1,37023
7290002319160,false,אפונה ירוקה יבשה מיה 500 ג',"מיה תעשיות מזון בע""מ",IL,מיה,גרמים,500.00,100 גרם,false,,4.90,0.0098,true,1,37024
7290002319177,false,פופקורן גרעינים מיה 500 גר',"מיה תעשיות מזון בע""מ",IL,מיה,גרמים,500.00,100 גרם,false,,4.90,0.0098,true,1,34177
7290002319184,false,עדשים אדומים יבשים מיה 500 גר',"מיה תעשיות מזון בע""מ",IL,מיה,גרמים,500.00,100 גרם,false,,6.90,0.0138,true,1,34178
7290002319191,false,עדשים ירוקים יבשים מיה 500 גר',"מיה תעשיות מזון בע""מ",IL,מיה,גרמים,500.00,100 גרם,false,,6.90,0.0138,true,1,34179
7290002319375,false,"קורנפלור 200 ג' בד""ץ מיה","מיה תעשיות מזון בע""מ",IL,מיה,גרמים,200.00,100 גרם,false,,2.90,0.0145,true,1,56904
7290002319771,false,"תמצית אפיה וניל 50מ""ל מיה","מיה תעשיות מזון בע""מ",IL,מיה,מיליליטרים,50.00,"100 מ""ל",false,,2.90,0.0580,true,1,34183
7290002319788,false,"תמצית אפיה רום 50 מ""ל מיה","מיה תעשיות מזון בע""מ",IL,מיה,מיליליטרים,50.00,"100 מ""ל",false,,2.90,0.0580,true,1,34184
7290002319795,false,"תמצית אפייה שקדים 60 מ""ל",מיה,IL,תמצית אפיה שקדים 60,מיליליטרים,60.00,"100 מ""ל",false,,3.90,0.0650,true,1,62447
7290002319825,false,אבקת סוכר 100 גר' מיה,"מיה תעשיות מזון בע""מ",IL,מיה,גרמים,100.00,100 גרם,false,,1.90,0.0190,true,1,34185
7290002327028,false,ג'חנון תימני 3 האופים 650 גר',TLV צ'יף,IL,אופרה,גרמים,650.00,100 גרם,false,,13.90,0.0214,true,1,34295
7290002327042,false,"בורקס תפו""א 800 גר' שלושת האופים קהילות",שלושת האופים,IL,אופרה,גרמים,800.00,100 גרם,false,,15.90,0.0199,true,1,34296
7290002327059,false,"בצק עלים 1 ק""ג שלושת האופים קהילות",שלושת האופים,IL,אופרה,קילוגרמים,1.00,"ק""ג",false,,16.90,16.9000,true,1,34297
7290002327073,false,בורקס גבינה 800 גר' שלושת האופים קהילות,שלושת האופים,IL,אופרה,גרמים,800.00,100 גרם,false,,16.90,0.0211,true,1,34299
7290002331360,false,"נביעות מים מינרליים טו גו מארז 500X6מ""ל",נביעות,IL,נביעות,ליטרים,3.00,ליטר,false,,12.90,4.3000,true,1,33343
7290002331490,false,מים מינרלים נביעות 1 ליטר,נביעות טבע הגליל בעמ,IL,נביעות,ליטרים,1.00,ליטר,false,,2.90,2.9000,true,1,33346
7290002345015,false,סינטה דק דק אל גאוצ'ו 250ג' מינוט,"טיבון ויל אחזקות בע""",IL,אל גאוצו,גרמים,250.00,100 גרם,false,,16.90,0.0676,true,1,37064
7290002345022,false,אנטריקוט דק דק אל גאצ'ו 250ג' מינוט,"טיבון ויל אחזקות בע""",IL,אל גאוצו,גרמים,250.00,100 גרם,false,,15.90,0.0636,true,1,37065
7290002345060,false,גבינת מאסדם הולנדי,ויזר,NL,גבינת מאסדם הולנדי,קילוגרמים,1.00,"ק""ג",true,,75.00,75.0000,true,1,31292
7290002345077,false,שניצל בקר מינוט אל גאוצ'ו קפוא 250 גר,טיבון ויל,IL,טיבון ויל,גרמים,250.00,100 גרם,false,,14.90,0.0596,true,1,37066
7290002349914,false,מטליות מיקרופייבר יו,,IL,מטליות מיקרופייבר יו,יח',5.00,יח',false,,5.90,1.1800,true,1,69280
7290002349921,false,מטליות מיקרופייבר לר,,IL,מטליות מיקרופייבר לר,יח',2.00,יח',false,,12.90,6.4500,true,1,69276
7290002349938,false,מטליות מיקרופייבר מק,,IL,מטליות מיקרופייבר מק,יח',5.00,יח',false,,11.90,2.3800,true,1,69278
7290002349945,false,כריות יפניות יוחננוף,,IL,כריות יפניות יוחננוף,יח',12.00,יח',false,,11.90,0.9917,true,1,69277
7290002349969,false,כריות קרצוף ללכלוך ק,,IL,כריות קרצוף ללכלוך ק,יח',3.00,יח',false,,6.90,2.3000,true,1,69281
7290002349983,false,מטליות רצפה מיקרופיי,,IL,מטליות רצפה מיקרופיי,יח',3.00,יח',false,,12.90,4.3000,true,1,69279
7290002353836,false,סרדינים רוברט בשמן זית 115 גרם,קונסרבס פורטוגל נורט,PT,סרדין רוברט,גרמים,140.00,100 גרם,false,,8.90,0.0636,true,1,34300
7290002360155,false,חליטת תה פרחי שומר פומפדור 20 שקיקים,TEEKANNE- POMPADOU,DE,פומפדור,גרמים,30.00,100 גרם,false,,10.90,0.3633,true,1,35321
7290002360285,false,תה פומפדור חליטת צמחים קמומיל 20 שק,TEEKANNE- POMPADOU,DE,פומפדור,גרמים,30.00,100 גרם,false,,10.90,0.3633,true,1,35325
7290002370123,false,גבינת עיזים רכה 29%,היחוס דה סאלבאדור,ES,וילי פוד,קילוגרמים,1.00,"ק""ג",true,,80.00,80.0000,true,1,30494
7290002370130,false,גבינה ברי צרפתית,גולד פרוסט,,סיי צייז,קילוגרמים,1.00,"ק""ג",true,,80.00,80.0000,true,1,30902
7290002370239,false,גבינה חצי קשה פיקנט,אל פסטור,ES,say cheese,קילוגרמים,1.00,"ק""ג",true,,80.00,80.0000,true,1,35842
7290002370420,false,גבינת גאודה מהולנד 30% שומן שקיל (גלגל),איוויאן,NL,וילי פוד,קילוגרמים,1.00,"ק""ג",true,,69.00,69.0000,true,1,55644
7290002370475,false,גבינת דנהבלו בשלה עם,קסרייס,ES,יורו צ'יז,קילוגרמים,1.00,"ק""ג",true,,55.00,55.0000,true,1,58056
7290002370789,false,גבינת כבשים עם פטריות כמהין במשקל 36% שו,אל פסטור,ES,*מבצע* גבינת כבשים ע,קילוגרמים,1.00,"ק""ג",true,,120.00,120.0000,true,1,64780
7290002370901,false,גבינת עיזים משולש 32,אלמטאה,NL,וילי פוד,קילוגרמים,1.00,"ק""ג",true,,100.00,100.0000,true,1,66077
7290002370925,false,גבינת גאודה עם עשבי תיבול ושום שקיל,רובין הולנד,NL,וילי פוד,קילוגרמים,1.00,"ק""ג",true,,80.00,80.0000,true,1,64781
7290002370949,false,גאודה מיושנת משולש,איי וואר,NL,יורו ציז,קילוגרמים,1.00,"ק""ג",true,,99.00,99.0000,true,1,66078
7290002370994,false,גבינת גאודה עם פטריות כמהין שקיל,רובין הולנד,NL,*מבצע* גאודה עם פטרי,קילוגרמים,1.00,"ק""ג",true,,110.00,110.0000,true,1,64782
7290002371533,false,דקניקים סלסולי פסטרמה בדבש 120 ג' טירת צבי,הנסיך- מפעל לייצור ט,IL,טירת- צבי,גרמים,120.00,100 גרם,false,,12.90,0.1075,true,1,35548
7290002371540,false,דקניקים קורנדביף 120 ג' טירת צבי,הנסיך- מפעל לייצור ט,IL,טירת- צבי,גרמים,120.00,100 גרם,false,,12.90,0.1075,true,1,35549
7290002371571,false,פסטרמה פרגיות לבאגט במשקלטירת צבי,טירת- צבי,IL,טירת- צבי,קילוגרמים,1.00,"ק""ג",true,,79.00,79.0000,true,1,23756
7290002371854,false,"נקניקיות עוף מתובלות 1 ק""ג טירת צבי",הנסיך- מפעל לייצור ט,IL,טירת- צבי,קילוגרמים,1.00,"ק""ג",false,,22.90,22.9000,true,1,35550
7290002374268,false,שמן חמניות מילומור 1 ליטר,שמן תעשיות,IL,שמן חמניות מילומור,ליטרים,1.00,ליטר,false,,10.90,10.9000,true,1,63441
7290002374312,true,"שמן קנולה ""מילומור""",שמן תעשיות,IL,עץ הזית,ליטרים,1.00,ליטר,false,,10.90,10.9000,true,1,34813
7290002374640,false,שמן קנולה פלוס אומגה 3 1 ליטר עץ הזית,שמן תעשיות,IL,עץ הזית,ליטרים,1.00,ליטר,false,,16.50,16.5000,true,1,34815
7290002385066,false,"בולגרית קוביות ק""ג.",דשן,IL,מחלבות גד,קילוגרמים,1.00,"ק""ג",true,,60.00,60.0000,true,1,13127
7290002385196,false,גבינת דיניש בלו במשקל,מחלבות גד,IL,מחלבות גד,קילוגרמים,1.00,"ק""ג",true,,129.00,129.0000,true,1,13130
7290002385455,false,בולגרית מעודנת 24% מ,דשן,IL,מחלבות גד,קילוגרמים,1.00,"ק""ג",true,,61.00,61.0000,true,1,13136
7290002385486,false,גבינת שמנת טב,מחלבות גד,IL,מחלבות גד,קילוגרמים,1.00,"ק""ג",true,,40.00,40.0000,true,1,13137
7290002385509,false,גבינת שמנת שו,מחלבות גד,IL,מחלבות גד,קילוגרמים,1.00,"ק""ג",true,,40.00,40.0000,true,1,13139
7290002385738,false,גבינת מנצ'גו משולשים,מחלבות גד,IL,מחלבות גד,קילוגרמים,1.00,"ק""ג",true,,130.00,130.0000,true,1,46895
7290002385745,false,פקורינו משולשים מהדר,מחלבות גד,IL,מחלבות גד,קילוגרמים,1.00,"ק""ג",true,,148.00,148.0000,true,1,46896
7290002404583,false,"היוצר בראשית קברנה 750 מ""ל ^^^",יקב היוצר,,*מבצע* יין קברנה ברא,מיליליטרים,750.00,"100 מ""ל",false,,32.90,0.0439,true,1,36862
7290002404590,false,"יין מרלו הראשית 750 מ""ל היוצר",יקבי ארזה,IL,ארזה,מיליליטרים,750.00,"100 מ""ל",false,,32.90,0.0439,true,1,36863
7290002404613,false,"יין וירטואוז קברנה 750 מ""ל היוצר",יקבי ארזה,IL,ארזה,מיליליטרים,750.00,"100 מ""ל",false,,42.90,0.0572,true,1,36865
7290002404637,false,"יין וירטואוז שירז 750 מ""ל היוצר",יקבי ארזה,IL,ארזה,מיליליטרים,750.00,"100 מ""ל",false,,42.90,0.0572,true,1,36867
7290002404958,false,יין גינוסר1 ליטר,יקבי ארזה,IL,גנוסר,ליטרים,1.00,ליטר,false,,14.90,14.9000,true,1,36870
7290002407348,false,"שמן זית כתית מעולה 750 מ""ל ג'השאן",משק משפחת ג'השאן,IL,*מבצע* שמן זית כתית,מיליליטרים,750.00,"100 מ""ל",false,,26.90,0.0359,true,1,70571
7290002409014,false,ציפור השרון גחנון אפוי 600גר,ציפור השרון,,גחנון אפוי 600ג ציפור השר,גרמים,600.00,100 גרם,false,,16.90,0.0282,true,1,33889
7290002409038,false,בורקס גבינה ציפור הש,,,בורקס גבינה ציפור השרון,גרמים,800.00,100 גרם,false,,15.90,0.0199,true,1,33891
7290002409045,false,"בורקס תפו""א ציפור השרון 800ג'",,,"בורקס תפו""א ציפור השרון",גרמים,800.00,100 גרם,false,,13.90,0.0174,true,1,33892
7290002409076,false,ציפור השרון גחנון בצק 800גר,ציפור השרון,,גחנון 800גרם ציפור השרון,גרמים,800.00,100 גרם,false,,13.90,0.0174,true,1,33893
7290002409175,false,"בצק עלים צרפתי צפ.השרון 1 ק""ג",ציפור השרון,,"בצק עלים 1 ק""ג ציפור השרו",קילוגרמים,1.00,"ק""ג",false,,13.90,13.9000,true,1,33894
7290002409274,false,מלוואח ציפור השרון 5 יחי',,,מלאווח 1קג ציפור השרון,גרמים,800.00,100 גרם,false,,13.90,0.0174,true,1,63439
7290002409281,false,סבבה ציפור השרון,פילסברי,,סבבה ציפור השרון,גרמים,750.00,100 גרם,false,,16.90,0.0225,true,1,33895
7290002410348,false,רוסטביף עגל ואקום,מעדני הטלה,IL,מעדני הטלה,קילוגרמים,1.00,"ק""ג",true,,39.90,39.9000,true,1,45750
7290002410713,false,מעדני הטלה קישקע ממו,לאטי עזרא גלם ודגים,IL,מעדני הטלה,גרמים,500.00,100 גרם,false,,9.90,0.0198,true,1,36477
7290002410829,false,קבב מרוקאי 800 גרם,מעדני הטלה,IL,מעדני הטלה,גרמים,800.00,100 גרם,false,,43.90,0.0549,true,1,36478
7290002410874,false,רבעי פרגיות ממולאות,לאטי עזרא גלם ודגים,IL,מעדני הטלה,קילוגרמים,1.00,"ק""ג",true,,49.90,49.9000,true,1,45751
7290002461562,false,נקניקיות מיני מרגז 500 ג',מעדני הטלה,IL,מעדני הטלה,גרמים,500.00,100 גרם,false,,24.90,0.0498,true,1,33145
7290002478157,false,רבעי פרגיות ממולאות,מעדני הטלה,IL,מעדני הטלה,קילוגרמים,1.00,"ק""ג",true,,49.90,49.9000,true,1,51943
7290002487364,false,שלושת האופים ב. פילו גבינה זיתים 700 גר לנדא,שלושת האופים,IL,שגמור,גרמים,700.00,100 גרם,false,,16.90,0.0241,true,1,34307
7290002507383,false,בולגרית של בכר 5%,פנחס,IL,פנחס,קילוגרמים,1.00,"ק""ג",true,,75.00,75.0000,true,1,13333
7290002507390,false,בולגרית של בכר16%,פנחס,IL,פנחס,קילוגרמים,1.00,"ק""ג",true,,75.00,75.0000,true,1,13334
7290002507451,false,קציצות דג סלמון דלידג 750 גר',דלידג,IL,דלידג,גרמים,750.00,100 גרם,false,,24.90,0.0332,true,1,34313
7290002507604,false,פיצת השף מאיטליה 320 גר',האי נאם סי או אל.טי.,IT,שלושת האופים,גרמים,320.00,100 גרם,false,,12.90,0.0403,true,1,34314
7290002511229,false,בולגרית חלקה מעודנת,"מחלבת המושבה בע""מ",IL,מחלבת המושבה,קילוגרמים,1.00,"ק""ג",true,,40.00,40.0000,true,1,47955
7290002511236,false,בולגרית מעודנ,"מחלבת המושבה בע""מ",IL,מחלבת המושבה,קילוגרמים,1.00,"ק""ג",true,,40.00,40.0000,true,1,47956
7290002511243,false,בולגרית 16%,"מחלבת המושבה בע""מ",IL,מחלבת המושבה,קילוגרמים,1.00,"ק""ג",true,,45.00,45.0000,true,1,19050
7290002511250,false,ג. שמנת שמיר 30%,"מחלבת המושבה בע""מ",IL,מחלבת המושבה,קילוגרמים,1.00,"ק""ג",true,,39.00,39.0000,true,1,19051
7290002511267,false,ג. שמנת פסטו 30%,"מחלבת המושבה בע""מ",IL,מחלבת המושבה,קילוגרמים,1.00,"ק""ג",true,,39.00,39.0000,true,1,19052
7290002511274,false,ג. שמנת זיתים 30%,"מחלבת המושבה בע""מ",IL,מחלבת המושבה,קילוגרמים,1.00,"ק""ג",true,,39.00,39.0000,true,1,19053
7290002511281,false,המושבה גבינת ברינזה,"מחלבת המושבה בע""מ",IL,מחלבת המושבה,קילוגרמים,1.00,"ק""ג",true,,80.00,80.0000,true,1,19054
7290002511427,false,אצבעות שוקולד,"מחלבת המושבה בע""מ",IL,מחלבת המושבה,קילוגרמים,1.00,"ק""ג",true,,57.00,57.0000,true,1,19058
7290002511748,false,גאודה כמהין במשקל,"מחלבת המושבה בע""מ",IL,המושבה,קילוגרמים,1.00,"ק""ג",true,,130.00,130.0000,true,1,55988
7290002512004,false,מלוואח צנעני 900 גרם,צנעני מוצרי בצק,IL,צנעני,גרמים,900.00,100 גרם,false,,19.90,0.0221,true,1,33226
7290002512011,false,צנעני גחנון 900 גרם,צנעני מוצרי בצק,IL,צנעני,גרמים,900.00,100 גרם,false,,19.90,0.0221,true,1,33227
7290002512035,false,"בצק עלים צנעני 1 ק""ג",צנעני מוצרי בצק,IL,צנעני,קילוגרמים,1.00,"ק""ג",false,,17.90,17.9000,true,1,33228
7290002512066,false,גחנון אפוי צנעני 600 גרם,YOAL,IL,ג'חנון אפוי למיקרוגל,גרמים,650.00,100 גרם,false,,19.90,0.0306,true,1,61020
7290002512509,false,מלוואח אלפא 700 גרם,,,מלוואח אלפא 700 גרם,גרמים,700.00,100 גרם,false,,9.90,0.0141,true,1,36581
7290002512547,false,בצק עלים אלפא 750 גר,צנעני,IL,בצק עלים אלפא,גרמים,750.00,100 גרם,false,,9.90,0.0132,true,1,59865
7290002512554,false,גחנון אלפא 700 גרם,,,גחנון אלפא 700 גרם,גרמים,700.00,100 גרם,false,,9.90,0.0141,true,1,36582
7290002515371,false,אל סבון קמיל בלו קלאסיק דר פישר 1 ל,"ד""ר פישר Dr fischer",IL,קמיל בלו,ליטרים,1.00,ליטר,false,,21.90,21.9000,true,1,34192
7290002517290,false,תבלין קינמון טחון 40 גר' מיכל,"תבליני טעם וריח בע""מ",IL,"תבליני טעם וריח בע""מ",גרמים,40.00,100 גרם,false,,6.90,0.1725,true,1,35434
7290002517337,false,תבלין אורגנו עלים 20 גר',"תבליני טעם וריח בע""מ",IL,"תבליני טעם וריח בע""מ",גרמים,20.00,100 גרם,false,,5.90,0.2950,true,1,35435
7290002517375,false,תבלין בזיליקום 30 גר' שק',"תבליני טעם וריח בע""מ",IL,"תבליני טעם וריח בע""מ",גרמים,30.00,100 גרם,false,,5.90,0.1967,true,1,35436
7290002517603,false,תבלין בזיליקום מיכל 10ג',"תבליני טעם וריח בע""מ",IL,"תבליני טעם וריח בע""מ",גרמים,10.00,100 גרם,false,,6.90,0.6900,true,1,35440
7290002517726,false,תבלין מקלות קינמון 15ג',"תבליני טעם וריח בע""מ",IL,"תבליני טעם וריח בע""מ",גרמים,15.00,100 גרם,false,,6.90,0.4600,true,1,35445
7290002517801,false,תבלין צ'ילי כתוש - חריף (פלפל קיינה) 30 ג',"תבליני טעם וריח בע""מ",IL,"תבליני טעם וריח בע""מ",גרמים,30.00,100 גרם,false,,6.90,0.2300,true,1,35447
7290002517825,false,תבלין פלפל לבן טחון 40ג',"תבליני טעם וריח בע""מ",IL,"תבליני טעם וריח בע""מ",גרמים,40.00,100 גרם,false,,8.90,0.2225,true,1,37587
7290002517863,false,תבלין ציפורן טחון 80ג',"תבליני טעם וריח בע""מ",IL,"תבליני טעם וריח בע""מ",גרמים,40.00,100 גרם,false,,9.90,0.2475,true,1,35450
7290002542780,false,"שישייה בירה סטלה ארטואה בקבוק 330X6 מ""ל",סטלה ארטואה Stella Artois,BE,שישיית בירה סטלה 330,ליטרים,1.98,ליטר,false,,34.90,17.6263,true,1,62729
7290002542810,false,"בירה הוגרדן בקבוק 330 מ""ל",הוגרדן Hoegaarden,BE,"בירה הוגרדן 330 מ""ל",מיליליטרים,330.00,"100 מ""ל",false,,9.90,0.0300,true,1,62731
7290002542841,false,"שישייה בירה לף בלונד בקבוק 330X6 מ""ל",לף Leffe,BE,*מבצע* שישיית בירה ל,ליטרים,1.98,ליטר,false,,44.90,22.6768,true,1,62733
7290002543237,false,קלוגס קורן פלקס 750 גרם,קלוגס קומפני אוף גרי,DE,קלוגס,גרמים,750.00,100 גרם,false,,13.90,0.0185,true,1,35468
7290002560135,false,נורמה ניילון נצמד 15,,,ניילון נצמד 150 מטר,יח,1.00,יח,false,,14.90,14.9000,true,1,58783
7290002560333,false,שקיות אוכל מארז שלשה,,,שקיות אוכל מארז שלשה,יח,3.00,יח,false,,7.90,2.6333,true,1,55459
7290002596448,false,חזה בקר כבוש קפוא.,מעדני הטלה,IL,מעדני הטלה,קילוגרמים,1.00,"ק""ג",true,,35.90,35.9000,true,1,45752
7290002603689,false,בורקס פילו שגב XL תפוא שגב 450 גרם לנדא,שגמור,IL,שגמור,גרמים,450.00,100 גרם,false,,16.90,0.0376,true,1,34322
7290002603696,false,מקלות בורקס פילו XL גבינה שגב 450 גר,שגמור,IL,שגמור,גרמים,450.00,100 גרם,false,,16.90,0.0376,true,1,34323
7290002608509,false,לחם מחמצת זיתי קלמנט,,,לחם רוסטיק לבן,יח',1.00,יח',false,,16.90,16.9000,true,1,30402
7290002608516,false,לחם מחמצת מקמח מלא 5,פילסברי,,לחם רוסטיק לבן,יח',1.00,יח',false,,16.90,16.9000,true,1,30403
7290002623373,false,ג. עזים בושה 24%,קוופרטיב ליאטיאר דה,FR,מכבי,קילוגרמים,1.00,"ק""ג",true,,189.00,189.0000,true,1,20462
7290002623427,false,ג.כחולה עדינה 33%,לקאוי,FR,מכבי,קילוגרמים,1.00,"ק""ג",true,,149.00,149.0000,true,1,20464
7290002627098,false,פיצה ביס 350 גרם שלושת האופים,שלושת האופים,IL,פיצה ביס שלושת האופי,גרמים,350.00,100 גרם,false,,12.90,0.0369,true,1,63696
7290002627210,false,"גפילטעפיש קציצות מדגי קרפיון וכסיף 560 גר' בעל""ז",האי נאם סי או אל.טי.,IL,דלידג,גרמים,560.00,100 גרם,false,,9.90,0.0177,true,1,53706
7290002627753,false,פיצה זוג יוחננוף 320,סוילה אס.אר.אל ויטו,IT,יוחננוף,גרמים,640.00,100 גרם,false,,20.90,0.0327,true,1,58865
7290002628170,false,בשר מס 5 חלק קפוא,JBS S.A,BR,בשר מס 5 חלק קפוא,קילוגרמים,1.00,"ק""ג",true,,69.90,69.9000,true,1,71242
7290002628347,false,סטייק אנטריקוט חלק,JBS S.A,BR,בלדי,קילוגרמים,1.00,"ק""ג",true,,49.90,49.9000,true,1,70586
7290002651116,false,גחנון חמסי 1 קג לא א,מעדני הטלה,IL,חמסי,קילוגרמים,1.00,"ק""ג",false,,15.90,15.9000,true,1,33147
7290002651123,false,חמסי מלווח 1 קילו,חמסי,IL,חמסי,קילוגרמים,1.00,"ק""ג",false,,15.90,15.9000,true,1,33148
7290002674221,false,"אקווה פרש משחת שינים משאבה מנטה 100 מ""ל",גלקסו סמית קליין,GB,אקווה פרש,מיליליטרים,100.00,"100 מ""ל",false,,11.90,0.1190,true,1,33678
7290002692393,false,שמן קנולה מועשר1 ליטר-עץ הזית,שמן תעשיות,IL,עץ הזית,ליטרים,1.00,ליטר,false,,14.90,14.9000,true,1,34816
7290002692478,false,"שמן זית כתית מעולה קלאסי מעודן 750 מ""ל עץ הזית","מרקאולאו, ספרד.אבסה,",IT,עץ הזית,מיליליטרים,750.00,"100 מ""ל",false,,29.90,0.0399,true,1,34818
7290002692768,false,"תרסיס קנולה מופחת קלוריות 200 מ""ל עץ הזית",טרנסומס פוד איי בי,IL,עץ הזית,מיליליטרים,200.00,"100 מ""ל",false,,13.90,0.0695,true,1,34820
7290002692782,false,"תרסיס שמן זית כתית מעולה עץ הזית 150 מ""ל",י.ב טכנולוגיות אריזה,IL,עץ הזית,מיליליטרים,200.00,"100 מ""ל",false,,13.90,0.0695,true,1,34821
7290002695073,false,בשר מס' 6 מוכשר קפו,כל הבשר,AR,כל הבשר,קילוגרמים,1.00,"ק""ג",true,,39.90,39.9000,true,1,46715
7290002695103,false,בשר מס' 5 מוכשר קפוא,כל הבשר,AR,כל הבשר,קילוגרמים,1.00,"ק""ג",true,,39.90,39.9000,true,1,46716
7290002695127,false,טחון הודו זוגות,כל הבשר,IL,כל הבשר,קילוגרמים,1.00,"ק""ג",false,,14.90,14.9000,true,1,36918
7290002695295,false,זוג טחון בקר חלק 2*5,כל הבשר,IL,כל הבשר,קילוגרמים,1.00,"ק""ג",false,,29.90,29.9000,true,1,36926
7290002695448,false,סטייק אנטריקוט מעובד,כל הבשר,IL,כל הבשר,קילוגרמים,1.00,"ק""ג",true,,39.90,39.9000,true,1,44834
7290002695486,false,בשר לחמין.,כל הבשר,IL,כל הבשר,קילוגרמים,1.00,"ק""ג",true,,34.90,34.9000,true,1,46719
7290002695554,false,עצמות בקר לציר למרק,כל הבשר,IL,כל הבשר,קילוגרמים,1.00,"ק""ג",true,,12.90,12.9000,true,1,71171
7290002695608,false,טחון בקר זוגות 2*500,כל הבשר,IL,כל הבשר,קילוגרמים,1.00,"ק""ג",false,,25.90,25.9000,true,1,36933
7290002695684,false,גולש בקר במגש .,כל הבשר,IL,כל הבשר,קילוגרמים,1.00,"ק""ג",true,,33.90,33.9000,true,1,44968
7290002695752,false,טחון עוף זוגות,כל הבשר,IL,כל השר,קילוגרמים,1.00,"ק""ג",false,,14.90,14.9000,true,1,36937
7290002695813,false,בשר מס 5 חלק קפוא מע,כל הבשר,IL,כל הבשר,קילוגרמים,1.00,"ק""ג",true,,39.90,39.9000,true,1,44969
7290002695851,false,בשר טחון בקר 100%.,כל הבשר,IL,כל הבשר,גרמים,500.00,100 גרם,false,,22.90,0.0458,true,1,36942
7290002715504,false,מרק עוף מגיק בכוס 70 גרם,טאט הוי פוד בעמ,SG,מג'יק,גרמים,70.00,100 גרם,false,,4.50,0.0643,true,1,34325
7290002715511,false,מרק בשר מגיק בכוס 70 גרם,טאט הוי פוד בעמ,SG,מג'יק,גרמים,70.00,100 גרם,false,,4.50,0.0643,true,1,34326
7290002715528,false,מרק ירקות מגיק בכוס 70 גרם,טאט הוי פוד בעמ,SG,מג'יק,גרמים,70.00,100 גרם,false,,4.50,0.0643,true,1,34327
7290002715580,false,מרק סיני מגיק בכוס 70 גרם,טאט הוי פוד בעמ,SG,מג'יק,גרמים,70.00,100 גרם,false,,4.50,0.0643,true,1,34328
7290002730262,false,פלמוליב כלים שקוף קלאסי 750 בקבוק חדש,יבואן ומשווק: ש. שסט,GR,פלמוליב כלים,מיליליטרים,750.00,"100 מ""ל",false,,8.80,0.0117,true,1,35329
7290002730521,false,צימרוני אוזניים בלונס בקופסא 200 יח',ספטונה,GR,בלונס,יח',200.00,יח',false,,6.90,0.0345,true,1,35331
7290002730538,false,בלונס פדים להסרת איפור 80 יח',הנסיך- מפעל לייצור ט,GR,בלונס,יח',80.00,יח',false,,8.90,0.1113,true,1,35332
7290002730811,false,"קולגייט משחת שיניים ג'ל משפחתי 100מ""ל",הנסיך- מפעל לייצור ט,PL,קולגייט,מיליליטרים,100.00,"100 מ""ל",false,,7.90,0.0790,true,1,35335
7290002730941,false,בלונס צמר גפן פרוס 100גר',הנסיך- מפעל לייצור ט,GR,בלונס,גרמים,100.00,100 גרם,false,,6.90,0.0690,true,1,35337
7290002730958,false,פלמוליב סבון מוצק? ירוק זית רביעייה * 100 ג',הנסיך- מפעל לייצור ט,TR,פלמוליב סבון,גרמים,400.00,100 גרם,false,,16.90,0.0422,true,1,35338
7290002735014,false,מלוואח ארוז ינון 800 גר',ג'נרל מילס סאן אדריא,IL,יינון,גרמים,750.00,100 גרם,false,,13.90,0.0185,true,1,36190
7290002735021,false,ינון גחנון ארוז 750גר,ג'נרל מילס סאן אדריא,IL,יינון,גרמים,750.00,100 גרם,false,,13.90,0.0185,true,1,36191
7290002735274,false,ינון גחנון אפוי 600 גר,ג'נרל מילס סאן אדריא,IL,יינון,גרמים,600.00,100 גרם,false,,16.90,0.0282,true,1,36196
7290002750338,false,לחם רוסטיק עגבניות מ,,,לחם רוסטיק דגנים,יח',1.00,יח',false,,16.90,16.9000,true,1,30564
7290002750383,false,לחם מחמצת טוסקני כפר,,,לחם טוסקאני כפרי עגול,יח',1.00,יח',false,,16.90,16.9000,true,1,21077
7290002750963,false,באגט רוסטיק פילסברי,פילסברי,,בגט רוסטיק,יח',1.00,יח',false,,7.90,7.9000,true,1,21089
7290002752332,false,"סוכריות מנטוס פירות בגליל, 37.5 גרם",הדקלאים אגודת שיתופי,NL,מנטוס,גרמים,37.50,100 גרם,false,,2.90,0.0773,true,1,34108
7290002752349,false,סוכריות מנטוס מנטה 40יח' בגליל 38ג',פרפטי ואן מלה,NL,מנטוס,גרמים,37.50,100 גרם,false,,2.90,0.0773,true,1,34109
7290002752493,false,רביעיה סוכריות מנטה 4* 16 ג' טיק טק,פררו,EC,פררו,גרמים,64.00,100 גרם,false,,7.90,0.1234,true,1,35721
7290002753223,false,רביעייה סוכריות תפוז 4*16 ג' טיק טק,פררו,EC,פררו,גרמים,64.00,100 גרם,false,,7.90,0.1234,true,1,37868
7290002753995,false,ערכת קישוטי עוגה 150 גר',היינץ צפון אמריקה מק,DE,וורנר,גרמים,150.00,100 גרם,false,,15.90,0.1060,true,1,34110
7290002757139,false,מלוואח 700 גר' שלושת האופים קהילות,שלושת האופים,IL,אופרה,גרמים,700.00,100 גרם,false,,12.90,0.0184,true,1,34331
7290002757146,false,"קובה חמוסטה למרק שלושת האופים 1ק""ג",שלושת האופים,IL,שלושת האופים,קילוגרמים,1.00,"ק""ג",false,,17.90,17.9000,true,1,60982
7290002757511,false,דלידג קציצות דג לבישול 750 גר קהילות,האי נאם סי או אל.טי.,IL,דלידג,גרמים,750.00,100 גרם,false,,24.90,0.0332,true,1,34332
7290002757528,false,"בורקס פילו תפו""א 700גרם לנדא",יוליניבר,IL,שגמור,גרמים,500.00,100 גרם,false,,16.90,0.0338,true,1,34333
7290002757535,false,בורקס פילו אצבעות גבינה 700 ג' שלושת האופים,שלושת האופים,IL,שגמור,גרמים,700.00,100 גרם,false,,16.90,0.0241,true,1,34334
7290002768043,false,"תיאדנט מי-פה ענק פלאוריד 150 מ""ל",טרופיקל דגיל תעשיות,IL,תיאדנט גדול,מיליליטרים,150.00,"100 מ""ל",false,,14.90,0.0993,true,1,33484
7290002768159,false,"בת אורן סבון קצף לאמבט 500 מ""ל",פארק תעשיות עמק חפרמ,IL,בת אורן,מיליליטרים,500.00,"100 מ""ל",false,,17.90,0.0358,true,1,33486
7290002771111,false,קפה עם הל 250 ג' אלנח'לה,מולינו ניקולי s.p.a,IL,קפה אלנחלה הל 250 גרם,גרמים,250.00,100 גרם,false,,15.90,0.0636,true,1,32612
7290002771128,false,קפה אלנח'לה בלי הל 250 ג',מולינו ניקולי s.p.a,IL,קפה אלנחלה 250 גרם,גרמים,250.00,100 גרם,false,,15.90,0.0636,true,1,32613
7290002793304,false,מיכל בלון גז +מילוי באריזה 60 סודהסטרים,סודה סטרים,IL,*מבצע* ספייר צילינדר,יח',1.00,יח',false,,99.00,99.0000,true,1,61982
7290002793311,false,שירות והחלפה מילוי גז 60 סודהסטרים,סודה סטרים,IL,סודה סטרים,יח',1.00,יח',false,,56.90,56.9000,true,1,34418
7290002800361,false,המבורגר מסעדות בואקו,מעדני הטלה,IL,מעדני הטלה,גרמים,500.00,100 גרם,false,,22.90,0.0458,true,1,33150
7290002814016,false,"מסיר שומנים קר מתז סנט מוריץ 750מ""ל","קומפלקס כימיקלים בע""",IL,סנט מוריץ,מיליליטרים,750.00,"100 מ""ל",false,,12.90,0.0172,true,1,33702
7290002814054,false,סנט מוריץ מתז אנטרטיק מתז 1 ליטר,"קומפלקס כימיקלים בע""",IL,סנט מוריץ,ליטרים,1.00,ליטר,false,,9.90,9.9000,true,1,52604
7290002814078,false,סנט מוריץ נוזל לניקוי אמבט אנטרטיק 1ל',"קומפלקס כימיקלים בע""",IL,סנט מוריץ,ליטרים,1.00,ליטר,false,,4.90,4.9000,true,1,33705
7290002814306,false,כדוריות סבון אסלה עם,,TR,כדוריות סבון אסלה עם,יח',3.00,יח',false,,9.90,3.3000,true,1,70428
7290002814603,false,"סנט מוריץ - מרסס מסיר שומנים קר מבושם לימון 750 מ""ל","קומפלקס כימיקלים בע""",IL,סנט מוריץ,מיליליטרים,750.00,"100 מ""ל",false,,9.90,0.0132,true,1,29132
7290002814795,false,כדוריות סבון אסלה לי,,TR,כדוריות סבון אסלה לי,יח',3.00,יח',false,,9.90,3.3000,true,1,70429
7290002814801,false,כדוריות סבון אסלה פר,,TR,כדוריות סבון אסלה פר,יח',3.00,יח',false,,9.90,3.3000,true,1,70430
7290002814818,false,כדוריות סבון אסלה עם,,TR,כדוריות סבון אסלה עם,יח',3.00,יח',false,,9.90,3.3000,true,1,70427
7290002824183,false,גבינה לבנה 5% שומן 500 ג' שטראוס,מיוצר עי קונדיטוריית,IL,שטראוס,גרמים,500.00,100 גרם,false,,9.30,0.0186,true,1,34729
7290002824466,false,יוגורט דנונה ביו 0% 200 גרם,"שטראוס בריאות בע""מ",IL,שטראוס,מיליליטרים,200.00,"100 מ""ל",false,,3.50,0.0175,true,1,34730
7290002824640,false,גבינה שטראוס 5% 250 ג',מיוצר עי קונדיטוריית,IL,שטראוס,גרמים,250.00,100 גרם,false,,4.95,0.0198,true,1,34731
7290002825722,false,סלט כרוב אדום אחלה 5,מיוצר עי קונדיטוריית,IL,שטראוס,גרמים,500.00,100 גרם,false,,13.90,0.0278,true,1,34732
7290002842002,false,מורנפלייק שיבולת שועל הכנה מהירה 500 גר,מורנינג פוד,GB,מורפלקס,גרמים,500.00,100 גרם,false,,9.90,0.0198,true,1,34606
7290002862222,false,פירורי לחם לבנים 1 ק,,,פירורי לחם לבנים 1 ק,יח',1.00,יח',false,,9.90,9.9000,true,1,38028
7290002862444,false,פירורי לחם מוזהבים 1,,,פירורי לחם מוזהב 800ג,קילוגרמים,1.00,"ק""ג",false,,9.90,9.9000,true,1,38032
7290002862482,false,פירורי לחם מתובלים ק,,,פירורי לחם מתובלים 500ג,גרמים,500.00,100 גרם,false,,7.90,0.0158,true,1,38033
7290002868996,false,קוטג' 5% מועשר טרה 250ג' מהדרין,טרה,IL,טרה,גרמים,250.00,100 גרם,false,,5.30,0.0212,true,1,34685
7290002871248,false,"בירה טובורג רד חוזר 500 מ""ל",מבשלות בירה בינלאומי,IL,טובורג,מיליליטרים,500.00,"100 מ""ל",false,,7.90,0.0158,true,1,33350
7290002871361,false,"קרלסברג בירה בק.חוזר 500 מ""ל",מבשלות בירה בינלאומי,IL,קרלסברג,מיליליטרים,500.00,"100 מ""ל",false,,7.90,0.0158,true,1,33351
7290002881209,false,רסק תפוחי עץ דיאט 700 ג' תומר,,,רסק תפוחי עץ,גרמים,720.00,100 גרם,false,,11.90,0.0165,true,1,35270
7290002881216,false,רסק תפוחי עץ דיאט 708 גרם צנצנת,,,רסק תפוחי עץ,גרמים,700.00,100 גרם,false,,11.90,0.0170,true,1,35271
7290002881230,false,אננס חתוך תומר 825 גרם,"אניס פארם בע""מ",VN,אננס חתוך 820 גרם,גרמים,820.00,100 גרם,false,,7.50,0.0091,true,1,58999
7290002881247,false,אננס שלם פרוסות תומר,"אניס פארם בע""מ",VN,אננס פרוס 820 גרם,גרמים,820.00,100 גרם,false,,8.90,0.0109,true,1,59000
7290002881254,false,קוקטייל פירות טרופי תומר 820 ג',סאן רייז,TH,תומר,גרמים,820.00,100 גרם,false,,9.90,0.0121,true,1,37369
7290002881261,false,"ליצ'י שלם 565 גרם ""תומר""",זהנגזהו אנגבה,CN,תומר,גרמים,565.00,100 גרם,false,,8.90,0.0158,true,1,50358
7290002881414,false,תומר נודלס עבה 200 גרם,אופאל,CN,תומר,גרמים,400.00,100 גרם,false,,7.90,0.0198,true,1,35273
7290002881506,false,חמאת בוטנים תומר 510 ג',,,חמאת בוטנים,גרמים,510.00,100 גרם,false,,12.90,0.0253,true,1,35274
7290002881612,false,לפתן דובדבנים חמוצים 680 גרם,Fructo sliven jsc,BG,תומר,גרמים,700.00,100 גרם,false,,8.90,0.0127,true,1,37373
7290002881742,false,לבבות דקל פרוסות תומר 400 ג',Inaexpo,IL,תומר,גרמים,220.00,100 גרם,false,,7.90,0.0359,true,1,35278
7290002881940,false,סרדינים מרוקאי בשמן חמניות 125ג' תומר,,,סרדין מרוקאי בשמן 125 גרם,גרמים,125.00,100 גרם,false,,4.90,0.0392,true,1,35281
7290002881957,false,סרדינים מרוקאי חריף בשמן חמניות 125ג' תומר,,,סרדין מרוקאי חריף 125 גרם,גרמים,125.00,100 גרם,false,,4.90,0.0392,true,1,35282
7290002900313,false,פסטרמה ספרדיתטירת צבי,טירת- צבי,IL,טירת- צבי,קילוגרמים,1.00,"ק""ג",true,,79.00,79.0000,true,1,23763
7290002900436,false,פסטרמה איטלקיתטירת צבי,טירת- צבי,IL,טירת- צבי,קילוגרמים,1.00,"ק""ג",true,,79.00,79.0000,true,1,23764
7290002900566,false,פסטרמה ברביקיו דל שומן טירת צבי 360 ג',הנסיך- מפעל לייצור ט,IL,טירת- צבי,גרמים,360.00,100 גרם,false,,25.90,0.0719,true,1,35554
7290002904694,false,"טיטניום דאודורנט ספריי לגברים 150 מ""ל","אמיליה קוסמטיקס בע""מ",IL,טיטניום,מיליליטרים,180.00,"100 מ""ל",false,,14.90,0.0828,true,1,33487
7290002909804,false,פילה בקלה (מרלוזה ) ללא עור ארגנטיני,אל מאריסקו,AR,בלדי,קילוגרמים,1.00,"ק""ג",true,,29.90,29.9000,true,1,48102
7290002929642,false,טונה וילגר בשמן רביעיה * 140 ג',דיאמנט פוד פרודקט קו,TH,ויליגר,גרמים,560.00,100 גרם,false,,19.90,0.0355,true,1,34340
7290002971955,false,קמח שטיבל חיטה לבן מנופה 1קג,טחנת קמח דגן-שטיבל,IL,קמח שטיבל 650 ל.צ.נ,קילוגרמים,1.00,"ק""ג",false,,7.90,7.9000,true,1,36731
7290002971962,false,"קמח שטיבל חיטה מלא ללא ניפוי 1 ק""ג",טחנת קמח דגן-שטיבל,IL,קמח חיטה מלא % 100 ל,קילוגרמים,1.00,"ק""ג",false,,7.90,7.9000,true,1,36732
7290002971986,false,קמח שיפון מלא 1 קג שטיבל ללא צורך בניפוי,טחנת קמח דגן-שטיבל,IL,קמח שיפון מלא ל.צ.נ,קילוגרמים,1.00,"ק""ג",false,,7.90,7.9000,true,1,36733
7290002971993,false,"קמח כוסמין מס 14 ללא ניפוי 1 ק""ג",טחנת קמח דגן-שטיבל,IL,קמח כוסמין מלא שטיבל,קילוגרמים,1.00,"ק""ג",false,,12.90,12.9000,true,1,36734
7290002972006,false,"קמח שטיבל 405 ללא ניפוי 1 ק""ג",טחנת קמח דגן-שטיבל,IL,קמח שטיבל 405 ל.צ.נ,קילוגרמים,1.00,"ק""ג",false,,7.90,7.9000,true,1,36735
7290002972365,false,קמח תופח שטיבל 13 ללא צורך בניפוי 1 קג,מיוצר עי קונדיטוריית,IL,קמח שטיבל 13 תופחל.צ,קילוגרמים,1.00,"ק""ג",false,,7.90,7.9000,true,1,36736
7290002973669,false,"קמח שטיבל ללחם 2 ללא ניפוי 1 ק""ג",טחנת קמח דגן-שטיבל,IL,שטיבל,קילוגרמים,1.00,"ק""ג",false,,7.90,7.9000,true,1,50627
7290002973676,false,"קמח שטיבל לחלה 18 ללא ניפוי 1 ק""ג",טחנת קמח דגן-שטיבל,IL,שטיבל,קילוגרמים,1.00,"ק""ג",false,,7.90,7.9000,true,1,50628
7290002973812,false,קמח כוסמין 80% ללא צ,"שטיבל בע""מ",IL,שטיבל,קילוגרמים,1.00,"ק""ג",false,,13.90,13.9000,true,1,58708
7290002973829,false,"קמח כוסמין לבן ללא ניפוי שטיבל 1 ק""ג","שטיבל בע""מ",IL,שטיבל,קילוגרמים,1.00,"ק""ג",false,,13.90,13.9000,true,1,58025
7290002974116,false,"קמח שטיבל כפרי 3 ללא ניפוי 1 ק""ג","שטיבל בע""מ",IL,שטיבל,קילוגרמים,1.00,"ק""ג",false,,8.90,8.9000,true,1,58308
7290002974239,false,קמח עוגות שטיבל 5 ל.,"שטיבל בע""מ",IL,שטיבל,קילוגרמים,1.00,"ק""ג",false,,7.90,7.9000,true,1,58310
7290002986294,false,פתי בר ג'מבו 600 ג' גטניו,,,פתיבר גמבו 600 גרם,גרמים,600.00,100 גרם,false,,10.90,0.0182,true,1,36203
7290002986300,false,גטניו פתי בר שוקו ג',,,פתיבר גמבו שוקו 600 גרם,גרמים,600.00,100 גרם,false,,10.90,0.0182,true,1,36204
7290003006021,false,קוביות גבינת פטה לסל,גבינות ניצן,IL,גבינות ניצן,קילוגרמים,1.00,"ק""ג",true,,70.00,70.0000,true,1,6580
7290003006120,false,טאפס עירוני פלפל ממו,גבינות ניצן,IL,גבינות ניצן,קילוגרמים,1.00,"ק""ג",true,,159.00,159.0000,true,1,6581
7290003009183,false,"סירופ דיאט תפוחים פריגת 750 מ""ל",סירופ - גבעת חיים,IL,סירופ דיאט,מיליליטרים,750.00,"100 מ""ל",false,,21.90,0.0292,true,1,33359
7290003009329,false,בוטן אמריקאי קלית גת 200 ג',הדקלאים אגודת שיתופי,IL,קליית גת,גרמים,200.00,100 גרם,false,,5.90,0.0295,true,1,34112
7290003009336,false,קבוקים מצופים קליית,הדקלאים אגודת שיתופי,IL,קליית גת,גרמים,200.00,100 גרם,false,,5.90,0.0295,true,1,34113
7290003009596,false,"סירופ דיאט אשכוליות פריגת 750 מ""ל",סירופ - גבעת חיים,IL,סירופ דיאט,מיליליטרים,750.00,"100 מ""ל",false,,21.90,0.0292,true,1,33361
7290003009640,false,מיץ סחוט תפוזים 1 ל' פריגת,פריגת מצוננים,IL,סחוט טבעי,ליטרים,1.00,ליטר,false,,14.90,14.9000,true,1,34686
7290003015627,false,ריצפז פרש 2 ליטר אפרסק מרכז,"סנו מפעלי ברונוס בע""",IL,ריצפז,ליטרים,2.00,ליטר,false,,17.90,8.9500,true,1,33492
7290003015641,false,סנו ריצפז פרש 2 ליטר יסמין,סנו,IL,ריצפז,ליטרים,2.00,ליטר,false,,17.90,8.9500,true,1,33494
7290003026036,false,"ד""ר פישר - קמיל בלו סנסיטיב אל סבון עדין לתינוק 1 ליטר","ד""ר פישר Dr fischer",IL,קמיל בלו סנסיטיב,ליטרים,1.00,ליטר,false,,32.90,32.9000,true,1,34194
7290003026227,false,"ד""ר פישר - קמיל בלו סנסיטיב שמפו אלדמע 1 ליטר","ד""ר פישר Dr fischer",IL,קמיל בלו סנסיטיב,ליטרים,1.00,ליטר,false,,32.90,32.9000,true,1,34195
7290003026234,false,"ד""ר פישר - קמיל בלו תחליב לתינוק 500 מ""ל",פישר מעבדות פרמצבטיו,IL,קמיל בלו סנסיטיב,מיליליטרים,500.00,"100 מ""ל",false,,19.90,0.0398,true,1,34196
7290003029181,false,משקה יטבתה שוקו' בקבוק 1ל מהדרין,שטראוס גרופ,IL,יטבתה,ליטרים,1.00,ליטר,false,,9.90,9.9000,true,1,34736
7290003029372,false,משקה חלב בננה בקבוק 1ל' יוטבתה,שטראוס גרופ,IL,יטבתה,ליטרים,1.00,ליטר,false,,9.90,9.9000,true,1,34738
7290003029389,false,"משקה חלב בננה פקק ספורט 250 מ""ל יוטבתה",שטראוס גרופ,IL,יטבתה,מיליליטרים,250.00,"100 מ""ל",false,,5.50,0.0220,true,1,34739
7290003029433,false,"משקה יטבתה שוקו פקק 250 מ""ל מהדרין",שטראוס גרופ,IL,יטבתה,מיליליטרים,250.00,"100 מ""ל",false,,5.50,0.0220,true,1,34740
7290003029532,false,מוקה בקבוק 1 ל' יוטבתה,שטראוס גרופ,IL,יטבתה,ליטרים,1.00,ליטר,false,,9.90,9.9000,true,1,34741
7290003029792,false,"משקה יטבתה שוקו שקיות מהדרין מארז 225X8מ""ל",שטראוס גרופ,IL,יטבתה,ליטרים,1.80,ליטר,false,,18.90,10.5000,true,1,34743
7290003029815,false,חלב יוטבתה מועשר 3% בכד 2ל',שטראוס גרופ,IL,יטבתה,ליטרים,2.00,ליטר,false,,14.90,7.4500,true,1,34744
7290003029907,false,משקה יטבתה אייס קפה 1ליטר,שטראוס גרופ,IL,יטבתה,ליטרים,1.00,ליטר,false,,9.90,9.9000,true,1,34746
7290003031788,false,צמד כפרי סלמי+פסטרמה טירת צבי 400X2ג' מחפוד,טירת- צבי,IL,טירת צבי,גרמים,800.00,100 גרם,false,,24.90,0.0311,true,1,37742
7290003055081,false,טישו סיון נילון 100,חי,IL,סיון,יח',100.00,יח',false,,2.90,0.0290,true,1,36766
7290003055166,false,פנסי מעורב פסטל 100,חי,IL,פנסי,יח',100.00,יח',false,,4.90,0.0490,true,1,36768
7290003055197,false,מפיון דיספנסר 40X100,חי,IL,חי,יח',100.00,יח',false,,2.90,0.0290,true,1,36769
7290003055203,false,מפיות סיון קולקשיין 20 יח' תלת שכבתי,maki,PL,סיון,יח',20.00,יח',false,,6.90,0.3450,true,1,36770
7290003055227,false,מפיות שבת שלום/חג שמח/מזל טוב.,חי,IL,חי,יח',50.00,יח',false,,9.90,0.1980,true,1,36771
7290003055524,false,"מפיות ""PARTY 85"" חד",חי,IL,פארטי,יח',85.00,יח',false,,3.90,0.0459,true,1,36773
7290003055548,false,מ.אף שביעיה פיור 100 יח' צץ רץ.,חי,IL,פיור,יח',7.00,יח',false,,14.90,2.1286,true,1,36774
7290003069590,false,"סול ארוז קפוא 1 ק""ג",דאליאן גואופו אקאטיק,CN,משתנה,קילוגרמים,1.00,"ק""ג",false,,29.90,29.9000,true,1,62707
7290003069682,false,בצק פילאס קפוא 500 גרם שלושת האופים,שלושת האופים,IL,שגמור,גרמים,500.00,100 גרם,false,,16.90,0.0338,true,1,34342
7290003072606,false,מיני נקניקיות עוף טירת צבי 350 גר,הנסיך- מפעל לייצור ט,IL,טירת- צבי,גרמים,350.00,100 גרם,false,,10.90,0.0311,true,1,65350
7290003072811,false,נקניקיות בראטוורסט מבשר בקר והודו,טירת- צבי,IL,טירת צבי,גרמים,320.00,100 גרם,false,,17.90,0.0559,true,1,53817
7290003072828,false,נקניקיות פרנקפורטר מבשר בקר,טירת- צבי,IL,טירת צבי,גרמים,320.00,100 גרם,false,,17.90,0.0559,true,1,53818
7290003072835,false,נקניקיות קנאקוורסט דליקטיב,טירת- צבי,IL,טירת צבי,גרמים,320.00,100 גרם,false,,17.90,0.0559,true,1,53819
7290003072859,false,רוסטביף טירת צבי 120 ג',הנסיך- מפעל לייצור ט,IL,טירת- צבי,גרמים,120.00,100 גרם,false,,23.90,0.1992,true,1,55226
7290003072965,false,קבנוס חריף מעושן טירת צבי 120 גרם,טירת- צבי,IL,טירת- צבי,גרמים,120.00,100 גרם,false,,9.90,0.0825,true,1,65992
7290003102136,false,צמר גפן COTTON SOFT רפואי 100 גר' 3102136,הדקלאים אגודת שיתופי,TR,כוטון סופט,גרמים,100.00,100 גרם,false,,4.50,0.0450,true,1,33088
7290003102280,false,צימרוני שסתום לתינוק טוליפס פרמיום,,,צמרוני אוזניים לתינוק 55,יח',55.00,יח',false,,3.50,0.0636,true,1,33089
7290003102587,false,מברשת לבקבוק+מברשת ל,N.L. Product,CN,טוליפס,יח',1.00,יח',false,,6.90,6.9000,true,1,33090
7290003102891,false,שקיות צליה הוסטס בקופסה 10יח',B.P. Ltd,TR,הוסטס,יח',10.00,יח',false,,3.50,0.3500,true,1,33091
7290003102976,false,צימרוני אוז' פל' בקופסה 200יח',הדקלאים אגודת שיתופי,CN,כוטון סופט,יח',200.00,יח',false,,3.90,0.0195,true,1,33092
7290003107148,false,"קמח לבן דגן 1 ק""ג",טחנות קמח דגן בעמ,IL,דגן,קילוגרמים,1.00,"ק""ג",false,,3.90,3.9000,true,1,36815
7290003107216,false,קמח לבן בהיר ארוז,טחנות קמח דגן בעמ,IL,דגן,קילוגרמים,1.00,"ק""ג",false,,5.90,5.9000,true,1,33989
7290003107223,false,"סולת לנדא ארוז 1 ק""ג",טחנות קמח דגן בעמ,IL,דגן,קילוגרמים,1.00,"ק""ג",false,,6.00,6.0000,true,1,33990
7290003107353,false,שטיבל משפר אפייה ביתי 3 * 10 גרם,ט.ק דגן טכנולוגיות ב,IL,משפר אפיה שלישיה,גרמים,30.00,100 גרם,false,,5.90,0.1967,true,1,36817
7290003107360,false,קמח לבן בהיר ללא בני,טחנות קמח דגן בעמ,IL,"קמח בהיר1 ק""ג דגן מנ",קילוגרמים,1.00,"ק""ג",false,,7.90,7.9000,true,1,33991
7290003107445,false,"קמח לבן 1 ק""ג דגן לל",טחנת קמח דגן-שטיבל,IL,דגן,קילוגרמים,1.00,"ק""ג",false,,5.90,5.9000,true,1,71164
7290003120475,false,"בירה שחורה מאלטי 500 מ""ל בק.חוזר",מבשלות בירה בינלאומי,IL,בירה שחורה מאלטי חוז,מיליליטרים,500.00,"100 מ""ל",false,,4.90,0.0098,true,1,61796
7290003121083,false,מגיק בשר בשקית 85 גר,טאט הוי פוד בעמ,SG,מג'יק,גרמים,85.00,100 גרם,false,,2.50,0.0294,true,1,34343
7290003121090,false,תבשיל מרק בשקית ירק,זנטי אס. אי לאלין,SG,מג'יק,גרמים,85.00,100 גרם,false,,2.50,0.0294,true,1,37103
7290003121106,false,תבשיל מרק בשקית עוף,"טאט פוד הוי בע""מ",SG,מג'יק,גרמים,85.00,100 גרם,false,,2.50,0.0294,true,1,34344
7290003126712,false,"משק צוריאל יוגורט עיזים 3% ביו 140מ""ל",מחלבת משק צוריאל,IL,משק צוריאל,גרמים,150.00,100 גרם,false,,5.80,0.0387,true,1,34687
7290003126958,false,טופו גבינה גוש בואקום צוריאל 300 ג',א.י.ן תעשיות מזון בע,IL,משק צוריאל,גרמים,300.00,100 גרם,false,,11.90,0.0397,true,1,34688
7290003130399,false,מברשת שיניים לילדים חיות אקווה פרש,גלקסו סמית קליין,IN,אקווה פרש,יח',1.00,יח',false,,7.90,7.9000,true,1,33679
7290003142361,false,הוטפופ מתוק/מלוח 5 שקיות 500 ג',פופז,US,הוטפופ,גרמים,500.00,100 גרם,false,,14.90,0.0298,true,1,69460
7290003142422,false,גרעיני חמניה בשקית ללא מלח קליית גת 180 גרם,"ג'י אנד ג'י בע""מ",IL,קליית גת,גרמים,180.00,100 גרם,false,,5.90,0.0328,true,1,34117
7290003143139,false,סילאן תמרים קלית גת 900 ג',"טעמי הגליל בע""מ",IL,סילאן 900 גרם,גרמים,900.00,100 גרם,false,,12.90,0.0143,true,1,34120
7290003143146,false,ממרח תמרים קליית גת 450 גרם,הדקלאים אגודת שיתופי,IL,ממרח תמרים 450 גרם,גרמים,450.00,100 גרם,false,,4.90,0.0109,true,1,34121
7290003143337,false,סילאן טבעי קליית גת 350 גרם בקבוק לחיץ,ליימן מותגים,,סילאן 900 גרם,גרמים,350.00,100 גרם,false,,11.90,0.0340,true,1,38135
7290003144419,false,סילאן טבעי קליית גת 710 גרם,ליימן מותגים,IL,סילאן 900 גרם,גרמים,710.00,100 גרם,false,,19.90,0.0280,true,1,34130
7290003185726,false,קבב מזרחי 500 גרם ט,טיבון ויל אחזקות בעמ,IL,טיבון ויל,גרמים,500.00,100 גרם,false,,17.90,0.0358,true,1,34346
7290003189045,false,בסיגנון גבינה הולנדי,צי תעשיות מזון יבנה,IL,כפיר,קילוגרמים,1.00,"ק""ג",true,,35.00,35.0000,true,1,47290
7290003189076,false,פיצרלה מגורדת אישית 500 גרם,צי תעשיות מזון יבנה,IL,כפיר,גרמים,500.00,100 גרם,false,,18.90,0.0378,true,1,34618
7290003189199,false,בסיגנון גבינה חריפה.,צי תעשיות מזון יבנה,IL,כפיר,קילוגרמים,1.00,"ק""ג",true,,35.00,35.0000,true,1,15341
7290003189267,false,צהובה טובה 5% קלאסית 200 גר,צי תעשיות מזון יבנה,IL,כפיר,גרמים,200.00,100 גרם,false,,13.90,0.0695,true,1,34621
7290003189274,false,מעושנת בסיגנון גבינה,צי תעשיות מזון יבנה,IL,כפיר,קילוגרמים,1.00,"ק""ג",true,,40.00,40.0000,true,1,47291
7290003189380,false,בסיגנון גבינת שום שמ,צי תעשיות מזון יבנה,IL,כפיר,קילוגרמים,1.00,"ק""ג",true,,40.00,40.0000,true,1,15345
7290003208586,false,"וורמוט מרטיני לבן 750 מ""ל",מרטיני ורוסי,IT,"מרטיני וורמוט לבן 750 מ""ל",מיליליטרים,750.00,"100 מ""ל",false,,44.90,0.0599,true,1,34215
7290003220397,false,עוגיות סנדוויץ וניל 150 ג' נאפה מעדני מלך,אחים פפושדו,IL,מעדני מלך,גרמים,150.00,100 גרם,false,,3.50,0.0233,true,1,36598
7290003220403,false,מעדני המלך- קרקר מלוח 110 גרם,מגדנית הדר,IL,מעדני מלך,גרמים,110.00,100 גרם,false,,2.90,0.0264,true,1,36599
7290003220410,false,קרקר שומשום 110 ג' נאפה מעדני מלך,מגדנית הדר,IL,מעדני מלך,גרמים,110.00,100 גרם,false,,2.90,0.0264,true,1,36600
7290003220434,false,פתי פר מעדני המלך וניל 110 גרם,מגדנית הדר,IL,מעדני מלך,גרמים,110.00,100 גרם,false,,2.90,0.0264,true,1,36602
7290003220441,false,פתי בר מעדני המלך שוקו 110 גרם,מגדנית הדר,IL,מעדני מלך,גרמים,110.00,100 גרם,false,,2.90,0.0264,true,1,36603
7290003220458,false,מעדני המלך- פתי בר וניל 500 גרם,מגדנית הדר,IL,מעדני מלך,גרמים,500.00,100 גרם,false,,7.90,0.0158,true,1,36604
7290003220465,false,פתי בר שוקו' מעדני המלך 500 גר',מגדנית הדר,IL,מעדני מלך,גרמים,500.00,100 גרם,false,,7.90,0.0158,true,1,36605
7290003220588,false,"רוטה צ'ילי מתוק ללא סוכר 700 מ""ל WOK",תאי פרידה אינדסטרי ב,TH,WOK,מיליליטרים,700.00,"100 מ""ל",false,,13.90,0.0199,true,1,33268
7290003220595,false,"ווק אורז לסושי 1 ק""ג WOK","מיה תעשיות מזון בע""מ",IL,WOK,קילוגרמים,1.00,"ק""ג",false,,10.90,10.9000,true,1,33269
7290003220717,false,ווק נורי סילבר 10 דפים WOK,ג'י וואן גלובול נאט,TH,WOK,יח',10.00,יח',false,,9.90,0.9900,true,1,33271
7290003220748,false,"ווק סויה לתיבול\בהירה WOK 640 מ""ל",ליאנג סאנג האנד הואד,TH,WOK,מיליליטרים,640.00,"100 מ""ל",false,,10.90,0.0170,true,1,33273
7290003220779,false,"ווק אטריות אורז עובי 3 מ""מ 400 גרם",אסיאן סופירה פודס חב,TH,WOK,גרמים,400.00,100 גרם,false,,8.90,0.0223,true,1,36608
7290003220830,false,ווק חומץ אורז יסמין,דיאמונד פריזרוד פודס,TH,WOK,מיליליטרים,500.00,"100 מ""ל",false,,14.90,0.0298,true,1,33275
7290003220939,false,אטריות אורז דקיקות ללא גלוטן 400 ג' WOK,אסיאן סופירה פודס חב,TH,WOK,גרמים,400.00,100 גרם,false,,8.90,0.0223,true,1,36612
7290003220977,false,עוגיות חצי ירח מצופה 175 נאפה מעדני מלך,מגדנית הדר,IL,הדר,גרמים,175.00,100 גרם,false,,5.90,0.0337,true,1,61427
7290003229109,false,פסטרמה בפפריקה 400 גרםטירת צבי,הנסיך- מפעל לייצור ט,IL,טירת- צבי,גרמים,400.00,100 גרם,false,,25.90,0.0647,true,1,35556
7290003229116,false,פסטרמה בדבש 400 גרםטירת צבי,הנסיך- מפעל לייצור ט,IL,טירת- צבי,גרמים,400.00,100 גרם,false,,25.90,0.0647,true,1,35557
7290003229123,false,פסטרמה על גחלים 400 גרםטירת צבי,הנסיך- מפעל לייצור ט,IL,טירת- צבי,גרמים,400.00,100 גרם,false,,13.80,0.0345,true,1,35558
7290003229147,false,נקניק סלמי איטלקי טירת צבי 300 ג',הנסיך- מפעל לייצור ט,IL,טירת- צבי,גרמים,300.00,100 גרם,false,,25.90,0.0863,true,1,35559
7290003229154,false,סלמי קוניאק מובחר טירת צבי 300 ג',הנסיך- מפעל לייצור ט,IL,טירת- צבי,גרמים,300.00,100 גרם,false,,25.90,0.0863,true,1,35560
7290003229192,false,כתף בקר מעושן טירת צבי 400 ג' צבי,טיב טירת צבי 2000,IL,טירת- צבי,גרמים,400.00,100 גרם,false,,25.90,0.0647,true,1,35561
7290003229208,false,פסטרמה ספרדית 2% טירת צבי 360 ג',טירת- צבי,IL,טירת- צבי,גרמים,360.00,100 גרם,false,,25.90,0.0719,true,1,35562
7290003229215,false,פסטרמה איטלקית טירת צבי 360 ג',טירת- צבי,IL,טירת- צבי,גרמים,360.00,100 גרם,false,,25.90,0.0719,true,1,35563
7290003229222,false,סלמי תה משובח 300 גרטירת צבי,הנסיך- מפעל לייצור ט,IL,טירת- צבי,גרמים,300.00,100 גרם,false,,21.90,0.0730,true,1,35564
7290003258284,false,"פנינה קרם גוף מס' 3, 350 מ""ל",א.ל ארמן,IL,פנינה רוזנבלום בע'מ,מיליליטרים,350.00,"100 מ""ל",false,,28.90,0.0826,true,1,61804
7290003268252,false,לחם חיטה מלא לילדים 750 ג' דגנית עין בר,יוניליוור גרמניה Gm,IL,לחם חיטה לילדים,גרמים,750.00,100 גרם,false,,12.90,0.0172,true,1,35747
7290003268429,false,לחם ירוק מקמח מלא 750 ג' דגנית עין בר,מולינו ניקולי s.p.a,IL,לחם ירוק,גרמים,750.00,100 גרם,false,,13.90,0.0185,true,1,37934
7290003272273,false,חמוציות ללא סוכר,"דין שיווק וקלייה בע""",US,תפזורת - ללא מותג,קילוגרמים,1.00,"ק""ג",true,,59.00,59.0000,true,1,24164
7290003287253,false,נקנקיות מרגז בלאדי 500 ג',קרלו,IL,בלדי,גרמים,500.00,100 גרם,false,,27.90,0.0558,true,1,37463
7290003287260,false,צ'וריסוס קצביה 600 ג' - 8 יח',בלדי,IL,בלדי,גרמים,600.00,100 גרם,false,,27.90,0.0465,true,1,37464
7290003318131,false,ופל קלאסיק אגוז 200 גרם מנעמים,מנעמים תעשיות מזון,IL,וופל מנעמית 200 גרם,גרמים,200.00,100 גרם,false,,3.50,0.0175,true,1,34859
7290003321155,false,יוגורט בר עם פקאן מצופה שוקולד 183 ג' דנונה,"שטראוס בריאות בע""מ",IL,שטראוס,גרמים,183.00,100 גרם,false,,4.30,0.0235,true,1,34747
7290003321292,false,גבינה לבנה 9% שומן 250 ג' שטראוס,מיוצר עי קונדיטוריית,IL,שטראוס,גרמים,250.00,100 גרם,false,,4.70,0.0188,true,1,34748
7290003329502,false,בשר מס 5 חלק קפוא.,קונספסיון,PY,בלדי,קילוגרמים,1.00,"ק""ג",true,,69.90,69.9000,true,1,44977
7290003387205,false,דאו' ספיד סטיק בסיסי ירוק רגיל לגבר 63ג',הנסיך- מפעל לייצור ט,US,ספיד סטיק,גרמים,56.00,100 גרם,false,,16.90,0.3018,true,1,35339
7290003400500,false,חטיף הרשי ריזס נאטרייגיס 47 גרם,ליימן מותגים,US,חטיף קרמל נאטרייגס 4,גרמים,47.00,100 גרם,false,,4.90,0.1043,true,1,51630
7290003401369,false,"קרם לחות ועיצוב לשיער חוחובה נטורל 400 מ""ל",מיוצר עי אמיליה קוסמ,IL,נטורל פורמולה,מיליליטרים,400.00,"100 מ""ל",false,,19.90,0.0497,true,1,33495
7290003401376,false,"קרם לחות ועיצוב לשיער אלוורה נטורל 400 מ""ל",מיוצר עי אמיליה קוסמ,IL,נטורל פורמולה,מיליליטרים,400.00,"100 מ""ל",false,,19.90,0.0497,true,1,33496
7290003401420,false,"קרם לחות לשיער סיליקון כתום נטורל 400 מ""ל",מיוצר עי אמיליה קוסמ,IL,נטורל פורמולה,מיליליטרים,400.00,"100 מ""ל",false,,19.90,0.0497,true,1,33497
7290003411573,false,צלחות עמוקות לבן 30 יחידות,אריזות מדף - פלזית,IL,הנמל,יח',30.00,יח',false,,14.90,0.4967,true,1,33667
7290003411696,false,"מרקיות לבן ח""פ הנמל 25 יח'",פלסטכים תורכיה,IL,הנמל,יח',25.00,יח',false,,6.90,0.2760,true,1,33669
7290003423909,false,חטיף הרשי קוקיס קרם לבן 43 גרם,ליימן מותגים,US,חטיף שוקולד לבן עם שברי ע,גרמים,43.00,100 גרם,false,,4.90,0.1140,true,1,34152
7290003427154,false,"שמן זית כתית מעולה מעודן זיתא 750 מ""ל",זיתא – י.ט.ב תעשיות,IL,זיתא,מיליליטרים,750.00,"100 מ""ל",false,,28.90,0.0385,true,1,34861
7290003438006,false,ממרח אולביה פסטו וצנובר איטלקי 190ג',מיוצר עי קונדיטוריית,IL,אוליביה,גרמים,190.00,100 גרם,false,,12.90,0.0679,true,1,33162
7290003438013,false,ממרח זיתים ירוקים אוליביה 190 גרם,אוליביה,IL,אוליביה,גרמים,190.00,100 גרם,false,,12.90,0.0679,true,1,33163
7290003438020,false,ממרח עגבניות מיובשות אוליביה 190 גר,מיוצר עי קונדיטוריית,IL,אוליביה,גרמים,190.00,100 גרם,false,,12.90,0.0679,true,1,33164
7290003438709,false,ממרח אולביה זיתים שחורים וירוקים 190 ג',גוד פוד פרודקטס S.p,IL,אוליביה,גרמים,190.00,100 גרם,false,,12.90,0.0679,true,1,33165
7290003438853,false,אוליביה ממרח אריסה חריפה 185 גר ',אוליביה,IL,אוליביה אריסה חריפה 180 ג,גרמים,180.00,100 גרם,false,,12.90,0.0717,true,1,33166
7290003438990,false,עיטורי עגבניות מיובשות וזיתים אוליביה 280 ג',אוליביה גורמה בעמ,IL,אוליביה,גרמים,280.00,100 גרם,false,,15.90,0.0568,true,1,33167
7290003444009,false,חטיף הרשי ריזס שוקולד חלב 42 גר,ליימן מותגים,US,חטיף ריזס במילוי חמאת בוט,גרמים,42.00,100 גרם,false,,3.90,0.0929,true,1,34154
7290003461868,false,"חציל במיונז אסלי שמיר 1 ק""ג","סלטי שמיר 2006 בע""מ",IL,אסלי,קילוגרמים,1.00,"ק""ג",false,,11.90,11.9000,true,1,64025
7290003514007,false,מנה שקדי מרק מנה 400 גרם,מנה Mana,IL,מנה,גרמים,400.00,100 גרם,false,,8.90,0.0223,true,1,35342
7290003521081,false,"ד""ר פישר - סרקל שמפו לילדים 1 ליטר","ד""ר פישר Dr fischer",IL,סרקל,ליטרים,1.00,ליטר,false,,22.80,22.8000,true,1,34198
7290003521197,false,"ד""ר פישר - סרקל תרסיס מתיר קשרים 340 מ""ל",פישר מעבדות פרמצבטיו,IL,סרקל,מיליליטרים,340.00,"100 מ""ל",false,,24.90,0.0732,true,1,34200
7290003521760,false,"פישר אפטרסול ג'ל אלוורה להרגעת העור, 200 מ""ל",פישר מעבדות פרמצבטיו,IL,אולטרסול,מיליליטרים,200.00,"100 מ""ל",false,,19.90,0.0995,true,1,34206
7290003550753,false,טונה פוסידון בשמן רביעיה *108 ג',"מיוצר עי וליגר בעמ,",IL,פוסידון,גרמים,432.00,100 גרם,false,,19.90,0.0461,true,1,34349
7290003570164,false,מינוט שווארמה פרגית 300 גרם,"בלדי בע""מ",IL,מינוט שווארמה פרגית,גרמים,300.00,100 גרם,false,,26.90,0.0897,true,1,35376
7290003570928,false,קבב בלדי קצביה ארוז קפוא 500ג',בלאדי,IL,בלדי,גרמים,500.00,100 גרם,false,,27.90,0.0558,true,1,37483
7290003578061,false,לבבות דקל שלם ויליפוד 400ג',אלימנטוס אי קונסרבס,EC,וילי פוד,גרמים,400.00,100 גרם,false,,11.90,0.0298,true,1,33718
7290003578078,false,לפתן קוקטיל פירות טרופיים בסירופ 850 גרם,יוליניבר,CN,קוקטיל טרופי 850 גרם,גרמים,850.00,100 גרם,false,,9.90,0.0116,true,1,36716
7290003578085,false,גבינת מוצרלה 21%שומן,AB,LT,מוצרלה 21%,קילוגרמים,1.00,"ק""ג",true,,52.00,52.0000,true,1,10647
7290003578108,false,חתיכות אננס בסירופ קל וילי פוד 850 גרם,טקרנג פינאפל אינדסטר,TH,וילי פוד,גרמים,850.00,100 גרם,false,,8.90,0.0105,true,1,33719
7290003578177,false,תירס גמדי שלם ויליפוד 410 ג',מגסטיק פוד אידסטרי ק,TH,וילי פוד,גרמים,410.00,100 גרם,false,,6.90,0.0168,true,1,33720
7290003578290,false,מקלוני אורז וילי פוד 300ג',פוגיאן לונגהאי אנליד,CN,וילי פוד,גרמים,300.00,100 גרם,false,,5.90,0.0197,true,1,33722
7290003578313,false,דובדבנים חמוצים ללא חרצנים 680גר,דל מונטה היילס אס.אי,HR,וילי פוד,גרמים,680.00,100 גרם,false,,9.90,0.0146,true,1,33723
7290003578412,false,לפתן חצאי אפרסק 820 גרם ויליפוד,קרונוס,GR,וילי פוד,גרמים,820.00,100 גרם,false,,9.90,0.0121,true,1,33724
7290003578498,false,חמאה ללא תוספת מלח 500 גר VALIO,,FI,חמאה ללא תוספת מלח 5,גרמים,500.00,100 גרם,false,,32.90,0.0658,true,1,50561
7290003643004,false,"אורז בסמטי קלאסי 1 ק""ג סוגת",האי נאם סי או אל.טי.,IL,סוגת,קילוגרמים,1.00,"ק""ג",false,,12.90,12.9000,true,1,32592
7290003643387,false,"סוכר לבן בצנצנת 1 ק""ג סוגת",האי נאם סי או אל.טי.,IL,סוגת,קילוגרמים,1.00,"ק""ג",false,,9.90,9.9000,true,1,32600
7290003643646,false,"סוכר דמררה קלאסי בצנצנת סוגת 1 ק""ג",האי נאם סי או אל.טי.,IL,סוגת,קילוגרמים,1.00,"ק""ג",false,,10.90,10.9000,true,1,32601
7290003643684,false,אפונה יבשה סוגת 500 גר',האי נאם סי או אל.טי.,IL,סוגת,גרמים,500.00,100 גרם,false,,5.90,0.0118,true,1,32602
7290003643714,false,סוגת חומוס 500 גרם,האי נאם סי או אל.טי.,IL,סוגת,גרמים,500.00,100 גרם,false,,7.90,0.0158,true,1,32604
7290003643738,false,סוגת חיטה 500 גרם,האי נאם סי או אל.טי.,IL,סוגת,גרמים,500.00,100 גרם,false,,4.90,0.0098,true,1,36052
7290003643745,false,סוגת כוסמת 500 גרם,האי נאם סי או אל.טי.,IL,סוגת,גרמים,500.00,100 גרם,false,,6.90,0.0138,true,1,32605
7290003643752,false,עדשים ירוקים יבש סוגת 500 גר',האי נאם סי או אל.טי.,IL,סוגת,גרמים,500.00,100 גרם,false,,6.90,0.0138,true,1,32606
7290003643776,false,"פופקורן גרעינים סוגת 500 ג' כשל""פ",האי נאם סי או אל.טי.,IL,סוגת,גרמים,500.00,100 גרם,false,,5.50,0.0110,true,1,32608
7290003643783,false,קוקוס סוגת 100 גרם,האי נאם סי או אל.טי.,IL,סוגת,גרמים,100.00,100 גרם,false,,3.90,0.0390,true,1,36053
7290003643806,false,שעועית לבנה יבשה סוגת 500 ג',האי נאם סי או אל.טי.,IL,סוגת,גרמים,500.00,100 גרם,false,,11.90,0.0238,true,1,32609
7290003643813,false,שעועית אדומה יבשה סוגת 500 גר',האי נאם סי או אל.טי.,IL,סוגת,גרמים,500.00,100 גרם,false,,10.90,0.0218,true,1,32610
7290003648009,false,מקרוסקה בוואקום,"סלטי שמיר 2006 בע""מ",IL,מעדני מיקי,קילוגרמים,1.00,"ק""ג",true,,139.00,139.0000,true,1,54883
7290003648207,false,פילה הרינג בשמן בסגנ,"סלטי שמיר 2006 בע""מ",IL,מעדני מיקי,קילוגרמים,1.00,"ק""ג",true,,55.00,55.0000,true,1,54884
7290003648306,false,מקרל מעושן,"סלטי שמיר 2006 בע""מ",IL,מעדני מיקי,קילוגרמים,1.00,"ק""ג",true,,89.00,89.0000,true,1,54885
7290003681303,false,שעועית מעורבת יבשה מיה 500 גר',"מיה תעשיות מזון בע""מ",IL,מיה,גרמים,500.00,100 גרם,false,,7.90,0.0158,true,1,37026
7290003681334,false,קוקוס טחון 400 גרם ב,מיה,IL,קוקוס טחון 400 גרם,גרמים,400.00,100 גרם,false,,9.90,0.0248,true,1,62450
7290003681365,false,סוכריות קישוט לעוגה צבעוני 70 גר' מיה,"מיה תעשיות מזון בע""מ",IL,מיה,גרמים,70.00,100 גרם,false,,4.90,0.0700,true,1,34186
7290003681693,false,חומוס לבן ענק יבש מיה 500 גר',"מיה תעשיות מזון בע""מ",IL,מיה,גרמים,500.00,100 גרם,false,,9.90,0.0198,true,1,34187
7290003681716,false,גריסי פנינה מיה 500 גר',"מיה תעשיות מזון בע""מ",IL,מיה,גרמים,500.00,100 גרם,false,,4.50,0.0090,true,1,37027
7290003726141,false,גבינת טופו משק גאיה,ג'נרל מילס סאן אדריא,IL,גבינת טופו טבעי 300 גרם,גרמים,300.00,100 גרם,false,,11.90,0.0397,true,1,34240
7290003726592,true,טופו ויילר 300 גרם ב,משק ויילר,IL,משק ויילר,גרמים,300.00,100 גרם,false,,9.70,0.0323,true,1,52391
7290003726615,true,טופו ויילר 300 גרם,משק ויילר,IL,משק ויילר,גרמים,300.00,100 גרם,false,,9.70,0.0323,true,1,52392
7290003726769,false,קציצות טופו בטטה וגזר משק ווילר 400 גר,משק ויילר,IL,קציצות טופו בטטה וגז,גרמים,400.00,100 גרם,false,,25.90,0.0647,true,1,64538
7290003726790,false,שניצל טופו בטעם פיקנ,משק ויילר,IL,שניצל טופו בטעם פיקנ,גרמים,420.00,100 גרם,false,,27.90,0.0664,true,1,67131
7290003726868,false,טופו חומוס בתוספת עגבניות מיובשות 300 ג' משק ויילר,משק וואיילר,IL,ויילר,גרמים,300.00,100 גרם,false,,11.90,0.0397,true,1,64789
7290003726875,false,טופו חומוס בתוספת פסטו 300 ג' משק ויילר,משק וואיילר,IL,ויילר,גרמים,300.00,100 גרם,false,,11.90,0.0397,true,1,64790
7290003781065,false,מלפפון מיני בסגנון צרפתי ויליפוד 680ג',יושלם,VN,מלפפונים בסגנון צרפתי,גרמים,680.00,100 גרם,false,,9.90,0.0146,true,1,33725
7290003781652,false,צלפים במי מלח ויליפוד 350 ג',סוסיטס,TR,וילי פוד,גרמים,350.00,100 גרם,false,,8.90,0.0254,true,1,33726
7290003781850,false,גבינת קשקבל פרוסות 200 גרם,וילי פוד,ES,קשקבל פרוסות 200 גרם,גרמים,200.00,100 גרם,false,,19.90,0.0995,true,1,61671
7290003864478,false,סרדינים בשמן צמחי ויליפוד 110ג' פתח קל,גולדן פרייז קאנינג א,TH,וילי פוד,גרמים,110.00,100 גרם,false,,4.90,0.0445,true,1,33727
7290003864485,false,סרדינים ברוטב עגבנ יות ויליפוד 110ג' פתח קל,גולדן פרייז קאנינג א,TH,וילי פוד,גרמים,110.00,100 גרם,false,,4.90,0.0445,true,1,33728
7290003864492,false,סרדינים בשמן צמחי חריף פתח קל ויליפוד 110ג',גולדן פרייז קאנינג א,TH,וילי פוד,גרמים,110.00,100 גרם,false,,4.90,0.0445,true,1,33729
7290003882922,false,עלי גפן ממולאים באורז ויליפוד 400ג',הזה פלאקספו פוד קו ב,CN,עלי גפן ממולאים 400 גרם,גרמים,400.00,100 גרם,false,,8.90,0.0223,true,1,33731
7290003893027,false,מרלוזה ארגנטינאי במש,פארגיפקו דל סאדסטה,AR,ווינר פוד,קילוגרמים,1.00,"ק""ג",true,,29.90,29.9000,true,1,45808
7290003893645,false,מקרל שלם קפוא.,פאלגיה מאלוי,NO,וינר פוד,קילוגרמים,1.00,"ק""ג",true,,21.90,21.9000,true,1,45812
7290003893690,false,"פילה אמנון 5-7בד""ץ-ו",ג.עופר,CN,ווינר פוד,קילוגרמים,1.00,"ק""ג",true,,24.90,24.9000,true,1,45813
7290003893843,false,פילה אמנון ללא עור 7,איינן צ'דקסין,CN,וינר פוד,קילוגרמים,1.00,"ק""ג",true,,29.90,29.9000,true,1,45814
7290003989539,false,לורנצו רביולי במילוי גבינה,מיוצר עי קונדיטוריית,IL,שטראוס,גרמים,400.00,100 גרם,false,,16.80,0.0420,true,1,34750
7290003989553,false,"פסטה טורטליני פטריות, 400 גרם",מיוצר עי קונדיטוריית,IL,שטראוס,גרמים,400.00,100 גרם,false,,16.80,0.0420,true,1,34751
7290003996018,false,חסה ערבית למהדרין,נסטלה קוריאה - קפה,IL,חסה ערבית חסלט,יח',1.00,יח',false,,7.90,7.9000,true,1,60930
7290003996070,false,נענע חסלט שקית,יעל ירק עלים,IL,נענע חסלט,יח',1.00,יח',false,,6.90,6.9000,true,1,12035
7290003996506,false,כרוב לבן קצוץ חסלט 400ג',יעל ירק עלים,IL,כרוב לבן חסלט 400 גרם,גרמים,400.00,100 גרם,false,,11.90,0.0298,true,1,36849
7290003996544,false,חסה אייסברג חתוכה 300 גרם,יעל ירק עלים,IL,חסה אייסברג,גרמים,280.00,100 גרם,false,,12.90,0.0461,true,1,36852
7290004011284,false,ריצ בסיס להכנת קצפת 25% 212מל,ריצ' פרודקטס קורפריי,US,ריץ',מיליליטרים,212.00,"100 מ""ל",false,,6.90,0.0325,true,1,34352
7290004011345,false,"קצפת ריצ` פרווה במיכל 250 מ""ל",האי נאם סי או אל.טי.,IT,ריץ',מיליליטרים,250.00,"100 מ""ל",false,,8.90,0.0356,true,1,34355
7290004011819,false,המבורגר ריב אנטריקוט אל גאוצו 360 גרם,האי נאם סי או אל.טי.,IL,טיבון ויל,גרמים,360.00,100 גרם,false,,21.90,0.0608,true,1,34356
7290004011826,false,מיני המבורגר ריב אנטריקוט,טיבון ויל אחזקות בעמ,IL,טיבון ויל,גרמים,320.00,100 גרם,false,,21.90,0.0684,true,1,34357
7290004014407,false,סוכריות M&M בוטנים 46 ג',מרס נדרלנד,US,מ&מ'ס,גרמים,48.00,100 גרם,false,,4.90,0.1021,true,1,35714
7290004026776,false,לחם מחמצת אגוזים וצי,פילסברי,,לחם רוסטיק,יח',1.00,יח',false,,16.90,16.9000,true,1,27546
7290004030018,false,"פריניב מיץ לימון סחוט פרי לתיבול 500 מ""ל",הנסיך- מפעל לייצור ט,IL,פרי ניב,מיליליטרים,500.00,"100 מ""ל",false,,6.90,0.0138,true,1,35791
7290004030100,false,מיץ תפוזים ולנסיה סחוט 1 ליטר100%,פריניב,IL,פריניב,ליטרים,1.00,ליטר,false,,15.90,15.9000,true,1,55902
7290004030216,false,פריניב נקטר חמוציות 1ליטר,פריניב בעמ,IL,פרי ניב,ליטרים,1.00,ליטר,false,,7.90,7.9000,true,1,35795
7290004030223,false,פריניב נקטר תפוחים סחוט 1 ליטר,פריניב בעמ,IL,פרי ניב,ליטרים,1.00,ליטר,false,,16.90,16.9000,true,1,35796
7290004030445,false,פריניב סחוט טבעי תפוזים 1ליטר,פריניב בעמ,IL,פרי ניב,ליטרים,1.00,ליטר,false,,13.90,13.9000,true,1,35799
7290004030544,false,פריניב מיץ לימונדה לואיזה ולמון גראס 1 ליטר,פריניב,IL,פרי ניב,ליטרים,1.00,ליטר,false,,12.90,12.9000,true,1,35802
7290004030612,false,פרי ניב מיץ קיוי אגס ללא תוספת סוכר 1ל,פריניב בעמ,IL,פרי ניב,ליטרים,1.00,ליטר,false,,12.90,12.9000,true,1,35804
7290004030834,false,פריניב מיץ רימונים סחוט 1 ליטר,פריניב בעמ,IL,פרי ניב,ליטרים,1.00,ליטר,false,,19.90,19.9000,true,1,35810
7290004063016,false,מלח שולחן מעולה דק 1,האי נאם סי או אל.טי.,IL,מלח שולחן,קילוגרמים,1.00,"ק""ג",false,,1.70,1.7000,true,1,33154
7290004063115,false,"מלח מטבח עבה להמלחת בשר ובישול 1 ק""ג 1ק""ג",האי נאם סי או אל.טי.,IL,מלח מטבח,קילוגרמים,1.00,"ק""ג",false,,1.70,1.7000,true,1,33155
7290004064099,false,מטחנה מלח מהרי ההימלאיה 250 ג מלח הארץ,חברת מלח הארץ אילת ב,IL,מלח הארץ,גרמים,300.00,100 גרם,false,,13.90,0.0463,true,1,34869
7290004064174,false,"תבלין מלח ההימלאיה דק בצנצנת 1 ק""ג",מלח הארץ אילת,IL,מלח ההימלאיה דק בצנצ,קילוגרמים,1.00,"ק""ג",false,,14.90,14.9000,true,1,51582
7290004064280,false,מלח מופחת נתרן בצנצנת מלח הארץ 600 גרם,חברת מלח הארץ אילת ב,IL,מלח הארץ,גרמים,600.00,100 גרם,false,,16.90,0.0282,true,1,53397
7290004064297,false,"מלח מועשר ביוד בצנצנת מלח הארץ 1 ק""ג",מלח הארץ אילת,IL,מלח הארץ,קילוגרמים,1.00,"ק""ג",false,,8.90,8.9000,true,1,53398
7290004064303,false,מלח אטלנטי בצנצנת מלח הארץ 800 גרם,מלח הארץ אילת,IL,מלח הארץ,גרמים,800.00,100 גרם,false,,17.90,0.0224,true,1,53399
7290004064358,false,"מלח דק זורם בקלות מלח הארץ קרטון 1 ק""ג",,IL,מלח הארץ,קילוגרמים,1.00,"ק""ג",false,,3.90,3.9000,true,1,55347
7290004064389,false,מלח הימלאיה דק מלחייה 250 גרם,מלח הארץ אילת,IL,מלח הארץ,גרמים,250.00,100 גרם,false,,9.90,0.0396,true,1,60952
7290004068011,false,יוגורט כבשים 5% בדלי,"מיוצר ע""י קוד יצרן M",IL,מחלבות גד,גרמים,600.00,100 גרם,false,,18.00,0.0300,true,1,34241
7290004068028,false,"ציזיקי יוגורט לשתיה גד 500 מ""ל",מיוצר על ידי קוד יצר,IL,מחלבות גד,גרמים,500.00,100 גרם,false,,9.90,0.0198,true,1,34242
7290004068035,false,"איירן יוגורט לשתייה 3% גד 500 מ""ל","מיוצר ע""י קוד יצרן M",IL,מחלבות גד,מיליליטרים,500.00,"100 מ""ל",false,,8.50,0.0170,true,1,34243
7290004068172,false,"יוגורט עיזים בדלי 5% 600 מ""ל רובין",קוד יצרן MKN,IL,מחלבות גד,גרמים,600.00,100 גרם,false,,18.00,0.0300,true,1,34244
7290004068196,false,מוצרלה מגורדת מיוחדת,מחלבות גד,IL,מחלבות גד,גרמים,500.00,100 גרם,false,,29.90,0.0598,true,1,28078
7290004068912,false,גבינת פרמזן גרנה פדנ,מחלבות גד,IT,מחלבות גד,קילוגרמים,1.00,"ק""ג",true,,130.00,130.0000,true,1,55663
7290004078270,false,נוזל כלים פלמוליב צילינדר לימון 1 ליטר,יבואן ומשווק: ש. שסט,GR,פלמוליב כלים,ליטרים,1.00,ליטר,false,,9.90,9.9000,true,1,35352
7290004078690,false,"אגקס נוזל לניקוי אסלות מרענן 750 מ""ל",הנסיך- מפעל לייצור ט,FR,אג'קס,גרמים,750.00,100 גרם,false,,9.90,0.0132,true,1,35354
7290004078942,false,ליידי ספיד סטיק - דאודורנט ג'ל לאישה 65 גרם,קולגייט פלמוליב,US,ליידי ספיד סטיק,גרמים,85.00,100 גרם,false,,24.90,0.2929,true,1,35355
7290004119133,false,כד יוגורט תנובה 6.5% שומן 1.5 ליטר,מיוצר עי קונדיטוריית,IL,תנובה,ליטרים,1.50,ליטר,false,,16.90,11.2667,true,1,35138
7290004119225,false,יוגורט אננס 3% שומן 150 ג' יופלה,תנובה מרכז שיתופי לש,IL,יופלה,גרמים,150.00,100 גרם,false,,4.80,0.0320,true,1,35139
7290004119928,false,קרלו מעדן וניל רביעיות גביע 125 1.5%,מחלבת אלון תבור,IL,קרלו,גרמים,125.00,100 גרם,false,,2.90,0.0232,true,1,35141
7290004119973,false,קרלו מעדן שוקו רביעיה גביע 125 1.5%,תנובה מרכז שיתופי לש,IL,קרלו,גרמים,125.00,100 גרם,false,,2.90,0.0232,true,1,35142
7290004120061,false,קרלו שוקולד וניל 125,תנובה מרכז שיתופי לש,IL,קרלו,גרמים,125.00,100 גרם,false,,2.90,0.0232,true,1,35143
7290004120108,false,יופלה דיאט יוגורט דובדבן %0 גביע 150ג',תנובה מרכז שיתופי לש,IL,יופלה,גרמים,150.00,100 גרם,false,,4.80,0.0320,true,1,35144
7290004120566,false,גבינה בולגרית פיראוס 24% 250 גרם,תנובה,IL,פיראוס,גרמים,250.00,100 גרם,false,,17.80,0.0712,true,1,35146
7290004120573,false,גבינה בולגרית פיראוס 16% 250 גרם,תנובה מרכז שיתופי לש,IL,פיראוס,גרמים,250.00,100 גרם,false,,17.80,0.0712,true,1,35147
7290004121488,false,יופלה דיאט אפרסק 0% גביע 150 ג',תנובה מרכז שיתופי לש,IL,יופלה,גרמים,150.00,100 גרם,false,,4.80,0.0320,true,1,35150
7290004121525,false,יופלה מאגדת פרי 4 תות 4 אפרסק 3% 8 יח'*150 ג',תנובה מרכז שיתופי לש,IL,יופלה,ליטרים,1.20,ליטר,false,,28.90,24.0833,true,1,35151
7290004121754,false,יוגורט עוגת גבינה ותות 3% שומן 150 ג' יופלה,תנובה בעמ,IL,יופלה,גרמים,150.00,100 גרם,false,,4.80,0.0320,true,1,35152
7290004121839,false,גבינת פטה כבשים 20% 250 ג' פיראוס,תנובה מרכז שיתופי לש,IL,פיראוס,גרמים,250.00,100 גרם,false,,25.90,0.1036,true,1,35153
7290004121853,false,גבינה בולגרית פיראוס 5% קוביות 200 גרם,תנובה מרכז שיתופי לש,IL,פיראוס,גרמים,200.00,100 גרם,false,,19.90,0.0995,true,1,35154
7290004122119,false,פתיתי פרמזן לפסטה %23 100 ג' השף הלבן,פ.פ.ח. שאביט,IL,השף הלבן,גרמים,100.00,100 גרם,false,,10.90,0.1090,true,1,35156
7290004122195,false,"גבינת גוש חלב פרוס 28%, כשרות מהדרין, 200 ג'",תנובה,IL,תנובה,גרמים,200.00,100 גרם,false,,12.90,0.0645,true,1,35157
7290004122270,false,גבינה צהובה פרוס בקופסא %28 200 ג' עמק,תנובה מרכז שיתופי לש,IL,תנובה,גרמים,200.00,100 גרם,false,,15.90,0.0795,true,1,35158
7290004122348,false,גבינת עמק לייט פרוס בקופסא 200 גרם,תנובה מרכז שיתופי לש,IL,תנובה,גרמים,200.00,100 גרם,false,,16.90,0.0845,true,1,35159
7290004122676,false,גבינת חמד לייט 5% פיראוס 250 ג',"תנובה,מחלבת טנא נוגה",IL,פיראוס,גרמים,250.00,100 גרם,false,,17.90,0.0716,true,1,35161
7290004122683,false,חטיף גבינת אצבעות 28% 172 ג' עמק,תנובה מרכז שיתופי לש,IL,תנובה,גרמים,172.00,100 גרם,false,,15.90,0.0924,true,1,35162
7290004124168,false,יופלה לבן 3% יוגורט 150 ג',,,יופלה ביו 3%,יח',1.00,יח',false,,2.00,2.0000,true,1,37344
7290004124205,false,יוגורט דיאט תות %0 שומן 150 ג' יופלה,תנובה מרכז שיתופי לש,IL,יופלה,גרמים,150.00,100 גרם,false,,4.80,0.0320,true,1,35166
7290004124847,false,"קצפת צמחית השף הלבן 500 מ""ל תנובה",תנובה מרכז שיתופי לש,IL,השף הלבן,מיליליטרים,500.00,"100 מ""ל",false,,14.90,0.0298,true,1,35167
7290004125370,false,"שמנת חמוצה מופחתת שומן 9% 200 מ""ל",תנובה מרכז שיתופי לש,IL,תנובה,מיליליטרים,200.00,"100 מ""ל",false,,3.50,0.0175,true,1,35169
7290004125400,false,"שלי אשל 4.5% תנובה 200מ""ל מהדרין",פארייפאבה אגרואינדוס,IL,תנובה,מיליליטרים,206.00,"100 מ""ל",false,,1.65,0.0080,true,1,35170
7290004125417,false,"שלי גיל 3% תנובה 200מ""ל מהדרין",תנובה מרכז שיתופי לש,IL,תנובה,מיליליטרים,206.00,"100 מ""ל",false,,1.51,0.0073,true,1,35171
7290004125455,false,**תנובה שמנת אורגינל מהדרין 15% 200מל,תנובה מרכז שיתופי לש,IL,תנובה,מיליליטרים,200.00,"100 מ""ל",false,,2.40,0.0120,true,1,35172
7290004125462,false,"שמנת אורגינל 15% מהדרין 500 מ""ל",תנובה מרכז שיתופי לש,IL,תנובה,מיליליטרים,500.00,"100 מ""ל",false,,6.00,0.0120,true,1,35173
7290004125509,false,"שמנת 15% חצי מנה 100 מ""ל תנובה",תנובה מרכז שיתופי לש,IL,תנובה,מיליליטרים,100.00,"100 מ""ל",false,,1.60,0.0160,true,1,35174
7290004125578,false,משקה סויה מעושר בסידן תנובה 1ל',תנובה מרכז שיתופי לש,IL,תנובה,ליטרים,1.00,ליטר,false,,9.90,9.9000,true,1,35175
7290004125585,false,משקה סויה וניל תנובה E אלטרנטיב,תנובה מרכז שיתופי לש,IL,תנובה,ליטרים,1.00,ליטר,false,,9.90,9.9000,true,1,35176
7290004125721,false,"שמנת לבישול 15% שומן 250 מ""ל תנובה",תנובה מרכז שיתופי לש,IL,השף הלבן,מיליליטרים,250.00,"100 מ""ל",false,,7.90,0.0316,true,1,35178
7290004125738,false,שמנת מתוקה להקצפה32% 250מל עמיד השף הלבן,תנובה מרכז שיתופי לש,IL,השף הלבן,מיליליטרים,250.00,"100 מ""ל",false,,6.00,0.0240,true,1,35179
7290004125776,false,גבינה צהובה עמק 28% 400 גרם בקופסא,תנובה,IL,תנובה,גרמים,400.00,100 גרם,false,,27.90,0.0697,true,1,35180
7290004126759,false,יופלה דיאט פירות יער %0 גביע 150 ג',תנובה בעמ,IL,יופלה,גרמים,150.00,100 גרם,false,,4.80,0.0320,true,1,35184
7290004127077,false,קוטג' 3% שומן 250 ג' תנובה,מיוצר עי קונדיטוריית,IL,תנובה,גרמים,250.00,100 גרם,false,,5.50,0.0220,true,1,35186
7290004127329,false,קוטג' 5% תנובה 250ג' מהדרין,מיוצר עי קונדיטוריית,IL,תנובה,גרמים,250.00,100 גרם,false,,5.50,0.0220,true,1,35187
7290004127336,false,קוטג' 9% תנובה 250 ג' הדרין,מיוצר עי קונדיטוריית,IL,תנובה,גרמים,250.00,100 גרם,false,,5.50,0.0220,true,1,35188
7290004127800,false,גבינה לבנה 5% שומן 500 ג' תנובה,מיוצר עי קונדיטוריית,IL,תנובה,גרמים,500.00,100 גרם,false,,9.90,0.0198,true,1,35189
7290004127817,false,גבינה לבנה 9% שומן 500 ג' תנובה,מיוצר עי קונדיטוריית,IL,תנובה,גרמים,500.00,100 גרם,false,,9.30,0.0186,true,1,35190
7290004127862,false,**תנובה גבינה למריחה מהדרין 5% 750ג,תנובה מרכז שיתופי לש,IL,תנובה,גרמים,750.00,100 גרם,false,,14.70,0.0196,true,1,35191
7290004127916,false,גבינה לבנה 0.5% שומן 500 ג' תנובה,תנובה מרכז שיתופי לש,IL,תנובה,גרמים,500.00,100 גרם,false,,9.30,0.0186,true,1,35192
7290004128333,false,לאבנה על בסיס יוגורט %9 שומן 500 ג' פיראוס,תנובה,IL,פיראוס,גרמים,500.00,100 גרם,false,,18.90,0.0378,true,1,35194
7290004128340,false,קרם גבינת שמנת %5 בטעם טבעי 200 ג' תנובה,תנובה,IL,תנובה,גרמים,200.00,100 גרם,false,,10.90,0.0545,true,1,35195
7290004128364,false,קרם גבינת שמנת 5% עם זיתים ירוקים 200 ג' תנובה,"תנובה, מחלבת תל יוסף",IL,תנובה,גרמים,200.00,100 גרם,false,,10.90,0.0545,true,1,35196
7290004128401,false,גבינת פטה כבשים במשק,תנובה,IL,פיראוס,קילוגרמים,1.00,"ק""ג",true,,100.00,100.0000,true,1,18347
7290004129101,false,גבינת שמנת 25% בטעם טבעי 225 ג' נפוליאון,תנובה מרכז שיתופי לש,IL,נפוליאון,גרמים,225.00,100 גרם,false,,12.80,0.0569,true,1,35198
7290004129118,false,גבינת שמנת 24% עם זיתים ירוקים 225 ג' נפוליאון,תנובה מרכז שיתופי לש,IL,נפוליאון,גרמים,225.00,100 גרם,false,,12.80,0.0569,true,1,35199
7290004129156,false,גבינת שמנת25% עם שום שמיר 225 ג' נפוליאון,תנובה מרכז שיתופי לש,IL,נפוליאון,גרמים,225.00,100 גרם,false,,12.80,0.0569,true,1,35200
7290004129545,false,גבינה לבנה 3% שומן 250 ג' תנובה,מחלבת אלון תבור,IL,תנובה,גרמים,250.00,100 גרם,false,,4.70,0.0188,true,1,35201
7290004129767,false,יופלה לבן טבעי מאגדת 3% 8*150מל,מחלבת אלון תבור,IL,יופלה,ליטרים,1.20,ליטר,false,,16.90,14.0833,true,1,35204
7290004130695,false,משקאות חלב תנובה אייס קפה בבקבוק 1ל,תנובה מרכז שיתופי לש,IL,תנובה,ליטרים,1.00,ליטר,false,,12.50,12.5000,true,1,35205
7290004130794,false,משקה סויה טבעי במתיקות מופחתת 1 ליטר,תנובה מרכז שיתופי לש,IL,תנובה,ליטרים,1.00,ליטר,false,,9.90,9.9000,true,1,35206
7290004130916,false,יוגורט 3% פירות יער בשמנת 150 ג' יופלה,תנובה מרכז שיתופי לש,IL,יופלה,גרמים,150.00,100 גרם,false,,4.80,0.0320,true,1,35207
7290004131074,false,**חלב תנובה טרי מהדרין קרטון 3% 1ל,תנובה מרכז שיתופי לש,IL,תנובה,ליטרים,1.00,ליטר,false,,6.20,6.2000,true,1,35209
7290004131456,false,יוגורט ביו 1.5% שומן 200 ג' יופלה,מיוצר עי קונדיטוריית,IL,יופלה,גרמים,200.00,100 גרם,false,,3.70,0.0185,true,1,35213
7290004131531,false,משקאות חלב תנובה שוקו בקבוק 1ל,תנובה מרכז שיתופי לש,IL,תנובה,ליטרים,1.00,ליטר,false,,11.90,11.9000,true,1,35214
7290004131814,false,גבינה צפתית 5% מעודנת 200 ג' פיראוס,פארייפאבה אגרואינדוס,IL,פיראוס,גרמים,200.00,100 גרם,false,,13.90,0.0695,true,1,35215
7290004131845,false,גבינת לאבנה 9% שומן 750 ג' פיראוס,תנובה מרכז שיתופי לש,IL,פיראוס,גרמים,750.00,100 גרם,false,,20.90,0.0279,true,1,37348
7290004132552,false,משקה סויה לייט בטעם טבעי טרי 1 ליטר,תנובה מרכז שיתופי לש,IL,תנובה,ליטרים,1.00,ליטר,false,,9.90,9.9000,true,1,35219
7290004132606,false,מאגדת קרלו מיני וניל 8 יח' *100ג' מהדרין,תנובה מרכז שיתופי לש,IL,קרלו,גרמים,800.00,100 גרם,false,,13.20,0.0165,true,1,35220
7290004132712,false,חטיף אצבעות גבינת מוצרלה 20% 172 ג' עמק,תנובה מרכז שיתופי לש,IL,תנובה,גרמים,172.00,100 גרם,false,,15.90,0.0924,true,1,35221
7290004132903,false,**תנובה גבינה לבנה בדץ 3% 250ג,תנובה מרכז שיתופי לש,IL,תנובה,גרמים,250.00,100 גרם,false,,4.70,0.0188,true,1,35222
7290004133511,false,יופלה מאגדת לבן 1.5% מעודן 8 יח' * 150 ג',מיוצר עי קונדיטוריית,IL,יופלה,ליטרים,1.20,ליטר,false,,19.90,16.5833,true,1,35225
7290004134945,false,יוגורט מוקה 3% שומן 150 ג' יופלה,תנובה מרכז שיתופי לש,IL,יופלה,גרמים,150.00,100 גרם,false,,4.80,0.0320,true,1,35229
7290004135058,false,מאגדת קרלו מיני שוקולד 8 יח' * 100 ג',תנובה מרכז שיתופי לש,IL,קרלו,גרמים,800.00,100 גרם,false,,13.20,0.0165,true,1,35231
7290004135072,false,"מאגדת קרלו מיני 8*100 גרם שוקולד בד""צ",תנובה מרכז שיתופי לש,IL,קרלו,גרמים,800.00,100 גרם,false,,13.20,0.0165,true,1,37353
7290004135225,false,מעדן תנובה דיאט שוקולדה 0% 150 גרם,תנובה מרכז שיתופי לש,IL,תנובה,גרמים,150.00,100 גרם,false,,3.80,0.0253,true,1,35232
7290004135324,false,פיראוס בולגרית מעודנ,תנובה מרכז שיתופי לש,IL,פיראוס,קילוגרמים,1.00,"ק""ג",true,,43.00,43.0000,true,1,47913
7290004135614,false,גבינה בולגרית מעודנת 5% 250 ג' פיראוס,תנובה,IL,פיראוס,גרמים,250.00,100 גרם,false,,20.90,0.0836,true,1,35235
7290004136291,false,צפתית 5% מעודנת תנוב,תנובה,IL,פיראוס,קילוגרמים,1.00,"ק""ג",true,,50.00,50.0000,true,1,18412
7290004136598,false,מארז הפסקת אוכל עם קורנפלקס ומשקה חלב עמיד בטעם וניל,פארייפאבה אגרואינדוס,IL,תנובה,יח',1.00,יח',false,,8.90,8.9000,true,1,35241
7290004136857,false,גלי פטל תנובה 125 גר,תנובה מרכז שיתופי לש,IL,תנובה,גרמים,125.00,100 גרם,false,,2.20,0.0176,true,1,35242
7290004136864,false,ג'לי תנובה אננס עם חתיכות אננס 125מל,סוי מג'יק,IL,תנובה,גרמים,125.00,100 גרם,false,,2.60,0.0208,true,1,35243
7290004136871,false,ג'לי תנובה אפרסק עם חתיכות אפרסק 125מל,תנובה מרכז שיתופי לש,IL,תנובה,גרמים,125.00,100 גרם,false,,2.60,0.0208,true,1,35244
7290004137021,false,"שמנת לבישול 10% עמיד השף הלבן 250 מ""ל",תנובה מרכז שיתופי לש,IL,השף הלבן,מיליליטרים,250.00,"100 מ""ל",false,,7.90,0.0316,true,1,35245
7290004137311,false,עמק לייט משפחתית 9% 400ג-ועדת מהדרין,תנובה,IL,תנובה,גרמים,400.00,100 גרם,false,,29.90,0.0747,true,1,35246
7290004137809,false,פיראוס לאבנה 5% גביע 250 גרם,"תנובה, מחלבת אלון תב",IL,פיראוס,גרמים,250.00,100 גרם,false,,11.90,0.0476,true,1,35247
7290004150112,false,חומוס מזרחי פיקנטי פרימיום 300 גרם,"סלטי שמיר 2006 בע""מ",IL,חומוס מזרחי פיקנטי פ,גרמים,300.00,100 גרם,false,,14.90,0.0497,true,1,68469
7290004150129,false,טחינה פיקנטי פרימיום 300 גרם,"סלטי שמיר 2006 בע""מ",IL,טחינה פיקנטי פרימיום,גרמים,300.00,100 גרם,false,,14.90,0.0497,true,1,68470
7290004150136,false,חציל על האש פיקנטי פרימיום 300 גרם,"סלטי שמיר 2006 בע""מ",IL,חציל על האש פיקנטי פ,גרמים,300.00,100 גרם,false,,14.90,0.0497,true,1,68471
7290004150143,false,חציל במיונז פיקנטי פרימיום 300 גרם,"סלטי שמיר 2006 בע""מ",IL,חציל במיונז פיקנטי פ,גרמים,300.00,100 גרם,false,,14.90,0.0497,true,1,68472
7290004150150,false,חציל בטחינה פיקנטי פרימיום 300 גרם,"סלטי שמיר 2006 בע""מ",IL,חציל בטחינה פיקנטי פ,גרמים,300.00,100 גרם,false,,14.90,0.0497,true,1,68473
7290004150174,false,קולוסלאו פיקנטי פרימיום 300 גרם,"סלטי שמיר 2006 בע""מ",IL,קולסלאו פיקנטי פרימי,גרמים,300.00,100 גרם,false,,14.90,0.0497,true,1,68475
7290004150204,false,מטבוחה 300 גרם פיקנטי פרימיום,"סלטי שמיר 2006 בע""מ",IL,מטבוחה פיקנטי פרימיו,גרמים,300.00,100 גרם,false,,14.90,0.0497,true,1,68478
7290004150211,false,תורכי איסטנבול 300 גרם פיקנטי פרימיום,"סלטי שמיר 2006 בע""מ",IL,תורכי איסטנבול פיקנט,גרמים,300.00,100 גרם,false,,14.90,0.0497,true,1,68479
7290004150235,false,חומוס עם חריף 300 גרם פיקנטי פרימיום,"סלטי שמיר 2006 בע""מ",IL,חומוס עם חריף פיקנטי,גרמים,300.00,100 גרם,false,,14.90,0.0497,true,1,68481
7290004199203,false,קיסמ' שיניים מבמבוק מלחיה 300 יח',הדקלאים אגודת שיתופי,CN,הוסטס,יח',300.00,יח',false,,3.50,0.0117,true,1,33097
7290004199326,false,כוס אימון מהפכנית פי,J.B. Comp Lt,CN,טוליפס,יח',1.00,יח',false,,14.90,14.9000,true,1,36365
7290004199579,false,פלסטר מעורב 100 יח' - SUNNY PLASTER,הדקלאים אגודת שיתופי,CN,סאני פלסטר,יח',100.00,יח',false,,7.90,0.0790,true,1,33099
7290004199791,false,כפפות M לטקס עם איבוק עדין 100 יח- SAFE TOUCH,T.G. Sdn,TH,סייף טאצ,יח',100.00,יח',false,,18.90,0.1890,true,1,59441
7290004219079,false,לבבות דקל פרוסות ויליפוד400 גר',אלימנטוס אי קונסרבס,EC,וילי פוד,גרמים,400.00,100 גרם,false,,10.90,0.0273,true,1,33732
7290004219284,false,וילי פוד אנשובי עגול בדץ 80ג,קונסרבאס פרדו,ES,וילי פוד,גרמים,45.00,100 גרם,false,,10.90,0.2422,true,1,33734
7290004228804,false,עלי לסיגר מרוקאי לפסטיליה 450 גרם,שלושת האופים,IL,עלי סיגר שלושת האופי,גרמים,450.00,100 גרם,false,,11.90,0.0264,true,1,62497
7290004230944,false,מקלות פילו גבינה 600 גר' שלושת האופים לנדא,שלושת האופים,IL,מקלות בורקס פילו גבינה,גרמים,600.00,100 גרם,false,,16.90,0.0282,true,1,61686
7290004255428,false,נר נשמה 24 שעות - מנורה,"מנורה שי נר בע""מ",IL,מנורה,יח',1.00,יח',false,,1.50,1.5000,true,1,56096
7290004255619,false,נרות חימום 100 יח' מנורה,"מנורה שי נר בע""מ",IL,מנורה,יח',100.00,יח',false,,21.90,0.2190,true,1,35828
7290004255824,false,פתיל שמן מנורה,"מנורה שי נר בע""מ",,פתיל שמן מנורה,יח',1.00,יח',false,,2.90,2.9000,true,1,38049
7290004256197,false,גאודה עיזים הולנדית,וויסר קאשנדל בי.וי נ,NL,גקס-ציס,קילוגרמים,1.00,"ק""ג",true,,105.00,105.0000,true,1,58550
7290004324605,false,"גבינת מון בלאן רוקפור 7%, 120 ג'",האי נאם סי או אל.טי.,IL,מון בלאן,גרמים,120.00,100 גרם,false,,8.90,0.0742,true,1,34362
7290004324858,false,קבב כבש500 גר טי,"טיבון ויל אחזקות בע""",IL,טיבון ויל,גרמים,500.00,100 גרם,false,,17.90,0.0358,true,1,34363
7290004339425,false,שווארמה מהצומח טבע דלי 350 גר,טבע דלי בעמ,IL,שווארמה מהצומח 350גר,גרמים,350.00,100 גרם,false,,24.90,0.0711,true,1,29117
7290004339630,false,סייטן טבעי טבע דלי 350 גר,טבע דלי,IL,סייטן מקורי 350גרם ט,גרמים,350.00,100 גרם,false,,19.90,0.0569,true,1,29144
7290004339784,false,המבורגר על הגריל טבע דלי 400 גר,טבע דלי,IL,המבורגר ניו יורק על,גרמים,400.00,100 גרם,false,,24.90,0.0622,true,1,29146
7290004339807,false,המבורגר כוסמת מש אורז מלא וציה 400 גר,טבע דלי בעמ,IL,המבורגר הוט מקסיקן כ,גרמים,400.00,100 גרם,false,,23.90,0.0597,true,1,29147
7290004480332,false,גבינה גאודה קשה מחלב,מחלבות גד,IL,מחלבות גד,קילוגרמים,1.00,"ק""ג",true,,105.00,105.0000,true,1,64699
7290004480349,false,גאודה עזים משולשים במשקל,מחלבת אמלטי הולנד,IL,מחלבות גד,קילוגרמים,1.00,"ק""ג",true,,125.00,125.0000,true,1,64700
7290004480363,false,"קאשקבל גלגל גד לק""ג",מחלבות גד,IL,מחלבות גד,קילוגרמים,1.00,"ק""ג",true,,119.00,119.0000,true,1,64702
7290004494131,false,יין דלתון קברנה סוביניון גליל,"איי, בי, אינבוו",IL,גליל קברנה סוביניון,מיליליטרים,750.00,"100 מ""ל",false,,54.90,0.0732,true,1,33885
7290004494148,false,יין דלתון מרלו 750 מל,"איי, בי, אינבוו",IL,גליל מרלו ( דלתון),מיליליטרים,750.00,"100 מ""ל",false,,54.90,0.0732,true,1,33886
7290004494919,false,יין כנען קברנה שיראז 750 מל דלתון,כצט,IL,יין יובלים דלתון שיראז,מיליליטרים,750.00,"100 מ""ל",false,,37.90,0.0505,true,1,33888
7290004537241,false,אפונת גינה שדה בשקית,בסט מייסטר,IL,אפונה 800 גרם,גרמים,800.00,100 גרם,false,,8.90,0.0111,true,1,62635
7290004544126,false,עוגיות תמר טבעות עם,מאפיית אריאל,IL,תמר,גרמים,500.00,100 גרם,false,,10.90,0.0218,true,1,63350
7290004544539,false,אריאל ללא גלוטן לחמנ,מאפיית אריאל,IL,אריאל,גרמים,450.00,100 גרם,false,,17.90,0.0398,true,1,70194
7290004544553,false,לחמניה המבורגר 4 יח,מאפיית אריאל,IL,אריאל,גרמים,360.00,100 גרם,false,,17.90,0.0497,true,1,70196
7290004584306,false,רבעיית גמדים בטעם תות בננה * 100 ג' שטראוס,מיוצר עי קונדיטוריית,IL,שטראוס,גרמים,400.00,100 גרם,false,,10.90,0.0273,true,1,34752
7290004584351,false,גבינה לבנה סימפוניה עם תוספות 200 ג' חמישית 200,"שטראוס בריאות בע""מ",IL,שטראוס,גרמים,200.00,100 גרם,false,,9.90,0.0495,true,1,34753
7290004584528,false,יוגורט דנונה ביו טבעי 1.7% 200 גרם,מיוצר עי קונדיטוריית,IL,שטראוס,גרמים,200.00,100 גרם,false,,3.50,0.0175,true,1,34754
7290004585907,false,דני ועדן וניל 1.5% 125ג' שטראוס,מיוצר עי קונדיטוריית,IL,שטראוס,גרמים,125.00,100 גרם,false,,2.60,0.0208,true,1,34755
7290004603175,false,מלח הארץ מלחייה גס 500 גרם,תעשיות מלח לישראל,IL,מלח הארץ,גרמים,500.00,100 גרם,false,,7.90,0.0158,true,1,34872
7290004645175,false,פילה טונה פרוס רוזנר,,VN,טונה פרוס כהה קפוא ר,קילוגרמים,1.00,"ק""ג",true,,44.90,44.9000,true,1,60770
7290004645342,false,פילה נסיכת הנילוס של,,,פילה נסיכת הנילוס של,קילוגרמים,1.00,"ק""ג",true,,49.90,49.9000,true,1,65466
7290004645748,false,פילה אמנון רוזנרס לל,,CN,פילה אמנון ללא עור 9,קילוגרמים,1.00,"ק""ג",true,,34.90,34.9000,true,1,62842
7290004645809,false,סלמון מנות עם עור רו,,,סלמון מנות עם עור רו,קילוגרמים,1.00,"ק""ג",true,,89.90,89.9000,true,1,63370
7290004645816,false,סלמון ללא עור מארז 4,,,סלמון ללא עור מארז 4,קילוגרמים,1.00,"ק""ג",true,,94.90,94.9000,true,1,63346
7290004645823,false,נילוס פרוס רוזנרס,,,נילוס פרוס רוזנרס,קילוגרמים,1.00,"ק""ג",true,,54.90,54.9000,true,1,63344
7290004645830,false,טונה אלבקור פרוס רוז,,,טונה אלבקור פרוס רוז,קילוגרמים,1.00,"ק""ג",true,,59.90,59.9000,true,1,63345
7290004652401,false,ג'חנון ללא מרגרינה שגב 650 גר' לנדא,שף שגב,IL,ג'חנון ללא מרגרינה ש,גרמים,650.00,100 גרם,false,,18.90,0.0291,true,1,63697
7290004658953,false,סובניון בלאן לבן יבש 750 מל,"כד בני דרום בע""מ",IL,Private collection,מיליליטרים,750.00,"100 מ""ל",false,,32.40,0.0432,true,1,33110
7290004658960,false,יין ארמלד ריזלינג P.C לבן חצי יבש 750 מ,אגודת הכורמים הקואופ,IL,Private collection,מיליליטרים,750.00,"100 מ""ל",false,,32.40,0.0432,true,1,33111
7290004725846,false,חריץ גאודה מעדנייה,תנובה,IL,קולאז,קילוגרמים,1.00,"ק""ג",true,,79.00,79.0000,true,1,58520
7290004731410,false,סנו סושי כרית קרצוף ירוק שלישיה,סנו,IL,סנו סושי,יח',3.00,יח',false,,9.90,3.3000,true,1,33505
7290004731472,false,"אל סבון צבעוני כיף שלישיה* 500 מ""ל",טרופיקל דגיל תעשיות,IL,כיף,ליטרים,1.50,ליטר,false,,18.90,12.6000,true,1,33506
7290004731519,false,"מרכך ומבשם מקסימה למייבש אולטרה פרש 750 מ""ל סנו",סנו,IL,סנו,מיליליטרים,750.00,"100 מ""ל",false,,16.90,0.0225,true,1,33507
7290004731564,false,"סנו - מקסימה מרסס למייבש כביסה פריחה כחולה 750 מ""ל",סנו,IL,סנו,מיליליטרים,750.00,"100 מ""ל",false,,16.90,0.0225,true,1,33509
7290004731670,false,"סנו דואופרש פצ'ולי לבנדר 300 מ""ל","סנו מפעלי ברונוס בע""",IL,דואופרש,מיליליטרים,300.00,"100 מ""ל",false,,10.90,0.0363,true,1,33510
7290004737719,false,אספרגוס שלם בצנצנת 330 ג' ולי פוד,heze sanqing food,CN,וילי פוד,גרמים,330.00,100 גרם,false,,9.90,0.0300,true,1,33737
7290004737900,false,חלב מרוכז ממותק 397 גרם ויליפוד,יו.איי.בי מאריג'אמפו,LT,חלב ממותק,גרמים,397.00,100 גרם,false,,9.90,0.0249,true,1,33738
7290004768294,false,פילה אמנון ללא עור קפוא 5-7 בלדי,BAIYANG,CN,הדייג,קילוגרמים,1.00,"ק""ג",true,,29.90,29.9000,true,1,54253
7290004861025,false,בולגרית מעודנת 5%,"מחלבת המושבה בע""מ",IL,מחלבת המושבה,קילוגרמים,1.00,"ק""ג",true,,45.00,45.0000,true,1,47957
7290004861056,false,צפתית 5% - המושבה,"מחלבת המושבה בע""מ",IL,מחלבת המושבה,קילוגרמים,1.00,"ק""ג",true,,42.00,42.0000,true,1,47958
7290004861063,false,גבינה קאש 9%,"מחלבת המושבה בע""מ",IL,מחלבת המושבה,קילוגרמים,1.00,"ק""ג",true,,45.00,45.0000,true,1,19067
7290004861278,false,ג. שמנת 30%,"מחלבת המושבה בע""מ",IL,מחלבת המושבה,קילוגרמים,1.00,"ק""ג",true,,39.00,39.0000,true,1,19071
7290004861285,false,טוברוק טבעי 9%,"מחלבת המושבה בע""מ",IL,מחלבת המושבה,קילוגרמים,1.00,"ק""ג",true,,35.00,35.0000,true,1,19072
7290004861315,false,לאבנה כפרית 5%,"מחלבת המושבה בע""מ",IL,מחלבת המושבה,קילוגרמים,1.00,"ק""ג",true,,42.00,42.0000,true,1,19073
7290004861421,false,גבינת חלומי 30%,"מחלבת המושבה בע""מ",IL,מחלבת המושבה,קילוגרמים,1.00,"ק""ג",true,,85.00,85.0000,true,1,19075
7290004861520,false,גבינת קרם שמנת 5%,"מחלבת המושבה בע""מ",IL,מחלבת המושבה,קילוגרמים,1.00,"ק""ג",true,,30.00,30.0000,true,1,19076
7290004861551,false,ג. שמנת זיתים 5%,"מחלבת המושבה בע""מ",IL,מחלבת המושבה,קילוגרמים,1.00,"ק""ג",true,,30.00,30.0000,true,1,19077
7290004862589,false,ג. שמנת שמיר 5%,"מחלבת המושבה בע""מ",IL,מחלבת המושבה,קילוגרמים,1.00,"ק""ג",true,,30.00,30.0000,true,1,19078
7290004944032,false,חומוס שמיר אסלי 400 גר,"סלטי שמיר 2006 בע""מ",IL,אסלי,גרמים,400.00,100 גרם,false,,9.90,0.0248,true,1,64026
7290004944049,false,טחינה אסלי שמיר 400 ג',"סלטי שמיר 2006 בע""מ",IL,אסלי,גרמים,400.00,100 גרם,false,,9.90,0.0248,true,1,64027
7290004944056,false,חציל במיונז אסלי שמיר 400 ג',"סלטי שמיר 2006 בע""מ",IL,אסלי,גרמים,400.00,100 גרם,false,,9.90,0.0248,true,1,64028
7290004944063,false,סלט תורכי אסלי שמיר 400 ג',"סלטי שמיר 2006 בע""מ",IL,אסלי,גרמים,400.00,100 גרם,false,,10.90,0.0273,true,1,64029
7290004982355,false,גבינה צדר אנגלי 3 צב,שבינגטון,GB,*מבצע* גבינת צ'דר טר,קילוגרמים,1.00,"ק""ג",true,,109.00,109.0000,true,1,13459
7290004982393,false,גבינה ברס בלו במשקל1,בנוגראן,FR,ברס בלו,קילוגרמים,1.00,"ק""ג",true,,187.00,187.0000,true,1,13460
7290005011405,false,עמבה עם פרי 500 גרם,תבליני שמש בעמ,IL,תבליני שמש,גרמים,500.00,100 גרם,false,,9.90,0.0198,true,1,58204
7290005041129,false,מעדני הטלה קבב גמבו,לאטי עזרא גלם ודגים,IL,מעדני הטלה,קילוגרמים,1.00,"ק""ג",false,,45.90,45.9000,true,1,33151
7290005041198,false,מעדני הטלה קבב ביתי,לאטי עזרא גלם ודגים,IL,מעדני הטלה,קילוגרמים,1.00,"ק""ג",false,,44.90,44.9000,true,1,33153
7290005068058,false,תירס קל מופחת קלוריות 550 ג' פרי הגליל,"פרי הגליל בע""""מ",IL,פרי הגליל,גרמים,550.00,100 גרם,false,,6.90,0.0125,true,1,34575
7290005068621,false,ברוקולי קפוא פרי גליל 800ג',"פרי הגליל בע""""מ",IL,פרי הגליל,גרמים,800.00,100 גרם,false,,11.90,0.0149,true,1,34577
7290005079290,false,צהובה נעם 15% מהדרין,טרה,IL,טרה,קילוגרמים,1.00,"ק""ג",true,,64.00,64.0000,true,1,15494
7290005079344,false,מוצרלה נועם רכיבים ט,טרה,IL,נעם,קילוגרמים,1.00,"ק""ג",true,,77.00,77.0000,true,1,29421
7290005079412,false,חריץ אמנטל נועם,טרה,IL,נעם,קילוגרמים,1.00,"ק""ג",true,,57.00,57.0000,true,1,26855
7290005084355,false,"סנסודיין - משחת שיניים דואל קר זהב 75 מ""ל",גלקסו סמית קליין,GB,סנסודיין,גרמים,75.00,100 גרם,false,,21.90,0.2920,true,1,33681
7290005111761,false,בונזו ארוחת בריאות 3 קג,"ביופט בע""מ",IL,בונזו,קילוגרמים,3.00,"ק""ג",false,,49.90,16.6333,true,1,35475
7290005113222,false,זיתים קוקטייל וגמבה יבנה 350ג',קבוצת יבנה,IL,קבוצת יבנה,גרמים,540.00,100 גרם,false,,9.90,0.0183,true,1,34661
7290005174513,false,חציל במיונז 500 ג' אחלה,מיוצר עי קונדיטוריית,IL,שטראוס,גרמים,500.00,100 גרם,false,,14.90,0.0298,true,1,34756
7290005174568,false,אחלה סלט חצילים יום 125 ג',"שטראוס גרופ בע""מ",IL,שטראוס,גרמים,125.00,100 גרם,false,,4.70,0.0376,true,1,34758
7290005175428,false,"קמח תירס לל""ג ריבארה 500 ג'",ריבארה,AR,וילי פוד,גרמים,500.00,100 גרם,false,,5.90,0.0118,true,1,33739
7290005197758,false,עוגיות חיוכים שוקו שוקו 150ג',אפיפית נצרת תעשיות ב,IL,עלית,גרמים,150.00,100 גרם,false,,4.90,0.0327,true,1,34484
7290005199288,false,גומי מאסט בטעם פטל לימון 28 ג' עלית,"שטראוס גרופ בע""מ",IL,עלית,גרמים,28.00,100 גרם,false,,4.00,0.1429,true,1,34485
7290005199578,false,"קפה פלאטינום עלית נטול 200ג' כש""לפ",שטראוס גרופ,IL,עלית,גרמים,200.00,100 גרם,false,,24.90,0.1245,true,1,34486
7290005199738,false,גומי מאסט בטעם פפרמינט ריח פה נעים פליפטופ 28 ג' עלית,"שטראוס גרופ בע""מ",IL,עלית,גרמים,28.00,100 גרם,false,,4.00,0.1429,true,1,34488
7290005200786,false,תפוצ'יפס שמנת ובצל 50 גרם,"שטראוס פריטו ליי בע""",IL,עלית,גרמים,50.00,100 גרם,false,,3.50,0.0700,true,1,34525
7290005201882,false,קפה טורקי עלית 200 גרם,הנסיך- מפעל לייצור ט,IL,עלית,גרמים,200.00,100 גרם,false,,14.90,0.0745,true,1,34491
7290005270000,false,עלי סיגר מרוקאי 500,"חמים וטעים בע""מ",IL,"חמים וטעים בע""מ",גרמים,500.00,100 גרם,false,,13.90,0.0278,true,1,33883
7290005287206,false,טונה סטארקיסט בשמן רביעיות 4*160 גר,"סטארקיסט פודור בע""מ",IL,סטארקיסט,גרמים,640.00,100 גרם,false,,24.90,0.0389,true,1,35477
7290005287251,false,טונה סטארקיסט במים רביעיות 4*160 גר,"סטארקיסט פודור בע""מ",IL,סטארקיסט,גרמים,640.00,100 גרם,false,,24.90,0.0389,true,1,35478
7290005287657,false,"סטארקיסט ממרח טונה 160 גר - בד""צ","סטארקיסט פודור בע""מ",IL,סטארקיסט,גרמים,160.00,100 גרם,false,,5.90,0.0369,true,1,63339
7290005326387,false,עגבניות מיובשות בשמן זית אוליבייה 270ג',אוליביה,IL,אוליביה,גרמים,270.00,100 גרם,false,,15.90,0.0589,true,1,33170
7290005326523,false,ממרח פסטו פטרוזיליה ונענע אוליביה 180 גר,אוליביה,IL,אוליביה פסטו פטרוזיליה ונ,גרמים,180.00,100 גרם,false,,12.90,0.0717,true,1,33172
7290005358883,false,בשר מס 8 שריר קפוא ח,טאק טורו,,בשר מס 8 חלק קפוא,קילוגרמים,1.00,"ק""ג",true,,29.90,29.9000,true,1,49157
7290005384295,false,גבינה קשה למחצה גאוד,,LT,ג. גאודה חצי קשה 27%,קילוגרמים,1.00,"ק""ג",true,,47.00,47.0000,true,1,10688
7290005384837,false,"מיץ לימונים מלימונים טריים 500 מ""ל",דריבדוס סיטרוס,ES,וילי פוד,מיליליטרים,500.00,"100 מ""ל",false,,6.90,0.0138,true,1,33741
7290005384851,false,וילי פוד מיץ לימון בדץ 200מל,יורופוד,IT,מיץ לימון משומר 200,מיליליטרים,200.00,"100 מ""ל",false,,2.90,0.0145,true,1,33742
7290005384899,false,בסיגנון פטה ים תיכונ,אוזגזי,NL,*מבצע* בסגנון פטה 19,קילוגרמים,1.00,"ק""ג",true,,19.00,19.0000,true,1,10694
7290005387043,false,בשר מס 2 חלק קפוא.,JBS S.A,BR,בלדי,קילוגרמים,1.00,"ק""ג",true,,39.90,39.9000,true,1,65080
7290005418709,false,"נטורל קרם לחות לקיבוע תלתלים גלי 400 מ""ל",מיוצר עי אמיליה קוסמ,IL,נטורל פורמולה,מיליליטרים,400.00,"100 מ""ל",false,,20.90,0.0522,true,1,33514
7290005418716,false,"נטורל - קרם לחות לבניית תלתלים עגולים 400 מ""ל",מיוצר עי אמיליה קוסמ,IL,נטורל פורמולה,מיליליטרים,400.00,"100 מ""ל",false,,20.90,0.0522,true,1,33515
7290005423055,false,סנו פורטה פלוס מתז בניחות לימון 1 ל',"סנו מפעלי ברונוס בע""",IL,*מבצע* סנו פורטה פלו,מיליליטרים,1000.00,"100 מ""ל",false,,16.90,0.0169,true,1,51499
7290005423253,false,"סנו - מקסימה מרסס למייבש כביסה אולטרה פרש 750 מ""ל","סנו מפעלי ברונוס בע""",IL,סנו,מיליליטרים,750.00,"100 מ""ל",false,,16.90,0.0225,true,1,33518
7290005423499,false,"סנו נירוסטה אירוסול 500 מ""ל",מיוצר עי קונדיטוריית,IL,סנו,מיליליטרים,500.00,"100 מ""ל",false,,19.90,0.0398,true,1,33523
7290005423567,false,מטליות לניקוי כללי בגליל 40 יח' סנו סושי,אסותא תעשיות אלבד בע,IL,סנו סושי,יח',40.00,יח',false,,18.90,0.4725,true,1,33526
7290005423635,false,ריצפז נוזל לניקוי רצפות דוחה חרקים 2 ל',מיוצר עי קונדיטוריית,IL,ריצפז,ליטרים,2.00,ליטר,false,,20.90,10.4500,true,1,33527
7290005423734,false,סנו - מקסימה מרכך כביסה אולטרה פרש 4 ליטר,"סנו מפעלי ברונוס בע""",IL,מקסימה,ליטרים,4.00,ליטר,false,,21.90,5.4750,true,1,33528
7290005423871,false,אורביטול שלשות משחת שיניים מנטול מרכז,טרופיקל דגיל קוסמטיק,IL,אורביטול,גרמים,435.00,100 גרם,false,,15.90,0.0366,true,1,33530
7290005423918,false,סנו - מקסימה מרכך כביסה היפואלרגני אלוורה 4 ליטר,"סנו מפעלי ברונוס בע""",IL,מקסימה,ליטרים,4.00,ליטר,false,,21.90,5.4750,true,1,33532
7290005424021,false,"סנופרש הום מנטרל ריחות רעים 350 מ""ל",,IL,ריפרש מנטרל ריחות פר,מיליליטרים,350.00,"100 מ""ל",false,,15.90,0.0454,true,1,67385
7290005424403,false,"אל סבון כיף אצות ים קטיפתי 1ליטר,",טרופיקל דגיל תעשיות,IL,כיף,ליטרים,1.00,ליטר,false,,11.90,11.9000,true,1,33536
7290005424700,false,סנו - פורטה פלוס מרסס מסיר שומנים 1 ליטר,סנו,IL,*מבצע* סנו פורטה פלו,מיליליטרים,1000.00,"100 מ""ל",false,,16.90,0.0169,true,1,35891
7290005424762,false,נוזל רצפות ריצפז ווקס דוחה חרקים 2 ליטר,"סנו מפעלי ברונוס בע""",IL,ריצפז,ליטרים,2.00,ליטר,false,,25.90,12.9500,true,1,33539
7290005425110,false,"סנו מתז לחיטוי משטיחים 750 מ""ל","סנו מפעלי ברונוס בע""",IL,*מבצע* מרסס חיטוי מש,מיליליטרים,750.00,"100 מ""ל",false,,9.90,0.0132,true,1,51504
7290005425127,false,"חיטוי משטחים 99.9% מתז לשומנים ואבנית 750 מ""ל","סנו מפעלי ברונוס בע""",IL,*מבצע* מרסס מנקה שומ,מיליליטרים,750.00,"100 מ""ל",false,,9.90,0.0132,true,1,51505
7290005425202,false,אבקת כביסה ביו מקסימה לכתמים קשים,"סנו מפעלי ברונוס בע""",IL,מקסימה,קילוגרמים,2.50,"ק""ג",false,,22.90,9.1600,true,1,33547
7290005425646,false,סנו קליר ספריי אקדח לניקוי והברקת חלונות 1ל',"סנו מפעלי ברונוס בע""",IL,סנוקליר,ליטרים,1.00,ליטר,false,,10.90,10.9000,true,1,33548
7290005425714,false,"סנו שמפו לשטיחים פלוס 600מ""ל","איי, בי, אינבוו",IL,סנו,מיליליטרים,600.00,"100 מ""ל",false,,25.90,0.0432,true,1,33549
7290005426186,false,סקוטש ענק סנו סושי שלישיה,סנו,IL,סנו סושי,יח',3.00,יח',false,,17.90,5.9667,true,1,33553
7290005426193,false,ספוג הפלא אריזת סנו 6יח',טרופיקל דגיל תעשיות,IL,סנו סושי,יח',6.00,יח',false,,9.90,1.6500,true,1,33554
7290005426384,false,"סנומוד מיס מיליון, 150 מ""ל",סנו,IL,סנומוד,מיליליטרים,150.00,"100 מ""ל",false,,9.90,0.0660,true,1,33557
7290005426568,false,"קרמה - קרם לחות לשיער רגיל 400 מ""ל",טרופיקל דגיל תעשיות,IL,קרמה,מיליליטרים,400.00,"100 מ""ל",false,,16.90,0.0422,true,1,33558
7290005427725,false,מגבונים ליטופים מארז חמישיה,טרופיקל דגיל קוסמטיק,IL,ליטופים,יח',5.00,יח',false,,17.90,3.5800,true,1,33577
7290005427978,false,"קרמה תחליב רחצה לפנים 180 מ""ל",גוד פוד פרודקטס S.p,IL,קרמה,מיליליטרים,180.00,"100 מ""ל",false,,12.90,0.0717,true,1,33581
7290005429279,false,סנו מקסימה קומפקט קומפקט אפקט גאוול 6 ק,סנו,IL,מקסימה,קילוגרמים,6.00,"ק""ג",false,,44.90,7.4833,true,1,33586
7290005429286,false,"אבקת כביסה מקסימה ביו 6 ק""ג סנו",סנו,IL,מקסימה,קילוגרמים,6.00,"ק""ג",false,,44.90,7.4833,true,1,33587
7290005430602,false,סנו אוקסיגן מסיר כתמים קשים מרסס 750 מל,"סנו מפעלי ברונוס בע""",IL,אוקסיג'ן,מיליליטרים,750.00,"100 מ""ל",false,,14.90,0.0199,true,1,33589
7290005430671,false,סנו פוליויקס 2 ליטר +קרמיקה,סנו מפעלי ברונו בעמ,IL,פוליויקס,ליטרים,2.00,ליטר,false,,19.90,9.9500,true,1,33590
7290005431159,false,תותים בקצפת לייט 80 ג' עדן,עדן קינוחים,IL,תנובה,גרמים,80.00,100 גרם,false,,5.90,0.0738,true,1,63242
7290005431883,false,עדן מלבי חלבי 165 גר,עדן קינוחים Eden,IL,תנובה,גרמים,165.00,100 גרם,false,,5.90,0.0358,true,1,54849
7290005431906,false,עדן קדאיף 82 גרם,עדן קינוחים Eden,IL,תנובה,גרמים,82.00,100 גרם,false,,5.90,0.0720,true,1,54863
7290005431913,false,עוגת גבינה פירורים 92 גרם.,עדן קינוחים Eden,IL,תנובה,גרמים,92.00,100 גרם,false,,5.90,0.0641,true,1,54864
7290005431920,false,עוגת גבינה פירורים ללא תוספת סוכר,עדן קינוחים Eden,IL,תנובה,גרמים,78.00,100 גרם,false,,5.90,0.0756,true,1,54851
7290005431968,false,מלבי שמנת עדן קינוחי,עדן קינוחים Eden,IL,תנובה,גרמים,150.00,100 גרם,false,,6.90,0.0460,true,1,58824
7290005477669,false,דרמפון-ס.נוזלי מועשר בלחות 1 ליטר,"אמיליה קוסמטיקס בע""מ",IL,דרמפון,ליטרים,1.00,ליטר,false,,17.90,17.9000,true,1,33592
7290005500688,false,"מסיכה לשיער פנינה רוזנבלום 1 ק""ג",א.ארמן,IL,פנינה רוזנבלום בע'מ,קילוגרמים,1.00,"ק""ג",false,,26.90,26.9000,true,1,34599
7290005500978,false,פנינה מסיר לק ריחני,,,פנינה,מיליליטרים,200.00,"100 מ""ל",false,,9.90,0.0495,true,1,58805
7290005559709,false,בורקס פיצה מעדנות 700 ג',"מעדנות בע""מ",IL,מעדנות,גרמים,700.00,100 גרם,false,,25.90,0.0370,true,1,35572
7290005559907,false,פיצה משפחתית גבינה מעדנות 500 גר,מיוצר עי קונדיטוריית,IL,מעדנות,גרמים,500.00,100 גרם,false,,15.80,0.0316,true,1,35574
7290005559914,false,פיצה משפחתית זיתים מעדנות 550 גר,מיוצר עי קונדיטוריית,IL,מעדנות,גרמים,550.00,100 גרם,false,,15.80,0.0287,true,1,35575
7290005559990,false,בצק פילאס תורכי מעדנות 600 גרם,מיוצר עי קונדיטוריית,IL,מעדנות,גרמים,600.00,100 גרם,false,,19.90,0.0332,true,1,35577
7290005591761,false,דבש טהור מפרחי בר בלחיץ 400 ג' יד מרדכי,מכוורת יד מרדכי שטרא,IL,יד מרדכי,גרמים,400.00,100 גרם,false,,19.90,0.0497,true,1,34492
7290005680052,false,או-בה טמפון קלאסי סופר פלוס 32יח',גונסון אנד גונסון,GR,אובה,יח',32.00,יח',false,,24.90,0.7781,true,1,35361
7290005719189,false,לחם מחמצת שיפון אגוז,,,לחם כוסמין,יח',1.00,יח',false,,16.90,16.9000,true,1,58186
7290005719318,false,לחמניות המבורגר מארז,,,לחמניות המבורגר 4 יח,יח',4.00,יח',false,,12.00,3.0000,true,1,53668
7290005838002,false,מעדן גבינה ויוגורט בטעם וניל 88 ג' דניאלה,"שטראוס בריאות בע""מ",IL,שטראוס,מיליליטרים,150.00,"100 מ""ל",false,,3.90,0.0260,true,1,34760
7290005838613,false,שטראוס גבינת וניל 3% 125ג,"שטראוס בריאות בע""מ",IL,שטראוס,גרמים,125.00,100 גרם,false,,3.70,0.0296,true,1,34761
7290005838972,false,גבינת יום יום 5% שטראוס 125ג',מיוצר עי קונדיטוריית,IL,שטראוס,גרמים,125.00,100 גרם,false,,3.10,0.0248,true,1,34762
7290005839078,false,"דנונה יוגורט ביו 3% לבן מארז 150X8מ""ל",מיוצר עי קונדיטוריית,IL,שטראוס,קילוגרמים,1.20,"ק""ג",false,,15.90,13.2500,true,1,34763
7290005839108,false,גבינה לבנה סימפוניה עם תוספות 200 ג'+זיתים 5%,"שטראוס בריאות בע""מ",IL,שטראוס,גרמים,200.00,100 גרם,false,,9.90,0.0495,true,1,34764
7290005839313,false,"מילקי טופ שוקולד מגולגל 170 מ""ל",מיוצר עי קונדיטוריית,IL,שטראוס,גרמים,134.00,100 גרם,false,,4.50,0.0336,true,1,34765
7290005896439,false,"בירה מכבי בקבוק חוזר 500 מ""ל","טמפו משקאות בע""מ",IL,מכבי,מיליליטרים,500.00,"100 מ""ל",false,,6.90,0.0138,true,1,33940
7290005896453,false,"בירה מכבי 7.9% בקבוק חוזר 500מ""ל",טמפו משקאות בע''מ,IL,מכבי,מיליליטרים,500.00,"100 מ""ל",false,,6.90,0.0138,true,1,33941
7290005896460,false,"בירה איגל לאגר חזקה 7.8% 500 מ""ל פחית",טמפו,IL,טמפו,מיליליטרים,500.00,"100 מ""ל",false,,6.50,0.0130,true,1,29609
7290005896972,false,שישיית פפסי מקס דל קלוריות 1.5 ליטר,טמפו 7.5%,IL,פפסי מקס,ליטרים,9.00,ליטר,false,,27.90,3.1000,true,1,33944
7290005938238,false,ממרח צ'ימצ'ורי פרסקו 220ג' מצונן,"פרסקו חצבה 2006 בע""מ",IL,פרסקו חצבה,גרמים,220.00,100 גרם,false,,17.90,0.0814,true,1,34365
7290005938245,false,ממרח פסטו קלאסי פרסקו 220ג' מצונן,מיוצר עי פרסקו חצבה,IL,פרסקו חצבה,גרמים,220.00,100 גרם,false,,17.90,0.0814,true,1,34366
7290005938603,false,פרסקו טפנד זיתים שחו,פרסקו חצבה,IL,פרסקו,גרמים,220.00,100 גרם,false,,17.90,0.0814,true,1,63566
7290005938627,false,ממרח עגבניות מיובשות 220ג',פרסקו חצבה 2006 בעמ,IL,פרסקו,גרמים,220.00,100 גרם,false,,17.90,0.0814,true,1,63567
7290005992018,false,יוגורט עיזים 3% שומן 500 ג' גד,"מיוצר ע""י קוד יצרן M",IL,מחלבות גד,גרמים,500.00,100 גרם,false,,13.10,0.0262,true,1,34249
7290005992247,false,"גבינה חלומי גד ק""ג.",מחלבות גד,IL,מחלבות גד,קילוגרמים,1.00,"ק""ג",true,,99.00,99.0000,true,1,13171
7290005992575,false,בולגרית למריחה 5% 250 גרם - רבנות,מחלבות גד בעמ,IL,מחלבות גד,גרמים,250.00,100 גרם,false,,17.00,0.0680,true,1,34251
7290005992667,false,"גבינה בולגרית 5% ק""ג",יושלם,IL,מחלבות גד,קילוגרמים,1.00,"ק""ג",true,,59.00,59.0000,true,1,13174
7290005992735,false,לאבנה טבעית 5% 250 גר' - רבנות,הנסיך- מפעל לייצור ט,IL,מחלבות גד,גרמים,250.00,100 גרם,false,,12.90,0.0516,true,1,34252
7290005992858,false,גבינה פטה עיזים 5% ש,יושלם,IL,מחלבות גד,קילוגרמים,1.00,"ק""ג",true,,110.00,110.0000,true,1,13177
7290005992872,false,גבינה צפתית 5% מעודנ,מחלבות גד,IL,מחלבות גד,קילוגרמים,1.00,"ק""ג",true,,64.00,64.0000,true,1,46901
7290005992889,false,גד גבינת שמנת שמיר 3,מחלבות גד,IL,מחלבות גד,קילוגרמים,1.00,"ק""ג",true,,40.00,40.0000,true,1,13179
7290005992902,false,גבינת שמנת 30% ירקות,מחלבות גד,IL,מחלבות גד,קילוגרמים,1.00,"ק""ג",true,,40.00,40.0000,true,1,13181
7290005996153,false,נקניקיות צרפתיות פרימיום 280 גרם,מעדני יחיעם,IL,מעדני יחיעם,גרמים,280.00,100 גרם,false,,19.90,0.0711,true,1,55754
7290005996160,false,נקניקיות צוריסו פרימיום 280 גרם,מעדני יחיעם,IL,מעדני יחיעם,גרמים,280.00,100 גרם,false,,19.90,0.0711,true,1,55755
7290005996221,false,פסטרמה של פעם דק דק 120 גרם,מעדני יחיעם,IL,יחיעם,גרמים,120.00,גרם,false,,12.90,0.1075,true,1,58253
7290005996238,false,פסטרמה בדבש דק דק 120 גרם,מעדני יחיעם,IL,יחיעם,גרמים,120.00,גרם,false,,12.90,0.1075,true,1,58254
7290005996276,false,פסטרמה ברביקיו דק דק 120 גרם,מעדני יחיעם,IL,יחיעם,גרמים,120.00,גרם,false,,12.90,0.1075,true,1,58255
7290006185501,false,"פנינה רוזנבלום -אל סבון נוזלי ורוד,1 ליטר",סאסא קוסמטיקס,IL,פנינה רוזנבלום בע'מ,ליטרים,1.00,ליטר,false,,8.90,8.9000,true,1,34600
7290006199027,false,מאגדת גלידל וניל מצופה סורבה תות שדה [8],הגלידות של פלדמן,IL,הגלידות של פלדמן,יח',8.00,יח',false,,29.90,3.7375,true,1,34020
7290006199218,false,מאגדת גלידל אייס מוקה 8 יח דיאט,הגלידות של פלדמן,IL,הגלידות של פלדמן,יח',8.00,יח',false,,29.90,3.7375,true,1,34021
7290006214003,false,חלבה ממולאת א.חלב נכ,אל מנאר,JO,חלבה ממולאת א.חלב נכ,קילוגרמים,1.00,"ק""ג",true,,59.00,59.0000,true,1,52773
7290006229588,false,בירה איגל לאגר פרימיום חזקה 6.3% 500 מל,"טמפו משקאות בע""מ",IL,טמפו,מיליליטרים,500.00,"100 מ""ל",false,,5.90,0.0118,true,1,29610
7290006235053,false,"ד""ר פישר - סרקל קרם רוזמרין מתיר קשרים 325 מ""ל * 2",,,זוג סרקל קרם רוזמרין,מיליליטרים,650.00,"100 מ""ל",false,,34.90,0.0537,true,1,58869
7290006241511,false,"פריגת קפוא לימון נענע 280 מ""ל",היינץ צפון אמריקה מק,IL,פריז_א,גרמים,340.00,100 גרם,false,,9.90,0.0291,true,1,34696
7290006241535,false,תרכיז מנגו קפוא פריג,היינץ צפון אמריקה מק,IL,פריז_א,גרמים,350.00,100 גרם,false,,9.90,0.0283,true,1,34697
7290006243713,false,בורקס גבינה שחף 800,,,בורקס גבינה,גרמים,800.00,100 גרם,false,,11.90,0.0149,true,1,37130
7290006251107,false,תה ויסוצקי צ'אי מסאלה 25 יח',מולינו ניקולי s.p.a,IL,ויסוצקי,גרמים,50.00,100 גרם,false,,18.90,0.3780,true,1,34873
7290006251275,false,תה ירוק סיני 25 שקיקים של 1.5 ג,HIQ FOOD PRODUCTS,IL,ויסוצקי,גרמים,937.50,100 גרם,false,,22.90,0.0244,true,1,34874
7290006251343,false,תה חליטה הגן הקסום פסיפלורה מנגו 25 שקיקים,HIQ FOOD PRODUCTS,IL,ויסוצקי,גרמים,38.00,100 גרם,false,,16.90,0.4447,true,1,34876
7290006251374,false,תה ירוק לימונית וגינגר 25 שקיקים ויסוצקי,ויסוצקי,IL,ויסוצקי,גרמים,937.50,100 גרם,false,,22.90,0.0244,true,1,34877
7290006251589,false,תה ירוק עם עלי נענע 50 שקיקים ויסוצקי,בית ויסוצקי,IL,ויסוצקי,גרמים,50.00,100 גרם,false,,39.90,0.7980,true,1,34878
7290006256089,false,גאטו נגרו קברנה סובי,יושלם,AR,גאטו נגרו קברנה סובי,מיליליטרים,750.00,"100 מ""ל",false,,39.90,0.0532,true,1,63496
7290006256102,false,יין גאטו נגרו מרלו 7,יושלם,AR,גאטו נגרו מרלו,מיליליטרים,750.00,"100 מ""ל",false,,39.90,0.0532,true,1,63497
7290006265500,false,פטריות שמפיניון ארוז מרינה,"מרינה פטריות הגליל בע""מ",IL,פטריות שמפניון,יח',1.00,יח',false,,8.90,8.9000,true,1,6820
7290006265548,false,נבטים סינים מרינה ארוז 360ג',"מרינה פטריות הגליל בע""מ",IL,נבטים סיניים,יח',1.00,יח',false,,5.90,5.9000,true,1,6821
7290006265890,false,נבטי גרעיני חמניה יח,"מרינה פטריות הגליל בע""מ",IL,נבטי חמניה,יח',1.00,יח',false,,8.90,8.9000,true,1,6822
7290006271181,false,מעדנות גחנון אפוי 750 גרם,מיוצר עי קונדיטוריית,IL,מעדנות,גרמים,750.00,100 גרם,false,,21.90,0.0292,true,1,35579
7290006271648,false,"מיני בורקס תפו""א מוזל מעדנות","מעדנות בע""מ",IL,מעדנות,גרמים,800.00,100 גרם,false,,22.90,0.0286,true,1,35581
7290006271655,false,מיני בורקס גבינה מוזל מעדנות,מיוצר עי קונדיטוריית,IL,מעדנות,גרמים,800.00,100 גרם,false,,24.90,0.0311,true,1,35582
7290006272072,false,חטיפי פיצה בשקית מעדנות 650ג',"מעדנות בע""מ",IL,מעדנות,גרמים,650.00,100 גרם,false,,29.90,0.0460,true,1,35584
7290006272430,false,בצק עלים חמאה מעדנות 600 ג',מיוצר עי קונדיטוריית,IL,מעדנות,גרמים,600.00,100 גרם,false,,27.90,0.0465,true,1,35585
7290006306296,false,רביולי נונה במילוי גבינה לילדים 400 גרם,פסטנונה רמת דלטון מר,IL,פסטה נונה,גרמים,400.00,100 גרם,false,,25.90,0.0647,true,1,34255
7290006306319,false,רביולי במילוי בטטה 400 ג' פסטה נונה,דורום תעשיות מזון ופ,IL,פסטה נונה,גרמים,400.00,100 גרם,false,,25.90,0.0647,true,1,34257
7290006306326,false,רביולי במילוי פטריות וגבינת פרמזן פסטה נונה 400 ג',דורום תעשיות מזון ופ,IL,פסטה נונה,גרמים,400.00,100 גרם,false,,25.90,0.0647,true,1,34258
7290006306357,false,רביולי במילוי גבינת עיזים 400 ג' פסטה נונה,דורום תעשיות מזון ופ,IL,פסטה נונה,גרמים,400.00,100 גרם,false,,25.90,0.0647,true,1,34261
7290006342645,false,טורטיה גדולה 840 גר' 12 יח,אלקטי קוראבייכיסיגיד,TR,טורטיה גדולה 840 גרם,גרמים,840.00,100 גרם,false,,14.90,0.0177,true,1,32701
7290006346414,false,אבוקדו **גביע 250 ג,קלאס פוד,IL,סלט אבוקדו,קילוגרמים,1.00,"ק""ג",true,,75.00,75.0000,true,1,55107
7290006346520,false,חמוצים טורשי,סלטי מונטה קרלו,IL,חמוצים טורשי,קילוגרמים,1.00,"ק""ג",true,,55.00,55.0000,true,1,55105
7290006374738,false,קונפיטורת יד מרדכי תות 340 גרם,אף.סי תבליני בגליל ב,IL,יד מרדכי,גרמים,340.00,100 גרם,false,,9.80,0.0288,true,1,34496
7290006449849,false,"תמר מג'הול 1 ק""ג",,,"תמר מג'הול 1 ק""ג",קילוגרמים,1.00,"ק""ג",false,,16.90,16.9000,true,1,51848
7290006449955,false,מלפפון בייבי מארז,"מרינה פטריות הגליל בע""מ",IL,מלפפון בייבי יח',יח',1.00,יח',false,,8.90,8.9000,true,1,54005
7290006492432,false,גבינת מוצרלה בייבי 18% 300 ג' גד,מחלבות גד בעמ,IL,מחלבות גד,גרמים,150.00,100 גרם,false,,13.90,0.0927,true,1,34262
7290006492630,false,גליל גד עז 22% 180 גרם - רבנות,מחלבות גד בעמ,IL,מחלבות גד,גרמים,180.00,100 גרם,false,,23.90,0.1328,true,1,34264
7290006492647,false,גד מטבעות גבינת עיזים 22% 150 ג',"מיוצר ע""י קוד יצרן t",IL,מחלבות גד,גרמים,150.00,100 גרם,false,,24.20,0.1613,true,1,34265
7290006492685,false,לאבנה עיזים 5% 250 גרם - רובין,מחלבות גד בעמ,IL,מחלבות גד,גרמים,250.00,100 גרם,false,,18.00,0.0720,true,1,34266
7290006492852,false,גבינת עיזים למריחה 5% שומן 250 ג' גד,מחלבות גד,IL,מחלבות גד,גרמים,250.00,100 גרם,false,,14.90,0.0596,true,1,34267
7290006492913,false,ציזיקי לבנה למריחה בתוספת שום שמיר,מחלבות גד בעמ,IL,מחלבות גד,גרמים,250.00,100 גרם,false,,13.90,0.0556,true,1,34268
7290006494917,false,טוסו וופל קלאסי במילוי שוקולד 200 גרם,"איטיליאן פוד, אס.פי.",IL,טוסו,גרמים,180.00,100 גרם,false,,7.90,0.0439,true,1,33308
7290006494924,false,טוסו וופל קלאסי במילוי קרם לימון 200 גרם,"גילרו בע""מ",IL,וופל טוסו,גרמים,200.00,100 גרם,false,,9.90,0.0495,true,1,33309
7290006511157,false,"פטריות שלמות ויליפוד 400 גרם בד""ץ",אוקצ'מפס אס.איי אויי,PL,וילי פוד,גרמים,400.00,100 גרם,false,,7.90,0.0198,true,1,33745
7290006511683,false,פולי סויה מאנצ`ו קפוא 454 ג' וילפוד,קו.אל.טי.די.קיאוניונ,CN,וילי פוד,גרמים,454.00,100 גרם,false,,8.90,0.0196,true,1,33746
7290006511751,false,פטריות שמפניון חתוך ויליפוד 290X3 ג' בד”צ,לוטס,NL,וילי פוד,גרמים,290.00,100 גרם,false,,11.90,0.0410,true,1,33747
7290006546012,false,שעועית בנוסח מקסיקני בטעם חריף 580 ג' פרי הגליל,"פרי הגליל בע""""מ",IL,פרי הגליל,גרמים,580.00,100 גרם,false,,6.90,0.0119,true,1,34579
7290006546388,false,תחתיות ארטישוק פרי הגליל 400 ג',"פרי הגליל בע""""מ",IL,פרי הגליל,גרמים,400.00,100 גרם,false,,9.90,0.0248,true,1,34582
7290006546395,false,לקט העונה קפוא פרי הגליל 800ג',"פרי הגליל בע""""מ",IL,פרי הגליל,גרמים,800.00,100 גרם,false,,8.90,0.0111,true,1,34583
7290006554017,false,עוגיות מרוקאיות 500,"ארקד מוצרי אפיה בע""מ",IL,ארקד,גרמים,500.00,100 גרם,false,,17.90,0.0358,true,1,37532
7290006554024,false,עוגיות ביתיות תמרים,"ארקד מוצרי אפיה בע""מ",IL,ארקד,גרמים,500.00,100 גרם,false,,17.90,0.0358,true,1,37533
7290006554031,false,עוגיות ביתיות אגוזים,"ארקד מוצרי אפיה בע""מ",IL,ארקד,גרמים,500.00,100 גרם,false,,17.90,0.0358,true,1,37534
7290006554048,false,עוגיות חיתוכיות בטעם,"ארקד מוצרי אפיה בע""מ",IL,ארקד,גרמים,250.00,100 גרם,false,,17.90,0.0716,true,1,37535
7290006554055,false,עוגיות בטעם טחינה 30,"ארקד מוצרי אפיה בע""מ",IL,ארקד,גרמים,300.00,100 גרם,false,,17.90,0.0597,true,1,37536
7290006554062,false,עוגיות גרנולה 250 גר,"ארקד מוצרי אפיה בע""מ",IL,ארקד,גרמים,250.00,100 גרם,false,,17.90,0.0716,true,1,37537
7290006554079,false,עוגיות גרנולה ללא תו,"ארקד מוצרי אפיה בע""מ",IL,ארקד,גרמים,250.00,100 גרם,false,,17.90,0.0716,true,1,37538
7290006554093,false,עוגיות סהרונים 300 ג,"ארקד מוצרי אפיה בע""מ",IL,ארקד,גרמים,300.00,100 גרם,false,,17.90,0.0597,true,1,37539
7290006554123,false,עוגיות פריכות עם שקד,"ארקד מוצרי אפיה בע""מ",IL,ארקד,גרמים,250.00,100 גרם,false,,17.90,0.0716,true,1,37541
7290006554161,false,עוגיות משקפיים עם קי,"ארקד מוצרי אפיה בע""מ",IL,ארקד,גרמים,250.00,100 גרם,false,,17.90,0.0716,true,1,37544
7290006554260,false,עוגיות שושנים 250 גר,"ארקד מוצרי אפיה בע""מ",IL,ארקד,גרמים,250.00,100 גרם,false,,17.90,0.0716,true,1,37547
7290006554307,false,עוגיות מרוקאיות ללא,"ארקד מוצרי אפיה בע""מ",IL,ארקד,גרמים,350.00,100 גרם,false,,17.90,0.0511,true,1,37548
7290006554345,false,עוגיות תמרים ללא סוכ,"ארקד מוצרי אפיה בע""מ",IL,ארקד,גרמים,250.00,100 גרם,false,,17.90,0.0716,true,1,37551
7290006554413,false,עוגיות מרוקאיות ללא,"ארקד מוצרי אפיה בע""מ",IL,ארקד,גרמים,500.00,100 גרם,false,,17.90,0.0358,true,1,37552
7290006554703,false,עוגיות כעכים מלוחים,יצרן 794,IL,ארקד,גרמים,400.00,100 גרם,false,,17.90,0.0447,true,1,37553
7290006567048,false,קוסקוס ישראלי מפתול אסם 350ג',"מיוצר ע""י קוד יצרן K",IL,אסם,גרמים,350.00,100 גרם,false,,7.50,0.0214,true,1,33028
7290006578853,false,הנרי וויליך גבינת טרמנדס כמהין במשקל,kaasmakerij henri wi,NL,גבינת טרמנדס כמהין,קילוגרמים,1.00,"ק""ג",true,,205.00,205.0000,true,1,61385
7290006582355,false,סילאן שקדיה 900 גרם,טעמי הגליל,IL,שקדיה,גרמים,900.00,100 גרם,false,,9.90,0.0110,true,1,32702
7290006582669,false,שקדיה גרנולה אגוזים 800 ג',"דין שיווק וקלייה בע""",IL,שקדיה,גרמים,800.00,100 גרם,false,,14.90,0.0186,true,1,24174
7290006618085,false,"אסטוניש - מרסס לחדר האמבט עם אקונומיקה 750 מ""ל",אסטוניש Astonish,GB,אסטוניש,מיליליטרים,750.00,"100 מ""ל",false,,11.90,0.0159,true,1,34092
7290006644480,false,"תפוזינה תפוזים 500 מ""ל","יפאורה תבורי בע""מ",IL,תפוזינה,מיליליטרים,500.00,"100 מ""ל",false,,5.00,0.0100,true,1,34067
7290006644510,false,"מיץ ענבים 500 מ""ל תפוזינה","יפאורה תבורי בע""מ",IL,תפוזינה,מיליליטרים,500.00,"100 מ""ל",false,,5.00,0.0100,true,1,34068
7290006644527,false,"תפוזינה תות בננה 500 מ""ל","יפאורה תבורי בע""מ",IL,תפוזינה,מיליליטרים,500.00,"100 מ""ל",false,,5.00,0.0100,true,1,36839
7290006652027,false,מארז במבה יום הולדת 15X20 גרם,מיוצר עי קונדיטוריית,IL,במבה,גרמים,300.00,100 גרם,false,,23.90,0.0797,true,1,33030
7290006653819,false,פתיתי קוסקוס דק 350 גרם,"מיוצר ע""י קוד יצרן K",IL,אסם,גרמים,350.00,100 גרם,false,,7.50,0.0214,true,1,33033
7290006664037,false,גמדים דגנים ארוחת בוקר מארז 100X4ג',"שטראוס בריאות בע""מ",IL,שטראוס,גרמים,400.00,100 גרם,false,,10.90,0.0273,true,1,34766
7290006664051,false,"אקטימל לבן מארז 100X14 מ""ל",מיוצר עי קונדיטוריית,IL,שטראוס,ליטרים,1.40,ליטר,false,,29.90,21.3571,true,1,34767
7290006664310,false,גבינה לבנה 3% שומן 250 ג' שטראוס,מיוצר עי קונדיטוריית,IL,שטראוס,גרמים,250.00,100 גרם,false,,4.70,0.0188,true,1,34768
7290006664402,false,גבינה 5% שומן 750 ג' שטראוס,מיוצר עי קונדיטוריית,IL,שטראוס,גרמים,750.00,100 גרם,false,,13.90,0.0185,true,1,34769
7290006664532,false,יוגורט עם תות 3% שומן 150 ג' דנונה,מיוצר עי קונדיטוריית,IL,שטראוס,גרמים,150.00,100 גרם,false,,3.50,0.0233,true,1,34770
7290006664693,false,יוגורט עם אפרסק 3% שומן 150 ג' דנונה,מיוצר עי קונדיטוריית,IL,שטראוס,גרמים,150.00,100 גרם,false,,3.50,0.0233,true,1,34773
7290006664990,false,דנונה ביו מארז חיסכון 1.5% 8 יח' *150 ג',מיוצר עי קונדיטוריית,IL,שטראוס,קילוגרמים,1.20,"ק""ג",false,,15.90,13.2500,true,1,34775
7290006666307,false,סלט חומוס אמיתי,משני,,סלט חומוס 300 גרם,גרמים,300.00,100 גרם,false,,11.90,0.0397,true,1,35380
7290006666314,false,סלט טחינה משומשום טהור,משני,,סלט טחינה 300 גרם,גרמים,300.00,100 גרם,false,,11.90,0.0397,true,1,35381
7290006666338,false,סלט טחינה ירוקה עם פטרוזיליה,משני,,טחינה ירוקה 300 גרם,גרמים,300.00,100 גרם,false,,12.90,0.0430,true,1,35382
7290006666345,false,סלט חצילים במיונז על האש,משני,,חציל במיונז 300 גרם,גרמים,300.00,100 גרם,false,,17.90,0.0597,true,1,35383
7290006666352,false,סלט חצילים על האש בטחינה,משני,,חציל בטחינה 300 גרם,גרמים,300.00,100 גרם,false,,17.90,0.0597,true,1,37559
7290006666413,false,סלט כרוב אדום במיונז,משני,,כרוב שוודי 300 גרם,גרמים,300.00,100 גרם,false,,13.90,0.0463,true,1,35384
7290006666437,false,סלט טורקי סלטי משני,משני,,סלט טורקי 300 גרם,גרמים,300.00,100 גרם,false,,14.90,0.0497,true,1,35386
7290006666444,false,סלט עגבניות מטבוחה חריף,משני,,סלט מטבוחה 300 גרם,גרמים,300.00,100 גרם,false,,17.90,0.0597,true,1,35387
7290006666451,false,סלט עגבניות סלסה חריף,משני,,סלט סלסה 300 גרם,גרמים,300.00,100 גרם,false,,17.90,0.0597,true,1,35388
7290006666468,false,סלט גזר חריף במיץ לימון,משני,,גזר בלימון 300 גרם,גרמים,300.00,100 גרם,false,,17.90,0.0597,true,1,35389
7290006666529,false,סלט פלפלים מרוקאי חריף,משני,,פלפל מרוקאי,גרמים,300.00,100 גרם,false,,18.90,0.0630,true,1,35390
7290006666543,false,סלק סלטי משני,משני,,סלט סלק 300 גרם,גרמים,300.00,100 גרם,false,,14.90,0.0497,true,1,35391
7290006666567,false,חציל בנוסח מרוקאי 300 גר,,,חציל בנוסח מרוקאי,גרמים,300.00,100 גרם,false,,19.90,0.0663,true,1,37561
7290006681553,false,מארז קרמבו וניל שטראוס 8 יח',"גלידת שטראוס בע""מ",IL,שטראוס,יח',8.00,יח',false,,13.90,1.7375,true,1,36547
7290006681560,false,מארז קרמבו מוקה שטראוס 8 יח',"גלידת שטראוס בע""מ",IL,שטראוס,יח',8.00,יח',false,,13.90,1.7375,true,1,36548
7290006696717,false,יקבי אפרת תירוש מוסקט לבן 1 ליטר,יקב טפרברג 1870 בעמ,IL,תירוש אפרת לבן 1 ליטר,ליטרים,1.00,ליטר,false,,12.90,12.9000,true,1,34095
7290006704511,false,"תפו""א גמדי אדום למיקרו מרינה 750ג'","מרינה פטריות הגליל בע""מ",IL,"תפו""א למיקרו",יח',1.00,יח',false,,6.90,6.9000,true,1,54006
7290006704542,false,תרד לא שטוף יח ( ניוזילנדי ),"מרינה פטריות הגליל בע""מ",IL,תרד שטוף,יח',1.00,יח',false,,8.90,8.9000,true,1,6839
7290006704573,false,בצל ירוק א שער מגש,"מרינה פטריות הגליל בע""מ",IL,בצל ירוק יח',יח,1.00,יח,false,,5.90,5.9000,true,1,54022
7290006704740,false,שורש פטרוזיליה יח',"מרינה פטריות הגליל בע""מ",IL,שורש פטרוזיליה יח',יח,1.00,יח,false,,5.90,5.9000,true,1,54023
7290006704757,false,סלרי ראש יח',"מרינה פטריות הגליל בע""מ",IL,סלרי ראש יח',יח,1.00,יח,false,,5.90,5.9000,true,1,54024
7290006704801,false,מנגולד טרי עלים ארוז,"מרינה פטריות הגליל בע""מ",IL,סלק עלים יח',יח,1.00,יח,false,,5.90,5.9000,true,1,54025
7290006707079,false,כרעיים פטם קפוא ארוז עוף טוב,,,כרעיים עוף קפוא,קילוגרמים,1.00,"ק""ג",true,,27.90,27.9000,true,1,65640
7290006707512,false,חזה עוף פרוס ארוז קפוא עוף טוב,"נטו מלינדה סחר בע""מ",IL,שניצל קפוא ארוז,קילוגרמים,1.00,"ק""ג",true,,34.90,34.9000,true,1,69948
7290006712981,false,"קולגייט משחת שיניים סמיילס לגילאי 6 50 מ""ל",הנסיך- מפעל לייצור ט,PL,קולגייט,מיליליטרים,50.00,"100 מ""ל",false,,11.90,0.2380,true,1,35363
7290006714824,false,עצמות עגל קפוא במגש.,מעדני הטלה,IL,מעדני הטלה,קילוגרמים,1.00,"ק""ג",true,,16.90,16.9000,true,1,45754
7290006738615,false,קבב פרימיום זהב 100% בשר זוגלובק 400 ג',זוגלובק,IL,זוגלובק,גרמים,400.00,100 גרם,false,,19.90,0.0497,true,1,35686
7290006739346,false,נקניקיות פרגיות טרי 400 גרם זוגלובק,זוגלובק,IL,זוגלובק,גרמים,400.00,100 גרם,false,,13.90,0.0348,true,1,35691
7290006739407,false,שניצל תירס לייט 630 ג' זוגלובק,זוגלובק,IL,זוגלובק,גרמים,630.00,100 גרם,false,,21.90,0.0348,true,1,35692
7290006739414,false,סלמי קוניאק 300 ג' זוגלובק,זוגלובק,IL,זוגלובק,גרמים,300.00,100 גרם,false,,25.90,0.0863,true,1,35693
7290006739421,false,סלמי מעושן איטלקי 300 ג' זוגלובק,זוגלובק,IL,זוגלובק,גרמים,300.00,100 גרם,false,,25.90,0.0863,true,1,35694
7290006739445,false,שניצל תירס קלאסי 750 ג' זוגלובק,זוגלובק,IL,זוגלובק,גרמים,750.00,100 גרם,false,,21.90,0.0292,true,1,35695
7290006742278,false,פסטרמה הודו צלויה על לבנים 330 ג' זוגלובק,זוגלובק,IL,זוגלובק,גרמים,330.00,100 גרם,false,,25.90,0.0785,true,1,35704
7290006742292,false,פסטרמה הודו בדבש 330 ג' זוגלובק,זוגלובק,IL,זוגלובק,גרמים,330.00,100 גרם,false,,25.90,0.0785,true,1,35705
7290006764065,false,"בירה נשר מאלט בקבוק חוזר 500 מ""ל","טמפו משקאות בע""ם.",IL,נ.מאלט,מיליליטרים,500.00,"100 מ""ל",false,,4.90,0.0098,true,1,33951
7290006764072,false,"גולדסטאר בירה בק חוזר 500 מ""ל","טמפו משקאות בע""מ",IL,גולדסטאר,מיליליטרים,500.00,"100 מ""ל",false,,6.90,0.0138,true,1,33952
7290006764096,false,"בירה איגל 500 מ""ל 3.8% בקבוק חוזר","טמפו משקאות בע""מ",IL,איגל,מיליליטרים,500.00,"100 מ""ל",false,,4.90,0.0098,true,1,29654
7290006764157,false,"בירה גולדסטאר לא מסונן חוזר 500 מ""ל",טמפו משקאות בע''מ,IL,גולדסטאר לא מסונן בק,מיליליטרים,500.00,"100 מ""ל",false,,7.90,0.0158,true,1,55052
7290006764485,false,"בירה נשר מאלט שחורה מארז 330X6מ""ל",טמפו 7.5%,IL,נ.מאלט,ליטרים,1.98,ליטר,false,,26.90,13.5859,true,1,33955
7290006764737,false,"בירה נשר מאלט דיאט 500 מ""ל חוזר","טמפו משקאות בע""ם.",IL,נ.מאלט,מיליליטרים,500.00,"100 מ""ל",false,,4.90,0.0098,true,1,33957
7290006765000,false,טורטיות חיטה מלאה 8יח 540 ג',אלקטי קוראבייכיסיגיד,TR,טורטיה מקמח מלא 540ג,גרמים,540.00,100 גרם,false,,9.90,0.0183,true,1,32703
7290006765871,false,שקד טבעי במשקל,"דין שיווק וקלייה בע""",US,תפזורת - ללא מותג,קילוגרמים,1.00,"ק""ג",true,,69.00,69.0000,true,1,24176
7290006775016,false,עוגה מבית טוב 450 גרם תפוז,אחדות ביחר לטחינה חל,IL,אחוה,גרמים,450.00,100 גרם,false,,9.90,0.0220,true,1,36292
7290006775023,false,"עוגה מבית טוב"" 450 גרם אנגלית",אחדות ביחר לטחינה חל,IL,אחוה,גרמים,450.00,100 גרם,false,,9.90,0.0220,true,1,32757
7290006775030,false,"עוגה מבית טוב"" 450 גרם שוקו-ציפס",אחדות ביחר לטחינה חל,IL,אחוה,גרמים,450.00,100 גרם,false,,9.90,0.0220,true,1,36293
7290006775047,false,"עוגה מבית טוב"" 450 גרם שוקולד",אחדות ביחר לטחינה חל,IL,אחוה,גרמים,450.00,100 גרם,false,,9.90,0.0220,true,1,36294
7290006775054,false,עוגת שיש אחווה 450 ג' אחוה,אחדות ביחר לטחינה חל,IL,אחוה,גרמים,450.00,100 גרם,false,,9.90,0.0220,true,1,32758
7290006775085,false,עוגת שמרים במילוי שוקולד 400גר,אחדות ביחר לטחינה חל,IL,אחוה,גרמים,400.00,100 גרם,false,,9.90,0.0248,true,1,36296
7290006775344,false,עוגת שמרים קינמון ואגוזי מלך 400 גרם,אחדות ביחר לטחינה חל,IL,אחוה,גרמים,400.00,100 גרם,false,,9.90,0.0248,true,1,36300
7290006784001,false,מסכה לפנים עלמה חד פעמי כירוגיות- 50 יח',,,מסכות חד פעמיות 50 י,יח',50.00,יח',false,,7.90,0.1580,true,1,64475
7290006784377,false,מרכך כביסה פיור נייטשר כחול 1 ליטר,"קומפלקס כימיקלים בע""",TR,מרכך כביסה פיור כחול,ליטרים,1.00,ליטר,false,,9.90,9.9000,true,1,65087
7290006784414,false,"PURE מבשם כביסה בניחוח מלון ספא 500 מ""ל",קומפלקס ייבוא,TR,מבשם כביסה בניחוח מל,מיליליטרים,500.00,"100 מ""ל",false,,9.90,0.0198,true,1,64343
7290006788405,false,"קרליין - נושם אקטיב דאודורנט רול און לאישה ברודו 75 מ""ל","אמיליה קוסמטיקס בע""מ",IL,קרליין,מיליליטרים,75.00,"100 מ""ל",false,,11.90,0.1587,true,1,33606
7290006788429,false,"קרליין - נושם סאן רייס דאודורנט רול און לאישה כתום 75 מ""ל","אמיליה קוסמטיקס בע""מ",IL,קרליין,מיליליטרים,75.00,"100 מ""ל",false,,11.90,0.1587,true,1,33608
7290006788443,false,"קרליין - נושם אוקסיג'ן דאודורנט רול און לאישה סגול 75 מ""ל","אמיליה קוסמטיקס בע""מ",IL,קרליין,מיליליטרים,75.00,"100 מ""ל",false,,11.90,0.1587,true,1,33610
7290006788467,false,"קרליין - נושם אקטיב דאודורנט ספריי לאישה בורדו 200 מ""ל","אמיליה קוסמטיקס בע""מ",IL,קרליין,מיליליטרים,200.00,"100 מ""ל",false,,11.90,0.0595,true,1,33612
7290006788481,false,"קרליין - נושם סאן רייס דאודורנט ספריי לאישה כתום 200 מ""ל","אמיליה קוסמטיקס בע""מ",IL,קרליין,מיליליטרים,200.00,"100 מ""ל",false,,11.90,0.0595,true,1,33613
7290006788498,false,"קרליין - נושם פיור דאודורנט ספריי לאישה ורוד 200 מ""ל","אמיליה קוסמטיקס בע""מ",IL,קרליין,מיליליטרים,200.00,"100 מ""ל",false,,11.90,0.0595,true,1,33614
7290006788559,false,"טיטניום ICE דאודורנט תרסיס ספריי 180 מ""ל",,,טיטניום דאו ספריי בל,מיליליטרים,180.00,"100 מ""ל",false,,14.90,0.0828,true,1,33616
7290006804907,false,פיתות אסלי קפוא 5 יח' אפיה,פילסברי,,פיתות מאפית חמישיה,יח',5.00,יח',false,,7.90,1.5800,true,1,59653
7290006805355,false,תערובת להכנת כדורי שוקולד פילסברי 500ג',הדקלאים אגודת שיתופי,IL,פילסברי,גרמים,500.00,100 גרם,false,,16.90,0.0338,true,1,34157
7290006805362,false,חצי באגט מאפית,,,חצי בגט לבן,יח',1.00,יח',false,,3.30,3.3000,true,1,21124
7290006805850,false,תערובת להכנת פנקייק פילסבורי 500 גר,הדקלאים אגודת שיתופי,IL,פילסברי,גרמים,450.00,100 גרם,false,,16.90,0.0376,true,1,34158
7290006805881,false,בייגל ירושלמי וינואז,,,בגט וינואז,יח',1.00,יח',false,,6.90,6.9000,true,1,58087
7290006822192,false,מיץ חמוציות דיאט אושן ספריי 1 ליטר,מבשלות בירה בינלאומי,IL,אושן ספריי,ליטרים,1.00,ליטר,false,,11.90,11.9000,true,1,33374
7290006920829,false,"תחליפי גבינ""צ צ'דר פרוס 350 גר'",צי תעשיות מזון יבנה,IL,כפיר,גרמים,350.00,100 גרם,false,,14.90,0.0426,true,1,34623
7290006920836,false,"תחליפי גבינ""צ מעושן פרוס 350 גר'",צי תעשיות מזון יבנה,IL,כפיר,גרמים,350.00,100 גרם,false,,14.90,0.0426,true,1,34624
7290006920843,false,"תחליפי גבינ""צ מוצרלה פרוס 350 גר'",צי תעשיות מזון יבנה,IL,כפיר,גרמים,350.00,100 גרם,false,,14.90,0.0426,true,1,34625
7290006920911,false,הולנדית פרוס 350ג' כפיר,צי תעשיות מזון יבנה,IL,כפיר,גרמים,350.00,100 גרם,false,,14.90,0.0426,true,1,34626
7290006920942,false,גבינה צהובה טובה 5% פרוס 350 גר',צי תעשיות מזון יבנה,IL,כפיר,גרמים,350.00,100 גרם,false,,14.90,0.0426,true,1,34627
7290006983176,false,אוסם - לחמית שיפון 250 גרם,"אסם השקעות בע""מ",IL,לחמית,גרמים,230.00,100 גרם,false,,7.90,0.0343,true,1,33038
7290006983787,false,עוגת הבית שוקוציפס 400 גרם אסם,מיוצר עי קונדיטוריית,IL,הבית,גרמים,400.00,100 גרם,false,,10.90,0.0273,true,1,33043
7290006992185,false,"מטרנה - דייסת אורז פרוביוטי כשל""פ 200 גרם",מולינו ניקולי s.p.a,IL,מטרנה,גרמים,200.00,100 גרם,false,,12.90,0.0645,true,1,33047
7290006992192,false,מטרנה דייסלה סולת 200 גרם,מטרנה,IL,מטרנה,גרמים,200.00,100 גרם,false,,12.90,0.0645,true,1,33048
7290006992208,false,מטרנה דייסלה דגנים מעורבים 200 גרם,מטרנה תעשיות ש.מ,IL,מטרנה,גרמים,200.00,100 גרם,false,,12.90,0.0645,true,1,33049
7290006992390,false,"מטרנה - דייסת וניל פרוביוטי כשל""פ 200 גרם",מולינו ניקולי s.p.a,IL,מטרנה,גרמים,200.00,100 גרם,false,,12.90,0.0645,true,1,33050
7290008000796,false,"כצט - סופרמן משחת שיניים לילדים 50 מ""ל",כצט נוביס,IL,כצט,גרמים,50.00,100 גרם,false,,10.90,0.2180,true,1,33686
7290008000826,false,משחת שיניים לילדים כצט ברבי 50 מל,כצט נוביס,IL,כצט,גרמים,50.00,100 גרם,false,,10.90,0.2180,true,1,33687
7290008101356,false,קריספ פאנקו זהוב 300 גרם,א.ל ייצור ושיווק תבל,IL,*מבצע* קריספ פנקו זה,גרמים,300.00,100 גרם,false,,8.90,0.0297,true,1,66202
7290008104050,false,"פמינה - שטיפה אינטימית קלאסית 220 מ""ל",כצט נוביס סעמ,IL,כצט,מיליליטרים,220.00,"100 מ""ל",false,,21.90,0.0995,true,1,33690
7290008175210,false,גבינת פרמזן מגורדת 90ג' ויליפוד,זנטי אס.איי.,IT,וילי פוד,גרמים,90.00,100 גרם,false,,14.90,0.1656,true,1,33748
7290008175760,false,מנצגו חלב כבשים מעדניה שקיל,אלפסטור,ES,וילי פוד,קילוגרמים,1.00,"ק""ג",true,,90.00,90.0000,true,1,10714
7290008175777,false,גבינת איברקו חלב ישר,יושלם,ES,גבינת איבריקו 31%,קילוגרמים,1.00,"ק""ג",true,,80.00,80.0000,true,1,10715
7290008175814,false,וילי פוד פטריות שמפיניון חתוך בדץ 400ג,"אוקצ'מפ אס, איי אויי",PL,וילי פוד,גרמים,400.00,100 גרם,false,,4.90,0.0123,true,1,33752
7290008175906,false,"גבינת עיזים לק""ג ויל",אלמטאה,NL,וילי פוד,קילוגרמים,1.00,"ק""ג",true,,100.00,100.0000,true,1,10717
7290008343466,false,בצק פילו 500 גרם שלושת האופים,כלורוקס אוקלנד,IL,שגמור,גרמים,500.00,100 גרם,false,,14.50,0.0290,true,1,34368
7290008343558,false,"סיגרים בשר שלושת האופים 1 ק""ג",שלושת האופים,IL,שלושת האופים,קילוגרמים,1.00,"ק""ג",false,,17.90,17.9000,true,1,34370
7290008343602,false,"קובה בשר 1 ק""ג שלושת האופים",שלושת האופים,IL,שלושת האופים,קילוגרמים,1.00,"ק""ג",false,,17.90,17.9000,true,1,34373
7290008343619,false,"פסטלים תפו""א שלושת האופים 1 ק""ג",שלושת האופים,IL,שלושת האופים,קילוגרמים,1.00,"ק""ג",false,,17.90,17.9000,true,1,34374
7290008343626,false,"כדורי פלאפל 1 ק""ג שלושת האופים",שלושת האופים,IL,שלושת האופים,קילוגרמים,1.00,"ק""ג",false,,17.90,17.9000,true,1,34375
7290008344272,false,המבורגר 100% 400 ג' טיבון ויל,טיבון ויל אחזקות בעמ,IL,טיבון ויל,גרמים,400.00,100 גרם,false,,17.90,0.0447,true,1,34377
7290008345576,false,סלט איקרה ביתית לבנה 300 גרם דלידג,כלורוקס אוקלנד,IL,דלידג,גרמים,300.00,100 גרם,false,,18.90,0.0630,true,1,34380
7290008345583,false,איקרה ביתית ורוד 300 גרם דלידג,כלורוקס אוקלנד,IL,דלידג,גרמים,300.00,100 גרם,false,,18.90,0.0630,true,1,34381
7290008347211,false,אצבעות דג מצופות נטו,אף.סי תבליני בגליל ב,IL,דלידג,גרמים,700.00,100 גרם,false,,19.90,0.0284,true,1,34382
7290008403191,false,גבינת קשקבל בשלה במשקל,ברדי ביר,CH,ברדי ביר,קילוגרמים,1.00,"ק""ג",true,,115.00,115.0000,true,1,13504
7290008403238,false,"גבינה ברי איסני ק""ג",איסיני סנט מר,FR,סנט מר,קילוגרמים,1.00,"ק""ג",true,,125.00,125.0000,true,1,13506
7290008403849,false,אולד רוטרדם עיזים במשקל,הנרי ויליך,NL,הגבינות של נני,קילוגרמים,1.00,"ק""ג",true,,200.00,200.0000,true,1,52580
7290008409049,false,מאמא עוףמיני שניצלים בציפוי שומשום 500 ג,תנובה גליל שותפות מו,IL,מאמא עוף,גרמים,500.00,100 גרם,false,,25.90,0.0518,true,1,35642
7290008409100,false,אצבעות שניצל בציפוי שומשום מאמא עוף 700 גרם,תנובה גליל שותפות מו,IL,מאמא עוף,גרמים,700.00,100 גרם,false,,34.90,0.0499,true,1,35643
7290008409124,false,מאמא עוף קפוא שניצל ג'ונגל פריך 700 גרם,תנובה גליל שותפות מו,IL,מאמא עוף,גרמים,700.00,100 גרם,false,,34.90,0.0499,true,1,35644
7290008409216,false,מאמא עוף קפוא שניצל דק פריך 700 גרם,תנובה גליל,IL,מאמא עוף,גרמים,700.00,100 גרם,false,,34.90,0.0499,true,1,35645
7290008409315,false,מיני מיני דק שניצלונים בציפוי פריך מאמא עוף 500 ג',תנובה גליל,IL,מאמא עוף,גרמים,500.00,100 גרם,false,,25.90,0.0518,true,1,35647
7290008409407,false,שניצל דק ציפס מאמא עוף 700 ג',תנובה גליל שותפות מו,IL,מאמא עוף,גרמים,700.00,100 גרם,false,,34.90,0.0499,true,1,35649
7290008409551,false,שניצל עוף אמיתי בציפוי מעודן 700 ג' מאמא עוף,תנובה גליל שותפות מו,IL,מאמא עוף,גרמים,700.00,100 גרם,false,,39.90,0.0570,true,1,35654
7290008409568,false,שניצל עוף אמיתי בציפוי שבבי ציפס 700 גר,תנובה גליל שותפות מו,IL,מאמא עוף,גרמים,700.00,100 גרם,false,,39.90,0.0570,true,1,35655
7290008409582,false,שניצל אמיתי בציפוי ביתי מאמא עוף 700 ג',תנובה גליל שותפות מו,IL,מאמא עוף,גרמים,700.00,100 גרם,false,,39.90,0.0570,true,1,35656
7290008409605,false,כוכבי עוף בציפוי מעודן מאמא עף 700 גרם,תנובה גליל שותפות מו,IL,מאמא עוף,גרמים,700.00,100 גרם,false,,34.90,0.0499,true,1,35657
7290008409773,false,קציצות עוף ביתיות מאמא עוף 700 ג',תנובה גליל שותפות מו,IL,מאמא עוף,גרמים,700.00,100 גרם,false,,27.90,0.0399,true,1,35659
7290008443616,false,"מרכך לשיער יבש אדום 750 מ""ל נקה 7","אמיליה קוסמטיקס בע""מ",IL,נקה 7,מיליליטרים,750.00,"100 מ""ל",false,,10.90,0.0145,true,1,33623
7290008461221,false,סרדינים רוברט בשמן חמניות 115 גרם,"רמירז, מטוסינוס",PT,סרדין רוברט שמן חמני,גרמים,140.00,100 גרם,false,,6.90,0.0493,true,1,34384
7290008461283,false,גבינה טריפל צדר נני,דאוליי צ'סמייקרס,AO,שבינגטון,גרמים,200.00,100 גרם,false,,19.90,0.0995,true,1,34385
7290008462310,false,סיימן סנט מור,אוריאל,FR,מרסי שף,קילוגרמים,1.00,"ק""ג",true,,175.00,175.0000,true,1,13528
7290008464024,false,"בירה גולדסטאר לא מסוננת 500 מ""ל פחית","טמפו משקאות בע""מ",IL,גולדסטאר לא מסונן,מיליליטרים,500.00,"100 מ""ל",false,,8.90,0.0178,true,1,33960
7290008464130,false,"שישיית בירה גולדסטאר 330 מ""ל UNFILTERED",טמפו,IL,גולדסטאר לא מסונן,ליטרים,1.98,ליטר,false,,29.90,15.1010,true,1,33961
7290008464468,false,"בירה גולדסטאר פחית 500 מ""ל","טמפו משקות בע""מ",IL,גולדסטאר,מיליליטרים,500.00,"100 מ""ל",false,,7.90,0.0158,true,1,33970
7290008464475,false,"בירה מכבי פחית 500 מ""ל","טמפו משקאות בע""מ",IL,מכבי,מיליליטרים,500.00,"100 מ""ל",false,,6.90,0.0138,true,1,33971
7290008464604,false,"בירה היינקן פחית 500מ""ל",טמפו משקאות בע''מ,NL,היינקן,מיליליטרים,500.00,"100 מ""ל",false,,11.90,0.0238,true,1,33972
7290008464611,false,"סודה טמפו בקבוק זכוכית 275 מ""ל",טמפו משקאות בעמ,IL,סודה טמפו,מיליליטרים,275.00,"100 מ""ל",false,,4.00,0.0145,true,1,49234
7290008464635,false,"מי טוניק בקבוק 275 מ""ל",טמפו משקאות בעמ,IL,סודה מיקסרים,מיליליטרים,275.00,"100 מ""ל",false,,4.90,0.0178,true,1,49236
7290008464642,false,"סודה גינגר אייל 275 מ""ל","טמפו משקאות בע""מ",IL,סודה מיקסרים,מיליליטרים,275.00,"100 מ""ל",false,,4.90,0.0178,true,1,49237
7290008464673,false,"בירה גולדסטאר SLOWBREW פחית 10%, 500 מ""ל","טמפו משקאות בע""מ",IL,פחית בירה גולדסטאר ס,מיליליטרים,500.00,"100 מ""ל",false,,7.90,0.0158,true,1,52021
7290008464703,false,"שישיית בקבוקי מכבי 330 מ""ל",טמפו,IL,מכבי,ליטרים,1.98,ליטר,false,,29.90,15.1010,true,1,33975
7290008464741,false,"שישייית בירה גולדסטאר כהה 330X6 מ""ל",טמפו,IL,גולדסטאר,ליטרים,1.98,ליטר,false,,24.90,12.5758,true,1,33977
7290008464796,false,"בירה היינקין ח""פ בקבוק 330X6מ""ל",טמפו,IL,היינקן,ליטרים,1.98,ליטר,false,,29.90,15.1010,true,1,33978
7290008493710,false,פירורי גריסיני זהב מאיר בייגל 200 גרם,מאיר בייגל,IL,מאיר בייגל,גרמים,200.00,100 גרם,false,,5.90,0.0295,true,1,35501
7290008500128,false,עוגת שמרים פרימיום ש,ב- פילסברי (ג'נל מיל,IL,עוגת שמרים שוקולד,גרמים,520.00,100 גרם,false,,24.90,0.0479,true,1,61139
7290008500135,false,עוגת שמרים פרימיום ק,ב- פילסברי (ג'נל מיל,IL,עוגת שמרים קינמון,גרמים,520.00,100 גרם,false,,24.90,0.0479,true,1,61140
7290008500142,false,עוגת שמרים פרימיום ת,ב- פילסברי (ג'נל מיל,IL,"עוגת שמרים תפו""ע",גרמים,520.00,100 גרם,false,,24.90,0.0479,true,1,61141
7290008500159,false,עוגת שמרים פרימיום ג,ב- פילסברי (ג'נל מיל,IL,עוגת שמרים גבינה,גרמים,520.00,100 גרם,false,,24.90,0.0479,true,1,61142
7290008500548,false,פילסברי לחם טוסט אמר,מאפיית אגמי,,לחם טוסט אמריקה 500,גרמים,500.00,100 גרם,false,,12.90,0.0258,true,1,66150
7290008611046,false,פילה סלמון נורווגי ק,באבורד וואפ,NO,פילה סלמון נורווגי ק,קילוגרמים,1.00,"ק""ג",true,,64.90,64.9000,true,1,61133
7290008611091,false,סלמון מנות נורבגי קפ,סיבורן,NO,סלמון מנות נורבגי קפ,קילוגרמים,1.00,"ק""ג",true,,74.90,74.9000,true,1,64080
7290008634045,false,"פלסטר שקוף 30 יחידות ""SUNNY PLASTER""",A.U. In,CN,סאני פלסטר,יח',30.00,יח',false,,6.90,0.2300,true,1,33101
7290008636926,false,קקאו הולנדי 500גרם מיה,מיה תעשיות מזון,IL,קקאו הולנדי 500 גרם,גרמים,500.00,100 גרם,false,,13.90,0.0278,true,1,62464
7290008644112,false,סלט מטבוחה יום יום אחלה 125 ג',"שטראוס גרופ בע""מ",IL,שטראוס,גרמים,125.00,100 גרם,false,,4.70,0.0376,true,1,34777
7290008644235,false,עלי בייבי 120 גר' שטראוס,שטראוס בריאות ירקות,IL,שטראוס,גרמים,120.00,100 גרם,false,,9.90,0.0825,true,1,15781
7290008644945,false,סלט המושבה שטופים שט,שטראוס בריאות ירקות,IL,שטראוס,גרמים,450.00,100 גרם,false,,10.90,0.0242,true,1,34779
7290008670012,false,"יין רקאנטי קברנה סוביניון 2019 750 מ""ל",תות ממתקי איכות,IL,רקנאטי,מיליליטרים,750.00,"100 מ""ל",false,,49.90,0.0665,true,1,35733
7290008670159,false,"יין רקנאטי יסמין לבן 750 מ""ל","יקבי רקנאטי בע""מ",IL,רקנאטי,מיליליטרים,750.00,"100 מ""ל",false,,36.90,0.0492,true,1,37871
7290008690713,false,פריגת אושן ספריי חמוציות 1ל',מבשלות בירה בינלאומי,IL,אושן ספריי,ליטרים,1.00,ליטר,false,,11.90,11.9000,true,1,33376
7290008693134,false,מעדן גבינה ויוגורט בטעם תות 5% שומן 88 ג' דניאלה,"שטראוס בריאות בע""מ",IL,שטראוס,גרמים,88.00,100 גרם,false,,3.90,0.0443,true,1,34781
7290008713900,false,לחם שיפון עגול 750 ג' אנג'ל,מאפיית אנג'ל אורנים,IL,אנג'ל,גרמים,750.00,100 גרם,false,,12.50,0.0167,true,1,32648
7290008713917,false,לחם שיפון כהה 750 ג' אנג'ל,מאפית אורנים,IL,אנג'ל,גרמים,750.00,100 גרם,false,,12.50,0.0167,true,1,32649
7290008745239,false,תפוציפס אקסטרא טבעי 50 גרם,"שטראוס פריטו ליי בע""",IL,עלית,גרמים,50.00,100 גרם,false,,3.50,0.0700,true,1,34526
7290008747547,false,תפוציפס קראנץ טבעי 200 גרם,"שטראוס פריטו ליי בע""",IL,עלית,גרמים,200.00,100 גרם,false,,9.90,0.0495,true,1,34528
7290008750264,false,מסטיק מאסט LL פליפ.דובדבן מגדים 28 גר,"שטראוס גרופ בע""מ",IL,עלית,גרמים,28.00,100 גרם,false,,4.00,0.1429,true,1,34504
7290008752244,false,תפוצ'יפס אקסטרא גריל 50 גרם,"שטראוס פריטו ליי בע""",IL,עלית,גרמים,50.00,100 גרם,false,,3.50,0.0700,true,1,34529
7290008753111,false,תפוציפס קראנצי מקסיקני 50 גרם,"שטראוס פריטו ליי בע""",IL,עלית,גרמים,50.00,100 גרם,false,,3.50,0.0700,true,1,34530
7290008754040,false,ממרח פרה שוקולד 850 גר - מגדים,שטראוס גרופ,IL,עלית,גרמים,850.00,100 גרם,false,,14.90,0.0175,true,1,34510
7290008754415,false,גומי מאסט בטעם ספירמינט עדין פליפטופ 28 ג' עלית,"שטראוס גרופ בע""מ",IL,עלית,גרמים,28.00,100 גרם,false,,4.00,0.1429,true,1,34511
7290008775816,false,ערגליות שוקו חדש12*300גרם 2020,מיוצר עי קונדיטוריית,IL,ערגליות,גרמים,300.00,100 גרם,false,,9.90,0.0330,true,1,33056
7290008801010,false,"יין קברנה סוביניון מרלו פרייוט קולקשן 750 מ""ל",אגודת הכורמים הקאופו,IL,Private collection,מיליליטרים,750.00,"100 מ""ל",false,,32.40,0.0432,true,1,33112
7290008801119,false,סלקטד סוביניון בלאן לבן יבש 750 מל,אגודת הכורמים הקואופ,IL,סלקטד,מיליליטרים,750.00,"100 מ""ל",false,,29.90,0.0399,true,1,33113
7290008801157,false,מרלו סלקטד כרמל מזרחי 750 מל,יקבי כרמל,IL,סלקטד,מיליליטרים,750.00,"100 מ""ל",false,,29.90,0.0399,true,1,33114
7290008801478,false,"יין טופז זהב 750 מ""ל",יקבי כרמל,IL,טופז זהב,מיליליטרים,750.00,"100 מ""ל",false,,18.90,0.0252,true,1,33116
7290008801522,false,יין קינג דויד קונקורד אדום מתוק 750 מל,אגודת הכורמים הקואופ,IL,קינג דויד,מיליליטרים,750.00,"100 מ""ל",false,,19.90,0.0265,true,1,33117
7290008801546,false,"יין קינג דויד מוסקט מתוק לבן 750 מ""ל",אגודת הכורמים הקואופ,IL,קינג דויד,מיליליטרים,750.00,"100 מ""ל",false,,19.90,0.0265,true,1,33119
7290008801843,false,קברנה סוביניון אדום יבש 750 מל סלקטד,"כד בני דרום בע""מ",IL,סלקטד,מיליליטרים,750.00,"100 מ""ל",false,,29.90,0.0399,true,1,33120
7290008801850,false,סלקטד אמרלד ריזלינג לבן חצי יבש 750 מל,אגודת הכורמים הקואופ,IL,סלקטד,מיליליטרים,750.00,"100 מ""ל",false,,29.90,0.0399,true,1,33121
7290008802512,false,"יין וינו אדום יבש 750 מ""ל","כד בני דרום בע""מ",IL,וינו,מיליליטרים,750.00,"100 מ""ל",false,,19.90,0.0265,true,1,33123
7290008802529,false,"יין לבן חצי יבש וינו 750 מ""ל",יקבי כרמל,IL,וינו,מיליליטרים,750.00,"100 מ""ל",false,,19.90,0.0265,true,1,36378
7290008802895,false,יין קברנה סוביניון פרייוט קולקשן,אגודת הכורמים הקאופו,IL,Private collection,מיליליטרים,750.00,"100 מ""ל",false,,32.40,0.0432,true,1,33124
7290008804189,false,יין קברנה סוביניון הסדרה האזורית גליל עליון,אגודת הכורמים הקואופ,IL,גליל עליון,מיליליטרים,750.00,"100 מ""ל",false,,54.90,0.0732,true,1,33125
7290008804332,false,שיראז אדום יבש פריווט קולקשיין 750מל,אגודת הכורמים הקואופ,IL,Private collection,מיליליטרים,750.00,"100 מ""ל",false,,32.40,0.0432,true,1,33126
7290008805049,false,סלקטד זינפנדל כרמל מזרחי 750 מל,"כד בני דרום בע""מ",IL,סלקטד,מיליליטרים,750.00,"100 מ""ל",false,,29.90,0.0399,true,1,33128
7290008805384,false,סלקטד מוסקטו לבן מבעבע 750 מל 2016,אגודת הכורמים הקואופ,IL,סלקטד,מיליליטרים,750.00,"100 מ""ל",false,,29.90,0.0399,true,1,33129
7290008805520,false,קברנה מרלו אדום יבש 750 מל סלקטד,"כד בני דרום בע""מ",IL,סלקטד,מיליליטרים,750.00,"100 מ""ל",false,,29.90,0.0399,true,1,33130
7290008806961,false,גלידה שוקולד שבבי שוקולד פרה 1.33 ל' קרמיסימו,"גלידת שטראוס בע""מ, ר",IL,קרמיסימו,ליטרים,1.33,ליטר,false,,18.90,14.2105,true,1,33221
7290008807029,false,"יין טבע אמרלד ריזלינג 750 מ""ל",יקבי בינימינה,IL,בנימינה,מיליליטרים,750.00,"100 מ""ל",false,,19.90,0.0265,true,1,34588
7290008830676,false,מובחרים מן הטבע,"דין שיווק וקלייה בע""",IL,תפזורת - ללא מותג,גרמים,500.00,100 גרם,false,,5.00,0.0100,true,1,24178
7290008830690,false,סוכריות חמצוצים בטעם,"דין שיווק וקלייה בע""",US,תפזורת - ללא מותג,גרמים,200.00,100 גרם,false,,10.00,0.0500,true,1,24179
7290008835435,false,בשר מס 5 חלק קפוא,sociedad anonima car,AR,בלדי,קילוגרמים,1.00,"ק""ג",true,,69.90,69.9000,true,1,69271
7290008835961,false,"פילה אמנון 7-9 וואקום בד""ץ",היינאן קשינגטאי,CN,בלדי,קילוגרמים,1.00,"ק""ג",true,,24.90,24.9000,true,1,57059
7290008836494,false,יקבי אפרת תירוש טבעי אדום 1 ליטר,יקב טפרברג 1870 בעמ,IL,תירוש אפרת 1 ליטר,ליטרים,1.00,ליטר,false,,12.90,12.9000,true,1,34096
7290008849470,false,ממרח פלפל ציומה אוליביה 190 גר,אוליביה גורמה בעמ,IL,אוליביה,גרמים,185.00,100 גרם,false,,12.90,0.0697,true,1,33180
7290008849586,false,רוטב ריבת בצל לעוף אוליביה 310 גר,אוליביה,IL,אוליביה,גרמים,310.00,100 גרם,false,,12.90,0.0416,true,1,33183
7290008849609,false,רוטב לעוף שום דבש אוליביה 330 גרם,אוליביה גורמה (1996),IL,אוליביה,גרמים,330.00,100 גרם,false,,12.90,0.0391,true,1,33184
7290008866033,false,גאודה עיזים יעקובס ל,גבינות יעקבס,IL,גאודה עיזים 30%,קילוגרמים,1.00,"ק""ג",true,,139.00,139.0000,true,1,63440
7290008866149,false,מארז ברי כמהין בייבי במשקל,גבינות יעקבס,IL,מארז ברי עיזים כמהין,קילוגרמים,1.00,"ק""ג",true,,160.00,160.0000,true,1,65143
7290008899055,false,אוזני פיל פילסברי,יושלם,,מאפה קרם שניט,קילוגרמים,1.00,"ק""ג",true,,29.00,29.0000,true,1,21143
7290008899505,false,באגט טרי פילסברי,פילסברי,,בגט לבן,יח',1.00,יח',false,,4.80,4.8000,true,1,21149
7290008975551,false,מטרנה מהדרין חסכון שלב 3 700 גרם,מולינו ניקולי s.p.a,IL,מטרנה,גרמים,700.00,100 גרם,false,,47.90,0.0684,true,1,33059
7290008975780,false,"בונזו גזע קטן 3 ק""ג","ביופט בע""מ",IL,בונזו,קילוגרמים,3.00,"ק""ג",false,,49.90,16.6333,true,1,35505
7290008989091,false,פירכיות אורז מארז 100X3ג',"בטר אנד דיפרנט בע""מ",IL,בטר אנד דיפרנט,גרמים,310.00,100 גרם,false,,11.90,0.0384,true,1,32724
7290008989169,false,אורז תפוח בשקית 500 גר',בטר אנד דיפרנט,IL,בטר אנד דיפרנט,גרמים,500.00,100 גרם,false,,18.90,0.0378,true,1,32725
7290008989473,false,ממרח חרובים טעם שוקו' 350ג' בי&די,"בטר אנד דיפרנט בע""מ",IL,בטר אנד דיפרנט,גרמים,350.00,100 גרם,false,,11.90,0.0340,true,1,32726
7290008989671,false,ציפ.שניצל פריך ללא גלוטן שקית 200גר,בטר אנד דיפרנט,IL,b&d,גרמים,250.00,100 גרם,false,,7.90,0.0316,true,1,32729
7290008989695,false,חיטה מלאה תפוחה עם דבש 400 גרם,אורגניק אגרו פודס,PL,חיטה תפוחה עם דבש 40,גרמים,400.00,100 גרם,false,,13.90,0.0348,true,1,36213
7290009068955,false,גרעין חמניה קלוף טבע,"דין שיווק וקלייה בע""",US,תפזורת - ללא מותג,קילוגרמים,1.00,"ק""ג",true,,45.00,45.0000,true,1,24182
7290009069174,false,שקד מסוכר במשקל,"דין שיווק וקלייה בע""",IL,תפזורת - ללא מותג,קילוגרמים,1.00,"ק""ג",true,,95.00,95.0000,true,1,24185
7290009069341,false,תמר מגהול בינוני במש,דין שיווק,IL,תמר במשקל,קילוגרמים,1.00,"ק""ג",true,,15.00,15.0000,true,1,30141
7290009069518,false,ג'ינג'ר מסוכר במשקל,"דין שיווק וקלייה בע""",TH,תפזורת - ללא מותג,קילוגרמים,1.00,"ק""ג",true,,40.00,40.0000,true,1,24186
7290009069990,false,תערובות לאורז - תערו,"דין שיווק וקלייה בע""",IL,תפזורת - ללא מותג,קילוגרמים,1.00,"ק""ג",true,,100.00,100.0000,true,1,24193
7290009077575,false,זית סורי/מרוקאי במשק,"דין שיווק וקלייה בע""",GR,זית סורי/מרוקאי במשק,קילוגרמים,1.00,"ק""ג",true,,48.00,48.0000,true,1,24195
7290009077667,false,מלפפון/ירקות במשקל,"דין שיווק וקלייה בע""",,מלפפון/ירקות במשקל,קילוגרמים,1.00,"ק""ג",true,,35.00,35.0000,true,1,24197
7290009077704,false,זית מבוקע/חרוזית/יוו,"דין שיווק וקלייה בע""",,זית מבוקע/חרוזית/יוו,קילוגרמים,1.00,"ק""ג",true,,54.00,54.0000,true,1,24198
7290009090000,false,תבלינים,,,תבלינים,קילוגרמים,1.00,"ק""ג",true,,65.00,65.0000,true,1,24199
7290009099461,false,פפריקה במשקל,"דין שיווק וקלייה בע""",IL,תבליני ביטון,קילוגרמים,1.00,"ק""ג",true,,35.00,35.0000,true,1,24201
7290009190991,false,עמלת משיכת מזמן,,,עמלת משיכת מזמן,יח',1.00,יח',false,,5.00,5.0000,true,1,22268
7290009951400,false,סוכריות גומי,"דין שיווק וקלייה בע""",ES,תפזורת - ללא מותג,קילוגרמים,1.00,"ק""ג",true,,39.00,39.0000,true,1,24204
7290009951431,false,פירות טרופיים במשקל,"דין שיווק וקלייה בע""",TH,תפזורת - ללא מותג,קילוגרמים,1.00,"ק""ג",true,,89.00,89.0000,true,1,24207
7290009951455,false,תבלינים / פלפל,"דין שיווק וקלייה בע""",IL,נפטון,קילוגרמים,1.00,"ק""ג",true,,74.00,74.0000,true,1,24208
7290009951462,false,תבלינים,"דין שיווק וקלייה בע""",IL,נפטון,קילוגרמים,1.00,"ק""ג",true,,90.00,90.0000,true,1,24209
7290009951479,false,תערובת הבית,"דין שיווק וקלייה בע""",IL,נפטון,קילוגרמים,1.00,"ק""ג",true,,160.00,160.0000,true,1,24210
7290009951561,false,סוכריות קשות,"דין שיווק וקלייה בע""",GB,תפזורת - ללא מותג,קילוגרמים,1.00,"ק""ג",true,,39.00,39.0000,true,1,24218
7290010023141,false,תה לימונענע הגן הקסום 25 שיקיקים,HIQ FOOD PRODUCTS,IL,ויסוצקי,גרמים,50.00,100 גרם,false,,16.90,0.3380,true,1,17173
7290010045006,false,עוגיות חמאה פריכות 200 גרם לחמי,קונדטוריות לחמי,IL,לחמי,גרמים,200.00,100 גרם,false,,18.90,0.0945,true,1,17176
7290010045051,false,עוגיות מלבן שקדים 200 גרם לחמי,קונדטוריות לחמי,IL,לחמי,גרמים,200.00,100 גרם,false,,18.90,0.0945,true,1,17179
7290010045068,false,עוגיות הנסיכה 250 גרם לחמי,קונדטוריות לחמי,IL,לחמי,גרמים,250.00,100 גרם,false,,18.90,0.0756,true,1,17180
7290010065318,false,פרינוק - ג'וניור תפוחי עץ 190 גרם,פרוטה פודווין איי.אס,CZ,רנדי,גרמים,190.00,100 גרם,false,,5.90,0.0311,true,1,7457
7290010065332,false,פרינוק - ג'וניור פתוחי עץ ובננה 190 גרם,פרוטה פודווין איי.אס,CZ,רנדי,גרמים,190.00,100 גרם,false,,5.90,0.0311,true,1,7458
7290010065349,false,פרינוק גרבר גוניור סלט פירות 190 גר',פרוטה פודווין איי.אס,CZ,רנדי,גרמים,190.00,100 גרם,false,,5.90,0.0311,true,1,7459
7290010065745,false,ג`וניור פרינוק מחית לפתן פירות 190ג',פרוטה פודווין איי.אס,CZ,רנדי,גרמים,190.00,100 גרם,false,,5.90,0.0311,true,1,7463
7290010066025,false,טונה בשמן פילטונה 158גרם,,,פילטונה בשמן 160 גר,גרמים,160.00,100 גרם,false,,4.90,0.0306,true,1,23693
7290010066445,false,פילטונה בשמן צמחי 41,תעשיות פילטונה,IL,פילטונה בשמן 414 גרם,גרמים,414.00,100 גרם,false,,13.90,0.0336,true,1,51052
7290010066513,false,נתחי טונה בשמן צמחי רביעיה *158ג' פילטונה,תעשיות פילטונה,IL,פילטונה בשמן רביעיה 158 ג,גרמים,632.00,100 גרם,false,,22.90,0.0362,true,1,24571
7290010066575,false,נתחי טונה במים רביעיה *158ג' פילטונה,תעשיות פילטונה,IL,פילטונה במים רביעיה 158 ג,גרמים,632.00,100 גרם,false,,22.90,0.0362,true,1,24572
7290010066582,false,נתחי טונה בשמן קנולה רביעיה * 158 ג' פילטונה,תעשיות פילטונה,IL,פילטונה רביעיה בשמן קנולה,גרמים,632.00,100 גרם,false,,22.90,0.0362,true,1,24573
7290010066599,false,מארז רביעיית טונה בשמן זית 4*160 גרם,תעשיות פילטונה,IL,פילטונה רביעיה בשמן זית 1,גרמים,632.00,100 גרם,false,,27.90,0.0441,true,1,24574
7290010066957,false,נתחי טונה קטנה בשמן צמחי 960ג' פרינס,,,פרינס,גרמים,960.00,100 גרם,false,,29.90,0.0311,true,1,24575
7290010116980,false,אבקת שוקולית שקית עלית 850 ג',הנסיך- מפעל לייצור ט,IL,עלית,גרמים,850.00,100 גרם,false,,14.90,0.0175,true,1,14176
7290010117864,false,דוריטוס בטעם חריף אש 70 גרם,שטראוס פריטו ליי (מל,IL,עלית,גרמים,70.00,100 גרם,false,,3.20,0.0457,true,1,14732
7290010118328,false,מארז תפוצ'יפס בטעם טבעי,שטראוס פריטו ליי (מל,IL,תפוציפס,גרמים,240.00,100 גרם,false,,11.90,0.0496,true,1,14735
7290010124107,false,סטייקבורגר זהב 400 גר',בלדי,IL,בלדי,גרמים,400.00,100 גרם,false,,15.90,0.0398,true,1,52978
7290010124190,false,שניצל בקר מלינסה 250 ג' אל מטאדור,בלדי,IL,בלדי,גרמים,250.00,100 גרם,false,,12.90,0.0516,true,1,52979
7290010124213,false,סינטה בקר דק דק אל מטאדור 250 ג',בלאדי,IL,בלדי,גרמים,250.00,100 גרם,false,,16.90,0.0676,true,1,52980
7290010153503,false,שעועית בובס יבשה מיה 400 גר',"מיה תעשיות מזון בע""מ",IL,מיה,גרמים,400.00,100 גרם,false,,7.90,0.0198,true,1,12850
7290010153510,false,בורגול יבש מיה 500 גר',"מיה תעשיות מזון בע""מ",IL,מיה,גרמים,500.00,100 גרם,false,,3.90,0.0078,true,1,12851
7290010154005,false,סחוג תימני ירוק 250 ביטון,תבליני יוחאי ביטון,IL,תבליני יוחאי ביטון,גרמים,250.00,100 גרם,false,,12.90,0.0516,true,1,13568
7290010154012,false,לימון בלאדי - סלט לימון כבוש,תבליני יוחאי ביטון,IL,תבליני יוחאי ביטון,גרמים,250.00,100 גרם,false,,12.90,0.0516,true,1,13569
7290010154036,false,עמבה 250 ג' ביטון,תבליני יוחאי ביטון,IL,תבליני יוחאי ביטון,גרמים,250.00,100 גרם,false,,12.90,0.0516,true,1,13571
7290010154050,false,אריסה מתוקה 250 ג' ביטון,תבליני יוחאי ביטון,IL,תבליני יוחאי ביטון,גרמים,250.00,100 גרם,false,,12.90,0.0516,true,1,66941
7290010154241,false,סלט חזרת ריף ביטון 250 ג',תבליני יוחאי ביטון,IL,תבליני יוחאי ביטון,גרמים,250.00,100 גרם,false,,12.90,0.0516,true,1,13572
7290010154265,false,פלפל צ'ומה חריף פיקנטי,תבליני יוחאי ביטון,IL,תבליני יוחאי ביטון,גרמים,250.00,100 גרם,false,,12.90,0.0516,true,1,13573
7290010154418,false,סחוג אדום ביטון 130 גר',תבליני יוחאי ביטון,IL,ביטון,גרמים,130.00,100 גרם,false,,7.90,0.0608,true,1,27512
7290010154425,false,סחוג ירוק ביטון 130 גר',תבליני יוחאי ביטון,IL,ביטון,גרמים,130.00,100 גרם,false,,7.90,0.0608,true,1,27513
7290010154678,false,אריסה מרוקאית ביטון 250 ג' ביטון,תבליני יוחאי ביטון,IL,תבליני יוחאי ביטון,גרמים,250.00,100 גרם,false,,12.90,0.0516,true,1,31421
7290010154685,false,סלט שום כתוש 250 ג' ביטון יוחאי,תבליני יוחאי ביטון,IL,תבליני יוחאי ביטון,גרמים,250.00,100 גרם,false,,12.90,0.0516,true,1,31422
7290010154692,false,סחוג אדום ביטון 250ג',תבליני יוחאי ביטון,IL,תבליני יוחאי ביטון,גרמים,250.00,100 גרם,false,,12.90,0.0516,true,1,61915
7290010163069,false,צנובר 100 גרם ששון הקולה,"דין שיווק וקלייה בע""",IL,ששון הקולה,גרמים,100.00,100 גרם,false,,19.90,0.1990,true,1,3140
7290010237548,false,"פפסי מקס דל קלוריות 500 מ""ל בקבוק",טמפו משקאות בעמ,IL,פפסי מקס,מיליליטרים,500.00,"100 מ""ל",false,,3.90,0.0078,true,1,11607
7290010237562,false,מירינדה פלסטיק 500מל,"טמפו משקאות בע""מ",IL,מירינדה,מיליליטרים,500.00,"100 מ""ל",false,,3.90,0.0078,true,1,11608
7290010237890,false,"בירה הייניקן בקבוק 500 מ""ל חוזר",טמפו משקאות בע''מ,IL,היינקן,מיליליטרים,500.00,"100 מ""ל",false,,8.90,0.0178,true,1,11618
7290010259359,false,וילי פוד נודלס אטר.ביצים להקפצה בדץ 200ג,פוג'יאן לונגהאי אנלי,CN,וילי פוד,גרמים,200.00,100 גרם,false,,4.90,0.0245,true,1,10745
7290010259366,false,וילי פוד נודלס אטר.ביצים מסולסל בדץ 200ג,פוג'יאן לונגהאי אנלי,CN,וילי פוד,גרמים,200.00,100 גרם,false,,4.90,0.0245,true,1,10746
7290010259823,false,מנת השף מרק עם נודלס טעם עוף בדץ 70ג,נמצ'או(תאילנד) בעמ,TH,וילי פוד,גרמים,70.00,100 גרם,false,,4.90,0.0700,true,1,10747
7290010259830,false,מרק עם נודלס סיני פיקנטי מנת השף 70 גר,נמצ'או(תאילנד) בעמ,TH,וילי פוד,גרמים,70.00,100 גרם,false,,4.90,0.0700,true,1,10748
7290010259847,false,מנת השף מרק עם נודלס טעם תירס בדץ 70ג,יוליניבר,TH,וילי פוד,גרמים,70.00,100 גרם,false,,4.90,0.0700,true,1,10749
7290010259861,false,מנת השף מרק עם נודלס בטעם ירקות בדץ 70ג,יוליניבר,TH,וילי פוד,גרמים,70.00,100 גרם,false,,4.90,0.0700,true,1,10751
7290010259977,false,שמן קנולה וילי פוד 1 ליטר,בונגי פולין אס.פי.זד,PL,וילי פוד,ליטרים,1.00,ליטר,false,,8.90,8.9000,true,1,68454
7290010259991,false,וילי פוד צנימים בדץ 250ג,וילי פוד,PT,וילי פוד,גרמים,250.00,100 גרם,false,,6.90,0.0276,true,1,10755
7290010328093,false,ממרח חלווה אחווה 400 ג' מהדרין,אחדות בית חרושת לטחי,IL,אחוה,גרמים,400.00,100 גרם,false,,10.70,0.0267,true,1,4089
7290010328246,false,טחינה גולמית שומשום מלא אחווה 500 ג',"אחדות ביח""ר לטחינה ח",IL,אחוה,גרמים,500.00,100 גרם,false,,9.90,0.0198,true,1,4092
7290010328253,false,טחינה משומשום טבעי 500 גר מהדרין,"אחדות ביח""ר לטחינה ח",IL,אחוה,גרמים,500.00,100 גרם,false,,9.90,0.0198,true,1,4093
7290010328468,false,אחווה חטיפי מיני חלווה ב- 3 טעמים 18 יח,שוורצקוף& הנקל דיסלד,IL,אחוה,גרמים,216.00,100 גרם,false,,9.90,0.0458,true,1,4096
7290010328505,false,אחווה חטיפי מיני חלווה ללא סוכר 15 יח,אחדות ביחר לטחינה חל,IL,אחוה,גרמים,150.00,100 גרם,false,,9.90,0.0660,true,1,4098
7290010328680,false,עוגה בטעם שוקולד עם שוקוצ'יפס מריר ולבן 450 גרם,אחדות ביחר לטחינה חל,IL,אחוה,גרמים,450.00,100 גרם,false,,9.90,0.0220,true,1,4104
7290010328710,false,קצפיות במגש -אחווה,אחדות ביחר לטחינה חל,IL,אחוה,גרמים,180.00,100 גרם,false,,7.90,0.0439,true,1,27329
7290010328819,false,"ממרח טחינה עם שוקולד לל""ס 400 ג' אחדות!.",אחדות ביחר לטחינה חל,IL,אחוה,גרמים,400.00,100 גרם,false,,10.70,0.0267,true,1,4114
7290010513703,false,צ'ופסטיקס צפצפה - 20 יחידות,גולין פנגזו,CN,מזרח ומערב,יח',20.00,יח',false,,6.90,0.3450,true,1,25600
7290010513727,false,פירורי לחם קינגדאו פנקו 200 גר,קינגדאו גוניון פודס,CN,מזרח ומערב,גרמים,200.00,100 גרם,false,,7.90,0.0395,true,1,25601
7290010627004,false,טחינה גולמית מסורתית ירושלים 500 ג',"בראשית ירושלים בע""מ",IL,טחינה ירושלים,גרמים,500.00,100 גרם,false,,15.90,0.0318,true,1,17181
7290010627844,false,טחינה גולמית שומשום מלא ירושלים 500גרם,"בראשית ירושלים בע""מ",IL,טחינה ירושלים,גרמים,500.00,100 גרם,false,,15.90,0.0318,true,1,17182
7290010632558,false,נובי91193-כפית ארוכה 18יח',E. I. CO Ltd,CN,נובי,יח',18.00,יח',false,,18.90,1.0500,true,1,5642
7290010632787,false,צימרוני אוזניים עץ 300יח',הדקלאים אגודת שיתופי,CN,כוטון סופט,יח',300.00,יח',false,,3.50,0.0117,true,1,5651
7290010650019,false,עולש אנדיב בלגי חוות,חוות פטריות תקוע,IL,אנדיב/עולש,גרמים,220.00,100 גרם,false,,11.90,0.0541,true,1,7152
7290010650033,false,בצלצלי שאלוט ארוז לי,חוות פטריות תקוע,IL,בצלי שלוט,גרמים,350.00,100 גרם,false,,10.90,0.0311,true,1,7154
7290010650040,false,פטריות שיטאקי טרי אר,"פנטה אמפאק בע""מ",IL,פטריות שיטאקי טרי,גרמים,100.00,100 גרם,false,,9.90,0.0990,true,1,7155
7290010650194,false,שורש גינגר טרי 250 ג,"פסח בא בע""מ",IL,גינגר מגשית 250 גרם,גרמים,250.00,100 גרם,false,,7.90,0.0316,true,1,7160
7290010650255,false,לקט פטריות מיובשות ל,קרלו,IL,לקט פטריות למרק,גרמים,25.00,100 גרם,false,,9.90,0.3960,true,1,7161
7290010650279,false,לקט פיטריות לפסטה 25,חקלאי,IL,לקט פטריות לפסטה,גרמים,25.00,100 גרם,false,,9.90,0.3960,true,1,7162
7290010650354,false,שורש כורכום טרי ארוז,פסטה לנסי,IL,שורש כורכום טרי ארוז,גרמים,120.00,100 גרם,false,,10.90,0.0908,true,1,7163
7290010650408,false,בצלצלי פנינה,פסטה לנסי,IL,שורש כורכום טרי ארוז,יח,1.00,יח,false,,10.90,10.9000,true,1,60929
7290010650576,false,פטריות שנוקי טרי ארו,"פנטה אמפאק בע""מ",IL,פטריות שיטאקי טרי,יח,1.00,יח,false,,9.90,9.9000,true,1,55020
7290010650590,false,ריזוטו פטריות מיובשו,קרלו,IL,ריזוטו פטריות מיובשות,גרמים,275.00,100 גרם,false,,10.90,0.0396,true,1,7166
7290010650668,false,גבעול למון גראס טרי,,,גבעול למון גראס טרי,גרמים,140.00,100 גרם,false,,9.90,0.0707,true,1,7167
7290010650798,false,תבשיל בורגול ופטריות,קרלו,IL,תבשיל בורגול ופטריות,גרמים,140.00,100 גרם,false,,13.90,0.0993,true,1,55026
7290010650804,false,תבשיל פתיתים ופטריות,,,תבשיל פתיתים ופטריות,גרמים,140.00,100 גרם,false,,13.90,0.0993,true,1,55027
7290010656592,false,מיץ ענבים תירוש אדום 100% טבעי 1 ליטר,יקב טפרברג 1870 בעמ,IL,תירוש 100% טהור אפרת,ליטרים,1.00,ליטר,false,,15.90,15.9000,true,1,12137
7290010656615,false,מיץ ענבים תירוש לבן 100% טבעי 1 ליטר,יקב טפרברג 1870 בעמ,IL,תירוש 1 ל לבן אפרת,ליטרים,1.00,ליטר,false,,15.90,15.9000,true,1,12138
7290010672851,false,מאפין חמישיות שוקו-ש,,,מאפינס שוקו צ'יפס חמ,גרמים,350.00,100 גרם,false,,11.90,0.0340,true,1,21167
7290010672868,false,מאפינס וניל שוקו ציפ,,,מאפינס וניל שוקו ציפ,גרמים,350.00,100 גרם,false,,11.90,0.0340,true,1,21168
7290010711932,false,שייני מטליות אינטנסיב רב שימושית 9 יח',נועם אורים תעשיות בע,IL,Shiny,יח',9.00,יח',false,,6.90,0.7667,true,1,5823
7290010748860,false,"ד""ר פישר - אפקטיב קר קרם ידיים אינטנסיב 150 מ""ל",פישר מעבדות פרמצבטיו,IL,אפקטיב קר,מיליליטרים,150.00,"100 מ""ל",false,,9.90,0.0660,true,1,12945
7290010748884,false,קרם גוף אינטנסיב Intensive לעור יבש במיוחד,פישר מעבדות פרמצבטיו,IL,אפקטיב קר,מיליליטרים,700.00,"100 מ""ל",false,,24.90,0.0356,true,1,12947
7290010748891,false,קרם גוף מולטי ויטמין Multi vitamin לעור רגיל- יבש,פישר מעבדות פרמצבטיו,IL,אפקטיב קר,מיליליטרים,700.00,"100 מ""ל",false,,24.90,0.0356,true,1,12948
7290010757893,false,"בורקס תפו""א ללא גלוטן פרווה - מוקפא",מאפיית ישראל חיפה,IL,"בורקס תפו""א ללא גלוט",גרמים,500.00,100 גרם,false,,19.90,0.0398,true,1,64127
7290010757909,false,בורקס גבינה ללא גלוטן - מוקפא,מאפיית ישראל חיפה,IL,בורקס גבינה ללא גלוט,גרמים,500.00,100 גרם,false,,19.90,0.0398,true,1,64128
7290010757961,false,אריאל ללא גלוטן-בורק,מאפיית ישראל חיפה,IL,ג'חנון ללא גלוטן 450,גרמים,450.00,100 גרם,false,,19.90,0.0442,true,1,64133
7290010766185,false,רוטב פסטה בזיליקום ע.תיבול אוליביה 420ג',אוליביה,IL,אוליביה,גרמים,420.00,100 גרם,false,,12.90,0.0307,true,1,7480
7290010766307,false,רוטב לפסטה בולונז אוליביה 420 ג' אסם,אוליביה,IL,אוליביה,גרמים,420.00,100 גרם,false,,12.90,0.0307,true,1,7482
7290010766734,false,רוטב פיצה אוליביה אסם 430 ג',אוליביה,IL,אוליביה,גרמים,430.00,100 גרם,false,,12.90,0.0300,true,1,7484
7290010766949,false,ממרח תחתיות ארטישוק 180ג' אוליביה,אוליביה,IL,אוליביה,גרמים,180.00,100 גרם,false,,12.90,0.0717,true,1,7485
7290010766956,false,ממרח אולביה פלפלים מתוקים אדומים 180 גר',אוליביה,IL,אוליביה,גרמים,180.00,100 גרם,false,,12.90,0.0717,true,1,7486
7290010777006,false,מארז לחמניות כוסמין 360 גרם,,IL,פיתות 10 יח,יח',6.00,יח',false,,14.90,2.4833,true,1,61027
7290010777082,false,פיתות עשיריה אופים,פיתה אקספרס,IL,פיתה אקספרס,יח',10.00,יח',false,,12.90,1.2900,true,1,7190
7290010777150,false,פיתה חיטה מלאה בריבוע 8יח' שקית 800 גר',מגוון שיווק והפצת מא,IL,פיתה אקספרס,יח',6.00,יח',false,,13.90,2.3167,true,1,7192
7290010777242,false,פיתה קריצה מחמצת 10יח,מאפיית ביכורים מזון,IL,פיתות 10 יח,יח',10.00,יח',false,,15.90,1.5900,true,1,7194
7290010777297,false,פיתה אקספרס מארז 12יח',מגוון שיווק והפצת מא,IL,פיתה אקספרס,יח',10.00,יח',false,,12.90,1.2900,true,1,7196
7290010777358,false,מארז שמיניית פיתות 100% כוסמין מלא,מגוון שיווק והפצת מא,IL,פיתה אקספרס,יח',8.00,יח',false,,15.90,1.9875,true,1,7198
7290010777488,false,מארז פיתות 100% מחמצת קמח מלא 500 גרם,מאפיית ביכורים מזון,IL,שאשא,יח,10.00,יח,false,,15.90,1.5900,true,1,65448
7290010777525,false,פיתות 100% כוסמין דק 99 קל 6 יח,מאפיית ביכורים מזון,IL,פיתות 100% כוסמין מל,גרמים,300.00,100 גרם,false,,15.90,0.0530,true,1,64609
7290010814695,false,שוקולד מריר ללא תוספת סוכר וסטהיים,כרמית תעשיות ממתקים,IL,אגו,גרמים,85.00,100 גרם,false,,4.90,0.0576,true,1,11373
7290010814701,false,שוקולד חלב ללא תוספת סוכר וסטהיים,כרמית תעשיות ממתקים,IL,אגו,גרמים,85.00,100 גרם,false,,4.90,0.0576,true,1,11374
7290010838219,false,ממתיק על בסיס צמח הסטיביה - שקיות,תות ממתקי איכות,IL,מרמולייט,יח',100.00,יח',false,,29.90,0.2990,true,1,8480
7290010849512,false,יין למברוסקו די לואיג'ירוזטו אמבילה,פארייפאבה אגרואינדוס,IT,די לואיג'י,מיליליטרים,750.00,"100 מ""ל",false,,24.90,0.0332,true,1,11284
7290010849529,false,יין למברוסקו די לואיג'י ביאנקו,פארייפאבה אגרואינדוס,IT,די לואיג'י,מיליליטרים,750.00,"100 מ""ל",false,,24.90,0.0332,true,1,11285
7290010883356,false,כפפות אלוורה רב שימושיות מרופדות גדול L,סנו סושי,CN,סנו סושי,יח',2.00,יח',false,,8.90,4.4500,true,1,9579
7290010883363,false,כפפות אלוורה רב שימושיות מרופדות קטן S,האי נאם סי או אל.טי.,CN,סנו סושי,יח',2.00,יח',false,,8.90,4.4500,true,1,9580
7290010883370,false,כפפות אלוורה רב שימושיות מרופדות בינוני M,האי נאם סי או אל.טי.,CN,סנו סושי,יח',2.00,יח',false,,8.90,4.4500,true,1,9581
7290010903917,false,שניצל תירס שף הטבע 1,משק ויילר,IL,שניצל תירס תפוגן,גרמים,1000.00,100 גרם,false,,21.90,0.0219,true,1,53272
7290010903931,false,כוכבי תירס שף הטבע 1,משק ויילר,IL,שניצל תירס תפוגן,גרמים,1000.00,100 גרם,false,,21.90,0.0219,true,1,53165
7290010945146,false,קוטג' 3% מועשר בסידן טרה 250 ג' מהדרין,טרה,IL,טרה,גרמים,250.00,100 גרם,false,,5.30,0.0212,true,1,15511
7290010945306,false,חלב 3% בקרטון 2 ל' טרה,טרה,IL,טרה,ליטרים,2.00,ליטר,false,,12.40,6.2000,true,1,15512
7290011015862,false,"פריגת סירופ דיאט לימונענע 750 מ""ל",סירופ - גבעת חיים,IL,סירופ דיאט,מיליליטרים,750.00,"100 מ""ל",false,,21.90,0.0292,true,1,9213
7290011017866,false,קוקה קולה קלאסי בפחית,החברה המרכזית לייצור,IL,קוקה קולה,מיליליטרים,330.00,"100 מ""ל",false,,5.00,0.0152,true,1,9219
7290011017873,false,"קוקה קולה זירו פחית 330 מ""ל",החברה המרכזית לייצור,IL,קוקה קולה ZERO,מיליליטרים,330.00,"100 מ""ל",false,,5.00,0.0152,true,1,9220
7290011017880,false,דיאט קוקה קולה פחית סליק 330מל,החברה המרכזית לייצור,IL,DIET COKE,מיליליטרים,330.00,"100 מ""ל",false,,5.00,0.0152,true,1,9221
7290011018184,false,"אייס תה FUZE TEAאפרסק 500 מ""ל",מבשלות בירה בינלאומי,IL,FUZE TEA,מיליליטרים,500.00,"100 מ""ל",false,,6.00,0.0120,true,1,9223
7290011018214,false,"פיוז תה מנגו אננס 500מ""ל",מבשלות בירה בעמ,IL,פיוז טי תה קר בטעם מ,מיליליטרים,500.00,"100 מ""ל",false,,6.00,0.0120,true,1,70478
7290011018368,false,"שישיית בירה ויינשטפן 330 מ""ל","ויינשטפן, ת.ד 1155 פ",DE,ויינשטפן,ליטרים,1.98,ליטר,false,,59.90,30.2525,true,1,26635
7290011018443,false,"פנטה אורנג פחית סליק 330 מ""ל",החברה המרכזית לייצור,IL,פאנטה,מיליליטרים,330.00,"100 מ""ל",false,,5.00,0.0152,true,1,9229
7290011018832,false,"קוקה קולה פרידגפק סליק 330 מ""ל שישייה",החברה המרכזית לייצור,IL,קוקה קולה,ליטרים,1.98,ליטר,false,,22.00,11.1111,true,1,9236
7290011018924,false,"מארז פחיות דיאט קוקה קולה שישייה 330 מ""ל",החברה המרכזית לייצור,IL,DIET COKE,ליטרים,1.98,ליטר,false,,22.00,11.1111,true,1,9239
7290011026066,false,"ד""ר פישר - סרקל שמפו + מרכך לילדים 1 ליטר","ד""ר פישר Dr fischer",IL,סרקל,ליטרים,1.00,ליטר,false,,22.80,22.8000,true,1,12949
7290011064020,false,בולגרית למריחה בטעמים 200 גר,גבינות ניצן,IL,גבינות עמיר ניצן,גרמים,200.00,100 גרם,false,,13.90,0.0695,true,1,6582
7290011064075,false,מעדן לאבנה ניצן אבו גוש 200 ג',הגבינות של ניצן,IL,גבינות עמיר ניצן,גרמים,200.00,100 גרם,false,,13.90,0.0695,true,1,6583
7290011064099,false,טאפס פלפלוני שרי ממולאים במעדן גבינה,"ניצן מותגי מזון בע""מ",IL,גבינות ניצן,גרמים,125.00,100 גרם,false,,19.90,0.1592,true,1,6584
7290011081492,false,גלידה בטעם שלושה שוקולדים 1.33ל' קרמיסימו,"גלידת שטראוס בע""מ, ר",IL,קרמיסימו 1.33 ליטר,ליטרים,1.33,ליטר,false,,18.90,14.2105,true,1,7896
7290011081690,false,קרמיסימו פרווה שוקו ציפ+וניל ציפ 1.33ל,"גלידת שטראוס בע""מ, ר",IL,קרמיסימו,ליטרים,1.33,ליטר,false,,18.90,14.2105,true,1,7897
7290011090920,false,כרוב סיני,קבוצת יבנה,IL,כרוב סיני,יח',1.00,יח',false,,6.90,6.9000,true,1,20446
7290011115203,false,אל סבון מוצק מבושם בניחוח עדין קלאסיק - מארז רביעיה,טרופיקל דגיל תעשיות,IL,נקה 7,גרמים,400.00,100 גרם,false,,10.90,0.0273,true,1,9589
7290011115241,false,אל סבון ארומטי מוצק ורוד ורד ויסמין - מארז רביעיה,"גליל כימיכלים בע""מ",IL,נקה 7,גרמים,400.00,100 גרם,false,,10.90,0.0273,true,1,9590
7290011115258,false,אל סבון מוצק מבושם בניחוח עדין קלאסיק - מארז רביעיה,"גליל כימיכלים בע""מ",IL,נקה 7,גרמים,400.00,100 גרם,false,,10.90,0.0273,true,1,9591
7290011115265,false,מארז סבון מוצק ארומה אל סבון מועשר בשמנים ארומטיים,"גליל כימיכלים בע""מ",IL,נקה 7,גרמים,400.00,100 גרם,false,,10.90,0.0273,true,1,9592
7290011115296,false,אל סבון מוצק מועשר בקרם לחות לבנדר - מארז רביעיה,נקה 7,,סבון נקה מוצק רביעיה,גרמים,400.00,100 גרם,false,,10.90,0.0273,true,1,9595
7290011126209,false,תה הגן הקסום תפוח וקינמון - סיידר 25 שקיקים,HIQ FOOD PRODUCTS,IL,ויסוצקי,גרמים,115.00,100 גרם,false,,16.90,0.1470,true,1,17183
7290011126452,false,חליטת קמומיל ונענע 25 שקיקים גן קסום,HIQ FOOD PRODUCTS,IL,ויסוצקי,גרמים,37.50,100 גרם,false,,16.90,0.4507,true,1,17188
7290011126469,false,חליטת קמומיל ודבש 25 שקיקים גן קסום,HIQ FOOD PRODUCTS,IL,ויסוצקי,גרמים,38.00,100 גרם,false,,16.90,0.4447,true,1,17189
7290011126957,false,תה ירוק ויסוצקי ארל גריי 25 שקיקים,ויסוצקי ירוק,IL,ויסוצקי,גרמים,937.50,100 גרם,false,,22.90,0.0244,true,1,17193
7290011131371,false,מוזלי קראנצ'י שקדים ואגוזים,ויטליאה ניקולה דו,MK,גרין,קילוגרמים,1.00,"ק""ג",false,,20.90,20.9000,true,1,3724
7290011131395,false,"מיזלי קראנץ 30% פירות 1 ק""ג",ויטליאה ניקולה דו,MK,גרין,קילוגרמים,1.00,"ק""ג",false,,20.90,20.9000,true,1,3726
7290011131654,false,מוזלי קראנצ'י ביג מיקס עם פירות ואגוזים,ויטליה ניקולא דו,MK,גרין,קילוגרמים,1.00,"ק""ג",false,,20.90,20.9000,true,1,3728
7290011133368,false,בירה שנדי בתוספת משקה תפוח - שישייה,"טמפו משקאות בע""מ",IL,שנדי,ליטרים,1.98,ליטר,false,,27.90,14.0909,true,1,11626
7290011142001,false,לחם שיפון בורודינסקי,,,לחם דואט 550 גרם,גרמים,550.00,100 גרם,false,,11.90,0.0216,true,1,22757
7290011142025,false,לחם שיפון אוקראינסקי 630 גר,,,לחם שיפון דואט 600 גרם,גרמים,600.00,100 גרם,false,,11.90,0.0198,true,1,22759
7290011142049,false,לחם קל לבריאות 630 ג,,,לחם קל לבריאות 630 גרם,גרמים,630.00,100 גרם,false,,11.90,0.0189,true,1,22761
7290011142148,false,שישיית לחמניות אצבע מאפיית דואט,,,לחמניות עגולות 8 יח,גרמים,450.00,100 גרם,false,,10.90,0.0242,true,1,22767
7290011142193,false,לחמניות קלועות מתוקות עם צימוקים 400 גרם,,,לחמניות עם צימוקים רביעיה,גרמים,400.00,100 גרם,false,,11.90,0.0298,true,1,22769
7290011142315,false,פרנה מאורך רביעיה 550 גר,,IL,לחם פרנה רביעייה 550 גרם,גרמים,550.00,100 גרם,false,,13.90,0.0253,true,1,22770
7290011142407,false,"לחם שבע דגנים 1100 ג""ר",,,"לחם שבעה דגנים 1.100 ק""ג",קילוגרמים,1.10,"ק""ג",false,,15.90,14.4545,true,1,22771
7290011142445,false,לחם כוסמין 620 גרם מאפיית דואט,אלון חברה ליצור שיוו,IL,לחם כוסמין בריוש 600,גרמים,620.00,100 גרם,false,,14.90,0.0240,true,1,35944
7290011142650,false,לחם שיפון 100% 900 גרם מאפיית דואט,,IL,לחם 100% שיפון 900 ג,גרמים,900.00,100 גרם,false,,15.90,0.0177,true,1,30565
7290011148959,false,פלפל טינקרבל יח שמיטה,"מרינה פטריות הגליל בע""מ",IL,פלפל טינקרבל,גרמים,200.00,100 גרם,false,,8.90,0.0445,true,1,628
7290011154035,false,"תרכיז תפוחים סחוט טעמי הגליל 500 מ""ל",טעמי הגליל,IL,*מבצע* תרכיז תפוחיים,מיליליטרים,500.00,"100 מ""ל",false,,19.90,0.0398,true,1,56482
7290011154080,false,"תרכיז תפוחים צלול טעמי הגליל 500 מ""ל",טעמי הגליל,IL,*מבצע* תרכיז תפוחיים,מיליליטרים,500.00,"100 מ""ל",false,,19.90,0.0398,true,1,56483
7290011194215,false,מעדן גבינה ויוגורט בטעם בננה 5% שומן 88 ג' דניאלה,"שטראוס בריאות בע""מ",IL,שטראוס,מיליליטרים,150.00,"100 מ""ל",false,,3.90,0.0260,true,1,15807
7290011194246,false,קוטג שטראוס 5% עם סידן 250ג,מיוצר עי קונדיטוריית,IL,שטראוס,גרמים,250.00,100 גרם,false,,5.80,0.0232,true,1,15808
7290011223038,false,עלים לקרמשניט - בונומי 300גרם,בונומי ס.פ.א,IT,וונט וונט,גרמים,300.00,100 גרם,false,,14.90,0.0497,true,1,8487
7290011223045,false,בונומי בישקוטים 200 גרם,בונומי ס.פ.א,IT,דנש,גרמים,200.00,100 גרם,false,,5.90,0.0295,true,1,8488
7290011223243,false,"טואלט דאק ג'ל לאסלה בניחוח לבנדר 55 מ""ל","איטיליאן פוד, אס.פי.",IT,דאק,מיליליטרים,55.00,"100 מ""ל",false,,7.40,0.1345,true,1,8495
7290011223434,false,מגבוני טואלט לחים פר,על בד,IL,פרשוואנס,יח',40.00,יח',false,,5.00,0.1250,true,1,8496
7290011249212,false,וופל עלמה בלגי לימון 200 גר' ללא סוכר,"גילרו בע""מ",IL,וופל בלגי עלמה 200 ג,גרמים,200.00,100 גרם,false,,2.90,0.0145,true,1,8202
7290011249748,false,רולים גלילי ופל במילוי קרם שוקולד 100 ג' עלמה,"גילרו בע""מ",IL,גילרו,גרמים,100.00,100 גרם,false,,2.90,0.0290,true,1,8208
7290011249755,false,רולים גלילי ופל במילוי קרם אגוזים 100 ג' עלמה,"גילרו בע""מ",IL,גילרו,גרמים,100.00,100 גרם,false,,2.90,0.0290,true,1,8209
7290011254032,false,קינואה מיה 500 גרם,"מיה תעשיות מזון בע""מ",IL,מיה,גרמים,500.00,100 גרם,false,,9.90,0.0198,true,1,12865
7290011254254,false,נטיפים צמקאו בטעם שוקולד,"מיה תעשיות מזון בע""מ",IL,מיה,גרמים,300.00,100 גרם,false,,6.90,0.0230,true,1,12869
7290011254346,false,"קינואה מיה בד""צ 1 ק""ג","מיה תעשיות מזון בע""מ",IL,מיה,קילוגרמים,1.00,"ק""ג",false,,15.90,15.9000,true,1,12870
7290011254728,false,ג'לטין טהור 25גרם בקרטונית,"מיה תעשיות מזון בע""מ",IL,מיה,גרמים,25.00,100 גרם,false,,9.90,0.3960,true,1,12875
7290011254766,false,"שעועית לוביה יבשה מיה 400 גר'בד""צ","מיה תעשיות מזון בע""מ",IL,מיה,גרמים,500.00,100 גרם,false,,7.90,0.0158,true,1,12877
7290011254773,false,שעועית ארגנטינאית יבשה מיה 500 גר',"מיה תעשיות מזון בע""מ",IL,מיה,גרמים,500.00,100 גרם,false,,7.90,0.0158,true,1,12878
7290011254780,false,"שעועית ארגנטינאית יבשה מיה 1 ק""ג","מיה תעשיות מזון בע""מ",IL,מיה,קילוגרמים,1.00,"ק""ג",false,,14.90,14.9000,true,1,12879
7290011332020,false,"שמן רחצה טיפולי לתינוק לעור רגיל אמול 500 מ""ל פישר","ד""ר פישר Dr fischer",IL,*מבצע* שמן רחצה טיפו,מיליליטרים,500.00,"100 מ""ל",false,,49.90,0.0998,true,1,53049
7290011332983,false,מגבונים לניקוי אף מגבונאף קמיל בלו- מארז שלישייה,"ד""ר פישר Dr fischer",IL,קמיל בלו,יח',90.00,יח',false,,24.90,0.2767,true,1,12950
7290011369200,false,צינור למקלחת 1.5 מטר,,,צינור למקלחת 1.5 מ,יח',1.00,יח',false,,25.90,25.9000,true,1,22664
7290011369224,false,קומלפט למקלחת לידר,,,קומלפט למקלחת לידר,יח',1.00,יח',false,,59.90,59.9000,true,1,22665
7290011378233,false,בארכה מאגדת חטיפי חלווה וניל ל.סוכר 120גר,רושדי תעשיות מזון בע,IL,"לל""ס מאגדת 6 יחידות חטיף",יח',6.00,יח',false,,10.90,1.8167,true,1,4677
7290011378257,false,חטיף חלבה בטעם וניל ללא תוספת סוכר בתוספת פיסטוק ופקאן,רושדי תעשיות מזון בע,IL,"לל""ס מאגדת 6 יחידות חטיף",יח',6.00,יח',false,,10.90,1.8167,true,1,4678
7290011378769,false,בארכה - חטיף בקטנה חלבה וניל 20 גרם * 6,רושדי תעשיות מזון בע,IL,מאגדת חטיף חלבה- וניל,גרמים,126.00,100 גרם,false,,10.90,0.0865,true,1,4680
7290011379926,false,סלרי עלים ארוז יח,"מרינה פטריות הגליל בע""מ",IL,סלרי עלים יח',יח,1.00,יח,false,,4.90,4.9000,true,1,54026
7290011447267,false,מטרנה פרימיום חלבי שלב 1 700 גרם חיסכון,מטרנה תעשיות ש.מ,IL,מטרנה,גרמים,700.00,100 גרם,false,,47.90,0.0684,true,1,4686
7290011447304,false,מטרנה פרימיום חלבי שלב 3 700 גרם חיסכון,מטרנה תעשיות ש.מ,IL,מטרנה,גרמים,700.00,100 גרם,false,,47.90,0.0684,true,1,4688
7290011447908,false,"סופר-קט בטעם עוף כבד 3 ק""ג",מעברות,IL,סופר קט,קילוגרמים,3.00,"ק""ג",false,,49.90,16.6333,true,1,50663
7290011473952,false,קוואקר מהיר הכנה טבעי 400 גר,ארוז ע' תבואות,GB,??????,גרמים,400.00,100 גרם,false,,5.90,0.0148,true,1,15270
7290011498177,false,שקד לבן 700 גרם,אלמנדוס,IL,*מבצע* שקד לבן 700 ג,גרמים,700.00,100 גרם,false,,49.90,0.0713,true,1,66053
7290011498221,false,גרוסליין - סילאן טבעי 900 גרם,אלמנדוס,IL,סילאן תמרים טבעי 900,גרמים,900.00,100 גרם,false,,16.90,0.0188,true,1,66057
7290011498351,false,חמאת לוז 200 גרם,אלמנדוס,IL,*מבצע* חמאת אגוזי לו,גרמים,200.00,100 גרם,false,,17.90,0.0895,true,1,66058
7290011498740,false,ממרח שקד מלא תבור 30,"אלמונדס בע""מ",IL,ממרח שקד מלא 300 גרם,גרמים,300.00,100 גרם,false,,34.90,0.1163,true,1,66052
7290011498870,false,חטיף תמרים במילוי חמאת שקדים 150 גרם,"אלמנדוס בע""מ",IL,*מבצע* חטיפי תמר במי,גרמים,150.00,100 גרם,false,,13.90,0.0927,true,1,66059
7290011498894,false,חטיף תמרים במילוי חמאת בוטנים 150 גרם,אלמנדוס,IL,*מבצע* חטיפי תמר במי,גרמים,150.00,100 גרם,false,,13.90,0.0927,true,1,66061
7290011498948,false,חטיף תמרים בציפוי שוקולד 150 גרם,"אלמנדוס בע""מ",IL,*מבצע* חטיפי תמר מצו,גרמים,150.00,100 גרם,false,,13.90,0.0927,true,1,66062
7290011498962,false,ממרח שקד לבן תבור 3,"אלמונדס בע""מ",IL,ממרח שקד לבן 300 גרם,גרמים,300.00,100 גרם,false,,34.90,0.1163,true,1,66055
7290011499051,false,פטה כבשים מסורתית 20% בגביע 250 גרם - רובין,MKN עבור מחלבות גד ב,IL,מחלבות גד,גרמים,250.00,100 גרם,false,,26.90,0.1076,true,1,13198
7290011499105,false,בולגרית מסורתית 5% 250 גרם -רבנות,ג'נרל מילס סאן אדריא,IL,מחלבות גד,גרמים,250.00,100 גרם,false,,23.50,0.0940,true,1,13199
7290011499112,false,בולגרית מסורתית 16% 250 גרם - רבנות,"מיוצר ע""י dsh",IL,מחלבות גד,גרמים,250.00,100 גרם,false,,23.50,0.0940,true,1,13200
7290011499129,false,בולגרית מעודנת קוביות קטנות 5% 200 גרם - רבנות,קוד יצרן DSH,IL,מחלבות גד,גרמים,200.00,100 גרם,false,,21.90,0.1095,true,1,13201
7290011499303,false,פטה עיזים מעודנת 5% בגביע 250 גרם - רבנות,ג'נרל מילס סאן אדריא,IL,מחלבות גד,גרמים,250.00,100 גרם,false,,31.80,0.1272,true,1,13205
7290011499327,false,גבינה בולגרית מעודנת 5% 250 גרם - רבנות,מיוצר על ידי DSH עבו,IL,מחלבות גד,גרמים,250.00,100 גרם,false,,23.50,0.0940,true,1,13207
7290011499341,false,קשקבל בוואקום 26% 200 גרם - רבנות,הנסיך- מפעל לייצור ט,IL,מחלבות גד,גרמים,200.00,100 גרם,false,,26.70,0.1335,true,1,13209
7290011499358,false,פטה עיזים מסורתית 20% בגביע 200 גרם - רובין,מיוצר על ידי קוד יצר,IL,מחלבות גד,גרמים,200.00,100 גרם,false,,26.90,0.1345,true,1,13210
7290011499365,false,גבינה חלומי נענע גד,"מחלבות גד בע""מ",IL,מחלבות גד,גרמים,200.00,100 גרם,false,,21.90,0.1095,true,1,13211
7290011499419,false,גבינה במרקם שמנת בטעם טבעי 5% ניו יורק,מחלבות גד,IL,מחלבות גד,גרמים,200.00,100 גרם,false,,12.90,0.0645,true,1,13213
7290011499525,false,גד לאבנה דרוזית 9% 500 ג',מחלבות גד בעמ,IL,מחלבות גד,גרמים,500.00,100 גרם,false,,21.50,0.0430,true,1,13216
7290011499624,false,שמנת 30% ניו יורק טבעי 200 גרם רבנות,מחלבות גד,IL,מחלבות גד,גרמים,200.00,100 גרם,false,,14.10,0.0705,true,1,13217
7290011499846,false,גבינת ריקוטה פרסקה 9% 300 ג' גד,מחלבות גד בעמ,IL,מחלבות גד,גרמים,300.00,100 גרם,false,,14.90,0.0497,true,1,13221
7290011501594,false,מיזלי פירות שקדיה 800 ג',"דין שיווק וקלייה בע""",IL,שקדיה,גרמים,800.00,100 גרם,false,,14.90,0.0186,true,1,24234
7290011502867,false,דלישס גרנולה במבחר אגוזים 500גר,"דין שיווק וקלייה בע""",IL,ששון הקולה,גרמים,500.00,100 גרם,false,,12.90,0.0258,true,1,3147
7290011502874,false,דלישס גרנולה עם פירות יבשים 500גר,"דין שיווק וקלייה בע""",IL,שקדיה,גרמים,500.00,100 גרם,false,,12.90,0.0258,true,1,3148
7290011505806,false,קיסמי שיניים דנטאליים מפלסטיק 200 יחידות בחבית,הוסטס Hostess,CN,הוסטס,יח',200.00,יח',false,,5.90,0.0295,true,1,5676
7290011514075,false,סט תפירה קטן,,,סט תפירה קטן,יח',1.00,יח',false,,9.90,9.9000,true,1,22672
7290011514105,false,מסנן כיור אמריקאי מסיליקון,,,מסנן סיליקון,יח',1.00,יח',false,,14.90,14.9000,true,1,22673
7290011514273,false,מתקן לסקוטש ואקום,,,מתקן לסקוטש ואקום,יח',1.00,יח',false,,9.90,9.9000,true,1,22676
7290011514280,false,וואקום סקוטש פתוח,,,וואקום סקוטש פתוח,יח',1.00,יח',false,,6.90,6.9000,true,1,22677
7290011514440,false,קולב על דלת,,,קולב על דלת,יח',1.00,יח',false,,29.90,29.9000,true,1,22681
7290011514464,false,גומיות צבעוניות,,,גומיות צבעוניות,יח',1.00,יח',false,,7.90,7.9000,true,1,22682
7290011514617,false,גומי לרכב,,,גומי לרכב,יח',2.00,יח',false,,9.90,4.9500,true,1,22688
7290011514761,false,סיכות ביטחון 3 גדלים,,,סיכות בטחון,יח',1.00,יח',false,,5.90,5.9000,true,1,22693
7290011514877,false,תחתית לכסא מלבד,,,תחתית לכסא מלבד,יח',1.00,יח',false,,10.90,10.9000,true,1,22694
7290011515683,false,מעדן קפוא אקסטרים Extreme בטעם וניל - 6 יח',תות תעשיות מזון (201,IL,אקסטרים,יח',6.00,יח',false,,32.90,5.4833,true,1,13803
7290011518561,false,"אקטימל תות משפחתי מארז 14X100מ""ל",מיוצר עי קונדיטוריית,IL,שטראוס,ליטרים,1.40,ליטר,false,,29.90,21.3571,true,1,15821
7290011524548,false,גרגירי חומוס 800 ג' פרי הגליל,"פרי הגליל בע""""מ",IL,פרי הגליל,גרמים,800.00,100 גרם,false,,9.90,0.0124,true,1,15023
7290011524555,false,שעועית לבנה אפויה 800 ג' פרי הגליל,"פרי הגליל בע""""מ",IL,פרי הגליל,גרמים,800.00,100 גרם,false,,11.90,0.0149,true,1,15024
7290011524968,false,פולי סויה מוקפאים Green & Fresh,גרין אנד פרש Green & Fresh,IL,GREEN @ FRESH,קילוגרמים,1.00,"ק""ג",false,,14.90,14.9000,true,1,15026
7290011525712,false,"קמיל בלו סנסיטיב אל סבון לפני השינה, 1 ליטר","ד""ר פישר Dr fischer",IL,קמיל בלו סנסיטיב,ליטרים,1.00,ליטר,false,,32.90,32.9000,true,1,12951
7290011525729,false,שמפו לתינוק קמיל בלו סנסטיב לפני השינה עם לבנדר וקמומיל,"ד""ר פישר Dr fischer",IL,קמיל בלו סנסיטיב,ליטרים,1.00,ליטר,false,,32.90,32.9000,true,1,12952
7290011530945,false,קרפציו עגל 210 גרם קפוא,בלדי,IL,בלדי,גרמים,210.00,100 גרם,false,,39.90,0.1900,true,1,55339
7290011570132,false,"תחליף קמח ללא גלוטן 1 קֿֿֿֿ""ג 10X",גלעם,IL,גלעם,קילוגרמים,1.00,"ק""ג",false,,15.90,15.9000,true,1,18798
7290011570507,false,"קמח נטול גלוטן כרגיל 1 ק""ג",אשבל -מזון פונקציונל,IL,אשבל,גרמים,450.00,100 גרם,false,,16.90,0.0376,true,1,18799
7290011570934,false,תערובת להכנת פנקייק ללא גלוטן 500 ג',אשבל מזון פונקציונאל,IL,כרגיל,גרמים,400.00,100 גרם,false,,16.90,0.0422,true,1,53729
7290011587093,false,תירס גמדי תומר 400 ג,איידונג יוזו,IL,תירס גמדי 400 גרם,גרמים,400.00,100 גרם,false,,6.90,0.0173,true,1,18803
7290011587444,false,מוזלי קראנצ'י בתוספת 35% פירות,Vitalia nikola ltd,MK,תומר,גרמים,600.00,100 גרם,false,,12.90,0.0215,true,1,18807
7290011587451,false,גרנולה בתוספת פירות ואגוזים,ויטליה,IL,גרנולה פירות ואגוזים,גרמים,600.00,100 גרם,false,,12.90,0.0215,true,1,53955
7290011587468,false,מוזלי קראנצ'י בתוספת אגוזים,Vitalia nikola ltd,MK,תומר,גרמים,600.00,100 גרם,false,,12.90,0.0215,true,1,18808
7290011587758,false,אטריות נודלס דק 200 גר' -תומר,אופאל,CN,תומר,גרמים,200.00,100 גרם,false,,4.90,0.0245,true,1,18813
7290011587765,false,אטריות נודלס עבה 200 גרם -תומר,,,נודלס עבה 200 גרם,גרמים,200.00,100 גרם,false,,4.90,0.0245,true,1,18814
7290011587840,false,עגבניות קצוצות בשמן 340 גר,,,עגבניות מיובשות בשמן 370,גרמים,370.00,100 גרם,false,,11.90,0.0322,true,1,18816
7290011593087,false,"שמן זית כתית מעולה 750 מ""ל סבא חביב",סאן אויל עיבוד ושיוו,IL,סבא חביב,מיליליטרים,750.00,"100 מ""ל",false,,29.90,0.0399,true,1,664
7290011598211,false,"סנו - אנטי קאלק מרסס ניקוי כללי 4 ב-1 700 מ""ל",מיוצר עי קונדיטוריית,IL,אנטי קאלק,מיליליטרים,700.00,"100 מ""ל",false,,14.90,0.0213,true,1,9601
7290011598402,false,סנו מקסימה מרכך כביסה וויט מילק 4 ליטר,סנו מקסימה,IL,מקסימה,ליטרים,4.00,ליטר,false,,21.90,5.4750,true,1,9603
7290011607180,false,"אבקת כביסה קולון 101 1.25 ק""ג",ריקט בנקיזר ( ניר אי,IL,קולון,קילוגרמים,1.25,"ק""ג",false,,12.90,10.3200,true,1,7763
7290011615260,false,"טורטייה 20 ס""מ קוטר וילי פוד 540 גר",מוטלוקל גידה סאנאי ט,TR,וילי פוד,גרמים,540.00,100 גרם,false,,7.90,0.0146,true,1,10766
7290011618025,false,חטיף אורז אפוי לתינוקות בטעם טבעי +6,גואנז'ו יונג וואנט פ,CN,וונט וונט,גרמים,50.00,100 גרם,false,,14.90,0.2980,true,1,8501
7290011618124,false,חטיף אורז אפוי לתינוקות בטעם ירקות +6,גואנז'ו יונג וואנט פ,CN,וונט וונט,גרמים,50.00,100 גרם,false,,14.90,0.2980,true,1,8504
7290011622428,false,כתמטמינים-חטיף בריאות לתינוקות וילדים 45 ג',מיוצר עבור גולדן האר,IL,גולדן הארט,גרמים,45.00,100 גרם,false,,5.90,0.1311,true,1,7521
7290011622817,false,חטיף דגנים במילוי קר,אשבול,IL,חטיף דגנים במילוי קר,גרמים,70.00,100 גרם,false,,15.90,0.2271,true,1,69950
7290011644000,false,מקלות תירס ממותקים 80 גרם,סנקי,IL,חטיף מקלות תירס מתוק,גרמים,80.00,100 גרם,false,,4.90,0.0613,true,1,52607
7290011668419,false,פנינה רוזנבלום-שמפו אובליפיחה יומי 750,א.ל ארמן,IL,פנינה רוזנבלום בע'מ,מיליליטרים,750.00,"100 מ""ל",false,,8.90,0.0119,true,1,15090
7290011723200,false,טחינה הר ברכה 100% שומשום טהור 500 גר,הר ברכה תעשיות,IL,הר ברכה,גרמים,500.00,100 גרם,false,,17.90,0.0358,true,1,8222
7290011725006,false,פטרוזיליה ארוזה למהדרין,קונספסיון/ פניסקור/,IL,פטרוזיליה מהדרין,יח',1.00,יח',false,,4.90,4.9000,true,1,22297
7290011725013,false,כוסברה ארוזה למהדרין,קונסרבאס פרדו,IL,כוסברה מהדרין,יח',1.00,יח',false,,4.90,4.9000,true,1,22298
7290011725020,false,שמיר מהדרין - ארוז,ברכת קטיף,IL,שמיר מהדרין,יח',1.00,יח',false,,4.90,4.9000,true,1,22299
7290011725037,false,נענע ארוזה למהדרין,קונסרווס אל.ג'י. זאס,IL,נענע מהדרין,יח',1.00,יח',false,,4.90,4.9000,true,1,22300
7290011725051,false,חסה ערבית מהדרין - א,קוסטר - תורכיה,IL,חסה מהדרין,יח',1.00,יח',false,,5.90,5.9000,true,1,22302
7290011725143,false,לבבות חסה ברכת דוד,קילט ניהול פרוייקטים,IL,רוזמרין מהדרין,יח',1.00,יח',false,,11.90,11.9000,true,1,633
7290011725167,false,בצל ירוק ארוז למהדרין,קלדש הולמן,IL,בצל ירוק מהדרין,יח',1.00,יח',false,,5.90,5.9000,true,1,22308
7290011725457,false,בצל ירוק למהדרין הית,קלדש הולמן,IL,בצל ירוק מהדרין,יח',1.00,יח',false,,5.90,5.9000,true,1,63014
7290011725464,false,סלרי למהדרין היתר מכ,,IL,סלרי עלים מהדרין,יח',1.00,יח',false,,5.90,5.9000,true,1,63015
7290011725471,false,עלי סלק למהדרין היתר,קוסמופארם,IL,עלי סלק מהדרין,יח',1.00,יח',false,,5.90,5.9000,true,1,63016
7290011725488,false,כרוב לבן למהדרין הית,קוסמופול,IL,כרוב לבן מהדרין,קילוגרמים,1.00,"ק""ג",true,,11.90,11.9000,true,1,63017
7290011725495,false,כרוב אדום למהדרין הי,קוסקוס,IL,כרוב אדום מהדרין,קילוגרמים,1.00,"ק""ג",true,,11.90,11.9000,true,1,63018
7290011765095,false,קרמה מן גל גילוח אלוורה ירוק 200 מל,טרופיקל דגיל תעשיות,TR,קרמה מן,מיליליטרים,200.00,"100 מ""ל",false,,13.90,0.0695,true,1,9607
7290011765446,false,משחת שיניים לילדים בוב ספוג בטעם מיץ ענבים עם פלואוריד למניעת עששת,טרופיקל דגיל קוסמטיק,IL,אורביטול,גרמים,70.00,100 גרם,false,,7.90,0.1129,true,1,9622
7290011765613,false,סנו מסיר עובש בניחות לימון מתז 1 ל',סנו,IL,מסיר עובש בניחוח לימ,מיליליטרים,1000.00,"100 מ""ל",false,,15.90,0.0159,true,1,51500
7290011860271,false,ביסבול כדורי פירה בציפוי פריך,"תעשיות תפוגן בע""מ",IL,תפוגן,גרמים,700.00,100 גרם,false,,15.90,0.0227,true,1,4696
7290011877088,false,"רדיד אלומיניום רוחב 30 ס""מ, 18 מיקרון - מארז זוג",בורסה פאזרי,TR,צמד רדיד אלומניום 30,מטרים,15.00,מטר,false,,14.90,0.9933,true,1,9624
7290011877101,false,מבשם אוויר נטול גז מאסק,מיוצר עי קונדיטוריית,IL,סנומוד,מיליליטרים,150.00,"100 מ""ל",false,,9.90,0.0660,true,1,9626
7290011877156,false,"מבשם אוויר, בגדים וארונות פרש בניחוח מאסק",מיוצר עי קונדיטוריית,IL,סנופרש,מיליליטרים,375.00,"100 מ""ל",false,,9.90,0.0264,true,1,9627
7290011877859,false,סנו אינסטלטור חדש פותח סתימות 200ג',מיוצר עי קונדיטוריית,IL,סנו אינסטלטור,גרמים,200.00,100 גרם,false,,13.90,0.0695,true,1,9632
7290011877866,false,אבקת כביסה סנו מקסימה בניחוח Musk,"איי, בי, אינבוו",IL,מקסימה,קילוגרמים,6.00,"ק""ג",false,,44.90,7.4833,true,1,9633
7290011923273,false,טופו אורגני 300 גרם ליב,א.י.ן תעשיות מזון בע,IL,טופו אורגני 300גרם ל,גרמים,300.00,100 גרם,false,,11.90,0.0397,true,1,29096
7290011923303,false,טופו טבעי 300גרם ליב,א.י.ן תעשיות מזון בע,IL,טופו טבעי 300גרם ליב,גרמים,300.00,100 גרם,false,,9.90,0.0330,true,1,29097
7290011947316,false,זיתא זיתי קלמטה בשמן זית כתית מעולה 215ג,זיתא - י.ט.ב תעשיות,IL,זיתא,גרמים,215.00,100 גרם,false,,13.50,0.0628,true,1,17199
7290011947521,false,"שמן זית כתית מעולה 750 מ""ל טעם מודגש זיתא",זיתא - י.ט.ב תעשיות,IL,זיתא,מיליליטרים,750.00,"100 מ""ל",false,,28.90,0.0385,true,1,17209
7290011947743,false,זיתים זיתא מיקס זית ירוק וזית קלמטה 215 גרם,זיתא - י.ט.ב תעשיות,IL,זיתא,גרמים,215.00,100 גרם,false,,13.50,0.0628,true,1,55345
7290011947798,false,זית קלמטה ללא גלעין עם שמן זית כתית 190 ג',זיתא - י.ט.ב תעשיות,IL,זיתא,גרמים,190.00,100 גרם,false,,13.90,0.0732,true,1,60017
7290011964344,false,תבלין שום גבישי 120 ג',"תבליני טעם וריח בע""מ",IL,"תבליני טעם וריח בע""מ",גרמים,120.00,100 גרם,false,,9.90,0.0825,true,1,21229
7290011964542,false,תבלין פפריקה מתוקה 400ג',"תבליני טעם וריח בע""מ",IL,"תבליני טעם וריח בע""מ",גרמים,400.00,100 גרם,false,,22.90,0.0572,true,1,21230
7290011964566,false,תערובת גריל לעוף 400,"תבליני טעם וריח בע""מ",IL,"תבליני טעם וריח בע""מ",גרמים,400.00,100 גרם,false,,22.90,0.0572,true,1,21232
7290011964597,false,תבלין כמון טחון 400גר,"תבליני טעם וריח בע""מ",IL,"תבליני טעם וריח בע""מ",גרמים,400.00,100 גרם,false,,22.90,0.0572,true,1,21233
7290011964627,false,תבלין פפריקה מתוקה בשמן 400ג',"תבליני טעם וריח בע""מ",IL,"תבליני טעם וריח בע""מ",גרמים,400.00,100 גרם,false,,22.90,0.0572,true,1,21236
7290011964658,false,תבלין מלח לימון טעם,"תבליני טעם וריח בע""מ",IL,"תבליני טעם וריח בע""מ",גרמים,170.00,100 גרם,false,,9.90,0.0582,true,1,21237
7290011964689,false,תבלין תיבול על האש ללא מונוס' 100ג',"תבליני טעם וריח בע""מ",IL,"תבליני טעם וריח בע""מ",גרמים,100.00,100 גרם,false,,9.90,0.0990,true,1,21238
7290011964702,false,תבלין תיבול לשווארמה ללא מונוסו' 100ג',"תבליני טעם וריח בע""מ",IL,"תבליני טעם וריח בע""מ",גרמים,100.00,100 גרם,false,,9.90,0.0990,true,1,21240
7290011987015,false,פילה הרינג בוואקם 200 גר,אס.פי.פיש האוס,IL,אס.פי.פיש האוס,גרמים,200.00,100 גרם,false,,10.90,0.0545,true,1,19133
7290011987466,false,סלמון פרוס בוואקום 200 גר,אס.פי.פיש האוס,IL,אס.פי.פיש האוס,גרמים,200.00,100 גרם,false,,38.90,0.1945,true,1,19135
7290011987480,false,סלמון פרוס 300 גרם,אס.פי.פיש האוס,IL,אס.פי.פיש,גרמים,300.00,100 גרם,false,,56.90,0.1897,true,1,56589
7290012001994,false,חרדל דיז'ון גרעינים 350 ג' ריין דיזון,ריין דיז'ון reine dijon,FR,ריין דיז'ון,גרמים,350.00,100 גרם,false,,9.90,0.0283,true,1,21845
7290012019050,false,שום צעיר כבוש ובוגר וציפורן בחומץ 330 גר,קינדאו,CN,שום צעיר ושיני שום 3,גרמים,330.00,100 גרם,false,,9.90,0.0300,true,1,69852
7290012019258,false,מחית תפוחי עץ רביעיה 4 * 113 ג' תומר,Cherry growers inc,US,תומר,גרמים,452.00,100 גרם,false,,10.90,0.0241,true,1,18824
7290012019265,false,"רסק תפוֿֿֿֿ""ע פלסטיק דיאט 4יח'12X",Cherry growers inc,US,רסק תפוחי עץ דיאט רביעיה,גרמים,452.00,100 גרם,false,,10.90,0.0241,true,1,18825
7290012022203,false,קליליות חיטה מלאה די,דילייט 2005,IL,קליליות,גרמים,100.00,100 גרם,false,,13.90,0.1390,true,1,22310
7290012022227,false,קליליות חיטה טעם טבעי,דילייט 2005,IL,קליליות,גרמים,60.00,100 גרם,false,,11.90,0.1983,true,1,22311
7290012022272,false,פריכיות קליליות קידס,דילייט 2005,IL,קליליות,גרמים,30.00,100 גרם,false,,10.50,0.3500,true,1,26807
7290012025822,false,שמיר סלק אסלי 400 גר,"סלטי שמיר 2006 בע""מ",IL,אסלי,גרמים,400.00,100 גרם,false,,9.90,0.0248,true,1,64032
7290012025839,false,מטבוחה שמיר אסלי 400 גרם,"סלטי שמיר 2006 בע""מ",IL,אסלי,גרמים,400.00,100 גרם,false,,10.90,0.0273,true,1,64033
7290012046193,false,סקושט ברייט ספוג קרצ,M3,ES,סקוטש-ברייט,יח',9.00,יח',false,,14.90,1.6556,true,1,65160
7290012116360,false,פוליויקס לטיפול ברצפות גרניט פורצלן וקרמיקה,"מפעלי סנו ברונוס בע""",IL,פוליויקס,ליטרים,2.00,ליטר,false,,16.90,8.4500,true,1,9644
7290012116537,false,"סנו מקסימה אבקת כביסה 2.5 ק""ג מאסק",טרופיקל דגיל תעשיות,IL,מקסימה,קילוגרמים,2.50,"ק""ג",false,,22.90,9.1600,true,1,9645
7290012116551,false,סנו אנטי קאלק רב שימושי 2 ליטר- 4 ב 1,מיוצר עי קונדיטוריית,IL,אנטי קאלק,ליטרים,2.00,ליטר,false,,19.90,9.9500,true,1,9646
7290012116612,false,אורביטול מברשת שיניים מארז 4 יח',ג'נרל מילס סאן אדריא,CN,אורביטול,יח',4.00,יח',false,,10.90,2.7250,true,1,9648
7290012116674,false,"דאודורנט גל קול 75 מ""ל קרמה מן",קוסמופארם,IL,כיף,יח',1.00,יח',false,,13.90,13.9000,true,1,9650
7290012117039,false,סנו 00 לניקוי אמבטיות 1 ליטר,סנו,IL,סנו,ליטרים,1.00,ליטר,false,,7.90,7.9000,true,1,9656
7290012117091,false,אבקת -כביסה סנו מקסימה סנסיטיב 6 קג,סנו מקסימה,IL,מקסימה,קילוגרמים,6.00,"ק""ג",false,,44.90,7.4833,true,1,9658
7290012117275,false,נוזל רב תכליתי לניקוי ולהברקה מילוי,טרופיקל דגיל תעשיות,IL,סנוקליר,מיליליטרים,750.00,"100 מ""ל",false,,5.90,0.0079,true,1,9660
7290012117350,false,סנו ריצפז פרש 2 ליטר לילך לבנדר,"סנו מפעלי ברונוס בע""",IL,ריצפז,ליטרים,2.00,ליטר,false,,17.90,8.9500,true,1,9661
7290012117428,false,"קרמה מן שמפו+גל רחצה 2 ב1 700 מ""ל מעינות",טרופיקל דגיל תעשיות,IL,קרמה מן,מיליליטרים,700.00,"100 מ""ל",false,,14.90,0.0213,true,1,9664
7290012117435,false,"קרמה - שמפו וג'ל רחצה 2 ב-1 אלוורה 700 מ""ל",טרופיקל דגיל תעשיות,IL,קרמה מן,מיליליטרים,700.00,"100 מ""ל",false,,14.90,0.0213,true,1,9665
7290012117534,false,סנו - מקסימה מרכך כביסה מרוכז קול 1 ליטר,"סנו מפעלי ברונוס בע""",IL,מקסימה,ליטרים,1.00,ליטר,false,,16.90,16.9000,true,1,9667
7290012117541,false,מרכך כביסה מקסימה קומפקט צהוב 1 ל' סנו,סנו מקסימה,IL,מרכך מקסימה מרוכז 1,ליטרים,1.00,ליטר,false,,16.90,16.9000,true,1,9668
7290012117558,false,מרכך כביסה קומפקט מאסק ורוד סנו מקסימה 1 ל',"סנו מפעלי ברונוס בע""",IL,מקסימה,ליטרים,1.00,ליטר,false,,16.90,16.9000,true,1,9669
7290012117732,false,סנו - מקסימה מרכך כביסה קול שחור 4 ליטר,"סנו מפעלי ברונוס בע""",IL,מקסימה,ליטרים,4.00,ליטר,false,,21.90,5.4750,true,1,9676
7290012117916,false,סנו אינסטלאטור פותח סתימות נוזלי 1 ל',"סנו מפעלי ברונוס בע""",IL,סנו אינסטלטור,ליטרים,1.00,ליטר,false,,26.90,26.9000,true,1,9678
7290012139598,false,"חול קיטי 10 ק""ג",בנטס,TR,"חול קיטי 10 ק""ג",קילוגרמים,10.00,"ק""ג",false,,49.90,4.9900,true,1,64171
7290012159480,false,קאווה גוטה דה מרוויה חצי יבש,,,יין לבן חצי יבש מבעבע,מיליליטרים,700.00,"100 מ""ל",false,,24.90,0.0356,true,1,7295
7290012159497,false,יין לבן יבש מבעבע גוטה דה מרוויה Gota De Maravilla,יושלם,IL,יין לבן יבש מבעבע,מיליליטרים,700.00,"100 מ""ל",false,,24.90,0.0356,true,1,7296
7290012191985,false,גפרור קטן מנורה,S.M.P.L,IN,S.M.P.L,יח',10.00,יח',false,,2.50,0.2500,true,1,13678
7290012191992,false,גפרורי בטיחות - גפרורים ארוכים,מנורה,IN,S.M.P.L,יח',45.00,יח',false,,4.90,0.1089,true,1,13679
7290012226021,false,סלמי מעושן פראג יבש 400 ג' זוגלובק,זוגלובק,IL,זוגלובק,גרמים,400.00,100 גרם,false,,14.90,0.0373,true,1,24816
7290012226120,false,מב זוגלובק קבנוס 135,זוגלובק,IL,זוגלובק,גרמים,135.00,100 גרם,false,,9.90,0.0733,true,1,24817
7290012226922,false,קבנוס בטעם שום 135 ג' זוגלובק,זוגלובק,IL,זוגלובק,גרמים,135.00,100 גרם,false,,9.90,0.0733,true,1,24819
7290012226939,false,קבנוס עם צ'ילי חריף 135ג' זוגלובק,זוגלובק,IL,זוגלובק,גרמים,135.00,100 גרם,false,,9.90,0.0733,true,1,24820
7290012226991,false,"נקניקיות עוף באריזת ג''מבו 1.5 ק""ג זוגלובק",זוגלובק,IL,זוגלובק,קילוגרמים,1.50,"ק""ג",false,,26.90,17.9333,true,1,24825
7290012227172,false,חרמן הודו בדבש וברביקיו זוג במארז 600 ג' זוגלובק,זוגלובק,IL,זוגלובק,גרמים,600.00,100 גרם,false,,25.90,0.0432,true,1,24828
7290012227325,false,סלמי דק דק מעושן איטלקי 120 ג' זוגלובק,זוגלובק,IL,זוגלובק,גרמים,120.00,100 גרם,false,,12.90,0.1075,true,1,30480
7290012227615,false,נקניקיות עוף זוגלובק 800 ג' מחפוד,זוגלובק,IL,זוגלובק,גרמים,800.00,100 גרם,false,,23.90,0.0299,true,1,30873
7290012227776,false,פסטרמה הודו מחפוד 400ג זוגלובק,זוגלובק,IL,זוגלובק,גרמים,400.00,100 גרם,false,,19.90,0.0497,true,1,30877
7290012227783,false,נקניק תה מעושן מחפוד זוגלובק 400ג',זוגלובק,IL,זוגלובק,גרמים,400.00,100 גרם,false,,17.90,0.0447,true,1,30878
7290012227912,false,קבנוס עודן 135 ג' זוגלובק,זוגלובק,IL,זוגלובק,גרמים,135.00,100 גרם,false,,9.90,0.0733,true,1,24838
7290012227974,false,פסטרמה הודו בדבש טהור דק דק דק,זוגלובק,IL,זוגלובק,גרמים,120.00,100 גרם,false,,12.90,0.1075,true,1,30481
7290012227981,false,פסטרמה דק דק ברביקיו 120 ג' זוגלובק,זוגלובק,IL,זוגלובק,גרמים,120.00,100 גרם,false,,12.90,0.1075,true,1,30482
7290012227998,false,פסטרמה דק דק חזה בקר 120 ג' זוגלובק,זוגלובק,IL,זוגלובק,גרמים,120.00,100 גרם,false,,12.90,0.1075,true,1,30483
7290012228124,false,קבנוס סטיקס עם נגיעות מלח ים סדרת ריינהולד'ס,זוגלובק,IL,זוגלובק,גרמים,50.00,100 גרם,false,,9.90,0.1980,true,1,30126
7290012228261,false,נקנקיות קנקרס הודו ועוף ריינהולד'ס זוגלובק 300 ג',זוגלובק,IL,זוגלובק,גרמים,300.00,100 גרם,false,,19.90,0.0663,true,1,24839
7290012228278,false,נקנקיות בוקוורסט עוף ובקר ריינהולד'ס 310 ג' זוגלובק,זוגלובק,IL,זוגלובק,גרמים,310.00,100 גרם,false,,19.90,0.0642,true,1,24840
7290012228766,false,קבנוס מחפוד זוגלובק,זוגלובק,IL,קבנוס מחפוד 120 גרם,גרמים,120.00,100 גרם,false,,9.90,0.0825,true,1,59836
7290012245244,false,"ציפס קלאסייק 2.5 ק""ג גולדן",קפוא זן,IL,צ'יפס משפחתי קלאסי 2,קילוגרמים,2.50,"ק""ג",false,,28.90,11.5600,true,1,65984
7290012245275,false,"גולד ציפס בטטה קריספי 1 ק""ג",אגריסטו,BE,צ'יפס בטטה קריספי 1,קילוגרמים,1.00,"ק""ג",false,,25.90,25.9000,true,1,70412
7290012245312,false,"צ'יפס אמריקאי 1.5 ק""ג גולד שארית",יוליניבר,IL,צ'יפס אמריקאי קפוא 7,גרמים,1500.00,100 גרם,false,,18.90,0.0126,true,1,55749
7290012245329,false,"צ'יפס קלאסי 1.5 ק""ג גולד שארית",יוליניבר,BE,צ'יפס קלאסי קפוא 1.5,גרמים,1500.00,100 גרם,false,,18.90,0.0126,true,1,55750
7290012245336,false,"גולד צ'יפס סטייק 1.5 ק""ג גולד שארית",אגריסטו,IL,סטייק צ'יפס קפוא 1.5,גרמים,1500.00,100 גרם,false,,18.90,0.0126,true,1,55751
7290012247729,false,כנפיים עוף קפוא,"נטו מלינדה סחר בע""מ",,כנפיים עוף קפוא,קילוגרמים,1.00,"ק""ג",true,,8.90,8.9000,true,1,65306
7290012247804,false,סטייק פרגית קפוא,"נטו מלינדה סחר בע""מ",,*מבצע* סטייק פרגית ק,קילוגרמים,1.00,"ק""ג",true,,59.90,59.9000,true,1,65307
7290012247859,false,כבד עוף קפוא,"נטו מלינדה סחר בע""מ",,כבד עוף קפוא,קילוגרמים,1.00,"ק""ג",true,,14.90,14.9000,true,1,69949
7290012251627,false,קבנוס לכלב בטעם בקר,,,קבנוס לכלב בטעם בקר,גרמים,120.00,100 גרם,false,,12.90,0.1075,true,1,59418
7290012251634,false,קבנוס לכלב בטעם כבש,,,קבנוס לכלב בטעם כבש,גרמים,120.00,100 גרם,false,,12.90,0.1075,true,1,59419
7290012251641,false,קבנוס לכלב בטעם עוף,,,קבנוס לכלב בטעם עוף,גרמים,120.00,100 גרם,false,,12.90,0.1075,true,1,59420
7290012260827,false,שערות קדאיף מזאווי 4,"ממתקי מזוואי בע""מ",IL,שערות קדאיף 500 ג,גרמים,500.00,100 גרם,false,,13.90,0.0278,true,1,26105
7290012275401,false,מולר בירה לבנה בקבוק גרמנית 500מל,הלניק בריויריס אוף א,GR,????,מיליליטרים,500.00,"100 מ""ל",false,,3.90,0.0078,true,1,7966
7290012309878,false,חלבה פיסטוק ששון הקולה 500 ג',דין שיווק,IL,ששון הקולה,גרמים,500.00,100 גרם,false,,14.90,0.0298,true,1,3151
7290012313073,false,מיקס זיתים מגולענים 560 ג' יבנה,קבוצת יבנה,IL,מיקס זיתים מגולענים,גרמים,560.00,100 גרם,false,,10.90,0.0195,true,1,65117
7290012313141,false,מלפפון פרוס במלח A2 ק.יבנה 540ג',אף.סי תבליני בגליל ב,IL,קבוצת יבנה,גרמים,320.00,100 גרם,false,,6.50,0.0203,true,1,15408
7290012313240,false,יבנה זיתים מיקס ירוק וקלמטה 560 גר',קבוצת יבנה,,מיקס זית ירוק וקמלטה,גרמים,560.00,100 גרם,false,,11.50,0.0205,true,1,59913
7290012313400,false,זיתים סורי מבוקעים 215 ג' יבנה,קבוצת יבנה,IL,זית סורי מבוקע 215,גרמים,215.00,100 גרם,false,,11.90,0.0553,true,1,66516
7290012313424,false,זיתים קלמטה שלם 215 ג' יבנה,קבוצת יבנה,IL,זית קלמטה שלם 215 גר,גרמים,215.00,100 גרם,false,,11.90,0.0553,true,1,66515
7290012313431,false,זיתים מרוקאיים יבשים 215 ג' יבנה,קבוצת יבנה,IL,זית מרוקאי יבש 215 ג,גרמים,215.00,100 גרם,false,,11.90,0.0553,true,1,66518
7290012313448,false,זית מעדנייה מתובל 21,קבוצת יבנה,IL,זית מעדנייה מתובל 21,גרמים,215.00,100 גרם,false,,11.90,0.0553,true,1,66519
7290012367717,false,קרם ידיים וציפורניים Intensive relief לעור יבש ומגורה,פישר מעבדות פרמצבטיו,IL,אפקטיב קר,מיליליטרים,150.00,"100 מ""ל",false,,9.90,0.0660,true,1,12955
7290012367908,false,שמן טיפולי לתינוק בתוספת אלוורה Kamil Blue Sensitive,"ד""ר פישר Dr fischer",IL,"ד""ר פישר",מיליליטרים,200.00,"100 מ""ל",false,,14.90,0.0745,true,1,12956
7290012384479,false,עוגת שמרים תפוחים פר,,,עוגת שמרים תפוחים פר,יח,1.00,יח,false,,29.90,29.9000,true,1,64175
7290012384493,false,עוגת שמרים פרימיום ח,,,עוגת שמרים פרימיום ח,יח,1.00,יח,false,,29.90,29.9000,true,1,64176
7290012384561,false,עוגת שמרים פרימיום ג,,,עוגת שמרים פרימיום ג,יח,1.00,יח,false,,29.90,29.9000,true,1,64177
7290012384592,false,עוגת שמרים פרימיום ש,,,עוגת שמרים פרימיום ש,יח,1.00,יח,false,,29.90,29.9000,true,1,64179
7290012404955,false,ספרינג קולקשן נקטר חמוציות 1.25 ל',"יפאורה תבורי בע""מ",IL,ספרינג,ליטרים,1.25,ליטר,false,,12.40,9.9200,true,1,11878
7290012413643,false,תה ירוק קמומיל 25 שקיקים ויסוצקי,ויסוצקי ירוק,IL,ויסוצקי,גרמים,937.50,100 גרם,false,,22.90,0.0244,true,1,17214
7290012483233,false,אנשובי ארוך בשמן זית צנצנת 80ג' ויליפוד,קונסרבס,ES,אנשובי בשמן זית 80 ג,גרמים,80.00,100 גרם,false,,13.90,0.1738,true,1,49377
7290012483608,false,"אורז בסמטי מובחר 5 ק""ג",הנסיך- מפעל לייצור ט,IN,DAAWAT,קילוגרמים,5.00,"ק""ג",false,,49.90,9.9800,true,1,10770
7290012561405,false,בצל חצי מטוגן דורות 180 גרם,עיצובים 2020 (3.8),IL,דורות,גרמים,180.00,100 גרם,false,,9.90,0.0550,true,1,4704
7290012576607,false,"יין פרימייר אדום קברנה סובניון ומלבק 750 מ""ל","ברקן שיווק והפצה בע""",IL,פרמייר,מיליליטרים,750.00,"100 מ""ל",false,,22.90,0.0305,true,1,11638
7290012576614,false,יין Premieur לבן חצי יבש אמרלד ריזלינג קולומברד,יקבי ברקן שיווק והפצ,IL,פרמייר,מיליליטרים,750.00,"100 מ""ל",false,,22.90,0.0305,true,1,11639
7290012642036,false,"פסטה ""לה פסטה"" 400 ג' ספגטי 400 ג'",מוטלו,TR,לה פסטה,גרמים,400.00,100 גרם,false,,3.50,0.0088,true,1,18828
7290012642586,false,ערמונים קלופים תומר 100 ג',Tangshan huiyuan foo,CN,תומר,גרמים,100.00,100 גרם,false,,4.90,0.0490,true,1,18835
7290012645280,false,"יוגורט כבשים טבעי 2.8% בגביע חלב הארץ 150מ""ל",מחלבות סוסיא,IL,חלב הארץ,גרמים,150.00,100 גרם,false,,4.90,0.0327,true,1,15830
7290012645297,false,סוסיא יוגורט עיזים ביו 2.8% ט.טבעי 150מל,מחלבות סוסיא,IL,חלב הארץ,גרמים,150.00,100 גרם,false,,4.90,0.0327,true,1,15831
7290012645389,false,יוגורט עיזים טבעי חלב הארץ 1 ל',מחלבות סוסיא,IL,חלב הארץ,ליטרים,1.00,ליטר,false,,21.90,21.9000,true,1,15834
7290012665059,false,קובה למרק 400 גרם,"חמים וטעים בע""מ",IL,"חמים וטעים בע""מ",גרמים,400.00,100 גרם,false,,12.90,0.0323,true,1,11200
7290012724817,false,נענע יח בשקית,"מרינה פטריות הגליל בע""מ",IL,נענע טרי ארוז,יח,1.00,יח,false,,3.90,3.9000,true,1,54027
7290012724824,false,שמיר יח בשקית,"מרינה פטריות הגליל בע""מ",IL,שמיר טרי ארוז,יח,1.00,יח,false,,3.90,3.9000,true,1,54028
7290012724831,false,כוסברה יח בשקית,"מרינה פטריות הגליל בע""מ",IL,כוסברה יח',יח,1.00,יח,false,,3.90,3.9000,true,1,54029
7290012724848,false,פטרוזיליה יח בשקית,"מרינה פטריות הגליל בע""מ",IL,פטרוזיליה טרי ארוז,יח,1.00,יח,false,,3.90,3.9000,true,1,54030
7290012803055,false,סוכרלוז מרמולייט- 100שקיות אישיות,תות ממתקי איכות,IL,מרמולייט,גרמים,100.00,100 גרם,false,,19.90,0.1990,true,1,8528
7290012803215,false,וופל בלגי בטעם שוקולד ללא תוספת סוכר,בטר אנד דיפרנט,IL,טוסו,גרמים,200.00,100 גרם,false,,9.90,0.0495,true,1,8532
7290012803222,false,וופל בלגי בטעם לימון ללא תוספת סוכר,בטר אנד דיפרנט,IL,טוסו,גרמים,200.00,100 גרם,false,,9.90,0.0495,true,1,8533
7290012803314,false,ממתיק על בסיס סוכרלוז - טבליות,מיוצר עי קונדיטוריית,IL,מרמולייט,גרמים,22.00,100 גרם,false,,39.90,1.8136,true,1,8534
7290012803352,false,"רייד ארוסול קוטל מעופפים 300מ""ל",אס.סי.ג'ונסון מידרכט,NL,רייד,מיליליטרים,300.00,"100 מ""ל",false,,14.90,0.0497,true,1,8536
7290012803451,false,שוקולד מריר מעולה 62% ללא תוספת סוכר,טוסו tusso,TR,טוסו,גרמים,100.00,100 גרם,false,,8.90,0.0890,true,1,8538
7290012803765,false,טבלאת שוקולד מריר 100 גרם -טוסו,אלטינמארקה גידה סאן,TR,טוסו,גרמים,100.00,100 גרם,false,,8.90,0.0890,true,1,8545
7290012803772,false,שוקולד חלב ללא תוספת סוכר,אלטינמארקה גידה סאן,TR,טוסו,גרמים,100.00,100 גרם,false,,8.90,0.0890,true,1,8546
7290012803789,false,שוקולד מריר עם אגוזים ללא תוספת סוכר,האי נאם סי או אל.טי.,TR,טוסו,גרמים,100.00,100 גרם,false,,8.90,0.0890,true,1,8547
7290012823251,false,אל סבון כיף יסמין לבנדר 1 ליטר,קוסמופארם,IL,כיף,ליטרים,1.00,ליטר,false,,11.90,11.9000,true,1,9682
7290012823381,false,מרכך כביסה מקסימה סנסיטיב מרוכז ורוד 1 ל' סנו,"סנו מפעלי ברונוס בע""",IL,מקסימה,ליטרים,1.00,ליטר,false,,16.90,16.9000,true,1,9684
7290012823398,false,מטליות חד פעמיות לניקוי הרצפה בניחוח מרכך כביסה 10יח' סנו,סנו מפעלי ברונו בעמ,IL,ריצפז,יח',10.00,יח',false,,9.90,0.9900,true,1,27742
7290012823558,false,סנו סושי מטליות לחות לריצפה ענק 10 יח,סנו מפעלי ברונוס בעמ,IL,סנו סושי,יח',10.00,יח',false,,10.90,1.0900,true,1,9686
7290012823794,false,כיף אלסבון 2ליטר יסמין לבנדר,קוסמופארם,IL,כיף,ליטרים,2.00,ליטר,false,,19.90,9.9500,true,1,9695
7290012823923,false,מרכך כביסה סופר מרוכז פרפיום גולדן סנרייז,סנו מפעלי ברונוס בעמ,IL,מקסימה,מיליליטרים,750.00,"100 מ""ל",false,,16.90,0.0225,true,1,9701
7290012823947,false,"סנו - מרכך כביסה מרוכז פרפיום קריסטל נואר 750 מ""ל",מיוצר עי קונדיטוריית,IL,מקסימה,מיליליטרים,750.00,"100 מ""ל",false,,16.90,0.0225,true,1,9702
7290012850073,false,בי לאב מחית סלט פירות 190 גר,בילובד Beloved,SK,BELOVED,גרמים,190.00,100 גרם,false,,5.90,0.0311,true,1,16396
7290012884986,false,תפוגן ציפס לתנור עד 4% שומן 1.5 קג,"תעשיות תפוגן בע""מ",IL,תפוגן,קילוגרמים,1.50,"ק""ג",false,,24.90,16.6000,true,1,4705
7290012921025,false,"בירה מלכה בהירה 330 מ""ל",בירה מלכה בעמ,IL,מלכה,מיליליטרים,330.00,"100 מ""ל",false,,12.90,0.0391,true,1,11291
7290012921032,false,"בירה מלכה אדמונית 330 מ""ל",בירה מלכה בעמ,IL,מלכה,מיליליטרים,330.00,"100 מ""ל",false,,12.90,0.0391,true,1,11292
7290012921063,false,בירה מלכה הינדי בבקבוק,בירה מלכה בעמ,IL,מלכה,מיליליטרים,330.00,"100 מ""ל",false,,12.90,0.0391,true,1,50230
7290012931062,false,אטבי הדור החדש SOFT BITE,מ.א ייצור ושיווק מטל,CN,Shiny,יח',10.00,יח',false,,6.90,0.6900,true,1,5825
7290012931611,false,שייני כריות ברזל שלשייה,מ.א ייצור ושיווק מטל,CN,Shiny,יח',3.00,יח',false,,5.90,1.9667,true,1,5831
7290012938405,false,דיימונד רדיד אלומיניום עבה במיוחד 7 מטר,ריינולדס,US,דיימונד,מטרים,7.60,מטר,false,,16.90,2.2237,true,1,10380
7290012938580,false,"סנסודיין משחת שיניים להלבנה עדינה 75 מ""ל",גלקסוסמית'קליין קונס,GB,סנסודיין הלבנה עדינה,גרמים,75.00,100 גרם,false,,21.90,0.2920,true,1,10382
7290012938597,false,"סנסודיין משחת שיניים רפיד רליף 75 מ""ל","סמיתקליין ביצ'ם בע""מ",SK,סנסודיין,מיליליטרים,75.00,"100 מ""ל",false,,23.90,0.3187,true,1,10383
7290012938740,false,"משחת שיניים פרש מינט מנטה 75מ""ל סנסודיין",גלקסו סמית קליין,GB,סנסודיין,מיליליטרים,75.00,"100 מ""ל",false,,21.90,0.2920,true,1,10385
7290012938924,false,מי פה הגנה משולשת מנטה מרענן,מולינו ניקולי s.p.a,GB,*מבצע* אקווה פרש מי,מיליליטרים,500.00,"100 מ""ל",false,,12.90,0.0258,true,1,10386
7290012962165,false,כפפות משק בית EASY TOUCH - S,B.H.R. & P.P,CN,איזי טאצ',יח',2.00,יח',false,,3.90,1.9500,true,1,5686
7290012962578,false,צימרוני אוזניים עץ בקופסת פלסטיק 300יח',הדקלאים אגודת שיתופי,CN,כוטון סופט,יח',300.00,יח',false,,6.90,0.0230,true,1,5695
7290012962684,false,"הוסטס שקיות צליה ג'מבו 50X35 ס""מ בקופסה 5 יח'",הוסטס Hostess,TR,הוסטס,יח',5.00,יח',false,,3.50,0.7000,true,1,5698
7290012975875,false,כוסות יהלום 75 יח 22,,,כוסות יהלום 75 יח 22,יח,75.00,יח,false,,9.90,0.1320,true,1,68022
7290012982927,false,פילה לברק 5-7 קפוא.,"יאנגגינג סיפורט בע""מ",CN,פילה לברק 5-7 קפוא.,קילוגרמים,1.00,"ק""ג",true,,44.90,44.9000,true,1,7654
7290012983153,false,סילאן טבעי בקבוק לחיץ תמר כנרת 400 גר,מנדלז סי.אר. פרודקשן,IL,תמר כנרת,יחידה,0.00,יחידה,false,,16.90,0.0000,true,1,60019
7290013027399,false,לחם קמח מלא קל בתוספת שיפון 750 ג' אנג'ל,מאפיית שלמה א. אנג'ל,IL,אנג'ל,גרמים,750.00,100 גרם,false,,12.90,0.0172,true,1,2444
7290013038234,false,מים אקווה נובה שישיי,"טמפו משקאות בע""מ",IL,א.נובה,ליטרים,12.00,ליטר,false,,9.90,0.8250,true,1,11641
7290013068361,false,שמן זית אליעד כתית מ,אליעד,IL,שמן זית אליעד 750 מל,מיליליטרים,750.00,"100 מ""ל",false,,31.90,0.0425,true,1,20127
7290013068378,false,שמן זית אליעד 2ליטר,,,שמן זית אליעד 2ליטר,ליטרים,2.00,ליטר,false,,74.90,37.4500,true,1,20128
7290013068682,false,שמן זית אליעד,אליעד,IL,שמן זית אליעד 750 מל,מיליליטרים,750.00,"100 מ""ל",false,,31.90,0.0425,true,1,20129
7290013068699,false,שמן זית כתית מעולה ע,בית הבד,IL,אליעד בית בד בגולן,מיליליטרים,750.00,"100 מ""ל",false,,31.90,0.0425,true,1,20130
7290013068705,false,שמן זית כתית מעולה ק,בית הבד,IL,שמן זית אליעד 750 מל,מיליליטרים,750.00,"100 מ""ל",false,,31.90,0.0425,true,1,20131
7290013068835,false,שמן זית אליעד 2ליטר,,,שמן זית אליעד 2ליטר,ליטרים,2.00,ליטר,false,,74.90,37.4500,true,1,20132
7290013117212,false,בורקס פילו במילוי גבינה מעדנות 600 גר,מיוצר עי קונדיטוריית,IL,מעדנות,גרמים,600.00,100 גרם,false,,18.90,0.0315,true,1,23829
7290013117229,false,"בורקס פילו במילוי תפו""א מעדנות 600 גר",מיוצר עי קונדיטוריית,IL,מעדנות,גרמים,600.00,100 גרם,false,,18.90,0.0315,true,1,23830
7290013117236,false,בורקס פילו פיצה מעדנות 600 ג',מיוצר עי קונדיטוריית,IL,מעדנות,גרמים,600.00,100 גרם,false,,18.90,0.0315,true,1,23831
7290013117243,false,בורקס פילו בולגרית מעדנות 600 ג',מיוצר עי קונדיטוריית,IL,מעדנות,גרמים,600.00,100 גרם,false,,18.90,0.0315,true,1,23832
7290013117410,false,בצק פריך מרודד למאפים מתוקים 900 ג' מעדנות,מיוצר עי קונדיטוריית,IL,מעדנות,גרמים,900.00,100 גרם,false,,19.90,0.0221,true,1,23833
7290013117427,false,בצק פריך מרודד למאפים מלוחים 900 ג' מעדנות,מיוצר עי קונדיטוריית,IL,מעדנות,גרמים,900.00,100 גרם,false,,19.90,0.0221,true,1,23834
7290013117526,false,מעדנות בצק שמרים למאפים מתוקים 900 גרם,"מעדנות בע""מ",IL,מעדנות,גרמים,900.00,100 גרם,false,,19.90,0.0221,true,1,23836
7290013121028,false,לחם לבן ללא גלוטן 500 גר קפוא,אביב קונדיטוריה מעול,IL,גרין לייט,גרמים,500.00,100 גרם,false,,17.90,0.0358,true,1,2209
7290013121035,false,לחם פשתן ללא גלוטן 500 גר קפוא,אביב קונדיטוריה מעול,IL,גרין לייט,גרמים,500.00,100 גרם,false,,18.90,0.0378,true,1,2210
7290013121103,false,רביעיית שליש בגט ללא גלוטן 400 גר,אביב קונדיטוריה מעול,IL,גרין לייט,גרמים,400.00,100 גרם,false,,17.90,0.0447,true,1,2214
7290013121127,false,לחמניות מיני ללא גלוטן 420 גר קפוא,אביב קונדיטוריה מעול,IL,גרין לייט,גרמים,420.00,100 גרם,false,,15.80,0.0376,true,1,2216
7290013121158,false,רביעיית לחמניות סנדויץ 460 גר קפוא,אביב קונדיטוריה מעול,IL,גרין לייט,גרמים,460.00,100 גרם,false,,17.90,0.0389,true,1,2219
7290013121165,false,שישיית לחמניות ללא גלוטן 460 גר קפוא,אביב קונדיטוריה מעול,IL,גרין לייט,גרמים,460.00,100 גרם,false,,17.90,0.0389,true,1,2220
7290013121776,false,לחם כפרי ללא תוספת סוכר וללא גלוטן,אביב קונדיטוריה מעול,IL,גרין לייט,גרמים,700.00,100 גרם,false,,18.90,0.0270,true,1,2242
7290013144157,false,סחלב מיימונס 130 גרם,מיוצר עי קונדיטוריית,IL,א.ל ייצור ושיווק תבלינים,גרמים,130.00,100 גרם,false,,6.90,0.0531,true,1,20780
7290013144171,false,תערובת עוגת שוקולד מימונס 560 ג',מיוצר עי קונדיטוריית,IL,א.ל ייצור ושיווק תבלינים,גרמים,560.00,100 גרם,false,,12.90,0.0230,true,1,20782
7290013144232,false,פודינג בטעם וניל מימונס 80 ג',מיוצר עי קונדיטוריית,IL,א.ל ייצור ושיווק תבלינים,גרמים,80.00,100 גרם,false,,4.90,0.0613,true,1,20788
7290013144249,false,פודינג שוקולד מימונס 95 ג',א.ל ייצור ושיווק תבל,IL,א.ל ייצור ושיווק תבלינים,גרמים,95.00,100 גרם,false,,4.90,0.0516,true,1,20789
7290013144287,false,ג'לי בטעם תות מימונס 85 ג',א.ל ייצור ושיווק תבל,IL,א.ל ייצור ושיווק תבלינים,גרמים,85.00,100 גרם,false,,5.90,0.0694,true,1,20792
7290013144317,false,גלילית וופל למילוי מימונס 18 יח',הגביע מוצרי וופלים ב,IL,הגביע,יח',18.00,יח',false,,21.90,1.2167,true,1,20793
7290013144393,false,"תמצית בטעם וניל מימונס 50 מ""ל",מיוצר עי קונדיטוריית,IL,א.ל ייצור ושיווק תבלינים,גרמים,50.00,100 גרם,false,,4.90,0.0980,true,1,20800
7290013144409,false,"תמצית בטעם רום מימונס 50 מ""ל",מיוצר עי קונדיטוריית,IL,א.ל ייצור ושיווק תבלינים,גרמים,50.00,100 גרם,false,,4.90,0.0980,true,1,20801
7290013144416,false,"תמצית בטעם שקדים מימונס 50 מ""ל",מיוצר עי קונדיטוריית,IL,א.ל ייצור ושיווק תבלינים,גרמים,50.00,100 גרם,false,,4.90,0.0980,true,1,20802
7290013144515,false,צבע מאכל צהוב מימונס 50 ג',מיוצר עי קונדיטוריית,IL,א.ל ייצור ושיווק תבלינים,מיליליטרים,50.00,"100 מ""ל",false,,4.30,0.0860,true,1,20807
7290013144522,false,צבע מאכל ירוק מימונס 50 ג',מיוצר עי קונדיטוריית,IL,א.ל ייצור ושיווק תבלינים,מיליליטרים,50.00,"100 מ""ל",false,,4.30,0.0860,true,1,20808
7290013144539,false,צבע מאכל אדום מימונס 50 ג',מיוצר עי קונדיטוריית,IL,א.ל ייצור ושיווק תבלינים,מיליליטרים,50.00,"100 מ""ל",false,,4.30,0.0860,true,1,20809
7290013144560,false,צבע מאכל כחול מימונס 50 ג',מיוצר עי קונדיטוריית,IL,א.ל ייצור ושיווק תבלינים,מיליליטרים,50.00,"100 מ""ל",false,,4.30,0.0860,true,1,20810
7290013144614,false,"סירופ מייפל אמיתי 100% מימונס 236 מ""ל",הנסיך- מפעל לייצור ט,CA,LES INDUSRIES,מיליליטרים,236.00,"100 מ""ל",false,,29.90,0.1267,true,1,20811
7290013144751,false,מימונס סירופ בטעם מייפל 500 מל,מימונס אפיה,IL,א.ל ייצור ושיווק תבלינים,גרמים,500.00,100 גרם,false,,10.90,0.0218,true,1,20812
7290013145024,false,אגוז מלך טחון מימונס 100 ג',מימונס אפיה,IL,א.ל ייצור ושיווק תבלינים,גרמים,100.00,100 גרם,false,,13.80,0.1380,true,1,20819
7290013145031,false,אגוזי לוז מסוכרים מימונס 100 ג',מיוצר עי קונדיטוריית,IL,א.ל ייצור ושיווק תבלינים,גרמים,100.00,100 גרם,false,,13.90,0.1390,true,1,20820
7290013145079,false,שקד טבעי גרוס מימונס 100 ג',מימונס אפיה,IL,א.ל ייצור ושיווק תבלינים,גרמים,100.00,100 גרם,false,,12.90,0.1290,true,1,20824
7290013145116,false,שקד מולבן מקלות מימונס 100 גר',מימונס אפיה,IL,א.ל ייצור ושיווק תבלינים,גרמים,100.00,100 גרם,false,,12.90,0.1290,true,1,20827
7290013145123,false,שקד מולבן פרוס מימונס 100 גר',מימונס אפיה,IL,א.ל ייצור ושיווק תבלינים,גרמים,100.00,100 גרם,false,,12.90,0.1290,true,1,20828
7290013145130,false,שקד מולבן חצוי מימונס 100 גר',מימונס אפיה,IL,א.ל ייצור ושיווק תבלינים,גרמים,100.00,100 גרם,false,,12.90,0.1290,true,1,20829
7290013145161,false,פקאן מסוכר מימונס 100 ג',מימונס אפיה,IL,א.ל ייצור ושיווק תבלינים,גרמים,100.00,100 גרם,false,,15.90,0.1590,true,1,20832
7290013145178,false,קוקוס טחון לבן מימונס 100 ג',מימונס אפיה,IL,א.ל ייצור ושיווק תבלינים,גרמים,100.00,100 גרם,false,,4.50,0.0450,true,1,20833
7290013145192,false,שומשום מימונס 100 ג',מימונס אפיה,IL,א.ל ייצור ושיווק תבלינים,גרמים,100.00,100 גרם,false,,4.60,0.0460,true,1,20834
7290013145215,false,שומשום מימונס 400 גרם,מיוצר עי קונדיטוריית,IL,א.ל ייצור ושיווק תבלינים,גרמים,400.00,100 גרם,false,,14.90,0.0373,true,1,20835
7290013145277,false,עלים לקרמשניט 300 גר מימונס,מימונס אפיה,IL,מימונס,גרמים,300.00,100 גרם,false,,16.90,0.0563,true,1,26765
7290013145437,false,שוקולד מריר מעולה ציפס מימונס 250 ג',הנסיך- מפעל לייצור ט,IL,אינטרגטה,גרמים,250.00,100 גרם,false,,13.90,0.0556,true,1,20841
7290013145444,false,שוקולד מריר מעולה ציפס 66% מימונס 250 ג',המאפיה של הרמן,IL,אינטרגטה,גרמים,250.00,100 גרם,false,,15.90,0.0636,true,1,20842
7290013145567,false,מיני מיני עדשים מימונס 90 ג',מיוצר עי קונדיטוריית,IL,א.ל ייצור ושיווק תבלינים,גרמים,90.00,100 גרם,false,,10.90,0.1211,true,1,20847
7290013145574,false,ערכה לקישוט מימונס 100 ג',א.ל ייצור ושיווק תבל,IL,א.ל ייצור ושיווק תבלינים,גרמים,100.00,100 גרם,false,,12.50,0.1250,true,1,20848
7290013145628,false,סוכריות צבעוניות לקישוט מימונס 200 ג',א.ל ייצור ושיווק תבל,IL,א.ל ייצור ושיווק תבלינים,גרמים,200.00,100 גרם,false,,8.90,0.0445,true,1,20850
7290013145710,false,דובדבנים מסוכרים מימונס 100 ג',מיוצר עי קונדיטוריית,IL,א.ל ייצור ושיווק תבלינים,גרמים,100.00,100 גרם,false,,9.90,0.0990,true,1,20856
7290013145826,false,פודניג בטעם וניל לבן במיוחד מימונס 80 ג',א.ל ייצור ושיווק תבל,IL,א.ל ייצור ושיווק תבלינים,גרמים,80.00,100 גרם,false,,4.90,0.0613,true,1,20863
7290013145833,false,פודינג שוקולד אמיתי מימונס 95 ג',א.ל ייצור ושיווק תבל,IL,א.ל ייצור ושיווק תבלינים,גרמים,80.00,100 גרם,false,,4.90,0.0613,true,1,20864
7290013145840,false,סוכר וניל מימונס 10* 10 ג',מיוצר עי קונדיטוריית,IL,י. כהן,גרמים,100.00,100 גרם,false,,2.20,0.0220,true,1,20865
7290013145857,false,אבקת אפייה 10 יח' בצלופן,מימונס אפיה,IL,י. כהן,גרמים,100.00,100 גרם,false,,2.20,0.0220,true,1,20866
7290013145864,false,ג'לטין טהור מימונס 28 ג',א.ל ייצור ושיווק תבל,IL,א.ל ייצור ושיווק תבלינים,גרמים,28.00,100 גרם,false,,11.90,0.4250,true,1,20867
7290013145901,false,סודה לשתיה מימונס 100 ג',מימונס אפיה,IL,א.ל ייצור ושיווק תבלינים,גרמים,100.00,100 גרם,false,,1.90,0.0190,true,1,20869
7290013145918,false,אבקת סוכר מימונס 100 גר',א.ל. ייצור ושיווק תב,IL,א.ל ייצור ושיווק תבלינים,גרמים,100.00,100 גרם,false,,1.90,0.0190,true,1,20870
7290013145956,false,שמרים יבשים בוואקום מימונס 500 ג',הנסיך- מפעל לייצור ט,CN,ANGEL YEAST,גרמים,500.00,100 גרם,false,,13.90,0.0278,true,1,20874
7290013145963,false,שמרים יבשים בוואקום מימונוס 125 ג',מימונס אפיה,CN,ANGEL YEAST,גרמים,125.00,100 גרם,false,,5.90,0.0472,true,1,20875
7290013145970,false,קורנפלור מימונס בשקית 200 ג',א.ל ייצור ושיווק תבל,IL,א.ל ייצור ושיווק תבלינים,גרמים,200.00,100 גרם,false,,3.90,0.0195,true,1,20876
7290013146274,false,מארז תחתיות מרנג 8 יחידות 100 גרם,סטולורגן - פארק תעשי,IL,מימוס,גרמים,100.00,100 גרם,false,,19.90,0.1990,true,1,55282
7290013146663,false,סוכריות קונפטי לקישוט מימונס 55 ג',"מימונס אפיה בע""מ",IL,מימונס,גרמים,55.00,100 גרם,false,,9.90,0.1800,true,1,56148
7290013153418,false,פריגת סחוט לימונענע 1ל',פריגת מצוננים,IL,סחוט טבעי,ליטרים,1.00,ליטר,false,,14.90,14.9000,true,1,15521
7290013153593,false,מיץ תפוזים מתקתק 1 ליטר,"גת גבעת חיים,",IL,פריגת,ליטרים,1.00,ליטר,false,,10.90,10.9000,true,1,32135
7290013261038,false,גבינת קממבר ל,פרומגרי גילו,FR,מכבי,גרמים,250.00,100 גרם,false,,29.90,0.1196,true,1,20482
7290013267665,false,מאגדת מיני סולרו פירות טרופי 6 יח' 354 ג',"מיוצר ע""י גלידת שטרא",IL,סולרו,גרמים,354.00,100 גרם,false,,23.90,0.0675,true,1,7904
7290013268020,false,סנו - מקסימה מרכך כביסה מרוכז אולטרה פרש 1 ליטר,"סנו מפעלי ברונוס בע""",IL,מקסימה,ליטרים,1.00,ליטר,false,,16.90,16.9000,true,1,9703
7290013268037,false,סנו מקסימה מרכך כביסה פצ''ולי מרוכז סגול 1 ל',סנו מקסימה,IL,מקסימה,ליטרים,1.00,ליטר,false,,16.90,16.9000,true,1,9704
7290013268242,false,תרכיז ריחני לניקוי רצפות בריח מלון מפנק ריצפז פרש,"סנו מפעלו ברונוס בע""",IL,ריצפז,ליטרים,2.00,ליטר,false,,19.90,9.9500,true,1,55317
7290013268372,false,נוזל סנו פוליוויקס פרקט שמן ארגן 2 ל,סנו פוליויקס,IL,פוליויקס,ליטרים,2.00,ליטר,false,,19.90,9.9500,true,1,57049
7290013268563,false,"קרמה - דאודורנט ספריי לגבר ללא אלומיניום כחול קול 200 מ""ל",מיוצר עי אמיליה קוסמ,IL,קרמה מן,מיליליטרים,200.00,"100 מ""ל",false,,12.90,0.0645,true,1,9719
7290013268839,false,סנו פוליויקס פרקט בריח מלון חלומי,סנו פוליויקס,IL,פוליויקס,ליטרים,2.00,ליטר,false,,19.90,9.9500,true,1,32440
7290013268884,false,סנו ריצפז פרש 2 ליטר מאסק,מיוצר עי קונדיטוריית,IL,ריצפז,ליטרים,2.00,ליטר,false,,17.90,8.9500,true,1,9731
7290013268891,false,מסיר כתמים ג'ל אוקסיג'ן ללא אקונומיקה,"סנו מפעלי ברונוס בע""",IL,אוקסיג'ן,ליטרים,3.00,ליטר,false,,28.90,9.6333,true,1,9732
7290013268907,false,ג'ל כביסה ביו בטמפרטורות נמוכות,"סנו מפעלי ברונוס בע""",IL,מקסימה,ליטרים,3.00,ליטר,false,,28.90,9.6333,true,1,9733
7290013268983,false,מרכך כביסה סופר מרוכז בבישום עוצמתי סנו מקסימה 1 ל',"סנו מפעלי ברונוס בע""",IL,מקסימה,ליטרים,1.00,ליטר,false,,16.90,16.9000,true,1,62065
7290013268990,false,סנו - מקסימה מרכך כביסה מרוכז ביו 1 ליטר,"סנו מפעלי ברונוס בע""",IL,מקסימה,ליטרים,1.00,ליטר,false,,16.90,16.9000,true,1,9734
7290013269096,false,מטליות לחות לטיפול במוצרי עור,מיוצר עי קונדיטוריית,IL,סנו,יח',20.00,יח',false,,18.90,0.9450,true,1,9736
7290013269263,false,ג'ל כביסה מרוכז מקסימה בבישום קריסטל נואר,סנו מפעלי ברונוס בעמ,IL,מקסימה,ליטרים,3.00,ליטר,false,,28.90,9.6333,true,1,9739
7290013269287,false,סנו - מקסימה ג'ל כביסה מרוכז מאסק 3 ליטר,"סנו מפעלי ברונוס בע""",IL,מקסימה,ליטרים,3.00,ליטר,false,,28.90,9.6333,true,1,9740
7290013269300,false,ניילון נצמד + לשימוש במיקרוגל,"מיוצר בהונג קונג, סי",CN,סנו סושי,מטרים,150.00,מטר,false,,20.90,0.1393,true,1,9741
7290013269621,false,ריצפז פרש לניקוי רצפות בניחוח מלון בוטיק,מיוצר עי קונדיטוריית,IL,ריצפז,ליטרים,2.00,ליטר,false,,19.90,9.9500,true,1,49629
7290013269638,false,ספוג הפלא אקסטרה Extra- מארז 6 יח',סנו סושי,US,סנו סושי,יח',6.00,יח',false,,9.90,1.6500,true,1,9743
7290013269645,false,מטליות לחות לניקוי הרצפה בניחוח מאסק ריצפז פרש,סנו מפעלי ברונוס בעמ,IL,ריצפז,יח',10.00,יח',false,,9.90,0.9900,true,1,9744
7290013269669,false,ריצפז בניחוח פנטזיה לניקוי הרצפה,"סנו מפעלי ברונוס בע""",IL,ריצפז,ליטרים,3.00,ליטר,false,,12.90,4.3000,true,1,9746
7290013269751,false,מטליות לחותריצפז פרש לניקוי ריצפה בניחות מלון בוטיק 10 יח' סנו,טרופיקל דגיל תעשיות,IL,ריצפז,יח',10.00,יח',false,,9.90,0.9900,true,1,49630
7290013269850,false,סנו - סושי נייר אפייה אקולוגי 50 יח',מולינו ניקולי s.p.a,IL,סנו סושי,יח',50.00,יח',false,,14.90,0.2980,true,1,9749
7290013269867,false,"סנו סושי זוג מפות שולחן 120*180 ס""מ",מיוצר עי קונדיטוריית,IL,סנו סושי,יח',2.00,יח',false,,9.90,4.9500,true,1,9750
7290013276124,false,"בירה נגב אמבר אייל 330 מ""ל","איי, בי, אינבוו",IL,מלכה,מיליליטרים,330.00,"100 מ""ל",false,,12.90,0.0391,true,1,11296
7290013284310,false,רוטב פסטה לילדים 240 גרם פריניר,פריניר ( הדס 1987) ב,IL,פריניר,גרמים,240.00,100 גרם,false,,4.90,0.0204,true,1,14195
7290013284662,false,רוטב פיצה פיתה לילדים 240 ג' פריניר,פריניר ( הדס 1987) ב,IL,פריניר,גרמים,240.00,100 גרם,false,,4.90,0.0204,true,1,14196
7290013310064,false,חוט דנטלי בטעם מנטה מצופה שעווה,הוסטס Hostess,CN,הוסטס,מטרים,50.00,מטר,false,,7.90,0.1580,true,1,5719
7290013310118,false,"ממחטות כיס שישיה תלת שכבתי ""פנטזיה""",F. Srl,IT,פנטזיה,יח',6.00,יח',false,,3.90,0.6500,true,1,5720
7290013310163,false,מדליק פחם מוצק 40 יח' EASY LIGHT,הדקלאים אגודת שיתופי,DE,איזי לייט,יח',40.00,יח',false,,5.90,0.1475,true,1,5722
7290013310378,false,כפפות ניטריל S כחולות ללא אבקה 80 יח' EASY TOUCH,איזי טאץ' Easy touch,TH,איזי טאצ',יח',80.00,יח',false,,21.90,0.2737,true,1,5733
7290013310385,false,כפפות ניטריל M כחולות ללא אבקה 80 יח' EASY TOUCH,איזי טאץ' Easy touch,TH,איזי טאצ',יח',80.00,יח',false,,21.90,0.2737,true,1,5734
7290013310392,false,כפפות ניטריל L כחולות ללא אבקה 80 יח' EASY TOUCH,איזי טאץ' Easy touch,TH,איזי טאצ',יח',80.00,יח',false,,21.90,0.2737,true,1,5735
7290013310408,false,כפפות ניטריל XL כחולות ללא אבקה 80 יח' EASY TOUCH,איזי טאץ' Easy touch,TH,איזי טאצ',יח',80.00,יח',false,,21.90,0.2737,true,1,5736
7290013358356,false,מאסטר שף - פירורי לחם מוזהבים 320 גרם,מנה י.א בעמ,IL,מנה,גרמים,320.00,100 גרם,false,,6.90,0.0216,true,1,19358
7290013358363,false,פירורי לחם פנקו מזוהבים מאסטר שף מנה 300 ג',קריניציה ויטמינה אס,IL,מנה,גרמים,300.00,100 גרם,false,,9.90,0.0330,true,1,19359
7290013358370,false,פירורי לחם פנקו מוזהבים שום 300 גרם מנה,"מיוצר ע""י מנה י.א בע",IL,מנה,גרמים,300.00,100 גרם,false,,9.90,0.0330,true,1,19360
7290013358417,false,מנה אסייאתי רוטב טריאקי 300 מל מאסטר שף,קריניציה ויטמינה אס,TH,מנה מאסטר שף,מיליליטרים,300.00,"100 מ""ל",false,,11.90,0.0397,true,1,19363
7290013358431,false,קרוטונים לסלט בתיבול עגבניות ובזיליקום,עינת תעשיות מזון אגו,IL,קרוטונים לסלט 200ג,גרמים,200.00,100 גרם,false,,11.90,0.0595,true,1,19365
7290013358448,false,"קרוטונים לסלט אקסטרה ארוכים בתיבול שום, בצל ופטרוזיליה",עינת תעשיות מזון אגו,IL,קרוטונים לסלט 200ג,גרמים,200.00,100 גרם,false,,11.90,0.0595,true,1,19366
7290013358462,false,"מיני קרוטונים למרק בתיבול שום, בצל ופטרוזיליה","עינת תעשיות מזון, אג",IL,מאסטר שף,גרמים,350.00,100 גרם,false,,19.90,0.0569,true,1,19367
7290013358486,false,מאסטר שף פירורי לחם ללא צורך בביצה 300 ג,"מיוצר ע""י מנה י.א בע",IL,מנה,גרמים,300.00,100 גרם,false,,4.90,0.0163,true,1,19368
7290013358530,false,מאסטר שף אסייאתי רוטב צ'ילי מתוק 700 מל,קריניציה ויטמינה אס,TH,מנה מאסטר שף,מיליליטרים,700.00,"100 מ""ל",false,,12.90,0.0184,true,1,19373
7290013358547,false,מאסטר שף אסייאתי רוטב צ'ילי חריף 700 מל,קי.אר.אס. ספייסי פוד,TH,מנה מאסטר שף,מיליליטרים,700.00,"100 מ""ל",false,,12.90,0.0184,true,1,19374
7290013358578,false,מנה אסייאתי אטריות אורז רחבות 400 ג מ.שף,ליינג טונג רייס פלוו,TH,מנה מאסטר שף,גרמים,400.00,100 גרם,false,,7.90,0.0198,true,1,19375
7290013358585,false,מנה אסייאתי נודלס ביצים להקפצה 400 מ.שף,הנסיך- מפעל לייצור ט,CN,נודלס ביצים להקפצה מנה,גרמים,400.00,100 גרם,false,,7.90,0.0198,true,1,19376
7290013366085,false,תירס סופר סוויט ארוז,חקלאי,IL,תירס סופר סוויט ארוז,יח',1.00,יח',false,,21.90,21.9000,true,1,32294
7290013366221,false,נבטי חמנייה כרמל יבו,שחף שיווק,IL,נבטי חמניה,יח',1.00,יח',false,,8.90,8.9000,true,1,1863
7290013366252,false,נבטי קטניות,כרמלים,IL,נבטי בזיל,יח',1.00,יח',false,,8.90,8.9000,true,1,54688
7290013366634,false,כרמל יבולים חסה סלנו,שמיניית מעדן חלב שוק,IL,ראשי סלנובה,יח',1.00,יח',false,,11.90,11.9000,true,1,1869
7290013366665,false,חסה גמביט קראנצ'ית ב,,,חסה גמביט קראנצ'ית ב,יח',1.00,יח',false,,13.90,13.9000,true,1,70174
7290013366719,false,באק צ'וי,חקלאי,IL,באק צ'וי,יח',1.00,יח',false,,13.90,13.9000,true,1,1874
7290013389114,false,ניוקי תפוח אדמה 500 ג' לה פסטה,לה פסטה La' Pasta,,"ניוקי תפו""א",גרמים,500.00,100 גרם,false,,5.90,0.0118,true,1,18840
7290013389138,false,"ניוקי 500 ג' ""לה פסטה"" שלושה צבעים 500 גר' 12X",Ciemme alimentari sr,,ניוקי שלושה צבעים,גרמים,500.00,100 גרם,false,,5.90,0.0118,true,1,18842
7290013389145,false,"ניוקי 500 ג' ""לה פסטה"" מיני 500 גר' 12X",לה פסטה La' Pasta,,מיני ניוקי 500 גרם,גרמים,500.00,100 גרם,false,,5.90,0.0118,true,1,18843
7290013412409,false,טופ פד סופגנית מקסי,DPL,IL,די פי אל,יח,15.00,יח,false,,8.90,0.5933,true,1,58334
7290013433084,false,גרנולה פירות 46% 300 גרם,אפקט טבעי,IL,שקוף זה טבעי,גרמים,300.00,100 גרם,false,,19.90,0.0663,true,1,26068
7290013433107,false,גרנולה חלבה תמר 43% 300 גרם,אפקט טבעי,IL,שקוף זה טבעי,גרמים,300.00,100 גרם,false,,19.90,0.0663,true,1,58446
7290013472199,false,ערמונים קלופים וקלויים 105 גרם,בייג'גג פוינונג,CN,וילי פוד,גרמים,100.00,100 גרם,false,,4.90,0.0490,true,1,10772
7290013525260,false,שמיר חציל במיונז 160,"סלטי שמיר 2006 בע""מ",IL,סלטי שמיר,גרמים,160.00,100 גרם,false,,5.90,0.0369,true,1,16986
7290013525710,false,חומוס עם טחינה 160 גרם,"סלטי שמיר 2006 בע""מ",IL,סלטי שמיר,גרמים,160.00,100 גרם,false,,5.90,0.0369,true,1,16989
7290013525789,false,אריסה מרוקאית שמיר 150 גר',"סלטי שמיר 2006 בע""מ",IL,סלטי שמיר,גרמים,150.00,100 גרם,false,,9.90,0.0660,true,1,16992
7290013525796,false,סחוג תימני שמיר 150 גר',"סלטי שמיר 2006 בע""מ",IL,סלטי שמיר,גרמים,150.00,100 גרם,false,,9.90,0.0660,true,1,16993
7290013525802,false,סחוג אדום שמיר 150 גר',"סלטי שמיר 2006 בע""מ",IL,סלטי שמיר,גרמים,150.00,100 גרם,false,,9.90,0.0660,true,1,16994
7290013531117,false,רוטב פסטה לילדים 240 גרם יכין,"זנלכל בע""מ",IL,רוטב פסטה בולונז 260 גרם,גרמים,240.00,100 גרם,false,,5.50,0.0229,true,1,49855
7290013531490,false,פול מתובל יכין 560 גרם,זנלכל,IL,פול מתובל יכין 550 ג,גרמים,550.00,100 גרם,false,,9.90,0.0180,true,1,49844
7290013531612,false,רוטב לפסטה נפוליטנה 240 גרם יכין,זנלכל,IL,רוטב פסטה 260 גרם,גרמים,240.00,100 גרם,false,,5.50,0.0229,true,1,49856
7290013531629,false,רוטב לפסטה פומודורו 240 גרם יכין,היינץ צפון אמריקה מק,IL,רוטב פסטה 260 גרם,גרמים,240.00,100 גרם,false,,5.50,0.0229,true,1,49857
7290013531759,false,שעועית אפויה במים 550 ג' יכין,"זנלכל בע""מ",IL,שעועית אפויה יכין 580 גרם,גרמים,550.00,100 גרם,false,,8.90,0.0162,true,1,49875
7290013540874,false,טונה בשמן קנולה 414 גרם פילטונה,תעשיות פילטונה,IL,פילטונה בשמן 414 גרם,גרמים,414.00,100 גרם,false,,13.90,0.0336,true,1,51053
7290013558800,false,עלי תרד 250 גרם,ל. פלמינגו ישראל,IL,עלי תרד 500 גרם,גרמים,250.00,100 גרם,false,,12.90,0.0516,true,1,22810
7290013558824,false,תבלין רוקולה /בזיליקום 100 גר,ל. פלמינגו ישראל,IL,בזיליקום,גרמים,100.00,100 גרם,false,,7.50,0.0750,true,1,22811
7290013558855,false,לבבות חסה פלמינגו,ל. פלמינגו ישראל,IL,עלי רומית,יח',1.00,יח',false,,10.90,10.9000,true,1,22812
7290013580009,false,המבורגר זהב 400 ג' 12 יח',בלדי,IL,בלדי,גרמים,400.00,100 גרם,false,,15.90,0.0398,true,1,52981
7290013580672,false,סטייק אנטריקוט חלק,JBS S.A,BR,בלדי,קילוגרמים,1.00,"ק""ג",true,,49.90,49.9000,true,1,70587
7290013585233,false,"ספרייט זירו פחית סליק 330 מ""ל",קוקה קולה ישראל,IL,ספרייט,מיליליטרים,330.00,"100 מ""ל",false,,5.00,0.0152,true,1,9247
7290013585387,false,קוקה קולה זירו בקבוק,החברה המרכזית לייצור,IL,קוקה קולה,ליטרים,1.00,ליטר,false,,6.50,6.5000,true,1,9258
7290013585394,false,קוקה-קולה 1 ליטר,החברה המרכזית לייצור,IL,קוקה קולה,ליטרים,1.00,ליטר,false,,6.90,6.9000,true,1,9259
7290013608260,false,פרימור מיץ רימונים 100% סחוט טרי 1ל',"גניר (1992) בע""מ",IL,תוצרת מסחרית,ליטרים,1.00,ליטר,false,,22.90,22.9000,true,1,15837
7290013608482,false,נקטר מנגו 1 ל' פרימור,גניר,IL,פרימור,ליטרים,1.00,ליטר,false,,7.90,7.9000,true,1,21857
7290013608550,false,נקטר תפוזים 1 ל' פרימור,סטאר סנקס,IL,פרימור,ליטרים,1.00,ליטר,false,,7.90,7.9000,true,1,21861
7290013608680,false,מיץ עגבניות 1ל' פרימור,סטאר סנקס,IL,פרימור,ליטרים,1.00,ליטר,false,,6.50,6.5000,true,1,21865
7290013645364,false,עוגיות מזרחיות ללא גלוטן 200 גר,"מוצרי הכט בע""מ",IL,GFREE,גרמים,200.00,100 גרם,false,,16.90,0.0845,true,1,7548
7290013652164,false,"ד""ר פישר - נטורל קר מגבונים להסרת איפור לעור רגיש 30 יח' * 3","ד""ר פישר Dr fischer",IL,נטורל קר,יח',90.00,יח',false,,24.90,0.2767,true,1,12974
7290013675545,false,שניצל כלי תחבורה מאמא עוף 700 ג',תנובה גליל,IL,מאמא עוף,גרמים,700.00,100 גרם,false,,34.90,0.0499,true,1,31806
7290013677839,false,"בורגול יבש מיה 1 ק""ג","מיה תעשיות מזון בע""מ",IL,מיה,קילוגרמים,1.00,"ק""ג",false,,6.90,6.9000,true,1,12888
7290013702036,false,"שוופס וואטר אפרסק 500מ""ל",יפאורה תבורי בעמ,IL,שוופס,מיליליטרים,500.00,"100 מ""ל",false,,5.00,0.0100,true,1,11883
7290013702050,false,"שוופס וואטר ענבים 500מ""ל",יפאורה תבורי,IL,שוופס,מיליליטרים,500.00,"100 מ""ל",false,,5.00,0.0100,true,1,11885
7290013702883,false,"שוופס מוגז פינק למונייד 500 מ""ל",,,שוופס מוגז פירות לימ,מיליליטרים,500.00,"100 מ""ל",false,,5.00,0.0100,true,1,11896
7290013713025,false,"בירה ג'מס פילס בקבוק 330 מ""ל","אביר הבר בע""מ",IL,בירה גיימס פילס 0.33,מיליליטרים,330.00,"100 מ""ל",false,,12.90,0.0391,true,1,53178
7290013713032,false,"בירה ג'מס חיטה בקבוק 330 מ""ל","אביר הבר בע""מ",IL,בירה גיימס חיטה 0.33,מיליליטרים,330.00,"100 מ""ל",false,,12.90,0.0391,true,1,53179
7290013713049,false,"בירה גמס 8.8 איל בלגי מחוזקת 330 מ""ל","אביר הבר בע""מ",IL,בירה גיימס 0.33 ליטר,מיליליטרים,330.00,"100 מ""ל",false,,12.90,0.0391,true,1,53180
7290013713094,false,"בירה ג'מס בקבוק 330 מ""ל",יקבי כרמל,IL,בירה גיימס 0.33 ליטר,מיליליטרים,330.00,"100 מ""ל",false,,12.90,0.0391,true,1,60183
7290013713124,false,"בירה גמס קראפט אייל בהיר 330 מ""ל","אביר הבר בע""מ",IL,בירה גיימס מונדי אל,מיליליטרים,330.00,"100 מ""ל",false,,12.90,0.0391,true,1,70421
7290013724939,false,חמוציות בשוקולד מריר 140 גר שקדיה,"דין שיווק וקלייה בע""",IL,שקדיה,גרמים,140.00,100 גרם,false,,10.90,0.0779,true,1,3158
7290013724946,false,שקדים בשוקולד מריר 140 גר שקדיה,"דין שיווק וקלייה בע""",IL,שקדיה,גרמים,140.00,100 גרם,false,,10.90,0.0779,true,1,3159
7290013724977,false,צימוקים בשוקולד מריר 140 גר שקדיה,"דין שיווק וקלייה בע""",IL,שקדיה,גרמים,140.00,100 גרם,false,,10.90,0.0779,true,1,3162
7290013725707,false,"שמן שומשום 150 מ""ל (707)","דין שיווק וקלייה בע""",CN,סו שף,מיליליטרים,150.00,"100 מ""ל",false,,14.90,0.0993,true,1,24258
7290013725820,false,אגוזי לוז בשוקולד מריר 140 גר שקדיה,"דין שיווק וקלייה בע""",IL,שקדיה,גרמים,140.00,100 גרם,false,,10.90,0.0779,true,1,3165
7290013847102,false,נתחי טונה בהירה בשמן - מארז שלישיה,סטארקיסט Starkist,,סטארקיסט,גרמים,240.00,100 גרם,false,,12.90,0.0538,true,1,63356
7290013847454,false,טונה סטארקיסט שמן קנולה רביעיות 4*160 גר,"סטארקיסט פודור בע""מ",IL,סטארקיסט,גרמים,640.00,100 גרם,false,,24.90,0.0389,true,1,52544
7290013847553,false,נתחי טונה בהירה במים דל נתרן - מארז רביעיה,"סטארקיסט פודור בע""מ",TH,סטארקיסט,גרמים,640.00,100 גרם,false,,24.90,0.0389,true,1,21874
7290013848345,false,מארז מטליות לחיטוי וניקוי יסודי אנטיבקטריאלי 99.9%,סנו מפעלי ברונוס בעמ,IL,מטליות לחות לחיטוי ו,יח',150.00,יח',false,,17.80,0.1187,true,1,51506
7290013848727,false,מכשיר אוטומטי לבישום אוויר בתוספת מילוי SOFT HARMONY,סנו פרש Fresh,IL,סנו פרש מכשיר אוטומט,יח',1.00,יח',false,,44.90,44.9000,true,1,29361
7290013848758,false,סנו - מקסימה ג'ל כביסה מרוכז בייבי 3 ליטר,"סנו מפעלי ברונוס בע""",IL,מקסימה,ליטרים,3.00,ליטר,false,,34.90,11.6333,true,1,9766
7290013883407,false,דזיטול מחטא ומשמיד חיידקים-מרסס,יעקבי - דזיטול Desytol,ES,דזיטול,מיליליטרים,750.00,"100 מ""ל",false,,12.90,0.0172,true,1,11993
7290013903327,false,טופו טבעי 2 יח 500 גר,אין תעשיות,IL,*מבצע* טופו טבעי 500,גרמים,500.00,100 גרם,false,,14.90,0.0298,true,1,58931
7290013906052,false,נקניקיות פרגיות טירת צבי 300 גר',הנסיך- מפעל לייצור ט,IL,טירת צבי,גרמים,300.00,100 גרם,false,,10.90,0.0363,true,1,23786
7290013906205,false,פסטרמה עם שום וצילי טירת צבי 400 ג',הנסיך- מפעל לייצור ט,IL,טירת- צבי,גרמים,400.00,100 גרם,false,,25.90,0.0647,true,1,23787
7290013906212,false,"נקנקיות וינר טירת 1 ק""ג טירת צבי",הנסיך- מפעל לייצור ט,IL,טירת- צבי,קילוגרמים,1.00,"ק""ג",false,,22.90,22.9000,true,1,23788
7290013906441,false,קבנוס טירת צבי 120 גר,הנסיך- מפעל לייצור ט,IL,טירת- צבי,גרמים,120.00,100 גרם,false,,9.90,0.0825,true,1,23792
7290013906489,false,חטיפי מיני קבנוס 120 ג' טירת צבי,הנסיך- מפעל לייצור ט,IL,טירת- צבי,גרמים,120.00,100 גרם,false,,9.90,0.0825,true,1,65991
7290013906687,false,פסט' צמד כפרית ברביקיו ודבש 300X2ג' טירת צבי,הנסיך- מפעל לייצור ט,IL,טירת- צבי,גרמים,600.00,100 גרם,false,,24.90,0.0415,true,1,23794
7290013906694,false,נקניקיות שקית קילו וחצי טירת צבי,הנסיך- מפעל לייצור ט,IL,*מבצע* נקניקיות עוף,קילוגרמים,1.50,"ק""ג",false,,29.90,19.9333,true,1,64629
7290013927101,false,אחווה עוגה תפוחים ללא תוספת סוכר 450גר,אחדות ביחר לטחינה חל,IL,עוגת תפוחים ללא סוכר,גרמים,450.00,100 גרם,false,,11.90,0.0264,true,1,4117
7290013927200,false,עוגת שוקולד צ'יפס עשירה אחווה 400ג',אחדות ביחר לטחינה חל,IL,אחוה,גרמים,400.00,100 גרם,false,,10.90,0.0273,true,1,4122
7290013927804,false,טחינה גולמית משומשום מלא,אחדות ביחר לטחינה חל,IL,טחינה גולמית מלא 1 ק,קילוגרמים,1.00,"ק""ג",false,,18.90,18.9000,true,1,69311
7290013927996,false,עוגת שמרים קראץ' בטעם שוקולד 400 גר',אחדות ביחר לטחינה חל,IL,אחוה,גרמים,400.00,100 גרם,false,,9.90,0.0248,true,1,56950
7290014002197,false,חליטת קמומיל ולימונית 25 שק הגן הקסום,ויסוצקי,IL,ויסוצקי,גרמים,50.00,100 גרם,false,,16.90,0.3380,true,1,17222
7290014002203,false,תה ויסוצקי חליטת לימונית ולואיזה 20יח',HIQ FOOD PRODUCTS,IL,ויסוצקי,גרמים,50.00,100 גרם,false,,16.90,0.3380,true,1,17223
7290014002944,false,גן קסום חליטת פירות וצמחים חמדת שקד 25 שקיקים,HIQ FOOD PRODUCTS,IL,ויסוצקי,גרמים,75.00,100 גרם,false,,16.90,0.2253,true,1,17234
7290014002982,false,תה ירוק לימונית לואיזה בתוספת עלי סטיביה 25 שקיקים,ויסוצקי ירוק,IL,ויסוצקי,גרמים,937.50,100 גרם,false,,22.90,0.0244,true,1,17235
7290014046047,false,צמד פסטרמות 600 ג' יחיעם,מעדני יחיעם,IL,יחיעם,גרמים,600.00,100 גרם,false,,24.90,0.0415,true,1,3053
7290014046474,false,"נקניקיות עוף 1.5 ק""ג יחיעם",מעדני יחיעם,IL,יחיעם,קילוגרמים,1.50,"ק""ג",false,,26.90,17.9333,true,1,3056
7290014046757,false,סלמי תה מעדני יחיעם,מעדני יחיעם,IL,יחיעם,גרמים,300.00,100 גרם,false,,19.90,0.0663,true,1,3066
7290014046764,false,סלמי פפרוני 200 גרם,מעדני יחיעם,IL,יחיעם,גרמים,200.00,100 גרם,false,,12.90,0.0645,true,1,31406
7290014059085,false,"משחת שיניים סנסודיין 75 מ""ל פרימיום לשיקום והגנה","סמית קליין ביצ'ם בע""",GB,סנסודיין,מיליליטרים,75.00,"100 מ""ל",false,,23.90,0.3187,true,1,10395
7290014059436,false,"משחת שיניים סנסודיין 75 מ""ל פרימיום לשיקום והגנה מלבינה 75 מ""ל","סמית קליין ביצ'ם בע""",GB,סנסודיין,מיליליטרים,75.00,"100 מ""ל",false,,23.90,0.3187,true,1,10397
7290014066366,false,לנדוור-קפסולות אספרסו ריסטרטו(08) - 10יח'12X יח,קפה לנדוור,IL,לנדוור,גרמים,50.00,100 גרם,false,,16.90,0.3380,true,1,56449
7290014066373,false,לנדוור-קפסולות אספרסו קלאסיק(09) - 10יח'12X יח,קפה לנדוור,IL,לנדוור,גרמים,50.00,100 גרם,false,,16.90,0.3380,true,1,56450
7290014066380,false,לנדוור-קפסולות אספרסו סופרימו(10) - 10יח'12X יח,קפה לנדוור,IL,לנדוור,גרמים,50.00,100 גרם,false,,16.90,0.3380,true,1,56451
7290014066526,false,לנדוור-קפסולות אספרסו תערובת הבית(11) - 10יח'12X יח,קפה לנדוור,IL,לנדוור,גרמים,50.00,100 גרם,false,,16.90,0.3380,true,1,56453
7290014066533,false,לנדוור-קפסולות אספרסו קלייה כפולה(12) - 10יח'12X יח,קפה לנדוור,IL,לנדוור,גרמים,50.00,100 גרם,false,,16.90,0.3380,true,1,56454
7290014079014,false,לבבות קיסר ארוז נספק,"מרינה פטריות הגליל בע""מ",IL,לבבות קיסר,יח',1.00,יח',false,,9.90,9.9000,true,1,6851
7290014079076,false,נבטי אלפלפא יח,"מרינה פטריות הגליל בע""מ",IL,אלפלפא,יח',1.00,יח',false,,5.90,5.9000,true,1,6852
7290014079328,false,לוף רגיל ארוז ליח (מ,"מרינה פטריות הגליל בע""מ",IL,פרסה יח',יח,1.00,יח,false,,7.90,7.9000,true,1,54008
7290014079540,false,"שיני שום קלופות ק""ג","מרינה פטריות הגליל בע""מ",IL,שום מקולף ארוז,גרמים,1000.00,100 גרם,false,,29.90,0.0299,true,1,56624
7290014079847,false,פיטריות פורטבילה צעי,"מרינה פטריות הגליל בע""מ",IL,צמד פטריות בייבי בלה,יח',2.00,יח',false,,15.90,7.9500,true,1,6858
7290014079854,false,לבבות חסה ארץ הגליל מרינה,"מרינה פטריות הגליל בע""מ",IL,לבבות חסה ארוז,יח',1.00,יח',false,,10.90,10.9000,true,1,6859
7290014083813,false,וילי פוד מריגה שפרוטים מעושנים בשמן 190ג,הנסיך- מפעל לייצור ט,LV,וילי פוד,גרמים,190.00,100 גרם,false,,7.90,0.0416,true,1,10784
7290014092532,false,פלחי דלעת מרינה,"מרינה פטריות הגליל בע""מ",IL,דלעת ארוזה,קילוגרמים,1.00,"ק""ג",true,,8.90,8.9000,true,1,54042
7290014094260,false,שיני שום קלוף קמעונאי,"מרינה פטריות הגליל בע""מ",IL,שום מקולף ארוז,גרמים,170.00,100 גרם,false,,9.90,0.0582,true,1,6863
7290014094536,false,רוטב סויה 623מ''ל אהרוני,דין שיווק,TH,אהרוני,מיליליטרים,700.00,"100 מ""ל",false,,18.90,0.0270,true,1,3196
7290014095861,false,שיבולת שועל דקה 500 גרם קוואקר,"דין שיווק וקלייה בע""",IL,"דין שיווק וקלייה בע""מ",גרמים,500.00,100 גרם,false,,5.90,0.0118,true,1,3216
7290014095946,false,משוקלדים פקאן בשוקולד מריר 140 גרם,"שקדיה גבע תעשיות בע""",IL,שקדיה,גרמים,140.00,100 גרם,false,,10.90,0.0779,true,1,3217
7290014095953,false,משוקלדים פקאן בשוקולד חלב 140 ג',שקדיה גבע בתעשיות עמ,IL,שקדיה,גרמים,140.00,100 גרם,false,,10.90,0.0779,true,1,3218
7290014095960,false,שיבולת שועל עבה 500 גרם קוואקר,"דין שיווק וקלייה בע""",IL,"דין שיווק וקלייה בע""מ",גרמים,500.00,100 גרם,false,,5.90,0.0118,true,1,3219
7290014126343,false,ביסקוטים בונומי וניל קקאו 200 גר,Bonomi,IT,דנש,גרמים,200.00,100 גרם,false,,5.90,0.0295,true,1,8562
7290014126428,false,מרמולייט סוכרלוז 150 יחידות,מיוצר עי קונדיטוריית,CN,מרמולייט,יח',150.00,יח',false,,24.90,0.1660,true,1,8563
7290014204027,false,פנינה רוזנבלום-שמפו יומי ורוד 750,א.ל ארמן,IL,פנינה רוזנבלום בע'מ,מיליליטרים,750.00,"100 מ""ל",false,,8.90,0.0119,true,1,15103
7290014204560,false,"סבון נוזלי שלישייה * 500 מ""ל פנינה",יהודה אריאל,IL,פנינה רוזנבלום,מיליליטרים,1500.00,"100 מ""ל",false,,10.90,0.0073,true,1,15106
7290014204683,false,סבון סגול משאבה 1 ל' פנינה,יהודה אריאל,IL,פנינה רוזנבלום בע'מ,ליטרים,1.00,ליטר,false,,8.90,8.9000,true,1,15118
7290014204690,false,פנינה סבון נוזלי ורוד משאבה 1 ליטר,יהודה אריאל,IL,פנינה רוזנבלום בע'מ,ליטרים,1.00,ליטר,false,,8.90,8.9000,true,1,15119
7290014204706,false,סבון קורל משאבה 1 ל' פנינה,יהודה אריאל,IL,פנינה רוזנבלום בע'מ,ליטרים,1.00,ליטר,false,,8.90,8.9000,true,1,15120
7290014205000,false,צלחת גדולה לבן 50 יח,,,צלחת גדולה לבן 50 יח,יח',50.00,יח',false,,12.90,0.2580,true,1,25069
7290014205024,false,"קעריות אובלי ח""פ לבן 25 יח",,,קעריות אובליות לבן 2,יח',25.00,יח',false,,5.90,0.2360,true,1,28126
7290014205031,false,לפתניות 25 יח' שווה,,,לפתניות לבן 25 יח,יח',25.00,יח',false,,3.90,0.1560,true,1,28263
7290014205062,false,כוסות שקוף 100 יח',,,כוסות שקוף 100 יח',יח',100.00,יח',false,,7.90,0.0790,true,1,25071
7290014205130,false,צלחות גדול קרם / לבן/ בורדו/ זהב 25 יח,,,צלחת גדולה צבעוני 25,יח',25.00,יח',false,,9.90,0.3960,true,1,28266
7290014205147,false,צלחות קטנות 25 יח קרם / בורדו,,,צלחת קטנה צבעוני 25,יח',25.00,יח',false,,5.90,0.2360,true,1,28267
7290014205161,false,לפתניות צבעוני 25 יח,,,ליפתניות צבעוני 25 י,יח',25.00,יח',false,,3.90,0.1560,true,1,28512
7290014205178,false,מרקיות צבעוני 25 יח,,,מרקיה צבעוני 25 יח,יח',25.00,יח',false,,6.90,0.2760,true,1,28300
7290014205185,false,צלחת ענק צבעוני 25 י,,,צלחת ענק צבעוני 25 י,יח',25.00,יח',false,,16.90,0.6760,true,1,28269
7290014205208,false,סכינים שקוףשווה צבעוני 50 יחידות יצרןמותג: חכהן,,,סכינים צבעוני 50 יח,יח',50.00,יח',false,,7.90,0.1580,true,1,28127
7290014205642,false,נפנף למנגל,,,נפנף למנגל,יח',1.00,יח',false,,3.90,3.9000,true,1,31597
7290014205659,false,לבבות דקל שלם 400 גר,,,לבבות דקל שלם 400 גר,גרמים,400.00,100 גרם,false,,9.90,0.0248,true,1,69528
7290014206267,false,מפיות נייר מוטבעות 1,,,מפיות נייר מוטבעות 1,יח',15.00,יח',false,,4.90,0.3267,true,1,50494
7290014206281,false,מדליק פחם ראש גפרור,,,שווה,יח,1.00,יח,false,,4.90,4.9000,true,1,58712
7290014217003,false,תבלין פפריקה מעושנת מיכל 90ג',"תבליני טעם וריח בע""מ",IL,"תבליני טעם וריח בע""מ",גרמים,90.00,100 גרם,false,,9.90,0.1100,true,1,21242
7290014217010,false,תבלין תיבול דגים מיכל 90גר,"תבליני טעם וריח בע""מ",IL,"תבליני טעם וריח בע""מ",גרמים,90.00,100 גרם,false,,9.90,0.1100,true,1,21243
7290014217065,false,תבלין אורגנו עלים 30 גר',"תבליני טעם וריח בע""מ",IL,"תבליני טעם וריח בע""מ",גרמים,30.00,100 גרם,false,,9.90,0.3300,true,1,21246
7290014217119,false,תערובת לצ'יפס מיכל 100 ג',"תבליני טעם וריח בע""מ",IL,"תבליני טעם וריח בע""מ",גרמים,100.00,100 גרם,false,,9.90,0.0990,true,1,21247
7290014217140,false,תבלין ראס אל חנות טעם וריח 100ג',"תבליני טעם וריח בע""מ",IL,"תבליני טעם וריח בע""מ",גרמים,100.00,100 גרם,false,,9.90,0.0990,true,1,21250
7290014217157,false,תערובת תיבול טוסקנה מיכל 120 גר,"תבליני טעם וריח בע""מ",IL,"תבליני טעם וריח בע""מ",גרמים,120.00,100 גרם,false,,9.90,0.0825,true,1,21251
7290014217164,false,תבלין פטרוזיליה מיכל גדול 20 ג',"תבליני טעם וריח בע""מ",IL,"תבליני טעם וריח בע""מ",גרמים,20.00,100 גרם,false,,9.90,0.4950,true,1,21252
7290014217171,false,תערובת תיבול תיבול גריל דג מיכל 100ג',"תבליני טעם וריח בע""מ",IL,"תבליני טעם וריח בע""מ",גרמים,100.00,100 גרם,false,,9.90,0.0990,true,1,21253
7290014217201,false,תערובת תיבול סומק 45 גר',"תבליני טעם וריח בע""מ",IL,"תבליני טעם וריח בע""מ",גרמים,45.00,100 גרם,false,,6.90,0.1533,true,1,21254
7290014217225,false,תבלין גריל עוף מיכל 120גר,"תבליני טעם וריח בע""מ",IL,"תבליני טעם וריח בע""מ",גרמים,120.00,100 גרם,false,,9.90,0.0825,true,1,21255
7290014217348,false,צ'ילי כתוש חריף (פלפל קיינה),"תבליני טעם וריח בע""מ",IL,"תבליני טעם וריח בע""מ",גרמים,70.00,100 גרם,false,,9.90,0.1414,true,1,21259
7290014217355,false,תבלין אבקת קרי מיכל 100ג',"תבליני טעם וריח בע""מ",IL,"תבליני טעם וריח בע""מ",גרמים,100.00,100 גרם,false,,9.90,0.0990,true,1,21260
7290014217409,false,תערובת עשבי תיבול הרבס דה פרובנס טעם וריח 100 ג',"תבליני טעם וריח בע""מ",IL,"תבליני טעם וריח בע""מ",גרמים,100.00,100 גרם,false,,9.90,0.0990,true,1,62866
7290014217478,false,תערובת עשבי תיבול איטלקי ים תיכוני 30ג',"תבליני טעם וריח בע""מ",IL,"תבליני טעם וריח בע""מ",גרמים,30.00,100 גרם,false,,9.90,0.3300,true,1,21263
7290014217485,false,תערובת תיבול קייג'ון,"תבליני טעם וריח בע""מ",IL,"תבליני טעם וריח בע""מ",גרמים,100.00,100 גרם,false,,9.90,0.0990,true,1,21264
7290014217492,false,תבלין פילדלפיה תערובת 100 גר,"תבליני טעם וריח בע""מ",IL,"תבליני טעם וריח בע""מ",גרמים,100.00,100 גרם,false,,9.90,0.0990,true,1,21265
7290014217911,false,תבלין פלפל אדום מתוק בשקית 150 גר,טייפונג פודס,CN,פלפל אדום מתוק שקית,גרמים,150.00,100 גרם,false,,12.90,0.0860,true,1,51710
7290014218321,false,בורקס אישי גבינה מעדנות 4* 150 גרם,מיוצר עי קונדיטוריית,IL,מעדנות,גרמים,600.00,100 גרם,false,,17.90,0.0298,true,1,23850
7290014218338,false,בורקס יפו במילוי תפוחי אדמה,מיוצר עי קונדיטוריית,IL,מעדנות,גרמים,600.00,100 גרם,false,,15.90,0.0265,true,1,23851
7290014218536,false,בצק עלים מרודד מופחת שומן מעדנות 1 קג,"מעדנות בע""מ",IL,מעדנות,קילוגרמים,1.00,"ק""ג",false,,21.90,21.9000,true,1,23864
7290014218932,false,חטיפי פיצה בתוספת זיתים 710 ג' מעדנות,מיוצר עי קונדיטוריית,IL,מעדנות,גרמים,650.00,100 גרם,false,,29.90,0.0460,true,1,52136
7290014256620,false,"יין מבעבע קריניאנו באזז יקבי כרמל 750 מ""ל",יקבי כרמל Carmel Winery,IL,סלקטד,מיליליטרים,750.00,"100 מ""ל",false,,27.90,0.0372,true,1,5895
7290014258716,false,תרכובת מזון צמחי על בסיס חלבון סויה מגיל לידה,מטרנה תעשיות ש.מ,IL,מטרנה,גרמים,700.00,100 גרם,false,,49.90,0.0713,true,1,4717
7290014258723,false,תרכובת מזון צמחי לתינוקות מגיל 0 עד גיל שנה,מטרנה,IL,מטרנה,גרמים,700.00,100 גרם,false,,66.90,0.0956,true,1,4718
7290014288584,false,נייר אפיה 50 יח 37*4,,,נייר אפיה 50 יח 37*4,יח',50.00,יח',false,,7.90,0.1580,true,1,30051
7290014288614,false,רדיד אלומיניום 30 מט,,,רדיד אלומיניום 30 מט,מטרים,30.00,מטר,false,,15.90,0.5300,true,1,51194
7290014288621,false,רדיד אלומיניום כוכבי,,,רדיד אלומיניום כוכבי,מטרים,30.00,מטר,false,,24.90,0.8300,true,1,63988
7290014288676,false,מגש אובלי בינוני צבע,,,מגש אובלי בינוני צבע,יח',20.00,יח',false,,12.90,0.6450,true,1,29763
7290014288706,false,קערה לסלט ענקית 10 י,,,קערה לסלט ענקית 10 י,יח',10.00,יח',false,,7.90,0.7900,true,1,29765
7290014288720,false,"כוסות 330 מ""ל 40 יח",,,"כוסות 330 מ""ל 40 יח",יח',40.00,יח',false,,7.90,0.1975,true,1,32549
7290014288737,false,כוסות מעוטרות 40 יח',,,כוסות מעוטרות 40 יח',יח',40.00,יח',false,,11.90,0.2975,true,1,25075
7290014288980,false,נייר טישו חמישייה 10,,,נייר טישו חמישייה 10,יח',5.00,יח',false,,9.90,1.9800,true,1,53812
7290014325050,false,קורנפלור מיה 500 גרם,"מיה תעשיות מזון בע""מ",IL,מיה,גרמים,500.00,100 גרם,false,,3.90,0.0078,true,1,12891
7290014338593,false,שמן קנולה 1 ליטר יוח,ברוקלמן,DE,יוחננוף,ליטרים,1.00,ליטר,false,,8.90,8.9000,true,1,25982
7290014350120,false,שמיכת חורף זוגית כבש,,,שמיכת חורף זוגית כבש,יחידה,1.00,יחידה,false,,79.90,79.9000,true,1,29052
7290014397279,false,שקיות מזון נשלפות XL גדולות במיוחד,"אשפלסט תעשיות בע""מ",IL,סנו סושי,יח',300.00,יח',false,,11.90,0.0397,true,1,9790
7290014397286,false,מרכך כביסה מקסימה מרוכז חלב ודבש 1 ל' סנו,סנו מקסימה,IL,מקסימה,ליטרים,1.00,ליטר,false,,16.90,16.9000,true,1,9791
7290014397453,false,סנו אוקסיגן גל מסיר כתמים כביסה לבנה 3 ל,סנו אוקסיג'ן,IL,אוקסיג'ן,ליטרים,3.00,ליטר,false,,28.90,9.6333,true,1,9795
7290014397507,false,"סנופרש הום בניחוח פריחת היסמין 350 מ""ל",מיוצר עי קונדיטוריית,IL,סנופרש,מיליליטרים,350.00,"100 מ""ל",false,,10.90,0.0311,true,1,9797
7290014397521,false,"מבשם פרש הום סנו לבנדר פרובנס 350 מ""ל,",סנו פרש Fresh,IL,סנופרש,מיליליטרים,350.00,"100 מ""ל",false,,10.90,0.0311,true,1,9799
7290014397767,false,סנו ריצפז פרש הום 2 ליטר בניחוח כותנה-מרכז,"סנו מפעלי ברונוס בע""",IL,ריצפז,ליטרים,2.00,ליטר,false,,19.90,9.9500,true,1,9813
7290014397873,false,מרכך כביסה בבישום עוצמתי ג'נטל בריז,סנו מקסימה,IL,מקסימה,ליטרים,4.00,ליטר,false,,21.90,5.4750,true,1,54617
7290014435704,false,סלמון מעושן 100גר' שמיר,שבעת הימים - שמיר,IL,שמיר,גרמים,100.00,100 גרם,false,,19.90,0.1990,true,1,17001
7290014435810,false,הרינג כבוש ובצל במרינת חמוץ מתוק שמיר 180 ג',שבעת הימים - שמיר,IL,שמיר,גרמים,180.00,100 גרם,false,,18.90,0.1050,true,1,17004
7290014435827,false,פילה מקרל מעושן בשמן ויטהול 180 גר,שבעת הימים - שמיר,IL,שמיר,גרמים,180.00,100 גרם,false,,24.90,0.1383,true,1,17005
7290014435834,false,מקרל מעושן פרוס בשמן 180 גרם,שבעת הימים - שמיר,IL,שמיר,גרמים,180.00,100 גרם,false,,24.90,0.1383,true,1,17006
7290014435841,false,פילה מטיאס הולנדי בשמן שמיר 180ג',סלטי שמיר 2006 בעמ,IL,שמיר,גרמים,180.00,100 גרם,false,,18.90,0.1050,true,1,17007
7290014435872,false,סלט הרינג ומיונז שמיר 250ג',שבעת הימים - שמיר,IL,שמיר,גרמים,200.00,100 גרם,false,,18.90,0.0945,true,1,17008
7290014435889,false,סלט מטיאס עם מיונז 180 גרם,שבעת הימים - שמיר,IL,שמיר,גרמים,200.00,100 גרם,false,,18.90,0.0945,true,1,17009
7290014455245,false,גבינת גרנה פדנו משולש 29% 200 גרם בית יוסף,מחלבת סוציאלה מנטובה,IT,גד,גרמים,200.00,100 גרם,false,,24.60,0.1230,true,1,13226
7290014455252,false,גבינה קשה מגורדת גרנה פדנו 29% שומן,מחלבות גד,IT,גד,גרמים,100.00,100 גרם,false,,11.90,0.1190,true,1,13227
7290014455320,false,גבינה כדורי מוצרלה פרסקה גד 100ג',מחלבות גד בעמ,IL,מוצרלה פרסקה 100גרם,גרמים,100.00,100 גרם,false,,9.90,0.0990,true,1,13234
7290014455467,false,ירח מתוק מעדן חלב 2% ושיבולת שועל גד 150ג',מחלבות גד,IL,מעדני גד,גרמים,150.00,100 גרם,false,,5.50,0.0367,true,1,13240
7290014459137,false,"צ'יפס תפוגן סטייק 1.5 ק""ג","תעשיות תפוגן בע""מ",IL,תפוגן,קילוגרמים,1.50,"ק""ג",false,,23.90,15.9333,true,1,4725
7290014471412,false,"מוזלי בוטנים אגוזים ושקדים 1 ק""ג - 412 ירוק שקדיה","דין שיווק וקלייה בע""",IL,שקדיה,קילוגרמים,1.00,"ק""ג",false,,19.90,19.9000,true,1,3220
7290014471429,false,"מוזלי עם פירות 1 ק""ג - 429 סגול שקדיה","דין שיווק וקלייה בע""",IL,שקדיה,קילוגרמים,1.00,"ק""ג",false,,19.90,19.9000,true,1,3221
7290014471436,false,"מיזלי צימוקים תפוח קינמון וגרעיני חמניה 1 ק""ג -436 כחול שקדיה","דין שיווק וקלייה בע""",IL,שקדיה,קילוגרמים,1.00,"ק""ג",false,,19.90,19.9000,true,1,3222
7290014471443,false,"גרנולה צימוקים אגוזים ושקדים1 ק""ג חדש - 443 כתום שקדיה (כתום)","דין שיווק וקלייה בע""",IL,שקדיה,קילוגרמים,1.00,"ק""ג",false,,19.90,19.9000,true,1,3223
7290014472136,false,גרעין שחור קלוי ששון הקולה 150 ג',"דין שיווק וקלייה בע""",IL,ששון הקולה,גרמים,150.00,100 גרם,false,,5.90,0.0393,true,1,3226
7290014472990,false,ממרח 100% שקדים שקדיה 300 ג',דין שיווק,IL,שקדיה,גרמים,300.00,100 גרם,false,,29.90,0.0997,true,1,3237
7290014501942,false,"מרלו גליל 750 מ""ל",הרי גליל,IL,"מרלו גליל 750 מ""ל",מיליליטרים,750.00,"100 מ""ל",false,,64.90,0.0865,true,1,65804
7290014503137,false,"יין כנען אדום דלתון 750 מ""ל","איי, בי, אינבוו",IL,יובלים,מיליליטרים,750.00,"100 מ""ל",false,,37.90,0.0505,true,1,11297
7290014503144,false,יין כנען לבן דלתון 750 מל,"איי, בי, אינבוו",IL,יובלים,מיליליטרים,750.00,"100 מ""ל",false,,37.90,0.0505,true,1,11298
7290014525290,false,חטיף מרבה סלים דליס קריספי תות 125 גר,סלים דליס Slim Delis,NL,מרבה,גרמים,125.00,100 גרם,false,,10.90,0.0872,true,1,19406
7290014525306,false,חטיף מרבה סלים דליס קריספי אוכמניות 125,סלים דליס Slim Delis,NL,מרבה,גרמים,125.00,100 גרם,false,,10.90,0.0872,true,1,19407
7290014534650,false,"פסטה ""לה פסטה"" 400 ג' צינור 400 ג'",מוטלו,TR,לה פסטה,גרמים,400.00,100 גרם,false,,3.50,0.0088,true,1,18868
7290014534667,false,"פסטה ""לה פסטה"" 400 ג' קונכיה 400 ג'",מוטלו,TR,לה פסטה,גרמים,400.00,100 גרם,false,,3.50,0.0088,true,1,18869
7290014534681,false,"פסטה ""לה פסטה"" 400 ג' בורג 400 ג'",מוטלו,TR,לה פסטה,גרמים,400.00,100 גרם,false,,3.50,0.0088,true,1,18871
7290014534698,false,"פסטה ""לה פסטה"" 400 ג' תלתל 400 ג'",מוטלו,TR,לה פסטה,גרמים,400.00,100 גרם,false,,3.50,0.0088,true,1,18872
7290014534704,false,"פסטה ""לה פסטה"" 400 ג' אטריות מרק 400 ג'",מוטלו,TR,לה פסטה,גרמים,400.00,100 גרם,false,,3.50,0.0088,true,1,18873
7290014547322,false,זוג מברשות סנסודיין שיקום,,,זוג מברשות שיניים סנ,יח',2.00,יח',false,,29.90,14.9500,true,1,51599
7290014547353,false,זוג מברשות סנסודיין דואל קר,,,זוג מברשות שיניים סנ,יח',2.00,יח',false,,19.90,9.9500,true,1,51600
7290014634046,false,ריבה לייט אוכמניות 5,הדרום תעשיות מזון בע,IL,ריבה לייט אוכמניות 5,גרמים,500.00,100 גרם,false,,21.90,0.0438,true,1,31863
7290014674004,false,קריספ פירורי לחם שומשום ומלח ים 300 גרם,א.ל ייצור ושיווק תבל,IL,קריספ פירורי לחם שומ,גרמים,300.00,100 גרם,false,,7.80,0.0260,true,1,66203
7290014692299,false,גבינת ברי 125 ג' קסטיאלו ויליפוד,יורו צ'יז Euro Cheese,DK,וילי פוד,גרמים,125.00,100 גרם,false,,14.90,0.1192,true,1,10786
7290014692305,false,גבינת קממבר 125ג' CASTELLO ויליפוד,הנסיך- מפעל לייצור ט,DK,CASTELLO,גרמים,125.00,100 גרם,false,,14.90,0.1192,true,1,10787
7290014692541,false,גבינת מגורדת 500ג' GOLDEN,ג.וילי פוד אינטרנשיו,IL,אודם מגורדת,גרמים,500.00,100 גרם,false,,19.50,0.0390,true,1,10795
7290014692565,false,גרעיני תירס מתוק וילי פוד 320 גרם,אקו קונסרויפרי קי.אפ,HU,וילי פוד,גרמים,320.00,100 גרם,false,,4.90,0.0153,true,1,10796
7290014692817,false,גבינת מוצרלה מגורדת 200 ג' EURO CHEESE ויליפוד,הנסיך- מפעל לייצור ט,IL,גבינת מוצרלה מגורדת 200 ג,גרמים,200.00,100 גרם,false,,10.90,0.0545,true,1,10801
7290014704572,false,קפה טורקי יוחננוף 10,רג'ואן,IL,קפה טורקי יוחננוף 10,גרמים,100.00,100 גרם,false,,5.90,0.0590,true,1,69717
7290014704602,false,מארז קפה טורק,רג'ואן,IL,*מבצע* מארז קפה טורק,גרמים,255.00,100 גרם,false,,11.90,0.0467,true,1,69719
7290014712379,false,"יוגורט בקבוק בטעם אפרסק 500 מ""ל הכפר",מחלבת בת הרים,IL,יוגורט אפרסק בקבוק 5,מיליליטרים,500.00,"100 מ""ל",false,,15.90,0.0318,true,1,61720
7290014712539,false,"יוגורט בקבוק בטעם תות שדה 500 מ""ל הכפר",מחלבת בת הרים,IL,יוגורט תות שדה בקבוק,מיליליטרים,500.00,"100 מ""ל",false,,15.90,0.0318,true,1,61721
7290014712546,false,"יוגורט בקבוק בטעם פירות יער 500 מ""ל הכפר",מחלבת בת הרים,IL,יוגורט פירות יער בקב,מיליליטרים,500.00,"100 מ""ל",false,,15.90,0.0318,true,1,61722
7290014749245,false,ספיישל רצועות שניצל שומשום עוף טוב 600 גרם,מוצרי עוף טוב (2001),IL,*מבצע* עוף טוב צ'ונג,גרמים,600.00,100 גרם,false,,29.90,0.0498,true,1,58395
7290014749764,false,שניצל עוף ביתי עדין עוף טוב 700 גרם,מוצרי עוף טוב (2001),IL,עוף טוב,גרמים,700.00,100 גרם,false,,34.90,0.0499,true,1,58111
7290014758100,false,מאגדת יוגורט ביו 3% שומן 8 יח' *150ג' תנובה,מיוצר עי קונדיטוריית,IL,תנובה,ליטרים,1.20,ליטר,false,,15.90,13.2500,true,1,18491
7290014758117,false,מאגדת יוגורט ביו 1.5% שומן 8 יח' *150 ג' תנובה,מיוצר עי קונדיטוריית,IL,תנובה,ליטרים,1.20,ליטר,false,,15.90,13.2500,true,1,18492
7290014758162,false,חלב עיזים מלא 3.6% קרטון 1 ל' תנובה,תנובה מרכז שיתופי לש,IL,תנובה,ליטרים,1.00,ליטר,false,,13.90,13.9000,true,1,18496
7290014758681,false,קוטג' תנובה 1% גביע 250 ג',מיוצר עי קונדיטוריית,IL,תנובה,גרמים,250.00,100 גרם,false,,5.50,0.0220,true,1,18508
7290014759084,false,גבינת שמנת 16% בטעם טבעי 225 ג' נפוליאון,תנובה מרכז שיתופי לש,IL,נפוליאון,גרמים,225.00,100 גרם,false,,12.80,0.0569,true,1,18509
7290014759909,false,פטה עיזים 5% פיראוס גביע 250 גרם,"תנובה, מחלבת טנא נוג",IL,פיראוס,גרמים,250.00,100 גרם,false,,26.90,0.1076,true,1,18516
7290014759978,false,"גבינת קצקבל פלח גלעד 27%, 200 ג'",תנובה,IL,קולאז,גרמים,200.00,100 גרם,false,,24.90,0.1245,true,1,18517
7290014759985,false,"גבינת פרמזן גבע 23% פלח, 200 ג'",תנובה,IL,קולאז,גרמים,200.00,100 גרם,false,,23.90,0.1195,true,1,18518
7290014759992,false,גבינת רוקפור גליל פלח 140 ג' תנובה,"תנובה, מחלבת תל יוסף",IL,קולאז,גרמים,140.00,100 גרם,false,,18.90,0.1350,true,1,18519
7290014760141,false,משקה שקדים תנובה E אלטרנטיב,תנובה Alternative,IL,משקה שקדים טרי 1 ליט,ליטרים,1.00,ליטר,false,,11.90,11.9000,true,1,18524
7290014760448,false,גבינה צהובה גלבוע 400 גרם 22% שומן תנובה,מחלבת בית יצחק,IL,תנובה,גרמים,400.00,100 גרם,false,,22.90,0.0572,true,1,18529
7290014760912,false,פרוסות גבינה 28% שומן 400 ג' גוש חלב,תנובה מרכז שיתופי לש,IL,תנובה,גרמים,400.00,100 גרם,false,,24.90,0.0622,true,1,18549
7290014761018,false,גיל בטעם וניל תנובה,תנובה מרכז שיתופי לש,IL,תנובה,גרמים,125.00,100 גרם,false,,1.30,0.0104,true,1,55204
7290014761056,false,מעדן שוקולד חלב מעולה 123 ג' יולו,מיוצר עי קונדיטוריית,IL,YOLO,גרמים,123.00,100 גרם,false,,4.30,0.0350,true,1,18551
7290014761063,false,מעדן שוקולד מריר מעולה 123 ג' יולו,מיוצר עי קונדיטוריית,IL,YOLO,גרמים,123.00,100 גרם,false,,4.30,0.0350,true,1,18552
7290014761070,false,מעדן שוקולד לבן מעולה 123 ג' יולו,מיוצר עי קונדיטוריית,IL,YOLO,גרמים,123.00,100 גרם,false,,4.30,0.0350,true,1,18553
7290014761193,false,יוגורט עם פירות יער 1.5% שומן 125 ג' פרילי,תנובה מרכז שיתופי לש,IL,פרילי,גרמים,125.00,100 גרם,false,,3.30,0.0264,true,1,18556
7290014761414,false,יולו מעדן שכבות שוקולד חלב ולבן 123 גר,מיוצר עי קונדיטוריית,IL,יולו,גרמים,122.00,100 גרם,false,,4.30,0.0352,true,1,18567
7290014761612,false,YOLO מעדן שכבות שוקולד מריר ולבן מעולה,מיוצר עי קונדיטוריית,IL,יולו,גרמים,122.00,100 גרם,false,,4.30,0.0352,true,1,18573
7290014762756,false,נפוליאון גבינת שמנת עם בצל 16% שומן,הרדוף חלב,IL,נפוליאון,גרמים,225.00,100 גרם,false,,12.80,0.0569,true,1,18623
7290014762800,false,מעדן סויה שוקולד גביע 125 גרם אלטרנטיב,תנובה מרכז שיתופי לש,IL,תנובה,מיליליטרים,125.00,"100 מ""ל",false,,3.70,0.0296,true,1,27740
7290014762831,false,גבינת שמנת חלפיניו 24% שומן 225 ג' נפוליאון,תנובה מרכז שיתופי לש,IL,נפוליאון,גרמים,225.00,100 גרם,false,,12.80,0.0569,true,1,18625
7290014762909,false,פתיתי מוצרלה 20% שומן 200 ג' השף הלבן,"תנובה, מחלבת תל יוסף",IL,תנובה,גרמים,200.00,100 גרם,false,,15.90,0.0795,true,1,18631
7290014763272,false,יוגורט סויה BIO לשתייה תות ובננה אלטרנטיב,תות תעשיות מזון (201,IL,משקה סויה,מיליליטרים,236.00,"100 מ""ל",false,,4.90,0.0208,true,1,18641
7290014763395,false,גבינה צהובה עמק פרוס 28% 600 גרם מהדרין,תנובה מרכז שיתופי לש,IL,עמק,גרמים,600.00,100 גרם,false,,29.90,0.0498,true,1,18647
7290014791091,false,"שוויפס לימונייד 500 מ""ל",,,שוופס מוגז פירות למו,מיליליטרים,500.00,"100 מ""ל",false,,5.00,0.0100,true,1,11901
7290014791725,false,"שוויפס תפוחים מוגז 500 מ""ל",,,שוופס מוגז פירות תפו,מיליליטרים,500.00,"100 מ""ל",false,,5.00,0.0100,true,1,11913
7290014855434,false,מגבונים בייביסיטר פרפורמנס מבושם רביעיה,בייביסיטר Babysitter,IL,בייביסיטר פרופורמנס,יח',288.00,יח',false,,14.90,0.0517,true,1,16421
7290014855458,false,מגבוני בייביסיטר פרפורמנס ללא בישום מארז 72X4יח',בייביסיטר Babysitter,IL,בייביסיטר פרופורמנס,יח',288.00,יח',false,,14.90,0.0517,true,1,16422
7290014860094,false,"מקלות אורז ללא גלוטן 3 מ""מ 454 גרם",ניינטי נודל קו,TH,oriental,גרמים,454.00,100 גרם,false,,10.90,0.0240,true,1,25605
7290014860155,false,"מחצלת במבו שטוחה 24*24 ס""מ",גולין פנגזו,CN,מזרח ומערב,יח',1.00,יח',false,,7.90,7.9000,true,1,25607
7290014860247,false,שבבי אורז מרובעים ללא גלוטן 227 גרם,ליאן תאי רייס,TH,מזרח ומערב,גרמים,227.00,100 גרם,false,,9.90,0.0436,true,1,25608
7290014860988,false,מזרח ומערב יבוא חלב,theppadungporn cocon,TH,מזרח ומערב,מיליליטרים,400.00,"100 מ""ל",false,,9.90,0.0248,true,1,25609
7290014890169,false,גבינת שמנת שום שמיר 25%,גבינות משק יעקבס,IL,משק יעקבס,גרמים,225.00,100 גרם,false,,9.90,0.0440,true,1,53515
7290014901247,false,"סטייל שמפו 0חר החלקה מועשר בקרטין, 750 מ""ל",א.ל. ארמן ייצור תמרו,IL,סטייל,מיליליטרים,750.00,"100 מ""ל",false,,24.90,0.0332,true,1,10407
7290014901254,false,"סטייל - מרכך קרטין לאחר החלקה 750 מ""ל",א.ל ארמן ייצור תמרוק,IL,סטייל,מיליליטרים,750.00,"100 מ""ל",false,,24.90,0.0332,true,1,10408
7290014901308,false,"סנסודיין משחת שיניים להגנה מלאה 75 מ""ל - סדרת פרמיום","סמית קליין ביצ'ם בע""",GB,סנסודיין,מיליליטרים,75.00,"100 מ""ל",false,,23.90,0.3187,true,1,10410
7290014901315,false,"סנסודיין הגנה מלאה אקסטרה פרש 75 מ""ל","סמית קליין ביצ'ם בע""",GB,סנסודיין,מיליליטרים,75.00,"100 מ""ל",false,,23.90,0.3187,true,1,10411
7290014905160,false,"הפי מטהר אוויר פניני ריח בניחוחות, 130 גרם",יוליניבר,IT,הפי,גרמים,130.00,100 גרם,false,,10.90,0.0838,true,1,12006
7290014905733,false,"הפי פרפקט לניקוי שמשות 750 מ""ל",יוליניבר,TR,הפי,מיליליטרים,750.00,"100 מ""ל",false,,6.90,0.0092,true,1,12015
7290014931008,false,פטרוזיליה עם השורש,מהשורש לאורך חיים,IL,פטרוזיליה,יח',1.00,יח',false,,6.90,6.9000,true,1,22816
7290014931015,false,כוסברה עם השורש,מהשורש לאורך חיים,IL,כוסברה,יח',1.00,יח',false,,7.50,7.5000,true,1,22817
7290014931053,false,בזיליקום עם השורש,מהשורש לאורך חיים,IL,בזיליקום,יח',1.00,יח',false,,7.50,7.5000,true,1,22820
7290014931077,false,עירית עם השורש,תעשיות תמרוקים שיק 1,IL,עירית,יח',1.00,יח',false,,7.50,7.5000,true,1,22822
7290014931084,false,אורגנו עם השורש,מהשורש לאורך חיים,IL,אורגנו,יח',1.00,יח',false,,7.50,7.5000,true,1,22823
7290014931091,false,קורנית- טימין ארוז,מהשורש לאורך חיים,IL,טימין,יח',1.00,יח',false,,7.50,7.5000,true,1,22824
7290014931107,false,נענע עם השורש,מהשורש לאורך חיים,IL,נענע,יח',1.00,יח',false,,7.50,7.5000,true,1,22825
7290014931176,false,עלי חסה רומית מהדרין,ל. פלמינגו ישראל,IL,עלי רומית,יח',1.00,יח',false,,8.90,8.9000,true,1,22826
7290014931190,false,חסה פאקצוי זוגות,משק מורדכי גדי בעמ,IL,פאקצ'וי,יח',1.00,יח',false,,11.90,11.9000,true,1,22827
7290014931206,false,שורש גרגיר נחלים,מהשורש לאורך חיים,IL,גרגיר נחלים,יח',1.00,יח',false,,8.90,8.9000,true,1,22828
7290014940901,false,לחם פשוט מלא 750 ג' אנג'ל,מאפית אנגל,IL,לחם פשוט מלא 750 גרם,גרמים,750.00,100 גרם,false,,11.90,0.0159,true,1,5979
7290014962521,false,"טפטפים משחת שיניים לילדים מגיל 2-6 50 מ""ל",כצט CTS,IL,כצט,מיליליטרים,50.00,"100 מ""ל",false,,10.90,0.2180,true,1,10421
7290015009003,false,"חומץ בן יין לבן 500 מ""ל",מנדלז סי.אר. פרודקשן,ES,אקובינתל,מיליליטרים,500.00,"100 מ""ל",false,,13.90,0.0278,true,1,29513
7290015009010,false,"חומץ בן יין אדום 500 מ""ל",מנדלז סי.אר. פרודקשן,ES,אקובינתל,מיליליטרים,500.00,"100 מ""ל",false,,13.90,0.0278,true,1,29514
7290015025942,false,"פנג'ל ק. ידיים קלאסי עם שמן שקדים 80מ""ל",מיוצר עי קונדיטוריית,IL,פנג'ל,מיליליטרים,80.00,"100 מ""ל",false,,7.90,0.0988,true,1,8602
7290015037204,false,כרוב לבן קצוץ 400 ג' א. הראץ,,,כרוב לבן חסלט 400 גרם,גרמים,400.00,100 גרם,false,,11.90,0.0298,true,1,12061
7290015037211,false,כרוב אדום קצוץ 400 ג' א. הראץ,,,כרוב אדום חסלט 400 גרם,גרמים,400.00,100 גרם,false,,11.90,0.0298,true,1,12062
7290015037228,false,סלט קולסלו 400 גר אוצר הארץ,,,סלט קולסלאו חסלט 400 גרם,גרמים,400.00,100 גרם,false,,11.90,0.0298,true,1,12063
7290015037235,false,חסה אייסברג קצוצה 300 גר' חסלט,,,חסה אייסברג,גרמים,280.00,100 גרם,false,,12.90,0.0461,true,1,12064
7290015037242,false,לקט ים תיכוני 350 גרם-א.הארץ,,,לקט ים תיכוני,גרמים,350.00,100 גרם,false,,12.90,0.0369,true,1,12065
7290015037266,false,שבבי גזר אוצר הארץ 400 גר,,,שבבי גזר חסלט,גרמים,400.00,100 גרם,false,,11.90,0.0298,true,1,12066
7290015037273,false,פטרוזיליה אוצר הארץ - מהדרין,נסטלה שוויץ - רורשאך,IL,פטרוזיליה חסלט,יח',1.00,יח',false,,6.40,6.4000,true,1,12067
7290015037280,false,כוסברה אוצר הארץ - מהדרין,ס.ר.ל פוסטל,IL,כוסברה חסלט,יח',1.00,יח',false,,6.40,6.4000,true,1,12068
7290015037297,false,שמיר אוצר הארץ - מהדרין,סאאדת,IL,שמיר חסלט,יח',1.00,יח',false,,6.40,6.4000,true,1,12069
7290015037402,false,‏בצל ירוק שקית - אוצר הארץ,סאמיט,IL,בצל ירוק חסלט,יח',1.00,יח',false,,7.40,7.4000,true,1,12072
7290015037419,false,‏סלרי שקית - א.הארץ,עבאדי,IL,סלרי חסלט,יח',1.00,יח',false,,7.40,7.4000,true,1,12073
7290015037433,false,חסה רגילה אוצר הארץ,נסטלה קוריאה - קפה,IL,חסה ערבית חסלט,יח',1.00,יח',false,,7.40,7.4000,true,1,12075
7290015037440,false,"כרוב לבן שלם 1 ק""ג -א. הארץ",סאסאטק,IL,כרוב לבן שלם חסלט,קילוגרמים,1.00,"ק""ג",true,,14.90,14.9000,true,1,12076
7290015037457,false,"כרוב אדום שלם 1 ק""ג -א. הארץ",,,כרוב אדום שלם חסלט,קילוגרמים,1.00,"ק""ג",true,,15.60,15.6000,true,1,12077
7290015037655,false,כרובית קפואה 600 גר' אוצר הארץ,י.ש. ירקות עליים,IL,כרובית קפוא 600 גרם,גרמים,600.00,100 גרם,false,,29.90,0.0498,true,1,64985
7290015039246,false,נתחי טונה בשמן צמחי רביעיה * 160 ג' וילי פוד,וילי פוד,TH,וילי פוד,גרמים,640.00,100 גרם,false,,19.90,0.0311,true,1,10814
7290015039253,false,וילי פוד עלי גפן במי מלח 620 גר,קוראהן פזלרמה וי דיס,TR,וילי פוד,גרמים,620.00,100 גרם,false,,8.90,0.0144,true,1,10815
7290015039338,false,נתחי טונה במי מלח רביעיה * 160 ג' וילי פוד,וילי פוד,TH,טונה במים רביעיה 160*4 גר,גרמים,640.00,100 גרם,false,,19.90,0.0311,true,1,10816
7290015129121,false,אטריות קונג'אק בתוספת טפיוקה בצורת נודלס,הוויזאי וואנגייה פוד,CN,סקיני פסטה,גרמים,270.00,100 גרם,false,,10.90,0.0404,true,1,2265
7290015129220,false,איטריות קונגאק ללא גלוטן 270 גרם skinny,אף.סי תבליני בגליל ב,CN,סקיני פסטה,גרמים,270.00,100 גרם,false,,10.90,0.0404,true,1,2273
7290015129657,false,סקיני פסטה פנה 270 גרם,,CN,סקיני פסטה פנה,גרמים,270.00,100 גרם,false,,10.90,0.0404,true,1,66729
7290015139250,false,"כרמית שוקולד מריר עם פצפוצי אורז לל""ס",כרמית תעשיות ממתקים,IL,כרמית,גרמים,85.00,100 גרם,false,,4.90,0.0576,true,1,11390
7290015139267,false,שוקולד מריר עם שקדים ללא תוספת סוכר וסטהיים,כרמית תעשיות ממתקים,IL,כרמית,גרמים,85.00,100 גרם,false,,4.90,0.0576,true,1,11391
7290015139465,false,כרמית מיקסים בייגלה מצופה שוקולד חלב,כרמית תעשיות ממתקים,IL,כרמית,גרמים,55.00,100 גרם,false,,3.90,0.0709,true,1,11399
7290015150088,false,מחית עגבניות גראנד איטליה 700 גרם,שוורצקוף& הנקל דיסלד,IT,מחית עגבניות,גרמים,700.00,100 גרם,false,,12.90,0.0184,true,1,17251
7290015150118,false,עגבניות חתוכות דק בלה איטליה 3*400 ג',אמיליאנה קונסרב ס.פ.,IL,עגבניות חתוכות דק,קילוגרמים,1.20,"ק""ג",false,,16.90,14.0833,true,1,17254
7290015155823,false,מחית תפוחי עץ חטיפטף ללא תוספת סוכר,פרוטה פודיווין איי.א,CZ,רנדי,גרמים,120.00,100 גרם,false,,5.90,0.0492,true,1,27792
7290015155830,false,מחית תפוחי עץ ובננה חטיפטף ללא תוספת סוכר,פרוטה פודווין איי.אס,CZ,רנדי,גרמים,120.00,100 גרם,false,,5.90,0.0492,true,1,27793
7290015156769,false,מחית פרינוק פאוץ' תפוח ואוכמניות 120 גרם,פרוטה פודווין איי.אס,CZ,רנדי,גרמים,120.00,100 גרם,false,,5.90,0.0492,true,1,49900
7290015156790,false,מחית לפתן פירות חטיפטף ללא תוספת סוכר,פרוטה פודווין איי.אס,CZ,רנדי,גרמים,120.00,100 גרם,false,,5.90,0.0492,true,1,31357
7290015156813,false,מחית פרינוק פאוץ' פירות מעורבים 120 גרם,פרוטה פודווין איי.אס,CZ,רנדי,גרמים,120.00,100 גרם,false,,5.90,0.0492,true,1,31358
7290015164818,false,רוטב קארי צהובה 400 גרם SUREE כשר,,TH,מחית קארי צהובה 400,גרמים,400.00,100 גרם,false,,19.90,0.0497,true,1,58926
7290015164832,false,מחית קארי ירוק 400 גרם SUREE כשר,טאפאדונגפורן קוקינט,TH,mae ploy,גרמים,400.00,100 גרם,false,,19.90,0.0497,true,1,25610
7290015164856,false,רוטב קארי אדומה 400 גרם SUREE כשר,טאפאדונגפורן קוקינט,TH,mae ploy,גרמים,400.00,100 גרם,false,,19.90,0.0497,true,1,25611
7290015178266,false,רוטב פלפלת אוליביה 270 גר,אוליביה,IL,אוליביה,גרמים,480.00,100 גרם,false,,12.90,0.0269,true,1,68371
7290015178273,false,רוטב מרינדה לעוף בגריל אוליביה 270 גר,אוליביה,IL,אוליביה,גרמים,530.00,100 גרם,false,,12.90,0.0243,true,1,68372
7290015193139,false,רוטב צ'ילי מתוק ללא,תאי פרידה אינדסטרי ב,TH,WOK,מיליליטרים,300.00,"100 מ""ל",false,,8.90,0.0297,true,1,8231
7290015193573,false,"ווק אטריות אורז עובי 2 מ""מ 400 גרם",אסיאן סופירה פודס חב,TH,WOK,גרמים,400.00,100 גרם,false,,8.90,0.0223,true,1,26952
7290015282000,false,איקרא אדומה SEVEN SEAS 200 גרם,שבעת הימים - שמיר,IL,שמיר,גרמים,200.00,100 גרם,false,,12.90,0.0645,true,1,58650
7290015282024,false,איקרא לבנה SEVEN SEAS 200 גרם,שבעת הימים - שמיר,IL,שמיר,גרמים,200.00,100 גרם,false,,12.90,0.0645,true,1,58651
7290015282390,false,סלט תורכי 200 גרם שמיר,"סלטי שמיר 2006 בע""מ",IL,סלטי שמיר,גרמים,200.00,100 גרם,false,,11.90,0.0595,true,1,27131
7290015282581,false,חומוס שמיר אבו גוש עם חריף 200 גר',"סלטי שמיר 2006 בע""מ",IL,סלטי שמיר,גרמים,200.00,100 גרם,false,,9.90,0.0495,true,1,27123
7290015282598,false,חומוס שמיר מסעדות 200 גר',"סלטי שמיר 2006 בע""מ",IL,סלטי שמיר,גרמים,200.00,100 גרם,false,,9.90,0.0495,true,1,27124
7290015282604,false,טחינה שמיר מיוחדת גורמה 200ג',"סלטי שמיר 2006 בע""מ",IL,סלטי שמיר,גרמים,200.00,100 גרם,false,,9.90,0.0495,true,1,27125
7290015282628,false,חציל שמיר בטעם כבד 200 גר',"סלטי שמיר 2006 בע""מ",IL,סלטי שמיר,גרמים,200.00,100 גרם,false,,11.90,0.0595,true,1,27127
7290015282635,false,חומוס שמיר מסבחה 200 גר',"סלטי שמיר 2006 בע""מ",IL,סלטי שמיר,גרמים,200.00,100 גרם,false,,9.90,0.0495,true,1,27132
7290015282642,false,חומוס שמיר אבו גוש 200 גר',"סלטי שמיר 2006 בע""מ",IL,סלטי שמיר,גרמים,200.00,100 גרם,false,,9.90,0.0495,true,1,27133
7290015282666,false,סלט טונה עם ירקות 200 גר,"סלטי שמיר 2006 בע""מ",IL,סלטי שמיר,גרמים,200.00,100 גרם,false,,16.90,0.0845,true,1,27128
7290015282673,false,חציל שמיר במיונז ביתי 200 גורמה גר',"סלטי שמיר 2006 בע""מ",IL,סלטי שמיר,גרמים,200.00,100 גרם,false,,9.90,0.0495,true,1,27134
7290015282680,false,קישוא בטעם כבד שמיר 200 גר',"סלטי שמיר 2006 בע""מ",IL,סלטי שמיר,גרמים,200.00,100 גרם,false,,11.90,0.0595,true,1,27135
7290015282710,false,קוביות סלק שמיר 200 גר',"סלטי שמיר 2006 בע""מ",IL,סלטי שמיר,גרמים,200.00,100 גרם,false,,9.90,0.0495,true,1,27137
7290015282727,false,גזר מרוקאי ברוטב פיקנטי אסלי שמיר 200 ג',"סלטי שמיר 2006 בע""מ",IL,סלטי שמיר,גרמים,200.00,100 גרם,false,,11.90,0.0595,true,1,27138
7290015282734,false,מטבוחה שמיר ביתית גורמה 200 ג ',"סלטי שמיר 2006 בע""מ",IL,סלטי שמיר,גרמים,200.00,100 גרם,false,,11.90,0.0595,true,1,27139
7290015282741,false,חציל תאילנדי אסלי שמיר 200 ג',"סלטי שמיר 2006 בע""מ",IL,סלטי שמיר,גרמים,200.00,100 גרם,false,,11.90,0.0595,true,1,27140
7290015282772,false,פלפל רצועות קלוי/מטוגן 200 גרם,"סלטי שמיר 2006 בע""מ",IL,סלטי שמיר,גרמים,200.00,100 גרם,false,,11.90,0.0595,true,1,27143
7290015282789,false,טונה טוניסאית 200 גרם גורמה,"סלטי שמיר 2006 בע""מ",IL,סלטי שמיר,גרמים,200.00,100 גרם,false,,11.90,0.0595,true,1,27129
7290015282796,false,"סלט תפו""א שמיר במיונז 200ג'","סלטי שמיר 2006 בע""מ",IL,סלטי שמיר,גרמים,200.00,100 גרם,false,,11.90,0.0595,true,1,27144
7290015320054,false,עןגיות טעם חמאה בארי,,,עוגיות חמאה 340 גרם,גרמים,340.00,100 גרם,false,,12.90,0.0379,true,1,19848
7290015320481,false,שוקולד מריר 60% 100,,,שוקולד מריר 60% 100גר,גרמים,100.00,100 גרם,false,,3.90,0.0390,true,1,56521
7290015324007,false,תבלין פלפל שחור גרוס 80 ג',"תבליני טעם וריח בע""מ",IL,"תבליני טעם וריח בע""מ",גרמים,80.00,100 גרם,false,,9.90,0.1238,true,1,21266
7290015324014,false,תבלין פלפל שחור טחון 80 ג',"תבליני טעם וריח בע""מ",IL,"תבליני טעם וריח בע""מ",גרמים,80.00,100 גרם,false,,9.90,0.1238,true,1,21267
7290015324038,false,פפריקה מרוקאית מתוקה בשמן,"תבליני טעם וריח בע""מ",IL,"תבליני טעם וריח בע""מ",גרמים,80.00,100 גרם,false,,5.90,0.0738,true,1,21268
7290015324045,false,תבלין פפריקה חריפה 80 גר' שק',"תבליני טעם וריח בע""מ",IL,"תבליני טעם וריח בע""מ",גרמים,80.00,100 גרם,false,,5.90,0.0738,true,1,21269
7290015324052,false,תבלין פפריקה מתוקה 80 ג',"תבליני טעם וריח בע""מ",IL,"תבליני טעם וריח בע""מ",גרמים,80.00,100 גרם,false,,5.90,0.0738,true,1,21270
7290015324069,false,תערובת תיבול גריל עוף,"תבליני טעם וריח בע""מ",IL,"תבליני טעם וריח בע""מ",גרמים,80.00,100 גרם,false,,5.90,0.0738,true,1,21271
7290015324076,false,טעם וריח זעתר שקית 8,"תבליני טעם וריח בע""מ",IL,"תבליני טעם וריח בע""מ",גרמים,80.00,100 גרם,false,,5.90,0.0738,true,1,21272
7290015324083,false,טעם וריח מלח לימון ש,"תבליני טעם וריח בע""מ",IL,"תבליני טעם וריח בע""מ",גרמים,80.00,100 גרם,false,,5.90,0.0738,true,1,21273
7290015324090,false,תבלין כמון טחון 80 ג',"תבליני טעם וריח בע""מ",IL,"תבליני טעם וריח בע""מ",גרמים,80.00,100 גרם,false,,5.90,0.0738,true,1,21274
7290015324106,false,תבלין כורכום טחון 80 גר',"תבליני טעם וריח בע""מ",IL,"תבליני טעם וריח בע""מ",גרמים,80.00,100 גרם,false,,5.90,0.0738,true,1,21275
7290015324113,false,טעם וריח בהרט שקית 8,"תבליני טעם וריח בע""מ",IL,"תבליני טעם וריח בע""מ",גרמים,80.00,100 גרם,false,,5.90,0.0738,true,1,21276
7290015324120,false,טעם וריח שום גבישי ב,"תבליני טעם וריח בע""מ",IL,"תבליני טעם וריח בע""מ",גרמים,80.00,100 גרם,false,,7.90,0.0988,true,1,21277
7290015324151,false,תבלין חוויאג למרק ב,"תבליני טעם וריח בע""מ",IL,"תבליני טעם וריח בע""מ",גרמים,80.00,100 גרם,false,,5.90,0.0738,true,1,21278
7290015324168,false,תבלין על האש תיבול 80 גר' שק',"תבליני טעם וריח בע""מ",IL,"תבליני טעם וריח בע""מ",גרמים,80.00,100 גרם,false,,5.90,0.0738,true,1,21279
7290015324175,false,תבלין שווארמה תיבול 80 גר' שק',"תבליני טעם וריח בע""מ",IL,"תבליני טעם וריח בע""מ",גרמים,80.00,100 גרם,false,,5.90,0.0738,true,1,21280
7290015324427,false,סודה לשתיה טעם וריח 80 גר',"תבליני טעם וריח בע""מ",IL,טעם וריח,גרמים,80.00,100 גרם,false,,3.90,0.0487,true,1,28577
7290015324519,false,תערובת לפיצה שקית 80 גרם,"תבליני טעם וריח בע""מ",IL,טעם וריח,גרמים,80.00,100 גרם,false,,5.90,0.0738,true,1,54362
7290015324526,false,תערובת תיבול לפרגיות 80 גרם,"תבליני טעם וריח בע""מ",IL,טעם וריח,גרמים,80.00,100 גרם,false,,5.90,0.0738,true,1,54363
7290015324533,false,רוזמרין מכל גדול 55 גרם,"תבליני טעם וריח בע""מ",IL,טעם וריח,גרמים,55.00,100 גרם,false,,9.90,0.1800,true,1,54364
7290015324540,false,טימין מכל גדול 30 גרם,"תבליני טעם וריח בע""מ",IL,טעם וריח,גרמים,30.00,100 גרם,false,,9.90,0.3300,true,1,54365
7290015324557,false,בהרט לבישול מיכל גדול 80 גרם,"תבליני טעם וריח בע""מ",IL,טעם וריח,גרמים,80.00,100 גרם,false,,9.90,0.1238,true,1,54372
7290015324564,false,בכוסברה טחונה מיכל גדול 70 גרם,"תבליני טעם וריח בע""מ",IL,טעם וריח,גרמים,70.00,100 גרם,false,,9.90,0.1414,true,1,54366
7290015324571,false,פפריקה מתוקה בשמן בסגנון מרוקאי 400 גרם,"תבליני טעם וריח בע""מ",IL,טעם וריח,גרמים,400.00,100 גרם,false,,19.90,0.0497,true,1,55916
7290015324588,false,פלפל לבן טחון 100 גר,"תבליני טעם וריח בע""מ",IL,"תבליני טעם וריח בע""מ",גרמים,100.00,100 גרם,false,,12.90,0.1290,true,1,56915
7290015324663,false,צ'ילי גרוס חריף אש 70 גרם,"תבליני טעם וריח בע""מ",IL,"תבליני טעם וריח בע""מ",גרמים,70.00,100 גרם,false,,9.90,0.1414,true,1,59586
7290015324724,false,מחית צ`ילי חריף `טעם וריח' 230 גרם,ליני קאטייאמה פודסטא,CN,*מבצע* מחית צ'ילי חר,גרמים,230.00,100 גרם,false,,9.90,0.0430,true,1,66690
7290015324731,false,"מחית ג`ינג`ר `טעם וריח', 210 גרם",ליני קאטייאמה פודסטא,CN,*מבצע* מחית ג'ינג'ר,גרמים,210.00,100 גרם,false,,9.90,0.0471,true,1,66691
7290015324748,false,"מחית שום וג`ינגר `טעם וריח', 210 גרם",ליני קאטייאמה פודסטא,CN,*מבצע* מחית שום וג'י,גרמים,210.00,100 גרם,false,,9.90,0.0471,true,1,66692
7290015347273,false,נטיפי שוקולד אמיתי לאפיה 250 גר',מיה,IL,נטיפי שוקולד אמיתי 2,גרמים,250.00,100 גרם,false,,8.90,0.0356,true,1,62469
7290015347297,false,מעדן דובדבנים 280 גר' מיה,cima,BG,מעדן דובדבנים 280 גר,גרמים,280.00,100 גרם,false,,11.90,0.0425,true,1,62471
7290015347464,false,קינואה מעורבת 400 גרם,"מיה תעשיות מזון בע""מ",IL,מיה,גרמים,400.00,100 גרם,false,,14.90,0.0373,true,1,12896
7290015347488,false,"סוכר דמררה חום שקית מיה 1 ק""ג",מיה תעשיות מזון בעמ,IL,"סוכר דמררה שקית 1 ק""",קילוגרמים,1.00,"ק""ג",false,,8.90,8.9000,true,1,62474
7290015350150,false,"יין אדום חצי יבש סגל 750 מ""ל",כרמי צבי - אחים סגל,IL,סגל רגיל,מיליליטרים,750.00,"100 מ""ל",false,,19.90,0.0265,true,1,57101
7290015366663,false,"אקווה פרש משחת שיניים מנטה עדין 100מ""ל",גלקסוסמיתקליין,SK,אקווה פרש,גרמים,100.00,100 גרם,false,,5.90,0.0590,true,1,10436
7290015366670,false,משחת שיניים הגנה משולשת מנטה מרענן,גלקסוסמיתקליין,SK,אקווה פרש,גרמים,100.00,100 גרם,false,,5.90,0.0590,true,1,10437
7290015395045,false,קינואה 400 גרם חתם סופר,"שקדיה גבע תעשיות בע""",IL,שקדיה,גרמים,400.00,100 גרם,false,,9.90,0.0248,true,1,3240
7290015470094,false,טוסו שוקולד מריר תפוז ללא סוכר 100 גר,ALTINMARKA,TR,טוסו,גרמים,100.00,100 גרם,false,,8.90,0.0890,true,1,8605
7290015514866,false,שקית גופיה בודד.,,,שקית גופיה בודד.,יח',1.00,יח',false,,0.10,0.1000,true,1,3563
7290015603188,false,אטריות ביצים 454ג' (כ) (fu),פוגקן לונגהי אנלידה,CN,מזרח ומערב,גרמים,454.00,100 גרם,false,,10.90,0.0240,true,1,25612
7290015603195,false,איטריות בתוספת תרד 454 גרם,פוגקן לונגהי אנלידה,CN,מזרח ומערב,גרמים,454.00,100 גרם,false,,10.90,0.0240,true,1,25613
7290015603218,false,איטריות בתוספת עגבניות 454 גרם,פוגקן לונגהי אנלידה,CN,מזרח ומערב,גרמים,454.00,100 גרם,false,,10.90,0.0240,true,1,25615
7290015603225,false,איטריות בתוספת גזר 454 גרם,פוגקן לונגהי אנלידה,CN,מזרח ומערב,גרמים,454.00,100 גרם,false,,10.90,0.0240,true,1,25616
7290015603522,false,נוזל אגוזי קוקוס 5-7% 400 מל,אסי אטיק גרו אינדוסט,TH,asiatic,מיליליטרים,400.00,"100 מ""ל",false,,6.90,0.0173,true,1,25618
7290015603546,false,"שימורי קרם קוקוס 17-19% 400 מ""ל (ASIATIC)(כ)",אסי אטיק גרו אינדוסט,TH,מזרח ומערב,מיליליטרים,400.00,"100 מ""ל",false,,8.90,0.0223,true,1,25619
7290015603560,false,"שימורי קרם קוקוס 20-22% 400 מ""ל",אסי אטיק גרו אינדוסט,TH,מזרח ומערב,מיליליטרים,400.00,"100 מ""ל",false,,9.90,0.0248,true,1,25620
7290015603584,false,ג'ינגר לבן כבוש ללא מונוסודיום 160 גרם (כ),לאיווי איפנג פודס קו,CN,ג'ינג'ר לבן כבוש ללא,גרמים,160.00,100 גרם,false,,7.90,0.0494,true,1,53695
7290015603591,false,גינגר כבוש וורוד 160 גרם,ננטונג הידה אקוטיק פ,CN,ג'ינג'ר ורוד כבוש לל,גרמים,160.00,100 גרם,false,,7.90,0.0494,true,1,27841
7290015603638,false,אורז קלרוז מזרח ומער,מינה פונג גרין אגריק,VN,"אורז קלרוז 1 ק""ג",קילוגרמים,1.00,"ק""ג",false,,11.90,11.9000,true,1,25622
7290015644297,false,אנג'ל הלחמניה המלאה 6יח 450 ג',מאפיית שלמה א. אנג'ל,IL,אנגל,יח',6.00,יח',false,,10.90,1.8167,true,1,5980
7290015644426,false,לחם צרפתי חיטה מלאה ודגנים 600 ג',"איטיליאן פוד, אס.פי.",IL,אנגל,גרמים,600.00,100 גרם,false,,16.90,0.0282,true,1,2451
7290015652247,false,מובחרים מן הטבע,"דין שיווק וקלייה בע""",AR,נפטון,יח',1.00,יח',false,,19.90,19.9000,true,1,24294
7290015652261,false,בוטנים קלויים 300 גרם ששון הקולה,"דין שיווק וקלייה בע""",IL,ששון הקולה,גרמים,350.00,100 גרם,false,,10.00,0.0286,true,1,3260
7290015652292,false,קבוקים עם שומשום 400 גרם ששון הקלה,"דין שיווק וקלייה בע""",IL,ששון הקולה,גרמים,400.00,100 גרם,false,,10.00,0.0250,true,1,3263
7290015652322,false,בוטנים אמריקאיים מצופים 400 גר ששון הקלה,"דין שיווק וקלייה בע""",IL,ששון הקולה,גרמים,400.00,100 גרם,false,,10.00,0.0250,true,1,3266
7290015652407,false,פיסטוק קלוי 250 גר דין שיווק,ינגאון גידה סאנאבי,IL,פיצוחים,גרמים,250.00,100 גרם,false,,20.00,0.0800,true,1,3267
7290015652506,false,נוזל קוקוס דל קלוריו,"דין שיווק וקלייה בע""",TH,סו שף,גרמים,400.00,100 גרם,false,,9.90,0.0248,true,1,24298
7290015652513,false,תערובת תבלינים לסטייק ובשרים על האש,"נווה התבלין בע""מ",IL,אהרוני,גרמים,150.00,100 גרם,false,,9.90,0.0660,true,1,24299
7290015652520,false,"תערובת השף עשבי תיבול ושום לתיבול דגים, עופות, מאפים ועוד","נווה התבלין בע""מ",IL,אהרוני,גרמים,70.00,100 גרם,false,,9.90,0.1414,true,1,24300
7290015652551,false,תערובת תיבול זעתר ושומשום בלדי,"נווה התבלין בע""מ",IL,אהרוני,גרמים,150.00,100 גרם,false,,9.90,0.0660,true,1,24303
7290015652575,false,תערובת תיבול ראס אל חנות,"נווה התבלין בע""מ",IL,אהרוני,גרמים,150.00,100 גרם,false,,9.90,0.0660,true,1,24305
7290015652582,false,אהרוני חריימה דג 150 גר,"נווה התבלין בע""מ",IL,אהרוני,גרמים,150.00,100 גרם,false,,9.90,0.0660,true,1,24306
7290015652599,false,תערובת מתובלת להכנת צלי בקר,"נווה התבלין בע""מ",IL,אהרוני,גרמים,120.00,100 גרם,false,,9.90,0.0825,true,1,24307
7290015673198,false,בורגר מהצומח עם פטריות טקסס 400 גר,טבע דלי בעמ,IL,המבורגר טקסס- עם פטר,גרמים,400.00,100 גרם,false,,24.90,0.0622,true,1,29157
7290015673211,false,טחון מהצומח להכנת בולונז קפוא 500 גר,,IL,טחון להכנת בולונז 50,גרמים,500.00,100 גרם,false,,23.90,0.0478,true,1,30211
7290015695800,false,נבטי ברוקולי אורגני,הנבטים של אודי,IL,נבטי ברוקולי אורגני,יח',1.00,יח',false,,10.90,10.9000,true,1,28744
7290015695848,false,נבטי אלפלפא אורגני,,,נבטי אלפלפא אורגני,יח',1.00,יח',false,,10.90,10.9000,true,1,28748
7290015695855,false,נבטי חמניה אורגני,הנבטים של אודי,IL,נבטי חמניה אורגני,יח',1.00,יח',false,,10.90,10.9000,true,1,28749
7290015695886,false,מיקס נבטים אורגני,הנבטים של אודי,,מיקס נבטים אורגני,יח',1.00,יח',false,,10.90,10.9000,true,1,28751
7290015695893,false,מיקס נבטוטים אורגני,,,מיקס נבטוטים אורגני,יח',1.00,יח',false,,10.90,10.9000,true,1,28752
7290015695916,false,מיקס נבטים ענק אורגני,הנבטים של אודי,IL,מיקס נבטים ענק אורגנ,יח',1.00,יח',false,,19.90,19.9000,true,1,28753
7290015695923,false,נבטים סינים אורגנים,מושב אחיטוב,IL,נבטים סיניים אורגני,יח',1.00,יח',false,,9.90,9.9000,true,1,28754
7290015733205,false,תרכובת מזון לתינוקות חלבי שלב 1 אקסטרה קר מהדרין,מטרנה,IL,מטרנה,גרמים,700.00,100 גרם,false,,58.90,0.0841,true,1,32272
7290015733229,false,תרכובת מזון לתינוקות חלבי שלב 2 אקסטרה קר מהדרין,מטרנה,IL,מטרנה,גרמים,700.00,100 גרם,false,,58.90,0.0841,true,1,32273
7290015733243,false,מטרנה אקסטרה קר מהדרין שלב 3 700ג',מטרנה,IL,מטרנה,גרמים,700.00,100 גרם,false,,58.90,0.0841,true,1,32274
7290015733427,false,מטרנה דייסת גם וגם וניל פרו12*300ג 2019,מולינו ניקולי s.p.a,IL,מטרנה,גרמים,300.00,100 גרם,false,,17.90,0.0597,true,1,55418
7290015745178,false,מנגל נירוסטה ארוך,,,מנגל נירוסטה ארוך,יח',1.00,יח',false,,79.90,79.9000,true,1,56837
7290015766005,false,עגבניות שרי וויטני,אראל תוצרת חקלאית בע,IL,שרי תמר וויטני,יח',1.00,יח',false,,8.90,8.9000,true,1,647
7290015766012,false,עגבניות שרי אדום,אראל תוצרת חקלאית בע,IL,שרי ליקופן,יח',1.00,יח',false,,8.90,8.9000,true,1,52605
7290015766029,false,עגבניות שרי כתומות 4,אראל תוצרת חקלאית בע,IL,שרי כתום,יח',1.00,יח',false,,8.90,8.9000,true,1,54691
7290015766043,false,עגבניות שרי מיקס,,IL,עגבניות שרי מיקס,יח',1.00,יח',false,,8.90,8.9000,true,1,60377
7290015781008,false,"יין ויז'ן מרלו 750 מ""ל",יקב טפרברג 1870 בעמ,IL,טפרברג,מיליליטרים,750.00,"100 מ""ל",false,,39.90,0.0532,true,1,12142
7290015781015,false,"יין ויז'ן מלבק 750 מ""ל",יקב טפרברג 1870 בעמ,IL,טפרברג,מיליליטרים,750.00,"100 מ""ל",false,,39.90,0.0532,true,1,12143
7290015781046,false,יין VISION לבן חצי יבש 750 מל,יקב טפרברג 1870 בעמ,IL,טפרברג,מיליליטרים,750.00,"100 מ""ל",false,,39.90,0.0532,true,1,12144
7290015781091,false,"יין ויז'ן קברנה סובניון 750 מ""ל",יקב טפרברג 1870 בעמ,IL,טפרברג,מיליליטרים,750.00,"100 מ""ל",false,,39.90,0.0532,true,1,12146
7290015781107,false,"סנגובזה אימפרשיאון 750 מ""ל",יקב טפרברג 1870 בעמ,IL,טפרברג,מיליליטרים,750.00,"100 מ""ל",false,,49.90,0.0665,true,1,12147
7290015781114,false,"יין אימפרשן מרלו 750 מ""ל",יקב טפרברג 1870 בעמ,IL,טפרברג,מיליליטרים,750.00,"100 מ""ל",false,,49.90,0.0665,true,1,12148
7290015781121,false,"קברנה סוביניון אימפרשיאון 750 מ""ל-מרכז",יקב טפרברג 1870 בעמ,IL,טפרברג,מיליליטרים,750.00,"100 מ""ל",false,,49.90,0.0665,true,1,12149
7290015781138,false,"שרדונה אימפרשיאון 750 מ""ל",יקב טפרברג 1870,IL,טפרברג,מיליליטרים,750.00,"100 מ""ל",false,,49.90,0.0665,true,1,12150
7290015781169,false,"יין קברנה סוביניון - חצי יבש אימפרשן 750מ""ל",יקב טפרברג 1870 בעמ,IL,טפרברג,מיליליטרים,750.00,"100 מ""ל",false,,49.90,0.0665,true,1,12153
7290015781282,false,"יין גוורצטמינר אימפרשן 750מ""ל",יקב טפרברג 1870,IL,טפרברג,מיליליטרים,750.00,"100 מ""ל",false,,49.90,0.0665,true,1,12156
7290015781299,false,יין שיראז אדום טפמבר,יקב טפרברג 1870 בעמ,IL,טפרברג,מיליליטרים,750.00,"100 מ""ל",false,,39.90,0.0532,true,1,12157
7290015781305,false,"יין אימפרשן סירה 750 מ""ל",יקב טפרברג 1870 בעמ,IL,טפרברג,מיליליטרים,750.00,"100 מ""ל",false,,49.90,0.0665,true,1,12158
7290015804400,false,עגבניות מרוסקות טל 260 ג',טל וטרי,IL,טל וטרי,גרמים,250.00,100 גרם,false,,2.90,0.0116,true,1,15053
7290015804486,false,עגבניות מרוסקות בטעם שקשוקה טל 260 ג',טל וטרי,IL,טל וטרי,גרמים,250.00,100 גרם,false,,2.90,0.0116,true,1,15057
7290015814980,false,קבב מסעדות חלק.,,,קבב מסעדות חלק.,קילוגרמים,1.00,"ק""ג",true,,52.90,52.9000,true,1,49307
7290015858106,false,ממרח פסטו ביתי 180 ג' עללחם,"מדשא תעשיות מזון בע""",IL,עללחם,גרמים,180.00,100 גרם,false,,15.90,0.0883,true,1,52312
7290015858113,false,ממרח עגבניות מיובשות עללחם 180 גרם,"מדשא תעשיות מזון בע""",IL,עללחם,גרמים,180.00,100 גרם,false,,15.90,0.0883,true,1,52313
7290015858144,false,ממרח ארטישוק עללחם 180 גרם,זאביק יצור ושיווק מז,IL,עללחם,גרמים,180.00,100 גרם,false,,15.90,0.0883,true,1,52314
7290015858151,false,ממרח שום 180 גרם עללחם בית יוסף,מדשא תעשיות מזון,IL,עללחם,גרמים,180.00,100 גרם,false,,15.90,0.0883,true,1,61018
7290015858175,false,ממרח פלפלים קלויים עללחם 180 גרם,זאביק יצור ושיווק מז,IL,עללחם,גרמים,180.00,100 גרם,false,,15.90,0.0883,true,1,52315
7290015858212,false,ממרח לימון כבוש עללחם 180 גרם,מדשא תעשיות מזון,IL,עללחם,גרמים,180.00,100 גרם,false,,15.90,0.0883,true,1,52316
7290015858229,false,טפנד זיתי קלמטה עללחם 180 גרם,"מדשא תעשיות מזון בע""",IL,עללחם,גרמים,180.00,100 גרם,false,,15.90,0.0883,true,1,52317
7290015858243,false,ממרח צימיצורי עללחם 180 גרם,זאביק יצור ושיווק מז,IL,עללחם,גרמים,180.00,100 גרם,false,,15.90,0.0883,true,1,52318
7290015858328,false,עללחם ממרח איולי פסטו 295 גרם,מדשא תעשיות מזון,IL,*מבצע* איולי פסטו על,גרמים,295.00,100 גרם,false,,12.90,0.0437,true,1,70317
7290015858441,false,עללחם ממרח איולי פלפלים 295 גרם,מדשא תעשיות מזון,IL,*מבצע* איולי פלפלים,גרמים,295.00,100 גרם,false,,12.90,0.0437,true,1,70316
7290015858687,false,עללחם ממרח איולי שום 295 גרם,מדשא תעשיות מזון,IL,*מבצע* איולי שום עלל,גרמים,295.00,100 גרם,false,,12.90,0.0437,true,1,70318
7290015968102,false,קיסמי שיניים רפואיים,W.H.J.C. Co,CN,הוסטס,יח',100.00,יח',false,,14.90,0.1490,true,1,5758
7290016006148,false,"שוופס מוגז עדין ענבים בקבוק 500מ""ל",,,שוופס מוגז פירות ענב,מיליליטרים,500.00,"100 מ""ל",false,,5.00,0.0100,true,1,11921
7290016006292,false,נקטר מנגו בננה מלון קרטונית 1 ל' ספרינג,יפאורה תבורי,IL,ספרינג,ליטרים,1.00,ליטר,false,,6.70,6.7000,true,1,11925
7290016006322,true,מים מינרליים מי עדן,מי עדן,IL,מי עדן,ליטרים,1.00,ליטר,false,,2.90,2.9000,true,1,53001
7290016006339,false,מים מינרלים - מארז רביעייה,מופק ממקור בזלתי עדן,IL,מים מינרליים מי עדן,ליטרים,4.00,ליטר,false,,9.90,2.4750,true,1,11926
7290016006346,false,שישיית שרינק 500 מל שוופס סודה,יפאורה תבורי בעמ,IL,שוופס,מיליליטרים,500.00,"100 מ""ל",false,,13.90,0.0278,true,1,11927
7290016077759,false,רוטב ברביקיו קלאסי 480 גרם,היינץ Heinz,NL,רוטב ברביקיו קלאסי 4,גרמים,480.00,100 גרם,false,,16.90,0.0352,true,1,61326
7290016083323,false,עוגיות בדלי בטעמים ש,מאפיית ישראל חיפה,IL,מעמול תמרים 500 גרם,גרמים,500.00,100 גרם,false,,10.90,0.0218,true,1,58475
7290016083347,false,עוגיות בדלי בטעמים ש,מאפיית ישראל חיפה,IL,רולדה תמרים 500 גרם,גרמים,500.00,100 גרם,false,,10.90,0.0218,true,1,58477
7290016083378,false,עוגיות במילוי טעם שו,מאפיית ישראל חיפה,IL,"עוגיות ""תמר"" במילוי",גרמים,500.00,100 גרם,false,,10.90,0.0218,true,1,58479
7290016087123,false,רוטב עגבניות מתובל לפסטה 240 ג' פריניר,פריניר,IL,פריניר,גרמים,240.00,100 גרם,false,,4.90,0.0204,true,1,27621
7290016087147,false,רוטב עגבניות לפיצה מרגריטה 240 ג' פריניר,פריניר,IL,פריניר,גרמים,240.00,100 גרם,false,,4.90,0.0204,true,1,27632
7290016087222,false,רוטב עגבניות מרוכז לשקשוקה פריניר 230 גר,פריניר ( הדס 1987) ב,IL,פרי ניר,גרמים,230.00,100 גרם,false,,4.90,0.0213,true,1,28253
7290016094695,false,אלכוג'ל לשמירה על הייגיינת הידיים 70% אלכוהול,פישר מעבדות פרמצבטיו,IL,אלכוג'ל,מיליליטרים,500.00,"100 מ""ל",false,,19.90,0.0398,true,1,55815
7290016096491,false,נתחי טונה בהירה בשמן צמחי שלישיה *80ג' פילטונה,תעשיות פילטונה,IL,פילטונה,גרמים,240.00,100 גרם,false,,11.90,0.0496,true,1,64095
7290016096507,false,טונה בשמן קנולה שליש,תעשיות פילטונה,IL,פילטונה,גרמים,240.00,100 גרם,false,,11.90,0.0496,true,1,35923
7290016096811,false,רביעיית ממרח טונה פילטונה 160 גר'*4,תעשיות פילטונה,IL,רביעיית ממרח טונה 16,גרמים,640.00,100 גרם,false,,19.90,0.0311,true,1,59570
7290016136111,false,תערובת להכנת מאפים ללא גלוטן 500 G FREE,אשבל -מזון פונקציונל,IL,GFREE,גרמים,500.00,100 גרם,false,,16.90,0.0338,true,1,7574
7290016136722,false,פתיתים פנה ללא גלוטן 340 גרם גי פרי,malino andriani,IT,GFREE,גרמים,340.00,100 גרם,false,,9.90,0.0291,true,1,26503
7290016136739,false,פתיתים פוזילי ללא גלוטן 340 גרם גי פרי,malino andriani,IT,GFREE,גרמים,340.00,100 גרם,false,,9.90,0.0291,true,1,26504
7290016144000,false,"קמח חיטה מלאה נפלאות 80% 1 ק""ג","קמח מלכים בע""מ",IL,קמח חיטה 80% ללא צור,קילוגרמים,1.00,"ק""ג",false,,9.90,9.9000,true,1,56455
7290016144017,false,"קמח מלא נפלאות 100% ללא ניפוי 1 ק""ג",קמח מלכים,IL,קמח חיטה מלא 100% לל,קילוגרמים,1.00,"ק""ג",false,,9.90,9.9000,true,1,56443
7290016144024,false,"קמח כוסמין מלא נפלאות 100% 1 ק""ג","קמח מלכים בע""מ",IL,קמח כוסמין מלא 100%,קילוגרמים,1.00,"ק""ג",false,,14.90,14.9000,true,1,56445
7290016144031,false,"קמח לבן מנופה נפלאות 1 ק""ג",קמח מלכים,IL,קמח חיטה לבן מנופה 1,קילוגרמים,1.00,"ק""ג",false,,6.90,6.9000,true,1,56444
7290016144048,false,"קמח כוסמין לבן נפלאות 1 ק""ג","קמח מלכים בע""מ",IL,קמח כוסמין לבן ללא צ,קילוגרמים,1.00,"ק""ג",false,,16.90,16.9000,true,1,56446
7290016144055,false,"קמח כוסמין נפלאות 80% 1 ק""ג",קמח מלכים,IL,קמח כוסמין 80% ללא צ,קילוגרמים,1.00,"ק""ג",false,,14.90,14.9000,true,1,56447
7290016146004,false,קמח שקד קלוף 300 גר,אלמנדוס,IL,*מבצע* קמח שקד מולבן,גרמים,300.00,100 גרם,false,,20.90,0.0697,true,1,66064
7290016150117,false,סלק אדום מבושל 500 ג' בוואקום,חקלאי,IL,סלק וואקום 500 גרם,יח',1.00,יח',false,,5.90,5.9000,true,1,649
7290016162219,false,כדורי שוקולד קוקוס קפולסקי 280 גר',קפולסקי שיווק וקמעונ,IL,קפולסקי,גרמים,280.00,100 גרם,false,,29.90,0.1068,true,1,25160
7290016162264,false,עוגת גבינה רנססנס 450 גר',קפולסקי שיווק וקמעונ,IL,קפולסקי,גרמים,450.00,100 גרם,false,,39.90,0.0887,true,1,25165
7290016197488,false,מטליות מיקרופייבר למשטחים ניקול 3יח',UFO INC,CN,ניקול,יח',1.00,יח',false,,9.90,9.9000,true,1,11135
7290016197495,false,ניקול זוג מטליות הקסם מיקרופייבר לרצפה,חוגלה קימברלי,CN,ניקול,יח',1.00,יח',false,,15.90,15.9000,true,1,11136
7290016217643,false,חמוצים שמיר סיני אסלי 400 גר',"סלטי שמיר 2006 בע""מ",IL,אסלי,גרמים,400.00,100 גרם,false,,10.90,0.0273,true,1,64037
7290016217735,false,חציל על האש סלטי שמי,"סלטי שמיר 2006 בע""מ",IL,סלטי שמיר,גרמים,200.00,100 גרם,false,,9.90,0.0495,true,1,27145
7290016217742,false,חציל על אש בטחינה 200 גר,"סלטי שמיר 2006 בע""מ",IL,סלטי שמיר,גרמים,200.00,100 גרם,false,,9.90,0.0495,true,1,27146
7290016217971,false,נסיכת הנילוס מעושנת חדש 100 גרם,שבעת הימים - שמיר,IL,שמיר,גרמים,100.00,100 גרם,false,,24.90,0.2490,true,1,26578
7290016217988,false,גרבדלקס סלמון כבוש 100 גרם,"סלטי שמיר 2006 בע""מ",IL,שמיר,גרמים,100.00,100 גרם,false,,19.90,0.1990,true,1,26579
7290016233384,false,גפילטע פיש 7 קציצות 540 גרם תומר,דג טעים ירושלים,IL,תומר,גרמים,550.00,100 גרם,false,,14.90,0.0271,true,1,51932
7290016246018,false,בארכה מיקס פינוקיות חלבה 10*20 גרם.,רושדי תעשיות מזון בע,IL,בארכה,גרמים,200.00,100 גרם,false,,11.90,0.0595,true,1,4769
7290016276169,false,טחינה אהרוני משומשום טבעי 500 גרם,אחווה,IL,שקדיה,מיליליטרים,500.00,"100 מ""ל",false,,11.90,0.0238,true,1,24312
7290016276534,false,"שמן קוקוס לא מזוכך 500 מ""ל",דין שיווק,IL,שקדיה,מיליליטרים,500.00,"100 מ""ל",false,,29.90,0.0598,true,1,24318
7290016277470,false,שיבולת שועל דקה 350 גר' שקית (3 ב- 10),"דין שיווק וקלייה בע""",IL,שיבולת שועל דקה 350,גרמים,350.00,100 גרם,false,,3.90,0.0111,true,1,3290
7290016277487,false,שיבולת שועל עבה 350 גר' שקית (3 ב- 10),"דין שיווק וקלייה בע""",IL,שיבולת שועל עבה 350,גרמים,350.00,100 גרם,false,,3.90,0.0111,true,1,3291
7290016302042,false,לחמניה פרנה 4 יחידות,,,סנדוויץ פרנה 4 יח,יח',4.00,יח',false,,11.90,2.9750,true,1,62586
7290016302059,false,מארז לחמניות פרנה ביס 10 יח',פרנה בייקרי,,עשיריית ביס פרנה,יח',4.00,יח',false,,11.90,2.9750,true,1,62587
7290016319309,false,סבון נוזלי מאסק קלאסי+משאבה פמלי 1 ל,הנסיך- מפעל לייצור ט,TR,פמלי,ליטרים,1.00,ליטר,false,,9.90,9.9000,true,1,8620
7290016321531,false,רצועות שעווה לגוף מגע הדבש אלוורה 12+3יח,שוורצקוף& הנקל דיסלד,ES,רצועות שעווה אלוורה,יחי,1.00,יחי,false,,24.90,24.9000,true,1,58331
7290016321548,false,רצועות שעווה מגע המש,VIOKOX,ES,רצועות שעווה קמומיל,יח',1.00,יח',false,,24.90,24.9000,true,1,58332
7290016321661,false,מגבונים פרש וואנס סנסיטיב קר רביעייה,עלבד משואות יצחק,IL,פרשוואנס,יח',288.00,יח',false,,15.90,0.0552,true,1,53234
7290016321678,false,מגבונים לחים בניחוח מרענן עם תמציות קמומיל ואלוורה,עלבד משואות יצחק,IL,פרשוואנס,יח',4.00,יח',false,,15.90,3.9750,true,1,53232
7290016321890,false,פ.ו נייר טואלט מתכלה מבוגרים 40יח- שלישייה,עלבד משואות יצחק בעמ,IL,פרשוואנס,יח',3.00,יח',false,,14.90,4.9667,true,1,51706
7290016329308,false,"ד""ר פישר - סרקל קרם רוזמרין לשיער מתולתל 325 מ""ל","ד""ר פישר",IL,"ד""ר פישר",מיליליטרים,325.00,"100 מ""ל",false,,27.90,0.0858,true,1,13043
7290016370096,false,זיתים שחורים מיובשים במלח יבנה 340 ג',קבוצת יבנה,IL,זית מרוקאי יבש 340 ג,גרמים,340.00,100 גרם,false,,11.90,0.0350,true,1,65119
7290016370270,false,זית קלמטה מגולען 560 ג' -יבנה,קבוצת יבנה,,זית קלמטה ללא גלעין,גרמים,560.00,100 גרם,false,,11.90,0.0213,true,1,59914
7290016370300,false,זית קלמטה שלם צנצנת יבנה,קוזט אס.איי.פיין פוצ,GR,זית קלמטה שלם,גרמים,560.00,100 גרם,false,,13.90,0.0248,true,1,63003
7290016370959,false,חציל קלוי פירה בצנצנת ‏580‏ ג' יבנה,תאי פרזידנט פוד פאבל,GR,קבוצת יבנה,גרמים,530.00,100 גרם,false,,9.90,0.0187,true,1,15422
7290016370973,false,פלפל קלוי גמביה בצנצנת 580 ג' ‏יבנה,קבוצת יבנה,GR,קבוצת יבנה,גרמים,540.00,100 גרם,false,,9.90,0.0183,true,1,15424
7290016372342,false,עגבניות חתוך קוביות גראנד איטליה מארז 400X3ג',גרנד איטליה Grand Italia,IT,גרנד איטליה,קילוגרמים,1.20,"ק""ג",false,,16.90,14.0833,true,1,28356
7290016372373,false,רסק עגבניות ללא תוספת סוכר ומלח - מארז זוג,גרנד איטליה Grand Italia,IT,גרנד איטליה,גרמים,280.00,100 גרם,false,,6.90,0.0246,true,1,28358
7290016372458,false,חליטת צמחים לימונית ולואיזה הגן הקסום,ויסוצקי,IL,ויסוצקי,גרמים,70.00,100 גרם,false,,25.90,0.3700,true,1,60244
7290016400243,false,מפיות תלת שכבתיות 20 יח,,,מפיות נייר מעוטרות 2,יח',20.00,יח',false,,5.90,0.2950,true,1,50495
7290016400663,false,מלקחיים לסלט,,,מלקחיים לסלט,יח',1.00,יח',false,,4.90,4.9000,true,1,31599
7290016400717,false,סט 3 חלקים למנגל,,,סט 3 חלקים למנגל,יח',3.00,יח',false,,29.90,9.9667,true,1,31602
7290016400793,false,"מפיות נייר ""שווה"" 10",,IL,"מפיות נייר ""שווה"" 10",יח',100.00,יח',false,,4.90,0.0490,true,1,64104
7290016400960,false,מפת פלנל חלקה שווה,,,מפת פלנל חלקה שווה,יח',1.00,יח',false,,6.90,6.9000,true,1,62143
7290016401820,false,תבניות רוסטר עבות 4,,,תבניות רוסטר עבות 4,יח',4.00,יח',false,,7.90,1.9750,true,1,50496
7290016401844,false,תבניות רוסטר גדול עב,,,תבניות רוסטר גדול עב,יח',2.00,יח',false,,7.90,3.9500,true,1,50497
7290016401851,false,תבניות אובן עבות 4 י,,,תבניות אובן עבות 4 י,יח',1.00,יח',false,,7.90,7.9000,true,1,50498
7290016408140,false,טרליני כעכים בטעם רוטב פיצה 225 גר',אפוליה פוד,IT,טרליני כעכים,גרמים,225.00,100 גרם,false,,6.90,0.0307,true,1,11430
7290016408164,false,טרליני כעכים בטעם שום וצי'לי פיקנטי 225 גר' - בדץ,אפוליה פוד,IT,טרליני כעכים,גרמים,225.00,100 גרם,false,,6.90,0.0307,true,1,11432
7290016408294,false,"מרשמלו ורוד לבן וסטהיים 150 ג', 26 בקרטון",מנדלז סי.אר. פרודקשן,IL,כרמית,גרמים,150.00,100 גרם,false,,4.50,0.0300,true,1,11435
7290016408393,false,חטיף קרקר עם שומשום פניני 130 ג',רפאדוויטה גיי אס,LT,קרקר עם שומשום 130 ג,גרמים,130.00,100 גרם,false,,5.90,0.0454,true,1,11438
7290016416961,false,פס מוס גבינה עם תות שדה,קפולסקי שיווק וקמעונ,IL,קפולסקי,גרמים,400.00,100 גרם,false,,39.90,0.0997,true,1,25171
7290016437621,false,"תחתוני חיתולים פרידום דריי מידה 4 9-11 ק""ג",קימברלי קלארק צ'כיה,CZ,האגיס,יח',36.00,יח',false,,41.90,1.1639,true,1,11147
7290016437645,false,תחתוני חיתולים האגיס פרידום דריי (5),קימברלי קלארק צ'כיה,CZ,האגיס,יח',32.00,יח',false,,41.90,1.3094,true,1,11148
7290016448870,false,ש.דג ריגה שפרוטים 15,סבי אי.אם.אס,LV,ש.דג ריגה שפרוטים 15,גרמים,150.00,100 גרם,false,,5.90,0.0393,true,1,58058
7290016509342,false,סוד שלישייה סבון לאסל כחול אקטיבי אקנומיקה,הנקל סוד,RS,סוד,גרמים,150.00,100 גרם,false,,16.90,0.1127,true,1,27322
7290016509786,false,פרסיל - ג'ל כביסה ירוק 2.50 ליטר,פרסיל Persil,IL,פרסיל,ליטרים,2.50,ליטר,false,,29.90,11.9600,true,1,32322
7290016509809,false,ג'ל מרוכז לכביסה קולור 2.5 ל' פרסיל,פרסיל Persil,IL,פרסיל,ליטרים,2.50,ליטר,false,,29.90,11.9600,true,1,32324
7290016509830,false,ג'ל כביסה לבגדי תינוקות ובעלי עור רגיש Sensitive,פרסיל Persil,IL,פרסיל,ליטרים,2.50,ליטר,false,,29.90,11.9600,true,1,32327
7290016564266,false,מבריקל כיסוי פלא 30 יח,מבריקל,IL,כיסוי הפלא מבריקל 30,יח',30.00,יח',false,,9.90,0.3300,true,1,62139
7290016584011,false,חטיפוני גזר 350 גרם גיזרונים,"מרינה פטריות הגליל בע""מ",IL,חטיפוני גזר 350 גרם,גרמים,350.00,100 גרם,false,,11.90,0.0340,true,1,6865
7290016584103,false,גזר צבעוני ארוז,מרינה,IL,גזר צבעוני ארוז,יח',1.00,יח',false,,10.90,10.9000,true,1,52171
7290016584219,false,שעועית ירוקה שלמה טר,חקלאי,IL,שעועית ירוקה שלמה טר,יח',1.00,יח',false,,14.90,14.9000,true,1,58625
7290016621341,false,אל סבון היגייני לניקוי יסודי קמיל Clean & Moisture,"ד""ר פישר Dr fischer",IL,דר פישר,ליטרים,1.00,ליטר,false,,15.90,15.9000,true,1,28497
7290016621358,false,"ד""ר פישר - קמיל אל סבון ניקיון והזנה ורוד 1 ליטר","ד""ר פישר Dr fischer",IL,דר פישר,ליטרים,1.00,ליטר,false,,15.90,15.9000,true,1,28498
7290016682038,false,"מיץ תפוזים סחוט 100% טבעי. מפוסטר, מקורר",פרי ניב,IL,פרי ניב,מיליליטרים,400.00,"100 מ""ל",false,,8.40,0.0210,true,1,24872
7290016682052,false,"משקה קל לימונענע. מפוסטר, מקורר",פרי ניב,IL,פרי ניב,מיליליטרים,400.00,"100 מ""ל",false,,8.40,0.0210,true,1,24873
7290016682083,false,"פריניב נקטר תות בננה 400 מ""ל",פרי ניב,IL,פרי ניב,מיליליטרים,400.00,"100 מ""ל",false,,8.40,0.0210,true,1,24874
7290016682168,false,"פריניב מיץ תפוזים ולנסיה סחוט 100% 400 מ""ל",פרי ניב,IL,פרי ניב,מיליליטרים,400.00,"100 מ""ל",false,,8.40,0.0210,true,1,61659
7290016682182,false,פריניב שייק תמר בננה מופחת סוכר 1 ליטר,פריניב בעמ,IL,פרי ניב,ליטרים,1.00,ליטר,false,,12.90,12.9000,true,1,24876
7290016682199,false,פריניב שייק תות בננה מופחת סוכר 1 ליטר,פריניב בעמ,IL,פרי ניב,ליטרים,1.00,ליטר,false,,12.90,12.9000,true,1,24877
7290016682243,false,פריניב אשכולית אדומה סחוט 100% 1 ליטר,פריניב,IL,פרי ניב,ליטרים,1.00,ליטר,false,,14.90,14.9000,true,1,49231
7290016682267,false,מארז פרי ניב מיץ תפו,פרי ניב,IL,מארז פרי ניב מיץ תפו,ליטרים,3.00,ליטר,false,,29.90,9.9667,true,1,71141
7290016682335,false,מיץ תפוזים פרי ניב 2 ליטר -,פריניב,IL,פרי ניב,ליטרים,2.00,ליטר,false,,19.90,9.9500,true,1,63612
7290016682342,false,מיץ תפוזים וולנסיה פרי ניב 2 ליטר-,פרי ניב,IL,פרי ניב,ליטרים,2.00,ליטר,false,,26.90,13.4500,true,1,63613
7290016682465,false,מיץ לימון 100% סחוט בקבוק זכוכית 250 מל,,,מיץ לימון לתיבול 250,מיליליטרים,250.00,"100 מ""ל",false,,8.90,0.0356,true,1,67352
7290016693041,false,"יין אמירים רזרב קברנה 750 מ""ל!.",יקבי ארזה,IL,אמירים,מיליליטרים,750.00,"100 מ""ל",false,,17.90,0.0239,true,1,27028
7290016693058,false,"יין אמירים רזרב מרלו 750 מ""ל!.",יקבי ארזה,IL,אמירים,מיליליטרים,750.00,"100 מ""ל",false,,17.90,0.0239,true,1,27029
7290016693065,false,"יין אמירים רזרב רוזה 750 מ""ל.",יקבי ארזה,IL,אמירים,מיליליטרים,750.00,"100 מ""ל",false,,17.90,0.0239,true,1,27030
7290016693072,false,"יין אמירים רזרב ריזלינג 750 מ""ל",יקבי ארזה,IL,אמירים,מיליליטרים,750.00,"100 מ""ל",false,,17.90,0.0239,true,1,27031
7290016693751,false,מיץ תירוש טללים 1 לי,יקבי ארזה,IL,מיץ תירוש טללים 1 לי,מיליליטרים,1000.00,"100 מ""ל",false,,10.90,0.0109,true,1,53711
7290016717631,false,יין מוסקטו בעל חוזק אלכוהול נמוך פרייבט קולקשן,אגודת הכורמים הקואופ,IL,Private collection,מיליליטרים,750.00,"100 מ""ל",false,,32.40,0.0432,true,1,30140
7290016717754,false,"יין ישן נושן יקבי כרמל 750 מ""ל ^^^",אגודת הכורמים הקואופ,IL,*מבצע* ישן נושן 750,מיליליטרים,750.00,"100 מ""ל",false,,17.90,0.0239,true,1,38227
7290016823004,false,בזיליקום יח freshlid,"מרינה פטריות הגליל בע""מ",IL,בזיליקום,יח',1.00,יח',false,,4.90,4.9000,true,1,6868
7290016823028,false,עירית יח freshlid,"מרינה פטריות הגליל בע""מ",IL,בזיליקום,יח',1.00,יח',false,,4.90,4.9000,true,1,26404
7290016823059,false,טימין קורנית ארוז יח,"מרינה פטריות הגליל בע""מ",IL,בזיליקום,יח',1.00,יח',false,,4.90,4.9000,true,1,26407
7290016823066,false,רוזמרין יח freshlid,"מרינה פטריות הגליל בע""מ",IL,בזיליקום,יח',1.00,יח',false,,4.90,4.9000,true,1,26408
7290016823073,false,מרווה יח freshlid,"מרינה פטריות הגליל בע""מ",IL,בזיליקום,יח',1.00,יח',false,,4.90,4.9000,true,1,26409
7290016823257,false,חסה סלנובה מהדרין יח,"מרינה פטריות הגליל בע""מ",IL,חסה סלנובה,יח',1.00,יח',false,,11.90,11.9000,true,1,6869
7290016823448,false,ברוקולי יחידה 350 גרם,"מרינה פטריות הגליל בע""מ",IL,ברוקולי,גרמים,500.00,100 גרם,false,,8.90,0.0178,true,1,30289
7290016823523,false,צנונית יח 500 גרם שמיטה,"מרינה פטריות הגליל בע""מ",IL,צנונית ארוזה,גרמים,500.00,100 גרם,false,,4.90,0.0098,true,1,54014
7290016866445,false,תערובת גי פרי קמח תפוח 500 גרם,אשבל -מזון פונקציונל,IL,תערובת קמח תופח ללא,גרמים,500.00,100 גרם,false,,16.90,0.0338,true,1,7593
7290016866643,false,משחת שיניים פרודונטקס אקסטרה פרש,פרודונטקס Parodontax,SK,פרודונטקס,מיליליטרים,75.00,"100 מ""ל",false,,30.90,0.4120,true,1,31974
7290016866650,false,"פרודונטקס - משחת שיניים אוריג'ינל 75 מ""ל",פרודונטקס Parodontax,SK,פרודונטקס,מיליליטרים,75.00,"100 מ""ל",false,,30.90,0.4120,true,1,31975
7290016866667,false,"פרודונטקס - משחת שיניים ללא פלאוריד 75 מ""ל",פרודונטקס Parodontax,SK,פרודונטקס,מיליליטרים,75.00,"100 מ""ל",false,,30.90,0.4120,true,1,31976
7290016866674,false,"פרודונטקס - משחת שיניים מלבינה 75 מ""ל",פרודונטקס Parodontax,SK,פרודונטקס,מיליליטרים,75.00,"100 מ""ל",false,,30.90,0.4120,true,1,31977
7290016883176,false,"מוזלי פתיתי שיבולת שועל עם שוקולד מריר ושבבי קוקוס 1 ק""ג","דין שיווק וקלייה בע""",IL,שקדיה,קילוגרמים,1.00,"ק""ג",false,,19.90,19.9000,true,1,29690
7290016912500,false,"ד""ר פישר - אפקטיב קר תרחיץ פנים לעור רגיש 180 מ""ל","ד""ר פישר Dr fischer",IL,דר פישר,מיליליטרים,180.00,"100 מ""ל",false,,17.90,0.0994,true,1,28492
7290016967074,false,לחם חיטה מלאה עם גרעינים ודגנים,מאפיית שלמה א. אנג'ל,IL,אנגל,גרמים,750.00,100 גרם,false,,15.90,0.0212,true,1,5982
7290016980103,false,בייבי בטטה,אראל תוצרת חקלאית בע,IL,פטל אדום,יח',1.00,יח',false,,5.90,5.9000,true,1,53479
7290017023199,false,"שוופס מוגז פירות תות ליים פחית 330 מ""ל",,,שוופס מוגז פירות תות,מיליליטרים,330.00,"100 מ""ל",false,,5.00,0.0152,true,1,50796
7290017023212,false,"שוויפס מוגז פירות תפוח מארז רביעייה* 330 מ""ל",יפאורה תבורי,IL,שוופס מוגז פירות תפו,מיליליטרים,1320.00,"100 מ""ל",false,,11.90,0.0090,true,1,30817
7290017023229,false,רביעיית פחיות שוופס מוגז פירות תות ליים 330 מל.,יפאורה תבורי,IL,שוופס מוגז פירות תות,מיליליטרים,1320.00,"100 מ""ל",false,,11.90,0.0090,true,1,30818
7290017023236,false,רביעיית פחיות שוופס מוגז פירות ענבים 330 מל.,יפאורה תבורי,IL,שוופס מוגז פירות ענב,מיליליטרים,1320.00,"100 מ""ל",false,,11.90,0.0090,true,1,30819
7290017023663,false,"שוופס מיץ פירות לימונייד פחית מארז 330X4מ""ל",יפאורה תבורי,IL,שוופס מוגז פירות למו,מיליליטרים,1320.00,"100 מ""ל",false,,11.90,0.0090,true,1,35880
7290017023670,false,"שוופס מוגז פירות למונייד פחית 330 מ""ל",,,שוופס מוגז פירות למו,מיליליטרים,330.00,"100 מ""ל",false,,5.00,0.0152,true,1,50798
7290017023809,true,ספרינג אגס סברס תפוח,יפאורה תבורי,IL,ספרינג,ליטרים,1.00,ליטר,false,,11.20,11.2000,true,1,54507
7290017023823,true,ספרינג תות בננה 250,יפאורה תבורי,IL,ספרינג,ליטרים,1.00,ליטר,false,,11.20,11.2000,true,1,54509
7290017023854,false,מי סודה בקבוקים אישיים - מארז 4 יח',יפאורה תבורי בעמ,IL,"שוופס סודה 250 מ""ל ר",מיליליטרים,1000.00,"100 מ""ל",false,,11.90,0.0119,true,1,50947
7290017023861,false,סודה בטעם לימון בקבוקים אישיים - מארז 4 יח',יפאורה תבורי בעמ,IL,שוופס סודה לימון 250,מיליליטרים,1000.00,"100 מ""ל",false,,11.90,0.0119,true,1,50948
7290017023878,false,סודה בטעם נענע ליים בקבוקים אישיים - מארז 4 יח',יפאורה תבורי בעמ,IL,שוופס סודה נענע ליים,מיליליטרים,1000.00,"100 מ""ל",false,,11.90,0.0119,true,1,50949
7290017031477,false,"סנסודיין משחת שיניים רפיד רליף להלבנה 75 מ""ל","סמיתקליין ביצ'ם בע""מ",SK,סנסודיין,מיליליטרים,75.00,"100 מ""ל",false,,23.90,0.3187,true,1,52159
7290017031705,false,"סנסודיין - משחת שיניים קלין&פרש 75 מ""ל",גלקסוסמיתקליין,GB,סנסודיין,גרמים,75.00,100 גרם,false,,21.90,0.2920,true,1,50124
7290017040363,false,מארז דונאטס אורו רביעייה,בייקר אנד בייקר,DE,אוראו,יח',4.00,יח',false,,29.90,7.4750,true,1,70757
7290017040370,false,מארז דונאטס מילקה רביעייה,בייקר אנד בייקר,DE,מילקה,יח',4.00,יח',false,,29.90,7.4750,true,1,70758
7290017058139,false,רסק תפוח עץ עם תות שדה 452 גר,GROWERS CHERRY,US,רסק תפוחי עץ דיאט רביעיה,גרמים,452.00,100 גרם,false,,10.90,0.0241,true,1,35862
7290017058573,false,תומר פרוסות פלפל חלפיניו בחומץ 340 גרם,אינדיה אגרו אקספורט,IN,תומר,גרמים,340.00,100 גרם,false,,7.90,0.0232,true,1,51489
7290017058689,false,זית שחור טבעי תומר 4,מסנווי גידה,TR,*מבצע* זית שחור טבעי,גרמים,400.00,100 גרם,false,,12.90,0.0323,true,1,53596
7290017058795,false,תירס גמדי שלם במי מלח בצנצנת 340 גרם,אינדיה אגרו אקספורט,IN,תומר,גרמים,340.00,100 גרם,false,,7.90,0.0232,true,1,51491
7290017065007,false,פרוסות גבינה מוצרלה חצי קשה 22% שומן 200 ג' גד,מחלבות גד בעמ,IL,מחלבות גד,גרמים,200.00,100 גרם,false,,18.00,0.0900,true,1,13251
7290017065137,false,ריקוטה למריחה 5% טבעית 200 גרם - רובין,האי נאם סי או אל.טי.,IL,מחלבות גד,גרמים,200.00,100 גרם,false,,10.20,0.0510,true,1,29483
7290017065144,false,גבינת ריקוטה למריחה 5% בזיליקום 200ג' גד,האי נאם סי או אל.טי.,IL,מחלבות גד,גרמים,200.00,100 גרם,false,,10.20,0.0510,true,1,29484
7290017065212,false,גבינת קרם מסקרפונה מחלבות גד 250 גר,מיוצר עי קוד יצרן ED,IL,מחלבות גד,גרמים,250.00,100 גרם,false,,21.10,0.0844,true,1,31369
7290017065236,false,גבינה בולגרית מעודנת 24% גד 250 ג',הנסיך- מפעל לייצור ט,IL,מחלבות גד,גרמים,250.00,100 גרם,false,,23.50,0.0940,true,1,31370
7290017065311,false,פרוסות גבינה מוצרלה מעושנת 200 ג',מחלבות גד בעמ,IL,מחלבות גד,גרמים,200.00,100 גרם,false,,18.90,0.0945,true,1,31372
7290017065380,false,גבינת גרנה פדנו שבבים 29%,מחלבות גד,IT,גד,גרמים,100.00,100 גרם,false,,14.60,0.1460,true,1,51718
7290017065434,false,פרוסות גבינה גאודה הולנדית חצי קשה 200 גרם בית יוסף,מחלבות גד בעמ,IL,מחלבות גד,גרמים,200.00,100 גרם,false,,21.90,0.1095,true,1,52361
7290017065441,false,גבינה גאודה עיזים פרוסה הולנדית 200 גר',מחלבות גד,IL,מחלבות גד,גרמים,200.00,100 גרם,false,,31.90,0.1595,true,1,52362
7290017065526,false,קוואטרו פורמאג'י 4 גבינות מגוררות 26%,מחלבות גד בעמ,IL,מחלבות גד,גרמים,300.00,100 גרם,false,,29.90,0.0997,true,1,52366
7290017065588,false,יוגורט יווני 10% שומן 600 ג' גד,"מיוצר ע""י קוד יצרן M",IL,מחלבות גד,גרמים,600.00,100 גרם,false,,17.00,0.0283,true,1,56631
7290017065618,false,גבינת פקורינו פרוס מחלב כבשים,הנסיך- מפעל לייצור ט,ES,מחלבות גד,גרמים,150.00,100 גרם,false,,22.90,0.1527,true,1,56739
7290017065649,false,קרם פטיסייר מחלבות ג,מיוצר עי קוד יצרן ED,IL,מחלבות גד,גרמים,250.00,100 גרם,false,,21.10,0.0844,true,1,56738
7290017065663,false,פטה עיזים מעודנת 16% 250 גרם,ג'נרל מילס סאן אדריא,IL,מחלבות גד,גרמים,250.00,100 גרם,false,,31.80,0.1272,true,1,59164
7290017065731,false,גבינת שמנת 30% ניו יורק +כמהין 200 גרם רבנות,פ.פ.ח. שאביט,IL,מחלבות גד,גרמים,200.00,100 גרם,false,,14.10,0.0705,true,1,61456
7290017065762,false,מאנורי גבינה בסגנון יווני לצליה 30% שומן 100 גרם,מחלבות גד,IL,גבינת מאנורי 100 גרם,גרמים,100.00,100 גרם,false,,11.20,0.1120,true,1,64456
7290017065786,false,גבינת צ'דר אנגלית גד 210 ג',מחלבות גד,IL,צ'דר,גרמים,210.00,100 גרם,false,,21.90,0.1043,true,1,62807
7290017065861,false,קאצ'יו אה פפה - רוטב פקורינו ופלפל שחור 200 גרם בית יוסף,מחלבות גד,IL,קאצ'יו אה פפה - רוטב,גרמים,200.00,100 גרם,false,,16.10,0.0805,true,1,65658
7290017065878,false,מק אנד צ'יז רוטב לפסטה 200 גרם גד,מחלבות גד,IL,מק אנד צ'יז 200 גרם,גרמים,200.00,100 גרם,false,,16.10,0.0805,true,1,65659
7290017068367,false,שמרים בוואקום 125 גרם,מיה,IL,שמרים יבשים 125 גרם,גרמים,125.00,100 גרם,false,,3.90,0.0312,true,1,62477
7290017068848,false,סוכריות קישוט לעוגה ציבעוני 200 גר',מיה,IL,קישוט לעוגה צבעוני 2,גרמים,200.00,100 גרם,false,,7.90,0.0395,true,1,62350
7290017088068,false,בייביסיטר - חיתולי סטנדרט מידה 4 - 42 יח',בייביסיטר Babysitter,IL,בייביסיטר,יח',42.00,יח',false,,32.90,0.7833,true,1,31264
7290017088075,false,בייביסיטר - חיתולי סטנדרט מידה 4+ - 40 יח',בייביסיטר Babysitter,IL,בייביסיטר,יח',40.00,יח',false,,32.90,0.8225,true,1,31265
7290017088082,false,בייביסיטר - חיתולי סטנדרט מידה 5 - 36 יח',בייביסיטר Babysitter,IL,בייביסיטר,יח',36.00,יח',false,,32.90,0.9139,true,1,31266
7290017088099,false,בייביסיטר - חיתולי סטנדרט מידה 6 - 30 יח',בייביסיטר Babysitter,IL,בייביסיטר,יח',34.00,יח',false,,32.90,0.9676,true,1,31267
7290017088839,false,BREEZE תחבושות לבריחת שתן אקסטרה פלוס (8 יח'),בריז Breeze,IT,BREEZE,יח',8.00,יח',false,,14.90,1.8625,true,1,62181
7290017088846,false,BREEZE תחבושות לבריחת שתן מקסי (8 יח'),בריז Breeze,IT,BREEZE,יח',8.00,יח',false,,14.90,1.8625,true,1,62182
7290017088983,false,חיתולי בייביסיטר ניו בורן מידה 2 38 יחי',TZMOSA,PL,חיתולי בייביסיטר מיד,יח',38.00,יח',false,,25.90,0.6816,true,1,63495
7290017094199,false,סלט קוביות חציל ברוטב 200 גר',"סלטי שמיר 2006 בע""מ",IL,סלטי שמיר,גרמים,200.00,100 גרם,false,,9.90,0.0495,true,1,30054
7290017094830,false,סלט גזר ברוטב פיקנטי אסלי שמיר 400 ג',"סלטי שמיר 2006 בע""מ",IL,אסלי,גרמים,400.00,100 גרם,false,,10.90,0.0273,true,1,64038
7290017094847,false,סלט תפוחי אדמה אסלי שמיר 400 ג',"סלטי שמיר 2006 בע""מ",IL,אסלי,גרמים,400.00,100 גרם,false,,10.90,0.0273,true,1,64034
7290017094854,false,סלט קולסלאו אסלי שמיר 400 ג',"סלטי שמיר 2006 בע""מ",IL,אסלי,גרמים,400.00,100 גרם,false,,10.90,0.0273,true,1,64035
7290017094861,false,חומוס עם רוטב מסבחה אסלי שמיר 400 ג',"סלטי שמיר 2006 בע""מ",IL,אסלי,גרמים,400.00,100 גרם,false,,9.90,0.0248,true,1,64036
7290017105062,false,גרגירי חומוס שלם יכין הקטניה הטובה 200 ג,היינץ צפון אמריקה מק,IL,חומוס יכין 200 גרם,גרמים,200.00,100 גרם,false,,4.90,0.0245,true,1,49866
7290017105079,false,שעועית ברוטב עגבניות 200 גרם יכין,היינץ צפון אמריקה מק,IL,שעועית ברוטב יכין 20,גרמים,200.00,100 גרם,false,,4.90,0.0245,true,1,49867
7290017105116,false,שימורי יכין תורמוס 200 גר,"זנלכל בע""מ",IL,תורמוס יכין 200 גרם,גרמים,200.00,100 גרם,false,,4.90,0.0245,true,1,49871
7290017105123,false,שימורי פול יכין הקטניה הטובה 200 גר,היינץ צפון אמריקה מק,IL,פול יכין 200 גרם,גרמים,200.00,100 גרם,false,,4.90,0.0245,true,1,49872
7290017105369,false,סירופ יכין אייס תה ד,זנלכל,IL,סירופ תה בטעם אפרסק,מיליליטרים,1000.00,"100 מ""ל",false,,16.90,0.0169,true,1,52291
7290017105468,false,מארז שלישייה אפונה קטנה יכין 3*200 גר,קשקמט קונסרב הונגריה,IL,שלישיית אפונה קטנה י,גרמים,600.00,100 גרם,false,,14.90,0.0248,true,1,55085
7290017105550,false,רביעיית רסק עגבניות 100% יכין 4X100 גרם,היינץ צפון אמריקה מק,IL,יכין,גרמים,400.00,100 גרם,false,,11.90,0.0298,true,1,54373
7290017105895,false,גרגרי חומוס להכנת חומוס 550 גרם יכין,זנלכל,IL,יכין,גרמים,560.00,100 גרם,false,,9.90,0.0177,true,1,58811
7290017106069,false,קוביות סלק יכין 550 גרם,היינץ צפון אמריקה מק,IL,יכין,גרמים,550.00,100 גרם,false,,9.90,0.0180,true,1,55651
7290017129495,false,אגו מיקס כדורי תירס מצופים שוקולד חלב 55 גר,כרמית,IL,כרמית,גרמים,55.00,100 גרם,false,,3.90,0.0709,true,1,30355
7290017129501,false,אגו מיקס כדורי תירס מצופים שוקולד לבן 55 גר,כרמית,IL,כרמית,גרמים,55.00,100 גרם,false,,3.90,0.0709,true,1,30356
7290017129518,false,כדורים פריכים מצופים שוקולדחלב ולבן אגו מיקס,כרמית תעשיות ממתקים,IL,כרמית,גרמים,55.00,100 גרם,false,,3.90,0.0709,true,1,30357
7290017129884,false,חמישיות שוקולד מריר 44% 85 גר*5*12 בקרטון,כרמית,IL,מאגדת שוקולד מריר 44,גרמים,85.00,100 גרם,false,,14.90,0.1753,true,1,66935
7290017139272,false,פמינה תחליב אינטימית,כצט,IL,כצט,מיליליטרים,220.00,"100 מ""ל",false,,21.90,0.0995,true,1,49759
7290017140308,false,קמח שקדים שי של הטבע,אופק מן הטבע,IL,קמח שקדים 250 גרם,גרמים,250.00,100 גרם,false,,24.90,0.0996,true,1,62191
7290017142005,false,"שמן קוקוס אורגני עץ הזית צנצנת 320מ""ל",אקספלונקה,LK,עץ הזית,מיליליטרים,320.00,"100 מ""ל",false,,19.90,0.0622,true,1,27169
7290017142111,false,פתיתי טונה בשמן זית טו גו עץ הזית 85 גרם,שמן תעשיות,TH,עץ הזית,גרמים,85.00,100 גרם,false,,9.90,0.1165,true,1,31713
7290017142128,false,"שמן זית כתית מעולה קלאסי עץ הזית 750 מ""ל",שמן תעשיות,IL,עץ הזית,מיליליטרים,750.00,"100 מ""ל",false,,29.90,0.0399,true,1,30593
7290017142159,false,מארז נתחי טונה בהירה בשמן זית 3*80 ג' עץ הזית,הנסיך- מפעל לייצור ט,TH,עץ הזית,גרמים,240.00,100 גרם,false,,19.90,0.0829,true,1,31714
7290017142180,false,פילה פרוס ושמן זית בנגיעות טעם לימון ופלפל שחור,"יוניקורד ח.צ בע""מ",IL,עץ הזית,גרמים,120.00,100 גרם,false,,14.90,0.1242,true,1,52325
7290017142289,false,"תרסיס שמן חמניות לל""ת גז עץ הזית 200מ""ל",שמן תעשיות,IL,עץ הזית,מיליליטרים,200.00,"100 מ""ל",false,,13.90,0.0695,true,1,50273
7290017142371,false,"שמן שומשום עץ הזית 250 מ""ל",גאה די. או. או.,SI,עץ הזית,גרמים,250.00,100 גרם,false,,29.90,0.1196,true,1,55336
7290017142388,false,שמן חמניות אומגה 3 פלוס 1 ליטר עץ הזית,שמן תעשיות,IL,עץ הזית,ליטרים,1.00,ליטר,false,,14.90,14.9000,true,1,53382
7290017142395,false,טונה עם פסטה בשמן זית 160 גרם עץ הזית,,TH,עץ הזית,גרמים,160.00,100 גרם,false,,13.90,0.0869,true,1,55340
7290017142401,false,קינואה לבנה ואדומה עם טונה בשמן זית 160 גרם,ג'נרל מילס סאן אדריא,TH,עץ הזית,גרמים,160.00,100 גרם,false,,13.90,0.0869,true,1,59245
7290017142456,false,מארז נתחי טונה בהירה בשמן זית 2 * 160 ג' עץ הזית,עץ הזית,TH,עץ הזית,גרמים,320.00,100 גרם,false,,27.90,0.0872,true,1,55342
7290017142487,false,בורגול עם גרגירי חומוס עם טונה בשמן זי,עץ הזית,TH,עץ הזית,גרמים,160.00,100 גרם,false,,13.90,0.0869,true,1,61605
7290017142500,false,תרסיס שמן זית כתית מעולה בטעם שום 150מל,קומטמפ קומפניה פורטו,IT,תרסיס שמן זית בטעם ש,מיליליטרים,150.00,"100 מ""ל",false,,17.90,0.1193,true,1,67504
7290017142623,false,תרסיס שמן זית כתית מעולה בטעם צ'ילי 150 מל',קונפניה,IT,תרסיס שמן זית בטעם צ,מיליליטרים,150.00,"100 מ""ל",false,,17.90,0.1193,true,1,67506
7290017229249,false,גריסיני קלאסי 200 גר,מונביסו גרופ אס.אר.א,IT,monviso,גרמים,200.00,100 גרם,false,,4.90,0.0245,true,1,71211
7290017229256,false,גריסיני שומשום 200 ג,מונביסו גרופ אס.אר.א,IT,monviso,גרמים,200.00,100 גרם,false,,4.90,0.0245,true,1,71050
7290017229379,false,גריסיני עם שמן זית 2,מונביסו גרופ אס.אר.א,IT,monviso,גרמים,200.00,100 גרם,false,,4.90,0.0245,true,1,71212
7290017239101,false,סלמון נורווגי 100 גר,,LV,פוד קולקשיין,גרמים,100.00,100 גרם,false,,19.90,0.1990,true,1,27965
7290017239118,false,קרפצ'ו פילה סלמון 10,,LV,פוד קולקשיין,גרמים,100.00,100 גרם,false,,19.90,0.1990,true,1,27966
7290017239286,false,פילה הרינג ורוד 250,"פוד קולקשיין בע""מ",IL,פוד קולקשיין,גרמים,250.00,100 גרם,false,,19.90,0.0796,true,1,50194
7290017239941,false,מקרוסקה מקרל בעישון,"פוד קולקשיין בע""מ",IL,פוד קולקשיין,גרמים,250.00,100 גרם,false,,34.90,0.1396,true,1,63390
7290017266909,false,SUN וופלים במילוי קרם בטעם שוקולד 200 גר,"גילרו בע""מ",IL,וופלים במילוי קרם בט,גרמים,200.00,100 גרם,false,,3.90,0.0195,true,1,66368
7290017275345,false,טחינה גולמית בבקבוק לחיץ 350 גרם אחוה,אחדות ביחר לטחינה חל,IL,טחינה גולמית בקבוק ל,גרמים,350.00,100 גרם,false,,7.90,0.0226,true,1,64741
7290017275482,false,"סירופ בטעם ענבים 900 מ""ל אחוה",אחדות ביחר לטחינה חל,IL,סירופ בטעם ענבים 900,מיליליטרים,900.00,"100 מ""ל",false,,15.90,0.0177,true,1,64742
7290017275499,false,"סירופ בטעם אננס 900 מ""ל אחוה",אחדות ביחר לטחינה חל,IL,סירופ בטעם אננס 900,מיליליטרים,900.00,"100 מ""ל",false,,15.90,0.0177,true,1,64743
7290017275505,false,"סירופ בטעם פטל 900 מ""ל אחוה",אחדות ביחר לטחינה חל,IL,סירופ בטעם פטל 900 מ,מיליליטרים,900.00,"100 מ""ל",false,,15.90,0.0177,true,1,64744
7290017289182,false,יין לבן חצי יבש-ישראלי,יקב טפרברג 1870 בעמ,IL,יין לבן חצי יבש ישרא,מיליליטרים,750.00,"100 מ""ל",false,,21.90,0.0292,true,1,50557
7290017289601,false,"יין בלנד לבן 750 מ""ל אימפרשיאון",יקב טפרברג 1870 בעמ,IL,טפרברג,מיליליטרים,750.00,"100 מ""ל",false,,49.90,0.0665,true,1,56984
7290017289618,false,"יין פטיט סירה 750 מ""ל אימפרשיאון",יקב טפרברג 1870 בעמ,IL,טפרברג,מיליליטרים,750.00,"100 מ""ל",false,,49.90,0.0665,true,1,56985
7290017297149,false,גרגירי חומוס להכנת חומוס ביתי 550 גרם,"פרי הגליל בע""""מ",IL,פרי הגליל,גרמים,550.00,100 גרם,false,,7.90,0.0144,true,1,59445
7290017297187,false,לקט ירקות להקפצה 800 גרם פרי הגליל,ויטה פרי גליל,IL,לקט ירקות להקפצה 800,גרמים,800.00,100 גרם,false,,16.90,0.0211,true,1,60022
7290017297194,false,לקט לקט ירקות לתנור פרי הגליל 800 ג',ויטה פרי גליל,IL,לקט ירקות לתנור 800,גרמים,800.00,100 גרם,false,,16.90,0.0211,true,1,60023
7290017297323,false,רוטב עגבניות מרוכז 100 גר' 22 BX טל וטרי,"מילוז(1989)בע""""מ",IL,טל,גרמים,100.00,100 גרם,false,,1.50,0.0150,true,1,62741
7290017297330,false,"טל רוטב עגבניות מרוכז, 240 גרם",טל וטרי,IL,טל וטרי,גרמים,240.00,100 גרם,false,,2.90,0.0121,true,1,64865
7290017297644,false,ברוקולי קפוא גרין אנד פרש 800 גר',גרין אנד פרש Green & Fresh,IL,פרי הגליל,גרמים,800.00,100 גרם,false,,13.90,0.0174,true,1,63789
7290017303567,false,"מלוחים קצח ""תמר"" 500",,,"מלוחים קצח ""תמר"" 500",גרמים,500.00,100 גרם,false,,10.90,0.0218,true,1,29185
7290017303574,false,"מלוחים שומשום ""תמר""",,,"מלוחים שומשום ""תמר""",גרמים,500.00,100 גרם,false,,10.90,0.0218,true,1,29186
7290017303604,false,"עוגיות גרנולה ""תמר""",,,"עוגיות גרנולה ""תמר""",גרמים,600.00,100 גרם,false,,10.90,0.0182,true,1,29189
7290017303628,false,"עוגיות כתר תות ""תמר""",,,"עוגיות כתר תות ""תמר""",גרמים,600.00,100 גרם,false,,10.90,0.0182,true,1,29191
7290017303659,false,עוגיות מרוקאיות מיני,,,עוגיות מרוקאיות מיני,גרמים,500.00,100 גרם,false,,10.90,0.0218,true,1,29194
7290017303666,false,"עוגיות שוקוציפס ""תמר",,,"עוגיות שוקוציפס ""תמר",גרמים,600.00,100 גרם,false,,10.90,0.0182,true,1,29195
7290017303673,false,עוגיות שוקוציפס לבן,,,עוגיות שוקוציפס לבן,גרמים,600.00,100 גרם,false,,10.90,0.0182,true,1,29196
7290017303680,false,"כעכים מרוקאי ""תמר"" 5",,,"כעכים מרוקאי ""תמר"" 5",גרמים,500.00,100 גרם,false,,10.90,0.0218,true,1,29197
7290017303758,false,תמר עוגיות בטעם חמאה,,,"בישקוטים מצופים ""תמר",גרמים,500.00,100 גרם,false,,10.90,0.0218,true,1,29204
7290017303864,false,"כעכים מצופים ""תמר"" 5",,,"כעכים מצופים ""תמר"" 5",גרמים,500.00,100 גרם,false,,10.90,0.0218,true,1,29461
7290017304885,false,לחם שיפון מחיטה מלאה ללא תוספת סוכר 750 ג' אנג'ל,מאפית אנגל,IL,אנגל,גרמים,750.00,100 גרם,false,,16.90,0.0225,true,1,53391
7290017406381,false,פירורי לחם מתובלים ג,,,פירורי לחם מתובלים 500ג,גרמים,500.00,100 גרם,false,,7.90,0.0158,true,1,50538
7290017406398,false,פירורי לחם מתובלים ש,,,פירורי לחם מתובלים 500ג,גרמים,500.00,100 גרם,false,,7.90,0.0158,true,1,50543
7290017440286,false,"ד""ר פישר - קידס מרכך ויטמינים 750 מ""ל","ד""ר פישר Dr fischer",IL,מרכך לילדים אל דמע 7,מיליליטרים,750.00,"100 מ""ל",false,,16.90,0.0225,true,1,53373
7290017457574,false,כדוריות סבון נתלה לאסלה בניחוח פרחים - 3 יח',הנקל סוד,RS,סוד,גרמים,150.00,100 גרם,false,,16.90,0.1127,true,1,52545
7290017457727,false,"סוד - מרכך כביסה מרוכז פרש סקיי 900 מ""ל",הנקל סוד,IL,סוד,מיליליטרים,900.00,"100 מ""ל",false,,11.90,0.0132,true,1,52526
7290017457734,false,"סוד - מרכך כביסה מרוכז ווילד רוז 900 מ""ל",הנקל סוד,IL,סוד,מיליליטרים,900.00,"100 מ""ל",false,,11.90,0.0132,true,1,52527
7290017457925,false,סוד מרכך כביסה מרוכז פרש קונטרול ורוד,הנקל סוד,IL,סוד,מיליליטרים,900.00,"100 מ""ל",false,,11.90,0.0132,true,1,59595
7290017513485,false,מחית עגבניות רוסטיקה בלה איטליה 680 ג',היצרן: ס.פ. פודנצנו,IT,מחית עגבניות,גרמים,680.00,100 גרם,false,,12.90,0.0190,true,1,55047
7290017513775,false,פליפז בייגלה מצופה שוקולד חלב 140 גרם,שוורצקוף& הנקל דיסלד,TR,פליפז,גרמים,140.00,100 גרם,false,,8.90,0.0636,true,1,56897
7290017513782,false,פליפז בייגלה מצופה שוקולד מריר 140 גרם,שוורצקוף& הנקל דיסלד,TR,פליפז,גרמים,140.00,100 גרם,false,,8.90,0.0636,true,1,56898
7290017589633,false,"רזרב גולד אדישיין קברנה סוביניון 750 מ""ל",יקבי ברקן Barkan,IL,ספיישל רזרב,מיליליטרים,750.00,"100 מ""ל",false,,39.90,0.0532,true,1,51487
7290017599229,false,ממתיק סוכרלוז 200 טבליות סוכרזית,ביסקול,IL,סוכרזית סוכרלוז 200,יח',200.00,יח',false,,19.90,0.0995,true,1,64274
7290017599250,false,סוכרזית קלאסי 120 שקיות,ביסקול בע''מ,IL,סוכרזית קלאסי 120 שק,גרמים,100.00,100 גרם,false,,15.90,0.1590,true,1,67367
7290017599281,false,סוכרזית סטייויה פלוס 100 שקיות,ביסקול,IL,סוכרזית סטיוויה פלוס,גרמים,100.00,100 גרם,false,,34.90,0.3490,true,1,70777
7290017616223,false,שעועית ירוקה שלמה יו,,,שעועית ירוקה שלמה יו,גרמים,800.00,100 גרם,false,,6.90,0.0086,true,1,64662
7290017616278,false,שעועית ירוקה חתוכה 8,,,שעועית ירוקה חתוכה 8,גרמים,800.00,100 גרם,false,,6.90,0.0086,true,1,64663
7290017616315,false,שעועית ירוקה שלמה עד,,,שעועית ירוקה שלמה עד,גרמים,600.00,100 גרם,false,,9.90,0.0165,true,1,64693
7290017616339,false,אפונה עדינה 600 גרם,,,אפונה עדינה 600 גרם,גרמים,600.00,100 גרם,false,,9.90,0.0165,true,1,64665
7290017616421,false,סטייק טונה קפוא 500,,VN,סטייק טונה חומה 500,גרמים,500.00,100 גרם,false,,24.90,0.0498,true,1,71149
7290017616452,false,אפונה וגזר 800 גרם,,,אפונה וגזר 800 גרם,גרמים,800.00,100 גרם,false,,8.90,0.0111,true,1,64666
7290017616483,false,לקט ירקות מעורבים קפ,,,לקט ירקות מעורבים קפ,גרמים,800.00,100 גרם,false,,8.90,0.0111,true,1,64667
7290017616490,false,פילה ברבוניה ארוז 40,,,פילה ברבוניה 400 גרם,גרמים,400.00,100 גרם,false,,24.90,0.0622,true,1,61090
7290017616759,false,לקט לקוסקוס 800 גרם,,,לקט לקוסקוס 800 גרם,גרמים,800.00,100 גרם,false,,8.90,0.0111,true,1,64668
7290017616964,false,במיה 600 גרם,,,במיה 600 גרם,גרמים,600.00,100 גרם,false,,7.90,0.0132,true,1,64669
7290017616971,false,תחתיות ארטישוק 400 ג,,,תחתיות ארטישוק 400 ג,גרמים,400.00,100 גרם,false,,7.90,0.0198,true,1,64670
7290017616988,false,פול 800 גרם,,,פול 800 גרם,גרמים,800.00,100 גרם,false,,9.90,0.0124,true,1,64671
7290017616995,false,פולי סויה אדממה 600,,,פולי סויה אדממה 600,גרמים,600.00,100 גרם,false,,9.90,0.0165,true,1,64672
7290017617138,false,נתחי טונה בהירה בשמן קנולה דל נתרן - מארז 4 יח',"סטארקיסט פודור בע""מ",TH,סטארקיסט,גרמים,640.00,100 גרם,false,,24.90,0.0389,true,1,60094
7290017617435,false,מיקס סלמון עם עדשים קינואה וירק 160 ג' סטארקיסט,סטארקיסט Starkist,PL,סטארקיסט מיקס סלמון,גרמים,160.00,100 גרם,false,,14.90,0.0931,true,1,70861
7290017618111,false,עוגיות שקדים עם טריפל שוקולד 200 גר לחמי,קונדטוריות לחמי,IL,לחמי,גרמים,180.00,100 גרם,false,,18.90,0.1050,true,1,50501
7290017641096,false,"שוקולד פרימיום 70% לל""ס 100גרם בדצ *12יח*2 בדיס",כרמית תעשיות ממתקים,IL,שוקולד פרימיום70% לל,גרמים,100.00,100 גרם,false,,7.90,0.0790,true,1,66937
7290017641102,false,שוקולד פרימיום 70% ללא סוכר בטעם תפוז 100 גרם,כרמית תעשיות ממתקים,IL,שוקולד פרימיום70% לל,גרמים,100.00,100 גרם,false,,7.90,0.0790,true,1,67069
7290017641195,false,קרקר דגנים קמח שיפון,דנוויטה ג'יי. אס. סי,LT,קרקר עם שיפון מלא וג,גרמים,130.00,100 גרם,false,,5.90,0.0454,true,1,52334
7290017641379,false,חמישיות שוקולד חלב בדצ 85 ג*5 בלמינט*12 בקרט בדצ,כרמית,IL,מאגדת שוקולד חלב 44,גרמים,85.00,100 גרם,false,,14.90,0.1753,true,1,66936
7290017641997,false,"שוקולד פרימיום 70% לל""ס שברי אגוז לוז 100 גר' וסטהיים",כרמית,IL,שוקולד פרימיום70% לל,גרמים,100.00,100 גרם,false,,7.90,0.0790,true,1,66939
7290017647708,false,"יין גמלא גוורצטרמינר 21 עברית 750 מ""ל",רמת הגולן,IL,גמלא גוורצטרמינר,מיליליטרים,750.00,"100 מ""ל",false,,64.90,0.0865,true,1,63498
7290017677804,false,"רוטב סויה קיקומן 444 מ""ל",קיקומן פודז אינק,US,קיקומן,מיליליטרים,444.00,"100 מ""ל",false,,19.90,0.0448,true,1,53059
7290017696393,false,בורגר פטריות מן הצומ,מרינה פטריות,IL,אנדיב ארוז,יח',1.00,יח',false,,34.90,34.9000,true,1,58803
7290017712659,false,הורייזן עוף לגור כלבים ננסי,הורייזן Horizon,DE,הוריזן עוף לגור כלבי,יחידה,0.00,יחידה,false,,4.90,0.0000,true,1,60361
7290017712666,false,הורייזן בקר לכלב ננסי,הורייזן Horizon,DE,הוריזן בקר לכלב ננסי,יחידה,0.00,יחידה,false,,4.90,0.0000,true,1,60362
7290017712680,false,הורייזן עוף לכלב ננסי,הורייזן Horizon,DE,הוריזן עוף לכלב ננסי,יחידה,0.00,יחידה,false,,4.90,0.0000,true,1,60364
7290017712765,false,פרימו סלמון ופורל לחתול,פרמיו Premio,,פרמיו סלמון ופורל 10,גרמים,100.00,100 גרם,false,,4.90,0.0490,true,1,60235
7290017715964,false,מחית תפוח עץ דיאט עם אפרסק 4*113 ג' תומר,GROWERS CHERRY,US,רסק תפוחי עץ דיאט רביעיה,גרמים,452.00,100 גרם,false,,10.90,0.0241,true,1,59685
7290017729275,false,גליל נייר מודפס למטבח-סיון,,,סיון גליל נייר מודפס,יח',6.00,יח',false,,14.90,2.4833,true,1,52063
7290017729657,false,מפיות לבן 150 יח חד שכבתי,חי,IL,פנסי,יח',150.00,יח',false,,5.90,0.0393,true,1,63378
7290017812052,false,יין שיראז קברנה סוביניון אקסלנס Excellence,יקבי כרמל Carmel Winery,IL,יקבי כרמל,מיליליטרים,750.00,"100 מ""ל",false,,24.90,0.0332,true,1,50157
7290017812571,false,יין תירוש אדום 100%ה טבעי 1 ליטר,יקבי כרמל Carmel Winery,IL,מיץ ענבים,ליטרים,1.00,ליטר,false,,19.90,19.9000,true,1,55737
7290017812618,false,מיץ ענבים תירוש רוזה 1 ליטר.,יקבי כרמל,IL,מיץ ענבים,ליטרים,1.00,ליטר,false,,19.90,19.9000,true,1,57033
7290017812878,false,"יין אקסלנס רוזה 750 מ""ל",יקבי כרמל,IL,יקבי כרמל,מיליליטרים,750.00,"100 מ""ל",false,,24.90,0.0332,true,1,62463
7290017812977,false,"יין מבעבע באזז אננס יקבי כרמל 750 מ""",יקבי כרמל,IL,סלקטד,מיליליטרים,750.00,"100 מ""ל",false,,27.90,0.0372,true,1,61741
7290017841595,false,חושן קערה עגולה לסלט,,,חושן קערה עגולה לסלט,יח',1.00,יח',false,,5.90,5.9000,true,1,63588
7290017842127,false,נייר לעטיפת סנדוויץ',מ.ב.נייר,IL,אמנון ותמר,יח',100.00,יח',false,,8.90,0.0890,true,1,67125
7290017842806,false,צלחות ענקיות מעלי דק,,,צלחות ענקיות מעלי דק,יח',10.00,יח',false,,14.90,1.4900,true,1,64153
7290017842813,false,צלחות גדולות מעלי דק,,,צלחות גדולות מעלי דק,יח',10.00,יח',false,,12.90,1.2900,true,1,64154
7290017842820,false,צלחות קטנות מעלי דקל,,,צלחות קטנות מעלי דקל,יח',10.00,יח',false,,9.90,0.9900,true,1,64155
7290017842837,false,מרקיות מעלי דקל שווה,,,מרקיות מעלי דקל שווה,יח',10.00,יח',false,,9.90,0.9900,true,1,64156
7290017842851,false,מגשים עגולים ענקיים,,,מגשים עגולים ענקיים,יח',5.00,יח',false,,9.90,1.9800,true,1,64158
7290017871370,false,פמילי יהלום- סבון ידיים מועשר בשמן אבוקדו לניקוי וטיפוח עור הידיים,המאפיה של הרמן,TR,פמילי,מיליליטרים,500.00,"100 מ""ל",false,,9.90,0.0198,true,1,56118
7290017872162,false,טוסו - עוגיות אגוזי לוז ללא סוכר 200 גרם,היינץ צפון אמריקה מק,IL,טוסו,גרמים,200.00,100 גרם,false,,14.90,0.0745,true,1,58065
7290017872186,false,טוסו - עוגיות פקאן ללא סוכר 200 גרם,היינץ צפון אמריקה מק,IL,טוסו,גרמים,200.00,100 גרם,false,,14.90,0.0745,true,1,58066
7290017872193,false,טוסו עוגיות שקדים וקינמון ללא סוכר 200 גרם,היינץ צפון אמריקה מק,IL,טוסו,גרמים,200.00,100 גרם,false,,14.90,0.0745,true,1,58069
7290017873008,false,שקיות להקפאה גלילונית 275 יח',"אשפלסט תעשיות בע""מ",IL,גלילונית,יח',275.00,יח',false,,11.90,0.0433,true,1,63677
7290017873039,false,מארז זוג שקיות לסנדוויץ גלילונית 2*160 יח',"קינג באג בע""מ",TH,גלילונית,יח',320.00,יח',false,,9.90,0.0309,true,1,63678
7290017873398,false,"תחליב גוף ויטליטי לכל סוגי העור 400 מ""ל פנג'ל",דנלוג,IL,*מבצע* תחליב גוף פנג,מיליליטרים,400.00,"100 מ""ל",false,,22.90,0.0572,true,1,70785
7290017888019,false,"משקה תפוח רימון סלק גינגיר פרות &ווג 350 מ""ל",פרוט אנד וג' Fruit & Veg,IL,פרוט & וג' תפוח רימו,מיליליטרים,350.00,"100 מ""ל",false,,7.50,0.0214,true,1,51944
7290017888026,false,"משקה אננס תפוח גזר פרות & ווג 350 מ""ל",פרוט אנד וג' Fruit & Veg,IL,פרוט & וג' אננס תפוח,מיליליטרים,350.00,"100 מ""ל",false,,7.50,0.0214,true,1,51945
7290017888033,false,"משקה בננה מלון נענע פרות &ווג 350 מ""ל",פרוט אנד וג' Fruit & Veg,IL,פרוט & וג' בננה מלון,מיליליטרים,350.00,"100 מ""ל",false,,7.50,0.0214,true,1,51946
7290017888095,false,"רביעיית פחיות שוופס מוגז עדין פירות יער 330 מ""ל.",יפאורה תבורי,IL,שוופס,מיליליטרים,1320.00,"100 מ""ל",false,,11.90,0.0090,true,1,52777
7290017888101,false,"שוויפס מוגז עדין אפרסק מארז רביעייה* 330 מ""ל",יפאורה תבורי,IL,שוופס,מיליליטרים,1320.00,"100 מ""ל",false,,11.90,0.0090,true,1,52531
7290017888644,false,"משקה אננס בננה כורכום פרות & ווג 350 מ""ל",פרוט אנד וג' Fruit & Veg,IL,פרוט& וג' אננס בננה,מיליליטרים,350.00,"100 מ""ל",false,,7.50,0.0214,true,1,56747
7290017888729,false,שוופס סודה בקבוק 1 ל',"יפאורה תבורי בע""מ",IL,יפאורה,ליטרים,1.00,ליטר,false,,3.90,3.9000,true,1,58074
7290017888972,false,בקבוק מי עדן פקק ספורט 1 ליטר,מופק ממקור בזלתי עדן,IL,מי עדן,ליטרים,1.00,ליטר,false,,3.90,3.9000,true,1,58252
7290017894089,false,קמח שיבולת שועל דגש 400 גרם,אף. סי תבליני הגליל,IL,דגש קמח שיבולת שועל,יחידה,500.00,יחידה,false,,19.90,0.0398,true,1,66736
7290017894102,false,פנה אורז תירס דגש 400 גרם,אנדריאני,IL,דגש - פנה אורז תירס,יחידה,400.00,יחידה,false,,9.90,0.0248,true,1,66737
7290017894119,false,פוזילי אורז תירס דגש 400 גרם,אנדריאני,IL,דגש - פוזילי אורז תי,יחידה,400.00,יחידה,false,,9.90,0.0248,true,1,66738
7290017894126,false,פוזילי טריקולור דגש 400 גרם,אנדריאני,IL,דגש - פוזילי טריקולו,יחידה,400.00,יחידה,false,,9.90,0.0248,true,1,66739
7290017894256,false,"פריכיות מאורז מלא לל""ג דגש 230 גרם",דגש,IL,דגש - פריכיות אורז מ,יחידה,230.00,יחידה,false,,13.90,0.0604,true,1,66742
7290017907222,false,תערובת קמח תופח לנמנעים מגלוטן,פוראטוס ישראל,IL,תמי קמח תופח 500 גרם,גרמים,500.00,100 גרם,false,,18.90,0.0378,true,1,61356
7290017917283,false,"מגבוני קמיל בלו ד""ר פישר ללא בישום רביעי","ד""ר פישר",IL,קמיל בלו סנסיטיב,יח',256.00,יח',false,,15.90,0.0621,true,1,55273
7290017917382,false,אל סבון היגייני לניקוי יסודי ולהרגע העור clean & calm,"ד""ר פישר Dr fischer",IL,דר פישר,ליטרים,1.00,ליטר,false,,15.90,15.9000,true,1,53378
7290017925363,false,בירה נגב פאטה מורגנה,בירה מלכה,IL,מלכה,מיליליטרים,330.00,"100 מ""ל",false,,12.90,0.0391,true,1,70655
7290017928036,false,מאיר בייגל מקלות גריסיני שומשום 175 ג',מאיר בייגל,IL,מאיר בייגל,גרמים,175.00,100 גרם,false,,8.90,0.0509,true,1,55071
7290017928043,false,מאיר בייגל גריסיני קראנץ' מלח 175 ג',מאיר בייגל,IL,מאיר בייגל,גרמים,175.00,100 גרם,false,,8.90,0.0509,true,1,55086
7290017928098,false,מאיר בייגל שטוחלה מלח 330 גר',מאיר בייגל,IL,מאיר בייגל,גרמים,330.00,100 גרם,false,,10.90,0.0330,true,1,63435
7290017928227,false,מאיר בייגל שטוחהלה פינוקים 300 גר',מאיר בייגל,IL,מאיר בייגל,גרמים,300.00,100 גרם,false,,10.90,0.0363,true,1,55073
7290017928463,false,מאיר בייגל -סמאש-שבורים בטעם דבש חרדל ובצל 300 גרם,מאיר בייגל,BG,*מבצע* שברי בייגלה ב,גרמים,300.00,100 גרם,false,,10.90,0.0363,true,1,60380
7290017928524,false,בייגלה שטוח ניגובים מלח 330 ג' מאיר בייגל,מאיר בייגל,IL,מאיר בייגל,גרמים,330.00,100 גרם,false,,10.90,0.0330,true,1,63437
7290017928616,false,מאיר בייגל שטוחהלה שומשום 300 גר',מאיר בייגל,IL,מאיר בייגל,גרמים,300.00,100 גרם,false,,10.90,0.0363,true,1,55078
7290017928630,false,"גריסיני קראנץ' פינוקים שומשום, קצח, שום ובצל",מאיר בייגל,IL,מאיר בייגל,גרמים,175.00,100 גרם,false,,8.90,0.0509,true,1,55090
7290017928661,false,מאיר בייגל -סמאש-שבורים בטעם צ'דר 300 גרם,מאיר בייגל,BG,*מבצע* שברי בייגלה ב,גרמים,300.00,100 גרם,false,,10.90,0.0363,true,1,60381
7290017928685,false,בייגלה שמיניות עם מלח 400גרם -חדש,מאיר בייגל,IL,מאיר בייגל,גרמים,400.00,100 גרם,false,,10.90,0.0273,true,1,63436
7290017928821,false,מאיר בייגל מקלות גריסיני קלאסי 200 ג',מאיר בייגל,IL,מאיר בייגל,גרמים,200.00,100 גרם,false,,8.90,0.0445,true,1,55082
7290017938226,false,ממרח לימון כבוש 200 גרם גורמה,"סלטי שמיר 2006 בע""מ",IL,סלטי שמיר,גרמים,200.00,100 גרם,false,,11.90,0.0595,true,1,70738
7290017946368,false,סוד סבון 4 כדוריות לאסלה אוקיינוס 3*50 ג,הנקל סוד,RS,סוד,גרמים,150.00,100 גרם,false,,16.90,0.1127,true,1,59672
7290017946399,false,"מרכך כביסה מרוכז ארומתרפי אדום 900 מ""ל סוד",הנקל סוד,IL,סוד,מיליליטרים,900.00,"100 מ""ל",false,,11.90,0.0132,true,1,64201
7290017947105,false,לחם בסגנון אמריקה 500 גר',מאפיית שלמה א. אנג'ל,IL,אנגל,גרמים,500.00,100 גרם,false,,14.90,0.0298,true,1,55711
7290017947464,false,מארז 8 פיתות מקמח כוסמין מלא 400ג',"איטיליאן פוד, אס.פי.",IL,אנגל,8 יח,8.00,8 יח,false,,15.90,1.9875,true,1,58878
7290017947495,false,לחמניות כוסמין 450 ג' אנג'ל,"איטיליאן פוד, אס.פי.",IL,לחמניות כוסמין,גרמים,450.00,100 גרם,false,,14.90,0.0331,true,1,59679
7290017947891,false,לחם כוסמין וחיטה מלאה 750 ג' אנג'ל,מאפיית שלמה א. אנג'ל,IL,אנגל,גרמים,750.00,100 גרם,false,,16.90,0.0225,true,1,55710
7290017947921,false,לחמניות המבורגר בסגנון אמריקאי מארז 6 יח',מאפיית שלמה א. אנג'ל,IL,אנגל,יח,6.00,יח,false,,14.90,2.4833,true,1,56216
7290017947938,false,מיני לחמניות המבורגר בסגנון אמריקה 400 ג' אנג'ל,מאפיית שלמה א. אנג'ל,IL,לחמניות,גרמים,400.00,100 גרם,false,,14.90,0.0373,true,1,59677
7290017973005,false,קונפיטורה אוכמניות מעובדות רוסמן 900 גרם,"י.א.א עולם הפרי בע""מ",IL,רוסמן,גרמים,900.00,100 גרם,false,,19.90,0.0221,true,1,53554
7290017973043,false,קונפיטורה דובדבנים רוסמן 900 גרם,"י.א.א עולם הפרי בע""מ",IL,רוסמן,גרמים,900.00,100 גרם,false,,19.90,0.0221,true,1,53557
7290018023495,false,טחינה גולמית 500ג' סבא חביב,מ.א ושות',IL,סבא חביב,גרמים,500.00,100 גרם,false,,14.90,0.0298,true,1,60808
7290018045497,false,בון בון דגנים במילוי קרם שוקולד 480 גרם,monday,DE,*מבצע* דגנים במילוי,גרמים,480.00,100 גרם,false,,14.90,0.0310,true,1,64338
7290018045695,false,דגנים במילוי קרם קרמל מלוח 480 ג' BON & BON,מונדיי Monday,DE,*מבצע* דגנים במילוי,גרמים,480.00,100 גרם,false,,14.90,0.0310,true,1,64339
7290018045893,false,בון בון דגנים במילוי קרם נוגט 480 גרם,monday,DE,*מבצע* דגנים במילוי,גרמים,480.00,100 גרם,false,,14.90,0.0310,true,1,64340
7290018091029,false,מקלות פילו תפוחי אדמה מעדנות 450 ג',"מעדנות בע""מ",IL,מעדנות,גרמים,450.00,100 גרם,false,,17.90,0.0398,true,1,56417
7290018091234,false,פיצה מקסיקנית מעדנות 260 ג',מעדנות בעמ,IL,מעדנות,גרמים,260.00,100 גרם,false,,14.90,0.0573,true,1,59382
7290018091616,false,מקלות פילו גבינה מעדנות 450 ג',מיוצר עי קונדיטוריית,IL,מעדנות,גרמים,450.00,100 גרם,false,,17.90,0.0398,true,1,56419
7290018091821,false,פיצה נפוליטנה מעדנות 200 ג',מעדנות בעמ,IL,מעדנות,גרמים,200.00,100 גרם,false,,14.90,0.0745,true,1,59383
7290018099001,false,עשיריית פיתות אפייה,מאסטר פייתה,IL,עשיריית פיתות אפייה,יחידה,0.00,יחידה,false,,13.50,0.0000,true,1,67188
7290018131534,false,מאגדת מיני בייטס מילקה 201 גרם,שוורצקוף& הנקל דיסלד,PL,מילקה,גרמים,203.00,100 גרם,false,,15.90,0.0783,true,1,58467
7290018131756,false,מאגדת שלגון וניל מצופה תות נסטלה 440 גרם,גלידות נסטלה,IL,גלידות נסטלה,גרמים,440.00,100 גרם,false,,27.90,0.0634,true,1,61009
7290018131831,false,נסטלה מאגדת שלגון מילקה וניל 66X4 גרם,שוורצקוף& הנקל דיסלד,PL,גלידות נסטלה,יח,4.00,יח,false,,32.90,8.2250,true,1,61004
7290018131954,false,קרחון שרבט פרווה לה פרוטה תות שדה ושוקולד מריר,גלידות נסטלה Nestle,IL,לה פרוטה,גרמים,350.00,100 גרם,false,,27.90,0.0797,true,1,61006
7290018132388,false,מטרנה גולד שלב 2 תרכובת מזון על בסיס חלבי,מטרנה,IL,מטרנה גולד 700 גרם ש,גרמים,700.00,100 גרם,false,,74.90,0.1070,true,1,68627
7290018156124,false,"אל סבון קמיל צבעוני ד""ר פישר שלישיה* 500 מ""ל","ד""ר פישר",IL,קמיל,גרמים,1.50,100 גרם,false,,19.90,13.2667,true,1,55281
7290018165010,false,"יין רזרב גולד גוורצטרמינר 750 מ""ל ברקן",יקבי ברקן שיווק והפצ,IL,ספיישל רזרב,מיליליטרים,750.00,"100 מ""ל",false,,39.90,0.0532,true,1,55951
7290018165447,false,"יין רזרב GOLD EDITION מרלו 750 מ""ל",יקבי ברקן שיווק והפצ,IL,ספיישל רזרב,מיליליטרים,750.00,"100 מ""ל",false,,39.90,0.0532,true,1,60177
7290018186008,false,שרי אשכולות ארוז,,,שרי אשכולות ארוז,גרמים,460.00,100 גרם,false,,8.90,0.0193,true,1,54668
7290018192023,false,מקלות סלרי ארוז יח',"מרינה פטריות הגליל בע""מ",IL,סלרי חתוך יח',יח',1.00,יח',false,,5.90,5.9000,true,1,54732
7290018192504,false,מיני בורגר פטריות מן,מרינה פטריות,IL,אנדיב ארוז,יח',1.00,יח',false,,27.90,27.9000,true,1,71150
7290018192658,false,מארז זוג פטריות פורטובלה ושמפיניון מרינה,"מרינה פטריות הגליל בע""מ",IL,מארז פטריות זוג,יח',1.00,יח',false,,15.90,15.9000,true,1,58719
7290018194065,false,אורז בסמטי 1 קילו PRIMO,וינדו רייס מיילז פרי,IN,אורז בסמטי פרימו 1 ק,קילוגרמים,1.00,"ק""ג",false,,9.90,9.9000,true,1,65310
7290018198209,false,תפוגן ציפס בטטה קראנ,"תעשיות תפוגן בע""מ",IL,צ'יפס בטטה קראנצי 50,גרמים,500.00,100 גרם,false,,17.90,0.0358,true,1,60048
7290018236635,false,עוף טוב צ'ונגו פופקורן מצופה 600 גרם,מוצרי עוף טוב (2001),IL,*מבצע* עוף טוב צ'ונג,גרמים,600.00,100 גרם,false,,29.90,0.0498,true,1,60228
7290018237885,false,נקניקיות XL ללחמנייה 370 ג' עוף טוב,עוף טוב,IL,עוף טוב,גרמים,370.00,100 גרם,false,,14.90,0.0403,true,1,65867
7290018237960,false,עוף טוב כתף בקר עסיסי 265 גר',עיצובים 2020 (4.9),IL,עוף טוב,גרמים,265.00,100 גרם,false,,24.90,0.0940,true,1,67622
7290018249154,false,ממרח קקאו סוויטאנגו 350 גר,"אחדות ביח""ר לטחינה ח",,סוויטאנגו ממרח קקאו,גרמים,350.00,100 גרם,false,,32.90,0.0940,true,1,67220
7290018249994,false,סוויטאנגו תחליף סוכר ממתיק 700 גר',מתבל תעשיות מזון,IL,סוויטאנגו ממתיק 700,גרמים,700.00,100 גרם,false,,59.90,0.0856,true,1,55673
7290018282038,false,מגבוני טואלט לחים של,,,מגבוני טואלט לחים של,יח,3.00,יח,false,,9.90,3.3000,true,1,62709
7290018282199,false,אל סבון משאבה יוחננו,,,אל סבון משאבה יוחננו,ליטרים,1.00,ליטר,false,,8.90,8.9000,true,1,62702
7290018282397,false,אל סבון משאבה יוחננו,,,אל סבון משאבה יוחננו,ליטרים,1.00,ליטר,false,,8.90,8.9000,true,1,62703
7290018282595,false,אל סבון משאבה יוחננו,,,אל סבון משאבה יוחננו,ליטרים,1.00,ליטר,false,,8.90,8.9000,true,1,62704
7290018282793,false,מטליות לניקוי רצפה י,,,מטליות לניקוי רצפה י,יח,1.00,יח,false,,7.90,7.9000,true,1,62705
7290018282847,false,אל סבון משאבה יוחננו,,,אל סבון משאבה יוחננו,ליטרים,1.00,ליטר,false,,8.90,8.9000,true,1,62706
7290018294192,false,"יין בלנד היינן אדום יבש 750 מ""ל p.c",יקבי כרמל,IL,Private collection,מיליליטרים,750.00,"100 מ""ל",false,,32.40,0.0432,true,1,64418
7290018294352,false,"ארק יקבי כרמל 700 מ""",יקבי כרמל Carmel Winery,IL,*מבצע* ארק כרמל,מיליליטרים,700.00,"100 מ""ל",false,,49.90,0.0713,true,1,65065
7290018294895,false,"יין מונלייט מוסקטו ורוד מבעבע 750 מ""ל",יקבי כרמל Carmel Winery,IL,*מבצע* מונלייט מוסקט,מיליליטרים,750.00,"100 מ""ל",false,,29.90,0.0399,true,1,67391
7290018294918,false,מונלייט מוסקטו רוזה מתוק מבעבע 750מל,יקבי כרמל Carmel Winery,IL,*מבצע* מונלייט לבן ח,מיליליטרים,750.00,"100 מ""ל",false,,29.90,0.0399,true,1,67393
7290018333006,false,"שוקולד פרימיום 70% לל""ס שברי שקדים 100 גר'",,IL,שוקולד פרימיום70% לל,גרמים,100.00,100 גרם,false,,7.90,0.0790,true,1,66940
7290018333099,false,אגו מיקס קורנפלקס מצופה ש.חלב ולבן 55גר' 24 בקר',כרמית,IL,כרמית,גרמים,55.00,100 גרם,false,,3.90,0.0709,true,1,70841
7290018343517,false,מגבוני אלכוג'ל פרמה וויפס לניקוי משטחים פישר 60 יח',"ד""ר פישר",IL,אלכוג'ל מגבונים לניק,יח',60.00,יח',false,,19.90,0.3317,true,1,59491
7290018359129,false,יכין פולפה עגבניות חתוכות מקולפות דק 690 ג',אמיליאנה קונסרב,IT,עגבניות פולפה יכין 6,גרמים,690.00,100 גרם,false,,10.90,0.0158,true,1,63312
7290018359334,false,רכז עגבניות טבעי פריכוז שף יכין 580 גרם,זנלכל,IL,פריכוז שף,גרמים,580.00,100 גרם,false,,8.90,0.0153,true,1,59657
7290018359358,false,שלישיית פריכוז רוטב עגבניות יכין,יכין,IL,מארז פריכוז יכין 3*2,גרמים,600.00,100 גרם,false,,12.90,0.0215,true,1,63313
7290018359495,false,תירס מהשדה בלי תוספת סוכר יכין 550 גרם,היינץ צפון אמריקה מק,IL,תירס מהשדה יכין 550,גרמים,550.00,100 גרם,false,,9.90,0.0180,true,1,59658
7290018359518,false,תירס מהשדה בלי תוספת סוכר יכין מארז 200X3 גר',זנלכל,IL,שלישיית תירס מהשדה י,גרמים,600.00,100 גרם,false,,14.90,0.0248,true,1,59659
7290018359662,false,קוביות סלק יכין מארז 3*200 גר,יכין,,מארז שלישייה קוביות,גרמים,600.00,100 גרם,false,,14.90,0.0248,true,1,63314
7290018359686,false,חומוס ענק יכין 550 גרם,היינץ צפון אמריקה מק,IL,*מבצע* חומוס ענק יכי,גרמים,550.00,100 גרם,false,,8.90,0.0162,true,1,62335
7290018359716,false,רוטב עגבניות פיצה טוסקנה 240 גרם יכין,"זנלכל בע""מ",IL,רוטב פיצה 260 גרם,גרמים,240.00,100 גרם,false,,5.50,0.0229,true,1,61554
7290018359853,false,עדשים שחורות יכין 400 גרם,"זנלכל בע""מ",IL,עדשים שחורות יכין 40,גרמים,400.00,100 גרם,false,,6.90,0.0173,true,1,62336
7290018359877,false,רסק עגבניות טבעי יכין 200 גר*3,יכין,IL,*מבצע* רסק עגבניות ט,גרמים,600.00,100 גרם,false,,8.90,0.0148,true,1,64432
7290018359884,false,פולפה ליקופן טבעית יכין 400 גר*2,יכין,IL,*מבצע* פולפה ליקופן,גרמים,800.00,100 גרם,false,,9.90,0.0124,true,1,64433
7290018359938,false,"רוטב עגבניות לשקשוקה יכין, 400 גרם",יכין,IL,רוטב עגבניות לשקשוקה,גרמים,400.00,100 גרם,false,,11.90,0.0298,true,1,66393
7290018359945,false,חאריפה רוטב פיקנטי מפלפלים וירקות 400גר,יכין,IL,חאריפה -רוטב פיקניטי,גרמים,400.00,100 גרם,false,,11.90,0.0298,true,1,66394
7290018359952,false,רוטב עגבניות לפסטה יכין 400 גרם,יכין,IL,רוטב עגבניות לפסטה י,גרמים,400.00,100 גרם,false,,11.90,0.0298,true,1,66395
7290018380215,false,קורנישון מיני פיקנטי,קולמן,IN,תומר,גרמים,720.00,100 גרם,false,,10.90,0.0151,true,1,62002
7290018394038,false,פיטריות שיטאקי מיובשות חוות תקוע,חקלאי,IL,פטריות שיטאקי מיובשות,גרמים,25.00,100 גרם,false,,7.90,0.3160,true,1,59921
7290018394113,false,פטריות שי-מגי דואט,,IL,פטריות יער,גרמים,300.00,100 גרם,false,,17.90,0.0597,true,1,64777
7290018394151,false,מיקס פטריות אקזוטי י,"פנטה אמפאק בע""מ",IL,פטריות שיטאקי טרי,גרמים,400.00,100 גרם,false,,24.90,0.0622,true,1,66321
7290018400470,false,כרישה חתוכה מוקפאת 600 גרם סנפרוסט,"סנפרוסט בע""מ",IL,כרישה חתוכה מוקפאת 6,גרמים,600.00,100 גרם,false,,16.90,0.0282,true,1,69876
7290018400807,false,טברנה יוונית סנפרוסט 800 גרם,"סנפרוסט בע""מ",IL,סנפרוסט,גרמים,800.00,100 גרם,false,,22.90,0.0286,true,1,59801
7290018440070,false,תרכיז עגבניות בשפורפרת 28BX בלה איטליה 200 ג',בלה איטליה Bella Italia,IT,תרכיז עגבניות בשפורפ,מיליליטרים,200.00,"100 מ""ל",false,,8.90,0.0445,true,1,61172
7290018440193,false,פליפז בייגלה בציפוי קרם בטעם חמאת בוטנים 140 גרם,שוורצקוף& הנקל דיסלד,TR,פליפז,גרמים,140.00,100 גרם,false,,8.90,0.0636,true,1,60103
7290018440230,false,צ'אי ורדים 25 שק' ויסוצקי,ויסוצקי,IL,*מבצע* צ'אי ורדים וי,יח',25.00,יח',false,,17.90,0.7160,true,1,62829
7290018440438,false,טונה קאלוו איזי פליפ בשמן 65 גר*3,קאלבו קונסרבס ס.ל.ו,ES,*מבצע* טונה EASY בש,גרמים,195.00,100 גרם,false,,22.90,0.1174,true,1,65092
7290018440445,false,טונה קאלוו בשמן זית 160 גר,קאלבו קונסרבס ס.ל.ו,ES,*מבצע* טונה בשמן זית,גרמים,160.00,100 גרם,false,,13.90,0.0869,true,1,65093
7290018440476,false,פליפז בייגלה מצופה בקרם עוגת גבינה ותותים 140 גרם,אולקר מקבוצת פלאדיס,TR,פליפז,גרמים,140.00,100 גרם,false,,8.90,0.0636,true,1,62213
7290018440483,false,פליפז בייגלה מצופה בקרמל מלוח ושוקולד 140 גרם,שוורצקוף& הנקל דיסלד,TR,פליפז,גרמים,140.00,100 גרם,false,,8.90,0.0636,true,1,62214
7290018468302,false,נקניקיה טבעונית בסגנון מרגז טירת צבי 400 ג,טירת צבי,IL,*מבצע* נקניקיה צמחית,גרמים,400.00,100 גרם,false,,34.90,0.0872,true,1,65268
7290018468401,false,פסטרמה צמחונית בטעם גריל 100 גר טירת צבי,טיב טירת צבי 2000,IL,פסטרמה צמחונית בטעם,גרמים,120.00,100 גרם,false,,17.90,0.1492,true,1,69901
7290018468418,false,פסטרמה צמחונית בטעם מפולפל 100 ג טירת צב,טיב טירת צבי 2000,IL,פסטרמה צמחונית בטעם,גרמים,120.00,100 גרם,false,,17.90,0.1492,true,1,69902
7290018471029,false,"סודה בטעם לימון - מארז 6 בקבוקים 500 מ""ל",יפאורה תבורי בעמ,IL,שוופס,מיליליטרים,500.00,"100 מ""ל",false,,13.90,0.0278,true,1,59627
7290018471043,false,"ספרינג פירות טרופיים פחית 330מ""ל",יפאורה תבורי בעמ,IL,ספרינג נקטר פירות טר,מיליליטרים,330.00,"100 מ""ל",false,,4.50,0.0136,true,1,61102
7290018471180,false,משקה פרוט& ווג' אננס תפוח גזר 1 ליטר,פרוט אנד וג' Fruit & Veg,IL,*מבצע* פרוט & ווג' א,ליטרים,1.00,ליטר,false,,9.90,9.9000,true,1,61450
7290018471395,false,משקה פרוט& ווג' תפוח רימון ג'ינג'ר 1 ליטר,פרוט אנד וג' Fruit & Veg,IL,*מבצע* פרוט & ווג' ת,ליטרים,1.00,ליטר,false,,9.90,9.9000,true,1,61452
7290018471401,false,משקה פרוט& ווג' אננס בננה כורכום 1 ליטר,פרוט אנד וג' Fruit & Veg,IL,*מבצע* פרוט & ווג' א,ליטרים,1.00,ליטר,false,,9.90,9.9000,true,1,61453
7290018471449,false,קרטונית ספרינג שייק בננה תמר תפוז 1 ליטר,"יפאורה תבורי בע""מ",IL,ספרינג שייק בננה תמר,ליטרים,1.00,ליטר,false,,11.90,11.9000,true,1,62250
7290018471463,false,תפוזינה נקטר תפוז מנגו קרטונית 1 ליטר,"יפאורה תבורי בע""מ",IL,תפוזינה נקטר קרטונית,ליטרים,1.00,ליטר,false,,6.80,6.8000,true,1,61506
7290018471470,false,תפוזינה נקטר תפוז פסיפלורה קרטונית 1 ליטר,"יפאורה תבורי בע""מ",IL,תפוזינה נקטר קרטונית,ליטרים,1.00,ליטר,false,,6.80,6.8000,true,1,61507
7290018471487,false,תפוזינה נקטר תפוז אננס קרטונית 1 ליטר,"יפאורה תבורי בע""מ",IL,תפוזינה נקטר קרטונית,ליטרים,1.00,ליטר,false,,6.80,6.8000,true,1,61508
7290018471494,false,תפוזינה משקה תפוז גזר קרטונית 1 ליטר,"יפאורה תבורי בע""מ",IL,תפוזינה קרטונית תפוז,ליטרים,1.00,ליטר,false,,6.80,6.8000,true,1,61509
7290018471616,false,שוופס אינדיאן טוניק 1 ליטר,"יפאורה תבורי בע""מ",IL,שוופס אינדיאן טוניק,ליטרים,1.00,ליטר,false,,9.10,9.1000,true,1,61792
7290018471623,false,שוופס טוניק אשכוליות ליצ'י 1 ליטר,"יפאורה תבורי בע""מ",IL,שוופס טוניק אשכוליות,ליטרים,1.00,ליטר,false,,9.10,9.1000,true,1,61793
7290018471630,false,שוופס טוניק מלפפון ליים 1 ליטר,"יפאורה תבורי בע""מ",IL,שוופס טוניק מלפפון ל,ליטרים,1.00,ליטר,false,,9.10,9.1000,true,1,61794
7290018471692,false,ספרינג שייק בננה אננס קוקוס פירות יער קרטונית 1 ליטר,"יפאורה תבורי בע""מ",IL,ספרינג שייק בננה אננ,ליטרים,1.00,ליטר,false,,11.90,11.9000,true,1,62252
7290018471913,false,שוופס מוגז פירות תפוחים 1.5 ליטר-,"יפאורה תבורי בע""מ",IL,שוופס פרוטס,ליטרים,1.50,ליטר,false,,8.80,5.8667,true,1,63945
7290018471937,false,שוופס מוגז פירות תות ליים 1.5 ליטר פיקדון,"יפאורה תבורי בע""מ",IL,שוופס פרוטס,ליטרים,1.50,ליטר,false,,8.80,5.8667,true,1,63947
7290018471944,false,שוופס מוגז פירות לימונייד 1.5 ליטר פיקדון,"יפאורה תבורי בע""מ",IL,שוופס פרוטס,ליטרים,1.50,ליטר,false,,8.80,5.8667,true,1,63948
7290018493717,false,"סבון ידיים ויטמינים לילדים ורוד מסטיק 500 מ""ל ד""ר פישק",דר פישר,,*מבצע* אל סבון ויטמי,מיליליטרים,500.00,"100 מ""ל",false,,7.90,0.0158,true,1,63234
7290018493885,false,"ד""ר פישר - סרקל מרכך 750 מ""ל",דר פישר,IL,סרקל מרכך משאבה לילד,מיליליטרים,750.00,"100 מ""ל",false,,19.90,0.0265,true,1,62268
7290018493915,false,"ד""ר פישר - שמן גוף לתינוק מעושר בשמן שקדים 200 מ""ל",דר פישר,IL,*מבצע* שמן גוף לתינו,מיליליטרים,200.00,"100 מ""ל",false,,14.90,0.0745,true,1,65373
7290018493977,false,אל סבון קמיל בלו בתמצית שיבולת שועל 1 ל,,IL,דר פישר,ליטרים,1.00,ליטר,false,,15.90,15.9000,true,1,63230
7290018500361,false,לחם אנג'ל אחיד פרוס 900 גר',מאפיית שלמה א. אנג'ל,IL,לחם אחיד פרוס אנגל 9,גרמים,900.00,100 גרם,false,,8.30,0.0092,true,1,67349
7290018500385,false,חלה רגילה מוגדלת 650גר אנג'ל,מאפיית שלמה א. אנגל,IL,חלה רגילה אנג'ל 650,גרמים,650.00,100 גרם,false,,5.50,0.0085,true,1,67439
7290018500460,false,לחם חצי מלא אנגל 700,אנג'ל,IL,אנג'ל,גרמים,700.00,100 גרם,false,,10.90,0.0156,true,1,69732
7290018516041,false,פרמיו דליקט עוף לחתול,פרמיו Premio,,פרמיו דליקט עוף 56 ג,יחידה,0.00,יחידה,false,,9.90,0.0000,true,1,60368
7290018516256,false,פרמיו עוף וחלב לגור,סאטורן,FR,פרמיו גור עוף 150 גר,גרמים,150.00,100 גרם,false,,5.90,0.0393,true,1,62521
7290018516324,false,פאוץ תפוח ושבולת שועל 120 ג' פירונק,פרוטה פודווין איי.אס,CZ,רנדי,גרמים,120.00,100 גרם,false,,5.90,0.0492,true,1,62721
7290018516355,false,מחיט תפוח עץ ושבולות שועל 190 ג' פרינוק גוניור,פרוטה פודווין איי.אס,CZ,רנדי,גרמים,190.00,100 גרם,false,,5.90,0.0311,true,1,64136
7290018516362,false,מחיט תפוח עץ בננה ושבולות שועל 190 ג' פרינוק גוניור,פרוטה פודווין איי.אס,CZ,רנדי,גרמים,190.00,100 גרם,false,,5.90,0.0311,true,1,64137
7290018516379,false,מחיט סלט פירות ושבולות שועל 190 ג' פרינוק גוניור,פרוטה פודווין איי.אס,CZ,רנדי,גרמים,190.00,100 גרם,false,,5.90,0.0311,true,1,64138
7290018516393,false,פרמיו סופרים מיקס לחתול,פרמיו Premio,DE,פרמיו מיקס,קילוגרמים,3.00,"ק""ג",false,,59.90,19.9667,true,1,63640
7290018516577,false,פרמיו דליקט עוף לחתל,סאטורן,DE,פרימו דליקט עוף לחתל,גרמים,56.00,100 גרם,false,,9.90,0.1768,true,1,67140
7290018516942,false,"פרמיו סופרים עופות לכלב בוגר 3 ק""ג",פרמיו Premio,,פרימיו סופרים מועשר,קילוגרמים,3.00,"ק""ג",false,,49.90,16.6333,true,1,70134
7290018516959,false,"פרמיו סופרים עופות לכלב מגזע ננסי 3 ק""ג",פרמיו Premio,,פרימיו סופרים מועשר,קילוגרמים,3.00,"ק""ג",false,,49.90,16.6333,true,1,70135
7290018540831,false,לחם מחמצת חיטה מלאה וגרעינים 500 ג' ארטיזנל,מאפיית אורנים,IL,אנגל,גרמים,500.00,100 גרם,false,,17.90,0.0358,true,1,63783
7290018571231,false,"עדשי שוקולד לאפיה ""מיה"" 400 גרם",מיה,IL,עדשי שוקולד 400 גרם,גרמים,400.00,100 גרם,false,,19.90,0.0497,true,1,62491
7290018571507,false,"סוכריות ויטמין C ילדים דובונים מיה, 175 גרם",מיה תעשיות מזון בעמ,IL,סוכריות ויטמין סי יל,גרמים,175.00,100 גרם,false,,39.90,0.2280,true,1,69824
7290018571514,false,סוכריות ויטמין די לילדים 175 גרם מיה פלוס,מיה תעשיות מזון בעמ,IL,סוכריות ויטמין די יל,גרמים,175.00,100 גרם,false,,39.90,0.2280,true,1,69825
7290018571545,false,סוכריות ג'לי עם מיצוי כורכומין וג'ינג'ר למבוגרים,מיה תעשיות מזון בעמ,IL,סוכריות כורכומין מבו,גרמים,210.00,100 גרם,false,,39.90,0.1900,true,1,69828
7290018652213,false,מאגדת חטיפי גלידה קראנץ בר 41X6 גרם,פרונרי איטליה,IL,*מבצע* מאגדת קראנץ',יח',6.00,יח',false,,19.90,3.3167,true,1,64634
7290018652671,false,"לה קרמריה שוקולד וניל 1.4 ליטר [תו אי""ל]",גלידות נסטלה,IL,לה קרמריה,ליטרים,1.40,ליטר,false,,17.90,12.7857,true,1,64635
7290018652923,false,מאגדת תות עוגת גבינה שוקולד 5 *43 ג' נסטלה,גלידות נסטלה,IL,גלידות נסטלה,יח',6.00,יח',false,,28.90,4.8167,true,1,64619
7290018687567,false,נוזל רצפה 2 ליטר יוח,,,נוזל רצפה 2 ליטר יוח,ליטרים,2.00,ליטר,false,,9.90,4.9500,true,1,62699
7290018687574,false,נוזל רצפה 2 ליטר יוח,,,נוזל רצפה 2 ליטר יוח,ליטרים,2.00,ליטר,false,,9.90,4.9500,true,1,62700
7290018687581,false,נוזל רצפה 2 ליטר יוח,,,נוזל רצפה 2 ליטר יוח,ליטרים,2.00,ליטר,false,,9.90,4.9500,true,1,62701
7290018687598,false,ג'ל כביסה 3 ליטר יוח,,,ג'ל כביסה 3 ליטר יוח,ליטרים,3.00,ליטר,false,,17.90,5.9667,true,1,62694
7290018687604,false,ג'ל כביסה 3 ליטר יוח,,,ג'ל כביסה 3 ליטר יוח,ליטרים,3.00,ליטר,false,,17.90,5.9667,true,1,62695
7290018687611,false,מרכך כביסה מרוכז יוח,,,מרכך כביסה מרוכז יוח,ליטרים,1.00,ליטר,false,,8.90,8.9000,true,1,62696
7290018687628,false,מרכך כביסה מרוכז יוח,,,מרכך כביסה מרוכז יוח,ליטרים,1.00,ליטר,false,,8.90,8.9000,true,1,62697
7290018687635,false,מרכך כביסה מרוכז יוח,,,מרכך כביסה מרוכז יוח,ליטרים,1.00,ליטר,false,,8.90,8.9000,true,1,62698
7290018687840,false,ג'ל כביסה ירוק 5 ליט,,,ג'ל כביסה ירוק 5 ליט,ליטרים,5.00,ליטר,false,,26.90,5.3800,true,1,64407
7290018687857,false,ג'ל כביסה כחול 5 ליט,,,ג'ל כביסה כחול 5 ליט,ליטרים,5.00,ליטר,false,,26.90,5.3800,true,1,64408
7290018687895,false,קפסולות ג'ל מרוכזות,,,קפסולות ג'ל מרוכזות,יח',36.00,יח',false,,24.90,0.6917,true,1,64684
7290018687918,false,נוזל כלים יוחננוף לי,,,נוזל כלים יוחננוף לי,מיליליטרים,750.00,"100 מ""ל",false,,6.90,0.0092,true,1,64673
7290018687925,false,נוזל כלים יוחננוף תפ,,,נוזל כלים יוחננוף תפ,מיליליטרים,750.00,"100 מ""ל",false,,6.90,0.0092,true,1,64674
7290018687932,false,נוזל כלים יוחננוף לב,,,נוזל כלים יוחננוף לב,מיליליטרים,750.00,"100 מ""ל",false,,6.90,0.0092,true,1,64675
7290018687963,false,נוזל כלים יוחננוף לב,,,נוזל כלים יוחננוף לב,ליטרים,1.50,ליטר,false,,9.90,6.6000,true,1,64678
7290018687987,false,קפסולות ג'ל מרוכזות,,,קפסולות ג'ל מרוכזות,יח',36.00,יח',false,,24.90,0.6917,true,1,64685
7290018687994,false,ג'ל מרוכז לכביסה צבע,"גליל כימיכלים בע""מ",IL,ג'ל מרוכז לכביסה צבע,ליטרים,3.00,ליטר,false,,17.90,5.9667,true,1,65335
7290018704592,false,חמוצים יפניים,סלטי מונטה קרלו,IL,חמוצים יפניים,קילוגרמים,1.00,"ק""ג",true,,55.00,55.0000,true,1,66495
7290018704660,false,סלט תירס עם פטריות ב,מונטה קרלו,IL,סלט תירס עם פטריות ב,קילוגרמים,1.00,"ק""ג",true,,65.00,65.0000,true,1,62863
7290018720011,false,ביסקוויט קרנבל חיות בטעם וניל 250 ג' מעדני מלך,הגביע מוצרי וופלים,IL,ביסקוויט קרנבל חיות,גרמים,250.00,100 גרם,false,,5.90,0.0236,true,1,62257
7290018720103,false,וופל שוקו ללא סוכר 250 ג' מעדני מלך,"גילרו בע""מ",IL,מעדני המלך,גרמים,250.00,100 גרם,false,,7.90,0.0316,true,1,62785
7290018720189,false,"ביסקוויט בטעם שוקו מעדני מלך, 200 ג קסטה",הגביע,IL,מעדני מלך,גרמים,200.00,100 גרם,false,,5.50,0.0275,true,1,68147
7290018757123,false,פתיתי ש.שועל דקה קוואקר אורגני 400 גרם,נוטרה זן,CZ,נוטרה זן,גרמים,400.00,100 גרם,false,,19.90,0.0497,true,1,61841
7290018757130,false,פתיתי ש.שועל עבה קוואקר אורגני 400 גרם,נוטרה זן,CZ,נוטרה זן,גרמים,400.00,100 גרם,false,,19.90,0.0497,true,1,61842
7290018795385,false,חסה לליק מהדרין קמעונאי,"מרינה פטריות הגליל בע""מ",IL,חסה לליק,יח',1.00,יח',false,,12.90,12.9000,true,1,64008
7290018795460,false,תרד טורקי,,,תרד טורקי,יח,1.00,יח,false,,11.90,11.9000,true,1,64282
7290018795842,false,שיני שום קלופות 500 גר',מרינה,IL,שיני שום קלופות 500,גרמים,500.00,100 גרם,false,,12.00,0.0240,true,1,67513
7290018824016,false,מגבונים לחים יוחננוף,,IL,מגבונים לחים יוחננוף,יח,1.00,יח,false,,16.90,16.9000,true,1,68617
7290018824887,false,"חמוציות 1 ק""ג",א.מ. שרון שיווק,CA,שייקי,קילוגרמים,1.00,"ק""ג",false,,32.90,32.9000,true,1,61196
7290018824894,false,"מנגו 1 ק""ג",א.מ. שרון שיווק,VN,שייקי,קילוגרמים,1.00,"ק""ג",false,,27.90,27.9000,true,1,61926
7290018824917,false,"תות שדה 1 ק""ג",א.מ. שרון שיווק,EG,שייקי,קילוגרמים,1.00,"ק""ג",false,,19.90,19.9000,true,1,61928
7290018824955,false,"אננס 1 ק""ג",א.מ. שרון שיווק,EC,שייקי,קילוגרמים,1.00,"ק""ג",false,,24.90,24.9000,true,1,61932
7290018824986,false,"אוכמניות כחולות 1 ק""",א.מ. שרון שיווק,PE,שייקי,קילוגרמים,1.00,"ק""ג",false,,34.90,34.9000,true,1,61941
7290018825020,false,תפוח אדמה גורמה דוד משה,משתנה,IL,"תפו""א לבן ארוז",קילוגרמים,1.00,"ק""ג",true,,5.90,5.9000,true,1,62990
7290018825815,false,"תפו""א גורמה בייבי",משתנה,IL,"תפו""א לבן ארוז",קילוגרמים,1.00,"ק""ג",true,,4.90,4.9000,true,1,63222
7290018835029,false,מרק בטעם עוף פרווה ת,תבליני מימון,IL,*מבצע* מרק בטעם עוף,גרמים,400.00,100 גרם,false,,8.90,0.0223,true,1,70650
7290018860984,false,אטריות ביצים דקות 400 גרם,xiamen zhongshi impo,CN,אטריות ביצים דקות 40,גרמים,400.00,100 גרם,false,,9.90,0.0248,true,1,67458
7290018860991,false,אטריות ביצים רחבות 400 גרם,xiamen zhongshi impo,CN,אטריות ביצים רחבות 4,גרמים,400.00,100 גרם,false,,9.90,0.0248,true,1,67459
7290018878118,false,כרמית מרשמלו ורוד לבבות פטל 150 דקם,Carmit,IL,כרמית,גרמים,150.00,100 גרם,false,,4.50,0.0300,true,1,68026
7290018878644,false,שוקולד מריר חמישייה,כרמית,IL,שוקולד מריר חמישייה,גרמים,500.00,100 גרם,false,,13.90,0.0278,true,1,71145
7290018878668,false,שוקולד לבן של,כרמית,IL,*מבצע* שוקולד לבן של,גרמים,300.00,100 גרם,false,,9.90,0.0330,true,1,71146
7290018878682,false,שוקולד חלב של,כרמית,IL,*מבצע* שוקולד חלב של,גרמים,300.00,100 גרם,false,,9.90,0.0330,true,1,71147
7290018878705,false,שוקולד מריר 60% שליש,כרמית,IL,שוקולד מריר 60% שליש,גרמים,300.00,100 גרם,false,,9.90,0.0330,true,1,71148
7290018879979,false,מרשמלו רגיל לבן בטעם וניל 150 גרם ויסטהיים,Carmit,IL,כרמית,גרמים,150.00,100 גרם,false,,4.50,0.0300,true,1,64398
7290018893005,false,"חטיפי בייגלה אפוי בטעם חרדל ודבש, 160 גרם",צ'וקטה Chocketa,RO,צוקטה,גרמים,160.00,100 גרם,false,,6.90,0.0431,true,1,63223
7290018893258,false,צוקטה עוגות אישיות במילוי קרמל 10*30 גר,פרדי קונדטוריה אס פי,IT,יוגטה,גרמים,300.00,100 גרם,false,,11.90,0.0397,true,1,62625
7290018893265,false,צ'וקטה עוגות אישיות מריר במילוי קרם 240 ג',פרדי קונדיטוריה אס פ,IT,יוגטה,גרמים,240.00,100 גרם,false,,10.90,0.0454,true,1,62626
7290018893319,false,צ'וקטה שוקולד מריר בלגי 85% 100 גרם משולש K,צ'וקטה Chocketa,BE,צ'וקטה שוקולד מריר ב,גרמים,100.00,100 גרם,false,,8.90,0.0890,true,1,64357
7290018893456,false,צ'וקטה מארז עוגות אישיות במילוי קרם ובציפוי שוקולד 10*30ג,פרדי קונדטוריה אס.פי,IT,יוגטה,גרמים,300.00,100 גרם,false,,11.90,0.0397,true,1,62627
7290018893487,false,צ'וקטה עוגה אישית בטעם קוקוס 350 ג' נוכרי,פרדי קונדטוריה אס פי,IT,יוגטה,גרמים,350.00,100 גרם,false,,11.90,0.0340,true,1,62845
7290018893500,false,צ'וקטה עוגיות סנדביץ שוקו 180 גרם חלב נכרי,ארלוי,ES,צ'וקטה עוגיות סנדווי,גרמים,180.00,100 גרם,false,,4.90,0.0272,true,1,64350
7290018893654,false,חטיפי בייגלה דקיקים ופריכים מלח צ'וקטה 200 ג',צ'וקטה Chocketa,RO,צוקטה,גרמים,200.00,100 גרם,false,,6.90,0.0345,true,1,62846
7290018893746,false,צ'וקטה בייגלה עגבניות ועשבי תיבול 180 גרם,SC ALKA TRADING CO S,RO,צוקטה,גרמים,180.00,100 גרם,false,,6.90,0.0383,true,1,69282
7290018893807,false,צ'וקטה - שוקולד מריר שלישייה 3 * 100 גרם,צ'וקטה Chocketa,ES,יוגטה,גרמים,300.00,100 גרם,false,,12.90,0.0430,true,1,62816
7290018893814,false,צ'וקטה שוקולד מריר 48% 5 יח' *100 ג',הדקלאים אגודת שיתופי,ES,מארז טבלאות שוקולד מ,גרמים,500.00,100 גרם,false,,17.90,0.0358,true,1,63166
7290018893852,false,חטיפי בייגלה דקיקים ופריכים שומשום צ'וקטה 200 ג',צ'וקטה Chocketa,RO,צוקטה,גרמים,200.00,100 גרם,false,,6.90,0.0345,true,1,62847
7290018894002,false,בלקוני וופל קוביות קקאו 250 גרם חלבי OU,בלקוני Balconi,IT,*מבצע* בלקוני וופל ק,גרמים,250.00,100 גרם,false,,9.90,0.0396,true,1,64479
7290018894019,false,עוגות אישיות במילוי קרם חלבי ובציפוי קרם קקאו,בלקוני Balconi,IT,*מבצע* בלקוני עוגות,גרמים,350.00,100 גרם,false,,11.90,0.0340,true,1,64485
7290018894040,false,שוקולד חלב חמישייה צ,נטרה,FR,שוקולד חלב חמישייה צ,גרמים,500.00,100 גרם,false,,19.90,0.0398,true,1,70103
7290018921029,false,"ד""ר פישר - קמיל בלו מגבוני סנסיטיב 64 יח' * 4",דר פישר,,*מבצע* קמיל בלו סנסט,יח',256.00,יח',false,,17.90,0.0699,true,1,63235
7290018925065,false,מיץ פרימור תפוזים סחוט 2 ליטר-,"גניר (1992) בע""מ",IL,תוצרת מסחרית,ליטרים,2.00,ליטר,false,,25.90,12.9500,true,1,63682
7290018925096,false,משקה קל תפוזים 1.5 ל' פרימור,פרימור,IL,משקה קל תפוזים,ליטרים,1.50,ליטר,false,,7.90,5.2667,true,1,63555
7290018925102,false,משקה קל ענבים 1.5 ל' פרימור,פרימור,IL,משקה קל ענבים,ליטרים,1.50,ליטר,false,,7.90,5.2667,true,1,63556
7290018925157,false,משקה קל לימונים 1.5ל' פרימור,פרימור,IL,משקה קל לימונים,ליטרים,1.50,ליטר,false,,7.90,5.2667,true,1,63562
7290018925164,false,משקה קל תות-בננה 1.5ל' פרימור,פרימור,IL,משקה קל תות בננה,ליטרים,1.50,ליטר,false,,7.90,5.2667,true,1,63559
7290018978245,false,דגני בוקר קראנץ בטעם,נטורל קייקס,IL,דגנים פריכים במילוי,גרמים,686.00,100 גרם,false,,19.90,0.0290,true,1,70448
7290018989005,false,שלישיית פולפה עגבניות טבעי יכין 400X3 גרם,זנלכל,IL,*מבצע* פולפה טבעית 3,גרמים,1200.00,100 גרם,false,,13.90,0.0116,true,1,64434
7290018989128,false,סירופ בטעם ענבים יכין 1 ליטר,זנלכל,IL,סירופ בטעם ענבים יכי,ליטרים,1.00,ליטר,false,,18.90,18.9000,true,1,66397
7290018989135,false,סירופ בטעם פטל יכין 1 ליטר,זנלכל,IL,סירופ בטעם פטל יכין,ליטרים,1.00,ליטר,false,,18.90,18.9000,true,1,66398
7290019035220,false,תערובת פירות יער קפוא 600ג' פילד גוד,קונגלדוס אקיואטוריאנ,RS,מיקס פירות יער 600 ג,גרמים,600.00,100 גרם,false,,29.90,0.0498,true,1,66041
7290019035244,false,מיקס פירות בננה פסיפ,קונגלדוס אקיואטוריאנ,RS,מיקס פירות פסיפלורה,גרמים,600.00,100 גרם,false,,29.90,0.0498,true,1,66042
7290019035329,false,מיקס פירות תות קפוא 600 ג' פילד גוד,קונגלדוס אקיואטוריאנ,RS,מיקס פירות תות מלון,גרמים,600.00,100 גרם,false,,29.90,0.0498,true,1,66044
7290019056027,false,שוופס מוגז פירות תפוחים ללא סוכר 1.5 ליטר פיקדון,"יפאורה תבורי בע""מ",IL,שוופס פרוטס,ליטרים,1.50,ליטר,false,,7.90,5.2667,true,1,63950
7290019056034,false,שוופס מוגז פירות אננס ללא סוכר 1.5 ליטר פיקדון,יפאורה תבורי,IL,שוופס פרוטס,ליטרים,1.50,ליטר,false,,7.90,5.2667,true,1,63951
7290019056041,false,שוופס מוגז פירות לימונייד ללא סוכר 1.5 ליטר פיקדון,יפאורה תבורי,IL,שוופס פרוטס,ליטרים,1.50,ליטר,false,,7.90,5.2667,true,1,63952
7290019056058,false,שוופס מוגז עדין תפוח ליים 1.5 ליטר פיקדון,"יפאורה תבורי בע""מ",IL,שוופס,ליטרים,1.50,ליטר,false,,8.30,5.5333,true,1,63953
7290019056072,false,שוופס מוגז עדין אננס 1.5 ליטר פיקדון,יפאורה תבורי בעמ,IL,שוופס,ליטרים,1.50,ליטר,false,,8.30,5.5333,true,1,63955
7290019056089,false,שוופס מוגז עדין ענבי ריזלינג 1.5 ליטר פיקדון,"יפאורה תבורי בע""מ",IL,שוופס,ליטרים,1.50,ליטר,false,,8.30,5.5333,true,1,63956
7290019056096,false,שוופס מוגז עדין אפרסק 1.5 ליטר פיקדון,"יפאורה תבורי בע""מ",IL,שוופס,ליטרים,1.50,ליטר,false,,8.30,5.5333,true,1,63957
7290019056119,false,שוופס סודה 1.5 ליטר פיקדון,"יפאורה תבורי בע""מ",IL,שוופס,ליטרים,1.50,ליטר,false,,3.20,2.1333,true,1,63981
7290019056126,false,שוופס סודה לימון 1.5 ליטר בק' בודד פיקדון,"יפאורה תבורי בע""מ",IL,שוופס,ליטרים,1.50,ליטר,false,,3.20,2.1333,true,1,63982
7290019056164,false,שוופס סודה 1.5 ליטר רביעייה פיקדון,"יפאורה תבורי בע""מ",IL,שוופס,ליטרים,6.00,ליטר,false,,11.50,1.9167,true,1,63974
7290019056171,false,שוופס סודה לימון 1.5 ליטר רביעייה פיקדון,"יפאורה תבורי בע""מ",IL,שוופס,ליטרים,6.00,ליטר,false,,11.50,1.9167,true,1,63975
7290019056188,false,שוופס סודה נענע ליים 1.5 ליטר רביעייה פיקדון,"יפאורה תבורי בע""מ",IL,שוופס,ליטרים,6.00,ליטר,false,,11.50,1.9167,true,1,63976
7290019056201,false,שוופס סודה פירות יער 1.5 ליטר רביעייה פיקדון,"יפאורה תבורי בע""מ",IL,שוופס,ליטרים,6.00,ליטר,false,,11.50,1.9167,true,1,63978
7290019056232,false,משקה מוגז בטעם ליים מוחיטו 1.5 ל' שוופס,"יפאורה תבורי בע""מ",IL,שוופס,ליטרים,1.50,ליטר,false,,8.50,5.6667,true,1,63958
7290019056249,false,שוופס מים בטעמים ענבים 1.5 ליטר פיקדון,יפאורה תבורי בעמ,IL,שוופס,ליטרים,1.50,ליטר,false,,7.90,5.2667,true,1,63939
7290019056256,false,שוופס מים בטעמים תפוחים 1.5 ליטר פיקדון,יפאורה תבורי בעמ,IL,שוופס,ליטרים,1.50,ליטר,false,,7.90,5.2667,true,1,63940
7290019056263,false,שוופס מים בטעמים אפרסק 1.5 ליטר פיקדון,יפאורה תבורי בעמ,IL,שוופס,ליטרים,1.50,ליטר,false,,7.90,5.2667,true,1,63941
7290019056270,false,שוופס מים בטעמים פירות יער 1.5 ליטר פיקדון,"יפאורה תבורי בע""מ",IL,שוופס,ליטרים,1.50,ליטר,false,,7.90,5.2667,true,1,63942
7290019056300,false,משקה בטעם ביטר לימון 1.5 ל' שוויפס,"יפאורה תבורי בע""מ",IL,שוופס,ליטרים,1.50,ליטר,false,,12.00,8.0000,true,1,63959
7290019056317,false,שוופס ראשן 1.5 ליטר פיקדון,"יפאורה תבורי בע""מ",IL,שוופס,ליטרים,1.50,ליטר,false,,12.00,8.0000,true,1,63960
7290019056324,false,שוופס טוניק 1.5 ליטר פיקדון,"יפאורה תבורי בע""מ",IL,שוופס,ליטרים,1.50,ליטר,false,,12.00,8.0000,true,1,63961
7290019056331,false,שוופס טוניק ללא סוכר 1.5 ליטר פיקדון,יפאורה תבורי בעמ,IL,שוופס,ליטרים,1.50,ליטר,false,,11.50,7.6667,true,1,63962
7290019056355,false,תפוזינה לימונדה MIX לימונענע 1.5 ליטר,"יפאורה תבורי בע""מ",IL,תפוזינה,ליטרים,1.50,ליטר,false,,8.30,5.5333,true,1,63921
7290019056362,false,תפוזינה ענבים 1.5 ליטר פיקדון,"יפאורה תבורי בע""מ",IL,תפוזינה,ליטרים,1.50,ליטר,false,,8.30,5.5333,true,1,63922
7290019056379,false,תפוזינה תפוזים 1.5 ליטר פיקדון,"יפאורה תבורי בע""מ",IL,תפוזינה,ליטרים,1.50,ליטר,false,,8.30,5.5333,true,1,63923
7290019056386,false,פתוזינה אשכולית 1.5 ליטר פיקדון,"יפאורה תבורי בע""מ",IL,תפוזינה,ליטרים,1.50,ליטר,false,,8.30,5.5333,true,1,63924
7290019056393,false,תפוזינה תות בננה 1.5 ליטר פיקדון,"יפאורה תבורי בע""מ",IL,תפוזינה,ליטרים,1.50,ליטר,false,,8.30,5.5333,true,1,63925
7290019056409,false,תפוזינה מנגו 1.5 ליטר פיקדון,"יפאורה תבורי בע""מ",IL,תפוזינה,ליטרים,1.50,ליטר,false,,8.30,5.5333,true,1,63926
7290019056416,false,מיץ בטעם לימונדה ורודה 1.5 ל' תפוזינה,"יפאורה תבורי בע""מ",IL,תפוזינה,ליטרים,1.50,ליטר,false,,8.30,5.5333,true,1,63927
7290019056423,false,מיץ בטעם תפוח רענן 1.5ל' תפוזינה,"יפאורה תבורי בע""מ",IL,תפוזינה,ליטרים,1.50,ליטר,false,,8.30,5.5333,true,1,63928
7290019056447,false,תפוזינה אשכוליות לייט 1.5 ליטר פיקדון,"יפאורה תבורי בע""מ",IL,תפוזינה,ליטרים,1.50,ליטר,false,,7.80,5.2000,true,1,63930
7290019056478,false,ספרינג טי קר אפרסק 1.5ליטר פיקדון,"יפאורה תבורי בע""מ",IL,ספרינג תה,ליטרים,1.50,ליטר,false,,7.50,5.0000,true,1,63931
7290019056485,false,ספריג תה ירוק לימון לואיזה 1.5 ליטר פיקדון,"יפאורה תבורי בע""מ",IL,ספרינג תה,ליטרים,1.50,ליטר,false,,7.50,5.0000,true,1,63932
7290019056492,false,ספרינג תה מנגו אפרסק 1.5 ליטר פיקדון,ספרינג טי Spring Tea,IL,ספרינג תה,ליטרים,1.50,ליטר,false,,7.50,5.0000,true,1,63933
7290019056508,false,פרוט ווטר ענבים 1.5 ליטר פיקדון,"יפאורה תבורי בע""מ",IL,פרוט ווטר,ליטרים,1.50,ליטר,false,,8.30,5.5333,true,1,63934
7290019056515,false,פרוט ווטר אננס 1.5 ליטר פיקדון,"יפאורה תבורי בע""מ",IL,פרוט ווטר,ליטרים,1.50,ליטר,false,,8.30,5.5333,true,1,63935
7290019056522,false,פרוט ווטר תות 1.5 ליטר פיקדון,"יפאורה תבורי בע""מ",IL,פרוט ווטר,ליטרים,1.50,ליטר,false,,8.30,5.5333,true,1,63936
7290019056539,false,פרוט ווטר אפרסק 1.5 ליטר פיקדון,"יפאורה תבורי בע""מ",IL,פרוט ווטר,ליטרים,1.50,ליטר,false,,8.30,5.5333,true,1,63937
7290019056546,false,פרוט ווטר אבטיח 1.5 ליטר פיקדון,"יפאורה תבורי בע""מ",IL,פרוט ווטר,ליטרים,1.50,ליטר,false,,8.30,5.5333,true,1,63938
7290019056553,false,עין גדי מים מינרלים 2 ליטר*6 יח',עין גדי מים מינרליים,IL,עין גדי,ליטרים,12.00,ליטר,false,,12.70,1.0583,true,1,63979
7290019056577,false,ספרינג מנגו 1.5 ליטר פיקדון,"יפאורה תבורי בע""מ",IL,ספרינג,ליטרים,1.50,ליטר,false,,8.30,5.5333,true,1,63910
7290019056591,false,ספרינג ענבים 1.5 ליטר פיקדון,"יפאורה תבורי בע""מ",IL,ספרינג,ליטרים,1.50,ליטר,false,,8.30,5.5333,true,1,63912
7290019056607,false,ספרינג תפוחים 1.5 ליטר פיקדון,"יפאורה תבורי בע""מ",IL,ספרינג,ליטרים,1.50,ליטר,false,,8.30,5.5333,true,1,63913
7290019056614,false,ספרינג אפרסק 1.5 ליטר פיקדון,"יפאורה תבורי בע""מ",IL,ספרינג,ליטרים,1.50,ליטר,false,,8.30,5.5333,true,1,63914
7290019056621,false,ספרינג פירות טרופיים 1.5 ליטר פיקדון,"יפאורה תבורי בע""מ",IL,ספרינג,ליטרים,1.50,ליטר,false,,8.30,5.5333,true,1,63915
7290019056638,false,ספרינג תות בננה 1.5 ליטר פיקדון,"יפאורה תבורי בע""מ",IL,ספרינג,ליטרים,1.50,ליטר,false,,8.30,5.5333,true,1,63916
7290019056645,false,ספרחנג אגס תפוח סברס 1.5 ליטר פיקדון,"יפאורה תבורי בע""מ",IL,ספרינג,ליטרים,1.50,ליטר,false,,8.30,5.5333,true,1,63917
7290019056652,false,ספרינג אננס בננה 1.5 ליטר פיקדון,"יפאורה תבורי בע""מ",IL,ספרינג,ליטרים,1.50,ליטר,false,,8.30,5.5333,true,1,63918
7290019056669,false,ספרינג תפוחים גיאט 1.5 ליטר פיקדון,"יפאורה תבורי בע""מ",IL,ספרינג,ליטרים,1.50,ליטר,false,,7.80,5.2000,true,1,63919
7290019056676,false,מיץ דיאט בטעם אשכוליות ואננס 1.5ל' ספרינג,"יפאורה תבורי בע""מ",IL,ספרינג,ליטרים,1.50,ליטר,false,,7.80,5.2000,true,1,63920
7290019056720,false,קריסטל מיץ ענבים 2 ליטר פיקדון,יפאורה תבורי,IL,קריסטל,ליטרים,2.00,ליטר,false,,6.90,3.4500,true,1,63965
7290019056751,false,קריסטל מיץ אשכוליות דיאט 2 ליטר פיקדון,יפאורה תבורי,IL,קריסטל,ליטרים,2.00,ליטר,false,,6.90,3.4500,true,1,63968
7290019056768,false,קריסטל מיץ מנגו 2 ליטר פיקדון,יפאורה תבורי,IL,קריסטל,ליטרים,2.00,ליטר,false,,6.90,3.4500,true,1,63969
7290019056782,false,משקה מוגז בטעם לימון ליים 2 ל' קריסטל,יפאורה תבורי,IL,קריסטל,ליטרים,2.00,ליטר,false,,6.90,3.4500,true,1,63970
7290019056812,false,קריסטל מוגז מנטה 2 ליטר פיקדון,יפאורה תבורי,IL,קריסטל,ליטרים,2.00,ליטר,false,,6.90,3.4500,true,1,63972
7290019056836,false,קריסטל מוגז תות 2 ליטר פיקדון,יפאורה תבורי,IL,קריסטל,ליטרים,2.00,ליטר,false,,6.90,3.4500,true,1,63973
7290019056973,false,שישיית מי עדן 1.5 ליטר משפחתי,מופק ממקור בזלתי עדן,IL,מי עדן,ליטרים,9.00,ליטר,false,,12.70,1.4111,true,1,63980
7290019074366,false,אפקטיב קר ת. רחצה מועשר בשמן ארגן 450 מ,,IL,תחליב רחצה מועשר בשמ,מיליליטרים,450.00,"100 מ""ל",false,,14.90,0.0331,true,1,67478
7290019074953,false,אפקטיב קר ת. רחצה מועשר בשמן אלוור 450 מ,,IL,תחליב רחצה מועשר בתמ,מיליליטרים,450.00,"100 מ""ל",false,,14.90,0.0331,true,1,67480
7290019075295,false,"ד""ר פישר - אפקטיב קר תחליב רחצה עדין לידיים מועשר בש""ש 350 מ""ל",דר פישר,IL,*מבצע* אל סבון לידיי,מיליליטרים,350.00,"100 מ""ל",false,,7.90,0.0226,true,1,70792
7290019075400,false,"אפקטיב קר תחליב רחצה שיבולת שועל 700 מ""ל",פישר מעבדות פרמצבטיו,IL,*מבצע* תחליב רחצה מו,מיליליטרים,700.00,"100 מ""ל",false,,12.90,0.0184,true,1,69088
7290019075493,false,"תחליב רחצה לידיים מועשר תה ירוק יסמין 350 מ""ל אפקטיב קר",דר פישר,IL,*מבצע* אל סבון לידיי,מיליליטרים,350.00,"100 מ""ל",false,,7.90,0.0226,true,1,70793
7290019075608,false,אפקטיב קר ת. רחצה מועשר בתה ירוק 700 מ,פישר מעבדות פרמצבטיו,IL,*מבצע* תחליב רחצה מו,מיליליטרים,700.00,"100 מ""ל",false,,12.90,0.0184,true,1,69089
7290019075691,false,"ד""ר פישר - אפקטיב קר תחליב רחצה עדין לידיים מועשר בלבנדר 350 מ""ל",דר פישר,IL,*מבצע* אל סבון לידיי,מיליליטרים,350.00,"100 מ""ל",false,,7.90,0.0226,true,1,70794
7290019075899,false,קמיל בלו אקסטרה סופט אל סבון לתינוק ל',,,קמיל בלו אקסטרה סופט,ליטרים,1.00,ליטר,false,,32.90,32.9000,true,1,69576
7290019105077,false,מארז מטליות לחות יוח,טרופיקל,,מארז מטליות לחות יוח,יח',3.00,יח',false,,14.90,4.9667,true,1,65033
7290019105084,false,אל סבון יוחננוף מרענ,טרופיקל,,אל סבון יוחננוף מרענ,ליטרים,1.50,ליטר,false,,10.90,7.2667,true,1,64843
7290019105145,false,מארז מטליות לחות יוח,טרופיקל,IL,מארז מטליות לחות יוח,יח',3.00,יח',false,,14.90,4.9667,true,1,70144
7290019105282,false,אל סבון יוחננוף מרענ,טרופיקל,,אל סבון יוחננוף מרענ,ליטרים,1.50,ליטר,false,,10.90,7.2667,true,1,64844
7290019105473,false,אל סבון יוחננוף מרענ,טרופיקל,,אל סבון יוחננוף מרענ,ליטרים,1.50,ליטר,false,,10.90,7.2667,true,1,64845
7290019105671,false,אל סבון יוחננוף מרענ,טרופיקל,,אל סבון יוחננוף מרענ,ליטרים,1.50,ליטר,false,,10.90,7.2667,true,1,64846
7290019105824,false,מטליות לניקוי רצפה י,,,מטליות לניקוי רצפה י,יח',10.00,יח',false,,7.90,0.7900,true,1,64679
7290019105862,false,מגבונים לחים מארז חמ,טרופיקל,,מגבונים לחים מארז חמ,יח',5.00,יח',false,,10.90,2.1800,true,1,64840
7290019105879,false,אל סבון יוחננוף מרענ,טרופיקל,,אל סבון יוחננוף מרענ,ליטרים,1.50,ליטר,false,,10.90,7.2667,true,1,64847
7290019153078,false,"שוופס ביטר למון לייט, 1.5 ליטר פקדון",יפאורה תבורי,IL,שוופס,ליטרים,1.50,ליטר,false,,11.50,7.6667,true,1,64745
7290019153085,false,שוופס מוגז ליים מוחיטו ללא סוכר 1.5 ליטר-,יפאורה תבורי,IL,שוופס,ליטרים,1.50,ליטר,false,,8.30,5.5333,true,1,64746
7290019153269,false,שוופס סודה אננס 1.5 ליטר רביעייה פיקדון,יפאורה תבורי,IL,שוופס,ליטרים,6.00,ליטר,false,,11.50,1.9167,true,1,66068
7290019153313,false,"משקהתפוח חמוציות אוכמניות 350 מ""ל פרות & ווג",יפאורה תבורי בעמ,IL,פרוט & וג' תפוח חמוצ,מיליליטרים,350.00,"100 מ""ל",false,,7.50,0.0214,true,1,66689
7290019153344,false,מיץ בטעם סנגרייה 1.5 ל' תפוזינה,"יפאורה תבורי בע""מ",IL,תפוזינה,ליטרים,1.50,ליטר,false,,8.30,5.5333,true,1,66451
7290019153351,false,מיץ בטעם פינק אוזו 1.5 ל' תפוזינה,"יפאורה תבורי בע""מ",IL,תפוזינה,ליטרים,1.50,ליטר,false,,8.30,5.5333,true,1,66452
7290019153375,false,מיץ בטעם מוחיטו 1.5 ל' תפוזינה,"יפאורה תבורי בע""מ",IL,תפוזינה,ליטרים,1.50,ליטר,false,,8.30,5.5333,true,1,66454
7290019153535,false,"רביעייה שוופס מוגז פירות למונייד ללא סוכר 330 ש""ח",יפאורה תבורי,IL,שוופס מוגז פירות לימ,מיליליטרים,1320.00,"100 מ""ל",false,,11.90,0.0090,true,1,68550
7290019167020,false,עוגת גבינה עם פירות יער לייט 80 ג' קינוחי עדן,עדן קינוחים Eden,IL,עוגת גבינה עם פירות,גרמים,82.00,100 גרם,false,,5.90,0.0720,true,1,70410
7290019167037,false,קינוח עדן תותים בקצפת 82 גרם,עדן קינוחים Eden,IL,תותים בקצפת,גרמים,82.00,100 גרם,false,,5.90,0.0720,true,1,70409
7290019167044,false,קצפת עם קרם בייגלה מתוק מלוח 82 ג' עדן,עדן קינוחים Eden,IL,קצפת עם קרם בייגלה מ,גרמים,82.00,100 גרם,false,,5.90,0.0720,true,1,70411
7290019204008,false,עוף טוב פסטרמה ארבעה פלפלים 350גרם,עיצובים 2020 (4.9),IL,עוף טוב,גרמים,350.00,100 גרם,false,,24.90,0.0711,true,1,67624
7290019204206,false,עוף טוב פסטרמה בסגנון רומני 320 גר',עיצובים 2020 (4.9),IL,עוף טוב,גרמים,320.00,100 גרם,false,,24.90,0.0778,true,1,67626
7290019204305,false,חזה הודו פסטרמה ברביקיו 350 גר',עיצובים 2020 (4.9),IL,עוף טוב,גרמים,350.00,100 גרם,false,,24.90,0.0711,true,1,67797
7290019229001,false,נוזל רצפה יוחננוף בנ,"גליל כימיכלים בע""מ",IL,נוזל רצפה יוחננוף בנ,ליטרים,2.00,ליטר,false,,9.90,4.9500,true,1,65336
7290019229025,false,נוזל לניקוי פרקט יוח,"גליל כימיכלים בע""מ",IL,נוזל לניקוי פרקט יוח,ליטרים,2.00,ליטר,false,,12.90,6.4500,true,1,65337
7290019229032,false,ג'ל OXY מסיר,"גליל כימיכלים בע""מ",IL,*מבצע* ג'ל OXY מסיר,ליטרים,3.00,ליטר,false,,19.90,6.6333,true,1,65339
7290019229049,false,ג'ל כביסה לתינוק יוח,"גליל כימיכלים בע""מ",IL,ג'ל כביסה לתינוק יוח,ליטרים,3.00,ליטר,false,,22.90,7.6333,true,1,69514
7290019229346,false,נוזל כלים יוחננוף לי,"גליל כימיכלים בע""מ",IL,נוזל כלים יוחננוף לי,ליטרים,1.00,ליטר,false,,7.90,7.9000,true,1,66500
7290019229353,false,מרכך כביסה מרוכז לתי,"גליל כימיכלים בע""מ",IL,מרכך כביסה מרוכז לתי,ליטרים,1.00,ליטר,false,,8.90,8.9000,true,1,69516
7290019229360,false,נוזל כלים לבנדר יוחנ,"גליל כימיכלים בע""מ",IL,נוזל כלים לבנדר יוחנ,ליטרים,1.00,ליטר,false,,7.90,7.9000,true,1,66501
7290019229377,false,נוזל כלים תפוח יוחננ,"גליל כימיכלים בע""מ",IL,נוזל כלים תפוח יוחננ,ליטרים,1.00,ליטר,false,,7.90,7.9000,true,1,66502
7290019229407,false,מטליות לחות יוחננוף,"גליל כימיכלים בע""מ",IL,מטליות לחות יוחננוף,יח',400.00,יח',false,,17.90,0.0447,true,1,69255
7290019232094,false,חליטת פירות וצמחים בטעם אפרסק 25 שקיקים ויסוצקי,ויסוצקי,IL,ויסוצקי,יח',25.00,יח',false,,16.90,0.6760,true,1,65424
7290019232155,false,"חליטת ""לילה טוב"" קמומיל לבנדר ו25 שקיקים ויסוצקי",ויסוצקי,IL,*מבצע* חליטת לילה טו,יח',25.00,יח',false,,19.90,0.7960,true,1,70172
7290019232186,false,תה ירוק לימונית לואיזהSTAY WELL 25 שקיקים ויסוצקי,ויסוצקי,IL,סטיי וול תה ירוק לימ,יח',25.00,יח',false,,24.90,0.9960,true,1,70170
7290019232353,false,תה ירוק סיני 50 שקיקים ויסוצקי,ויסוצקי,IL,ויסוצקי,גרמים,75.00,100 גרם,false,,39.90,0.5320,true,1,68373
7290019232803,false,הולגריין ביסקוויט+קרם חלב ושוקולד חלב 300 גרם רבנות,"אולקר ביסקווי סנאי,",TR,הולגריין ביסקוויט עם,גרמים,300.00,100 גרם,false,,10.90,0.0363,true,1,65434
7290019232834,false,בייגלה מצופה קרם עוגיות ושוקולד 140 גרם פליפז - רבנות,אולקר מקבוצת פלאדיס,TR,פליפז,גרמים,140.00,100 גרם,false,,8.90,0.0636,true,1,65427
7290019233008,false,רוטב עגבניות עם קוביות ארטישוק ושמן זית 420ג ויסוצקי,דליציה דורה אס.אר.אל,IT,*מבצע* רוטב עגבניות,גרמים,420.00,100 גרם,false,,11.90,0.0283,true,1,65428
7290019233015,false,רוטב שקשוקה תבשיל ירקות עם שמן זית כתית מעולה 420ג זיתא,זיתא,IT,*מבצע* תבשיל ירקות ע,גרמים,420.00,100 גרם,false,,11.90,0.0283,true,1,65429
7290019233022,false,שקשוקה חצילים רוטב עגבניות עם קוביות חצילים צלויים,דליציה דורה אס.אר.אל,IT,*מבצע* רוטב עגבניות,גרמים,420.00,100 גרם,false,,11.90,0.0283,true,1,65430
7290019233039,false,שקשוקה קלאסית- רוטב עגבניות עם קוביות פלפלים צלויים,דליציה דורה אס.אר.אל,IT,*מבצע* רוטב עגבניות,גרמים,420.00,100 גרם,false,,11.90,0.0283,true,1,65431
7290019297161,false,טורטיות ראפ מקמח תירס 540 ג' 12 יח',מוטלוקל,TR,טורטיה מקמח תירס 540,גרמים,540.00,100 גרם,false,,9.90,0.0183,true,1,29912
7290019297383,false,מעדן משמש ללא סוכר שקדיה 284 ג',לינוי סיטי,CN,שקדיה,גרמים,284.00,100 גרם,false,,7.90,0.0278,true,1,24355
7290019297413,false,מעדן אפרסק ללא סוכר שקדיה 284 ג',לינוי סיטי,CN,שקדיה,גרמים,284.00,100 גרם,false,,7.90,0.0278,true,1,24358
7290019297420,false,מעדן תות שדה 100% רכיבי פרי 284 גר' ללא תוספת סוכר,לינוי סיטי,CN,שקדיה,גרמים,284.00,100 גרם,false,,7.90,0.0278,true,1,24359
7290019302315,false,"ייו buzz אבטיח מלון 750 מ""ל",יקבי כרמל,IL,סלקטד,מיליליטרים,750.00,"100 מ""ל",false,,27.90,0.0372,true,1,66458
7290019308003,false,גרגירי חומוס 800 גרם,,,גרגירי חומוס 800 גרם,גרמים,800.00,100 גרם,false,,8.90,0.0111,true,1,64681
7290022005074,false,רוטב עגבניות שרי קלאסי 400 גרם,גוסטיבוס,IT,רוטב עגבניות שרי קלא,גרמים,400.00,100 גרם,false,,14.90,0.0373,true,1,70845
7290022005098,false,רוטב עגבניות שרי לשקשוקה 400 גרם,גוסטיבוס,IT,רוטב עגבניות שרי לשק,גרמים,400.00,100 גרם,false,,14.90,0.0373,true,1,70846
7290022005562,false,קריספ פירורי לחם שום 300 גרם,א.ל ייצור ושיווק תבל,IL,קריספ פירורי לחם שום,גרמים,300.00,100 גרם,false,,7.80,0.0260,true,1,66204
7290032147230,false,מיץ לימון משומר,סידג,CH,מיץ לימון משומר,מיליליטרים,200.00,"100 מ""ל",false,,6.90,0.0345,true,1,36627
7290055090801,false,שוקולד לבן ללא סוכר 85 גר',כרמית תעשיות ממתקים,IL,אגו,גרמים,85.00,100 גרם,false,,4.90,0.0576,true,1,11458
7290100411254,false,בי-לאב מחית תפוח ובננה ללא סוכר 190ג,בילובד Beloved,SK,BELOVED,גרמים,190.00,100 גרם,false,,5.90,0.0311,true,1,16442
7290100412343,false,קוויק מגבונים לניקוי כללי בניחוח לימון 50 יח',DPL,IL,קוויק,יח',50.00,יח',false,,8.90,0.1780,true,1,16453
7290100412442,false,קוויק מגבונים לניקוי שירותים ואמבטיה מנטה 50יח',DPL,IL,קוויק,יח',50.00,יח',false,,8.90,0.1780,true,1,16456
7290100412459,false,מטליות לחות לניקוי וחיטוי אמבטיה ושירותים לבנדר,DPL,IL,קוויק,יח',50.00,יח',false,,8.90,0.1780,true,1,16457
7290100412800,false,"תחליב רחצה לעור יבש וילד פלאור דר עור 700 מ""ל","אמיליה קוסמטיקס בע""מ",IL,"ד""ר עור",מיליליטרים,700.00,"100 מ""ל",false,,14.90,0.0213,true,1,28666
7290100412831,false,תחליב רחצה אנטי אייג'ינג בניחוח וניל טרופי,"אמיליה קוסמטיקס בע""מ",IL,"ד""ר עור",מיליליטרים,700.00,"100 מ""ל",false,,14.90,0.0213,true,1,28668
7290100653586,false,"דאו' ליידי ספיד סטיק 24/7 ג'ל ורוד 50מ""ל",ליידי ספיד סטיק Lady Speed Stick,US,ליידי ספיד סטיק,גרמים,65.00,100 גרם,false,,24.90,0.3831,true,1,19421
7290100680650,false,מנה חמה נודלס-אטריות ירקות טעם תאילנדי אסם 76 ג',THAI PRESIDENT FOODS,TH,מנה חמה,גרמים,76.00,100 גרם,false,,4.90,0.0645,true,1,4794
7290100680667,false,מנה חמה נודלס-אטריות+ירקות טעם סצ'ואן,THAI PRESIDENT FOODS,TH,מנה חמה,גרמים,76.00,100 גרם,false,,4.90,0.0645,true,1,4795
7290100681015,false,פודינג אינסטנט בטעם ריבת חלב 80 גר,מיוצר עי קונדיטוריית,IL,אסם,גרמים,84.00,100 גרם,false,,5.50,0.0655,true,1,4799
7290100683880,false,תבשילים משפחתיים פירה 260 גרם,"אסם השקעות בע""מ",IL,אסם,גרמים,260.00,100 גרם,false,,13.90,0.0535,true,1,4811
7290100685136,false,"מרק טעם עוף 1 ק""ג בשקית","אסם השקעות בע""מ",IL,אסם,קילוגרמים,1.00,"ק""ג",false,,14.90,14.9000,true,1,4817
7290100685341,false,מרק תיבול טעם עוף זך רכיבים טיבעיים 400,"אסם השקעות בע""מ",IL,אסם,גרמים,400.00,100 גרם,false,,14.90,0.0373,true,1,4819
7290100686164,false,מארז מולטיפק ביסלי ברביקיו 6 יח 35 גר יח,מיוצר עי קונדיטוריית,IL,ביסלי,גרמים,210.00,100 גרם,false,,12.90,0.0614,true,1,4824
7290100686171,false,מארז מולטיפק ביסלי גריל 6 יח 35 גר ליח,אסם תעשיות,IL,ביסלי,גרמים,210.00,100 גרם,false,,12.90,0.0614,true,1,4825
7290100687109,false,במבה במילוי קרם נוגט 60ג' אסם,"אסם השקעות בע""מ",IL,במבה,גרמים,60.00,100 גרם,false,,4.90,0.0817,true,1,4828
7290100688618,false,גביעי גלידה ממותקים בטעם שוקו 24 יח',"גילרו בע""מ",IL,אסם,גרמים,85.00,100 גרם,false,,15.90,0.1871,true,1,4832
7290100689301,false,אבקת מרק עוף זך עדיף אסם 400 גר',"אסם השקעות בע""מ",IL,אסם,גרמים,400.00,100 גרם,false,,13.90,0.0348,true,1,4834
7290100700006,false,"סוגת חיטה 1 ק""ג","סוגת תעשיות בע""מ",IL,סוגת,קילוגרמים,1.00,"ק""ג",false,,8.90,8.9000,true,1,47
7290100700020,false,סוגת גריסי פנינה 500גרם,האי נאם סי או אל.טי.,IL,סוגת,גרמים,500.00,100 גרם,false,,4.90,0.0098,true,1,48
7290100700075,false,פירורי לחם מוזהבים 200 ג' סוגת,"סוגת תעשיות בע""מ",IL,סוגת,גרמים,200.00,100 גרם,false,,3.90,0.0195,true,1,50
7290100700242,false,"אורז מלא עגול סוגת 1 ק""ג","סוגת תעשיות בע""מ",IL,סוגת,קילוגרמים,1.00,"ק""ג",false,,12.90,12.9000,true,1,51
7290100700273,false,קינואה סוגת 500 גרם,האי נאם סי או אל.טי.,IL,סוגת,גרמים,500.00,100 גרם,false,,16.90,0.0338,true,1,53
7290100700310,false,"סוגת כוסמת סוגת 1ק""ג","סוגת תעשיות בע""מ",IL,סוגת,קילוגרמים,1.00,"ק""ג",false,,13.90,13.9000,true,1,55
7290100700327,false,"גריסי פנינה סוגת 1 ק""ג","סוגת תעשיות בע""מ",IL,סוגת,קילוגרמים,1.00,"ק""ג",false,,7.90,7.9000,true,1,56
7290100700334,false,קינואה לבנה סוגת 1,"סוגת תעשיות בע""מ",IL,סוגת,גרמים,500.00,100 גרם,false,,19.90,0.0398,true,1,57
7290100700372,false,"סוגת אורז בסמטי מלא 1 ק""ג",האי נאם סי או אל.טי.,IL,סוגת,קילוגרמים,1.00,"ק""ג",false,,12.90,12.9000,true,1,58
7290100700389,false,"סוגת אורז אדום 1 ק""ג",סוגת תעשיות בעמ,IL,סוגת,קילוגרמים,1.00,"ק""ג",false,,9.90,9.9000,true,1,59
7290100700396,false,"סוגת אורז יסמין קלאסי 1 ק""ג",האי נאם סי או אל.טי.,IL,סוגת,קילוגרמים,1.00,"ק""ג",false,,11.90,11.9000,true,1,60
7290100700419,false,"סוגת בורגול 1 ק""ג","סוגת תעשיות בע""מ",IL,סוגת,קילוגרמים,1.00,"ק""ג",false,,7.50,7.5000,true,1,61
7290100700563,false,"סוגת אורז מיקס 1 ק""ג",סוגת תעשיות בעמ,IL,סוגת,קילוגרמים,1.00,"ק""ג",false,,9.90,9.9000,true,1,62
7290100700587,false,"בורגול ""סוגת"" 500 גרם",האי נאם סי או אל.טי.,IL,סוגת,גרמים,500.00,100 גרם,false,,4.90,0.0098,true,1,63
7290100701140,false,אורז ריזוטו ארבוריו 1 קג,"סוגת תעשיות בע""מ",IL,סוגת,קילוגרמים,1.00,"ק""ג",false,,13.90,13.9000,true,1,65
7290100701157,false,"אורז לסושי סוגת 1 ק""ג",סוגת תעשיות בעמ,IL,סוגת,קילוגרמים,1.00,"ק""ג",false,,11.90,11.9000,true,1,66
7290100701331,false,קמח רב תכליתי שטיבל קמח חיטה לבן בהיר,"שטיבל בע""מ - טחנות ק",IL,סוגת,קילוגרמים,1.00,"ק""ג",false,,6.90,6.9000,true,1,69
7290100701348,false,"קמח שיפון מלא 1 ק""ג סוגת",טחנות קמח שטיבל באר,IL,סוגת,קילוגרמים,1.00,"ק""ג",false,,6.90,6.9000,true,1,70
7290100701454,false,סוגת גרישה 500 גרם,"סוגת תעשיות בע""מ",IL,סוגת,גרמים,500.00,100 גרם,false,,4.90,0.0098,true,1,76
7290100701577,false,קמח לחם קמח חיטה לבן שטיבל,שטיבל טחנות קמח,IL,סוגת,קילוגרמים,1.00,"ק""ג",false,,6.90,6.9000,true,1,77
7290100701881,false,קמח פיצה ופוקצ'ה- קמח חיטה לבן בהיר שטיבל,"שטיבל בע""מ - טחנת קמ",IL,סוגת,קילוגרמים,1.00,"ק""ג",false,,6.90,6.9000,true,1,82
7290100702383,false,"קמח תופח סוגת 1 ק""ג",שטיבל טחנות קמח,IL,סוגת,קילוגרמים,1.00,"ק""ג",false,,6.90,6.9000,true,1,92
7290100702611,false,פתיתים אפויים אורז 500 גרם סוגת,"אסיף תעשיות מזון בע""",IL,סוגת,גרמים,500.00,100 גרם,false,,5.90,0.0118,true,1,103
7290100702628,false,פתיתים אפויים קוסקוס 500 גרם סוגת,"אסיף תעשיות מזון בע""",IL,סוגת,גרמים,500.00,100 גרם,false,,5.90,0.0118,true,1,104
7290100702635,false,פתיתים אפויים כוכבים סוגת 500 ג',"אסיף תעשיות מזון בע""",IL,סוגת,גרמים,500.00,100 גרם,false,,5.90,0.0118,true,1,105
7290100702642,false,פתיתים אפויים טבעת 500 ג' סוגת,"אסיף תעשיות מזון בע""",IL,סוגת,גרמים,500.00,100 גרם,false,,5.90,0.0118,true,1,106
7290100702659,false,פתיתים אפויים מקמח מלא סוגת 400ג',,,פתיתים מקמח מלא 400ג,גרמים,400.00,100 גרם,false,,5.90,0.0148,true,1,107
7290100702666,false,פתיתים אפויים עם בצל 400 גר גרם סוגת,,,פתיתים עם בצל 400ג,גרמים,400.00,100 גרם,false,,5.90,0.0148,true,1,108
7290100702673,false,פתיתים אפויים 3 צבעים 400 גר גרם סוגת,,,פתיתים 3 צבעים 400ג,גרמים,400.00,100 גרם,false,,5.90,0.0148,true,1,109
7290100703434,false,בורגול חום סוגת 500 ג',"סוגת תעשיות בע""מ",IL,סוגת,גרמים,500.00,100 גרם,false,,4.90,0.0098,true,1,150
7290100703458,false,כוסמת לא קלוי 500 ג' סוגת,"שטיבל בע""מ",IL,סוגת,גרמים,500.00,100 גרם,false,,7.90,0.0158,true,1,151
7290100703533,false,קמח קסם תערובת קמח עם שמרים,"שטיבל בע""מ",IL,שטיבל,קילוגרמים,1.00,"ק""ג",false,,7.90,7.9000,true,1,152
7290100703847,false,קוביות סוכר לבן סוגת 500 גרם,טרופיקל,,קוביות סוכר לבן 500,גרמים,500.00,100 גרם,false,,9.90,0.0198,true,1,29424
7290100703861,false,"תערובת קמח קסם לחלה סוגת 1 ק""ג","שטיבל בע""מ",IL,שטיבל,קילוגרמים,1.00,"ק""ג",false,,7.90,7.9000,true,1,27930
7290100703908,false,"סוכר דמררה סוגת 1 ק""ג",סוגת תעשיות בעמ,IL,סוגת,קילוגרמים,1.00,"ק""ג",false,,8.90,8.9000,true,1,27770
7290100704493,false,"קמח שמרים פיצה ללא ניפוי סוגת 1 ק""ג","שטיבל בע""מ - טחנת קמ",IL,שטיבל,קילוגרמים,1.00,"ק""ג",false,,7.90,7.9000,true,1,60179
7290100704530,false,סוגת קמח כוסמין לבן ללא צורך בניפוי 1 קג,טחנות קמח שטיבל באר,IL,קמח כוסמין לבן ללא צ,קילוגרמים,1.00,"ק""ג",false,,14.90,14.9000,true,1,61966
7290100704615,false,סוכר לבן דק דק בצנצנת 500 גרם,סוגת,IL,סוכר לבן דמררה דק דק,גרמים,500.00,100 גרם,false,,7.90,0.0158,true,1,63320
7290100704622,false,סוכר דמררה דק דק בצנצנת 500 גרם,סוגת,IL,סוכר דמררה דק דק בצנ,גרמים,500.00,100 גרם,false,,7.90,0.0158,true,1,63321
7290100704684,false,"קמח שמרים כוסמין סוגת רב תכליתי 1 ק""ג סוגת",סוגת,IL,קמח שמרים כוסמין רב,קילוגרמים,1.00,"ק""ג",false,,19.90,19.9000,true,1,65685
7290100850909,false,דוריטוס נאצו מקסיקני 70 גרם,שטראוס פריטו ליי (מל,IL,עלית,גרמים,70.00,100 גרם,false,,3.20,0.0457,true,1,14738
7290100850916,false,דוריטוס חמוץ חריף 70 גרם,"שטראוס פריטו ליי בע""",IL,עלית,גרמים,70.00,100 גרם,false,,3.20,0.0457,true,1,14739
7290100850923,false,דוריטוס גריל 70 גרם,שטראוס פריטו ליי (מל,IL,עלית,גרמים,70.00,100 גרם,false,,3.20,0.0457,true,1,14740
7290100850930,false,דוריטוס טבעי 70 גרם,שטראוס פריטו ליי (מל,IL,עלית,גרמים,70.00,100 גרם,false,,3.20,0.0457,true,1,14741
7290100851968,false,קפה נמס עלית זוג * 200 ג',שטראוס גרופ,IL,עלית,גרמים,400.00,100 גרם,false,,37.90,0.0947,true,1,14207
7290100858592,false,אבקת קקאו עלית שקית 150 ג',הנסיך- מפעל לייצור ט,IL,עלית,גרמים,150.00,100 גרם,false,,9.90,0.0660,true,1,14219
7290100858608,false,אבקת קקאו עלית שקית 500 ג',שטראוס גרופ,IL,עלית,גרמים,500.00,100 גרם,false,,23.90,0.0478,true,1,14220
7290100921623,false,מנקה אסלה סוד 4 כדוריות נתלה אקונומיקה נתלה 50 ג',"הנקל סוד בע""מ",HU,הנקל סוד,מיליליטרים,50.00,"100 מ""ל",false,,7.90,0.1580,true,1,22018
7290100922651,false,הוואי - סבון מוצק מי קוקוס 100 גרם רביעייה,טרופיקל דגיל קוסמטיק,IL,הוואי,מיליליטרים,400.00,"100 מ""ל",false,,12.90,0.0323,true,1,5511
7290100924457,false,כדוריות סבון נתלה לאסלה לימון רענן - 3 יח',הנקל סוד,HU,הנקל סוד,גרמים,150.00,100 גרם,false,,16.90,0.1127,true,1,22033
7290100924464,false,כדוריות סבון נתלה לאסלה עם אקונומיקה - 3 יח',הנקל סוד,HU,הנקל סוד,גרמים,150.00,100 גרם,false,,16.90,0.1127,true,1,22034
7290100925669,false,קולור קאצ'ר - דפים למכונת כביסה 10 יח',הנקל סוד,IE,דפים למכונת כביסה 10,יח',10.00,יח',false,,12.90,1.2900,true,1,22082
7290101112228,false,גלידל פרי קרחון מופחת קלוריות בטעם אננס - 8 יח',הגלידות של פלדמן,IL,הגלידות של פלדמן,גרמים,640.00,100 גרם,false,,24.90,0.0389,true,1,11801
7290101112921,false,גלידל פרי קרחון מופחת קלוריות פירות טרופיים - 8 יח',הגלידות של פלדמן,IL,הגלידות של פלדמן,יח',8.00,יח',false,,24.90,3.1125,true,1,31868
7290101113157,false,מאגדת גלידל חלבי וניל עוגיות 6 יח 312 גר,הגלידות של פלדמן,IL,שישייה גלידל וניל עו,קרטון,6.00,קרטון,false,,23.90,3.9833,true,1,66873
7290101113591,false,טילוני יולו גלידת שוקולד לבן עם שברי עוגיות,הגלידות של פלדמן,IL,מאגדת טילונים שוקולד,יח',5.00,יח',false,,21.90,4.3800,true,1,62205
7290101113751,false,מאגדת שלגון קרמל ושוקולד בלונדי רביעיה * 50 ג' יולו,הגלידות של פלדמן,IL,מאגדת רביעיה שלגוני,100 1,4.00,100 1,false,,18.90,4.7250,true,1,66942
7290101113768,false,מאגדת שלגון עוגיות ושוקולד חלב רביעיה * 50 ג' יולו,הגלידות של פלדמן,IL,מאגדת רביעית שלגוני,100 1,4.00,100 1,false,,18.90,4.7250,true,1,66879
7290101113904,false,מארז מנבו וניל 12 יח' פלדמן,הגלידות של פלדמן,IL,מנבו וניל 12 יח',יח',12.00,יח',false,,19.90,1.6583,true,1,70454
7290101486688,false,חטיף פרי אנרגיה דגנים עם שוקולד חמישייה,טבעית מוצרים מן הטבע,IL,פרי,גרמים,90.00,100 גרם,false,,16.90,0.1878,true,1,19429
7290101488316,false,ליידי ספיד סטיק - דאודורנט סטיק לאישה ללא סימן ורוד סטיק 65 גרם,ליידי ספיד סטיק Lady Speed Stick,US,ליידי ספיד סטיק,גרמים,65.00,100 גרם,false,,21.90,0.3369,true,1,19434
7290101501138,false,כרובית ארוזה יחידה,אראל תוצרת חקלאית בע,IL,כרובית ארוזה יחידה,יחידה,0.00,יחידה,false,,9.90,0.0000,true,1,654
7290101501237,false,עגבניות מגי,משתנה,IL,עגבניה,קילוגרמים,1.00,"ק""ג",true,,13.90,13.9000,true,1,61183
7290101551027,false,קפסולות קפה אספרסו חזק במיוחד 14 עלית 10 יח',הנסיך- מפעל לייצור ט,IL,עלית,גרמים,50.00,100 גרם,false,,15.90,0.3180,true,1,50983
7290101551263,false,סילאן טבעי ללא תוספת סוכר,מכוורת יד מרדכי,IL,יד מרדכי,גרמים,700.00,100 גרם,false,,21.90,0.0313,true,1,49219
7290101551300,false,סילאן טבעי ללא תוספת סוכר בקבוק לחיץ,מכוורת יד מרדכי,IL,יד מרדכי,גרמים,380.00,100 גרם,false,,14.90,0.0392,true,1,49222
7290101551539,false,יוגורט PRO בטעם אפרסק 0% 20 גרם חלבון בגביע,דנונה - שטראוס,IL,דנונה פרו,גרמים,200.00,100 גרם,false,,5.90,0.0295,true,1,49457
7290101551584,false,תפוצ'יפס קידס מארז 10 יח' * 20 ג',"שטראוס פריטו ליי בע""",IL,עלית,גרמים,200.00,100 גרם,false,,12.90,0.0645,true,1,49735
7290101551614,false,חטיף צ'יטוס קראנץ בטעם גבינה - מארז 8 יח',שטראוס פריטו ליי (מל,IL,עלית,גרמים,240.00,100 גרם,false,,10.90,0.0454,true,1,49740
7290101551638,false,חטיף צ'יטוס כאפה בטעם קטשופ - מארז 10 יח',"שטראוס פריטו ליי בע""",IL,עלית,גרמים,200.00,100 גרם,false,,12.90,0.0645,true,1,49738
7290101551645,false,מארז ציטוס טעם פיצה איקס עיגול 10* 20 גר,שטראוס פריטו ליי (מל,IL,עלית,גרמים,200.00,100 גרם,false,,12.90,0.0645,true,1,49739
7290101582373,false,יין בנימינה המושבה גראנש 2017,יקבי בינימינה,IL,יינות בנימינה המושבה,מיליליטרים,750.00,"100 מ""ל",false,,29.90,0.0399,true,1,51670
7290101821151,false,דבק מגע,,,דבק מגע,יח',1.00,יח',false,,4.90,4.9000,true,1,26537
7290101823506,false,ספריי שימון משחרר בר,,,ספריי שמן נגד חלודה,יח',1.00,יח',false,,16.90,16.9000,true,1,22708
7290101863410,false,"סיליט ניקוי עוצמתי מכיל אקונומיקה 750 מ""ל",סיליט באנג Cillit Bang,PL,סיליט,מיליליטרים,750.00,"100 מ""ל",false,,12.90,0.0172,true,1,7772
7290101864127,false,"ספריי להסרת כתמים 750 מ""ל וניש קליה",קליה וניש Kalia Vanish,IL,וניש,מיליליטרים,750.00,"100 מ""ל",false,,16.90,0.0225,true,1,7775
7290101865261,false,"פיניש נוזל הברקה 800 מ""ל",רקיט בנקיזר,PL,פיניש,מיליליטרים,800.00,"100 מ""ל",false,,19.90,0.0249,true,1,7778
7290101866633,false,וניש קליה ג'ל מסיר כתמים 3 ליטר,קליה וניש Kalia Vanish,IL,וניש,ליטרים,3.00,ליטר,false,,29.90,9.9667,true,1,7783
7290101866787,false,מסיר כתמים ומלבין לכביסה לבנה 3 ל וניש קליה,קליה וניש Kalia Vanish,IL,וניש,ליטרים,3.00,ליטר,false,,29.90,9.9667,true,1,7785
7290101868460,false,"אבקת כביסה 101 8 ק""ג קולון",רקיט בנקיזר,IL,קולון,קילוגרמים,8.00,"ק""ג",false,,54.90,6.8625,true,1,7796
7290101868958,false,"פיניש נוזל הברקה למדיח בניחוח לימון 500 מ""ל",רקיט בנקיזר,PL,פיניש,מיליליטרים,800.00,"100 מ""ל",false,,19.90,0.0249,true,1,7798
7290101869726,false,ג'ל מרוכז למדיח פיניש all in one max,רקיט בנקיזר,PL,פיניש,ליטרים,1.00,ליטר,false,,42.90,42.9000,true,1,7808
7290101869733,false,גל AIO פיניש לימון 1 ליטר,רקיט בנקיזר,PL,פיניש,ליטרים,1.00,ליטר,false,,42.90,42.9000,true,1,7809
7290101869788,false,אירוויק פרשמטיק ניחוח חלום ליל קיץ,איירוויק Air Wick,GB,איירויק,מיליליטרים,250.00,"100 מ""ל",false,,14.90,0.0596,true,1,7814
7290101869825,false,מילוי למכשיר מבשם אויר חשמלי אואזיס,איירוויק Air Wick,HU,איירויק,מיליליטרים,19.00,"100 מ""ל",false,,14.90,0.7842,true,1,7818
7290101869917,false,מילוי למכשיר ספריי אוטומטי היער הקסום,איירוויק Air Wick,GB,איירויק,מיליליטרים,250.00,"100 מ""ל",false,,14.90,0.0596,true,1,7822
7290101869962,false,אירוויק מקלות ריחניים חלום ליל קיץ,איירוויק Air Wick,HU,אירוויק,מיליליטרים,30.00,"100 מ""ל",false,,14.90,0.4967,true,1,7827
7290102030330,false,תפוציפס קראנצ מקסיקני 200 גרם,"שטראוס פריטו ליי בע""",IL,עלית,גרמים,200.00,100 גרם,false,,9.90,0.0495,true,1,14742
7290102031276,false,מארז 8 יחידות אקטימל משקה יוגורט בטעם תות בננה,מיוצר עי קונדיטוריית,IL,שטראוס,מיליליטרים,864.00,"100 מ""ל",false,,19.80,0.0229,true,1,15844
7290102035151,false,דנונה אקטיביה 1.5%,שטראוס גרופ,IL,שטראוס,גרמים,150.00,100 גרם,false,,3.70,0.0247,true,1,15846
7290102060764,false,מארז זוג מברשות שיניים מרידול,יבואן ומשווק: ש. שסט,CH,מברשת שיניים מרידול זוג,יח',2.00,יח',false,,34.90,17.4500,true,1,19436
7290102060979,false,"מ. שיניים אלמקס 100 מ""ל למניעת עששת",יבואן ומשווק: ש. שסט,PL,אלמקס,מיליליטרים,100.00,"100 מ""ל",false,,17.90,0.1790,true,1,19438
7290102062195,false,"אלמקס משחת שיניים אלמקס גוניור 75 מ""ל",יבואן ומשווק: ש. שסט,PE,אלמקס,מיליליטרים,75.00,"100 מ""ל",false,,15.90,0.2120,true,1,19440
7290102300822,false,גבינה צ'דר אנגלית כתומה 200 ג',דאולי צ'יסמייקרס,GB,שבינגטון,גרמים,200.00,100 גרם,false,,19.90,0.0995,true,1,13610
7290102300860,false,גבינת צ'דר אנגלי לבן 35%,דאוליי צ'יסמייקרס,GB,שבינגטון,גרמים,200.00,100 גרם,false,,19.90,0.0995,true,1,13611
7290102300877,false,גבינת צדר אנגלית מעד,כושר דייארי,GB,שבינגטון,קילוגרמים,1.00,"ק""ג",true,,109.00,109.0000,true,1,13612
7290102302246,false,גבינת גאודה הולנדית 200 גרם,מיוצר עי קונדיטוריית,NL,הנרי ויליך,גרמים,200.00,100 גרם,false,,24.90,0.1245,true,1,13615
7290102302833,false,גבינת גאודה הולנדית 150 גרם,קאסמאקרי הנרי ויליך,NL,הגבינות של נני,יחידה,0.00,יחידה,false,,19.90,0.0000,true,1,56385
7290102302840,false,"גאודה עיזים פרוסה 150 גרם ""נני """,מיוצר עי קונדיטוריית,NL,הגבינות של נני,יחידה,0.00,יחידה,false,,26.90,0.0000,true,1,56386
7290102302864,false,גבינה הולנדית עם פסטו ירוק 34%,הנרי ויליך Henri Willig,NL,הגבינות של נני,גרמים,200.00,100 גרם,false,,35.90,0.1795,true,1,55443
7290102303878,false,אלוויר חמאה נורמנדי 200 גר,אלוויר,FR,אל-ויר,גרמים,200.00,100 גרם,false,,18.90,0.0945,true,1,63797
7290102390427,false,יוגורט ביו עם קציפת תות 3% שומן 150 ג' מולר,מולר Muller,IL,Muller Froop תות 150,גרמים,150.00,100 גרם,false,,4.80,0.0320,true,1,15530
7290102390465,false,יוגורט ביו עם קציפת אפרסק ופסיפלורה 3% שומן 150 ג' מולר,מולר Muller,IL,MULLER,גרמים,150.00,100 גרם,false,,4.80,0.0320,true,1,15531
7290102390489,false,יוגורט ביו עם קציפת לימון 3% שומן 150 ג' מולר,מולר Muller,IL,MULLER,גרמים,150.00,100 גרם,false,,4.80,0.0320,true,1,15532
7290102391301,false,"יוגורט ביו 1.7%טבעי מולר 150מ""ל",טרה,IL,MULLER,מיליליטרים,150.00,"100 מ""ל",false,,2.50,0.0167,true,1,15533
7290102391844,false,יוגורט ביו עם קציפת פירות יער3% שומן 150 ג' מולר,מולר Muller,IL,MULLER,גרמים,150.00,100 גרם,false,,4.80,0.0320,true,1,15535
7290102392094,false,חלב עיזים 4.1% צוריאל 1 ל' קרטון,מילקו תעשיות בעמ,IL,משק צוריאל,ליטרים,1.00,ליטר,false,,14.90,14.9000,true,1,15537
7290102393039,false,מולר מיקס יוגורט קרמי בתוספת פצפוצי שוקולד 170 ג',מולר Muller,IL,MULLER,גרמים,170.00,100 גרם,false,,5.50,0.0324,true,1,15543
7290102393060,false,מיקס יוגורט גליליות וופל קרם אגוזים 170 ג' מולר,מולר Muller,IL,MULLER,גרמים,170.00,100 גרם,false,,5.50,0.0324,true,1,15544
7290102393169,false,סימפלי פרוט יוגורט תות 3% שומן 150 ג' מולר,מולר Muller,IL,MULLER,גרמים,150.00,100 גרם,false,,4.80,0.0320,true,1,15548
7290102393176,false,סימפלי פרוט יוגורט אפרסק 3% שומן 150 ג' מולר,מילקו תעשיות בעמ,IL,MULLER,גרמים,150.00,100 גרם,false,,4.80,0.0320,true,1,15549
7290102393190,false,סימפלי פרוט פירות היער 3% שומן 150 ג' מולר,מילקו תעשיות בעמ,IL,MULLER,גרמים,150.00,100 גרם,false,,4.80,0.0320,true,1,15550
7290102393268,false,**טרה גבינה לבנה אריזת חיסכון 5% 750ג,טרה,IL,טרה,גרמים,750.00,100 גרם,false,,11.90,0.0159,true,1,15551
7290102393299,false,יוגורט עיזים לשתייה 3% שומן 500 ג' צוריאל,מיוצר עי קוד יצרן HG,IL,משק צוריאל,גרמים,500.00,100 גרם,false,,11.90,0.0238,true,1,15552
7290102393848,false,"משק צוריאל יוגורט עיזים תות 3% 140 מ""ל",מחלבת משק צוריאל,IL,משק צוריאל,גרמים,150.00,100 גרם,false,,5.80,0.0387,true,1,15554
7290102393855,false,"משק צוריאל יוגורט עיזים אפרסק 3% 140 מ""ל",מחלבת משק צוריאל,IL,משק צוריאל,גרמים,150.00,100 גרם,false,,5.80,0.0387,true,1,15555
7290102393947,false,סימפלי פרוט יוגורט בטעם קיווי 3% שומן 150 ג' מולר,מילקו תעשיות בעמ,IL,MULLER,גרמים,150.00,100 גרם,false,,4.80,0.0320,true,1,15556
7290102394081,false,מולר מיקס יוגורט קרמי עם קורנפלקס מצופה שוקולד,מילקו תעשייה בעמ,IL,MULLER,גרמים,170.00,100 גרם,false,,5.50,0.0324,true,1,15557
7290102394258,false,עז מה 9% מופחתת שומן צוריאל 180 גר,מחלבת משק צוריאל,IL,משק צוריאל,גרמים,180.00,100 גרם,false,,22.50,0.1250,true,1,15558
7290102394463,false,נעם גבינה צהובה וואקום 28% 500 גרם,טרה,IL,טרה,גרמים,500.00,100 גרם,false,,23.90,0.0478,true,1,15561
7290102394821,false,"נעם גבינה צהובה דק דק פ""ח 28% 200 גר",מילקו תעשיות בעמ,IL,טרה,גרמים,200.00,100 גרם,false,,15.20,0.0760,true,1,15563
7290102394845,false,פרוסות גבינת נעם מופחתת שומן 9%,מילקו תעשיות בעמ,IL,טרה,גרמים,200.00,100 גרם,false,,16.90,0.0845,true,1,15564
7290102395224,false,מארז 8 גביעים יוגורט ביו בטעם טבעי 1.7%,מולר Muller,IL,MULLER,ליטרים,1.20,ליטר,false,,16.50,13.7500,true,1,15570
7290102395231,false,מולר נטורל 2.8% ביאנקו מאגדת 8 יח' * 150 ג',מולר Muller,IL,MULLER,קילוגרמים,1.20,"ק""ג",false,,16.50,13.7500,true,1,15571
7290102395262,false,מארז 8 גביעים יוגורט בטעם תות שדה ואפרסק 3% Simply Fruit,מולר Muller,IL,MULLER,קילוגרמים,1.20,"ק""ג",false,,29.90,24.9167,true,1,15572
7290102395378,false,גבינה צהובה נועם 28% וואקום פרוס 360ג',טרה,IL,טרה,גרמים,360.00,100 גרם,false,,19.90,0.0553,true,1,15574
7290102395439,false,מארז 8 גביעים יוגורט בטעם פירות יער וקיווי 3% Simply Fruit,מילקו תעשיות בעמ,IL,MULLER,קילוגרמים,1.20,"ק""ג",false,,29.90,24.9167,true,1,15575
7290102395521,false,"שמנת לבישול 15% שומן 500 מ""ל טרה",מילקו תעשיות בעמ,IL,טרה,מיליליטרים,500.00,"100 מ""ל",false,,13.90,0.0278,true,1,15579
7290102396665,false,פרוסות גבינת נעם מופחתת שומן 15%,מילקו תעשיות בעמ,IL,טרה,גרמים,200.00,100 גרם,false,,15.20,0.0760,true,1,15613
7290102396672,false,זבינה צהובה נעם דק דק 9% 360 גר,טרה,IL,טרה,גרמים,360.00,100 גרם,false,,25.90,0.0719,true,1,15614
7290102397204,false,פרוסות גבינה 22% שומן 200 ג' נעם,מילקו תעשיות בעמ,IL,טרה,גרמים,200.00,100 גרם,false,,15.20,0.0760,true,1,15648
7290102397334,false,גבינה בולגרית 5% צוריאל גליל 250ג',מחלבת משק צוריאל,IL,משק צוריאל,גרמים,250.00,100 גרם,false,,19.90,0.0796,true,1,15656
7290102397464,false,יוגורט ביו בתוספת גרעינים אגוזים וחמוציות 170 ג' מולר,מולר Muller,IL,מולר נטורל,גרמים,170.00,100 גרם,false,,5.50,0.0324,true,1,15666
7290102397600,false,מיקס יוגורט בתוספת שקדים ובוטנים מקורמלים 170 ג' מולר,מילקו תעשייה בעמ,IL,MULLER,גרמים,170.00,100 גרם,false,,5.50,0.0324,true,1,15674
7290102397617,false,יוגורט ביו קרמי עם כדורים מצופים שוקולד חום לבן,מולר Muller,IL,MULLER,גרמים,170.00,100 גרם,false,,5.50,0.0324,true,1,15675
7290102397679,false,קוטג' וחצי 5% טרה 375 ג',מילקו,IL,טרה,גרמים,375.00,100 גרם,false,,7.50,0.0200,true,1,15677
7290102397730,false,פרוסות גבינה אמנטל חצי קשה 30% שומן 200 ג' נעם,טרה,IL,נעם,גרמים,200.00,100 גרם,false,,14.90,0.0745,true,1,26856
7290102397747,false,פרוסות גבינת מוצרלה נעם מחלב בקר 22%,טרה,IL,טרה,גרמים,200.00,100 גרם,false,,15.90,0.0795,true,1,29420
7290102398065,false,**חלב בקרטון 2 ליטר 3% מהדרין - טרה,טרה,IL,טרה,ליטרים,2.00,ליטר,false,,12.40,6.2000,true,1,27851
7290102398331,false,חלב דל לקטוז 2% מועשר בויטמין D,טרה,IL,חלב טרה,ליטרים,1.00,ליטר,false,,7.40,7.4000,true,1,30313
7290102398560,false,שוקו מעושר בבקבוק 1ל' טרה,מילקו תעשיות בעמ,IL,טרה,ליטרים,1.00,ליטר,false,,11.00,11.0000,true,1,32420
7290102398577,false,משקה חלב בטעם שוקו 2% בבקבוק אישי,מילקו תעשיות בעמ,IL,טרה,מיליליטרים,250.00,"100 מ""ל",false,,5.30,0.0212,true,1,32573
7290102398614,false,משקה חלב בטעם בננה 1 ליטר טרה,מילקו תעשיות בעמ,IL,טרה,ליטרים,1.00,ליטר,false,,11.00,11.0000,true,1,32423
7290102398782,false,משקה סויה קלאסי משק צוריאל 1 ליטר,משק צוריאל,IT,משק,ליטרים,1.00,ליטר,false,,10.90,10.9000,true,1,55954
7290102398805,false,משקה סויה בטעם וניל משק צוריאל 1 ליטר,משק צוריאל,IT,משק,ליטרים,1.00,ליטר,false,,10.90,10.9000,true,1,55956
7290102398836,false,משקה שקדים קלאסי משק צוריאל 1 ליטר,משק צוריאל,IT,משק,ליטרים,1.00,ליטר,false,,11.90,11.9000,true,1,55958
7290102399048,false,פרוסות גבינת קשקבל נעם 200 ג' טרה,מילקו,IL,טרה,גרמים,200.00,100 גרם,false,,19.90,0.0995,true,1,52277
7290102399635,false,"מולר פרופ יוגורט ביו עם קציפת קוקוס ואננס 150 מ""ל",מולר Muller,IL,מולר,גרמים,150.00,100 גרם,false,,4.80,0.0320,true,1,56788
7290102399796,false,מעדן יוגורט לבן מועשר בחלבון 200 ג' מולר אקטיב,מולר Muller,IL,מולר,גרמים,200.00,100 גרם,false,,5.50,0.0275,true,1,56776
7290102399802,false,יוגורט עם תות מולר אקטיב מועשר בחלבון 200 גר',מולר Muller,IL,מולר,גרמים,20.00,100 גרם,false,,5.90,0.2950,true,1,56780
7290102399819,false,יוגורט עם פירות יער מולר אקטיב מועשר בחלבון 200 גר',מולר Muller,IL,מולר,גרמים,20.00,100 גרם,false,,5.90,0.2950,true,1,56781
7290102586479,false,מפצל 3 מטר,,,מפצל 3 מטר,מטרים,3.00,מטר,false,,9.90,3.3000,true,1,32545
7290102840205,false,ג'לי תות 85 גר מיה,"מיה תעשיות מזון בע""מ",IL,מיה,גרמים,90.00,100 גרם,false,,2.90,0.0322,true,1,12900
7290103124601,false,"תחליב רחצה נוזל חלב ודבש משאבה 750מ""ל פלמוליב",הנסיך- מפעל לייצור ט,TR,פלמוליב חלב ודבש 750,מיליליטרים,750.00,"100 מ""ל",false,,19.90,0.0265,true,1,19448
7290103126797,false,משחת שיניים סנסיטיב פרו רליף Sensitive Pro - Reliefe,הנסיך- מפעל לייצור ט,BR,קולגייט,מיליליטרים,75.00,"100 מ""ל",false,,14.90,0.1987,true,1,19453
7290103128739,false,בלונס צימרוני אוזניים לתינוק 50 יח',הנסיך- מפעל לייצור ט,GR,בלונס,יח',50.00,יח',false,,6.90,0.1380,true,1,19456
7290103129378,false,ספיד סטיק - דאודורנט ג'ל לגבר איקס 5 85 גרם,הנסיך- מפעל לייצור ט,US,ספיד סטיק,גרמים,85.00,100 גרם,false,,19.90,0.2341,true,1,19459
7290103129637,false,בלונס פדים אובאליים להסרת איפור 40 יח,הנסיך- מפעל לייצור ט,GR,בלונס,יח',40.00,יח',false,,8.90,0.2225,true,1,19462
7290103400194,false,"כרוב לבן 400 גר בד""צ ירקות שטראוס","טרופיקל דגיל בע""מ אז",IL,שטראוס,גרמים,400.00,100 גרם,false,,8.90,0.0223,true,1,15848
7290103400231,false,"גזר 400 גר בד""צ ירקות שטראוס",תות תעשיות מזון (201,IL,שטראוס,גרמים,400.00,100 גרם,false,,8.90,0.0223,true,1,15849
7290103400255,false,"סלט קולסלאו 400 גר בד""צ ירקות שטראוס","טרופיקל דגיל בע""מ אז",IL,שטראוס,גרמים,400.00,100 גרם,false,,8.90,0.0223,true,1,15850
7290103401429,false,קפה קצב ברזילאי אוריגינס 200 גר,הנסיך- מפעל לייצור ט,IL,עלית,גרמים,200.00,100 גרם,false,,19.80,0.0990,true,1,14239
7290103408206,false,עלי חסה בקופסא 250 גרם ירקות שטראוס,שטראוס בריאות ירקות,IL,שטראוס,גרמים,250.00,100 גרם,false,,9.90,0.0396,true,1,15855
7290103681180,false,"יין הר מרלו מיתוג תנשמת 750 מ""ל",מיוצר על ידי יקב תבו,IL,הר אדום,מיליליטרים,750.00,"100 מ""ל",false,,35.90,0.0479,true,1,58855
7290103681210,false,"יין הר שרדונה מיתוג תנשמת 750 מ""ל",מיוצר על ידי יקב תבו,IL,הר לבן,מיליליטרים,750.00,"100 מ""ל",false,,35.90,0.0479,true,1,58857
7290103681227,false,"יין הר גוורצטרמינר מיתוג תנשמת 750 מ""ל",מיוצר על ידי יקב תבו,IL,הר לבן,מיליליטרים,750.00,"100 מ""ל",false,,35.90,0.0479,true,1,58858
7290103681234,false,"יין הר רוזה מיתוג תנשמת 750 מ""ל",,IL,הר לבן,מיליליטרים,750.00,"100 מ""ל",false,,35.90,0.0479,true,1,58859
7290103681241,false,"יין הר מוסקטו מיתוג תנשמת 750 מ""ל",תבור TABOR,IL,הר לבן,מיליליטרים,750.00,"100 מ""ל",false,,35.90,0.0479,true,1,58860
7290103681623,false,"-יין תבור הר מוסקטו רוזה 750 מ""ל",,IL,הר לבן,מיליליטרים,750.00,"100 מ""ל",false,,35.90,0.0479,true,1,58864
7290104061417,false,חומוס טחינה אחלה 400 ג',"שטראוס גרופ בע""מ",IL,שטראוס,גרמים,400.00,100 גרם,false,,10.90,0.0273,true,1,15856
7290104061431,false,חומוס אחלה עם צנובר 400 ג',"שטראוס גרופ בע""מ",IL,שטראוס,גרמים,400.00,100 גרם,false,,10.90,0.0273,true,1,15858
7290104061448,false,חומוס עם חריף 400 ג' אחלה,מיוצר עי קונדיטוריית,IL,שטראוס,גרמים,400.00,100 גרם,false,,10.90,0.0273,true,1,15859
7290104062599,false,מארז 8 יחידות מעדן גמדים בטעמי תות ובננה,שטראוס גרופ,IL,שטראוס,גרמים,800.00,100 גרם,false,,17.90,0.0224,true,1,15860
7290104065934,false,עלי רוקט 150 גרם שטראוס,שטראוס בריאות ירקות,IL,שטראוס,גרמים,150.00,100 גרם,false,,9.90,0.0660,true,1,15862
7290104066566,false,טחינה שומשום מלא אחלה 500 גר',מיוצר עי קונדיטוריית,IL,שטראוס,גרמים,500.00,100 גרם,false,,13.90,0.0278,true,1,15865
7290104068539,false,גומי מאסט בטעם מלון ואבטיח 28 ג' עלית,"שטראוס גרופ בע""מ",IL,עלית,גרמים,28.00,100 גרם,false,,4.00,0.1429,true,1,14268
7290104068546,false,גומי מאסט בטעם לימון קולה ללא סוכר 28 ג' עלית,"שטראוס גרופ בע""מ",IL,עלית,גרמים,28.00,100 גרם,false,,4.00,0.1429,true,1,14269
7290104500572,false,אפרופו חטיף איטליאנו 50 ג' אסם,מיוצר עי קונדיטוריית,IL,אפרופו,גרמים,50.00,100 גרם,false,,3.90,0.0780,true,1,4837
7290104508943,false,במבה אריזת חסכון 200 גרם,"אסם השקעות בע""מ",IL,במבה,גרמים,200.00,100 גרם,false,,8.90,0.0445,true,1,4851
7290104721533,false,רצועות פלפלים קלויים אחלה 400 ג',מיוצר עי קונדיטוריית,IL,שטראוס,גרמים,400.00,100 גרם,false,,14.90,0.0373,true,1,15874
7290104721762,false,מארז קפה טורקי עלית 3*85 גר,שטראוס גרופ,IL,עלית,גרמים,255.00,100 גרם,false,,18.90,0.0741,true,1,14273
7290104721953,false,לקט מסולסלים 350 גר ירקות שטראוס,שטראוס בריאות ירקות,IL,שטראוס,גרמים,350.00,100 גרם,false,,12.90,0.0369,true,1,15875
7290104722530,false,תפוצ'יפס שמנת בצל 200 גרם,"שטראוס פריטו ליי בע""",IL,עלית,גרמים,200.00,100 גרם,false,,9.90,0.0495,true,1,14752
7290104726262,false,מארז 4 יחידות דני לשתייה בטעם שוקולד + קשים,מיוצר עי קונדיטוריית,IL,שטראוס,גרמים,500.00,100 גרם,false,,10.90,0.0218,true,1,15884
7290104726712,false,מארז 8 יחידות מעדן מילקי בטעם שוקולד עם קצפת,"שטראוס גרופ בע""מ",IL,שטראוס,ליטרים,1.36,ליטר,false,,19.90,14.6324,true,1,15885
7290104728310,false,"שמנת עמידה לקצפת 38% שומן 250 מ""ל יוטבתה",שטראוס גרופ,IL,יטבתה,מיליליטרים,250.00,"100 מ""ל",false,,6.40,0.0256,true,1,15890
7290104729003,false,"יד מרדכי - שמן זית כתית מעולה 2 קלאסי 750 מ""ל",מכוורת יד מרדכי שטרא,IL,יד מרדכי,מיליליטרים,750.00,"100 מ""ל",false,,32.90,0.0439,true,1,14286
7290104960338,false,"נקה 7 תחליב רחצה ארומה אלוורה ותה ירוק 750מ""ל","אמיליה קוסמטיקס בע""מ",IL,נקה 7,מיליליטרים,750.00,"100 מ""ל",false,,9.90,0.0132,true,1,9830
7290104960352,false,"נקה 7 תחליב רחצה ארומה שקד וניל 750מ""ל","אמיליה קוסמטיקס בע""מ",IL,נקה 7,מיליליטרים,750.00,"100 מ""ל",false,,9.90,0.0132,true,1,9832
7290104961205,false,"נקה 7 תחליב רחצה מגע קטיפה מ""לפפון קיווי 750 מ""ל","אמיליה קוסמטיקס בע""מ",IL,נקה 7,מיליליטרים,750.00,"100 מ""ל",false,,9.90,0.0132,true,1,9835
7290104961243,false,"נקה 7 תחליב רחצה מגע קטיפה קוקוס ליים 750 מ""ל","אמיליה קוסמטיקס בע""מ",IL,נקה 7,מיליליטרים,750.00,"100 מ""ל",false,,9.90,0.0132,true,1,9838
7290104961526,false,דאודורנט ספריי גוף טיטניום קלאסיק Titanium Classic,"אמיליה קוסמטיקס בע""מ",IL,טיטניום,מיליליטרים,150.00,"100 מ""ל",false,,10.90,0.0727,true,1,9844
7290104961557,false,"טיטניום - דאודורנט ספריי לגבר בלו 150 מ""ל","אמיליה קוסמטיקס בע""מ",IL,טיטניום,מיליליטרים,150.00,"100 מ""ל",false,,10.90,0.0727,true,1,9847
7290104961878,false,"שמפו לשיער קרטין אינטנס פורמולה 400 מ""ל נטורל",נטורל פורמולה Natural Formula,IL,נטורל פורמולה,מיליליטרים,400.00,"100 מ""ל",false,,29.90,0.0747,true,1,9848
7290104961885,false,מרכך קרטין טהור לשיער שעבר החלקה או עיצוב בחום,נטורל פורמולה Natural Formula,IL,נטורל פורמולה,מיליליטרים,400.00,"100 מ""ל",false,,29.90,0.0747,true,1,9849
7290104961892,false,מסכת קרטין טהור לשיער שעבר החלקה או עיצוב בחום,נטורל פורמולה Natural Formula,IL,נטורל פורמולה,מיליליטרים,350.00,"100 מ""ל",false,,39.90,0.1140,true,1,9850
7290104962004,false,"סבון בניחוח וניל ומאסק נקה 7 שלישייה * 500 מ""ל",אמיליה קוסמטיקס,IL,נקה 7,ליטרים,1.50,ליטר,false,,19.90,13.2667,true,1,9853
7290104962073,false,דאודורנט ספריי גוף טיטניום גולד Titanium Gold,"אמיליה קוסמטיקס בע""מ",IL,טיטניום,מיליליטרים,180.00,"100 מ""ל",false,,14.90,0.0828,true,1,9858
7290104962080,false,"טיטניום - דאודורנט ספריי לגבר גולד 150 מ""ל",משווק: קוסמופארם בעמ,IL,טיטניום,מיליליטרים,150.00,"100 מ""ל",false,,10.90,0.0727,true,1,9859
7290104963216,false,סופטקר - אל סבון עדין לתינוק לעור רגיש 1 ליטר,קוסמופארם בע''מ,IL,סופטקר,ליטרים,1.00,ליטר,false,,15.90,15.9000,true,1,9889
7290104963223,false,סופטקר - אל סבון עדין לתינוק לעור רגיש 1 ליטר,סופטקר Softcare,IL,סופטקר,ליטרים,1.00,ליטר,false,,15.90,15.9000,true,1,9890
7290104963650,false,סופטקר - שמפו אל דמע 1 ליטר,סופטקר Softcare,IL,סופטקר,ליטרים,1.00,ליטר,false,,15.90,15.9000,true,1,9894
7290104965661,false,"דאדורנט ספריי נושם בנות קרליין 150 מ""ל","אמיליה קוסמטיקס בע""מ",IL,קרליין,מיליליטרים,200.00,"100 מ""ל",false,,11.90,0.0595,true,1,61645
7290105100108,false,מטריה גמבו ארוך,יושימין,CN,tomi,יח',1.00,יח',false,,19.90,19.9000,true,1,21343
7290105100160,false,מטריה שקוף ילדים,יושימין,CN,tomi,יח',1.00,יח',false,,19.90,19.9000,true,1,21347
7290105100221,false,מטריה גמבו אוטומט,יושימין,CN,tomi,יח',1.00,יח',false,,29.90,29.9000,true,1,21349
7290105105110,false,כפפות אקרילן,יושימין,CN,tomi,יח',1.00,יח',false,,7.90,7.9000,true,1,21384
7290105105165,false,כפפות שניל,יושימין,CN,tomi,יח',1.00,יח',false,,12.90,12.9000,true,1,21387
7290105105578,false,כובעי חורף נשים/גברי,,,כובעי חורף נשים/גברי,יח',1.00,יח',false,,19.90,19.9000,true,1,21402
7290105105905,false,גרבי בית לחורף,יושימין,CN,tomi,יח',1.00,יח',false,,19.90,19.9000,true,1,21424
7290105107350,false,כדור כדורגל,יושימין,CN,tomi,יח',1.00,יח',false,,29.90,29.9000,true,1,21466
7290105107572,false,כובע חורף,יושימין,CN,tomi,יח',1.00,יח',false,,24.90,24.9000,true,1,21481
7290105109057,false,כפפות חורף,,,כפפות חורף,יח',1.00,יח',false,,9.90,9.9000,true,1,28220
7290105109095,false,כובע חורפי,,,כובע חורפי,יח',1.00,יח',false,,29.90,29.9000,true,1,28223
7290105360250,false,קפסולות 09 עשיר וארומטי למכונת נספרסו עלית 10יח',הנסיך- מפעל לייצור ט,IL,עלית,גרמים,50.00,100 גרם,false,,15.90,0.3180,true,1,14290
7290105360328,false,קפסולות אספרסו חזק למכונות נספרסו 10 יח',הנסיך- מפעל לייצור ט,IL,עלית,גרמים,50.00,100 גרם,false,,15.90,0.3180,true,1,14291
7290105360335,false,קפסולות אספרסו למכונות נספרסו 50 גר,הנסיך- מפעל לייצור ט,IL,עלית,גרמים,50.00,100 גרם,false,,15.90,0.3180,true,1,14292
7290105362339,false,"שמנת לבישול 15% 250 מ""ל יטבתה מהדרין",שטראוס גרופ,IL,יטבתה,מיליליטרים,250.00,"100 מ""ל",false,,7.90,0.0316,true,1,15895
7290105363602,false,כיף כף - מקלות קלאסי 40 גרם,"איי, בי, אינבוו",TR,עלית,גרמים,40.00,100 גרם,false,,4.70,0.1175,true,1,14302
7290105364289,false,כיף כף - מקלות פצפוצים 40 גרם,"איי, בי, אינבוו",TR,עלית,גרמים,40.00,100 גרם,false,,4.70,0.1175,true,1,14303
7290105364302,false,"עלית חטיף שוקולד כיף כף מקלות אגוזים, 40 גרם","איי, בי, אינבוו",TR,כיף כף מקלות 42 גרם,גרמים,42.00,100 גרם,false,,4.70,0.1119,true,1,14304
7290105364678,false,משקה אקטיביה בטעם אפרסק 1.3% שומן 265 ג' דנונה,מיוצר עי קונדיטוריית,IL,שטראוס,גרמים,265.00,100 גרם,false,,4.90,0.0185,true,1,15896
7290105366023,false,חציל אחלה בטעם כבד 400 גר' אחלה,מיוצר עי קונדיטוריית,IL,שטראוס,גרמים,400.00,100 גרם,false,,14.90,0.0373,true,1,15899
7290105366047,false,טחינה אחלה לבנה 400 גר',מיוצר עי קונדיטוריית,IL,שטראוס,גרמים,400.00,100 גרם,false,,14.90,0.0373,true,1,15901
7290105366993,false,גבינה לבנה סימפוניה עם תוספות 200 ג' פלפל שיפקה,"שטראוס בריאות בע""מ",IL,שטראוס,גרמים,200.00,100 גרם,false,,9.90,0.0495,true,1,15906
7290105368331,false,מעדן מילקי בטעם תות עם קצפת,מחלבת אחיהוד,IL,שטראוס,גרמים,133.00,100 גרם,false,,2.80,0.0211,true,1,15919
7290105368904,false,"שמנת מתוקה להקצפה 32% שומן 250 מ""ל יוטבתה",שטראוס גרופ,IL,יטבתה,מיליליטרים,250.00,"100 מ""ל",false,,7.30,0.0292,true,1,15927
7290105368928,false,"שמנת 9% שומן 200 מ""ל יוטבתה",שטראוס גרופ,IL,יטבתה,מיליליטרים,200.00,"100 מ""ל",false,,2.90,0.0145,true,1,15928
7290105369130,false,סימפוניה גבינה במרקם שמנת בצל ירוק 5%,"שטראוס בריאות בע""מ",IL,שטראוס,גרמים,200.00,100 גרם,false,,9.90,0.0495,true,1,15931
7290105430458,false,תחליב רחצה מועשר בשקדים וקרם לחות Naturals משאבה,הנסיך- מפעל לייצור ט,TR,פלמוליב שקדים 750 מל,מיליליטרים,750.00,"100 מ""ל",false,,19.90,0.0265,true,1,31125
7290105431516,false,פרי חטיפי בריאות מארז 5 תמרים בוטנים,טבעית מוצרים מן הטבע,IL,פרי,גרמים,90.00,100 גרם,false,,16.90,0.1878,true,1,19472
7290105434067,false,ספיד סטיק - דאודורנט סטיק לגבר XL אושן סרף 85 גרם,קולגייט פלמוליב,US,ספיד סטיק,גרמים,85.00,100 גרם,false,,21.90,0.2576,true,1,19486
7290105439499,false,מיונז הולנדי 481 ג' מאסטר שף,רמיה סי.וי. הולנד,NL,מאסטר שף,גרמים,483.00,100 גרם,false,,9.90,0.0205,true,1,19497
7290105439505,false,מנה מאסטר שף קרם בטעם מיונז לייט 479 גר,רמיה סי.וי. הולנד,NL,מאסטר שף,גרמים,521.00,100 גרם,false,,9.90,0.0190,true,1,19498
7290105439581,false,מנה מאסטר שף חרדל דיזיון צרפתי 370 גר,סאס קווינור,FR,מאסטר שף,גרמים,370.00,100 גרם,false,,9.90,0.0268,true,1,19499
7290105473950,false,יורוקיטי קופסה 5 קג,ביופט,IL,יורוקיטי קופסה,קילוגרמים,5.00,"ק""ג",false,,34.90,6.9800,true,1,57765
7290105474018,false,לה קט פטה עוף 100 גר,,,לה קט פטה עוף 100 ג,גרמים,100.00,100 גרם,false,,4.90,0.0490,true,1,70138
7290105474025,false,לה קט פטה סלמון 100,,,לה קט פטה סלמון 100,גרמים,100.00,100 גרם,false,,4.90,0.0490,true,1,70139
7290105474124,false,בונזו בשר מחולק 12 ק,"ביופט בע""מ",IL,בונזו,קילוגרמים,12.00,"ק""ג",false,,129.90,10.8250,true,1,21899
7290105500151,false,וודקה פינלנדיה בקבוק,"אלטיה קורפ, הלסינקי,",FI,וודקה פינלנדיה,מיליליטרים,700.00,"100 מ""ל",false,,59.90,0.0856,true,1,13075
7290105500236,false,וויסקי ג'ק דניאלס מס' 7 Brand No,ג'ק דניאלס Jack Daniel's,US,וויסקי גק דניאלס,מיליליטרים,700.00,"100 מ""ל",false,,99.90,0.1427,true,1,13076
7290105691248,false,פריכונים חטיפי טורטיה תירס 60 ג' אוסם,"מיוצר ע""י PT, משווק",IL,אסם,גרמים,60.00,100 גרם,false,,6.90,0.1150,true,1,4869
7290105691897,false,קוסקוס פלוס עם קמח חיטה מלא,"מיוצר ע""י קוד יצרן K",IL,אסם,גרמים,350.00,100 גרם,false,,8.90,0.0254,true,1,4873
7290105693341,false,במבה מארז 10 יח' * 25 ג' אסם,"אסם השקעות בע""מ",IL,במבה,גרמים,250.00,100 גרם,false,,13.90,0.0556,true,1,4882
7290105695321,false,עוגת שוקולד בראוניז פאדג' 380 ג',מיוצר עי קונדיטוריית,IL,הבית,גרמים,350.00,100 גרם,false,,14.90,0.0426,true,1,4897
7290105962331,false,זחוק אדום תימני מקורי חריף מאוד 220 גר,קריניסה ויטמין אס אי,IL,תוצרת מסחרית,גרמים,220.00,100 גרם,false,,10.90,0.0495,true,1,15933
7290105964564,false,אחלה חומוס אחלה 400ג,מיוצר עי קונדיטוריית,IL,שטראוס,גרמים,400.00,100 גרם,false,,8.90,0.0223,true,1,15937
7290105965738,false,יוגורט לשתיה בטעם תות בננה267 ג' דנונה,מיוצר עי קונדיטוריית,IL,שטראוס,גרמים,267.00,100 גרם,false,,4.80,0.0180,true,1,15946
7290105966469,false,"חומץ בלסמי יד מרדכי 250מ""ל",אצטייה ג'וזפה קרמוני,IT,יד מרדכי,מיליליטרים,250.00,"100 מ""ל",false,,13.90,0.0556,true,1,14336
7290105968098,false,סלט קולסלאו אחלה 500 ג',שטראוס גרופ סלטים,IL,שטראוס,גרמים,500.00,100 גרם,false,,14.90,0.0298,true,1,15955
7290105968654,false,רביולי בטטה פרווה פסטה נונה 400 ג',מיוצר עי קונדיטוריית,IL,שטראוס,גרמים,400.00,100 גרם,false,,16.80,0.0420,true,1,15956
7290105968777,false,פריכיות עם תחתית שוקולד מריר 70 ג' אנרגי,"טחנת האבן תעשיות בע""",IL,עלית,גרמים,80.00,100 גרם,false,,7.90,0.0988,true,1,14341
7290106520066,false,רבע לשבע במילוי קרם אגוזים ובציפוי שוקולד חלב,הגביע מוצרי וופלים ב,IL,עלית,גרמים,120.00,100 גרם,false,,9.80,0.0817,true,1,14343
7290106520288,false,יוגורט פרו חלבון עם תות 2.4% שומן 150 ג' דנונה,"שטראוס בריאות בע""מ",IL,דנונה פרו,גרמים,150.00,100 גרם,false,,4.60,0.0307,true,1,15957
7290106520912,false,"שמנת לבישול 9% 250 מ""ל יטבתה",שטראוס גרופ,IL,יטבתה,מיליליטרים,250.00,"100 מ""ל",false,,7.90,0.0316,true,1,15968
7290106521049,false,אחלה טעמי השוק קוביות סלק 400 גר,מיוצר עי קונדיטוריית,IL,שטראוס,גרמים,400.00,100 גרם,false,,14.90,0.0373,true,1,15970
7290106521926,false,שקית קפה טורקי 150 ג' עלית,שטראוס גרופ,IL,עלית,גרמים,150.00,100 גרם,false,,12.90,0.0860,true,1,30755
7290106525399,false,קפסולות 06 ברזיל למכונות נספרסו עלית 10יח',הנסיך- מפעל לייצור ט,IL,עלית,גרמים,50.00,100 גרם,false,,15.90,0.3180,true,1,14361
7290106525405,false,קפסולות למכונת נספרסו נטול קפאין,שטראוס קפה בי.וי,IL,עלית,גרמים,50.00,100 גרם,false,,15.90,0.3180,true,1,14362
7290106526822,false,פריכיות אורז עם תחתית שוקולד חלב 80 ג' אנרגי,"טחנת האבן תעשיות בע""",IL,אנרג'י,גרמים,70.00,100 גרם,false,,7.90,0.1129,true,1,14374
7290106528567,false,חטיף דוריטוס גריל 185 גרם,שטראוס פריטו ליי (מל,IL,עלית,גרמים,185.00,100 גרם,false,,6.90,0.0373,true,1,14772
7290106528949,false,לקט לסלט ערוגות שטרא,שטראוס בריאות ירקות,IL,שטראוס,גרמים,450.00,100 גרם,false,,10.90,0.0242,true,1,16000
7290106572027,false,אוסם - לחמית חמישה דגנים 190 גרם,"אסם השקעות בע""מ",IL,לחמית,גרמים,190.00,100 גרם,false,,7.90,0.0416,true,1,4913
7290106574953,false,בייגלה שטוחים כעכים שטוחים עם שומשום,מיוצר עי קונדיטוריית,IL,אסם,גרמים,300.00,100 גרם,false,,10.90,0.0363,true,1,4950
7290106574977,false,בייגלה שטוחים כעכים שטוחים עם מלח,מיוצר עי קונדיטוריית,IL,אסם,גרמים,300.00,100 גרם,false,,10.90,0.0363,true,1,4951
7290106575011,false,פתיתים אפויים קוסקוס פלוס חיטה מלא 400 ג,מיוצר עי קונדיטוריית,IL,אסם,גרמים,400.00,100 גרם,false,,6.90,0.0173,true,1,4952
7290106575332,false,פתיתים אפויים פלוס בורגול 400 ג' אסם,"מיוצר ע""י קוד יצרן K",IL,אסם,גרמים,400.00,100 גרם,false,,6.90,0.0173,true,1,4958
7290106576223,false,אפרופו מצופה שוקולד 40 ג',מיוצר עי קונדיטוריית,IL,אפרופו,גרמים,40.00,100 גרם,false,,3.90,0.0975,true,1,4965
7290106576858,false,גלידה לה קרמריה תותים בשמנת 1.4 ל' נסטלה,המאפיה של הרמן,IL,לה קרמריה,ליטרים,1.40,ליטר,false,,17.90,12.7857,true,1,13823
7290106576919,false,גלידה קרמריה סורבה תות לימון 1.4 ליטר,המאפיה של הרמן,IL,לה קרמריה,ליטרים,1.40,ליטר,false,,17.90,12.7857,true,1,13825
7290106576971,false,גלידה לה קרמריה שוקולד בלגי 1.4 ל' נסטלה,תות תעשיות מזון (201,IL,לה קרמריה,ליטרים,1.40,ליטר,false,,17.90,12.7857,true,1,13828
7290106576995,false,גלידה סורבה לה קרמריה תות מנגו לייט 1.4 ל' נסטלה,המאפיה של הרמן,IL,לה קרמריה,ליטרים,1.40,ליטר,false,,17.90,12.7857,true,1,13829
7290106577039,false,גלידה לה קרמריה שוקו וניל פליק 1.4 ל' נסטלה,תות תעשיות מזון (201,IL,לה קרמריה,ליטרים,1.40,ליטר,false,,17.90,12.7857,true,1,13830
7290106578692,false,אוסם - במבה ביסלי מיקס 80 גרם,פרו מן יו פתרונות אר,IL,ביסלי,גרמים,80.00,100 גרם,false,,3.90,0.0487,true,1,4990
7290106578821,false,הבית עוגת שמרים קלאסית בטעם שוקולד 350גר.,מיוצר עי קונדיטוריית,IL,הבית,גרמים,350.00,100 גרם,false,,14.90,0.0426,true,1,4991
7290106652996,false,כיף כף מקלות קוקוס חלבי 40 גר',סולן בעבור שטראוס,TR,עלית,גרמים,40.00,100 גרם,false,,4.70,0.1175,true,1,70303
7290106653689,false,לקט לסלט בסגנון אסייתי,"שטראוס מזון טרי בע""מ",IL,שטראוס,גרמים,350.00,100 גרם,false,,10.90,0.0311,true,1,16003
7290106654099,false,מילקי CAKE עוגות אישיות במילוי קרם חלב,אירו קייקס אס פי איי,IT,מאגדת מילקי cake,גרמים,272.00,100 גרם,false,,14.90,0.0548,true,1,16006
7290106658479,false,עלית וופל בטעם טורטית אגוזים 40ג,"שטראוס גרופ בע""מ",IL,עלית,גרמים,40.00,100 גרם,false,,3.90,0.0975,true,1,14415
7290106663091,false,לאבנה טבעי 9% שטראוס 500ג',הדקלאים אגודת שיתופי,IL,לאבנה,גרמים,500.00,100 גרם,false,,17.90,0.0358,true,1,16044
7290106663503,false,יד מרדכי קונפיטורת לייט תות 230 גר,אף.סי תבליני בגליל ב,IL,יד מרדכי,גרמים,230.00,100 גרם,false,,9.80,0.0426,true,1,14456
7290106663558,false,"רוטב טריאקי ורימון יד מרדכי 280מ""ל",אף.סי תבליני בגליל ב,IL,עלית,מיליליטרים,280.00,"100 מ""ל",false,,12.90,0.0461,true,1,14461
7290106664555,false,"רוטב שמנת עם עגבניות 9% שומן 250 מ""ל יוטבתה",שטראוס גרופ,IL,יטבתה,מיליליטרים,250.00,"100 מ""ל",false,,10.90,0.0436,true,1,16053
7290106667266,false,חטיף דוריטוס חמוץ חריף 185 גרם,שטראוס פריטו ליי (מל,IL,עלית,גרמים,185.00,100 גרם,false,,6.90,0.0373,true,1,14816
7290106668577,false,"מיץ לימון טבעי יד מרדכי 250 מ""ל",האי נאם סי או אל.טי.,IT,מיץ לימון טבעי,מיליליטרים,250.00,"100 מ""ל",false,,7.90,0.0316,true,1,14489
7290106668713,false,יוגורט עם פירות יער 3% שומן 150 ג' דנונה,מיוצר עי קונדיטוריית,IL,שטראוס,גרמים,150.00,100 גרם,false,,3.50,0.0233,true,1,16075
7290106669857,false,קפסולות 06 אספרסו בטעם וניל עלית 10יח',הנסיך- מפעל לייצור ט,IL,עלית,גרמים,50.00,100 גרם,false,,15.90,0.3180,true,1,14504
7290106720626,false,צ'יטוס קראנצ' בטעם גבינה - חלבי,"שטראוס פריטו ליי בע""",IL,עלית,גרמים,80.00,100 גרם,false,,4.50,0.0563,true,1,14820
7290106721913,false,מסטיק מאסט MUST ללא סוכר בטעם מנטה מרעננת,"שטראוס גרופ בע""מ",IL,עלית,גרמים,66.00,100 גרם,false,,9.90,0.1500,true,1,14527
7290106721920,false,צנצנת מסטיק מאסט בטעם ספירמינט עדין 66 ג' עלית,"שטראוס גרופ בע""מ.",IL,עלית,גרמים,66.00,100 גרם,false,,9.90,0.1500,true,1,14528
7290106723689,false,עלי תרד בייבי שטראוס 200 גרם,שטראוס בריאות ירקות,IL,שטראוס,גרמים,200.00,100 גרם,false,,10.90,0.0545,true,1,16091
7290106725867,false,"סירופ מייפל טהור 189 מ""ל יד מרדכי",קוסלסי פוד,CA,*מבצע* סירופ מייפל ט,מיליליטרים,189.00,"100 מ""ל",false,,24.90,0.1317,true,1,67086
7290106726178,false,יוגורט PRO עם פירות יער 2.4% 10 גרם חלבון בגביע,מיוצר עי קונדיטוריית,IL,דנונה פרו,גרמים,150.00,100 גרם,false,,4.60,0.0307,true,1,16097
7290106727984,false,כיף כף פצפוצים ושוקולד 135 ג',שולן צ'יקולטה גידה ס,TR,גביע פצפצים 135 גר,גרמים,135.00,100 גרם,false,,9.90,0.0733,true,1,14581
7290106729650,false,יוגורט עם תות מאגדת 8 יח' * 150ג' דנונה,דנונה - שטראוס,IL,דנונה,קילוגרמים,1.20,"ק""ג",false,,23.90,19.9167,true,1,16120
7290106772472,false,גרוסליין - בלגה ממרח שוקולד 350 גרם,"אלמנדוס בע""מ",IL,ממרח בלגה פרווה 350,גרמים,350.00,100 גרם,false,,12.90,0.0369,true,1,66045
7290106775053,false,מחית נוגט פרווה 400 גרם,"אלמנדוס בע""מ",IL,*מבצע* מחית נוגט פרו,גרמים,400.00,100 גרם,false,,19.90,0.0497,true,1,66051
7290107280013,false,מגבונים ליטופים ללא בושם חמישיה,טרופיקל דגיל קוסמטיק,IL,ליטופים,יח',5.00,יח',false,,17.90,3.5800,true,1,9908
7290107280020,false,מטליות לחות סנו סושי לניקוי כללי שלישיה *50 יח',טרופיקל דגיל- תעשיות,IL,סנו סושי,יח',150.00,יח',false,,17.90,0.1193,true,1,9909
7290107280082,false,מארז 7 תבניות אלומיניום מוארכות לאפייה אינגליש קייק,סנו סושי,,תבנית אלומיניום סנו סושי,יח',7.00,יח',false,,8.90,1.2714,true,1,9914
7290107280099,false,מגבוני טואלט לחים סנו סופט שלישייה * 48 יח',טרופיקל דגיל- תעשיות,IL,סנו סופט,יח',144.00,יח',false,,14.90,0.1035,true,1,9915
7290107280112,false,נייר טואלט סופט סילק 24 גליל,סנו,IL,נייר טואלט סנו סופט,מטרים,441.60,מטר,false,,24.90,0.0564,true,1,70901
7290107280341,false,ריצפז מטליות לחות לניקוי הרצפה בניחוח מלון מפנק,"סנו מפעלי ברונוס סע""",IL,ריצפז,יח',10.00,יח',false,,9.90,0.9900,true,1,55314
7290107280570,false,סנו - מקסימה ג'ל כביסה מרוכז לכביסה צבעונית 3 ליטר,מיוצר עי קונדיטוריית,IL,מקסימה,ליטרים,3.00,ליטר,false,,28.90,9.6333,true,1,9932
7290107280723,false,נוזל לניקוי כלים סנו ספארק Spark בניחוח לימון רענן,סנו כימיקלים,IL,ספארק,מיליליטרים,700.00,"100 מ""ל",false,,8.90,0.0127,true,1,9942
7290107280730,false,נוזל לניקוי כלים סנו ספארק Spark בניחוח לבנדר,מיוצר עי קונדיטוריית,IL,ספארק,מיליליטרים,700.00,"100 מ""ל",false,,8.90,0.0127,true,1,9943
7290107280747,false,נוזל לניקוי כלים סנו ספארק Spark קלאסי,סנו כימיקלים,IL,ספארק,מיליליטרים,700.00,"100 מ""ל",false,,8.90,0.0127,true,1,9944
7290107280754,false,נוזל כלים סנו ספארק Spark היפואלרגני פריחת השקד,סנו,IL,ספארק,מיליליטרים,700.00,"100 מ""ל",false,,8.90,0.0127,true,1,9945
7290107280761,false,נוזל לניקוי כלים בניחוח לימון רענן סנו ספארק Spark,מיוצר עי קונדיטוריית,IL,ספארק,ליטרים,1.00,ליטר,false,,10.90,10.9000,true,1,9946
7290107698306,false,גופיות חורף לבן 0,,,גופיות חורף לבן 0,יח',1.00,יח',false,,22.90,22.9000,true,1,24463
7290107698313,false,גופית חורף לגבר לבן,,,גופית חורף לגבר לבן,יח',1.00,יח',false,,22.90,22.9000,true,1,24464
7290107698337,false,גופית חורף לגבר שחור,,,גופית חורף לגבר שחור,יח',1.00,יח',false,,22.90,22.9000,true,1,24466
7290107698344,false,גופית חורף וי שחור,,,גופית חורף וי שחור,יח',1.00,יח',false,,22.90,22.9000,true,1,24467
7290107871532,false,מאגדת קרחונים דובדבן מלון 10 יח' נסטלה,גלידות נסטלה (נגה גל,IL,גלידות נסטלה,יח',10.00,יח',false,,17.90,1.7900,true,1,13839
7290107871990,false,פסטה צינורות 500 גר אסם,פסטה זארה,IT,אסם,גרמים,500.00,100 גרם,false,,5.40,0.0108,true,1,5025
7290107874427,false,אוסם - מיני פריכונים זעתר 25 גרם,פרח תעשיות מזון,IL,אסם,גרמים,25.00,100 גרם,false,,3.90,0.1560,true,1,5052
7290107875271,false,ביסלי ברביקיו קדמ. מארז אחיד10 4*55 גרם,אסם,IL,אסם,גרמים,220.00,100 גרם,false,,10.90,0.0495,true,1,5062
7290107875400,false,גלידה לה קרמריה פיסטוק מוקה 1.4 ל' נסטלה,המאפיה של הרמן,IL,לה קרמריה,ליטרים,1.40,ליטר,false,,17.90,12.7857,true,1,13843
7290107930321,false,קונפיטורת יד מרדכי דובדובן 340 גרם,"בית אל מזון בע""מ",IL,יד מרדכי,גרמים,340.00,100 גרם,false,,9.80,0.0288,true,1,14597
7290107931397,false,כיף כף פצפוצים במילוי שוקולד 40 גרם,שולן צ'יקולטה גידה ס,TR,עלית,גרמים,40.00,100 גרם,false,,4.70,0.1175,true,1,14609
7290107932080,false,חלב מועשר יוטבתה בבקבוק 3% 1 ליטר,מחלבת יטבתה,IL,יטבתה,ליטרים,1.00,ליטר,false,,7.30,7.3000,true,1,16132
7290107932134,false,חלב מועשר יוטבתה בבקבוק 1% 1 ליטר,מחלבת יטבתה,IL,יטבתה,ליטרים,1.00,ליטר,false,,7.30,7.3000,true,1,16134
7290107933155,false,לקט לסלט סלנובה שטרא,שטראוס בריאות ירקות,IL,שטראוס,גרמים,200.00,100 גרם,false,,12.90,0.0645,true,1,16136
7290107933193,false,שטראוס סלק מבושל בוו,לס לגוסודה סנצונוניו,ES,ירקות שטראוס,גרמים,500.00,100 גרם,false,,7.90,0.0158,true,1,16137
7290107934473,false,מארז 8 יח' אקטיביה יוגורט קרמי 1.5% שומן,דנונה - שטראוס,IL,שטראוס,ליטרים,1.20,ליטר,false,,19.90,16.5833,true,1,16151
7290107936309,false,דנונה יוגורט 7% יווני לבן 130 ג',"שטראוס בריאות בע""מ",IL,דנונה,גרמים,130.00,100 גרם,false,,3.20,0.0246,true,1,16161
7290107936958,false,עד חצות ביסקוויט אצבעות שוקולד 125 גרם,הדקלאים אגודת שיתופי,FR,עד חצות,גרמים,125.00,100 גרם,false,,9.90,0.0792,true,1,28978
7290107936965,false,עיגולים עד חצות עם שוקולד חלב 225 גר,ביסקווטרי עוגיות סנט,FR,עד חצות,גרמים,225.00,100 גרם,false,,11.90,0.0529,true,1,28979
7290107937542,false,משקה יוגורט אקטיביה עם תות 1.2% שומן,מיוצר עי קונדיטוריית,IL,שטראוס,גרמים,268.00,100 גרם,false,,4.90,0.0183,true,1,16168
7290107937627,false,מסטיק מאסט Must קוביות ללא סוכר בטעם מנטה עדינה,אסקום קונפקשיין,DE,עלית,גרמים,58.00,100 גרם,false,,9.90,0.1707,true,1,14649
7290107937634,false,צנצנית מסטיק מאסט קוביות פפירמינט 58 ג' עלית,אסקום קונפקשיין,DE,עלית,גרמים,58.00,100 גרם,false,,9.90,0.1707,true,1,14650
7290107937641,false,מסטיק בצנצנת קוביות בזוקה 58 ג',אסקום קונפקשיין,DE,עלית,גרמים,58.00,100 גרם,false,,9.90,0.1707,true,1,14651
7290107937856,false,קפסולות 11חזק למכונות נספרסו עלית 10יח',הנסיך- מפעל לייצור ט,IL,עלית,גרמים,50.00,100 גרם,false,,15.90,0.3180,true,1,14654
7290107938396,false,"אקטימל משקה פרוביוטי תות 100X8 מ""ל",מיוצר עי קונדיטוריית,IL,שטראוס,גרמים,864.00,100 גרם,false,,19.80,0.0229,true,1,16174
7290107939027,false,גזר דק דק שטראוס טעם,שטראוס בריאות ירקות,IL,גזר דקדק 250 גרם,גרמים,250.00,100 גרם,false,,6.50,0.0260,true,1,16180
7290107940030,false,חומוס אחלה 650 גרם,שטראוס גרופ,IL,שטראוס,גרמים,650.00,100 גרם,false,,8.90,0.0137,true,1,16196
7290107941259,false,עדשים ירוקות מבושלות,הורקסה לס לגונס דה ס,ES,טעם הטבע,גרמים,475.00,100 גרם,false,,10.90,0.0229,true,1,16211
7290107941266,false,שעועית אדומה שטראוס,הורקסה לס לגונס דה ס,ES,טעם הטבע,גרמים,475.00,100 גרם,false,,12.90,0.0272,true,1,16212
7290107941273,false,חומוס מבושל שטראוס ט,הורקסה לס לגונס דה ס,ES,טעם הטבע,גרמים,475.00,100 גרם,false,,10.90,0.0229,true,1,16213
7290107943192,false,"שמנת חמוצה מהערבה 27% שומן 200 מ""ל יטבתה",מחלבת יטבתה,IL,יטבתה,מיליליטרים,200.00,"100 מ""ל",false,,4.10,0.0205,true,1,28781
7290107943369,false,קוואקר שיבולת שועל ללא גלוטן 511 גר'.,היידי שוקולד בירונטי,US,קוואקר,גרמים,511.00,100 גרם,false,,17.90,0.0350,true,1,28236
7290107944243,false,וופלים אפיפיות בטעם שוקולד 200 גר,"שטראוס גרופ בע""מ",IL,עלית,גרמים,200.00,100 גרם,false,,6.90,0.0345,true,1,28338
7290107944472,false,סימפוניה גבינה במרקם שמנת 5% שום שמיר,"שטראוס בריאות בע""מ",IL,שטראוס,גרמים,200.00,100 גרם,false,,9.90,0.0495,true,1,16242
7290107945165,false,קונפיטורת יד מרדכי משמש 340 גר,אף.סי תבליני בגליל ב,IL,יד מרדכי,גרמים,340.00,100 גרם,false,,9.80,0.0288,true,1,14683
7290107950190,false,מעדן חלב דל קלוריות בטעם שוקולד מריר 0.5% שומן,מיוצר עי קונדיטוריית,IL,שטראוס,גרמים,130.00,100 גרם,false,,3.20,0.0246,true,1,16260
7290107950206,false,מעדן חלב דל קלוריות בטעם שוקולד 0% שומן,מיוצר עי קונדיטוריית,IL,שטראוס,גרמים,130.00,100 גרם,false,,3.20,0.0246,true,1,16261
7290107951104,false,בפלות ופלים ארוכים בטעם שוקולד,"א.ג. גילרו בע""מ",IL,עלית,גרמים,200.00,100 גרם,false,,3.90,0.0195,true,1,14684
7290107951715,false,צנצנת מסטיק מאסט קוביות בטעם ענבים 58 ג' עלית,אסקום קונפקשיין,IL,עלית,גרמים,58.00,100 גרם,false,,9.90,0.1707,true,1,14695
7290107953559,false,קפה טורקי עלית לדרך שקיות 24X7ג',הנסיך- מפעל לייצור ט,IL,עלית,גרמים,168.00,100 גרם,false,,18.90,0.1125,true,1,14703
7290107956642,false,"תרסיס שמן זית יד מרדכי 150 מ""ל",פארייפאבה אגרואינדוס,ES,"תרסיס שמן זית 150 מ""",מיליליטרים,150.00,"100 מ""ל",false,,17.90,0.1193,true,1,30175
7290107956901,false,קפסולות בטעם אגוזים למכונות נספרסו 50 גר,שטראוס גרופ,IL,עלית,גרמים,50.00,100 גרם,false,,15.90,0.3180,true,1,29573
7290107956925,false,קפסולות 13 אוגנדה למכונת נספרסו עלית 10יח',שטראוס קפה בי.וי,IL,עלית,גרמים,50.00,100 גרם,false,,15.90,0.3180,true,1,49705
7290107956932,false,קפסולות אספרסו אידונזיה למכונות 50 גר,שטראוס קפה בי.וי,IL,עלית,גרמים,50.00,100 גרם,false,,15.90,0.3180,true,1,28984
7290107957069,false,"צנצנת עלמה בטעם אוכמניות לל""ס 66 גרם","שטראוס גרופ בע""מ",IL,עלית,גרמים,66.00,100 גרם,false,,9.90,0.1500,true,1,28985
7290107957076,false,"צנצנת עלמה בטעם ספירמינט לל""ס 66 גרם","שטראוס גרופ בע""מ",IL,עלית,גרמים,66.00,100 גרם,false,,9.90,0.1500,true,1,28986
7290107957113,false,סימפוניה 5% זיתים פיקנטיים 200 ג' שטראוס,שטראוס גרופ,IL,שטראוס,גרמים,200.00,100 גרם,false,,9.90,0.0495,true,1,49468
7290107957229,false,שוקולד צ'יפס מריר מעולה לאפיה עלית 250 ג',"פוליבה בע""מ",IL,עלית,גרמים,250.00,100 גרם,false,,10.90,0.0436,true,1,31248
7290107957991,true,מילקי מינייס,TCS,IT,מילקי,גרמים,144.00,100 גרם,false,,13.90,0.0965,true,1,38272
7290107958035,false,יוגורט במתיקות מעודנת 2% ללא תוספת סוכר- מארז 8 יח,דנונה - שטראוס,IL,שטראוס,ליטרים,1.20,ליטר,false,,17.90,14.9167,true,1,29446
7290107958639,false,מטבוחה אחלה מרוקאית חריפה 400 גר',מיוצר עי קונדיטוריית,IL,שטראוס,גרמים,400.00,100 גרם,false,,14.90,0.0373,true,1,29447
7290107971751,false,מי פה קולגייט טוטל ללא אלכוהול פפרמינט,יבואן ומשווק: ש. שסט,PL,קולגייט מי פה פלאקס 500מל,מיליליטרים,500.00,"100 מ""ל",false,,10.90,0.0218,true,1,19532
7290107973038,false,"פלמוליב סבון ידיים אקווריום 300 מ""ל",הנסיך- מפעל לייצור ט,IT,פלמוליב,מיליליטרים,300.00,"100 מ""ל",false,,10.90,0.0363,true,1,19541
7290107973861,false,מאסטר שף - עגבניות קצוצות דק שלישיה 400 גרם * 3,קונסרזיו קאסאלאסקו ד,IT,מאסטר שף,גרמים,1200.00,100 גרם,false,,15.90,0.0133,true,1,19549
7290107974066,false,"עלי טורטיה קמח מלא 20ס""מ 8יח' מאסטר שף 320ג'",אלקאטי קורביישיסי,DE,מאסטר שף,גרמים,320.00,100 גרם,false,,7.90,0.0247,true,1,19554
7290107974073,false,מנה עלי טורטיה קמח לבן מ.שף 20 סמ 320 גר,הנסיך- מפעל לייצור ט,DE,מאסטר שף,גרמים,320.00,100 גרם,false,,7.90,0.0247,true,1,19555
7290107974301,false,ליידי ספיד סטיק - דאודורנט ג'ל לאישה אלוורה 45 גרם,ליידי ספיד סטיק Lady Speed Stick,US,ליידי ספיד סטיק,גרמים,65.00,100 גרם,false,,24.90,0.3831,true,1,27071
7290107975544,false,"קולגייט משחת שיניים סמיילס ברבי לגילאי 6 50מ""ל",קולגייט פלמוליב,PL,קולגייט,מיליליטרים,50.00,"100 מ""ל",false,,11.90,0.2380,true,1,27710
7290107978101,false,מש.שיניים קולגייט א.וויט אקסטרה פאוור 75,קולגייט-פלמוליב,PL,קולגייט,מיליליטרים,75.00,"100 מ""ל",false,,24.90,0.3320,true,1,31347
7290107978323,false,מאסטר שף איטריות דקיקות 400 גר,הדקלאים אגודת שיתופי,PL,מאסטר שף,גרמים,400.00,100 גרם,false,,3.90,0.0097,true,1,27349
7290107978330,false,מאסטר שף איטריות דקות 400 גרם,הדקלאים אגודת שיתופי,PL,מאסטר שף,גרמים,400.00,100 גרם,false,,3.90,0.0097,true,1,27350
7290107978347,false,מאסטר שף איטריות בינוניות 400 גר,הדקלאים אגודת שיתופי,PL,מאסטר שף,גרמים,400.00,100 גרם,false,,3.90,0.0097,true,1,27351
7290107978453,false,חטיף קראנצ'וס גריל 5,קראנצ'וס,IL,קראנצוס,גרמים,55.00,100 גרם,false,,2.00,0.0364,true,1,27697
7290108350128,false,סנו סושי שקיות אשפה חזקות במיוחד 40 יח',מיוצר עי קונדיטוריית,IL,סנו סושי,יח',40.00,יח',false,,22.90,0.5725,true,1,9963
7290108350203,false,כריות קרצוף אקסטרה חזקות עם ספוג מקציף - 6 יח',סנו סושי,IL,כריות קירצוף +ספוג ס,יח',6.00,יח',false,,9.50,1.5833,true,1,9971
7290108350210,false,סנו סושי שקיות אשפה חזקות 30 יח' XL,מיוצר עי קונדיטוריית,IL,סנו סושי,יח',30.00,יח',false,,24.90,0.8300,true,1,9972
7290108350531,false,סנו ספארק נוזל כלים בניחוח קלאסי עם משאבה 1 ל',מיוצר עי קונדיטוריית,IL,ספארק,ליטרים,1.00,ליטר,false,,10.90,10.9000,true,1,9978
7290108350555,false,נוזל כלים סנו ספארק Spark היפואלרגני פריחת השקד,סנו,IL,ספארק,ליטרים,1.00,ליטר,false,,10.90,10.9000,true,1,9980
7290108350616,false,סנו - מקסימה מרכך כביסה מרוכז פריחה כחולה 1 ליטר,"סנו מפעלי ברונוס בע""",IL,מקסימה,ליטרים,1.00,ליטר,false,,16.90,16.9000,true,1,9985
7290108350623,false,מרכך כביסה סופר מרוכז סופט סילק מקסימה 1 ל' סנו,"סנו מפעלי ברונוס בע""",IL,מקסימה,ליטרים,1.00,ליטר,false,,16.90,16.9000,true,1,9986
7290108350647,false,"כיף פיות קרם מתיר קשרים 350 מ""ל-מרכז",קוסמופארם,IL,כיף,מיליליטרים,350.00,"100 מ""ל",false,,19.90,0.0569,true,1,9988
7290108351156,false,סנו - ג'ט לניקוי כללי ורצפות בתוספת חומץ 1.5 ליטר,"סנו מפעלי ברונוס בע""",IL,*מבצע* ג'ט לניקוי כל,ליטרים,1.50,ליטר,false,,9.90,6.6000,true,1,10009
7290108351507,false,מרכך כביסה מקסימה סופט סילק 4 ל' סנו,סנו מקסימה,IL,מקסימה,ליטרים,4.00,ליטר,false,,21.90,5.4750,true,1,10011
7290108351514,false,מרכך כביסה בבישום עוצמתי פריחה כחולה,סנו מקסימה,IL,מקסימה,ליטרים,4.00,ליטר,false,,21.90,5.4750,true,1,10012
7290108351545,false,מטהר אוויר סנו פרש הום בניחוח מרכך,מיוצר עי קונדיטוריית,IL,מבשם יבש סנו פרש הום,מיליליטרים,200.00,"100 מ""ל",false,,10.90,0.0545,true,1,32444
7290108351552,false,"סנו - ג'ט לניקוי כללי בתוספת חומץ בניחוח לבנדר 750 מ""ל","סנו מפעלי ברונוס בע""",IL,מרסס סנו ג'ט חומץ 75,מיליליטרים,750.00,"100 מ""ל",false,,11.90,0.0159,true,1,29682
7290108351569,false,מבשם ומרכך למייבש כביסה Baby לתינוקות ולעור רגיש,"איי, בי, אינבוו",IL,סנו,מיליליטרים,750.00,"100 מ""ל",false,,16.90,0.0225,true,1,27657
7290108351583,false,"סנו - ג'ט פלוס חומץ ג'ל לניקוי אסלות לבנדר 750 מ""ל",טרופיקל דגיל תעשיות,IL,סנו ג'ט,מיליליטרים,750.00,"100 מ""ל",false,,9.90,0.0132,true,1,31969
7290108351590,false,"סנופרש הום בלו בלוסון בניחוח מרכך כביסה 350 מ""ל",סנו פרש Fresh,IL,סנופרש,מיליליטרים,350.00,"100 מ""ל",false,,10.90,0.0311,true,1,27658
7290108351606,false,מטהר אוויר בלו בלוסום סנו פרש הום 350 מל,סנו,IL,סנופרש,מיליליטרים,350.00,"100 מ""ל",false,,10.90,0.0311,true,1,27659
7290108351613,false,סנו ריצפז פרש הום 2 ליטר בניחוח מלון חלומי,"סנו מפעלי ברונוס בע""",IL,ריצפז,ליטרים,2.00,ליטר,false,,19.90,9.9500,true,1,27364
7290108351699,false,סנו - ג'ט מטליות לחות לניקוי כללי בתוספת חומץ לבנדר שלישיה,סנו מפעלי ברונוס על,IL,מגבוני ניקוי כללי של,יח',3.00,יח',false,,19.90,6.6333,true,1,49580
7290108351705,false,פניני בישום fresh linen גר 275,value smart prodacts,IL,מקסימה,גרמים,275.00,100 גרם,false,,19.90,0.0724,true,1,53910
7290108351712,false,פניני בישום לכביסה 275 ג' מקסימה,value smart prodacts,IL,מקסימה,גרמים,275.00,100 גרם,false,,19.90,0.0724,true,1,53911
7290108351781,false,ג'ל לניקוי אסלות + חומץ ומלח לימון בריח הדרים,"סנו מפעלי ברונוס בע""",IL,סנו ג'ט,מיליליטרים,750.00,"100 מ""ל",false,,9.90,0.0132,true,1,50778
7290108351804,false,סנו - מקסימה מרכך כביסה מרוכז ג'נטל בריז 1 ליטר,מיוצר עי קונדיטוריית,IL,מקסימה,ליטרים,1.00,ליטר,false,,16.90,16.9000,true,1,53571
7290108351811,false,מקסימה מרכך כביסה סופר מרוכז פלור טאצ' 1 ליטר,מיוצר עי קונדיטוריית,IL,מקסימה,ליטרים,1.00,ליטר,false,,16.90,16.9000,true,1,53572
7290108351835,false,מרכך כביסה בבישום עוצמתי פלורל טאצ',מיוצר עי קונדיטוריית,IL,מקסימה,ליטרים,4.00,ליטר,false,,21.90,5.4750,true,1,54618
7290108351842,false,"מקסימה בושם מרוכז לכביסה FOREVER כחול 600מ""ל","איי, בי, אינבוו",IL,מקסימה בושם כביסה כח,מיליליטרים,600.00,"100 מ""ל",false,,19.90,0.0332,true,1,50763
7290108351859,false,"מקסימה בושם מרוכז לכביסה FOREVER ורוד 600מ""ל",סנו מקסימה,IL,מקסימה בושם כביסה ור,מיליליטרים,600.00,"100 מ""ל",false,,19.90,0.0332,true,1,50764
7290108351972,false,מטהר אוויר סנו פרש הום מלון בוטיק 200 מל,מיוצר עי קונדיטוריית,IL,מבשם יבש סנו פרש הום,מיליליטרים,200.00,"100 מ""ל",false,,10.90,0.0545,true,1,54619
7290108351996,false,"חיטוי בייבי 99.9% לחיטוי וניקוי בסביבת תינוקות 750 מ""ל",סנו,IL,*מבצע* מרסס חיטוי מש,מיליליטרים,750.00,"100 מ""ל",false,,9.90,0.0132,true,1,52921
7290108352047,false,אורביטול - צמד מברשות שיניים 808 + חוט דנטלי במתנה,סנו,IL,אורביטול,יח,2.00,יח,false,,19.90,9.9500,true,1,65123
7290108352153,false,גל ניקוי אסלות סנובון לוטוס וסחלב 750 מל,מיוצר עי קונדיטוריית,IL,סנובון,מיליליטרים,750.00,"100 מ""ל",false,,8.90,0.0119,true,1,58083
7290108352207,false,מקסימה קפסולות לכביסה פלורל 40 יחידות,טרופיקל דגיל תעשיות,IL,*מבצע* קפסולות לכביס,יחי,40.00,יחי,false,,29.90,0.7475,true,1,58183
7290108352269,false,דלי מטליות לחיטוי ולניקוי 99.9 % 400 יח' סנו,הורביץ סחר,IL,מגבונים לניקוי כללי,יח',400.00,יח',false,,29.90,0.0747,true,1,58103
7290108352399,false,ריצפז פרש הום בניחוח מרכך כביסה פלורל טאצ',"סנו מפעלי ברונוס בע""",IL,ריצפז,ליטרים,2.00,ליטר,false,,19.90,9.9500,true,1,64449
7290108352412,false,"סנו - פרש הום מבשם לבית ולטקסטיל ורד אנגלי ועלים 300 מ""ל",מיוצר עי קונדיטוריית,IL,מבשם אויר סנו פרש הו,מיליליטרים,300.00,"100 מ""ל",false,,12.90,0.0430,true,1,58747
7290108352436,false,סנובון מוצק בניחוח נגוליה ונרולי שלישייה,סנו מפעלי ברונוס בעמ,IL,סנובון,יח',3.00,יח',false,,12.90,4.3000,true,1,59252
7290108352443,false,סנובון מוצק בניחוח לוטוס וסחלב שלישייה,סנו מפעלי ברונוס בעמ,IL,סנובון,יח',3.00,יח',false,,12.90,4.3000,true,1,59253
7290108352450,false,ריצפז פרש הום בניחוח מרכך כביסה בלו בלוסום,סנו מפעלי ברונוס בעמ,IL,ריצפז,ליטרים,2.00,ליטר,false,,19.90,9.9500,true,1,59983
7290108352474,false,"מטהר אוויר סנומוד ליידי קוקו 150 מ""ל","סנו מפעלי ברונוס בע""",IL,סנומוד,מיליליטרים,150.00,"100 מ""ל",false,,9.90,0.0660,true,1,60382
7290108352481,false,"מטהר אוויר סנומוד נרסיסוס 150 מ""ל","סנו מפעלי ברונוס בע""",IL,סנומוד,מיליליטרים,150.00,"100 מ""ל",false,,9.90,0.0660,true,1,60383
7290108352511,false,ניקוי וחיטוי מכונת הכביסה בתוספת חומץ סנו מקסימה,"איי, בי, אינבוו",IL,מקסימה לניקוי וחיטוי,מיליליטרים,500.00,"100 מ""ל",false,,11.90,0.0238,true,1,61646
7290108352528,false,"מתז לחיטוי וניקוי חדר האמבטיה 99.9% 750 מ""ל","איי, בי, אינבוו",IL,*מבצע* מרסס לחיטוי ו,מיליליטרים,750.00,"100 מ""ל",false,,9.90,0.0132,true,1,61647
7290108352535,false,סנו - מקסימה דפי בישום לחים למייבש הכביסה בניחוח מרכך כביסה,סנו מקסימה,IL,דפי בישום לחים למייב,יח',20.00,יח',false,,12.90,0.6450,true,1,63144
7290108352566,false,מרכך כביסה בבישום עוצמתי 4 ל' סנו מקסינה,"סנו מפעלי ברונוס בע""",IL,מקסימה,ליטרים,4.00,ליטר,false,,21.90,5.4750,true,1,63444
7290108352573,false,מרכך כביסה מקסימה בבישום עוצמתי 4 ל' סנו,סנו,IL,מקסימה,ליטרים,4.00,ליטר,false,,21.90,5.4750,true,1,65344
7290108352641,false,סנו סושי מטלית הפלא לניקוי כללי במארז שלישייה,סנו מפעלי ברונוס.,IL,מטלית הפלא לניקוי כל,יח',3.00,יח',false,,14.90,4.9667,true,1,27662
7290108352672,false,מטלית הפלא לריצפה זוג סנו סושי,סנו מפעלי ברונוס.,IL,מטליות הפלא לריצפה ז,יח',2.00,יח',false,,19.90,9.9500,true,1,27663
7290108352689,false,סנו סושי כריות קרצוף ללכלוך קשה 9 יח',טרופיקל דגיל תעשיות,US,כריות קירצוף סנו סוש,יח',9.00,יח',false,,9.50,1.0556,true,1,10016
7290108352788,false,שקיות סנו סושי L זיפר 20 יח,פיין ונטג,IL,שקיות זיפר 20 יח סנו,יח',20.00,יח',false,,9.90,0.4950,true,1,51315
7290108352795,false,שקיות סנו סושי M זיפר 50 יח,סנו סושי,IL,שקיות זיפר 50 יח סנו,יח',50.00,יח',false,,9.90,0.1980,true,1,51316
7290108352801,false,"שקיות אשפה S לפחים קטנים 56*45 ס""מ בניחוח עדין","סנו מפעלי ברונוס בע""",IL,סנו סושי,יח',100.00,יח',false,,18.90,0.1890,true,1,31970
7290108352825,false,ספוג הפלא נירוסטה סנו סושי 3יח',s.k.a.t ltdסנו מפעלי,CN,סנו,יח',3.00,יח',false,,9.90,3.3000,true,1,35930
7290108352849,false,שלישיית מטליות הפלא לניקוי כללי דקור סנו סושי,טרופיקל דגיל תעשיות,IL,מטלית הפלא לניקוי כל,יח',3.00,יח',false,,14.90,4.9667,true,1,59863
7290108352863,false,סנו סושי שקיות צלייה 20יח' מידה L,מיוצר עי קונדיטוריית,TR,סנו סושי,יח',20.00,יח',false,,7.90,0.3950,true,1,49890
7290108352870,false,סנו סושי שקיות צלייה 10יח' מידה XL,מיוצר עי קונדיטוריית,IL,סנו סושי,יח',10.00,יח',false,,7.90,0.7900,true,1,49891
7290108352894,false,סנו סושי מפת שולחן חגיגית,שואוגאנג,IL,מפת שולחן חגיגית סנו,יח',1.00,יח',false,,7.90,7.9000,true,1,50979
7290108352955,false,"4 תבניות אקסטרא חזקות 31*16ס""מ סנו",יויו טינואט,IL,תבניות אינגליש 4 יח,יח',4.00,יח',false,,10.90,2.7250,true,1,51188
7290108352986,false,"3 תבניות XL אקסטרא חזקות 40*29ס""מ סנו",סנו,IL,תבניות ענקיות 3 יח,יח',3.00,יח',false,,10.90,3.6333,true,1,51191
7290108353006,false,שקיות מזון נקשרות סנו סושי 250 יח',מיוצר עי קונדיטוריית,IL,סנו סושי,יח',250.00,יח',false,,11.90,0.0476,true,1,52923
7290108353037,false,"תבניות אפיה עגולות מנייר קוטר 21 ס""מ",מיוצר עי קונדיטוריית,CN,סנו סושי,יח',4.00,יח',false,,11.90,2.9750,true,1,53737
7290108353044,false,תב.אפייה מנייר סנו סושי מאפינס גדול 24 י,מיוצר עי קונדיטוריית,CN,סנו סושי,יח',24.00,יח',false,,11.90,0.4958,true,1,53738
7290108353068,false,ספוג הפלא נירוסטה עם סיבי קירצוף סנו סושי 2 יח',מיוצר עי קונדיטוריית,IL,זוג כריות קירצוף עם,יח',2.00,יח',false,,9.90,4.9500,true,1,53573
7290108353099,false,ממחטות אף במארז ניילון סנו סופט 5 יח' * 100 דף,טרופיקל דגיל תעשיות,IL,סנו סופט,יח',5.00,יח',false,,12.90,2.5800,true,1,53599
7290108353372,false,צמד מברשת שיניים 12000פחם סיבים אורביטול,סנו,IL,מארז זוג מברשות שיני,יח',2.00,יח',false,,29.90,14.9500,true,1,67386
7290108353471,false,סבון מוצק סנובון DESIGN ספא בודד,סנו,IL,סנובון דיזיין בניחוח,יחידה,0.00,יחידה,false,,6.90,0.0000,true,1,54627
7290108353488,false,סנו - סנובון מעוצב בניחוח סחלב פראי,מיוצר עי קונדיטוריית,IL,סנובון דיזיין בניחוח,יחידה,0.00,יחידה,false,,6.90,0.0000,true,1,54628
7290108353501,false,סנו סושי שקיות אשפה עם ידיות 25 יח' XXL,טרופיקל דגיל תעשיות,IL,שקיות אשפה 25 יח' עם,יח',25.00,יח',false,,19.90,0.7960,true,1,55111
7290108353518,false,"תבניות אלומיניום עם ידיות אחיזה 34*29 ס""מ",קריניסה ויטמין אס אי,CN,זוג תבניות עם ידיות,יח',2.00,יח',false,,10.90,5.4500,true,1,55112
7290108353525,false,תבניות אלומיניום סנו סושי+ידית 4 יח L,קריניסה ויטמין אס אי,CN,תבניות גדולות 4 יח ע,יח',4.00,יח',false,,10.90,2.7250,true,1,55113
7290108353532,false,"שקיות אשפה נשלפות עם שרוך 65*54 ס""מ L",סנו סושי,IL,שקיות אשפה 100 יח' ב,יח',100.00,יח',false,,29.90,0.2990,true,1,55114
7290108353549,false,נייר אפייה סנו סושי 100 יח,"טופ פלסט 2002 בע""מ",IL,נייר אפייה סנו סושי,יח',100.00,יח',false,,19.90,0.1990,true,1,61426
7290108353648,false,סנו סושי - שקיות אוכל מנייר 70 יחידות,"אשפלסט תעשיות בע""מ",IL,סנו סושי,יח',70.00,יח',false,,10.90,0.1557,true,1,58556
7290108353679,false,סנו סושי – ניילון שקופות 10 מפות,מיוצר עי קונדיטוריית,IL,סנו סושי,יח',1.00,יח',false,,14.90,14.9000,true,1,56494
7290108353686,false,מטלית חלומית לריצפה מיקרופייבר,נינגבו סנבנג,CN,סנו סושי,יח',1.00,יח',false,,10.90,10.9000,true,1,59864
7290108353709,false,כפפות ניטריל שחורות 80 יח' S סנו סושי,סנו,IL,כפפות ניטריל מידה s,יח',80.00,יח',false,,28.90,0.3612,true,1,67396
7290108353723,false,"קרמה - תחליב רחצה חימר תה ירוק 500 מ""ל",קרמה,IL,*מבצע* תחליב רחצה קר,מיליליטרים,500.00,"100 מ""ל",false,,9.90,0.0198,true,1,65126
7290108353747,false,"תחליב רחצה אירוודה, בניחוח טונקה 600 מ""ל קרימה",קוסמופארם,IL,תחליב רחצה אירוודה ב,מיליליטרים,600.00,"100 מ""ל",false,,17.90,0.0298,true,1,68736
7290108353778,false,"נקה 7 - תחליב רחצה שוודיה בניחוח פיטנגו 750 מ""ל","אמיליה קוסמטיקס בע""מ",IL,נקה 7,מיליליטרים,750.00,"100 מ""ל",false,,9.90,0.0132,true,1,59534
7290108353785,false,תחליב רחצה נקה 7 מרוקו בניחוח טונקה 750,"אמיליה קוסמטיקס בע""מ",IL,נקה 7,מיליליטרים,750.00,"100 מ""ל",false,,9.90,0.0132,true,1,59535
7290108353792,false,"תחליב רחצה נקה יפן פריחת הדובדבנים 750 מ""ל","אמיליה קוסמטיקס בע""מ",IL,נקה 7,מיליליטרים,750.00,"100 מ""ל",false,,9.90,0.0132,true,1,59533
7290108353808,false,"תחליב רחצה נקה מדגסקר בניחות אמבר 750 מ""ל","אמיליה קוסמטיקס בע""מ",IL,נקה 7,מיליליטרים,750.00,"100 מ""ל",false,,9.90,0.0132,true,1,59536
7290108353839,false,כפפות ניטריל שחורות 80 יח' M סנו סושי,סנו,IL,כפפות ניטריל מידה m,יח',80.00,יח',false,,28.90,0.3612,true,1,67397
7290108353846,false,כפפות ניטריל שחורות 80 יח' L סנו סושי,סנו,IL,כפפות ניטריל מידה L,יח',80.00,יח',false,,28.90,0.3612,true,1,67398
7290108353907,false,"קרמה - דאודורנט רול און לאישה קרמה קלאסי 75 מ""ל","קוסמופארם בע""מ",IL,קרמה,מיליליטרים,75.00,"100 מ""ל",false,,12.90,0.1720,true,1,58740
7290108353952,false,"קרמה - דאודורנט ספריי לאישה קרמה קלאסי 150 מ""ל","אמיליה קוסמטיקס בע""מ",IL,קרמה,מיליליטרים,150.00,"100 מ""ל",false,,12.90,0.0860,true,1,62753
7290108353983,false,"קרמה - קרם גוף קרמה קלאסי 500 מ""ל",טרופיקל דגיל תעשיות,IL,קרמה,מיליליטרים,500.00,"100 מ""ל",false,,19.90,0.0398,true,1,59254
7290108353990,false,"קרמה - קרם גוף קרמה מאסק 500 מ""ל",טרופיקל דגיל תעשיות,IL,קרמה,מיליליטרים,500.00,"100 מ""ל",false,,19.90,0.0398,true,1,59255
7290108354065,false,"קרמה - מן ג'ל רחצה פילינג 700 מ""ל",קוסמופארם בע''מ,IL,קרמה מן,מיליליטרים,700.00,"100 מ""ל",false,,14.90,0.0213,true,1,64829
7290108354225,false,"סנו מדיק היגניק ג'ל לניקוי ידיים 100 מ""ל",טרופיקל דגיל תעשיות,CN,סנו מדיק,מיליליטרים,100.00,"100 מ""ל",false,,9.90,0.0990,true,1,59263
7290108354270,false,מרכך כביסה מרוכז בבישום עוצמתי 1 ל' סנו מקסימה,מיוצר עי קונדיטוריית,IL,מקסימה,ליטרים,1.00,ליטר,false,,16.90,16.9000,true,1,63442
7290108354430,false,"שמפו כיף לשיקום והזנה שמן קוקוס וקרטין 700 מ""ל",קוסמופארם בעמ,IL,שמפו כיף שמן קוקוס ו,מיליליטרים,700.00,"100 מ""ל",false,,11.90,0.0170,true,1,60384
7290108354447,false,"מרכך כיף לשיקום והזנה שמן קוקוס וקרטין 700 מ""ל",גוד פוד פרודקטס S.p,IL,מרכך כיף קוקוס וקרטי,מיליליטרים,700.00,"100 מ""ל",false,,11.90,0.0170,true,1,60385
7290108354492,false,"קרליין - שמפו 10 שמן ארגן 700 מ""ל",קרליין Careline,IL,שמפו 10 שמן ארגן קרל,מיליליטרים,700.00,"100 מ""ל",false,,12.90,0.0184,true,1,65130
7290108354591,false,"תחליב רחצה בניחוח מי קקטוס ושמן באבאסו 750 מ""ל נקה 7","אמיליה קוסמטיקס בע""מ",IL,נקה 7,מיליליטרים,750.00,"100 מ""ל",false,,9.90,0.0132,true,1,67044
7290108354614,false,"מרכך בניחוח מי קקטוס ושמן באבאסו 750 מ""ל נקה 7","אמיליה קוסמטיקס בע""מ",IL,נקה 7,מיליליטרים,750.00,"100 מ""ל",false,,10.90,0.0145,true,1,67041
7290108354621,false,"מסיכה לשיער לחות מוגברת עם אפרסק וחמאת מורומורו 500 מ""ל כיף",סנו,IL,מסיכה לשיער לחות מוג,מיליליטרים,500.00,"100 מ""ל",false,,24.90,0.0498,true,1,67387
7290108354751,false,"סנו - ג'ט מרסס לניקוי כללי בתוספת אבקת סודה 750 מ""ל","סנו מפעלי ברונוס בע""",IL,מרסס סנו ג'ט +סודה 7,מיליליטרים,750.00,"100 מ""ל",false,,11.90,0.0159,true,1,50779
7290108354850,false,"קרמה דאודורנט רול און בריזת ים 75 מ""ל",קרמה Crema,IL,קרמה,מיליליטרים,75.00,"100 מ""ל",false,,12.90,0.1720,true,1,58741
7290108354911,false,"שמפו, ג'ל רחצה וגילוח מועשר בתמצית אלוורה",טרופיקל דגיל תעשיות,IL,*מבצע* קרמה מן 3 ב-1,מיליליטרים,700.00,"100 מ""ל",false,,14.90,0.0213,true,1,56708
7290108355000,false,"שמפו מיניונים לילדים נקה 7 750 מ""ל",נקה 7,IL,נקה 7,מיליליטרים,750.00,"100 מ""ל",false,,10.90,0.0145,true,1,10023
7290108355031,false,"נקה 7 אל סבון לילדים מיניונים 750 מ""ל",נקה 7,IL,נקה 7,מיליליטרים,750.00,"100 מ""ל",false,,10.90,0.0145,true,1,10026
7290108355055,false,לחו.לשיער מקצועי גלייז נטורל פורמולה 400,נטורל פורמולה Natural Formula,IL,נטורל פורמולה,מיליליטרים,400.00,"100 מ""ל",false,,29.90,0.0747,true,1,26986
7290108355147,false,"תחליב רחצה נקה 7שמני רחצה 750 מ""ל","אמיליה קוסמטיקס בע""מ",IL,נקה 7,מיליליטרים,750.00,"100 מ""ל",false,,9.90,0.0132,true,1,31971
7290108355154,false,"שמפו שמני הזנה 750 מ""ל נקה 7","אמיליה קוסמטיקס בע""מ",IL,נקה 7,מיליליטרים,750.00,"100 מ""ל",false,,10.90,0.0145,true,1,31972
7290108355161,false,"מרכך שיער שמני הזנה 750 מ""ל נקה 7","אמיליה קוסמטיקס בע""מ",IL,נקה 7,מיליליטרים,750.00,"100 מ""ל",false,,10.90,0.0145,true,1,31973
7290108355178,false,"קרמה - קרם ידיים חמאת שיאה וקוקוי 100 מ""ל",קוסמופארם,IL,קרמה,מיליליטרים,100.00,"100 מ""ל",false,,9.90,0.0990,true,1,59264
7290108355208,false,"שמפו קרטין אינטנס למניעת קשקשים נטורל 400 מ""ל",נטורל פורמולה Natural Formula,IL,נטורל פורמולה,מיליליטרים,400.00,"100 מ""ל",false,,29.90,0.0747,true,1,30336
7290108355451,false,"קרמה - דאודורנט רול און לאישה קרמה ורד ווניל 75 מ""ל",קרמה Crema,IL,קרמה,מיליליטרים,75.00,"100 מ""ל",false,,12.90,0.1720,true,1,58742
7290108355536,false,"קרמה - דאודורנט ספריי לאישה קרמה ורד וניל 150 מ""ל","אמיליה קוסמטיקס בע""מ",IL,קרמה,מיליליטרים,150.00,"100 מ""ל",false,,12.90,0.0860,true,1,62755
7290108356045,false,"כיף תחליב רחצה בניחות גלידת סוכריות גלי 700 מ""ל",קוסמופארם,IL,כיף,מיליליטרים,700.00,"100 מ""ל",false,,10.90,0.0156,true,1,50302
7290108356106,false,"תחליב רחצה כיף שקדים 700 מ""ל",קוסמופארם,IL,כיף,מיליליטרים,700.00,"100 מ""ל",false,,10.90,0.0156,true,1,50293
7290108356113,false,"כיף תחליב רחצה דבש 700 מ""ל-מרכז",קוסמופארם בעמ,IL,כיף,מיליליטרים,700.00,"100 מ""ל",false,,10.90,0.0156,true,1,50294
7290108356120,false,"תחליב רחצה כיף קוקוס וניל 700 מ""ל",קוסמופארם,IL,כיף,מיליליטרים,700.00,"100 מ""ל",false,,10.90,0.0156,true,1,50295
7290108356137,false,"כיף - תחליב רחצה לבנדר 700 מ""ל",קוסמופארם,IL,כיף,מיליליטרים,700.00,"100 מ""ל",false,,10.90,0.0156,true,1,50296
7290108356151,false,"תחליב רחצה כיף מאסק יסמין 700 מ""ל",גוד פוד פרודקטס S.p,IL,כיף,מיליליטרים,700.00,"100 מ""ל",false,,10.90,0.0156,true,1,50297
7290108356168,false,"כיף - תחליב רחצה אוקיינוס 700 מ""ל",גוד פוד פרודקטס S.p,IL,כיף,מיליליטרים,700.00,"100 מ""ל",false,,10.90,0.0156,true,1,50298
7290108356175,false,אל סבון כיף בניחוח אבטיח ומנטה 1 ל,טרופיקל דגיל תעשיות,IL,כיף,ליטרים,1.00,ליטר,false,,11.90,11.9000,true,1,58370
7290108356199,false,אל סבון כיף בניחוח אפרסק ופלפל שחור 1 ל,טרופיקל דגיל תעשיות,IL,כיף,ליטרים,1.00,ליטר,false,,11.90,11.9000,true,1,58372
7290108356229,false,ג'ל גילוח לכל סוגי העור מועשר בפחם פעיל,טרופיקל דגיל תעשיות,TR,קרמה מן,מיליליטרים,200.00,"100 מ""ל",false,,13.90,0.0695,true,1,57054
7290108356489,false,"כיף - תחליב רחצה אפרסק וחמאת מורומורו 700 מ""ל",קוסמופארם,IL,כיף,מיליליטרים,700.00,"100 מ""ל",false,,10.90,0.0156,true,1,65131
7290108356519,false,קרליין שמפו 10למניעת קשקשים 700מל,קרליין Careline,IL,שמפו 10 לשיער רגיל ק,מיליליטרים,700.00,"100 מ""ל",false,,12.90,0.0184,true,1,64437
7290108356533,false,קרוליין 10 שמפו לשיער מתולתל 700 מל,קרליין Careline,IL,שמפו 10 לשיער מתולתל,מיליליטרים,700.00,"100 מ""ל",false,,12.90,0.0184,true,1,64439
7290108356564,false,"קרליין - מרכך 10 לשיער רגיל 700 מ""ל",קרליין Careline,IL,מרכך 10 לשיער רגיל ק,מיליליטרים,700.00,"100 מ""ל",false,,12.90,0.0184,true,1,64442
7290108356571,false,"קרליין - מרכך 10 לשיער יבש 700 מ""ל",קרליין Careline,IL,מרכך 10 לשיער יבש קר,מיליליטרים,700.00,"100 מ""ל",false,,12.90,0.0184,true,1,64443
7290108356588,false,קרוליין 10 מרכך לשיער מתולתל 700 מל,קרליין Careline,IL,מרכך 10 לשיער מתולתל,מיליליטרים,700.00,"100 מ""ל",false,,12.90,0.0184,true,1,64444
7290108356595,false,קרוליין 10 מרכך לשיער צבוע 700 מל,קרליין Careline,IL,מרכך 10 לשיער צבוע ק,מיליליטרים,700.00,"100 מ""ל",false,,12.90,0.0184,true,1,64445
7290108356809,false,סבון בוטני ורד ומרווה לניקוי וטיפוח הידיים טבעוני 1 ל' כיף,"קוסופארם בע""מ",IL,כיף סבון בוטני ורד מ,ליטרים,1.00,ליטר,false,,14.90,14.9000,true,1,67388
7290108356854,false,מגבוני בייבי כיף בניוח עדין מארז חמישייה,בייבי כיף Baby,IL,*מבצע* מגבוני בייבי,יח',5.00,יח',false,,17.90,3.5800,true,1,60895
7290108356861,false,מגבוני בייבי כיף ללא בישום מארז חמישייה,בייבי כיף Baby,IL,*מבצע* מגבוני בייבי,יח',5.00,יח',false,,17.90,3.5800,true,1,60896
7290108357004,false,"שמפו כיף ורד ושמן קוקוי 700 מ""ל",טרופיקל דגיל תעשיות,IL,שמפו כיף ושמן קוקוי,מיליליטרים,700.00,"100 מ""ל",false,,11.90,0.0170,true,1,55569
7290108357011,false,"מרכך כיף ורד ושמן קוקוי 700 מ""ל",טרופיקל דגיל תעשיות,IL,מרכך כיף ושמן קוקוי,מיליליטרים,700.00,"100 מ""ל",false,,11.90,0.0170,true,1,55570
7290108357028,false,"תחליב רחצה כיף ורד ושמן קוקוי 700 מ""ל",קוסמופארם בעמ,IL,כיף,מיליליטרים,700.00,"100 מ""ל",false,,10.90,0.0156,true,1,55571
7290108357073,false,"קרליין - נושם ביו דאודורנט ספריי 150 מ""ל Blossoms Citrus לאישה",קרליין Careline,IL,קרליין נושם ביו דאוד,מיליליטרים,150.00,"100 מ""ל",false,,12.90,0.0860,true,1,65137
7290108357097,false,"קרליין - נושם ביו דאודורנט ספריי 150 מ""ל Velvet Rose לאישה",קרליין Careline,IL,קרליין נושם ביו דאוד,מיליליטרים,150.00,"100 מ""ל",false,,12.90,0.0860,true,1,65139
7290108357189,false,"מבשם ומרכך למייבש הכביסה מקסימה פלורל 750 מ""ל סנו","איי, בי, אינבוו",IL,סנו,מיליליטרים,750.00,"100 מ""ל",false,,16.90,0.0225,true,1,55315
7290108357196,false,"ג'ט פלוס לניקוי כללי בתוספת תמצית עץ התה 750 מ""ל סנו",מיוצר עי קונדיטוריית,IL,מרסס סנו ג'ט תמצית ע,מיליליטרים,750.00,"100 מ""ל",false,,11.90,0.0159,true,1,62066
7290108357202,false,סנוקליר לניקוי בניחוח בלו בלוסום 1 ליטר,"סנו מפעלי ברונוס בע""",IL,סנוקליר,ליטרים,1.00,ליטר,false,,10.90,10.9000,true,1,60386
7290108357226,false,"אוקסיגן POWER אבקה לכביסה לבנה והסרת כתמים 1.4 ק""ג סנו",סנו,IL,אבקה להלבנה עוצמתית,קילוגרמים,1.40,"ק""ג",false,,29.90,21.3571,true,1,64450
7290108357233,false,סנוקליר מטליות לחות לניקוי והברקה 50יח,סנו קליר,IL,מטליות לחות לניקוי ו,יח',50.00,יח',false,,11.90,0.2380,true,1,65128
7290108357257,false,סנו - פרש מכשיר אוטומטי לבישום אוויר בתוספת מילוי אולטרא פרש,סנו,IL,סנו פרש מכשיר אוטומט,יח',1.00,יח',false,,44.90,44.9000,true,1,67042
7290108357271,false,סנובון ג'ל לניקוי אסלות עם חמצן פעיל לניקוי עוצמתי,סנו,IL,סנובון,מיליליטרים,750.00,"100 מ""ל",false,,8.90,0.0119,true,1,66022
7290108357288,false,אקונומיקה ז'אוול בניחוח פריחה לבנה 4 ל' סנו,סנו ז'אוול Javel,IL,סנו ז'אוול,ליטרים,4.00,ליטר,false,,16.90,4.2250,true,1,64452
7290108357295,false,"סנו - אוקסיג'ן פאוור מרסס להסרת כתמים 750 מ""ל",סנו,IL,אוקסיג'ן,מיליליטרים,750.00,"100 מ""ל",false,,17.90,0.0239,true,1,67038
7290108357301,false,"סנו - K300 קוטל חרקים תיקנים ונמלים 300 מ""ל","סנו מפעלי ברונוס בע""",IL,מרסס K301,מיליליטרים,300.00,"100 מ""ל",false,,11.90,0.0397,true,1,65346
7290108357660,false,סבון ג'ל לאסלה בניחוח לבנדר 3 יח' סנו,,,סנובון באבלס בניחוח,יח',3.00,יח',false,,14.90,4.9667,true,1,70182
7290108357707,false,"כיף שמפו לשיער רגיל-תפוח זרעי צ'יה 700 מ""ל",גוד פוד פרודקטס S.p,IL,שמפו כיף תפוח זרעי צ,מיליליטרים,700.00,"100 מ""ל",false,,11.90,0.0170,true,1,50854
7290108357714,false,"כיף שמפו לשיער יבש -רימונים ושמן ארגן 700 מ""ל",גוד פוד פרודקטס S.p,IL,שמפו כיף רימונים ושמ,מיליליטרים,700.00,"100 מ""ל",false,,11.90,0.0170,true,1,50855
7290108357769,false,"מרכך לשיער רגיל תפוח וזרעי צ'יה 700 מ""ל כיף",גוד פוד פרודקטס S.p,IL,מרכך כיף תפוח זרעי צ,מיליליטרים,700.00,"100 מ""ל",false,,11.90,0.0170,true,1,50856
7290108357776,false,"כיף מרכך לשיער יבש -רימונים ושמן ארגן 700 מ""ל",גוד פוד פרודקטס S.p,IL,מרכך כיף רימונים ושמ,מיליליטרים,700.00,"100 מ""ל",false,,11.90,0.0170,true,1,50861
7290108357851,false,"כיף - ג'ל רחצה אליקסיר אוילס מועשר בשמן קוקוס 700 מ""ל","קוסמופארם בע""מ",IL,כיף,מיליליטרים,700.00,"100 מ""ל",false,,10.90,0.0156,true,1,64446
7290108357868,false,"כיף - ג'ל רחצה אליקסיר אויל מועשר בשמן מקדמיה 700 מ""ל",קוסמופארם,IL,כיף,מיליליטרים,700.00,"100 מ""ל",false,,10.90,0.0156,true,1,64447
7290108357875,false,"כיף - שמפו לחות מוגברת עם אפרסק וחמאת מורומורו 700 מ""ל",קוסמופארם,IL,שמפו לחות מוגברת עם,מיליליטרים,700.00,"100 מ""ל",false,,11.90,0.0170,true,1,65132
7290108357882,false,"כיף - מרכך לחות מוגברת עם אפרסק וחמאת מורומורו 700 מ""ל",קוסמופארם,IL,מרכך לחות מוגברת עם,מיליליטרים,700.00,"100 מ""ל",false,,11.90,0.0170,true,1,65133
7290108358070,false,"תחליב רחצה קרמה קלאסי 700 מ""ל",גוד פוד פרודקטס S.p,IL,קרמה,מיליליטרים,700.00,"100 מ""ל",false,,14.90,0.0213,true,1,59258
7290108358087,false,"תחליב רחצה קרמה מאסק 700 מ""ל",גוד פוד פרודקטס S.p,IL,קרמה,מיליליטרים,700.00,"100 מ""ל",false,,14.90,0.0213,true,1,59259
7290108358100,false,"פרש הום מקלות ריחניים לבית בניחוח בייבי 100 מ""ל",סנו,IL,מקלות ריחניים לבית B,מיליליטרים,100.00,"100 מ""ל",false,,19.90,0.1990,true,1,64453
7290108358124,false,דפי בישום לחים למייבש הכביסה בניחוח מרכך כביסה 20 יח' מקסימה,סנו,IL,דפי בישום לחים למייב,יח',20.00,יח',false,,12.90,0.6450,true,1,69658
7290108359008,false,סושי שקיות זיפר עם סליידר 15 יח לארג',סנו,IL,שקיות זיפר 15 יח' L,יח',20.00,יח',false,,13.90,0.6950,true,1,64830
7290108359015,false,סושי שקיות זיפר עם סליידר 20 יח מדיום,סנו,IL,שקיות זיפר 20 יח' M,יח',20.00,יח',false,,13.90,0.6950,true,1,64831
7290108359060,false,סנו סושי כריות הפלא רב תכלתיות *4 לשבת,סנו,IL,כריות ניקוי לשבת סנו,יח',4.00,יח',false,,9.90,2.4750,true,1,63061
7290108359077,false,סנו - סופט לושן ממחטות אף בקופסא 3 שכבות 120 יח',סנו סופט Soft,IL,ממחטות אף 3 שכבות בת,יח',120.00,יח',false,,12.90,0.1075,true,1,64448
7290108359084,false,כיסוי ניילון עם גומי 30 יח' M סנו סושי,סנו,IL,כיסוי ניילון עם גומי,יח',30.00,יח',false,,9.90,0.3300,true,1,68718
7290108359091,false,כיסוי ניילון עם גומי 30 יח' L סנו סושי,סנו,IL,כיסוי ניילון עם גומי,יח',30.00,יח',false,,9.90,0.3300,true,1,68719
7290108359114,false,סושי חמגשית אלומיניום עם מכסה,סנו,IL,חמגשית אלומיניום עם,יח',10.00,יח',false,,9.90,0.9900,true,1,64832
7290108359152,false,"תבנית אלומיניום עגולה 25 ס""מ -6 יחי סנו סושי",סנו,IL,תבניות אלומיניום עגו,יח',6.00,יח',false,,9.90,1.6500,true,1,68720
7290108359169,false,"תבנית אלומיניום עגולה 628 ס""מ יחי סנו סושי",סנו,IL,תבניות אלומיניום עגו,יח',6.00,יח',false,,9.90,1.6500,true,1,68721
7290108359176,false,סופט ממחטות אף צמד בשקית לושן 3 שכבות,סנו,IL,ממחטות אף 3 שכבות סו,יח',200.00,יח',false,,12.90,0.0645,true,1,70183
7290108359190,false,סושי מגבת הפלא 4 יח' = 12 גליל ארוך פי 3,סנו,IL,מגבות נייר 4=12 סנו,מטרים,126.96,מטר,false,,24.90,0.1961,true,1,70902
7290108359213,false,"נייר טואלט סנו סופט גלילים כפולים, 18 יח'",סנו,IL,נייר טואלט סופט ג'מב,מטרים,674.80,מטר,false,,39.90,0.0591,true,1,71186
7290108359824,false,"כיף - בייבי כיף קרם 500 מ""ל",קוסמופארם בעמ,IL,כיף,מיליליטרים,500.00,"100 מ""ל",false,,19.90,0.0398,true,1,50026
7290108359879,false,"אלסבון בייבי כיף+משאבה 750 מ""ל",קוסמופארם בעמ,IL,כיף,מיליליטרים,750.00,"100 מ""ל",false,,14.90,0.0199,true,1,50029
7290108359893,false,"תחליב רחצה בייבי כיף+משאבה 750 מ""ל",גוד פוד פרודקטס S.p,IL,כיף,מיליליטרים,750.00,"100 מ""ל",false,,14.90,0.0199,true,1,50030
7290108359985,false,סנו - ז'אוול מרסס קצף לניקוי וחינו בניחוח פריחה לבנה 1 ליטר,סנו ז'אוול Javel,IL,סנו ז'אוול,ליטרים,1.00,ליטר,false,,14.90,14.9000,true,1,64455
7290108500271,false,שלישית פטריות מהדרין חתוכות 290 ג' ויליפוד,לוטס,NL,וילי פוד,גרמים,290.00,100 גרם,false,,11.90,0.0410,true,1,10846
7290108500677,false,כבד דג שיבוט מעושן בשמן הדג,"איטיליאן פוד, אס.פי.",IS,וילי פוד,גרמים,115.00,100 גרם,false,,7.90,0.0687,true,1,10853
7290108501346,false,גבינה גאודה מגורדת 28% 500 גר,Euro יורו מחלבות אירופה,DE,סיי צייז,גרמים,500.00,100 גרם,false,,24.90,0.0498,true,1,28288
7290108501360,false,גבינת צ'דר בשלה 200גרם MATURED ORANGE,Wyke Farms,,גבינה גאודה 150 ג,גרמים,200.00,100 גרם,false,,17.90,0.0895,true,1,30943
7290108501407,false,גבינת צ'דר מיושנת 200גרם VINTAGE,וויקה פארמס אל.טי.די,GB,גבינה גאודה 150 ג,גרמים,200.00,100 גרם,false,,17.90,0.0895,true,1,30944
7290108501490,false,גבינה מוצרלה פרוסות ו.פוד 150ג',ליטא,DE,גבינת מוצרלה פרוסות,גרמים,150.00,100 גרם,false,,12.90,0.0860,true,1,32401
7290108501964,false,חטיף אגוזים וצימוקים הפי נאטס מארז 35X4ג',ואמראליס,GR,*מבצע* חטיף שקדים וצ,גרמים,140.00,100 גרם,false,,9.90,0.0707,true,1,31821
7290108501988,false,חטיף שקדים וחמוציות הפי נוטס מארז 35X4ג',ואמראליס,GR,*מבצע* חטיף שקדים וח,גרמים,140.00,100 גרם,false,,9.90,0.0707,true,1,31823
7290108502305,false,גבינת גרדה פדנו משולש 150 גר`וילי פוד,וילי פוד,IT,וילי פוד,גרמים,150.00,100 גרם,false,,16.90,0.1127,true,1,50562
7290108502329,false,רביעית טונה בשמן זית וילי פוד 4*160 גר,גולדן פרייז,TH,רביעית נתחי טונה בשמ,גרמים,640.00,100 גרם,false,,26.90,0.0420,true,1,49122
7290108502336,false,גבינת גורגונזולה איטלקית 150 גרם 29% שומן,איגור SRL,IT,וילי פוד,גרמים,150.00,100 גרם,false,,15.90,0.1060,true,1,31824
7290108502381,false,בסיסים להכנת פיצה קוטר 26 וילי פוד 480ג',מוטלוקל גידה סאנאי ט,TR,וילי פוד,גרמים,480.00,100 גרם,false,,8.90,0.0185,true,1,53509
7290108502725,false,גבינת גאודה פרוסות 400 גר`וילי פוד,Euro יורו מחלבות אירופה,IL,גבינת גאודה פרוסות 4,גרמים,400.00,100 גרם,false,,19.90,0.0497,true,1,49151
7290108502763,false,גבינת קממבר 200 גרם,פטוראז',FR,גבינת קממבר 200 גרם,גרמים,200.00,100 גרם,false,,19.90,0.0995,true,1,49142
7290108502862,false,מלפפונים כבושים במלח 18-25קטנים מאוד 600ג',וילי פוד,TR,*מבצע* מלפפונים במלח,גרמים,600.00,100 גרם,false,,8.90,0.0148,true,1,50818
7290108503043,false,תפוחונים חטיף פלחים מיובשים מארז 22X4ג',ינטאי זונגקאן פוד קו,CN,תפוחונים,גרמים,88.00,100 גרם,false,,14.90,0.1693,true,1,50352
7290108503067,false,פרמזנו משולש ויליפוד,וילי פוד,IT,וילי פוד,גרמים,150.00,100 גרם,false,,13.90,0.0927,true,1,50565
7290108503159,false,גבינה כחולה עם עובש 31% שומן,קסוס אל פסטור,ES,EURO CHEESE,גרמים,100.00,100 גרם,false,,9.90,0.0990,true,1,50103
7290108503647,false,"אורז בסמטי מובחר דאווט 1 ק""ג",אל.טי.פודס בעמ,IN,DAAWAT,קילוגרמים,1.00,"ק""ג",false,,11.90,11.9000,true,1,51405
7290108503791,false,ניוקי תפוח אדמה 3 צבעים 500 גרם (ללא גלוטן),סיימה אלימנטרי,IT,ניוקי תפוחי אדמה 3 צ,1,1.00,1,false,,11.90,11.9000,true,1,70217
7290108504699,false,נתחי טונה בשמן קנולה רביעיה * 160 ג' וילי פוד,גולדן פרייז,TH,וילי פוד,גרמים,640.00,100 גרם,false,,21.90,0.0342,true,1,53793
7290108505153,false,יוגורט בטעם טבעי 2% שומן 150 ג',Euro יורו מחלבות אירופה,GR,יורו,גרמים,150.00,100 גרם,false,,4.90,0.0327,true,1,56432
7290108505160,false,יוגורט עם אגסים 4% שומן 150 גרם,Euro יורו מחלבות אירופה,GR,יורו,גרמים,150.00,100 גרם,false,,4.90,0.0327,true,1,56433
7290108505177,false,יוגורט עם אננס 150 גרם 0% שומן,Euro יורו מחלבות אירופה,GR,יורו,גרמים,150.00,100 גרם,false,,4.90,0.0327,true,1,56434
7290108505184,false,יוגורט עם קוקוס 5% שומן 150 גרם,Euro יורו מחלבות אירופה,GR,יורו,גרמים,150.00,100 גרם,false,,4.90,0.0327,true,1,56435
7290108505191,false,יוגורט עם פצפוצי שוקולד 5% שומן 150 גרם,Euro יורו מחלבות אירופה,GR,יורו,גרמים,150.00,100 גרם,false,,4.90,0.0327,true,1,56436
7290108505207,false,יוגורט ען אוכמניות 0% שומן 150 גרם,Euro יורו מחלבות אירופה,GR,יורו,גרמים,150.00,100 גרם,false,,4.90,0.0327,true,1,56437
7290108505214,false,יוגורט עם אפרסק 150 גרם 0% שומן,Euro יורו מחלבות אירופה,GR,יורו,גרמים,150.00,100 גרם,false,,4.90,0.0327,true,1,56438
7290108505733,false,צמות - גבינה חצי קשה 25% שומן 200 ג',אונטד גידה,TR,יורו,גרמים,200.00,100 גרם,false,,12.90,0.0645,true,1,57112
7290108505740,false,גבינת קשקבל חצי קשה25% שומן 200גר,Euro יורו מחלבות אירופה,TR,יורו,גרמים,200.00,100 גרם,false,,12.90,0.0645,true,1,57113
7290108506037,false,יוגורט בטעם טבעי 5% שומן דלתא 150 ג',Euro יורו מחלבות אירופה,GR,יורו,גרמים,150.00,100 גרם,false,,4.90,0.0327,true,1,60083
7290108506426,false,בייגלה קראנצ'י טורקי אותנטי - מוקפא,וילי פוד,TR,*מבצע* סימיט בייגלה,גרמים,400.00,100 גרם,false,,12.90,0.0323,true,1,70140
7290108506495,false,"כנאפה מאפה בצק ""שערות"" קדאיף וגבינה",ארמה גרופ,TR,פינוקים,גרמים,192.50,100 גרם,false,,12.90,0.0670,true,1,56855
7290108506518,false,אצבעות בצק פילו ממולאות גבינה ותרד 500 ג' ויליפוד,סיהאן גידה,TR,אצבעות בצק פילו ממול,גרמים,500.00,100 גרם,false,,15.90,0.0318,true,1,64226
7290108506709,false,גבינת פרמג'יאנו רג'יאנו 150 גר' רבנות,וילי פוד,IT,וילי פוד,גרמים,150.00,100 גרם,false,,17.90,0.1193,true,1,56741
7290108506969,false,מאפה בורקס מים תורכי - גבינה 300 ג',וילי פוד,TR,EURO,גרמים,300.00,100 גרם,false,,14.90,0.0497,true,1,58392
7290108507058,false,ביסקויט פריך בשוקולד חלב 100 גרם -קהילות,מודרן צ'יקולטה,TR,ביסקוויט פריך בשוקול,גרמים,100.00,100 גרם,false,,6.90,0.0690,true,1,64070
7290108507065,false,גבינת פרמג'יאנו רג'יאנו מגורדת 100 גרם,זנאתי,IT,גבינת פרמג'יאנו רג'י,גרמים,100.00,100 גרם,false,,13.90,0.1390,true,1,60907
7290108507072,false,שבבי גבינת גרנה פדנו 100 גרם,זנאתי,IT,וילי פוד,גרמים,100.00,100 גרם,false,,9.90,0.0990,true,1,60906
7290108507188,false,"כנאפה קפוא 657 גרם אריזה משפחתית חתם סופר פ""ת",ארמה גרופ,TR,כנאפה אריזה משפחתית,גרמים,657.50,100 גרם,false,,19.90,0.0303,true,1,59137
7290108507645,false,ביסקויט פריך בשוקולד מריר 100 גרם -קהילות,מודרן צ'יקולטה,TR,ביסקוויט פריך בשוקול,גרמים,100.00,100 גרם,false,,6.90,0.0690,true,1,64071
7290108507652,false,ביסקויט פריך בשוקולד לבן 100 גרם -קהילות,מודרן צ'יקולטה,TR,ביסקוויט פריך בשוקול,גרמים,100.00,100 גרם,false,,6.90,0.0690,true,1,64072
7290108508031,false,ויליפוד אננס שלם 830 גרם,אנגס פארם,TH,אננס שלם 830 גרם,גרמים,830.00,100 גרם,false,,10.90,0.0131,true,1,69520
7290108508499,false,"איירן משקה יוגורט בסגנון טורקי יורו 293 מ""ל",Euro יורו מחלבות אירופה,TR,איירן משקה יוגורט בג,מיליליטרים,293.00,"100 מ""ל",false,,4.90,0.0167,true,1,61263
7290108508963,false,גבינת קשקבל מגורדת 25% 200 גרם,Euro יורו מחלבות אירופה,TR,יורו,גרמים,200.00,100 גרם,false,,13.90,0.0695,true,1,61179
7290108509113,false,"גבינה בולגרית מעודנת 18% שומן 250 גרם חת""ס פ""ת",Euro יורו מחלבות אירופה,TR,יורו,גרמים,250.00,100 גרם,false,,9.90,0.0396,true,1,61975
7290108509205,false,ויליפוד חטיף אורז אפוי לתינוקות טבעי 50 גרם,נמצ'או,TH,חטיפבייבי טבעי לתינו,גרמים,50.00,100 גרם,false,,11.90,0.2380,true,1,63849
7290108509359,false,פופקורן בציפוי בטעם קרמל 90 ג' ויליפוד,סנרו ס.א,UA,פופקורן בציפוי בטעם,גרמים,90.00,100 גרם,false,,7.90,0.0878,true,1,63513
7290108509397,false,עלי בצק פילו [משולשים] 360 גרם,ארמה גרופ,TR,וילי פוד,גרמים,360.00,100 גרם,false,,9.90,0.0275,true,1,61801
7290108509595,false,גבינה מלוחה עם עגבניות מיובשות וריחן 24%,,GR,גבינה מלוחה עם עגבני,גרמים,153.00,100 גרם,false,,15.90,0.1039,true,1,70483
7290108509700,false,"אורז פרסי דוואט 1 ק""",אל טי פוד,IN,"אורז פרסי דוואט 1 ק""",קילוגרמים,1.00,"ק""ג",false,,9.90,9.9000,true,1,62435
7290108509755,false,גבינה חלומי 250 גרם 23% שומן,,קפריסין,גבינת חלומי 250 ג 23,גרמים,250.00,100 גרם,false,,24.90,0.0996,true,1,70252
7290108509908,false,"מנת השף בשקית-אטריות בטעם ירקות 85 ג' חתם סופר ב""ב",וילי פוד - מנת השף,TH,מנת השף אטריות להכנה,גרמים,85.00,100 גרם,false,,3.90,0.0459,true,1,64091
7290108509915,false,"מנת השף בשקית-אטריות בטעם סיני פיקנטי 85 ג' חתם סופר ב""ב",וילי פוד - מנת השף,TH,מנת השף אטריות להכנה,גרמים,85.00,100 גרם,false,,3.90,0.0459,true,1,64092
7290108509922,false,"מנת השף בשקית-אטריות בטעם עוף 85 ג' חתם סופר ב""ב",וילי פוד - מנת השף,TH,מנת השף אטריות להכנה,גרמים,85.00,100 גרם,false,,3.90,0.0459,true,1,64093
7290109351971,false,פריכיות דגנים פיטנס מצופות שוקולד חלב,נסטלה Nestle,IL,פיטנס בר פריכיות שוק,גרמים,84.00,100 גרם,false,,11.90,0.1417,true,1,5157
7290109354101,false,לחמית ללא גלוטן 200 ג' אסם,אסם,IL,לחמית,גרמים,200.00,100 גרם,false,,9.90,0.0495,true,1,27429
7290109354996,false,פתי בר ללא גלוטן שוקו 200 גרם אסם,מיוצר עי קונדיטוריית,IL,אסם,גרמים,200.00,100 גרם,false,,9.90,0.0495,true,1,5198
7290109358765,false,דגני בוקר קראנץ' רולס נוגט 450 גרם,"אסם השקעות בע""מ",IL,CRUNCH,גרמים,450.00,100 גרם,false,,19.90,0.0442,true,1,26491
7290109580043,false,"שניצל תירס קלאסי זוגלובק 1.75 ק""ג",זוגלובק,IL,זוגלובק,קילוגרמים,1.75,"ק""ג",false,,49.90,28.5143,true,1,59407
7290109580050,false,נקניקיות צ'וריסוס וונדרס 0% בשר טבעוני ללא גלוטן,זוגלובק וונדרס Wonders,IL,נקניקיות צ'וריסוס וו,גרמים,226.00,100 גרם,false,,26.90,0.1190,true,1,61251
7290109580067,false,"טחון וונדרס 0% בשר , טבעוני",זוגלובק וונדרס Wonders,IL,טחון וונדרס 340 גרם,גרמים,340.00,100 גרם,false,,26.90,0.0791,true,1,61252
7290109580098,false,קבנוס בטעם סרירצ'ה 135 ג' זוגלובק,זוגלובק,IL,זוגלובק,גרמים,135.00,100 גרם,false,,9.90,0.0733,true,1,65257
7290109580104,false,רוסביף פרימיום 150 גרם זוגלובק,זוגלובק,IL,זוגלובק,גרמים,150.00,100 גרם,false,,22.90,0.1527,true,1,60984
7290109580111,false,"צלעות אסאדו מעושנות פרימיום, 120 גרם",זוגלובק,IL,זוגלובק,גרמים,120.00,100 גרם,false,,22.90,0.1908,true,1,64608
7290109580166,false,סרוולד קלאסי פרימיום 150 גרם זוגלובק,זוגלובק,IL,זוגלובק,גרמים,150.00,100 גרם,false,,22.90,0.1527,true,1,60988
7290109580210,false,נקנקיות ריינהולד'ס הצרפתיה זוגלובק 300 ג',זוגלובק,IL,זוגלובק,גרמים,300.00,100 גרם,false,,19.90,0.0663,true,1,64415
7290109580227,false,נקניקיות עוף ובקר בסגנון ברלינאי קאריוורסט,זוגלובק,IL,זוגלובק,גרמים,300.00,100 גרם,false,,19.90,0.0663,true,1,64416
7290109580234,false,"נקניקיות מרגז חריפות וונדרס 0% בשר, טבעוני",זוגלובק וונדרס Wonders,IL,נקניקיות מרגז וונדרס,גרמים,226.00,100 גרם,false,,26.90,0.1190,true,1,64682
7290109580432,false,פסטרמה חזה הודו מעושן 120 גר' זוגלובק,זוגלובק,IL,זוגלובק,גרמים,120.00,100 גרם,false,,12.90,0.1075,true,1,67723
7290109920313,false,"אסטוניש מרסס לניקוי חלונות 750 מ""ל",יעקבי- אסטוניש Astonish,GB,אסטוניש,מיליליטרים,750.00,"100 מ""ל",false,,11.90,0.0159,true,1,29600
7290109920627,false,"אסטוניש קרם ואקונומיקה לניקוי אמבטיות 500 מ""ל",אסטוניש,GB,אסטוניש,מיליליטרים,500.00,"100 מ""ל",false,,10.90,0.0218,true,1,30519
7290109920665,false,"אסטוניש - מרסס מסיר אוכל שרוף במטבח 750 מ""ל",יעקבי- אסטוניש Astonish,GB,אסטוניש,מיליליטרים,750.00,"100 מ""ל",false,,11.90,0.0159,true,1,29605
7290109921075,false,"נוזל דזיטול מחטא בגדים בכביסה 500 מ""ל",מרקה,BE,דזיטול נוזל מחטא בגד,מיליליטרים,500.00,"100 מ""ל",false,,12.90,0.0258,true,1,70438
7290109921723,false,"דורגול ג'ל לאסלה 750 מ""ל",,,יעקבי,מיליליטרים,750.00,"100 מ""ל",false,,19.90,0.0265,true,1,60847
7290109921853,false,אסטוניש המשחה המקורית לניקוי עם עוצמה,יעקבי- אסטוניש Astonish,GB,יעקבי,גרמים,150.00,100 גרם,false,,17.90,0.1193,true,1,60789
7290109923024,false,"אסטוניש - מרסס פרמיום ארומטיק למטבח 750 מ""ל",אסטוניש,GB,*מבצע* אסטוניש מרסס,מיליליטרים,750.00,"100 מ""ל",false,,13.90,0.0185,true,1,65165
7290109923031,false,"מרסס פרמיום ארומטיק למקלחון 750 מ""ל אסטוניש",אסטוניש,GB,*מבצע* אסטוניש מרסס,מיליליטרים,750.00,"100 מ""ל",false,,13.90,0.0185,true,1,65166
7290109923048,false,"אסטוניש - מרסס פרמיום ארומטיק לכל הבית 750 מ""ל",אסטוניש,GB,*מבצע* אסטוניש מרסס,מיליליטרים,750.00,"100 מ""ל",false,,13.90,0.0185,true,1,65167
7290109923147,false,אסטוניש מהדורה פרימיום פלא של אקונומיקה,יעקבי- אסטוניש Astonish,GB,*מבצע* אסטוניש מרסס,מיליליטרים,750.00,"100 מ""ל",false,,13.90,0.0185,true,1,67969
7290110000493,false,חמאת בוטנים טבעית קראנצ'י 350 גר',"בטר אנד דיפרנט בע""מ",IL,בטר אנד דיפרנט,גרמים,350.00,100 גרם,false,,13.90,0.0397,true,1,58610
7290110058814,false,ביצי שוקולד סמיילי שלישייה,זאיני,IT,דיסני,יח',3.00,יח',false,,12.90,4.3000,true,1,51657
7290110058821,false,שלישיית ביצי שוקולד הלו קיטי,זאיני,IT,דיסני,יח',3.00,יח',false,,12.90,4.3000,true,1,30227
7290110110024,false,"פאנטה תות פחית סליק 330מ""ל",קוקה קולה ישראל,IL,פאנטה,מיליליטרים,330.00,"100 מ""ל",false,,5.00,0.0152,true,1,27768
7290110110277,false,"סומרסבי סיידר תפוחים אלכוהולי 4*300 מ""ל","קרלסברג קרואטיה , יב",IL,סומרסבי,מיליליטרים,1320.00,"100 מ""ל",false,,24.90,0.0189,true,1,31902
7290110110659,false,"ספרייט לימון ליים פחית 330מ""ל",החברה המרכזית לייצור,IL,פחית פאנטה,מיליליטרים,330.00,"100 מ""ל",false,,5.00,0.0152,true,1,31156
7290110110703,false,מארז ספרייט שישייה פחיות FRIDGE PACK,קוקה קולה ישראל,IL,קוקה קולה,ליטרים,1.98,ליטר,false,,22.00,11.1111,true,1,31157
7290110113261,false,נקטר אושן ספריי 19 קלוריות חמוציות 1 ליטר,פריגת,IL,אושן ספריי,ליטרים,1.00,ליטר,false,,11.90,11.9000,true,1,63772
7290110114787,false,נביעות + תפוח 1.5 ליטר פיקדון,נביעות טבע הגליל בעמ,IL,נביעות+ תפוח 1.5 ליט,ליטרים,1.50,ליטר,false,,8.00,5.3333,true,1,63806
7290110114800,false,נביעות פלוס בטעם ענבים 1.5 ליטר-,"נביעות טבע הגליל בע""",IL,נביעות+ ענבים 1.5 לי,ליטרים,1.50,ליטר,false,,8.00,5.3333,true,1,63808
7290110114824,false,נביעות+רכיבי פרי אבטיח 1.5 ליטר פיקדון,"נביעות טבע הגליל בע""",IL,נביעות + רכיבי פרי א,ליטרים,1.50,ליטר,false,,8.60,5.7333,true,1,63810
7290110114855,false,"נביעות מים מינרליים, שישיה 6 * 1.5 ליטר פקדון",נביעות טבע הגליל בעמ,IL,נביעות שישייה 1.5 לי,ליטרים,9.00,ליטר,false,,12.40,1.3778,true,1,63813
7290110114893,false,פריגת סחוט טרי תפוז 2 ליטר,פריגת מצוננים,IL,סחוט טבעי,ליטרים,2.00,ליטר,false,,23.70,11.8500,true,1,63597
7290110114954,false,מיץ תפוזים מתקתקים 100% 2 ל' פריגת,"גת,גבעת חיים",IL,פריגת,ליטרים,2.00,ליטר,false,,19.90,9.9500,true,1,63600
7290110114961,false,מיץ בטעם תפוזים 1.5ל' פריגת,מבשלות בירה בינלאומי,IL,פריגת,ליטרים,1.50,ליטר,false,,8.80,5.8667,true,1,63814
7290110114985,false,פריגת אשכולית 1.5 ליטר פיקדון,מבשלות בירה בינלאומי,IL,פריגת,ליטרים,1.50,ליטר,false,,8.80,5.8667,true,1,63816
7290110114992,false,פריגת light אשכולית 1.5 ליטר פיקדון,מבשלות בירה בינלאומי,IL,פריגת,ליטרים,1.50,ליטר,false,,8.30,5.5333,true,1,63817
7290110115005,false,פריגת ענבים 1.5 ליטר פיקדון,מבשלות בירה בינלאומי,IL,פריגת,ליטרים,1.50,ליטר,false,,8.80,5.8667,true,1,63818
7290110115012,false,מיץ ענבים בניחוח מרלו 1.5 ל' פריגת,פריגת,IL,פריגת,ליטרים,1.50,ליטר,false,,8.80,5.8667,true,1,63819
7290110115029,false,"פריגת משק""ל תפוח 1.5 ליטר פיקדון",מבשלות בירה בינלאומי,IL,פריגת,ליטרים,1.50,ליטר,false,,8.80,5.8667,true,1,63820
7290110115036,false,פריגת מנגו 1.5 ליטר פיקדון,מבשלות בירה בינלאומי,IL,פריגת,ליטרים,1.50,ליטר,false,,8.80,5.8667,true,1,63821
7290110115043,false,פריגת לימונענע 1.5 ליטר פיקדון,מבשלות בירה בינלאומי,IL,פריגת,ליטרים,1.50,ליטר,false,,8.80,5.8667,true,1,63822
7290110115050,false,פריגת מיקס תות בננה 1.5 ליטר פיקדון,מבשלות בירה בינלאומי,IL,פריגת,ליטרים,1.50,ליטר,false,,8.80,5.8667,true,1,63823
7290110115067,false,פריגת אפרסק 1.5 ליטר פיקדון,מבשלות בירה בינלאומי,IL,פריגת,ליטרים,1.50,ליטר,false,,8.80,5.8667,true,1,64015
7290110115081,false,פריגת צלול ענבים 1.5 ליטר פיקדון,מבשלות בירה לישראל ב,IL,פריגת צלול ענבים 1.5,ליטרים,1.50,ליטר,false,,8.30,5.5333,true,1,63825
7290110115098,false,פריגת צלול תפוחים 1.5 ליטר פיקדון,מבשלות בירה לישראל ב,IL,פריגת צלול תפוחים 1.,ליטרים,1.50,ליטר,false,,8.30,5.5333,true,1,63826
7290110115111,false,פריגת צלול אננס 1.5 ליטר פיקדון,מבשלות בירה לישראל ב,IL,פריגת צלול אננס 1.5,ליטרים,1.50,ליטר,false,,8.30,5.5333,true,1,63828
7290110115203,false,קוקה קולה 1.5 ליטר פיקדון,קוקה קולה Coca Cola,IL,קוקה קולה 1.5 ליטר,ליטרים,1.50,ליטר,false,,8.60,5.7333,true,1,63840
7290110115210,false,דיאט קוקה קולה 1.5 ליטר פיקדון,קוקה קולה Coca Cola,IL,DIET COKE,ליטרים,1.50,ליטר,false,,8.10,5.4000,true,1,63841
7290110115227,false,קוקה קולה זירו 1.5 ליטר -,קוקה קולה Coca Cola,IL,DIET COKE,ליטרים,1.50,ליטר,false,,8.30,5.5333,true,1,63842
7290110115234,false,קוקה קולה זירו נטול 1.5 ליטר -,החברה המרכזית לייצור,IL,קוקה קולה זירו נטול,ליטרים,1.50,ליטר,false,,8.30,5.5333,true,1,63843
7290110115241,false,קוקה קולה זירו לימון 1.5 ליטר -,החברה המרכזית לייצור,IL,DIET COKE,ליטרים,1.50,ליטר,false,,8.30,5.5333,true,1,63844
7290110115265,false,ספרייט לימון ליים 1.5 ליטר-,החברה המרכזית לייצור,IL,ספרייט,ליטרים,1.50,ליטר,false,,8.80,5.8667,true,1,63852
7290110115272,false,ZERO ספרייט זירו 1.5 ליטר פיקדון,החברה המרכזית לייצור,IL,ספרייט,ליטרים,1.50,ליטר,false,,8.30,5.5333,true,1,63853
7290110115289,false,ספרייט 19 קל' לימון-נענע 1.5 ליטר פיקדון,החברה המרכזית לייצור,IL,ספרייט,ליטרים,1.50,ליטר,false,,8.30,5.5333,true,1,63854
7290110115296,false,פאנטה אורנג' 1.5 ליטר פיקדון,החברה המרכזית לייצור,IL,פאנטה,ליטרים,1.50,ליטר,false,,8.80,5.8667,true,1,63858
7290110115302,false,פאנטה ZERO אורנג' 1.5 ליטר פיקדון,החברה המרכזית לייצור,IL,פאנטה,ליטרים,1.50,ליטר,false,,8.30,5.5333,true,1,63859
7290110115319,false,פאנטה אקזוטיק 1.5 ליטר פיקדון,החברה המרכזית לייצור,IL,פאנטה,ליטרים,1.50,ליטר,false,,8.80,5.8667,true,1,63860
7290110115333,false,פאנטה תות 1.5 ליטר פיקדון,החברה המרכזית לייצור,IL,פאנטה,ליטרים,1.50,ליטר,false,,8.80,5.8667,true,1,63862
7290110115340,false,פאנטה ענבים 1.5 ליטר פיקדון,קוקה קולה,IL,פאנטה,ליטרים,1.50,ליטר,false,,8.80,5.8667,true,1,63863
7290110115357,false,קינלי סודה 1.5 ליטר פיקדון,קינלי Kinley,IL,סודה 1.5 ליטר,ליטרים,1.50,ליטר,false,,3.30,2.2000,true,1,64400
7290110115364,false,קוקה קולה שישיות 1.5 ליטר פיקדון,החברה המרכזית לייצור,IL,קוקה קולה שישייה 1.5,ליטרים,9.00,ליטר,false,,49.30,5.4778,true,1,63846
7290110115371,false,דיאט קוקה קולה שישיות 1.5 ליטר פיקדון,החברה המרכזית לייצור,IL,דיאט קוקה קולה שישיי,ליטרים,9.00,ליטר,false,,46.10,5.1222,true,1,63847
7290110115388,false,ספרייט ליים שישיות 1.5 ליטר פיקדון,החברה המרכזית לייצור,IL,ספרייט,ליטרים,9.00,ליטר,false,,49.30,5.4778,true,1,63855
7290110115395,false,ZERO ספרייט שישיות 1.5 ליטר פיקדון,החברה המרכזית לייצור,IL,ספרייט,ליטרים,9.00,ליטר,false,,46.10,5.1222,true,1,63856
7290110115401,false,קינלי סודה שישייה 1.5 ליטר פיקדון,החברה המרכזית לייצור,IL,קינלי סודה,ליטרים,9.00,ליטר,false,,14.70,1.6333,true,1,63857
7290110115418,false,מארז שישייה קוקה קולה זירו 1.5 ל',החברה המרכזית לייצור,IL,קוקה קולה זירו שישיי,ליטרים,9.00,ליטר,false,,46.10,5.1222,true,1,63848
7290110115425,false,FUZE TEA גרין לימונענע -נענע 1.5 ליטר פיקדון,מבשלות בירה בינלאומי,IL,פיוזטי,ליטרים,1.50,ליטר,false,,8.50,5.6667,true,1,63865
7290110115449,false,אייס תה בטעם מנגו אננס 1.5ל' FUZE TEA,מבשלות בירה בינלאומי,IL,פיוזטי,ליטרים,1.50,ליטר,false,,9.00,6.0000,true,1,63867
7290110115456,false,"תה קר בטעם אפרסק 19 קלוריות ב- 100 מ""ל",מבשלות בירה בינלאומי,IL,פיוזטי,ליטרים,1.50,ליטר,false,,8.50,5.6667,true,1,63868
7290110115463,false,אייס תה בטעם אפרסק 1.5ל' FUZE TEA,מבשלות בירה בינלאומי,IL,פיוזטי,ליטרים,1.50,ליטר,false,,9.00,6.0000,true,1,63869
7290110115494,false,אייס תה בטעם ענבים 1.5ל' FUZE TEA,מבשלות בירה בינלאומי,IL,פיוזטי,ליטרים,1.50,ליטר,false,,9.00,6.0000,true,1,63871
7290110115531,false,פאנטה אורנג' זירו תפוח 1.5 ליטר-,החברה המרכזית לייצור,IL,פאנטה,ליטרים,1.50,ליטר,false,,8.30,5.5333,true,1,63864
7290110115593,false,פריגת אשכוליות 40% פחות סוכר 1.5 ליטר פיקדון,מבשלות בירה בינלאומי,IL,פריגת אשכוליות 19 קל,ליטרים,1.50,ליטר,false,,8.30,5.5333,true,1,63831
7290110115609,false,פריגת ענבים 40% פחות סוכר 1.5 ליטר פיקדון,מבשלות בירה בינלאומי,IL,פריגת ענבים 19 קלורי,ליטרים,1.50,ליטר,false,,8.30,5.5333,true,1,63832
7290110115616,false,FUZE tea zero גרין אננס 1.5 ליטר פיקדון,מבשלות בירה בינלאומי,IL,FUZE TEA,ליטרים,1.50,ליטר,false,,8.50,5.6667,true,1,63995
7290110115623,false,משקה פיוז טי זירו ZERO בטעם אפרסק,מבשלות בירה בינלאומי,IL,FUZE TEA,ליטרים,1.50,ליטר,false,,8.50,5.6667,true,1,63996
7290110116125,false,סירופ בטעם פטל 750 מל פריגת,סירופ - גבעת חיים,IL,סירופ בטעם פטל 750 מ,מיליליטרים,750.00,"100 מ""ל",false,,22.90,0.0305,true,1,68543
7290110116132,false,סירופ בטעם לימון 750 מל פריגת,סירופ - גבעת חיים,IL,סירופ בטעם לימון 750,מיליליטרים,750.00,"100 מ""ל",false,,22.90,0.0305,true,1,68544
7290110116149,false,סירופ בטעם ענבים 750 מל פריגת,סירופ - גבעת חיים,IL,סירופ בטעם ענבים 750,מיליליטרים,750.00,"100 מ""ל",false,,22.90,0.0305,true,1,68545
7290110116170,false,נביעות+רכיבי פרי אננס-קוקוס 1.5 ליטר-,נביעות,IL,נביעות + בטעם אננס ק,ליטרים,1.50,ליטר,false,,8.60,5.7333,true,1,68538
7290110116194,false,נביעות+ סדרת 0 קלוריות לימון-ליים 1.5 לי,"נביעות טבע הגליל בע""",IL,נביעות + לימון ליים,ליטרים,1.50,ליטר,false,,8.60,5.7333,true,1,68539
7290110116217,false,נביעות+ סדרת 0 קלוריות אשכוליות 1.5 ליטר,"נביעות טבע הגליל בע""",IL,נביעות + אשכולית 0 ק,ליטרים,1.50,ליטר,false,,8.60,5.7333,true,1,68540
7290110116316,false,"קוקה קולה חג שמח, שישיה 6 * 1.5 ליטר",החברה המרכזית קולה,IL,קוקה קולה שישייה 1.5,מיליליטרים,9000.00,"100 מ""ל",false,,49.30,0.0055,true,1,65314
7290110116323,false,שישיית קוקה קולה זירו 1.5 ליטר חג שמח-,החברה המרכזית קולה,IL,קוקה קולה זירו שישיי,מיליליטרים,9000.00,"100 מ""ל",false,,46.10,0.0051,true,1,65315
7290110116385,false,"קולה זירו בטעם אבטיח תות, 330 מ""ל",החברה המרכזית למשקאו,IL,קוקה קולה ZERO,מיליליטרים,330.00,"100 מ""ל",false,,5.00,0.0152,true,1,68799
7290110116392,false,סירופ בטעם תפוזים 750 מל פריגת,סירופ - גבעת חיים,IL,סירופ בטעם תפוזים 75,מיליליטרים,750.00,"100 מ""ל",false,,22.90,0.0305,true,1,68546
7290110116484,false,מיץ סחוט תות בננה 1 ל' פריגת,פריגת מצוננים,IL,סחוט טבעי,ליטרים,1.00,ליטר,false,,14.90,14.9000,true,1,70519
7290110116491,false,מיץ סחוט אפרסק משמש 1 ל' פריגת,פריגת מצוננים,IL,סחוט טבעי,ליטרים,1.00,ליטר,false,,14.90,14.9000,true,1,70520
7290110116507,false,מיץ מיקס אננה בננה אגס 1 ל' פריגת,פריגת מצוננים,IL,סחוט טבעי,ליטרים,1.00,ליטר,false,,14.90,14.9000,true,1,70521
7290110116552,false,ספרייט לימון היט 1.5 ליטר LIME פיקדון,החברה המרכזית לייצור,IL,ספרייט,ליטרים,1.50,ליטר,false,,8.80,5.8667,true,1,70176
7290110116569,false,"ספרייט זירו ZERO בק LEMON HIT, 1.5 ליטר",החברה המרכזית לייצור,IL,ספרייט,ליטרים,1.50,ליטר,false,,8.30,5.5333,true,1,70177
7290110320591,false,פיראוס בולגרית מעודנת 16% 250 גר,פיראוס,IL,פיראוס,גרמים,250.00,100 גרם,false,,20.90,0.0836,true,1,18701
7290110320683,false,משקה יופלה 360 בטעם תות אריזת שמיניה,מיוצר עי קונדיטוריית,IL,תנובה,מיליליטרים,856.00,"100 מ""ל",false,,16.90,0.0197,true,1,28576
7290110320850,false,פתיתים גבינה חצי קשה מגורדת 28% שומן,תנובה מרכז שיתופי לש,IL,עמק,גרמים,200.00,100 גרם,false,,14.90,0.0745,true,1,27276
7290110320867,false,פתיתים גבינה חצי קשה מגורדת 28% שומן,תנובה מרכז שיתופי לש,IL,עמק,גרמים,500.00,100 גרם,false,,28.90,0.0578,true,1,27277
7290110320935,false,גבינת מוצרלה תנובה 150ג' פרוסות,תנובה מרכז שיתופי לש,IL,מוצרלה,גרמים,150.00,100 גרם,false,,15.90,0.1060,true,1,28389
7290110321031,false,מעדן חלב GO יוגורט מועשר בחלבון טבעי 200 ג' יופלה,"תנובה, מחלבת אלון תב",IL,תנובה,גרמים,200.00,100 גרם,false,,5.20,0.0260,true,1,28392
7290110321277,false,קוטג' בקטנה % 5 100 ג' תנובה,פארייפאבה אגרואינדוס,IL,תנובה,גרמים,100.00,100 גרם,false,,2.50,0.0250,true,1,29627
7290110321284,false,קוטג' בקטנה 9% 100 ג' תנובה,פארייפאבה אגרואינדוס,IL,תנובה,גרמים,100.00,100 גרם,false,,2.50,0.0250,true,1,29628
7290110321604,false,קוביות פיראוס בולגרית מעודנת 5% 200 גרם - רבנות,פיראוס,IL,פיראוס,גרמים,200.00,100 גרם,false,,19.90,0.0995,true,1,32427
7290110321680,false,יוגורט GO בטעם תות 20 גרם חלבון בגביע,מיוצר עי קונדיטוריית,IL,יופלה GO יוגורט מועש,גרמים,200.00,100 גרם,false,,5.50,0.0275,true,1,30395
7290110321697,false,יוגורט GO בטעם אפרסק 20 גרם חלבון בגביע,מיוצר עי קונדיטוריית,IL,יופלה GO יוגורט מועש,גרמים,200.00,100 גרם,false,,5.50,0.0275,true,1,30396
7290110321703,false,יוגורט GO בטעם פירות יער 20 גרם חלבון בגביע,מיוצר עי קונדיטוריית,IL,יופלה גו פירות יער,גרמים,200.00,100 גרם,false,,5.50,0.0275,true,1,31802
7290110322014,false,טופו בטעם טבעי תנובה ALTERNATIVE,שוורצקוף& הנקל דיסלד,IL,טופו טבעי 300 גרם,גרמים,300.00,100 גרם,false,,11.90,0.0397,true,1,31810
7290110322038,false,טופו פיקנטי תנובה ALTERNATIVE,תנובה Alternative,IL,טופו פיקנטי 300 גרם,גרמים,300.00,100 גרם,false,,11.90,0.0397,true,1,31812
7290110322946,false,יופלה טיוב יוגורט במרקם חלק בטעם תות בננה כשרות רבנות 348 ג',תנובה,IL,יופלה,גרמים,348.00,100 גרם,false,,9.90,0.0284,true,1,49710
7290110323714,false,משקה קוקוס שקדים תנובה E אלטרנטיב,מיוצר עי קונדיטוריית,IL,משקה קוקוס שקדים 1לי,ליטרים,1.00,ליטר,false,,11.90,11.9000,true,1,50831
7290110324551,false,יופלה טיוב יוגורט במרקם חלק בטעם תות 348 ג',יופלה Yoplait,IL,יופלה,גרמים,348.00,100 גרם,false,,9.90,0.0284,true,1,52052
7290110324711,false,"ממרח סויה בסגנון גבינה טעם טבעי בד""צ",מיוצר עי קונדיטוריית,IL,תנובה,גרמים,250.00,100 גרם,false,,8.90,0.0356,true,1,53031
7290110324728,false,ממרח סויה עם שום שמיר 9% שומן אלטרנטיב,מיוצר עי קונדיטוריית,IL,תנובה,גרמים,250.00,100 גרם,false,,8.90,0.0356,true,1,53032
7290110324841,false,מעדן שקדים עם שוקולד מריר אלטרנטיב,מיוצר עי קונדיטוריית,IL,תנובה,גרמים,125.00,100 גרם,false,,3.90,0.0312,true,1,54855
7290110324858,false,מעדן שקדים בטעם אגוזי לוז אלטרנטיב,תנובה Alternative,IL,תנובה,גרמים,125.00,100 גרם,false,,3.90,0.0312,true,1,54856
7290110324872,false,גבינה צהובה גלבוע 5% שומן 200 גרם,גלבוע - תנובה,IL,גלבוע,גרמים,200.00,100 גרם,false,,17.90,0.0895,true,1,55316
7290110324926,false,משקה סויה ללא תוספת סוכר E אלטרנטיב,תנובה מרכז שיתופי לש,IL,תנובה,ליטרים,1.00,ליטר,false,,9.90,9.9000,true,1,54573
7290110325084,false,מאגדת שמינייה מיני קרלו שוניל 8*100גרם,תנובה,IL,תנובה,גרמים,800.00,100 גרם,false,,13.90,0.0174,true,1,53764
7290110325114,false,"משקה יוגורט יופלה גו לייט תות בננה 250 מ""ל - רבנות",מיוצר עי קונדיטוריית,IL,תנובה,גרמים,250.00,100 גרם,false,,5.90,0.0236,true,1,53767
7290110325305,false,מעדן סויה GO מועשר בחלבון במתיקות מעודנת,מיוצר עי קונדיטוריית,IL,מעדן סויה GO 20 גרם,גרמים,200.00,100 גרם,false,,5.50,0.0275,true,1,54859
7290110325312,false,מעדן סויה GO מועשר בחלבון בטעם תות,"תנובה בע""מ",IL,מעדן סויה GO 20 גרם,גרמים,200.00,100 גרם,false,,5.50,0.0275,true,1,54860
7290110325510,false,יופלה טיוב יוגורט במרקם חלק בטעם וניל - 348 ג',"תנובה בע""מ",IL,יופלה,גרמים,348.00,100 גרם,false,,9.90,0.0284,true,1,55220
7290110325619,false,משקה שיבולת שועל תנובה E אלטרנטיב,מיוצר עי קונדיטוריית,IL,משקה שיבולת שועל 1 ל,ליטרים,1.00,ליטר,false,,11.90,11.9000,true,1,55532
7290110325701,false,פיראוס צזיקי יווני 9% שומן על בסיס יוגורט,גוד פוד פרודקטס S.p,IL,פיראוס,גרמים,250.00,100 גרם,false,,11.90,0.0476,true,1,55854
7290110325893,false,משקה חלב GO מועשר בחלבון בטעם אייס קפה,מיוצר עי קונדיטוריית,IL,גו,מיליליטרים,340.00,"100 מ""ל",false,,7.50,0.0221,true,1,55534
7290110326210,false,יופלה און טופ פצפוצים 157 גרם.,מיוצר עי קונדיטוריית,IL,תנובה,גרמים,157.00,100 גרם,false,,4.90,0.0312,true,1,56593
7290110326227,false,יוגורט און טופ קורנפלקס 157 ג' יופלה,מיוצר עי קונדיטוריית,IL,תנובה,גרמים,157.00,100 גרם,false,,4.90,0.0312,true,1,56678
7290110326234,false,יוגורט און טופ כוכבים 157 ג' יופלה,מיוצר עי קונדיטוריית,IL,תנובה,גרמים,157.00,100 גרם,false,,4.90,0.0312,true,1,56679
7290110326906,false,חלב טרי נטול לקטוז 3% 1 ליטר,מיוצר עי קונדיטוריית,IL,תנובה,ליטרים,1.00,ליטר,false,,7.20,7.2000,true,1,59380
7290110327033,false,משקה סויה גו מועשר בחלבון במתיקות מופחתת 1 ליטר,מיוצר עי קונדיטוריית,IL,משקה סויה גו במתיקות,ליטרים,1.00,ליטר,false,,11.90,11.9000,true,1,58913
7290110327279,false,נפוליאון טוסקנה 24% שומן גביע 225 גרם,תנובה מרכז שיתופי לש,IL,נפוליאון,גרמים,225.00,100 גרם,false,,12.80,0.0569,true,1,58917
7290110327514,false,משקה שיבולת שועל בטעם אגוזי לוז 1 ליטר אלטרנטיב,תנובה מרכז שיתופי לש,IL,משקה שיבולת שועל בטע,ליטרים,1.00,ליטר,false,,11.90,11.9000,true,1,62342
7290110327545,false,מעדן און טופ תות פצפוצים מצופים שוקולד 157ג' יופלה,מיוצר עי קונדיטוריית,IL,תנובה,גרמים,157.00,100 גרם,false,,4.90,0.0312,true,1,59966
7290110327798,false,חטיף חלבון GO - שוקולד 60 ג' חלב נוכרי - רבנות,"בלמונט קונפקציות בע""",US,חטיף חלבון GO בטעם ש,גרמים,60.00,100 גרם,false,,11.90,0.1983,true,1,69670
7290110327811,false,חטיף חלבון GO - קוקוס 60 ג' חלב נוכרי - רבנות,"בלמונט קונפקציות בע""",US,חטיף חלבון GO בטעם ק,גרמים,60.00,100 גרם,false,,11.90,0.1983,true,1,69672
7290110327828,false,חטיף חלבון GO - חמאת בוטנים 60 ג' חלב נוכרי - רבנות,"בלמונט קונפקציות בע""",US,חטיף חלבון GO בטעם ח,גרמים,60.00,100 גרם,false,,11.90,0.1983,true,1,69673
7290110328023,false,משקה סויה מועשר בחלבון בטעם קפה 250 גרם,תנובה מרכז שיתופי לש,IL,תנובה GO,גרמים,250.00,100 גרם,false,,5.90,0.0236,true,1,60946
7290110328436,false,פלח גאודה בטעם מעודן עיזים 29% קולקשין,"תנובה בע""מ",IL,פלח גאודה עיזים בטעם,גרמים,150.00,100 גרם,false,,21.90,0.1460,true,1,61283
7290110328474,false,גבינת פרמג'יאנו רג'יאנו 30% מחלב בקר,מנדלז סי.אר. פרודקשן,IT,פלח פרמג'יאנו רג'יאנ,גרמים,150.00,100 גרם,false,,26.90,0.1793,true,1,61286
7290110328481,false,פתיתי פרמג'יאנו רג'יאנו מחלב בקר 30%,ברטינלי גיאני א.,IT,פתיתי פרמג'יאנו רג'י,גרמים,100.00,100 גרם,false,,14.90,0.1490,true,1,61287
7290110328504,false,טריו - מיקס גבינות מוצרלה סקנדינבית וגאודה 300 גרם,מיוצר עי קונדיטוריית,IL,טריו- מיקס מוצרלה סק,גרמים,300.00,100 גרם,false,,24.90,0.0830,true,1,61255
7290110328580,false,יוגורט תנובה טבעי 5% גביע 200 גרם,מיוצר עי קונדיטוריית,IL,תנובה,גרמים,200.00,100 גרם,false,,3.00,0.0150,true,1,63773
7290110328627,false,יוגורט יופלה GO במרקם סמיך בטעם בננה קרמל 0%,מיוצר עי קונדיטוריית,IL,יוגורט גו סמיך 0% בנ,גרמים,200.00,100 גרם,false,,4.90,0.0245,true,1,61853
7290110328641,false,טופו טבעי אלטרנטיב ז,תנובה,IL,טופו טבעי אלטרנטיב ז,גרמים,500.00,100 גרם,false,,17.90,0.0358,true,1,62197
7290110328764,false,יוגורט יופלה GO במרקם סמיך עם תות 0%,מיוצר עי קונדיטוריית,IL,יוגורט גו סמיך 0% תו,גרמים,200.00,100 גרם,false,,4.90,0.0245,true,1,61854
7290110328771,false,יוגורט יופלה GO במרקם סמיך עם פירות יער 0%,מיוצר עי קונדיטוריית,IL,יוגורט גו סמיך 0% פי,גרמים,200.00,100 גרם,false,,4.90,0.0245,true,1,61855
7290110328788,false,יוגורט יופלה GO במרקם סמיך בטעם אפרסק 0%,תנובה מרכז שיתופי לש,IL,יוגורט גו סמיך 0% אפ,גרמים,200.00,100 גרם,false,,4.90,0.0245,true,1,61856
7290110328955,false,קוביות גבינת עזים בשמן מתובל פיראוס 350 גרם,דודוני תעשיית החלב ה,GR,*מבצע* קוביות גבינת,גרמים,350.00,100 גרם,false,,9.90,0.0283,true,1,65264
7290110329136,false,מעדן חלב מעושר בחלבון בטעם שוקולד 120 ג' GO,תנובה מרכז שיתופי לש,IL,מעדן חלב גו בטעם שוק,גרמים,120.00,100 גרם,false,,4.50,0.0375,true,1,63237
7290110329143,false,מעדן חלב מעושר בחלבון בטעם וניל גביע 120 ג' GO,תנובה מרכז שיתופי לש,IL,מעדן חלב גו בטעם וני,גרמים,120.00,100 גרם,false,,4.50,0.0375,true,1,63238
7290110329266,false,יוגורט תנובה מחלב עיזים מלא תנובה 140 ג',תנובה,IL,יוגורט תנובה מחלב עי,גרמים,140.00,100 גרם,false,,5.50,0.0393,true,1,62343
7290110329273,false,יוגורט תנובה מחלב עיזים מלא 750 גרם,תנובה,IL,יוגורט תנובה מחלב עי,גרמים,750.00,100 גרם,false,,19.90,0.0265,true,1,62344
7290110329303,false,פרוסות בטעם צהובה קלאסית אלטרנטיב 200 גר,תנובה Alternative,IL,פרוסות בטעם צהובה קל,גרמים,200.00,100 גרם,false,,21.90,0.1095,true,1,62345
7290110329426,false,טופו טבעי ALTERNATIVE 250 גרם עם קרם קוקוס,תנובה,IL,טופו טבעי + רוטב קרם,גרמים,310.00,100 גרם,false,,12.90,0.0416,true,1,65511
7290110329686,false,"משקה חלב גו בטעם עוגיות 340 מ""ל",מיוצר עי קונדיטוריית,IL,גו,מיליליטרים,340.00,"100 מ""ל",false,,7.50,0.0221,true,1,63240
7290110329709,false,יוגורט תנובה טבעי 0% גביע 200 גרם,מיוצר עי קונדיטוריית,IL,תנובה,גרמים,200.00,100 גרם,false,,3.00,0.0150,true,1,63774
7290110329716,false,משקה קפה קר בטעם קפוצ'ינו 230 ג' תנובה,תנובה מרכז שיתופי לש,IL,משקה קפה קר בטעם קפו,מיליליטרים,230.00,"100 מ""ל",false,,6.90,0.0300,true,1,65513
7290110329723,false,משקה קפה קר בטעם לאטה 230 ג' תנובה,תנובה מרכז שיתופי לש,IL,משקה קפה קר בטעם לאט,מיליליטרים,230.00,"100 מ""ל",false,,6.90,0.0300,true,1,65514
7290110329792,false,יוגורט סויה BIO Alternative אפרסק 150 ג' תנובה,מיוצר עי קונדיטוריית,IL,סויה BIO אפרסק גביע,גרמים,150.00,100 גרם,false,,4.20,0.0280,true,1,64113
7290110329808,false,יוגורט סויה BIO Alternative תות 150 ג' תנובה,מיוצר עי קונדיטוריית,IL,סויה BIO תות גביע אל,גרמים,150.00,100 גרם,false,,4.20,0.0280,true,1,64114
7290110329815,false,סויה BIO מתיקות מעודנת גביע 150 גרם אלטרנטיב,מיוצר עי קונדיטוריית,IL,סויה BIO מתיקות מעוד,גרמים,150.00,100 גרם,false,,4.20,0.0280,true,1,64115
7290110329822,false,יוגורט סויה BIO Alternative פירות יער 150 ג' תנובה,מיוצר עי קונדיטוריית,IL,סויה BIO פירות יער ג,גרמים,150.00,100 גרם,false,,4.20,0.0280,true,1,64116
7290110329846,false,יוגורט סויה BIO Alternative בטעם טבעי 150 ג' תנובה,תנובה Alternative,IL,סויה BIO טבעי גביע א,גרמים,150.00,100 גרם,false,,4.20,0.0280,true,1,64117
7290110329914,false,מאגדת משקה שיבולת שועל ושקדים 100 גרם*6 יח' ביו אלטרנטיב,תנובה מרכז שיתופי לש,IL,משקה שיבולת שועל ושק,גרמים,600.00,100 גרם,false,,17.90,0.0298,true,1,66377
7290110550226,false,מטבעות שוקולד מריר לאפיה 400 גרם עלית,"פוליבה בע""מ",IL,מטבעות שוקולד מריר ל,גרמים,400.00,100 גרם,false,,29.90,0.0747,true,1,65797
7290110550370,false,פריכיות משולשות קינואה ופלפל שחור 65 גרם,שטראוס גרופ,IL,פריכיות משולשות קינו,גרמים,65.00,100 גרם,false,,9.90,0.1523,true,1,69306
7290110550394,false,PERFECT BITE שוקולד חלב במילוי קרם ושברי אגוזי לוז 234 גרם,"שטראוס גרופ בע""מ",IL,PERFECT BITE קרם אגו,גרמים,234.00,100 גרם,false,,18.90,0.0808,true,1,63528
7290110551254,false,נשנושי תירס 600 גרם,"גילד אנטרפריזס בע""מ",IL,שטראוס,גרמים,600.00,100 גרם,false,,13.90,0.0232,true,1,69577
7290110552121,false,יוגורט בתוספת סידן וויטמין ד 100 ג' דנונה,תנובה מרכז שיתופי לש,IL,היוגורט הראשון שלי 1,גרמים,100.00,100 גרם,false,,2.30,0.0230,true,1,65273
7290110552220,false,יוגורט PRO בטעם תות 0% סוכר לבן 20 גרם חלבון בגביע,"שטראוס בריאות בע""מ",IL,דנונה פרו,גרמים,200.00,100 גרם,false,,5.90,0.0295,true,1,64043
7290110552237,false,יוגורט פרו בטעם אפרסק מנגו ללא סוכר 200 ג' דנונה,"שטראוס בריאות בע""מ",IL,דנונה פרו,גרמים,200.00,100 גרם,false,,5.90,0.0295,true,1,64044
7290110553098,false,מאגדת חטיפים אנרג'י מיקס צימוקים אגוזים 100X4 גרם,אנרג'י Energy - שטראוס,GB,אנרג'י מיקס צימוקים,גרמים,100.00,100 גרם,false,,15.90,0.1590,true,1,68268
7290110553104,false,נסקפה קפוצ'ינו סטיק קלאסי 130 ג' עלית,שטראוס,IL,*מבצע* קפוצ'ינו סטיק,גרמים,130.00,100 גרם,false,,13.90,0.1069,true,1,70308
7290110553135,false,נסקפה קפוצ'ינו סטיק וניל 130 ג' עלית,שטראוס,IL,*מבצע* קפוצ'ינו סטיק,גרמים,130.00,100 גרם,false,,13.90,0.1069,true,1,70309
7290110553173,false,אנרג'י - פריכיות בטעם קרמל 40 גרם,סאנורייס בלגיום,IL,פריכיות אנרג'י בטעם,גרמים,40.00,100 גרם,false,,5.90,0.1475,true,1,69313
7290110553180,false,אנרג'י - פריכיות בטעם תפוח קינמון 40 גרם,סאנורייס בלגיום,IL,פריכיות אנרג'י בטעם,גרמים,40.00,100 גרם,false,,5.90,0.1475,true,1,69314
7290110553623,false,צ'יטוס קראנצ'י בטעם צ'דר חלפיניו - חלבי,"שטראוס פריטו ליי בע""",IL,עלית,גרמים,80.00,100 גרם,false,,4.50,0.0563,true,1,66682
7290110554101,false,"סירופ מייפל טבעי בפאוץ' 125 מ""ל",ציטדל,CA,*מבצע* מייפל בפאוץ',מיליליטרים,125.00,"100 מ""ל",false,,14.90,0.1192,true,1,67359
7290110554583,false,מארז חטיפי צ'יטוס פאפס בטעם גבינה - 10 יחידות,שטראוס פריטו ליי (מל,IL,עלית,גרמים,200.00,100 גרם,false,,12.90,0.0645,true,1,64118
7290110554699,false,"קפה עולה קפסולות אספרסו קלייה איטית וכהה מאוד, 10 * 50 ג'",שטראוס קפה בי.וי.,IL,קפסולות קפה עולה למכ,גרמים,50.00,100 גרם,false,,19.90,0.3980,true,1,69316
7290110554729,false,קפסולות עלית אספרסו 04 תואמות למכונות NESPRESSO,שטראוס קפה בי.וי,IL,עלית,גרמים,50.00,100 גרם,false,,15.90,0.3180,true,1,64808
7290110555078,false,לאבנה עם שמן זית ועשבי תיבול 250 גרם,"מחלבות בר בכפר בע""מ",IL,*מבצע* לאבנה עם שמן,גרמים,250.00,100 גרם,false,,9.90,0.0396,true,1,65275
7290110555092,false,לאבנה עם שמן זית וצ'ילי 250 גרם,"מחלבות בר בכפר בע""מ",IL,*מבצע* לאבנה עם שמן,גרמים,250.00,100 גרם,false,,9.90,0.0396,true,1,65276
7290110555665,false,אבקת קקאו דל שומן 220 גרם עלית,גיאלוסיס,GR,קקאו דל שומן קופסא 2,גרמים,220.00,100 גרם,false,,17.90,0.0814,true,1,70315
7290110555795,false,נסקפה קפוצ'ינו פחית קלאסי 200 ג' עלית,שטראוס,IL,קפוצ'ינו פחית קלאסי,גרמים,200.00,100 גרם,false,,19.90,0.0995,true,1,70311
7290110556242,false,"שוקולד מריר פרווה 100 גר' בד""ץ תוצרת חוץ","שטראוס גרופ בע""מ.",IL,עלית,גרמים,100.00,100 גרם,false,,5.90,0.0590,true,1,68273
7290110557027,false,חומוס עשיר 50% טחינה גולמית 400 ג' אחלה,מיוצר עי קונדיטוריית,IL,שטראוס,גרמים,400.00,100 גרם,false,,12.90,0.0323,true,1,63685
7290110557102,false,מעדן חלב עם שוקולד מועשר בחלבון 150 ג' שטראוס,מיוצר עי קונדיטוריית,IL,מעדן חלב עם שוקולד מ,גרמים,150.00,100 גרם,false,,5.00,0.0333,true,1,62767
7290110557133,false,מעדן הגולן וניל 125 ג' שטראוס,מיוצר עי קונדיטוריית,IL,מעדן הגולן וניל,גרמים,125.00,100 גרם,false,,2.90,0.0232,true,1,63322
7290110557317,false,יוגורט בתוספת סידן וויטמין ד עם שיבולת שועל 100 ג' דנונה,תנובה מרכז שיתופי לש,IL,היוגורט הראשון שלי ש,גרמים,100.00,100 גרם,false,,2.30,0.0230,true,1,65277
7290110557478,false,חומוס גלילי במרקם מעודן 600 גרם,שטראוס גרופ,IL,חומוס גלילי 600 גרם,גרמים,600.00,100 גרם,false,,12.90,0.0215,true,1,64859
7290110557645,false,מאגדת חטיפים אנרג'י מיקס צימוקים חמוציות 100X4 גרם,וויטוורטס,GB,אנרג'י מיקס צימוקים,גרמים,100.00,100 גרם,false,,15.90,0.1590,true,1,68269
7290110558130,false,יוגורט אקטיביה שיבולת שועל ודבש 150 גרם,"שטראוס בריאות בע""מ",IL,אקטיביה,גרמים,150.00,100 גרם,false,,4.60,0.0307,true,1,66511
7290110558154,false,דנונה לייט אנד פרי עוגת תפוחים 150ג דנונה,"שטראוס בריאות בע""מ",IL,דנונה,גרמים,150.00,100 גרם,false,,4.50,0.0300,true,1,68159
7290110558215,false,"דנונה קראנצ`פיסטוק עם פיצפוץ לבן קראנצי פיסטוק, 173 גרם","שטראוס בריאות בע""מ",IL,שטראוס,גרמים,173.00,100 גרם,false,,4.30,0.0249,true,1,69992
7290110558222,false,"וואו יוגורט עם שכבה בטעם בנופי פאי 5.4%, 150ג דנונה","שטראוס בריאות בע""מ",IL,דנונה פרו,גרמים,150.00,100 גרם,false,,4.60,0.0307,true,1,68152
7290110558284,false,יוגורט ביו מולטי 200 ג' דנונה,"שטראוס בריאות בע""מ",IL,דנונה ביו מולטי 200,גרמים,200.00,100 גרם,false,,4.20,0.0210,true,1,67460
7290110558307,false,יוגורט דנונה PRO עם שיבולת שועל במתיקות מעודנת,"שטראוס בריאות בע""מ",IL,דנונה פרו 20 גרם עם,גרמים,200.00,100 גרם,false,,6.50,0.0325,true,1,65279
7290110558314,false,דנונה פרו 20 ג' חלבון ללא סוכר פיסטוק 200 גרם,"שטראוס בריאות בע""מ",IL,דנונה פרו,גרמים,200.00,100 גרם,false,,5.90,0.0295,true,1,68160
7290110558338,false,יוגורט PRO בטעם מתיקות מעודנת 1.5% שומן,"שטראוס בריאות בע""מ",IL,דנונה פרו 25 גרם חלב,גרמים,200.00,100 גרם,false,,5.90,0.0295,true,1,65280
7290110558666,false,מעדן גבינה בטעם תפוח 88 ג' דניאלה,"שטראוס בריאות בע""מ",IL,שטראוס,מיליליטרים,150.00,"100 מ""ל",false,,3.90,0.0260,true,1,69985
7290110558741,false,"גמדים פאוץ תפוח בננה, 100 ג' שטראוס","שטראוס בריאות בע""מ",IL,גמדים,גרמים,100.00,100 גרם,false,,5.90,0.0590,true,1,70779
7290110558918,true,עלי חסה קראנצ שטופים,שטראוס בריאות ירקות,IL,עלי חסה קראנצ שטופים,גרמים,150.00,100 גרם,false,,9.90,0.0660,true,1,68181
7290110559748,false,ריל - מאגדת שקדים קוקוס ושוקולד מריר 35 גרם * 3,ואמואליס פודס,GR,*מבצע* מאגדת אנרגי ש,100 1,105.00,100 1,false,,12.90,0.1229,true,1,67002
7290110559755,false,"מאגדת אנרג'י ריל בוטנים,פיסטוק וחמוציות 115 גרם",ואמואליס פודס,GR,*מבצע* מאגדת אנרגי ב,100 1,105.00,100 1,false,,12.90,0.1229,true,1,67003
7290110559762,false,"מאגדת אנרג'י ריל אגוזים,תמרים,קוקוס 115 גרם",ואמואליס פודס,GR,*מבצע* מאגדת אנרגי ר,100 1,105.00,100 1,false,,12.90,0.1229,true,1,67001
7290110559939,false,נתחי סויה בסגנון שווארמה ומגדרה דלישס,אוכל ביתי ניר עציון,IL,*מבצע* דלישס נתחי סו,גרמים,350.00,100 גרם,false,,21.90,0.0626,true,1,65719
7290110560300,false,"הפריכיות הטעימות חומוס, עדשים שחורות, קינואה ופלפל שחור",אנרג'י Energy - שטראוס,IL,פריכיות משולשות פלפל,גרמים,30.00,100 גרם,false,,4.90,0.1633,true,1,50482
7290110560317,false,"הפריכיות הטעימות חומוס, עדשים שחורות, קינואה ומלח ים","פרח תעשיו מזון בע""מ",IL,פריכיות משולשות מלח,גרמים,30.00,100 גרם,false,,4.90,0.1633,true,1,50483
7290110560324,false,"הפריכיות הטעימות תפו""א, אורז, אפונה ומלח ים","פרח תעשיו מזון בע""מ",IL,פריכיות משולשות אפונ,גרמים,30.00,100 גרם,false,,4.90,0.1633,true,1,50484
7290110560836,false,מילקי פסק זמן מהדרין 133ג',מיוצר עי קונדיטוריית,IL,שטראוס,גרמים,133.00,100 גרם,false,,2.80,0.0211,true,1,31317
7290110561352,false,דנונה יוגורט ביו פרוביוטי 3% דל לקטוז 150ג',"שטראוס בריאות בע""מ",IL,שטראוס,גרמים,200.00,100 גרם,false,,3.50,0.0175,true,1,31890
7290110561604,false,מארז 8 יחידות מעדן גמדים בטעם תות בננה,שטראוס גרופ,IL,שטראוס,גרמים,800.00,100 גרם,false,,17.90,0.0224,true,1,30571
7290110563431,false,"משקה קפה קר בסגנון קלאסי 230 מ""ל 1.6% יוטבתה",האי נאם סי או אל.טי.,AT,משקה קפה קר בסגנון ק,מיליליטרים,230.00,"100 מ""ל",false,,7.90,0.0343,true,1,51232
7290110563448,false,"משקה קפה קר בסגנון מעודן 230 מ""ל 1.6% יוטבתה",האי נאם סי או אל.טי.,AT,משקה קפה קר בסגנון מ,מיליליטרים,230.00,"100 מ""ל",false,,7.90,0.0343,true,1,51233
7290110563462,false,חלב בבקבוק נטול לקטוז 2% יטבתה 1 ל',מחלבת יטבתה,IL,יטבתה,ליטרים,1.00,ליטר,false,,7.90,7.9000,true,1,51729
7290110564339,false,חומוס אחלה הסידרה המובחר 30% טחינה 400 גר',מיוצר עי קונדיטוריית,IL,שטראוס,גרמים,400.00,100 גרם,false,,12.90,0.0323,true,1,30573
7290110564360,false,חומוס אחלה הסידרה המובחר 40% טחינה 400 גר',מיוצר עי קונדיטוריית,IL,שטראוס,גרמים,400.00,100 גרם,false,,12.90,0.0323,true,1,30574
7290110564414,false,חומוס אחלה הסידרה המובחר 30% טחינה 600 גר',מיוצר עי קונדיטוריית,IL,שטראוס,גרמים,600.00,100 גרם,false,,14.90,0.0248,true,1,30577
7290110564742,false,"משקה קפה קר בסגנון חזק 230 מ""ל 1.2% יוטבתה",האי נאם סי או אל.טי.,AT,משקה קפה קר בסגנון ח,מיליליטרים,230.00,"100 מ""ל",false,,7.90,0.0343,true,1,51234
7290110564919,false,דנונה מעודן ללא סוכר החזרות 150 גר,מיוצר עי קונדיטוריית,IL,דנונה,מיליליטרים,150.00,"100 מ""ל",false,,3.50,0.0233,true,1,31353
7290110565435,false,ג'לי לימבו פטל חלבי שטראוס 125ג',שטראוס גרופ,IL,שטראוס,גרמים,125.00,100 גרם,false,,2.00,0.0160,true,1,30171
7290110565527,false,יוגורט PRO פרו 1.5% 20 גרם חלבון בגביע,"שטראוס בריאות בע""מ",IL,דנונה פרו,גרמים,200.00,100 גרם,false,,5.90,0.0295,true,1,29459
7290110565572,false,מנות אישיות קפה טורקי לדרך עם הל,שטראוס קפה בי.וי,IL,עלית,גרמים,168.00,100 גרם,false,,18.90,0.1125,true,1,53450
7290110566623,false,קפסולות קולומביה עלית 08 למכונת נספרסו מארז 5X10ג',שטראוס קפה בי.וי,IL,עלית,גרמים,50.00,100 גרם,false,,15.90,0.3180,true,1,36027
7290110566975,false,דנונה פרו יוגורט 0% תות עשיר בחלבון 200ג',"שטראוס בריאות בע""מ",IL,דנונה פרו,גרמים,200.00,100 גרם,false,,5.90,0.0295,true,1,31896
7290110567057,false,צנצנת מסטיק מאסט קוביות מנטה חזקה 66 ג' עלית,שטראוס גרופ,IL,עלית,גרמים,64.00,100 גרם,false,,9.90,0.1547,true,1,50146
7290110568238,false,"קצפת צמחית 21% שומן 250 מ""ל יוטבתה",מחלבת יטבתה,IL,יטבתה,מיליליטרים,250.00,"100 מ""ל",false,,7.90,0.0316,true,1,32540
7290110568559,false,דוריטוס עלית מארז חמוץ חריף 10 יח' *25 ג',שטראוס פריטו ליי (מל,IL,עלית,גרמים,250.00,100 גרם,false,,9.80,0.0392,true,1,32504
7290110568566,false,דוריטוס גריל עלית מארז 10 יח' *25 ג',שטראוס פריטו ליי (מל,IL,עלית,גרמים,250.00,100 גרם,false,,9.80,0.0392,true,1,32505
7290110568627,false,עלית - פסק זמן רול שוקולד חלב עם קרם אגוזים 26 גרם,עלית,TR,פסק זמן רול שוקולד ח,גרמים,28.00,100 גרם,false,,3.90,0.1393,true,1,56403
7290110570125,false,"משקה קפה קר בטעם אייריש קרים230 מ""ל יוטבתה",אנסטל מילק kg,AT,משקה קפה קר בטעם איי,מיליליטרים,230.00,"100 מ""ל",false,,7.90,0.0343,true,1,69974
7290110570224,false,משקה קפה קר בטעם עוגיות 230ג' יוטבתה,אנסטל מילק kg,AT,משקה קפה קר בטעם עוג,מיליליטרים,230.00,"100 מ""ל",false,,7.90,0.0343,true,1,68180
7290110571184,false,עדשים חומות 380 גר שטראוס טעם הטבע,קונסרב איטליה,IT,טעם הטבע,גרמים,380.00,100 גרם,false,,6.90,0.0182,true,1,68279
7290110571382,false,מעדן חלב בטעם וניל מעושר בחלבון 150 ג' שטראוס,"שטראוס בריאות בע""מ",IL,מעדן חלב בטעם וניל מ,גרמים,150.00,100 גרם,false,,5.00,0.0333,true,1,64862
7290110571405,false,עלית - מיני פינוקיות בגביע פסק זמן 180 גרם,הגביע מוצרי ופלים בע,IL,עלית,גרמים,180.00,100 גרם,false,,9.90,0.0550,true,1,70312
7290110571412,false,מיני פינוקיות - פאדג' שוקולד בגביע 180 גרם,הגביע מוצרי ופלים בע,IL,עלית,גרמים,180.00,100 גרם,false,,9.90,0.0550,true,1,70304
7290110572884,false,"קפסולות קפה מספר 20 למכונת אספרס אספרסו, 50 גרם",שטראוס קפה בי.וי.,IL,עלית,גרמים,50.00,100 גרם,false,,15.90,0.3180,true,1,70313
7290110572969,false,כיף כף פצפצים עקרם לבן 40ג' עלית,שולן צ'יקולטה גידה ס,TR,עלית,גרמים,40.00,100 גרם,false,,4.70,0.1175,true,1,68271
7290110572976,false,כיף כף פצפצים בגביע במילוי קרם בטעם שוקולד לבן,שולן צ'יקולטה גידה ס,TR,כיף כף פצפצים קרם לב,גרמים,135.00,100 גרם,false,,9.90,0.0733,true,1,68272
7290110574413,false,עלית - פופקורן בטעם טעמי 70 גרם,סראנו בעבור שטראוס,קפריסין,פופקורן בטעם טעמי 70,גרמים,70.00,100 גרם,false,,6.90,0.0986,true,1,70306
7290110574420,false,עלית - פופקורן בטעם פסק זמן 70 גרם,סראנו בעבור שטראוס,קפריסין,פופקורן בטעם פסק זמן,גרמים,70.00,100 גרם,false,,6.90,0.0986,true,1,70307
7290110576318,false,מאגדת שלישיית שוקולד אגוז לבן 300 ג' עלית,סמואה,FR,עלית,גרמים,300.00,100 גרם,false,,24.90,0.0830,true,1,69307
7290110576356,false,"שוקולד ספלנדיד מריר 64% - חלבי , מפולי קקאו מפרו",קימ'ס גריפלנן,BE,ספלנדיד שוקולד מריר,גרמים,100.00,100 גרם,false,,7.90,0.0790,true,1,67355
7290110576370,false,מארז שלישייה שוקולד מריר חלבי עם אגוזי לוז,סמואה,FR,עלית,גרמים,300.00,100 גרם,false,,24.90,0.0830,true,1,69308
7290110576387,false,מאגדת שלישיית שוקולד אגוז חלב 300 ג' עלית,שטראוס,FR,עלית,גרמים,300.00,100 גרם,false,,24.90,0.0830,true,1,69309
7290110576752,false,טבלאות שוקולד ספלנדיד מריר 70% 100 ג' עלית,קימ'ס גריפלנן,BE,שוקולד ספלנדיד מריר,גרמים,100.00,100 גרם,false,,9.90,0.0990,true,1,70301
7290110576776,false,טבלאות שוקולד ספלנדיד מריר 85% 100 ג' עלית,קימ'ס גריפלנן,BE,שוקולד ספלנדיד מריר,גרמים,100.00,100 גרם,false,,9.90,0.0990,true,1,70302
7290110576790,false,סקי בטעם מוקה 125 ג' שטראוס,"שטראוס בריאות בע""מ",IL,שטראוס,גרמים,125.00,100 גרם,false,,3.70,0.0296,true,1,69986
7290110576868,false,רבעיית גמדים סלט פירוט * 100 ג' שטראוס,שטראוס גרופ,IL,שטראוס,גרמים,400.00,100 גרם,false,,10.90,0.0273,true,1,69993
7290110790813,false,מסך סמארט 4K גודל 43 שניידר,,,"מסך טלוויזיה ""43 סמא",יח',1.00,יח',false,,990.00,990.0000,true,1,70668
7290110856144,false,אוזניות אלחוטיול,,,אוזניות אלחוטיול,יח',1.00,יח',false,,59.90,59.9000,true,1,68039
7290110856236,false,בובה PBJ,,,בובה PBJ,יח,1.00,יח,false,,29.90,29.9000,true,1,68038
7290111091520,false,"תחליב רחצה ד""ר עור קוקוס 700 מ""ל","אמיליה קוסמטיקס בע""מ",IL,"ד""ר עור",מיליליטרים,700.00,"100 מ""ל",false,,14.90,0.0213,true,1,49780
7290111093005,false,"I-CARE מג'להסרת איפור, 25 יח בפלופק",די.פי.אל תעשיות מוצר,IL,ICARE,יח',25.00,יח',false,,7.90,0.3160,true,1,50767
7290111093685,false,שלישיית מגבונים לניק,,,שלישיית מגבונים לניק,1,1.00,1,false,,15.90,15.9000,true,1,69542
7290111093982,false,טרופיקל תחליב רחצה פסיפלורה ואינקה אינצ'י דר עור,"אמיליה קוסמטיקס בע""מ",IL,"ד""ר עור",מיליליטרים,700.00,"100 מ""ל",false,,14.90,0.0213,true,1,69268
7290111097041,false,מגבונים בייביסיטר שמ,קיבוץ עמיר dpl,IL,ביבי סיטר,יח',528.00,יח',false,,19.90,0.0377,true,1,62498
7290111340178,false,מטליות לחות ניקול לניקוי כללי בניחוח מרכך כביסה 50 יח',ניקול,IL,ניקול,יח',50.00,יח',false,,9.90,0.1980,true,1,27524
7290111340185,false,מטליות לחות ניקול לניקוי רצפות בניחוח מרכך 10 יח',ניקול,IL,ניקול,יח',10.00,יח',false,,9.90,0.9900,true,1,27525
7290111341373,false,נייר טואלט לילי פסטל 30 גלילים,חוגלה קימברלי,IL,לילי פסטל,מטרים,883.00,מטר,false,,32.90,0.0373,true,1,49810
7290111342042,false,כריות יפניות ניקול לניקוי אנטיבקטריאלי 4,פלסטו פוליש,IL,כריות יפניות אנטיבקט,יח',4.00,יח',false,,9.90,2.4750,true,1,55731
7290111342059,false,מט.לחות ניקול לחיט משטחים אנטיבקטריאלי50,ניקול,IL,מטליות לחות אנטיבקטר,יח',50.00,יח',false,,9.90,0.1980,true,1,55732
7290111342073,false,מטליות מקרופייבר למשטחים אנטיבקטריאלי ניקול,סנו,CN,מטליות מיקרובייבר אנ,יח',2.00,יח',false,,9.90,4.9500,true,1,55733
7290111343117,false,ממחטות אף קלינקס לושן סופט פק 140 דף,קימברלי קלארק,IL,קלינקס,יח,140.00,יח,false,,13.90,0.0993,true,1,59664
7290111343841,false,ספוגית הקסם נירוסטה - מארז 3 יחידות,ניקול,CN,ניקול,יח',3.00,יח',false,,9.90,3.3000,true,1,58874
7290111343858,false,מטליות לחות ניקול לרצפה אנטיבקטריאלי 10,עלבד משואות יצחק,IL,ניקול,יח',10.00,יח',false,,9.90,0.9900,true,1,58267
7290111344206,false,האגיס נטורל קר מגבונים לחים בבישום עדין רביעייה,חוגלה קימברלי,IL,האגיס,יח',256.00,יח',false,,18.90,0.0738,true,1,63628
7290111344565,false,ניקול שקיות זיפר מארז משולב מידות,taizhou inter packin,CN,שקיות זיפר ניקול מאר,יח',30.00,יח',false,,12.90,0.4300,true,1,68851
7290111344732,false,קלינקס - טיישו אלרג'י קומפורט ניילון זוגות 140 דף,קימברלי קלארק,IL,קלינקס,יח,140.00,יח,false,,13.90,0.0993,true,1,61515
7290111344930,false,מטליות לחות לרצפה בניחוח מרכך כביסה 10 יח' ניקול,,IL,ניקול,יח',10.00,יח',false,,9.90,0.9900,true,1,63309
7290111346118,false,מגבוני האגיס לחים מהדורה בבישום עדין 56*4,ווטנאפס,IL,האגיס,יח',224.00,יח',false,,18.90,0.0844,true,1,68852
7290111346347,false,מגבוני אף אוריגינל סופט חמישיה קלינקס,קימברלי קלארק,IL,טישו קלינקס חמישייה,יח',5.00,יח',false,,14.90,2.9800,true,1,70979
7290111350030,false,רסק תפוחי עץ טבעי בצנצנת 670 גרם קלית גת,"ג'י אנד ג'י בע""מ",IL,קליית גת,גרמים,670.00,100 גרם,false,,10.90,0.0163,true,1,12595
7290111350047,false,תמרים מזן מגהול ללא חרצנים 500 גרם,טעמי הגליל,IL,תמרים ללא חרצנים קלי,גרמים,500.00,100 גרם,false,,12.90,0.0258,true,1,12596
7290111350719,false,חטיף נאצוס הוטפופ בסגנון מסעדות 322 גר,ליימן מותגים,US,נאצ'וס בסגנון מסעדות,גרמים,322.00,100 גרם,false,,16.90,0.0525,true,1,52124
7290111350726,false,חטיף נאצוס הוטפופ בסגנון מקסיקני 322 גר,ליימן מותגים,US,נאצ'וס בסגנון מקסיקנ,גרמים,322.00,100 גרם,false,,16.90,0.0525,true,1,52125
7290111351747,false,טורטיות מקמח חיטה צוקטה 320 גר,,DE,טורטיה 320 גרם 8 יח,גרמים,320.00,100 גרם,false,,7.90,0.0247,true,1,55581
7290111352508,false,סילאן טבעי לחיץ 840 גר',"ששון ושות' בע""מ",IL,קלית גת,גרמים,840.00,100 גרם,false,,24.90,0.0296,true,1,56203
7290111352966,false,יוגטה סוכריות ממולאות בטעם פירות 250 גרם ללא ג'לטין,סאדאט,TR,יוגטה,גרמים,250.00,100 גרם,false,,5.90,0.0236,true,1,58943
7290111352973,false,יוגוטה קוביות חמוצות ממולאות בטעם פירות,יוגטה yogueta,TR,יוגטה,גרמים,220.00,100 גרם,false,,5.90,0.0268,true,1,58944
7290111353475,false,"שטיחים חמוצים בטעם פירות 200 גרם בד""ץ",סאדאט,TR,יוגטה,גרמים,200.00,100 גרם,false,,5.90,0.0295,true,1,61386
7290111353482,false,יוגטה סוכריות חמוצות ממלאות בטעמי פירות 200 ג',סאדאט,TR,יוגטה,גרמים,200.00,100 גרם,false,,5.90,0.0295,true,1,61387
7290111354038,false,מארז עגבניות חתוכות 3X400 גרם,פראנו אנריקו,IT,מארז עגבניות חתוכות,גרמים,1200.00,100 גרם,false,,14.90,0.0124,true,1,66680
7290111354045,false,מארז עגבניות קצוצות 3X400 גרם,פראנו אנריקו,IT,מארז עגבניות קצוצות,גרמים,1200.00,100 גרם,false,,14.90,0.0124,true,1,66681
7290111534010,false,פס גבינה שמנת ופירורים 400 ג',קפולסקי שיווק וקמעונ,IL,קפולסקי,גרמים,400.00,100 גרם,false,,39.90,0.0997,true,1,25175
7290111564239,false,שלגוני קראנץ' Crunch בטעם וניל - 5 יח',גלידות נסטלה (נגה גל,IL,גלידות נסטלה,יח',5.00,יח',false,,28.90,5.7800,true,1,30554
7290111564277,false,פריכיות דקות ונימוחות 3 דגנים פיטנס Fitness,פרח תעשיות,IL,פיטנס פריכיות 3 דגני,גרמים,120.00,100 גרם,false,,9.90,0.0825,true,1,27755
7290111564291,false,פריכיות דקות ונימוחות 3 דגנים וקינואה פיטנס Fitness,פרח תעשיות,IL,פיטנס פריכיות דקות ע,גרמים,120.00,100 גרם,false,,9.90,0.0825,true,1,27756
7290111564956,false,ביסלי במבה מיקס 200 ג' אסם,פרו מן יו פתרונות אר,IL,במבה,גרמים,200.00,100 גרם,false,,8.90,0.0445,true,1,31236
7290111566127,false,מעדן אוראו קפוא בטעם וניל עם עוגיות בטעם שוקולד,ג'נרל מילס סאן אדריא,IT,גלידות נסטלה,יח',6.00,יח',false,,15.90,2.6500,true,1,30556
7290111566271,false,טבעול חטיפי תירס 657 גר',עיצובים 2020 (4.8),IL,חטיפי תירס טבעול,גרמים,657.00,100 גרם,false,,29.90,0.0455,true,1,30416
7290111566318,false,שניצל דק מן הצומח בטעם ביתי 700 גרם,עיצובים 2020 (4.8),IL,שניצל דק טבעול,גרמים,564.00,100 גרם,false,,29.90,0.0530,true,1,30418
7290111566752,false,טבעול שניצל תירס 99 קלוריות 693 גר',עיצובים 2020 (4.8),IL,שניצל תירס טבעול 99,גרמים,693.00,100 גרם,false,,29.90,0.0431,true,1,30429
7290111568299,false,אטריות נודלס עם תרד אסם אסייתי 300 גר',אסם,IT,נודלס אטריות עם תרד,גרמים,300.00,100 גרם,false,,8.90,0.0297,true,1,31794
7290111568466,false,רוטב אסייתי למוקפץ הסדרה האסייתית,אסיף תעשיות מזון בעמ,IL,אסם,גרמים,360.00,100 גרם,false,,12.90,0.0358,true,1,31789
7290111568961,false,בייגלה טבעות מלח 400 ג' אסם,אסם,IL,אסם,גרמים,400.00,100 גרם,false,,9.90,0.0248,true,1,32261
7290111873386,false,נרות מטה כוכבים - כח,סודי,CN,דיסני,יח',10.00,יח',false,,4.90,0.4900,true,1,53854
7290111930805,false,קראנצ'וס טעם ברביקיו 55 גר',חברת מנה בעמ,IL,קראנצוס,גרמים,55.00,100 גרם,false,,2.00,0.0364,true,1,27700
7290111930898,false,חטיף פוף כוכבים גריל אמריקאי 40 גרם,פוף POOF,IL,פוף כוכבים גריל אמרי,גרמים,40.00,100 גרם,false,,3.90,0.0975,true,1,29017
7290111930904,false,חטיף פוף כוכבים בצל 40 גרם,פוף POOF,IL,פוף כוכבים בצל 40 גר,גרמים,40.00,100 גרם,false,,3.90,0.0975,true,1,29018
7290111930911,false,חטיף פוף לבבות קלאסי 40 גרם,פוף POOF,IL,פוף לבבות קלאסי 40 ג,גרמים,40.00,100 גרם,false,,3.90,0.0975,true,1,29019
7290111930928,false,חטיף פוף לבבות גריל 40 גרם,פוף POOF,IL,פוף לבבות גריל 40 גר,גרמים,40.00,100 גרם,false,,3.90,0.0975,true,1,29020
7290111930935,false,חטיף פוף טבעות קלאסי 40 גרם,פוף POOF,IL,פוף טבעות קלאסי 40 ג,גרמים,40.00,100 גרם,false,,3.90,0.0975,true,1,29021
7290111931338,false,"סבון נוזלי פלמוליב לומינוס תאנה 500 מ""ל",קולגייט פלמוליב,TR,פלמוליב סבון,מיליליטרים,500.00,"100 מ""ל",false,,15.90,0.0318,true,1,31658
7290111932502,false,"קולגייט משחת שיניים אופטיק וייט אקספרט 75 מ""ל",קולגייט Colgate,MX,קולגייט,מיליליטרים,75.00,"100 מ""ל",false,,24.90,0.3320,true,1,49232
7290111933554,false,עגבניות איטלקיות קוביות - מארז שלישיה,קונסוריזיו קאסאלסקו,IT,מאסטר שף,גרמים,1200.00,100 גרם,false,,15.90,0.0133,true,1,49665
7290111933561,false,מאסטר שף תערובת ציפוי נגטס 250 גרם,טסט וסנט קו.לטד,TH,מאסטר שף,גרמים,250.00,100 גרם,false,,7.90,0.0316,true,1,52228
7290111935527,false,"מ. שיניים קולגייט טוטל קלין מיניט -זוג כשל""פ2*100 גרם",cp,PL,קולגייט טוטאל קלין מ,מיליליטרים,100.00,"100 מ""ל",false,,29.90,0.2990,true,1,51345
7290111935961,false,מאסטר שף מחית עגבניות 690 גרם,קליספה,IT,מאסטר שף,גרמים,690.00,100 גרם,false,,9.90,0.0143,true,1,52414
7290111936784,false,"מארז פרי חטיפים 5 יח' כשל""פ תמרים ואגוזי לוז",טבעית מוצרים מן הטבע,IL,פרי מארז 5 חטיפים תמ,יח',5.00,יח',false,,14.90,2.9800,true,1,51532
7290111937248,false,פרי מארז חטיפי 5יח תמרים קשיו ונגיעת לוז 125ג',הדקלאים אגודת שיתופי,IL,פרי מארז חטיפי תמרים,יח',5.00,יח',false,,14.90,2.9800,true,1,51527
7290111937262,false,"פרי מארז חטיפי 5יח תמרים ,אגוזים ושברי קקאו 125גר",טבעית מוצרים מן הטבע,IL,פרי מארז חטיפי תמרים,יח',5.00,יח',false,,14.90,2.9800,true,1,51533
7290111938481,false,"רוטב סויה בהירה מאסטר שף 300 מ""ל",מאסטר שף,TH,מאסטר שף,מיליליטרים,300.00,"100 מ""ל",false,,8.90,0.0297,true,1,56716
7290111938498,false,"מנה אסייאתי רוטב סויה בהירה 700 מ""ל מ.שף",קי.אר.אס. ספייסי פוד,TH,רוטב סויה מנה 500מל,מיליליטרים,700.00,"100 מ""ל",false,,12.90,0.0184,true,1,55309
7290112000293,false,"סיליט באנג ג'ל לחיטוי וניקוי האסלה פרש, 750 מ""ל",סיליט באנג Cillit Bang,PL,סיליט ג'ל אסלות פרש,מיליליטרים,750.00,"100 מ""ל",false,,9.90,0.0132,true,1,30199
7290112000385,false,מנקה ומחטא עוצמתי למטבח ללא אקונומיקה,רקיט בנקיזר,PL,דטול,מיליליטרים,750.00,"100 מ""ל",false,,9.90,0.0132,true,1,49341
7290112000392,false,מנקה ומחטא עוצמתי לחדר האמבטיה ללא אקונומיקה,רקיט בנקיזר,PL,דטול,מיליליטרים,750.00,"100 מ""ל",false,,9.90,0.0132,true,1,49342
7290112000408,false,מנקה ומחטא עוצמתי לניקוי כללי בניחוח לימון,רקיט בנקיזר,PL,דטול,מיליליטרים,750.00,"100 מ""ל",false,,9.90,0.0132,true,1,49343
7290112000736,false,AIO טבליות פיניש 80 יחידות,רקיט בנקיזר,PL,פיניש,יח',80.00,יח',false,,59.90,0.7487,true,1,32201
7290112000798,false,"דיטול תרסיסי חיטוי וניקוי אנטי בקטריאלי 750 מ""ל",רקיט בנקיזר,GB,דטול,מיליליטרים,750.00,"100 מ""ל",false,,9.90,0.0132,true,1,49344
7290112001023,false,"אירוויק ספרי אוטמטי מילוי תענוגות האביב 250 מ""ל",איירוויק Air Wick,GB,איירויק,מיליליטרים,250.00,"100 מ""ל",false,,14.90,0.0596,true,1,49350
7290112001030,false,"אירוויק ספרי אוטמטי מילוי פריחת הדובדבן 250 מ""ל",איירוויק Air Wick,GB,איירויק,מיליליטרים,250.00,"100 מ""ל",false,,14.90,0.0596,true,1,49678
7290112001238,false,"מנקה מכונת כביסה קולון לימון 250 מ""ל",רקיט בנקיזר,ES,קולון,מיליליטרים,250.00,"100 מ""ל",false,,19.90,0.0796,true,1,49750
7290112001436,false,פיניש מנקה ומחדש למדיח בניחוח לימון,רקיט בנקיזר,PL,פיניש,מיליליטרים,250.00,"100 מ""ל",false,,14.90,0.0596,true,1,54977
7290112001870,false,"סיליט באנג ספריי ניקוי אמבטיה 750 מ""ל",רקיט בנקיזר,PL,סיליט,מיליליטרים,750.00,"100 מ""ל",false,,12.90,0.0172,true,1,54383
7290112002099,true,קולון ג'ל כביסה 2.5,זוהר,IL,קולון,ליטרים,2.50,ליטר,false,,24.90,9.9600,true,1,54393
7290112002105,true,קולון ג'ל כביסה מרוכ,זוהר,IL,קולון,ליטרים,2.50,ליטר,false,,24.90,9.9600,true,1,54394
7290112002112,true,קולון ג'ל כביסה 2.5,זוהר,IL,קולון,ליטרים,2.50,ליטר,false,,24.90,9.9600,true,1,54395
7290112002129,true,קולון ג'ל כביסה 2.5,זוהר,IL,קולון,ליטרים,2.50,ליטר,false,,24.90,9.9600,true,1,54396
7290112002143,false,ג'ל כביסה מרוכז קולון 101 בניחוח לילך,רקיט בנקיזר,IL,קולון,ליטרים,4.00,ליטר,false,,34.90,8.7250,true,1,54398
7290112002150,false,ג'ל כביסה מרוכז קולון 101 בניחוח ורדים,קולון Colon,IL,קולון,ליטרים,4.00,ליטר,false,,34.90,8.7250,true,1,54399
7290112002167,false,ג'ל כביסה מרוכז קולון 101 בניחוח פריחה מרענן,קולון Colon,IL,קולון,ליטרים,4.00,ליטר,false,,34.90,8.7250,true,1,54400
7290112003140,false,"אירוויק ספרי אוטמטי מילוי מנגו מרענן 250 מ""ל",RECKITT BENCKISER UK,GB,איירויק,מיליליטרים,250.00,"100 מ""ל",false,,14.90,0.0596,true,1,58046
7290112003256,false,אבקת כביסה קולון 101 בניחוח לבנדר,זוהר דליה,IL,קולון,קילוגרמים,1.25,"ק""ג",false,,12.90,10.3200,true,1,58796
7290112004413,false,וניש ספריי הסרת כתמים לבגדים לבנים 750 מ,רקיט בנקיזר,PL,וניש,מיליליטרים,750.00,"100 מ""ל",false,,16.90,0.0225,true,1,65196
7290112004703,false,ג'ל וניש שקוף לכביסה צבעונית ועדינה 750מל',רקיט בנקיזר,IT,וניש גליסימו ורוד 75,מיליליטרים,750.00,"100 מ""ל",false,,19.90,0.0265,true,1,69959
7290112004772,false,אירוויק מילוי מבשם חשמלי כביסה באוויר,RECKITT BENCKISER HU,HU,איירויק,מיליליטרים,19.00,"100 מ""ל",false,,14.90,0.7842,true,1,67426
7290112004970,false,פיניש קפסולות אולטימיט למדיח 50 יח',רקיט בנקיזר,PL,*מבצע* טבליות פיניש,יח',50.00,יח',false,,54.90,1.0980,true,1,68369
7290112005045,false,וניש תוסף כביסה רב תכליתי לבגדים לבנים,קליה וניש Kalia Vanish,IT,וניש אבקה להסרת כביס,גרמים,480.00,100 גרם,false,,16.90,0.0352,true,1,67449
7290112005052,false,וניש תוסף כביסה רב תכליתי לבגדים לבנים,קליה וניש Kalia Vanish,IT,*מבצע* וניש אבקה לכב,גרמים,1500.00,100 גרם,false,,34.90,0.0233,true,1,67450
7290112005076,false,וניש תוסף כביסה רב תכליתי לכביסה צבעונית,קליה וניש Kalia Vanish,IT,וניש אבקה לכביסה צבע,גרמים,480.00,100 גרם,false,,16.90,0.0352,true,1,67451
7290112005083,false,וניש תוסף כביסה רב תכליתי לכביסה צבעונית,קליה וניש Kalia Vanish,IT,*מבצע* וניש אבקה לכב,גרמים,1500.00,100 גרם,false,,34.90,0.0233,true,1,67452
7290112005168,false,טבליות למדיח פיניש קוואנטום לימון 60 יח,רקיט בנקיזר,PL,*מבצע* פיניש קוואנטו,יח',60.00,יח',false,,54.90,0.9150,true,1,68370
7290112190468,false,שמן זית ספרדי טבעי 7,,ES,אוליב אויל,מיליליטרים,750.00,"100 מ""ל",false,,24.90,0.0332,true,1,31898
7290112190529,false,שמן זית יוחננוף 750,אסאס דל סור,ES,אוליב אויל,מיליליטרים,750.00,"100 מ""ל",false,,24.90,0.0332,true,1,53705
7290112192509,false,פירורי לחם ללא גלוטן 250 גר GFREE,"מוצרי הכט בע""מ",IL,פירורי לחם 250 גרם ל,גרמים,250.00,100 גרם,false,,15.90,0.0636,true,1,50943
7290112192561,false,משחת שיניים whitening עם פלואוריד להגנה מלאה,ג'י.אס.קיי קונסיומר,IE,פרודונטקס,מיליליטרים,75.00,"100 מ""ל",false,,35.90,0.4787,true,1,54496
7290112192578,false,משחת שיניים פרודונטקס אקסטרה פרש הגנה מלאה,ג'י.אס.קיי קונסיומר,IE,פרודונטקס,מיליליטרים,75.00,"100 מ""ל",false,,35.90,0.4787,true,1,54497
7290112192875,false,"סנסודיין - משחת שיניים רגישות וחניכיים 75 מ""ל",סנסודיין Sensodyne,GB,סנסודיין,מיליליטרים,75.00,"100 מ""ל",false,,33.90,0.4520,true,1,54817
7290112192882,false,"סנסודיין - משחת שיניים רגישות וחניכיים מלבינה 75 מ""ל",ג'י.אס.קיי קונסיומר,DE,סנסודיין,מיליליטרים,75.00,"100 מ""ל",false,,33.90,0.4520,true,1,54818
7290112195579,false,שמן זית כתית מעולה 7,אסאס דל סור,ES,אוליב אויל,מיליליטרים,750.00,"100 מ""ל",false,,24.90,0.0332,true,1,64732
7290112197085,false,"סטייל - סבון מעוצב פריז 500 מ""ל",רנקסאן פלסטיק יאנגר,TR,סבון מעוצב פריז 500,מיליליטרים,500.00,"100 מ""ל",false,,9.90,0.0198,true,1,70968
7290112197719,false,פיצה משפחתית  זיתים 330 ג' ללא גלוטן ג'י פרי,נטורל קייקס,IL,GFREE,גרמים,330.00,100 גרם,false,,23.90,0.0724,true,1,69953
7290112330352,false,"יוגורט PRO בטעם וניל 0% , 20 גרם חלבון בגביע","שטראוס בריאות בע""מ",IL,דנונה פרו,גרמים,200.00,100 גרם,false,,5.90,0.0295,true,1,52381
7290112330390,false,יוגורט PRO בטעם פירות יער 0% 20 גרם חלבון בגביע,"שטראוס בריאות בע""מ",IL,דנונה פרו,גרמים,200.00,100 גרם,false,,5.90,0.0295,true,1,52382
7290112330420,false,דנונה פרו לבן 2.9% שומן 150 ג',מיוצר עי קונדיטוריית,IL,דנונה פרו,גרמים,150.00,100 גרם,false,,4.60,0.0307,true,1,51222
7290112332585,false,"פריכיות תפו""א, אורז בתיבול סלק ומלח חי 30 גר'","פרח תעשיו מזון בע""מ",IL,"פריכיות משולשות תפו""",גרמים,30.00,100 גרם,false,,4.90,0.1633,true,1,53216
7290112332691,false,פינוקיות עוגיות קרם פסק זמן אגוזים 200 גרם,הגביע מוצרי ופלים בע,IL,עלית,גרמים,200.00,100 גרם,false,,9.90,0.0495,true,1,53462
7290112334305,false,סלט כרובית בטחינה אחלה 330 ג',שטראוס גרופ,IL,שטראוס,גרמים,330.00,100 גרם,false,,14.90,0.0452,true,1,50895
7290112334596,false,אבקה להכנת שוקו 850,שטראוס קפה בי.וי,IL,עלית,גרמים,935.00,100 גרם,false,,14.90,0.0159,true,1,56178
7290112335487,false,פריכיות הטעימות קצח ודגנים אנרגי 135 גר,אנרג'י Energy - שטראוס,IL,פרכיות גדולות 3 דגני,גרמים,135.00,100 גרם,false,,7.80,0.0578,true,1,53219
7290112335494,false,הפריכיות הטעימות תפוחי אדמה בטעם פוטטוס,"פרח תעשיות מזון בע""מ",IL,פרכיות גדולות פוטטוס,גרמים,135.00,100 גרם,false,,7.80,0.0578,true,1,53220
7290112335500,false,"הפריכיות הטעימות חומוס, אורז, עדשים שחורות וקינואה",אנרג'י Energy - שטראוס,IL,פרכיות גדולות חלבון,גרמים,135.00,100 גרם,false,,7.80,0.0578,true,1,53221
7290112336637,false,סוכריות מאסט Must ללא סוכר יוגורט תות ואוכניות,שטראוס גרופ,PL,סוכריות מאסט ללא סוכר,גרמים,80.00,100 גרם,false,,6.90,0.0863,true,1,54462
7290112336644,false,סוכריות מאסט ללא סוכר לימון 80 ג' עלית,שטראוס גרופ,PL,סוכריות מאסט ללא סוכר,גרמים,80.00,100 גרם,false,,6.90,0.0863,true,1,54463
7290112336651,false,סוכריות מאסט ללא סוכר ריבת חלב 80 ג' עלית,שטראוס גרופ,PL,סוכריות מאסט ללא סוכר,גרמים,80.00,100 גרם,false,,6.90,0.0863,true,1,54464
7290112336712,false,יוגורט PRO לבן 0% 21 גרם חלבון בגביע,"שטראוס בריאות בע""מ",IL,דנונה פרו,גרמים,200.00,100 גרם,false,,5.90,0.0295,true,1,51728
7290112337474,false,סוכריות מאסט ללא סוכר פטל לימון 80 ג' עלית,שטראוס גרופ,PL,סוכריות מאסט ללא סוכר,גרמים,80.00,100 גרם,false,,6.90,0.0863,true,1,54465
7290112337481,false,סוכריות מאסט ללא סוכר קפצ''ינו 80 ג' עלית,שטראוס גרופ,PL,סוכריות מאסט ללא סוכר,גרמים,80.00,100 גרם,false,,6.90,0.0863,true,1,54466
7290112338877,false,מעדן גבינה בטעם תות 3% 125ג' סקי,"שטראוס בריאות בע""מ",IL,שטראוס,גרמים,125.00,100 גרם,false,,3.70,0.0296,true,1,50898
7290112339171,false,מילקי מוס עם שוקולד וקצפת,מיוצר עי קונדיטוריית,IL,מילקי,גרמים,81.00,100 גרם,false,,3.30,0.0407,true,1,50900
7290112339362,false,דנונה לייט אנד פריי בטעם קפוצינו 150 גר',דנונה - שטראוס,IL,דנונה,גרמים,150.00,100 גרם,false,,4.50,0.0300,true,1,54775
7290112339867,false,גמדים לדרך גבינה לבנה עם מחית תות,שטראוס,IL,גמדים,גרמים,100.00,100 גרם,false,,5.90,0.0590,true,1,51220
7290112339874,false,גמדים לדרך גבינה לבנה עם מחיות תות ובננה,שטראוס,IL,גמדים,גרמים,100.00,100 גרם,false,,5.90,0.0590,true,1,51221
7290112340122,false,פריכיות טעימות 3 דגנים אנרגי 135 גר,אנרג'י Energy - שטראוס,IL,פרכיות גדולות 3 דגני,גרמים,135.00,100 גרם,false,,7.80,0.0578,true,1,53226
7290112340276,false,פינוקיות עוגיות קרם קפה 200 גרם,הגביע מוצרי ופלים בע,IL,עלית,גרמים,200.00,100 גרם,false,,9.90,0.0495,true,1,53464
7290112340900,false,קפה טורקי האג נטול קפאין 200 גרם,הנסיך- מפעל לייצור ט,IL,האג,גרמים,200.00,100 גרם,false,,24.90,0.1245,true,1,53228
7290112341679,false,דנונה אקטיביה 3% שומן 200 גרם,מיוצר עי קונדיטוריית,IL,אקטיביה,גרמים,200.00,100 גרם,false,,3.90,0.0195,true,1,54274
7290112341686,false,מארז אקטיביה שמיניה 3% 150 גר*8,מיוצר עי קונדיטוריית,IL,שטראוס,ליטרים,1.20,ליטר,false,,19.90,16.5833,true,1,54275
7290112342102,false,סימפוניה גבינה במרקם שמנת בצל מקורמל 5%,"שטראוס בריאות בע""מ",IL,שטראוס,גרמים,200.00,100 גרם,false,,9.90,0.0495,true,1,55518
7290112342270,false,קפה פלטינום אינטנס מחוזק ב- 10% אספרסו,שטראוס קפה בי.וי,IL,עלית,גרמים,125.00,100 גרם,false,,15.90,0.1272,true,1,54476
7290112343260,false,"יטבתה רוטב שמנת קלאסי 9% שומן 260 מ""ל",שטראוס גרופ,IL,יטבתה,מיליליטרים,260.00,"100 מ""ל",false,,10.90,0.0419,true,1,55186
7290112343420,false,"משקה חלב עם דגנים מלאים ובננה פרו יטבתה 350מ""ל",מחלבת יטבתה,IL,יטבתה פרו ארוחת בוקר,מיליליטרים,350.00,"100 מ""ל",false,,7.50,0.0214,true,1,55188
7290112343499,false,חטיף צ'יטוס פאפס אפוי בטעם גבינה,"שטראוס פריטו ליי בע""",IL,עלית,גרמים,55.00,100 גרם,false,,3.10,0.0564,true,1,62726
7290112343512,false,ציטוס 160 גרם 9 יחידות puffs,"שטראוס פריטו ליי בע""",IL,עלית,גרמים,160.00,100 גרם,false,,6.90,0.0431,true,1,62727
7290112344724,false,מעדן בטעם שוקולד בלונדי 170 ג' מילקי,מיוצר עי קונדיטוריית,IL,שטראוס,גרמים,133.00,100 גרם,false,,3.30,0.0248,true,1,55163
7290112344755,false,מילקי שוקולד 26% פחות סוכר 135 גרם,מיוצר עי קונדיטוריית,IL,שטראוס,גרמים,135.00,100 גרם,false,,2.80,0.0207,true,1,60108
7290112344786,false,קפה פלטינום קלאסיק 200 ג' עלית,שטראוס קפה בי.וי.,IL,עלית,גרמים,200.00,100 גרם,false,,19.80,0.0990,true,1,56674
7290112344953,false,סימפוניה חציל קלוי גבינה במקרם שמנת 5%,"שטראוס בריאות בע""מ",IL,שטראוס,גרמים,200.00,100 גרם,false,,9.90,0.0495,true,1,60290
7290112346537,false,עוגיות פינוקיות בטעם טורטית 200 ג' עלית,הגביע מוצרי ופלים בע,IL,עלית,גרמים,200.00,100 גרם,false,,9.90,0.0495,true,1,55304
7290112346629,false,דנונה בר יוגורט+קורנפלקס מצופה שוקולד חלב ולבן 172 גרם,דנונה - שטראוס,IL,שטראוס,גרמים,172.00,100 גרם,false,,4.30,0.0250,true,1,58460
7290112346773,false,יוגורט בטעם וניל 0% לייט אנד פרי 10 גרם חלבון בגביע,מיוצר עי קונדיטוריית,IL,דנונה,גרמים,150.00,100 גרם,false,,4.50,0.0300,true,1,60293
7290112346797,false,יוגורט אקטיביה שיבולת שועל ושזיף 150 גרם,מיוצר עי קונדיטוריית,IL,אקטיביה,גרמים,150.00,100 גרם,false,,4.60,0.0307,true,1,56766
7290112346827,false,אקטימל פטל ויטמין C שמינייה,שטראוס גרופ,IL,שטראוס,מיליליטרים,864.00,"100 מ""ל",false,,19.80,0.0229,true,1,59849
7290112348999,false,פריכיות טעימות תירס דקות 135 גרם,עלית,IL,פרכיות גדולות תירס ד,גרמים,135.00,100 גרם,false,,7.80,0.0578,true,1,60145
7290112349606,false,מעדן גבינה ויוגורט תות בננה 88 ג' דניאלה,"שטראוס בריאות בע""מ",IL,שטראוס,גרמים,88.00,100 גרם,false,,3.90,0.0443,true,1,64047
7290112349736,false,בזיליקום רוטב עגבניות לפסטה 350 גר' יד מרדכי,אמיליאנה קונסרב סוסי,IT,יד מרדכי,גרמים,350.00,100 גרם,false,,10.90,0.0311,true,1,55491
7290112349750,false,פיצה רוטב עגבניות לפיצה 350 גר' יד מרדכי,אמיליאנה קונסרב,IT,יד מרדכי,גרמים,350.00,100 גרם,false,,10.90,0.0311,true,1,55493
7290112349903,false,רוטב שמנת עם גרגירי וניל 9% שומן 260 ג' יטבתה,מחלבת יטבתה,IL,יטבתה,מיליליטרים,260.00,"100 מ""ל",false,,10.90,0.0419,true,1,65282
7290112350275,false,קפסולות לונגו למכונות נספרסו 55 גר,שטראוס קפה בי.וי,IL,עלית,גרמים,50.00,100 גרם,false,,15.90,0.3180,true,1,56134
7290112350312,false,קפסולות 15 קפה יותר למכונות נספרסו עלית 10יח',הנסיך- מפעל לייצור ט,IL,עלית,גרמים,50.00,100 גרם,false,,15.90,0.3180,true,1,59250
7290112351067,false,סילאן טבעי 100% תמר מג'הול ללא תוספת סוכר,יד מרדכי,IL,סילאן טבעי לחיץ 630,גרמים,630.00,100 גרם,false,,24.90,0.0395,true,1,56681
7290112351104,false,שוקולד פרה ממולא פיצפוצי אורז 100 ג' עלית,שטראוס,IL,שוקולד פרה פצפוצי או,גרמים,100.00,100 גרם,false,,5.90,0.0590,true,1,57082
7290112351128,false,שוקולד פרה סוכריות קופצות 100 ג' עלית,"שטראוס גרופ בע""מ",IL,שוקולד פרה סוכריות ק,גרמים,90.00,100 גרם,false,,5.90,0.0656,true,1,58629
7290112351524,false,עלי סלנובה טעם הטבע,שטראוס בריאות ירקות,IL,טעם הטבע,גרמים,200.00,100 גרם,false,,12.90,0.0645,true,1,58516
7290112353887,false,"משקה קפה קר בטעם אגוזים יטבתה 230 מ""ל",אנסטל מילק kg,AT,משקה קפה קר בטעם אגו,מיליליטרים,230.00,"100 מ""ל",false,,7.90,0.0343,true,1,58557
7290112354204,false,ספגטי עגבניות דלישס 280 גרם,גסטרונומיה פרוסט אס.,IT,*מבצע* דלישס ספגטי ע,גרמים,280.00,100 גרם,false,,16.90,0.0604,true,1,63571
7290112354235,false,ברקטה פיצה - 2 יחידות במארז,גסטרונומיה פרוסט אס.,IT,*מבצע* דלישס ברקטה פ,גרמים,280.00,100 גרם,false,,19.90,0.0711,true,1,63576
7290112354945,false,תפוצ'יפס wavy טבעי 50ג היתר מכירה,שטראוס פריטו ליי בע”,IL,עלית,גרמים,50.00,100 גרם,false,,3.50,0.0700,true,1,70218
7290112355027,false,דנונה פרו 20 גרם חלבון קרמל מלוח 200 גרם,"שטראוס בריאות בע""מ",IL,דנונה פרו,גרמים,200.00,100 גרם,false,,5.90,0.0295,true,1,60112
7290112355102,false,גמדים סקוויז 100 גרם פאוץ סלט פירות 100 גרם,"שטראוס בריאות בע""מ",IL,?????,גרמים,100.00,100 גרם,false,,5.90,0.0590,true,1,60281
7290112355393,false,"יטבתה רוטב שמנת+בטטה 9% שומן 250 מ""ל",שטראוס גרופ,IL,יטבתה,מיליליטרים,257.00,"100 מ""ל",false,,10.90,0.0424,true,1,69977
7290112355812,false,מעדן מילקי עם טופ קורנפלקס מצופה שוקולד,"שטראוס גרופ בע""מ",IL,שטראוס,גרמים,141.00,100 גרם,false,,4.50,0.0319,true,1,66428
7290112355867,false,מילקי קצפת טופ פיצפוץ 86 גרם,"שטראוס גרופ בע""מ",IL,מילקי קצפת טופ פיצפו,גרמים,86.00,100 גרם,false,,3.90,0.0453,true,1,63325
7290112357045,false,עגבניות איטלקיות מרוסקות 390 גר' בקופסה טעם הטבע,שטראוס טעם הטבע,IT,טעם הטבע,גרמים,390.00,100 גרם,false,,6.50,0.0167,true,1,58041
7290112357069,false,מחית עגבניות איטלקיות בקופסה 500 גר' טעם הטבע,שטראוס טעם הטבע,IT,טעם הטבע,גרמים,500.00,100 גרם,false,,6.50,0.0130,true,1,58042
7290112357076,false,קוביות עגבניות איטלקיות 390 גר' בקופסה טעם הטבע,שטראוס טעם הטבע,IT,טעם הטבע,גרמים,390.00,100 גרם,false,,6.50,0.0167,true,1,59249
7290112357106,false,שעועית אדומה 380 גר' בקופסה טעם הטבע,שטראוס טעם הטבע,IT,טעם הטבע,גרמים,380.00,100 גרם,false,,6.90,0.0182,true,1,58036
7290112358004,false,חטיף פסק זמן קראנץ 32 גרם,שולן צ'יקולטה גידה ס,TR,עלית,גרמים,32.00,100 גרם,false,,4.90,0.1531,true,1,60141
7290112358219,false,יד מרדכי רוטב צ'ילי מתוק 300 גרם,אף.סי תבליני בגליל ב,IL,עלית,מיליליטרים,300.00,"100 מ""ל",false,,12.90,0.0430,true,1,58715
7290112358233,false,יד מרדכי רוטב צילי חריף 300גרם,"בית אל מזון בע""מ",IL,עלית,מיליליטרים,300.00,"100 מ""ל",false,,12.90,0.0430,true,1,58769
7290112358240,false,רוטב גריל יד מרדכי 300 גרם,"בית אל מזון בע""מ",IL,עלית,גרמים,300.00,100 גרם,false,,12.90,0.0430,true,1,57097
7290112358431,false,עד חצות דאבל ביסקוויט עם שוקולד חלב -8 אריזות אישיות,הדקלאים אגודת שיתופי,IL,עלית,גרמים,200.00,100 גרם,false,,11.90,0.0595,true,1,61590
7290112358554,false,מארז קפה נמס מנות אישיות לדרך 50.4 גר,שטראוס רומניה,RO,נמס לדרך,יח',26.00,יח',false,,10.90,0.4192,true,1,59251
7290112490667,false,קונפיטורה משמש 340 גרם-צנצנת,אתר חיפה 778 - Food,IL,778,גרמים,340.00,100 גרם,false,,11.90,0.0350,true,1,38116
7290112490674,false,קונפיטורת דובדבן 340 גר' 778 כשלפ,אתר חיפה 778 - Food,IL,778,גרמים,340.00,100 גרם,false,,11.90,0.0350,true,1,38117
7290112490698,false,קונפיטורה תות שדה לייט 300 גרם-צנצנת,אתר חיפה 778 - Food,IL,778,גרמים,260.00,100 גרם,false,,12.90,0.0496,true,1,38119
7290112492449,false,"פינוק - שמפו לשיער רגיל 700 מ""ל",יוניליוור ישראל טיפו,IL,PINUK,מיליליטרים,700.00,"100 מ""ל",false,,11.90,0.0170,true,1,56813
7290112492463,false,"שמפו ומרכך פינוק 2 ב1 לשיער רגיל 700 מ""ל",יוניליוור ישראל טיפו,IL,PINUK,מיליליטרים,700.00,"100 מ""ל",false,,11.90,0.0170,true,1,56815
7290112492531,false,"פינוק מרכך לשיער רגיל 700 מ""ל",אתר ליוור - HPC,IL,PINUK,מיליליטרים,700.00,"100 מ""ל",false,,11.90,0.0170,true,1,55116
7290112493927,false,גלידה בטעם ריבת חלב 1.33ל' קרמיסימו,"גלידת שטראוס בע""מ, ר",IL,קרמיסימו,ליטרים,1.33,ליטר,false,,18.90,14.2105,true,1,55550
7290112493934,false,גלידה וניל צרפתי 1.33ל' קרמיסימו,"גלידת שטראוס בע""מ, ר",IL,קרמיסימו,ליטרים,1.33,ליטר,false,,18.90,14.2105,true,1,55551
7290112493965,false,קרמיסימו חלבית בטעם מסטיק וניל 665 גר,"גלידת שטראוס בע""מ, ר",IL,קרמיסימו,ליטרים,1.33,ליטר,false,,18.90,14.2105,true,1,55552
7290112494221,false,קליק - ביסקויט תפזורת 65 גרם,יוניליוור ישראל מזון,IL,KLIK,גרמים,65.00,100 גרם,false,,4.90,0.0754,true,1,54699
7290112494238,false,קליק - כדורים חלב תפזורת 65 גרם,יוניליוור ישראל מזון,IL,KLIK,גרמים,65.00,100 גרם,false,,4.90,0.0754,true,1,54700
7290112494276,false,קליק כריות תפזורת 65 גר,יוניליוור ישראל מזון,IL,KLIK,גרמים,65.00,100 גרם,false,,4.90,0.0754,true,1,54702
7290112494283,false,קליק - מעורב חום לבן תפזורת 65 גרם,יוניליוור ישראל מזון,IL,KLIK,גרמים,65.00,100 גרם,false,,4.90,0.0754,true,1,54703
7290112494313,false,קליק - קורנפלקס תפזורת 65 גרם,יוניליוור ישראל מזון,IL,KLIK,גרמים,65.00,100 גרם,false,,4.90,0.0754,true,1,54705
7290112494351,false,תלמה קורנפלקס של אלופים 850 ג',יוניליוור שפע ישראל,IL,"קורנפלקס צהוב בד""ץ 8",גרמים,850.00,100 גרם,false,,16.90,0.0199,true,1,56266
7290112495006,false,כריות נוגט 686 גרם - קופסא,יוניליוור שפע ישראל,IL,TELMA,גרמים,686.00,100 גרם,false,,24.90,0.0363,true,1,54658
7290112495044,false,קוקומן פצפוצים בטעם שוקולד,יוניליור שפע ישראל ב,IL,TELMA,גרמים,375.00,100 גרם,false,,19.90,0.0531,true,1,54708
7290112496027,false,סירופ שוקולד 580 גרם-בקבוק,יוניליוור ישראל מזון,IL,EFICOL,גרמים,580.00,100 גרם,false,,11.90,0.0205,true,1,55797
7290112497031,false,קנור רוטב עגבניות לקציצות 415 גרם,יוניליוור,IT,קנור רוטב לקציצות 41,גרמים,415.00,100 גרם,false,,9.90,0.0239,true,1,61494
7290112497123,false,תערובת להכנת מעדן בטעם סחלב,יוניליוור ישראל מזון,IL,KNORR,גרמים,112.00,100 גרם,false,,9.90,0.0884,true,1,59589
7290112498922,false,מאגדת מיני מגנום שוקולד לבן 250 ג',"מיוצר ע""י גלידת שטרא",IL,מגנום,גרמים,250.00,100 גרם,false,,26.90,0.1076,true,1,61992
7290112499943,false,מיני מאגדת מיני מגנום טעמים שונים וניל+שוקו,"מיוצר ע""י גלידת שטרא",IL,מגנום,גרמים,250.00,100 גרם,false,,26.90,0.1076,true,1,55558
7290112707512,false,זיקוק 7 סמ 5 יח 192 בקרטון 3גר כסף,,CN,זיקוק 7סמ 3גר - 5יח,יח,5.00,יח,false,,5.90,1.1800,true,1,54113
7290112707529,false,זיקוק 7 סמ 5 יח 192 בקרטון 3גר צבעוני,,,זיקוק 7 סמ 3 גרם - 5,יח,5.00,יח,false,,5.90,1.1800,true,1,54114
7290112961464,false,פיטנס חטיפי פריכיות דגנים וחומוס מתובלות,"פרח תעשיות מזון בע""מ",IL,חטיפי פריכיות דקות פ,גרמים,60.00,100 גרם,false,,8.90,0.1483,true,1,50492
7290112963918,false,פיטנס חטיפי קרקר דק רוזמרין 140 גרם,נסטלה Nestle,IL,קרקר דק רוזמרין פיטנ,גרמים,140.00,100 גרם,false,,11.90,0.0850,true,1,53115
7290112964434,false,"רוטב לסלט קיסר 295 מ""ל אסם",אסם,IL,אסם,מיליליטרים,290.00,"100 מ""ל",false,,8.90,0.0307,true,1,53118
7290112964472,false,"רוטב שום לסלט 290 מ""ל אסם",אסם,IL,אסם,מיליליטרים,290.00,"100 מ""ל",false,,8.90,0.0307,true,1,53120
7290112964601,false,רוטב בנוסח סצ'ואן הסדרה האסייתית,"אסם השקעות בע""מ",IL,אסם,גרמים,360.00,100 גרם,false,,12.90,0.0358,true,1,52346
7290112964625,false,רוטב שום לייט לסלט 310 גרם אסם,אסם,IL,אסם,מיליליטרים,290.00,"100 מ""ל",false,,8.90,0.0307,true,1,53123
7290112965745,false,אוסם - ביסלי פריסטייל בצל מעושן 60 גרם,"אסם השקעות בע""מ",IL,ביסלי,גרמים,60.00,100 גרם,false,,3.90,0.0650,true,1,61899
7290112965806,false,אוסם - ביסלי פריסטייל חמוץ חריף 60 גרם,אסם,IL,ביסלי,גרמים,60.00,100 גרם,false,,3.90,0.0650,true,1,61901
7290112966001,false,טבעול גורמה ארוחת ירוקים 450 גרם,טבעול (מקבוצת אסם הש,IL,ארוחת ירוקים טבעול ג,גרמים,450.00,100 גרם,false,,34.90,0.0776,true,1,64967
7290112966247,false,לחמית כוסמין 200 ג' אסם,אסם יקנעם,IL,לחמית,גרמים,200.00,100 גרם,false,,9.90,0.0495,true,1,56832
7290112967138,false,בייגלה שמיניות ללא גלוטן 250 גרם אסם,מיוצר עי קונדיטוריית,IL,אסם,גרמים,250.00,100 גרם,false,,9.90,0.0396,true,1,55416
7290112967572,false,"אסם רוטב ברביקיו 290 מ""ל אסם",אסם,IL,אסם,גרמים,335.00,100 גרם,false,,8.90,0.0266,true,1,55399
7290112967848,false,אסם גלי תות שדה מופחת סוכר 90 גרם,מיוצר עי קונדיטוריית,IL,אסם,גרמים,90.00,100 גרם,false,,5.90,0.0656,true,1,55417
7290112968807,false,פיטנס - קרקר דק סלק 140 גרם,מפעל אסם יקנעם,IL,קרקר דק סלק פיטנס 14,גרמים,140.00,100 גרם,false,,11.90,0.0850,true,1,59559
7290112968821,false,פיטנס - קרקר דק בטטה 140 גרם,מפעל אסם יקנעם,IL,קרקר דק בטטה פיטנס 1,גרמים,140.00,100 גרם,false,,11.90,0.0850,true,1,59560
7290112969286,false,אסם בישולים רוטב חרדל ודבש 330 גרם,"אסם השקעות בע""מ",IL,רוטב חרדל ודבש בישול,גרמים,330.00,100 גרם,false,,15.90,0.0482,true,1,60204
7290113190375,false,סילאן טבעי שקדיה 900 גרם,שקדיה,TR,סילאן טבעי 900 גרם ש,גרמים,900.00,100 גרם,false,,17.90,0.0199,true,1,58100
7290113190450,false,ממרח תמרים שאן 450 גרם,טעמי הגליל,IL,ירדן,גרמים,450.00,100 גרם,false,,5.90,0.0131,true,1,51749
7290113190757,false,חלבה מסולסלת בטעם וניל 300 גרם,חיאל עמר שומרון,IL,חלבה תלתלים בטעם וני,גרמים,300.00,100 גרם,false,,13.90,0.0463,true,1,52155
7290113191006,false,פפריקה מתוקה יוחאי ב,תבליני בר,IL,פפריקה מתוקה 250 גרם,גרמים,250.00,100 גרם,false,,14.90,0.0596,true,1,56495
7290113191037,false,פלפל שחור גרוס יוחאי,תבליני בר,IL,פלפל שחור גרוס 250 ג,גרמים,250.00,100 גרם,false,,14.90,0.0596,true,1,56497
7290113191044,false,כמון יוחאי ביטון 250,תבליני בר,IL,כמון מזרחי 250 גרם ב,גרמים,250.00,100 גרם,false,,14.90,0.0596,true,1,56498
7290113191051,false,כורכום יוחאי ביטון 2,תבליני בר,IL,כורכום טחון 250 גרם,גרמים,250.00,100 גרם,false,,14.90,0.0596,true,1,56499
7290113192102,false,"דפי אורז עגול קטן 16 ס""מ 250 גר'",תראן ראנח,VN,דפי אורז 250 גרם עגו,גרמים,250.00,100 גרם,false,,9.90,0.0396,true,1,56525
7290113192881,false,"טורטיה חיטה מופחת קלוריות, קוטר 20 ס""מ - 6 יח'",דין שיווק,TR,טורטיה חיטה מופחתת ק,גרמים,270.00,100 גרם,false,,9.90,0.0367,true,1,57106
7290113196414,false,"אורז בסמטי 1 ק""ג כחול מטאלי שקדיה",דאבה סינג שאם סינג,IN,"אורז בסמטי 1 ק""ג שקד",קילוגרמים,1.00,"ק""ג",false,,9.90,9.9000,true,1,66214
7290113196490,false,פריכיות כוסמת בתוספת זרעי ציה שקדיה 150 ג',זנבר המכללה לטבעונות,IL,פריכיות כוסמת צ'יה ב,גרמים,150.00,100 גרם,false,,9.90,0.0660,true,1,63037
7290113196506,false,פריכיות כוסמת ללא מלח שקדיה 150 ג',זנבר המכללה לטבעונות,IL,פריכיות כוסמת ללא מל,גרמים,150.00,100 גרם,false,,9.90,0.0660,true,1,63038
7290113196520,false,פריכיות כוסמין ללא מלח שקדיה 150 ג',זנבר המכללה לטבעונות,IL,פריכיות כוסמין ללא מ,גרמים,150.00,100 גרם,false,,9.90,0.0660,true,1,63040
7290113197176,false,חמאת בוטנים טבעית עם,סופר נוטרי פודס,IN,חמאת בוטנים טבעית,גרמים,510.00,100 גרם,false,,15.90,0.0312,true,1,67565
7290113197800,false,בית השיטה פלפל קלוי 400 גרם,,,פלפל קלוי 680 גרם בי,גרמים,680.00,100 גרם,false,,11.90,0.0175,true,1,65738
7290113199385,false,פרכיות כוסמת דקות בתוספת מלח,זנבר המכללה לטבעונות,IL,פרכיות כוסמת דקות בת,גרמים,100.00,100 גרם,false,,9.90,0.0990,true,1,67561
7290113199392,false,פרכיות כוסמת דקות בת,זנבר המכללה לטבעונות,IL,פריכיות כוסמת דקות ב,גרמים,90.00,100 גרם,false,,9.90,0.1100,true,1,67562
7290113199408,false,פרכיות כוסמין דקות בתוספת מלח,זנבר המכללה לטבעונות,IL,פריכיות כוסמין דקות,גרמים,95.00,100 גרם,false,,9.90,0.1042,true,1,67563
7290113199866,false,מגש אירוח אגוזים קלויים וחטיפים מלוחים מקל 450 ג',דין שיווק,IL,*מבצע* מגש איגוזים פ,גרמים,450.00,100 גרם,false,,19.90,0.0442,true,1,70772
7290113284517,false,נייר טואלט בליסימו 3,,,נייר טואלט בליסימו 3,מטרים,576.00,מטר,false,,26.90,0.0467,true,1,64188
7290113284524,false,מגבות נייר שישיה,,,מגבות נייר שישיה,מטרים,63.00,מטר,false,,9.90,0.1571,true,1,64120
7290113302280,false,חטיף נקניקיות אדום בונזו 80 ג',שינייה פט פוד,CN,חטיף בונזו בצורת נקנ,גרמים,80.00,100 גרם,false,,12.90,0.1613,true,1,59022
7290113302297,false,חטיף אנרגיה בונזו עו,,,חטיף אנרגיה בונזו עו,גרמים,80.00,100 גרם,false,,12.90,0.1613,true,1,59023
7290113302303,false,חטיף בונזו סטיקים תר,שינייה פט פוד,CN,חטיף בונזו סטיקים עם,גרמים,80.00,100 גרם,false,,12.90,0.1613,true,1,59024
7290113302310,false,בונזו בטטה רול 80 גרם,שינייה פט פוד,CN,חטיף בונזו בטטה רול,גרמים,80.00,100 גרם,false,,12.90,0.1613,true,1,61887
7290113302327,false,חטיף עוף טבעות כחול בונזו 80 ג',,,חטיף בונזו טבעות עוף,גרמים,80.00,100 גרם,false,,12.90,0.1613,true,1,58570
7290113302358,false,חטיפי בנוזו עוף צורת,לנגי,CN,חטיפי בונזו בצורת סו,גרמים,80.00,100 גרם,false,,12.90,0.1613,true,1,58573
7290113302389,false,שיפוד סלמון ודג בקלה,שינייה פט פוד,CN,שיפוד סלמון ודג בקלה,גרמים,80.00,100 גרם,false,,12.90,0.1613,true,1,58576
7290113302396,false,שיפוד כבש ודג בקלה 8,שינייה פט פוד,CN,שיפוד כבש ודג בקלה 8,גרמים,80.00,100 גרם,false,,12.90,0.1613,true,1,58577
7290113303607,false,חטיף בונזו נגיסי עוף,שינייה פט פוד,CN,חטיף בונזו נגיסי עוף,גרמים,80.00,100 גרם,false,,12.90,0.1613,true,1,63739
7290113305816,false,סופרים סלמון לכלב 40,,TR,סופרים סלמון לכלב 40,גרמים,400.00,100 גרם,false,,4.00,0.0100,true,1,70414
7290113305823,false,סופרים כבש לכלב 400,,TR,סופרים כבש לכלב 400,גרמים,400.00,100 גרם,false,,4.00,0.0100,true,1,70415
7290113305830,false,סופרים עוף לחתול 400,,TR,סופרים עוף לחתול 400,גרמים,400.00,100 גרם,false,,4.00,0.0100,true,1,70416
7290113305847,false,סופרים סלמון לחתול 4,,TR,סופרים סלמון לחתול 4,גרמים,400.00,100 גרם,false,,4.00,0.0100,true,1,70417
7290113305854,false,סופרים בקר לחתול 400,,TR,סופרים בקר לחתול 400,גרמים,400.00,100 גרם,false,,4.00,0.0100,true,1,70418
7290113560055,false,"מי פה פרודונטקס לטיפול יום יומי 500 מ""ל",פרודונטקס Parodontax,GB,פרדונטקס,מיליליטרים,500.00,"100 מ""ל",false,,29.90,0.0598,true,1,58888
7290113560109,false,"משחת שיניים פרודונטקס הרבל 75 מ""ל",פרודונטקס Parodontax,SK,פרודונטקס,מיליליטרים,75.00,"100 מ""ל",false,,30.90,0.4120,true,1,59928
7290113631496,false,פירורי לחם 350 גרם ב,מעדני גורמה,IL,פירורי לחם 350 גרם ב,גרמים,350.00,100 גרם,false,,10.90,0.0311,true,1,54808
7290113634787,false,קציצות אנטריקוט 800ג,משתנה,IL,קציצות אנטריקוט 800גר' גו,גרמים,800.00,100 גרם,false,,54.90,0.0686,true,1,59191
7290113634794,false,נקנקיות מרגז 500גר',משתנה,IL,נקנקיות מרגז 500גר' גורמה,גרמים,500.00,100 גרם,false,,34.90,0.0698,true,1,59192
7290113634800,false,קציצות קבבוש 900 גרם,משתנה,IL,קציצות קבבוש 900גרם מעדני,גרמים,900.00,100 גרם,false,,66.90,0.0743,true,1,59193
7290113635524,false,נקניקיות צ'וריסוס 50,,,נקניקיות צ'וריסוס 50,גרמים,500.00,100 גרם,false,,36.90,0.0738,true,1,60992
7290113635999,false,קישקע 500 גרם יוחננו,מעדני גורמה,,קישקע 500 גרם יוחננו,גרמים,500.00,100 גרם,false,,16.90,0.0338,true,1,61097
7290113660007,false,"כוס 330 סמ""ק 40 יח'",,,"כוס 330 סמ""ק 40 יח'",יח',40.00,יח',false,,7.90,0.1975,true,1,50110
7290113660595,false,8 יח' מיכל מלבני 650,,,8 יח' מיכל מלבני 650,יח',1.00,יח',false,,14.90,14.9000,true,1,51245
7290113660618,false,6 יח' מיכל מלבני 2 ל,,,6 יח' מיכל מלבני 2 ל,יח',1.00,יח',false,,14.90,14.9000,true,1,51247
7290113660625,false,4 יח' מיכל מלבני 2.5,,,4 יח' מיכל מלבני 2.5,יח',1.00,יח',false,,14.90,14.9000,true,1,51248
7290113660700,false,תבניות נייר אפיה אינ,קורקנט,CN,אור שני,יח',2.00,יח',false,,8.90,4.4500,true,1,52904
7290113660724,false,תבנית נייר עגול 22 ס,קורקנט,CN,מנגט,יח',3.00,יח',false,,10.90,3.6333,true,1,54075
7290113660786,false,תבנית נייר מאפינס קט,קורקנט,CN,מנגט,יח',12.00,יח',false,,6.90,0.5750,true,1,54209
7290113660816,false,תבניות נייר מלבני 4,G.L.T.D,CN,תבניות נייר מלבני 4,יח',4.00,יח',false,,8.90,2.2250,true,1,52905
7290113660885,false,גליל רב מגבת 700 גרם,ששון ציון,IL,פנדה,גרמים,700.00,100 גרם,false,,14.90,0.0213,true,1,51025
7290113660984,false,נייר לעטיפת סנדוויץ',מ.ב.נייר,IL,אמנון ותמר,יח',100.00,יח',false,,8.90,0.0890,true,1,50212
7290113662094,false,אמנון ותמר: 4 יח' תב,,,אמנון ותמר: 4 יח' תב,יח',4.00,יח',false,,8.90,2.2250,true,1,53777
7290113662124,false,מפת שולחן דקורטיבית,,,מפת שולחן דקורטיבית,יח',1.00,יח',false,,6.90,6.9000,true,1,55769
7290114310031,false,קופון גבינות מלוחות,,,קופון גבינות מלוחות,יח,1.00,יח,false,,0.01,0.0100,true,1,58067
7290114310215,false,"**טרה שמנת מתוקה 38% 250 מ""ל בקבוק.",מילקו תעשיות בעמ,IL,טרה,מיליליטרים,250.00,"100 מ""ל",false,,6.40,0.0256,true,1,56951
7290114310222,false,חלב 1.5 ליטר 3% מועשר בסידן וויטמין D.,מילקו תעשיות בעמ,IL,טרה,ליטרים,1.50,ליטר,false,,10.90,7.2667,true,1,58285
7290114310246,false,גבינת גרנה פדנו מחלב בקר 29%,מחלבת משק צוריאל,IL,צוריאל,גרמים,125.00,100 גרם,false,,14.90,0.1192,true,1,60870
7290114310338,false,צפתית מעודנת 5% 225 גר' משק צוריאל,מחלבת משק צוריאל,IL,משק צוריאל,גרמים,225.00,100 גרם,false,,14.90,0.0662,true,1,60970
7290114310383,false,Muller Froop מולר יוגורט מוקצף בטעם וניל 90 גרם,מולר Muller,IL,מולר wip יוגורט מוקצ,גרמים,116.00,100 גרם,false,,5.30,0.0457,true,1,61584
7290114310390,false,"מולר פרופ קציפת יוגורט בננה לוטי 5% 150 מ""ל",מולר Muller,IL,מולר wip יוגורט מוקצ,גרמים,116.00,100 גרם,false,,5.30,0.0457,true,1,61585
7290114310406,false,מולר פרופ יוגורט מוקצף בטעם תות 97 גרם,מולר Muller,IL,מולר wip יוגורט מוקצ,גרמים,116.00,100 גרם,false,,5.30,0.0457,true,1,61586
7290114310536,false,יוגורט לייט מעושר בחלבון בטעם וניל מולר 200 ג',מולר Muller,IL,מולר,מיליליטרים,200.00,"100 מ""ל",false,,5.90,0.0295,true,1,61070
7290114310550,false,פטה עיזים מעודנת בגביע 5% 200 ג',מחלבת משק צוריאל,IL,*מבצע* פטה עיזים מעו,גרמים,200.00,100 גרם,false,,17.90,0.0895,true,1,61402
7290114310567,false,לאבנה עיזים 5% שומן 200 גרם,מחלבת משק צוריאל,IL,לאבנה עיזים 5% שומן,גרמים,200.00,100 גרם,false,,14.90,0.0745,true,1,61403
7290114310574,false,גבינת קרם שמנת עיזים 5% 200 גרם צוריאל,מחלבת משק צוריאל,IL,קרם שמנת עיזים 5% שו,גרמים,200.00,100 גרם,false,,13.90,0.0695,true,1,61404
7290114310611,false,"משקה חלב בננה בבקבוק פקק ספורט טרה 250 מ""ל",טרה,IL,טרה,מיליליטרים,250.00,"100 מ""ל",false,,5.30,0.0212,true,1,61400
7290114311014,false,"משקה חלב אייס קפוצינו יטבתה 250 מ""ל פקק",טרה,IL,טרה,מיליליטרים,250.00,"100 מ""ל",false,,5.30,0.0212,true,1,65404
7290114311021,false,"משקה חלב וניל עוגיות טרה 250 מ""ל פקק ספו",טרה,IL,טרה,מיליליטרים,250.00,"100 מ""ל",false,,5.30,0.0212,true,1,65409
7290114311038,false,שמנת מתוקה עמידה 32% 250מל בקבוק,טרה,IL,שמנת מתוקה להקצפה 32,מיליליטרים,250.00,"100 מ""ל",false,,6.90,0.0276,true,1,65421
7290114311076,false,"חמאת מולר צהובה עם שום, 200 גרם",מולר Muller,IL,מולר חמאה עם שום 200,גרמים,200.00,100 גרם,false,,11.90,0.0595,true,1,65410
7290114311083,false,"חמאת מולר צהובה עם מלח, 200 גרם",מילקו,IL,מולר חמאה עם מלח 200,גרמים,200.00,100 גרם,false,,11.90,0.0595,true,1,65411
7290114311298,false,יוגורט מולר פרופ בטעם תות בננה מלון 150,מולר Muller,IL,MULLER,גרמים,150.00,100 גרם,false,,4.80,0.0320,true,1,67465
7290114311304,false,יוגורט קציפת מנגו פסיפלורה בננה 150 ג' מולר,מולר Muller,IL,MULLER,גרמים,150.00,100 גרם,false,,4.80,0.0320,true,1,67466
7290114311328,false,חלב נטול לקטוז 2% שומן מועשר בויטמין D,ג'י.אר.אמ.גרופו אלימ,IL,חלב טרה,ליטרים,1.00,ליטר,false,,7.40,7.4000,true,1,67555
7290114311359,false,יוגורט עם קציפת מנגו 3% שומן פרופ 150 ג' מולר,מולר Muller,IL,MULLER,גרמים,150.00,100 גרם,false,,4.80,0.0320,true,1,67467
7290114311434,false,מולר אקטיב יוגורט בטעם קרמל מלוח 200 גרם,מולר Muller,IL,מולר,מיליליטרים,200.00,"100 מ""ל",false,,5.90,0.0295,true,1,69734
7290114311441,false,"מולר אקטיב בטעם עוגיות חמאה 0% שומן, 200 גרם",מולר Muller,IL,מולר,מיליליטרים,200.00,"100 מ""ל",false,,5.90,0.0295,true,1,69735
7290114311502,false,"משקה חלב בקבוק בטעם סחלב, 1 ליטר",מילקו תעשיות בעמ,IL,טרה,ליטרים,1.00,ליטר,false,,11.00,11.0000,true,1,69736
7290114600941,false,מיונז מאסטר שף מיונז לחיץ 435 ג',רמיה סי.וי,NL,מאסטר שף,מיליליטרים,435.00,"100 מ""ל",false,,12.90,0.0297,true,1,58352
7290114603508,false,"רוטב להקצפה מאסטר שף 300 מ""ל",סיטי פוד,TH,מנה,מיליליטרים,300.00,"100 מ""ל",false,,7.90,0.0263,true,1,59447
7290114603539,false,קרוטונים למרק שום בצל מאסטר שף 350 גרם,מאסטר שף,IL,מאסטר שף,גרמים,350.00,100 גרם,false,,19.90,0.0569,true,1,59448
7290114603768,false,"מארז אג'קס כלורון נוזל לניקוי אסלות 750 מ""ל*2 יח'",cp,FR,אג'קס,מיליליטרים,1500.00,"100 מ""ל",false,,24.90,0.0166,true,1,58353
7290114604895,false,ממרח ספייסי לחיץ מאסטר שף 446 גרם,מאסטר שף,NL,מאסטר שף,גרמים,446.00,100 גרם,false,,12.90,0.0289,true,1,61704
7290114604901,false,ממרח שום לחיץ מאסטר שף 444 גרם,מאסטר שף,NL,מאסטר שף,גרמים,444.00,100 גרם,false,,12.90,0.0291,true,1,61705
7290114604949,false,מאסטר שף רוטב ברביקיו 524 גרם,רמיה סי.וי. הולנד,NL,רוטב ברביקיו מאסטר ש,גרמים,524.00,100 גרם,false,,12.90,0.0246,true,1,61701
7290114604963,false,פירורי לחם מתובלים מאסטר שף 230 גרם,מאסטר שף,IL,מנה,גרמים,230.00,100 גרם,false,,6.90,0.0300,true,1,61342
7290114606530,false,רוטב בטעם מיונז וקטשופ מאסטר שף 515 גרם,מאסטר שף,NL,מאסטר שף,גרמים,515.00,100 גרם,false,,12.90,0.0250,true,1,61706
7290114606547,false,מיונז פטריות כמהין לחיץ מאסטר שף 242 גרם,מאסטר שף,NL,מאסטר שף,גרמים,242.00,100 גרם,false,,12.90,0.0533,true,1,61707
7290114606554,false,מיונז מופחת קלוריות בקבוק לחיץ,מאסטר שף,NL,מאסטר שף,גרמים,470.00,100 גרם,false,,12.90,0.0274,true,1,61708
7290114606561,false,מאסטר שף אטריות אורז דקות ורמיצ'לי 400 ג,ליינג טונג רייס פלוו,TH,מנה מאסטר שף,גרמים,400.00,100 גרם,false,,7.90,0.0198,true,1,62810
7290114606578,false,שקדי מרק מאסטר שף 400 גרם,מנה,IL,*מבצע* שקדי מרק מאסט,גרמים,400.00,100 גרם,false,,7.90,0.0198,true,1,62599
7290114608640,false,קרוטונים לסלט כוסמין מאסטר שף 260 גרם,עינת תעשיות מזון אגו,IL,קרוטונים כוסמין לסלט,גרמים,260.00,100 גרם,false,,19.90,0.0765,true,1,62550
7290114651837,false,בקבוק טריטן עם צמידי,,,בקבוק טריטן עם צמידי,יח,1.00,יח,false,,24.90,24.9000,true,1,54774
7290114821469,false,כבד דג שיבוט מעושן במיץ טבעי 120 גרם,אופיסר Officer,DK,אופיסר,גרמים,120.00,100 גרם,false,,13.90,0.1158,true,1,60994
7290115071689,false,בקבוק טריטן עם צמידי,,,בקבוק טריטן עם צמידי,יח,1.00,יח,false,,24.90,24.9000,true,1,68575
7290115073676,false,מסכה לפנים חד פעמי 50 יח צבעוניות,שמחה זה אנחנו,CN,מסכות 50 יח',יח',50.00,יח',false,,7.90,0.1580,true,1,62306
7290115200676,false,עוגיות קרמוגית במילוי קרם בטעם קרמל מלוח,היינץ צפון אמריקה מק,IL,אסם,גרמים,200.00,100 גרם,false,,9.90,0.0495,true,1,59561
7290115200713,false,במבה קלאסי מארז אחיד 8 50*5 ג',אסם,IL,מארז במבה 5*50 גרם,גרמים,250.00,100 גרם,false,,11.90,0.0476,true,1,58958
7290115201680,false,ביסלי ברביקיו 70 גרם,"אסם השקעות בע""מ",IL,ביסלי,גרמים,67.00,100 גרם,false,,3.90,0.0582,true,1,59525
7290115201703,false,ביסלי בטעם ברביקיו 200 ג' אסם,מיוצר עי קונדיטוריית,IL,ביסלי,גרמים,200.00,100 גרם,false,,6.90,0.0345,true,1,59526
7290115201727,false,ביסלי בטעם בצל 200 ג' אסם,מיוצר עי קונדיטוריית,IL,ביסלי,גרמים,200.00,100 גרם,false,,6.90,0.0345,true,1,59527
7290115202816,false,מנה חמה פאוצ נדלס.אטר.טעם עוף 70 גרם,אסם,IL,מנה חמה פאוצ' נודלס,גרמים,70.00,100 גרם,false,,3.90,0.0557,true,1,61665
7290115203134,false,פופקו פופקורן במבה - פופקורן בציפוי קרמל ובוטנים,"אסם השקעות בע""מ",IL,פופקו,גרמים,80.00,100 גרם,false,,4.50,0.0563,true,1,61903
7290115203172,false,במבה PRO מכיל 18 גרם חלבון בשקית,"אסם השקעות בע""מ",IL,במבה,גרמים,80.00,100 גרם,false,,3.90,0.0487,true,1,68602
7290115203806,false,"רוטב בסיס לבישול אסם 290 מ""ל","אסם השקעות בע""מ",IL,אסם,מיליליטרים,290.00,"100 מ""ל",false,,12.90,0.0445,true,1,63226
7290115205022,false,אוסם - שקדי מרק מקלונים 350 גרם,אסם,IL,אסם,גרמים,350.00,100 גרם,false,,9.90,0.0283,true,1,63224
7290115205176,false,פיטנס - קרקר דק כפרי פיטנס 140 גרם,נסטלה Nestle,IL,קרקר דק כפרי פיטנס 1,גרמים,140.00,100 גרם,false,,11.90,0.0850,true,1,63392
7290115205312,false,קרקר פיטנס דק עם זיתי קלמטה ועשבי תיבול,"אסם השקעות בע""מ",IL,קרקר דק זיתים פיטנס,גרמים,140.00,100 גרם,false,,11.90,0.0850,true,1,65723
7290115205527,false,חטיף פיטנס מולטיגריין עם עדשים 25 גרם,פיטנס,IL,פיטנס חטיף מולטיגריי,גרמים,25.00,100 גרם,false,,4.90,0.1960,true,1,67232
7290115205978,false,פתיבר ואצבעות שוקולד 180 גרם - רבנות,"ד""ר ג'רארד בע""מ",PL,אסם,גרמים,180.00,100 גרם,false,,9.90,0.0550,true,1,64611
7290115207682,false,"אסם רוטב בסגנון סויה סיני 290 מ""ל",אסם,IL,אסם,מיליליטרים,330.00,"100 מ""ל",false,,8.90,0.0270,true,1,65730
7290115207965,false,ויטמינצ'יק תרכיז מנגו אפרסק 1 ליטר,בית-השיטה עסיס תעשיו,IL,ויטמינציק מנגו אפרסק,ליטרים,1.00,ליטר,false,,19.90,19.9000,true,1,64422
7290115208009,false,ויטמינצ'יק תרכיז ענבים 1 ליטר,בית-השיטה עסיס תעשיו,IL,ויטמינציק ענבים 1 לי,ליטרים,1.00,ליטר,false,,19.90,19.9000,true,1,64424
7290115208047,false,ויטמינצ'יק תרכיז פטל 1 ליטר,בית-השיטה עסיס תעשיו,IL,ויטמינציק פטל 1 ליטר,ליטרים,1.00,ליטר,false,,19.90,19.9000,true,1,64425
7290115208061,false,ויטמינצ'יק תרכיז תפוח 1 ליטר,בית השיטה עסיס תעשיו,IL,ויטמינציק תפוח 1 ליט,ליטרים,1.00,ליטר,false,,19.90,19.9000,true,1,64426
7290115208634,false,"אסם קמח ללא גלוטן כשל""פ 400 גרם",אשבל מזון פונקציונלי,IL,קמח רב תכליתי ללא גל,גרמים,400.00,100 גרם,false,,11.90,0.0298,true,1,65235
7290115208801,false,לחמית דבש ואגוזים 190ג אסם,אסם,IL,לחמית,גרמים,190.00,100 גרם,false,,9.90,0.0521,true,1,68606
7290115209198,false,במבה אורירית 80 ג' אסם,אסם השקעות בעמ,IL,במבה,גרמים,80.00,100 גרם,false,,3.90,0.0487,true,1,67236
7290115209235,false,פתי בר קפה 500 גרם אסם,אסם,IL,אסם,גרמים,500.00,100 גרם,false,,9.90,0.0198,true,1,69668
7290115405774,false,פחזניות ממולאות בטעם וניל קפולסקי 180 גר,תופינים מקבוצת קפולס,IL,פחזניות ממולאות בטעם,גרמים,180.00,100 גרם,false,,13.90,0.0772,true,1,66357
7290115405781,false,פחזניות ממולאות בטעם שוקולד קפולסקי 180,תופינים מקבוצת קפולס,IL,פחזניות ממולאות בטעם,גרמים,180.00,100 גרם,false,,13.90,0.0772,true,1,66358
7290115405798,false,פחזניות ממולאות בטעם ריבת חלב קפולסקי,קפולסקי אדל בעמ,IL,פחזניות ממולאות בטעם,גרמים,180.00,100 גרם,false,,13.90,0.0772,true,1,66359
7290115405804,false,פחזניות ממולאות בטעם תות קפולסקי 180 גרם,קפולסקי אדל בעמ,IL,פחזניות ממולאות בטעם,גרמים,180.00,100 גרם,false,,13.90,0.0772,true,1,66360
7290115480009,false,"מרכך כביסה מרוכז פרש קונטרול ירוק 900 מ""ל סוד",הנקל סוד,IL,סוד,מיליליטרים,900.00,"100 מ""ל",false,,11.90,0.0132,true,1,64202
7290115671223,false,מסטיק מאסט פאן בצנצנת אבטיח מנגו,אסקום קונפקשיין,DE,עלית,גרמים,58.00,100 גרם,false,,9.90,0.1707,true,1,64243
7290115671339,false,מיני פינוקיות בראוניז בייגל בוטן עלית 180 ג' עלית,הגביע מוצרי ופלים בע,IL,עלית,גרמים,180.00,100 גרם,false,,9.90,0.0550,true,1,64203
7290115671346,false,מיני פינוקיות טופי קרמל מלוח 180 ג' עלית,הגביע מוצרי ופלים בע,IL,עלית,גרמים,180.00,100 גרם,false,,9.90,0.0550,true,1,64204
7290115671353,false,מיני פינוקיות עוגיות קקאו במילוי קרם בטעם וניל,הגביע,IL,עלית,גרמים,180.00,100 גרם,false,,9.90,0.0550,true,1,64205
7290115675696,false,דגני בוקר קראנצ'ים שיבולת שועל עם אגוזים ושקדים,גלידות שטראוס,IL,קוואקר,גרמים,375.00,100 גרם,false,,19.90,0.0531,true,1,62318
7290115675702,false,דגני בוקר קראנצ'ים שיבולת שועל עם פירות מיובשים,גלידות שטראוס,IL,קוואקר,גרמים,375.00,100 גרם,false,,19.90,0.0531,true,1,62319
7290115675719,false,דגני בוקר קראנצ'ים שיבולת שועל וחתיכות שוקולד מריר,BEVERAGES FOODS & SE,US,קוואקר,גרמים,375.00,100 גרם,false,,19.90,0.0531,true,1,62518
7290115675986,false,יוגורט עם אגוזי לוז ושקדים בקרמל מלוח 4.5%,"שטראוס בריאות בע""מ",IL,שטראוס,גרמים,173.00,100 גרם,false,,4.30,0.0249,true,1,60277
7290115676051,false,"אקטיביה משקה+שיבולת שועל במתיקות מעודנת 250 מ""ל",מיוצר עי קונדיטוריית,IL,שטראוס,גרמים,265.00,100 גרם,false,,4.90,0.0185,true,1,63326
7290115676082,false,משקה דנונה פרו 20 יוגורט תות 255 ג' רבנות,"שטראוס בריאות בע""מ.",IL,משקה דנונה פרו 20 תו,גרמים,255.00,100 גרם,false,,6.90,0.0271,true,1,61781
7290115676099,false,משקה דנונה פרו 20 יוגורט וניל 255 ג' רבנות,"שטראוס בריאות בע""מ.",IL,משקה דנונה פרו 20 ונ,גרמים,255.00,100 גרם,false,,6.90,0.0271,true,1,61782
7290115677089,false,קונפיטורת יד מרדכי תפוח וקינמון 340 גרם,"בית אל מזון בע""מ",IL,יד מרדכי,גרמים,340.00,100 גרם,false,,9.80,0.0288,true,1,62566
7290115677423,false,אורז ירוק קארי חריף חריף דלישס 350 גרם,"טרופיקל דגיל בע""מ אז",IL,*מבצע* דלישס אורז קא,גרמים,350.00,100 גרם,false,,21.90,0.0626,true,1,63578
7290115677966,false,ממרח אבוקדו 200 ג' שטראוס,ג'י. אר. סימפלוט,MX,ממרח אבוקדו,גרמים,200.00,100 גרם,false,,14.90,0.0745,true,1,62838
7290115678376,false,מעדן הגולן שוקולד 125 גרם,מיוצר עי קונדיטוריית,IL,מעדן הגולן שוקולד 12,גרמים,125.00,100 גרם,false,,2.90,0.0232,true,1,62425
7290115678383,false,מעדן הגולן שוקולד מריר 125 גרם,מיוצר עי קונדיטוריית,IL,מעדן הגולן שוקולד מר,גרמים,125.00,100 גרם,false,,2.90,0.0232,true,1,62426
7290115678598,false,חסה אייסברג חיתוך גס,שטראוס גרופ,IL,שטראוס,גרמים,300.00,100 גרם,false,,9.90,0.0330,true,1,63336
7290115678635,false,נשנושי גבינה -גבינת שמנת 16%+כעכים שטוחים עם מלח,"מחלבת טבע עז בע""מ",IL,*מבצע* נשנושי גבינה,גרמים,67.00,100 גרם,false,,7.90,0.1179,true,1,67463
7290115679885,false,פיצה מבצק עם כרובית עם רוטב עגבניות ומוצרלה,גסטרונומיה פרוסט אס.,IT,*מבצע* דלישס פיצה כר,גרמים,320.00,100 גרם,false,,19.90,0.0622,true,1,64469
7290115679960,false,ציטוס פופקורן בטעם טבעי 60 ג 24 יח,"שטראוס פריטו ליי בע""",IL,עלית,גרמים,60.00,100 גרם,false,,3.90,0.0650,true,1,62728
7290116071480,false,כבל אייפון,,,כבל אייפון,יחידה,0.00,יחידה,false,,14.90,0.0000,true,1,59325
7290116071497,false,כבל 1M TYPE C NEW VI,,,כבל 1M TYPE C NEW VI,יחידה,0.00,יחידה,false,,19.90,0.0000,true,1,59336
7290116071503,false,כבל 1M MICRO USB NEW,,,כבל 1M MICRO USB NEW,יחידה,0.00,יחידה,false,,14.90,0.0000,true,1,59337
7290116071510,false,כבל 1M AUX NEW VIMAX,,,כבל 1M AUX NEW VIMAX,יחידה,0.00,יחידה,false,,14.90,0.0000,true,1,59338
7290116071534,false,כבל 2M TYPE C NEW VI,,,כבל 2M TYPE C NEW VI,יחידה,0.00,יחידה,false,,29.90,0.0000,true,1,59340
7290116071732,false,מטען קיר NEW VIMAX ר,,,מטען קיר NEW VIMAX ר,יחידה,0.00,יחידה,false,,49.90,0.0000,true,1,59360
7290116071756,false,מטען רכב NEW VIMAX ר,,,מטען רכב NEW VIMAX ר,יחידה,0.00,יחידה,false,,24.90,0.0000,true,1,59362
7290116513997,false,גרבי גבר חמישיה,,,גרבי גבר חמישיה,1,5.00,1,false,,9.90,1.9800,true,1,70585
7290116514000,false,גרבי נשים חמישיה,,,גרבי נשים חמישיה,1,5.00,1,false,,9.90,1.9800,true,1,70575
7290116514918,false,זוג גרבי גבר חורף,,,זוג גרבי גבר חורף,1,2.00,1,false,,19.90,9.9500,true,1,70576
7290116514925,false,זוג גרבי גבר חורף,,,זוג גרבי גבר חורף,1,2.00,1,false,,19.90,9.9500,true,1,70577
7290116514956,false,זוג גרבי נשים חורף,,,זוג גרבי נשים חורף,1,2.00,1,false,,19.90,9.9500,true,1,70578
7290116514963,false,זוג גרבי נשים חורף,,,זוג גרבי נשים חורף,1,2.00,1,false,,19.90,9.9500,true,1,70579
7290116850498,false,שלישיית קרשי חיתוך,,,שלישיית קרשי חיתוך,יח',1.00,יח',false,,22.90,22.9000,true,1,63665
7290116850573,false,מקלף פלסטיק עולם הבית,,,מקלף פלסטיק,יח',1.00,יח',false,,9.90,9.9000,true,1,63306
7290116850597,false,סכין שף קצר,,,סכין שף קצר,יח',1.00,יח',false,,9.90,9.9000,true,1,63667
7290116850641,false,מברשת אסלה מגומי עם מתקן,,,מברשת אסלה מגומי עם,יח',1.00,יח',false,,34.90,34.9000,true,1,63307
7290116851181,false,תליון ריחני לרכב אוקיינוס,,,תליון ריחני לרכב אוק,יח',1.00,יח',false,,2.90,2.9000,true,1,66882
7290116851198,false,תליון ריחני לרכב CK 1,,,תליון ריחני לרכב ck1,יח',1.00,יח',false,,2.90,2.9000,true,1,66883
7290116851303,false,נטלה נירוסטה מהודרת,,,נטלה נירוסטה מהודרת,יח',1.00,יח',false,,39.90,39.9000,true,1,66885
7290116851365,false,יעה + מקל,,,יעה+מקל,יח',1.00,יח',false,,13.90,13.9000,true,1,64180
7290116851372,false,כף אשפה קטן,,,כף אשפה קטן,יח',1.00,יח',false,,5.90,5.9000,true,1,64181
7290116851754,false,"מגב להב גומי 40 ס""מ",,,"מגב להב גומי 40 ס""מ",יח',1.00,יח',false,,36.90,36.9000,true,1,68434
7290116851778,false,סוחט תפוזים ידני,,,סוחט תפוזים ידני,יח',1.00,יח',false,,29.90,29.9000,true,1,66888
7290116851785,false,סוחט לימונים ידני,,,סוחט לימונים ידני,יח',1.00,יח',false,,24.90,24.9000,true,1,66889
7290116930015,false,חטיף חלבון GO קרמל ח.בוטנים קריספי 20 גרם חלבון,בלמונט קונפקציות,IL,חטיף חלבון GO קרמל ח,גרמים,60.00,100 גרם,false,,11.90,0.1983,true,1,69674
7290116930435,false,יוגורט יופלה GO במרקם סמיך עם דובדבן 0%,תנובה מרכז שיתופי לש,IL,יוגורט גו סמיך 0% דו,גרמים,200.00,100 גרם,false,,4.90,0.0245,true,1,65521
7290116930480,false,"משקה SHAKE בננה קיווי תפוח 230 מ""ל יופלה",קבוצת המזון אקטשלאר,IL,יופלה שייק בננה קיוו,מיליליטרים,230.00,"100 מ""ל",false,,7.90,0.0343,true,1,66381
7290116930657,false,משקה חלב גו בטעם בננה תמר עם ש. שועל 340,תנובה מרכז שיתופי לש,IL,גו,מיליליטרים,340.00,"100 מ""ל",false,,7.50,0.0221,true,1,70230
7290116930701,false,מעדן חלב GO מועשר בחלבון בטעם קרמל מלוח,תנובה מרכז שיתופי לש,IL,מעדן חלב גו בטעם קרמ,גרמים,120.00,100 גרם,false,,4.50,0.0375,true,1,66375
7290116930718,false,מעדן תנובה דיאט בטעם שוקולד וקרמל מלוח 0% 150ג' תנובה,"תנובה בע""מ",IL,תנובה,גרמים,150.00,100 גרם,false,,3.80,0.0253,true,1,67551
7290116930725,false,סויה BIO קוקוס גביע 150 גרם אלטרנטיב,תנובה בעמ,IL,סויה BIO קוקוס גביע,גרמים,150.00,100 גרם,false,,4.20,0.0280,true,1,68688
7290116930954,false,יוגורט טעם פאי תפוחים 3% 150 ג' יופלה,"תנובה בע""מ",IL,יופלה,גרמים,150.00,100 גרם,false,,4.80,0.0320,true,1,70228
7290116931012,false,יופלה דיאט 0% שומן תפוח וקינמון 150 גרם,תנובה מרכז שיתופי לש,IL,יופלה,גרמים,150.00,100 גרם,false,,4.80,0.0320,true,1,70231
7290116931074,false,פרוסות טל העמק 32% שומן 300 גרם,"תנובה בע""מ",IL,פרוסות טל העמק 32% 3,גרמים,300.00,100 גרם,false,,24.90,0.0830,true,1,69874
7290116931081,false,מעדן סויה - טופי קרמל 125 גרם אלטרנטיב,תנובה מרכז שיתופי לש,IL,תנובה,מיליליטרים,125.00,"100 מ""ל",false,,3.70,0.0296,true,1,68464
7290116931159,false,יופלה דיאט 0% שומן תות בננה 150 גרם,תנובה מרכז שיתופי לש,IL,יופלה,גרמים,150.00,100 גרם,false,,4.80,0.0320,true,1,70232
7290117030202,false,צלחת ענק 10.25 האומן,,,צלחת ענק 10.25 האומן,יח',1.00,יח',false,,24.90,24.9000,true,1,63539
7290117030752,false,מארז תבניות אלומיניו,,,מארז תבניות אלומיניו,יח',7.00,יח',false,,6.90,0.9857,true,1,68121
7290117030769,false,מארז תבניות אלומיניו,,,מארז תבניות אלומיניו,יח',7.00,יח',false,,6.90,0.9857,true,1,68122
7290117030776,false,מארז תבניות אלומיניו,,,מארז תבניות אלומיניו,יח',7.00,יח',false,,6.90,0.9857,true,1,68123
7290117030783,false,מארז תבניות אלומיניו,,,מארז תבניות אלומיניו,יח',4.00,יח',false,,6.90,1.7250,true,1,68124
7290117030790,false,מארז תבניות אלומיניו,,,מארז תבניות אלומיניו,יח',10.00,יח',false,,6.90,0.6900,true,1,68129
7290117030806,false,מארז תבניות אלומיניו,,,מארז תבניות אלומיניו,יח',10.00,יח',false,,6.90,0.6900,true,1,68130
7290117030813,false,מארז תבניות אלומיניו,,,מארז תבניות אלומיניו,יח',4.00,יח',false,,6.90,1.7250,true,1,68131
7290117030820,false,מארז תבניות אלומיניו,,,מארז תבניות אלומיניו,יח',4.00,יח',false,,6.90,1.7250,true,1,68132
7290117031506,false,כוסות נייר 40 יח' 8B,,,כוסות נייר 40 יח' 8B,יח',40.00,יח',false,,7.90,0.1975,true,1,69332
7290117031544,false,כוסות נייר גודל 4 40,,,כוסות נייר גודל 4 40,יח',40.00,יח',false,,6.90,0.1725,true,1,66363
7290117031766,false,קערית אובלית חושן שח,,,קערית אובלית חושן שח,יח',8.00,יח',false,,7.90,0.9875,true,1,68530
7290117031780,false,צלחת בינוני חושן שקו,,,צלחת בינוני חושן שקו,יח',8.00,יח',false,,9.90,1.2375,true,1,68516
7290117031865,false,צלחת ענקית חושן שקוף,,,צלחת ענקית חושן שקוף,יח',8.00,יח',false,,18.90,2.3625,true,1,68510
7290117031889,false,צלחת ענקית חושן שחור,,,צלחת ענקית חושן שחור,יח',8.00,יח',false,,18.90,2.3625,true,1,68511
7290117032008,false,מזלגות איכותי 40 יח,,,מזלגות איכותי 40 יח,יח',40.00,יח',false,,5.90,0.1475,true,1,68203
7290117032015,false,מזלגות איכותי 40 יח,,,מזלגות איכותי 40 יח,יח',40.00,יח',false,,5.90,0.1475,true,1,68195
7290117032039,false,סכינים איכותי 40 יח,,,סכינים איכותי 40 יח,יח',40.00,יח',false,,5.90,0.1475,true,1,68204
7290117032046,false,סכינים איכותי 40 יח,,,סכינים איכותי 40 יח,יח',40.00,יח',false,,5.90,0.1475,true,1,68205
7290117032060,false,כפות איכותי 40 יח קר,,,כפות איכותי 40 יח קר,יח',40.00,יח',false,,5.90,0.1475,true,1,68207
7290117032077,false,כפות איכותי 40 יח שק,,,כפות איכותי 40 יח שק,יח',40.00,יח',false,,5.90,0.1475,true,1,68208
7290117032091,false,כפיות איכותי 40 יח ק,,,כפיות איכותי 40 יח ק,יח',40.00,יח',false,,5.90,0.1475,true,1,68210
7290117032107,false,כפיות איכותי 40 יח ש,,,כפיות איכותי 40 יח ש,יח',40.00,יח',false,,5.90,0.1475,true,1,68211
7290117032589,false,צלחת גדולה 60 יח' לב,,,צלחת גדולה 60 יח' לב,יח',60.00,יח',false,,22.90,0.3817,true,1,69333
7290117032596,false,צלחת גדולה 60 יח' קר,,,צלחת גדולה 60 יח' קר,יח',60.00,יח',false,,22.90,0.3817,true,1,69541
7290117035009,false,גרעיני תירס לפופקורן,איי אס טי פופקורן,BG,גרעיני תירס לפופקורן,גרמים,500.00,100 גרם,false,,9.90,0.0198,true,1,67006
7290117035016,false,גרעיני תירס לפופקורן,איי אס טי פופקורן,BG,גרעיני תירס לפופקורן,גרמים,500.00,100 גרם,false,,9.90,0.0198,true,1,67007
7290117260005,false,קונפיטורה תות שדה 380 ג' ויליפוד,גסאס גנל גידה,TR,קונפיטורה תות שדה 38,גרמים,380.00,100 גרם,false,,7.90,0.0208,true,1,64227
7290117260029,false,קונפיטורה דובדבנים 380 ג' ויליפוד,גסאס גנל גידה,TR,קונפיטורה דובדבנים 3,גרמים,380.00,100 גרם,false,,7.90,0.0208,true,1,64229
7290117260036,false,קונפיטורה משמש 380 ג' ויליפוד,גסאס גנל גידה,TR,קונפיטורה משמש 380 ג,גרמים,380.00,100 גרם,false,,7.90,0.0208,true,1,64230
7290117260401,false,גבינת מוצרלה מגורדת 25% שומן 500 ג' יורו,לימבו,TR,גבינת מוצרלה מגורדת,גרמים,500.00,100 גרם,false,,29.90,0.0598,true,1,63515
7290117260579,false,חטיף קראנצ'י על בסיס קמח עדשים בטעם שמנת חמוצה ובצל 80 ג',וילי פוד,LT,חטיף קראנצי על בסיס,גרמים,80.00,100 גרם,false,,7.90,0.0988,true,1,69266
7290117260586,false,חטיף קראנצ'י על בסיס קמח עדשים בטעם פלפל חלפיניו וליים 80 ג',וילי פוד,LT,חטיף קראנצי על בסיס,גרמים,80.00,100 גרם,false,,7.90,0.0988,true,1,69267
7290117260593,false,חטיף קראנצ'י על בסיס קמח עדשים בטעם צ'דר 80 ג',וילי פוד,LT,חטיף קראנצי על בסיס,גרמים,80.00,100 גרם,false,,7.90,0.0988,true,1,69265
7290117260890,false,פופקורן בציפוי בטעם קוקוס 90 גרם,אלאלסי,UA,פופקורן בטעם קוקוס,גרמים,90.00,100 גרם,false,,7.90,0.0878,true,1,64335
7290117260906,false,פופקורן בציפוי בטעם פירות 90 גרם,אלאלסי,UA,פופקורן בטעם פירות,גרמים,90.00,100 גרם,false,,7.90,0.0878,true,1,65006
7290117260913,false,פופקורן בציפוי בטעם שוקולד 90 גרם,אלאלסי,UA,פופקורן בטעם שוקולד,גרמים,90.00,100 גרם,false,,7.90,0.0878,true,1,64336
7290117260920,false,קרקרים ללא גלוטן 125 גרם ויליפוד,ארמנדומודיאה אס.אר.א,IT,*מבצע* קרקרים ללא גל,גרמים,125.00,100 גרם,false,,5.90,0.0472,true,1,65369
7290117261354,false,גבינת ריקוטה 200 גרם 5%שומן מחלבת אירופה,באלבן גידה סנאי,TR,*מבצע* גבינת ריקוטה,גרמים,200.00,100 גרם,false,,9.90,0.0495,true,1,67238
7290117261422,false,EURO יוגורט פרוביוטי עם תות שדה 2% 125 גרם,Euro יורו מחלבות אירופה,TR,יוגורט פרוביוטי עם ת,גרמים,125.00,100 גרם,false,,2.90,0.0232,true,1,69944
7290117261439,false,EURO יוגורט פרוביוטי עם פירות יער 2% 125 גרם,Euro יורו מחלבות אירופה,TR,יוגורט פרוביוטי עם פ,גרמים,125.00,100 גרם,false,,2.90,0.0232,true,1,69945
7290117261446,false,יוגורט פרוביוטי עם אפרסק ומשמש 2%שומן 125ג',Euro יורו מחלבות אירופה,TR,יוגורט פרוביוטי עם א,גרמים,125.00,100 גרם,false,,2.90,0.0232,true,1,69946
7290117261590,false,סרדינים בריסלינג מעושנים בשמן זית 129 גרם,ליסיט,LV,סרדינים בריסלינג מעו,גרמים,185.00,100 גרם,false,,12.90,0.0697,true,1,69770
7290117261651,false,מגורדת בטעם מוצרלה טבעוני 200 גרם,קוליוס,GR,מגורדת טבעונית בטעם,גרמים,200.00,100 גרם,false,,14.90,0.0745,true,1,65653
7290117261712,false,מלבי קינוח על בסיס חלב 154 גרם,אקר סוט,TR,מלבי קינוח על בסיס ח,גרמים,154.00,100 גרם,false,,4.90,0.0318,true,1,70972
7290117262290,false,פרלינים אגוזים במילוי פצפוצי דגנים פריכים מצופים שוקולד חלב 50 גרם,מודרן צוקולטה,TR,פרלינים אגוזים במילו,גרמים,50.00,100 גרם,false,,4.90,0.0980,true,1,70432
7290117262306,false,"קורנפלקס מצופה שוקולד חלב ד, 50 גרם",מודרן צוקולטה,TR,קורנפלקס מצופים שוקו,גרמים,50.00,100 גרם,false,,4.90,0.0980,true,1,70433
7290117262313,false,פצפוצי דגנים פריכים מצופים שוקולד חלב 50 גרם,מודרן צוקולטה,TR,פצפוצי דגנים פריכים,גרמים,50.00,100 גרם,false,,4.90,0.0980,true,1,70434
7290117262320,false,ביסקוויט מצופה שוקולד חלב 50 גר JAZZY,מודרן צוקולטה,TR,ביסקוויט מצופה שוקול,גרמים,40.00,100 גרם,false,,4.90,0.1225,true,1,70435
7290117262931,false,קינוחבטעם מנגו 85 גרם,איטלג'לטו,IT,קינוח בטעם מנגו 85 ג,גרמים,85.00,100 גרם,false,,9.90,0.1165,true,1,70854
7290117262948,false,קינוח בטעם טירמיסו 85 גרם,איטלג'לטו,IT,קינוח בטעם טירמיסו 8,גרמים,85.00,100 גרם,false,,9.90,0.1165,true,1,70855
7290117262962,false,קינוח בטעם שוקולד קרמל 85 גרם,איטלג'לטו,IT,קינוח בטעם שוקולד קר,גרמים,85.00,100 גרם,false,,9.90,0.1165,true,1,70857
7290117262979,false,קינוח בטעם שוקולד ופירות יער 85 גרם,איטלג'לטו,IT,קינוח בטעם שוקולד ופ,גרמים,85.00,100 גרם,false,,9.90,0.1165,true,1,70858
7290117380178,true,סוויט פוף שוקולד חלב,תחנת האבן,IL,סוויט פוף שוקולד חלב,גרמים,50.00,100 גרם,false,,4.90,0.0980,true,1,66965
7290117380185,true,סוויט פוף שוקולד חלב,תחנת האבן,IL,סוויט פוף שוקולד חלב,גרמים,50.00,100 גרם,false,,4.90,0.0980,true,1,66966
7290117380192,false,חטיף פוף קראנץ בטעם גריל 60 גרם,מנה,IL,פוף משולש אפוי בטעם,גרמים,60.00,100 גרם,false,,3.90,0.0650,true,1,64011
7290117380215,false,חטיף פוף קראנץ בטעם טאקו 60 גרם,מנה,IL,פוף משולש אפוי בטעם,גרמים,60.00,100 גרם,false,,3.90,0.0650,true,1,64013
7290117380871,false,עוגות אישיות בטעם אוכמניות 120 ג' סלים דליס פייבר,הלמה הלום,NL,מרבה,גרמים,120.00,100 גרם,false,,10.90,0.0908,true,1,66527
7290117381229,false,פוף פריכיות מצופות שוקולד חלב 70 ג,בנליאן פודס,RS,פוף פרכיות מצופות שו,גרמים,70.00,100 גרם,false,,7.90,0.1129,true,1,68399
7290117381236,false,פוף פריכיות מצופות שוקולד מריר 70 ג,בנליאן פודס,RS,פוף פרכיות מצופות שו,גרמים,70.00,100 גרם,false,,7.90,0.1129,true,1,68400
7290117382325,false,סלים דליס - פרו 33 חטיף חלבון מצופה שוקולד חלב 60 גרם,"י. מרבה ישראל בע""מ",IT,סלים דילס פרו 33 חטי,גרמים,60.00,100 גרם,false,,11.90,0.1983,true,1,70153
7290117382332,false,סלים דליס - חטיף חלבון מצופה שוקולד בטעם עוגיות 60 גרם,"י. מרבה ישראל בע""מ",IT,סלים דליס חטיף חלבון,גרמים,60.00,100 גרם,false,,11.90,0.1983,true,1,70155
7290117383711,false,"מארז זוג תחליב רחצה חלב ודבש *750 מ""ל פלמוליב",קולגייט פלמוליב,TR,פלמוליב תחליב חלב וד,ליטרים,1.50,ליטר,false,,29.90,19.9333,true,1,70405
7290117383728,false,"מארז זוג תחליב רחצה לומינוס  אבוקדו 750 מ""ל פלמוליב",קולגייט פלמוליב,TR,פלמוליב תחליב לומינו,ליטרים,1.50,ליטר,false,,29.90,19.9333,true,1,70406
7290117383735,false,מארז זוג ג'ל רחצה פלמוליב עם חימר ושמן ורדים,קולגייט פלמוליב,TR,פלמוליב תחליב חימר ו,ליטרים,1.50,ליטר,false,,29.90,19.9333,true,1,70407
7290117825662,false,כפפות ניטריל שחורות,,,כפפות ניטריל שחורות,יח',100.00,יח',false,,24.90,0.2490,true,1,67971
7290117825679,false,כפפות ניטריל שחורות,,,כפפות ניטריל שחורות,יח',100.00,יח',false,,24.90,0.2490,true,1,67972
7290117825754,false,כפפות ניטריל שחורות,,,כפפות ניטריל שחורות,יח',100.00,יח',false,,24.90,0.2490,true,1,67974
7290117860038,false,"הוואי - תחליב רחצה יוגורט בניחוח אוכמניות 700 מ""ל","טרופיקל גליל בע""מ",IL,*מבצע* תחליב רחצה יו,מיליליטרים,700.00,"100 מ""ל",false,,11.90,0.0170,true,1,70387
7290117860045,false,שמפו תמציות אלוורה ותה ירוק לשיער רגיל,"טרופיקל גליל בע""מ",IL,*מבצע* שמפו מטפח לשי,מיליליטרים,700.00,"100 מ""ל",false,,11.90,0.0170,true,1,70366
7290117860090,false,מרכך תמציות אלוורה ותה ירוק לשיער רגיל,"טרופיקל גליל בע""מ",IL,*מבצע* מרכך מטפח לשי,מיליליטרים,700.00,"100 מ""ל",false,,11.90,0.0170,true,1,70367
7290117860137,false,"הוואי קרם רחצה בניחוח פרח הקמליה, 700 מ""ל","טרופיקל גליל בע""מ",IL,*מבצע* קרם רחצה בניח,מיליליטרים,700.00,"100 מ""ל",false,,11.90,0.0170,true,1,70388
7290117860144,false,שמפו למניעת קשקשים לשימוש יומיומי,"טרופיקל גליל בע""מ",IL,*מבצע* שמפו למניעת ק,מיליליטרים,700.00,"100 מ""ל",false,,11.90,0.0170,true,1,70368
7290117860199,false,שמפו שמן ורד הבר ושמן מקדמיה לשיער יבש,"טרופיקל גליל בע""מ",IL,*מבצע* שמפו מעניק לח,מיליליטרים,700.00,"100 מ""ל",false,,11.90,0.0170,true,1,70369
7290117860243,false,"הוואי - מרכך מעניק לחות לשיער יבש 700 מ""ל","טרופיקל גליל בע""מ",IL,*מבצע* מרכך מעניק לח,מיליליטרים,700.00,"100 מ""ל",false,,11.90,0.0170,true,1,70370
7290117860298,false,שמפו קומפלקס קרטין לשיער עדין או חלש,"טרופיקל גליל בע""מ",IL,*מבצע* שמפו קרטין מח,מיליליטרים,700.00,"100 מ""ל",false,,11.90,0.0170,true,1,70371
7290117860342,false,מרכך קומפלקס קרטין לשיער עדין או חלש,"טרופיקל גליל בע""מ",IL,*מבצע* מרכך קרטין מח,מיליליטרים,700.00,"100 מ""ל",false,,11.90,0.0170,true,1,70381
7290117860380,false,"תחליב רחצה יוגורט בניחוח אלוורה 700 מ""ל הוואי","טרופיקל גליל בע""מ",IL,*מבצע* תחליב רחצה יו,מיליליטרים,700.00,"100 מ""ל",false,,11.90,0.0170,true,1,70397
7290117860397,false,שמפו תמצית פריחת הדובדבן לשיער רגיל,"טרופיקל גליל בע""מ",IL,*מבצע* שמפו פריחת הד,מיליליטרים,700.00,"100 מ""ל",false,,11.90,0.0170,true,1,70372
7290117860441,false,"מרכך פריחת הדובדבן 700 מ""ל הוואי","טרופיקל גליל בע""מ",IL,*מבצע* מרכך פריחת הד,מיליליטרים,700.00,"100 מ""ל",false,,11.90,0.0170,true,1,70382
7290117860496,false,שמפו + מרכך 2 ב 1 לגבר תמצית ג'ינג'ר,"טרופיקל גליל בע""מ",IL,*מבצע* שמפו + מרכך ל,מיליליטרים,700.00,"100 מ""ל",false,,11.90,0.0170,true,1,70373
7290117860540,false,"הוואי - שמפו עדין לילדים 700 מ""ל","טרופיקל גליל בע""מ",IL,*מבצע* שמפו עדין ליל,מיליליטרים,700.00,"100 מ""ל",false,,11.90,0.0170,true,1,70374
7290117860595,false,"הוואי - מרכך מתיר קשרים לילדים 700 מ""ל","טרופיקל גליל בע""מ",IL,*מבצע* מרכך מתיר קשר,מיליליטרים,700.00,"100 מ""ל",false,,11.90,0.0170,true,1,70383
7290117860748,false,שמפו תמצית יסמין מעניק נפח לשיער דק,"טרופיקל גליל בע""מ",IL,*מבצע* שמפו מעניק נפ,מיליליטרים,700.00,"100 מ""ל",false,,11.90,0.0170,true,1,70376
7290117860793,false,מרכך תמצית יסמין מעניק נפח לשיער דק,"טרופיקל גליל בע""מ",IL,*מבצע* מרכך מעניק נפ,מיליליטרים,700.00,"100 מ""ל",false,,11.90,0.0170,true,1,70385
7290117860847,false,"הוואי רעננות מושלמת לגבר לשיער, גוף, פנים וזקן","טרופיקל גליל בע""מ",IL,*מבצע* שמפו לגבר רענ,מיליליטרים,700.00,"100 מ""ל",false,,11.90,0.0170,true,1,70377
7290117860892,false,"הוואי - תחליב רחצה יוגורט בניחוח וניל ודבש 700 מ""ל","טרופיקל גליל בע""מ",IL,*מבצע* תחליב רחצה יו,מיליליטרים,700.00,"100 מ""ל",false,,11.90,0.0170,true,1,70392
7290117860991,false,"תחליב רחצה יוגורט בניחוח שקדים 700 מ""ל הוואי","טרופיקל גליל בע""מ",IL,*מבצע* תחליב רחצה יו,מיליליטרים,700.00,"100 מ""ל",false,,11.90,0.0170,true,1,70394
7290117901199,false,טורטיה על גחלים 520 ג' שקדיה,מוטלוקל,TR,טורטיה על גחלים 520,גרמים,520.00,100 גרם,false,,9.90,0.0190,true,1,69657
7290117901205,false,טורטיה דגנים בתוספת שומשום ופשתן 520 ג שקדיה,מוטלוקל,TR,טורטיה דגנים 420 ג,גרמים,420.00,100 גרם,false,,9.90,0.0236,true,1,69586
7290118420378,false,פתיבר פינוקים בטעם תותים בשמנת - חלבי,דר גררד,IL,אסם,גרמים,220.00,100 גרם,false,,9.90,0.0450,true,1,70625
7290118420477,false,אסם בייגלה שטוחים בטעם ביסלי בצל 300 גר,אסם,IL,אסם,גרמים,300.00,100 גרם,false,,10.90,0.0363,true,1,70626
7290118420514,false,אסם אינסטנט פודינג נוגט 75 גרם,"אסם השקעות בע""מ",IL,אסם,גרמים,75.00,100 גרם,false,,4.90,0.0653,true,1,70627
7290589856775,false,נייס שבלולים לשיער,,,מוצרי נייס,יח',1.00,יח',false,,5.90,5.9000,true,1,20004
7291021299709,false,"צלחת אוריינטל 20 ס""מ",,,"צלחת אוריינטל 20 ס""מ",יח',1.00,יח',false,,4.90,4.9000,true,1,35852
7291044098600,false,קומקום נירוסטה שחור 1.7 ליטר,יונדאי Hyundai,,קומקום נירוסטה שחור,יח',1.00,יח',false,,59.90,59.9000,true,1,70726
7291044098624,false,קומקום נירוסטה אדום,,,קומקום נירוסטה אדום,יח',1.00,יח',false,,59.90,59.9000,true,1,70727
7291044098631,false,קומקום נירוסטה כסוף,,,קומקום נירוסטה כסוף,יח',1.00,יח',false,,59.90,59.9000,true,1,70728
7291044126723,false,מפזר חום לאמבטיה 200,,,מפזר חום לאמבטיה 200,יח,1.00,יח,false,,119.90,119.9000,true,1,70297
7291044126730,false,מפזר חום שוכב/עומד 2,,,מפזר חום שוכב/עומד 2,יח,1.00,יח,false,,49.90,49.9000,true,1,70298
7291047032762,false,"צלחת אוריינטל 23 ס""מ",,,"צלחת אוריינטל 23 ס""מ",יח',1.00,יח',false,,5.90,5.9000,true,1,35853
7291062010554,false,"צלחת אוריינטל 25 ס""מ",,,"צלחת אוריינטל 25 ס""מ",יח',1.00,יח',false,,6.90,6.9000,true,1,35854
7296021004711,false,שקית זילוף 30סמ לעוג,,,שקית זילוף לעוגה,יח',1.00,יח',false,,12.90,12.9000,true,1,874
7296021015182,false,כפיות פריז שישיה,,,כפיות פריז שישיה,יח',6.00,יח',false,,22.90,3.8167,true,1,895
7296021022562,false,"קופסה פלסטיק 180 מ""ל Biokips",נעמן,,"מיכל מלבן 180 מ""ל",יח',1.00,יח',false,,10.90,10.9000,true,1,930
7296021040016,false,קולפן 441 פרפקטו,,,קולפן פרפקטו,יח',1.00,יח',false,,21.90,21.9000,true,1,998
7296021040023,false,ספטולה פרפקטו,נעמן,,ספטולה פרפקטו,יח',1.00,יח',false,,19.90,19.9000,true,1,999
7296021040580,false,"קערת נירוסטה 26 ס""מ",,,"קערת נירוסטה 26 ס""מ",יח',1.00,יח',false,,27.90,27.9000,true,1,1021
7296021046889,false,מאג זכוכית,,,מאג זכוכית,יח',1.00,יח',false,,4.90,4.9000,true,1,1056
7296021047053,false,מצת לגז,נעמן,,מצית גז,יח',1.00,יח',false,,11.90,11.9000,true,1,1057
7296021107719,false,מגרדת משולשת עומדת,נעמן,CN,נעמן,יח',1.00,יח',false,,22.90,22.9000,true,1,1114
7296021108952,false,כד מידה פטיסרי,,,כד מידה פטיסרי,יח',1.00,יח',false,,17.90,17.9000,true,1,1123
7296021116322,false,"ספל טרמי נעמן 0.4 מ""ל",נעמן,,ספל טרמי נירוסטה,יח',1.00,יח',false,,14.90,14.9000,true,1,1168
7296021122743,false,כף סט 6 מאסטרו -תמר,,,כף סט 6 - תמר סכום ב,יח',1.00,יח',false,,14.90,14.9000,true,1,65375
7296021125713,false,מיכל אחסון 0.50ל' נע,,,מיכל אחסון 0.5 ליטר,יח,1.00,יח,false,,11.90,11.9000,true,1,1209
7296021129940,false,צנצנת מלח ופלפל עם י,ade,CN,נעמן,יח',1.00,יח',false,,9.90,9.9000,true,1,1238
7296021131394,false,סכין מולטי משוננת מ,,,סכין רב שימושית,יח',1.00,יח',false,,10.90,10.9000,true,1,1243
7296021134487,false,"סוטז 30 ס""מ 5 ליטר",,,"סוטז 30 ס""מ 5 ליטר",יח,1.00,יח,false,,79.90,79.9000,true,1,59004
7296021136580,false,כף עץ שטוח ידית סילי,,,כף עץ עם ידית סיליקו,יח,1.00,יח,false,,16.90,16.9000,true,1,54242
7296021137846,false,קולפן Y נירוסטה,,,קולפן Y נירוסטה,יח,1.00,יח,false,,15.90,15.9000,true,1,59506
7296021137860,false,קולפן רחב חותך לרצועות כרוב,נעמן,,חותך רצועות כרוב,יח',1.00,יח',false,,17.90,17.9000,true,1,27077
7296021141850,false,פורס ביצים יחיד,,,פורס ביצים יחיד,יח',1.00,יח',false,,13.90,13.9000,true,1,1301
7296021146459,false,תבנית CS לאפיה אינגל,,,תבנית אינגליש,יח',1.00,יח',false,,24.90,24.9000,true,1,27084
7296021160875,false,מספריים למטבח עם מגנ,,,מספריים למטבח עם מגנ,יח',1.00,יח',false,,23.90,23.9000,true,1,30604
7296021161162,false,"צנצנת פטנט 2000 מ""ל",,,"צנצנת פטנט 2000 מ""ל",יח',1.00,יח',false,,24.90,24.9000,true,1,62163
7296021161193,false,צנצנת זכוכית מרובעת,,,צנצנת זכוכית מרובעת,יח',1.00,יח',false,,14.90,14.9000,true,1,32463
7296021161216,false,מלחייה זכוכית,ade,CN,נעמן,יח',1.00,יח',false,,11.90,11.9000,true,1,32465
7296021161285,false,סט כף+תרווד+כף מחורצ,,,סט כף+תרווד+כף מחורצ,יח,1.00,יח,false,,17.90,17.9000,true,1,54243
7296021161537,false,קופסת אחסון זכוכית 8,,,קופסת אחסון זכוכית 8,יח,1.00,יח,false,,22.90,22.9000,true,1,55147
7296021166259,false,כוס שתיה קרה פלסטיק,,,כוס שתיה קרה פלסטיק,יח',1.00,יח',false,,6.90,6.9000,true,1,51924
7296021170645,false,- פותחן יין שחור 18,,,פותחן יין מלצרים,יח',1.00,יח',false,,14.90,14.9000,true,1,51131
7296021170669,false,פותחן יין / חולץ פקק,,,חולץ פקקים עם ידיות,יח',1.00,יח',false,,29.90,29.9000,true,1,51132
7296021170799,false,- מסחטת לימון 7*22 צהוב ALUMINIUM,,,סוחט הדרים בינוני,יח',1.00,יח',false,,26.90,26.9000,true,1,51589
7296021170881,false,מסננת תה רשת כפולה נ,,,מסננת תה רשת כפולה נ,יח,1.00,יח,false,,9.90,9.9000,true,1,65321
7296021171031,false,קולפנים סט (3) בדיספ,,,סט 3 קולפנים,יח',1.00,יח',false,,14.90,14.9000,true,1,51136
7296021187643,false,כלי מדידה - כפות מיד,,,כלי מדידה - כפות מיד,יח',1.00,יח',false,,11.90,11.9000,true,1,53505
7296021191367,false,תבנית לקוביות קרח עם,,,תבנית לקוביות קרח עם,יח',1.00,יח',false,,10.90,10.9000,true,1,52975
7296021228483,false,קערת אחסון עגולה פלס,,,קערת אחסון עגולה פלס,יח',1.00,יח',false,,29.90,29.9000,true,1,62361
7296021228513,false,קערת אחסון עגולה 5.6,,,קערת אחסון עגולה 5.6,יח',1.00,יח',false,,9.90,9.9000,true,1,62363
7296021228551,false,קופסאת אחסון ביצים ל,,,קופסאת אחסון ביצים ל,יח,1.00,יח,false,,29.90,29.9000,true,1,56610
7296021249488,false,"מיכל אחסון 700 מ""ל א",,,"מיכל אחסון 700 מ""ל א",יח,1.00,יח,false,,18.90,18.9000,true,1,59510
7296021249563,false,מגרדת דו צדדית מתקפל,,,מגרדת דו צדדית מתקפ,יח,1.00,יח,false,,17.90,17.9000,true,1,59515
7296021259821,false,"כוס מאג נעמן 355 מ""ל",,,"כוס מאג נעמן 355 מ""ל",יח,1.00,יח,false,,8.90,8.9000,true,1,60921
7296021265945,false,"מחבת 20 ס""מ",,,"מחבת 20 ס""מ",יח',1.00,יח',false,,39.90,39.9000,true,1,64317
7296021265969,false,"מחבת 26 ס""מ",,,"מחבת 26 ס""מ",יח',1.00,יח',false,,54.90,54.9000,true,1,64319
7296021265983,false,"מחבת 30 ס""מ",,,"מחבת 30 ס""מ",יח',1.00,יח',false,,64.90,64.9000,true,1,64321
7296021266676,false,"מסננת ידית עץ 8 ס""מ פרפקטו",נעמן,,מסננת ידית עץ פרפקטו,יח',1.00,יח',false,,12.90,12.9000,true,1,62736
7296021266683,false,מסננת ידית עץ פרפקטו,,,מסננת ידית עץ פרפקטו,יח',1.00,יח',false,,14.90,14.9000,true,1,62737
7296021266720,false,מסננת ידית עץ פרפקטו,,,מסננת ידית עץ פרפקטו,יח',1.00,יח',false,,29.90,29.9000,true,1,62740
7296021266928,false,כף ספגטי ידית אפורה,,,כף ספגטי ידית אפורה,יח',1.00,יח',false,,14.90,14.9000,true,1,65388
7296021266973,false,תרווד מחורץ ידית אפו,,,תרווד מחורץ ידית אפו,יח',1.00,יח',false,,14.90,14.9000,true,1,65392
7296021266980,false,מגרדת ידית אפורה פרפ,,,מגרדת ידית אפורה פרפ,יח',1.00,יח',false,,11.90,11.9000,true,1,65393
7296021271564,false,"מאג 385 מ""ל 4 עיצובי",,,"מאג 385 מ""ל 4 עיצובי",יח',1.00,יח',false,,10.90,10.9000,true,1,65396
7296021272677,false,ווק עמוק להקפצה 31 ס,,,ווק עמוק להקפצה 31 ס,יח,1.00,יח,false,,79.90,79.9000,true,1,65325
7296021273643,false,סט סכיני ירקות פרפקט,,,סכין סט 6 ירקות לבן,יח',1.00,יח',false,,13.90,13.9000,true,1,65419
7296021273650,false,סט שישיית סכינים לחי,,,סכין סט 6 ירקות שחור,יח',1.00,יח',false,,13.90,13.9000,true,1,65420
7296021276590,false,כפית זהב סט שישייה,,,כפית זהב סט שישייה,יח',6.00,יח',false,,24.90,4.1500,true,1,68448
7296021276637,false,כפית שחור סט שישייה,,,כפית שחור סט שישייה,יח',6.00,יח',false,,24.90,4.1500,true,1,68452
7296021281464,false,"מאג 360 מ""ל פורצלן S",,,"כוס מאג 360 מ""ל",יח',1.00,יח',false,,8.90,8.9000,true,1,70802
7296021615559,false,"כף מיני 1.8 מ""מ 23 ס""מ DIANA נירוסטה נעמן",,,כף לסלט מיני נירוסטה,יח,1.00,יח,false,,8.90,8.9000,true,1,1418
7296021669477,false,שקית זילוף סט 12+3 צ,נעמן,,מזלף לקצפת 3 ראשים,יח',1.00,יח',false,,14.90,14.9000,true,1,1517
7296021669507,false,מזרק לעוגה+אביזרים patisserie,נעמן,,מזרק לעוגה ואביזרים,יח',1.00,יח',false,,24.90,24.9000,true,1,1518
7296021669514,false,מגרדת מרובעת,נעמן,,מגרדת 4 צדדים,יח',1.00,יח',false,,29.90,29.9000,true,1,1519
7296049226973,false,לקיטשן מאג זכוכית די,,,לקיטשן מאג זכוכית די,יח,1.00,יח,false,,5.90,5.9000,true,1,70328
7296058110010,false,"פריכיות אורז פרח כשל""פ 110 גר'",פרח תעשיות,IL,פריכיות אורז מלא 110,גרמים,110.00,100 גרם,false,,4.90,0.0445,true,1,68365
7296082000035,false,ביצים ביו אומגה L יח,המכון למיון ושיווק ב,IL,ביצה פלוס אומגה L 6,יח',6.00,יח',false,,13.90,2.3167,true,1,28999
7296082000080,false,ביצי חופש 12 יח,המכון למיון ושיווק ב,IL,ביצי חופש 12 יח,יח',12.00,יח',false,,19.90,1.6583,true,1,29000
7296082000103,false,ביצים סופר טרי M 30,,,ביצים סופר טרי M 30,יח',30.00,יח',false,,27.80,0.9267,true,1,29001
7296082000110,false,בצים סופר טרי L 30,,,בצים סופר טרי L 30,יח',30.00,יח',false,,30.10,1.0033,true,1,29002
7296082000134,false,ביצים רגילות 12 יח L,המכון למיון ושיווק ב,IL,ביצים גדול L 12,יח',12.00,יח',false,,12.05,1.0042,true,1,29003
7296082000141,false,ביצים רגילות 12 יח M,המכון למיון ושיווק ב,IL,ביצים בינוני M12,יח',12.00,יח',false,,11.15,0.9292,true,1,29004
7296082000202,false,ביצים רגילות 18 יח L,,,ביצים סופר טרי L18,יח',18.00,יח',false,,18.00,1.0000,true,1,29008
7296107000439,false,חרוזית ירוק 560 גרם,,IL,פרי חן,גרמים,560.00,100 גרם,false,,7.90,0.0141,true,1,58809
7296107000453,false,טבעות זיתים ירוקים 5,,IL,פרי חן,גרמים,560.00,100 גרם,false,,7.90,0.0141,true,1,58810
7296155150698,false,דלי פיה סופר,,,דלי,יח',1.00,יח',false,,9.90,9.9000,true,1,28720
7297395000019,false,בדי בדיקה טהרה,,,בדי בדיקה 20 יח',יח',20.00,יח',false,,7.90,0.3950,true,1,50380
7297461005191,false,שמיכת פלאנל זוגית 20,,,שמיכת פלאנל זוגית 20,יח,1.00,יח,false,,29.90,29.9000,true,1,59607
7297488098305,false,קמח שקדים ללא גלוטן,תות תעשיות מזון (201,IL,דגש,גרמים,250.00,100 גרם,false,,26.90,0.1076,true,1,2313
7297488098688,false,"פצפוצי אורז מלא ללת""ס דגש 450 גרם","תירפז בע""מ",IL,דגש,גרמים,450.00,100 גרם,false,,20.90,0.0464,true,1,2317
7297579011541,false,מגבת מטבח שלשה,,,מגבת מטבח שלשה,יח,3.00,יח,false,,9.90,3.3000,true,1,69303
7297579011565,false,מגבת מטבח שלשה,,,מגבת מטבח שלשה,יח,3.00,יח,false,,9.90,3.3000,true,1,69304
7297579011572,false,מגבת מטבח שלשה,,,מגבת מטבח שלשה,יח,3.00,יח,false,,9.90,3.3000,true,1,69305
7298171161139,false,מטריית חורף ילדים מו,,,מטריית חורף ילדים מו,יחידה,0.00,יחידה,false,,12.90,0.0000,true,1,54624
7298171184046,false,שקית ממותג,,,שקית ממותג,יח',1.00,יח',false,,6.90,6.9000,true,1,66674
7312040017683,false,וודקה אבסולוט בקבוק,חברת אבסולוט,SE,"וודקה אבסולוט 700 מ""ל",מיליליטרים,700.00,"100 מ""ל",false,,59.90,0.0856,true,1,11649
7380580005255,false,נייס שבלולים לשיער,,,מוצרי נייס,יח',1.00,יח',false,,7.90,7.9000,true,1,20005
7393714369208,false,"קופרברג סיידר פירות יער 330 מ""ל פחית",לני אנד לארי,SE,קופרברג,מיליליטרים,330.00,"100 מ""ל",false,,8.90,0.0270,true,1,51495
7393714507020,false,קופרברג סיידר תות ליים 4.5% בקבוק 330 מ,קופרברג,SE,קופרברג,מיליליטרים,330.00,"100 מ""ל",false,,8.90,0.0270,true,1,51496
7393714508102,false,"קופרברג סיידר אגסים 4.5% בקבוק 330 מ""ל",קופרברג,SE,קופרברג,מיליליטרים,330.00,"100 מ""ל",false,,8.90,0.0270,true,1,51497
7393714509604,false,קופרברג סיידר תפוח 4.5% בקבוק 330 מ,קופרברג,SE,קופרברג,מיליליטרים,330.00,"100 מ""ל",false,,8.90,0.0270,true,1,51498
7394376123337,false,"משקה שיבולת שועל אורגני אוטלי , 1 ל'",טרנסומס פוד איי.בי,SE,אוטלי,ליטרים,1.00,ליטר,false,,13.90,13.9000,true,1,58340
7394376615825,false,"אוטלי משקה שיבולת שועל בתוספת סידן וויטמינים , 1 ל'",טרנסומס פוד,SE,אוטלי,ליטרים,1.00,ליטר,false,,13.90,13.9000,true,1,58341
7394376615832,false,אוטלי משקה שיבולת שועל בטעם שוקולד 1 ליטר,טרנסומס פוד,SE,אוטלי,ליטרים,1.00,ליטר,false,,15.90,15.9000,true,1,58342
7394376616778,false,אוטלי משקה שיבולת שועל להקצפה בריסטה 1 ליטר,טרנסומס פוד,SE,אוטלי,ליטרים,1.00,ליטר,false,,15.90,15.9000,true,1,58346
7480588956563,false,נייס שבלולים לשיער,,,מוצרי נייס,יח',1.00,יח',false,,9.90,9.9000,true,1,20006
7501013122053,true,נקטר ג'ומקס קרטונית,תומקס קומרסאליזדורה,MX,ג'ומקס,ליטרים,1.00,ליטר,false,,9.50,9.5000,true,1,54519
7501013122114,true,נקטר ג'ומקס קרטונית,תומקס קומרסאליזדורה,MX,ג'ומקס,ליטרים,1.00,ליטר,false,,9.50,9.5000,true,1,54520
7501013122992,true,נקטר ג'ומקס קרטונית,תומקס קומרסאליזדורה,MX,ג'ומקס,ליטרים,1.00,ליטר,false,,9.50,9.5000,true,1,54522
7501013138047,false,משקה יוניקו פרסקו רימונים קרטונית 1 ליטר,תומקס קומרסאליזדורה,MX,משקה רימונים יוניקו,מיליליטרים,1000.00,"100 מ""ל",false,,11.50,0.0115,true,1,54974
7501064191398,false,שישיית בירה קורונה אקסטרא *355 מל,קריניציה ויטמינה אס,MX,corona extra,ליטרים,2.13,ליטר,false,,34.90,16.3850,true,1,54534
7509546061160,false,"משחת שיניים לילדים מיניונים 2-5 75 מ""ל קולגייט",קולגייט פלמוליב,MX,משחת ילדים מיניונים,מיליליטרים,75.00,"100 מ""ל",false,,15.90,0.2120,true,1,62552
7509546061665,false,דאודורנט סטיק ג'ל לגבר 24/7 אקסטרים אינטנס,קולגייט פלמוליב,US,ספיד סטיק,גרמים,85.00,100 גרם,false,,19.90,0.2341,true,1,69283
7509546061672,false,דאודורנט סטיק אקסטרים אינטנס,קולגייט פלמוליב,US,ספיד סטיק,גרמים,50.00,100 גרם,false,,16.90,0.3380,true,1,69284
7509546678702,false,קולגייט משחת שיניים טוטל אנטי טרטר 100 מ,קולגייט-פלמוליב,BR,קולגייט,מיליליטרים,100.00,"100 מ""ל",false,,16.90,0.1690,true,1,68117
7598635892778,false,תרמוס נירוסטה 1000 מ,,,תרמוס נירוסטה 1000 מ,יח',1.00,יח',false,,29.90,29.9000,true,1,70975
7598635892785,false,תרמוס בצבעים 500 מל,,,תרמוס בצבעים 500 מל,יח',1.00,יח',false,,19.90,19.9000,true,1,70976
7598635892792,false,תרמוס נירוסטה צבעוני,,,תרמוס נירוסטה צבעוני,יח',1.00,יח',false,,24.90,24.9000,true,1,70977
7598635892808,false,תרמוס נירוסטה צבעוני,,,תרמוס נירוסטה צבעוני,יח',1.00,יח',false,,29.90,29.9000,true,1,70978
7610100034084,false,שפורפרת מיונז טומי 265 גרם,נסטלה שוויץ ס.א,US,טומי,גרמים,265.00,100 גרם,false,,9.90,0.0374,true,1,26963
7610113000175,false,"רום בקרדי מוחיטו 700 מ""ל",בקרדי מרטיני,DE,בקרדי,מיליליטרים,700.00,"100 מ""ל",false,,74.90,0.1070,true,1,54953
7610113011652,false,"בקרדי בריזר תפוח 275 מ""ל בקבוק",בקרדי בריזר Bacardi Breezer,BE,בקרדי,מיליליטרים,275.00,"100 מ""ל",false,,13.90,0.0505,true,1,58356
7610243004463,false,"דורגול - מרסס להסרת אבנית במקלחון 600 מ""ל",יעקבי- דורגול Durgol,CH,דורגול מרסס להסרת אב,מיליליטרים,600.00,"100 מ""ל",false,,19.90,0.0332,true,1,51151
7610400010481,false,לינדט אקסלנס מילק 100 גר,לינדט ושפרונגלי קילש,CH,שוקולד לינדט אקסלנס,גרמים,100.00,100 גרם,false,,14.90,0.1490,true,1,52587
7610400014632,false,לינדט שוקולד לבן 100 גרם,לינדט Lindt,CH,שוקולד לינדור 100 גרם,גרמים,100.00,100 גרם,false,,14.90,0.1490,true,1,3732
7610400014649,false,שוקולד חלב במילוי קרם רך,לינדט ושפרונגלי קילש,CH,שוקולד לינדור 100 גרם,גרמים,100.00,100 גרם,false,,14.90,0.1490,true,1,3733
7610400068505,false,בונבוניירת לינדור Lindor שוקולד חלב,לינדט ושפרונגלי קילש,CH,בונבוניירה לינדור 200 גרם,גרמים,200.00,100 גרם,false,,22.90,0.1145,true,1,3736
7610400068529,false,בונבוניירה לינדור אבורטד 200 גרם,לינדט ושפרונגלי קילש,CH,בונבוניירה לינדור 200 גרם,גרמים,200.00,100 גרם,false,,22.90,0.1145,true,1,3737
7610400074155,false,שוקולד מריר במילוי קרם,לינדט ושפרונגלי קילש,CH,שוקולד לינדור 100 גרם,גרמים,100.00,100 גרם,false,,14.90,0.1490,true,1,3739
7610400075770,false,שוקולד מריר עם אגוזי לוז שלמים,לינדט ושפרונגלי,CH,לינדט,גרמים,150.00,100 גרם,false,,19.90,0.1327,true,1,27600
7610400075787,false,שוקולד חלב עם אגוזי לוז שלמים,"לינדט ושפרונגלי, קיל",CH,לינדט,גרמים,150.00,100 גרם,false,,19.90,0.1327,true,1,27601
7610400085946,false,לינדט לגרנד דארק אלמונד סולט 150 גרם,לינדט,,לינדט,גרמים,150.00,100 גרם,false,,19.90,0.1327,true,1,53796
7610400091060,false,שוקולד מריר לינדט אקסלנס בתוספת תפוז ושקדים,לינדט ושפרונגלי קילש,CH,שוקולד לינדט תפוז,גרמים,100.00,100 גרם,false,,14.90,0.1490,true,1,57099
7610700013083,false,סוכריות ריקולה ללא סוכר מרעננת 50 גר,,,סוכריות ריקולה ללא ת,גרמים,50.00,100 גרם,false,,12.90,0.2580,true,1,69797
7613030979647,false,דגני בוקר טריקס פירות עולם היורה 480 ג',ג'נרל מילס סאן אדריא,IL,TRIX,גרמים,480.00,100 גרם,false,,19.90,0.0415,true,1,31245
7613032045753,false,פיטנס - דגני בוקר שוקולד 375 גרם,נסטלה צרפת איטנקורט,FR,FITNESS,גרמים,375.00,100 גרם,false,,19.90,0.0531,true,1,5233
7613033548192,false,פיטנס - דגני בוקר שוקולד מריר 375 גרם,נסטלה צרפת איטנקורט,FR,FITNESS,גרמים,375.00,100 גרם,false,,19.90,0.0531,true,1,5251
7613034146502,false,מזון לכלבים קטנים בטעם עוף פורינה ONE,פורינה Purina,US,פורינה,קילוגרמים,1.50,"ק""ג",false,,59.90,39.9333,true,1,54902
7613035548374,false,דגני בוקר גולדן מיניס מחיטה מלאה ותירס,נסטלה פולין דגני בוק,FR,CINI-MINIS,גרמים,570.00,100 גרם,false,,19.90,0.0349,true,1,5265
7613035618794,false,"פורינה ONE חתול בוגר עוף 3 ק""ג",נסטלה פורינה צרפת,FR,פורינה,קילוגרמים,3.00,"ק""ג",false,,119.90,39.9667,true,1,54910
7613035622623,false,פיטנס - גרנולה שקדים ודבש 300 גרם,שוורצקוף& הנקל דיסלד,LT,פיטנס,גרמים,300.00,100 גרם,false,,14.90,0.0497,true,1,5266
7613035758834,false,פיטנס גרנולה חמוציות 300 גרם,שוורצקוף& הנקל דיסלד,LT,פיטנס,גרמים,300.00,100 גרם,false,,14.90,0.0497,true,1,5268
7613035809123,false,פרפקטו רוטב עגבניות עם פלפלים 400 ג' אסם,אסם פרפקטו Perfecto,ES,פרפקטו,גרמים,400.00,100 גרם,false,,8.90,0.0223,true,1,5271
7613036520492,false,פרפקטו רוטב עגבניות לפיצה 400 גרם,אסם פרפקטו Perfecto,ES,פרפקטו,גרמים,400.00,100 גרם,false,,8.90,0.0223,true,1,30959
7613036976671,false,פריסקיז פאוצ' עוף ברוטב 26*85גרם,יו פי אף,FR,פאוץ' פריסקיז עוף 85,גרמים,85.00,100 גרם,false,,5.90,0.0694,true,1,58582
7613036976732,false,פריסקיז - פאוץ סולומון 85 גרם,נסטלה פורינה,HU,פאוץ פריסקיז סלמון 8,גרמים,85.00,100 גרם,false,,5.90,0.0694,true,1,60352
7613037012200,false,גרבר - מחית תפוח מנגו גזר פאוץ 90 גרם,כלורוקס אוקלנד,ES,גרבר פאוצ' בטעם תפוח,גרמים,90.00,100 גרם,false,,5.90,0.0656,true,1,55579
7613037204889,false,סטארבקס - פולי קפה אספרסו 450 גרם,סטארבקס,PT,סטארבקס פולי קפה אספ,גרמים,450.00,100 גרם,false,,49.90,0.1109,true,1,61588
7613037686906,false,פיטנס - דגני בוקר שקדים ודבש 355 גרם,נסטלה צרפת איטנקורט,FR,FITNESS,גרמים,355.00,100 גרם,false,,19.90,0.0561,true,1,55014
7613037811629,false,דגני בוקר קורנפלקס גו פרי 500 גר',שוורצקוף& הנקל דיסלד,IL,קורנפלקס גו פרי 500,גרמים,500.00,100 גרם,false,,9.90,0.0198,true,1,55872
7613038268262,false,דגני בוקר צ'יריוס דבש ושקדים במתיקות מעודנת,סי. פי. צרפת,FR,CHEERIOS,גרמים,410.00,100 גרם,false,,19.90,0.0485,true,1,55426
7613038451954,false,דגני בוקר שוקולד מופחת סוכר 410 ג' קראנץ',נסטלה צרפת רומילי,FR,CRUNCH,גרמים,410.00,100 גרם,false,,19.90,0.0485,true,1,55427
7613039770450,false,טבעול סנסשיונל בורגר 226 גרם,ג'נרל מילס סאן אדריא,IL,המבורגר טבעול סנסשיו,גרמים,226.00,100 גרם,false,,34.90,0.1544,true,1,59267
7613287121783,false,סמארטיס מיני 16*187 גרם,נסטלה Nestle,DE,סמרטיס,גרמים,187.00,100 גרם,false,,13.90,0.0743,true,1,64922
7613287181411,false,מחית סלט פירות ויטמינצ'יק 110 ג',"טרופיקל דגיל בע""מ אז",IL,פאוצ' ויטמינצ'יק סלט,גרמים,110.00,100 גרם,false,,4.90,0.0445,true,1,62675
7613287182326,false,מחית בננה תפוח ויטמינצ'יק 110 ג',"נסטלה ספרד ס.א, מפעל",ES,פאוצ' ויטמינצ'יק בננ,גרמים,110.00,100 גרם,false,,4.90,0.0445,true,1,62676
7613287182425,false,מחית בננה תפוח ותות ויטמינצ'יק 110 ג',"טרופיקל דגיל בע""מ אז",IL,פאוצ' ויטמינצ'יק תפו,גרמים,110.00,100 גרם,false,,4.90,0.0445,true,1,62678
7613287182456,false,מחית אגס תפוח בננה ויטמינצ'יק 110 ג',"נסטלה ספרד ס.א, מפעל",ES,פאוצ' ויטמינצ'יק אגס,גרמים,110.00,100 גרם,false,,4.90,0.0445,true,1,62679
7613287325808,false,אוסם - דיפ אנד ספרד מטבל איולי שום 295 גרם,נסטלה פולין,PL,רוטב איולי שום לחיץ,גרמים,295.00,100 גרם,false,,14.90,0.0505,true,1,63249
7613287325952,false,אוסם - דיפ אנד ספרד מטבל ברבקיו 345 גרם,דפטונה פולין,PL,רוטב ברביקיו לחיץ,גרמים,345.00,100 גרם,false,,14.90,0.0432,true,1,63252
7613287394323,false,אסם מולטי צ'יריוס 14*600 גרם 2021,נסטלה Nestle,GB,CHEERIOS,גרמים,600.00,100 גרם,false,,19.90,0.0332,true,1,62331
7613287476678,false,דגני בוקר סינימיניס צ'ורוס נסטלה 360 ג',נסטלה אוונקה,PT,TRIX,גרמים,360.00,100 גרם,false,,14.80,0.0411,true,1,62611
7622010001858,false,אוראו ממולאות קרם וניל באטמן 176 גרם,פי אר ג'יי אס אי מנד,UA,אוראו,גרמים,176.00,100 גרם,false,,8.90,0.0506,true,1,21904
7622201050757,false,שוקולד מילקה טבלת חלב עם קרמל 100 ג',מילקה Milka,DE,מילקה,גרמים,100.00,100 גרם,false,,5.90,0.0590,true,1,21905
7622201137052,false,אוראו מיני קוקיס - עוגיות שוקולד צ'יפס ותחתית מצופה שוקולד חלב,מונדלז אספנה גלטאס פ,ES,מילקה מיני קוקיז 110,גרמים,110.00,100 גרם,false,,7.90,0.0718,true,1,61250
7622201139278,false,גבינת שמנת 27% שומן 150 ג' פילדלפיה,מיודלז אספניה פרודוק,ES,פילדלפיה,גרמים,150.00,100 גרם,false,,11.90,0.0793,true,1,55867
7622201401900,false,עוגיות מילקה סנסיישן אוראו 156 גרם,מונדלז פולסקה פרודקש,PL,מילקה,גרמים,156.00,100 גרם,false,,10.90,0.0699,true,1,59238
7622201502515,false,מילקה - עוגיות קוקי לופ 132 גרם,גיורי קייקס קייאפטי,HU,מילקה,גרמים,132.00,100 גרם,false,,10.90,0.0826,true,1,63068
7622201521493,false,גבינת פילדלפיה שום ועשבי תיבול 150 גרם,מיודלז אספניה פרודוק,ES,פילדלפיה,גרמים,150.00,100 גרם,false,,11.90,0.0793,true,1,66920
7622201798154,false,גבינת שמנת לייט מופחתת שומן 13% שומן,מיודלז אספניה פרודוק,ES,פילדלפיה,גרמים,150.00,100 גרם,false,,11.90,0.0793,true,1,63041
7622201801809,false,מילקה- שוק' חלב עם אגוזים 100 גר' חדש,מנדלז דויצ'לנד סנקס,DE,מילקה,גרמים,100.00,100 גרם,false,,5.90,0.0590,true,1,62317
7622201802363,false,שוקולד מילקה טבלה חלב צימוקים ואגוזים 100ג',מנדלז דויצ'לנד סנקס,DE,מילקה,גרמים,100.00,100 גרם,false,,5.90,0.0590,true,1,62314
7622201802394,false,שוקולד מילקה חלב מסרונים 100 גרם,מנדלז דויצ'לנד סנקס,DE,מילקה,גרמים,100.00,100 גרם,false,,5.90,0.0590,true,1,62315
7622201808631,false,מיני עוגיות אוראו במילוי קרם בטעם וניל,פי.טי. מונדלז אינדונ,ID,אוראו,גרמים,67.00,100 גרם,false,,6.90,0.1030,true,1,62316
7622201813390,false,עוגיות מילקה וואפל במילוי קרם קקאו 150 ג,מונדליז סי.אר. ביסקו,PL,מילקה,גרמים,150.00,100 גרם,false,,10.90,0.0727,true,1,62047
7622201823733,false,עוגיות ת`ינס דקות 151 ג' מילקה,מונדלייז,PL,מילקה,גרמים,151.00,100 גרם,false,,10.90,0.0722,true,1,70447
7622210078131,false,מילקה שוקולד חלב במילוי קרם שמנת 100 ג',מנדלז דויצ'לנד סנקס,DE,מילקה,גרמים,100.00,100 גרם,false,,5.90,0.0590,true,1,26981
7622210137234,false,עוגיות אוראו עם דאבל קרים וניל 170 גר,מונדלייז,ES,אוראו,גרמים,170.00,100 גרם,false,,9.90,0.0582,true,1,21907
7622210163899,false,שוקולד חלב במילוי סוכריות עדשים,מונדלז דויצ'לנד סנקס,DE,מילקה,גרמים,100.00,100 גרם,false,,5.90,0.0590,true,1,31916
7622210453327,false,עוגיות שוקוצ'יפס במילוי שוקולד סנסיישן,מנדלז פולסקה פרודקשן,PL,מילקה,גרמים,156.00,100 גרם,false,,10.90,0.0699,true,1,29267
7622210637994,false,מיני עוגיות אוראו קראנצ'י בייטס אורגינל,מונדלז אספניה ג'לאטס,ES,אוראו,גרמים,110.00,100 גרם,false,,7.90,0.0718,true,1,59298
7622210638021,false,מיני עוגיות אוראו קראנצ'י בייטס מצופים,מונדלז אספניה ג'לאטס,ES,אוראו,גרמים,110.00,100 גרם,false,,7.90,0.0718,true,1,59299
7622210664150,false,"עוגיות אוראו וניל, 396 גרם",מונדלייז,CZ,אוראו,גרמים,396.00,100 גרם,false,,14.90,0.0376,true,1,69090
7622210826053,false,שוקולד מילקה אוראו סנדוויץ 92 גר',גיאורי קאקסז קייאףטי,HU,מילקה,גרמים,92.00,100 גרם,false,,5.90,0.0641,true,1,59239
7622300270506,false,מילקה גריינס - עוגיות שיבולת שועל מצופות שוקולד 168 ג',מונדלז פולסקה פרודקש,PL,מילקה,גרמים,168.00,100 גרם,false,,10.90,0.0649,true,1,21914
7622300441715,false,עוגיות מילקה שוקו מיני 150 גרם,מילקה Milka,CZ,מילקה,גרמים,150.00,100 גרם,false,,10.90,0.0727,true,1,21917
7622300489427,false,עוגיות אוראו בציפוי שוקולד לבן 246 גרם,מנדלז אספנה גאלטס פר,ES,אוראו,גרמים,246.00,100 גרם,false,,14.90,0.0606,true,1,31164
7622300489434,false,"עוגיות אוראו פאדג' בציפוי שוקולד חלב, 246 גרם",מנדלז אספנה גאלטס פר,ES,אוראו,גרמים,246.00,100 גרם,false,,14.90,0.0606,true,1,31165
7622300495046,false,שוקולד מילקה אקסטרה קקאו 100 גרם,מנדלז דויצ'לנד סנקס,DE,מילקה,גרמים,100.00,100 גרם,false,,5.90,0.0590,true,1,21918
7622300503079,false,מילקה מוו - ביסקוויט מצופה שוקולד חלב 200 ג',מונדלז פולסקה פרודקש,PL,מילקה,גרמים,168.00,100 גרם,false,,10.90,0.0649,true,1,21920
7622300617820,false,שוקלד מילקה טבלת חלב אוראו 100ג',מנדלז דויצ'לנד סנקס,DE,מילקה,גרמים,100.00,100 גרם,false,,5.90,0.0590,true,1,21921
7622400005190,false,שוקולד חלב נגיעות שוקולד לבן מילקה 100 ג,מנדלז דויצ'לנד סנקס,DE,מילקה,גרמים,100.00,100 גרם,false,,5.90,0.0590,true,1,21923
7690589856667,false,נייס שבלולים לשיער,,,מוצרי נייס,יח',1.00,יח',false,,12.90,12.9000,true,1,20007
7702018489619,false,סכיני גילוח ג'ילט בלו 3 קומפורט,פרוקטר אנד גמבל,PL,Gillette,יח',3.00,יח',false,,16.90,5.6333,true,1,54599
7702024074625,false,פיטנס - חטיפי קרקר חיטה מלאה 234 גרם,קומסטיבלס לה רוזה אס,CO,חטיפי קרקר פיטנס חיט,גרמים,234.00,100 גרם,false,,11.90,0.0509,true,1,35973
7702174066631,false,לקקן יוגטה פין פופ במילוי מסטיק 170 גר,הדקלאים אגודת שיתופי,EC,יוגטה,יח',10.00,יח',false,,7.90,0.7900,true,1,12601
7702174068826,false,סוכריות לקקן במילוי טופי בטעמי יוגורט פירות,יוגטה yogueta,CO,יוגטה,גרמים,300.00,100 גרם,false,,8.90,0.0297,true,1,12604
7702174068833,false,סוכריות לקקן במילוי טופי בטעמי גלידת פירות,יוגטה yogueta,EC,יוגטה,גרמים,216.00,100 גרם,false,,8.90,0.0412,true,1,12605
7702174073783,false,סוכריות על מקל בטעם קולה במילוי גומי לעיסה,הדקלאים אגודת שיתופי,CO,יוגטה לקקנים,גרמים,180.00,100 גרם,false,,7.90,0.0439,true,1,12608
7754617030150,false,לד 15W A60 לבן אור יום FSL E27,,,נורת לד 15 וואט,יח',1.00,יח',false,,12.90,12.9000,true,1,53886
7791875005353,false,ריבת חלב הוואנה דוצה דה לצה 450 גרם,פרימיום ברנד,ES,*מבצע* הוואנה דולצה,גרמים,450.00,100 גרם,false,,15.90,0.0353,true,1,66356
7792860006218,false,סוכריות לקקנים בייבי דול Baby Doll לריטר,גוד פוד פרודקטס S.p,AR,בייבידול,גרמים,24.00,100 גרם,false,,2.50,0.1042,true,1,3743
7798141877836,false,גאטו נגרו סוביניון ב,,AR,גאטו נגרו סוביניון ב,מיליליטרים,750.00,"100 מ""ל",false,,39.90,0.0532,true,1,63568
7804414000860,false,יין דון חוליו קברנה סוביניון,לואיס פליפה אדוארדס,CL,דון חוליו,מיליליטרים,750.00,"100 מ""ל",false,,24.90,0.0332,true,1,11306
7804414000877,false,יין דון חוליו מרלו 7,לואיס פליפה אדוארדס,CL,דון חוליו,מיליליטרים,750.00,"100 מ""ל",false,,24.90,0.0332,true,1,11307
7891024027998,false,קולגייט מי פה טוטל כחול פפרמינט 500 מל,קולגייט פלמוליב,BR,קולגייט מי פה פלאקס 500מל,מיליליטרים,500.00,"100 מ""ל",false,,10.90,0.0218,true,1,68118
7891024124826,false,קולגייט משחת אופטיק ספרקלינג וייט 75מל,הנסיך- מפעל לייצור ט,BR,קולגייט,מיליליטרים,75.00,"100 מ""ל",false,,14.90,0.1987,true,1,19593
7900250001006,false,NICE אביזרי שיער,,,מברשת שיער,יח',1.00,יח',false,,15.90,15.9000,true,1,20008
8000070003774,false,קפסולות אספרסו לוואצה אינטנסו 13 16 יח,לואיג'י לוואצה,IT,קפסולות לוואצה אמודו,גרמים,120.00,100 גרם,false,,29.90,0.2492,true,1,69549
8000070003811,false,קפסולות אספרסו לוואצה פסיונלה 11 16 יח,לואיג'י לוואצה,IT,קפסולות לוואצה אמודו,גרמים,120.00,100 גרם,false,,29.90,0.2492,true,1,69551
8000070038868,false,קפה לוואצה קלוי וטחון חוזק 8 קלאסיקו 250 גר,לווצה טורינו,IT,LAVAZZA,גרמים,250.00,100 גרם,false,,24.90,0.0996,true,1,15320
8000070064577,false,קפסולות קפה לוואצה קוואליטה אורו חוזק 8,לואיג'י לוואצה,IT,קפסולות לוואצה אמודו,גרמים,120.00,100 גרם,false,,29.90,0.2492,true,1,69552
8000215204219,false,משקה אורז - אורגני 1 ליטר,בטר אנד דיפרנט,IT,משקה אורז אורגני,ליטרים,1.00,ליטר,false,,11.90,11.9000,true,1,15321
8000215204240,false,משקה שקדים ואורז - אורגני 1 ליטר,בטר אנד דיפרנט,IT,משקה שקדים אורגני,ליטרים,1.00,ליטר,false,,11.90,11.9000,true,1,15322
8000215204370,false,ויטריז לבישול תחל. שמנת צמחי אורגני 200,ויטריז,IT,ויטריז לבישול - תחלי,גרמים,200.00,100 גרם,false,,6.90,0.0345,true,1,66751
8000215204387,false,"רוטב בשמל צמחי אורגני ויטריז 500 מ""ל",,,ויטריז לבישול - רוטב,גרמים,500.00,100 גרם,false,,13.90,0.0278,true,1,66752
8000215204554,false,משקה אורז קוקוס אורגני 1 ליטר ויטריז,ויטריז Vitariz,,Vitariz - משקה אורז,יחידה,0.00,יחידה,false,,12.90,0.0000,true,1,66753
8000215204561,false,VITASI משקה שקדים אורגני 1 ליטר,בטר אנד דיפרנט,IT,Vitasi - משקה שקדים,יחידה,0.00,יחידה,false,,15.90,0.0000,true,1,66754
8000215204677,false,משקה ש.שועל בריסטה אורגני 1 ליטר ויטריז,בטר אנד דיפרנט,IT,Vitariz - משקה שיבול,ליטרים,1.00,ליטר,false,,12.90,12.9000,true,1,65052
8000215204714,false,משקה שיבולת שועל אורגני 1 ליטר PRIMAVENA,בטר אנד דיפרנט,IT,משקה שיבולת שועל אורגני,ליטרים,1.00,ליטר,false,,11.90,11.9000,true,1,15325
8000380003723,false,גרנד פטיסרי עוגיות וופל אגוזים 100ג',קריניציה ויטמינה אס,IT,לואקר,גרמים,100.00,100 גרם,false,,11.90,0.1190,true,1,12611
8000380003761,false,וופל גרנדה פטיסרי קוקוס שוקולד 100ג',קריניציה ויטמינה אס,IT,לואקר קוקוס,גרמים,100.00,100 גרם,false,,11.90,0.1190,true,1,12612
8000380004669,false,וופל לואקר סנדוויץ קוביות ושוקולד 200ג',"א. לואקר, קונפקט ג'י",AT,לואקר,גרמים,200.00,100 גרם,false,,11.90,0.0595,true,1,12614
8000380004676,false,קוביות וופל סנדוויץ Sandwich עם וניל וחלב,"א. לואקר, קונפקט ג'י",AT,לואקר,גרמים,200.00,100 גרם,false,,11.90,0.0595,true,1,12615
8000380004881,false,וופל קוארדטיני לואקר קוביות טרמיסו 220ג',קריניציה ויטמינה אס,IT,לואקר,גרמים,220.00,100 גרם,false,,13.90,0.0632,true,1,12616
8000380004911,false,קוביות וופל קואדרטיני Quadratini קרם אגוזים,קריניציה ויטמינה אס,AT,לואקר,גרמים,250.00,100 גרם,false,,13.90,0.0556,true,1,12617
8000380004942,false,וופל לואקר קוארדטיני קוביות ווניל 250ג',ליימן מותגים,AT,לואקר,גרמים,250.00,100 גרם,false,,13.90,0.0556,true,1,12619
8000380004966,false,וופל קוארדטיני לואקר קוביות שוקולד 250ג',קריניציה ויטמינה אס,AT,לואקר,גרמים,250.00,100 גרם,false,,13.90,0.0556,true,1,12620
8000380005598,false,מארז וופל שוקולד טורטינה Tortina שוקולד מריר,ליימן מותגים,IT,לואקר,גרמים,125.00,100 גרם,false,,14.90,0.1192,true,1,12621
8000380007219,false,וופל לואקר אגוז קלאסי 175ג',ליימן מותגים,AT,לואקר,גרמים,175.00,100 גרם,false,,9.90,0.0566,true,1,12626
8000380007257,false,וופל גרנדה מצופה שוקולד 200ג',קריניציה ויטמינה אס,IT,לואקר,גרמים,200.00,100 גרם,false,,13.90,0.0695,true,1,12628
8000380007264,false,וופל לואקר קקאו 175 גרם,קריניציה ויטמינה אס,AT,לואקר,גרמים,175.00,100 גרם,false,,9.90,0.0566,true,1,12629
8000380007271,false,וופל לואקר קרם חלב 175ג',ליימן מותגים,AT,לואקר,גרמים,175.00,100 גרם,false,,9.90,0.0566,true,1,12630
8000380106028,false,טורטינה לואקר וופל שוקולד ואגוזים שישיה 125ג',קריניציה ויטמינה אס,IT,לואקר,גרמים,125.00,100 גרם,false,,14.90,0.1192,true,1,12632
8000380144044,false,וופל גרדנה לואקר שוקולד 200ג',"א. לואקר , AG/SpA, ו",IT,וופל גרדנה שוקולד 200גר,גרמים,200.00,100 גרם,false,,13.90,0.0695,true,1,12634
8000380148035,false,וופל אגוזי לוג שוקולד מריר גראן פטיסרי Gran Pasticceria,קריניציה ויטמינה אס,IT,לואקר מריר אגוזים,גרמים,100.00,100 גרם,false,,11.90,0.1190,true,1,12635
8000380153534,false,מארז וופל שוקולד טורטינה Tortina שוקולד לבן,ליימן מותגים,IT,לואקר,גרמים,125.00,100 גרם,false,,14.90,0.1192,true,1,12642
8000380156009,false,לואקר ורד הדולמיטים שוקולד חלב 150 גר',קריניציה ויטמינה אס,IT,בונבוניירה ורד הדולמיטים,גרמים,150.00,100 גרם,false,,21.90,0.1460,true,1,28030
8000380156849,false,שוקולד לואקר מריר 87 גרם,ליימן מותגים,IT,לואקר,גרמים,87.00,100 גרם,false,,6.90,0.0793,true,1,12651
8000380157587,false,וופלים לואקר קלאסיק קקאו 262.5 גר,ליימן מותגים,AT,לואקר,גרמים,262.50,100 גרם,false,,9.90,0.0377,true,1,27728
8000380180721,false,לואקר וופל קקאו במילוי קרם חלבי 175 גר,קריניציה ויטמינה אס,AT,לואקר,גרמים,175.00,100 גרם,false,,9.90,0.0566,true,1,12654
8000380180745,false,קוביות וופל קואדרטיני קקאו במילוי קר חלב,"א. לואקר, קונפקט ג'י",AT,לואקר,גרמים,250.00,100 גרם,false,,13.90,0.0556,true,1,12655
8000380187119,false,עוגיות במילוי קרם אגוזי לוז לואקר 100 גר,לואקר Loacker,AT,עוגיות לואקר,גרמים,100.00,100 גרם,false,,14.90,0.1490,true,1,59320
8000380187300,false,עוגיות חמאה עם שוקולד חלב לואקר 120 גר,לואקר Loacker,AT,עוגיות לואקר,גרמים,120.00,100 גרם,false,,14.90,0.1242,true,1,59393
8000380189281,false,וופל מיני מיקס לואקר בשקית 210 גרם,ליימן מותגים,AT,לואקר,גרמים,210.00,100 גרם,false,,19.90,0.0948,true,1,32213
8000380192151,false,טורטינה טריפל שוקולד מריר 125 גר לואקר,ליימן מותגים,IT,לואקר,גרמים,125.00,100 גרם,false,,14.90,0.1192,true,1,54809
8000380192199,false,וופל לואקר דאבל שוקולד 175 גרם,ליימן מותגים,AT,לואקר,גרמים,175.00,100 גרם,false,,9.90,0.0566,true,1,52341
8000380192243,false,וופלים לואקר מקסי בטעם אגוז 200 גר',לואקר Loacker,IT,לואקר מקסי בטעם אגוז,גרמים,200.00,100 גרם,false,,12.90,0.0645,true,1,53259
8000380192250,false,וופלים לואקר מקסי בטעם שוקולד 200 גר',לואקר Loacker,IT,לואקר מקסי בטעם שוקו,גרמים,200.00,100 גרם,false,,12.90,0.0645,true,1,53260
8000380205400,false,קוביות וופל קואדרטיני בטעם חמאת בוטנים,ליימן מותגים,AT,לואקר,גרמים,250.00,100 גרם,false,,13.90,0.0556,true,1,65706
8000380205523,false,וופל לואקר קלאסיק חמאת בוטנים 175 גר,ליימן מותגים,AT,לואקר,גרמים,175.00,100 גרם,false,,9.90,0.0566,true,1,65711
8000380207183,false,שוקולד לואקר טורטינה חמאת בוטנים 126 גר,ליימן מותגים,IT,לואקר,גרמים,126.00,100 גרם,false,,14.90,0.1183,true,1,65713
8000500009673,false,בונבוניירה פררו רושה 300 גרם,קדבורי,IT,פררו,גרמים,300.00,100 גרם,false,,44.90,0.1497,true,1,25393
8000500023624,false,חטיפי הפי היפו Happy Hippo במילוי קרם חלב וקקאו,קינדר Kinder,DE,פררו,גרמים,103.00,100 גרם,false,,11.90,0.1155,true,1,25394
8000500023976,false,בונבוניירה רפאלו 150 גרם,פררו Ferrero,PL,פררו,גרמים,150.00,100 גרם,false,,14.90,0.0993,true,1,25395
8000500026731,false,שוקולד ביצי הפתעה קינדר שלישייה,קינדר Kinder,IT,פררו,יח',3.00,יח',false,,14.90,4.9667,true,1,25396
8000500029350,false,מארז וופל מצופה 3יח' *43 גרם קינדר בואנו,קינדר Kinder,PL,פררו,גרמים,129.00,100 גרם,false,,10.90,0.0845,true,1,25397
8000500037874,false,בונבוניירה פררו רושה 200 גרם,פררו Ferrero,IT,פררו,גרמים,200.00,100 גרם,false,,22.90,0.1145,true,1,25399
8000500071083,false,אצבעות שוקולד קינדר Kinder שש עשרה יחידות,קינדר Kinder,IT,פררו,גרמים,200.00,100 גרם,false,,11.90,0.0595,true,1,25400
8000500121436,false,מארז קינדר בואנו Kinder Bueno לבן שלוש יחידות,קינדר Kinder,PL,פררו,גרמים,129.00,100 גרם,false,,10.90,0.0845,true,1,25402
8000500167656,false,קינדר שוקולד עם דגנים סיריאל 94 ג',פררו,IT,קינדר שוקולד עם דגני,גרמים,94.00,100 גרם,false,,7.90,0.0840,true,1,54094
8000500172810,false,סוכריות בטעם תות שדה מנטה- מארז רביעייה,טיק טק Tic Tac,EC,יוגטה,גרמים,64.00,100 גרם,false,,7.90,0.1234,true,1,25405
8000500227848,false,נוטלה - בי רדי אצבעות ביסקוויט במילוי שוקולד 6 יח' * 22 גרם,פררו,IT,פררו,גרמים,132.00,100 גרם,false,,10.90,0.0826,true,1,31900
8000500247167,false,פררו רושה קולקשיין 269ג',פררו,DE,פררו,גרמים,269.00,100 גרם,false,,39.90,0.1483,true,1,27690
8000500249352,false,קינדר בואנו מיני מיקס שקית 205 ג',קינדר Kinder,PL,קינדר,גרמים,205.00,100 גרם,false,,19.90,0.0971,true,1,28435
8000500256213,false,קינדר שוקולד מיני בשקית.,קדבורי,IT,שוקולד קינדר מיני 12,גרמים,120.00,100 גרם,false,,10.90,0.0908,true,1,50865
8000500267103,false,קינדר דליס שוקול' אישי מארז 10 יח' 420 גר',קינדר Kinder,IT,קינדר דליס 10 יח',יח',10.00,יח',false,,19.90,1.9900,true,1,39584
8000500269169,false,קינדר קארדס Kinder Cards - חמישייה,קינדר Kinder,IT,קינדר קארדס חמישייה,גרמים,128.00,100 גרם,false,,12.90,0.1008,true,1,68797
8000500310397,false,נוטלה עוגיות נוטלה בגליל 12יח' - NUTELLA BISCUITTS,נוטלה Nutella,IT,נוטלה ביסקוויט 166 ג,גרמים,166.00,100 גרם,false,,13.90,0.0837,true,1,70698
8000500353738,false,רביעיה סוכריות בטעם מנטה חזק 4 * 16 ג' טחק טק,פררו,EC,פררו,גרמים,64.00,100 גרם,false,,7.90,0.1234,true,1,59885
8000500366073,false,נוטלה עוגיות נוטלה בשקית 20 יח'- NUTELLA BISCUITTS,נוטלה Nutella,IT,נוטלה ביסקוויט בשקית,גרמים,276.00,100 גרם,false,,19.90,0.0721,true,1,70699
8000570283607,false,מרטיני אסטי Asti יין לבן מתוק מבעבע,מרטיני Martini,IT,מרטיני אסטי מבעבע 750,מיליליטרים,750.00,"100 מ""ל",false,,59.90,0.0799,true,1,50253
8001003100218,false,סוכריות יוגטה ג'לי פירות 800 גר',תות ממתקי איכות,IT,יוגטה,גרמים,800.00,100 גרם,false,,12.90,0.0161,true,1,12661
8001090033512,false,"טייד אבקת כביסה קולור 8 ק""ג",פרוקטר אנד גמבל,TR,Tide,קילוגרמים,8.00,"ק""ג",false,,41.90,5.2375,true,1,8937
8001090222725,false,"הרבל אסנסס - שמפו שמן מורינגה 400 מ""ל",הרבל אסנס Herbal Essences,FR,הרבל אסנסס,מיליליטרים,400.00,"100 מ""ל",false,,14.90,0.0373,true,1,53578
8001090222848,false,"הרבל אסנסס - שמפו שיקום שמן ארגן 400 מ""ל",הרבל אסנס Herbal Essences,FR,הרבל אסנסס,מיליליטרים,400.00,"100 מ""ל",false,,14.90,0.0373,true,1,53580
8001090290830,false,"משחת שיניים אורל בי 3D white פנינה בוהקת 75 מ""ל",פרוקטר & גמבל,DE,אורל בי משחה פנינה ב,יח,1.00,יח,false,,19.90,19.9000,true,1,60880
8001090312150,false,טבליות אריאל ג'ל AIO,,,טבליות אריאל ג'ל AIO,יח',45.00,יח',false,,49.90,1.1089,true,1,70970
8001090318428,false,טבליות אריאל ג'ל AIO,,,טבליות אריאל ג'ל AIO,יח',45.00,יח',false,,49.90,1.1089,true,1,70971
8001090336521,false,טיטולי פמפרס בייבי דריי מידה 5 30 יח',פרוקטר אנד גמבל,DE,פמפרס,יח,30.00,יח,false,,29.90,0.9967,true,1,55252
8001090375186,false,"פנטן מרכך מרוכז לצבע מלא חיים 200 מ""ל",פרוקטר אנד גמבל,RO,Pantene,מיליליטרים,200.00,"100 מ""ל",false,,13.90,0.0695,true,1,31375
8001090375230,false,"פנטן מרכך מרוכז 200 מ""ל לחות מוגברת",פרוקטר אנד גמבל,RO,Pantene,מיליליטרים,200.00,"100 מ""ל",false,,13.90,0.0695,true,1,31376
8001090734044,false,מגן תחתון אולוויז מגה פק לארג פרש 64 יח,פרוקטר אנד גמבל,UA,אולוייז,יח',64.00,יח',false,,17.90,0.2797,true,1,30842
8001090740717,false,מגני תחתון אולוויז נורמל עם ניחוח רענן Fresh Scent,פרוקטר אנד גמבל,DE,Fem Care,יח',76.00,יח',false,,17.90,0.2355,true,1,30843
8001090832450,false,"שמפו פנטן הנוסחה הקלאסית 660 מ""ל",פרוקטר אנד גמבל,RO,פנטן,מיליליטרים,660.00,"100 מ""ל",false,,19.90,0.0302,true,1,58007
8001090832535,false,"שמפו פנטן שמן מרוקאי משקם 660 מ""ל",פרוקטר אנד גמבל,RO,פנטן,מיליליטרים,660.00,"100 מ""ל",false,,19.90,0.0302,true,1,58009
8001090832573,false,"שמפו פנטן לחות מוגברת 660 מ""ל",פרוקטר אנד גמבל,RO,פנטן,מיליליטרים,660.00,"100 מ""ל",false,,19.90,0.0302,true,1,58010
8001090832610,false,"שמפו פנטן למגע רך כמשי 660 מ""ל",פרוקטר אנד גמבל,RO,פנטן,מיליליטרים,660.00,"100 מ""ל",false,,19.90,0.0302,true,1,58011
8001090832696,false,"פנטן שמפו לתלתלים מושלמים 660 מ""ל",פרוקטר אנד גמבל,RO,פנטן,מיליליטרים,660.00,"100 מ""ל",false,,19.90,0.0302,true,1,58012
8001090832771,false,"פנטן שמפו להזנת קרטין 660 מ""ל",פרוקטר אנד גמבל,RO,פנטן,מיליליטרים,660.00,"100 מ""ל",false,,19.90,0.0302,true,1,58013
8001090832818,false,מרכך פנטן הנוסחה הקלאסית לשיער רגיל ומעורב,פרוקטר אנד גמבל,RO,פנטן,מיליליטרים,660.00,"100 מ""ל",false,,19.90,0.0302,true,1,58014
8001090832856,false,"קונדישנר פנטן מרוקאי משקם 660 מ""ל",פרוקטר אנד גמבל,RO,פנטן,מיליליטרים,660.00,"100 מ""ל",false,,19.90,0.0302,true,1,58015
8001090832894,false,מרכך לשיער חלש ופגום לחות מוגברת,פרוקטר אנד גמבל,RO,פנטן,מיליליטרים,660.00,"100 מ""ל",false,,19.90,0.0302,true,1,58016
8001090832931,false,"קונדישנר פנטן למגע רך כמשי 660 מ""ל",פרוקטר אנד גמבל,RO,פנטן,מיליליטרים,660.00,"100 מ""ל",false,,19.90,0.0302,true,1,58017
8001090891273,false,לנור כדוריות הבושם בניחוח סחלב 210 ג',פרוקטר אנד גמבל,US,לנור,גרמים,210.00,100 גרם,false,,24.90,0.1186,true,1,61092
8001090899194,false,תחבושות אולוויז פלטינום נורמל 24 יח',פרוקטר אנד גמבל,DE,אולוויז,יח,24.00,יח,false,,16.90,0.7042,true,1,54651
8001090899224,false,תחבושות אולוויז פלטינום לונג 20 יח',פרוקטר אנד גמבל,DE,אולוויז,יח,20.00,יח,false,,16.90,0.8450,true,1,54652
8001090899255,false,תחבושות אולוויז פלטינום לילה 16 יח',פרוקטר אנד גמבל,DE,אולוויז,יח,16.00,יח,false,,16.90,1.0562,true,1,54653
8001090899286,false,תחבושות אולוויז פלטינום לילה בטוח 14 יח',פרוקטר אנד גמבל,DE,אולוויז,יח,14.00,יח,false,,16.90,1.2071,true,1,54654
8001250110015,false,דפי לזניה מקמח דורום,אולירה אחים דה צ'קו,IT,דפי לזניה מקמח דורום,גרמים,500.00,100 גרם,false,,16.90,0.0338,true,1,71040
8001250152015,false,פפרדלה פסטה דורום 50,אולירה אחים דה צ'קו,IT,פפרדלה פסטה דורום 50,גרמים,500.00,100 גרם,false,,14.90,0.0298,true,1,71124
8001250152336,false,פטוצ'יני פסטה דורום,אולירה אחים דה צ'קו,IT,פטוצ'יני פסטה דורום,גרמים,500.00,100 גרם,false,,14.90,0.0298,true,1,71126
8001250201003,false,קנלוני צינורות פסטה,אולירה אחים דה צ'קו,IT,קנלוני צינורות פסטה,גרמים,250.00,100 גרם,false,,14.90,0.0596,true,1,71127
8001841006710,false,לנור כדוריות הבושם בניחוח רענן 210 ג',פרוקטר אנד גמבל,GB,לנור,גרמים,210.00,100 גרם,false,,24.90,0.1186,true,1,61093
8001841410524,false,שמפו שולדרס קוקוס 60,פרוקטר אנד גמבל,FR,הד אנד שולדרס,מיליליטרים,600.00,"100 מ""ל",false,,21.90,0.0365,true,1,71223
8001841427126,false,מגן תחתון אולוויז מגה פק פרו פרש נורמל 64 יחי,פרוקטר אנד גמבל,DE,אולוויז,יח',64.00,יח',false,,17.90,0.2797,true,1,58644
8001841500799,false,"הרבל אסנסס - שמפו ללא סולפטים אלוורה ומנגו 380 מ""ל",הרבל אסנס Herbal Essences,FR,הרבל אסנסס,מיליליטרים,380.00,"100 מ""ל",false,,14.90,0.0392,true,1,61955
8001841500942,false,"הרבל אסנסס - שמפו ללא סולפטים אלוורה ובמבוק 380 מ""ל",הרבל אסנס Herbal Essences,FR,הרבל אסנסס,מיליליטרים,380.00,"100 מ""ל",false,,14.90,0.0392,true,1,61960
8001841502298,false,"הרבל אסנסס - מרכך ללא סולפטים אלוורה ומנגו 275 מ""ל",הרבל אסנס Herbal Essences,FR,הרבל אסנסס,מיליליטרים,380.00,"100 מ""ל",false,,14.90,0.0392,true,1,61961
8001841502601,false,"הרבל אסנסס - מרכך ללא סולפטים אלוורה ובמבוק 275 מ""ל",הרבל אסנס Herbal Essences,FR,הרבל אסנסס,מיליליטרים,380.00,"100 מ""ל",false,,14.90,0.0392,true,1,61962
8001841625188,false,סבון כלים פלטינום לימון X3 פעולות להסרת שומנים,פרוקטר אנד גמבל,GB,פיירי,מיליליטרים,515.00,"100 מ""ל",false,,8.90,0.0173,true,1,56838
8001841625362,false,"נוזל כלים בניחוח לימון פלטינום 780 מ""ל פיירי",פרוקטר אנד גמבל,GB,פיירי,מיליליטרים,780.00,"100 מ""ל",false,,11.90,0.0153,true,1,68020
8001841663654,false,"פיירי נוזל כלים אקסטרה 650 מ""ל - צהוב",פרוקטר אנד גמבל,CZ,פרוקטר אנד גמבל,מיליליטרים,650.00,"100 מ""ל",false,,9.90,0.0152,true,1,70835
8001841663982,false,פיירי נוזל כלים אקסט,פרוקטר אנד גמבל,CZ,פרוקטר אנד גמבל,מיליליטרים,650.00,"100 מ""ל",false,,9.90,0.0152,true,1,70836
8001841669465,false,אריאל קפסולות לכביסה ג'ל 24 יח' בניחוח לנור,פרוקטר אנד גמבל,FR,Ariel,יח',24.00,יח',false,,29.90,1.2458,true,1,61424
8001841680989,false,מגן תחתון אולוויז מגה פק פרו פרש לארג' 60 יחי,פרוקטר אנד גמבל,DE,אולוויז,יח',60.00,יח',false,,17.90,0.2983,true,1,58645
8001841941929,false,תחבושות אולוויז וליו פק לילה אקסטרא,פרוקטר אנד גמבל,DE,אולוויז,יח',16.00,יח',false,,16.90,1.0562,true,1,63420
8001841943961,false,כדוריות הבושם לנור רעננות האוקיינוס,פרוקטר אנד גמבל,US,לנור,גרמים,210.00,100 גרם,false,,24.90,0.1186,true,1,61095
8001943549122,false,"צ'וקטה מטבעות שוקולד חלב, 40 גרם",צ'וקטה Chocketa,IT,מטבעות שוקולד חלב צו,גרמים,40.00,100 גרם,false,,4.90,0.1225,true,1,28405
8002267014945,false,שלישייה ביצי שוקולד חלב עם צעצוע הוט ווילס,צ'וקטה Chocketa,IT,פולרטי,גרמים,60.00,100 גרם,false,,7.90,0.1317,true,1,29653
8002270015656,false,סאן פלגרינו מים מוגז,סן פלגרינו ס.פ.א לוק,IT,ס.פלגרינו,מיליליטרים,750.00,"100 מ""ל",false,,9.50,0.0127,true,1,11661
8002270866524,false,סאן פלנגרינו מים מינ,סן פלגרינו San Pellegrino,IL,ס.פלגרינו,ליטרים,1.00,ליטר,false,,8.90,8.9000,true,1,11663
8002450202005,false,ורדי ספרקלטיני אסאי Verdi acai Sparkletini,בוסקה Bosca,IT,ורדי,מיליליטרים,750.00,"100 מ""ל",false,,19.90,0.0265,true,1,11319
8002450203002,false,סדרת וורדי,בוסקה,IT,ורדי,מיליליטרים,750.00,"100 מ""ל",false,,19.90,0.0265,true,1,51253
8002450205006,false,ורדי תות 750מ`ל,בוסקה,IT,ורדי,מיליליטרים,750.00,"100 מ""ל",false,,19.90,0.0265,true,1,11321
8002450208007,false,ורדי גרין אפל ספרקלטיני,בוסקה Bosca,IT,ורדי,מיליליטרים,750.00,"100 מ""ל",false,,19.90,0.0265,true,1,11327
8003340091280,false,בונבוניירת לינדור Lindor שוקולד מריר,לינדט ושפרונגלי קילש,IT,בונבוניירה לינדור 200 גרם,גרמים,200.00,100 גרם,false,,22.90,0.1145,true,1,3744
8003866004214,false,קפסולות קפה 10 יח' (אדום) DIEMME CORPO,דאמה קפה Diemme Caffe,IT,קפסולות אספרסו קורפו,גרמים,56.00,100 גרם,false,,18.90,0.3375,true,1,71046
8003866016538,false,קפסולות אספרסו טנזני,קפה דיאמה,IT,קפסולות אספרסו טנזני,גרמים,56.00,100 גרם,false,,18.90,0.3375,true,1,71047
8004030022010,false,ירקות גינה עם טונה ריו מרה אינסלטיסימי 160 ג',"בולטון אלימנטרי בע""מ",IT,ריו מרה טונה ירקות גינה 1,גרמים,160.00,100 גרם,false,,16.90,0.1056,true,1,19600
8004030044005,false,נתחי טונה בשמן זית ריו מרה 160 ג',"בולטון אלימנטרי בע""מ",IT,ריו מרה,גרמים,160.00,100 גרם,false,,18.90,0.1181,true,1,19602
8004030081024,false,טונה בשמן זית שום ופלפל ריו מרה 160 גרם,"בולטון אלימנטרי בע""מ",IT,ריו מרה,גרמים,160.00,100 גרם,false,,18.90,0.1181,true,1,19603
8004030102033,false,טונה בשמן זית עם מיץ לימון ופלפל שחור - מארז 3 יח',בולטון אלימנטרי,IT,ריו מרה,גרמים,240.00,100 גרם,false,,27.90,0.1162,true,1,50275
8004030177000,false,טונה בשמן זית וצ'ילי ריו מרה מארז 80X3 גר',ריו מארה Rio Mare,IT,ריו מרה,גרמים,240.00,100 גרם,false,,27.90,0.1162,true,1,31671
8004030180000,false,טונה בשמן זית כתית ריו מרה 3*80 גרם,בולטון אלימנטרי,IT,ריו מרה בשמן זית 3*8,גרמים,240.00,100 גרם,false,,25.90,0.1079,true,1,67245
8004030344938,false,טונה בשמן זית ריו מרה שלישיה * 80 ג',"בולטון אלימנטרי בע""מ",IT,ריו מרה,גרמים,240.00,100 גרם,false,,27.90,0.1162,true,1,19606
8004030845046,false,טונה עם ירקות בתוספת עם אורז ריו מרה אינסלטיסימי 160 ג',בולטון אלימנטרי,IT,ריו מרה טונה מקסיקני 160,גרמים,160.00,100 גרם,false,,16.90,0.1056,true,1,52227
8004800000064,false,לאגו פלאסיר- גלילי ופל קרם קקאו בציפוי ש.חלב - 100 ג',לאגו,IT,גלילי וופל לאגו במיל,גרמים,100.00,100 גרם,false,,11.90,0.1190,true,1,68376
8004800004826,false,לאגו פלאסיר - וופלים במילוי קרם קוקוס שוקולד מריר - 98ג,לאגו,IT,וופל לאגו במילוי קרם,גרמים,98.00,100 גרם,false,,11.90,0.1214,true,1,68379
8004800005519,false,וופל רול גלילי במילוי קרם אגוזי לוז- 125 ג' לאגו,לגו גרופ ס.פ.א.,IT,גלילי וופל לאגו מיני,גרמים,125.00,100 גרם,false,,10.90,0.0872,true,1,68381
8005110000416,false,MUTTI עגבניות חתוכות במיץ פולפה 2*300 ג,מוטי אס.פי.איי,IT,פולפה דטריני מארז זו,גרמים,600.00,100 גרם,false,,12.90,0.0215,true,1,71246
8005110002243,false,רכז עגבניות Doppio Concentr בשפופרת 185 ג' MUTTI,"איי, בי, אינבוו",IT,MUTTI,גרמים,185.00,100 גרם,false,,8.20,0.0443,true,1,59600
8005110170300,false,עגבניות מרוסקות חתוכות מוטי MUTTI שלישיה *400,מוטי Mutti,IT,MUTTI,גרמים,400.00,100 גרם,false,,17.90,0.0447,true,1,26271
8005110171215,false,עגבניות חתוכות 690 POLPAPEZZI ג' (כחול) MUTTI,"איי, בי, אינבוו",IT,עגבניות חתוכות 690 ג,גרמים,690.00,100 גרם,false,,13.90,0.0201,true,1,35922
8005110200014,false,רסק עגבניות בתוספת מלח,"איי, בי, אינבוו",IT,mutti,גרמים,210.00,100 גרם,false,,7.90,0.0376,true,1,29593
8005110551253,false,רוטב עגבניות לפיצה MUTTI,"איי, בי, אינבוו",IT,MUTTI,גרמים,400.00,100 גרם,false,,8.90,0.0223,true,1,56836
8005200256587,false,משקה תה בטעם אפרסק 1.5ל' NESTEA,מפעל סאנפלגרינו S.P.,IT,נסטי,ליטרים,1.50,ליטר,false,,8.30,5.5333,true,1,63907
8005200286584,false,משקה תה בטעם מנגו אננס 1.5 ל' NESTEA,מפעל סאנפלגרינו S.P.,IL,נסטי,ליטרים,1.50,ליטר,false,,8.30,5.5333,true,1,63908
8005200316588,false,משקה תה דיאט בטעם אפרסק 1.5ל' NESTEA,מפעל סאנפלגרינו s.p.,IL,נסטי,ליטרים,1.50,ליטר,false,,7.90,5.2667,true,1,63909
8005803010357,false,גריסיני קלאסי עם שמן זית ומלח 125 גר,"אינסטנטה בע""מ",IT,גריסיני קלאסי 125 גר,גרמים,125.00,100 גרם,false,,5.90,0.0472,true,1,12671
8005803010371,false,מקלות גריסיני עם רוזמרין,"אינסטנטה בע""מ",IT,גריסיני רוזמרין 125,גרמים,125.00,100 גרם,false,,5.90,0.0472,true,1,12672
8005803010586,false,מקלות גריסיני בטעם פיצה,"הוסטה איטליה, ס.ר.ל.",IT,גריסיני פיצה 125 גרם,גרמים,125.00,100 גרם,false,,5.90,0.0472,true,1,12673
8005803010661,false,אמור די פאן - שומשום 125 גרם,"הוסטה איטליה, ס.ר.ל.",IT,גריסיני שומשום 125 ג,גרמים,125.00,100 גרם,false,,5.90,0.0472,true,1,12674
8006540091937,false,לנור כדוריות הבושם בניחוח אריאל 210 גרם,פרוקטר אנד גמבל,GB,לנור,גרמים,210.00,100 גרם,false,,24.90,0.1186,true,1,63366
8006540112793,false,"מרכך כביסה מרוכז בניחוח יסמין לנור 900 מ""ל",פרוקטר אנד גמבל,FR,לנור,מיליליטרים,900.00,"100 מ""ל",false,,14.90,0.0166,true,1,61808
8006540112823,false,"לנור מרכך כביסה מרוכז בניחוח האוקיינוס 900 מ""ל",פרוקטר אנד גמבל,FR,לנור,מיליליטרים,900.00,"100 מ""ל",false,,14.90,0.0166,true,1,61809
8006540112854,false,"מרכך כביסה מרוכז בניחוח סחלב לנור 900 מ""ל",פרוקטר אנד גמבל,FR,לנור,מיליליטרים,900.00,"100 מ""ל",false,,14.90,0.0166,true,1,61810
8006540352960,false,טמפונים טמפקס פרל רג,פרוקטר אנד גמבל,HK,Fem Care,יח',20.00,יח',false,,19.90,0.9950,true,1,63802
8006540404850,false,תחבושות אלוויז דיסקר,פרוקטר & גמבל,DE,תחבושות אולוויז דיסק,יח',10.00,יח',false,,14.90,1.4900,true,1,69071
8006540405031,false,תחבושות אלוויז דיסקר,פרוקטר & גמבל,DE,תחבושות אולוויז דיסק,יח',16.00,יח',false,,14.90,0.9313,true,1,69079
8006540425930,false,אריאל קפסולות לכביסה ג'ל 24 יח' לכתמים קשים,פרוקטר אנד גמבל,FR,Ariel,יח',24.00,יח',false,,29.90,1.2458,true,1,64169
8006540491539,false,"נוזל כלים פיירי פלטינום אוריגינל 780 מ""ל",פרוקטר אנד גמבל,GB,פיירי,מיליליטרים,780.00,"100 מ""ל",false,,11.90,0.0153,true,1,68021
8006540495216,false,"לנור מרכך כביסה מרוכז בניחוח אמאטיסט 900 מ""ל",פרוקטר אנד גמבל,FR,לנור,מיליליטרים,900.00,"100 מ""ל",false,,14.90,0.0166,true,1,67158
8006540495247,false,"לנור מרכך כביסה מרוכז ורוד""פרח בר"" 900 מ""ל",פרוקטר אנד גמבל,FR,לנור,מיליליטרים,900.00,"100 מ""ל",false,,14.90,0.0166,true,1,70156
8006540620403,false,"אבקת כביסה אפקט פיירי 7 ק""ג טייד",פרוקטר אנד גמבל,TR,טייד,קילוגרמים,7.00,"ק""ג",false,,54.90,7.8429,true,1,71274
8007178120310,false,חומץ בלסמי ד'מודנה Giacobazzi,פטורייה ג'יאקובאזי ס,IT,ז'קובזי,מיליליטרים,500.00,"100 מ""ל",false,,17.90,0.0358,true,1,21926
8007520024501,false,פאוץ מיגליאור כבש 10,מורנדו,IT,פאוץ מיגליאור כבש 10,גרמים,100.00,100 גרם,false,,4.90,0.0490,true,1,66154
8008245004847,false,ממרח אגוזי לוז וקקאו 300 גרם,נאטקו,IT,ממרח אגוזי לוז וקקאו,גרמים,300.00,100 גרם,false,,14.90,0.0497,true,1,61865
8008245004861,false,ממרח חלב עם אגוזי לוז 300ג M?venpick,יבואן ומשווק: ש. שסט,IT,ממרח אגוזי לוז עם חל,גרמים,300.00,100 גרם,false,,14.90,0.0497,true,1,61866
8008660210021,false,מעדן ריבה מנץ אנד גאססר דובדבן 300 גר,שוורצקוף& הנקל דיסלד,IT,*מבצע* מעדן דובדבן מ,גרמים,300.00,100 גרם,false,,12.90,0.0430,true,1,17282
8008660210038,false,מעדן ריבה מנץ אנד גאססר תות שדה 300 גר,קריניציה ויטמינה אס,IT,*מבצע* מעדן תות שדה,גרמים,300.00,100 גרם,false,,12.90,0.0430,true,1,17283
8008660210045,false,מעדן ריבה מנץ אנד גאססר פירות יער 300 גר,שוורצקוף& הנקל דיסלד,IT,*מבצע* מעדן פירות יע,גרמים,300.00,100 גרם,false,,12.90,0.0430,true,1,17284
8008698003503,false,עוגיות שיבולת שועל עם צימוקים 250 גר,"דר שר ס.ר.ל פוסטל, א",IT,dr schear,גרמים,210.00,100 גרם,false,,22.90,0.1090,true,1,2361
8008698003961,false,SCHAR שוקו סטיק ללא גלוטן 150 גרם,schar,DE,מקלות בציפוי שוקולד,גרמים,110.00,100 גרם,false,,21.90,0.1991,true,1,64255
8008698004548,false,שר ביסקוויט בציפוי קרם שוקולד חלב ללא גלוטן 150 גר',שר Schar,IT,ביסקוויט בציפוי קרם,גרמים,150.00,100 גרם,false,,16.90,0.1127,true,1,29071
8008698005231,false,עוגיות סנדוויץ בטעם שוקולד ממולאות קרם חלב ללא גלוט,שר Schar,IT,עוגיות שוקולד ללא גל,גרמים,165.00,100 גרם,false,,19.90,0.1206,true,1,64256
8008698005347,false,ביסקוטי עם שוקולד מריר ללא גלוטן,שר Schar,IT,ביסקוויט עם שוקולד ל,גרמים,150.00,100 גרם,false,,14.90,0.0993,true,1,64257
8008698054109,false,ממרח אגוזי לוז קקאו ומקלות אפויים 52 גר,schar,IT,מילי גריס ממרח אגוזי,גרמים,52.00,100 גרם,false,,12.90,0.2481,true,1,64259
8008857200057,false,פסטה רג'ייה ספגטי שטוח 500 גר',רגיה,IT,תומר,גרמים,500.00,100 גרם,false,,4.90,0.0098,true,1,18901
8008857200200,false,פסטה ספגטי דק 500 ג' רג'ייה,,IT,פסטה רג'יה איטלקית 500 גר,גרמים,500.00,100 גרם,false,,4.90,0.0098,true,1,18903
8008857300238,false,פסטה רג'ייה גליל 500 גר',רגיה,IT,תומר,גרמים,500.00,100 גרם,false,,4.90,0.0098,true,1,18904
8008857300344,false,פסטה רג'ייה צינור 500 גר',רגיה,IT,תומר,גרמים,500.00,100 גרם,false,,4.90,0.0098,true,1,18905
8008857300481,false,פסטה רג'ייה בורג 500 גר',רגיה,IT,תומר,גרמים,500.00,100 גרם,false,,4.90,0.0098,true,1,18906
8008857300641,false,פסטה רג'ייה כובע 500גר',רגיה,IT,תומר,גרמים,500.00,100 גרם,false,,4.90,0.0098,true,1,18909
8008857406152,false,פסטה רג'ייה אט' עגולות עבות 500 גר',רגיה,IT,תומר,גרמים,500.00,100 גרם,false,,7.90,0.0158,true,1,18912
8008857500003,false,רג'יה פסטה 609 אטריות עגולות דקות 500ג,פסטה רג'יה Pasta Reggia,IT,תומר,גרמים,500.00,100 גרם,false,,7.90,0.0158,true,1,18913
8008857704340,false,פסטה רג'יה ח.מלאה פנ,רגיה,IT,פסטה רג'יה ח.מלאה פנ,גרמים,500.00,100 גרם,false,,5.90,0.0118,true,1,66587
8008912010034,false,ספגטי ליגורי מספר 3,פסטה ליגורי,IT,ליגורי,גרמים,500.00,100 גרם,false,,7.90,0.0158,true,1,59973
8008912010072,false,ספגטי לינגוויני 500ג ליגורי,פסטה ליגורי,IT,ליגורי,גרמים,500.00,100 גרם,false,,7.90,0.0158,true,1,59974
8008912010270,false,פסטה קסרצה מספר 27 LIGUORI,פסטה ליגורי,IT,ליגורי,גרמים,500.00,100 גרם,false,,7.90,0.0158,true,1,59975
8008912010300,false,פסטה פרפלה ליגורי 500 גר',פסטה ליגורי,IT,ליגורי,גרמים,500.00,100 גרם,false,,7.90,0.0158,true,1,59976
8008912010317,false,פסטה פוזלי ליגורי 500 גר',פסטה ליגורי,IT,ליגורי,גרמים,500.00,100 גרם,false,,7.90,0.0158,true,1,59977
8008912010331,false,פסטה ניוקטי סרדי בצורת קונכיות מס' 33,פסטה ליגורי,IT,ליגורי,גרמים,500.00,100 גרם,false,,7.90,0.0158,true,1,59978
8008912010423,false,פסטה פנה ריגטה מספר 42 LIGUORI,פסטה ליגורי,IT,ליגורי,גרמים,500.00,100 גרם,false,,7.90,0.0158,true,1,59979
8008912016012,false,לזניה ליגורי מס' 102 500 גרם,פסטיפישיו פציון ס.פ.,IT,לזניה מספר 102 ליגור,גרמים,500.00,100 גרם,false,,15.90,0.0318,true,1,65013
8009470009027,false,סימבה שימורים לכלבים עוף והודו 415 ג',,,סימבה לכלב עוף והודו,גרמים,415.00,100 גרם,false,,4.00,0.0096,true,1,57875
8009470016063,false,"סימבה מזון לחתולים עוף 2 ק""ג",מונג,IT,"סימבה עוף לחתול 2 ק""",קילוגרמים,2.00,"ק""ג",false,,34.90,17.4500,true,1,66097
8020340031290,false,פסטה פוזילי אורגנית 500ג',פסטה לורי,IT,פסטה לורי,גרמים,500.00,100 גרם,false,,7.90,0.0158,true,1,53625
8023678162360,false,משקה שקדים אורגני 1 ליטר isola,אבא פודס אס. אר. אל,IT,ISOLA,ליטרים,1.00,ליטר,false,,13.90,13.9000,true,1,54527
8024985002783,false,סמוזי נטורה נובה גזר ודלעת 100 גרם,נטורה נובה Natura Nuova,,נטורה נובה - סמוזי ג,גרמים,100.00,100 גרם,false,,4.90,0.0490,true,1,66780
8024985002912,false,סמוזי אגס בטטה 100 גר נטורה נובה,נטורה נובה,IT,נטורה נובה - סמוזי ת,גרמים,100.00,100 גרם,false,,4.90,0.0490,true,1,55679
8024985002943,false,סמוזי נטורה נובה תפוח אננס קוקוס 100 גרם,נטורה נובה,IT,נטורה נובה - סמוזי א,גרמים,100.00,100 גרם,false,,4.90,0.0490,true,1,66781
8024985002950,false,סמוזי שזיף אורגני 100 גרם,נטורה נובה,IT,נטורה נובה - סמוזי ש,גרמים,100.00,100 גרם,false,,4.90,0.0490,true,1,66782
8024985002967,false,סמוזי נטורה נובה בננה תרד 100 גרם,נטורה נובה,IT,נטורה נובה - סמוזי ב,גרמים,100.00,100 גרם,false,,4.90,0.0490,true,1,66783
8024985004299,false,סמוזי מעורב תפוח/פירות רביעיה 400 גר,,,נטורה נובה - סמוזי פ,גרמים,400.00,100 גרם,false,,19.90,0.0497,true,1,66784
8024985005296,false,סמוזי אגס בננה תפוח וקינואה אורגני,,,נטורה נובה - סמוזי א,גרמים,120.00,100 גרם,false,,6.90,0.0575,true,1,66786
8024985008051,false,סמוזי נטורה נובה סמוצי פירות אדומים 100,נטורה נובה Natura Nuova,IT,נטורה נובה - סמוזי פ,גרמים,100.00,100 גרם,false,,4.90,0.0490,true,1,55684
8032793342458,false,עגבניות מרוסקות דק ומסוננות בבקבוק 700 ג,קונסוריזיו דל פרומוד,IT,*מבצע* עגבניות מרוסק,גרמים,700.00,100 גרם,false,,8.90,0.0127,true,1,7604
8032793344292,false,עגבניות חתוכות דק בבקבוק 700ג,קונסוריזיו דל פרומוד,IT,*מבצע* עגבניות חתוכו,גרמים,700.00,100 גרם,false,,8.90,0.0127,true,1,57073
8032793344520,false,תרכיז עגבניות רסק עגבניות מרוכז מאוד,קונסוריזיו דל פרומוד,IT,רסק עגבניות בשפורפרת,גרמים,200.00,100 גרם,false,,7.90,0.0395,true,1,59840
8032804430914,false,"פנה שיבולת שועל לל""ג פליסיה 340 גרם",אף.סי תבליני בגליל ב,IT,פליסיה קופסא - פנה ש,גרמים,340.00,100 גרם,false,,16.90,0.0497,true,1,66796
8032804431287,false,ספגטי אורז מלא אורגני 400 גרם פליסיה,פליסיה Felicia Bio,,פליסיה קופסא - ספגטי,גרמים,400.00,100 גרם,false,,15.90,0.0398,true,1,66799
8032880800243,false,פיקניק הפתעה 50 גרם-איגוד רבנים,"הוסטה איטליה, ס.ר.ל.",IT,פיקניק הפתעה,יח',1.00,יח',false,,6.90,6.9000,true,1,12680
8076800195019,false,ברילה - צ.א ספגטי מס1 קפליני 500 גרם,ברילה גי.אי.אר פרטלי,IT,ברילה,גרמים,500.00,100 גרם,false,,6.90,0.0138,true,1,19610
8076800195033,false,ברילה - צ.א ספגטיני מס3 חדש 500 גרם,ברילה גי.אי.אר פרטלי,IT,ברילה,גרמים,500.00,100 גרם,false,,6.90,0.0138,true,1,19611
8076800195057,false,ברילה - צ.א ספגטי מס5 חדש 500 גרם,ברילה גי.אי.אר פרטלי,IT,ברילה,גרמים,500.00,100 גרם,false,,6.90,0.0138,true,1,19612
8076800195132,false,ברילה - צ.א בבטה מס13 500 גרם,ברילה גי.אי.אר פרטלי,IT,ברילה,גרמים,500.00,100 גרם,false,,6.90,0.0138,true,1,19613
8076800315097,false,ברילה - צ.א בוקטיני מס9 500 גרם,ברילה גי.אי.אר פרטלי,IT,ברילה,גרמים,500.00,100 גרם,false,,6.90,0.0138,true,1,19614
8076802085738,false,ברילה - צ.ק פנה רגטה חדש 500 גרם,ברילה גי.אי.אר פרטלי,IT,ברילה,גרמים,500.00,100 גרם,false,,6.90,0.0138,true,1,19616
8076802085837,false,ברילה - צ.ק טורטליוני מס83 500 גרם,הנסיך- מפעל לייצור ט,IT,ברילה,גרמים,500.00,100 גרם,false,,6.90,0.0138,true,1,19617
8076802085936,false,ברילה פסטה צ.ק. קונצילה ריגטה חדש,ברילה גי.אי.אר פרטלי,IT,ברילה,גרמים,500.00,100 גרם,false,,6.90,0.0138,true,1,19618
8076802085981,false,ברילה - צ.ק פוזילי חדש 500 גרם,ברילה גי.אי.אר פרטלי,IT,ברילה,גרמים,500.00,100 גרם,false,,6.90,0.0138,true,1,19619
8076808060654,false,ברילה - צ.ק פרפלה חדש 500 גרם,ברילה גי.אי.אר פרטלי,IT,ברילה,גרמים,500.00,100 גרם,false,,6.90,0.0138,true,1,19622
8076808070882,false,פסטה ברילה קנלוני מס'88 250ג',פאסטיפיקו ריגו אס.אר,IT,ברילה,גרמים,500.00,100 גרם,false,,10.90,0.0218,true,1,19623
8076808150072,false,ברילה - צ.א ספגטוני מס7 חדש 500 גרם,ברילה גי.אי.אר פרטלי,IT,ברילה,גרמים,500.00,100 גרם,false,,6.90,0.0138,true,1,19624
8076809512268,false,ברילה - צ.ק גירנדולה חדש 500 גרם,ברילה גי.אי.אר פרטלי,IT,ברילה,גרמים,500.00,100 גרם,false,,6.90,0.0138,true,1,19625
8076809513388,false,ברילה - רוטב ארביאטה 400 גרם,ברילה גי.אי.אר פרטלי,IT,ברילה,גרמים,400.00,100 גרם,false,,14.90,0.0373,true,1,19626
8076809513395,false,רוטב פסטה ברילה פורמודרו 400ג',ברילה גי.אי.אר פרטלי,IT,ברילה,מיליליטרים,333.00,"100 מ""ל",false,,14.90,0.0447,true,1,19627
8076809513654,false,בסיס רוטב עגבניות לבולונז 400 גרם ברילה,ברילה גי.אי.אר פרטלי,IT,ברילה,גרמים,400.00,100 גרם,false,,14.90,0.0373,true,1,19628
8076809513692,false,רוטב עגבניות נפולטנה בתוספת ירקות,ברילה גי.אי.אר פרטלי,IT,ברילה,מיליליטרים,333.00,"100 מ""ל",false,,14.90,0.0447,true,1,19629
8076809513739,false,רוטב פסטה ברילה בזיליקום 400 ג',ברילה גי.אי.אר פרטלי,IT,ברילה,גרמים,400.00,100 גרם,false,,14.90,0.0373,true,1,19630
8076809523561,false,רוטב עגבניות עם עשבי תיבול 400 ג' ברילה,ברילה גי.אי.אר פרטלי,IT,ברילה,גרמים,400.00,100 גרם,false,,14.90,0.0373,true,1,19632
8076809523738,false,פסטה ברילה לזניה 500ג',ברילה גי.אי.אר פרטלי,IT,ברילה,גרמים,500.00,100 גרם,false,,19.90,0.0398,true,1,19634
8076809545440,false,ברילה ספגטי ללא גלוטן 400 גרם,"ש. שסטוביץ בע""מ",IT,ברילה,גרמים,400.00,100 גרם,false,,14.90,0.0373,true,1,19638
8076809545464,false,ברילה פסטה ללא גלוטן צורת ספירלי 400 גר,מולינו אנדריאני אס.א,IT,ברילה,גרמים,400.00,100 גרם,false,,14.90,0.0373,true,1,19640
8076809547956,false,ברילה - צ.ק קיפרי 500 גרם,ברילה סורג,IT,ברילה,גרמים,500.00,100 גרם,false,,6.90,0.0138,true,1,56617
8076809580496,false,פסטה ברילה פפירי 450 גרם - מנצסטר,ברילה,IT,ברילה,גרמים,500.00,100 גרם,false,,12.90,0.0258,true,1,64220
8121300206946,false,ממתיק סיטיביה טרוביה 80 שקיות אישיות,טרוביה Truvia,US,טרוביה,גרמים,80.00,100 גרם,false,,19.90,0.2487,true,1,55365
8121300207004,false,טרוביה - סטיביה ממתיק בצנצנת 270 גרם,טרוביה Truvia,US,טרוביה,גרמים,270.00,100 גרם,false,,34.90,0.1293,true,1,55366
8410076600622,false,חטיפי גרנולה Crunchy שיבולת שועל מלאה ושבבי שוקולד מריר,ג'נרל מילס סאן אדריא,ES,נייטשר ואלי,גרמים,210.00,100 גרם,false,,18.90,0.0900,true,1,12682
8410076610379,false,נייטשר ואלי פרוטאין בוטנים ושבבי שוקולד 160 ג',סריילטו ספיין פודס,ES,נייצר ואלי,גרמים,160.00,100 גרם,false,,23.90,0.1494,true,1,12689
8410076610386,false,נייטשר ואלי פרוטאין בוטנים עם ציפוי בטעם קרמל מלוח 160 ג',סריילטו ספיין פודס,ES,נייצר ואלי,גרמים,160.00,100 גרם,false,,23.90,0.1494,true,1,12690
8410076621009,false,עוגות אישיות בטעם קרמל עם חתיכות בטעם קרמל מלוח,"גלאטס סירו בע""מ",ES,פייבר,גרמים,120.00,100 גרם,false,,12.90,0.1075,true,1,59518
8410076621047,false,עוגות אישיות בטעם שוקולד עם חתיכות בטעם שוקולד,"גלאטס סירו בע""מ",ES,פייבר,גרמים,120.00,100 גרם,false,,12.90,0.1075,true,1,59519
8410104039134,false,"פיניש מנקה ומחדש מדיח 250מ""ל",הדקלאים אגודת שיתופי,PL,פיניש,מיליליטרים,250.00,"100 מ""ל",false,,14.90,0.0596,true,1,7856
8410104045111,false,"פיניש מלח למדיח כלים 2ק""ג",פ.פ.ח. שאביט,IL,פיניש,קילוגרמים,2.00,"ק""ג",false,,14.90,7.4500,true,1,56869
8410104437268,false,פיניש דאו ציטרופרש מנטה,רקיט בנקיזר,HU,פיניש,יח',1.00,יח',false,,14.90,14.9000,true,1,7861
8410128783587,false,ויוה סוי שיבולת שועל קרטונית 1 ליטר,קלידאד פסקואל,ES,ויוה סוי סויה לייט ליטר,ליטרים,1.00,ליטר,false,,11.90,11.9000,true,1,67351
8410128785734,false,ויוה סוי בריסטה משפחתי 1 ליטר,קלידאד פסקואל,ES,ויוה סוי,ליטרים,1.00,ליטר,false,,10.90,10.9000,true,1,70254
8410179200811,false,BORGES שמן זית כתית,PONTU BORGES ACEITES,ES,"שמן זית 750 מ""ל בורגס",מיליליטרים,750.00,"100 מ""ל",false,,31.90,0.0425,true,1,20134
8410179300818,false,BORGES שמן זית כתית,PONTU BORGES ACEITES,ES,שמן זית כתית מעולה,מיליליטרים,750.00,"100 מ""ל",false,,31.90,0.0425,true,1,20135
8412168002529,false,מחייה 13 משקה כוהלי בטעם לימונים,דיסטילריאס לה הורטנה,ES,מחייה,מיליליטרים,700.00,"100 מ""ל",false,,49.90,0.0713,true,1,25178
8420708012822,false,קשקבל ספרדי מיושן 200 גרם,מיוצר עי קונדיטוריית,ES,סאן ויסנצ'אה,גרמים,200.00,100 גרם,false,,24.90,0.1245,true,1,13634
8420822130600,false,"ספריי סופר מסיר שומנים 750מ""ל יעקבי",קה לורדה,ES,סופר מסיר שומנים 750,מיליליטרים,750.00,"100 מ""ל",false,,16.90,0.0225,true,1,64513
8421002009945,false,ארקוס סכין שפיץ משונ,,,ארקוס סכין שפיץ משונ,יח',1.00,יח',false,,13.90,13.9000,true,1,69744
8421002292156,false,"ארקוס סכין שף 20 ס""מ",,,"ארקוס סכין שף 20 ס""מ",1,1.00,1,false,,109.90,109.9000,true,1,69725
8421401201209,false,פפריקה מתוקה מעושנת,לה צ'ינטה קרטה,ES,"תבליני טעם וריח בע""מ",גרמים,70.00,100 גרם,false,,14.90,0.2129,true,1,59198
8423207206488,false,חטיף דגנים מלאים מצופה שוקולד חלב 120 גר,אף.סי תבליני בגליל ב,ES,מרבה,גרמים,120.00,100 גרם,false,,10.90,0.0908,true,1,19649
8423207206495,false,חטיף דגנים מלאים מצופה שוקולד מריר 120 ג,אף.סי תבליני בגליל ב,ES,מרבה,גרמים,120.00,100 גרם,false,,10.90,0.0908,true,1,19650
8423207207362,false,חטיף דגנים סלים דליס שוקולד לבן 120 גר,ביסנצ'ורי אס.אל.יו,ES,מרבה,גרמים,120.00,100 גרם,false,,10.90,0.0908,true,1,19653
8423207208260,false,מרבה סלים דליס 125 ג' ללא גלוטן שוקולד חלב,ביסנצ'ורי אס.אל.יו,ES,מרבה,גרמים,120.00,100 גרם,false,,10.90,0.0908,true,1,19660
8423207208680,false,מרבה חטיפי סלים דליס לילדים שוקולד חלב,ביסנצ'ורי אס.אל.יו,ES,מרבה,גרמים,120.00,100 גרם,false,,10.90,0.0908,true,1,19661
8423207208697,false,מרבה סלים דליס לילדים עם שוקולד לבן חדש,ביסנצ'ורי אס.אל.יו,ES,מרבה,גרמים,120.00,100 גרם,false,,10.90,0.0908,true,1,19662
8423207208703,false,מרבה חטיפי סלים דליס לילדים שוקולד מריר,ביסנצ'ורי אס.אל.יו,ES,מרבה,גרמים,120.00,100 גרם,false,,10.90,0.0908,true,1,19663
8423207208871,false,פרכיות תירס בטעם טבעי סלים דליס 130ג',סלים דליס Slim Delis,ES,סלים דליס,גרמים,130.00,100 גרם,false,,8.90,0.0685,true,1,7611
8423207208888,false,פריכיות תירס בטעם עגבניות ועשבי תיבול סלים דליס 123 ג',סלים דליס Slim Delis,ES,סלים דליס,גרמים,123.50,100 גרם,false,,8.90,0.0721,true,1,7612
8423207208895,false,פריכיות תירס בטעם זיתים ועירית סלים דליס 123 ג',סלים דליס Slim Delis,ES,סלים דליס,גרמים,123.50,100 גרם,false,,8.90,0.0721,true,1,7613
8423207209885,false,מרבה חטיפי סלים דליס מהדורה מיוחדת שוקולד חלב,סלים דליס Slim Delis,ES,מרבה,גרמים,120.00,100 גרם,false,,10.90,0.0908,true,1,30091
8423207210287,false,מרבה סלים דליס שוקולד לבן בטעם יוגורט 120 ג',סלים דליס Slim Delis,ES,מרבה,גרמים,120.00,100 גרם,false,,10.90,0.0908,true,1,49670
8423207210928,false,חטיף דגנים מצופה שוקולד חלב ואגוזי לוז - 5 במארז,ביסנצ'ורי אס.אל.יו,ES,מרבה,גרמים,90.00,100 גרם,false,,10.90,0.1211,true,1,58833
8423207210942,false,חטיף דגנים מצופה שוקולד לבן ופירות יער,אף.סי תבליני בגליל ב,ES,מרבה,גרמים,90.00,100 גרם,false,,10.90,0.1211,true,1,58834
8423207210980,false,סלים דליס טופינג קליפת תפוז 90 גרם,Vndmer,ES,מרבה,גרמים,90.00,100 גרם,false,,10.90,0.1211,true,1,58836
8424842050016,false,צ'יפס בטעם כמהין 125 גרם,RUBIO,ES,צ'יפס בטעם כמהין 125,גרמים,125.00,100 גרם,false,,12.90,0.1032,true,1,69895
8424842050030,false,צ'יפס עם מלח הימלאיה,RUBIO,ES,צ'יפס עם מלח הימלאי,גרמים,125.00,100 גרם,false,,12.90,0.1032,true,1,69896
8424842050085,false,צ'יפס בטעם חרדל ודבש 125 גרם,RUBIO,ES,צ'יפס בטעם חרדל ודבש,גרמים,125.00,100 גרם,false,,12.90,0.1032,true,1,69894
8425206000081,false,ריבת חלב מרדל 450 גרם,כלורוקס אוקלנד,ES,רנדי,גרמים,450.00,100 גרם,false,,16.90,0.0376,true,1,7615
8425206000142,false,ריבת חלב מרדל בקבוק לחיץ 370 גרם,MARDEL,ES,רנדי,גרמים,370.00,100 גרם,false,,16.90,0.0457,true,1,26469
8435188458053,false,רפידת ספוג לנעליים,,,ספידה עבה,יח',1.00,יח',false,,14.90,14.9000,true,1,22735
8435495805199,false,"תינוקלין אבקת כביסה 3 ק""ג",מולינו ניקולי s.p.a,TR,Tinokleen,קילוגרמים,3.00,"ק""ג",false,,39.90,13.3000,true,1,32011
8435495807605,false,תינוקלין מרכך כביסה היפואלרגני מרוכז 1 ליטר,מולינו ניקולי s.p.a,TR,מרכך תינוקלין לבן 1,מיליליטרים,1000.00,"100 מ""ל",false,,19.90,0.0199,true,1,50533
8435495807636,false,ג'ל כביסה היפואלרגני 2 ל' תינוקלין,תינוקלין,TR,תינוקלין,ליטרים,2.00,ליטר,false,,29.90,14.9500,true,1,55689
8436575292205,false,ארטיק חמשושים מאגדת 15*12 גר',שוורצקוף& הנקל דיסלד,IL,*מבצע* חמשושים 15 יח,גרמים,180.00,100 גרם,false,,17.90,0.0994,true,1,50920
8437008915456,false,טורטיה 5 דגנים,Azteca foods europe,ES,תומר,גרמים,320.00,100 גרם,false,,7.90,0.0247,true,1,18916
8606018615827,false,גלידת וניל עם שברי עוגיות אוראו 480 ג',פרונרי סרביה,IL,פיינט אוראו,יח',1.00,יח',false,,18.90,18.9000,true,1,64637
8606018615865,false,פיינט מילקה קרמל ליבת שוקולד 480 גרם,פרונרי סרביה,IL,פיינט מילקה קרמל ליב,יח',1.00,יח',false,,18.90,18.9000,true,1,64641
8680530572660,false,"סודה ריבר 6*200 מ""ל",,,"סודה ריבר 6*200 מ""ל",ליטרים,1.20,ליטר,false,,9.90,8.2500,true,1,66467
8682376710435,false,נייר טואלט בלינו 32,,,נייר טואלט בלינו 32,מטרים,512.00,מטר,false,,26.90,0.0525,true,1,70336
8683323063024,false,ממתק בטעם תותי פרוטי בצורת שטיח,ליימן מותגים,TR,יוגטה,גרמים,220.00,100 גרם,false,,5.90,0.0268,true,1,12702
8690120060170,false,וופל נאמבר וואן מצופ,טורקו,TR,וופל מצופה שוקולד חל,גרמים,35.00,100 גרם,false,,1.50,0.0429,true,1,65703
8690120060408,false,וופלים אגוזי לוז רוי,קוניאק גדוה,TR,וופל מצופה שוקולד אג,גרמים,32.00,100 גרם,false,,1.50,0.0469,true,1,65704
8690120139968,false,וופל מצופה שוקולד מר,טורקו,TR,וופל מצופה שוקולד מר,גרמים,32.00,100 גרם,false,,1.50,0.0469,true,1,70696
8690325106093,false,פסטה פוזילי 400 גרם,TAT MAKARNA,TR,פסטה פוזילי 400 גרם,גרמים,400.00,100 גרם,false,,3.50,0.0088,true,1,66339
8690325116092,false,פסטה 400 גרם סטריפד,TAT MAKARNA,TR,פסטה 400 גרם סטריפד,גרמים,400.00,100 גרם,false,,3.50,0.0088,true,1,66340
8690325118096,false,פסטה פנה 400 גרם,TAT MAKARNA,TR,פסטה פנה 400 גרם,גרמים,400.00,100 גרם,false,,3.50,0.0088,true,1,66341
8690504081913,false,מקוויטיס טינס מצופה שוקולד חלב 150 גרם,"אולקר ביסקווי סנאי,",TR,ויסוצקי,גרמים,150.00,100 גרם,false,,9.90,0.0660,true,1,31491
8690504081920,false,מקוויטיס טינס מצופה שוקולד מריר 150 גרם,"אולקר ביסקווי סנאי,",TR,ויסוצקי,גרמים,150.00,100 גרם,false,,9.90,0.0660,true,1,31492
8690504081937,false,מקוויטיס טינס שוקולד חלב וקפוצינו 150 גר,"אולקר ביסקווי סנאי,",TR,ויסוצקי,גרמים,150.00,100 גרם,false,,9.90,0.0660,true,1,31493
8690504153740,false,שוקולד מריר במילוי קרם בטעם שוקולד מריר,ביסקוט ביסקווי סילבר,TR,*מבצע* טבלת ש. מריר,גרמים,86.00,100 גרם,false,,12.90,0.1500,true,1,35999
8690526019185,false,אי טי אי - וופל במילוי קרם שוקולד חלב 142 גרם,מולינו ניקולי s.p.a,TR,ETI,גרמים,142.00,100 גרם,false,,4.90,0.0345,true,1,57145
8690530274471,false,נייר טואלט סלפאק קומפורט 2 שכבות 32 גל,איפק קג'יט,TR,נייר טואלט סלפאק 2 ש,מטרים,576.00,מטר,false,,32.90,0.0571,true,1,64333
8690572783931,false,"פה - דאודורנט ספריי לגבר אינוויזיבל פאוואר 200 מ""ל",שוורצקופף והנקל,DE,פה,מיליליטרים,200.00,"100 מ""ל",false,,9.90,0.0495,true,1,30718
8690572786222,false,מרכך גליס Gliss לשיער ארוך Supreme Length,שוורצקופף והנקל,DE,גליס,מיליליטרים,400.00,"100 מ""ל",false,,16.90,0.0422,true,1,38278
8690572799482,false,"סאיוס מרכך לשיער גלי ומתולתל 500 מ""ל",הנקל,TR,מרכך קרטין לוטוס כחו,מיליליטרים,500.00,"100 מ""ל",false,,12.90,0.0258,true,1,61844
8690572799536,false,"סאיוס שמפו שמני הזנה 500 מ""ל",הנקל,TR,שמפו שמן טמאנו 500 מ,מיליליטרים,500.00,"100 מ""ל",false,,12.90,0.0258,true,1,61848
8690637704277,false,"שמפו ומרכך לשיער רגיל 600 מ""ל דאב",יונילוור - תורכיה,TR,DOVE,מיליליטרים,600.00,"100 מ""ל",false,,15.90,0.0265,true,1,17977
8690637704291,false,שמפו לשיקום אינטנסיבי לשיער פגום,יוניליוור טורקיה. אז,TR,DOVE,מיליליטרים,600.00,"100 מ""ל",false,,15.90,0.0265,true,1,17978
8690637704390,false,"מרכך לשיער רגיל 600 מ""ל דאב",יוניליוור טורקיה. אז,TR,DOVE,מיליליטרים,600.00,"100 מ""ל",false,,15.90,0.0265,true,1,17980
8690637704413,false,מרכך לשיקום אינטנסיבי לשיער פגום,יוניליוור טורקיה. אז,TR,DOVE,מיליליטרים,600.00,"100 מ""ל",false,,15.90,0.0265,true,1,17981
8690637835643,false,תה ירוק לואיז הולימונית 20 שק ליפטון,ליפטון Lipton,TR,ליפטון,גרמים,30.00,100 גרם,false,,16.90,0.5633,true,1,28161
8690637916977,false,מרכך עם שמן קוקוס וכורכום למראה שיער משוקם,יונילוור - תורכיה,TR,DOVE,מיליליטרים,600.00,"100 מ""ל",false,,15.90,0.0265,true,1,53406
8690637916991,false,מרכך דאב עם שמן אבוקדו ותמצית קלנדולה600,יונילוור - תורכיה,TR,DOVE,מיליליטרים,600.00,"100 מ""ל",false,,15.90,0.0265,true,1,52956
8690766156367,false,שוקולד חלב גודייבה מעולה 90 גר,"אולקר מקבוצת פלאדיס,",TR,גודייבה,גרמים,90.00,100 גרם,false,,12.90,0.1433,true,1,55326
8690766156374,false,שוקולד גודייבה מריר 72% מוצרי קקאו 90 גר,"אולקר מקבוצת פלאדיס,",TR,גודייבה,גרמים,90.00,100 גרם,false,,12.90,0.1433,true,1,55331
8690766156381,false,גודייבה שוקולד מריר 90% מוצקי קקאו 90 גרם,"אולקר מקבוצת פלאדיס,",TR,גודייבה,גרמים,90.00,100 גרם,false,,12.90,0.1433,true,1,55332
8690766156404,false,שוקולד מריר מעולה גודייבה תפוז אדום 90 גרם,גודייבה,TR,גודייבה,גרמים,90.00,100 גרם,false,,12.90,0.1433,true,1,55334
8690777203012,false,פלפל ירוק כבוש לא חריף סארה 600ג',יוליניבר,TR,SERA,גרמים,300.00,100 גרם,false,,10.90,0.0363,true,1,10877
8690777204071,false,פלפלים כבושים - חריפים,יוליניבר,TR,SERA,גרמים,640.00,100 גרם,false,,10.90,0.0170,true,1,10878
8690777206051,false,חצילים קלויים על האש סארה 650 גר',קוראהן פזלרמה וי דיס,TR,SERA,גרמים,650.00,100 גרם,false,,10.90,0.0168,true,1,10879
8690777221405,false,פלפל אדום קלויים על האש 650 גרם SERA,קוראהן פזלרמה וי דיס,TR,SERA,גרמים,650.00,100 גרם,false,,10.90,0.0168,true,1,10880
8690784516440,false,דאק נוזל לניקוי מתקדם בניחוח לבנדה בודד 750מל,ג'ונסון,NL,טואלט דאק נוזל,מיליליטרים,750.00,"100 מ""ל",false,,8.90,0.0119,true,1,28988
8693357092518,false,שישיית כוסות מים שופ,,,שישיית כוסות מים שופ,יח',6.00,יח',false,,9.90,1.6500,true,1,1567
8693495050333,false,"פלמוליב סבון נוזלי לגבר לימון ירוק 500 מ""ל",פלמוליב Palmolive,TR,פלמוליב סבון,מיליליטרים,500.00,"100 מ""ל",false,,15.90,0.0318,true,1,27352
8694686405857,false,מיטו מזון לחתול 1 קג,,TR,"מיטו מזון לחתול 1 ק""",קילוגרמים,1.00,"ק""ג",false,,21.90,21.9000,true,1,58233
8697826469092,false,טורטיה קטנה 12 יחידות 540 גרם,דין שיווק,TR,טורטיה קטנה 540 גרם,גרמים,540.00,100 גרם,false,,9.90,0.0183,true,1,3323
8698996001150,false,ממחטות כיס עשיריה מי,לילה,TR,מיילו,יח',100.00,יח',false,,5.90,0.0590,true,1,11240
8699621150502,false,מיכל מילוי גז למצית,,,בלון למילוי מצתים,יחידה,0.00,יחידה,false,,11.90,0.0000,true,1,68444
8710428005762,false,תרכובת מזון לתינוקות על בסיס חלבון סויה איזומיל טף שלב 2,אבוט מעבדות רפואיות,ES,סימילאק,גרמים,400.00,100 גרם,false,,39.90,0.0997,true,1,16472
8710428016348,false,אבקת משקה להשלמה תזונתית וניל 400 ג' פדיאשור,אבוט מעבדות רפואיות,NL,פדיאשור,גרמים,400.00,100 גרם,false,,39.90,0.0997,true,1,59426
8710428016355,false,אבקת משקה להשלמה תזונתית שוקו 400 ג' פדיאשור,אבוט מעבדות רפואיות,NL,פדיאשור,גרמים,400.00,100 גרם,false,,39.90,0.0997,true,1,59427
8710502194801,false,עוגיות שוקולד צ'יפס במרקם רך עם פירות יער,בנקטבקריי מרבה בי.וי,NL,מרבה,גרמים,225.00,100 גרם,false,,9.90,0.0440,true,1,19691
8710502279010,false,מרבה עוגיות שוקולד צ'יפס מצופות שוקולד 175 ג',"י.מרבה ישראל בע""מ",NL,עוגיות שוקולד ציפס,גרמים,225.00,100 גרם,false,,9.90,0.0440,true,1,60096
8710502285509,false,עוגיות לימון ושוקולד צ'יפס במרקם רך 175 ג' מרבה,בנקטבקריי מרבה בי.וי,NL,מרבה,גרמים,175.00,100 גרם,false,,9.90,0.0566,true,1,62812
8710502405204,false,מרבה עוגיות שוקוציפס ממולא קרם שוקולד 175ג',קריניציה ויטמינה אס,NL,מרבה,גרמים,225.00,100 גרם,false,,9.90,0.0440,true,1,19693
8710502470028,false,עוגיות שוקולד צ'יפס ממולאות בקרם נוגט,קריניציה ויטמינה אס,NL,מרבה,גרמים,160.00,100 גרם,false,,9.90,0.0619,true,1,19695
8710552274614,false,שמפו קצף לנ.שטיחים וניש קליה גולד 600 מל,קליה וניש Kalia Vanish,IT,וניש,מיליליטרים,600.00,"100 מ""ל",false,,24.90,0.0415,true,1,36017
8710800961310,false,סוכריות מנטוס תות מארז 37.5X4ג',פרפטי ואן מלה ברדה,NL,מנטוס,גרמים,160.00,100 גרם,false,,10.90,0.0681,true,1,12743
8711000362570,false,קפסולות אספרסו פורזה עוצמה 9,גיקובס דאו אגברטס צר,FR,L'OR,גרמים,52.00,100 גרם,false,,16.90,0.3250,true,1,51000
8711000362631,false,קפסולות אספרסו אוניקס עוצמה 12,גיקובס דאו אגברטס צר,FR,L'OR,גרמים,52.00,100 גרם,false,,16.90,0.3250,true,1,51002
8711000362747,false,קפסולות אספרסו ריסטרטו 10* 52 ג' LOR,גיקובס דאו אגברטס צר,FR,L'OR,גרמים,52.00,100 גרם,false,,16.90,0.3250,true,1,51003
8711000371176,false,קפסולות קפה אספרסו קלאסיקו 10*52 ג' ג'ייקובס,קריניציה ויטמינה אס,FR,גייקובס,גרמים,52.00,100 גרם,false,,14.90,0.2865,true,1,51004
8711000371183,false,קפסולות קפה אספרסו אינטנסו 10*52 ג' ג'ייקובס,קריניציה ויטמינה אס,FR,גייקובס,גרמים,52.00,100 גרם,false,,14.90,0.2865,true,1,51005
8711000371206,false,קפסולות קפה אספרסו ריסטרטו 10*52 ג' ג'ייקובס,קריניציה ויטמינה אס,FR,גייקובס,גרמים,52.00,100 גרם,false,,14.90,0.2865,true,1,51006
8711000397466,false,קפסולות אספרסו נטול קפאין עוצמה 9,קריניציה ויטמינה אס,FR,L'OR,גרמים,52.00,100 גרם,false,,16.90,0.3250,true,1,51007
8711000431108,false,לור קפסולות קפה אספרסו הודו 52 גר,"ג'ייקובס דאו אגרבטס,",FR,L'OR,גרמים,52.00,100 גרם,false,,16.90,0.3250,true,1,53552
8711528211145,false,גבינה גאודה גלגל הנר,מולינו ניקולי s.p.a,NL,הנרי וילך,קילוגרמים,1.00,"ק""ג",true,,95.00,95.0000,true,1,13640
8712000051099,false,"שישיית בירה היינקן 0.0% אלכוהול 330 מ""ל",פארייפאבה אגרואינדוס,NL,*מבצע* הייניקן שישיי,מיליליטרים,1980.00,"100 מ""ל",false,,29.90,0.0151,true,1,52760
8712400802499,false,תרכובת מזון המשך לפעוטות על בסיס חלב שלב 1,נוטרישיה קאלק ב. ו.,NL,נוטרישה-נוטרילון,גרמים,800.00,100 גרם,false,,59.90,0.0749,true,1,21934
8712400802512,false,תרכובת מזון המשך לפעוטות על בסיס חלב שלב 2,נוטרישיה קאלק ב. ו.,NL,נוטרישה-נוטרילון,גרמים,800.00,100 גרם,false,,59.90,0.0749,true,1,21935
8712400802536,false,תרכובת מזון המשך לפעוטות על בסיס חלב שלב 3,נוטרישיה קאלק ב. ו.,NL,נוטרישה-נוטרילון,גרמים,800.00,100 גרם,false,,59.90,0.0749,true,1,21936
8714599412336,false,קפה נמס בריסטה אמריקנו קלוי וטחון 160 ג' ג'ייקובס,ג'ייקובס דאו אגברטס,RU,ג'ייקובס בריסטה אמרי,גרמים,160.00,100 גרם,false,,26.90,0.1681,true,1,62768
8714599512159,false,קפה נמס ג'ייקובס 190 גר',"אל.אל.סי ""גייקובס דא",RU,גייקובס 190 גרם,גרמים,190.00,100 גרם,false,,23.90,0.1258,true,1,50109
8714599513781,false,קפה נמס גולד מיובש בהקפאה 200 ג' ג'ייקובס,אל.אל. סי ג''יקובס ד,RU,ג'ייקובס,גרמים,200.00,100 גרם,false,,24.90,0.1245,true,1,21937
8714599513835,false,קפה ג'יקובס נטול קופאין מיובש בהקפאה 200 ג',ג'ייקובס Jacobs,RU,ג'ייקובס נטול קפאין,גרמים,200.00,100 גרם,false,,32.90,0.1645,true,1,21938
8714599513866,false,"ג'ייקובס קרוננג מיובש בהקפאה כשל""פ 200 ג'",אל.אל.סי גייקובס דאו,DE,ג'ייקובס,גרמים,200.00,100 גרם,false,,24.90,0.1245,true,1,21939
8714789177229,false,מברשת שיניים אקסטרה קלין מדיום - מארז רביעיה,הנסיך- מפעל לייצור ט,CN,קולגייט,יח',4.00,יח',false,,9.90,2.4750,true,1,19698
8714789218465,false,מברשת שיניים קולגייט 360 מדיום זוג,הנסיך- מפעל לייצור ט,CN,קולגייט,יח',2.00,יח',false,,26.90,13.4500,true,1,19701
8714789402932,false,נוזל לניקוי כללי ולרצפה בניחוח ורדים,הנסיך- מפעל לייצור ט,GR,אג'קס,ליטרים,1.50,ליטר,false,,9.90,6.6000,true,1,19707
8714789529561,false,קולגייט משחת שיניים סנסטיב להלבנה 111 ג',קולגייט פלמוליב,BR,קולגייט,מיליליטרים,75.00,"100 מ""ל",false,,14.90,0.1987,true,1,19711
8714789582764,false,אג'קס ספריי לניקוי חלונות ומשטחים,"ש. שסטוביץ בע""מ",GR,אג'קס,מיליליטרים,750.00,"100 מ""ל",false,,12.90,0.0172,true,1,19713
8714789831275,false,קולגייט מברשת שיניים 360 אופטיק וואיט זוג,קולגייט פלמוליב,CN,קולגייט,יח',2.00,יח',false,,26.90,13.4500,true,1,19727
8714789930848,false,"משחת שיניים אופטיק וויט אינסטנט 75 מ""ל קולגייט",הנסיך- מפעל לייצור ט,PL,קולגייט,מיליליטרים,75.00,"100 מ""ל",false,,14.90,0.1987,true,1,19732
8715700115641,false,ממרח מיונז לחיץ לייט במרקם קרמי 420 ג' היינץ,ה.י. היינץ,NL,היינץ,גרמים,420.00,100 גרם,false,,14.90,0.0355,true,1,27406
8715700422473,false,ממרח מיונז ללא חומרים משמרים 395 ג' היינץ,ה.י. היינץ,NL,היינץ,גרמים,395.00,100 גרם,false,,14.90,0.0377,true,1,21950
8717163947692,false,"אקס ג'ל רחצה לגבר פרש ברגמוט ופינק פפר 400 מ""ל","יוניליוור גרמניה, רח",DE,AXE,מיליליטרים,400.00,"100 מ""ל",false,,13.90,0.0348,true,1,56112
8717677336616,false,טוניס שוקולד מריר+שקדים ומלח 180 גרם רבנות - נוכרי,טוניס/שוקולונלי,NL,טבלאות שוקולד מריר ע,גרמים,180.00,100 גרם,false,,17.90,0.0994,true,1,64516
8717677336630,false,שוקולד חלב עם שקדים ודבש 180 גרם טוניס,טוניס/שוקולונלי,NL,טבלאות שוקולד חלב עם,גרמים,180.00,100 גרם,false,,17.90,0.0994,true,1,64517
8717677336654,false,טוניס - שוקולד חלב מעולה עם שברי קרמל מלוח,טוניס/שוקולונלי,NL,שוקולד חלב עם שברי ק,גרמים,180.00,100 גרם,false,,17.90,0.0994,true,1,68245
8717677336661,false,טוניס שוקולד מריר מעולה 70% 180 גרם רבנות - נוכרי,טוניס/שוקולונלי,NL,טבלאות שוקולד מריר 7,גרמים,180.00,100 גרם,false,,17.90,0.0994,true,1,64518
8717677338436,false,טוניס שוקולד חלב+אגוזי לוז 180 גרם רבנות - נוכרי,טוניס/שוקולונלי,NL,טבלאות שוקולד חלב עם,גרמים,180.00,100 גרם,false,,17.90,0.0994,true,1,64519
8718114724485,false,מיונז לחיץ הלמנס 705,יוניליוור,GB,"מיונז הלמנס 750 מ""ל",מיליליטרים,750.00,"100 מ""ל",false,,17.90,0.0239,true,1,71192
8718114734484,false,מיונז מיילי 320 גרם,בונגראן,FR,בונגראן,גרמים,320.00,100 גרם,false,,11.90,0.0372,true,1,13645
8718692610835,false,שלישית בקבוקי סודה סטרים פיוז 1 ליטר,סודה סטרים,IL,סודה סטרים,יח',3.00,יח',false,,49.00,16.3333,true,1,13968
8718951030206,false,"קולגייט סנסיטיב מולטי פרוטקשן משחת שיניים 75 מ""ל",קולגייט-פלמוליב,PL,קולגייט,מיליליטרים,75.00,"100 מ""ל",false,,17.90,0.2387,true,1,56618
8718951044913,false,מרידול משחת שיניים הלבנה 75 מל,קולגייט פלמוליב,PL,מרידול,מיליליטרים,75.00,"100 מ""ל",false,,21.90,0.2920,true,1,19741
8718951079205,false,"קולגייט סנסיטיב פרו רליף רפיר פריוונט 75 מ""ל",קולגייט Colgate,BR,קולגייט,מיליליטרים,75.00,"100 מ""ל",false,,14.90,0.1987,true,1,19744
8718951093331,false,מרידול מברשת שיניים אקסטרה סופט זוג,קולגייט פלמוליב,,מברשת שיניים מרידול זוג,יח',2.00,יח',false,,34.90,17.4500,true,1,19745
8718951159808,false,מברשות שיניים 360 מדיום- מארז שלישייה,קולגייט פלמוליב,CN,קולגייט,יח',3.00,יח',false,,24.90,8.3000,true,1,27718
8718951160897,false,ספריי אקונומיקה עוצמת ה7 טריגר אגקס 500מ,קולגייט פלמוליב,GR,אג'קס,מיליליטרים,500.00,"100 מ""ל",false,,9.90,0.0198,true,1,27353
8718951166288,false,"משחת שיניים קולגייט מקס וייט 125 מ""ל",הנסיך- מפעל לייצור ט,PL,קולגייט,מיליליטרים,125.00,"100 מ""ל",false,,17.90,0.1432,true,1,50203
8718951166561,false,משחת שיניים לרעננות מוגברת max fresh cooling crystals,הנסיך- מפעל לייצור ט,PL,קולגייט,מיליליטרים,125.00,"100 מ""ל",false,,17.90,0.1432,true,1,50204
8718951167094,false,נוזל כלים פלמוליב צילינדר תפוז וליים 1 ל,יבואן ומשווק: ש. שסט,GR,פלמוליב כלים,ליטרים,1.00,ליטר,false,,9.90,9.9000,true,1,29502
8718951176874,false,"קולגייט מי פה מיניון 250 מ""ל",קולגייט-פלמוליב,PL,מי פה קולגייט מיניון,מיליליטרים,250.00,"100 מ""ל",false,,14.90,0.0596,true,1,62553
8718951236790,false,"קולגייט טוטאל משחת שיניים קלין מינט לפה בריא 100 מ""ל",קולגייט Colgate,PL,קולגייט,מיליליטרים,100.00,"100 מ""ל",false,,16.90,0.1690,true,1,50837
8718951236806,false,"קולגייט טוטאל הלבנה להסרת כתמים מהשן 100 מ""ל",קולגייט Colgate,PL,קולגייט,מיליליטרים,100.00,"100 מ""ל",false,,16.90,0.1690,true,1,50838
8718951236813,false,"קולגייט טוטאל משחת שיניים ניקוי מתקדם לפה בריא יותר 100 מ""ל",קולגייט Colgate,PL,קולגייט,מיליליטרים,100.00,"100 מ""ל",false,,16.90,0.1690,true,1,50839
8718951259409,false,פלמוליב תחליב רחצה נטורס לעור עדין,קולגייט פלמוליב,TR,פלמוליב תחליב רחצה נ,מיליליטרים,750.00,"100 מ""ל",false,,19.90,0.0265,true,1,70100
8718951264618,false,"קולגייט אופטיק וייט פחם צ'רקול משחת שיניים, 75 מ""ל",קולגייט-פלמוליב,PL,קולגייט,מיליליטרים,75.00,"100 מ""ל",false,,29.90,0.3987,true,1,56619
8718951289833,false,פלמוליב סבון מוצק לומינוס 4*90 ג',קולגייט פלמוליב,TR,פלמוליב סבון,גרמים,400.00,100 גרם,false,,16.90,0.0422,true,1,55310
8718951290150,false,מי פה לחניכיים Gum Invigorate רעננות וטיהור החניכיים קולגייט 360ג',קולגייט,PL,מי פה קולגייט גאם לח,מיליליטרים,500.00,"100 מ""ל",false,,24.90,0.0498,true,1,70788
8718951313927,false,"פלמוליב סבון ידיים חימר ואקליפטוס 300 מ""ל",פלמוליב Palmolive,TR,פלמוליב,מיליליטרים,300.00,"100 מ""ל",false,,10.90,0.0363,true,1,58838
8718951315303,false,משחת שיניים קולגייט הגנה מקסימלית - מארז זוג,קולגייט-פלמוליב,PL,קולגייט,מיליליטרים,200.00,"100 מ""ל",false,,16.90,0.0845,true,1,58335
8718951320093,false,זוג מברשות 360 אדוונס וויט שיניים קולגייט,קולגייט-פלמוליב,CN,קולגייט,יח,2.00,יח,false,,34.90,17.4500,true,1,58336
8718951350137,false,פלמוליב ת.רחצה נטורלס מקדמיה וקקאו,CP - Turkey+60,TR,פלמוליב תחליב רחצה נ,מיליליטרים,750.00,"100 מ""ל",false,,19.90,0.0265,true,1,70101
8718951366015,false,"קולגייט - משחת שיניים אופטיק וויט אקס קומפ 75 מ""ל",cp,PL,משחת שיניים להלבנה מ,מיליליטרים,75.00,"100 מ""ל",false,,49.90,0.6653,true,1,70105
8718951377998,false,מברשת שיניים סופט פואם סיבים רכים,קולגייט פלמוליב,CN,קןלגייט,יח',2.00,יח',false,,29.90,14.9500,true,1,59892
8718951381292,false,"משחת שיניים מקס דיטוקס פואם קולגייט 125 מ""ל",קולגייט Colgate,PL,קולגייט,מיליליטרים,125.00,"100 מ""ל",false,,17.90,0.1432,true,1,60098
8718951382787,false,"משחת שיניים אופטיק וויט חימר ומינרלים 75 מ""ל קולגייט",קולגייט Colgate,PL,קולגייט,מיליליטרים,75.00,"100 מ""ל",false,,24.90,0.3320,true,1,64212
8718951385290,false,אגקס ניקוי כללי עוצמת ה7 כחול 2 ליטר,קולגייט פלמוליב,GR,אג'קס,ליטרים,2.00,ליטר,false,,19.90,9.9500,true,1,60857
8718951391253,false,נוזל אנטיבקטריאלי לניקוי כללי ורצפות,Colgate - Greece,GR,אג'קס,ליטרים,1.50,ליטר,false,,9.90,6.6000,true,1,61444
8718951400474,false,"תחליב רחצה קמליה ושקדים ללא משאבה750 מ""ל פלמולי",CP - Turkey+60,TR,פלמוליב תחליב רחצה ק,מיליליטרים,750.00,"100 מ""ל",false,,19.90,0.0265,true,1,67475
8718951400597,false,"תחליב רחצה קוקוס וחלב ללא משאבה750 מ""ל פלמוליב",פלמוליב Palmolive,TR,פלמוליב תחליב רחצה ק,מיליליטרים,750.00,"100 מ""ל",false,,19.90,0.0265,true,1,67476
8718951409798,false,זוג מברשות שיניים מקס וויט פחם קולגייט,הנסיך- מפעל לייצור ט,CN,קולגייט מברשת מקס וו,יח',2.00,יח',false,,24.90,12.4500,true,1,61878
8718951433120,false,"קולגייט טוטאל משחת שיניים לילדים 50 מ""ל",קולגייט פלמוליב,PL,*מבצע* קולגייט טוטאל,מיליליטרים,50.00,"100 מ""ל",false,,12.90,0.2580,true,1,68119
8718951466371,false,"משחת שיניים מרידול 75 מ""ל",GABA LOER GER,DE,מרידול,גרמים,75.00,100 גרם,false,,19.90,0.2653,true,1,68462
8718951509627,false,"משחת שיניים אופטיק וויט לאוהבי קפה 75 מ""ל קולגייט",קולגייט פלמוליב,PL,קולגייט,מיליליטרים,75.00,"100 מ""ל",false,,29.90,0.3987,true,1,65324
8719128110325,false,"סירופ סודה סטרים לימונדה 500 מ""ל",סודה סטרים,IL,*מבצע* סירופ לימונדה,מיליליטרים,500.00,"100 מ""ל",false,,19.90,0.0398,true,1,30438
8719128117232,false,"סירופ פפסי 440 מ""ל סודהסטרים",סודה סטרים,IL,*מבצע* סירופ פפסי 44,מיליליטרים,440.00,"100 מ""ל",false,,19.90,0.0452,true,1,61419
8719200997998,false,מרגרינה למריחה בישול וטיגון 200 ג' בלו בנד,אתר חיפה מרגרינה - F,IL,BLUE BAND,גרמים,200.00,100 גרם,false,,4.50,0.0225,true,1,55048
8719200998001,false,מרגרינה לאפיה ובישול בלי מלח 200 ג' בלו בנד,מיוצר עי קונדיטוריית,IL,BLUE BAND,גרמים,200.00,100 גרם,false,,4.50,0.0225,true,1,55049
8719200998018,false,מחמאה מרגרינה בטעם חמאה 200 ג' בלו בנד,פארייפאבה אגרואינדוס,IL,BLUE BAND,גרמים,200.00,100 גרם,false,,4.60,0.0230,true,1,55050
8719200998032,false,מזולה גלורי טעם חמאה 250ג',פארייפאבה אגרואינדוס,IL,MAZOLA,גרמים,250.00,100 גרם,false,,9.90,0.0396,true,1,55036
8719200998094,false,מרגרינה מזולה בטעם טבעי ללא תוספת מלח,"מיוצר ע""י יוניליוור",IL,MAZOLA,גרמים,200.00,100 גרם,false,,6.50,0.0325,true,1,55032
8719200998100,false,מרגרינה בטעם חמאה לאפייה 200 ג' מזולה,פארייפאבה אגרואינדוס,IL,MAZOLA,גרמים,200.00,100 גרם,false,,6.50,0.0325,true,1,55033
8720181046612,false,"דאב - דאודורנט רול און לאישה אורגינל 50 מ""ל",יוניליוור HPC,PH,DOVE,מיליליטרים,50.00,"100 מ""ל",false,,14.90,0.2980,true,1,61502
8720181114496,false,"אקס - דאודורנט ספריי לגבר שוקולד 150 מ""ל",יוניליוור,GB,דאו אקס ספריי חום,מיליליטרים,150.00,"100 מ""ל",false,,9.90,0.0660,true,1,66572
8720181123955,false,"אקס - ג'ל רחצה ריצארג קריד 400 מ""ל",יוניליוור גרמניה (בו,DE,AXE,מיליליטרים,400.00,"100 מ""ל",false,,13.90,0.0348,true,1,63643
8723400756552,false,מארז סוכריות מנטוס Mentos ריינבואו,פרפטי ואן מלה ברדה,NL,מנטוס,גרמים,160.00,100 גרם,false,,10.90,0.0681,true,1,12744
8723400793922,false,מנטוס גליל בטעם דובדבן אריזת רביעיה 150 ג',פרפטי ואן מלה ברדה,NL,מנטוס,גרמים,150.00,100 גרם,false,,10.90,0.0727,true,1,61656
8801055707966,false,קפה טייסטר צו'יס נס קפה בריסטה 180ג',נסטלה קוריאה - קפה,IL,TASTER'S CHOICE,גרמים,180.00,100 גרם,false,,29.90,0.1661,true,1,5294
8809168840471,false,חטיף אצות מיובשות מז,ג'י וואן גלובול נאט,KR,חטיף אצות מיובשות,יח',9.00,יח',false,,24.90,2.7667,true,1,60976
8850180040028,false,קמח טמפורה להכנת בלי,קרנחם אוטאי פחרה,TH,gogi,גרמים,500.00,100 גרם,false,,10.90,0.0218,true,1,25623
8850206250592,false,רוטב צ'ילי סריראצ'ה 540 גרם (מזרח ומערב),יאן וואל יון קו.לטד,TH,רוטב צ'ילי סיראצ'ה 5,גרמים,530.00,100 גרם,false,,19.90,0.0375,true,1,28790
8850367990443,false,"רוטב לסלט בסגנון אסייאתי 285 מ""ל TCC",theppadungporn cocon,TH,MAE POLY,מיליליטרים,285.00,"100 מ""ל",false,,12.90,0.0453,true,1,25624
8850367992164,false,קרם קוקוס 250 מל 20-22% ללא חומר משמר,טאפ פאד ונגפורן,TH,chaokkou,מיליליטרים,250.00,"100 מ""ל",false,,7.90,0.0316,true,1,25626
8850367992171,false,קרם קוקוס 1 ליטר 20-22% ללא חומר משמר,טאפאדונגפורן קוקינט,TH,chaokkou,מיליליטרים,1000.00,"100 מ""ל",false,,24.90,0.0249,true,1,25627
8850367994021,false,"רוטב צילי מתוק ללא סוכר לל""ג 280 מ""ל",יאן ונזל יון,TH,רוטב צילי מתוק ללא ס,מיליליטרים,280.00,"100 מ""ל",false,,10.90,0.0389,true,1,53804
8850367994786,false,מחית קארי אדומה 50 גרם,טאפאדונגפורן קוקינט,TH,מחית קארי אדומה 50 ג,גרמים,50.00,100 גרם,false,,5.90,0.1180,true,1,62064
8850389103111,false,"משקה קל סאפה בטעם ענבים 300 מ""ל",סאפה פובליק קומפני ל,TH,משקה סאפה ענבים 300,מיליליטרים,300.00,"100 מ""ל",false,,6.90,0.0230,true,1,11667
8850389103128,false,"משקה קל סאפה בטעם תפוח 300 מ""ל",סאפה פובליק קומפני ל,TH,משקה סאפה תפוח 300 מ,מיליליטרים,300.00,"100 מ""ל",false,,6.90,0.0230,true,1,11668
8850389104637,false,"משקה קל סאפה אלוורה אפרסק 300 מ""ל",סאפה פובליק קומפני ל,TH,משקה סאפה אפרסק 300,מיליליטרים,300.00,"100 מ""ל",false,,6.90,0.0230,true,1,11669
8850389105825,false,סאפה אלוורה ענבים 1 ליטר,סאפה פובליק קומפני ל,TH,סאפה,ליטרים,1.00,ליטר,false,,12.70,12.7000,true,1,11670
8850389105832,false,סאפה אלוורה תפוחים 1 ליטר,סאפה פובליק קומפני ל,TH,סאפה,ליטרים,1.00,ליטר,false,,12.70,12.7000,true,1,11671
8850389105849,false,סאפה אלוורה אפרסק 1 ליטר,סאפה פובליק קומפני ל,TH,סאפה,ליטרים,1.00,ליטר,false,,12.70,12.7000,true,1,11672
8850389115336,false,סאפה מלון בקבוק תריסר 1ל',סאפה פובליק קומפני ל,TH,סאפה,ליטרים,1.00,ליטר,false,,12.70,12.7000,true,1,30922
8850632604259,false,חיספוסים ממתק בטעם תות שדה בצורת מקלות,ג'נרל קנדי בעמ,TH,יוגטה,יח',24.00,יח',false,,3.90,0.1625,true,1,12750
8850632604372,false,יוגטה מקלות חמוצות שטיח - תות שדה 50 גרם,ג'נרל קנדי בעמ,TH,יוגטה,יח',24.00,יח',false,,3.90,0.1625,true,1,12752
8850632604402,false,יוגטה מקלות חמוצות שטיח בטעם מעורב24 יח',"ג'נרל קנדי בע""מ",TH,יוגטה,יח',24.00,יח',false,,3.90,0.1625,true,1,12753
8850632605201,false,חיספוסים ממתק בטעמי פירות בצורת שטיח,הדקלאים אגודת שיתופי,TR,יוגטה,יח',24.00,יח',false,,3.90,0.1625,true,1,12754
8851613101378,false,"נוזל קוקוס ארוי די 250 מ""ל",כלורוקס אוקלנד,TH,רנדי,מיליליטרים,250.00,"100 מ""ל",false,,9.90,0.0396,true,1,7629
8851613101385,false,"חלב קוקוס ארוי-די קרטון 500מ""ל",תאי אגרי פוד פובליק,TH,רנדי,מיליליטרים,500.00,"100 מ""ל",false,,12.90,0.0258,true,1,7630
8857101301008,false,"רוטב צילי מתוק 700 מ""ל",פאן אינטר,TH,וילי פוד,מיליליטרים,700.00,"100 מ""ל",false,,9.90,0.0141,true,1,10887
8858271002870,false,"רוטב פאד תאי 250 מ""ל מקסצאפ","ייאן וואל יון בע""מ",TH,maxchup,מיליליטרים,250.00,"100 מ""ל",false,,10.90,0.0436,true,1,25637
8858271002887,false,רוטב טריאקי 250 מ'ל - מקסצ'אפ,דאנינג יוה פודס קו,TH,מזרח ומערב,מיליליטרים,250.00,"100 מ""ל",false,,9.90,0.0396,true,1,25638
8858271003020,false,רוטב סויה פורמולה 1 - 700 מ'ל מקסצ'אפ,יאן ונזל יון,TH,רוטב סויה פורמולה 1,מיליליטרים,700.00,"100 מ""ל",false,,15.90,0.0227,true,1,55466
8858271003075,false,רוטב סויה מתוקה 700 גרם מקסצאפ,דאנינג יוה פודס קו,TH,maxchup,מיליליטרים,700.00,"100 מ""ל",false,,16.90,0.0241,true,1,25640
8858271003136,false,"רוטב פטריות צמחוני 250 מ""ל מקסצאפ",yan wal yun corpara,TH,MAXCHUP,מיליליטרים,250.00,"100 מ""ל",false,,10.90,0.0436,true,1,25641
8858271003938,false,"רוטב קארי ירוק 250 מ""ל מקסצאפ","ייאן וואל יון בע""מ",TH,maxchup,מיליליטרים,250.00,"100 מ""ל",false,,10.90,0.0436,true,1,25643
8858271004126,false,רוטב חמוץ מתוק 700 גרם מקסצאפ,יאן ונזל יון,TH,maxchup,מיליליטרים,700.00,"100 מ""ל",false,,15.90,0.0227,true,1,25645
8858271004300,false,רוטב טריאקי מקסצאפ 700 מל,דאנינג יוה פודס קו,TH,maxchup,מיליליטרים,700.00,"100 מ""ל",false,,19.90,0.0284,true,1,25646
8858271005451,false,רוטב סויה פורמולה 1 - 250 מל מקסצאפ,yan wal yun corpara,TH,רוטב סויה מנה 500מל,מיליליטרים,250.00,"100 מ""ל",false,,10.90,0.0436,true,1,31688
8888021200256,false,סוללות אנרג'יזר MAX AA שמינייה,יצרן: אנרג'ייזר סינג,SG,אנרג'ייזר,יח',8.00,יח',false,,24.90,3.1125,true,1,8647
8888021200720,false,סוללות אנרג'יזר MAX AAA שמינייה,יצרן: אנרג'ייזר סינג,SG,אנרג'ייזר,יח',8.00,יח',false,,24.90,3.1125,true,1,8648
8888757103005,false,"שמן שומשום 300 מ""ל",אוך אייק גואן פוד אי,SG,רנדי,מיליליטרים,300.00,"100 מ""ל",false,,19.90,0.0663,true,1,7631
8901138825591,false,"משחת שיניים הימלאיה מלבינה 75 מ""ל",הימלאיה Himalaya,IN,הימלאיה,מיליליטרים,75.00,"100 מ""ל",false,,14.90,0.1987,true,1,16477
8901537024014,false,"אורז בסמטי מובחר 1 ק""ג - דוואט) יורה דיעה",הנסיך- מפעל לייצור ט,IN,DAAWAT,קילוגרמים,1.00,"ק""ג",false,,11.90,11.9000,true,1,10888
8901571011018,false,סנסודיין שלישייה מב.שיניים סנסטיב סופט,הנקל,DE,מברשת שיניים סנסודיי,יח',3.00,יח',false,,15.90,5.3000,true,1,65422
8938535541366,false,"דפי אורז צבעוניים לל""ג 22 ס""מ 400 גרם",CHANH KHANG COMPANY,VN,דפי אורז צבעוניים לל,גרמים,400.00,100 גרם,false,,14.90,0.0373,true,1,61017
9000100760591,false,"פה - דאודורנט רול און לגבר אינוויזיבל פאוואר 50 מ""ל",שוורצקופף והנקל,DE,פה,מיליליטרים,50.00,"100 מ""ל",false,,9.90,0.1980,true,1,30716
9000101375268,false,ברף דלקס שלישייה ניחוח יסמין,הנקל,RS,ברף דלקס סבון אסלה ב,גרמים,193.00,100 גרם,false,,19.90,0.1031,true,1,69296
9000101375299,false,ברף דלקס שלישייה ניחוח מגנוליה,הנקל,RS,ברף דלקס סבון אסלה ב,גרמים,193.00,100 גרם,false,,19.90,0.1031,true,1,69297
9000101418163,false,"סבון אסלה בניחוח מתחלף תפוח ירוק נופר, 3 יחידות",ברף Bref,RS,ברף בניחוח מתחלף תפו,גרמים,193.00,100 גרם,false,,19.90,0.1031,true,1,64867
9000101509151,false,ברף - סבון אסלה ג'ל אוקיינוס הקרח הצפוני שלשות,הנקל,RS,ברף בריליאנט ג'ל סבו,גרמים,126.00,100 גרם,false,,19.90,0.1579,true,1,69084
9000101537550,false,פרסיל קאפסולות לכביסה לבנה וצבעונית 52 יח',הנקל סוד,IL,פרסיל פאוור קאפס קפס,יח',52.00,יח',false,,59.90,1.1519,true,1,67271
9000101548211,false,לוכד צבעים 40 יחידות,הנקל סוד,IE,דפים למכונת כביסה 40,יח',40.00,יח',false,,29.90,0.7475,true,1,70679
9000101548419,false,קולור קאצ`ר דפים למכונת לכביסה מחדש צבע לבן 18 יח',הנקל סוד,IE,*מבצע* דפים למכונה מ,יח',18.00,יח',false,,14.90,0.8278,true,1,69540
9000133236735,false,גבינה מיני בול,"רופ בע""מ",AT,מכבי,גרמים,100.00,100 גרם,false,,22.90,0.2290,true,1,20489
9000133251752,false,גבינה למריחה,,,גבינה למריחה טעם,גרמים,140.00,100 גרם,false,,16.90,0.1207,true,1,20491
9001395807015,false,בננית 300 גרם,האווזווירט,AT,חטיף בננה מצופה,גרמים,300.00,100 גרם,false,,9.90,0.0330,true,1,19855
9001616202186,false,"בקבוק לתינוק 330 מ""ל 4+ חודשים Easy Active",טרופיקל דגיל תעשיות,AU,מאמ,יח',1.00,יח',false,,39.90,39.9000,true,1,26320
9001616203626,false,פטמה מס' 3 זרימה מהירה,מאמ,AT,מאמ,יח',1.00,יח',false,,24.90,24.9000,true,1,26328
9001616702693,false,זוג מוצצי סיליקון בעלי חיים 0-6 ורוד,מאמ,AT,מאמ,יח',2.00,יח',false,,39.90,19.9500,true,1,49798
9002975393812,false,סוכריות גילי הריבו האפי צירי 70 גרם,,AT,סוכריות הריבו האפי צ,גרמים,70.00,100 גרם,false,,6.90,0.0986,true,1,65326
9003402660088,false,"בירה שטיגל גולדבראו 500 מ""ל פחית",שטיגל Stiegl,AT,שטיגל,מיליליטרים,500.00,"100 מ""ל",false,,8.90,0.0178,true,1,52903
9008700128575,false,נקטר פסיפלורה 1 ל' RAUCH,ראוך Rauch,HU,*מבצע* נקטר פסיפלורה,ליטרים,1.00,ליטר,false,,9.90,9.9000,true,1,51293
9008700148146,false,נקטר ליצי 1 ליטר ראוך,ראוך,HU,*מבצע* נקטר ליצ'י 1,ליטרים,1.00,ליטר,false,,9.90,9.9000,true,1,51294
9008700155458,false,נקטר גויאבה 1 ליטר ראוך,,,*מבצע* נקטר גויאבה 1,ליטרים,1.00,ליטר,false,,9.90,9.9000,true,1,51295
9044400851672,false,סוכריות פז סוגים שונים + 3 מילויים,פז פרודקשיין יורו,HU,סוכריות פז,גרמים,25.50,100 גרם,false,,10.90,0.4275,true,1,68591
9120097310545,false,חטיף מיני מיניונים מצונן 102.5 ג' CHOCO BITE,בובארד,IT,חטיף מיני מיניונים מ,גרמים,102.50,100 גרם,false,,14.90,0.1454,true,1,70654
9310072028750,false,טים טם Tim Tam וופל שוקולד ציפוי כפול,"ארנוטס ביסקוויטס בע""",AU,טים טם,גרמים,200.00,100 גרם,false,,15.90,0.0795,true,1,3762
9322969000046,false,פריכיות תירס שומשום אורגני ריל פודס 150 ג',אף.סי תבליני בגליל ב,AU,פריכיות תירס עם שומש,גרמים,150.00,100 גרם,false,,11.90,0.0793,true,1,51030
9324054906394,false,כלורוקס - מגבוני אקספרט פלופאק 30 יח',CLOROX,US,מגבוני כלורוקס אקספר,גרמים,184.00,100 גרם,false,,10.90,0.0592,true,1,63427
9720188050109,false,טופוטי ממרח טופו בטעם גבינה 227 ג`,טופוטי ברנדס אינק.ג',IL,משק צוריאל,גרמים,225.00,100 גרם,false,,19.90,0.0884,true,1,15694
9720188060108,false,טופוטי ממרח על בסיס סויה בסגנון שמנת 340ג',טופוטי ברנדס אינק.ג',IL,משק צוריאל,גרמים,340.00,100 גרם,false,,19.90,0.0585,true,1,15695
9771565025005,false,עיתון מעריב שישי,,,עיתון מעריב שישי,יח',1.00,יח',false,,6.00,6.0000,true,1,27807
