code,internal_code,name,manufacturer_name,manufacture_country,manufacturer_item_description,unit_qty,quantity,unit_of_measure,weighted,qty_in_package,price,unit_of_measure_price,allow_discount,status,item_id
40052403,false,חטיף קיט קאט אצבעות41ג,נסטלה,DE,חטיף קיט קאט,גרמים,41.00,100 גרם,false,1,3.80,9.27,true,1,
40084107,false,ביצת קינדר הפתעה 20 גרם,פררו אס.פי.אי,IT,ביצת הפתעה,גרמים,20.00,100 גרם,false,1,5.60,28.00,true,1,
40111216,false,חטיף באונטי 57 גרם,מרס הולנד בי.וי.,NL,חטיף באונטי,גרמים,57.00,100 גרם,false,0,3.90,6.84,true,1,
40144061,false,חטיף וופל קנופרס 25 גרם,שטורק,DE,חטיף וופל,גרמים,25.00,100 גרם,false,1,3.00,12.00,true,1,
42138105,false,וינסטון סופר סלמס כחול ח,jti,CH,וינסטון סופר סלי,יחידה,1.00,יחידה,false,0,34.50,34.50,false,1,
42138129,false,וינסטון סופר סלמס מנטל ח,jti,CH,וינסטון ס.ס מנטו,יחידה,1.00,יחידה,false,0,34.50,34.50,false,1,
42188889,false,מסטיק פייב אבטיח סטיקס40,ריגלי צרפת,FR,מסטיק 5 אבטיח,גרמים,40.00,100 גרם,false,0,6.30,15.75,true,1,
52070082,false,פאלמאל סופר סלמס ויולט ח,BAT,CH,פאל מאל סופר,יחידה,1.00,יחידה,false,1,31.50,31.50,false,1,
59039549,false,ווג מנטה חפיסה,bat,PL,ווג מנטה,יחידה,1.00,יחידה,false,0,39.00,39.00,false,1,
59068907,false,פאלמאל כחול דמי סלימס חפ,BAT,PL,פאל מאל כחול דמי,יחידה,1.00,יחידה,false,1,27.00,27.00,false,1,
59068914,false,פאלמאל סילבר דמי סלימס ח,BAT,PL,פאלמאל סילבר דמי,יחידה,1.00,יחידה,false,1,27.00,27.00,false,1,
59079798,false,דאו רול און שאוור פרש50מ,"יוניליוור אנגליה, דרך קו",GB,דאו.רקסונה,מיליליטרים,50.00,"100 מ""ל",false,1,15.30,30.60,true,1,
59085645,false,דאו.דאב רול און אסאי 50,"יוניליוור אנגליה, דרך קו",GB,דאודורנט דאב,מיליליטרים,50.00,"100 מ""ל",false,1,13.50,27.00,true,1,
59455233,false,ווג כחול חפיסה,bat,PL,ווג כחול,יחידה,1.00,יחידה,false,0,39.00,39.00,false,1,
72940754,false,"מילקי בטעם וניל 170 מ""ל","שטראוס גרופ בע""\מ",IL,מילקי טעם וניל,מיליליטרים,170.00,"100 מ""ל",false,0,2.40,1.41,true,1,
72940761,false,"מילקי בטעם שוקולד 170מ""ל","שטראוס גרופ בע""\מ",IL,מילקי טעם שוקולד,מיליליטרים,170.00,"100 מ""ל",false,0,2.40,1.41,true,1,
72940952,false,"מילקי אקסטרה קצפת 170מ""ל","שטראוס גרופ בע""\מ",IL,מילקי אקסטרה,מיליליטרים,170.00,"100 מ""ל",false,0,3.40,2.00,true,1,
72941041,false,מיני מילקי ט.שוקולד90מל,"שטראוס גרופ בע""\מ",IL,מיני מילקי,מיליליטרים,90.00,"100 מ""ל",false,0,1.70,1.89,true,1,
72945308,false,קוביות שמרים לחים אפיה50,"פאקא תעשיות בע""\מ",IL,קוביות שמרים,גרמים,50.00,100 גרם,false,0,3.40,6.80,true,1,
72961506,false,פרילי תות 1.5% 125 גרם,מחלבת אלון תבור,IL,פרילי תות,גרמים,125.00,100 גרם,false,0,3.10,2.48,true,1,
72986370,false,"גל.וניל צרפתי כשל""פ",מוצרי איכות אמריקאיים,IL,גלידה בן & ג'ריס,מיליליטרים,500.00,"100 מ""ל",false,0,20.40,4.08,true,1,
72986424,false,"גל.קרם עוגיות 500 מ""ל",מוצרי איכות אמריקאיים בע,IL,גלידה בן & ג'ר,מיליליטרים,500.00,"100 מ""ל",false,0,20.40,4.08,true,1,
72986448,false,"גל.טופי קראנץ 500 מ""ל",מוצרי איכות אמריקאיים בע,IL,גלידה בן & ג'ר,מיליליטרים,500.00,"100 מ""ל",false,0,20.40,4.08,true,1,
72986455,false,גלידת שוקולד פאדג'אגוזים,מוצרי איכות אמריקאיים בע,IL,גלידה בן & ג'ר,מיליליטרים,500.00,"100 מ""ל",false,0,20.40,4.08,true,1,
72989425,false,גלידה שוקולד בראוניס 500,מוצרי איכות אמריקאיים בע,IL,גלידה בן & ג'ר,מיליליטרים,500.00,"100 מ""ל",false,0,20.40,4.08,true,1,
72991374,false,טיים רד,,IL,טיים רד,יחידה,1.00,יחידה,false,0,30.00,30.00,false,1,
72991404,false,סגריות אירופה,,IL,סגריות אירופה,יחידה,1.00,יחידה,false,0,29.00,29.00,false,1,
72991428,false,ברודווי ארוך,,IL,ברודווי ארוך,יחידה,1.00,יחידה,false,0,29.00,29.00,false,1,
72991497,false,נובלס פילטר חפיסה,"דובק בע""מ",IL,נובלס פילטר,יחידה,1.00,יחידה,false,0,29.00,29.00,false,1,
72991510,false,מונטנה פילטר חפיסה,"דובק בע""מ",IL,מונטנה פילטר,יחידה,1.00,יחידה,false,0,30.00,30.00,false,1,
72991527,false,מוסטנג רד חפיסה,"דובק בע""מ",IL,מוסטנג רד,יחידה,1.00,יחידה,false,0,25.00,25.00,false,1,
72991886,false,גלידת דולצ'ה דה לצ'ה,מוצרי איכות אמריקאיים בע,IL,גלידה בן & ג'ר,מיליליטרים,500.00,"100 מ""ל",false,0,20.40,4.08,true,1,
72993637,false,דני שוקולד 1.5% 125 גרם,"שטראוס גרופ בע""\מ",IL,דני שוקולד 1.5%,גרמים,125.00,100 גרם,false,0,2.20,1.76,true,1,
72994061,false,פסק זמן 2 גוד 36 גרם,שולן צ'\יקולטה גידה סאן.,TR,פסק זמן 2 גוד,גרמים,36.00,100 גרם,false,0,4.60,12.78,true,1,
72994306,false,רויאל אדום,,IL,רויאל אדום,יחידה,1.00,יחידה,false,0,25.00,25.00,false,1,
72994313,false,רויאל כחול,,IL,רויאל כחול,יחידה,1.00,יחידה,false,0,25.00,25.00,false,1,
76136184,false,פאלמאל סופר סלימס כחול ח,bat,CH,פאלמאל סופר סלימ,יחידה,1.00,יחידה,false,0,31.50,31.50,false,1,
80042556,false,עגבניות חתוכות דק 400גרם,,IT,עגבניות חתוכות,גרמים,400.00,100 גרם,false,0,5.80,1.45,true,1,
80042563,false,מחית עגבניות,,IT,מחית עגבניות,גרמים,700.00,100 גרם,false,0,10.90,1.56,true,1,
80050025,false,סוכריות טיק-טק תפוז16גרם,פררו,ZA,טיק טק תפוז,גרמים,16.00,100 גרם,false,0,2.90,18.13,true,1,
80050124,false,טיק טק סוכריות מנטה16גרם,פררו,ZA,סוכריות טיק טק,גרמים,16.00,100 גרם,false,0,2.90,18.13,true,1,
80050278,false,פררו רושה שלשה 38 גרם,פררו,IT,פררו רושה שלשה,גרמים,37.00,100 גרם,false,0,5.00,13.51,true,1,
80052487,false,חטיף+ציפוי קוקוס רפאלו30,פררו,PL,חטיף רפאלו,גרמים,30.00,100 גרם,false,0,4.70,15.67,true,1,
80052760,false,קינדר בואנו 2 * 21.5 גרם,פררו,PL,קינדר בואנו זוג,גרמים,43.00,100 גרם,false,0,4.10,9.53,true,1,
80052883,false,סוכ.טיק טק מנטה חזקה16גר,,ZA,סוכריות טיק טק,גרמים,16.00,100 גרם,false,1,2.90,18.13,true,1,
80176800,false,נוטלה ממרח שוקולד 750 גר,פררו,IT,ממרח נוטלה,גרמים,750.00,100 גרם,false,0,22.90,3.05,true,1,
80177173,false,ממרח נוטלה 350 גרם,פררו,IT,ממרח נוטלה,גרמים,350.00,100 גרם,false,0,13.50,3.86,true,1,
80177609,false,אצבעות שוקולד קינדר50גרם,פררו,IT,אצבעות קינדר,גרמים,50.00,100 גרם,false,0,4.20,8.40,true,1,
80177616,false,אצבעות שוקולד קינדר100גר,פררו,IT,שוקולד קינדר,גרמים,100.00,100 גרם,false,0,7.80,7.80,true,1,
80310891,false,ביצת הפתעה קינדר ג'וי20ג,פררו,ZA,ביצת הפתעה,גרמים,20.00,100 גרם,false,0,5.40,27.00,true,1,
80761761,false,קינדר בואנו לבן 19.5*2גר,פררו,PL,קינדר בואנו לבן,גרמים,39.00,100 גרם,false,0,4.10,10.51,true,1,
80769699,false,מנטוס וויט פירות מנטה60ג,פרפטי ואן מלה,TR,מנטוס וויט,גרמים,60.00,100 גרם,false,0,9.30,15.50,true,1,
80773429,false,מסטיק מנטוס בקבוק תות60ג,"פרפטי ואן מלה ג'\ידה,סאן",TR,מנטוס בקבוק,גרמים,60.00,100 גרם,false,1,9.30,15.50,true,1,
80773443,false,מסטיק  מנטה עדינה בקבוק,"פרפטי ואן מלה ג'\ידה,סאן",TR,מסטיק מנטוס,גרמים,60.00,100 גרם,false,1,9.30,15.50,true,1,
80776307,false,מסטיק פירות מנטה בקבוק90,,TR,מסטיק מנטוס,גרמים,90.00,100 גרם,false,1,15.90,17.67,true,1,
80790990,false,מסטיק פירות מנטה בקבוק,"פרפטי ואן מלה ג'\ידה,סאן",TR,מסטיק מנטוס,גרמים,60.00,100 גרם,false,1,9.30,15.50,true,1,
80831402,false,"סוכ.מנטה עדינה לל""ס21ג",פרפטי ואן מלה,NL,סוכריות מנטה,גרמים,21.00,100 גרם,false,1,5.90,28.10,true,1,
80843184,false,מסטיק פיורפרש ענבים60גר,,TR,מסטיק מנטוס,גרמים,60.00,100 גרם,false,1,9.30,15.50,true,1,
80850885,false,מנטוס וויט מנטה עדינה60ג,פרפטי ואן מלה,TR,מנטוס וויט,גרמים,60.00,100 גרם,false,0,9.30,15.50,true,1,
80854753,false,"סוכ.מנטוס מנטה לל""ס21גרם",פרפטי ואן מלה,NL,סוכריות מנטוס,גרמים,21.00,100 גרם,false,1,5.90,28.10,true,1,
80864295,false,מנטוס פיורוויט מנטה עדין,"פרפטי ואן מלה ג'ידה,סאן",TR,מנטוס פיור וויט,גרמים,60.00,100 גרם,false,1,9.30,15.50,true,1,
80874652,false,קינדר קארדס 25.6 גרם,,IT,קינדר קארדס,גרמים,26.00,100 גרם,false,1,3.60,13.85,true,1,
80896081,false,מסטיק מנטוס אבטיח60גרם,"פרפטי ואן מלה ג'\ידה,סאן",TR,מנטוס בקבוק,גרמים,60.00,100 גרם,false,1,9.30,15.50,true,1,
80913467,false,מסטיק מנטוס מנטה בקבוק60,פרפטי ואן מלה,TR,מסטיק מנטוס,גרמים,60.00,100 גרם,false,1,9.30,15.50,true,1,
80979128,false,מסטיק פיורפרש דובדבן60ג,,TR,מסטיק מנטוס,גרמים,60.00,100 גרם,false,1,9.30,15.50,true,1,
80986348,false,מנטוס פיור וויט מנטה60ג,"פרפטי ואן מלה ג'ידה,סאן",TR,מנטוס פיור וויט,גרמים,60.00,100 גרם,false,1,9.30,15.50,true,1,
87108538,false,מנטוס תות גליל 37.5 גר,פרפטי ואן מלה ברדה,NL,מנטוס תות,גרמים,37.00,100 גרם,false,0,3.40,9.19,true,1,
87108651,false,מנטוס מנטה 4יח37.5X'גרם,פרפטי ואן מלה ברדה,NL,מנטוס מנטה 4 יח',גרמים,150.00,100 גרם,false,0,10.10,6.73,true,1,
87108712,false,מנטוס טעם פירות4יח37.5Xג,פרפטי ואן מלה,NL,מנטוס פירות 4,גרמים,150.00,100 גרם,false,0,10.10,6.73,true,1,
87354041,false,סוכ.מנטוס ט.דובדבן37.5ג,,NL,סוכריות מנטוס,גרמים,37.00,100 גרם,false,1,3.40,9.19,true,1,
8112100298,false,שמן שומשום,,TW,שמן שומשום,מיליליטרים,185.00,"100 מ""ל",false,0,13.50,7.30,true,1,
9800800056,false,ממרח נוטלה טו גו 52 גרם,פררו,IT,ממרח נוטלה טו גו,גרמים,52.00,100 גרם,false,1,5.00,9.62,true,1,
11210000094,false,"רוטב טבסקו 60 מ""ל",ניצן,US,רוטב טבסקו,מיליליטרים,60.00,"100 מ""ל",false,0,10.90,18.17,true,1,
11210009387,false,"רוטב טבסקו ירוק 60 מ""ל",ניצן,US,רוטב טבסקו ירוק,מיליליטרים,60.00,"100 מ""ל",false,0,10.90,18.17,true,1,
11210698055,false,"טבסקו סרירצ'ה 566 מ""ל",מקאילהייני,US,רוטב טבסקו,מיליליטרים,566.00,"100 מ""ל",false,1,24.70,4.36,true,1,
16000423534,false,קראנצי שיבולת ושוקולד5יח,ג'נרל מילס סאן אדריאן,ES,חטיף נייצ'ר ואלי,גרמים,210.00,100 גרם,false,0,18.70,8.90,true,1,
16000548404,false,חטיף נייטשר וואלי דבש5יח,ג'נרל מילס סאן אדריאן,ES,חטיף נייטשר ואלי,גרמים,210.00,100 גרם,false,0,18.70,8.90,true,1,
16000548503,false,נייטשר וואלי מייפל 5יח,ג'נרל מילס סאן אדריאן,ES,חטיף נייטשר ואלי,גרמים,210.00,100 גרם,false,0,18.70,8.90,true,1,
22200956932,false,ספיד סטיק ג'ל 24/7 כחול,קולגייט פלמוליב,US,דאודורנט ג'ל,גרמים,85.00,100 גרם,false,0,15.20,17.88,true,1,
25675120006,false,חמצוצים 4 צבעים 100 גרם,פאסין ב.ו,NL,חמצוצים,גרמים,100.00,100 גרם,false,0,8.40,8.40,true,1,
25675120068,false,םרג100 הלוק םעטב םיצוצמח,ירוג,NL,חמצוצים קולה,גרמים,100.00,100 גרם,false,0,8.40,8.40,true,1,
25700005698,false,זיפלוק שקיות אחסון 24 יח,,US,שקיות אחסון,יחידה,1.00,יחידה,false,1,12.70,12.70,true,1,
36000516890,false,קלינקס לושן 3 שכבות120יח,חוגלה קימברלי,US,קלינקס לושן,יחידה,1.00,יחידה,false,1,17.00,17.00,true,1,
37600207188,false,חמאת בוטנים קלאסי 462גרם,הורמל,US,חמאת בוטנים,גרמים,462.00,100 גרם,false,0,17.80,3.85,true,1,
37600207256,false,חמאת בוטנים+שברי בוטנ462,הורמל,US,חמאת בוטנים,גרמים,462.00,100 גרם,false,0,17.80,3.85,true,1,
38000138638,false,פרינגלס פיצה 158 גרם,פרינגלס מנופקצ'ורינג קונ,US,פרינגלס פיצה,גרמים,158.00,100 גרם,false,1,9.00,5.70,true,1,
38000232152,false,פרינגלס ברביקיו 158 גרם,פרינגלס מנופקצ'ורינג קומ,US,פרינגלס ברביקיו,גרמים,158.00,100 גרם,false,1,9.00,5.70,true,1,
38000232169,false,פרינגלס מידי אורגינל67ג,פרינגלס מנופקצ'ורינג קונ,US,פרינגלס אורגינל,גרמים,67.00,100 גרם,false,1,5.00,7.46,true,1,
38000232176,false,פרינגלס שמנת בצל 158 גרם,פרינגלס מנופקצ'ורינג קונ,US,פרינגלס שמנת בצל,גרמים,158.00,100 גרם,false,1,9.00,5.70,true,1,
38000232183,false,פרינגלס אורגינל 149 גרם,פרינגלס מנופקצ'ורינג קונ,US,פרינגלס אורגינל,גרמים,149.00,100 גרם,false,1,9.00,6.04,true,1,
38000845253,false,פרינגלס מידי שמנת בצל71ג,פרינגלס מנופקצ'ורינג קונ,US,פרינגלס שמנת בצל,גרמים,71.00,100 גרם,false,1,5.00,7.04,true,1,
38527591053,false,דגנים מרובעים קינמון412ג,קוואקר אוטס קומפני,US,דגנים מרובעים,גרמים,412.00,100 גרם,false,0,19.40,4.71,true,1,
38527591060,false,דגנים מרובעים קוואקר412ג,קוואקר אוטס קומפני,US,דגנים מרובעים,גרמים,412.00,100 גרם,false,0,19.40,4.71,true,1,
40000512943,false,מ&מ'ס שוקולד 303 גרם,מרס,US,עדשים מ&מ'ס,גרמים,303.00,100 גרם,false,1,18.70,6.17,true,1,
40000514510,false,עדשי מ&מ'ס בוטנים 49 גרם,מרס,US,עדשי מ&מ'ס,גרמים,49.00,100 גרם,false,1,4.60,9.39,true,1,
41390001079,false,"רוטב סויה דל נתרן 444מ""ל",קיקומן פודז אינק,US,רוטב סויה,מיליליטרים,444.00,"100 מ""ל",false,0,18.70,4.21,true,1,
41390010309,false,רוטב טריאקי קיקומן 444מל,קיקומן פודז אינק,US,רוטב טריאקי,מיליליטרים,444.00,"100 מ""ל",false,0,18.70,4.21,true,1,
46214731552,false,עוגיות שוקולד צ'יפס225גר,"מרבה בע""\מ",NL,עוגיות ש.צ'יפס,גרמים,225.00,100 גרם,false,0,9.30,4.13,true,1,
50000084500,false,פריסקיז יבש ברבקיו1.43קג,נסטלה פורינה,US,פריסקיז לחתול,קילוגרמים,1.43,"ק""ג",false,0,33.90,23.71,true,1,
50000170180,false,פריסקיז עוף ברוטב 156גרם,נסטלה פורינה,US,פריסקיז לחתול,גרמים,156.00,100 גרם,false,0,5.60,3.59,true,1,
50000225224,false,פריסקיז פריים הודו 156גר,נסטלה פורינה,US,פריסקיז הודו,גרמים,156.00,100 גרם,false,1,5.60,3.59,true,1,
50000429042,false,פנסי פיסט כבד ועוף 85גרם,נסטלה פורינה,US,פנסי פיסט חתול,גרמים,85.00,100 גרם,false,0,5.50,6.47,true,1,
50000429646,false,פנסי פיסט דג אוקיאנוס85ג,נסטלה פורינה,US,פנסי פיסט לחתול,גרמים,85.00,100 גרם,false,0,5.50,6.47,true,1,
52100070865,false,"תמצית וניל טהור 29 מ""ל",,US,תמצית וניל,מיליליטרים,29.00,"100 מ""ל",false,0,25.50,87.93,true,1,
55500012046,false,כלורקס מרסס,,US,כלורקס מרסס,מיליליטרים,946.00,"100 מ""ל",false,0,17.80,1.88,true,1,
56594009998,false,ניוואה סבון מוצק 90*4 ג,ביירסדורף,DE,ניוואה סבון מוצק,גרמים,360.00,100 גרם,false,1,14.40,4.00,true,1,
58449860037,false,קואלה קריספ דגני בוקר326,נייטשר פאת'\,US,דגני בוקר,גרמים,326.00,100 גרם,false,0,20.40,6.26,true,1,
64144090013,false,תרסיס שמן טעם חמאה 148מל,קונגרה,US,תרסיס שמן,מיליליטרים,148.00,"100 מ""ל",false,0,17.90,12.09,true,1,
64144090020,false,"תרסיס שמן זית 148 מ""ל",קונגרה,US,תרסיס שמן זית,מיליליטרים,148.00,"100 מ""ל",false,0,17.90,12.09,true,1,
64144090051,false,"תרסיס שמן קנולה 148 מ""ל",קונגרה,US,תרסיס שמן קנולה,מיליליטרים,148.00,"100 מ""ל",false,0,17.90,12.09,true,1,
70177077563,false,תה ארל גריי 25 שק2*גר,אר. טווינינגס אנד קומפני,PL,תה ארל גריי,גרמים,50.00,100 גרם,false,1,17.00,34.00,true,1,
76840001774,false,בצק עוגיות שוקולד צ'פס,מוצרי איכות אמריקאיים בע,IL,בצק עוגיות שוקול,מיליליטרים,500.00,"100 מ""ל",false,1,20.40,4.08,true,1,
76840100583,false,גלידת וניל עם בצק עוגיות,מוצרי איכות אמריקאיים בע,IL,גל.בןאנדג'ריס,מיליליטרים,473.00,"100 מ""ל",false,0,20.40,4.31,true,1,
76840400218,false,גל.עוגת גבינה עם תות 420,מוצרי איכות אמריקאיים בע,IL,גל.עוגת גבינ.תות,גרמים,420.00,100 גרם,false,0,20.40,4.86,true,1,
77245110610,false,סוכריות מאסט מנטה 80 גרם,עלית,PL,סוכריות מאסט,גרמים,80.00,100 גרם,false,0,7.60,9.50,true,1,
77975036976,false,מתבל עגבניות סניידרס439ג,סניידרס אוף האנובר,US,מתבל עגבניות,גרמים,439.00,100 גרם,false,1,12.70,2.89,true,1,
77975094631,false,בייגלה סנדוויץ ט.צ'דר226,סניידרס לאנס,US,בייגלה סניידרס,גרמים,226.00,100 גרם,false,1,15.10,6.68,true,1,
77975094761,false,שברי בייגלה בטעם צ'דר340,סניידרס אוף האנובר,US,חטיף סניידרס,גרמים,340.00,100 גרם,false,1,15.10,4.44,true,1,
77975094778,false,שברי בייגלה דבש חרדל340ג,סניידרס אוף האנובר,US,סניידרס דבש חרדל,גרמים,340.00,100 גרם,false,1,15.10,4.44,true,1,
80432402931,false,וויסקי שיבס,,SE,וויסקי שיבס,מיליליטרים,700.00,"100 מ""ל",false,0,119.50,17.07,true,1,
87752016206,false,בורדו שאטו לה ריגאן אדום,שאטו לה ריגאן,FR,יין בורדו,מיליליטרים,750.00,"100 מ""ל",false,1,51.20,6.83,true,1,
96086000676,false,"עוגיות כוסמין ללת""ס200גר",מצות אביב 2014 מאפה בעמ,IL,עוגיות כוסמין,גרמים,200.00,100 גרם,false,1,12.20,6.10,true,1,
96086001536,false,"עוגיות וניל ללת""ס 200גרם",מצות אביב 2014 מאפה בעמ,IL,עוגיות וניל,גרמים,200.00,100 גרם,false,0,12.20,6.10,true,1,
605453120277,false,מקלות סורימי קפוא 454גרם,,US,מקלות סורימי,גרמים,454.00,100 גרם,false,1,29.80,6.56,true,1,
605453520961,false,סורימי דליקטס קפוא 300גר,,US,סורימי דליקטס,גרמים,300.00,100 גרם,false,1,29.80,9.93,true,1,
613008742348,false,אריזונה ג'נסנג ודבש 1 ל',"נטורלה גטרנק בע""\מn\",BG,אריזונה ג'נסנג,ליטרים,1.00,ליטר,false,1,10.90,10.90,true,1,
613008742409,false,אריזונה אפרסק בקבוק 1ל,"נטורלה גטרנק בע""\מn\",BG,אריזונה אפרסק,ליטרים,1.00,ליטר,false,1,10.90,10.90,true,1,
613008755461,false,אריזונה אוכמניות בקבוק1ל,"נטורלה גטרנק בע""\מn\",BG,אריזונה אוכמניות,ליטרים,1.00,ליטר,false,1,10.90,10.90,true,1,
645173911038,false,מלפפונים קורנישונים670גר,קלמן אינדיה פי וי סי,IN,מלפפ.קורנישונים,גרמים,670.00,100 גרם,false,0,9.30,1.39,true,1,
649660432020,false,שזיף מיובש נטול גלעין567,היל ויו פקינג קומפני,US,שזיף מיובש,גרמים,567.00,100 גרם,false,1,24.70,4.36,true,1,
724049694333,false,אינסטינקט פירסט אדפ100מל,,FR,אינסטינקט לאישה,מיליליטרים,100.00,"100 מ""ל",false,0,127.30,127.30,true,1,
728229123590,false,צ'יפס ירקות טעם טבעי110ג,היין סלסטיאל גרופ,HN,צ'יפס,גרמים,110.00,100 גרם,false,0,13.50,12.27,true,1,
728229123811,false,צ'יפס ירקות ים תיכוני110,היין סלסטיאל גרופ,HN,צ'יפס מתובל,גרמים,110.00,100 גרם,false,0,13.50,12.27,true,1,
764218656526,false,צ'יפס קינואה ל.גלוטן70ג,,US,צ'יפס קינואה,גרמים,70.00,100 גרם,false,1,9.30,13.29,true,1,
768404001640,false,"גלידה בטעם קפה 500 מ""ל",מוצרי איכות אמריקאיים בע,IL,גלידת בן & ג'ריס,מיליליטרים,500.00,"100 מ""ל",false,0,20.40,4.08,true,1,
786150000281,false,בירה לף בראון מארז 330*6,"אינבב, ברוורייפליין",BE,בירה לף בראון6יח,ליטרים,1.98,ליטר,false,1,42.90,21.67,true,1,
801541512324,false,טולסי כורכום ג'ינגר25שק,אורגניק אינדיה,IN,טולסי 25 שק.,גרמים,47.00,100 גרם,false,1,14.40,30.64,true,1,
835811002277,false,"שיפודי במבוק עבים 35ס""מ",,CN,שיפודי במבוק,יחידה,1.00,יחידה,false,1,8.10,8.10,true,1,
835811007494,false,ג'לטין טהור מדגים 14*2 ג,גואנגדונג מיניאנג,TW,ג'לטין טהור,גרמים,28.00,100 גרם,false,0,9.60,34.29,true,1,
851621000050,false,"בירה 1664 בלאנק 330*6מ""ל",קרלסברג ספליי קומפאני פו,PL,בירה בלאנק 6 יח,ליטרים,1.98,ליטר,false,1,36.90,18.63,true,1,
855074007086,false,פלפלון ביס בשקית,קטיף.,IL,פלפלון ביס בשקית,גרמים,200.00,100 גרם,false,1,8.90,4.45,true,1,
856591000055,false,עוגיות מזרחיות קריספי400,מאפיית יוסף ושמחה עבאדי,IL,עוגיות מזרחיות,גרמים,400.00,100 גרם,false,1,17.00,4.25,true,1,
856591000062,false,עוגיות מזרחיות מלח400גרם,מאפיית יוסף ושמחה עבאדי,IL,עוגיות מזרחיות,גרמים,400.00,100 גרם,false,0,17.00,4.25,true,1,
856591000109,false,עוגיות מזרחיות פריכות400,מאפיית יוסף ושמחה עבאדי,IL,עוגיות מזרחיות,גרמים,400.00,100 גרם,false,0,17.00,4.25,true,1,
884912342737,false,דגני תירס וופל קריספ326ג,פוסט,US,דגני וופל קריספ,גרמים,326.00,100 גרם,false,1,20.20,6.20,true,1,
884912359155,false,האני באנצס רוסטד 340 גרם,,US,האני באנצס רוסטד,גרמים,340.00,100 גרם,false,1,21.20,6.24,true,1,
884912359162,false,פוסט הני בנצ'ס אלמונד340,,US,דגני הני בנצ'ס,גרמים,340.00,100 גרם,false,1,21.20,6.24,true,1,
884912365200,false,דגני  בוקר אוראו 311 גרם,,US,דגני  בוקר אוראו,גרמים,311.00,100 גרם,false,1,22.10,7.11,true,1,
3014260022730,false,2מברשות אדוונטג' מדיום40,P&G,IE,זוג מברשות,יחידה,1.00,יחידה,false,0,17.00,17.00,true,1,
3014260240226,false,קצף גילוח ג'ילט רגיש200מ,ג'\ילט,GB,קצף גילוח ג'ילט,מיליליטרים,200.00,"100 מ""ל",false,0,13.90,6.95,true,1,
3046920010801,false,שוק.מריר לינדט אגוזים100,לינדט ושפרונגלי קילשברג,FR,שוקולד אקסלנס,גרמים,100.00,100 גרם,false,1,14.40,14.40,true,1,
3046920028004,false,שוק.מריר לינדט 70% 100ג,לינדט ושפרונגלי,FR,שוקולד אקסלנס,גרמים,100.00,100 גרם,false,0,14.40,14.40,true,1,
3046920028721,false,שוק.מריר לינדט 99% 50גרם,לינדט ושפרונגלי,FR,שוקולד אקסלנס,גרמים,50.00,100 גרם,false,1,14.40,28.80,true,1,
3046920029674,false,שוקולד מריר לינדט מלח 10,לינדט ושפרונגלי,DE,שוקולד לינדט,גרמים,100.00,100 גרם,false,0,14.40,14.40,true,1,
3046920029759,false,שוק.מריר לינדט 90% 100ג,לינדט ושפרונגלי קילשברג,DE,שוקולד אקסלנס,גרמים,100.00,100 גרם,false,1,14.40,14.40,true,1,
3073781161663,false,מותכת לה וואש קירי 8 יח,,FR,לה וואש קירי,גרמים,128.00,100 גרם,false,1,11.80,9.22,true,1,
3073781161687,false,לה וואש קירי מותכת 16יח,,FR,לה וואש קירי,גרמים,256.00,100 גרם,false,1,21.20,8.28,true,1,
3073781162790,false,גבינת בייבי בל 120 גרם,מחלבות בל,FR,גבינת בייבי בל,גרמים,120.00,100 גרם,false,1,19.50,16.25,true,1,
3083681142983,false,שעועית עדינה  קפוא,בונדואל פרוספקטיב אנד די,PT,שעועית עדינה קפו,גרמים,600.00,100 גרם,false,1,20.40,3.40,true,1,
3083681143010,false,אפונת גן קפואה,בונדואל פרוספקטיב אנד די,PT,אפונת גן קפואה,גרמים,600.00,100 גרם,false,1,13.50,2.25,true,1,
3083681143720,false,פלפל קפוא בגריל 600 גרם,בונדואל פרוספקטיב אנד די,PT,פלפלים בגריל,גרמים,600.00,100 גרם,false,1,22.90,3.82,true,1,
3161911229199,false,חמאה רכה 250 גרם,אלוויר,FR,חמאה רכה,גרמים,250.00,100 גרם,false,0,18.70,7.48,true,1,
3161911366429,false,חמאה מלוחה רכה 250גרם,אלוויר,FR,חמאה רכה מלוחה,גרמים,250.00,100 גרם,false,0,18.70,7.48,true,1,
3178530402353,false,עוגיות מיני מדלן רכות175,סן מישל,FR,עוגיות מיני מדלן,גרמים,175.00,100 גרם,false,1,11.00,6.29,true,1,
3178530407938,false,עוג.מדלן שוקולד ציפס175ג,סן מישל,FR,עוגיות מדלן,גרמים,175.00,100 גרם,false,1,11.00,6.29,true,1,
3228022910023,false,חמאה פרזידנט 200 גרם,פרזידנט,FR,חמאה פרזידנט,גרמים,200.00,100 גרם,false,0,14.40,7.20,true,1,
3254550033279,false,גבינת קממבר צרפתית 250גר,איזיני סנט מר,FR,גבינת קממבר צרפת,גרמים,250.00,100 גרם,false,1,28.10,11.24,true,1,
3387390320244,false,דגני בוקר פיטנס+פירות375,סי. פי. צרפת,FR,דגני פיטנס,גרמים,375.00,100 גרם,false,0,19.50,5.20,true,1,
3387390525960,false,קראנץ' דגני בוקר 500 גרם,סי. פי. צרפת,FR,קראנץ דגני בוקר,גרמים,500.00,100 גרם,false,0,21.30,4.26,true,1,
3501271140039,false,טופי חמוצ.ט.פטל קולה150ג,,FR,טופי חמוץ פטל,גרמים,150.00,100 גרם,false,1,14.40,9.60,true,1,
3501271213047,false,טופי חמוץ תפוח תות150גרם,,FR,טופי חמוץ תפוח,גרמים,150.00,100 גרם,false,1,14.40,9.60,true,1,
3523230025638,false,גבינת בושה עיזים טבעי125,אוריאל,FR,גבינת בושה עיזים,גרמים,125.00,100 גרם,false,0,25.50,20.40,true,1,
3523230026826,false,גבינת עיזים 140 גרם,סואניון,FR,גבינת עיזים,גרמים,140.00,100 גרם,false,1,23.80,17.00,true,1,
3523230026888,false,גב.עיזים שום ע.תיבול140ג,סואניון,FR,גבינת עיזים שום,גרמים,140.00,100 גרם,false,1,23.80,17.00,true,1,
3574660058857,false,ג'ונסון בייבי שמן 500 מל,ג'ונסון,IT,שמן ג'ונסון,מיליליטרים,500.00,"100 מ""ל",false,1,27.20,5.44,true,1,
3574660089547,false,טמפוני או בה נורמל 32 יח,ג'\ונסון אנד ג'\ונסון,GR,טמפוני או בה,יחידה,1.00,יחידה,false,0,22.10,22.10,true,1,
3574660239829,false,קרם ידיים ניוטרוג'ינה 75,ג'ונסון,FR,קרם ידיים קליל,מיליליטרים,75.00,"100 מ""ל",false,0,25.50,34.00,true,1,
3574660464429,false,76 קרפרי אוורירי מגה פק,ג'\ונסון אנד ג'\ונסון,GR,מגן תחתון קרפרי,יחידה,1.00,יחידה,false,0,17.00,17.00,true,1,
3574660514643,false,"קרם רב""ש ניוטרוג'ינה 300",ג'ונסונס בייבי,FR,"קרם רב""ש",מיליליטרים,300.00,"100 מ""ל",false,0,22.90,7.63,true,1,
3574660676396,false,"ניוטרוג'נה קרם רב""ש 300מ",גונסון אנד גונסון סנטה ב,FR,ניוטרוג'ינה קרם,מיליליטרים,300.00,"100 מ""ל",false,1,22.90,7.63,true,1,
3574661098937,false,תח. גוף נטרוג'ינה יבש400,ג'ונסון,FR,תחליב גוף,מיליליטרים,400.00,"100 מ""ל",false,1,22.90,5.72,true,1,
3574661392493,false,קרם גוף הידרו בוסט 200מל,,FR,קרם גוף הידרו,מיליליטרים,200.00,"100 מ""ל",false,1,27.20,13.60,true,1,
3574661487632,false,קרפרי מגן לארג' פלוס64יח,ג'\ונסון אנד ג'\ונסון,GR,קרפרי מגני תחתון,יחידה,1.00,יחידה,false,1,17.00,17.00,true,1,
3574661491806,false,מי פה ליסטרין וייט 500מל,ג'ונסון,IT,מי פה ליסטרין,מיליליטרים,500.00,"100 מ""ל",false,1,21.20,4.24,true,1,
3574661610344,false,"ניוטרוג'נה קרם רב""ש 300מ",גונסון אנד גונסון סנטה ב,FR,ניוטרוג'ינה קרם,מיליליטרים,300.00,"100 מ""ל",false,1,22.90,7.63,true,1,
3600521720219,false,פעולה משולשת קרם לילה,"קרלסרו, גרמניה",DE,קרם לילה,מיליליטרים,50.00,"100 מ""ל",false,0,42.60,85.20,true,1,
3600522550129,false,SPECIALIST AGE קרם יום,"קרלסרו, גרמניה",DE,קרם יום,מיליליטרים,50.00,"100 מ""ל",false,1,51.20,102.40,true,1,
3600522825463,false,אקסלנס אינטנס מס6.66',ליברמו,BE,צבע לשיער אקסלנס,יחידה,1.00,יחידה,false,1,29.80,29.80,true,1,
3600523305957,false,CLAY PURE מסכת חימר,"קרלסרו, גרמניה",DE,מסכה לפנים,מיליליטרים,50.00,"100 מ""ל",false,1,51.20,102.40,true,1,
3600523651870,false,שמפו אלביב ארג'ינין500מל,קוסמטיקס,TR,אלביב שמפו,מיליליטרים,550.00,"100 מ""ל",false,1,15.30,2.78,true,1,
3600523651900,false,מרכך  אלביב ארג'ינין,קוסמטיקס,TR,אלביב מרכך,מיליליטרים,550.00,"100 מ""ל",false,1,15.30,2.78,true,1,
3600523652259,false,מרכך אלביב קולור פרוטקט,קוסמטיקס,TR,אלביב מרכך,מיליליטרים,550.00,"100 מ""ל",false,1,15.30,2.78,true,1,
3600523652280,false,שמפו אלביב 6 שמנים,קוסמטיקס,TR,אלביב שמפו,מיליליטרים,550.00,"100 מ""ל",false,1,15.30,2.78,true,1,
3600523782567,false,שמפו אלביב דרים לונג500מ,קוסמטיקס,FR,אלביב שמפו,מיליליטרים,500.00,"100 מ""ל",false,1,15.30,3.06,true,1,
3600523782581,false,מרכך אלביב דרים לונג,קוסמטיקס,FR,אלביב מרכך,מיליליטרים,500.00,"100 מ""ל",false,1,15.30,3.06,true,1,
3600523823604,false,דרמו היאלורון אקספרט ליל,לוריאל פרודקשן דויטשלנד,DE,דרמו היאלורון אק,יחידה,1.00,יחידה,false,1,51.20,51.20,true,1,
3600523899906,false,אלביב מסכה פול רזיסט680מ,לוריאל-אלביב,ES,אלביב מסכה לשיער,מיליליטרים,680.00,"100 מ""ל",false,1,38.30,5.63,true,1,
3600523967131,false,רויטליפט פילר מים מיסלרי,,PL,רויטליפט פילר מי,מיליליטרים,200.00,"100 מ""ל",false,1,34.10,17.05,true,1,
3600524051334,false,אלביב מרכך היאלורונית400,RAMOUILLET,FR,אלביב מרכך,מיליליטרים,400.00,"100 מ""ל",false,1,16.10,4.03,true,1,
3600524051570,false,אלביב מסכה היאלורונית300,DEUT PRODUKTION L\'OREAL,DE,אלביב מסכה,מיליליטרים,300.00,"100 מ""ל",false,1,25.30,8.43,true,1,
3600541029323,false,ESSENTIALS מסיר איפור,סופרויאל,FR,ESSENTIALS מסיר,מיליליטרים,200.00,"100 מ""ל",false,0,21.10,10.55,true,1,
3600541382930,false,"מים מיסלריים 400 מ""ל","קוסמופול, פולין",PL,מים מיסלריים,מיליליטרים,400.00,"100 מ""ל",false,0,25.60,6.40,true,1,
3600541740006,false,דאו ספריי אקשן קונטרול,סופרוקוס,FR,דאו.גרנייה,מיליליטרים,150.00,"100 מ""ל",false,1,10.10,6.73,true,1,
3600541952720,false,PURE פחם ג'ל גרגירים,סופרויאל,FR,PURE פחם ג'ל,מיליליטרים,150.00,"100 מ""ל",false,1,25.60,17.07,true,1,
3600542365796,false,בוטניקל ג'ל ניקוי 200 מל,לוריאל,PL,בוטניקל ג'ל ניקו,מיליליטרים,200.00,"100 מ""ל",false,1,21.30,10.65,true,1,
3600542366113,false,סקין נטורל קרם ענבים50מל,לוריאל,DE,סקין נטורל קרם ע,מיליליטרים,50.00,"100 מ""ל",false,1,38.40,76.80,true,1,
3600542375801,false,פיור אקטיב 3 ב1 פחם150מל,גרנייה,FR,פיור אקטיב 3 ב 1,מיליליטרים,150.00,"100 מ""ל",false,1,25.60,17.07,true,1,
3600542380492,false,מסיכת טישו ויטמין יח',,CN,מסיכת טישו ויטמי,יחידה,1.00,יחידה,false,1,12.70,12.70,true,1,
3600542385091,false,דאו רול אקשן  72 שעות 50,קוסמופול,PL,רול און גרנייה,מיליליטרים,50.00,"100 מ""ל",false,1,10.10,20.20,true,1,
3600542421645,false,פרוקטיס היירפוד מרכך מקד,"אינטרביוטי קוסמטיק בע""\מ",IL,פרוקטיס היירפוד,מיליליטרים,350.00,"100 מ""ל",false,1,12.70,3.63,true,1,
3600542421683,false,פרוקטיס היירפוד שמפו בננ,"אינטרביוטי קוסמטיק בע""\מ",IL,פרוקטיס היירפוד,מיליליטרים,350.00,"100 מ""ל",false,1,12.70,3.63,true,1,
3600542431835,false,קולור נטורלס 3,לוריאל ישראל קוסמטיקס בע,PL,קולור נטורלס 3,יחידה,1.00,יחידה,false,1,17.00,17.00,true,1,
3600542431842,false,קולור נטורלס 4,לוריאל ישראל קוסמטיקס בע,PL,קולור נטורלס 4,יחידה,1.00,יחידה,false,1,17.00,17.00,true,1,
3600542431866,false,קולור נטורלס 6,קוסמפול,PL,קולור נטורלס 6,יחידה,1.00,יחידה,false,1,17.00,17.00,true,1,
3600542431903,false,צבע לשיער קולור נטורלס10,לוריאל ישראל קוסמטיקס בע,PL,צבע לשיער  קולו,יחידה,1.00,יחידה,false,1,17.00,17.00,true,1,
3600542431972,false,צבע שיער קולור נטורלס111,לוריאל ישראל קוסמטיקס בע,PL,קולור נטורלס 111,יחידה,1.00,יחידה,false,1,17.00,17.00,true,1,
3600542431989,false,קולור נטורלס 6.34,לוריאל ישראל קוסמטיקס בע,PL,קולור נטורלס6.34,יחידה,1.00,יחידה,false,1,17.00,17.00,true,1,
3600542432078,false,קולור נטורלס 3.12,גרנייה,PL,צבע לשיער קולור,יחידה,1.00,יחידה,false,1,17.00,17.00,true,1,
3614226754196,false,וולה דלוקס ספריי לנפח75מ,"אינטרספריי, צרפת",FR,ספריי לנפח והגנה,מיליליטרים,75.00,"100 מ""ל",false,1,15.30,20.40,true,1,
3614226754295,false,וולה ספריי לנפח 250מ,"אינטרספריי, צרפת",FR,וולה ספריי לשיער,מיליליטרים,250.00,"100 מ""ל",false,1,40.00,16.00,true,1,
3760032043419,false,"בורדו בוגרד 750 מ""ל",וינובלה,FR,יין בורדו בוגרד,מיליליטרים,750.00,"100 מ""ל",false,1,51.40,6.85,true,1,
3770016577069,false,"שבלי ברון ניקולא 750 מ""ל",מייזון טנס,FR,שבלי ברון ניקולא,מיליליטרים,750.00,"100 מ""ל",false,1,72.60,9.68,true,1,
4000415851705,false,שוקולד נוגט 100 גרם,"לודוויג שוקולד בע""\מ",DE,שוקולד נוגט,גרמים,100.00,100 גרם,false,0,5.90,5.90,true,1,
4000415856601,false,שוקולד לבן 100 גרם,"לודוויג שוקולד בע""\מ",DE,שוקולד לבן,גרמים,100.00,100 גרם,false,1,5.90,5.90,true,1,
4000417022004,false,שוק.ריטר+אגוז+צימוקים100,אלפרד ריטר,DE,שוקולד ריטר,גרמים,100.00,100 גרם,false,0,8.40,8.40,true,1,
4000417025005,false,שוק.ריטר עם מרציפן 100גר,אלפרד ריטר,DE,שוקולד ריטר,גרמים,100.00,100 גרם,false,0,8.40,8.40,true,1,
4000417101211,false,חטיף אמיצ'לי ק.אגוז150ג,,AT,חטיף אמיצ'לי,גרמים,150.00,100 גרם,false,1,16.10,10.73,true,1,
4000417224002,false,שוק.ריטר מריר אגוזים100ג,אלפרד ריטר,DE,שוקולד ריטר,גרמים,100.00,100 גרם,false,0,10.10,10.10,true,1,
4000539280726,false,שוק.מריר לינדט70%מילד100,לינדט ושפרונגלי,DE,שוקולד אקסלנס,גרמים,100.00,100 גרם,false,1,14.40,14.40,true,1,
4000607850004,false,שוקולד חלב 100 גרם,"לודוויג שוקולד בע""\מ",DE,שוקולד חלב,גרמים,100.00,100 גרם,false,0,5.90,5.90,true,1,
4000607851001,false,שוקולד אגוזים 100 גרם,"לודוויג שוקולד בע""\מ",DE,שוקולד אגוזים,גרמים,100.00,100 גרם,false,0,5.90,5.90,true,1,
4000607852008,false,שוקולד מריר 100 גרם,"לודוויג שוקולד בע""\מ",DE,שוקולד מריר,גרמים,100.00,100 גרם,false,0,5.90,5.90,true,1,
4002720005736,false,קפה פילטר מליטה 250 גרם,Kaffee Melitta,DE,קפה פילטר מליטה,גרמים,250.00,100 גרם,false,0,17.70,7.08,true,1,
4005808515554,false,"ניוואה קרם ר""ש עדין 300מ",HELLAS BEIERSDORF,ES,ניוואה קרם עדין,מיליליטרים,300.00,"100 מ""ל",false,1,34.10,11.37,true,1,
4005808850723,false,שפתון תות שדה בליסטר,HELLAS BEIERSDORF,DE,שפתון לבלו,יחידה,1.00,יחידה,false,0,11.00,11.00,true,1,
4005808890507,false,קרם לחות ניוואה סופט200מ,HELLAS BEIERSDORF,ES,קרם ניוואה סופט,מיליליטרים,200.00,"100 מ""ל",false,0,18.70,9.35,true,1,
4005900036483,false,דאו.ניוואה בלק&וייט 150מ,ביירסדורף,DE,דאודורנט ניוואה,מיליליטרים,150.00,"100 מ""ל",false,0,12.80,8.53,true,1,
4005900036506,false,דאו.ניוואה בלק&וויט רול,HELLAS BEIERSDORF,DE,דאודורנט ניוואה,מיליליטרים,50.00,"100 מ""ל",false,0,12.80,25.60,true,1,
4005900551412,false,לבלו שפתון הגנה SPF 30,,DE,לבלו שפתון לחות,יחידה,1.00,יחידה,false,1,11.00,11.00,true,1,
4005900828088,false,ניוואה רולאון פרש לגבר50,HELLAS BEIERSDORF,DE,דאודורנט ניוואה,מיליליטרים,50.00,"100 מ""ל",false,0,12.80,25.60,true,1,
4005900841148,false,ג'ל גילוח ניוואה.רגיש200,ביירסדורף,DE,ג'ק גילוח ניוואה,מיליליטרים,200.00,"100 מ""ל",false,1,15.10,7.55,true,1,
4005900874931,false,"דאו.ניוואה דיפ ביט150מ""ל",ביירסדורף,DE,דאודורנט ניוואה,גרמים,150.00,100 גרם,false,1,12.80,8.53,true,1,
4008287051032,false,בירה קרומבאכר פחית 500 מ,קרומבאכר,DE,בירה קרומבאכר,מיליליטרים,500.00,"100 מ""ל",false,1,9.30,1.86,true,1,
4008287058161,false,"בירה קרומבאכר 330*6 מ""ל",קרומבאכר,DE,בירה קרומבאכר6יח,ליטרים,1.98,ליטר,false,1,34.00,17.17,true,1,
4008287762020,false,בירה קרומבאכר חיטה בק500,קרומבאכר,DE,בירה קרומבאכר,מיליליטרים,500.00,"100 מ""ל",false,0,9.50,1.90,true,1,
4008287905786,false,בירה קרומבאכר חיטה פח500,קרומבאכר,DE,בירה קרומבאכר,מיליליטרים,500.00,"100 מ""ל",false,1,9.30,1.86,true,1,
4009300524625,false,חליטת צ'אי מאסלה20שק2*גר,טיקנה,DE,חליטת צ'אי מאסלה,גרמים,40.00,100 גרם,false,0,12.70,31.75,true,1,
4009300525011,false,תה ירוק תפוז ג'ינג'ר20שק,טיקנה,DE,תה ירוק תפוז,גרמים,30.00,100 גרם,false,0,17.80,59.33,true,1,
4009300525684,false,חליטת לימון ג'ינג'ר20שק,טיקנה,DE,חליטת לימון,גרמים,35.00,100 גרם,false,0,12.70,36.29,true,1,
4009300529514,false,חליטת פירות אוכמניות20שק,,DE,חליטת פירות,גרמים,45.00,100 גרם,false,1,15.30,34.00,true,1,
4009300529552,false,חליטת פירות אפרסק20שק,,DE,חליטת פירות,גרמים,50.00,100 גרם,false,1,15.30,30.60,true,1,
4009900013581,false,מסטיק סטיקס ספירמינט 5יח,ריגלי צרפת,FR,מסטיק סטיקס,גרמים,65.00,100 גרם,false,0,9.80,15.08,true,1,
4009900385824,false,מסטיק סטיקס פפרמינט 5 יח,ריגלי צרפת,FR,מסטיק סטיקס,גרמים,65.00,100 גרם,false,0,9.80,15.08,true,1,
4009900402965,false,אורביט וייט פירות 64גרם,ריגלי פולין,PL,אורביט בקבוקון,גרמים,64.00,100 גרם,false,0,10.10,15.78,true,1,
4009900403023,false,מסטיק אורביט ויט מנטה64ג,ריגלי פולין,PL,אורביט בקבוקון,גרמים,64.00,100 גרם,false,0,10.10,15.78,true,1,
4009900420129,false,אורביט פפרמינט בקבוקון64,,PL,אורביט פפרמינט,גרמים,64.00,100 גרם,false,1,10.10,15.78,true,1,
4009900426039,false,מסטיק איירוויבז מנטה64ג,ריגלי פולין,PL,מסטיק איירוויבז,גרמים,64.00,100 גרם,false,1,10.10,15.78,true,1,
4009900479998,false,אורביט אוכמניות בקבוק64ג,ריגלי פולין,PL,אורביט בקבוקון,גרמים,64.00,100 גרם,false,0,10.10,15.78,true,1,
4009900482417,false,אורביט באבל מינט בקבוק64,ריגלי פולין,PL,אורביט באבל מינט,גרמים,64.00,100 גרם,false,0,10.10,15.78,true,1,
4009900484060,false,מסטיק בקבוק M פפרמינט84ג,ריגלי פולין,PL,אורביט בקבוק,גרמים,84.00,100 גרם,false,0,12.70,15.12,true,1,
4009900484091,false,מסטיק בקבוק M ספירמינ84,ריגלי פולין,PL,אורביט בקבוק,גרמים,84.00,100 גרם,false,0,12.70,15.12,true,1,
4009900484305,false,מסטיק בקבוקMסוויטמינט84ג,ריגלי,GB,אורביט בקבוק,גרמים,84.00,100 גרם,false,0,12.70,15.12,true,1,
4009900496247,false,מסטיק בקבוק M בבלמינט84ג,,PL,אורביט בקבוק,גרמים,84.00,100 גרם,false,1,12.70,15.12,true,1,
4009900531122,false,מסטיק אורביט ספירמינט64ג,,PL,אורביט ספירמינט,גרמים,64.00,100 גרם,false,1,10.10,15.78,true,1,
4009900534611,false,איירויבז מנטה+מלון64גרם,,IL,מסטיק אייוויבז,גרמים,64.00,100 גרם,false,1,10.10,15.78,true,1,
4009900535519,false,אורביט רפרשרס ספירמי15.6,ריגלי,PL,אורביט רפרשרס,גרמים,15.00,100 גרם,false,1,3.60,24.00,true,1,
4009900535823,false,אורביט רפרשרס בטעם15.6ג,,PL,מסטיק אורביט,גרמים,15.00,100 גרם,false,1,3.60,24.00,true,1,
4009900536257,false,אורביט רפרשרס ספירמינט67,ריגלי פולין,PL,אורביט רפרשרס,גרמים,67.00,100 גרם,false,1,11.10,16.57,true,1,
4009900536486,false,אורביט רפרשרס באבלמינט67,ריגלי פולין,PL,אורביט רפרשרס,גרמים,67.00,100 גרם,false,1,11.10,16.57,true,1,
4009900539340,false,סוכ.סקיטלס ג'יינט 141 גר,,CZ,סוכריות סקיטלס,גרמים,141.00,100 גרם,false,1,8.30,5.89,true,1,
4009900540551,false,אורביט רפרשרס טרופיקל67ג,,PL,אורביט רפרשרס,גרמים,67.00,100 גרם,false,1,11.10,16.57,true,1,
4011100002227,false,מיני באונטי בשקית 403גרם,מרס הולנד בי.וי.,NL,מיני באונטי,גרמים,403.00,100 גרם,false,0,21.20,5.26,true,1,
4011800628512,false,קורני חט.דגנים+שוקולד6יח,Schwartauer,DE,קורני חטיף דגנים,גרמים,150.00,100 גרם,false,0,11.80,7.87,true,1,
4011800630515,false,קורני 6חט.דגנים+שוק+בננה,Schwartauer,DE,קורני חטיף דגנים,גרמים,150.00,100 גרם,false,0,11.80,7.87,true,1,
4014400901191,false,בונבוניירה מרסי 250 גרם,אוגוסט שטורק,DE,בונבוניירת מרסי,גרמים,250.00,100 גרם,false,0,25.50,10.20,true,1,
4014400904376,false,סוכ.שטורק שוקולד 325גרם,אוגוסט שטורק,DE,סוכריות שטורק,גרמים,325.00,100 גרם,false,0,16.10,4.95,true,1,
4014400904390,false,סוכ.ממולאות טעם חלב325גר,אוגוסט שטורק,DE,סוכר.ממולאות,גרמים,325.00,100 גרם,false,0,16.10,4.95,true,1,
4014400907902,false,סוכ.וורטר ל.סוכר בוקס42ג,שטורק,DE,סוכריות וורטר,גרמים,42.00,100 גרם,false,0,6.00,14.29,true,1,
4014400914696,false,סוכ.חמאה וורטר ל.סוכר80ג,אוגוסט שטורק,DE,סוכריות וורטר,גרמים,80.00,100 גרם,false,0,8.10,10.13,true,1,
4014400920857,false,"סוכ.וורטר לל""ס שוקולד70ג",אוגוסט שטורק,DE,סוכריות וורטר,גרמים,70.00,100 גרם,false,1,8.10,11.57,true,1,
4014400923711,false,טופיפי 125 גרם,אוגוסט שטורק,DE,טופיפי,גרמים,125.00,100 גרם,false,1,11.80,9.44,true,1,
4014400925319,false,ורטר פופקורן קרמל 140גר,,DE,ממתק קרמל ורטר,גרמים,140.00,100 גרם,false,1,14.10,10.07,true,1,
4015400564034,false,מגן תח.אולוייז +L מגה פק,פרוקטר אנד גמבל,DE,מגן תחתון אולויז,יחידה,1.00,יחידה,false,0,19.50,19.50,true,1,
4015400690405,false,18טמפקס קומפאק פרל סופר,פרוקטר אנד גמבל,HU,טמפקס,יחידה,1.00,יחידה,false,1,21.20,21.20,true,1,
4015400731719,false,20 תח.אולוייז דואו לילה,פרוקטר אנד גמבל,UA,תחבושות אולוייז,יחידה,1.00,יחידה,false,1,20.40,20.40,true,1,
4015400746812,false,80מגני תח.אולוייז מגה פק,פרוקטר אנד גמבל,UA,מגן תחתון אולויז,יחידה,1.00,יחידה,false,1,19.50,19.50,true,1,
4015400755241,false,28תח.אולוייז דואו נורמל+,פרוקטר אנד גמבל,UA,תחבושות אולוייז,יחידה,1.00,יחידה,false,1,20.40,20.40,true,1,
4015400755487,false,24 תח.אולוייז דואו לונג,פרוקטר אנד גמבל,UA,תחבושות אולוייז,יחידה,1.00,יחידה,false,1,20.40,20.40,true,1,
4015600763251,false,שמפו הד&שולדרס קלאסי600מ,פרוקטר אנד גמבל,RO,שמפו הד&שולדרס,מיליליטרים,600.00,"100 מ""ל",false,0,18.70,3.12,true,1,
4015600763299,false,"הד&שולדרס 2ב1- 600 מ""ל",פרוקטר אנד גמבל,RO,שמפו הד&שולדרס,מיליליטרים,600.00,"100 מ""ל",false,0,18.70,3.12,true,1,
4015600763459,false,שמפו הד&שולדרס תפוח600מל,פרוקטר אנד גמבל,RO,שמפו הד&שולדרס,מיליליטרים,600.00,"100 מ""ל",false,0,18.70,3.12,true,1,
4015600807436,false,דאו.ג'ל - PB-CW גילט75מל,,PL,דאודורנט ג'ל,מיליליטרים,75.00,"100 מ""ל",false,0,22.90,30.53,true,1,
4017100198151,false,עוג.סנדוויץ היט וניל220ג,באלסן,PL,עוגיות סנדוויץ,גרמים,220.00,100 גרם,false,1,8.40,3.82,true,1,
4017100364112,false,עוג.סנדוויץ היט קקאו220ג,באלסן,PL,עוגיות סנדוויץ,גרמים,220.00,100 גרם,false,1,8.40,3.82,true,1,
4022025261002,false,בלו ווין מבית בלו נאן750,לנגוט טראבן,DE,בלו ווין,מיליליטרים,750.00,"100 מ""ל",false,1,42.60,5.68,true,1,
4032900111292,false,וינסטון קומפקט כחול חפ,JTI,UA,וינסטון קומפקט,יחידה,1.00,יחידה,false,1,29.00,29.00,false,1,
4032900124254,false,וינסטון קומפקט ברי חפיסה,JTI,RO,וינסטון קומפ.ברי,יחידה,1.00,יחידה,false,1,29.00,29.00,false,1,
4032900124261,false,וינסטון קומפקט ברי פאקט,JTI,RO,וינסטון קומפקט,יחידה,1.00,יחידה,false,1,288.00,288.00,false,1,
4033100013348,false,אל די ארוך חפיסה,jti,TR,אל די ארוך,יחידה,1.00,יחידה,false,0,28.50,28.50,false,1,
4033100014468,false,אל די אדום חפיסה,jti,TR,אל די אדום,יחידה,1.00,יחידה,false,0,28.50,28.50,false,1,
4033100014499,false,אל די כחול חפיסה,jti,TR,אל די כחול,יחידה,1.00,יחידה,false,0,28.50,28.50,false,1,
4033100014529,false,אל די סלימס חפיסה,jti,TR,אל די סלימס,יחידה,1.00,יחידה,false,0,27.00,27.00,false,1,
4033100024146,false,וינסטון קוד חפיסה,jti,CH,ווינסטון קוד,יחידה,1.00,יחידה,false,0,32.00,32.00,false,1,
4033100024252,false,וינסטון אקווה חפיסה,jti,CH,ווינסטון אקווה,יחידה,1.00,יחידה,false,0,32.00,32.00,false,1,
4033634066001,false,קרקר 3 זרעים אורגני 200ג,"ד""ר קראוס קארג",DE,קרקר 3 זרעים,גרמים,200.00,100 גרם,false,1,13.50,6.75,true,1,
4033634066070,false,קרקר קמח כוסמין200,,DE,קרקר קמח כוסמין,גרמים,200.00,100 גרם,false,1,13.50,6.75,true,1,
4033634066209,false,קרקר ציה שיב.שועל200,"ד""ר קראוס קארג",DE,קרקר שיבולת שועל,גרמים,200.00,100 גרם,false,1,13.50,6.75,true,1,
4053700292455,false,ויט 12רצועות שעווה צמחית,רקיט בנקיזר,FR,רצועות שעווה ויט,יחידה,1.00,יחידה,false,0,21.20,21.20,true,1,
4056800943791,false,"חמצן וולה 9% 60 מ""ל",אונדל,FR,חמצן וולה9%,מיליליטרים,60.00,"100 מ""ל",false,0,4.10,6.83,true,1,
4061445096689,false,קפה נמס אספרסו 57 100גרם,"טשיבו, אספי.זד.או.או",PL,קפה נמס אספרסו,גרמים,100.00,100 גרם,false,1,20.40,20.40,true,1,
4061445096702,false,קפה נמס פיין ארומה 100גר,"טשיבו, אספי.זד.או.או",PL,קפה נמס דוידוף,גרמים,100.00,100 גרם,false,1,20.40,20.40,true,1,
4065698201166,false,דונאטס מילקה - מארז 148,,DE,דונאטס מילקה -,גרמים,148.00,100 גרם,false,1,13.50,9.12,true,1,
4066600999614,false,"בירה פאולנר חיטה 500 מ""ל",מבשלת פאולנר,DE,בירה פאולנר חיטה,מיליליטרים,500.00,"100 מ""ל",false,1,11.00,2.20,true,1,
4084500088917,false,פיירי לכלים לימון650מל,פרוקטר אנד גמבל,GB,פיירי נוזל לכלים,מיליליטרים,650.00,"100 מ""ל",false,0,9.30,1.43,true,1,
4084500739253,false,אורל בי White 3Dלובן75מל,פרוקטר אנד גמבל,DE,משחת אורל בי,מיליליטרים,75.00,"100 מ""ל",false,1,19.50,26.00,true,1,
4100130937163,false,"בירה בקס 275*6 מ""ל",CO AND BECK,DE,בירה בקס 6 בקבוק,ליטרים,1.65,ליטר,false,1,29.70,18.00,true,1,
4105120623941,false,"בירה ויינשטפן בק 500 מ""ל","ויינשטפן, ת.ד 1155 פרייז",DE,בירה ויינשטפן,מיליליטרים,500.00,"100 מ""ל",false,1,11.80,2.36,true,1,
4105120624412,false,בירה ויינשטפן ויטוס500מל,"ויינשטפן, ת.ד 1155 פרייז",DE,בירה ויישטפן,מיליליטרים,500.00,"100 מ""ל",false,1,11.80,2.36,true,1,
4600659010854,false,"וודקה סטוליצ'ניה 700 מ""ל",איי. אס. לטבייאס בלזם,LV,וודקה סטוליצ'ניה,מיליליטרים,700.00,"100 מ""ל",false,0,55.50,7.93,true,1,
4603400000043,false,וודקה רוסקי,,RU,וודקה רוסקי,מיליליטרים,700.00,"100 מ""ל",false,0,55.50,7.93,true,1,
4607001779650,false,קפה נמס ג'קובס גולד 190ג,,RU,קפה נמס ג'קובס,גרמים,190.00,100 גרם,false,1,23.90,12.58,true,1,
4607012351005,false,גרעיני חמנייה מרטין 200,אל אל סי מרטין,RU,גרעין חמנייה,גרמים,200.00,100 גרם,false,1,11.00,5.50,true,1,
4607012351999,false,גרעיני חמנייה במלח מרטין,אל אל סי מרטין,RU,גרעיני חמנייה במ,גרמים,200.00,100 גרם,false,1,11.00,5.50,true,1,
4607086730423,false,גרעין חמנייה קלוי 200גרם,KARPAI,IL,גרעין חמנייה,גרמים,200.00,100 גרם,false,1,10.10,5.05,true,1,
4607086730782,false,גרעין חמנייה עם מלח 200ג,KARPAI,IL,גרעין חמניה מלח,גרמים,200.00,100 גרם,false,1,10.10,5.05,true,1,
4607109409619,false,פיניש הכל ב1- 25 טבליות,רקיט בנקיזר,PL,פיניש הכל ב1,יחידה,1.00,יחידה,false,1,28.70,28.70,true,1,
4640018990342,false,פיניש קוואנטום לימון54טב,רקיט בנקיזר,PL,פיניש 54 טבליות,יחידה,1.00,יחידה,false,1,49.20,49.20,true,1,
4640018993343,false,פיניש קוואנטום למדיח30טב,רקיט בנקיזר,PL,פיניש 30 טבליות,יחידה,1.00,יחידה,false,1,30.60,30.60,true,1,
4640018993404,false,פיניש קוואנטום למדיח75טב,רקיט בנקיזר,PL,פיניש 75 טבליות,יחידה,1.00,יחידה,false,1,68.20,68.20,true,1,
4710068001715,false,מאסטר קפה,,TW,מאסטר קפה,מיליליטרים,240.00,"100 מ""ל",false,0,7.20,3.00,true,1,
4710068001739,false,מאסטר קפה,,TW,מאסטר קפה,מיליליטרים,240.00,"100 מ""ל",false,0,7.20,3.00,true,1,
4710964104916,false,שמן שומשום,,TW,שמן שומשום,מיליליטרים,370.00,"100 מ""ל",false,0,19.50,5.27,true,1,
4751007730938,false,שפרוטים מעושנים 240 גרם,פודסטוק,LV,שפרוטים מעושנים,גרמים,240.00,100 גרם,false,1,10.80,4.50,true,1,
4751007733229,false,פילה סלמון ר.עגבניות170ג,KARAVELLA,LV,פילה סלמון ברוטב,גרמים,170.00,100 גרם,false,1,11.00,6.47,true,1,
4800888150080,false,דאו.דאב רול און ירוק 50,יוניליוור,PH,דאודורנט דאב,מיליליטרים,50.00,"100 מ""ל",false,0,13.50,27.00,true,1,
4800888219510,false,"דאו סטיק מלפפונים50 מ""ל",יוניליוור,PH,דאודורנט דאב,גרמים,50.00,100 גרם,false,1,13.50,27.00,true,1,
4800888219534,false,דאודורנט סטיק אורגינל 50,יוניליוור,PH,דאו.דאב,מיליליטרים,50.00,"100 מ""ל",false,1,13.50,27.00,true,1,
4820097898016,false,סיידר הפס דובדבן 330*4מל,בוורז' פלאס,UA,סיידר דובדבן 4יח,ליטרים,1.32,ליטר,false,1,22.30,16.90,true,1,
4860019001414,false,מים מינרליים,,GE,מים מינרליים,מיליליטרים,750.00,"100 מ""ל",false,0,8.30,1.11,true,1,
4891228308032,false,אינטואישן ידית5+ סכינים,ארץ ייצור סכינים: ארהבn\,US,שיק אינטואישן5+ס,יחידה,1.00,יחידה,false,1,51.10,51.10,true,1,
4891228309268,false,שיק 3סכיני סילק טאצ' אפ,אדג'וול,US,שיק סכיני סילק ט,יחידה,1.00,יחידה,false,1,18.70,18.70,true,1,
4903001904192,false,"רוטב סויה יאמאסה 500 מ""ל",יאמאסה,JP,רוטב סויה יאמאסה,מיליליטרים,500.00,"100 מ""ל",false,0,15.30,3.06,true,1,
4903001930993,false,"רוטב טריאקי יאמאסה500מ""ל",יאמאסה,JP,רוטב טריאקי,מיליליטרים,500.00,"100 מ""ל",false,1,15.30,3.06,true,1,
5000054351900,false,פריסקיז פטה דג 156גרם,נסטלה פורינה,US,פריסקיז פטה דג,גרמים,156.00,100 גרם,false,1,5.60,3.59,true,1,
5000054353300,false,פריסקיז פטה סלמון 156 גר,נסטלה פורינה,US,פריסקיז פטה,גרמים,156.00,100 גרם,false,1,5.60,3.59,true,1,
5000054357100,false,פריסקיז פטה מיקס 156 גרם,נסטלה פורינה,US,פריסקיז פטה מיקס,גרמים,156.00,100 גרם,false,1,5.60,3.59,true,1,
5000054359500,false,פריסקיז כבד ועוף 156 גרם,נסטלה פורינה,US,פריסקיז כבד ועוף,גרמים,156.00,100 גרם,false,1,5.60,3.59,true,1,
5000157143365,false,מתבל ט.מיונז וקטשופ425גר,"פודליצקי ספ.ז.או.או,",PL,מתבל ט.מיונז,גרמים,425.00,100 גרם,false,1,13.50,3.18,true,1,
5000159376655,false,סוכריות סקיטלס פירות38ג,ריגלי ממתקים,CZ,סוכריות סקיטלס,גרמים,38.00,100 גרם,false,0,2.80,7.37,true,1,
5000159376792,false,סוכריות סקיטלס חמוץ 38 ג,ריגלי ממתקים,CZ,סוכריות סקיטלס,גרמים,38.00,100 גרם,false,0,2.80,7.37,true,1,
5000159407236,false,חטיף מרס 51 גרם,מרס הולנד בי.וי.,NL,חטיף מרס,גרמים,51.00,100 גרם,false,0,3.90,7.65,true,1,
5000159409179,false,מיני סניקרס בשקית 403 גר,מרס הולנד בי.וי.,NL,מיני סניקרס,גרמים,403.00,100 גרם,false,0,21.20,5.26,true,1,
5000159442572,false,מיני טוויקס בשקית 403גרם,מרס,DE,מיני טוויקס,גרמים,403.00,100 גרם,false,0,21.20,5.26,true,1,
5000159452540,false,חטיפי סניקרס 5 * 50 גרם,מרס הולנד בי.וי.,NL,חטיפי סניקרס,גרמים,250.00,100 גרם,false,1,11.00,4.40,true,1,
5000159459228,false,חטיף טוויקס 50 גרם,מרס,NL,חטיף טוויקס,גרמים,50.00,100 גרם,false,0,3.90,7.80,true,1,
5000159461122,false,חטיף סניקרס 50 גרם,מרס הולנד בי.וי.,NL,חטיף סניקרס,גרמים,50.00,100 גרם,false,0,3.90,7.80,true,1,
5000204243031,false,"דאק נוזל ירח פורח750מ""ל",,NL,דאק נוזל ירח,מיליליטרים,750.00,"100 מ""ל",false,1,7.60,1.02,true,1,
5000204657883,false,קיווי משחה חומה50מל,ג'ונסון,ID,קיווי משחה בחום,מיליליטרים,50.00,"100 מ""ל",false,0,5.90,11.80,true,1,
5000204658125,false,קיווי נוזל נעליים חום75מ,ג'ונסון,PL,קיווי נוזל,מיליליטרים,75.00,"100 מ""ל",false,0,14.70,19.60,true,1,
5000213000359,false,"בירה גינס 330 מ""ל",תשלובת גינס,IE,בירה גינס,מיליליטרים,330.00,"100 מ""ל",false,1,12.70,3.85,true,1,
5000213014905,false,"בירה גינס פחית 440 מ""ל",קרלסברג ישראל,IE,בירה גינס פחית,מיליליטרים,440.00,"100 מ""ל",false,0,14.40,3.27,true,1,
5000267014234,false,וויסקי ג'וני ווקר אדום,ג'ון ווקר ובניו,GB,ג'וני ווקר אדום,מיליליטרים,700.00,"100 מ""ל",false,0,69.70,9.96,true,1,
5000267024233,false,וויסקי ג'וני ווקר שחור,ג'וני ווקר ובניו,GB,ויסקי ג'וני ווקר,מיליליטרים,700.00,"100 מ""ל",false,0,111.00,15.86,true,1,
5000289925440,false,"ג'ין גורדון 700 מ""ל",אלכסנדר גורדון ושות',GB,ג'ין גורדון,מיליליטרים,700.00,"100 מ""ל",false,1,76.80,10.97,true,1,
5000394140820,false,6דורסל פלוס פאוור AA,דורסל,BE,דורסל פלוס פאוור,יחידה,1.00,יחידה,false,1,17.00,17.00,true,1,
5000394141209,false,6דורסל פלוס פאוור AAA,דיפלומט,BE,דורסל פלוס פאוור,יחידה,1.00,יחידה,false,1,17.00,17.00,true,1,
5000394142190,false,סוללת דורסל V9 פלוס 1 יח,דורסל,MY,סוללת V9 דורסל,יחידה,1.00,יחידה,false,1,28.10,28.10,true,1,
5000394203921,false,דורסל סוללות ליתיום 2 יח,דורסל,CN,דורסל זוג סוללות,יחידה,1.00,יחידה,false,1,17.00,17.00,true,1,
5000396037548,false,ביסק.מצופה שוק.מריר200ג,יונייטד ביסקוויטס,GB,ביסקוויט מקויטיס,גרמים,200.00,100 גרם,false,1,10.10,5.05,true,1,
5010038454831,false,"בירה בלו מון 330 מ""ל","מבשלת סטרופראמן בע""\מ ,",CZ,בירה בלו מון,מיליליטרים,330.00,"100 מ""ל",false,1,11.80,3.58,true,1,
5010182997918,false,דאק ג'ל אסלה ניחוח ים 55,DEOFLOR,IT,דאק ג'ל לאסלה,מיליליטרים,55.00,"100 מ""ל",false,0,9.80,17.82,true,1,
5010327000046,false,"וויסקי גרנטס 700 מ""ל","וויליאם גראנט ובניו בע""\",GB,וויסקי גרנט'ס,מיליליטרים,700.00,"100 מ""ל",false,0,68.30,9.76,true,1,
5010677551281,false,"בריזר לימון בקבוק 275 מ""","בקרדי בע""מ",BE,בריזר לימון,מיליליטרים,275.00,"100 מ""ל",false,0,13.60,4.95,true,1,
5010677551397,false,"בריזר למון ליים 275 מ""ל","בקרדי בע""מ",BE,בריזר למון ליים,מיליליטרים,275.00,"100 מ""ל",false,1,13.60,4.95,true,1,
5010677552387,false,בריזר ט.אננס בקבוק 275מל,בקרדי בעמ,BE,בריזר בטעם אננס,מיליליטרים,275.00,"100 מ""ל",false,0,13.60,4.95,true,1,
5010677554398,false,"בריזר אבטיח בקבוק 275מ""ל",בקרדי בעמ,BE,בריזר אבטיח,מיליליטרים,275.00,"100 מ""ל",false,0,13.60,4.95,true,1,
5010677714006,false,"ג'ין בומביי ספייר 700מ""ל",בומביי ספיריטס,GB,ג'ין בומביי,מיליליטרים,700.00,"100 מ""ל",false,1,102.50,14.65,true,1,
5011007003005,false,וויסקי ג'יימסון,,IE,וויסקי ג'יימסון,מיליליטרים,700.00,"100 מ""ל",false,0,81.10,11.58,true,1,
5011348008479,false,"בירה קינג גובלין 500 מ""ל",מבשלת וויצ'ווד,GB,בירה קינג גובלין,מיליליטרים,500.00,"100 מ""ל",false,1,14.40,2.88,true,1,
5011348015194,false,בירה הובגובלין גולד500מל,מבשלת וויצ'ווד,GB,בירה הובגובלין,מיליליטרים,500.00,"100 מ""ל",false,1,14.40,2.88,true,1,
5011408040791,false,REVITALIFT קרם לילה,"קרלסרו, גרמניה",DE,REVITALIFT קרם,מיליליטרים,50.00,"100 מ""ל",false,0,55.40,110.80,true,1,
5012251012256,false,"תרחיץ דטוקס לפנים 150 מ""",,GB,תרחיץ דטוקס לפני,מיליליטרים,150.00,"100 מ""ל",false,1,12.70,8.47,true,1,
5014271300429,false,מעד.משמש ל.תוספת סוכר284,סאן דלפור - שמבור,FR,מעדן מישמש,גרמים,284.00,100 גרם,false,0,19.50,6.87,true,1,
5014271310428,false,מעדן דובדבן שחור 284 גרם,סאן דלפור - שמבור,FR,מעדן דובדבן שחור,גרמים,284.00,100 גרם,false,0,19.50,6.87,true,1,
5014271330426,false,מעדן אוכמניות כחולות284ג,סאן דלפור - שמבור,FR,מעדן אוכמניות,גרמים,284.00,100 גרם,false,0,19.50,6.87,true,1,
5014271350424,false,מעדן ארבעה פירות 284 גרם,סאן דלפור - שמבור,FR,מעדן 4 פירות,גרמים,284.00,100 גרם,false,0,19.50,6.87,true,1,
5014271360423,false,מעד.תפוז ללא תוס.סוכר284,סאן דלפור - שמבור,FR,מעדן תפוזים,גרמים,284.00,100 גרם,false,0,19.50,6.87,true,1,
5014271400426,false,מעדן תות שדה 284 גרם,סאן דלפור - שמבור,FR,מעדן תות שדה,גרמים,284.00,100 גרם,false,0,19.50,6.87,true,1,
5014379009972,false,"בירה באדוויזר 500 מ""ל","איי, בי, אינבוו",GB,בירה באדוויזר,מיליליטרים,500.00,"100 מ""ל",false,1,9.30,1.86,true,1,
5020628001475,false,סיידר תפוחים רוזה 500מל,ת'אצרס,GB,סיידר תפוחים,מיליליטרים,500.00,"100 מ""ל",false,1,9.30,1.86,true,1,
5024546366609,false,וויסקי לאודרס,,GB,וויסקי לאודרס,מיליליטרים,700.00,"100 מ""ל",false,0,84.60,12.09,true,1,
5029053510811,false,קוטקס תחבושות נורמל 30יח,חוגלה קימברלי,CZ,תחבושות קוטקס,יחידה,1.00,יחידה,false,0,17.80,17.80,true,1,
5029053523446,false,קוטקס תחבושות נייט 20 יח,חוגלה קימברלי,CZ,תחבושות נייט קוט,יחידה,1.00,יחידה,false,0,17.80,17.80,true,1,
5029053534596,false,32 טמפוני קוטקס נורמל,קימברלי קלארק,CZ,טמפוני קוטקס,יחידה,1.00,יחידה,false,0,23.80,23.80,true,1,
5029053535227,false,16טמפו.קוטקס מוליך נורמ.,קימברלי קלארק,CZ,טמפוני קוטקס,יחידה,1.00,יחידה,false,0,20.50,20.50,true,1,
5029054220085,false,מגבונים לרך נולד 56*4 יח,חוגלה קימברלי,GB,מגבונים לרך נולד,יחידה,1.00,יחידה,false,1,27.20,27.20,true,1,
5035766044673,false,"סטרונגבאו סיידר 330 מ""ל",סטאסן ס.א,BE,סטרונגבאו סיידר,מיליליטרים,330.00,"100 מ""ל",false,0,7.00,2.12,true,1,
5035766060253,false,"בירה מרפיס סטאוט 500 מ""ל",הייניקן,GB,בירה מרפיס,מיליליטרים,500.00,"100 מ""ל",false,0,11.90,2.38,true,1,
5053827215862,false,קלוגס קוקו פופס 500 גרם,קלוגס מניופקטורינג אספנה,GB,קלוגס קוקו פופס,גרמים,500.00,100 גרם,false,1,18.30,3.66,true,1,
5055966801012,false,וויסקי אירי בושמילס 1 ל,,IE,וויסקי בושמילס,ליטרים,1.00,ליטר,false,1,89.70,89.70,true,1,
5060045588128,false,ויסקי ג'ים בים בורבון700,בים סנטורי,US,וויסקי ג'ים בים,מיליליטרים,700.00,"100 מ""ל",false,1,72.60,10.38,true,1,
5060517886516,false,מונסטר אנרג'י זירו 500 מ,energy Monster סרביה,RS,מונסטר אנרג'י,מיליליטרים,500.00,"100 מ""ל",false,1,6.80,1.36,true,1,
5060639128051,false,מונסטר אנרג'י אולטרה500מ,energy Monster סרביה,RS,מונסטר אולטרה,מיליליטרים,500.00,"100 מ""ל",false,1,6.80,1.36,true,1,
5201004020338,false,גלילי וופל רולס קלאסי400,א.ג פאפאגופולוס,GR,גלילי וופל קפריס,גרמים,400.00,100 גרם,false,1,17.80,4.45,true,1,
5201178801054,false,"קרם ניוואה 250 מ""ל",HELLAS BEIERSDORF,DE,ניוואה קרם לחות,מיליליטרים,250.00,"100 מ""ל",false,0,18.70,7.48,true,1,
5201263006340,false,DAY EVERYתחבושות נורמל18,,GR,תחבושות נורמל,יחידה,1.00,יחידה,false,1,11.00,11.00,true,1,
5201263006357,false,DAY EVERYתחבושות סופר18י,,GR,תחבושות סופר,יחידה,1.00,יחידה,false,1,11.00,11.00,true,1,
5201263006364,false,DAY EVERYתחבושות מקסי18י,,GR,תחבושות מקסי,יחידה,1.00,יחידה,false,1,11.00,11.00,true,1,
5201263011474,false,DAY EVERYמגן תח לארג30יח,,GR,מגני תחתון לארג',יחידה,1.00,יחידה,false,1,11.00,11.00,true,1,
5201583750411,false,סוכריות ט.לימון+סטיביה32,,GR,סוכריות זירו,גרמים,32.00,100 גרם,false,1,6.40,20.00,true,1,
5201583750510,false,סוכריות טעם תות קרמי32,,GR,סוכריות זירו,גרמים,32.00,100 גרם,false,1,6.40,20.00,true,1,
5201583751418,false,סוכ.אייס בלו+סטיביה32גרם,,GR,סוכריות זירו,גרמים,32.00,100 גרם,false,1,6.40,20.00,true,1,
5201583752415,false,סוכריות ממולא שוק.תפוז36,,GR,סוכריות זירו,גרמים,36.00,100 גרם,false,1,6.40,17.78,true,1,
5201940010110,false,זיתים שחורים,,GR,זיתים שחורים,גרמים,454.00,100 גרם,false,0,15.30,3.37,true,1,
5202300043007,false,קולסטון 7/7 חום שטני,HFC פרסטיג',DE,קולסטון שפופרת,יחידה,1.00,יחידה,false,0,17.00,17.00,true,1,
5202300043151,false,קולסטון 8/0 בלונד בהיר,HFC פרסטיג',DE,קולסטון שפופרת,יחידה,1.00,יחידה,false,0,17.00,17.00,true,1,
5202300043274,false,קולסטון 8/1 בלונד אפרפר,HFC פרסטיג',DE,קולסטון שפופרת,יחידה,1.00,יחידה,false,0,17.00,17.00,true,1,
5202300043281,false,קולסטון 7/1 בלונד אפרפר,HFC פרסטיג',DE,קולסטון שפורפרת,יחידה,1.00,יחידה,false,0,17.00,17.00,true,1,
5208049000639,false,רוטמנס כחול ארוך חפיסה,BAT,TR,רוטמנס כחול ארוך,יחידה,1.00,יחידה,false,1,29.00,29.00,false,1,
5208049001841,false,פאלמאל דמי קפסולה חפיסה,BAT,PL,פאלמאל דמי קפסול,יחידה,1.00,יחידה,false,1,27.00,27.00,false,1,
5208049002473,false,קנט ארוך חפיסה,BAT,TR,קנט ארוך,יחידה,1.00,יחידה,false,1,38.00,38.00,false,1,
5391523057929,false,סימילאק גולד שלב 1 700 ג,ABBOT,IE,סימילאק גולד,גרמים,700.00,100 גרם,false,1,61.40,8.77,true,1,
5391523057936,false,סימילאק גולד שלב 2 700 ג,ABBOT,IE,סימילאק גולד,גרמים,700.00,100 גרם,false,1,61.40,8.77,true,1,
5391523057943,false,סימילאק גולד שלב 3 700 ג,ABBOT,IE,סימילאק גולד,גרמים,700.00,100 גרם,false,1,61.40,8.77,true,1,
5391523058063,false,סימילאק אדבנס+ שלב1 700ג,ABBOT,IE,סימילאק אדבנס,גרמים,700.00,100 גרם,false,1,56.30,8.04,true,1,
5391523058070,false,סימילאק אדבנס+ שלב3 700ג,ABBOT,IE,סימילאק אדבנס,גרמים,700.00,100 גרם,false,1,56.30,8.04,true,1,
5400265035918,false,בונ.המלט אקסלסיום זהב180,,BE,בונבוניירה המלט,גרמים,180.00,100 גרם,false,1,16.10,8.94,true,1,
5400265035932,false,בונ.המלט אקסלסיום כסף180,,BE,בונבוניירה המלט,גרמים,180.00,100 גרם,false,1,16.10,8.94,true,1,
5410076933129,false,אריאל שושן צחור 3קג,P&G,CZ,אריאל שושן צחור,קילוגרמים,3.00,"ק""ג",false,0,27.20,9.07,true,1,
5410126006087,false,ביסקוויט בטעם קרמל 700 ג,לוטוס ביקרי,BE,ביסקוויט לוטוס,גרמים,700.00,100 גרם,false,0,27.00,3.86,true,1,
5410126106183,false,ביסקוויט לוטוס ארוז 50יח,לוטוס ביקרי,BE,ביסקוויט לוטוס,גרמים,312.00,100 גרם,false,0,14.40,4.61,true,1,
5410126116953,false,ממרח ביסקוויט לוטוס 400ג,לוטוס ביקרי,BE,ממרח ביסקוויט,גרמים,400.00,100 גרם,false,0,21.50,5.38,true,1,
5410126666038,false,ביסקוויט לוטוס קרמל279ג,לוטוס ביקרי,BE,ביסקוויט לוטוס,גרמים,279.00,100 גרם,false,1,11.80,4.23,true,1,
5410126716016,false,ביסקוויט לוטוס ט.קרמל250,לוטוס ביקרי,BE,ביסקויט לוטוס,גרמים,250.00,100 גרם,false,0,10.80,4.32,true,1,
5410228267515,false,"בירה באדוויזר 330*6 מ""ל","איי, בי, אינבוו",GB,בירה באדוויזר6בק,ליטרים,1.98,ליטר,false,1,24.10,12.17,true,1,
5410316983693,false,"אייס סמירנוף בק275. מ""ל",דיאג'ו,IT,אייס סמירנוף,מיליליטרים,275.00,"100 מ""ל",false,0,11.90,4.33,true,1,
5410769100081,false,"בירה לה שוף בקבוק330מ""ל",דובל מורטגט,BE,בירה לה שוף,מיליליטרים,330.00,"100 מ""ל",false,1,13.50,4.09,true,1,
5411081000523,false,"בירה קסטיל דונקר 330 מ""ל",מבשלת קסטל ואן הונסברוק,BE,בירה קסטיל דונקר,מיליליטרים,330.00,"100 מ""ל",false,0,11.00,3.33,true,1,
5411081000677,false,"בירה קסטיל טריפל 330 מ""ל",מבשלת קסטל ואן הונסברוק,BE,בירה קסטיל טריפל,מיליליטרים,330.00,"100 מ""ל",false,1,11.00,3.33,true,1,
5411081003654,false,בירה קסטיל רוז',,BE,בירה קסטיל רוז',מיליליטרים,330.00,"100 מ""ל",false,0,11.00,3.33,true,1,
5411081008192,false,בירה קסטיל רוז' פחית330מ,ואן הונסברוק,BE,קסטיל רוז' פחית,מיליליטרים,330.00,"100 מ""ל",false,1,11.00,3.33,true,1,
5411081008420,false,"בירה שושנע פחית 330 מ""ל",מבשלת קסטל ואן הונסברוק,BE,בירה שושנע פחית,מיליליטרים,330.00,"100 מ""ל",false,1,11.00,3.33,true,1,
5411188080268,false,משקה סויה אורגני אלפרו1ל,אלפרו C.V.A,BE,משקה סויה אורגני,ליטרים,1.00,ליטר,false,0,13.50,13.50,true,1,
5411188081852,false,משקה סויה בטעם וניל 1 ל,אלפרו C.V.A,BE,משקה סויה וניל,ליטרים,1.00,ליטר,false,0,13.50,13.50,true,1,
5411188094159,false,מעדן סויה שוק.מריר125*4ג,אלפרו C.V.A,BE,מעדן סויה 4 יח',גרמים,500.00,100 גרם,false,0,16.10,3.22,true,1,
5411188106159,false,משקה סויה מופחת שומן 1 ל,אלפרו C.V.A,BE,משקה סויה אלפרו,ליטרים,1.00,ליטר,false,0,11.80,11.80,true,1,
5411188110835,false,משקה שקדים אלפרו 1 ליטר,אלפרו C.V.A,BE,משקה שקדים אלפרו,ליטרים,1.00,ליטר,false,0,11.80,11.80,true,1,
5411188112549,false,משקה אורז אלפרו 1 ליטר,אלפרו C.V.A,BE,משקה אורז אלפרו,ליטרים,1.00,ליטר,false,0,11.80,11.80,true,1,
5411188112709,false,"משקה שקדים ללת""ס אלפרו1ל",אלפרו C.V.A,BE,משקה שקדים אלפרו,ליטרים,1.00,ליטר,false,0,11.80,11.80,true,1,
5411188115366,false,משקה שיבולת שועל אלפרו1ל,אלפרו C.V.A,BE,משקה שיבולת שועל,ליטרים,1.00,ליטר,false,0,11.80,11.80,true,1,
5411188115472,false,משקה סויה אלפרו 1 ליטר,אלפרו C.V.A,BE,משקה סויה אלפרו,ליטרים,1.00,ליטר,false,1,11.80,11.80,true,1,
5411188118732,false,משקה קוקוס שקדים אלפרו1ל,אלפרו C.V.A,BE,משקה קוקוס שקדים,ליטרים,1.00,ליטר,false,1,11.80,11.80,true,1,
5411188120742,false,משקה שקדים טעם וניל 1 ל,אלפרו C.V.A,BE,משקה שקדים וניל,ליטרים,1.00,ליטר,false,1,11.80,11.80,true,1,
5411188121923,false,משקה סויה אלפרו 3 * 250מ,אלפרו C.V.A,BE,משקה סויה 3 יח,מיליליטרים,750.00,"100 מ""ל",false,1,13.50,1.80,true,1,
5411188121978,false,משקה סויה ט.שוקולד250*3מ,אלפרו C.V.A,BE,משקה סויה 3 יח,מיליליטרים,750.00,"100 מ""ל",false,1,13.50,1.80,true,1,
5411188124689,false,"משקה ש.שועל ללת""ס1 ליטר",אלפרו C.V.A,BE,משקה ש.שועל,ליטרים,1.00,ליטר,false,1,11.80,11.80,true,1,
5411188124726,false,משקה ש.שועל שקדים 1 ל,אלפרו C.V.A,BE,משקה שיבולת שועל,ליטרים,1.00,ליטר,false,1,11.80,11.80,true,1,
5411188126195,false,משקה שקדים ביו אלפרו 1 ל,אלפרו C.V.A,BE,משקה שקדים אלפרו,ליטרים,1.00,ליטר,false,1,11.80,11.80,true,1,
5411188127697,false,משקה ש.שועל בריסטה 1 ל,אלפרו C.V.A,BE,משקה שיבולת שועל,ליטרים,1.00,ליטר,false,1,11.80,11.80,true,1,
5411188129899,false,משקה שקדים בריסטה 1 ל,אלפרו C.V.A,BE,משקה שקדים אלפרו,ליטרים,1.00,ליטר,false,1,11.80,11.80,true,1,
5411188134985,false,משקה שיבולת שועל3.5% 1 ל,אלפרו C.V.A,BE,משקה שיבולת שועל,ליטרים,1.00,ליטר,false,1,12.70,12.70,true,1,
5411188135005,false,משקה שיבולת שועל 1.8% 1ל,אלפרו C.V.A,BE,משקה שיבולת שועל,ליטרים,1.00,ליטר,false,1,12.70,12.70,true,1,
5411188300328,false,משקה סויה ט.שוקולד 1ל,אלפרו C.V.A,BE,משקה סויה שוקו,ליטרים,1.00,ליטר,false,0,13.50,13.50,true,1,
5411188543398,false,"משקה סויה לל""ס אלפרו 1 ל",אלפרו C.V.A,BE,משקה סויה אלפרו,ליטרים,1.00,ליטר,false,1,11.80,11.80,true,1,
5411681038001,false,"מרדסו מעורפלת מאוד330מ""ל",דובל מורטגט,BE,בירה מרדסו,מיליליטרים,330.00,"100 מ""ל",false,0,13.50,4.09,true,1,
5413548040479,false,בונ.רפאלו 240 גרם,פררו,PL,בונבוניירה רפאלו,גרמים,240.00,100 גרם,false,0,22.90,9.54,true,1,
5600395030689,false,סרדין בשמן סויה חריף115ג,קופיסה אס.איי,PT,סרדין בשמן,גרמים,115.00,100 גרם,false,0,7.60,6.61,true,1,
5601008200444,false,עוג.גודיס שוקולד חלב150ג,"ש. שסטוביץ בע""\מ",PT,עוגיות גודיס,גרמים,150.00,100 גרם,false,0,6.70,4.47,true,1,
5601036205725,false,צבע שיער אקסלנס 10 בלונד,לוריאל ישראל קוסמטיקס בע,BE,צבע שיער אקסלנס,יחידה,1.00,יחידה,false,0,29.80,29.80,true,1,
5701932026964,false,הוטפופ טעם טבעי100*6ג,פופז,US,פופקורן הוטפופ,גרמים,600.00,100 גרם,false,0,14.40,2.40,true,1,
5701932026971,false,הוטפופ טעם חמאה100*6גר,פופז,US,הוטפופ טעם חמאה,גרמים,600.00,100 גרם,false,0,14.40,2.40,true,1,
5701932026995,false,הוטפופ ט.טבעי מופחת שומן,פופז,US,הוטפופ טעם טבעי,גרמים,510.00,100 גרם,false,0,14.40,2.82,true,1,
5740900108264,false,ממרח חמאה לורפק במשקל,ארלה פודס אמבה,DK,ממרח חמאה לורפק,קילוגרמים,0.00,"ק""ג",true,1,38.40,38.40,true,1,
5740900403215,false,ממרח לורפק עם מלח 250 גר,ארלה פודס אמבה,DK,ממרח לורפק,גרמים,250.00,100 גרם,false,1,15.30,6.12,true,1,
5740900403222,false,ממרח לורפק+מלח מופחת250ג,ארלה פודס אמבה,DK,ממרח לורפק,גרמים,250.00,100 גרם,false,1,15.30,6.12,true,1,
5740900403246,false,ממרח לורפק ללא מלח500גרם,ארלה פודס אמבה,DK,ממרח לורפק,גרמים,500.00,100 גרם,false,1,25.40,5.08,true,1,
5740900403253,false,ממרח  לורפק עם מלח 500 ג,ארלה פודס אמבה,DK,ממרח לורפק,גרמים,500.00,100 גרם,false,1,25.40,5.08,true,1,
5900020015174,false,פיטנס חטיף דגנים שוק6.יח,סי. פי. פולין,PL,חטיפי פיטנס 6 יח,גרמים,141.00,100 גרם,false,0,15.30,10.85,true,1,
5900020026552,false,האני נאט צ'יריוס 625גרם,סי. פי. צרפת,FR,האני נאט צ'יריוס,גרמים,625.00,100 גרם,false,1,23.80,3.81,true,1,
5900020034021,false,חטיפי דגנים שוק.בננה 6יח,סי. פי. פולין,PL,חטיפי פיטנס 6 יח,גרמים,141.00,100 גרם,false,1,15.30,10.85,true,1,
5900020036407,false,ליון דגני שוקולד+קרמל480,סי.פי פולין,PL,ליון דגני בוקר,גרמים,480.00,100 גרם,false,1,22.90,4.77,true,1,
5901414200411,false,היט מיניס שוקו 130 גרם,בלזן,PL,היט מיניס שוקו,גרמים,130.00,100 גרם,false,0,5.90,4.54,true,1,
5902198160403,false,משקה אנרגיה TEN XL,"טמפו משקאות בע""\מ",IL,משקה אנרגיה,מיליליטרים,250.00,"100 מ""ל",false,1,4.20,1.68,true,1,
5903141082780,false,פאלמאל סילבר דמי סלימס פ,BAT,PL,פאלמאל סילבר דמי,יחידה,1.00,יחידה,false,1,265.00,265.00,false,1,
5904941751302,false,"משקה אנרגיה בלו 250 מ""ל",אקו - ביט,PL,משקה אנרגיה,מיליליטרים,250.00,"100 מ""ל",false,0,3.60,1.44,true,1,
5904941751920,false,בלו דיי משקה אנרגיה250מ,אקו - ביט,PL,בלו דיי משקה,מיליליטרים,250.00,"100 מ""ל",false,0,3.60,1.44,true,1,
5906485301012,false,משקה אנרגיה XL,,IL,משקה אנרגיה XL,מיליליטרים,250.00,"100 מ""ל",false,0,4.20,1.68,true,1,
5997010301010,false,מחית פפריקה מתוקה 70 גרם,יוניוור,HU,מחית פפריקה,גרמים,70.00,100 גרם,false,0,10.10,14.43,true,1,
5998623526739,false,גוורצטרמינר סי. גראס750מ,,HU,יין גוורצטרמינר,מיליליטרים,750.00,"100 מ""ל",false,1,34.10,4.55,true,1,
6001067017523,false,מברשת שיניים ילדים גיל+6,קולגייט- פלמוליב,CN,מברשת שיניים,יחידה,1.00,יחידה,false,0,10.10,10.10,true,1,
6008165003984,false,פאלמאל כחול טיוב חפיסה,bat,TR,פאלמאל כחול טיוב,יחידה,1.00,יחידה,false,0,31.50,31.50,false,1,
6008165271192,false,פאלמאל אדום ארוך חפיסה,bat,TR,פאלמאל אדום ארוך,יחידה,1.00,יחידה,false,0,31.50,31.50,false,1,
6008165274629,false,פאלמאל כחול ארוך טיוב חפ,bat,TR,פאלמאל ארוך טיוב,יחידה,1.00,יחידה,false,1,31.50,31.50,false,1,
6111094000259,false,קוסקוס דארי בינוני500גרם,דארי קוספאט אס. איי. או,MA,קוסקוס דארי,גרמים,500.00,100 גרם,false,1,9.30,1.86,true,1,
6910191800287,false,אצות ים נורי,,CN,אצות ים נורי,גרמים,28.00,100 גרם,false,0,11.80,42.14,true,1,
6912977000140,false,אטריות שעועית,,CN,אטריות שעועית,גרמים,250.00,100 גרם,false,0,7.50,3.00,true,1,
6920354824395,false,משחת שיניים פחם 90 גרם,,BR,משחת שיניים,גרמים,90.00,100 גרם,false,1,28.10,31.22,true,1,
6921052701001,false,אצות ווקאמה 40 גרם,טאפאדונגפורן קוקנט,CN,אצות ווקאמה,גרמים,40.00,100 גרם,false,0,8.40,21.00,true,1,
6922276100083,false,וואסבי 43 גרם,,CN,וואסבי 43 גרם,גרמים,43.00,100 גרם,false,0,9.40,21.86,true,1,
6933846212365,false,חול קריסטל  3.6 ליטר,,CN,חול קריסטל,ליטרים,3.60,ליטר,false,0,22.10,6.14,true,1,
6934731200078,false,אטריות טריות דקות 200 גר,,CN,אטריות טריות,גרמים,200.00,100 גרם,false,1,6.70,3.35,true,1,
6934731210138,false,אטריות טריות עבות 200 גר,g 200 noodles Fresh Udon,CN,אטריות טריות,גרמים,200.00,100 גרם,false,1,6.70,3.35,true,1,
6935325410118,false,שום יבוא,קטיף.,XX,שום יבוא,גרמים,190.00,100 גרם,false,0,6.90,3.63,true,1,
6936745600783,false,חומץ אורז 500 מל,,CN,חומץ אורז 500 מל,מיליליטרים,500.00,"100 מ""ל",false,0,14.40,2.88,true,1,
7271730901261,false,ארוחת אטריות,,US,ארוחת אטריות,גרמים,156.00,100 גרם,false,0,10.00,6.41,true,1,
7290000000022,true,עגבניה,קטיף.,IL,עגבניה,קילוגרמים,0.00,"ק""ג",true,0,7.90,7.90,true,1,
7290000000046,true,מלפפון,קטיף.,IL,מלפפונים,קילוגרמים,0.00,"ק""ג",true,0,7.90,7.90,true,1,
7290000000053,true,קישואים,קטיף.,IL,קישואים,קילוגרמים,0.00,"ק""ג",true,0,9.90,9.90,true,1,
7290000000084,true,פלפל ירוק בהיר,שותפות מזרחי,IL,פלפל ירוק בהיר,קילוגרמים,0.00,"ק""ג",true,0,10.90,10.90,true,1,
7290000000091,true,פלפל אדום,קטיף.,IL,פלפל אדום,קילוגרמים,0.00,"ק""ג",true,0,10.90,10.90,true,1,
7290000000107,true,פלפל ירוק כהה,קטיף.,IL,פלפל ירוק כהה,קילוגרמים,0.00,"ק""ג",true,0,9.90,9.90,true,1,
7290000000114,true,חציל,קטיף.,IL,חצילים,קילוגרמים,0.00,"ק""ג",true,0,8.90,8.90,true,1,
7290000000121,true,גזר ארוז,קטיף.,IL,גזר ארוז,קילוגרמים,0.00,"ק""ג",true,0,5.90,5.90,true,1,
7290000000138,true,כרוב לבן,קטיף.,IL,כרוב לבן,קילוגרמים,0.00,"ק""ג",true,0,5.90,5.90,true,1,
7290000000145,true,כרוב אדום,קטיף.,IL,כרוב אדום,קילוגרמים,0.00,"ק""ג",true,0,5.90,5.90,true,1,
7290000000176,true,כרובית,קטיף.,IL,כרובית,קילוגרמים,0.00,"ק""ג",true,0,11.90,11.90,true,1,
7290000000183,true,סלק,קטיף.,IL,סלק,קילוגרמים,0.00,"ק""ג",true,0,5.90,5.90,true,1,
7290000000220,true,קולורבי,קטיף.,IL,קולורבי,קילוגרמים,0.00,"ק""ג",true,0,9.90,9.90,true,1,
7290000000282,true,חסה ערבית,,IL,חסה ערבית,יחידה,1.00,יחידה,false,0,5.90,5.90,true,1,
7290000000350,true,מנגולד )סלק עלים( יחידה,קטיף.,IL,פזיל/ מנגולד,יחידה,1.00,יחידה,false,0,6.90,6.90,true,1,
7290000000374,true,פטריות שמפניון,קטיף.,IL,שמפניון,גרמים,220.00,100 גרם,false,0,9.90,4.50,true,1,
7290000000411,true,שום מארז,קטיף.,XX,שום מארז,גרמים,190.00,100 גרם,false,0,6.90,3.63,true,1,
7290000000428,true,בטטה מובחר,קטיף.,IL,בטטה,קילוגרמים,0.00,"ק""ג",true,0,10.90,10.90,true,1,
7290000000435,true,סלרי עלים יחידה,,IL,סלרי עלים,יחידה,1.00,יחידה,false,0,6.90,6.90,true,1,
7290000000466,true,בצל ירוק יחידה,,IL,בצל ירוק,יחידה,1.00,יחידה,false,0,6.90,6.90,true,1,
7290000000480,true,בצל יבש,קטיף.,IL,בצל יבש,קילוגרמים,0.00,"ק""ג",true,0,4.90,4.90,true,1,
7290000000503,true,תפוח אדמה קטן ארוז,קטיף.,IL,"תפו""א קטן ארוז",קילוגרמים,0.00,"ק""ג",true,0,7.90,7.90,true,1,
7290000000510,true,פטרוזיליה,,IL,פטרוזיליה,יחידה,1.00,יחידה,false,0,4.90,4.90,true,1,
7290000000527,true,שמיר  יחידה,,IL,שמיר,יחידה,1.00,יחידה,false,0,4.90,4.90,true,1,
7290000000534,true,סלרי ראש,,IL,סלרי ראש,יחידה,1.00,יחידה,false,0,6.90,6.90,true,1,
7290000000541,true,שורש  פטרוזיליה,,IL,שורש,יחידה,1.00,יחידה,false,0,6.90,6.90,true,1,
7290000000558,true,כוסברה יחידה,,IL,כוסברה,יחידה,1.00,יחידה,false,0,4.90,4.90,true,1,
7290000000565,true,נענע יחידה,,IL,נענע,יחידה,1.00,יחידה,false,0,4.90,4.90,true,1,
7290000000572,true,שומר,קטיף.,IL,שומר,קילוגרמים,0.00,"ק""ג",true,0,9.90,9.90,true,1,
7290000000589,true,"ארטישוק/תפו""א ירושלמי",קטיף.,IL,"ארטישוק/תפו""א",קילוגרמים,0.00,"ק""ג",true,0,15.90,15.90,true,1,
7290000000596,true,תפוח אדמה לבן תפזורת,קטיף.,IL,תפוח אדמה תפזורת,קילוגרמים,0.00,"ק""ג",true,0,5.90,5.90,true,1,
7290000000619,true,פלפל חריף,שותפות מזרחי,IL,פלפל חריף,קילוגרמים,0.00,"ק""ג",true,0,10.90,10.90,true,1,
7290000000701,true,פטריות שמפניון למילוי,קטיף.,IL,שמפניון למילוי,קילוגרמים,0.00,"ק""ג",true,0,36.90,36.90,true,1,
7290000000718,true,פטריות חורש,קטיף.,IL,פטריות חורש,קילוגרמים,0.00,"ק""ג",true,0,36.90,36.90,true,1,
7290000000732,true,דלורית,קטיף.,IL,דלורית,קילוגרמים,0.00,"ק""ג",true,0,7.90,7.90,true,1,
7290000000794,true,סלרי קצוץ יחידה,יראון עבודות חקלאיות,IL,גבעולי סלרי,יחידה,1.00,יחידה,false,0,6.90,6.90,true,1,
7290000000824,true,קשוא ירוק )זוקיני(,קטיף.,IL,קשוא ירוק,קילוגרמים,0.00,"ק""ג",true,0,9.90,9.90,true,1,
7290000000848,true,תירס קלוף ארוז,קטיף.,IL,תירס קלוף ארוז,קילוגרמים,0.00,"ק""ג",true,0,9.90,9.90,true,1,
7290000000855,true,פלפל צהוב,קטיף.,IL,פלפל צהוב,קילוגרמים,0.00,"ק""ג",true,0,10.90,10.90,true,1,
7290000000930,true,קישוא עגול,קטיף.,IL,קישוא עגול,קילוגרמים,0.00,"ק""ג",true,0,14.90,14.90,true,1,
7290000000954,true,רוקט ג.נחל חידה,קטיף.,IL,רוקט+ג.נחל-יח,יחידה,1.00,יחידה,false,0,6.90,6.90,true,1,
7290000001029,true,פלפל צילי יחידה,קטיף.,IL,פילפל צילי יח,יחידה,1.00,יחידה,false,0,6.90,6.90,true,1,
7290000001036,true,בצל יבש אדום,קטיף.,XX,בצל יבש אדום,קילוגרמים,0.00,"ק""ג",true,0,7.90,7.90,true,1,
7290000001050,true,בזיליקום יחידה,,IL,בזיליקום  יחידה,יחידה,1.00,יחידה,false,0,6.50,6.50,true,1,
7290000001104,true,פטריות חורש,קטיף.,IL,פטריות חורש,יחידה,1.00,יחידה,false,0,10.90,10.90,true,1,
7290000001661,true,גזר תפזורת,קטיף.,IL,גזר תפזורת,קילוגרמים,0.00,"ק""ג",true,0,5.90,5.90,true,1,
7290000001692,true,תפוח אדמה אדום ארוז,קטיף.,IL,תפוא אדום ארוז,קילוגרמים,0.00,"ק""ג",true,0,5.90,5.90,true,1,
7290000001715,true,תפוח אדמה לבן ארוז,קטיף.,IL,תפוח אדמה לבן,קילוגרמים,0.00,"ק""ג",true,0,4.90,4.90,true,1,
7290000001722,true,תפוח אדמה אדום תפזורת,קטיף.,IL,"תפו""א אדום תפז'",קילוגרמים,0.00,"ק""ג",true,0,6.90,6.90,true,1,
7290000002026,true,לחם אחיד 750 גרם,מאפית ברמן,IL,לחם אחיד,גרמים,750.00,100 גרם,false,0,4.30,0.57,true,1,
7290000002040,true,חלה רגילה 500 גרם,מאפית ברמן,IL,חלה רגילה,גרמים,500.00,100 גרם,false,0,4.30,0.86,true,1,
7290000016030,true,גבינה עזים,,NL,גבינה עזים,קילוגרמים,0.00,"ק""ג",true,0,126.00,126.00,true,1,
7290000023007,false,"ברנדי שטוק 84 750 מ""ל",יקבי ברקן,IL,ברנדי שטוק 84,מיליליטרים,750.00,"100 מ""ל",false,0,74.30,9.91,true,1,
7290000023083,false,"ערק אשקלון 700 מ""ל","יקבי ברקן בע""\מ",IL,ערק אשקלון,מיליליטרים,700.00,"100 מ""ל",false,0,46.90,6.70,true,1,
7290000023809,false,"ברקן קלאסיק קברנה 750מ""ל",יקבי ברקן שיווק והפצה בע,IL,קברנה קלאסיק,מיליליטרים,750.00,"100 מ""ל",false,0,29.00,3.86,true,1,
7290000023816,false,ברקן קלאסיק א.ריזלינג750,יקבי ברקן שיווק והפצה בע,IL,ריזלינג קלאסיק,מיליליטרים,750.00,"100 מ""ל",false,0,29.00,3.86,true,1,
7290000023847,false,יין לבן שרדונה קלאסיק750,יקבי ברקן שיווק והפצה בע,IL,יין לבן שרדונה,מיליליטרים,750.00,"100 מ""ל",false,0,29.00,3.86,true,1,
7290000023977,false,"ברקן קלאסיק מרלו 750 מ""ל",יקבי ברקן שיווק והפצה בע,IL,מרלו קלאסיק,מיליליטרים,750.00,"100 מ""ל",false,0,29.00,3.86,true,1,
7290000024202,false,"ברקן רזרב קברנה 750 מ""ל",ברקן שיווק והפצה בעמ,IL,ברקן רזרב,מיליליטרים,750.00,"100 מ""ל",false,0,42.60,5.68,true,1,
7290000024264,false,"ברקן רזרב מרלו 750 מ""ל","כרמי צבי - אחים סגל בע""\",IL,מרלו רזרב,מיליליטרים,750.00,"100 מ""ל",false,0,42.60,5.68,true,1,
7290000024523,false,תירוש ענבים אדום סגל 1 ל,יינות סגל,IL,תירוש ענבים,ליטרים,1.00,ליטר,false,0,14.40,14.40,true,1,
7290000034256,false,ביסקוויט תירוש 175 גרם,מגדנית הדר,IL,ביסקוויט תירוש,גרמים,175.00,100 גרם,false,0,5.90,3.37,true,1,
7290000040042,false,יוגורט יופלה תות3% 150גר,תנובה בעמ,IL,יופלה תות 3%,גרמים,150.00,100 גרם,false,0,4.40,2.93,true,1,
7290000040080,false,יוגורט יופלה אפרסק3% 150,תנובה בעמ,IL,יופלה אפרסק3%,גרמים,150.00,100 גרם,false,0,4.40,2.93,true,1,
7290000040318,false,גבי. עדי ברי רכה24% 125ג,תנובה,IL,גבינת עדי ברי24%,גרמים,125.00,100 גרם,false,0,18.40,14.72,true,1,
7290000040974,false,חלב טרי 2% דל לקטוז 1 ל,תנובה,IL,חלב טרי דל לקטוז,ליטרים,1.00,ליטר,false,0,6.10,6.10,true,1,
7290000041445,false,גבינת קוטג5'%מהדרין250גר,מחלבת אלון תבור,IL,קוטג' תנובה 5%,גרמים,250.00,100 גרם,false,0,4.80,1.92,true,1,
7290000041858,false,שמנת חמוצה15% מועשרת200,מחלבת יטבתה,IL,שמנת חמוצה יטבתה,מיליליטרים,200.00,"100 מ""ל",false,0,2.00,1.00,true,1,
7290000041865,false,לבן יטבתה 4.5% שומן 200מ,מחלבת יטבתה,IL,לבן יטבתה4.5%,מיליליטרים,200.00,"100 מ""ל",false,0,1.60,0.80,true,1,
7290000041872,false,"לבן יטבתה 3% 200 מ""ל",מחלבת יטבתה,IL,לבן יטבתה 3%,מיליליטרים,200.00,"100 מ""ל",false,0,1.60,0.80,true,1,
7290000042411,false,חלב בקבוק 3% יטבתה 1 ל',מחלבת יטבתה,IL,חלב 3% בקבוק,ליטרים,1.00,ליטר,false,0,5.32,5.32,true,1,
7290000042435,false,חלב מפוסטר 1% בקרטון 1ל',תנובה,IL,חלב 1% בקרטון,ליטרים,1.00,ליטר,false,0,5.01,5.01,true,1,
7290000042640,false,"חלב עמיד 3% שומן 250 מ""ל",תנובה,IL,חלב עמיד 3% שומן,מיליליטרים,250.00,"100 מ""ל",false,0,2.30,0.92,true,1,
7290000042855,false,"שוקו בשקית יטבתה 225מ""ל",יטבתה,IL,שוקו בשקית,מיליליטרים,225.00,"100 מ""ל",false,0,2.20,0.98,true,1,
7290000043012,false,"שוקו עמיד 250 מ""ל",תנובה,IL,שוקו עמיד,מיליליטרים,250.00,"100 מ""ל",false,0,3.90,1.56,true,1,
7290000043814,false,שמנת עמידה לקצפת38% 250מ,תנובה,IL,שמנת עמידה לקצפת,מיליליטרים,250.00,"100 מ""ל",false,0,5.53,2.21,true,1,
7290000043890,false,רויון 1.5% בקרטון 1ל,תנובה,IL,רויון בקרטון1.5%,ליטרים,1.00,ליטר,false,0,9.60,9.60,true,1,
7290000046020,false,גב.גלבוע 22% במשקל,תנובה,IL,גבינת גלבוע 22%,קילוגרמים,0.00,"ק""ג",true,0,36.39,36.39,true,1,
7290000046563,false,גבינת פרמז'ן 23% במשקל,תנובה,IL,גבינת פרמז'ן 23%,גרמים,0.00,"ק""ג",true,0,97.00,97.00,true,1,
7290000047027,false,גב.קשקבל / גלעד27% משקל,תנובה,IL,גב.קשקבל /גלעד,קילוגרמים,0.00,"ק""ג",true,0,109.00,109.00,true,1,
7290000047034,false,גבינת רוקפור 26%כבש משקל,תנובה,IL,גבינת רוקפור,קילוגרמים,0.00,"ק""ג",true,0,111.00,111.00,true,1,
7290000047485,false,גב.בולגרית 24%במשקל,תנובה,IL,גבינה בולגרית,קילוגרמים,0.00,"ק""ג",true,0,52.00,52.00,true,1,
7290000047546,false,גב.כנען 5% 500 גרם,תנובה,IL,גבינת כנען 5%,גרמים,500.00,100 גרם,false,0,21.70,4.34,true,1,
7290000048185,false,גב.לבנה רכה 5% שומן 250ג,מחלבת אלון תבור,IL,גבינה לבנה 5%,גרמים,250.00,100 גרם,false,0,4.26,1.70,true,1,
7290000048192,false,גב.לבנה רכה 9% 250 גרם,מחלבת אלון תבור,IL,גבינה לבנה 9%,גרמים,250.00,100 גרם,false,0,4.10,1.64,true,1,
7290000051307,false,מארז הפסקת אוכל עוגי,תנובה,IL,מארז הפסקת אוכל,יחידה,1.00,יחידה,false,0,8.40,8.40,true,1,
7290000051352,false,חלב של פעם מלא3.6%-4% 1ל,תנובה,IL,חלב של פעם מלא,ליטרים,1.00,ליטר,false,0,6.30,6.30,true,1,
7290000051376,false,יופלה דיאט אננס 0% 150גר,תנובה בעמ,IL,יופלה דיאט אננס,גרמים,150.00,100 גרם,false,0,4.40,2.93,true,1,
7290000052311,false,עמק 15% פרוס בקופסא 200ג,תנובה,IL,עמק 15% פרוס,גרמים,200.00,100 גרם,false,0,14.10,7.05,true,1,
7290000052649,false,לאבנה פיראוס 5% 500 גרם,תנובה,IL,לאבנה פיראוס 5%,גרמים,500.00,100 גרם,false,0,18.70,3.74,true,1,
7290000053219,false,טל העמק חריץ 32% במשקל,תנובה,IL,טל העמק 32%,קילוגרמים,0.00,"ק""ג",true,1,49.00,49.00,true,1,
7290000055329,false,משקה יוגורט תות-מלון250ג,תנובה בעמ,IL,משקה יוגורט,גרמים,250.00,100 גרם,false,0,5.10,2.04,true,1,
7290000055336,false,משקה יוגורט בננ.אפרסק250,תנובה בעמ,IL,משקה יוגורט,גרמים,250.00,100 גרם,false,0,5.10,2.04,true,1,
7290000055350,false,גבינת עמק 28% חריץ במשקל,תנובה,IL,גבינת עמק 28%,קילוגרמים,0.00,"ק""ג",true,1,38.28,38.28,true,1,
7290000056883,false,יופלה 3% טעמים 150*8גרם,תנובה בעמ,IL,יופלה 8 יח במארז,קילוגרמים,1.20,"ק""ג",false,0,27.60,23.00,true,1,
7290000056890,false,יופלה אננס/דובד0% 150*8ג,תנובה בעמ,IL,יופלה 0% 8 יח,קילוגרמים,1.20,"ק""ג",false,0,27.60,23.00,true,1,
7290000057088,false,גבינת עמק דק דק 28% 200ג,תנובה,IL,עמק דק28% 200גרם,גרמים,200.00,100 גרם,false,0,14.10,7.05,true,1,
7290000057118,false,גבינת עמק פרוסה,,IL,גבינת עמק פרוסה,גרמים,400.00,100 גרם,false,0,19.70,4.93,true,1,
7290000058030,false,8שטוזים משקה תות,,IL,8שטוזים משקה תות,מיליליטרים,800.00,"100 מ""ל",false,0,18.10,2.26,true,1,
7290000058047,false,"שמנת להקצפה 38% 500 מ""ל",תנובה,IL,משמנת להקצפה 38%,מיליליטרים,500.00,"100 מ""ל",false,0,11.06,2.21,true,1,
7290000060163,false,אטריות דקות 400 גרם,"אסם השקעות בע""מ",IL,אטריות דקות,גרמים,400.00,100 גרם,false,0,5.80,1.45,true,1,
7290000060200,false,פתיתים אפויים קוסקוס500ג,"אסם השקעות בע""מ",IL,פתיתים אפויים,גרמים,500.00,100 גרם,false,0,5.80,1.16,true,1,
7290000060217,false,פסטה מקרוני 7 500 גרם,פסטה זארה,IT,פסטה מקרוני 7,גרמים,500.00,100 גרם,false,0,5.50,1.10,true,1,
7290000060248,false,פסטה אסם תלתלים 500 גרם,פסטה זארה,IT,פסטה תלתלים,גרמים,500.00,100 גרם,false,0,5.50,1.10,true,1,
7290000060316,false,ספגטי פרפקטו  500 גרם,פסטה זארה,IT,ספגטי פרפקטו,גרמים,500.00,100 גרם,false,0,5.80,1.16,true,1,
7290000060781,false,פסטה מסולסלת אסם 500 גרם,פסטה זארה,IT,פסטה מסולסלת,גרמים,500.00,100 גרם,false,0,5.50,1.10,true,1,
7290000060828,false,פסטה קרניים בינוניות500ג,פסטה זארה,IT,פסטה קרניים,גרמים,500.00,100 גרם,false,0,5.50,1.10,true,1,
7290000060880,false,פסטה ספגטי מס 8 אסם 500ג,פסטה זארה,IT,ספגטי מס' 8,גרמים,500.00,100 גרם,false,0,5.50,1.10,true,1,
7290000060903,false,פתיתים אפויים אורז 500 ג,"אסם השקעות בע""\מ",IL,פתיתים אפויים,גרמים,500.00,100 גרם,false,0,5.80,1.16,true,1,
7290000060958,false,אטריות בינוניות 400 גרם,"אסם השקעות בע""\מ",IL,אטריות בינוניות,גרמים,400.00,100 גרם,false,0,5.80,1.45,true,1,
7290000061061,false,קרקר בטעם בצל 250 גרם,"אסם השקעות בע""\מ",IL,קרקר בטעם בצל,גרמים,250.00,100 גרם,false,0,9.90,3.96,true,1,
7290000061245,false,עוג.שוקוצ'יפס ממולאות220,"אסם השקעות בע""\מ",IL,עוגיות ש.צ'יפס,גרמים,220.00,100 גרם,false,0,10.50,4.77,true,1,
7290000062952,false,מיני קרוטונים מתובל 250ג,עינת תעשיות,IL,מיני קרוטונים,גרמים,250.00,100 גרם,false,0,13.80,5.52,true,1,
7290000063102,false,קמח תופח מאליו 350 גרם,"אסם השקעות בע""\מ",IL,קמח תופח מאליו,גרמים,350.00,100 גרם,false,0,4.90,1.40,true,1,
7290000063133,false,שקדי מרק רכיבים טבעי100ג,"אסם השקעות בע""מ",IL,שקדי מרק אסם,גרמים,100.00,100 גרם,false,0,5.70,5.70,true,1,
7290000063140,false,שקדי מרק רכיבים טבעי400ג,"אסם השקעות בע""מ",IL,שקדי מרק אסם,גרמים,400.00,100 גרם,false,0,8.50,2.12,true,1,
7290000063157,false,"קמח תופח מאליו 1 ק""ג","אסם השקעות בע""\מ",IL,קמח תופח מאליו,קילוגרמים,1.00,"ק""ג",false,0,8.80,8.80,true,1,
7290000064758,false,קוסקוס בינוני 350 גרם,קוסקוס מזון,IL,קוסקוס בינוני,גרמים,350.00,100 גרם,false,0,7.50,2.14,true,1,
7290000064871,false,מנה חמה פירה בצל 56 גרם,"אסם השקעות בע""מ",IL,מנה חמה פירה,גרמים,56.00,100 גרם,false,0,5.90,10.54,true,1,
7290000065090,false,מיני קרוטונים מתובל400 ג,עינת תעשיות,IL,מיני קרוטונים,גרמים,400.00,100 גרם,false,0,22.60,5.65,true,1,
7290000065335,false,מנה חמה פירה עם ירקות55ג,"אסם השקעות בע""מ",IL,מנה חמה פירה,גרמים,55.00,100 גרם,false,0,5.90,10.73,true,1,
7290000065557,false,מ.חמה קוסקוס עם ירקות 84,"אסם השקעות בע""מ",IL,מנה חמה קוסקוס,גרמים,84.00,100 גרם,false,0,5.90,7.02,true,1,
7290000066141,false,ביסלי גריל 70 גרם,"אסם השקעות בע""\מ",IL,ביסלי גריל,גרמים,70.00,100 גרם,false,0,3.80,5.43,true,1,
7290000066172,false,ביסלי פיצה 70 גרם,"אסם השקעות בע""\מ",IL,ביסלי פיצה,גרמים,70.00,100 גרם,false,0,3.80,5.43,true,1,
7290000066196,false,ביסלי גריל 200 גרם,"אסם השקעות בע""\מ",IL,ביסלי גריל,גרמים,200.00,100 גרם,false,0,6.70,3.35,true,1,
7290000066226,false,ביסלי פיצה 200 גרם,"אסם השקעות בע""\מ",IL,ביסלי בטעם פיצה,גרמים,200.00,100 גרם,false,0,6.70,3.35,true,1,
7290000066295,false,במבה מתוקה 30 גרם,"אסם השקעות בע""\מ",IL,במבה מתוקה,גרמים,30.00,100 גרם,false,0,2.40,8.00,true,1,
7290000066318,false,במבה 80 גרם,"אסם השקעות בע""\מ",IL,במבה,גרמים,80.00,100 גרם,false,0,4.10,5.13,true,1,
7290000066332,false,אפרופו 50 גרם,"אסם השקעות בע""\מ",IL,חטיף אפרופו,גרמים,50.00,100 גרם,false,0,4.90,9.80,true,1,
7290000066431,false,פופקו בטעם חמאה ודבש80גר,"אסם השקעות בע""\מ",IL,חטיף פופקו,גרמים,80.00,100 גרם,false,0,4.60,5.75,true,1,
7290000067599,false,מנה חמה ספגטי בולונז 65ג,"אסם השקעות בע""\מ",IL,מנה חמה בולונז,גרמים,65.00,100 גרם,false,0,5.90,9.08,true,1,
7290000068138,false,אינסטנט פודינג וניל 80גר,"אסם השקעות בע""מ",IL,אינסטנט פודינג,גרמים,80.00,100 גרם,false,0,4.80,6.00,true,1,
7290000068701,false,שקדי מרק במיכל 400 גרם,"אסם השקעות בע""מ",IL,שקדי מרק במיכל,גרמים,400.00,100 גרם,false,0,14.50,3.63,true,1,
7290000068770,false,"במבה יום הולדת 80ג בד""צ","אסם השקעות בע""\מ",IL,במבה יום הולדת,גרמים,80.00,100 גרם,false,0,4.10,5.13,true,1,
7290000068787,false,"במבה יום הולדת 25ג בד""צ","אסם השקעות בע""\מ",IL,במבה יום הולדת,גרמים,25.00,100 גרם,false,0,2.10,8.40,true,1,
7290000069258,false,פנה ריגאטה פרפקטו 500 גר,פסטה זארה,IT,פנה ריגאטה,גרמים,500.00,100 גרם,false,0,5.80,1.16,true,1,
7290000070308,false,מרק עוף אמיתי 400 גרם,"אסם השקעות בע""\מ",IL,מרק עוף אמיתי,גרמים,400.00,100 גרם,false,0,15.20,3.80,true,1,
7290000070322,false,מרק פטריות ר.טבעיים400גר,"אסם השקעות בע""\מ",IL,מרק פטריות אסם,גרמים,400.00,100 גרם,false,0,17.80,4.45,true,1,
7290000071008,false,בייגלה שטוח מלח 60 גרם,"אסם השקעות בע""\מ",IL,בייגלה שטוחים,גרמים,60.00,100 גרם,false,0,3.10,5.17,true,1,
7290000072067,false,במבה במילוי קרם חלווה60ג,אסם,IL,במבה במילוי חלוה,גרמים,60.00,100 גרם,false,0,4.10,6.83,true,1,
7290000072241,false,"רוטב פיצה 290 מ""ל","אסם השקעות בע""\מ",IL,רוטב לפיצה אסם,מיליליטרים,290.00,"100 מ""ל",false,0,10.10,3.48,true,1,
7290000072623,false,קטשופ בקבוק לחיץ 750 גרם,"אסם השקעות בע""מ",IL,קטשופ בקבוק לחיץ,גרמים,750.00,100 גרם,false,0,10.60,1.41,true,1,
7290000072753,false,קפה נמס טסטרס צ'ויס200ג,לוטה נסטלה קוריאה,KR,קפה טסטרס צ'ויס,גרמים,200.00,100 גרם,false,0,28.10,14.05,true,1,
7290000072777,false,טסטרס צ'ויס נט.קפאין200ג,לוטה נסטלה קוריאה,KR,קפה טסטרס צויס,גרמים,200.00,100 גרם,false,0,33.80,16.90,true,1,
7290000072968,false,סיני מיניס 500 גרם,סי. פי. פולין,PL,דגני נסטלה,גרמים,500.00,100 גרם,false,0,23.60,4.72,true,1,
7290000073415,false,מ.חמה פסטה ברוטב פיצה,"אסם השקעות בע""\מ",IL,מנה חמה פסטה,גרמים,61.00,100 גרם,false,0,5.90,9.67,true,1,
7290000073750,false,מ.חמה נודלס טעם עוף70גרם,PUB FOODS PRESIDENT THAI,TH,מנה חמה נודלס,גרמים,70.00,100 גרם,false,0,5.90,8.43,true,1,
7290000073767,false,מ.חמה נודלס טעם בקר70ג,PUB FOODS PRESIDENT THAI,TH,מנה חמה נודלס,גרמים,70.00,100 גרם,false,0,5.90,8.43,true,1,
7290000074184,false,ביסקוויט פתי בר 500 גרם,"אסם השקעות בע""\מ",IL,ביסקוויט פתי בר,גרמים,500.00,100 גרם,false,0,10.20,2.04,true,1,
7290000074245,false,קרם קרקר 250 גרם,"אסם השקעות בע""\מ",IL,קרם קרקר אסם,גרמים,250.00,100 גרם,false,0,9.90,3.96,true,1,
7290000074252,false,קרקר שומשום 250 גרם,"אסם השקעות בע""\מ",IL,קרקר שומשום אסם,גרמים,250.00,100 גרם,false,0,9.50,3.80,true,1,
7290000074276,false,קרקר פיקנטי 250 גרם,"אסם השקעות בע""\מ",IL,קרקר פיקנטי אסם,גרמים,250.00,100 גרם,false,0,9.90,3.96,true,1,
7290000074375,false,קרקר זהב 150 גרם,"אסם השקעות בע""\מ",IL,קרקר זהב אסם,גרמים,150.00,100 גרם,false,0,6.90,4.60,true,1,
7290000074481,false,לחמית אגוזים 160 גרם,"אסם השקעות בע""\מ",IL,לחמית אגוזים,גרמים,160.00,100 גרם,false,0,9.90,6.19,true,1,
7290000075143,false,עוג. שוקוצ'יפס קלאסי200ג,"אסם השקעות בע""מ",IL,עוגיות שוקוצ'יפס,גרמים,200.00,100 גרם,false,0,10.80,5.40,true,1,
7290000076126,false,בייגלה שמיניות קטנות80גר,"אסם השקעות בע""\מ",IL,בייגלה שמיניות,גרמים,80.00,100 גרם,false,0,3.10,3.88,true,1,
7290000076133,false,בייגלה שמיניות קטנות400ג,"אסם השקעות בע""\מ",IL,בייגלה שמיניות,גרמים,400.00,100 גרם,false,0,10.10,2.53,true,1,
7290000077017,false,קרמוגית ממולא שוקו200.גר,"אסם השקעות בע""\מ",IL,קרמוגית שוקולד,גרמים,200.00,100 גרם,false,0,10.80,5.40,true,1,
7290000077253,false,לחמית כפרית 190 גרם,"אסם השקעות בע""\מ",IL,לחמית כפרית,גרמים,190.00,100 גרם,false,0,9.90,5.21,true,1,
7290000078212,false,קרוטונים מתובלים 250גרם,עינת תעשיות,IL,קרוטונים מתובל,גרמים,250.00,100 גרם,false,0,13.40,5.36,true,1,
7290000078762,false,חטיפי פריכונים עם דבש80ג,הרטו,GB,חטיפי פריכונים,גרמים,80.00,100 גרם,false,0,7.00,8.75,true,1,
7290000080758,false,טוסטעים פת קלויה 100 גרם,ון דר מולן,NL,טוסטעים פת קלוי,גרמים,100.00,100 גרם,false,0,9.70,9.70,true,1,
7290000090030,true,מאפה נפולאון משקל,גידרון,IL,נפוליאון חלבי,קילוגרמים,0.00,"ק""ג",true,0,35.00,35.00,true,1,
7290000090627,true,לחמניה מתוקה,גידרון,IL,לחמניה מתוק עגול,יחידה,1.00,יחידה,false,0,2.20,2.20,true,1,
7290000090832,true,בייגל אמריקאי רגיל,גידרון,IL,בייגל אמריקאי,יחידה,1.00,יחידה,false,0,4.00,4.00,true,1,
7290000092218,true,"כיס תפו""ע מחיר לפי משקל",גידרון,IL,מאפה כיס תפוח עץ,קילוגרמים,0.00,"ק""ג",true,0,35.00,35.00,true,1,
7290000093031,true,לחם ג'בטה,גידרון,IL,לחם ג'בטה,יחידה,1.00,יחידה,false,0,7.20,7.20,true,1,
7290000094168,true,בייגל אמריקאי כפרי,גידרון,IL,בייגל אמריקאי כפ,יחידה,1.00,יחידה,false,0,4.00,4.00,true,1,
7290000094199,true,לחם חצי ג'בטה,גידרון,IL,חצי ג'בטה לבן,יחידה,1.00,יחידה,false,0,4.00,4.00,true,1,
7290000094373,true,לחם חצי ג'בטה כפרי,גידרון,IL,לחם חצי ג'בטה,יחידה,1.00,יחידה,false,0,4.00,4.00,true,1,
7290000094663,true,לחמניה גידרול כפרי,גדרון סהרון,IL,לחמניה גידרול,יחידה,1.00,יחידה,false,0,5.00,5.00,true,1,
7290000095486,true,"פילו תפו""ע פרימיום לקג",גידרון,IL,פילו תפוח עץ,קילוגרמים,0.00,"ק""ג",true,0,35.00,35.00,true,1,
7290000096018,true,שנק קינמון,גידרון,IL,שנק קינמון,קילוגרמים,0.00,"ק""ג",true,0,35.00,35.00,true,1,
7290000096032,true,חצי בגט,גידרון,IL,חצי בגט,יחידה,1.00,יחידה,false,0,3.50,3.50,true,1,
7290000096414,true,מארז 6 סופגניות גדולות .,גידרון,IL,סופגניה גדולה6יח,יחידה,1.00,יחידה,false,6,17.00,17.00,true,1,
7290000097237,true,בגט 280 גרם,גידרון,IL,בגט גדרון,יחידה,1.00,יחידה,false,0,4.40,4.40,true,1,
7290000097596,true,לחמנית 1/3 באגט,גידרון,IL,לחמנית בגט,יחידה,1.00,יחידה,false,0,2.70,2.70,true,1,
7290000097633,true,לחמניית קשר,גידרון,IL,לחמניית קשר,יחידה,1.00,יחידה,false,0,3.30,3.30,true,1,
7290000097657,true,לחמניית חלה,גידרון,IL,לחמניית חלה,יחידה,1.00,יחידה,false,0,4.00,4.00,true,1,
7290000098296,true,לחמניית אצבע,גידרון,IL,לחמניית אצבע,יחידה,1.00,יחידה,false,0,2.20,2.20,true,1,
7290000099248,true,בורקס גבינה חלבי במשקל,גידרון,IL,בורקס גבינה חלבי,קילוגרמים,0.00,"ק""ג",true,0,35.00,35.00,true,1,
7290000099255,true,בורקס תפוח אדמה מחיר לקג,גידרון,IL,בורקס תפוח אדמה,קילוגרמים,0.00,"ק""ג",true,0,35.00,35.00,true,1,
7290000099385,true,גביניות  חלבי במשקל,גידרון,IL,גביניות חלבי,קילוגרמים,0.00,"ק""ג",true,0,35.00,35.00,true,1,
7290000099392,true,מאפה פרג במשקל,גידרון,IL,מאפה פרג,קילוגרמים,0.00,"ק""ג",true,0,35.00,35.00,true,1,
7290000099415,true,רוגלך במשקל,גידרון,IL,רוגלך במשקל,קילוגרמים,0.00,"ק""ג",true,0,35.00,35.00,true,1,
7290000099439,true,קרואסון קטן במשקל,גידרון,IL,קרואסון קטן ריק,קילוגרמים,0.00,"ק""ג",true,0,35.00,35.00,true,1,
7290000099477,true,קרואסון ביס שוקולד במשקל,גידרון,IL,קרואסון שוקולד,קילוגרמים,0.00,"ק""ג",true,0,35.00,35.00,true,1,
7290000099804,true,קוקיס+ שוקולד לבן חלבי,גידרון,IL,קוקיס שוק.חלבי,קילוגרמים,0.00,"ק""ג",true,0,44.00,44.00,true,1,
7290000099828,true,קוקיס שוקולד מריר במשקל,גידרון,IL,קוקיס שוקולד חלב,קילוגרמים,0.00,"ק""ג",true,0,44.00,44.00,true,1,
7290000099835,true,קוקיס+שבבי שוקולד חלבי,גידרון,IL,קוקיס שוק.חלבי,קילוגרמים,0.00,"ק""ג",true,0,44.00,44.00,true,1,
7290000099873,true,קוקיס שוקו+שבבי שוקולד,גידרון,IL,קוקיס שוקולד חלב,קילוגרמים,0.00,"ק""ג",true,0,44.00,44.00,true,1,
7290000099927,true,בורקיטס חלבי במשקל,גידרון,IL,בורקיטס חלבי,קילוגרמים,0.00,"ק""ג",true,0,35.00,35.00,true,1,
7290000100128,false,תות שדה קפוא 300 גרם,סנפרוסט,IL,תות שדה מוקפא,גרמים,300.00,100 גרם,false,1,17.00,5.67,true,1,
7290000100135,false,דובדבן מתוק קפוא 300 גרם,סנפרוסט בעמ,IL,דובדבן מתוק קפוא,גרמים,300.00,100 גרם,false,1,17.00,5.67,true,1,
7290000100302,false,פול ירוק קלוף 600 גרם,"סנפרוסט בע""\מ",IL,פול ירוק קלוף,גרמים,600.00,100 גרם,false,1,22.10,3.68,true,1,
7290000101958,false,מנגו קפוא 300גרם,"סנפרוסט בע""\מ",IL,מנגו קפוא,גרמים,300.00,100 גרם,false,1,17.00,5.67,true,1,
7290000103433,false,לקט ירקות לתנור 800גרם,"סנפרוסט בע""\מ",IL,לקט ירקות לתנור,גרמים,800.00,100 גרם,false,1,21.20,2.65,true,1,
7290000103471,false,מיני ברוקולי קפוא 600גרם,"סנפרוסט בע""\מ",IL,מיני ברוקולי,גרמים,600.00,100 גרם,false,14,17.00,2.83,true,1,
7290000103846,false,מרק אפונה 572גרם,"סנפרוסט בע""\מ",IL,מרק אפונה,גרמים,572.00,100 גרם,false,0,17.00,2.97,true,1,
7290000104072,false,עדשים ירוקות מבושלות 800,"סנפרוסט בע""\מ",IL,עדשים ירוקות,גרמים,800.00,100 גרם,false,0,18.50,2.31,true,1,
7290000104201,false,אפונה עדינה 600 גרם,"סנפרוסט בע""\מ",IL,אפונה עדינה קפוא,גרמים,600.00,100 גרם,false,0,17.00,2.83,true,1,
7290000104676,false,אפונה ירוקה מוקפאת 800גר,"סנפרוסט בע""\מ",IL,אפונה ירוקה קפוא,גרמים,800.00,100 גרם,false,0,17.00,2.13,true,1,
7290000104683,false,שעועית ירוקה שלמה מוקפאת,"סנפרוסט בע""\מ",IL,שעועית ירוקה שלמ,גרמים,800.00,100 גרם,false,0,19.50,2.44,true,1,
7290000104690,false,תירס גרעינים מוקפא 800 ג,"סנפרוסט בע""\מ",IL,גרעיני תירס קפוא,גרמים,800.00,100 גרם,false,0,17.00,2.13,true,1,
7290000104713,false,פול ירוק מוקפא 800 גרם,"סנפרוסט בע""\מ",IL,פול ירוק מוקפא,גרמים,800.00,100 גרם,false,0,22.70,2.84,true,1,
7290000104720,false,שעועית ירוקה חתוכה 800 ג,"סנפרוסט בע""\מ",IL,שעועית ירוקה,גרמים,800.00,100 גרם,false,0,17.80,2.23,true,1,
7290000104744,false,כרובית מוקפאת 800 גרם,"סנפרוסט בע""\מ",IL,כרובית מוקפאת,גרמים,800.00,100 גרם,false,0,23.90,2.99,true,1,
7290000104751,false,כרוב ניצנים מוקפא 800 גר,"סנפרוסט בע""\מ",IL,כרוב ניצנים קפוא,גרמים,800.00,100 גרם,false,0,23.70,2.96,true,1,
7290000104775,false,מדליוני תרד קפוא 800 גרם,"סנפרוסט בע""\מ",IL,מדליוני תרד קפ,גרמים,800.00,100 גרם,false,0,23.70,2.96,true,1,
7290000104799,false,שעועית לבנה מבושלת 800גר,"סנפרוסט בע""\מ",IL,שעועית לבנה,גרמים,800.00,100 גרם,false,0,18.50,2.31,true,1,
7290000104805,false,גרגרי חומוס מבושל 800גרם,"סנפרוסט בע""\מ",IL,גרגרי חומוס קפוא,גרמים,800.00,100 גרם,false,0,18.50,2.31,true,1,
7290000104881,false,אפונה וגזר 800 גרם,"סנפרוסט בע""\מ",IL,אפונה וגזר קפוא,גרמים,800.00,100 גרם,false,0,15.30,1.91,true,1,
7290000104904,false,לקט ירקות מעורבים 800גרם,"סנפרוסט בע""\מ",IL,לקט ירקות מעור,גרמים,800.00,100 גרם,false,0,21.20,2.65,true,1,
7290000104911,false,לקט נורמנדי 800 גרם,"סנפרוסט בע""\מ",IL,לקט נורמנדי קפוא,גרמים,800.00,100 גרם,false,0,21.20,2.65,true,1,
7290000107189,false,ארטישוק תחתיות 400 גרם,"סנפרוסט בע""\מ",IL,תחתיות ארטישוק,גרמים,400.00,100 גרם,false,0,21.10,5.28,true,1,
7290000107295,false,תפרחות ברוקולי 800 גרם,"סנפרוסט בע""\מ",IL,ברוקולי מוקפא,גרמים,800.00,100 גרם,false,0,24.70,3.09,true,1,
7290000110844,false,חטיף כיפלי בטעם גריל70ג,יוניליוור,IL,כיפלי בטעם גריל,גרמים,70.00,100 גרם,false,0,5.50,7.86,true,1,
7290000112220,false,טחינה גולמית 100% 500 גר,"רושדי תעשיות מזון בע""\מ",IL,טחינה גולמית,גרמים,500.00,100 גרם,false,0,13.50,2.70,true,1,
7290000112497,false,מ.עשיר עוף איטר.קנור68גר,יוניליוור ישראל מזון בע\,IL,מרק עוף איטריות,גרמים,68.00,100 גרם,false,0,8.70,12.79,true,1,
7290000112503,false,מרק עשיר ירקות קנור 61גר,יוניליוור ישראל מזון בע\,IL,מרק ירקות קנור,גרמים,61.00,100 גרם,false,0,8.70,14.26,true,1,
7290000112619,false,מרק עוף קנור 400 גרם,יוניליוור ישראל מזון בע\,IL,מרק עוף אמיתי,גרמים,400.00,100 גרם,false,0,13.50,3.38,true,1,
7290000116884,false,רוטב ברביקיו קנור350 גרם,יוניליוור ישראל מזון בע\,IL,רוטב ברביקיו,גרמים,350.00,100 גרם,false,0,10.60,3.03,true,1,
7290000116921,false,רוטב צ'ילי מתוק קנור370ג,יוניליוור ישראל מזון בע\,IL,רוטב צ'ילי מתוק,גרמים,370.00,100 גרם,false,0,10.60,2.86,true,1,
7290000116945,false,"רוטב סויה קנור 300 מ""ל",יוניליוור ישראל מזון בע\,IL,רוטב סויה קלאסי,מיליליטרים,300.00,"100 מ""ל",false,0,9.60,3.20,true,1,
7290000117720,false,מרק נמס בכוס פטריות 43גר,יוניליוור ישראל מזון בע\,IL,מרק נמס בכוס,גרמים,43.00,100 גרם,false,0,6.60,15.35,true,1,
7290000118277,false,קניידלך כופתאות מצה65*2ג,יוניליוור ישראל מזון בע\,IL,אבקה לקניידלך,גרמים,130.00,100 גרם,false,0,10.00,7.69,true,1,
7290000120836,false,מיונז אמיתי הלמנס 394 גר,יוניליוור,CA,מיונז אמיתי הלמנ,גרמים,394.00,100 גרם,false,0,10.90,2.77,true,1,
7290000120874,false,ממרח מופחת קלור.לייט424ג,יוניליוור,US,ממרח הלמנס,גרמים,424.00,100 גרם,false,0,10.90,2.57,true,1,
7290000121031,false,גב.מותכת למריחה 14% 120ג,נטו,IL,גבינה מותכת,גרמים,120.00,100 גרם,false,0,11.00,9.17,true,1,
7290000121093,false,גב.מון בלן ט.שויצרי 120ג,נטו,IL,גבינת מון בלאן,גרמים,120.00,100 גרם,false,0,11.00,9.17,true,1,
7290000122830,false,רוטב סצ'ואן סיני קנור300,יוניליוור ישראל מזון בע\,IL,רוטב סצ'ואן סיני,גרמים,370.00,100 גרם,false,0,10.60,2.86,true,1,
7290000130248,false,קמח מצה חמץ 500 גרם,מצות אביב,IL,קמח מצה חמץ,גרמים,500.00,100 גרם,false,0,5.90,1.18,true,1,
7290000134109,false,כמון מזרחי מיכל 40 גרם,תבליני טעם וריח,IL,כמון מזרחי,גרמים,40.00,100 גרם,false,0,7.50,18.75,true,1,
7290000134147,false,מוסקט טחון 40 גרם,תבליני טעם וריח,IL,מוסקט טחון,גרמים,40.00,100 גרם,false,0,14.40,36.00,true,1,
7290000134307,false,קינמון טחון 50 גרם,תבליני טעם וריח,IL,קינמון טחון,גרמים,50.00,100 גרם,false,0,5.90,11.80,true,1,
7290000134314,false,תיבול לפיצה 120 גרם,תבליני טעם וריח,IL,תיבול לפיצה,גרמים,120.00,100 גרם,false,0,10.00,8.33,true,1,
7290000134338,false,שום אבקה 90 גרם,תבליני טעם וריח,IL,שום אבקה,גרמים,90.00,100 גרם,false,0,10.10,11.22,true,1,
7290000134550,false,עלי דפנה 20 גרם בשקית,תבליני טעם וריח,IL,עלי דפנה בשקית,גרמים,20.00,100 גרם,false,0,5.90,29.50,true,1,
7290000134673,false,זנגויל טחון מיכל 30 גרם,תבליני טעם וריח,IL,זנגויל טחון,גרמים,30.00,100 גרם,false,0,5.90,19.67,true,1,
7290000134758,false,"תיבול לתפו""א 100 גרם",תבליני טעם וריח,IL,"תיבול לתפו""א",גרמים,100.00,100 גרם,false,0,10.00,10.00,true,1,
7290000134833,false,כמון טחון 100 גרם,תבליני טעם וריח,IL,כמון טחון,גרמים,100.00,100 גרם,false,0,10.10,10.10,true,1,
7290000134857,false,פפריקה מתוקה במיכל100גרם,תבליני טעם וריח,IL,פפריקה במיכל,גרמים,100.00,100 גרם,false,0,10.10,10.10,true,1,
7290000134871,false,פלפל שחור במיכל 100 גרם,תבליני טעם וריח,IL,פלפל שחור במיכ,גרמים,100.00,100 גרם,false,0,12.80,12.80,true,1,
7290000134987,false,פלפל שחור גרוס במיכל90גר,תבליני טעם וריח,IL,פלפל שחור גרוס,גרמים,90.00,100 גרם,false,0,13.20,14.67,true,1,
7290000135052,false,"TEN XL בטעם מנגו 250 מ""ל","טמפו משקאות בע""\מ",IL,TEN XL בטעם מנגו,מיליליטרים,250.00,"100 מ""ל",false,1,4.20,1.68,true,1,
7290000135311,false,פפסי מקס ליים 1.5 ליטר,"טמפו משקאות בע""\מ",IL,פפסי מקס ליים,ליטרים,1.50,ליטר,false,1,6.90,4.60,true,1,
7290000135595,false,פפסי מקס דובדבן 1.5 ליטר,"טמפו משקאות בע""\מ",IL,פפסי מקס דובדבן,ליטרים,1.50,ליטר,false,1,6.90,4.60,true,1,
7290000136141,false,פפסי קולה 1.5 ליטר,"טמפו משקאות בע""\מ",IL,פפסי קולה,ליטרים,1.50,ליטר,false,0,6.90,4.60,true,1,
7290000136158,false,פפסי מקס 1.5 ליטר,"טמפו משקאות בע""\מ",IL,פפסי מקס,ליטרים,1.50,ליטר,false,0,6.90,4.60,true,1,
7290000136165,false,מירינדה 1.5 ליטר,"טמפו משקאות בע""\מ",IL,מירינדה תפוזי,ליטרים,1.50,ליטר,false,0,7.10,4.73,true,1,
7290000136172,false,סבן אפ 1.5 ליטר,"טמפו משקאות בע""\מ",IL,סבן אפ,ליטרים,1.50,ליטר,false,0,7.10,4.73,true,1,
7290000136189,false,דיאט סבן אפ 1.5 ליטר,"טמפו משקאות בע""\ם.",IL,דיאט סבן אפ,ליטרים,1.50,ליטר,false,0,7.10,4.73,true,1,
7290000136240,false,מי סודה טמפו 1.5 ליטר,"טמפו משקאות בע""\מ",IL,מי סודה טמפו,ליטרים,1.50,ליטר,false,0,4.20,2.80,true,1,
7290000136264,false,מי טוניק 1.5 ליטר,"טמפו משקאות בע""\מ",IL,מי טוניק,ליטרים,1.50,ליטר,false,0,10.30,6.87,true,1,
7290000136288,false,סירופ סיידר גליל תפוח330,"טמפו משקאות בע""\מ",IL,סירופ סיידר גליל,מיליליטרים,330.00,"100 מ""ל",false,1,12.70,3.85,true,1,
7290000136295,false,סירופ סיידר הגליל פטל330,"טמפו משקאות בע""\מ",IL,סירופ סיידר גליל,מיליליטרים,330.00,"100 מ""ל",false,1,12.70,3.85,true,1,
7290000136431,false,ג'אמפ צלול אפרסק 1.5 ל,"טמפו משקאות בע""\מ",IL,ג'אמפ אפרסק,ליטרים,1.50,ליטר,false,0,7.30,4.87,true,1,
7290000136455,false,ג'אמפ אשכוליות 1.5 ליטר,"טמפו משקאות בע""\ם.",IL,ג'אמפ אשכוליו,ליטרים,1.50,ליטר,false,0,7.30,4.87,true,1,
7290000136516,false,ג'אמפ מנגו פסיפלורה 1.5ל,טמפו משקאות בעמ,IL,ג'אמפ מנגו,ליטרים,1.50,ליטר,false,0,7.30,4.87,true,1,
7290000136523,false,ג'אמפ ענבים 1.5 ליטר,"טמפו משקאות בע""\ם.",IL,ג'אמפ ענבים,ליטרים,1.50,ליטר,false,0,7.30,4.87,true,1,
7290000136561,false,ג'אמפ תות בננה 1.5 ליטר,"טמפו משקאות בע""\מ",IL,ג'אמפ תות בננ,ליטרים,1.50,ליטר,false,0,7.30,4.87,true,1,
7290000136585,false,ג'אמפ תפוזים 1.5 ליטר,"טמפו משקאות בע""\ם.",IL,ג'אמפ תפוזים,ליטרים,1.50,ליטר,false,0,7.30,4.87,true,1,
7290000136646,false,בירה נשר מאלט 1.5 ליטר,"טמפו משקאות בע""\מ",IL,נשר מאלט,ליטרים,1.50,ליטר,false,0,8.50,5.67,true,1,
7290000136653,false,בירה נשר מאלט דיאט 1.5 ל,"טמפו משקאות בע""\מ",IL,נשר מאלט דיאט,ליטרים,1.50,ליטר,false,0,8.10,5.40,true,1,
7290000136769,false,פפסי קולה 1.5*6 ליטר,"טמפו משקאות בע""\מ",IL,פפסי קולה 1.5*6ל,ליטרים,9.00,ליטר,false,0,33.50,3.72,true,1,
7290000136776,false,פפסי מקס 1.5*6 ליטר,טמפו,IL,פפסי מקס1.5*6ל,ליטרים,9.00,ליטר,false,0,35.30,3.92,true,1,
7290000136783,false,מירינדה 1.5*6 ליטר,"טמפו משקאות בע""\מ",IL,מירינדה 1.5*6ל,ליטרים,9.00,ליטר,false,0,35.20,3.91,true,1,
7290000136790,false,סודה טמפו 1.5*6 ליטר,"טמפו משקאות בע""\מ",IL,סודה טמפו1.5*6ל,ליטרים,9.00,ליטר,false,0,17.10,1.90,true,1,
7290000136844,false,מים אקווה נובה 2*6 ליטר,"טמפו משקאות בע""\מ",IL,אקווה נובה2*6ל,ליטרים,12.00,ליטר,false,0,12.10,1.01,true,1,
7290000136868,false,מים מינרל.סאן בנדטו1.5*6,אקווה מינרלה סאן בנדטו ב,IT,סאן בנדטו1.5*6ל,ליטרים,9.00,ליטר,false,0,18.10,2.01,true,1,
7290000136875,false,מים סאן בנדטו מוגז1.5*6ל,איטליה,IT,6סנבנדטו מוגז1.5,ליטרים,9.00,ליטר,false,0,18.90,2.10,true,1,
7290000137513,false,גלידונית וניל 60יח 630גר,"גלידת שטראוס בע""\מ, רחוב",IL,גלידונית,גרמים,630.00,100 גרם,false,0,42.60,6.76,true,1,
7290000137643,false,מאגדת טעמקור משפ8'יח 52,"גלידת שטראוס בע""\מ, רחוב",IL,מאגד טעמקור משפ',גרמים,400.00,100 גרם,false,0,38.00,9.50,true,1,
7290000143200,false,מרכך הוואי לשיער יבש700מ,טרופיקל דגיל,IL,מרכך שיער הוואי,מיליליטרים,700.00,"100 מ""ל",false,0,9.30,1.33,true,1,
7290000144160,false,שמן זית כתית ארומתי750מל,שמן תעשיות בעמ,IT,שמן זית,מיליליטרים,750.00,"100 מ""ל",false,0,28.90,3.85,true,1,
7290000144474,false,שמן קנולה+נוגדי חימצון1ל,שמן תעשיות בעמ,EE,שמן קנולה,ליטרים,1.00,ליטר,false,0,14.40,14.40,true,1,
7290000146645,false,סבון הוואי שחור 100*4גרם,טרופיקל דגיל,IL,סבון הוואי 4 יח,גרמים,400.00,100 גרם,false,0,11.80,2.95,true,1,
7290000146676,false,סבון הוואי לגבר 100*4גרם,טרופיקל דגיל,PL,סבון הוואי 4 יח,גרמים,400.00,100 גרם,false,0,11.80,2.95,true,1,
7290000146928,false,משחת טום וג'רי ענבים 50מ,טרופיקל דגיל,IL,משחת טום וג'רי,מיליליטרים,50.00,"100 מ""ל",false,0,8.20,16.40,true,1,
7290000149615,false,סבון נקה 7 לתינוק100*4 ג,נקה,IL,נקה 7 סבון 4 יח,גרמים,400.00,100 גרם,false,0,12.80,3.20,true,1,
7290000149851,false,סינטבון כפול לנקיון 460ג,נקה,IL,סינטבון נקה כפול,גרמים,460.00,100 גרם,false,0,9.20,2.00,true,1,
7290000152288,false,נקניקיות עוף 400 גרם,מוצרי עוף טוב (2001) בע\,IL,נקניקיות עוף,גרמים,400.00,100 גרם,false,0,13.70,3.43,true,1,
7290000159010,false,שניצל עוף מיני דובונים 7,"מוצרי עוף טוב (2001) בע""",IL,שניצל דובונים,גרמים,700.00,100 גרם,false,0,29.80,4.26,true,1,
7290000161358,false,מיונז משמן קנולה 500 גרם,יוניליוור ישראל מזון בע\,IL,מיונז אמיתי תלמה,גרמים,500.00,100 גרם,false,0,12.70,2.54,true,1,
7290000168173,false,ברנפלקס קרנצ'ים 375 גרם,יוניליוור,IL,ברנפלקס קרנצ'ים,גרמים,375.00,100 גרם,false,0,17.00,4.53,true,1,
7290000169798,false,עוגי 20% פחות סוכר 500גר,"יוניליוור שפע ישראל בע""\",IL,עוגי מופחת סוכר,גרמים,500.00,100 גרם,false,0,20.60,4.12,true,1,
7290000174723,false,שוקולית בפחית עלית 500גר,שטראוס קפה בי.וי.,IL,שוקולית,גרמים,500.00,100 גרם,false,0,11.80,2.36,true,1,
7290000176062,false,קפה טורקי בצלופן 100 גרם,שטראוס קפה בי.ויn\.,IL,קפה טורקי בצלופן,גרמים,100.00,100 גרם,false,0,8.10,8.10,true,1,
7290000176079,false,קפה טורקי עם הל 100 גרם,שטראוס קפה בי.ויn\.,IL,קפה טורקי עם הל,גרמים,100.00,100 גרם,false,0,8.40,8.40,true,1,
7290000176413,false,קפה נמס 50 גרם,שטראוס קפה בי.וי,IL,קפה נמס,גרמים,50.00,100 גרם,false,0,9.30,18.60,true,1,
7290000176420,false,קפה נמס 200 גרם,שטראוס קפה בי.וי,IL,קפה נמס,גרמים,200.00,100 גרם,false,0,18.70,9.35,true,1,
7290000178707,false,תפוצ'יפס בטעם טבעי 50 גר,"שטראוס פריטו ליי בע""\מ )",IL,חטיף תפוצ'יפס,גרמים,50.00,100 גרם,false,0,3.60,7.20,true,1,
7290000178721,false,תפוצי'פס טבעי 200 גרם,"שטראוס פריטו ליי בע""\מ )",IL,תפוצי'פס טבעי,גרמים,200.00,100 גרם,false,0,9.30,4.65,true,1,
7290000187860,false,לילי נ.טואלט לח פיור56יח,חוגלה קימברלי,IL,נייר טואלט לח,יחידה,1.00,יחידה,false,0,7.60,7.60,true,1,
7290000187938,false,נייר טואלט לילי פסטל32גל,חוגלה קימברלי,IL,נייר טואלט פסטל,מטרים,588.00,100 מטר,false,0,35.80,6.09,true,1,
7290000188355,false,מגבות נייר ניקול 6גלילים,קימברלי-קלארק,IL,מגבות ניקול,מטרים,65.00,מטר,false,0,11.00,0.17,true,1,
7290000188553,false,קוטקס מגן תחתון נורמל,חוגלה קימברלי,CN,מגן תחתון קוטקס,יחידה,1.00,יחידה,false,0,18.70,18.70,true,1,
7290000188560,false,קוטקס מגן תחתון לארג',חוגלה קימברלי,VN,מגן תחתון קוטקס,יחידה,1.00,יחידה,false,0,18.70,18.70,true,1,
7290000188591,false,קוטקס מגן תחתון יאנג,חוגלה קימברלי,CN,מגן תחתון קוטקס,יחידה,1.00,יחידה,false,0,18.70,18.70,true,1,
7290000189192,false,ניקול מגבת רב שימושית,קימברלי קלארק,CO,מטליות נייר,מטרים,18.00,מטר,false,0,15.00,0.83,true,1,
7290000189505,false,תבניות קרטון אינגלישקייק,ניקול,IL,תבניות קרטון,יחידה,1.00,יחידה,false,0,8.30,8.30,true,1,
7290000189598,false,מטליות לחות דוחה אבק,,IL,מטליות ניקול,יחידה,1.00,יחידה,false,0,11.00,11.00,true,1,
7290000190150,false,מפיות 3 שכבתיות מעוצבות,,SI,מפיות תלת שכבתי,יחידה,1.00,יחידה,false,0,6.70,6.70,true,1,
7290000190853,false,נייר טואלט לילי פיור30גל,חוגלה קימברלי,IL,נייר טואלט לילי,מטרים,537.00,100 מטר,false,0,35.80,6.67,true,1,
7290000191546,false,מגבוני לילי צבעוני 90*3י,חוגלה קימברלי,IL,לילי צבעוני90*3,יחידה,1.00,יחידה,false,0,9.30,9.30,true,1,
7290000191652,false,קלינקס מעוצב 90*3 יחידות,חוגלה קימברלי,IL,קלינקס מעוצב 3יח,יחידה,1.00,יחידה,false,0,11.00,11.00,true,1,
7290000193083,false,תחבושות נובה לי 28 יח',חוגלה קימברלי,CZ,תחבושות נובה לי,יחידה,1.00,יחידה,false,0,9.80,9.80,true,1,
7290000195773,false,מגבוני האגיס אלוורה 64*4,חוגלה קימברלי,IL,מגבונים האגיס 4י,יחידה,1.00,יחידה,false,0,20.40,20.40,true,1,
7290000197456,false,האגיס פרידום דריי מידה 4,חוגלה קימברלי,IL,חיתולי האגיס,יחידה,1.00,יחידה,false,0,39.20,39.20,true,1,
7290000197463,false,האגיס פרידום דריי +4,חוגלה קימברלי,IL,חיתולי האגיס,יחידה,1.00,יחידה,false,0,39.20,39.20,true,1,
7290000197548,false,האגיס פרידום דריי מידה 5,חוגלה קימברלי,IL,חיתולי האגיס,יחידה,1.00,יחידה,false,0,39.20,39.20,true,1,
7290000197678,false,האגיס פרידום דריי מידה 6,חוגלה קימברלי,IL,חיתולי האגיס,יחידה,1.00,יחידה,false,0,39.20,39.20,true,1,
7290000199313,false,תחבושות קוטקס יאנג 30 יח,חוגלה קימברלי,CZ,קוטקס תחבושות,יחידה,1.00,יחידה,false,0,17.80,17.80,true,1,
7290000208022,false,עגבניות מרוסקות 800 גרם,"זנלכל בע""\מ",IL,עגבניות מרוסקות,גרמים,800.00,100 גרם,false,0,8.40,1.05,true,1,
7290000208138,false,סירופ ענבים דיאט1ל' יכין,"זנלכל בע""\מ",IL,סירופ דיאט ענבים,ליטרים,1.00,ליטר,false,0,15.30,15.30,true,1,
7290000208145,false,תירס לייט יכין 550 גרם,"זנלכל בע""\מ",IL,תירס לייט יכין,גרמים,550.00,100 גרם,false,0,8.40,1.53,true,1,
7290000208213,false,שעוע.אפויה+רוטב עגב580גר,"זנלכל בע""\מ",IL,שעועית ברוטב,גרמים,580.00,100 גרם,false,0,8.40,1.45,true,1,
7290000208312,false,תירס ואקום 400 גרם יכין,"זנלכל בע""\מ",IL,תירס ואקום,גרמים,400.00,100 גרם,false,0,6.70,1.68,true,1,
7290000208329,false,גרעיני תירס מתוק 550 גרם,"זנלכל בע""\מ",IL,גרעיני תירס מתוק,גרמים,550.00,100 גרם,false,0,7.60,1.38,true,1,
7290000208336,false,רוטב עגבניות 22% 240 גרם,"זנלכל בע""\מ",IL,רוטב עגבניות,גרמים,240.00,100 גרם,false,0,4.10,1.71,true,1,
7290000208404,false,פול מצרי 550 גרם,"זנלכל בע""\מ",IL,פול מצרי,גרמים,550.00,100 גרם,false,0,7.60,1.38,true,1,
7290000208428,false,חומוס שלם יכין 550 גרם,"זנלכל בע""\מ",IL,חומוס שלם,גרמים,560.00,100 גרם,false,0,7.60,1.36,true,1,
7290000208947,false,עגבניות קצוצות 240 גרם,"זנלכל בע""\מ",IL,עגבניות קצוצות,גרמים,240.00,100 גרם,false,0,5.90,2.46,true,1,
7290000209371,false,תירס גרעינים 165*3 גרם,"זנלכל בע""\מ",IL,תירס גרעינים 3יח,גרמים,495.00,100 גרם,false,1,12.70,2.57,true,1,
7290000209388,false,תירס לייט 165*3 גרם,"זנלכל בע""\מ",IL,תירס לייט 3 יח,גרמים,495.00,100 גרם,false,0,12.70,2.57,true,1,
7290000209524,false,סירופ דיאט פטל 1 ל' יכין,"זנלכל בע""\מ",IL,סירופ פטל דיאט,ליטרים,1.00,ליטר,false,0,15.30,15.30,true,1,
7290000209579,false,סירופ דיאט אננס 1 ל'יכין,"זנלכל בע""\מ",IL,סירופ אננס דיאט,ליטרים,1.00,ליטר,false,0,15.30,15.30,true,1,
7290000209722,false,רוטב עגבניות פריכוז580ג,"זנלכל בע""\מ",IL,רוטב עגבניות,גרמים,580.00,100 גרם,false,0,10.10,1.74,true,1,
7290000209913,false,קוביות עגבניות 240 גרם,"זנלכל בע""\מ",IL,קוביות עגבניות,גרמים,240.00,100 גרם,false,0,5.90,2.46,true,1,
7290000209944,false,בסיס לשקשוקה 240גרם,"זנלכל בע""\מ",IL,בסיס לשקשוקה,גרמים,240.00,100 גרם,false,0,5.90,2.46,true,1,
7290000209951,false,רוטב עגבניות לפיצה240גרם,"זנלכל בע""\מ",IL,רוטב עגבניות,גרמים,240.00,100 גרם,false,0,5.90,2.46,true,1,
7290000211169,false,"אורז תאילנדי סוגת 1 ק""ג","סוגת תעשיות בע""\מ",IL,אורז תאילנדי,קילוגרמים,1.00,"ק""ג",false,0,6.30,6.30,true,1,
7290000211442,false,"אורז פרסי קלאסי 1ק""ג","סוגת תעשיות בע""\מ",IL,אורז פרסי קלאסי,קילוגרמים,1.00,"ק""ג",false,0,9.30,9.30,true,1,
7290000211626,false,"חיש אורז 1 ק""ג","סוגת תעשיות בע""\מ",IL,אורז חיש סוגת,קילוגרמים,1.00,"ק""ג",false,0,9.30,9.30,true,1,
7290000211985,false,"אורז עגול 1 ק""ג","סוגת תעשיות בע""\מ",IL,אורז עגול סוגת,קילוגרמים,1.00,"ק""ג",false,0,8.40,8.40,true,1,
7290000238029,false,"בצק עלים 1 ק""ג","מעדנות בע""\מ",IL,בצק עלים מרודד,קילוגרמים,1.00,"ק""ג",false,0,21.20,21.20,true,1,
7290000238036,false,מלווח מעדנות 700 גרם,"מעדנות בע""\מ",IL,מלווח מעדנית,גרמים,700.00,100 גרם,false,0,16.10,2.30,true,1,
7290000238180,false,"בורקס תפו""א 800 גרם","מעדנות בע""\מ",IL,"בורקס תפו""א קפוא",גרמים,800.00,100 גרם,false,0,18.50,2.31,true,1,
7290000240541,false,ריבועי בצק עלים 800 גרם,"מעדנות בע""\מ",IL,ריבועי בצק עלים,גרמים,800.00,100 גרם,false,0,22.50,2.81,true,1,
7290000243566,false,"שמן קנולה מועשר 750 מ""ל",סקנולה,EE,שמן קנולה מועשר,מיליליטרים,750.00,"100 מ""ל",false,0,11.00,1.47,true,1,
7290000244143,false,קרם הוואי לאחר גילוח120ג,טרופיקל דגיל,IL,קרם לאחר גילוח,גרמים,120.00,100 גרם,false,0,17.00,14.17,true,1,
7290000244761,false,"קרם ידיים ולווטה 100 מ""ל",טרופיקל דגיל,IL,קרם ידיים ולווטה,מיליליטרים,100.00,"100 מ""ל",false,0,10.10,10.10,true,1,
7290000245294,false,"אבקת כביסה פרסיל 2.5 ק""ג","הנקל סוד בע""\מ",IL,אבקת כביסה פרסיל,קילוגרמים,2.50,"ק""ג",false,0,19.50,7.80,true,1,
7290000245508,false,אבקת סוד שושן מרענן1.25,"הנקל סוד בע""\מ",IL,אבקת כביסה סוד,קילוגרמים,1.25,"ק""ג",false,0,11.00,8.80,true,1,
7290000253220,false,שוקולד צ'יפס חום 260 גרם,,IL,שוקולד צ'יפס,גרמים,260.00,100 גרם,false,0,11.00,4.23,true,1,
7290000262031,false,נייר טואלט מולט 32 גליל,קימברלי-קלארק,IL,נייר טואלט,מטרים,562.00,100 מטר,false,0,25.50,4.54,true,1,
7290000267586,false,גרעין חמניה טבעי 150גרם,שקדיה,IL,גרעין חמניה טבעי,גרמים,150.00,100 גרם,false,0,6.60,4.40,true,1,
7290000267678,false,גרעין דלעת טבעי קלוף150ג,שקדיה,IL,גרעין דלעת קלוף,גרמים,150.00,100 גרם,false,0,14.30,9.53,true,1,
7290000272696,false,מיץ לימון משומר-עסיס 1ל',בית-השיטה עסיס תעשיות מז,IL,מיץ לימון משומר,ליטרים,1.00,ליטר,false,0,9.80,9.80,true,1,
7290000272726,false,חומץ 5% 1 ליטר,בית-השיטה עסיס תעשיות מז,IL,חומץ 5%,ליטרים,1.00,ליטר,false,0,6.20,6.20,true,1,
7290000286228,false,ספוגיות לניקוי כלים 6 יח,סנו מפעלי ברונו בעמ,IL,ספוגיות לכלים6יח,יחידה,1.00,יחידה,false,0,9.60,9.60,true,1,
7290000286297,false,סנו אנטיקאלק מסיר אבן700,סנו מפעלי ברונוס בעמ,IL,סנו מסיר אבן,מיליליטרים,700.00,"100 מ""ל",false,0,11.00,1.57,true,1,
7290000286471,false,ג'ל ניקוי ידיים ילדים29מ,קוסמופארם,CN,ג'ל לניקוי ידיים,מיליליטרים,29.00,"100 מ""ל",false,1,8.40,28.97,true,1,
7290000286761,false,ניילון נצמד 30*2 מטר,סנו,CN,צמד ניילון נצמד,מטרים,60.00,מטר,false,0,9.30,0.16,true,1,
7290000287621,false,סנו אנטי קאלק לאסלות750מ,סנו מפעלי ברונוס בעמ,IL,סנו מנקה אסלות,מיליליטרים,750.00,"100 מ""ל",false,0,11.80,1.57,true,1,
7290000288024,false,סנו ג'אוול לימון 4 ליטר,"סנו מפעלי ברונוס בע""מ",IL,סנו JAVEL אקונומ,ליטרים,4.00,ליטר,false,0,15.30,3.83,true,1,
7290000288048,false,סנו ג'אוול מרסס לבנדר 1ל,"סנו מפעלי ברונוס בע""מ",IL,סנו ג'אוול לבנדר,ליטרים,1.00,ליטר,false,0,17.00,17.00,true,1,
7290000288079,false,סנו ג'אוול לימון 2 ליטר,"סנו מפעלי ברונוס בע""מ",IL,סנו JAVEL מלבין,ליטרים,2.00,ליטר,false,0,11.60,5.80,true,1,
7290000288086,false,סנו ג'אוול אבק,,IL,סנו ג'אוול אבק,גרמים,600.00,100 גרם,false,0,9.40,1.57,true,1,
7290000288109,false,אבקת מקסימה ג'אבל 1.25קג,סנו מפעלי ברונוס בעמ,IL,א.כביסה מקסימה,קילוגרמים,1.25,"ק""ג",false,0,14.40,11.52,true,1,
7290000288352,false,300-K קוטל חרק/.זוחל630מ,"סנו מפעלי ברונוס בע""מ",IL,300-K קוטל חרק,מיליליטרים,630.00,"100 מ""ל",false,0,19.60,3.11,true,1,
7290000288390,false,600-K יבש קוטל חרקים500מ,"סנו מפעלי ברונוס בע""מ",IL,סנו 600-K תרסיס,מיליליטרים,500.00,"100 מ""ל",false,0,20.70,4.14,true,1,
7290000289069,false,סנו ג'אוול מרסס לימון 1ל,"סנו מפעלי ברונוס בע""מ",IL,סנו ג'אוול מרסס,ליטרים,1.00,ליטר,false,0,17.00,17.00,true,1,
7290000289496,false,ג'אוול ג'ל קרם לימון750מ,"סנו מפעלי ברונוס בע""\מ",IL,ג'אוול ג'ל קרם,מיליליטרים,750.00,"100 מ""ל",false,0,11.00,1.47,true,1,
7290000292007,false,K3 ג'ל פיתיון לתיקנים10ג,סנו מפעלי ברונוס בעמ,IL,3K ג'ל פיתיון,גרמים,10.00,100 גרם,false,1,44.30,443.00,true,1,
7290000292311,false,פוליויקס סחלבים 2 ליטר,"סנו מפעלי ברונוס בע""\מ",IL,סנו פוליויקס,ליטרים,2.00,ליטר,false,0,22.20,11.10,true,1,
7290000292557,false,סנומט נוזלי45לילות-מילוי,סנו,IT,נוזל מילוי סנו,מיליליטרים,35.00,"100 מ""ל",false,0,15.80,45.14,true,1,
7290000292564,false,"2000-K אינסקטל 750 מ""ל",סנו מפעלי ברונוס בעמ,IL,סנו 2000-K תרסיס,מיליליטרים,750.00,"100 מ""ל",false,0,27.20,3.63,true,1,
7290000292687,false,סנובון כחול שלישיה55*3גר,סנו מפעלי ברונו בעמ,IL,סנובון כחול 3 יח,גרמים,165.00,100 גרם,false,0,15.30,9.27,true,1,
7290000293820,false,שמפו וג'ל רחצה קרמה 700,קוסמופארם,IL,שמפו וג'ל רחצה,מיליליטרים,700.00,"100 מ""ל",false,1,13.50,1.93,true,1,
7290000293943,false,סנו אנטי קאלק מרסס 1 ל',סנו מפעלי ברונוס בעמ,IL,סנו אנטי קאלק,ליטרים,1.00,ליטר,false,0,16.10,16.10,true,1,
7290000294575,false,רב מגבת סנו סושי 63 דפים,סנו מפעלי ברונוס בעמ,IL,רב מגבת סנו סושי,מטרים,14.00,מטר,false,0,12.70,0.91,true,1,
7290000295503,false,סושי זוג שקיות אוכל150*2,סנו,CN,שקיות אוכל צמד,יחידה,1.00,יחידה,false,0,12.30,12.30,true,1,
7290000295541,false,סנו סושי 75רב מגבת ג'מבו,סנו מפעלי ברונוס בעמ,IL,סנו סושי רב מגבת,מטרים,21.00,מטר,false,0,15.30,0.73,true,1,
7290000295572,false,"מנקה אסלות ""00"" 750*2מל",סנו מפעלי ברונוס בעמ,IL,צמד מנקה אסלות,ליטרים,1.50,ליטר,false,0,16.80,11.20,true,1,
7290000300900,false,שניצל תירס 750 גרם,טבעול,IL,שניצל תירס טבעול,גרמים,750.00,100 גרם,false,0,21.20,2.83,true,1,
7290000303598,false,שעועית אפויה+רוטב 570 גר,פרי הגליל בעמ,IL,שעועית ברוטב,גרמים,570.00,100 גרם,false,0,7.20,1.26,true,1,
7290000303604,false,חומוס שלם 550 גרם,פרי הגליל בעמ,IL,חומוס שלם,גרמים,550.00,100 גרם,false,0,7.60,1.38,true,1,
7290000307015,false,אפונת גינה בינונית 550 ג,פרי הגליל בעמ,IL,אפונת גינה,גרמים,550.00,100 גרם,false,0,7.60,1.38,true,1,
7290000307046,false,אפונת גינה וגזר 550 גרם,פרי הגליל בעמ,IL,אפונת גינה וגזר,גרמים,550.00,100 גרם,false,0,7.60,1.38,true,1,
7290000307220,false,גרעיני תירס ואקום 340 גר,פרי הגליל בעמ,IL,גרעיני תירס,גרמים,340.00,100 גרם,false,0,5.90,1.74,true,1,
7290000307237,false,גרעיני תירס מתוק 550 גרם,פרי הגליל בעמ,IL,גרעיני תירס,גרמים,550.00,100 גרם,false,0,7.60,1.38,true,1,
7290000307343,false,שעועית ירוקה חתוכה 550 ג,פרי הגליל בעמ,IL,שעועית ירוקה,גרמים,550.00,100 גרם,false,0,6.80,1.24,true,1,
7290000313160,false,עוגיות שוקולד זהבה 250גר,"הגביע מוצרי וופלים בע""\מ",IL,עוגיות זהבה,גרמים,250.00,100 גרם,false,0,7.60,3.04,true,1,
7290000318127,false,"נקניקיות ""ביס"" 380 גרם",יחיעם,IL,"נקניקיות ""ביס""",גרמים,380.00,100 גרם,false,0,11.00,2.89,true,1,
7290000318479,false,פרושוטו עגל 100 גרם,מעדני יחיעם,IL,פרושוטו,גרמים,100.00,100 גרם,false,0,25.50,25.50,true,1,
7290000318806,false,סלמי סרוולד אמיתי במשקל,מעדני יחיעם,IL,סלמי סרוולד.,קילוגרמים,0.00,"ק""ג",true,0,125.00,125.00,true,1,
7290000318929,false,סלמי צרפתי מובחר במשקל,מעדני יחיעם,IL,סלמי צרפתי מובחר,קילוגרמים,0.00,"ק""ג",true,0,125.00,125.00,true,1,
7290000319124,false,סלמי סרוולט 250 גרם,יחיעם,IL,סלמי סרוולט,גרמים,250.00,100 גרם,false,0,33.20,13.28,true,1,
7290000319520,false,סלמי צרפתי 100 גרם,יחיעם,IL,סלמי צרפתי,גרמים,100.00,100 גרם,false,0,19.50,19.50,true,1,
7290000336053,false,סיידר תרכיז טבעי בק330.מ,"טמפו משקאות בע""מ",IL,סיידר תרכיז טב,מיליליטרים,330.00,"100 מ""ל",false,0,12.90,3.91,true,1,
7290000341071,false,מרכך כביסה בדין בייבי 2ל,יוניליוור ישראל טיפוח אי,IL,מרכך כביסה בייבי,ליטרים,2.00,ליטר,false,0,14.40,7.20,true,1,
7290000345208,false,תה ויסוצקי 25שק* 1 גרם,ויסוצקי,IL,תה ויסוצקי מעודן,גרמים,25.00,100 גרם,false,0,6.30,25.20,true,1,
7290000345260,false,תה ויסוצקי 25שק1.5*גרם,תה ויסוצקי,IL,תה ויסוצקי,גרמים,37.00,100 גרם,false,0,6.80,18.38,true,1,
7290000345277,false,תה ויסוצקי 50שק1.5* גרם,תה ויסוצקי,IL,תה ויסוצקי 50 שק,גרמים,75.00,100 גרם,false,0,11.70,15.60,true,1,
7290000345291,false,תה ארל גריי 25שק1.5*גרם,ויסוצקי,IL,תה ארל גריי,גרמים,37.00,100 גרם,false,0,15.50,41.89,true,1,
7290000345307,false,תה ארל גריי 50 שק1.5*גרם,תה ויסוצקי,IL,תה ארל גריי 50שק,גרמים,75.00,100 גרם,false,0,28.10,37.47,true,1,
7290000346199,false,תה פירות יער 25שק2.7*גר,ויסוצקי,IL,חליטת פירות היער,גרמים,67.00,100 גרם,false,0,17.00,25.37,true,1,
7290000346205,false,חל.קמומיל-גן קסום25ש1.5*,ויסוצקי,IL,חליטת קמומיל,גרמים,37.00,100 גרם,false,0,17.00,45.95,true,1,
7290000346212,false,חליטת מנטה גן קסום25ש2*ג,ויסוצקי,IL,חליטת מנטה,גרמים,50.00,100 גרם,false,0,17.00,34.00,true,1,
7290000347738,false,תה ירוק עם נענע 1.5*25גר,ויסוצקי,IL,תה ירוק נענע,גרמים,37.00,100 גרם,false,0,22.90,61.89,true,1,
7290000363202,false,נקניק סלמי גליל 600 גרם,טיב טירת צבי 2000,IL,נקניק סלמי גליל,גרמים,600.00,100 גרם,false,0,27.20,4.54,true,1,
7290000363462,false,מעושן איטלקי משקל,טירת צבי,IL,מעושן איטלקי,קילוגרמים,0.00,"ק""ג",true,0,67.00,67.00,true,1,
7290000363486,false,נקניק תה במשקל,טירת צבי,IL,נקניק תה,קילוגרמים,0.00,"ק""ג",true,0,50.00,50.00,true,1,
7290000364261,false,סלסולי כתף בקר 120 גרם,טיב טירת צבי 2000,IL,דקניקים כתף בקר,גרמים,120.00,100 גרם,false,0,15.30,12.75,true,1,
7290000364285,false,סלסולי פסטרמה הודו 120גר,טיב טירת צבי 2000,IL,דקניקים פסטרמה,גרמים,120.00,100 גרם,false,0,15.30,12.75,true,1,
7290000364858,false,"נקניקיות עוף בואקום 1ק""ג",טיב טירת צבי 2000,IL,נקניקיות עוף,קילוגרמים,1.00,"ק""ג",false,0,22.10,22.10,true,1,
7290000364872,false,נקניקיות עוף 400 גרם,טיב טירת צבי 2000,IL,נקניקיות עוף,גרמים,400.00,100 גרם,false,0,12.70,3.18,true,1,
7290000365046,false,כתף בקר מעושן במשקל,טירת צבי,IL,כתף בקר מעושן,קילוגרמים,0.00,"ק""ג",true,0,91.00,91.00,true,1,
7290000365107,false,כתף מפולפל משקל,טירת צבי,IL,כתף מפולפל,קילוגרמים,0.00,"ק""ג",true,0,91.00,91.00,true,1,
7290000365398,false,חזה הודו בדבש במשקל,טירת צבי,IL,חזה הודו בדבש,קילוגרמים,0.00,"ק""ג",true,0,76.00,76.00,true,1,
7290000365954,false,פסטרמה על גחלים משקל,טירת צבי,IL,פסטרמה על גחלי,קילוגרמים,0.00,"ק""ג",true,0,76.00,76.00,true,1,
7290000367590,false,פסטרמה כפרית+סלמי 400*2ג,טיב טירת צבי 2000,IL,צמד כפרי נקניקים,גרמים,800.00,100 גרם,false,0,25.50,3.19,true,1,
7290000408316,false,יוגורט ביו 3% דנונה 200ג,"שטראוס בריאות בע""\מ",IL,יוגורט ביו 3%,גרמים,200.00,100 גרם,false,0,3.10,1.55,true,1,
7290000408354,false,דנונה בר פצפוצים 173 גרם,"שטראוס בריאות בע""\מ",IL,דנונה בר פצפוצים,גרמים,173.00,100 גרם,false,0,4.10,2.37,true,1,
7290000412481,false,"מנקה אסלות ""00"" 1 ליטר",סנו מפעלי ברונוס בעמ,IL,"מנקה אסלות 00""",ליטרים,1.00,ליטר,false,0,7.60,7.60,true,1,
7290000415208,false,קובה חמוסטה במילו בשר600,יסמין,IL,קובה חמוסטה,גרמים,600.00,100 גרם,false,0,32.30,5.38,true,1,
7290000416021,false,ממרח בטעם שוקולד 500גר,השחר העולה,IL,ממרח השחר,גרמים,500.00,100 גרם,false,0,12.70,2.54,true,1,
7290000416045,false,ממרח בטעם שוקולד השחר1קג,השחר העולה,IL,ממרח השחר,קילוגרמים,1.00,"ק""ג",false,0,22.90,22.90,true,1,
7290000416618,false,"ממרח טעם שוקולד בד""ץ400ג",השחר,IL,ממרח בטעם שוקולד,גרמים,400.00,100 גרם,false,0,11.80,2.95,true,1,
7290000419107,false,קפה שחור לנדוור 100 גרם,"קפה לנדוור בע""\מ",IL,קפה שחור לנדוור,גרמים,100.00,100 גרם,false,0,8.40,8.40,true,1,
7290000419893,false,קפה לנדור לבוקר טחון100ג,"קפה לנדוור בע""\מ",IL,קפה שחור לבוקר,גרמים,100.00,100 גרם,false,0,8.40,8.40,true,1,
7290000420325,false,גרע.תירס טבעי-מיקרו100*5,פרסטון פארמס,US,פופקורן למיקרו,גרמים,500.00,100 גרם,false,0,12.70,2.54,true,1,
7290000420332,false,פופקורן חמאה מיקרו100*5ג,פרסטון פארמס,US,פופקורן למיקרו,גרמים,500.00,100 גרם,false,0,12.70,2.54,true,1,
7290000430102,false,"שקית קרח מיסטר אייס 2ק""ג",שונות,IL,שקית קרח,יחידה,1.00,יחידה,false,0,9.20,9.20,true,1,
7290000446547,false,חמאת בוטנים,,IL,חמאת בוטנים,גרמים,350.00,100 גרם,false,0,12.10,3.46,true,1,
7290000446776,false,פיצפוצי אורז מלא,,IL,פיצפוצי אורז מלא,גרמים,450.00,100 גרם,false,0,18.70,4.16,true,1,
7290000449128,false,פנטסטיק רגיל 4 ליטר,יוניליוור ישראל טיפוח אי,IL,פנטסטיק לניקוי,ליטרים,4.00,ליטר,false,0,21.40,5.35,true,1,
7290000453019,false,שמרית-שמרים לחים 50 גרם,"פאקא תעשיות בע""\מ",IL,שמרית-שמרים טרי,גרמים,50.00,100 גרם,false,0,4.10,8.20,true,1,
7290000453125,false,שמרית+משפר אפיה ביתית100,"פאקא תעשיות בע""\מ",IL,שמרית+ משפר אפיה,גרמים,100.00,100 גרם,false,0,7.60,7.60,true,1,
7290000453200,false,בלילה מצוננת לפנקייק750ג,,DE,בלילה לפנקייק,גרמים,750.00,100 גרם,false,1,19.50,2.60,true,1,
7290000453408,false,בצק פיצה דק מצונן 415 גר,,FR,בצק פיצה מצונן,גרמים,415.00,100 גרם,false,1,15.80,3.81,true,1,
7290000453422,false,בצק פילו לאפייה מצונן300,,GR,בצק פילו מצונן,גרמים,300.00,100 גרם,false,1,14.40,4.80,true,1,
7290000453484,false,בצק קדאיף 350 גרם,,GR,בצק קדאיף,גרמים,350.00,100 גרם,false,1,14.40,4.11,true,1,
7290000453798,false,שמרים יבשים אקטיביים500ג,פאקא,GB,שמרים יבשים,גרמים,500.00,100 גרם,false,1,13.50,2.70,true,1,
7290000453866,false,נטורינה קוקוס 200 גרם,פאקא,DK,נטורינה קוקוס,גרמים,200.00,100 גרם,false,1,7.20,3.60,true,1,
7290000461625,false,בייגלה שמיניות עם מלח400,בייגל את בייגל מזון 198),IL,בייגלה שמיניות,גרמים,400.00,100 גרם,false,0,10.40,2.60,true,1,
7290000461656,false,בייגלה מקלות עם מלח400ג,בייגל את בייגל מזון 198),IL,בייגלה מקלות,גרמים,400.00,100 גרם,false,0,10.40,2.60,true,1,
7290000461700,false,בייגלה שמינ.גדול.מלוח400,בייגל את בייגל מזון 198),IL,בייגלה גדול,גרמים,400.00,100 גרם,false,0,12.70,3.18,true,1,
7290000462172,false,סחוג זהבי ירוק 150 גרם,"זהבי הכרם בע""\מ",IL,סחוג זהבי ירוק,גרמים,150.00,100 גרם,false,0,7.60,5.07,true,1,
7290000467320,false,מלך חומוס אבו מרוואן400ג,סלטי צבר,IL,מלך החומוס צבר,גרמים,400.00,100 גרם,false,0,12.70,3.18,true,1,
7290000474090,false,חלב הומוגני 1% קרטון 1 ל,מילקו תעשיות בעמ,IL,חלב טרי טרה 1%,ליטרים,1.00,ליטר,false,0,5.01,5.01,true,1,
7290000474502,false,גבינה לבנה 5% טרה 250 גר,טרה,IL,גבינה לבנה 5%,גרמים,250.00,100 גרם,false,0,4.26,1.70,true,1,
7290000480107,false,קוואקר שיבולת שועל פח500,קואקר אוטס,GB,קוואקר שיבולת,גרמים,500.00,100 גרם,false,0,12.80,2.56,true,1,
7290000480442,false,קוואקר באריזת אלומינ500ג,עלית,IL,קוואקר,גרמים,500.00,100 גרם,false,0,12.60,2.52,true,1,
7290000482071,false,קוקי שקיות אפיה 20 יחי,"ש. שסטוביץ בע""\מ",IL,קוקי שקיות אפיה,יחידה,1.00,יחידה,false,0,17.00,17.00,true,1,
7290000484747,false,"עלית הארק 700 מ""ל",יקב הגליל יוסף גולד ובני,IL,עלית הארק,מיליליטרים,700.00,"100 מ""ל",false,1,51.10,7.30,true,1,
7290000490717,false,מאגדות גלית,פלקו בעמ,IL,מאגדות גלית 8י,גרמים,560.00,100 גרם,false,0,23.80,4.25,true,1,
7290000493176,false,רוטב צלי לבשר בשקית22ג,"אסם השקעות בע""\מ",IL,רוטב צלי לבשר,גרמים,22.00,100 גרם,false,0,4.00,18.18,true,1,
7290000493183,false,רוטב פטריות לבשר-אבקה30ג,"אסם השקעות בע""\מ",IL,רוטב פטריות,גרמים,30.00,100 גרם,false,0,3.30,11.00,true,1,
7290000497044,false,לחם ברמן אקטיב 750 גרם,"י.את.א.ברמן בע""\מ",IL,לחם ברמן אקטיב,גרמים,750.00,100 גרם,false,0,14.90,1.99,true,1,
7290000497136,false,חלה פרוסה 500גר ארוז231*,"י.את.א.ברמן בע""\מ",IL,חלה פרוסה ארוז,גרמים,500.00,100 גרם,false,0,10.10,2.02,true,1,
7290000497228,false,לחמניות רגילות 75*6 גרם,"י.את.א.ברמן בע""\מ",IL,6 לחמניות בשקית,גרמים,450.00,100 גרם,false,0,10.60,2.36,true,1,
7290000497303,false,לחמניות מקמח מלא 75*6 גר,"י.את.א.ברמן בע""\מ",IL,6לחמניות קמח מלא,גרמים,450.00,100 גרם,false,0,11.50,2.56,true,1,
7290000497358,false,חלומית חלה מתוקה ארוז500,"י.את.א.ברמן בע""\מ",IL,חלומית חלה מתו,גרמים,500.00,100 גרם,false,0,11.80,2.36,true,1,
7290000498034,false,לחם E-FREEקמח כוסמי750ג,מאפית ברמן,IL,לחם מקמח כוסמין,גרמים,750.00,100 גרם,false,1,14.90,1.99,true,1,
7290000504025,false,סוכרזית 300 טבליות פטריה,ביסקול בע''מ,IL,סוכרזית פטריה,גרמים,24.00,100 גרם,false,0,7.60,31.67,true,1,
7290000504278,false,סוכרזית פטנט 700 טבליות,ביסקול בע''מ,IL,סוכרזית טבליות,גרמים,57.00,100 גרם,false,0,12.70,22.28,true,1,
7290000518220,false,סוכרה דיאט 100 שקיות,מתוק וקל,IL,סוכרה דיאט,גרמים,80.00,100 גרם,false,1,22.10,27.63,true,1,
7290000518251,false,מתוק וקל זהב 100 שקיות,למפדוס,IL,מתוק וקל זהב,יחידה,1.00,יחידה,false,0,10.10,10.10,true,1,
7290000521008,false,יין אדום יבש של סגל750מל,"כרמי צבי - אחים סגל בע""\",IL,יין סגל אדום,מיליליטרים,750.00,"100 מ""ל",false,0,18.70,2.49,true,1,
7290000521022,false,יין סגל לבן רג.ח.יבש750מ,יינות סגל,IL,יין לבן חצי יבש,מיליליטרים,750.00,"100 מ""ל",false,0,18.70,2.49,true,1,
7290000522272,false,"שמנת לקפה 10% 500מ""ל",מחלבות רמת הגולן,IL,שמנת לקפה,מיליליטרים,500.00,"100 מ""ל",false,0,8.40,1.68,true,1,
7290000523224,false,מלח ים דק 500 גרם,"חברת מלח הארץ אילת בע""\מ",IL,מלח ים דק,גרמים,500.00,100 גרם,false,0,7.20,1.44,true,1,
7290000523804,false,"מלח הארץ עדין צנצנת 1ק""ג","חברת מלח הארץ אילת בע""\מ",IL,מלח הארץ עדין,קילוגרמים,1.00,"ק""ג",false,0,6.20,6.20,true,1,
7290000525969,false,מיץ תפוזים סחוט 1 ליטר,גניר,IL,מיץ תפוזים סחוט,ליטרים,1.00,ליטר,false,0,14.70,14.70,true,1,
7290000530024,false,נקניק תה מעושן רחב במשקל,זוגלובק,IL,נקניק תה מעושן,קילוגרמים,0.00,"ק""ג",true,0,47.00,47.00,true,1,
7290000530048,false,סלמי פפרוני במשקל,זוגלובק,IL,סלמי פפרוני,גרמים,0.00,"ק""ג",true,0,53.00,53.00,true,1,
7290000530062,false,נקניק מעושן איטלקי במשקל,זוגלובק,IL,נקניק איטלקי,קילוגרמים,0.00,"ק""ג",true,0,74.00,74.00,true,1,
7290000530086,false,נקניק מעושן7000- 600 גרם,זוגלובק,IL,נקניק מעושן,גרמים,600.00,100 גרם,false,0,33.30,5.55,true,1,
7290000530116,false,נקניק סלמי בשן 470 גרם,זוגלובק,IL,נקניק סלמי בשן,גרמים,470.00,100 גרם,false,0,22.90,4.87,true,1,
7290000530178,false,נקניק קוניאק במשקל,זוגלובק,IL,נקניק קוניאק,קילוגרמים,0.00,"ק""ג",true,0,78.00,78.00,true,1,
7290000530192,false,נקניק סרבלד במשקל,זוגלובק,IL,נקניק סרבלד,קילוגרמים,0.00,"ק""ג",true,0,120.00,120.00,true,1,
7290000530291,false,נקניק מבשר הודו 750גרם,זוגלובק,IL,נקניק מבשר הודו,גרמים,750.00,100 גרם,false,0,18.50,2.47,true,1,
7290000530369,false,גולן ח.הודו מעוש.שלם משק,זוגלובק,IL,גולן חזה הודו,קילוגרמים,0.00,"ק""ג",true,0,76.00,76.00,true,1,
7290000530413,false,המבורגר זהב 400 גרם,זוגלובק,IL,המבורגר זהב,גרמים,400.00,100 גרם,false,0,17.00,4.25,true,1,
7290000530444,false,כתף בקר מעושן אורלנדו,זוגלובק,IL,כתף בקר מעושן,קילוגרמים,0.00,"ק""ג",true,0,104.00,104.00,true,1,
7290000530598,false,נקניקיות וינר 500 גרם,זוגלובק,IL,נקניקיות וינר,גרמים,500.00,100 גרם,false,0,15.60,3.12,true,1,
7290000530703,false,פסטרמה חרמון+תה 400+400ג,זוגלובק,IL,מארז חרמון+תה,גרמים,800.00,100 גרם,false,0,29.40,3.68,true,1,
7290000531601,false,סטייק בורגר 400גר',זוגלובק,IL,סטייק בורגר 00,גרמים,400.00,100 גרם,false,0,17.00,4.25,true,1,
7290000532585,false,רוסטביף חצוי במשקל,זוגלובק,IL,רוסטביף חצוי,קילוגרמים,0.00,"ק""ג",true,0,110.00,110.00,true,1,
7290000532721,false,כתף בקר בפלפל טורו במשקל,זוגלובק,IL,כתף בקר בפלפל,קילוגרמים,0.00,"ק""ג",true,0,104.00,104.00,true,1,
7290000533681,false,פסטרמה הודו מעושנת הבית,זוגלובק,IL,פסטרמה הודו מעוש,קילוגרמים,0.00,"ק""ג",true,0,76.00,76.00,true,1,
7290000534718,false,חזה הודו תבור דל שומן מש,זוגלובק,IL,חזה הודו תבור,קילוגרמים,0.00,"ק""ג",true,0,76.00,76.00,true,1,
7290000534800,false,פסטרמה הודו רומני במשקל,זוגלובק,IL,פסטרמה הודו,קילוגרמים,0.00,"ק""ג",true,0,76.00,76.00,true,1,
7290000535791,false,קורנדביף בסגנון ניויורק,זוגלובק,IL,קורנדביף בסגנון,קילוגרמים,0.00,"ק""ג",true,0,104.00,104.00,true,1,
7290000537566,false,נקניקיות עוף 400 גרם,זוגלובק,IL,נקניקיות עוף,גרמים,400.00,100 גרם,false,0,11.80,2.95,true,1,
7290000537603,false,"נקניקיות עוף טריות 1 ק""ג",זוגלובק,IL,נקניקיות עוף,קילוגרמים,1.00,"ק""ג",false,0,25.50,25.50,true,1,
7290000540009,false,מדליק פחמים 108 גרם,",S.M.P.L שיבקי",IN,מדליק פחמים,גרמים,108.00,100 גרם,false,1,5.60,5.19,true,1,
7290000540931,false,עוגיות האחים 400 גרם,האחים יצרני חטיפים,IL,עוגיות האחים,גרמים,400.00,100 גרם,false,1,11.00,2.75,true,1,
7290000551067,false,צלי כתף מס5' מוכשר קפוא,שונות,XX,צלי כתף מוכשר,קילוגרמים,0.00,"ק""ג",true,0,59.70,59.70,true,1,
7290000551098,false,בשר שריר מס8' מוכשר קג,שונות,XX,בשר מס8' קפוא,קילוגרמים,0.00,"ק""ג",true,0,25.50,25.50,true,1,
7290000551173,false,מוח בקר קפוא קג,טיבון ויל - נטו,IL,מוח בקר קפוא קג,קילוגרמים,0.00,"ק""ג",true,0,102.40,102.40,true,1,
7290000551197,false,לשון קפואה קג,טיבון ויל - נטו,PY,לשון קפואה קג,קילוגרמים,0.00,"ק""ג",true,0,38.30,38.30,true,1,
7290000552118,false,נקניקיות מרגז גריל 400גר,טיבון ויל אחזקות בעמ,IL,נקניקיות מרגז,גרמים,400.00,100 גרם,false,0,17.80,4.45,true,1,
7290000552194,false,קישקע 500 גרם,טיבון ויל אחזקות בעמ,IL,קישקע,גרמים,500.00,100 גרם,false,0,12.70,2.54,true,1,
7290000552569,false,סטייקבורגר 400 גרם,"טיבון ויל אחזקות בע""\מ",IL,סטייקבורגר,גרמים,400.00,100 גרם,false,0,17.80,4.45,true,1,
7290000552927,false,בשר עוף טחון קפוא 500 גר,"טיבון ויל אחזקות בע""\מ",IL,טחון עוף קפוא,גרמים,500.00,100 גרם,false,0,12.70,2.54,true,1,
7290000552934,false,טחון הודו 500 גרם,"טיבון ויל אחזקות בע""\מ",IL,טחון הודו 500גרם,גרמים,500.00,100 גרם,false,0,11.80,2.36,true,1,
7290000552989,false,בשר טחון מובחר 500 גרם,"טיבון ויל אחזקות בע""\מ",IL,בשר טחון מובחר,גרמים,500.00,100 גרם,false,0,23.80,4.76,true,1,
7290000554402,false,מלבי 160 גרם,"מיוצר ע""\י קוד יצרן EDNK",IL,מלבי,גרמים,160.00,100 גרם,false,0,5.10,3.19,true,1,
7290000554457,false,גבינה צפתית5% שומן 350ג,"מחלבות גד בע""\מ",IL,גבינה צפתית5%,גרמים,350.00,100 גרם,false,0,19.20,5.49,true,1,
7290000554471,false,גבינת מוצרלה 22% 180 גרם,"מחלבות גד בע""\מ",IL,גבינת מוצרלה 22%,גרמים,180.00,100 גרם,false,0,15.80,8.78,true,1,
7290000554532,false,גב.צפתית מעודנת5% 200גרם,"מחלבות גד בע""\מ",IL,צפתית מעודנת 5%,גרמים,200.00,100 גרם,false,0,13.50,6.75,true,1,
7290000554600,false,גבי.מוצרלה מגורדת22% 300,מחלבות גד,IL,מוצרלה מגורדת,גרמים,300.00,100 גרם,false,0,21.70,7.23,true,1,
7290000554624,false,ירח מתוק מעד.חלב+אורז150,"מיוצר ע""\י קוד יצרן EDNK",IL,מעדן חלב ואורז,גרמים,150.00,100 גרם,false,0,5.10,3.40,true,1,
7290000554655,false,מוצרלה מעושנת גד,,IL,מוצרלה מעושנת גד,קילוגרמים,0.00,"ק""ג",true,0,73.00,73.00,true,1,
7290000554686,false,לבנה בשמן זית+זעתר5% 250,מחלבות גד,IL,לאבנה בשמן זית5%,גרמים,250.00,100 גרם,false,0,13.20,5.28,true,1,
7290000554815,false,מוצרלה בגליל 22% במשקל,מחלבות גד,IL,גבינת מוצרלה,גרמים,0.00,"ק""ג",true,0,75.00,75.00,true,1,
7290000554822,false,ריקוטה גד 5% שומן 250 גר,מחלבות גד,IL,גבינת ריקוטה 5%,גרמים,250.00,100 גרם,false,0,13.50,5.40,true,1,
7290000554839,false,גבינה מסקרפונה 40% 250 ג,מחלבות גד,IL,גבינה מסקרפונה,גרמים,250.00,100 גרם,false,0,18.70,7.48,true,1,
7290000554969,false,גב.שמנת 30%שומן במשקל,מחלבות גד,IL,גבינת שמנת 30%,קילוגרמים,0.00,"ק""ג",true,0,44.00,44.00,true,1,
7290000554976,false,גבינת שמנת זית,,IL,גבינת שמנת זית,גרמים,0.00,"ק""ג",true,0,44.00,44.00,true,1,
7290000572628,false,"ח.חלווה לייט ללת""ס25*11ג","אחדות בע""מ א.ת. ברקן",IL,חטיף חלווה לייט,גרמים,275.00,100 גרם,false,0,10.10,3.67,true,1,
7290000574141,false,לחם חיטה מלא 750 גרם,דגנית עין בר תעשיות מזון,IL,לחם חיטה מלא,גרמים,750.00,100 גרם,false,0,12.70,1.69,true,1,
7290000574172,false,לחם קל מחיטה מלאה 750גרם,דגנית עין בר תעשיות מזון,IL,לחם קל חיטה מלאה,גרמים,750.00,100 גרם,false,0,13.50,1.80,true,1,
7290000604039,false,ביצים ארוזות M 12 יחידות,תנובה,,ביצים M 12 יח',יחידה,1.00,יחידה,false,0,9.50,9.50,true,1,
7290000612904,false,חזה הודו טרי ארוז,עוף עוז,IL,חזה הודו טרי,קילוגרמים,0.00,"ק""ג",true,0,29.80,29.80,true,1,
7290000612966,false,גרון הודו טרי ארוז,עוף עוז,IL,גרון הודו טרי,קילוגרמים,0.00,"ק""ג",true,0,25.50,25.50,true,1,
7290000632391,false,כרעיים עוף קפוא עטרה מחי,שונות,IL,כרעיים עוף קפוא,קילוגרמים,0.00,"ק""ג",true,0,28.90,28.90,true,1,
7290000632599,false,ירכיים פטם קפוא עטרה מחי,שונות,IL,ירכיים פטם קפוא,קילוגרמים,0.00,"ק""ג",true,0,28.90,28.90,true,1,
7290000644783,false,נתחי פילה סלמון קפוא קג,,DK,נתחי פילה סלמון,קילוגרמים,0.00,"ק""ג",true,0,72.50,72.50,true,1,
7290000652177,false,נתחי נסיכת הנילוס קפוא ק,MORE,IL,נתחי נסיכת הנילו,קילוגרמים,0.00,"ק""ג",true,1,59.70,59.70,true,1,
7290000658926,false,פילה מרלוזה קפוא ללא עור,,AR,פילה מרלוזה קפוא,קילוגרמים,0.00,"ק""ג",true,1,25.50,25.50,true,1,
7290000662817,false,סלמון מעושן 100 גרם,,IL,סלמון מעושן,גרמים,100.00,100 גרם,false,1,18.70,18.70,true,1,
7290000663098,false,שווארמה ריב אנטריקוט,CHEF TNUVA,IL,שווארמה ריב אנטר,גרמים,300.00,100 גרם,false,1,30.60,10.20,true,1,
7290000663104,false,שווארמה פרגית 300 גרם,CHEF TNUVA,IL,שווארמה פרגית,גרמים,300.00,100 גרם,false,1,30.60,10.20,true,1,
7290000663128,false,רצועות ריב אנטריקוט עדיי,CHEF TNUVA,IL,רצועות ריב אנטרי,גרמים,300.00,100 גרם,false,1,30.60,10.20,true,1,
7290000679440,false,משחה לתינוק קמיל בלו,פישר מעבדות פרמצבטיות בע,IL,משחה לתינוק,גרמים,100.00,100 גרם,false,0,16.10,16.10,true,1,
7290000688381,false,מים מינרליים מי עדן500*6,"מופק ממקור בזלתי עדן ,1",IL,מי עדן אישי 6 בק,ליטרים,3.00,ליטר,false,0,13.80,4.60,true,1,
7290000692227,false,פלמוליב לשטיפת כלים 1 ל',קולגייט פלמוליב,GR,פלמוליב לכלים,ליטרים,1.00,ליטר,false,0,12.70,12.70,true,1,
7290000803180,false,שטיפה דנטלית מרידול 400מ,קולגייט פלמוליב,CH,שטיפה מרידול,מיליליטרים,400.00,"100 מ""ל",false,0,22.90,5.73,true,1,
7290000900445,true,שום יבש אורגני,,IL,שום יבש אורגני,קילוגרמים,0.00,"ק""ג",true,0,28.90,28.90,true,1,
7290000907949,true,משקה מצונן 500מל,,,משקה מצונן 500מל,מיליליטרים,500.00,"100 מ""ל",false,0,7.30,1.46,true,1,
7290000910994,true,פסטרמה ונקניק-קצוות משקל,שונות,IL,פסטרמה ונקניק,קילוגרמים,0.00,"ק""ג",true,0,24.70,24.70,true,1,
7290000915883,true,בשר בקר טחון טרי קג,שונות,IL,טחון מקומי טרי,קילוגרמים,0.00,"ק""ג",true,0,42.60,42.60,true,1,
7290000928388,true,צלי כתף טרי קג,שונות,IL,צלי כתף טרי,קילוגרמים,0.00,"ק""ג",true,0,85.30,85.30,true,1,
7290000928401,true,כתף בשר טרי)עצמי( מחיר ל,שונות,IL,בשר כתף טרי,קילוגרמים,0.00,"ק""ג",true,0,81.10,81.10,true,1,
7290000928425,true,אסאדו עם עצם טרי מחיר לפ,שונות,IL,אסאדו עם עצם טרי,קילוגרמים,0.00,"ק""ג",true,0,59.70,59.70,true,1,
7290000928456,true,אסאדו בלי עצם טרי )עצמי(,שונות,IL,אסאדו בלי עצם טר,קילוגרמים,0.00,"ק""ג",true,0,67.70,67.70,true,1,
7290000928463,true,חזה עצם בשר טרי קג,שונות,IL,חזה עם עצם טרי,קילוגרמים,0.00,"ק""ג",true,0,55.40,55.40,true,1,
7290000928500,true,אוסובוקו טרי )עצמי( מחיר,שונות,IL,אוסובוקו טרי,קילוגרמים,0.00,"ק""ג",true,0,55.40,55.40,true,1,
7290000928517,true,אנטריקוט טרי קג,ישראלי,IL,אנטריקוט טרי,קילוגרמים,0.00,"ק""ג",true,0,136.60,136.60,true,1,
7290000928524,true,אנטריקוט עם עצם טרי מחיר,שונות,IL,אנטריקוט ע.עצםטר,קילוגרמים,0.00,"ק""ג",true,0,93.90,93.90,true,1,
7290000928531,true,סינטה טרי )עצמי(קג,שונות,IL,סינטה טרי,קילוגרמים,0.00,"ק""ג",true,0,128.10,128.10,true,1,
7290000928548,true,פילה בקר טרי קג,שונות,IL,פילה בקר טרי,קילוגרמים,0.00,"ק""ג",true,0,196.50,196.50,true,1,
7290000928562,true,שיטל טרי ed,שונות,IL,שיטל טרי,קילוגרמים,0.00,"ק""ג",true,0,85.30,85.30,true,1,
7290000928593,true,צאך טרי קג,שונות,IL,צאך טרי,קילוגרמים,0.00,"ק""ג",true,0,76.80,76.80,true,1,
7290000928609,true,כף טרי קג,שונות,IL,כף טרי,קילוגרמים,0.00,"ק""ג",true,0,76.80,76.80,true,1,
7290000928623,true,ריאות טרי קג,שונות,IL,ריאות טרי,קילוגרמים,0.00,"ק""ג",true,0,21.20,21.20,true,1,
7290000928630,true,כבד בקר לצלייה במשקל,שונות,IL,כבד בקר לצלייה,קילוגרמים,0.00,"ק""ג",true,0,25.50,25.50,true,1,
7290000928654,true,לשון טרי קג,שונות,IL,לשון טרי,קילוגרמים,0.00,"ק""ג",true,0,51.20,51.20,true,1,
7290000928661,true,זנב טרי קג,שונות,IL,זנב טרי,קילוגרמים,0.00,"ק""ג",true,0,59.70,59.70,true,1,
7290000928685,true,עצמות מח טרי )עצמי( מחיר,שונות,IL,עצמות מח טרי,קילוגרמים,0.00,"ק""ג",true,0,42.60,42.60,true,1,
7290000928722,true,לב בקר טרי)עצמי( מחיר לפ,שונות,IL,לב בקר טרי,קילוגרמים,0.00,"ק""ג",true,0,34.10,34.10,true,1,
7290000928739,true,צלעות טלה טרי )עצמי( מחי,שונות,IL,צלעות טלה טרי,קילוגרמים,0.00,"ק""ג",true,0,162.30,162.30,true,1,
7290000928746,true,כתף טלה טרי )עצמי( מחיר,שונות,IL,כתף טלה טרי,קילוגרמים,0.00,"ק""ג",true,0,102.40,102.40,true,1,
7290000928753,true,חזה כבש טרי עצמי קג,שונות,IL,חזה כבש טרי,קילוגרמים,0.00,"ק""ג",true,0,51.20,51.20,true,1,
7290000928760,true,שומן כבש טרי(עצמי) משקל,שונות,IL,שומן כבש טרי,קילוגרמים,0.00,"ק""ג",true,0,76.80,76.80,true,1,
7290000928777,true,צוואר כבש טרי (עצמי)משקל,שונות,IL,צוואר כבש טרי,קילוגרמים,0.00,"ק""ג",true,0,64.00,64.00,true,1,
7290000928814,true,בשר גולש טרי )עצמי(,שונות,IL,בשר גולש טרי,קילוגרמים,0.00,"ק""ג",true,0,76.10,76.10,true,1,
7290000929422,true,שוארמה הודו נ.טרי תפזורת,שונות,IL,שוארמה הודו טרי,קילוגרמים,0.00,"ק""ג",true,0,59.70,59.70,true,1,
7290000933740,true,בשר טחון טרי פרמיום קג,פניסקו,AR,בשר טחון פרמיום,קילוגרמים,0.00,"ק""ג",true,1,42.60,42.60,true,1,
7290000935775,true,פילה אמנון קפוא )מקוצר(,שונות,IL,פילה אמנון קפוא,קילוגרמים,0.00,"ק""ג",true,0,25.50,25.50,true,1,
7290000960272,true,עגבניה אורגנית,,IL,עגבניה אורגנית,קילוגרמים,0.00,"ק""ג",true,0,14.90,14.90,true,1,
7290000960548,true,מלפפון אורגני,,IL,מלפפון אורגני,קילוגרמים,0.00,"ק""ג",true,0,10.90,10.90,true,1,
7290000960906,true,בצל יבש אורגני,,IL,בצל יבש אורגני,קילוגרמים,0.00,"ק""ג",true,0,8.90,8.90,true,1,
7290000961279,true,פלפל צהוב אורגני,,IL,פלפל צהוב אורגני,קילוגרמים,0.00,"ק""ג",true,0,14.90,14.90,true,1,
7290000961552,true,פלפל כתום,קטיף.,IL,פלפל כתום,קילוגרמים,0.00,"ק""ג",true,0,10.90,10.90,true,1,
7290000961606,true,שורש גינגר,קטיף.,XX,שורש גינגר,קילוגרמים,0.00,"ק""ג",true,0,31.90,31.90,true,1,
7290000961804,true,דלעת ארוזה,קטיף.,IL,דלעת ארוזה,קילוגרמים,0.00,"ק""ג",true,0,10.90,10.90,true,1,
7290000962474,true,חציל בלדי,קטיף.,IL,חציל בלדי,קילוגרמים,0.00,"ק""ג",true,0,9.90,9.90,true,1,
7290000962535,true,רוזמרין יחידה,קטיף.,IL,רוזמרין  יחידה,יחידה,1.00,יחידה,false,0,6.90,6.90,true,1,
7290000962559,true,קורנית  יחידה,,IL,קורנית  יחידה,יחידה,1.00,יחידה,false,0,6.90,6.90,true,1,
7290000962573,true,אורגנו  יחידה,קטיף.,IL,אורגנו  יחידה,יחידה,1.00,יחידה,false,0,6.90,6.90,true,1,
7290000962580,true,מרווה יחידה,,IL,מרווה יחידה,יחידה,1.00,יחידה,false,0,6.90,6.90,true,1,
7290000963136,true,תפוח עץ מוזהב 65,קטיף.,XX,תפוח עץ מוזהב,קילוגרמים,0.00,"ק""ג",true,0,11.90,11.90,true,1,
7290000963228,true,תפוח עץ יונתן 65,קטיף.,XX,תפוח יונתן,קילוגרמים,0.00,"ק""ג",true,0,11.90,11.90,true,1,
7290000963259,true,תפוח עץ פינק ליידי ארוז,קטיף.,IL,תפוח פינק ליידי,קילוגרמים,0.00,"ק""ג",true,1,17.90,17.90,true,1,
7290000963297,true,תפוח עץ סטרקינג 65,קטיף.,XX,תפוח סטרקינג,קילוגרמים,0.00,"ק""ג",true,0,11.90,11.90,true,1,
7290000963310,true,תפוח עץ קנזי יבוא,קטיף.,IT,"תפו""ע קנזי",קילוגרמים,0.00,"ק""ג",true,0,15.90,15.90,true,1,
7290000963341,true,אגס אסיאתי,קטיף.,CN,אגס אסיאתי,קילוגרמים,0.00,"ק""ג",true,0,16.90,16.90,true,1,
7290000963372,true,תפוח עץ פינקריספי 70,קטיף.,XX,תפוח עץ פינקריספ,קילוגרמים,0.00,"ק""ג",true,0,16.90,16.90,true,1,
7290000963419,true,תפוח עץ גאלה 65,קטיף.,XX,תפוח עץ גאלה,קילוגרמים,0.00,"ק""ג",true,0,11.90,11.90,true,1,
7290000963518,true,תפוח עץ סמיט 70,קטיף.,XX,תפוח עץ סמיט,קילוגרמים,0.00,"ק""ג",true,0,11.90,11.90,true,1,
7290000964096,true,אפרסמון קרמבו,קטיף.,IL,אפרסמון קרמבו,קילוגרמים,0.00,"ק""ג",true,0,14.90,14.90,true,1,
7290000964300,true,תפוז,קטיף.,IL,תפוז,קילוגרמים,0.00,"ק""ג",true,0,6.90,6.90,true,1,
7290000964348,true,תפוז ברשת למיץ,קטיף.,IL,תפוז ברשת למיץ,קילוגרמים,0.00,"ק""ג",true,0,5.90,5.90,true,1,
7290000964379,true,אשכולית לבנה,קטיף.,IL,אשכולית לבנה,קילוגרמים,0.00,"ק""ג",true,0,6.90,6.90,true,1,
7290000964393,true,אשכולית אדומה,קטיף.,IL,אשכולית אדומה,קילוגרמים,0.00,"ק""ג",true,0,6.90,6.90,true,1,
7290000964423,true,פומלה אדומה,קטיף.,IL,פומלה אדומה,קילוגרמים,0.00,"ק""ג",true,0,7.90,7.90,true,1,
7290000964461,true,פומלית,קטיף.,IL,פומלית,קילוגרמים,0.00,"ק""ג",true,0,6.90,6.90,true,1,
7290000964492,true,לימון תפזורת,קטיף.,IL,לימון,קילוגרמים,0.00,"ק""ג",true,0,7.90,7.90,true,1,
7290000964508,true,תפוז גדול,קטיף.,IL,תפוזים מובחרים,קילוגרמים,0.00,"ק""ג",true,0,6.90,6.90,true,1,
7290000964560,true,קלמנטינה,קטיף.,IL,קלמנטינה,קילוגרמים,0.00,"ק""ג",true,0,6.90,6.90,true,1,
7290000964775,true,בננה,קטיף.,IL,בננה,קילוגרמים,0.00,"ק""ג",true,0,8.90,8.90,true,1,
7290000964829,true,אגס ספדונה 55,קטיף.,IL,אגס ספדונה,קילוגרמים,0.00,"ק""ג",true,0,13.90,13.90,true,1,
7290000964966,true,אבוקדו ארוז ברשת,קטיף.,IL,אבוקדו ארוז ברשת,קילוגרמים,0.00,"ק""ג",true,0,9.90,9.90,true,1,
7290000964980,true,אבוקדו,קטיף.,IL,אבוקדו,קילוגרמים,0.00,"ק""ג",true,0,11.90,11.90,true,1,
7290000965055,true,מלון מובחר,קטיף.,IL,מלון מובחר,קילוגרמים,0.00,"ק""ג",true,0,7.90,7.90,true,1,
7290000965062,true,מלון ספרדי,קטיף.,IL,מלון ספרדי,קילוגרמים,0.00,"ק""ג",true,0,7.90,7.90,true,1,
7290000965154,true,פיטאיה,קטיף.,IL,פיטאיה,קילוגרמים,0.00,"ק""ג",true,0,39.90,39.90,true,1,
7290000965482,true,אגס אורגני,,IT,אגס אורגני,קילוגרמים,0.00,"ק""ג",true,0,21.90,21.90,true,1,
7290000965765,true,תפוחזהוב אורגנ,,IT,תפוחזהוב אורגנ,קילוגרמים,0.00,"ק""ג",true,0,19.90,19.90,true,1,
7290000965772,true,בננה אורגנית,,IL,בננה אורגנית,קילוגרמים,0.00,"ק""ג",true,0,11.90,11.90,true,1,
7290000965826,true,לימון אורגני,,IL,לימון אורגני,קילוגרמים,0.00,"ק""ג",true,0,10.90,10.90,true,1,
7290000966038,true,ענבים ירוקים מובחר,קטיף.,IL,ענבים ירוקים,קילוגרמים,0.00,"ק""ג",true,0,26.90,26.90,true,1,
7290000966328,true,אפרסמון סיני65,קטיף.,IL,אפרסמון סיני,קילוגרמים,0.00,"ק""ג",true,0,12.90,12.90,true,1,
7290000966540,true,תאנים טריות,קטיף.,IL,תאנים טריות,קילוגרמים,0.00,"ק""ג",true,0,29.90,29.90,true,1,
7290000966564,true,רימון,קטיף.,IL,רימון,קילוגרמים,0.00,"ק""ג",true,0,8.90,8.90,true,1,
7290000966618,true,גויאבות,קטיף.,IL,גויאבות,קילוגרמים,0.00,"ק""ג",true,0,19.90,19.90,true,1,
7290000966656,true,קיווי מובחר שקיל,קטיף.,IL,קיווי,קילוגרמים,0.00,"ק""ג",true,0,13.90,13.90,true,1,
7290000966670,true,אנונה,קטיף.,IL,אנונה,קילוגרמים,0.00,"ק""ג",true,0,20.90,20.90,true,1,
7290000967684,true,בננה מובחרת,קטיף.,IL,בננה מובחרת,קילוגרמים,0.00,"ק""ג",true,0,8.90,8.90,true,1,
7290000972800,true,אשכולית אדומה,,IL,אשכולית אדומה,קילוגרמים,0.00,"ק""ג",true,0,9.90,9.90,true,1,
7290000976679,true,חציל אורגני,,IL,חציל אורגני,קילוגרמים,0.00,"ק""ג",true,0,12.90,12.90,true,1,
7290000982939,true,כרישה )לוף( יחידה,קטיף.,IL,כרישה )לוף(,יחידה,1.00,יחידה,false,0,9.90,9.90,true,1,
7290000992013,true,פלפל רומירו אורג,,IL,פלפל רומירו אורג,קילוגרמים,0.00,"ק""ג",true,0,22.90,22.90,true,1,
7290000992563,true,דלעת ערמונים,קטיף.,IL,דלעת ערמונים,קילוגרמים,0.00,"ק""ג",true,0,14.90,14.90,true,1,
7290000992839,true,מלון גולדן סוויט-צהוב,קטיף.,IL,מלון גולדן סוויט,קילוגרמים,0.00,"ק""ג",true,0,7.90,7.90,true,1,
7290000993461,true,עגבניה שרי צהוב,קטיף.,IL,עגבניה שרי צהובה,גרמים,460.00,100 גרם,false,0,10.90,2.37,true,1,
7290000993560,true,עגבניה שרי שוקו,קטיף.,IL,שרי שוקו,גרמים,480.00,100 גרם,false,0,10.90,2.27,true,1,
7290000994741,true,אפרסמון אורגני,,IL,אפרסמון אורגני,קילוגרמים,0.00,"ק""ג",true,0,34.90,34.90,true,1,
7290000995175,true,בזיליקום אדום יחידה,,IL,בזיליקום אדום,יחידה,1.00,יחידה,false,0,6.50,6.50,true,1,
7290001006337,false,חזה הודו בדבש שופרסל,עוף טוב,IL,חזה הודו בדבש,קילוגרמים,0.00,"ק""ג",true,1,64.00,64.00,true,1,
7290001006344,false,חזה הודו ברביקיו שופרסל,עוף טוב,IL,חזה הודו ברביקיו,קילוגרמים,0.00,"ק""ג",true,1,64.00,64.00,true,1,
7290001006368,false,פסטרמה איטלקית שופרסל,עוף טוב,IL,פסטרמה איטלקית,קילוגרמים,0.00,"ק""ג",true,1,64.00,64.00,true,1,
7290001006375,false,פסטרמה מקסיקני שופרסל,עוף טוב,IL,פסטרמה מקסיקני,קילוגרמים,0.00,"ק""ג",true,1,64.00,64.00,true,1,
7290001123775,false,שווארמה פרגיות מוכן 500,טיבון ויל - נטו,IL,שווארמה פרגית,גרמים,500.00,100 גרם,false,0,21.20,4.24,true,1,
7290001124611,false,שומן כבש 200 גרם,טיבון ויל אחזקות בעמ,IL,שומן כבש 200גרם,גרמים,200.00,100 גרם,false,0,17.00,8.50,true,1,
7290001136287,false,"שמפו נקה 7 רגיל 750 מ""ל",אמיליה קוסמטיקס,IL,שמפו נקה 7,מיליליטרים,750.00,"100 מ""ל",false,0,10.60,1.41,true,1,
7290001136683,false,"מרכך נקה 7 ס""ש 750 מ""ל",אמיליה קוסמטיקס בעמ,IL,קונדישינר נקה 7,מיליליטרים,750.00,"100 מ""ל",false,0,10.60,1.41,true,1,
7290001158579,false,עוף טחון,שונות,IL,עוף טחון,קילוגרמים,0.00,"ק""ג",true,0,27.20,27.20,true,1,
7290001164266,false,גרנולה ממותקת,,IL,גרנולה ממותקת,גרמים,500.00,100 גרם,false,0,17.00,3.40,true,1,
7290001209356,false,כרעיים עוף טרי ארוז עטרה,שונות,IL,כרעיים ע.טרי עטר,קילוגרמים,0.00,"ק""ג",true,0,28.90,28.90,true,1,
7290001209363,false,שניצל עוף טרי ארוז עטרה,שונות,IL,שניצל ע.טרי עטרה,קילוגרמים,0.00,"ק""ג",true,0,30.60,30.60,true,1,
7290001209387,false,שוקיים עוף טרי ארוז עטרה,שונות,IL,שוקיים עוף טרי ע,קילוגרמים,0.00,"ק""ג",true,0,31.50,31.50,true,1,
7290001209394,false,כנפיים עוף טרי ארוז עטרה,שונות,IL,כנפיים ע.טרי עטר,קילוגרמים,0.00,"ק""ג",true,0,12.70,12.70,true,1,
7290001209516,false,סטייק עין 800 גרם,טיבון ויל אחזקות בעמ,IL,סטייק עין,גרמים,800.00,100 גרם,false,0,51.20,6.40,true,1,
7290001216040,false,טחינה גולמית אל ארז 500ג,אגס ירוק מסחר ושירותים,IL,טחינה גולמית,גרמים,500.00,100 גרם,false,0,16.10,3.22,true,1,
7290001216231,false,טחינה מלאה 500 גרם,א.ג.ס ירוק בעמ,IL,טחינה מלאה,גרמים,500.00,100 גרם,false,0,17.00,3.40,true,1,
7290001230234,false,כאמל צהוב סופט חפיסה,jti,CH,כאמל צהוב סופט,יחידה,1.00,יחידה,false,0,33.50,33.50,false,1,
7290001230331,false,כאמל צהוב קצר חפיסה,jti,CH,כאמל צהוב קצר,יחידה,1.00,יחידה,false,0,33.50,33.50,false,1,
7290001230739,false,כאמל כחול חפיסה,jti,CH,כאמל כחול,יחידה,1.00,יחידה,false,0,33.50,33.50,false,1,
7290001231932,false,וינסטון כחול קצר חפיסה,jti,CH,וינסטון כחול קצר,יחידה,1.00,יחידה,false,0,34.50,34.50,false,1,
7290001235938,false,וינסטון כחול ארוך חפיסה,jti,CH,וינסטון כחול ארו,יחידה,1.00,יחידה,false,0,34.50,34.50,false,1,
7290001247068,false,נקטר ספרינג תות-בננה 1ל',"יפאורה תבורי בע""\מ",IL,נקטר תות בננה,ליטרים,1.00,ליטר,false,0,6.50,6.50,true,1,
7290001247082,false,נקטר עגבניות ספרינג 1 ל',"יפאורה תבורי בע""\מ",IL,נקטר עגבניות,ליטרים,1.00,ליטר,false,0,6.10,6.10,true,1,
7290001247105,false,נקטר ספרינג אפרסק 1 ליטר,"יפאורה תבורי בע""\מ",IL,נקטר אפרסק,ליטרים,1.00,ליטר,false,0,6.50,6.50,true,1,
7290001247112,false,נקטר ספרינג לימונענע 1ל',"יפאורה תבורי בע""\מ",IL,משקה לימונענע,ליטרים,1.00,ליטר,false,0,6.50,6.50,true,1,
7290001247129,false,נקטר ספרינג תפוזים 1ליטר,"יפאורה תבורי בע""\מ",IL,נקטר ספרינג תפוז,ליטרים,1.00,ליטר,false,0,6.50,6.50,true,1,
7290001247143,false,נקטר ספרינג תפוחים 1ליטר,"יפאורה תבורי בע""\מ",IL,נקטר ספרינג תפוח,ליטרים,1.00,ליטר,false,0,6.50,6.50,true,1,
7290001258217,false,לאבנה עיזים 5% משקל,גבינות משק יעקבס,IL,לאבנה עיזים 5%,קילוגרמים,0.00,"ק""ג",true,0,58.00,58.00,true,1,
7290001258569,false,גבינה גרוייר במשקל,גבינות משק יעקבס,IL,גבינה גרוייר,קילוגרמים,0.00,"ק""ג",true,1,110.00,110.00,true,1,
7290001258705,false,גאודה עשבי תיבול28% משקל,גבינות משק יעקבס,IL,גאודה עשבי תיבול,קילוגרמים,0.00,"ק""ג",true,1,93.00,93.00,true,1,
7290001274941,false,גלידל פרי דיאטטי פטל,פלקו בעמ,IL,גלידל פרי פטל,גרמים,640.00,100 גרם,false,0,22.90,3.58,true,1,
7290001305058,false,סב.נוז.פלמול.חלב דבש500מ,קולגייט פלמוליב,TR,סב.נוזלי פלמוליב,מיליליטרים,500.00,"100 מ""ל",false,0,15.30,3.06,true,1,
7290001305188,false,פלמוליב לכלים צהוב 750מל,קולגייט פלמוליב,GR,פלמוליב לכלים,מיליליטרים,750.00,"100 מ""ל",false,0,11.00,1.47,true,1,
7290001312995,false,באגט,גידרון,IL,באגט,יחידה,1.00,יחידה,false,0,4.40,4.40,true,1,
7290001327180,false,קרמיסימו בטעם וניל צ'יפ,"גלידת שטראוס בע""\מ, רחוב",IL,קרמיסימו בטעם ונ,ליטרים,1.33,ליטר,false,0,18.70,14.06,true,1,
7290001327791,false,קרמיסימו טעם וניל עוגיות,"גלידת שטראוס בע""\מ, רחוב",IL,קרמיסימו טעם וני,ליטרים,1.33,ליטר,false,0,18.70,14.06,true,1,
7290001407547,false,טחינה פי 6 שומש.מלא 500ג,"רושדי תעשיות מזון בע""\מ",IL,טחינה שומשום מלא,גרמים,500.00,100 גרם,false,1,15.30,3.06,true,1,
7290001407769,false,טחינה שומש.מלא בארכה500ג,"רושדי תעשיות מזון בע""\מ",IL,טחינה שומשום,גרמים,500.00,100 גרם,false,0,16.40,3.28,true,1,
7290001407936,false,טחינה גולמית מעודנת 310,"רושדי תעשיות מזון בע""\מ",IL,טחינה מעודנת,גרמים,310.00,100 גרם,false,1,11.80,3.81,true,1,
7290001419618,false,וופל בלגי שוקולד,,IL,וופל בלגי שוקולד,גרמים,200.00,100 גרם,false,0,3.30,1.65,true,1,
7290001419779,false,ופלים ט.שוקולד,,IL,ופלים ט.שוקולד,גרמים,200.00,100 גרם,false,0,3.30,1.65,true,1,
7290001507063,false,פתי בר קמח מלא אורגני200,השדה מוצרים אורגניים,IL,פתי בר אורגני,גרמים,200.00,100 גרם,false,0,6.50,3.25,true,1,
7290001507667,false,מצות כוסמין אורגניות300ג,אם החיטה,IL,מצות אורגניות,גרמים,300.00,100 גרם,false,0,25.50,8.50,true,1,
7290001552049,false,קוסקוס מרוקאי 800גרם,מטעמי פאר,IL,קוסקוס מרוקאי,גרמים,800.00,100 גרם,false,0,14.40,1.80,true,1,
7290001591680,false,קניידלך מקמח מצה קפוא,"שלושת האופים בע""\מ",IL,קניידלך מקמח מצה,גרמים,500.00,100 גרם,false,1,15.30,3.06,true,1,
7290001594025,false,קוקה קולה קלאסי,,IL,קוקה קולה קלאסי,מיליליטרים,350.00,"100 מ""ל",false,0,6.40,1.83,true,1,
7290001594155,false,"קוקה קולה בפלסטיק500 מ""ל",החברה המרכזית לייצור משק,IL,קוקה קולה,מיליליטרים,500.00,"100 מ""ל",false,0,7.30,1.46,true,1,
7290001594230,false,"משקה סודה 250 מ""ל",,IL,משקה סודה,מיליליטרים,250.00,"100 מ""ל",false,0,3.40,1.36,true,1,
7290001594384,false,"פריגת אשכוליות 500 מ""ל",מבשלות בירה בינלאומיות ב,IL,פריגת אשכוליות,מיליליטרים,500.00,"100 מ""ל",false,0,6.60,1.32,true,1,
7290001594391,false,"פריגת ענבים 500 מ""ל",מבשלות בירה בינלאומיות ב,IL,פריגת ענבים,מיליליטרים,500.00,"100 מ""ל",false,0,6.60,1.32,true,1,
7290001594568,false,"בירה קרלסברג בפחית500מ""ל",מבשלות בירה בינלאומיות ב,RO,בירה קרלסברג פח,מיליליטרים,500.00,"100 מ""ל",false,0,8.40,1.68,true,1,
7290001594575,false,"בירה טובורג פחית 500 מ""ל",מבשלות בירה בינלאומיות ב,IL,בירה טובורג פחית,מיליליטרים,500.00,"100 מ""ל",false,0,8.40,1.68,true,1,
7290001594810,false,"מאלטי בקבוקים 330*6 מ""ל",מבשלות בירה בינלאומיות ב,IL,מאלטי בקבוק 6 יח,ליטרים,1.98,ליטר,false,0,25.80,13.03,true,1,
7290001594858,false,בירה טובורג רד בק330*6מל,מבשלות בירה בינלאומיות ב,IL,טובורג רד 6 יח,ליטרים,1.98,ליטר,false,0,28.30,14.29,true,1,
7290001594865,false,"בירה קרלסברג בק330*6 מ""ל",מבשלות בירה בינלאומיות ב,IL,בירה קרלסברג 6יח,ליטרים,1.98,ליטר,false,0,28.30,14.29,true,1,
7290001696385,false,מיני רוגלך  במשקל,,IL,מיני רוגלך,קילוגרמים,0.00,"ק""ג",true,1,35.00,35.00,true,1,
7290001696392,false,מיני קרואסון במשקל,,IL,מיני קרואסון ריק,קילוגרמים,0.00,"ק""ג",true,1,35.00,35.00,true,1,
7290001710661,false,"חזה עוף קפוא לק""ג",מעדני הטלה,IL,"חזה עוף קפוא לק""",קילוגרמים,0.00,"ק""ג",true,1,29.80,29.80,true,1,
7290001713921,false,אקונומיקה בלאנקו4ליטר,קומפלקס כימיקלים בעמ,IL,אקונומיקה בלאנקו,ליטרים,4.00,ליטר,false,1,9.30,2.33,true,1,
7290001780428,false,גלידיאט שוקו+ 6יח',גלידות נסטלה )נגה גלידות,IL,מארז גלידיאט,גרמים,360.00,100 גרם,false,0,28.10,7.81,true,1,
7290001791349,false,פיסגה אקונומיקה ריחנית4ל,"סנו מפעלי ברונוס בע""מ",IL,אקונומיקה פיסגה,ליטרים,4.00,ליטר,false,0,10.10,2.53,true,1,
7290001791776,false,סנו די רול און אלוורה50מ,קוסמופארם,IL,סנו די רול און,מיליליטרים,50.00,"100 מ""ל",false,0,18.40,36.80,true,1,
7290001817728,false,צ'יטוס כאפה 55 גרם,"שטראוס פריטו ליי בע""\מ )",IL,צ'יטוס כפאה,גרמים,55.00,100 גרם,false,0,3.00,5.45,true,1,
7290001873458,false,סטייקבורגר בלאק אנגוס 32,טיבון ויל אחזקות בעמ,IL,סטייקבורגר בלאק,גרמים,320.00,100 גרם,false,1,21.20,6.63,true,1,
7290001873472,false,"קבב  בלאק אנגוס 320 גרם,",טיבון ויל אחזקות בעמ,IL,קבב בלאק אנגוס,גרמים,320.00,100 גרם,false,1,21.20,6.63,true,1,
7290001875339,false,כנפיים עוף טרי פרימיום ק,עוף עוז,IL,כנפיים -פרמיום ט,קילוגרמים,0.00,"ק""ג",true,1,12.70,12.70,true,1,
7290001875377,false,פרגיות עוף טרי פרימיום ק,עוף עוז,IL,פרגיות פרימיום,קילוגרמים,0.00,"ק""ג",true,1,59.70,59.70,true,1,
7290001879627,false,פילה עוף טרי ארוז,מילועוף,IL,פילה עוף טרי,קילוגרמים,0.00,"ק""ג",true,0,29.80,29.80,true,1,
7290001902134,false,לחם איטלקי 290 גרם,גידרון,IL,לחם איטלקי,יחידה,1.00,יחידה,false,0,6.40,6.40,true,1,
7290001902301,false,חלה מתוקה קלועה 450 גרם,גידרון,IL,חלה מתוקה קלוע,יחידה,1.00,יחידה,false,0,11.50,11.50,true,1,
7290001902318,false,חלה מתוקה קלוע+צימוקקפוא,גידרון,IL,חלה מתוקה קלוע,יחידה,1.00,יחידה,false,0,11.50,11.50,true,1,
7290001902325,false,חלה קלועה  שופרסל,גידרון,IL,חלה קלועה שופרסל,יחידה,1.00,יחידה,false,0,11.50,11.50,true,1,
7290001902653,false,מארז8יח לחמניה מתוקה,גידרון,IL,לח.מתוקה עגולה 8,יחידה,1.00,יחידה,false,0,9.30,9.30,true,1,
7290001902677,false,לחמניה מקמח מלא,גידרון,IL,לחמניה מקמח מלא,יחידה,1.00,יחידה,false,0,3.30,3.30,true,1,
7290001902776,false,לחמנית עם דגנים קפוא,גידרון,IL,לחמנית עם דגנים,יחידה,1.00,יחידה,false,0,4.70,4.70,true,1,
7290001902783,false,לחמנית המבורגר,גידרון,IL,לחמנית המבורגר,יחידה,1.00,יחידה,false,0,3.30,3.30,true,1,
7290001989272,false,איקרה לבנה/אדומה במשקל,סלטי שמיר,IL,איקרה לבנה/אדומה,קילוגרמים,0.00,"ק""ג",true,0,47.00,47.00,true,1,
7290001989364,false,מקרל פרוס בשמן משקל,סלטי שמיר,IL,מקרל פרוס בשמן,קילוגרמים,0.00,"ק""ג",true,0,93.00,93.00,true,1,
7290001989395,false,הרינג כבוש במשקל,סלטי שמיר,IL,הרינג כבוש,קילוגרמים,0.00,"ק""ג",true,0,51.00,51.00,true,1,
7290001990148,false,"סוכר גולדן קלאסי 1 ק""ג","סוגת תעשיות בע""\מ",IL,סוכר גולדן,קילוגרמים,1.00,"ק""ג",false,0,11.80,11.80,true,1,
7290001990407,false,"עדשים ירוקות 1 ק""ג","סוגת תעשיות בע""\מ",IL,עדשים ירוקות,קילוגרמים,1.00,"ק""ג",false,0,13.50,13.50,true,1,
7290001990414,false,"עדשים אדומות 1 ק""ג","סוגת תעשיות בע""\מ",IL,עדשים אדומות,קילוגרמים,1.00,"ק""ג",false,0,13.50,13.50,true,1,
7290001990421,false,"גרעיני תירס 1 ק""ג","סוגת תעשיות בע""\מ",IL,"פופקורן 1 ק""ג",קילוגרמים,1.00,"ק""ג",false,0,9.20,9.20,true,1,
7290002007371,false,פירורי לחם 500 גרם,הנמל,IL,פירורי לחם,גרמים,500.00,100 גרם,false,0,6.70,1.34,true,1,
7290002008040,false,"מקלות לשיפודים30ס""מ100יח","הנמל אריזות ושיווק בע""\מ",IL,מקלות לשיפודים,יחידה,1.00,יחידה,false,0,3.30,3.30,true,1,
7290002008187,false,קשים מתקפלים 40 יח',יבוא ושיווק: הנמל אריזות,CN,קשים מתקפלים,יחידה,1.00,יחידה,false,0,2.40,2.40,true,1,
7290002008224,false,מזרה עגול צבעוני צנצ100.,ממתקי עלה בעמ,IL,סוכריות לקישוט,גרמים,100.00,100 גרם,false,0,5.30,5.30,true,1,
7290002008750,false,אבקת אפיה 10*10 גרם,הנמל,IL,אבקת אפיה,גרמים,100.00,100 גרם,false,0,2.90,2.90,true,1,
7290002008941,false,"עוג.מרוקאיות ללת""ס 400ג",הנמל,IL,עוגיות ללא סוכר,גרמים,400.00,100 גרם,false,0,16.60,4.15,true,1,
7290002008989,false,קישקשים בקופסא 225 יח',"הנמל אריזות ושיווק בע""\מ",CN,קישקשים,יחידה,1.00,יחידה,false,0,8.40,8.40,true,1,
7290002013006,false,פסטרמה מקסיקנית במשקל,זוגלובק,IL,פסטרמה מקסיקנית,קילוגרמים,0.00,"ק""ג",true,0,76.00,76.00,true,1,
7290002013037,false,פסטרמה פרגיות במשקל,זוגלובק,IL,פסטרמה פרגיות,קילוגרמים,0.00,"ק""ג",true,0,76.00,76.00,true,1,
7290002019114,false,תרכיז עגבנ.פ.ניר28% 580ג,פרי ניר,IL,תרכיז עגבניות,גרמים,580.00,100 גרם,false,0,6.70,1.16,true,1,
7290002019787,false,רוטב עגבניות מרוכז260גר,פרי ניר,IL,רוטב עגבניות,גרמים,260.00,100 גרם,false,0,3.50,1.35,true,1,
7290002019794,false,רסק עגבניות מרוכז100גר,פרי ניר,IL,רוטב עגבניות,גרמים,100.00,100 גרם,false,0,1.70,1.70,true,1,
7290002020189,false,סופגניה מיני רגילה+ריבה,גידרון,IL,סופגניה מיני,גרמים,35.00,100 גרם,false,0,3.30,9.43,true,1,
7290002020868,false,מארז בייגל רומני 3יח,גידרון,,3 ביגלה רומני,יחידה,1.00,יחידה,false,0,11.80,11.80,true,1,
7290002026365,false,טבעות בצל 500 גרם,פספרוסט,BE,טבעות בצל,גרמים,500.00,100 גרם,false,20,10.10,2.02,true,1,
7290002026402,false,בלינצ'ס גבינה קפוא 350גר,מוצרי איכות אמריקאיים בע,IL,בלינצ'ס גבינה,גרמים,350.00,100 גרם,false,0,11.80,3.37,true,1,
7290002026587,false,וופל בלגי חם מהמקפיא,ביסקוטר ת.ס הרנטיס,BE,וופל בלגי חם,גרמים,280.00,100 גרם,false,1,13.50,4.82,true,1,
7290002037125,false,חלה פרוסה 500 גרם,מאפית ודש,IL,חלה פרוסה,גרמים,500.00,100 גרם,false,0,9.40,1.88,true,1,
7290002040019,false,קוסקוס רגיל 350 גרם,קוסקוס מזון,IL,קוסקוס רגיל,גרמים,350.00,100 גרם,false,0,5.00,1.43,true,1,
7290002040064,false,קוסקוס דק 350 גרם,קוסקוס מזון,IL,קוסקוס דק,גרמים,350.00,100 גרם,false,0,5.00,1.43,true,1,
7290002040071,false,קוסקוס עבה 350 גרם,קוסקוס מזון,IL,קוסקוס עבה,גרמים,350.00,100 גרם,false,0,5.00,1.43,true,1,
7290002040088,false,קוסקוס מלא 350 גרם,קוסקוס מזון,IL,קוסקוס מלא,גרמים,350.00,100 גרם,false,0,5.90,1.69,true,1,
7290002043218,false,צ'יפס אורז חום מלח ים60ג,נוהלס ג'\י אס סי.,BG,צ'יפס אורז מלא,גרמים,60.00,100 גרם,false,1,6.40,10.67,true,1,
7290002043232,false,ציפס אורז טקסס ברביקי120,נוהלס ג'\י אס סי.,BG,צ'יפס אורז מלא,גרמים,120.00,100 גרם,false,1,11.00,9.17,true,1,
7290002043782,false,צ'יפס אורז טקסס ברביק60,נוהלס ג'\י אס סי.,BG,צ'יפס אורז מלא,גרמים,60.00,100 גרם,false,1,6.40,10.67,true,1,
7290002053538,false,נודלס ביצים 100+400 גרם,פ.פ.ה טאביט ספn\,PL,נודלס ביצים,גרמים,500.00,100 גרם,false,1,12.70,2.54,true,1,
7290002057123,false,זית ירוק חרוזית ל.גלע540,קבוצת יבנה,IL,זית חרוזית,גרמים,540.00,100 גרם,false,0,8.40,1.56,true,1,
7290002057161,false,זית חתוך במרינד 540 גרם,קבוצת יבנה,IL,זית חתוך במרינד,גרמים,540.00,100 גרם,false,0,9.30,1.72,true,1,
7290002057185,false,טבעות זיתים ירוקים540גרם,קבוצת יבנה,IL,טבעות זיתים,גרמים,540.00,100 גרם,false,0,8.40,1.55,true,1,
7290002057352,false,מלפפונים 7-9 במלח 540גרם,קבוצת יבנה מוצרי מזון,IL,מלפפון במלח 7-9,גרמים,540.00,100 גרם,false,0,6.50,1.20,true,1,
7290002057369,false,מלפפון במלח 10-12 540גרם,קבוצת יבנה,IL,מלפפונים במלח,גרמים,540.00,100 גרם,false,0,7.60,1.41,true,1,
7290002057376,false,מלפ. במלח קטן13-17 540גר,קבוצת יבנה,IL,מלפפונים במלח,גרמים,540.00,100 גרם,false,0,8.40,1.55,true,1,
7290002057451,false,מלפפונים בחומץ 7-9 540גר,קבוצת יבנה מוצרי מזון,IL,מלפפונים בחומץ,גרמים,540.00,100 גרם,false,0,6.50,1.20,true,1,
7290002057475,false,מלפ.בחומץ קטן13-17 540גר,קבוצת יבנה,IL,מלפפונים בחומץ,גרמים,540.00,100 גרם,false,0,8.40,1.55,true,1,
7290002057628,false,טבעות זיתים מושחרים540גר,קבוצת יבנה,IL,טבעות זיתים,גרמים,540.00,100 גרם,false,0,8.40,1.55,true,1,
7290002065555,false,לחמניות בשקית 75*6 גרם,מאפיית שלמה א. אנג'\ל בע,IL,6 לחמניות בשקית,גרמים,450.00,100 גרם,false,0,10.10,2.24,true,1,
7290002065616,false,לחם שיפון גרעינים 750גרם,מאפיית שלמה א. אנג'\ל בע,IL,לחם שיפון,גרמים,750.00,100 גרם,false,0,12.70,1.69,true,1,
7290002107743,false,צפתית מעודנת5%משק צוריאל,משק צוריאל תבור,IL,גבינה צפתית 5%,קילוגרמים,0.00,"ק""ג",true,0,44.00,44.00,true,1,
7290002109372,false,בורקס פילו גבינה בולגרית,"שגמור בע""מ",IL,בורקס פילו גבינה,גרמים,700.00,100 גרם,false,0,18.70,2.67,true,1,
7290002129479,false,פיצה איטלקית דקה 320גרם,סוילה אס.אר.אל,IT,פיצה איטלקית דקה,גרמים,320.00,100 גרם,false,1,14.40,4.50,true,1,
7290002130574,false,דבש מפרחי בר יד מרדכי500,מכוורת יד מרדכי שטראוס ב,IL,דבש מפרחי בר,גרמים,500.00,100 גרם,false,0,24.40,4.88,true,1,
7290002130581,false,דבש בצנצנת יד מרדכי 1ק,מכוורת יד מרדכי שטראוס ב,IL,דבש טהור,קילוגרמים,1.00,"ק""ג",false,0,39.20,39.20,true,1,
7290002132011,false,עוגיות מזרחיות שומשום400,מאפיית יוסף ושמחה עבאדי,IL,עוגיות מזרחיות,גרמים,400.00,100 גרם,false,0,17.00,4.25,true,1,
7290002157830,false,קוביות גולש עגל 100% 800,,IL,קוביות גולש עגל,גרמים,800.00,100 גרם,false,1,29.80,3.73,true,1,
7290002198116,false,הברזילאית בקר הודו קג,,IL,הברזילאית בקר הו,קילוגרמים,0.00,"ק""ג",true,1,104.00,104.00,true,1,
7290002204169,false,מארז אגס נאשי,בראשית,IL,מארז רביעיית נאש,קילוגרמים,0.00,"ק""ג",true,1,16.90,16.90,true,1,
7290002253310,false,דורות שום חריף 80 גרם,דורות,IL,דורות שום חריף,גרמים,80.00,100 גרם,false,1,12.70,15.88,true,1,
7290002281382,false,נתח סלמון פילה קפוא קג,נטו,IL,נתח סלמון פילה,קילוגרמים,0.00,"ק""ג",true,1,76.80,76.80,true,1,
7290002281436,false,סטייק טונה ע.עור80%דג קפ,דלידג - נטו,VN,סטייק טונה בהירה,קילוגרמים,0.00,"ק""ג",true,1,42.60,42.60,true,1,
7290002281443,false,סטייק דג טונה עם עור קג,דלידג - נטו,VN,סטייק דג טונה עם,קילוגרמים,0.00,"ק""ג",true,1,34.10,34.10,true,1,
7290002285816,false,שניצל פרימ' טרי אר' עטרה,נטו,IL,שניצל פרימיום טר,קילוגרמים,0.00,"ק""ג",true,1,38.30,38.30,true,1,
7290002317654,false,זיתים ירוקים נובו ענק700,שימורי מוטולה בעמ,IL,זיתים ירוקים,גרמים,700.00,100 גרם,false,1,10.10,1.44,true,1,
7290002327042,false,"בורקס תפו""א 800 גרם",אופרה,IL,"בורקס תפו""א",גרמים,800.00,100 גרם,false,0,18.70,2.34,true,1,
7290002327059,false,"בצק עלים 1 ק""ג",אופרה,IL,בצק עלים מרודד,קילוגרמים,1.00,"ק""ג",false,0,19.50,19.50,true,1,
7290002327073,false,בורקס גבינה 800 גרם,אופרה,IL,בורקס גבינה,גרמים,800.00,100 גרם,false,0,21.20,2.65,true,1,
7290002331360,false,נביעות פקק טו גו 500*6מל,נביעות טבע,IL,נביעות ספורט 6יח,ליטרים,3.00,ליטר,false,0,12.90,4.30,true,1,
7290002331421,false,נביעות פקק טו גו 6 755*מ,נביעות טבע הגליל בעמ,IL,נביעות פקק טו גו,ליטרים,4.53,ליטר,false,0,15.50,3.42,true,1,
7290002331483,false,"נביעות בייבי 320*6 מ""ל",נביעות טבע הגליל בעמ,IL,נביעות בייבי 6יח,ליטרים,1.92,ליטר,false,0,13.50,7.03,true,1,
7290002331490,false,נביעות מים מינרלים 1 ל,נביעות טבע הגליל בעמ,IL,מים נביעות,ליטרים,1.00,ליטר,false,0,3.30,3.30,true,1,
7290002345060,false,גב.מאסדם הולנדי 29% משקל,סר קאשנדל בי.וי,NL,גבינת מאסדם,קילוגרמים,0.00,"ק""ג",true,1,76.00,76.00,true,1,
7290002345121,false,אסאדו דק דק אל גאוצו,"טיבון ויל אחזקות בע""\מ",IL,אסאדו דקדק,גרמים,250.00,100 גרם,false,1,22.10,8.84,true,1,
7290002345282,false,נתחי פילה סלמון דלידג קג,,IL,נתחי פילה סלמון,קילוגרמים,0.00,"ק""ג",true,1,76.80,76.80,true,1,
7290002345435,false,פילה מרלוזה ארגנטינאיתקפ,דלידג - נטו,IL,פילה מרלוזה קפוא,קילוגרמים,0.00,"ק""ג",true,1,25.50,25.50,true,1,
7290002360155,false,חליטת שומר 20 * 2 גרם,טיקנה,DE,חליטת שומר,גרמים,40.00,100 גרם,false,0,12.70,31.75,true,1,
7290002370239,false,גבינה פיקנטית29% משקל,היחוס דה סלבדור,ES,גבינה פיקנטית,קילוגרמים,0.00,"ק""ג",true,1,80.00,80.00,true,1,
7290002370253,false,גורגונזולה איטלקי29%משקל,איגור,IT,גבינת גורגונזולה,קילוגרמים,0.00,"ק""ג",true,1,115.00,115.00,true,1,
7290002370741,false,גבינה מלוחה עיזים19%משקל,,NL,גבינה מלוח עיזים,קילוגרמים,0.00,"ק""ג",true,1,76.00,76.00,true,1,
7290002371403,false,מארז פסטרמה+נקניק 600גרם,טיב טירת צבי 2000,IL,פסטרמה+נקניק,גרמים,600.00,100 גרם,false,0,27.30,4.55,true,1,
7290002371540,false,קורנדביף 120 גרם,טיב טירת צבי 2000,IL,קורנדביף,גרמים,120.00,100 גרם,false,0,15.30,12.75,true,1,
7290002371854,false,"נקניקיות עוף חריפות 1ק""ג",טיב טירת צבי 2000,IL,נקניקיות עוף,קילוגרמים,1.00,"ק""ג",false,0,22.10,22.10,true,1,
7290002374640,false,שמן קנולה פלוס אומגה3 1ל,סקנולה,EE,שמן קנולה פלוס,ליטרים,1.00,ליטר,false,0,15.30,15.30,true,1,
7290002385431,false,בולגרית מסורתית,,IL,בולגרית מסורתית,קילוגרמים,0.00,"ק""ג",true,0,54.00,54.00,true,1,
7290002385455,false,בולגרית מעודנת 24% במשקל,מחלבות גד,IL,בולגרית מעודנת,קילוגרמים,0.00,"ק""ג",true,1,52.00,52.00,true,1,
7290002439226,false,רולדה ריבת חלב ריצ450'ג,סהרון,IL,רולדה ריבת חלב,גרמים,450.00,100 גרם,false,1,35.80,7.96,true,1,
7290002439233,false,רולדת שוקולד ריצ' 450גרם,סהרון,IL,רולדת שוקולד ריצ,גרמים,450.00,100 גרם,false,1,35.80,7.96,true,1,
7290002439240,false,פס עוגת גבינה אפויה500ג,סהרון,IL,פס עוגת גבינה,גרמים,500.00,100 גרם,false,1,35.80,7.16,true,1,
7290002447580,false,פילה עגל טרי א.א במשקל,תנובה,IL,פילה עגל טרי,קילוגרמים,0.00,"ק""ג",true,0,196.50,196.50,true,1,
7290002472148,false,עוגת פס היער השחור,גידרון,IL,עוגת בלק פורסט,גרמים,600.00,100 גרם,false,0,40.90,6.82,true,1,
7290002472223,false,עוגת מאפין תפוז 550 גרם,,IL,מאפין בטעם תפוז,יחידה,1.00,יחידה,false,0,17.00,17.00,true,1,
7290002472254,false,עוגת מאפין אגוזים 550גרם,,IL,מאפין אגוזים,יחידה,1.00,יחידה,false,0,17.00,17.00,true,1,
7290002472261,false,"עוגת מאפין תפו""ע 550 גרם",,IL,מאפין תפוח עץ,גרמים,500.00,100 גרם,false,0,17.00,3.40,true,1,
7290002472629,false,עוגת שמרים שוקולד,,IL,עוג.שמרים שוקולד,גרמים,460.00,100 גרם,false,0,20.50,4.45,true,1,
7290002472636,false,"עוגת שמרים תפו""ע",,IL,"עוגת שמרים תפו""ע",גרמים,460.00,100 גרם,false,0,20.50,4.45,true,1,
7290002472667,false,עוגת שמרים גבינה 460ג,,IL,עוגת שמרים גבינה,גרמים,460.00,100 גרם,false,0,24.30,5.28,true,1,
7290002507109,false,צלי כתף טרי אמריקאי קג,,IL,צלי כתף טרי,קילוגרמים,0.00,"ק""ג",true,1,85.30,85.30,true,1,
7290002507567,false,"אסאדו ע""ח ע""ע טרי לקג",,IL,"אסאדו ע""ח ע""ע",קילוגרמים,0.00,"ק""ג",true,1,59.70,59.70,true,1,
7290002507604,false,פיצה השף מאיטלה שגב 320,סוילה אס.אר.אל,IT,פיצה השף שגב,גרמים,320.00,100 גרם,false,1,19.50,6.09,true,1,
7290002511427,false,אצבעות שוקולד וניל במשקל,מחלבת מושבה,IL,אצבעות שוקולד,קילוגרמים,0.00,"ק""ג",true,0,64.00,64.00,true,1,
7290002511762,false,גבינת ברי פקאן משקל,מחלבת מושבה,IL,גבינת ברי,קילוגרמים,0.00,"ק""ג",true,1,92.00,92.00,true,1,
7290002515371,false,אל סבון קמיל קלאסיק 1ליט,פישר מעבדות פרמצבטיות בע,IL,קמיל בלו לתינוק,ליטרים,1.00,ליטר,false,0,20.40,20.40,true,1,
7290002517283,false,פלפל שחור גרוס במיכל40גר,תבליני טעם וריח,IL,פלפל שחור,גרמים,40.00,100 גרם,false,0,9.30,23.25,true,1,
7290002517290,false,קינמון טחון 40 גרם,תבליני טעם וריח,IL,קינמון טחון,גרמים,40.00,100 גרם,false,0,5.90,14.75,true,1,
7290002517580,false,תערובת תיבול לעוף 80 גרם,תבליני טעם וריח,IL,תיבול לעוף,גרמים,80.00,100 גרם,false,0,9.30,11.63,true,1,
7290002517658,false,כורכום מיכל 40 גרם,"תבליני טעם וריח בע""\מ",IL,כורכום,גרמים,40.00,100 גרם,false,0,5.90,14.75,true,1,
7290002517726,false,קינמון מקלות 15 גרם,תבליני טעם וריח,IL,קינמון מקלות,גרמים,15.00,100 גרם,false,0,5.90,39.33,true,1,
7290002517825,false,פלפל לבן טחון 40 גרם,תבליני טעם וריח,IL,פלפל לבן,גרמים,40.00,100 גרם,false,0,10.10,25.25,true,1,
7290002542780,false,בירה סטלה ארטואה330*6מל,"אינבב, ברוורייפליין",BE,סטלה ארטואה 6 יח,ליטרים,1.98,ליטר,false,1,30.00,15.15,true,1,
7290002542841,false,"בירה לף בלונד 330*6 מ""ל","אינבב, ברוורייפליין",BE,בירה לף בלונד6יח,ליטרים,1.98,ליטר,false,1,42.90,21.67,true,1,
7290002542865,false,בירה הוגרדן מארז 330*6מל,"אינבב, ברוורייפליין",BE,בירה הוגרדן 6 יח,ליטרים,1.98,ליטר,false,1,42.90,21.67,true,1,
7290002543237,false,קלוג'ס קורנפלקס 750 גרם,קלוגס קומפני אוף גרייט ב,GB,קורנפלקס קלוגס,גרמים,750.00,100 גרם,false,0,14.40,1.92,true,1,
7290002577492,false,פילה דג הרינג בשמן 240גר,,IL,פילה הרינג,גרמים,240.00,100 גרם,false,1,23.80,9.92,true,1,
7290002577508,false,פילה הרינג בשמן+בצל 240ג,דלידג - נטו,IL,פילה הרניג,גרמים,240.00,100 גרם,false,1,23.80,9.92,true,1,
7290002603498,false,פיצת השף מאיטליהאנטיפסטי,שגב,IT,פיצת השף מאיטליה,גרמים,220.00,100 גרם,false,1,16.10,7.32,true,1,
7290002627814,false,שפיץ צ'אך טרי מוכשר קג,אזול,AR,שפיץ צ'אך טרי,קילוגרמים,0.00,"ק""ג",true,1,119.50,119.50,true,1,
7290002649175,false,גרון הודו טרי ארוז קג,יסכה,IL,גרון הודו טרי אר,קילוגרמים,0.00,"ק""ג",true,1,25.50,25.50,true,1,
7290002649182,false,חזה הודו טרי ארוז קג,יסכה,IL,חזה הודו טרי,קילוגרמים,0.00,"ק""ג",true,1,29.80,29.80,true,1,
7290002649199,false,כנפיים הודו טרי ארוז נקב,יסכה,IL,כנפיים הודו טרי,קילוגרמים,0.00,"ק""ג",true,1,15.30,15.30,true,1,
7290002649229,false,כבד הודו טרי ארוז קג,יסכה,IL,כבד הודו טרי,קילוגרמים,0.00,"ק""ג",true,1,21.20,21.20,true,1,
7290002649243,false,קורקבן הודו טרי,,,קורקבן הודו טרי,קילוגרמים,0.00,"ק""ג",true,0,10.10,10.10,true,1,
7290002649250,false,שוק הודו טרי ארוז נקבה ק,וי.ז.פי.ו.או. קוידג'ין,IL,שוק הודו טרי,קילוגרמים,0.00,"ק""ג",true,1,24.70,24.70,true,1,
7290002649274,false,נתחי חזה הודו טרי ארוז ק,יסכה,IL,תחי חזה הודו טרי,קילוגרמים,0.00,"ק""ג",true,1,25.50,25.50,true,1,
7290002649328,false,זוג עופיוניםטרי ארוז,יסכה,IL,זוג עופיונים טרי,קילוגרמים,0.00,"ק""ג",true,1,42.60,42.60,true,1,
7290002651116,false,ג'חנון חמסי 5יח 1קג,מאפיית אריאל,IL,ג'חנון חמסי,גרמים,1000.00,100 גרם,false,0,17.00,1.70,true,1,
7290002651123,false,מלווח חמסי 5יח 1קג,מאפיית אריאל,IL,מלווח חמסי,גרמים,1000.00,100 גרם,false,0,17.00,1.70,true,1,
7290002661153,false,"לחם דני קל 1 ק""ג","י.את.א.ברמן בע""\מ",IL,לחם דני קל,גרמים,1000.00,100 גרם,false,0,16.60,1.66,true,1,
7290002685012,false,עוף שלם טרי שופסל  קג,קורניש,IL,עוף שלם טרי,קילוגרמים,0.00,"ק""ג",true,1,16.10,16.10,true,1,
7290002685043,false,ירכיים עוף טרי שופרסל,קורניש,IL,ירכיים עוף טרי,קילוגרמים,0.00,"ק""ג",true,1,23.80,23.80,true,1,
7290002685050,false,חזה עוף טרי שופרסל,קורניש,IL,חזה עוף טרי,קילוגרמים,0.00,"ק""ג",true,1,27.20,27.20,true,1,
7290002685067,false,פילה עוף טרי שופרסל,קורניש,IL,פילה עוף טרי,קילוגרמים,0.00,"ק""ג",true,1,29.80,29.80,true,1,
7290002685074,false,שניצל עוף טרי שופרסל,קורניש,IL,שניצל עוף טרי,קילוגרמים,0.00,"ק""ג",true,1,29.80,29.80,true,1,
7290002685081,false,שניצל דק דק טרי שופרסל,קורניש,IL,שניצל דק דק טרי,קילוגרמים,0.00,"ק""ג",true,1,34.10,34.10,true,1,
7290002685104,false,שוקיים עוף טרי שופרסל,קורניש,IL,שוקיים עוף טרי,קילוגרמים,0.00,"ק""ג",true,1,28.10,28.10,true,1,
7290002685111,false,כנפיים עוף טרי שופרסל,קורניש,IL,כנפיים עוף טרי,קילוגרמים,0.00,"ק""ג",true,1,10.10,10.10,true,1,
7290002685135,false,לב עוף טרי שופרסל  קג,קורניש,IL,לב עוף טרי,קילוגרמים,0.00,"ק""ג",true,1,20.40,20.40,true,1,
7290002692393,false,שמן קנולה מועשר 1 ליטר,סקנולה,EE,שמן קנולה מועשר,ליטרים,1.00,ליטר,false,0,14.40,14.40,true,1,
7290002692478,false,שמ.זית כתית מעול.מעוד750,שמן תעשיות בעמ,IT,שמן זית,מיליליטרים,750.00,"100 מ""ל",false,0,28.90,3.85,true,1,
7290002703754,false,"דבש אורגני מפרחי בר 1ק""ג",נאימן,AR,דבש מפרחי בר,גרמים,1000.00,100 גרם,false,1,55.10,5.51,true,1,
7290002730262,false,פלמוליב קלאסי ירוק 750מל,קולגייט פלמוליב,GR,פלמוליב לכלים,מיליליטרים,750.00,"100 מ""ל",false,0,11.00,1.47,true,1,
7290002730675,false,"משחת קולגייט אדום 100מ""ל",קולגייט פלמוליב,PL,משחת שיניים,מיליליטרים,100.00,"100 מ""ל",false,0,9.30,9.30,true,1,
7290002730811,false,משחה קולגייט ג'ל 100 גרם,קולגייט פלמוליב,PL,משחת קולגייט ג'ל,מיליליטרים,100.00,"100 מ""ל",false,0,12.60,12.60,true,1,
7290002730958,false,סב.פלמוליב ירוק 90*4 גרם,קולגייט פלמוליב,TR,סבון פלמוליב 4יח,גרמים,360.00,100 גרם,false,0,15.30,4.25,true,1,
7290002752332,false,סוכ.מנטוס טעם פירות37.5ג,מנטוס,NL,סוכריות מנטוס,גרמים,37.00,100 גרם,false,0,3.40,9.19,true,1,
7290002752349,false,סוכ. מנטוס מנטה 37.5 גרם,פרפטי ואן מלה,NL,סוכריות מנטוס,גרמים,37.00,100 גרם,false,0,3.40,9.19,true,1,
7290002757139,false,מלווח 700 גרם,אופרה,IL,מלווח 700 גרם,גרמים,700.00,100 גרם,false,0,14.40,2.06,true,1,
7290002759164,false,מארז בייגלה ירושלמי 3יח,גידרון,IL,3בייגלה ירושלמי,יחידה,1.00,יחידה,false,0,11.80,11.80,true,1,
7290002759225,false,מארז4יח שבלול עם צימוקים,גידרון,IL,שבלול צימוק 4יח,יחידה,1.00,יחידה,false,0,11.80,11.80,true,1,
7290002759393,false,סופגניה מיני רגילה 8יח',גידרון,IL,סופגניות מיני 8י,יחידה,1.00,יחידה,false,0,17.00,17.00,true,1,
7290002759409,false,סופגניה מיני מצופה 8יח',גידרון,IL,סופג.מיני מצופה8,יחידה,1.00,יחידה,false,0,28.10,28.10,true,1,
7290002759478,false,מארז4יח חצי ג'בטה,גידרון,IL,חצי ג'בטה לבן 4י,יחידה,1.00,יחידה,false,0,11.80,11.80,true,1,
7290002759522,false,מארז4 לחמניית חלה מתוקה,גידרון,,לחמנ.חלה מתוקה 4,יחידה,1.00,יחידה,false,0,11.80,11.80,true,1,
7290002766056,false,עגבניה שרי תמר,קטיף.,IL,עגבניה שרי תמר,גרמים,460.00,100 גרם,false,1,10.90,2.37,true,1,
7290002771111,false,קפה אל נח'לה עם הל250גרם,קפה אל נח'לה,IL,קפה עם הל,גרמים,250.00,100 גרם,false,0,15.80,6.32,true,1,
7290002771128,false,קפה אל נח'לה בלי הל 250ג,קפה אל נח'לה,IL,קפה בלי הל,גרמים,250.00,100 גרם,false,0,15.70,6.28,true,1,
7290002775768,false,עוגת טורט קצפת שוקולד 1ק,נטו,IL,עוגת טורט ריצ',קילוגרמים,1.00,"ק""ג",false,0,56.30,56.30,true,1,
7290002775775,false,"טורט ריבת חלב קוקוס 1ק""ג",נטו,IL,עוגת טורט ריצ',קילוגרמים,1.00,"ק""ג",false,0,56.30,56.30,true,1,
7290002775782,false,עוג.טורט מצופה שוקולד 1ק,נטו,IL,עוגת טורט ריצ',קילוגרמים,1.00,"ק""ג",false,0,56.30,56.30,true,1,
7290002775805,false,עוג.מוס גבינה פירורים850,נטו,IL,עוגת מוס גבינה,גרמים,850.00,100 גרם,false,0,56.30,6.62,true,1,
7290002782131,false,דאודורנט פ.רוזנבלום150מל,"ביסקול בע""מ",IL,דאודורנט פנינה,מיליליטרים,150.00,"100 מ""ל",false,0,21.90,14.60,true,1,
7290002782759,false,"קרם גוף מס2' פנינה340מ""ל",א.ל ארמן,IL,קרם גוף פנינה,מיליליטרים,340.00,"100 מ""ל",false,0,22.90,6.74,true,1,
7290002787501,false,פילה סלמון קפוא נורווגי,סלאריס אי אס אבלורוגן,NO,פילה סלמון קפוא,קילוגרמים,0.00,"ק""ג",true,1,59.70,59.70,true,1,
7290002800361,false,המבורגר מסעדות 500 גרם,מעדני הטלה והעגל,IL,המבורגר מסעדות,גרמים,500.00,100 גרם,false,0,21.20,4.24,true,1,
7290002814160,false,מסיר שומנים סנט מוריץ 1ל,קומפלקס כימיקלים בעמ,IL,מסיר שומנים,ליטרים,1.00,ליטר,false,1,16.10,16.10,true,1,
7290002814290,false,קצף אקונומיקה בלאנקו 1 ל,קומפלקס כימיקלים בעמ,IL,קצף אקונומיקה,ליטרים,1.00,ליטר,false,1,10.10,10.10,true,1,
7290002814610,false,מסיר שומנים לימון1ליטר,קומפלקס כימיקלים בעמ,IL,מסיר שומנים,ליטרים,1.00,ליטר,false,0,11.00,11.00,true,1,
7290002824183,false,גב.סקי משפחתי5%שומן500ג,"שטראוס בריאות בע""\מ",IL,גבינת סקי 5%,גרמים,500.00,100 גרם,false,0,8.52,1.70,true,1,
7290002824466,false,יוגורט ביו 0% דנונה 200ג,"שטראוס בריאות בע""\מ",IL,יוגורט ביו 0%,גרמים,200.00,100 גרם,false,0,3.10,1.55,true,1,
7290002824640,false,גב.סקי5%לבנה מעודנת250ג,"שטראוס בריאות בע""\מ",IL,גבינת סקי 5%,גרמים,250.00,100 גרם,false,0,4.26,1.70,true,1,
7290002825722,false,כרוב אדום אחלה 500 גרם,"שטראוס גרופ בע""\מ",IL,סלט כרוב אחלה,גרמים,500.00,100 גרם,false,0,13.50,2.70,true,1,
7290002830245,false,פילה לברק יפני קג,דלידג - נטו,IL,פילה לברק יפני,קילוגרמים,0.00,"ק""ג",true,1,42.60,42.60,true,1,
7290002830948,false,גבינת מון בלאן עיזים120ג,נטו,IL,גבינת מון בלאן,גרמים,120.00,100 גרם,false,0,11.00,9.17,true,1,
7290002862000,false,אריסה תוניסאית 250 גרם,הררית מזון בעמ,IL,אריסה תוניסאית,גרמים,250.00,100 גרם,false,0,9.30,3.72,true,1,
7290002862093,false,חזרת 250 גרם,הררית מזון בעמ,IL,חזרת,גרמים,250.00,100 גרם,false,0,9.30,3.72,true,1,
7290002862277,false,לימון כבוש 200 גרם,הררית מזון בעמ,IL,לימון כבוש,גרמים,200.00,100 גרם,false,0,14.40,7.20,true,1,
7290002862864,false,פירורי לחם מתובל קלאס400,"הררית מזון בע""מ",ES,פירורי לחם מתובל,גרמים,400.00,100 גרם,false,1,5.90,1.48,true,1,
7290002871248,false,"טובורג רד בק.חוזר 500מ""ל",מבשלות בירה בינלאומיות ב,IL,בירה טובורג רד,מיליליטרים,500.00,"100 מ""ל",false,0,8.10,1.62,true,1,
7290002881209,false,"רסק תפו""ע 720 גרם",KONSERVENFABRI BALTUSSEN,NL,"רסק תפו""ע",גרמים,720.00,100 גרם,false,0,10.10,1.40,true,1,
7290002881803,false,שמן קנולה מזוכך 1 ליטר,,BE,שמן קנולה מזוכך,ליטרים,1.00,ליטר,false,1,10.10,10.10,true,1,
7290002900436,false,פסטרמה איטלקי מילנו משקל,טירת צבי,,פסטרמה איטלקית,קילוגרמים,0.00,"ק""ג",true,0,76.00,76.00,true,1,
7290002904694,false,דאו.טיטניום תרסיס 180 מל,אמיליה קוסמטיקס בעמ,IL,דאודורנט טיטניום,מיליליטרים,180.00,"100 מ""ל",false,0,14.40,8.00,true,1,
7290002923466,false,בקר טחון קפוא 1קג,טיבון ויל אחזקות בעמ,IL,בקר טחון קפוא,גרמים,1000.00,100 גרם,false,0,34.10,3.41,true,1,
7290002939108,false,חזה עוף טרי ארוז עטרה לק,שונות,IL,חזה עוף טרי עטרה,קילוגרמים,0.00,"ק""ג",true,0,28.90,28.90,true,1,
7290002987963,false,"חומוס אחלה 1 ק""ג","שטראוס גרופ בע""\מ",IL,"חומוס אחלה 1 ק""ג",קילוגרמים,1.00,"ק""ג",false,0,12.70,12.70,true,1,
7290003009640,false,מיץ תפוזים סחוט 1 ליטר,גת,IL,מיץ תפוזים סחוט,ליטרים,1.00,ליטר,false,0,12.70,12.70,true,1,
7290003026036,false,אל סבון סנסיטיב קמיל 1 ל,פישר מעבדות פרמצבטיות בע,IL,אל סבון קמיל בלו,ליטרים,1.00,ליטר,false,0,29.80,29.80,true,1,
7290003026234,false,קרם גוף קמיל בלו 500 גרם,פישר מעבדות פרמצבטיות בע,IL,קרם גוף לתינוק,גרמים,500.00,100 גרם,false,0,20.40,4.08,true,1,
7290003029181,false,שוקו יטבתה בבקבוק 1 ליטר,מחלבת יטבתה,IL,שוקו יטבתה,ליטרים,1.00,ליטר,false,0,10.20,10.20,true,1,
7290003029372,false,משקה חלב בננה בקבוק 1 ל',מחלבת יטבתה,IL,משקה חלב בננה,ליטרים,1.00,ליטר,false,0,10.20,10.20,true,1,
7290003029389,false,משקה בננה יטבתה+פקק 250מ,מחלבת יטבתה,IL,משקה בננה,מיליליטרים,250.00,"100 מ""ל",false,0,4.70,1.88,true,1,
7290003029433,false,שוקו יטבתה+פקק נשלף 250מ,מחלבת יטבתה,IL,שוקו יטבתה,מיליליטרים,250.00,"100 מ""ל",false,0,4.70,1.88,true,1,
7290003029532,false,מוקה יטבתה בקבוק 2% 1ל,מחלבת יטבתה,IL,מוקה יטבתה בקבוק,ליטרים,1.00,ליטר,false,0,10.20,10.20,true,1,
7290003029792,false,שוקו יטבתה מארז 225*8 מל,מחלבת יטבתה,IL,שקיות שוקו 8 יח',ליטרים,1.80,ליטר,false,0,17.00,9.44,true,1,
7290003029815,false,חלב מועשר יטבתה 3%כד 2ל',מחלבת יטבתה,IL,חלב מועשר יטבתה,ליטרים,2.00,ליטר,false,0,13.30,6.65,true,1,
7290003029907,false,אייס קפה יטבתה 2% 1ל,מחלבת יטבתה,IL,אייס קפה יטבתה,ליטרים,1.00,ליטר,false,0,10.20,10.20,true,1,
7290003047642,false,ליפטון ילו לייבל100ש1.5*,יוניליוור,RU,תה ילו לייבל,גרמים,150.00,100 גרם,false,0,12.70,8.47,true,1,
7290003054183,false,לחם שיפון מלא מסטמכר500ג,מסטמאכר,DE,לחם שיפון מלא,גרמים,500.00,100 גרם,false,0,11.80,2.36,true,1,
7290003054657,false,חרדל אקסטרא פורטה 370גרם,ריין דיג'ון,FR,חרדל דיז'ון,גרמים,370.00,100 גרם,false,0,11.20,3.03,true,1,
7290003107216,false,"קמח לבן 1 ק""ג",טחנת קמח דגן לישראל,IL,קמח לבן,קילוגרמים,1.00,"ק""ג",false,0,5.70,5.70,true,1,
7290003107223,false,"סולת 1 ק""ג",טחנת קמח דגן לישראל,IL,סולת,קילוגרמים,1.00,"ק""ג",false,0,5.90,5.90,true,1,
7290003107247,false,שמרים יבשים אינסטנט33גרם,שטיבל,IL,שמרים יבשים,גרמים,33.00,100 גרם,false,0,5.90,17.88,true,1,
7290003137190,false,קוקטייל טרי ארוז,מילועוף,IL,קוקטייל עוף טרי,קילוגרמים,0.00,"ק""ג",true,0,23.80,23.80,true,1,
7290003158164,false,פילו ריקוטה פרימיום קג,גידרון,IL,פילו ריקוטה חלבי,קילוגרמים,0.00,"ק""ג",true,0,35.00,35.00,true,1,
7290003158591,false,מארז4יח לחמניית חלה קלה,גידרון,,לחמניה חלה קלה 4,יחידה,1.00,יחידה,false,0,11.80,11.80,true,1,
7290003158850,false,לחמניות המבורגר5,,IL,לחמניות המבורגר5,יחידה,1.00,יחידה,false,0,11.80,11.80,true,1,
7290003158980,false,מארז פיתה פרנה 3יח180*גר,מאפיית אורן משי,IL,פיתה פרנה,גרמים,540.00,100 גרם,false,0,13.50,2.50,true,1,
7290003185719,false,קבב רומני 500 גרם,טיבון ויל אחזקות בעמ,IL,קבב רומני,גרמים,500.00,100 גרם,false,0,17.00,3.40,true,1,
7290003189045,false,צהובה הולנדית מחיר לפי מ,תעש' מזון יבנה,IL,צהובה הולנדית,קילוגרמים,0.00,"ק""ג",true,0,34.00,34.00,true,1,
7290003189199,false,צהובה חריפה במשקל,צי תעשיות מזון יבנה,IL,צהובה חריפה,קילוגרמים,0.00,"ק""ג",true,0,31.00,31.00,true,1,
7290003189274,false,צהובה מעושנת במשקל,צי תעשיות מזון יבנה,IL,צהובה מעושנת,קילוגרמים,0.00,"ק""ג",true,0,38.00,38.00,true,1,
7290003208593,false,"מרטיני לבן דריי 750 מ""ל",מרטיני ורוסי,IT,מרטיני דריי,מיליליטרים,750.00,"100 מ""ל",false,1,46.90,6.26,true,1,
7290003220533,false,"רוטב צ'ילי מתוק 700 מ""ל",תאי פרידה אינדסטרי,TH,רוטב צ'ילי מתוק,מיליליטרים,700.00,"100 מ""ל",false,0,11.80,1.69,true,1,
7290003220830,false,"חומץ אורז 500 מ""ל",דיאמונד פריזרוד פודס,TH,חומץ אורז,מיליליטרים,500.00,"100 מ""ל",false,0,14.50,2.90,true,1,
7290003224845,false,"כיסונים תפו""א ופטריות","מאמא מרי בע""\מ",IL,"כיסונים תפו""א ופ",גרמים,800.00,100 גרם,false,1,17.00,2.13,true,1,
7290003229116,false,פסטרמה הודו בדבש 400 גרם,טיב טירת צבי 2000,IL,פסטרמה הודו בדבש,גרמים,400.00,100 גרם,false,0,23.80,5.95,true,1,
7290003229147,false,סלמי איטלקי 300 גרם,טיב טירת צבי 2000,IL,סלמי איטלקי,גרמים,300.00,100 גרם,false,0,24.70,8.24,true,1,
7290003229154,false,סלמי קוניאק 300 גרם,טיב טירת צבי 2000,IL,סלמי קוניאק,גרמים,300.00,100 גרם,false,0,24.70,8.23,true,1,
7290003268252,false,לחם חיטה מלא לילדים750ג,דגנית עין בר תעשיות מזון,IL,לחם חיטה מלא,גרמים,750.00,100 גרם,false,1,12.70,1.69,true,1,
7290003321155,false,דנונה בר פקאן 183 גרם,"שטראוס בריאות בע""\מ",IL,דנונה בר פקאן,גרמים,183.00,100 גרם,false,0,4.10,2.24,true,1,
7290003332007,false,קפה שחור עם הל 250 גרם,קפה אל נח'לה,IL,קפה שחור,גרמים,250.00,100 גרם,false,0,12.40,4.96,true,1,
7290003387205,false,דאו.ספיד סטיק לגבר 56 גר,קולגייט פלמוליב,US,דאודורנט סטיק,גרמים,56.00,100 גרם,false,0,15.20,27.14,true,1,
7290003411993,false,גפרורים 10 יח',הנמל,SE,גפרורים,יחידה,1.00,יחידה,false,0,3.10,3.10,true,1,
7290003423909,false,חטיף שוק.לבן שברי עוג43.,,US,חטיף שוקולד לבן,גרמים,43.00,100 גרם,false,0,4.10,9.53,true,1,
7290003427154,false,"שמן זית כתית מעולה750מ""ל",זיתא תעשיות שמן זיתt\,IL,שמן זית כתית,מיליליטרים,750.00,"100 מ""ל",false,0,30.60,4.08,true,1,
7290003438006,false,רוטב פסטו אוליביה 180 גר,אוליביה,IL,רוטב פסטו,גרמים,180.00,100 גרם,false,0,12.30,6.83,true,1,
7290003438013,false,ממרח זיתים ירוקים 190גרם,אוליביה,IL,ממרח זיתים,גרמים,190.00,100 גרם,false,0,12.30,6.47,true,1,
7290003438020,false,ממרח עגבניות מיובשות190ג,אוליביה,IL,ממרח עגבניות,גרמים,190.00,100 גרם,false,0,12.30,6.47,true,1,
7290003438082,false,חזרת אולביה 180 גרם,אוליביה,IL,חזרת אולביה,גרמים,180.00,100 גרם,false,0,11.70,6.50,true,1,
7290003438709,false,ממרח זיתים שחורים 190גרם,אוליביה גורמה בעמ,IL,ממרח זיתים,גרמים,190.00,100 גרם,false,0,12.30,6.47,true,1,
7290003444009,false,חט.שוקו.חלב+חמאת בוטנ42ג,הרשי,US,חטיף שוקולד חלב,גרמים,42.00,100 גרם,false,0,3.30,7.86,true,1,
7290003450602,false,ממרח חרדל צהוב 255 גרם,היינץ,US,ממרח חרדל צהוב,גרמים,255.00,100 גרם,false,0,9.30,3.65,true,1,
7290003457991,false,חטיפי גל.קורנטו קלאסיקו,"גלידת שטראוס בע""\מ, רחוב",IL,חטיפי קורנטו,גרמים,300.00,100 גרם,false,0,29.80,9.93,true,1,
7290003495030,false,מאפה שקדים במשקל,גידרון,IL,מאפה שקדים,קילוגרמים,0.00,"ק""ג",true,0,35.00,35.00,true,1,
7290003495078,false,מארז4 בייגל אמריקאי כפרי,מאפ גדרון,IL,4 בייגלה כפרי,יחידה,1.00,יחידה,false,0,11.80,11.80,true,1,
7290003495825,false,בייגלה טוסט לבן,,IL,בייגלה טוסט לבן,יחידה,1.00,יחידה,false,0,11.80,11.80,true,1,
7290003495849,false,4 חצי ג'בטה כפרי,,,4 חצי ג'בטה כפרי,יחידה,1.00,יחידה,false,0,11.80,11.80,true,1,
7290003514007,false,שקדי מרק 400 גרם,מנה,IL,שקדי מרק מנה,גרמים,400.00,100 גרם,false,0,8.30,2.08,true,1,
7290003521074,false,מרכך לילדים סרקל 1 ליטר,פישר מעבדות פרמצבטיות בע,IL,מרכך לילדים סרקל,ליטרים,1.00,ליטר,false,0,27.20,27.20,true,1,
7290003525478,false,סלט טונה,,IL,סלט טונה,גרמים,160.00,100 גרם,false,0,5.40,3.38,true,1,
7290003550937,false,רגל פרוסה קפוא קג,טיבון ויל - נטו,IL,רגל פרוסה קג,קילוגרמים,0.00,"ק""ג",true,0,30.60,30.60,true,1,
7290003643004,false,אורז בסמטי קלאסי בשקית1ק,"סוגת תעשיות בע""\מ",IL,אורז בסמטי קלאסי,קילוגרמים,1.00,"ק""ג",false,0,12.70,12.70,true,1,
7290003643325,false,קוסקוס בינוני,"אסיף תעשיות מזון בע""\מ",IL,קוסקוס בינוני,גרמים,350.00,100 גרם,false,0,5.00,1.43,true,1,
7290003643387,false,"סוכר לבן צנצנת 1 ק""ג","סוגת תעשיות בע""\מ",IL,סוכר לבן צנצנת,קילוגרמים,1.00,"ק""ג",false,0,7.60,7.60,true,1,
7290003643646,false,"סוכר דמררה צנצנת 1 ק""ג","סוגת תעשיות בע""\מ",IL,סוכר דמררה,קילוגרמים,1.00,"ק""ג",false,0,12.10,12.10,true,1,
7290003643684,false,אפונה 500 גרם,"סוגת תעשיות בע""\מ",IL,אפונה 500 גרם,גרמים,500.00,100 גרם,false,0,5.80,1.16,true,1,
7290003643738,false,חיטה 500 גרם,"סוגת תעשיות בע""\מ",IL,חיטה 500 גרם,גרמים,500.00,100 גרם,false,0,5.80,1.16,true,1,
7290003643745,false,כוסמת 500 גרם,"סוגת תעשיות בע""\מ",IL,כוסמת,גרמים,500.00,100 גרם,false,0,6.70,1.34,true,1,
7290003643752,false,עדשים ירוקות 500 גרם,"סוגת תעשיות בע""\מ",IL,עדשים ירוקות,גרמים,500.00,100 גרם,false,0,7.20,1.44,true,1,
7290003643769,false,עדשים אדומות 500 גרם,"סוגת תעשיות בע""\מ",IL,עדשים אדומות,גרמים,500.00,100 גרם,false,0,7.60,1.52,true,1,
7290003643820,false,חומוס ענק סוגת 500 גרם,"סוגת תעשיות בע""\מ",IL,חומוס ענק,גרמים,500.00,100 גרם,false,0,9.30,1.86,true,1,
7290003648207,false,מטיאס הולנדי במשקל,סלטי שמיר,IL,מטיאס הולנדי,קילוגרמים,0.00,"ק""ג",true,0,51.00,51.00,true,1,
7290003681792,false,סוכריות טופי ט.פירות850ג,מיה תעשיות מזון מ.ת.מ. ב,IL,סוכריות טופי,גרמים,850.00,100 גרם,false,0,14.40,1.69,true,1,
7290003726615,false,טופו ויילר 300 גרם,"משק ווילר בע""\מ",IL,טופו ויילר,גרמים,300.00,100 גרם,false,1,10.20,3.40,true,1,
7290003804252,false,תיבול.קנור לאורז-הודי72ג,יוניליוור ישראל מזון בע\,IL,תיבוליות קנור,גרמים,72.00,100 גרם,false,0,8.90,12.36,true,1,
7290003804320,false,תיבול.קנור שום+פטרוזיל72,יוניליוור ישראל מזון בע\,IL,תיבוליות קנור,גרמים,72.00,100 גרם,false,0,8.90,12.36,true,1,
7290003804382,false,תיבולית קנור פיטריות72גר,יוניליוור ישראל מזון בע\,IL,תיבוליות פטריות,גרמים,72.00,100 גרם,false,0,8.90,12.36,true,1,
7290003805501,false,פתית חסכוני שוודית 300גר,יוניליוור ישראל מזון בע\,IL,פתית קרקר שוודי,גרמים,300.00,100 גרם,false,0,16.00,5.33,true,1,
7290003807178,false,רוטב סויה סגנון סיני300מ,יוניליוור ישראל מזון בע\,IL,רוטב סויה,מיליליטרים,300.00,"100 מ""ל",false,0,10.60,3.53,true,1,
7290003807482,false,רוטב טריאקי 370 גרם,יוניליוור ישראל מזון בע\,IL,רוטב טריאקי,גרמים,300.00,100 גרם,false,0,10.60,3.53,true,1,
7290003864478,false,סרדין בשמן סויה,,TH,סרדין בשמן סויה,גרמים,110.00,100 גרם,false,0,5.30,4.82,true,1,
7290003864492,false,סרדין פיקנטי,,TH,סרדין פיקנטי,גרמים,110.00,100 גרם,false,0,5.30,4.82,true,1,
7290003882922,false,עלי גפן ממולאים,,CN,עלי גפן ממולאים,גרמים,400.00,100 גרם,false,0,8.40,2.10,true,1,
7290003989096,false,חציל פיקנטי אחלה 500 גרם,"שטראוס גרופ בע""\מ",IL,חציל פיקנטי אחלה,גרמים,500.00,100 גרם,false,0,13.50,2.70,true,1,
7290003989539,false,רביולי עם גבינה 400 גרם,"שטראוס גרופ בע""\מ",IL,רביולי גבינה,גרמים,400.00,100 גרם,false,0,18.50,4.63,true,1,
7290003989553,false,טורטליני עם פטריות 400גר,"שטראוס גרופ בע""\מ",IL,טורטליני פטריות,גרמים,400.00,100 גרם,false,0,18.50,4.63,true,1,
7290004011338,false,"קצפת ריצ' במיכל 250 מ""ל",נטו,IT,קצפת ריצ' במיכל,מיליליטרים,250.00,"100 מ""ל",false,0,11.00,4.40,true,1,
7290004011345,false,קצפת מתוקה,,IT,קצפת מתוקה,גרמים,250.00,100 גרם,false,0,11.00,4.40,true,1,
7290004011826,false,מיני המבורגר אלגאוצו320,טיבון ויל אחזקות בעמ,IL,מיני המבורגר,גרמים,320.00,100 גרם,false,0,20.40,6.38,true,1,
7290004030216,false,נקטר חמוציות 1 ליטר,פריניב בעמ,IL,נקטר חמוציות,ליטרים,1.00,ליטר,false,1,12.10,12.10,true,1,
7290004030223,false,מיץ תפוחים סחוט,,IL,מיץ תפוחים סחוט,ליטרים,1.00,ליטר,false,0,16.10,16.10,true,1,
7290004030445,false,מיץ תפוזים סחוט,,IL,מיץ תפוזים סחוט,ליטרים,1.00,ליטר,false,0,13.50,13.50,true,1,
7290004030612,false,משקה תפוח קיווי,,IL,משקה תפוח קיווי,ליטרים,1.00,ליטר,false,0,13.80,13.80,true,1,
7290004030834,false,מיץ רימונים,,IL,מיץ רימונים,ליטרים,1.00,ליטר,false,0,21.60,21.60,true,1,
7290004033705,false,לחמניות הבורגריה 100*6ג,"י.את.א.ברמן בע""\מ",IL,לחמניות 6 יח',גרמים,600.00,100 גרם,false,1,12.70,2.12,true,1,
7290004033736,false,לחם עננים סגנון בריוש500,"י.את.א.ברמן בע""\מ",IL,לחם עננים בריוש,גרמים,500.00,100 גרם,false,1,14.10,2.82,true,1,
7290004043108,false,עדשי מ&מ'ס שוקולד 89 גרם,מרס,US,עדשי מ&מ'ס,גרמים,89.00,100 גרם,false,1,6.40,7.19,true,1,
7290004064297,false,מלח מועשר ביוד צנצנת 1קג,"חברת מלח הארץ אילת בע""\מ",IL,מלח מועשר ביוד,קילוגרמים,1.00,"ק""ג",false,1,8.40,8.40,true,1,
7290004064372,false,מטחנת מלח איטל.אקסטרה105,"חברת מלח הארץ בע""\מ",IL,מטחנת מלח איטלקי,גרמים,105.00,100 גרם,false,1,15.30,14.57,true,1,
7290004067441,false,"מעדן 100% תפוז ללת""ס284ג",בית יצחק,IL,מעדן תפוז,גרמים,284.00,100 גרם,false,0,13.50,4.75,true,1,
7290004068011,false,יוגורט כבשים,,IL,יוגורט כבשים,גרמים,600.00,100 גרם,false,0,15.40,2.57,true,1,
7290004068035,false,אירן משקה יוגורט,,IL,אירן משקה יוגורט,מיליליטרים,500.00,"100 מ""ל",false,0,7.80,1.56,true,1,
7290004068394,false,גבינת קממבר בקר,,IL,גבינת קממבר בקר,קילוגרמים,0.00,"ק""ג",true,0,86.00,86.00,true,1,
7290004078270,false,פלמוליב לכלים לימון1ליטר,קולגייט פלמוליב,GR,פלמוליב לכלים,ליטרים,1.00,ליטר,false,0,12.70,12.70,true,1,
7290004078690,false,"אג'קס  WC מרענן 750 מ""ל",קולגייט פלמוליב,FR,אג'קס מרענן,מיליליטרים,750.00,"100 מ""ל",false,0,11.80,1.57,true,1,
7290004078942,false,ליידי ס.סטיק ג'ל מרענן,קולגייט פלמוליב,US,דאודורנט,גרמים,65.00,100 גרם,false,0,15.20,23.38,true,1,
7290004119225,false,יופלה אננס 3% 150 גרם,תנובה בעמ,IL,יופלה אננס 3%,גרמים,150.00,100 גרם,false,0,4.40,2.93,true,1,
7290004120108,false,יופלה דובדבן 0% 150 גרם,תנובה בעמ,IL,יופלה דיאט 0%,גרמים,150.00,100 גרם,false,0,4.40,2.93,true,1,
7290004120566,false,גב.בולגרית פיראוס24% 250,תנובה,IL,גבינה בולגרית24%,גרמים,250.00,100 גרם,false,0,21.30,8.52,true,1,
7290004120573,false,גב.בולגרית פיראוס16% 250,תנובה,IL,גבינה בולגרית16%,גרמים,250.00,100 גרם,false,0,21.30,8.52,true,1,
7290004120832,false,חלב שתיה 3%,,IL,חלב שתיה 3%,ליטרים,2.00,ליטר,false,0,10.64,5.32,true,1,
7290004121525,false,יופלה אפרסק+תות3% 150*8ג,תנובה בעמ,IL,יופלה 3% 8 יח',קילוגרמים,1.20,"ק""ג",false,0,27.60,23.00,true,1,
7290004121839,false,גבינת פטה פיראוס20% 250ג,תנובה,IL,פטה כבשים פיראוס,גרמים,250.00,100 גרם,false,0,25.60,10.24,true,1,
7290004121853,false,פיראוס קוב.בולגרית5% 200,תנובה,IL,קוביות בולגרית5%,גרמים,200.00,100 גרם,false,0,19.40,9.70,true,1,
7290004122195,false,גוש חלב פרוס28% 200מהדרי,תנובה,IL,גבינה גוש חלב,גרמים,200.00,100 גרם,false,0,12.70,6.35,true,1,
7290004122348,false,גבינת עמק 9% פרוס 200 גר,תנובה,IL,גבינת עמק 9%,גרמים,200.00,100 גרם,false,0,14.40,7.20,true,1,
7290004122676,false,גבינת חמד לייט 5% 250 גר,תנובה,IL,גבינת חמד לייט5%,גרמים,250.00,100 גרם,false,0,16.30,6.52,true,1,
7290004124205,false,יופלה דיאט תות0% 150 גר,תנובה בעמ,IL,יופלה דיאט תות0%,גרמים,150.00,100 גרם,false,0,4.40,2.93,true,1,
7290004124847,false,קצפת צמחית השף הלבן500מל,סוי מג'יק,IL,קצפת צמחית,מיליליטרים,500.00,"100 מ""ל",false,0,15.00,3.00,true,1,
7290004125370,false,שמנת חמוצה 9% שומן 200מל,תנובה,IL,שמנת חמוצה 9%,מיליליטרים,200.00,"100 מ""ל",false,0,3.10,1.55,true,1,
7290004125400,false,"אשל מהדרין 4.5% 200 מ""ל",תנובה,IL,אשל 4.5% שומן,מיליליטרים,200.00,"100 מ""ל",false,0,1.44,0.72,true,1,
7290004125417,false,"גיל 3% מהדרין 200מ""ל",תנובה,IL,גיל לבן 3%שומן,מיליליטרים,200.00,"100 מ""ל",false,0,1.29,0.65,true,1,
7290004125455,false,שמנת תנובה 15%שומן200מל,תנובה,IL,שמנת תנובה 15%,מיליליטרים,200.00,"100 מ""ל",false,0,2.05,1.03,true,1,
7290004125462,false,שמנת חמוצה 15%שומן500מל,תנובה,IL,שמנת חמוצה 15%,מיליליטרים,500.00,"100 מ""ל",false,0,5.12,1.02,true,1,
7290004125509,false,שמנת חמוצה15% חצי מנה100,תנובה,IL,שמנת חמוצה 15%,מיליליטרים,100.00,"100 מ""ל",false,0,1.40,1.40,true,1,
7290004125578,false,משקה סויה 1 ליטר,סוי מג'יק,IL,משקה סויה,ליטרים,1.00,ליטר,false,0,9.30,9.30,true,1,
7290004125585,false,משקה סויה בטעם וניל 1 לי,סוי מג'יק,IL,משקה סויה וניל,ליטרים,1.00,ליטר,false,0,9.30,9.30,true,1,
7290004125721,false,שמנת בישול-15%שף לבן250מ,תנובה,IL,שמנת לבישול15%,מיליליטרים,250.00,"100 מ""ל",false,0,7.00,2.80,true,1,
7290004125738,false,שמנת להקצפה-32%שף לבן250,תנובה,IL,שמנת להקצפה32%,מיליליטרים,250.00,"100 מ""ל",false,0,5.90,2.36,true,1,
7290004125776,false,גב.עמק פרוס 28%קופסא400ג,תנובה,IL,גבינת עמק פרוס,גרמים,400.00,100 גרם,false,0,26.00,6.50,true,1,
7290004126650,false,גבינה צפתית 5% משקל,תנובה,IL,גבינה צפתית 5%,קילוגרמים,0.00,"ק""ג",true,0,51.00,51.00,true,1,
7290004127077,false,קוטג' תנובה 3% שומן 250,מחלבת אלון תבור,IL,קוטג' 3% שומן,גרמים,250.00,100 גרם,false,0,4.80,1.92,true,1,
7290004127329,false,קוטג' 5% 250 גרם בעלז,מחלבת אלון תבור,IL,קוטג' תנובה 5%,גרמים,250.00,100 גרם,false,0,4.80,1.92,true,1,
7290004127336,false,קוטג' תנובה 9% שומן 250ג,מחלבת אלון תבור,IL,קוטג' תנובה 9%,גרמים,250.00,100 גרם,false,0,4.80,1.92,true,1,
7290004127800,false,גב.לבנה 5% שומן 500 גרם,מחלבת אלון תבור,IL,גבינה לבנה 5%,גרמים,500.00,100 גרם,false,0,8.52,1.70,true,1,
7290004127862,false,גבינה לבנה 5% 750 גרם,מחלבת אלון תבור,IL,גבינה לבנה 5%,גרמים,750.00,100 גרם,false,0,12.78,1.70,true,1,
7290004129101,false,גב.נפולאון טעם טבעי 225ג,מחלבת אלון תבור,IL,גבינת נפוליאון,גרמים,225.00,100 גרם,false,0,12.80,5.69,true,1,
7290004129118,false,גב.נפולאון טעם זיתים225ג,מחלבת אלון תבור,IL,גבינת נפוליאון,גרמים,225.00,100 גרם,false,0,12.80,5.69,true,1,
7290004129156,false,גב.נפולאון שום-שמיר 225ג,מחלבת אלון תבור,IL,גבינת נפוליאון,גרמים,225.00,100 גרם,false,0,12.80,5.69,true,1,
7290004129767,false,יופלה לבן 3% 150*8גרם,מחלבת אלון תבור,IL,יופלה לבן  3%,קילוגרמים,1.20,"ק""ג",false,0,15.70,13.08,true,1,
7290004130794,false,משקה סויה במתיקות מופחתת,סוי מג'יק,IL,משקה סויה,ליטרים,1.00,ליטר,false,0,8.40,8.40,true,1,
7290004130916,false,יופלה פירות יער+שמנת150ג,תנובה בעמ,IL,יופלה פירות יער,גרמים,150.00,100 גרם,false,0,4.40,2.93,true,1,
7290004131074,false,חלב בקרטון 3% שומן 1 ל',,IL,חלב בקרטון 3%,ליטרים,1.00,ליטר,false,0,5.32,5.32,true,1,
7290004131814,false,פיראוס צפתית מעוד5% 200ג,תנובה,IL,צפתית 5% פיראוס,גרמים,200.00,100 גרם,false,0,13.50,6.75,true,1,
7290004132552,false,משקה סויה לייט 1ל,סוי מג'יק,IL,משקה סויה,ליטרים,1.00,ליטר,false,0,9.30,9.30,true,1,
7290004132712,false,אצבעות גב.מוצרלה 21.5*8ג,תנובה,IL,אצבעות מוצרלה,גרמים,172.00,100 גרם,false,0,14.80,8.60,true,1,
7290004133511,false,יופלה לבן מעוד1.5% 150*8,מחלבת אלון תבור,IL,יופלה מעודן 8 יח,קילוגרמים,1.20,"ק""ג",false,0,17.80,14.83,true,1,
7290004135324,false,בולגרית מעודנת 5% משקל,תנובה,IL,פיראוס בולגרית,קילוגרמים,0.00,"ק""ג",true,0,44.00,44.00,true,1,
7290004136598,false,מארז הפסקת אוכל,תנובה,IL,חלב עם דגנים,יחידה,1.00,יחידה,false,0,8.40,8.40,true,1,
7290004136857,false,מעדן ג'לי פטל 125 גרם,סוי מג'יק,IL,מעדן ג'לי פטל,גרמים,125.00,100 גרם,false,0,2.20,1.76,true,1,
7290004136871,false,מעדן ג'לי אפרסק+חתיכ125.,סוי מג'יק,IL,מעדן ג'לי אפרסק,גרמים,125.00,100 גרם,false,0,2.40,1.92,true,1,
7290004137021,false,שמנת לבישול 10%שומן250מ,תנובה,IL,שמנת לבישול10%,מיליליטרים,250.00,"100 מ""ל",false,0,7.00,2.80,true,1,
7290004137311,false,גבינת עמק 9% 400 גרם,תנובה,IL,גבינת עמק 9%,גרמים,400.00,100 גרם,false,0,26.40,6.60,true,1,
7290004170004,false,מאפה דה לה קרם שוקולד,גידרון,IL,מאפה קרם שוקולד,קילוגרמים,0.00,"ק""ג",true,1,35.00,35.00,true,1,
7290004170141,false,בורקס גבינה גדול 160 גרם,גידרון,IL,בורקס גבינה גדול,גרמים,160.00,100 גרם,false,1,6.40,4.00,true,1,
7290004170844,false,לחם אותנטי שיפון אפוי500,גידרון,IL,לחם אותנטי שיפון,גרמים,500.00,100 גרם,false,1,11.00,2.20,true,1,
7290004170851,false,לחם אותנטי אפוי 500 גרם,גידרון,IL,לחם אותנטי,גרמים,500.00,100 גרם,false,1,11.00,2.20,true,1,
7290004170882,false,שליש באגט אותנטי,גידרון,IL,שליש באגט אותנטי,גרמים,140.00,100 גרם,false,1,4.90,3.50,true,1,
7290004199203,false,300 קסמי שיניים מלחיה,PRODUC H.G.W,CN,קיסמי שיניים,יחידה,1.00,יחידה,false,0,3.30,3.30,true,1,
7290004219079,false,לבבות דקל פרוסות 400 גרם,אלימנטוס אי קונסרבס דל א,EC,לבבות דקל פרוס,גרמים,400.00,100 גרם,false,0,9.80,2.45,true,1,
7290004219826,false,מלבין קפה קומפלט,,NL,מלבין קפה קומפלט,גרמים,400.00,100 גרם,false,0,18.70,4.68,true,1,
7290004225025,false,סגנון פטה,,IL,סגנון פטה,קילוגרמים,0.00,"ק""ג",true,0,33.00,33.00,true,1,
7290004225278,false,בסגנון דנבלו,,IL,בסגנון דנבלו,קילוגרמים,0.00,"ק""ג",true,0,58.00,58.00,true,1,
7290004225285,false,בסגנון דנאבלו,,DK,בסגנון דנאבלו,גרמים,100.00,100 גרם,false,0,11.00,11.00,true,1,
7290004228767,false,נתחי פילה אמנון בציפוי,דלידג בעמ,IL,נתחי פילה אמנון,גרמים,350.00,100 גרם,false,1,25.50,7.29,true,1,
7290004230081,false,קציצות עוף ברוטב עגבניות,"טיבון ויל אחזקות בע""\מ",IL,קציצות עוף ברוטב,גרמים,800.00,100 גרם,false,0,25.50,3.19,true,1,
7290004234218,false,ברווז שלם טרי,נטו,IL,ברווז שלם,קילוגרמים,0.00,"ק""ג",true,0,42.60,42.60,true,1,
7290004256753,false,לפסטיליה עלי בצק למילוי,"שמגר בע""מ",IL,לפסטיליה עלי בצק,גרמים,450.00,100 גרם,false,1,12.70,2.82,true,1,
7290004263027,false,קבב בקר בית יוסף 500 גרם,טיבון ויל אחזקות בעמ,IL,קבב בקר ב.יוסף,גרמים,500.00,100 גרם,false,0,17.00,3.40,true,1,
7290004323882,false,טחון הודו אדום מתובל,"טיבון ויל אחזקות בע""\מ",IL,טחון הודו אדום,גרמים,500.00,100 גרם,false,0,12.70,2.54,true,1,
7290004339173,false,המבורגר קינואה,,IL,המבורגר קינואה,גרמים,400.00,100 גרם,false,0,21.20,5.30,true,1,
7290004339807,false,המבורגר צמחוני,,IL,המבורגר צמחוני,גרמים,400.00,100 גרם,false,0,21.20,5.30,true,1,
7290004480431,false,פטה עיזים מסורתית20%משקל,בית יצחק,IL,פטה עיזים,קילוגרמים,0.00,"ק""ג",true,1,110.00,110.00,true,1,
7290004504731,false,לחם רוסי קפוא 550גרם,גידרון,IL,לחם רוסי,יחידה,1.00,יחידה,false,1,8.90,8.90,true,1,
7290004504748,false,לחם בצל קפוא 550גרם,גידרון,IL,לחם בצל,יחידה,1.00,יחידה,false,1,8.90,8.90,true,1,
7290004504755,false,לחם שיפון קפוא 550 גרם,גידרון,IL,לחם שיפון,יחידה,1.00,יחידה,false,1,8.90,8.90,true,1,
7290004504762,false,לחם קמח מלא קפוא 550 גרם,גידרון,IL,לחם קמח מלא,גרמים,550.00,100 גרם,false,1,8.90,1.62,true,1,
7290004584351,false,גב.סימפוניה 5% 200 גרם,"שטראוס בריאות בע""\מ",IL,גבינת סימפוניה,גרמים,200.00,100 גרם,false,0,10.50,5.25,true,1,
7290004584528,false,יוגורט ביו 1.7%דנונה200ג,"שטראוס בריאות בע""\מ",IL,יוגורט ביו 1.7%,גרמים,200.00,100 גרם,false,0,3.10,1.55,true,1,
7290004585907,false,דני וניל 1.5% שומן 125 ג,"שטראוס גרופ בע""\מ",IL,דני וניל 1.5%,גרמים,125.00,100 גרם,false,0,2.20,1.76,true,1,
7290004603175,false,מלח ים גס 500 גרם,"חברת מלח הארץ אילת בע""\מ",IL,מלח ים גס,גרמים,500.00,100 גרם,false,0,7.20,1.44,true,1,
7290004608637,false,שומן בקר טרי קג,שונות,IL,שומן בקר טרי,קילוגרמים,0.00,"ק""ג",true,0,25.30,25.30,true,1,
7290004658953,false,"סוביניון בלאן P.C 750מ""ל",יקבי כרמל,IL,סוביניון בלאן,מיליליטרים,750.00,"100 מ""ל",false,0,34.10,4.55,true,1,
7290004658960,false,"אמרלד ריזלינג P.C 750מ""ל",אגודת הכורמים הקואופרטיב,IL,אמרלד ריזלינג,מיליליטרים,750.00,"100 מ""ל",false,0,34.10,4.55,true,1,
7290004685010,false,שיפון פלוס לחם הארץ 500ג,"י.את.א.ברמן בע""\מ",IL,לחם שיפון פלוס,גרמים,500.00,100 גרם,false,0,15.30,3.06,true,1,
7290004685089,false,לחם חמניות 500 גרם,מאפית ברמן,IL,לחם חמניות,גרמים,500.00,100 גרם,false,0,15.30,3.06,true,1,
7290004685430,false,לחם הארץ כוסמין100% 500ג,"י.את.א.ברמן בע""\מ",IL,לחם הארץ כוסמין,גרמים,500.00,100 גרם,false,1,15.30,3.06,true,1,
7290004685447,false,לחמניות כוסמין 6יח 450ג,מאפית ברמן מקבוצת י. את,IL,לחמניות כוסמין,גרמים,450.00,100 גרם,false,1,14.10,3.13,true,1,
7290004685478,false,פיתות כוסמין 10יח 550 גר,"מאפיית אורן משי בע""\מ",IL,פיתות כוסמין,גרמים,550.00,100 גרם,false,1,15.30,2.78,true,1,
7290004725600,false,גבינה סקנדינבית31% משקל,תנובה,IL,גבינה סקנדינבית,קילוגרמים,0.00,"ק""ג",true,1,66.00,66.00,true,1,
7290004725846,false,גאודה קולקשיין במשקל,תנובה,IL,גבינת גאודה,קילוגרמים,0.00,"ק""ג",true,1,67.00,67.00,true,1,
7290004731472,false,אלסבון כיף צבעוני 500*3מ,קוסמופארם בע'\'\מ,IL,אלסבון כיף 3 יח,ליטרים,1.50,ליטר,false,0,17.00,11.33,true,1,
7290004731519,false,מקסימה למייבש סנסטיב750מ,,IL,מקסימה למייבש,מיליליטרים,750.00,"100 מ""ל",false,0,13.50,1.80,true,1,
7290004737719,false,אספרגוס מקולף,,CN,אספרגוס מקולף,גרמים,330.00,100 גרם,false,0,9.30,2.82,true,1,
7290004846763,false,המרגז של אוראל 400 גרם,"זהר בשר עופות בע""\מ",IL,המרגז של אוראל,גרמים,400.00,100 גרם,false,1,25.50,6.38,true,1,
7290004846909,false,המבורגר אסאדו 400 גרם,המבורגר אסאדו מוצר בשר ב,IL,המבורגר אסאדו,גרמים,400.00,100 גרם,false,1,25.50,6.38,true,1,
7290004859671,false,חזה עוף טרי ארוז,מילועוף,IL,חזה עוף טרי,קילוגרמים,0.00,"ק""ג",true,0,27.20,27.20,true,1,
7290004859688,false,כרעי עוף טרי ארוז,מילועוף,IL,כרעי עוף טרי,קילוגרמים,0.00,"ק""ג",true,0,23.80,23.80,true,1,
7290004859718,false,כנפי עוף טרי ארוז,מילועוף,IL,כנפיים עוף טרי,קילוגרמים,0.00,"ק""ג",true,0,10.10,10.10,true,1,
7290004859749,false,קורקבן עוף טרי ארוז,מילועוף,IL,קורקבן עוף טרי,קילוגרמים,0.00,"ק""ג",true,0,8.40,8.40,true,1,
7290004861025,false,גבינה בולגרית 5% במשקל,מחלבת מושבה,IL,גבינה בולגרית,קילוגרמים,0.00,"ק""ג",true,0,51.00,51.00,true,1,
7290004861063,false,גבינת קאש 9% במשקל,מחלבת מושבה,IL,גבינת קאש 9%,קילוגרמים,0.00,"ק""ג",true,0,51.00,51.00,true,1,
7290004861261,false,"גבינת טבורוג ט""ש במשקל",מחלבת מושבה,IL,גבינת טבורוג,קילוגרמים,0.00,"ק""ג",true,0,38.00,38.00,true,1,
7290004861285,false,טבורוג 9% במשקל,מחלבת מושבה,IL,טבורוג 9%,קילוגרמים,0.00,"ק""ג",true,0,38.00,38.00,true,1,
7290004952136,false,קמח כוסמין מלא אורגני1קג,טחנת קמח יפו,IL,קמח כוסמין מלא,קילוגרמים,1.00,"ק""ג",false,0,16.10,16.10,true,1,
7290004982355,false,טריפל צ'דר במשקל,כושר דיירי,GB,גבינת צ'דר,קילוגרמים,0.00,"ק""ג",true,1,119.00,119.00,true,1,
7290005008481,false,דאו.ספיד סטיק ג'ל ספורט,קולגייט פלמוליב,US,ספיד סטיק ג'ל,גרמים,85.00,100 גרם,false,0,13.50,15.88,true,1,
7290005020162,false,וויסקי בלנטיין,,LK,וויסקי בלנטיין,מיליליטרים,700.00,"100 מ""ל",false,0,72.60,10.38,true,1,
7290005041402,false,שיפודי שווארמה)פרגית(,מעדני הטלה והעגל,IL,שיפודי שווארמה,גרמים,600.00,100 גרם,false,1,46.90,7.82,true,1,
7290005068058,false,תירס קל 550 גרם,פרי הגליל בעמ,IL,תירס קל,גרמים,550.00,100 גרם,false,0,7.60,1.38,true,1,
7290005079412,false,גבינה אמנטל נעם 30% משקל,טרה,IL,גבינת אמנטל,קילוגרמים,0.00,"ק""ג",true,1,52.00,52.00,true,1,
7290005082962,false,פרצל אפוי .,גידרון,IL,פרצל,יחידה,1.00,יחידה,false,0,5.00,5.00,true,1,
7290005082979,false,חלה דגנים קלועה 560 גרם,גידרון,IL,חלה דגנים קלועה,גרמים,560.00,100 גרם,false,0,11.50,2.05,true,1,
7290005082986,false,שליש באגט אותנטי 3יח,גידרון,IL,שליש באגט אותנטי,יחידה,1.00,יחידה,false,0,11.80,11.80,true,1,
7290005084355,false,משח.סנסודיין דואל קייר75,MICLEN DE,GB,משחת שיניים,מיליליטרים,75.00,"100 מ""ל",false,0,19.50,26.00,true,1,
7290005095344,false,נר נשמה שבועי,סין,CN,נר נשמה שבועי,יחידה,1.00,יחידה,false,1,11.00,11.00,true,1,
7290005095405,false,נר נשמה 72 שעות,סין,CN,נר נשמה 72שעות,יחידה,1.00,יחידה,false,0,5.00,5.00,true,1,
7290005095443,false,נר נשמה 48 שעות,,IL,נר נשמה 48 שעות,יחידה,1.00,יחידה,false,0,5.40,5.40,true,1,
7290005095467,false,נרות שבת 4 יחידות,משווק על ידי HQP,CN,נרות שבת,יחידה,1.00,יחידה,false,1,4.00,4.00,true,1,
7290005095474,false,נרות שבת 6 יחידות,HQP,CN,נרות שבת,יחידה,1.00,יחידה,false,1,4.00,4.00,true,1,
7290005095481,false,נרות שבת 8 יחידות 8 יחיד,משווק על ידי HQP,CN,נרות שבת 8 יחידו,יחידה,1.00,יחידה,false,1,4.00,4.00,true,1,
7290005095498,false,נרות שבת 10 יחידות,משווק על ידי HQP,CN,נרות שבת,יחידה,1.00,יחידה,false,1,4.00,4.00,true,1,
7290005095641,false,חיטה תפוחה מתוקה 230 גרם,מפעלי דגן,IL,חיטה תפוחה מתוקה,גרמים,230.00,100 גרם,false,0,7.80,3.39,true,1,
7290005095702,false,חיטה תפוחה בדבש210גר,מפעלי דגן,IL,חיטה תפוחה בדבש,גרמים,210.00,100 גרם,false,0,7.80,3.71,true,1,
7290005095849,false,נרות שבת 12 יחידות,משווק על ידי HQP,CN,נרות שבת,יחידה,1.00,יחידה,false,1,4.00,4.00,true,1,
7290005095931,false,נרות שבת 20 יחידות,משווק על ידי HQP,CN,נרות שבת,יחידה,1.00,יחידה,false,1,4.00,4.00,true,1,
7290005113222,false,מיקס זיתים,,IL,מיקס זיתים,גרמים,340.00,100 גרם,false,0,9.90,2.91,true,1,
7290005174513,false,חציל במיונז אחלה 500 גרם,"שטראוס גרופ בע""\מ",IL,סלט חציל מיונז,גרמים,500.00,100 גרם,false,0,14.40,2.88,true,1,
7290005174551,false,חומוס יום יום 125 גרם,"שטראוס גרופ בע""\מ",IL,חומוס יום יום,גרמים,125.00,100 גרם,false,0,4.80,3.84,true,1,
7290005174575,false,טחינה יום יום 125 גרם,"שטראוס גרופ בע""\מ",IL,טחינה יום יום,גרמים,125.00,100 גרם,false,0,4.80,3.84,true,1,
7290005199578,false,קפה פלטינום נ.קפאין200ג,שטראוס קפה בי.וי.,IL,קפה פלטינום נטול,גרמים,200.00,100 גרם,false,0,29.80,14.90,true,1,
7290005200786,false,תפוצ'יפס ט.שמנת ובצל50גר,"שטראוס פריטו ליי בע""\מ )",IL,תפוצ'יפס שמנת,גרמים,50.00,100 גרם,false,0,3.60,7.20,true,1,
7290005201455,false,קפה נמס ארומה 200 גרם,עלית,PL,קפה נמס ארומה,גרמים,200.00,100 גרם,false,0,20.40,10.20,true,1,
7290005201882,false,קפה טורקי בצלופן 200 גרם,שטראוס קפה בי.ויn\.,IL,קפה טורקי בצלופן,גרמים,200.00,100 גרם,false,0,15.30,7.65,true,1,
7290005230806,false,כוסות איכותיות פאלאס,,IL,כוסות איכותיות,יחידה,1.00,יחידה,false,0,11.00,11.00,true,1,
7290005287206,false,טונה סטארקיסט בשמן160*4ג,סטארקיסט,VN,טונה סטארקיסט4יח,גרמים,640.00,100 גרם,false,0,22.10,3.45,true,1,
7290005287251,false,טונה סטארקיסט במים160*4ג,סטארקיסט,VN,טונה סטארקיסט4יח,גרמים,640.00,100 גרם,false,0,22.10,3.45,true,1,
7290005358371,false,שריר מס' 8 מוכשר קפוא קג,שונות,XX,שריר מוכשר,קילוגרמים,0.00,"ק""ג",true,0,25.50,25.50,true,1,
7290005358753,false,לשון בקר קפוא חלק קג,נטו,BR,לשון בקר קפוא,קילוגרמים,0.00,"ק""ג",true,1,38.30,38.30,true,1,
7290005423253,false,"מקסימה למייבש פרש 750מ""ל","סנו מפעלי ברונוס בע""\מ",IL,מקסימה למייבש,מיליליטרים,750.00,"100 מ""ל",false,0,13.50,1.80,true,1,
7290005423482,false,קרם לניקוי כיריים 300 מל,סנו מפעלי ברונוס בעמ,IL,קרם ניקוי כיריים,מיליליטרים,300.00,"100 מ""ל",false,1,13.50,4.50,true,1,
7290005423635,false,ריצפז פלוס דוחה תיקנים2ל,סנו מפעלי ברונוס בעמ,IL,ריצפז דוחה חרקים,ליטרים,2.00,ליטר,false,0,22.10,11.05,true,1,
7290005423833,false,פוליויקס פרקט 2 ליטר,"סנו מפעלי ברונוס בע""\מ",IL,פוליויקס פרקט,ליטרים,2.00,ליטר,false,0,21.20,10.60,true,1,
7290005424403,false,אל סבון כיף אצות ים1ליטר,קוסמופארם בע'\'\מ,IL,אל סבון כיף,ליטרים,1.00,ליטר,false,0,11.00,11.00,true,1,
7290005424700,false,סנו פורטה פלוס 1 ליטר,"סנו מפעלי ברונוס בע""\מ",IL,סנו פורטה פלוס,ליטרים,1.00,ליטר,false,1,17.00,17.00,true,1,
7290005424847,false,"מפיות חד שכבתי 30*30 ס""מ",סנו מפעלי ברונוס בעמ,TR,מפיות דו שכבתי,יחידה,1.00,יחידה,false,0,7.20,7.20,true,1,
7290005425110,false,מחטא ומשמיד חיידקים750,"סנו מפעלי ברונוס בע""\מ",IL,מחטא משטחים סנו,מיליליטרים,750.00,"100 מ""ל",false,1,14.40,1.92,true,1,
7290005425196,false,אבקת מקסימה סנסיטיב2.5קג,סנו מפעלי ברונוס בעמ,IL,אבקת כביסה,קילוגרמים,2.50,"ק""ג",false,0,24.70,9.88,true,1,
7290005425646,false,סנוקליר ניקוי חלונות 1ל',"סנו מפעלי ברונוס בע""\מ",IL,סנוקליר 1 ליטר,ליטרים,1.00,ליטר,false,0,9.40,9.40,true,1,
7290005430602,false,אוקסיג'ן מ.כתמים,,IL,אוקסיג'ן מ.כתמים,מיליליטרים,750.00,"100 מ""ל",false,0,13.50,1.80,true,1,
7290005559587,false,מאפה נקניקיות 800 גרם,"מעדנות בע""\מ",IL,מאפה נקניקיות,גרמים,800.00,100 גרם,false,0,27.70,3.46,true,1,
7290005559709,false,בורקס פיצה 700 גרם,"מעדנות בע""\מ",IL,בורקס פיצה,גרמים,700.00,100 גרם,false,0,25.50,3.64,true,1,
7290005559907,false,פיצה משפחתית גבינה 500גר,"מעדנות בע""\מ",IL,פיצה משפחתית,גרמים,500.00,100 גרם,false,0,21.20,4.24,true,1,
7290005559914,false,פיצה משפחתית זיתים 550גר,"מעדנות בע""\מ",IL,פיצה משפחתית,גרמים,550.00,100 גרם,false,0,22.10,4.02,true,1,
7290005569029,false,שום קלוף 170גרם,יגור חקלאות ועסקים,IL,שום קלוף 170גרם,גרמים,170.00,100 גרם,false,0,10.90,6.41,true,1,
7290005590207,false,עוף שלם טרי ארוז שלי קג,עוף הגליל,IL,עוף שלם טרי,קילוגרמים,0.00,"ק""ג",true,1,16.10,16.10,true,1,
7290005590221,false,קוקטייל עוף ארוז שלי קג,עוף הגליל,IL,קוקטייל עוף טרי,קילוגרמים,0.00,"ק""ג",true,1,23.80,23.80,true,1,
7290005590238,false,שוקיים עוף טרי ארוז שלי,עוף הגליל,IL,שוקיים עוף טרי,קילוגרמים,0.00,"ק""ג",true,1,28.10,28.10,true,1,
7290005590245,false,ירכיים עוף טרי ארוז שלי,עוף הגליל,IL,ירכיים עוף טרי,קילוגרמים,0.00,"ק""ג",true,1,23.80,23.80,true,1,
7290005590252,false,שניצל עוף טרי ארוז שלי ק,עוף הגליל,IL,שניצל עוף טרי,קילוגרמים,0.00,"ק""ג",true,1,29.80,29.80,true,1,
7290005590290,false,כנפיים עוף טרי ארוז שלי,עוף הגליל,IL,כנפיים עוף טרי,קילוגרמים,0.00,"ק""ג",true,1,10.10,10.10,true,1,
7290005590313,false,קורקבן עוף טרי ארוז שלי,עוף הגליל,IL,קורקבן עוף טרי,קילוגרמים,0.00,"ק""ג",true,1,8.40,8.40,true,1,
7290005590344,false,חזה דקדק טרי ארוז שלי,עוף הגליל,IL,חזה דק דק טרי,קילוגרמים,0.00,"ק""ג",true,1,34.10,34.10,true,1,
7290005610127,false,תפוח אדמה גורמה לבן,חבל מעון,IL,"תפו""א גורמה לבן",קילוגרמים,0.00,"ק""ג",true,1,7.90,7.90,true,1,
7290005678011,false,ענבים תומפסון,מושב לכיש,IL,ענבים תומפסון,קילוגרמים,0.00,"ק""ג",true,0,26.90,26.90,true,1,
7290005678028,false,ענב סופריור ירוק,מושב לכיש,IL,ענבים ירוקים,קילוגרמים,0.00,"ק""ג",true,0,26.90,26.90,true,1,
7290005678073,false,פלפל צ'ילי זהבי יחידה,מושב לכיש,IL,פלפל צ'ילי זהבי,יחידה,1.00,יחידה,false,0,6.90,6.90,true,1,
7290005678318,false,ענבים אוטום קריספ,קטיף.,IL,ענב אוטום קריספ,קילוגרמים,0.00,"ק""ג",true,1,26.90,26.90,true,1,
7290005678387,false,ענב אוטום רויאל -שחור,מושב לכיש,IL,ענב אוטום-שחור,קילוגרמים,0.00,"ק""ג",true,0,23.90,23.90,true,1,
7290005678417,false,ענבים ווינטר קינג,קטיף.,IL,ענב ווינטר קינג,קילוגרמים,0.00,"ק""ג",true,1,26.90,26.90,true,1,
7290005678585,false,ענבים סקרלוטה ללא חרצן,מושב לכיש,IL,ענבים סקרלוטה,קילוגרמים,0.00,"ק""ג",true,0,17.90,17.90,true,1,
7290005678790,false,פלפל מיקס חריף יחידה,קטיף.,IL,פלפל מיקס חריף,יחידה,1.00,יחידה,false,1,9.90,9.90,true,1,
7290005678868,false,פלפל חריף חלפיניו,קטיף.,IL,פלפל חריף חלפיני,גרמים,200.00,100 גרם,false,1,9.90,4.95,true,1,
7290005680052,false,טמפוני או-בה סופר + 32יח,ג'ונסון,GR,טמפוני או-בה,יחידה,1.00,יחידה,false,0,22.10,22.10,true,1,
7290005838002,false,דניאלה מעדן גבינה 88 גרם,"שטראוס גרופ בע""\מ",IL,מעדן דניאלה,גרמים,88.00,100 גרם,false,0,3.60,4.09,true,1,
7290005838613,false,סקי מעדן גבינה וניל 125ג,"שטראוס בריאות בע""\מ",IL,סקי מעדן גבינה,גרמים,125.00,100 גרם,false,0,3.10,2.48,true,1,
7290005838972,false,גב.סקי 5% 125 גרם,"שטראוס בריאות בע""\מ",IL,גבינת סקי,גרמים,125.00,100 גרם,false,0,2.80,2.24,true,1,
7290005839078,false,דנונה ביו 3% 150*8 גרם,"שטראוס בריאות בע""\מ",IL,דנונה ביו 8 יח,קילוגרמים,1.20,"ק""ג",false,0,15.00,12.50,true,1,
7290005839108,false,גב.סימפוניה +5%זיתים200ג,"שטראוס בריאות בע""\מ",IL,גבינת סימפוניה,גרמים,200.00,100 גרם,false,0,10.50,5.25,true,1,
7290005839313,false,מילקי טופ שוקול.מגולג170,"שטראוס גרופ בע""\מ",IL,מילקי טופ,מיליליטרים,170.00,"100 מ""ל",false,0,4.20,2.47,true,1,
7290005896439,false,בירה מכבי,,IL,בירה מכבי,מיליליטרים,500.00,"100 מ""ל",false,0,5.90,1.18,true,1,
7290005992247,false,חלומי גד,,IL,חלומי גד,קילוגרמים,0.00,"ק""ג",true,0,78.00,78.00,true,1,
7290005992575,false,גב.בולגרית למריחה5% 250ג,מחלבות גד,IL,בולגרית למריחה,גרמים,250.00,100 גרם,false,0,15.50,6.20,true,1,
7290005992735,false,גבינת לאבנה 5%שומן 250ג,"מחלבות גד בע""\מ",IL,גבינת לאבנה גד5%,גרמים,250.00,100 גרם,false,0,11.00,4.40,true,1,
7290005992872,false,גב.צפתית במים 5% במשקל,מחלבות גד,IL,גבינה צפתית 5%,קילוגרמים,0.00,"ק""ג",true,0,58.00,58.00,true,1,
7290005992889,false,גב.שמנת שום שמיר 30%משקל,מחלבות גד,IL,גבינת שמנת שום,קילוגרמים,0.00,"ק""ג",true,0,44.00,44.00,true,1,
7290005996740,false,סלמי פפרוני 300 גרם,מעדני יחיעםn\,IL,סלמי פפרוני 300,גרמים,300.00,100 גרם,false,1,21.20,7.07,true,1,
7290006185501,false,סבון נוזלי פנינה ורוד 1ל,סאסא קוסמטיקס,IL,סבון נוזלי ורוד,ליטרים,1.00,ליטר,false,0,8.40,8.40,true,1,
7290006185518,false,סבון נוזלי פנינה כחול 1ל,סאסא קוסמטיקס,IL,סבון נוזלי פנינה,ליטרים,1.00,ליטר,false,0,8.40,8.40,true,1,
7290006199027,false,שלגון וניל מצופה תות,פלקו בעמ,IL,שלגוני וניל מצופ,גרמים,600.00,100 גרם,false,0,29.80,4.97,true,1,
7290006229427,false,סאן בנדטו 6 יח',,IT,סאן בנדטו 6 יח',ליטרים,3.00,ליטר,false,0,13.80,4.60,true,1,
7290006251107,false,תה מסאלה צ'אי 25שק2*גרם,תה ויסוצקי,IL,תה צ'אי מסאלה,גרמים,50.00,100 גרם,false,0,17.00,34.00,true,1,
7290006251275,false,תה ירוק סיני25 שק1.5Xגרם,ויסוצקי,IL,תה ירוק סיני,גרמים,37.00,100 גרם,false,0,22.90,61.89,true,1,
7290006256089,false,גאטו נגרו קברנה סובינ750,פינקה לה סליה,AR,גאטו נגרו קברנה,מיליליטרים,750.00,"100 מ""ל",false,0,38.30,5.11,true,1,
7290006256102,false,"גאטו נגרו מרלו 750 מ""ל",פינקה לה סליה,AR,גאטו נגרו מרלו,מיליליטרים,750.00,"100 מ""ל",false,0,38.30,5.11,true,1,
7290006271174,false,ג'חנון בצק מעדנות 700גרם,"מעדנות בע""\מ",IL,ג'חנון בצק,גרמים,700.00,100 גרם,false,0,17.60,2.51,true,1,
7290006271181,false,ג'חנון אפוי מעדנות 750גר,"מעדנות בע""\מ",IL,ג'חנון אפוי,גרמים,750.00,100 גרם,false,0,24.40,3.25,true,1,
7290006272072,false,חטיפי פיצה גבינה 650 ג ק,"מעדנות בע""\מ",IL,חטיפי פיצה גבינה,גרמים,650.00,100 גרם,false,1,31.50,4.85,true,1,
7290006306296,false,רביולי גבינה לילדים 400ג,דורום תעשיות מזון ופסטה,IL,רביולי גבינה,גרמים,400.00,100 גרם,false,0,22.10,5.53,true,1,
7290006306302,false,רביולי פרמזן ריקוטה400גר,דורום תעשיות מזון ופסטה,IL,רביולי גבינה,גרמים,400.00,100 גרם,false,0,22.10,5.53,true,1,
7290006385178,false,לחם שאור אגוז+צימוק אפוי,,IL,לחם שאור+אגוזים,גרמים,525.00,100 גרם,false,0,15.20,2.90,true,1,
7290006390745,false,שבלול עם צימוקים,גידרון,IL,שבלול עם צימוקים,יחידה,1.00,יחידה,false,0,4.10,4.10,true,1,
7290006390752,false,חלה מתוקה עגולה,גידרון,IL,חלה מתוקה עגול,יחידה,1.00,יחידה,false,0,11.50,11.50,true,1,
7290006391025,false,ביגלה ירושלמי,גידרון,IL,ביגלה ירושלמי,יחידה,1.00,יחידה,false,0,5.00,5.00,true,1,
7290006459008,false,חלבה פ.יבשים קשיו במשקל,"עדן תעשיות חלבה בע""מ",,חלבה  עדן,קילוגרמים,0.00,"ק""ג",true,0,38.00,38.00,true,1,
7290006492432,false,גבינה מוצרלה בייבי 150גר,מחלבות גד,IL,גבינה מוצרלה,גרמים,150.00,100 גרם,false,0,13.00,8.67,true,1,
7290006492616,false,פרוסות גב. בולגר5%. 250ג,מחלבות גד,IL,גבינה בולגרית,גרמים,250.00,100 גרם,false,0,23.50,9.40,true,1,
7290006492647,false,מטבעות גבינת עיזים 150גר,מחלבות גד,IL,מטבעות גבינת עז,גרמים,150.00,100 גרם,false,0,20.00,13.33,true,1,
7290006492685,false,לאבנה עיזים 5%שומן 250גר,מחלבות גד,IL,לאבנה עיזים גד,גרמים,250.00,100 גרם,false,0,16.00,6.40,true,1,
7290006492852,false,גבינה לבנה 5% עיזים 250ג,מחלבות גד,IL,גבינת עיזים גד,גרמים,250.00,100 גרם,false,0,15.80,6.32,true,1,
7290006511157,false,פטריות שלמות,,PL,פטריות שלמות,גרמים,400.00,100 גרם,false,0,7.60,1.90,true,1,
7290006511904,false,גבינת אדם,,NL,גבינת אדם,קילוגרמים,0.00,"ק""ג",true,0,67.00,67.00,true,1,
7290006550972,false,טחון בקר ארוז 1 קג,טיבון ויל אחזקות בעמ,IL,טחון בקר 1קג,גרמים,1000.00,100 גרם,false,0,29.80,2.98,true,1,
7290006652027,false,במבה מארז 20 * 15 גרם,"אסם השקעות בע""\מ",IL,במבה 20 יח',גרמים,300.00,100 גרם,false,0,22.10,7.37,true,1,
7290006653819,false,קוסקוס דק 350 גרם,קוסקוס מזון,IL,קוסקוס דק,גרמים,350.00,100 גרם,false,0,7.50,2.14,true,1,
7290006664037,false,גמדים תות בננה/תפ100*4גר,"שטראוס בריאות בע""\מ",IL,מארז גמדים 4 יח,גרמים,400.00,100 גרם,false,0,8.50,2.13,true,1,
7290006664051,false,"אקטימל לבן 100*14 מ""ל","שטראוס בריאות בע""\מ",IL,אקטימל מארז14יח',ליטרים,1.40,ליטר,false,0,27.80,19.86,true,1,
7290006664402,false,גבינת סקי5% 750 גרם,"שטראוס בריאות בע""\מ",IL,גבינת סקי5%,גרמים,750.00,100 גרם,false,0,12.78,1.70,true,1,
7290006664532,false,דנונה תות 3% 150 גרם,"שטראוס גרופ בע""\מ",IL,דנונה תות 3%,גרמים,150.00,100 גרם,false,0,3.30,2.20,true,1,
7290006664655,false,"אקטימל לבן 100*8 מ""ל","שטראוס גרופ בע""\מ",IL,אקטימל לבן 8 יח,מיליליטרים,800.00,"100 מ""ל",false,0,19.40,2.43,true,1,
7290006664693,false,דנונה אפרסק 3% 150 גרם,"שטראוס גרופ בע""\מ",IL,דנונה אפרסק %3,גרמים,150.00,100 גרם,false,0,3.30,2.20,true,1,
7290006664990,false,דנונה ביו 1.7% 150*8גרם,"שטראוס גרופ בע""\מ",IL,דנונה ביו 8 יח',קילוגרמים,1.20,"ק""ג",false,0,15.00,12.50,true,1,
7290006708090,false,קורקבן הודו טרי ארוז,עוף טוב,IL,קורקבן הודו טרי,קילוגרמים,0.00,"ק""ג",true,0,10.10,10.10,true,1,
7290006708137,false,קוקטייל טרי ארוז,עוף טוב,IL,קוקטייל עוף טרי,קילוגרמים,0.00,"ק""ג",true,0,23.80,23.80,true,1,
7290006739247,false,פסטרמה איטלקית במשקל,זוגלובק,IL,פסטרמה איטלקית,קילוגרמים,0.00,"ק""ג",true,0,76.00,76.00,true,1,
7290006739407,false,שניצל תירס 630 גרם,זוגלובק,IL,שניצל תירס,גרמים,630.00,100 גרם,false,0,23.80,3.78,true,1,
7290006739421,false,סלמי מעושן איטלקי 300 גר,זוגלובק,IL,סלמי מעושן,גרמים,300.00,100 גרם,false,0,27.90,9.30,true,1,
7290006739445,false,שניצל תירס קלאסי 750 גרם,זוגלובק,IL,שניצל תירס,גרמים,750.00,100 גרם,false,0,21.10,2.81,true,1,
7290006742292,false,פסטרמה בדבש 330 גרם,זוגלובק,IL,פסטרמה בדבש,גרמים,330.00,100 גרם,false,0,25.50,7.73,true,1,
7290006742315,false,חזה הודו ברביקיו 330 גרם,זוגלובק,IL,חזה הודו ברביקיו,גרמים,330.00,100 גרם,false,0,25.50,7.73,true,1,
7290006748072,false,1 ע צ י ץ,פרחי ליידי דיאן,IL,1 ע צ י ץ,יחידה,1.00,יחידה,false,0,29.60,29.60,true,1,
7290006748089,false,תבלין 1 יחידה,,IL,תבלין 1,יחידה,1.00,יחידה,false,0,8.40,8.40,true,1,
7290006748096,false,זר סחלב,פרחי ליידי דיאן,IL,זר סחלב,יחידה,1.00,יחידה,false,0,42.30,42.30,true,1,
7290006748119,false,זר פרחים גרברה יחידה,שונות,IL,זר גרברה,יחידה,1.00,יחידה,false,0,50.40,50.40,true,1,
7290006748133,false,זר פרחים בינוני,פרחי ליידי דיאן,IL,זר פרחים בינוני,יחידה,1.00,יחידה,false,0,21.10,21.10,true,1,
7290006748157,false,זר מיוחד,פרחי ליידי דיאן,IL,זר מיוחד,יחידה,1.00,יחידה,false,0,25.40,25.40,true,1,
7290006748928,false,עציץ בינוני יחידה,שונות,IL,עציץ בינוני,יחידה,1.00,יחידה,false,1,23.00,23.00,true,1,
7290006748935,false,עציץ גדול יחידה,שונות,IL,עציץ גדול יחידה,יחידה,1.00,יחידה,false,1,37.60,37.60,true,1,
7290006748959,false,עציץ קטן 2 יחידה,שונות,IL,עציץ קטן 2,יחידה,1.00,יחידה,false,1,14.50,14.50,true,1,
7290006748966,false,עציץ בינוני 2 יחידה,שונות,IL,עציץ בינוני 2,יחידה,1.00,יחידה,false,1,18.80,18.80,true,1,
7290006753922,false,מיני צ'וריסוס 500 גרם,מעדני הטלה והעגל,IL,מיני צ'וריסוס,גרמים,500.00,100 גרם,false,1,25.50,5.10,true,1,
7290006764065,false,בירה נשר מאלט בק.חוזר500,"טמפו משקאות בע""\ם.",IL,בירה נשר מאלט,מיליליטרים,500.00,"100 מ""ל",false,0,4.80,0.96,true,1,
7290006764072,false,"גולדסטאר בק.חוזר 500 מ""ל","טמפו משקאות בע""\מ",IL,בירה גולדסטאר,מיליליטרים,500.00,"100 מ""ל",false,0,6.50,1.30,true,1,
7290006764096,false,בירה איגל בקבוק חוזר500מ,"טמפו משקאות בע""\מ",IL,בירה איגל,מיליליטרים,500.00,"100 מ""ל",false,1,5.80,1.16,true,1,
7290006764157,false,גולדסטאר ל.מסונן-חוזר500,טמפו משקאות בע''מ,IL,בירה גולדסטאר,מיליליטרים,500.00,"100 מ""ל",false,1,6.70,1.34,true,1,
7290006764164,false,גולדסטאר ל.מסנ.חוזר500*6,טמפו משקאות בע''מ,IL,בירה גולדסטאר6יח,ליטרים,3.00,ליטר,false,1,39.20,13.07,true,1,
7290006764485,false,בירה נשר מאלט בקב330*6.מ,"טמפו משקאות בע""\ם.",IL,נשר מאלט 6 יח,ליטרים,1.98,ליטר,false,0,29.20,14.75,true,1,
7290006788429,false,דאו.קרליין רולאון כתום75,אמיליה קוסמטיקס בעמ,IL,דאודורנט קרליין,מיליליטרים,75.00,"100 מ""ל",false,0,12.70,16.93,true,1,
7290006788481,false,דאו.קרליין 200SUNRISE,מיוצר עי : אמיליה קוסמטי,IL,דאודורנט קרליין,מיליליטרים,200.00,"100 מ""ל",false,0,11.80,5.90,true,1,
7290006789617,false,"קרם ""10"" לחות לתלתל 400מ",מיוצר עי : אמיליה קוסמטי,IL,קרליין קרם לשיער,מיליליטרים,400.00,"100 מ""ל",false,0,15.40,3.85,true,1,
7290006822192,false,אושן ספריי חמוציות דיאט,מבשלות בירה בינלאומיות ב,IL,אושן ספריי,ליטרים,1.00,ליטר,false,0,11.50,11.50,true,1,
7290006866363,false,מיץ אשכוליות אדומות 1 ל',גניר,IL,מיץ אשכולית סחוט,ליטרים,1.00,ליטר,false,0,14.70,14.70,true,1,
7290006960979,false,כיסונים בשר אורלסקי,"מאמא מרי בע""\מ",IL,כיסונים בשר אורל,גרמים,800.00,100 גרם,false,1,18.70,2.34,true,1,
7290006960986,false,כיסונים בשר מיוחדים 800,"מאמא מרי בע""\מ",IL,כיסונים בשר מיוח,גרמים,800.00,100 גרם,false,1,18.70,2.34,true,1,
7290006960993,false,כיסונים בשר משפחתיים,"מאמא מרי בע""\מ",IL,כיסונים בשר משפח,גרמים,800.00,100 גרם,false,1,18.70,2.34,true,1,
7290006983152,false,קרוטונים מתובלים למרק400,עינת תעשיות,IL,קרוטונים מתובלים,גרמים,400.00,100 גרם,false,0,17.80,4.45,true,1,
7290006983176,false,לחמית שיפון 230 גרם,"אסם השקעות בע""\מ",IL,לחמית שיפון אסם,גרמים,230.00,100 גרם,false,0,8.40,3.65,true,1,
7290006983770,false,עוגת הבית שיש אסם 400 גר,"אסם השקעות בע""\מ",IL,עוגת שיש,גרמים,400.00,100 גרם,false,0,11.40,2.85,true,1,
7290006983787,false,עוגת שוקולד צ'יפס 400 גר,"אסם השקעות בע""\מ",IL,עוגת שוקוצ'יפס,גרמים,400.00,100 גרם,false,0,11.40,2.85,true,1,
7290006983794,false,עוגת הבית תפוז 400 גרם,"אסם השקעות בע""\מ",IL,עוגת תפוז,גרמים,400.00,100 גרם,false,0,11.40,2.85,true,1,
7290006992390,false,דייסת וניל מטרנה 200 גרם,מטרנה תעשיות ש.מ,IL,דייסת וניל מטרנה,גרמים,200.00,100 גרם,false,0,14.30,7.15,true,1,
7290006992864,false,"לה קט חתלתולים 2.85 ק""ג",food pet united,FR,לה קט חתלתולים,קילוגרמים,2.85,"ק""ג",false,0,59.70,20.95,true,1,
7290008102469,false,פירורי לחם זהוב קריספ800,,IL,פירורי לחם,גרמים,800.00,100 גרם,false,1,10.90,1.37,true,1,
7290008104050,false,תחליב רחצה קלאסיק220מל,כצט,IL,תחליב פמינה,מיליליטרים,220.00,"100 מ""ל",false,0,20.40,9.27,true,1,
7290008116541,false,ליסטרין קול מינט 500מל,ג'\ונסון אנד ג'\ונסון,IT,מי פה ליסטרין,מיליליטרים,500.00,"100 מ""ל",false,0,16.10,3.22,true,1,
7290008116565,false,"מי פה ליסטרין פרש 500מ""ל",ג'\ונסון אנד ג'\ונסון,IT,מי פה ליסטרין,מיליליטרים,500.00,"100 מ""ל",false,0,16.10,3.22,true,1,
7290008154222,false,שניצלונים 700 גרם,"מוצרי עוף טוב (2001) בע""",IL,שניצלונים 700ג,גרמים,700.00,100 גרם,false,0,17.00,2.43,true,1,
7290008175173,false,"חמאה ווליו ללת""ס.מלח200ג",ואליו אל.טי.די,FI,חמאה ווליו,גרמים,200.00,100 גרם,false,0,11.00,5.50,true,1,
7290008175210,false,פרמזנו מגורדת,,IT,פרמזנו מגורדת,גרמים,90.00,100 גרם,false,0,15.50,17.22,true,1,
7290008175814,false,פטריות חתוכות,,PL,פטריות חתוכות,גרמים,400.00,100 גרם,false,0,4.10,1.03,true,1,
7290008175906,false,גבינת עיזים100%,,NL,גבינת עיזים100%,קילוגרמים,0.00,"ק""ג",true,0,112.00,112.00,true,1,
7290008190909,false,מיני קוקיס שוק.צ'יפס600ג,כרמית,IL,מיני קוקיס,גרמים,600.00,100 גרם,false,0,17.00,2.83,true,1,
7290008268455,false,קיווי במארז יחידה,בראשית,IL,קיווי במארז,יחידה,1.00,יחידה,false,1,17.90,17.90,true,1,
7290008340618,false,סלמון מעושן מצונן 100 גר,ויליגר תעשיות בעמ,IL,סלמון מעושן,גרמים,100.00,100 גרם,false,0,19.50,19.50,true,1,
7290008343466,false,בצק פילו 500 גרם,"שגמור בע""מ",IL,בצק פילו 500 גרם,גרמים,500.00,100 גרם,false,0,20.40,4.08,true,1,
7290008343558,false,סיגרים בשר 1 ק'ג שלושת,"שלושת האופים בע""\מ",IL,סיגרים פיקנטי,קילוגרמים,1.00,"ק""ג",false,0,17.00,17.00,true,1,
7290008343565,false,סיגרים תפו'א 1 ק'ג שלוש,"שלושת האופים בע""\מ",IL,"סיגרים תפו""א",קילוגרמים,1.00,"ק""ג",false,0,17.00,17.00,true,1,
7290008343572,false,אגרול סיני 1 ק'ג שלושת,"שלושת האופים בע""\מ",IL,אגרול סיני,גרמים,1000.00,100 גרם,false,0,18.70,1.87,true,1,
7290008343619,false,"פסטלים תפו""א 1קג משלוש י","שלושת האופים בע""\מ",IL,"פסטלים תפו""א",קילוגרמים,1.00,"ק""ג",false,0,17.00,17.00,true,1,
7290008343626,false,פלאפל 1קג,"שלושת האופים בע""\מ",IL,פלאפל 1 ק'ג,גרמים,1000.00,100 גרם,false,0,18.70,1.87,true,1,
7290008344272,false,המבורגר 100% 400 גרם,טיבון ויל אחזקות בעמ,IL,המבורגר בקר,גרמים,400.00,100 גרם,false,0,17.80,4.45,true,1,
7290008345132,false,הרינג כבוש 240 גרם,דלידג - נטו,IL,הרינג כבוש,גרמים,240.00,100 גרם,false,0,23.80,9.92,true,1,
7290008345156,false,פילה מקרוסקה במשקל,דלידג - נטו,IL,פילה מקרוסקה,קילוגרמים,0.00,"ק""ג",true,0,110.00,110.00,true,1,
7290008345163,false,מקרל שלם במשקל,דלידג - נטו,IL,מקרל שלם,קילוגרמים,0.00,"ק""ג",true,0,98.00,98.00,true,1,
7290008345576,false,איקרה ביתית לבנה 300 גרם,דלידג - נטו,IL,איקרה ביתית לבנה,גרמים,300.00,100 גרם,false,0,18.70,6.23,true,1,
7290008345583,false,איקרה ביתית ורודה 300 גר,דלידג - נטו,IL,איקרה ביתית,גרמים,300.00,100 גרם,false,0,18.70,6.23,true,1,
7290008347211,false,אצבעות דג 700 גרם,דלידג - נטו,IL,אצבעות דג,גרמים,700.00,100 גרם,false,0,19.50,2.79,true,1,
7290008403238,false,גבינת ברי צרפתית32% משקל,קואופורטיב איסיני סנט מר,FR,גבינת ברי,קילוגרמים,0.00,"ק""ג",true,1,116.00,116.00,true,1,
7290008409049,false,מיני דק שניצל שומשום,תנובה גליל שותפות מוגבלת,IL,שניצל מיני דק,גרמים,500.00,100 גרם,false,0,23.80,4.76,true,1,
7290008409100,false,אצבעות שניצל בשומשום 700,תנובה גליל שותפות מוגבלת,IL,אצבעות שניצל,גרמים,700.00,100 גרם,false,0,31.50,4.50,true,1,
7290008409124,false,שניצל ג'ונגל 700 גרם,תנובה גליל שותפות מוגבלת,IL,שניצל ג'ונגל,גרמים,700.00,100 גרם,false,0,31.50,4.50,true,1,
7290008409216,false,שניצל דק דק פריך 700 גרם,תנובה,IL,שניצל דק דק פריך,גרמים,700.00,100 גרם,false,0,34.10,4.87,true,1,
7290008409315,false,מיני דק שניצלונים 500גרם,תנובה,IL,מיני דק שניצלוני,גרמים,500.00,100 גרם,false,0,23.80,4.76,true,1,
7290008409407,false,שניצל דק בציפוי צ'יפס 00,תנובה גליל שותפות מוגבלת,IL,שניצל דק צ'יפס,גרמים,700.00,100 גרם,false,0,34.10,4.87,true,1,
7290008409551,false,שניצל עוף אמיתי מעודן700,תנובה גליל שותפות מוגבלת,IL,שניצל עוף אמיתי,גרמים,700.00,100 גרם,false,0,35.60,5.09,true,1,
7290008409582,false,שניצל אמיתי ביתי 700 גרם,תנובה גליל שותפות מוגבלת,IL,שניצל אמיתי ביתי,גרמים,700.00,100 גרם,false,0,35.60,5.09,true,1,
7290008409605,false,כוכבי עוף בציפוי מעודן,תנובה גליל שותפות מוגבלת,IL,כוכבי עוף בציפוי,גרמים,700.00,100 גרם,false,0,31.50,4.50,true,1,
7290008461047,false,גבינת ברי,,FR,גבינת ברי,קילוגרמים,0.00,"ק""ג",true,0,152.00,152.00,true,1,
7290008462204,false,םרג 380 ןו'זיד לדרח,וטנ,FR,חרדל דיז'ון,גרמים,380.00,100 גרם,false,0,11.80,3.11,true,1,
7290008462310,false,גב.סנט מור עיזים23% משקל,סואניון,FR,גבינת עיזים,קילוגרמים,0.00,"ק""ג",true,0,153.00,153.00,true,1,
7290008464024,false,גולדסטאר בפחית,,IL,גולדסטאר בפחית,מיליליטרים,500.00,"100 מ""ל",false,0,9.30,1.86,true,1,
7290008464222,false,בירה מכבי פחית7.9% 500מ,"טמפו משקאות בע""\מ",IL,בירה מכבי 7.9%,מיליליטרים,500.00,"100 מ""ל",false,1,7.60,1.52,true,1,
7290008464406,false,"פפסי מקס פחית 330 מ""ל","טמפו משקאות בע""מ",IL,פפסי מקס פחית,מיליליטרים,330.00,"100 מ""ל",false,0,5.90,1.79,true,1,
7290008464468,false,בירה גולדסטאר פחית 500מל,"טמפו משקות בע""\מ",IL,בירה גולדסטאר,מיליליטרים,500.00,"100 מ""ל",false,0,7.90,1.58,true,1,
7290008464475,false,"בירה מכבי פחית 500 מ""ל","טמפו משקאות בע""\מ",IL,בירה מכבי פחית,מיליליטרים,500.00,"100 מ""ל",false,0,7.20,1.44,true,1,
7290008464604,false,"בירה הייניקן פחית 500מ""ל",טמפו משקאות בע''מ,NL,בירה היינקן פחית,מיליליטרים,500.00,"100 מ""ל",false,0,9.30,1.86,true,1,
7290008464673,false,גולדסטאר BREW SLOW פח500,"טמפו משקאות בע""\מ",IL,גולדסטאר סלו ברו,מיליליטרים,500.00,"100 מ""ל",false,1,9.30,1.86,true,1,
7290008464697,false,בירה מכבי 6 יח,,IL,בירה מכבי 6 יח,ליטרים,1.98,ליטר,false,0,25.80,13.03,true,1,
7290008464703,false,"בירה מכבי 6 בק330* מ""ל",טמפו משקאות בע''מ,IL,בירה מכבי 6 בקב.,ליטרים,1.98,ליטר,false,0,25.80,13.03,true,1,
7290008464741,false,"בירה גולדסטאר בק330*6מ""ל","טמפו משקאות בע""\מ",IL,גולדסטאר 6 יח',ליטרים,1.98,ליטר,false,0,21.50,10.86,true,1,
7290008464796,false,"בירה הייניקן בק330*6 מ""ל",טמפו משקאות בע''מ,IL,בירה הייניקן 6יח,ליטרים,1.98,ליטר,false,0,34.30,17.32,true,1,
7290008469579,false,בשר מדומה 6 מוכשר קפוא,לחוביץ,XX,בשר מס6' קפוא,קילוגרמים,0.00,"ק""ג",true,0,38.30,38.30,true,1,
7290008470759,false,מסטיק אורביט ספירמינט104,ריגלי,FR,מסטיק אורביט 8יח,גרמים,104.00,100 גרם,false,0,13.70,13.17,true,1,
7290008470766,false,מסטיק אורביט פפרמינט13*8,ריגלי צרפת,FR,מסטיק אורביט,גרמים,104.00,100 גרם,false,0,13.70,13.17,true,1,
7290008493413,false,פירורי גריסיני 200 גרם,מאיר בייגל,IL,פירורי גריסיני,גרמים,200.00,100 גרם,false,0,6.40,3.20,true,1,
7290008614481,false,סטיק עין חלק קפוא מהדרין,נחמיה לחוביץ,BR,סטיק עין חלק קפו,קילוגרמים,0.00,"ק""ג",true,1,42.60,42.60,true,1,
7290008644112,false,סלט מטבוחה יום יום 125גר,"שטראוס גרופ בע""\מ",IL,מטבוחה יום יום,גרמים,125.00,100 גרם,false,0,4.80,3.84,true,1,
7290008644235,false,עלי בייבי 120גרם-שטראוס,שטראוס בריאות ירקות טריי,IL,עלי בייבי,גרמים,120.00,100 גרם,false,0,10.90,9.08,true,1,
7290008644945,false,סלט המושבה 450גרם-שטראוס,שטראוס בריאות ירקות טריי,IL,סלט המושבה,גרמים,450.00,100 גרם,false,0,13.90,3.09,true,1,
7290008645935,false,חומוס אחלה 750 גרם,"שטראוס גרופ בע""\מ",IL,חומוס אחלה,גרמים,750.00,100 גרם,false,0,10.10,1.35,true,1,
7290008679428,false,זוג כפפות בית,,TW,זוג כפפות בית,יחידה,1.00,יחידה,false,0,5.70,5.70,true,1,
7290008690713,false,אושן ספריי חמוציות 1ליטר,מבשלות בירה בינלאומיות ב,IL,אושן ספריי,ליטרים,1.00,ליטר,false,0,11.50,11.50,true,1,
7290008693134,false,דניאלה תות מוקצף5% 88גרם,"שטראוס גרופ בע""\מ",IL,דניאלה תות מוקצף,גרמים,88.00,100 גרם,false,0,3.60,4.09,true,1,
7290008713900,false,לחם שיפון עגול 750 גרם,מאפיית אנג'\ל אורנים מאפ,IL,לחם שיפון עגול,גרמים,750.00,100 גרם,false,0,12.70,1.69,true,1,
7290008713917,false,לחם שיפון כהה 750 גרם,מאפיית שלמה א. אנג'\ל בע,IL,לחם שיפון כהה,גרמים,750.00,100 גרם,false,0,12.70,1.69,true,1,
7290008745239,false,תפוצ'יפס קראנצ' טעם טבעי,"שטראוס פריטו ליי בע""\מ )",IL,תפוצ'יפס קראנצ',גרמים,50.00,100 גרם,false,0,3.60,7.20,true,1,
7290008747547,false,תפוציפס קראנצ' ט.טבעי200,"שטראוס פריטו ליי בע""\מ )",IL,תפוצ'יפס קראנצ',גרמים,200.00,100 גרם,false,0,9.30,4.65,true,1,
7290008750264,false,מסטיק דובדבן מגדים 28גרם,עלית,IL,מסטיק מאסט,גרמים,28.00,100 גרם,false,0,3.90,13.93,true,1,
7290008753111,false,תפוצ'יפס מקסיקני 50 גרם,"שטראוס פריטו ליי בע""\מ )",IL,תפוצ'יפס קראנצ',גרמים,50.00,100 גרם,false,0,3.60,7.20,true,1,
7290008754415,false,מאסט LL עדין ספירמינט28ג,עלית,IL,מסטיק מאסט LL,גרמים,28.00,100 גרם,false,0,3.90,13.93,true,1,
7290008757034,false,"שוופס סודה חד פעמי250מ""ל",יפאורה תבורי בעמ,IL,מי סודה,מיליליטרים,250.00,"100 מ""ל",false,0,3.60,1.44,true,1,
7290008757980,false,נקטר ספרינג רימונים 1 ל',"יפאורה תבורי בע""\מ",IL,נקטר רימונים,ליטרים,1.00,ליטר,false,0,6.50,6.50,true,1,
7290008775816,false,ערגליות שוקו 300 גרם,"אסם השקעות בע""\מ",IL,ערגליות שוקו,גרמים,300.00,100 גרם,false,0,9.80,3.27,true,1,
7290008775823,false,ערגליות תות 300 גרם,"אסם השקעות בע""\מ",IL,ערגליות תות,גרמים,300.00,100 גרם,false,0,9.80,3.27,true,1,
7290008801010,false,קברנה מרלו P.C,,IL,קברנה מרלו P.C,מיליליטרים,750.00,"100 מ""ל",false,0,34.10,4.55,true,1,
7290008801119,false,סוביניון בלאן סלקטד 750מ,אגודת הכורמים הקואופרטיב,IL,סובניון בלאן,מיליליטרים,750.00,"100 מ""ל",false,0,25.50,3.40,true,1,
7290008801157,false,מרלו סלקטד,,IL,מרלו סלקטד,מיליליטרים,750.00,"100 מ""ל",false,0,25.50,3.40,true,1,
7290008801522,false,"יין קונקורד 750מ""ל",אגודת הכורמים הקואופרטיב,IL,יין קונקורד,מיליליטרים,750.00,"100 מ""ל",false,0,20.40,2.72,true,1,
7290008801546,false,"מוסקט קינג דיווד 750 מ""ל",אגודת הכורמים הקואופרטיב,IL,מוסקט קינג דיווד,מיליליטרים,750.00,"100 מ""ל",false,0,20.40,2.72,true,1,
7290008801843,false,קברנה סוביניון,,IL,קברנה סוביניון,מיליליטרים,750.00,"100 מ""ל",false,0,25.50,3.40,true,1,
7290008802291,false,"מרלו P.C 750 מ""ל",אגודת הכורמים הקואופרטיב,IL,מרלו P.C,מיליליטרים,750.00,"100 מ""ל",false,0,34.10,4.55,true,1,
7290008802512,false,"יין אדום יבש וינו 750מ""ל",יקבי כרמל,IL,יין אדום יבש,מיליליטרים,750.00,"100 מ""ל",false,0,19.60,2.61,true,1,
7290008802529,false,"וינו לבן חצי יבש 750 מ""ל",יקבי כרמל,IL,יין לבן יבש וינו,מיליליטרים,750.00,"100 מ""ל",false,0,19.60,2.61,true,1,
7290008802895,false,קברנה סוביניוןP.C. 750מל,אגודת הכורמים הקאופורטיב,IL,קברנה סוביניון,מיליליטרים,750.00,"100 מ""ל",false,0,34.10,4.55,true,1,
7290008804332,false,"שיראז אדום יבש 750P.Cמ""ל",אגודת הכורמים הקואופרטיב,IL,שיראז אדום יבש,מיליליטרים,750.00,"100 מ""ל",false,0,34.10,4.55,true,1,
7290008805520,false,קברנה מרלו סלקטד,,IL,קברנה מרלו סלקטד,מיליליטרים,750.00,"100 מ""ל",false,0,25.50,3.40,true,1,
7290008806961,false,קרמיסימו טעם שוקולד צ'יפ,"גלידת שטראוס בע""\מ, רחוב",IL,קרמיסימו שוקולד,ליטרים,1.33,ליטר,false,0,18.70,14.06,true,1,
7290008806985,false,נשנושי שוקווניל פרווה60י,"גלידת שטראוס בע""\מ, רחוב",IL,נשנושי שוקווניל,גרמים,630.00,100 גרם,false,0,42.60,6.76,true,1,
7290008909884,false,"קולה זירו קלאסי 350 מ""ל",החברה המרכזית לייצור משק,IL,קולה זירו בקבוק,מיליליטרים,350.00,"100 מ""ל",false,1,6.40,1.83,true,1,
7290009011043,true,פילה אמנון טרי שופרסל קג,דגת הארץ,IL,פילה אמנון טרי,קילוגרמים,0.00,"ק""ג",true,1,76.80,76.80,true,1,
7290009011050,true,פילה בורי טרי שופרסל לקג,דגת הארץ,IL,פילה בורי טרי,קילוגרמים,0.00,"ק""ג",true,1,83.60,83.60,true,1,
7290009011098,true,פילה אדמונית טרי שופרסל,דגת הארץ,IL,פילה אדמונית טרי,קילוגרמים,0.00,"ק""ג",true,1,76.80,76.80,true,1,
7290009011111,true,דניס שלם טרי שופרסל לקג,דגת הארץ,IL,דניס שלם טרי,קילוגרמים,0.00,"ק""ג",true,1,72.50,72.50,true,1,
7290009011128,true,נתחי סלמון טרי שופרסל לק,דגת הארץ,IL,נתחי סלמון טרי ש,קילוגרמים,0.00,"ק""ג",true,1,102.40,102.40,true,1,
7290009011142,true,קרפיון פרוס טרי שופרסל ל,דגת הארץ,IL,קרפיון פרוס טרי,קילוגרמים,0.00,"ק""ג",true,1,42.60,42.60,true,1,
7290009011159,true,אמנון שלם טרי שופרסל לקג,דגת הארץ,IL,אמנון שלם טרי,קילוגרמים,0.00,"ק""ג",true,1,42.60,42.60,true,1,
7290009011395,true,כרעיים פרימיום שופרסל לק,תנובה,IL,כרעיים פרימיום,קילוגרמים,0.00,"ק""ג",true,1,29.80,29.80,true,1,
7290009011531,true,כנפיים פרימיום שופרסל לק,תנובה,IL,כנפיים פרימיום,קילוגרמים,0.00,"ק""ג",true,1,12.70,12.70,true,1,
7290009012828,true,חזה עוף טרי פרימיום קג,עוף עוז,IL,חזה עוף טרי פרימ,קילוגרמים,0.00,"ק""ג",true,1,34.10,34.10,true,1,
7290009012835,true,שניצל דק טרי פרימיום קג,עוף עוז,IL,שניצל דק פרימיום,קילוגרמים,0.00,"ק""ג",true,1,38.30,38.30,true,1,
7290009012842,true,פילה עוף טרי פרימיום קג,עוף עוז,IL,פילה פרימיום טרי,קילוגרמים,0.00,"ק""ג",true,1,42.60,42.60,true,1,
7290009012859,true,שוקיים עוף טרי פרימיום ק,עוף עוז,IL,שוקיים עוף טרי פ,קילוגרמים,0.00,"ק""ג",true,1,32.30,32.30,true,1,
7290009013023,true,"פילה דניס טרי ארוז ק""ג",דגת הארץ,IL,פילה דניס טרי,קילוגרמים,0.00,"ק""ג",true,1,106.70,106.70,true,1,
7290009017038,true,נקניק סלמי בסגנון צרפתי,מעדני יחיעם,IL,סלמי צרפתי,קילוגרמים,0.00,"ק""ג",true,1,111.00,111.00,true,1,
7290009017069,true,נקניק סלמי סרוולד,מעדני יחיעם,IL,סלמי סרוולד,קילוגרמים,0.00,"ק""ג",true,1,111.00,111.00,true,1,
7290009017106,true,עופין טרי ארוז לקג,,IL,עופין טרי ארוז,קילוגרמים,0.00,"ק""ג",true,1,42.60,42.60,true,1,
7290009129762,true,נשנושי טלה טרי קג,שונות,IL,נשנושי טלה טרי,קילוגרמים,0.00,"ק""ג",true,0,51.20,51.20,true,1,
7290009137293,true,גב.פרמזן30% שופרסל במשקל,אמברוסי,IT,גבינת פרמזן,קילוגרמים,0.00,"ק""ג",true,1,70.00,70.00,true,1,
7290009137408,true,מיקס דונאטס 4 יח,סטוקסון,PL,מיקס דונאטס 4 יח,יחידה,1.00,יחידה,false,1,17.00,17.00,true,1,
7290009137651,true,גאודה פסטו אדום משקל,הנרי ויליך,NL,גאודה פסטו אדום,קילוגרמים,0.00,"ק""ג",true,1,93.00,93.00,true,1,
7290009137668,true,גאודה עזים ישון שנה משקל,הנרי ויליך,NL,גאודה עיזים,קילוגרמים,0.00,"ק""ג",true,1,100.80,100.80,true,1,
7290009137675,true,גאודה בקר מיושן שנה משקל,הנרי ויליך,NL,גאודה בקר מיושנת,קילוגרמים,0.00,"ק""ג",true,1,101.00,101.00,true,1,
7290009137705,true,סופגניה מיני ללא ריבה4י,גידרון,IL,סופגניה מיני 4יח,יחידה,1.00,יחידה,false,1,11.00,11.00,true,1,
7290009137712,true,סופגניה מיני ללא ריבה 8י,גידרון,IL,סופגניה מיני 8יח,יחידה,1.00,יחידה,false,1,17.00,17.00,true,1,
7290009137804,true,מוצרלה שופרסל במשקל,קיוסריה,ES,מוצרלה שופרסל,קילוגרמים,0.00,"ק""ג",true,1,47.00,47.00,true,1,
7290009137842,true,מארז לחמניות כוסמין 5 יח,גידרון,IL,לחמניה כוסמין5יח,יחידה,1.00,יחידה,false,1,11.80,11.80,true,1,
7290009137897,true,אבוקדו במשקל,,IL,אבקודו גליל,קילוגרמים,0.00,"ק""ג",true,1,13.90,13.90,true,1,
7290009144772,true,בשר טחון טרי יבוא קג,,IL,בשר טחון טרי,קילוגרמים,0.00,"ק""ג",true,1,34.10,34.10,true,1,
7290009391305,true,שיפודי אנטריקוט מוכשר טר,,XX,שיפודי אנטריקוט,קילוגרמים,0.00,"ק""ג",true,0,102.40,102.40,true,1,
7290009391336,true,פילה אמנון קפוא 80% קג,XINTAISHENG HAINAN,CN,פילה אמנון קפוא,קילוגרמים,0.00,"ק""ג",true,0,25.50,25.50,true,1,
7290009391367,true,שניצל בקר טרי אנגוס קג,שופרסל,AR,שניצל בקר טרי,קילוגרמים,0.00,"ק""ג",true,0,85.30,85.30,true,1,
7290009391619,true,כרעיים עוף טרי פרמיום קג,מילועוף,IL,כרעיים עוף טרי,קילוגרמים,0.00,"ק""ג",true,1,29.80,29.80,true,1,
7290009391626,true,שוקיים עוף טרי פרמיום קג,מילועוף,IL,שוקיים פרמיום,קילוגרמים,0.00,"ק""ג",true,1,32.30,32.30,true,1,
7290009391657,true,שניצל עוף דק פרימיום שופ,מילועוף,IL,שניצל דק פרמיום,קילוגרמים,0.00,"ק""ג",true,1,38.30,38.30,true,1,
7290009391664,true,פילה עוף טרי פרמיום שופר,מילועוף,IL,פילה פרמיום טרי,קילוגרמים,0.00,"ק""ג",true,1,42.60,42.60,true,1,
7290009391688,true,חזה עוף טרי פרמיום שופרס,מילועוף,IL,חזה פרמיום טרי,קילוגרמים,0.00,"ק""ג",true,1,34.10,34.10,true,1,
7290009392012,true,פילה לברק טרי ארוז קג,דגת הארץ,IL,פילה לברק טרי,קילוגרמים,0.00,"ק""ג",true,0,119.50,119.50,true,1,
7290009392050,true,פילה אמנון ללא עור קפוא,,CN,פילה אמנון ללא ע,קילוגרמים,0.00,"ק""ג",true,0,38.30,38.30,true,1,
7290009392272,true,בריסקט טרי מוכשר אנגוס ק,,AR,בריסקט טרי,קילוגרמים,0.00,"ק""ג",true,0,51.10,51.10,true,1,
7290009392340,true,שריר הזרוע קפוא מוכשר שו,בלדי,XX,שריר הזרוע קפוא,קילוגרמים,0.00,"ק""ג",true,0,25.50,25.50,true,1,
7290009392685,true,אנטריקוט טרי מוכשר יבוא,,XX,אנטריקוט טרי,קילוגרמים,0.00,"ק""ג",true,0,111.00,111.00,true,1,
7290009392692,true,צלעות טרי מוכשר יבוא קג,,XX,צלעות טרי,קילוגרמים,0.00,"ק""ג",true,0,51.20,51.20,true,1,
7290009392715,true,כתף טרי מוכשר יבוא קג,,XX,כתף טרי,קילוגרמים,0.00,"ק""ג",true,0,64.00,64.00,true,1,
7290009392739,true,פ.מדומה טרי מוכשר יבוא ק,,XX,פילה מדומה טרי,קילוגרמים,0.00,"ק""ג",true,0,64.00,64.00,true,1,
7290009392746,true,שריר טרי מוכשר יבוא קג,,XX,שריר טרי,קילוגרמים,0.00,"ק""ג",true,0,51.20,51.20,true,1,
7290009393088,true,כתף טרי מוכשר אנגוס קג,,AR,כתף טרי אנגוס,קילוגרמים,0.00,"ק""ג",true,0,59.70,59.70,true,1,
7290009393125,true,אנטריקוט טרי מוכשר אנגוס,,AR,אנטריקוט טרי אנג,קילוגרמים,0.00,"ק""ג",true,0,136.60,136.60,true,1,
7290009393255,true,צלי כתף טרי מוכשר אנגוס,,AR,צלי כתף טרי אנג,קילוגרמים,0.00,"ק""ג",true,1,85.30,85.30,true,1,
7290009393262,true,צלעות טרי חלק אנגוס קג,,AR,צלעות טרי אנגוס,קילוגרמים,0.00,"ק""ג",true,1,68.20,68.20,true,1,
7290009393644,true,שקדים בקר (עצמי) קג,תנובה,IL,שקדים בקר קג,קילוגרמים,0.00,"ק""ג",true,0,128.10,128.10,true,1,
7290009395044,true,לב עוף טרי תפזורת עצמי,שונות,IL,לב עוף טרי,קילוגרמים,0.00,"ק""ג",true,0,20.40,20.40,true,1,
7290009397550,true,מאפין דבש 5 יח,,IL,מאפין דבש 5 יח,גרמים,200.00,100 גרם,false,0,9.30,4.65,true,1,
7290009397642,true,חמישיית מאפין שוקו 200גר,,IL,חמישיית מאפין,גרמים,5.00,100 גרם,false,0,9.30,186.00,true,1,
7290009398021,true,לחמניית ביס באגט,גידרון,IL,לחמניית ביס באגט,יחידה,1.00,יחידה,false,0,1.50,1.50,true,1,
7290009398281,true,פיתות אסליות 100*10 גרם,,IL,פיתות 10 יח,גרמים,1000.00,100 גרם,false,0,11.80,1.18,true,1,
7290009398618,true,סופגניה גדולה רגילה יח',גידרון,IL,סופגניה רגילה,גרמים,80.00,100 גרם,false,0,5.00,6.25,true,1,
7290009398687,true,דונאט,גידרון,IL,דונאט,יחידה,1.00,יחידה,false,0,6.40,6.40,true,1,
7290009398786,true,5 פיתות אסליות 500 גרם,,IL,5 פיתות אסליות,גרמים,500.00,100 גרם,false,0,7.20,1.44,true,1,
7290009398847,true,לחמניית חלה מתוקה,גידרון,IL,לחמניית חלה מתוק,יחידה,1.00,יחידה,false,0,4.00,4.00,true,1,
7290009399707,true,מארז 4יח לחמניה גידרול,גדרון סהרון,IL,לחמניה גידרול 4,יחידה,1.00,יחידה,false,0,11.80,11.80,true,1,
7290009399790,true,לחמניית קשר קלה,גידרון,IL,לחמניה קלה קשר,יחידה,1.00,יחידה,false,0,3.30,3.30,true,1,
7290009399868,true,לחמניית חלה קלה,גידרון,IL,לחמניה חלה קלה,יחידה,1.00,יחידה,false,0,4.00,4.00,true,1,
7290009401943,true,לחמניה קלה 5 יח,,,לחמניה קלה 5 יח,יחידה,1.00,יחידה,false,0,11.80,11.80,true,1,
7290009802214,true,כרעי עוף טרי ארוז  עצמי,.,IL,כרעי עוף טרי,קילוגרמים,0.00,"ק""ג",true,1,23.80,23.80,true,1,
7290009806595,true,כבד עוף טרי ארוז  עצמי,.,IL,כבד עוף טרי,קילוגרמים,0.00,"ק""ג",true,1,17.00,17.00,true,1,
7290009811483,true,שניצל עוף טרי ארוז עצמי,,IL,שניצל עוף טרי,קילוגרמים,0.00,"ק""ג",true,1,29.80,29.80,true,1,
7290009811513,true,פרגיות עוף טרי ארוז עצמי,.,IL,פרגיות עוף טרי,קילוגרמים,0.00,"ק""ג",true,1,51.20,51.20,true,1,
7290009819144,true,נתחי הודו טרי ארוז עצמי,.,IL,נתחי הודו טרי,קילוגרמים,0.00,"ק""ג",true,1,25.50,25.50,true,1,
7290009819175,true,שוארמה הודו נ.טרי א.עצמי,.,IL,שוארמה הודו טרי,קילוגרמים,0.00,"ק""ג",true,1,59.70,59.70,true,1,
7290009819199,true,כנף הודו נ.טרי ארוז עצמי,.,IL,כנף הודו טרי,קילוגרמים,0.00,"ק""ג",true,1,15.30,15.30,true,1,
7290009819212,true,גרון הודו נ.טרי א.עצמי,.,IL,גרון הודו טרי,קילוגרמים,0.00,"ק""ג",true,1,25.50,25.50,true,1,
7290009819236,true,כבד הודו טרי ארוז עצמי,.,IL,כבד הודו טרי,קילוגרמים,0.00,"ק""ג",true,1,21.20,21.20,true,1,
7290009819243,true,קורקבן הודו טרי א.עצמי,.,IL,קורקבן הודו טרי,קילוגרמים,0.00,"ק""ג",true,1,10.10,10.10,true,1,
7290009819250,true,לב הודו טרי ארוז עצמי,.,IL,לב הודו טרי,קילוגרמים,0.00,"ק""ג",true,1,20.40,20.40,true,1,
7290009819267,true,חזה הודו נ.טרי ארוז עצמי,.,IL,חזה הודו טרי,קילוגרמים,0.00,"ק""ג",true,1,29.80,29.80,true,1,
7290009950106,true,משקה אנרגיה250מל,,,משקה אנרגיה250מל,מיליליטרים,250.00,"100 מ""ל",false,0,5.00,2.00,true,1,
7290009950137,true,בירה גולדסטאר330,,,בירה גולדסטאר330,מיליליטרים,330.00,"100 מ""ל",false,0,9.20,2.79,true,1,
7290009950724,true,סופגניה מיני מצופה,גידרון,IL,סופגנ.מיני מצופה,יחידה,1.00,יחידה,false,0,5.00,5.00,true,1,
7290009951165,true,לחם פיתה 10 יח,,,לחם פיתה 10 יח,קילוגרמים,1.10,"ק""ג",false,0,15.80,14.36,true,1,
7290009951899,true,מאפה מלוח משקל,גידרון,IL,מאפה מלוח חלבי,קילוגרמים,0.00,"ק""ג",true,0,35.00,35.00,true,1,
7290009951912,true,מאפה מתוק משקל,גידרון,IL,מאפה מתוק,קילוגרמים,0.00,"ק""ג",true,0,35.00,35.00,true,1,
7290009952292,true,מארז5יח חצי באגט רגיל,גידרון,IL,חצי באגט 5יח,יחידה,1.00,יחידה,false,0,11.80,11.80,true,1,
7290009952308,true,מארז 4יח לחמניית דגנים י,גידרון,IL,לחמניה דגנים 4יח,יחידה,1.00,יחידה,false,0,11.80,11.80,true,1,
7290009952315,true,מארז בייגל אמריקאי4יח,גידרון,IL,4בייגלה אמרקאי,יחידה,1.00,יחידה,false,0,11.80,11.80,true,1,
7290009952339,true,מארז8 לחמניות אצבע יח,גידרון,IL,לחמניה אצבע 8יח,יחידה,1.00,יחידה,false,0,10.10,10.10,true,1,
7290009952346,true,מארז לחמניית חלה 4יח,גידרון,IL,לחמניה חלה 4יח,יחידה,1.00,יחידה,false,0,11.80,11.80,true,1,
7290009952377,true,מארז 5יח לחמנית קשר,גידרון,IL,לחמניה קשר 5יח,יחידה,1.00,יחידה,false,0,11.80,11.80,true,1,
7290009952674,true,"משקה מצונן 330 מ""ל",,IL,משקה מצונן330מל,מיליליטרים,330.00,"100 מ""ל",false,0,5.60,1.70,true,1,
7290009952698,true,"משקה מצונן 250 מ""ל",,IL,משקה מצונן250מל,מיליליטרים,250.00,"100 מ""ל",false,0,5.40,2.16,true,1,
7290009953916,true,גבינת צ'דר כתומה,,GB,גבינת צ'דר כתומה,קילוגרמים,0.00,"ק""ג",true,0,119.00,119.00,true,1,
7290009953923,true,גבינת צ'דר,,GB,גבינת צ'דר,קילוגרמים,0.00,"ק""ג",true,0,119.00,119.00,true,1,
7290009954241,true,נועם ג.צהובה22%חריץ משקל,טרופיקל דגיל תעשיות קוסמ,IL,גבינת נועם 22%,קילוגרמים,0.00,"ק""ג",true,0,36.39,36.39,true,1,
7290009954258,true,נועם ג.צהובה28%חריץ משקל,י. מלכי מוצרים,IL,גבינת נועם 28%,קילוגרמים,0.00,"ק""ג",true,0,38.28,38.28,true,1,
7290009954999,true,מים מצוננים500מל,,IL,מים מצוננים500מל,מיליליטרים,500.00,"100 מ""ל",false,0,5.80,1.16,true,1,
7290009955002,true,מים מצוננים1.5ל,,IL,מים מצוננים1.5ל,ליטרים,1.50,ליטר,false,0,6.80,4.53,true,1,
7290009955019,true,משקה מצונן 1.5ל,,IL,משקה מצונן 1.5ל,ליטרים,1.50,ליטר,false,0,10.30,6.87,true,1,
7290009956139,true,גבינת גאודה 31.2% במשקל,ROUVEEN,NL,גבינת גאודה,קילוגרמים,0.00,"ק""ג",true,1,84.00,84.00,true,1,
7290009956177,true,גב.עיזים הולנדית 30.6%,ROUVEEN,NL,גבינת עיזים,קילוגרמים,0.00,"ק""ג",true,1,101.00,101.00,true,1,
7290009956221,true,מים מצוננים 2 ליטר,,IL,מים מצוננים 2ל,ליטרים,2.00,ליטר,false,1,8.50,4.25,true,1,
7290009956535,true,רצועות פילה נילוס קפוא ק,"טיבון ויל אחזקות בע""\מ",IL,רצועות נילוס,קילוגרמים,0.00,"ק""ג",true,1,59.70,59.70,true,1,
7290009957105,true,ממרח מחמאת לורפק משקל,ארלה פודס אמבה,DK,ממרח מחמאת לורפק,קילוגרמים,0.00,"ק""ג",true,1,38.40,38.40,true,1,
7290009957112,true,בלוז בסגנון דנאבלו במשקל,ארלה פודס אמבה,DK,גבינת בלוז,קילוגרמים,0.00,"ק""ג",true,1,67.00,67.00,true,1,
7290009957174,true,סלמון מעושן פסקאדו במשקל,ויליגר,IL,סלמון מעושן פסקא,קילוגרמים,0.00,"ק""ג",true,1,204.00,204.00,true,1,
7290009957198,true,גאודה מיושנת גולד במשקל,VANDERSTERRE,NL,גאודה מיושנת,קילוגרמים,0.00,"ק""ג",true,1,118.00,118.00,true,1,
7290009957358,true,גרנו פדנו שופרסל 29%משקל,אמברוסי,IL,גרנו פדנו,קילוגרמים,0.00,"ק""ג",true,1,101.00,101.00,true,1,
7290009957419,true,בייבי מוצרלה18%שופר משקל,גבינות משק יעקבס,IL,בייבי מוצרלה,קילוגרמים,0.00,"ק""ג",true,1,67.00,67.00,true,1,
7290009957426,true,כדור מוצרלה שופרסל במשקל,גבינות משק יעקבס,IL,כדור  מוצרלה,קילוגרמים,0.00,"ק""ג",true,1,67.00,67.00,true,1,
7290009957433,true,לאבנה בקר5% שופרסל במשקל,גבינות משק יעקבס,IL,לאבנה בקר במשקל,קילוגרמים,0.00,"ק""ג",true,1,29.00,29.00,true,1,
7290009957525,true,סופגניה מיני מצופה 4יח,גידרון,IL,4סופגניה מיני,יחידה,1.00,יחידה,false,1,17.00,17.00,true,1,
7290009957532,true,סופגניה מיני רגילה 4יח',גידרון,IL,סופגניה מיני 4יח,יחידה,1.00,יחידה,false,1,11.00,11.00,true,1,
7290009957556,true,סופגניה גדולה רגילה 3יח',גידרון,IL,סופגניה רגילה3יח,יחידה,1.00,יחידה,false,1,11.00,11.00,true,1,
7290009958232,true,קשקבל שופרסל משקל,אל פסטור,ES,קשקבל שופרסל,קילוגרמים,0.00,"ק""ג",true,1,98.00,98.00,true,1,
7290009958256,true,איבריקו שופרסל משקל,אל פסטור,ES,איבריקו שופרסל,קילוגרמים,0.00,"ק""ג",true,1,98.00,98.00,true,1,
7290009958263,true,מנצגו שופרסל משקל,אל פסטור,ES,מנצגו שופרסל,קילוגרמים,0.00,"ק""ג",true,1,98.00,98.00,true,1,
7290009958515,true,"תפו""ע קנדין אורגני במשקל",,IT,תפוח עץ קנדין,קילוגרמים,0.00,"ק""ג",true,1,19.90,19.90,true,1,
7290009958522,true,גבינת ברי במשקל,פטור'ז,FR,גבינת ברי במשקל,קילוגרמים,0.00,"ק""ג",true,1,84.00,84.00,true,1,
7290009958577,true,בולגרית מעודנת 5% משקל,מחלבות רמת הגולן,IL,בולגרית מעודנת,קילוגרמים,0.00,"ק""ג",true,1,41.00,41.00,true,1,
7290009958584,true,בולגרית 5% שופרסל משקל,מחלבות רמת הגולן,IL,בולגרית 5% משקל,קילוגרמים,0.00,"ק""ג",true,1,52.00,52.00,true,1,
7290009958591,true,בולגרית 16% שופרסל משקל,מחלבות רמת הגולן,IL,בולגרית 16% משקל,קילוגרמים,0.00,"ק""ג",true,1,53.00,53.00,true,1,
7290009958607,true,צפתית מעודנת5% משקל שופר,מחלבות רמת הגולן,IL,צפתית מעודנת 5%,קילוגרמים,0.00,"ק""ג",true,1,52.00,52.00,true,1,
7290010002122,false,פפריקה הונגרית מתוקה100ג,א.ל ייצור ושיווק תבלינים,IL,פפריקה הונגרית,גרמים,100.00,100 גרם,false,0,11.00,11.00,true,1,
7290010002313,false,תבלין ראס אל חנות 100גרם,א.ל ייצור ושיווק תבלינים,IL,תבלין לקציצות,גרמים,100.00,100 גרם,false,0,11.00,11.00,true,1,
7290010002726,false,תבלין לפרגיות 100 גרם,א.ל ייצור ושיווק תבלינים,IL,תבלין לפרגיות,גרמים,100.00,100 גרם,false,0,11.00,11.00,true,1,
7290010003709,false,פלפל שחור טחון,,IL,פלפל שחור טחון,גרמים,50.00,100 גרם,false,0,6.70,13.40,true,1,
7290010003754,false,כמון טחון,,IL,כמון טחון,גרמים,50.00,100 גרם,false,0,5.90,11.80,true,1,
7290010023141,false,חל.לימונענע גן קסום25שק',ויסוצקי,IL,חליטת לימונענע,גרמים,55.00,100 גרם,false,0,17.00,30.91,true,1,
7290010045013,false,עוגיות חמאה צרפתיות200גר,,IL,עוגיות חמאה,גרמים,200.00,100 גרם,false,0,17.00,8.50,true,1,
7290010049028,false,תרכיז פטל דיאט 1ליטר,זנלכל,IL,תרכיז דיאט פטל,ליטרים,1.00,ליטר,false,0,16.10,16.10,true,1,
7290010065332,false,"פרינוק ג'ונ.תפו""ע+בננ190",פרינוק,CZ,פריניוק ג'וניור,גרמים,190.00,100 גרם,false,0,5.90,3.11,true,1,
7290010065349,false,פרינוק ג'ונ.סלט פירות190,פרינוק,CZ,פריניק ג'וניור,גרמים,190.00,100 גרם,false,0,5.90,3.11,true,1,
7290010066513,false,טונה בשמן צמחי 158*4 גרם,תעשיות פילטונה,IL,טונה בשמן 4 יח,גרמים,632.00,100 גרם,false,0,22.10,3.50,true,1,
7290010066575,false,טונה במי מלח 158*4 גרם,תעשיות פילטונה,IL,טונה במי מלח 4יח,גרמים,632.00,100 גרם,false,0,22.10,3.50,true,1,
7290010066582,false,טונה בשמן קנולה 158*4 גר,תעשיות פילטונה,IL,טונה בשמן 4 יח,גרמים,632.00,100 גרם,false,0,22.10,3.50,true,1,
7290010066599,false,טונה בשמן זית 158*4 גרם,תעשיות פילטונה,IL,טונה בשמן זית4יח,גרמים,632.00,100 גרם,false,0,26.40,4.18,true,1,
7290010116980,false,שוקולית 850 גרם,שטראוס קפה בי.וי.,IL,שוקולית עלית,גרמים,850.00,100 גרם,false,0,16.60,1.95,true,1,
7290010117864,false,דוריטוס בטעם חריף אש70גר,"שטראוס פריטו ליי בע""\מ )",IL,דוריטוס חריף,גרמים,70.00,100 גרם,false,0,3.50,5.00,true,1,
7290010129003,false,עוגיות אוזניים 600 גרם,ק.א. ומשווק בבלעדיות על,IL,עוגיות אוזניים,גרמים,600.00,100 גרם,false,0,17.80,2.97,true,1,
7290010129010,false,עוג.כתר במילוי ריבה 600ג,ק.א. ומשווק בבלעדיות על,IL,עוגיות כתר ריבה,גרמים,600.00,100 גרם,false,0,17.80,2.97,true,1,
7290010129027,false,עוגיות מרוקאיות 600 גרם,דולצ'ה ויטה,IL,עוגיות מרוקאיות,גרמים,600.00,100 גרם,false,0,17.80,2.97,true,1,
7290010129348,false,עוגיות בטעם שוקולד 600גר,ק.א. ומשווק בבלעדיות על,IL,עוגיות שוקולד,גרמים,600.00,100 גרם,false,0,17.80,2.97,true,1,
7290010154005,false,סחוג תימני 250 גרם,נטו,IL,סחוג תימני,גרמים,250.00,100 גרם,false,0,13.50,5.40,true,1,
7290010154012,false,לימון בלאדי 250 גרם,נטו,IL,לימון בלאדי,גרמים,250.00,100 גרם,false,0,13.50,5.40,true,1,
7290010154029,false,אריסה מתוקה 250 גרם,נטו,IL,אריסה מתוקה,גרמים,250.00,100 גרם,false,0,13.50,5.40,true,1,
7290010154555,false,ממרח לימון כבוש 250 גרם,תבליני ביטון יוחאי,IL,ממרחלימון כבוש,גרמים,250.00,100 גרם,false,1,13.50,5.40,true,1,
7290010154678,false,אריסה מרוקאית 250 גרם,תבליני ביטון יוחאי,IL,אריסה מרוקאית,גרמים,250.00,100 גרם,false,1,13.50,5.40,true,1,
7290010154685,false,סלט שום כתוש 250 גרם,תבליני ביטון יוחאי,IL,סלט שום כתוש,גרמים,250.00,100 גרם,false,1,13.50,5.40,true,1,
7290010154692,false,סחוג אדום 250 גרם,תבליני ביטון יוחאי,IL,סחוג אדום 250 גר,גרמים,250.00,100 גרם,false,1,13.50,5.40,true,1,
7290010163632,false,שזיף ללא גלעין 400גרם,,IL,שזיף ללא גלעין,גרמים,400.00,100 גרם,false,0,22.80,5.70,true,1,
7290010163700,false,שקדים קלופים טבעי200ג,שקדיה,IL,שקד טבעי,גרמים,200.00,100 גרם,false,0,16.10,8.05,true,1,
7290010192144,false,סלרי יחידה,קטיף.,IL,סלרי,יחידה,1.00,יחידה,false,1,6.90,6.90,true,1,
7290010237890,false,בירה הייניקן בק.חוזר500מ,טמפו משקאות בע''מ,IL,בירה הייניקן,מיליליטרים,500.00,"100 מ""ל",false,0,8.50,1.70,true,1,
7290010259823,false,מנת השף נודלס,,TH,מנת השף נודלס,גרמים,70.00,100 גרם,false,0,5.00,7.14,true,1,
7290010259830,false,מנת השף נודלס,,TH,מנת השף נודלס,גרמים,70.00,100 גרם,false,0,5.00,7.14,true,1,
7290010259847,false,מנת השף נודלס,,TH,מנת השף נודלס,גרמים,70.00,100 גרם,false,0,5.00,7.14,true,1,
7290010259854,false,מנת השף נודלס,,TH,מנת השף נודלס,גרמים,70.00,100 גרם,false,0,5.00,7.14,true,1,
7290010259861,false,מנת השף נודלס,,TH,מנת השף נודלס,גרמים,70.00,100 גרם,false,0,5.00,7.14,true,1,
7290010259977,false,שמן קנולה מזוכך 1 ליטר,זאקלאדי,PL,שמן קנולה מזוכך,ליטרים,1.00,ליטר,false,0,10.10,10.10,true,1,
7290010328505,false,"מיני חלוה ללת""ס15יח10*גר","אחדות בע""מ א.ת. ברקן",IL,מיני חלווה,גרמים,150.00,100 גרם,false,0,8.40,5.60,true,1,
7290010328819,false,"ממרח טחינה שוק.ללת""ס400ג",אחדות,IL,ממרח טחינה,גרמים,400.00,100 גרם,false,1,8.50,2.13,true,1,
7290010329854,false,"מיני קוקיס חמאה ללת""ס600",כרמית,IL,מיני קוקיס חמאה,גרמים,600.00,100 גרם,false,0,17.00,2.83,true,1,
7290010429554,false,"שמן זית 2 קלאסי 750מ""ל",מכוורת יד מרדכי שטראוס ב,IL,שמן זית 2 קלאסי,מיליליטרים,750.00,"100 מ""ל",false,0,32.30,4.31,true,1,
7290010471669,false,דנונה בר תות קורנפ175.גר,"שטראוס בריאות בע""\מ",IL,דנונה בר תות,גרמים,175.00,100 גרם,false,0,4.10,2.34,true,1,
7290010472307,false,גמדים לשתיה תות בננ100*8,"שטראוס בריאות בע""\מ",IL,גמדים לשתיה 8 יח,מיליליטרים,800.00,"100 מ""ל",false,0,17.80,2.23,true,1,
7290010472390,false,דני שוקולד 125*8גרם,"שטראוס גרופ בע""\מ",IL,דני שוקולד 8 יח',קילוגרמים,1.00,"ק""ג",false,0,13.90,13.90,true,1,
7290010513703,false,צ'ופסטיקס צפצפה,,IL,צ'ופסטיקס צפצפה,יחידה,1.00,יחידה,false,0,6.70,6.70,true,1,
7290010546343,false,חביתה טבעונית 100 גרם,מנדל,IL,חביתה טבעונית,גרמים,100.00,100 גרם,false,1,10.10,10.10,true,1,
7290010582341,false,אפרסמון קרמבו ארוז,מור פירות השרון,IL,אפרסמון קרמבו,קילוגרמים,0.00,"ק""ג",true,1,14.90,14.90,true,1,
7290010627004,false,טחינה ירושלים 500 גרם,"טחינה ירושלים בע""מ",IL,טחינה ירושלים,גרמים,500.00,100 גרם,false,0,14.40,2.88,true,1,
7290010650033,false,בצלצלי שאלוט,קטיף.,NL,בצלצלי שאלוט,גרמים,350.00,100 גרם,false,0,15.00,4.29,true,1,
7290010650194,false,שורש גינגר טרי ארוז,תקוע,CN,שורש גינגר טרי,גרמים,250.00,100 גרם,false,0,11.90,4.76,true,1,
7290010650415,false,עגבניה לחה,חוות פטריות תקוע,TR,עגבניה לחה,גרמים,200.00,100 גרם,false,0,14.90,7.45,true,1,
7290010650828,false,פטריות שי-מג'י לבנות 150,שנגחאי פינק פוד קומפני,CN,פטריות שי-מג'י,גרמים,150.00,100 גרם,false,1,12.90,8.60,true,1,
7290010748860,false,ק.ידיים אפקטיב קר יבש150,פישר מעבדות פרמצבטיות בע,IL,קרם ידיים,מיליליטרים,150.00,"100 מ""ל",false,0,11.00,7.33,true,1,
7290010814695,false,"שוקולד מריר ללת""ס 85 גרם","כרמית תעשיות ממתקים בע""\",IL,שוקולד מריר,גרמים,85.00,100 גרם,false,0,5.00,5.88,true,1,
7290010814701,false,"שוקולד חלב ללת""ס 85 גרם","כרמית תעשיות ממתקים בע""\",IL,שוקולד חלב,גרמים,85.00,100 גרם,false,0,5.00,5.88,true,1,
7290010838219,false,ממתיק סטיביה 100שק,"קיפל טבליות וממתיקים בע""",IL,ממתיק מרמולייט,גרמים,100.00,100 גרם,false,0,25.50,25.50,true,1,
7290010839865,false,רוטב רימונים 320 גרם,,TR,רוטב רימונים,גרמים,320.00,100 גרם,false,0,10.10,3.16,true,1,
7290010883370,false,סנו סושי כפפות אלוורה M,סנו,CN,סנו סוש כפפות,יחידה,1.00,יחידה,false,0,10.30,10.30,true,1,
7290010931330,false,סלט מטבוחה 500 גרם,"שטראוס גרופ בע""\מ",IL,סלט מטבוחה אחלה,גרמים,500.00,100 גרם,false,0,12.70,2.54,true,1,
7290010970551,false,"שמן אבוקדו 250 מ""ל","ג.מ טעם הארץ בע""\ם",IL,שמן אבוקדו,מיליליטרים,250.00,"100 מ""ל",false,1,27.80,11.12,true,1,
7290011015862,false,סירופ דיאט לימונענע750מל,גת,IL,סירופ לימונענע,מיליליטרים,750.00,"100 מ""ל",false,0,22.10,2.95,true,1,
7290011017866,false,"פחית קוקה קולה 330 מ""ל",החברה המרכזית לייצור משק,IL,קוקה קולה פחית,מיליליטרים,330.00,"100 מ""ל",false,0,4.60,1.39,true,1,
7290011017873,false,פחית קוקה קולה זירו330מל,החברה המרכזית לייצור משק,IL,קולה זירו,מיליליטרים,330.00,"100 מ""ל",false,0,4.60,1.39,true,1,
7290011018184,false,פיוז תה אפרסק,,IL,פיוז תה אפרסק,מיליליטרים,500.00,"100 מ""ל",false,0,7.50,1.50,true,1,
7290011018443,false,פחית פאנטה ט.אורנג330'מל,החברה המרכזית לייצור משק,IL,פאנטה ט.אורנג פח,מיליליטרים,330.00,"100 מ""ל",false,0,4.60,1.39,true,1,
7290011065416,false,פלפל שחור מטחנה 60 גרם,א.ל ייצור ושיווק תבלינים,IL,פלפל שחור מטחנה,גרמים,60.00,100 גרם,false,1,16.10,26.83,true,1,
7290011091460,false,כורכום טחון 150 גרם,תבליני הדור השלישי,IL,כורכום טחון,גרמים,150.00,100 גרם,false,0,13.50,9.00,true,1,
7290011110109,false,תירס לבן מתוק יחידה,"יגור חקלאות בע""מ",IL,תירס לבן מתוק,יחידה,1.00,יחידה,false,1,17.90,17.90,true,1,
7290011115258,false,סבון נקה 7 ירוק 100*4 גר,גליל כימיקלים בעמ,IL,נקה 7 סבון 4 יח,גרמים,400.00,100 גרם,false,0,12.80,3.20,true,1,
7290011126209,false,גן קסום תפוח+קינמון 25שק,ויסוצקי,IL,חליטת תפוח קנמון,גרמים,67.00,100 גרם,false,0,17.00,25.37,true,1,
7290011126469,false,חל.קמומיל+דבש גן קסום25ש,ויסוצקי,IL,חליטת קמומיל+דבש,גרמים,37.00,100 גרם,false,0,17.00,45.95,true,1,
7290011131395,false,מוזלי 30% פירות גרין 1קג,וויטליה,MK,מוזלי 30% פירות,קילוגרמים,1.00,"ק""ג",false,0,24.70,24.70,true,1,
7290011131968,false,"גרנולה אגוזים 1 ק""ג",וויטליה,MK,גרנולה אגוזים,קילוגרמים,1.00,"ק""ג",false,0,23.60,23.60,true,1,
7290011133375,false,"מכבי שנדי אפרסק 330*6מ""ל","טמפו משקאות בע""מ",IL,מכבי שנדי 6 יח,ליטרים,1.98,ליטר,false,0,25.80,13.03,true,1,
7290011133634,false,"פפסי מקס פחית 330*6מ""ל","טמפו משקאות בע""\מ",IL,פפסי מקס 6 פחיות,ליטרים,1.98,ליטר,false,1,17.20,8.69,true,1,
7290011154080,false,"תרכיז תפוחים צלול 500מ""ל",,IL,תרכיז תפוחים,מיליליטרים,500.00,"100 מ""ל",false,0,18.30,3.66,true,1,
7290011194215,false,דניאלה בננה 88 גרם,"שטראוס גרופ בע""\מ",IL,דניאלה בננה,גרמים,88.00,100 גרם,false,0,3.60,4.09,true,1,
7290011194246,false,קוטג' 5% שומן 250 גרם,"שטראוס בריאות בע""\מ",IL,קוטג' 5% שומן,גרמים,250.00,100 גרם,false,0,5.10,2.04,true,1,
7290011223243,false,דאק ג'ל אסלה לבנדר 55 מל,DEOFLOR,IT,דאק ג'ל לאסלה,מיליליטרים,55.00,"100 מ""ל",false,0,9.80,17.82,true,1,
7290011239237,false,חטיף אגוזים ישראלי 250גר,בני ריאד מחרום,IL,חטיף אגוזים,גרמים,250.00,100 גרם,false,1,16.10,6.44,true,1,
7290011239336,false,"חלבה מחרום ללת""ס 400 גרם",מחרום,IL,חלבה מחרום,גרמים,400.00,100 גרם,false,1,18.70,4.68,true,1,
7290011239343,false,חלבה מחרום 400 גרם,מחרום,IL,חלבה מחרום,גרמים,400.00,100 גרם,false,1,18.70,4.68,true,1,
7290011239404,false,חטיפים שונים ארוזים330ג,בני ריאד מחרום,IL,חטיפים ארוזים,גרמים,330.00,100 גרם,false,0,12.70,3.85,true,1,
7290011378769,false,חטיפי חלבה וניל 18*7 גרם,"רושדי תעשיות מזון בע""\מ",IL,חטיפי חלבה,גרמים,126.00,100 גרם,false,0,12.30,9.76,true,1,
7290011438142,false,"משקה חלב בטעם קפה 350מ""ל",מחלבת יטבתה,IL,משקה חלב קפה,מיליליטרים,350.00,"100 מ""ל",false,0,5.50,1.57,true,1,
7290011447267,false,מטרנה חלבי שלב 1 700ג,מטרנה תעשיות ש.מ,IL,מטרנה חלבי,גרמים,700.00,100 גרם,false,0,44.30,6.33,true,1,
7290011447281,false,מטרנה חלבי שלב 2 700ג,מטרנה תעשיות ש.מ,IL,מטרנה חלבי שלב 2,גרמים,700.00,100 גרם,false,0,44.30,6.33,true,1,
7290011489694,false,פירורי בסקוויט וניל300ג,אפיפית,IL,פירורי בסקוויט,גרמים,300.00,100 גרם,false,0,5.90,1.97,true,1,
7290011498962,false,שקד לבן בכבישה קרה 300 ג,מרכז השקד,IL,שקד לבן כבישה קר,גרמים,300.00,100 גרם,false,0,33.20,11.07,true,1,
7290011499105,false,גבינה בולגרית 5% 250 גרם,מחלבות גד,IL,גבינה בולגרית 5%,גרמים,250.00,100 גרם,false,0,19.90,7.96,true,1,
7290011499129,false,קוב.בולג.מעודנת 5% 200ג,קוד יצרן DSH,IL,קוביות בולגרית,גרמים,200.00,100 גרם,false,0,20.10,10.05,true,1,
7290011499303,false,פטה מעודנת עיזים5% 250ג,מחלבות גד,IL,פטה מעודנת עיזים,גרמים,250.00,100 גרם,false,0,26.40,10.56,true,1,
7290011499327,false,גב.בולגרית מעודנת5% 250ג,מחלבות גד,IL,בולגרית מעודנת5%,גרמים,250.00,100 גרם,false,0,20.40,8.16,true,1,
7290011499365,false,חלומי גד גב.קשה 24% 200ג,"מחלבות גד בע""\מ",IL,חלומי גד 24%,גרמים,200.00,100 גרם,false,0,18.70,9.35,true,1,
7290011499419,false,גב.שמנת ט.טבעי5% 200גרם,מחלבות גד,IL,גבינת שמנת גד5%,גרמים,200.00,100 גרם,false,0,10.00,5.00,true,1,
7290011499525,false,לאבנה דרוזית 9% 500 גרם,מחלבות גד,IL,לאבנה דרוזית 9%,גרמים,500.00,100 גרם,false,0,17.50,3.50,true,1,
7290011499624,false,גבינת שמנת 30% טבעי200גר,מחלבות גד,IL,גבינת שמנת 30%,גרמים,200.00,100 גרם,false,0,11.40,5.70,true,1,
7290011515683,false,מאגדת אקסטרים וניל 6יח,גלידות נסטלה,IL,מאגדת אקסטרים,גרמים,432.00,100 גרם,false,0,32.30,7.48,true,1,
7290011518561,false,"אקטימל תות 100*14 מ""ל","שטראוס בריאות בע""\מ",IL,אקטימל מארז14יח',ליטרים,1.40,ליטר,false,0,27.80,19.86,true,1,
7290011530945,false,קרפצ'יו עגל 210 גרם,בלדי,IL,קרפצ'יו עגל,גרמים,210.00,100 גרם,false,1,34.10,16.24,true,1,
7290011575250,false,הפי ספוג להברקת נעליים,מרקה,ES,ספוג הברקת נעלים,יחידה,1.00,יחידה,false,0,8.40,8.40,true,1,
7290011587581,false,פילה אנשובי צנצנת 100גרם,אינוורסינס פריסקו,PE,פילה אנשובי,גרמים,100.00,100 גרם,false,1,11.00,11.00,true,1,
7290011587598,false,פילה אנשובי 45 גרם,אינוורסינס פריסקו,PE,פילה אנשובי,גרמים,45.00,100 גרם,false,0,6.70,14.89,true,1,
7290011607180,false,א.כביסה קולון 1.25 קג,רקיט בנקיזר,IL,אבקת כביסה קולון,קילוגרמים,1.25,"ק""ג",false,0,12.70,10.16,true,1,
7290011615260,false,טורטיות,,TR,טורטיות,גרמים,540.00,100 גרם,false,0,10.10,1.87,true,1,
7290011618025,false,בייבי ביס בטעם טבעי 50 ג,want-want,CN,בייבי ביס,גרמים,50.00,100 גרם,false,0,12.70,25.40,true,1,
7290011618216,false,בייבי ביס טעם בננה 50 גר,want-want,CN,בייבי ביס,גרמים,50.00,100 גרם,false,0,12.70,25.40,true,1,
7290011668570,false,חגיגת גרנולה פ.יבשים500ג,אפקט טבעי,IL,חגיגת גרנולה,גרמים,500.00,100 גרם,false,0,22.90,4.58,true,1,
7290011723200,false,טחינה הר ברכה 500 גרם,הר ברכה,IL,טחינה הר ברכה,גרמים,500.00,100 גרם,false,1,17.00,3.40,true,1,
7290011800840,false,טחינה בלאדי רפי כהן 400ג,סלטי צבר,IL,סלט טחינה בלאדי,גרמים,400.00,100 גרם,false,0,15.30,3.83,true,1,
7290011830007,false,סוכר קנים חום,,IN,סוכר קנים חום,קילוגרמים,1.00,"ק""ג",false,0,10.90,10.90,true,1,
7290011830564,false,פתי בר כוסמין,,IL,פתי בר כוסמין,גרמים,180.00,100 גרם,false,0,10.60,5.89,true,1,
7290011876388,false,קציצות עוף ובקר 600גרם,מאמא עוף,IL,קציצות עוף ובקר,גרמים,600.00,100 גרם,false,0,29.40,4.90,true,1,
7290011877859,false,סנו אינסטלטור 200 גרם,סנו מפעלי ברונוס בעמ,IL,סנו אינסטלטור,גרמים,200.00,100 גרם,false,0,13.50,6.75,true,1,
7290011931162,false,"סוכרלוז נוזלי 220 מ""ל",ביסקול בע''מ,IL,סוכרלוז נוזלי,מיליליטרים,220.00,"100 מ""ל",false,0,21.20,9.64,true,1,
7290011947309,false,זיתים סורי+לימון כבוש230,,IL,זית סורי,גרמים,230.00,100 גרם,false,0,12.70,5.52,true,1,
7290011947316,false,זיתים קלמטה בשמן זית 215,זיתא,IL,זיתי קלמטה,גרמים,215.00,100 גרם,false,1,12.70,5.91,true,1,
7290011947521,false,שמן זית כתית מודגש 750מל,זיתא,IL,שמן זית כתית,מיליליטרים,750.00,"100 מ""ל",false,1,30.60,4.08,true,1,
7290011947781,false,מיקס זית ירוק וקלמטה190ג,,IL,מיקס זית ירוק,גרמים,190.00,100 גרם,false,1,12.70,6.68,true,1,
7290011947798,false,זית קלמטה ללא גלעין190גר,,IL,זית קלמטה,גרמים,190.00,100 גרם,false,1,12.70,6.68,true,1,
7290011964344,false,שום גבישי 120 גרם,תבליני טעם וריח,IL,שום גבישי,גרמים,120.00,100 גרם,false,0,9.30,7.75,true,1,
7290011964689,false,תיבול על האש 100 גרם,תבליני טעם וריח,IL,תיבול על האש,גרמים,100.00,100 גרם,false,0,9.30,9.30,true,1,
7290011964702,false,תיבול לשווארמה 100 גרם,תבליני טעם וריח,IL,תיבול לשווארמה,גרמים,100.00,100 גרם,false,0,10.00,10.00,true,1,
7290012001994,false,חרדל דיז'ון ריין 350 גרם,ריין דיג'ון,FR,חרדל דיז'ון ריין,גרמים,350.00,100 גרם,false,0,11.20,3.20,true,1,
7290012019043,false,שום צעיר כבוש בחומץ330גר,FOODS CANDDED QINGDAO,CN,שום צעיר כבוש,גרמים,330.00,100 גרם,false,0,11.00,3.33,true,1,
7290012019265,false,"רסק תפו""ע ללת""ס 113*4 גר",אינדיאן סאמר קו אופ אינק,US,"רסק תפו""ע ללת""ס",גרמים,452.00,100 גרם,false,0,10.10,2.23,true,1,
7290012052323,false,"גרנ.תענוג מיזלי מיקס1ק""ג",רפאלס,IL,גרנולה תענוג,קילוגרמים,1.00,"ק""ג",false,1,22.90,22.90,true,1,
7290012086113,false,עגבניה שרי אשכולות מובחר,קטיף.,IL,שרי אשכולות,גרמים,460.00,100 גרם,false,0,10.90,2.37,true,1,
7290012116261,false,סנו מדיק ג'ל לידיים 500מ,קוסמופארם בעמ,IL,סנו מדיק ג'ל,מיליליטרים,500.00,"100 מ""ל",false,1,17.00,3.40,true,1,
7290012116735,false,נ.טואלט סופט גל.כפול24גל,סנו מפעלי ברונוס בעמ,IL,נייר טואלט סופט,מטרים,900.00,100 מטר,false,0,35.80,3.98,true,1,
7290012117428,false,קרמה ג'ל רח.ושמפו גבר700,קוסמופארם בע'\'\מ,IL,קרמה ג'ל רחצה,מיליליטרים,700.00,"100 מ""ל",false,0,13.50,1.93,true,1,
7290012117435,false,קרמה ג'ל רחצה אלוורה700מ,קוסמופארם בע'\'\מ,IL,קרמה ג'ל רחצה,מיליליטרים,700.00,"100 מ""ל",false,0,13.50,1.93,true,1,
7290012117534,false,מרכ.מקסימה ס.מרוכז קול1ל,"סנו מפעלי ברונוס בע""\מ",IL,מקסימה ס.מרוכז,ליטרים,1.00,ליטר,false,0,16.10,16.10,true,1,
7290012117541,false,מרכך מרוכז מקסימה זן 1 ל,סנו מפעלי ברונוס בעמ,IL,מקסימה מרכך,ליטרים,1.00,ליטר,false,0,16.10,16.10,true,1,
7290012117558,false,מרכ.מקסימה ס.מרוכז מסק1ל,"סנו מפעלי ברונוס בע""\מ",IL,מקסימה ס.מרוכז,ליטרים,1.00,ליטר,false,0,16.10,16.10,true,1,
7290012117626,false,אורביטול קיד מי פה 250מל,קוסמופארם בע'\'\מ,IL,אורביטול מי פה,מיליליטרים,250.00,"100 מ""ל",false,0,9.30,3.72,true,1,
7290012117916,false,אינסטלטור נוזלי,,IL,אינסטלטור נוזלי,ליטרים,1.00,ליטר,false,0,25.50,25.50,true,1,
7290012193125,false,סוכרלוז 150 טבליות כשלפ,"קיפל טבליות וממתיקים בע""",CN,סוכרלוז,יחידה,1.00,יחידה,false,0,22.90,22.90,true,1,
7290012226120,false,קבנוס 135 גרם,זוגלובק,IL,קבנוס,גרמים,135.00,100 גרם,false,0,11.00,8.15,true,1,
7290012226342,false,נקנקיה טבעונית 460 גרם,זוגלובק,IL,נקניקיה טבעונית,גרמים,460.00,100 גרם,false,1,25.50,5.54,true,1,
7290012226922,false,קבנוס בטעם שום 135 גרם,זוגלובק,IL,קבנוס בטעם שום,גרמים,135.00,100 גרם,false,0,11.00,8.15,true,1,
7290012226939,false,קבנוס בטעם צ'ילי 135 גרם,זוגלובק,IL,קבנוס בטעם צ'ילי,גרמים,135.00,100 גרם,false,0,11.00,8.15,true,1,
7290012226991,false,"נקניקיות ג'מבו 1.5 ק""ג",זוגלובק,IL,נקניקיות ג'מבו,גרמים,1500.00,100 גרם,false,0,28.10,1.87,true,1,
7290012227325,false,סלמי איטלקי מעושן דק דק,זוגלובק,IL,סלמי איטלקי מעוש,גרמים,120.00,100 גרם,false,1,12.70,10.58,true,1,
7290012227912,false,קבנוס מעודן 135 גרם,זוגלובק,IL,קבנוס מעודן,גרמים,135.00,100 גרם,false,1,11.00,8.15,true,1,
7290012227974,false,פסטרמה בדבש דק דק דק,זוגלובק,IL,פסטרמה בדבש דק,גרמים,120.00,100 גרם,false,1,12.70,10.58,true,1,
7290012244278,false,עוגת היער השחור-פרווה720,גידרון,IL,עוגת היער השחור,גרמים,720.00,100 גרם,false,0,62.30,8.65,true,1,
7290012317491,false,קובה ירושלמי 600 גרם,יסמין,IL,קובה ירושלמי,גרמים,600.00,100 גרם,false,0,30.60,5.10,true,1,
7290012352034,false,קרם לחות+GOשמן מקדמיה400,דנאגיס,IL,קרם לחות נטורל,מיליליטרים,400.00,"100 מ""ל",false,0,21.90,5.48,true,1,
7290012367700,false,ק.גוף אפקטיב קר שיבול700,פישר מעבדות פרמצבטיות בע,IL,קרם גוף,מיליליטרים,700.00,"100 מ""ל",false,0,29.80,4.26,true,1,
7290012372155,false,"קמח כוסמין 80% 1 ק""ג","סופר קמח רובינפלד בע""מ",IL,קמח כוסמין,קילוגרמים,1.00,"ק""ג",false,1,16.10,16.10,true,1,
7290012404955,false,ספרינג קולקש.חמוציות1.25,"יפאורה תבורי בע""\מ",IL,ספרינג חמוציות,ליטרים,1.25,ליטר,false,0,11.90,9.52,true,1,
7290012491405,false,סבון לניקוי בקבוקים מוצץ,לה קרים,IL,סבון ניקוי בקבוק,מיליליטרים,230.00,"100 מ""ל",false,0,19.50,8.48,true,1,
7290012522581,false,שניצל תירס טבעול ל.גלוטן,טבעול,IL,שניצל תירס,גרמים,664.00,100 גרם,false,0,20.40,3.07,true,1,
7290012561405,false,דורות בצל חצי מטוגן 180,דורות,IL,בצל חצי מטוגן,גרמים,180.00,100 גרם,false,0,10.10,5.61,true,1,
7290012576607,false,"קברנה פרמייר 750 מ""ל",יקבי ברקן,IL,פרמייר קברנה,מיליליטרים,750.00,"100 מ""ל",false,0,24.70,3.29,true,1,
7290012576614,false,"ריזלינג פרמייר 750 מ""ל",יקבי ברקן שיווק והפצה בע,IL,פרמייר ריזלינג,מיליליטרים,750.00,"100 מ""ל",false,0,24.70,3.29,true,1,
7290012642852,false,פלפל אדום קלוי 540 גרם,סאטקו,BG,פלל אדום קלוי,גרמים,540.00,100 גרם,false,0,11.80,2.19,true,1,
7290012645174,false,גבינת עיזים 5% 200 גרם,חלב הארץ,IL,גבינת עיזים,גרמים,200.00,100 גרם,false,0,13.50,6.75,true,1,
7290012645389,false,יוגורט עיזים לשתיה 1 ל',מחלבת סוסיא,IL,יוגורט עיזים,ליטרים,1.00,ליטר,false,0,20.00,20.00,true,1,
7290012803215,false,"ופל בלגי ט.שוק.ללת""ס200ג","גילרו בע""\מ",IL,וופל בלגי,גרמים,200.00,100 גרם,false,0,8.40,4.20,true,1,
7290012803451,false,"שוק.מריר 62% ללת""ס 100ג",אלטינמארקה,TR,שוקולד מריר62%,גרמים,100.00,100 גרם,false,0,8.40,8.40,true,1,
7290012803765,false,"שוקולד מריר ללת""ס 100גרם",אלטינמארקה,TR,שוקולד מריר,גרמים,100.00,100 גרם,false,0,8.40,8.40,true,1,
7290012803796,false,"שוק.חלב אגוז ללת""ס 100ג",אלטינמארקה,TR,שוקולד חלב אגוז,גרמים,100.00,100 גרם,false,0,8.40,8.40,true,1,
7290012823237,false,תחליב רחצה קרמה בריזה700,,IL,קרמה תחליב רחצה,מיליליטרים,700.00,"100 מ""ל",false,0,15.30,2.19,true,1,
7290012823381,false,מקסימה ס.מרוכז סנסטיב 1ל,"סנו מפעלי ברונוס בע""\מ",IL,מרכך כביסה,ליטרים,1.00,ליטר,false,0,16.10,16.10,true,1,
7290012823398,false,מטליות ריצפז ניחוח מרכך,סנו מפעלי ברונו בעמ,IL,מטליות ריצפז,יחידה,1.00,יחידה,false,1,11.00,11.00,true,1,
7290012823541,false,מטליות ריצפז ניחוח לונדר,"סנו מפעלי ברונוס בע""\מ",IL,מטליות ריצפז,יחידה,1.00,יחידה,false,0,11.00,11.00,true,1,
7290012823947,false,מ.מקסימה פרפיום קריסט750,סנו מפעלי ברונוס בעמ,IL,מקסימה פרפיום,מיליליטרים,750.00,"100 מ""ל",false,0,16.10,2.15,true,1,
7290012884986,false,"ציפס לתנור 1.5 ק""ג","תעשיות תפוגן בע""\מ",IL,ציפס לתנור,קילוגרמים,1.50,"ק""ג",false,0,25.50,17.00,true,1,
7290012901355,false,ארוחת מקרוני עם גבינה206,הנדריקס פודס,US,ארוחת מקרוני,גרמים,206.00,100 גרם,false,1,11.00,5.34,true,1,
7290012901973,false,שעועית אדומה 400 גרם,יורוקום אס.אר.אל,IT,שעועית אדומה,גרמים,400.00,100 גרם,false,1,9.30,2.33,true,1,
7290012921056,false,בירה מלכה,,IL,בירה מלכה,מיליליטרים,330.00,"100 מ""ל",false,0,12.70,3.85,true,1,
7290012938405,false,רדיד אלומיניום רחב דיימו,ריינולדס,CN,רדיד אלומיניום,מטרים,7600.00,מטר,false,0,14.40,0.00,true,1,
7290012962448,false,מדליק פחם 250מל,S.C.B.V,NL,מדליק פחם,מיליליטרים,250.00,"100 מ""ל",false,0,8.30,3.32,true,1,
7290012962578,false,300צמרוני אוזניים בקופסא,LTD CO S.T.O,CN,צימרוני אוזניים,יחידה,1.00,יחידה,false,0,6.70,6.70,true,1,
7290013027399,false,לחם מלא+100%שיפון-קל750ג,מאפיית שלמה א. אנג'\ל בע,IL,אנג'ל -100קל,גרמים,750.00,100 גרם,false,0,13.50,1.80,true,1,
7290013083661,false,מטרנה אקסטרה קר שלב1 700,מטרנה תעשיות ש.מ,IL,מטרנה אקסטרה קר,גרמים,700.00,100 גרם,false,0,52.90,7.56,true,1,
7290013117427,false,בצק פריך מלוח 450X2גרם 0,"מעדנות בע""\מ",IL,בצק פריך,גרמים,900.00,100 גרם,false,0,22.50,2.50,true,1,
7290013121165,false,לחמניות נקניקיה,,IL,לחמניות נקניקיה,גרמים,460.00,100 גרם,false,0,15.30,3.33,true,1,
7290013144232,false,פודינג וניל 80 גרם,א.ל ייצור ושיווק תבלינים,IL,פודינג וניל,גרמים,80.00,100 גרם,false,0,4.10,5.13,true,1,
7290013144317,false,ג'וני גלילת וופל למילוי,הגביע,IL,ג'וני גלילת וופל,יחידה,1.00,יחידה,false,0,20.40,20.40,true,1,
7290013144393,false,"תמצית בטעם וניל 50 מ""ל",א.ל ייצור ושיווק תבלינים,IL,תמצית וניל,מיליליטרים,50.00,"100 מ""ל",false,0,4.70,9.40,true,1,
7290013144409,false,"תמצית בטעם רום 50 מ""ל",א.ל ייצור ושיווק תבלינים,IL,תמצית רום,מיליליטרים,50.00,"100 מ""ל",false,0,4.70,9.40,true,1,
7290013144911,false,מיקס שוק.ציפס250מריר/חלב,אינטרגטה תעשיות מזון 19),IL,מיקס שוקולד ציפס,גרמים,250.00,100 גרם,false,1,11.80,4.72,true,1,
7290013145796,false,"צבעי מאכל ג'ל 4 * 25 מ""ל",,IL,צבעי מאכל 4 יח,מיליליטרים,100.00,"100 מ""ל",false,1,42.60,42.60,true,1,
7290013145901,false,סודה לשתיה 100 גרם,א.ל ייצור ושיווק תבלינים,IL,סודה לשתיה,גרמים,100.00,100 גרם,false,0,1.90,1.90,true,1,
7290013145918,false,אבקת סוכר 100 גרם,א.ל. ייצור ושיווק תבליני,IL,אבקת סוכר,גרמים,100.00,100 גרם,false,0,1.90,1.90,true,1,
7290013145949,false,אבקת סוכר אריזת פטנט250ג,א.ל ייצור ושיווק תבלינים,IL,אבקת סוכר,גרמים,250.00,100 גרם,false,0,11.80,4.72,true,1,
7290013146663,false,קונפטי לקישוט 55 גרם,,IL,קונפטי לקישוט,גרמים,55.00,100 גרם,false,0,10.10,18.36,true,1,
7290013146670,false,לבבות לקישוט 60 גרם,,IL,לבבות לקישוט,גרמים,60.00,100 גרם,false,0,10.10,16.83,true,1,
7290013146755,false,קצפת צמחית מעודנ24% 500מ,,BG,קצפת צמחית,מיליליטרים,500.00,"100 מ""ל",false,1,8.40,1.68,true,1,
7290013156006,false,עוגיות מרוקאיות 350 גרם,אלף נשיקות,IL,עוגיות מרוקאיות,גרמים,350.00,100 גרם,false,1,16.10,4.60,true,1,
7290013156822,false,עוגיות רייף 350 גרם,אלף נשיקות,IL,עוגיות רייף,גרמים,350.00,100 גרם,false,1,16.10,4.60,true,1,
7290013156914,false,עוגיות כעך טוניסאי 350גר,אלף נשיקות,IL,עוגיות כעך טוניס,גרמים,350.00,100 גרם,false,1,16.10,4.60,true,1,
7290013215062,false,פטריות יער,חוות שמפניון,IL,מיקס פטריות יער,יחידה,1.00,יחידה,false,0,14.90,14.90,true,1,
7290013268020,false,מקסימה סופר מרוכז פרש 1ל,"סנו מפעלי ברונוס בע""\מ",IL,מרכך כביסה,ליטרים,1.00,ליטר,false,0,16.10,16.10,true,1,
7290013268242,false,ריצפז פרש מלון מפנק 2 ל,"סנו מפעלו ברונוס בע""\מ",IL,ריצפז פרש הום,ליטרים,2.00,ליטר,false,1,18.70,9.35,true,1,
7290013268891,false,אוקסיג'ן ג'ל 3ליטר,"סנו מפעלי ברונוס בע""\מ",IL,אוקסיג'ן ג'ל,ליטרים,3.00,ליטר,false,0,22.10,7.37,true,1,
7290013268990,false,מקסימה מרכך מרוכז ביו1ל,"סנו מפעלי ברונוס בע""\מ",IL,מקסימה מרכך,ליטרים,1.00,ליטר,false,0,16.10,16.10,true,1,
7290013269003,false,מקסימה מרכך בייבי 1 ליטר,"סנו מפעלי ברונוס בע""\מ",IL,מקסימה מרכך,ליטרים,1.00,ליטר,false,0,17.00,17.00,true,1,
7290013269263,false,מקסימה ג'ל כביסה 3ליטר,סנו מפעלי ברונוס בעמ,IL,מקסימה ג'ל,ליטרים,3.00,ליטר,false,0,30.40,10.13,true,1,
7290013269287,false,מקסימה ג'ל כביסה מאסק3ל,"סנו מפעלי ברונוס בע""\מ",IL,ג'ל כביסה מרוכז,ליטרים,3.00,ליטר,false,0,30.40,10.13,true,1,
7290013269621,false,ריצפז פרש הום בוטיק 2ל,סנו מפעלי ברונוס בעמ,IL,ריצפז פרש הום,ליטרים,2.00,ליטר,false,1,18.70,9.35,true,1,
7290013269751,false,10מטליות ריצפז מל.בוטיק,"סנו, ח.צ 520032988",IL,מטליות ריצפז,יחידה,1.00,יחידה,false,1,11.00,11.00,true,1,
7290013269911,false,סנו K333,,IL,סנו K333,מיליליטרים,750.00,"100 מ""ל",false,0,27.20,3.63,true,1,
7290013276124,false,בירה נגב אמבר אייל 330מל,הכרם משקאות חריפים בעמ,IL,בירה נגב אמבר,מיליליטרים,330.00,"100 מ""ל",false,1,12.70,3.85,true,1,
7290013284143,false,מלפפונים במלח,,IL,מלפפונים במלח,גרמים,560.00,100 גרם,false,0,6.60,1.18,true,1,
7290013284310,false,רוטב פסטה,,IL,רוטב פסטה,גרמים,240.00,100 גרם,false,0,5.50,2.29,true,1,
7290013310163,false,מדליק פחם מוצק 40 יחידות,BX.P,DE,מדליק פחם מוצק,יחידה,1.00,יחידה,false,0,6.60,6.60,true,1,
7290013366085,false,תירס מתוק במיוחד,כרמלים שדות חדשים,IL,תירס מתוק במיוחד,גרמים,800.00,100 גרם,false,1,19.90,2.49,true,1,
7290013366108,false,אספרגוס ירוק,כרמלים שדות חדשים,IL,אספרגוס ירוק,גרמים,400.00,100 גרם,false,1,31.90,7.98,true,1,
7290013366665,false,חסה גמביט קראנצית יחידה,כרמלים שדות חדשים,IL,חסה גמביט יחידה,יחידה,1.00,יחידה,false,1,11.90,11.90,true,1,
7290013453136,false,עוגיות כוסמין,,IL,עוגיות כוסמין,גרמים,230.00,100 גרם,false,0,21.10,9.17,true,1,
7290013453655,false,עוג.קוקוס לוז קמח שקד230,"דני וגלית בע""מ",IL,עוגיות קוקוס לוז,גרמים,230.00,100 גרם,false,1,22.10,9.61,true,1,
7290013585233,false,"ספרייט זירו 330 מ""ל",קוקה קולה,IL,ספרייט זירו,מיליליטרים,330.00,"100 מ""ל",false,1,4.60,1.39,true,1,
7290013585387,false,קולה זירו 1 ליטר,החברה המרכזית לייצור משק,IL,קולה זירו,ליטרים,1.00,ליטר,false,1,6.20,6.20,true,1,
7290013585394,false,קוקה קולה 1 ליטר,החברה המרכזית לייצור משק,IL,קוקה קולה,ליטרים,1.00,ליטר,false,1,6.40,6.40,true,1,
7290013585967,false,ספרייט זירו פחיות 330*6מ,קוקה קולה,IL,ספרייט זירו 6 פח,ליטרים,1.98,ליטר,false,1,21.50,10.86,true,1,
7290013608260,false,מיץ רימונים סחוט טרי 1ל',גניר,IL,מיץ רימונים,ליטרים,1.00,ליטר,false,0,22.80,22.80,true,1,
7290013652157,false,מגב.מסירי איפור רגיל30*3,פישר מעבדות פרמצבטיות בע,IL,מגבונים 3 יח,יחידה,1.00,יחידה,false,0,17.00,17.00,true,1,
7290013675545,false,שניצל כלי תחבורה 700 גרם,תנובה גליל שותפות מוגבלת,IL,שניצל כליתחבורה,גרמים,700.00,100 גרם,false,1,31.50,4.50,true,1,
7290013724946,false,שקדים בשוקולד מריר 160גר,,IL,שקד בשוקולד מריר,גרמים,160.00,100 גרם,false,0,12.60,7.88,true,1,
7290013724953,false,חמוציות בשוקולד חלב 160ג,,IL,חמוציות בשוקולד,גרמים,160.00,100 גרם,false,0,12.60,7.88,true,1,
7290013724991,false,אגוז לוז בשוקולד חלב160ג,שקדיה,IL,א.לוז בשוקולד,גרמים,160.00,100 גרם,false,0,12.60,7.88,true,1,
7290013725820,false,אגוזי לוז שוקולד מריר160,,IL,א.לוז בשוקולד,גרמים,160.00,100 גרם,false,0,12.60,7.88,true,1,
7290013787392,false,רביולי במילוי גבינות,דודו איטליאן פרודקטס בע\,IL,רביולי במילוי גב,גרמים,330.00,100 גרם,false,1,24.70,7.48,true,1,
7290013787408,false,רביולי בטטה 330 גרם,דודו איטליאן פרודקטס בע\,IL,רביולי בטטה,גרמים,330.00,100 גרם,false,1,24.70,7.48,true,1,
7290013787415,false,רביולי תרד וריקוטה,דודו איטליאן פרודקטס בע\,IL,רביולי תרד וריקו,גרמים,330.00,100 גרם,false,1,24.70,7.48,true,1,
7290013787422,false,פלין פטריות בטעם כמהין,דודו איטליאן פרודקטס בע\,IL,פלין פטריות בטעם,גרמים,330.00,100 גרם,false,1,24.70,7.48,true,1,
7290013847454,false,טונה סטארקיסט קנולה160*4,"טונה ויאטנם קו,. אל.טי.ד",VN,טונה בשמן 4 יח,גרמים,640.00,100 גרם,false,1,22.10,3.45,true,1,
7290013848758,false,ג'ל לכביסה בייבי 3 ליטר,"סנו מפעלי ברונוס בע""\מ",IL,ג'ל לכביסה בייבי,ליטרים,3.00,ליטר,false,0,33.20,11.07,true,1,
7290013861955,false,תערובת פיצוחים 200גרם,שקדיה,IL,תערובת פיצוחים,גרמים,200.00,100 גרם,false,0,20.20,10.10,true,1,
7290013861962,false,פיסטוק חלבי קלוי 200גרם,שקדיה,IL,פיסטוק קלוי,גרמים,200.00,100 גרם,false,0,20.20,10.10,true,1,
7290013906205,false,פסטרמה שום וצ'ילי 400 גר,טיב טירת צבי 2000,IL,פסטרמה שום+צ'לי,גרמים,400.00,100 גרם,false,0,23.80,5.95,true,1,
7290013906212,false,"נקניקיות וינר 1 ק""ג",טיב טירת צבי 2000,IL,נקניקיות וינר,קילוגרמים,1.00,"ק""ג",false,0,22.10,22.10,true,1,
7290013906441,false,קבנוס 120 גרם,טיב טירת צבי 2000,IL,קבנוס,גרמים,120.00,100 גרם,false,0,10.10,8.42,true,1,
7290013906489,false,חטיפי קבנוס 120 גרם,טיב טירת צבי 2000,IL,חטיפי קבנוס,גרמים,120.00,100 גרם,false,0,11.00,9.17,true,1,
7290013906687,false,צמד כפרי ברביקיו 600גרם,טיב טירת צבי 2000,IL,צמד כפרי ברביקיו,גרמים,600.00,100 גרם,false,8,27.20,4.53,true,1,
7290013906694,false,"נקניקיות עוף 1.5 ק""ג 150",טיב טירת צבי 2000,IL,נקניקיות עוף 1.5,גרמים,1500.00,100 גרם,false,1,34.10,2.27,true,1,
7290013927156,false,"עוגה ללת""ס פ.יער450ג","אחדות בע""מ א.ת. ברקן",IL,עוגת פירות יער,גרמים,450.00,100 גרם,false,0,10.10,2.24,true,1,
7290014002197,false,חליטת קמומיל ולימונית25ש,ויסוצקי,IL,חליטת קמומיל,גרמים,75.00,100 גרם,false,0,17.00,22.67,true,1,
7290014002203,false,חליטת לימונית לואיזה 25ש,ויסוצקי,IL,חליטת לימונית,גרמים,75.00,100 גרם,false,0,17.00,22.67,true,1,
7290014002944,false,חליטת חמדת שקד גן קסום25,ויסוצקי,IL,חליטת חמדת שקד,גרמים,57.00,100 גרם,false,0,17.00,29.82,true,1,
7290014002982,false,תה ירוק סטיביה+לימונית25,ויסוצקי,IL,תה ירוק סטיביה,גרמים,37.00,100 גרם,false,0,22.90,61.89,true,1,
7290014015135,false,בצלצלי פנינה לשיפודים,קטיף.,IL,בצלצלי פנינה,קילוגרמים,0.00,"ק""ג",true,1,16.90,16.90,true,1,
7290014046474,false,"נקניקיות עוף 1.5 ק""ג",יחיעם,IL,נקניקיות עוף,קילוגרמים,1.50,"ק""ג",false,0,23.80,15.87,true,1,
7290014094260,false,שיני שום קלופות,יאנונינגלנאגג פרודיס לטד,CN,שיני שום קלופות,גרמים,160.00,100 גרם,false,1,11.90,7.44,true,1,
7290014095021,false,אגוז מלך טבעי150ג שקדיה,שקדיה,IL,אגוז מלך קלוף,גרמים,150.00,100 גרם,false,0,11.80,7.87,true,1,
7290014095052,false,פקאן מסוכר 150גרם,שקדיה,IL,פקאן מסוכר,גרמים,150.00,100 גרם,false,1,16.00,10.67,true,1,
7290014217010,false,תערובת  לדגים במיכל90ג,תבליני טעם וריח,IL,תערובת לדגים,גרמים,90.00,100 גרם,false,0,11.70,13.00,true,1,
7290014217157,false,תערובת תיבול טוסקנה120ג,תבליני טעם וריח,IL,תערובת טוסקנה,גרמים,120.00,100 גרם,false,1,8.50,7.08,true,1,
7290014217171,false,תערובת תיבול גריל דג100ג,תבליני טעם וריח,IL,תערובת תיבול דג,גרמים,100.00,100 גרם,false,1,9.30,9.30,true,1,
7290014217201,false,סומק מיכל 45 גרם,תבליני טעם וריח,IL,סומק במיכל,גרמים,45.00,100 גרם,false,1,5.90,13.11,true,1,
7290014217263,false,תערובת תיבול לפרגיות100ג,תבליני טעם וריח,IL,תערובת לפרגיות,גרמים,100.00,100 גרם,false,1,10.10,10.10,true,1,
7290014217362,false,תיבול לקציצות 100 גרם,תבליני טעם וריח,IL,תיבול לקציצות,גרמים,100.00,100 גרם,false,0,10.00,10.00,true,1,
7290014217492,false,תערובת תיבול פילדלפיה100,תבליני טעם וריח,IL,תערובת תבלינים,גרמים,100.00,100 גרם,false,1,10.10,10.10,true,1,
7290014217522,false,תערובת לחם שום 100 גרם,תבליני טעם וריח,IL,תערובת לחם שום,גרמים,100.00,100 גרם,false,1,9.30,9.30,true,1,
7290014217973,false,צ'ילי חריף 150 גרם,"תבליני טעם וריח בע""\מ",IL,צ'ילי חריף,גרמים,150.00,100 גרם,false,1,12.70,8.47,true,1,
7290014218932,false,חטיפי פיצה בתוספת זיתים,"מעדנות בע""\מ",IL,חטיפי פיצה בתוספ,גרמים,710.00,100 גרם,false,1,32.30,4.55,true,1,
7290014256620,false,קריניאנו מבעבע באזז750מ,יקבי כרמל,IL,קריניאנו באזז,מיליליטרים,750.00,"100 מ""ל",false,0,25.60,3.41,true,1,
7290014256637,false,מוסקטו מבעבע באזז 750 מל,יקבי כרמל,IL,מוסקטו באזז,מיליליטרים,750.00,"100 מ""ל",false,0,25.60,3.41,true,1,
7290014321014,false,שמן קוקוס אורגני 1 ליטר,Serendipol,LK,ש.קוקוס אורגני1ל,מיליליטרים,1000.00,"100 מ""ל",false,0,64.40,6.44,true,1,
7290014397729,false,אקונומיקה פיסגה,,IL,אקונומיקה פיסגה,ליטרים,2.00,ליטר,false,0,9.80,4.90,true,1,
7290014455252,false,גרנה פדנו מגורדת 100 גרם,,IT,גבינה גרנה פדנו,גרמים,100.00,100 גרם,false,1,11.00,11.00,true,1,
7290014455320,false,כדור מוצרלה פרסקה 100גרם,מחלבות גד,IL,מוצרלה פרסקה,גרמים,100.00,100 גרם,false,1,8.70,8.70,true,1,
7290014455467,false,מעדן שיבולת שועל 150 גרם,מחלבות גד,IL,מעדן שיבולת שועל,גרמים,150.00,100 גרם,false,1,5.10,3.40,true,1,
7290014459373,false,"ציפס קראנצי לתנור 1.5ק""ג","תעשיות תפוגן בע""\מ",IL,ציפס קראנצי,גרמים,1500.00,100 גרם,false,1,24.70,1.65,true,1,
7290014525016,false,סלים פרוט יוגורט תות 5י,סלים פרוטס,ES,חטיפי דגנים מרבה,גרמים,182.00,100 גרם,false,0,11.00,6.04,true,1,
7290014578777,false,קוקוס תאילנדי,,TH,קוקוס תאילנדי,יחידה,1.00,יחידה,false,0,17.90,17.90,true,1,
7290014674004,false,פירורים קריספ שומ+מלח300,,IL,פירורי לחם קריספ,גרמים,300.00,100 גרם,false,1,6.70,2.23,true,1,
7290014692299,false,גבינת ברי,,DK,גבינת ברי,גרמים,125.00,100 גרם,false,0,18.00,14.40,true,1,
7290014692305,false,קממבר,,DK,קממבר,גרמים,125.00,100 גרם,false,0,18.00,14.40,true,1,
7290014749078,false,מקלוני קבנוס 200 גרם,עוף טוב,IL,מקלוני קבנוס,גרמים,200.00,100 גרם,false,1,16.10,8.05,true,1,
7290014749245,false,צ'ונגו רצועות שניצל 600,מוצרי עוף טוב (2001) בע\,IL,צ'ונגו רצועות,גרמים,600.00,100 גרם,false,1,29.80,4.97,true,1,
7290014758117,false,יוגורט ביו 8 יח,,IL,יוגורט ביו 8 יח,קילוגרמים,1.20,"ק""ג",false,0,14.70,12.25,true,1,
7290014758162,false,חלב עיזים מלא 1ל,,IL,חלב עיזים מלא 1ל,ליטרים,1.00,ליטר,false,0,13.40,13.40,true,1,
7290014759084,false,גבינת נפוליאון,,IL,גבינת נפוליאון,גרמים,225.00,100 גרם,false,0,12.80,5.69,true,1,
7290014759978,false,גבינת קשקבל / גלעד 200גר,תנובה,IL,גב.קשקבל / גלעד,גרמים,200.00,100 גרם,false,0,24.30,12.15,true,1,
7290014760141,false,משקה שקדים טרי 1 ליטר,סוי מג'יק,IL,משקה שקדים,ליטרים,1.00,ליטר,false,1,11.00,11.00,true,1,
7290014761056,false,יולו שוקולד חלב,,IL,יולו שוקולד חלב,גרמים,123.00,100 גרם,false,0,4.20,3.41,true,1,
7290014761063,false,יולו שוקולד מריר,,IL,יולו שוקולד מריר,גרמים,123.00,100 גרם,false,0,4.20,3.41,true,1,
7290014761070,false,יולו שוקולד לבן,,IL,יולו שוקולד לבן,גרמים,123.00,100 גרם,false,0,4.20,3.41,true,1,
7290014761414,false,יולו שכבות שוקו.,,IL,יולו שכבות שוקו.,גרמים,123.00,100 גרם,false,0,4.20,3.41,true,1,
7290014762800,false,מעדן סויה טעם שוקולד125ג,סוי מג'יק,IL,מעדן סויה ט.שוקו,גרמים,125.00,100 גרם,false,1,3.50,2.80,true,1,
7290014789913,false,עוגיות אוראו 176*3 גרם,מונדלייז,UA,עוגיות אוראו 3יח,גרמים,528.00,100 גרם,false,0,20.40,3.86,true,1,
7290014890572,false,יוגורט עיזים3.5% ביו850ג,גבינות משק יעקבס,IL,יוגורט עיזים,גרמים,850.00,100 גרם,false,1,17.00,2.00,true,1,
7290014901247,false,"שמפו קרטין סטייל 750 מ""ל",א.ל ארמן,IL,שמפו קרטין,מיליליטרים,750.00,"100 מ""ל",false,0,22.90,3.05,true,1,
7290014910515,false,שפרוטים מעושנים 250 גרם,סיא אונדה,LV,שפרוטים מעושנים,גרמים,250.00,100 גרם,false,1,11.00,4.40,true,1,
7290014940901,false,לחם פשוט מלא 750 גרם,מאפיית שלמה א. אנג'\ל בע,IL,לחם מלא,גרמים,750.00,100 גרם,false,1,13.50,1.80,true,1,
7290015009294,false,פרמג'אנו רג'יאנו 170גרם,ביג גראנה,IT,גבינת פרמג'אנו,גרמים,170.00,100 גרם,false,1,35.00,20.59,true,1,
7290015009317,false,נאצ'וס תירס טבעי 200 גרם,אוקיי סנקס,DK,נאצ'וס תירס טבעי,גרמים,200.00,100 גרם,false,1,12.30,6.15,true,1,
7290015009324,false,נאצ'וס ברביקיו 200 גרם,אוקיי סנקס,DK,נאצ'וס ברביקיו,גרמים,200.00,100 גרם,false,1,12.30,6.15,true,1,
7290015039338,false,נתחי טונה במים,,TH,נתחי טונה במים,גרמים,640.00,100 גרם,false,0,19.50,3.05,true,1,
7290015055000,false,עגבניה שרי ליקופ,,IL,עגבניה שרי ליקופ,גרמים,460.00,100 גרם,false,0,10.90,2.37,true,1,
7290015129145,false,אטריות קונגאק,,CN,אטריות קונגאק,גרמים,270.00,100 גרם,false,0,9.30,3.44,true,1,
7290015139250,false,"שוק.מריר פצפוצי ללת""ס85ג","כרמית תעשיות ממתקים בע""\",IL,שוקולד מריר,גרמים,85.00,100 גרם,false,1,5.00,5.88,true,1,
7290015139267,false,"שוק.מריר שקדים ללת""ס85גר","כרמית תעשיות ממתקים בע""\",IL,שוקולד מריר,גרמים,85.00,100 גרם,false,1,5.00,5.88,true,1,
7290015155823,false,חטיפטף פרינוק תפוח 120 ג,פרוטה פודיווין,CZ,חטיפטף פרינוק,גרמים,120.00,100 גרם,false,1,5.50,4.58,true,1,
7290015155830,false,חטיפטף פרינוק תפוח בננה,,CZ,חטיפטף פרינוק,גרמים,120.00,100 גרם,false,1,5.50,4.58,true,1,
7290015155847,false,חטיפטף פרינוק פירות120ג,פרוטה פודיווין,CZ,חטיפטף פרינוק,גרמים,120.00,100 גרם,false,1,5.50,4.58,true,1,
7290015164856,false,מחית קארי אדומה,,TH,מחית קארי אדומה,גרמים,400.00,100 גרם,false,0,17.80,4.45,true,1,
7290015324007,false,פלפל שחור גרוס בשקית80ג,תבליני טעם וריח,IL,פלפל שחור גרוס,גרמים,80.00,100 גרם,false,0,10.10,12.63,true,1,
7290015324014,false,פלפל שחור טחון בשקית80ג,תבליני טעם וריח,IL,פלפל שחור טחון,גרמים,80.00,100 גרם,false,0,10.10,12.63,true,1,
7290015324076,false,זעתר בשקית 80 גרם,תבליני טעם וריח,IL,זעתר,גרמים,80.00,100 גרם,false,0,5.90,7.38,true,1,
7290015324083,false,מלח לימון בשקית 80 גרם,תבליני טעם וריח,IL,מלח לימון,גרמים,80.00,100 גרם,false,0,5.80,7.25,true,1,
7290015324090,false,כמון בשקית 80 גרם,תבליני טעם וריח,IL,כמון,גרמים,80.00,100 גרם,false,0,5.90,7.38,true,1,
7290015324106,false,כורכום בשקית 80 גרם,תבליני טעם וריח,IL,כורכום,גרמים,80.00,100 גרם,false,0,5.90,7.38,true,1,
7290015324717,false,מחית שום 210 גרם,ליני קאטייאמה פודסטאפס ב,CN,מחית שום,גרמים,210.00,100 גרם,false,1,12.70,6.05,true,1,
7290015324724,false,מחית צ'ילי חריף 230 גרם,ליני קאטייאמה פודסטאפס ב,CN,מחית צ'ילי חריף,גרמים,230.00,100 גרם,false,1,12.70,5.52,true,1,
7290015324731,false,מחית ג'ינג'ר 210 גרם,ליני קאטייאמה פודסטאפס ב,CN,מחית ג'ינג'ר,גרמים,210.00,100 גרם,false,1,12.70,6.05,true,1,
7290015324748,false,מחית שום וג'ינג'ר 210 גר,ליני קאטייאמה פודסטאפס ב,CN,מחית שום וג'ינגר,גרמים,210.00,100 גרם,false,1,12.70,6.05,true,1,
7290015335607,false,מעדן ביו טבעי 150 גרם,ניה סחר ומזון,IL,מעדן ביו טבעי,גרמים,150.00,100 גרם,false,1,5.90,3.93,true,1,
7290015350136,false,"פרי ראן קברנה 750 מ""ל",סי.זי.איי.אס בעמ,IL,קברנה סובניון,מיליליטרים,750.00,"100 מ""ל",false,1,55.50,7.40,true,1,
7290015350143,false,"פרי ראן מרלו 750 מ""ל",סי.זי.איי.אס בעמ,IL,יין מרלו,מיליליטרים,750.00,"100 מ""ל",false,1,55.50,7.40,true,1,
7290015350150,false,אדום חצי יבש של סגל750מל,"כרמי צבי - אחים סגל בע""\",IL,יין אדום חצי יבש,מיליליטרים,750.00,"100 מ""ל",false,1,18.70,2.49,true,1,
7290015470094,false,"שוק.מריר תפוז ללת""ס100גר",אלטינמארקה,TR,שוקולד מריר ללתס,גרמים,100.00,100 גרם,false,1,8.40,8.40,true,1,
7290015596817,false,אפקטיב קר ק.גוף קוקוס450,פישר מעבדות פרמצבטיות בע,IL,קרם גוף אפקטיב,מיליליטרים,450.00,"100 מ""ל",false,1,21.20,4.71,true,1,
7290015597210,false,מאגדת קורנטו וניל 378 גר,"גלידת שטראוס בע""\מ, רחוב",IL,מאגדת קורנטו וני,גרמים,378.00,100 גרם,false,1,29.80,7.88,true,1,
7290015599023,false,צהובה טבעונית,,GR,צהובה טבעונית,גרמים,200.00,100 גרם,false,0,20.70,10.35,true,1,
7290015599030,false,צהובה טבעונית,,GR,צהובה טבעונית,גרמים,200.00,100 גרם,false,0,20.70,10.35,true,1,
7290015599061,false,צהובה טבעונית מוצרלה200ג,אריויה ס.א.,GR,צהובה טבעונית,גרמים,200.00,100 גרם,false,1,20.70,10.35,true,1,
7290015599078,false,צהובה טבעונית,,GR,צהובה טבעונית,גרמים,200.00,100 גרם,false,0,20.70,10.35,true,1,
7290015599283,false,חביתה טבעונית 250 גרם,א.ל.ייצור ושיווק תבלינים,IL,חביתה טבעונית,גרמים,250.00,100 גרם,false,1,24.40,9.76,true,1,
7290015599504,false,ממרח טעם חמאה אורגני225ג,דראגסבייאק,DK,ממרח טעם חמאה,גרמים,225.00,100 גרם,false,1,16.10,7.16,true,1,
7290015599733,false,קובה מן הצומח 400 גרם,,IL,קובה מן הצומח,גרמים,400.00,100 גרם,false,1,25.50,6.38,true,1,
7290015603195,false,איטריות תרד 454 גרם,פוגיאן לונגהי אנלידה אינ,CN,איטריות תרד,גרמים,454.00,100 גרם,false,1,9.30,2.05,true,1,
7290015603560,false,"קרם קוקוס 20-22% 400 מ""ל",אסיאטיק אגרו אינדוסטרי,TH,קרם קוקוס,מיליליטרים,400.00,"100 מ""ל",false,1,9.30,2.33,true,1,
7290015603584,false,ג'ינג'ר לבן כבוש 160 גרם,ליו,CN,ג'ינג'ר לבן כבוש,גרמים,160.00,100 גרם,false,1,7.60,4.75,true,1,
7290015603591,false,ג'ינג'ר ורוד 160 גרם,FOODS TAIFENG LAIWU,CN,ג'ינג'ר ורוד,גרמים,160.00,100 גרם,false,1,7.60,4.75,true,1,
7290015726115,false,לחם שאור קמח מלא אפוי670,מאפ גדרון,IL,לחם שאור קמח מלא,גרמים,670.00,100 גרם,false,11,15.20,2.27,true,1,
7290015726504,false,עוגת פס מוס ריבת חלב650ג,גידרון,IL,עוגת פס מוס,גרמים,650.00,100 גרם,false,1,42.60,6.55,true,1,
7290015726764,false,עוגיות כעכים מלוחים 500ג,,IL,עוגיות כעכים,גרמים,500.00,100 גרם,false,1,15.30,3.06,true,1,
7290015781008,false,"יין ויז'ן מרלו 750 מ""ל","יקב טפרברג 1870 בע""מ",IL,יין ויז'ן מרלו,מיליליטרים,750.00,"100 מ""ל",false,1,36.70,4.89,true,1,
7290015781015,false,"יין ויז'ן מלבק 750 מ""ל","יקב טפרברג 1870 בע""מ",IL,יין ויז'ין מלבק,מיליליטרים,750.00,"100 מ""ל",false,1,36.70,4.89,true,1,
7290015781046,false,יין ויז'ן לבן חצי יבש750,"יקב טפרברג 1870 בע""מ",IL,יין ויז'ן לבן,מיליליטרים,750.00,"100 מ""ל",false,1,36.70,4.89,true,1,
7290015781053,false,יין ויז'ן לבן יבש 750 מל,"יקב טפרברג 1870 בע""מ",IL,יין ויז'ן לבן,מיליליטרים,750.00,"100 מ""ל",false,1,36.70,4.89,true,1,
7290015781091,false,"קברנה ויז'ן 750 מ""ל","יקב טפרברג 1870 בע""מ",IL,קברנה ויז'ן,מיליליטרים,750.00,"100 מ""ל",false,1,36.70,4.89,true,1,
7290015781121,false,"קברנה אימפרשן 750 מ""ל","יקב טפרברג 1870 בע""מ",IL,יין קברנה,מיליליטרים,750.00,"100 מ""ל",false,1,38.40,5.12,true,1,
7290015781152,false,"יין רוזה אימפרשן 750 מ""ל","יקב טפרברג 1870 בע""מ",IL,יין רוזה,מיליליטרים,750.00,"100 מ""ל",false,1,38.40,5.12,true,1,
7290015781169,false,יין חצי יבש אימפרשן 750,"יקב טפרברג 1870 בע""מ",IL,יין חצי יבש,מיליליטרים,750.00,"100 מ""ל",false,1,38.40,5.12,true,1,
7290015790000,false,גרגירי רימונים,רון שיווק,IL,גרגירי רימונים,גרמים,250.00,100 גרם,false,0,15.90,6.36,true,1,
7290015856768,false,פירורי עוגיות קרמל 250ג,אפיפית,IL,פירורי עוגיות,גרמים,250.00,100 גרם,false,1,5.90,2.36,true,1,
7290015858106,false,פסטו ביתי 180 גרם,"מדשא תעשיות מזון בע""\מ",IL,פסטו ביתי,גרמים,180.00,100 גרם,false,1,15.30,8.50,true,1,
7290015858144,false,ממרח ארטישוק 180 גרם,"מדשא תעשיות מזון בע""\מ",IL,ממרח ארטישוק,גרמים,180.00,100 גרם,false,1,15.30,8.50,true,1,
7290015858328,false,עללחם  איולי פסטו 295 גר,"מדשא תעשיות מזון בע""\מ",IL,איולי פסטו,גרמים,295.00,100 גרם,false,1,14.40,4.88,true,1,
7290015858441,false,איולי פלפלים 295 גרם,"מדשא תעשיות מזון בע""\מ",IL,איולי פלפלים,גרמים,295.00,100 גרם,false,1,14.40,4.88,true,1,
7290015858687,false,עללחם איולי שום 295 גרם,"מדשא תעשיות מזון בע""\מ",IL,איולי שום,גרמים,295.00,100 גרם,false,1,14.40,4.88,true,1,
7290015858694,false,עללחם איולי שום לימון295,"מדשא תעשיות מזון בע""\מ",IL,איולי שום לימון,גרמים,295.00,100 גרם,false,1,14.40,4.88,true,1,
7290015865708,false,תענוג פרי אוכמניות 400 ג,ענבי ציון,IL,תענוג פרי אוכמני,גרמים,400.00,100 גרם,false,1,16.10,4.03,true,1,
7290015865715,false,תענוג פרי פירות יער400ג,ענבי ציון,IL,תענוג פרי,גרמים,400.00,100 גרם,false,1,16.10,4.03,true,1,
7290016087116,false,רוטב עגב.לפסטה מרוקאי240,פריניר,IL,רוטב עגבניות,גרמים,240.00,100 גרם,false,1,5.50,2.29,true,1,
7290016094022,false,אולטרסול ספריי שקוףSPF50,פישר מעבדות פרמצבטיות בע,IL,אולטרסול ספריי,מיליליטרים,200.00,"100 מ""ל",false,1,51.20,25.60,true,1,
7290016096507,false,טונה בשמן קנולה80*3 גרם,תעשיות פילטונה,IL,3טונה בשמן קנולה,גרמים,240.00,100 גרם,false,1,11.80,4.92,true,1,
7290016114300,false,נ.ט. לילי גליל כפול 16,חוגלה קימברלי,IL,נייר טואלט לילי,מטרים,588.00,100 מטר,false,1,32.30,5.49,true,1,
7290016146455,false,שוקולד תבור100%ביו 100ג,שקד תבור,IL,שוקולד תבור% 100,גרמים,100.00,100 גרם,false,1,15.30,15.30,true,1,
7290016197488,false,מטלית למשטחים 3יח,INC UFO,CN,מטלית למשטחים,יחידה,1.00,יחידה,false,1,11.00,11.00,true,1,
7290016197617,false,דיפנד תחבושות  אקסטרה10י,קימברלי קלארק,VN,תחבושות דיפנד,יחידה,1.00,יחידה,false,1,17.00,17.00,true,1,
7290016217711,false,איקרה לבנה 200 גרם,,IL,איקרה לבנה,גרמים,200.00,100 גרם,false,1,15.30,7.65,true,1,
7290016217728,false,איקרה אדומה 200 גרם,,IL,איקרה אדומה,גרמים,200.00,100 גרם,false,1,15.30,7.65,true,1,
7290016234008,false,אנשובי בשמן זית צנצנ100ג,אינוורסינס פריסקו,PE,אנשובי בשמן זית,גרמים,100.00,100 גרם,false,1,11.00,11.00,true,1,
7290016245769,false,לחם כוסמין 600 גרם,ביכורים,IL,לחם כוסמין,גרמים,600.00,100 גרם,false,1,16.10,2.68,true,1,
7290016246445,false,טחינה מעודנת שומש.מלא310,"רושדי תעשיות מזון בע""\מ",IL,טחינה מעודנת,גרמים,310.00,100 גרם,false,1,11.80,3.81,true,1,
7290016273090,false,סוכריה על מקל בטעמים31גר,,US,סוכריה על מקל,גרמים,31.00,100 גרם,false,1,4.20,13.55,true,1,
7290016314779,false,פילה מטיאס הולנדי 200גרם,,IL,פילה מטיאס,גרמים,200.00,100 גרם,false,1,19.50,9.75,true,1,
7290016314786,false,הרינג כבוש עם בצל 220 גר,,IL,הרינג כבוש,גרמים,220.00,100 גרם,false,1,19.50,8.86,true,1,
7290016314793,false,מקרל מעושן פרוס בשמן190ג,,IL,מקרל מעושן,גרמים,190.00,100 גרם,false,1,19.50,10.26,true,1,
7290016314847,false,סלמון מובחר 100גרם,,IL,סלמון מובחר,גרמים,100.00,100 גרם,false,1,17.80,17.80,true,1,
7290016319187,false,עוג.סנדוויץ שוקו ללתס300,אפיפית,IL,עוגיות סנדוויץ,גרמים,300.00,100 גרם,false,1,15.30,5.10,true,1,
7290016329278,false,מגבונים לתינוק קמיל בלו,פישר מעבדות פרמצבטיות בע,IL,מגבונים קמיל בלו,יחידה,1.00,יחידה,false,1,18.70,18.70,true,1,
7290016372489,false,חליטת ג'ינג'ר ולימון 20ש,ויסוצקי,IL,חליטת ג'ינג'ר,גרמים,37.00,100 גרם,false,1,17.00,45.95,true,1,
7290016372991,false,חליטת קמומיל 20 שק1.5*ג,ויסוצקי,IL,חליטת קמומיל,גרמים,30.00,100 גרם,false,1,11.80,39.33,true,1,
7290016497243,false,ביגלה רומני 150גרם,גידרון,IL,ביגלה רומני,גרמים,150.00,100 גרם,false,1,4.90,3.27,true,1,
7290016497526,false,בגט אותנטי לבן אפוי 280ג,מאפ גדרון,IL,בגט אותנטי לבן,גרמים,280.00,100 גרם,false,1,7.20,2.57,true,1,
7290016509304,false,סבון אסלה סוד לבנדר 50 ג,הנקל,RS,סבון אסלה סוד,גרמים,50.00,100 גרם,false,1,6.70,13.40,true,1,
7290016509342,false,סבון אסלה כחול אקטיב50*3,הנקל,HU,סבון אסלה 3 יח,גרמים,150.00,100 גרם,false,1,17.00,11.33,true,1,
7290016509786,false,ג'ל כביסה פרסיל 2.5 ליטר,"הנקל סוד בע""\מ",IL,ג'ל כביסה פרסיל,ליטרים,2.50,ליטר,false,1,31.50,12.60,true,1,
7290016509809,false,ג'ל כב.פרסיל קולור 2.5 ל,"הנקל סוד בע""\מ",IL,ג'ל כביסה פרסיל,ליטרים,2.50,ליטר,false,1,31.50,12.60,true,1,
7290016621365,false,אל סבון כחול קמיל 1ליטר,פישר מעבדות פרמצבטיות בע,IL,אל סבון קמיל,ליטרים,1.00,ליטר,false,1,13.80,13.80,true,1,
7290016682243,false,מיץ 100%אשכולית אדומה 1ל,,IL,מיץ אשכולית אדומ,ליטרים,1.00,ליטר,false,1,13.80,13.80,true,1,
7290016682250,false,מיץ תפוגזר 1 ליטר,פריניב,IL,מיץ תפוגזר,מיליליטרים,1000.00,"100 מ""ל",false,1,13.50,1.35,true,1,
7290016682335,false,מיץ תפוזים סחוט 2 ליטר,,IL,מיץ תפוזים סחוט,ליטרים,2.00,ליטר,false,0,23.00,11.50,true,1,
7290016682359,false,מיץ תפוזים סחוט שמוטי2ל,,IL,מיץ תפוזים סחוט,ליטרים,2.00,ליטר,false,0,22.10,11.05,true,1,
7290016717754,false,"יין ישן נושן 750 מ""ל",אגודת הכורמים הקואופרטיב,IL,יין ישן נושן,מיליליטרים,750.00,"100 מ""ל",false,1,18.70,2.49,true,1,
7290016717976,false,"אפרסק מבעבע באזז 750 מ""ל",,IL,ספארקלינג אפרסק,מיליליטרים,750.00,"100 מ""ל",false,1,25.60,3.41,true,1,
7290016823059,false,טימין יחידה,מרינה,IL,טימין יחידה,יחידה,1.00,יחידה,false,1,6.90,6.90,true,1,
7290016866643,false,"משחה פרודונטקס פרש 75מ""ל",MICLEN DE,SK,משחה פרודונטקס,מיליליטרים,75.00,"100 מ""ל",false,1,28.10,37.47,true,1,
7290016866650,false,מש.פרודונטקס אוריגינל75מ,MICLEN DE,SK,משחה פרודונטקס,מיליליטרים,75.00,"100 מ""ל",false,1,28.10,37.47,true,1,
7290016866674,false,משחה פרודונטקס מלבינה75מ,MICLEN DE,SK,משחה פרודונטקס,מיליליטרים,75.00,"100 מ""ל",false,1,28.10,37.47,true,1,
7290016967074,false,לחם אנג'ל חיטה מלאה750ג,מאפיית שלמה א. אנג'\ל בע,IL,אנג'ל חיטה מלאה,גרמים,750.00,100 גרם,false,1,15.30,2.04,true,1,
7290016967456,false,לחם מחמצת כוסמין 600 גרם,מאפיית שלמה א.אנג'\ל,IL,לחם מחמצת,גרמים,600.00,100 גרם,false,1,16.10,2.68,true,1,
7290016980004,false,בטטה סגולה,קטיף.,IL,בטטה סגולה,קילוגרמים,0.00,"ק""ג",true,1,9.90,9.90,true,1,
7290016980103,false,בייבי בטטה שקיל,קטיף.,IL,בייבי בטטה,קילוגרמים,0.00,"ק""ג",true,1,9.90,9.90,true,1,
7290017046112,false,עוגיות כתר ריבה,,IL,עוגיות כתר,גרמים,500.00,100 גרם,false,1,15.30,3.06,true,1,
7290017046136,false,עוגיות פרסה,,IL,עוגיות פרסה,גרמים,500.00,100 גרם,false,1,15.30,3.06,true,1,
7290017065007,false,מוצרלה פרוסות22% 150 גרם,מחלבות גד,IL,מוצרלה פרוסות,גרמים,150.00,100 גרם,false,1,16.60,11.07,true,1,
7290017065137,false,ריקוטה למריחה 5% 200 גרם,מחלבות גד,IL,ריקוטה למריחה,גרמים,200.00,100 גרם,false,1,9.10,4.55,true,1,
7290017065236,false,בולגרית מעודנת 24% 250 ג,"מחלבות גד בע""\מ",IL,בולגרית מעודנת,גרמים,250.00,100 גרם,false,1,19.90,7.96,true,1,
7290017065526,false,קוואטרו פורמאגי 300 גרם,"מחלבות גד בע""\מ",IL,קוואטרו פורמאגי,גרמים,300.00,100 גרם,false,1,25.50,8.50,true,1,
7290017105062,false,חומוס שלם יכין 200 גרם,"זנלכל בע""\מ",IL,חומוס שלם יכין,גרמים,200.00,100 גרם,false,1,3.80,1.90,true,1,
7290017105468,false,אפונה קטנה 200*3 גרם,"זנלכל בע""\מ",IL,אפונה קטנה 3 יח,גרמים,600.00,100 גרם,false,1,12.70,2.12,true,1,
7290017106069,false,קוביות סלק 550 גרם,זנלכל,IL,קוביות סלק,גרמים,550.00,100 גרם,false,1,8.40,1.53,true,1,
7290017129495,false,אגו מיקס כ.תירס 55 גרם,כרמית תעשיות ממתקים בעמ,IL,אגו מיקס כ.תירס,גרמים,55.00,100 גרם,false,1,5.00,9.09,true,1,
7290017129518,false,אגו מיקס חלב ולבן 55 גרם,כרמית,IL,אגו מיקסים,גרמים,55.00,100 גרם,false,1,5.00,9.09,true,1,
7290017142111,false,טונה טו גו בשמן זית 85 ג,יוניקורד ח.צ בעמ,TH,פתיתי טונה,גרמים,85.00,100 גרם,false,1,7.60,8.94,true,1,
7290017142128,false,שמ.זית כתית מעול.קלאס750,שמן תעשיות בעמ,IT,שמן זית כתית,מיליליטרים,750.00,"100 מ""ל",false,1,28.90,3.85,true,1,
7290017142159,false,טונה בהירה בשמן זית80*3ג,יוניקורד ח.צ בעמ,TH,טונה בהירה,גרמים,240.00,100 גרם,false,1,21.20,8.83,true,1,
7290017142364,false,שמן זרעי דלעת לא מזוכ250,גאה די.או.או,SI,שמן זרעי דלעת,מיליליטרים,250.00,"100 מ""ל",false,1,36.60,14.64,true,1,
7290017142371,false,שמן שומשום לא מזוכך250מל,גאה די.או.או,SI,שמן שומשום,מיליליטרים,250.00,"100 מ""ל",false,1,28.10,11.24,true,1,
7290017142395,false,פסטה+טונה בשמן זית 160ג,יוניקורד ח.צ בעמ,TH,פסטה עם טונה,גרמים,160.00,100 גרם,false,1,12.70,7.94,true,1,
7290017142487,false,בורגול עם טונה וחומוס160,יוניקורד ח.צ בעמ,TH,בורגול עם טונה,גרמים,160.00,100 גרם,false,1,12.70,7.94,true,1,
7290017217321,false,נרות חימום לבנדר 50 יח,LTD T.G.C,CN,נרות חימום,יחידה,1.00,יחידה,false,1,10.10,10.10,true,1,
7290017217338,false,נרות חימוםוניל 50 יח,LTD T.G.C,CN,נרות חימום,יחידה,1.00,יחידה,false,1,11.80,11.80,true,1,
7290017217710,false,"שיפודי במבוק 15 ס""מ 100",W.H.J.C.CO,CN,שיפודי במבוק,יחידה,1.00,יחידה,false,1,9.30,9.30,true,1,
7290017291338,false,שום סולו יחידה,HARVEST JINING,CN,שום סולו יחידה,יחידה,1.00,יחידה,false,1,12.90,12.90,true,1,
7290017304885,false,לחם שיפון מלא פרוס 750גר,מאפיית שלמה א. אנג'\ל בע,IL,לחם שיפון מלא,גרמים,750.00,100 גרם,false,1,15.30,2.04,true,1,
7290017334172,false,שמן זית כתית מעולה,שמן זית אליעד,IL,שמן זית כתית,מיליליטרים,750.00,"100 מ""ל",false,1,28.10,3.75,true,1,
7290017440804,false,מסכת הזנה לשיער כסוף300מ,פישר,IL,מסכה לשיער,מיליליטרים,300.00,"100 מ""ל",false,1,34.10,11.37,true,1,
7290017513409,false,תה ירוק סופר סגול1.5*25ג,ויסוצקי,IL,תה ירוק,גרמים,37.00,100 גרם,false,1,22.90,61.89,true,1,
7290017513775,false,בייגלה מצופה שוק.חלב140ג,אולקר מקבוצת פלאדיס,TR,בייגלה מצופה,גרמים,140.00,100 גרם,false,1,8.40,6.00,true,1,
7290017589565,false,גוורצטרמינר קלאסיק 750 מ,יקבי ברקן,IL,גוורצטרמינר קלאס,מיליליטרים,750.00,"100 מ""ל",false,1,29.00,3.86,true,1,
7290017589633,false,"קברנה רזרב גולד 750 מ""ל",יקבי ברקן,IL,קברנה רזרב גולד,מיליליטרים,750.00,"100 מ""ל",false,1,46.95,6.26,true,1,
7290017599250,false,סוכרזית קלאסי 120 שקיות,ביסקול בע''מ,IL,סוכרזית קלאסי,גרמים,120.00,100 גרם,false,1,15.30,12.75,true,1,
7290017599267,false,סוכרזית סוכרלוז 120שקיות,ביסקול בע''מ,IL,סוכרזית סוכרלוז,גרמים,120.00,100 גרם,false,1,21.20,17.67,true,1,
7290017637532,false,MB שמפו לשיער בלונדינ500,סאסא קוסמטיקס,IL,MB שמפו לשיער,מיליליטרים,500.00,"100 מ""ל",false,1,29.80,5.96,true,1,
7290017637648,false,MB מסיכה לשיער יסמין250מ,סאסא קוסמטיקס,IL,MB מסיכה לשיער,מיליליטרים,250.00,"100 מ""ל",false,1,23.80,9.52,true,1,
7290017637662,false,MB שמפו לגוון בלונד500מ,סאסא קוסמטיקס,IL,MB שמפו לשיער,מיליליטרים,500.00,"100 מ""ל",false,1,21.20,4.24,true,1,
7290017647425,false,גמלא קברנה סובניון 750 מ,יקב רמת הגולן,IL,קברנה סוביניון,מיליליטרים,750.00,"100 מ""ל",false,1,55.50,7.40,true,1,
7290017677804,false,"רוטב סויה קיקומן 444 מ""ל",קיקומן פודז אינק,US,רוטב סויה קיקומן,מיליליטרים,444.00,"100 מ""ל",false,1,18.70,4.21,true,1,
7290017677811,false,"רוטב סויה קיקומן 296 מ""ל",קיקומן פודז אינק,NL,רוטב סויה קיקומן,מיליליטרים,296.00,"100 מ""ל",false,1,13.50,4.56,true,1,
7290017724003,false,גריסיני 250 גרם,,IL,גריסיני,גרמים,250.00,100 גרם,false,1,21.20,8.48,true,1,
7290017724027,false,עוגיות אלפחורס 300 גרם,"אקלר בע""מ",IL,עוגיות אלפחורס,גרמים,300.00,100 גרם,false,1,21.20,7.07,true,1,
7290017724034,false,עוגיות ריבה בטעם תות250ג,,IL,עוגיות ריבה,גרמים,250.00,100 גרם,false,1,21.20,8.48,true,1,
7290017724041,false,עוגיות תותי פרוטי 200גרם,,IL,עוגיות תותי פרוט,גרמים,200.00,100 גרם,false,1,21.20,10.60,true,1,
7290017724058,false,מעדן תמר אגוז 250 גרם,,IL,מעדן תמר אגוז,גרמים,250.00,100 גרם,false,1,21.20,8.48,true,1,
7290017724065,false,"מעדן תפו""ע ואגוזים 250גר",,IL,"מעדן תפו""ע ואגוז",גרמים,250.00,100 גרם,false,1,21.20,8.48,true,1,
7290017724072,false,רולדה שוקולד תמר 200 גרם,,IL,רולדה שוקולד תמר,גרמים,200.00,100 גרם,false,1,21.20,10.60,true,1,
7290017724089,false,עוגיות ואן גוך 200 גרם,,IL,עוגיות ואן גוך,גרמים,200.00,100 גרם,false,1,21.20,10.60,true,1,
7290017724102,false,סיגרים תמרים 200 גרם,,IL,סיגרים תמרים,גרמים,200.00,100 גרם,false,1,21.20,10.60,true,1,
7290017724157,false,"מעדן תפו""ע+אגוז ללת""ס200",,IL,"מעדן תפו""ע ואגוז",גרמים,200.00,100 גרם,false,1,21.20,10.60,true,1,
7290017724164,false,"עוגיות אוזניים ללת""ס200ג",,IL,עוגיות אוזניים,גרמים,200.00,100 גרם,false,1,21.20,10.60,true,1,
7290017724171,false,"עוגיות פרח ריבה ללת""ס250",,IL,עוגיות פרח ריבה,גרמים,250.00,100 גרם,false,1,21.20,8.48,true,1,
7290017724218,false,"מעדן תמר אגוז ללת""ס200גר",,IL,מעדן תמר אגוז,גרמים,200.00,100 גרם,false,1,21.20,10.60,true,1,
7290017724270,false,"עוגיות אשכול ללת""ס 200גר",,IL,עוגיות אשכול,גרמים,200.00,100 גרם,false,1,21.20,10.60,true,1,
7290017724287,false,"אצבעות פקאן ללת""ס 250גרם","אקלר בע""מ",IL,אצבעות פקאן,גרמים,250.00,100 גרם,false,1,21.20,8.48,true,1,
7290017724294,false,"גרנולה צ'יפס ללת""ס200גרם",,IL,גרנולה צ'יפס,גרמים,200.00,100 גרם,false,1,21.20,10.60,true,1,
7290017812069,false,ריזלינג-שרדונה אקסלנס750,יקבי כרמל,IL,ריזלינג-שרדונה,מיליליטרים,750.00,"100 מ""ל",false,1,25.60,3.41,true,1,
7290017812571,false,מיץ ענבים תירוש אדום 1 ל,יקבי כרמל,IL,תירוש כרמל אדום,ליטרים,1.00,ליטר,false,1,18.70,18.70,true,1,
7290017812588,false,תירוש מיץ ענבים לבן 1 ל',יקבי כרמל,IL,מיץ תירוש לבן,ליטרים,1.00,ליטר,false,1,18.70,18.70,true,1,
7290017812878,false,"רוזה אקסלנס 750 מ""ל",יקבי כרמל,IL,רוזה אקסלנס,מיליליטרים,750.00,"100 מ""ל",false,1,25.60,3.41,true,1,
7290017871462,false,ח.פצ.אורז שוקולד21*5כשלפ,תות תעשיות מזון (2014) ב,IL,חטיף פצפוצי אורז,גרמים,105.00,100 גרם,false,1,13.50,12.85,true,1,
7290017871936,false,גרנולה אגוזים+גרעינים300,"אפקטבעי בע""\מ",IL,גרנולה אגוזים,גרמים,300.00,100 גרם,false,1,17.00,5.67,true,1,
7290017871950,false,מגבוני נייר טואלט 40*3יח,עלבד משואות יצחק,IL,מגבוני נ.טואלט,יחידה,1.00,יחידה,false,1,11.80,11.80,true,1,
7290017872162,false,"עוג.אגוזי לוז ללת""ס200גר","הגביע מוצרי וופלים בע""\מ",IL,עוגיות אגוזי לוז,גרמים,200.00,100 גרם,false,1,12.70,6.35,true,1,
7290017872179,false,"עוגיות טחינה ללת""ס200ג","הגביע מוצרי וופלים בע""\מ",IL,עוגיות טחינה,גרמים,200.00,100 גרם,false,1,12.70,6.35,true,1,
7290017872193,false,עוג.שקד.וקינמון ללתס200,"הגביע מוצרי וופלים בע""\מ",IL,עוגיות שקדים,גרמים,200.00,100 גרם,false,1,12.70,6.35,true,1,
7290017873350,false,קרם יד.פנג'ל אינטנסיב100,"דנלוג אינטרקוסמא בע""\מ",IL,קרם ידיים פנג'ל,מיליליטרים,100.00,"100 מ""ל",false,1,12.70,12.70,true,1,
7290017888729,false,סודה שוופס 1 ליטר,"יפאורה תבורי בע""\מ",IL,סודה שוופס,ליטרים,1.00,ליטר,false,1,4.10,4.10,true,1,
7290017888972,false,מי עדן ספורט פקק 1 ליטר,"מופק ממקור בזלתי עדן ,1",IL,מי עדן ספורט,ליטרים,1.00,ליטר,false,1,4.40,4.40,true,1,
7290017928036,false,גריסיני שומשום 175 גרם,מאיר בייגל,IL,גריסיני שומשום,גרמים,175.00,100 גרם,false,1,11.00,6.29,true,1,
7290017928043,false,גריסיני קראנץ עם מלח175ג,מאיר בייגל,IL,גריסיני קראנץ,גרמים,175.00,100 גרם,false,1,11.00,6.29,true,1,
7290017928098,false,בייגלה שטוחל'ה מלח 330גר,מאיר בייגל,IL,בייגלה שטוחל'ה,גרמים,330.00,100 גרם,false,1,11.00,3.33,true,1,
7290017928463,false,שברי בייגלה,,,שברי בייגלה,יחידה,1.00,יחידה,false,0,10.10,10.10,true,1,
7290017928616,false,בייגלה שטוחלה שומשום300ג,מאיר בייגל,IL,בייגלה שטוחלה,גרמים,300.00,100 גרם,false,1,11.00,3.67,true,1,
7290017928821,false,גריסיני קלאסי 200 גרם,מאיר בייגל,IL,גריסיני קלאסי,גרמים,200.00,100 גרם,false,1,11.00,5.50,true,1,
7290017947105,false,לחם בסגנון אמריקה 500 גר,מאפיית שלמה א. אנג'\ל בע,IL,לחם סגנון אמריקה,גרמים,500.00,100 גרם,false,1,13.50,2.70,true,1,
7290017947464,false,פיתות כוסמין 8יח 400 גרם,מאפיית שלמה א.אנג'\ל בע\,IL,פיתות כוסמין,גרמים,400.00,100 גרם,false,1,15.30,3.83,true,1,
7290017947495,false,לחמנ.כוסמין אנג'ל6יח450ג,,,לחמניות כוסמין6*,יחידה,1.00,יחידה,false,0,14.40,14.40,true,1,
7290017947891,false,לחם כוסמין+חיטה מלאה750ג,מאפיית שלמה א. אנג'\ל בע,IL,אנג'ל  כוסמין,גרמים,750.00,100 גרם,false,1,15.30,2.04,true,1,
7290017947921,false,לחמנ.המבורגר אמריקה75*6ג,מאפיית שלמה א. אנג'\ל בע,IL,לחמניות המבורגר,גרמים,450.00,100 גרם,false,1,13.50,3.00,true,1,
7290017947938,false,לחמניות מיני המבורגר400ג,מאפיית שלמה א. אנג'\ל בע,IL,לחמניות המבורגר,גרמים,400.00,100 גרם,false,1,13.50,3.38,true,1,
7290017967004,false,"בירה קייזר בקבוק 500 מ""ל",ברסייר,FR,בירה קייזר,מיליליטרים,500.00,"100 מ""ל",false,1,5.90,1.18,true,1,
7290018091036,false,פיצה אנטיפסטי 260 גרם,מעדנות בעמ,IL,פיצה אנטיפסטי,גרמים,250.00,100 גרם,false,1,14.40,5.76,true,1,
7290018091234,false,פיצה מקסיקנית 270 גרם,מעדנות בעמ,IL,פיצה מקסיקנית,גרמים,260.00,100 גרם,false,1,14.40,5.54,true,1,
7290018091647,false,בצק פריך עם שקדים,"מעדנות בע""\מ",IL,בצק פריך עם שקדי,גרמים,500.00,100 גרם,false,1,22.10,4.42,true,1,
7290018091661,false,פיצה שוק 380 גרם,"מעדנות בע""\מ",IL,פיצה שוק,גרמים,380.00,100 גרם,false,1,18.70,4.92,true,1,
7290018091821,false,פיצה נפוליטנה 210 גרם,מעדנות בעמ,IL,פיצה נפוליטנה,גרמים,200.00,100 גרם,false,1,14.40,7.20,true,1,
7290018091838,false,חטיפי פילאס במילוי גבינה,מעדנות בעמ,IL,חטיפי פילאס גבינ,גרמים,600.00,100 גרם,false,1,22.10,3.68,true,1,
7290018131831,false,מאגדת שלגון מילקה וניל 2,פרונרי פולין,PL,מאגדת שלגון מילק,גרמים,284.00,100 גרם,false,1,25.50,8.98,true,1,
7290018131879,false,מאגדת אקסטרים ריבת חלב,גלידות נסטלה )נגה גלידות,IL,מאגדת אקסטרים,גרמים,432.00,100 גרם,false,1,32.30,7.48,true,1,
7290018131930,false,מאגדתלהפרוטה בננה תמרפקן,גלידות נסטלה )נגה גלידות,IL,מאגדתלהפרוטה בננ,גרמים,325.00,100 גרם,false,1,28.10,8.65,true,1,
7290018165027,false,"רוזה רזרב גולד 750 מ""ל",יקבי ברקן שיווק והפצה בע,IL,רוזה רזרב גולד,מיליליטרים,750.00,"100 מ""ל",false,1,46.95,6.26,true,1,
7290018165447,false,"מרלו רזרב גולד 750 מ""ל",יקבי ברקן שיווק והפצה בע,IL,מרלו רזרב גולד,מיליליטרים,750.00,"100 מ""ל",false,1,46.95,6.26,true,1,
7290018237281,false,נקניק סלמי ירדן 550 גרם,מוצרי עוף טוב (2001) בע\,IL,נקניק סלמי ירדן,גרמים,550.00,100 גרם,false,1,20.40,3.71,true,1,
7290018237410,false,פסטרמה במעשנה מנתח שלם,מוצרי עוף טוב (2001) בע\,IL,פסטרמה במעשנה,גרמים,300.00,100 גרם,false,1,25.50,8.50,true,1,
7290018237922,false,שניצלונים בציפוי ציפס 70,מוצרי עוף טוב (2001) בע\,IL,שניצלונים בציפוי,גרמים,700.00,100 גרם,false,1,17.00,2.43,true,1,
7290018237939,false,שניצלונים בציפוי שומשום,מוצרי עוף טוב (2001) בע\,IL,שניצלונים בציפוי,גרמים,700.00,100 גרם,false,1,17.00,2.43,true,1,
7290018249086,false,ממרח ט.חלווה פיסטוק350ג,,IL,ממרח בטעם חלווה,גרמים,350.00,100 גרם,false,1,28.10,8.03,true,1,
7290018249154,false,ממרח קקאו אגוזי לוז350ג,אחדות,IL,ממרח קקאו,גרמים,350.00,100 גרם,false,1,28.10,8.03,true,1,
7290018249802,false,סוויטאנגו 280גרם,מתבל תעשיות מזון,IL,סוויטאנגו,גרמים,280.00,100 גרם,false,1,23.80,8.50,true,1,
7290018249994,false,סוויטאנגו 700 גרם,מתבל תעשיות מזון,IL,סוויטאנגו,גרמים,700.00,100 גרם,false,1,48.60,6.94,true,1,
7290018285145,false,קוסקוס מחיטת דורום 500גר,,IT,קוסקוס,גרמים,500.00,100 גרם,false,1,9.30,1.86,true,1,
7290018294192,false,בלנד היינן PC אדום 750מל,יקבי כרמל,IL,יין בלנד אדום,מיליליטרים,750.00,"100 מ""ל",false,1,34.10,4.55,true,1,
7290018294895,false,"מונלייט לבן 750 מ""ל",יקבי כרמל,IL,מונלייט לבן,מיליליטרים,750.00,"100 מ""ל",false,1,32.40,4.32,true,1,
7290018359495,false,"תירס מהשדה ללת""ס 550 גרם","זנלכל בע""\מ",IL,"תירס מהשדה ללת""ס",גרמים,550.00,100 גרם,false,1,8.40,1.53,true,1,
7290018359686,false,הקיסר חומוס ענק 550 גרם,"זנלכל בע""\מ",IL,חומוס ענק,גרמים,550.00,100 גרם,false,1,8.40,1.53,true,1,
7290018359938,false,רוטב שקשוקה יכין 400 גרם,זנלכל,IL,רוטב שקשוקה,גרמים,400.00,100 גרם,false,1,10.60,2.65,true,1,
7290018359945,false,חאריפה רוטב פיקנטי 400 ג,זנלכל,IL,חאריפה,גרמים,400.00,100 גרם,false,1,10.60,2.65,true,1,
7290018359952,false,רוטב עגבניות לפסטה 400 ג,זנלכל,IL,רוטב עגבניות,גרמים,400.00,100 גרם,false,1,10.60,2.65,true,1,
7290018380611,false,צלפים בחומץ 370 גרם,,TR,צלפים בחומץ,גרמים,370.00,100 גרם,false,1,8.40,2.27,true,1,
7290018380727,false,דפי בצק פילו עגול 400גרם,,TR,דפי בצק פילו,גרמים,400.00,100 גרם,false,1,13.50,3.38,true,1,
7290018394021,false,פטריות מלך היער,חוות פטריות תקוע,CN,פטריות מלך היער,גרמים,150.00,100 גרם,false,1,12.90,8.60,true,1,
7290018440209,false,בייגלה מצופה,אולקר מקבוצת פלאדיס,,בייגלה מצופה,יחידה,1.00,יחידה,false,0,8.40,8.40,true,1,
7290018440254,false,צ'אי קרמל מלוח 25 * 2גרם,,IL,צ'\אי קרמל מלוח,גרמים,50.00,100 גרם,false,1,16.10,32.20,true,1,
7290018440384,false,תה ירוק מאטה לימון+נענ25,ויסוצקי,IL,תה ירוק ויסוצקי,גרמים,38.00,100 גרם,false,1,22.90,60.26,true,1,
7290018440438,false,טונה בשמן זית 65*3 גרם,"קאלוו קונסרבס ס.ל.יו. ,",ES,טונה בשמן זית3יח,גרמים,195.00,100 גרם,false,1,20.40,10.46,true,1,
7290018440445,false,נתחי טונה בהיר שמ.זית160,"קאלוו קונסרבס ס.ל.יו. ,",ES,טונה בשמן זית,גרמים,160.00,100 גרם,false,1,11.80,7.37,true,1,
7290018440490,false,סלט טונה עם קוסקוס 150 ג,"קאלוו קונסרבס ס.ל.יו. ,",ES,סלט טונה+קוסקוס,גרמים,150.00,100 גרם,false,1,11.80,7.87,true,1,
7290018440513,false,סלט קליפורניה+טונה150ג,"קאלוו קונסרבס ס.ל.יו. ,",ES,סלט קליפורניה,גרמים,150.00,100 גרם,false,1,11.80,7.87,true,1,
7290018440575,false,תה ירוק לימונ+לואיזה25+5,ויסוצקי,IL,תה ירוק לימונית,גרמים,48.00,100 גרם,false,1,22.90,47.71,true,1,
7290018471180,false,פרוט&ווג אננס תפוח גזר1ל,יפאורה תבורי בעמ,IL,מיץ פרוט & ווג',ליטרים,1.00,ליטר,false,1,12.00,12.00,true,1,
7290018471197,false,פרוט&וג תפוח בננ.מלון1ל,יפאורה תבורי בעמ,IL,מיץ פרוט & ווג',ליטרים,1.00,ליטר,false,1,12.00,12.00,true,1,
7290018471210,false,ספרינג אגס תפוח סברס 1 ל,"יפאורה תבורי בע""\מ",IL,ספרינג 1 ליטר,ליטרים,1.00,ליטר,false,1,6.50,6.50,true,1,
7290018471395,false,פרוט& ווג תפ.רימון סלק1ל,יפאורה תבורי בעמ,IL,מיץ פרוט & ווג',ליטרים,1.00,ליטר,false,1,12.00,12.00,true,1,
7290018471401,false,פרוט&ווג אננ.בננ.כורכו1ל,יפאורה תבורי בעמ,IL,מיץ פרוט & ווג',ליטרים,1.00,ליטר,false,1,12.00,12.00,true,1,
7290018471449,false,ספרינג בננה תמר תפוז 1 ל,"יפאורה תבורי בע""\מ",IL,ספרינג שייק,ליטרים,1.00,ליטר,false,1,12.00,12.00,true,1,
7290018471456,false,ספרינג אננ.מנגו פסיפל1.ל,"יפאורה תבורי בע""\מ",IL,ספרינג שייק,ליטרים,1.00,ליטר,false,1,12.00,12.00,true,1,
7290018471463,false,תפוזינה enjoy תפוז מנג1ל,"יפאורה תבורי בע""\מ",IL,תפוזינה enjoy,ליטרים,1.00,ליטר,false,1,6.70,6.70,true,1,
7290018471470,false,תפוזינה תפוז פסיפלורה1ל,"יפאורה תבורי בע""\מ",IL,תפוזינה enjoy,ליטרים,1.00,ליטר,false,1,6.70,6.70,true,1,
7290018471487,false,תפוזינה תפוז אננס 1 ליטר,"יפאורה תבורי בע""\מ",IL,תפוזינה תפוז אננ,ליטרים,1.00,ליטר,false,1,6.70,6.70,true,1,
7290018471494,false,תפוזינה enjoy תפוז+גזר1ל,"יפאורה תבורי בע""\מ",IL,תפוזינה תפוז גזר,ליטרים,1.00,ליטר,false,1,6.70,6.70,true,1,
7290018471692,false,ספרינג אנ.קוקוס פ.יער1ל,"יפאורה תבורי בע""\מ",IL,ספרינג שייק,ליטרים,1.00,ליטר,false,1,12.00,12.00,true,1,
7290018471906,false,שוופס לימונדה ורודה1.5ל,"יפאורה תבורי בע""\מ",IL,שוופס לימונדה,ליטרים,1.50,ליטר,false,0,8.10,5.40,true,1,
7290018471913,false,שוופס מוגז תפוחים1.5ל',"יפאורה תבורי בע""\מ",IL,שוופס תפוחים,ליטרים,1.50,ליטר,false,0,8.10,5.40,true,1,
7290018471920,false,שוופס מוגז ענבים 1.5ליטר,"יפאורה תבורי בע""\מ",IL,שוופס ענבים,ליטרים,1.50,ליטר,false,0,8.10,5.40,true,1,
7290018471937,false,שוופס מוגז תות ליים 1.5ל,"יפאורה תבורי בע""\מ",IL,שוופס מוגז תו,ליטרים,1.50,ליטר,false,0,8.10,5.40,true,1,
7290018471944,false,שוופס מוגז לימונייד 1.5ל,"יפאורה תבורי בע""\מ",IL,שוופס לימוניי,ליטרים,1.50,ליטר,false,0,8.10,5.40,true,1,
7290018471951,false,שוופס מוגז אשכולית אדומה,"יפאורה תבורי בע""\מ",IL,שוופס אשכולית,ליטרים,1.50,ליטר,false,0,8.10,5.40,true,1,
7290018500316,false,לחם כוסמין לבן 400 גרם,,IL,לחם כוסמין לבן,גרמים,400.00,100 גרם,false,1,15.30,3.83,true,1,
7290018500361,false,לחם אחיד פרוס 900 גרם,מאפיית שלמה א. אנג'\ל בע,IL,לחם אחיד פרוס,גרמים,900.00,100 גרם,false,1,7.20,0.80,true,1,
7290018507445,false,שניצים רצועות חזה עוף,תנובה גליל שותפות מוגבלת,IL,שניצים רצועות חז,גרמים,600.00,100 גרם,false,1,34.10,5.68,true,1,
7290018516331,false,"פרינוק פאוצ' ת""פ בננה120",פרוטה פודיווין,CZ,פרינוק,גרמים,120.00,100 גרם,false,1,5.50,4.58,true,1,
7290018516362,false,פרינוק בננה ושיבולת 190ג,פרוטה פודיווין,CZ,פרינוק ארוחה,גרמים,190.00,100 גרם,false,1,5.90,3.11,true,1,
7290018540817,false,לחם מחמצת כוסמין 500 גרם,,IL,לחם מחמצת כוסמין,גרמים,500.00,100 גרם,false,1,17.00,3.40,true,1,
7290018540824,false,לחם מחמצת כפרי 500 גרם,,IL,לחם מחמצת כפרי,גרמים,500.00,100 גרם,false,1,16.10,3.22,true,1,
7290018540831,false,לחם מחמצת ח.מלאה+גרעי500,,IL,לחם מחמצת,גרמים,500.00,100 גרם,false,1,16.10,3.22,true,1,
7290018556238,false,רויאל בטעם לימונים 750 מ,פיירוואטר,IL,רויאל טעם לימון,מיליליטרים,750.00,"100 מ""ל",false,1,31.50,4.20,true,1,
7290018556252,false,רויאל ט.אשכולית אדומה750,פיירוואטר,IL,רויאל ט.אשכולית,מיליליטרים,750.00,"100 מ""ל",false,1,31.50,4.20,true,1,
7290018652039,false,להקרמריה קרמל מלוח ונוגט,גלידות נסטלה )נגה גלידות,IL,להקרמריה קרמל מל,גרמים,700.00,100 גרם,false,1,18.70,2.67,true,1,
7290018652213,false,מאגדת חטיפי גלידה קראנץ,,IT,מאגדת חטיפי גליד,גרמים,246.00,100 גרם,false,1,20.40,8.29,true,1,
7290018652671,false,לה קרמריה שוקו וניל,,IL,לה קרמריה שוקו ו,ליטרים,1.40,ליטר,false,1,18.70,13.35,true,1,
7290018652688,false,לה קרמריה טרופי ופ.יער,,IL,לה קרמריה טרופי,ליטרים,0.84,ליטר,false,1,18.70,22.26,true,1,
7290018652886,false,מאגדת שוקו בננה מצופים,,IL,מאגדת שוקו בננה,גרמים,476.00,100 גרם,false,1,27.20,5.71,true,1,
7290018720110,false,עוג.יאמי ממולא ק.אגוז150,"הגביע מוצרי ופלים בע""\מ",IL,עוגיות יאמי,גרמים,150.00,100 גרם,false,1,6.70,4.47,true,1,
7290018720127,false,עוג.יאמי ממולא ק.שמנת150,"הגביע מוצרי ופלים בע""\מ",IL,עוגיות יאמי,גרמים,150.00,100 גרם,false,1,6.70,4.47,true,1,
7290018732007,false,האס חטיפי אבוקדו,,,האס חטיפי אבוקדו,יחידה,1.00,יחידה,false,0,12.90,12.90,true,1,
7290018795842,false,שיני שום קלופות  500גרם,מרינה,IL,שיני שום קלופות,גרמים,500.00,100 גרם,false,1,18.90,3.78,true,1,
7290018825020,false,תפוח אדמה לבן גורמה,חבל מעון,IL,"תפו""א לבן גורמה",קילוגרמים,0.00,"ק""ג",true,1,7.90,7.90,true,1,
7290018825815,false,תפוח אדמהלבן בייבי גורמה,חבל מעון,IL,"תפו""א בייבי גורמ",קילוגרמים,0.00,"ק""ג",true,1,7.90,7.90,true,1,
7290018893296,false,עוג.חמאה מצופ.שוקולד100ג,,BE,עוגיות חמאה,גרמים,100.00,100 גרם,false,1,9.30,9.30,true,1,
7290018893708,false,עוגיות סנדביץ שוקו 250גר,,ES,עוגיות סנדביץ,גרמים,250.00,100 גרם,false,1,6.50,2.60,true,1,
7290018921456,false,תחליב רח.אפקטיב כותנה700,פישר מעבדות פרמצבטיות בע,IL,תחליב רחצה כותנה,מיליליטרים,700.00,"100 מ""ל",false,1,12.70,1.82,true,1,
7290018921852,false,תחליב רחצה שמן ארגן 700מ,פישר מעבדות פרמצבטיות בע,IL,תחליב רחצה ארגן,מיליליטרים,700.00,"100 מ""ל",false,1,12.70,1.82,true,1,
7290018925065,false,מיץ תפוזים סחוט 2 ליטר,גניר,IL,מיץ תפוזים סחוט,ליטרים,2.00,ליטר,false,1,23.80,11.90,true,1,
7290018925072,false,משקה קל לימונים ונענע2ל,גניר,IL,משקה קל לימונים,ליטרים,2.00,ליטר,false,1,23.80,11.90,true,1,
7290018925089,false,מיץ מרכז תפוחים צלול 2 ל,גניר,IL,מיץ תפוחי עץ,ליטרים,2.00,ליטר,false,1,23.80,11.90,true,1,
7290018989128,false,סירופ בטעם ענבים 1 ליטר,"זנלכל בע""\מ",IL,סירופ בטעם ענבים,ליטרים,1.00,ליטר,false,1,18.70,18.70,true,1,
7290018989135,false,סירופ בטעם פטל 1 ליטר,"זנלכל בע""\מ",IL,סירופ בטעם פטל,ליטרים,1.00,ליטר,false,1,18.70,18.70,true,1,
7290019014614,false,"מרכך כביסה בלו 900 מ""ל",סאסא טק,IL,מרכך כביסה בלו,מיליליטרים,900.00,"100 מ""ל",false,1,17.00,1.89,true,1,
7290019014638,false,מרכך כביסה פרש וויט 900,סאסא טק,IL,מרכך כביסה פרש,מיליליטרים,900.00,"100 מ""ל",false,1,17.00,1.89,true,1,
7290019014645,false,"מסיר כתמים טנקס 500 מ""ל",סאסא טק,IL,מסיר כתמים TNX,מיליליטרים,500.00,"100 מ""ל",false,1,21.20,4.24,true,1,
7290019014652,false,מרכך כביסה בייבי לאב900מ,סאסא טק,IL,מרכך כביסה בייבי,מיליליטרים,900.00,"100 מ""ל",false,1,21.20,2.36,true,1,
7290019014669,false,ג'ל לכביסה צבעונית 1.35ל,סאסא טק,IL,ג'ל לכביסה ירוק,ליטרים,1.35,ליטר,false,1,25.50,18.89,true,1,
7290019014676,false,ג'ל לכביסה לבנה 1.35 ל,סאסא טק,IL,ג'ל לכביסה לבנה,ליטרים,1.35,ליטר,false,1,25.50,18.89,true,1,
7290019014713,false,נוזל רצפות לפרקט 1.35ל,סאסא טק,IL,נוזל רצפות לפרקט,ליטרים,1.35,ליטר,false,1,22.90,16.96,true,1,
7290019014751,false,ניקוי כלים24% פלאוור750מ,סאסא טק,IL,ניקוי כלים 24%,מיליליטרים,750.00,"100 מ""ל",false,1,12.70,1.69,true,1,
7290019014768,false,"ניקוי כלים 24% 750מ""ל",סאסא טק,IL,ניקוי כלים 24%,מיליליטרים,750.00,"100 מ""ל",false,1,12.70,1.69,true,1,
7290019014775,false,מרסס קצף מסיר שומנים 750,סאסא טק,IL,מרסס מסיר שומנים,מיליליטרים,750.00,"100 מ""ל",false,1,14.40,1.92,true,1,
7290019014782,false,מרסס אקונומיקה לבנדר750מ,סאסא טק,IL,מרסס אקונומיקה,מיליליטרים,750.00,"100 מ""ל",false,1,14.40,1.92,true,1,
7290019014805,false,"מרסס מנקה ריפודים 500מ""ל",סאסא טק,IL,מרסס מנקה ריפוד,מיליליטרים,500.00,"100 מ""ל",false,1,21.20,4.24,true,1,
7290019014850,false,"תרסיס דוחה מים 400 מ""ל",סאסא טק,IL,תרסיס דוחה מים,מיליליטרים,400.00,"100 מ""ל",false,1,22.90,5.73,true,1,
7290019014874,false,נוזל רצפות אוריאנטל1.35ל,סאסא טק,IL,נוזל רצפות,ליטרים,1.35,ליטר,false,1,21.20,15.70,true,1,
7290019014898,false,רדיד אלומיניום 30 מטר רו,,IL,רדיד אלומיניום,מטרים,30.00,מטר,false,1,34.10,1.14,true,1,
7290019014935,false,תבנית אלומיניום עבה רוסט,,IL,תבנית אלומינום ר,יחידה,1.00,יחידה,false,1,12.70,12.70,true,1,
7290019014973,false,מבשם בדים בייבי לאב500מ,סאסא טק,IL,מבשם בדים בייבי,מיליליטרים,500.00,"100 מ""ל",false,1,17.00,3.40,true,1,
7290019056003,false,שוופס מוגז למונייד1.5*4ל,"יפאורה תבורי בע""\מ",IL,שוופס למונ1.5*4ל,ליטרים,6.00,ליטר,false,0,29.40,4.90,true,1,
7290019056027,false,שוופס ללא סוכר תפוח1.5ל,"יפאורה תבורי בע""\מ",IL,שוופס ללא סוכ,ליטרים,1.50,ליטר,false,0,7.60,5.07,true,1,
7290019056034,false,שוופס אננס ללא סוכר 1.5ל,יפאורה תבורי,IL,שוופס אננס,ליטרים,1.50,ליטר,false,0,7.60,5.07,true,1,
7290019056041,false,שוופס למונייד ל.סוכר1.5ל,יפאורה תבורי,IL,שוופס למונייד,ליטרים,1.50,ליטר,false,0,7.60,5.07,true,1,
7290019056058,false,שוופס מוגז עדין תפוח1.5ל,"יפאורה תבורי בע""\מ",IL,שוופס מוגז תפוח,ליטרים,1.50,ליטר,false,0,7.60,5.07,true,1,
7290019056065,false,שוופס מוגז עדין פ.יער1.5,"יפאורה תבורי בע""\מ",IL,שוופס מוגז,ליטרים,1.50,ליטר,false,0,7.60,5.07,true,1,
7290019056072,false,שוופס מוגז עדין אננס1.5ל,יפאורה תבורי בעמ,IL,שוופס מוגז עד,ליטרים,1.50,ליטר,false,0,7.60,5.07,true,1,
7290019056089,false,שוופס מוגז עדין ריזל1.5ל,"יפאורה תבורי בע""\מ",IL,שוופס מוגז,ליטרים,1.50,ליטר,false,0,7.60,5.07,true,1,
7290019056096,false,שוופס מוגז עדין אפרסק1.5,"יפאורה תבורי בע""\מ",IL,שוופס אפרסק,ליטרים,1.50,ליטר,false,0,7.60,5.07,true,1,
7290019056119,false,שוופס מי סודה 1.5 ליטר,"יפאורה תבורי בע""\מ",IL,שוופס מי סודה,ליטרים,1.50,ליטר,false,0,3.80,2.53,true,1,
7290019056164,false,שוופס סודה 1.5*4 ליטר,"יפאורה תבורי בע""\מ",IL,שוופס סודה1.5*4ל,ליטרים,6.00,ליטר,false,0,11.30,1.88,true,1,
7290019056232,false,שוופס ליים מוחיטו 1.5 ל,"יפאורה תבורי בע""\מ",IL,שוופס ליים מו,ליטרים,1.50,ליטר,false,0,8.10,5.40,true,1,
7290019056249,false,שוופס מים טעם ענבים 1.5ל,יפאורה תבורי בעמ,IL,מים בטעם ענבי,ליטרים,1.50,ליטר,false,0,7.70,5.13,true,1,
7290019056256,false,שוופס מים בטעם תפוח 1.5ל,יפאורה תבורי בעמ,IL,שוופס מים תפו,ליטרים,1.50,ליטר,false,0,7.70,5.13,true,1,
7290019056263,false,שוופס מים טעם אפרסק 1.5ל,יפאורה תבורי בעמ,IL,שוופס מים אפר,ליטרים,1.50,ליטר,false,0,7.70,5.13,true,1,
7290019056294,false,שוופס ג'ינג'ר 1.5 ליטר,"יפאורה תבורי בע""\מ",IL,שוופס ג'ינג'ר,ליטרים,1.50,ליטר,false,0,10.90,7.27,true,1,
7290019056300,false,שוופס ביטר לימון 1.5ליטר,"יפאורה תבורי בע""\מ",IL,שוופס ביטר לי,ליטרים,1.50,ליטר,false,0,10.90,7.27,true,1,
7290019056317,false,שוופס ראש'ן 1.5 ליטר,"יפאורה תבורי בע""\מ",IL,שוופס ראש'ן,ליטרים,1.50,ליטר,false,0,10.90,7.27,true,1,
7290019056324,false,שוופס טוניק 1.5 ליטר,"יפאורה תבורי בע""\מ",IL,שוופס מי טוני,ליטרים,1.50,ליטר,false,0,10.90,7.27,true,1,
7290019056331,false,שוופס טוניק ללא סוכר1.5ל,יפאורה תבורי בעמ,IL,מי טוניק ל.סו,ליטרים,1.50,ליטר,false,0,10.20,6.80,true,1,
7290019056355,false,תפוזינה לימונדה נענע1.5ל,"יפאורה תבורי בע""\מ",IL,תפוזינה לימונ,ליטרים,1.50,ליטר,false,0,7.90,5.27,true,1,
7290019056362,false,"תפוזינה משק""ל ענבים1.5ל","יפאורה תבורי בע""\מ",IL,תפוזינה ענבים,ליטרים,1.50,ליטר,false,0,7.90,5.27,true,1,
7290019056379,false,תפוזינה משקה קל תפוז1.5ל,"יפאורה תבורי בע""\מ",IL,תפוזינה תפוזי,ליטרים,1.50,ליטר,false,0,7.90,5.27,true,1,
7290019056386,false,תפוזינה אשכוליות 1.5ליטר,"יפאורה תבורי בע""\מ",IL,תפוזינה אשכול,ליטרים,1.50,ליטר,false,0,7.90,5.27,true,1,
7290019056393,false,תפוזינה תות בננה 1.5ליטר,"יפאורה תבורי בע""\מ",IL,תפוזינה תות ב,ליטרים,1.50,ליטר,false,0,7.90,5.27,true,1,
7290019056409,false,תפוזינה מנגו עסיס 1.5 ל',"יפאורה תבורי בע""\מ",IL,תפוזינה מנגו,ליטרים,1.50,ליטר,false,0,7.90,5.27,true,1,
7290019056416,false,תפוזינה לימונדה 1.5 ליטר,"יפאורה תבורי בע""\מ",IL,תפוזינה לימונדה,ליטרים,1.50,ליטר,false,0,7.90,5.27,true,1,
7290019056430,false,תפוזינה תפוזים לייט1.5ל,"יפאורה תבורי בע""\מ",IL,תפוזינה לייט,ליטרים,1.50,ליטר,false,0,7.60,5.07,true,1,
7290019056478,false,תה ספרינג אפרסק 1.5 ליטר,"יפאורה תבורי בע""\מ",IL,ספרינג תה אפר,ליטרים,1.50,ליטר,false,0,7.60,5.07,true,1,
7290019056485,false,תה ספרינג ירוק לימון1.5ל,"יפאורה תבורי בע""\מ",IL,תה ספרינג ירו,ליטרים,1.50,ליטר,false,0,7.60,5.07,true,1,
7290019056508,false,פרוט ווטר ענבים 1.5 ליטר,"יפאורה תבורי בע""\מ",IL,פרוט ווטר ענב,ליטרים,1.50,ליטר,false,0,7.90,5.27,true,1,
7290019056515,false,פרוט ווטר אננס 1.5 ליטר,"יפאורה תבורי בע""\מ",IL,פרוט ווטר אננ,ליטרים,1.50,ליטר,false,0,7.90,5.27,true,1,
7290019056522,false,פרוט ווטר תות 1.5 ליטר,"יפאורה תבורי בע""\מ",IL,פרוט ווטר תות,ליטרים,1.50,ליטר,false,0,7.90,5.27,true,1,
7290019056539,false,פרוט ווטר אפרסק 1.5 ליטר,"יפאורה תבורי בע""\מ",IL,פרוט ווטר אפר,ליטרים,1.50,ליטר,false,0,7.90,5.27,true,1,
7290019056553,false,עין גדי מים מינרל. 2*6 ל,עין גדי מיים מינרלים,IL,מים עין גדי2*6ל,ליטרים,12.00,ליטר,false,0,12.00,1.00,true,1,
7290019056577,false,ספרינג משקה מנגו 1.5 ל',"יפאורה תבורי בע""\מ",IL,ספרינג מנגו,ליטרים,1.50,ליטר,false,0,7.90,5.27,true,1,
7290019056584,false,ספרינג משקה תפוזים 1.5ל',"יפאורה תבורי בע""\מ",IL,ספרינג תפוזים,ליטרים,1.50,ליטר,false,0,7.90,5.27,true,1,
7290019056591,false,ספרינג ענבים 1.5 ליטר,"יפאורה תבורי בע""\מ",IL,ספרינג ענבים,ליטרים,1.50,ליטר,false,0,7.90,5.27,true,1,
7290019056607,false,ספרינג מיץ תפוחים 1.5 ל',"יפאורה תבורי בע""\מ",IL,ספרינג תפוחים,ליטרים,1.50,ליטר,false,0,7.90,5.27,true,1,
7290019056614,false,ספרינג משקה אפרסק 1.5 ל',"יפאורה תבורי בע""\מ",IL,ספרינג אפרסק,ליטרים,1.50,ליטר,false,0,7.90,5.27,true,1,
7290019056621,false,ספרינג פירות טרופיים1.5ל,"יפאורה תבורי בע""\מ",IL,משקה ספרינג,ליטרים,1.50,ליטר,false,0,7.90,5.27,true,1,
7290019056638,false,ספרינג תות-בננה 1.5 ליטר,"יפאורה תבורי בע""\מ",IL,ספרינג תות בנ,ליטרים,1.50,ליטר,false,0,7.90,5.27,true,1,
7290019056645,false,ספרינג אגס סברס תפוח1.5ל,"יפאורה תבורי בע""\מ",IL,משקה ספרינג,ליטרים,1.50,ליטר,false,0,7.90,5.27,true,1,
7290019056652,false,ספרינג אננס בננה1.5 ליטר,"יפאורה תבורי בע""\מ",IL,ספרינג אננס ב,ליטרים,1.50,ליטר,false,0,7.90,5.27,true,1,
7290019056669,false,ספרינג תפוחים לייט 1.5 ל,"יפאורה תבורי בע""\מ",IL,ספרינג תפוח ל,ליטרים,1.50,ליטר,false,0,7.30,4.87,true,1,
7290019056676,false,ספרינג אשכולית/אננס לייט,"יפאורה תבורי בע""\מ",IL,ספרינג לייט,ליטרים,1.50,ליטר,false,0,7.30,4.87,true,1,
7290019056973,false,מים מינרליים מי עדן1.5*6,"מופק ממקור בזלתי עדן ,1",IL,מי עדן 1.5*6ל,ליטרים,9.00,ליטר,false,0,13.00,1.44,true,1,
7290019153078,false,שוופס ביטר למון לייט1.5ל,"יפאורה תבורי בע""\מ",IL,שוופס ביטר למון,ליטרים,1.50,ליטר,false,1,10.20,6.80,true,1,
7290019153085,false,"שוופס מוחיטו לל""ס 1.5 ל","יפאורה תבורי בע""\מ",IL,שוופס מוחיטו ללס,ליטרים,1.50,ליטר,false,1,7.90,5.27,true,1,
7290019153344,false,תפוזינה סנגרייה 1.5 ליטר,"יפאורה תבורי בע""\מ",IL,תפוזינה סנגרייה,ליטרים,1.50,ליטר,false,1,7.90,5.27,true,1,
7290019153375,false,תפוזינה מוחיטו 1.5 ליטר,"יפאורה תבורי בע""\מ",IL,תפוזינה מוחיטו,ליטרים,1.50,ליטר,false,1,7.90,5.27,true,1,
7290019204107,false,פסטרמה בטעם אווז 320 גרם,עוף טוב,IL,פסטרמה בטעם אווז,גרמים,320.00,100 גרם,false,1,22.90,7.16,true,1,
7290019204305,false,פסטרמה ברביקיו 350 גרם,עוף טוב,IL,פסטרמה ברביקיו,גרמים,350.00,100 גרם,false,1,22.90,6.55,true,1,
7290019232094,false,חליטת משקה קר ט.אפרסק25ש,ויסוצקי,IL,חליטה בטעם אפרסק,גרמים,62.00,100 גרם,false,1,17.00,27.42,true,1,
7290019232407,false,תה ירוק נענע 25 שק5+שק,ויסוצקי,IL,תה ירוק נענע,גרמים,45.00,100 גרם,false,1,22.90,50.89,true,1,
7290019232803,false,ביסקוויט קרם+שוק.חלב300ג,"אולקר ביסקווי סנאי, א.ס.",TR,ביסקוויט עם קרם,גרמים,300.00,100 גרם,false,1,11.00,3.67,true,1,
7290019232827,false,ביסקוויט+קרם אגוז לוז300,"אולקר ביסקווי סנאי, א.ס.",TR,ביסקוויט עם קרם,גרמים,300.00,100 גרם,false,1,11.00,3.67,true,1,
7290019232834,false,בייגלה בציפוי ק.עוג+שוקו,אולקר מקבוצת פלאדיס,TR,בייגלה מצופה,גרמים,140.00,100 גרם,false,1,8.40,6.00,true,1,
7290019233008,false,רוטב שקשוקה ארטישוק420גר,,IT,רוטב לשקשוקה,גרמים,420.00,100 גרם,false,1,12.70,3.02,true,1,
7290019233015,false,רוטב שקשוקה ירוקה 420 גר,,IT,רוטב לשקשוקה,גרמים,420.00,100 גרם,false,1,12.70,3.02,true,1,
7290019233039,false,רוטב שקשוקה קלאסית 420 ג,,IT,רוטב לשקשוקה,גרמים,420.00,100 גרם,false,1,12.70,3.02,true,1,
7290019274063,false,ג'ל כביסה בייבי 1.35 ל',סאסא טק,IL,ג'ל כביסה בייבי,ליטרים,1.35,ליטר,false,1,28.90,21.41,true,1,
7290019274087,false,"ארוסול קצף לאסלות 400מ""ל",סאסא טק,IL,ארוסול קצף ניקוי,מיליליטרים,400.00,"100 מ""ל",false,1,17.00,4.25,true,1,
7290019274254,false,תרסיס TNX ליקוי מזגן400מ,"סאסאטק אגש""\ח בע""\מ",IL,תרסיס ניקוי מזגן,מיליליטרים,400.00,"100 מ""ל",false,1,34.10,8.53,true,1,
7290019297222,false,פולי סויה אדממה 450גרם,שקדיה,IL,פולי סויה אדממה,גרמים,450.00,100 גרם,false,0,11.00,2.44,true,1,
7290019302377,false,"למברוסקו וילה אדום750מ""ל",ג'קובזי איי. אי פיגילי ג,IT,למברוסקו וילה,מיליליטרים,750.00,"100 מ""ל",false,1,27.30,3.64,true,1,
7290100240656,false,פתית קרקר שיפון 300 גרם,יוניליוור ישראל מזון בע\,IL,פתית קרקר שיפון,גרמים,300.00,100 גרם,false,0,16.00,5.33,true,1,
7290100243671,false,"בדין אקסטרה כחול 960 מ""ל",יוניליוור סנאיי וי טיקאר,TR,מרכך כביסה בדין,מיליליטרים,960.00,"100 מ""ל",false,0,15.30,1.59,true,1,
7290100245231,false,נמס בכוס ט.עוף ש.מרק50גר,יוניליוור,IL,נמס בכוס ט.עוף,גרמים,50.00,100 גרם,false,0,6.60,13.20,true,1,
7290100249598,false,רוטב לעוף שום ודבש320גרם,יוניליוור ישראל מזון בע\,IL,רוטב לעוף,גרמים,320.00,100 גרם,false,0,10.10,3.16,true,1,
7290100412800,false,תחליב רחצה עור יבש 700 מ,אמיליה,IL,תחליב רחצה,מיליליטרים,700.00,"100 מ""ל",false,1,17.00,2.43,true,1,
7290100659090,false,חטיף FREE תמר וקינמון5יח,טבעית מוצרים מן הטבע בעמ,IL,חטיף FREE תמרים,גרמים,110.00,100 גרם,false,0,14.40,13.09,true,1,
7290100680667,false,מנה חמה נודלס סצ'ואן76גר,PUB FOODS PRESIDENT THAI,TH,מנה חמה נודלס,גרמים,76.00,100 גרם,false,0,5.90,7.76,true,1,
7290100680711,false,פירורית זהב,עינת תעשיות,IL,פירורית זהב אסם,גרמים,350.00,100 גרם,false,0,8.10,2.31,true,1,
7290100685136,false,"מרק טעם עוף פרווה 1 ק""ג","אסם השקעות בע""\מ",IL,מרק טעם עוף,קילוגרמים,1.00,"ק""ג",false,0,13.50,13.50,true,1,
7290100685334,false,מרק עוף רכיבים טבעיים400,"אסם השקעות בע""\מ",IL,מרק עוף אמיתי,גרמים,400.00,100 גרם,false,0,21.80,5.45,true,1,
7290100685341,false,מרק ט.עוף רכ' טבעיים400ג,"אסם השקעות בע""\מ",IL,מרק טעם עוף,גרמים,400.00,100 גרם,false,0,16.10,4.03,true,1,
7290100686164,false,ביסלי ברביקיו 35*6 גרם,"אסם השקעות בע""\מ",IL,ביסלי מארז 6 יח,גרמים,210.00,100 גרם,false,0,12.30,5.86,true,1,
7290100686171,false,ביסלי גריל 6 * 35 גרם,"אסם השקעות בע""\מ",IL,ביסלי מארז 6 יח,גרמים,210.00,100 גרם,false,0,12.30,5.86,true,1,
7290100687109,false,במבה נוגט 60 גרם,"אסם השקעות בע""\מ",IL,במבה נוגט,גרמים,60.00,100 גרם,false,0,4.10,6.83,true,1,
7290100689301,false,מרק בטעם עוף זך 400גר,"אסם השקעות בע""\מ",IL,מרק בטעם עוף זך,גרמים,400.00,100 גרם,false,0,14.40,3.60,true,1,
7290100700006,false,"חיטה 1 ק""ג","סוגת תעשיות בע""\מ",IL,חיטה,קילוגרמים,1.00,"ק""ג",false,0,8.70,8.70,true,1,
7290100700020,false,גריסי פנינה 500 גרם,"סוגת תעשיות בע""\מ",IL,גריסי פנינה,גרמים,500.00,100 גרם,false,0,5.80,1.16,true,1,
7290100700075,false,פירורי לחם מוזהבים200ג,"סוגת תעשיות בע""\מ",IL,פירורי לחם מוזהב,גרמים,200.00,100 גרם,false,0,3.90,1.95,true,1,
7290100700242,false,"אורז מלא עגול סוגת 1 ק""ג","סוגת תעשיות בע""\מ",IL,אורז מלא עגול,קילוגרמים,1.00,"ק""ג",false,0,8.40,8.40,true,1,
7290100700327,false,"גריסי פנינה 1 ק""ג","סוגת תעשיות בע""\מ",IL,"גריסי פנינה 1ק""ג",קילוגרמים,1.00,"ק""ג",false,0,7.80,7.80,true,1,
7290100700372,false,"אורז בסמטי מלא 1 ק""ג","סוגת תעשיות בע""\מ",IL,אורז בסמטי מלא,קילוגרמים,1.00,"ק""ג",false,0,12.70,12.70,true,1,
7290100700396,false,"אורז יסמין קלאסי 1 ק""ג","סוגת תעשיות בע""\מ",IL,אורז יסמין סוגת,קילוגרמים,1.00,"ק""ג",false,0,10.50,10.50,true,1,
7290100700419,false,"בורגול 1 ק""ג","סוגת תעשיות בע""\מ",IL,"בורגול 1 ק""ג",קילוגרמים,1.00,"ק""ג",false,0,7.20,7.20,true,1,
7290100700587,false,בורגול 500 גרם,"סוגת תעשיות בע""\מ",IL,בורגול 500 גרם,גרמים,500.00,100 גרם,false,0,5.80,1.16,true,1,
7290100701157,false,"אורז להכנת סושי 1 ק""ג","סוגת תעשיות בע""\מ",IL,אורז להכנת סושי,קילוגרמים,1.00,"ק""ג",false,0,12.60,12.60,true,1,
7290100701300,false,קינואה אדומה 500 גרם,"סוגת תעשיות בע""\מ",IL,קינואה אדומה,גרמים,500.00,100 גרם,false,0,13.00,2.60,true,1,
7290100701577,false,"קמח לחם 1 ק""ג",טחנות קמח שטיבל באר שבע,IL,"קמח לחם 1 ק""ג",קילוגרמים,1.00,"ק""ג",false,0,7.60,7.60,true,1,
7290100702611,false,פתיתים אפויים אורז500גרם,"אסיף תעשיות מזון בע""\מ",IL,פתיתים סוגת,גרמים,500.00,100 גרם,false,0,4.40,0.88,true,1,
7290100703007,false,עדשים שחורות בלוגה 500ג,"סוגת תעשיות בע""\מ",IL,עדשים שחורות,גרמים,500.00,100 גרם,false,1,8.40,1.68,true,1,
7290100703458,false,כוסמת לא קלויה 500 גרם,"סוגת תעשיות בע""\מ",IL,כוסמת לא קלויה,גרמים,500.00,100 גרם,false,1,6.70,1.34,true,1,
7290100703533,false,"קמח קסם סוגת 1 ק""ג",טחנות קמח שטיבל באר שבע,IL,קמח קסם,קילוגרמים,1.00,"ק""ג",false,1,7.60,7.60,true,1,
7290100704516,false,חומוס מיני 500 גרם,"סוגת תעשיות בע""\מ",IL,חומוס מיני,גרמים,500.00,100 גרם,false,1,5.90,1.18,true,1,
7290100704622,false,סוכר דמררה דק דק בצנצנת,"סוגת תעשיות בע""\מ",IL,סוכר דמררה דק דק,גרמים,500.00,100 גרם,false,1,7.60,1.52,true,1,
7290100850909,false,דוריטוס נאצ'ו 70 גרם,"שטראוס פריטו ליי  בע""\מ",IL,דוריטוס נאצ'ו,גרמים,70.00,100 גרם,false,0,3.50,5.00,true,1,
7290100850916,false,דוריטוס חמוץ חריף 70 גרם,"שטראוס פריטו ליי בע""\מ )",IL,דוריטוס חמוץ ח,גרמים,70.00,100 גרם,false,0,3.50,5.00,true,1,
7290100850923,false,דוריטוס גריל 70 גרם,"שטראוס פריטו ליי בע""\מ )",IL,דוריטוס גריל,גרמים,70.00,100 גרם,false,0,3.50,5.00,true,1,
7290100850930,false,דוריטוס בטעם טבעי 70 גרם,"שטראוס פריטו ליי בע""\מ )",IL,חטיף דוריטוס,גרמים,70.00,100 גרם,false,0,3.50,5.00,true,1,
7290100852606,false,קפה טורקי 100*4 גרם,שטראוס קפה בי.וי.,IL,קפה טורקי 4 יח,גרמים,400.00,100 גרם,false,0,28.10,7.03,true,1,
7290100858592,false,קקאו עלית 150 גרם,עלית,IL,קקאו עלית,גרמים,150.00,100 גרם,false,0,8.70,5.80,true,1,
7290100921609,false,סבון אסלה סוד אוקיינוס50,"הנקל סוד בע""\מ",RS,סבון אסלה סוד,גרמים,50.00,100 גרם,false,0,6.70,13.40,true,1,
7290100925669,false,קולור קאצ'ר 10 דפים,"הנקל סוד בע""\מ",IE,דפי קולור קאצ'ר,יחידה,1.00,יחידה,false,1,11.80,11.80,true,1,
7290101110811,false,גלידל ו.פסיפלורה 8יח,פלקו בעמ,IL,גלידל פסיפלורה,גרמים,600.00,100 גרם,false,0,29.80,4.97,true,1,
7290101112921,false,מאגדת גלידל פירות טרופים,פלקו בעמ,IL,מאגדת גלידל פרי,גרמים,640.00,100 גרם,false,1,22.90,3.58,true,1,
7290101113584,false,מאגדת טילון יולו לבן,הגלידות של פלדמן,IL,מאגדת טילון יולו,גרמים,400.00,100 גרם,false,1,23.80,5.95,true,1,
7290101113751,false,מאגדת שלגון יולו בלונדי,,IL,מאגדת שלגון יולו,גרמים,200.00,100 גרם,false,1,19.50,9.75,true,1,
7290101113904,false,מנבו וניל 12 * 24 גרם,,IL,מנבו וניל,גרמים,288.00,100 גרם,false,1,21.20,7.36,true,1,
7290101488248,false,ליידי ס.סטיק רולאון ורוד,קולגייט פלמוליב,IT,ליידי ספיד סטיק,מיליליטרים,50.00,"100 מ""ל",false,0,12.70,25.40,true,1,
7290101488286,false,ליידי ס.סטיק 24/7ורוד150,קולגייט פלמוליב,RU,ליידי ספיד סטיק,מיליליטרים,150.00,"100 מ""ל",false,0,12.70,8.47,true,1,
7290101551027,false,"קפסולות מס' 14 כשל""פ50ג",שטראוס קפה בי.וי,IL,קפסולות מס' 14,גרמים,50.00,100 גרם,false,1,16.10,32.20,true,1,
7290101551539,false,דנונה פרו+חלבון אפרסק200,"שטראוס בריאות בע""מ",IL,דנונה פרו אפרסק,גרמים,200.00,100 גרם,false,1,5.30,2.65,true,1,
7290101551584,false,תפוצ'יפס קידס 20*10 גרם,"שטראוס פריטו ליי בע""מ )פ",IL,תפוצ'יפס קידס10*,גרמים,200.00,100 גרם,false,1,13.50,6.75,true,1,
7290101551614,false,צ'יטוס קראנצ' גבינה30*8ג,"שטראוס פריטו ליי בע""מ )פ",IL,צ'יטוס גבינה 8יח,גרמים,240.00,100 גרם,false,1,12.30,5.13,true,1,
7290101551638,false,צ'יטוס כאפה מארז 20*10 ג,"שטראוס פריטו ליי בע""מ )פ",IL,צ'יטוס כאפה 10יח,גרמים,200.00,100 גרם,false,1,11.50,5.75,true,1,
7290101863410,false,סיליט אקונומיקה ספריי750,רקיט בנקיזר,PL,סילים ספריי,מיליליטרים,750.00,"100 מ""ל",false,0,14.40,1.92,true,1,
7290101864127,false,מסיר כתמים קליה750מ,רקיט בנקיזר,IL,קליה ספריי,מיליליטרים,750.00,"100 מ""ל",false,0,14.40,1.92,true,1,
7290101866787,false,מסיר כתמ.ג'ל קליה לבן 3ל,רקיט בנקיזר,IL,וניש לכביסה לבנה,ליטרים,3.00,ליטר,false,0,25.50,8.50,true,1,
7290101868958,false,פיניש נוזל הברקה 800מל,,PL,פיניש נוזל הברקה,מיליליטרים,800.00,"100 מ""ל",false,0,17.80,2.23,true,1,
7290101869788,false,איירוויק מילוי 250מל,רקיט בנקיזר,GB,אירוויק מילוי,מיליליטרים,250.00,"100 מ""ל",false,1,14.40,5.76,true,1,
7290101869795,false,איירוויק מילוי 250מל,רקיט בנקיזר,GB,אירוויק מילוי,מיליליטרים,250.00,"100 מ""ל",false,1,14.40,5.76,true,1,
7290101869818,false,אירויק מכשיר חלום ל.קיץ,רקיט בנקיזר,HU,אירויק מכשיר,מיליליטרים,19.00,"100 מ""ל",false,1,22.10,116.32,true,1,
7290102030330,false,תפוצ'יפס מקסיקני 200 גרם,"שטראוס פריטו ליי בע""\מ )",IL,תפוצ'יפס,גרמים,200.00,100 גרם,false,0,9.30,4.65,true,1,
7290102031276,false,"אקטימל תות בננה 100*8מ""ל","שטראוס גרופ בע""\מ",IL,אקטימל 8 יח,מיליליטרים,800.00,"100 מ""ל",false,0,19.40,2.43,true,1,
7290102060764,false,2 מברשות שיניים מרידול,גאבה,CH,2 מברשות שיניים,יחידה,1.00,יחידה,false,0,27.20,27.20,true,1,
7290102060979,false,"משחה שיניים אלמקס 100מ""ל",קולגייט- פלמוליב,PL,משחת שיניים,מיליליטרים,100.00,"100 מ""ל",false,0,14.40,14.40,true,1,
7290102062195,false,"משחת אלמקס ג'וניור 75מ""ל",קולגייט- פלמוליב,PE,משחת אלמקס,מיליליטרים,75.00,"100 מ""ל",false,0,11.80,15.73,true,1,
7290102300822,false,גבינת צ'דר כתום,,GB,גבינת צ'דר כתום,גרמים,200.00,100 גרם,false,0,24.70,12.35,true,1,
7290102300860,false,גבינת צ'דר לבן,,GB,גבינת צ'דר לבן,גרמים,200.00,100 גרם,false,0,24.70,12.35,true,1,
7290102303878,false,חמאה גורמה אלוויר 200גרם,,FR,חמאה גורמה אלויר,גרמים,200.00,100 גרם,false,1,17.00,8.50,true,1,
7290102392254,false,חלב 1% בקרטון 2 ליטר,מילקו תעשיות בעמ,IL,חלב 1% בקרטון,ליטרים,2.00,ליטר,false,0,10.02,5.01,true,1,
7290102393268,false,גבינה לבנה 5% 750 גרם,טרה,IL,גבינה לבנה 5%,גרמים,750.00,100 גרם,false,0,12.78,1.70,true,1,
7290102398065,false,חלב 3% בקרטון מהדרין 2ל',טרה,IL,חלב 3% בקרטון,ליטרים,2.00,ליטר,false,1,10.64,5.32,true,1,
7290103124601,false,פלמוליב חלב ודבש משאב750,קולגייט פלמוליב,TR,סבון פלמוליב,מיליליטרים,750.00,"100 מ""ל",false,0,18.70,2.49,true,1,
7290103400255,false,"סלט קולסלאו/בד""צ 400גרם",שטראוס בריאות ירקות טריי,IL,סלט קולסלאו,גרמים,400.00,100 גרם,false,0,9.90,2.48,true,1,
7290103401429,false,קפה פלטינום ברזילאי 200,עלית,IL,קפה פלטינום,גרמים,200.00,100 גרם,false,0,24.70,12.35,true,1,
7290103404758,false,סלט כרוב אדום יום יום120,"שטראוס גרופ בע""\מ",IL,כרוב אדום אחלה,גרמים,120.00,100 גרם,false,0,4.50,3.75,true,1,
7290103408206,false,חסה ערבית שטוף250גרם,שטראוס בריאות ירקות טריי,IL,חסה ערבית250ג',גרמים,250.00,100 גרם,false,0,11.90,4.76,true,1,
7290103681173,false,"קברנה הר תבור 750 מ""ל",מיוצר על ידי יקב תבור,IL,קברנה הר תבור,מיליליטרים,750.00,"100 מ""ל",false,1,33.20,4.43,true,1,
7290103681180,false,"מרלו הר תבור 750 מ""ל",מיוצר על ידי יקב תבור,IL,מרלו הר תבור,מיליליטרים,750.00,"100 מ""ל",false,1,33.20,4.43,true,1,
7290103681197,false,"שיראז הר תבור 750 מ""ל",מיוצר על ידי יקב תבור,IL,יין שיראז הר,מיליליטרים,750.00,"100 מ""ל",false,1,33.20,4.43,true,1,
7290103681210,false,"שרדונה הר תבור 750 מ""ל",מיוצר על ידי יקב תבור,IL,שרדונה הר תבור,מיליליטרים,750.00,"100 מ""ל",false,1,33.20,4.43,true,1,
7290103681227,false,גוורצטרמינר הר תבור750מל,מיוצר על ידי יקב תבור,IL,גוורצטרמינר הר,מיליליטרים,750.00,"100 מ""ל",false,1,33.20,4.43,true,1,
7290103704957,false,מגבות נייר 3 שכבות ענק3ג,,IL,מגבות 3גלילי ענק,מטרים,57.00,מטר,false,1,17.00,0.30,true,1,
7290103704964,false,נייר טואלט 3 שכבות 9 גל,,IL,נייר טואלט 9 גל,מטרים,277.00,מטר,false,1,29.80,0.11,true,1,
7290104061417,false,חומוס עם טחינה אחלה 400ג,"שטראוס גרופ בע""\מ",IL,חומוס טחינה אחלה,גרמים,400.00,100 גרם,false,0,10.10,2.53,true,1,
7290104061424,false,חומוס עם זעתר אחלה 400 ג,"שטראוס גרופ בע""\מ",IL,חומוס זעתר אחלה,גרמים,400.00,100 גרם,false,0,10.10,2.53,true,1,
7290104061431,false,חומוס עם צנובר אחלה 400ג,"שטראוס גרופ בע""\מ",IL,חומוס צנובר אחלה,גרמים,400.00,100 גרם,false,0,10.10,2.53,true,1,
7290104061448,false,חומוס עם חריף אחלה 400 ג,"שטראוס גרופ בע""\מ",IL,חומוס חריף אחלה,גרמים,400.00,100 גרם,false,0,10.10,2.53,true,1,
7290104065934,false,עלי רוקט 150גרם שטראוס,שטראוס בריאות ירקות טריי,IL,עלי רוקט 150גרם,גרמים,150.00,100 גרם,false,0,10.90,7.27,true,1,
7290104066566,false,טחינה אחלה 500 גרם,"שטראוס גרופ בע""\מ",IL,טחינה אחלה 500גר,גרמים,500.00,100 גרם,false,0,13.50,2.70,true,1,
7290104068539,false,מאסט LL מלון ואבטיח 28גר,עלית,IL,מסטיק מאסט,גרמים,28.00,100 גרם,false,0,3.90,13.93,true,1,
7290104068546,false,מאסט קולה לימון 28 גרם,עלית,IL,מסטיק מאסט,גרמים,28.00,100 גרם,false,0,3.90,13.93,true,1,
7290104500572,false,אפרופו איטליאנו 50 גרם,"אסם השקעות בע""\מ",IL,אפרופו איטליאנו,גרמים,50.00,100 גרם,false,0,4.90,9.80,true,1,
7290104504228,false,מיני דובונים 20*5 גרם,"אסם השקעות בע""\מ",IL,מיני דובונים 5יח,גרמים,100.00,100 גרם,false,0,12.50,12.50,true,1,
7290104721953,false,לקט מסולסלים350ג שטראוס,שטראוס בריאות ירקות טריי,IL,לקט מסולסלים350ג,גרמים,350.00,100 גרם,false,0,13.90,3.97,true,1,
7290104722530,false,תפוצ'יפס שמנת בצל 200גרם,"שטראוס פריטו ליי בע""\מ )",IL,תפוצ'יפס שמנת,גרמים,200.00,100 גרם,false,0,9.30,4.65,true,1,
7290104726262,false,דני שלוק שוקולד 125*4גרם,"שטראוס גרופ בע""\מ",IL,דני שלוק 4 יח,גרמים,500.00,100 גרם,false,0,9.80,1.96,true,1,
7290104726712,false,מארז מילקי ט.שוקולד170*8,"שטראוס גרופ בע""\מ",IL,מארז מילקי 8 יח',ליטרים,1.36,ליטר,false,0,18.10,13.31,true,1,
7290104728310,false,שמנת לקצפת 38% 250 גרם,מחלבת יטבתה,IL,שמנת לקצפת 38%,גרמים,250.00,100 גרם,false,0,5.53,2.21,true,1,
7290104961878,false,"שמפו קרטין נטורל 400 מ""ל",קוסמופארם בע'\'\מ,IL,שמפו קרטין,מיליליטרים,400.00,"100 מ""ל",false,0,25.60,6.40,true,1,
7290104961885,false,"מרכך קרטין נטורל 400 מ""ל",קוסמופארם בע'\'\מ,IL,מרכך קרטין,מיליליטרים,400.00,"100 מ""ל",false,0,25.60,6.40,true,1,
7290104961908,false,"סרום קרטין נטורל 145 מ""ל",קוסמופארם,IL,סרום קרטין,מיליליטרים,145.00,"100 מ""ל",false,0,42.80,29.52,true,1,
7290104962349,false,סקינגארד ג'ל שקוף לפנים,מיוצר עי : אמיליה קוסמטי,IL,סקינגארד ג'ל,מיליליטרים,60.00,"100 מ""ל",false,0,34.10,56.83,true,1,
7290104962882,false,סבון פנים עם מברשת ניקוי,"קוסמופארם בע""\מ.",IL,סבון פנים מקציף,מיליליטרים,150.00,"100 מ""ל",false,1,38.00,25.33,true,1,
7290104963940,false,25מגבוני פחם להסרת איפור,קרליין,IL,מגבונים מסיר איפ,יחידה,1.00,יחידה,false,1,12.70,12.70,true,1,
7290104964084,false,EFFECT MULTI קרם יום,פאר פארם בעמ,IL,EFFECT MULTI קרם,מיליליטרים,50.00,"100 מ""ל",false,1,42.60,85.20,true,1,
7290104964701,false,סקין גארד קרם הגנה לגולש,אמיליה קוסמטיקס בעמ,IL,סקינגארד קרם,מיליליטרים,60.00,"100 מ""ל",false,1,34.10,56.83,true,1,
7290105360250,false,קפסולות קפה מס' 9 50 גרם,שטראוס קפה בי.וי.,IL,קפסולות קפה,גרמים,50.00,100 גרם,false,0,16.10,32.20,true,1,
7290105360328,false,קפסולות מס' 10 50 גרם,שטראוס קפה בי.וי.,IL,קפסולות מס' 10,גרמים,50.00,100 גרם,false,0,16.10,32.20,true,1,
7290105360755,false,"שמן זית 3 חזק 750 מ""ל",מכוורת יד מרדכי שטראוס ב,IL,שמו זית 3 חזק,מיליליטרים,750.00,"100 מ""ל",false,0,32.30,4.31,true,1,
7290105360762,false,"שמן זית 1 עדין 750 מ""ל",מכוורת יד מרדכי שטראוס ב,IL,שמן זית 1 עדין,מיליליטרים,750.00,"100 מ""ל",false,0,32.30,4.31,true,1,
7290105360878,false,תפוצ'יפס 50*4 גרם,"שטראוס פריטו ליי בע""\מ )",IL,תפוצ'יפס 4 יח,גרמים,200.00,100 גרם,false,0,10.60,5.30,true,1,
7290105362339,false,שמנת לבישול15%מהדרין250,מחלבת יטבתה,IL,שמנת לבישול 15%,מיליליטרים,250.00,"100 מ""ל",false,0,7.30,2.92,true,1,
7290105363602,false,כיף כף מקלות קלאסי 40 גר,עלית,TR,כיף כף מקלות,גרמים,40.00,100 גרם,false,0,4.40,11.00,true,1,
7290105364289,false,כיף כף מקלות פצפוצים40גר,עלית,TR,כיף כף מקלות,גרמים,40.00,100 גרם,false,0,4.40,11.00,true,1,
7290105364302,false,כיף כף מקלות אגוזים42גרם,עלית,TR,כיף כף מקלות,גרמים,42.00,100 גרם,false,0,4.40,10.48,true,1,
7290105366023,false,חציל בטעם כבד 400 גרם,"שטראוס גרופ בע""\מ",IL,חציל בטעם כבד,גרמים,400.00,100 גרם,false,0,14.40,3.60,true,1,
7290105366047,false,טחינה לבנה 400 גרם,"שטראוס גרופ בע""\מ",IL,טחינה לבנה,גרמים,400.00,100 גרם,false,0,14.40,3.60,true,1,
7290105368331,false,"מילקי בטעם תות 170 מ""ל",שטראוס,IL,מילקי טעם תות,מיליליטרים,170.00,"100 מ""ל",false,0,2.40,1.41,true,1,
7290105368928,false,שמנת 9% יטבתה מהדרין200מ,מחלבת יטבתה,IL,שמנת 9% יטבתה,מיליליטרים,200.00,"100 מ""ל",false,0,2.70,1.35,true,1,
7290105369130,false,סימפוניה בצל ירוק5% 200ג,"שטראוס בריאות בע""\מ",IL,גבינת סימפוניה,גרמים,200.00,100 גרם,false,0,10.50,5.25,true,1,
7290105430458,false,סבון פלמוליב שקדים 750 מ,קולגייט פלמוליב,TR,סבון פלמוליב,מיליליטרים,750.00,"100 מ""ל",false,0,18.70,2.49,true,1,
7290105431516,false,חטיפי FREE תמר+בוטנים5יח,טבעית מוצרים מן הטבע בעמ,IL,חטיפי FREE,גרמים,125.00,100 גרם,false,0,14.40,11.52,true,1,
7290105436382,false,חטיף FREE תמרים קשיו25*5,טבעית מוצרים מן הטבע בעמ,IL,חטיפי FREE,גרמים,125.00,100 גרם,false,0,14.40,11.52,true,1,
7290105439499,false,מיונז מאסטר שף 481 גרם,רמיה סי.וי.הולנד,NL,מיונז מאסטר שף,גרמים,481.00,100 גרם,false,1,10.10,2.10,true,1,
7290105500151,false,וודקה פינלנדיה,,FI,וודקה פינלנדיה,מיליליטרים,700.00,"100 מ""ל",false,0,51.20,7.31,true,1,
7290105500236,false,וויסקי ג'ק דניאל,,US,וויסקי ג'ק דניאל,מיליליטרים,700.00,"100 מ""ל",false,0,111.00,15.86,true,1,
7290105500953,false,וויסקי,,BE,וויסקי,מיליליטרים,700.00,"100 מ""ל",false,0,111.00,15.86,true,1,
7290105691248,false,קריספי טורטיה תירס 60 גר,"פרח תעשיות מזון בע""מ.",IL,קריספי טורטיה,גרמים,60.00,100 גרם,false,0,6.90,11.50,true,1,
7290105691934,false,"קמח שמרים 1 ק""ג",תחנת קמח המפרץ,IL,"קמח שמרים 1 ק""ג",קילוגרמים,1.00,"ק""ג",false,0,9.20,9.20,true,1,
7290105694904,false,מרק פטריות רכיבים טבעיים,"אסם השקעות בע""\מ",IL,מרק פטריות,גרמים,220.00,100 גרם,false,0,15.30,6.95,true,1,
7290105695024,false,פתיתים אורז ואטריות500ג,"אסם השקעות בע""\מ",IL,פתיתים אפויים,גרמים,500.00,100 גרם,false,0,5.80,1.16,true,1,
7290105962331,false,סחוג חריף מאוד זהבי220ג,"זהבי הכרם בע""\מ",IL,סחוג חריף זהבי,גרמים,220.00,100 גרם,false,0,10.60,4.82,true,1,
7290105964564,false,חומוס אחלה 400 גרם,"שטראוס גרופ בע""\מ",IL,סלט חומוס אחלה,גרמים,400.00,100 גרם,false,1,8.10,2.03,true,1,
7290105965738,false,דנונה לשתיה תות בננה267ג,"שטראוס גרופ בע""\מ",IL,דנונה לשתיה,גרמים,267.00,100 גרם,false,0,4.40,1.65,true,1,
7290105968098,false,סלט קולסלאו אחלה 500 גרם,"שטראוס גרופ בע""\מ",IL,סלט קולסלאו אחלה,גרמים,500.00,100 גרם,false,0,14.40,2.88,true,1,
7290105968654,false,רביולי בטטה פרווה 400 גר,"שטראוס גרופ בע""\מ",IL,רביולי בטטה 400ג,גרמים,400.00,100 גרם,false,0,18.50,4.63,true,1,
7290105968777,false,פריכיות תחתית שוק.מריר70,"שטראוס גרופ בע""\מ",IL,פריכיות + שוקולד,גרמים,70.00,100 גרם,false,0,7.60,10.86,true,1,
7290106520066,false,רבע לשבע גלילית אגוז160ג,"הגביע מוצרי וופלים בע""\מ",IL,רבע לשבע 160 גרם,גרמים,160.00,100 גרם,false,0,11.00,6.88,true,1,
7290106520288,false,יוגורט דנונה פרו תות150ג,"שטראוס גרופ בע""\מ",IL,דנונה WOW תות,גרמים,150.00,100 גרם,false,1,4.10,2.73,true,1,
7290106520905,false,סלט טורקי 400 גרם,"שטראוס גרופ בע""\מ",IL,סלט טורקי,גרמים,400.00,100 גרם,false,0,14.40,3.60,true,1,
7290106520912,false,"שמנת לבישול 9% 250 מ""ל",מחלבת יטבתה,IL,שמנת לבישול 9%,מיליליטרים,250.00,"100 מ""ל",false,0,7.30,2.92,true,1,
7290106521049,false,סלט קוביות סלק 400 גרם,"שטראוס גרופ בע""\מ",IL,סלט קוביות סלק,גרמים,400.00,100 גרם,false,0,14.40,3.60,true,1,
7290106528628,false,דוריטוס Dippas טבעי185ג,"שטראוס פריטו ליי בע""\מ )",IL,דוריטוס Dippas,גרמים,185.00,100 גרם,false,1,7.10,3.84,true,1,
7290106528949,false,לקט ערוגות שטראוס 450גרם,שטראוס בריאות ירקות טריי,IL,לקט ערוגות,גרמים,450.00,100 גרם,false,0,13.90,3.09,true,1,
7290106572959,false,אפרופו קלאסי מארז 25*5גר,"אסם השקעות בע""\מ",IL,אפרופו 5 יח,גרמים,125.00,100 גרם,false,0,11.80,9.44,true,1,
7290106573277,false,חט.קריספי טאפאס זיתים150,"אסם השקעות בע""\מ",IL,חטיפי קריספי,גרמים,150.00,100 גרם,false,0,11.40,7.60,true,1,
7290106574977,false,בייגלה שטוחים מלח300גרם,"אסם השקעות בע""\מ",IL,בייגלה שטוחים,גרמים,300.00,100 גרם,false,0,10.10,3.37,true,1,
7290106576537,false,חומוס מסעדה צבר 700גרם,סלטי צבר,IL,חומוס מסעדה צבר,גרמים,700.00,100 גרם,false,0,11.20,1.60,true,1,
7290106576858,false,לה קרמריה תותים,,IL,לה קרמריה,ליטרים,1.40,ליטר,false,0,18.70,13.35,true,1,
7290106576919,false,לה קרמריה סורבה,גלידות נסטלה )נגה גלידות,IL,לח קרמריה,ליטרים,1.40,ליטר,false,0,18.70,13.35,true,1,
7290106577039,false,לה קרמריה וניל+שוק,גלידות נסטלה,IL,לא קרמריה,ליטרים,1.40,ליטר,false,0,18.70,13.35,true,1,
7290106577282,false,טחינה צבר מרובע 400 גרם,סלטי צבר,IL,טחינה צבר,גרמים,400.00,100 גרם,false,0,11.80,2.95,true,1,
7290106578821,false,עוגת שמרים שוקולד 350גרם,"אסם השקעות בע""\מ",IL,עוגת שמרים,גרמים,350.00,100 גרם,false,0,15.80,4.51,true,1,
7290106653689,false,לקט לסלט אסייאתי 350גרם,שטראוס בריאות ירקות טריי,IL,לקט לסלט אסייאתי,גרמים,350.00,100 גרם,false,1,10.90,3.11,true,1,
7290106654099,false,מילקי קייק 34*8 גרם,בובארד איטליה אס.פי.איי,IT,מילקי קייק 8 יח',גרמים,272.00,100 גרם,false,1,17.80,6.54,true,1,
7290106656727,false,חיוכים שוקולד 600 גרם,"אפיפית נצרת (1971) בע""\מ",IL,חיוכים שוקולד,גרמים,600.00,100 גרם,false,0,16.00,2.67,true,1,
7290106663558,false,רוטב טריאקי 320 גרם,"ב.א. מזון בע""\מ",IL,רוטב טריאקי,גרמים,320.00,100 גרם,false,1,12.80,4.00,true,1,
7290106664555,false,רוטב שמנת+עגבניות9% 250מ,יטבתה,IL,רוטב שמנת,מיליליטרים,250.00,"100 מ""ל",false,1,9.60,3.84,true,1,
7290106664562,false,רוטב שמנת+פטריות 9% 200מ,יטבתה,IL,רוטב שמנת פטריות,מיליליטרים,250.00,"100 מ""ל",false,1,9.60,3.84,true,1,
7290106666788,false,סוכריות דבש ממולאות 80ג,מיישקו,PL,סוכריות דבש,גרמים,80.00,100 גרם,false,1,5.50,6.88,true,1,
7290106720626,false,ציטוס גבינה 80 גרם,"שטראוס פריטו ליי בע""\מ )",IL,ציטוס גבינה,גרמים,80.00,100 גרם,false,1,4.40,5.50,true,1,
7290106721913,false,מסטיק מרעננת מגדים 66גרם,עלית,IL,מסטיק מרעננת,גרמים,66.00,100 גרם,false,1,9.80,14.85,true,1,
7290106721920,false,מסטיק ספירמינט צ'יקלט66ג,"שטראוס גרופ בע""\מ.",IL,מסטיק ספירמינט,גרמים,66.00,100 גרם,false,1,9.80,14.85,true,1,
7290106726178,false,דנונה פרו פירות יער150ג,"שטראוס גרופ בע""\מ",IL,דנונה WOW פ.יער,גרמים,150.00,100 גרם,false,1,4.10,2.73,true,1,
7290106727984,false,כיף כף פצפצים בגביע135ג,שולן צ'\יקולטה גידה סאן.,TR,כיף כף פצפצים,גרמים,135.00,100 גרם,false,1,9.80,7.26,true,1,
7290106770577,false,ממרח חלבה 350 גרם,אלמנדוס,IL,ממרח חלבה,גרמים,350.00,100 גרם,false,1,12.70,3.63,true,1,
7290106772472,false,ממרח אגוזי לוז+קקאו350גר,אלמנדוס,IL,ממרח אגוזי לוז,גרמים,350.00,100 גרם,false,1,12.70,3.63,true,1,
7290106775091,false,מחית פיסטוק 200 גרם,,IL,מחית פיסטוק,גרמים,200.00,100 גרם,false,1,34.90,17.45,true,1,
7290107280020,false,מטליות לחות מארז,,IL,מטליות לחות מארז,יחידה,1.00,יחידה,false,0,17.00,17.00,true,1,
7290107280341,false,מטליות ריצפז מלון מפנק10,"סנו, ח.צ 520032988",IL,מטליות ריצפז,יחידה,1.00,יחידה,false,1,11.00,11.00,true,1,
7290107280396,false,מתז ג'ט למטבח,,IL,מתז ג'ט למטבח,מיליליטרים,750.00,"100 מ""ל",false,0,11.80,1.57,true,1,
7290107280570,false,ג'ל כביסה,,IL,ג'ל כביסה,ליטרים,3.00,ליטר,false,0,30.40,10.13,true,1,
7290107280723,false,נוזל לכלים לימון 700מל,סנו,IL,נוזל לכלים לימון,מיליליטרים,700.00,"100 מ""ל",false,0,10.00,1.43,true,1,
7290107280747,false,"נוזל לכלים קלאסי 700מ""ל",סנו,IL,נוזל לכלים קלאסי,מיליליטרים,700.00,"100 מ""ל",false,0,10.00,1.43,true,1,
7290107280761,false,ספארק לימון+משאבה 1ל,סנו מפעלי ברונוס בעמ,IL,נוזל כלים לימון,ליטרים,1.00,ליטר,false,0,11.00,11.00,true,1,
7290107645584,false,מרק עוף אמיתי ר.טבעים400,יוניליוור ישראל מזון בע\,IL,מרק עוף אמיתי,גרמים,400.00,100 גרם,false,1,17.80,4.45,true,1,
7290107645591,false,מרק טעם עוף ר.טבעיים400ג,"יונליוור ישראל מזון בע""\",IL,מרק טעם עוף,גרמים,400.00,100 גרם,false,1,15.30,3.83,true,1,
7290107646147,false,חטיף שוגי קורנפלקס 26*6ג,יוניליוור ישראל מזון בעמ,IL,חטיפי שוגי 6 יח,גרמים,156.00,100 גרם,false,1,12.70,8.14,true,1,
7290107646154,false,חטיפי קוקומן פצפוצ 21*6ג,יוניליוור ישראל מזון בעמ,IL,חטיפי קוקומן 6יח,גרמים,126.00,100 גרם,false,1,12.70,10.08,true,1,
7290107646918,false,רוטב עגבניות לשקשוקה415ג,קונסורזיו קאסאלאסקו דל פ,IT,רוטב לשקשוקה,גרמים,415.00,100 גרם,false,1,11.80,2.84,true,1,
7290107647731,false,קוקומן חום לבן 375 גרם,יוניליוור ישראל מזון בעמ,IL,קוקומן חום לבן,גרמים,375.00,100 גרם,false,1,20.00,5.33,true,1,
7290107647816,false,"ברנפלקס ללת""ס 500 גרם",יוניליוור ישראל מזון בעמ,IL,"ברנפלקס ללת""ס",גרמים,500.00,100 גרם,false,1,17.80,3.56,true,1,
7290107647854,false,דגני בוקר שוגי 500 גרם,יוניליוור ישראל מזון בעמ,IL,דגני בוקר שוגי,גרמים,500.00,100 גרם,false,1,19.50,3.90,true,1,
7290107779302,false,זרעי ברוקולי ירוק 20זרעי,"גדות אגרו בע""\מ",IL,ברוקולי ירוק,יחידה,1.00,יחידה,false,1,8.40,8.40,true,1,
7290107871990,false,פסטה צינורות 500 גרם,פסטה זארה,IT,פסטה צינורות,גרמים,500.00,100 גרם,false,0,5.50,1.10,true,1,
7290107875400,false,להקרמריה פיסטוק מוקה 1.4,גלידות נסטלה,IL,להקרמריה,ליטרים,1.40,ליטר,false,0,18.70,13.35,true,1,
7290107877619,false,במבה מילוי קרם נוגט30*5ג,"אסם השקעות בע""\מ",IL,במבה נוגט 5 יח,גרמים,150.00,100 גרם,false,1,12.30,8.20,true,1,
7290107879569,false,מאגדת לה פרוטה מנגו 5יח,גלידות נסטלה )נגה גלידות,IL,מאגדת לה פרוטה,גרמים,350.00,100 גרם,false,1,25.50,7.29,true,1,
7290107879668,false,גל.לה פרוטה תות 70גרם,גלידות נסטלה )נגה גלידות,IL,גל.לה פרוטה תות,יחידה,1.00,יחידה,false,1,6.80,6.80,true,1,
7290107930321,false,קונפיטורה דובדבן 340 גרם,"ב.א. מזון בע""\מ",IL,קונפיטורה דובדבן,גרמים,340.00,100 גרם,false,1,13.40,3.94,true,1,
7290107932080,false,חלב מועשר3% בקבוק 1ליטר,מחלבת יטבתה,IL,חלב מועשר 3%,ליטרים,1.00,ליטר,false,1,6.70,6.70,true,1,
7290107933155,false,לקט סלנובה 200גרם,שטראוס בריאות ירקות טריי,IL,לקט סלנובה,גרמים,200.00,100 גרם,false,1,13.90,6.95,true,1,
7290107936309,false,יוגורט יווני לבן6.5% 130,"שטראוס גרופ בע""\מ",IL,יוגורט יווני,גרמים,130.00,100 גרם,false,1,2.90,2.23,true,1,
7290107936958,false,עד חצות אצבעות 125 גרם,ביסקוויטס טור ד'\אלבון,FR,עד חצות אצבעות,גרמים,125.00,100 גרם,false,1,10.10,8.08,true,1,
7290107936965,false,עד חצות עיגולים 225 גרם,עלית,FR,עד חצות עיגולים,גרמים,230.00,100 גרם,false,1,12.60,5.48,true,1,
7290107937542,false,משקה אקטיביה תות1.2% 265,"שטראוס גרופ בע""\מ",IL,משקה אקטביה תות,גרמים,265.00,100 גרם,false,1,4.30,1.62,true,1,
7290107937627,false,קוביות ספירמינט צנצנת58ג,אסקום קונפקשיין,DE,קוביות מסטיק,גרמים,58.00,100 גרם,false,1,9.80,16.90,true,1,
7290107937641,false,מסטיק בזוקה קוביות צנצ58,עלית,DE,קוביות מסטיק,גרמים,58.00,100 גרם,false,1,9.80,16.90,true,1,
7290107937856,false,קפסולות מס' 11 50 גרם,שטראוס קפה בי.וי,IL,קפסולות עלית,גרמים,50.00,100 גרם,false,1,16.10,32.20,true,1,
7290107938396,false,"מארז אקטימל תות 100*8מ""ל","שטראוס בריאות בע""\מ",IL,אקטימל תות 8יח',מיליליטרים,800.00,"100 מ""ל",false,1,19.40,2.43,true,1,
7290107939027,false,גזר דק דק 250גרם,שטראוס בריאות ירקות טריי,IL,גזר דק דק 250גרם,גרמים,250.00,100 גרם,false,1,8.90,3.56,true,1,
7290107940467,false,אקטיביה 1.5% 200 גרם,"שטראוס גרופ בע""\מ",IL,אקטיביה 1.5%,גרמים,200.00,100 גרם,false,1,3.50,1.75,true,1,
7290107941259,false,עדשים ירוקות מבושלות 475,שטראוס,ES,עדשים ירוקות,גרמים,475.00,100 גרם,false,1,12.90,2.72,true,1,
7290107941266,false,שעועית אדומה מבושלת 475ג,שטראוס,ES,שעועית אדומה,גרמים,475.00,100 גרם,false,1,14.90,3.14,true,1,
7290107941273,false,חומוס מבושל 475גרם,הורקסה לס לגונס,ES,חומוס מבושל,גרמים,475.00,100 גרם,false,1,12.90,2.72,true,1,
7290107943192,false,שמנת חמוצ.מהערבה27% 200מ,מחלבת יטבתה,IL,שמנת חמוצה 27%,מיליליטרים,200.00,"100 מ""ל",false,1,3.50,1.75,true,1,
7290107944472,false,סימפוניה שום שמיר5% 200ג,"שטראוס בריאות בע""\מ",IL,גבינת סימפוניה,גרמים,200.00,100 גרם,false,1,10.50,5.25,true,1,
7290107950190,false,מעדן דיאט שוקולד מריר130,"שטראוס גרופ בע""\מ",IL,מעדן דיאט שוקולד,גרמים,130.00,100 גרם,false,1,2.90,2.23,true,1,
7290107950206,false,מעדן דיאט שוקולד 130 גרם,"שטראוס גרופ בע""\מ",IL,מעדן דיאט שוקולד,גרמים,130.00,100 גרם,false,1,2.90,2.23,true,1,
7290107951104,false,בפלות בטעם שוקולד 200גרם,"א.ג. גילרו בע""\מ",IL,בפלות טעם שוקולד,גרמים,200.00,100 גרם,false,1,4.60,2.30,true,1,
7290107954709,false,קונפיטורת פירות יער340גר,"ב.א. מזון בע""\מ",IL,קונפיטורה פירות,גרמים,340.00,100 גרם,false,1,13.40,3.94,true,1,
7290107954976,false,משקה פרו קפה יטבתה350מ,מחלבת יטבתה,DE,משקה פרו קפה,מיליליטרים,350.00,"100 מ""ל",false,1,5.90,1.69,true,1,
7290107956895,false,קפסולות אספרסו קרמל50גרם,שטראוס קפה בי.וי,IL,קפסולות אספרסו,גרמים,50.00,100 גרם,false,1,16.10,32.20,true,1,
7290107956901,false,קפסולות אספרסו ט.אגוז50ג,שטראוס קפה בי.וי.,IL,קפסולות אספרסו,גרמים,50.00,100 גרם,false,1,16.10,32.20,true,1,
7290107956925,false,קפסולות אוגנדה 13 50 גרם,שטראוס קפה בי.וי.,IL,קפסולות קפה,גרמים,50.00,100 גרם,false,1,16.10,32.20,true,1,
7290107958035,false,דנונה מתיקות מעודנת150*8,"שטראוס גרופ בע""\מ",IL,דנונה מעודן 8 יח,קילוגרמים,1.20,"ק""ג",false,1,16.50,13.75,true,1,
7290107973014,false,סב.ידיים פלמוליב דבש300מ,קולגייט-פלמוליב,TR,סבון ידיים,מיליליטרים,300.00,"100 מ""ל",false,1,10.10,3.37,true,1,
7290107973861,false,עגבניות קצוצות דק 400*3ג,קונסורזיו קאסאלאסקו,IT,עגבניות קצוצות3י,קילוגרמים,1.20,"ק""ג",false,1,15.30,12.75,true,1,
7290107974073,false,עלי טורטיה קמח חיטהן320ג,"ש. שסטוביץ בע""\מ",ES,עלי טורטיה,גרמים,320.00,100 גרם,false,1,10.10,3.16,true,1,
7290107974301,false,ליידי ס.סטיק אלוורה ג'ל,קולגייט פלמוליב,US,ליידי ספיד סטיק,גרמים,45.00,100 גרם,false,1,15.20,33.78,true,1,
7290107976848,false,סבון פלמוליב קמומיל90*4,קולגייט פלמוליב,TR,סבון פלמוליב 4יח,גרמים,380.00,100 גרם,false,1,15.30,4.03,true,1,
7290107978453,false,קראנצ'וס גריל 55 גרם,מנה,IL,קראנצ'וס גריל,גרמים,55.00,100 גרם,false,1,3.30,6.00,true,1,
7290107978637,false,"משחת מרידול 75 מ""ל",קולגייט פלמוליב,PL,משחת מרידול,מיליליטרים,75.00,"100 מ""ל",false,1,17.80,23.73,true,1,
7290108350531,false,ספארק לכלים קלאסי+משאבה,סנו מפעלי ברונוס בעמ,IL,ספארק לכלים,ליטרים,1.00,ליטר,false,1,11.00,11.00,true,1,
7290108350616,false,מרכך מקסימה בלו 1 ליטר,"סנו מפעלי ברונוס בע""\מ",IL,מרכך מקסימה,ליטרים,1.00,ליטר,false,1,16.10,16.10,true,1,
7290108350623,false,מרכך מקסימה סופט סילק1ל,"סנו מפעלי ברונוס בע""\מ",IL,מרכך מקסימה,ליטרים,1.00,ליטר,false,1,16.10,16.10,true,1,
7290108351156,false,סנו ג'ט רצפות חומץ 1.5ל,"סנו מפעלי ברונוס בע""\מ",IL,סנו ג'ט פלוס,ליטרים,1.50,ליטר,false,1,9.30,6.20,true,1,
7290108351613,false,ריצפז פרש הום בית מלון2ל,"סנו מפעלי ברונוס בע""\מ",IL,ריצפז פרש הום,ליטרים,2.00,ליטר,false,1,18.70,9.35,true,1,
7290108351750,false,נוזל לניקוי רצפות 2 ליטר,סנו מפעלי ברונוס בעמ,IL,נוזל לניקוי רצפו,ליטרים,2.00,ליטר,false,1,17.20,8.60,true,1,
7290108351866,false,פוראבר בושם לכביסה 600מל,סנו,IL,בושם לכביסה,מיליליטרים,600.00,"100 מ""ל",false,1,15.30,2.55,true,1,
7290108352061,false,משחת אורביטול פחם 145ג,טרופיקל דגיל תעשיות קוסמ,IL,משחת אורביטול,גרמים,145.00,100 גרם,false,1,9.30,6.41,true,1,
7290108352092,false,מש.אורביטול פרוטקטיב145ג,טרופיקל דגיל תעשיות קוסמ,IL,משחת אורביטול,גרמים,145.00,100 גרם,false,1,9.30,6.41,true,1,
7290108352252,false,ספארק ללא צבע+משאבה1ל,"סנו מפעלי ברונוס בע""\מ",IL,ספארק נוזל כלים,ליטרים,1.00,ליטר,false,1,11.00,11.00,true,1,
7290108352320,false,פרש הום מלון בוטיק 350מ,סנו מפעלי ברונוס בעמ,IL,סנופרש הום,מיליליטרים,350.00,"100 מ""ל",false,1,11.00,3.14,true,1,
7290108352344,false,סנו פרש מילוי 250מל,סנו מפעלי ברונוס בעמ,IL,סנו פרש מילוי,מיליליטרים,250.00,"100 מ""ל",false,1,11.80,4.72,true,1,
7290108352450,false,ריצפז פרש הום ריח מרכך2ל,סנו מפעלי ברונוס בעמ,IL,ריצפז פרש הום,ליטרים,2.00,ליטר,false,1,18.70,9.35,true,1,
7290108352511,false,מנקה מכ.כביסה מקסימה500מ,"סנו מפעלי ברונוס בע""\מ",IL,מנקה מכונת כביסה,מיליליטרים,500.00,"100 מ""ל",false,1,11.80,2.36,true,1,
7290108352573,false,מרכך מקסימה קאלם 4 ליטר,"סנו מפעלי ברונוס בע""\מ",IL,מרכך כביסה קאלם,ליטרים,4.00,ליטר,false,1,19.50,4.88,true,1,
7290108352641,false,מטלית הפלא 3 יחידות,,CN,מטליות הפלא 3 יח,יחידה,1.00,יחידה,false,1,12.70,12.70,true,1,
7290108352672,false,מטליות לרצפה סנו סושי2יח,,CN,מטליות לרצפה 2יח,יחידה,1.00,יחידה,false,1,17.00,17.00,true,1,
7290108352900,false,מגבות הפלא גליל כפול 6יח,סנו מפעלי ברונוס בעמ,IL,מגבות נייר,מטרים,126.00,מטר,false,1,17.80,0.14,true,1,
7290108353068,false,2כרית קרצוף סיבי נירוסטה,פושן קלינינג,CN,כריות קרצוף 2 יח,יחידה,1.00,יחידה,false,1,10.10,10.10,true,1,
7290108353099,false,ממחטות אף סופט 5 * 100יח,איימי פייפר,CN,ממחטות סופט מארז,יחידה,1.00,יחידה,false,1,11.80,11.80,true,1,
7290108353372,false,2 מברשות 12000 סיבים פחם,"קוסמופארם בע""\מ",CN,מברשות שיניים2יח,יחידה,1.00,יחידה,false,1,27.20,27.20,true,1,
7290108353723,false,"קרמה ת.רחצה חימר 500מ""ל","קוסמופארם בע""\מn\",IL,תחליב רחצה קרמה,מיליליטרים,500.00,"100 מ""ל",false,1,12.70,2.54,true,1,
7290108353747,false,תחליב רחצה אירוודה600מ,"קוסמופארם בע""\מ",IL,קרמה תחליב רחצה,מיליליטרים,600.00,"100 מ""ל",false,1,17.00,2.83,true,1,
7290108353891,false,דאו.קרמה רול און מאסק75מ,"קוסמופארם בע""\מ",IL,דאודורנט קרמה,מיליליטרים,75.00,"100 מ""ל",false,1,13.50,18.00,true,1,
7290108354706,false,תחליב רחצה קרמה מאסק500מ,"קוסמופארם בע""\מ",IL,תחליב רחצה קרמה,מיליליטרים,500.00,"100 מ""ל",false,1,12.70,2.54,true,1,
7290108354713,false,תחליב רחצה קרמה קלאס500מ,"קוסמופארם בע""\מn\",IL,תחליב רחצה קרמה,מיליליטרים,500.00,"100 מ""ל",false,1,12.70,2.54,true,1,
7290108354751,false,סנו ג'ט בתוספת סודה750מל,"סנו מפעלי ברונוס בע""\מ",IL,סנו ג'ט עם סודה,מיליליטרים,750.00,"100 מ""ל",false,1,9.30,1.24,true,1,
7290108355055,false,נט.פורמולה לחות+גלייז400,אמיליה קוסמטיקס,IL,לחות נט.פורמולה,מיליליטרים,400.00,"100 מ""ל",false,1,25.50,6.38,true,1,
7290108355178,false,קרמה ק.ידיים חמאת שיא100,,IL,קרמה קרם ידיים,מיליליטרים,100.00,"100 מ""ל",false,1,10.10,10.10,true,1,
7290108356106,false,כיף תחליב רחצה שקדים700מ,קוסמופארם,IL,כיף תחליב רחצה,מיליליטרים,700.00,"100 מ""ל",false,1,11.00,1.57,true,1,
7290108356113,false,כיף תחליב רח.חלב ודבש700,קוסמופארם,IL,כיף תחליב רחצה,מיליליטרים,700.00,"100 מ""ל",false,1,11.00,1.57,true,1,
7290108356229,false,"ג'ל גילוח מטהר,קרבון 200",אביאפ,TR,ג'ל גילוח מטהר,מיליליטרים,200.00,"100 מ""ל",false,1,14.40,7.20,true,1,
7290108356519,false,שמפו 10 לשיער רגיל 700מל,"קוסמופארם בע""\מ",IL,שמפו 10 קרליין,מיליליטרים,700.00,"100 מ""ל",false,1,12.70,1.81,true,1,
7290108356526,false,שמפו 10 לשיער יבש 700 מל,"קוסמופארם בע""\מ",IL,שמפו 10 קרליין,מיליליטרים,700.00,"100 מ""ל",false,1,12.70,1.81,true,1,
7290108356564,false,מרכך 10 לשיער רגיל 700מל,"קוסמופארם בע""\מn\",IL,מרכך 10 קרליין,מיליליטרים,700.00,"100 מ""ל",false,1,12.70,1.81,true,1,
7290108356861,false,מגבונים ללא בישום 64*5יח,קוסמופארם בעמ,IL,מגבוני בייבי כיף,יחידה,1.00,יחידה,false,1,20.40,20.40,true,1,
7290108357059,false,דאו.רולאון ביו סיקרט 75מ,"קוסמופארם בע""\מ",IL,דאו.רול און ביו,מיליליטרים,75.00,"100 מ""ל",false,1,14.40,19.20,true,1,
7290108357080,false,דאו. ספריי ביו סיקרט150מ,קוסטר אירוסול,CZ,דאו.ספריי ביו,מיליליטרים,150.00,"100 מ""ל",false,1,14.40,9.60,true,1,
7290108357226,false,אוקסיג'ן פאואר כב.לבן1.4,,IL,אוקסיג'ן פאואר,קילוגרמים,1.40,"ק""ג",false,1,24.70,17.64,true,1,
7290108357271,false,סנובון עם חמצן פעיל750מל,סנו מפעלי ברונוס בעמ,IL,סנובון עם חמצן,מיליליטרים,750.00,"100 מ""ל",false,1,10.10,1.35,true,1,
7290108357301,false,"K300 לקטילה מיידית300מ""ל","סנו מפעלי ברונוס בע""\מ",IL,K300 סנו,מיליליטרים,300.00,"100 מ""ל",false,1,16.10,5.37,true,1,
7290108357578,false,קרם יד.וניל+פלפל קרמה100,"קוסמופארם בע""\מ.",IL,קרם ידיים קרמה,מיליליטרים,100.00,"100 מ""ל",false,1,10.10,10.10,true,1,
7290108357707,false,כיף שמפו לשיער רגיל 700מ,קוסמופארם,IL,כיף שמפו,מיליליטרים,700.00,"100 מ""ל",false,1,11.80,1.69,true,1,
7290108357714,false,כיף שמפו לשיער יבש700מ,קוסמופארם,IL,כיף שמפו,מיליליטרים,700.00,"100 מ""ל",false,1,11.80,1.69,true,1,
7290108357769,false,כיף מרכך לשיער רגיל700מל,קוסמופארם,IL,כיף מרכך שיער,מיליליטרים,700.00,"100 מ""ל",false,1,11.80,1.69,true,1,
7290108358070,false,תחליב רחצה קרמה קלאס700מ,קוסמופארם בעמ,IL,קרמה תחליב רחצה,מיליליטרים,700.00,"100 מ""ל",false,1,15.30,2.19,true,1,
7290108358087,false,תחליב רחצה קרמה מאסק700מ,קוסמופארם בעמ,IL,תחליב רחצה קרמה,מיליליטרים,700.00,"100 מ""ל",false,1,15.30,2.19,true,1,
7290108359985,false,ג'אוול קצף ניקוי 1 ליטר,,IL,ג'אוול קצף ניקוי,ליטרים,1.00,ליטר,false,1,17.00,17.00,true,1,
7290108501346,false,גב.גאודה מגורדת 28% 500ג,ג. וילי פוד אינטרנשיונל,IL,גאודה מגורדת,גרמים,500.00,100 גרם,false,1,22.90,4.58,true,1,
7290108501827,false,קדאיף שערות בצק 450 גרם,הלניק,GR,קדאיף שערות בצק,גרמים,450.00,100 גרם,false,1,19.50,4.33,true,1,
7290108503692,false,פיצה מרגריטה  380  גרם,מוטלוקל גידה סאנאי טיקרט,IT,פיצה מרגריטה 380,גרמים,380.00,100 גרם,false,1,13.50,3.55,true,1,
7290108503999,false,פרוסות גבינה גאודה 150גר,,ES,פרוסות גבינה,גרמים,150.00,100 גרם,false,1,11.00,7.33,true,1,
7290108508147,false,מחית עגבניות איטלקיות500,סאק,IT,מחית עגבניות,גרמים,500.00,100 גרם,false,1,8.40,1.68,true,1,
7290108508499,false,"איירן משקה יוגורט293מ""ל",,TR,איירן  משקה,מיליליטרים,293.00,"100 מ""ל",false,1,5.00,1.71,true,1,
7290108508970,false,תה ג'רבה מטה 500 גרם,רבורטוריו,PY,תה ג'רבה מטה,גרמים,500.00,100 גרם,false,1,17.00,3.40,true,1,
7290108509052,false,מאפה פילו גבינת פטה 400ג,הלניק,GR,מאפה פילו גבינת,גרמים,400.00,100 גרם,false,1,19.50,4.88,true,1,
7290108509069,false,מאפה פילו ממולא ירקות יר,הלניק,GR,מאפה פילו ירקות,גרמים,400.00,100 גרם,false,1,19.50,4.88,true,1,
7290108509199,false,גבינת פטה 17% 500 גרם,מבגל אס.איי,TR,גבינת פטה,גרמים,500.00,100 גרם,false,1,21.20,4.24,true,1,
7290108509403,false,חלבה טורקית קלאסית 350 ג,,TR,חלבה טורקית,גרמים,350.00,100 גרם,false,1,9.30,2.66,true,1,
7290108509410,false,חלבה טורקית עם קקאו350גר,,TR,חלבה טורקית,גרמים,350.00,100 גרם,false,1,9.30,2.66,true,1,
7290108509700,false,"אורז פרסי דאווט 1 ק""ג",אל.טי.פודס בעמ,IN,אורז פרסי דאווט,קילוגרמים,1.00,"ק""ג",false,1,9.30,9.30,true,1,
7290109351025,false,חומוסטחינה צבר 400 גרם,סלטי צבר,IL,חומוסטחינה צבר,גרמים,400.00,100 גרם,false,1,12.70,3.18,true,1,
7290109351971,false,פיטנס פריכיות שוק.חלב84ג,CA,IL,פיטנס בר פריכיות,גרמים,84.00,100 גרם,false,1,12.30,14.64,true,1,
7290109352916,false,פיטנס פריכיות שוק.לבן84ג,כרמית,IL,פיטנס בר פריכיות,גרמים,84.00,100 גרם,false,1,12.30,14.64,true,1,
7290109354057,false,מאגדת לה פרוטה תפוז אננס,נסטלה,IL,מאגדת לה פרוטה,גרמים,350.00,100 גרם,false,1,25.50,7.29,true,1,
7290109354101,false,לחמית ללא גלוטן 200 גרם,אסם,IL,לחמית ללא גלוטן,גרמים,200.00,100 גרם,false,1,8.40,4.20,true,1,
7290109354972,false,פתי בר ל.גלוטן קלאסי200ג,"אסם השקעות בע""\מ",IL,פתי בר ללא גלוטן,גרמים,200.00,100 גרם,false,1,8.40,4.20,true,1,
7290109354996,false,פתי בר לל.גלוטן שוקו200ג,"אסם השקעות בע""\מ",IL,פתי בר ללא גלוטן,גרמים,200.00,100 גרם,false,1,8.40,4.20,true,1,
7290109358260,false,נקנקיות עם חלבון 600 גרם,אסם,IL,נקניקיות ע.חלבון,גרמים,600.00,100 גרם,false,1,25.50,4.25,true,1,
7290109358482,false,קרמוגית במילוי חלבה200גר,"הגביע מוצרי וופלים בע""\מ",IL,קרמוגית חלבה,גרמים,200.00,100 גרם,false,1,10.80,5.40,true,1,
7290109358765,false,קראנץ' רולס 450 גרם,"אסם השקעות בע""\מ",IL,קראנץ' רולס,גרמים,450.00,100 גרם,false,1,23.80,5.29,true,1,
7290109580098,false,קבנוס בטעם סרירצ'ה 135 ג,,IL,קבנוס בטעם סרירצ,קילוגרמים,0.14,"ק""ג",false,1,11.00,78.57,true,1,
7290109580111,false,צלעות אסאדו מעושנות,,IL,צלעות אסאדו מעוש,גרמים,120.00,100 גרם,false,1,21.20,17.67,true,1,
7290109580135,false,קורנדביף  פרימיום 180 גר,,IL,קורנדביף  פרימיו,גרמים,180.00,100 גרם,false,1,21.20,11.78,true,1,
7290109580241,false,נאגטס מן הצומח 500 גרם,,IL,נאגטס מן הצומח,קילוגרמים,0.50,"ק""ג",false,1,20.40,40.80,true,1,
7290109580432,false,פסטרמה אקסטרה מעושנת דק,,IL,פסטרמה אקסטרה מע,גרמים,120.00,100 גרם,false,1,12.70,10.58,true,1,
7290109920320,false,משמיד עובש אסטוניש 750מל,אסטוניש,GB,משמיד עובש,מיליליטרים,750.00,"100 מ""ל",false,1,12.70,1.69,true,1,
7290109922911,false,דזיטול מחטא נעלים150מל,מרקה,ES,דזיטול ספריי,מיליליטרים,150.00,"100 מ""ל",false,1,18.70,12.47,true,1,
7290109923147,false,"אסטוניש מרסס 750 מ""ל",אסטוניש,GB,אסטוניש מרסס,מיליליטרים,750.00,"100 מ""ל",false,1,13.50,1.80,true,1,
7290110001841,false,חמאת בוטנים טבעית 760 גר,בטר אנד דיפרנט,IL,תמאת בוטנים טבעי,גרמים,760.00,100 גרם,false,1,21.20,2.79,true,1,
7290110110277,false,"סומרסבי סיידר 330*4מ""ל",קרלסברג ישראל,HR,סומרסבי 4 יח',ליטרים,1.32,ליטר,false,1,25.70,19.47,true,1,
7290110110369,false,קרלסברג לומה 6בק* 330מל,מבשלות בירה בינלאומיות ב,IL,קרלסברג לומה 6יח,ליטרים,1.98,ליטר,false,1,34.30,17.33,true,1,
7290110110703,false,ספרייט ליים פחיות330*6מל,החברה המרכזית לייצור משק,IL,ספרייט ליים 6 פח,ליטרים,1.98,ליטר,false,1,21.50,10.86,true,1,
7290110111809,false,"פאנטה אורנג' 6פח330* מ""ל",החברה המרכזית לייצור משק,IL,פאנטה אורנג 6 פח,ליטרים,1.98,ליטר,false,1,21.50,10.86,true,1,
7290110114787,false,נביעות+טעם תפוח 1.5 ליטר,נביעות טבע הגליל בעמ,IL,נביעות+תפוח,ליטרים,1.50,ליטר,false,0,9.00,6.00,true,1,
7290110114794,false,נביעות+טעם אפרסק 1.5ליטר,"נביעות טבע הגליל בע""\מ ,",IL,נביעות+אפרסק,ליטרים,1.50,ליטר,false,0,9.00,6.00,true,1,
7290110114800,false,נביעות+טעם ענבים 1.5ליטר,"נביעות טבע הגליל בע""\מ",IL,נביעות+ענבים,ליטרים,1.50,ליטר,false,0,9.00,6.00,true,1,
7290110114855,false,מים מינרל.נביעות 1.5*6ל,נביעות טבע הגליל בעמ,IL,מים נביעות1.5*6ל,ליטרים,9.00,ליטר,false,0,11.90,1.32,true,1,
7290110114893,false,מיץ תפוזים סחוט טבעי 2 ל,גת,IL,מיץ תפוזים,ליטרים,2.00,ליטר,false,0,21.30,10.65,true,1,
7290110114961,false,פריגת תפוזים 1.5 ליטר,מבשלות בירה בינלאומיות ב,IL,פריגת תפוזים,ליטרים,1.50,ליטר,false,0,8.50,5.67,true,1,
7290110114985,false,פריגת אשכוליות 1.5 ליטר,מבשלות בירה בינלאומיות ב,IL,פריגת אשכוליו,ליטרים,1.50,ליטר,false,0,8.50,5.67,true,1,
7290110114992,false,פריגת אשכוליות לייט 1.5,מבשלות בירה בינלאומיות ב,IL,פריגת  אשכולי,ליטרים,1.50,ליטר,false,0,8.10,5.40,true,1,
7290110115005,false,פריגת ענבים 1.5 ליטר,מבשלות בירה בינלאומיות ב,IL,פריגת ענבים,ליטרים,1.50,ליטר,false,0,8.50,5.67,true,1,
7290110115036,false,פריגת מנגו 1.5 ליטר,מבשלות בירה בינלאומיות ב,IL,פריגת מנגו,ליטרים,1.50,ליטר,false,0,8.50,5.67,true,1,
7290110115043,false,פריגת לימונענע 1.5 ליטר,מבשלות בירה בינלאומיות ב,IL,"משק""ל פריגת",ליטרים,1.50,ליטר,false,0,8.50,5.67,true,1,
7290110115050,false,פריגת מיקס תות-בננה1.5ל,מבשלות בירה בינלאומיות ב,IL,פריגת תות בננ,ליטרים,1.50,ליטר,false,0,8.50,5.67,true,1,
7290110115081,false,פריגת צלול ענבים 1.5ליטר,"מבשלות בירה לישראל בע""\מ",IL,פריגת צלול ענ,ליטרים,1.50,ליטר,false,0,7.60,5.07,true,1,
7290110115104,false,פריגת צלול אפרסק 1.5ליטר,מבשלות בירה בינלאומיות ב,IL,פריגת צלול אפ,ליטרים,1.50,ליטר,false,0,7.60,5.07,true,1,
7290110115128,false,פריגת צלול לימוננע 1.5 ל,"מבשלות בירה לישראל בע""\מ",IL,פריגת צלול,ליטרים,1.50,ליטר,false,0,7.60,5.07,true,1,
7290110115203,false,קוקה קולה בקבוק 1.5 ליטר,החברה המרכזית לייצור משק,IL,קוקה קולה,ליטרים,1.50,ליטר,false,0,7.90,5.27,true,1,
7290110115210,false,קולה דיאט בקבוק 1.5 ל',החברה המרכזית לייצור משק,IL,קוקה קולה דיא,ליטרים,1.50,ליטר,false,0,7.60,5.07,true,1,
7290110115227,false,קוקה קולה זירו 1.5 ליטר,החברה המרכזית לייצור משק,IL,קוקה קולה זיר,ליטרים,1.50,ליטר,false,0,8.10,5.40,true,1,
7290110115234,false,קולה זירו נטול קפאין1.5ל,החברה המרכזית לייצור משק,IL,קולה זירו נטו,ליטרים,1.50,ליטר,false,0,8.10,5.40,true,1,
7290110115241,false,קולה זירו לימון 1.5 ליטר,החברה המרכזית לייצור משק,IL,קולה זירו לימ,ליטרים,1.50,ליטר,false,0,8.10,5.40,true,1,
7290110115265,false,ספרייט ליים 1.5 ליטר,החברה המרכזית לייצור משק,IL,ספרייט ליים,ליטרים,1.50,ליטר,false,0,7.90,5.27,true,1,
7290110115272,false,ספרייט זירו 1.5 ליטר,החברה המרכזית לייצור משק,IL,ספרייט זירו,ליטרים,1.50,ליטר,false,0,8.10,5.40,true,1,
7290110115289,false,ספרייט19קל.לימון נענע1.5,החברה המרכזית לייצור משק,IL,ספרייט נענע,ליטרים,1.50,ליטר,false,0,8.10,5.40,true,1,
7290110115296,false,פאנטה אורנג' 1.5 ל',החברה המרכזית לייצור משק,IL,פאנטה אורנג',ליטרים,1.50,ליטר,false,0,8.50,5.67,true,1,
7290110115302,false,פאנטה זירו ט.אורנג' 1.5ל,החברה המרכזית לייצור משק,IL,פאנטה זירו או,ליטרים,1.50,ליטר,false,0,8.50,5.67,true,1,
7290110115319,false,פאנטה אקזוטי 1.5 ליטר,החברה המרכזית לייצור משק,IL,פאנטה אקזוטי,ליטרים,1.50,ליטר,false,0,8.50,5.67,true,1,
7290110115326,false,פאנטה אורנג' מנגו 1.5 ל',החברה המרכזית לייצור משק,IL,פאנטה אורנג',ליטרים,1.50,ליטר,false,0,8.50,5.67,true,1,
7290110115333,false,פאנטה תות 1.5 ליטר,החברה המרכזית לייצור משק,IL,פאנטה תות,ליטרים,1.50,ליטר,false,0,8.50,5.67,true,1,
7290110115340,false,פאנטה ענבים 1.5 ליטר,החברה המרכזית לייצור משק,IL,פאנטה ענבים,ליטרים,1.50,ליטר,false,0,8.50,5.67,true,1,
7290110115357,false,קינלי סודה 1.5 ליטר,החברה המרכזית לייצור משק,IL,קינלי סודה,ליטרים,1.50,ליטר,false,0,4.20,2.80,true,1,
7290110115364,false,קוקה קולה 1.5*6 ליטר,החברה המרכזית לייצור משק,IL,קוקה קולה1.5*6ל,ליטרים,9.00,ליטר,false,0,45.40,5.04,true,1,
7290110115401,false,קינלי סודה 1.5*6 ליטר,החברה המרכזית לייצור משק,IL,קינלי סודה1.5*6ל,ליטרים,9.00,ליטר,false,0,14.70,1.63,true,1,
7290110115418,false,קוקה קולה זירו 1.5*6 ל',החברה המרכזית לייצור משק,IL,קולה זירו1.5*6ל,ליטרים,9.00,ליטר,false,0,42.90,4.77,true,1,
7290110115449,false,פיוז תה מנגו אננס 1.5ל,מבשלות בירה בינלאומיות ב,IL,תה מנגו אננס,ליטרים,1.50,ליטר,false,0,8.70,5.80,true,1,
7290110115456,false,פיוז תה אפרסק19 קלור1.5.,מבשלות בירה בינלאומיות ב,IL,פיוז תה אפרסק,ליטרים,1.50,ליטר,false,0,8.50,5.67,true,1,
7290110115463,false,פיוז תה קר אפרסק 1.5ליטר,מבשלות בירה בינלאומיות ב,IL,פיוז תה אפרסק,ליטרים,1.50,ליטר,false,0,8.70,5.80,true,1,
7290110115494,false,פיוז תה ענבים 1.5 ליטר,מבשלות בירה בינלאומית בע,IL,פיוז תה ענבים,ליטרים,1.50,ליטר,false,0,8.70,5.80,true,1,
7290110115586,false,פריגת תפוזים מופחת 1.5 ל,מבשלות בירה בינלאומיות ב,IL,פריגת תפוזים,ליטרים,1.50,ליטר,false,0,8.10,5.40,true,1,
7290110115593,false,פריגת אשכולית מופ.סוכ1.5,מבשלות בירה בינלאומיות ב,IL,פריגת אשכוליו,ליטרים,1.50,ליטר,false,0,8.10,5.40,true,1,
7290110115616,false,פיוז תה אננס זירו 1.5 ל',מבשלות בירה בינלאומיות ב,IL,פיוז תה אננס,ליטרים,1.50,ליטר,false,1,8.50,5.67,true,1,
7290110115623,false,פיוז תה אפרסק זירו 1.5 ל,מבשלות בירה בינלאומיות ב,IL,פיוז תה אפרסק,ליטרים,1.50,ליטר,false,1,8.50,5.67,true,1,
7290110116064,false,פאנטה זירו ירוק 1.5 ליטר,החברה המרכזית לייצור משק,IL,פאנטה זירו ירוק,ליטרים,1.50,ליטר,false,1,8.50,5.67,true,1,
7290110116125,false,"סירופ בטעם פטל 750 מ""ל",גת,IL,סירופ בטעם פטל,מיליליטרים,750.00,"100 מ""ל",false,1,22.10,2.95,true,1,
7290110116149,false,"סירופ בטעם ענבים 750 מ""ל",גת,IL,סירופ בטעם ענבים,מיליליטרים,750.00,"100 מ""ל",false,1,22.10,2.95,true,1,
7290110116217,false,נביעות+אשכול 0קלוריות1.5,"נביעות טבע הגליל בע""\מ",IL,נביעות+אשכולית,ליטרים,1.50,ליטר,false,1,9.00,6.00,true,1,
7290110116552,false,ספרייט למון היט 1.5 ליטר,החברה המרכזית לייצור משק,IL,ספרייט למון היט,ליטרים,1.50,ליטר,false,1,7.90,5.27,true,1,
7290110116569,false,ספרייט זירו למון היט1.5ל,החברה המרכזית לייצור משק,IL,ספרייט זירו למון,ליטרים,1.50,ליטר,false,1,8.10,5.40,true,1,
7290110320683,false,משקה יוגורט תות 107*8ג,מחלבת אלון תבור,IL,משקה יוגורט 8 יח,גרמים,856.00,100 גרם,false,1,14.80,1.73,true,1,
7290110320867,false,פתיתי עמק 28% 500גרם,תנובה,IL,פתיתי עמק,גרמים,500.00,100 גרם,false,1,29.90,5.98,true,1,
7290110321031,false,יופלהGOמועשר בחלבון 200ג,תנובה,IL,יופלה GO יוגורט,גרמים,200.00,100 גרם,false,1,5.30,2.65,true,1,
7290110321277,false,קוטג' בקטנה 5% 100 גרם,תנובה,IL,קוטג' בקטנה 5%,גרמים,100.00,100 גרם,false,1,2.30,2.30,true,1,
7290110321284,false,קוטג' בקטנה 9% 100 גרם,תנובה,IL,קוטג' בקטנה 9%,גרמים,100.00,100 גרם,false,1,2.30,2.30,true,1,
7290110321680,false,יופלה GO תות 200 גרם,מחלבת אלון תבור,IL,יופלה GO יוגורט,גרמים,200.00,100 גרם,false,1,5.00,2.50,true,1,
7290110322946,false,יופלה טיוב תות בננה58*6ג,תנובה בעמ,IL,יופלה טיוב 6 יח,גרמים,348.00,100 גרם,false,1,11.80,3.39,true,1,
7290110323073,false,משקה יוגוGO תות-פטל 250מ,תנובה,IL,משקה יוגורט GO,מיליליטרים,250.00,"100 מ""ל",false,1,5.70,2.28,true,1,
7290110323592,false,יופלה GO אפרסק0.7% 200ג,תנובה בעמ,IL,יופלה GO אפרסק,גרמים,200.00,100 גרם,false,1,5.00,2.50,true,1,
7290110323714,false,משקה קוקוס שקדים 1 ליטר,תנובה בעמ,IL,משקה קוקוס שקדים,ליטרים,1.00,ליטר,false,1,11.00,11.00,true,1,
7290110324711,false,ממרח סויה9% טעם טבעי250ג,"תנובה בע""\מ",IL,ממרח סויה 9%,גרמים,250.00,100 גרם,false,1,8.40,3.36,true,1,
7290110324858,false,מעדן שקדים אגוזי לוז125ג,תנובה בעמ,IL,מעדן שקדים,גרמים,125.00,100 גרם,false,1,3.50,2.80,true,1,
7290110324926,false,"משקה סויה ללת""ס 1 ליטר","תנובה בע""\מ",IL,"משקה סויה ללת""ס",ליטרים,1.00,ליטר,false,1,9.30,9.30,true,1,
7290110325114,false,משקה יוגורט GO לייט תות,"תנובה בע""\מ",IL,משקה יוגורט GO,מיליליטרים,250.00,"100 מ""ל",false,1,5.90,2.36,true,1,
7290110325510,false,יופלה טיוב וניל 6יח58*גר,"תנובה בע""\מ",IL,יופלה טיוב וניל,גרמים,348.00,100 גרם,false,1,11.80,3.39,true,1,
7290110325619,false,משקה שיבולת שועל 1 ליטר,"תנובה בע""\מ",IL,משקה שיבולת שועל,ליטרים,1.00,ליטר,false,1,11.00,11.00,true,1,
7290110325893,false,"אייס קפה GO תנובה 340מ""ל","תנובה בע""\מ",IL,אייס קפה GO,מיליליטרים,340.00,"100 מ""ל",false,1,6.70,1.97,true,1,
7290110326210,false,יופלה און טופ פצפוצים157,מחלבת אלון תבור,IL,יופלה און טופ,גרמים,157.00,100 גרם,false,1,4.70,2.99,true,1,
7290110326890,false,יופלה טיוב להקפאה תות6יח,תנובה,IL,יופלה טיוב 6 יח,גרמים,348.00,100 גרם,false,1,11.80,3.39,true,1,
7290110327064,false,אייס קפה ש.שועל קרמל 1ל,,IL,אייס קפה ש.שועל,ליטרים,1.00,ליטר,false,1,10.10,10.10,true,1,
7290110327514,false,משקה ש.שועל אגוז לוז 1ל,,IL,משקה ש.שועל,ליטרים,1.00,ליטר,false,1,11.00,11.00,true,1,
7290110327545,false,יופלה אונטופ תות+פצפו157,תנובה בעמ,IL,יופלה און טופ,גרמים,157.00,100 גרם,false,1,4.70,2.99,true,1,
7290110328610,false,משקה אורז ושקדים 1 ליטר,תנובה בעמ,IL,משקה אורז ושקדים,ליטרים,1.00,ליטר,false,1,11.00,11.00,true,1,
7290110328764,false,יוגורט גו קרמי תות0% 200,תנובה בעמ,IL,יוגורט גו קרמי,גרמים,200.00,100 גרם,false,1,5.00,2.50,true,1,
7290110328788,false,יוג.גו קרמי אפרסק0% 200ג,תנובה בעמ,IL,יוגורט גו סמיך,גרמים,200.00,100 גרם,false,1,5.00,2.50,true,1,
7290110329136,false,מעדן חלב גו שוקןלד 120גר,"תנובה בע""\מ",IL,מעדן חלב גו,גרמים,120.00,100 גרם,false,1,4.50,3.75,true,1,
7290110329143,false,מעדן חלב גו וניל 120גרם,"תנובה בע""\מ",IL,מעדן חלב גו,גרמים,120.00,100 גרם,false,1,4.50,3.75,true,1,
7290110329723,false,משקה קפה קר לאטה230גרם,"תנובה בע""\מ",IL,משקה קפה קר לאטה,גרמים,230.00,100 גרם,false,1,7.60,3.30,true,1,
7290110329730,false,משקה חלב שוקולד וקפה230ג,"תנובה בע""\מ",IL,משקה חלב שוקולד,גרמים,230.00,100 גרם,false,1,7.60,3.30,true,1,
7290110329808,false,מעדן סויה ביו תות 150 גר,"תנובה בע""\מ",IL,מעדן סויה ביו,גרמים,150.00,100 גרם,false,1,4.10,2.73,true,1,
7290110329846,false,מעדן סויה ביו טבעי 150 ג,"תנובה בע""\מ",IL,מעדן ביו טבעי,גרמים,150.00,100 גרם,false,1,4.10,2.73,true,1,
7290110550226,false,מטבעות שוק.מריר לאפיה400,"פוליבה בע""\מ",IL,מטבעות שוקולד,גרמים,400.00,100 גרם,false,1,26.40,6.60,true,1,
7290110552121,false,היוגורט הראשון שלי 100 ג,"שטראוס בריאות בע""\מ",IL,היוגורט הראשון,גרמים,100.00,100 גרם,false,1,2.40,2.40,true,1,
7290110552237,false,דנונה פרו אפרסק מנגו200ג,"שטראוס בריאות בע""\מ",IL,דנונה פרו חלבון,גרמים,200.00,100 גרם,false,1,5.30,2.65,true,1,
7290110553425,false,קפה נמס 200 גרם + 20%,שטראוס קפה בי.וי,IL,קפה נמס,גרמים,240.00,100 גרם,false,1,18.70,7.79,true,1,
7290110554095,false,דבש לחיץ 440 גרם,מכוורת יד מרדכי שטראוס ב,IL,דבש לחיץ,גרמים,440.00,100 גרם,false,1,22.10,5.02,true,1,
7290110554118,false,נודלס בסגנון  מלזי חריף,אוכל ביתי ניר עציון,IL,נודלס מלזי חריף,גרמים,350.00,100 גרם,false,1,21.20,6.05,true,1,
7290110554262,false,חלבית מלבין קפה 350 גרם,מוקטה אס.פי.,PL,חלבית מלבין קפה,גרמים,350.00,100 גרם,false,1,19.50,5.57,true,1,
7290110554583,false,צ'יטוס PUFFS גבינה20*10ג,"שטראוס פריטו ליי בע""\מ )",IL,צ'יטוס פאפס 10יח,גרמים,200.00,100 גרם,false,1,11.50,5.75,true,1,
7290110554712,false,קפסולות בית קליה נחת50גר,שטראוס קפה בי.וי.,IL,קפסולות בית קליה,גרמים,50.00,100 גרם,false,1,17.80,35.60,true,1,
7290110555306,false,רבע לשבע טבעוני סינמו125,"הגביע מוצרי וופלים בע""\מ",IL,רב לשבע טבעוני,גרמים,125.00,100 גרם,false,1,11.00,8.80,true,1,
7290110555603,false,שוקולוטה ספלנדיד 360 גרם,עלית,GR,שוקולוטה ספלנדיד,גרמים,360.00,100 גרם,false,1,21.20,5.89,true,1,
7290110556242,false,שוקולד פרה מריר פרווה100,נטרה סנט אטיין,FR,שוקולד פרה מריר,גרמים,100.00,100 גרם,false,1,5.00,5.00,true,1,
7290110557102,false,מעדן חלב שוקולד מועשר150,"שטראוס גרופ בע""\מ",IL,מעדן שוקולד פרו,גרמים,150.00,100 גרם,false,1,4.70,3.13,true,1,
7290110557133,false,מעדן הגולן וניל 125 גרם,"שטראוס בריאות בע""\מ",IL,מעדן הגולן וניל,גרמים,125.00,100 גרם,false,1,2.90,2.32,true,1,
7290110558130,false,אקטיביה ש.שועל ודבש150גר,"שטראוס בריאות בע""\מ",IL,אקטיביה,גרמים,150.00,100 גרם,false,1,4.00,2.67,true,1,
7290110558154,false,דנונה לייט עוגת תפוח150ג,"שטראוס בריאות בע""\מ",IL,דנונה לייט,גרמים,150.00,100 גרם,false,1,4.10,2.73,true,1,
7290110558222,false,דנונה WOW בנופי פאי150ג,"שטראוס בריאות בע""\מ",IL,דנונה WOW בנופי,גרמים,150.00,100 גרם,false,1,4.10,2.73,true,1,
7290110558253,false,דנונה ריפרש אננס בננה250,"שטראוס בריאות בע""\מ",IL,יוגורט ריפרש,גרמים,250.00,100 גרם,false,1,5.30,2.12,true,1,
7290110558284,false,דנונה ביו מולטי 200 גרם,"שטראוס בריאות בע""\מ",IL,דנונה ביו מולטי,גרמים,200.00,100 גרם,false,1,3.80,1.90,true,1,
7290110558307,false,דנונה פרו+20 ש.שועל200גר,"שטראוס בריאות בע""\מ",IL,דנונה פרו פלוס,גרמים,200.00,100 גרם,false,1,5.70,2.85,true,1,
7290110558314,false,דנונה פרו ל.סוכר פיסט200,"שטראוס בריאות בע""\מ",IL,דנונה פרו,גרמים,200.00,100 גרם,false,1,5.30,2.65,true,1,
7290110558338,false,דנונה פרו 25ג חלבון200ג,"שטראוס בריאות בע""\מ",IL,דנונה פרו,גרמים,200.00,100 גרם,false,1,5.30,2.65,true,1,
7290110561352,false,דנונה דל לקטוז 200 גרם,"שטראוס בריאות בע""\מ",IL,דנונה דל לקטוז,גרמים,200.00,100 גרם,false,1,3.10,1.55,true,1,
7290110563431,false,אייס קפה 1.6% קלאסי 230מ,אנסטל מילק kg,AT,משקה אייס קפה,מיליליטרים,230.00,"100 מ""ל",false,1,6.70,2.91,true,1,
7290110563448,false,אייס קפה 1.6% מעודן 230מ,אנסטל מילק kg,AT,משקה אייס קפה,מיליליטרים,230.00,"100 מ""ל",false,1,6.70,2.91,true,1,
7290110563462,false,חלב נטול לקטוז 2% 1 ליטר,מחלבת יטבתה,IL,חלב נטול לקטוז,ליטרים,1.00,ליטר,false,1,7.20,7.20,true,1,
7290110564339,false,חומוס עשיר ב30% טחינה400,"שטראוס גרופ בע""\מ",IL,חומוס בטחינה,גרמים,400.00,100 גרם,false,1,12.70,3.18,true,1,
7290110564360,false,חומוס עשיר ב40% טחינה400,"שטראוס גרופ בע""\מ",IL,חומוס בטחינה,גרמים,400.00,100 גרם,false,1,12.70,3.18,true,1,
7290110564742,false,אייס קפה 1.2% חזק 230 מל,אנסטל מילק kg,AT,משקה אייס קפה,מיליליטרים,230.00,"100 מ""ל",false,1,6.70,2.91,true,1,
7290110565435,false,לימבו פטל קו חלבי 125גרם,"שטראוס גרופ בע""\מ",IL,לימבו פטל,גרמים,125.00,100 גרם,false,1,1.90,1.52,true,1,
7290110565527,false,דנונה פרו 20ג חלבון 200ג,"שטראוס גרופ בע""\מ",IL,דנונה פרו חלבון,גרמים,200.00,100 גרם,false,1,5.30,2.65,true,1,
7290110566975,false,דנונ.פרו20ג חלבון תות200,"שטראוס בריאות בע""\מ",IL,דנונה פרו חלבון,גרמים,200.00,100 גרם,false,1,5.30,2.65,true,1,
7290110568276,false,משקה פרו וניל יטבתה350מ,מחלבת יטבתה,DE,משקה פרו וניל,גרמים,350.00,100 גרם,false,1,5.90,1.69,true,1,
7290110568559,false,דוריטוס חמוץ חריף 25*10ג,"שטראוס פריטו ליי בע""מ )פ",IL,דוריטוס 10 יח,גרמים,250.00,100 גרם,false,1,12.70,5.08,true,1,
7290110571382,false,מעדן בטעם וניל מועשר150ג,"שטראוס בריאות בע""\מ",IL,מעדן פרו,גרמים,150.00,100 גרם,false,1,4.70,3.13,true,1,
7290110571474,false,רבע לשבע טבעוני פופקורן,"הגביע מוצרי וופלים בע""\מ",IL,רבע לשבע טבעוני,גרמים,125.00,100 גרם,false,1,11.00,8.80,true,1,
7290110576363,false,ספלנדיד 80%מר.אוגנדה100ג,קימ'\ס גריפלנן,BE,שוקולד ספלנדיד,גרמים,100.00,100 גרם,false,1,8.40,8.40,true,1,
7290110576868,false,גמדים סלט פירות 100*4גרם,"שטראוס בריאות בע""\מ",IL,גמדים 4 יח,גרמים,400.00,100 גרם,false,1,8.50,2.13,true,1,
7290111341366,false,מפיות חד שכבתיות לבנות,"משווק ע""י קימברלי קלארק",SK,מפיות אירוח,יחידה,1.00,יחידה,false,1,6.70,6.70,true,1,
7290111341984,false,לילי לח פיור מארז 4,עלבד,IL,נייר טואלט לח4יח,יחידה,1.00,יחידה,false,1,18.80,18.80,true,1,
7290111342004,false,לילי נ.טואלט לח קידס56יח,חוגלה קימברלי,IL,נ.טואלט לח קידס,יחידה,1.00,יחידה,false,1,7.60,7.60,true,1,
7290111342042,false,כרית יפנית אנטיבקטריאלית,,IL,כריות יפניות,יחידה,1.00,יחידה,false,1,11.00,11.00,true,1,
7290111342059,false,מטליות לחות לחיטוי 50 יח,,IL,מטליות לחות50יח,יחידה,1.00,יחידה,false,1,13.50,13.50,true,1,
7290111342738,false,לילי לח קידס מארז 4,,IL,נייר טואלט לח4יח,יחידה,1.00,יחידה,false,1,18.80,18.80,true,1,
7290111343117,false,קלינקס לושן ממחטות70*2,,IL,קלינקס ממחטות,יחידה,1.00,יחידה,false,1,11.00,11.00,true,1,
7290111343483,false,קוטקס 20 תחבוש.יאנג נייט,,CZ,תחבושות קוטקס,יחידה,1.00,יחידה,false,1,17.80,17.80,true,1,
7290111343797,false,מטליות לניקוי חלונות48יח,,IL,מטליות לחלונות,יחידה,1.00,יחידה,false,1,11.00,11.00,true,1,
7290111344145,false,מטלית רצפה אנטיבקטראלי 2,,CN,מטלית רצפה,יחידה,1.00,יחידה,false,1,27.20,27.20,true,1,
7290111344206,false,מגבונים האגיס נטורל4*64,,IL,מגבונים האגיס 4*,יחידה,1.00,יחידה,false,1,20.40,20.40,true,1,
7290111350719,false,נאצ'וס בסגנון מסעדות322ג,,US,חטיף נאצ'וס,גרמים,322.00,100 גרם,false,1,15.30,4.75,true,1,
7290111350726,false,נאצ'וס בסגנון מקסיקני322,,US,חטיף נאצ'וס,גרמים,322.00,100 גרם,false,1,15.30,4.75,true,1,
7290111352959,false,מקלות חמוצים יוגטה 80 גר,סאדאט,TR,מקלות חמוצים,גרמים,80.00,100 גרם,false,1,3.80,4.75,true,1,
7290111353376,false,מנטוס שמחות מנטה 250 גרם,,NL,מנטוס שמחות,גרמים,250.00,100 גרם,false,1,14.00,5.60,true,1,
7290111564277,false,פריכיות דק.פיטנס3דגנ120ג,פרח תעשיות בעמ,IL,פריכיות פיטנס,גרמים,120.00,100 גרם,false,1,10.10,8.42,true,1,
7290111564291,false,פריכיות דקות+קינואה120גר,פרח תעשיות בעמ,IL,פריכיות פיטנס,גרמים,120.00,100 גרם,false,1,10.10,8.42,true,1,
7290111564956,false,ביסלי במבה מיקס 200 גרם,פרו מן יו פתרונות אריזה,IL,ביסלי במבה מיקס,גרמים,200.00,100 גרם,false,1,7.70,3.85,true,1,
7290111565038,false,לה קרמריה קוקילידה 1.4 ל,גלידות נסטלה,IL,להקרמריה קוקיליד,ליטרים,1.40,ליטר,false,1,18.70,13.35,true,1,
7290111566127,false,מאגדת אוראו 198 גרם,נסטלה,IT,מאגדת אוראו,גרמים,198.00,100 גרם,false,1,21.20,10.71,true,1,
7290111566240,false,שניצל דק בטעם צילי חריף,טבעול,IL,שניצל דק בטעם צי,גרמים,564.00,100 גרם,false,1,27.20,4.82,true,1,
7290111566318,false,שניצל דק מן הצומח 564 גר,טבעול,IL,שניצל דק מן הצומ,גרמים,564.00,100 גרם,false,1,27.20,4.82,true,1,
7290111566332,false,נקניקיות וינר צמחונית680,טבעול,IL,נקנ' וינר צמחוני,גרמים,680.00,100 גרם,false,1,27.20,4.00,true,1,
7290111566417,false,טחון צמחוני טבעול 500 גר,טבעול,IL,טחון צמחוני טבעו,גרמים,500.00,100 גרם,false,1,27.20,5.44,true,1,
7290111566547,false,חזה בגריל צמחוני99קלוריו,טבעול,IL,חזה בגריל צמחוני,גרמים,560.00,100 גרם,false,1,27.20,4.86,true,1,
7290111566585,false,שניצל צמחוני 99 קלוריות,טבעול,IL,שניצל צמחוני,גרמים,650.00,100 גרם,false,1,27.20,4.18,true,1,
7290111566752,false,שניצל תירס 99 קלוריות 69,טבעול,IL,שניצל תירס 99,גרמים,693.00,100 גרם,false,1,27.20,3.92,true,1,
7290111930799,false,קראנצ'וס בצל 55 גרם,מנה,IL,קראנצ'וס בצל,גרמים,55.00,100 גרם,false,1,3.30,6.00,true,1,
7290111930911,false,פוף לבבות רגיל 40 גרם,מנה,IL,פוף לבבות רגיל,גרמים,40.00,100 גרם,false,1,3.70,9.25,true,1,
7290111930935,false,פוף טבעות קלאסי 40 גרם,מנה,IL,פוף טבעות,גרמים,40.00,100 גרם,false,1,3.70,9.25,true,1,
7290111936487,false,קולגייט טוטל הלבנה 100*2,,PL,משחת קולגייט,מיליליטרים,200.00,"100 מ""ל",false,1,25.50,12.75,true,1,
7290111936784,false,חטיפי פרי תמרים+לוז 5יח,"טבעית מוצרים מהטבע בע""\מ",IL,חטיפי פרי 5 יח,גרמים,125.00,100 גרם,false,1,14.40,11.52,true,1,
7290111939143,false,קוקי נייר אפייה עגול קוט,,IL,נייר אפייה,יחידה,1.00,יחידה,false,1,6.70,6.70,true,1,
7290111939181,false,קוקי ניילון נצמד עם גומי,,CN,ניילון נצמד,יחידה,1.00,יחידה,false,1,8.40,8.40,true,1,
7290112000736,false,פיניש טבליות הכל ב1 80יח,רקיט בנקיזר,PL,פיניש 80 טבליות,יחידה,1.00,יחידה,false,1,52.90,52.90,true,1,
7290112000798,false,דטול מחטא משטח.לימון750מ,רקיט בנקיזר,GB,דטול מחטא משטחים,מיליליטרים,750.00,"100 מ""ל",false,1,11.00,1.46,true,1,
7290112002044,false,פיניש מנקה מדיח 3 טבליות,,HU,פיניש מנקה מדיח,יחידה,1.00,יחידה,false,1,13.50,13.50,true,1,
7290112002099,false,ג'ל כביסה קולון קלאסי2.5,רקיט בנקיזר,IL,ג'ל כביסה קולון,ליטרים,2.50,ליטר,false,1,19.50,7.80,true,1,
7290112003263,false,אבקת קולון מאסק 1.25קג,זהר דליה,IL,אבקת קולון מאסק,קילוגרמים,1.25,"ק""ג",false,1,12.70,10.16,true,1,
7290112003508,false,איירוויק ספרי עשבי בר236,רקיט בנקיזר,PL,איירוויק ספריי,מיליליטרים,236.00,"100 מ""ל",false,1,13.50,5.72,true,1,
7290112003553,false,איירוויק נר ריח עשבי בר,,CN,אירוויק נר ריחני,גרמים,205.00,100 גרם,false,1,22.10,10.78,true,1,
7290112004109,false,דטול מגבונים 60*3יח,רקיט בנקיזר,PL,דטול מגבונים 3יח,יחידה,1.00,יחידה,false,1,19.50,19.50,true,1,
7290112004208,false,פיניש AIO לימון 50 טבל.,רקיט בנקיזר,PL,פיניש  לימון AIO,יחידה,1.00,יחידה,false,1,31.50,31.50,true,1,
7290112004321,false,דטול מטליות רימונים 60יח,רקיט בנקיזר,PL,מטליות דטול,יחידה,1.00,יחידה,false,1,10.10,10.10,true,1,
7290112004413,false,וניש ספרי לכביסה לבנה750,רקיט בנקיזר,PL,מסיר כתמים ספריי,מיליליטרים,750.00,"100 מ""ל",false,1,14.40,1.92,true,1,
7290112004970,false,פיניש אולטימייט 50 יח,רקיט בנקיזר,PL,פיניש אולטימייט,יחידה,1.00,יחידה,false,1,48.60,48.60,true,1,
7290112005045,false,וניש אבקה לכביסה לבנה480,רקיט בנקיזר,IT,וניש אבקה לכביסה,גרמים,480.00,100 גרם,false,1,14.40,3.00,true,1,
7290112005076,false,וניש תוסף לכביסה 480גר,רקיט בנקיזר,IT,וניש אבקה לכביסה,גרמים,480.00,100 גרם,false,1,14.40,3.00,true,1,
7290112197078,false,תחליב ידיים שיאה 500מ,,TR,תחליב ידיים,מיליליטרים,500.00,"100 מ""ל",false,1,11.00,2.20,true,1,
7290112330352,false,דנונה פרו 20 וניל0% 200ג,"שטראוס בריאות בע""\מ",IL,דנונה פרו20 וניל,גרמים,200.00,100 גרם,false,1,5.30,2.65,true,1,
7290112330390,false,דנונה פרו 20פ.יער0% 200ג,"שטראוס בריאות בע""\מ",IL,דנונה פרו 0%,גרמים,200.00,100 גרם,false,1,5.30,2.65,true,1,
7290112332585,false,"פריכיות תפו""א,אורז30 גרם",פרח,IL,"פריכיות תפו""א",גרמים,30.00,100 גרם,false,1,4.70,15.67,true,1,
7290112332691,false,פינוקיות קרם פסק זמן200ג,"הגביע מוצרי וופלים בע""\מ",IL,פינוקיות פסק זמן,גרמים,200.00,100 גרם,false,1,10.10,5.05,true,1,
7290112334596,false,שוקולית 850 גרם + 10%,שטראוס קפה בי.וי.,IL,שוקולית,גרמים,935.00,100 גרם,false,1,16.60,1.78,true,1,
7290112336613,false,עד חצות סנדוויץ 135 גרם,ביסקוויט,FR,עד חצות סנדוויץ,גרמים,135.00,100 גרם,false,1,10.10,7.48,true,1,
7290112336644,false,סוכריות מאסט לימון 80גרם,מיישקו,PL,סוכריות מאסט,גרמים,80.00,100 גרם,false,1,7.60,9.50,true,1,
7290112336651,false,סוכריות מאסט ריבת חלב80ג,מיישקו,PL,סוכריות מאסט,גרמים,80.00,100 גרם,false,1,7.60,9.50,true,1,
7290112336712,false,דנונה פרו 21 חלבון0% 200,"שטראוס גרופ בע""\מ",IL,דנונה פרו 21,גרמים,200.00,100 גרם,false,1,5.30,2.65,true,1,
7290112337474,false,סוכריות מאסט פטל לימון80,מיישקו,PL,סוכריות מאסט,גרמים,80.00,100 גרם,false,1,7.60,9.50,true,1,
7290112337481,false,סוכריות מאסט קפוצ'ינו80ג,מיישקו,PL,סוכריות מאסט,גרמים,80.00,100 גרם,false,1,7.60,9.50,true,1,
7290112338877,false,סקי תות 125 גרם,"שטראוס בריאות בע""\מ",IL,סקי תות,גרמים,125.00,100 גרם,false,1,3.10,2.48,true,1,
7290112339171,false,מילקי מוס שוקולד 81 גרם,"שטראוס גרופ בע""\מ",IL,מילקי מוס שוקולד,גרמים,81.00,100 גרם,false,1,3.10,3.83,true,1,
7290112339362,false,דנונה לייט ט.קפוצ'ינו150,"שטראוס בריאות בע""\מ",IL,דנונה לייט,גרמים,150.00,100 גרם,false,1,4.10,2.73,true,1,
7290112339867,false,גמדים סקוויז לדרך תות100,"שטראוס בריאות בע""\מ",IL,גמדים לדרך,גרמים,100.00,100 גרם,false,1,5.00,5.00,true,1,
7290112339874,false,גמדים לדרך תות בננה100ג,"שטראוס בריאות בע""\מ",IL,גמדים לדרך,גרמים,100.00,100 גרם,false,1,5.00,5.00,true,1,
7290112340245,false,מסטיק דובדבן צנצנת 66גרם,"שטראוס גרופ בע""\מ",IL,מסטיק דובדבן,גרמים,66.00,100 גרם,false,1,9.80,14.85,true,1,
7290112340276,false,פינוקיות קרם קפה נמס200ג,"הגביע מוצרי וופלים בע""\מ",IL,פינוקיות קרם קפה,גרמים,200.00,100 גרם,false,1,10.10,5.05,true,1,
7290112341556,false,אקטיביה עם צ'יה ותות150ג,"שטראוס בריאות בע""\מ",IL,אקטיביה פרי,גרמים,150.00,100 גרם,false,1,4.00,2.67,true,1,
7290112341679,false,אקטיביה 3% שומן 200 גרם,"שטראוס בריאות בע""\מ",IL,אקטיביה 3%,גרמים,200.00,100 גרם,false,1,3.50,1.75,true,1,
7290112341686,false,אקטיביה 3% מארז 150*8 גר,"שטראוס בריאות בע""\מ",IL,אקטיביה מארז 8יח,קילוגרמים,1.20,"ק""ג",false,1,18.30,15.25,true,1,
7290112343260,false,רוטב שמנת קלאסי 260 גרם,מחלבת יטבתה,IL,רוטב שמנת קלאסי,גרמים,260.00,100 גרם,false,1,9.60,3.69,true,1,
7290112343499,false,חטיף puffs צ'יטוס 55 גרם,"שטראוס פריטו ליי בע""\מ )",IL,חטיף צ'יטוס puff,גרמים,55.00,100 גרם,false,1,3.00,5.45,true,1,
7290112343512,false,חטיף puffs צ'יטוס 160ג,"שטראוס פריטו ליי בע""\מ )",IL,חטיף ציטוסpuffs,גרמים,160.00,100 גרם,false,1,7.60,4.75,true,1,
7290112344410,false,דבש טהור 400 גרם,מכוורת יד מרדכי שטראוס ב,IL,דבש טהור,גרמים,400.00,100 גרם,false,1,20.50,5.13,true,1,
7290112344564,false,רביולי גבינה קידס 400 גר,"שטראוס גרופ בע""\מ",IL,רביולי גבינה,גרמים,400.00,100 גרם,false,1,18.50,4.63,true,1,
7290112344724,false,מילקי בלונדי 133 גרם,"שטראוס גרופ בע""\מ",IL,מילקי בלונדי,גרמים,133.00,100 גרם,false,1,3.10,2.33,true,1,
7290112344755,false,מילקי עם26% פחות סוכר135,"שטראוס גרופ בע""\מ",IL,מילקי,גרמים,135.00,100 גרם,false,1,2.40,1.78,true,1,
7290112344786,false,קפה פלטינום קלאסיק200גרם,שטראוס קפה בי.וי.,IL,קפה נמס פלטינום,גרמים,200.00,100 גרם,false,1,24.70,12.35,true,1,
7290112346360,false,בפלות אחת אחת 180 גרם,טוטיז-בינגו סיאי,GR,בפלות אחת אחת,גרמים,180.00,100 גרם,false,1,12.70,7.06,true,1,
7290112346537,false,פינוקיות בטעם טורטית200ג,"הגביע מוצרי ופלים בע""\מ",IL,פינוקיות טורטית,גרמים,200.00,100 גרם,false,1,10.10,5.05,true,1,
7290112346773,false,דנונה לייט פריי וניל150ג,"שטראוס בריאות בע""\מ",IL,דנונה לייט וניל,גרמים,150.00,100 גרם,false,1,4.10,2.73,false,1,
7290112346797,false,אקטיביה ש.שועל שזיף150גר,"שטראוס בריאות בע""\מ",IL,אקטיביה שזיף,גרמים,150.00,100 גרם,false,1,4.00,2.67,true,1,
7290112347008,false,גמדים ארוחת בוקר תות100ג,"שטראוס בריאות בע""\מ",IL,גמדים ארוחת בוקר,גרמים,100.00,100 גרם,false,1,5.00,5.00,true,1,
7290112348142,false,שעועית לבנה 380 גרם,קונסרב איטליה,IT,שעועית לבנה,גרמים,380.00,100 גרם,false,1,6.70,1.76,true,1,
7290112349538,false,קפה טורקי עלית 160 גרם,שטראוס קפה בי.וי.,IL,קפה טורקי עלית,גרמים,160.00,100 גרם,false,1,11.80,7.38,true,1,
7290112349606,false,דניאלה תות בננה 88 גרם,"שטראוס בריאות בע""\מ",IL,דניאלה תות בננה,גרמים,88.00,100 גרם,false,1,3.60,4.09,true,1,
7290112349705,false,פומודורו רוטב לפסטה350גר,אמיליאנה קונסרב סוסייטה,IT,רוטב לפסטה,גרמים,350.00,100 גרם,false,1,11.00,3.14,true,1,
7290112350589,false,תחליף קפה צ'יקו 65 גרם,שטראוס קפה בי.וי,IL,תחליף קפה צ'יקו,גרמים,65.00,100 גרם,false,1,11.00,16.92,true,1,
7290112351258,false,פינוקיות שחור לבן 200גרם,"הגביע מוצרי ופלים בע""\מ",IL,פינוקיות שחור לב,גרמים,200.00,100 גרם,false,1,10.10,5.05,true,1,
7290112351524,false,עלי חסה סלנובה 200גרם,שטראוס בריאות ירקות טריי,IL,עלי חסה סלנובה,גרמים,200.00,100 גרם,false,1,11.90,5.95,true,1,
7290112353887,false,קפה קר אגוזים יטבתה 230מ,אנסטל מילק kg,AT,קפה קר יטבתה,מיליליטרים,230.00,"100 מ""ל",false,1,6.70,2.91,true,1,
7290112354204,false,דלישס ספגטי עגבניות 280,גסטרונומיה פרוסט אס. אר.,IL,דלישס ספגטי עגבנ,גרמים,280.00,100 גרם,false,1,18.70,6.68,true,1,
7290112355027,false,דנונה פרו20 קרמל מלוח200,"שטראוס בריאות בע""\מ",IL,דנונה פרו קרמל,גרמים,200.00,100 גרם,false,1,5.30,2.65,true,1,
7290112355102,false,גמדים לדרך סלט פירות100ג,"שטראוס בריאות בע""\מ",IL,גמדים לדרך,גרמים,100.00,100 גרם,false,1,5.00,5.00,false,1,
7290112355775,false,סימפוניה עירית 200 גרם,"שטראוס בריאות בע""\מ",IL,סימפוניה עירית,גרמים,200.00,100 גרם,false,1,10.50,5.25,true,1,
7290112356536,false,עלית קקאו10%+תוספת160ג,שטראוס קפה בי.וי.,IL,עלית קקאו,גרמים,160.00,100 גרם,false,1,8.70,5.44,true,1,
7290112357106,false,שעועית אדומה 380 גרם,קונסרב איטליה,IT,שעועית אדומה,גרמים,380.00,100 גרם,false,1,6.70,1.76,true,1,
7290112357113,false,גרגרי חומוס 380 גרם,קונסרב איטליה,IT,גרגרי חומוס,גרמים,380.00,100 גרם,false,1,6.70,1.76,true,1,
7290112358004,false,חטיף פסק זמן קראנץ' 32גר,שולן צ'\יקולטה גידה סאן.,TR,חטיף פסק זמן,גרמים,32.00,100 גרם,false,1,4.60,14.38,true,1,
7290112358127,false,דנונה פרו20ג+מגנזיום200ג,"שטראוס בריאות בע""\מ",IL,דנונ.פרו+מגנזיום,גרמים,200.00,100 גרם,false,1,5.70,2.85,true,1,
7290112358240,false,רוטב גריל 300 גרם,"ב.א. מזון בע""\מ",IL,רוטב גריל,גרמים,300.00,100 גרם,false,1,12.80,4.27,true,1,
7290112358431,false,עד חצות דאבל 200 גרם,ביסקוויטס טור ד'\אלבון,FR,עד חצות דאבל,גרמים,200.00,100 גרם,false,1,12.60,6.30,true,1,
7290112358561,false,קפה פלטינום קלאסיק 47 גר,"אינסטנטבה בע""\מ",PL,קפה פלטינום קלאס,גרמים,47.00,100 גרם,false,1,7.60,16.17,true,1,
7290112359353,false,קפה טורקי אלדין 200 גרם,שטראוס קפה בי.וי,IL,קפה טורקי אלדין,גרמים,200.00,100 גרם,false,1,18.70,9.35,true,1,
7290112490209,false,נמס בכוס עגבניות ר. טבעי,יוניליוור ישראל מזון בעמ,IL,מרק נמס בכוס,גרמים,56.00,100 גרם,false,1,6.60,11.79,true,1,
7290112490216,false,נמס בכוס ט.עוף ר. טבעיים,יוניליוור ישראל מזון בעמ,IL,מרק נמס בכוס,גרמים,48.00,100 גרם,false,1,6.60,13.75,true,1,
7290112490230,false,נמס בכוס אפונה ר. טבעיים,יוניליוור ישראל מזון בעמ,IL,מרק נמס בכוס,גרמים,50.00,100 גרם,false,1,6.60,13.20,true,1,
7290112490759,false,מרק היום עוף רכ.טבעי74גר,יוניליוור ישראל מזון בעמ,IL,מרק היום עוף,גרמים,74.00,100 גרם,false,1,10.60,14.32,true,1,
7290112492449,false,שמפו לשיער רגיל700מ,יוניליוור ישראל טיפוח אי,IL,שמפו לשיער רגיל,מיליליטרים,700.00,"100 מ""ל",false,1,11.00,1.57,true,1,
7290112492456,false,שמפו פינוק יבש /פגום 700,יוניליוור ישראל טיפוח אי,IL,שמפו לשיער יבש,מיליליטרים,700.00,"100 מ""ל",false,1,11.00,1.57,true,1,
7290112492593,false,תח.רחצה פינוק קלאסי700מ,יוניליוור ישראל טיפוח אי,IL,תחליב רחצה פינוק,מיליליטרים,700.00,"100 מ""ל",false,1,11.00,1.57,true,1,
7290112492715,false,שמפו פינוק לסירוק קל700מ,יוניליוור ישראל טיפוח אי,IL,שמפו פינוק ילדים,מיליליטרים,700.00,"100 מ""ל",false,1,12.70,1.81,true,1,
7290112492722,false,פינוק לסירוק קל2ב1 700מל,יוניליוור ישראל טיפוח אי,IL,פינוק שמפו ומרכך,מיליליטרים,700.00,"100 מ""ל",false,1,12.70,1.81,true,1,
7290112492999,false,מרק טעם עוף 400 גרם,יוניליוור ישראל מזון בע\,IL,מרק בטעם עוף,גרמים,400.00,100 גרם,false,1,11.80,2.95,true,1,
7290112493316,false,מרק עשיר אפונה ר.טבעי117,יוניליוור ישראל מזון בעמ,IL,מרק עשיר אפונה,גרמים,117.00,100 גרם,false,1,10.60,9.06,true,1,
7290112493927,false,קרמיסימו ריבת חלב 1.33 ל,"גלידת שטראוס בע""\מ, רחוב",IL,קרמיסימו ריבת חל,ליטרים,1.33,ליטר,false,1,18.70,14.06,true,1,
7290112494153,false,תיבוליות ניחוח צלי 72 גר,יוניליוור ישראל מזון בע\,IL,תיבוליות לצלי,גרמים,72.00,100 גרם,false,1,8.90,12.36,true,1,
7290112494283,false,קליק חום לבן 65 גרם,יוניליוור ישראל מזון בע\,IL,קליק חום לבן,גרמים,65.00,100 גרם,false,1,5.40,8.31,true,1,
7290112494382,false,פירה בטעם ביתי 130*2 גרם,יוניליוור ישראל מזון בע\,IL,פירה בטעם ביתי,גרמים,260.00,100 גרם,false,1,10.80,4.15,true,1,
7290112494795,false,בדין ג'ל לכביסה כחול2.5ל,"זוהר דליה, קיבוץ דליה, 1",IL,בדין ג'ל כביסה,ליטרים,2.50,ליטר,false,1,30.60,12.24,true,1,
7290112494832,false,"דאב תרחיץ פנים 180מ""ל",יוניליוור ישראל טיפוח אי,IL,דאב תרחיץ פנים,מיליליטרים,180.00,"100 מ""ל",false,1,11.80,6.56,true,1,
7290112494993,false,כריות וניל 686 גרם,"יוניליוור שפע ישראל בע""\",IL,כריות וניל,גרמים,686.00,100 גרם,false,1,24.70,3.60,true,1,
7290112495006,false,כריות נוגט 686 גרם,"יוניליוור שפע ישראל בע""\",IL,כריות נוגט,גרמים,686.00,100 גרם,false,1,23.80,3.47,true,1,
7290112495105,false,נשנושים ט.שמנת+בצל260ג,בייגל את בייגל מזון 198),IL,נשנושים שמנת בצל,גרמים,260.00,100 גרם,false,1,11.80,4.54,true,1,
7290112495433,false,דגני בוקר דליפקאן 400גרם,"יוניליור שפע ישראל בע""\מ",IL,דגני בוקר דליפקא,גרמים,400.00,100 גרם,false,1,19.40,4.85,true,1,
7290112495556,false,חטיף קליק נוגט 35*3 גרם,"טחנת האבן תעשיות בע""\מ,",IL,קליק מארז 3 יח',גרמים,105.00,100 גרם,false,1,11.80,11.24,true,1,
7290112495594,false,"שמיניות גדול ללת""מ400גרם",בייגל את בייגל מזון 198),IL,בייגלה גדול,גרמים,400.00,100 גרם,false,1,12.70,3.18,true,1,
7290112495754,false,רוטב לסלט אלף האיים305גר,יוניליוור ישראל מזון בעמ,IL,רוטב אלף האיים,גרמים,305.00,100 גרם,false,1,10.10,3.31,true,1,
7290112495785,false,רוטב שום לסלט 300 גרם,יוניליוור ישראל מזון בעמ,IL,רוטב שום לסלט,גרמים,300.00,100 גרם,false,1,10.10,3.36,true,1,
7290112495792,false,רוטב לסלט שום לייט300גר,יוניליוור ישראל מזון בעמ,IL,רוטב שום לייט,גרמים,300.00,100 גרם,false,1,10.10,3.36,true,1,
7290112495808,false,רוטב לסלט חרדל ודבש305גר,יוניליוור ישראל מזון בעמ,IL,רוטב חרדל ודבש,גרמים,305.00,100 גרם,false,1,10.10,3.31,true,1,
7290112495815,false,רוטב חרדל ודבש לייט305גר,יוניליוור ישראל מזון בעמ,IL,רוטב חרדל ודבש,גרמים,305.00,100 גרם,false,1,10.10,3.31,true,1,
7290112495822,false,כריות בלאק 686 גרם,"יוניליוור שפע ישראל בע""\",IL,כריות בלאק,גרמים,686.00,100 גרם,false,1,24.70,3.60,true,1,
7290112495976,false,פריכיות פתית מצופה שוק35,"גוד פוד פרודקטס ,Sp.zo.o",PL,פריכיות מצופות,גרמים,35.00,100 גרם,false,1,5.00,14.29,true,1,
7290112495983,false,פריכיות שוקולד קרמל39גרם,"גוד פוד פרודקטס ,Sp.zo.o",PL,פריכיות שוקולד,גרמים,39.00,100 גרם,false,1,5.00,12.82,true,1,
7290112496270,false,"פתית צ'יפס עם תפו""א 22ג",JLM גלובל פודסn37\ דרך א,GB,פתית צ'יפס,גרמים,22.00,100 גרם,false,1,4.70,21.36,true,1,
7290112496287,false,פתית צ'יפס עם בטטה21גרם,JLM גלובל פודסn37\ דרך א,GB,פתית צ'יפס,גרמים,21.00,100 גרם,false,1,4.70,22.38,true,1,
7290112496294,false,פתית צ'יפס עם אפונה 22גר,JLM גלובל פודסn37\ דרך א,GB,פתית צ'יפס,גרמים,22.00,100 גרם,false,1,4.70,21.36,true,1,
7290112496430,false,נמס בכוס עגבנ.אקסטרה37גר,יוניליוור ישראל מזון בע\,IL,נמס בכוס אקסטרה,גרמים,37.00,100 גרם,false,1,4.10,11.08,true,1,
7290112496447,false,נמס בכוס ט.עוף אקסטרה27ג,יוניליוור ישראל מזון בע\,IL,נמס בכוס,גרמים,27.00,100 גרם,false,1,4.10,15.19,true,1,
7290112496461,false,נמס בכוס אקסטרה ירקות32ג,יוניליוור ישראל מזון בע\,IL,נמס בכוס אקסטרה,גרמים,32.00,100 גרם,false,1,4.10,12.81,true,1,
7290112497505,false,קרם גוף וזלין אלוורה600מ,"יוניליוור, ג'פרסון סיטי,",US,קרם גוף ואזלין,מיליליטרים,600.00,"100 מ""ל",false,1,17.00,2.83,true,1,
7290112498922,false,מאגדת מיני מגנום לבן 5 י,"מיוצר ע""\י גלידת שטראוס",IL,מאגדת מיני מגנום,גרמים,250.00,100 גרם,false,1,25.50,10.20,true,1,
7290112499189,false,קרמיסימו חד קרן בטעמי ונ,"גלידת שטראוס בע""\מ, רחוב",IL,קרמיסימו חד קרן,ליטרים,1.33,ליטר,false,1,18.70,14.06,true,1,
7290112499219,false,מאגדת גלידה בטעמי פיסטוק,"גלידת שטראוס בע""\מ, רחוב",IL,גודיז גלידה פיסט,גרמים,235.00,100 גרם,false,1,23.80,10.13,true,1,
7290112499462,false,פינוק רחצה+שמן קוקוס700מ,יוניליוור ישראל טיפוח אי,IL,תחליב רחצה פינוק,מיליליטרים,700.00,"100 מ""ל",false,1,11.00,1.57,true,1,
7290112961464,false,חטיפי פריכיות מתובלות60ג,"פרח תעשיות מזון בע""\מ",IL,חטיפי פריכיות,גרמים,60.00,100 גרם,false,1,8.40,14.00,true,1,
7290112962287,false,שווארמה צמחונית טבעול,"טבעול תעשיות מזון בע""\מ",IL,שווארמה צמחונית,גרמים,450.00,100 גרם,false,1,27.20,6.04,true,1,
7290112962737,false,שניצל מהצומח עם חלבון,"טבעול תעשיות מזון בע""\מ\",IL,שניצל מהצומח,גרמים,664.00,100 גרם,false,1,25.50,3.84,true,1,
7290112962775,false,מאגדת שלגון אוראו 260 ג,פרונרי איברייה ס.ל. אזור,ES,מאגדת שלגון אורא,גרמים,260.00,100 גרם,false,1,30.60,11.77,true,1,
7290112963000,false,צ'ילי מתוק מופחת נתרן290,אסם,IL,רוטב צ'ילי מתוק,מיליליטרים,290.00,"100 מ""ל",false,1,11.80,4.07,true,1,
7290112963918,false,קרקר דק רוזמרין פיטנס140,אסם,IL,קרקר דק פיטנס,גרמים,140.00,100 גרם,false,1,11.80,8.43,true,1,
7290112964410,false,רוטב אלף האיים 290 גרם,אסם,IL,רוטב אלף האיים,גרמים,290.00,100 גרם,false,1,10.30,3.55,true,1,
7290112964564,false,רוטב אלף האיים לייט295ג,אסם,IL,רוטב אלף האיים,גרמים,295.00,100 גרם,false,1,10.30,3.49,true,1,
7290112964724,false,המבורגר צמחוני 580 גרם,טבעול,IL,המבורגר צמחוני,גרמים,580.00,100 גרם,false,1,27.20,4.69,true,1,
7290112965288,false,מרק נמס ירקות 2 * 28 גרם,אסם,IL,זוג מרק נמס,גרמים,56.00,100 גרם,false,1,5.50,9.82,true,1,
7290112965325,false,תבשיל אורז סג.ספרדי140גר,אסם,IL,תבשיל אורז,גרמים,140.00,100 גרם,false,1,11.20,8.00,true,1,
7290112965660,false,חטיף פיטנס מלח+פלפל25גר,"אסם השקעות בע""\מ",IL,חטיף פיטנס מלח,גרמים,25.00,100 גרם,false,1,4.70,18.80,true,1,
7290112965684,false,חטיף פיטנס עשבי תיבול25ג,"אסם השקעות בע""\מ",IL,חטיף פיטנס,גרמים,25.00,100 גרם,false,1,4.70,18.80,true,1,
7290112965707,false,חטיף פיטנס צ'ילי 25 גרם,"אסם השקעות בע""\מ",IL,חטיף פיטנס צ'ילי,גרמים,25.00,100 גרם,false,1,4.70,18.80,true,1,
7290112965943,false,נאגטס ירקות ירוקים,"טבעול תעשיות מזון בע""\מ",IL,נאגטס ירקות ירוק,גרמים,500.00,100 גרם,false,1,27.20,5.44,true,1,
7290112966803,false,אינסטנט פודינג שוקולד88ג,"אסם השקעות בע""\מ",IL,פודינג שוקולד,גרמים,88.00,100 גרם,false,1,4.80,5.45,true,1,
7290112966841,false,פודינג ט.שוקולד מריר90גר,"אסם השקעות בע""\מ",IL,פודינג שוקולד,גרמים,90.00,100 גרם,false,1,4.80,5.33,true,1,
7290112968807,false,קרקר דק פיטנס סלק 140גרם,אסם,IL,קרקר דק פיטנס,גרמים,140.00,100 גרם,false,1,11.80,8.43,true,1,
7290112968821,false,קרקר דק פיטנס בטטה 140גר,אסם,IL,קרקר דק פיטנס,גרמים,140.00,100 גרם,false,1,11.80,8.43,true,1,
7290112969002,false,אינסטנט פודינג פיסטוק80ג,"אסם השקעות בע""\מ",IL,אינסטנט פודינג,גרמים,80.00,100 גרם,false,1,4.80,6.00,true,1,
7290113192324,false,זיתים ירוקים בינוני 560ג,בית-השיטה עסיס תעשיות מז,IL,זיתים ירוקים,גרמים,560.00,100 גרם,false,1,10.00,1.79,true,1,
7290113192355,false,זיתים חרוזית 560 גרם,בית-השיטה עסיס תעשיות מז,IL,זיתים חרוזית,גרמים,560.00,100 גרם,false,1,9.10,1.63,true,1,
7290113192362,false,טבעות זיתים ירוקים 560 ג,בית-השיטה עסיס תעשיות מז,IL,טבעות זיתים ירוק,גרמים,560.00,100 גרם,false,1,10.10,1.80,true,1,
7290113192393,false,קוקטייל זיתים 560 גרם,בית-השיטה עסיס תעשיות מז,IL,קוקטייל זיתים,גרמים,560.00,100 גרם,false,1,10.80,1.93,true,1,
7290113192478,false,מלפפונים 10-12 במלח 560ג,בית-השיטה עסיס תעשיות מז,IL,מלפפונים במלח,גרמים,560.00,100 גרם,false,1,7.30,1.30,true,1,
7290113192485,false,מלפפונים חומץ10-12 560 ג,בית-השיטה עסיס תעשיות מז,IL,מלפפונים בחומץ,גרמים,560.00,100 גרם,false,1,7.30,1.30,true,1,
7290113192492,false,מלפפ.חומץ קטן13-17 560 ג,בית-השיטה עסיס תעשיות מז,IL,מלפפונים בחומץ,גרמים,560.00,100 גרם,false,1,10.60,1.89,true,1,
7290113192508,false,מלפפונ.מלח קטן13-17 560ג,בית-השיטה עסיס תעשיות מז,IL,מלפפונים מלח קטן,גרמים,560.00,100 גרם,false,1,10.60,1.89,true,1,
7290113192515,false,מלפפון במלח 18-25 560 גר,בית-השיטה עסיס תעשיות מז,IL,מלפפון במלח,גרמים,560.00,100 גרם,false,1,11.80,2.11,true,1,
7290113192522,false,מלפפונים בחומץ 18-25 560,בית-השיטה עסיס תעשיות מז,IL,מלפפונים בחומץ,גרמים,560.00,100 גרם,false,1,11.80,2.11,true,1,
7290113192539,false,מלפפון במלח 7-9 560 גרם,בית-השיטה עסיס תעשיות מז,IL,מלפפון במלח,גרמים,560.00,100 גרם,false,1,6.70,1.20,true,1,
7290113192553,false,מלפפ.מלח בלאדי קטנים560ג,בית-השיטה עסיס תעשיות מז,IL,מלפפונים במלח,גרמים,560.00,100 גרם,false,1,10.10,1.80,true,1,
7290113192560,false,פלפל שיפקה 560 גרם,בית-השיטה עסיס תעשיות מז,IL,פלפל שיפקה חריף,גרמים,560.00,100 גרם,false,1,5.80,1.03,true,1,
7290113192577,false,כרוב כבוש בית השיטה 560,"בית-השיטה תעשיות בע""\מ",IL,כרוב כבוש,גרמים,560.00,100 גרם,false,1,7.80,1.39,true,1,
7290113193406,false,טבעות קוקטייל זיתים 560ג,"בית השיטה תעשיות בע""\מ",IL,טבעות זיתים,גרמים,560.00,100 גרם,false,1,10.10,1.80,true,1,
7290113560055,false,"פרודונטקס מי פה 500 מ""ל","מאסטרפוד אוסטריה בע""מ",GB,פרודונטקס מי פה,מיליליטרים,500.00,"100 מ""ל",false,1,27.20,5.44,true,1,
7290114310215,false,שמנת מתוקה38% בקבוק250מל,מילקו תעשיות בעמ,IL,שמנת מתוקה 38%,מיליליטרים,250.00,"100 מ""ל",false,1,5.53,2.21,true,1,
7290114603508,false,"רוטב להקפצה 300 מ""ל",,TH,רוטב להקפצה,מיליליטרים,300.00,"100 מ""ל",false,1,8.40,2.80,true,1,
7290114605571,false,קוקי תבניות נייר מתקפלות,,CN,תבניות נייר,יחידה,1.00,יחידה,false,1,11.00,11.00,true,1,
7290114606561,false,איטריות אורז דקות 400 גר,לינג טונג רייס ורמיצ'ילי,TH,איטריות אורז דק,גרמים,400.00,100 גרם,false,1,8.40,2.10,true,1,
7290114606578,false,שקדי מרק 400 גרם,,IL,שקדי מרק,גרמים,400.00,100 גרם,false,1,9.30,2.33,true,1,
7290114608640,false,קרוטונים כוסמין 260 גרם,,IL,קרוטונים כוסמין,גרמים,260.00,100 גרם,false,1,17.00,6.54,true,1,
7290114659949,false,מסכה לפנים מארז 50 יח',,CN,מסכת פנים חד פעמ,יחידה,1.00,יחידה,false,1,8.40,8.40,true,1,
7290115073676,false,מארז מסכת פנים צבעוני50י,,CN,מסכת פנים חד פעמ,יחידה,1.00,יחידה,false,1,8.40,8.40,true,1,
7290115077131,false,מסכה פנים חד פעמי ילד40י,,CN,מסכת פנים חד פעמ,יחידה,1.00,יחידה,false,1,12.70,12.70,true,1,
7290115190014,false,מרלבורו רד קצר חפיסה,פיליפ מוריס,IL,מרלבורו רד קצר,יחידה,1.00,יחידה,false,1,37.00,37.00,false,1,
7290115190021,false,מרלבורו רד קצר סופט פאקט,פיליפ מוריס,IL,מרלבורו רד קצר,יחידה,1.00,יחידה,false,1,330.00,330.00,false,1,
7290115190076,false,מרלבורו גולד ארוך חפיסה,פיליפ מוריס,TR,מרלבורו גולד,יחידה,1.00,יחידה,false,1,37.00,37.00,false,1,
7290115190090,false,מרלבורו גולד קצר חפיסה,פיליפ מוריס,US,מרלבורו גולד קצר,יחידה,1.00,יחידה,false,1,37.00,37.00,false,1,
7290115190113,false,מרלבורו גולד קצר סופט חפ,פיליפ מוריס,IL,מרלבורו סופט קצר,יחידה,1.00,יחידה,false,1,35.00,35.00,false,1,
7290115190137,false,מרלבורו פיין טאץ' חפיסה,פיליפ מוריס,IL,מרלבורו פיין טאץ,יחידה,1.00,יחידה,false,1,34.50,34.50,false,1,
7290115190151,false,מרלבורו גולד טאץ' חפיסה,פיליפ מוריס,IL,מרלבורו גולד טאץ,יחידה,1.00,יחידה,false,1,34.50,34.50,false,1,
7290115190199,false,פרלמנט נייט ארוך חפיסה,פיליפ מוריס,TR,פרלמנט נייט ארוך,יחידה,1.00,יחידה,false,1,43.00,43.00,false,1,
7290115190212,false,פרלמנט בלו ארוך חפיסה,פיליפ מוריס,PL,פרלמנט בלו ארוך,יחידה,1.00,יחידה,false,1,43.00,43.00,false,1,
7290115190250,false,פרלמנט נייט קצר חפיסה,פיליפ מוריס,US,פרלמנט נייט קצר,יחידה,1.00,יחידה,false,1,43.00,43.00,false,1,
7290115190274,false,פרלמנט סילבר חפיסה,פיליפ מוריס,US,פרלמנט סילבר,יחידה,1.00,יחידה,false,1,43.00,43.00,false,1,
7290115190335,false,אל אם בלו ארוך חפיסה,פיליפ מוריס,TR,אל אם בלו ארוך,יחידה,1.00,יחידה,false,1,35.00,35.00,false,1,
7290115190359,false,אל אם בלו קצר חפיסה,פיליפ מוריס,US,אל אם בלו קצר,יחידה,1.00,יחידה,false,1,35.00,35.00,false,1,
7290115190373,false,אל אמ פורוורד חפיסה,פיליפ מוריס,TR,אל אמ פורוורד חפ,יחידה,1.00,יחידה,false,1,35.00,35.00,false,1,
7290115190397,false,אל אם רד קצר חפיסה,פיליפ מוריס,US,אל אם רד קצר חפ,יחידה,1.00,יחידה,false,1,35.00,35.00,false,1,
7290115190434,false,אל אם וויב סלימס חפיסה,פיליפ מוריס,US,אל אם וויב סלימס,יחידה,1.00,יחידה,false,1,35.00,35.00,false,1,
7290115190458,false,נקסט אדג' חפיסה,פיליפ מוריס,TR,נקסט אדג',יחידה,1.00,יחידה,false,1,27.00,27.00,false,1,
7290115190472,false,נקסט פיין אדג' חפיסה,,,נקסט פיין אדג',יחידה,1.00,יחידה,false,0,27.00,27.00,true,1,
7290115190496,false,נקסט פיין ארוך חפיסה,פיליפ מוריס,IL,נקסט פיין ארוך,יחידה,1.00,יחידה,false,1,33.50,33.50,false,1,
7290115190519,false,נקסט פיין חפיסה,פיליפ מוריס,PL,נקסט פיין חפ,יחידה,1.00,יחידה,false,1,33.50,33.50,false,1,
7290115190533,false,נקסט ריסס ארוך חפיסה,פיליפ מוריס,TR,נקסט ריסס ארוך,יחידה,1.00,יחידה,false,1,31.00,31.00,false,1,
7290115190571,false,נקסט לילך חפיסה,פיליפ מוריס,US,נקסט לילך,יחידה,1.00,יחידה,false,1,33.50,33.50,false,1,
7290115190595,false,נקסט אוריג'ינל חפיסה,פיליפ מוריס,PL,נקסט אוריג'ינל,יחידה,1.00,יחידה,false,1,33.50,33.50,false,1,
7290115190939,false,אל אמ קליק קפסולה חפיסה,פיליפ מוריס,TR,אל אמ קליק קפ.חפ,יחידה,1.00,יחידה,false,1,28.00,28.00,false,1,
7290115200003,false,פתיבר פינוקי וניל 220גרם,GERARD DR,PL,פתיבר פינוקים,גרמים,220.00,100 גרם,false,1,10.10,4.59,true,1,
7290115200027,false,פתי בר פינוקי שוקו 220ג,GERARD DR,PL,פתיבר פינוקים,גרמים,220.00,100 גרם,false,1,10.10,4.59,true,1,
7290115200713,false,במבה קלאסי 5 * 50 ג,"אסם השקעות בע""\מ",IL,במבה קלאסי 5 יח,גרמים,250.00,100 גרם,false,1,11.00,4.40,true,1,
7290115200881,false,בייגלה שטוח שומ.מעודן300,"אסם השקעות בע""\מ",IL,בייגלה שטוחים,גרמים,300.00,100 גרם,false,1,10.10,3.37,true,1,
7290115201451,false,לביבות בטטה קארי 455 גרם,טבעול )מקבוצת אסם השקעות,IL,לביבות בטטה קארי,גרמים,455.00,100 גרם,false,1,29.80,6.55,true,1,
7290115201475,false,לביבות כרישה 434 גרם,טבעול )מקבוצת אסם השקעות,IL,לביבות כרישה,גרמים,434.00,100 גרם,false,1,29.80,6.87,true,1,
7290115201536,false,"לביבות כרובית ותפו""א 442",טבעול )מקבוצת אסם השקעות,IL,לביבות כרובית ות,גרמים,442.00,100 גרם,false,1,29.80,6.74,true,1,
7290115201680,false,ביסלי ברביקיו 70 גרם,"אסם השקעות בע""\מ",IL,ביסלי ברביקיו,גרמים,70.00,100 גרם,false,1,3.80,5.43,true,1,
7290115201703,false,ביסלי ברביקיו 200 גרם,אסם,IL,ביסלי ברביקיו,גרמים,200.00,100 גרם,false,1,6.70,3.35,true,1,
7290115201741,false,ביסלי בצל 70 גרם,"אסם השקעות בע""\מ",IL,ביסלי בצל,גרמים,70.00,100 גרם,false,1,3.80,5.43,true,1,
7290115202786,false,מנה חמה פאוצ נודלס בקר70,תאי פרזידנט,TH,מנה חמה פאוצ',גרמים,70.00,100 גרם,false,1,5.00,7.14,true,1,
7290115202816,false,מנה חמה פאוצ נודלס 70 גר,תאי פרזידנט,TH,מנה חמה פאוצ',גרמים,70.00,100 גרם,false,1,5.00,7.14,true,1,
7290115204056,false,קטשופ מופחת סוכר 690 גרם,אסם,IL,קטשופ מופחת סוכר,גרמים,690.00,100 גרם,false,1,10.60,1.54,true,1,
7290115204186,false,פסטו צבר 190 גרם,פרסקו,IL,פסטו צבר,גרמים,190.00,100 גרם,false,1,13.50,7.11,true,1,
7290115205176,false,קרקר דק כפרי פיטנס 140גר,אסם יקנעם,IL,קרקר דק פיטנס,גרמים,140.00,100 גרם,false,1,11.80,8.43,true,1,
7290115205527,false,חטיף פיטנס עם עדשים25גרם,"אסם השקעות בע""\מ",IL,חטיף פיטנס,גרמים,25.00,100 גרם,false,1,4.70,18.80,true,1,
7290115205695,false,בצק פיצה מצונן 460 גרם,נסטלה סוויס )שוויץ(,CH,בצק פיצה מצונן,גרמים,460.00,100 גרם,false,1,14.10,3.07,true,1,
7290115207620,false,רוטב סויה קלאסי אסם333גר,"אסם השקעות בע""\מ",IL,רוטב סויה קלאסי,גרמים,333.00,100 גרם,false,1,9.30,2.79,true,1,
7290115207682,false,רוטב סויה סיני 330 גרם,"אסם השקעות בע""\מ",IL,רוטב סויה סיני,גרמים,330.00,100 גרם,false,1,10.10,3.06,true,1,
7290115207903,false,ויטמינצ'יק תפוח עץ 2ליטר,בית-השיטה עסיס תעשיות מז,IL,ויטמינצ'יק תפוח,ליטרים,2.00,ליטר,false,1,34.10,17.05,true,1,
7290115207941,false,ויטמינצ'יק אננס 1 ליטר,בית-השיטה עסיס תעשיות מז,IL,ויטמינצ'יק אננס,ליטרים,1.00,ליטר,false,1,19.50,19.50,true,1,
7290115207965,false,ויטמינצ'יק מנגו אפרסק1ל,בית-השיטה עסיס תעשיות מז,IL,ויטמינצ'יק מנגו,ליטרים,1.00,ליטר,false,1,19.50,19.50,true,1,
7290115207989,false,ויטמינצ'יק לימון 1 ליטר,בית-השיטה עסיס תעשיות מז,IL,ויטמינצ'יק לימון,ליטרים,1.00,ליטר,false,1,19.50,19.50,true,1,
7290115208009,false,ויטמינצ'יק ענבים 1 ליטר,בית-השיטה עסיס תעשיות מז,IL,ויטמינצ'יק ענבים,ליטרים,1.00,ליטר,false,1,19.50,19.50,true,1,
7290115208047,false,ויטמינצ'יק פטל 1 ליטר,בית-השיטה עסיס תעשיות מז,IL,ויטמינצ'יק פטל,ליטרים,1.00,ליטר,false,1,19.50,19.50,true,1,
7290115208566,false,קרמוגית מיניס ק.בייגל200,"אסם השקעות בע""\מ",IL,קרמוגית מיניס,גרמים,200.00,100 גרם,false,1,10.80,5.40,true,1,
7290115209198,false,במבה אוורירית 80 גרם,אסם השקעות בעמ,IL,במבה אוורירית,גרמים,80.00,100 גרם,false,1,4.10,5.13,true,1,
7290115209358,false,במבה במילוי בראוניז 60גר,"אסם השקעות בע""\מ",IL,במבה בראוניז,גרמים,60.00,100 גרם,false,1,4.10,6.83,true,1,
7290115480009,false,סוד מרכך פרש קונטרול900מ,,IL,סוד מרכך פרש,מיליליטרים,900.00,"100 מ""ל",false,1,12.70,1.41,true,1,
7290115480023,false,סוד קפסולות ג'ל 3+1 45יח,הנקל,RS,סוד קפסולות ג'ל,יחידה,1.00,יחידה,false,1,26.40,26.40,true,1,
7290115671339,false,מיני פינוקיות בייגל180ג,"הגביע מוצרי ופלים בע""\מ",IL,מיני פינוקיות,גרמים,180.00,100 גרם,false,1,10.10,5.61,true,1,
7290115671346,false,מיני פינוקיות טופי180גרם,"הגביע מוצרי ופלים בע""\מ",IL,מיני פינוקיות,גרמים,180.00,100 גרם,false,1,10.10,5.61,true,1,
7290115671421,false,פולי קפה אספרסו 10 250ג,שטראוס קפה בי. וי.,IL,פולי קפה,גרמים,250.00,100 גרם,false,1,19.50,7.80,true,1,
7290115675559,false,מארז טורקי לדרך 70 גרם,שטראוס קפה בי.וי.,IL,מארז טורקי לדרך,גרמים,70.00,100 גרם,false,1,7.40,10.57,true,1,
7290115676051,false,משקה אקטיביה ש.שועל265גר,"שטראוס בריאות בע""\מ",IL,משקה אקטיביה,גרמים,265.00,100 גרם,false,1,4.30,1.62,true,1,
7290115676082,false,משקה דנונה פרו20 תות255ג,"שטראוס בריאות בע""\מ.",IL,משקה דנונה פרו,גרמים,255.00,100 גרם,false,1,6.40,2.51,true,1,
7290115676099,false,משקה דנונה פרו20 וניל255,"שטראוס בריאות בע""\מ.",IL,משקה דנונה פרו,גרמים,255.00,100 גרם,false,1,6.40,2.51,true,1,
7290115676273,false,קקאו עלית10%+ 500 גרם,שטראוס קפה בי.וי.,IL,קקאו עלית,גרמים,550.00,100 גרם,false,1,22.90,4.16,true,1,
7290115677362,false,נודלס טריאקי עם ירקות,אוכל ביתי ניר עציון,IL,נודלס טריאקי עם,גרמים,350.00,100 גרם,false,1,21.20,6.05,true,1,
7290115677423,false,דלישס אורז קארי ירוק חרי,אוכל ביתי ניר עציון,IL,דלישס אורז קארי,גרמים,350.00,100 גרם,false,1,21.20,6.05,true,1,
7290115678376,false,מעדן הגולן שוקולד 125 גר,"שטראוס בריאות בע""\מ",IL,מעדן הגולן,גרמים,125.00,100 גרם,false,1,2.90,2.32,true,1,
7290115678383,false,מעדן הגולן שוק.מריר125גר,"שטראוס בריאות בע""\מ",IL,מעדן הגולן,גרמים,125.00,100 גרם,false,1,2.90,2.32,true,1,
7290115679960,false,צ'יטוס פופקורן ט.טבעי60ג,"שטראוס פריטו ליי בע""\מ )",IL,צ'יטוס פופקורן,גרמים,60.00,100 גרם,false,1,4.60,7.67,true,1,
7290116244013,false,אצבעות שוק.סמי הכבאי50גר,,UA,אצבעות שוקולד,גרמים,50.00,100 גרם,false,1,4.10,8.20,true,1,
7290116530222,false,אקס סטיק לגבר אנרכי 77ג,,US,דאו.סטיק אקס,גרמים,77.00,100 גרם,false,1,18.70,24.29,true,1,
7290116530482,false,קורנפלקס אלופים 30*5 גרם,פרומיניו,IL,קורנפלקס 5 יח,גרמים,150.00,100 גרם,false,1,11.80,7.87,true,1,
7290116530871,false,חט.נשנושים מיקס+בייגל240,"דרך השוקולד ,1 צפת 13404",IL,חטיף נשנושים,גרמים,240.00,100 גרם,false,1,11.80,4.92,true,1,
7290116531069,false,מרק בצל רכיבים טבעי225ג,יוניליוור ישראל מזון בע\,IL,מרק בצל,גרמים,225.00,100 גרם,false,1,13.50,6.00,true,1,
7290116531076,false,מרק פטריות רכיב טבעי225ג,יוניליוור ישראל מזון בע\,IL,מרק פטריות,גרמים,225.00,100 גרם,false,1,13.50,6.00,true,1,
7290116531250,false,שמפו פינוק נגד קשקשים700,יוניליוור ישראל טיפוח אי,IL,שמפו פינוק,מיליליטרים,700.00,"100 מ""ל",false,1,11.80,1.69,true,1,
7290116531557,false,פריכיות עם תירס מלא150ג,גוד פוד פרודקטס Sp.zo.o,PL,פריכיות פתית,גרמים,150.00,100 גרם,false,1,11.00,7.33,true,1,
7290116531793,false,רוטב לסלט קיסר 295 גרם,יוניליוור ישראל מזון בע\,IL,רוטב לסלט קיסר,גרמים,295.00,100 גרם,false,1,10.10,3.42,true,1,
7290116532011,false,חטיף קליק נוגט 35 גרם,תות תעשיות מזון (2014) ב,IL,חטיף קליק נוגט,גרמים,35.00,100 גרם,false,1,4.10,11.71,true,1,
7290116532028,false,קליק נוגט שוק.חלב כשלפ35,"דרך השוקולד ,1 צפת 13404",IL,חטיף קליק,גרמים,35.00,100 גרם,false,1,4.10,11.71,true,1,
7290116532462,false,קליק גלידה שוקולד בננה,"גלידת שטראוס בע""\מ, רחוב",IL,"קליק גלידה 520מ""",מיליליטרים,520.00,"100 מ""ל",false,1,18.70,3.60,true,1,
7290116532882,false,נשנושים איירביס בצל155ג,"דרך השוקולד ,1 צפת 13404",IL,נשנושים איירביס,גרמים,155.00,100 גרם,false,1,11.80,7.61,true,1,
7290116930282,false,לאבנה 9% עם קרקרים 150 ג,,IL,לאבנה,גרמים,150.00,100 גרם,false,1,8.40,5.60,true,1,
7290116930435,false,יוגורט גו סמיך דובדבן200,"תנובה בע""\מ",IL,יוגורט גו סמיך,גרמים,200.00,100 גרם,false,1,5.00,2.50,true,1,
7290116930459,false,שייק בננה אננס קוקס230מל,תנובה בעמ,IL,יופלה שייק,מיליליטרים,230.00,"100 מ""ל",false,1,7.60,3.30,true,1,
7290116930480,false,שייק בננה קיוי תפוח230מל,תנובה בעמ,IL,יופלה שייק,מיליליטרים,230.00,"100 מ""ל",false,1,7.60,3.30,true,1,
7290116930558,false,תה קר+חלב  צ'אי קרמל230מ,תנובה בעמ,IL,משקה תה קר+חלב,מיליליטרים,230.00,"100 מ""ל",false,1,7.60,3.30,true,1,
7290116930701,false,מעדן חלב גו בטעם קרמל120,תנובה בעמ,IL,מעדן חלב גו,גרמים,120.00,100 גרם,false,1,4.50,3.75,true,1,
7290117260470,false,בולגרית למריחה 5%שום200ג,אם.בי.טורקיה,TR,בולגרית למריחה,גרמים,200.00,100 גרם,false,1,11.10,5.55,true,1,
7290117260562,false,חמאה בגביע 225 גרם,,TR,חמאה בגביע,גרמים,225.00,100 גרם,false,1,15.30,6.80,true,1,
7290117260685,false,תן בו מיקס סמבה 230 גרם,,DK,תן בו מיקס סמבה,גרמים,230.00,100 גרם,false,1,18.70,8.13,true,1,
7290117260807,false,תן בו בציפוי שוק.לבן12יח,,DK,תן בו שוקולד12יח,גרמים,300.00,100 גרם,false,1,18.70,6.23,true,1,
7290117260975,false,זיתי קלמטה מגולען 300 גר,סיוארס אס.איי,TR,זית קלמטה מגולען,גרמים,300.00,100 גרם,false,1,8.40,2.80,true,1,
7290117260982,false,זית שחור מגולען במלח300ג,סיוארס אס.איי,TR,זית שחור מגולען,גרמים,300.00,100 גרם,false,1,8.40,2.80,true,1,
7290117261019,false,זית ירוק ממולא פלפל 300ג,סיוארס אס.איי,TR,זיתים ירוקים,גרמים,300.00,100 גרם,false,1,8.40,2.80,true,1,
7290117261033,false,זית שחור סגנון טאסוס200ג,סיוארס אס.איי,TR,זיתים שחורים,גרמים,200.00,100 גרם,false,1,8.40,4.20,true,1,
7290117261088,false,בוראטה מוצרלה רכה 125 גר,,ES,גבינת בוראטה,גרמים,125.00,100 גרם,false,1,21.20,16.96,true,1,
7290117261354,false,גבינת ריקוטה5% 200 גרם,גידה,TR,גבינת ריקוטה,גרמים,200.00,100 גרם,false,1,9.30,4.65,true,1,
7290117262030,false,גלילי וופל שוק.תפוז200גר,,GR,גלילי וופל מולא,גרמים,200.00,100 גרם,false,1,9.30,4.65,true,1,
7290117262047,false,גלילי וופל בננה שוקו200ג,,GR,גלילי וופל ממולא,גרמים,200.00,100 גרם,false,1,9.30,4.65,true,1,
7290117262054,false,גלילי וופל מילוי שוקו200,,GR,גלילי וופל ממולא,גרמים,200.00,100 גרם,false,1,9.30,4.65,true,1,
7290117262061,false,גלילי וופל קקאו+אגוז200ג,,GR,גלילי וופל ממולא,גרמים,200.00,100 גרם,false,1,9.30,4.65,true,1,
7290117262245,false,משקה יוג2.3%אפרסק+מש200מ,,TR,משקה יוגורט,גרמים,200.00,100 גרם,false,1,5.00,2.50,true,1,
7290117262290,false,חטיף שוקולד פרלינים 50ג,,TR,חטיף שוקולד,גרמים,50.00,100 גרם,false,1,5.00,10.00,true,1,
7290117262306,false,חטיף קורנפלקס מצופה 50 ג,,TR,חטיף שוקולד,גרמים,50.00,100 גרם,false,1,5.00,10.00,true,1,
7290117262313,false,חטיף דגנים פריכים 50 גרם,,TR,חטיף דגנים פריכי,גרמים,50.00,100 גרם,false,1,5.00,10.00,true,1,
7290117262320,false,חטיף ביסקוויט מצופה 40גר,,TR,חטיפי שוקולד,גרמים,40.00,100 גרם,false,1,5.00,12.50,true,1,
7290117860045,false,שמפו מטפח לשיער רגיל700מ,טרופיקל דגיל,IL,שמפו הוואי,מיליליטרים,700.00,"100 מ""ל",false,1,13.50,1.93,true,1,
7290117860090,false,מרכך מטפח לשיער רגיל700מ,"טרופיקל דגיל בע""\מ",IL,מרכך מטפח לשיער,מיליליטרים,700.00,"100 מ""ל",false,1,13.50,1.93,true,1,
7290117860199,false,שמפו מעניק לחות שיער יבש,"טרופיקל דגיל בע""\מ",IL,שמפו הוואי,מיליליטרים,700.00,"100 מ""ל",false,1,13.50,1.93,true,1,
7290117860243,false,מרכך לחות שיער יבש700מל,טרופיקל דגיל,IL,מרכך הוואי,מיליליטרים,700.00,"100 מ""ל",false,1,13.50,1.93,true,1,
7290117860892,false,ת.רחצ.יוגורט וניל דבש700,"טרופיקל דגיל בע""\מ",IL,תחליב רחצה הוואי,מיליליטרים,700.00,"100 מ""ל",false,1,13.50,1.93,true,1,
7290117860991,false,תח.רחצה יוגורט שקדים700מ,"טרופיקל דגיל בע""\מ",IL,תחליב רחצה הוואי,מיליליטרים,700.00,"100 מ""ל",false,1,13.50,1.93,true,1,
7291008084854,false,"תמר מגהול ישראלי 1ק""ג",מהדרין תנופרט אקספורט,IL,תמר מגהול ישראלי,קילוגרמים,1.00,"ק""ג",false,1,21.90,21.90,true,1,
7296073005735,false,עוג.סנדוויץ שוק.שופרס150,"אחים פפושדו ובניהם בע""\מ",IL,עוגיות סנדוויץ,גרמים,150.00,100 גרם,false,0,4.10,2.73,true,1,
7296073005742,false,עוג.סנדוויץ וניל שופר150,"אחים פפושדו ובניהם בע""\מ",IL,עוגיות סנדוויץ,גרמים,150.00,100 גרם,false,0,4.10,2.73,true,1,
7296073005841,false,אפונה ירוקה שופרסל500גרם,מיה,IL,אפונה ירוקה,גרמים,500.00,100 גרם,false,0,5.50,1.10,true,1,
7296073005858,false,בורגול שופרסל 500 גרם,מיה,IL,בורגול,גרמים,500.00,100 גרם,false,0,4.70,0.94,true,1,
7296073005902,false,כוסמת שופרסל 500 גרם,מיה,IL,כוסמת שופרסל,גרמים,500.00,100 גרם,false,0,5.90,1.18,true,1,
7296073005919,false,עדשים ירוקות שופרסל500ג,מיה,IL,עדשים ירוקות,גרמים,500.00,100 גרם,false,0,6.40,1.28,true,1,
7296073005926,false,עדשים אדומות שופרסל500גר,מיה,IL,עדשים אדומות,גרמים,500.00,100 גרם,false,0,6.40,1.28,true,1,
7296073005957,false,שעועית לבנה שופרסל500גרם,מיה,IL,שעועית לבנה,גרמים,500.00,100 גרם,false,0,9.20,1.84,true,1,
7296073005971,false,שעועית אדומה שופרסל500גר,מיה,IL,שעועית אדומה,גרמים,500.00,100 גרם,false,0,8.70,1.74,true,1,
7296073006015,false,"חומוס גדול שופרסל 1 ק""ג",מיה,IL,חומוס גדול,קילוגרמים,1.00,"ק""ג",false,0,9.80,9.80,true,1,
7296073006053,false,פרג שופרסל 100 גרם,,IL,פרג שופרסל,גרמים,100.00,100 גרם,false,1,4.90,4.90,true,1,
7296073006060,false,חומוס לבן ענק שופרסל 1קג,מיה,IL,חומוס לבן ענק,קילוגרמים,1.00,"ק""ג",false,0,11.80,11.80,true,1,
7296073006176,false,"סוכר שופרסל 1 ק""ג","סוגת תעשיות בע""\מ",IL,סוכר לבן,קילוגרמים,1.00,"ק""ג",false,0,4.10,4.10,true,1,
7296073006381,false,זיתים ירוקים בינוניים,שופרסל,IL,זיתים ירוקים,גרמים,560.00,100 גרם,false,0,6.20,1.11,true,1,
7296073006398,false,זיתים ירוקים גדולים,שופרסל,IL,זיתי מנזנילו,גרמים,560.00,100 גרם,false,0,6.60,1.18,true,1,
7296073006404,false,מלפפונים במלח גדולים 7-9,בני דרום,IL,מלפפון במלח 7-9,גרמים,560.00,100 גרם,false,0,6.40,1.14,true,1,
7296073006411,false,מלפפונים במלח בינוניים,בני דרום,IL,מלפפונים במלח,גרמים,560.00,100 גרם,false,0,6.60,1.18,true,1,
7296073006497,false,גביעי גלידה שופרסל 30יח',"א.ג. גילרו בע""\מ",IL,גביעי גלידה,גרמים,115.00,100 גרם,false,0,9.30,8.09,true,1,
7296073006640,false,מלפפונים במלח ט.ביתי1.65,שופרסל,IL,מלפפון במלח ביתי,קילוגרמים,1.65,"ק""ג",false,0,23.80,14.42,true,1,
7296073011118,false,קוסקוס דק שופרסל 350 גרם,"אסיף תעשיות מזון בע""\מ",IL,קוסקוס דק,גרמים,350.00,100 גרם,false,0,4.40,1.26,true,1,
7296073011194,false,פוסיליני טריקולור 500 גר,שופרסל,IT,פסטה טריקולור,גרמים,500.00,100 גרם,false,0,5.80,1.16,true,1,
7296073011217,false,פסטה פנה ריגטה 500 גרם,שופרסל,IT,פסטה פנה ריגטה,גרמים,500.00,100 גרם,false,0,4.10,0.82,true,1,
7296073011224,false,פסטה פוסילי 500 גרם,שופרסל,IT,פסטה פוסילי,גרמים,500.00,100 גרם,false,0,4.10,0.82,true,1,
7296073011248,false,פסטה פרפלה 500 גרם,שופרסל,IT,פסטה פרפלה,גרמים,500.00,100 גרם,false,0,4.10,0.82,true,1,
7296073012009,false,קוסקוס בינוני שופרסל350ג,"אסיף תעשיות מזון בע""\מ",IL,קוסקוס בינוני,גרמים,350.00,100 גרם,false,0,4.40,1.26,true,1,
7296073020370,false,צלחת גדולה BASIC 100 יח',שופרסל,IL,צלחות גדולות,יחידה,1.00,יחידה,false,0,26.40,26.40,true,1,
7296073020394,false,"קערית מרק  BASIC 50 יח,'",שופרסל,IL,"קעריות מרק חד""פ",יחידה,1.00,יחידה,false,0,17.00,17.00,true,1,
7296073020400,false,קערית אובלית BASIC 25 יח,שופרסל,IL,קעריות קסרול,יחידה,1.00,יחידה,false,0,12.70,12.70,true,1,
7296073020936,false,פטריות שמפיניון חתוכ400ג,פרוצ'אמפ,NL,פטריות חתוכות,גרמים,400.00,100 גרם,false,0,3.90,0.98,true,1,
7296073021568,false,"קמח חיטה לבן בהיר 1 ק""ג",שופרסל,IL,קמח לבן,קילוגרמים,1.00,"ק""ג",false,0,4.10,4.10,true,1,
7296073021575,false,"קמח תופח 1 ק""ג",שופרסל,IL,קמח תופח,קילוגרמים,1.00,"ק""ג",false,0,6.40,6.40,true,1,
7296073021582,false,סולת חיטה,שופרסל,IL,סולת חיטה,קילוגרמים,1.00,"ק""ג",false,0,4.10,4.10,true,1,
7296073048978,false,קרוטונים לסלט שופרסל400ג,"חטיפים מן הטבע בע""\מ",IL,קרוטונים לסלט,גרמים,400.00,100 גרם,false,0,14.30,3.58,true,1,
7296073049029,false,כתף בקר שופרסל 300 גרם,מעדני יחיעם,IL,כתף בקר,גרמים,300.00,100 גרם,false,0,25.30,8.43,true,1,
7296073049074,false,סלמי קוניאק שופרסל 300גר,מעדני יחיעם,IL,סלמי קוניאק,גרמים,300.00,100 גרם,false,0,20.40,6.80,true,1,
7296073049135,false,אטריות ביצים דקות שופ200,שיבולים בני דרום,IL,אטריות ביצים,גרמים,200.00,100 גרם,false,0,6.70,3.35,true,1,
7296073049654,false,טבעות זיתים ירוקים,שופרסל,IL,טבעות זיתים,גרמים,560.00,100 גרם,false,0,8.20,1.46,true,1,
7296073053743,false,פסטה קונקיליוני 500 גרם,שופרסל,IL,פסטה קונקיליוני,גרמים,500.00,100 גרם,false,0,4.10,0.82,true,1,
7296073053750,false,פסטה לומקה 500 גרם,שופרסל,IT,פסטה לומקה ריגטה,גרמים,500.00,100 גרם,false,0,4.10,0.82,true,1,
7296073053767,false,דפי לזניה שופרסל 500 גרם,שופרסל,IT,דפי לזניה,גרמים,500.00,100 גרם,false,0,11.80,2.36,true,1,
7296073058984,false,גרנולה קראנץ פירות+אג400,בריגן קי ג'י,DE,גרנולה קראנץ,גרמים,400.00,100 גרם,false,0,15.30,3.83,true,1,
7296073058991,false,מוזלי 500 גרם,בריגן קי ג'י,DE,מוזלי,גרמים,500.00,100 גרם,false,0,15.30,3.06,true,1,
7296073059691,false,"צלחת גדולה BASIC 50 יח,'",שופרסל,IL,צלחות גדולות,יחידה,1.00,יחידה,false,0,15.30,15.30,true,1,
7296073059707,false,"צלחת קטנה BASIC 50 יח,'",שופרסל,IL,"צלחות קטנות חד""פ",יחידה,1.00,יחידה,false,0,12.70,12.70,true,1,
7296073059745,false,ליפתניות BASIC,שופרסל,IL,"ליפתניות חד""פ",יחידה,1.00,יחידה,false,0,12.70,12.70,true,1,
7296073064367,false,"בורקס תפו""א שופרסל 800 ג",שופרסל,IL,"800 בורקס תפו""א",גרמים,800.00,100 גרם,false,0,15.30,1.91,true,1,
7296073064398,false,בורקס גבינה שופרסל 800 ג,מאפ גדרון,IL,בורקס גבינה800,גרמים,800.00,100 גרם,false,0,17.00,2.13,true,1,
7296073066354,false,חטיפי חלווה שופרסל 250 ג,"אחדות בע""מ א.ת. ברקן",IL,חטיפי חלווה,גרמים,250.00,100 גרם,false,0,9.50,3.80,true,1,
7296073074434,false,ביסקוויטים פתי בר גדול,שופרסל,IL,פתיבר גדול,גרמים,500.00,100 גרם,false,0,8.10,1.62,true,1,
7296073074441,false,פתי בר גדול בטעם שוקו,שופרסל,IL,פתי בר גדול שוקו,גרמים,500.00,100 גרם,false,0,8.10,1.62,true,1,
7296073074649,false,קנלוני שופרסל 250 גרם,שופרסל,IT,קנלוני שופרסל,גרמים,250.00,100 גרם,false,0,8.70,3.48,true,1,
7296073078395,false,תפוח אדמה נשיקות תפזורת,קטיף.,IL,תפוח אדמה נשיקות,קילוגרמים,0.00,"ק""ג",true,0,5.90,5.90,true,1,
7296073078579,false,דבש טבעי מפרחי שדה 350 ג,שופרסל,IL,דבש טבעי,גרמים,350.00,100 גרם,false,0,16.10,4.60,true,1,
7296073078586,false,דבש טבעי מפרחי שדה,שופרסל,IL,דבש טבעי,גרמים,500.00,100 גרם,false,0,22.90,4.58,true,1,
7296073078609,false,"דבש טבעי שופרסל 1 ק""ג",מכוורת עמק חפר,IL,דבש טבעי,קילוגרמים,1.00,"ק""ג",false,0,35.80,35.80,true,1,
7296073078821,false,4 כריות יפניות שופרסל,פלסטו פוליש,IL,כריות יפניות,יחידה,1.00,יחידה,false,0,7.60,7.60,true,1,
7296073078838,false,6 כריות יפניות שופרסל,פלסטו פוליש,IL,כריות יפניות,יחידה,1.00,יחידה,false,0,8.20,8.20,true,1,
7296073078883,false,מטליות לניקוי כללי,שופרסל,IL,מטליות לניקוי,יחידה,1.00,יחידה,false,0,8.40,8.40,true,1,
7296073079019,false,פריכיות דק.קצח 100ג שופר,"פרח תעשיות מזון בע""\מ",IL,פריכיות דקות,גרמים,100.00,100 גרם,false,0,6.70,6.70,true,1,
7296073079859,false,קוביות עגבניות שופר800.ג,פריניר,IL,עגבניות קוביות,גרמים,800.00,100 גרם,false,0,5.80,0.73,true,1,
7296073079873,false,רוטב עגבנ.מרוכז מאוד580ג,פריניר,IL,תרכיז עגבניות,גרמים,580.00,100 גרם,false,0,5.40,0.93,true,1,
7296073079880,false,רוטב עגבנ.מרוכז22% 570ג,פריניר,IL,רוטב עגבניות,גרמים,570.00,100 גרם,false,0,5.20,0.91,true,1,
7296073079903,false,רוטב עגבניות 22%שופר100ג,פריניר,IL,רוטב עגבניות,גרמים,100.00,100 גרם,false,0,1.60,1.60,true,1,
7296073080497,false,שעועית אפויה שופרסל 580ג,פרי גליל,IL,שעועית אפויה,גרמים,580.00,100 גרם,false,0,6.40,1.10,true,1,
7296073080503,false,אפונה ירוקה בינונית 550ג,פרי גליל,IL,אפונה ירוקה,גרמים,550.00,100 גרם,false,0,5.90,1.07,true,1,
7296073080510,false,חומוס שלם שופרסל 560 גרם,פרי גליל,IL,חומוס שלם,גרמים,560.00,100 גרם,false,0,5.90,1.05,true,1,
7296073080534,false,גרעיני תירס מתוק 550 גרם,פרי גליל,IL,גרעיני תירס מתוק,גרמים,550.00,100 גרם,false,0,5.90,1.07,true,1,
7296073080541,false,אפונה וגזר שופרסל 550 גר,פרי גליל,IL,אפונה וגזר,גרמים,550.00,100 גרם,false,0,5.90,1.07,true,1,
7296073080558,false,תירס לייט שופרסל 550 גרם,פרי גליל,IL,תירס לייט,גרמים,550.00,100 גרם,false,0,6.70,1.22,true,1,
7296073081692,false,מזון יבש לחתול שופרסל3קג,Tuffy's,US,מזון לחתולים,קילוגרמים,3.00,"ק""ג",false,0,41.40,13.80,true,1,
7296073087175,false,ריבת תות שופרסל 370 גרם,LTD 99 CIMA,BG,ריבת תות שדה,גרמים,370.00,100 גרם,false,0,10.10,2.73,true,1,
7296073087182,false,ריבת מישמש שופרסל 370גרם,LTD 99 CIMA,BG,ריבת מישמש,גרמים,370.00,100 גרם,false,0,10.10,2.73,true,1,
7296073087205,false,ריבת אוכמניות שופרסל370ג,LTD 99 CIMA,BG,ריבת אוכמניות,גרמים,370.00,100 גרם,false,0,10.10,2.73,true,1,
7296073087243,false,קונפ.דובדבנים שופרסל370ג,LTD 99 CIMA,BG,קונפ.דובדבנים,גרמים,370.00,100 גרם,false,0,11.50,3.11,true,1,
7296073090496,false,צמר פלדה שופרסל 100 גרם,פלסטו פוליש,IL,צמר פלדה,גרמים,100.00,100 גרם,false,0,5.70,5.70,true,1,
7296073091172,false,פופקורן למיקרו ט.טבעי600,שופרסל,US,פופקורן למיקרו,גרמים,600.00,100 גרם,false,0,12.60,2.10,true,1,
7296073091226,false,פופקורן גרעינים שופר1.קג,מיה,IL,פופקורן גרעינים,קילוגרמים,1.00,"ק""ג",false,0,8.30,8.30,true,1,
7296073091462,false,פיסטוק קלוי וממולח 200ג,ששון,IL,פיסטוק קלוי,גרמים,200.00,100 גרם,false,0,19.50,9.75,true,1,
7296073091479,false,שקד קלוף קלוי וממולח200ג,ששון,IL,שקד קלוף קלוי,גרמים,200.00,100 גרם,false,0,15.30,7.65,true,1,
7296073091486,false,קשיו קלויים ומומלח 200ג',ששון,IL,קשיו קלוי ומומלח,גרמים,200.00,100 גרם,false,0,19.50,9.75,true,1,
7296073091493,false,גרעין חמניה קלוי וממולח,ששון,IL,גרעין שחור קלוי,גרמים,200.00,100 גרם,false,0,5.80,2.90,true,1,
7296073091547,false,צימוקים בהירים 400גרם,ששון,IL,צימוק בהיר,גרמים,400.00,100 גרם,false,0,19.50,4.88,true,1,
7296073091554,false,צימוקים כהים 400 גרם,ששון,IL,צימוקים כהים,גרמים,400.00,100 גרם,false,0,16.10,4.03,true,1,
7296073091608,false,אגוזי קשיו קלופים טבעיים,ששון,VN,אגוזי קשיו טבעי,גרמים,200.00,100 גרם,false,0,20.40,10.20,true,1,
7296073091646,false,צנוברים קלופים 100גרם,ששון,CN,צנוברים קלופים,גרמים,100.00,100 גרם,false,0,22.10,22.10,true,1,
7296073091677,false,חמוציות מיובשות 250ג,ששון,US,חמוציות 250גרם,גרמים,250.00,100 גרם,false,0,10.10,4.04,true,1,
7296073094746,false,חלווה וניל שופרסל 400גרם,"אחדות בע""מ א.ת. ברקן",IL,חלווה וניל,גרמים,400.00,100 גרם,false,0,12.00,3.00,true,1,
7296073094753,false,חלווה וניל שופרסל 500 גר,"אחדות בע""מ א.ת. ברקן",IL,חלווה וניל,גרמים,500.00,100 גרם,false,0,11.80,2.36,true,1,
7296073095583,false,"אצטון שופרסל 100 מ""ל","ש. שוורץ )באר שבע( בע""\מ",IL,אצטון BE,מיליליטרים,100.00,"100 מ""ל",false,0,3.30,3.30,true,1,
7296073098263,false,גזר גמדי מוקפא 800 גרם,פרי גליל,IL,גזר גמדי מוקפא,גרמים,800.00,100 גרם,false,0,11.80,1.47,true,1,
7296073103813,false,תפוח אדמה לבן ארוז,,IL,"תפו""א לבן ארוז",קילוגרמים,0.00,"ק""ג",true,0,4.90,4.90,true,1,
7296073103820,false,תפוחי אדמה לטיגון,,IL,"תפו""א  לטיגון",קילוגרמים,0.00,"ק""ג",true,0,5.90,5.90,true,1,
7296073106074,false,פסטה טליאטלה 500 גרם,שופרסל,IT,פסטה טליאטלה,גרמים,500.00,100 גרם,false,0,9.30,1.86,true,1,
7296073106098,false,פריכיות דק.כוסמת שופר100,"פרח תעשיות מזון בע""\מ",IL,פריכיות כוסמת,גרמים,100.00,100 גרם,false,0,6.70,6.70,true,1,
7296073107989,false,גרעיני תירס שופרסל 800 ג,פרי גליל,IL,גרעיני תירס,גרמים,800.00,100 גרם,false,0,12.70,1.59,true,1,
7296073107996,false,פול ירוק שופרסל 800 גרם,פרי גליל,GB,פול ירוק,גרמים,800.00,100 גרם,false,0,16.10,2.02,true,1,
7296073108085,false,שעועית צהובה חתוכה שופרס,פרי גליל,IL,שעועית צהובה,גרמים,800.00,100 גרם,false,0,16.20,2.03,true,1,
7296073108269,false,עלי חסה ערבית שטופים,פרסקו,IL,עלי חסה ערבית,גרמים,250.00,100 גרם,false,0,10.90,4.36,true,1,
7296073108313,false,סלט קולסלאו שטוף 400גרם,פרסקו,IL,סלט קולסלאו שטוף,גרמים,400.00,100 גרם,false,0,8.90,2.23,true,1,
7296073108320,false,שבבי גזר שטופים 400גרם,,IL,שבבי גזר שטופים,גרמים,400.00,100 גרם,false,0,8.90,2.23,true,1,
7296073108344,false,לקט קלאסי שטוף350גרם,פרסקו,IL,לקט קלאסי שטוף,גרמים,350.00,100 גרם,false,0,11.90,3.40,true,1,
7296073108351,false,חסה אייסברג שטופה 300גרם,פרסקו,IL,חסה אייסברג שטוף,גרמים,300.00,100 גרם,false,0,10.90,3.63,true,1,
7296073108368,false,לקט הגינה שטוף 300גרם,,IL,לקט הגינה שטוף,גרמים,300.00,100 גרם,false,0,11.90,3.97,true,1,
7296073108375,false,כרוב לבן שטוף לאכילה400ג,פרסקו,IL,כרוב לבן שטוף,גרמים,400.00,100 גרם,false,0,8.50,2.13,true,1,
7296073108443,false,"קמח חיטה מלא 1 ק""ג",שופרסל,IL,קמח חיטה מלא,קילוגרמים,1.00,"ק""ג",false,0,6.40,6.40,true,1,
7296073109822,false,תמר מג'הול מעולה 400 גרם,הדיקלאים,IL,תמר מג'הול 400ג,גרמים,400.00,100 גרם,false,0,12.90,3.23,true,1,
7296073112464,false,פוסילי מקמח חיטה מלא500ג,שופרסל,IT,פוזילי חיטה מלאה,גרמים,500.00,100 גרם,false,0,7.40,1.48,true,1,
7296073112471,false,ספגטי מקמח חיטה מלא 500ג,שופרסל,IT,ספגטי מקמח מלא,גרמים,500.00,100 גרם,false,0,7.40,1.48,true,1,
7296073112617,false,6 ספוג.לניקוי מופלא שופר,"סדובסקי בע""\מ",IL,ספוגית ניקוי,יחידה,1.00,יחידה,false,0,8.40,8.40,true,1,
7296073116769,false,קוקוס טחון שופרסל 100גרם,מיה,IL,קוקוס טחון,גרמים,100.00,100 גרם,false,0,4.10,4.10,true,1,
7296073116776,false,קוקוס טחון שופרסל 400גרם,מיה,IL,קוקוס טחון,גרמים,400.00,100 גרם,false,0,12.30,3.08,true,1,
7296073116783,false,שומשום שופרסל 100 גרם,מיה,IL,שומשום שופרסל,גרמים,100.00,100 גרם,false,0,3.50,3.50,true,1,
7296073116790,false,שומשום שופרסל 400 גרם,מיה,IL,שומשום שופרסל,גרמים,400.00,100 גרם,false,0,11.00,2.75,true,1,
7296073116820,false,"קמח תפו""א שופרסל 500 גרם",מיה,IL,"קמח תפו""א",גרמים,500.00,100 גרם,false,0,5.90,1.18,true,1,
7296073116837,false,קוואקר שופרסל קופסא500ג,בריגן קי ג'י,DE,קוואקר שופרסל,גרמים,500.00,100 גרם,false,0,9.30,1.86,true,1,
7296073117872,false,חרוזי זיתים מושחר שופ560,קבוצת יבנה מוצרי מזון,IL,חרוזי זיתים,גרמים,540.00,100 גרם,false,0,7.50,1.39,true,1,
7296073118770,false,עלי בייבי שטופים 300גרם,פרסקו,IL,עלי בייבי שטופים,גרמים,300.00,100 גרם,false,0,14.90,4.97,true,1,
7296073121176,false,תמר חלאווי 400גרם,הדיקלאים,IL,תמר חלאווי 400ג,גרמים,400.00,100 גרם,false,0,10.90,2.73,true,1,
7296073121183,false,תמר דקל נור 400גרם,ערדום תמרים,IL,תמר דקל נור 400ג,גרמים,400.00,100 גרם,false,0,10.90,2.73,true,1,
7296073121190,false,תמר אמרי 400 גרם,הדיקלאים,IL,תמר אמרי 400ג,גרמים,400.00,100 גרם,false,0,10.90,2.73,true,1,
7296073122258,false,תערובת אגוזים 200גשופרסל,ששון,IL,תערובת אגוזים,גרמים,200.00,100 גרם,false,0,19.50,9.75,true,1,
7296073122296,false,פסטרמה מסורתית שופר300.ג,,IL,פסטרמה מסורתית,גרמים,300.00,100 גרם,false,0,19.50,6.50,true,1,
7296073122333,false,שקדי מרק רכיבים טבעי400ג,שופרסל,IL,שקדי מרק בשקית,גרמים,400.00,100 גרם,false,0,7.60,1.90,true,1,
7296073123729,false,"תמצית וניל שופרסל 50 מ""ל",מיה,IL,תמצית וניל,מיליליטרים,50.00,"100 מ""ל",false,0,3.80,7.60,true,1,
7296073124177,false,שום כתוש קפוא בצנצנת,שופרסל,IL,שום כתוש,גרמים,200.00,100 גרם,false,0,14.40,7.20,true,1,
7296073124382,false,ספגטיני מספר 3 500 גרם,שופרסל,IT,ספגטיני מספר 3,גרמים,500.00,100 גרם,false,0,4.10,0.82,true,1,
7296073124399,false,ספגטי מס 5 500 גרם,שופרסל,IT,ספגטי מספר 5,גרמים,500.00,100 גרם,false,0,4.10,0.82,true,1,
7296073125303,false,מלפפונים בחומץ 7-9 560גר,קבוצת יבנה מוצרי מזון,IL,מלפפונים בחומץ,גרמים,560.00,100 גרם,false,0,6.40,1.14,true,1,
7296073125327,false,מלפפונים בינוני בחומץ560,קבוצת יבנה מוצרי מזון,IL,מלפפונים בחומץ,גרמים,560.00,100 גרם,false,0,6.60,1.18,true,1,
7296073125358,false,מלפפ.במלח7-9שופר560ג20%+,,IL,מלפפונים במלח,גרמים,650.00,100 גרם,false,0,6.40,0.98,true,1,
7296073125914,false,מי פה ט.מרענן שופרסל500מ,מעבדות בוניקט,ES,מי פה טעם מרענן,מיליליטרים,500.00,"100 מ""ל",false,0,9.30,1.86,true,1,
7296073129431,false,פתיתים קוסקוס שופרסל500ג,"אסיף תעשיות מזון בע""\מ",IL,פתיתים קוסקוס,גרמים,500.00,100 גרם,false,0,4.40,0.88,true,1,
7296073129448,false,פתיתים טבעות שופרסל500גר,"אסיף תעשיות מזון בע""\מ",IL,פתיתים טבעות,גרמים,500.00,100 גרם,false,0,4.40,0.88,true,1,
7296073129455,false,פתיתים אורז שופרסל 500גר,"אסיף תעשיות מזון בע""\מ",IL,פתיתים אורז,גרמים,500.00,100 גרם,false,0,4.40,0.88,true,1,
7296073129479,false,פתיתים כוכבים 500 גרם,אסיף תעשיות מזון,IL,פתיתים כוכבים,גרמים,500.00,100 גרם,false,0,4.40,0.88,true,1,
7296073130499,false,"מיץ לימון שופרסל 200 מ""ל",סי פרווידר,IT,מיץ לימון שופרסל,מיליליטרים,200.00,"100 מ""ל",false,0,5.40,2.70,true,1,
7296073132400,false,"מיץ לימון שופרסל 500 מ""ל",סי פרווידר,IT,מיץ לימון,מיליליטרים,500.00,"100 מ""ל",false,0,6.70,1.34,true,1,
7296073132820,false,סלק בואקום 500 גרם,שופרסל,ES,סלק בואקום 500ג,גרמים,500.00,100 גרם,false,0,8.90,1.78,true,1,
7296073132936,false,עוגת מאפין שיש שופרסל400,גידרון,IL,עוגת מאפין,גרמים,400.00,100 גרם,false,0,10.10,2.53,true,1,
7296073132943,false,עוגת מאפין שוק.שופרסל400,גידרון,IL,עוגת מאפין,גרמים,400.00,100 גרם,false,0,10.10,2.53,true,1,
7296073132974,false,צלחת לבן ELEGANT ענק 25,,IL,צלחות ענקיות,יחידה,1.00,יחידה,false,0,21.20,21.20,true,1,
7296073132981,false,צלחת גדולה לבנה ELEGANT,,IL,צלחות גדולה,יחידה,1.00,יחידה,false,0,15.30,15.30,true,1,
7296073132998,false,צלחת קטנה לבנה ELEGANT 9,,IL,צלחות קטנות,יחידה,1.00,יחידה,false,0,11.00,11.00,true,1,
7296073133001,false,קערית מרק לבן ELEGANT,שופרסל,IL,קעריות מרק לבנות,יחידה,1.00,יחידה,false,0,11.00,11.00,true,1,
7296073133056,false,צלחת קרם ELEGAN ענק,,IL,צלחות קרם ענקיות,יחידה,1.00,יחידה,false,0,21.20,21.20,true,1,
7296073133070,false,צלחות קטנות קרם שופרסל 2,,IL,צלחות קטנות,יחידה,1.00,יחידה,false,0,11.00,11.00,true,1,
7296073133087,false,קעריות מרק קרם ELEGANT 2,שופרסל,IL,קעריות מרק,יחידה,1.00,יחידה,false,0,11.00,11.00,true,1,
7296073134442,false,קרקר חיטה שופרסל 300 גרם,שופרסל,CZ,קרקר חיטה,גרמים,300.00,100 גרם,false,0,12.30,4.10,true,1,
7296073134459,false,קרקר פריך שוודי 300 גרם,שופרסל,CZ,קרקר שוודי,גרמים,300.00,100 גרם,false,0,12.30,4.10,true,1,
7296073134534,false,קפה טורקי,שופרסל,IL,קפה טורקי,גרמים,100.00,100 גרם,false,0,5.00,5.00,true,1,
7296073134541,false,מארז קפה טורקי 3 * 100גר,שופרסל,IL,מארז קפה טורקי,גרמים,300.00,100 גרם,false,0,14.10,4.70,true,1,
7296073140184,false,עוגת מאפין תפוז שופר400ג,גידרון,IL,עוגת מאפין תפוז,גרמים,400.00,100 גרם,false,0,10.10,2.53,true,1,
7296073140801,false,חטיף חלבה וניל שופרסל100,"אחדות בע""מ א.ת. ברקן",IL,חטיף חלבה שופרסל,גרמים,100.00,100 גרם,false,0,2.70,2.70,true,1,
7296073141143,false,שוקולד חלב שופרסל100 גרם,"שוקולד פריי בע""מ",CH,שוקולד חלב,גרמים,100.00,100 גרם,false,0,4.70,4.70,true,1,
7296073141150,false,שוקולד מריר שוויצרי100ג,"שוקולד פריי בע""מ",CH,שוקולד מריר,גרמים,100.00,100 גרם,false,0,4.70,4.70,true,1,
7296073142041,false,גביעי גלידה שופרסל 24יח',"א.ג. גילרו בע""\מ",IL,גביעי גלידה,גרמים,120.00,100 גרם,false,0,11.00,9.17,true,1,
7296073143437,false,"ברנפלקס ללת""ס",בריגן קי ג'י,DE,"ברנפלקס ללת""ס",גרמים,500.00,100 גרם,false,0,17.00,3.40,true,1,
7296073143758,false,עוגת בראוניס שופרסל400גר,גידרון,IL,עוגת בראוניס,גרמים,400.00,100 גרם,false,0,13.50,3.38,true,1,
7296073146940,false,שוק.אוורירי חלב שופר100ג,"שוקולד פריי בע""מ",CH,שוקולד אוורירי,גרמים,100.00,100 גרם,false,0,5.30,5.30,true,1,
7296073146957,false,שוק.חלב שברי אגוז לוז100,שופרסל,CH,שוקולד חלב אגוז,גרמים,100.00,100 גרם,false,0,4.90,4.90,true,1,
7296073150435,false,תערובת לעוגה,,IL,תערובת לעוגה,גרמים,560.00,100 גרם,false,0,13.60,2.43,true,1,
7296073150442,false,תערובת לכדורי שוקולד500ג,"י.כהן בע""מ",IL,תערובת לכדורים,גרמים,500.00,100 גרם,false,0,13.60,2.72,true,1,
7296073150527,false,קורנפלקס שופרסל 750 גרם,שופרסל,DK,קורנפלקס שופרסל,גרמים,750.00,100 גרם,false,0,11.80,1.57,true,1,
7296073151548,false,מלח בישול גס שופרסל 1 קג,מלח הארץ אילת,IL,מלח בישול גס,קילוגרמים,1.00,"ק""ג",false,0,1.77,1.77,true,1,
7296073151555,false,מלח שולחן דק שופרסל 1 קג,מלח הארץ אילת,IL,מלח שולחן דק,קילוגרמים,1.00,"ק""ג",false,0,1.77,1.77,true,1,
7296073152453,false,קפה טורקי באריזת ואקום,שופרסל,IL,קפה טורקי בואקום,גרמים,200.00,100 גרם,false,0,13.70,6.85,true,1,
7296073153238,false,גזר ארוז שופרסל,,IL,גזר ארוז שופרסל,קילוגרמים,0.00,"ק""ג",true,0,5.90,5.90,true,1,
7296073153290,false,מזון לחתול מיקס שופרסל3ק,Tuffy's,GB,מזון לחתולים,קילוגרמים,3.00,"ק""ג",false,0,45.20,15.07,true,1,
7296073153337,false,מקרוני 500 גרם,שופרסל,IL,מקרוני,גרמים,500.00,100 גרם,false,0,4.10,0.82,true,1,
7296073153849,false,זוג רדידי אלומיניום 7.2X,שופרסל,IL,רדידי אלומיניום,מטרים,15.00,מטר,false,0,8.40,0.56,true,1,
7296073153870,false,זוג רדידי אלומיניום רחב,שופרסל,CN,זוג רדידי אלומינ,מטרים,15.00,מטר,false,0,12.70,0.85,true,1,
7296073156246,false,עוגת בראוניס ש.צ'יפס400ג,גידרון,IL,עוגת בראוניס,גרמים,400.00,100 גרם,false,0,13.50,3.38,true,1,
7296073161493,false,שוק.מריר60%שופרסל 100*2ג,"שוקולד פריי בע""מ",CH,שוקולד מריר זוג,גרמים,200.00,100 גרם,false,0,12.10,6.05,true,1,
7296073161509,false,שוק.חלב אגוזי לוז100*3גר,"שוקולד פריי בע""מ",CH,שוקולד אגוז 3 יח,גרמים,300.00,100 גרם,false,0,17.90,5.97,true,1,
7296073161516,false,שוק.מריר+אגוזים שלמ100*3,שופרסל,CH,שוקולד אגוז 3 יח,גרמים,300.00,100 גרם,false,0,17.90,5.97,true,1,
7296073161806,false,מנצ'ס 400גרם שופרסל,שופרסל,CN,מנצ'ס 400גרם,גרמים,400.00,100 גרם,false,0,11.00,2.75,true,1,
7296073163084,false,נקניקיות וינר 400 גרם,מעדני יחיעם,IL,נקניקיות וינר,גרמים,400.00,100 גרם,false,0,10.10,2.53,true,1,
7296073163107,false,"נקניקיות וינר 1.5 ק""ג",שופרסל,IL,נקניקיות וינר,קילוגרמים,1.50,"ק""ג",false,0,25.50,17.00,true,1,
7296073163114,false,נקניקיות מיני שופרסל600ג,,IL,נקניקיות מיני,גרמים,600.00,100 גרם,false,0,15.30,2.55,true,1,
7296073169543,false,מטליות רב שימושיות,שופרסל,IL,"מטליות רב""ש",יחידה,1.00,יחידה,false,0,16.10,16.10,true,1,
7296073169550,false,3 מטליות מיקרופייבר שופר,שופרסל,CN,מטליות מיקרופיבר,יחידה,1.00,יחידה,false,0,12.60,12.60,true,1,
7296073170839,false,שוקולד לבן שוויצרי 100גר,"שוקולד פריי בע""מ",CH,שוקולד לבן,גרמים,100.00,100 גרם,false,0,4.70,4.70,true,1,
7296073170860,false,צ'יפס קלאסי 1.5 קג,"תעשיות תפוגן בע""\מ",IL,צ'יפס קלאסי,קילוגרמים,1.50,"ק""ג",false,0,21.20,14.13,true,1,
7296073170884,false,סטייק צ'יפס 1.5 קג,"תעשיות תפוגן בע""\מ",IL,סטייק צ'יפס,קילוגרמים,1.50,"ק""ג",false,0,21.20,14.13,true,1,
7296073173045,false,דבש טבעי בק.לחיץ500גר,שופרסל,IL,דבש לחיץ שופרסל,גרמים,500.00,100 גרם,false,0,25.80,5.16,true,1,
7296073173199,false,אפונה ירוקה עדינה שופרסל,שופרסל,BE,אפונה עדינה,גרמים,600.00,100 גרם,false,0,11.80,1.96,true,1,
7296073173205,false,שעועית ירוקה עדינה שופרס,ARDO,BE,שעועית ירוקה,גרמים,600.00,100 גרם,false,0,12.70,2.12,true,1,
7296073173212,false,שעועית ירוקה שלמה שופרסל,ARDO,BE,שעועית ירוקה,גרמים,800.00,100 גרם,false,0,11.80,1.47,true,1,
7296073173229,false,שעועית ירוקה חתוכה שופרס,ARDO,BE,שעועית ירוקה,גרמים,800.00,100 גרם,false,0,12.70,1.59,true,1,
7296073173311,false,"קמח תופח מועשר 1 ק""ג",שופרסל,IL,קמח תופח מועשר,קילוגרמים,1.00,"ק""ג",false,0,6.40,6.40,true,1,
7296073179863,false,דבש טבעי לחיץ 250 גרם,שופרסל,IL,דבש טבעי לחיץ,גרמים,250.00,100 גרם,false,0,14.40,5.76,true,1,
7296073180203,false,עלי רוקט שטופים 150גרם,פרסקו,IL,עלי רוקט150ג',גרמים,150.00,100 גרם,false,0,10.90,7.27,true,1,
7296073180210,false,עלי תרד בייבי שטופים400ג,פרסקו,IL,עלי תרד בייבי,גרמים,400.00,100 גרם,false,0,16.90,4.23,true,1,
7296073180548,false,אגוזי מלך קלוף טבעי 150ג,ששון,US,א.מלך טבעי קלוף,גרמים,150.00,100 גרם,false,0,11.00,7.33,true,1,
7296073180630,false,מטליות לחות לרצפה 10יח,טרופיקל דגיל,IL,מטליות לחות,יחידה,1.00,יחידה,false,0,9.30,9.30,true,1,
7296073180944,false,מטלית רצפה,,CN,מטלית רצפה,יחידה,1.00,יחידה,false,0,8.40,8.40,true,1,
7296073187363,false,פחם דרום אמריקאי,,PY,פחם דרום אמריקאי,קילוגרמים,2.00,"ק""ג",false,0,12.70,6.35,true,1,
7296073189602,false,חצאי בוטן מטוגן וממולח,שקרצי,IL,חצאי בוטן מטוגן,גרמים,400.00,100 גרם,false,0,12.70,3.18,true,1,
7296073189688,false,ג.חמניה קלוף150ג שופרסל,ששון,IL,גרעין חמניה 150ג,גרמים,150.00,100 גרם,false,0,4.90,3.27,true,1,
7296073191261,false,תחתיות ארטישוק שופר390גר,Raal El Conservas,ES,תחתיות ארטישוק,גרמים,390.00,100 גרם,false,0,8.40,2.15,true,1,
7296073192633,false,שעועית לבנה שופרסל 800גר,פרי גליל,IL,שעועית לבנה,גרמים,800.00,100 גרם,false,0,14.40,1.80,true,1,
7296073192657,false,גרגרי חומוס שופרסל 800גר,,IL,גרגרי חומוס,גרמים,800.00,100 גרם,false,0,11.80,1.48,true,1,
7296073193784,false,כרובית שטופה 500גרם,,IL,כרובית שטופה,גרמים,500.00,100 גרם,false,0,15.90,3.18,true,1,
7296073193791,false,ברוקולי שטוף 400גרם,פרסקו,IL,ברוקולי שטוף,גרמים,400.00,100 גרם,false,0,15.90,3.98,true,1,
7296073195252,false,פריכיות אורז מלא,"פרח תעשיות מזון בע""\מ",IL,פריכיות אורז מלא,גרמים,100.00,100 גרם,false,0,6.70,6.70,true,1,
7296073195269,false,פריכיות אורז מלא+קינואה,,IL,פריכיות אורז מלא,גרמים,100.00,100 גרם,false,0,6.70,6.70,true,1,
7296073195894,false,אטריות דקיקות שופרסל400ג,שיבולים בני דרום,IL,אטריות דקיקות,גרמים,400.00,100 גרם,false,0,5.00,1.25,true,1,
7296073195900,false,אטריות דקות שופרסל 400ג,שיבולים בני דרום,IL,אטריות דקות,גרמים,400.00,100 גרם,false,0,5.00,1.25,true,1,
7296073197461,false,שוקולד חלב 3 יח,,CH,שוקולד חלב 3 יח,גרמים,300.00,100 גרם,false,0,12.70,4.23,true,1,
7296073197478,false,שוקולד מריר שוויצרי100*3,,CH,שוקולד מריר 3 יח,גרמים,300.00,100 גרם,false,0,12.70,4.23,true,1,
7296073198314,false,דייסת דגנים מעורבים 200ג,שופרסל,IL,דייסת דגנים,גרמים,200.00,100 גרם,false,0,9.30,4.65,true,1,
7296073199014,false,נודלס דק להקפצה 400 גרם,INDUSTRY ANLIDA LONGHAI FUJIAN,CN,נודלס דק להקפצה,גרמים,400.00,100 גרם,false,0,9.80,2.45,true,1,
7296073201410,false,נודלס רחב להקפצה 400ג,פרוצ'אמפ,CN,נודלס בינוני,גרמים,400.00,100 גרם,false,0,9.80,2.45,true,1,
7296073202479,false,שוקולד מריר 6 יח,,CH,שוקולד מריר 6 יח,גרמים,600.00,100 גרם,false,0,21.50,3.58,true,1,
7296073204640,false,בוטן אמריקאי200ג שופרסל,ששון,IL,בוטנים אמריקאים,גרמים,200.00,100 גרם,false,0,5.90,2.95,true,1,
7296073205111,false,"ניוקי תפו""א",,IT,"ניוקי תפו""א",גרמים,500.00,100 גרם,false,0,8.50,1.70,true,1,
7296073205456,false,פנה מלא אורגני,,IT,פנה מלא אורגני,גרמים,500.00,100 גרם,false,0,8.40,1.68,true,1,
7296073205487,false,ספגטי מלא אורגני,,IT,ספגטי מלא אורגני,גרמים,500.00,100 גרם,false,0,8.40,1.68,true,1,
7296073205494,false,ספגטי אורגני,,IT,ספגטי אורגני,גרמים,500.00,100 גרם,false,0,8.40,1.68,true,1,
7296073205616,false,תמר מג'הול אורגני גרין1ק,אלסקה,IL,תמר מג'הול גרין,קילוגרמים,1.00,"ק""ג",false,0,22.90,22.90,true,1,
7296073205708,false,רוט.פסט.בזיליקום אורג350,אלת'אה אס.פי.איי,IT,רוטב פסטה,גרמים,350.00,100 גרם,false,0,8.50,2.43,true,1,
7296073206095,false,סירופ אגבה,,MX,סירופ אגבה,גרמים,330.00,100 גרם,false,0,14.40,4.36,true,1,
7296073206682,false,טונה בשמן קנולה 160*4ג,"תעשיות פילטונה בע""מ",IL,טונה בשמן 4 יח,גרמים,640.00,100 גרם,false,0,19.50,3.05,true,1,
7296073207078,false,בוטן קלוף קלוי וממולח300,ששון,IL,בוטן קלוף קלוי,גרמים,300.00,100 גרם,false,0,10.10,3.37,true,1,
7296073209225,false,"3ספוגיות קירצוף 9*72 ס""מ",פלסטו פוליש,IL,ספוגיות קירצוף,יחידה,1.00,יחידה,false,0,7.80,7.80,true,1,
7296073209249,false,ספגיות קירצוף 6 יחידות,פלסטו פוליש,IL,ספוגיות קירצוף,יחידה,1.00,יחידה,false,0,4.80,4.80,true,1,
7296073211624,false,פילה אמנון קפוא,,CN,פילה אמנון קפוא,קילוגרמים,0.00,"ק""ג",true,0,25.50,25.50,true,1,
7296073211969,false,וופל בלגי שוקולד 200 גרם,"גילרו בע""\מ",IL,וופל בלגי שוקולד,גרמים,200.00,100 גרם,false,0,3.90,1.95,true,1,
7296073214120,false,חתיכות אננס,,TH,חתיכות אננס,גרמים,850.00,100 גרם,false,0,8.40,0.99,true,1,
7296073214137,false,פלחי אפרסק,,CN,פלחי אפרסק,גרמים,820.00,100 גרם,false,0,8.40,1.02,true,1,
7296073215820,false,כורכום טחון,,IL,כורכום טחון,גרמים,100.00,100 גרם,false,0,6.70,6.70,true,1,
7296073215844,false,כורכום טחון,,IL,כורכום טחון,גרמים,40.00,100 גרם,false,0,5.90,14.75,true,1,
7296073215851,false,כורכום במיכל,,IL,כורכום במיכל,גרמים,100.00,100 גרם,false,0,9.60,9.60,true,1,
7296073215882,false,כמון טחון,,IL,כמון טחון,גרמים,40.00,100 גרם,false,0,7.00,17.50,true,1,
7296073215899,false,כמון טחון,,IL,כמון טחון,גרמים,100.00,100 גרם,false,0,10.10,10.10,true,1,
7296073215912,false,קנמון טחון,,IL,קנמון טחון,גרמים,100.00,100 גרם,false,0,6.70,6.70,true,1,
7296073215929,false,קנמון טחון,,IL,קנמון טחון,גרמים,40.00,100 גרם,false,0,5.40,13.50,true,1,
7296073215943,false,אורגנו בשקית,,IL,אורגנו בשקית,גרמים,20.00,100 גרם,false,0,5.30,26.50,true,1,
7296073215967,false,שוםגבישי,,IL,שוםגבישי,גרמים,100.00,100 גרם,false,0,9.40,9.40,true,1,
7296073216001,false,תערובת תיבול עוף,,IL,תערובת תיבול עוף,גרמים,100.00,100 גרם,false,0,7.00,7.00,true,1,
7296073216018,false,תערובת תיבול,,IL,תערובת תיבול,גרמים,100.00,100 גרם,false,0,6.80,6.80,true,1,
7296073216032,false,תערובת גריל עוף,,IL,תערובת גריל עוף,גרמים,150.00,100 גרם,false,0,11.00,7.33,true,1,
7296073216049,false,תערוב תיבול,,IL,תערוב תיבול,גרמים,100.00,100 גרם,false,0,6.70,6.70,true,1,
7296073216063,false,חוואג' למרק,,IL,חוואג' למרק,גרמים,100.00,100 גרם,false,0,8.10,8.10,true,1,
7296073216070,false,פטרוזיליה תבלין,,IL,פטרוזיליה תבלין,גרמים,20.00,100 גרם,false,0,6.70,33.50,true,1,
7296073216094,false,בהרט,,IL,בהרט,גרמים,100.00,100 גרם,false,0,6.90,6.90,true,1,
7296073216100,false,צ'ילי כתוש,,IL,צ'ילי כתוש,גרמים,25.00,100 גרם,false,0,5.90,23.60,true,1,
7296073216117,false,תערובת תיבול קאר,,IL,תערובת תיבול קאר,גרמים,100.00,100 גרם,false,0,5.90,5.90,true,1,
7296073216124,false,בזיליקום תבלין,,IL,בזיליקום תבלין,גרמים,30.00,100 גרם,false,0,5.00,16.67,true,1,
7296073216131,false,טימין,,IL,טימין,גרמים,20.00,100 גרם,false,0,6.20,31.00,true,1,
7296073216155,false,פלפל שחור,,IL,פלפל שחור,גרמים,40.00,100 גרם,false,0,9.50,23.75,true,1,
7296073216162,false,פלפל שחור,,IL,פלפל שחור,גרמים,100.00,100 גרם,false,0,11.80,11.80,true,1,
7296073216186,false,פלפל שחור,,IL,פלפל שחור,גרמים,40.00,100 גרם,false,0,9.30,23.25,true,1,
7296073216193,false,פלפל שחור,,IL,פלפל שחור,גרמים,90.00,100 גרם,false,0,12.70,14.11,true,1,
7296073216216,false,פלפל לבן,,IL,פלפל לבן,גרמים,40.00,100 גרם,false,0,9.30,23.25,true,1,
7296073216223,false,פפריקה מתוקה,,IL,פפריקה מתוקה,גרמים,80.00,100 גרם,false,0,5.00,6.25,true,1,
7296073216230,false,פפריקה מתוקה,,IL,פפריקה מתוקה,גרמים,40.00,100 גרם,false,0,7.10,17.75,true,1,
7296073216247,false,פפריקה מתוקה,,IL,פפריקה מתוקה,גרמים,100.00,100 גרם,false,0,9.30,9.30,true,1,
7296073216292,false,פפריקה חריפה,,IL,פפריקה חריפה,גרמים,80.00,100 גרם,false,0,5.00,6.25,true,1,
7296073216315,false,מלח לימון,,IL,מלח לימון,גרמים,100.00,100 גרם,false,0,6.50,6.50,true,1,
7296073216322,false,מלח לימון,,IL,מלח לימון,גרמים,170.00,100 גרם,false,0,9.60,5.65,true,1,
7296073218166,false,פלפל אנגלי שלם,,IL,פלפל אנגלי שלם,גרמים,25.00,100 גרם,false,0,7.00,28.00,true,1,
7296073218234,false,סוכר קנים חום,,IL,סוכר קנים חום,קילוגרמים,1.00,"ק""ג",false,0,8.50,8.50,true,1,
7296073218661,false,מטליות לרצפה 3יח,,CN,מטליות לרצפה 3יח,יחידה,1.00,יחידה,false,0,14.40,14.40,true,1,
7296073218807,false,בישקוטים,,IT,בישקוטים,גרמים,200.00,100 גרם,false,0,7.00,3.50,true,1,
7296073219118,false,אבקת כביסה,,IL,אבקת כביסה,קילוגרמים,2.50,"ק""ג",false,0,21.20,8.48,true,1,
7296073219255,false,קפה נמס,,IL,קפה נמס,גרמים,200.00,100 גרם,false,0,12.70,6.35,true,1,
7296073219347,false,לחם אחיד פרוס750ג שופרסל,מאפית ברמן,IL,לחם אחיד פרוס,גרמים,750.00,100 גרם,false,0,6.00,0.80,true,1,
7296073219606,false,כדורי דגנים,,LT,כדורי דגנים,גרמים,500.00,100 גרם,false,0,11.00,2.20,true,1,
7296073219927,false,ג'לי תות,,IL,ג'לי תות,גרמים,85.00,100 גרם,false,0,4.90,5.76,true,1,
7296073219958,false,חט.דגנים שוקו+מריר23*6ג,back and Snack,AT,חטיף דגנים,גרמים,23.00,100 גרם,false,0,9.30,40.43,true,1,
7296073220022,false,אבקת קקאו,,IL,אבקת קקאו,גרמים,150.00,100 גרם,false,0,7.20,4.80,true,1,
7296073220121,false,חטיפי קרח,,IL,חטיפי קרח,ליטרים,0.07,ליטר,false,0,12.30,175.71,true,1,
7296073220275,false,ופלים בטעם שוקולד 500 גר,"מנעמים תעשיות מזון בע""\מ",IL,ופל טעם שוקולד,גרמים,500.00,100 גרם,false,0,10.10,2.02,true,1,
7296073220282,false,ופלים לימון שופרסל500גר,"מנעמים תעשיות מזון בע""\מ",IL,ופל טעם לימון,גרמים,500.00,100 גרם,false,0,10.10,2.02,true,1,
7296073220398,false,חטיפי קרח,,IL,חטיפי קרח,מיליליטרים,800.00,"100 מ""ל",false,0,8.40,1.05,true,1,
7296073220442,false,דובדבן קפוא שופרסל 300גר,d.o.o Lukowa,RS,דובדבן,גרמים,300.00,100 גרם,false,0,14.40,4.80,true,1,
7296073221319,false,"כף קרם 100 יח,' 2 גרם",,IL,כפות חד פעמיות,יחידה,1.00,יחידה,false,0,12.70,12.70,true,1,
7296073221326,false,"כפית קרם 100 יח,' 1.4גרם",,TR,"מארז כפיות ח""פ",יחידה,1.00,יחידה,false,0,12.70,12.70,true,1,
7296073221333,false,"מזלג קרם 100 יח,' 2 גרם",,IL,"מזלגות קרם ח""פ",יחידה,1.00,יחידה,false,0,12.70,12.70,true,1,
7296073221340,false,"סכין קרם 100 יח,' 2 גרם",,IL,סכינים עבים קרם,יחידה,1.00,יחידה,false,0,12.70,12.70,true,1,
7296073221630,false,שמן קנולה שופרסל 1 ליטר,בוקרלמן,DE,שמן קנולה,ליטרים,1.00,ליטר,false,0,9.30,9.30,true,1,
7296073221791,false,ופלים בטעם אגוזים 400 גר,"מנעמים תעשיות מזון בע""\מ",IL,ופל אגוזים,גרמים,400.00,100 גרם,false,0,10.10,2.53,true,1,
7296073222200,false,פסטרמה הודו על גחלים שופ,,IL,פסטרמה הודו,גרמים,300.00,100 גרם,false,0,20.40,6.80,true,1,
7296073222231,false,פסטרמה בדבש דק דק 140 גר,,IL,פסטרמה בדבש,גרמים,140.00,100 גרם,false,0,10.10,7.21,true,1,
7296073222255,false,סלמי מעושן שופרסל 400 גר,מעדני יחיעם,IL,סלמי מעושן,גרמים,400.00,100 גרם,false,0,17.00,4.25,true,1,
7296073222262,false,קבנוס שופרסל 100 גרם,מעדני יחיעם,IL,קבנוס,גרמים,100.00,100 גרם,false,0,8.40,8.40,true,1,
7296073222279,false,נקניקיות וינר שופרסל 1קג,מעדני יחיעם,IL,נקניקיות וינר,קילוגרמים,1.00,"ק""ג",false,0,21.20,21.20,true,1,
7296073222309,false,ג'חנון קפוא שופרסל 650 ג,אופרה,IL,ג'חנון קפוא שופר,גרמים,650.00,100 גרם,false,0,13.50,2.08,true,1,
7296073222316,false,ג'חנון אפוי שופרסל 650ג,אופרה,IL,ג'חנון אפוי שופר,גרמים,650.00,100 גרם,false,0,16.10,2.48,true,1,
7296073222323,false,מלווח קפוא שופרסל700ג,אופרה,IL,מלווח קפוא שופרס,גרמים,700.00,100 גרם,false,0,12.70,1.81,true,1,
7296073223009,false,שמן זית,,IT,שמן זית,מיליליטרים,750.00,"100 מ""ל",false,0,25.50,3.40,true,1,
7296073223993,false,מזון חתולים,,FR,מזון חתולים,גרמים,400.00,100 גרם,false,0,6.80,1.70,true,1,
7296073224006,false,מזון חתולים,,FR,מזון חתולים,גרמים,400.00,100 גרם,false,0,6.80,1.70,true,1,
7296073224013,false,מזון חתולים,,FR,מזון חתולים,גרמים,400.00,100 גרם,false,0,6.80,1.70,true,1,
7296073224020,false,מזון חתולים,,FR,מזון חתולים,גרמים,400.00,100 גרם,false,0,6.80,1.70,true,1,
7296073224044,false,מזון לכלב,,FR,מזון לכלב,גרמים,400.00,100 גרם,false,0,6.70,1.68,true,1,
7296073224051,false,מזון כלבים,,FR,מזון כלבים,גרמים,400.00,100 גרם,false,0,6.70,1.68,true,1,
7296073224204,false,שמן זית,,IT,שמן זית,ליטרים,1.00,ליטר,false,0,38.30,38.30,true,1,
7296073224228,false,"דבש טבעי שופרסל 1 ק""ג",מאאס הוני איי אנ טי,ES,דבש טבעי,קילוגרמים,1.00,"ק""ג",false,0,35.80,35.80,true,1,
7296073224457,false,כוסמת אורגנית,,IL,כוסמת אורגנית,גרמים,500.00,100 גרם,false,0,7.60,1.52,true,1,
7296073224471,false,עדשים אדומות,,IL,עדשים אדומות,גרמים,500.00,100 גרם,false,0,9.30,1.86,true,1,
7296073224525,false,קוואקר אורגני,,IL,קוואקר אורגני,גרמים,500.00,100 גרם,false,0,9.30,1.86,true,1,
7296073224549,false,זרעי פשתן,,IL,זרעי פשתן,גרמים,500.00,100 גרם,false,0,9.30,1.86,true,1,
7296073224556,false,קוואקר אורג.עבה,,IL,קוואקר אורג.עבה,גרמים,500.00,100 גרם,false,0,9.30,1.86,true,1,
7296073224563,false,סלט טחינה שופרסל 400 גרם,סלטי שמיר,IL,סלט טחינה,גרמים,400.00,100 גרם,false,0,10.10,2.53,true,1,
7296073224570,false,חומוס אסלי שופרסל 400גרם,סלטי שמיר,IL,חומוס אסלי,גרמים,400.00,100 גרם,false,0,9.30,2.33,true,1,
7296073224587,false,כרוב אדום שופרסל 400 גרם,סלטי שמיר,IL,סלט כרוב אדום,גרמים,400.00,100 גרם,false,0,10.10,2.53,true,1,
7296073224594,false,סלט חציל במיונז שופר400ג,סלטי שמיר,IL,סלט חצילים מיונז,גרמים,400.00,100 גרם,false,0,10.10,2.53,true,1,
7296073224600,false,"חומוס שופרסל 1 ק""ג",סלטי שמיר,IL,סלט חומוס,קילוגרמים,1.00,"ק""ג",false,0,11.80,11.80,true,1,
7296073224693,false,ביציםM שופרסל 12,,IL,ביציםM שופרסל 12,יחידה,1.00,יחידה,false,0,9.50,9.50,true,1,
7296073224709,false,ביציםL שופרסל 12,,IL,ביציםL שופרסל 12,יחידה,1.00,יחידה,false,0,10.30,10.30,true,1,
7296073224815,false,מרכך מרוכז כחול,,IL,מרכך מרוכז כחול,ליטרים,1.00,ליטר,false,0,10.10,10.10,true,1,
7296073224839,false,מרכך מרוכז לבן,,IL,מרכך מרוכז לבן,ליטרים,1.00,ליטר,false,0,10.10,10.10,true,1,
7296073224846,false,מרכך מרוכז סגול,,IL,מרכך מרוכז סגול,ליטרים,1.00,ליטר,false,0,10.10,10.10,true,1,
7296073224891,false,אפונה ירוקה קפואה שופרסל,,BE,אפונה ירוקה,גרמים,800.00,100 גרם,false,0,12.70,1.59,true,1,
7296073224907,false,אפונה וגזר שופרסל 800גרם,ARDO,BE,אפונה וגזר,גרמים,800.00,100 גרם,false,0,12.60,1.58,true,1,
7296073225010,false,ריבועי דגנים+קינמון500גר,פודס,LT,ריבועי דגנים,גרמים,500.00,100 גרם,false,0,11.00,2.20,true,1,
7296073225072,false,לחמניות שופרסל 75*6 גרם,מאפיית שלמה א. אנג'\ל בע,IL,לחמניות 6 יחידות,גרמים,450.00,100 גרם,false,0,11.00,2.44,true,1,
7296073225492,false,רוטב עגבני.מרוכז22% 260ג,פריניר,IL,רוטב עגבניות,גרמים,260.00,100 גרם,false,0,3.00,1.15,true,1,
7296073225508,false,כוס שתיה חמה גדולה 300מל,,CN,כוסות קפה גדולות,יחידה,1.00,יחידה,false,0,16.10,16.10,true,1,
7296073225515,false,"מכסים לכוסות קפה ח""פ 50",,CN,מכסים לכוסות קפה,יחידה,1.00,יחידה,false,0,8.40,8.40,true,1,
7296073225560,false,"וופל ט.שוקולד ללת""ס 200ג","מנעמים תעשיות מזון בע""\מ",IL,"ופל שוקולד ללת""ס",גרמים,200.00,100 גרם,false,0,5.50,2.75,true,1,
7296073225744,false,חצילים על האש שופרסל400ג,סלטי שמיר,IL,סלט חצילים,גרמים,400.00,100 גרם,false,0,10.10,2.53,true,1,
7296073225751,false,חציל בטחינה 400 גרם,סלטי שמיר,IL,סלט חציל בטחינה,גרמים,400.00,100 גרם,false,0,10.10,2.53,true,1,
7296073225768,false,סלט מטבוחה שופרסל 400גרם,סלטי שמיר,IL,סלט מטבוחה,גרמים,400.00,100 גרם,false,0,10.10,2.53,true,1,
7296073226536,false,וופל קוביות קרם אגוז250ג,בלקוני,IT,וופל קוביות,גרמים,250.00,100 גרם,false,0,10.10,4.04,true,1,
7296073226543,false,אורגנו תבלין,,IL,אורגנו תבלין,גרמים,40.00,100 גרם,false,0,8.80,22.00,true,1,
7296073226970,false,סלט חומוס+טחינה שופר400ג,סלטי שמיר,IL,חומוס עם טחינה,גרמים,400.00,100 גרם,false,0,10.10,2.53,true,1,
7296073226987,false,סלט חומוס+מסבחה שופר400ג,סלטי שמיר,IL,חומוס עם מסבחה,גרמים,400.00,100 גרם,false,0,10.10,2.53,true,1,
7296073229650,false,סירופ טעם שוקולד,,IL,סירופ טעם שוקולד,גרמים,600.00,100 גרם,false,0,11.00,1.83,true,1,
7296073229667,false,סירופ טעם מייפל,,IL,סירופ טעם מייפל,גרמים,600.00,100 גרם,false,0,11.00,1.83,true,1,
7296073229674,false,פסטה לינגוויני 500 גרם,,IT,פסטה לינגוויני,גרמים,500.00,100 גרם,false,1,4.10,0.82,true,1,
7296073230038,false,מנקה רצפות ורוד 2 ליטר,קליר כימיקלים,IL,מנקה רצפות,ליטרים,2.00,ליטר,false,0,13.50,6.75,true,1,
7296073230045,false,מנקה רצפות סגול 2 ליטר,קליר כימיקלים,IL,מנקה רצפות,ליטרים,2.00,ליטר,false,0,13.50,6.75,true,1,
7296073230106,false,"סלט תפו""א שופרסל 400 גרם",שופרסל,IL,"סלט תפו""א",גרמים,400.00,100 גרם,false,0,10.10,2.53,true,1,
7296073230113,false,לפתן פירות בסירופ קל225ג,,CN,לפתן פירות,גרמים,225.00,100 גרם,false,0,4.70,2.09,true,1,
7296073230410,false,כוס שתיה חמה,,CN,כוס שתיה חמה,יחידה,1.00,יחידה,false,0,12.70,12.70,true,1,
7296073230427,false,כפות שקופות,,IL,כפות שקופות,יחידה,1.00,יחידה,false,0,12.70,12.70,true,1,
7296073230441,false,כפיות שקופות עבות במיוחד,,IL,כפיות שקופות,יחידה,1.00,יחידה,false,0,12.70,12.70,true,1,
7296073230465,false,סכין שקוף עבה במיוחד 50י,,IL,סכינים שקופים,יחידה,1.00,יחידה,false,0,12.70,12.70,true,1,
7296073230489,false,מזלג שקוף עבה במיוחד 50י,,TR,מזלגות שקופים,יחידה,1.00,יחידה,false,0,12.70,12.70,true,1,
7296073230632,false,דגני טבעות דבש 500 גרם,UAB FOODS CERERA,LT,טבעות דבש,גרמים,500.00,100 גרם,false,0,11.00,2.20,true,1,
7296073230656,false,מגבות נייר 6 גלילים,"שניב תעשיות נייר בע""\מ",IL,מגבות נייר,מטרים,63.00,מטר,false,0,9.30,0.15,true,1,
7296073230663,false,מגבות נייר8גל,"שניב תעשיות נייר בע""\מ",IL,מגבות נייר,מטרים,8.00,מטר,false,0,12.70,1.59,true,1,
7296073230885,false,גלילי ופל במלוי אגוז100ג,"מנעמים תעשיות מזון בע""\מ",IL,גלילי וופל,גרמים,100.00,100 גרם,false,1,5.00,5.00,true,1,
7296073230892,false,כוסות שתייה,,CN,כוסות שתייה,יחידה,1.00,יחידה,false,0,18.70,18.70,true,1,
7296073231455,false,"גביעי ופל לגלידה ללת""ס24",מנעמים,IL,גביעי גלידה 24יח,יחידה,1.00,יחידה,false,1,5.00,5.00,true,1,
7296073231554,false,חלב 3% בקרטון שופרסל 1ל,מחלבות רמת הגולן,IL,חלב 3% קרטון 1ל',ליטרים,1.00,ליטר,false,1,5.20,5.20,true,1,
7296073231561,false,"שמנת להקצפה 38% 250מ""ל",מחלבות רמת הגולן,IL,שמנת להקצפה 38%,מיליליטרים,250.00,"100 מ""ל",false,1,5.40,2.16,true,1,
7296073231691,false,חט.פריכיות שוקו תפוז18*5,בנליין פודס,RS,חטיף פריכיות,גרמים,90.00,100 גרם,false,1,9.30,10.33,true,1,
7296073231769,false,חול לחתולים נטול ריח10ק,,TR,חול לחתלים,קילוגרמים,10.00,"ק""ג",false,1,46.90,4.69,true,1,
7296073232377,false,חלב1% נטול לקטוז גרין1ל,מחלבת רמת-הגולן,IL,חלב נטול לקטוז,ליטרים,1.00,ליטר,false,1,6.70,6.70,true,1,
7296073232384,false,שוקו נטול לקטוז1%גרין1ל,מחלבות רמת הגולן,IL,שוקו נטול לקטוז,ליטרים,1.00,ליטר,false,1,6.70,6.70,true,1,
7296073236887,false,סלט גזר מרוקאי 400 גרם,סלטי שמיר,IL,סלט גזר מרוקאי,גרמים,400.00,100 גרם,false,1,10.10,2.53,true,1,
7296073236894,false,סלט קולסלאו 400 גרם,סלטי שמיר,IL,סלט קולסלאו,גרמים,400.00,100 גרם,false,1,10.10,2.53,true,1,
7296073237235,false,4 סכיני גילוח 3 להבים,אדג'וול,US,"סכין גילוח ח""פ",יחידה,1.00,יחידה,false,1,12.70,12.70,true,1,
7296073237631,false,שוקולד מריר פרימיום 81%,פריי )שוקולד(,CH,שוקולד מריר 81%,גרמים,100.00,100 גרם,false,1,9.30,9.30,true,1,
7296073237655,false,שוק.מריר 72% קקאו 100 גר,"שוקולד פריי בע""מ",CH,שוקולד מריר 72%,גרמים,100.00,100 גרם,false,1,9.30,9.30,true,1,
7296073237662,false,שוק72%. מריר תפוז 100גרם,פריי )שוקולד(,CH,שוקולד מריר תפוז,גרמים,100.00,100 גרם,false,1,9.30,9.30,true,1,
7296073237686,false,שוקולד חלב+אגוזי לוז100ג,פריי )שוקולד(,CH,שוקולד אגוזי לוז,גרמים,100.00,100 גרם,false,1,9.30,9.30,true,1,
7296073238447,false,כדורי רחצה 3 יח,שופרסל,CN,כדורי רחצה 3 יח,יחידה,1.00,יחידה,false,1,8.40,8.40,true,1,
7296073239017,false,מכשיר טרימר להסרת שיער,,CN,מכשיר טרימר,יחידה,1.00,יחידה,false,1,42.60,42.60,true,1,
7296073239048,false,מספריים מט לעור/ציפורנים,TECHONGGIES TAIKONE,CN,מספריים מט לעור,יחידה,1.00,יחידה,false,1,34.10,34.10,true,1,
7296073239239,false,כוסות קפה מנייר 50יח,,CN,כוסות שתיה חמה,יחידה,1.00,יחידה,false,1,15.30,15.30,true,1,
7296073239956,false,כוס שתיה חמה אספרסו120מל,,CN,כוסות שתיה חמה,יחידה,1.00,יחידה,false,1,8.40,8.40,true,1,
7296073240853,false,"וופלים בטעם שוקולד 1 ק""ג","מנעמים תעשיות מזון בע""\מ",IL,ופלים שוקולד,קילוגרמים,1.00,"ק""ג",false,1,16.10,16.10,true,1,
7296073241324,false,פרוסות אננס בסירופ קל850,CANNING FRUIT KUIBURI,TH,פרוסות אננס,גרמים,850.00,100 גרם,false,1,8.40,0.99,true,1,
7296073241522,false,ממחטות אף 100*5 יח,שניב תעשיות נייר,IL,ממחטות אף 5 יח,יחידה,1.00,יחידה,false,1,10.10,10.10,true,1,
7296073241539,false,ממחטות אף בקופסא 100 יח,שניב תעשיות נייר,IL,ממחטות אף בקופסא,יחידה,1.00,יחידה,false,1,9.30,9.30,true,1,
7296073242635,false,כוסות שתיה קרה מעוטר כסף,,IL,כוסות שתייה,יחידה,1.00,יחידה,false,1,16.10,16.10,true,1,
7296073243076,false,"12כ.שתיה חמה 240מ""ל+מכסה",,CN,כוסות קפה + מכסה,יחידה,1.00,יחידה,false,1,10.10,10.10,true,1,
7296073243342,false,עוג.במילוי וניל ל.ג300ג,קופרנט פיינבק ג'י אם בי,DE,עוגיות וניל,גרמים,300.00,100 גרם,false,1,12.70,4.23,true,1,
7296073243731,false,ריבת חלב 400 גרם,מיה,IL,ריבת חלב,גרמים,400.00,100 גרם,false,1,11.80,2.95,true,1,
7296073243854,false,כוסות שתייה מעוטר זהב,,IL,כוסות שתייה,יחידה,1.00,יחידה,false,1,16.10,16.10,true,1,
7296073244769,false,"סוכר חום דמררה צנצ. 1ק""ג","סוגת תעשיות בע""מ",IL,סוכר חום דמררה,קילוגרמים,1.00,"ק""ג",false,1,9.80,9.80,true,1,
7296073244875,false,טחינה גולמית 500 גרם,,IL,טחינה גולמית,גרמים,500.00,100 גרם,false,1,11.80,2.36,true,1,
7296073244899,false,טחינה מתובלת 500 גרם,,IL,טחינה מתובלת,גרמים,500.00,100 גרם,false,1,11.80,2.36,true,1,
7296073246053,false,כרובית קפואה 800 גרם,פרי גליל,IL,כרובית קפואה,גרמים,800.00,100 גרם,false,1,12.70,1.59,true,1,
7296073246060,false,פולי סויה בקליפה 450 גרם,HEBEI,CN,פולי סויה,גרמים,450.00,100 גרם,false,1,11.00,2.44,true,1,
7296073246077,false,פולי סויה קלופים 450 גרם,שופרסל,CN,פולי סויה קלופים,גרמים,450.00,100 גרם,false,1,12.70,2.82,true,1,
7296073246633,false,פרוסות אננס בסירופ קל227,CANNING FRUIT KUIBURI,TH,פרוסות אננס,גרמים,227.00,100 גרם,false,1,4.10,1.81,true,1,
7296073246640,false,חתיכות אננס בסירופ קל227,CANNING FRUIT KUIBURI,TH,חתיכות אננס,גרמים,227.00,100 גרם,false,1,3.30,1.45,true,1,
7296073248408,false,זוג מוצצי סיליקון +0,GMBH NTX,DE,זוג מוצצי,יחידה,1.00,יחידה,false,1,18.70,18.70,true,1,
7296073254133,false,"שמן זית פרימיום 750 מ""ל",אליעד בית בד בגולן,IL,שמן זית פרימיום,מיליליטרים,750.00,"100 מ""ל",false,1,31.50,4.20,true,1,
7296073254164,false,"דג.בוקר נוגט לל""ג 375 גר",נייס פוד,IT,דגני בוקר נוגט,גרמים,375.00,100 גרם,false,1,14.40,3.84,true,1,
7296073254256,false,ערמונים אורגניים גרין100,CO FOODS LIYUAN HEBEI,CN,ערמונים אורגניים,גרמים,100.00,100 גרם,false,1,6.70,6.70,true,1,
7296073254263,false,מיני פיצה מרגריטה  6יח,שופרסל,IT,פיצות אישיות,גרמים,480.00,100 גרם,false,1,18.70,3.90,true,1,
7296073261384,false,"אל סבון  מעורב 500*3 מ""ל",טאהא קימיה,TR,אל סבון נוזלי3יח,ליטרים,1.50,ליטר,false,1,11.00,7.33,true,1,
7296073261551,false,קוקטייל פירות טרופיים850,קיובורי,TH,קוקטייל פירות,גרמים,850.00,100 גרם,false,1,9.30,1.09,true,1,
7296073262978,false,גרנולה טריפל אגוזים 400ג,בריגן קי ג'י,DE,גרנולה פרימיום,גרמים,400.00,100 גרם,false,1,17.00,4.25,true,1,
7296073262992,false,סירופ מייפל פרימיום250מל,,CA,סירופ מייפל 100%,מיליליטרים,250.00,"100 מ""ל",false,1,28.10,11.24,true,1,
7296073263487,false,נודלס מוקפץ 550 גרם,סי.אי.פי מבוא חורון,IL,נודלס מצונן,גרמים,550.00,100 גרם,false,1,20.40,3.71,true,1,
7296073265184,false,שקית אשפה ריחנית גדולה,גליל כימיקלים,IL,שקיות אשפה,יחידה,1.00,יחידה,false,1,17.00,17.00,true,1,
7296073265344,false,חלב נטול לקטוז3%גרין 1ל,מחלבת רמת-הגולן,IL,חלב נטול לקטוז,ליטרים,1.00,ליטר,false,1,6.70,6.70,true,1,
7296073265351,false,ספגטי ללא גלוטן 400 גרם,SPA MENNUCCI PASTIFICI,IT,ספגטי ללא גלוטן,גרמים,400.00,100 גרם,false,1,9.30,2.33,true,1,
7296073265368,false,פסטה פנה ללא גלוטן 400גר,SPA MENNUCCI PASTIFICI,IT,פנה ללא גלוטן,גרמים,400.00,100 גרם,false,1,9.30,2.33,true,1,
7296073265375,false,פוזילי ללא גלוטן,SPA MENNUCCI PASTIFICI,IT,פוזילי ללא גלוטן,גרמים,400.00,100 גרם,false,1,9.30,2.33,true,1,
7296073266112,false,מפות שולחן עבות מניילון,,IL,מפות שולחן 8 יח,יחידה,1.00,יחידה,false,1,8.40,8.40,true,1,
7296073266266,false,קוקטייל פירות 113*4 גרם,FOODS HUIXANG JIANGSU,CN,קוקטייל פירות,גרמים,452.00,100 גרם,false,1,9.30,2.06,true,1,
7296073266273,false,לפתן אננס 4 * 113 גרם,FOODS HUIXANG JIANGSU,CN,לפתן אננס,גרמים,452.00,100 גרם,false,1,9.30,2.06,true,1,
7296073266303,false,"רסק תפוחים ללת""ס 113*4 ג",FOODS HUIXANG JIANGSU,CN,רסק תפוחי עץ,גרמים,452.00,100 גרם,false,1,9.30,2.06,true,1,
7296073266310,false,"רסק תפו""ע ללת""ס 113*4 גר",FOODS HUIZIANG JIANGSU,CN,"רסק תפו""ע 4 יח",גרמים,452.00,100 גרם,false,1,8.40,1.86,true,1,
7296073266693,false,מיץ תפוזים אורגני גרין1ל,גניר,IL,מיץ תפוזים,ליטרים,1.00,ליטר,false,1,15.30,15.30,true,1,
7296073266754,false,מכשיר גילוח רב פעמי לגבר,,CN,סכין גילוח 6 להב,יחידה,1.00,יחידה,false,1,25.50,25.50,true,1,
7296073266976,false,חטיף בוטנים ללא גלוטן80ג,סנקי,IL,חטיף בוטנים,גרמים,80.00,100 גרם,false,1,3.40,4.25,true,1,
7296073266983,false,חטיף בוטנים ללא גלוטן25ג,סנקי,IL,חטיף בוטנים,גרמים,25.00,100 גרם,false,1,1.80,7.20,true,1,
7296073267188,false,צמר גפן רפואי 100 גרם,SANAVI A.P,TR,צמר גפן רפואי,גרמים,100.00,100 גרם,false,1,5.90,5.90,true,1,
7296073267195,false,צמר גפן רפואי שופרס100*2,SANAVI A.P,TR,זוג צמר גפן,גרמים,200.00,100 גרם,false,1,11.00,5.50,true,1,
7296073267355,false,ממתיק סטיביה 100 שקיות,"ביסקול בע""מ",IL,ממתיק סטיביה,גרמים,100.00,100 גרם,false,1,22.90,22.90,true,1,
7296073268925,false,נייר טואלט דו שכבתי16גל,שניב תעשיות נייר,IL,נייר טואלט,מטרים,573.00,100 מטר,false,1,29.80,5.20,true,1,
7296073269991,false,שמן זרעי ענבים מזוכך1ל,"אוליפיציו סלוודורי בע""מ",IT,שמן זרעי ענבים,ליטרים,1.00,ליטר,false,1,21.20,21.20,true,1,
7296073270010,false,חומץ תפוחים אורגני 5%,אקווניל,ES,חומץ תפוחים,מיליליטרים,750.00,"100 מ""ל",false,1,13.50,1.80,true,1,
7296073270157,false,לקט הכפר 400גרם,"פרסקו חצבה 2006 בע""\מ",IL,לקט הכפר,גרמים,400.00,100 גרם,false,1,11.90,2.98,true,1,
7296073270287,false,תבנית אלומיניום אינגליש,,IL,תבניות אינגליש,יחידה,1.00,יחידה,false,1,12.70,12.70,true,1,
7296073270294,false,תבנית אלומיניום מוארכת 9,,IL,תבניות מלבניות,יחידה,1.00,יחידה,false,1,12.70,12.70,true,1,
7296073270300,false,תבנית אלומיניום קטנה 15י,,IL,תבניות אלומיניום,יחידה,1.00,יחידה,false,1,12.70,12.70,true,1,
7296073270317,false,תבנית אלומיניום עגולה 7,,IL,תבניות עגולות,יחידה,1.00,יחידה,false,1,12.70,12.70,true,1,
7296073270324,false,תבנית אלומיניום גדולה 7י,,IL,תבניות אלומיניום,יחידה,1.00,יחידה,false,1,12.70,12.70,true,1,
7296073270331,false,תבנית אלומיניום ענקית 5י,,IL,תבניות ענקיות,יחידה,1.00,יחידה,false,1,12.70,12.70,true,1,
7296073270980,false,"ופל בטעם לימון ללת""ס200ג",מנעמים,IL,"ופל לימון ללת""ס",גרמים,200.00,100 גרם,false,1,5.50,2.75,true,1,
7296073271437,false,שוק.מריר55% קרמל ומלח ים,פריי )שוקולד(,CH,שוקולד מריר,גרמים,100.00,100 גרם,false,1,9.30,9.30,true,1,
7296073271574,false,טפנד זיתים 190גרם,SPA POLLI F.LLI,IT,טפנד זיתים,גרמים,190.00,100 גרם,false,1,11.00,5.79,true,1,
7296073272496,false,נייר טואלט דו שכבתי32גל,שניב תעשיות נייר,IL,נייר טואלט 32גל,מטרים,573.00,100 מטר,false,1,28.90,5.04,true,1,
7296073273226,false,גפילטע פיש 400 גרם,"דג עים בע""מ",IL,גפילטע פיש מצונן,גרמים,400.00,100 גרם,false,1,28.10,7.03,true,1,
7296073273448,false,"ג'ל אלוורה 100מ""ל",ש.שוורץ,IL,ג'ל אלוורה,מיליליטרים,100.00,"100 מ""ל",false,1,8.40,8.40,true,1,
7296073273738,false,אטבי כביסה שופרסל 48 יח',,CN,אטבי כביסה,יחידה,1.00,יחידה,false,1,12.70,12.70,true,1,
7296073274667,false,מקלוני אורז ללא גלוטן454,פוג'יאן לונגהי,CN,מקלוני אורז דק,גרמים,454.00,100 גרם,false,1,7.60,1.67,true,1,
7296073277248,false,מגבונים ללא בישום 64*5יח,דינמיק,IL,מגבונים לחים 5יח,יחידה,1.00,יחידה,false,1,19.50,19.50,true,1,
7296073277255,false,מארז מגבונים לחים 6 יח,דינמיק,IL,מארז מגבוניםלחים,יחידה,1.00,יחידה,false,1,17.00,17.00,true,1,
7296073277927,false,"וופל מצופה ללת""ס",הלווה ופלבקרי,NL,"וופל מצופה ללת""ס",גרמים,100.00,100 גרם,false,1,9.30,9.30,true,1,
7296073277941,false,"אצבעות וופל שוקולד ללת""ס",הלווה ופלבקרי,NL,אצבעות וופל,גרמים,64.00,100 גרם,false,1,8.40,13.13,true,1,
7296073281696,false,מגבוני טואלט לילד 40*3יח,,IL,"מגבוני נ""ט לילד",יחידה,1.00,יחידה,false,1,10.10,10.10,true,1,
7296073281702,false,מגבוני נייר טואלט לחים,דינמיק תעשיות מגבונים,IL,מגבוני נייר לחים,יחידה,1.00,יחידה,false,1,10.30,10.30,true,1,
7296073281856,false,שמפו לשיער יבש 750מל,"א.מ.ש.י תעשיות בע""מ",IL,שמפו לשיער יבש,מיליליטרים,750.00,"100 מ""ל",false,1,17.00,2.27,true,1,
7296073281887,false,מרכך לשיער יבש 750מל,"א.מ.ש.י תעשיות בע""מ",IL,מרכך לשיער יבש,מיליליטרים,750.00,"100 מ""ל",false,1,17.00,2.27,true,1,
7296073285267,false,"סכין שקוף עבה ח""פ 100 יח",,CN,סכינים שקופים,יחידה,1.00,יחידה,false,1,15.30,15.30,true,1,
7296073285274,false,"מזלג שקוף עבה ח""פ 100 יח",,CN,מזלגות שקופים,יחידה,1.00,יחידה,false,1,15.30,15.30,true,1,
7296073285281,false,"כפית שקוף עבה ח""פ 100 יח",,CN,כפיות שקופות,יחידה,1.00,יחידה,false,1,15.30,15.30,true,1,
7296073285298,false,"כף שקוף עבה ח""פ 100 יח",,CN,כפות שקופות,יחידה,1.00,יחידה,false,1,15.30,15.30,true,1,
7296073285397,false,נר נשמה 24 שעות יחידה,CANDLE ITBRIGHT,CN,נר נשמה 24 שעות,יחידה,1.00,יחידה,false,1,2.10,2.10,true,1,
7296073285403,false,נרות חימום בשקית 50 יח,CANDLE ITBRIGHT,CN,נרות חימום בשקית,יחידה,1.00,יחידה,false,1,10.10,10.10,true,1,
7296073285410,false,נרות חימום בשקית 100 יחי,CANDLE ITBRIGHT,CN,נרות חימום בשקית,יחידה,1.00,יחידה,false,1,18.70,18.70,true,1,
7296073285953,false,אורז בסמ.מלא אורג.גרין1ק,קהמן,IN,אורז בסמטי אורגנ,קילוגרמים,1.00,"ק""ג",false,1,8.50,8.50,true,1,
7296073286011,false,אורז פרסי זיפר שופרסל1קג,ltd co produce Uthai,TH,אורז פרסי,קילוגרמים,1.00,"ק""ג",false,1,6.70,6.70,true,1,
7296073286035,false,"אורז תאילנדי זיפר 1 ק""ג",ltd co produce Uthai,TH,אורז תאילנדי,קילוגרמים,1.00,"ק""ג",false,1,5.50,5.50,true,1,
7296073286042,false,אורז יסמין זיפר שופרסל1ק,ltd co produce Uthai,TH,אורז יסמין,קילוגרמים,1.00,"ק""ג",false,1,9.30,9.30,true,1,
7296073286066,false,אורז בסמטי זיפר שופרסל1ק,SETIA LAL CHAMAN,IN,אורז בסמטי,קילוגרמים,1.00,"ק""ג",false,1,11.80,11.80,true,1,
7296073286073,false,"אורז בסמטי בצנצנת 1 ק""ג",SETIA LAL CHAMAN,IN,אורז בסמטי,קילוגרמים,1.00,"ק""ג",false,1,12.70,12.70,true,1,
7296073286349,false,שקיות אשפה חזקות L 55 יח,אשפלסט,IL,שקיות אשפה,יחידה,1.00,יחידה,false,1,17.00,17.00,true,1,
7296073286363,false,שקית ענקית לאשפה משרדית,אשפלסט,IL,שקיות אשפה,יחידה,1.00,יחידה,false,1,12.70,12.70,true,1,
7296073286417,false,שק.אשפה חזקות גדולות60יח,אשפלסט,IL,שקיות אשפה 60 יח,יחידה,1.00,יחידה,false,1,17.80,17.80,true,1,
7296073286493,false,צמד פטריות פורטובלה ושמפ,מרינה,IL,צמד פטריות פורטו,גרמים,420.00,100 גרם,false,1,16.90,4.02,true,1,
7296073286509,false,פטריות שמפניון,,IL,פטריות שמפניון,גרמים,220.00,100 גרם,false,1,9.90,4.50,true,1,
7296073288756,false,תירס ארוז,קטיף.,IL,תירס ארוז,קילוגרמים,0.00,"ק""ג",true,1,9.90,9.90,true,1,
7296073289715,false,מגבוני אף עדינים תינוק30,שופרסל,IL,מגבוני אף לתינוק,יחידה,1.00,יחידה,false,1,8.40,8.40,true,1,
7296073289739,false,שקיות צליה שופרסל 10 יח,,TR,שקיות צליה,יחידה,1.00,יחידה,false,1,5.00,5.00,true,1,
7296073289746,false,50 מגבונים לניקוי כללי,דינמיק תעשיות מגבונים,IL,מגבונים לניקוי,יחידה,1.00,יחידה,false,1,8.40,8.40,true,1,
7296073290803,false,חציל קלוי על האש 650 גרם,בלו גלו,TR,חציל קלוי,גרמים,650.00,100 גרם,false,1,10.10,1.55,true,1,
7296073290810,false,פלפל אדום קלוי על האש650,בלו גלו,TR,פלפל אדום קלוי,גרמים,650.00,100 גרם,false,1,10.10,1.55,true,1,
7296073290841,false,"נוזל קוקוס שופרסל 400מ""ל",COCONUT THAI,TH,נוזל קוקוס,מיליליטרים,400.00,"100 מ""ל",false,1,5.50,1.38,true,1,
7296073290858,false,"קרם קוקוס שופרסל 400 מ""ל",COCONUT THAI,TH,קרם קוקוס,מיליליטרים,400.00,"100 מ""ל",false,1,6.40,1.60,true,1,
7296073291084,false,עוגיות דניות עם חמאה 150,BAKERY JACOBSENS,DK,עוגיות חמאה בפח,גרמים,150.00,100 גרם,false,1,11.80,7.87,true,1,
7296073291244,false,חומץ 5%,מיטב,IL,חומץ 5%,ליטרים,1.00,ליטר,false,1,5.50,5.50,true,1,
7296073291251,false,מיץ לימון משומר 1 ליטר,,IL,מיץ לימון משומר,ליטרים,1.00,ליטר,false,1,7.60,7.60,true,1,
7296073291916,false,ניוקי שופרסל 500גרם,ALIMENTARI CLEMME,IT,ניוקי שופרסל,גרמים,500.00,100 גרם,false,1,10.10,2.02,true,1,
7296073291992,false,חסה סלנובה הידרופונית,כרמלים שדות חדשים,IL,חסה סלנובה,גרמים,160.00,100 גרם,false,1,12.90,8.06,true,1,
7296073292012,false,אננס ראש,קטיף.,IL,אננס ראש,קילוגרמים,0.00,"ק""ג",true,1,29.90,29.90,true,1,
7296073292104,false,מי פה לשיניים בוהקות 500,מעבדות בוניקט,ES,מי פה שופרסל,ליטרים,0.50,ליטר,false,1,9.30,18.60,true,1,
7296073292807,false,תפוח אדמה זני השף,גידולי אגו,IL,"תפו""א זני השף",קילוגרמים,0.00,"ק""ג",true,1,7.90,7.90,true,1,
7296073292906,false,פירורי לחם מוזהב.זיפר350,מאפיית דוידוביץ ובניו בע,IL,פירורי לחם מוזהב,גרמים,350.00,100 גרם,false,1,6.40,1.83,true,1,
7296073292913,false,פירורי לחם לבן זיפר350גר,חטיפים מן הטבע,IL,פירורי לחם לבן,גרמים,350.00,100 גרם,false,1,6.40,1.83,true,1,
7296073293040,false,תבניות אפיה מוארכות+מכסה,,IL,תבניות אפיה+מכסה,יחידה,1.00,יחידה,false,1,12.70,12.70,true,1,
7296073293583,false,"שמן קוקוס אורגני330 מ""ל",סנקי,LK,שמן קוקוס אורגני,מיליליטרים,330.00,"100 מ""ל",false,1,16.10,4.88,true,1,
7296073293729,false,מיץ תפוחים אורגני גרין1ל,אקילאה,IT,מיץ תפוחים,ליטרים,1.00,ליטר,false,1,15.30,15.30,true,1,
7296073294139,false,בזיליקום יחידה,,IL,בזיליקום,יחידה,1.00,יחידה,false,1,7.90,7.90,true,1,
7296073294221,false,כוסברה יחידה,,IL,כוסברה,יחידה,1.00,יחידה,false,1,5.90,5.90,true,1,
7296073294238,false,שמיר יחידה,,IL,שמיר,יחידה,1.00,יחידה,false,1,5.90,5.90,true,1,
7296073294245,false,נענע יחידה,,IL,נענע,יחידה,1.00,יחידה,false,1,5.90,5.90,true,1,
7296073294788,false,פירורי לחם ללא גלוטן250ג,אשבל מזון פונקציונלי בע\,IL,פירורי לחם,גרמים,250.00,100 גרם,false,1,13.50,5.40,true,1,
7296073294818,false,פתיתים קוסק.ללא גלוטן200,אשבול,IL,פתיתים קוסקוס,גרמים,200.00,100 גרם,false,1,11.00,5.50,true,1,
7296073294856,false,תערוב.רב תכליתי ל.ג500גר,אשבול,IL,תערובת רב תכליתי,גרמים,500.00,100 גרם,false,1,13.50,2.70,true,1,
7296073295228,false,מפיות תלת שכבתי 20יחידות,,IL,מפיות,יחידה,1.00,יחידה,false,1,6.40,6.40,true,1,
7296073295655,false,"שוק.חלב ללת""ס שופרסל100ג",,IT,"שוקולד חלב ללת""ס",גרמים,100.00,100 גרם,false,1,5.80,5.80,true,1,
7296073295662,false,"שוק.מריר ללת""ס שופרסל100",,IT,שוקולד מריר ללתס,גרמים,100.00,100 גרם,false,1,5.80,5.80,true,1,
7296073295679,false,"שוק.אגוז ללת""ס שופרסל100",,IT,שוקולד אגוז ללתס,גרמים,100.00,100 גרם,false,1,6.70,6.70,true,1,
7296073296751,false,שמרים יבשים 125 גרם,,TR,שמרים יבשים,גרמים,125.00,100 גרם,false,1,3.80,3.04,true,1,
7296073296935,false,חליטת תפוח וקינמון 60גרם,,IL,חליטת תפוח+קינמו,גרמים,60.00,100 גרם,false,1,12.70,21.17,true,1,
7296073296966,false,חליטת צמחים ארץ ישראל25ג,,IL,חליטת ארץ ישראל,גרמים,25.00,100 גרם,false,1,12.70,50.80,true,1,
7296073298014,false,חטיפוני גזר 130גרם,,IL,חטיפוני גזר,גרמים,130.00,100 גרם,false,1,6.90,5.31,true,1,
7296073298021,false,חטיפוני גזר 350גרם,,IL,חטיפוני גזר,גרמים,350.00,100 גרם,false,1,12.90,3.69,true,1,
7296073298380,false,חומץ מסיידר תפוחים 500מל,,ES,חומץ מסיידר,מיליליטרים,500.00,"100 מ""ל",false,1,14.40,2.88,true,1,
7296073319795,false,רוטב עגבנ.אורגני גרין700,פרוטאגל,IT,רוטב עגבניות,גרמים,700.00,100 גרם,false,1,10.10,1.44,true,1,
7296073319801,false,עגב.מרוסק אורגני גרין690,פרוטאגל,IT,עגבניות מרוסקות,גרמים,690.00,100 גרם,false,1,10.10,1.46,true,1,
7296073320050,false,חסה רומית הידרופונית,יגור חקלאות ועסקים,IL,חסה רומית,גרמים,160.00,100 גרם,false,1,9.90,6.19,true,1,
7296073320081,false,"תפו""א למיקרו",,IL,"תפו""א למירקו",גרמים,700.00,100 גרם,false,1,6.90,0.99,true,1,
7296073320357,false,סלט אישי בסגנון איטלקי,"פרסקו חצבה 2006 בע""\מ",IL,סלט בסגנון אטלקי,גרמים,300.00,100 גרם,false,1,12.90,4.30,true,1,
7296073320364,false,סלט אישיעם בולגרית  310ג,"פרסקו חצבה 2006 בע""\מ",IL,סלט עם בולגרית,גרמים,310.00,100 גרם,false,1,16.90,5.45,true,1,
7296073320388,false,עלי בייבי 120גרם,,IL,עלי בייבי 120גרם,גרמים,120.00,100 גרם,false,1,10.90,9.08,true,1,
7296073320395,false,עלי תרד בייבי 200גרם,,IL,עלי תרד בייבי,גרמים,200.00,100 גרם,false,1,10.90,5.45,true,1,
7296073320401,false,לקט בסגנון איטלקי 300גרם,"פרסקו חצבה 2006 בע""\מ",IL,לקט סגנון איטלקי,גרמים,300.00,100 גרם,false,1,11.90,3.97,true,1,
7296073321217,false,סוכר וניל 10 * 10 גרם,א.ל ייצור ושיווק תבלינים,IL,סוכר וניל 10 יח,גרמים,100.00,100 גרם,false,1,2.90,2.90,true,1,
7296073321231,false,אבקת סוכר שופרסל 100 גרם,א.ל ייצור ושיווק תבלינים,IL,אבקת סוכר שופרסל,גרמים,100.00,100 גרם,false,1,2.10,2.10,true,1,
7296073321446,false,סבון כחול לאסלה 50*3 גרם,קומפלקס כימיקלים בעמ,IL,3סבון כחול לאסלה,גרמים,150.00,100 גרם,false,1,11.00,7.33,true,1,
7296073321521,false,מינוט אנטריקוט דק דק 300,בלדי,IL,מינוט אנטריקוטדק,גרמים,300.00,100 גרם,false,1,25.50,8.50,true,1,
7296073322450,false,לזניה 4גבינות ברוטב300ג,פסטה נונה,IL,לזניה 4גבינות,גרמים,300.00,100 גרם,false,1,15.30,5.10,true,1,
7296073322979,false,בוטנים מצופים קלויים50ג,ששון ושות'\ )ש.ת. תעשיות,IL,בוטנים אמריקאים,גרמים,50.00,100 גרם,false,1,2.10,4.20,true,1,
7296073323006,false,תה שחור שופרסל1.5*100 גר,עדנים,IL,תה שחור 100 שק.,גרמים,150.00,100 גרם,false,1,8.40,5.60,true,1,
7296073323013,false,תה ארל גריי 37.5 גרם,עדנים,IL,תה ארל גריי,גרמים,37.00,100 גרם,false,1,7.60,20.54,true,1,
7296073323020,false,תה ירוק יסמין 37.5 גרם,עדנים,IL,תה ירוק יסמין,גרמים,37.00,100 גרם,false,1,9.30,25.13,true,1,
7296073323037,false,תה ירוק נענע 37.5 גרם,עדנים,IL,תה ירוק נענע,גרמים,37.00,100 גרם,false,1,9.30,25.13,true,1,
7296073323044,false,תה ירוק לימונ.לואיזה37.5,עדנים,IL,תה ירוק לימונית,גרמים,37.00,100 גרם,false,1,9.30,25.13,true,1,
7296073323143,false,חסה סלנובה הידרופונית,יגור חקלאות ועסקים,IL,חסה סלנובה,גרמים,160.00,100 גרם,false,1,12.90,8.06,true,1,
7296073323211,false,שקדים מולבנים טחונים100ג,,US,שקדים מולבנים,גרמים,100.00,100 גרם,false,1,11.00,11.00,true,1,
7296073323235,false,בוטנים גרוסים 100 גרם,,IL,בוטנים גרוסים,גרמים,100.00,100 גרם,false,1,4.10,4.10,true,1,
7296073323259,false,פיסטוקים קלופים 100גרם,,US,פיסטוק קלוף 100ג,גרמים,100.00,100 גרם,false,1,18.70,18.70,true,1,
7296073323433,false,"סירופ מייפל טבעי 250 מ""ל",קופדקס,DK,סירופ מייפל,מיליליטרים,250.00,"100 מ""ל",false,1,19.50,7.80,true,1,
7296073323587,false,עגבניה שרי וויטני,עידו נחום,IL,שרי וויטני,גרמים,460.00,100 גרם,false,1,10.90,2.37,true,1,
7296073323594,false,נייר אפייה אקולוגי יח,,IL,נייר אפייה 40 יח,יחידה,1.00,יחידה,false,1,11.00,11.00,true,1,
7296073323631,false,פריפלצת מחית מנגו בננ120,גו פרוסלבה,ES,מחית פירות,גרמים,120.00,100 גרם,false,1,3.80,3.17,true,1,
7296073323648,false,פריפלצת מחית בננ.תות120ג,גו פרוסלבה,ES,מחית פירות,גרמים,120.00,100 גרם,false,1,3.80,3.17,true,1,
7296073323655,false,פריפלצת מחית תפוח בננ120,גו פרוסלבה,ES,מחית פירות,גרמים,120.00,100 גרם,false,1,3.80,3.17,true,1,
7296073323662,false,פריפלצת מיקס פירות120ג,גו פרוסלבה,ES,מחית פירות,גרמים,120.00,100 גרם,false,1,3.80,3.17,true,1,
7296073323679,false,פריפלצת מחית אגס 120ג,גו פרוסלבה,ES,מחית פירות,גרמים,120.00,100 גרם,false,1,3.80,3.17,true,1,
7296073323693,false,פריפלצת מחית תפוח 120 גר,גו פרוסלבה,ES,מחית פירות,גרמים,120.00,100 גרם,false,1,3.80,3.17,true,1,
7296073324690,false,מיץ אשכול.אדום אורגני1ל,גניר,IL,מיץ אשכוליות,ליטרים,0.00,ליטר,false,1,15.30,15.30,true,1,
7296073324850,false,צמד פטריות פורטובלה,,IL,פטריות פורטובלו,גרמים,420.00,100 גרם,false,1,16.90,4.02,true,1,
7296073324867,false,פטריות סטייק פורטובלה,,IL,פ.סטייק פורטובלה,גרמים,320.00,100 גרם,false,1,16.90,5.28,true,1,
7296073325239,false,רדיד אלומיניום 16מיקרון,,CN,רדיד אלומיניום,מטרים,60.00,מטר,false,1,24.70,0.41,true,1,
7296073326748,false,גרעין אבטיח קלוי במלח200,,IL,גרעין אבטיח קלוי,גרמים,200.00,100 גרם,false,1,12.70,6.35,true,1,
7296073330936,false,פינצטה אפורה קצה ישר,BE NOW,CN,פינצטה ישרה אפור,יחידה,1.00,יחידה,false,0,17.00,17.00,true,1,
7296073331056,false,קוצץ קטן,BE NOW,CN,קוצץ קטן,יחידה,1.00,יחידה,false,0,7.60,7.60,true,1,
7296073331063,false,קוצץ גדול,BE NOW,CN,קוצץ גדול,יחידה,1.00,יחידה,false,0,8.40,8.40,true,1,
7296073331087,false,קוצץ אל חלד גדול,BE NOW,CN,קוצץ גדול,יחידה,1.00,יחידה,false,0,17.00,17.00,true,1,
7296073331612,false,מברשת שיער מטקה שחורה,BE NOW,CN,מברשת מטקה שחורה,יחידה,1.00,יחידה,false,0,25.50,25.50,true,1,
7296073331629,false,מברשת שיער אובלית שחורה,BE NOW,CN,מברשת אובל שחורה,יחידה,1.00,יחידה,false,0,24.70,24.70,true,1,
7296073331636,false,מברשת שיער מאורכת שחורה,BE NOW,CN,מברשת מאורך שחור,יחידה,1.00,יחידה,false,0,21.20,21.20,true,1,
7296073331650,false,מברשת שיער לפן שחורה,BE NOW,CN,מברשת לפן שחורה,יחידה,1.00,יחידה,false,0,25.50,25.50,true,1,
7296073331667,false,מברשת שיער לילדות,BE NOW,CN,מברשת שיער ילדות,יחידה,1.00,יחידה,false,0,21.20,21.20,true,1,
7296073331841,false,מסרק גדול שחור,BE NOW,CN,מסרק גדול שחור,יחידה,1.00,יחידה,false,0,8.40,8.40,true,1,
7296073331865,false,מסרק כיס שחור,BE NOW,CN,מסרק כיס שחור,יחידה,1.00,יחידה,false,0,7.60,7.60,true,1,
7296073332114,false,גומיות מגבת שחורות 8 יח,BE NOW,CN,8ג.מגבת שחור,יחידה,1.00,יחידה,false,0,8.40,8.40,true,1,
7296073332152,false,16 גומיות מגבת קטן שחור,BE NOW,CN,16ג.מגבת S שחור,יחידה,1.00,יחידה,false,0,8.40,8.40,true,1,
7296073332176,false,6 גומיות שחור פתוחות,BE NOW,CN,6גומיות ש. פתוח,יחידה,1.00,יחידה,false,0,8.40,8.40,true,1,
7296073332497,false,סיכות סבתא שחור  40 יח,BE NOW,CN,40סיכות שחורות,יחידה,1.00,יחידה,false,0,12.70,12.70,true,1,
7296073332541,false,קליפסים קטנים 8 יח חום,BE NOW,CN,8קליפסים S חום,יחידה,1.00,יחידה,false,0,12.70,12.70,true,1,
7296073332572,false,קליפס בינוני חזק 3 יח,BE NOW,CN,3קליפס M חזק,יחידה,1.00,יחידה,false,0,12.70,12.70,true,1,
7296073332640,false,קליפס M שחור בצורת רשת,BE NOW,CN,קליפס M שחור רשת,יחידה,1.00,יחידה,false,0,9.30,9.30,true,1,
7296073332671,false,זוג קליפסים שחור,BE NOW,CN,זוג קליפסים שחור,יחידה,1.00,יחידה,false,0,8.40,8.40,true,1,
7296073332688,false,זוג קליפסים חום,BE NOW,CN,זוג קליפסים חום,יחידה,1.00,יחידה,false,0,8.40,8.40,true,1,
7296073333661,false,מברשת שיער אובל סגולה L,BE NOW,CN,מברשת אובל Lסגול,יחידה,1.00,יחידה,false,0,21.20,21.20,true,1,
7296073341697,false,ממחטות אף לכיס 10 יחידות,שניב תעשיות נייר,IT,ממחטות אף לכיס,יחידה,1.00,יחידה,false,1,7.60,7.60,true,1,
7296073342328,false,שקדים מולבנים פרוסים100ג,,US,שקד מולבן פרוס,גרמים,100.00,100 גרם,false,1,11.00,11.00,true,1,
7296073342335,false,שקדים מולבנים חצויים100ג,,US,שקדים מולבן חצוי,גרמים,100.00,100 גרם,false,1,11.00,11.00,true,1,
7296073342496,false,דלעת ארוזה,קטיף.,IL,דלעת ארוזה,קילוגרמים,0.00,"ק""ג",true,1,10.90,10.90,true,1,
7296073342939,false,סלמי צרפתי 120גרם,מעדני יחיעם,IL,סלמי צרפתי120גרם,גרמים,120.00,100 גרם,false,1,14.40,12.00,true,1,
7296073342946,false,סלמי סרוולט 120גרם,מעדני יחיעם,IL,סלמי סרוולט,גרמים,120.00,100 גרם,false,1,14.40,12.00,true,1,
7296073342977,false,מינוט שווארמה דק דק 300,בלדי,IL,מינוט שואארמה,גרמים,300.00,100 גרם,false,1,22.90,7.63,true,1,
7296073343202,false,פריכיות כוסמת שופרסל160ג,פרח תעשיות מזון,IL,פריכיות כוסמת,גרמים,160.00,100 גרם,false,1,8.40,5.25,true,1,
7296073343219,false,פריכיות אורז מלא 310 גרם,פרח תעשיות מזון,IL,פריכיות שופרסל,גרמים,310.00,100 גרם,false,1,14.40,4.65,true,1,
7296073343653,false,"מסיר לק קלאסי 175 מ""ל BE",,TR,מסיר לק קלאסי,מיליליטרים,175.00,"100 מ""ל",false,1,6.70,3.83,true,1,
7296073344469,false,שבבי שוקולד מריר 250 גרם,מיה,IL,שבבי שוקולד,גרמים,250.00,100 גרם,false,1,9.30,3.72,true,1,
7296073345060,false,לחם לבן ללא גלוטן 500 גר,גידרון,IL,לחם לבן ל.גלוטן,גרמים,500.00,100 גרם,false,1,13.50,2.70,true,1,
7296073345206,false,מבריק הפלא 3 יחידות,אלבגינו,PL,מבריק הפלא,יחידה,1.00,יחידה,false,1,9.30,9.30,true,1,
7296073345299,false,משחת שיניים מלבינה 100מל,,BG,משחת שיניים,מיליליטרים,100.00,"100 מ""ל",false,1,9.30,9.30,true,1,
7296073345305,false,משחת שיניים פרופ+הרבל100,,BG,משחת שיניים הרבל,מיליליטרים,100.00,"100 מ""ל",false,1,7.60,7.60,true,1,
7296073345350,false,מברשת שיניים ילדים גיל+5,,TR,מברשת שיניים KID,יחידה,1.00,יחידה,false,1,9.30,9.30,true,1,
7296073345398,false,מברשת שיניים מבריקה,,TR,מברשת שיניים,יחידה,1.00,יחידה,false,1,11.00,11.00,true,1,
7296073345404,false,מברשת שיניים חשמלית,,CN,מברשת שינ.חשמלית,יחידה,1.00,יחידה,false,1,29.80,29.80,true,1,
7296073345459,false,קיסמים עם חוט בשקית50יח,,CN,קיסמים עם חוט,יחידה,1.00,יחידה,false,1,8.40,8.40,true,1,
7296073345480,false,חוט דנטלי שעווה מנטה 50מ,,CN,חוט דנטלי מנטה,מטרים,50.00,מטר,false,1,7.60,0.16,true,1,
7296073345732,false,טופו אורגני 300 גרם,"משק ויילר בע""\מ",IL,טופו אורגני,גרמים,300.00,100 גרם,false,1,8.40,2.80,true,1,
7296073345800,false,בייגלה שטוח עם מלח 200 ג,,IL,בייגלה שטוח,גרמים,200.00,100 גרם,false,1,4.10,2.05,true,1,
7296073345817,false,בייגלה שטוח עם שומשום200,,IL,בייגלה שטוח,גרמים,200.00,100 גרם,false,1,4.10,2.05,true,1,
7296073346333,false,עוגות אישיות קרם חלב350ג,קסליני,IT,עוגות אישיות,גרמים,350.00,100 גרם,false,1,12.70,3.63,true,1,
7296073346340,false,עוגות אישיות קרם שוקו350,קסליני,IT,עוגות אישיות,גרמים,350.00,100 גרם,false,1,12.70,3.63,true,1,
7296073346760,false,שקיות אשפה XXL 2*10,אשפלסט,IL,שקיות אשפה,יחידה,1.00,יחידה,false,1,19.50,19.50,true,1,
7296073346777,false,שקיות רב שימושיות 300 יח,אשפלסט,IL,שקיות רב שימושי,יחידה,1.00,יחידה,false,1,11.50,11.50,true,1,
7296073347453,false,פטרוזליה יחידה,תנובות לכיש,IL,פטרוזליה,יחידה,1.00,יחידה,false,1,4.90,4.90,true,1,
7296073347460,false,שמיר יחידה,תנובות לכיש,IL,שמיר,יחידה,1.00,יחידה,false,1,4.90,4.90,true,1,
7296073347477,false,כוסברה,תנובות לכיש,IL,כוסברה,יחידה,1.00,יחידה,false,1,4.90,4.90,true,1,
7296073347484,false,נענע,תנובות לכיש,IL,נענע,יחידה,1.00,יחידה,false,1,4.90,4.90,true,1,
7296073348023,false,שבבי שקדים מולבנים 100ג,,US,שבבי שקד מולבן,גרמים,100.00,100 גרם,false,1,11.00,11.00,true,1,
7296073348214,false,מטהר אויר ורוד 350מל,,IL,מטהר אויר נ.גז,מיליליטרים,350.00,"100 מ""ל",false,1,10.10,2.89,true,1,
7296073348238,false,מטהר אויר נטול גז לבנדר,,IL,מטהר אויר נ.גז,מיליליטרים,350.00,"100 מ""ל",false,1,10.10,2.89,true,1,
7296073348825,false,שוק.חלב עם פקאן 100 גרם,"שוקולד פריי בע""מ",CH,שוקולד חלב פקאן,גרמים,100.00,100 גרם,false,1,9.30,9.30,true,1,
7296073349396,false,דובדבנים חמוצים סירופ680,,HU,דובדבנים חמוצים,גרמים,680.00,100 גרם,false,1,11.00,1.62,true,1,
7296073352136,false,פתיתים חומוס ל.גלוטן250ג,,IT,פתיתים חומוס,גרמים,250.00,100 גרם,false,1,5.80,2.32,true,1,
7296073352167,false,פוזילי אפונה גרין 250גר,,IT,פוזילי אפונה ללג,גרמים,250.00,100 גרם,false,1,5.80,2.32,true,1,
7296073352822,false,מפיות דו שכבתי 50 יחידות,,IL,מפיות אירוח,יחידה,1.00,יחידה,false,1,6.70,6.70,true,1,
7296073352846,false,"מפיות חד שכבתי 100 יח,'",,IL,מפיות,יחידה,1.00,יחידה,false,1,6.70,6.70,true,1,
7296073359234,false,גרעיני תירס מתוק 340 גרם,,HU,גרעיני תירס מתוק,גרמים,340.00,100 גרם,false,1,5.00,1.47,true,1,
7296073359838,false,עוגיות מקלות מרוקאיות500,גידרון,IL,עוגיות מרוקאיות,גרמים,500.00,100 גרם,false,1,14.40,2.88,true,1,
7296073359883,false,עוגיות פרפריות 500 גרם,,IL,עוגיות פרפריות,גרמים,500.00,100 גרם,false,1,14.40,2.88,true,1,
7296073359890,false,עוגיות מקלות מלוחים500ג,,IL,עוגיות מלוחות,גרמים,500.00,100 גרם,false,1,14.40,2.88,true,1,
7296073359906,false,עוג.כתר ריבה טעם תות500ג,,IL,עוגיות ריבה,גרמים,500.00,100 גרם,false,1,14.40,2.88,true,1,
7296073359937,false,עוגיות מעמול תמרים 500גר,,IL,עוגיות מעמול תמר,גרמים,500.00,100 גרם,false,1,14.40,2.88,true,1,
7296073361916,false,אגס ישראלי ארוז,קטיף.,IL,אגס ישראלי ארוז,קילוגרמים,0.00,"ק""ג",true,1,8.90,8.90,true,1,
7296073362036,false,אבקת שוקו מפרץ ההרפתקאות,,IL,אבקת שוקו,גרמים,500.00,100 גרם,false,1,10.00,2.00,true,1,
7296073362111,false,פטוצ'יני מצונן 300 גרם,,IL,פטוצ'יני מצונן,גרמים,300.00,100 גרם,false,1,8.40,2.80,true,1,
7296073362425,false,עדשים שחורות מונבטות,נבטי איילון,IL,עדשים שחורות,יחידה,1.00,יחידה,false,1,8.90,8.90,true,1,
7296073362630,false,אקונומיקה סופר מבושמת 4ל,קומפלקס כימיקלים,IL,אקונומיקה מבושמת,ליטרים,4.00,ליטר,false,1,8.40,2.10,true,1,
7296073362647,false,אקונומיקה סמיכה מבושמת4ל,קומפלקס כימיקלים,IL,אקונומיקה סמיכה,ליטרים,4.00,ליטר,false,1,12.70,3.18,true,1,
7296073362654,false,אקונומיקה מבושמת4ליטר,קומפלקס כימיקלים,IL,אקונומיקה מבושמת,ליטרים,4.00,ליטר,false,1,8.40,2.10,true,1,
7296073362722,false,מג'דרה 550 גרם,,IL,מג'דרה 550 גרם,גרמים,550.00,100 גרם,false,1,20.40,3.71,true,1,
7296073362739,false,חמאת בוטנים 510 גרם,,IN,חמאת בוטנים,גרמים,510.00,100 גרם,false,1,12.70,2.49,true,1,
7296073362777,false,סלרי עלים,תנובות לכיש,IL,סלרי עלים,יחידה,1.00,יחידה,false,1,6.90,6.90,true,1,
7296073362791,false,שורש פטרוזיליה,תנובות לכיש,IL,שורש פטרוזיליה,יחידה,1.00,יחידה,false,1,6.90,6.90,true,1,
7296073362807,false,פזיל / מנגולד יחידה,תנובות לכיש,IL,פזיל / מנגולד,יחידה,1.00,יחידה,false,1,6.90,6.90,true,1,
7296073362821,false,סב.ידיים בצבעי פסטל500*3,טאהא קימיה,TR,סבון ידיים 3 יח,ליטרים,1.50,ליטר,false,1,12.70,8.47,true,1,
7296073362890,false,בייבי גאודה 31% 280 גרם,הנרי ויליך,NL,בייבי גאודה,גרמים,280.00,100 גרם,false,1,28.90,10.32,true,1,
7296073362944,false,אבקת אפיה שופרסל 10*10 י,,IL,אבקת אפיה 10 יח,גרמים,100.00,100 גרם,false,1,2.80,2.80,true,1,
7296073363194,false,Be מסכה לשיער יבש500מל,א.משי תעשיות,IL,מסכה לשיער יבשBE,מיליליטרים,500.00,"100 מ""ל",false,1,25.50,5.10,true,1,
7296073363866,false,מגבונים להסרת איפור פחם,טרופיקל,IL,מגבונים להסרת אי,יחידה,1.00,יחידה,false,1,9.30,9.30,true,1,
7296073363989,false,"BE סכינים חד""פ לאישה",,US,"סכיני גילוח חד""פ",יחידה,1.00,יחידה,false,1,10.10,10.10,true,1,
7296073364177,false,"שקיות זיפר 20*20 ס""מ",,CN,שקיות זיפר 50יח,יחידה,1.00,יחידה,false,1,9.30,9.30,true,1,
7296073364184,false,"שקיות סלייד 25*20 ס""מ 30",,CN,שקיות סלייד,יחידה,1.00,יחידה,false,1,11.80,11.80,true,1,
7296073364467,false,שעועית מעורבת זיפר 500גר,,IL,שעועית מעורבת,גרמים,500.00,100 גרם,false,1,12.60,2.52,true,1,
7296073364481,false,"אפונה ירוקה זיפר 1 ק""ג",,IL,אפונה ירוקה,קילוגרמים,1.00,"ק""ג",false,1,7.50,7.50,true,1,
7296073364511,false,"חיטה זיפר שופרסל 1 ק""ג",מיה,IL,חיטה,קילוגרמים,1.00,"ק""ג",false,1,7.50,7.50,true,1,
7296073364542,false,"אורז לבן עגול זיפר 1 ק""ג",,IL,אורז לבן עגול,קילוגרמים,1.00,"ק""ג",false,1,7.20,7.20,true,1,
7296073364641,false,שעועית אדומה זיפר 500גרם,מיה,IL,שעועית אדומה,גרמים,500.00,100 גרם,false,1,8.70,1.74,true,1,
7296073365099,false,"כוס גדולה לאירוח 330 מ""ל",,CN,כוסות גדולות,יחידה,1.00,יחידה,false,1,15.30,15.30,true,1,
7296073365730,false,מאגדת מצופה בננה 8יח,גלידות פלדמן,IL,מאגדת מצופה בננה,גרמים,560.00,100 גרם,false,1,16.10,2.88,true,1,
7296073365785,false,מאגדת קרח לימון דובדבן,גלידות פלדמן,IL,מאגדת קרח,גרמים,800.00,100 גרם,false,1,10.10,1.26,true,1,
7296073365792,false,מאגדת מיני בר וניל 5 יח,גלידות פלדמן,IL,מאגדת מיני בר,גרמים,300.00,100 גרם,false,1,20.40,6.80,true,1,
7296073365808,false,מאגדת מיני ברשוקולד 5 יח,גלידות פלדמן,IL,מאגדת מיני בר,גרמים,300.00,100 גרם,false,1,20.40,6.80,true,1,
7296073367154,false,נקניקיות מרגז 400 גרם,טיבון ויל אחזקות בעמ,IL,נקניקיות מרגז,גרמים,400.00,100 גרם,false,1,17.00,4.25,true,1,
7296073367246,false,חטיף לכלב כוכבי ברווז 80,,CN,חטיף לכלב,גרמים,80.00,100 גרם,false,1,15.30,19.13,true,1,
7296073367314,false,נגיסי סלמון בצורת חתול50,,CN,חטיף לחתול,גרמים,50.00,100 גרם,false,1,9.30,18.60,true,1,
7296073367338,false,חטיף לחתול נגיסי ברווז,,CN,חטיף לחתול,גרמים,50.00,100 גרם,false,1,9.30,18.60,true,1,
7296073368465,false,פיצה מרגריטה 320 גרם,סוילה אס.אר.אל,IT,פיצה מרגריטה,יחידה,1.00,יחידה,false,1,15.30,15.30,true,1,
7296073368472,false,פיצה מרגריטה עם זיתים יר,סוילה אס.אר.אל,IT,פיצה מרגריטה עם,גרמים,340.00,100 גרם,false,1,15.30,4.50,true,1,
7296073368496,false,אורז בסמטי בסגנון מרוקאי,,IL,אורז בסמטי מתובל,גרמים,400.00,100 גרם,false,1,11.00,2.75,true,1,
7296073368519,false,אורז בסמטי בתיבול ירקות,,IL,אורז בסמטי מתובל,גרמים,400.00,100 גרם,false,1,11.00,2.75,true,1,
7296073368854,false,טורטיות מקמח חיטה מלא320,,RS,טורטייה,גרמים,320.00,100 גרם,false,1,8.40,2.63,true,1,
7296073368861,false,קוואקר דק מהיר הכנה500ג,,IL,קוואקר דק,גרמים,500.00,100 גרם,false,1,7.60,1.52,true,1,
7296073368878,false,קוואקר עבה 500 גרם,,IL,קוואקר עבה,גרמים,500.00,100 גרם,false,1,7.60,1.52,true,1,
7296073369035,false,קבוקים בציפוי שומשום400ג,,IL,קבוקים שומשום,גרמים,400.00,100 גרם,false,1,10.10,2.53,true,1,
7296073369639,false,ערמונים קלופים קלויים100,,CN,ערמונים קלופים,גרמים,100.00,100 גרם,false,1,5.90,5.90,true,1,
7296073371892,false,קטשופ שופרסל 750 גרם,קונסרבאס סילביה,FR,קטשופ שופרסל,גרמים,750.00,100 גרם,false,1,7.60,1.01,true,1,
7296073372059,false,קפסולות אתיופיה לנספר50ג,DELICA,CH,קפסולות אתיופיה,גרמים,50.00,100 גרם,false,1,13.50,27.00,true,1,
7296073372288,false,שמנת להקצפה נ.לקטוז 250מ,,IL,שמנת להקצפה38%,מיליליטרים,250.00,"100 מ""ל",false,1,6.40,2.56,true,1,
7296073372486,false,משקה אורז שקדים אורגני1ל,ליקואטס וגטאלס,ES,משקה אורז שקדים,ליטרים,1.00,ליטר,false,1,10.10,10.10,true,1,
7296073372509,false,משקה אורז אורגני 1 ליטר,ליקואטס וגטאלס,ES,משקה אורז אורגני,ליטרים,1.00,ליטר,false,1,10.10,10.10,true,1,
7296073372516,false,"משקה סויה אורגני ללת""ס1ל",ליקואטס וגטאלס,ES,משקה סויה אורגני,ליטרים,1.00,ליטר,false,1,10.10,10.10,true,1,
7296073372530,false,"משקה שקדים ללת""ס 1 ליטר",ליקואטס וגטאלס,ES,"משקה שקדים ללת""ס",ליטרים,1.00,ליטר,false,1,10.10,10.10,true,1,
7296073372554,false,משקה ש.שועל אורגני 1ליטר,ליקואטס וגטאלס,ES,משקה שיבולת שועל,ליטרים,1.00,ליטר,false,1,10.10,10.10,true,1,
7296073373421,false,קצף אקונומיקה 1 ליטר,קומפלקס כימיקלים,IL,קצף אקונומיקה,ליטרים,1.00,ליטר,false,1,8.50,8.50,true,1,
7296073373476,false,ברוקולי ארוז,,IL,ברוקולי ארוז,גרמים,350.00,100 גרם,false,1,10.90,3.11,true,1,
7296073375623,false,מברשת לבקבוק נצמדת,LUV.N`CARE,CN,מברשת לבקבוק,יחידה,1.00,יחידה,false,1,22.10,22.10,true,1,
7296073375630,false,"כוס הפלא עם ידית 240 מ""ל",LUV.N`CARE,CN,כוס הפלא,יחידה,1.00,יחידה,false,1,35.80,35.80,true,1,
7296073376224,false,קערת האכלה נצמדת עם כפית,LUV.N`CARE,CN,קערת האכלה,יחידה,1.00,יחידה,false,1,25.50,25.50,true,1,
7296073376255,false,נשכן חיות יוגה מסיליקון,LUV.N`CARE,CN,נשכן חיות,יחידה,1.00,יחידה,false,1,25.50,25.50,true,1,
7296073376279,false,נשכן תירס,LUV.N`CARE,CN,נשכן תירס,יחידה,1.00,יחידה,false,1,21.20,21.20,true,1,
7296073377214,false,חסה לבבות קיסר,,IL,חסה לבבות קיסר,גרמים,400.00,100 גרם,false,1,10.90,2.73,true,1,
7296073377269,false,פולי סויה אדממה 454 גרם,,CN,פולי סויה אדממה,גרמים,454.00,100 גרם,false,1,10.10,2.22,true,1,
7296073379263,false,מרכך מרוכז DIVING DEEP,,IL,מרכך מרוכז ספא,ליטרים,1.00,ליטר,false,1,11.00,11.00,true,1,
7296073379300,false,ג'ל כביסה מרוכז לבן 3 ל,,IL,ג'ל כביסה מרוכז,ליטרים,3.00,ליטר,false,1,24.70,8.23,true,1,
7296073379324,false,ג'ל כביסה מרוכז בייבי3ל,גליל כימיקלים בעמ,IL,ג'ל כביסה בייבי,ליטרים,3.00,ליטר,false,1,24.70,8.23,true,1,
7296073379331,false,רוטב לסלט ויניגרט חרדל,,IL,ויניגרט חרדל,גרמים,280.00,100 גרם,false,1,12.90,4.61,true,1,
7296073379348,false,רוטב לסלט ויניגרט הדרים,,IL,רוטב לסלט הדרים,גרמים,280.00,100 גרם,false,1,12.90,4.61,true,1,
7296073379560,false,אטריות שעועית ל.גלוטן250,,CN,אטריות שעועית,גרמים,250.00,100 גרם,false,1,6.70,2.68,true,1,
7296073379607,false,שניצל בקר  דק 250גרם,,IL,שניצל בקר דק,גרמים,250.00,100 גרם,false,1,17.00,6.80,true,1,
7296073379683,false,אגוז מוסקט טחון 40 גרם,א.ל ייצור ושיווק תבלינים,IL,אגוז מוסקט טחון,גרמים,40.00,100 גרם,false,1,14.40,36.00,true,1,
7296073380153,false,עגבניה שרי מנומר,עידו נחום,IL,שרי מנומר,גרמים,460.00,100 גרם,false,1,10.90,2.37,true,1,
7296073380160,false,עגבניה שרי כתום,עידו נחום,IL,עגבניות שרי כתום,גרמים,460.00,100 גרם,false,1,10.90,2.37,true,1,
7296073380665,false,מברשת התרת קשרים שחורה,BE NOW,CN,מברשת התרת קשרים,יחידה,1.00,יחידה,false,1,29.80,29.80,true,1,
7296073380818,false,Be ג'ל רחצה אבוקדו 700 מ,קוסמטיקס,TR,Be ג'ל רחצה,מיליליטרים,700.00,"100 מ""ל",false,1,11.80,1.69,true,1,
7296073380825,false,Be ג'ל רחצה מקדמיה 700מ,קוסמטיקס,TR,Be ג'ל רחצה,מיליליטרים,700.00,"100 מ""ל",false,1,11.80,1.69,true,1,
7296073380832,false,Be ג'ל רחצה אורכידאה 700,קוסמטיקס,TR,Be ג'ל רחצה,מיליליטרים,700.00,"100 מ""ל",false,1,11.80,1.69,true,1,
7296073380870,false,דאו לגבר,,,דאו לגבר,יחידה,1.00,יחידה,false,0,8.50,8.50,true,1,
7296073380887,false,דאו לגבר,,,דאו לגבר,יחידה,1.00,יחידה,false,0,8.50,8.50,true,1,
7296073380894,false,דאו לגבר,,,דאו לגבר,יחידה,1.00,יחידה,false,0,8.50,8.50,true,1,
7296073380900,false,רצועות שעווה לע.עדין 16י,VIOCOX,ES,רצועות שעווה,יחידה,1.00,יחידה,false,1,18.70,18.70,true,1,
7296073380948,false,ג'ל אלכוהול 70%בניחוח ים,,TR,ג'ל אלכוהול 70%ב,מיליליטרים,200.00,"100 מ""ל",false,1,6.70,3.35,true,1,
7296073381181,false,קליפסים גודל בינוני זוג,BE NOW,CN,קליפסים גודל בינ,יחידה,1.00,יחידה,false,1,11.00,11.00,true,1,
7296073381228,false,"תחליב רחצה Rose 700 מ""ל",שופרסל,TR,תחליב רחצה,מיליליטרים,700.00,"100 מ""ל",false,1,11.00,1.57,true,1,
7296073381242,false,"תחליב רחצה Cotton700מ""",שופרסל,TR,תחליב רחצה,מיליליטרים,700.00,"100 מ""ל",false,1,11.00,1.57,true,1,
7296073382355,false,שוקולד מריר 84% 100 גרם,פריי )שוקולד(,CH,שוקולד מריר 84%,גרמים,100.00,100 גרם,false,1,9.30,9.30,true,1,
7296073382386,false,שוקולד מריר 75% 100 גרם,"שוקולד פריי בע""מ",CH,שוקולד מריר 75%,גרמים,100.00,100 גרם,false,1,9.30,9.30,true,1,
7296073382416,false,שוקולד מריר 90% 100 גרם,"שוקולד פריי בע""מ",CH,שוקולד מריר 90%,גרמים,100.00,100 גרם,false,1,9.30,9.30,true,1,
7296073383604,false,חליטת קמומיל ולימונית25ש,,IL,חליטת קמומיל,גרמים,37.00,100 גרם,false,1,9.30,25.14,true,1,
7296073383628,false,תה ירוק עם מאצ''ה 37.5 ג,,IL,תה ירוק עם מאצ'ה,גרמים,37.00,100 גרם,false,1,9.30,25.13,true,1,
7296073383635,false,חליטת יער 50 גרם,,IL,חליטת יער,גרמים,50.00,100 גרם,false,1,9.30,18.60,true,1,
7296073383642,false,חליטת כורכום וג'ינג'ר 50,,IL,חליטת כורכום,גרמים,50.00,100 גרם,false,1,9.30,18.60,true,1,
7296073384434,false,קציצות סג.גפילטע פיש350ג,,IL,קציצות עם דגים,גרמים,350.00,100 גרם,false,1,12.70,3.63,true,1,
7296073384779,false,פריפלצת אגס גזר דלעת120,פרוסלה,ES,פריפלצת אגס גזר,גרמים,120.00,100 גרם,false,1,3.80,3.17,true,1,
7296073384786,false,פריפלצת גזר בטטה 120 גרם,פרוסלה,ES,פריפלצת גזר בטטה,גרמים,120.00,100 גרם,false,1,3.80,3.17,true,1,
7296073384793,false,פריפלצת דלעת בטטה 120ג,פרוסלה,ES,פריפלצת דלעת,גרמים,120.00,100 גרם,false,1,3.80,3.17,true,1,
7296073385264,false,קורנישון מיני בצנצנת670ג,,IN,קורנישון מיני,גרמים,670.00,100 גרם,false,1,8.40,1.25,true,1,
7296073385769,false,פיסטוק קלוי וממולח 200ג,פיצוחי ציון,IL,פיסטוק קלוי,גרמים,200.00,100 גרם,false,1,19.50,9.75,true,1,
7296073386018,false,אגוזי מלך קלוף טבעי 150ג,פיצוחי ציון,US,אגוזי מלך טבעי,גרמים,150.00,100 גרם,false,1,11.00,7.33,true,1,
7296073386063,false,סכיני גילוח חד'פ לנשים 2,EDGEWELL,US,סכין גילוח 5 להב,יחידה,1.00,יחידה,false,1,17.00,17.00,true,1,
7296073386087,false,שקדים קלופים 200 גרם,פיצוחי ציון,IL,שקדים קלופים,גרמים,200.00,100 גרם,false,1,15.30,7.65,true,1,
7296073386124,false,גרעין דלעת קלוי במלח200ג,פיצוחי ציון,IL,גרעין דלעת קלוי,גרמים,200.00,100 גרם,false,1,10.10,5.05,true,1,
7296073386162,false,בננה ציפס 250גרם,פיצוחי ציון,IL,בננה ציפס,גרמים,250.00,100 גרם,false,1,10.10,4.04,true,1,
7296073386186,false,בוטן בקליפה קלוי וממולח,פיצוחי ציון,IL,בוטן בקליפה קלוי,גרמים,400.00,100 גרם,false,1,15.30,3.83,true,1,
7296073386247,false,עלי גפן ממולא.אורז 400 ג,אגה אזיר איסק סאניי,TR,עלי גפן ממולאים,גרמים,400.00,100 גרם,false,1,7.40,1.85,true,1,
7296073386414,false,נוזל לניקוי חלונות 1ליטר,,IL,נוזל לחלונות,ליטרים,1.00,ליטר,false,1,7.60,7.60,true,1,
7296073387053,false,תות בננה קפוא שופרסל 300,,RS,תות בננה קפוא,גרמים,300.00,100 גרם,false,1,14.40,4.80,true,1,
7296073387299,false,פלפל ננסי פיקנטי 670 גרם,,TR,פלפל ננסי פיקנטי,גרמים,670.00,100 גרם,false,1,11.00,1.64,true,1,
7296073388531,false,ביצי הפתעה 20*3ג LOL,,IT,ביצי הפתעה LOL,גרמים,60.00,100 גרם,false,1,11.80,19.67,true,1,
7296073388548,false,ביצי הפתעה PJMASK 20*3ג,,IT,ביצי הפתעה PJ,גרמים,60.00,100 גרם,false,1,11.80,19.67,true,1,
7296073388555,false,חליטת קמומיל 32.5 גרם,,IL,חליטת קמומיל,גרמים,32.00,100 גרם,false,1,9.30,29.07,true,1,
7296073388722,false,שמפו ש.רגיל ביוטין700מל,,TR,שמפו לשיער רגיל,מיליליטרים,700.00,"100 מ""ל",false,1,9.30,1.33,true,1,
7296073388777,false,מרכך ש.רגיל ביוטין700מל,,TR,מרכך לשיער רגיל,מיליליטרים,700.00,"100 מ""ל",false,1,9.30,1.33,true,1,
7296073388821,false,שוק.חלב ממולא ק.קרמל100ג,,CH,שוקולד חלב ממולא,גרמים,100.00,100 גרם,false,1,9.30,9.30,true,1,
7296073388845,false,שוק.מריר+קרם פירות100ג,"שוקולד פריי בע""מ",CH,שוקולד ממולא,גרמים,100.00,100 גרם,false,1,9.30,9.30,true,1,
7296073388852,false,שוק.חלב עם קרם דובדבן100,,CH,שוקולד חלב ממולא,גרמים,100.00,100 גרם,false,1,9.30,9.30,true,1,
7296073389163,false,מטבעות שוקולד חלב 36 גרם,"כרמית תעשיות ממתקים בע""\",IL,מטבעות שוקולד,גרמים,36.00,100 גרם,false,1,3.30,9.17,true,1,
7296073389422,false,"שמן זית אורגני 750 מ""ל",,IT,שמן זית אורגני,מיליליטרים,750.00,"100 מ""ל",false,1,25.50,3.40,true,1,
7296073389439,false,באגט ללא גלוטן,,IL,באגט ללא גלוטן,גרמים,240.00,100 גרם,false,1,13.50,5.63,true,1,
7296073389446,false,בגט גרעינים ללא גלוטן240,,IL,"בגט גרעינים לל""ג",גרמים,240.00,100 גרם,false,1,13.50,5.63,true,1,
7296073389460,false,לחם  בסגנון צרפתי 500 גר,,IL,לחם בסגנון צרפתי,גרמים,500.00,100 גרם,false,1,18.70,3.74,true,1,
7296073390015,false,פרכיות ציפוי שוק.קוקוס60,NETHERLANDS SANORICE,NL,פריכיות קטנות,גרמים,60.00,100 גרם,false,1,6.70,11.17,true,1,
7296073390206,false,עינוגי פקאן שופרסל 400 ג,בריגן קי ג'י,DE,עינוגי פקאן,גרמים,400.00,100 גרם,false,1,17.00,4.25,true,1,
7296073390213,false,ברנפלקס שופרסל 500 גרם,בריגן קי. ג'י,DE,ברנפלקס,גרמים,500.00,100 גרם,false,1,15.30,3.06,true,1,
7296073390275,false,לאבנה בקר5% שופרסל 200ג,,IL,לאבנה שופרסל,גרמים,200.00,100 גרם,false,1,8.40,4.20,true,1,
7296073390282,false,כדור מוצרלה שופרסל 200 ג,,IL,כדור מוצרלה,גרמים,200.00,100 גרם,false,1,7.60,3.80,true,1,
7296073390299,false,בייבי מוצרלה שופרסל150ג,,IL,בייבי מוצרלה,גרמים,200.00,100 גרם,false,1,11.00,5.50,true,1,
7296073390329,false,גבינת שמנת25% שופרסל200ג,,IL,גבינת שמנת,גרמים,200.00,100 גרם,false,1,9.30,4.65,true,1,
7296073390558,false,מטען קיר כפול אפל  2.1A,,CN,מטען קיר כפול,יחידה,1.00,יחידה,false,1,42.60,42.60,true,1,
7296073390572,false,מטען +USBכבל מיקרו כפול,בסט סין,CN,מטען +USBכבל מיק,יחידה,1.00,יחידה,false,1,55.40,55.40,true,1,
7296073390916,false,שווארמה מג'דרה 550 גרם,סי.אי.פי מבוא חורון,IL,שווארמה מג'דרה,גרמים,550.00,100 גרם,false,1,32.30,5.87,true,1,
7296073390923,false,נודלס עוף שופרסל 550 גרם,סי.אי.פי מבוא חורון,IL,נודלס עוף,גרמים,550.00,100 גרם,false,1,32.30,5.87,true,1,
7296073390930,false,עוף סצ'ואן שופרסל 550 גר,סי.אי.פי מבוא חורון,IL,עוף סצ'ואן,גרמים,550.00,100 גרם,false,1,32.30,5.87,true,1,
7296073390947,false,חטיף פרכיות שוק.מריר18*5,בנליין פודס,RS,חטיפי פריכיות,גרמים,90.00,100 גרם,false,1,9.30,10.33,true,1,
7296073391661,false,מטליות מיקרופייבר גדול2י,סין,CN,מטליות לרצפה 2יח,יחידה,1.00,יחידה,false,1,17.00,17.00,true,1,
7296073392927,false,"חטיף תירס וקטניות לל""ג60",,IT,חטיף תירס+קטניות,גרמים,60.00,100 גרם,false,1,8.40,14.00,true,1,
7296073392934,false,נייר טואלט גליל כפול24יח,,IL,נייר טואלט 24 גל,מטרים,860.00,100 מטר,false,1,40.00,4.65,true,1,
7296073393108,false,קפה נמס קלאסי 200 גרם,,ES,קפה נמס קלאסי,גרמים,200.00,100 גרם,false,1,17.80,8.90,true,1,
7296073393122,false,קפה נמס בריסטה 200 גרם,,ES,קפה נמס בריסטה,גרמים,200.00,100 גרם,false,1,17.80,8.90,true,1,
7296073393573,false,גרנולה שוקולד ופקאן 370ג,בריגן קי ג'י,DE,גרנולה שוקולד,גרמים,370.00,100 גרם,false,1,15.30,4.14,true,1,
7296073393580,false,פת פריכה ל.גלוטן200ג,,CZ,פת פריכה ל.גלוטן,גרמים,200.00,100 גרם,false,1,8.50,4.25,true,1,
7296073393610,false,נוזל כלים 24% לימון 750מ,קומפלקס כימיקלים בעמ,IL,נוזל כלים לימון,מיליליטרים,750.00,"100 מ""ל",false,1,9.30,1.24,true,1,
7296073393627,false,נוזל כלים תפוח 24% 750מל,,IL,נוזל כלים תפוח,מיליליטרים,750.00,"100 מ""ל",false,1,9.30,1.24,true,1,
7296073393634,false,נוזל כלים לימון+משאבה1ל,,IL,נוזל כלים לימון,ליטרים,1.00,ליטר,false,1,10.10,10.10,true,1,
7296073393641,false,נוזל כלים תפוח+משאבה 1ל,,IL,נוזל כלים תפוח,ליטרים,1.00,ליטר,false,1,10.10,10.10,true,1,
7296073394662,false,אבוקדו בשל מוכן לאכילה,"מור בריאות בע""מ",IL,אבוקדו בשל,יחידה,1.00,יחידה,false,1,9.90,9.90,true,1,
7296073395157,false,משקה אנרגיהFIREשופרסל250,אקו וויט,PL,משקה אנרגיה,מיליליטרים,250.00,"100 מ""ל",false,1,3.10,1.24,true,1,
7296073395171,false,כבל מקורי מיקרו סמסונג,בסט סין,CN,כבל מקורי מיקרו,יחידה,1.00,יחידה,false,1,25.50,25.50,true,1,
7296073396314,false,בייבי גאודה עיזים 280 גר,,NL,בייבי גאודה,גרמים,280.00,100 גרם,false,1,31.50,11.25,true,1,
7296073396505,false,תרד ניו זילנדי,יגור חקלאות ועסקים,IL,תרד ניו זילנדי,גרמים,200.00,100 גרם,false,1,10.90,5.45,true,1,
7296073396659,false,מאגדת גלידת סנדוויץ וניל,גלידות פלדמן,IL,מאגדת גלידת סנדו,גרמים,560.00,100 גרם,false,1,25.50,4.55,true,1,
7296073396666,false,כדורי שוקו מופחת סוכר450,,LT,דגני בוקר,גרמים,450.00,100 גרם,false,1,11.00,2.44,true,1,
7296073396819,false,אייס קפה קר אספרסו 250מ,ברגלנד מילך,AT,אייס קפה אספרסו,מיליליטרים,250.00,"100 מ""ל",false,1,5.60,2.24,true,1,
7296073396826,false,"אייס קפה קר לאטה 250 מ""ל",ברגלנד מילך,AT,אייס קפה קר לאטה,מיליליטרים,250.00,"100 מ""ל",false,1,5.60,2.24,true,1,
7296073396833,false,אייס קפה קר קפוצינו 250מ,ברגלנד מילך,AT,אייס קפה קפוצינו,מיליליטרים,250.00,"100 מ""ל",false,1,5.60,2.24,true,1,
7296073396871,false,פלפל צ'ומה,א.ל. ייצור ושיווק תבליני,IL,פלפל צ'ומה,גרמים,250.00,100 גרם,false,1,11.80,4.72,true,1,
7296073396895,false,סלט שום כתוש,א.ל. ייצור ושיווק תבליני,IL,סלט שום כתוש,גרמים,250.00,100 גרם,false,1,11.80,4.72,true,1,
7296073396901,false,סחוג אדום,א.ל. ייצור ושיווק תבליני,IL,סחוג אדום,גרמים,130.00,100 גרם,false,1,7.60,5.85,true,1,
7296073397182,false,וופל Air קרם טעם שוקו150,,IL,וופל Air,גרמים,150.00,100 גרם,false,1,3.30,2.20,true,1,
7296073397328,false,מברשת ניקוי אסלה יחידה,TYF סחר,CN,מברשת ניקוי אסלה,יחידה,1.00,יחידה,false,1,4.10,4.10,true,1,
7296073397373,false,פומפה יחידה,TYF סחר,CN,פומפה,יחידה,1.00,יחידה,false,1,8.50,8.50,true,1,
7296073398141,false,תפוחונים ללא גלוטן22 גרם,,CN,"תפוחונים לל""ג",גרמים,22.00,100 גרם,false,1,3.30,15.00,true,1,
7296073398158,false,תפוחונים גרין1+5מארז132ג,,CN,תפוחונים מארז6יח,גרמים,132.00,100 גרם,false,1,11.80,8.94,true,1,
7296073398233,false,"סבון קוביה ברונזה 500מ""ל",אקסן קוסמטיק,TR,סבון קוביה,מיליליטרים,500.00,"100 מ""ל",false,1,8.40,1.68,true,1,
7296073398257,false,ברוקולי ארוז,אס. אי. לספרה,IL,ברוקולי ארוז,גרמים,350.00,100 גרם,false,1,10.90,3.11,true,1,
7296073398509,false,אצבעות שוקולד שופרסל200ג,,FR,אצבעות שוקולד,גרמים,200.00,100 גרם,false,1,10.10,5.05,true,1,
7296073398530,false,פסטה ט.לימון שופרסל400גר,,IT,פסטה ט.לימון,גרמים,400.00,100 גרם,false,1,10.10,2.53,true,1,
7296073398646,false,סלט טונה עם ירקות 250 גר,,IL,סלט טונה,גרמים,250.00,100 גרם,false,1,17.00,6.80,true,1,
7296073398660,false,סלט חציל תאילנדי 250 גרם,,IL,סלט חציל תאילנדי,גרמים,250.00,100 גרם,false,1,11.80,4.72,true,1,
7296073398684,false,חציל במיונז שופרסל 250 ג,,IL,סלט במיונז,גרמים,250.00,100 גרם,false,1,11.00,4.40,true,1,
7296073398691,false,חומוס אבו גוש שופרסל 250,,IL,חומוס אבו גוש,גרמים,250.00,100 גרם,false,1,11.00,4.40,true,1,
7296073398707,false,חומוס מסבחה שופרסל 250 ג,,IL,חומוס מסבחה,גרמים,250.00,100 גרם,false,1,11.00,4.40,true,1,
7296073398776,false,גלידת שמנת בטעם וניל,DESSERT DE,NL,גלידת שמנת וניל,מיליליטרים,500.00,"100 מ""ל",false,1,8.40,1.68,true,1,
7296073398875,false,קרם קרקר 250 גרם,"אפיפית נצרת (1971) בע""\מ",IL,קרם קרקר,גרמים,250.00,100 גרם,false,1,7.40,2.96,true,1,
7296073398936,false,מגב לחלון יחידה,TYF סחר,IT,מגב לחלון,יחידה,1.00,יחידה,false,1,6.80,6.80,true,1,
7296073398998,false,שמינייה סוללות AA,בסט סין,CN,שמינייה סוללות,יחידה,1.00,יחידה,false,1,14.40,14.40,true,1,
7296073399001,false,שמינייה סוללות AAA,בסט סין,CN,שמינייה סוללות,יחידה,1.00,יחידה,false,1,14.40,14.40,true,1,
7296073399544,false,חלב נטול לקטוז2% 1 ליטר,מחלבות רמת הגולן,IL,חלב נטול לקטוז,ליטרים,1.00,ליטר,false,1,6.70,6.70,true,1,
7296073400097,false,מטאטא לינאה יחידה,TYF סחר,IT,מטאטא לינאה,יחידה,1.00,יחידה,false,1,17.00,17.00,true,1,
7296073400103,false,מטאטא אנטי שוק יחידה,מיקסליר,IT,מטאטא,יחידה,1.00,יחידה,false,1,18.70,18.70,true,1,
7296073400110,false,מטאטא יח,מיקסליר,IT,מטאטא,יחידה,1.00,יחידה,false,1,17.00,17.00,true,1,
7296073400219,false,מקל 1.3 מטר יח,מיקסליר,IT,מקל 1.3 מטר יח,יחידה,1.00,יחידה,false,1,5.90,5.90,true,1,
7296073401063,false,שמן חמניות 1 ליטר,ברוקלמן,DE,שמן חמניות,ליטרים,1.00,ליטר,false,1,11.80,11.80,true,1,
7296073401568,false,סלט טחינה שופרסל 250 גרם,"סלטי שמיר 2006 בע""\מ",IL,סלט טחינה,גרמים,250.00,100 גרם,false,1,11.00,4.40,true,1,
7296073401575,false,חומוס מסעדות שופרסל250ג,"סלטי שמיר 2006 בע""\מ",IL,חומוס מסעדות,גרמים,250.00,100 גרם,false,1,11.00,4.40,true,1,
7296073402824,false,גלידת וניל עם שוקולד,פלקו,IL,גלידת וניל,ליטרים,1.40,ליטר,false,1,17.00,12.14,true,1,
7296073402879,false,גלידת שוקו נוגט,פלקו,IL,גלידת שוקו נוגט,ליטרים,1.40,ליטר,false,1,17.00,12.14,true,1,
7296073402886,false,גלידת וניל של פעם,פלקו,IL,גלידת וניל,ליטרים,1.40,ליטר,false,1,17.00,12.14,true,1,
7296073402893,false,גלידת וניל קפוצ'ינו,פלקו,IL,גלידת וניל קפוצ',ליטרים,1.40,ליטר,false,1,17.00,12.14,true,1,
7296073402978,false,"מלח אטלנטי 1 ק""ג",סולטס אן סולטס,PT,"מלח אטלנטי 1 ק""ג",קילוגרמים,1.00,"ק""ג",false,1,8.50,8.50,true,1,
7296073403142,false,סבון לאסלה לימון 50*3 גר,רנקסן,TR,סבון לאסלה לימון,גרמים,3.00,100 גרם,false,1,9.30,310.00,true,1,
7296073403241,false,ביצי שוק.מיני מ.הרפתק122,,IT,ביצי שוקולד מיני,גרמים,122.00,100 גרם,false,1,10.10,8.28,true,1,
7296073403425,false,קשקבל צ'אנק שופרסל 150 ג,קסוס דה סאלבדור,ES,גבינת קשקבל,גרמים,150.00,100 גרם,false,1,21.20,14.13,true,1,
7296073404194,false,מיונז אמיתי לחיץ 395 גרם,ACESUR,ES,מיונז לחיץ,גרמים,395.00,100 גרם,false,1,8.50,2.15,true,1,
7296073404200,false,ממרח מופחת קלוריות 409 ג,ACESUR,ES,ממרח לחיץ,גרמים,409.00,100 גרם,false,1,8.50,2.08,true,1,
7296073404279,false,"צלחת גדולה 1 ק""ג כ66- יח",,GR,צלחות גדולות,קילוגרמים,1.00,"ק""ג",false,1,38.30,38.30,true,1,
7296073404712,false,איטר.אורז רחב שופרסל400ג,,CN,איטריות אורז רחב,גרמים,400.00,100 גרם,false,1,9.80,2.45,true,1,
7296073404729,false,איט.אורז צרות שופרסל400ג,,CN,איטריות אורז צר,גרמים,400.00,100 גרם,false,1,9.80,2.45,true,1,
7296073404903,false,מיץ לימון טבעי זכוכית250,פולנגי,IT,מיץ לימון טבעי,מיליליטרים,250.00,"100 מ""ל",false,1,5.80,2.32,true,1,
7296073405467,false,שקיות אשפה חזקות XL 20י,,IL,שקיות אשפה,יחידה,1.00,יחידה,false,1,19.50,19.50,true,1,
7296073405481,false,שקיות אשפה חזקות XL 25,,IL,שקיות אשפה,יחידה,1.00,יחידה,false,1,19.50,19.50,true,1,
7296073405863,false,טחינה גול.מעודנת טבעי310,אר.ג'\י.אם תעשיות מזון ב,IL,טחינה גולמית,גרמים,310.00,100 גרם,false,1,10.10,3.26,true,1,
7296073406600,false,צ'יפס בטטה סגולה ובטטה85,,ES,צ'יפס בטטה סגולה,גרמים,85.00,100 גרם,false,1,8.50,10.00,true,1,
7296073406624,false,צ'יפס סלק ובטטה לבנה85ג,FOODS VIUBE,ES,צ'יפס סלק ובטטה,גרמים,85.00,100 גרם,false,1,8.50,10.00,true,1,
7296073407560,false,תמר סופר עסיסי,קטיף.,IL,תמר מגהול עסיסי,גרמים,500.00,100 גרם,false,1,29.90,5.98,true,1,
7296073408734,false,טירמיסו 82*2 גרם,,IL,טירמיסו 2 יחידות,גרמים,164.00,100 גרם,false,1,11.00,6.71,true,1,
7296073408789,false,מלבי שמנת 160*2 גרם,,IL,מלבי חלבי 2 יח',גרמים,320.00,100 גרם,false,1,11.00,3.44,true,1,
7296073408819,false,כדורי דגנים שוקולד50גרם,,LT,כדוגרי דגנים,גרמים,50.00,100 גרם,false,1,4.10,8.20,true,1,
7296073408826,false,טבעות דגנים עם דבש 50 גר,,LT,טבעות דגנים,גרמים,50.00,100 גרם,false,1,4.10,8.20,true,1,
7296073408833,false,ריבועי דגנים+קינמון 50גר,,LT,ריבועי דגנים,גרמים,50.00,100 גרם,false,1,4.10,8.20,true,1,
7296073408840,false,כדורי דגנים במתיקות 50 ג,,LT,כדורי דגנים,גרמים,50.00,100 גרם,false,1,4.10,8.20,true,1,
7296073408888,false,נייר אפייה 50 יחידות,,IL,נייר אפייה,יחידה,1.00,יחידה,false,1,9.30,9.30,true,1,
7296073408901,false,כפפות M לטקס עם אבקה,WEIFANG,CN,כפפות לטקס,יחידה,1.00,יחידה,false,1,25.50,25.50,true,1,
7296073408918,false,כפפות L לטקס 100,WEIFANG,CN,כפפות לטקס,יחידה,1.00,יחידה,false,1,25.50,25.50,true,1,
7296073409113,false,פופקורן טבעי 5 * 100 גרם,AST נובולוג,BG,פופקורן למיקרוגל,גרמים,500.00,100 גרם,false,1,11.00,2.20,true,1,
7296073409120,false,פופקורן מופחת שומן85*5גר,AST נובולוג,BG,פופקורן למיקרוגל,גרמים,425.00,100 גרם,false,1,11.00,2.59,true,1,
7296073409625,false,גאודה 34% שופרסל 200 ג,B.V KAAS HAZELEGER,NL,גבינת גאודה,גרמים,200.00,100 גרם,false,1,18.70,9.35,true,1,
7296073409649,false,גב.עיזים הולנד שופרסל200,B.V KAAS HAZELEGER,NL,גבינת עיזים,גרמים,200.00,100 גרם,false,1,22.90,11.45,true,1,
7296073409663,false,גאודה הולנדי פרוס34% 150,B.V KAAS HAZELEGER,NL,גבינת גאודה,גרמים,150.00,100 גרם,false,1,16.10,10.73,true,1,
7296073409670,false,גב.עיזים פרוס שופרסל150ג,B.V KAAS HAZELEGER,NL,גבינת עיזים,גרמים,150.00,100 גרם,false,1,18.70,12.47,true,1,
7296073409731,false,צמד פטריות שמפניון,מרינה,IL,צמד פטריות,גרמים,420.00,100 גרם,false,1,16.90,4.02,true,1,
7296073409908,false,מגשית בזיליקום שופרסל,דורות,IL,מגשית בזיליקום ש,גרמים,70.00,100 גרם,false,1,9.30,13.29,true,1,
7296073409922,false,מגשית ג'ינג'רכתוש שופרסל,דורות,IL,מגשית ג'ינג'ר כת,גרמים,70.00,100 גרם,false,1,9.30,13.29,true,1,
7296073410379,false,ביצים חופש L שופרסל 12יח,,,ביצים חופש 12יחL,יחידה,1.00,יחידה,false,0,18.30,18.30,true,1,
7296073410423,false,ביצים אומגהL שופרסל 12יח,,,ביצים אומגה12יחL,יחידה,1.00,יחידה,false,0,20.00,20.00,true,1,
7296073410430,false,ביצים אומגהL שופרסל30יח,,,ביצים אומגה30יחL,יחידה,1.00,יחידה,false,0,41.70,41.70,true,1,
7296073411215,false,מרכך כביסה פרחי בר 1ל,,IL,מרכך כביסה מרוכז,ליטרים,1.00,ליטר,false,1,12.70,12.70,true,1,
7296073411222,false,מרכך כביסה פריחת אביב 1ל,"סאסאטק אגש""ח בע""מ",IL,מרכך כביסה מרוכז,ליטרים,1.00,ליטר,false,1,12.70,12.70,true,1,
7296073412311,false,שקד מסוכר 150גרם,ששון ושות,IL,שקד מסוכר,גרמים,150.00,100 גרם,false,1,11.00,7.34,true,1,
7296073412335,false,אגוזי קאשיו מסוכרים 150ג,ששון,IL,קאשיו מסוכר,גרמים,150.00,100 גרם,false,1,11.80,7.87,true,1,
7296073413233,false,חסה עגולה ארוזה,"משק אסף פרחי בע""מ",IL,חסה עגולה,גרמים,200.00,100 גרם,false,1,7.90,3.95,true,1,
7296073413257,false,חסה לבבות,"משק אסף פרחי בע""מ",IL,חסה לבבות,גרמים,350.00,100 גרם,false,1,10.90,3.11,true,1,
7296073413325,false,ביסקוויט שוקולד חלב150גר,,ES,ביסקוויט שוקולד,גרמים,150.00,100 גרם,false,1,8.40,5.60,true,1,
7296073413332,false,ביסקוויט שוקולד מריר150ג,,ES,ביסקוויט שוקולד,גרמים,150.00,100 גרם,false,1,8.40,5.60,true,1,
7296073413349,false,ביסקוויט שוקולד לבן150ג,,ES,ביסקוויט שוקולד,גרמים,150.00,100 גרם,false,1,8.40,5.60,true,1,
7296073413424,false,צנונית,חבל מעון,IL,צנונית,גרמים,400.00,100 גרם,false,1,6.90,1.73,true,1,
7296073413844,false,צמד הודו עוף+סלמי 800 גר,,IL,צמדהודועוף+סלמי,גרמים,800.00,100 גרם,false,1,23.80,2.98,true,1,
7296073414094,false,אטבי כביסה מסיליקון 24יח,נינגבו ארט,CN,אטבי כביסה 24 יח,יחידה,1.00,יחידה,false,1,17.00,17.00,true,1,
7296073414278,false,עגבניות חתוכות דק 400*3ג,פריניר,IL,עגבניות חתוכות3*,קילוגרמים,1.20,"ק""ג",false,1,11.00,9.17,true,1,
7296073414407,false,טחינה מלאה שופרסל 900 גר,,IL,טחינה מלאה,גרמים,900.00,100 גרם,false,1,18.70,2.08,true,1,
7296073414759,false,שמנת מתוקה24%להקצפה250מל,מחלבת רמת-הגולן,IL,שמנת מתוקה,מיליליטרים,250.00,"100 מ""ל",false,1,5.30,2.12,true,1,
7296073414766,false,"שמנת לבישול 10% 250 מ""ל",מחלבת רמת-הגולן,IL,שמנת לבישול,מיליליטרים,250.00,"100 מ""ל",false,1,6.30,2.52,true,1,
7296073414971,false,נוזל כלים פרחי בר 1ליטר,,IL,נוזל כלים פרח בר,ליטרים,1.00,ליטר,false,1,10.10,10.10,true,1,
7296073414988,false,פלפלים ממולאים שופרסל400,אגה אזיר איסק סאניי,TR,פלפלים ממולאים,גרמים,400.00,100 גרם,false,1,7.60,1.90,true,1,
7296073414995,false,חצילים ממולאים שופרסל400,אגה אזיר איסק סאניי,TR,חצילים ממולאים,גרמים,400.00,100 גרם,false,1,7.60,1.90,true,1,
7296073415084,false,2תחבושות סופר+ עם כנפיים,קוראטקס,DE,תחבושות B,יחידה,1.00,יחידה,false,1,11.50,11.50,true,1,
7296073415114,false,מגני תחתון נורמל 60 יח,קוראטקס,DE,מגני תחתון B,יחידה,1.00,יחידה,false,1,11.80,11.80,true,1,
7296073415138,false,44 מגני תחתון לונג,קוראטקס,DE,מגני תחתון B,יחידה,1.00,יחידה,false,1,11.80,11.80,true,1,
7296073415152,false,60מגני תחתון לנערות פלקס,קוראטקס,DE,מגני תחתון B,יחידה,1.00,יחידה,false,1,11.80,11.80,true,1,
7296073415336,false,טחינה עם שום בקבוק  300ג,,IL,טחינה עם שום,גרמים,300.00,100 גרם,false,1,12.70,4.23,true,1,
7296073415558,false,שניצל תירס צמחוני 750 גר,"טיבון ויל אחזקות בע""\מ",IL,שניצל תירס צמחונ,גרמים,750.00,100 גרם,false,1,17.00,2.27,true,1,
7296073415572,false,שניצלוני תירס צמחוני 650,"טיבון ויל אחזקות בע""\מ",IL,שניצלוני תירס צמ,גרמים,650.00,100 גרם,false,1,17.00,2.62,true,1,
7296073416012,false,תפוחונים קינמון 1+5מארז,,CN,תפוחונים 6 יח,גרמים,132.00,100 גרם,false,1,11.80,8.94,true,1,
7296073416036,false,פופקורן בטעם חמאה100*5גר,AST נובולוג,BG,פופקורן למיקרוגל,גרמים,500.00,100 גרם,false,1,11.00,2.20,true,1,
7296073416098,false,מי קוקוס טבעי אורגני 1 ל,,VN,מי קוקוס טבעי,ליטרים,1.00,ליטר,false,1,13.50,13.50,true,1,
7296073416111,false,"מי קוקוס אננס 330 מ""ל",,VN,מי קוקוס אננס,מיליליטרים,330.00,"100 מ""ל",false,1,7.30,2.21,true,1,
7296073417422,false,מלפפון בייבי,משק גל,IL,מלפפון בייבי,גרמים,350.00,100 גרם,false,1,10.90,3.11,true,1,
7296073417439,false,קישוא זוקיני,משק גל,IL,קישוא זוקיני,קילוגרמים,0.00,"ק""ג",true,1,12.90,12.90,true,1,
7296073420323,false,פריכיות כוסמת אורגנית160,,IL,פריכיות כוסמת,גרמים,160.00,100 גרם,false,1,8.40,5.25,true,1,
7296073420330,false,פריכיות כוסמת ללא מלח160,,IL,פריכיות כוסמת,גרמים,160.00,100 גרם,false,1,8.40,5.25,true,1,
7296073421702,false,"מגב פטנט 40 ס""מ יחידה",מיקסליר,IT,"מגב פטנט 40 ס""מ",יחידה,1.00,יחידה,false,1,21.20,21.20,true,1,
7296073421719,false,"מגב רצפה 40ס""מ יחידה",מיקסליר,IT,"מגב רצפה 40ס""מ",יחידה,1.00,יחידה,false,1,9.30,9.30,true,1,
7296073421801,false,גבינת פרמזן30% 200ג שופר,אמברוסי,IT,גבינת פרמזן,גרמים,200.00,100 גרם,false,1,22.10,11.05,true,1,
7296073421818,false,גבינת פרמזן30% מגורד100ג,אמברוסי,IT,גבינת פרמזן,גרמים,100.00,100 גרם,false,1,9.30,9.30,true,1,
7296073421825,false,גרנה פדנו29%שופרסל200ג,אמברוסי,IT,גרנה פדנו,גרמים,200.00,100 גרם,false,1,22.90,11.45,true,1,
7296073421832,false,גרנה פדנו מגורדת29% 100ג,אמברוסי,IT,גרנה פדנו מגורדת,גרמים,100.00,100 גרם,false,1,8.40,8.40,true,1,
7296073422211,false,שעועית ירוקה טרייה שטופה,גיזרונים,IL,שעועית ירוקה טרי,גרמים,410.00,100 גרם,false,1,15.90,3.88,true,1,
7296073422617,false,נבטי אלפלפא 120גרם,נבטי איילון,IL,נבטי אלפלפא,גרמים,120.00,100 גרם,false,1,7.90,6.58,true,1,
7296073422624,false,נבטי חמניות 150גרם,נבטי איילון,IL,נבטי חמניות,גרמים,150.00,100 גרם,false,1,8.90,5.93,true,1,
7296073422655,false,נבטים סיניים 220גרם,נבטי איילון,IL,נבטים סיניים,גרמים,220.00,100 גרם,false,1,7.90,3.59,true,1,
7296073422662,false,נבטוטים 250גרם,נבטי איילון,IL,נבטוטים,גרמים,250.00,100 גרם,false,1,8.90,3.56,true,1,
7296073422693,false,אנדיב / עולש,חוות תקוע,IL,אנדיב / עולש,גרמים,220.00,100 גרם,false,1,12.90,5.86,true,1,
7296073423126,false,לקט עלי סלנובה ועלי בייב,"פרסקו חצבה 2006 בע""\מ",IL,לקטסלנובה ובייבי,גרמים,200.00,100 גרם,false,1,12.90,6.45,true,1,
7296073423645,false,פתי בר שופרסל 300 גרם,BV BISCUIT PALLY,NL,פתי בר,גרמים,300.00,100 גרם,false,1,4.10,1.37,true,1,
7296073423652,false,קרקרים בסגנון איטלקי180ג,יורוסנאקס,IT,חטיפי מיני קרקר,גרמים,180.00,100 גרם,false,1,7.60,4.22,true,1,
7296073423669,false,קרקר שמן זית וזיתים180גר,יורוסנאקס,IT,חטיפי מיני קרקר,גרמים,180.00,100 גרם,false,1,7.60,4.22,true,1,
7296073424581,false,טורטיה קמח כוסמין 320גרם,PIP D.O.O,RS,טורטיה כוסמין,גרמים,320.00,100 גרם,false,1,9.30,2.91,true,1,
7296073424697,false,קוואקר ש.שועל בפחית500ג,ZO SP. POLSER,AE,קוואקר ש.שועל פח,גרמים,500.00,100 גרם,false,1,9.30,1.86,true,1,
7296073426523,false,חלב אורגני גרין 3% 1 ל,מחלבות רמת הגולן,IL,חלב אורגני גרין,ליטרים,1.00,ליטר,false,1,8.40,8.40,true,1,
7296073426530,false,חלב אורגני גרין 1% 1ליטר,מחלבות רמת הגולן,IL,חלב אורגני גרין,ליטרים,1.00,ליטר,false,1,8.40,8.40,true,1,
7296073426592,false,עוג.ללא גלוטן שוקו150ג,,IT,עוגיות ללא גלוטן,גרמים,150.00,100 גרם,false,1,10.10,6.73,true,1,
7296073426608,false,עוג.ללא גלוטן  לימון150ג,,IT,עוגיות ללא גלוטן,גרמים,150.00,100 גרם,false,1,10.10,6.73,true,1,
7296073428343,false,מסיר שומנים 1 ליטר,קומפלקס כימיקלים,IL,מסיר שומנים,ליטרים,1.00,ליטר,false,1,10.10,10.10,true,1,
7296073428497,false,בורקס פטריות שופרסל 800,גידרון,IL,בורקס פטריות,גרמים,800.00,100 גרם,false,1,17.00,2.13,true,1,
7296073428503,false,אקונומיקה בישום עוצמתי4ל,סאסאטק,IL,אקונומיקה מבושמת,ליטרים,4.00,ליטר,false,1,14.40,3.60,true,1,
7296073429012,false,מנקה ומבשם רצפות אדום 2ל,ספידי תעשיות,IL,מנקה ומבשם רצפות,ליטרים,2.00,ליטר,false,1,12.80,6.40,true,1,
7296073429210,false,מסיר אבנית למקלחון 1 ל,"סאסאטק אגש""ח בע""מ",IL,מסיר אבנית מרסס,ליטרים,1.00,ליטר,false,1,12.70,12.70,true,1,
7296073429265,false,חיטוי וניקוי+חומץ 750מל,"סאסאטק אגש""ח בע""מ",IL,מרסס חיטוי כללי,מיליליטרים,750.00,"100 מ""ל",false,1,12.70,1.69,true,1,
7296073429753,false,ניילון נצמד בחיתוך קל,,CN,ניילון נצמד,מטרים,150.00,מטר,false,1,17.00,0.11,true,1,
7296073429807,false,ממרח בזיליקום ואגוזים180,"פרסקו חצבה 2006 בע""\מ",IL,פסטו,גרמים,180.00,100 גרם,false,1,11.00,6.11,true,1,
7296073429814,false,צימצורי שופרסל 180 גרם,"פרסקו חצבה 2006 בע""\מ",IL,צימצורי,גרמים,180.00,100 גרם,false,1,11.00,6.11,true,1,
7296073429838,false,סחוג אדום 180 גרם,"פרסקו חצבה 2006 בע""\מ",IL,סחוג אדום,גרמים,180.00,100 גרם,false,1,11.00,6.11,true,1,
7296073429890,false,"אורז בסמטי שופרסל 1 ק""ג",צמן,IN,אורז בסמטי,קילוגרמים,1.00,"ק""ג",false,1,10.10,10.10,true,1,
7296073430599,false,קפסולות מס 14 לנספרסו50ג,DELICA,CH,קפסולות מס 14,גרמים,50.00,100 גרם,false,1,13.50,27.00,true,1,
7296073430605,false,קפסולות מס 13 לנספרסו50ג,DELICA,CH,קפסולות מס 13,גרמים,50.00,100 גרם,false,1,13.50,27.00,true,1,
7296073430636,false,אבוקדו ארוז ברשת,גרנות,IL,אבוקדו ברשת,קילוגרמים,0.00,"ק""ג",true,1,9.90,9.90,true,1,
7296073431114,false,רביולי תרד פרימיום 300 ג,פסטה נונה,IL,רביולי תרד פרימי,גרמים,300.00,100 גרם,false,1,17.00,5.67,true,1,
7296073431121,false,רביולי גבינה פרימיום 300,פסטה נונה,IL,רביולי גבינה פרי,גרמים,300.00,100 גרם,false,1,17.00,5.67,true,1,
7296073431152,false,מיקס עגבניה שרי,עידו נחום,IL,מיקס עגבניות שרי,גרמים,460.00,100 גרם,false,1,10.90,2.37,true,1,
7296073431244,false,גאודה נטול לקטוז 150 גרם,,PL,גאודה נטול לקטוז,גרמים,150.00,100 גרם,false,1,6.40,4.27,true,1,
7296073431565,false,"צלחת קנה סוכר ""10 25 יחי",,CN,צלחות מקנה סוכר,יחידה,1.00,יחידה,false,1,15.30,15.30,true,1,
7296073431572,false,"צלחת קנה סוכר ""9 25 יחי",,CN,צלחת קנה סוכר,יחידה,1.00,יחידה,false,1,12.70,12.70,true,1,
7296073431589,false,"צלחת קנה סוכר ""7 25 יחי",,CN,צלחת קנה סוכר,יחידה,1.00,יחידה,false,1,8.40,8.40,true,1,
7296073431596,false,מרקייה קנה סוכר 25 יחידו,,CN,מרקיות מקנה סוכר,יחידה,1.00,יחידה,false,1,12.70,12.70,true,1,
7296073431862,false,עוגת מאפין שוקו וניל500ג,גידרון,IL,עוגת מאפין שיש,גרמים,500.00,100 גרם,false,1,17.00,3.40,true,1,
7296073431879,false,עוגת מאפין שוקו צ'יפס500,גידרון,IL,מאפין שוקוצ'יפס,גרמים,500.00,100 גרם,false,1,17.00,3.40,true,1,
7296073431893,false,עוגת מאפין אגוזים 500גרם,,IL,מאפין אגוזים,גרמים,550.00,100 גרם,false,1,17.00,3.09,true,1,
7296073431909,false,עוגת מאפין תפוח עץ500גרם,גידרון,IL,מאפין תפוח  עץ,גרמים,500.00,100 גרם,false,1,17.00,3.40,true,1,
7296073431916,false,עוגת מאפין תפוז 500גרם,גידרון,IL,מאפין בטעם תפוז,גרמים,500.00,100 גרם,false,1,17.00,3.40,true,1,
7296073432265,false,פס גבינה אפוי .,גידרון,IL,פס גבינה אפוי,יחידה,1.00,יחידה,false,1,40.90,40.90,true,1,
7296073432326,false,מטלית אנטיבקטראל למשטחים,LTD Y.B.T.C,CN,מטלית למשטחים,יחידה,1.00,יחידה,false,1,5.90,5.90,true,1,
7296073432937,false,מטליות אנטיבקטריאליות2יח,סדובסקי,CN,מטליות מיקרו,יחידה,1.00,יחידה,false,1,11.00,11.00,true,1,
7296073432944,false,סט מטליות מיקרופייבר5יח,סדובסקי,CN,סט מטליות מיקרו,יחידה,1.00,יחידה,false,1,14.40,14.40,true,1,
7296073440109,false,קפסולות לכביסה 36 יחידות,גליל כימיקלים בעמ,IL,קפסולות לכביסה,יחידה,1.00,יחידה,false,1,29.00,29.00,true,1,
7296073440956,false,קינואה שופרסל זיפר 500 ג,"הנמל אריזות ושיווק בע""\מ",PE,קינואה זיפר,גרמים,500.00,100 גרם,false,1,13.50,2.70,true,1,
7296073441083,false,חמוציות ברכז תפוחים 200ג,ששון,US,חמוציות ברכז תפו,גרמים,200.00,100 גרם,false,1,12.70,6.35,true,1,
7296073441335,false,פריכיות אורז מלא 110 גרם,"פרח תעשיות מזון בע""\מ",IL,פריכיות אורז מלא,גרמים,110.00,100 גרם,false,1,5.90,5.36,true,1,
7296073441373,false,פריכיות חומוס וצ'יה110ג,"פרח תעשיות מזון בע""\מ",IL,פריכיות חומוס,גרמים,110.00,100 גרם,false,1,9.30,8.45,true,1,
7296073441625,false,ג'ל רחצה לגבר,,,ג'ל רחצה לגבר,יחידה,1.00,יחידה,false,0,7.60,7.60,true,1,
7296073441861,false,ספריי להסרת שומנים750מל,זוהר דליה,IL,ספריי לשומנים,מיליליטרים,750.00,"100 מ""ל",false,1,5.80,0.77,true,1,
7296073441885,false,כריות יפניות אנטיבקטריאל,פלסטו פוליש,IL,כריות יפניות,יחידה,1.00,יחידה,false,1,9.30,9.30,true,1,
7296073442226,false,צדפים דגנים ט.שוקולד500ג,CERERA,LT,דגנים צדפים,גרמים,500.00,100 גרם,false,1,11.00,2.20,true,1,
7296073442967,false,מלפפון בייבי,גונן שדה,IL,מלפפון בייבי,גרמים,350.00,100 גרם,false,1,10.90,3.11,true,1,
7296073444145,false,"תמר מג'הול מעולה 1ק""ג",הדיקלאים,IL,תמר מג'הול מעולה,קילוגרמים,1.00,"ק""ג",false,1,26.90,26.90,true,1,
7296073444190,false,ברוקולי 350גרם,מרינה,IL,ברוקולי,גרמים,350.00,100 גרם,false,1,10.90,3.11,true,1,
7296073444220,false,42 חיתולים שלב 4 שופרסל,די.פי.אל תעשיות מוצרים ח,IL,חיתולים שופרסל,יחידה,1.00,יחידה,false,1,25.50,25.50,true,1,
7296073444657,false,עוגיות קרם תות,גידרון,IL,עוגיות קרם תות,גרמים,500.00,100 גרם,false,1,15.30,3.06,true,1,
7296073445159,false,תחתיות ארטישוק 400 גרם,INDUSTRY FOOD FOR SILVA,EG,תחתיות ארטישוק,גרמים,400.00,100 גרם,false,1,11.80,2.95,true,1,
7296073445166,false,במיה קפואה 600 גרם,INDUSTRY FOOD FOR SILVA,IL,במיה 600 גרם,גרמים,600.00,100 גרם,false,1,11.80,1.97,true,1,
7296073445524,false,סבון ידיים Northern מ500,,,סבון ידיים+משאבה,יחידה,1.00,יחידה,false,0,4.10,4.10,true,1,
7296073445548,false,"מכשיר גילוח ר""פ לנשים2+",EDGEWELL,US,מ.גילוח לנשים,יחידה,1.00,יחידה,false,1,31.50,31.50,true,1,
7296073445555,false,סכיני גילוח רב''פ לנשים,EDGEWELL,US,סכיני גילוח נשים,יחידה,1.00,יחידה,false,1,27.20,27.20,true,1,
7296073445579,false,תמר מגהול אורגני פרימ500,הדקלאים,IL,תמר מג'הול,גרמים,500.00,100 גרם,false,1,19.90,3.98,true,1,
7296073445678,false,קצף אקונומיקה לוונדר 1 ל,קומפלקס כימיקלים,IL,קצף אקונומיקה,ליטרים,1.00,ליטר,false,1,8.50,8.50,true,1,
7296073445685,false,"מחית תפו""ע שופרסל 90 ג",DELAFRUIT,ES,"מחית תפו""ע",גרמים,90.00,100 גרם,false,1,4.10,4.56,true,1,
7296073445692,false,"מחית תפו""ע בננה שופרסל90",DELAFRUIT,ES,"מחית תפו""ע ובננה",גרמים,90.00,100 גרם,false,1,4.10,4.56,true,1,
7296073445708,false,מחית תפוח אפרסק בננה 90ג,DELAFRUIT,ES,מחית מיקס פירות,גרמים,90.00,100 גרם,false,1,4.10,4.56,true,1,
7296073446989,false,גביעי ופל גלידריה ורוד88,גילרו,IL,גביעי וופל גלידר,גרמים,88.00,100 גרם,false,1,11.80,13.41,true,1,
7296073447108,false,קמח עמילן ללא גלוטן500,,IT,קמח בסיס עמילן,גרמים,500.00,100 גרם,false,1,12.70,2.54,true,1,
7296073447528,false,קרקר עגבניות ובזיליקו105,אלביסקו,GR,קרקר עגבניות,גרמים,105.00,100 גרם,false,1,6.70,6.38,true,1,
7296073447535,false,קרקר תרד ושמיר 105 גרם,אלביסקו,GR,קרקר תרד ושמיר,גרמים,105.00,100 גרם,false,1,6.70,6.38,true,1,
7296073447917,false,מגבונים לחיטוי וניקוי400,סאסאטק,IL,מגבונים לחיטוי,יחידה,1.00,יחידה,false,1,28.10,28.10,true,1,
7296073447955,false,גלידה בטעם טירמיסו,פלקו,IL,גלידת טירמיסו,ליטרים,1.40,ליטר,false,1,17.00,12.14,true,1,
7296073448112,false,חטיף ש.שועל+דבש42*5ג,"אפקטבעי בע""\מ",IL,חטיף שבולת שועל,גרמים,210.00,100 גרם,false,1,11.80,5.62,true,1,
7296073448136,false,חטיף ש.שועל שוק.מריר42*5,"אפקטבעי בע""\מ",IL,חטיף שבולת שועל,גרמים,210.00,100 גרם,false,1,11.80,5.62,true,1,
7296073448150,false,מברשת בקבוקים,פולסוס,CN,מברשת בקבוקים,יחידה,1.00,יחידה,false,1,9.30,9.30,true,1,
7296073448174,false,מברשת+יעה,פולסוס,CN,מברשת+יעה,יחידה,1.00,יחידה,false,1,13.50,13.50,true,1,
7296073448181,false,סט לשירותים,פולסוס,CN,סט לשירותים,יחידה,1.00,יחידה,false,1,13.50,13.50,true,1,
7296073449041,false,רביולי ארטישוק וגבינות,דורום תעשיות מזון ופסטה,IL,רביולי ארטישוק,גרמים,300.00,100 גרם,false,1,17.00,5.67,true,1,
7296073449881,false,מגבות נייר גליל כפול 6יח,שניב תעשיות נייר,IL,מגבות נייר,מטרים,130.00,מטר,false,1,17.00,0.13,true,1,
7296073450313,false,תות בננה תמר קפוא לשייק,D.O.O LAKI,RS,תות בננה תמר קפו,גרמים,450.00,100 גרם,false,1,18.70,4.15,true,1,
7296073450320,false,מנגו תות תמר קפוא לשייק,D.O.O LAKI,RS,מנגו תות תמר קפו,גרמים,450.00,100 גרם,false,1,18.70,4.15,true,1,
7296073450726,false,פריכי.משולש פלפל שחור30ג,"פרח תעשיות מזון בע""\מ",IL,פריכיות משולשים,גרמים,30.00,100 גרם,false,1,4.10,13.67,true,1,
7296073450733,false,פריכיות משולש ברביקיו30ג,"פרח תעשיות מזון בע""\מ",IL,פריכיות משולשים,גרמים,30.00,100 גרם,false,1,4.10,13.67,true,1,
7296073450740,false,פריכיות משולשים ט.טבעי30,"פרח תעשיות מזון בע""\מ",IL,פריכיות משולשים,גרמים,30.00,100 גרם,false,1,4.10,13.67,true,1,
7296073451044,false,3 מפות אל בד חלק 120*180,,CN,מפות אל בד,יחידה,1.00,יחידה,false,1,17.00,17.00,true,1,
7296073451273,false,דאו.ספריי  פרש שאוור150מ,סאסא קוסמטיקס,IL,דאו.ספריי אישה,מיליליטרים,150.00,"100 מ""ל",false,1,10.10,6.73,true,1,
7296073451303,false,"fresh showerדאו.רול50מ""ל",סאסא קוסמטיקס,IL,דאו.רול און אישה,מיליליטרים,50.00,"100 מ""ל",false,1,10.10,20.20,true,1,
7296073451914,false,פסטו בזיליקום שופרסל,"פרסקו חצבה 2006 בע""\מ",IL,פסטו בזיליקום שו,גרמים,180.00,100 גרם,false,1,12.70,7.06,true,1,
7296073451921,false,פסטו כוסברה שופרסל,"פרסקו חצבה 2006 בע""\מ",IL,פסטו כוסברה שופר,גרמים,180.00,100 גרם,false,1,12.70,7.06,true,1,
7296073451945,false,טפנד זיתים ירוקים שופרסל,"פרסקו חצבה 2006 בע""\מ",IL,טפנד זיתים ירוקי,גרמים,180.00,100 גרם,false,1,12.70,7.06,true,1,
7296073451952,false,ממרח שום שופרסל 180 גרם,"פרסקו חצבה 2006 בע""\מ",IL,ממרח שום שופרסל,גרמים,180.00,100 גרם,false,1,12.70,7.06,true,1,
7296073451976,false,ממרח עגבניות שופרסל,"פרסקו חצבה 2006 בע""\מ",IL,ממרח עגבניות שופ,גרמים,180.00,100 גרם,false,1,12.70,7.06,true,1,
7296073451983,false,ממרח קרם ארטישוק שופרסל,"פרסקו חצבה 2006 בע""\מ",IL,ממרח קרם ארטישוק,גרמים,180.00,100 גרם,false,1,12.70,7.06,true,1,
7296073452386,false,אושפלו פרגית 550 גרם,סי.אי.פי מבוא חורון,IL,אושפלו פרגית,גרמים,500.00,100 גרם,false,1,32.30,6.46,true,1,
7296073452577,false,מרשמלו ורוד לבן 180 גרם,"כרמית מזון בע""\מ",IL,מרשמלו ורוד לבן,גרמים,180.00,100 גרם,false,1,5.90,3.28,true,1,
7296073452584,false,מרשמלו טוויסטר 180 גרם,"כרמית מזון בע""\מ",IL,מרשמלו טוויסטר,גרמים,180.00,100 גרם,false,1,5.90,3.28,true,1,
7296073452645,false,גזר צבעוני,גזר שליט,IL,גזר צבעוני,גרמים,630.00,100 גרם,false,1,7.90,1.25,true,1,
7296073453932,false,אורז בסגנון מקסיקני250ג,מניופקטר,FR,תבשיל אורז,גרמים,250.00,100 גרם,false,1,7.60,3.04,true,1,
7296073453949,false,בורגול בסג.ים תיכוני250ג,מניופקטר,FR,תבשיל בורגול,גרמים,250.00,100 גרם,false,1,7.60,3.04,true,1,
7296073453956,false,אורז בסגנון הודי 250 גרם,מניופקטר,FR,אורז בסגנון הודי,גרמים,250.00,100 גרם,false,1,7.60,3.04,true,1,
7296073453963,false,תבשיל חיטה סג.איטלקי250ג,מניופקטר,FR,תבשיל חיטה,גרמים,250.00,100 גרם,false,1,7.60,3.04,true,1,
7296073453994,false,שניצל עוף דק בציפוי פריך,מילועוף,IL,שניצל עוף דק בצי,גרמים,700.00,100 גרם,false,1,25.50,3.64,true,1,
7296073454274,false,יוגורט BIO אורגני3% 180ג,מחלבות רמת הגולן,IL,יוגורט ביו 3%,גרמים,180.00,100 גרם,false,1,3.50,1.94,true,1,
7296073455356,false,טרליני בטעם טבעי 400 גרם,ATLANTE,IT,טרליני בטעם טבעי,גרמים,400.00,100 גרם,false,1,11.00,2.75,true,1,
7296073455387,false,טרליני עם שומר 400 גרם,ATLANTE,IT,טרליני עם שומר,גרמים,400.00,100 גרם,false,1,11.00,2.75,true,1,
7296073455417,false,טרליני בטעם בצל 400 גרם,ATLANTE,IT,טרליני בטעם בצל,גרמים,400.00,100 גרם,false,1,11.00,2.75,true,1,
7296073456360,false,עוגת גבינה פרורים 92*2גר,עדן קינוחים,IL,עוגת גבינה זוג,גרמים,184.00,100 גרם,false,1,11.00,5.98,true,1,
7296073457237,false,שוקולד עם עוגיות 100 גרם,דליקה,CH,שוקולד עם עוגיות,גרמים,100.00,100 גרם,false,1,5.30,5.30,true,1,
7296073457268,false,שוקולד חלב+נוגט וקרמל100,דליקה,CH,שוקולד חלב,גרמים,100.00,100 גרם,false,1,5.30,5.30,true,1,
7296073457572,false,עוגת גבינה אוכמניות92*2ג,עדן קינוחים,IL,עוגת גבינה זוג,גרמים,184.00,100 גרם,false,1,11.00,5.98,true,1,
7296073458029,false,יוגורט BIO אורגני1801.5%,מחלבות רמת הגולן,IL,יוגורט ביו 1.5%,גרמים,180.00,100 גרם,false,1,3.50,1.94,true,1,
7296073458036,false,תירס גמדי שלם במי מלח425,מאנפאקטור,TH,תירס גמדי שלם,גרמים,425.00,100 גרם,false,1,5.90,1.39,true,1,
7296073459231,false,קמח רב תכליתי ללא גלוטן,NIEDZWIADY MLYN,PL,קמח רב תכליתי,גרמים,500.00,100 גרם,false,1,16.10,3.22,true,1,
7296073459262,false,"אל סבון לתינוק 750מ""ל",BFF,TR,אל סבון לתינוק,מיליליטרים,750.00,"100 מ""ל",false,1,15.30,2.04,true,1,
7296073459309,false,ציפס בטטה זיגזג שופרסל,"תעשיות תפוגן בע""\מ",IL,ציפס בטטה זיגזג,גרמים,500.00,100 גרם,false,1,15.30,3.06,true,1,
7296073461968,false,בייגלה עם בצל מקורמל 200,אלקה קו,RO,בייגלה עם בצל,גרמים,200.00,100 גרם,false,1,9.30,4.65,true,1,
7296073461975,false,בייגלה עם דבש 200 גרם,אלקה קו,RO,בייגלה עם דבש,גרמים,200.00,100 גרם,false,1,9.30,4.65,true,1,
7296073461982,false,בייגלה עם עגבניות 200גרם,אלקה קו,RO,בייגלה +עגבניות,גרמים,200.00,100 גרם,false,1,9.30,4.65,true,1,
7296073472797,false,"קמח חיטה לבן מנופה 1 ק""ג","שטיבל בע""\מ",IL,קמח לבן מנופה,קילוגרמים,1.00,"ק""ג",false,1,6.70,6.70,true,1,
7296073472827,false,"קמח תופח לבן מנופה 1 ק""ג","שטיבל בע""\מ",IL,קמח תופח מנופה,קילוגרמים,1.00,"ק""ג",false,1,7.60,7.60,true,1,
7296073472841,false,"קמח חיטה מלא מנופה 1 ק""ג","שטיבל בע""\מ",IL,קמח חיטה מלאה,קילוגרמים,1.00,"ק""ג",false,1,7.60,7.60,true,1,
7296073472896,false,"קמח כוסמין מנופה 1 ק""ג","שטיבל בע""\מ",IL,קמח כוסמין מנופה,קילוגרמים,1.00,"ק""ג",false,1,11.80,11.80,true,1,
7296073473398,false,קציצות דגים ברוטב פיקנטי,סי.אי.פי מבוא חורון,IL,קציצות דגים ברוט,גרמים,650.00,100 גרם,false,1,32.30,4.97,true,1,
7296073473497,false,בולגרית מעודנת 5% 250 גר,מחלבות רמת הגולן,IL,בולגרית מעודנת,גרמים,250.00,100 גרם,false,1,15.20,6.08,true,1,
7296073473503,false,בולגרית 5% שופרסל 250 גר,מחלבות רמת הגולן,IL,גבינה בולגרית,גרמים,250.00,100 גרם,false,1,15.20,6.08,true,1,
7296073473510,false,בולגרית 16% שופרסל 250 ג,מחלבות רמת הגולן,IL,גבינה בולגרית,גרמים,250.00,100 גרם,false,1,15.20,6.08,true,1,
7296073473602,false,פיתה ציפס בטעם פפריקה90ג,SRL ONE,IT,פיתה צ'יפס,גרמים,90.00,100 גרם,false,1,5.50,6.11,true,1,
7296073473657,false,שקדי מרק ללא גלוטן 200 ג,"חיים טובים מזון בע""\מ",IL,שקדי מרק ל.גלוטן,גרמים,200.00,100 גרם,false,1,11.00,5.50,true,1,
7296073473671,false,עוגת תפוזים ללא גלוטן350,גידרון,IL,עוגת תפוזים,גרמים,350.00,100 גרם,false,1,17.00,4.86,true,1,
7296073473688,false,"עוגת שוקוציפס לל""ג350ג",גידרון,IL,עוגת שוקוציפס,גרמים,350.00,100 גרם,false,1,17.00,4.86,true,1,
7296073473817,false,פטוציני קונג'אק 270 גרם,MORNING EASTERN SICHUAN,CN,פטוצ'יני קונג'אק,גרמים,270.00,100 גרם,false,1,8.40,3.11,true,1,
7296073473824,false,נודלס קונג'אק ל.גלוטן270,MORNING EASTERN SICHUAN,CN,נודלס קונג'אק,גרמים,270.00,100 גרם,false,1,8.40,3.11,true,1,
7296073473916,false,תרסיס שמן זית כתית 150 מ,מאנפקטור,ES,תרסיס שמן,מיליליטרים,150.00,"100 מ""ל",false,1,13.50,9.00,true,1,
7296073484059,false,שמן סויה שופרסל 1 ליטר,סובנה,PT,שמן סויה,ליטרים,1.00,ליטר,false,1,10.10,10.10,true,1,
7296073484240,false,שקיות אוכל 150*2 יחידות,אשפלסט,IL,שקיות אוכל זוג,יחידה,1.00,יחידה,false,1,10.10,10.10,true,1,
7296073484332,false,קפסולות קפה 14 יחידות,DELICA,CH,סט 14 קפסולות,יחידה,1.00,יחידה,false,1,13.50,13.50,true,1,
7296073484462,false,"תחליב ושמפו 2 ב1- 750מ""ל",BFF,TR,תחליב ושמפו 2 ב1,מיליליטרים,750.00,"100 מ""ל",false,1,15.30,2.04,true,1,
7296073484783,false,תמצית וניל לאפייה 30 מל,מיה,IL,תמצית וניל אמיתי,מיליליטרים,30.00,"100 מ""ל",false,1,19.50,65.00,true,1,
7296073484981,false,קרם קוקוס 24%-22% 500מל,תאי קוקונט אל טי די,TH,קרם קוקוס,מיליליטרים,500.00,"100 מ""ל",false,1,8.40,1.68,true,1,
7296073484998,false,נוזל קוקוס 18%-17% 500גר,תאי קוקונט אל טי די,TH,נוזל קוקוס,מיליליטרים,500.00,"100 מ""ל",false,1,8.40,1.68,true,1,
7296073485018,false,מיוקטשופ 430 גרם,אסיור,ES,מיוקטשופ,גרמים,430.00,100 גרם,false,1,9.30,2.16,true,1,
7296073495758,false,חסה לאליק הידרופונית,יגור חקלאות ועסקים,IL,חסה לאליק הידרופ,גרמים,190.00,100 גרם,false,1,12.90,6.79,true,1,
7296073495857,false,טופו אורגני רך 300 גרם,"משק ויילר בע""\מ",IL,טופו אורגני,גרמים,300.00,100 גרם,false,1,8.40,2.80,true,1,
7296073496090,false,חט.פריכונים עם דבש80גרם,NETHERLANDS SANORICE,BE,חטיפי פריכונים,גרמים,80.00,100 גרם,false,1,6.40,8.00,true,1,
7296073496113,false,בצק פילו 500 גרם,ARABATZIS,GR,בצק פילו 500 גרם,גרמים,500.00,100 גרם,false,1,11.00,2.20,true,1,
7296073496144,false,זית ירוק נטולי גלעין390ג,"בית השיטה תעשיות בע""\מ",IL,זיתים ירוקים,גרמים,390.00,100 גרם,false,1,6.70,1.72,true,1,
7296073496151,false,זית קלמטה נטולי גלעין560,"בית השיטה תעשיות בע""\מ",IL,זיתי קלמטה,גרמים,560.00,100 גרם,false,1,10.10,1.80,true,1,
7296073496168,false,זיתים מרוקאי 340 גרם,"בית השיטה תעשיות בע""\מ",IL,זיתים מרוקאי,גרמים,340.00,100 גרם,false,1,10.10,2.97,true,1,
7296073496311,false,WOW קראנץ קרמל/טופי 90גר,INNOVATION WAWI,DE,WOW קראנץ ט.קרמל,גרמים,90.00,100 גרם,false,1,8.40,9.33,true,1,
7296073496328,false,WOW מריר נוגט ולוז 90גרם,INNOVATION WAWI,DE,WOW מריר נוגט,גרמים,90.00,100 גרם,false,1,8.40,9.33,true,1,
7296073496359,false,שוקו.במילוי קר.בוטנ110גר,INNOVATION WAWI,DE,שוקולד חלב,גרמים,110.00,100 גרם,false,1,8.50,7.73,true,1,
7296073496472,false,מגבוני נייר טואלט 56 יחי,דינמיק תעשיות מגבונים,IL,מגבוני נ.טואלט,יחידה,1.00,יחידה,false,1,6.70,6.70,true,1,
7296073496489,false,שעועית אדומה מושרית מבוש,פרי גליל,IL,שעועית אדומה מבו,גרמים,800.00,100 גרם,false,1,15.30,1.91,true,1,
7296073496496,false,עדשים ירוקות מבושלות 800,פרי גליל,IL,עדשים ירוקות מבו,גרמים,800.00,100 גרם,false,1,15.30,1.91,true,1,
7296073496601,false,קרם קוקוס אורגני 500 גרם,COCONUT THAI,TH,קרם קוקוס אורגני,מיליליטרים,500.00,"100 מ""ל",false,1,12.70,2.54,true,1,
7296073496618,false,חלב קוקוס אורגני 500 גרם,COCONUT THAI,TH,חלב קוקוס אורגני,מיליליטרים,500.00,"100 מ""ל",false,1,11.00,2.20,true,1,
7296073496625,false,מגבונים לחיטוי+ניקוי250י,סאסאטק,IL,מגבוני ניקוי דלי,יחידה,1.00,יחידה,false,1,19.50,19.50,true,1,
7296073496816,false,עגבניות מרוסקות400*3ג,S.P.A DAVIA,IT,עגבניות מרוסק3יח,קילוגרמים,1.20,"ק""ג",false,1,15.30,12.75,true,1,
7296073496823,false,עגבניות אורג.קוביות400ג,S.P.A DAVIA,IT,עגבניות אורגניות,גרמים,400.00,100 גרם,false,1,3.30,0.83,true,1,
7296073496830,false,עגבנ.אורגניות מקולפות400,S.P.A DAVIA,IT,עגבניות אורגניות,גרמים,400.00,100 גרם,false,1,3.30,0.83,true,1,
7296073497318,false,פול מטוגן 150גרם,ששון ושות,CN,פול מטוגן 150גרם,גרמים,150.00,100 גרם,false,1,10.10,6.73,true,1,
7296073497455,false,"פצפוצי אורז ללת""ס 450גרם",אשבול,IL,פצפוצי אורז,גרמים,450.00,100 גרם,false,1,15.30,3.40,true,1,
7296073497615,false,עוגיות קרמבו וניל 200 גר,"אפיפית נצרת (1971) בע""\מ",IL,עוגיות בטעם וניל,גרמים,200.00,100 גרם,false,1,5.00,2.50,true,1,
7296073497622,false,עוגיות קרמבו שוקו 200 גר,"אפיפית נצרת (1971) בע""\מ",IL,עוגיות בטעם שוקו,גרמים,200.00,100 גרם,false,1,5.00,2.50,true,1,
7296073497639,false,ביסקוויט חיות 180 גרם,"אפיפית נצרת (1971) בע""\מ",IL,ביסקוויט חיות,גרמים,180.00,100 גרם,false,1,5.00,2.78,true,1,
7296073497721,false,ש.שועל דקה ללא גלוטן500ג,,IL,שיבולת שועל דקה,גרמים,500.00,100 גרם,false,1,15.30,3.06,true,1,
7296073497738,false,ש.שועל עבה ללא גלוטן500ג,,IL,שבולת שועל עבה,גרמים,500.00,100 גרם,false,1,15.30,3.06,true,1,
7296073497745,false,עגבניות חתוכות דק400*3גר,לה דוריה,IT,3 עגבניות חתוכות,קילוגרמים,1.20,"ק""ג",false,1,13.50,11.25,true,1,
7296073497813,false,סילאן אורגני 900 גרם,FACTORY DATES BARAKAH AL,AE,סילאן אורגני,גרמים,900.00,100 גרם,false,1,21.20,2.36,true,1,
7296073513629,false,מגבוני ניקוי עם חומץ50יח,עלבד,IL,מגבוני ניקוי,יחידה,1.00,יחידה,false,1,8.40,8.40,true,1,
7296073513643,false,מגבונים לניקוי פרקט10יח,עלבד,IL,מגבונים לפרקט,יחידה,1.00,יחידה,false,1,10.10,10.10,true,1,
7296073514541,false,ברזלית 6 יחידות,"סדובסקי בע""\מ",CN,ברזלית 6 יחידות,יחידה,1.00,יחידה,false,1,12.90,12.90,true,1,
7296073514848,false,שזיף מגולען באריזת זיפר,PEYMAN,TR,שזיף מגולען,גרמים,200.00,100 גרם,false,1,12.70,6.35,true,1,
7296073514855,false,משמש מיובש באריזת זיפר,PEYMAN,TR,משמש מיובש,גרמים,200.00,100 גרם,false,1,12.70,6.35,true,1,
7296073514886,false,סט צלחות וינטאג' צבעוני,,CN,סט צלחות,יחידה,1.00,יחידה,false,1,34.10,34.10,true,1,
7296073515043,false,משחת שיניים פחם ומאצ'ה75,MENUFACLURER,BG,משחת שיניים,מיליליטרים,75.00,"100 מ""ל",false,1,17.00,22.67,true,1,
7296073515104,false,סירופ סילאן בצנצנת 900 ג,"טעמי הגליל בע""\מ",IL,סירופ סילאן,גרמים,900.00,100 גרם,false,1,13.50,1.50,true,1,
7296073515128,false,סירופ סילאן לחיץ 360 גרם,"טעמי הגליל בע""\מ",IL,סילאן בקבוק לחיץ,גרמים,360.00,100 גרם,false,1,11.40,3.17,true,1,
7296073515234,false,שורש כורכום יחידה,POMMER,IL,שורש כורכום,גרמים,120.00,100 גרם,false,1,11.90,9.92,true,1,
7296073515241,false,פרמג'יאנו רג'יאנו 150 גר,פורגרנה,IT,פרמג'יאנו רגיאנו,גרמים,150.00,100 גרם,false,1,24.70,16.47,true,1,
7296073515623,false,גבינה צהובה 28% 200 גרם,MLEKOVITA,PL,גבינה צהובה,גרמים,200.00,100 גרם,false,1,5.60,2.80,true,1,
7296073515630,false,גבינה צהובה 28% 400 גרם,MLEKOVITA,PL,גבינה צהובה,גרמים,400.00,100 גרם,false,1,11.20,2.80,true,1,
7296073515722,false,נבטי עדשים ירוקות יחידה,נבטי איילון,IL,נבטי עדשים ירוקו,יחידה,1.00,יחידה,false,1,6.90,6.90,true,1,
7296073515746,false,מלבי שמנת 150*2גרם,עדן קינוחים,IL,מלבי שמנת,גרמים,300.00,100 גרם,false,1,11.00,3.67,true,1,
7296073516156,false,גליל עיזים שופרסל 180 גר,"שלושת האופים בע""\מ",IL,גליל גבינת עיזים,גרמים,180.00,100 גרם,false,1,19.50,10.83,true,1,
7296073516187,false,רוקט 100גרם,בשמת,IL,רוקט,גרמים,100.00,100 גרם,false,1,9.90,9.90,true,1,
7296073516194,false,בזיליקום 100 גרם,בשמת,IL,בזיליקום,גרמים,100.00,100 גרם,false,1,9.90,9.90,true,1,
7296073516286,false,מגבונים לחים לילדים 72*4,"DPL בע""מ",IL,מגבונים לחים,יחידה,1.00,יחידה,false,1,14.40,14.40,true,1,
7296073526414,false,שזיפים אורגניים מיובש250,SERENA,BG,שזיפים אורגניים,גרמים,250.00,100 גרם,false,1,17.80,7.12,true,1,
7296073526421,false,דובדבנים אורגניים מיובש,SERENA,BG,דובדבנים אורגניי,גרמים,100.00,100 גרם,false,1,17.80,17.80,true,1,
7296073526438,false,צימוקים אורגניים250 גרם,FOODS OZGUR,TR,צימוקים אורגניים,גרמים,250.00,100 גרם,false,1,9.30,3.72,true,1,
7296073526483,false,קפה טורקי 4 * 85 גרם,רוני רג'ואן ושות,IL,קפה טורקי 4 יח,גרמים,340.00,100 גרם,false,1,12.70,3.73,true,1,
7296073526803,false,מלכודת ג'וקים עם פיתיון4,סדובסקי,CN,מלכודת ג'וקים,יחידה,1.00,יחידה,false,1,34.10,34.10,true,1,
7296073526919,false,פרל שמפו לשיער מוחלק500מ,א.משי תעשיות,IL,שמפו פרל לשיער,מיליליטרים,500.00,"100 מ""ל",false,1,17.00,3.40,true,1,
7296073526926,false,פרל שמפו לשיער צבוע500מל,א.משי תעשיות,IL,שמפו פרל לשיער,מיליליטרים,500.00,"100 מ""ל",false,1,17.00,3.40,true,1,
7296073526957,false,פרל מסכה לשיער מוחלק500מ,א.משי תעשיות,IL,פרל מסכה לשיער,מיליליטרים,500.00,"100 מ""ל",false,1,25.50,5.10,true,1,
7296073527282,false,תירוש מיץ ענבים אדום750מ,כרם מהדרין,IL,תירוש מיץ ענבים,מיליליטרים,750.00,"100 מ""ל",false,1,11.90,1.59,true,1,
7296073527299,false,תירוש מיץ ענבים אדום 1 ל,כרם מהדרין,IL,תירוש מיץ ענבים,ליטרים,1.00,ליטר,false,1,13.20,13.20,true,1,
7296073527374,false,גבינת גאודה מגורדת 400גר,ויליפוד,IL,גאודה מגורדת,גרמים,400.00,100 גרם,false,1,22.10,5.53,true,1,
7296073527381,false,אינסטנט פודינג וניל 1 קג,מיה,IL,פודינג  טעם וניל,קילוגרמים,1.00,"ק""ג",false,1,14.40,14.40,true,1,
7296073527428,false,אגוז ברזיל 150גרם,דין שיווק,IL,אגוז ברזיל 150גר,גרמים,150.00,100 גרם,false,1,15.30,10.20,true,1,
7296073528562,false,"בצק עלים 1 ק""ג",ARABATZIS,GR,בצק עלים,קילוגרמים,1.00,"ק""ג",false,1,14.40,14.40,true,1,
7296073528678,false,תאנים מיובשות 200גרם,ששון ושות,IL,תאנים מיובשות,גרמים,200.00,100 גרם,false,1,11.80,5.90,true,1,
7296073528692,false,מלח ים טבעי שופרסל 500 ג,אינפוסה,ES,מלח ים,גרמים,500.00,100 גרם,false,1,5.90,1.18,true,1,
7296073528708,false,מלח ים טבעי שופרסל 250 ג,אינפוסה,ES,מלח ים,גרמים,250.00,100 גרם,false,1,4.10,1.64,true,1,
7296073528760,false,קיסמי אוזניים עץ שק100יח,אל ואי טי,CN,קיסמי אוזניים,יחידה,1.00,יחידה,false,1,2.10,2.10,true,1,
7296073528777,false,קיסמי אוזניים עץ שק300יח,אל ואי טי,CN,קיסמי אוזניים,יחידה,1.00,יחידה,false,1,5.90,5.90,true,1,
7296073528791,false,קיסמי אוזניים פלסטיק300י,אס טי או,CN,קיסמי אוזניים,יחידה,1.00,יחידה,false,1,8.10,8.10,true,1,
7296073528807,false,קיסמי אוזניים פלסטיק400י,אס טי או,CN,קיסמי אוזניים,יחידה,1.00,יחידה,false,1,9.30,9.30,true,1,
7296073528814,false,קיסמי אוזניים פלסטיק100י,אס טי או,CN,קיסמי אוזניים,יחידה,1.00,יחידה,false,1,2.10,2.10,true,1,
7296073529507,false,רוטב נפוליטנה 200 גרם,דורום תעשיות מזון ופסטה,IL,רוטב נפוליטנה,גרמים,200.00,100 גרם,false,1,8.50,4.25,true,1,
7296073529514,false,רוטב 4 גבינות 200 גרם,דורום תעשיות מזון ופסטה,IL,רוטב 4 גבינות,גרמים,200.00,100 גרם,false,1,8.50,4.25,true,1,
7296073529538,false,רוטב אלפרדו ופטריות200ג,דורום תעשיות מזון ופסטה,IL,רוטב נפוליטנה,גרמים,250.00,100 גרם,false,1,8.50,3.40,true,1,
7296073529972,false,"יין קידוש גפן 750 מ""ל",כרם מהדרין,IL,יין קידוש גפן,מיליליטרים,750.00,"100 מ""ל",false,1,14.40,1.92,true,1,
7296073530091,false,קורנפלור 200 גרם,מיה,IL,קורנפלור 200 גרם,גרמים,200.00,100 גרם,false,1,3.40,1.70,true,1,
7296073530107,false,קורנפלור 500 גרם,מיה,IL,קורנפלור 500 גרם,גרמים,500.00,100 גרם,false,1,5.00,1.00,true,1,
7296073530251,false,בדיקות קורונה מארז 20 יח,,CN,בדיקות קורונה מא,יחידה,1.00,יחידה,false,1,128.10,128.10,true,1,
7296073530336,false,תירס גמדי חתוך 425 גרם,מאנפאקטור,TH,תירס גמדי חתוך,גרמים,425.00,100 גרם,false,1,5.90,1.39,true,1,
7296073530343,false,סילאן פרימיום 350 גרם,"טעמי הגליל בע""\מ",IL,סילאן פרימיום,גרמים,350.00,100 גרם,false,1,11.80,3.37,true,1,
7296073530350,false,סילאן פרימיום 900 גרם,"טעמי הגליל בע""\מ",IL,סילאן פרימיום,גרמים,900.00,100 גרם,false,1,19.50,2.17,true,1,
7296073530374,false,טחינה אורגנית גרין 500 ג,אחדות,IL,טחינה אורגנית,גרמים,500.00,100 גרם,false,1,8.50,1.70,true,1,
7296073530381,false,טחינה אורגנית מלאה500ג,אחדות,IL,טחינה אורגנית,גרמים,500.00,100 גרם,false,1,8.50,1.70,true,1,
7296073530398,false,קמח כוסמין לבן מנופה 1קג,"שטיבל בע""\מ",IL,קמח כוסמין לבן,קילוגרמים,1.00,"ק""ג",false,1,13.50,13.50,true,1,
7296073531050,false,ספוג הפלא+שכבה ירוקה 6יח,"סדובסקי בע""\מ",IL,ספוג הפלא 6 יח,יחידה,1.00,יחידה,false,1,7.60,7.60,true,1,
7296073531265,false,פדים להסרת איפור 80 יח,LTD CO S.T.O,TR,פדים להסרת איפור,יחידה,1.00,יחידה,false,1,7.20,7.20,true,1,
7296073531272,false,פדים להסרת איפור 3*80יח,LTD CO S.T.O,TR,פדים מסיר איפור,יחידה,1.00,יחידה,false,1,17.00,17.00,true,1,
7296073531296,false,קפסולות טעם וניל 50 גרם,דליקה,CH,קפסולות קפה,גרמים,10.00,100 גרם,false,1,13.50,135.00,true,1,
7296073531302,false,קפסול.קפה ט.אגוזי לוז50ג,דליקה,CH,קפסולות קפה,גרמים,10.00,100 גרם,false,1,13.50,135.00,true,1,
7296073531319,false,קפסול.אלומיניום ט.קרמל50,דליקה,CH,קפסולות קפה,גרמים,10.00,100 גרם,false,1,13.50,135.00,true,1,
7296073531333,false,דגני בוקר בטעם נוגט686ג,"נטורל קייקס בע""\מ",IL,דגני בוקר נוגט,גרמים,686.00,100 גרם,false,1,17.00,2.48,true,1,
7296073531340,false,דגני בוקר בטעם וניל686ג,"נטורל קייקס בע""\מ",IL,דגני בוקר וניל,גרמים,686.00,100 גרם,false,1,17.00,2.48,true,1,
7296073531357,false,דגני בוקר ט.וניל דארק686,"נטורל קייקס בע""\מ",IL,דגני בוקר וניל,גרמים,686.00,100 גרם,false,1,17.00,2.48,true,1,
7296073552789,false,ביסקוויט בטעם קרמל 250גר,פאלי,NL,ביסקוויט ט.קרמל,גרמים,250.00,100 גרם,false,1,9.30,3.72,true,1,
7296073552796,false,רביולי גבינות קפוא 330 ג,זוקה,IL,רביולי גבינות,גרמים,330.00,100 גרם,false,1,17.00,5.15,true,1,
7296073552833,false,"סבון נוזלי לבן 500 מ""ל",טאהא קימיה,TR,סבון נוזלי,מיליליטרים,500.00,"100 מ""ל",false,1,10.10,2.02,true,1,
7296073552970,false,ריזוטו טוסקנה 280 גרם,טרויג'אנו,ES,ריזוטו טוסקנה,גרמים,280.00,100 גרם,false,1,11.00,3.93,true,1,
7296073552987,false,קוסקוס ים תיכוני 280 גרם,טרויג'אנו,ES,קוסקוס ים תיכוני,גרמים,300.00,100 גרם,false,1,11.00,3.66,true,1,
7296073552994,false,ריזוטו ים תיכוני 280 גרם,טרויג'אנו,ES,ריזוטו ים תיכוני,גרמים,280.00,100 גרם,false,1,11.00,3.93,true,1,
7296073553045,false,קבבוני אנגוס 400 גרם,"טיבון ויל אחזקות בע""\מ",IL,קבבוני  אנגוס,גרמים,400.00,100 גרם,false,1,21.20,5.30,true,1,
7296073553069,false,קבב  אנגוס 400 גרם,"טיבון ויל אחזקות בע""\מ",IL,קבב אנגוס,גרמים,400.00,100 גרם,false,1,21.20,5.30,true,1,
7296073553076,false,קבבונים עם שומן כבש,"טיבון ויל אחזקות בע""\מ",IL,קבבונים עם שומן,גרמים,400.00,100 גרם,false,1,21.20,5.30,true,1,
7296073553083,false,המבורגר אנגוס 400 גרם,"טיבון ויל אחזקות בע""\מ",IL,המבורגר אנגוס,גרמים,400.00,100 גרם,false,1,21.20,5.30,true,1,
7296073553274,false,טורטיה חיטה 320 גרם,דליברדס יורופ,ES,טורטיה חיטה,גרמים,320.00,100 גרם,false,1,8.40,2.63,true,1,
7296073553281,false,טורטיה חיטה מלאה 320 גרם,דליברדס יורופ,ES,טורטיה חיטה מלאה,גרמים,320.00,100 גרם,false,1,8.40,2.63,true,1,
7296073553298,false,טורטיה עם צ'יה 320 גרם,דליברדס יורופ,ES,טורטיה עם צ'יה,גרמים,320.00,100 גרם,false,1,9.30,2.91,true,1,
7296073553304,false,טורטיה חיטה 780 גרם,דליברדס יורופ,ES,טורטיה חיטה,גרמים,780.00,100 גרם,false,1,13.50,1.73,true,1,
7296073553915,false,קממבר אגוזים 130 גרם,"מחלבת טבע עז בע""\מ",IL,קממבר אגוזים,גרמים,130.00,100 גרם,false,1,11.00,8.46,true,1,
7296073553922,false,ברי כבשים 130 גרם,"מחלבת טבע עז בע""\מ",IL,ברי כבשים,גרמים,130.00,100 גרם,false,1,11.00,8.46,true,1,
7296073554073,false,פיצה מרגריטה פרימיום,SRL PIZZA MEGIC,IT,פיצה מרגריטה,גרמים,400.00,100 גרם,false,1,22.90,5.73,true,1,
7296073554097,false,פיצה פרימיום עם זיתים 40,SRL PIZZA MEGIC,IT,פיצה פרימיום,גרמים,400.00,100 גרם,false,1,22.90,5.73,true,1,
7296073564683,false,BE אל סבון מאסק 1ליטר,טאהא קימיה,TR,BE אל סבון,ליטרים,1.00,ליטר,false,1,11.00,11.00,true,1,
7296073564690,false,BE אל סבון לבנדר 1 ליטר,טאהא קימיה,TR,BE אל סבון,ליטרים,1.00,ליטר,false,1,11.00,11.00,true,1,
7296073565116,false,מטלית מיקורופייבר לרצפה,סדובסקי,CN,מטלית מקרופייבר,יחידה,1.00,יחידה,false,1,9.30,9.30,true,1,
7296073565550,false,קצפיות מרנג וניל 180 גרם,"אחדות ביח""ר לטחינה",IL,קצפיות מרנג וניל,גרמים,180.00,100 גרם,false,1,11.80,6.56,true,1,
7296073565567,false,קצפיות מרנג טעם תות 180ג,"אחדות ביח""ר לטחינה",IL,קצפיות מרנג תות,גרמים,180.00,100 גרם,false,1,11.80,6.56,true,1,
7296073578161,false,כפפות לטקס S 100 יחידות,COMPANY DR.BOO,TH,כפפות לטקס S,יחידה,1.00,יחידה,false,1,25.50,25.50,true,1,
7296073579649,false,לחם אחיד פרוס שופרסל900ג,מאפיית שלמה א. אנג'\ל בע,IL,לחם אחיד פרוס,גרמים,900.00,100 גרם,false,1,7.10,0.79,true,1,
7296073579731,false,צלחת PP לבן 40 יחידות,,CN,צלחת חד פעמית,יחידה,1.00,יחידה,false,1,21.30,21.30,true,1,
7296073579755,false,צלחת PP קרם 40 יחידות,,CN,צלחת חד פעמית,יחידה,1.00,יחידה,false,1,21.30,21.30,true,1,
7296073579762,false,כוס שתייה כוכבים כסף 50,,CN,כוס שתיה,יחידה,1.00,יחידה,false,1,8.50,8.50,true,1,
7296073580294,false,רדיד אלומיניום כוכבים 16,"אופל אריזות בע""\מ",IL,רדיד אלומיניום,יחידה,1.00,יחידה,false,1,17.00,17.00,true,1,
7296073592884,false,חסה לאליק צבעונית הידרופ,משק יגור,IL,חסה לאליק,גרמים,190.00,100 גרם,false,1,12.90,6.79,true,1,
7296073592891,false,לבבות חסה קראנץ,משק יגור,IL,לבבות חסה קראנץ,גרמים,190.00,100 גרם,false,1,11.90,6.26,true,1,
7297084000702,false,"צלחות דקל מרובעת 25 ס""מ",,IN,צלחת דקל,יחידה,1.00,יחידה,false,1,17.00,17.00,true,1,
7297084000771,false,"צלחות דקל מרובעת 20 ס""מ",,IN,צלחת דקל,יחידה,1.00,יחידה,false,1,13.50,13.50,true,1,
7312040017683,false,וודקה אבסולוט,,SE,וודקה אבסולוט,מיליליטרים,700.00,"100 מ""ל",false,0,55.50,7.93,true,1,
7394376615825,false,משקה ש.שועל מועשר סידן1ל,טרנסומס פוד,SE,משקה שיבולת שועל,ליטרים,1.00,ליטר,false,1,11.80,11.80,true,1,
7394376615832,false,משקה ש.שועל טעם שוקולד1ל,טרנסומס פוד,SE,משקה שיבולת שועל,ליטרים,1.00,ליטר,false,1,13.50,13.50,true,1,
7394376616778,false,משקה שבולת שועל בריסטנ1ל,,SE,משקה שיבולת שועל,ליטרים,1.00,ליטר,false,1,13.50,13.50,true,1,
7500162900000,false,"בירה סול בקבוק 330 מ""ל",היינקן,NL,בירה סול,מיליליטרים,330.00,"100 מ""ל",false,1,9.30,2.82,true,1,
7501013122039,false,ג'ומקס משקה מנגו קרטון1ל,חומקס קומר קומרסאליזדורה,MX,משקה ג'ומקס מנגו,ליטרים,1.00,ליטר,false,1,9.40,9.40,true,1,
7501013122114,false,ג'ומקס משקה אננס קרטון1ל,חומקס קומר קומרסאליזדורה,MX,משקה ג'ומקס אננס,ליטרים,1.00,ליטר,false,1,9.40,9.40,true,1,
7501013122992,false,ג'ומקס משקה קוקוס אננס1ל,חומקס קומר קומרסאליזדורה,MX,משקה קוקוס אננס,ליטרים,1.00,ליטר,false,1,9.40,9.40,true,1,
7501013138047,false,יוניקו פרסקו רימונים 1 ל,חומקס קומר קומרסאליזדורה,MX,משקה רימונים,ליטרים,1.00,ליטר,false,1,9.80,9.80,true,1,
7501064191398,false,"בירה קורונה 6 * 355 מ""ל",סרבסריה מודלו,MX,בירה קורונה 6 יח,ליטרים,2.13,ליטר,false,1,34.30,16.10,true,1,
7610113011652,false,"בריזר טעם תפוח 275 מ""ל",בקרדי בעמ,BE,בריזר טעם תפוח,מיליליטרים,275.00,"100 מ""ל",false,1,13.60,4.95,true,1,
7610400091060,false,שוק.מריר לינדט תפוז 100ג,לינדט ושפרונגלי,CH,שוקולד לינדט,גרמים,100.00,100 גרם,false,1,14.40,14.40,true,1,
7613030979647,false,טריקס דגנים ט.פירות 480ג,ג'נרל מילס,CL,טריקס בטעם פירות,גרמים,480.00,100 גרם,false,1,24.70,5.15,true,1,
7613032045753,false,דגנ.בוקר פיטנס שוקולד375,סי. פי. צרפת,FR,פיטנס שוקולד,גרמים,375.00,100 גרם,false,0,19.50,5.20,true,1,
7613033548192,false,פיטנס שוקולד מריר 375גרם,סי. פי. צרפת,FR,פיטנס שוקולד,גרמים,375.00,100 גרם,false,0,19.50,5.20,true,1,
7613036105545,false,"דוגלי גזע קטן 3 ק""ג",נסטלה פורינה,HU,דוגלי גזע קטן,קילוגרמים,3.00,"ק""ג",false,1,44.90,14.97,true,1,
7613036387798,false,דגני פיטנס יוגורט 350 גר,סי. פי. צרפת,FR,דגני פיטנס,גרמים,350.00,100 גרם,false,1,19.50,5.57,true,1,
7613036520492,false,רוטב עגבניות לפיצה 400גר,אסם,ES,רוטב עגבניות,גרמים,400.00,100 גרם,false,1,6.70,1.68,true,1,
7613036867870,false,קפסולות נסקפה בריסטה112ג,נסטלה ספרד,ES,קפסולות נסקפה,גרמים,128.00,100 גרם,false,1,24.70,19.30,true,1,
7613036880534,false,מחית מרק ירקות 190 גרם,נסטלה פולסקה אס.איי,PL,מחית מרק ירקות,גרמים,190.00,100 גרם,false,1,5.90,3.11,true,1,
7613037204889,false,פולי קפה Starbucks אספרס,נסטלה נספרסו,PT,פולי קפהStarbuck,גרמים,450.00,100 גרם,false,1,47.00,10.44,true,1,
7613037686906,false,פיטנס שקדים ודבש 355 גרם,סי. פי. צרפת,FR,פיטנס שקדים ודבש,גרמים,355.00,100 גרם,false,1,19.50,5.49,true,1,
7613039879382,false,גרבר תפוח עץ 190 גרם,נסטלה פולסקה אס.איי,PL,גרבר מחי תפוח עץ,גרמים,190.00,100 גרם,false,1,5.90,3.11,false,1,
7613287155863,false,גרבר מחית אגס פאוץ 90 גר,נסטלה פולסקה אס.איי,PL,גרבר אגס פאוץ,גרמים,90.00,100 גרם,false,1,5.90,6.56,true,1,
7616500646087,false,שוק.חלב עם שברי אגוז100ג,צוקולאט פריי אייץגיץ,CH,שוקולד חלב אגוז,גרמים,100.00,100 גרם,false,0,8.50,8.50,true,1,
7616500647268,false,שוקולד מריר+אגוזים180גר,"שוקולד פריי בע""מ",CH,שוקולד מריר,גרמים,180.00,100 גרם,false,0,12.70,7.06,true,1,
7616500664890,false,שוק.חלב שקד+קרמל+מלח180ג,"שוקולד פריי בע""מ",CH,שוקולד חלב,גרמים,180.00,100 גרם,false,1,12.70,7.06,true,1,
7616500668430,false,שוק.חלב אגוז קלאודס150גר,דליקה איי.ג'י,CH,שוקולד קלאודס,גרמים,150.00,100 גרם,false,1,12.70,8.47,true,1,
7616500668447,false,שוק.חלב צימוק קלאודס150ג,"שוקולד פריי בע""מ",CH,שוקולד קלאודס,גרמים,150.00,100 גרם,false,1,12.70,8.47,true,1,
7616500912922,false,שוקובלוק מריר 100 גרם,"שוקולד פריי בע""מ",CH,שוקובלוק מריר,גרמים,100.00,100 גרם,false,1,8.40,8.40,true,1,
7617014149330,false,קפסולות קפה,,CH,קפסולות קפה,גרמים,96.00,100 גרם,false,0,25.30,26.35,true,1,
7617014149408,false,קפסולות קפה,,CH,קפסולות קפה,גרמים,96.00,100 גרם,false,0,25.30,26.35,true,1,
7617014189466,false,קפסולות קפה פורטה 50 גרם,דליקה,CH,קפסולות רויאל,גרמים,50.00,100 גרם,false,1,15.30,30.60,true,1,
7617014189541,false,קפסולות קפה ריסטרטו50גרם,דליקה,CH,קפסולות רויאל,גרמים,50.00,100 גרם,false,1,15.30,30.60,true,1,
7617014189985,false,קפסולות קפה דופיו50גרם,דליקה,CH,קפסולות רויאל,גרמים,50.00,100 גרם,false,1,15.30,30.60,true,1,
7622010001858,false,עוג.אוראו קרם וניל 176ג,פי אר ג'\יי אס אי מנדלז,UA,עוגיות אוראו,גרמים,176.00,100 גרם,false,1,8.70,4.94,true,1,
7622201120931,false,שוק.מילקה אוראו לבן 100ג,מונדלז אוקראינה,UA,מילקה אוראו לבן,גרמים,100.00,100 גרם,false,1,6.70,6.70,true,1,
7622201137052,false,מיני קוקיז מילקה 110 גרם,מונדלייז,ES,מיני קוקיז מילקה,גרמים,110.00,100 גרם,false,1,8.40,7.64,true,1,
7622201139278,false,גבינת פילדלפיה 25% 150גר,,ES,גבינת פילדלפיה,גרמים,150.00,100 גרם,false,1,13.50,9.00,true,1,
7622201401900,false,עוג.מילקה סנס.אוראו 156ג,,PL,עוגיות מילקה,גרמים,156.00,100 גרם,false,1,11.00,7.05,true,1,
7622201798154,false,גבינת פילדלפיה 13% 150גר,מונדולז,ES,גבינת פילדלפיה,גרמים,150.00,100 גרם,false,1,13.50,9.00,true,1,
7622201801809,false,שוק.חלב אגוזים מילקה100ג,מנדלז דויצ'\לנד סנקס פרו,DE,שוקולד מילקה,גרמים,100.00,100 גרם,false,1,6.70,6.70,true,1,
7622201802363,false,שוק.מילקה אגוז/צימוק100ג,מנדלז דויצ'\לנד סנקס פרו,DE,שוקולד מילקה,גרמים,100.00,100 גרם,false,1,6.70,6.70,true,1,
7622201802394,false,שוקולד חלב מילקה 100 גרם,מנדלז דויצ'\לנד סנקס פרו,DE,שוקולד חלב מילקה,גרמים,100.00,100 גרם,false,1,6.70,6.70,true,1,
7622201808631,false,עוגיות מיני אוראו וניל67,מונדלייז,ID,עוגיות אוראו מינ,גרמים,67.00,100 גרם,false,1,7.60,11.34,true,1,
7622201813390,false,וופל ממולא מילקה 150 גרם,מונדליז סי.אר. ביסקוויט,CZ,וופל ממולא מילקה,גרמים,150.00,100 גרם,false,1,11.00,7.33,true,1,
7622201819170,false,שוקו.מילקה דארק שקדים85ג,מונדלייז,DE,שוקולד מילקה,גרמים,85.00,100 גרם,false,1,7.20,8.47,true,1,
7622201819552,false,שוקולד מילקה דארק 85 גרם,מונדלייז,DE,שוקולד מילקה,גרמים,85.00,100 גרם,false,1,7.20,8.47,true,1,
7622210137234,false,עוג.אוראו דאבל ק.וניל170,מונדלייז,ES,עוגיות אוראו,גרמים,170.00,100 גרם,false,1,9.30,5.47,true,1,
7622210453327,false,עוג.מילקה סנסיישנס 156 ג,מונדלייז,PL,עוגיות מילקה,גרמים,156.00,100 גרם,false,1,11.00,7.05,true,1,
7622210464729,false,עוגיות אוראו גולדן 154גר,מונדלייז,CZ,עוגיות אוראו,גרמים,154.00,100 גרם,false,1,5.90,3.83,true,1,
7622210637994,false,עוג.אוראו ביס אורגינל110,,ES,עוגיות אוראו,גרמים,110.00,100 גרם,false,1,9.30,8.45,true,1,
7622210638021,false,עוגיות אוראו ביס שוקו110,,ES,עוגיות אוראו,גרמים,110.00,100 גרם,false,1,9.30,8.45,true,1,
7622210826053,false,שוקולד אוראו סנדוויץ92גר,מונדלייז,HU,שוקולד מילקה,גרמים,92.00,100 גרם,false,1,6.70,7.28,true,1,
7622210835338,false,עוגיות אוראו בראוניז176ג,מונדלייז,ES,עוגיות אוראו,גרמים,176.00,100 גרם,false,1,8.70,4.94,true,1,
7622300270506,false,עוגיות ש.שועל שוקולד168ג,מונדלייז,PL,עוגיות מילקה,גרמים,168.00,100 גרם,false,0,11.00,6.55,true,1,
7622300489427,false,אוראו מצופה שוק.לבן246ג,מונדלייז,ES,עוגיות אוראו,גרמים,246.00,100 גרם,false,1,17.00,6.91,true,1,
7622300489434,false,אוראו מצופה שוק.חלב246ג,מונדלייז,ES,עוגיות אוראו,גרמים,246.00,100 גרם,false,1,17.00,6.91,true,1,
7622300503079,false,ביסקוויט מצופה שוקו200גר,מונדלייז,PL,ביסקוויט מצופה,גרמים,200.00,100 גרם,false,0,11.00,5.50,true,1,
7622300617820,false,שוקולד מילקה אוראו 100 ג,מנדלז דויצ'\לנד סנקס פרו,DE,שוקולד מילקה,גרמים,100.00,100 גרם,false,0,6.70,6.70,true,1,
7622400005190,false,שוקולד מילקה חום לבן100ג,מנדלז דויצ'\לנד סנקס פרו,DE,שוקולד מילקה,גרמים,100.00,100 גרם,false,0,6.70,6.70,true,1,
7630477891592,false,קפסולות Starbucksהאוס57ג,נסטלה נספרסו,CH,קפסולות Starbuck,גרמים,57.00,100 גרם,false,1,19.50,34.21,true,1,
7630477891615,false,קפסולות Starbucks סומטרה,נסטלה נספרסו,CH,קפסולות Starbuck,גרמים,55.00,100 גרם,false,1,19.50,35.45,true,1,
7630477891738,false,קפסStarbucks. בלונד53גר,נסטלה נספרסו,CH,קפסולות Starbuck,גרמים,53.00,100 גרם,false,1,19.50,36.79,true,1,
7638900248357,false,סוללות אנרגייזר2032 זוג,אנרגייזר,CN,סוללות 2032 זוג,יחידה,1.00,יחידה,false,1,17.00,17.00,true,1,
7702018357871,false,ג'ל ג. פרוגלייד 2ב1- 200,ג'ילט,US,ג'ל גילוח,מיליליטרים,200.00,"100 מ""ל",false,1,19.50,9.75,true,1,
7702018470884,false,16 סכיני גילוח פיוז'ן,"פרוקטר אנד גמבל, גרמניה",DE,סכיני גילוח,יחידה,1.00,יחידה,false,1,145.20,145.20,true,1,
7702018978120,false,"דאו.קליר ג'ל C.W 70 מ""ל",פרוקטר אנד גמבל,PL,דאו.קליר ג'ל,מיליליטרים,70.00,"100 מ""ל",false,0,13.50,19.29,true,1,
7702018980833,false,ג'ל גילוח סירייס לחות200,,GB,ג'ל גילוח סירייס,מיליליטרים,200.00,"100 מ""ל",false,1,18.70,9.35,true,1,
7702024074625,false,חטיפי קרקר חיטה מלאה234ג,קומסטיבלס לה רוזה אס.איי,CO,חטיפי קרקר פיטנס,גרמים,234.00,100 גרם,false,1,11.80,5.04,true,1,
7702024258322,false,חטיפי קרקר צ'יה+פשתן156ג,אסם,CO,חטיפי קרקר,גרמים,156.00,100 גרם,false,1,11.80,7.56,true,1,
7702174068833,false,יוגטה אייס קרים בשקית216,אלדור,CO,לקקן יוגטה,גרמים,204.00,100 גרם,false,0,9.30,4.56,true,1,
7792860006218,false,בייבי דול לקקן 24 גרם,לרטייר,AR,בייבי דול לקקן,גרמים,24.00,100 גרם,false,0,2.10,8.75,true,1,
7798304600042,false,אוכמניות טריות,K.F,AR,אוכמניות טריות,גרמים,125.00,100 גרם,false,1,14.90,11.92,true,1,
7798382150019,false,אוכמניות טריות 125גרם,FRUITS BASIN PARANA,AR,אוכמניות טריות,גרמים,125.00,100 גרם,false,1,14.90,11.92,true,1,
7804414000860,false,"דון חוליו קברנה 750 מ""ל",אגריקולה קנטלחוס,CL,דון חוליו קברנה,מיליליטרים,750.00,"100 מ""ל",false,0,28.90,3.85,true,1,
7804414001614,false,"דון חוליו שיראז 750 מ""ל",אגריקולה קנטלחוס,CL,יין שיראז,מיליליטרים,750.00,"100 מ""ל",false,0,28.90,3.85,true,1,
7804414012351,false,"דון חוליו מלבק 750 מ""ל",אגריקולה קנטלחוס,CL,מלבק דון חוליו,מיליליטרים,750.00,"100 מ""ל",false,1,28.90,3.85,true,1,
7891024124826,false,קולגייט אופטיק וייט 75מל,קולגייט פלמוליב,BR,משחת קולגייט,מיליליטרים,75.00,"100 מ""ל",false,0,19.50,26.00,true,1,
7891024179482,false,מי פה קולגייט אופטיק500מ,קולגייט- פלמוליב,PL,מי פה קולגייט,מיליליטרים,500.00,"100 מ""ל",false,0,22.90,4.58,true,1,
8000070003774,false,קפסולות קפה אינטנסו 13,,IT,קפסולות קפה,גרמים,120.00,100 גרם,false,1,25.50,21.25,true,1,
8000070003798,false,קפסולות קפה דליסיוזו8 1י,,IT,קפסולות קפה,גרמים,120.00,100 גרם,false,1,25.50,21.25,true,1,
8000070003811,false,קפסולות קפה פסיונלה 11 1,,IT,קפסולות קפה,גרמים,120.00,100 גרם,false,1,25.50,21.25,true,1,
8000070003842,false,קפסולות קרמוסו7 נ.קופאין,,IT,קפסולות קפה,גרמים,120.00,100 גרם,false,1,25.50,21.25,true,1,
8000070003880,false,קפסולות קפה קרמה דולצ'ה6,,IT,קפסולות קפה,גרמים,128.00,100 גרם,false,1,25.50,19.92,true,1,
8000070016316,false,קפסולות קוואליטה אורו90ג,,IT,לוואצה קוואליטה,גרמים,90.00,100 גרם,false,1,25.50,28.33,true,1,
8000070042308,false,קפסולות ביו אורגני90גרם,,IT,קפסולות לוואצה,גרמים,90.00,100 גרם,false,1,12.70,14.11,true,1,
8000070081000,false,קפסול.אספרסו דרגה 8 50גר,לאוג'\י לוואצה אס.פי.אי,IT,קפסולות קפה,גרמים,50.00,100 גרם,false,1,17.80,35.60,true,1,
8000070081017,false,קפסולו.אספרסו דרגה10 ג50,לאוג'\י לוואצה אס.פי.אי,IT,קפסולות קפה,גרמים,50.00,100 גרם,false,1,17.80,35.60,true,1,
8000380003723,false,גראנד פטיסרי אגוז 100גרם,א. לואקר,IT,גראנד פטיסרי,גרמים,100.00,100 גרם,false,0,11.40,11.40,true,1,
8000380004676,false,ופלים לואקר וניל 200 גרם,לואקר,AT,ופלים לואקר,גרמים,200.00,100 גרם,false,0,12.10,6.05,true,1,
8000380004911,false,ופלים קואדרטיני אגוז250ג,א. לואקר,AT,ופל קואדרטיני,גרמים,250.00,100 גרם,false,0,12.90,5.16,true,1,
8000380004966,false,ופלים קואדרטיני קקאו250ג,א. לואקר,AT,ופל קואדרטיני,גרמים,250.00,100 גרם,false,0,12.90,5.16,true,1,
8000380005598,false,וופל טורטינה מריר 125גרם,א. לואקר אס. פי. אי-אי.,IT,וופל טורטינה,גרמים,125.00,100 גרם,false,0,15.80,12.64,true,1,
8000380007219,false,ופלים לואקר ט.אגוזים175ג,א. לואקר,AT,ופלים לואקר,גרמים,175.00,100 גרם,false,0,10.80,6.17,true,1,
8000380007257,false,ופלים גרדנה 200 גרם,א. לואקר,IT,ופלים גרדנה,גרמים,200.00,100 גרם,false,0,12.80,6.40,true,1,
8000380106028,false,וופל טורטינה אורגינל125ג,א. לואקר,IT,וופל טורטינה,גרמים,125.00,100 גרם,false,0,15.80,12.64,true,1,
8000380144044,false,ופלים גרדנה שוקולד200גרם,לואקר,IT,ופלים גרדנה,גרמים,200.00,100 גרם,false,0,12.80,6.40,true,1,
8000380180745,false,ופל קואדרטיני שוק/חלב250,לואקר,AT,וופל קואדרטיני,גרמים,250.00,100 גרם,false,1,12.90,5.16,true,1,
8000380201396,false,וופל טורטינה קרם קרמל126,א. לואקר,AT,וופל טורטינה,גרמים,126.00,100 גרם,false,1,15.80,12.54,true,1,
8000380205400,false,ופל קואדרטיני חמ.בוטנ250,א. לואקר,AT,וופל קואדרטיני,גרמים,250.00,100 גרם,false,1,12.90,5.16,true,1,
8000380206896,false,ופלים גרדנה חמ.בוטנים200,א. לואקר,IT,ופלים גרדנה,גרמים,200.00,100 גרם,false,1,12.80,6.40,true,1,
8000500023624,false,חטיף קינדר הפי היפו 5יח',פררו,DE,קינדר הפי היפו,גרמים,102.00,100 גרם,false,0,11.80,11.57,true,1,
8000500023976,false,בונ.רפאלו 150 גרם,פררו - אלבה,PL,בונבונ.רפאלו,גרמים,150.00,100 גרם,false,0,16.00,10.67,true,1,
8000500028124,false,ביצי הפתעה קינדר ג'וי3יח,פררו,ZA,קינדר ג'וי 3יח,גרמים,60.00,100 גרם,false,0,13.60,22.67,true,1,
8000500029350,false,קינדר בואנו 43*3 גרם,פררו,PL,קינדר בואנו,גרמים,129.00,100 גרם,false,0,10.10,7.83,true,1,
8000500037874,false,בונ.פררו רושה 200 גרם,פררו,IT,בונבוניירה רושה,גרמים,200.00,100 גרם,false,0,21.20,10.60,true,1,
8000500071083,false,שוקולד קינדר 200 גרם,פררו,IT,שוקולד חלב קינדר,גרמים,200.00,100 גרם,false,0,12.30,6.15,true,1,
8000500075708,false,ביצי קינדר ג'וי כחול20*3,פררו,ZA,קינדר ג'וי כחול,גרמים,60.00,100 גרם,false,0,13.60,22.67,true,1,
8000500121436,false,קינדר בואנו לבן 39*3 גרם,פררו,PL,קינדר בואנו לבן,גרמים,117.00,100 גרם,false,0,10.10,8.63,true,1,
8000500126325,false,ביצי קינדר ג'וי ורוד20*3,פררו,ZA,קינדר ג'וי ורוד,גרמים,60.00,100 גרם,false,0,13.60,22.67,true,1,
8000500224281,false,נוטלה בי רדי 22 גרם,פררו,IT,נוטלה בי רדי,גרמים,22.00,100 גרם,false,1,3.60,16.36,true,1,
8000500227848,false,נוטלה בי רדי 132 גרם,פררו,IT,נוטלה בי רדי,גרמים,132.00,100 גרם,false,1,11.50,8.71,true,1,
8000500249352,false,קינדר בואנו מיני מיקס205,פררו,PL,קינדר בואנו מיני,גרמים,205.00,100 גרם,false,1,17.00,8.29,true,1,
8000500269169,false,קינדר קארדס 128 גרם,,IT,קינדר קארדס,גרמים,128.00,100 גרם,false,1,11.80,9.22,true,1,
8000500386941,false,ממרח קקאו+אגוזי לוז900גר,,IT,ממרח קקאו+אגוזים,גרמים,900.00,100 גרם,false,1,26.40,2.93,true,1,
8001090184412,false,פיירי לכלים לימון 900 מל,פרוקטר אנד גמבל,GB,פיירי לכלים,מיליליטרים,900.00,"100 מ""ל",false,1,10.60,1.18,true,1,
8001090222756,false,מרכך הרבל שמן מורינגה400,פרוקטר אנד גמבל,FR,מרכך הרבל אסנסס,מיליליטרים,400.00,"100 מ""ל",false,1,15.20,3.80,true,1,
8001090222848,false,שמפו הרבל שמן ארגן400מ,פרוקטר אנד גמבל,FR,שמפו הרבל אסנס,מיליליטרים,400.00,"100 מ""ל",false,1,15.20,3.80,true,1,
8001090222879,false,"מרכך הרבל שמן ארגן400מ""ל",פרוקטר אנד גמבל,FR,מרכך הרבל אסנס,מיליליטרים,400.00,"100 מ""ל",false,1,15.20,3.80,true,1,
8001090336521,false,30פמפרס בייבי דריי שלב5,פרוקטר אנד גמבל,DE,פמפרס בייבי,יחידה,1.00,יחידה,false,1,31.50,31.50,true,1,
8001090336606,false,26פמפרס בייבי דריי שלב6,פרוקטר אנד גמבל,DE,פמפרס בייבי,יחידה,1.00,יחידה,false,1,31.50,31.50,true,1,
8001090364203,false,משחת שיניים וחניכיים 75,פרוקטר אנד גמבל,DE,משחת אורל בי,מיליליטרים,75.00,"100 מ""ל",false,1,14.40,19.20,true,1,
8001090377487,false,פנטן מסיכה לחות מוגבר300,פרוקטר אנד גמבל,FR,מסיכה פנטן,מיליליטרים,300.00,"100 מ""ל",false,1,28.10,9.36,true,1,
8001090678614,false,שמפו הד&שולרס סופרים400,פרוקטר אנד גמבל,FR,שמפו הד&שולדרס,מיליליטרים,400.00,"100 מ""ל",false,1,16.10,4.03,true,1,
8001090734044,false,64מגני תח.אולוויז מגה L,פרוקטר & גמבל,DE,מגן תחתון אולווי,יחידה,1.00,יחידה,false,1,19.50,19.50,true,1,
8001090776068,false,פיירי נ.כלים משי ורד780מ,פרוקטר אנד גמבל,GB,פיירי נוזל כלים,מיליליטרים,780.00,"100 מ""ל",false,1,10.60,1.36,true,1,
8001090832450,false,"שמפו פנטן קלאסי 660 מ""ל",פרוקטר & גמבל,RO,שמפו פנטן,מיליליטרים,660.00,"100 מ""ל",false,1,19.50,2.95,true,1,
8001090832573,false,שמפו פנטן לחות מוגברת660,פרוקטר אנד גמבל,RO,שמפו פנטן,מיליליטרים,660.00,"100 מ""ל",false,1,19.50,2.95,true,1,
8001090832818,false,"מרכך פנטן קלאסי 660 מ""ל",פרוקטר אנד גמבל,RO,מרכך פנטן,מיליליטרים,660.00,"100 מ""ל",false,1,19.50,2.95,true,1,
8001090832894,false,מרכך פנטן לחות מוגברת660,פרוקטר אנד גמבל,RO,מרכך פנטן,מיליליטרים,660.00,"100 מ""ל",false,1,19.50,2.95,true,1,
8001090833167,false,אריאל ג'ל נ.הרים 2.365לי,פרוקטור אנד גמבל,FR,אריאל ג'ל כביסה,ליטרים,2.37,ליטר,false,1,31.50,13.29,true,1,
8001090899101,false,10אולווייז פלטינום לונג,,DE,תחבושות אולווייז,יחידה,1.00,יחידה,false,1,10.10,10.10,true,1,
8001090899194,false,24אולוויז פלטינום נורמל,פרוקטר אנד גמבל,DE,תחבושות אולוויז,יחידה,1.00,יחידה,false,1,17.00,17.00,true,1,
8001090899224,false,20 אולוויז פלטינום לונג,פרוקטר אנד גמבל,DE,תחבושות אולוייז,יחידה,1.00,יחידה,false,1,17.00,17.00,true,1,
8001090899255,false,16 אולוויז פלטינום לילה,פרוקטר אנד גמבל,DE,תחבשות אולוויז,יחידה,1.00,יחידה,false,1,17.00,17.00,true,1,
8001090899286,false,14אולוויז פלטינום לילה,פרוקטר אנד גמבל,UA,תחבושות אולוויז,יחידה,1.00,יחידה,false,1,17.00,17.00,true,1,
8001620011935,false,סאן בנדטו 6 יח',,IT,סאן בנדטו 6 יח',ליטרים,3.00,ליטר,false,0,13.80,4.60,true,1,
8001841006710,false,לנור מבשם ריח רענן 210 ג,פרוקטר אנד גמבל,GB,לנור מבשם כביסה,גרמים,210.00,100 גרם,false,1,25.50,12.14,true,1,
8001841077949,false,מגבוני פמפרס פרש 52*4 יח,פרוקטר אנד גמבל,DE,מגבוני פמפרס 4יח,יחידה,1.00,יחידה,false,1,15.20,15.20,true,1,
8001841137179,false,הד&שולדרס מרכך קלאסי275מ,פרוקטר אנד גמבל,RO,מרכך הד&שולדרס,מיליליטרים,275.00,"100 מ""ל",false,1,12.70,4.62,true,1,
8001841198248,false,דאו.ג'ילט ארטיק אייס150מ,פרוקטר אנד גמבל,GB,דאודורנט ג'ילט,מיליליטרים,150.00,"100 מ""ל",false,1,19.50,13.00,true,1,
8001841410524,false,שמפו הד&שולדרס קוקוס600מ,פרוקטר אנד גמבל,RO,שמפו הד&שולדרס,מיליליטרים,600.00,"100 מ""ל",false,1,18.70,3.12,true,1,
8001841427126,false,64מגנ.אולוייז נורמל גיגה,פרוקטר אנד גמבל,DE,אולווייז מגנים,יחידה,1.00,יחידה,false,1,19.50,19.50,true,1,
8001841500799,false,שמפו ללא סולפט מנגו 380,פרוקטר אנד גמבל,FR,שמפו ללא סולפטים,מיליליטרים,380.00,"100 מ""ל",false,1,15.20,4.00,true,1,
8001841500942,false,שמפו ללא סולפט במבוק 380,פרוקטר אנד גמבל,FR,שמפו ללא סולפטים,מיליליטרים,380.00,"100 מ""ל",false,1,15.20,4.00,true,1,
8001841625188,false,פיירי פלטינום לימון515מל,פרוקטר אנד גמבל,GB,פיירי נוזל כלים,מיליליטרים,515.00,"100 מ""ל",false,1,10.60,2.06,true,1,
8001841625362,false,פיירי פלטינום לימון780מל,פרוקטר אנד גמבל,GB,פיירי נוזל כלים,מיליליטרים,780.00,"100 מ""ל",false,1,10.60,1.36,true,1,
8001841625461,false,פיירי פלטינום 515מל,פרוקטר אנד גמבל,GB,פיירי נוזל כלים,מיליליטרים,515.00,"100 מ""ל",false,1,10.60,2.06,true,1,
8001841669519,false,אריאל קפסולות ג'ל 55יח,פרוקטר אנד גמבל,FR,קפסולות לכביסה,יחידה,1.00,יחידה,false,1,62.30,62.30,true,1,
8001841680989,false,60מג.אולוייז לארג' ג'יגה,פרוקטר אנד גמבל,DE,אולווייז מגנים,יחידה,1.00,יחידה,false,1,19.50,19.50,true,1,
8002110383709,false,קרם ידיים ניוטרוג'ינה50מ,ג'ונסון,FR,קרם ידיים,מיליליטרים,50.00,"100 מ""ל",false,0,25.50,51.00,true,1,
8002270866524,false,סן פלגרינו 1 ליטר,סן פלגרינו,IT,סן פלגרינו,ליטרים,1.00,ליטר,false,0,8.90,8.90,true,1,
8002450201008,false,"רספברי ספרקלטיני 750 מ""ל",בוסקה,IT,רספברי ספרקלטיני,מיליליטרים,750.00,"100 מ""ל",false,0,21.30,2.84,true,1,
8002450204009,false,"ורדי אפרסק 750 מ""ל",בוסקה,IT,ורדי אפרסק,מיליליטרים,750.00,"100 מ""ל",false,0,21.30,2.84,true,1,
8003130129544,false,חטיפי תפוח אדמה זיגזג50ג,סן קרלו,IT,חטיפי תפוח אדמה,גרמים,50.00,100 גרם,false,1,5.00,10.00,true,1,
8003753158556,false,קפסולות קפה אילי קלאסי57,ג'ייקובס דאו אגרבטס פר א,FR,קפסולות קפה אילי,גרמים,57.00,100 גרם,false,1,23.40,41.05,true,1,
8003753158587,false,קפסולות קפה אילי פורטה57,ג'ייקובס דאו אגרבטס פר א,FR,קפסולות קפה אילי,גרמים,57.00,100 גרם,false,1,23.40,41.05,true,1,
8004030022010,false,ירקות גינה עם טונה160גרם,"בולטון אלימנטרי בע""\מ",IT,ירקות עם טונה,גרמים,160.00,100 גרם,false,1,14.40,9.00,true,1,
8004030044005,false,טונה ריו בשמן זית 160גרם,"בולטון אלימנטרי בע""\מ",IT,טונה בשמן זית,גרמים,160.00,100 גרם,false,0,15.90,9.94,true,1,
8004030344938,false,טונה בשמן זית 80*3גרם,"בולטון אלימנטרי בע""\מ",IT,טונה ריו מרה 3יח,גרמים,240.00,100 גרם,false,0,24.40,10.17,true,1,
8004690050507,false,פטוצ'יני לה מוליזנה 500ג,לה מוליסנה,IT,פסטה פטוצ'יני,גרמים,500.00,100 גרם,false,1,7.60,1.52,true,1,
8004690050620,false,פסטה לינגוויני 500 גרם,לה מוליזנה קמפובאסן,IT,פסטה לה מוליזנה,גרמים,500.00,100 גרם,false,1,7.60,1.52,true,1,
8004690051573,false,ספגטי לה מוליזנה 500 גרם,לה מוליזנה קמפובאסן,IT,ספגטי לה מוליזנה,גרמים,500.00,100 גרם,false,1,7.60,1.52,true,1,
8004690052044,false,פסטה פנה ריגטה 500 גרם,לה מוליזנה קמפובאסן,IT,פנה ריגטה,גרמים,500.00,100 גרם,false,1,7.60,1.52,true,1,
8004690052846,false,פוזילי לה מוליזנה 500 גר,לה מוליסנה,IT,פסטה פוזילי,גרמים,500.00,100 גרם,false,1,7.60,1.52,true,1,
8004690053195,false,פסטה ריגוטיני 500 גרם,לה מוליזנה קמפובאסן,IT,פסטה לה מוליזנה,גרמים,500.00,100 גרם,false,1,7.60,1.52,true,1,
8004690057308,false,פסטה רדיאטורי 500 גרם,לה מוליסנה,IT,פסטה רדיאטורי,גרמים,500.00,100 גרם,false,1,7.60,1.52,true,1,
8004690101513,false,פסטה קוואדרטו 500 גרם,לה מוליזנה קמפובאסן,IT,פסטה קוואדרטו,גרמים,500.00,100 גרם,false,1,7.60,1.52,true,1,
8004690106600,false,פרפלה לה מוליזינה 500 גר,לה מוליזנה קמפובאסן,IT,פסטה לה מוליזנה,גרמים,500.00,100 גרם,false,0,7.60,1.52,true,1,
8004708018987,false,מלח ורוד במטחנה 90 גרם,דרוגיה ואלימנטרי אס.אר.א,IT,מלח ורוד במטחנה,גרמים,90.00,100 גרם,false,1,11.70,13.00,true,1,
8004800000064,false,גלילי וופל קרם קקאו100ג,לגו גרופ ס.פ.א.,IT,גלילי וופל לאגו,גרמים,100.00,100 גרם,false,1,11.80,11.80,true,1,
8004800000071,false,גלילי ופל ק.אגוז לוז100ג,לגו גרופ ס.פ.א.,IT,גלילי וופל לאגו,גרמים,100.00,100 גרם,false,1,11.80,11.80,true,1,
8004800004802,false,גלילי וופל קרם דומדמנ100,לגו גרופ ס.פ.א.,IT,גלילי וופל לאגו,גרמים,100.00,100 גרם,false,1,11.80,11.80,true,1,
8004800005502,false,גלילי ופל מיני ק.קקאו125,לגו גרופ ס.פ.א.,IT,גלילי וופל מיני,גרמים,125.00,100 גרם,false,1,8.40,6.72,true,1,
8004800005519,false,גלילי ופל מיני אג.לוז125,לגו גרופ ס.פ.א.,IT,גלילי וופל מיני,גרמים,125.00,100 גרם,false,1,8.40,6.72,true,1,
8004800005526,false,גלילי וופל מיני קוקוס125,לגו גרופ ס.פ.א.,IT,גלילי וופל מיני,גרמים,125.00,100 גרם,false,1,8.40,6.72,true,1,
8005110002243,false,תרכיז עגבניות 185 גרם,מוטי,IT,תרכיז עגבניות,גרמים,185.00,100 גרם,false,1,7.20,3.89,true,1,
8005110002533,false,רוטב פסטה עגבנ.דטרינ400,מוטי אס.פי.אי,IT,רוטב לפסטה,גרמים,400.00,100 גרם,false,1,11.80,2.95,false,1,
8005110002557,false,רוטב מעגבנ.רומא לפסטה400,מוטי אס.פי.אי,IT,רוטב לפסטה,גרמים,400.00,100 גרם,false,1,11.80,2.95,false,1,
8005110060007,false,עגבניות מקולפות,,IT,עגבניות מקולפות,גרמים,400.00,100 גרם,false,0,6.10,1.53,true,1,
8005110171215,false,עגבניות חתוכות 690 גרם,מוטי,IT,עגבניות חתוכות,גרמים,690.00,100 גרם,false,0,13.50,1.96,true,1,
8005110191015,false,מחית עגבניות קלה+בזיל700,מוטי,IT,מחית עגבניות קלה,גרמים,700.00,100 גרם,false,0,11.80,1.69,true,1,
8005110200014,false,רכז עגבניות מוטי 210 גרם,מוטי אס.פי.איי,IT,רכז עגבניות,גרמים,210.00,100 גרם,false,0,6.70,3.19,true,1,
8005110551253,false,רוטב לפיצה 400 גרם,מוטי,IT,רוטב לפיצה,גרמים,400.00,100 גרם,false,1,8.40,2.10,true,1,
8005200256587,false,נסטי בטעם אפרסק 1.5 ליטר,מפעל סאנפלגרינו S.P.A,IT,נסטי בטעם אפר,ליטרים,1.50,ליטר,false,0,7.90,5.27,true,1,
8005200286584,false,נסטי מנגו אננס 1.5 ליטר,מפעל סאנפלגרינו S.P.A,IT,נסטי מנגו אננ,ליטרים,1.50,ליטר,false,0,7.90,5.27,true,1,
8005200316588,false,נסטי דיאט טעם אפרסק 1.5ל,מפעל סאנפלגרינו s.p.a,IT,נסטי דיאט אפר,ליטרים,1.50,ליטר,false,0,7.90,5.27,true,1,
8005852613509,false,שזיר טונה עם פפאיה 75גרם,,TH,שזיר טונה עם פפא,גרמים,75.00,100 גרם,false,0,5.10,6.80,true,1,
8005852750013,false,מעדן טונה לחתול 85 גרם,,TH,שזיר מעדן טונה,גרמים,85.00,100 גרם,false,0,5.10,6.00,true,1,
8005852750112,false,שזיר מעדן עוף 85 גרם,,TH,שזיר מעדן עוף,גרמים,85.00,100 גרם,false,0,5.10,6.00,true,1,
8005852750549,false,שזיר לחתול בקר ועוף 85גר,,TH,שזיר בקר ועוף,גרמים,85.00,100 גרם,false,0,5.10,6.00,true,1,
8006227000733,false,לחם חיטה מלא ללא קשה250,מורטו,IT,לחם ללא קשה,גרמים,250.00,100 גרם,false,1,15.30,6.12,true,1,
8006227001372,false,לחם לבן ללא קשה 400 גרם,מורטו,IT,לחם ללא קשה,גרמים,400.00,100 גרם,false,1,17.00,4.25,true,1,
8006227001389,false,לחם קמח מלא ללא קשה400ג,מורטו,IT,לחם ללא קשה,גרמים,400.00,100 גרם,false,1,17.00,4.25,true,1,
8006227270945,false,לחם לבן ללא קשה 250 גרם,,IT,לחם ללא קשה,גרמים,250.00,100 גרם,false,1,15.30,6.12,true,1,
8006540112793,false,לנור מרכך יסמין 900מל,פרוקטר אנד גמבל,US,לנור מרכך מרוכז,מיליליטרים,900.00,"100 מ""ל",false,1,13.50,1.50,true,1,
8006540112854,false,לנור מרכך ניחוח סחלב900,פרוקטר אנד גמבל,US,לנור מרכך מרוכז,מיליליטרים,900.00,"100 מ""ל",false,1,13.50,1.50,true,1,
8006540221341,false,מגן תחתון אולוויז לארג 4,,DE,מגן תחתון אולווי,יחידה,1.00,יחידה,false,1,15.30,15.30,true,1,
8006540385029,false,"הד&שולדרס מן 2ב1 540מ""ל",URLATI GAMBLE & PROCTER,RO,הד&שולדרס מן 2ב1,מיליליטרים,540.00,"100 מ""ל",false,1,18.70,3.46,true,1,
8006540385067,false,"שמפו ה&ש מן ספורט 540מ""ל",URLATI GAMBLE & PROCTER,RO,ה&ש שמפו מן,מיליליטרים,540.00,"100 מ""ל",false,1,18.70,3.46,true,1,
8006540404850,false,דיסקריט 10 תחבושות לונג,,DE,דיסקריט תחבושות,יחידה,1.00,יחידה,false,1,14.40,14.40,true,1,
8006540410905,false,הד&שולדרס שמפו 7ב1 450מ,S BLOIS GAMBLE & PROCTER,FR,ה&ש שמפו 7  ב1-,מיליליטרים,450.00,"100 מ""ל",false,1,18.70,4.16,true,1,
8006540410967,false,הד&שולדרס שמפו 7ב1 450מ,S BLOIS GAMBLE & PROCTER,FR,הד&שולדרס שמפו,גרמים,450.00,100 גרם,false,1,18.70,4.16,true,1,
8006540429327,false,"פיירי לימון מקס 440 מ""ל",,CZ,פיירי לימון,מיליליטרים,440.00,"100 מ""ל",false,1,9.30,2.11,true,1,
8006540491539,false,פיירי פלטינום אורגינל,פרוקטר אנד גמבל,GB,פיירי פלטינום,מיליליטרים,780.00,"100 מ""ל",false,1,10.60,1.36,true,1,
8006540495186,false,"מרכך לנור בייבי 900 מ""ל",פרוקטר אנד גמבל,FR,מרכך כביסה בייבי,מיליליטרים,900.00,"100 מ""ל",false,1,13.50,1.50,true,1,
8006540495216,false,מרכך כביסה אמאטיסט900מ,פרוקטר אנד גמבל,FR,מרכך כביסה לנור,מיליליטרים,900.00,"100 מ""ל",false,1,13.50,1.50,true,1,
8007178120310,false,"חומץ בלסמי גקובזי 500מ""ל",ג'אקובזי,IT,חומץ בלסמי,מיליליטרים,500.00,"100 מ""ל",false,0,19.50,3.90,true,1,
8008245004847,false,ממרח אגוזי לוז וקקאו300ג,נאטקו,IT,ממרח אגוזי לוז,גרמים,300.00,100 גרם,false,1,11.80,3.93,true,1,
8008245004861,false,ממרח חלב עם אגוזי לוז300,נאטקו,IT,ממרח אגוזי לוז,גרמים,300.00,100 גרם,false,1,11.80,3.93,true,1,
8008440522016,false,"בירה פרוני 6 * 330 מ""ל",פרוני,IT,בירה פרוני 6 יח,ליטרים,1.98,ליטר,false,1,38.30,19.34,true,1,
8014515330059,false,עגבניות שלמות מקולפות400,שופרסל-ייבוא,IT,עגבניות שלמות,גרמים,400.00,100 גרם,false,0,5.70,1.43,true,1,
8014515330196,false,עגבניות מרוסקות 400 גרם,אמיליאנה קונסרב סוסייטה,IT,עגבניות מרוסקות,גרמים,400.00,100 גרם,false,1,5.70,1.43,true,1,
8014515330738,false,קוביות עגבניות פומו400גר,שופרסל-ייבוא,IT,קוביות עגבניות,גרמים,400.00,100 גרם,false,0,5.70,1.43,true,1,
8033275522368,false,"מונטרו קיאנטי 750 מ""ל",סרסטר,IT,מונטרו קיאנטי,מיליליטרים,750.00,"100 מ""ל",false,1,51.10,6.81,true,1,
8076800195033,false,ספגטיני מס' 3 500 גרם,ברילה גי.אי.אר פרטלי ס.פ,IT,ספגטיני מס' 3,גרמים,500.00,100 גרם,false,0,6.70,1.34,true,1,
8076800195057,false,ספגטי מס' 5 ברילה500גר,ברילה גי.אי.אר פרטלי ס.פ,IT,ספגטי מס 5 ברילה,גרמים,500.00,100 גרם,false,0,6.70,1.34,true,1,
8076802085738,false,פנה ריגטה מס73' 500 גרם,ברילה גי.אי.אר פרטלי ס.פ,IT,פנה ריגטה ברילה,גרמים,500.00,100 גרם,false,0,6.70,1.34,true,1,
8076802085936,false,קונצ'יליה ריגטי 500 גרם,ברילה גי.אי.אר פרטלי ס.פ,IT,קונצ'יליה,גרמים,500.00,100 גרם,false,0,6.70,1.34,true,1,
8076802085981,false,פסטה פוזילי מס98' 500גרם,ברילה גי.אי.אר פרטלי ס.פ,IT,פוזילי ברילה,גרמים,500.00,100 גרם,false,0,6.70,1.34,true,1,
8076808050440,false,פסטה מקרוני מס44' 500 גר,ברילה,IT,מקרוני ברילה,גרמים,500.00,100 גרם,false,0,6.70,1.34,true,1,
8076808060654,false,פסטה פרפלה מס65' 500 גרם,ברילה גי.אי.אר פרטלי ס.פ,IT,פסטה פרפלה ברילה,גרמים,500.00,100 גרם,false,0,6.70,1.34,true,1,
8076808150072,false,ספגטי מס' 7 500 גרם,ברילה גי.אי.אר פרטלי ס.פ,IT,ספגטי ברילה,גרמים,500.00,100 גרם,false,0,6.70,1.34,true,1,
8076809512268,false,פסטה גירנדולה מס34' 500ג,ברילה גי.אי.אר פרטלי ס.פ,IT,פסטה גירנדולה,גרמים,500.00,100 גרם,false,0,6.70,1.34,true,1,
8076809513388,false,רוטב פיקנטי לפסטה 400גרם,ברילה גי.אי.אר פרטלי ס.פ,IT,רוטב לפסטה,גרמים,400.00,100 גרם,false,0,11.80,2.95,true,1,
8076809513395,false,רוטב פומודורו ברילה 400ג,ברילה גי.אי.אר פרטלי ס.פ,IT,רוטב עגבניות,גרמים,400.00,100 גרם,false,0,11.80,2.95,true,1,
8076809513654,false,בסיס לרוטב בולונז 400 גר,ברילה גי.אי.אר פרטלי ס.פ,IT,בסיס לרוטב,גרמים,400.00,100 גרם,false,0,11.80,2.95,true,1,
8076809513692,false,רוטב לפסטה נפוליטנה400גר,ברילה גי.אי.אר פרטלי ס.פ,IT,רוטב לפסטה,גרמים,400.00,100 גרם,false,0,11.80,2.95,true,1,
8076809513739,false,רוטב בזיליקום ברילה400גר,ברילה גי.אי.אר פרטלי ס.פ,IT,רוטב בזיליקום,גרמים,400.00,100 גרם,false,0,11.80,2.95,true,1,
8076809523561,false,רוטב עגבניות טוסקנה400ג,ברילה גי.אי.אר פרטלי ס.פ,IT,רוטב עגבניות,גרמים,400.00,100 גרם,false,0,11.80,2.95,true,1,
8076809547956,false,ברילה קיפרי 500 גרם,,IT,ברילה קיפרי,גרמים,500.00,100 גרם,false,1,6.70,1.34,true,1,
8121300207172,false,תערובת סוכר קנים500 גרם,,US,סטיביה סוכר קנים,גרמים,500.00,100 גרם,false,1,29.80,5.96,true,1,
8410076600622,false,קראנץ שבבי שוקולד 210ג,ג'נרל מילס סאן אדריאן,ES,נייצר וואלי שוקו,גרמים,210.00,100 גרם,false,0,18.70,8.90,true,1,
8410076610379,false,נייטשר פרוטאין שוקו40*4ג,ג'נרל מילס,ES,נייטשר וואלי,גרמים,160.00,100 גרם,false,1,22.90,14.31,true,1,
8410076610386,false,נייטשר פרוטאין קרמל40*4ג,ג'\נרל מילס סאן אדריאן S,ES,נייטשר וואלי 4יח,גרמים,160.00,100 גרם,false,1,22.90,14.31,true,1,
8410128768324,false,משקה שקדים ויוה סוי 1 ל,S.A.U\n PASCUAL CALIDAD,ES,משקה שקדים,ליטרים,1.00,ליטר,false,1,10.10,10.10,true,1,
8410128783587,false,משקה שבול.שועל בריסטה 1ל,S.A.U\n PASCUAL CALIDAD,ES,משקה שיבולת,ליטרים,1.00,ליטר,false,1,10.10,10.10,true,1,
8410179000411,false,שמן צמחי E+Dויטמין 1ל,PONTU BORGES ACEITES,ES,שמן צמחי מועשר,ליטרים,1.00,ליטר,false,1,12.70,12.70,true,1,
8410179010809,false,שמן קנולה בורחס 1 ליטר,בורחס,ES,שמן קנולה,ליטרים,1.00,ליטר,false,1,11.80,11.80,true,1,
8410179014814,false,שמן צמחיE+ויטמין 1ליטר,PONTU BORGES ACEITES,ES,שמן צמחי מועשר,ליטרים,1.00,ליטר,false,1,12.70,12.70,true,1,
8410179014821,false,שמן קנולה + E ויטמין 1ל,PONTU BORGES ACEITES,ES,שמן קנולה,ליטרים,1.00,ליטר,false,1,12.70,12.70,true,1,
8410179018027,false,שמן קלונה מועשר 1 ליטר,FOO BRANDED BORGES,ES,שמן קנולה מועשר,ליטרים,1.00,ליטר,false,1,12.70,12.70,true,1,
8410179018034,false,שמן חמניות מועשר 1 ליטר,FOO BRANDED BORGES,ES,שמן חמניות,ליטרים,1.00,ליטר,false,1,12.70,12.70,true,1,
8410179100043,false,שמן זית כתית מעולה 750מל,,ES,שמן זית כתית,מיליליטרים,750.00,"100 מ""ל",false,0,29.80,3.97,true,1,
8410376009392,false,ביסקוויט חיט.מלא ללתס170,גאלטס גלון סא,ES,"ביסקוויט ללת""ס",גרמים,170.00,100 גרם,false,1,8.40,4.94,true,1,
8410376010701,false,"ביסקוויט מרי ללת""ס 400 ג",גולון,ES,"ביסקוויט ללת""ס",גרמים,400.00,100 גרם,false,1,16.10,4.03,true,1,
8410376037883,false,עוג.שוקוצ'יפס ל.גלוטן130,גולון,ES,שוקולד שוקוצ'יפס,גרמים,130.00,100 גרם,false,0,10.10,7.77,true,1,
8410441000576,false,"יין פאוסטינו אדום 750 מ""",בודגס פאוסטינו,ES,פאוסטינו אדום,מיליליטרים,750.00,"100 מ""ל",false,1,68.30,9.11,true,1,
8410644611203,false,קאווה אימבריקה,,ES,קאווה אימבריקה,מיליליטרים,750.00,"100 מ""ל",false,0,27.30,3.64,true,1,
8420822130624,false,"7-KH מסיר כתמים 750 מ""ל",,ES,מסיר כתמים,מיליליטרים,750.00,"100 מ""ל",false,1,17.80,2.37,true,1,
8422443005602,false,קברנה טורס דה אספניה750מ,בומד,DE,קברנה אספניה,מיליליטרים,750.00,"100 מ""ל",false,1,34.10,4.55,true,1,
8423207206495,false,סלים דליס שוקולד מריר6י,סלים דליס,ES,חטיפי דגנים מרבה,גרמים,120.00,100 גרם,false,0,11.00,9.17,true,1,
8423207208680,false,סלים דליס ילדים ש.חלב6יח,סלים דליס,ES,סלים דליס 6 יח,גרמים,120.00,100 גרם,false,1,11.00,9.17,true,1,
8423207208871,false,פריכיות תירס ט.טבעי 130ג,ביסנצורי,ES,פריכיות תירס,גרמים,130.00,100 גרם,false,1,9.30,7.15,true,1,
8425206000081,false,ריבת חלב,,ES,ריבת חלב,גרמים,450.00,100 גרם,false,0,18.70,4.16,true,1,
8435495807605,false,תינוקלין מרכך לבן 1 ליטר,סארוהאן,TR,תינוקלין מרכך,ליטרים,1.00,ליטר,false,1,14.40,14.40,true,1,
8436037791802,false,"קרם ידיים אלוורה 125 מ""ל",RNB,ES,קרם ידיים,מיליליטרים,125.00,"100 מ""ל",false,1,7.60,6.08,true,1,
8436037792403,false,סרום לפנים אנטי אייג' 30,RNB,ES,סרום לפנים,מיליליטרים,30.00,"100 מ""ל",false,1,21.20,70.67,true,1,
8436037792793,false,קרם פנים יום עם שמן זית,RNB,ES,קרם פנים יום,מיליליטרים,50.00,"100 מ""ל",false,1,21.20,42.40,true,1,
8436037792816,false,קרם עיניים עם שמן זית15מ,,ES,קרם עיניים,מיליליטרים,15.00,"100 מ""ל",false,1,21.20,141.33,true,1,
8436037792960,false,"קרם רב""ש בפחית 70 מ""ל",RNB,ES,קרם רב שימושי,מיליליטרים,70.00,"100 מ""ל",false,1,8.50,12.14,true,1,
8436037793011,false,"קרם רב""ש עם שמן זית 250",RNB,ES,קרם גוף,מיליליטרים,250.00,"100 מ""ל",false,1,12.80,5.12,true,1,
8594404001418,false,בירה קוזל כהה בק.חוזר500,,CZ,בירה קוזל כהה,מיליליטרים,500.00,"100 מ""ל",false,1,7.60,1.52,true,1,
8606018615827,false,פיינט אוראו 300 גרם,,RS,פיינט אוראו,גרמים,300.00,100 גרם,false,1,18.70,6.23,true,1,
8606018615841,false,פיינט מילקה וניל ליבת שו,,RS,פיינט מילקה וניל,גרמים,300.00,100 גרם,false,1,18.70,6.23,true,1,
8606018615865,false,פיינט מילקה קרמל 300 גרם,,RS,פיינט מילקה קרמל,גרמים,300.00,100 גרם,false,1,18.70,6.23,true,1,
8606109023593,false,"פרוויטה תפו""ע ואגסים 750",פרובישקה,RS,"פרוויטה תפו""ע",מיליליטרים,750.00,"100 מ""ל",false,1,10.20,1.36,true,1,
8606109023623,false,"פרוויטה תפו""ע וליים750מ",פרובישקה,RS,"פרוויטה תפו""ע",מיליליטרים,750.00,"100 מ""ל",false,1,10.20,1.36,true,1,
8606109023647,false,"פרוויטה תפו""ע וסלק 750 מ",פרובישקה,RS,"פרוויטה תפו""ע",מיליליטרים,750.00,"100 מ""ל",false,1,10.20,1.36,true,1,
8606109023715,false,"פרוויטה תפו""ע אפרסקים750",פרובישקה,RS,"פרוויטה תפו""ע",מיליליטרים,750.00,"100 מ""ל",false,1,10.20,1.36,true,1,
8606109023722,false,"פרוויטה תפו""ע ומשמש750מל",,RS,"פרוויטה תפו""ע",מיליליטרים,750.00,"100 מ""ל",false,1,10.20,1.36,true,1,
8681863065270,false,מלח ים מים האגאי 350 גרם,גידה,TR,מלח ים מים האגאי,גרמים,350.00,100 גרם,false,1,17.80,5.08,true,1,
8681863065300,false,מלח עם שום קלוי 280 גרם,גידה,TR,מלח עם שום קלוי,גרמים,280.00,100 גרם,false,1,17.80,6.35,true,1,
8681863065324,false,מלח ים עם רוזמרין 200 גר,גידה,TR,מלח ים+רוזמרין,גרמים,220.00,100 גרם,false,1,17.80,8.09,true,1,
8681863065362,false,מלח ים עם פלפל שחור350גר,גידה,TR,מלח ים+פלפל שחור,גרמים,350.00,100 גרם,false,1,17.80,5.08,true,1,
8681863065379,false,מלח ים עם פלפל צ'ילי220ג,גידה,TR,מלח ים+פלפל צ'יל,גרמים,220.00,100 גרם,false,1,17.80,8.09,true,1,
8683323063024,false,ממתק בטעם תותי פרוטי220ג,סאדאט,TR,ממתק בטעם תותי,גרמים,220.00,100 גרם,false,1,6.70,3.05,true,1,
8690504153740,false,שוקולד מריר קרם גנאש 86ג,גודייבה,TR,שוקולד מריר קרם,גרמים,86.00,100 גרם,false,1,13.50,15.70,true,1,
8690504153849,false,שוקולד חלב קרם אגוזים83ג,גודייבה,TR,שוקולד חלב,גרמים,83.00,100 גרם,false,1,13.50,16.27,true,1,
8690526029207,false,וופל קרם קקאו+בוטנים29*5,אתי גידה סאנאי וה טיק .A,TR,וופל אתי 5 יח,גרמים,145.00,100 גרם,false,1,8.40,5.79,true,1,
8690526029238,false,וופל מצופה שוק.מריר50*3ג,"GIDA ETI , טורקיה n\",TR,וופל מצופה שוקול,גרמים,150.00,100 גרם,false,1,8.40,5.60,true,1,
8690526039190,false,וופל קרם אגוז+בוטנים29*5,אתי גידה סאנאי וה טיק .A,TR,וופל אתי 5 יח,גרמים,145.00,100 גרם,false,1,8.40,5.79,true,1,
8690526039206,false,ופלים מיני קרם קקאו 140ג,"GIDA ETI , טורקיה n\",TR,ופלים מיני קקאו,גרמים,140.00,100 גרם,false,1,8.40,6.00,true,1,
8690530036727,false,ממחטות 3שכ.מקסי סלפאק100,,TR,ממחטות מקסי,יחידה,1.00,יחידה,false,1,9.30,9.30,true,1,
8690530161320,false,10ממחטות פרימיום לושיין,,TR,ממחטות פוקט,יחידה,1.00,יחידה,false,1,11.80,11.80,true,1,
8690637504426,false,סיף קרם ניקוי לימון 500מ,יוניליוור סנאיי וי טיקאר,TR,קרם ניקוי סיף,מיליליטרים,500.00,"100 מ""ל",false,1,10.80,2.16,true,1,
8690637505607,false,מרכך כביסה פינוק960מל,יוניליוור סנאיי וי טיקאר,TR,מרכך כביסה בדין,מיליליטרים,960.00,"100 מ""ל",false,1,15.30,1.59,true,1,
8690637555084,false,בדין אקסטרא פריחת התפוז,יוניליוור סנאיי וי טיקאר,TR,מרכך בדין אקסטרא,מיליליטרים,960.00,"100 מ""ל",false,0,15.30,1.59,true,1,
8690637688195,false,תה ירוק קלאסי ליפטון20ש,,TR,תה ירוק ליפטון,גרמים,30.00,100 גרם,false,0,14.70,49.00,true,1,
8690637835643,false,תה ירוק לימונית לואיז20ש,,TR,תה ירוק ליפטון,גרמים,30.00,100 גרם,false,1,14.70,49.00,true,1,
8690637842399,false,מגנום מיני דאבל פרי+שוקו,שטראוס,TR,מגנום מיני דאבל,גרמים,323.00,100 גרם,false,1,27.20,8.42,true,1,
8690637871245,false,מיונז לחיץ הלמנס 395 גרם,יוניליוור,TR,מיונז לחיץ הלמנס,גרמים,395.00,100 גרם,false,1,14.40,3.65,true,1,
8690637890666,false,מגנום מיני דאבל פיס/שוקו,שטראוס,TR,מגנום מיני דאבל,גרמים,282.00,100 גרם,false,1,27.20,9.65,true,1,
8690637946301,false,בדין אקסטרא בייבי 960 מל,יוניליוור סנאיי וי טיקאר,TR,בדין מרכך בייבי,מיליליטרים,960.00,"100 מ""ל",false,1,15.30,1.59,true,1,
8690637946318,false,בדין אקסטרא בייבי טלק960,יוניליוור סנאיי וי טיקאר,TR,מרכך בדין בייבי,מיליליטרים,960.00,"100 מ""ל",false,1,15.30,1.59,true,1,
8690637976995,false,בדין ורוד סחלבים960מל,יוניליוור סנאיי וי טיקאר,TR,בדין אקסטרה ורוד,מיליליטרים,960.00,"100 מ""ל",false,1,15.30,1.59,true,1,
8690637989612,false,מגנום מיני דולצ'ה גולד,יונילוור סנאיי וי טיג'\,TR,מגנום מיני דולצ',גרמים,246.00,100 גרם,false,1,27.20,11.06,true,1,
8690637994036,false,בדין מרכך כחול  1.44ל,יוניליוור סנאיי וי טיקאר,TR,מרכך כביסה מרוכז,ליטרים,1.44,ליטר,false,1,19.50,13.54,true,1,
8690757002444,false,נוזל להברקה נעליים שחור,SSCP,TR,נוזל להברקת נעל,מיליליטרים,75.00,"100 מ""ל",false,1,5.50,7.33,true,1,
8690766156367,false,שוקולד חלב גודייבה 90 גר,גודייבה,TR,שוקולד גודייבה,גרמים,90.00,100 גרם,false,1,13.50,15.00,true,1,
8690766156381,false,שוק.מריר 90% קקאו 90 גרם,גודייבה,TR,שוקולד גודייבה,גרמים,90.00,100 גרם,false,1,13.50,15.00,true,1,
8690770322598,false,שמרים יבשים 125 גרם,הנמל,TR,שמרים יבשים,גרמים,125.00,100 גרם,false,0,4.40,3.52,true,1,
8690777206051,false,חציל קלוי,,TR,חציל קלוי,גרמים,650.00,100 גרם,false,0,11.00,1.69,true,1,
8690777221405,false,פלפל אדום קלוי,,TR,פלפל אדום קלוי,גרמים,650.00,100 גרם,false,0,11.00,1.69,true,1,
8690784516440,false,דאק נוזל ג'ל לבנדר 750מל,"אס.סי.ג'\ונסון מידרכט, ה",NL,דאק נוזל ג'ל,מיליליטרים,750.00,"100 מ""ל",false,1,7.60,1.02,true,1,
8690784614665,false,דאק סבון לאסלה ניחוח ים,"פול הון ,(#POL-hUN) קולו",PL,דאק סבון אסלה,יחידה,1.00,יחידה,false,1,8.40,8.40,true,1,
8690946190006,false,פסטה פנה 500 גרם,,TR,פסטה פנה,גרמים,500.00,100 גרם,false,1,3.40,0.68,true,1,
8690946250014,false,פסטה ספגטי 500 גרם,מוטלו,TR,פסטה ספגטי,גרמים,500.00,100 גרם,false,1,3.40,0.68,true,1,
8690946250168,false,פסטה פוסילי 500 גרם,מוטלו,TR,פסטה פוסילי,גרמים,500.00,100 גרם,false,1,3.40,0.68,true,1,
8690946250182,false,פסטה קונכיות גדולות500גר,מוטלו,TR,פסטה קונכיות,גרמים,500.00,100 גרם,false,1,3.40,0.68,true,1,
8690946250205,false,פסטה לינגוויני 500 גרם,מוטלו,TR,פסטה לינגוויני,גרמים,500.00,100 גרם,false,1,3.40,0.68,true,1,
8693323085100,false,ממתק חמוץ שטיח פירות100ג,סאדאט,TR,ממתק חמוץ,גרמים,100.00,100 גרם,false,1,3.80,3.80,true,1,
8693495041461,false,2מברשות סלים סופט פחם,קולגייט פלמוליב,CN,זוג מברשות,יחידה,1.00,יחידה,false,0,27.20,27.20,true,1,
8697530910743,false,פאלמאל כחול קצר חפיסה,bat,TR,פאלמאל  כחול קצר,יחידה,1.00,יחידה,false,0,31.50,31.50,false,1,
8697530910750,false,פאלמאל כחול ארוך חפיסה,bat,TR,פאלמאל כחול ארוך,יחידה,1.00,יחידה,false,0,31.50,31.50,false,1,
8697530910941,false,פאלמאל כחול קצר פאקט,bat,TR,פאלמאל כחול קצר,יחידה,1.00,יחידה,false,0,295.00,295.00,false,1,
8697530911276,false,קנט קצר חפיסה,bat,TR,קנט קצר,יחידה,1.00,יחידה,false,0,38.00,38.00,false,1,
8699568532003,false,"וולה פלקס ספריי250 מ""ל",אינטרספריי,FR,וולה פלקס ספריי,מיליליטרים,250.00,"100 מ""ל",false,1,25.50,10.20,true,1,
8710447275306,false,דאב ק.ידיים שמן אבוקדו75,"יוניליוור פולין, רחוב קר",PL,קרם ידיים דאב,מיליליטרים,75.00,"100 מ""ל",false,1,10.10,13.47,true,1,
8710502064814,false,עוג.שוקוציפס מרקם רך175ג,בנקטבקריי מרבה בי.וי,NL,עוגיות מרבה,גרמים,175.00,100 גרם,false,1,9.30,5.31,true,1,
8710502231018,false,עוג.שוקולד צ'יפס מיני175,"מרבה בע""\מ",NL,עוגיות מרבה,גרמים,175.00,100 גרם,false,1,9.30,5.31,true,1,
8710502260032,false,עוגיות שוקולד צ'יפס150ג,בנקטבקריי מרבה בי.וי,NL,עוגיות שוקולד,גרמים,150.00,100 גרם,false,0,6.70,4.47,true,1,
8710502279010,false,עוגיות מרבה,,,עוגיות מרבה,יחידה,1.00,יחידה,false,0,9.30,9.30,true,1,
8710502470035,false,עוגיות נוגטלי קר.אגוז200,"מרבה בע""\מ",NL,עוגיות מרבה,גרמים,200.00,100 גרם,false,1,10.10,5.05,true,1,
8710522584200,false,תח.רחצה דאב ורדים500מ,"יוניליוור גרמניה, Gmbh &",DE,תחליב רחצה דאב,מיליליטרים,500.00,"100 מ""ל",false,1,14.40,2.88,true,1,
8710552274614,false,ספריי לשטיחים 600מל,רקיט בנקיזר,GB,ספריי לשטיחים,מיליליטרים,600.00,"100 מ""ל",false,1,21.20,3.53,true,1,
8710908404184,false,דאו.דאב 0% אלומיניום150מ,יוניליוור,IT,דאודורנט דאב,מיליליטרים,150.00,"100 מ""ל",false,1,12.70,8.47,true,1,
8711000362570,false,קפסולות לור 9 פורזה 52גר,JDE,FR,קפסולות לור,גרמים,52.00,100 גרם,false,1,17.00,32.69,true,1,
8711000362617,false,קפסולות אספרסו 8 לונגו52,ג'\קובס דאו אגברטס צרפת,FR,קפסולות לור,גרמים,52.00,100 גרם,false,1,17.00,32.69,true,1,
8711000362655,false,קפסולות לור 9 אבסולו52ג,"ג'\ייקובס דאו אגרבטס, צר",FR,קפסולות לור,גרמים,52.00,100 גרם,false,1,17.00,32.69,true,1,
8711000362747,false,קפסולות לור 11 ריסטרטו52,גיקובס דאו אגברטס צרפת,FR,קפסולות לור,גרמים,52.00,100 גרם,false,1,17.00,32.69,true,1,
8711000371183,false,קפסולות קפה אינטנסו52גרם,ג'ייקובס דאו אגברטס צרפת,FR,קפסולות ג'קובס,גרמים,52.00,100 גרם,false,1,15.30,29.42,true,1,
8711000471296,false,קפסולות לור 13 אולטימו52,ג'\ייקובס דאו אגרבטס צרפ,FR,קפסולות לור,גרמים,52.00,100 גרם,false,1,17.00,32.69,true,1,
8712000051099,false,הייניקן 0% אלכוהול330*6,"מבשלת היינקן, ריטבלדנברג",NL,6 בירה הייניק0%,ליטרים,1.98,ליטר,false,1,29.80,15.05,true,1,
8712400802512,false,נוטרילון שלב2- 800 גרם,נוטרישיה קאלק,NL,נוטרילון שלב2-,גרמים,800.00,100 גרם,false,0,59.70,7.46,true,1,
8712561594240,false,תח.רחצה דאב הזנה עמוק500,"יוניליוור גרמניה, Gmbh &",DE,תחליב רחצה דאב,מיליליטרים,500.00,"100 מ""ל",false,1,14.40,2.88,true,1,
8712561594608,false,תח.רחצה להזנה עמוקה 750מ,"יוניליוור גרמניה, Gmbh &",DE,תחליב רחצה דאב,מיליליטרים,750.00,"100 מ""ל",false,1,14.40,1.92,true,1,
8712561611411,false,תח.רחצה דאב תה ירוק 750מ,"יוניליוור גרמניה, Gmbh &",DE,תחליב רחצה דאב,מיליליטרים,750.00,"100 מ""ל",false,1,14.40,1.92,true,1,
8714599104316,false,קפה שחור קלוי טחון200ג,אל.אל.סי ג'\ייקובס דאו א,RU,קפה שחור ג'קובס,גרמים,200.00,100 גרם,false,1,14.40,7.20,true,1,
8714599410806,false,קפה ג'קובס קרוננג שקי160,ג'יי.די.אי.,RU,קפה ג'קובס שקית,גרמים,160.00,100 גרם,false,1,16.10,10.06,true,1,
8714599412220,false,קפה ג'קובס וולווט 95 גרם,אל.אל.סי ג'\ייקובס דאו א,RU,קפה ג'קובס,גרמים,95.00,100 גרם,false,1,14.90,15.68,true,1,
8714599412336,false,קפה בריסטה אמריקנו160ג,ג'\ייקובס דאו אגברטס רוס,RU,קפה ג'קובס,גרמים,160.00,100 גרם,false,1,25.20,15.75,true,1,
8714599512159,false,קפה נמס ג'קובס מונארך190,,RU,קפה נמס ג'קובס,גרמים,190.00,100 גרם,false,1,21.20,11.16,true,1,
8714789177229,false,4 מב.קולגייט אקסטרה קלין,קולגייט פלמוליב,CN,4 מברשות שיניים,יחידה,1.00,יחידה,false,0,10.10,10.10,true,1,
8714789402918,false,אג'קס חג.פרחים אדום 1.5ל,קולגייט פלמוליב,GR,אג'קס לניקוי,ליטרים,1.50,ליטר,false,0,19.50,13.00,true,1,
8715700110141,false,ממרח היינץ צנצנת 460 גרם,ה.י.היינץ הולדינג בי.וי,NL,ממרח היינץ,גרמים,460.00,100 גרם,false,1,11.00,2.39,true,1,
8715700110158,false,ממרח במרקם קרמי 490 גרם,ה.י.היינץ הולדינג בי.וי,NL,ממרח במרקם קרמי,גרמים,490.00,100 גרם,false,1,11.00,2.24,true,1,
8715700117805,false,"מתבל עגבנ.ללת""ס ומלח425ג","ה.י היינץ הולדינג בי.וי,",NL,מתבל עגבניות,גרמים,425.00,100 גרם,false,1,10.10,2.38,true,1,
8715700120874,false,קטשופ שום היינץ 460 גרם,ה.י.היינץ הולדינג בי.וי,NL,קטשופ שום היינץ,גרמים,460.00,100 גרם,false,1,10.10,2.20,true,1,
8715700419732,false,מתבל עגבניות היינץ700גרם,היינץ,NL,מתבל עגבניות,גרמים,700.00,100 גרם,false,0,11.80,1.69,true,1,
8715700422473,false,ממרח היינץ מיכל לחיץ395ג,היינץ,NL,ממרח היינץ,גרמים,395.00,100 גרם,false,1,13.50,3.42,true,1,
8715700423906,false,מתבל עגב.מופ.סוכר/מלח550,היינץ,NL,מתבל עגבניות,גרמים,555.00,100 גרם,false,1,10.10,1.82,true,1,
8717163647226,false,דאו ספריי גוף בלאק 150 מ,יוניליוור אנגליה,TR,אקס ספריי,מיליליטרים,150.00,"100 מ""ל",false,1,15.30,10.20,true,1,
8717163647240,false,דאו ספריי גוף שוקולד150מ,יוניליוור אנגליה,TR,אקס ספריי,מיליליטרים,150.00,"100 מ""ל",false,1,15.30,10.20,true,1,
8717163647264,false,דאו ספריי גוף אייס 150 מ,יוניליוור אנגליה,TR,אקס ספריי,מיליליטרים,150.00,"100 מ""ל",false,1,15.30,10.20,true,1,
8717163655764,false,דאו.רקסונה שאוור פרש 150,"קוסטר אירוסול, גבזה 4140",TR,דאודורנט רקסונה,מיליליטרים,150.00,"100 מ""ל",false,1,13.50,9.00,true,1,
8717163714850,false,דאו.דאב ספריי קוקוס 150מ,"קוסטר אירוסול, גבזה 4140",TR,דאודורנט דאב,מיליליטרים,150.00,"100 מ""ל",false,1,12.70,8.47,true,1,
8717677336616,false,שוקולד מריר שקדים+מלח180,אלפרד ריטר,NL,שוקולד מריר,גרמים,180.00,100 גרם,false,1,17.00,9.44,true,1,
8717677336630,false,שוקולד חלב+שקדים+דבש180ג,אלפרד ריטר,NL,שוקולד חלב מעולה,גרמים,180.00,100 גרם,false,1,17.00,9.44,true,1,
8717677336661,false,שוקולד מריר 70% 180 גרם,אלפרד ריטר,NL,שוקולד מריר,גרמים,180.00,100 גרם,false,1,17.00,9.44,true,1,
8717677338436,false,שוקולד חלב+אגוזי לוז180ג,אלפרד ריטר,NL,שוקולד חלב מעולה,גרמים,180.00,100 גרם,false,1,17.00,9.44,true,1,
8718117607662,false,נוטרילוןAR 900גרם,נוטרישיה קאלק,NL,נוטרילון AR,גרמים,900.00,100 גרם,false,1,82.80,9.20,true,1,
8718951030206,false,משחת קולגייט סנסטיב 75 מ,קולגייט פלמוליב,PL,משחת קולגייט,מיליליטרים,75.00,"100 מ""ל",false,1,17.00,22.67,true,1,
8718951166561,false,קולגייט מקס פרש כחול125מ,קולגייט פלמוליב,PL,משחת קולגייט מקס,מיליליטרים,125.00,"100 מ""ל",false,1,16.10,12.88,true,1,
8718951236790,false,קולגייט טוטל קלין 100 מל,קולגייט פלמוליב,PL,קולגייט טוטל,מיליליטרים,100.00,"100 מ""ל",false,1,16.10,16.10,true,1,
8718951236806,false,קולגייט טוטל להלבנה 100מ,,PL,קולגייט טוטל,מיליליטרים,100.00,"100 מ""ל",false,1,16.10,16.10,true,1,
8718951264618,false,"אופטיק וייט פחם 75 מ""ל",קולגייט פלמוליב,PL,משחת קולגייט,מיליליטרים,75.00,"100 מ""ל",false,1,22.90,30.53,true,1,
8718951315303,false,משחת קולגייט אדום 100*2מ,,PL,משחת קולגייט 2יח,מיליליטרים,200.00,"100 מ""ל",false,1,17.00,8.50,true,1,
8718951409798,false,2 מברשת שיניים וייט פחם,"ש. שסטוביץ בע""\מ",CN,מברשת שיניים פחם,יחידה,1.00,יחידה,false,1,24.70,24.70,true,1,
8718951415836,false,קולגייט מי פה פחם 500 מל,,PL,קולגייט מי פה,מיליליטרים,500.00,"100 מ""ל",false,1,28.10,5.62,true,1,
8718951509627,false,"קולגייט לאוהבי קפה 75מ""ל",,PL,קולגייט משחה,מיליליטרים,75.00,"100 מ""ל",false,1,22.90,30.53,true,1,
8719200998001,false,"מרגרינה בלובנד ללת""מ200ג",יוניליוור ישראל מזון בע\,IL,מרגרינה בלובנד,גרמים,200.00,100 גרם,false,1,3.90,1.95,true,1,
8719200998018,false,מרגרינה בטעם חמאה200גרם,"מיוצר ע""\י יוניליוור ישר",IL,מחמאה מרגרינה,גרמים,200.00,100 גרם,false,1,4.20,2.10,true,1,
8719200998032,false,מזולה בטעם חמאה 250 גרם,"מיוצר ע""\י יוניליוור ישר",IL,מזולה טעם חמאה,גרמים,250.00,100 גרם,false,1,9.30,3.72,true,1,
8719200998094,false,"מזולה לאפייה ללת""מ 200 ג","מיוצר ע""\י יוניליוור ישר",IL,מזולה לאפייה,גרמים,200.00,100 גרם,false,1,5.50,2.75,true,1,
8720181046605,false,דאו.דאב ספריי אורגינל150,"קוסטר אירוסול, גבזה 4140",TR,דאודורנט דאב,מיליליטרים,150.00,"100 מ""ל",false,1,12.70,8.47,true,1,
8720182253194,false,אל סבון מוצק מלפפון90*6ג,יוניליוור,DE,סבון מוצק 6יח,גרמים,540.00,100 גרם,false,1,15.20,2.82,true,1,
8720182256362,false,דאב סבון מוצק קלאסי90*6ג,יוניליוור,DE,סבון מוצק 6יח,גרמים,540.00,100 גרם,false,1,15.20,2.82,true,1,
8801055707966,false,טסטרס צ'וייס בריסטה180ג,לוטה נסטלה קוריאה,KR,טסטרס צ'וייס,גרמים,180.00,100 גרם,false,1,28.10,15.61,true,1,
8801055709434,false,טסטרס צ'וייס קולומבי100,לוטה נסטלה קוריאה,KR,קפה טסטרס צ'ויס,גרמים,100.00,100 גרם,false,1,22.10,22.10,true,1,
8801055709458,false,נסקפה קפוצ'ינו קרמל170גר,לוטה נסטלה קוריאה,KR,קפוצ'ינו קרמל,גרמים,170.00,100 גרם,false,1,18.00,10.59,true,1,
8801055709465,false,נסקפה קפוצ'ינו וניל185ג,לוטה נסטלה קוריאה,KR,קפוצ'ינו וניל,גרמים,185.00,100 גרם,false,1,18.00,9.73,true,1,
8801055709472,false,נסקפה קפוצינו קלאסיק125ג,לוטה נסטלה קוריאה,KR,נס קפה קפוצ'ינו,גרמים,125.00,100 גרם,false,1,18.00,14.40,true,1,
8801055709489,false,נסקפה קפוצ'ינו אגוזים180,לוטה נסטלה קוריאה,KR,נס קפה קפוצ'ינו,גרמים,180.00,100 גרם,false,1,18.00,10.00,true,1,
8850035104073,false,תירס גמדי שלם מי מלח425,דהפיס קנינג 1958,TH,תירס גמדי,גרמים,425.00,100 גרם,false,1,6.70,1.58,true,1,
8850035104080,false,תירס גמדי חתוך מי מלח425,דהפיס קנינג 1958,TH,תירס גמדי,גרמים,425.00,100 גרם,false,1,6.70,1.58,true,1,
8850161166204,false,"קרם קוקוס 500 מ""ל",אמפווה,TH,קרם קוקוס,מיליליטרים,500.00,"100 מ""ל",false,1,10.10,2.02,true,1,
8850206250592,false,רוטב צ'ילי סיראצה 530גרם,יאן וואל יון קו.לטד,TH,רוטב צ'ילי סיראצ,גרמים,530.00,100 גרם,false,1,17.00,3.21,true,1,
8850206280049,false,רוטב צ'ילי חריף 250 גרם,יאן וואל יון קו.לטד,TH,רוטב צ'ילי חריף,גרמים,250.00,100 גרם,false,1,15.30,6.12,true,1,
8850367992164,false,קרם קוקוס22%ל.גלוטן250מל,c coconut Theppadungporn,TH,קרם קוקוס,מיליליטרים,250.00,"100 מ""ל",false,0,7.20,2.88,true,1,
8850367994427,false,נוזל קוקוס מרוכז 400 גרם,c coconut Theppadungporn,TH,נוזל קוקוס מרוכז,מיליליטרים,400.00,"100 מ""ל",false,1,11.00,2.75,true,1,
8850367994779,false,מחית קארי ירוקה 50 גרם,c coconut Theppadungporn,TH,מחית קארי ירוקה,גרמים,50.00,100 גרם,false,1,5.90,11.80,true,1,
8850367994786,false,מחית קארי אדומה 50 גרם,c coconut Theppadungporn,TH,מחית קארי אדומה,גרמים,50.00,100 גרם,false,1,5.90,11.80,true,1,
8850389105825,false,סאפה אלוורה טעם ענבים 1ל,סאפה פובליק קומפני לימיט,TH,סאפה ענבים,ליטרים,1.00,ליטר,false,0,12.70,12.70,true,1,
8850389105832,false,סאפה אלוורה ט.תפוחים 1ל,סאפה פובליק קומפני לימיט,TH,סאפה תפוחים,ליטרים,1.00,ליטר,false,0,12.70,12.70,true,1,
8850389105849,false,סאפה אלוורה טעם אפרסק 1ל,סאפה פובליק קומפני לימיט,TH,סאפה אפרסק,ליטרים,1.00,ליטר,false,0,12.70,12.70,true,1,
8850389115336,false,משקה אלוורה מלון 1 ליטר,סאפה פובליק קומפני לימיט,TH,משקה אלוורה,ליטרים,1.00,ליטר,false,1,12.70,12.70,true,1,
8850632604259,false,יוגטה חמוץ מקלות תות 50ג,סאאדת,TH,יוגטה ממתק חמוץ,גרמים,50.00,100 גרם,false,0,4.50,9.00,true,1,
8850632604372,false,יוגטה חמוץ שטיח תות 50גר,סאאדת,TH,יוגטה ממתק חמוץ,גרמים,50.00,100 גרם,false,0,4.50,9.00,true,1,
8850632604402,false,יוגטה חמוץ שטיח מעורב50ג,סאאדת,TH,יוגטה ממתק חמוץ,גרמים,50.00,100 גרם,false,0,4.50,9.00,true,1,
8854761120116,false,צ'אבה משקה אננס 1 ליטר,,TH,משקה אננס,ליטרים,1.00,ליטר,false,1,12.90,12.90,true,1,
8854761370115,false,צ'אבה משקה מנדרין תפוז1ל,,TH,משקה מנדרין תפוז,ליטרים,1.00,ליטר,false,1,12.90,12.90,true,1,
8858271002870,false,רוטב פאד תאי,,TH,רוטב פאד תאי,מיליליטרים,250.00,"100 מ""ל",false,0,11.80,4.72,true,1,
8858271003020,false,רוטב סויה פורמולה 700 מ,יאן ואל יון,TH,רוטב סויה,מיליליטרים,700.00,"100 מ""ל",false,0,14.40,2.06,true,1,
8858271003938,false,רוטב קארי ירוק,,TH,רוטב קארי ירוק,גרמים,250.00,100 גרם,false,0,11.80,4.72,true,1,
8858271004034,false,רוטב צ'ילי חריף,,TH,רוטב צ'ילי חריף,מיליליטרים,700.00,"100 מ""ל",false,0,14.40,2.06,true,1,
8858271004126,false,רוטב חמוץ מתוק,,TH,רוטב חמוץ מתוק,מיליליטרים,700.00,"100 מ""ל",false,0,15.30,2.19,true,1,
8858271004300,false,רוטב טריאקי,,TH,רוטב טריאקי,מיליליטרים,700.00,"100 מ""ל",false,0,18.70,2.67,true,1,
8858271004799,false,רוטב צ'לי מתוק,,TH,רוטב צ'לי מתוק,מיליליטרים,700.00,"100 מ""ל",false,0,11.80,1.69,true,1,
8888021200256,false,שמינית סוללות AA,אנרג'ייזר,SG,שמינית סוללות,יחידה,1.00,יחידה,false,0,22.90,22.90,true,1,
8888021200720,false,שמינית סוללות AAA,אנרג'ייזר,SG,8 סוללות AAA,יחידה,1.00,יחידה,false,0,22.90,22.90,true,1,
8901537024014,false,אורז בסמטי דאווט,,IN,אורז בסמטי דאווט,קילוגרמים,1.00,"ק""ג",false,0,12.70,12.70,true,1,
8901537076679,false,אורז בסמטי חום מלא דווט1,אלדס פודס,IN,אורז בסמטי חום,קילוגרמים,1.00,"ק""ג",false,1,14.40,14.40,true,1,
9000101329322,false,ברף סבון אסלה תפוח,הנקל,RS,ברף בניחוח מתחלף,גרמים,50.00,100 גרם,false,1,9.30,18.60,true,1,
9000101380255,false,פרסיל דיסקס מנטרל ריח22ק,,HU,פרסילקפסולות,יחידה,1.00,יחידה,false,1,32.80,32.80,true,1,
9000101418163,false,ברף בניחוח תפוח50*3 גרם,הנקל,RS,ברף לאסלה 3 יח,גרמים,150.00,100 גרם,false,1,14.40,9.60,true,1,
9000101537550,false,פרסיל פאוור קאפס 52 יח,הנקל,HU,פרסיל פאוור קאפס,יחידה,1.00,יחידה,false,1,44.30,44.30,true,1,
9001616202155,false,מאמ2- מוצצים 16)MAXIULTI,MAM,HU,זוג מוצצים מאמ,יחידה,1.00,יחידה,false,0,35.80,35.80,true,1,
9002975393829,false,סוכריות הריבו,"האריבו , ג'\י.אם.בי.אייץ",,סוכריות הריבו,יחידה,1.00,יחידה,false,0,6.70,6.70,true,1,
9002975393843,false,סוכריות הריבו,"האריבו , ג'\י.אם.בי.אייץ",,סוכריות הריבו,יחידה,1.00,יחידה,false,0,6.70,6.70,true,1,
9002975393850,false,סוכריות הריבו,"האריבו , ג'\י.אם.בי.אייץ",,סוכריות הריבו,יחידה,1.00,יחידה,false,0,6.70,6.70,true,1,
9028800639962,false,בירה אדלוויס חיטה 500 מל,מבשלת בראו יוניון,AT,בירה אדלויס חיטה,מיליליטרים,500.00,"100 מ""ל",false,1,10.20,2.04,true,1,
9044400820883,false,בובת פז מיניון+סוכ.מילוי,,HU,בובת פז מיניון,גרמים,119.00,100 גרם,false,1,76.80,64.54,true,1,
9044400848931,false,מזודה פז מניונים 51 גרם,,HU,מזודה פז מניונים,גרמים,51.00,100 גרם,false,1,51.20,100.39,true,1,
9044400849105,false,סוכריות פז בשקית10+1 85ג,,HU,סוכריות פז,גרמים,85.00,100 גרם,false,1,14.90,17.53,true,1,
9310072028743,false,טים טם אורגינל 200 גרם,ספץ תעשיות,AU,טים טם אורגינל,גרמים,200.00,100 גרם,false,1,18.50,9.25,true,1,
9322969000015,false,פריכיות תירס 150 גרם,אלגם גיל,AU,פריכיות תירס,גרמים,150.00,100 גרם,false,0,10.90,7.27,true,1,
9322969000039,false,"פריכ.תירס+דגנים150כשל""פ",ריאל פודס בעמ,AU,פריכיות תירס,גרמים,150.00,100 גרם,false,1,10.90,7.27,true,1,
