code,internal_code,name,manufacturer_name,manufacture_country,manufacturer_item_description,unit_qty,quantity,unit_of_measure,weighted,qty_in_package,price,unit_of_measure_price,allow_discount,status,item_id
201,true,תירס ארוז,חקלאי,,תירס ארוז,קילוגרמים,1.00,"ק""ג",true,,9.90,9.9000,true,1,12347
738,true,ענבים אדומים,חקלאי,,ענבים אדומים,קילוגרמים,1.00,"ק""ג",true,,39.90,39.9000,true,1,14124
911,true,שרי באשכול,חקלאי,IL,שרי באשכול,קילוגרמים,1.00,"ק""ג",true,,19.90,19.9000,true,1,80926
915,true,שרי לבבות יחידה,חקלאי,IL,שרי לבבות יחידה,Unknown,0.00,Unknown,false,1,14.90,0.0000,true,1,109622
917,true,עגבניה,חקלאי,IL,עגבניה,קילוגרמים,1.00,"ק""ג",true,,9.90,9.9000,true,1,80928
920,true,מלפפון,חקלאי,IL,מלפפון,קילוגרמים,1.00,"ק""ג",true,,9.90,9.9000,true,1,80930
941,true,סלק,חקלאי,IL,סלק,קילוגרמים,1.00,"ק""ג",true,,6.90,6.9000,true,1,80929
942,true,ענבים לבנים,חקלאי,IL,ענבים לבנים,קילוגרמים,1.00,"ק""ג",true,,29.90,29.9000,true,1,80872
943,true,ענב שחור,חקלאי,IL,ענב שחור,קילוגרמים,1.00,"ק""ג",true,,44.90,44.9000,true,1,82484
945,true,כרוב לבן,חקלאי,IL,כרוב לבן,קילוגרמים,1.00,"ק""ג",true,,5.90,5.9000,true,1,80932
990,true,בצל יבש,חקלאי,IL,בצל יבש,קילוגרמים,1.00,"ק""ג",true,,6.90,6.9000,true,1,80938
994,true,"שרי תמר לק""ג",חקלאי,IL,"שרי תמר לק""ג",קילוגרמים,1.00,"ק""ג",true,,19.90,19.9000,true,1,88943
997,true,בצל  אדום,חקלאי,IL,בצל  אדום,קילוגרמים,1.00,"ק""ג",true,,7.90,7.9000,true,1,80819
5497,true,מאפה קטן ליחידה גדרו,גדרון,IL,מאפה קטן ליחידה גדרון,יחידה,1.00,יחידה,false,1,3.90,3.9000,true,1,129770
8216,true,בלון בודד קטן -גומי,גמר,,בלון בודד קטן -גומי מטאלי +הליום,יחידה,1.00,יחידה,false,1,5.90,5.9000,true,1,114363
9110,true,בטטה,חקלאי,IL,בטטה,קילוגרמים,1.00,"ק""ג",true,,10.90,10.9000,true,1,81081
9114,true,נענע ארוזה,חקלאי,IL,נענע ארוזה,Unknown,0.00,Unknown,false,1,4.90,0.0000,true,1,80860
9140,true,חצילים,חקלאי,IL,חצילים,קילוגרמים,1.00,"ק""ג",true,,9.90,9.9000,true,1,80934
9146,true,אפרסמון קרמבו,חקלאי,IL,אפרסמון קרמבו,קילוגרמים,1.00,"ק""ג",true,,17.90,17.9000,true,1,113518
9147,true,אפרסמון,חקלאי,IL,אפרסמון,קילוגרמים,1.00,"ק""ג",true,,29.90,29.9000,true,1,80904
9158,true,פלפל חריף ירוק,חקלאי,IL,פלפל חריף ירוק,קילוגרמים,1.00,"ק""ג",true,,12.90,12.9000,true,1,80921
9160,true,פלפל אדום,חקלאי,IL,פלפל אדום,קילוגרמים,1.00,"ק""ג",true,,13.90,13.9000,true,1,80925
9163,true,פלפל צהוב,חקלאי,IL,פלפל צהוב,קילוגרמים,1.00,"ק""ג",true,,12.90,12.9000,true,1,80922
9180,true,קשואים,חקלאי,IL,קשואים,קילוגרמים,1.00,"ק""ג",true,,10.90,10.9000,true,1,80915
9201,true,תירס ארוז,חקלאי,IL,תירס ארוז,קילוגרמים,1.00,"ק""ג",true,,11.90,11.9000,true,1,81910
9290,true,תפוח אדמה אדום,חקלאי,IL,תפוח אדמה אדום,קילוגרמים,1.00,"ק""ג",true,,6.90,6.9000,true,1,80910
9295,true,תפוח אדמה לבן,חקלאי,IL,תפוח אדמה לבן,קילוגרמים,1.00,"ק""ג",true,,5.90,5.9000,true,1,80909
9311,true,גזר ארוז,חקלאי,IL,גזר ארוז,קילוגרמים,1.00,"ק""ג",true,,6.90,6.9000,true,1,80937
9312,true,מלון גליה,חקלאי,IL,מלון גליה,קילוגרמים,1.00,"ק""ג",true,,8.90,8.9000,true,1,80908
9318,true,אבטיח,חקלאי,IL,אבטיח,קילוגרמים,1.00,"ק""ג",true,,4.90,4.9000,true,1,80907
9348,true,שום בתפזורת,חקלאי,IL,שום בתפזורת,קילוגרמים,1.00,"ק""ג",true,,34.90,34.9000,true,1,80914
9486,true,לימון,חקלאי,IL,לימון,קילוגרמים,1.00,"ק""ג",true,,12.90,12.9000,true,1,80886
9500,true,תפוז מובחר,חקלאי,IL,תפוז מובחר,קילוגרמים,1.00,"ק""ג",true,,10.90,10.9000,true,1,80882
9504,true,תפוז ברשת,חקלאי,IL,תפוז ברשת,קילוגרמים,1.00,"ק""ג",true,,8.90,8.9000,true,1,80883
9510,true,מנדרינה,חקלאי,IL,מנדרינה,קילוגרמים,1.00,"ק""ג",true,,12.90,12.9000,true,1,80884
9522,true,אשכולית לבנה / אדומה,חקלאי,IL,אשכולית לבנה / אדומה,קילוגרמים,1.00,"ק""ג",true,,7.90,7.9000,true,1,80888
9555,true,בננות,חקלאי,IL,בננות,קילוגרמים,1.00,"ק""ג",true,,11.90,11.9000,true,1,80902
9560,true,אבוקדו,חקלאי,IL,אבוקדו,קילוגרמים,1.00,"ק""ג",true,,19.90,19.9000,true,1,80906
9578,true,נקטרינה,חקלאי,IL,נקטרינה,קילוגרמים,1.00,"ק""ג",true,,19.90,19.9000,true,1,80873
9604,true,אגס ספדונה,חקלאי,IL,אגס ספדונה,קילוגרמים,1.00,"ק""ג",true,,13.90,13.9000,true,1,80905
9637,true,קיווי מובחר,חקלאי,IL,קיווי מובחר,קילוגרמים,1.00,"ק""ג",true,,19.90,19.9000,true,1,80896
9658,true,תפוח עץ סמיט,חקלאי,IL,תפוח עץ סמיט,קילוגרמים,1.00,"ק""ג",true,,14.90,14.9000,true,1,80892
9684,true,תפוח עץ זהוב,חקלאי,IL,תפוח עץ זהוב,קילוגרמים,1.00,"ק""ג",true,,13.90,13.9000,true,1,80894
9697,true,תפוח עץ סטארקינג,חקלאי,IL,תפוח עץ סטארקינג,קילוגרמים,1.00,"ק""ג",true,,14.90,14.9000,true,1,80893
9756,true,שזיף אדום,חקלאי,IL,שזיף אדום,קילוגרמים,1.00,"ק""ג",true,,24.90,24.9000,true,1,80869
9894,true,"לחמניה כשל""פ - וילי",עינת,,"לחמניה כשל""פ - וילי דוג- חדש",לא מנהל יחידת מידה,0.00,לא מנהל יחידת מידה,false,1,5.90,0.0000,true,1,115146
9965,true,תפוח עץ פינק,חקלאי,IL,תפוח עץ פינק,קילוגרמים,1.00,"ק""ג",true,,19.90,19.9000,true,1,80891
92218,true,מאפה ביס תפוע,"גידרון תעשיות בע""מ",,מאפה ביס תפוע       מחיר לקג-גידרון,קילוגרמים,1.00,"ק""ג",true,,42.90,42.9000,true,1,130614
92614,true,בורקס טורקי פיטריות,"גידרון תעשיות בע""מ",,בורקס טורקי פיטריות מחיר לקג-גדרון,קילוגרמים,1.00,"ק""ג",true,,42.90,42.9000,true,1,12231
94274,true,חצי בגט גדרון א.ק,גדרון,IL,חצי בגט גדרון א.ק,לא מנהל יחידת מידה,0.00,לא מנהל יחידת מידה,false,1,3.90,0.0000,true,1,14404
96018,true,שנייק קינמון מחיר לק,"גידרון תעשיות בע""מ",,שנייק קינמון מחיר לקג-גדרון,קילוגרמים,1.00,"ק""ג",true,,42.90,42.9000,true,1,12234
97282,true,קוראסון שוקולד ענק 1,"גידרון תעשיות בע""מ",,קוראסון שוקולד ענק 1 יח-גדרון,יחידה,1.00,יחידה,false,1,10.90,10.9000,true,1,13144
99248,true,בורקס גבינה,"גידרון תעשיות בע""מ",,בורקס גבינה            מחיר לקג גידרון,קילוגרמים,1.00,"ק""ג",true,,34.90,34.9000,true,1,12240
99255,true,בורקס תפוא,"גידרון תעשיות בע""מ",,בורקס תפוא              מחיר לקג -גידרון,קילוגרמים,1.00,"ק""ג",true,,42.90,42.9000,true,1,12241
99385,true,גביניות,"גידרון תעשיות בע""מ",,גביניות               מחיר לקג-גידרון,קילוגרמים,1.00,"ק""ג",true,,34.90,34.9000,true,1,12243
99415,true,רוגלך,"גידרון תעשיות בע""מ",,רוגלך                    מחיר לקג-גידרון,קילוגרמים,1.00,"ק""ג",true,,34.90,34.9000,true,1,12245
99439,true,"קוראסון קטן מחיר לק""","גידרון תעשיות בע""מ",,קוראסון קטן מחיר לקג-גידרון,קילוגרמים,1.00,"ק""ג",true,,34.90,34.9000,true,1,12246
99460,true,קוראסון חמאה ענק 1 י,"גידרון תעשיות בע""מ",,קוראסון חמאה ענק 1 יח-גדרון,יחידה,1.00,יחידה,false,1,10.90,10.9000,true,1,13143
99477,true,ק.ביס שוקולד,"גידרון תעשיות בע""מ",,ק.ביס שוקולד             מחיר לקג-גידרון,קילוגרמים,1.00,"ק""ג",true,,34.90,34.9000,true,1,12247
99927,true,בורקס בולגרי,"גידרון תעשיות בע""מ",,בורקס בולגרי            מחיר לקג-גידרון,קילוגרמים,1.00,"ק""ג",true,,34.90,34.9000,true,1,12249
453781,true,שמרים יבשים 125 גרם,ללמנ איבריה,PT,שמרית שמרים יבשים 125 גרם,גרמים,125.00,100 גרם,false,1,6.90,5.5200,true,1,118826
497273,true,6 לחמניות אקטיב,,,6 לחמניות אקטיב,גרמים,450.00,100 גרם,false,1,14.90,3.3111,true,1,128889
3521180,true,סרקל שמפו + מרכך500,פישר מעבדות פרמצבטיו,IL,דר פישר סרקל שמפו+מרכך לילדים עם רוזמרין 500 מל,מיליליטרים,500.00,"100 מ""ל",false,1,17.90,3.5800,true,1,119754
4170134,true,בורקס תפוא גדול-גידר,"גידרון תעשיות בע""מ",,בורקס תפוא גדול-גידרון,קילוגרמים,1.60,"ק""ג",false,1,10.90,6.8125,true,1,123636
4170141,true,בורקס גבינה גדול איש,"גידרון תעשיות בע""מ",,בורקס גבינה גדול אישי גידרון,קילוגרמים,1.70,"ק""ג",false,1,10.90,6.4118,true,1,123635
40084107,false,ביצת הפתעה קינדר בוד,פררו,IT,ביצת הפתעה - עשיר בחלב,גרמים,20.00,100 גרם,false,1,7.90,39.5000,true,1,13333
40111216,false,חטיף שוקולד באונטי 5,מרס הולנד בי.וי.,NL,חטיף קוקוס רך מצופה שוקולד חלב באונטי,גרמים,57.00,100 גרם,false,1,6.90,12.1053,true,1,4113
42061939,false,בירה בקס בקבוק 500 מ,"איי, בי, אינבוו",DE,בירה בקס 500 מל,מיליליטרים,500.00,"100 מ""ל",false,1,11.90,2.3800,true,1,117929
42138105,false,סיגריות וינסטון סלימ,גיי טי אינטרנשיונל,,סיגריות וינסטון סלימס כחול חפיסה בודד,לא מנהל יחידת מידה,0.00,לא מנהל יחידת מידה,false,1,34.30,0.0000,false,1,57026
42138129,false,סיגריות וינסטון סלימ,JTI,,סיגריות וינסטון סלימס מנטול חפיסה בודד,לא מנהל יחידת מידה,0.00,לא מנהל יחידת מידה,false,1,34.30,0.0000,false,1,57027
42139447,false,סיגריות כאמל לבן חפי,JTI,,סיגריות כאמל לבן חפיסה בודד,לא מנהל יחידת מידה,0.00,לא מנהל יחידת מידה,false,1,32.00,0.0000,false,1,97705
59039549,false,סיגריות ווג פריזון מ,BAT,,סיגריות ווג פריזון מנטול חפיסה בודד,Unknown,0.00,Unknown,false,1,40.00,0.0000,false,1,71744
59068907,false,סיגריות פאל מאל כחול,גלוברנס,,סיגריות פאל מאל כחול דמי סלימס בודד,לא מנהל יחידת מידה,0.00,לא מנהל יחידת מידה,false,1,27.30,0.0000,false,1,117316
59068914,false,סיגריות פאל מאל סילב,,,סיגריות פאל מאל סילבר דמני סלימס בודד,לא מנהל יחידת מידה,0.00,לא מנהל יחידת מידה,false,1,27.30,0.0000,false,1,117318
59455233,false,סיגריות ווג ליידי כח,BAT,,סיגריות ווג ליידי כחול חפיסה בודד,לא מנהל יחידת מידה,0.00,לא מנהל יחידת מידה,false,1,40.00,0.0000,false,1,76904
59455240,false,סיגריות ווג ליידי לי,BAT,,סיגריות ווג ליידי לילך חפיסה בודד,Unknown,0.00,Unknown,false,1,40.00,0.0000,false,1,76905
72940754,false,מילקי וניל 133 גרם,"שטראוס גרופ בע""מ",IL,מילקי בטעם וניל,גרמים,133.00,100 גרם,false,1,3.30,2.4812,true,1,8026
72940761,false,מילקי שוקולד 133 גרם,"שטראוס גרופ בע""מ",IL,מילקי בטעם שוקולד,גרמים,133.00,100 גרם,false,1,3.30,2.4812,true,1,8027
72945308,false,שמרים טריים לאפייה ש,קדבורי,IL,שמרית שמרים טריים לאפייה 50 גרם,גרמים,50.00,100 גרם,false,1,4.80,9.6000,true,1,8124
72961506,false,פרילי תות בגביע 125,מחלבת אלון תבור,IL,פרילי תות בגביע 125 גרם,מיליליטרים,125.00,"100 מ""ל",false,1,5.00,4.0000,true,1,8327
72961544,false,באדי תות 125 גרם,מחלבת אלון תבור,IL,באדי תות 125 גרם,גרמים,125.00,100 גרם,false,1,3.40,2.7200,true,1,8334
72982389,false,מור פה תרסיס לרענון,שולמית קוסמטיקה,,מור פה תרסיס לרענון ריח פה מנטה,לא מנהל יחידת מידה,0.00,לא מנהל יחידת מידה,false,1,19.90,0.0000,true,1,110392
72986370,false,"גלידה וניל 500 מ""ל",מוצרי איכות אמריקאים,IL,פיינט וניל FT,מיליליטרים,500.00,"100 מ""ל",false,1,29.90,5.9800,true,1,9156
72986424,false,גלידה קרם עוגיות 500,מוצרי איכות אמריקאיי,IL,"פיינט קרם עוגיות בד""ץ",מיליליטרים,500.00,"100 מ""ל",false,1,29.90,5.9800,true,1,9157
72986448,false,גלידה טופי קראנץ 500,מוצרי איכות אמריקאיי,IL,גלידת  וניל עם חתיכות טופי  מצופות שוקולד,מיליליטרים,500.00,"100 מ""ל",false,1,29.90,5.9800,true,1,9158
72986455,false,גלידה ניו יורק סופר,מוצרי איכות אמריקאיי,IL,פיינט ניו-יורק סופר FT,מיליליטרים,500.00,"100 מ""ל",false,1,29.90,5.9800,true,1,9159
72986479,false,גלידה צינקי מונקי 50,מוצרי איכות אמריקאיי,IL,פיינט צאנקי מנקי FT,מיליליטרים,500.00,"100 מ""ל",false,1,29.90,5.9800,true,1,9160
72989395,false,טילון קרם עוגיות 100,מוצרי איכות אמריקאיי,IL,טילון קרם עוגיות,גרמים,100.00,100 גרם,false,1,13.90,13.9000,true,1,12212
72989425,false,גלידה שוקולד בראוניס,מוצרי איכות אמריקאיי,IL,פיינט שוקולד בראוניס FT,מיליליטרים,500.00,"100 מ""ל",false,1,29.90,5.9800,true,1,21394
72991374,false,סיגריות טיים רד חפיס,דובק,,סיגריות טיים רד חפיסה בודד,Unknown,0.00,Unknown,false,1,30.60,0.0000,false,1,9163
72991381,false,סיגריות טיים 100  רד,דובק,,סיגריות טיים 100  רד חפיסה בודד,לא מנהל יחידת מידה,0.00,לא מנהל יחידת מידה,false,1,30.60,0.0000,false,1,9164
72991497,false,סיגריות נובלס פילטר,דובק,,סיגריות נובלס פילטר חפיסה בודד,יחידה,0.00,יחידה,false,1,30.60,0.0000,false,1,9174
72991886,false,גלידה דולצה דה לצה 5,מוצרי איכות אמריקאיי,IL,פיינט דולצ'ה דה לצ'ה,מיליליטרים,500.00,"100 מ""ל",false,1,29.90,5.9800,true,1,9180
72993637,false,דני שוקולד מהדרין,מחלבת אחיהוד,IL,דני שוקולד,גרמים,125.00,100 גרם,false,1,3.90,3.1200,true,1,47757
72994061,false,חטיף פסק זמן 2GOOD מ,שולן צ'יקולטה גידה ס,TR,פסק זמן 2GOOD,גרמים,36.00,100 גרם,false,1,7.50,20.8333,true,1,69888
76136184,false,סיגריות פאל מל סלימס,BAT,,סיגריות פאל מל סלימס כחול חפיסה בודד,לא מנהל יחידת מידה,0.00,לא מנהל יחידת מידה,false,1,31.40,0.0000,false,1,42219
80001027,false,חטיף טורטינה חלב,לואקר,IT,וופל בציפוי שוקולד חלב וממלוא בקרם אגוזים,גרמים,21.00,100 גרם,false,1,5.50,26.1905,true,1,13329
80001287,false,חטיף גרדנה אגוז,לואקר,AT,חטיף גרדנה אגוז 38 גרם,גרמים,38.00,100 גרם,false,1,5.50,14.4737,true,1,9501
80001461,false,חטיף גרדנה שוקולד,"א. לואקר קונפקט בע""מ",AT,חטיף גרדנה שוקולד 38 גרם,גרמים,38.00,100 גרם,false,1,5.50,14.4737,true,1,43065
80001485,false,גרדנה קוקוס,א. לואקר,IT,לואקר גרדנה קוקוס,גרמים,38.00,100 גרם,false,1,5.50,14.4737,true,1,43066
80001799,false,חטיף טורטינה לבן 21,לואקר,IT,וופל בציפוי שוקולד חלב וממלוא בקרם אגוזים,גרמים,21.00,100 גרם,false,1,5.50,26.1905,true,1,104584
80001911,false,חטיף גרדנה לבן 38 גר,א. לואקר,AT,חטיף גרדנה לבן 38 גרם,גרמים,38.00,100 גרם,false,1,5.50,14.4737,true,1,111100
80050025,false,סוכריות טיק טק תפוז,פררו,ZA,דחוסות בטעם תפוז,גרמים,16.00,100 גרם,false,1,5.00,31.2500,true,1,9700
80050124,false,סוכריות טיק טק מנטה,פררו,ZA,טיק טק מנטה,גרמים,16.00,100 גרם,false,1,5.00,31.2500,true,1,9701
80052760,false,חטיף וופל קינדר בואנ,פררו,PL,קינדר בואנו,גרמים,43.00,100 גרם,false,1,8.00,18.6047,true,1,9705
80176732,false,קינדר הפי היפו,פררו,DE,"הפי היפו קקאו, וופל במילוי קרם חלבי וקרם קקאו",גרמים,21.00,100 גרם,false,1,4.90,23.3333,true,1,47113
80177173,false,ממרח שוקולד נוטלה,פררו,IT,ממרח שוקולד נוטלה אגוזים 350 גרם,גרמים,350.00,100 גרם,false,1,16.90,4.8286,true,1,9768
80177180,false,שוקולד קינדר קאנטרי,פררו,IT,שוקולד קינדר קאנטרי 23.5 גרם,גרמים,24.00,100 גרם,false,1,4.90,20.4167,true,1,72341
80177609,false,שוקולד קינדר אצבעות,פררו,IT,שוקולד חלב עם תכולת חלב גבוהה במילוי קרם חלבי,גרמים,50.00,100 גרם,false,1,8.90,17.8000,true,1,9769
80177616,false,שוקולד חלב ממולא קינ,פררו,IT,שוקולד חלב עם תכולת חלב גבוהה במילוי קרם חלבי,גרמים,100.00,100 גרם,false,1,11.90,11.9000,true,1,9770
80273592,false,פלפל 4 העונות במטחנה,DROGHERIA E ALIMENTA,,פלפל 4 העונות במטחנה 35 גרם,גרמים,35.00,100 גרם,false,1,14.90,42.5714,true,1,9810
80761761,false,חטיף וופל קינדר בואנ,פררו,PL,חטיף וופל קינדר בואנו שוקולד לבן 39 גרם,גרמים,39.00,100 גרם,false,1,8.00,20.5128,true,1,73635
80773443,false,מסטיק מנטוס מנטה פיר,"פרפטי ואן מלה ג'ידה,",TR,מנטוס גומי לעיסה ללא סוכר בטעם מנטה,גרמים,60.00,100 גרם,false,1,11.90,19.8333,true,1,113984
80790990,false,מסטיק מנטוס מנטה עדי,"פרפטי ואן מלה ג'ידה,",TR,מסטיק מנטוס מנטה עדינה בקבוק מעוגל 60 גר,גרמים,60.00,100 גרם,false,1,11.90,19.8333,true,1,113983
80809265,false,חטיף טורטינה חמאת בו,לואקר,AT,חטיף טורטינה חמאת בוטנים 21 גרם,גרמים,21.00,100 גרם,false,1,5.50,26.1905,true,1,131956
80843184,false,מסטיק בקבוקון פיור ע,פרפטי ואן מלה,TR,מסטיק בקבוקון פיור ענבים 60 גרם,גרמים,60.00,100 גרם,false,1,11.90,19.8333,true,1,130020
80864059,false,גרדנה חמאת בוטנים 38,לואקר,AT,גרדנה חמאת בוטנים 38 גרם,גרמים,38.00,100 גרם,false,1,5.50,14.4737,true,1,131957
80864295,false,מסטיק בקבקון מ.עדינה,"פרפטי ואן מלה ג'ידה,",TR,מנטוס גומי לעיסה ללא סוכר בטעם תות שדה,גרמים,60.00,100 גרם,false,1,11.90,19.8333,true,1,130309
80874652,false,קינדר קארדס 25.6 גרם,פררו,IT,קינדר קארדס 25.6 גרם,גרמים,26.00,100 גרם,false,1,6.90,26.5385,true,1,132211
80896081,false,מסטיק מנטוס פיור פרש,"פרפטי ואן מלה ג'ידה,",TR,מנטוס גומי לעיסה ללא סוכר בטעם אבטיח,גרמים,60.00,100 גרם,false,1,11.90,19.8333,true,1,115714
80913467,false,מסטיק מנטוס מנטה בקב,פרפטי ואן מלה ג'דה,TR,mentos - pure fresh,גרמים,60.00,100 גרם,false,1,11.90,19.8333,true,1,113985
80936848,false,סוכריות טיק טק תות 1,פררו,ZA,טיק טק בטעם תות שדה- מנטה 16 גרם,גרמים,16.00,100 גרם,false,1,5.00,31.2500,true,1,95703
80945468,false,מסטיק בקבקון מ.מתוקה,"פרפטי ואן מלה ג'ידה,",TR,מנטוס גומי לעיסה ללא סוכר בטעם תות שדה,גרמים,60.00,100 גרם,false,1,11.90,19.8333,true,1,130310
80974482,false,ביצת קינדר גוי כחול,פררו,ZA,קינדר ג'וי כחול,גרמים,20.00,100 גרם,false,1,7.90,39.5000,true,1,96429
80982470,false,מסטיק מנטוס פיור מנט,פרפטי ואן מלה ברדה,TR,מסטיק מנטוס פיור מנטה חזקה 60 ג,גרמים,60.00,100 גרם,false,1,11.90,19.8333,true,1,128857
80986348,false,מסטיק בקבקון מנטה pu,"פרפטי ואן מלה ג'ידה,",TR,מנטוס גומי לעיסה ללא סוכר בטעם תות שדה,גרמים,60.00,100 גרם,false,1,11.90,19.8333,true,1,130311
85939868,false,נייר קצר ללא פילטר,,,נייר קצר ללא פילטר,יחידה,0.00,יחידה,false,1,3.00,0.0000,true,1,91709
85942677,false,נייר קצר כולל פילטר,,,נייר קצר כולל פילטר,Unknown,0.00,Unknown,false,1,7.50,0.0000,false,1,84145
85942707,false,נייר קצר עבה,,,נייר קצר עבה,Unknown,0.00,Unknown,false,1,3.00,0.0000,false,1,101300
85951730,false,120 פילטרים SLIM PAR,,,120 פילטרים SLIM PARTY,Unknown,0.00,Unknown,false,1,7.50,0.0000,false,1,78070
85966611,false,נייר גלגול גדול כולל,,,נייר גלגול גדול כולל פילטר PIH,יחידה,1.00,יחידה,false,1,8.00,8.0000,false,1,124465
85967069,false,נייר גלגול גדול כולל,,,נייר גלגול גדול כולל פילטר חום,יחידה,1.00,יחידה,false,1,10.00,10.0000,false,1,122504
85967076,false,נייר בינוני כולל פיל,,,נייר בינוני כולל פיל,יחידה,1.00,יחידה,false,1,8.50,8.5000,true,1,124464
87108538,false,סוכריות מנטוס תות גל,פרפטי ואן מילה,NL,מנטוס תות 40 גלילים,גרמים,38.00,100 גרם,false,1,5.00,13.1579,true,1,41854
90162602,false,משקה אנרגיה רד בול,רד בול ג'י.אם.בי. אץ,AT,"משקה אנרגיה רד בול 250 מ""ל",מיליליטרים,250.00,"100 מ""ל",false,1,8.90,3.5600,true,1,42148
90162800,false,משקה אנרגיה רד בול,רד בול ג'י.אם.בי. אץ,AT,רד בול,מיליליטרים,250.00,"100 מ""ל",false,1,8.90,3.5600,true,1,42149
90446269,false,רד בול אבטיח 250 מל,ראון פרוכטסאפה,AT,רד בול אבטיח - משקה אנרגיה פונקציונאלי,מיליליטרים,250.00,"100 מ""ל",false,1,8.90,3.5600,true,1,129121
96198117,false,‏פישרמנס‏ ‏ספירמינט‏,,GB,‏פישרמנס‏ ‏ספירמינט‏ ‏ללא‏ ‏סוכר,גרמים,25.00,100 גרם,false,1,9.90,39.6000,true,1,130396
8421367412,false,בובת TY עיניים גדולו,TY,,בובת TY עיניים גדולות פינגווין כחול,לא מנהל יחידת מידה,0.00,לא מנהל יחידת מידה,false,1,29.90,0.0000,true,1,102514
9800800056,false,נוטלה גו בייגלה מלוח,פררו,DE,נוטלה גו בייגלה מלוח,גרמים,52.00,100 גרם,false,1,8.90,17.1154,true,1,110338
11210000094,false,"רוטב טבסקו 60 מ""ל",מקאילהייני אייבורי,,"רוטב טבסקו 60 מ""ל",מיליליטרים,60.00,"100 מ""ל",false,1,14.90,24.8333,true,1,117
11210009387,false,רוטב טבסקו פלפל ירוק,מקאילהייני אייבורי,,"רוטב טבסקו פלפל ירוק 60 מ""ל",מיליליטרים,60.00,"100 מ""ל",false,1,12.90,21.5000,true,1,119
12300102131,false,סיגריות כאמל סופט פק,JTI,,סיגריות כאמל סופט פקט 10 יח,יחידה,0.00,יחידה,false,1,292.00,0.0000,false,1,16408
12300103138,false,סיגריות כאמל בוקס פק,JTI,,סיגריות כאמל בוקס פקט 10 יח,יחידה,0.00,יחידה,false,1,292.00,0.0000,false,1,20105
12300107136,false,סיגריות כאמל כחול פק,JTI,,סיגריות כאמל כחול פקט 10 יח,יחידה,0.00,יחידה,false,1,292.00,0.0000,false,1,20941
12300119139,false,סיגריות וינסטון כחול,JTI,,סיגריות וינסטון כחול בוקס פקט 10 יח,Unknown,0.00,Unknown,false,1,312.00,0.0000,false,1,15394
16000423534,false,חטיפי גרנולה קראנצי,ג'נרל מילס סאן אדריא,ES,חטיפי גרנולה קראנצי שיבולת שועל מריר 210,גרמים,210.00,100 גרם,false,1,14.90,7.0952,true,1,74318
16000507777,false,קראנצי שיבולת שועל ש,ג'נרל מילס,,קראנצי שיבולת שועל שוקולד מריר 42 גרם,גרמים,42.00,100 גרם,false,1,5.90,14.0476,true,1,86230
16000548404,false,חטיפי גרנולה קראנצי,ג'נרל מילס סאן אדריא,ES,"נייטשר וואלי, קראנצ'י שיבולת שועל עם דבש",גרמים,210.00,100 גרם,false,1,14.90,7.0952,true,1,803
16000548497,false,"קראנצ""י שיבולת שועל",ג'נרל מילס,,"קראנצ""י שיבולת שועל ודבש בודד 42 גרם",גרמים,42.00,100 גרם,false,1,5.90,14.0476,true,1,21015
16000548503,false,חטיפי גרנולה קראנצי,ג'נרל מילס סאן אדריא,ES,חטיפי גרנולה קראנצי מייפל וסוכר חום 210,גרמים,210.00,100 גרם,false,1,14.90,7.0952,true,1,804
16000548596,false,קראנצי מייפל סוכר חו,ג'נרל מילס,,"קראנצ""י מייפל סוכר חום  בודד 42 גרם",גרמים,42.00,100 גרם,false,1,5.90,14.0476,true,1,21016
16000548909,false,חטיפי גרנולה קראנצי,ג'נרל מילס סאן אדריא,ES,חטיפי גרנולה קראנצי מגוון טעמים 210 גרם,גרמים,210.00,100 גרם,false,1,14.90,7.0952,true,1,806
18000701223,false,תערובת להכנת עוגת שו,"ג'נרל מילס ישראל בע""",IL,תערובת להכנת עוגת שוקולד פילסברי 500 גרם,גרמים,500.00,100 גרם,false,1,20.00,4.0000,true,1,920
30000315958,false,קוואקר פרוטאין בננה,קוואקר אוטס קומפני,US,קוואקר פרוטאין בננה אגוזים 366 גרם,גרמים,366.00,100 גרם,false,1,29.90,8.1694,true,1,122046
30100487197,false,קיבלר קרקר גבינת צדר,"מאכלי עולם ר.ז. בע""מ",,קיבלר קרקר גבינת צדר לבן 39 גרם,גרמים,39.00,100 גרם,false,1,5.50,14.1026,true,1,99103
30100545101,false,קיבלר קרקר קלאב צדר,"מאכלי עולם ר.ז. בע""מ",,קיבלר קרקר קלאב צדר כתום 39 גרם,גרמים,39.00,100 גרם,false,1,5.50,14.1026,true,1,96590
34000470228,false,שוקולד חלב מיני ריזס,הרשי,,שוקולד חלב מיני ריזס 70 גרם,גרמים,70.00,100 גרם,false,1,8.50,12.1429,true,1,93595
36000516876,false,קלינקס לושן 75 - 3 ש,קימברלי,GB,קלינקס לושן 75 - 3 שכבות,יחידה,27.00,יחידה,false,1,13.90,0.5148,true,1,124390
36000516890,false,קלינקס לושן אלוורה 1,קימברלי,GB,קלינקס לושן אלוורה 120 - 3 שכבות,יחידה,24.00,יחידה,false,1,20.90,0.8708,true,1,124389
37600207188,false,חמאת בוטנים סקיפי קל,חברת המזון אלגוד,US,חמאת בוטנים סקיפי קלאסי 462 גרם,גרמים,462.00,100 גרם,false,1,21.90,4.7403,true,1,98633
38000183690,true,פרינגלס ברביקיו מידי,פרינגלס מניופקצ'ורינ,US,פרינגלס ברביקיו מידי חלבי 74 גרם,גרמים,74.00,100 גרם,false,1,6.90,9.3243,true,1,119339
38000232152,false,פרינגלס ברביקיו 158ג,פרינגלס מניופקצ'ורינ,US,פרינגלס ברביקיו 158גרם,גרמים,158.00,100 גרם,false,1,13.90,8.7975,true,1,124734
38000232169,false,פרינגלס מידי אורגינל,פרינגלס מניופקצ'ורינ,US,פרינגלס מידי אורגינל 67גרם,גרמים,67.00,100 גרם,false,1,6.90,10.2985,true,1,124735
38000232176,false,פרינגלס שמנת בצל 158,פרינגלס מניופקצ'ורינ,US,פרינגלס שמנת בצל 158גרם,גרמים,158.00,100 גרם,false,1,13.90,8.7975,true,1,124733
38000232183,false,פרינגלס אורגינל 149,פרינגלס מניופקצ'ורינ,US,פרינגלס אורגינל 149 גרם,גרמים,149.00,100 גרם,false,1,13.90,9.3289,true,1,124732
38000845253,false,פרינגלס מידי שמנת בצ,פרינגלס מנופקצורינג,US,פרינגלס מידי שמנת בצל 71 גרם,גרמים,71.00,100 גרם,false,1,6.90,9.7183,true,1,119337
38527591053,false,דגני קוואקר מרובעים,BEVERAGES FOODS & SE,,דגני קוואקר מרובעים קינמון 411 גרם,גרמים,411.00,100 גרם,false,1,23.90,5.8151,true,1,79839
38527591060,false,דגני קוואקר מרובעים,BEVERAGES FOODS & SE,,דגני קוואקר מרובעים סוכר חום 411 גרם,גרמים,411.00,100 גרם,false,1,23.90,5.8151,true,1,80453
40000514480,false,סוכריות M&M בטעם שוק,מרס נדרלנד,,סוכריות M&M בטעם שוקולד 48 גרם,גרמים,48.00,100 גרם,false,1,5.90,12.2917,true,1,110261
40000514510,false,סוכריות שוקולד M&M,מרס נדרלנד,,סוכריות שוקולד M&M  בוטנים 49 גרם,גרמים,49.00,100 גרם,false,1,5.90,12.0408,true,1,109969
41224468108,false,עגבניות מיובשות בשמן,סיגס גיטה,,עגבניות מיובשות בשמן זית 283 גרם,גרמים,283.00,100 גרם,false,1,29.90,10.5654,true,1,55996
46214731552,false,עוגיות שוקולד ציפס מ,"מרבה בע""מ",NL,מרבה עוגיות עם 37% שוקולד צ'יפס 225 גרם,גרמים,225.00,100 גרם,false,1,12.90,5.7333,true,1,4797
50000100347,false,פריסקיז מעדני החתול,פורינה,US,פריסקיז מעדני החתול מועשר בחלב 1.4קג,קילוגרמים,1.40,"ק""ג",false,1,39.90,28.5000,true,1,131855
50000170180,false,פריסקיז פריים פילה ע,פורינה,US,פריסקיז פריים פילה עוף ברוטב 156 גר,גרמים,156.00,100 גרם,false,1,6.90,4.4231,true,1,131862
50000429042,false,מזון חתולים כבד מעוד,פורינה,US,מזון חתולים כבד מעודן ועוף פנסי פיסט 85,גרמים,85.00,100 גרם,false,1,5.90,6.9412,true,1,55887
64144090013,false,תרסיס PAM שמן חמאה 1,קונאגרה פודס,,"תרסיס PAM שמן חמאה 148 מ""ל",מיליליטרים,148.00,"100 מ""ל",false,1,19.50,13.1757,true,1,82219
64144090020,false,PAM תרסיס שמן זית 14,קונאגרה פודס,,"PAM תרסיס שמן זית 148 מ""ל",מיליליטרים,148.00,"100 מ""ל",false,1,19.50,13.1757,true,1,82224
64144090051,false,PAM תרסיס שמן קנולה,קונאגרה פודס,,"PAM תרסיס שמן קנולה 148 מ""ל",מיליליטרים,148.00,"100 מ""ל",false,1,19.50,13.1757,true,1,101884
71570010089,false,גלי בלי בטעם ליקוריץ,ג'לי בלי קינדי,US,גלי בלי בטעם ליקוריץ 70 גרם,גרמים,70.00,100 גרם,false,1,16.90,24.1429,true,1,132074
71570010119,false,גלי בלי בטעם דובדבן,ג'לי בלי קינדי,TH,גלי בלי בטעם דובדבן 70 גרם,גרמים,70.00,100 גרם,false,1,16.90,24.1429,true,1,132063
71570014025,false,גלי בלי בטעמים שונים,ג'לי בלי קינדי,US,גלי בלי בטעמים שונים בסגנון אמריקאי 70 גרם,גרמים,70.00,100 גרם,false,1,16.90,24.1429,true,1,132075
76840001767,false,גלידה בן&גרי wake &,מוצרי איכות אמריקאים,IL,"גלידה בן&גרי wake & no bake core 500 מ""ל",גרמים,500.00,100 גרם,false,1,29.90,5.9800,true,1,125213
76840001774,false,בצק עוגות שוקולד ציפ,מוצרי איכות אמריקאים,IL,"גלידה בן&גרי שוקולד צפס קור 500מ""ל",גרמים,500.00,100 גרם,false,1,29.90,5.9800,true,1,125212
76840002351,false,"פיינט בן &גרי 500 מ""",בן & ג'ריס,IL,"פיינט בן &גרי 500 מ""לGimme smore",מיליליטרים,500.00,"100 מ""ל",false,1,29.90,5.9800,true,1,129397
76840100583,false,גלידה בצק עוגיות 473,מוצרי איכות אמריקאיי,,"גלידה בצק עוגיות 473 מ""ל",מיליליטרים,473.00,"100 מ""ל",false,1,29.90,6.3214,true,1,66925
76840100989,false,גלידת שוקולד עם מרשמ,בן & ג'ריס,IL,גלידת שוקולד עם מרשמלו קרמל וחתיכות פאדג,מיליליטרים,473.00,"100 מ""ל",false,1,29.90,6.3214,true,1,62071
76840400027,false,"גלידה שוקולד 500 מ""ל",מוצרי איכות אמריקאיי,,"גלידה שוקולד 500 מ""ל",מיליליטרים,500.00,"100 מ""ל",false,1,29.90,5.9800,true,1,9345
77245110610,false,סוכריות מאסט מנטה לל,MIESZKO S.A - MS. JO,,סוכריות מאסט מנטה ללא סוכר 80 גרם,גרמים,80.00,100 גרם,false,1,11.90,14.8750,true,1,14248
77343000233,false,נרות חימום אורה 50,מנורה,IL,נרות חימום אורה 50,יחידה,1.00,יחידה,false,1,11.90,11.9000,true,1,109665
77975094631,false,בייגלה סניידרס סנדבי,סיינדרס,,"בייגלה סניידרס סנדביץ גבינה צ""דר 226 גרם",גרמים,226.00,100 גרם,false,1,19.90,8.8053,true,1,126740
77975094761,false,סניידרס בטעם צדר 340,סניידרס,US,סניידרס בטעם צדר 340 גרם,גרמים,340.00,100 גרם,false,1,19.90,5.8529,true,1,128783
77975094778,false,סניידרס דבש חרדל ובצ,סניידרס,US,סניידרס דבש חרדל ובצל 340 גרם,גרמים,340.00,100 גרם,false,1,19.90,5.8529,true,1,129107
77975095133,false,סניידרס שברי בייגלה,סניידרס,US,סניידרס שברי בייגלה בטעם פיקנטי 319 גרם,גרמים,319.00,100 גרם,false,1,19.90,6.2382,true,1,132894
77975095157,false,בייגלה סניידרס חלפינ,סניידרס,,בייגלה סניידרס חלפיניו 318גרם,גרמים,318.00,100 גרם,false,1,19.90,6.2579,true,1,131529
77975095164,false,סניידרס שברי בייגלה,סניידרס,US,סניידרס שברי בייגלה בטעם פרמזן שום 318,גרמים,318.00,100 גרם,false,1,19.90,6.2579,true,1,132893
80432402931,false,וויסקי שיבאס ריגאל,מזקקת האחים שיבאס,GB,"וויסקי סקוטי, שיבאס ריגאל 12 שנה, 700 מ''ל",מיליליטרים,700.00,"100 מ""ל",false,1,169.90,24.2714,true,1,99372
80480280048,false,וודקה גריי גוס 200 מ,בקרדי מרטיני,FR,"וודקה גריי גוס 200 מ""ל",מיליליטרים,200.00,"100 מ""ל",false,1,64.90,32.4500,true,1,117645
80518532743,false,שקית בלון 50 בלונים,NORTHERN,,שקית בלון 50 בלונים,מיליליטרים,0.00,"100 מ""ל",false,1,16.00,0.0000,true,1,9830
613008742348,false,אריזונה גנסנג ודבש ב,"נטורלה גטרנק בע""מ",DE,אריזונה גנסנג ודבש בקבוק 1 ליטר,ליטרים,1.00,ליטר,false,1,14.90,14.9000,true,1,125962
613008742409,false,אריזונה אפרסק בקבוק,"נטורלה גטרנק בע""מ",DE,אריזונה אפרסק בקבוק 1 ליטר,ליטרים,1.00,ליטר,false,1,14.90,14.9000,true,1,125961
613008753290,false,אריזונה אפרסק 450 מל,נובה טרייד,BG,אריזונה אפרסק 450 מל,מיליליטרים,450.00,"100 מ""ל",false,1,10.90,2.4222,true,1,121094
613008753320,false,אריזונה גינסנג ודבש,נובה טרייד,BG,אריזונה גינסנג ודבש 450 מל,מיליליטרים,450.00,"100 מ""ל",false,1,10.90,2.4222,true,1,121095
613008753382,false,אריזונה אוכמניות 450,נובה טרייד,BG,אריזונה אוכמניות 450 מל,מיליליטרים,450.00,"100 מ""ל",false,1,10.90,2.4222,true,1,121093
638102201010,false,חטיף זון קלאסיק שוקו,"אבוט נוטרישן, מעבדות",US,חטיף זון קלאסיק שוקולד חמאת בוטנים,גרמים,50.00,100 גרם,false,1,13.90,27.8000,true,1,122361
638102203090,false,זון פאדג,"אבוט נוטרישן, מעבדות",US,זון פאדג,Unknown,0.00,Unknown,false,1,13.90,0.0000,true,1,24681
639138527617,false,פילה הרינג ברוטב עגב,רוג'ין פיש,,פילה הרינג ברוטב עגבניות 200 גרם,גרמים,200.00,100 גרם,false,1,15.50,7.7500,true,1,41025
639138527631,false,פילה הרינג ברוטב חרד,רוג'ין פיש,,פילה הרינג ברוטב חרדל 200 גרם,גרמים,200.00,100 גרם,false,1,15.50,7.7500,true,1,82178
651080647519,false,קיסמים לשיניים פלאקר,פלאקרס רניר,US,פלאקרס פלוסר חוט דנטלי ירוק -מנטה,יחידה,1.00,יחידה,false,1,12.90,12.9000,true,1,113078
686412282984,false,טונה לבנה בשמן זית (,אורטיז,ES,טונה לבנה בשמן זית (צנצנת)220 גרם ORTIZ,גרמים,220.00,100 גרם,false,1,46.90,21.3182,true,1,126865
693493010788,false,נאצוס בטעם ברביקיו 2,או. קיי סניקס,DK,נאצוס בטעם ברביקיו 200 גרם,גרמים,200.00,100 גרם,false,1,16.90,8.4500,true,1,132070
693493150781,false,ערק ערנבים בטעם אננס,אליס בראנפמן,IL,ערק ערנבים בטעם אננס 700 מל,מיליליטרים,700.00,"100 מ""ל",false,1,79.90,11.4143,true,1,131972
693493162111,false,סיגריה אלקטרונית חפ,קלאס ספא,CN,סיגריה אלקטרונית חפ אייס אבטיח 3000 שאי,יחידה,1.00,יחידה,false,1,99.90,99.9000,true,1,132086
728229123590,false,טרה ירקות בטעם טבעי,הונדורס צ'יפס יצור א,HN,טרה חטיף על בסיס ירקות שורש בטעם טבעי 110 גרם,גרמים,110.00,100 גרם,false,1,18.90,17.1818,true,1,36817
753182231761,false,משקה אנרגיה BLU ללא,אקו - ביט,PL,בלו משקה אנרגיה מוגז 250 מל,מיליליטרים,250.00,"100 מ""ל",false,1,8.90,3.5600,true,1,67185
753656701271,false,תינק בטעם בראוניס 60,תינק,US,תינק בטעם בראוניס 60 גרם,גרמים,60.00,100 גרם,false,1,18.90,31.5000,true,1,127860
768404001640,false,"גלידה קפה 500 מ""ל",מוצרי איכות אמריקאיי,,"פיינט בטעם קפה בן אנד גרי 500 מ""ל",מיליליטרים,500.00,"100 מ""ל",false,1,29.90,5.9800,true,1,56791
769904000997,false,שקדי מרק ללא גלוטן 2,משובח תעשיות בעמ,IL,שקדי מרק,גרמים,200.00,100 גרם,false,1,15.90,7.9500,true,1,72315
812319014308,false,לה מורנה דובדבן וניל,,DO,לה מורנה דובדבן וניל 5 יחידות,יחידה,5.00,יחידה,false,5,36.90,7.3800,false,1,131806
835811005933,false,תבנית אלומיניום ענק,ווינפאק,,תבנית אלומיניום ענק 5 יחידות,לא מנהל יחידת מידה,0.00,לא מנהל יחידת מידה,false,1,13.90,0.0000,true,1,87779
835811005957,false,מגש הכסף תבנית אלומ`,יבוא ושיווק: הנמל אר,IL,"הנמל תבנית אלומניום מלבנית, 8 יחידות",לא מנהל יחידת מידה,0.00,לא מנהל יחידת מידה,false,1,14.90,0.0000,true,1,86165
835811005964,false,תבנית אלומיניום אינג,ווינפאק,,תבנית אלומיניום אינגליש 20 יחידות,לא מנהל יחידת מידה,0.00,לא מנהל יחידת מידה,false,1,14.00,0.0000,true,1,85811
835811006060,false,כוסות נייר אספרסו 50,אכיף,,כוסות נייר אספרסו 50 יח,Unknown,0.00,Unknown,false,1,7.90,0.0000,true,1,84985
835811007562,false,תבנית קרטון אינגליש,"תעשיות רישתון בע""מ",,תבנית קרטון אינגליש קייק 6 יחידות,לא מנהל יחידת מידה,0.00,לא מנהל יחידת מידה,false,1,11.90,0.0000,true,1,23228
839762000641,false,נקטר איילנד מנגו 1 ל,"פאראגאלה,דה אג'יפשן",EG,איילנד מנגו 1 ליטר,ליטרים,1.00,ליטר,false,1,16.90,16.9000,true,1,21076
839762000658,false,נקטר איילנד גויאבה 1,The Egyptian Co. for,EG,איילנד גויאבה המשקה של חופי סיני 1 ליטר,ליטרים,1.00,ליטר,false,1,16.90,16.9000,true,1,20560
839762002379,false,נקטר איילנד מנגו 350,"פאראגאלה,דה אג'יפשן",EG,"איילנד מנגו  350 מ""ל",מיליליטרים,350.00,"100 מ""ל",false,1,8.90,2.5429,true,1,66534
839762002386,false,נקטר איילנד גויאבה 3,"פאראגאלה,דה אג'יפשן",EG,"איילנד גויאבה 350 מ""ל",מיליליטרים,350.00,"100 מ""ל",false,1,8.90,2.5429,true,1,66535
842387000736,false,מטען רכב לגלקסי פרמי,,,מטען רכב לגלקסי פרמיום 2A,יחידה,1.00,יחידה,false,1,39.90,39.9000,true,1,123874
842426146005,false,ליטל אנד ויילד וניל,,DO,ליטל אנד ויילד וניל 5 יחידות,יחידה,5.00,יחידה,false,5,36.90,7.3800,false,1,131813
853152100414,false,פרו בר בטעם בצק עוגי,פרובאר,US,פרו בר בטעם בצק עוגיות 70 גרם,גרמים,70.00,100 גרם,false,1,18.90,27.0000,true,1,127862
853152120344,false,פרו בר בטעם שוקולד,פרובאר,US,פרו בר בטעם שוקולד  70 גרם,גרמים,70.00,100 גרם,false,1,18.90,27.0000,true,1,127863
856591000062,false,עוגיות מזרחיות עבאדי,מאפיית יוסף ושמחה עב,IL,מזרח. מלח 400ג 856591000062,גרמים,400.00,100 גרם,false,1,21.90,5.4750,true,1,22258
856591000109,false,עוגיות מזרחיות עבאדי,מאפיית יוסף ושמחה עב,IL,עבאדי עוגיות מזרחיות פריך במיוחד 400 גרם,גרמים,400.00,100 גרם,false,1,21.90,5.4750,true,1,64703
856591000574,false,מיני נשנוש בטעם טבעי,מאפיית יוסף ושמחה עב,IL,מיני נשנוש בטעם טבעי 40 גרם,גרמים,40.00,100 גרם,false,1,3.90,9.7500,true,1,106546
3014260287030,false,סכיני גילוח חד פעמי,פרוטקר אנד גמבל,MD,סכיני גילוח חד פעמי גילט 5 יחידות,לא מנהל יחידת מידה,0.00,לא מנהל יחידת מידה,false,1,9.90,0.0000,true,1,38073
3046920010801,false,שוקולד לינדט אקסלנס,לינדט ושפרונגלי אס.א,FR,שוקולד לינדט אקסלנס הזלנט 100 גרם,גרמים,100.00,100 גרם,false,1,19.90,19.9000,true,1,112800
3046920027281,false,שוקולד לינדט אקסלנס,לינדט ושפרונגלי,FR,שוקולד לינדט אקסלנס קרמלסולט 100 גרם,גרמים,100.00,100 גרם,false,1,19.90,19.9000,true,1,132133
3046920028004,false,שוקולד לינדט אקסלנס,לינדט ושפרונגלי,FR,לינדט אקסלנס 70% שוקולד מריר 100 גר,גרמים,100.00,100 גרם,false,1,19.90,19.9000,true,1,2741
3046920028363,false,שוקולד לינדט אקסלנס,לינדט ושפרונגלי,FR,שוקולד לינדט אקסלנס 85%  100 גרם,גרמים,100.00,100 גרם,false,1,19.90,19.9000,true,1,24795
3046920029674,false,שוקולד לינדט אקסלנס,לינדט ושפרונגלי,DE,לינדט אקסלנס שוקולד מריר עם נגיעות מלח ים 100 גרם,גרמים,100.00,100 גרם,false,1,19.90,19.9000,true,1,56769
3066083735441,false,ליסטרין קול מינט 250,גונסון,US,"ליסטרין קול מינט 250 מ""ל",מיליליטרים,250.00,"100 מ""ל",false,1,12.90,5.1600,true,1,130653
3179110001140,false,מצת גדול לגריל קריקט,,CN,מצת גדול לגריל קריקט,יחידה,1.00,יחידה,false,1,19.90,19.9000,true,1,131786
3179730011024,false,מים מינרלים פרייה,נסטלה ווטרס ספלאי,FR,פרייה מים מינרלים מבעבעים טבעיים 330 מל,מיליליטרים,330.00,"100 מ""ל",false,1,8.90,2.6970,true,1,67342
3179732348913,false,מים פריה ירוק 1 ליטר,נסטלה ווטרס ספלאי,FR,פרייה מים מינרליים טבעיים מבעבעים 1 ליטר,ליטרים,100.00,ליטר,false,1,11.90,0.1190,true,1,56577
3228022910023,false,פרזידנט חמאה 200 גרם,סוסייטה בארייר דה אי,FR,פרזידנט חמאה 200 גרם,גרמים,200.00,100 גרם,false,1,16.90,8.4500,true,1,3001
3387390525960,false,דגני קראנץ נסטלה 500,סי. פי. צרפת,FR,דגני קראנץ נסטלה 500 גרם,גרמים,500.00,100 גרם,false,1,27.90,5.5800,true,1,50545
3574660089547,false,טמפוני O.B קלאסי נור,ג'ונסון אנד ג'ונסון,GR,אובה  טמפונים ללא מוליך נורמל 32 יח',יחידה,1.00,יחידה,false,1,32.90,32.9000,true,1,43078
3574660239973,false,טמפונים O.B קומפורט,"ש. שסטוביץ בע""מ",GR,טמפונים O.B קומפורט זרימה נורמל 32 יח,יחידה,32.00,יחידה,false,1,32.90,1.0281,true,1,43082
3574660649895,false,ליסטרין מי פה זירו מ,גונסון אנד גונסון,,"ליסטרין מי פה זירו מעודן 500 מ""ל",מיליליטרים,500.00,"100 מ""ל",false,1,17.90,3.5800,true,1,130534
3600522550129,false,אייג ספשיאליסט קרם י,לוריאל,DE,אייג ספשיאליסט קרם יום +45,לא מנהל יחידת מידה,0.00,לא מנהל יחידת מידה,false,1,59.90,0.0000,true,1,121211
4000417101211,false,אמיצלי גלילי וופל 15,קימס,AT,אמיצלי גלילי וופל 150 גרם,גרמים,150.00,100 גרם,false,1,19.90,13.2667,true,1,131756
4002590000022,false,סוכ.קלפני בפחית פירו,קלפני,DE,קלפני פירות יער 150 גר',גרמים,150.00,100 גרם,false,1,12.90,8.6000,true,1,20999
4002590000046,false,סוכריות מרעננות,קלפני,DE,קלפני מנטה מרענן 150 גר',גרמים,150.00,100 גרם,false,1,12.90,8.6000,true,1,12183
4005808366392,false,לבלו בליסטר כחול,טרופיקל דגיל תעשיות,DE,לבלו בליסטר כחול,גרמים,1.00,100 גרם,false,1,13.90,1390.0000,true,1,110263
4008400290126,false,קנדר עוגת ספוג במילו,פררו טורקיה צ'יקולטה,TR,קנדר עוגת ספוג במילוי חלבי מצופה ש מריר,גרמים,30.00,100 גרם,false,1,5.90,19.6667,true,1,129378
4009900402965,false,מסטיק אורביט וויט פי,ריגלי פולין,PL,מסטיק אורביט וויט פירות בקבוקון,Unknown,0.00,Unknown,false,1,11.90,0.0000,true,1,86289
4009900403023,false,מסטיק אורביט וויט מנ,ריגלי פולין,PL,מסטיק אורביט וויט קלאסי בקבוקון,גרמים,64.00,100 גרם,false,1,11.90,18.5938,true,1,86290
4009900420129,false,אורביט פרופשיונל פפר,מרס נדרלנד,PL,אורביט פרופשיונל פפרמינט בקבוקון,לא מנהל יחידת מידה,0.00,לא מנהל יחידת מידה,false,1,11.90,0.0000,true,1,119809
4009900426121,false,מסטיק איירווייבס אוכ,ריגלי פולין,PL,מסטיק איירווייבס אוכמניות בקבוקון,גרמים,64.00,100 גרם,false,1,11.90,18.5938,true,1,110488
4009900479998,false,מסטיק אורביט אוכמניו,ריגלי פולין,PL,מסטיק אורביט אוכמניות בקבוקון,Unknown,0.00,Unknown,false,1,11.90,0.0000,true,1,99436
4009900482417,false,מסטיק אורביט בבאבל מ,ריגלי פולין,PL,מסטיק אורביט בבלמינט בקבוקון 64 גרם,Unknown,0.00,Unknown,false,1,11.90,0.0000,true,1,91202
4009900531122,false,אורביט פרופשיונל ספי,מרס נדרלנד,PL,אורביט פרופשיונל ספירמינט בקבוקון,לא מנהל יחידת מידה,0.00,לא מנהל יחידת מידה,false,1,11.90,0.0000,true,1,119810
4009900536288,false,מסטיק אורביט רפרשרס,מרס ריגלי קונפקשונרי,PL,מסטיק אורביט רפרשרס פפרמ 67 ג,גרמים,67.00,100 גרם,false,1,12.90,19.2537,true,1,128859
4009900539685,false,מסטיק פייב מנטה בקבו,ריגלי בעמ רוסיה,PL,מסטיק פייב באונס בטעם מנטה ללא סוכר,גרמים,62.00,100 גרם,false,1,13.90,22.4194,true,1,131126
4009900539746,false,מסטיק פייב אבטיח בקב,ריגלי בעמ רוסיה,PL,מסטיק פייב באונס בטעם אבטיח בקבוקון,גרמים,62.00,100 גרם,false,1,13.90,22.4194,true,1,131127
4009900540551,false,אורביט ריפרשרס טרופי,מרס פולין,PL,אורביט ריפרשרס טרופיקל,גרמים,67.00,100 גרם,false,1,12.90,19.2537,true,1,131123
4011800567613,false,חטיף קורני סנדוויץ ש,שוורטאוור וורקה,DE,חטיף קורני סנדוויץ שחור לבן מארז 4 יח,גרמים,120.00,100 גרם,false,1,13.90,11.5833,true,1,98401
4011800617615,false,קורני ביג שוקו 50 גר,שוורטאוור וורקה,DE,קורני ביג חטיף דגנים עם שוקולד חלב 50 גרם,גרמים,50.00,100 גרם,false,1,5.90,11.8000,true,1,124150
4011800617714,false,קורני ביג שוקו בננה,שוורטאוור וורקה,DE,קורני ביג חטיף דגנים עם שוקולד חלב ובננה 50 גרם,גרמים,50.00,100 גרם,false,1,5.90,11.8000,true,1,124149
4011800617813,false,קורני ביג בראוניז 50,שוורטאוור וורקה,DE,קורני ביג חטיף דגנים בטעם בראוניז 50 גרם,גרמים,50.00,100 גרם,false,1,5.90,11.8000,true,1,124151
4011800617912,false,קורני ביג נאטס 50 גר,שוורטאוור וורקה,DE,קורני ביג חטיף דגנים עם אגוזי לוז 50 גרם,גרמים,50.00,100 גרם,false,1,5.90,11.8000,true,1,124152
4011800628512,false,חטיף קורני שוקולד חל,שוורטאוור וורקה,DE,קורני חטיף דגנים עם שוקולד חלב 6 יחידות 150 גרם,גרמים,150.00,100 גרם,false,1,13.90,9.2667,true,1,95477
4011800630515,false,קורני בייס שוק בננה,שוורטאוור וורקה,DE,קורני חטיף דגנים עם שוקולד חלב ובננה 175 גרם,גרמים,150.00,100 גרם,false,1,13.90,9.2667,true,1,95479
4011800633516,false,חטיף קורני שוקולד מר,שוורטאוור וורקה,DE,חטיף קורני שוקולד מריר מארז 6 יח,גרמים,138.00,100 גרם,false,1,13.90,10.0725,true,1,94886
4014400901191,false,בונבוניירה מרסי 250,אוגוסט שטורק,DE,מרסי 250 גרם,גרמים,250.00,100 גרם,false,1,34.90,13.9600,true,1,4131
4014400901405,false,בונבוניירה מרסי חלב,אוגוסט שטורק,DE,מרסי חלב 250 גרם,גרמים,250.00,100 גרם,false,1,34.90,13.9600,true,1,36173
4014400910063,false,סוכריות חמאה וורטר1,אוגוסט שטורק,DE,וורטרס אורגינל סוכריות חמאה 135 גרם,גרמים,135.00,100 גרם,false,1,13.90,10.2963,true,1,67780
4014400914696,false,סוכריות חמאה וורטר ל,אוגוסט שטורק,DE,סוכריות חמאה וורטר ללא סוכר 80 גרם,גרמים,80.00,100 גרם,false,1,13.90,17.3750,true,1,70997
4014400920857,false,וורטר שוקולד ללא סוכ,אוגוסט שטורק,DE,וורטרס סוכריות חמאה בטעם שוקולד ללא סוכר,Unknown,0.00,Unknown,false,1,11.90,0.0000,true,1,104874
4014400923711,false,בונבוניירה טופיפי שו,אוגוסט שטורק,DE,בונבוניירה טופיפי שוקולד 125 גרם,גרמים,125.00,100 גרם,false,1,17.90,14.3200,true,1,110800
4015400755241,false,תחבושות אולוויז הגיי,פרוקטר אנד גמבל,UA,תחבושות אולוויז הגיינה נורמל 28 יחידות,לא מנהל יחידת מידה,0.00,לא מנהל יחידת מידה,false,1,23.90,0.0000,true,1,109940
4015400759171,false,תחבושות אולווייז אול,פרוקטר & גמבל,DE,תחבושות אולווייז אולטרה נורמל 20 יחידות,יחידה,20.00,יחידה,false,1,18.90,0.9450,true,1,132095
4015600762742,false,שמפו הד אנד שולדרס ק,פרוקטר אנד גמבל,RO,"הד אנד שולדרס שמפו קלאסי  500 מ""ל",מיליליטרים,500.00,"100 מ""ל",false,1,25.90,5.1800,true,1,111647
4017100198151,false,בלזן היט וניל 220גרם,חברת בלזן,PL,בלזן היט וניל 220 גרם,גרמים,220.00,100 גרם,false,1,11.90,5.4091,true,1,107183
4017100219900,false,ופל ופלטן מגולגל מצו,חברת באלסן,DE,ופל ופלטן מגולגל מצופה שוקולד 100 גרם,גרמים,100.00,100 גרם,false,1,17.90,17.9000,true,1,4164
4017100290008,false,ביסקוויט בלזן מצופה,חברת באלסן,DE,בלזן בסקויט חמאה מצופה שוק חלב 125 גרם,גרמים,125.00,100 גרם,false,1,15.90,12.7200,true,1,4166
4017100291005,false,ביסקוויטבלזן מצופה ש,חברת באלסן,DE,בלזן לייבניז בסקויט חמאה מצופה שוקולד מריר,גרמים,125.00,100 גרם,false,1,15.90,12.7200,true,1,111953
4017100364112,false,עוגיות היט קקאו 220,חברת בלזן,PL,בלזן היט קקאו 220 גרם,גרמים,220.00,100 גרם,false,1,11.90,5.4091,true,1,104252
4022025001790,false,יין בלו נאן 24K גולד,היי סישל סוהן טראבן,DE,"יין בלו נאן 24K גולד מבעבע כשר 750 מ""ל",מיליליטרים,750.00,"100 מ""ל",false,1,64.90,8.6533,true,1,130727
4022025002025,false,24K יין בלו נאן גולד,בלו נאן,DE,"24K יין בלו נאן גולד כשר 200 מ""ל",מיליליטרים,200.00,"100 מ""ל",false,1,27.90,13.9500,true,1,130731
4022025002087,false,24K יין בלו נאן רוזה,בלו נאן,DE,"24K יין בלו נאן רוזה מבעבע כשר 750 מ""ל",מיליליטרים,750.00,"100 מ""ל",false,1,64.90,8.6533,true,1,130730
4022025002254,false,24K יין בלו נאן רוזה,בלו נאן,DE,"24K יין בלו נאן רוזה כשר 200 מ""ל",מיליליטרים,200.00,"100 מ""ל",false,1,27.90,13.9500,true,1,130732
4022025262009,false,יין בלו נאן גוורצטרמ,לנגוט טראבן,,"יין בלו נאן גוורצטרמינר כשר  750 מ""ל",מיליליטרים,750.00,"100 מ""ל",false,1,59.90,7.9867,true,1,130726
4022025262436,false,יין בלו נאן גוורצטרמ,בלו נאן,DE,"יין בלו נאן גוורצטרמינר כשר 250מ""ל",מיליליטרים,250.00,"100 מ""ל",false,1,27.90,11.1600,true,1,130733
4022025773000,false,בלו נאן מוסקטו כשר 7,בלו נאן,DE,"בלו נאן מוסקטו כשר 750 מ""ל",מיליליטרים,750.00,"100 מ""ל",false,1,59.90,7.9867,true,1,130728
4032900104508,false,סיגריות אל די סופרסל,,,סיגריות אל די סופרסל,לא מנהל יחידת מידה,0.00,לא מנהל יחידת מידה,false,1,28.40,0.0000,false,1,120665
4032900111292,false,סיגריות ווינסטון קומ,JTI,UA,סיגריות ווינסטון קומפקט כחול בודד,לא מנהל יחידת מידה,0.00,לא מנהל יחידת מידה,false,1,29.80,0.0000,false,1,121204
4032900111308,false,סיגריות ווינסטון קומ,JTI,UA,סיגריות ווינסטון קומפקט סילבר בודד,לא מנהל יחידת מידה,0.00,לא מנהל יחידת מידה,false,1,29.80,0.0000,false,1,121206
4032900112824,false,סיגריות כאמל קומפקט,,,סיגריות כאמל קומפקט,יחידה,1.00,יחידה,false,1,27.60,27.6000,false,1,121448
4032900112879,false,סיגריות כאמל קומפקט,,,סיגריות כאמל קומפקט כחול בודד,יחידה,1.00,יחידה,false,1,27.60,27.6000,false,1,121447
4032900124193,false,סיגריות כאמל צהוב אר,,,סיגריות כאמל צהוב ארוך בודד PP,לא מנהל יחידת מידה,0.00,לא מנהל יחידת מידה,false,1,32.00,0.0000,false,1,124880
4032900124254,false,וינסטון  קומפקט ברי,,,וינסטון  קומפקט ברי PP בודד,יחידה,1.00,יחידה,false,1,29.80,29.8000,false,1,126006
4033100013348,false,סיגריות אל די כחול א,JTI,,סיגריות אל די כחול ארוך חפיסה בודד,לא מנהל יחידת מידה,0.00,לא מנהל יחידת מידה,false,1,30.20,0.0000,false,1,66197
4033100014468,false,סיגריות אל די אדום ח,JTI,,סיגריות אל די אדום חפיסה בודד,לא מנהל יחידת מידה,0.00,לא מנהל יחידת מידה,false,1,30.20,0.0000,false,1,66196
4033100014529,false,סיגריות אל די סלים ח,JTI,,סיגריות אל די סלים חפיסה בודד,יחידה,1.00,יחידה,false,1,29.00,29.0000,false,1,66198
4033100024146,false,סיגריות וינסטון קוד,JTI,,סיגריות וינסטון קוד חפיסה בודד,לא מנהל יחידת מידה,0.00,לא מנהל יחידת מידה,false,1,32.00,0.0000,false,1,85379
4033100024252,false,סיגריות וינסטון אקוו,JTI,,סיגריות וינסטון אקווה חפיסה בודד,יחידה,0.00,יחידה,false,1,32.00,0.0000,false,1,85381
4033100038914,false,טבק לגלגול קאמל צהוב,JTI,,טבק לגלגול קאמל צהוב חפיסה30 גרם,גרמים,30.00,100 גרם,false,1,81.20,270.6667,false,1,93935
4033100046490,false,סיגריות וינסטון קוד,יושלם,,סיגריות וינסטון קוד אקווה 100 חפיסה בודד,לא מנהל יחידת מידה,0.00,לא מנהל יחידת מידה,false,1,32.00,0.0000,false,1,92013
4033100047350,false,טבק לגלגול קאמל כחול,JTI,,טבק לגלגול קאמל כחול חפיסה30 גרם,גרמים,30.00,100 גרם,false,1,81.20,270.6667,false,1,93936
4033100064036,false,טבק לגלגול וינסטון כ,JTI,,טבק לגלגול וינסטון כחול חפיסה30 גרם,גרמים,30.00,100 גרם,false,1,81.20,270.6667,false,1,106381
4043058008778,false,טבק לגלגול אמריקן ספ,jti,,טבק לגלגול אמריקן ספיריט כחול חבילה30גר,גרמים,30.00,100 גרם,false,1,88.20,294.0000,false,1,103750
4043058010412,false,טבק לגלגול אמריקן ספ,jti,,טבק לגלגול אמריקן ספיריט צהוב חבילה30גר,גרמים,30.00,100 גרם,false,1,88.20,294.0000,false,1,105230
4050300873398,false,OSRAM  סט נורות ופיו,,,OSRAM  סט נורות ופיוזים H4,לא מנהל יחידת מידה,0.00,לא מנהל יחידת מידה,false,1,74.90,0.0000,true,1,123698
4050300876375,false,OSRAM  סט נורות ופיו,,,OSRAM  סט נורות ופיוזים H7,לא מנהל יחידת מידה,0.00,לא מנהל יחידת מידה,false,1,74.90,0.0000,true,1,123697
4105120623941,false,בירה וויינשטפן בקבוק,"ויינשטפן, ת.ד 1155 פ",DE,"ויינשטפן בק ח""פ 500 מ""ל",מיליליטרים,500.00,"100 מ""ל",false,1,13.90,2.7800,true,1,128400
4210201360742,false,אורל בי ראש חשמלי לנ,בראון,IE,אורל בי ראש חשמלי לניקוי יסודי 4 יח',לא מנהל יחידת מידה,0.00,לא מנהל יחידת מידה,false,1,99.90,0.0000,true,1,131325
4640018993343,false,פיניש קוואנטום 30 יח,רקיט בנקיזר,PL,פיניש קוואנטום קפסולות למדיח 30 טבליות,גרמים,375.00,100 גרם,false,1,44.90,11.9733,true,1,127735
4710068001692,false,מאסטר קפה לאטה 240 מ,תאיט מרקטינג אנד דיס,,מאסטר קפה לאטה פחית,מיליליטרים,240.00,"100 מ""ל",false,1,10.50,4.3750,true,1,97324
4710068001715,false,מאסטר קפה טירמיסו 24,יוני פרזינדנט אנטרפר,,מאסטר קפה טרמיסו פחית 240 מל,מיליליטרים,240.00,"100 מ""ל",false,1,10.50,4.3750,true,1,97386
4710068001739,false,מאסטר קפה קולומביאני,יוני פרזינדנט אנטרפר,,מאסטר קפה משקה קפה קר קלאסיקו 240 מל,מיליליטרים,240.00,"100 מ""ל",false,1,10.50,4.3750,true,1,97325
4710068002798,false,מאסטר קפה וונילה פחי,מאיטה פוד אינדוסטריא,,מאסטר קפה לאטה פחית,מיליליטרים,240.00,"100 מ""ל",false,1,10.50,4.3750,true,1,122293
4820229031311,false,וודקה חורטיצה פלטינו,Global Gourmet Produ,UA,וודקה חורטיצה פלטינום 700 מל,מיליליטרים,700.00,"100 מ""ל",false,1,74.90,10.7000,true,1,131945
4820229032219,false,וודקה חורטיצה אייס 7,Global Gourmet Produ,UA,וודקה חורטיצה אייס 700 מל,מיליליטרים,700.00,"100 מ""ל",false,1,79.90,11.4143,true,1,131946
4891228302962,false,שיק היידרו 5 לחות מו,הנסיך- מפעל לייצור ט,CN,שיק היידרו 5 רביעיית סכיני גילוח,לא מנהל יחידת מידה,0.00,לא מנהל יחידת מידה,false,1,54.90,0.0000,true,1,110587
4895149077565,false,נורת לד 10.5W 60W הב,J&P,,נורת לד 10.5W 60W הברגה E27 אור צהוב,יחידה,1.00,יחידה,false,1,14.90,14.9000,true,1,113534
4895149077572,false,נורת לד 10.5W 60W הב,J&P,,נורת לד 10.5W 60W הברגה E27 אור לבן,יחידה,1.00,יחידה,false,1,14.90,14.9000,true,1,113537
4895149077589,false,נורת לד 12W 75W הברג,J&P,,נורת לד 12W 75W הברגה E27 אור צהוב,יחידה,1.00,יחידה,false,1,24.90,24.9000,true,1,113536
4895149077596,false,נורת לד 12W 75W הברג,J&P,,נורת לד 12W 75W הברגה E27 אור לבן,יחידה,1.00,יחידה,false,1,24.90,24.9000,true,1,113535
4895149077602,false,נורת לד 15W 100W הבר,J&P,,נורת לד 15W 100W הברגה E27 אור צהוב,יחידה,1.00,יחידה,false,1,29.90,29.9000,true,1,113538
4895149077619,false,נורת לד 15W 100W הבר,J&P,,נורת לד 15W 100W הברגה E27 אור לבן,יחידה,1.00,יחידה,false,1,29.90,29.9000,true,1,113539
4897021690947,false,פלסטר מיקס 100 יחידו,הנגזו זונגפו,CN,פלסטר מיקס 100 יחידות,יחידה,1.00,יחידה,false,1,13.90,13.9000,true,1,126876
5000054359500,false,פריסקיז פטה כבד ועוף,פורינה,US,פריסקיז פטה כבד ועוף 156גרם,גרמים,156.00,100 גרם,false,1,6.90,4.4231,true,1,132355
5000159344074,false,מאגדת גלידה סניקרס 6,פלדמן,IL,מאגדת גלידה סניקרס 6 יח  288 גר,גרמים,288.00,100 גרם,false,1,34.90,12.1181,true,1,114166
5000159376655,false,סוכריות סקיטלס פירות,ריגלי ממתקים,,סוכריות סקיטלס פירות 38 גרם,גרמים,38.00,100 גרם,false,1,4.50,11.8421,true,1,87658
5000159376792,false,סוכריות סקיטלס חמוץ,ריגלי ממתקים,,סוכריות סקיטלס חמוץ 38 גרם,גרמים,38.00,100 גרם,false,1,4.50,11.8421,true,1,87659
5000159407236,false,חטיף מרס,מרס הולנד בי.וי.,NL,חטיף שוקולד חלב במילוי נוגט וקרמל מרס,גרמים,51.00,100 גרם,false,1,6.90,13.5294,true,1,49581
5000159459228,false,חטיף טויקס שוקולד,מרס הולנד בי. וי.,NL,חטיף אצבעות קרמל ושוקולד טוויקס,גרמים,50.00,100 גרם,false,1,6.90,13.8000,true,1,89388
5000159461122,false,חטיף סניקרס שוקולד,מרס הולנד בי.וי.,NL,חטיף סניקרס שוקולד 50 גרם,גרמים,50.00,100 גרם,false,1,6.90,13.8000,true,1,89389
5000159484695,false,מאגדת גלידה טוויקס 6,פלדמן,IL,מאגדת גלידה טוויקס 6 יח 205.2 גר,גרמים,205.00,100 גרם,false,1,34.90,17.0244,true,1,114170
5000159541152,false,טוייקס לבן 46 גרם,מרס.גי אם. בי אייץ,DE,טוייקס לבן 46 גרם,גרמים,46.00,100 גרם,false,1,6.90,15.0000,true,1,129795
5000209145514,false,קולגייט שטיפת פה ירו,קולגייט- פלמוליב,BR,קולגייט מי פה פלאקס אייס 250 מל,מיליליטרים,250.00,"100 מ""ל",false,1,19.90,7.9600,true,1,46639
5000267014234,false,ויסקי גוני ווקר אדום,ג'ון ווקר ובניו,,"גוני ווקר אדום 700 מ""ל",מיליליטרים,700.00,"100 מ""ל",false,1,119.90,17.1286,true,1,103130
5000267015200,false,ויסקי גוני ווקר אדום,DIAGEO,,"ויסקי גוני ווקר אדום בקבוק 200 מ""ל",מיליליטרים,200.00,"100 מ""ל",false,1,44.90,22.4500,true,1,29658
5000267024233,false,"ויסקי ג""וני ווקר שחו",ג'וני ווקר ובניו,,"גוני ווקר שחור 700 מ""ל",מיליליטרים,700.00,"100 מ""ל",false,1,169.90,24.2714,true,1,52162
5000267025209,false,וויסקי גוני ווקר שחו,ג'ון ווקר ובניו,,"ג'וני ווקר בלאק לייבל ויסקי סקוטי, 200 מל",מיליליטרים,200.00,"100 מ""ל",false,1,69.90,34.9500,true,1,115035
5000267171654,false,גוני ווקר שחור 200 מ,ג'ון ווקר ובניו,GB,"ג'וני שחור 200 מ""ל פוקט 40% כהל",מיליליטרים,200.00,"100 מ""ל",false,1,69.90,34.9500,true,1,125976
5000289925440,false,גין גורדון בקבוק 700,אלכסנדר גורדון ושות',,"ג'ין גורדון לונדון דריי ג'ין, 700 מל",מיליליטרים,700.00,"100 מ""ל",false,1,129.90,18.5571,true,1,106824
5010103800051,false,ויסקי J&B בקבוק 200,DIAGEO,,"ויסקי J&B בקבוק 200 מ""ל",מיליליטרים,200.00,"100 מ""ל",false,1,44.90,22.4500,true,1,29659
5010103943024,false,"גיי אנד בי 200 מ""ל פ",ג'וסטריני אנד ברוקס,GB,"ג'יי אנד בי 200 מ""ל פוקט 40% כהל",מיליליטרים,200.00,"100 מ""ל",false,1,44.90,22.4500,true,1,125975
5010182997253,false,תרסיס רייד מקס קוטל,אס.סי.ג'ונסון מידרכט,NL,רייד תרסיס קוטל ג'וקים 300 מל,מיליליטרים,300.00,"100 מ""ל",false,1,22.90,7.6333,true,1,5306
5010182997680,false,תרסיס רייד קוטל נמלי,אס.סי.ג'ונסון מידרכט,NL,רייד תרסיס קוטל נמלים 300 מל,מיליליטרים,300.00,"100 מ""ל",false,1,22.90,7.6333,true,1,5310
5010182997918,false,טואלט דאק בניחוח ים,deoflor s.p.a,IT,דאק ג'ל לאסלה בניחוח ים 55 מל,מיליליטרים,55.00,"100 מ""ל",false,1,11.90,21.6364,true,1,5312
5010327000046,false,"ויסקי גרנטס 700 מ""ל","איי, בי, אינבוו",,"ויסקי גרנטס 700 מ""ל",מיליליטרים,700.00,"100 מ""ל",false,1,109.90,15.7000,true,1,5319
5010677551397,false,בקרדי בריזר ליים בקב,"ברקדי בע""מ",BE,"בריזר - משקה כוהלי מוגז בטעם ליים 275 מ""ל",מיליליטרים,275.00,"100 מ""ל",false,1,18.90,6.8727,true,1,102758
5010677552387,false,בקרדי בריזר אננס בקב,בקרדי בעמ,BE,"בריזר - משקה כוהלי מוגז בטעם אננס 275 מ""ל",מיליליטרים,275.00,"100 מ""ל",false,1,18.90,6.8727,true,1,5323
5010677554398,false,בקרדי בריזר אבטיח בק,בקרדי בעמ,BE,"בריזר - משקה כוהלי מוגז בטעם אבטיח 275 מ""ל",מיליליטרים,275.00,"100 מ""ל",false,1,18.90,6.8727,true,1,5325
5010677714006,false,גין בומביי ספייר 700,בומביי ספיריטס,ES,ג'ין בומביי ספייר,מיליליטרים,700.00,"100 מ""ל",false,1,129.90,18.5571,true,1,127088
5010677850100,false,וודקה גריי גוס בקבוק,גריי גוס,FR,"וודקה גריי גוס 750 מ""ל",מיליליטרים,700.00,"100 מ""ל",false,1,149.90,21.4143,true,1,120848
5011007003005,false,ויסקי גיימסון בקבוק,אייריש דיסטילרז,IE,"וויסקי אירי, ג'יימסון, 700 מ''ל",מיליליטרים,700.00,"100 מ""ל",false,1,139.90,19.9857,true,1,55669
5011417576885,false,דורקס גל יכוך בטעם ת,סנו מפעלי ברונוס.,TH,ג'ל סיכוך בטעם תות,מיליליטרים,100.00,"100 מ""ל",false,1,59.90,59.9000,true,1,128962
5011417576922,false,דורקס גל סיכוך מתחמם,מיוצר עבור רקיט בנקי,TH,"דורקס ג'ל סיכוך מחמם  100 מ""ל",מיליליטרים,100.00,"100 מ""ל",false,1,59.90,59.9000,true,1,128963
5029053510828,false,קוטקס תחבושות סופר+כ,קימברלי קלארק,,קוטקס תחבושות  עם כנפיים סופר פלוס 22 יחידות,Unknown,0.00,Unknown,false,1,22.90,0.0000,true,1,5371
5029053523446,false,קוטקס תחבושות נייט 2,קימברלי קלארק,,קוטקס תחבושות עם כנפיים נייט 20 יחידות,לא מנהל יחידת מידה,0.00,לא מנהל יחידת מידה,false,1,22.90,0.0000,true,1,5381
5029053560762,false,קלינקס מארז 8 יח טיש,קימברלי,IT,קלינקס מארז 8 יח טישו כיס,יחידה,1.00,יחידה,false,1,9.90,9.9000,true,1,127073
5035766044673,false,סיידר תפוחים 5% אלכו,סטאסן ס.א,BE,סיידר תפוחים 5% אלכוהול סטרונגבאו 330 מל,מיליליטרים,330.00,"100 מ""ל",false,1,9.90,3.0000,true,1,101757
5038483574386,false,קונדומים דורקס פדרלי,רקיט בנקיזר הלת'קר,,קונדומים דורקס פדרלייט 3 * 12 יח,לא מנהל יחידת מידה,0.00,לא מנהל יחידת מידה,false,1,14.90,0.0000,true,1,56883
5038483574416,false,קונדומים דורקס אקסטר,רקיט בנקיזר הלת'קר,,קונדומים דורקס אקסטרא 3 יחידות,לא מנהל יחידת מידה,0.00,לא מנהל יחידת מידה,false,1,14.90,0.0000,true,1,85611
5038483578780,false,קונדומים דורקס עלית,רקיט בנקיזר הלת'קר,,קונדומים דורקס עלית  3 יחידות,לא מנהל יחידת מידה,0.00,לא מנהל יחידת מידה,false,1,14.90,0.0000,true,1,57179
5056357900925,false,סניקרס חמאת בוטנים 5,מרס נדרלנד,US,סניקרס חמאת בוטנים 57 גרם,גרמים,59.00,100 גרם,false,1,17.90,30.3390,true,1,127855
5056357901427,false,חטיף חלבון m&m בטעם,מארס,GB,חטיף חלבון m&m בטעם שוקולד,גרמים,51.00,100 גרם,false,1,17.90,35.0980,true,1,130402
5056357901441,false,חטיף חלבון בוטנים 15,מארס,GB,חטיף חלבון בוטנים 15 חלבון 51 גרם m&m,גרמים,51.00,100 גרם,false,1,17.90,35.0980,true,1,130403
5056357903834,false,חטיף  באונטי 18גרם ח,מארס יורק אנגליה,GB,חטיף  באונטי 18גרם חלבון  52גרם,גרמים,52.00,100 גרם,false,1,17.90,34.4231,true,1,130734
5060221201391,false,chaosגרנייד בטעם קרמ,גרנייה,NL,chaosגרנייד בטעם קרמל60  גרם,גרמים,60.00,100 גרם,false,1,17.90,29.8333,true,1,131327
5060221203753,false,חטיף חלבון גרנייד  ח,,GB,חטיף חלבון גרנייד  חמאת בוטנים 21 חלבון,גרמים,60.00,100 גרם,false,1,17.90,29.8333,true,1,130524
5060221203937,false,גרנייד  שוקוציפס בצק,גרנייה,NL,גרנייד  שוקוציפס בצק עוגיות 60גרם,גרמים,60.00,100 גרם,false,1,17.90,29.8333,true,1,131328
5060221206860,false,חטיף חלבון גרנייד  ק,,GB,חטיף חלבון גרנייד  קרמל מלוח 20 חלבון 60,גרמים,60.00,100 גרם,false,1,17.90,29.8333,true,1,130527
5060317320449,false,UFIT   משקה חלבון בט,לאקסה אס.אי,GB,"UFIT   משקה חלבון בטעם שוקולד  500מ""ל",מיליליטרים,500.00,"100 מ""ל",false,1,19.90,3.9800,true,1,131793
5060317321781,false,UFIT   משקה חלבון בט,לאקסה אס.אי,GB,"UFIT   משקה חלבון בטעם אייס קפה 330מ""ל",מיליליטרים,330.00,"100 מ""ל",false,1,14.90,4.5152,true,1,131792
5060317322368,false,UFIT  330  משקה חלבו,לאקסה אס.אי,GB,UFIT    משקה חלבון בטעם פאדג בראוניז 33,מיליליטרים,330.00,"100 מ""ל",false,1,14.90,4.5152,true,1,131791
5060402908248,false,סניקרס פרוטאין 55 גר,מרס נדרלנד,US,סניקרס פרוטאין 55 גרם,גרמים,59.00,100 גרם,false,1,17.90,30.3390,true,1,127856
5060402908286,false,מארס פרוטאין 59 גרם,מרס נדרלנד,US,מארס פרוטאין 59 גרם,גרמים,59.00,100 גרם,false,1,17.90,30.3390,true,1,127853
5060402909542,false,מארס קרמל מלוח 59 גר,מרס נדרלנד,US,מארס קרמל מלוח 59 גרם,גרמים,59.00,100 גרם,false,1,17.90,30.3390,true,1,127854
5060424705368,false,WARRIOR חטיף קראנץ ב,וורקווין,GB,WARRIOR חטיף קראנץ בטעם קרמל מלוח 64 גר,גרמים,64.00,100 גרם,false,1,14.90,23.2813,true,1,131636
5060424705511,false,WARRIOR חטיף חלבון ק,תעשיות מזון בלאבאן,US,WARRIOR חטיף חלבון קראנץ שוקולד וקוקוס,גרמים,64.00,100 גרם,false,1,14.90,23.2813,true,1,132928
5060517886486,false,משקה אנרגיה מונסטר פ,Monster energy סרביה,RU,"מונסטר אנרג'י פח 500 מ""ל",מיליליטרים,500.00,"100 מ""ל",false,1,10.90,2.1800,true,1,124386
5060639129102,false,משקה אנרגיה מונסטר M,Monster energy סרביה,RS,"מונסטר Mango Loco פח 500 מ""ל",מיליליטרים,500.00,"100 מ""ל",false,1,10.90,2.1800,true,1,127766
5060751218173,false,משקה אנרגיה מונסטר פ,Monster energy סרביה,IE,"מונסטר פייפליין פאנץ' פח 500 מ""ל",מיליליטרים,500.00,"100 מ""ל",false,1,10.90,2.1800,true,1,131620
5060756343702,false,WARRIORחטיף חלבון קר,תעשיות מזון בלאבאן,US,WARRIORחטיף חלבון קראנץ פטל שוקולד מריר,גרמים,64.00,100 גרם,false,1,14.90,23.2813,true,1,132929
5201004020338,false,קפריס רולס קלאסיק 40,פפדופולוס,GR,גלילי וופל במילוי קרם אגוזי לוז וקקאו 400 גרם,גרמים,400.00,100 גרם,false,1,19.90,4.9750,true,1,123185
5201184066508,false,נר מספר,שמחה,,נר מספר 8,Unknown,0.00,Unknown,false,1,5.00,0.0000,true,1,5515
5201347400545,false,רצועות שעווה לפנים ו,רקיט בנקיזר,FR,רצועות שעווה מוכנות לפנים ויט 20 יחידות,יחידה,1.00,יחידה,false,1,31.90,31.9000,true,1,80262
5201583750411,false,סוכריות זירו לימון 3,LAVDAS,GR,סוכריות זירו לימון 32 גרם,גרמים,32.00,100 גרם,false,1,7.90,24.6875,true,1,129897
5201583751418,false,סוכריות זירו אייס בל,LAVDAS,GR,סוכריות זירו אייס בלו 32 גרם,גרמים,32.00,100 גרם,false,1,7.90,24.6875,true,1,129899
5201583752118,false,סוכריות זירו חמאה במ,LAVDAS,GR,סוכריות זירו חמאה במילוי ק.שוקולד 32 גרם,גרמים,32.00,100 גרם,false,1,7.90,24.6875,true,1,129898
5208049000639,false,סיגריות רוטמנס כחול,BAT,TR,סיגריות רוטמנס כחול ארוך בודד,לא מנהל יחידת מידה,0.00,לא מנהל יחידת מידה,false,1,31.40,0.0000,false,1,121202
5208049000660,false,סיגריות פאל מאל הווא,גלוברנס,,סיגריות פאל מאל הוואנה דאבל קפסולה בודד,יחידה,1.00,יחידה,false,1,31.40,31.4000,false,1,121674
5208049001452,false,גולדן ירוק 30 ג+ ניי,BAT,,גולדן ירוק 30 ג+ נייר PP פקט חפיסה,יחידה,1.00,יחידה,false,1,70.00,70.0000,false,1,123844
5208049001483,false,גולדן וירגיניה לבן30,,,גולדן וירגיניה לבן30 גר+ נייר גלגול P,גרמים,30.00,100 גרם,false,1,70.00,233.3333,true,1,123666
5208049001513,false,גולדן וירגיניה צהוב,,,גולדן וירגיניה צהוב 30 גר+ נייר גלגול P,גרמים,30.00,100 גרם,false,1,70.00,233.3333,true,1,123665
5208049002473,false,סיגריות קנט ארוך חפי,BAT,,סיגריות קנט ארוך חפיסה בודד PP,יחידה,1.00,יחידה,false,1,38.40,38.4000,false,1,123671
5208049004781,false,סיגריות פאל מאל ברי,,,סיגריות,יחידה,1.00,יחידה,false,1,27.30,27.3000,false,1,127259
5208049005719,false,סיגריות פאל מאל אננס,,,סיגריות פאל מאל אננס דמ י סלימס בודד,לא מנהל יחידת מידה,0.00,לא מנהל יחידת מידה,false,1,27.30,0.0000,false,1,130528
5208049006624,false,פאל מאל אקסטרה סילבר,BAT,DE,פאל מאל אקסטרה סילבר חפיסה,יחידה,1.00,יחידה,false,1,30.20,30.2000,true,1,132085
5410126006339,false,ביסקוויט קרמל לוטוס,לוטוס בייקרי,BE,ביסקויט קרמל לוטוס 124 גר 2*8 עטוף בנפרד,גרמים,124.00,100 גרם,false,1,9.90,7.9839,true,1,98994
5410228217732,false,סטלה ארטואה - פחית 4,מנדלז סי.אר. פרודקשן,BE,בירה סטלה ארטואה בפחית 440 מל,מיליליטרים,440.00,"100 מ""ל",false,1,15.90,3.6136,true,1,127767
5410316233446,false,וודקה סמירנוף אדום 2,דיאג'ו סקוטלנד בעמ,,סמירנוף וודקה 200 מל,מיליליטרים,200.00,"100 מ""ל",false,1,29.90,14.9500,true,1,115048
5410316983693,false,סמירנוף אייס בקבוק .,דיאג'ו אופריישנס,IT,סמירנוף אייס בודד,מיליליטרים,275.00,"100 מ""ל",false,1,17.90,6.5091,true,1,13104
5410316994019,false,וודקה סמירנוף אדום ב,דיאג'ו אופריישנס איט,US,סמירנוף וודקה 700 מל,מיליליטרים,700.00,"100 מ""ל",false,1,99.90,14.2714,true,1,99520
5411081003654,false,בירה קסטל רוזי 330,יושלם,,בירה קסטל רוזי                     330,מיליליטרים,330.00,"100 מ""ל",false,1,15.90,4.8182,true,1,120080
5411188081852,false,משקה סויה אלפרו וניל,אלפרו C.V.A,BE,אלפרו משקה סויה וניל 1ל,ליטרים,1.00,ליטר,false,1,16.90,16.9000,true,1,97280
5411188096108,false,שמנת לבישול אלפרו 25,אלפרו C.V.A,BE,אלפרו סויה לבישול 250 מל,מיליליטרים,250.00,"100 מ""ל",false,1,10.90,4.3600,true,1,63663
5411188115472,false,משקה סויה אלפרו 1ל,אלפרו C.V.A,BE,אלפרו משקה סויה  1ל,ליטרים,1.00,ליטר,false,1,16.90,16.9000,true,1,126309
5411188124726,false,משקה אלפרו שיבולת שו,אלפרו C.V.A,BE,אלפרו משקה ש.שועל שקדים1ל,ליטרים,1.00,ליטר,false,1,16.90,16.9000,true,1,114247
5411188134985,false,3.5%שומן  NOT MILK א,אלפרו C.V.A,BE,אלפרו 3.5%שומן NOT M*LK ש.שועל  ל1,ליטרים,1.00,ליטר,false,1,14.90,14.9000,true,1,130625
5411188300328,false,משקה סויה שוקו,אלפרו C.V.A,BE,אלפרו משקה סויה שוקו 1ל,ליטרים,1.00,ליטר,false,1,16.90,16.9000,true,1,97283
5601010111035,false,סרדינים בשמן זית 125,רמירז קונסרב,PT,שימורי סרדינים בשמן זית,גרמים,125.00,100 גרם,false,1,12.90,10.3200,true,1,75836
5601010211070,false,סרדינים במים 125 גרם,רמירז קונסרב,PT,שימורי סרדינים במי מלח 100 גרם,גרמים,125.00,100 גרם,false,1,12.00,9.6000,true,1,74593
5601010211087,false,סרדינים פילה בשמן זי,רמירז קונסרב,PT,שימורי סרדינים(פילה)בשמן זית,גרמים,100.00,100 גרם,false,1,13.20,13.2000,true,1,70947
5701397337704,false,קופסאות בוטנים 200 ג,snack foods,DK,קופסאות בוטנים 200 גרם,גרמים,200.00,100 גרם,false,1,16.90,8.4500,true,1,132127
5701397337711,false,בוטנים מלוח מתוק 175,snack foods,DK,בוטנים מלוח מתוק 175 גרם,גרמים,175.00,100 גרם,false,1,16.90,9.6571,true,1,132128
5701397337728,false,בוטנים  חריף מלוח 17,snack foods,DK,בוטנים  חריף מלוח 175 גר,גרמים,175.00,100 גרם,false,1,16.90,9.6571,true,1,132131
5701397337759,false,בוטני צילי חריף 150,snack foods,DK,בוטני צילי חריף 150 גרם,גרמים,150.00,100 גרם,false,1,16.90,11.2667,true,1,132129
5701932026964,false,פופקורן עם מלח הוטפו,פופז בעמ,US,פופקורן עם מלח הוטפופ  600 גרם,גרמים,600.00,100 גרם,false,1,21.90,3.6500,true,1,6232
5701932026971,false,פופקורן עם חמאה הוטפ,"פופז בע""מ",US,הוט חמאה 600 ג') ב(12,גרמים,600.00,100 גרם,false,1,21.90,3.6500,true,1,6233
5701932026995,false,פופקורן לייט טבעי הו,פופז בעמ,US,פופקורן לייט טבעי הוטפופ 510 גרם,גרמים,510.00,100 גרם,false,1,21.90,4.2941,true,1,6234
5710840209437,false,באלי נטוראל 40 גר,,,באלי נטוראל 40 גר,גרמים,40.00,100 גרם,false,1,100.00,250.0000,true,1,124052
5710840210136,false,באלי אדום 40 גר,S.T.G,,באלי אדום 40 גר,גרמים,40.00,100 גרם,false,1,100.00,250.0000,false,1,124309
5711953106583,false,ארלה גבינת שמנת טבעי,ארלה פודס אמבה,DK,ארלה גבינת שמנת טבעי 200 גרם,גרמים,200.00,100 גרם,false,1,17.90,8.9500,true,1,123564
5711953106606,false,ארלה גבינת שמנת עשבי,ארלה פודס אמבה,DK,ארלה גבינת שמנת עשבי תיבול,גרמים,200.00,100 גרם,false,1,17.90,8.9500,true,1,123566
5740900403215,true,ממרח לורפק עם מלח 25,ארלה פודס אמבה,DK,ממרח לורפק עם מלח 250,גרמים,250.00,100 גרם,false,1,19.90,7.9600,true,1,118827
5740900403222,true,ממרח לורפק עם מלח מו,ארלה פודס אמבה,DK,ממרח לורפק עם מלח מופחת שומן,גרמים,250.00,100 גרם,false,1,19.90,7.9600,true,1,118828
5740900403239,true,ממרח לורפק ללא מלח 2,ארלה פודס אמבה,DK,ממרח לורפק בלי מלח 250,גרמים,250.00,100 גרם,false,1,19.90,7.9600,true,1,118829
5900951283963,false,dro סניקרס קרימי ח.ב,מרס פולין,PL,dro סניקרס קרימי ח.בוטנים 36.5,גרמים,37.00,100 גרם,false,1,6.90,18.6486,true,1,130842
5901414200411,false,עוגיות היט מיני קקאו,בלזן,PL,עוגיות היט מיני קקאו 130 גרם,גרמים,130.00,100 גרם,false,1,9.00,6.9231,true,1,23822
5902198160403,false,משקה אנרגיה XL TEN,"טמפו משקאות בע""מ",IL,"משקה אנרגיה XL TEN  פחית 250 מ""ל",מיליליטרים,250.00,"100 מ""ל",false,1,7.90,3.1600,true,1,112592
5904941750312,false,משקה אנרגיה BLU דיי,אקו - ביט,PL,בלו משקה אנרגיה מוגז 250 מל,מיליליטרים,250.00,"100 מ""ל",false,1,8.90,3.5600,true,1,88935
5904941751302,false,משקה אנרגיה BLU  פחי,אקו - ביט,PL,בלו משקה אנרגיה מוגז 250 מל,מיליליטרים,250.00,"100 מ""ל",false,1,8.90,3.5600,true,1,49876
5904941751524,false,משקה אנרגיה BLU דיי,אקו - ביט,PL,בלו משקה אנרגיה מוגז 250 מל,מיליליטרים,250.00,"100 מ""ל",false,1,8.90,3.5600,true,1,88936
5904941751920,false,משקה אנרגיה BLU דיי,אקו - ביט,PL,בלו משקה אנרגיה מוגז 250 מל,מיליליטרים,250.00,"100 מ""ל",false,1,8.90,3.5600,true,1,83102
5904941752262,false,משקה אנרגיה בלו 6 קל,אקו - ביט,PL,בלו משקה אנרגיה מוגז 250 מל,מיליליטרים,250.00,"100 מ""ל",false,1,8.90,3.5600,true,1,125982
5906485301012,false,משקה אנרגיה XL פחית,"טמפו משקאות בע""מ",IL,אקס אל אנרג'י דרינק משקה אנרגיה מוגז,מיליליטרים,250.00,"100 מ""ל",false,1,7.90,3.1600,true,1,25560
6001023641601,false,מילוי גז למצתים 250,,,"מילוי גז למצתים 250 מ""ל",מיליליטרים,250.00,"100 מ""ל",false,1,11.90,4.7600,true,1,119908
6008165003984,false,סיגריות פאל מל כחול,אמריקן גרדן,,סיגריות פאל מל כחול סטרים חפיסה בודד,לא מנהל יחידת מידה,0.00,לא מנהל יחידת מידה,false,1,31.40,0.0000,false,1,92387
6008165271192,false,סיגריות פאל מל ארוך,אמריקן גרדן,,סיגריות פאל מל ארוך אדום חפיסה בודד,לא מנהל יחידת מידה,0.00,לא מנהל יחידת מידה,false,1,31.40,0.0000,false,1,90699
6008165274629,false,סיגריות פאל מאל כחול,יושלם,,סיגריות פאל מאל כחול ארוך סטרים חפיסה בו,לא מנהל יחידת מידה,0.00,לא מנהל יחידת מידה,false,1,31.40,0.0000,false,1,107256
6008165276098,false,סיגריות רוטמנס כחול,BAT,,סיגריות רוטמנס כחול חפיסה בודד,Unknown,0.00,Unknown,false,1,31.40,0.0000,false,1,113778
6253017300012,false,טחינה קראוון המקורית,אחדות ביחר לטחינה  ח,IL,טחינה קראוון המקורית 500 גרם,גרמים,500.00,100 גרם,false,1,17.90,3.5800,true,1,84623
6253341100029,false,טחינה עאייש 100% שומ,עומר עאייש שכם,PS,טחינה עאייש 100% שומשום 450 גרם,גרמים,450.00,100 גרם,false,1,13.90,3.0889,true,1,123255
6908235694404,false,אוזניות מיקרופון אונ,,,אוזניות מיקרופון אוניברסליות,יחידה,1.00,יחידה,false,1,29.90,29.9000,true,1,123848
6926572510386,false,סוכריית לקקן גלי ממו,אחים מזרחי,,סוכריית לקקן גלי ממותג,לא מנהל יחידת מידה,0.00,לא מנהל יחידת מידה,false,1,5.50,0.0000,true,1,7718
6928542902795,false,פרש דפי ריענון כחול,שאטו בלוו,CN,פרש דפי ריענון כחול,לא מנהל יחידת מידה,0.00,לא מנהל יחידת מידה,false,1,7.90,0.0000,true,1,32238
6928542902801,false,פרש דפי ריענון מנטה,שאטו בלוו,CN,פרש דפי ריענון מנטה ירוק,לא מנהל יחידת מידה,0.00,לא מנהל יחידת מידה,false,1,7.90,0.0000,true,1,32239
6928542902818,false,סטריפס בטעם תות 12 י,שאטו בלוו,CN,פרש דפי ריענון תות אדום,לא מנהל יחידת מידה,0.00,לא מנהל יחידת מידה,false,1,7.90,0.0000,true,1,32247
6959375199175,false,FLAMINGO  - ניקוי חל,פלמינגו,CN,FLAMINGO  - ניקוי חלודה -065,יחידה,1.00,יחידה,false,1,14.90,14.9000,true,1,123322
6971060682533,false,ס.אלקטרונית ק.פרו ענ,shenzhen hot technol,CN,ס.אלקטרונית ק.פרו ענבים 2000 שאיפות,יחידה,1.00,יחידה,false,1,59.90,59.9000,false,1,129547
6971060682700,false,קובי פרו טבק  2000 ש,shenzhen shengsi,CN,קובי פרו טבק  2000 שאיפות,יחידה,1.00,יחידה,false,1,79.90,79.9000,false,1,131548
6971060684087,false,ס. אלקטרונית ק. פרו,,CN,ס. אלקטרונית ק. פרו קוקוס אננס 2000 שאיפ,יחידה,1.00,יחידה,false,1,79.90,79.9000,false,1,130772
6974706640027,false,סיגריה אלקטרונית סמא,shenzhen hot technol,CN,סיגריה אלקטרונית סמארט אבטיח אייס 3000 שאיפות,יחידה,1.00,יחידה,false,1,99.90,99.9000,true,1,132682
7290000005589,false,סופגניה מיני עם ריבה,גדרון,IL,סופגניה מיני עם ריבה 40 גרם,גרמים,40.00,100 גרם,false,1,3.90,9.7500,true,1,133002
7290000008384,false,דונאטס במגוון טעמים,פילסברי,IL,דונאטס במגוון טעמים,יחידה,1.00,יחידה,false,1,6.90,6.9000,true,1,126269
7290000021074,false,"מיכל 2.5 ק""ג - ללא ג",,,"מיכל 2.5 ק""ג - ללא גז",קילוגרמים,2.50,"ק""ג",false,1,230.00,92.0000,true,1,123704
7290000021082,false,"מיכל 5 ק""ג + גז",,,"מיכל 5 ק""ג + גז",קילוגרמים,5.00,"ק""ג",false,1,495.00,99.0000,true,1,123701
7290000023083,false,ערק אשקלון 40% בקבוק,"יקבי ברקן בע""מ",IL,"ערק אשקלון 700 מ""ל",מיליליטרים,700.00,"100 מ""ל",false,1,69.90,9.9857,true,1,99515
7290000023809,false,יין ברקן קלאסיק קברנ,יקבי ברקן שיווק והפצ,IL,ברקן קלאסיק קברנה סוביניון יין אדום יבש 2015,מיליליטרים,750.00,"100 מ""ל",false,1,39.90,5.3200,true,1,1942
7290000023816,false,יין ברקן קלאסיק אמרל,יקבי ברקן שיווק והפצ,IL,ברקן קלאסיק אמרלד ריזלינג יין לבן חצי יבש 2016,מיליליטרים,750.00,"100 מ""ל",false,1,39.90,5.3200,true,1,1943
7290000023977,false,יין ברקן קלאסיק מרלו,יקבי ברקן שיווק והפצ,IL,ברקן קלאסיק מרלו יין אדום יבש 2015 750 מל,מיליליטרים,750.00,"100 מ""ל",false,1,39.90,5.3200,true,1,1953
7290000024202,false,יין ברקן רזרב קברנה,ברקן שיווק והפצה בעמ,IL,"יין ברקן רזרב קברנה סובניון 750 מ""ל",מיליליטרים,750.00,"100 מ""ל",false,1,54.90,7.3200,true,1,1985
7290000024219,false,יין ברקן רזרב אמרד ר,יקבי ברקן,IL,ברקן רזרב יין לבן חצי יבש אמרלד ריזלינג  750 מל,מיליליטרים,750.00,"100 מ""ל",false,1,54.90,7.3200,true,1,1986
7290000024523,false,מיץ ענבים תירוש סגל,כרמי צבי - האחים סגל,IL,מיץ ענבים תירוש סגל 1 ליטר,ליטרים,1.00,ליטר,false,1,18.90,18.9000,true,1,101116
7290000040042,false,יוגורט יופלה תות 3%,תנובה בעמ,IL,יופלה יוגורט תות %3 גביע 150 גרם,גרמים,150.00,100 גרם,false,1,5.90,3.9333,true,1,3997
7290000040066,false,יוגורט יופלה דובדבן,תנובה בעמ,IL,יופלה יוגורט דובדבן %3 גביע 150 גרם,גרמים,150.00,100 גרם,false,1,5.90,3.9333,true,1,4047
7290000040080,false,יוגורט יופלה אפרסק 3,תנובה בעמ,IL,יופלה יוגורט אפרסק %3 גביע 150 גרם,גרמים,150.00,100 גרם,false,1,5.90,3.9333,true,1,4052
7290000040301,false,גבינה קולאז קממבר 12,תנובה,IL,קממבר 24%,גרמים,125.00,100 גרם,false,1,21.90,17.5200,true,1,4179
7290000040318,false,גבינת ברי קולאז 125,תנובה,IL,גבינה רכה בשלה מחלב בקר,גרמים,125.00,100 גרם,false,1,21.90,17.5200,true,1,4181
7290000040974,false,חלב דל לקטוז 2% בקרט,"תנובה, מחלבת רחובות",IL,חלב תנובה דל לקטוז 2% שומן 1 ליטר,ליטרים,1.00,ליטר,false,1,7.90,7.9000,true,1,73142
7290000041445,false,קוטג 5% תנובה 250 גר,מחלבת אלון תבור,IL,קוטג תנובה גביע 250 גרם 5% בדצ,גרמים,250.00,100 גרם,false,1,5.70,2.2800,true,1,4343
7290000041858,false,שמנת יטבתה מעושרת 20,מחלבת יטבתה,IL,שמנת חמוצה 15% מועשרת מהדרין,מיליליטרים,200.00,"100 מ""ל",false,1,2.90,1.4500,true,1,4390
7290000042015,false,"חלב 3% שקית בד""ץ פיק",תנובה,IL,"חלב 3% שקית בד""ץ פיקוח 1 ליטר",ליטרים,1.00,ליטר,false,1,5.43,5.4300,true,1,4414
7290000042435,false,חלב 1% קרטון פיקוח 1,תנובה,IL,תנובה חלב טרי 1% שומן,ליטרים,1.00,ליטר,false,1,5.86,5.8600,true,1,4451
7290000042640,false,"חלב עמיד 250 מ""ל",תנובה,IL,תנובה חלב עמיד 3% שומן 250 מל,מיליליטרים,250.00,"100 מ""ל",false,1,2.90,1.1600,true,1,12185
7290000042855,false,שוקו יטבתה בשקית 225,שטראוס גרופ,,"שוקו יטבתה בשקית 225 מ""ל",מיליליטרים,225.00,"100 מ""ל",false,1,3.50,1.5556,true,1,4478
7290000043012,false,שוקו עמיד 2% בקרטון,תנובה,IL,תנובה שוקו עמיד 2% שומן 250 מל,מיליליטרים,250.00,"100 מ""ל",false,1,5.00,2.0000,true,1,4486
7290000043814,false,שמנת מתוקה עמידה 38%,תנובה,IL,השף הלבן שמנת להקצפה 38% שומן 250 מל,מיליליטרים,250.00,"100 מ""ל",false,1,6.47,2.5880,true,1,4635
7290000043890,false,רויון בקרטון 1 ליטר,תנובה,IL,תנובה רויון לבן מחלב מפסוטר 1.5% 1 ליטר,ליטרים,1.00,ליטר,false,1,12.90,12.9000,true,1,4657
7290000044712,false,"פרילי תות 500 מ""ל",מחלבת אלון תבור,IL,"פרילי תות 500 מ""ל",מיליליטרים,500.00,"100 מ""ל",false,1,12.90,2.5800,true,1,4694
7290000044880,false,"באדי תות 3%  500 מ""ל",מחלבת אלון תבור,IL,"באדי תות 3%  500 מ""ל",מיליליטרים,500.00,"100 מ""ל",false,1,10.90,2.1800,true,1,4697
7290000045573,false,גבינה מותכת נעמה 200,תנובה,IL,נעמה גבינה מותכת משולשים 25% שומן,גרמים,200.00,100 גרם,false,1,16.90,8.4500,true,1,4751
7290000045580,false,גבינה מותכת חורש 240,תנובה,IL,נעמה גבינה מותכת משולשים 25% שומן,גרמים,240.00,100 גרם,false,1,19.90,8.2917,true,1,4752
7290000045917,false,גבינה צאן פרומעז גלי,תנובה,IL,תנובה פרומעז גבינה מותכת מחלב עיזים 23% שומן,גרמים,200.00,100 גרם,false,1,28.40,14.2000,true,1,4770
7290000046327,false,גבינה צהובה גלבוע פר,"תנובה, מחלבת תל יוסף",IL,גלבוע גבינה צהובה חצי קשה פרוס 22% שומן,גרמים,200.00,100 גרם,false,1,14.90,7.4500,true,1,4804
7290000048185,false,גבינה למריחה 5% תנוב,מחלבת אלון תבור,IL,גבינה למריחה 5% תנובה פיקוח 250 גרם,גרמים,250.00,100 גרם,false,1,4.98,1.9920,true,1,4964
7290000048192,false,גבינה למריחה 9% תנוב,מחלבת אלון תבור,IL,גבינה למריחה 9% תנובה 250 גרם,גרמים,250.00,100 גרם,false,1,4.80,1.9200,true,1,4965
7290000048413,false,גבינת חמד פיראוס בשק,תנובה,IL,פיראוס חמד גבינה כפרית מלוחה 16% שומן,גרמים,250.00,100 גרם,false,1,20.90,8.3600,true,1,4986
7290000048437,false,גבינה צפתית 5% פיראו,תנובה מחלבת טנא נוגה,IL,גבינה צפתית 5% שומן,גרמים,200.00,100 גרם,false,1,16.90,8.4500,true,1,4995
7290000050447,false,יופלה תות 500 גרם,תנובה בעמ,IL,יופלה תות 3% גביע 500 גרם,גרמים,500.00,100 גרם,false,1,14.90,2.9800,true,1,54705
7290000050454,false,יופלה אפרסק 500 גרם,תנובה בעמ,IL,יופלה אפרסק 3% גביע 500 גרם,גרמים,500.00,100 גרם,false,1,14.90,2.9800,true,1,54706
7290000051307,false,מארז הפסקת אוכל,"תנובה, מחלבת טנא נוג",IL,מארז הפסקת אוכל חלב+דגני עוגי,לא מנהל יחידת מידה,0.00,לא מנהל יחידת מידה,false,1,9.90,0.0000,true,1,58158
7290000051376,false,יוגורט יופלה דיאט אנ,תנובה בעמ,IL,יופלה דיאט אננס גביע 150 גרם,גרמים,150.00,100 גרם,false,1,5.90,3.9333,true,1,60120
7290000051710,false,גבינת לאבנה שמן זית,"תנובה, מחלבת אלון תב",IL,פיראוס לאבנה אסלית עם שמן זית וזעתר על בסיס יוגורט,גרמים,263.00,100 גרם,false,1,14.90,5.6654,true,1,60123
7290000052311,false,גבינה עמק 15% פרוס 2,תנובה,IL,עמק פרוסות גבינה צהובה חצי קשה 15% מופחתת שומן,גרמים,200.00,100 גרם,false,1,16.40,8.2000,true,1,67235
7290000055329,false,משקה יוגורט יופלה תו,תנובה בעמ,IL,"משקה יוגורט יופלה תות מלון 250 מ""ל",מיליליטרים,250.00,"100 מ""ל",false,1,6.90,2.7600,true,1,75461
7290000055336,false,משקה יוגורט יופלה בנ,תנובה בעמ,IL,"משקה יוגורט יופלה בננה אפרסק 250 מ""ל",מיליליטרים,250.00,"100 מ""ל",false,1,6.90,2.7600,true,1,75462
7290000055343,false,משקה יוגורט יופלה טר,תנובה בעמ,IL,"משקה יוגורט יופלה טרופי 250 מ""ל",מיליליטרים,250.00,"100 מ""ל",false,1,6.90,2.7600,true,1,75463
7290000055893,false,חמאה תנובה 200 גרם,תנובה,IL,חמאה תנובה 200 גרם,גרמים,200.00,100 גרם,false,1,7.90,3.9500,true,1,90760
7290000056845,false,חלב 3% קרטון פיקוח 1,"תנובה, מחלבת רחובות",IL,תנובה חלב טרי 3% שומן אריזת נוחות,ליטרים,1.50,ליטר,false,1,9.34,6.2267,true,1,80421
7290000056906,false,מאגדת יופלה לבן 1.5%,מחלבת אלון תבור,IL,מאגדת יופלה לבן 1.5% שמינייה,קילוגרמים,1.20,"ק""ג",false,1,18.90,15.7500,true,1,78419
7290000056951,false,שמנת לבישול     15%,תנובה,IL,תנובה השף הלבן שמנת לבישול 15% שומן 500 מל,מיליליטרים,500.00,"100 מ""ל",false,1,16.70,3.3400,true,1,81695
7290000057088,false,גבינה עמק 28% דק 200,תנובה,IL,גבינה עמק 28% דק 200 גרם,גרמים,200.00,100 גרם,false,1,16.40,8.2000,true,1,80152
7290000057118,false,גבינה צהובה עמק קלאס,תנובה,IL,גבינת עמק קלאסית חצי קשה פרוסות 28% שומן,גרמים,400.00,100 גרם,false,1,23.20,5.8000,true,1,80264
7290000057132,false,יוגורט ביו 1.5% תנוב,מחלבת אלון תבור,IL,יוגורט ביו 1.5% תנובה 200 גרם,גרמים,200.00,100 גרם,false,1,3.30,1.6500,true,1,80153
7290000057149,false,יוגורט ביו  3% תנובה,מחלבת אלון תבור,IL,יוגורט ביו  3% תנובה 200 גרם,גרמים,200.00,100 גרם,false,1,3.30,1.6500,true,1,80154
7290000058030,false,משקה יוגורט יופלה שט,מחלבת אלון תבור,IL,יופלה  משקה יוגורט תות 800 מל,מיליליטרים,800.00,"100 מ""ל",false,1,21.30,2.6625,true,1,82524
7290000058047,false,שמנת מתוקה,תנובה,IL,שמנת מתוקה להקצפה 500 38% גרם,מיליליטרים,500.00,"100 מ""ל",false,1,12.94,2.5880,true,1,84281
7290000060071,false,חטיפי פריכונים טבעי,"מיוצר ע""י PT, משווק",IL,אסם חטיפי פריכונים טבעי 12*80גרם,גרמים,80.00,100 גרם,false,1,9.90,12.3750,true,1,6651
7290000060088,false,בייגלה מקלות מלוחים,"אסם השקעות בע""מ",IL,אסם בייגלה מקלות מלוחים 12*400גרם,גרמים,400.00,100 גרם,false,1,14.90,3.7250,true,1,51034
7290000060200,false,פתיתים אפויים קוסקוס,"אסם השקעות בע""מ",IL,פתיתים אפויים קוסקוס 500 גרם,גרמים,500.00,100 גרם,false,1,8.90,1.7800,true,1,6675
7290000060408,false,פתיתים אפויים טבעות,"אסם השקעות בע""מ",IL,אסם פתיתים אפויים טבעות 12*500גרם,גרמים,500.00,100 גרם,false,1,8.90,1.7800,true,1,6689
7290000060781,false,פסטה מסולסלים אסם 50,פסטה זארה,IT,אסם פסטה מסולסלים לאחר הפסח 12*500גרם,גרמים,500.00,100 גרם,false,1,6.90,1.3800,true,1,6709
7290000060811,false,טילון אקסטרים ענק מט,גלידות נסטלה,IL,אקסטרים ענק מטבע שוקולד 16*120גרם,גרמים,141.00,100 גרם,false,1,12.50,8.8652,true,1,87081
7290000060880,false,ספגטי אסם 500 גרם,פסטה זארה,IT,ספגטי אסם 500 גרם,גרמים,500.00,100 גרם,false,1,6.90,1.3800,true,1,6717
7290000060903,false,פתיתים אפויים אורז 5,"אסם השקעות בע""מ",IL,אסם פתיתים אפויים אורז 12*500גרם,גרמים,500.00,100 גרם,false,1,8.90,1.7800,true,1,6718
7290000060965,false,אטריות רחבות 400 גרם,"אסם השקעות בע""מ",IL,אסם אטריות רחבות 12*400גרם,גרמים,400.00,100 גרם,false,1,8.90,2.2250,true,1,6723
7290000061245,false,עוגיות שוקוציפס משהו,"אסם השקעות בע""מ",IL,אסם עוגיות שוקוצ'יפס ממולאות 12*220גרם,גרמים,220.00,100 גרם,false,1,14.90,6.7727,true,1,6788
7290000063102,false,קמח תופח אסם 350 גרם,"אסם השקעות בע""מ",IL,קמח תופח אסם 350 גרם,גרמים,350.00,100 גרם,false,1,5.90,1.6857,true,1,7000
7290000063140,false,שקדי מרק אסם בשקית 4,"אסם השקעות בע""מ",IL,אסם שקדי מרק רכיבים טבעיים 12*400גרם,גרמים,400.00,100 גרם,false,1,15.90,3.9750,true,1,7008
7290000063157,false,"קמח תופח מאליו 1 ק""ג","אסם השקעות בע""מ",IL,"קמח תופח מאליו 1 ק""ג אסם",קילוגרמים,1.00,"ק""ג",false,1,10.90,10.9000,true,1,7010
7290000064758,false,קוסקוס אמיתי אסם 350,"מיוצר ע""י קוד יצרן K",IL,אסם קוסקוס אמיתי 12*350גרם,גרמים,350.00,100 גרם,false,1,9.90,2.8286,true,1,15300
7290000065335,false,פירה תפוח אדמה+ירקות,"אסם השקעות בע""מ",IL,מנה חמה פירה וירקות 12*55גרם,גרמים,55.00,100 גרם,false,1,9.90,18.0000,true,1,7176
7290000065557,false,מנה חמה קוסקוס עם יר,"אסם תעשיות מזון בע""מ",IL,מנה חמה קוסקוס וירקות בדצ 12*84גרם,גרמים,84.00,100 גרם,false,1,9.90,11.7857,true,1,7182
7290000065977,false,אסם חטיפי פריכונים ת,"מיוצר ע""י פרח, משווק",IL,אסם חטיפי פריכונים תירס 12*80גרם,גרמים,80.00,100 גרם,false,1,9.90,12.3750,true,1,66086
7290000066141,false,ביסלי גריל,"אסם השקעות בע""מ",IL,ביסלי גריל 48*70גרם,גרמים,70.00,100 גרם,false,1,6.90,9.8571,true,1,7280
7290000066172,false,ביסלי פיצה 70 גרם,"אסם השקעות בע""מ",IL,ביסלי פיצה 24*70גרם,גרמים,70.00,100 גרם,false,1,6.90,9.8571,true,1,7283
7290000066196,false,ביסלי גריל 200 גרם,"אסם השקעות בע""מ",IL,ביסלי גריל 25*200גרם,גרמים,200.00,100 גרם,false,1,12.50,6.2500,true,1,7285
7290000066226,false,ביסלי פיצה 200 גרם,"אסם השקעות בע""מ",IL,ביסלי פיצה 25*200גרם,גרמים,200.00,100 גרם,false,1,12.50,6.2500,true,1,7288
7290000066318,false,במבה 80 גרם,"אסם השקעות בע""מ",IL,במבה קלאסי 40*80גרם,גרמים,80.00,100 גרם,false,1,7.90,9.8750,true,1,7335
7290000066332,false,אפרופו 50 גרם,"אסם השקעות בע""מ",IL,אפרופו 36*50גרם,גרמים,50.00,100 גרם,false,1,7.90,15.8000,true,1,7336
7290000066349,false,אפרופו 100 גרם,"אסם השקעות בע""מ",IL,אפרופו 20*100גרם,גרמים,100.00,100 גרם,false,1,11.90,11.9000,true,1,7337
7290000066431,false,חטיף פופקו תירס חמאה,"אסם השקעות בע""מ",IL,פופקו חמאה ודבש 40*80גרם,גרמים,80.00,100 גרם,false,1,7.90,9.8750,true,1,7339
7290000067544,false,פירורית זהב 200 גרם,עינת תעשיות,IL,אסם פירורית פירורי לחם זהב 12*200גרם,גרמים,200.00,100 גרם,false,1,7.90,3.9500,true,1,7464
7290000067599,false,מנה חמה ספגטי בולונז,"אסם השקעות בע""מ",IL,מנה חמה ספגטי בולונז 12*65גרם,גרמים,65.00,100 גרם,false,1,9.90,15.2308,true,1,7470
7290000068138,false,פודינג אינסטנט וניל,"אסם השקעות בע""מ",IL,אסם פודינג אינסטנט וניל 12*80גרם,גרמים,80.00,100 גרם,false,1,6.50,8.1250,true,1,7556
7290000068152,false,"רוטב צלי לבשר כשל""פ",אסם,,"רוטב צלי לבשר כשל""פ 22 גרם",גרמים,22.00,100 גרם,false,1,4.90,22.2727,true,1,53947
7290000068190,false,"ג""לי בזק טעם תות שדה","אסם השקעות בע""מ",IL,אסם ג'לי תות שדה צבעים טבעיים 12*90גרם,גרמים,90.00,100 גרם,false,1,7.90,8.7778,true,1,7568
7290000068343,false,אסם פריכונים מאורז מ,"מיוצר ע""י PT, משווק",IL,אסם פריכונים מאורז מלא 12*140גרם,גרמים,140.00,100 גרם,false,1,9.90,7.0714,true,1,7587
7290000070308,false,מרק עוף אמיתי 400 גר,"אסם השקעות בע""מ",IL,אסם מרק עוף אמיתי חתם סופר כלפ.6*400גרם,גרמים,400.00,100 גרם,false,1,25.90,6.4750,true,1,7801
7290000070384,false,מרק בטעם עוף זך עדיף,"אסם השקעות בע""מ",IL,אסם עדיף חתם סופר כלפ.6*400גרם,גרמים,400.00,100 גרם,false,1,19.90,4.9750,true,1,50774
7290000072067,false,במבה במילוי קרם חלבה,"אסם השקעות בע""מ",IL,במבה במילוי קרם חלבה 36*60גרם,גרמים,60.00,100 גרם,false,1,7.90,13.1667,true,1,61725
7290000072623,false,קטשופ לחיץ רגיל,"אסם השקעות בע""מ",IL,אסם קטשופ בקבוק לחיץ 9*750גרם-חדש,גרמים,750.00,100 גרם,false,1,13.90,1.8533,true,1,7858
7290000072753,false,קפה טסטרצויס 200 גרם,לוטה נסטלה קוריאה,,טייסטרס צ'וייס 12*200גרם,גרמים,200.00,100 גרם,false,1,35.90,17.9500,true,1,7862
7290000072968,false,דגני סיני מיניס קינמ,סי. פי. פולין,PL,דגני סיני מיניס קינמון 500 גרם,גרמים,500.00,100 גרם,false,1,27.90,5.5800,true,1,8376
7290000073125,false,מנה חמה פסטה ברוטב ע,"אסם השקעות בע""מ",IL,מנה חמה פסטה עם עגבניות ר.טבע. בדץ12*62ג,גרמים,62.00,100 גרם,false,1,9.90,15.9677,true,1,9200
7290000074153,false,ביסקוויט פתיבר שוקו,"אסם השקעות בע""מ",IL,אסם פתי בר שוקו 12*500גרם,גרמים,500.00,100 גרם,false,1,18.90,3.7800,true,1,9271
7290000074184,false,ביסקוויט פתיבר 500 ג,"אסם השקעות בע""מ",IL,אסם פתי בר 12*500גרם,גרמים,500.00,100 גרם,false,1,16.90,3.3800,true,1,9275
7290000074245,false,קרם קרקר 250 גרם,"אסם השקעות בע""מ",IL,אסם קרם קרקר 12*250גרם,גרמים,250.00,100 גרם,false,1,11.90,4.7600,true,1,9277
7290000074375,false,קרקר זהב,"אסם השקעות בע""מ",IL,אסם קרקר זהב 12*150גרם,גרמים,150.00,100 גרם,false,1,10.00,6.6667,true,1,9283
7290000074481,false,לחמית אגוזים,"אסם השקעות בע""מ",IL,לחמית אגוזים 12*160גרם,גרמים,160.00,100 גרם,false,1,11.90,7.4375,true,1,78816
7290000075204,false,לחמית קרקר חיטה מלאה,"אסם השקעות בע""מ",IL,לחמית חיטה מלאה 10*250גרם חדש,גרמים,250.00,100 גרם,false,1,11.90,4.7600,true,1,9305
7290000076126,false,בייגלה שמיניות קטנות,"אסם השקעות בע""מ",IL,אסם בייגלה שמיניות קטנות 24*80גרם,גרמים,80.00,100 גרם,false,1,5.00,6.2500,true,1,9330
7290000076133,false,בייגלה שמיניות קטנות,"אסם השקעות בע""מ",IL,אסם בייגלה שמיניות קטנות 12*400גרם,גרמים,400.00,100 גרם,false,1,14.90,3.7250,true,1,9331
7290000077017,false,עוגיות משהו קרמוגית,"אסם השקעות בע""מ",IL,אסם קרמוגית במילוי שוקולד 12*200גרם,גרמים,200.00,100 גרם,false,1,14.90,7.4500,true,1,9358
7290000077253,false,לחמית כפרית,"אסם השקעות בע""מ",IL,לחמית כפרית 12*190גרם,גרמים,190.00,100 גרם,false,1,11.90,6.2632,true,1,65972
7290000078762,false,אסם חטיפי פריכונים א,סנורייס בלגיום אן. ו,,אסם חטיפי פריכונים אורז ודבש 14*80גרם,גרמים,80.00,100 גרם,false,1,9.90,12.3750,true,1,9477
7290000085159,false,פירורי ביסקויט וניל,מגדנית הדר,,פירורי ביסקויט וניל 300 גר,גרמים,300.00,100 גרם,false,1,5.80,1.9333,true,1,129081
7290000085180,false,ביסקוויט פתיבר וניל,"אחים גטניו בע""מ",,ביסקוויט פתיבר וניל גטניו 470 גרם,גרמים,470.00,100 גרם,false,1,12.50,2.6596,true,1,34771
7290000100128,false,פירות קפואים תות,סנפרוסט בעמ,IL,פירות קפואים תות,גרמים,300.00,100 גרם,false,1,20.90,6.9667,true,1,117685
7290000100135,false,פירות קפואים דובדבן,סנפרוסט בעמ,IL,פירות קפואים דובדבן,גרמים,300.00,100 גרם,false,1,20.90,6.9667,true,1,117686
7290000101927,false,אוכמניות כחולות מוקפ,"סנפרוסט בע""מ",IL,אוכמניות כחולות מוקפאות 300 גרם,גרמים,300.00,100 גרם,false,1,20.90,6.9667,true,1,112656
7290000101934,false,תערובת פירות יער  30,"סנפרוסט בע""מ",IL,תערובת פירות יער  300 גרם,גרמים,300.00,100 גרם,false,1,20.90,6.9667,true,1,112657
7290000101941,false,אננס מוקפא 300 גרם,"סנפרוסט בע""מ",IL,אננס מוקפא 300 גרם,גרמים,300.00,100 גרם,false,1,20.90,6.9667,true,1,112719
7290000101958,false,מנגו מוקפא 300 גרם,"סנפרוסט בע""מ",IL,מנגו מוקפא 300 גרם,גרמים,300.00,100 גרם,false,1,20.90,6.9667,true,1,112713
7290000104201,false,אפונה עדינה סנפרוסט,"סנפרוסט בע""מ",IL,אפונה עדינה סנפרוסט 600 גרם,גרמים,600.00,100 גרם,false,1,22.90,3.8167,true,1,17
7290000104690,false,תירס גרעינים סנפרוסט,"סנפרוסט בע""מ",IL,תירס גרעינים סנפרוסט 800גרם,גרמים,800.00,100 גרם,false,1,22.90,2.8625,true,1,38
7290000104744,false,כרובית 800 גרם,"סנפרוסט בע""מ",IL,כרובית 800 גרם סנפרוסט,גרמים,800.00,100 גרם,false,1,29.90,3.7375,true,1,43
7290000104829,false,"קלחוני תירס 1 ק""ג","סנפרוסט בע""מ",IL,"קלחוני תירס 1 ק""ג",קילוגרמים,1.00,"ק""ג",false,1,24.90,24.9000,true,1,50
7290000104836,false,שעועית עדינה שלמה,"סנפרוסט בע""מ",IL,שעועית עדינה שלמה 600 גרם סנפרוסט,גרמים,600.00,100 גרם,false,1,24.90,4.1500,true,1,20828
7290000107165,false,חטיף פולי סויה אדממה,"סנפרוסט בע""מ",IL,חטיף פולי סויה אדממה 400 גרם סנפרוסט,גרמים,400.00,100 גרם,false,1,16.50,4.1250,true,1,33322
7290000107295,false,ברוקולי מוקפא 800 גר,"סנפרוסט בע""מ",IL,ברוקולי מוקפא 800 גרם סנפרוסט,גרמים,800.00,100 גרם,false,1,28.90,3.6125,true,1,63
7290000107615,false,ירקות מנה אסייתית צב,"סנפרוסט בע""מ",IL,לקט מנה אסייתית צבעונית ועשירה 800גרם,גרמים,800.00,100 גרם,false,1,29.90,3.7375,true,1,122044
7290000110844,false,חטיף כיפלי גריל 70 ג,יוניליור ישראל מזון,IL,כיפלי חטיף בטעם גריל,גרמים,70.00,100 גרם,false,1,7.90,11.2857,true,1,16216
7290000110851,false,חטיף כיפלי בצל 70 גר,אתר שפע - Food,IL,כיפלי חטיף בטעם בצל,גרמים,70.00,100 גרם,false,1,7.90,11.2857,true,1,16217
7290000111186,false,מיונז אמיתי תלמה 500,יוניליוור ישראל מזון,IL,תלמה  מיונז אמיתי 500 גרם,גרמים,500.00,100 גרם,false,1,11.90,2.3800,true,1,82
7290000111360,false,חרדל אמיתי תלמה 250,יוניליוור  ישראל מזו,IL,חרדל אמיתי תלמה,גרמים,250.00,100 גרם,false,1,8.90,3.5600,true,1,86
7290000112220,false,טחינה קלאסית בארכה 5,רושדי תעשיות מזון בע,IL,בארכה טחינה 100% שומשום 12*500גרם,גרמים,500.00,100 גרם,false,1,16.90,3.3800,true,1,127
7290000116945,false,רוטב סויה קנור,יוניליוור ישראל מזון,IL,רוטב סויה קלאסי קנור,מיליליטרים,300.00,"100 מ""ל",false,1,14.90,4.9667,true,1,13951
7290000120874,false,מיונז הלמנס לייט 424,"שד' קילבורן 2816, שי",US,hellmanns light ממרח מופחת קלוריות,גרמים,424.00,100 גרם,false,1,15.90,3.7500,true,1,310
7290000121093,false,גבינה מותכת מון בלאן,"שלושת האופים בע""מ",IL,גבינה מותכת מון בלאן 7% לייט 120 גרם,גרמים,120.00,100 גרם,false,1,12.90,10.7500,true,1,314
7290000121109,false,גבינה מותכת 7% מון ב,"שלושת האופים בע""מ",IL,גבינה מותכת 7% מון בלאן זיתים לייט 120 ג,גרמים,120.00,100 גרם,false,1,13.90,11.5833,true,1,315
7290000134123,false,פלפל שחור טחון 40 גר,תות ממתקי איכות,IL,תבלין טעם וריח מיכל פלפל שחור טחון 40 גרם,גרמים,40.00,100 גרם,false,1,9.90,24.7500,true,1,20570
7290000134147,false,מוסקט טחון 40 גרם,תבליני טעם וריח,IL,"תבליני טעם וריח, מוסקט טחון 100%, 40 גרם",גרמים,40.00,100 גרם,false,1,16.90,42.2500,true,1,16909
7290000134550,false,עלי דפנה בשקית 20 גר,תבליני טעם וריח,IL,"תבליני טעם וריח, 100% עלי דפנה, 20 גרם",גרמים,20.00,100 גרם,false,1,6.90,34.5000,true,1,16024
7290000134666,false,רוזמרין 15 גרם,תות ממתקי איכות,IL,"תבליני טעם וריח, 100% רוזמרין, 15 גרם",גרמים,15.00,100 גרם,false,1,7.50,50.0000,true,1,42101
7290000134758,false,תיבול לתפוא  מיכל,תבליני טעם וריח,IL,"תבליני טעם וריח, תערובת תיבול לתפוחי אדמה, 100 גרם",גרמים,100.00,100 גרם,false,1,10.90,10.9000,true,1,42104
7290000135045,false,XL TEN משקה אנרגיה ב,"טמפו משקאות בע""מ",IL,XL TEN משקה אנרגיה בטעם תפוח250מל,מיליליטרים,250.00,"100 מ""ל",false,1,7.90,3.1600,true,1,94534
7290000135052,false,משקה אנרגיה XL TEN מ,"טמפו משקאות בע""מ",IL,משקה אנרגיה XL TEN מנגו פחית 250 מל,מיליליטרים,250.00,"100 מ""ל",false,1,7.90,3.1600,true,1,121063
7290000135625,false,פחיות גולדסטאר רביעי,טמפו,IL,"פחיות גולדסטאר רביעיה 500 מ""ל",ליטרים,2.00,ליטר,false,1,44.70,22.3500,true,1,132922
7290000136141,false,פפסי קולה בקבוק 1.5,טמפו,IL,פפסי קולה בקבוק 1.5 ליטר,ליטרים,1.50,ליטר,false,1,11.90,7.9333,true,1,130546
7290000136158,false,פפסי קולה מקס ללא סו,טמפו,IL,פפסי קולה מקס ללא סוכר בקבוק 1.5 ליטר,ליטרים,1.50,ליטר,false,1,11.90,7.9333,true,1,130547
7290000136165,false,מירינדה בקבוק 1.5 לי,טמפו,IL,מירינדה בקבוק 1.5 ליטר,ליטרים,1.50,ליטר,false,1,11.90,7.9333,true,1,130548
7290000136172,false,סבן אפ בקבוק 1.5 ליט,טמפו,IL,סבן אפ בקבוק 1.5 ליטר,ליטרים,1.50,ליטר,false,1,11.90,7.9333,true,1,130549
7290000136240,false,מי סודה 1.5 ליטר,טמפו,IL,מי סודה 1.5 ליטר,ליטרים,1.50,ליטר,false,1,4.90,3.2667,true,1,130550
7290000136646,false,בירה נשר מאלט בקבוק,טמפו,IL,בירה נשר מאלט בקבוק 1.5 ליטר,ליטרים,1.50,ליטר,false,1,11.90,7.9333,true,1,130551
7290000136844,false,מים אקווה נובה שישיי,טמפו,IL,מים אקווה נובה שישייה בקבוק 2 ליטר,ליטרים,12.00,ליטר,false,6,16.90,1.4083,true,1,130554
7290000137513,false,גלידונית קרמיסימו  1,"גלידת שטראוס בע""מ, ר",IL,גלידונית קרמיסימו  1/60  630 גרם,גרמים,630.00,100 גרם,false,1,57.90,9.1905,true,1,518
7290000137643,false,גלידה טעמקור משפחתי,"גלידת שטראוס בע""מ, ר",IL,"שטראוס טעמקור 880 מ""ל",גרמים,500.00,100 גרם,false,1,44.90,8.9800,true,1,519
7290000143217,false,שמפו הוואי לשיער יבש,שוורצקוף& הנקל דיסלד,IL,"שמפו הוואי לשיער יבש 700 מ""ל",מיליליטרים,700.00,"100 מ""ל",false,1,14.90,2.1286,true,1,558
7290000143255,false,שמפו הוואי לשיער רגי,שוורצקוף& הנקל דיסלד,IL,הוואי שמפו לשיער רגיל,מיליליטרים,700.00,"100 מ""ל",false,1,14.90,2.1286,true,1,560
7290000143286,false,מרכך הוואי לשיער רגי,שוורצקוף& הנקל דיסלד,IL,הוואי מרכך לשיער רגיל,מיליליטרים,700.00,"100 מ""ל",false,1,14.90,2.1286,true,1,563
7290000144474,false,שמן קנולה מועשר בנוג,סקנולה,EE,שמן קנולה מועשר בנוגדי חמצון 1 ליטר,ליטרים,1.00,ליטר,false,1,17.90,17.9000,true,1,576
7290000146928,false,טום וגרי משחת שיניים,שוורצקוף& הנקל דיסלד,IL,טום וג'רי מ.שינים ענב,מיליליטרים,50.00,"100 מ""ל",false,1,9.90,19.8000,true,1,20513
7290000146997,false,טום וגרי מש.שינ.לילד,שוורצקוף& הנקל דיסלד,IL,טום וג'רי משחת שיניים בטעם מסטיק,מיליליטרים,50.00,"100 מ""ל",false,1,12.80,25.6000,true,1,12719
7290000148380,false,פיסטוקים קלויים קליי,J&G PECANS,IL,קליית גת פיסטוק קלויים 200 גרם,גרמים,200.00,100 גרם,false,1,24.90,12.4500,true,1,12250
7290000148489,false,גרעיני דלעת קליית גת,J&G PECANS,IL,"קליית גת גרעיני דלעת קלויים,200 גרם",גרמים,200.00,100 גרם,false,1,11.90,5.9500,true,1,14557
7290000148618,false,אגוזי קשיו מטוגנים ק,J&G PECANS,IL,קליית גת קשיו מטוגן 200 גרם,גרמים,200.00,100 גרם,false,1,24.90,12.4500,true,1,12251
7290000148748,false,גרעיני חמנייה קליית,J&G PECANS,IL,"קליית גת חמנייה קלויים, 200 גרם",גרמים,200.00,100 גרם,false,1,8.90,4.4500,true,1,12170
7290000148939,false,שקדים קלויים קליית ג,J&G PECANS,IL,שקד קלוי 200 גר' שקית,גרמים,200.00,100 גרם,false,1,25.90,12.9500,true,1,12252
7290000174723,false,שוקולית עלית 500 גרם,שטראוס קפה בי.וי.,IL,שוקולית קופסא 500  / 12 קופ'/ 500ג',גרמים,500.00,100 גרם,false,1,16.90,3.3800,true,1,862
7290000176062,false,קפה טורקי בצלופן 100,שטראוס קפה בי.וי.,IL,עלית טורקי שקית 100ג/1שק'/100גר',גרמים,100.00,100 גרם,false,1,10.90,10.9000,true,1,872
7290000176079,false,קפה עם הל 100 גרם,שטראוס קפה בי.וי.,IL,עלית טורקי עם הל 00/1שק'/100גר',גרמים,100.00,100 גרם,false,1,11.90,11.9000,true,1,873
7290000176413,false,קפה נמס עלית 50 גרם,שטראוס קפה בי.וי,IL,קפה נמס 50 גרם חדש,גרמים,50.00,100 גרם,false,1,11.90,23.8000,true,1,878
7290000176420,false,קפה נמס עלית פחית 20,שטראוס קפה בי.וי,IL,קפה נמס עלית 200 גר',גרמים,200.00,100 גרם,false,1,24.90,12.4500,true,1,879
7290000178707,false,תפוציפס מלוח 50 גרם,"שטראוס פריטו ליי בע""",IL,תפו טבעי 50 גר 48 יח - שמיטה,גרמים,50.00,100 גרם,false,1,5.90,11.8000,true,1,916
7290000178721,false,תפוציפס מלוח 200 גרם,"שטראוס פריטו ליי בע""",IL,תפו טבעי 200 גר 12 יח,גרמים,200.00,100 גרם,false,1,15.50,7.7500,true,1,918
7290000185460,false,חרוסת כנרת 250 גרם,מנדלז סי.אר. פרודקשן,IL,חרוסת 250 גר',גרמים,250.00,100 גרם,false,1,10.90,4.3600,true,1,991
7290000187938,false,נייר טואלט לילי פסטל,חוגלה קימברלי,,נייר טואלט לילי פסטל 32 גלילים,מטרים,58880.00,מטר,false,1,39.90,0.0007,true,1,48943
7290000189116,false,תבניות עגולות ניקול,סין,CN,תבניות עגולות ניקול 6 יחידות,לא מנהל יחידת מידה,0.00,לא מנהל יחידת מידה,false,1,13.90,0.0000,true,1,101198
7290000189550,false,שקיות אשפה זוג 20 יח,אשפלסט,IL,שקיות אשפה זוג 20 יחידות,לא מנהל יחידת מידה,0.00,לא מנהל יחידת מידה,false,1,27.90,0.0000,true,1,30109
7290000189659,false,מטליות לחות לרצפה,עלבד משואות יצחק בעמ,IL,ניקול מטליות לחות לניקוי הרצפה 10 יחידות,Unknown,0.00,Unknown,false,1,13.90,0.0000,true,1,60621
7290000191652,false,ממחטות טישיו קלינקס,חוגלה קימברלי,,ממחטות טישיו קלינקס ניילון מארז שלישייה,לא מנהל יחידת מידה,0.00,לא מנהל יחידת מידה,false,1,14.90,0.0000,true,1,45929
7290000195537,false,מגבונים לחים האגיס ל,ווטנפס בעמ,IL,האגיס מגבונים לחים לתינוק ללא בישום מארז רביעייה,יחידה,1.00,יחידה,false,1,22.90,22.9000,true,1,15303
7290000196039,false,מפות שולחן ניקול זוג,דיספובד,,"מפות שולחן ניקול זוג  180*110 ס""מ",לא מנהל יחידת מידה,0.00,לא מנהל יחידת מידה,false,1,15.90,0.0000,true,1,1103
7290000196763,false,שקיות אשפה השקית החז,אשפלסט,IL,שקיות אשפה השקית החזקה ניקול 40 יח,Unknown,0.00,Unknown,false,1,26.90,0.0000,true,1,77992
7290000197326,false,רדיד אלומיניום זוג ק,אופל,IL,זוג רדיד אלומיניום קצר עובי משופר 15 מיקרון,מטרים,1500.00,מטר,false,1,15.90,0.0106,true,1,1109
7290000197425,false,חיתולים פרידום דריי,קימברלי קלארק ישראל,IL,חיתולים פרידום דריי שלב 3,יחידה,1.00,יחידה,false,1,46.90,46.9000,true,1,100826
7290000197456,false,חיתולים פרידום דריי,קימברלי קלארק ישראל,IL,חיתולים פרידום דריי שלב 4,יחידה,1.00,יחידה,false,1,46.90,46.9000,true,1,100827
7290000197548,false,חיתולי האגיס פרידום,קימברלי קלארק ישראל,IL,חיתולי האגיס פרידום דריי שלב 5,לא מנהל יחידת מידה,0.00,לא מנהל יחידת מידה,false,1,46.90,0.0000,true,1,100828
7290000204086,false,כרית קירצוף ניקול,UFO INC,US,"ניקול, כריות קרצוף גדולות וחזקות במיוחד, 3 יחידות",יחידה,0.00,יחידה,false,1,13.90,0.0000,true,1,12962
7290000204215,false,כרית יפנית שישייה,פלסטופוליש,IL,"ניקול,כריות יפניות ,6 יחידות",גרמים,0.00,100 גרם,false,1,14.20,0.0000,true,1,1309
7290000204253,false,מטליות ניקוי רב שימו,נועם אורים-קיבוץ אור,IL,"ניקול, מטליות ניקוי רב שימושיות, 9 יחידות",לא מנהל יחידת מידה,0.00,לא מנהל יחידת מידה,false,1,13.90,0.0000,true,1,1312
7290000204611,false,ספוגית הקסם ניקול 6,UFO INC,US,ספוגית הקסם ניקול 6 יחידות,לא מנהל יחידת מידה,0.00,לא מנהל יחידת מידה,false,1,13.90,0.0000,true,1,15390
7290000207162,false,רסק עגבניות 22% 100,"זנלכל בע""מ",IL,יכין רוטב עגבניות מרוכז 100 גרם,גרמים,100.00,100 גרם,false,1,2.20,2.2000,true,1,1386
7290000208077,false,אפונה גדולה 550 גר .,"זנלכל בע""מ",IL,אפונה גדולה 550 גר .יכין,גרמים,550.00,100 גרם,false,1,7.90,1.4364,true,1,16030
7290000208114,false,אפונה וגזר,"זנלכל בע""מ",IL,יכין אפונת גינה וגזר 550 גרם,גרמים,550.00,100 גרם,false,1,8.90,1.6182,true,1,1430
7290000208213,false,שעועית לבנה ברוטב עג,"זנלכל בע""מ",IL,יכין שעועית לבנה ברוטב עגבניות 580 גרם,גרמים,580.00,100 גרם,false,1,8.90,1.5345,true,1,102651
7290000208329,false,תירס גרעינים מתוק יכ,"זנלכל בע""מ",IL,יכין גרעיני תירס מתוק שימורים 550 גרם,גרמים,560.00,100 גרם,false,1,8.90,1.5893,true,1,12174
7290000208336,false,רסק עגבניות 240 גרם,"זנלכל בע""מ",IL,יכין רוטב עגבניות מרוכז 240 גרם,גרמים,240.00,100 גרם,false,1,4.90,2.0417,true,1,37787
7290000208428,false,חומוס שלם יכין 560 ג,"זנלכל בע""מ",IL,יכין חומוס שלם 550 גרם,גרמים,560.00,100 גרם,false,1,8.90,1.5893,true,1,16032
7290000208947,false,עגבניות מרוסקות יכין,"זנלכל בע""מ",IL,יכין עגבניות מרוסקות 260 גרם,גרמים,240.00,100 גרם,false,1,5.90,2.4583,true,1,37789
7290000209043,false,מיץ לימון,"זנלכל בע""מ",IL,יכין רוטב לימון משומר לתיבול 1 ליטר,ליטרים,1.00,ליטר,false,1,6.90,6.9000,true,1,16244
7290000209371,false,שלישיית תירס קטן יכי,"זנלכל בע""מ",IL,יכין גרעיני תירס מתוק שלישייה 3*165,גרמים,165.00,100 גרם,false,1,14.90,9.0303,true,1,102326
7290000209722,false,תרכיז עגבניות פריכוז,"זנלכל בע""מ",IL,רסק עגבניות פריכוז 580 יכין,גרמים,580.00,100 גרם,false,1,10.90,1.8793,true,1,12175
7290000209944,false,רוטב עגבניות לשקשוקה,"זנלכל בע""מ",IL,רוטב עגבניות לשקשוקה יכין 240גרם,גרמים,240.00,100 גרם,false,1,5.90,2.4583,true,1,110202
7290000209951,false,רוטב פיצה,"זנלכל בע""מ",IL,רוטב פיצה 240גרם יכין,גרמים,240.00,100 גרם,false,1,5.90,2.4583,true,1,47767
7290000211169,false,"אורז תאילנדי 1 ק""ג","סוגת תעשיות בע""מ",IL,"אורז תאילנדי 1 ק""ג",קילוגרמים,1.00,"ק""ג",false,1,8.90,8.9000,true,1,16122
7290000211374,false,"קמח מלא 1 ק""ג סוגת",תחנות קמח דגן 2006 ב,IL,"קמח מלא 1 ק""ג סוגת",קילוגרמים,1.00,"ק""ג",false,1,8.90,8.9000,true,1,1472
7290000211442,false,אורז פרסי אחד אחד סו,"סוגת תעשיות בע""מ",IL,"אורז פרסי 1 ק""ג",קילוגרמים,1.00,"ק""ג",false,1,13.90,13.9000,true,1,1475
7290000211503,false,סוכר לבן ארוז בשקית,"סוגת תעשיות בע""מ",IL,"סוכר לבן ארוז בשקית סוגת 1 ק""ג",קילוגרמים,1.00,"ק""ג",false,1,5.90,5.9000,true,1,1476
7290000211985,false,אורז ריזוטו עגול סוג,"סוגת תעשיות בע""מ",IL,"אורז עגול 1 ק""ג",קילוגרמים,1.00,"ק""ג",false,1,13.90,13.9000,true,1,1485
7290000238029,false,"בצק עלים 1 ק""ג","מעדנות בע""מ",IL,"בצק עלים 1 ק""ג",קילוגרמים,1.00,"ק""ג",false,1,26.90,26.9000,true,1,1940
7290000238036,false,מלווח 700 גרם,"מעדנות בע""מ",IL,מלווח 700 גרם מעדנות,גרמים,700.00,100 גרם,false,1,21.90,3.1286,true,1,1941
7290000238173,false,בורקס גבינה מעדנות 8,"מעדנות בע""מ",IL,בורקס גבינה מעדנות 800 גרם,גרמים,800.00,100 גרם,false,1,28.90,3.6125,true,1,1944
7290000238180,false,"בורקס תפו""א מעדנות 8","מעדנות בע""מ",IL,"בורקס תפו""א מעדנות 800 גרם",גרמים,800.00,100 גרם,false,1,25.90,3.2375,true,1,1945
7290000253220,false,שוקולד ציפס חום אופנ,אופנהיימר,IL,נטיפי שוקולד,גרמים,260.00,100 גרם,false,1,13.90,5.3462,true,1,2102
7290000266107,false,כריך שמינייה טונה,עינת תעשיות מזון,,כריך שמינייה טונה 225 גרם,גרמים,225.00,100 גרם,false,1,18.20,8.0889,true,1,44411
7290000266206,false,כריך טוניסאי 250 גרם,עינת תעשיות מזון,,כריך טוניסאי 250 גרם,גרמים,250.00,100 גרם,false,1,19.90,7.9600,true,1,47099
7290000272696,false,מיץ לימון משומר 1 לי,בית-השיטה עסיס תעשיו,IL,עסיס מיץ לימון משומר 12*1ליטר,ליטרים,1.00,ליטר,false,1,13.90,13.9000,true,1,2274
7290000286228,false,כרית יפנית סנו סושי,סנו מפעלי ברונו בעמ,IL,כרית יפנית סנו סושי                 1/6,גרמים,70.00,100 גרם,false,1,14.90,21.2857,true,1,2404
7290000286594,false,חול לניקוי סנו X לימ,סנו מפעלי ברונוס בעמ,IL,חול לניקוי סנו X לימון קופסא 600 גרם,גרמים,600.00,100 גרם,false,1,11.90,1.9833,true,1,2414
7290000286761,false,ניילון נצמד סנו זוג,"מיוצר בהונג קונג, סי",CN,סנו סושי - צמד ניילון נצמד+,מטרים,3000.00,מטר,false,1,15.90,0.0053,true,1,2416
7290000286891,false,לרצפה סנו מגן קריסטל,"סנו מפעלי ברונוס בע""",IL,סנו מגן קריסטל 1 ליטר,ליטרים,1.00,ליטר,false,1,32.00,32.0000,true,1,2425
7290000287195,false,סנורהיט ספריי  לרהיט,סנו מפעלי ברונוס בעמ,IL,"סנו רהיט אירוסול מנקה, מבריק, מגן ודוחה אבק 300 מל",מיליליטרים,305.00,"100 מ""ל",false,1,19.90,6.5246,true,1,2438
7290000287430,false,סנובון לימון,סנו מפעלי ברונו בעמ,IL,סנובון סבון אסלה בניחוח לימון 3 יחידות,גרמים,165.00,100 גרם,false,1,14.90,9.0303,true,1,24102
7290000288024,false,אקונומיקה סנו JAVEL,"סנו מפעלי ברונוס בע""",IL,אקונומיקה סנו JAVEL לימון 4 ליטר,ליטרים,4.00,ליטר,false,1,17.90,4.4750,true,1,2451
7290000288352,false,משמיד חרקים K300 סנו,"סנו מפעלי ברונוס בע""",IL,K-300,מיליליטרים,630.00,"100 מ""ל",false,1,28.90,4.5873,true,1,2460
7290000288383,false,משמיד זוחלים K500  ס,סנו מפעלי ברונוס בעמ,IL,"משמיד זוחלים K500  סנו 400 מ""ל",מיליליטרים,400.00,"100 מ""ל",false,1,28.90,7.2250,true,1,2461
7290000289069,false,קצף ניקוי JAVEL מרסס,"סנו מפעלי ברונוס בע""",IL,קצף ניקוי JAVEL מרסס בריח לימון סנו 1 ל,ליטרים,1.00,ליטר,false,1,18.90,18.9000,true,1,2476
7290000289472,false,שקיות אשפה 76*90 סנו,סנו מפעלי ברונוס בעמ,IL,סושי 50 ש.אשפה גדולות במיוחד,לא מנהל יחידת מידה,0.00,לא מנהל יחידת מידה,false,1,22.70,0.0000,true,1,12976
7290000292007,false,פיתיון גל קוטל תיקני,סנו מפעלי ברונוס בעמ,IL,סנו K3 פיתיון ג'ל קוטל תיקנים,גרמים,0.00,100 גרם,false,1,49.90,0.0000,true,1,121217
7290000292137,false,סנו לניקוי מוצרי עור,מיוצר עי קונדיטוריית,IL,תחליב לניקוי ולטיפול במוצרי עור,מיליליטרים,500.00,"100 מ""ל",false,1,32.90,6.5800,true,1,2507
7290000292557,false,סנומט נוזל מילוי,trento,IT,"סנומט מילוי נוזלי למכשיר חשמלי, דוחה יתושים",Unknown,0.00,Unknown,false,1,21.90,0.0000,true,1,2515
7290000292564,false,משמיד חרקים K2000 לל,סנו מפעלי ברונוס בעמ,IL,תכשיר מיקרוקפסורי,מיליליטרים,750.00,"100 מ""ל",false,1,39.90,5.3200,true,1,2516
7290000292687,false,סנובון לאסלה כחול של,סנו מפעלי ברונוס בעמ,IL,סנובון כחול סבון מוצק לאסלה בניחוח קלאסי 3 יחידות,גרמים,165.00,100 גרם,false,1,22.90,13.8788,true,1,2518
7290000292915,false,רסס ונגב לניקוי כללי,"סנו מפעלי ברונוס בע""",IL,סנו רסס ונגב - מנקה כל משטח ללא צורך בשטיפה 750 מל,מיליליטרים,750.00,"100 מ""ל",false,1,19.90,2.6533,true,1,2519
7290000293943,false,מסיר אבנית אנטיקאלק,סנו מפעלי ברונוס בעמ,IL,אנטי קאלק מסיר אבנית וחלודה לשימוש כללי 1 ליטר,ליטרים,1.00,ליטר,false,1,19.90,19.9000,true,1,2527
7290000294780,false,אקונומיקה סנו JAVEL,"סנו מפעלי ברונוס בע""",IL,סנו Javel אקונומיקה סמיכה מבושמת בריח לימון 4 ליטר,ליטרים,4.00,ליטר,false,1,17.90,4.4750,true,1,2537
7290000295367,false,אבקת כביסה מקסימה זא,סנו,IL,"אבקת כביסה, אפקט JAVEL",קילוגרמים,2.50,"ק""ג",false,1,33.90,13.5600,true,1,2542
7290000295404,false,שקיות אשפה 54*65 סנו,סנו מפעלי ברונוס בעמ,IL,סושי 60 ש.אשפה חזקות עם שרוך,לא מנהל יחידת מידה,0.00,לא מנהל יחידת מידה,false,1,23.70,0.0000,true,1,2543
7290000295503,false,שקיות אוכל 19*25 סנו,סנו,CN,סנו סושי -  שקיות אוכל 2*150,לא מנהל יחידת מידה,0.00,לא מנהל יחידת מידה,false,1,15.90,0.0000,true,1,2545
7290000295558,false,רדיד אלומיניום זוג 1,סנו סושי,TR,"רדיד אלומיניום זוג 15 מ רוחב 30 ס""מ",מטרים,1500.00,מטר,false,1,15.90,0.0106,true,1,16126
7290000300900,false,שניצל תירס טבעול 750,טבעול,IL,טבעול שניצל תירס 8*750גרם-חדש,גרמים,750.00,100 גרם,false,1,29.90,3.9867,true,1,2623
7290000311203,false,ופלים מן בטעם שוקולד,תות ממתקי איכות,IL,ופלים מן בטעם שוקולד 200 גרם,גרמים,200.00,100 גרם,false,1,7.90,3.9500,true,1,2824
7290000334745,false,אמריקן ציפס,"תעשיות תפוגן בע""מ",IL,תפוגן אמריקן צ'יפס 6*1.5קג,קילוגרמים,1.50,"ק""ג",false,1,29.90,19.9333,true,1,16336
7290000336282,false,סיידר הגליל תפוח צלו,טמפו משקאות בעמ,IL,סיידר תפוח צלול 330 בקבוק,מיליליטרים,330.00,"100 מ""ל",false,1,8.50,2.5758,true,1,13322
7290000339191,false,אבקת הלבנה רן,זהר דליה,IL,אבקת הלבנה רן מלבין ומחטא כביסה ללא כלור בדין,גרמים,350.00,100 גרם,false,1,23.80,6.8000,true,1,3177
7290000345260,false,תה קלאסיק 1.5 גרם,תה ויסוצקי,IL,25/1.5במעטפה,גרמים,37.00,100 גרם,false,1,9.90,26.7568,true,1,3261
7290000345291,false,תה ארל גריי 1.5 גרם,ויסוצקי,IL,ארל גריי TEAR TAPE - 25,גרמים,38.00,100 גרם,false,1,21.10,55.5263,true,1,3264
7290000346205,false,חליטת תה צמחים קמומי,ויסוצקי,IL,"קמומיל-""הגן הקסוםC24 ?",גרמים,37.00,100 גרם,false,1,19.90,53.7838,true,1,3292
7290000347738,false,תה ירוק נענע 25 שקיק,ויסוצקי,IL,תה ירוק עם נענע T.T,גרמים,37.00,100 גרם,false,1,26.90,72.7027,true,1,3319
7290000347752,false,תה ירוק לימונית ולוא,ויסוצקי,IL,תה ירוק עם לימונית/לואיזה T.T,גרמים,37.00,100 גרם,false,1,26.90,72.7027,true,1,3321
7290000363363,false,קבנוס מיוחד 160 גרם,הנסיך- מפעל לייצור ט,IL,טירת צבי קבנוס נקניק מעושן יבש 160 גרם,גרמים,160.00,100 גרם,false,1,18.90,11.8125,true,1,3458
7290000364858,false,נקניקיות עוף       .,טיב טירת צבי 2000,IL,"טירת צבי - נקניקיות עוף 1 ק""ג",קילוגרמים,1.00,"ק""ג",false,1,32.90,32.9000,true,1,3510
7290000364872,false,נקניקיות עוף 400 גרם,טיב טירת צבי 2000,IL,נקניקיות עוף 400 גרם,גרמים,400.00,100 גרם,false,1,16.90,4.2250,true,1,3512
7290000367590,false,צמד כפרי פסטרמה סלמי,טיב טירת צבי 2000,IL,צמד כפרי פסטרמה סלמי טירת צבי 800 גרם,גרמים,800.00,100 גרם,false,1,33.90,4.2375,true,1,3537
7290000377209,false,בוטנים מטוגנים קליית,"ג'י אנד ג'י  בע""מ",IL,בוטנים מטוגנים קליית גת 200 גרם,גרמים,200.00,100 גרם,false,1,9.90,4.9500,true,1,15187
7290000377445,false,"חטיפי נשצ""אנס קליית",J&G PECANS,IL,נש צ'אנס 200 גר' ב 12,גרמים,200.00,100 גרם,false,1,10.90,5.4500,true,1,15188
7290000377452,false,גרעיני אבטיח קליית ג,קוד יצרן SON,IL,גרעיני אבטיח שק'200 גר',גרמים,200.00,100 גרם,false,1,14.90,7.4500,true,1,12267
7290000377612,false,מיץ תפוזים סחוט פריג,גת גבעת חיים,IL,פריגת סחוט תפוזים קלאסי,מיליליטרים,400.00,"100 מ""ל",false,1,12.50,3.1250,true,1,3583
7290000408316,false,יוגורט דנונה 3% 200,"שטראוס בריאות בע""מ",IL,דנונה ביו  3% 200 גרם,גרמים,200.00,100 גרם,false,1,3.90,1.9500,true,1,4215
7290000408354,false,דנונה בר דגנים שוקול,"שטראוס בריאות בע""מ",IL,בר דנונה פצפוצים,גרמים,175.00,100 גרם,false,1,6.20,3.5429,true,1,4216
7290000416021,false,ממרח שוקולד השחר 500,השחר העולה,IL,ממרח השחר העולה חלבי 500 גרם,גרמים,500.00,100 גרם,false,1,13.90,2.7800,true,1,4369
7290000416618,false,ממרח שוקולד השחר 400,השחר העולה בעמ,IL,ממרח שוקולד השחר 400 גרם,גרמים,400.00,100 גרם,false,1,14.90,3.7250,true,1,4375
7290000430102,false,קוביות קרח בשקית,אייס קיוב,,קוביות קרח בשקית,יחידה,1.00,יחידה,false,1,14.90,14.9000,true,1,15230
7290000450209,false,טונה בשמן פוסידון 10,"מיוצר עי וליגר בעמ,",IL,פוסידון נתחי טונה בהירה בשמן 108 גרם,גרמים,108.00,100 גרם,false,1,7.90,7.3148,true,1,4719
7290000453019,false,שמרים טריים לאפייה ש,"פאקא תעשיות בע""מ",IL,שמרית שמרים טריים לאפייה 50 גרם,גרמים,50.00,100 גרם,false,1,6.90,13.8000,true,1,4730
7290000453798,false,שמרים אקטביים 500 גר,"גי' בי' רכיבים בע""מ",,שמרית שמרים יבשים אקטיביים 500 גרם,גרמים,500.00,100 גרם,false,1,15.90,3.1800,true,1,109238
7290000462141,false,סחוג אדום חריף,"זהבי הכרם בע""מ",IL,"זהבי הכרם זחוק תמני חריף, 150 גרם",גרמים,150.00,100 גרם,false,1,9.90,6.6000,true,1,55180
7290000462172,false,סחוג ירוק בצנצנת 150,"זהבי הכרם בע""מ",IL,זחוק זהבי ירוק חריף 150 גרם,גרמים,150.00,100 גרם,false,1,10.90,7.2667,true,1,4798
7290000467320,false,חומוס אבו מרוואן מלך,סלטי צבר,IL,צבר חומוס אבו מרוואן 6*400גרם,גרמים,400.00,100 גרם,false,1,14.90,3.7250,true,1,95453
7290000480107,false,שיבולת שועל קוואקר פ,וולקרס סנקס לימיטד,,שיבולת שועל קוואקר פחית 500 גרם,גרמים,500.00,100 גרם,false,1,16.90,3.3800,true,1,4946
7290000480442,false,שיבולת שועל קוואקר ש,שטראוס גרופ,IL,קוואקר שיבולת שועל שקית 500 גר 16 יח,גרמים,500.00,100 גרם,false,1,15.90,3.1800,true,1,4951
7290000482019,false,שקיות קוקי לצליה,"ש. שסטוביץ בע""מ",IL,שקיות לצליה קוקי 10 יחידות,לא מנהל יחידת מידה,0.00,לא מנהל יחידת מידה,false,1,16.20,0.0000,true,1,4968
7290000482033,false,שקיות קוקי ענק,"ש. שסטוביץ בע""מ",IL,קוקי שקיות לצליה מהירה ענק 5 יחידות,Unknown,0.00,Unknown,false,1,16.20,0.0000,true,1,4970
7290000484747,false,עלית הארק 40% בקבוק,יקבי הגליל יוסף,,"עלית הארק 40% בקבוק 700 מ""ל",מיליליטרים,700.00,"100 מ""ל",false,1,79.90,11.4143,true,1,109696
7290000497044,false,לחם ברמן אקטיב 750 ג,יוליניבר,IL,לחם ברמן אקטיב 750 גרם,גרמים,750.00,100 גרם,false,1,17.90,2.3867,true,1,96415
7290000497112,false,לחם אחיד פרוס,יוליניבר,IL,"ברמן לחם אחיד מקמח כהה פרוס, 750 גרם",גרמים,750.00,100 גרם,false,1,7.91,1.0547,true,1,5141
7290000497198,false,ברמן אסלי 10 פיתות 1,מאפיות ברמן,IL,ברמן אסלי 10 פיתות 1קג,קילוגרמים,1.00,"ק""ג",false,1,12.90,12.9000,true,1,128901
7290000497204,false,פיתה 1/5 בדצ       .,יוליניבר,IL,פיתות,גרמים,500.00,100 גרם,false,1,8.90,1.7800,true,1,14417
7290000497228,false,לחמניות רגילות  1/6,יוליניבר,IL,ברמן 6 לחמניות 450 גרם,גרמים,450.00,100 גרם,false,1,12.90,2.8667,true,1,5145
7290000497303,false,לחמניות מקמח מלא,יוליניבר,IL,מאפיית ברמן שש לחמניות מקמח חיטה מלא 450 גרם,גרמים,450.00,100 גרם,false,1,14.90,3.3111,true,1,33660
7290000497426,false,לחם קל ברמן לעניין,יוליניבר,IL,לחם קל ברמן לעניין 500 גר,גרמים,500.00,100 גרם,false,1,13.90,2.7800,true,1,132685
7290000497532,false,לחם ברמן לעניין,יוליניבר,IL,לחם ברמן לעניין 750 גר,גרמים,750.00,100 גרם,false,1,15.90,2.1200,true,1,33837
7290000497570,false,לחם דגנים קל,יוליניבר,IL,ברמן דגני קלות 500 גרם,גרמים,500.00,100 גרם,false,1,15.90,3.1800,true,1,5156
7290000498034,false,לחם מקמח כוסמין 750ג,מאפיות ברמן,IL,לחם מקמח כוסמין 750גרם,גרמים,750.00,100 גרם,false,1,17.90,2.3867,true,1,128891
7290000498393,false,חלה מרובעת ברמן  500,מאפיות ברמן,,חלה מרובעת ברמן  500גרם,גרמים,500.00,100 גרם,false,1,5.17,1.0340,true,1,5184
7290000498430,false,חלה 500 גרם,מאפית דוידוביץ,,חלה 500 גרם,גרמים,500.00,100 גרם,false,1,6.26,1.2520,true,1,127466
7290000504025,false,ממתיק סוכרזית פיטריה,ביסקול בע''מ,IL,סוכרזית קלאסי 300,גרמים,25.00,100 גרם,false,1,10.90,43.6000,true,1,5385
7290000504278,false,ממתיק סוכרזית פטנט 7,ביסקול בע''מ,IL,ממתיק סוכרזית פטנט 700 טבליות,גרמים,57.00,100 גרם,false,1,19.90,34.9123,true,1,5389
7290000518336,false,מוש  צמר גפן מתוק מס,מתוק וקל בעמ,IL,מוש  צמר גפן מתוק מסיבים תזונתיים 10 גרם,גרמים,10.00,100 גרם,false,1,7.90,79.0000,true,1,132205
7290000523125,false,מלח ים יבש 250 גרם,חברת מלח הארץ אילת ב,IL,מלח ים אדום דק 250 גרם,גרמים,250.00,100 גרם,false,1,6.90,2.7600,true,1,5623
7290000523514,false,מלח ים יבש מופחת נתר,חברת מלח הארץ אילת ב,IL,מלח הארץ 50% מכמות נתרן 250 גרם,גרמים,250.00,100 גרם,false,1,11.90,4.7600,true,1,5631
7290000525969,false,מיץ תפוזים סחוט פרימ,גניר,IL,פרימור מיץ תפוזים 1 ליטר,ליטרים,1.00,ליטר,false,1,19.50,19.5000,true,1,5645
7290000530703,false,נקניק תה מעושן +פסטר,זוגלובק,IL,זוגלובק זוג חרמון הודו ועוף 400+סלמי תה 400 גרם,גרמים,800.00,100 גרם,false,1,34.90,4.3625,true,1,5685
7290000537566,false,נקניקיות עוף זגלובק,זוגלובק,IL,זוגלובק נקניקיות עוף 400 גרם,גרמים,400.00,100 גרם,false,1,16.90,4.2250,true,1,5766
7290000538709,false,תה מעושן,זוגלובק,IL,זוגלובק סלמי תה מעושן 200 גרם,Unknown,0.00,Unknown,false,1,11.50,0.0000,true,1,53522
7290000554402,false,מלבי מעדן חלב גד 170,"מיוצר ע""י קוד יצרן E",IL,מלבי מעדן חלב גד 170 גרם,גרמים,170.00,100 גרם,false,1,6.50,3.8235,true,1,6106
7290000554532,false,גבינה צפתית 5% מעודנ,"מחלבות גד בע""מ",IL,גד צפתית מעודנת 5% שומן,גרמים,200.00,100 גרם,false,1,16.90,8.4500,true,1,54498
7290000554600,false,גבינת מוצרלה מגורדת,מחלבות גד בעמ,IL,גד מוצרלה מגורדת מחלב בקר 22% 300 גרם,גרמים,300.00,100 גרם,false,1,27.90,9.3000,true,1,6109
7290000554686,false,גבינת לאבנה 5% בשמן,מחלבות גד בעמ,IL,גד לאבנה בתוספת שמן זית וזעתר 5%,גרמים,250.00,100 גרם,false,1,16.90,6.7600,true,1,6112
7290000554822,false,גבינה ריקוטה גד 250,מחלבות גד בעמ,IL,גבינה ריקוטה גד 250 גרם,גרמים,250.00,100 גרם,false,1,16.90,6.7600,true,1,6118
7290000554839,false,גבינה מוקצפת מסקרפונ,מחלבות גד בעמ,IL,גבינה מוקצפת מסקרפונה 250 גרם גד,גרמים,250.00,100 גרם,false,1,24.90,9.9600,true,1,6119
7290000560533,false,"ג""ל גילוח אדג רגיל 2",אס.סי ג'ונסון ובניו,US,200 מל גל גילוח אדג בתוספת אלוורה,מיליליטרים,200.00,"100 מ""ל",false,1,19.90,9.9500,true,1,6182
7290000572208,false,חלבה אחוה 100 גרם,"אחדות ביח""ר לטחינה",IL,אחוה חלוה בטעם וניל 100 גרם,גרמים,100.00,100 גרם,false,1,4.50,4.5000,true,1,6249
7290000572222,false,חלבה בלוק,שוורצקוף& הנקל דיסלד,IL,אחווה חלוה בטעם וניל 500 גרם,גרמים,500.00,100 גרם,false,1,14.90,2.9800,true,1,6250
7290000644783,false,נתחי פילה סלמון בואק,X MAK,,"נתחי פילה סלמון בואקום לק""ג",קילוגרמים,1.00,"ק""ג",true,,105.00,105.0000,true,1,68542
7290000652542,false,פילה אמנון קפוא 5-7,,CN,פילה אמנון קפוא 5-7  100% דג לקג,קילוגרמים,1.00,"ק""ג",true,,39.00,39.0000,true,1,124781
7290000679440,false,קמיל בלו משחה לתינוק,הדקלאים אגודת שיתופי,IL,משחה לתינוק,גרמים,100.00,100 גרם,false,1,14.90,14.9000,true,1,7508
7290000688077,false,מים מי עדן פקק רגיל,מופק ממקור בזלתי עדן,IL,מים מינרליים מי עדן פקק רגיל 0.5 ל',מיליליטרים,500.00,"100 מ""ל",false,1,6.90,1.3800,true,1,42272
7290000688084,false,מי עדן בקבוק ספורט 5,מופק ממקור בזלתי עדן,IL,"מי עדן בקבוק ספורט 500 מ""ל",מיליליטרים,500.00,"100 מ""ל",false,1,6.90,1.3800,true,1,7613
7290000688381,false,מי עדן בקבוק אישי שי,"מי עדן בע""מ",,"מי עדן בקבוק אישי שישייה  500 מ""ל",ליטרים,3.00,ליטר,false,1,20.50,6.8333,true,1,7617
7290000802886,false,אלרין תרסיס טיפות אף,פריגו,US,"אלרין תרסיס טיפות אף 30 מ""ל מבוגרים",מיליליטרים,30.00,"100 מ""ל",false,1,37.80,126.0000,true,1,130278
7290000849478,false,סרקל מרכך שיער לילדי,פישר מעבדות פרמצבטיו,IL,דר פישר סרקל מרכך לילדים ללא דמעות 500 מל,מיליליטרים,500.00,"100 מ""ל",false,1,17.90,3.5800,true,1,10353
7290001045657,false,מיץ תפוחים צלול פרימ,גניר,IL,פרימור מיץ תפוחים 100% מיץ צלול מיוצר מרכז 400 מל,מיליליטרים,400.00,"100 מ""ל",false,1,11.90,2.9750,true,1,12167
7290001045688,false,מיץ תפוזים סחוט פרימ,גניר,IL,פרימור מיץ תפוזים סחוט 400 מל,מיליליטרים,400.00,"100 מ""ל",false,1,11.90,2.9750,true,1,13332
7290001136287,false,שמפו נקה 7לשיער רגיל,"קוסמופארם בעמ, ח.פ 5",IL,נקה 7 שמפו לשיער רגיל ירוק,מיליליטרים,750.00,"100 מ""ל",false,1,13.90,1.8533,true,1,208
7290001136683,false,מרכך לשיער נקה    7,אמיליה קוסמטיקס בעמ,IL,"נקה 7 מרכך שיער רגיל ירוק 750 מ""ל",מיליליטרים,750.00,"100 מ""ל",false,1,13.90,1.8533,true,1,218
7290001201589,false,ביצים ארוזות      L,,,ביצים ארוזות12 יח                     L,לא מנהל יחידת מידה,0.00,לא מנהל יחידת מידה,false,1,12.05,0.0000,true,1,128917
7290001201596,false,ביצים ארוזות12 יח M,,,ביצים ארוזות12 יח                     M,לא מנהל יחידת מידה,0.00,לא מנהל יחידת מידה,false,1,11.15,0.0000,true,1,128918
7290001216040,false,טחינת אל ארז 500 גרם,דולפין ספא,IL,טחינת אל ארז 500 גרם,גרמים,500.00,100 גרם,false,1,17.90,3.5800,true,1,62607
7290001216231,false,טחינה מלאה אל ארז 50,דולפין ספא,IL,טחינה מלאה אל ארז 500 גרם,גרמים,500.00,100 גרם,false,1,17.90,3.5800,true,1,62926
7290001230234,false,סיגריות כאמל סופט חפ,גיי טי אינטרנשיונל,,סיגריות כאמל סופט חפיסה בודד,יחידה,0.00,יחידה,false,1,32.00,0.0000,false,1,14555
7290001230331,false,סיגריות כאמל בוקס חפ,JTI,,סיגריות כאמל בוקס חפיסה בודד,יחידה,0.00,יחידה,false,1,32.00,0.0000,false,1,14556
7290001230739,false,סיגריות קאמל כחול,JTI,,סיגריות כאמל כחול חפיסה בודד,יחידה,0.00,יחידה,false,1,32.00,0.0000,false,1,20118
7290001231233,false,סיגריות וינסטון בוקס,JTI,,סיגריות וינסטון בוקס חפיסה בודד,Unknown,0.00,Unknown,false,1,34.30,0.0000,false,1,14544
7290001231932,false,סיגריות וינסטון כחול,JTI,,סיגריות וינסטון כחול בוקס חפיסה בודד,לא מנהל יחידת מידה,0.00,לא מנהל יחידת מידה,false,1,34.30,0.0000,false,1,14545
7290001235938,false,סיגריות וינסטון כחול,JTI,,סיגריות וינסטון כחול 100 חפיסה בודד,לא מנהל יחידת מידה,0.00,לא מנהל יחידת מידה,false,1,34.30,0.0000,false,1,48072
7290001265642,false,שלישיית מעדני לה קט,fidele sas,FR,לה קט מולטיפק מעדני פטה 3*400 גרם,גרמים,400.00,100 גרם,false,1,18.90,4.7250,true,1,129945
7290001305058,false,סבון נוזלי פלמוליב ח,קולגייט פלמוליב,TR,פלמוליב סבון נוזלי חלב ודבש 750 מל,מיליליטרים,500.00,"100 מ""ל",false,1,19.90,3.9800,true,1,438
7290001305188,false,סבון כלים פלמוליב לי,קולגייט פלמוליב,GR,פלמוליב נוזל לניקוי כלים בריח לימון (כתום) 750 מל,מיליליטרים,750.00,"100 מ""ל",false,1,13.90,1.8533,true,1,441
7290001419779,false,ופלים שוקולד עלמה 20,"גילרו בע""מ",,ופלים שוקולד עלמה 200 גרם,גרמים,200.00,100 גרם,false,1,5.50,2.7500,true,1,36902
7290001419793,false,גביעי גלידה מגולגלים,"גילרו בע""מ",,גביעי גלידה מגולגלים 12 יח,גרמים,132.00,100 גרם,false,1,12.90,9.7727,true,1,47927
7290001482186,false,אננס חתוך567 גר    .,הנסיך- מפעל לייצור ט,TH,ויליפוד חתיכות אננס בסירופ קל 565 גרם,גרמים,567.00,100 גרם,false,1,6.90,1.2169,true,1,107478
7290001482506,false,חומץ בלסמי ממודנה,,IT,"חומץ בלסמי ממודנה 500 מ""ל",מיליליטרים,500.00,"100 מ""ל",false,1,20.90,4.1800,true,1,627
7290001594025,false,קוקה קולה קלאסי,החברה המרכזית לייצור,IL,"קוקה קולה קלאסי 350 מ""ל",מיליליטרים,330.00,"100 מ""ל",false,1,8.50,2.5758,true,1,20502
7290001594155,false,קוקה קולה בקבוק 500,החברה המרכזית לייצור,IL,"קוקה קולה 500 מ""ל",מיליליטרים,500.00,"100 מ""ל",false,1,9.50,1.9000,true,1,783
7290001594186,false,קוקה קולה דיאט בקבוק,החברה המרכזית לייצור,IL,"דיאט קוקה קולה 500 מ""ל",מיליליטרים,500.00,"100 מ""ל",false,1,9.50,1.9000,true,1,786
7290001594230,false,"סודה קינלי 250 מ""ל",החברה המרכזית לייצור,IL,"קינלי סודה 250 מ""ל",מיליליטרים,250.00,"100 מ""ל",false,1,6.50,2.6000,true,1,788
7290001594377,false,משקל פריגת תפוזים 50,מבשלות בירה בינלאומי,IL,פריגת משקה קל תפוזים 500 מל,מיליליטרים,500.00,"100 מ""ל",false,1,9.50,1.9000,true,1,789
7290001594391,false,משקל פריגת ענבים 500,מבשלות בירה בינלאומי,IL,"משקל פריגת ענבים 500 מ""ל",מיליליטרים,500.00,"100 מ""ל",false,1,9.50,1.9000,true,1,791
7290001594520,false,בירה טובורג 330 מל,מבשלות בירה בינלאומי,IL,"טובורג בק 330 מ""ל פקדון",מיליליטרים,330.00,"100 מ""ל",false,1,9.90,3.0000,true,1,12253
7290001594568,false,בירה קרלסברג פחית 50,יונייטד רומניאן ברוו,RO,קלסברג בירה 500 מל,מיליליטרים,500.00,"100 מ""ל",false,1,14.90,2.9800,true,1,794
7290001594575,false,בירה טובורג פחית 500,מבשלות בירה בינלאומי,IL,"טובורג רד פחית 500 מ""ל",מיליליטרים,500.00,"100 מ""ל",false,1,11.90,2.3800,true,1,795
7290001594858,false,בירה טובורג רד שישיי,קרלסברג ישראל,,"בירה טובורג רד שישייה בקבוק 330 מ""ל",ליטרים,1.98,ליטר,false,1,49.90,25.2020,true,1,801
7290001594865,false,בירה קרלסברג מארז שי,קרלסברג ישראל,,"בירה קרלסברג מארז שישייה בקבוק 330 מ""ל",ליטרים,1.98,ליטר,false,1,49.90,25.2020,true,1,802
7290001670057,false,כפיות חד פעמי 100 יח,הנמל אריזות ושיווק ב,IL,הנמל כפיות לבן  100 יחידות,Unknown,0.00,Unknown,false,1,14.90,0.0000,true,1,17838
7290001670873,false,צלחות עבות במיוחד 66,הנמל אריזות ושיווק ב,IL,"הנמל צלחות עבות במיוחד 66 יח', 1 קג",קילוגרמים,1.00,"ק""ג",false,1,54.90,54.9000,true,1,12950
7290001710111,false,נקניקיות מרגז,לאטי עזרא גלם ודגים,,נקניקיות מרגז 500 גר,גרמים,500.00,100 גרם,false,1,29.90,5.9800,true,1,76230
7290001710128,false,"נקניקיות צ""וריסוס",מעדני הטלה,,"נקניקיות צ""וריסוס 500 גר",גרמים,500.00,100 גרם,false,1,29.90,5.9800,true,1,76185
7290001710548,false,כנפיים עוף קפוא לקג,לאטי עזרא,,כנפיים עוף קפוא לקג,קילוגרמים,1.00,"ק""ג",true,,13.90,13.9000,true,1,80696
7290001710814,false,טחון בקר 500 גר,מעדני הטלה,,"טחון בקר 500 גר                        """,גרמים,500.00,100 גרם,false,1,29.90,5.9800,true,1,76507
7290001710869,false,"שניצל עוף קפוא לק""ג",לאטי עזרא,,"שניצל עוף קפוא לק""ג",קילוגרמים,1.00,"ק""ג",true,,49.00,49.0000,true,1,83068
7290001723357,false,מוצץ סילי אורטודנטי,הדקלאים אגודת שיתופי,DE,טוליפס 2 מוצצי סיליקון אורטודנטי בינוני עם ידיות,Unknown,0.00,Unknown,false,1,26.90,0.0000,true,1,118172
7290001780800,false,שלגון קראנץ ליבת נוג,נגה גלידות,,שלגון קראנץ ליבת נוגט,Unknown,0.00,Unknown,false,1,12.50,0.0000,true,1,22340
7290001791349,false,אקונומיקה ריחנית פיס,"סנו מפעלי ברונוס בע""",IL,אקונומיקה ריחנית פיסגה 4 ליטר,ליטרים,4.00,ליטר,false,1,12.90,3.2250,true,1,42106
7290001817728,false,חטיף ציטוס כאפה,"שטראוס פריטו ליי בע""",IL,"חטיף צ""יטוס כאפה 55 גר",גרמים,55.00,100 גרם,false,1,6.00,10.9091,true,1,957
7290001902134,false,לחם איטלקי,"גידרון תעשיות בע""מ",,לחם איטלקי,גרמים,350.00,100 גרם,false,1,5.90,1.6857,true,1,15098
7290001902301,false,חלה מתוקה קלועה,"גידרון תעשיות בע""מ",,חלה מתוקה קלועה,גרמים,560.00,100 גרם,false,1,9.90,1.7679,true,1,15103
7290001990094,false,סוכר חום בצנצנת סוגת,"סוגת תעשיות בע""מ",IL,סוכר חום קלאסי בצנצנת,קילוגרמים,1.00,"ק""ג",false,1,17.50,17.5000,true,1,16316
7290001990117,false,שומשום סוגת 100 גרם,"סוגת תעשיות בע""מ",IL,שומשום 100 גר',גרמים,100.00,100 גרם,false,1,4.50,4.5000,true,1,41844
7290001990148,false,סוכר גולדן קלאסי סוג,"סוגת תעשיות בע""מ",IL,סוכר גולדן קלאסי צנצנת 1 קג,קילוגרמים,1.00,"ק""ג",false,1,13.50,13.5000,true,1,16443
7290002007821,false,"צבע מאכל אדום 55 מ""ל",ממתקי עלה ייצור שיוו,IL,"צבע מאכל אדום 55 מ""ל",מיליליטרים,55.00,"100 מ""ל",false,1,3.90,7.0909,true,1,16241
7290002007852,false,תמצית אפיה וניל 55 מ,ממתקי עלה יצור ושיוו,IL,הנמל תמצית בטעם וניל 55 מל,מיליליטרים,55.00,"100 מ""ל",false,1,4.00,7.2727,true,1,1190
7290002007890,false,כוסות חד פעמי 100 יח,,IL,כוס שתיה קרה 100 יח,יחידה,100.00,יחידה,false,1,12.90,0.1290,true,1,1192
7290002007982,false,מזלגות חד פעמי 100 י,הנמל אריזות ושיווק ב,IL,"הנמל מזלגות, 100 יחידות",Unknown,0.00,Unknown,false,1,16.90,0.0000,true,1,12959
7290002008019,false,סוכריות לעוגה גמבו ש,ממתקי עלה יצור ושיוו,IL,הנמל סוכריות לקישוט שוקולד 200 גרם,גרמים,200.00,100 גרם,false,1,10.00,5.0000,true,1,28248
7290002008057,false,"תמצית אפיה רום 55 מ""",ממתקי עלה יצור שיווק,IL,הנמל תמצית אפייה בטעם רום 55 מל,מיליליטרים,55.00,"100 מ""ל",false,1,4.00,7.2727,true,1,1195
7290002008071,false,גביעי נייר מס 1.5 הנ,הנמל אריזות ושיווק ב,IL,הנמל עטרות נייר אפייה מספר 2 130 יחידות,לא מנהל יחידת מידה,0.00,לא מנהל יחידת מידה,false,1,5.20,0.0000,true,1,1196
7290002008224,false,סוכריות לקישוט צבעונ,ממתקי עלה בעמ,IL,הנמל סוכריות לקישוט צבעוני 100 גרם,גרמים,100.00,100 גרם,false,1,6.90,6.9000,true,1,1201
7290002008309,false,גביעי נייר מס 4 הנמל,הנמל אריזות ושיווק ב,IL,"הנמל עטרות נייר אפייה מספר 4 , 130 יח'",לא מנהל יחידת מידה,0.00,לא מנהל יחידת מידה,false,1,5.20,0.0000,true,1,1203
7290002008507,false,נייר אפיה הנמל 50 יח,הנמל אריזות ושיווק ב,IL,הנמל נייר אפייה 50 יח',לא מנהל יחידת מידה,0.00,לא מנהל יחידת מידה,false,1,15.00,0.0000,true,1,16445
7290002008743,false,סוכר וניל הנמל 1/10,"מיוצר וארוז ע""י: ר.ס",IL,הנמל סוכר וניל 10 יחידות,גרמים,100.00,100 גרם,false,1,3.50,3.5000,true,1,1210
7290002008750,false,אבקת אפיה הנמל  1/10,"מיוצר ע""י:ר.ס. חברה",IL,הנמל אבקת אפיה 10 יחידות,גרמים,100.00,100 גרם,false,1,3.50,3.5000,true,1,1211
7290002008774,false,שומשום הנמל 200 גרם,הנמל אריזות ושיווק ב,IL,הנמל שומשום 200 גרם,גרמים,200.00,100 גרם,false,1,8.50,4.2500,true,1,72167
7290002008989,false,קש שתיה קישקשים 225,הנמל אריזות ושיווק ב,CN,הנמל קישקשים 225 יחידות,לא מנהל יחידת מידה,0.00,לא מנהל יחידת מידה,false,1,11.90,0.0000,true,1,15297
7290002020493,false,שבלול פילו תרד,"גידרון תעשיות בע""מ",,שבלול פילו תרד,קילוגרמים,1.00,"ק""ג",true,,49.90,49.9000,true,1,59905
7290002022152,false,מרשמלו כרמית 100 גרם,מנדלז סי.אר. פרודקשן,IL,מרשמלו ורוד לבן וסטהיים 100ג36X שקיות בקרטון,גרמים,100.00,100 גרם,false,1,5.90,5.9000,true,1,120972
7290002026303,false,גלידה שורטי דולצה דה,מוצרי איכות אמריקאיי,IL,"דולצ'ה דה לצ'ה 150 מ""ל - שורטי",מיליליטרים,150.00,"100 מ""ל",false,1,13.90,9.2667,true,1,1254
7290002026372,false,טילון בצק עוגיות בן,המאפיה של הרמן,IL,טילון בצק עוגיות בן & גריס 100 גרם,גרמים,100.00,100 גרם,false,1,13.90,13.9000,true,1,116241
7290002037309,false,לחמניות המבורגר 1/6,יוליניבר,IL,8 לחמניות המבורגר,גרמים,300.00,100 גרם,false,1,14.90,4.9667,true,1,1274
7290002037637,false,לחמניות הבית    1/4,סטאר סנקס,IL,לחמניות הבית של ודש 4 בשקית,גרמים,350.00,100 גרם,false,1,14.90,4.2571,true,1,1283
7290002043065,false,פריכוני אורז חום מלא,נוהלס,BG,פריכוני אורז חום מלא בציפוי שוקו מריר70ג,גרמים,70.00,100 גרם,false,1,8.90,12.7143,true,1,127663
7290002043072,false,פריכוני אורז חום מלא,נוהלס,BG,פריכוני אורז חום מלא בציפוי שוקו חלב70ג,גרמים,70.00,100 גרם,false,1,8.90,12.7143,true,1,127664
7290002043096,false,פריכוני אורז חום מלא,נוהלס,BG,פריכוני אורז חום מלא בציפוי שוקו לבן70ג,גרמים,70.00,100 גרם,false,1,8.90,12.7143,true,1,127665
7290002043188,false,ציפס אורז חום מלא צי,נוהלס,BG,ציפס אורז חום מלא צילי חריף60גרם,גרמים,60.00,100 גרם,false,1,7.90,13.1667,true,1,127662
7290002043782,false,ציפס אורז חום מלא טק,נוהלס,BG,ציפס אורז חום מלא טקסס ברביקיו 60גרם,גרמים,60.00,100 גרם,false,1,7.90,13.1667,true,1,127660
7290002043812,false,פריכוני אורז חום מלא,נוהלס,BG,פריכוני אורז חום מלא ציה וקינואה 24גרם,גרמים,24.00,100 גרם,false,1,4.90,20.4167,true,1,127666
7290002057031,false,זיתים מבוקעים פיקנטי,קדבורי,IL,קבוצת יבנה זיתים מבוקעים 540 גרם,גרמים,540.00,100 גרם,false,1,9.90,1.8333,true,1,1331
7290002057048,false,זית סורי מבוקע - A2י,קדבורי,IL,זית סורי מבוקע - A2יבנה ח,גרמים,540.00,100 גרם,false,1,12.50,2.3148,true,1,1332
7290002057123,false,זיתים ירוקים מנזנילו,קדבורי,IL,זיתים ירוקים מנזנילו ללא גלעין 540 יבנה,גרמים,540.00,100 גרם,false,1,10.90,2.0185,true,1,1336
7290002057185,false,טבעות זיתים ירוקים 5,קדבורי,IL,טבעות זיתים ירוקים 540 גרם יבנה,גרמים,540.00,100 גרם,false,1,10.90,2.0185,true,1,1339
7290002057352,false,מלפפונים במלח גדול 7,אף.סי תבליני בגליל ב,IL,קבוצת יבנה מלפפונים גדולים במלח 560 גרם,גרמים,540.00,100 גרם,false,1,7.50,1.3889,true,1,1343
7290002057369,false,מלפפונים במלח יבנה10,קדבורי,IL,מלפפונים במלח יבנה10-12 540 גרם,גרמים,540.00,100 גרם,false,1,8.90,1.6481,true,1,1344
7290002057451,false,מלפפונים בחומץ גדול,אף.סי תבליני בגליל ב,IL,קבוצת יבנה מלפפונים גדולים בחומץ 7-9 גדול 560 גרם,גרמים,540.00,100 גרם,false,1,7.50,1.3889,true,1,1348
7290002057468,false,מלפפונים בחומץ יבנה1,קדבורי,IL,מלפפונים בחומץ יבנה10-12 540 גרם,גרמים,540.00,100 גרם,false,1,8.90,1.6481,true,1,15288
7290002057604,false,פלפל חריף שיפקה 540,קדבורי,IL,קבוצת יבנה פלפל חריף שיפקה 560 גרם,גרמים,540.00,100 גרם,false,1,6.90,1.2778,true,1,1349
7290002057734,false,זיתים מושחרים ללא גל,קדבורי,IL,זיתים מושחרים ללא גלעין 540ג יבנה ח,גרמים,540.00,100 גרם,false,1,10.90,2.0185,true,1,1352
7290002128205,false,נרות חנוכה לוקס,,,נרות חנוכה לוקס,יחידה,1.00,יחידה,false,1,12.90,12.9000,true,1,21029
7290002128335,false,כוסות שתייה חמה50 יח,טיי פרידה,CN,כוסות שתייה חמה50 יח OZ8,יחידה,1.00,יחידה,false,1,14.90,14.9000,true,1,125871
7290002128403,false,נרות שבת אורה מספר 4,מנורה,IL,נרות שבת אורה מספר 4,יחידה,1.00,יחידה,false,1,4.00,4.0000,true,1,109664
7290002128434,false,נרות שבת אורה מספר 1,מנורה,IL,נרות שבת אורה מספר 10,יחידה,1.00,יחידה,false,1,4.00,4.0000,true,1,65826
7290002130567,false,דבש דבורים טהור יד מ,מכוורת יד מרדכי שטרא,IL,דבש טהור 350 גרם,גרמים,350.00,100 גרם,false,1,22.50,6.4286,true,1,1514
7290002130574,false,דבש דבורים טהור 500,מכוורת יד מרדכי שטרא,IL,דבש טהור 500 גרם,גרמים,500.00,100 גרם,false,1,26.60,5.3200,true,1,1515
7290002132011,false,עוגיות מזרחיות עבאדי,מאפיית יוסף ושמחה עב,IL,"עבאדי עוגיות מזרחיות שומשום, 400 גרם",גרמים,400.00,100 גרם,false,1,21.90,5.4750,true,1,1518
7290002281382,false,נתח פילה סלמון קפוא,דלידג,,נתח פילה סלמון קפוא 100% דג,קילוגרמים,1.00,"ק""ג",true,,92.00,92.0000,true,1,119128
7290002327073,false,בורקס גבינה        .,אופרה,IL,בורקס גבינה 800 גר                     .,גרמים,800.00,100 גרם,false,1,23.90,2.9875,true,1,1837
7290002327912,false,בורקס מיני קוקטייל ג,אופרה,IL,בורקס מיני קוקטייל גבינה 700 גרם,גרמים,700.00,100 גרם,false,1,25.90,3.7000,true,1,1838
7290002331018,false,מים נביעות פקק רגיל,נביעות טבע הגליל בעמ,IL,נביעות 500 פ.שטוח פיקדון,מיליליטרים,500.00,"100 מ""ל",false,1,6.90,1.3800,true,1,14375
7290002331025,false,מים נביעות ספורט בקב,נביעות טבע הגליל בעמ,IL,נביעות 500 TO GO פקדון,מיליליטרים,500.00,"100 מ""ל",false,1,6.90,1.3800,true,1,1841
7290002331094,false,מים נביעות TO-GO בקב,נביעות טבע הגליל בעמ,IL,"נביעות 755 מ""ל",מיליליטרים,755.00,"100 מ""ל",false,1,7.50,0.9934,true,1,1842
7290002331124,false,מי נביעות +בטעם תפוח,נביעות טבע הגליל בעמ,IL,נביעות+ בטעם תפוח 500 מל,מיליליטרים,500.00,"100 מ""ל",false,1,10.50,2.1000,true,1,33899
7290002331155,false,מי נביעות + בטעם אפר,נביעות טבע הגליל בעמ,IL,"נביעות + בטעם אפרסק 500 מ""ל",מיליליטרים,500.00,"100 מ""ל",false,1,10.50,2.1000,true,1,33900
7290002331490,false,מים נביעות בקבוק 1 ל,נביעות טבע הגליל בעמ,IL,נביעות 1 ליטר,ליטרים,1.00,ליטר,false,1,8.00,8.0000,true,1,95547
7290002331711,false,מי נביעות +בטעם ענבי,נביעות טבע הגליל בעמ,IL,"נביעות + בטעם ענבים 500 מ""ל",מיליליטרים,500.00,"100 מ""ל",false,1,10.50,2.1000,true,1,43071
7290002345282,false,נתחי פילה סלמון נורו,דלידג,,נתחי פילה סלמון נורווגי קפוא 100% דג,קילוגרמים,1.00,"ק""ג",true,,92.00,92.0000,true,1,114575
7290002348061,false,פטריות חתוכות הודו ו,גריניארד פריפרד,NL,פטריות חתוכות ויליגר400גר,גרמים,400.00,100 גרם,false,1,6.90,1.7250,true,1,1879
7290002348139,false,ארטישוק תחתיות,אגרו קורפ,EG,ויליגר תחתיות ארטישוק במי מלח 390 גרם,גרמים,400.00,100 גרם,false,1,10.90,2.7250,true,1,1880
7290002348245,false,לבבות דקל שלמים 400,אגרו אינדוסטריאל סן,PE,ויליגר לבבות דקל שלמים 400 גרם,גרמים,400.00,100 גרם,false,1,12.90,3.2250,true,1,18675
7290002371533,false,סלסולי פסטרמה דבש 12,טיב טירת צבי 2000,IL,סלסולי פסטרמה דבש 120 גרם,גרמים,120.00,100 גרם,false,1,17.90,14.9167,true,1,93195
7290002371540,false,קורנדביף 120 גרם,טיב טירת צבי 2000,IL,טירת צבי דקניקים קורנדביף 120 גרם,גרמים,120.00,100 גרם,false,1,17.90,14.9167,true,1,93118
7290002371939,false,סרוולד צרפתי 120 גרם,הנסיך- מפעל לייצור ט,IL,סרוולד צרפתי 120 גרם,גרמים,120.00,100 גרם,false,1,29.90,24.9167,true,1,47964
7290002410638,false,"סטייק עין 800 גר ""במ",מעדני הטלה,,"סטייק עין 800 גר ""במגש",גרמים,800.00,100 גרם,false,1,69.90,8.7375,true,1,70911
7290002461180,false,כרעיים עוף ארוז,מעדני הטלה והעגל,,כרעיים עוף ארוז קג,קילוגרמים,1.00,"ק""ג",true,,34.90,34.9000,true,1,80698
7290002507604,false,פיצת השף שגב 320גרם,סוילה אס.אר.אל,IT,פיצת השף שגב 320גרם,יחידה,1.00,יחידה,false,1,14.90,14.9000,true,1,117138
7290002515364,false,קמיל בלו אל סבון,פישר מעבדות פרמצבטיו,IL,דר פישר קמיל בלו קלאסיק 500 מל,מיליליטרים,500.00,"100 מ""ל",false,1,17.90,3.5800,true,1,2098
7290002517269,false,פלפל שחור שלם 35 גרם,תות ממתקי איכות,IL,תבליני טעם וריח פלפל שחור שלם 35 גרם,גרמים,35.00,100 גרם,false,1,9.90,28.2857,true,1,42112
7290002517276,false,פלפל אנגלי שלם 25 גר,תות ממתקי איכות,IL,תבליני טעם וריח מיכל קטן פלפל אנגלי שלם 25 גרם,גרמים,25.00,100 גרם,false,1,9.90,39.6000,true,1,41758
7290002517634,false,כוסברה 30 גר,תות ממתקי איכות,IL,תבליני טעם וריח כוסברה 30 גרם,גרמים,30.00,100 גרם,false,1,7.50,25.0000,true,1,40776
7290002517658,false,כורכום 40 גרם,יוליניבר,IL,תבליני טעם וריח כורכום 100% 40 גרם,גרמים,40.00,100 גרם,false,1,7.50,18.7500,true,1,40778
7290002517689,false,אבקת קרי 40 גרם,תות ממתקי איכות,IL,תבליני טעם וריח אבקת קרי 40 גרם,גרמים,40.00,100 גרם,false,1,7.50,18.7500,true,1,40781
7290002517726,false,מקלות קינמון 15 גרם,תבליני טעם וריח,IL,תבליני טעם וריח מקלות קינמון 100%,גרמים,15.00,100 גרם,false,1,7.50,50.0000,true,1,40785
7290002517825,false,פלפל לבן טחון 40 גרם,תבליני טעם וריח,IL,"תבליני טעם וריח, 100% פלפל לבן טחון, 40 גרם",גרמים,40.00,100 גרם,false,1,9.90,24.7500,true,1,40795
7290002542506,false,בירה קורונה בקבוק 35,קריניציה ויטמינה אס,MX,בירה קורונה אקסטרה 355 מל,מיליליטרים,355.00,"100 מ""ל",false,1,11.90,3.3521,true,1,67021
7290002542773,false,סטלה ארטואה - בק 330,סטלה,BE,סטלה ארטואה בק 330 מל,מיליליטרים,330.00,"100 מ""ל",false,1,14.90,4.5152,true,1,127768
7290002542780,false,סטלה ארטואה - שישיה,סטלה,BE,סטלה ארטואה שישיה  6 בק*330 מל,ליטרים,1.32,ליטר,false,1,59.90,45.3788,true,1,127769
7290002551003,false,טונה בשמן סטארקיסט,סטארקיסט,,טונה בשמן סטארקיסט  160 גרם,גרמים,160.00,100 גרם,false,1,8.90,5.5625,true,1,2136
7290002577508,false,פילה דג הרינג מלוח ב,מיוצר על ידי קוד יצר,IL,דלידג פילה דג הרינג מלוח בשמן ובצל 350 גרם,גרמים,240.00,100 גרם,false,1,27.90,11.6250,true,1,110561
7290002603474,false,פיצת השף פטריות בטעם,סוילה אס.אר.אל,IT,שגב פיצת השף רוטב פטריות בטעם כמהין 220 גרם,גרמים,220.00,100 גרם,false,1,14.90,6.7727,true,1,115786
7290002657866,false,פילה אמנון דלידג,גואנדונג יוג'יה סיפו,,פילה אמנון דלידג,קילוגרמים,1.00,"ק""ג",true,,38.00,38.0000,true,1,92116
7290002730262,false,סבון כלים פלמוליב קל,קולגייט פלמוליב,GR,פלמוליב נוזל לניקוי כלים קלאסי 750 מל,מיליליטרים,750.00,"100 מ""ל",false,1,13.90,1.8533,true,1,2281
7290002730675,false,משחת שיניים קולגייט,קולגייט פלמוליב,PL,"משחת שיניים קולגייט אדומה 100 מ""ל",מיליליטרים,100.00,"100 מ""ל",false,1,11.90,11.9000,true,1,2286
7290002752332,false,סוכריות מנטוס פירות,פרפטי ואן מילה,NL,מנטוס סוכריות לעיסה בטעם פירות 37.5 גרם,גרמים,38.00,100 גרם,false,1,5.00,13.1579,true,1,2296
7290002752349,false,סוכריות מנטוס מנטה ג,פרפטי ואן מלה,NL,גליל מנטוס סוכריות לעיסה בטעם מנטה,גרמים,38.00,100 גרם,false,1,5.00,13.1579,true,1,12176
7290002771111,false,קפה נחלה הל 250 גרם,מולינו ניקולי s.p.a,IL,אל נחל'ה קפה קלוי וטחון עם הל 250 גרם,גרמים,250.00,100 גרם,false,1,19.90,7.9600,true,1,2306
7290002771128,false,קפה תורכי נחלה 250 ג,מולינו ניקולי s.p.a,IL,קפה תורכי נחלה 250 גרם,גרמים,250.00,100 גרם,false,1,18.90,7.5600,true,1,15310
7290002824183,false,גבינה סקי 5%  פיקוח,"שטראוס בריאות בע""מ",IL,סקי משפחתי 5%,גרמים,500.00,100 גרם,false,1,9.96,1.9920,true,1,2364
7290002824466,false,יוגורט דנונה 0% טבעי,"שטראוס בריאות בע""מ",IL,דנונה ביו  0% 200 גרם,גרמים,200.00,100 גרם,false,1,3.90,1.9500,true,1,2365
7290002824640,false,גבינה סקי 5% פיקוח 2,"שטראוס בריאות בע""מ",IL,סקי 5% 250 גרם,גרמים,250.00,100 גרם,false,1,4.98,1.9920,true,1,2367
7290002830948,false,גבינה מון בלאן עיזים,"שלושת האופים בע""מ",IL,מון בלאן גבינת עיזים מותכת 120 גרם,גרמים,120.00,100 גרם,false,1,12.80,10.6667,true,1,68793
7290002871248,false,בירה טובורג בקבוק חו,מבשלות בירה בינלאומי,IL,"טובורג מלא חוזר חדש 500 מ""ל",מיליליטרים,500.00,"100 מ""ל",false,1,9.50,1.9000,true,1,2431
7290002871361,false,בירה קרלסברג בקבוק ח,מבשלות בירה בינלאומי,IL,קלסברג בירה 500 מל,מיליליטרים,500.00,"100 מ""ל",false,1,10.50,2.1000,true,1,2432
7290002879640,false,וופל בלגי 100 גרם פל,ביסקוטר,BE,וופל בלגי 100 גרם פלוטקין,גרמים,100.00,100 גרם,false,1,8.90,8.9000,true,1,132065
7290002879886,false,מלפפונים רצועות בחומ,פולן,,מלפפונים רצועות בחומץ  680 גרם,גרמים,680.00,100 גרם,false,1,20.90,3.0735,true,1,55820
7290002929635,false,טונה  וילגר בשמן 140,"ויליגר תעשיות בע""מ",IL,ויליגר נתחי טונה בהירה בשמן 140 גרם,גרמים,140.00,100 גרם,false,1,5.90,4.2143,true,1,104588
7290002929642,false,טונה ויליגר בשמן140,דיאמנט פוד פרודקט קו,TH,ויליגר נתחי טונה בהירה בשמן 560 גרם,גרמים,560.00,100 גרם,false,1,21.90,3.9107,true,1,97199
7290002929734,false,גפילטע פיש דלידג 570,דלידג,,"גפליטע פיש דלידג בד""ץ  560 גרם",גרמים,570.00,100 גרם,false,1,16.90,2.9649,true,1,109073
7290002994329,false,לחם אחיד פרוס,מאפיית אגמי,IL,לחם אחיד פרוס,גרמים,0.00,100 גרם,false,1,7.11,0.0000,true,1,50876
7290002994602,false,לחם 9 דגנים קל,מאפיית אגמי,IL,לחם 9 דגנים קל,גרמים,500.00,100 גרם,false,1,17.90,3.5800,true,1,50836
7290002994800,false,חלה מתוקה אגמי קונדי,מאפיית אגמי,IL,חלה מתוקה אגמי קונדיטריה,גרמים,500.00,100 גרם,false,1,13.90,2.7800,true,1,86237
7290003009312,false,בוטנים קלויים קליית,ששון ושות' (ש.ת. תעש,IL,בוטן קלוי 200 גר' שק',גרמים,200.00,100 גרם,false,1,9.90,4.9500,true,1,12265
7290003009329,false,בוטנים אמריקאיים קלי,ששון ושות' (ש.ת. תעש,IL,בוטן אמריק'200 גר'שק (ב(24,גרמים,200.00,100 גרם,false,1,8.90,4.4500,true,1,12178
7290003009336,false,קבוקים מצופים קליית,קוד יצרן JG,IL,קבוקים 200 גר'שק'ב24,גרמים,200.00,100 גרם,false,1,8.90,4.4500,true,1,13873
7290003009640,false,מיץ תפוזים סחוט פריג,גת,IL,סחוט תפוזים קלאסי 1 ליטר,ליטרים,1.00,ליטר,false,1,19.50,19.5000,true,1,2632
7290003015627,false,ריצפז סנופרש אפרסק 2,"סנו מפעלי ברונוס בע""",IL,ריצפז פרש אפרסק 2 ליטר,ליטרים,2.00,ליטר,false,1,22.90,11.4500,true,1,34788
7290003015641,false,ריצפז סנופרש יסמין 2,סנו,IL,ריצפז סנופרש יסמין 2 ליטר,ליטרים,2.00,ליטר,false,1,22.90,11.4500,true,1,34790
7290003026234,false,קמיל בלו תחליב לתינו,פישר מעבדות פרמצבטיו,IL,קמיל בלו סנסיטיב תחליב לתינוק 500 גרם,מיליליטרים,500.00,"100 מ""ל",false,1,23.90,4.7800,true,1,18734
7290003029181,false,שוקו יטבתה בקבוק 1 ל,מחלבת יטבתה,IL,שוקו 1 ליטר,ליטרים,1.00,ליטר,false,1,12.90,12.9000,true,1,2721
7290003029372,false,משקה חלב בננה יטבתה,מחלבת יטבתה,IL,בננה 1 ליטר,ליטרים,1.00,ליטר,false,1,12.90,12.9000,true,1,2725
7290003029389,false,משקה חלב בננה פקק ספ,מחלבת יטבתה,IL,בננה פקק 250*12,מיליליטרים,250.00,"100 מ""ל",false,1,7.50,3.0000,true,1,2726
7290003029433,false,שוקו יטבתה פקק ספורט,מחלבת יטבתה,IL,"שוקו פקק 250 מ""ל",מיליליטרים,250.00,"100 מ""ל",false,1,7.50,3.0000,true,1,2728
7290003029532,false,מוקה יטבתה בקבוק 1 ל,מחלבת יטבתה,IL,מוקה 1 ליטר,ליטרים,1.00,ליטר,false,1,12.90,12.9000,true,1,2730
7290003029815,false,חלב מועשר 3% בכד יטב,מחלבת יטבתה,IL,חלב 3% בקבוק 2 ליטר,ליטרים,2.00,ליטר,false,1,17.00,8.5000,true,1,31923
7290003029907,false,קפה יטבתה בקבוק 1 לי,מחלבת יטבתה,IL,אייס קפה 1 ליטר,ליטרים,1.00,ליטר,false,1,12.90,12.9000,true,1,34015
7290003055128,false,טישו פיור 100 יח,חיי נייר,IL,טישו פיור 100 יח,יחידה,1.00,יחידה,false,1,3.90,3.9000,true,1,124056
7290003060009,false,"קמח חיטה לבן 1 ק""ג ס",טחנות ישראל,,"קמח חיטה לבן 1 ק""ג סוגת",קילוגרמים,1.00,"ק""ג",false,1,6.70,6.7000,true,1,2794
7290003060023,false,"סולת חיטה 1 ק""ג טחנו",טחנות ישראל,,"סולת חיטה 1 ק""ג טחנות ישראליות",קילוגרמים,1.00,"ק""ג",false,1,5.90,5.9000,true,1,2795
7290003060047,false,קמח תופח טחנות ישראל,טחנות ישראליות,,"קמח תופח בשקית 1  ק""ג",קילוגרמים,1.00,"ק""ג",false,1,4.90,4.9000,true,1,24129
7290003060276,true,קמח בהיר מנופה,,,קמח בהיר מנופה,קילוגרמים,1.00,"ק""ג",false,1,8.50,8.5000,true,1,127947
7290003072859,false,רוסטביף 120 גרם,הנסיך- מפעל לייצור ט,IL,טירת צבי דלקטיב רוסטביף 120 גרם,מיליליטרים,120.00,"100 מ""ל",false,1,29.90,24.9167,true,1,124209
7290003102136,false,צמר גפן COTTON SOFT,הדקלאים אגודת שיתופי,TR,צמר גפן מכותנה טבעית 100 גרם,גרמים,100.00,100 גרם,false,1,5.90,5.9000,true,1,78463
7290003131266,false,גרעין שחור קלוי,אוליבלס SA,,גרעין שחור קלוי במשקל,קילוגרמים,1.00,"ק""ג",true,,48.00,48.0000,true,1,114662
7290003131341,false,אלמונדוס,אוליבלס SA,,אלמונדוס במשקל,קילוגרמים,1.00,"ק""ג",true,,59.00,59.0000,true,1,114673
7290003143139,false,סילאן קליית גת  900,"טעמי הגליל בע""מ",IL,סילאן קליית גת 900 גר,גרמים,900.00,100 גרם,false,1,20.90,2.3222,true,1,105254
7290003144310,false,תערובת אגוזים וחמוצי,J&G PECANS,IL,תע'אגוזים וחמוציות 150 גר,גרמים,150.00,100 גרם,false,1,22.90,15.2667,true,1,114641
7290003145751,false,אגוזי קשיו קלויים קל,ששון ושות' (ש.ת. תעש,IL,"קליית גת אגוזי קלויים, 200 גרם",גרמים,200.00,100 גרם,false,1,24.90,12.4500,true,1,50461
7290003145768,false,בוטן אמריקאי 50 גרם,ששון ושות' (ש.ת. תעש,IL,בוטן אמריקאי 50X42 גר',גרמים,50.00,100 גרם,false,1,3.00,6.0000,true,1,48924
7290003145959,false,פקאן,קוד יצרן JG,IL,פקאן טבעי 150 גרם,יחידה,150.00,יחידה,false,1,26.90,0.1793,true,1,57864
7290003158164,false,בורקס ריקוטה,"גידרון תעשיות בע""מ",,בורקס ריקוטה,קילוגרמים,1.00,"ק""ג",true,,49.90,49.9000,true,1,130746
7290003185726,false,קבב מזרחי 500 גרם  ט,טיבון ויל אחזקות בעמ,IL,קבב מזרחי 500 גרם,גרמים,500.00,100 גרם,false,1,23.90,4.7800,true,1,2917
7290003192014,false,פקאן טיבעי במשקל,אוליבלס SA,,פקאן טיבעי במשקל,קילוגרמים,1.00,"ק""ג",true,,150.00,150.0000,true,1,114730
7290003192021,false,אפונה קלוי במשקל,אוליבלס SA,,אפונה קלוי במשקל,קילוגרמים,1.00,"ק""ג",true,,50.00,50.0000,true,1,114785
7290003192022,false,בוטנים אמריקאים במשק,אוליבלס SA,,בוטנים אמריקאים במשקל,קילוגרמים,1.00,"ק""ג",true,,39.00,39.0000,true,1,114784
7290003208890,false,וודקה פינלנדיה,יושלם,,"וודקה פינלנדיה 200 מ""ל",מיליליטרים,200.00,"100 מ""ל",false,1,39.90,19.9500,true,1,82161
7290003210114,false,טרופית בוסתן 200 מל,בוסתן,IL,טרופית בוסתן 200 מל,מיליליטרים,200.00,"100 מ""ל",false,1,3.90,1.9500,true,1,122510
7290003211128,false,בוטנים מסוכרים,אוליבלס SA,,בוטנים מסוכרים במשקל,קילוגרמים,1.00,"ק""ג",true,,80.00,80.0000,true,1,114671
7290003211203,false,תאינים מיובש,אוליבלס SA,,תאינים מיובש במשקל,קילוגרמים,1.00,"ק""ג",true,,60.00,60.0000,true,1,114658
7290003211227,false,משמש מיובש,אוליבלס SA,,משמש מיובש במשקל,קילוגרמים,1.00,"ק""ג",true,,59.00,59.0000,true,1,114649
7290003211302,false,גרעין לבן קלוי,אוליבלס SA,,גרעין לבן קלוי במשקל,קילוגרמים,1.00,"ק""ג",true,,49.00,49.0000,true,1,114663
7290003211319,false,קבוקים,אוליבלס SA,,קבוקים במשקל,קילוגרמים,1.00,"ק""ג",true,,48.00,48.0000,true,1,114672
7290003211357,false,צימוק לבן/חום,אוליבלס SA,,צימוק לבן/חום במשקל,קילוגרמים,1.00,"ק""ג",true,,49.00,49.0000,true,1,114654
7290003211388,false,סוכריות במשקל,אוליבלס SA,,סוכריות במשקל,קילוגרמים,1.00,"ק""ג",true,,49.00,49.0000,true,1,114742
7290003211975,false,קשיו קלוי,אוליבלס SA,,קשיו קלוי במשקל,קילוגרמים,1.00,"ק""ג",true,,130.00,130.0000,true,1,114790
7290003211982,false,מנציס,אוליבלס SA,,מנציס במשקל,קילוגרמים,1.00,"ק""ג",true,,80.00,80.0000,true,1,114665
7290003211999,false,פקאן סיני,אוליבלס SA,,פקאן סיני במשקל,קילוגרמים,1.00,"ק""ג",true,,145.00,145.0000,true,1,114674
7290003213016,false,חטיף אורז חריף,אוליבלס SA,,חטיף אורז חריף במשקל,קילוגרמים,1.00,"ק""ג",true,,69.00,69.0000,true,1,114666
7290003213030,false,גרעין אבטיח קלוי,אוליבלס SA,,גרעין אבטיח קלוי במשקל,קילוגרמים,1.00,"ק""ג",true,,80.00,80.0000,true,1,114664
7290003213108,false,פול קליפה קלוי מטוגן,אוליבלס SA,,פול קליפה קלוי מטוגן,קילוגרמים,1.00,"ק""ג",true,,60.00,60.0000,true,1,114667
7290003213375,false,שקד טבעי במשקל,אוליבלס SA,,שקד טבעי במשקל,קילוגרמים,1.00,"ק""ג",true,,89.00,89.0000,true,1,114728
7290003213382,false,אגוז מלך במשקל,אוליבלס SA,,אגוז מלך במשקל,קילוגרמים,1.00,"ק""ג",true,,55.00,55.0000,true,1,114729
7290003213399,false,אגוז ברזיל,אוליבלס SA,,אגוז ברזיל,קילוגרמים,1.00,"ק""ג",true,,99.00,99.0000,true,1,114733
7290003213450,false,תמר מגהול במשקל,אוליבלס SA,IL,תמר מגהול במשקל,קילוגרמים,1.00,"ק""ג",true,,65.00,65.0000,true,1,114643
7290003213641,false,תערבות לסלט,אוליבלס SA,,תערבות לסלט במשקל,קילוגרמים,1.00,"ק""ג",true,,100.00,100.0000,true,1,114712
7290003213696,false,בוטנים קלוים,אוליבלס SA,,בוטנים קלוים במשקל,קילוגרמים,1.00,"ק""ג",true,,39.00,39.0000,true,1,114668
7290003213702,false,קשיו טיבעי במשקל,אוליבלס SA,,קשיו טיבעי במשקל,קילוגרמים,1.00,"ק""ג",true,,89.00,89.0000,true,1,114734
7290003213740,false,שקד קלוי,אוליבלס SA,,שקד קלוי במשקל,קילוגרמים,1.00,"ק""ג",true,,130.00,130.0000,true,1,114660
7290003213825,false,פיסטוק קלוי במשקל,אוליבלס SA,,פיסטוק קלוי במשקל,קילוגרמים,1.00,"ק""ג",true,,109.00,109.0000,true,1,114789
7290003213832,false,שקדים מולבנים,אוליבלס SA,,שקדים מולבנים במשקל,קילוגרמים,1.00,"ק""ג",true,,99.00,99.0000,true,1,114732
7290003220526,false,רוטב WOK  צילי חריף,THAI PREEDA TRADING,,"רוטב WOK  צילי חריף 700 מ""ל",מיליליטרים,700.00,"100 מ""ל",false,1,15.90,2.2714,true,1,77718
7290003220595,false,אורז לסושי WOK  שקית,"מיה תעשיות מזון בע""מ",,"אורז לסושי WOK  שקית 1 ק""ג",קילוגרמים,1.00,"ק""ג",false,1,16.40,16.4000,true,1,77980
7290003220649,false,שמן שומשום WOK טהור,או שין הינג,SG,"ווק שמן שומשום 100% 150 מ""ל",מיליליטרים,150.00,"100 מ""ל",false,1,15.90,10.6000,true,1,107872
7290003220786,false,מקלות אורז מס 5 400,ASIAN SUPERIOR FOODS,,מקלות אורז מס 5 400 גרם,גרמים,400.00,100 גרם,false,1,9.90,2.4750,true,1,96292
7290003220939,false,מקלוני אורז דקים 400,אסיאן סופירה פודס חב,,מקלוני אורז דקים 400 גרם,גרמים,400.00,100 גרם,false,1,9.90,2.4750,true,1,100860
7290003229109,false,פסטרמה בפפריקה,טיב טירת צבי 2000,IL,נקניק הודו אפוי לח בתיבול פפריקה,גרמים,400.00,100 גרם,false,1,32.90,8.2250,true,1,3006
7290003229123,false,פסטרמה על גחלים 400,טיב טירת צבי 2000,IL,א.מ פסטרמה גחלים 400 גרם,גרמים,400.00,100 גרם,false,1,32.90,8.2250,true,1,3008
7290003229154,false,נקניק סלמי קוניאק מו,טיב טירת צבי 2000,IL,סלמי קוניאק 300 גרם,גרמים,300.00,100 גרם,false,1,33.90,11.3000,true,1,3010
7290003229192,false,כתף בקר מעושן טירת צ,טיב טירת צבי 2000,IL,"טירת צבי, פסטרמה כתף בקר מעושנת  400 גרם",גרמים,400.00,100 גרם,false,1,35.90,8.9750,true,1,3011
7290003268177,false,לחמנית לוסי כפרית 75,,,לחמנית לוסי כפרית 75 גרם,גרמים,75.00,100 גרם,false,1,3.20,4.2667,true,1,85177
7290003268740,false,לחם אחיד 750 גרם,דגנית עין בר,,לחם אחיד 750 גרם,גרמים,750.00,100 גרם,false,1,5.12,0.6827,true,1,24605
7290003268764,false,חלה רגילה 500 גרם,מולינו ניקולי s.p.a,IL,חלה רגילה 500 גרם,גרמים,500.00,100 גרם,false,1,5.17,1.0340,true,1,24607
7290003268795,false,לחמניה 75 גרם,דגנית עין בר,,לחמניה 75 גרם,גרמים,75.00,100 גרם,false,1,1.90,2.5333,true,1,24254
7290003321155,false,דנונה בר דגנים פקאן,"שטראוס בריאות בע""מ",IL,דנונה קראנצ פקאן,גרמים,175.00,100 גרם,false,1,6.20,3.5429,true,1,3115
7290003400500,false,שוקולד ריזס קרמל עם,הרשי,,שוקולד ריזס קרמל עם בוטנים 47 גרם,גרמים,47.00,100 גרם,false,1,7.90,16.8085,true,1,93596
7290003402809,false,שוקולד ריזס לבן 39 ג,,,שוקולד ריזס לבן 39 ג,גרמים,39.00,100 גרם,false,1,7.90,20.2564,true,1,126889
7290003411313,false,מפת שולחן רב פעמית 1,שיווק: הנמל אריזות ו,IL,הנמל מפת שולחן אל בד 180X120 סמ,Unknown,0.00,Unknown,false,1,6.90,0.0000,true,1,18770
7290003411689,false,ליפתניות חד פעמי  25,הנמל אריזות ושיווק ב,IL,הנמל ליפתניות  25 יחידות,יחידה,1.00,יחידה,false,1,5.90,5.9000,true,1,12987
7290003411696,false,מרקיות חד פעמי הנמל,,IL,הנמל מרקיות לבן 25 יחידות,יחידה,0.00,יחידה,false,1,11.90,0.0000,true,1,12988
7290003423909,false,שוקולד הרשיז קוקיז א,הרשי,,שוקולד הרשיז קוקיז אנד קרים 43 גרם,גרמים,43.00,100 גרם,false,1,7.90,18.3721,true,1,110422
7290003444009,false,שוקולד ריזס חלב 42 ג,הרשי,,שוקולד ריזס חלב 42 גרם,גרמים,42.00,100 גרם,false,1,7.90,18.8095,true,1,110423
7290003457861,false,שלגון סולרו טרופי,"מיוצר ע""י גלידת שטרא",IL,סולרו שלגון סולרו וניל ופירות טרופיים 76 גרם,גרמים,85.00,100 גרם,false,1,12.90,15.1765,true,1,3283
7290003495023,false,מאפה שקדים חלבי אישי,"גידרון תעשיות בע""מ",,מאפה שקדים חלבי אישי,יחידה,1.00,יחידה,false,1,10.90,10.9000,true,1,80973
7290003495030,false,מאפה שקדים פרווה,"גידרון תעשיות בע""מ",,מאפה שקדים פרווה,קילוגרמים,1.00,"ק""ג",true,,44.90,44.9000,true,1,80974
7290003521197,false,סרקל מתיר קשרים 340מ,פישר מעבדות פרמצבטיו,IL,סרקל מתיר קשרים 340 מל,מיליליטרים,340.00,"100 מ""ל",false,1,25.90,7.6176,true,1,3339
7290003521760,false,"אפטרסול ג""ל אלוורה 2",פישר מעבדות פרמצבטיו,IL,"אפטרסול ג""ל אלוורה 200 מ""ל",מיליליטרים,200.00,"100 מ""ל",false,1,29.90,14.9500,true,1,13681
7290003525478,false,סלט טונה ויליגר 160,"ויליגר, תעשיות בע""מ",IL,ויליגר סלט טונה 160 גרם,גרמים,160.00,100 גרם,false,1,5.90,3.6875,true,1,14119
7290003550753,false,טונה בשמן פוסידון מא,"מיוצר עי וליגר בעמ,",IL,פוסידון נתחי טונה בהירה בשמן,גרמים,432.00,100 גרם,false,1,24.90,5.7639,true,1,99433
7290003643004,false,אורז בסמטי קלאסי סוג,"סוגת תעשיות בע""מ",IL,"אורז בסמטי קלאסי 1 ק""ג",קילוגרמים,1.00,"ק""ג",false,1,16.90,16.9000,true,1,3478
7290003643127,false,אבקת אפיה סוגת 1/10,"י. כהן בע""מ",IL,אבקת אפיה סוגת 10 גרם,Unknown,0.00,Unknown,false,1,3.30,0.0000,true,1,104777
7290003643134,false,סוכר וניל סוגת 10*10,"י. כהן בע""מ",IL,סוכר וניל סוגת 10 גרם,גרמים,100.00,100 גרם,false,1,3.70,3.7000,true,1,41830
7290003643158,false,קורנפלור סוגת,"אשבל בע""מ",IL,סוגת קורנפלור 200 גרם,גרמים,200.00,100 גרם,false,1,4.50,2.2500,true,1,3479
7290003643172,false,אבקת סוכר סוגת 100 ג,א.ל ייצור ושיווק תבל,IL,אבקת סוכר 100 גרם,גרמים,100.00,100 גרם,false,1,3.30,3.3000,true,1,104779
7290003643387,false,סוכר לבן בצנצנת פלסט,"סוגת תעשיות בע""מ",IL,"סוכר 1 ק""ג בצנצנת",קילוגרמים,1.00,"ק""ג",false,1,10.90,10.9000,true,1,3482
7290003643646,false,סוכר דמררה צנצנת סוג,"סוגת תעשיות בע""מ",IL,סוכר דמררה צנצנת 1 קג,קילוגרמים,1.00,"ק""ג",false,1,13.90,13.9000,true,1,3483
7290003643684,false,אפונה סוגת 500 גרם,"סוגת תעשיות בע""מ",IL,אפונה 500 גרם,גרמים,500.00,100 גרם,false,1,7.90,1.5800,true,1,36435
7290003643714,false,חומוס סוגת 500 גרם,"סוגת תעשיות בע""מ",IL,חומוס 500 גרם,גרמים,500.00,100 גרם,false,1,9.90,1.9800,true,1,41841
7290003643745,false,כוסמת סוגת 500 גרם,"סוגת תעשיות בע""מ",IL,כוסמת 500 גרם,גרמים,500.00,100 גרם,false,1,9.90,1.9800,true,1,72918
7290003643752,false,עדשים ירוקות סוגת 50,"סוגת תעשיות בע""מ",IL,עדשים ירוקות 500 גר',גרמים,500.00,100 גרם,false,1,9.90,1.9800,true,1,42098
7290003643769,false,עדשים אדומות סוגת 50,"סוגת תעשיות בע""מ",IL,עדשים אדומות סוגת 500 גרם,גרמים,500.00,100 גרם,false,1,9.90,1.9800,true,1,21066
7290003643776,false,פופקורן סוגת 500 גרם,"סוגת תעשיות בע""מ",IL,פופקורן 500 גרם,גרמים,500.00,100 גרם,false,1,6.90,1.3800,true,1,41840
7290003643783,false,קוקוס סוגת 100 גרם,"סוגת תעשיות בע""מ",IL,קוקוס 100 גרם,גרמים,100.00,100 גרם,false,1,4.50,4.5000,true,1,30068
7290003643806,false,שעועית לבנה סוגת 500,"סוגת תעשיות בע""מ",IL,שעועית לבנה 500 גרם,גרמים,500.00,100 גרם,false,1,13.90,2.7800,true,1,38757
7290003643813,false,שעועית אדומה סוגת 50,"סוגת תעשיות בע""מ",IL,שעועית אדומה 500 גרם,גרמים,500.00,100 גרם,false,1,12.90,2.5800,true,1,41843
7290003726615,false,טופו ויילר 300 גרם,"משק ווילר בע""מ",IL,טופו ויילר 300 גרם,גרמים,300.00,100 גרם,false,1,13.90,4.6333,true,1,122212
7290003779499,false,גינגר טרי יח,מרינה,IL,גינגר טרי יח,גרמים,200.00,100 גרם,false,1,16.90,8.4500,true,1,112377
7290003805501,false,פתית שוודי 300 גרם,יוניליוור ישראל מזון,IL,פתית שוודי קרקר דגנים פריך בסגנון שוודי,גרמים,300.00,100 גרם,false,1,18.20,6.0667,true,1,64077
7290003807482,false,רוטב טריאקי,יוניליוור ישראל מזון,IL,קנור  רוטב טריאקי 370 גרם,מיליליטרים,300.00,"100 מ""ל",false,1,13.90,4.6333,true,1,41923
7290003864485,false,סרדין ברוטב עגבניות,הנסיך- מפעל לייצור ט,TH,סרדין ברוטב עגבניות 110גרם פתח קל,גרמים,110.00,100 גרם,false,1,5.90,5.3636,true,1,3775
7290003989539,false,רביולי גבינה 400 EAT,"שטראוס גרופ בע""מ",IL,רביולי גבינה 400 גרם,גרמים,400.00,100 גרם,false,1,22.90,5.7250,true,1,3972
7290004011338,false,קצפת ריץ חלבי במיכל,איפקו איטליה,IT,קצפת מתוקה מוכנה,גרמים,250.00,100 גרם,false,1,16.90,6.7600,true,1,64629
7290004011345,false,קצפת ריץ פרווה במיכל,איפקו איטליה,IT,קצפת מתוקה מוכנה פרווה,גרמים,250.00,100 גרם,false,1,16.70,6.6800,true,1,78284
7290004014407,false,סוכריות שוקולדM&M חמ,מרס נדרלנד,,סוכריות שוקולדM&M חמאת בוטנים 46 גרם,גרמים,46.00,100 גרם,false,1,5.90,12.8261,true,1,108213
7290004033712,false,לחם עננים מקמח מלא ע,מאפית ברמן,IL,לחם עננים מקמח מלא עם פ עבות,גרמים,500.00,100 גרם,false,1,15.90,3.1800,true,1,132119
7290004033729,false,לחם עננים מקמח כוסמי,מאפית ברמן,IL,לחם עננים מקמח כוסמין עם פ עבות,גרמים,500.00,100 גרם,false,1,15.90,3.1800,true,1,132118
7290004033736,false,לחם עננים בסגנון ברי,מאפית ברמן,IL,לחם עננים בסגנון בריוש עם פ עבות,גרמים,500.00,100 גרם,false,1,15.90,3.1800,true,1,132117
7290004063016,false,מלח שולחן מעולה דק 1,"מלח הארץ בע""מ",IL,מלח שולחן,קילוגרמים,1.00,"ק""ג",false,1,2.07,2.0700,true,1,4199
7290004063115,false,"מלח בישול 1 ק""ג פיקו","מלח הארץ בע""מ",IL,מלח מטבח,קילוגרמים,1.00,"ק""ג",false,1,2.07,2.0700,true,1,4200
7290004064082,false,מטחנה מלח ים טבעי  2,חברת מלח הארץ אילת ב,IL,מטחנת מלח ים 250 גרם,גרמים,250.00,100 גרם,false,1,13.90,5.5600,true,1,109502
7290004064099,false,מטחנה מלח מהרי ההימל,חברת מלח הארץ אילת ב,IL,מטחנת מלח הימלאיה 300 גרם,גרמים,250.00,100 גרם,false,1,18.90,7.5600,true,1,109500
7290004119225,false,יוגורט יופלה אננס 3%,תנובה בעמ,IL,יופלה יוגורט אננס 3% גביע 150 גרם,גרמים,150.00,100 גרם,false,1,5.90,3.9333,true,1,4229
7290004119928,false,מעדן קרלו וניל 3%  1,מחלבת אלון תבור,IL,קרלו מעדן וניל רביעיות גביע 125  1.5%,גרמים,125.00,100 גרם,false,1,3.20,2.5600,true,1,4231
7290004119973,false,מעדן קרלו שוקו 3%  1,מחלבת אלון תבור,IL,קרלו מעדן שוקו רביעיה גביע 125 גרם 1.5%,גרמים,125.00,100 גרם,false,1,3.20,2.5600,true,1,4232
7290004120108,false,יוגורט יופלה דיאט דו,תנובה בעמ,IL,יופלה דיאט יוגורט דובדבן %0 גביע 150גרם,גרמים,150.00,100 גרם,false,1,5.90,3.9333,true,1,4234
7290004120566,false,גבינה בולגרית פיראוס,תנובה,IL,פיראוס בולגרית 24% שומן 250 גרם,גרמים,250.00,100 גרם,false,1,24.90,9.9600,true,1,4238
7290004120573,false,גבינה בולגרית פיראוס,תנובה,IL,גבינה בולגרית מלוחה 16% שומן,גרמים,250.00,100 גרם,false,1,24.90,9.9600,true,1,4239
7290004120634,false,גבינה בולגרית פיראוס,תנובה,IL,פיראוס גבינה בולגרית 5% שומן,גרמים,250.00,100 גרם,false,1,24.90,9.9600,true,1,4240
7290004121853,false,גבינה בולגרית קוביות,תנובה,IL,פירוס בולגרית קוביות 5% 200 גרם,גרמים,200.00,100 גרם,false,1,23.50,11.7500,true,1,4253
7290004122119,false,השף הלבן פתיתי גבע פ,תנובה,IL,תנובה השף הלבן פתיתי גבע פרמזן 23% שומן,גרמים,100.00,100 גרם,false,1,13.90,13.9000,true,1,16046
7290004122195,false,גבינה קשה גוש חלב פר,תנובה,IL,גוש חלב פרוסות גבינה צהובה חצי קשה 28% שומן מהדרין,גרמים,200.00,100 גרם,false,1,14.90,7.4500,true,1,15601
7290004122270,false,גבינה עמק פרוס פתיחה,תנובה,IL,עמק קלאסית פרוסות גבינה חצי קשה 28% 200 גרם,גרמים,200.00,100 גרם,false,1,17.90,8.9500,true,1,4254
7290004122348,false,גבינה קשה עמק לייט 9,תנובה,IL,עמק גבינה צהובה חצי קשה 9% מופחתת שומן,גרמים,200.00,100 גרם,false,1,17.90,8.9500,true,1,4256
7290004122676,false,גבינה חמד לייט   5%,"תנובה,מחלבת טנא נוגה",IL,פיראוס לייט חמד גבינה כפרית מלוחה 5% שומן,גרמים,250.00,100 גרם,false,1,19.90,7.9600,true,1,38303
7290004124205,false,יוגורט יופלה דיאט תו,תנובה בעמ,IL,יופלה דיאט יוגורט תות %0 גביע 150 גרם,גרמים,150.00,100 גרם,false,1,5.90,3.9333,true,1,4268
7290004125370,false,שמנת 9%  תנובה 200 מ,תנובה,IL,תנובה שמנת חמוצה מופחתת שומן,מיליליטרים,200.00,"100 מ""ל",false,1,3.90,1.9500,true,1,4275
7290004125400,false,"שלי אשל פיקוח 200 מ""","תנובה, מחלבת אלון תב",IL,תנובה אשל לבן 4.5% שומן,מיליליטרים,200.00,"100 מ""ל",false,1,1.69,0.8450,true,1,4276
7290004125417,false,"שלי גיל פיקוח 200 מ""",תנובה,IL,תנובה גיל לבן 3% 206 גרם,מיליליטרים,200.00,"100 מ""ל",false,1,1.51,0.7550,true,1,4277
7290004125455,false,שמנת 15% תנובה פיקוח,תנובה,IL,שמנת אורגינל 15% שומן 200 מל,מיליליטרים,200.00,"100 מ""ל",false,1,2.40,1.2000,true,1,4278
7290004125509,false,שמנת תנובה 15% חצי מ,תנובה,IL,תנובה שמנת 15% חצי מנה 100 מל,מיליליטרים,100.00,"100 מ""ל",false,1,1.70,1.7000,true,1,4279
7290004125578,false,משקה סויה מועשר בסיד,סוי מג'יק,IL,משקה סויה מועשר בסידן 1 ליטר,ליטרים,1.00,ליטר,false,1,12.90,12.9000,true,1,4280
7290004125585,false,משקה סויה על הבוקר ו,סוי מג'יק,IL,משקה סויה על הבוקר וניל 1 ליטר,ליטרים,1.00,ליטר,false,1,13.90,13.9000,true,1,4281
7290004125721,false,שמנת לבישול 15%  250,תנובה,IL,"השף הלבן שמנת לבישול ,שמנת עמידה לבישול 15% 250 מל",מיליליטרים,250.00,"100 מ""ל",false,1,8.60,3.4400,true,1,4283
7290004125738,false,שמנת להקצפה 32%  250,תנובה,IL,"שמנת להקצפה 32%  250 מ""ל",מיליליטרים,250.00,"100 מ""ל",false,1,7.60,3.0400,true,1,4284
7290004125776,false,גבינה קשה עמק 28% פר,תנובה,IL,עמק פרוס 28% 400 גרם בקופסא,גרמים,400.00,100 גרם,false,1,30.90,7.7250,true,1,33293
7290004126759,false,יוגורט יופלה דיאט פי,תנובה בעמ,IL,יופלה דיאט פירות יער %0 גביע  150 גרם,גרמים,150.00,100 גרם,false,1,5.90,3.9333,true,1,4289
7290004126872,false,שוקו תנובה בקבוק 250,תנובה,IL,"שוקו תנובה בקבוק 250 מ""ל",מיליליטרים,250.00,"100 מ""ל",false,1,6.90,2.7600,true,1,35041
7290004127329,false,קוטג 5% תנובה 250 גר,מחלבת אלון תבור,IL,קוטג 5% תנובה 250 גרם,גרמים,250.00,100 גרם,false,1,5.70,2.2800,true,1,4296
7290004127336,false,קוטג 9% תנובה 250 גר,מחלבת אלון תבור,IL,קוטג 9% תנובה 250 גרם,גרמים,250.00,100 גרם,false,1,5.70,2.2800,true,1,4297
7290004127800,false,גבינה למריחה 5% פיקו,מחלבת אלון תבור,IL,גבינה למריחה 5% פיקוח 500 גרם,גרמים,500.00,100 גרם,false,1,9.96,1.9920,true,1,4306
7290004127817,false,גבינה למריחה     9%,מחלבת אלון תבור,IL,גבינה למריחה 500 9% גרם,גרמים,500.00,100 גרם,false,1,9.20,1.8400,true,1,4307
7290004127862,false,גבינה למריחה     5%,מחלבת אלון תבור,IL,גבינה למריחה 750 5% גרם,גרמים,750.00,100 גרם,false,1,14.94,1.9920,true,1,4308
7290004128432,false,פתיתים מיוחדים לפיצה,תנובה,IL,פתיתים מיוחדים לפיצה על בסיס גבינה,גרמים,500.00,100 גרם,false,1,22.20,4.4400,true,1,48325
7290004129101,false,גבינת שמנת נפוליאון,מחלבת אלון תבור,IL,גבינת שמנת נפוליאון טבעי 225 גרם,גרמים,225.00,100 גרם,false,1,15.90,7.0667,true,1,4320
7290004129156,false,גבינת שמנת נפוליאון,מחלבת אלון תבור,IL,גבינת שמנת נפוליאון שום שמיר 225 גרם,גרמים,225.00,100 גרם,false,1,15.90,7.0667,true,1,4323
7290004129767,false,מאגדת יופלה לבן  3%,מחלבת אלון תבור,IL,מאגדת יופלה לבן 3% שמינייה,קילוגרמים,1.20,"ק""ג",false,1,18.70,15.5833,true,1,20840
7290004130695,false,משקה חלב אייס קפה,"תנובה, מחלבת רחובות",IL,אייס קפה,ליטרים,1.00,ליטר,false,1,14.90,14.9000,true,1,48555
7290004130794,false,משקה סויה מועשר מופח,סוי מג'יק,IL,משקה סויה מועשר מופחת מתיקות 1 ליטר,ליטרים,1.00,ליטר,false,1,12.90,12.9000,true,1,14143
7290004130916,false,יוגורט יופלה פירות י,תנובה בעמ,IL,יוגורט יופלה פירות יער שמנת 150 גרם,גרמים,150.00,100 גרם,false,1,5.90,3.9333,true,1,32850
7290004131074,false,חלב 3% קרטון מהדרין,תנובה,IL,חלב 3% קרטון מהדרין פיקוח 1 ליטר,ליטרים,1.00,ליטר,false,1,6.23,6.2300,true,1,4336
7290004131432,false,יוגורט יופלה 3% לבן,מחלבת אלון תבור,IL,יופלה לבן 3% גביע 200 גרם,גרמים,200.00,100 גרם,false,1,5.00,2.5000,true,1,20841
7290004131456,false,יוגורט יופלה 1.5% לב,מחלבת אלון תבור,IL,יופלה לבן 1.5% גביע 200 גרם,גרמים,200.00,100 גרם,false,1,5.00,2.5000,true,1,20842
7290004131531,false,שוקו תנובה 1 ליטר,"תנובה, מחלבת רחובות",IL,שוקו תנובה בקבוק 1 ליטר,ליטרים,1.00,ליטר,false,1,14.90,14.9000,true,1,28233
7290004131814,false,גבינה צפתית מעודנת 5,תנובה מחלבת טנא נוגה,IL,פיראוס צפתית 5% מעודנת 200 גרם,גרמים,200.00,100 גרם,false,1,16.90,8.4500,true,1,23583
7290004132552,false,משקה סויה דיאט 1 ליט,סוי מג'יק,IL,משקה סויה דיאט 1 ליטר,ליטרים,1.00,ליטר,false,1,12.90,12.9000,true,1,25059
7290004132712,false,אצבעות עמק 172 גרם,תנובה,IL,עמק חטיף אצבעות גבינת מוצרלה 172 גרם 20%,גרמים,172.00,100 גרם,false,1,17.90,10.4070,true,1,22624
7290004133511,false,מאג.יופלה לבן מעוד,מחלבת אלון תבור,IL,יופלה שמיניה לבן מעודן 1.5%,קילוגרמים,1.20,"ק""ג",false,1,20.20,16.8333,true,1,23231
7290004135614,false,גבינה בולגרית מעודנת,תנובה,IL,פיראוס גבינה בולגרית מעודנת 5% שומן,גרמים,250.00,100 גרם,false,1,24.90,9.9600,true,1,46808
7290004136154,false,משקה אייס קפה תנובה,מחלבת רחובות,IL,"משקה אייס קפה תנובה בקבוק 340 מ""ל",מיליליטרים,340.00,"100 מ""ל",false,1,8.50,2.5000,true,1,47377
7290004136598,false,מארז הפסקת אוכל חלב,"תנובה, מחלבת טנא נוג",IL,מארז הפסקת אוכל חלב+דגנים,לא מנהל יחידת מידה,0.00,לא מנהל יחידת מידה,false,1,9.90,0.0000,true,1,45074
7290004136857,false,גלי בטעם פטל 125 גרם,סוי מג'יק,IL,גלי בטעם פטל 125 גרם,גרמים,125.00,100 גרם,false,1,3.30,2.6400,true,1,44292
7290004137021,false,שמנת לבישול 10% מופח,תנובה,IL,תנובה השף הלבן שמנת לבישול עם סיבים 10% שומן,מיליליטרים,250.00,"100 מ""ל",false,1,8.60,3.4400,true,1,48254
7290004137809,false,גבינת לאבנה פיראוס 5,"תנובה, מחלבת אלון תב",IL,פיראוס לאבנה אסלית 5% שומן 250 גרם,גרמים,250.00,100 גרם,false,1,13.90,5.5600,true,1,48173
7290004199203,false,קיסמיי שיניים מבמבוק,הדקלאים אגודת שיתופי,CN,קיסמי שיניים מבמבוק מלחייה 300 יח',Unknown,0.00,Unknown,false,1,3.20,0.0000,true,1,63041
7290004199579,false,פלסטר SUNNY מעורב 10,הדקלאים אגודת שיתופי,CN,סאני פלסטר 100 פלסטרים בגדלים שונים סטריליים,גרמים,0.00,100 גרם,false,1,9.90,0.0000,true,1,90258
7290004200930,false,"זיקוק זוג 15 ס""מ בשק",F.T.I,,זיקוק זוג 15 סמ בשקית,יחידה,1.00,יחידה,false,1,6.90,6.9000,true,1,90034
7290004225285,false,דאנאבול דנית 100 ג,מאמן מג'רי,DK,רכיבי חלב ושומן צמחי בסגנון דנאבלו 100 גרם,גרמים,100.00,100 גרם,false,1,12.40,12.4000,true,1,85941
7290004255428,false,נר נשמה מנורה בפחית,מנורה,IL,נר נשמה מנורה בפחית  24 שעות,יחידה,1.00,יחידה,false,1,2.90,2.9000,true,1,125235
7290004256371,false,גבינת ריץ פרוסה 400,מלקפול אלוורטוסקה,PL,גבינה צהובה פרוסה על בסיס חלב,גרמים,400.00,100 גרם,false,1,15.20,3.8000,true,1,122032
7290004554293,false,אסקימו ענבים,שטראוס,,אסקימו ענבים,לא מנהל יחידת מידה,0.00,לא מנהל יחידת מידה,false,1,4.00,0.0000,true,1,13196
7290004554330,false,שלגון אסקימו דובדבן,"מיוצר ע""י גלידת שטרא",IL,גלידת שטראוס קרטיב מחלוטה דובדבן 50 יחידות,גרמים,84.00,100 גרם,false,1,4.90,5.8333,true,1,13197
7290004584351,false,גבינה במרקם שמנת סימ,"שטראוס בריאות בע""מ",IL,סימפוניה החמישית,גרמים,200.00,100 גרם,false,1,12.70,6.3500,true,1,4761
7290004584528,false,יוגורט דנונה ביו 1.7,"שטראוס בריאות בע""מ",IL,דנונה ביו  1.7% 200 גרם,גרמים,200.00,100 גרם,false,1,3.90,1.9500,true,1,4762
7290004685089,false,לחם הארץ חמניות,יוליניבר,IL,לחם הארץ חמניות,גרמים,500.00,100 גרם,false,1,17.90,3.5800,true,1,82906
7290004685195,false,לחם 10 דגנים לחם האר,יוליניבר,IL,לחם 10 דגנים לחם הארץ 750 גרם,גרמים,750.00,100 גרם,false,1,17.90,2.3867,true,1,15584
7290004685201,false,לחם אגוזים לחם הארץ,יוליניבר,IL,הארץ שיפון אגוזים,גרמים,500.00,100 גרם,false,1,16.90,3.3800,true,1,4869
7290004685430,false,לחם כוסמין 500 גרם,יוליניבר,IL,לחם כוסמין 500 גרם,גרמים,500.00,100 גרם,false,1,16.90,3.3800,true,1,113336
7290004685447,false,לחמניות כוסמין מארז,מאפיות ברמן,IL,לחמניות כוסמין מארז שישייה,גרמים,750.00,100 גרם,false,1,16.90,2.2533,true,1,128894
7290004685454,false,לחם הארץ שיבולת שועל,מאפיות ברמן,IL,לחם הארץ שיבולת שועל 500גרם,גרמים,500.00,100 גרם,false,1,17.90,3.5800,true,1,128892
7290004685478,false,פיתות כוסמין 10 בשקי,מאפית ברמן,IL,פיתות כוסמין 10 בשקית  550 גרם,גרמים,550.00,100 גרם,false,1,17.90,3.2545,true,1,132053
7290004731076,false,אלסבון כיף אלוורה 1,קוסמופארם בע''מ,IL,כיף 1 ליטר אלוורה,ליטרים,1.00,ליטר,false,1,16.90,16.9000,true,1,23964
7290004731083,false,אלסבון כיף גנסנג,קוסמופארם בע''מ,IL,כיף 1 ליטר ג'נסינג,ליטרים,1.00,ליטר,false,1,16.90,16.9000,true,1,23965
7290004731410,false,כרית קרצוף סנו סושי,סנו,,כרית קרצוף סנו סושי ירוק שלישייה,יחידה,0.00,יחידה,false,1,11.90,0.0000,true,1,24104
7290004731472,false,מארז אלסבון כיף צבעו,קוסמופארם בע''מ,IL,כיף שלישיה צבעוני,ליטרים,1.50,ליטר,false,1,24.90,16.6000,true,1,23967
7290004737443,false,קוקטייל פירות 820 גר,יוליניבר,CN,קוקטייל פירות 820 גרם,גרמים,820.00,100 גרם,false,1,9.90,1.2073,true,1,52567
7290004850432,false,אגיסטן אלוורה 20 גרם,פריגו,,אגיסטן אלוורה 20 גרם,לא מנהל יחידת מידה,0.00,לא מנהל יחידת מידה,false,1,30.50,0.0000,true,1,25281
7290004872021,false,קרחון רמזור,המאפיה של הרמן,IL,נסטלה קרחון רמזור בדצ 48*80גרם,Unknown,0.00,Unknown,false,1,4.00,0.0000,true,1,13208
7290004872069,false,קרחון לימון,המאפיה של הרמן,IL,שלגון קרח לימון,Unknown,0.00,Unknown,false,1,4.00,0.0000,true,1,12284
7290004872229,false,שלגון שוקו מצופה,גלידות נסטלה,IL,נסטלה שלגון שוקולד כלפ. 48*67גרם,Unknown,0.00,Unknown,false,1,7.90,0.0000,true,1,13214
7290004872243,false,שלגון בננה מצופה,גלידות נסטלה,IL,שלגון בננה מצופה,Unknown,0.00,Unknown,false,1,7.90,0.0000,true,1,12196
7290004872250,false,שלגון אבטיח קיץ,נגה גלידות (גלידות נ,IL,שלגון אבטיח קיץ,Unknown,0.00,Unknown,false,1,8.50,0.0000,true,1,12197
7290004872359,false,קרחון דובדבן,גלידות נסטלה (נגה גל,IL,שלגון קרח דובדבן,Unknown,0.00,Unknown,false,1,4.00,0.0000,true,1,12198
7290004872731,false,טילון אקסטרים וניל,גלידות נסטלה,IL,אקסטרים טילון וניל בדצ 24*72גרם,Unknown,0.00,Unknown,false,1,10.50,0.0000,true,1,13217
7290005008184,false,סבון פלמוליב נוזלי ש,קולגייט פלמוליב,TR,פלמוליב סבון נוזלי חלב שקדים 500 מל,מיליליטרים,500.00,"100 מ""ל",false,1,19.90,3.9800,true,1,5287
7290005041136,false,קבב גמבו רומני,מעדני הטלה,,"קבב ג""מבו רומני 1 ק""ג",לא מנהל יחידת מידה,0.00,לא מנהל יחידת מידה,false,1,52.90,0.0000,true,1,89086
7290005041198,false,קבב ביתי,לאטי עזרא גלם ודגים,,"קבב ביתי 1 ק""ג",לא מנהל יחידת מידה,0.00,לא מנהל יחידת מידה,false,1,52.90,0.0000,true,1,89085
7290005041402,false,שיפודי פרגיות מעדני,יושלם,,שיפודי פרגיות מעדני הטלה  600 גר,גרמים,600.00,100 גרם,false,1,59.90,9.9833,true,1,90314
7290005095399,false,מצת סיגריות מותג,,,מצת סיגריות אלקטרוני מותג,לא מנהל יחידת מידה,0.00,לא מנהל יחידת מידה,false,1,3.90,0.0000,true,1,112137
7290005113222,false,מיקס זיתים A2יבנה ח,קדבורי,IL,קבוצת יבנה מיקס זיתים 560 גרם,גרמים,540.00,100 גרם,false,1,11.90,2.2037,true,1,49713
7290005174551,false,סלט חומוס יום יום 12,"שטראוס גרופ בע""מ",IL,חומוס יום-יום 125 גרם,גרמים,125.00,100 גרם,false,1,6.40,5.1200,true,1,5448
7290005174575,false,סלט טחינה יום יום 12,"שטראוס גרופ בע""מ",IL,טחינה 125 משובחת,גרמים,125.00,100 גרם,false,1,6.40,5.1200,true,1,5450
7290005175589,false,"קמח תירס 1 ק""ג",,,"קמח תירס 1 ק""ג",קילוגרמים,1.00,"ק""ג",false,1,12.00,12.0000,true,1,5456
7290005197758,false,עוגיות חיוכים שוקו 1,אפיפית נצרת (1971) ב,IL,חיוכים שוקו 150 בדצ,גרמים,150.00,100 גרם,false,1,6.90,4.6000,true,1,5471
7290005200786,false,תפוציפס טעם שמנת ובצ,"שטראוס פריטו ליי בע""",IL,תפו שמנת בצל 50 גר 48 יח - שמיטה,גרמים,50.00,100 גרם,false,1,5.90,11.8000,true,1,5486
7290005201882,false,קפה טורקי 200 גרם,שטראוס קפה בי.וי.,IL,עלית טורקי שקית 200ג/1שק'/200גר',גרמים,200.00,100 גרם,false,1,18.90,9.4500,true,1,5525
7290005326585,false,פסטו בזיליקום  אוליב,"אוליביה גורמה בע""מ",IL,פסטו בזיליקום  אוליביה180גרם,גרמים,180.00,100 גרם,false,1,12.90,7.1667,true,1,117676
7290005381027,false,פלסטר און F 100 שקוף,פארמה פלסט,EG,פלסטר און F 100 שקוף,לא מנהל יחידת מידה,0.00,לא מנהל יחידת מידה,false,1,11.90,0.0000,true,1,130424
7290005423253,false,מרסס למייבש כביסה מק,"סנו מפעלי ברונוס בע""",IL,סנו מקסימה מרכך למייבש אולטרא פרש 750 מל,מיליליטרים,750.00,"100 מ""ל",false,1,19.90,2.6533,true,1,5897
7290005423369,false,סנו די קידס תחליב דו,"קוסמופארם בע""מ",IL,סנו די קידס  דוחה יתושים לילדים 100 מל,מיליליטרים,100.00,"100 מ""ל",false,1,22.90,22.9000,true,1,125003
7290005423499,false,ספריי לניקוי משטחי נ,סנו מפעלי ברונוס בעמ,IL,סנו נירוסטה לניקוי והברקה של משטחי נירוסטה 500 מל,מיליליטרים,500.00,"100 מ""ל",false,1,21.70,4.3400,true,1,5902
7290005424403,false,אלסבון כיף אצות ים,קוסמופארם בע''מ,IL,כיף אל סבון קטיפתי מועשר בלחות 1 ליטר,ליטרים,1.00,ליטר,false,1,16.90,16.9000,true,1,5917
7290005425110,false,מרסס למשטחים 99% משמ,"סנו מפעלי ברונוס בע""",IL,סנו מחטא ומשמיד חיידקים 750 מל,לא מנהל יחידת מידה,0.00,לא מנהל יחידת מידה,false,1,16.90,0.0000,true,1,120566
7290005425127,false,מרסס שומנים 99% משמי,"סנו מפעלי ברונוס בע""",IL,סנו מחטא ומשמיד חיידקים עוצמתי 750 מל,לא מנהל יחידת מידה,0.00,לא מנהל יחידת מידה,false,1,16.90,0.0000,true,1,120567
7290005425196,false,אבקת כביסה מקסימה סנ,סנו מפעלי ברונוס בעמ,IL,אבקת כביסה מרוכזת SENSITIVE,קילוגרמים,2.50,"ק""ג",false,1,33.90,13.5600,true,1,5931
7290005425646,false,סנוקליר חלונות 1 ליט,"סנו מפעלי ברונוס בע""",IL,סנוקליר לניקוי והברקה 1 ליטר,ליטרים,1.00,ליטר,false,1,14.90,14.9000,true,1,5934
7290005426193,false,ספוג הפלא סנו סושי,סנו מפעלי ברונו בעמ,IL,סנו סושי ספוג הפלא,Unknown,0.00,Unknown,false,1,15.90,0.0000,true,1,14195
7290005426230,false,מטלית הפלא לרצפה,N.S.,,מטלית הפלא לרצפה סנו סושי,Unknown,0.00,Unknown,false,1,14.90,0.0000,true,1,5943
7290005427107,false,מגבת נייר סנו סושי 6,סנו מפעלי ברונוס בעמ,IL,"סנו סושי 6 מגבות הפלא, 700 גרם",מטרים,6350.00,מטר,false,1,14.90,0.0023,true,1,16841
7290005430480,false,מטלית הפלא,N.S.,,מטלית הפלא סנו סושי למשטח,Unknown,0.00,Unknown,false,1,14.00,0.0000,true,1,36264
7290005430602,false,"מסיר כתמים אוקסיג""ן","סנו מפעלי ברונוס בע""",IL,"מסיר כתמים אוקסיג""ן מרסס 750 מ""ל",מיליליטרים,750.00,"100 מ""ל",false,1,21.90,2.9200,true,1,5979
7290005431883,false,מלבי חלבי 165 גרם,לחמנו,IL,עדן מלבי 165 גרם,גרמים,165.00,100 גרם,false,1,7.50,4.5455,true,1,124198
7290005431890,false,בוואריה 95 גרם,לחמנו,IL,עדן בוואריה  95 גרם,גרמים,95.00,100 גרם,false,1,7.50,7.8947,true,1,124202
7290005431906,false,קדאיף 82 גרם,לחמנו,IL,עדן קדאיף  82 גרם,גרמים,82.00,100 גרם,false,1,7.50,9.1463,true,1,124201
7290005431913,false,עוגת גבינה פירורים 9,לחמנו,IL,עדן עוגת גבינה פירורים 92 גרם,גרמים,92.00,100 גרם,false,1,7.50,8.1522,true,1,124199
7290005431937,false,טירמיסו 82 גרם,לחמנו,IL,עדן טירמיסו 82 גרם,גרמים,82.00,100 גרם,false,1,7.50,9.1463,true,1,124197
7290005559709,false,בורקס פיצה,"מעדנות בע""מ",IL,בורקס פיצה מעדנות 700 גרם,גרמים,700.00,100 גרם,false,1,32.00,4.5714,true,1,6142
7290005559907,false,פיצה משפחתית גבינה מ,"מעדנות בע""מ",IL,פיצה משפחתית גבינה מעדנות 500גרם,גרמים,500.00,100 גרם,false,1,29.90,5.9800,true,1,6145
7290005559914,false,פיצה משפחתית זיתים,"מעדנות בע""מ",IL,פיצה משפחתית זיתים 550 גרם,גרמים,550.00,100 גרם,false,1,29.90,5.4364,true,1,6146
7290005559990,false,בצק פילאס תורכי 600,"מעדנות בע""מ",IL,בצק פילאס תורכי 600 גרם,גרמים,600.00,100 גרם,false,1,26.90,4.4833,true,1,6150
7290005591761,false,דבש פרחי בר בקבוק לח,מכוורת יד מרדכי שטרא,IL,דבש טהור לחיץ 400 גרם,גרמים,400.00,100 גרם,false,1,26.90,6.7250,true,1,6164
7290005605895,false,פאנטה אקזוטיק 500 מל,החברה מרכזית לייצור,IL,"פנטה אקזוטי 500 מ""ל",מיליליטרים,500.00,"100 מ""ל",false,1,9.50,1.9000,true,1,6187
7290005651427,false,בונזו מולטיפק 3*400,FIDELE SAS,FR,בונזו מולטיפק 3*400 גר,גרמים,400.00,100 גרם,false,1,21.90,5.4750,true,1,6204
7290005803628,false,קרחון מלון - צבע מאכ,המאפיה של הרמן,IL,נסטלה קרחון מלון בדצ 48*80גרם,Unknown,0.00,Unknown,false,1,4.00,0.0000,true,1,12287
7290005838002,false,מעדן דניאלה גבינה ונ,"שטראוס בריאות בע""מ",IL,דניאלה וניל,גרמים,88.00,100 גרם,false,1,4.90,5.5682,true,1,6451
7290005839108,false,גבינה במרקם שמנת סימ,"שטראוס בריאות בע""מ",IL,סימפוניה 5% עם זתים,גרמים,200.00,100 גרם,false,1,12.70,6.3500,true,1,6461
7290005839313,false,מילקי טופ מגולגלת 14,"שטראוס גרופ בע""מ",IL,מילקי טופ מגולגלת,גרמים,140.00,100 גרם,false,1,5.40,3.8571,true,1,6463
7290005854040,false,שלגון אסקימו משמש,יושלם,,שלגון אסקימו משמש,לא מנהל יחידת מידה,0.00,לא מנהל יחידת מידה,false,1,4.00,0.0000,true,1,56139
7290005854606,false,שלגון אסקימו אננס,יושלם,,שלגון אסקימו אננס,לא מנהל יחידת מידה,0.00,לא מנהל יחידת מידה,false,1,4.00,0.0000,true,1,13706
7290005854613,false,תותי פרוטי,יושלם,,תותי פרוטי,לא מנהל יחידת מידה,0.00,לא מנהל יחידת מידה,false,1,4.00,0.0000,true,1,12202
7290005896439,false,בירה מכבי בקבוק חוזר,"טמפו משקאות בע""מ",IL,"בירה מכבי, בקבוק חוזר 500 מ''ל",מיליליטרים,500.00,"100 מ""ל",false,1,8.90,1.7800,true,1,83569
7290005896453,false,בירה מכבי 7.9% בקבוק,טמפו משקאות בע''מ,IL,"בירה מכבי 7.9%, בירה חזקה, בקבוק חוזר 500 מ''ל",מיליליטרים,500.00,"100 מ""ל",false,1,8.50,1.7000,true,1,110640
7290005992575,false,גבינה בולגרית למריחה,מחלבות גד בעמ,IL,גד גבינה בולגרית מלוחה למריחה 5% שומן,גרמים,250.00,100 גרם,false,1,19.90,7.9600,true,1,6622
7290005992735,false,גבינת לאבנה 5% 250 ג,"מחלבות גד בע""מ",IL,גד גבינת לאבנה 5%,גרמים,250.00,100 גרם,false,1,13.90,5.5600,true,1,6629
7290006241191,false,אגוזי מלך קליית גת 1,ששון ושות' (ש.ת. תעש,US,אגוז מלך שקית 150 גרם,גרמים,150.00,100 גרם,false,1,19.90,13.2667,true,1,57865
7290006241214,false,שקד טבעי 200 גרם,קוד יצרן JG,IL,שקד טבעי שקית 200 גרם,גרמים,200.00,100 גרם,false,1,25.90,12.9500,true,1,15192
7290006265500,false,פטריות שמפיניון  יחי,מרינה,IL,פטריות שמפיניון  יחידה,גרמים,250.00,100 גרם,false,1,11.90,4.7600,true,1,112220
7290006265548,false,נבטים סינים יח,מרינה,IL,נבטים סינים יח,גרמים,350.00,100 גרם,false,1,6.90,1.9714,true,1,66075
7290006265890,false,נבטי גרעיני חמניה יח,מרינה,IL,נבטי גרעיני חמניה יח,גרמים,150.00,100 גרם,false,1,9.90,6.6000,true,1,66076
7290006271174,false,גחנון לאפיה מעדנות 7,"מעדנות בע""מ",IL,גחנון לאפיה מעדנות 700 גרם,גרמים,700.00,100 גרם,false,1,21.90,3.1286,true,1,6966
7290006271181,false,גחנון אפוי 750 גרם,"מעדנות בע""מ",IL,"ג""חנון אפוי 750 גרם מעדנות",גרמים,750.00,100 גרם,false,1,29.90,3.9867,true,1,6967
7290006271648,false,מיני בורקס תפוא,"מעדנות בע""מ",IL,מיני בורקס תפוא מעדנות 800גרם,גרמים,800.00,100 גרם,false,1,26.90,3.3625,true,1,51377
7290006271655,false,מיני בורקס גבינה,"מעדנות בע""מ",IL,מיני בורקס גבינה מעדנות 800גרם,גרמים,800.00,100 גרם,false,1,27.90,3.4875,true,1,51387
7290006272072,false,חטיפי פיצה מעדנות 65,"מעדנות בע""מ",IL,חטיפי פיצה מעדנות 650 גרם,גרמים,650.00,100 גרם,false,1,36.90,5.6769,true,1,117669
7290006281210,false,טוסט בייגל,עינת תעשיות,,טוסט בייגל,גרמים,200.00,100 גרם,false,1,17.90,8.9500,true,1,46882
7290006282972,false,סלט יווני - ירקות עם,עינת תעשיות מזון,,סלט יווני - ירקות עם גבינה,גרמים,315.00,100 גרם,false,1,22.00,6.9841,true,1,99783
7290006342072,false,גרעין שחור קלוי 150ג,דין שיווק,IL,גרעין לבן 200גרם,גרמים,200.00,100 גרם,false,1,13.90,6.9500,true,1,129940
7290006342447,false,גרעין אבטיח,,,גרעין אבטיח 200גרם,גרמים,200.00,100 גרם,false,1,18.90,9.4500,true,1,129927
7290006342553,false,קבוקים200 גר,יושלם,,קבוקים200 גר,גרמים,200.00,100 גרם,false,1,7.90,3.9500,true,1,129929
7290006374738,false,קונפיטורה תות 340 גר,"ב.א. מזון בע""מ",IL,קונפיטורת תות  340 גרם,גרמים,340.00,100 גרם,false,1,15.90,4.6765,true,1,15269
7290006401571,false,אדויל ליקויי גל 16 כ,פייזר,,אדויל ליקויי גל 16 כמוסות,Unknown,0.00,Unknown,false,1,31.50,0.0000,true,1,23835
7290006449955,false,מלפפון בייבי  ארוז,מ.ע יזמות,IL,מלפפון בייבי  ארוז,גרמים,500.00,100 גרם,false,1,13.90,2.7800,true,1,92838
7290006451170,false,שנייק פיצה מחיר לקג-,"גידרון תעשיות בע""מ",IL,שנייק פיצה מחיר לקג-גידרון,קילוגרמים,1.00,"ק""ג",true,,42.90,42.9000,true,1,129989
7290006492432,false,גבינה מוצרלה בייבי,מחלבות גד בעמ,IL,גבינה מוצרלה בייבי 150 גרם,גרמים,150.00,100 גרם,false,1,16.90,11.2667,true,1,7127
7290006492616,false,גבינה בולגרית 5% פרו,DSH עבור מחלבות גד ב,IL,פרוסות בולגרית מעודנת 5%,גרמים,250.00,100 גרם,false,1,29.90,11.9600,true,1,23909
7290006492630,false,גבינת עיזים גד עז גל,מחלבות גד בעמ,IL,מחלבות גד גדעז גבינת שמנת מחלב עיזים 20%,גרמים,180.00,100 גרם,false,1,25.90,14.3889,true,1,25172
7290006492852,false,גבינה לבנה עיזים 5%,מחלבות גד,IL,גד גבינה למריחה מחלב עיזים 5% שומן,גרמים,250.00,100 גרם,false,1,19.90,7.9600,true,1,34999
7290006511157,false,פטריות שמפניון שלמות,אוקצ'מפס אס.איי אויי,PL,ויליפוד פטריות שמפניון שלמות 400 גרם,גרמים,400.00,100 גרם,false,1,7.90,1.9750,true,1,16511
7290006644510,false,"תפוזינה ענבים 500 מ""","יפאורה תבורי בע""מ",IL,תפוזינה ענבים 0.5 ל',מיליליטרים,500.00,"100 מ""ל",false,1,9.50,1.9000,true,1,49411
7290006653819,false,קוסקוס דק בשקית 350,"מיוצר ע""י קוד יצרן K",IL,אסם קוסקוס דק 12*350גרם,גרמים,350.00,100 גרם,false,1,9.90,2.8286,true,1,16064
7290006664402,false,גבינה סקי        5%,"שטראוס בריאות בע""מ",IL,סקי% 5 750 גרם,גרמים,750.00,100 גרם,false,1,14.94,1.9920,true,1,7400
7290006681065,false,שלגון טעמקור  XL,"מיוצר ע""י גלידת שטרא",IL,שלגון טעמקור  XL,גרמים,75.00,100 גרם,false,1,10.90,14.5333,true,1,15275
7290006681553,false,קרמבו וניל מארז 8 יח,"גלידת שטראוס בע""מ",IL,"שטראוס קרמבו 80 מ""ל",גרמים,200.00,100 גרם,false,1,19.90,9.9500,true,1,20687
7290006681560,false,קרמבו מוקה מארז 8 יח,"גלידת שטראוס בע""מ",IL,"שטראוס קרמבו 80 מ""ל",גרמים,200.00,100 גרם,false,1,19.90,9.9500,true,1,20688
7290006703323,false,שוקיים עוף קפוא,מעדני הטלה,,שוקיים עוף קפוא,קילוגרמים,1.00,"ק""ג",true,,36.90,36.9000,true,1,80713
7290006704269,false,חסה עגולה יח,חקלאי,IL,חסה עגולה יח,גרמים,500.00,100 גרם,false,1,6.90,1.3800,true,1,30019
7290006704542,false,תרד ארוז יח,עלי הגלבוע,IL,תרד ארוז יח,גרמים,200.00,100 גרם,false,1,9.90,4.9500,true,1,29512
7290006704573,false,בצל ירוק יח,עוואדי,IL,בצל ירוק יח,גרמים,100.00,100 גרם,false,1,6.90,6.9000,true,1,30078
7290006704801,false,מנגולד טרי עלים ארוז,אורן אליהו,IL,מנגולד טרי עלים ארוז יח,גרמים,300.00,100 גרם,false,1,6.90,2.3000,true,1,103467
7290006739414,false,סלמי קוניאק,זוגלובק,IL,זוגלובק סלמי קוניאק 300 גרם א.מ.,גרמים,300.00,100 גרם,false,1,29.90,9.9667,true,1,50770
7290006739421,false,סלמי מעושן איטלקי 30,זוגלובק,IL,זוגלובק סלמי מעושן איטלקי 300 גרם א.מ.,גרמים,300.00,100 גרם,false,1,29.90,9.9667,true,1,51162
7290006739544,false,כתף בקר 300 גרם זוגל,זוגלובק,IL,זוגלובק כתף בקר 300 גרם א.מ.,גרמים,300.00,100 גרם,false,1,35.90,11.9667,true,1,59788
7290006742315,false,חזה הודו ברביקיו 330,זוגלובק,IL,זוגלובק פסטרמה הודו ברביקיו 330 גר,גרמים,330.00,100 גרם,false,1,32.90,9.9697,true,1,59796
7290006764072,false,בירה גולדסטאר בקבוק,"טמפו משקאות בע""מ",IL,"בירה גולדסטאר בקבוק חוזר 500 מ""ל",מיליליטרים,500.00,"100 מ""ל",false,1,10.90,2.1800,true,1,7475
7290006764478,false,בירה שחורה מאלט בקבו,"טמפו משקאות בע""מ",IL,"בירה נשר מאלט, בקבוק זכוכית 330 מל",Unknown,0.00,Unknown,false,1,8.50,0.0000,true,1,15961
7290006805850,false,תערובת להכנת פנקייקס,"ג'נרל מילס ישראל בע""",IL,תערובת קלת הכנה לפנקייק ביתי וטעים 450 גרם,גרמים,500.00,100 גרם,false,1,20.00,4.0000,true,1,23239
7290006983176,false,לחמית עם שיפון,"אסם השקעות בע""מ",IL,לחמית שיפון 10*230גרם,גרמים,230.00,100 גרם,false,1,11.90,5.1739,true,1,7743
7290006983763,false,עוגת הבית שוקולד 400,"אסם השקעות בע""מ",IL,הבית עוגת שוקולד 8*400גרם,גרמים,400.00,100 גרם,false,1,18.90,4.7250,true,1,12601
7290006983770,false,עוגת הבית שיש,"אסם השקעות בע""מ",IL,הבית עוגת שיש 8*400גרם,גרמים,400.00,100 גרם,false,1,18.90,4.7250,true,1,12771
7290006983787,false,עוגת הבית שוקוציפס 4,"אסם השקעות בע""מ",IL,הבית עוגת שוקולד צ'יפס 8*400גרם,גרמים,400.00,100 גרם,false,1,18.90,4.7250,true,1,12602
7290008175814,false,פטריות חתוכות שמפניו,"אוקצ'מפ אס, איי אויי",PL,פטריות חתוך 400גרם- בד'צ,גרמים,400.00,100 גרם,false,1,5.50,1.3750,true,1,50791
7290008335553,false,קובה במילוי בשר,שלושת האופים בעמ,IL,קובה במילוי בשר וצנובר 600 גרם,גרמים,600.00,100 גרם,false,1,17.90,2.9833,true,1,10152
7290008335560,false,סיגרים במילוי בשר,"שלושת האופים בע""מ",IL,סיגרים במילוי בשר 600 גרם,גרמים,600.00,100 גרם,false,1,15.90,2.6500,true,1,10153
7290008335577,false,פסטלים תפוא 600 גרם,שלושת האופים בעמ,IL,"פסטלים תפו""א 600 גרם",גרמים,600.00,100 גרם,false,1,17.90,2.9833,true,1,10154
7290008340618,false,סלמון מעושן מצונן 10,ויליגר תעשיות בעמ,IL,פרלינג סלומון מעושן 100 גרם,גרמים,100.00,100 גרם,false,1,23.90,23.9000,true,1,14249
7290008343466,false,בצק פילו שלושת האופי,נטו מלינדה בעמ,IL,בצק פילו,גרמים,500.00,100 גרם,false,1,22.90,4.5800,true,1,29746
7290008343503,false,גחנון אפוי 650 גרם,אופרה,IL,גחנון אפוי 650 גרם,גרמים,650.00,100 גרם,false,1,22.90,3.5231,true,1,17720
7290008344272,false,המבורגר 100% טיבון ו,טיבון ויל אחזקות בעמ,IL,המבורגר 100% טיבון ויל 400 גרם,גרמים,400.00,100 גרם,false,1,21.90,5.4750,true,1,10168
7290008345576,false,סלט איקרה לבנה דלידג,קוד יצרן D.T,IL,דלידג סלט איקרה לבנה בטעם ביתי 300 גרם,גרמים,300.00,100 גרם,false,1,22.90,7.6333,true,1,14315
7290008409100,false,אצבעות שניצל ציפוי ש,תנובה גליל שותפות מו,IL,אצבעות שניצל ציפוי שומשום מאמא ע 700 גרם,גרמים,700.00,100 גרם,false,1,39.90,5.7000,true,1,24625
7290008409124,false,שניצל גונגל מאמא עוף,תנובה גליל שותפות מו,IL,שניצל גונגל מאמא עוף 700 גרם,גרמים,700.00,100 גרם,false,1,39.90,5.7000,true,1,25193
7290008409216,false,שניצל דק דק פריך,תנובה גליל,IL,מאמא עוף שניצל דק פריך 700 גרם,גרמים,700.00,100 גרם,false,1,47.50,6.7857,true,1,55546
7290008409551,false,שניצל עוף אמיתי בציפ,תנובה גליל שותפות מו,IL,שניצל אמיתי מעודן,גרמים,700.00,100 גרם,false,1,49.90,7.1286,true,1,10199
7290008409582,false,שניצל אמיתי ביתי מאמ,תנובה גליל שותפות מו,IL,שניצל אמיתי ביתי מאמא עוף  700 גרם,גרמים,700.00,100 גרם,false,1,49.90,7.1286,true,1,10202
7290008415514,false,סלט חומוס וחריף 150,סלטי צבר,IL,סלטי צבר חומוס עם חריף 12*150גרם,גרמים,150.00,100 גרם,false,1,6.50,4.3333,true,1,10260
7290008415576,false,חומוס צבר 850 גרם,צבר,,חומוס צבר 850 גרם,גרמים,850.00,100 גרם,false,1,15.90,1.8706,true,1,50929
7290008462204,false,חרדל דיזון מיילי מקו,יוליניבר,FR,חרדל דיזון מיילי מקורי 380 גרם,גרמים,380.00,100 גרם,false,1,16.00,4.2105,true,1,16305
7290008464024,false,בירה גולדסטאר לא מסו,"טמפו משקאות בע""מ",IL,"בירה גולדסטאר לא מסונן פחית 500 מ""ל",מיליליטרים,500.00,"100 מ""ל",false,1,14.50,2.9000,true,1,94716
7290008464109,false,בירה גולדסטאר ל.מסונ,"טמפו משקאות בע""מ",IL,"בירה גולדסטאר ל.מסונן בקבוק 330 מ""ל",מיליליטרים,330.00,"100 מ""ל",false,1,13.50,4.0909,true,1,88098
7290008464208,false,בירה מכבי 7.9% בקבוק,טמפו משקאות בע''מ,IL,"בירה מכבי 7.9%, בירה חזקה, בקבוק 330 מ''ל",מיליליטרים,330.00,"100 מ""ל",false,1,12.50,3.7879,true,1,99525
7290008464222,false,בירה מכבי 7.9%  פחית,"טמפו משקאות בע""מ",IL,"בירה מכבי 7.9%, בירה חזקה, פחית 500 מ""ל",מיליליטרים,500.00,"100 מ""ל",false,1,12.50,2.5000,true,1,104263
7290008464338,false,בירה מכבי בקבוק 330,בירה מכבי,IL,בירה מכבי בקבוק 330 מל לאגר בהירה,מיליליטרים,330.00,"100 מ""ל",false,1,12.50,3.7879,true,1,10326
7290008464345,false,בירה גולדסטאר בקבוק,טמפו משקאות בע''מ,IL,"בירה גולדסטאר, בקבוק 330 מ''ל",מיליליטרים,330.00,"100 מ""ל",false,1,13.50,4.0909,true,1,10327
7290008464468,false,בירה גולדסטאר פחית 5,"טמפו משקות בע""מ",IL,"בירה גולדסטאר, פחית 500 מ""ל",מיליליטרים,500.00,"100 מ""ל",false,1,13.90,2.7800,true,1,10330
7290008464475,false,בירה מכבי פחית 500 מ,"טמפו משקאות בע""מ",IL,"בירה מכבי, פחית 500 מ""ל",מיליליטרים,500.00,"100 מ""ל",false,1,10.90,2.1800,true,1,10331
7290008464505,false,מים מינרלים סן בנדטו,אקווה מינרלה סאן בנד,IT,סן בנדטו 500 מל שישייה,מיליליטרים,500.00,"100 מ""ל",false,1,6.90,1.3800,true,1,12294
7290008464604,false,בירה הייניקן פחית 50,טמפו משקאות בע''מ,NL,"בירה היינקן, פחית 500 מ""ל",מיליליטרים,500.00,"100 מ""ל",false,1,15.90,3.1800,true,1,12217
7290008464611,false,"מי סודה טמפו 275 מ""ל",טמפו משקאות בעמ,IL,"הסודה של טמפו, מי סודה בגיזוז חזק, 275 מל",מיליליטרים,275.00,"100 מ""ל",false,1,5.50,2.0000,true,1,117884
7290008464697,false,בירה מכבי 7.9% שישיי,טמפו,,"בירה מכבי 7.9% שישייה בקבוק 330 מ""ל",ליטרים,1.98,ליטר,false,1,47.90,24.1919,true,1,99024
7290008464703,false,בירה מכבי מארז שישיי,טמפו,,"בירה מכבי מארז שישייה בקבוק 330 מ""ל",ליטרים,1.98,ליטר,false,1,47.90,24.1919,true,1,10332
7290008464734,false,בירה גולדסטאר SLOW B,טמפו משקאות בע''מ,IL,בירה גולדסטאר SLOW BREW שישייה בקבוק 330,ליטרים,1.98,ליטר,false,1,49.90,25.2020,true,1,96836
7290008464741,false,בירה גולדסטאר שישייה,טמפו,,"בירה גולדסטאר שישייה בקבוק 330 מ""ל",ליטרים,1.98,ליטר,false,1,49.90,25.2020,true,1,10335
7290008464796,false,בירה הייניקן שישייה,טמפו,,"בירה הייניקן שישייה בקבוק 330 מ""ל",ליטרים,1.98,ליטר,false,1,59.90,30.2525,true,1,10337
7290008493413,false,פירורי גריסיני 200 ג,מאיר בייגל,IL,מאיר בייגל פירורי גריסיני 200 גרם,גרמים,200.00,100 גרם,false,1,7.90,3.9500,true,1,40601
7290008612074,false,"אגד מתמתח 5 ס""מ",פארמה פלסט,EG,"אגד מתמתח 5 ס""מ",לא מנהל יחידת מידה,0.00,לא מנהל יחידת מידה,false,1,9.90,0.0000,true,1,130429
7290008612166,false,פלסטר מיקס 48 יחידות,פארמה פלסט,EG,פלסטר מיקס 48 יחידות,לא מנהל יחידת מידה,0.00,לא מנהל יחידת מידה,false,1,10.90,0.0000,true,1,130428
7290008612531,false,מד חום מהיר וגמיש 10,פארמה פלסט,EG,מד חום מהיר וגמיש 10 שניות,לא מנהל יחידת מידה,0.00,לא מנהל יחידת מידה,false,1,25.90,0.0000,true,1,130425
7290008644112,false,סלט מטבוחה יום יום 1,"שטראוס גרופ בע""מ",IL,סלט מטבוחה יום יום 125 גרם,גרמים,125.00,100 גרם,false,1,6.40,5.1200,true,1,10400
7290008644235,false,מבחר עלי בייבי 120 ג,שטראוס בריאות ירקות,IL,מבחר עלי בייבי 120 גרם שטופים שטראוס,גרמים,120.00,100 גרם,false,1,10.90,9.0833,true,1,10401
7290008644945,false,סלט המושבה שטופים שט,שטראוס בריאות ירקות,IL,סלט המושבה 450 גרם שטראוס טעם הטבע,גרמים,450.00,100 גרם,false,1,13.90,3.0889,true,1,10418
7290008645935,false,חומוס אחלה 750 גרם,"שטראוס גרופ בע""מ",IL,חומוס 750 אחלה,גרמים,750.00,100 גרם,false,1,11.90,1.5867,true,1,24225
7290008693134,false,מעדן דניאלה גבינה תו,"שטראוס בריאות בע""מ",IL,דניאלה תות,גרמים,88.00,100 גרם,false,1,4.90,5.5682,true,1,10495
7290008745239,false,תפוציפס קראנץ,"שטראוס פריטו ליי בע""",IL,תפו קראנצ טבעי 50 גר 48 יח - שמיטה,גרמים,50.00,100 גרם,false,1,5.90,11.8000,true,1,10590
7290008747547,false,תפוציפס קראנץ טבעי 2,"שטראוס פריטו ליי בע""",IL,תפו קראנצ טבעי 200 גר 12 יח - שמיטה,גרמים,200.00,100 גרם,false,1,15.50,7.7500,true,1,10601
7290008750264,false,מסטיק מאסט דובדבן 28,"שטראוס גרופ בע""מ",IL,מסטיק מאסט דובדבן 28 גרם,גרמים,28.00,100 גרם,false,1,6.00,21.4286,true,1,10631
7290008752244,false,תפוציפס קראנץ גריל,"שטראוס פריטו ליי בע""",IL,תפו קראנצ גריל 50 גר 48 יח - שמיטה,גרמים,50.00,100 גרם,false,1,5.90,11.8000,true,1,10642
7290008753111,false,תפוציפס קראנץ מקסיקנ,"שטראוס פריטו ליי בע""",IL,תפו קראנצ מקסיקני 50 גר 48 יח- שמיטה,גרמים,50.00,100 גרם,false,1,5.90,11.8000,true,1,10655
7290008754415,false,מסטיק מאסט ספירמינט,"שטראוס גרופ בע""מ",IL,מסטיק מאסט ספירמינט עדין 28 גרם,גרמים,28.00,100 גרם,false,1,6.00,21.4286,true,1,33890
7290008757034,false,סודה שוופס בקבוק 250,יפאורה תבורי בעמ,IL,"שוופס סודה 250 מ""ל זכוכית",מיליליטרים,250.00,"100 מ""ל",false,1,6.90,2.7600,true,1,10688
7290008775816,false,ערגליות שוקו 300 גרם,"אסם השקעות בע""מ",IL,ערגליות שוקולד 6*300גרם,גרמים,300.00,100 גרם,false,1,13.90,4.6333,true,1,10704
7290008775823,false,ערגליות תות 300 גרם,"אסם השקעות בע""מ",IL,ערגליות תות שדה 6*300גרם,גרמים,300.00,100 גרם,false,1,13.90,4.6333,true,1,10705
7290008801522,false,יין קונקורד קינג דיו,אגודת הכורמים הקואופ,IL,כרמל קינג דיויד קונקורד- יין אדום ממותק 750 מל,מיליליטרים,750.00,"100 מ""ל",false,1,28.90,3.8533,true,1,12648
7290008801843,false,יין סלקטד קברנה סובנ,"כד בני דרום בע""מ",IL,כרמל סלקטד קברנה סוביניון יין אדום יבש 2017 750 מל,מיליליטרים,750.00,"100 מ""ל",false,1,35.90,4.7867,true,1,10732
7290008801850,false,יין סלקטד אמרלד ריזל,אגודת הכורמים הקואופ,IL,כרמל סלקטד אמרלד ריזלינג-קולומברד 2018,מיליליטרים,750.00,"100 מ""ל",false,1,35.90,4.7867,true,1,10733
7290008802291,false,"יין מרלו P.C 750 מ""ל",אגודת הכורמים הקואופ,IL,כרמל פרייבט קולקשן מרלו 2018 יין אדום יבש 750 מל,מיליליטרים,750.00,"100 מ""ל",false,1,45.90,6.1200,true,1,10739
7290008806305,false,שלגון פצפצים,"מיוצר ע"" גלידת שטראו",IL,שלגון פצפצים תות בננה עם סוכרי,גרמים,97.00,100 גרם,false,1,8.90,9.1753,true,1,10796
7290008806961,false,גלידה קרמיסימו שוקול,"גלידת שטראוס בע""מ, ר",IL,קרמיסימו קרמיסימו בטעם שוקולד צ'יפ 1.33 ליטר,ליטרים,1.33,ליטר,false,1,33.90,25.4887,true,1,10802
7290008849661,false,ממרח עגבניות מיובשות,"אוליביה גרומה בע""מ",IL,ממרח עגבניות מיובשות פקנטי אוליביה,גרמים,180.00,100 גרם,false,1,12.90,7.1667,true,1,117674
7290008849845,false,אריסה פקנטית  אוליבי,"אוליביה גרומה בע""מ",IL,אריסה פקנטית  אוליביה 185גרם,גרמים,185.00,100 גרם,false,1,12.90,6.9730,true,1,117675
7290008880112,false,מצת קליפר,Flamagas SA Barcelon,,מצת קליפר,לא מנהל יחידת מידה,0.00,לא מנהל יחידת מידה,false,1,7.50,0.0000,false,1,104110
7290008909761,false,בירה קרלסברג בקבוק,מבשלות בירה בינלאומי,IL,"קרלסברג בק 330 מ""ל פקדון",מיליליטרים,330.00,"100 מ""ל",false,1,14.90,4.5152,true,1,46697
7290008909853,false,קוקה קולה זירו,החברה המרכזית לייצור,IL,"קולה ZERO בקבוק 500 מ""ל",מיליליטרים,500.00,"100 מ""ל",false,1,9.50,1.9000,true,1,47188
7290008909884,false,קוקה קולה ZERO קלאסי,החברה המרכזית לייצור,IL,"קולה ZERO קלאסי 350 מ""ל",מיליליטרים,330.00,"100 מ""ל",false,1,8.50,2.5758,true,1,75648
7290009183436,false,לחמיניה וילי דוג,יושלם,,לחמניה וילי דוג 100 גר,גרמים,100.00,100 גרם,false,1,3.40,3.4000,true,1,56617
7290009398113,false,חלה מתוקה,"גידרון תעשיות בע""מ",,חלה מתוקה                            ח א,גרמים,560.00,100 גרם,false,1,12.90,2.3036,true,1,25103
7290010116980,false,שוקולית שקית,שטראוס קפה בי.וי.,IL,שוקולית 850 גרם - גורם אירוז 9,גרמים,850.00,100 גרם,false,1,28.00,3.2941,true,1,15635
7290010117864,false,דוריטוס חריף אש 70 ג,שטראוס פריטו ליי  בע,IL,דוריטוס חריף אש 70 גרם,גרמים,70.00,100 גרם,false,1,6.90,9.8571,true,1,93682
7290010117970,false,בוטנים אמריקאים סבבה,"שטראוס פריטו ליי בע""",IL,בוטנים אמריקאים סבבה 50 גרם,גרמים,50.00,100 גרם,false,1,3.00,6.0000,true,1,48912
7290010133536,false,סיגריה אלקטרונית חפ,קלאס ספא,CN,סיגריה אלקטרונית ח״פ אייס אוכמניות 3000 שאיפות,יחידה,1.00,יחידה,false,1,99.90,99.9000,true,1,132087
7290010133543,false,סיגריה אלקטרונית חפ,קלאס ספא,CN,סיגריה אלקטרונית ח״פ אייס ענבים 3000 שאיפות,יחידה,1.00,יחידה,false,1,99.90,99.9000,true,1,132088
7290010133581,false,סיגריה אלקטרונית סמא,shenzhen hot technol,CN,סיגריה אלקטרונית סמארט תות אייס 3000 שאיפות,יחידה,1.00,יחידה,false,1,99.90,99.9000,true,1,132681
7290010133604,false,סיגריה אלקטרונית סמא,shenzhen hot technol,CN,סיגריה אלקטרונית סמארט ענבים אייס 3000 שאיפות,יחידה,1.00,יחידה,false,1,99.90,99.9000,true,1,132679
7290010133611,false,סיגריה אלקטרונית סמא,shenzhen hot technol,CN,סיגריה אלקטרונית סמארט פירות אייס 3000 ש,יחידה,1.00,יחידה,false,1,99.90,99.9000,true,1,132678
7290010133628,false,סיגריה אלקטרונית סמא,shenzhen hot technol,CN,סיגריה אלקטרונית סמארט מלון אייס 3000 שאיפות,יחידה,1.00,יחידה,false,1,99.90,99.9000,true,1,132680
7290010154241,false,חזרת 250 גרם,תבליני ביטון יוחאי,IL,ביטון יוחאי המקורי סלט חזרת 250 גרם,גרמים,250.00,100 גרם,false,1,16.90,6.7600,true,1,16403
7290010154678,false,אריסה מרוקאית 250 גר,תבליני ביטון יוחאי,IL,אריסה מרוקאית 250 גרם,גרמים,250.00,100 גרם,false,1,15.90,6.3600,true,1,117381
7290010154685,false,שום כתוש 250 גרם,תבליני ביטון יוחאי,IL,ביטון יוחאי המקורי סלט שום כתוש 250 גרם,גרמים,250.00,100 גרם,false,1,17.40,6.9600,true,1,117382
7290010192816,false,תמר מגהול ללא גלעין,תימורת הערבה,IL,תמר מגהול ללא גלעין 45 גרם,גרמים,45.00,100 גרם,false,1,5.90,13.1111,true,1,130920
7290010237531,false,פפסי קולה בקבוק 500,"טמפו משקאות בע""ם.",IL,פפסי 500 מל בקבוק,מיליליטרים,500.00,"100 מ""ל",false,1,7.90,1.5800,true,1,24616
7290010237548,false,פפסי מקס בקבוק 500 מ,טמפו משקאות בעמ,IL,פפסי מקס בקבוק 500 מל,מיליליטרים,500.00,"100 מ""ל",false,1,7.90,1.5800,true,1,24617
7290010237562,false,"מירינדה בקבוק 500 מ""","טמפו משקאות בע""מ",IL,מירינדה 500 בקבוק 24 יח',מיליליטרים,500.00,"100 מ""ל",false,1,7.90,1.5800,true,1,55713
7290010237579,false,סבן אפ          500,"טמפו משקאות בע""מ",IL,סבן אפ 500 בקבוק,מיליליטרים,500.00,"100 מ""ל",false,1,9.50,1.9000,true,1,24618
7290010237685,false,בירה הייניקן בקבוק,טמפו משקאות בע''מ,IL,"בירה היינקן, בקבוק 330 מ''ל",מיליליטרים,330.00,"100 מ""ל",false,1,15.90,4.8182,true,1,24300
7290010237890,false,בירה הייניקן בקבוק ח,טמפו משקאות בע''מ,IL,"בירה היינקן, בקבוק חוזר 500 מ""ל",מיליליטרים,500.00,"100 מ""ל",false,1,11.90,2.3800,true,1,24339
7290010328093,false,ממרח חלבה  אחווה,אחדות בית חרושת לטחי,IL,אחוה ממרח חלוה  400 גרם,גרמים,400.00,100 גרם,false,1,13.90,3.4750,true,1,39004
7290010328246,false,טחינה שומשום מלא אחו,,IL,טחינה שומשום מלא אחווה 500 גרם,גרמים,500.00,100 גרם,false,1,15.90,3.1800,true,1,74178
7290010328253,false,טחינה גולמית אחווה,"אחדות ביח""ר בעמ",IL,אחוה טחינה גולמית 500 גרם בפלסטיק,גרמים,500.00,100 גרם,false,1,15.90,3.1800,true,1,71746
7290010328468,false,חלבה אחוה מיני בטעמי,"אחדות ביחר לטחינה, ח",IL,"אחוה חטיפי מיני חלוה פיסטוק, וניל וקקאו 18 יחידות",גרמים,216.00,100 גרם,false,1,12.90,5.9722,true,1,96644
7290010328505,false,חלבה אחוה מיני ללא ס,"אחדות ביח""ר בע""מ",IL,חטיפי מיני חלוה ללא תוספת סוכר 15 יח' במגש,גרמים,150.00,100 גרם,false,1,10.90,7.2667,true,1,96645
7290010471669,false,דנונה בר תות קורנפלק,"שטראוס בריאות בע""מ",IL,דנונה  קראנצ תות קורנפלקס,גרמים,175.00,100 גרם,false,1,6.20,3.5429,true,1,21942
7290010577804,false,דקסמול 16 קפליות,דקסל,,דקסמול 16 קפליות,לא מנהל יחידת מידה,0.00,לא מנהל יחידת מידה,false,1,11.90,0.0000,true,1,109135
7290010609734,false,שלוקים אייס לי 800 מ,הדיל,IL,"שלוקים אייס לי 800 מ""ל",מיליליטרים,800.00,"100 מ""ל",false,1,6.90,0.8625,true,1,122159
7290010632121,false,כוס אימון עם ידיות,GZ.B.B,CN,כוס אימון עם ידיות רכות          TULIPS,לא מנהל יחידת מידה,0.00,לא מנהל יחידת מידה,false,1,17.90,0.0000,true,1,117924
7290010632138,false,נשכן קור עם גל טוליפ,F.H.P CO LT,CN,נשכן קור עם גל טוליפס פרימיום,לא מנהל יחידת מידה,0.00,לא מנהל יחידת מידה,false,1,10.90,0.0000,true,1,117911
7290010632534,false,נובי כוס ומכסה 6 יח,מולינו ניקולי s.p.a,CN,נובי 6 כוסות עם מכסה,Unknown,0.00,Unknown,false,1,29.90,0.0000,true,1,118173
7290010632558,true,נובי כפית ארוכה,מולינו ניקולי s.p.a,CN,נובי כפיות האכלה 18 יחידות,לא מנהל יחידת מידה,0.00,לא מנהל יחידת מידה,false,1,20.90,0.0000,true,1,117920
7290010632572,false,נובי נשכן חרוזים,מולינו ניקולי s.p.a,CN,נשכן שרשרת חרוזים נובי +3 חודשים,Unknown,0.00,Unknown,false,1,33.90,0.0000,true,1,118041
7290010632961,true,מברשת+מסרק,F.H.P CO LT,CN,מברשת+מסרק,לא מנהל יחידת מידה,0.00,לא מנהל יחידת מידה,false,1,20.90,0.0000,true,1,117925
7290010657254,false,סרדינים בשמן צמחי 12,יוניון דה פחריס,,סרדינים בשמן צמחי 125 גרם,גרמים,125.00,100 גרם,false,1,5.50,4.4000,true,1,60941
7290010657292,false,צלפים בחומץ צנצנת 35,לוקסאפרס,,צלפים בחומץ צנצנת 350 גרם,גרמים,350.00,100 גרם,false,1,15.00,4.2857,true,1,78259
7290010657490,false,סרדינים בשמן חריף 12,יוניון דה פחריס,,סרדינים בשמן חריף 125 גרם,גרמים,125.00,100 גרם,false,1,13.00,10.4000,true,1,85080
7290010748860,false,אפקטיב קרם ידיים לעו,פישר מעבדות פרמצבטיו,IL,אפקטיב קר קרם ידיים אינטנסיב לעור יבש במ,מיליליטרים,150.00,"100 מ""ל",false,1,12.90,8.6000,true,1,85887
7290010838219,false,ממתיק על בסיס סטיביה,שוגארט,IL,מרמולייט סטיביה ממתיק 100 שקיות,גרמים,100.00,100 גרם,false,1,32.90,32.9000,true,1,91158
7290010839865,false,רוטב רימונים,יושלם,TR,רוטב רימונים 320 גרם,מיליליטרים,320.00,"100 מ""ל",false,1,13.90,4.3438,true,1,61162
7290010859283,false,"פניסטיל ג""ל",נוברטיס,,"פניסטיל ג""ל",Unknown,0.00,Unknown,false,1,39.90,0.0000,true,1,23846
7290010859306,false,אוטריוין  מבוגרים,נוברטיס,,אוטריוין  מבוגרים,Unknown,0.00,Unknown,false,1,29.90,0.0000,true,1,23843
7290010859320,false,אוטריוין מנטול,נוברטיס,,אוטריוין מנטול,Unknown,0.00,Unknown,false,1,34.00,0.0000,true,1,23844
7290011017866,false,קוקה קולה פחית סליק,החברה המרכזית לייצור,IL,"סליק קוקה קולה 330 מ""ל מבצע",מיליליטרים,330.00,"100 מ""ל",false,1,8.50,2.5758,true,1,83538
7290011017873,false,קוקה קולה זירו פחית,החברה המרכזית לייצור,IL,"סליק קולה ZERO 330 מ""ל מבצע",מיליליטרים,330.00,"100 מ""ל",false,1,8.50,2.5758,true,1,83539
7290011017880,false,קוקה קולה דיאט פחית,החברה המרכזית לייצור,IL,"סליק דק""ק 330 מ""ל מבצע",מיליליטרים,330.00,"100 מ""ל",false,1,8.50,2.5758,true,1,83540
7290011018184,false,תה קר FUZE TEA אפרסק,מבשלות בירה בינלאומי,IL,FUZE tea אפרסק 0.5 ליטר,מיליליטרים,500.00,"100 מ""ל",false,1,9.90,1.9800,true,1,83190
7290011018214,false,תה קר FUZE TEA מנגו,מבשלות בירה בעמ,IL,פיוזטי מנגו אננס 0.5 ליטר,מיליליטרים,500.00,"100 מ""ל",false,1,9.90,1.9800,true,1,83193
7290011018443,false,פאנטה אורנג,החברה המרכזית לייצור,IL,"סליק פאנטה אורנג' 330 מ""ל מבצע",מיליליטרים,330.00,"100 מ""ל",false,1,8.50,2.5758,true,1,87993
7290011018917,false,קוקה קולה זירו מארז,החברה המרכזית לייצור,IL,"מארז ק""ק ZERO 6 פח FRIDGE-PACK מבצע",ליטרים,1.98,ליטר,false,1,33.90,17.1212,true,1,89108
7290011018924,false,קוקה קולה דיאט מארז,החברה המרכזית לייצור,IL,דקק 6 פח FRIDGE Pack מבצע,ליטרים,1.98,ליטר,false,1,33.90,17.1212,true,1,89078
7290011026530,false,קמיל בלו סנסיטיב אל,פישר מעבדות פרמצבטיו,IL,קמיל בלו סנסיטיב אל סבון לפני השינה 500 גרם,מיליליטרים,500.00,"100 מ""ל",false,1,16.90,3.3800,true,1,99960
7290011051358,false,סודה שוופס לימון 250,יפאורה תבורי בעמ,IL,"שוופס סודה לימון 250 מ""ל זכוכית",מיליליטרים,250.00,"100 מ""ל",false,1,6.90,2.7600,true,1,110879
7290011081492,false,גלידה קרמיסימו שלושה,"גלידת שטראוס בע""מ, ר",IL,קרמיסימו  קרמיסימו בטעם שלושה שוקולדים 1.33 ליטר,ליטרים,1.33,ליטר,false,1,33.90,25.4887,true,1,41661
7290011131371,false,מוזלי קרנצי שקדים וא,ויטליאה ניקולה דו,MK,מוזלי פלוס אגוזים ושקדים 1 קג,קילוגרמים,1.00,"ק""ג",false,1,29.90,29.9000,true,1,57544
7290011131395,false,מוזלי קראנצי פירות 1,ויטליאה ניקולה דו,MK,גרין מוזלי קראנצ'י בתוספת 30% פירות 1 קג,קילוגרמים,1.00,"ק""ג",false,1,29.90,29.9000,true,1,57543
7290011132507,false,מים סן בנדטו מוגז עד,אקווה מינרלה סאן בנד,IT,סן בנדטו מוגז 500 מל,מיליליטרים,500.00,"100 מ""ל",false,1,5.90,1.1800,true,1,75436
7290011148959,false,פלפל טינקרבל יחידה,מ.ע יזמות,IL,פלפל טינקרבל יחידה,גרמים,500.00,100 גרם,false,1,13.90,2.7800,true,1,103488
7290011194215,false,דניאלה מעדן בננה,"שטראוס בריאות בע""מ",IL,דניאלה מעדן בננה 88 גרם,גרמים,88.00,100 גרם,false,1,5.90,6.7045,true,1,31785
7290011194246,false,קוטג 5% סקי 250 גרם,"שטראוס בריאות בע""מ",IL,קוטג' 5% 250 גרם,גרמים,250.00,100 גרם,false,1,6.20,2.4800,true,1,32203
7290011223038,false,עלים לקרמשניט בונומי,בונומי ס.פ.א,IT,עלים לקרמשניט בונומי 300 גרם,גרמים,300.00,100 גרם,false,1,16.90,5.6333,true,1,71705
7290011223045,false,בישקוטים בונומי 200,בונומי ס.פ.א,IT,בונמי בישקוטים 200 גרם,גרמים,200.00,100 גרם,false,1,8.90,4.4500,true,1,69556
7290011223243,false,"ג""ל לאסלה בניחוח לבנ",דאופלור,IT,ג'ל נוזלי לאסלה בניחוח לבנדר 55 מל,מיליליטרים,55.00,"100 מ""ל",false,1,11.90,21.6364,true,1,33473
7290011239213,false,חטיף מתוק מחרום,ממתקי מחרום,,חטיף מתוק מחרום 100 גר,גרמים,100.00,100 גרם,false,1,6.90,6.9000,true,1,49860
7290011363178,false,לימוסין בטעם לימון,גלקסמן סמית קליים,,לימוסין בטעם לימון,לא מנהל יחידת מידה,7.50,לא מנהל יחידת מידה,false,1,30.20,4.0267,true,1,38433
7290011379926,false,סלרי עלים ארוז יח,אורן אליהו,IL,סלרי עלים ארוז יח,גרמים,400.00,100 גרם,false,1,6.90,1.7250,true,1,69358
7290011438142,false,משקה אייס קפה יטבתה,מחלבת יטבתה,IL,"אייס קפה 350 מ""ל",מיליליטרים,350.00,"100 מ""ל",false,1,7.50,2.1429,true,1,41209
7290011447267,false,מטרנה פרימיום חלבי1,מטרנה תעשיות ש.מ,IL,מטרנה פרימיום חלבי שלב            1 700,גרמים,700.00,100 גרם,false,1,69.90,9.9857,true,1,47047
7290011447281,false,מטרנה פרימיום שלב 2,מטרנה תעשיות ש.מ,IL,מטרנה פרימיום שלב 2 חלבי 700 גרם,גרמים,700.00,100 גרם,false,1,69.90,9.9857,true,1,47049
7290011499051,false,גבינה פטה כבשים 250,MKN עבור מחלבות גד ב,IL,פטה כבשים גבינה מלוחה במי מלח,גרמים,250.00,100 גרם,false,1,28.90,11.5600,true,1,36940
7290011499105,false,גבינה בולגרית 5%  25,"מיוצר ע""י DSH עבור מ",IL,גבינה בולגרית 5%  250 גרם,גרמים,250.00,100 גרם,false,1,27.90,11.1600,true,1,39846
7290011499112,false,גבינה בולגרית 16% בש,"מיוצר ע""י dsh",IL,בולגריות מיוצרת בשיטה מסורתית 16% 250 גרם,גרמים,250.00,100 גרם,false,1,27.90,11.1600,true,1,39847
7290011499129,false,גבינה בולגרית קוביות,קוד יצרן DSH,IL,קוביות בולגרית מעודנת,גרמים,200.00,100 גרם,false,1,25.90,12.9500,true,1,40459
7290011499303,false,גבינה בולגרית 5% עזי,מיוצר על ידי DSH עבו,IL,גד בולגרית עיזים מעודנת 5% שומן,גרמים,250.00,100 גרם,false,1,32.90,13.1600,true,1,48336
7290011499327,false,גבינה בולגרית 5% מעו,מיוצר על ידי DSH עבו,IL,גד גבינת בולגרית מעודנת מחלב בקר במי מלח 5% שומן,גרמים,250.00,100 גרם,false,1,27.90,11.1600,true,1,48338
7290011499341,false,גבינת קאשקבל 200 גרם,"מחלבות גד בע""מ",IL,גד קאשקבלו 26% שומן 200 גרם,גרמים,200.00,100 גרם,false,1,29.90,14.9500,true,1,48868
7290011499358,false,גבינה פטה עיזים 200,מיוצר על ידי קוד יצר,IL,מחלבות גד גבינת פטה עיזים 20% שומן,גרמים,200.00,100 גרם,false,1,29.90,14.9500,true,1,48869
7290011499365,false,גבינה חלומי נענע גד,"מחלבות גד בע""מ",IL,גד גבינת חלומי קשה מחלב בקר 24% שומן 200 גרם,גרמים,200.00,100 גרם,false,1,23.90,11.9500,true,1,48870
7290011499419,false,גבינת ניו יורק במקרם,מחלבות גד,IL,גד מרקם שמנת ניו יורק 5% 200 גרם,גרמים,200.00,100 גרם,false,1,12.90,6.4500,true,1,54714
7290011499624,false,גבינת שמנת ניו יורק,מחלבות גד,IL,"גד, גבינת שמנת בטעם טבעי 30% , 200 גרם",גרמים,200.00,100 גרם,false,1,14.90,7.4500,true,1,65879
7290011515683,false,טילון וניל אקסטרים מ,גלידות נסטלה,IL,אקסטרים טילון וניל בדצ מאח.5 6*72גרם,גרמים,432.00,100 גרם,false,1,39.90,9.2361,true,1,41075
7290011598211,false,מנקה כללי אנטיקאלק,סנו מפעלי ברונוס בעמ,IL,אנטי קאלק מרסס כללי רב שימושי  4 ב 1 700 מל,מיליליטרים,700.00,"100 מ""ל",false,1,21.90,3.1286,true,1,45724
7290011598372,false,מטלית רצפה מיקרופייב,N.S.H.P,CN,סנו סושי מטלית מקצועית לניקוי ריצפה עם חור למגב,Unknown,0.00,Unknown,false,1,19.90,0.0000,true,1,42144
7290011765446,false,משחת שיניים אורביטול,טרופיקל דגיל תעשיות,IL,משחת שיניים אורביטול בוב ספוג 70 גרם,גרמים,70.00,100 גרם,false,1,10.90,15.5714,true,1,42654
7290011800840,false,טחינה לבנה   400 גרם,סלטי צבר,IL,צבר טחינה בלאדי 6*400 גרם,גרמים,400.00,100 גרם,false,1,17.90,4.4750,true,1,58094
7290011870225,false,סוללות פוזיקום  4AAA,פוג'יקום,,סוללות פוזיקום  4AAA,יחידה,1.00,יחידה,false,1,9.90,9.9000,true,1,112141
7290011870249,false,סוללות פוזיקום 12AAA,פוג'יקום,,סוללות פוזיקום 12AAA,לא מנהל יחידת מידה,0.00,לא מנהל יחידת מידה,false,1,19.90,0.0000,true,1,112154
7290011870256,false,מארז 4 פוגיקום AA,פוג'יקום,,מארז 4 פוגיקום AA,יחידה,1.00,יחידה,false,1,9.90,9.9000,true,1,112140
7290011870270,false,סוללות פוזיקום 12AA,פוג'יקום,,סוללות פוזיקום 12AA,לא מנהל יחידת מידה,0.00,לא מנהל יחידת מידה,false,1,19.90,0.0000,true,1,112155
7290011870720,false,סוללות פוזיקום  D,פוג'יקום,,סוללות פוזיקום  D,יחידה,1.00,יחידה,false,1,23.90,23.9000,true,1,66715
7290011870737,false,סוללות פוזיקום  C,פוג'יקום,,סוללות פוזיקום  C,יחידה,1.00,יחידה,false,1,21.90,21.9000,true,1,112150
7290011870744,false,סוללות פוזיקום 9V,פוג'יקום,,סוללות פוזיקום 9V,יחידה,1.00,יחידה,false,1,19.90,19.9000,true,1,66716
7290011877095,false,רדיד אלומיניום זוג,בורסה פאזרי,TR,רדיד אלומיניום זוג15מ רוחב45סמ,מטרים,1500.00,מטר,false,1,25.60,0.0171,true,1,46223
7290011947309,false,זית ירוק עם לימון כב,זיתא – י.ט.ב תעשיות,IL,זית סורי מבוקע,גרמים,230.00,100 גרם,false,1,14.90,6.4783,true,1,93212
7290011964689,false,תבלין על האש מיכל,תבליני טעם וריח,IL,"תבליני טעם וריח תערובת תיבול על האש, 100 גרם",Unknown,0.00,Unknown,false,1,10.90,0.0000,true,1,66148
7290011964702,false,תבלין לשווארמה מיכל,תבליני טעם וריח,IL,"תבליני טעם וריח תערובת תיבול לשווארמה, 100 גרם",גרמים,110.00,100 גרם,false,1,10.90,9.9091,true,1,66150
7290011996000,false,אטריות עגבניות 454 ג,פוקולוקו,,אטריות עגבניות 454 גרם,גרמים,454.00,100 גרם,false,1,9.90,2.1806,true,1,50706
7290011996017,false,אטריות תרד 454 גרם,קסימאן,,אטריות תרד 454 גרם,גרמים,454.00,100 גרם,false,1,9.90,2.1806,true,1,50704
7290011996062,false,"אורז לסושי 1 ק""ג",דדוש דניאל,,"אורז לסושי 1 ק""ג",קילוגרמים,1.00,"ק""ג",false,1,16.90,16.9000,true,1,52303
7290011996185,false,"חומץ אורז 250 מ""ל",דדוש דניאל,,"חומץ אורז 250 מ""ל",מיליליטרים,250.00,"100 מ""ל",false,1,8.50,3.4000,true,1,52590
7290011996222,false,חלב קוקוס אסיה 400 מ,פוקולוקו,,"חלב קוקוס אסיה 400 מ""ל",מיליליטרים,400.00,"100 מ""ל",false,1,7.80,1.9500,true,1,56170
7290011996277,false,מחצלת לסושי אסיה,פוקולוקו,,מחצלת לסושי אסיה,יחידה,1.00,יחידה,false,1,5.90,5.9000,true,1,53133
7290011996529,false,"אטריות אורז 5 מ""מ 40",להיאן תאי רייס,,"אטריות אורז 5 מ""מ 400 גרם",גרמים,400.00,100 גרם,false,1,9.90,2.4750,true,1,53011
7290011996642,false,שומשום שחור קלוי,אסיה,,שומשום שחור קלוי 100 גרם,גרמים,100.00,100 גרם,false,1,12.90,12.9000,true,1,50707
7290011996789,false,פירורי לחם יפניים פנ,שנחאי אנגאנה פוד,,פירורי לחם יפניים פנקו 200 גרם,גרמים,200.00,100 גרם,false,1,8.90,4.4500,true,1,56872
7290012030536,false,ל.מ סילברPP חפיסה,פיליפ מוריס,,ל.מ סילברPP חפיסה,יחידה,1.00,יחידה,false,1,31.00,31.0000,false,1,114242
7290012117916,false,אינסטלטור נוזלי,"סנו מפעלי ברונוס בע""",IL,סנו אינסטלטור נוזלי 1 ליטר,ליטרים,1.00,ליטר,false,1,31.90,31.9000,true,1,84983
7290012226021,false,סלמי מעושן פראג זוגל,זוגלובק,IL,זוגלובק סלמי מעושן פראג 400 גרם א.מ.,גרמים,400.00,100 גרם,false,1,23.90,5.9750,true,1,63106
7290012226120,false,קבנוס 135 גרם,זוגלובק,IL,זוגלובק קבנוס 135 גרם,גרמים,135.00,100 גרם,false,1,12.90,9.5556,true,1,68622
7290012227325,false,סלמי מעושן איטלקי דק,זוגלובק,IL,זוגלובק סלמי מעושן איטלקי 120 גרם דק דק דק,גרמים,120.00,100 גרם,false,1,15.90,13.2500,true,1,114994
7290012227974,false,פסטרמה בדבש דק דק 12,זוגלובק,IL,זוגלובק פסטרמה בדבש 120 גרם דק דק דק,גרמים,120.00,100 גרם,false,1,15.90,13.2500,true,1,114996
7290012227981,false,פסטרמה ברביקיו דק דק,זוגלובק,IL,זוגלובק פסטרמה ברביקיו 120 גרם דק דק דק,גרמים,120.00,100 גרם,false,1,15.90,13.2500,true,1,114997
7290012227998,false,חזה בקר דק דק 120 גר,זוגלובק,IL,זוגלובק חזה בקר 120 גרם דק דק דק,גרמים,120.00,100 גרם,false,1,15.90,13.2500,true,1,114995
7290012245176,false,CHIPS  וופל ציפס קרי,אגריסטו,BE,CHIPS  וופל ציפס קריספי 700גרם,גרמים,700.00,100 גרם,false,1,14.90,2.1286,true,1,131282
7290012245275,false,CHIPS ציפס בטטה קריס,אגריסטו,BE,"CHIPS ציפס בטטה קריספי  1 ק""ג",קילוגרמים,1.00,"ק""ג",false,1,26.90,26.9000,true,1,131284
7290012263453,false,מד חום גמיש מהיר,גזיאנג,CN,מד חום גמיש מהיר,יחידה,1.00,יחידה,false,1,21.90,21.9000,true,1,126874
7290012309311,false,ערמונים מקולפים,"דין שיווק וקליה בע""מ",,ערמונים מקולפים 105 גרם,גרמים,105.00,100 גרם,false,1,7.90,7.5238,true,1,132115
7290012404177,false,שוופס מוגז פירות תפו,יפאורה תבורי בעמ,IL,"שוופס מוגז פירות תפוחים 330 מ""ל זכוכית",מיליליטרים,330.00,"100 מ""ל",false,1,9.90,3.0000,true,1,60509
7290012404184,false,שוופס מוגז פירות לימ,יפאורה תבורי בעמ,IL,"שוופס מוגז פירות לימונים 330 מ""ל זכוכית",מיליליטרים,330.00,"100 מ""ל",false,1,9.90,3.0000,true,1,60456
7290012483233,false,אנשובי ארוך בשמן זית,נמצאו,ES,אנשובי ארוך בשמן זית 80 גרם,גרמים,80.00,100 גרם,false,1,14.90,18.6250,true,1,60313
7290012522581,false,שניצל תירס ללא גלוטן,טבעול,IL,טבעול שניצל תירס ללא גלוטן 6*664גרם,גרמים,660.00,100 גרם,false,1,30.90,4.6818,true,1,79987
7290012525452,false,טילון אקסטרים שוקו ו,גלידות נסטלה (נגה גל,IL,אקסטרים טילון שוקו וניל בדצ 24*70גרם-חדש,גרמים,70.00,100 גרם,false,1,10.50,15.0000,true,1,64405
7290012576607,false,יין פרמייר קברנה מלב,"ברקן שיווק והפצה בע""",IL,ברקן פרימייר קברנה סובניון אדום 750 מ,מיליליטרים,750.00,"100 מ""ל",false,1,34.90,4.6533,true,1,103762
7290012576614,false,יין פרמייר ריזלינג 7,יקבי ברקן שיווק והפצ,IL,"יין פרמייר ריזלינג 750 מ""ל",מיליליטרים,750.00,"100 מ""ל",false,1,34.90,4.6533,true,1,103761
7290012588570,false,ווטר בוקס מי מעיין 5,בורסה פזרי,IE,"ווטר בוקס מי מעיין 500 מ""ל",מיליליטרים,500.00,"100 מ""ל",false,1,6.90,1.3800,true,1,133049
7290012724817,false,נענע ארוז ליח,אורן אליהו,IL,נענע ארוז ליח,גרמים,70.00,100 גרם,false,1,5.90,8.4286,true,1,103724
7290012724824,false,שמיר ארוז ליח,אורן אליהו,IL,שמיר ארוז ליח,גרמים,70.00,100 גרם,false,1,5.90,8.4286,true,1,103722
7290012724831,false,כוסברה ארוז ליח,אורן אליהו,IL,כוסברה ארוז ליח,גרמים,70.00,100 גרם,false,1,5.90,8.4286,true,1,103723
7290012724848,false,פטרוזיליה ארוז ליח,אורן אליהו,IL,פטרוזיליה ארוז ליח,גרמים,70.00,100 גרם,false,1,5.90,8.4286,true,1,92910
7290012759017,false,חטיף אנרגיה מיקס ממה,ממה חטיפי אנרגיה,,חטיף אנרגיה מיקס ממה 50 גרם,גרמים,50.00,100 גרם,false,1,8.50,17.0000,true,1,56551
7290012759031,false,חטיף אנרגיה בננה ופק,ממה חטיפי אנרגיה,,חטיף אנרגיה בננה ופקאן ממה אישי 50 גרם,גרמים,50.00,100 גרם,false,1,8.50,17.0000,true,1,64528
7290012759215,false,חטיף אנרגיה קינואה ט,ממה חטיפי אנרגיה,,חטיף אנרגיה קינואה טחינה אגוזים ממה 25 ג,גרמים,25.00,100 גרם,false,1,8.50,34.0000,true,1,91080
7290012759529,false,טרפלס טחינה ושקדים 2,ממה חטיפי אנרגיה,,טרפלס טחינה ושקדים 280 גרם,גרמים,280.00,100 גרם,false,1,34.90,12.4643,true,1,112574
7290012759710,false,חטיף בראוניז קוקוס ו,ממה חטיפי אנרגיה,IL,חטיף בראוניז קוקוס ואגוז מלך 50 גרם,גרמים,50.00,100 גרם,false,1,8.90,17.8000,true,1,122517
7290012759727,false,חטיף בראוניז פקאן ופ,ממה חטיפי אנרגיה,IL,חטיף בראוניז פקאן ופולי קקאו 50 גרם,גרמים,50.00,100 גרם,false,1,8.90,17.8000,true,1,122516
7290012759949,false,מארז חטיף חלבון תמר,ממה,IL,מארז חטיף חלבון תמר קרם לוז יה עם חלבון,גרמים,50.00,100 גרם,false,1,10.90,21.8000,true,1,127165
7290012759956,false,מארז חטיף חלבון תמר,ממה,IL,מארז חטיף חלבון תמר פקאן  עם חלבון,גרמים,50.00,100 גרם,false,1,10.90,21.8000,true,1,127166
7290012803055,false,סוכרלוז מרמולייט 100,שוגארט,IL,מרמוליט סוכרלוז ממתיק 100 שקיות,גרמים,100.00,100 גרם,false,1,26.90,26.9000,true,1,56519
7290012803352,false,תרסיס רייד קוטל חרקי,אס.סי.ג'ונסון מידרכט,NL,רייד קוטל זבובים ויתושים 300 מל,מיליליטרים,300.00,"100 מ""ל",false,1,22.90,7.6333,true,1,67787
7290012803765,false,שוקולד מריר ללא סוכר,אלטינמארקה גידה סאן,TR,טוסו שוקולד מריר ללא תוספת סוכר 100 גרם,גרמים,100.00,100 גרם,false,1,12.60,12.6000,true,1,81887
7290012823398,false,מטליות לחות לריצפה ב,סנו מפעלי ברונו בעמ,IL,"סנו רצפז, מטליות לחות לניקוי הרצפה,970 גרם",יחידה,1.00,יחידה,false,1,16.90,16.9000,true,1,113235
7290012823602,false,נייר טואלט סופט 32 ג,טרופיקל דגיל תעשיות,IL,נייר טואלט סופט 32 גלילים,מטרים,58800.00,מטר,false,1,35.90,0.0006,true,1,71899
7290012911293,false,"דפי אורז 22 ס""מ 300",אסיה,,"דפי אורז 22 ס""מ 300  גרם",גרמים,300.00,100 גרם,false,1,14.90,4.9667,true,1,66967
7290012911477,false,קרם קוקוס גולד 400 ג,אסיה,,קרם קוקוס גולד 400 גרם,גרמים,400.00,100 גרם,false,1,9.90,2.4750,true,1,75242
7290012911804,false,שמן שומשום אסיה 150,מזרח מערב,,"שמן שומשום אסיה 150 מ""ל",מיליליטרים,150.00,"100 מ""ל",false,1,11.00,7.3333,true,1,74521
7290012911866,false,דפי אורז מרובעים 300,פוקולוקו,,דפי אורז מרובעים 300 גרם,גרמים,300.00,100 גרם,false,1,17.00,5.6667,true,1,87681
7290012921025,false,בירה מלכה בהירה בקבו,בירה מלכה בעמ,IL,בירה מלכה בהירה 6.5% כוהל 330 מל,מיליליטרים,330.00,"100 מ""ל",false,1,17.90,5.4242,true,1,79204
7290012921032,false,בירה מלכה אדמונית בק,בירה מלכה בעמ,IL,בירה מלכה אדמונית 5.5% כוהל 330 מל,מיליליטרים,330.00,"100 מ""ל",false,1,17.90,5.4242,true,1,79203
7290012938580,false,סנסודיין משחת שיניים,גלקסוסמית'קליין קונס,,סנסודיין משחת שיניים הלבנה עדינה 75 מל,מיליליטרים,75.00,"100 מ""ל",false,1,21.90,29.2000,true,1,75419
7290013038234,false,מים אקווה נובה שישיי,"איי, בי, אינבוו",IL,אקווה נובה מים מזוככים 2 ליטר שישייה,ליטרים,12.00,ליטר,false,1,15.90,1.3250,true,1,62055
7290013038432,false,מים אקווה נובה בקבוק,אקווה נובה,IL,אקווה נובה מים מזוככים,ליטרים,2.00,ליטר,false,1,5.50,2.7500,true,1,62056
7290013068361,false,שמן זית אליעד כתית מ,קרלו,IL,שמן זית אליעד כתית מעולה 750 מל,מיליליטרים,750.00,"100 מ""ל",false,1,38.90,5.1867,true,1,123130
7290013068699,false,שמן זית כתית מעולה ע,קרלו,IL,"שמן זית כתית מעולה עשיר אליעד 750מ""ל",מיליליטרים,750.00,"100 מ""ל",false,1,38.90,5.1867,true,1,125300
7290013068705,false,שמן זית כתית מעולה ק,קרלו,IL,שמן זית כתית מעולה קטיפתי אליעד750 מל,מיליליטרים,750.00,"100 מ""ל",false,1,38.90,5.1867,true,1,125299
7290013092236,false,רני מנטה,פייזר,,רני מנטה,Unknown,0.00,Unknown,false,1,29.90,0.0000,true,1,116073
7290013092571,false,בפנטן פלוס משחה,GP,,בפנטן פלוס משחה,Unknown,0.00,Unknown,false,1,34.90,0.0000,true,1,109159
7290013117212,false,בורקס פילו במילוי גב,"מעדנות בע""מ",IL,בורקס פילו במילוי גבינה 600 גרם,גרמים,600.00,100 גרם,false,1,23.90,3.9833,true,1,62060
7290013117243,false,בורקס פילו בולגרית 6,"מעדנות בע""מ",IL,בורקס פילו בולגרית 600 גרם,גרמים,600.00,100 גרם,false,1,23.90,3.9833,true,1,62063
7290013117410,false,מארז בצק פריך מתוק,"מעדנות בע""מ",IL,מארז בצק פריך מתוק 450 גר            2*,גרמים,900.00,100 גרם,false,1,26.90,2.9889,true,1,72830
7290013117526,false,בצק שמרים למאפים,"מעדנות בע""מ",IL,בצק שמרים למאפים מתוקים 900 גר,גרמים,900.00,100 גרם,false,1,26.90,2.9889,true,1,74829
7290013144393,false,תמצית וניל,א.ל ייצור ושיווק תבל,IL,מימונס תמצית אפיה בטעם וניל 50 מל,מיליליטרים,50.00,"100 מ""ל",false,1,5.20,10.4000,true,1,77444
7290013144416,false,תמצית שקדים,א.ל ייצור ושיווק תבל,IL,מימונס תמצית אפיה בטעם שקדים 50 מל,גרמים,50.00,100 גרם,false,1,4.90,9.8000,true,1,94818
7290013144508,false,תמצית בטעם ורדים 50,א.ל ייצור ושיווק תבל,IL,מימונס תמצית אפיה בטעם ורדים 50 מל,גרמים,50.00,100 גרם,false,1,8.90,17.8000,true,1,65423
7290013145017,true,אגוז מלך קלוף מימונס,א.ל ייצור ושיווק תבל,IL,מימונס אגוז מלך קלוף 100 גרם,גרמים,100.00,100 גרם,false,1,13.90,13.9000,true,1,117866
7290013145024,true,אגוז מלך טחון מימונס,א.ל ייצור ושיווק תבל,IL,מימונס אגוז מלך טחון 100 גרם,גרמים,100.00,100 גרם,false,1,15.90,15.9000,true,1,67948
7290013145055,true,פרג שלם,א.ל ייצור ושיווק תבל,IL,פרג שלם,גרמים,100.00,100 גרם,false,1,6.20,6.2000,true,1,117868
7290013145123,true,שקד מולבן פרוס,א.ל ייצור ושיווק תבל,IL,מימונס שקד מולבן פרוס 100 גרם,Unknown,0.00,Unknown,false,1,13.90,0.0000,true,1,72078
7290013145178,true,קוקוס טחון לבן,א.ל ייצור ושיווק תבל,IL,"מיימונס, קוקוס טחון לבן, 100 גרם",גרמים,100.00,100 גרם,false,1,4.90,4.9000,true,1,117874
7290013145192,true,שומשום,א.ל ייצור ושיווק תבל,IL,"מימונס, שומשום, 100% טהור, 100 גרם",גרמים,100.00,100 גרם,false,1,5.20,5.2000,true,1,117875
7290013145628,false,סוכריות אדומות לקישו,א.ל ייצור ושיווק תבל,IL,סוכריות אדומות לקישוט 200גרם,גרמים,200.00,100 גרם,false,1,8.90,4.4500,true,1,117836
7290013145710,false,דובדבנים מסוכרים,א.ל ייצור ושיווק תבל,IL,דובדבנים מסוכרים לקישוט ואפייה,גרמים,100.00,100 גרם,false,1,9.90,9.9000,true,1,65431
7290013145840,false,סוכר וניל,א.ל ייצור ושיווק תבל,IL,סוכר וניל 10 יח' בצלופן,גרמים,100.00,100 גרם,false,1,2.60,2.6000,true,1,74955
7290013145857,false,אבקת אפיה,י. כהן בעמ,IL,מימונס מארז אבקת אפייה 10 יחידות,גרמים,100.00,100 גרם,false,1,2.50,2.5000,true,1,74956
7290013145918,false,אבקת סוכר,א.ל. ייצור ושיווק תב,IL,מימונס אבקת סוכר ללא גלוטן 100 גרם,לא מנהל יחידת מידה,0.00,לא מנהל יחידת מידה,false,1,2.00,0.0000,true,1,117857
7290013145949,false,אבקת סוכר אריזת פטנט,א.ל ייצור ושיווק תבל,IL,מימונס אבקת סוכר 250 גרם,גרמים,250.00,100 גרם,false,1,16.90,6.7600,true,1,65162
7290013145963,true,שמרים בואקום 125 ג,לה - סאף ייצור וסחר,CN,מימונס שמרים יבשים בואקום 125 גרם,גרמים,125.00,100 גרם,false,1,6.90,5.5200,true,1,96058
7290013153432,false,מיץ סחוט לימונענע 40,היינץ צפון אמריקה מק,IL,"סחוט לימונענע 400 מ""ל",מיליליטרים,400.00,"100 מ""ל",false,1,12.50,3.1250,true,1,108251
7290013153586,false,פריגת פירות יער קפוא,היינץ צפון אמריקה מק,IL,קפוא פירות יער,מיליליטרים,340.00,"100 מ""ל",false,1,14.90,4.3824,true,1,115347
7290013153616,false,סחוט ENERGIZE רימון,גת,IL,סחוט ENERGIZE רימון וסלק 400,מיליליטרים,400.00,"100 מ""ל",false,1,12.50,3.1250,true,1,122299
7290013268891,false,"סנו אוקסיג""ן ג""ל 3 ל","סנו מפעלי ברונוס בע""",IL,ג'ל אוקסיג'ן ללא אקונומיקה 3 ליטר,ליטרים,3.00,ליטר,false,1,34.60,11.5333,true,1,72904
7290013269287,false,"ג""ל כביסה מקסימה בני","סנו מפעלי ברונוס בע""",IL,מקסימה ג'ל כביסה מרוכז מאסק 3 ליטר,ליטרים,3.00,ליטר,false,1,35.90,11.9667,true,1,80272
7290013269348,false,תחנות K 300,סנו  מפעלי ברונוס בע,IL,K3 תחנת פיתיון- קוטל תיקנים (ג'וקים) בבית ובחצר,לא מנהל יחידת מידה,0.00,לא מנהל יחידת מידה,false,1,49.90,0.0000,true,1,123113
7290013269447,false,סושי אטבים פרימיום,,,סושי אטבים פרימיום,ליטרים,2.00,ליטר,false,1,9.90,4.9500,true,1,107351
7290013269621,false,ריצפז פרש הום מלון ב,סנו מפעלי ברונוס בעמ,IL,"סנו ריצפז, תרכיז ריחני לניקוי כל סוגי הרצפות",ליטרים,2.00,ליטר,false,1,23.90,11.9500,true,1,119811
7290013269645,false,ריצפז מטליות לחות לר,סנו מפעלי ברונוס בעמ,IL,מטליות רצפז מאסק,Unknown,0.00,Unknown,false,1,16.90,0.0000,true,1,90811
7290013269669,false,נוזל רצפות  פנטזיה,"סנו מפעלי ברונוס בע""",IL,ריצפז בניחוח פנטזיה לניקוי הריצפה 3 ליטר,ליטרים,3.00,ליטר,false,1,15.90,5.3000,true,1,85691
7290013269751,false,מטליות לחות לרצפה בנ,"סנו, ח.צ 520032988",IL,"סנו רצפז, מטליות לחות לניקוי הרצפה.",לא מנהל יחידת מידה,7.50,לא מנהל יחידת מידה,false,1,16.90,2.2533,true,1,119465
7290013310101,false,שיפודי במבוק גמבו 50,הדקלאים אגודת שיתופי,CN,שיפודי במבוק ג'מבו 50 יחידות,Unknown,0.00,Unknown,false,1,5.90,0.0000,true,1,103582
7290013440648,false,שלגוני אבטיח מארז 5,גלידות נסטלה (נגה גל,IL,שלגוני אבטיח מארז 5 יחידות,גרמים,540.00,100 גרם,false,1,29.90,5.5370,true,1,81252
7290013520067,false,10 לחמניות אצבע אגמי,מאפיית אגמי,,10 לחמניות אצבע אגמי,גרמים,750.00,100 גרם,false,1,16.90,2.2533,true,1,98833
7290013520111,false,לחמניית המבורגר,מאפיית אגמי,IL,לחמניית המבורגר אמריקאי 6 יח,גרמים,600.00,100 גרם,false,1,17.90,2.9833,true,1,121389
7290013520463,true,כוסמין לחם בריאות,,,כוסמין לחם בריאות,גרמים,600.00,100 גרם,false,1,17.90,2.9833,true,1,120988
7290013585233,false,ספרייט זירו פחית סלי,קוקה קולה,IL,"גזוז בטעם לימון ליים דל קלוריות 330 מ""ל",מיליליטרים,330.00,"100 מ""ל",false,1,8.50,2.5758,true,1,104197
7290013585387,false,קוקה קולה זירו בקבוק,החברה המרכזית לייצור,IL,ZERO תריסר 1 ליטר,ליטרים,1.00,ליטר,false,1,12.50,12.5000,true,1,102661
7290013585394,false,קוקה קולה 1 ליטר,החברה המרכזית לייצור,IL,קוקה קולה 1 ליטר תריסר,ליטרים,1.00,ליטר,false,1,12.50,12.5000,true,1,102660
7290013608260,false,מיץ רימונים פרימור ס,גניר,IL,7290068700001,ליטרים,1.00,ליטר,false,1,28.50,28.5000,true,1,97677
7290013702418,false,שוופס מוגז עדין אפרס,יפאורה תבורי בעמ,IL,"שוופס מוגז עדין אפרסק 330 מ""ל זכוכית",מיליליטרים,330.00,"100 מ""ל",false,1,9.90,3.0000,true,1,111002
7290013702425,false,שוופס מוגז עדין פירו,יפאורה תבורי בעמ,IL,"שוופס מוגז עדין פירות יער 330 מ""ל זכוכית",מיליליטרים,330.00,"100 מ""ל",false,1,9.90,3.0000,true,1,111003
7290013906441,false,קבנוס 120 גרם,הנסיך- מפעל לייצור ט,IL,קבנוס נקניק מעושן יבש 120 גרם,גרמים,120.00,100 גרם,false,1,13.90,11.5833,true,1,91700
7290013906458,false,קבנוס בטעם פיקנטי 12,הנסיך- מפעל לייצור ט,IL,טירת צבי קבנוס פיקנטי נקניק מעושן יבש 120 גרם,גרמים,120.00,100 גרם,false,1,13.90,11.5833,true,1,95306
7290013906489,false,חטיפי מיני קבנוס 120,הנסיך- מפעל לייצור ט,IL,טירת צבי חטיפי מיני קבנוס 120 גרם,גרמים,120.00,100 גרם,false,1,13.90,11.5833,true,1,95307
7290013971555,false,מארז פוגיקום 8+4,פוג'יקום,,מארז פוגיקום 8+4,לא מנהל יחידת מידה,0.00,לא מנהל יחידת מידה,false,1,19.90,0.0000,true,1,94366
7290014079014,false,חסה לבבות קיסר,אליהו חדד,IL,חסה לבבות קיסר,גרמים,300.00,100 גרם,false,1,12.90,4.3000,true,1,92746
7290014079328,false,לוף/כרישה קצוץ יח,חקלאי,IL,לוף/כרישה קצוץ יח,גרמים,500.00,100 גרם,false,1,9.90,1.9800,true,1,103729
7290014079526,false,כרובית ארוזה יח,חקלאי,IL,כרובית ארוזה יח,קילוגרמים,1.50,"ק""ג",false,1,13.90,9.2667,true,1,118311
7290014079854,false,לבבות חסה,חקלאי,IL,לבבות חסה,גרמים,700.00,100 גרם,false,1,14.90,2.1286,true,1,108763
7290014092532,false,דלעת חתוכה ליח,חקלאי,IL,דלעת חתוכה ליח,גרמים,850.00,100 גרם,false,1,14.90,1.7529,true,1,109833
7290014094260,false,שום מקולף 170 גרם,איתן מרגוליס,IL,שום מקולף 170 גרם,גרמים,170.00,100 גרם,false,1,12.90,7.5882,true,1,104055
7290014094864,false,פיסטוק קלוי 170גרם,דין שיווק,IL,פיסטוק קלוי 170גרם,גרמים,170.00,100 גרם,false,1,22.90,13.4706,true,1,129903
7290014217119,false,ציפס מיכל 100 גר,תבליני טעם וריח,IL,"תבליני טעם וריח תערובת תיבול לצ'יפס, 100 גרם",Unknown,0.00,Unknown,false,1,10.90,0.0000,true,1,100878
7290014217140,false,ראס אל חנות מיכל100,תות ממתקי איכות,IL,תבליני טעם וריח ראס אל חנות 100 גרם,גרמים,100.00,100 גרם,false,1,10.90,10.9000,true,1,100881
7290014217171,false,גריל דג מיכל 100 גר,תות ממתקי איכות,IL,תבליני טעם וריח תערובת תיבול גריל דג 100 גרם,Unknown,0.00,Unknown,false,1,10.90,0.0000,true,1,100884
7290014217225,false,תערובת תיבול גריל עו,תבליני טעם וריח,IL,"תבליני טעם וריח, תערובת תיבול גריל עוף, 120 גרם",גרמים,120.00,100 גרם,false,1,10.90,9.0833,true,1,96916
7290014217355,false,אבקת קרי,תבליני טעם וריח,IL,"תבליני טעם וריח, אבקת קארי, 100 גרם",Unknown,0.00,Unknown,false,1,10.90,0.0000,true,1,97256
7290014217492,false,תיבול פילדלפיה 100 ג,תות ממתקי איכות,IL,תבליני טעם וריח תערובת תיבול פילדלפיה 100 גרם,גרמים,100.00,100 גרם,false,1,10.90,10.9000,true,1,121002
7290014218932,false,חטיפי פיצה בתוספת זי,"מעדנות בע""מ",IL,חטיפי פיצה בתוספת זיתים בשקית 710 גרם,גרמים,710.00,100 גרם,false,1,34.90,4.9155,true,1,121194
7290014256620,false,יין BUZZ קריניאנו 75,"כד בני דרום בע""מ",IL,"יין BUZZ קריניאנו 750 מ""ל",מיליליטרים,750.00,"100 מ""ל",false,1,35.90,4.7867,true,1,100446
7290014256637,false,יין BUZZ  מוסקטו 750,"כד בני דרום בע""מ",IL,"יין BUZZ  מוסקטו 750 מ""ל",מיליליטרים,750.00,"100 מ""ל",false,1,35.90,4.7867,true,1,100447
7290014369252,false,שלגון MOJO מנגו בצ.ק,פיקסל,IL,שלגון MOJO מנגו בצ.קוקוס67 גרם,גרמים,67.00,100 גרם,false,1,10.90,16.2687,true,1,128997
7290014369306,false,שלגון MOJO תות שדה ט,איתלק,IL,שלגון MOJO תות שדה טבעי 70 גרם,גרמים,70.00,100 גרם,false,1,10.90,15.5714,true,1,121263
7290014369320,false,שלגון MOJO סורבה קוק,איתלק,IL,שלגון MOJO סורבה קוקוס טבעי 70 גרם,גרמים,70.00,100 גרם,false,1,10.90,15.5714,true,1,121265
7290014369337,false,שלגון MOJO מנגו טרופ,איתלק,IL,שלגון MOJO מנגו טרופי  טבעי 70 גרם,גרמים,70.00,100 גרם,false,1,10.90,15.5714,true,1,121266
7290014369351,false,מנגו אננס ופסיפלורה,איתלק,IL,מנגו אננס ופסיפלורה טבעיים 70 גרם,גרמים,70.00,100 גרם,false,1,10.90,15.5714,true,1,121268
7290014369382,false,שלגון MOJO פיסטוק מו,איתלק,IL,שלגון MOJO פיסטוק מובחר  טבעי 70 גרם,גרמים,70.00,100 גרם,false,1,10.90,15.5714,true,1,121270
7290014369412,false,שלגון MOJO שוקולד בל,איתלק,IL,שלגון MOJO שוקולד בלגי  70 גרם,גרמים,70.00,100 גרם,false,1,10.90,15.5714,true,1,121273
7290014369450,false,קוקוס ואננס טבעיים,,,קוקוס ואננס טבעיים,יחידה,1.00,יחידה,false,1,10.90,10.9000,true,1,123630
7290014369795,false,שלגון אננס עם חתיכות,גלידת אילו,IL,שלגון אננס עם חתיכות תות 71גרם,גרמים,71.00,100 גרם,false,1,10.90,15.3521,true,1,131487
7290014369818,false,שלגון מסקרפונה עם חת,גלידת אילו,IL,שלגון מסקרפונה עם חתיכות אפרסק 71גרם,גרמים,71.00,100 גרם,false,1,10.90,15.3521,true,1,131485
7290014369825,false,שלגון תות עם חתיכות,גלידת אילו,IL,שלגון תות עם חתיכות ליצי 71גרם,גרמים,71.00,100 גרם,false,1,10.90,15.3521,true,1,131489
7290014369832,false,שלגון מקיאטו 71גרם,גלידת אילו,IL,שלגון מקיאטו 71גרם,גרמים,71.00,100 גרם,false,1,10.90,15.3521,true,1,131486
7290014397514,false,מבשם אויר נטול גז כו,"סנו מפעלי ברונוס בע""",IL,פרש הום מבשם לבית כותנה מלטפת 350 מל,מיליליטרים,350.00,"100 מ""ל",false,1,17.90,5.1143,true,1,86460
7290014397835,false,סמארט מכשיר+מילוי45,ZOBELE,IT,סמארט מכשיר+מילוי 45 לילות,לא מנהל יחידת מידה,0.00,לא מנהל יחידת מידה,false,1,39.90,0.0000,true,1,101800
7290014455245,false,גבינת פדנו משולש 200,מחלבת סוציאלה מנטובה,IT,גד גרנה פדנו גבינה קשה 29% שומן,גרמים,200.00,100 גרם,false,1,27.90,13.9500,true,1,107833
7290014455252,false,גבינת גרנה פדנו מגור,מחלבות גד,IT,גד גרנה פדנו גבינה קשה מגוררדת 29% שומן,גרמים,100.00,100 גרם,false,1,14.90,14.9000,true,1,107835
7290014472136,false,גרעין שחור קלוי 150ג,דין שיווק,IL,גרעין שחור קלוי 150גרם,גרמים,150.00,100 גרם,false,1,7.90,5.2667,true,1,130008
7290014581036,false,פחמים,,,"פחם להבה 2 ק""ג",קילוגרמים,2.00,"ק""ג",false,1,16.90,8.4500,true,1,104893
7290014581319,false,מנגל פח + רשת,,,מנגל פח + רשת,יחידה,1.00,יחידה,false,1,29.90,29.9000,true,1,125352
7290014603028,false,שלגון סולרו וניל ציפ,"מיוצר ע""י גלידת שטרא",IL,סולרו שלגון סולרו תות 75 גרם,גרמים,76.00,100 גרם,false,1,12.90,16.9737,true,1,86929
7290014648906,false,"אציטון לה בל 100 מ""ל",אקטיב,IL,"אציטון לה בל 100 מ""ל",מיליליטרים,100.00,"100 מ""ל",false,1,5.90,5.9000,true,1,125307
7290014725348,false,סוכרזית קלאסי,ביסקול בע''מ,IL,"סוכרזית קלאסי, ממתיק בטעם הקלאסי 100 שקיות",גרמים,100.00,100 גרם,false,1,16.70,16.7000,true,1,99615
7290014738652,false,"ערק ערנבים 700 מ""ל",אליס בראנפמן,IL,"ערק ערנבים 700 מ""ל",מיליליטרים,700.00,"100 מ""ל",false,1,79.90,11.4143,true,1,131970
7290014749764,false,עוף טוב שניצל עוף בי,מוצרי עוף טוב (2001),IL,עוף טוב שניצל עוף ביתי עדין כזה  700גרם,גרמים,700.00,100 גרם,false,1,47.90,6.8429,true,1,125123
7290014759084,false,גבינת שמנת נפוליאון,הרדוף חלב,IL,גבינת שמנת נפוליאון בסגנון צרפתי 225 גרם,גרמים,225.00,100 גרם,false,1,15.90,7.0667,true,1,92621
7290014759909,false,פטה עיזים 5% פיראוס,"תנובה, מחלבת טנא נוג",IL,פטה עיזים 5% גבינה מלוחה מחלב עיזים במי מלח,גרמים,250.00,100 גרם,false,1,28.40,11.3600,true,1,95161
7290014760141,true,משקה שקדים טרי 1 ליט,סוי מג'יק,IL,משקה שקדים טרי 1 ליטר,ליטרים,1.00,ליטר,false,1,13.90,13.9000,true,1,106464
7290014761056,false,YOLO מעדן שוקולד חלב,מחלבת אלון תבור,IL,YOLO מעדן שוקולד חלב מעולה 123 גרם,גרמים,123.00,100 גרם,false,1,5.00,4.0650,true,1,100611
7290014761063,false,YOLO מעדן שוקולד מרי,מחלבת אלון תבור,IL,YOLO מעדן שוקולד מריר מעולה 123 גרם,גרמים,123.00,100 גרם,false,1,5.00,4.0650,true,1,100612
7290014761070,false,YOLO מעדן שוקולד לבן,מחלבת אלון תבור,IL,YOLO מעדן שוקולד לבן מעולה 123 גרם,גרמים,123.00,100 גרם,false,1,5.00,4.0650,true,1,100613
7290014761193,true,יוגורט פירות יער,מחלבת אלון תבור,IL,פרילי פירות יער,גרמים,125.00,100 גרם,false,1,3.60,2.8800,true,1,112714
7290014761414,false,YOLO מעדן שכבות שוקו,מחלבת אלון תבור,IL,YOLO מעדן שכבות שוקולד חלב ולבן 122 גרם,גרמים,123.00,100 גרם,false,1,5.00,4.0650,true,1,100614
7290014761612,false,YOLO מעדן שכבות שוקו,מחלבת אלון תבור,IL,YOLO מעדן שכבות שוקולד מריר 123 גרם,גרמים,123.00,100 גרם,false,1,5.00,4.0650,true,1,102494
7290014762756,false,גבינת שמנת נפוליאון,הרדוף חלב,IL,גבינת שמנת נפוליאון בצל 200 גרם,גרמים,200.00,100 גרם,false,1,15.90,7.9500,true,1,108702
7290014762800,false,מעדן סויה בטעם שוקול,סוי מג'יק,IL,תנובה מעדן סויה שוקולד 2% שומן 125 גרם,גרמים,125.00,100 גרם,false,1,4.40,3.5200,true,1,113247
7290014762831,false,גבינת נפוליאון 24% ח,הרדוף חלב,IL,גבינת נפוליאון 24% חלפיניו 225 גרם,גרמים,225.00,100 גרם,false,1,15.90,7.0667,true,1,113255
7290014762909,false,פתיתי מוצרלה 10% תוס,"תנובה, מחלבת תל יוסף",IL,פתיתי מוצרלה 10% תוספת  השף הלבן,גרמים,200.00,100 גרם,false,1,18.90,9.4500,true,1,109273
7290014763272,false,משקה סויה ביו עם תות,סוי מג'יק,IL,"משקה סויה ביו עם תות ובננה 250 מ""ל",מיליליטרים,250.00,"100 מ""ל",false,1,6.90,2.7600,true,1,109629
7290014791572,false,שוופס מוגז פירות ענב,יפאורה תבורי בעמ,IL,"שוופס מוגז פירות ענבים 330 מ""ל זכוכית",מיליליטרים,330.00,"100 מ""ל",false,1,9.90,3.0000,true,1,111014
7290014791626,false,סודה שוופס נענע ליים,יפאורה תבורי בעמ,IL,"שוופס סודה נענע ליים 250 מ""ל זכוכית",מיליליטרים,250.00,"100 מ""ל",false,1,6.90,2.7600,true,1,111067
7290014791848,false,משקה פרוט ווטר אננס,יפאורה תבורי בעמ,IL,Fruit Water אננס 0.5 ל',מיליליטרים,500.00,"100 מ""ל",false,1,8.90,1.7800,true,1,111006
7290014821057,false,כבל AUX - אלומניום,,,כבל AUX - אלומניום,לא מנהל יחידת מידה,0.00,לא מנהל יחידת מידה,false,1,29.90,0.0000,true,1,123855
7290014821064,false,כבל גלקסי 2 מטר,,,כבל גלקסי 2 מטר,יחידה,1.00,יחידה,false,1,29.90,29.9000,true,1,123891
7290014821088,false,כבל אייפון מאושר אפל,,,כבל אייפון מאושר אפל 2.1,יחידה,1.00,יחידה,false,1,49.90,49.9000,true,1,123854
7290014821095,false,מטען רכב אייפון מאוש,,,מטען רכב אייפון מאושר אפל 2.1,יחידה,1.00,יחידה,false,1,79.90,79.9000,true,1,123883
7290014821347,false,אוזניות PURE-METAL,,,אוזניות PURE-METAL,יחידה,1.00,יחידה,false,1,49.90,49.9000,true,1,123880
7290014821507,false,מטען קיר אייפון מאוש,,,מטען קיר אייפון מאושר אפל 2.1,יחידה,1.00,יחידה,false,1,79.90,79.9000,true,1,123884
7290014821569,false,כבל אייפון  2 מטר,,,כבל אייפון  2 מטר,יחידה,1.00,יחידה,false,1,39.90,39.9000,true,1,123876
7290014974562,false,גביעי גלידה 24 יחידו,"א.ג גילרו בע""מ",IL,עלמה גביעי טילון 24 יח',גרמים,120.00,100 גרם,false,1,9.90,8.2500,true,1,111745
7290015009003,false,חומץ בן יין לבן 500,מנדלז סי.אר. פרודקשן,ES,דניאל חומץ בן יין לבן 500 מל,מיליליטרים,500.00,"100 מ""ל",false,1,18.70,3.7400,true,1,95244
7290015009010,false,חומץ בן יין אדום 500,מנדלז סי.אר. פרודקשן,ES,חומץ בן יין אדום 5%,מיליליטרים,500.00,"100 מ""ל",false,1,18.70,3.7400,true,1,95245
7290015009027,false,"חומץ בלסמי 500 מ""ל",אקובינל,ES,חומץ בלסמי חומציות 6%,מיליליטרים,500.00,"100 מ""ל",false,1,22.90,4.5800,true,1,96106
7290015009041,false,"חומץ תפוחים 500 מ""ל",מנדלז סי.אר. פרודקשן,ES,דניאל חומץ תפוחים 500 מל,מיליליטרים,500.00,"100 מ""ל",false,1,21.90,4.3800,true,1,98180
7290015009225,false,ריבת חלב מקורית דניא,קארו,,ריבת חלב מקורית דניאל 450 גרם,גרמים,450.00,100 גרם,false,1,19.90,4.4222,true,1,111452
7290015009461,false,שעועית שחורה קונסרב,יורקום סרל,IT,שעועית שחורה קונסרב 400גרם,גרמים,400.00,100 גרם,false,1,7.90,1.9750,true,1,127659
7290015009508,false,סירופ מייפל טהור זכו,דרק אמבר,US,סירופ מייפל טהור זכוכית דרק אמבר250 מל,מיליליטרים,250.00,"100 מ""ל",false,1,39.90,15.9600,true,1,129357
7290015081689,false,אולטרסול WET`N GO קי,פישר מעבדות פרמצבטיו,IL,"ספריי שקוף לילדים לעור רטוב, 50 SPF",יחידה,1.00,יחידה,false,1,44.90,44.9000,true,1,101517
7290015176361,false,מברשת שיניים חשמלים,פוג'יקום,,מברשת שיניים חשמלית פוגיקום כחול,יחידה,1.00,יחידה,false,1,39.90,39.9000,true,1,111194
7290015176378,false,מברשת שיניים חשמלית,פוג'יקום,,מברשת שיניים חשמלית סגולה,יחידה,1.00,יחידה,false,1,39.90,39.9000,true,1,111191
7290015176385,false,מברשת שיניים חשמלית,פוג'יקום,,מברשת שיניים חשמלית פוגיקום,יחידה,1.00,יחידה,false,1,39.90,39.9000,true,1,111195
7290015176392,false,מברשת שיניים חשמלית,פוג'יקום,,מברשת שיניים חשמלית ילדות פוגיקום,יחידה,1.00,יחידה,false,1,39.90,39.9000,true,1,111193
7290015193832,false,קרקר עם שומשום ארומה,פפושדו,IL,קרקר עם שומשום ארומה 300 גרם,גרמים,300.00,100 גרם,false,1,8.50,2.8333,true,1,121510
7290015193849,false,קרקר עם מלח ארומה 30,פפושדו,IL,קרקר עם מלח ארומה 300 גרם,גרמים,300.00,100 גרם,false,1,8.50,2.8333,true,1,121511
7290015299992,false,רצועות אירובי,,,רצועות אירובי,יחידה,1.00,יחידה,false,1,14.90,14.9000,true,1,126104
7290015324014,false,פלפל שחור טחון 80 גר,תבליני טעם וריח,IL,"תבליני טעם וריח, 100% פלפל שחור טחון, 80 גרם",גרמים,80.00,100 גרם,false,1,11.90,14.8750,true,1,95516
7290015324045,false,פפריקה חריפה 80 גרם,תבליני טעם וריח,IL,"תבליני טעם וריח, 100% פפריקה חריפה, 80 גרם",גרמים,80.00,100 גרם,false,1,6.90,8.6250,true,1,95518
7290015324052,false,פפריקה מתוקה 80 גרם,תבליני טעם וריח,IL,"תבליני טעם וריח, 100% פפריקה מתוקה, 80 גרם",גרמים,80.00,100 גרם,false,1,6.90,8.6250,true,1,95519
7290015324069,false,גריל עוף טעם וריח 80,תבליני טעם וריח,IL,"תבליני טעם וריח, תערובת תיבול גריל עוף, 80 גרם",גרמים,80.00,100 גרם,false,1,6.90,8.6250,true,1,95520
7290015324106,false,כורכום 80 גרם,תבליני טעם וריח,IL,"תבליני טעם וריח, 100% כורכום, 80 גרם",גרמים,80.00,100 גרם,false,1,6.90,8.6250,true,1,95523
7290015324427,false,סודה לשתייה שקית 80,תבליני טעם וריח,IL,סודה לשתייה שקית 80 גרם,גרמים,80.00,100 גרם,false,1,4.50,5.6250,true,1,118899
7290015324540,false,טימין  מיכל גדול 30,"תבליני טעם וריח בע""מ",IL,תבליני טעם וריח טימין (קורנית) 30 גרם,גרמים,30.00,100 גרם,false,1,10.90,36.3333,true,1,123485
7290015324564,false,כוסברה טחונה מיכל גד,"תבליני טעם וריח בע""מ",IL,תבליני טעם וריח כוסברה טחונה 70 גרם,גרמים,70.00,100 גרם,false,1,10.90,15.5714,true,1,123484
7290015325707,false,מגבונים בבישום עדין,,,מגבונים בבישום עדין,לא מנהל יחידת מידה,0.00,לא מנהל יחידת מידה,false,1,4.90,0.0000,true,1,117841
7290015446921,false,חטיף חלבון בטעם קרמל,,,חטיף חלבון בטעם קרמל מלוח- 60 גרם,גרמים,60.00,100 גרם,false,1,14.90,24.8333,true,1,130750
7290015519144,false,מטען קיר לגלקסי פרימ,,,מטען קיר לגלקסי פרימיום 2A,יחידה,1.00,יחידה,false,1,49.90,49.9000,true,1,123875
7290015519205,false,מעמד מגנט EASY GRIP,,,מעמד מגנט EASY GRIP,יחידה,1.00,יחידה,false,1,29.90,29.9000,true,1,123846
7290015597937,false,קורנטו קלאסיק,"מיוצר ע""י גלידת שטרא",IL,קורנטו  טילון קלאסי בטעם וניל 70 גרם,גרמים,70.00,100 גרם,false,1,10.90,15.5714,true,1,115124
7290015652070,false,קשיו קלוי 150 גרם,דין שיווק,IL,קשיו קלוי 150 גרם,גרמים,150.00,100 גרם,false,1,16.90,11.2667,true,1,129935
7290015652087,false,תערובת פיצוחים 150 ג,דין שיווק,IL,תערובת פיצוחים 150 גרם,גרמים,150.00,100 גרם,false,1,16.90,11.2667,true,1,129936
7290015848909,false,אולטרסול תחליב קידס,פישר מעבדות פרמצבטיו,IL,אולטרסול תחליב קידס 30/250,לא מנהל יחידת מידה,0.00,לא מנהל יחידת מידה,false,1,44.90,0.0000,true,1,120602
7290015848923,false,אולטרסול 30 למבוגרים,פישר מעבדות פרמצבטיו,IL,אולטרסול תחליב הגנה מבוגרים 30/250,מיליליטרים,250.00,"100 מ""ל",false,1,44.90,17.9600,true,1,112999
7290015848992,false,אולטרסול פנים ילדים,פישר מעבדות פרמצבטיו,IL,אולטרסול קרם פנים ילדים 75/50,לא מנהל יחידת מידה,0.00,לא מנהל יחידת מידה,false,1,39.90,0.0000,true,1,119059
7290015968089,false,צלחות פלסטיק עבות במ,F.T.I,,צלחות פלסטיק עבות במיוחד 25 יחידות 17 סמ,לא מנהל יחידת מידה,0.00,לא מנהל יחידת מידה,false,1,9.90,0.0000,true,1,122523
7290015968201,false,כוסות נייר 50 יח לשת,,,כוסות נייר 50 יח לשתיה חמה קרה 310 מל,יחידה,1.00,יחידה,false,1,17.90,17.9000,true,1,122368
7290015968294,false,נובי כוס הפלא,מולינו ניקולי s.p.a,CN,נובי כוס הפלא עם מכסה וידיות,לא מנהל יחידת מידה,0.00,לא מנהל יחידת מידה,false,1,44.90,0.0000,true,1,117936
7290015968461,false,כוסות פלסטיק משובחות,F.T.I,,"כוסות פלסטיק משובחות 330 מ""ל 40 יחי",לא מנהל יחידת מידה,0.00,לא מנהל יחידת מידה,false,1,10.90,0.0000,true,1,118753
7290015968669,false,גביע יין מוכסף לקידו,J.E&W.Inc,,גביע יין מוכסף לקידוש 6 יח,לא מנהל יחידת מידה,0.00,לא מנהל יחידת מידה,false,1,12.90,0.0000,true,1,113286
7290015988827,false,טבק לנרגילה לימונענע,טבק אלעוד,IL,טבק לנרגילה לימונענע 60 גרם PP בודד,גרמים,60.00,100 גרם,false,1,34.90,58.1667,true,1,124514
7290015988841,false,טבק לנרגילה תפוח 60,טבק אלעוד,IL,טבק לנרגילה תפוח 60 גרם PP בודד,גרמים,60.00,100 גרם,false,1,34.90,58.1667,true,1,124509
7290015988889,false,טבק לנרגילה אייס אבט,טבק אלעוד,IL,טבק לנרגילה אייס אבטיח 60 גרם PP בודד,גרמים,60.00,100 גרם,false,1,34.90,58.1667,true,1,124516
7290015988896,false,טבק לנרגילה בלוברי 6,טבק אלעוד,IL,טבק לנרגילה בלוברי 60 גרם PP בודד,גרמים,60.00,100 גרם,false,1,34.90,58.1667,true,1,124515
7290016006377,false,שוופס מוגז פירות תות,יפאורה תבורי בעמ,IL,"שוופס מוגז פירות תות ליים 330 מ""ל זכוכית",מיליליטרים,330.00,"100 מ""ל",false,1,9.90,3.0000,true,1,111018
7290016081619,false,RETRACTABLE - שלט BT,,,RETRACTABLE - שלט BT עם אוזניה - צבע שחו,יחידה,1.00,יחידה,false,1,109.00,109.0000,true,1,123865
7290016081626,false,RETRACTABLE - שלט BT,,,RETRACTABLE - שלט BT עם אוזניה -  צבע לב,יחידה,1.00,יחידה,false,1,109.00,109.0000,true,1,123864
7290016094022,true,אולטרסול 50/200 תרסי,פישר מעבדות פרמצבטיו,IL,ספריי שקוף 50 SPF,מיליליטרים,200.00,"100 מ""ל",false,1,44.90,22.4500,true,1,120599
7290016094039,false,אולטרסול 50/200 200,פישר מעבדות פרמצבטיו,IL,ספריי שקוף לילדים 50 SPF,מיליליטרים,200.00,"100 מ""ל",false,1,44.90,22.4500,true,1,111780
7290016094817,false,אולטרסול ספריי שמן ג,פישר מעבדות פרמצבטיו,IL,"ספריי שמן, שמן גזר",מיליליטרים,200.00,"100 מ""ל",false,1,44.90,22.4500,true,1,120607
7290016197495,false,מטליות מיקרופייבר לר,UFO INC,CN,מטליות מיקרופייבר רצפה,לא מנהל יחידת מידה,0.00,לא מנהל יחידת מידה,false,1,25.90,0.0000,true,1,109836
7290016230888,false,סוללה 3V 5 יחידות,,,סוללה 3V 5 יחידות,יחידה,1.00,יחידה,false,1,22.90,22.9000,true,1,116438
7290016245608,false,"לחם משפחתי שחור1.2ק""",,,"לחם משפחתי שחור 1.2 ק""ג",קילוגרמים,1.20,"ק""ג",false,1,20.90,17.4167,true,1,123774
7290016245615,false,לחם שיפון 100% עם אג,מאפיית טעמי הכפר 201,,לחם שיפון 100% עם אגוזים מצופה גרעינים,גרמים,900.00,100 גרם,false,1,20.90,2.3222,true,1,94100
7290016245653,false,לחם שיפון מלא חצי קס,מאפיית טעמי הכפר 201,,לחם שיפון מלא חצי קסטן,גרמים,600.00,100 גרם,false,1,18.90,3.1500,true,1,95460
7290016245769,true,לחם כוסמין מחמצת בתו,,,לחם כוסמין מחמצת בתוספת פשתן,לא מנהל יחידת מידה,0.00,לא מנהל יחידת מידה,false,1,18.90,0.0000,true,1,118090
7290016245844,false,לחם כפרי עם סובין 60,"מאפיית רנטה בע""מ",,לחם כפרי עם סובין 600 גרם,גרמים,600.00,100 גרם,false,1,18.90,3.1500,true,1,115513
7290016270709,false,שרי קלמר ארוז יח,חקלאי,IL,שרי קלמר ארוז יח,גרמים,460.00,100 גרם,false,1,12.90,2.8043,true,1,118286
7290016321661,false,פרש וואנס מגבונים סנ,עלבד משואות יצחק,IL,פרש וואנס רביעייה סנסטיב SENSITIVE קייר,לא מנהל יחידת מידה,0.00,לא מנהל יחידת מידה,false,4,19.90,0.0000,true,1,121806
7290016497526,false,באגט אותנטי  לבן  גי,גדרון,IL,באגט אותנטי  לבן  גידרון  חצי אפוי,לא מנהל יחידת מידה,0.00,לא מנהל יחידת מידה,false,1,10.90,0.0000,true,1,116510
7290016530605,false,מטליות בעירה JUCKY,,,מטליות בעירה JUCKY,לא מנהל יחידת מידה,0.00,לא מנהל יחידת מידה,false,1,14.90,0.0000,true,1,120706
7290016584011,false,חטיפוני גזר 350 גרם,חקלאי,IL,חטיפוני גזר 350 גרם,גרמים,350.00,100 גרם,false,1,11.90,3.4000,true,1,118028
7290016717631,false,יין מוסקטו P.C,אגודת הכורמים הקואופ,IL,יקבי כרמל פרייבט קולקשן מוסקטו 2017 750 מל,מיליליטרים,750.00,"100 מ""ל",false,1,45.90,6.1200,true,1,127761
7290016823448,false,ברוקולי ארוז יח,יריב חג'בי,IL,ברוקולי ארוז יח,גרמים,350.00,100 גרם,false,1,9.90,2.8286,true,1,118325
7290016912500,true,אפקטיב קר תרחיץ פנים,פישר מעבדות פרמצבטיו,IL,"ד""ר פישר תרחיץ פנים לעור רגיש, 180 מל",מיליליטרים,180.00,"100 מ""ל",false,1,14.90,8.2778,true,1,119762
7290017023526,true,"שוופס מוגז פירות לל""",יפאורה תבורי בעמ,IL,"שוופס מוגז פירות לל""ס תפוח 330 מ""ל",מיליליטרים,330.00,"100 מ""ל",false,1,9.90,3.0000,true,1,117295
7290017065007,false,גבינה מוצרלה פרוסה ג,מחלבות גד בעמ,IL,גבינה מוצרלה פרוסה גד 150 גרם,גרמים,150.00,100 גרם,false,1,20.90,13.9333,true,1,111467
7290017065236,false,גבינה בולגרית מעודנת,"מחלבות גד בע""מ",IL,בולגרית מעודנת 24%,גרמים,250.00,100 גרם,false,1,27.90,11.1600,true,1,115829
7290017065663,false,פטה עיזים מעודנת 16%,מיוצר על ידי DSH עבו,IL,גד בולגרית עיזים מעודנת 16% שומן,גרמים,250.00,100 גרם,false,1,32.90,13.1600,true,1,126319
7290017065786,false,גבינת צדר גד 210 גרם,מחלבות גד,IL,צ'דר - גבינה אנגלית קשה מחלב בקר 35% שומן 200 גרם,גרמים,210.00,100 גרם,false,1,23.90,11.3810,true,1,130093
7290017088242,false,מגבונים בייבי בייסיק,,,מגבונים בייבי בייסיק,לא מנהל יחידת מידה,0.00,לא מנהל יחידת מידה,false,1,4.90,0.0000,true,1,121986
7290017105895,false,גרגרי חומוס מסעדות י,זנלכל,IL,גרגרי חומוס להכנת חומוס משובח,גרמים,550.00,100 גרם,false,1,9.90,1.8000,true,1,126347
7290017121093,false,ממרח אריסה חריפה בפי,"מדשא תעשיות מזון בע""",IL,עללחם בפיתה אריסה חריפה 250 גרם,גרמים,250.00,100 גרם,false,1,15.90,6.3600,true,1,115656
7290017217468,false,שקיות אוכל מנייר 50,קילת,,שקיות אוכל מנייר 50 יחידות,לא מנהל יחידת מידה,0.00,לא מנהל יחידת מידה,false,1,8.90,0.0000,true,1,121612
7290017217796,false,אטב כביסה מקושט 24 י,LTD,CN,אטב כביסה מקושט 24 יח,יחידה,1.00,יחידה,false,1,12.90,12.9000,true,1,123569
7290017266060,false,"וופלים קראנצ לל""ס בט",עלמה,,"וופלים קראנצ לל""ס בטעם שוקולד עלמה 175 ג",גרמים,175.00,100 גרם,false,1,8.50,4.8571,true,1,115005
7290017334448,false,שמן קנולה מזוכך OLEO,א.ד.מ . אנטוורפן,BE,שמן קנולה מזוכך OLEO 1   ליטר,ליטרים,1.00,ליטר,false,1,12.90,12.9000,true,1,127765
7290017334455,false,"אורז פרסי  זיפר 1ק""ג",,TH,"אורז פרסי  זיפר 1ק""ג",קילוגרמים,1.00,"ק""ג",false,1,9.90,9.9000,true,1,130507
7290017334462,false,אורז יסמין  זיפר  1,,TH,"אורז יסמין  זיפר  1 ק""ג",קילוגרמים,1.00,"ק""ג",false,1,12.90,12.9000,true,1,130508
7290017406794,false,אורז בסמטי קינג קראו,פונט סלאם וולנסיה,IN,"אורז בסמטי קינג קראוון 1 ק""ג",קילוגרמים,1.00,"ק""ג",false,1,12.90,12.9000,true,1,130928
7290017457703,false,סוד מרכך כביסה מרוכז,הנקל סוד,IL,סוד מרכך מרוכז ארומתרפי זהב,מיליליטרים,900.00,"100 מ""ל",false,1,18.90,2.1000,true,1,122199
7290017457727,false,סוד מרכך כביסה מרוכז,הנקל סוד,IL,סוד מרכך מרוכז Fresh Sky,מיליליטרים,900.00,"100 מ""ל",false,1,18.90,2.1000,true,1,122197
7290017457734,false,סוד מרכך כביסה מרוכז,הנקל סוד,IL,סוד מרכך מרוכז Wild Rose,מיליליטרים,900.00,"100 מ""ל",false,1,18.90,2.1000,true,1,122198
7290017513775,false,פליפז בייגלה מצופה ש,אולקר מקבוצת פלאדיס,TR,"Flipz, חטיף בייגלה אפוי בציפוי שוקולד חלב, 140 גרם",גרמים,140.00,100 גרם,false,1,9.90,7.0714,true,1,124568
7290017555461,false,חטיף בוטנים בייק פרו,אשבל,IL,חטיף בוטנים בייק פרו 21 גרם חלבון  80גרם,גרמים,80.00,100 גרם,false,1,13.90,17.3750,true,1,126018
7290017589633,false,קברנה סוביניון מהדור,,IL,"קברנה סוביניון מהדורת רזרב גולד 750 מ""ל",מיליליטרים,750.00,"100 מ""ל",false,1,54.90,7.3200,true,1,125736
7290017617459,false,רביעיית טונה סטארקיס,dalmore distilleries,TH,רביעיית טונה סטארקיסט בשמן צמחי 480גרם,גרמים,480.00,100 גרם,false,1,22.90,4.7708,true,1,131779
7290017696584,false,שרי לובלו משולש יחיד,מרינה,IL,שרי לובלו משולש יחידה,גרמים,350.00,100 גרם,false,1,12.90,3.6857,true,1,124155
7290017724027,false,עוגיות אלפחורס 300 ג,"אקלר בע""מ",IL,עוגיות אלפחורס 300 גרם,גרמים,300.00,100 גרם,false,1,28.90,9.6333,true,1,130354
7290017724034,false,עוגיות סנדוויץ ריבה,אקלר,IL,עוגיות סנדוויץ ריבה 250 גרם,גרמים,250.00,100 גרם,false,1,28.90,11.5600,true,1,130259
7290017724683,false,עוגיות חמאה שקדים 20,אקלר,IL,עוגיות חמאה שקדים 200 גרם,גרמים,200.00,100 גרם,false,1,28.90,14.4500,true,1,130355
7290017812571,false,תירוש ליטר אדום 100%,"כד בני דרום בע""מ",IL,תירוש ליטר אדום 100% טבעי,ליטרים,1.00,ליטר,false,1,24.90,24.9000,true,1,124893
7290017888019,false,פרוט & ווג תפוח רימו,יפאורה תבורי בעמ,IL,"FRUIT&VEG תפוח סלק רימון ג'ינג'ר 350 מ""ל",מיליליטרים,350.00,"100 מ""ל",false,1,10.90,3.1143,true,1,121583
7290017888026,false,פרוט אננס תפוח גזר 3,יפאורה תבורי בעמ,IL,"FRUIT&VEG אננס תפוח גזר 350 מ""ל",מיליליטרים,350.00,"100 מ""ל",false,1,10.90,3.1143,true,1,121473
7290017888033,false,פרוט בננה מלון נענע,יפאורה תבורי בעמ,IL,"FRUIT&VEG בננה מלון נענע 350 מ""ל",מיליליטרים,350.00,"100 מ""ל",false,1,10.90,3.1143,true,1,121474
7290017888644,false,פרוט אנד וג אננס בננ,"יפאורה תבורי בע""מ",IL,"FRUIT&VEG אננס בננה כורכום 350 מ""ל",לא מנהל יחידת מידה,3.30,לא מנהל יחידת מידה,false,1,10.90,3.3030,true,1,125399
7290017888972,false,מי עדן פקק ספורט 1 ל,מופק ממקור בזלתי עדן,IL,מי עדן פקק ספורט 1 ליטר,ליטרים,1.00,ליטר,false,1,8.00,8.0000,true,1,125684
7290018043110,false,אול אין אקסטרא קרם ק,הרת'סייד פוד סולושיי,NL,אול אין אקסטרא קרם קשיו קרמל,גרמים,60.00,100 גרם,false,1,14.90,24.8333,true,1,130057
7290018043134,false,אול אין אקסטרא קרם ש,הרת'סייד פוד סולושיי,NL,אול אין אקסטרא קרם ש לבן,גרמים,60.00,100 גרם,false,1,14.90,24.8333,true,1,130056
7290018043301,false,חטיף חלבון בטעם וניל,הרת'סייד פוד סולושיי,NL,חטיף חלבון בטעם ונילה קראנץ- 60 גרם,גרמים,60.00,100 גרם,false,1,14.90,24.8333,true,1,130751
7290018043608,false,מי חלבון אול אין  פ.,שטיינרייזר גטראנקה,AT,מי חלבון אול אין  פ.יער 500 מל,מיליליטרים,500.00,"100 מ""ל",false,1,18.90,3.7800,true,1,129797
7290018043899,false,חטיף חלבון בטעם בוטנ,הרת'סייד פוד סולושיי,NL,חטיף חלבון בטעם בוטנים קרמל- 60 גרם,גרמים,60.00,100 גרם,false,1,14.90,24.8333,true,1,130753
7290018077597,false,בייגל רומני אפוי קפו,גדרון,IL,בייגל רומני אפוי קפוא עם שומשום,יחידה,1.00,יחידה,false,1,5.90,5.9000,true,1,124844
7290018077603,false,בייגל רומני עם זעתר,גדרון,IL,בייגל רומני עם זעתר א.ק,יחידה,1.00,יחידה,false,1,5.90,5.9000,true,1,124767
7290018131039,false,מאגדת שוקו וניל עוגי,גלידות נסטלה (נגה גל,IL,מאגדת שוקו וניל עוגיות וולנס 6*65ג,גרמים,65.00,100 גרם,false,1,31.90,49.0769,true,1,124737
7290018131251,false,אקסטרים מטבע שוקולד,גלידות נסטלה (נגה גל,IL,אקסטרים מ.שקלד.לבן וליבת ק.עוג. 18*115ג,גרמים,128.00,100 גרם,false,1,12.50,9.7656,true,1,124745
7290018131336,false,שלגון ליון קרמל 66גר,שוורצקוף& הנקל דיסלד,PL,שלגון ליון קרמל 66גרם,גרמים,66.00,100 גרם,false,1,12.90,19.5455,true,1,128489
7290018131596,false,גלידה מיני בייטס אור,שוורצקוף& הנקל דיסלד,PL,גלידה מיני בייטס אוראו 85 גרם,גרמים,85.00,100 גרם,false,1,9.90,11.6471,true,1,124756
7290018131770,false,שלגון וניל מצופה תות,גלידות נסטלה (נגה גל,IL,שלגון וניל מצופה תות 55 גרם,גרמים,55.00,100 גרם,false,1,7.90,14.3636,true,1,127991
7290018131794,false,קראנץ וניל ש.מריר  ל,נסטלה,IL,קראנץ וניל ש.מריר  ליבת 100 גרם,גרמים,100.00,100 גרם,false,1,12.50,12.5000,true,1,127990
7290018131978,false,טילון אוראו 68.5גרם,פרונרי סרביה,PL,טילון אוראו 68.5גרם,גרמים,69.00,100 גרם,false,1,7.90,11.4493,true,1,128490
7290018165010,false,יין רזרב גולד גוורצט,יקבי ברקן שיווק והפצ,IL,"גוורצטרמינר רזרב גולד 750  מ""ל",מיליליטרים,750.00,"100 מ""ל",false,1,54.90,7.3200,true,1,125538
7290018165027,false,גולד אדישיין רוזה750,יקבי ברקן שיווק והפצ,IL,"רזרב גולד רוזה 750  מ""ל",מיליליטרים,750.00,"100 מ""ל",false,1,54.90,7.3200,true,1,125539
7290018165447,false,יין רזרב גולד מרלו 7,יקבי ברקן שיווק והפצ,IL,"רזרב גולד מרלו 750 מ""ל",מיליליטרים,750.00,"100 מ""ל",false,1,54.90,7.3200,true,1,129306
7290018194928,false,"וודקה טראפ כשל""פ 700",א.ת.באר טוביה,IL,"וודקה טראפ כשל""פ 700 מ""ל",מיליליטרים,700.00,"100 מ""ל",false,1,94.90,13.5571,true,1,131388
7290018296042,false,לחם טוסט אמריקה 500ג,מאפיית אגמי,IL,לחם טוסט אמריקה 500גרם,גרמים,500.00,100 גרם,false,1,15.90,3.1800,true,1,130002
7290018296257,false,לחם בריאות ושובע שיב,מאפיית אגמי,IL,לחם בריאות ושובע שיבולת שועל,גרמים,550.00,100 גרם,false,1,17.90,3.2545,true,1,130004
7290018296400,false,לחם בריאות ושובע,"מאפיית אגמי בע""מ",,לחם בריאות ושובע,גרמים,600.00,100 גרם,false,1,15.90,2.6500,true,1,125765
7290018296448,false,לחם בריוש 500 גרם,מאפיית אגמי,IL,לחם בריוש 500 גרם,גרמים,500.00,100 גרם,false,1,17.90,3.5800,true,1,130876
7290018296462,false,6 לחמניות מזונות,מאפיית אגמי,IL,6 לחמניות,גרמים,510.00,100 גרם,false,1,17.90,3.5098,true,1,131788
7290018296608,false,לחם בריאות ושובע 9 ד,מאפיית אגמי,IL,לחם בריאות ושובע 9 דגנים,גרמים,600.00,100 גרם,false,1,16.90,2.8167,true,1,125766
7290018296615,false,פיתה כוסמין ביס,"מאפיית אגמי בע""מ",,פיתה כוסמין ביס,גרמים,500.00,100 גרם,false,1,17.90,3.5800,true,1,125768
7290018296813,false,פיתה קלה ביס,"מאפיית אגמי בע""מ",,פיתה קלה ביס,גרמים,500.00,100 גרם,false,1,15.90,3.1800,true,1,125769
7290018440193,false,פליפז בייגלה מצופה ח,אולקר מקבוצת פלאדיס,TR,פליפז בייגלה מצופה חמאת בוטנים 140 ג,גרמים,140.00,100 גרם,false,1,9.90,7.0714,true,1,127763
7290018440209,false,פליפז בייגלה מצופה פ,אולקר מקבוצת פלאדיס,TR,"Flipz, חטיף בייגלה אפוי בציפוי שוקולד חלב, 140 גרם",גרמים,140.00,100 גרם,false,1,9.90,7.0714,true,1,127764
7290018440254,false,צאי קרמל מלוח 25 גרם,ויסוצקי,IL,צאי קרמל מלוח 25 גרם,גרמים,25.00,100 גרם,false,1,19.90,79.6000,true,1,130756
7290018440483,false,פליפז בייגלה מצופה ב,אולקר מקבוצת פלאדיס,TR,פליפז בייגלה מצופה בקרמל מלוח ושוקולד 14,גרמים,140.00,100 גרם,false,1,9.90,7.0714,true,1,129580
7290018471050,false,ספרינג אגס תפוח סברס,יפאורה תבורי בעמ,IL,"ספרינג אגס תפוח סברס פחית 330 מ""ל",מיליליטרים,330.00,"100 מ""ל",false,1,8.50,2.5758,true,1,129123
7290018471111,false,שוופס ליים מוחיטו 33,יפאורה שותפות מובגלת,IL,שוופס ליים מוחיטו 330 מל,ליטרים,1.50,ליטר,false,1,9.90,6.6000,true,1,128480
7290018471135,false,ספרינג שייק בננה תמר,"יפאורה תבורי בע""מ",IL,"ספרינג שייק בננה תמר תפוז 330 מ""ל",מיליליטרים,330.00,"100 מ""ל",false,1,10.90,3.3030,true,1,129495
7290018471142,false,ספרינג שייק בננה אננ,"יפאורה תבורי בע""מ",IL,ספרינג שייק בננה אננס קוקוס פירות יער 330 מל,מיליליטרים,330.00,"100 מ""ל",false,1,10.90,3.3030,true,1,129496
7290018471913,false,שוופס מוגז פירות תפו,"יפאורה תבורי בע""מ",IL,שוופס משקה תפוחים מוגז 1.5 ליטר,ליטרים,1.50,ליטר,false,1,14.50,9.6667,true,1,130557
7290018471944,false,שוופס מוגז לימונייד,"יפאורה תבורי בע""מ",IL,שוופס מוגז פירות לימונייד 1.5 ליטר,ליטרים,1.50,ליטר,false,1,14.50,9.6667,true,1,130558
7290018641446,false,ערק פלוס לימודה 330,,IL,ערק פלוס לימודה 330 מל,מיליליטרים,330.00,"100 מ""ל",false,1,15.90,4.8182,true,1,130316
7290018652015,false,סופרולר 75גרם,פרונרי איברייה,ES,סופרולר 75גרם,גרמים,75.00,100 גרם,false,1,9.90,13.2000,true,1,128491
7290018652053,false,ביסקולידה קסטרה 95 ג,נגה גלידות,IL,ביסקולידה קסטרה 95 גרם,גרמים,95.00,100 גרם,false,1,7.90,8.3158,true,1,128486
7290018652190,false,קראנץ בר אימפלס 60גר,גלידות נסטלה,IT,קראנץ בר אימפלס 60גרם,גרמים,60.00,100 גרם,false,1,8.90,14.8333,true,1,131028
7290018652671,false,לה קרמריה שוקו וניל,נסטלה,IL,לה קרמריה שוקו וניל תות 700גרם,גרמים,700.00,100 גרם,false,1,31.90,4.5571,true,1,131038
7290018652770,false,טילון גולדה 115גרם,גלידות נסטלה,IL,טילון גולדה 115גרם,גרמים,115.00,100 גרם,false,1,12.50,10.8696,true,1,131029
7290018652817,false,שלגון פרווה וניל עוג,נסטלה,IL,שלגון פרווה וניל עוגיות 55גרם,גרמים,55.00,100 גרם,false,1,5.90,10.7273,true,1,131031
7290018652862,false,באבל גאם 60גרם,נסטלה,IL,באבל גאם 60גרם,גרמים,60.00,100 גרם,false,1,8.90,14.8333,true,1,131030
7290018703076,false,חטיף חלבון בטעם דאבל,הרת'סייד פוד סולושיי,NL,חטיף חלבון בטעם דאבל שוקולד- 60 גרם,גרמים,60.00,100 גרם,false,1,14.90,24.8333,true,1,130752
7290018703304,false,אול אין חטיף חלבון ק,,,אול אין חטיף חלבון קרם עוגיות,גרמים,60.00,100 גרם,false,1,14.90,24.8333,true,1,131450
7290018703489,false,אול אין  חטיף חלבון,,,אול אין  חטיף חלבון  בננה טופי אקסטרה 60 גרם,גרמים,60.00,100 גרם,false,1,14.90,24.8333,true,1,131451
7290018848005,false,יין רוזה בפחית 250 מ,דונלי ויני,IT,"יין רוזה בפחית 250 מ""ל",מיליליטרים,250.00,"100 מ""ל",false,1,17.90,7.1600,true,1,130858
7290018848012,false,יין לבן בפחית  250 מ,דונלי ויני,IT,"יין לבן בפחית  250 מ""ל",מיליליטרים,250.00,"100 מ""ל",false,1,17.90,7.1600,true,1,130857
7290018894408,false,בלקוני וופל קוביות א,בלקוני,IT,בלקוני וופל קוביות אגוזי לוז 250 ג,גרמים,250.00,100 גרם,false,1,15.90,6.3600,true,1,131362
7290018894606,false,בלקוני וופל קקאו 175,בלקוני,IT,בלקוני וופל קקאו 175 ג,גרמים,175.00,100 גרם,false,1,12.90,7.3714,true,1,131363
7290018894804,false,בלקוני וופל אגוזי לו,בלקוני,IT,בלקוני וופל אגוזי לוז 175 ג,גרמים,175.00,100 גרם,false,1,12.90,7.3714,true,1,131364
7290018925065,false,מיץ תפוזים סחוט פרימ,גניר,IL,פרימור סחוט מיץ תפוזים 100% 2 ליטר,ליטרים,2.00,ליטר,false,1,33.50,16.7500,true,1,130650
7290018949009,false,משקה קל מוגז גרופר ת,,IL,משקה קל מוגז גרופר תפוזזה 330 מל,מיליליטרים,330.00,"100 מ""ל",false,1,9.90,3.0000,true,1,130618
7290018949023,false,משקה קל מוגז גרופר ל,,IL,משקה קל מוגז גרופר לימוננדה 330 מל,מיליליטרים,330.00,"100 מ""ל",false,1,9.90,3.0000,true,1,130620
7290019056065,false,שוופס מוגז עדין פירו,"יפאורה תבורי בע""מ",IL,שוופס מוגז עדין פירות יער 1.5 ל',ליטרים,1.50,ליטר,false,1,14.50,9.6667,true,1,130560
7290019056096,false,שוופס מוגז עדין אפרס,"יפאורה תבורי בע""מ",IL,שוופס מוגז עדין אפרסק 1.5 ל',ליטרים,1.50,ליטר,false,1,14.50,9.6667,true,1,130561
7290019056119,false,סודה שוופס 1.5 ליטר,"יפאורה תבורי בע""מ",IL,שוופס סודה 1.5 ל',ליטרים,1.50,ליטר,false,1,6.80,4.5333,true,1,130562
7290019056317,false,שוופס ראשן בקבוק 1.5,"יפאורה תבורי בע""מ",IL,שוופס ראשן 1.5 ל',ליטרים,1.50,ליטר,false,1,16.90,11.2667,true,1,130563
7290019056324,false,שוופס מי טוניק בקבוק,"יפאורה תבורי בע""מ",IL,שוופס טוניק 1.5 ל',ליטרים,1.50,ליטר,false,1,16.90,11.2667,true,1,130641
7290019056379,false,תפוזינה תפוזים 1.5 ל,"יפאורה תבורי בע""מ",IL,תפוזינה תפוזים 1.5 ל',ליטרים,1.50,ליטר,false,1,14.90,9.9333,true,1,130564
7290019056515,false,משקה פרוט ווטר אננס,"יפאורה תבורי בע""מ",IL,Fruit Water אננס 1.5 ל',ליטרים,1.50,ליטר,false,1,14.90,9.9333,true,1,130566
7290019056539,false,משקה פרוט ווטר אפרסק,"יפאורה תבורי בע""מ",IL,Fruit Water אפרסק 1.5 ל',ליטרים,1.50,ליטר,false,1,14.90,9.9333,true,1,130567
7290019056546,false,משקה פרוט ווטר אבטיח,"יפאורה תבורי בע""מ",IL,Fruit Water אבטיח 1.5 ל',ליטרים,1.50,ליטר,false,1,14.90,9.9333,true,1,130568
7290019056638,false,ספרינג תות בננה 1.5,"יפאורה תבורי בע""מ",IL,ספרינג תות בננה 1.5 ל',ליטרים,1.50,ליטר,false,1,14.90,9.9333,true,1,130569
7290019056645,false,ספרינג אגס סברס תפוח,"יפאורה תבורי בע""מ",IL,ספרינג תפוח אגס סברס 1.5 ל',ליטרים,1.50,ליטר,false,1,14.90,9.9333,true,1,130570
7290019056959,false,מי עדן בקבוק 1.5 ליט,מופק ממקור בזלתי עדן,IL,מי עדן בקבוק 1.5 ליטר,ליטרים,1.50,ליטר,false,1,9.20,6.1333,true,1,130571
7290019056966,false,מי עדן בקבוק 1.5 ליט,יפאורה,IL,מי עדן בקבוק 1.5 ליטר,ליטרים,1.50,ליטר,false,1,9.20,6.1333,true,1,130643
7290019056973,false,מי עדן שישייה בקבוק,מופק ממקור בזלתי עדן,IL,מי עדן שישייה בקבוק 1.5 ליטר,ליטרים,9.00,ליטר,false,6,20.90,2.3222,true,1,130572
7290019153382,false,תפוזינה סנגרייה 330,יפאורה תבורי בעמ,IL,"תפוזינה סנגריה 330 מ""ל זכוכית",מיליליטרים,330.00,"100 מ""ל",false,1,6.90,2.0909,true,1,131758
7290019153399,false,תפוזינה פינק אוזו 33,יפאורה תבורי בעמ,IL,"תפוזינה פינק אוזו 330 מ""ל זכוכית",מיליליטרים,330.00,"100 מ""ל",false,1,6.90,2.0909,true,1,131759
7290019232834,false,בייגלה מצופה קרם עוג,אולקר מקבוצת פלאדיס,TR,בייגלה מצופה קרם עוגיות ושוקולד 140 גרם,גרמים,140.00,100 גרם,false,1,9.90,7.0714,true,1,131624
7290067642005,false,בירה גולדסטאר SLOW B,טמפו,IL,גולדסטאר 10% בירה לאגר חזקה מאוד,מיליליטרים,330.00,"100 מ""ל",false,1,13.90,4.2121,true,1,111662
7290100412343,true,קוויק לניקוי כללי  -,האי נאם סי או אל.טי.,IL,מטליות לחות,לא מנהל יחידת מידה,0.00,לא מנהל יחידת מידה,false,1,10.90,0.0000,true,1,116985
7290100653586,false,דאודורנט ליידי ספיד,קולגייט פלמוליב,US,דאודורנט ליידי ספיד סטיק 24/7 גל פרש פיוזן 65 גרם,גרמים,65.00,100 גרם,false,1,26.90,41.3846,true,1,25066
7290100680650,false,מנה חמה נודלס תאילנד,THAI PRESIDENT FOODS,TH,מנה חמה נודל.+ירקות תאילנדי6 6*76גרם,גרמים,76.00,100 גרם,false,1,9.90,13.0263,true,1,24266
7290100680711,false,פירורית זהב 350 גר,עינת תעשיות,IL,אסם פירורית זהב 12*350גרם,גרמים,350.00,100 גרם,false,1,9.90,2.8286,true,1,31200
7290100685334,false,מרק עוף אמיתי ר.טבעי,"אסם השקעות בע""מ",IL,אסם מרק עוף רכיבים טבעיים בדצ6*400גרם,גרמים,400.00,100 גרם,false,1,33.90,8.4750,true,1,42283
7290100685341,false,אבקת מרק טעם עוף 400,"אסם השקעות בע""מ",IL,אסם מרק זך טעם עוף רכיבים טבעים 6*400ג,גרמים,400.00,100 גרם,false,1,22.90,5.7250,true,1,34988
7290100687109,false,במבה במילוי נוגט,"אסם השקעות בע""מ",IL,במבה במילוי נוגט 60 גרם,גרמים,60.00,100 גרם,false,1,7.90,13.1667,true,1,47717
7290100700020,false,גריסי פנינה 500 גרם,"סוגת תעשיות בע""מ",IL,גריסי פנינה 500 גרם,גרמים,500.00,100 גרם,false,1,6.50,1.3000,true,1,24144
7290100700273,false,קינואה סוגת 500 גרם,"סוגת תעשיות בע""מ",IL,קינואה 500 גרם,גרמים,500.00,100 גרם,false,1,16.90,3.3800,true,1,59632
7290100700372,false,אורז בסמטי מלא סוגת,"סוגת תעשיות בע""מ",IL,אורז בסמטי מלא 1 קג,קילוגרמים,1.00,"ק""ג",false,1,16.90,16.9000,true,1,68748
7290100700396,false,"אורז יסמין סוגת 1 ק""","סוגת תעשיות בע""מ",IL,אורז יסמין קלאסי,קילוגרמים,1.00,"ק""ג",false,1,14.90,14.9000,true,1,82089
7290100700587,false,בורגול סוגת 500 גרם,"סוגת תעשיות בע""מ",IL,בורגול 500 גרם,גרמים,500.00,100 גרם,false,1,6.50,1.3000,true,1,65892
7290100701331,false,"קמח רב תכליתי 1 ק""ג","שטיבל בע""מ - טחנות ק",IL,קמח רב תכליתי +1,קילוגרמים,1.00,"ק""ג",false,1,8.90,8.9000,true,1,80075
7290100701874,false,"קמח כוסמין מלא 1ק""ג",טחנות קמח שטיבל באר,IL,קמח כוסמין מלא + 14,קילוגרמים,1.00,"ק""ג",false,1,17.90,17.9000,true,1,110589
7290100701881,false,"קמח פיצה 1 ק""ג - סוג","שטיבל בע""מ - טחנת קמ",IL,"קמח פיצה 1 ק""ג - סוגת",קילוגרמים,1.00,"ק""ג",false,1,8.90,8.9000,true,1,80790
7290100850909,false,דוריטוס נאצו 70 גרם,שטראוס,IL,דוריטוס נאצו 70 גרם,גרמים,70.00,100 גרם,false,1,6.90,9.8571,true,1,22397
7290100850916,false,דוריטוס חמוץ חריף 70,"שטראוס פריטו ליי בע""",IL,דוריטוס חמוץ חריף 70 גר 48 יח,גרמים,70.00,100 גרם,false,1,6.90,9.8571,true,1,22398
7290100850923,false,דוריטוס גריל 70 גרם,שטראוס פריטו ליי  בע,IL,דוריטוס גריל 70 גר 48 יח,גרמים,70.00,100 גרם,false,1,6.90,9.8571,true,1,22399
7290100850930,false,דוריטוס טבעי 70 גרם,שטראוס פריטו ליי  בע,IL,דוריטוס טבעי 70 גר 48 יח,גרמים,70.00,100 גרם,false,1,6.90,9.8571,true,1,22400
7290100858592,false,אבקת קקאו עלית 150 ג,שטראוס קפה בי.וי.,IL,שקית קקאו 150גרם/20שק/150גר,גרמים,150.00,100 גרם,false,1,11.80,7.8667,true,1,38972
7290100858608,false,אבקת קקאו,שטראוס גרופ,,אבקת קקאו 500 גרם,גרמים,500.00,100 גרם,false,1,26.90,5.3800,true,1,38973
7290101551027,false,קפסולות קפה אספרסו 1,שטראוס קפה בי.וי,IL,קפסולות 14 למכונות נספרסו,גרמים,50.00,100 גרם,false,1,19.90,39.8000,true,1,120588
7290101551263,false,סילאן טבעי יד מרדכי,"פוליבה בע""מ",IL,סילאן טבעי 700 גרם,גרמים,700.00,100 גרם,false,1,24.90,3.5571,true,1,120009
7290101551300,false,סילאן לחיץ יד מרדכי,"פוליבה בע""מ",IL,סילאן טבעי לחיץ 380 גרם,גרמים,380.00,100 גרם,false,1,18.90,4.9737,true,1,120008
7290101551539,true,דנונה פרו 20 גרם בטע,"שטראוס בריאות בע""מ",IL,דנונה פרו 20 גר אפרסק 0% שומן,גרמים,200.00,100 גרם,false,1,6.90,3.4500,true,1,118844
7290101551638,false,מארז ציטוס כאפה 10*,"שטראוס פריטו ליי בע""",IL,מ. ציטוס כאפה 10*20 גר 9 יח,גרמים,200.00,100 גרם,false,1,19.90,9.9500,true,1,118989
7290101861386,false,נורופן לילדים תרחיף,רקיט בנקיזר,,"נורופן לילדים תרחיף בטעם תות 100 מ""ל",ליטרים,100.00,ליטר,false,1,24.90,0.2490,true,1,77686
7290101863410,false,סיליט באנג אקונומיקה,רקיט בנקיזר,PL,"ספריי מכיל אקונומיקה סיליט באנג 750 מ""ל",מיליליטרים,750.00,"100 מ""ל",false,1,17.90,2.3867,true,1,53649
7290101865261,false,נוזל הברקה למדיח,רקיט בנקיזר,PL,"נוזל הברקה למדיח פיניש 800 מ""ל",מיליליטרים,800.00,"100 מ""ל",false,1,25.90,3.2375,true,1,87257
7290101868156,false,סטרפסילס  תות ללא סו,רקיט בנקיזר,,סטרפסילס  תות ללא סוכר,לא מנהל יחידת מידה,0.00,לא מנהל יחידת מידה,false,1,37.40,0.0000,true,1,130617
7290101868446,false,נורופן גל 16 כמוסות,רקיט בנקיזר,,נורופן גל 16 כמוסות A,Unknown,0.00,Unknown,false,1,31.50,0.0000,true,1,109124
7290101868507,false,נורופן כאבי מחזור,רקיט בנקיזר,,נורופן כאבי מחזור,Unknown,0.00,Unknown,false,1,18.90,0.0000,true,1,109132
7290101982470,false,רולר,יושלם,,רולר,לא מנהל יחידת מידה,0.00,לא מנהל יחידת מידה,false,1,6.20,0.0000,true,1,65361
7290101989073,false,ממתק גלי,יושלם,,ממתק גלי,לא מנהל יחידת מידה,0.00,לא מנהל יחידת מידה,false,1,9.90,0.0000,true,1,96069
7290102030330,false,תפוציפס קראנץ מקסיקנ,"שטראוס פריטו ליי בע""",IL,תפו קראנצ מקסיקני 200 גר 12 יח - שמיטה,גרמים,200.00,100 גרם,false,1,15.50,7.7500,true,1,42479
7290102031276,false,אקטימל תות בננה  1/8,"שטראוס בריאות בע""מ",IL,אקטימל 8 תות בננה,מיליליטרים,800.00,"100 מ""ל",false,1,26.90,3.3625,true,1,42250
7290102062195,false,משחת שיניים אלמקס,קולגייט- פלמוליב,PE,אלמקס משחת שיניים לילדים לגילאי 6-12 75 מל,מיליליטרים,75.00,"100 מ""ל",false,1,16.90,22.5333,true,1,59528
7290102390427,false,יוגורט מולר פרופ תות,טרה,,יוגורט מולר פרופ תות 150 גרם,גרמים,150.00,100 גרם,false,1,6.50,4.3333,true,1,47056
7290102390489,false,יוגורט מולר פרופ לימ,טרה,,יוגורט מולר פרופ לימון 150 גרם,גרמים,150.00,100 גרם,false,1,6.50,4.3333,true,1,47061
7290102391844,false,יוגורט מולר פרופ פיר,טרה,,יוגורט מולר פרופ פירות יער 150 גרם,גרמים,150.00,100 גרם,false,1,5.90,3.9333,true,1,49544
7290102393039,false,יוגורט מולר מיקס פצפ,טרה,IL,יוגורט מולר מיקס פצפוצי שוקולד 170 גרם,גרמים,170.00,100 גרם,false,1,6.60,3.8824,true,1,64041
7290102397600,false,מולר מיקס שקדים ובוט,מילקו תעשייה בעמ,IL,Muller mix שקדים ובוטנים בקרמל,גרמים,168.00,100 גרם,false,1,6.60,3.9286,true,1,112021
7290102397617,false,יוגורט מולר מיקס קלי,טרה,IL,Muller mix כדורי דגנים בציפוי שוקולד,גרמים,168.00,100 גרם,false,1,6.60,3.9286,true,1,109928
7290102398560,false,שוקו טרה מועשר בקבוק,מילקו תעשיות בעמ,IL,שוקו טרה מועשר בקבוק 1ליטר,ליטרים,1.00,ליטר,false,1,14.90,14.9000,true,1,118672
7290103401429,false,קפה פלטינום קצב ברזי,שטראוס קפה בי.וי,IL,פלטינום ברזילאי 200 גרם,גרמים,200.00,100 גרם,false,1,29.90,14.9500,true,1,56653
7290103404758,false,סלט כרוב אדום יום יו,"שטראוס גרופ בע""מ",IL,כרוב 120,גרמים,120.00,100 גרם,false,1,6.40,5.3333,true,1,54625
7290103408206,false,עלי חסה בקופסא250 גר,שטראוס בריאות ירקות,IL,עלי חסה בקופסא250 גר שטופים שטראוס,גרמים,250.00,100 גרם,false,1,13.90,5.5600,true,1,63071
7290103700652,false,ספוג הפלא טאצ מארז ש,"שניב תעשיות נייר בע""",,ספוג הפלא טאצ מארז שישייה,יחידה,0.00,יחידה,false,1,8.90,0.0000,true,1,105011
7290104061448,false,סלט חומוס וחריף,"שטראוס גרופ בע""מ",IL,חומוס חריף 400 גרם,גרמים,400.00,100 גרם,false,1,12.90,3.2250,true,1,60134
7290104067679,false,טחינה אחלה 400 גרם,"שטראוס גרופ בע""מ",IL,טחינה 400,גרמים,400.00,100 גרם,false,1,11.90,2.9750,true,1,107531
7290104068539,false,מסטיק מאסט מלון ואבט,"שטראוס גרופ בע""מ",IL,מסטיק מאסט מלון ואבטיח 28 גרם,גרמים,28.00,100 גרם,false,1,6.00,21.4286,true,1,66477
7290104508943,false,במבה קלאסי 200 גרם,"אסם השקעות בע""מ",IL,במבה קלאסי 18*200 גרם,גרמים,200.00,100 גרם,false,1,13.90,6.9500,true,1,78773
7290104722530,false,תפוציפס שמנת בצל200,"שטראוס פריטו ליי בע""",IL,תפו שמנת בצל 200 גר 12 יח - שמיטה,גרמים,200.00,100 גרם,false,1,15.50,7.7500,true,1,68447
7290104728310,false,שמנת עמידה לקצפת 38%,מחלבת יטבתה,IL,שמנת להקצפה 38% מהדרין,מיליליטרים,250.00,"100 מ""ל",false,1,6.47,2.5880,true,1,74308
7290104729003,false,שמן זית כתית מעולה י,מכוורת יד מרדכי שטרא,IL,שמן זית כתית מעולה 750 מוצר מדבקה,מיליליטרים,750.00,"100 מ""ל",false,1,39.90,5.3200,true,1,119163
7290104961205,false,תחליב רחצה מגע קטיפה,טרופיקל דגיל תעשיות,IL,"נקה 7 תחליב רחצה מלפפון וליים 750 מ""ל",מיליליטרים,750.00,"100 מ""ל",false,1,13.90,1.8533,true,1,79373
7290104961250,false,תחליב רחצה מגע קטיפה,טרופיקל דגיל תעשיות,IL,"נקה 7 תחליב רחצה וניל ומאסק 750 מ""ל",מיליליטרים,750.00,"100 מ""ל",false,1,13.90,1.8533,true,1,79376
7290104962745,false,סקינגארד ספריי שקוף,מיוצר עי : אמיליה קו,IL,"סקין גארד  ספריי שקוף  SPF30 300 מ""ל",מיליליטרים,300.00,"100 מ""ל",false,1,39.90,13.3000,true,1,101520
7290105360328,false,קפסולות קפה אספרסו 1,שטראוס קפה בי.וי.,IL,קפסולות  10 למכונות נספרסו,גרמים,50.00,100 גרם,false,1,19.90,39.8000,true,1,87361
7290105360335,false,קפסולות אספרסו 10 יח,שטראוס קפה בי.וי.,IL,קפסולות 07 למכונות NESPRESSO,גרמים,50.00,100 גרם,false,1,19.90,39.8000,true,1,87362
7290105360878,false,מארז תפוציפס,"שטראוס פריטו ליי בע""",IL,מ. תפו טבעי 4*50 גר 12 יח - שמיטה,גרמים,200.00,100 גרם,false,1,18.90,9.4500,true,1,98658
7290105362339,false,שמנת לבישול     15%,מחלבת יטבתה,IL,שמנת לבישול 15% מהדרין- ח,מיליליטרים,250.00,"100 מ""ל",false,1,9.00,3.6000,true,1,81416
7290105363602,false,מקלות כיף כף קלאסי,שולן צ'יקולטה,TR,כיף כף מקלות קלאסי,גרמים,40.00,100 גרם,false,1,6.90,17.2500,true,1,85296
7290105364289,false,מקלות כיף כף פצפוצים,שולן צ'יקולטה,TR,כיף כף מקלות פצפוצים,גרמים,40.00,100 גרם,false,1,6.90,17.2500,true,1,85297
7290105364302,false,מקלות כיף כף אגוזים,שולן צ'יקולטה,TR,כיף כף מקלות אגוזים,גרמים,40.00,100 גרם,false,1,6.90,17.2500,true,1,85298
7290105366993,false,גבינת סימפוניה פלפל,"שטראוס בריאות בע""מ",IL,סימפוניה פילפל שיפקה חריף,גרמים,200.00,100 גרם,false,1,12.70,6.3500,true,1,93166
7290105500151,false,וודקה פינלנדיה בקבוק,"אלטיה קורפ, הלסינקי,",FI,"פינלנדיה 700 מ""ל",מיליליטרים,700.00,"100 מ""ל",false,1,79.90,11.4143,true,1,83059
7290105500236,false,ויסקי גק דניאלס 700,ג'ק דניאלס,US,טנסי וויסקי,מיליליטרים,700.00,"100 מ""ל",false,1,129.90,18.5571,true,1,97288
7290105691224,false,טורטייה שום בצל 60 ג,"מיוצר ע""י PT, משווק",IL,אסם חטיפי פריכונים טורטיה שום בצל 12*60ג,גרמים,60.00,100 גרם,false,1,8.50,14.1667,true,1,78874
7290105691248,false,טורטייה תירס 60 גרם,"מיוצר ע""י PT, משווק",IL,אסם חטיפי פריכונים טורטיה תירס 12*60גרם,גרמים,60.00,100 גרם,false,1,8.50,14.1667,true,1,78875
7290105691934,false,"קמח שמרים 1 ק""ג","קוד יצרן TKMB, משווק",IL,אסם קמח שמרים 10*1קג,קילוגרמים,1.00,"ק""ג",false,1,11.90,11.9000,true,1,84837
7290105695321,false,עוגת בראוניס פאדג,"אסם השקעות בע""מ",IL,הבית עוגת בראוניס פאדג' 8*380גרם,גרמים,380.00,100 גרם,false,1,22.90,6.0263,true,1,82263
7290105962980,false,כרוב אדום 400 גרם,"שטראוס גרופ בע""מ",IL,כרוב סגול במיונז 400 גרם,גרמים,400.00,100 גרם,false,1,11.90,2.9750,true,1,107530
7290105962997,false,חציל במיונז 400 גרם,"שטראוס גרופ בע""מ",IL,חציל מיונז 400,גרמים,400.00,100 גרם,false,1,11.90,2.9750,true,1,107529
7290105963000,false,מטבוחה  400 גרם,"שטראוס גרופ בע""מ",IL,מטבוחה 400,גרמים,400.00,100 גרם,false,1,11.90,2.9750,true,1,107525
7290105965738,false,משקה יוגורט דנונה תו,"שטראוס בריאות בע""מ",IL,דנונה לשתיה תות בננה 267גר',מיליליטרים,267.00,"100 מ""ל",false,1,6.90,2.5843,true,1,95043
7290105966469,false,חומץ בלסמי יד מרדכי,אצטייה ג'וזפה קרמוני,IT,חומץ בלסמי יד מרדכי,מיליליטרים,250.00,"100 מ""ל",false,1,16.50,6.6000,true,1,87670
7290105968654,false,רביולי בטטה פרווה 40,"שטראוס גרופ בע""מ",IL,רביולי בטטה פרווה 400 גרם,גרמים,400.00,100 גרם,false,1,20.00,5.0000,true,1,84000
7290105968777,false,פריכיות 5 דגנים עם ש,"טחנת האבן תעשיות בע""",IL,פריכיות אנרגי תחתית ש.מריר OS,גרמים,70.00,100 גרם,false,1,9.90,14.1429,true,1,88524
7290106520066,false,רבע לשבע אגוזים  160,הגביע מוצרי וופלים ב,IL,רבע לשבע (ירוק) 160 גר',גרמים,160.00,100 גרם,false,1,16.90,10.5625,true,1,85692
7290106524439,false,תפוציפס פופס 60 גרם,"שטראוס פריטו ליי בע""",IL,תפו פופס 60 גר 40 יח,גרמים,60.00,100 גרם,false,1,5.90,9.8333,true,1,114249
7290106525320,false,שוקולית לאפיה 500 גר,שטראוס קפה בי.וי.,IL,שוקולית לאפיה,גרמים,500.00,100 גרם,false,1,17.70,3.5400,true,1,98661
7290106526822,false,פריכיות אנרגי תחתית,"טחנת האבן תעשיות בע""",IL,פריכיות אנרגי תחתית ש.חלב OS,גרמים,80.00,100 גרם,false,1,9.90,12.3750,true,1,93391
7290106528628,false,דוריטוס טבעי 185 גרם,"שטראוס פריטו ליי בע""",IL,דוריטוס DIPPAS טבעי 185 גר 12 יח,גרמים,185.00,100 גרם,false,1,11.90,6.4324,true,1,109223
7290106571792,false,ויטמינציק ענבים,גלידות נסטלה (נגה גל,IL,ויטמינצ'יק קרחון ענבים 48*80גרם,גרמים,80.00,100 גרם,false,1,4.00,5.0000,true,1,86939
7290106572065,false,חטיפי טורטיה תירס,"מיוצר ע""י PT, משווק",IL,אסם חטיפי פרכ.טורטיה תר.חמוץ מתוק 12*60ג,גרמים,60.00,100 גרם,false,1,8.50,14.1667,true,1,85582
7290106573628,false,סלט חומוס טחינה 400,סלטי צבר,IL,צבר חומוס עם טחינה 12*400גרם,גרמים,400.00,100 גרם,false,1,12.90,3.2250,true,1,89129
7290106573642,false,סלט חומוס צנובר,סלטי צבר,IL,צבר חומוס צנובר 12*400גרם,גרמים,400.00,100 גרם,false,1,12.90,3.2250,true,1,89130
7290106574120,false,שלגון גומיגם,גלידות נסטלה (נגה גל,IL,גומיגם קרחון שרבט עם סוכריות בפנים42*90ג,גרמים,90.00,100 גרם,false,1,10.50,11.6667,true,1,93781
7290106575257,false,עוגת הבית סופלה בטעם,"אסם השקעות בע""מ",IL,הבית עוגת סופלה בטעם שוקולד 8*340גרם,גרמים,340.00,100 גרם,false,1,15.90,4.6765,true,1,92089
7290106576513,false,סלט חומוס צבר 400 גר,סלטי צבר,IL,צבר חומוס 12*400גרם,גרמים,400.00,100 גרם,false,1,12.90,3.2250,true,1,92197
7290106576537,false,חומוס מסעדה צבר 700,סלטי צבר,IL,צבר חומוס מסעדה 6*700גרם,גרמים,700.00,100 גרם,false,1,12.70,1.8143,true,1,92317
7290106576810,false,גלידה לה קרמריה ריבת,המאפיה של הרמן,IL,לה קרמריה ריבת חלב חתס.כלפ.6*1.4ל,ליטרים,1.40,ליטר,false,1,31.90,22.7857,true,1,93790
7290106576834,false,גלידה לה קרמריה פונט,תות תעשיות מזון (201,IL,גלידה לה קרמריה פונטש בננה 1.4 ליטר,ליטרים,1.40,ליטר,false,1,31.90,22.7857,true,1,93797
7290106576858,false,גלידה לה קרמריה תותי,המאפיה של הרמן,IL,לה קרמריה תותים בשמנת כלפ.6*1.4ליטר,ליטרים,1.40,ליטר,false,1,31.90,22.7857,true,1,93792
7290106576995,false,גלידה לה קרמריה תות,המאפיה של הרמן,IL,לה קרמריה סורבה לייט תות מנגו 6*1.4ליטר,ליטרים,1.40,ליטר,false,1,31.90,22.7857,true,1,93798
7290106577541,false,כרוב אדום צבר 400 גר,סלטי צבר,IL,צבר כרוב אדום מרובע 6*400גרם,גרמים,400.00,100 גרם,false,1,13.90,3.4750,true,1,92515
7290106577572,false,מטבוחה 400 גר,סלטי צבר,IL,צבר מטבוחה מרובע 6*400גרם,גרמים,400.00,100 גרם,false,1,13.90,3.4750,true,1,92516
7290106578821,false,עוגת הבית שמרים שוקו,"אסם השקעות בע""מ",IL,הבית עוגת שמרים שוקולד קלאסית 8*350ג,גרמים,350.00,100 גרם,false,1,22.90,6.5429,true,1,95712
7290106650930,false,כשלפ טורקי עלית 85 ג,שטראוס קפה בי.וי.,IL,כשלפ טורקי עלית 85 גר,גרמים,85.00,100 גרם,false,1,8.90,10.4706,true,1,131326
7290106653504,false,בוטנים אמריקאים סבבה,"שטראוס פריטו ליי בע""",IL,בוטנים ברביקיו ללא תקשור 50 גר 50,גרמים,50.00,100 גרם,false,1,3.00,6.0000,true,1,93001
7290106662025,false,תפוציפס מלח פלפל 50,"שטראוס פריטו ליי בע""",IL,תפו מלח פלפל 50 גר 48 יח - שמיטה,גרמים,50.00,100 גרם,false,1,5.90,11.8000,true,1,111431
7290106662964,false,סוכריות נוסטלגיה גומ,טופגאם תעשיות ממתקים,IL,סוכ' נוסטלגיה גומי יין,גרמים,80.00,100 גרם,false,1,7.50,9.3750,true,1,105255
7290106663121,false,עוגת מילקי CAKE אישי,בובארד איטליה אס.פי.,IT,עוגת מילקי CAKE אישית 34 גרם,גרמים,34.00,100 גרם,false,1,4.00,11.7647,true,1,106029
7290106663503,false,קונפיטורה לייט תות ש,"ב.א. מזון בע""מ",IL,קונפיטורת תות שדה לייט,גרמים,230.00,100 גרם,false,1,15.70,6.8261,true,1,99742
7290106663558,false,רוטב טריאקי רימון 28,"ב.א. מזון בע""מ",IL,רוטב טריאקי 320 גרם,מיליליטרים,280.00,"100 מ""ל",false,1,17.50,6.2500,true,1,105277
7290106664067,false,גבינת לאבנה 10% שמן,"מחלבות בר בכפר בע""מ",IL,לאבנה שמן זית וזעתר 10% שומן,גרמים,400.00,100 גרם,false,1,17.90,4.4750,true,1,107946
7290106667266,false,דוריטוס חמוץ חריף 18,שטראוס פריטו ליי  בע,IL,דוריטוס חמוץ חריף 185 גר 12 יח,גרמים,185.00,100 גרם,false,1,11.90,6.4324,true,1,109220
7290106668577,false,מיץ לימון טבעי יד מר,יורופוד ס.ר.ל,IT,"מיץ לימון טבעי 250 מ""ל",מיליליטרים,250.00,"100 מ""ל",false,1,9.80,3.9200,true,1,105278
7290106720626,false,חטיף ציטוס גבינה 80,"שטראוס פריטו ליי בע""",IL,ציטוס גבינה 80 ג 48 יח רבנות,גרמים,80.00,100 גרם,false,1,5.90,7.3750,true,1,111747
7290106721913,false,מסטיק מאסט ריח פה צי,"שטראוס גרופ בע""מ",IL,"צנצנת מאסט מנטה מרעננת לל""ס 66 גרם",גרמים,66.00,100 גרם,false,1,11.90,18.0303,true,1,105259
7290106721920,false,מסטיק מאסט ספירמינט,"שטראוס גרופ בע""מ.",IL,"צנצנת ספירמינט לל""ס 66 גרם",גרמים,66.00,100 גרם,false,1,11.90,18.0303,true,1,105260
7290106725867,false,סירופ מייפל טבעי 189,ציטדל,CA,"סירופ מייפל טבעי 189 מ""ל",מיליליטרים,189.00,"100 מ""ל",false,1,42.90,22.6984,true,1,107934
7290106727984,false,כיף כף פצפצים 135 גר,שולן צ'יקולטה גידה ס,TR,גביע פצפצים 135 ג' 2016,גרמים,135.00,100 גרם,false,1,14.90,11.0370,true,1,110215
7290107280020,false,שלישיה מטליות לחות ל,טרופיקל דגיל- תעשיות,IL,שלישיה מטליות לחות לניקוי כללי,לא מנהל יחידת מידה,0.00,לא מנהל יחידת מידה,false,1,25.60,0.0000,true,1,90081
7290107280075,true,תבניות אלומיניום לאפ,סנו מפעלי ברונוס בעמ,CN,"סנו סושי, תבניות אלומיניום מידה L, 130 גרם",Unknown,0.00,Unknown,false,1,9.90,0.0000,true,1,105104
7290107280570,false,גל כביסה מקסימה,סנו מפעלי ברונוס בעמ,IL,ג'ל כביסה 3 ל' MIX&WASH לכביסה צבעונית,ליטרים,3.00,ליטר,false,1,35.90,11.9667,true,1,99368
7290107280709,false,נוזל להברקה 700 מל,"סנו מפעלי ברונוס בע""",IL,סנו ספארק נוזל הברקה למדיח 700 מל,מיליליטרים,900.00,"100 מ""ל",false,1,22.70,2.5222,true,1,101808
7290107280716,true,מלח למדיח,"מלח הארץ אילת בע""מ",IL,סנו ספארק מלח למדיח 2 קג,קילוגרמים,2.00,"ק""ג",false,1,14.90,7.4500,true,1,105098
7290107280761,false,נוזל כלים לימון,סנו מפעלי ברונוס בעמ,IL,ספארק משאבה לימון 1ל,ליטרים,1.00,ליטר,false,1,14.90,14.9000,true,1,101152
7290107646147,false,חטיף שוגי קורנפלקס ש,יוניליוור ישראל מזון,IL,"שוגי חטיף פתיתי תירס קלויים, 156 גרם",גרמים,156.00,100 גרם,false,1,15.90,10.1923,true,1,115832
7290107646154,false,חטיף קוקומן פצפוצים,יוניליוור ישראל מזון,IL,"קוקומן חטיף פצפוצי דגנים בטעם שוקולד, 126 גרם",גרמים,126.00,100 גרם,false,1,15.90,12.6190,true,1,115833
7290107647823,false,ברנפלקס בדצ500 גרם,יוניליוור ישראל מזון,IL,ברנפלקס בדצ500 גרם,גרמים,500.00,100 גרם,false,1,25.90,5.1800,true,1,113608
7290107649681,false,קורנטו פסק זמן 64 גר,"מיוצר ע""י גלידת שטרא",IL,קורנטו  טילון פסק זמן בטעם נוגט ושוקולד 64 גרם,גרמים,64.00,100 גרם,false,1,10.90,17.0313,true,1,121072
7290107649780,false,שוקובו שוקו 85 גרם,"מיוצר ע""י גלידת שטרא",IL,שוקובו שוקו 85 גרם,גרמים,85.00,100 גרם,false,1,12.90,15.1765,true,1,121075
7290107649858,false,טילון מגנום לבן גליד,"מיוצר ע""י גלידת שטרא",IL,מגנום  טילון שוקולד לבן 100 גרם,גרמים,100.00,100 גרם,false,1,13.50,13.5000,true,1,121708
7290107865166,false,סמארט 4500 שאיפות תפ,shenzhen shengsi,CN,סמארט 4500 שאיפות תפוח,יחידה,1.00,יחידה,false,1,149.90,149.9000,false,1,131950
7290107865210,false,סמארט 4500 שאיפות סו,shenzhen shengsi,CN,סמארט 4500 שאיפות סוכריה,יחידה,1.00,יחידה,false,1,149.90,149.9000,false,1,131952
7290107865227,false,סמארט 4500 שאיפות פי,shenzhen shengsi,CN,סמארט 4500 שאיפות פירות,יחידה,1.00,יחידה,false,1,149.90,149.9000,false,1,131951
7290107865234,false,סמארט 4500 שאיפות תו,shenzhen shengsi,CN,סמארט 4500 שאיפות תות,יחידה,1.00,יחידה,false,1,149.90,149.9000,false,1,131949
7290107870047,false,טילון אקסטרים ענק בר,גלידות נסטלה,IL,אקסטרים טילון בראוניז מטבע ענק 18*115גרם,גרמים,133.00,100 גרם,false,1,12.50,9.3985,true,1,101073
7290107871990,false,פסטה צינורות אסם 500,פסטה זארה,IT,אסם פסטה צינורות איטלקי 12*500גרם,גרמים,500.00,100 גרם,false,1,6.90,1.3800,true,1,101987
7290107879620,false,קרחון שרבט לה פרוטה,המאפיה של הרמן,IL,לה פרוטה תפוח מלון 36*70גרם,גרמים,70.00,100 גרם,false,1,8.90,12.7143,true,1,108653
7290107879668,false,קרחון שרבט לה פרוטה,המאפיה של הרמן,IL,לה פרוטה תות 36*70גרם,גרמים,70.00,100 גרם,false,1,8.90,12.7143,true,1,108650
7290107879699,false,קרחון שרבט לה פרוטה,המאפיה של הרמן,IL,לה פרוטה מנגו 36*70גרם,גרמים,70.00,100 גרם,false,1,8.90,12.7143,true,1,108651
7290107931397,false,חטיף כיף כף פצפצים 4,שולן צ'יקולטה גידה ס,TR,כיף כף פצפצים,גרמים,40.00,100 גרם,false,1,6.90,17.2500,true,1,109531
7290107932080,false,חלב בקבוק 3% מועשר 1,מחלבת יטבתה,IL,חלב בבקבוק 3% מועשר- מהדרין,ליטרים,1.00,ליטר,false,1,8.50,8.5000,true,1,107883
7290107932134,false,חלב בקבוק 1% מועשר 1,מחלבת יטבתה,IL,חלב בבקבוק 1% מועשר- מהדרין,ליטרים,1.00,ליטר,false,1,8.50,8.5000,true,1,107884
7290107937542,false,משקה אקטיביה תות 1.2,"שטראוס בריאות בע""מ",IL,משקה אקטיביה תות 1.2% בודד,גרמים,250.00,100 גרם,false,1,6.60,2.6400,true,1,109636
7290107937634,false,מסטיק מאסט קוביות פפ,אסקום קונפקשיין,DE,צנצנת קוביות מנטה 58 גרם,גרמים,58.00,100 גרם,false,1,11.90,20.5172,true,1,110348
7290107937641,false,מסטיק מאסט קוביות בז,אסקום קונפקשיין,DE,צנצנת קוביות בזוקה 58 גרם,גרמים,58.00,100 גרם,false,1,11.90,20.5172,true,1,110368
7290107938396,false,משקה יוגורט אקטימל ת,"שטראוס בריאות בע""מ",IL,אקטימל שמיניה תות,מיליליטרים,864.00,"100 מ""ל",false,1,23.50,2.7199,true,1,109962
7290107942355,false,תפוציפס מקלות בטעם ט,"שטראוס פריטו ליי בע""",IL,תפו מקלות טבעי 60 גר 56 יח,גרמים,60.00,100 גרם,false,1,5.90,9.8333,true,1,110509
7290107943369,false,קוואקר שיבולת שועל ל,קוואקר אוטס קומפני,US,קוואקר שיבולת שועל ללא גלוטן 511 גר 6 יח,גרמים,511.00,100 גרם,false,1,19.90,3.8943,true,1,113668
7290107944472,false,גבינת סימפוניה שום ש,"שטראוס בריאות בע""מ",IL,סימפוניה שום שמיר 5%,גרמים,200.00,100 גרם,false,1,12.70,6.3500,true,1,110519
7290107945165,false,קונפיטורה משמש 340 ג,"ב.א. מזון בע""מ",IL,קונפיטורת משמש 340 גרם,גרמים,340.00,100 גרם,false,1,15.90,4.6765,true,1,111184
7290107951104,false,בפלות שוקולד 200 גרם,"א.ג. גילרו בע""מ",IL,בפלות שוקולד 200 גרם,גרמים,200.00,100 גרם,false,1,6.90,3.4500,true,1,110570
7290107951111,false,בפלות לימון 200 גרם,"א.ג. גילרו בע""מ",IL,בפלות לימון 200 גרם,גרמים,200.00,100 גרם,false,1,6.90,3.4500,true,1,110573
7290107951715,false,מסטיק מאסט קוביות ענ,אסקום קונפקשיין,IL,צנצנת קוביות ענבים 58 גרם,גרמים,58.00,100 גרם,false,1,11.90,20.5172,true,1,111178
7290107953559,false,מארז טורקי לדרך 168,שטראוס קפה בי.וי.,IL,מארז טורקי לדרך 168 גר,גרמים,200.00,100 גרם,false,1,22.90,11.4500,true,1,115798
7290107954976,false,משקה יטבתה פרו קפה 3,מילקוורק,DE,משקה קפה עם חלבון חלב 350 מיל,מיליליטרים,350.00,"100 מ""ל",false,1,7.50,2.1429,true,1,113166
7290107956642,false,"תרסיס שמן זית 150 מ""",אטייטס מאבה ספרד,ES,"תרסיס שמן זית 150 מ""ל",מיליליטרים,150.00,"100 מ""ל",false,1,19.90,13.2667,true,1,114402
7290107956901,true,קפסולות אגוזי לוז למ,שטראוס קפה בי.וי.,IL,קפסולות אגוזי לוז למכונות NESPRESSO,לא מנהל יחידת מידה,0.00,לא מנהל יחידת מידה,false,1,19.90,0.0000,true,1,116460
7290107956925,true,קפסולות קפה אספרסו 1,שטראוס קפה בי.וי.,IL,קפסולות אוגנדה מס' 13,לא מנהל יחידת מידה,0.00,לא מנהל יחידת מידה,false,1,19.90,0.0000,true,1,118693
7290107956932,true,קפסולות אינדונזיה,שטראוס קפה בי.וי.,IL,קפסולות קפה עלית אינדונזיה מס' 12,Unknown,0.00,Unknown,false,1,19.90,0.0000,true,1,118025
7290107957991,false,מילקי מינייס 144 גרם,בובארד איטליה אס.פי.,IT,מילקי מינייס,גרמים,144.00,100 גרם,false,1,14.90,10.3472,true,1,118078
7290108200225,true,וניש גולד אבקה ורוד,השחר,IT,מסיר כתמים אבקה וניש קליה 470 גרם,גרמים,470.00,100 גרם,false,1,22.90,4.8723,true,1,107283
7290108200232,true,וניש גולד אבקה לבן,,,וניש גולד אבקה לבן 470 גרם,גרמים,470.00,100 גרם,false,1,22.90,4.8723,true,1,107284
7290108350128,false,שקית אשפה חזקה סנו,סנו מפעלי ברונוס בעמ,IL,שקית אשפה חזקה סנו סושי 40 יח,Unknown,0.00,Unknown,false,1,28.90,0.0000,true,1,101809
7290108350210,false,סנו סושי 30 שקיות אש,סנו מפעלי ברונוס בעמ,IL,חזקות לאשפה XL 30 שקיות,לא מנהל יחידת מידה,0.00,לא מנהל יחידת מידה,false,1,31.90,0.0000,true,1,108249
7290108350531,false,נוזל כלים סנו ספארק,סנו מפעלי ברונוס בעמ,IL,ספארק משאבה קלאסי 1ל,ליטרים,1.00,ליטר,false,1,14.90,14.9000,true,1,106988
7290108350548,false,נוזל כלים סנו ספארק,סנו מפעלי ברונוס בעמ,IL,סנו נוזל לניקוי כלים בניחוח לבנדר עדין 1 ליטר,ליטרים,1.00,ליטר,false,1,14.90,14.9000,true,1,106989
7290108350623,false,מרכך כביסה מקסימה So,"סנו מפעלי ברונוס בע""",IL,מקסימה מרכך כביסה מרוכז סופט סילק 1 ליטר,ליטרים,1.00,ליטר,false,1,21.90,21.9000,true,1,109872
7290108351149,false,סנו גט לניקוי כללי ו,"סנו מפעלי ברונוס בע""",IL,ג'ט פלוס סודה 1.5 ליטר,ליטרים,1.50,ליטר,false,1,15.90,10.6000,true,1,110726
7290108351156,false,סנו גט לניקוי כללי ו,"סנו מפעלי ברונוס בע""",IL,ג'ט + לניקוי כללי  ורצפות בתוספת חומץ 1.5 ליטר,ליטרים,1.50,ליטר,false,1,15.90,10.6000,true,1,110725
7290108351514,false,מרכך כביסה מקסימה BL,סנו,IL,מרכך כביסה מקסימה BLUE BLOSSOM,ליטרים,4.00,ליטר,false,1,26.90,6.7250,true,1,110606
7290108351552,false,סנו גט פלוס לניקוי כ,"סנו מפעלי ברונוס בע""",IL,"סנו ג'ט+ לניקוי כללי בתוספת חומץ מרסס 750 מ""ל",מיליליטרים,750.00,"100 מ""ל",false,1,18.90,2.5200,true,1,114292
7290108351613,false,ריצפז פרש הום,"סנו מפעלי ברונוס בע""",IL,'רצפז פ.הום מלון חלומי  2 ליטר,ליטרים,0.00,ליטר,false,1,23.90,0.0000,true,1,113239
7290108351811,false,מרכך כביסה מקסימה 1,סנו מפעלי ברונוס בעמ,IL,מרכך כביסה בבישום עוצמתי floral touch,ליטרים,1.00,ליטר,false,1,21.90,21.9000,true,1,123357
7290108352009,false,טבליות מדיח לניקוי כ,Grupa inco,PL,סנו ספארק 50 קפסולות למדיח,לא מנהל יחידת מידה,0.00,לא מנהל יחידת מידה,false,1,55.90,0.0000,true,1,125005
7290108352627,false,מפת ניילון שקופה סנו,"סנו מפעלי ברונו בע""מ",IL,מפת ניילון שקופה בגליל,לא מנהל יחידת מידה,0.00,לא מנהל יחידת מידה,false,1,15.90,0.0000,true,1,118153
7290108352672,false,מטלית הפלא לריצפה זו,N.S.H.P,CN,"סנו סושי, צמד מטליות במארז, מטלית הפלא לרצפה",Unknown,0.00,Unknown,false,1,21.90,0.0000,true,1,113233
7290108352801,false,סנו סושי - שקיות אשפ,"סנו מפעלי ברונוס בע""",IL,שקיות אשפה לפחים קטנים,לא מנהל יחידת מידה,0.00,לא מנהל יחידת מידה,false,1,21.90,0.0000,true,1,117556
7290108352818,false,מטלית לשיש במבוק,צ'נצ'גן גולי מוצרי צ,CN,סנו סושי מטלית במבוק לניקוי,לא מנהל יחידת מידה,0.00,לא מנהל יחידת מידה,false,1,9.90,0.0000,true,1,120063
7290108352825,false,ספוג הפלא נירוסטה,s.k.a.t ltdסנו מפעלי,CN,ספוג הפלא נירוסטה,גרמים,44.00,100 גרם,false,1,10.90,24.7727,true,1,118154
7290108352870,false,שקיות צלייה XL 10 יח,סנו מפעלי ברונוס בעמ,TR,"סנו סושי- שקיות צלייה, 10 יחידות",יחידה,0.00,יחידה,false,1,9.90,0.0000,true,1,118805
7290108353082,false,סנו סופט ממחטות אף ב,מיוצר עי קונדיטוריית,IL,סנו סופט 120 ממחטות אף דו שכבתיות,יחידה,1.00,יחידה,false,1,10.90,10.9000,true,1,123417
7290108353433,false,שטיפת מי פה אורביטול,"קוסמופארם בע""מ",IL,שטיפת מי פה אורביטול,מיליליטרים,500.00,"100 מ""ל",false,1,24.70,4.9400,true,1,119467
7290108353501,false,שקיות אשפה סנו סושי,"סנאט גרופ, טורקיה",TR,שקיות אשפה סנו סושי עם ידית - 25 יח,יחידה,1.00,יחידה,false,1,20.90,20.9000,true,1,124240
7290108353518,false,סנו סושי תבניות אלומ,קריניסה ויטמין אס אי,CN,"סנו סושי תבניות אלומיניום עם ידיות אחיזה, 2 יחידות",יחידה,1.00,יחידה,false,1,12.90,12.9000,true,1,124241
7290108354355,false,סנו 20 מגבוני ידיים,דן - מור חומרי טבע ו,IL,מגבונים היגיינים לניקוי הידיים 20 יח,יחידה,1.00,יחידה,false,1,11.90,11.9000,true,1,126283
7290108354751,false,גט מתז +תוספת סודה,"סנו מפעלי ברונוס בע""",IL,סנו ג'ט לניקוי כללי בתוספת אבקת סודה 750 מל,מיליליטרים,750.00,"100 מ""ל",false,1,16.90,2.2533,true,1,119464
7290108356168,false,כיף תחליב רחצה מילק,גוד פוד פרודקטס S.p,IL,"כיף תחליב רחצה אוקיינוס, 700 מל",מיליליטרים,700.00,"100 מ""ל",false,1,14.90,2.1286,true,1,119476
7290108357714,false,כיף שמפו לשיער יבש ר,גוד פוד פרודקטס S.p,IL,כיף שמפו לשיער יבש רימונים ושמן ארג700 מ,מיליליטרים,700.00,"100 מ""ל",false,1,14.90,2.1286,true,1,120336
7290108895179,false,"פינגאן 10X10.5 ס""מ",,,"פינגאן 10X10.5 ס""מ",יחידה,1.00,יחידה,false,1,29.90,29.9000,true,1,115438
7290108941692,false,כריך שמיניה סלט ביצי,עינת,IL,כריך שמיניה סלט ביצים,גרמים,240.00,100 גרם,false,1,18.90,7.8750,true,1,129514
7290108941746,false,גבטה טוניסאי 305גרם,עינת,IL,גבטה טוניסאי 305גרם,גרמים,305.00,100 גרם,false,1,27.00,8.8525,true,1,129509
7290108941753,false,גבטה דאבל בשר 295גרם,עינת,IL,גבטה דאבל בשר 295גרם,גרמים,295.00,100 גרם,false,1,27.00,9.1525,true,1,129510
7290108941760,false,גבטה סביח305גרם,עינת,IL,גבטה סביח305גרם,גרמים,305.00,100 גרם,false,1,27.00,8.8525,true,1,129513
7290108941821,false,"סלט הכפר 1000 מ""ל",עינת,IL,"סלט הכפר 1000 מ""ל",מיליליטרים,1000.00,"100 מ""ל",false,1,24.90,2.4900,true,1,129515
7290109351025,false,חומוסטחינה חלק מלך ה,סלטי צבר,IL,צבר חומוסטחינה 6*400גרם,גרמים,400.00,100 גרם,false,1,14.90,3.7250,true,1,108190
7290109351209,false,קרחון שרבט לה פרוטה,תות תעשיות מזון (201,IL,קרחון שרבט לה פרוטה אננס תפוז 70 גרם,גרמים,70.00,100 גרם,false,1,8.90,12.7143,true,1,108655
7290109355504,false,שלגון קראנץ וניל נוג,נטו מלינדה-בשר,IL,נסטלה קראנץ ונל.ליבת נגט.שקלד.לבן28*100ג,גרמים,100.00,100 גרם,false,1,12.50,12.5000,true,1,110600
7290110110369,false,בירה קרלסברג LUMA שי,מבשלות בירה בינלאומי,IL,"קרלסברג LUMA שישייה 330 מ""ל",ליטרים,1.98,ליטר,false,6,59.90,30.2525,true,1,125681
7290110110635,false,"ספרייט בקבוק 500 מ""ל",החברה המרכזית לייצור,IL,"ספרייט בקבוק 500 מ""ל",מיליליטרים,500.00,"100 מ""ל",false,1,9.50,1.9000,true,1,115711
7290110110659,false,ספרייט פחית סליק 330,החברה המרכזית לייצור,IL,"סליק ספרייט LIME 330 מ""ל מבצע",מיליליטרים,330.00,"100 מ""ל",false,1,8.50,2.5758,true,1,115710
7290110110765,false,FUZE TEA לימון נענע,מבשלות בירה בינלאומי,IL,פיוזטי גרין לימון נענע 0.5 ליטר,מיליליטרים,500.00,"100 מ""ל",false,1,9.90,1.9800,true,1,117288
7290110111557,false,פאוורייד ספורט500מל,Caslino al Piano pla,IT,פאוורייד ספורט500מל בטעם פירות,מיליליטרים,500.00,"100 מ""ל",false,1,11.90,2.3800,true,1,119350
7290110111564,false,פאוורייד ספורט 500מל,Caslino al Piano pla,IT,פאוורייד ספורט 500מל איזוטוני בטעם הדרים,מיליליטרים,500.00,"100 מ""ל",false,1,11.90,2.3800,true,1,119351
7290110113421,false,בירה קרלסברד LUMA בק,מבשלות בירה בינלאומי,IL,קרלסברג LUMA בק 330 בודד,מיליליטרים,330.00,"100 מ""ל",false,1,15.90,4.8182,true,1,125682
7290110113490,false,תה קר פיוזתה אפרסק 1,מבשלות בירה בינלאומי,IL,Fuze tea אפרסק 19 קלוריות 0.5 ליטר,מיליליטרים,500.00,"100 מ""ל",false,1,9.90,1.9800,true,1,125679
7290110113902,false,בירה טובורג פחית סלי,מבשלות בירה בינלאומי,IL,"טובורג רד פחית 330 מ""ל",מיליליטרים,330.00,"100 מ""ל",false,1,10.90,3.3030,true,1,130036
7290110113926,false,פאנטה ZERO אורנג 500,החברה המרכזית לייצור,IL,פאנטה ZERO אורנג 500 מל,מיליליטרים,500.00,"100 מ""ל",false,1,9.50,1.9000,true,1,129812
7290110114787,false,מי נביעות +בטעם תפוח,נביעות טבע הגליל בעמ,IL,נביעות+ בטעם תפוח 1.5 ליטר,ליטרים,1.50,ליטר,false,1,13.90,9.2667,true,1,130573
7290110114794,false,מי נביעות +בטעם אפרס,"נביעות טבע הגליל בע""",IL,נביעות + בטעם אפרסק 1.5 ליטר,ליטרים,1.50,ליטר,false,1,13.90,9.2667,true,1,130574
7290110114800,false,מי נביעות +בטעם ענבי,"נביעות טבע הגליל בע""",IL,נביעות + בטעם ענבים 1.5 ליטר,ליטרים,1.50,ליטר,false,1,13.90,9.2667,true,1,130575
7290110114855,false,מים נביעות שישייה בק,נביעות טבע הגליל בעמ,IL,6 נביעות 1.5 ליטר,ליטרים,9.00,ליטר,false,6,20.90,2.3222,true,1,130576
7290110114961,false,משקל פריגת תפוזים 1.,מבשלות בירה בינלאומי,IL,"פריגת תפוזים, 1.5 ליטר",ליטרים,1.50,ליטר,false,1,14.90,9.9333,true,1,130580
7290110114985,false,משקל פריגת אשכוליות,מבשלות בירה בינלאומי,IL,פריגת בטעם אשכוליות 1.5 ליטר,ליטרים,1.50,ליטר,false,1,14.90,9.9333,true,1,130581
7290110115005,false,משקל פריגת ענבים 1.5,מבשלות בירה בינלאומי,IL,משקה קל פירות ענבים תפוחים,ליטרים,1.50,ליטר,false,1,14.90,9.9333,true,1,130582
7290110115029,false,משקל פריגת תפוחים 1.,מבשלות בירה בינלאומי,IL,פריגת בטעם תפוחים 1.5 ליטר,ליטרים,1.50,ליטר,false,1,14.90,9.9333,true,1,130583
7290110115036,false,משקל פריגת מנגו 1.5,מבשלות בירה בינלאומי,IL,"משק""ל מנגו 1.5 ליטר",ליטרים,1.50,ליטר,false,1,14.90,9.9333,true,1,130584
7290110115043,false,משקל פריגת לימונענע,מבשלות בירה בינלאומי,IL,משקה קל פירות לימונענע,ליטרים,1.50,ליטר,false,1,14.90,9.9333,true,1,130634
7290110115050,false,משקל פריגת תות בננה,מבשלות בירה בינלאומי,IL,פריגת טעם תות בננה 1.5 ליטר,ליטרים,1.50,ליטר,false,1,14.90,9.9333,true,1,130585
7290110115296,false,פאנטה אורנג בקבוק 1.,החברה המרכזית לייצור,IL,פאנטה אורנג' 1.5 ליטר,ליטרים,1.50,ליטר,false,1,13.50,9.0000,true,1,130592
7290110115319,false,פאנטה אקזוטיק בקבוק,החברה המרכזית לייצור,IL,פאנטה אקזוטיק 1.5 ליטר,ליטרים,1.50,ליטר,false,1,13.90,9.2667,true,1,130593
7290110115364,false,קוקה קולה שישייה בקב,החברה המרכזית לייצור,IL,קוקה קולה שישיות 1.5 ליטר,ליטרים,9.00,ליטר,false,6,59.90,6.6556,true,1,130595
7290110115418,false,קוקה קולה זירו שישיי,החברה המרכזית לייצור,IL,קולה ZERO שישיות 1.5 ליטר,ליטרים,9.00,ליטר,false,6,59.90,6.6556,true,1,130596
7290110115449,false,תה קר FUZE TEA מנגו,מבשלות בירה בינלאומי,IL,פיוזטי מנגו אננס 1.5 ליטר,ליטרים,1.50,ליטר,false,1,14.50,9.6667,true,1,130597
7290110115456,false,תה קר פיוזתה אפרסק 1,מבשלות בירה בינלאומי,IL,FUZE tea אפרסק 19 קל' 1.5 ליטר,ליטרים,1.50,ליטר,false,1,14.50,9.6667,true,1,130598
7290110115463,false,תה קר FUZE TEA אפרסק,מבשלות בירה בינלאומי,IL,פיוזטי אפרסק 1.5 ליטר,ליטרים,1.50,ליטר,false,1,14.50,9.6667,true,1,130599
7290110115494,false,תה קר FUZE TEA ענבים,מבשלות בירה בינלאומי,IL,פיוזטי ענבים 1.5 ליטר,ליטרים,1.50,ליטר,false,1,14.50,9.6667,true,1,130601
7290110115654,false,ZERO פיוז טי גרין אנ,מבשלות בירה בינלאומי,IL,פיוזטי ZERO גרין אננס 0.5 ליטר,מיליליטרים,500.00,"100 מ""ל",false,1,9.90,1.9800,true,1,130622
7290110115661,false,ZERO פיוז טי אפרסק 5,מבשלות בירה בינלאומי,IL,פיוזטי ZERO אפרסק 0.5 ליטר,מיליליטרים,500.00,"100 מ""ל",false,1,9.90,1.9800,true,1,130621
7290110115777,false,מים נביעות בקבוק 1.5,נביעות,,מים נביעות בקבוק 1.5 ליטר,ליטרים,1.50,ליטר,false,1,8.20,5.4667,true,1,130636
7290110115845,false,קוקה קולה בקבוק  1.5,"אינסטנטה בע""מ",IL,קוקה קולה בקבוק  1.5 ליטר,ליטרים,1.50,ליטר,false,1,14.50,9.6667,true,1,130586
7290110115869,false,קוקה קולה זירו בקבוק,תות תעשיות מזון (201,IL,קוקה קולה זירו בקבוק 1.5 ליטר,ליטרים,1.50,ליטר,false,1,14.50,9.6667,true,1,130588
7290110116057,false,ZERO  פאנטה פירות כח,החברה המרכזית לייצור,IL,"פאנטה ZERO כחול 500 מ""ל",מיליליטרים,500.00,"100 מ""ל",false,1,9.50,1.9000,true,1,131736
7290110116224,false,נביעות +0 קלוריות אש,"נביעות טבע הגליל בע""",IL,נביעות+ 0 קלוריות אשכולית  0.5 ליטר,מיליליטרים,500.00,"100 מ""ל",false,1,10.50,2.1000,true,1,132195
7290110116385,false,קולה קולה  זירו סטאפ,החברה המרכזית למשקאו,IL,קולה קולה  זירו סטאפני 330 מל,מיליליטרים,330.00,"100 מ""ל",false,1,9.50,2.8788,true,1,132014
7290110320850,false,פתיתי עמק בשקית 200,"תנובה, מחלבת תל יוסף",IL,עמק פתיתים 28% שומן 200 גרם,גרמים,200.00,100 גרם,false,1,16.50,8.2500,true,1,113848
7290110320867,false,פתיתי עמק למאפים 28%,"תנובה, מחלבת תל יוסף",IL,עמק פתיתים 28% שומן 500 גרם,גרמים,500.00,100 גרם,false,1,36.90,7.3800,true,1,113707
7290110321680,false,יוגורט יופלה GO תות,מחלבת אלון תבור,IL,יוגורט עם תות בתוספת חלבוני חלב,גרמים,200.00,100 גרם,false,1,6.90,3.4500,true,1,115825
7290110321697,false,יוגורט יופלה GO אפרס,מחלבת אלון תבור,IL,יוגורט עם אפרסק בתוספת חלבוני חלב,גרמים,200.00,100 גרם,false,1,6.90,3.4500,true,1,115826
7290110321703,false,יוגורט יופלה GO פירו,"תנובה בע""מ",IL,יוגורט עם פירות יער מועשר בחלבון,גרמים,200.00,100 גרם,false,1,6.90,3.4500,true,1,117369
7290110322014,false,טופו טבעי 300 גרם,סוי מג'ק,IL,טופו טבעי 300 גרם,גרמים,300.00,100 גרם,false,1,12.50,4.1667,true,1,117679
7290110322021,false,טופו בזיליקום 300 גר,סוי מג'ק,IL,טופו בטעם בזיליקום,גרמים,300.00,100 גרם,false,1,12.50,4.1667,true,1,117678
7290110323073,false,משקה יוגורט  יופלה G,תנובה בעמ,IL,משקה יוגורט  יופלה GO 20 מועשר בחלבון תו,מיליליטרים,236.00,"100 מ""ל",false,1,7.50,3.1780,true,1,119238
7290110323301,false,גבינה צהובה טל העמק,תנובה,IL,גבינה צהובה טל העמק 32% שומן 200 גרם,גרמים,200.00,100 גרם,false,1,19.90,9.9500,true,1,120051
7290110323585,true,יוגורט עם דובדבן מופ,תנובה בעמ,IL,יוגורט עם דובדבן מופחת קולוריות GO200גרם,גרמים,200.00,100 גרם,false,1,6.90,3.4500,true,1,119585
7290110324872,false,גבינת גלבוע 5% שומן,תנובה,IL,גבינת גלבוע 5% שומן 200 גרם,גרמים,200.00,100 גרם,false,1,19.90,9.9500,true,1,124207
7290110324926,false,משקה סויה ללא תוספת,"תנובה בע""מ",IL,משקה סויה ללא תוספת סוכר  1 ליטר,ליטרים,1.00,ליטר,false,1,12.90,12.9000,true,1,124014
7290110325305,false,מעדן סויהGO 20 גרם ח,"תנובה בע""מ",IL,מעדן סויהGO 20 גרם חלבון במתיקות מעודנת 200גרם,גרמים,200.00,100 גרם,false,1,6.90,3.4500,true,1,124008
7290110325312,false,מעדן סויה GO 20 גרם,"תנובה בע""מ",IL,מעדן סויה GO 20 גרם חלבון בטעם תות  200גרם,גרמים,200.00,100 גרם,false,1,6.90,3.4500,true,1,124007
7290110325619,false,משקה שיבולת שועל  1ל,"תנובה בע""מ",IL,משקה שיבולת שועל  1ליטר,ליטרים,1.00,ליטר,false,1,13.90,13.9000,true,1,124587
7290110325893,false,תנובה GO אייס קפה 34,"תנובה בע""מ",IL,תנובה GO אייס קפה 340 מל,מיליליטרים,340.00,"100 מ""ל",false,1,9.50,2.7941,true,1,124592
7290110326210,false,יופלה און טופ פצפוצי,מחלבת אלון תבור,IL,יופלה און טופ פצפוצים 157 גרם,גרמים,157.00,100 גרם,false,1,5.50,3.5032,true,1,125030
7290110326227,false,יופלה און טופ קורנפל,מחלבת אלון תבור,IL,יופלה און טופ קורנפלקס  157 גרם,גרמים,157.00,100 גרם,false,1,5.50,3.5032,true,1,125032
7290110326234,false,יופלה און טופ כוכבים,מחלבת אלון תבור,IL,יופלה און טופ כוכבים 157 גרם,גרמים,157.00,100 גרם,false,1,5.50,3.5032,true,1,125031
7290110326241,false,יופלה און טופ גרנולה,מחלבת אלון תבור,IL,יופלה און טופ גרנולה 157 גרם,גרמים,157.00,100 גרם,false,1,5.50,3.5032,true,1,125033
7290110327514,false,משקה שיבולת שועל  אל,תנובה,IL,משקה שיבולת שועל  אלטרנטיב אגוזי לוז 1 ל,ליטרים,1.00,ליטר,false,1,13.90,13.9000,true,1,130383
7290110327798,false,חטיף חלבון גו בטעם ש,מנדלז סי.אר. פרודקשן,US,GO חטיף חלבון  בטעם שוקולד 60 גרם,גרמים,60.00,100 גרם,false,1,14.90,24.8333,true,1,129224
7290110327804,false,חטיף חלבון גו בצק עו,מנדלז סי.אר. פרודקשן,US,GO חטיף חלבון  בטעם בצק עוגיות 60 גרם,גרמים,60.00,100 גרם,false,1,14.90,24.8333,true,1,129225
7290110327811,false,חטיף חלבון גו קוקוס,מנדלז סי.אר. פרודקשן,US,GO חטיף חלבון עם קוקוס 60 גרם,גרמים,60.00,100 גרם,false,1,14.90,24.8333,true,1,129226
7290110327828,false,חטיף חלבון גו חמאת ב,מנדלז סי.אר. פרודקשן,US,GO חטיף חלבון עם חמאת בוטנים 60 גרם,גרמים,60.00,100 גרם,false,1,14.90,24.8333,true,1,129227
7290110328610,false,משקה אורז ושקדים ברי,תנובה בעמ,IL,משקה אורז ושקדים בריסטה אלטרנטיב 1 ליטר,ליטרים,1.00,ליטר,false,1,13.90,13.9000,true,1,129258
7290110328627,false,יוגורט GO סמיך 0% בנ,תנובה בעמ,IL,יוגורט GO סמיך 0% בננה קרמל 200 גרם,גרמים,200.00,100 גרם,false,1,6.50,3.2500,true,1,129255
7290110328764,false,יוגורט GO סמיך 0% תו,תנובה בעמ,IL,יוגורט GO סמיך 0% תות 200 גרם,גרמים,200.00,100 גרם,false,1,6.50,3.2500,true,1,129254
7290110328771,false,יוגורט GO סמיך 0% פ.,תנובה בעמ,IL,יוגורט GO סמיך 0% פ. יער 200 גרם,גרמים,200.00,100 גרם,false,1,6.50,3.2500,true,1,129253
7290110328788,false,יוגורט GO סמיך 0% אפ,תנובה בעמ,IL,יוגורט GO סמיך 0% אפרסק 200 גרם,גרמים,200.00,100 גרם,false,1,6.50,3.2500,true,1,129252
7290110329136,false,מעדן חלב גו בטעם שוק,"תנובה בע""מ",IL,מעדן חלב גו בטעם שוקולד 12 חלבון 120גרם,גרמים,120.00,100 גרם,false,1,5.20,4.3333,true,1,130385
7290110329143,false,מעדן חלב גו בטעם וני,"תנובה בע""מ",IL,מעדן חלב גו בטעם וניל  12 חלבון  120גרם,גרמים,120.00,100 גרם,false,1,5.20,4.3333,true,1,130386
7290110329686,false,משקה חלב GO בטעם עוג,"תנובה בע""מ",IL,משקה חלב GO בטעם עוגיות 340 מל,מיליליטרים,340.00,"100 מ""ל",false,1,9.50,2.7941,true,1,130421
7290110329709,false,יוגורט תנובה 0% 200,"תנובה בע""מ",IL,יוגורט תנובה 0% 200 גרם,גרמים,200.00,100 גרם,false,1,3.30,1.6500,true,1,130389
7290110329716,false,משקה חלב עם קפה קפוצ,"תנובה בע""מ",IL,"משקה חלב עם קפה קפוצינו 230  מ""ל",מיליליטרים,230.00,"100 מ""ל",false,1,9.90,4.3043,true,1,131613
7290110329723,false,משקה חלב עם קפה לאטה,"תנובה בע""מ",IL,"משקה חלב עם קפה לאטה 230 מ""ל",מיליליטרים,230.00,"100 מ""ל",false,1,9.90,4.3043,true,1,131614
7290110329730,false,משקה חלב עם קפה  שוק,"תנובה בע""מ",IL,"משקה חלב עם קפה  שוקולד  230 מ""ל",מיליליטרים,230.00,"100 מ""ל",false,1,9.90,4.3043,true,1,131615
7290110425951,false,תיק רחצה אופנתי,,,סט נסיעות 5 חלקים,יחידה,1.00,יחידה,false,1,11.90,11.9000,true,1,118130
7290110472016,false,כבל 2 מטר - TYPE C,,,כבל 2 מטר - TYPE C,יחידה,1.00,יחידה,false,1,39.90,39.9000,true,1,124028
7290110472474,false,מתאם קיר TYPE C,,,מתאם קיר TYPE C,יחידה,1.00,יחידה,false,1,54.90,54.9000,true,1,123868
7290110474256,false,כבל aux iron man,,,כבל aux iron man,יחידה,1.00,יחידה,false,1,49.90,49.9000,true,1,123863
7290110474560,false,אוזניות מיקרופון NEW,,,אוזניות מיקרופון NEW AGE SOUND,יחידה,1.00,יחידה,false,1,49.90,49.9000,true,1,123871
7290110474690,false,כבל USB C  לחיבור LI,,,כבל USB C  לחיבור LIGHTNING מאושר אפל,יחידה,1.00,יחידה,false,1,69.90,69.9000,true,1,123862
7290110475109,false,בידורית OSHI 99,,,בידורית OSHI 99,יחידה,1.00,יחידה,false,1,149.00,149.0000,true,1,124611
7290110475116,false,מטען קיר SPEEDY,,,מטען קיר SPEEDY,יחידה,1.00,יחידה,false,1,79.90,79.9000,true,1,123861
7290110475192,false,SOUND BAR RETROרמקול,,,SOUND BAR RETROרמקול,יחידה,1.00,יחידה,false,1,99.00,99.0000,true,1,124564
7290110476267,false,מטען קיר מאושר אפל 2,,,מטען קיר מאושר אפל 2,יחידה,1.00,יחידה,false,1,119.00,119.0000,true,1,128043
7290110552220,false,דנונה פרו 20 חלבון,"שטראוס בריאות בע""מ",IL,'דנונה פרו 20גר' ללא סוכר תות,גרמים,200.00,100 גרם,false,1,6.90,3.4500,true,1,130674
7290110552237,false,דנונה פרו 20 חלבון,"שטראוס בריאות בע""מ",IL,דנונה פרו 20גר' ללא סוכר אפרסק מנגו,גרמים,200.00,100 גרם,false,1,6.90,3.4500,true,1,130675
7290110553210,false,סבבה בוטנים הוט באפל,שטראוס,IL,סבבה בוטנים הוט באפלו ווינגס 50 גרם,גרמים,50.00,100 גרם,false,1,3.00,6.0000,true,1,131943
7290110553401,false,בינז אייס קופי לאטה,מונסטרלנד לולף,DE,אייס קופי לאטה וניל BEANZ,מיליליטרים,250.00,"100 מ""ל",false,1,11.90,4.7600,true,1,131718
7290110553623,false,ציטוס קראנץ צדר חלפי,"שטראוס פריטו ליי בע""",IL,ציטוס קראנץ צ'דר חלפיניו 80 ג 48 יח,גרמים,80.00,100 גרם,false,1,5.20,6.5000,true,1,132060
7290110554453,false,בינז אייס קופי לאטה,מונסטרלנד לולף,DE,אייס קופי לאטה מוקה BEANZ,מיליליטרים,250.00,"100 מ""ל",false,1,11.90,4.7600,true,1,131719
7290110556242,false,שוקולד פרה מריר 100,נטרה סנט אטיין,FR,שוקולד מריר פרווה בדץ  חדש,גרמים,100.00,100 גרם,false,1,8.50,8.5000,true,1,132179
7290110558284,false,דנונה ביו מולטי 200,"שטראוס בריאות בע""מ",IL,דנונה מולטי 200 גר',מיליליטרים,200.00,"100 מ""ל",false,1,4.90,2.4500,true,1,131777
7290110558314,false,דנונה פרו 20 גרםללא,"שטראוס בריאות בע""מ",IL,דנונה פרו 20 גרםללא סוכר בטעם פיסטוק,גרמים,200.00,100 גרם,false,1,6.90,3.4500,true,1,131784
7290110558666,false,דניאלה בטעם תפוח 88ג,שטראוס,IL,דניאלה בטעם תפוח 88גרם,גרמים,88.00,100 גרם,false,1,5.90,6.7045,true,1,132811
7290110559939,false,נתחי סויה בסגנון שוו,אוכל ביתי ניר עציון,IL,נתחי סויה בסגנון שווארמה ומגדרה דלישס  3,גרמים,350.00,100 גרם,false,1,26.90,7.6857,true,1,131739
7290110560300,false,פריכיות משולשות-פלפל,פרח,IL,פריכיות משולשות- פלפל שחור,גרמים,30.00,100 גרם,false,1,6.90,23.0000,true,1,119319
7290110560317,false,פריכיות משולשות- מלח,"פרח תעשיו מזון בע""מ",IL,פריכיות משולשות- מלח ים,גרמים,30.00,100 גרם,false,1,6.90,23.0000,true,1,119320
7290110560324,false,פריכיות משולשות אפונ,"פרח תעשיו מזון בע""מ",IL,פריכיות משולשות- אפונה ירוקה,גרמים,30.00,100 גרם,false,1,6.90,23.0000,true,1,119321
7290110563431,false,משקה קפה קר   קלאסי,אנסטל מילק kg,AT,משקה קפה קר בסגנון קלאסי 1.6%,מיליליטרים,230.00,"100 מ""ל",false,1,9.90,4.3043,true,1,120548
7290110563448,false,משקה קפה קר  מעודן 1,אנסטל מילק kg,AT,משקה קפה קר בסגנון מעודן 1.6%,מיליליטרים,230.00,"100 מ""ל",false,1,9.90,4.3043,true,1,120549
7290110563462,false,חלב בבקבוק נטול לקטו,מחלבת יטבתה,IL,חלב בבקבוק נטול לקטוז 2%,ליטרים,1.00,ליטר,false,1,8.50,8.5000,true,1,120727
7290110564360,false,חומוס עשיר ב40% טחינ,"שטראוס גרופ בע""מ",IL,חומוס הסדרה המובחרת עשיר ב-40% טחינה,גרמים,400.00,100 גרם,false,1,15.60,3.9000,true,1,114987
7290110564742,false,משקה קפה קר   חזק 1.,אנסטל מילק kg,AT,משקה קפה קר בסגנון חזק -חדש,מיליליטרים,230.00,"100 מ""ל",false,1,9.90,4.3043,true,1,120550
7290110565527,false,דנונה פרו 20 גרם חלב,"שטראוס בריאות בע""מ",IL,דנונה פרו 20 גר 1.5% שומן,גרמים,200.00,100 גרם,false,1,6.90,3.4500,true,1,114372
7290110566579,false,דבש לחיץ יד מרדכי  2,מכוורת יד מרדכי שטרא,IL,דבש בקבוק לחיץ 200 גרם,גרמים,200.00,100 גרם,false,1,13.90,6.9500,true,1,123087
7290110566975,false,דנונה פרו 20גרם תות,"שטראוס בריאות בע""מ",IL,דנונה פרו 20 גר תות 0% שומן,גרמים,200.00,100 גרם,false,1,6.90,3.4500,true,1,116085
7290110568276,false,משקה יטבתה פרו וניל,מילקוורק,DE,משקה וניל עם חלבון חלב 350 מיל,מיליליטרים,350.00,"100 מ""ל",false,1,7.50,2.1429,true,1,117364
7290110570224,false,משקה קפה קר בטעם עוג,אנסטל מילק kg,AT,משקה קפה קר בטעם עוגיות,מיליליטרים,230.00,"100 מ""ל",false,1,9.90,4.3043,true,1,131774
7290110572969,false,חטיף כיף כף פצפצים 4,שולן צ'יקולטה גידה ס,TR,חטיף כיף כף פצפצים 40 גרם,גרמים,40.00,100 גרם,false,1,6.90,17.2500,true,1,132677
7290110572976,false,כיף כף פצפצים 135 גר,שולן צ'יקולטה גידה ס,TR,כיף כף פצפצים 135 גרם,גרמים,135.00,100 גרם,false,1,14.90,11.0370,true,1,132688
7290110576752,false,ספלנדיד מריר 70% 100,קימ'ס גריפלנן,BE,ספלנדיד מריר 70% 100 גרם,גרמים,100.00,100 גרם,false,1,12.90,12.9000,true,1,133005
7290110576776,false,ספלנדיד מריר 85% 100,קימ'ס גריפלנן,BE,ספלנדיד מריר 85% 100 גרם,גרמים,100.00,100 גרם,false,1,12.90,12.9000,true,1,133006
7290110730642,false,אייבו- תרופה ללא מרש,,,אייבו- תרופה ללא מרש,לא מנהל יחידת מידה,0.00,לא מנהל יחידת מידה,false,1,25.90,0.0000,true,1,121090
7290110731960,false,תרסיס אף ליינוקס,,,תרסיס אף ליינוקס,יחידה,1.00,יחידה,false,1,29.90,29.9000,true,1,123578
7290110856250,false,ציל סיגריה אלקטרונית,AB,CN,ציל סיגריה אלקטרונית 2800 שאיפות תפוח,יחידה,1.00,יחידה,false,1,89.90,89.9000,false,1,131726
7290110856267,false,ציל סיגריה אלקטרונית,AB,CN,ציל סיגריה אלקטרונית 2800 שאיפות אבטיח,יחידה,1.00,יחידה,false,1,89.90,89.9000,false,1,131725
7290111340185,true,מטליות לניקוי רצפה ב,עלבד משואות יצחק בעמ,IL,ניקול מטליות לחות לניקוי הרצפה 10 יחידות,Unknown,0.00,Unknown,false,1,16.90,0.0000,true,1,124045
7290111344206,false,האגיס מגבונים לחים מ,קימברלי,IL,מגבוני האגיס נטורל קייר מבושם 4*64,לא מנהל יחידת מידה,0.00,לא מנהל יחידת מידה,false,1,22.90,0.0000,true,1,130427
7290111344831,false,מגן תחתון קוטקס נורמ,,CN,מגן תחתון קוטקס נורמל 60 יחידות,יחידה,1.00,יחידה,false,1,25.90,25.9000,true,1,130661
7290111346293,false,מגבת נייר ניקול שישי,חוגלה,IL,מגבת נייר ניקול שישייה מהדורה,יחידה,6.00,יחידה,false,1,14.90,2.4833,true,1,131686
7290111564956,false,ביסלי במבה מיקס 200,פרו מן יו פתרונות אר,IL,ביסלי במבה מיקס 18*200גרם,גרמים,200.00,100 גרם,false,1,13.90,6.9500,true,1,113521
7290111565038,false,לה קרמריה וניל קוקיל,המאפיה של הרמן,IL,לה קרמריה וניל קוקילידה בדצ6*1.4ליטר חדש,ליטרים,1.40,ליטר,false,1,31.90,22.7857,true,1,116454
7290111565502,false,גלידה סנדויץ אוריאו,SKIGEL SRL,IT,אוראו סנדביץ'אימפלס24*80ג12359343,גרמים,80.00,100 גרם,false,1,12.50,15.6250,true,1,114918
7290111565656,false,במבה נוגט 150 גרם,אסם,IL,במבה נוגט 24*150גרם,גרמים,150.00,100 גרם,false,1,13.90,9.2667,true,1,113520
7290111566271,false,חטיפי תירס טבעול 657,טבעול,IL,טבעול חטיפי תירס 6*657גרם,גרמים,657.00,100 גרם,false,1,29.90,4.5510,true,1,115325
7290111566332,false,נקניקיות וינר טבעול,טבעול,IL,טבעול נקניקיות וינר צמחוניות 6*680גרם,גרמים,680.00,100 גרם,false,1,36.90,5.4265,true,1,115329
7290111566547,false,חזה בגריל טבעול צמחו,טבעול,IL,טבעול חזה בגריל צמחוני 6*560גרם,גרמים,560.00,100 גרם,false,1,34.90,6.2321,true,1,115324
7290111566714,false,טבעול המבורגר צמחוני,טבעול,IL,טבעול המבורגר צמחוני 99 קלוריות 6*600ג,גרמים,600.00,100 גרם,false,1,34.90,5.8167,true,1,115323
7290111566752,false,שניצל תירס טבעול 99,טבעול,IL,טבעול שניצל תירס 99 קלוריות 6*693גרם,גרמים,693.00,100 גרם,false,1,34.90,5.0361,true,1,115340
7290111568206,false,ביסלי פארטי מיקס 150,פרו מן יו פתרונות אר,IL,ביסלי פארטי מיקס 24*150גרם,גרמים,150.00,100 גרם,false,1,11.90,7.9333,true,1,116111
7290111878862,true,שקית בלונים 10 יח  מ,גמר,,שקית בלונים 10 יח  מודפס,לא מנהל יחידת מידה,0.00,לא מנהל יחידת מידה,false,1,11.90,0.0000,true,1,120859
7290112330352,false,דנונה פרו 20גרם וניל,"שטראוס בריאות בע""מ",IL,דנונה פרו 20 גר וניל 0% שומן,גרמים,200.00,100 גרם,false,1,6.90,3.4500,true,1,121490
7290112330390,false,דנונה פרו 20גרם פירו,"שטראוס בריאות בע""מ",IL,דנונה פרו 20 גר פירות יער 0% שומן,גרמים,200.00,100 גרם,false,1,6.90,3.4500,true,1,121491
7290112332585,false,פרכיות משולשות תפוא,"פרח תעשיו מזון בע""מ",IL,פריכיות משולשות-סלק,גרמים,30.00,100 גרם,false,1,6.90,23.0000,true,1,122083
7290112332691,false,עוגיית קרם פסק זמן א,הגביע מוצרי ופלים בע,IL,פינוקיות קרם פסק זמן,גרמים,200.00,100 גרם,false,1,14.90,7.4500,true,1,122222
7290112335487,false,פריכיות טעימות קצח ו,פרח תעשיות,IL,פריכיות טעימות קצח ודגנים 135 גרם,גרמים,135.00,100 גרם,false,1,15.90,11.7778,true,1,121485
7290112335494,false,פריכיות טעימות פוטטו,פרח,IL,הפריכיות הטעימות פוטטוס,גרמים,135.00,100 גרם,false,1,15.90,11.7778,true,1,121486
7290112336637,false,סוכריות ללס תות אוכמ,מיישקו,PL,סוכריות ללס יוגורט תות אוכמניות,גרמים,80.00,100 גרם,false,1,11.90,14.8750,true,1,124543
7290112336644,false,סוכריות ללס לימון 80,מיישקו,PL,סוכריות ללס לימון 80 ג חדש,גרמים,80.00,100 גרם,false,1,11.90,14.8750,true,1,124544
7290112336651,false,סוכריות ללס ריבת חלב,מיישקו,PL,סוכריות ללס ריבת חלב 80 ג חדש,גרמים,80.00,100 גרם,false,1,11.90,14.8750,true,1,124545
7290112337474,false,סוכריות ללס פטל לימו,מיישקו,PL,סוכריות ללס פטל לימון  80 גר,גרמים,80.00,100 גרם,false,1,11.90,14.8750,true,1,124546
7290112337481,false,סוכריות ללס קפוצינו,מיישקו,PL,סוכריות ללס קפוצ'ינו 80 גר' אריזה חדשה,גרמים,80.00,100 גרם,false,1,11.90,14.8750,true,1,124547
7290112339867,true,גמדים סקוויז  תות 10,שטראוס,IL,גמדים סקוויז  תות 100 גרם,גרמים,100.00,100 גרם,false,1,6.90,6.9000,true,1,126334
7290112339874,true,גמדים סקוויז תות בננ,שטראוס,IL,גמדים סקוויז תות בננה 100,גרמים,100.00,100 גרם,false,1,6.90,6.9000,true,1,126335
7290112340122,false,פריכיות טעימות 3 דגנ,פרח תעשיות,IL,פריכיות טעימות 3 דגנים 135 גרם,גרמים,135.00,100 גרם,false,1,15.90,11.7778,true,1,121488
7290112340245,false,מסטיק מאסט צנצנת דוב,"שטראוס גרופ בע""מ",IL,צנצנת MUST דובדבן 66 גר,גרמים,66.00,100 גרם,false,1,11.90,18.0303,true,1,121086
7290112340252,false,מסטיק מאסט צנצנת אבט,"שטראוס גרופ בע""מ",IL,צנצנת MUST בטעם אבטיח מלון  66 גר,גרמים,66.00,100 גרם,false,1,11.90,18.0303,true,1,121085
7290112340276,false,עוגיית קרם קפה נמס,הגביע מוצרי ופלים בע,IL,פינוקיות קרם קפה נמס,גרמים,200.00,100 גרם,false,1,14.90,7.4500,true,1,122231
7290112341679,false,אקטיביה  3% 200גרם,"שטראוס בריאות בע""מ",IL,אקטיביה  3% 200ג',גרמים,200.00,100 גרם,false,1,4.30,2.1500,true,1,123558
7290112343420,false,יטבתה פרו ארוחת בוקר,מחלבת יטבתה,IL,"יטבתה פרו ארוחת בוקר 350 מל לל""ג",מיליליטרים,350.00,"100 מ""ל",false,1,8.50,2.4286,true,1,124089
7290112343499,false,ציטוס פאף 55 גרם,"שטראוס פריטו ליי בע""",IL,צ'יטוס PUFFS בטעם גבינה 55 ג 48 יח,גרמים,55.00,100 גרם,false,1,5.90,10.7273,true,1,130066
7290112344427,false,קפה נמס עלית 100 גרם,שטראוס קפה בי.וי,IL,קפה נמס עלית 100 גרם,גרמים,100.00,100 גרם,false,1,15.90,15.9000,true,1,123725
7290112344724,false,מילקי בטעם שוקולד בל,"שטראוס גרופ בע""מ",IL,מילקי בטעם שוקולד בלונדי,גרמים,170.00,100 גרם,false,1,3.90,2.2941,true,1,124084
7290112346360,false,בפלות אחת אחת בציפוי,טוטיז-בינגו סיאי,GR,בפלות אחת אחת בציפוי שוקולד חלב,גרמים,180.00,100 גרם,false,1,18.90,10.5000,true,1,124551
7290112346537,false,פינוקיות בטעם טורטית,הגביע מוצרי ופלים בע,IL,פינוקיות בטעם טורטית,גרמים,200.00,100 גרם,false,1,14.90,7.4500,true,1,124262
7290112347008,false,גמדים ארוחת בוקר תות,"שטראוס בריאות בע""מ",IL,גמדים ארוחת בוקר תות סקוויז,גרמים,100.00,100 גרם,false,1,6.90,6.9000,true,1,124079
7290112348029,false,חומוס חלק דליקטס 250,שטראוס,IL,חומוס חלק דליקטס 250 גרם,גרמים,250.00,100 גרם,false,1,8.90,3.5600,true,1,128023
7290112349606,false,דניאלה תות בננה88גרם,"שטראוס בריאות בע""מ",IL,דניאלה תות בננה,גרמים,88.00,100 גרם,false,1,4.90,5.5682,true,1,130677
7290112349705,false,רוטב עגבניות קלאסי פ,אמיליאנה קונסרב סוסי,IT,פומודורו-רוטב עגבניות קלאסי לפסטה 350ג,גרמים,350.00,100 גרם,false,1,13.90,3.9714,true,1,124724
7290112349736,false,רוטב עגבניות לפסטה ב,אמיליאנה קונסרב סוסי,IT,בזיליקום - רוטב עגבניות לפסטה 350 גרם,גרמים,350.00,100 גרם,false,1,12.90,3.6857,true,1,124725
7290112350312,false,קפסולות אספרסו 15 שט,שטראוס קפה בי.וי,IL,קפסולות 15 למכונות NESPRESSO,גרמים,50.00,100 גרם,false,1,19.90,39.8000,true,1,126281
7290112354174,false,פסטה רוזה דלישס 280ג,"טרופיקל דגיל בע""מ אז",IT,פסטה רוזה דלישס 280גרם,גרמים,280.00,100 גרם,false,1,24.90,8.8929,true,1,130126
7290112354945,false,תפוציפס טבעי 50 גרם,שטראוס,IL,תפוציפס טבעי 50 גרם wavy,גרמים,50.00,100 גרם,false,1,5.90,11.8000,true,1,132909
7290112354952,false,תפוציפס פפריקה 50 גר,שטראוס,IL,תפוציפס פפריקה 50 גרם wavy,גרמים,50.00,100 גרם,false,1,5.90,11.8000,true,1,132910
7290112355027,false,דנונה פרו20 גרם חלבו,"שטראוס בריאות בע""מ",IL,דנונה פרו 20 גרם בטעם קרמל מלוח,גרמים,200.00,100 גרם,false,1,6.90,3.4500,true,1,127747
7290112355102,false,גמדים פאוץ סלט פירות,"שטראוס בריאות בע""מ",IL,גמדים פאוץ סלט פירות,גרמים,100.00,100 גרם,false,1,6.90,6.9000,true,1,127840
7290112358004,false,פסק זמן קראנץ 32גרם,שולן צ'יקולטה גידה ס,TR,פסק זמן קראנץ' 32 גר,גרמים,32.00,100 גרם,false,1,7.50,23.4375,true,1,127459
7290112358431,false,עד חצות דאבל 200 גרם,ביסקוויטס טור ד'אלבו,FR,עד חצות דאבל 200 גרם,גרמים,200.00,100 גרם,false,1,18.90,9.4500,true,1,129117
7290112359711,false,דוריטוס פלמין הוט 70,"שטראוס פריטו ליי בע""",IL,דוריטוס פלמין הוט 70 גרם,גרמים,70.00,100 גרם,false,1,6.90,9.8571,true,1,129486
7290112490698,false,קונפיטורה תות שדה לי,,BE,קונפיטורה תות שדה לייט 300 גרם,גרמים,300.00,100 גרם,false,1,15.90,5.3000,true,1,118580
7290112492449,false,פינוק שמפו לשיער רגי,יוניליוור ישראל טיפו,IL,PINUK שמפו 2IN1 700 ML,מיליליטרים,700.00,"100 מ""ל",false,1,14.90,2.1286,true,1,125374
7290112492531,true,פינוק מרכך שיער רגיל,יוניליוור ישראל טיפו,IL,PINUK מרכך 700 ML,מיליליטרים,700.00,"100 מ""ל",false,1,14.90,2.1286,true,1,124293
7290112492593,true,פינוק תחליב רחצה בני,יוניליוור ישראל טיפו,IL,PINUK סבון נוזלי 700 ML,גרמים,700.00,100 גרם,false,1,14.90,2.1286,true,1,124296
7290112492630,true,פינוק שמפו 3 ב-1 לגב,יוניליוור ישראל טיפו,IL,PINUK סבון נוזלי 700 ML,מיליליטרים,700.00,"100 מ""ל",false,1,14.90,2.1286,true,1,124299
7290112493927,false,גלידה קרמיסימו ריבת,"גלידת שטראוס בע""מ, ר",IL,קרמיסימו   ריבת חלב 1.33 ליטר,ליטרים,1.33,ליטר,false,1,33.90,25.4887,true,1,124489
7290112494238,false,קליק שקית  כדורים חל,יוניליוור ישראל מזון,IL,קליק  קליק כדורים 65 גרם,גרמים,65.00,100 גרם,false,1,9.00,13.8462,true,1,123710
7290112494283,false,קליק שקית  מעורב חום,יוניליוור ישראל מזון,IL,קליק   חום לבן 65 גרם,גרמים,65.00,100 גרם,false,1,9.00,13.8462,true,1,123709
7290112494313,false,קליק שקית קורנפלקס 6,יוניליוור ישראל מזון,IL,קליק  קליק קורנפלקס 65 גרם,גרמים,65.00,100 גרם,false,1,9.00,13.8462,true,1,123714
7290112494351,false,קורנפלקס תלמה 850 גר,יוניליוור שפע ישראל,IL,תלמה  קורנפלקס של אלופים 850 גרם,גרמים,850.00,100 גרם,false,1,24.90,2.9294,true,1,124887
7290112495006,false,כריות נוגט 686 גרם,יוניליוור שפע ישראל,IL,תלמה דגני בוקר כריות נוגט 686 גרם,גרמים,686.00,100 גרם,false,1,29.90,4.3586,true,1,123728
7290112495105,false,נשנושים חטיף אפוי בט,בייגל את בייגל מזון,IL,נשנושים חטיף אפוי בטעם שמנת בצל 260 גרם,גרמים,260.00,100 גרם,false,1,16.90,6.5000,true,1,123821
7290112495433,false,תלמה דליפקאן 400 גרם,יוניליור שפע ישראל ב,IL,TELMA דגני מבוגרים 400 GR,גרמים,400.00,100 גרם,false,1,28.90,7.2250,true,1,123200
7290112495754,false,הלמנס אלף האיים  305,יוניליוור ישראל מזון,IL,הלמנ'ס רוטב אלף האיים 305 גרם,גרמים,305.00,100 גרם,false,1,14.90,4.8852,true,1,124503
7290112495945,false,בדין גל כביסה מיני ב,"זוהר דליה, קיבוץ דלי",IL,Badin אבקת כביסה 425 ML,מיליליטרים,425.00,"100 מ""ל",false,1,10.00,2.3529,true,1,124675
7290112496034,false,אפיכל סירופ בטעם מיי,יוניליוור ישראל מזון,IL,EFICOL קינוחים שונים 580 GR,גרמים,580.00,100 גרם,false,1,17.90,3.0862,true,1,124530
7290112496188,false,אקס בושם כיס אפולו 1,"קוסטר אירוסול, גבזה,",TR,אקס בושם כיס אפולו 17 מל,מיליליטרים,17.00,"100 מ""ל",false,1,24.90,146.4706,true,1,126401
7290112496270,false,פתית ציפס עם תפוחי א,JLM גלובל פודס37 דרך,GB,פתית ציפס עם תפוחי אדמה עגבניות  22 גרם,גרמים,0.00,100 גרם,false,1,5.90,0.0000,true,1,126161
7290112496287,false,פתית ציפס עם בטטה בט,JLM גלובל פודס37 דרך,GB,פתית פתית צ'יפס בטטה בטעם טבעי 21 גר',גרמים,0.00,100 גרם,false,1,5.90,0.0000,true,1,126160
7290112496584,false,קליק כריות בלאק לבן,"דרך השוקולד 1, צפת 1",IL,קליק קליק כריות בלאק ושוקולד לבן 65 גרם,גרמים,65.00,100 גרם,false,1,9.00,13.8462,true,1,125966
7290112497932,false,נשנושים שמנת בצל 60,"דרך השוקולד 1, צפת 1",IL,בייגל בייגל נשנושים חטיף אפוי בטעם שמנת בצל 60 גרם,גרמים,60.00,100 גרם,false,1,5.90,9.8333,true,1,127921
7290112498526,false,פתית ציפס בטטה סגולה,JLM גלובל פודס37 דרך,GB,פתית ציפס בטטה סגולה 22 גרם,גרמים,22.00,100 גרם,false,1,5.90,26.8182,true,1,130303
7290112498915,false,מאגדת מגנום שוקולד ש,"מיוצר ע""י גלידת שטרא",IL,מגנום מאגדת מיני מגנום שקדים מובחרים 5 יחידות,גרמים,250.00,100 גרם,false,1,30.90,12.3600,true,1,129333
7290112498922,false,מאגדת מגנום שוקולד ל,"מיוצר ע""י גלידת שטרא",IL,מגנום מאגדת מיני מגנום לבן 5 יחידות,גרמים,250.00,100 גרם,false,1,30.90,12.3600,true,1,129334
7290112498939,false,בומבה 84גרם,"מיוצר ע""י גלידת שטרא",IL,שטראוס שלגון בומבה בטעם וניל 80 גרם,גרמים,84.00,100 גרם,false,1,11.90,14.1667,true,1,128495
7290112498946,false,ארטיק ילדים קשת בענן,"צר ע""י גלידת שטראוס",IL,"מקס ארטיק קשת בענן בטעמי תות, וניל ומרשמלו 47 גרם",גרמים,47.00,100 גרם,false,1,8.90,18.9362,true,1,130864
7290112499080,false,גלידת שרבט עם קוקוס,"מיוצר ע""י גלידת שטרא",IL,גלידת שרבט עם קוקוס 65גרם,גרמים,65.00,100 גרם,false,1,12.90,19.8462,true,1,130863
7290112499110,false,קורנטו קליק שוקולד ח,"צר ע""י גלידת שטראוס",IL,קורנטו  טילון קליק בטעם שוקולד 72 גרם,גרמים,72.00,100 גרם,false,1,10.90,15.1389,true,1,131344
7290112499127,false,שלגון שמנת בטעם וניל,"מיוצר ע""י גלידת שטרא",IL,מגנום  שלגון גלידה שוקולד לבן ותות 77 גרם,גרמים,77.00,100 גרם,false,1,13.50,17.5325,true,1,130862
7290112499141,false,סולרו וניל ותפוח ירו,שטראוס גרופ גלידות,IL,סולרו  שלגון בטעם וניל ותפוח ירוק,גרמים,74.00,100 גרם,false,1,12.90,17.4324,true,1,131342
7290112499189,false,קרמיסימו חד קרן בטעמ,"גלידת שטראוס בע""מ, ר",IL,קרמיסימו חד קרן בטעמי וניל תות ובננה 1.3,ליטרים,1.33,ליטר,false,1,29.90,22.4812,true,1,131810
7290112499219,false,גודיז פיסטוק ושוקולד,"גלידת שטראוס בע""מ, ר",IL,גודיז  מאגדת גלידה בטעמי פיסטוק ושוקולד 5 יחידות,גרמים,235.00,100 גרם,false,1,27.90,11.8723,true,1,131345
7290112499639,false,טילון סופר מגנום וני,"מיוצר ע""י גלידת שטרא",IL,קורנטו מגנום טילון וניל צ'יפ שוקולד 110 גרם,גרמים,110.00,100 גרם,false,1,13.50,12.2727,true,1,124500
7290112499646,false,קורנטו סופר פקאן 108,"מיוצר ע""י גלידת שטרא",IL,קורנטו טילון קורנטו סופר פקאן 108 גרם,גרמים,108.00,100 גרם,false,1,13.50,12.5000,true,1,125176
7290112499677,false,מגנום שוקולד לבן 85,"מיוצר ע""י גלידת שטרא",IL,מגנום  שלגון שוקולד לבן 85 גרם,גרמים,85.00,100 גרם,false,1,13.50,15.8824,true,1,124494
7290112499776,false,מאגדת גודיז שלגון אי,"גלידת שטראוס בע""מ, ר",IL,GOODIZ חבילות בית 350 ML,גרמים,297.00,100 גרם,false,1,27.90,9.3939,true,1,125170
7290112499837,false,מגנום דואט שוקולד עם,"מיוצר ע""י גלידת שטרא",IL,מגנום שלגון מגנום דואט שוקולד עם נוגט 90 גרם,גרמים,90.00,100 גרם,false,1,13.50,15.0000,true,1,124495
7290112499844,false,מיני מגנום דואט שוקו,"מיוצר ע""י גלידת שטרא",IL,מגנום מאגדת מיני מגנום דואט שוקולד נוגט 5 יחידות,גרמים,310.00,100 גרם,false,1,30.90,9.9677,true,1,124493
7290112499851,false,מגנום חטיף בטעם בראו,"גלידת שטראוס בע""מ, ר",IL,Magnum יחידתיות 80 ML,גרמים,58.00,100 גרם,false,1,12.50,21.5517,true,1,125743
7290112499929,false,מגנום שוקולד 85 גרם,"מיוצר ע""י גלידת שטרא",IL,מגנום  שלגון מגנום שוקולד 85 גרם,גרמים,85.00,100 גרם,false,1,13.50,15.8824,true,1,124496
7290112499936,false,מגנום שקדים 85 גרם,"מיוצר ע""י גלידת שטרא",IL,מגנום  שלגון מגנום שקדים 85 גרם,גרמים,85.00,100 גרם,false,1,13.50,15.8824,true,1,124497
7290112499943,false,מיני מגנום קלאסיק שו,"מיוצר ע""י גלידת שטרא",IL,מגנום  מאגדת מיני מגנום קלאסיק שוקולד 5 יחידות,גרמים,250.00,100 גרם,false,1,30.90,12.3600,true,1,124492
7290112961372,false,פיטנס חטיפי פריכיות,"פרח תעשיות מזון בע""מ",IL,פיטנס חטיפי פריכיות דקות קינמון12*60ג,גרמים,60.00,100 גרם,false,1,9.50,15.8333,true,1,120013
7290112961464,false,פיטנס חטיפי פריכיות,"פרח תעשיות מזון בע""מ",IL,פיטנס חטיפי פריכיות דקות מתובלות 12*60ג,גרמים,60.00,100 גרם,false,1,9.50,15.8333,true,1,120012
7290112962003,false,שלגון בשומן צמחי טעם,שוורצקוף& הנקל דיסלד,IL,קראנץ וניל עוגיות 28*90גרם,לא מנהל יחידת מידה,0.00,לא מנהל יחידת מידה,false,1,12.50,0.0000,true,1,120114
7290112962287,false,שווארמה טבעונית טבע,טבעול תעשיות מזון בע,IL,שווארמה טבעונית טבעול כשלפ  450גרם,גרמים,450.00,100 גרם,false,1,31.90,7.0889,true,1,124602
7290112962751,false,אוראו שלגון אימפלס 6,פורנארי אריה,IL,אוראו שלגון אימפלס 20*65גרם,גרמים,65.00,100 גרם,false,1,12.90,19.8462,true,1,120638
7290112963918,false,פיטנס קרקר דק רוזמרי,אסם,IL,פיטנס קרקר דק רוזמרין 12*140גרם,גרמים,140.00,100 גרם,false,1,13.90,9.9286,true,1,122392
7290112964410,false,אסם רוטב אלף האיים ח,אסם,IL,אסם רוטב אלף האיים חדש לסלט 9*290גרם,גרמים,290.00,100 גרם,false,1,13.90,4.7931,true,1,122094
7290112964472,false,אסם רוטב שום חדש לסל,אסם,IL,אסם רוטב שום חדש לסלט 9*290גרם,גרמים,290.00,100 גרם,false,1,13.90,4.7931,true,1,122097
7290112964724,false,טבעול המבורגר טבעוני,טבעול תעשיות מזון בע,IL,טבעול המבורגר טבעוני 6*580גרם,גרמים,580.00,100 גרם,false,1,36.90,6.3621,true,1,122395
7290112967114,false,פיטנס חטיפי פריכיות,"פרח תעשיות מזון בע""מ",IL,פיטנס חטיפי פריכיות קטניות ופלפל 60 גר,גרמים,60.00,100 גרם,false,1,9.50,15.8333,true,1,125945
7290112967381,false,פיטנס חטיפי פריכיות,"פרח תעשיות מזון בע""מ",IL,פיטנס חטיפי פריכיות קטניות ומלח ים 60 ג,גרמים,60.00,100 גרם,false,1,9.50,15.8333,true,1,125944
7290112968807,false,פיטנס קרקר דק סלק 14,מפעל אסם יקנעם,IL,פיטנס קרקר דק סלק 12*140גרם,גרמים,140.00,100 גרם,false,1,13.90,9.9286,true,1,126369
7290112968821,false,פיטנס קרקר דק בטטה 1,מפעל אסם יקנעם,IL,פיטנס קרקר דק בטטה 12*140גרם,גרמים,140.00,100 גרם,false,1,13.90,9.9286,true,1,126370
7290113158634,false,כוס זכוכית כפולה אספ,,,כוס זכוכית כפולה אספ,יחידה,1.00,יחידה,false,1,29.90,29.9000,true,1,127589
7290113192171,false,מיקס אגוזים שקדים וח,דין שיווק,IL,מיקס אגוזים שקדים וחמוציות 150 גרם,גרמים,150.00,100 גרם,false,1,17.90,11.9333,true,1,129939
7290113192300,true,חרוזית מושחר בית הש,בית השיטה,IL,חרוזית מושחר בית השיטה   275גר,יחידה,0.00,יחידה,false,1,12.50,0.0000,true,1,124327
7290113192317,true,טבעות זיתים מושחרים,בית השיטה,IL,טבעות זיתים מושחרים בית השיטה   280גר,גרמים,280.00,100 גרם,false,1,13.90,4.9643,true,1,124328
7290113192355,true,חרוזית ירוק בית השיט,בית-השיטה עסיס תעשיו,IL,חרוזית ירוק בית השיטה   275גר,גרמים,275.00,100 גרם,false,1,12.90,4.6909,true,1,124332
7290113192379,true,זיתים ירוקים מבוקעים,"בית-השיטה תעשיות בע""",IL,זיתים ירוקים מבוקעים  בית השיטה 340גר,גרמים,340.00,100 גרם,false,1,10.90,3.2059,true,1,124334
7290113192393,true,קוקטייל זיתים בית ה,בית-השיטה עסיס תעשיו,IL,קוקטייל זיתים בית השיטה 336גר,גרמים,336.00,100 גרם,false,1,13.90,4.1369,true,1,124336
7290113192478,true,מלפפונים במלח 10-12,בית-השיטה עסיס תעשיו,IL,מלפפונים במלח 10-12 בית השיטה 320גר,גרמים,320.00,100 גרם,false,1,9.90,3.0938,true,1,124344
7290113192485,true,מלפפונים בחומץ 10-12,בית-השיטה עסיס תעשיו,IL,מלפפונים בחומץ 10-12בית השיטה  290גר,גרמים,290.00,100 גרם,false,1,9.90,3.4138,true,1,124345
7290113192515,true,מלפפונים במלח 18 -25,בית-השיטה עסיס תעשיו,IL,מלפפונים במלח 18 -25בית השיטה  320גר,גרמים,0.00,100 גרם,false,1,13.90,0.0000,true,1,124348
7290113192522,true,מלפפונים בחומץ בית ה,בית-השיטה עסיס תעשיו,IL,מלפפונים בחומץ בית השיטה 18-25 290גר,גרמים,290.00,100 גרם,false,1,13.90,4.7931,true,1,124349
7290113192539,true,מלפפונים במלח  7-9 ב,בית-השיטה עסיס תעשיו,IL,מלפפונים במלח  7-9 בית השיטה 320גר,גרמים,320.00,100 גרם,false,1,7.90,2.4688,true,1,124350
7290113192546,true,מלפפונים בחומץ 7-9 ב,בית-השיטה עסיס תעשיו,IL,מלפפונים בחומץ 7-9 בית השיטה 290גר,גרמים,290.00,100 גרם,false,1,7.90,2.7241,true,1,124351
7290113192560,true,פלפל שיפקה בית השיטה,בית-השיטה עסיס תעשיו,IL,פלפל שיפקה בית השיטה  230גר,גרמים,230.00,100 גרם,false,1,7.90,3.4348,true,1,124353
7290113192577,true,כרוב כבוש בית השיטה,"בית-השיטה תעשיות בע""",IL,כרוב כבוש בית השיטה 430גר,גרמים,430.00,100 גרם,false,1,9.90,2.3023,true,1,124354
7290113198241,false,קשיו ענק קלוי בצנצנת,דין שיווק,IL,קשיו ענק קלוי בצנצנת 200 גרם,גרמים,200.00,100 גרם,false,1,21.90,10.9500,true,1,132206
7290113198258,false,פיסטוק ענק קלוי בצנצ,דין שיווק,IL,פיסטוק ענק קלוי בצנצנת 170 גרם,גרמים,170.00,100 גרם,false,1,21.90,12.8824,true,1,132207
7290113198265,false,שקד ענק קלוי בצנצנת,דין שיווק,IL,שקד ענק קלוי בצנצנת 200 גרם,גרמים,200.00,100 גרם,false,1,21.90,10.9500,true,1,132208
7290113198272,false,תערובת פיצוחים פרימי,דין שיווק,IL,תערובת פיצוחים פרימיום בצנצנת 200 גרם,גרמים,200.00,100 גרם,false,1,21.90,10.9500,true,1,132209
7290113198289,false,בוטנים קלויים בצנצנת,דין שיווק,IL,בוטנים קלויים בצנצנת 220 גרם,גרמים,220.00,100 גרם,false,1,17.90,8.1364,true,1,132210
7290113452886,false,סוכריות גומי נחש חמו,טופגם,IL,סוכריות גומי נחש חמוץ ארוז 200 גרם,גרמים,200.00,100 גרם,false,1,12.90,6.4500,true,1,130360
7290113452916,false,סוכריות גומי קולה קט,טופגם,IL,סוכריות גומי קולה קטן ארוז 200 גרם,גרמים,200.00,100 גרם,false,1,12.90,6.4500,true,1,130356
7290113452923,false,סוכריות גומי לב אפרס,טופגם,IL,סוכריות גומי לב אפרסק ארוז 200 גרם,גרמים,200.00,100 גרם,false,1,12.90,6.4500,true,1,130379
7290113452985,false,קטי תות ממולא 150 גר,טופגם,IL,קטי תות ממולא 150 גרם,גרמים,150.00,100 גרם,false,1,12.90,8.6000,true,1,131850
7290114720250,false,מטען סוללות USB אוני,,,מטען סוללות USB אוני,יחידה,1.00,יחידה,false,1,69.90,69.9000,true,1,125478
7290114720885,false,75w מארז זוג נורות צ,,,75w מארז זוג נורות צהוב,יחידה,1.00,יחידה,false,1,29.90,29.9000,true,1,128942
7290115180251,false,יחידות טבק לחימום אמ,פיליפ מוריס,,יחידות טבק לחימום אמבר PP חפיסה,יחידה,1.00,יחידה,false,1,27.90,27.9000,false,1,127846
7290115180275,false,יחידות טבק לחימום טו,פיליפ מוריס,IL,יחידות טבק לחימום טורקיז PP בודד,יחידה,1.00,יחידה,false,1,27.90,27.9000,true,1,127486
7290115180299,false,יחידות טבק לחימום סי,פיליפ מוריס,IL,יחידות טבק לחימום סיינה PP בודד,יחידה,1.00,יחידה,false,1,27.90,27.9000,true,1,127490
7290115190007,false,סיגריות PPמרלבורו רד,פיליפ מוריס,,סיגריות PPמרלבורו רד  פאקט,יחידה,1.00,יחידה,false,1,342.00,342.0000,false,1,127148
7290115190014,false,סיגריות PPמרלבורו רד,פיליפ מוריס,,סיגריות PPמרלבורו רד חפיסה,יחידה,1.00,יחידה,false,1,36.70,36.7000,false,1,127147
7290115190038,false,סיגריות PPמרלבורו רד,פיליפ מוריס,,סיגריות PPמרלבורו רד סופט חפיסה,יחידה,1.00,יחידה,false,1,34.50,34.5000,false,1,127133
7290115190052,false,סיגריות מרלבורו פליי,פיליפ מוריס,,סיגריות מרלבורו פלייבור מיקסPP חפיסה בוד,יחידה,1.00,יחידה,false,1,36.70,36.7000,false,1,126905
7290115190076,false,סיגריות מרלבורו גולד,פיליפ מוריס,,סיגריות מרלבורו גולד  100בודד,יחידה,1.00,יחידה,false,1,36.70,36.7000,false,1,127496
7290115190083,false,סיגריות מרלבורו גולד,פיליפ מוריס,,סיגריות מרלבורו גולדPP פאקט,יחידה,1.00,יחידה,false,10,342.00,342.0000,false,1,127120
7290115190090,false,סיגריות מרלבורו גולד,פיליפ מוריס,,סיגריות מרלבורו גולדPP חפיסה,יחידה,1.00,יחידה,false,1,36.70,36.7000,false,1,127119
7290115190113,false,סיגריות מרלבורו גולד,פיליפ מוריס,,סיגריות מרלבורו גולד סופטPP חפיסה,יחידה,1.00,יחידה,false,1,34.50,34.5000,false,1,127141
7290115190137,false,סיגריות מרלבורו פיין,פיליפ מוריס,,סיגריות מרלבורו פיין טאץPP חפיסה,יחידה,1.00,יחידה,false,1,32.90,32.9000,false,1,127143
7290115190151,false,סיגריות מרלבורו טאץP,פיליפ מוריס,,סיגריות מרלבורו טאץPP חפיסה,יחידה,1.00,יחידה,false,1,32.90,32.9000,false,1,127135
7290115190175,false,סיגריות פרלמנט סופר,פיליפ מוריס,,סיגריות פרלמנט סופר סלימסPP חפיסה בודד,יחידה,1.00,יחידה,false,1,41.70,41.7000,false,1,126901
7290115190182,false,פרלמנט נייט 100PP פא,פיליפ מוריס,,פרלמנט נייט 100PP פאקט,יחידה,1.00,יחידה,false,10,382.00,382.0000,false,1,128995
7290115190199,false,פרלמנט נייט 100PP חפ,פיליפ מוריס,,פרלמנט נייט 100PP חפיסה,יחידה,1.00,יחידה,false,1,41.70,41.7000,false,1,128994
7290115190212,false,סיגריות פרלמנט בלו 1,פיליפ מוריס,,סיגריות פרלמנט בלו 100PPחפיסה,יחידה,1.00,יחידה,false,1,41.70,41.7000,false,1,127125
7290115190229,false,סיגריות פרלמנט בלוPP,פיליפ מוריס,,סיגריות פרלמנט בלוPP פאקט,יחידה,1.00,יחידה,false,10,382.00,382.0000,false,1,127122
7290115190236,false,סיגריות פרלמנט בלוPP,פיליפ מוריס,,סיגריות פרלמנט בלוPP חפיסה,יחידה,1.00,יחידה,false,1,41.70,41.7000,false,1,127121
7290115190243,false,סיגריות פרלמנט נייטP,פיליפ מוריס,,סיגריות פרלמנט נייטPP פאקט,יחידה,1.00,יחידה,false,10,382.00,382.0000,false,1,126906
7290115190250,false,סיגריות פרלמנט נייטP,פיליפ מוריס,,סיגריות פרלמנט נייטPP חפיסה בודד,יחידה,1.00,יחידה,false,1,41.70,41.7000,false,1,126907
7290115190274,false,סיגריות פרלמנט סילבר,פיליפ מוריס,,סיגריות פרלמנט סילברPP חפיסה,יחידה,1.00,יחידה,false,1,41.70,41.7000,false,1,127137
7290115190335,false,ל.מ בלו 100PP חפיסה,פיליפ מוריס,,ל.מ בלו 100PP חפיסה,יחידה,1.00,יחידה,false,1,32.20,32.2000,false,1,129091
7290115190359,false,סיגריות ל.מ בלוPP חפ,פיליפ מוריס,,סיגריות ל.מ בלוPP חפיסה בודד,יחידה,1.00,יחידה,false,1,32.20,32.2000,false,1,126903
7290115190373,false,סיגריות ל.מ. קפסולהP,פיליפ מוריס,,סיגריות ל.מ. קפסולהPP חפיסה,יחידה,1.00,יחידה,false,1,32.20,32.2000,false,1,127139
7290115190397,false,ל.מ רדPP חפיסה בודד,פיליפ מוריס,,ל.מ רדPP חפיסה בודד סיגריות,יחידה,1.00,יחידה,false,1,32.20,32.2000,false,1,126898
7290115190410,false,סיגריות ל.מ סילברPP,פיליפ מוריס,,סיגריות ל.מ סילברPP חפיסה,יחידה,1.00,יחידה,false,1,32.20,32.2000,false,1,127127
7290115190434,false,סיגריות ל.מ וייבPP ח,פיליפ מוריס,IL,סיגריות ל.מ וייבPP חפיסה בודד,יחידה,1.00,יחידה,false,1,32.20,32.2000,false,1,126909
7290115190458,false,סיגריות נקסט אדג בוד,פיליפ מוריס,,סיגריות נקסט אדג בודד,יחידה,1.00,יחידה,false,1,25.00,25.0000,false,1,127464
7290115190472,false,סיגריות נקסט פיין אד,פיליפ מוריס,,סיגריות נקסט פיין אדגPP חפיסה,יחידה,1.00,יחידה,false,1,25.00,25.0000,false,1,127780
7290115190496,false,סיגריות נקסט פיין 10,פיליפ מוריס,IL,סיגריות נקסט פיין 100PP חפיסה,יחידה,1.00,יחידה,false,1,31.20,31.2000,false,1,128327
7290115190502,false,סיגריות נקסט פייןPP,פיליפ מוריס,,סיגריות נקסט פייןPP פאקט,יחידה,1.00,יחידה,false,10,282.00,282.0000,false,1,127130
7290115190519,false,סיגריות נקסט פיין חפ,פיליפ מוריס,,סיגריות נקסט פיין חפיסה,יחידה,1.00,יחידה,false,1,31.20,31.2000,false,1,127129
7290115190526,false,סיגריות נקסט ריסס 10,פיליפ מוריס,,סיגריות נקסט ריסס 100פקט,יחידה,1.00,יחידה,false,10,260.00,260.0000,false,1,127494
7290115190533,false,סיגריות נקסט ריסס 10,פיליפ מוריס,,סיגריות נקסט ריסס 100בודד,יחידה,1.00,יחידה,false,1,26.00,26.0000,false,1,127493
7290115190557,false,סיגריות נקסט ריסס קצ,פיליפ מוריס,,סיגריות נקסט ריסס קצרPP חפיסה,יחידה,1.00,יחידה,false,1,26.00,26.0000,false,1,127131
7290115190571,false,סיגריות נקסט לילךPP,פיליפ מוריס,,סיגריות נקסט לילךPP חפיסה בודד,יחידה,1.00,יחידה,false,1,31.20,31.2000,false,1,126900
7290115190588,false,סיגריות נקסט אוריגינ,פיליפ מוריס,,סיגריות נקסט אוריגינלPP פאקט,יחידה,1.00,יחידה,false,10,282.00,282.0000,false,1,127118
7290115190595,false,סיגריות נקסט אוריגינ,פיליפ מוריס,,סיגריות נקסט אוריגינלPP חפיסה,יחידה,1.00,יחידה,false,1,31.20,31.2000,false,1,127117
7290115190618,false,טבק מרלבורו רדPP חפי,,,טבק מרלבורו רדPP חפיסה,יחידה,1.00,יחידה,false,1,82.40,82.4000,true,1,127841
7290115190632,false,טבק  מרלבורו גולד חפ,פיליפ מוריס,,טבק  מרלבורו גולד חפיסה 30 גרם,גרמים,30.00,100 גרם,false,1,82.40,274.6667,false,1,127782
7290115190656,false,טבק נקסט פייןPP  חפי,פיליפ מוריס,,טבק נקסט פייןPP  חפיסה,יחידה,1.00,יחידה,false,1,87.30,87.3000,true,1,127630
7290115190694,false,טבק צסטרפילד פיין וי,פיליפ מוריס,,טבק צסטרפילד פיין וירגינה בודד,יחידה,1.00,יחידה,false,1,69.00,69.0000,true,1,127491
7290115190731,false,טבק צסטרפילד אוריגינ,,,טבק צסטרפילד אוריגינל 30PP חפיסה,יחידה,1.00,יחידה,false,1,69.00,69.0000,true,1,127145
7290115190915,false,טבק לגלגול נקסט לבן,פיליפ מוריס,,טבק לגלגול נקסט לבן XL ל 50 גרם  בודד,גרמים,50.00,100 גרם,false,1,102.30,204.6000,true,1,129246
7290115190960,false,מרלבורו טאץ אדום פאק,פיליפ מוריס,TR,מרלבורו טאץ אדום פאקט,יחידה,10.00,יחידה,false,10,290.00,29.0000,false,1,131963
7290115190977,false,מרלבורו טאץ אדום חפי,פיליפ מוריס,TR,מרלבורו טאץ אדום חפיסה,יחידה,20.00,יחידה,false,1,29.00,1.4500,false,1,131962
7290115191035,false,מרלבורו סאמר ספלאש ח,פיליפ מוריס,RS,מרלבורו סאמר ספלאש חפיסה בודד,יחידה,1.00,יחידה,false,1,29.00,29.0000,false,1,131578
7290115191073,false,נקסט ריץ ריסס חפיסה,פיליפ מוריס,RS,נקסט ריץ ריסס חפיסה,יחידה,1.00,יחידה,false,1,26.00,26.0000,true,1,132957
7290115201680,false,בסלי ברביקיו 70גרם,"אסם השקעות בע""מ",IL,בסלי ברביקיו 70גרם,גרמים,70.00,100 גרם,false,1,6.90,9.8571,true,1,127423
7290115201703,false,בסלי ברביקיו 200גרם,"אסם השקעות בע""מ",IL,בסלי ברביקיו 200גרם,גרמים,200.00,100 גרם,false,1,12.50,6.2500,true,1,127421
7290115201727,false,בסלי בצל 200גרם,"אסם השקעות בע""מ",IL,בסלי בצל 200גרם,גרמים,200.00,100 גרם,false,1,12.50,6.2500,true,1,127420
7290115201741,false,ביסלי בצל 70גרם,"אסם השקעות בע""מ",IL,ביסלי בצל 70גרם,גרמים,70.00,100 גרם,false,1,6.90,9.8571,true,1,127422
7290115203172,false,במבה פרו 80גרם,אסם,IL,במבה פרו 80גרם,גרמים,80.00,100 גרם,false,1,7.90,9.8750,true,1,132061
7290115205176,false,פיטנס קרקר דק כפרי 1,אסם יקנעם,IL,פיטנס קרקר דק כפרי 150 גרם,גרמים,150.00,100 גרם,false,1,13.90,9.2667,true,1,130766
7290115205312,false,קרקר דק פיטנס זיתים,"אסם השקעות בע""מ",IL,קרקר דק פיטנס זיתים 140 גרם,גרמים,140.00,100 גרם,false,1,13.90,9.9286,true,1,131430
7290115206852,false,ביסלי ציזי סטיקס חדש,אסם,IL,ביסלי ציזי סטיקס חדש 70גרם,גרמים,70.00,100 גרם,false,1,6.90,9.8571,true,1,132037
7290115206890,false,ביסלי המבורגר חדש 70,אסם,IL,ביסלי המבורגר חדש 70גרם,גרמים,70.00,100 גרם,false,1,6.90,9.8571,true,1,132038
7290115208047,false,סירופ ויטמינציק פטל,בית-השיטה עסיס תעשיו,IL,סירופ ויטמינציק פטל 1 ליטר,ליטרים,1.00,ליטר,false,1,23.90,23.9000,true,1,130834
7290115208566,false,אסם קרמוגית מיניס קר,אסם,IL,אסם קרמוגית מיניס קרם בייגלה 200 גרם,גרמים,200.00,100 גרם,false,1,14.90,7.4500,true,1,132036
7290115208597,false,אסם קרמוגית מיניס קר,אסם,IL,אסם קרמוגית מיניס קרמל מלוח 200 גרם,גרמים,200.00,100 גרם,false,1,14.90,7.4500,true,1,132035
7290115209198,false,במבה אורירית 80גרם,אסם השקעות בעמ,IL,במבה אורירית 80גרם,גרמים,80.00,100 גרם,false,1,7.90,9.8750,true,1,132062
7290115209358,false,במבה במילוי בראוניז,אסם,IL,במבה במילוי בראוניז 60גרם,גרמים,60.00,100 גרם,false,1,7.90,13.1667,true,1,132913
7290115209372,false,במבה במילוי בראוניז,אסם,IL,במבה במילוי בראוניז 150גרם,גרמים,150.00,100 גרם,false,1,13.90,9.2667,true,1,132914
7290115671223,false,מסטיק בקבוקון מאסט פ,אסקום קונפקשיין,DE,מאסט פאן אבטיח מנגו 58 גרם,גרמים,58.00,100 גרם,false,1,11.90,20.5172,true,1,130885
7290115671308,false,מסטיק מאסט בקבוקון פ,אסקום קונפשטיין,DE,מאסט פאן תות דובדבן 58 גרם,גרמים,58.00,100 גרם,false,1,11.90,20.5172,true,1,130886
7290115671339,false,מיני פינוקיות בראוני,הגביע מוצרי ופלים בע,IL,מיני פינוקיות בראוניז בייגל בוטן 180 ג',גרמים,180.00,100 גרם,false,1,14.90,8.2778,true,1,129804
7290115671346,false,מיני פינוקיות טופי ק,הגביע מוצרי ופלים בע,IL,מיני פינוקיות טופי קרמל מלוח 180 ג',גרמים,180.00,100 גרם,false,1,14.90,8.2778,true,1,129805
7290115674712,false,BREADZ קרקר סריראצה,"אלאדין בייקרס בע""מ",US,BREADZ קרקר סריראצה 170 ג 12 יח,גרמים,170.00,100 גרם,false,1,16.90,9.9412,true,1,131052
7290115675696,false,קוואקר אגוזים 375 גר,וויטפול,PL,קוואקר CRUESLI אגוזים 375 גר 6 יח,גרמים,375.00,100 גרם,false,1,22.90,6.1067,true,1,130848
7290115676099,false,משקה דנונה פרו 20 ונ,"שטראוס בריאות בע""מ.",IL,משקה דנונה פרו 20 וניל,מיליליטרים,255.00,"100 מ""ל",false,1,7.90,3.0980,true,1,129264
7290116531281,false,קליק מיקס 65 גרם,יוניליוור ישראל מזון,IL,קליק  קליק מיקס 65 גרם,גרמים,65.00,100 גרם,false,1,9.00,13.8462,true,1,130408
7290116531311,false,חטיף קליק בלאק&וויט,יוניליוור ישראל מזון,IL,קליק  חטיף קליק בלאק&וויט בציפוי שוקולד לבן 35 גרם,גרמים,35.00,100 גרם,false,1,7.50,21.4286,true,1,131648
7290116531328,false,חטיף קליק בלאק&וויט,יוניליוור ישראל מזון,IL,קליק  חטיף קליק בלאק&וויט בציפוי שוקולד חלב 35 גרם,גרמים,35.00,100 גרם,false,1,7.50,21.4286,true,1,131647
7290116532011,false,קליק חטיף נוגט 35 גר,אזור התעשייה רמת גבר,IL,קליק  חטיף נוגט 35 גרם,גרמים,35.00,100 גרם,false,1,7.50,21.4286,true,1,131048
7290116532264,false,גודיז פרי אפרסק 300,"גלידת שטראוס בע""מ, ר",IL,גודיז פרי אפרסק 300 גרם,גרמים,300.00,100 גרם,false,1,27.90,9.3000,true,1,131346
7290116532462,false,פיינט קליק שוקולד בנ,"גלידת שטראוס בע""מ, ר",IL,פיינט קליק שוקולד בננה,מיליליטרים,520.00,"100 מ""ל",false,1,29.90,5.7500,true,1,131551
7290116532479,false,פיינט קליק שוקולד לב,"גלידת שטראוס בע""מ, ר",IL,"פיינט קליק שוקולד לבן קרם עוגיות 520 מ""ל",מיליליטרים,520.00,"100 מ""ל",false,1,29.90,5.7500,true,1,131550
7290116532486,false,פיינט קליק וניל קרמל,"גלידת שטראוס בע""מ, ר",IL,פיינט קליק וניל קרמל מלוח,מיליליטרים,520.00,"100 מ""ל",false,1,29.90,5.7500,true,1,131552
7290116930015,false,GO  חטיף חלבון קרמל,תנובה,IL,GO  חטיף חלבון קרמל מלוח חמאת בוטנים 60ג,גרמים,60.00,100 גרם,false,1,14.90,24.8333,true,1,131611
7290116930022,false,GO חטיף חלבון בטעם ק,תנובה,IL,GO חטיף חלבון בטעם קרם עוגיות 60גרם,גרמים,60.00,100 גרם,false,1,14.90,24.8333,true,1,131612
7290116930282,false,ארוחה בקטנה לאבנה עם,תנובה,IL,ארוחה בקטנה לאבנה עם קרקרים 150 גרם,גרמים,150.00,100 גרם,false,1,7.90,5.2667,true,1,132816
7290116930435,false,יוגורט גו סמיך 0% דו,"תנובה בע""מ",IL,יוגורט גו סמיך 0% דובדבן,גרמים,150.00,100 גרם,false,1,6.50,4.3333,true,1,131448
7290116930459,false,SHAKE יופלה בננה אננ,תנובה בעמ,IL,SHAKE יופלה בננה אננס וקוקוס 230 מל,מיליליטרים,230.00,"100 מ""ל",false,1,9.90,4.3043,true,1,131769
7290116930626,false,ארוחה בקטנה ציזיקי ע,תנובה,IL,ארוחה בקטנה ציזיקי עם קרקרים 150 גרם,גרמים,150.00,100 גרם,false,1,7.90,5.2667,true,1,132100
7290116930701,false,GOמעדן חלב בטעם קרמל,תנובה,IL,GOמעדן חלב בטעם קרמל מלוח  120גרם,גרמים,120.00,100 גרם,false,1,5.20,4.3333,true,1,131770
7290116931104,false,יופלה גו במרקם סמיך,תנובה בעמ,IL,יופלה גו במרקם סמיך עם אננס 0%  200גרם,גרמים,200.00,100 גרם,false,1,6.50,3.2500,true,1,132098
7290117821404,false,ביצת הפתעה פלסטיק עם,שמחה,IL,ביצת הפתעה פלסטיק עם סוכריות קשות 10ג S,גרמים,10.00,100 גרם,false,1,6.90,69.0000,true,1,132025
7296150000028,false,עלי גפן ממולאים באור,אקמר,,עלי גפן ממולאים באורז 425 גרם,גרמים,425.00,100 גרם,false,1,14.00,3.2941,true,1,55664
7296168001406,false,אסלוניות 20 יחידות,,,אסלוניות 20 יחידות,לא מנהל יחידת מידה,0.00,לא מנהל יחידת מידה,false,1,10.90,0.0000,true,1,24688
7297488098169,false,קמח תירס ללא גלוטן 5,תבליני העליון 2007 ב,IL,קמח תירס ללא גלוטן 500 גרם,גרמים,500.00,100 גרם,false,1,9.80,1.9600,true,1,74905
7297488098220,false,קמח תפוח אדמה ללא גל,תבליני העליון 2007 ב,IL,דוכן גן שמואל קמח תפוחי אדמה 500 גרם,גרמים,500.00,100 גרם,false,1,10.90,2.1800,true,1,81870
7297488099753,false,עוגיות בטעם שוקולד ו,תגלית הטעם,IL,עוגיות בטעם שוקולד וקוקוס 250 גרם,גרמים,250.00,100 גרם,false,1,27.90,11.1600,true,1,114976
7297488099777,true,עוגיות בטעם קאשיו 25,תגלית הטעם,IL,בריאות וטבע עוגיות מובחרות עם קשיו 250 גרם,גרמים,250.00,100 גרם,false,1,27.90,11.1600,true,1,116282
7297603011370,false,כף טיגון מחוררת עשוי,,,כף טיגון מחוררת עשוי,יחידה,1.00,יחידה,false,1,16.90,16.9000,true,1,132709
7297603011387,false,כף טיגון מחוררת אליפ,,,כף טיגון מחוררת אליפ,יחידה,1.00,יחידה,false,1,15.50,15.5000,true,1,132710
7297603011400,false,כף הגשה מרובעת עשויה,,,כף הגשה מרובעת עשויה,יחידה,1.00,יחידה,false,1,14.90,14.9000,true,1,132712
7297603011424,false,כף טיגון מחוררת עגול,,,כף טיגון מחוררת עגול,יחידה,1.00,יחידה,false,1,19.90,19.9000,true,1,132714
7297603011448,false,כף הגשה תרבד נירוסטה,,,כף הגשה תרבד נירוסטה,יחידה,1.00,יחידה,false,1,17.90,17.9000,true,1,132716
7297603011455,false,כף הגשה תרבד מחורץ נ,,,כף הגשה תרבד מחורץ נ,יחידה,1.00,יחידה,false,1,16.90,16.9000,true,1,132717
7297603011462,false,מצקת מנירוסטה,,,מצקת מנירוסטה,יחידה,1.00,יחידה,false,1,19.90,19.9000,true,1,132718
7297603015606,false,קרש חיתוך עץ אקשיה ע,,,קרש חיתוך עץ אקשיה ע,יחידה,1.00,יחידה,false,1,49.90,49.9000,true,1,130328
7297603015705,false,קרש חיתוך ללחם מעץ ב,,,קרש חיתוך ללחם מעץ ב,יחידה,1.00,יחידה,false,1,39.90,39.9000,true,1,130338
7297603015750,false,כף עץ במבוק 30 סמ,,,כף עץ במבוק 30 סמ,יחידה,1.00,יחידה,false,1,11.90,11.9000,true,1,130342
7297603015767,false,כף עץ מחוררת במבוק 3,,,כף עץ מחוררת במבוק 3,יחידה,1.00,יחידה,false,1,11.90,11.9000,true,1,130343
7297603015781,false,כף עץ במבוק 30 סמ,,,כף עץ במבוק 30 סמ,יחידה,1.00,יחידה,false,1,12.90,12.9000,true,1,130345
7297603015798,false,כף עץ לפסטה במבוק 30,,,כף עץ לפסטה במבוק 30,יחידה,1.00,יחידה,false,1,11.90,11.9000,true,1,130346
7297603015804,false,כף עץ מחוררת במבוק 3,,,כף עץ מחוררת במבוק 3,יחידה,1.00,יחידה,false,1,11.90,11.9000,true,1,130347
7297603016870,false,סוחט לימון ידני צהוב,,,סוחט לימון ידני צהוב,יחידה,1.00,יחידה,false,1,24.90,24.9000,true,1,132725
7297603017228,false,קנקן זכוכית מעוצב 15,,,קנקן זכוכית מעוצב 15,יחידה,1.00,יחידה,false,1,59.90,59.9000,true,1,132727
7297603017235,false,קנקן זכוכית מעוצב 18,,,קנקן זכוכית מעוצב 18,יחידה,1.00,יחידה,false,1,64.90,64.9000,true,1,132728
7297603017242,false,קנקן זכוכית מעוצב 15,,,קנקן זכוכית מעוצב 15,יחידה,1.00,יחידה,false,1,49.90,49.9000,true,1,132729
7297603028033,false,מיני מרית סיליקון 20,,,מיני מרית סיליקון 20,יחידה,1.00,יחידה,false,1,7.90,7.9000,true,1,130802
7297603028101,false,תרווד מחוררת סיליקון,,,תרווד מחוררת סיליקון,יחידה,1.00,יחידה,false,1,15.90,15.9000,true,1,130800
7297603028125,false,מועך תפוח אדמה ידית,,,מועך תפוח אדמה ידית,יחידה,1.00,יחידה,false,1,22.90,22.9000,true,1,132736
7297603028835,false,בקבוק אקריל ‎ION ENE,,,בקבוק אקריל ‎ION ENE,יחידה,1.00,יחידה,false,1,39.90,39.9000,true,1,132739
7297603030326,false,מאג סבתא רטרו שחור ל,,,מאג סבתא רטרו שחור ל,יחידה,1.00,יחידה,false,1,12.90,12.9000,true,1,132752
7297603030333,false,בול סבתא שחור לבן,,,בול סבתא שחור לבן,יחידה,1.00,יחידה,false,1,15.90,15.9000,true,1,132753
7297603030357,false,מאג סבתא  4 גווני חו,,,מאג סבתא  4 גווני חו,יחידה,1.00,יחידה,false,1,12.90,12.9000,true,1,132755
7297603030364,false,בול סבתא  4 גווני חו,,,בול סבתא  4 גווני חו,יחידה,1.00,יחידה,false,1,16.90,16.9000,true,1,132756
7297603034027,false,קרמיקה יפנית  מגש מל,,,קרמיקה יפנית  מגש מלבן 28X16 סמ,יחידה,1.00,יחידה,false,1,29.90,29.9000,true,1,132771
7297603034058,false,קרמיקה יפנית  קערית,,,קרמיקה יפנית  קערית,יחידה,1.00,יחידה,false,1,6.90,6.9000,true,1,132774
7297603034126,false,קרמיקה וינטג  בול קו,,,קרמיקה וינטג  בול קו,יחידה,1.00,יחידה,false,1,19.90,19.9000,true,1,132781
7297603034201,false,מאג פורצלן,,,מאג פורצלן,יחידה,1.00,יחידה,false,1,19.90,19.9000,true,1,132785
7298074500615,false,ערכה לבדיקת הריון בו,SPD,,ערכה לבדיקת הריון בודד סנסו טסט,יחידה,1.00,יחידה,false,1,25.90,25.9000,true,1,123503
7298074501995,false,בליסטקס הגנה מוגברת,,,בליסטקס הגנה מוגברת spf50,יחידה,1.00,יחידה,false,1,9.90,9.9000,true,1,123734
7298087000959,false,וולטרן אמולגל שפורפר,נוברטיס,,וולטרן אמולגל שפורפרת 50 גרם,גרמים,50.00,100 גרם,false,1,47.00,94.0000,true,1,109126
7465603183636,false,סיגר פרינסיפס נטורל,,DO,סיגר פרינסיפס נטורל בודד,יחידה,1.00,יחידה,false,1,12.90,12.9000,false,1,131812
7465603183797,false,סיגר פרינסיפס נטורל,,DO,סיגר פרינסיפס נטורל 5 יחידות,יחידה,5.00,יחידה,false,5,46.90,9.3800,false,1,131814
7500162900000,false,בירה סול בודד בקבוק,היינקן,NL,"סול ח""פ 330 בקבוק בודד",מיליליטרים,330.00,"100 מ""ל",false,1,13.50,4.0909,true,1,125333
7501013101348,false,גומקס מנגו בקבוק 473,חומקס קומר קומרסאליז,MX,"ג'ומקס מנגו בקבוק 473 מ""ל תריסר",מיליליטרים,473.00,"100 מ""ל",false,1,11.90,2.5159,true,1,123426
7501013101355,false,גומקס אפרסק בקבוק 47,חומקס קומר קומרסאליז,MX,"ג'ומקס אפרסק בקבוק 473 מ""ל תריסר",מיליליטרים,473.00,"100 מ""ל",false,1,11.90,2.5159,true,1,123425
7501013101362,false,גומקס קוקוס אננס בקב,חומקס קומר קומרסאליז,MX,"ג'ומקס קוקוס אננס בקבוק 473 מ""ל תריסר",מיליליטרים,473.00,"100 מ""ל",false,1,11.90,2.5159,true,1,123427
7501013101393,false,גומקס אננס בקבוק 473,חומקס קומר קומרסאליז,MX,"ג'ומקס אננס  בקבוק 473 מ""ל תריסר",מיליליטרים,473.00,"100 מ""ל",false,1,11.90,2.5159,true,1,123424
7501013122039,false,גומקס מיץ מנגו קרטונ,חומקס קומר קומרסאליז,MX,ג'ומקס מנגו קרטונית  ליטר תריסר,ליטרים,1.00,ליטר,false,1,14.90,14.9000,true,1,123421
7501013122053,false,גומקס מיץ אפרסק קרטו,חומקס קומר קומרסאליז,MX,ג'ומקס אפרסק קרטונית  ליטר תריסר,ליטרים,1.00,ליטר,false,1,14.90,14.9000,true,1,123420
7501013122114,false,גומקס מיץ אננס קרטונ,חומקס קומר קומרסאליז,MX,ג'ומקס אננס קרטונית  ליטר תריסר,ליטרים,1.00,ליטר,false,1,14.90,14.9000,true,1,123419
7501013122992,false,גומקס מיץ קוקוס אננס,חומקס קומר קומרסאליז,MX,ג'ומקס קוקוס אננס קרטונית  ליטר תריסר,ליטרים,1.00,ליטר,false,1,14.90,14.9000,true,1,123422
7501013138184,false,יוניקו פרסקו חמוציות,חומקס קומר קומרסאליז,MX,ג'ומקס פרסקו חמוציות קרטונית  ליטר תריסר,ליטרים,1.00,ליטר,false,1,15.60,15.6000,true,1,129537
7501049936945,false,שישיית בירה סול 330,היינקן,NL,"בירה סול שישייה (6X330 מ""ל)",ליטרים,1.98,ליטר,false,1,49.90,25.2020,true,1,125332
7501064191398,false,שישיית בירה קורונה ב,קריניציה ויטמינה אס,MX,בשישיית בירה קורונה אקסטרה 2.13 ל',ליטרים,2.13,ליטר,false,6,49.90,23.4272,true,1,121369
7501064196690,false,פחית בירה קורונה 355,סרבסריה מידלו,MX,"פחית בירה קורונה 355 מ""ל",מיליליטרים,355.00,"100 מ""ל",false,1,16.90,4.7606,true,1,124475
7503012779306,false,סירופ אגבה כחולה – נ,נוטריגבאס דה מקסיקו,MX,נטור פוד סירופ אגבה כחולה אורגני 330 גרם,גרמים,330.00,100 גרם,false,1,21.90,6.6364,true,1,82646
7610113011652,false,בקרדי בריזר תפוח 275,בקרדי בעמ,BE,"בריזר - משקה כוהלי מוגז בטעם תפוח 275 מ""ל",מיליליטרים,275.00,"100 מ""ל",false,1,18.90,6.8727,true,1,125820
7610400075770,false,לינדט לגרנד דארק הזל,לינדט ושפרונגלי,CH,לינדט לגרנד דארק הזלנט 150 גרם,גרמים,150.00,100 גרם,false,1,24.90,16.6000,true,1,124391
7610400075787,false,לינדט לגרנד מילק הזל,"לינדט ושפרונגלי, קיל",CH,לינדט לה גרנד - שוקולד חלב עם אגוזי לוז 150 גר',גרמים,150.00,100 גרם,false,1,27.90,18.6000,true,1,124392
7610400075794,false,לינדט לגרנד ואיט אלמ,לינדט ושפרונגלי,CH,לינדט לגרנד ואיט אלמונד150 גרם,גרמים,150.00,100 גרם,false,1,27.90,18.6000,true,1,124393
7610400091060,false,שוקולד לינדט אקסלנס,לינדט ושפרונגלי,,שוקולד לינדט אקסלנס תפוז 100 גרם,גרמים,100.00,100 גרם,false,1,19.90,19.9000,true,1,132132
7613032045753,false,דגני פיטנס שוקולד 37,סי. פי. צרפת,FR,פיטנס שוקולד 16*375גרם 2017,גרמים,375.00,100 גרם,false,1,23.90,6.3733,true,1,48657
7613035514430,false,ONE חתול בוגר סלמון,פורינה,US,ONE חתול בוגר סלמון 3קג,קילוגרמים,3.00,"ק""ג",false,1,119.90,39.9667,true,1,123678
7613035618794,false,ONE   חתול בוגר עוף,פורינה,US,ONE  3קג חתול בוגר עוף,קילוגרמים,3.00,"ק""ג",false,1,119.90,39.9667,true,1,123677
7613035619050,false,חמשושים מפלצות,נסטלה ספרד,ES,חמשושים מפלצות 18*75מל,גרמים,80.00,100 גרם,false,1,10.50,13.1250,true,1,109626
7613035809109,false,רוטב עגבניות ובזיליק,נסטלה ספרד,ES,פרפקטו רוטב עגבניות ובזיליקום 6*400גרם,גרמים,400.00,100 גרם,false,1,10.90,2.7250,true,1,110236
7613035809857,false,רוטב עגבניות לפסטה פ,נסטלה ספרד,ES,פרפקטו רוטב עגבניות לפסטה ולבישול 6*400ג,גרמים,400.00,100 גרם,false,1,10.90,2.7250,true,1,110248
7613036280327,false,פחית פרייה גוס א דוב,נסטלה ווטרס ספלאי,FR,פרייה אנד ג'וס אפרסק דובדבן פחית,מיליליטרים,250.00,"100 מ""ל",false,1,10.50,4.2000,true,1,127463
7613036286008,false,פחית פרייה גוס א מנג,נסטלה ווטרס ספלאי,FR,"משקה אננס מנגו מוגז - פחית 250 מ""ל",מיליליטרים,250.00,"100 מ""ל",false,1,10.50,4.2000,true,1,127462
7613036576734,false,חמישייה קרחוני שרבט,פרונרי איבריה ס.ל,ES,נסטלה חמשושים חדש 18*60גרם,גרמים,60.00,100 גרם,false,1,10.50,17.5000,true,1,118351
7613037686906,false,פיטנס שקדים ודבש 14*,סי. פי. צרפת,FR,פיטנס שקדים ודבש 14*355גרם N9LEM 2019,גרמים,355.00,100 גרם,false,1,23.90,6.7324,true,1,124723
7622010001858,false,עוגיות אוראו ממולאות,פי אר ג'יי אס אי מנד,UA,עוגיות אוראו ממולאות קרם וניל 176 גר',גרמים,176.00,100 גרם,false,1,14.00,7.9545,true,1,109048
7622201127367,false,מילקה אוריאו מיניס ל,פי.אר.ג'יי.אס.סי מונ,UA,מילקה אוראו מיניס לבן 153 גרם,גרמים,153.00,100 גרם,false,1,19.90,13.0065,true,1,128977
7622201401900,false,עוגיות מילקה סנסיישן,מונדלז פולסקה פרודקש,PL,עוגיות מילקה סנסיישן אוראו 156 גרם,גרמים,156.00,100 גרם,false,1,15.90,10.1923,true,1,127365
7622201502515,false,מילקה קוקי לופ 132 ג,גיורי קייקס קייאפטי,HU,מילקה קוקי לופ 132 גרם,גרמים,132.00,100 גרם,false,1,15.90,12.0455,true,1,130412
7622201802394,false,שוקולד חלב מילקה 100,מנדלז דויצ'לנד סנקס,DE,מילקה חלב מסרונים 100 גרם,גרמים,100.00,100 גרם,false,1,7.90,7.9000,true,1,130254
7622201808631,false,אוראו מיני כוסות בטע,פי.טי. מונדלז אינדונ,ID,אוראו מיני כוסות בטעם וניל 67 גרם,גרמים,67.00,100 גרם,false,1,7.90,11.7910,true,1,129544
7622201809188,false,מילקה ביסקויט 150 גר,מונדלז פרנס ביסקוויט,FR,מילקה ביסקויט 150 גרם,גרמים,150.00,100 גרם,false,1,18.90,12.6000,true,1,128465
7622210637994,false,אוראו ביס קראנצי אור,מונדלז אספניה ג'לאטס,ES,אוראו קראנצ'י בייטס מצופים 110 גרם,גרמים,110.00,100 גרם,false,1,10.90,9.9091,true,1,127927
7622210638021,false,אוראו ביס קראנצי בצי,מונדלז אספניה ג'לאטס,ES,אוראו קראנצ'י בייטס מצופים 110 גרם,גרמים,110.00,100 גרם,false,1,10.90,9.9091,true,1,127928
7622210826053,false,ט שוקולד מילקה אוראו,גיאורי קאקסז קייאףטי,HU,שוקולד מילקה אוראו סנדביץ 92 גרם,גרמים,92.00,100 גרם,false,1,7.90,8.5870,true,1,127645
7622210835338,false,עוגיות אוראו בראוניז,מנדלז אספנה גאלטס פר,ES,אוראו בראוני 176 גרם,גרמים,176.00,100 גרם,false,1,14.00,7.9545,true,1,120578
7622300489427,false,עוגיות אוראו פאדג שו,מנדלז אספנה גאלטס פר,ES,עוגיות אוראו בציפוי בטעם שוקולד לבן 246 גר',גרמים,246.00,100 גרם,false,1,23.90,9.7154,true,1,115905
7622300503079,false,ביסקוויט מצופה שוקול,מונדלז פולסקה פרודקש,PL,מילקה מו עוגיות ביסקוויט בציפוי שוקולד 200 גר',גרמים,200.00,100 גרם,false,1,15.90,7.9500,true,1,77796
7622300617820,false,שוקולד חלב אוראו מיל,מנדלז דויצ'לנד סנקס,DE,שוקולד חלב אוראו מילקה 100 גרם,גרמים,100.00,100 גרם,false,1,7.90,7.9000,true,1,86154
7622300756413,false,פילדלפיה 20% שומן עם,מונדלז דויצ'לנד פרוד,DE,פילדלפיה גבינת שמנת עם עשבי תיבול 20% שומן 175 גרם,גרמים,175.00,100 גרם,false,1,17.90,10.2286,true,1,116491
7622300761363,false,עוגיות אוראו מיני קר,פי.טי. מונדלז אינדונ,ID,אוראו מיני כוסות בטעם שוקולד 61.3 גרם,גרמים,67.00,100 גרם,false,1,7.90,11.7910,true,1,102198
7640175743451,false,פחית גין בומביי   טו,בקרדי מרטיני,BE,פחית גין בומביי   טוניק 250 מל,מיליליטרים,250.00,"100 מ""ל",false,1,17.90,7.1600,true,1,129508
7702018366286,false,סכין סימפלי ונוס איש,פרוקטל אנד גמבל,MD,סכין סימפלי ונוס אישה,לא מנהל יחידת מידה,0.00,לא מנהל יחידת מידה,false,1,24.90,0.0000,true,1,123700
7702018462032,false,גילט מאך 3 רביעיות ס,פרוקטור אנד גמבל,DE,גילט מאך 3 רביעיות סטארט,יחידה,1.00,יחידה,false,1,33.90,33.9000,true,1,126094
7702018980857,false,גל גילוח סירייס לעור,פרוקטר & גמבל,RO,"גל גילוח סירייס לעור רגיש 75 מ""ל",מיליליטרים,250.00,"100 מ""ל",false,1,12.90,5.1600,true,1,124990
7792860006218,false,סוכריות לקקן בייבי ד,לריטייר,AR,"סוכריות בייבי דול, 24 גרם",גרמים,20.00,100 גרם,false,1,2.90,14.5000,true,1,9397
7860001950048,false,פותחן שמן  סט 5 יח,אודס,,פותחן שמן  סט 5 יח,יחידה,1.00,יחידה,false,1,9.90,9.9000,true,1,89424
7860001950468,false,מקלף ירקות,YIWO,,מקלף ירקות,יחידה,1.00,יחידה,false,1,8.90,8.9000,true,1,90420
8000040001106,false,"קמפרי 700 מ""ל",קמפרי,,"קמפרי 700 מ""ל",מיליליטרים,700.00,"100 מ""ל",false,1,129.90,18.5571,true,1,100591
8000070010680,false,קפסולות אספרסו ויגור,לאוג'י לוואצה אס.פי.,IT,קפסולות אספרסו ויגורוסו 55 גרם,גרמים,55.00,100 גרם,false,1,18.90,34.3636,true,1,131815
8000070081000,false,קפסולות קפה הרמוניקו,לאוג'י לוואצה אס.פי.,IT,קפסולות קפה הרמוניקו 50 גרם,גרמים,50.00,100 גרם,false,1,18.90,37.8000,true,1,131816
8000070081017,false,קפסולות דיצו  50 גרם,לאוג'י לוואצה אס.פי.,IT,קפסולות דיצו  50 גרם,גרמים,50.00,100 גרם,false,1,18.90,37.8000,true,1,131983
8000380003723,false,ופל גרנד פטיסרי אגוז,א. לואקר,IT,לואקר גרנד פטיסרי אגוז 100 גרם,גרמים,100.00,100 גרם,false,1,15.90,15.9000,true,1,9510
8000380003754,false,גרנד פטיסרי קפוצינו,לואקר,IT,לואקר - וופל במילוי קרם בטעם קפה,גרמים,100.00,100 גרם,false,1,14.90,14.9000,true,1,119151
8000380003761,false,ופל גרנד פטיסרי קוקו,א. לואקר,IT,לואקר גרנד פטיסרי קוקוס 100 גרם,גרמים,100.00,100 גרם,false,1,15.90,15.9000,true,1,9511
8000380004676,false,ופל סנדויץ קרם וניל,"א. לואקר, קונפקט ג'י",AT,ופל סנדויץ קרם וניל לואקר 200 גרם,גרמים,200.00,100 גרם,false,1,16.90,8.4500,true,1,9512
8000380004911,false,ופל קואדרטיני אגוז 2,א. לואקר,AT,קוארדטיני אגוז 250 גר',גרמים,250.00,100 גרם,false,1,17.90,7.1600,true,1,9513
8000380004966,false,ופל קואדרטיני קקאו 2,א. לואקר,AT,קוארדטיני שוקולד 250 גר',גרמים,250.00,100 גרם,false,1,17.90,7.1600,true,1,9514
8000380007219,false,ופל אגוזים לואקר 175,א. לואקר,AT,לואקר קלאסיק אגוז 175 גרם,גרמים,175.00,100 גרם,false,1,15.90,9.0857,true,1,9515
8000380007257,false,ופל מצופה שוקולד גרד,א. לואקר,IT,לואקר גרנדה אגוז 200 גר',גרמים,200.00,100 גרם,false,1,18.90,9.4500,true,1,9516
8000380007264,false,ופל קקאו לואקר 175 ג,א. לואקר,AT,לואקר קלאסיק קקאו 175 גרם,גרמים,175.00,100 גרם,false,1,15.90,9.0857,true,1,12710
8000380144044,false,ופל שוקולד גרדנה 200,"א. לואקר , AG/SpA, ו",IT,וופל במילוי קרם שוקולד מצופה שוקולד חלב,גרמים,200.00,100 גרם,false,1,18.90,9.4500,true,1,46013
8000380153442,false,ופל אגוז לואקר 90 גר,לואקר,IT,ופל אגוז לואקר 90 גרם,גרמים,90.00,100 גרם,false,1,10.00,11.1111,true,1,87402
8000380153466,false,ופל שוקולד לואקר 90,א. לואקר,IT,ופל שוקולד לואקר 90 גרם,גרמים,90.00,100 גרם,false,1,10.00,11.1111,true,1,87396
8000380180721,false,ופל לואקר קלאסיק שוק,א. לואקר,AT,לואקר קלאסיק שוקו-חלב 175 גרם,גרמים,175.00,100 גרם,false,1,15.90,9.0857,true,1,110089
8000380180745,false,ופל קואדרטיני שושו ל,"א. לואקר, קונפקט ג'י",AT,ופל קואדרטיני שושו לבן 250 גרם,גרמים,250.00,100 גרם,false,1,18.90,7.5600,true,1,110007
8000380180837,false,גרנד פטיסרי במילוי ק,"א. לואקר, SPA-AG",IT,גרנד פטיסרי במילוי קרם קוקוס ובציפוי שוק,גרמים,100.00,100 גרם,false,1,14.20,14.2000,true,1,109999
8000380187249,false,עוגיות לואקר שקדים,לואקר,AT,עוגיות לואקר שקדים  100גרם,גרמים,100.00,100 גרם,false,1,15.90,15.9000,true,1,127192
8000380192199,false,לואקר דאבל שוקולד 17,לואקר,AT,לואקר דאבל שוקולד 175 גרם,גרמים,175.00,100 גרם,false,1,15.90,9.0857,true,1,121520
8000380192588,false,קואדרטיני דאבל שוקול,א. לואקר,AT,קוארדטיני אגוז 250 גר',גרמים,250.00,100 גרם,false,1,18.90,7.5600,true,1,121478
8000380205400,false,קוואדרטיני חמאת בוטנ,א. לואקר,AT,קואדרטיני חמאת בוטנים 250 גרם,גרמים,250.00,100 גרם,false,1,17.90,7.1600,true,1,131809
8000380205523,false,לואקר חמאת בוטנים 17,א. לואקר,AT,לואקר קלאסיק אגוז 175 גרם,גרמים,175.00,100 גרם,false,1,15.90,9.0857,true,1,131808
8000500009673,false,בונבוניירה רושר 300,פררו,IT,בונבוניירה רושר 300 גרם,גרמים,300.00,100 גרם,false,1,49.90,16.6333,true,1,25402
8000500023976,false,בונבוניירה רפאלו 150,פררו,PL,כדור וופל בציפוי קוקוס פריך במילוי קרם ושקד שלם,גרמים,150.00,100 גרם,false,1,26.90,17.9333,true,1,9517
8000500026731,false,ביצי הפתעה מצופה שוק,פררו,IT,ביצת הפתעה  קינדר שלישייה,גרמים,64.00,100 גרם,false,1,18.90,29.5312,true,1,9518
8000500037874,false,בונבוניירה רושר אריז,פררו,IT,בונבוניירה רושר אריזה דקורטיבית 200 גרם,גרמים,200.00,100 גרם,false,1,31.90,15.9500,true,1,9521
8000500094976,false,בונב.רושה קונוס 212,פררו,IT,בונב.רושה קונוס 212 גרם,גרמים,212.00,100 גרם,false,1,46.90,22.1226,true,1,85170
8000500192801,false,פררו רושה  100 גרי,פררו,IT,פררו רושה  100 גרי  T8X8,גרמים,100.00,100 גרם,false,1,19.90,19.9000,true,1,123782
8000500227848,true,נוטלה בי רדי שישיה 1,פררו,IT,נוטלה בי רדי שישיה 132 גרם,גרמים,132.00,100 גרם,false,1,15.90,12.0455,true,1,119332
8000500267103,true,קינדר דליס עשיריה,פררו,IT,קינדר דליס עוגת ספוג קקאו במילוי חלבי 390 גרם,גרמים,390.00,100 גרם,false,1,29.90,7.6667,true,1,119331
8000700000050,false,סבון מוצק לבן  דאב ר,יוניליוור גרמניה (מנ,DE,סבון מוצק לבן  דאב רביעייה,גרמים,400.00,100 גרם,false,1,20.90,5.2250,true,1,9533
8000920704967,false,גלידה שורטי צאנקי מא,מוצרי איכות אמריקאיי,,"גלידה שורטי צאנקי מאנקי 150 מ""ל",מיליליטרים,150.00,"100 מ""ל",false,1,13.90,9.2667,true,1,24399
8000920704974,false,גלידה שורטי שוקולד ב,מוצרי איכות אמריקאיי,,"גלידה שורטי שוקולד בראוניס  150 מ""ל",מיליליטרים,150.00,"100 מ""ל",false,1,13.90,9.2667,true,1,24400
8000920704998,false,גלידה שורטי בצק עוגי,מוצרי איכות אמריקאיי,IL,בצק עוגיות 150 מ'ל - שורטי,מיליליטרים,150.00,"100 מ""ל",false,1,13.90,9.2667,true,1,24402
8001010033721,false,רוטב פסטו חדש 135 גר,,,רוטב פסטו חדש 135 גרם PONTI,גרמים,135.00,100 גרם,false,1,13.90,10.2963,true,1,120755
8001090810205,false,פנטן שמפו נוסחה קלאס,פרוקטר אנד גמבל,RO,"פנטן שמפו הנוסחה הקלאסית 500 מ""ל",מיליליטרים,500.00,"100 מ""ל",false,1,19.90,3.9800,true,1,118426
8001160001786,false,משקה גטורייד ספורט כ,סאן בנדטו אס פי איי,IT,"משקה גטורייד בטעם פטל ,מופחת קלוריות.",מיליליטרים,500.00,"100 מ""ל",false,1,12.90,2.5800,true,1,85514
8001160001892,false,משקה גטורייד ספורט ת,פפסיקו בוואדג' איטלי,IT,גטורייד ספורט תפוז אדום בקבוק 500 תריסר,מיליליטרים,500.00,"100 מ""ל",false,1,12.90,2.5800,true,1,86758
8001505000313,false,ממרח אגוזי לוז אורגנ,ריג'וני דה אסינו,IT,נוקיולטה ממרח אגוזי לוז אורגני 270 גרם,גרמים,270.00,100 גרם,false,1,20.90,7.7407,true,1,95886
8001505000320,false,מעדן תותים ותותי בר,ריג'וני דה אסיאגו,IT,אורגניכ פארמינג מעדן תותים ותותי בר 250 גרם,גרמים,250.00,100 גרם,false,1,22.90,9.1600,true,1,95885
8001505001105,true,ממרח אגוזי לוז אורגנ,ריג'וני דה אסינו,IT,נוקיולטה ממרח אגוזי לוז אורגני 270 גרם,גרמים,270.00,100 גרם,false,1,20.90,7.7407,true,1,116246
8001505001785,false,נוציולטה ביאנקה ממרח,ריג'וני דה אסינו,IT,ממרח 30% אגוזי לוז,גרמים,270.00,100 גרם,false,1,23.90,8.8519,true,1,125454
8001620015612,false,סן בנדטו גזר תפוז לי,אקווה מינרלה סאן בנד,IT,משקה פירות פרוטה בטעם תפוז גזר לימון,מיליליטרים,400.00,"100 מ""ל",false,1,9.50,2.3750,true,1,128861
8001620015629,false,סן בנדטו תפוז תפוז א,אקווה מינרלה סאן בנד,IT,משקה פירות פרוטה בטעם תפוז ותפוז אדום,מיליליטרים,400.00,"100 מ""ל",false,1,9.50,2.3750,true,1,130654
8001620015636,false,סן בנדטו מיקס פירות,אקווה מינרלה סאן בנד,IT,משקה פירות פרוטה בטעם מיקס פירות,מיליליטרים,400.00,"100 מ""ל",false,1,9.50,2.3750,true,1,128862
8001620018408,false,סן בנדטו מנגו תפוח 4,אקווה מינרלה סאן בנד,IT,משקה פירות פרוטה בטעם מנגו תפוח,מיליליטרים,400.00,"100 מ""ל",false,1,9.50,2.3750,true,1,130655
8001620019160,false,סן בנדטו אפרסק 400 מ,אקווה מינרלה סאן בנד,IT,"סן בנדטו אפרסק 400 מ""ל",מיליליטרים,400.00,"100 מ""ל",false,1,9.50,2.3750,true,1,132106
8001620019177,false,סן בנדטו ענבים 400 מ,אקווה מינרלה סאן בנד,IT,סן בנדטו ענבים 400,מיליליטרים,400.00,"100 מ""ל",false,1,9.50,2.3750,true,1,132107
8001780499307,false,דובדבני אמרנה 230 גר,FABRRI,IT,דובדבני אמרנה 230 גרם FABBRI,גרמים,230.00,100 גרם,false,1,23.90,10.3913,true,1,126255
8001841077949,false,פמפרס מגבונים רביעיי,פרוקטר אנד גמבל,DE,פמפרס מגבונים רביעייה עם בישום,יחידה,4.00,יחידה,false,4,19.90,4.9750,true,1,133012
8001841237657,false,מגן תחתון אולוויז פר,פרוקטר & גמבל,DE,מגן תחתון אולוויז פרש נורמל 72 יח,יחידה,72.00,יחידה,false,1,19.90,0.2764,true,1,132926
8001841722146,false,מגן תחתון אולוויז ול,דיפלומט,DE,מגן תחתון אולוויז וליופק נורמל 56 יחידות,לא מנהל יחידת מידה,0.00,לא מנהל יחידת מידה,false,1,16.90,0.0000,true,1,126757
8002230000012,false,ליקר אפרול בקבוק 1 ל,קמפרי,,ליקר אפרול בקבוק 1 ליטר,ליטרים,1.00,ליטר,false,1,114.90,114.9000,true,1,115055
8002270846472,false,סן פלגרינו פלאסטיק ב,סן פלגרינו,IT,"סן פלגרינו מוגז פלסטיק 500 מ""ל 24 יחידות",מיליליטרים,500.00,"100 מ""ל",false,1,7.90,1.5800,true,1,88161
8002270866524,false,סן פלגרינו מים,San Pellegrino Terme,IT,סן פלגרינו 1 ליטר בקבוק פלסטיק,ליטרים,1.00,ליטר,false,1,9.60,9.6000,true,1,88042
8003385312104,false,עגבניות קוביות אנטונ,אנטונלה,IT,עגבניות קוביות אנטונלה שלישייה   400גרם,גרמים,400.00,100 גרם,false,3,15.90,3.9750,true,1,130506
8003753158587,false,קפסולות אספרסו פורטה,ג'ייקובס דאו אגרבטס,FR,קפסולות קפה פורטה,גרמים,57.00,100 גרם,false,1,19.90,34.9123,true,1,124878
8004690050620,false,למוליזנה לינגווין,למוליזנה,IT,פסטה איטלקית לינגוויני 500 גרם LM,גרמים,500.00,100 גרם,false,1,8.90,1.7800,true,1,97636
8004690051573,false,ספגטי למוליזנה,למוליזנה,IT,ספגטי למוליזנה 500 גרם,גרמים,500.00,100 גרם,false,1,8.90,1.7800,true,1,97637
8005110002243,false,רכז עגבניות בשפורפרת,Mutti,IT,רכז עגבניות בשפורפרת  Doppio MUTTI   185,גרמים,185.00,100 גרם,false,1,8.90,4.8108,true,1,126750
8005200256587,false,נסטי אפרסק 1.5 ליטר,מפעל סאנפלגרינו S.P.,IT,נסטי אפרסק 1.5 ליטר,ליטרים,1.50,ליטר,false,1,15.00,10.0000,true,1,130602
8005200486526,false,"נסטי אפרסק 500 מ""ל",מפעל סאנפלגרינו S.p.,IT,"נסטי, תה קר בטעם אפרסק 500 מל",מיליליטרים,500.00,"100 מ""ל",false,1,9.90,1.9800,true,1,84352
8005469981602,false,פילה אנשובי איטלקי ש,,,פילה אנשובי איטלקי שמן חמניות 75 גרם,גרמים,75.00,100 גרם,false,1,15.90,21.2000,true,1,108002
8006050090239,false,חומץ בלסמי ממודנה מא,מאצטי אוריגינל,IT,מאצטי אורגינל חומץ בלסמי ממודנה 500 מל,מיליליטרים,500.00,"100 מ""ל",false,1,29.90,5.9800,true,1,116333
8006227001372,false,סמנצאטו לחם מחמצת לב,רו. מאר ס.ר.ל,IT,סמנצאטו לחם מחמצת לבן משמן זית 400 גרם ל,גרמים,250.00,100 גרם,false,1,19.90,7.9600,true,1,130657
8006227001389,false,סמנצאטו לחם מחמצת קמ,רו. מאר ס.ר.ל,IT,סמנצאטו לחם מחמצת קמח לבן משמן זית 400 ג,גרמים,250.00,100 גרם,false,1,19.90,7.9600,true,1,130658
8006540019672,false,נוזל כלים פיירי פלטי,פרוקטר & גמבל,GB,נוזל כלים פיירי פלטינום 700 מל,מיליליטרים,700.00,"100 מ""ל",false,1,12.90,1.8429,true,1,132920
8006540221341,false,מגן תחתון אולוויז לא,,DE,מגן תחתון אולוויז לארג 48 יח,יחידה,1.00,יחידה,false,1,21.90,21.9000,true,1,131289
8006540592434,true,תחבושות אולוויז נורמ,פרוקטר,DE,תחבושות אולוויז נורמל פלוס 28 יח,יחידה,28.00,יחידה,false,1,19.90,0.7107,true,1,131842
8006540592465,false,תחבושות אולוייז כפול,פרוקטר,DE,תחבושות אולוייז כפול לונג פלוס 24 יח,יחידה,24.00,יחידה,false,1,19.90,0.8292,true,1,131840
8006540592496,false,תחבושות אולוייז כפול,פרוקטר,DE,תחבושות אולוייז כפול לילה 20,יחידה,20.00,יחידה,false,1,23.90,1.1950,true,1,131841
8008660210014,false,מאנז גאסר מעדן ריבה,מנז' אנד גאסר ס.פ.א,IT,מעדן משמש מנז אנד גאסר,גרמים,300.00,100 גרם,false,1,17.90,5.9667,true,1,109323
8008660210021,false,מאנז גאסר מעדן ריבה,מנז' אנד גאסר ס.פ.א,IT,מנז אנד גאסר מעדן דובדבן 320 גרם,גרמים,300.00,100 גרם,false,1,18.90,6.3000,true,1,109324
8008660210038,false,מאנס גאסר מעדן ריבה,מנז' אנד גאסר ס.פ.א,IT,מאנס גאסר מעדן ריבה תות שדה 300 גרם,גרמים,300.00,100 גרם,false,1,18.90,6.3000,true,1,109321
8017938005122,false,חומץ תפוחים אורגני,מריה לוצ'יה מלצ'יורי,IT,חומץ תפוחים אורגני 750 מל,מיליליטרים,750.00,"100 מ""ל",false,1,21.90,2.9200,true,1,95893
8024985000086,false,מחית תפוח בננה אורגנ,נטורה נובה,IT,נטורה נובה מחית תפוח בננה 100% אורגני 200 גרם,גרמים,200.00,100 גרם,false,1,10.50,5.2500,true,1,95903
8024985000109,false,מחית אוכמניות אורגני,נטורה נובה,IT,נטור נובה ביו מחית אגס 100% טבעי 200 גרם,גרמים,200.00,100 גרם,false,1,10.50,5.2500,true,1,95904
8024985002783,true,מחית סמוזי גזר דלעת,נטורה נובה,IT,מחית סמוזי גזר דלעת 100 גרם,גרמים,100.00,100 גרם,false,1,5.90,5.9000,true,1,116334
8024985002912,false,סמוזי תפוח אגס בטטה,נטורה נובה,IT,סמוזי תפוח אגס בטטה אורגני נטורה 100 גרם,גרמים,100.00,100 גרם,false,1,5.90,5.9000,true,1,119518
8024985002943,false,נטורה נובה סמוזי תפו,נטורה נובה,IT,סמוצ'י תפוח אננס קוקוס אורגניים,גרמים,100.00,100 גרם,false,1,5.90,5.9000,true,1,122403
8024985002950,false,נטורה נובה סמוזי שזי,נטורה נובה,IT,סמוצ'י תפוח בננה תרד אורגניים,גרמים,100.00,100 גרם,false,1,5.90,5.9000,true,1,122402
8024985002967,false,נטורה נובה סמוזי בננ,נטורה נובה,IT,סמוצ'י תפוח בננה תרד אורגניים,גרמים,100.00,100 גרם,false,1,5.90,5.9000,true,1,122404
8024985003988,false,מחית סמוזי תפוח בננה,נטורה נובה,IT,סמוצ'י תפוח בננה אורגניים 100 גרם,גרמים,100.00,100 גרם,false,1,5.90,5.9000,true,1,112041
8024985008037,false,מחית סמוזי תפוח נטור,נטורה נובה,IT,סמוצ'י תפוחים אורגניים 100 גרם,גרמים,100.00,100 גרם,false,1,5.90,5.9000,true,1,100402
8024985008044,false,מחית סמוזי אגס נטורה,נטורה נובה,IT,סמוצ'י אגסים אורגניים 100 גרם,גרמים,100.00,100 גרם,false,1,5.90,5.9000,true,1,100401
8024985008051,false,מחית סמוזי פירות אדו,נטורה נובה,IT,סמוצ'י פירות אדומים אורגניים 100 גרם,גרמים,100.00,100 גרם,false,1,5.90,5.9000,true,1,100400
8027785131851,false,שחור -מכונת קפסולות,,,שחור -מכונת קפסולות אספרסו illy,יחידה,1.00,יחידה,false,1,299.00,299.0000,true,1,115020
8032804430501,false,פסטה מקמח אפונה ירוק,מולינו אנדריאני,IT,פסטה מקמח אפונה ירוקה פליסיה 250 גרם,גרמים,250.00,100 גרם,false,1,13.90,5.5600,true,1,111933
8032804432031,true,פסטה פנה אורז מלא או,מולינו אנדריאני,IT,אטריות אורז מלא אורגניות ללא גלוטן 340 גרם,גרמים,340.00,100 גרם,false,1,12.90,3.7941,true,1,116335
8032880800243,false,פיקניק הפתעה 50 גרם,"הוסטה איטליה, ס.ר.ל.",IT,ממרח קקאו עם אגוזי לוז בתוספת מקלות אפויים והפתעה,גרמים,50.00,100 גרם,false,1,10.00,20.0000,true,1,45925
8033020445980,false,קמח לפסטה 1 pasta fr,PIVETTI,IT,"קמח לפסטה 1 pasta fresca ק""ג 00 PIVETTI",קילוגרמים,1.00,"ק""ג",false,1,11.90,11.9000,true,1,126259
8076800195057,false,פסטה ברילה ספגטיני מ,ברילה גי.אי.אר פרטלי,IT,ברילה ספגטי מס' 5 500 גרם,גרמים,500.00,100 גרם,false,1,9.90,1.9800,true,1,9875
8076802085738,false,פסטה ברילה פנה רגטה,ברילה גי.אי.אר פרטלי,IT,ברילה פסטה פתיתים -פנה רגטה 500 גרם,גרמים,500.00,100 גרם,false,1,9.90,1.9800,true,1,9881
8076802085981,false,פסטה ברילה פוזילי מס,ברילה גי.אי.אר פרטלי,IT,ברילה פסטה פתיתים פוזילי 500 גרם,גרמים,500.00,100 גרם,false,1,9.90,1.9800,true,1,9885
8076808060654,false,פסטה ברילה פרפלה מס,ברילה גי.אי.אר פרטלי,IT,ברילה פסטה פתיתים פרפלה 500 גרם,גרמים,500.00,100 גרם,false,1,9.90,1.9800,true,1,9888
8076808150072,false,ספגטי ברילה מס 7 500,ברילה גי.אי.אר פרטלי,IT,ברילה ספגטי מספר 7 500 גרם,גרמים,500.00,100 גרם,false,1,9.90,1.9800,true,1,9890
8076809513654,false,בסיס רוטב ברילה עגבנ,ברילה גי.אי.אר פרטלי,IT,ברילה רוטב בסיס לפסטה בולונז 400 גרם,גרמים,400.00,100 גרם,false,1,15.90,3.9750,true,1,21997
8076809513739,false,רוטב פסטה ברילה בזיל,ברילה גי.אי.אר פרטלי,IT,ברילה רוטב עגבניות עם בזיליקום לפסטה 400 גרם,גרמים,400.00,100 גרם,false,1,15.90,3.9750,true,1,35110
8076809523561,false,רוטב פסטה ברילה בטעם,ברילה גי.אי.אר פרטלי,IT,ברילה רוטב טוסקנה לפסטה 400 גרם,גרמים,400.00,100 גרם,false,1,15.90,3.9750,true,1,55390
8076809523738,false,לזניה ברילה,ברילה גי.אי.אר פרטלי,IT,500 גרם לזניה ברילה,גרמים,500.00,100 גרם,false,1,25.90,5.1800,true,1,14482
8232521301232,false,קונוס 40,,,קונוס 40,יחידה,1.00,יחידה,false,1,29.90,29.9000,false,1,122506
8358110076302,false,כוסות לחיים,"איטיליאן פוד, אס.פי.",IL,הנמל כוס לחיים 40 יח' 1oz,גרמים,0.00,100 גרם,false,1,10.90,0.0000,true,1,51359
8410076800633,false,קראנצי שיבולת שועל ו,ג'נרל מילס,,קראנצי שיבולת שועל ושוקולד מריר,גרמים,42.00,100 גרם,false,1,5.90,14.0476,true,1,104381
8410104039134,false,פיניש ניקוי וחידוש,רקיט בנקיזר,PL,"מנקה מדיח כלים פיניש 250 מ""ל",מיליליטרים,250.00,"100 מ""ל",false,1,22.80,9.1200,true,1,10220
8410104045111,false,פיניש מלח למדיח,מלח הארץ,IL,פיניש מלח למדיח כלים 2 קג,קילוגרמים,2.00,"ק""ג",false,1,16.90,8.4500,true,1,10222
8410793001757,false,בירה אסטרייה דאם בקב,"סי סי דאם, אס.אל, בר",ES,בירה אסטרייה דאם בקבוק  330 מל,מיליליטרים,330.00,"100 מ""ל",false,1,16.90,5.1212,true,1,131646
8411320382967,false,טונה צהובה בשמן זית,אורטיז,ES,טונה צהובה בשמן זית (צנצנת)220 גרם ORTIZ,גרמים,220.00,100 גרם,false,1,44.90,20.4091,true,1,126262
8423207206488,false,חטיף דגנים סלים דליס,ביסנצ'ורי אס.אל.יו,ES,חטיף דגנים סלים דליס שוקולד חלב 120  גרם,גרמים,120.00,100 גרם,false,1,14.90,12.4167,true,1,99466
8423207206495,false,חטיף דגנים סלים דליס,ביסנצ'ורי אס.אל.יו,ES,חטיף דגנים סלים דליס שוקולד מריר 120 גרם,גרמים,120.00,100 גרם,false,1,14.90,12.4167,true,1,99467
8423371000462,false,פיצוחים בפחית טו גו,SALTS OK,ES,סאליסול טו גו קוקטיל מיקס,גרמים,50.00,100 גרם,false,1,7.90,15.8000,true,1,123294
8423371000530,false,פיצוחים בפחית טו גו,SALTS OK,ES,סאליסול טו גו בוטנים עם מלח,גרמים,60.00,100 גרם,false,1,7.90,13.1667,true,1,123295
8423371000653,false,פיצוחים בפחית טו גו,SALTS OK,ES,סאליסול טו גו בוטנים עם דבש ומלח,גרמים,50.00,100 גרם,false,1,7.90,15.8000,true,1,123297
8423371005795,false,פיצוחים בפחית טו גו,SALTS OK,ES,סאליסול טו גו קאנטרי מיקס,גרמים,45.00,100 גרם,false,1,7.90,17.5556,true,1,123293
8434165466333,false,מיני קרקרים עגולים ק,קאויקיולי,ES,מיני קרקרים עגולים קואטרה 350 גרם,גרמים,350.00,100 גרם,false,1,10.90,3.1143,true,1,132097
8435495807605,false,תינוקלין מרכך כביסה,סארוהאן,TR,תינוקלין מרכך כביסה מרוכז 1 ליטר,ליטרים,1.00,ליטר,false,1,21.90,21.9000,true,1,124627
8595134503302,false,פילטר 6 ארוך,,,פילטר 6 ארוך,Unknown,0.00,Unknown,false,1,7.50,0.0000,false,1,119847
8595134503975,false,נייר בינוני כולל פיל,,,נייר בינוני כולל פילטר,לא מנהל יחידת מידה,0.00,לא מנהל יחידת מידה,false,1,7.50,0.0000,false,1,124466
8683130012666,false,מגנום דאבל לבן עוגיו,"מיוצר ע""י יונילוור ס",TR,מגנום   דאבל לבן עוגיות 74 גרם,גרמים,74.00,100 גרם,false,1,13.50,18.2432,true,1,131341
8690120060170,false,וופל נאמבר וואן מצופ,,TR,וופל נאמבר וואן מצופה שוק חלב 35 גרם,גרמים,35.00,100 גרם,false,1,3.90,11.1429,true,1,128367
8690120060408,false,נאמבר וואן ירוק 32גר,קוניאק גדוה,TR,נאמבר וואן ירוק 32גרם,גרמים,32.00,100 גרם,false,1,3.90,12.1875,true,1,130925
8690637007705,false,שלגון מסטיגם 80 גרם,"מיוצר ע""י יוניליוור",TR,שטראוס  שלגון גלידה מסטיגם בטעם וניל ומסטיק 80 גרם,גרמים,80.00,100 גרם,false,1,8.90,11.1250,true,1,119595
8690637842382,false,מגנום וניל פירות יער,"מיוצר ע""י יונילוור ס",TR,מגנום  שלגון דאבל פרי יער 76 גרם,גרמים,85.00,100 גרם,false,1,13.50,15.8824,true,1,115113
8690637858734,false,"אקונומיקה פנטסטיק ג""",יונילוור טורקיה,TR,"אקונומיקה פנטסטיק ג""ל 750 מ""ל",מיליליטרים,750.00,"100 מ""ל",false,1,13.20,1.7600,true,1,118659
8690637989612,false,מגנום מיני דאבל דולצ,יונילוור סנאיי וי טי,TR,מגנום מאגדת מיני מגנום דאבל דולצ'ה גולד 6 יחידות,גרמים,246.00,100 גרם,false,1,37.90,15.4065,true,1,128878
8690637989629,false,מגנום דאבל דולצה גול,יונילוור סנאיי וי טי,TR,מגנום שלגון מגנום דאבל דולצ'ה גולד 63 גרם,גרמים,63.00,100 גרם,false,1,13.50,21.4286,true,1,128493
8690637997914,false,מגנום כוס אישי שמנת,יונילוור סנאיי וי טי,TR,מגנום  גלידת שמנת וניל שקדים כוס אישית 57 גרם,גרמים,76.00,100 גרם,false,1,9.90,13.0263,true,1,129810
8690637997921,false,מגנום כוס אישי שמנת,יונילוור סנאיי וי טי,TR,מגנום גלידת שמנת וניל קלאסיק כוס אישית 63 גרם,גרמים,81.00,100 גרם,false,1,9.90,12.2222,true,1,129811
8691530924670,false,סירופ רימונים נטורסא,נטורסן,TR,סירופ רימונים,גרמים,345.00,100 גרם,false,1,22.90,6.6377,true,1,83002
8697418280333,false,שערות קדאיף 500 גרם,פרנסס און וה,TR,שערות קדאיף 500 גרם,גרמים,500.00,100 גרם,false,1,20.90,4.1800,true,1,99907
8697530910743,false,סיגריות פאל מל כחול,BAT,,סיגריות פאל מל כחול חפיסה בודד,יחידה,1.00,יחידה,false,1,31.40,31.4000,false,1,46641
8697530910750,false,סיגריות פאל מל כחול,BAT,,סיגריות פאל מל כחול ארוך חפיסה בודד,יחידה,0.00,יחידה,false,1,31.40,0.0000,false,1,46642
8697530910781,false,סיגריות פאל מל אדום,BAT,,סיגריות פאל מל אדום חפיסה בודד,יחידה,1.00,יחידה,false,1,31.40,31.4000,false,1,46643
8697530911276,false,סיגריות קנט קצר חפיס,BAT,,סיגריות קנט קצר חפיסה בודד,יחידה,1.00,יחידה,false,1,38.40,38.4000,false,1,47870
8710447320662,false,דאב דאודורנט ספריי א,"פרמול איטליה, קומון",IT,DOVE דאו ספריי 50 ML,מיליליטרים,150.00,"100 מ""ל",false,1,19.90,13.2667,true,1,125363
8710502064814,false,עוגיות שוקו ציפס רך,בנקטבקריי מרבה בי.וי,NL,מרבה עוגיות שוקולד צ'יפס במרקם רך 175 גרם,גרמים,225.00,100 גרם,false,1,12.90,5.7333,true,1,104594
8710502139017,false,עוגיות שוקולד ציפס ט,בנקטבקריי מרבה בי.וי,NL,עוגיות טריפל שוקולד ציפס מרבה 180 גרם,גרמים,180.00,100 גרם,false,1,12.90,7.1667,true,1,70073
8710502231018,false,מיני עוגיות מרבה ש צ,"מרבה בע""מ",NL,מיני עוגיות מרבה ש ציפס 175 גרם,גרמים,175.00,100 גרם,false,1,12.90,7.3714,true,1,128477
8710502405204,false,עוגיות שוקולד ציפס מ,"מרבה בע""מ",NL,מרבה עוגיות  ממולאות קרם שוקולד,גרמים,175.00,100 גרם,false,1,12.90,7.3714,true,1,81445
8710908404184,false,דאב דאודורנט ספריי א,"פרמול איטליה, קומון",IT,DOVE דאו ספריי 150 ML,מיליליטרים,150.00,"100 מ""ל",false,1,19.90,13.2667,true,1,125362
8711327475618,false,פיינט מגנום וניל קלא,"מפעל גלידות בווספרם,",HU,מגנום גלידת שמנת בטעם וניל 440 מל,גרמים,260.00,100 גרם,false,1,30.90,11.8846,true,1,127816
8712000050146,false,בירה הייניקן בקבוק 3,"מבשלת היינקן, ריטבלד",NL,"בירה היינקן 0.0 בקבוק 330 מ""ל",מיליליטרים,330.00,"100 מ""ל",false,1,9.90,3.0000,true,1,121710
8712000051099,false,בירה הייניקן שישייה,"מבשלת היינקן, ריטבלד",NL,היינקן בירה לאגר ללא אלכוהול מארז שישייה,ליטרים,1.98,ליטר,false,1,34.90,17.6263,true,1,121709
8714599512159,false,גייקובס מגורען 190 ג,"אל.אל.סי ""גייקובס דא",RU,גייקובס מגורען 190 גרם,גרמים,190.00,100 גרם,false,1,28.90,15.2105,true,1,131542
8714789177229,false,מברשת שיניים אקסטרא,קולגייט פלמוליב,CN,4 מברשות שיניים קולגייט אקסטרה קלין,יחידה,1.00,יחידה,false,1,18.90,18.9000,true,1,21573
8714789514505,false,פלמוליב ארומה סנסייש,הנסיך- מפעל לייצור ט,TR,500 מל סבון נוזלי פלמוליב so relaxed,מיליליטרים,250.00,"100 מ""ל",false,1,10.00,4.0000,true,1,126099
8715700419732,false,מתבל עגבניות היינץ 7,ה.י. היינץ,NL,היינץ מתבל עגבניות 700 גרם,גרמים,700.00,100 גרם,false,1,14.90,2.1286,true,1,96126
8717163647226,false,אקס ספריי גוף בלאק 1,ארנסט. רחוב קומבינצק,TR,אקס  דאודורנט ספריי גוף בלאק 150 מל,מיליליטרים,150.00,"100 מ""ל",false,1,13.90,9.2667,true,1,121952
8717644390566,false,סבון מוצק תמצית מלפפ,HIQ FOOD PRODUCTS,DE,סבון מוצק תמצית מלפפון דאב רביעייה,גרמים,400.00,100 גרם,false,1,18.90,4.7250,true,1,49449
8717677336616,false,שוקולד מריר עם שקדים,אלפרד ריטר,NL,טוניס' שוקולונלי - שוקולד מריר מעולה עם שקדים ומלח,גרמים,180.00,100 גרם,false,1,20.90,11.6111,true,1,131566
8717677336661,false,שוקולד מריר 70% 180,אלפרד ריטר,NL,טוניס' שוקולונלי - שוקולד מריר מעולה 70%,גרמים,180.00,100 גרם,false,1,20.90,11.6111,true,1,131565
8718114724485,false,מיונז הלמנס לחיץ 750,יוניליוור,GB,מיונז הלמנס לחיץ 750 גרם,גרמים,750.00,100 גרם,false,1,24.90,3.3200,true,1,133047
8718951124202,false,אגקס פיור הום 1.5 לי,קולגייט פלמוליב,GR,אג'קס נוזל לניקוי כללי ורצפות 1.5 ליטר,ליטרים,1.50,ליטר,false,1,20.70,13.8000,true,1,110482
8718951236790,false,משחת שיניים קולגייט,Colgate (Euro)-Palmo,PL,טוטל קלין,מיליליטרים,100.00,"100 מ""ל",false,1,19.90,19.9000,true,1,121236
8720181114489,false,ספריי אקס שחור 150 מ,יוניליוור,GB,"ספריי אקס שחור 150 מ""ל",מיליליטרים,150.00,"100 מ""ל",false,1,13.90,9.2667,true,1,131847
8720181114496,false,ספרי גוף אקס שוקולד,יוניליוור,GB,"ספרי גוף אקס שוקולד 150 מ""ל",מיליליטרים,150.00,"100 מ""ל",false,1,13.90,9.2667,true,1,131848
8720573127165,false,סט 4 כוסות מאג פורצל,,,סט 4 כוסות מאג פורצלן 90 מל,יחידה,1.00,יחידה,false,1,24.90,24.9000,true,1,132807
8802241132821,false,חטיף אצות 3 יח,"מאן גו'ן פוד בע""מ",,חטיף אצות 3 יח,גרמים,14.00,100 גרם,false,1,11.90,85.0000,true,1,116092
8850389103111,false,משקה סאפה אלוורה ענב,סאפה פובליק קומפני ל,TH,"סאפה אלוורה ענבים בקבוק 300 מ""ל",מיליליטרים,300.00,"100 מ""ל",false,1,10.90,3.6333,true,1,43289
8850389103128,false,משקה סאפה אלוורה תפו,סאפה פובליק קומפני ל,TH,"סאפה תפוח בקבוק 300 מ""ל 24 יח",מיליליטרים,300.00,"100 מ""ל",false,1,10.90,3.6333,true,1,43290
8850389103159,false,משקה ליצי עם חתיכות,סאפה פובליק קומפני ל,TH,מוגו מוגו ליצ'י עם חתיכות ג'לי קוקוס,מיליליטרים,320.00,"100 מ""ל",false,1,10.90,3.4063,true,1,130855
8850389104637,false,משקה סאפה אלוורה אפר,סאפה פובליק קומפני ל,TH,"סאפה אלוורה אפרסק בקבוק 300 מ""ל",מיליליטרים,300.00,"100 מ""ל",false,1,10.90,3.6333,true,1,60114
8850389105825,false,משקה סאפה אלוורה ענב,סאפה פובליק קומפני ל,TH,סאפה משקה אלוורה בטעם ענבים,ליטרים,1.00,ליטר,false,1,18.50,18.5000,true,1,68734
8850389105832,false,משקה סאפה אלוורה תפו,סאפה פובליק קומפני ל,TH,סאפה תפוח אלוורה בקבוק ליטר,ליטרים,1.00,ליטר,false,1,18.50,18.5000,true,1,71293
8850389105849,false,משקה סאפה אלוורה אפר,סאפה פובליק קומפני ל,TH,סאפה אפרסק אלוורה בקבוק ליטר,ליטרים,1.00,ליטר,false,1,18.50,18.5000,true,1,68735
8850389111352,false,מוגו מוגו ליצי 320 מ,סאפה פובליק קומפני ל,TH,מוגו מוגו מלון עם חתיכות ג'לי קוקוס,מיליליטרים,320.00,"100 מ""ל",false,1,10.90,3.4063,true,1,130856
8850389115312,false,משקה סאפה אלוורה מלו,סאפה פובליק קומפני ל,TH,"סאפה אלוורה מלון בקבוק 300 מ""ל",מיליליטרים,330.00,"100 מ""ל",false,1,10.90,3.3030,true,1,115684
8850389115336,false,משקה סאפה אלוורה מלו,סאפה פובליק קומפני ל,TH,סאפה משקה אלוורה בטעם מלון,ליטרים,1.00,ליטר,false,1,18.50,18.5000,true,1,115685
8850632604259,false,ממתק תות שדה בצורת מ,ג'נרל קנדי בעמ,TH,ממתק תות שדה בצורת מקלות יוגטה 50 גרם,גרמים,50.00,100 גרם,false,1,6.90,13.8000,true,1,65354
8850632604266,false,ממתק קולה בצורת מקלו,ג'נרל קנדי בעמ,TH,"יוגטה, ממתק חמוץ בצורת מקלות בטעם קולה, 50 גרם",גרמים,50.00,100 גרם,false,1,6.90,13.8000,true,1,65355
8850632604402,false,ממתק תות ענבים בצורת,"ג'נרל קנדי בע""מ",TH,ממתק תות ענבים בצורת שטיח יוגטה 50 גרם,גרמים,50.00,100 גרם,false,1,6.90,13.8000,true,1,65357
8850632606390,false,חיספוסים בטעם אבטיח,ג'נרל קנדי בעמ,TH,יוגטה חיספוסים בטעם אבטיח,גרמים,50.00,100 גרם,false,1,6.90,13.8000,true,1,90941
8901571011018,false,מברשת שיניים סנסודיי,הנקל,DE,מברשת שיניים סנסודיין שלישייה,יחידה,3.00,יחידה,false,1,13.90,4.6333,true,1,132096
8994692446296,false,קונוס 40 חום,,,קונוס 40 חום,יחידה,1.00,יחידה,false,1,29.90,29.9000,false,1,122507
8994692541038,false,קונוס לגלגול 3 יחידו,,,קונוס לגלגול 3 יחידות,Unknown,0.00,Unknown,false,1,8.90,0.0000,false,1,75855
9044400841000,false,סוכריות פז בליסטר,פז,HU,סוכריות פז בובה,גרמים,26.00,100 גרם,false,1,15.90,61.1538,true,1,11553
9044400851672,false,סוכריות פז בובה,פז,HU,סוכריות פז בובה,גרמים,26.00,100 גרם,false,1,15.90,61.1538,true,1,131545
9720188050109,false,טופוטי ממרח על בסיס,טופוטי ברנדס אינק.ג',IL,טופוטי - ממרח טופו בטעם גבינה - 225 גר,גרמים,225.00,100 גרם,false,1,24.90,11.0667,true,1,12011
