code,internal_code,name,manufacturer_name,manufacture_country,manufacturer_item_description,unit_qty,quantity,unit_of_measure,weighted,qty_in_package,price,unit_of_measure_price,allow_discount,status,item_id
1,true,אבוקדו,ביכורי השדה הצפון בעמ` 1964,,,"ק""ג",1,,true,1,14.90,14.90,false,1,
2,true,לוף,ביכורי השדה הצפון בעמ` 1964,,,"ק""ג",1,,true,1,14.90,14.90,false,1,
3,true,קישוא זוקיני,ביכורי השדה הצפון בעמ` 1964,,,"ק""ג",1,,true,1,12.90,12.90,false,1,
5,true,אבטיח,ביכורי השדה הצפון בעמ` 1964,,,"ק""ג",0,"ל-100 מ""ל",true,1,7.90,7.90,false,1,
6,true,קישואים,ביכורי השדה הצפון בעמ` 1964,,,"ק""ג",1,,true,1,7.90,7.90,false,1,
7,true,תירס ארוז,ביכורי השדה הצפון בעמ` 1964,,,"ק""ג",3.50,ל-100 גרם,true,1,9.90,2.83,false,1,
9,true,אשכולית אדומה,ביכורי השדה הצפון בעמ` 1964,,,"ק""ג",1,,true,1,7.90,7.90,false,1,
10,true,אגס,ביכורי השדה הצפון בעמ` 1964,,,"ק""ג",7.50,ל-100 גרם,true,1,12.90,1.72,false,1,
11,true,מנגו,ביכורי השדה הצפון בעמ` 1964,,,"ק""ג",1,,true,1,12.90,12.90,false,1,
13,true,"קסביה\תפו""א ירושלמי",ביכורי השדה הצפון בעמ` 1964,,,יח`,1,,true,1,14.90,14.90,false,1,
14,true,אנונה,ביכורי השדה הצפון בעמ` 1964,,,"ק""ג",1,,true,1,19.90,19.90,false,1,
17,true,תו זיכוי,,,,יח`,1,,false,1,4.90,4.90,false,1,
20,true,אננס,ביכורי השדה הצפון בעמ` 1964,,,יח`,1,,false,1,34.90,34.90,false,1,
21,true,פיטיה,ביכורי השדה הצפון בעמ` 1964,,,"ק""ג",1,,true,1,29.90,29.90,false,1,
22,true,גינגר,ביכורי השדה הצפון בעמ` 1964,,,יח`,1,,true,1,29.90,29.90,false,1,
25,true,צנון,ביכורי השדה הצפון בעמ` 1964,,,"ק""ג",1,,true,1,6.90,6.90,false,1,
30,true,אפרסמון,ביכורי השדה הצפון בעמ` 1964,,,"ק""ג",1,,true,1,14.90,14.90,false,1,
33,true,שקית,רזפול בע`מ,,,יח`,1,,false,1,0.10,0.10,false,1,
40,true,אשכולית צהובה,ביכורי השדה הצפון בעמ` 1964,,,"ק""ג",1,,true,1,6.90,6.90,false,1,
45,true,אפרסק,ביכורי השדה הצפון בעמ` 1964,,,"ק""ג",1,,true,1,12.90,12.90,false,1,
55,true,בננה,ביכורי השדה הצפון בעמ` 1964,,,"ק""ג",1,,true,1,9.90,9.90,false,1,
60,true,בצל יבש,ביכורי השדה הצפון בעמ` 1964,,,"ק""ג",1,,true,1,4.90,4.90,false,1,
61,true,בצל יבש סגול,ביכורי השדה הצפון בעמ` 1964,,,"ק""ג",1,,true,1,6.90,6.90,false,1,
62,true,ערמונים,ביכורי השדה הצפון בעמ` 1964,,,"ק""ג",1,,true,1,17.90,17.90,false,1,
66,true,חמוצים במעדניה שקיל,א.מ.ס.ש ניהול והשקעות בעמ`,,,"ק""ג",1,,true,1,49.90,49.90,false,1,
75,true,בטטה,ביכורי השדה הצפון בעמ` 1964,,,"ק""ג",1,,true,1,9.90,9.90,false,1,
85,true,גזר ארוז,ביכורי השדה הצפון בעמ` 1964,,,"ק""ג",1,,true,1,5.90,5.90,false,1,
95,true,דלעת,ביכורי השדה הצפון בעמ` 1964,,,"ק""ג",1,,true,1,10.90,10.90,false,1,
100,true,דלורית,ביכורי השדה הצפון בעמ` 1964,,,"ק""ג",1,,true,1,7.90,7.90,false,1,
111,true,פקדון בקבוק חוזר,טמפו משקאות בע`מ,,,יח`,1,,false,1,1.20,1.20,false,1,
112,true,חצילים,ביכורי השדה הצפון בעמ` 1964,,,"ק""ג",1,,true,1,7.90,7.90,false,1,
115,true,חסה ערבית,ביכורי השדה הצפון בעמ` 1964,,,יח`,1,,false,1,5.90,5.90,false,1,
117,true,חסה עגולה,ביכורי השדה הצפון בעמ` 1964,,,יח`,1,,false,1,6.90,6.90,false,1,
120,true,כרוב אדום,ביכורי השדה הצפון בעמ` 1964,,,"ק""ג",1,,true,1,5.90,5.90,false,1,
121,true,כרוב לבן,ביכורי השדה הצפון בעמ` 1964,,,"ק""ג",1,,true,1,4.90,4.90,false,1,
130,true,כרובית,ביכורי השדה הצפון בעמ` 1964,,,"ק""ג",1,,true,1,9.90,9.90,false,1,
135,true,לימון,ביכורי השדה הצפון בעמ` 1964,,,"ק""ג",1,,true,1,7.90,7.90,false,1,
138,true,ברוקולי ארוז,ביכורי השדה הצפון בעמ` 1964,,,יח`,1,,false,1,9.90,9.90,false,1,
150,true,מלון,ביכורי השדה הצפון בעמ` 1964,,,"ק""ג",1,,true,1,6.90,6.90,false,1,
151,true,דלעת יפנית,ביכורי השדה הצפון בעמ` 1964,,,"ק""ג",1,,true,1,8.90,8.90,false,1,
155,true,מלפפון,ביכורי השדה הצפון בעמ` 1964,,,"ק""ג",1,,true,1,5.90,5.90,false,1,
205,true,סלק אדום,ביכורי השדה הצפון בעמ` 1964,,,"ק""ג",1,,true,1,6.90,6.90,false,1,
215,true,עגבניות,ביכורי השדה הצפון בעמ` 1964,,,"ק""ג",0,"ק""ג",true,1,5.90,5.90,false,1,
217,true,שום טרי ירוק,ביכורי השדה הצפון בעמ` 1964,,,"ק""ג",1,,true,1,19.90,19.90,false,1,
222,true,פקדון בקבוק,החברה המרכזית להפצת משקאות בע`,,,יח`,1,,false,1,0.30,0.30,false,1,
230,true,פלפל שושקה,ביכורי השדה הצפון בעמ` 1964,,,"ק""ג",1,,true,1,14.90,14.90,false,1,
231,true,ענב שחור,ביכורי השדה הצפון בעמ` 1964,,,"ק""ג",10,ל-100 גרם,true,1,24.90,2.49,false,1,
245,true,פומלית,ביכורי השדה הצפון בעמ` 1964,,,"ק""ג",10,ל-100 גרם,true,1,6.90,0.69,false,1,
250,true,פומלה,ביכורי השדה הצפון בעמ` 1964,,,"ק""ג",1,,true,1,9.90,9.90,false,1,
269,true,עגבניה מגי,ביכורי השדה הצפון בעמ` 1964,,,יח`,1,,false,1,16.90,16.90,false,1,
285,true,פלפל אדום,ביכורי השדה הצפון בעמ` 1964,,,"ק""ג",1,,true,1,10.90,10.90,false,1,
290,true,פלפל ירוק כהה,ביכורי השדה הצפון בעמ` 1964,,,"ק""ג",1,,true,1,7.90,7.90,false,1,
295,true,פלפל צהוב,ביכורי השדה הצפון בעמ` 1964,,,"ק""ג",1,,true,1,9.90,9.90,false,1,
300,true,פלפל כתום,ביכורי השדה הצפון בעמ` 1964,,,"ק""ג",1,,true,1,9.90,9.90,false,1,
305,true,פלפל בהיר,ביכורי השדה הצפון בעמ` 1964,,,"ק""ג",1,,true,1,8.90,8.90,false,1,
310,true,פלפל חריף ירוק,ביכורי השדה הצפון בעמ` 1964,,,"ק""ג",1,,true,1,9.90,9.90,false,1,
333,true,פיקדון שישייה,יפאורה - שותפות מוגבלת לשיווק,,,יח`,0,יח`,false,1,1.80,1.80,false,1,
335,true,קולורבי,ביכורי השדה הצפון בעמ` 1964,,,"ק""ג",1,,true,1,9.90,9.90,false,1,
344,true,גזר בתפזורת,ביכורי השדה הצפון בעמ` 1964,,,"ק""ג",1,,true,1,6.90,6.90,false,1,
345,true,קיווי,ביכורי השדה הצפון בעמ` 1964,,,"ק""ג",1,,true,1,15.90,15.90,false,1,
360,true,קלמנטינה,ביכורי השדה הצפון בעמ` 1964,,,"ק""ג",1,,true,1,7.90,7.90,false,1,
365,true,רימון,ביכורי השדה הצפון בעמ` 1964,,,"ק""ג",1,,true,1,8.90,8.90,false,1,
374,true,פטריות שמפניון,ביכורי השדה הצפון בעמ` 1964,,,יח`,1,,false,1,9.90,9.90,false,1,
375,true,שום יבש,ביכורי השדה הצפון בעמ` 1964,,,יח`,1,,false,1,5.90,5.90,false,1,
380,true,שומר,ביכורי השדה הצפון בעמ` 1964,,,"ק""ג",1,,true,1,9.90,9.90,false,1,
395,true,שסק,ביכורי השדה הצפון בעמ` 1964,,,"ק""ג",0,"ק""ג",true,1,24.90,24.90,false,1,
396,true,אוכמניות,ביכורי השדה הצפון בעמ` 1964,,,"ק""ג",1,,false,1,13.90,13.90,true,1,
402,true,חציל בלדי,ביכורי השדה הצפון בעמ` 1964,,,"ק""ג",1,,true,1,8.90,8.90,false,1,
415,true,שזיף אדום,ביכורי השדה הצפון בעמ` 1964,,,"ק""ג",1,,true,1,19.90,19.90,false,1,
416,true,ארגז,החברה המרכזית להפצת משקאות בע`,,,יח`,1,,false,1,19.90,19.90,false,1,
417,true,שזיף ירוק,ביכורי השדה הצפון בעמ` 1964,,,"ק""ג",1,,true,1,19.90,19.90,false,1,
430,true,עגבניה שרי תפזורת מנומר,ביכורי השדה הצפון בעמ` 1964,,,"ק""ג",1,,true,1,19.90,19.90,false,1,
431,true,עגבניות שרי תמר תפזורת,ביכורי השדה הצפון בעמ` 1964,,,"ק""ג",1,,true,1,19.90,19.90,false,1,
434,true,תפוח עץ אנה,ביכורי השדה הצפון בעמ` 1964,,,"ק""ג",1,,true,1,9.90,9.90,false,1,
435,true,סלרי עלים,ביכורי השדה הצפון בעמ` 1964,,,יח`,1,,false,1,5.90,5.90,false,1,
443,true,תפוח עץ גלה,ביכורי השדה הצפון בעמ` 1964,,,"ק""ג",1,,true,1,10.90,10.90,false,1,
450,true,תפוזים,ביכורי השדה הצפון בעמ` 1964,,,"ק""ג",1,,true,1,6.90,6.90,false,1,
451,true,ת. עץ פינק קריספי,ביכורי השדה הצפון בעמ` 1964,,,"ק""ג",1,,true,1,16.90,16.90,false,1,
454,true,תפוז ברשת,ביכורי השדה הצפון בעמ` 1964,,,"ק""ג",1,,true,1,4.90,4.90,false,1,
466,true,בצל ירוק,ביכורי השדה הצפון בעמ` 1964,,,יח`,1,,false,1,5.90,5.90,false,1,
468,true,שורש פטרוזליה,ביכורי השדה הצפון בעמ` 1964,,,יח`,1,,false,1,4.90,4.90,false,1,
471,true,תפוח אדמה אדום ארוז,ביכורי השדה הצפון בעמ` 1964,,,"ק""ג",1,,true,1,5.90,5.90,false,1,
472,true,תפוח אדמה לבן,ביכורי השדה הצפון בעמ` 1964,,,"ק""ג",1,,true,1,5.90,5.90,false,1,
490,true,ת.עץ סמיט,ביכורי השדה הצפון בעמ` 1964,,,"ק""ג",1,,true,1,10.90,10.90,false,1,
491,true,ת.עץ זהוב,ביכורי השדה הצפון בעמ` 1964,,,"ק""ג",1,,true,1,10.90,10.90,false,1,
492,true,ת.עץ חרמון,ביכורי השדה הצפון בעמ` 1964,,,"ק""ג",1,,true,1,10.90,10.90,false,1,
494,true,תפוח-אדמה לבן בתפז`,ביכורי השדה הצפון בעמ` 1964,,,"ק""ג",1,,true,1,6.90,6.90,false,1,
496,true,תפוח-אדמה אדום בתפז`,ביכורי השדה הצפון בעמ` 1964,,,"ק""ג",1,,true,1,6.90,6.90,false,1,
503,true,אפרסמון קרמבו,ביכורי השדה הצפון בעמ` 1964,,,"ק""ג",10,ל-100 גרם,true,1,14.90,1.49,false,1,
510,true,כוסברה /שמיר/נענע/פטרוזליה,ביכורי השדה הצפון בעמ` 1964,,,יח`,1,,false,1,3.90,3.90,false,1,
511,true,כוסברה /שמיר/נענע/פטרוזליה,ביכורי השדה הצפון בעמ` 1964,,,יח`,1,,false,1,3.90,3.90,false,1,
527,true,כוסברה/שמיר/נענע/פטרוזליה,ביכורי השדה הצפון בעמ` 1964,,,יח`,1,,false,1,3.90,3.90,false,1,
555,true,פיקדון רביעייה,ברקת,,,יח`,1,,false,1,1.20,1.20,false,1,
580,true,חלה רגילה,מאפיית י.את א. ברמן בעמ,,,יח`,5,ל-100 גרם,false,1,4.90,0.98,false,1,
588,true,חלה מתוקה,אסול אוכל איכותי בעמ,,,יח`,5,ל-100 גרם,false,1,14.40,2.88,false,1,
666,true,פקדון 12 יח`,ארגמן מיחזור בקבוקים בעמ`,,,יח`,1,,false,1,3.60,3.60,false,1,
777,true,זיכוי אריזה,ברקת,,,יח`,1,,true,1,0.01,0.01,false,1,
818,true,שתיה קרה 1.5 ליטר,סימה,,,יח`,15,"ל-100 מ""ל",false,1,12,0.78,false,1,
819,true,בירה קרה,סימה,,,יח`,1,,false,1,12,12,false,1,
965,true,פטריות שמפניון תפ`,ביכורי השדה הצפון בעמ` 1964,,,"ק""ג",1,,true,1,35.90,35.90,false,1,
1010,true,פיקדון 30 אג`זיכוי לקוח,ברקת,,,יח`,1,,false,1,0.30,0.30,false,1,
1020,true,פיקדון 1.2 זיכוי לקוח,ברקת,,,יח`,1,,false,1,1.20,1.20,false,1,
1050,true,בזיליקום,ביכורי השדה הצפון בעמ` 1964,,,יח`,1,,false,1,9.90,9.90,false,1,
3343,true,משלוח,ברקת,,,יח`,1,,false,1,30,30,false,1,
3753,true,בקבוק מים קטן,ברקת,,,יח`,1,,false,1,3.90,3.90,false,1,
5001,true,סנדויץ עובד חלבי,ברקת,,,יח`,1,,false,1,5,5,false,1,
5002,true,סנדויץ עובד בשרי,ברקת,,,יח`,1,,false,1,5,5,false,1,
5760,true,מנצ`גו מחלב כבשים וילי[שק],ג. וילי-פוד אינטרנשיונל בע`מ,,,"ק""ג",10,ל-100 גרם,true,1,99,9.90,false,1,
5777,true,גבינת איבריקו וילי[שק`],ג. וילי-פוד אינטרנשיונל בע`מ,,,"ק""ג",10,ל-100 גרם,true,1,96.90,9.69,true,1,
6767,true,חלות מאפית ברקת,אסול אוכל איכותי בעמ,,,יח`,1,,false,1,11.10,11.10,true,1,
6770,true,לחם מחמצת,אסול אוכל איכותי בעמ,,,יח`,1,,false,1,17.90,17.90,true,1,
7979,true,לחמניה /ברקת,אסול אוכל איכותי בעמ,,,יח`,1,,false,1,3.60,3.60,true,1,
7986,true,בייגלה רומני/אמריקאי,אסול אוכל איכותי בעמ,,,יח`,1,,false,1,6.20,6.20,true,1,
7988,true,מאפים מתוקים/מלוחים[שק],אסול אוכל איכותי בעמ,,,"ק""ג",1,,true,1,47,47,false,1,
7989,true,לחמניית ג`בטה,אסול אוכל איכותי בעמ,,,יח`,1,,false,1,5.40,5.40,false,1,
7993,true,מארז 5 לחמניות,אסול אוכל איכותי בעמ,,,יח`,1,,false,1,14.40,14.40,false,1,
7994,true,מארז 5 פיתות כוסמין,אסול אוכל איכותי בעמ,,,יח`,1,ל-100 גרם,false,1,17.90,17.90,false,1,
7996,true,מארז 5 פיתות קמח מלא,אסול אוכל איכותי בעמ,,,יח`,1,,false,1,13.30,13.30,false,1,
7997,true,פוקצה אותנטית,אסול אוכל איכותי בעמ,,,יח`,1,,false,1,13,13,false,1,
7999,true,מארז 8 פיתות קמח לבן,אסול אוכל איכותי בעמ,,,יח`,1,,false,1,15.60,15.60,false,1,
8888,true,זיכוי אריזה דגים,ב.ס דוקטור דג בעמ,,,יח`,1,,true,1,0.01,0.01,false,1,
10013,true,בגט לבן ארוך,אסול אוכל איכותי בעמ,,,יח`,1,,false,1,6.20,6.20,true,1,
10016,true,חצי בגאט,אסול אוכל איכותי בעמ,,,יח`,1,,false,1,5,5,true,1,
11010,true,פרמזן רבעים וילי[שק],ג. וילי-פוד אינטרנשיונל בע`מ,,,"ק""ג",1,,true,1,110,110,false,1,
11229,true,בולגרית מעודנת 5% ו %16המושבה,מחלבת המושבה בעמ`,,,"ק""ג",10,ל-100 גרם,true,1,50,5,false,1,
11281,true,גבינה ברינזה צאן המושבה,מחלבת המושבה בעמ`,,,"ק""ג",1,,true,1,85,85,false,1,
23809,true,יין קלאסיק קברנה סובניון,טמפו משקאות בע`מ,,,יח`,7.50,"ל-100 מ""ל",false,1,31.90,4.21,true,1,
24523,true,מיץ ענבים תירוש של סגל 1 ליטר,טמפו משקאות בע`מ,,,יח`,10,"ל-100 מ""ל",false,1,14.90,1.46,false,1,
33117,true,גבינה בולגרית מעודנת 5%,מחלבת שומרון בעמ`,,,"ק""ג",1,,true,1,49,49,false,1,
33216,true,גבינה שמנת 30% השומרון[מעד],מחלבת שומרון בעמ`,,,"ק""ג",1,,true,1,40,40,false,1,
40974,true,חלב מפוסטר דל לקטוז 2%,תנובה חלב,,,יח`,10,"ל-100 מ""ל",false,1,6.90,0.69,false,1,
42442,true,חלב בקרטון 3% שומן+פקק,תנובה חלב,,,יח`,10,"ל-100 מ""ל",false,1,6.23,0.62,false,1,
43012,true,שוקו עמיד בקרטון תנובה 250 מל`,תנובה חלב,,,יח`,2.50,"ל-100 מ""ל",false,1,4.90,1.96,false,1,
43111,true,חמאה מפוסטרת 200 גרם,תנובה חלב,,,יח`,2,ל-100 גרם,false,1,7.90,3.95,false,1,
46327,true,גבינה צהובה גלבוע פרוס 200 גר`,תנובה חלב,,,יח`,2,ל-100 גרם,false,1,12.90,6.45,false,1,
47546,true,גבינת כנען 5% 500 גר`,תנובה חלב,,,יח`,5,ל-100 גרם,false,1,24.70,4.94,false,1,
50113,true,בגט רוסטיק,אסול אוכל איכותי בעמ,,,יח`,1,,false,1,9,9,true,1,
50447,true,יופלה תות 3%,תנובה חלב,,,יח`,5,"ל-100 מ""ל",false,1,13.70,2.74,false,1,
53219,true,חריץ העמק% [32 שק],תנובה חלב,,,"ק""ג",10,ל-100 גרם,true,1,57,5.70,false,1,
54990,true,מוצרלה במים גד,מחלבות גד בעמ`,,,"ק""ג",10,ל-100 גרם,true,1,92,9.20,false,1,
55893,true,חמאה משמנת מפוסטרת 200 גרם,תנובה חלב,,,יח`,2,ל-100 גרם,false,1,7.90,3.95,false,1,
56319,true,פיראוס בולגרית 24%,תנובה חלב,,,"ק""ג",1,,true,1,59,59,false,1,
56883,true,יופלה דיאט מארז 6+2,תנובה חלב,,,יח`,8,"ל-100 מ""ל",false,1,31,3.88,false,1,
57453,true,גבינה עמק חריץ 28%,תנובה חלב,,,"ק""ג",10,ל-100 גרם,true,1,44.70,4.47,false,1,
58580,true,גלידת קוקילידה 80 גר,נגה גלידות שותפות מוגבלת,,,יח`,0.80,ל-100 גרם,false,1,9.90,12.38,true,1,
58979,true,גיל טעם תות,תנובה חלב,,,יח`,1.25,"ל-100 מ""ל",false,1,1.50,1.20,false,1,
60460,true,מנה חמה מרק ט. עוף,קבוצת אסם סחר,,,יח`,0.60,ל-100 גרם,false,1,6.90,11.50,false,1,
60781,true,פסטה מסולסלים 500 גרם,קבוצת אסם סחר,,,יח`,5,ל-100 גרם,false,1,5.90,1.18,true,1,
60811,true,אקסטרים מטבע ענק שוקולד 120 גרם,נגה גלידות שותפות מוגבלת,,,יח`,1.20,ל-100 גרם,false,1,9.90,8.25,true,1,
60842,true,פרומנטי צדפות 500 גרם,קבוצת אסם סחר,,,יח`,5,ל-100 גרם,false,1,5.90,1.18,true,1,
60880,true,פסטה ספגטי 8 500 גרם,קבוצת אסם סחר,,,יח`,5,ל-100 גרם,false,1,5.90,1.18,true,1,
60958,true,איטריות בינוניות 400 גר`,קבוצת אסם סחר,,,יח`,4,ל-100 גרם,false,1,6.90,1.73,true,1,
61025,true,גבינה בולגרית 5% המושבה,מחלבת המושבה בעמ`,,,"ק""ג",10,ל-100 גרם,true,1,50,5,false,1,
61056,true,צפתית פרח 5%,מחלבת המושבה בעמ`,,,"ק""ג",10,ל-100 גרם,true,1,45,4.50,false,1,
61360,true,צפתית שום שמיר-קצח,מחלבת המושבה בעמ`,,,"ק""ג",10,ל-100 גרם,true,1,45,4.50,false,1,
61764,true,נסקפה רד מאג 200 גרם,קבוצת אסם סחר,,,יח`,2,ל-100 גרם,false,1,19.90,9.95,true,1,
65557,true,מנה חמה קוסקוס 84 גרם,קבוצת אסם סחר,,,יח`,8.40,ל-100 גרם,false,1,6.90,0.82,true,1,
66431,true,פופקו חטיף תירס 80 גרם,קבוצת אסם סחר,,,יח`,0.80,ל-100 גרם,false,1,3.90,4.88,true,1,
68343,true,פרכיות אורז,קבוצת אסם סחר,,,יח`,1.40,ל-100 גרם,false,1,7.90,5.64,false,1,
69364,true,פירכונים אורז,קבוצת אסם סחר,,,יח`,1.40,ל-100 גרם,false,1,7.90,5.64,false,1,
69715,true,חטיפי קרקר מלוח,קבוצת אסם סחר,,,יח`,3,ל-100 גרם,false,1,11.90,3.97,true,1,
70130,true,גבינת ברי צרפתית שקיל,ג. וילי-פוד אינטרנשיונל בע`מ,,,"ק""ג",10,ל-100 גרם,true,1,110,11,false,1,
70284,true,גבינת קשקבל חצי קשה 31%,ג. וילי-פוד אינטרנשיונל בע`מ,,,"ק""ג",1,,true,1,99,99,false,1,
70475,true,גבינה דנהבלו בשלה עם עובש 31%,ג. וילי-פוד אינטרנשיונל בע`מ,,,"ק""ג",1,"ק""ג",true,1,89.90,89.90,true,1,
71126,true,גאודה כמון מעד`,מחלבות גד בעמ`,,,"ק""ג",10,ל-100 גרם,true,1,106,10.60,false,1,
71188,true,גאודה עזים מעד`,מחלבות גד בעמ`,,,"ק""ג",10,ל-100 גרם,true,1,156,15.60,false,1,
72623,true,"קטשופ אסם 750 מ""ל",קבוצת אסם סחר,,,יח`,7.50,ל-100 גרם,false,1,11.90,1.59,true,1,
72753,true,טסטר ציויס 200 גרם,קבוצת אסם סחר,,,יח`,2,ל-100 גרם,false,1,29.90,14.95,false,1,
72968,true,סיני מיניס מפלצות 500 גר`,קבוצת אסם סחר,,,יח`,5,ל-100 גרם,false,1,19.90,3.98,true,1,
75906,true,גבינת עזים מעד`[וילי],ג. וילי-פוד אינטרנשיונל בע`מ,,,"ק""ג",10,ל-100 גרם,true,1,119,11.90,false,1,
78085,true,גבינת מוצרלה 21%,ג. וילי-פוד אינטרנשיונל בע`מ,,,"ק""ג",1,,true,1,62,62,false,1,
78931,true,גבינת RASTA חצי רכה [%20שק],ג. וילי-פוד אינטרנשיונל בע`מ,,,"ק""ג",10,ל-100 גרם,true,1,89.90,8.99,false,1,
79412,true,אמנטל חריץ 30% מעדניה,החברה המרכזית להפצה,,,"ק""ג",3,ל-100 גרם,true,1,64.90,21.63,false,1,
84295,true,גאודה חצי קשה וילי[שק],ג. וילי-פוד אינטרנשיונל בע`מ,,,"ק""ג",10,ל-100 גרם,true,1,30,3,false,1,
85141,true,בולגרית 16%,מחלבות גד בעמ`,,,"ק""ג",1,,true,1,59.90,59.90,false,1,
85166,true,גטניו פתי בר וניל 400 גר`,מ.ד אטיאס סוכנויות מזון בע`מ,,,יח`,4,ל-100 גרם,false,1,7.90,1.98,false,1,
85173,true,גטניו בר שוקו 400 גר`,מ.ד אטיאס סוכנויות מזון בע`מ,,,יח`,4,ל-100 גרם,false,1,7.90,1.98,false,1,
85196,true,רוקפור דניש בלו גד,מחלבות גד בעמ`,,,"ק""ג",10,ל-100 גרם,true,1,129,12.90,false,1,
85276,true,כנפיים עוף טבעי במגש משק ארצי,תדמיר עד הבית בעמ,,,"ק""ג",1,"ק""ג",true,1,14.90,14.90,false,1,
85424,true,גבינה בולגרית 5%,מחלבות גד בעמ`,,,"ק""ג",1,,true,1,59,59,false,1,
85455,true,בולגרית 24% במשקל,מחלבות גד בעמ`,,,"ק""ג",10,ל-100 גרם,true,1,60,6,false,1,
90355,true,גלעד קשקבל מעד`,תנובה חלב,,,"ק""ג",1,,true,1,115,115,false,1,
92667,true,בולגרית מסורתית קג`,מחלבות גד בעמ`,,,"ק""ג",10,ל-100 גרם,true,1,56.90,5.69,false,1,
92902,true,שמנת בטעמים ירק גד,מחלבות גד בעמ`,,,"ק""ג",10,ל-100 גרם,true,1,45,4.50,false,1,
100128,true,מיקס פירות קפואים,תנובה מרכז שיתופי לשיווק תוצרת,,,יח`,3,ל-100 גרם,false,1,16.90,5.63,true,1,
100135,true,מיקס פירות קפואים דובדבן 300 גר`,תנובה מרכז שיתופי לשיווק תוצרת,,,יח`,3,ל-100 גרם,false,1,17.90,5.97,true,1,
101927,true,אוכמניות כחולות מוקפא,תנובה מרכז שיתופי לשיווק תוצרת,,,יח`,3,ל-100 גרם,false,1,16.90,5.63,true,1,
101934,true,לקט פירות יער קפוא 300 גר`,תנובה מרכז שיתופי לשיווק תוצרת,,,יח`,3,ל-100 גרם,false,1,16.90,5.63,true,1,
101941,true,אננס מוקפא,תנובה מרכז שיתופי לשיווק תוצרת,,,יח`,3,ל-100 גרם,false,1,16.90,5.63,true,1,
101958,true,מנגו מוקפא סנפרוסט,תנובה מרכז שיתופי לשיווק תוצרת,,,יח`,3,ל-100 גרם,false,1,16.90,5.63,true,1,
104201,true,אפונה עדינה קפואה 600 גרם,תנובה מרכז שיתופי לשיווק תוצרת,,,יח`,6,ל-100 גרם,false,1,17.90,2.98,true,1,
111186,true,מיונז אמיתי תלמה 500 גרם,יוניליוור ישראל שיווק בע`מ,,,יח`,5,ל-100 גרם,false,1,9.90,1.98,false,1,
111353,true,מיונז צנצנת 1 קג`,יוניליוור ישראל שיווק בע`מ,,,יח`,10,ל-100 גרם,false,1,16.90,1.69,false,1,
112220,true,בארכה טחינה שומשום טהור 100% 500 גרם,קבוצת אסם סחר,,,יח`,5,ל-100 גרם,false,1,14.90,2.98,false,1,
116204,true,קנור מרק דגש זך בשקית 1 קג,יוניליוור ישראל שיווק בע`מ,,,יח`,10,ל-100 גרם,false,1,19.90,1.99,false,1,
118277,true,קניידל אבקה להכנת כופתאות מצה 130גר כש,יוניליוור ישראל שיווק בע`מ,,,יח`,1.30,ל-100 גרם,false,1,11.90,9.15,false,1,
120836,true,מיונז הלמנס אמיתי צנצנת 394 גרם,יוניליוור ישראל שיווק בע`מ,,,יח`,3.94,ל-100 גרם,false,1,11.90,3.02,false,1,
120874,true,מיונז הלמנס מופחת קלוריות 424 גרם,יוניליוור ישראל שיווק בע`מ,,,יח`,4.24,ל-100 גרם,false,1,11.90,2.81,false,1,
121031,true,גבינת החתול המחייך 14% 8יח 120 גרם,נטו מלינדה סחר בע`מ,,,יח`,1.20,ל-100 גרם,false,12,12.90,10.75,true,1,
124841,true,שוקולד חלב חלבי בד`צ 3*100 גר כשלפ,יוניליוור ישראל שיווק בע`מ,,,יח`,3,ל-100 גרם,false,1,14.90,4.97,false,1,
134109,true,כמון מזרחי,תבליני טעם וריח,,,יח`,1,,false,1,6.90,6.90,false,1,
134123,true,פלפל שחור טחון,תבליני טעם וריח,,,יח`,1,,false,1,7.90,7.90,false,1,
134147,true,מוסקט טחון,תבליני טעם וריח,,,יח`,1,,false,1,13.90,13.90,false,1,
134314,true,מיכל תבלין לפיצה,תבליני טעם וריח,,,יח`,1,,false,1,9.90,9.90,true,1,
134352,true,קינמון טחון,תבליני טעם וריח,,,יח`,1,,false,1,9.90,9.90,true,1,
134376,true,פפריקה בשמן,תבליני טעם וריח,,,יח`,1,,false,1,9.90,9.90,true,1,
134758,true,תיבול לתפו`א,תבליני טעם וריח,,,יח`,1,,false,1,9.90,9.90,true,1,
134826,true,זעתר מעורב,תבליני טעם וריח,,,יח`,1,,false,1,9.90,9.90,true,1,
134833,true,כמון טחון,תבליני טעם וריח,,,יח`,1,,false,1,9.90,9.90,true,1,
134840,true,כורכום טחון,תבליני טעם וריח,,,יח`,1,,false,1,9.90,9.90,true,1,
134864,true,פפריקה חריפה,תבליני טעם וריח,,,יח`,1,,false,1,9.90,9.90,true,1,
134871,true,פלפל שחור טחון,תבליני טעם וריח,,,יח`,1,,false,1,12.90,12.90,true,1,
134970,true,חוואי`ג במיכל 100 גרם,תבליני טעם וריח,,,יח`,1,,false,1,9.90,9.90,true,1,
134987,true,פלפל שחור גרוס,תבליני טעם וריח,,,יח`,1,,false,1,12.90,12.90,true,1,
135052,true,משקה אנרגיה XL מנגו מוגז פחית 250 מל,טמפו משקאות בע`מ,,,יח`,2.50,"ל-100 מ""ל",false,24,4.90,1.84,true,1,
135465,true,"מי סודה 500 מ""ל טמפו 12 יח`",טמפו משקאות בע`מ,,,יח`,52,"ל-100 מ""ל",false,1,33.20,0.57,true,1,
135595,true,פפסי מקס דובדבן 1.5 ליטר פיקדון,טמפו משקאות בע`מ,,,יח`,15,"ל-100 מ""ל",false,12,7.80,0.50,false,1,
139609,true,פצפוצי אורז מתוק 450 גר`,מ.ד אטיאס סוכנויות מזון בע`מ,,,יח`,4.50,ל-100 גרם,false,1,13.80,3.07,false,1,
144160,true,שמן זית כתית מעולה 750 מל עץ הזית מודג,סוגת,,,יח`,7.50,"ל-100 מ""ל",false,1,32.90,4.39,true,1,
144467,true,שמן חמניות בריאות 1 ליטר,סוגת,,,יח`,10,,false,1,16.90,1.69,false,1,
144474,true,שמן קנולה בריאות 1 ליטר,סוגת,,,יח`,10,"ל-100 מ""ל",false,1,16.90,1.69,false,1,
149851,true,סינטבון כפול 460 גרם,החב. הדרומית לשיווק,,,יח`,4.60,ל-100 גרם,false,1,12.90,2.80,false,1,
168173,true,ברנפלקס 375 גרם,יוניליוור ישראל שיווק בע`מ,,,יח`,3.75,ל-100 גרם,false,1,22.90,6.11,false,1,
176062,true,קפה טורקי שקית 100 גרם,שטראוס גרופ בע`מ,,,יח`,1,,false,1,8.90,8.90,false,1,
185224,true,סילאן לחיץ 650 גר`,תה ויסוצקי בע`מ,,,יח`,6.50,ל-100 גרם,false,1,15.90,2.45,true,1,
185330,true,סילאן טבעי 900 גר`,תה ויסוצקי בע`מ,,,יח`,9,ל-100 גרם,false,1,23.90,2.66,true,1,
187921,true,לילי נייר טואלט לבן קלאסי 32 גלילים,חוגלה קימברלי שיווק בע`מ,,,יח`,19.69,ל-100 גרם,false,1,39.90,2.03,false,1,
187938,true,לילי נייר טואלט פסטל 32 גלילים,חוגלה קימברלי שיווק בע`מ,,,יח`,19.69,ל-100 גרם,false,1,39.90,2.03,false,1,
187952,true,לילי נייר טואלט טריו 32 גלילים,חוגלה קימברלי שיווק בע`מ,,,יח`,17.88,ל-100 גרם,false,1,44.90,2.51,false,1,
189598,true,ניקול מטליות רב שימושיות 50 יח`,חוגלה קימברלי שיווק בע`מ,,,יח`,1,,false,12,10.90,10.90,true,1,
189659,true,ניקול מטליות לחות לרצפה,חוגלה קימברלי שיווק בע`מ,,,יח`,1,,false,12,10.90,10.90,true,1,
189734,true,מטליות לחות לניקוי פרקטים ניקול,חוגלה קימברלי שיווק בע`מ,,,יח`,1,,false,12,11.90,11.90,false,1,
190198,true,מטליות לניקוי וחיטוי חדרי שרותים ואמבט,חוגלה קימברלי שיווק בע`מ,,,יח`,1,,false,12,10.90,10.90,true,1,
191546,true,מגבונים צבעוני לילי שלישיות,חוגלה קימברלי שיווק בע`מ,,,יח`,4.20,ל-100 גרם,false,24,10.90,2.60,false,1,
192581,true,מגבת נייר גליל כפול,חוגלה קימברלי שיווק בע`מ,,,יח`,1,ל-100 גרם,false,1,19.90,19.90,false,1,
195216,true,נייר אפייה בשקית 50 יח`,חוגלה קימברלי שיווק בע`מ,,,יח`,1,,false,24,9.90,9.90,false,1,
197326,true,רדיד אלומיניום 30 סמ*7.5מ*2,חוגלה קימברלי שיווק בע`מ,,,יח`,1,,false,12,10.90,10.90,false,1,
197456,true,פרידום דריי שלב 4 44 יח`,חוגלה קימברלי שיווק בע`מ,,,יח`,1,יח`,false,4,43.90,43.90,false,1,
197753,true,ניקול ניילון נצמד אנטיבקט.30מ זוג,חוגלה קימברלי שיווק בע`מ,,,יח`,1,,false,12,10.90,10.90,false,1,
201795,true,מגבוני האגיס נטורל קר ללא בישום 56*3,חוגלה קימברלי שיווק בע`מ,,,יח`,1,יח`,false,1,16.90,16.90,false,1,
204086,true,כריות קירצוף ארוך 3 יח,חוגלה קימברלי שיווק בע`מ,,,יח`,1,,false,24,10.90,10.90,true,1,
204215,true,ניקול כרית יפנית אריזת 6יח,חוגלה קימברלי שיווק בע`מ,,,יח`,1,,false,24,10.90,10.90,true,1,
204253,true,מטליות ניקול יבש 9 יח`,חוגלה קימברלי שיווק בע`מ,,,יח`,1,,false,24,10.90,10.90,true,1,
204307,true,מטלית רב שימושית בגליל 40 יח,חוגלה קימברלי שיווק בע`מ,,,יח`,1,,false,12,20.90,20.90,false,1,
204512,true,ניקול מטליות לחות לרצפה ריח לימון,חוגלה קימברלי שיווק בע`מ,,,יח`,1,,false,12,10.90,10.90,true,1,
205762,true,האגיס אקסטרה קר מידה 3,חוגלה קימברלי שיווק בע`מ,,,יח`,1,יח`,false,1,44.90,44.90,false,1,
208312,true,גרעיני תירס מתוק בואקום 325 גרם,זנלכול יכין,,,יח`,3.25,ל-100 גרם,false,1,6.50,2,true,1,
208336,true,רסק עגבניות טרי 240 גרם,זנלכול יכין,,,יח`,2.60,ל-100 גרם,false,1,4.90,1.88,true,1,
209012,true,חומץ טבעי 1 ליטר,זנלכול יכין,,,יח`,10,"ל-100 מ""ל",false,1,6.90,0.69,true,1,
209043,true,מיץ לימון משומר 1 ליטר,זנלכול יכין,,,יח`,10,"ל-100 מ""ל",false,1,6.90,0.69,true,1,
209722,true,רסק עגבניות פריכוז 580 גרם,זנלכול יכין,,,יח`,5.80,ל-100 גרם,false,1,10.90,1.88,false,1,
209913,true,קוביות עגבניות 260 גרם,זנלכול יכין,,,יח`,2.60,ל-100 גרם,false,1,5.90,2.27,false,1,
209944,true,רוטב עגבניות לשקשוקה 240 גרם,זנלכול יכין,,,יח`,2.60,ל-100 גרם,false,1,5.90,2.27,true,1,
209951,true,רוטב עגבניות לפיצה 240 גרם,זנלכול יכין,,,יח`,2.60,ל-100 גרם,false,1,5.90,2.27,true,1,
211169,true,אורז תאילנדי אחד אחד 1 קג,סוגת,,,יח`,10,ל-100 גרם,false,1,6.90,0.69,true,1,
211503,true,סוכר סוגת לבן 1 ק`ג בשקית,סוגת,,,יח`,10,ל-100 גרם,false,1,4.90,0.49,false,1,
238173,true,בורקס גבינה 800 גרם קפוא,תנובה מרכז שיתופי לשיווק תוצרת,,,יח`,8,ל-100 גרם,false,14,19.90,2.49,false,1,
238180,true,בורקס תפו`א 800 גרם קפוא,תנובה מרכז שיתופי לשיווק תוצרת,,,יח`,8,ל-100 גרם,false,12,19.90,2.49,false,1,
245089,true,מרכך כביסה סוד סגול 4 ליטר,גורי שיווק,,,יח`,40,"ל-100 מ""ל",false,6,17.90,0.45,false,1,
245782,true,מרכך כביסה סוד ורוד 4 ליטר,גורי שיווק,,,יח`,40,"ל-100 מ""ל",false,6,17.90,0.45,false,1,
245799,true,מרכך כביסה סוד תכלת 4 ליטר,גורי שיווק,,,יח`,40,"ל-100 מ""ל",false,6,17.90,0.45,false,1,
272726,true,חומץ טבעי 1 ליטר עסיס 5% כל`פ,קבוצת אסם סחר,,,יח`,10,"ל-100 מ""ל",false,1,6.90,0.69,false,1,
283854,true,פילה מדומה טרי,בלדי בע`מ,,,"ק""ג",1,,true,1,59.90,59.90,true,1,
286549,true,מטלית לכל 9 יח רב שימושית,החב. הדרומית לשיווק,,,יח`,1,,false,24,10.90,10.90,false,1,
286907,true,סנו מסיר כתמים לניקוי יבש 170 מל,החב. הדרומית לשיווק,,,יח`,1.70,"ל-100 מ""ל",false,12,24.90,14.65,false,1,
287485,true,סבון אסלה סנובון צבעוני 3*55 גרם,החב. הדרומית לשיווק,,,יח`,1.65,ל-100 גרם,false,12,11.90,7.21,false,1,
288017,true,סנו JAVEL אקונומיקה בריח לימון 1 ליט,החב. הדרומית לשיווק,,,יח`,10,"ל-100 מ""ל",false,12,8.90,0.89,false,1,
288048,true,סנו Javel קצף ניקוי מונטבלאן 1 ליטר,החב. הדרומית לשיווק,,,יח`,10,"ל-100 מ""ל",false,12,18.90,1.89,true,1,
288079,true,סנו ג`אוול אקונומיקה בריח לימון 2 ליטר,החב. הדרומית לשיווק,,,יח`,2,לליטר,false,1,10.90,5.45,false,1,
288352,true,קוטל חרקים K300 סנו מיכל 630 סמ`ק,החב. הדרומית לשיווק,,,יח`,6.30,"ל-100 מ""ל",false,12,21.90,3.48,false,1,
288390,true,להגנה מפני עש K600 סנו מיכל 475 מ``ל,החב. הדרומית לשיווק,,,יח`,5,"ל-100 מ""ל",false,12,21.90,4.38,false,1,
288642,true,מרכך כביסה סנו מקסימה סנסיטיב ורוד 4 ל,החב. הדרומית לשיווק,,,יח`,40,"ל-100 מ""ל",false,6,21.90,0.55,false,1,
288840,true,מים מזוקקים,החב. הדרומית לשיווק,,,יח`,2,"ל-100 מ""ל",false,1,15.90,7.95,false,1,
289069,true,סנו Javel קצף ניקוי לימון 1 ליטר,החב. הדרומית לשיווק,,,יח`,10,"ל-100 מ""ל",false,12,18.90,1.89,true,1,
289380,true,סנו גאוול ג`ל לימון 750 מל`,החב. הדרומית לשיווק,,,יח`,7.50,"ל-100 מ""ל",false,12,10.90,1.45,false,1,
289601,true,סנו ג`אוול אקונומיקה בריח לוונדר 2 ליטר,החב. הדרומית לשיווק,,,יח`,20,"ל-100 מ""ל",false,8,10.90,0.55,false,1,
289748,true,סנו פורטה פלוס לתנורים 750 מ``ל,החב. הדרומית לשיווק,,,יח`,7.50,"ל-100 מ""ל",false,12,14.90,1.99,true,1,
289892,true,מטהר אויר סנופרש יבש מאונטן 375 מ``ל,החב. הדרומית לשיווק,,,יח`,3.75,"ל-100 מ""ל",false,1,10.90,2.91,false,1,
289915,true,מטהר אויר סנופרש יבש סאן סט 375 מ``ל,החב. הדרומית לשיווק,,,יח`,3.75,"ל-100 מ""ל",false,12,10.90,2.91,false,1,
290409,true,עמק חריץ 28% צהובה,תנובה חלב,,,"ק""ג",10,ל-100 גרם,true,1,44.70,4.47,false,1,
290416,true,גלבוע 22% צהובה,תנובה חלב,,,"ק""ג",4,לליטר,true,1,40.59,10.15,false,1,
290713,true,גבינה צהובה מגורדת,החברה המרכזית להפצה,,,"ק""ג",1,,true,1,40,40,false,1,
292007,true,K3 פיתיון ג`ל קוטל נמלים 12 גר,החב. הדרומית לשיווק,,,יח`,0.12,ל-100 גרם,false,1,49.90,415.83,false,1,
292564,true,אינסקטל K2000 סנו נגד חרקים 750 סמ``,החב. הדרומית לשיווק,,,יח`,7.50,"ל-100 מ""ל",false,12,29.90,3.99,false,1,
292915,true,סנו רסס ונגב אקדח 750 מל,החב. הדרומית לשיווק,,,יח`,7.50,"ל-100 מ""ל",false,12,12.90,1.72,true,1,
293073,true,מרכך כביסה סנו מקסימה ביו לבן 4 ליטר,החב. הדרומית לשיווק,,,יח`,40,"ל-100 מ""ל",false,6,21.90,0.55,false,1,
293561,true,סנו מסיר עובש+ אקדח 750 מ``ל,החב. הדרומית לשיווק,,,יח`,7.50,"ל-100 מ""ל",false,1,14.90,1.99,false,1,
295367,true,סנו מקסימה אפקט 2.5,החב. הדרומית לשיווק,,,יח`,25,ל-100 גרם,false,6,24.90,1,false,1,
295404,true,רב שקית סושי אשפה בנילון 60 יח 50*70,החב. הדרומית לשיווק,,,יח`,1,,false,12,24.90,24.90,false,1,
295503,true,סנו סושי צמד שקיות אוכל קרטון2*150,החב. הדרומית לשיווק,,,יח`,1,,false,15,14.90,14.90,false,1,
295541,true,סנו רב מגבת ג`מבו 75 דפים,החב. הדרומית לשיווק,,,יח`,3.90,ל-100 גרם,false,1,20.90,5.36,false,1,
295558,true,סנו סושי רדיד אלומיניום צמד 0.30*7.5,החב. הדרומית לשיווק,,,יח`,1,,false,12,11.90,11.90,false,1,
295565,true,סנו רדידי אלומיניום צמד 0.45*7.5,החב. הדרומית לשיווק,,,יח`,1,,false,12,16.90,16.90,false,1,
305479,true,טונה יונה בהירה במים 160 גרם,דיפלומט מפיצים (1968) בע`מ,,,יח`,1.60,ל-100 גרם,false,1,6.90,4.31,false,1,
307220,true,גרעיני תירס מתוק גלילי 340 גרם בדץ,ויטה פרי גליל (החדשה) בע`מ,,,יח`,3.40,ל-100 גרם,false,1,5.90,1.74,true,1,
313290,true,נודלס אטריות מסולסלות להקפצה 200 גרם,קבוצת אסם סחר,,,יח`,2,ל-100 גרם,false,1,9.90,4.95,false,1,
318127,true,נקניקיות ביס 380 גרם שקית,מעדני יחיעם ( 1993 ) בע`מ,,,יח`,3.80,ל-100 גרם,false,1,11.70,3.08,false,1,
318349,true,פסטרמה מעדן הודו מעדניה,מעדני יחיעם ( 1993 ) בע`מ,,,"ק""ג",10,ל-100 גרם,true,1,79,7.90,true,1,
318677,true,סלמי סרוולט 150 גרם,מעדני יחיעם ( 1993 ) בע`מ,,,יח`,1.50,ל-100 גרם,false,1,24.90,16.60,true,1,
319063,true,כתף בקר מפולפל 150 גרם,מעדני יחיעם ( 1993 ) בע`מ,,,יח`,1.50,ל-100 גרם,false,1,24.90,16.60,true,1,
319131,true,נקניקיות עוף 400 גרם,מעדני יחיעם ( 1993 ) בע`מ,,,יח`,4,ל-100 גרם,false,1,11.70,2.93,true,1,
319520,true,סלמי צרפתי 100 גרם,מעדני יחיעם ( 1993 ) בע`מ,,,יח`,1,ל-100 גרם,false,1,21.90,21.90,false,1,
353241,true,בולגרית 5% מעודנת,תנובה חלב,,,"ק""ג",10,ל-100 גרם,true,1,44.90,4.49,false,1,
355481,true,רסק עגבניות 570 גרם,ויטה פרי גליל (החדשה) בע`מ,,,יח`,5.70,ל-100 גרם,false,1,5.90,1.04,false,1,
355498,true,רכז עגבניות %28 TOMATO פחית 580 גרם,ויטה פרי גליל (החדשה) בע`מ,,,יח`,5.80,ל-100 גרם,false,1,6.90,1.19,false,1,
363233,true,קבנוס 100 גר`,תנובה מרכז שיתופי לשיווק תוצרת,,,יח`,1,ל-100 גרם,false,1,12.90,12.90,false,1,
363899,true,נקניקיות פיקנטיות 400 גרם,תנובה מרכז שיתופי לשיווק תוצרת,,,יח`,4,ל-100 גרם,false,1,13.90,3.48,false,1,
364803,true,נקניקיות אמרקאיות מבשר בקר 500 גרם,תנובה מרכז שיתופי לשיווק תוצרת,,,יח`,5,ל-100 גרם,false,1,27.90,5.58,false,1,
364810,true,נקניקיות מבשר עגל 500 גרם,תנובה מרכז שיתופי לשיווק תוצרת,,,יח`,5,ל-100 גרם,false,1,27.90,5.58,false,1,
364858,true,נקניקיות עוף 1קג`,תנובה מרכז שיתופי לשיווק תוצרת,,,יח`,10,ל-100 גרם,false,1,29.90,2.99,true,1,
364872,true,נקניקיות עוף 400 גרם,תנובה מרכז שיתופי לשיווק תוצרת,,,יח`,4,ל-100 גרם,false,1,12.90,3.23,false,1,
408316,true,דנונה טבעי 3%,שטראוס גרופ בע`מ,,,יח`,2,"ל-100 מ""ל",false,24,3.70,1.85,false,1,
416021,true,ממרח שוקולד השחר 500 גרם,השחר העולה בעמ,,,יח`,5,ל-100 גרם,false,1,13.90,2.78,false,1,
416045,true,"ממרח שוקולד השחר דלי 1 ק""ג",השחר העולה בעמ,,,יח`,1,,false,1,24.90,24.90,false,1,
416809,true,ממרח שוקולד השחר חצי חצי 350 גר`,השחר העולה בעמ,,,יח`,3.50,ל-100 גרם,false,1,10.90,3.11,false,1,
416922,true,ממרח שוקולד השחר חלב 350 גר`,השחר העולה בעמ,,,יח`,3.50,ל-100 גרם,false,1,10.90,3.11,false,1,
419107,true,קפה לנדוור טורקי 100 גרם,ש. שסטוביץ בע`מ,,,יח`,1,,false,1,7.90,7.90,false,1,
419220,true,קפה לנדוור טורקי 3*100 גרם,ש. שסטוביץ בע`מ,,,יח`,3,ל-100 גרם,false,1,19.90,6.63,false,1,
419374,true,קפה לנדוור טורקי 3*100 גרם בד`צ,ש. שסטוביץ בע`מ,,,יח`,3,למארז,false,1,19.90,6.63,false,1,
419893,true,קפה שחור טחון טרי לבוקר 100 גרם,ש. שסטוביץ בע`מ,,,יח`,1.20,ל-100 גרם,false,1,7.90,6.58,false,1,
430102,true,קוביות קרח,"אייס (קיובס) בע""מ",,,יח`,1,,false,1,9.90,9.90,false,1,
446523,true,חמאת בוטנים 350 גר`,מ.ד אטיאס סוכנויות מזון בע`מ,,,יח`,3.50,ל-100 גרם,false,1,13.90,3.97,false,1,
446547,true,חמאת בוטנים טבעית 350 גרם,מ.ד אטיאס סוכנויות מזון בע`מ,,,יח`,3.50,ל-100 גרם,false,1,13.90,3.97,false,1,
450759,true,גולש עגל טרי,באסם דבאח בעמ,,,"ק""ג",1,,true,1,59.90,59.90,false,1,
453408,true,בצק פיצה דק ומצונן מוכן לאפייה שמרית,שטראוס גרופ בע`מ,,,יח`,3,ל-100 גרם,false,1,15.90,5.30,false,1,
453415,true,בצק עלים מצונן ומוכן לאפייה שמרית300ג,שטראוס גרופ בע`מ,,,יח`,3,ל-100 גרם,false,1,14.90,4.97,false,1,
453422,true,בצק פילו מוכן לאפייה שמרית 300 גרם,שטראוס גרופ בע`מ,,,יח`,3,ל-100 גרם,false,1,14.90,4.97,false,1,
453781,true,שמרים יבשים 125 גרם שמרית,שטראוס גרופ בע`מ,,,יח`,1.25,ל-100 גרם,false,12,5.90,4.72,false,1,
453866,true,נטורינה קוקוס 200 לאפייה ובישול גר`,שטראוס גרופ בע`מ,,,יח`,2,ל-100 גרם,false,40,7.90,3.95,false,1,
466620,true,סקנדינבית דליקטס 31%,תנובה חלב,,,"ק""ג",10,ל-100 גרם,true,1,71,7.10,false,1,
467320,true,חומוס אבו מרוואן צבר 400 גרם,קבוצת אסם סחר,,,יח`,4,ל-100 גרם,false,1,14.90,3.73,false,1,
467511,true,"ביסלי ברביקיו 55 גרם כשל""פ",קבוצת אסם סחר,,,יח`,0.55,ל-100 גרם,false,1,3.90,7.09,true,1,
467887,true,"ביסלי פיצה 55 גרם כשל""פ",קבוצת אסם סחר,,,יח`,0.55,ל-100 גרם,false,1,3.90,7.09,true,1,
468747,true,ביסלי גריל 55 גר`,קבוצת אסם סחר,,,יח`,0.55,ל-100 גרם,false,1,3.90,7.09,true,1,
468877,true,ביסלי בצל 55 גר`,קבוצת אסם סחר,,,יח`,0.55,ל-100 גרם,false,1,3.90,7.09,true,1,
474373,true,שמנת חמוצה מפוסטרת לבן ולעניין 200 מ,החברה המרכזית להפצה,,,יח`,2,"ל-100 מ""ל",false,1,2.40,1.20,false,1,
474502,true,גבינה לבנה 5% 250 גרם,החברה המרכזית להפצה,,,יח`,2.50,ל-100 גרם,false,1,4.98,1.99,false,1,
480107,true,קוואקר ש.שועל פחית 500 גרם,שטראוס פריטו ליי בע`מ,,,יח`,5,ל-100 גרם,false,1,13.90,2.78,false,1,
484747,true,ארק עלית 40% 700 מ`ל עם פקק ייחודי,מ.ד אטיאס סוכנויות מזון בע`מ,,,יח`,7,"ל-100 מ""ל",false,1,59.90,8.51,false,1,
490762,true,גלידל שוקו 8 יח`,פלקו בעמ חברה ישראלית,,,יח`,1,ל-100 גרם,false,1,29.90,29.90,false,1,
493183,true,רוטב פטריות שקית 30 גרם כשלפ,קבוצת אסם סחר,,,יח`,0.30,ל-100 גרם,false,1,4.20,14,false,1,
497044,true,לחם ברמן אקטיב 750 גר`,מאפיית י.את א. ברמן בעמ,,,יח`,7.50,ל-100 גרם,false,1,16.90,2.25,true,1,
497112,true,לחם אחיד פרוס ברמן 750 גר`,מאפיית י.את א. ברמן בעמ,,,יח`,7.50,ל-100 גרם,false,1,7.11,0.95,false,1,
497198,true,ברמן פיתות אסלי 10יח`,מאפיית י.את א. ברמן בעמ,,,יח`,1,ל-100 גרם,false,1,11.90,11.90,false,1,
497204,true,ברמן פיתות אסלי 5יח`,מאפיית י.את א. ברמן בעמ,,,יח`,1,ל-100 גרם,false,1,6.90,6.90,false,1,
497228,true,לחמניות 6 בשקית,מאפיית י.את א. ברמן בעמ,,,יח`,1,ל-100 גרם,false,1,10.90,10.90,false,1,
497303,true,לחמניות מקמח מלא 6 בשקית,מאפיית י.את א. ברמן בעמ,,,יח`,1,ל-100 גרם,false,1,12.90,12.90,false,1,
497358,true,חלומית ארוזה ברמן 500 גר`,מאפיית י.את א. ברמן בעמ,,,יח`,5,ל-100 גרם,false,1,11.90,2.38,false,1,
497426,true,ברמן לענין פלוס 500 גר`,מאפיית י.את א. ברמן בעמ,,,יח`,5,ל-100 גרם,false,1,15.90,3.18,false,1,
497532,true,ברמן לעניין 750 גר`,מאפיית י.את א. ברמן בעמ,,,יח`,7.50,ל-100 גרם,false,1,15.90,2.12,false,1,
497570,true,לחם דגנים פלוס ברמן 500 גר`,מאפיית י.את א. ברמן בעמ,,,יח`,5,ל-100 גרם,false,1,15.90,3.18,false,1,
498034,true,לחם מקמח כוסמין E-FREE,מאפיית י.את א. ברמן בעמ,,,יח`,1,ל-100 גרם,false,1,16.90,16.90,false,1,
498256,true,לחמניות מדברות 10 בשקית,מאפיית י.את א. ברמן בעמ,,,יח`,1,ל-100 גרם,false,1,12.90,12.90,false,1,
498355,true,לחם אחיד ברמן 750 גר`,מאפיית י.את א. ברמן בעמ,,,יח`,7.50,ל-100 גרם,false,1,5.12,0.68,false,1,
518190,true,מתוק וקל סטיביה 100 שקיות,מתוק וקל בע`מ,,,יח`,10,ל-100 גרם,false,1,26.90,2.69,false,1,
518220,true,סוכרה דיאט 100 שקיות 80 גרם,מתוק וקל בע`מ,,,יח`,1,,false,1,26.90,26.90,false,1,
518336,true,MOOOSH צמר גפן מתוק מסיבים תזונתיים 10,מתוק וקל בע`מ,,,יח`,0,ל-100 גרם,false,1,4.90,4.90,false,1,
523125,true,מלח הארץ יבש 250 גרם,סוגת,,,יח`,2.50,ל-100 גרם,false,1,5.50,2.20,false,1,
523224,true,מלח הארץ שולחן מעולה 500 גרם,סוגת,,,יח`,5,ל-100 גרם,false,1,7.90,1.58,false,1,
530598,true,נקניקיות עוף ויינר טרי 500 גרם,נקניק זוגלובק נהריה,,,יח`,5,ל-100 גרם,false,1,14.90,2.98,true,1,
530604,true,נקניקיות גוליבר חריפות טרי 400 גרם,נקניק זוגלובק נהריה,,,יח`,5,ל-100 גרם,false,1,13.90,2.78,true,1,
536316,true,שניצל מן הצומח 1 ק``ג,נקניק זוגלובק נהריה,,,יח`,10,ל-100 גרם,false,9,29.90,2.99,false,1,
536781,true,קבב מן הצומח 1 ק``ג קפוא,נקניק זוגלובק נהריה,,,יח`,10,ל-100 גרם,false,1,29.90,2.99,false,1,
537566,true,נקניקיות עוף טרי 400 גר`,נקניק זוגלובק נהריה,,,יח`,4,ל-100 גרם,false,1,13.90,3.48,true,1,
554006,true,קשקבל משולש גד משק,מחלבות גד בעמ`,,,"ק""ג",10,ל-100 גרם,true,1,124,12.40,false,1,
554402,true,מעדן מלבי חלבי 160 גרם,מחלבות גד בעמ`,,,יח`,1.60,"ל-100 מ""ל",false,1,5.90,3.69,true,1,
554457,true,גבינה צפתית %5 שומן 350 גרם,מחלבות גד בעמ`,,,יח`,3.50,ל-100 גרם,false,1,19.90,5.69,false,1,
554532,true,גבינה צפתית מעודנת 5% 200 גרם,מחלבות גד בעמ`,,,יח`,2,ל-100 גרם,false,1,14.90,7.45,false,1,
554600,true,גבינת מוצרלה מגורדת 22% 300 גרם,מחלבות גד בעמ`,,,יח`,3,ל-100 גרם,false,1,24.90,8.30,false,1,
554624,true,מעדן ירח מתוק %3 150 מל,מחלבות גד בעמ`,,,יח`,1.50,"ל-100 מ""ל",false,1,5.90,3.93,true,1,
554686,true,גבינה לאבנה עם זעתר ושמן זית 250 גרם,מחלבות גד בעמ`,,,יח`,2.50,ל-100 גרם,false,1,13.90,5.56,false,1,
554792,true,בולגרית דלי 5% גד,מחלבות גד בעמ`,,,"ק""ג",10,ל-100 גרם,true,1,57,5.70,false,1,
554815,true,נקניק מוצרלה טיבעי גד,מחלבות גד בעמ`,,,"ק""ג",10,ל-100 גרם,true,1,83,8.30,false,1,
554822,true,גבינת ריקוטה 5% 250 גרם,מחלבות גד בעמ`,,,יח`,2.50,ל-100 גרם,false,1,13.90,5.56,true,1,
554839,true,גבינה מוקצפת מסקרפונה %38 250 גרם,מחלבות גד בעמ`,,,יח`,2.50,ל-100 גרם,false,1,19.90,7.96,false,1,
554976,true,שמנת בטעמים גד שק`,מחלבות גד בעמ`,,,"ק""ג",10,ל-100 גרם,true,1,45,4.50,false,1,
561097,true,תערובת פיצוחים מובחרת 150 גרם,בוטנת בעמ חברה לקלייה ואריזת פ,,,יח`,1.50,ל-100 גרם,false,1,14.90,9.93,false,1,
561141,true,מיקס אגוזים טבעי,בוטנת בעמ חברה לקלייה ואריזת פ,,,יח`,1.50,ל-100 גרם,false,1,19.90,13.27,false,1,
561158,true,תערובת אגוזים וחמוציות 150 גרם,בוטנת בעמ חברה לקלייה ואריזת פ,,,יח`,1.50,ל-100 גרם,false,1,11.90,7.93,true,1,
561189,true,חמוציות 200 גר` שקית,בוטנת בעמ חברה לקלייה ואריזת פ,,,יח`,2,ל-100 גרם,false,1,12.90,6.45,false,1,
561769,true,שקד מולבן פרוס 100 גר`,בוטנת בעמ חברה לקלייה ואריזת פ,,,יח`,2.50,ל-100 גרם,false,1,11.90,4.76,false,1,
561929,true,אגוז לוז טבעי 250 גר`,בוטנת בעמ חברה לקלייה ואריזת פ,,,יח`,2.50,ל-100 גרם,false,1,15.90,6.36,false,1,
561936,true,צימוק כהה 200 גר`,בוטנת בעמ חברה לקלייה ואריזת פ,,,יח`,2,ל-100 גרם,false,1,8.50,4.25,false,1,
571478,true,גבינה תום עיזים פרוס 200 גר`,מחלבות גד בעמ`,,,יח`,1.50,ל-100 גרם,false,1,34.90,23.27,false,1,
572628,true,חלבה שומשום לייט 11*25 גרם בד`,אחדות ביתחרושת לטחינה חלבה,,,יח`,2.75,ל-100 גרם,false,1,11.90,4.33,false,1,
572673,true,חלבה וניל קקאו ואגוזים 12*25 ג`בד``,אחדות ביתחרושת לטחינה חלבה,,,יח`,3,ל-100 גרם,false,1,11.90,3.97,false,1,
572819,true,"טחינה שומשום טהור 100% 1 ק""ג",אחדות ביתחרושת לטחינה חלבה,,,יח`,10,ל-100 גרם,false,1,20.90,2.09,true,1,
599144,true,מטליות שייני סחבות לרצפה זוג,מ.א. יצור ויבוא מטליות בעמ`,,,יח`,1,,false,1,6.90,6.90,false,1,
599977,true,9 כריות יפניות שייני,מ.א. יצור ויבוא מטליות בעמ`,,,יח`,1,,false,1,9.90,9.90,false,1,
644783,true,סלמון מנות קפוא,תנובה מרכז שיתופי לשיווק תוצרת,,,"ק""ג",1,ל-100 גרם,true,1,84.90,84.90,false,1,
659312,true,פילה סלמון קפוא,תנובה מרכז שיתופי לשיווק תוצרת,,,"ק""ג",1,ל-100 גרם,true,1,74.90,74.90,false,1,
688374,true,מי עדן בייבי 6*330,יפאורה - שותפות מוגבלת לשיווק,,,יח`,15,"ל-100 מ""ל",false,1,14.90,0.87,false,1,
688381,true,מי עדן שקט 0.5 ליטר*6 יח` להחזרה,יפאורה - שותפות מוגבלת לשיווק,,,יח`,30,"ל-100 מ""ל",false,1,12.90,0.37,true,1,
688503,true,מי עדן GYM בקבוק 6*750 מל פיקדון,יפאורה - שותפות מוגבלת לשיווק,,,יח`,45,"ל-100 מ""ל",false,1,16.70,0.33,true,1,
692210,true,אג`קס נוזל לניקוי כללי לבנדר 2 ליטר,ש. שסטוביץ בע`מ,,,יח`,20,"ל-100 מ""ל",false,1,23.90,1.20,false,1,
692456,true,אג`קס לניקוי חלונות כחול 2*750 מל,ש. שסטוביץ בע`מ,,,יח`,15,"ל-100 מ""ל",false,1,25.90,1.73,false,1,
830049,true,צלעות עגל עם עצם טרי,עוף ירושלים מהדרין בע`מ,,,"ק""ג",1,,true,1,49.90,49.90,true,1,
830050,true,צלעות עגל טרי בלי עצם,עוף ירושלים מהדרין בע`מ,,,"ק""ג",1,,true,1,59.90,59.90,true,1,
830063,true,אסאדו עגל טרי,עוף ירושלים מהדרין בע`מ,,,"ק""ג",1,,true,1,59.90,59.90,true,1,
830064,true,כתף עגל טרי,באסם דבאח בעמ,,,"ק""ג",1,,true,1,59.90,59.90,true,1,
830065,true,צלי כתף טרי,עוף ירושלים מהדרין בע`מ,,,"ק""ג",1,,true,1,89.90,89.90,false,1,
830087,true,אוסובוקו טרי,באסם דבאח בעמ,,,"ק""ג",1,,true,1,54.90,54.90,false,1,
830094,true,סטייק אנגוס טרי,באסם דבאח בעמ,,,"ק""ג",1,,true,1,139.90,139.90,true,1,
830100,true,סטייק אנטריקוט עם עצם טרי,באסם דבאח בעמ,,,"ק""ג",1,,true,1,99.90,99.90,false,1,
830124,true,עצם ברך טרי,באסם דבאח בעמ,,,"ק""ג",1,,true,1,24.90,24.90,false,1,
830148,true,סינטה בקר טרי,עוף ירושלים מהדרין בע`מ,,,"ק""ג",1,,true,1,119.90,119.90,false,1,
830261,true,בשר טחון פרמיום טרי,באסם דבאח בעמ,,,"ק""ג",1,,true,1,45.90,45.90,true,1,
851273,true,לאבנה שמן זית וזעתר גד,מחלבות גד בעמ`,,,"ק""ג",1.50,ל-100 גרם,true,1,42,28,false,1,
860015,true,עוף מוכשר שלם,קורניש חן (1987) בעמ,,,"ק""ג",1,,true,1,19.90,19.90,false,1,
860016,true,פילה עוף מוכשר,עוף טוב ( שאן) בעמ,,,"ק""ג",1,,true,1,39.90,39.90,true,1,
860022,true,עוף מוכשר מפורק,טל הל יסכה בעמ,,,"ק""ג",1,,true,1,25.90,25.90,false,1,
860039,true,כרעיים עוף מוכשר,קורניש חן (1987) בעמ,,,"ק""ג",1,,true,1,28.90,28.90,true,1,
860046,true,ירכיים עוף מוכשר,טל הל יסכה בעמ,,,"ק""ג",1,,true,1,27.90,27.90,false,1,
860053,true,שוקיים עוף מוכשר,קורניש חן (1987) בעמ,,,"ק""ג",1,,true,1,29.90,29.90,true,1,
860060,true,כנף עוף מוכשר,קורניש חן (1987) בעמ,,,"ק""ג",1,"ק""ג",true,1,9.90,9.90,true,1,
860077,true,פרגית עוף מוכשר,קורניש חן (1987) בעמ,,,"ק""ג",1,,true,1,79.90,79.90,false,1,
860084,true,סטייק פרגית מוכשר,קורניש חן (1987) בעמ,,,"ק""ג",7.50,ל-100 גרם,true,1,59.90,7.99,true,1,
860107,true,חזה עוף שלם מוכשר,טל הל יסכה בעמ,,,"ק""ג",1,,true,1,34.90,34.90,true,1,
860114,true,שניצל עוף פרוס מוכשר,קורניש חן (1987) בעמ,,,"ק""ג",1,"ק""ג",true,1,42.90,42.90,true,1,
860121,true,טחון עוף,טל הל יסכה בעמ,,,"ק""ג",1,,true,1,35.90,35.90,false,1,
860138,true,כבד עוף טרי[לצליה בלבד לאחר הבישול},קורניש חן (1987) בעמ,,,"ק""ג",7,"ל-100 מ""ל",true,1,16.90,2.41,true,1,
860145,true,לב עוף טרי[לצליה בלבד],קורניש חן (1987) בעמ,,,"ק""ג",7,"ל-100 מ""ל",true,1,27.90,3.99,false,1,
860147,true,חזה עוף חצוי טרי,טל הל יסכה בעמ,,,"ק""ג",1,,true,1,31.90,31.90,false,1,
860152,true,לבבות משופדות,טל הל יסכה בעמ,,,"ק""ג",1,,true,1,49.90,49.90,false,1,
860176,true,קורקבן עוף,קורניש חן (1987) בעמ,,,"ק""ג",1,,true,1,9.90,9.90,false,1,
870014,true,חזה הודו נקבה.,קורניש חן (1987) בעמ,,,"ק""ג",1,,true,1,28.90,28.90,false,1,
870069,true,שוקיים הודו,קורניש חן (1987) בעמ,,,"ק""ג",1,,true,1,27.90,27.90,false,1,
870076,true,כנף הודו,קורניש חן (1987) בעמ,,,"ק""ג",1,,true,1,14.90,14.90,false,1,
870083,true,נתחי הודו,קורניש חן (1987) בעמ,,,"ק""ג",1,,true,1,24.90,24.90,false,1,
870151,true,גרון הודו נקבה,טל הל יסכה בעמ,,,"ק""ג",1,,true,1,21.90,21.90,false,1,
870168,true,גרון הודו זכר,קורניש חן (1987) בעמ,,,"ק""ג",1,,true,1,29.90,29.90,false,1,
870175,true,ישבן הודו,קורניש חן (1987) בעמ,,,"ק""ג",1,,true,1,6.90,6.90,false,1,
870199,true,חזה הודו טחון,טל הל יסכה בעמ,,,"ק""ג",1,,true,1,31.90,31.90,false,1,
880013,true,דג אמנון רמבו טרי,ב.ס דוקטור דג בעמ,,,"ק""ג",1,,true,1,33.90,33.90,true,1,
880014,true,דג בורי ג`מבו טרי,ב.ס דוקטור דג בעמ,,,"ק""ג",1,,true,1,51.90,51.90,true,1,
880015,true,דג ברמונדי טרי,ב.ס דוקטור דג בעמ,,,"ק""ג",1,,true,1,49.90,49.90,true,1,
880016,true,דג בס טרי,ב.ס דוקטור דג בעמ,,,"ק""ג",1,,true,1,49,49,true,1,
880021,true,דג פילה סלמון טרי,ב.ס דוקטור דג בעמ,,,"ק""ג",1,,true,1,99.90,99.90,true,1,
880022,true,דג קרפיון טרי,ב.ס דוקטור דג בעמ,,,"ק""ג",1,,true,1,29.90,29.90,true,1,
880024,true,דג לברק XL טרי,ב.ס דוקטור דג בעמ,,,"ק""ג",1,,true,1,69.90,69.90,true,1,
880035,true,סלמון שלם טרי,ב.ס דוקטור דג בעמ,,,"ק""ג",1,,true,1,64.90,64.90,true,1,
880044,true,דניס שלם XL,ב.ס דוקטור דג בעמ,,,"ק""ג",1,,true,1,64.90,64.90,true,1,
992872,true,צפתית 5% במים גד,מחלבות גד בעמ`,,,"ק""ג",10,ל-100 גרם,true,1,64,6.40,false,1,
992889,true,שמנת בטעמים שום שמיר גד,מחלבות גד בעמ`,,,"ק""ג",10,ל-100 גרם,true,1,45,4.50,false,1,
993461,true,עגבניה שרי פרימיום,ביכורי השדה הצפון בעמ` 1964,,,יח`,1,,false,1,10.90,10.90,false,1,
993560,true,עגבניה שרי ליקופן,ביכורי השדה הצפון בעמ` 1964,,,יח`,1,,false,1,10.90,10.90,false,1,
995410,true,נבטים סינים,ביכורי השדה הצפון בעמ` 1964,,,יח`,1,,false,1,6.90,6.90,false,1,
995946,true,שמיר,ביכורי השדה הצפון בעמ` 1964,,,יח`,1,,false,1,3.90,3.90,false,1,
1001578,true,חזה עוף ארוז קפוא,עוף ירושלים מהדרין בע`מ,,,"ק""ג",0,"ק""ג",true,1,29.90,29.90,false,1,
1001608,true,שוקיים עוף ארוז קפוא,עוף ירושלים מהדרין בע`מ,,,"ק""ג",0,"ק""ג",true,1,27.90,27.90,false,1,
1121672,true,פסטרמה מעודנת בפפריקה 300 גרם,מעדני יחיעם ( 1993 ) בע`מ,,,יח`,0.30,ל-100 גרם,false,1,21.90,73,true,1,
1133484,true,פילה סלמון נורווגי בוואקום,בלדי בע`מ,,,"ק""ג",1,ל-100 גרם,true,1,79.90,79.90,false,1,
1136287,true,נקה 7 שמפו לשיער רגיל 750 מל,החב. הדרומית לשיווק,,,יח`,7.50,"ל-100 מ""ל",false,1,11.90,1.59,true,1,
1136294,true,נקה 7 שמפו לשיער יבש 750 מל,החב. הדרומית לשיווק,,,יח`,7.50,"ל-100 מ""ל",false,1,11.90,1.59,true,1,
1136300,true,נקה 7 שמפו לסירוק קל 750מל,החב. הדרומית לשיווק,,,יח`,7.50,"ל-100 מ""ל",false,12,11.90,1.59,true,1,
1136683,true,נקה 7 מרכך לכל סוגי השיער 750 מל,החב. הדרומית לשיווק,,,יח`,7.50,"ל-100 מ""ל",false,1,11.90,1.59,true,1,
1136799,true,נקה תחליב רחצה ורוד יסמין 1 ל`,החב. הדרומית לשיווק,,,יח`,10,לליטר,false,12,13.90,1.39,false,1,
1136973,true,נקה תחליב רחצה לבן קמומיל 1 ל`,החב. הדרומית לשיווק,,,יח`,1,,false,12,13.90,13.90,false,1,
1164402,true,ג`עלה אפקטבעי 200 גר`,לחיות יותר בטבע בעמ,,,יח`,2,ל-100 גרם,false,1,14.90,7.45,false,1,
1164419,true,ג`עלה אפקטבעי 550 גר`,לחיות יותר בטבע בעמ,,,יח`,2,ל-100 גרם,false,1,29.90,14.95,false,1,
1247068,true,ספרינג נקטר תות בננה 1 ליטר קרטון,יפאורה - שותפות מוגבלת לשיווק,,,יח`,10,"ל-100 מ""ל",false,1,6.90,0.69,false,1,
1247082,true,ספרינג מיץ עגבניות קרטון 1 ליטר,יפאורה - שותפות מוגבלת לשיווק,,,יח`,10,"ל-100 מ""ל",false,1,6.90,0.69,false,1,
1247099,true,ספרינג נקטר מנגו קרטון 1 ליטר,יפאורה - שותפות מוגבלת לשיווק,,,יח`,10,"ל-100 מ""ל",false,1,6.90,0.69,false,1,
1247112,true,ספרינג נקטר לימונים קרטון 1 ליטר,יפאורה - שותפות מוגבלת לשיווק,,,יח`,10,"ל-100 מ""ל",false,1,6.90,0.69,false,1,
1247129,true,ספרינג נקטר תפוזים 1 ליטר קרטון,יפאורה - שותפות מוגבלת לשיווק,,,יח`,10,"ל-100 מ""ל",false,1,6.90,0.69,false,1,
1247143,true,ספרינג נקטר תפוחים 1 ליטר,יפאורה - שותפות מוגבלת לשיווק,,,יח`,10,"ל-100 מ""ל",false,1,6.90,0.69,false,1,
1265642,true,שלישיית מעדני לה-קט פטה 3*400 גר,שחורי אריה ואנסטסיה,,,יח`,12,ל-100 גרם,false,1,19.90,1.66,false,1,
1274934,true,מאגדת גלידל פרי לימון 8 יח`,פלקו בעמ חברה ישראלית,,,יח`,1,ל-100 גרם,false,1,21.90,21.90,false,1,
1274941,true,מאגדת גלידל פרי פטל 8 יח`,פלקו בעמ חברה ישראלית,,,יח`,1,ל-100 גרם,false,1,19.90,19.90,false,1,
1302194,true,ביסלי פלאפל 55 גר`,קבוצת אסם סחר,,,יח`,0.55,ל-100 גרם,false,1,3.90,7.09,true,1,
1302279,true,במבה קלאסי *60,קבוצת אסם סחר,,,יח`,0.60,ל-100 גרם,false,1,3.90,6.50,true,1,
1305188,true,פלמוליב נוזל כלים צהוב לימון 750 מ``,ש. שסטוביץ בע`מ,,,יח`,7.50,"ל-100 מ""ל",false,1,11.90,1.59,true,1,
1322031,true,כתף קפוא מס`4,בלדי בע`מ,,,"ק""ג",1,,true,1,34.90,34.90,false,1,
1419779,true,וופל קלאסי 200 גר`,מ.ד אטיאס סוכנויות מזון בע`מ,,,יח`,2,ל-100 גרם,false,1,3.90,1.95,true,1,
1419892,true,וופל קלאסי לימון 200 גר`,מ.ד אטיאס סוכנויות מזון בע`מ,,,יח`,2,ל-100 גרם,false,1,3.90,1.95,true,1,
1436790,true,מרגז מיני אקסטרה חריף 500 גר`קפוא,בלדי בע`מ,,,יח`,5,ל-100 גרם,false,8,27.90,5.58,true,1,
1455234,true,פילה אמנון תפזורת,בלדי בע`מ,,,"ק""ג",1,ל-100 גרם,true,1,24.90,24.90,false,1,
1455456,true,נסיכת הנילוס פרוס,בלדי בע`מ,,,"ק""ג",1,ל-100 גרם,true,1,69.90,69.90,true,1,
1459928,true,גזר גמדי 800 גר`,בלדי בע`מ,,,יח`,8,ל-100 גרם,false,12,9.90,1.24,false,1,
1459935,true,אפונה 800 גרם,בלדי בע`מ,,,יח`,8,ל-100 גרם,false,12,9.90,1.24,false,1,
1482186,true,חתיכות אננס בסירופ קל 565 גרם,ג. וילי-פוד אינטרנשיונל בע`מ,,,יח`,5.65,ל-100 גרם,false,1,6.90,1.22,false,1,
1567555,true,פסטרמה מעודנת עם דבש 300 גר`,מעדני יחיעם ( 1993 ) בע`מ,,,יח`,3,ל-100 גרם,false,1,21.90,7.30,true,1,
1567920,true,נקניק סלמי תה 200 גר`,מעדני יחיעם ( 1993 ) בע`מ,,,יח`,2,ל-100 גרם,false,1,12.90,6.45,false,1,
1594575,true,בירה טובורג פחית להחזרה 500 מל,החברה המרכזית להפצת משקאות בע`,,,יח`,5,"ל-100 מ""ל",false,24,8.90,1.72,true,1,
1594858,true,בירה טובורג בקבוק להחזרה 6*330 מל,החברה המרכזית להפצת משקאות בע`,,,יח`,19.80,"ל-100 מ""ל",false,4,34.90,1.67,true,1,
1594865,true,בירה קרלסברג בקבוק 6*330 מ``,החברה המרכזית להפצת משקאות בע`,,,יח`,19.80,"ל-100 מ""ל",false,4,34.90,1.67,true,1,
1670255,true,כוסות חד פעמי שתיה חמה,הנמל אריזות ושיווק 1984 בע`מ,,,יח`,1,,false,1,13.90,13.90,false,1,
1670668,true,קרחונית 12 יח`,הנמל אריזות ושיווק 1984 בע`מ,,,יח`,1,,false,24,4.90,4.90,false,1,
1696071,true,שקד מולבן שבבים 100 גר`,בוטנת בעמ חברה לקלייה ואריזת פ,,,יח`,2.50,ל-100 גרם,false,1,11.30,4.52,false,1,
1713150,true,מתז אקונומיקה קצף לימון 1 ליטר,קומפלקס כימקלים בעמ`,,,יח`,1,,false,1,9.90,9.90,true,1,
1713167,true,מתז קצף ניקוי 1 ליטר,קומפלקס כימקלים בעמ`,,,יח`,1,,false,1,9.90,9.90,true,1,
1780800,true,קראנץ` שוקולד ליבת נוגט 100 גרם,נגה גלידות שותפות מוגבלת,,,יח`,1,ל-100 גרם,false,1,9.90,9.90,true,1,
1813478,true,עוגיות חיוכים וניל 6 יח`900 גרם,שטראוס גרופ בע`מ,,,יח`,9,ל-100 גרם,false,6,21.90,2.43,true,1,
1873441,true,המבורגר black angus,נטו מלינדה סחר בע`מ,,,יח`,1,ל-100 גרם,false,1,24.90,24.90,true,1,
1873472,true,קבב black angus,נטו מלינדה סחר בע`מ,,,יח`,1,ל-100 גרם,false,1,24.90,24.90,true,1,
1990278,true,שעועית לבנה 1קג`,סוגת,,,יח`,10,ל-100 גרם,false,1,16.90,1.69,true,1,
1990391,true,אפונה 1 קג`,סוגת,,,יח`,10,ל-100 גרם,false,1,11.90,1.19,false,1,
2007029,true,קוקוס 100 גרם,הנמל אריזות ושיווק 1984 בע`מ,,,יח`,1,ל-100 גרם,false,24,3.90,3.90,false,1,
2007302,true,סוכריות אחיד 100 גרם,הנמל אריזות ושיווק 1984 בע`מ,,,יח`,1,ל-100 גרם,false,1,4.90,4.90,false,1,
2008651,true,קמח תפו``א 500 גרם,הנמל אריזות ושיווק 1984 בע`מ,,,יח`,5,ל-100 גרם,false,20,7.90,1.58,false,1,
2008989,true,קישקשים 225 יח`,הנמל אריזות ושיווק 1984 בע`מ,,,יח`,1,,false,24,8.90,8.90,false,1,
2019763,true,עגבניות מרוסקות 800 גרם פרי ניר,אבאל יזמות בעמ,,,יח`,8,ל-100 גרם,false,1,6.40,0.80,false,1,
2019787,true,רסק עגבניות טבע טרי %22 260 גרם פרי ני,מ.ד אטיאס סוכנויות מזון בע`מ,,,יח`,2.60,ל-100 גרם,false,1,3.90,1.50,true,1,
2019794,true,רסק עגבניות טבע טרי %100 100 גרם פרי,מ.ד אטיאס סוכנויות מזון בע`מ,,,יח`,1,ל-100 גרם,false,1,1.90,1.90,true,1,
2026358,true,ציפס בטטה קרינקל,מוצרי איכות אמריקאים,,,יח`,10,ל-100 גרם,false,1,16.90,1.69,false,1,
2026365,true,טבעות בצל,מוצרי איכות אמריקאים,,,יח`,8,ל-100 גרם,false,1,11.90,1.49,false,1,
2026402,true,בלינצ`יס גבינה,מוצרי איכות אמריקאים,,,יח`,7,ל-100 גרם,false,1,14.90,2.13,true,1,
2026440,true,פרצלס בראנץ,מוצרי איכות אמריקאים,,,יח`,7,ל-100 גרם,false,1,14.90,2.13,true,1,
2037057,true,לחם לבן פרוס 500 גרם,מאפיית י.את א. ברמן בעמ,,,יח`,5,ל-100 גרם,false,1,6.10,1.22,false,1,
2037125,true,חלה פרוסה ברמן 500 גר`,מאפיית י.את א. ברמן בעמ,,,יח`,5,ל-100 גרם,false,1,9.90,1.98,false,1,
2037163,true,אחיד פרוס ודש 750 גר`,מאפיית י.את א. ברמן בעמ,,,יח`,7.50,ל-100 גרם,false,1,7.11,0.95,false,1,
2037309,true,לחמניות המבורגר 8בשקית ברמן,מאפיית י.את א. ברמן בעמ,,,יח`,1,ל-100 גרם,false,1,12.90,12.90,false,1,
2037637,true,חליה מתוקה 4 בשקית ברמן,מאפיית י.את א. ברמן בעמ,,,יח`,1,ל-100 גרם,false,1,12.90,12.90,false,1,
2040095,true,קוסקוס מארז שלישייה,הנמל אריזות ושיווק 1984 בע`מ,,,יח`,3.50,ל-100 גרם,false,8,16.90,4.83,false,1,
2043188,true,ציפס אורז חום צילי חריף 60 גר`,א.ל. ייצור ושיווק תבלינים בע`מ,,,יח`,0.60,ל-100 גרם,false,1,6.90,11.50,true,1,
2043218,true,ציפס אורז חום מלח 60 גר`,א.ל. ייצור ושיווק תבלינים בע`מ,,,יח`,0.60,ל-100 גרם,false,1,6.90,11.50,true,1,
2043225,true,ציפס אורז חום פפריקה 60 גר`,א.ל. ייצור ושיווק תבלינים בע`מ,,,יח`,0.60,ל-100 גרם,false,1,6.90,11.50,true,1,
2043324,true,ציפס אורז חום מלח 25 גר`,א.ל. ייצור ושיווק תבלינים בע`מ,,,יח`,0.25,ל-100 גרם,false,1,4.60,18.40,true,1,
2043782,true,ציפס אורז חום טקסס ברביקיו 60 גר`,א.ל. ייצור ושיווק תבלינים בע`מ,,,יח`,0.60,ל-100 גרם,false,1,6.90,11.50,true,1,
2053538,true,נודלס בסגנון תאילנדי 500 גר`,גורי מוצרי צריכה 1991 בע`מ,,,יח`,4,ל-100 גרם,false,1,12.90,3.23,false,1,
2057017,true,זיתים נובו ענק A-2 יבנה 540 גר`,קבוצת יבנה,,,יח`,5.40,ל-100 גרם,false,1,9.90,1.83,false,1,
2057031,true,זיתים מבוקע פיקנטי A-2 יבנה 540 גר`,קבוצת יבנה,,,יח`,5.60,ל-100 גרם,false,1,9.90,1.77,false,1,
2057062,true,זיתים מנזלינו ירוק בינוני A-2 יבנה 540 ג,קבוצת יבנה,,,יח`,5.40,ל-100 גרם,false,1,6.90,1.28,false,1,
2057086,true,זיתים מנזלינו גדול 43 או`יבנה,קבוצת יבנה,,,יח`,5.40,ל-100 גרם,false,1,19.90,3.69,false,1,
2057093,true,זיתים מנזלינו ירוק גדול A-2 יבנה 540 ג,קבוצת יבנה,,,יח`,5.40,ל-100 גרם,false,1,8.90,1.65,false,1,
2057109,true,זיתים מנזלינו ירוק גדול A-2 יבנה 540 ג,קבוצת יבנה,,,יח`,5.40,ל-100 גרם,false,1,9.90,1.83,false,1,
2057123,true,זיתים חרוזית A-2 יבנה 540 גר`,קבוצת יבנה,,,יח`,5.40,ל-100 גרם,false,1,9.90,1.83,true,1,
2057161,true,זיתים מרינט ביין גדול מאוד יבנה 540 גר,קבוצת יבנה,,,יח`,5.40,ל-100 גרם,false,1,10.90,2.02,false,1,
2057185,true,זיתים טבעות ירוקים A-2 יבנה 540 גר`,קבוצת יבנה,,,יח`,5.40,ל-100 גרם,false,1,9.90,1.83,false,1,
2057314,true,מלפפון במלח 15-20 יבנה 1.300 ק`ג,קבוצת יבנה,,,יח`,13,ל-100 גרם,false,1,14.90,1.15,false,1,
2057352,true,מלפפון במלח 7-9 A-2 יבנה 540 גר`,קבוצת יבנה,,,יח`,5.40,ל-100 גרם,false,1,7.90,1.46,false,1,
2057369,true,מלפפון במלח 10-12 A-2 ביבנה 540 גר`,קבוצת יבנה,,,יח`,5.40,ל-100 גרם,false,1,7.90,1.46,false,1,
2057376,true,מלפפון במלח 13-17 A-2 יבנה 540 גר`,קבוצת יבנה,,,יח`,5.40,ל-100 גרם,false,1,10.90,2.02,true,1,
2057383,true,מלפפון במלח 18-25 A-2 יבנה 540 גר`,קבוצת יבנה,,,יח`,5.40,ל-100 גרם,false,1,13.90,2.57,false,1,
2057437,true,שיפקונית קבוצת יבנה,קבוצת יבנה,,,יח`,5.40,ל-100 גרם,false,1,10.90,2.02,false,1,
2057451,true,מלפפון בחומץ %7-9 20 A-2 יבנה,קבוצת יבנה,,,יח`,5.40,ל-100 גרם,false,1,7.90,1.46,false,1,
2057468,true,מלפפון בחומץ 10-12 A-2 יבנה 540,קבוצת יבנה,,,יח`,5.40,ל-100 גרם,false,1,7.90,1.46,false,1,
2057475,true,מלפפון בחומץ 13-17 יבנה 540 גר`,קבוצת יבנה,,,יח`,5.40,ל-100 גרם,false,1,10.90,2.02,true,1,
2057482,true,מלפפון בחומץ 18-25 A-2 יבנה 540 גר`,קבוצת יבנה,,,יח`,5.40,ל-100 גרם,false,1,13.90,2.57,false,1,
2057604,true,שיפקה A-2 יבנה 540 גר`,קבוצת יבנה,,,יח`,5.40,ל-100 גרם,false,1,5.90,1.09,false,1,
2057628,true,זיתים טבעות מושחר A-2 יבנה 540 גר`,קבוצת יבנה,,,יח`,5.40,ל-100 גרם,false,1,9.90,1.83,false,1,
2057703,true,חצילים A-2 יבנה 540 גר`,קבוצת יבנה,,,יח`,5.40,ל-100 גרם,false,1,6.90,1.28,false,1,
2057734,true,זיתים חרוזית מושחר A-2 יבנה 540 גר`,קבוצת יבנה,,,יח`,5.40,ל-100 גרם,false,1,9.90,1.83,false,1,
2057819,true,גמבה רצועות A-2 יבנה 540 גר`,קבוצת יבנה,,,יח`,5.40,ל-100 גרם,false,1,6.90,1.28,false,1,
2096009,true,דובשניות חפץ 450 גרם,מ.ד אטיאס סוכנויות מזון בע`מ,,,יח`,4.50,ל-100 גרם,false,1,10.90,2.42,false,1,
2107798,true,גבינה בולגרית בקר 5% בגביע 250 ג,החברה המרכזית להפצה,,,יח`,2.50,ל-100 גרם,false,1,22.90,9.16,false,1,
2118398,true,צימרונים ביוטי מרובע 200 יח`,הנמל אריזות ושיווק 1984 בע`מ,,,יח`,1,ל-100 גרם,false,12,4.90,4.90,false,1,
2129462,true,מארז פיצה איטלקית דקה שלושת האופים,נטו מלינדה סחר בע`מ,,,יח`,6.40,ל-100 גרם,false,8,27.90,4.36,true,1,
2129479,true,פיצה איטלקית דקה שלושת האופים,נטו מלינדה סחר בע`מ,,,יח`,3.20,ל-100 גרם,false,14,15.90,4.97,false,1,
2129486,true,פיצה איטלקית דקה שלושת האופים,נטו מלינדה סחר בע`מ,,,יח`,3.40,ל-100 גרם,false,14,15.90,4.68,false,1,
2157960,true,טונה במים 140 גר`מארז רביעייה ויליגר,נטו מלינדה סחר בע`מ,,,יח`,1.40,ל-100 גרם,false,1,19.90,14.21,false,1,
2190516,true,ממרח ריבת חלב 500 גרם,תומר ייבוא ושיווק מוצרי מזון [,,,יח`,1,,false,12,14.90,14.90,false,1,
2195054,true,המבורגר בלדי 400גר,בלדי בע`מ,,,יח`,4,ל-100 גרם,false,12,11.90,2.98,true,1,
2195078,true,קבב כבש בלדי 400גר,בלדי בע`מ,,,יח`,4,ל-100 גרם,false,12,11.90,2.98,true,1,
2195085,true,קבב מזרחי בלדי 400 גרם,בלדי בע`מ,,,יח`,4,ל-100 גרם,false,12,11.90,2.98,true,1,
2195092,true,קבב רומני בלדי 400גר,בלדי בע`מ,,,יח`,4,ל-100 גרם,false,12,11.90,2.98,true,1,
2253495,true,דורות תיבול לטחינה 70 גר`,קבוצת אסם סחר,,,יח`,0.70,ל-100 גרם,false,1,12.90,18.43,false,1,
2259664,true,רדיד אלומיניום דיאמונד 0.60*60,גורי ע.ע.ע. בע`מ,,,יח`,1,יח`,false,1,54.90,54.90,false,1,
2260059,true,במבה יום הולדת *60,קבוצת אסם סחר,,,יח`,0.60,ל-100 גרם,false,1,3.90,6.50,true,1,
2331025,true,נביעות מים מינרלים ספורט להחזרה 500מ,החברה המרכזית להפצת משקאות בע`,,,יח`,5,"ל-100 מ""ל",false,24,3.80,0.70,false,1,
2331094,true,נביעות מים מינרלים ספורט 755 מ``ל,החברה המרכזית להפצת משקאות בע`,,,יח`,7.55,"ל-100 מ""ל",false,24,4.90,0.61,false,1,
2331490,true,נביעות מים מינרלים 1 ליטר פיקדון,החברה המרכזית להפצת משקאות בע`,,,יח`,10,"ל-100 מ""ל",false,15,3.40,0.31,true,1,
2341499,true,לשון בקר מוכשר קפוא,עוף ירושלים מהדרין בע`מ,,,"ק""ג",0,"ק""ג",true,1,29.90,29.90,false,1,
2341505,true,ראש בקר מוכשר קפוא,עוף ירושלים מהדרין בע`מ,,,"ק""ג",0,"ק""ג",true,1,59.90,59.90,false,1,
2345015,true,סינטה דקדק 250 גר`,נטו מלינדה סחר בע`מ,,,יח`,2.50,ל-100 גרם,false,1,28.90,11.56,true,1,
2345022,true,אנטריקוט דקדק 250 גר`,נטו מלינדה סחר בע`מ,,,יח`,2.50,ל-100 גרם,false,10,21.90,8.76,true,1,
2345077,true,שניצל בקר דקדק אל גאוצ`ו,נטו מלינדה סחר בע`מ,,,יח`,2.50,ל-100 גרם,false,10,17.90,7.16,true,1,
2374640,true,שמן קנולה פלוס אומגה 3 עץ הזית,סוגת,,,יח`,10,"ל-100 מ""ל",false,1,16.90,1.69,false,1,
2409076,true,ג`חנון בצק 800 גרם,ציפור השרון יהוד 1990 בעמ,,,יח`,8,ל-100 גרם,false,1,13.90,1.74,false,1,
2409274,true,מלווח 800 גרם,ציפור השרון יהוד 1990 בעמ,,,יח`,8,ל-100 גרם,false,1,14.90,1.86,false,1,
2453512,true,קבב ביתי גורמה 800 גרם,זהר עופות ובשר בעמ,,,יח`,8,ל-100 גרם,false,1,34.90,4.36,false,1,
2453529,true,אנטריקוט בורגר 400 גרם,זהר עופות ובשר בעמ,,,יח`,4,ל-100 גרם,false,1,21.90,5.48,false,1,
2453680,true,נקניקיה אסאדו ארגנטינאי 500 גרם,זהר עופות ובשר בעמ,,,יח`,5,ל-100 גרם,false,1,21.90,4.38,false,1,
2453697,true,קבב אנטריקוט קצבים עם שומן כבש 400 גר,זהר עופות ובשר בעמ,,,יח`,4,ל-100 גרם,false,1,21.90,5.48,false,1,
2453802,true,"קבב אסלי 1 ק""ג",זהר עופות ובשר בעמ,,,יח`,8,ל-100 גרם,false,1,32.90,4.11,false,1,
2517108,true,אורגנו,תבליני טעם וריח,,,יח`,1,,false,1,6.90,6.90,false,1,
2517269,true,פלפל שחור שלם,תבליני טעם וריח,,,יח`,1,,false,1,7.90,7.90,false,1,
2517290,true,קינמון טחון,תבליני טעם וריח,,,יח`,1,,false,1,6.90,6.90,false,1,
2517580,true,תערובת תיבול לעוף,תבליני טעם וריח,,,יח`,1,,false,1,10.90,10.90,false,1,
2517658,true,כורכום טעם וריח,תבליני טעם וריח,,,יח`,1,,false,1,6.90,6.90,false,1,
2517689,true,קרי אבקה,תבליני טעם וריח,,,יח`,1,,false,1,5.90,5.90,false,1,
2517726,true,קינמון מקלות,תבליני טעם וריח,,,יח`,1,,false,1,6.90,6.90,false,1,
2517849,true,שום גבישי מיכל קטן,תבליני טעם וריח,,,יח`,1,,false,1,5.90,5.90,false,1,
2517863,true,צפורן טחון,תבליני טעם וריח,,,יח`,1,,false,1,9.90,9.90,false,1,
2542780,true,"בירה סטלה ארטואה שישייה 330 מ""ל",תימקו בירה בעמ`,,,יח`,19.80,"ל-100 מ""ל",false,1,34.90,1.67,true,1,
2543046,true,קלוגס פרוסטיס 750 גר`,דיפלומט מפיצים (1968) בע`מ,,,יח`,7.50,ל-100 גרם,false,12,21.90,2.92,false,1,
2543237,true,קלוגס קורנפלקס 750 גרם,דיפלומט מפיצים (1968) בע`מ,,,יח`,7.50,ל-100 גרם,false,1,14.90,1.99,false,1,
2577492,true,פילה הרינג מלוח בשמן,נטו מלינדה סחר בע`מ,,,יח`,2.40,ל-100 גרם,false,6,25.90,10.79,false,1,
2603474,true,פיצת השף מאיטליה שגב רוטב פיטריות,נטו מלינדה סחר בע`מ,,,יח`,2,ל-100 גרם,false,12,16.90,8.45,true,1,
2603498,true,פיצת השף מאיטליה שגב אנטיפסטי,נטו מלינדה סחר בע`מ,,,יח`,2.20,ל-100 גרם,false,12,16.90,7.68,true,1,
2603634,true,פיצה בודד בד`ץ גבינה דקה קפוא,נטו מלינדה סחר בע`מ,,,יח`,0.80,ל-100 גרם,false,1,2.90,3.63,false,1,
2610175,true,כרעיים עוף ארוז קפוא חתם,עוף ירושלים מהדרין בע`מ,,,"ק""ג",0,"ק""ג",true,1,27.90,27.90,false,1,
2610182,true,חזה עוף ארוז קפוא חתם,עוף ירושלים מהדרין בע`מ,,,"ק""ג",0,"ק""ג",true,1,29.90,29.90,false,1,
2610205,true,שוקיים עוף ארוז קפוא חתם,עוף ירושלים מהדרין בע`מ,,,"ק""ג",0,"ק""ג",true,1,27.90,27.90,false,1,
2610212,true,ירכיים עוף ארוז קפוא חתם,עוף ירושלים מהדרין בע`מ,,,"ק""ג",0,"ק""ג",true,1,27.90,27.90,false,1,
2610236,true,שניצל עוף פרוס ארוז קפוא חתם,עוף ירושלים מהדרין בע`מ,,,"ק""ג",0,"ק""ג",true,1,31.90,31.90,false,1,
2610250,true,כבד עוף קפוא ארוז חתם סופר,עוף ירושלים מהדרין בע`מ,,,"ק""ג",0,"ק""ג",true,1,12.90,12.90,false,1,
2610267,true,לב עוף קפוא חתם סופר,עוף ירושלים מהדרין בע`מ,,,"ק""ג",0,"ק""ג",true,1,25.90,25.90,false,1,
2628064,true,טחון בקר בלדי קפוא 500 גרם,בלדי בע`מ,,,יח`,5,ל-100 גרם,false,12,16.90,3.38,true,1,
2628187,true,פילה מדומה מס`6 חלק קפוא,בלדי בע`מ,,,"ק""ג",1,,true,1,39.90,39.90,false,1,
2661115,true,לחם הולנדי ברמן 1 קג,מאפיית י.את א. ברמן בעמ,,,יח`,10,ל-100 גרם,false,1,17.90,1.79,false,1,
2661153,true,לחם דני קל ברמן 1 קג,מאפיית י.את א. ברמן בעמ,,,יח`,10,ל-100 גרם,false,1,17.90,1.79,true,1,
2661214,true,לחם גלילי קל 750 גרם,מאפיית י.את א. ברמן בעמ,,,יח`,7.50,ל-100 גרם,false,1,13.90,1.85,false,1,
2661443,true,פירורי לחם זהוב עדין 200 גר`,מאפיית י.את א. ברמן בעמ,,,יח`,2,ל-100 גרם,false,1,3.90,1.95,true,1,
2661474,true,פירורי לחם זהוב עם שומשום 200 גר`,מאפיית י.את א. ברמן בעמ,,,יח`,2,ל-100 גרם,false,1,3.90,1.95,true,1,
2661702,true,מאפה קראנץ`בטעם שוקולד 500 גר`ברמן,מאפיית י.את א. ברמן בעמ,,,יח`,5,ל-100 גרם,false,1,13.90,2.78,false,1,
2661856,true,.מיני קרוטונים מתובלים 400 גר`,מאפיית י.את א. ברמן בעמ,,,יח`,1,,false,1,14.90,14.90,false,1,
2661900,true,שמיניות שומשום 6 בשקית,מאפיית י.את א. ברמן בעמ,,,יח`,1,ל-100 גרם,false,1,12.90,12.90,false,1,
2661948,true,לחמניות כפריות ארוכות 6 בשקית,מאפיית י.את א. ברמן בעמ,,,יח`,1,ל-100 גרם,false,1,12.90,12.90,false,1,
2661962,true,פריך קינואה 100 גר`כשלפ,מאפיית י.את א. ברמן בעמ,,,יח`,1,ל-100 גרם,false,1,7.90,7.90,false,1,
2661986,true,פריך תירס 100 גר`,מאפיית י.את א. ברמן בעמ,,,יח`,1,ל-100 גרם,false,1,7.90,7.90,false,1,
2732270,true,טונה מעושנת,אלסקה,,,יח`,1.40,ל-100 גרם,false,1,6.90,4.93,false,1,
2748229,true,כרעיים עוף ארוז קפוא,עוף ירושלים מהדרין בע`מ,,,"ק""ג",0,"ק""ג",true,1,27.90,27.90,false,1,
2748250,true,חזה עוף ארוז קפוא,עוף ירושלים מהדרין בע`מ,,,"ק""ג",0,"ק""ג",true,1,29.90,29.90,false,1,
2748281,true,שוקיים עוף ארוז קפוא,עוף ירושלים מהדרין בע`מ,,,"ק""ג",0,"ק""ג",true,1,27.90,27.90,false,1,
2748298,true,ירכיים עוף ארוז קפוא,עוף ירושלים מהדרין בע`מ,,,"ק""ג",0,"ק""ג",true,1,27.90,27.90,false,1,
2748328,true,כבד עוף קפוא,עוף ירושלים מהדרין בע`מ,,,"ק""ג",0,"ק""ג",true,1,12.90,12.90,false,1,
2748335,true,לב עוף קפוא,עוף ירושלים מהדרין בע`מ,,,"ק""ג",0,"ק""ג",true,1,25.90,25.90,false,1,
2748366,true,שניצל עוף פרוס ארוז קפוא,עוף ירושלים מהדרין בע`מ,,,"ק""ג",0,"ק""ג",true,1,31.90,31.90,false,1,
2752332,true,סוכריות מנטוס פירות 37 גרם,ליימן שליסל בע`מ,,,יח`,0.3750,ל-100 גרם,false,40,2.90,7.73,false,1,
2752349,true,סוכריות מנטוס מנטה 37 גרם,ליימן שליסל בע`מ,,,יח`,0.3750,ל-100 גרם,false,40,2.90,7.73,false,1,
2766056,true,עגבניה שרי פרימיום,ביכורי השדה הצפון בעמ` 1964,,,יח`,1,,false,1,10.90,10.90,false,1,
2814054,true,מתז אנטרטיק 1 ליטר,קומפלקס כימקלים בעמ`,,,יח`,10,"ל-100 מ""ל",false,1,9.90,0.99,true,1,
2814412,true,נוזל כלים ליימון ליים 1.6 ליטר,קומפלקס כימקלים בעמ`,,,יח`,16,"ל-100 מ""ל",false,1,9.90,0.62,true,1,
2814436,true,נוזל כלים לימון 1.6 ליטר,קומפלקס כימקלים בעמ`,,,יח`,16,"ל-100 מ""ל",false,1,9.90,0.62,true,1,
2814580,true,טורנדו גרגירים לפתיחת סתימות 200 גר`,קומפלקס כימקלים בעמ`,,,יח`,1,,false,1,12.90,12.90,true,1,
2814603,true,מסיר שומנים סנטמוריץ מבושם 750 סמ``ק,קומפלקס כימקלים בעמ`,,,יח`,1.50,לליטר,false,1,12.90,8.60,true,1,
2814870,true,מסיר שומנים סנטמוריץ לבנדר 750 סמ``ק,קומפלקס כימקלים בעמ`,,,יח`,7.50,"ל-100 מ""ל",false,1,12.90,1.72,true,1,
2814894,true,מתז אקונומיקה קצף לוונדר 1 ליטר,קומפלקס כימקלים בעמ`,,,יח`,1,,false,1,9.90,9.90,true,1,
2824183,true,גבינת סקי %5 500 גרם,שטראוס גרופ בע`מ,,,יח`,5,ל-100 גרם,false,12,9.90,1.98,false,1,
2842002,true,קווקר בפח 500 גרם,ליימן שליסל בע`מ,,,יח`,5,ל-100 גרם,false,1,12.90,2.58,false,1,
2871248,true,בירה טובורג בקבוק 500 מל,החברה המרכזית להפצת משקאות בע`,,,יח`,5,"ל-100 מ""ל",false,20,8.90,1.54,false,1,
2871361,true,בירה קרלסברג בקבוק חוזר 500 מל,החברה המרכזית להפצת משקאות בע`,,,יח`,5,"ל-100 מ""ל",false,20,7.90,1.34,false,1,
2881612,true,לפתן דובדבנים חמוצים 700 גר`,תומר ייבוא ושיווק מוצרי מזון [,,,יח`,7.20,ל-100 גרם,false,12,8.90,1.24,false,1,
2909569,true,פילה ברבוניה,בלדי בע`מ,,,יח`,1,יח`,false,25,21.90,21.90,false,1,
2909804,true,פילה מרלוזה[בקלה] ללא עור ארגטיני,בלדי בע`מ,,,"ק""ג",1,ל-100 גרם,true,1,31.90,31.90,true,1,
2909835,true,שמן זית כתית 750 מל`,בלדי בע`מ,,,יח`,7.50,"ל-100 מ""ל",false,1,26.90,3.59,true,1,
2909989,true,שעועית ירוקה חתוכה 800 גר`,בלדי בע`מ,,,יח`,8,ל-100 גרם,false,12,9.90,1.24,false,1,
2919179,true,פילה מושט ללא עור,בלדי בע`מ,,,"ק""ג",10,ל-100 גרם,true,1,34.90,3.49,false,1,
2922117,true,עוגיות פרימיום אקלר,אקלר,,,יח`,3,ל-100 גרם,false,1,22.90,7.63,false,1,
2927044,true,צלי כתף מס 5,זהר עופות ובשר בעמ,,,"ק""ג",1,"ק""ג",true,1,32.90,32.90,false,1,
2927051,true,פילה מדומה מס 6,זהר עופות ובשר בעמ,,,"ק""ג",1,"ק""ג",true,1,32.90,32.90,false,1,
2927105,true,צלי כתף ברשת קפוא,זהר עופות ובשר בעמ,,,"ק""ג",1,"ק""ג",true,1,32.90,32.90,false,1,
2927464,true,גולש עגל,זהר עופות ובשר בעמ,,,"ק""ג",1,"ק""ג",true,1,29.90,29.90,false,1,
2927471,true,צלי עגל מס 5,זהר עופות ובשר בעמ,,,"ק""ג",1,"ק""ג",true,1,32.90,32.90,false,1,
2927518,true,טבעות פילה עגל קפוא,זהר עופות ובשר בעמ,,,"ק""ג",1,"ק""ג",true,1,34.90,34.90,false,1,
2927655,true,שניצל עגל קפוא,זהר עופות ובשר בעמ,,,"ק""ג",1,"ק""ג",true,1,34.90,34.90,false,1,
2929642,true,טונה קנולה בשמן 4*140 גרם ויליגר,נטו מלינדה סחר בע`מ,,,יח`,5.60,ל-100 גרם,false,12,19.90,3.55,false,1,
2954187,true,"אורז יסמין מדליה 5 ק""ג",בני גורג שוקחה בעמ,,,יח`,50,ל-100 גרם,false,1,39.90,0.80,false,1,
2971009,true,"קמח לבן שטיבל 1 ק""ג",תומר ייבוא ושיווק מוצרי מזון [,,,יח`,10,ל-100 גרם,false,1,3.90,0.39,false,1,
2971191,true,"קמח חיטה 1 ק""ג",ח.כהן סוכנות מזון ומשקאות,,,יח`,10,ל-100 גרם,false,1,3.90,0.39,false,1,
2977032,true,סוכר 1 קג`,הטחנות הגדולות של ארץ ישראל בע,,,יח`,10,ל-100 גרם,false,1,4.90,0.49,false,1,
2996323,true,בשר מס 8 שריר הזרוע מוכשר,נטו מלינדה סחר בע`מ,,,"ק""ג",1,,true,1,38.90,38.90,true,1,
2996330,true,בשר מס 8 שריר הזרוע מוכשר,עוף ירושלים מהדרין בע`מ,,,"ק""ג",1,,true,1,24.90,24.90,true,1,
2996484,true,בשר ראש מוכשר,נטו מלינדה סחר בע`מ,,,"ק""ג",0,"ק""ג",true,1,69.90,69.90,false,1,
3047642,true,תה ליפטון יילו לייבל 100/1.5 שקיקים,יוניליוור ישראל שיווק בע`מ,,,יח`,1.50,יח`,false,1,14.90,9.93,false,1,
3069590,true,דג סול ארוז קפוא,נטו מלינדה סחר בע`מ,,,"ק""ג",1,ל-100 גרם,false,1,34.90,34.90,false,1,
3069705,true,פיצה בודד בד`ץ גבינה דקה קפוא,נטו מלינדה סחר בע`מ,,,יח`,2,ל-100 גרם,false,1,2.90,1.45,false,1,
3070350,true,חלווה זהב וניל 300 גר`,מ.ד אטיאס סוכנויות מזון בע`מ,,,יח`,3,ל-100 גרם,false,1,10.90,3.63,false,1,
3072606,true,נקניקיות עוף מיני 350 גר`,תנובה מרכז שיתופי לשיווק תוצרת,,,יח`,0.35,ל-100 גרם,false,1,13.90,39.71,false,1,
3072972,true,קבנוס בתיבול שום 120 גר`,תנובה מרכז שיתופי לשיווק תוצרת,,,יח`,1.20,ל-100 גרם,false,1,11.70,9.75,true,1,
3118113,true,פיתות תימניות 10 יח`,מאפיית דואט בעמ`,,,יח`,1,ל-100 גרם,false,1,13.90,13.90,false,1,
3141159,true,יוגטה מרשמלו 180 גרם,ליימן שליסל בע`מ,,,יח`,1.80,ל-100 גרם,false,18,8.90,4.94,false,1,
3143146,true,ממרח תמרים 450גר,ליימן שליסל בע`מ,,,יח`,4.50,ל-100 גרם,false,24,5.90,1.31,false,1,
3143337,true,סילאן טבעי קליית גת 350גר,ליימן שליסל בע`מ,,,יח`,3.60,ל-100 גרם,false,12,15.90,4.42,false,1,
3208586,true,וורמוט מרטיני לבן 700 מל`,מ. אקרמן,,,יח`,7,"ל-100 מ""ל",false,1,49.90,7.09,true,1,
3287956,true,פילה לברק בוואקום,בלדי בע`מ,,,"ק""ג",1,"ק""ג",true,1,44.90,44.90,false,1,
3329069,true,פילה מושט קפוא,בלדי בע`מ,,,"ק""ג",1,ל-100 גרם,true,10,24.90,24.90,false,1,
3401369,true,קרם לחות ועיצוב לשיער חוחובה 400 מ``,החב. הדרומית לשיווק,,,יח`,4,"ל-100 מ""ל",false,12,19.90,4.98,false,1,
3401420,true,קרם לחות ועיצוב לשיער סיליקון 400 מל,החב. הדרומית לשיווק,,,יח`,4,"ל-100 מ""ל",false,1,19.90,4.98,false,1,
3411313,true,הנמל מפה מבד לא ארוג 180*120,הנמל אריזות ושיווק 1984 בע`מ,,,יח`,1,,false,30,7.90,7.90,true,1,
3411405,true,נר נשמה,הנמל אריזות ושיווק 1984 בע`מ,,,יח`,1,,false,1,2.90,2.90,false,1,
3414406,true,ריזס נטיפים לאפייה חמאת בוטנים,ליימן שליסל בע`מ,,,יח`,6.80,ל-100 גרם,false,12,17.90,2.63,false,1,
3427154,true,שמן זית זיתא כתית מעולה 750 מ``ל,תה ויסוצקי בע`מ,,,יח`,7.50,"ל-100 מ""ל",false,1,34.90,4.65,false,1,
3444009,true,ריזס שוקולד חלב במילוי חמאת בוטנים,ליימן שליסל בע`מ,,,יח`,0,ל-100 גרם,false,36,3.90,3.90,false,1,
3514007,true,מנה שקדי מרק 400 גר`,ש. שסטוביץ בע`מ,,,יח`,4,ל-100 גרם,false,1,8.90,2.23,false,1,
3521074,true,מרכך שיער סרקל לילדים 1 ליטר,"פישר תעשיות פרמצבטיות בע""מ",,,יח`,10,"ל-100 מ""ל",false,1,27.90,2.79,false,1,
3521081,true,שמפו סרקל לילדים ללא דמעות 1 ליטר,"פישר תעשיות פרמצבטיות בע""מ",,,יח`,10,"ל-100 מ""ל",false,1,27.90,2.79,false,1,
3550753,true,טונה פוסידון בשמן 110 מארז *4,נטו מלינדה סחר בע`מ,,,יח`,4.40,ל-100 גרם,false,16,19.90,4.52,false,1,
3570164,true,מינוט שווארמה פרגית 300 גר` בלדי,בלדי בע`מ,,,יח`,3,ל-100 גרם,false,20,29.90,9.97,false,1,
3570928,true,קבב בלדי קצביה ארוז 500 גר,בלדי בע`מ,,,יח`,5,ל-100 גרם,false,8,27.90,5.58,true,1,
3571116,true,פילה סלמון נוורגי,בלדי בע`מ,,,"ק""ג",1,ל-100 גרם,true,1,79.90,79.90,false,1,
3578108,true,לפתן אננס חתוך בסירופ 850 גרם,ג. וילי-פוד אינטרנשיונל בע`מ,,,יח`,8.50,ל-100 גרם,false,24,8.90,1.05,false,1,
3578672,true,שמן חמניות 1 ליטר,ג. וילי-פוד אינטרנשיונל בע`מ,,,יח`,1,,false,12,11.90,11.90,false,1,
3598267,true,פולי סויה אדממה 400 גר`,בלדי בע`מ,,,יח`,4,ל-100 גרם,false,1,9.90,2.48,false,1,
3598311,true,מינוט סטייק 300 גר`,בלדי בע`מ,,,יח`,3,ל-100 גרם,false,20,29.90,9.97,true,1,
3598472,true,פילה סלמון מנות בד`ץ,בלדי בע`מ,,,"ק""ג",1,ל-100 גרם,true,1,89.90,89.90,false,1,
3632220,true,שריר הזרוע מס`8,בלדי בע`מ,,,"ק""ג",1,,true,1,29.90,29.90,true,1,
3643004,true,אורז בסמטי הודי אחד אחד 1 קג,סוגת,,,יח`,10,ל-100 גרם,false,1,13.90,1.39,false,1,
3643134,true,סוגת סוכר וניל 10 יח *10גרם,סוגת,,,יח`,1,ל-100 גרם,false,1,2.50,2.50,false,1,
3643769,true,עדשים אדומים 500 גרם,סוגת,,,יח`,5,ל-100 גרם,false,1,7.90,1.58,false,1,
3672073,true,פילה מושט קפוא,פאר הבשר והעוף בעמ,,,"ק""ג",1,ל-100 גרם,true,1,24.90,24.90,false,1,
3718610,true,במיה 400 גרם,בלדי בע`מ,,,יח`,4,ל-100 גרם,false,25,9.90,2.48,false,1,
3718627,true,פול ירוק 400 גרם,בלדי בע`מ,,,יח`,4,ל-100 גרם,false,30,9.90,2.48,false,1,
3718993,true,פילה סלמון נורווגי בוואקום,בלדי בע`מ,,,"ק""ג",1,ל-100 גרם,true,1,79.90,79.90,false,1,
3726592,true,טופו ויילר פסטו,שטראוס גרופ בע`מ,,,יח`,3,"ל-100 מ""ל",false,1,12.90,4.30,true,1,
3726615,true,טופו ויילר 300 גרם,שטראוס גרופ בע`מ,,,יח`,3,"ל-100 מ""ל",false,1,12.90,4.30,true,1,
3864478,true,סרדינים בשמן צמחי 120 גרם,ג. וילי-פוד אינטרנשיונל בע`מ,,,יח`,1.20,ל-100 גרם,false,50,4.90,4.08,true,1,
3893416,true,פילה אמנון קפוא,בלדי בע`מ,,,"ק""ג",1,,true,1,24.90,24.90,false,1,
4030100,true,מיץ תפוזים 100% סחוט ולנסיה,תנובה מרכז שיתופי לשיווק תוצרת,,,יח`,10,"ל-100 מ""ל",false,1,12.90,1.29,false,1,
4030216,true,מיץ חמוציות 1 ל`,תנובה חלב,,,יח`,10,"ל-100 מ""ל",false,9,12,1.17,false,1,
4030445,true,מיץ תפוזים 1 ל`,תנובה חלב,,,יח`,10,"ל-100 מ""ל",false,9,12.20,1.19,false,1,
4030834,true,מיץ רימונים1 ל`,תנובה חלב,,,יח`,10,"ל-100 מ""ל",false,9,27,2.67,false,1,
4033705,true,הבורגריה לחמניות המבורגר ביס לוקס 6 בש,מאפיית י.את א. ברמן בעמ,,,יח`,6,ל-100 גרם,false,1,14.90,2.48,false,1,
4033712,true,לחם עננים מקמח מלא 750 גר`,מאפיית י.את א. ברמן בעמ,,,יח`,7.50,ל-100 גרם,false,1,16.90,2.25,true,1,
4033736,true,לחם עננים בסגנון בריוש,מאפיית י.את א. ברמן בעמ,,,יח`,1,ל-100 גרם,false,1,15.90,15.90,true,1,
4033828,true,לחמניות כפריות ללא גלוטן,מאפיית י.את א. ברמן בעמ,,,יח`,1,ל-100 גרם,false,1,17.90,17.90,false,1,
4048679,true,קובה למרק 1 ק`ג קפוא,נטו מלינדה סחר בע`מ,,,יח`,10,ל-100 גרם,false,8,17.90,1.79,false,1,
4063016,true,.מלח שולחן מעולה 1 ק`ג,סוגת,,,יח`,10,ל-100 גרם,false,1,1.90,0.19,false,1,
4063115,true,מלח מטבח רגיל 1 ק``ג,סוגת,,,יח`,10,ל-100 גרם,false,1,1.90,0.19,false,1,
4064099,true,מטחנה מלח מהרי ההימלאיה,סוגת,,,יח`,10,ל-100 גרם,false,1,18.90,1.89,false,1,
4064174,true,"מלח צנצנת הימלאיה דק 1 ק""ג",סוגת,,,יח`,6,ל-100 גרם,false,1,16.90,2.82,false,1,
4064181,true,"מלח צנצנת הימלאיה גס 1 ק""ג",סוגת,,,יח`,6,ל-100 גרם,false,1,16.90,2.82,false,1,
4064297,true,"מלח מועשר ביוד בצנצנת 1 ק""ג",סוגת,,,יח`,10,ל-100 גרם,false,1,9.90,0.99,false,1,
4068028,true,צזיקי 500 מ`ל,מחלבות גד בעמ`,,,יח`,2,ל-100 גרם,false,1,9.90,4.95,false,1,
4068035,true,איירן 500 מ`ל,מחלבות גד בעמ`,,,יח`,2,ל-100 גרם,false,1,8.60,4.30,false,1,
4068172,true,יוגורט עזים דלי 600 גר`5%,מחלבות גד בעמ`,,,יח`,6,"ל-100 מ""ל",false,1,18.90,3.15,false,1,
4120566,true,גבינה מלוחה %24 בולגרית 250 גרם,תנובה חלב,,,יח`,2.50,ל-100 גרם,false,1,22.90,9.16,false,1,
4120634,true,גבינה מלוחה בולגרית %5 250 גרם,תנובה חלב,,,יח`,2.50,ל-100 גרם,false,1,21.90,8.76,false,1,
4125400,true,אשל מהדרין %4.5 200 מ``ל גביע,תנובה חלב,,,יח`,2,"ל-100 מ""ל",false,1,1.69,0.85,false,1,
4125417,true,גיל מהדרין %3 200 מ``ל גביע,תנובה חלב,,,יח`,2,"ל-100 מ""ל",false,1,1.51,0.76,false,1,
4125462,true,תנובה שמנת חמוצה %15 500 גרם,תנובה חלב,,,יח`,5,"ל-100 מ""ל",false,1,6,1.20,false,1,
4125578,true,משקה סויה טרי מועשר קרטון 1 ליטר,תנובה חלב,,,יח`,10,"ל-100 מ""ל",false,1,10.90,1.09,false,1,
4125585,true,משקה סויה בטעם וניל 1 קרטון 1 ליטר,תנובה חלב,,,יח`,10,"ל-100 מ""ל",false,1,10.90,1.09,false,1,
4125738,true,"שמנת מתוקה להקצפה 32% 250 מ""ל",תנובה חלב,,,יח`,2.50,"ל-100 מ""ל",false,1,6.40,2.56,false,1,
4130794,true,משקה סויה מועשר מופחת מתיקות 1 ליטר,תנובה חלב,,,יח`,10,"ל-100 מ""ל",false,1,10.90,1.09,false,1,
4131074,true,חלב שתייה טרי בקרטון מהדרין 3% 1ליטר,תנובה חלב,,,יח`,10,"ל-100 מ""ל",false,1,6.23,0.62,false,1,
4132552,true,משקה סויה דיאט בטעם טבעי 1 ל`קרטון,תנובה חלב,,,יח`,10,"ל-100 מ""ל",false,1,10.90,1.09,false,1,
4134945,true,יופלה בטעם מוקה 3% 150 גרם,תנובה חלב,,,יח`,1.50,"ל-100 מ""ל",false,1,5.20,3.47,false,1,
4137311,true,גבינת עמק לייט 9% נוחה לפתיחה 400גרם,תנובה חלב,,,יח`,4,ל-100 גרם,false,1,31.90,7.98,false,1,
4146986,true,נקה 7 שמפו לשיער צבוע ומובהר 750 מל,החב. הדרומית לשיווק,,,יח`,7.50,"ל-100 מ""ל",false,12,11.90,1.59,true,1,
4146993,true,נקה 7 מרכך לשיער צבוע 750 מ``ל,החב. הדרומית לשיווק,,,יח`,7.50,"ל-100 מ""ל",false,12,11.90,1.59,true,1,
4339425,true,שווארמה מהצומח 350 גר`,לחיות יותר בטבע בעמ,,,יח`,3.50,ל-100 גרם,false,1,24.90,7.11,false,1,
4339999,true,סייטן אמרנט שניצלונים 400גר`,לחיות יותר בטבע בעמ,,,יח`,4,ל-100 גרם,false,1,27.90,6.98,false,1,
4456351,true,שריר הזרוע קפוא אשפר,בלדי בע`מ,,,"ק""ג",1,,true,1,49.90,49.90,false,1,
4603175,true,מלח הים האדום גס 500 גרם,סוגת,,,יח`,5,ל-100 גרם,false,1,7.90,1.58,false,1,
4685010,true,שיפון פלוס לחם הארץ 100% 500 גר`,מאפיית י.את א. ברמן בעמ,,,יח`,5,ל-100 גרם,false,1,16.90,3.38,false,1,
4685089,true,הארץ חמניות 750 גר`,מאפיית י.את א. ברמן בעמ,,,יח`,7.50,ל-100 גרם,false,1,16.90,2.25,false,1,
4685126,true,הארץ 5 דגנים ברמן 750 גר`,מאפיית י.את א. ברמן בעמ,,,יח`,7.50,ל-100 גרם,false,1,16.90,2.25,false,1,
4685157,true,הארץ שיפון 100% ברמן 750 גר`,מאפיית י.את א. ברמן בעמ,,,יח`,7.50,ל-100 גרם,false,1,16.90,2.25,false,1,
4685195,true,הארץ 10 דגנים ברמן 750 גר`,מאפיית י.את א. ברמן בעמ,,,יח`,7.50,ל-100 גרם,false,1,16.90,2.25,false,1,
4685201,true,הארץ שיפון אגוזים 500 גר`,מאפיית י.את א. ברמן בעמ,,,יח`,5,ל-100 גרם,false,1,16.90,3.38,false,1,
4685225,true,הארץ שיפון פומפרניקל ברמן,מאפיית י.את א. ברמן בעמ,,,יח`,1,ל-100 גרם,false,1,16.90,16.90,false,1,
4685430,true,הארץ כוסמין 100% ברמן 750 גר`,מאפיית י.את א. ברמן בעמ,,,יח`,7.50,ל-100 גרם,false,1,16.90,2.25,false,1,
4685447,true,לחמניות כוסמין ברמן 6 יח`,מאפיית י.את א. ברמן בעמ,,,יח`,1,ל-100 גרם,false,1,13.90,13.90,false,1,
4685461,true,פיתות כוסמין 8 יח בשקית,מאפיית י.את א. ברמן בעמ,,,יח`,1,ל-100 גרם,false,1,14.90,14.90,false,1,
4731519,true,מרכך ומבשם סנסיטיב לכביסה 750 מל,החב. הדרומית לשיווק,,,יח`,7.50,"ל-100 מ""ל",false,1,17.90,2.39,true,1,
4731557,true,מרכך ומבשם Musk לכביסה 750 מל,החב. הדרומית לשיווק,,,יח`,7.50,"ל-100 מ""ל",false,12,17.90,2.39,true,1,
4731670,true,מבשם אויר דואופרש אפרסק ומנדרינה300,החב. הדרומית לשיווק,,,יח`,3,"ל-100 מ""ל",false,12,11.90,3.97,false,1,
4731687,true,מבשם אויר דואופרש וניל 300 מ``ל,החב. הדרומית לשיווק,,,יח`,3,"ל-100 מ""ל",false,1,11.90,3.97,false,1,
4768294,true,פילה מושט ללא עור,בלדי בע`מ,,,"ק""ג",1,ל-100 גרם,true,1,34.90,34.90,false,1,
5113222,true,מיקס זיתים+גמבה A-2,קבוצת יבנה,,,יח`,5.60,ל-100 גרם,false,1,10.90,1.95,false,1,
5201882,true,קפה טורקי שקית 200 גרם,שטראוס גרופ בע`מ,,,יח`,2.40,ל-100 גרם,false,24,15.90,6.63,false,1,
5271410,true,ביצים ארוזות L 12 יח`,גליקסמן שיווק ביצים [1994] בעמ,,,יח`,1,,false,1,12.05,12.05,false,1,
5271427,true,ביצים ארוזות M 12 יח`,גליקסמן שיווק ביצים [1994] בעמ,,,יח`,1,,false,1,11.15,11.15,false,1,
5271816,true,תבנית 30 ביצים גודל S,גליקסמן שיווק ביצים [1994] בעמ,,,יח`,1,,false,1,21.20,21.20,false,1,
5317200,true,קרקר טופז 110 גרם,ח.כהן סוכנות מזון ומשקאות,,,יח`,1.10,ל-100 גרם,false,1,2.90,2.64,true,1,
5384837,true,מיץ לימון מלימונים טריים 500 גרם,ג. וילי-פוד אינטרנשיונל בע`מ,,,יח`,5,"ל-100 מ""ל",false,12,7,1.40,false,1,
5384851,true,מיץ לימון משומר 200 מ`ל,ג. וילי-פוד אינטרנשיונל בע`מ,,,יח`,2,"ל-100 מ""ל",false,24,4.80,2.40,false,1,
5423567,true,סנו סושי מטלית בגליל צהוב 40 יח,החב. הדרומית לשיווק,,,יח`,1,,false,15,19.90,19.90,false,1,
5423635,true,ריצפז פלוס נוזל לרצפה דוחה חרקים 2 ל,החב. הדרומית לשיווק,,,יח`,20,"ל-100 מ""ל",false,8,22.90,1.15,false,1,
5423734,true,מרכך כביסה סנו מקסימה כחול אולטרא פרש,החב. הדרומית לשיווק,,,יח`,40,"ל-100 מ""ל",false,6,21.90,0.55,false,1,
5424403,true,כיף סבון נוזלי אצות ים 1 ליטר,החב. הדרומית לשיווק,,,יח`,1,,false,12,12.90,12.90,false,1,
5424755,true,ריצפז פלוס מטליות לחות לניקוי רצפות,החב. הדרומית לשיווק,,,יח`,1,,false,12,14.90,14.90,false,1,
5424847,true,סנו סופט מפיות 30*30 150 יח`,החב. הדרומית לשיווק,,,יח`,1,,false,1,8.90,8.90,false,1,
5425073,true,מבשם Duo-Fresh ספריי סאנדלווד 300מל,החב. הדרומית לשיווק,,,יח`,3,"ל-100 מ""ל",false,12,11.90,3.97,false,1,
5425110,true,מתז לחיטוי משטחים 99.9% מחטא ומשמיד חי,החב. הדרומית לשיווק,,,יח`,10,ל-100 גרם,false,1,14.90,1.49,true,1,
5425127,true,מתז לחיטוי משטחים 99.9% מנקה שומנים וא,החב. הדרומית לשיווק,,,יח`,10,ל-100 גרם,false,1,14.90,1.49,true,1,
5425196,true,סנו מקסימה סנסטיב 2.5,החב. הדרומית לשיווק,,,יח`,25,ל-100 גרם,false,6,24.90,1,false,1,
5427107,true,סנו סושי מגבות נייר לבנות 6 יח`,החב. הדרומית לשיווק,,,יח`,5.70,ל-100 גרם,false,1,12.90,2.26,false,1,
5429279,true,סנו מקסימה אבקת כביסה אפקט ג`אוול 6גר,החב. הדרומית לשיווק,,,יח`,6,ל-100 גרם,false,3,49.90,8.32,false,1,
5429286,true,סנו מקסימה אבקת כביסה ביו 6גר שקית,החב. הדרומית לשיווק,,,יח`,6,ל-100 גרם,false,3,49.90,8.32,false,1,
5431883,true,מלבי חלבי 165 גר`,תנובה חלב,,,יח`,1.50,"ל-100 מ""ל",false,1,6.90,4.60,false,1,
5431906,true,קדאיף 82 גר`,תנובה חלב,,,יח`,1.50,"ל-100 מ""ל",false,1,6.90,4.60,false,1,
5431913,true,עוגת גבינה פירורים 92 גר`,תנובה חלב,,,יח`,1.50,"ל-100 מ""ל",false,1,6.90,4.60,false,1,
5431937,true,טירמיסו 82 גר`,תנובה חלב,,,יח`,1.50,"ל-100 מ""ל",false,1,6.90,4.60,false,1,
5431968,true,מלבי שמנת 150 גר`,תנובה חלב,,,יח`,1.50,ל-100 גרם,false,1,6.90,4.60,false,1,
5559709,true,בורקס פיצה 700 גרם קפוא,תנובה מרכז שיתופי לשיווק תוצרת,,,יח`,7,ל-100 גרם,false,12,25.90,3.70,false,1,
5610509,true,צנונית,ביכורי השדה הצפון בעמ` 1964,,,יח`,1,,false,1,6.90,6.90,false,1,
5617379,true,יעה גומי מולחם,ד.ג.ש ייבוא ושיווק בעמ,,,יח`,1,,false,1,4.90,4.90,false,1,
5651427,true,בונזו מולטיפק 3*400 גר,שחורי אריה ואנסטסיה,,,יח`,12,ל-100 גרם,false,1,17.90,1.49,false,1,
5678318,true,ענב לבן אוטום קריספ,ביכורי השדה הצפון בעמ` 1964,,,"ק""ג",8,ל-100 גרם,true,1,24.90,3.11,false,1,
5678585,true,ענב שחור סקרלוטה,ביכורי השדה הצפון בעמ` 1964,,,"ק""ג",0,"ק""ג",true,1,24.90,24.90,false,1,
5678806,true,ענב שחור אדורה,ביכורי השדה הצפון בעמ` 1964,,,"ק""ג",0,"ק""ג",true,1,29.90,29.90,false,1,
5678844,true,ענב לבן טלי,ביכורי השדה הצפון בעמ` 1964,,,"ק""ג",0,"ק""ג",true,1,19.90,19.90,false,1,
5678974,true,עליי מנגולד,ביכורי השדה הצפון בעמ` 1964,,,יח`,1,,false,1,6.90,6.90,false,1,
5896415,true,פחית איגל ירוק 500 מל,טמפו משקאות בע`מ,,,יח`,5,"ל-100 מ""ל",false,24,6.90,1.32,true,1,
5896453,true,מכבי 7.9% חוזר 500 מל`,טמפו משקאות בע`מ,,,יח`,5,"ל-100 מ""ל",false,20,6.80,1.12,false,1,
5896620,true,סאן בנדטו 1.5 ל`בודד,טמפו משקאות בע`מ,,,יח`,15,"ל-100 מ""ל",false,1,4.20,0.26,false,1,
5951022,true,דלעת חתוכה,ביכורי השדה הצפון בעמ` 1964,,,"ק""ג",1,,true,1,10.90,10.90,false,1,
5992575,true,גבינה בולגרית למריחה 5% 250 גרם,מחלבות גד בעמ`,,,יח`,2.50,ל-100 גרם,false,1,15.90,6.36,false,1,
5992735,true,גבינה לאבנה טבעי 250 גרם,מחלבות גד בעמ`,,,יח`,2.50,ל-100 גרם,false,1,11.90,4.76,false,1,
5996009,true,סלמי גלילי מעושן 400 גר`,מעדני יחיעם ( 1993 ) בע`מ,,,יח`,0.40,ל-100 גרם,false,1,19.90,49.75,false,1,
5996078,true,סרוולט הונגרי 125 גר`,מעדני יחיעם ( 1993 ) בע`מ,,,יח`,1.25,ל-100 גרם,false,1,24.90,19.92,false,1,
5996221,true,פסטרמה של פעם דק דק 120 גר`,מעדני יחיעם ( 1993 ) בע`מ,,,יח`,1.20,ל-100 גרם,false,1,14.90,12.42,true,1,
5996238,true,פסטרמה בדבש דק דק 120 גר`,מעדני יחיעם ( 1993 ) בע`מ,,,יח`,1.20,ל-100 גרם,false,1,14.90,12.42,true,1,
5996276,true,פסטרמה ברביקיו דק דק 120 גר`,מעדני יחיעם ( 1993 ) בע`מ,,,יח`,1.20,ל-100 גרם,false,1,14.90,12.42,true,1,
5996740,true,סלמי פפרוני 300 גר`,מעדני יחיעם ( 1993 ) בע`מ,,,יח`,3,ל-100 גרם,false,1,22.90,7.63,true,1,
6199027,true,מאגדת גלידל גלית תות 8 יח`,פלקו בעמ חברה ישראלית,,,יח`,1,ל-100 גרם,false,1,29.90,29.90,false,1,
6199218,true,מאגדת גלידל אייס מוקה 8 יח`,פלקו בעמ חברה ישראלית,,,יח`,1,ל-100 גרם,false,1,29.90,29.90,false,1,
6199942,true,מאגדת גלידל פרי דובדבן 8 יח`,פלקו בעמ חברה ישראלית,,,יח`,1,ל-100 גרם,false,1,19.90,19.90,false,1,
6229588,true,פחית איגל ירוק 500 מל,טמפו משקאות בע`מ,,,יח`,5,"ל-100 מ""ל",false,24,6.90,1.32,true,1,
6265500,true,פטריות שמפניון ארוז,ביכורי השדה הצפון בעמ` 1964,,,יח`,1,,false,1,9.90,9.90,false,1,
6272072,true,חטיפי פיצה מרובעים אישי 24 יח 650 גר קפו,תנובה מרכז שיתופי לשיווק תוצרת,,,יח`,6.50,ל-100 גרם,false,8,29.90,4.60,false,1,
6272430,true,בצק עלים חמאה 600 גרם קפוא,תנובה מרכז שיתופי לשיווק תוצרת,,,יח`,6,ל-100 גרם,false,9,28.80,4.80,false,1,
6306302,true,רביולי פרמזן ריקוטה 400 גרם,מחלבות גד בעמ`,,,יח`,4,ל-100 גרם,false,1,22.90,5.73,true,1,
6306319,true,רביולי בטטה 400 גרם,מחלבות גד בעמ`,,,יח`,4,ל-100 גרם,false,1,22.90,5.73,true,1,
6492432,true,בייבי מוצרלה %18 150 גרם,מחלבות גד בעמ`,,,יח`,1.50,ל-100 גרם,false,1,12.90,8.60,false,1,
6492616,true,גבינה בולגרית מעודנת בפרוסות 5% 250ג,מחלבות גד בעמ`,,,יח`,2.50,ל-100 גרם,false,1,25.90,10.36,false,1,
6492630,true,גליל גד עז גבינה מחלב עיזים 22% 180ג,מחלבות גד בעמ`,,,יח`,0.80,ל-100 גרם,false,1,21.90,27.38,false,1,
6492852,true,גבינת עזים למריחה 5% 250 גרם,מחלבות גד בעמ`,,,יח`,2.50,ל-100 גרם,false,1,17.90,7.16,true,1,
6492913,true,גבינת לאבנה צזיקי למריחה 5% 250 גרם,מחלבות גד בעמ`,,,יח`,2.50,ל-100 גרם,false,1,12.90,5.16,false,1,
6546302,true,צ`יפס קייטרינג 1.5 ק`ג,ויטה פרי גליל (החדשה) בע`מ,,,יח`,15,ל-100 גרם,false,8,17.90,1.19,false,1,
6546388,true,תחתיות ארטישוק 400 גרם,ויטה פרי גליל (החדשה) בע`מ,,,יח`,4,ל-100 גרם,false,20,10.90,2.73,false,1,
6546500,true,צ`יפס זיגזג 800 גר`,ויטה פרי גליל (החדשה) בע`מ,,,יח`,8,ל-100 גרם,false,15,9.90,1.24,false,1,
6546517,true,סטייק צ`פס 800 גרם,ויטה פרי גליל (החדשה) בע`מ,,,יח`,8,ל-100 גרם,false,1,9.90,1.24,false,1,
6739407,true,שניצל תירס לייט 630 גרם קפוא,נקניק זוגלובק נהריה,,,יח`,6.30,ל-100 גרם,false,12,24.90,3.95,true,1,
6739445,true,שניצל תירס קלאסי 750 גרם,נקניק זוגלובק נהריה,,,יח`,7.50,ל-100 גרם,false,1,26.90,3.59,true,1,
6764065,true,בירה נשר מאלט שחורה בקבוק 500 מל,טמפו משקאות בע`מ,,,יח`,5,"ל-100 מ""ל",false,20,5.80,0.92,false,1,
6764072,true,בירה גולדסטאר בקבוק 500 מל,טמפו משקאות בע`מ,,,יח`,5,"ל-100 מ""ל",false,20,6.80,1.12,false,1,
6764096,true,בירה איגל בקבוק חוזר 500 מל`,טמפו משקאות בע`מ,,,יח`,5,"ל-100 מ""ל",false,20,6.80,1.12,true,1,
6764157,true,בירה גולדסטאר בקבוק 500 מל,טמפו משקאות בע`מ,,,יח`,5,"ל-100 מ""ל",false,20,7.80,1.32,false,1,
6764737,true,בירה נשר מאלט דיאט שחורה בקבוק 500מל,טמפו משקאות בע`מ,,,יח`,5,"ל-100 מ""ל",false,20,5.80,0.92,false,1,
6766014,true,קוקוס רצועות 200 גר`,דין שיווק וקליה 2021 בעמ,,,יח`,2,ל-100 גרם,false,1,13.90,6.95,false,1,
6775894,true,אחוה עוגת שיש ללא סוכר 400 גר,אחדות ביתחרושת לטחינה חלבה,,,יח`,4,ל-100 גרם,false,1,11.90,2.98,false,1,
6784865,true,מתז 1 ליטר מטבחים תכשיר מרוכז ועוצמתי,קומפלקס כימקלים בעמ`,,,יח`,1,,false,1,9.90,9.90,true,1,
6788405,true,דאודורנט נושם Nature רול און ורוד 75,החב. הדרומית לשיווק,,,יח`,0.75,ל-100 גרם,false,12,12.90,17.20,false,1,
6788412,true,דאודורנט נושם Aqua רול און כחול 75מ`,החב. הדרומית לשיווק,,,יח`,0.75,ל-100 גרם,false,12,12.90,17.20,false,1,
6788504,true,.דאודורנט נושם Qxygen ספריי סגול 200מ,החב. הדרומית לשיווק,,,יח`,2,"ל-100 מ""ל",false,12,12.90,6.45,false,1,
6805850,true,תערובת להכנת פנקייק 500 גרם,ליימן שליסל בע`מ,,,יח`,5,ל-100 גרם,false,12,17.90,3.58,false,1,
6822192,true,נקטר חמוציות דיאט 1 ליטר,החברה המרכזית להפצת משקאות בע`,,,יח`,10,"ל-100 מ""ל",false,12,12.20,1.19,false,1,
6908360,true,שקד קלוי 150 גרם,בוטנת בעמ חברה לקלייה ואריזת פ,,,יח`,1.50,ל-100 גרם,false,1,14.90,9.93,false,1,
6908377,true,שקד טבעי 150 גרם,בוטנת בעמ חברה לקלייה ואריזת פ,,,יח`,1.50,ל-100 גרם,false,1,15.90,10.60,true,1,
6908384,true,פיסטוק חלבי 150גר פיצוחי חממה,בוטנת בעמ חברה לקלייה ואריזת פ,,,יח`,1.50,ל-100 גרם,false,1,19.90,13.27,false,1,
6908391,true,קשיו קלוי 150 גרם פיצוחי חממה,בוטנת בעמ חברה לקלייה ואריזת פ,,,יח`,1.50,ל-100 גרם,false,1,14.90,9.93,true,1,
6941466,true,"שמן קנולה 1 ליטר""שווה""",ח.כהן סוכנות מזון ומשקאות,,,יח`,10,"ל-100 מ""ל",false,1,9.90,0.99,false,1,
6983527,true,עוגת הבית פירורים תפו`ע 400 גרם,קבוצת אסם סחר,,,יח`,4,ל-100 גרם,false,1,16.90,4.23,false,1,
8021043,true,שמפו פינוק לשיער רגיל 700 גרם,יוניליוור ישראל שיווק בע`מ,,,יח`,7,"ל-100 מ""ל",false,1,11.90,1.70,false,1,
8175173,true,חמאה מפינלנד 200 גר` ללא מלח,ג. וילי-פוד אינטרנשיונל בע`מ,,,יח`,2,ל-100 גרם,false,1,11.90,5.95,false,1,
8175814,true,פטריות שמפיניון חתוכות 400 גרם,ג. וילי-פוד אינטרנשיונל בע`מ,,,יח`,4,ל-100 גרם,false,24,4.90,1.23,false,1,
8328913,true,סילאן תמרים טהור 900 גר`,בני גורג שוקחה בעמ,,,יח`,9,ל-100 גרם,false,1,19.90,2.21,false,1,
8409100,true,אצבעות שניצל בציפוי שומשום 700 גרם קפוא,תנובה מרכז שיתופי לשיווק תוצרת,,,יח`,7,ל-100 גרם,false,10,34.90,4.99,false,1,
8409407,true,שניצל דק בציפוי צ`יפס 700גר קפוא,תנובה מרכז שיתופי לשיווק תוצרת,,,יח`,7,ל-100 גרם,false,1,41.90,5.99,false,1,
8443616,true,נקה 7 מרכך לשיער יבש 750 מל,החב. הדרומית לשיווק,,,יח`,7.50,"ל-100 מ""ל",false,1,11.90,1.59,true,1,
8443630,true,נקה 7 שמפו לשיער מתולתל 750 מל,החב. הדרומית לשיווק,,,יח`,7.50,"ל-100 מ""ל",false,12,11.90,1.59,true,1,
8443647,true,נקה 7 מרכך לשיער מתולתל 750 מל,החב. הדרומית לשיווק,,,יח`,7.50,"ל-100 מ""ל",false,12,11.90,1.59,true,1,
8461283,true,גבינה טריפל צ`דר 200 גר`,א.סיימן סחר בעמ,,,יח`,2,ל-100 גרם,false,1,23.90,11.95,true,1,
8462204,true,חרדל דיז`ון מקורי 380 גר`,א.סיימן סחר בעמ,,,יח`,3.80,ל-100 גרם,false,1,15.90,4.18,true,1,
8464024,true,בירה גולדסטאר לא מסונן 500מ`ל,טמפו משקאות בע`מ,,,יח`,5,"ל-100 מ""ל",false,12,8.90,1.72,false,1,
8464130,true,בירה UF גולדסטאר 330מ`ל*6יח,טמפו משקאות בע`מ,,,יח`,19.80,"ל-100 מ""ל",false,4,39.90,1.92,true,1,
8464222,true,בירה מכבי 7.9 פחית להחזרה 500 מל,טמפו משקאות בע`מ,,,יח`,5,"ל-100 מ""ל",false,24,7.90,1.52,false,1,
8464468,true,בירה גולדסטאר פחית להחזרה 500 מל,טמפו משקאות בע`מ,,,יח`,5,"ל-100 מ""ל",false,24,7.90,1.52,false,1,
8464604,true,בירה היינקן פחית 500 מל,טמפו משקאות בע`מ,,,יח`,5,"ל-100 מ""ל",false,24,9.90,1.92,false,1,
8464611,true,מי סודה 275 מ`ל,טמפו משקאות בע`מ,,,יח`,2.75,"ל-100 מ""ל",false,1,3.90,1.31,true,1,
8464697,true,בירה מכבי 7.9% אלכוהול 6יח*330מ`ל בק`,טמפו משקאות בע`מ,,,יח`,19.80,"ל-100 מ""ל",false,4,39.90,1.92,true,1,
8464703,true,בירה מכבי בקבוק 6*330 מל,טמפו משקאות בע`מ,,,יח`,19.80,"ל-100 מ""ל",false,4,34.90,1.67,true,1,
8464734,true,שישייה גולדסטאר SLOW BREW,טמפו משקאות בע`מ,,,יח`,19.80,"ל-100 מ""ל",false,4,39.90,1.92,true,1,
8464741,true,בירה גולדסטאר בקבוק 6*330 מ`ל,טמפו משקאות בע`מ,,,יח`,19.80,"ל-100 מ""ל",false,4,36.90,1.77,true,1,
8464796,true,.בירה היינקן בקבוק 6*330 מל,טמפו משקאות בע`מ,,,יח`,19.80,"ל-100 מ""ל",false,4,39.90,1.92,true,1,
8493710,true,פרורי גרסיני זהב 200 גרם,דנאגיס בעמ,,,יח`,2,ל-100 גרם,false,16,6.90,3.45,false,1,
8644235,true,ירקות צעירי הגן עלי בייבי 120 גר`,ביכורי השדה הצפון בעמ` 1964,,,יח`,1.20,ל-100 גרם,false,1,10.90,9.08,false,1,
8690713,true,נקטר חמוציות 1 ליטר,החברה המרכזית להפצת משקאות בע`,,,יח`,10,"ל-100 מ""ל",false,1,12.20,1.19,false,1,
8757980,true,ספרינג נקטר רימונים 1 ליטר קרטון,יפאורה - שותפות מוגבלת לשיווק,,,יח`,10,"ל-100 מ""ל",false,1,6.90,0.69,false,1,
8805964,true,קברנה שיראז גליל עליון,אגודת הכורמים,,,יח`,7.50,"ל-100 מ""ל",false,1,59.90,7.95,true,1,
8835954,true,פילה מושט קפוא,בלדי בע`מ,,,"ק""ג",1,ל-100 גרם,true,1,24.90,24.90,false,1,
8835961,true,פילה מושט קפוא,בלדי בע`מ,,,"ק""ג",1,ל-100 גרם,true,1,24.90,24.90,false,1,
8835992,true,נסיכת הנילוס פרוס,בלדי בע`מ,,,"ק""ג",1,ל-100 גרם,true,1,69.90,69.90,true,1,
8849845,true,אוליביה אריסה פיקנטית,תנובה חלב,,,יח`,1.80,ל-100 גרם,false,6,12,6.67,false,1,
8900089,true,תרד,ביכורי השדה הצפון בעמ` 1964,,,יח`,1,,false,1,10.90,10.90,false,1,
8989473,true,ממרח חרובים בטעם שוקולד 350 גר`,מ.ד אטיאס סוכנויות מזון בע`מ,,,יח`,3.50,ל-100 גרם,false,1,13.90,3.97,false,1,
10065301,true,פרינוק מחית סלט פירות שלב 2 130 ג`,גורי מוצרי צריכה 1991 בע`מ,,,יח`,1.30,ל-100 גרם,false,1,5.90,4.54,false,1,
10118328,true,תפוצ`יפס בטעם טבעי 6*40 גרם,שטראוס פריטו ליי בע`מ,,,יח`,2.40,ל-100 גרם,false,1,11.90,4.96,false,1,
10124107,true,סטייק בורגר 400 גר`,בלדי בע`מ,,,יח`,4,ל-100 גרם,false,12,19.90,4.98,false,1,
10124190,true,שניצל בקר מלינסה אל מטאדור 250 גר`,בלדי בע`מ,,,יח`,2.50,ל-100 גרם,false,20,14.90,5.96,false,1,
10124213,true,סינטה בקר דק דק אל מטאדור 250 גר`,בלדי בע`מ,,,יח`,2.50,ל-100 גרם,false,20,19.90,7.96,false,1,
10124473,true,אפונה עדינה 600 גר`,בלדי בע`מ,,,יח`,6,ל-100 גרם,false,1,11.90,1.98,false,1,
10126323,true,חציל במיונז 400 גר`,ויטה פרי גליל (החדשה) בע`מ,,,יח`,4,ל-100 גרם,false,1,10.90,2.73,true,1,
10126330,true,תירס במיונז 400 גר,ויטה פרי גליל (החדשה) בע`מ,,,יח`,4,ל-100 גרם,false,1,10.90,2.73,true,1,
10126477,true,טחינה ירוקה 400 גר`,ויטה פרי גליל (החדשה) בע`מ,,,יח`,4,ל-100 גרם,false,1,10.90,2.73,true,1,
10126484,true,מטבוחה 400 גר`,ויטה פרי גליל (החדשה) בע`מ,,,יח`,4,ל-100 גרם,false,1,10.90,2.73,true,1,
10126491,true,סלט סלק 400 גר`,ויטה פרי גליל (החדשה) בע`מ,,,יח`,4,ל-100 גרם,false,1,10.90,2.73,true,1,
10126507,true,סלט טורקי 400 גר`,ויטה פרי גליל (החדשה) בע`מ,,,יח`,4,ל-100 גרם,false,1,10.90,2.73,true,1,
10126583,true,חציל טבעי 400 גר`,ויטה פרי גליל (החדשה) בע`מ,,,יח`,4,ל-100 גרם,false,1,10.90,2.73,true,1,
10126873,true,קולסלו,ויטה פרי גליל (החדשה) בע`מ,,,יח`,4,ל-100 גרם,false,1,10.90,2.73,true,1,
10126958,true,תפו`א במיונז 400 גר`,ויטה פרי גליל (החדשה) בע`מ,,,יח`,4,ל-100 גרם,false,1,10.90,2.73,true,1,
10126972,true,טחינה לבנה 400 גר`,ויטה פרי גליל (החדשה) בע`מ,,,יח`,4,ל-100 גרם,false,1,10.90,2.73,true,1,
10154029,true,אריסה מתוקה 250 ג,נטו מלינדה סחר בע`מ,,,יח`,2.50,ל-100 גרם,false,12,12.90,5.16,false,1,
10237890,true,בירה היינקן בקבוק 500 מל,טמפו משקאות בע`מ,,,יח`,5,"ל-100 מ""ל",false,20,8.80,1.52,false,1,
10259359,true,נודלס ביצים להקפצה 200 גרם,ג. וילי-פוד אינטרנשיונל בע`מ,,,יח`,2,ל-100 גרם,false,24,4.90,2.45,false,1,
10259977,true,שמן קנולה מזוכך 1 ליטר,ג. וילי-פוד אינטרנשיונל בע`מ,,,יח`,10,"ל-100 מ""ל",false,1,9.90,0.99,false,1,
10328093,true,ממרח חלבה 400 גרם,אחדות ביתחרושת לטחינה חלבה,,,יח`,4,"ל-100 מ""ל",false,1,10.90,2.73,false,1,
10328345,true,חלווה 50 גר` בקופסה,אחדות ביתחרושת לטחינה חלבה,,,יח`,0.50,ל-100 גרם,false,1,1.50,3,true,1,
10328468,true,חטיפי מיני חלווה בטעמים 18 יח`,אחדות ביתחרושת לטחינה חלבה,,,יח`,1,,false,1,10.90,10.90,true,1,
10328505,true,חטיפי מיני חלווה ללא תוספת סוכר 15 יח,אחדות ביתחרושת לטחינה חלבה,,,יח`,1.50,יח`,false,1,10.90,7.27,true,1,
10328727,true,ממרח טחינה עם שוקולד 400 גר`,אחדות ביתחרושת לטחינה חלבה,,,יח`,4,"ל-100 מ""ל",false,1,11.90,2.98,false,1,
10328734,true,ממרח טחינה עם סילאן 400 גר`,אחדות ביתחרושת לטחינה חלבה,,,יח`,4,"ל-100 מ""ל",false,1,11.90,2.98,false,1,
10328765,true,חלווה 50 גר` שוקו וניל בקופסא,אחדות ביתחרושת לטחינה חלבה,,,יח`,0.50,ל-100 גרם,false,1,1.50,3,true,1,
10472307,true,גמדים לשתיה תות בננה 8*100 מל,שטראוס גרופ בע`מ,,,יח`,8,"ל-100 מ""ל",false,6,20.40,2.55,false,1,
10546053,true,גרנולה ללא תוספת סוכר 400 גר`,גורי מוצרי צריכה 1991 בע`מ,,,יח`,4,ל-100 גרם,false,6,19.90,4.98,false,1,
10546152,true,גרנולה תמרים 400 גר`,גורי מוצרי צריכה 1991 בע`מ,,,יח`,4,ל-100 גרם,false,6,19.90,4.98,false,1,
10546565,true,גרנולה שוקולד 400 גר`,גורי מוצרי צריכה 1991 בע`מ,,,יח`,4,ל-100 גרם,false,1,19.90,4.98,false,1,
10582037,true,סוויט בייט פלפלונים,ביכורי השדה הצפון בעמ` 1964,,,יח`,1,,false,1,8.90,8.90,false,1,
10650019,true,אנדיב בלגי אמיתי,ביכורי השדה הצפון בעמ` 1964,,,יח`,1,,false,1,12.90,12.90,false,1,
10650064,true,פטריות יער מיובשות חוות תקוע .,ביכורי השדה הצפון בעמ` 1964,,,יח`,1,,false,1,9.90,9.90,false,1,
10650101,true,עגבניות מיובשות,ביכורי השדה הצפון בעמ` 1964,,,יח`,1,,false,1,11.90,11.90,false,1,
10690008,true,פטרוזיליה,ביכורי השדה הצפון בעמ` 1964,,,יח`,1,,false,1,3.90,3.90,false,1,
10699155,true,נר עוגה אנגלית,שמחה זה אנחנו בע`מ,,,יח`,1,,false,1,10.70,10.70,false,1,
10711123,true,כריות מתכת רביעייה,מ.א. יצור ויבוא מטליות בעמ`,,,יח`,1,,false,1,6.90,6.90,false,1,
10711208,true,גליל מטליות צהוב 40 יח`,מ.א. יצור ויבוא מטליות בעמ`,,,יח`,1,,false,1,16.90,16.90,false,1,
10711932,true,מארז 9 מטליות SHINY,מ.א. יצור ויבוא מטליות בעמ`,,,יח`,1,,false,1,7.90,7.90,false,1,
10962075,true,אפונה גינה וגזר,א.א. שימורי עדן בעמ`,,,יח`,5.60,ל-100 גרם,false,1,4.90,0.88,false,1,
11017866,true,פחית ק`ק סילק 330 מ`ל,החברה המרכזית להפצת משקאות בע`,,,יח`,3.30,"ל-100 מ""ל",false,24,4.90,1.39,true,1,
11017873,true,פחית זירו סליק 330 מ`ל,החברה המרכזית להפצת משקאות בע`,,,יח`,3.30,"ל-100 מ""ל",false,24,4.20,1.18,true,1,
11018917,true,קוקה קולה זירו*6יח פח,החברה המרכזית להפצת משקאות בע`,,,יח`,19.80,"ל-100 מ""ל",false,4,27.70,1.31,false,1,
11065416,true,פלפל שחור מטחנה 60 גר`,א.ל. ייצור ושיווק תבלינים בע`מ,,,יח`,6,ל-100 גרם,false,1,17.90,2.98,false,1,
11108113,true,חסה מהדרין,ביכורי השדה הצפון בעמ` 1964,,,יח`,1,,false,1,6.90,6.90,false,1,
11115166,true,נקה תחליב ירוק אלוורה 1 ל`,החב. הדרומית לשיווק,,,יח`,10,לליטר,false,12,13.90,1.39,false,1,
11115203,true,סבון נקה 7 מוצק קלאסיק מבושם 4*100גר,החב. הדרומית לשיווק,,,יח`,4,ל-100 גרם,false,12,10.90,2.73,false,1,
11115241,true,סבון נקה 7 כחול מוצק 4*100 גרם,החב. הדרומית לשיווק,,,יח`,4,ל-100 גרם,false,1,10.90,2.73,false,1,
11115296,true,סבון נקה 7 שחור מועשר 4*100 גרם,החב. הדרומית לשיווק,,,יח`,4,ל-100 גרם,false,12,10.90,2.73,false,1,
11128043,true,שורש פטרוזליה,ביכורי השדה הצפון בעמ` 1964,,,יח`,1,,false,1,4.90,4.90,false,1,
11133375,true,בירה מכבי שנדי אפרסק בקבוק 6*330מל,טמפו משקאות בע`מ,,,יח`,19.80,"ל-100 מ""ל",false,4,34.90,1.67,true,1,
11142001,true,לחם`דואט`,מאפיית דואט בעמ`,,,יח`,5.50,ל-100 גרם,false,1,12.90,2.35,false,1,
11142049,true,לחם דגנים דואט,מאפיית דואט בעמ`,,,יח`,6.30,ל-100 גרם,false,1,13.90,2.21,false,1,
11142094,true,לחם שיפון`פטרובסקי`,מאפיית דואט בעמ`,,,יח`,1,ל-100 גרם,false,1,14.90,14.90,false,1,
11142148,true,לחמים/לחמניות,מאפיית דואט בעמ`,,,יח`,1,ל-100 גרם,false,1,12.90,12.90,false,1,
11142193,true,לחמניות מתוקות,מאפיית דואט בעמ`,,,יח`,1,ל-100 גרם,false,1,12.90,12.90,false,1,
11142315,true,פרנה דואט,מאפיית דואט בעמ`,,,יח`,1,יח`,false,1,14.50,14.50,false,1,
11142322,true,פיתה בחבילה 10 יח`,מאפיית דואט בעמ`,,,יח`,1,יח`,false,1,13.90,13.90,false,1,
11142407,true,לחם שבע דגנים 1100 גר`,מאפיית דואט בעמ`,,,יח`,1.10,ל-100 גרם,false,1,18.90,17.18,false,1,
11142650,true,לחם 100% שיפון,מאפיית דואט בעמ`,,,יח`,0.90,ל-100 גרם,false,1,17.90,19.89,false,1,
11148898,true,ברוקלי יח`,ביכורי השדה הצפון בעמ` 1964,,,יח`,1,,false,1,9.90,9.90,false,1,
11148904,true,צ`ילי חריף,ביכורי השדה הצפון בעמ` 1964,,,יח`,1,,false,1,7.90,7.90,false,1,
11148911,true,פלפל טינקרבל,ביכורי השדה הצפון בעמ` 1964,,,יח`,1,,false,1,8.90,8.90,false,1,
11148935,true,מלפפון מיני,ביכורי השדה הצפון בעמ` 1964,,,יח`,1,,false,1,9.90,9.90,false,1,
11154035,true,"תרכיז תפוחים סחוט 500 מ""ל",ליימן שליסל בע`מ,,,יח`,5,"ל-100 מ""ל",false,1,19.90,3.98,false,1,
11154080,true,"תרכיז תפוחים צלול 500 מ""ל",ליימן שליסל בע`מ,,,יח`,5,"ל-100 מ""ל",false,1,19.90,3.98,false,1,
11174866,true,צי`פס בטטה 700 גר`,ויטה פרי גליל (החדשה) בע`מ,,,יח`,7,ל-100 גרם,false,16,11.90,1.70,false,1,
11174897,true,אפונה עדינה 600 גר`,ויטה פרי גליל (החדשה) בע`מ,,,יח`,8,ל-100 גרם,false,1,12.90,1.61,false,1,
11235024,true,רוזמרין,ביכורי השדה הצפון בעמ` 1964,,,יח`,1,,false,1,5.90,5.90,false,1,
11235055,true,בזיליקום,ביכורי השדה הצפון בעמ` 1964,,,יח`,1,,false,1,5.90,5.90,false,1,
11235062,true,עירית,ביכורי השדה הצפון בעמ` 1964,,,יח`,1,,false,1,5.90,5.90,false,1,
11235079,true,טימין,ביכורי השדה הצפון בעמ` 1964,,,יח`,1,,false,1,5.90,5.90,false,1,
11235109,true,מרווה,ביכורי השדה הצפון בעמ` 1964,,,יח`,1,,false,1,5.90,5.90,false,1,
11249755,true,רולים אגוז 100 גרם,מ.ד אטיאס סוכנויות מזון בע`מ,,,יח`,1,ל-100 גרם,false,1,3.90,3.90,false,1,
11480509,true,פטרוזליה מהדרין הכפר,ביכורי השדה הצפון בעמ` 1964,,,יח`,1,,false,1,5.90,5.90,false,1,
11480516,true,שמיר מהדרין הכפר,ביכורי השדה הצפון בעמ` 1964,,,יח`,1,,false,1,5.90,5.90,false,1,
11480523,true,נענע מהדרין הכפר,ביכורי השדה הצפון בעמ` 1964,,,יח`,1,,false,1,5.90,5.90,false,1,
11480530,true,כוסברה מהדרין הכפר,ביכורי השדה הצפון בעמ` 1964,,,יח`,1,,false,1,5.90,5.90,false,1,
11480547,true,בצל ירוק מהדרין,ביכורי השדה הצפון בעמ` 1964,,,יח`,1,,false,1,6.90,6.90,false,1,
11480554,true,סלרי עלים גוש קטיף,ביכורי השדה הצפון בעמ` 1964,,,יח`,1,,false,1,5.90,5.90,false,1,
11480561,true,סלרי מהדרין,ביכורי השדה הצפון בעמ` 1964,,,יח`,1,,false,1,6.90,6.90,false,1,
11480578,true,חסה,ביכורי השדה הצפון בעמ` 1964,,,יח`,1,,false,1,6.90,6.90,false,1,
11480585,true,כרוב לבן גוש קטיף,ביכורי השדה הצפון בעמ` 1964,,,"ק""ג",1,,true,1,15.90,15.90,false,1,
11489595,true,קרקר שומשום 110 גר`,ח.כהן סוכנות מזון ומשקאות,,,יח`,1.10,ל-100 גרם,false,1,2.90,2.64,true,1,
11499051,true,גבינת פטה כבשים 20% 250 גרם,מחלבות גד בעמ`,,,יח`,2.50,ל-100 גרם,false,1,25.90,10.36,false,1,
11499105,true,גבינה בולגרית 5% 250 גרם,מחלבות גד בעמ`,,,יח`,2.50,ל-100 גרם,false,1,21.90,8.76,false,1,
11499129,true,גבינה בולגרית קוביות מעודנת 5% 250גר,מחלבות גד בעמ`,,,יח`,2,ל-100 גרם,false,1,21.90,10.95,false,1,
11499341,true,גבינת קשקבל 200 גרם,מחלבות גד בעמ`,,,יח`,2,ל-100 גרם,false,1,26.90,13.45,false,1,
11499365,true,גבינת חלומי 200 גרם,מחלבות גד בעמ`,,,יח`,2,ל-100 גרם,false,1,21.90,10.95,false,1,
11499624,true,גבינת ניו יורק טבעי 30%,מחלבות גד בעמ`,,,יח`,2,ל-100 גרם,false,1,13.90,6.95,false,1,
11499846,true,ריקוטה פרסקה 300 גר`,מחלבות גד בעמ`,,,יח`,2.50,ל-100 גרם,false,1,19.90,7.96,false,1,
11499853,true,גבינת ניו יורק זיתים 30%,מחלבות גד בעמ`,,,יח`,2,ל-100 גרם,false,1,13.90,6.95,false,1,
11501563,true,"מיץ חמוציות 948 מ""ל",דין שיווק וקליה 2021 בעמ,,,יח`,9.48,"ל-100 מ""ל",false,1,15.90,1.65,false,1,
11501617,true,חמוציות ברכז תפוחים ללא סוכר 250 גרם,דין שיווק וקליה 2021 בעמ,,,יח`,2.50,ל-100 גרם,false,1,14.90,5.96,false,1,
11515683,true,אקסטרים וניל 6*72 גרם,נגה גלידות שותפות מוגבלת,,,יח`,0.72,ל-100 גרם,false,1,27.90,38.75,false,1,
11530471,true,פולי סויה אדממה 1 ק`ג,בלדי בע`מ,,,יח`,10,ל-100 גרם,false,1,14.90,1.49,false,1,
11530525,true,שייק איט יום שלישי מארז שלישייה,בלדי בע`מ,,,יח`,4.50,ל-100 גרם,false,1,29.90,6.64,true,1,
11530532,true,שייק איט יום שני מארז שלישייה,בלדי בע`מ,,,יח`,4.50,ל-100 גרם,false,1,29.90,6.64,true,1,
11530549,true,שייק איט יום ראשון מארז שלישייה,בלדי בע`מ,,,יח`,4.50,ל-100 גרם,false,1,29.90,6.64,true,1,
11530730,true,שייק איט יום חמישי מארז שלישייה,בלדי בע`מ,,,יח`,4.50,ל-100 גרם,false,1,29.90,6.64,true,1,
11587307,true,ארטישוק תחתיות,תומר ייבוא ושיווק מוצרי מזון [,,,יח`,4,ל-100 גרם,false,24,10.60,2.65,false,1,
11598211,true,אנטי קאלק רב שימושי 4ב1 700 מל,החב. הדרומית לשיווק,,,יח`,7,"ל-100 מ""ל",false,12,17.90,2.56,true,1,
11598457,true,סופט 48 גלילים פרש לבן,החב. הדרומית לשיווק,,,יח`,30.90,ל-100 גרם,false,1,49.90,1.61,false,1,
11607180,true,קולון 101 אבקת כביסה שקית 1.25 קג,תה ויסוצקי בע`מ,,,יח`,12,ל-100 גרם,false,1,12.90,1.08,true,1,
11607197,true,"קולון 101 אבקת כביסה שקית 5 ק""ג",תה ויסוצקי בע`מ,,,יח`,50,ל-100 גרם,false,1,34.90,0.70,true,1,
11877101,true,מבשם אויר סנומוד Musk נטול גז 150מ`,החב. הדרומית לשיווק,,,יח`,1.50,"ל-100 מ""ל",false,12,11.90,7.93,false,1,
11877156,true,מטהר אויר סנופרש Mask ענק 375 מל,החב. הדרומית לשיווק,,,יח`,3.75,"ל-100 מ""ל",false,12,10.90,2.91,false,1,
11877866,true,סנו מקסימה אבקת כביסה מאסק 6גר שקית,החב. הדרומית לשיווק,,,יח`,6,ל-100 גרם,false,3,49.90,8.32,false,1,
11923303,true,טופו טבעי 300 גר`,לחיות יותר בטבע בעמ,,,יח`,3,ל-100 גרם,false,1,10.90,3.63,false,1,
11947309,true,זית סורי מבוקע עם לימון כבוש 220 גר`,תה ויסוצקי בע`מ,,,יח`,2.20,ל-100 גרם,false,1,14.90,6.77,true,1,
11947743,true,מיקס זית ירוק וזית קלמטה 215 גר` זיתא,תה ויסוצקי בע`מ,,,יח`,2.17,ל-100 גרם,false,1,14.90,6.87,true,1,
11947903,true,מיקס זיתים יווני 215 גר` זיתא,תה ויסוצקי בע`מ,,,יח`,2.17,ל-100 גרם,false,1,14.90,6.87,false,1,
11964542,true,פפריקה מתוקה 400 גר`,תבליני טעם וריח,,,יח`,4,ל-100 גרם,false,1,24.90,6.23,true,1,
11964658,true,מלח לימון 170 גרם,תבליני טעם וריח,,,יח`,1,,false,1,9.90,9.90,true,1,
11964702,true,תיבול לשווארמה,תבליני טעם וריח,,,יח`,1,,false,1,9.90,9.90,true,1,
11996789,true,פנקו פירורי לחם 200 גר`,טחנת האבן קואופ בעמ,,,יח`,4,ל-100 גרם,false,1,8.90,2.23,false,1,
12009105,true,אוכמניות,ביכורי השדה הצפון בעמ` 1964,,,יח`,1,,false,1,13.90,13.90,true,1,
12022272,true,קליליות קידס,דילייט 2005 בע`מ,,,יח`,1,ל-100 גרם,false,1,11.50,11.50,false,1,
12116551,true,אנטי קלאק 4ב *12ליטר,החב. הדרומית לשיווק,,,יח`,20,"ל-100 מ""ל",false,8,19.90,1,false,1,
12116735,true,סופט ג`מבו פרש לבן 24 גלילים,החב. הדרומית לשיווק,,,יח`,25.50,ל-100 גרם,false,1,49.90,1.96,false,1,
12117091,true,סנו מקסימה אבקת כביסה סנסטיב 6קג שקית,החב. הדרומית לשיווק,,,יח`,6,ל-100 גרם,false,3,49.90,8.32,false,1,
12117275,true,סנוקליר שקית מילוי 750 מ`ל,החב. הדרומית לשיווק,,,יח`,7.50,"ל-100 מ""ל",false,12,5.90,0.79,false,1,
12117435,true,ג`ל רחצה אלוורה,החב. הדרומית לשיווק,,,יח`,7,"ל-100 מ""ל",false,12,19.90,2.84,false,1,
12117534,true,מרכך סופר מרוכז קול 1 ל`,החב. הדרומית לשיווק,,,יח`,10,"ל-100 מ""ל",false,12,18.90,1.89,true,1,
12117541,true,מרכך סופר מרוכז זן 1 ל`,החב. הדרומית לשיווק,,,יח`,10,"ל-100 מ""ל",false,1,18.90,1.89,true,1,
12117558,true,מרכך סופר מרוכז מאסק 1 ל`,החב. הדרומית לשיווק,,,יח`,10,"ל-100 מ""ל",false,12,18.90,1.89,true,1,
12117916,true,סנו אינסטלטור נוזלי,החב. הדרומית לשיווק,,,יח`,10,"ל-100 מ""ל",false,12,26.90,2.69,false,1,
12226014,true,נקניקיות וינר 800גר,נקניק זוגלובק נהריה,,,יח`,8,ל-100 גרם,false,1,21.90,2.74,false,1,
12226076,true,פסטרמה חרמון 200 גר`,נקניק זוגלובק נהריה,,,יח`,2,ל-100 גרם,false,1,15.70,7.85,false,1,
12226120,true,קבנוס זוגלובק טבעי 135 גרם,נקניק זוגלובק נהריה,,,יח`,1.35,ל-100 גרם,false,1,10.90,8.07,false,1,
12227325,true,סלמי מעושן איטלקי 120 גר` דק דק,נקניק זוגלובק נהריה,,,יח`,1.20,ל-100 גרם,false,1,14.90,12.42,true,1,
12227400,true,נקניקיות עוף 800 גר`,נקניק זוגלובק נהריה,,,יח`,8,ל-100 גרם,false,1,21.90,2.74,false,1,
12227660,true,סלמי תה מעושן ואקום 400 גר`,נקניק זוגלובק נהריה,,,יח`,4,ל-100 גרם,false,1,19.90,4.98,false,1,
12227974,true,פסטרמה בדבש 120 גר` דק דק,נקניק זוגלובק נהריה,,,יח`,1.20,ל-100 גרם,false,1,14.90,12.42,true,1,
12227981,true,פסטרמה ברביקיו 120 גר` דק דק,נקניק זוגלובק נהריה,,,יח`,1.20,ל-100 גרם,false,1,14.90,12.42,true,1,
12227998,true,חזה בקר 120 גר` דק דק,נקניק זוגלובק נהריה,,,יח`,1.20,ל-100 גרם,false,1,14.90,12.42,true,1,
12228124,true,קבנוס סטיקס 50 גר`,נקניק זוגלובק נהריה,,,יח`,0.50,ל-100 גרם,false,1,10.90,21.80,false,1,
12228261,true,נקנקיות בוקוורסט הודו ובקר 300 גר`,נקניק זוגלובק נהריה,,,יח`,3.10,ל-100 גרם,false,1,19.90,6.42,false,1,
12228766,true,קבנוס מחפוד 120 גר`,נקניק זוגלובק נהריה,,,יח`,4,ל-100 גרם,false,1,10.90,2.73,false,1,
12313141,true,מלפפון פרוס במלח,קבוצת יבנה,,,יח`,6,ל-100 גרם,false,1,6.90,1.15,true,1,
12313240,true,מיקס זית ירוק וקלמטה קבוצת יבנה,קבוצת יבנה,,,יח`,5.60,ל-100 גרם,false,1,11.90,2.13,false,1,
12561337,true,דורות כורכום טרי כתוש,קבוצת אסם סחר,,,יח`,7,ל-100 גרם,false,1,11.90,1.70,false,1,
12576591,true,רזרב גוורצטרמינר 750 מל`,טמפו משקאות בע`מ,,,יח`,7.50,"ל-100 מ""ל",false,1,39.90,5.28,true,1,
12642036,true,לה פסטה 5 ספגטי 400 גר`,תומר ייבוא ושיווק מוצרי מזון [,,,יח`,4,ל-100 גרם,false,1,3.90,0.98,true,1,
12645051,true,יוגורט עיזים בגביע 350 גר` -חלב הארץ,שטראוס גרופ בע`מ,,,יח`,3.50,ל-100 גרם,false,1,11.90,3.40,false,1,
12823381,true,מרכך סופר מרוכז סנסטיב 1 ל`,החב. הדרומית לשיווק,,,יח`,10,"ל-100 מ""ל",false,1,18.90,1.89,true,1,
12823398,true,מטליות לחות לרצפה בניחוח מרכך כביסה,החב. הדרומית לשיווק,,,יח`,1,,false,12,12.90,12.90,false,1,
12823589,true,ריצפז פרש 2 ליטר,החב. הדרומית לשיווק,,,יח`,2,לליטר,false,8,17.90,8.95,true,1,
12823947,true,מרכך מקסימה פרפיום קריסטל 750 מ`ל,החב. הדרומית לשיווק,,,יח`,7.50,"ל-100 מ""ל",false,12,17.90,2.39,true,1,
12864155,true,מיקס נבטים,ביכורי השדה הצפון בעמ` 1964,,,יח`,1,,false,1,10.90,10.90,false,1,
12888373,true,סיר מיקרוגל פסים איכותי 2 ליטר,ד.ג.ש ייבוא ושיווק בעמ,,,יח`,0,יח`,false,1,14.90,14.90,false,1,
12901355,true,דודלס ארוחת אטריות עם גבינה 206 גר`,מור ים מרקטינג בעמ,,,יח`,2.06,ל-100 גרם,false,1,10.90,5.29,false,1,
12911651,true,0איטריות אורז 400 גר`כשלפ,טחנת האבן קואופ בעמ,,,יח`,4,ל-100 גרם,false,1,7.90,1.98,false,1,
12938924,true,אקווה פרש מי פה 500 מ`ל,גורי ע.ע.ע. בע`מ,,,יח`,5,"ל-100 מ""ל",false,8,17.90,3.58,true,1,
12975875,true,כוסות יהלום בנדע,ח.כהן סוכנות מזון ומשקאות,,,יח`,1,,false,1,9.90,9.90,true,1,
12983160,true,סילאן לחיץ 400 גרם,תה ויסוצקי בע`מ,,,יח`,6.50,ל-100 גרם,false,1,12.90,1.98,true,1,
13144218,true,תערובת עוגת וניל 560 גרם,א.ל. ייצור ושיווק תבלינים בע`מ,,,יח`,5.60,ל-100 גרם,false,1,16.90,3.02,true,1,
13145048,true,צנוברים 100 גרם,א.ל. ייצור ושיווק תבלינים בע`מ,,,יח`,1,ל-100 גרם,false,1,24.90,24.90,false,1,
13145079,true,שקד טבעי גרוס 100 גרם,א.ל. ייצור ושיווק תבלינים בע`מ,,,יח`,1,ל-100 גרם,false,1,12.90,12.90,true,1,
13145215,true,שומשום 400 גרם,א.ל. ייצור ושיווק תבלינים בע`מ,,,יח`,4,ל-100 גרם,false,1,11.90,2.98,false,1,
13146274,true,מארז 8 יח תחתיות מרנג 100 גרם,א.ל. ייצור ושיווק תבלינים בע`מ,,,יח`,1,ל-100 גרם,false,1,19.90,19.90,false,1,
13146304,true,קורנפלור 500 גרם,א.ל. ייצור ושיווק תבלינים בע`מ,,,יח`,5,ל-100 גרם,false,1,5.90,1.18,false,1,
13146656,true,סוכריות כוכבים תכלת ירוק לקישוט 60 גר`,א.ל. ייצור ושיווק תבלינים בע`מ,,,יח`,0.60,ל-100 גרם,false,1,10.90,18.17,true,1,
13146762,true,"קצפת מעולה להקצפה 24% 200 מ""ל",קפוא זן תעשיות מזון בעמ,,,יח`,2,"ל-100 מ""ל",false,1,5.90,2.95,false,1,
13153593,true,מיץ תפוז מתקתק 100% 1 ליטר,החברה המרכזית להפצה,,,יח`,10,"ל-100 מ""ל",false,1,11.90,1.19,false,1,
13215024,true,פטריות פורטובלה,ביכורי השדה הצפון בעמ` 1964,,,יח`,1,,false,1,13.90,13.90,false,1,
13268020,true,מרכך סופר מרוכז אולטרא פרש 1 ל`,החב. הדרומית לשיווק,,,יח`,10,"ל-100 מ""ל",false,12,18.90,1.89,true,1,
13268037,true,מרכך סופר מרוכז פצולי לבנדר 1 ל`,החב. הדרומית לשיווק,,,יח`,10,"ל-100 מ""ל",false,12,18.90,1.89,true,1,
13268372,true,פוליויקס פרקט בתוספת שמן ארגן,החב. הדרומית לשיווק,,,יח`,20,"ל-100 מ""ל",false,1,21.90,1.10,false,1,
13268839,true,פוליויקס פרקט נוזל 2 ליטר,החב. הדרומית לשיווק,,,יח`,2,לליטר,false,1,21.90,10.95,false,1,
13268983,true,מרכך סופר מרוכז JOY 1 ל`,החב. הדרומית לשיווק,,,יח`,10,"ל-100 מ""ל",false,12,18.90,1.89,true,1,
13268990,true,מרכך סופר מרוכז ביו 1 ל`,החב. הדרומית לשיווק,,,יח`,10,"ל-100 מ""ל",false,12,18.90,1.89,true,1,
13269003,true,מרכך סופר מרוכז בייבי 1 ל`,החב. הדרומית לשיווק,,,יח`,10,"ל-100 מ""ל",false,12,18.90,1.89,true,1,
13269621,true,סנו ריצפז פרש הום 2 ליטר,החב. הדרומית לשיווק,,,יח`,20,"ל-100 מ""ל",false,8,21.90,1.10,false,1,
13269669,true,סנו ריצפז ריח פנטזיה 3 ליטר,החב. הדרומית לשיווק,,,יח`,3,לליטר,false,6,12.90,4.30,false,1,
13269751,true,מטליות לחות לרצפה בניחוח מלון בוטיק,החב. הדרומית לשיווק,,,יח`,1,,false,12,12.90,12.90,false,1,
13284310,true,רוטב פסטה 240 גר`פריניר,מ.ד אטיאס סוכנויות מזון בע`מ,,,יח`,2.40,ל-100 גרם,false,1,5.50,2.29,true,1,
13284662,true,רוטב פיצה פסטה 240 גר`,מ.ד אטיאס סוכנויות מזון בע`מ,,,יח`,2.40,ל-100 גרם,false,1,5.50,2.29,true,1,
13358578,true,מנה אסייאתי אטריות אורז רחבות 5 מ`מ,ש. שסטוביץ בע`מ,,,יח`,4,ל-100 גרם,false,1,8.90,2.23,false,1,
13361981,true,צ`יפס 2 ק`ג פרי גליל,ויטה פרי גליל (החדשה) בע`מ,,,יח`,20,ל-100 גרם,false,8,22.90,1.15,false,1,
13389084,true,טורטיה קמח תירס 20 ס`מ,תומר ייבוא ושיווק מוצרי מזון [,,,יח`,1,ל-100 גרם,false,16,8.90,8.90,false,1,
13404626,true,ירקות עם דגי מקרל ברסק עגבניות 120גר,מ.ד אטיאס סוכנויות מזון בע`מ,,,יח`,1.20,ל-100 גרם,false,1,5,4.17,false,1,
13472199,true,ערמונים קלופים וקלויים 100 גרם,ג. וילי-פוד אינטרנשיונל בע`מ,,,יח`,1.05,ל-100 גרם,false,1,5.90,5.62,true,1,
13531629,true,רוטב פומדורו 240 גר`,זנלכול יכין,,,יח`,2.60,ל-100 גרם,false,1,5.90,2.27,true,1,
13579263,true,פילה אמנון מושט(7-9),בלדי בע`מ,,,"ק""ג",1,,true,1,24.90,24.90,false,1,
13579768,true,צלי כתף 5 קפוא מוכשר,בלדי בע`מ,,,"ק""ג",1,,true,1,64.90,64.90,true,1,
13579966,true,אצבעות אנטריקוט אסאדו קפוא,בלדי בע`מ,,,יח`,10,ל-100 גרם,true,1,59.90,5.99,false,1,
13580009,true,המבורגר זהב בלדי 400 גר`,בלדי בע`מ,,,יח`,4,ל-100 גרם,false,1,19.90,4.98,false,1,
13585394,true,קוקה קולה 1 ל` פיקדון,החברה המרכזית להפצת משקאות בע`,,,יח`,10,"ל-100 מ""ל",false,12,7.20,0.69,false,1,
13675545,true,שניצל כלי תחבורה,תנובה מרכז שיתופי לשיווק תוצרת,,,יח`,7,ל-100 גרם,false,10,34.90,4.99,false,1,
13678010,true,כרוב לבן 400 גר`,ויטה פרי גליל (החדשה) בע`מ,,,יח`,4,ל-100 גרם,false,1,10.90,2.73,true,1,
13678034,true,פלפל מרוקאי 400 גר`,ויטה פרי גליל (החדשה) בע`מ,,,יח`,4,ל-100 גרם,false,1,10.90,2.73,true,1,
13678041,true,פלפל רצועות 400 גר`,ויטה פרי גליל (החדשה) בע`מ,,,יח`,4,ל-100 גרם,false,1,10.90,2.73,true,1,
13678065,true,חציל מרואקי 400 גר`,ויטה פרי גליל (החדשה) בע`מ,,,יח`,4,ל-100 גרם,false,1,10.90,2.73,true,1,
13678171,true,חציל המלך 400 גר`,ויטה פרי גליל (החדשה) בע`מ,,,יח`,4,ל-100 גרם,false,1,10.90,2.73,true,1,
13746535,true,"קרקר כוסמין קצח לל""ס 200 ג",לחיות יותר בטבע בעמ,,,יח`,2,ל-100 גרם,false,1,26.90,13.45,false,1,
13847409,true,טונה סטארקיסט חריף 4% 140 גר`,דיפלומט מפיצים (1968) בע`מ,,,יח`,1.40,ל-100 גרם,false,24,8.90,6.36,false,1,
13847454,true,טונה סטארקיסט בשמן קנולה 4*160 גרם,דיפלומט מפיצים (1968) בע`מ,,,יח`,6.40,ל-100 גרם,false,12,24.90,3.89,false,1,
13848345,true,מארז שלישייה-מטליות לחות לחיטוי וניקוי,החב. הדרומית לשיווק,,,יח`,1,,false,1,21.90,21.90,false,1,
13848611,true,רדידי אלומיניום 61 מטר,החב. הדרומית לשיווק,,,יח`,1,,false,12,39.90,39.90,false,1,
13848758,true,ג`ל כביסה בייבי 3 ליטר,החב. הדרומית לשיווק,,,יח`,3,"ל-100 מ""ל",false,6,32.90,10.97,false,1,
13903327,true,טופו טבעי 500 גר`,לחיות יותר בטבע בעמ,,,יח`,3,ל-100 גרם,false,1,16.90,5.63,false,1,
13903594,true,רסק תפוחים טבעי 670 גר`,לחיות יותר בטבע בעמ,,,יח`,6.70,ל-100 גרם,false,1,11.90,1.78,false,1,
13906496,true,פסטרמה עגל רומנית 120גר,תנובה מרכז שיתופי לשיווק תוצרת,,,יח`,6,ל-100 גרם,false,1,16,2.67,true,1,
13927033,true,מעמול במילוי תמרים ואגוזים 600 גר`,אחדות ביתחרושת לטחינה חלבה,,,יח`,6,ל-100 גרם,false,1,9.90,1.65,true,1,
13927040,true,ממולאות בטעם שוקולד 600 גרם,אחדות ביתחרושת לטחינה חלבה,,,יח`,6,ל-100 גרם,false,1,9.90,1.65,true,1,
13927057,true,עוגיות שוקולד צ`יפס במגש 400 גר,אחדות ביתחרושת לטחינה חלבה,,,יח`,4,ל-100 גרם,false,1,9.90,2.48,true,1,
13927514,true,רוגעלך קינמון 400 גר`,אחדות ביתחרושת לטחינה חלבה,,,יח`,4,ל-100 גרם,false,1,10.90,2.73,false,1,
13927583,true,רוגעלך בטעם וניל שוקוציפס 400 גר`,אחדות ביתחרושת לטחינה חלבה,,,יח`,4,ל-100 גרם,false,1,10.90,2.73,false,1,
13927613,true,רוגעלך בטעם שוקו וניל 400 גר`,אחדות ביתחרושת לטחינה חלבה,,,יח`,4,ל-100 גרם,false,1,10.90,2.73,false,1,
13927644,true,עוגיות כתר בטעם תות 400 גר`,אחדות ביתחרושת לטחינה חלבה,,,יח`,4,ל-100 גרם,false,1,9.90,2.48,true,1,
13927804,true,טחינה שומשום טהור מלא 100% 1 קג,אחדות ביתחרושת לטחינה חלבה,,,יח`,10,ל-100 גרם,false,1,20.90,2.09,true,1,
13927996,true,עוגת שמרים קרנץ` בטעם שוקולד 400 גרם,אחדות ביתחרושת לטחינה חלבה,,,יח`,4,ל-100 גרם,false,1,11.90,2.98,false,1,
14046757,true,סלמי תה`שרולה` 300 גרם,מעדני יחיעם ( 1993 ) בע`מ,,,יח`,3,ל-100 גרם,false,1,21.90,7.30,true,1,
14059436,true,סנסודיין לשיקום והגנה 75 מ`ל מלבינה,גורי ע.ע.ע. בע`מ,,,יח`,0.75,"ל-100 מ""ל",false,1,25.90,34.53,true,1,
14079014,true,לבבות קיסר נספק,ביכורי השדה הצפון בעמ` 1964,,,יח`,1,,false,1,9.90,9.90,false,1,
14083479,true,גבינה גאודה פרוסות 150 גרם,ג. וילי-פוד אינטרנשיונל בע`מ,,,יח`,1.50,ל-100 גרם,false,1,11.90,7.93,true,1,
14094352,true,אגוזי מלך 200 גרם בקופסא,דין שיווק וקליה 2021 בעמ,,,יח`,3.30,ל-100 גרם,false,1,14.90,4.52,false,1,
14094369,true,שקד טבעי 200 גרם בקופסא,דין שיווק וקליה 2021 בעמ,,,יח`,2,ל-100 גרם,false,1,19.90,9.95,false,1,
14094406,true,צימוק לבן 250 גרם בקופסא,דין שיווק וקליה 2021 בעמ,,,יח`,2.50,ל-100 גרם,false,1,13.90,5.56,false,1,
14094628,true,פקאן טבעי 200 גרם קופסא,דין שיווק וקליה 2021 בעמ,,,יח`,2.50,ל-100 גרם,false,1,22.90,9.16,false,1,
14094635,true,אגוז ברזיל 250 גרם בקופסא,דין שיווק וקליה 2021 בעמ,,,יח`,2.50,ל-100 גרם,false,1,24.90,9.96,false,1,
14094642,true,קשיו טבעי גדול 200 גרם בקופסא,דין שיווק וקליה 2021 בעמ,,,יח`,2,ל-100 גרם,false,1,22.90,11.45,false,1,
14094895,true,אגוזי מלך קלופים 150 גרם,דין שיווק וקליה 2021 בעמ,,,יח`,1.50,ל-100 גרם,false,1,14.90,9.93,true,1,
14205000,true,צלחת גדולה לבן 50 יח,ח.כהן סוכנות מזון ומשקאות,,,יח`,50,יח`,false,1,14.90,0.30,false,1,
14205017,true,צלחת קטנה לבן 50 יח,ח.כהן סוכנות מזון ומשקאות,,,יח`,50,יח`,false,1,9.90,0.20,false,1,
14205024,true,קערית אובלית לבן 25 יח,ח.כהן סוכנות מזון ומשקאות,,,יח`,25,יח`,false,1,4.90,0.20,false,1,
14205031,true,לפתניה לבן 25 יח`,ח.כהן סוכנות מזון ומשקאות,,,יח`,1,,false,1,3.90,3.90,false,1,
14205048,true,מרקיה לבן 25 יח`,ח.כהן סוכנות מזון ומשקאות,,,יח`,25,יח`,false,1,9.90,0.40,false,1,
14205055,true,צלחת עמוקה לבן 30 יח,ח.כהן סוכנות מזון ומשקאות,,,יח`,1,,false,1,14.90,14.90,false,1,
14205062,true,כוסות שקוף 100 יח,ח.כהן סוכנות מזון ומשקאות,,,יח`,1,,false,1,7.90,7.90,false,1,
14205130,true,צלחת גדול צבעוני 25 יח,ח.כהן סוכנות מזון ומשקאות,,,יח`,1,,false,1,10.90,10.90,false,1,
14205147,true,צלחת קטן צבעוני 25 יח,ח.כהן סוכנות מזון ומשקאות,,,יח`,1,,false,1,7.90,7.90,false,1,
14205178,true,מרקיה צבעוני 25 יח`,ח.כהן סוכנות מזון ומשקאות,,,ל-100 גרם,1,,false,1,7.90,7.90,false,1,
14205239,true,מזלגות צבעוני 50 יח,ח.כהן סוכנות מזון ומשקאות,,,יח`,1,,false,1,9.90,9.90,false,1,
14205659,true,לבבות דקל שלם 400 גרם,ח.כהן סוכנות מזון ומשקאות,,,יח`,4,ל-100 גרם,false,1,10.90,2.73,false,1,
14205666,true,לבבות דקל חתוך 400 גרם,ח.כהן סוכנות מזון ומשקאות,,,יח`,4,ל-100 גרם,false,1,9.90,2.48,false,1,
14205772,true,"מפת שולחן שמינייה עבה שקוף""שווה""",ח.כהן סוכנות מזון ומשקאות,,,יח`,1,,false,1,6.90,6.90,false,1,
14206267,true,"מפיות מוטבעות 1 יח 3 שכבות ""שווה""",ח.כהן סוכנות מזון ומשקאות,,,יח`,15,יח`,false,1,5.90,0.39,true,1,
14206427,true,"מיכלי אחסון 0.5 ל` 6 יח` ""שווה""",ח.כהן סוכנות מזון ומשקאות,,,יח`,1,,false,1,9.90,9.90,true,1,
14206441,true,"מיכלי אחסון 2 ל` 4 יח` ""שווה""",ח.כהן סוכנות מזון ומשקאות,,,יח`,1,,false,1,9.90,9.90,true,1,
14206465,true,"מיכלי אחסון 3 ל` 2 יח` ""שווה""",ח.כהן סוכנות מזון ומשקאות,,,יח`,1,,false,1,9.90,9.90,true,1,
14206472,true,"מיכל אחסון 4.5 ל` 2 יח` ""שווה""",ח.כהן סוכנות מזון ומשקאות,,,יח`,1,,false,1,9.90,9.90,true,1,
14206519,true,"שקיות הקפאה בשקית 200 יח`""שווה""",ח.כהן סוכנות מזון ומשקאות,,,יח`,1,,false,1,7.90,7.90,false,1,
14206847,true,סרדינים שמן סויה 125 גרם,ח.כהן סוכנות מזון ומשקאות,,,יח`,1.25,ל-100 גרם,false,1,4.90,3.92,false,1,
14206878,true,סרדינים ברוטב עגבניות 125 גרם,ח.כהן סוכנות מזון ומשקאות,,,יח`,1.25,ל-100 גרם,false,1,4.90,3.92,false,1,
14217003,true,פפריקה מעושנת,תבליני טעם וריח,,,יח`,1,,false,1,9.90,9.90,true,1,
14217065,true,אורגנו עלים,תבליני טעם וריח,,,יח`,1,,false,1,9.90,9.90,true,1,
14217119,true,תיבול לצ`יפס,תבליני טעם וריח,,,יח`,1,,false,1,9.90,9.90,true,1,
14217140,true,ראס אל חנות 100 גרם,תבליני טעם וריח,,,יח`,1,,false,1,9.90,9.90,true,1,
14217157,true,תיבול טוסקנה,תבליני טעם וריח,,,יח`,1,,false,1,9.90,9.90,true,1,
14217164,true,פטרוזליה,תבליני טעם וריח,,,יח`,1,,false,1,9.90,9.90,true,1,
14217171,true,תיבול גריל דג,תבליני טעם וריח,,,יח`,1,,false,1,9.90,9.90,true,1,
14217201,true,תערובת תיבול סומק,תבליני טעם וריח,,,יח`,1,,false,1,6.90,6.90,false,1,
14217225,true,גריל עוף,תבליני טעם וריח,,,יח`,1,,false,1,9.90,9.90,true,1,
14217263,true,תערובת תיבול לפרגיות,תבליני טעם וריח,,,יח`,1,,false,1,9.90,9.90,true,1,
14217348,true,צי`לי כתוש,תבליני טעם וריח,,,יח`,1,,false,1,9.90,9.90,true,1,
14217355,true,קרי אבקה,תבליני טעם וריח,,,יח`,1,,false,1,9.90,9.90,true,1,
14217478,true,תערובת עשבי תיבול,תבליני טעם וריח,,,יח`,1,,false,1,9.90,9.90,true,1,
14217492,true,מיכל תיבול פילידפיה,תבליני טעם וריח,,,יח`,1,,false,1,9.90,9.90,true,1,
14218338,true,בורקס יפו תפו`א 4*150גר,תנובה מרכז שיתופי לשיווק תוצרת,,,יח`,6,ל-100 גרם,false,12,18.90,3.15,false,1,
14218932,true,חטיפי פיצה בתוספת זיתים בשקית,תנובה מרכז שיתופי לשיווק תוצרת,,,יח`,7.10,ל-100 גרם,false,8,29.90,4.21,false,1,
14288058,true,להבונים 50 יחק שקית `שווה`,ח.כהן סוכנות מזון ומשקאות,,,יח`,50,יח`,false,1,9.90,0.20,true,1,
14288300,true,"טורטיה 8 יח` 320 גרם ""שווה""",ח.כהן סוכנות מזון ומשקאות,,,יח`,4.20,ל-100 גרם,false,1,9.90,2.36,true,1,
14288317,true,"טורטיה תירס 6 יח 420 גר` ""שווה""",ח.כהן סוכנות מזון ומשקאות,,,יח`,4.20,ל-100 גרם,false,1,9.90,2.36,true,1,
14288324,true,"טורטיה מקמח מלא 8 יח` 320 גר` ""שווה""",ח.כהן סוכנות מזון ומשקאות,,,יח`,4.20,ל-100 גרם,false,1,9.90,2.36,true,1,
14288423,true,נר נשמה 48 ש`זכוכית,ח.כהן סוכנות מזון ומשקאות,,,יח`,1,,false,1,4.90,4.90,false,1,
14288430,true,נר נשמה 72 ש`זכוכית,ח.כהן סוכנות מזון ומשקאות,,,יח`,1,,false,1,5.90,5.90,false,1,
14288461,true,נר נשמה פחית,ח.כהן סוכנות מזון ומשקאות,,,יח`,1,,false,1,1.90,1.90,true,1,
14288584,true,"נייר אפיה 50 יח` איכותי ""שווה""",ח.כהן סוכנות מזון ומשקאות,,,יח`,1,יח`,false,1,7.90,7.90,true,1,
14288720,true,כוסות וודקה 350CC,ח.כהן סוכנות מזון ומשקאות,,,יח`,1,,false,1,7.90,7.90,true,1,
14288737,true,כוסות מעוטרות 40 יח -285 מ`ל,ח.כהן סוכנות מזון ומשקאות,,,יח`,1,,false,1,11.90,11.90,false,1,
14288843,true,נרות שבת מספרים,ח.כהן סוכנות מזון ומשקאות,,,יח`,1,,false,1,3.90,3.90,false,1,
14288980,true,מגבוני נייר טישו דו שכבתיים חמישיה,ח.כהן סוכנות מזון ומשקאות,,,יח`,1,ל-100 גרם,false,1,8.90,8.90,false,1,
14397163,true,סנו פרש אוטומטיק פלורל 250 מל,החב. הדרומית לשיווק,,,יח`,2.50,"ל-100 מ""ל",false,12,14.90,5.96,false,1,
14397286,true,מרכך מרוכז חלב ודבש 1 ל`,החב. הדרומית לשיווק,,,יח`,10,"ל-100 מ""ל",false,12,18.90,1.89,true,1,
14397705,true,פוליויקס פרקט מאסק 2 ליטר,החב. הדרומית לשיווק,,,יח`,2,לליטר,false,1,21.90,10.95,false,1,
14397873,true,מרכך כביסה סנו מקסימה gentle breeze 4,החב. הדרומית לשיווק,,,יח`,40,"ל-100 מ""ל",false,6,21.90,0.55,false,1,
14435704,true,סלמון מעושן 100 גר`,סלטי שמיר,,,יח`,1,ל-100 גרם,false,1,21.90,21.90,true,1,
14435803,true,מטיאס הולנדי[פרובנציאל]עם שמן,סלטי שמיר,,,יח`,2,ל-100 גרם,false,16,18.90,9.45,false,1,
14435872,true,סלט הרינג עם מיונז,סלטי שמיר,,,יח`,2,ל-100 גרם,false,8,18.90,9.45,false,1,
14435889,true,סלט מטיאס עם מיונז,סלטי שמיר,,,יח`,2,ל-100 גרם,false,4,18.90,9.45,false,1,
14435896,true,סלט סלמון עם מיונז,סלטי שמיר,,,יח`,2,ל-100 גרם,false,8,21.90,10.95,false,1,
14455245,true,גרנה פדנו משולש 200 גר`,מחלבות גד בעמ`,,,יח`,2,ל-100 גרם,false,1,24.90,12.45,false,1,
14455252,true,גרנה פדנו מגורד 100 גר`,מחלבות גד בעמ`,,,יח`,10,ל-100 גרם,false,1,12.90,1.29,false,1,
14459472,true,תפוגן צ`יפס קלאסי 2 קג`,קבוצת אסם סחר,,,יח`,20,ל-100 גרם,false,1,28.90,1.45,false,1,
14472228,true,תאנים 250 גרם בקופסא,דין שיווק וקליה 2021 בעמ,,,יח`,2.50,ל-100 גרם,false,1,19.90,7.96,false,1,
14547353,true,זוג מברשת שיניים סנסודיין דואל קר,גורי ע.ע.ע. בע`מ,,,יח`,0.75,ל-100 גרם,false,1,19.90,26.53,false,1,
14673021,true,פלפל שחור שלם 100 גרם,א.ל. ייצור ושיווק תבלינים בע`מ,,,יח`,1,ל-100 גרם,false,1,14.90,14.90,false,1,
14673434,true,פלפל שחור טחון דק 80 גר`,א.ל. ייצור ושיווק תבלינים בע`מ,,,יח`,8,ל-100 גרם,false,1,8.90,1.11,false,1,
14692565,true,גרעיני תירס מתוק 320 גרם,ג. וילי-פוד אינטרנשיונל בע`מ,,,יח`,3.20,ל-100 גרם,false,24,5.90,1.84,false,1,
14749245,true,עוף טוב רצועות שניצל שומשום 600 גר`,קבוצת אסם סחר,,,יח`,6,ל-100 גרם,false,1,32.90,5.48,true,1,
14758162,true,חלב עיזים מלא 3.6,תנובה חלב,,,יח`,10,"ל-100 מ""ל",false,1,16.60,1.66,false,1,
14760134,true,מעדן סויה בטעם וניל,תנובה חלב,,,יח`,1.25,ל-100 גרם,false,1,3.90,3.12,false,1,
14760141,true,משקה שקדים טרי,תנובה חלב,,,יח`,10,"ל-100 מ""ל",false,1,11.90,1.19,false,1,
14761056,true,מעדן YOLO שוקולד חלב מעולה,תנובה חלב,,,יח`,1.23,ל-100 גרם,false,1,4.60,3.74,false,1,
14761070,true,מעדן YOLO שוקולד לבן מעולה,תנובה חלב,,,יח`,1.23,ל-100 גרם,false,1,4.60,3.74,false,1,
14761414,true,מעדן YOLO שכבות שוקולד חלב ולבן,תנובה חלב,,,יח`,1.23,ל-100 גרם,false,1,4.60,3.74,false,1,
14761438,true,בולגרית 24% סמי 400 גר`,תנובה חלב,,,יח`,4,ל-100 גרם,false,1,24.90,6.23,false,1,
14761612,true,מעדן YOLO שוקולד מריר ולבן,תנובה חלב,,,יח`,1.23,ל-100 גרם,false,1,4.60,3.74,false,1,
14761698,true,גבינה סמי עמק 28% 600 גר`,תנובה חלב,,,יח`,6,ל-100 גרם,false,1,29.90,4.98,false,1,
14761810,true,מאגדת גבינת שמנת נפוליאון טבעי 25%,תנובה חלב,,,יח`,5,ל-100 גרם,false,1,24.90,4.98,false,1,
14762800,true,גביע מעדן סויה בטעם שוקולד,תנובה חלב,,,יח`,1.24,ל-100 גרם,false,1,3.90,3.15,false,1,
14785007,true,גרגירי טפיוקה קטנים 400 גר`,טחנת האבן קואופ בעמ,,,יח`,4,ל-100 גרם,false,1,8.90,2.23,false,1,
14785052,true,רוטב פיטריות צמחוני,טחנת האבן קואופ בעמ,,,יח`,1,,false,1,13.90,13.90,false,1,
14785441,true,אטריות ביצים 450 גר`,טחנת האבן קואופ בעמ,,,יח`,4.50,ל-100 גרם,false,1,9.90,2.20,false,1,
14785564,true,אטריות אודון מוכנות 200 גר`,טחנת האבן קואופ בעמ,,,יח`,2,ל-100 גרם,false,1,3.90,1.95,false,1,
14785571,true,אטריות מוכנות להקפצה 200 גר`,טחנת האבן קואופ בעמ,,,יח`,2,ל-100 גרם,false,1,3.90,1.95,false,1,
14785588,true,אטריות ראמן מוכנות 180 גר`,טחנת האבן קואופ בעמ,,,יח`,1.80,ל-100 גרם,false,1,3.90,2.17,false,1,
14785991,true,רוטב סויה ללא גלוטן 500מ`ל,טחנת האבן קואופ בעמ,,,יח`,1,,false,1,9.90,9.90,false,1,
14791336,true,מיי עדן[בודד],יפאורה - שותפות מוגבלת לשיווק,,,יח`,3.30,"ל-100 מ""ל",false,1,4.90,1.39,false,1,
14855434,true,בייביסיטר מגבונים פרפורמנס 4*72 מבושם,שקד תבל בע`מ,,,יח`,1,יח`,false,1,16.90,16.90,true,1,
14855458,true,בייביסיטר מגבונים פרפורמנס 4*72 ללא בישו,שקד תבל בע`מ,,,יח`,1,יח`,false,1,17.90,17.90,true,1,
14905733,true,הפי פרפקט לשמשות 750 מל`,יעקב יעקבי ובניו בע`מ,,,יח`,7.50,"ל-100 מ""ל",false,1,7.90,1.05,true,1,
14945050,true,.צמרוני עץ 300,מ.א. יצור ויבוא מטליות בעמ`,,,יח`,0,ל-100 גרם,false,1,3.90,3.90,false,1,
15037419,true,סלרי עלים,ביכורי השדה הצפון בעמ` 1964,,,יח`,1,,false,1,6.90,6.90,false,1,
15039246,true,רביעיית נתחי טונה בהירה בשמן 4*160 גרם,ג. וילי-פוד אינטרנשיונל בע`מ,,,יח`,6.40,ל-100 גרם,false,12,19.90,3.11,false,1,
15039338,true,רביעיית טונה במי מלח *4יח*160גר,ג. וילי-פוד אינטרנשיונל בע`מ,,,יח`,6.40,ל-100 גרם,false,12,19.90,3.11,false,1,
15150903,true,תה ירוק קינמון ודבש 25 יח,תה ויסוצקי בע`מ,,,יח`,0.25,ל-100 גרם,false,1,22.90,91.60,true,1,
15155830,true,פאוץ פרינוק תפוח בננה 120 גר`,גורי מוצרי צריכה 1991 בע`מ,,,יח`,1.20,ל-100 גרם,false,1,5.90,4.92,true,1,
15156769,true,פאוץ פרינוק תפוח 120 גר`,גורי מוצרי צריכה 1991 בע`מ,,,יח`,1.30,ל-100 גרם,false,1,5.90,4.54,true,1,
15156776,true,פאוץ פרינוק פירות טרופיים 120 גר`,גורי מוצרי צריכה 1991 בע`מ,,,יח`,1.20,ל-100 גרם,false,1,5.90,4.92,true,1,
15220637,true,סבון נוזלי לידיים 3* לבנדר,גורי ע.ע.ע. בע`מ,,,יח`,1,,false,1,9.90,9.90,false,1,
15224017,true,שרי ארוז,ביכורי השדה הצפון בעמ` 1964,,,יח`,1,,false,1,9.90,9.90,false,1,
15282024,true,איקרה לבנה 200 גר`,סלטי שמיר,,,יח`,2,ל-100 גרם,false,8,13.90,6.95,false,1,
15324007,true,פלפל שחור גרוס,תבליני טעם וריח,,,יח`,1,,false,1,10.90,10.90,false,1,
15324014,true,פלפל שחור טחון,תבליני טעם וריח,,,יח`,1,,false,1,10.90,10.90,false,1,
15324038,true,פפריקה מתוקה בשמן,תבליני טעם וריח,,,יח`,1,,false,1,5.90,5.90,false,1,
15324045,true,פפריקה חריפה,תבליני טעם וריח,,,יח`,1,,false,1,5.90,5.90,false,1,
15324052,true,פפריקה מתוקה,תבליני טעם וריח,,,יח`,1,,false,1,5.90,5.90,false,1,
15324069,true,גריל עוף,תבליני טעם וריח,,,יח`,1,,false,1,5.90,5.90,false,1,
15324076,true,זעתר מעורב,תבליני טעם וריח,,,יח`,1,,false,1,5.90,5.90,false,1,
15324083,true,מלח לימון,תבליני טעם וריח,,,יח`,1,,false,1,5.90,5.90,false,1,
15324106,true,כורכום טחון,תבליני טעם וריח,,,יח`,1,,false,1,5.90,5.90,false,1,
15324113,true,בהרט,תבליני טעם וריח,,,יח`,1,,false,1,5.90,5.90,false,1,
15324120,true,שום גבישי בשקית 80 גר`,תבליני טעם וריח,,,יח`,1,,false,1,5.90,5.90,false,1,
15324151,true,חוואיג`למרק,תבליני טעם וריח,,,יח`,1,,false,1,5.90,5.90,false,1,
15324175,true,תיבול לשווארמה,תבליני טעם וריח,,,יח`,1,,false,1,5.90,5.90,false,1,
15324281,true,בצל מטוגן 200 גר`,תבליני טעם וריח,,,יח`,1,,false,1,9.90,9.90,false,1,
15324519,true,תערובת לפיצה שקית 80 גר`,תבליני טעם וריח,,,יח`,1,,false,1,5.90,5.90,false,1,
15324526,true,תערובת תיבול לפרגיות 80 גר`,תבליני טעם וריח,,,יח`,1,,false,1,5.90,5.90,false,1,
15324557,true,בהרט לבישול מיכל גדול 80 גר`,תבליני טעם וריח,,,יח`,1,,false,1,9.90,9.90,true,1,
15324564,true,כוסברה טחונה מיכל גדול 70 גר`,תבליני טעם וריח,,,יח`,1,,false,1,9.90,9.90,true,1,
15324571,true,פפריקה מתוקה בשמן 400 גר`,תבליני טעם וריח,,,יח`,4,ל-100 גרם,false,1,19.90,4.98,true,1,
15324588,true,פלפל לבן 100 גר`,תבליני טעם וריח,,,יח`,1,ל-100 גרם,false,1,12.90,12.90,true,1,
15348096,true,אמיליאנו למברוסקו רוזה 750מ`ל,טמפו משקאות בע`מ,,,יח`,7.50,"ל-100 מ""ל",false,1,29.90,3.95,false,1,
15350150,true,יין סגל אדום חצי יבש 750 מל,טמפו משקאות בע`מ,,,יח`,7.50,"ל-100 מ""ל",false,1,21.90,2.88,true,1,
15437431,true,רכז רימונים 420 גר`,תומר ייבוא ושיווק מוצרי מזון [,,,יח`,1,,false,1,19.90,19.90,false,1,
15733427,true,מטרנה דייסת גם וגם וניל פרו 300 גר`,קבוצת אסם סחר,,,יח`,3,ל-100 גרם,false,1,21.90,7.30,false,1,
15858106,true,ממרח פסטו ביתי עללחם 180 גר`,שטראוס גרופ בע`מ,,,יח`,1.80,ל-100 גרם,false,1,17.90,9.94,false,1,
15858113,true,ממרח עגבניות מיובשות עללחם 180 גר`,שטראוס גרופ בע`מ,,,יח`,1.80,ל-100 גרם,false,1,17.90,9.94,false,1,
15858144,true,ממרח ארטישוק עללחם 180 גר`,שטראוס גרופ בע`מ,,,יח`,1.80,ל-100 גרם,false,1,17.90,9.94,false,1,
15858175,true,ממרח פלפלים קלויים עללחם 180 גר`,שטראוס גרופ בע`מ,,,יח`,1.80,ל-100 גרם,false,1,17.90,9.94,false,1,
15858212,true,ממרח לימון כבוש עללחם 180 גר`,שטראוס גרופ בע`מ,,,יח`,1.80,ל-100 גרם,false,1,17.90,9.94,false,1,
15858229,true,טפנד זיתי קלמטה עללחם 180 גר`,שטראוס גרופ בע`מ,,,יח`,1.80,ל-100 גרם,false,1,17.90,9.94,false,1,
15866132,true,כרובית ארוזה,ביכורי השדה הצפון בעמ` 1964,,,יח`,1,,true,1,10.90,10.90,false,1,
15888028,true,"אורז בסמטי ריהן 1 ק""ג",בני גורג שוקחה בעמ,,,יח`,5,ל-100 גרם,false,1,10.90,2.18,false,1,
16006292,true,ספרינג מנגו בננה מלון 1 ליטר קרטון,יפאורה - שותפות מוגבלת לשיווק,,,יח`,10,"ל-100 מ""ל",false,1,6.90,0.69,false,1,
16006339,true,מי עדן 1 ל`רביעייה פיקדון,יפאורה - שותפות מוגבלת לשיווק,,,יח`,4,"ל-100 מ""ל",false,1,10.10,2.23,false,1,
16006346,true,שישיית שרינק ל`שוופס סודה 0.5*6,יפאורה - שותפות מוגבלת לשיווק,,,יח`,3,"ל-100 מ""ל",false,1,15.90,4.70,false,1,
16136722,true,פתיתים פנה ללא גלוטן 340 גר`,גורי מוצרי צריכה 1991 בע`מ,,,יח`,3.40,ל-100 גרם,false,1,13.90,4.09,false,1,
16144000,true,"קמח חיטה 80% נפלאות 1 ק""ג",תה ויסוצקי בע`מ,,,יח`,10,ל-100 גרם,false,1,8.90,0.89,false,1,
16144017,true,"קמח חיטה 100% נפלאות 1 ק""ג",תה ויסוצקי בע`מ,,,יח`,10,ל-100 גרם,false,1,8.90,0.89,false,1,
16150391,true,סלק בואקום,ביכורי השדה הצפון בעמ` 1964,,,יח`,1,,false,1,8.90,8.90,false,1,
16150711,true,נוזל קוקוס 400 גר`,אבאל יזמות בעמ,,,יח`,4,ל-100 גרם,false,1,5.90,1.48,false,1,
16197488,true,מטלית קסם לשיש מארז שלישייה,חוגלה קימברלי שיווק בע`מ,,,יח`,1,,false,24,14.90,14.90,true,1,
16197495,true,מטלית קסם לרצפה מארז זוג,חוגלה קימברלי שיווק בע`מ,,,יח`,1,,false,24,15.90,15.90,false,1,
16197877,true,שקית לפחי מטבח קטנים M,חוגלה קימברלי שיווק בע`מ,,,יח`,1,,false,12,19.90,19.90,false,1,
16217971,true,נסיכת הנילוס מעושן 100 גר`,סלטי שמיר,,,יח`,1,ל-100 גרם,false,1,21.90,21.90,true,1,
16233384,true,גפילטע פיש 7 קציצות,תומר ייבוא ושיווק מוצרי מזון [,,,יח`,5.60,ל-100 גרם,false,1,14.90,2.66,false,1,
16233711,true,לה פסטה לינגוויני 400 גר`,תומר ייבוא ושיווק מוצרי מזון [,,,יח`,4,ל-100 גרם,false,20,3.90,0.98,true,1,
16270570,true,מלפפון מיני,ביכורי השדה הצפון בעמ` 1964,,,יח`,1,,false,1,9.90,9.90,false,1,
16270709,true,שרי ארוז,ביכורי השדה הצפון בעמ` 1964,,,יח`,1,,false,1,9.90,9.90,false,1,
16270747,true,שרי צהוב ארוז,ביכורי השדה הצפון בעמ` 1964,,,יח`,1,,false,1,10.90,10.90,false,1,
16321661,true,מגבוני פרש וונס רביעייה סנסטיב,דנאגיס בעמ,,,יח`,1,יח`,false,1,16.90,16.90,false,1,
16321883,true,נייר טואלט פרש וונס מתכלה שלישייה,דנאגיס בעמ,,,יח`,1,ל-100 גרם,false,1,14.90,14.90,false,1,
16321890,true,נייר טואלט פרש וונס מתכלה שלישייה,דנאגיס בעמ,,,יח`,1,ל-100 גרם,false,1,14.90,14.90,false,1,
16334616,true,בצל ירוק,ביכורי השדה הצפון בעמ` 1964,,,יח`,1,,false,1,5.90,5.90,false,1,
16387841,true,אטבים כביסה ג`וי 50 יח`,מ.א. יצור ויבוא מטליות בעמ`,,,יח`,1,,false,1,9.90,9.90,false,1,
16400168,true,שקיות צליה 10 יח`,ח.כהן סוכנות מזון ומשקאות,,,יח`,10,יח`,false,1,4.90,0.49,false,1,
16400205,true,צלחות 100 יח גדול צבעוני,ח.כהן סוכנות מזון ומשקאות,,,יח`,1,,false,1,34.90,34.90,false,1,
16400243,true,"מפיות נייר מעוטרות 20 יח` ""שווה""",ח.כהן סוכנות מזון ומשקאות,,,יח`,1,,false,1,5.90,5.90,true,1,
16400519,true,"גליל מפה עובי כפול 45 מ` ""שווה""",ח.כהן סוכנות מזון ומשקאות,,,יח`,1,,false,1,34.90,34.90,false,1,
16400793,true,"מפיות נייר 100 יח ""שווה""",ח.כהן סוכנות מזון ומשקאות,,,יח`,1,,false,1,5.90,5.90,true,1,
16401141,true,"טורטיה תירס 8 יח 320 גר` ""שווה""",ח.כהן סוכנות מזון ומשקאות,,,יח`,3.20,ל-100 גרם,false,1,9.90,3.09,true,1,
16401158,true,נולדס דקות 200 גרם,ח.כהן סוכנות מזון ומשקאות,,,יח`,2,ל-100 גרם,false,1,3.90,1.95,false,1,
16401165,true,נולדס רחבות 200 גרם,ח.כהן סוכנות מזון ומשקאות,,,יח`,2,ל-100 גרם,false,1,3.90,1.95,false,1,
16401585,true,"זוג רדיד אלומניום קצר""שווה """,ח.כהן סוכנות מזון ומשקאות,,,יח`,1,יח`,false,1,10.90,10.90,false,1,
16401592,true,"ניילון נצמד זוג ""שווה""",ח.כהן סוכנות מזון ומשקאות,,,יח`,1,יח`,false,1,10.90,10.90,true,1,
16401851,true,תבניות אובן עבות במיוחד *4,ח.כהן סוכנות מזון ומשקאות,,,יח`,1,,false,1,9.90,9.90,false,1,
16408980,true,מטבעות שוקולד חלב 36 גר`,כרמית תעשיות ממתקים בעמ,,,יח`,0.36,ל-100 גרם,false,1,6.90,19.17,false,1,
16437621,true,האגיס פרידום דריי PANTS מידה 4,חוגלה קימברלי שיווק בע`מ,,,יח`,1,יח`,false,2,44.90,44.90,false,1,
16437645,true,האגיס פרידום דריי PANTS מידה 5,חוגלה קימברלי שיווק בע`מ,,,יח`,1,יח`,false,2,44.90,44.90,false,1,
16437652,true,האגיס פרידום דריי PANTS מידה 6,חוגלה קימברלי שיווק בע`מ,,,יח`,1,יח`,false,2,44.90,44.90,false,1,
16509342,true,מארז שלשות כדוריות אסלה,גורי שיווק,,,יח`,3,"ל-100 מ""ל",false,1,19.90,6.63,true,1,
16509809,true,פרסיל ג`ל לכביסה קולור 2.5 ליטר,גורי שיווק,,,יח`,25,"ל-100 מ""ל",false,6,34.90,1.40,true,1,
16510898,true,הוואי שמפו פריחת הדודבן 700 מ`ל,הנקל סוד בע`מ,,,יח`,7,"ל-100 מ""ל",false,1,9.90,1.41,false,1,
16564266,true,כיסוי הפלא 30 יח`,אלבגינו שווק וסחר בעמ`,,,יח`,1,,false,1,9.90,9.90,false,1,
16584219,true,שעועית ירוקה,ביכורי השדה הצפון בעמ` 1964,,,יח`,0,יח`,false,1,9.90,9.90,false,1,
16621341,true,קמיל אל סבון ניקיון ולחות צהוב 1 ליטר,"פישר תעשיות פרמצבטיות בע""מ",,,יח`,5,"ל-100 מ""ל",false,1,15.90,3.18,true,1,
16621358,true,קמיל אל סבון נקיון והזנה ורוד 1 ליטר,"פישר תעשיות פרמצבטיות בע""מ",,,יח`,5,"ל-100 מ""ל",false,1,15.90,3.18,true,1,
16717051,true,"רימון BUZZ 750 מ""ל",אגודת הכורמים,,,יח`,7.50,"ל-100 מ""ל",false,1,27.90,3.68,true,1,
16717754,true,יין היובל ישן נושן 750 מל`,אגודת הכורמים,,,יח`,7.50,"ל-100 מ""ל",false,1,19.90,2.61,false,1,
16865943,true,אטריות ביצים פטוצ`יני,גורי מוצרי צריכה 1991 בע`מ,,,יח`,4,ל-100 גרם,false,1,11.90,2.98,false,1,
16866643,true,משחת שיניים פרדונטקס פרש 75 גרם,גורי ע.ע.ע. בע`מ,,,יח`,0.75,ל-100 גרם,false,1,30.90,41.20,true,1,
16866650,true,משחת שיניים פרדונטקס אוריג`ינל 75 גרם,גורי ע.ע.ע. בע`מ,,,יח`,0.75,ל-100 גרם,false,12,30.90,41.20,true,1,
16866674,true,משחת שיניים פרדונטקס מלבינה 75 גרם,גורי ע.ע.ע. בע`מ,,,יח`,0.75,ל-100 גרם,false,1,30.90,41.20,true,1,
17023212,true,רביעיית פחיות שוופס מוגז פירות תפוח 33,יפאורה - שותפות מוגבלת לשיווק,,,יח`,13.20,"ל-100 מ""ל",false,1,13.90,0.96,false,1,
17023229,true,רביעיית פחיות שוופס מוגז פירות תות ליי,יפאורה - שותפות מוגבלת לשיווק,,,יח`,13.20,"ל-100 מ""ל",false,1,13.90,0.96,false,1,
17023236,true,רביעיית פחיות שוופס מוגז פירות ענבים 3,יפאורה - שותפות מוגבלת לשיווק,,,יח`,13.20,"ל-100 מ""ל",false,1,13.90,0.96,false,1,
17023663,true,רביעיית פחיות שוופס מוגז פירות למונייד,יפאורה - שותפות מוגבלת לשיווק,,,יח`,13.20,"ל-100 מ""ל",false,1,13.90,0.96,false,1,
17023854,true,רביעיית שוופס סודה 250 מ`ל,יפאורה - שותפות מוגבלת לשיווק,,,יח`,10,"ל-100 מ""ל",false,1,10.90,0.97,false,1,
17023861,true,רביעיית שוופס סודה לימון 250 מ`ל,יפאורה - שותפות מוגבלת לשיווק,,,יח`,10,"ל-100 מ""ל",false,1,10.90,0.97,false,1,
17023878,true,רביעיית שוופס סודה נענע ליים 250 מ`ל,יפאורה - שותפות מוגבלת לשיווק,,,יח`,10,"ל-100 מ""ל",false,1,10.90,0.97,false,1,
17031705,true,משחת שיניים סנסודין פלואוריד 75 מל זהב,גורי ע.ע.ע. בע`מ,,,יח`,0.75,"ל-100 מ""ל",false,1,21.90,29.20,true,1,
17031811,true,זוג מברשות שיניים פרודנטקס בליסטר,גורי ע.ע.ע. בע`מ,,,יח`,0,יח`,false,1,19.90,19.90,true,1,
17058139,true,רסק תפו`עם אפרסק 4 יח`,תומר ייבוא ושיווק מוצרי מזון [,,,יח`,5.60,ל-100 גרם,false,1,11.90,2.13,false,1,
17058573,true,פרוסות פלפל חלפינו 340 גר`,תומר ייבוא ושיווק מוצרי מזון [,,,יח`,3.40,ל-100 גרם,false,1,8.90,2.62,false,1,
17058689,true,זית שחור טבעי 400 גר`,תומר ייבוא ושיווק מוצרי מזון [,,,יח`,4,ל-100 גרם,false,1,14.90,3.73,false,1,
17065137,true,גבינה ריקוטה למריחה 5% טבעית 200 גר`,מחלבות גד בעמ`,,,יח`,2,ל-100 גרם,false,1,9.90,4.95,false,1,
17065168,true,גבינת כחולה 100 גר`,מחלבות גד בעמ`,,,יח`,1,ל-100 גרם,false,1,16.90,16.90,false,1,
17065236,true,גבינה בולגרית מעודנת 24% 250 גרם,מחלבות גד בעמ`,,,יח`,2.50,ל-100 גרם,false,1,24.70,9.88,false,1,
17065311,true,גבינת מוצרלה מעושנת 200 גר`,מחלבות גד בעמ`,,,יח`,2,ל-100 גרם,false,1,19.90,9.95,false,1,
17065380,true,גרנה פדנו שבבים 100 גר`,מחלבות גד בעמ`,,,יח`,1,ל-100 גרם,false,1,14.90,14.90,false,1,
17065434,true,פרוסות גאודה הולנדית 200 גר`,מחלבות גד בעמ`,,,יח`,2,ל-100 גרם,false,1,21.90,10.95,false,1,
17065441,true,פרוסות גאודה עיזים הולנדית 200 גר`,מחלבות גד בעמ`,,,יח`,2,ל-100 גרם,false,1,33.90,16.95,false,1,
17065526,true,גבינת קוואטרו פורמאג`י 300 גר`,מחלבות גד בעמ`,,,יח`,3,ל-100 גרם,false,1,29.90,9.97,false,1,
17065588,true,יוגורט יווני 600 גר`,מחלבות גד בעמ`,,,יח`,6,ל-100 גרם,false,1,16.90,2.82,false,1,
17065663,true,גבינת פטה עיזים מעודנת 16% 250 גר`,מחלבות גד בעמ`,,,יח`,2.50,ל-100 גרם,false,1,31.90,12.76,false,1,
17065731,true,גבינת שמנת ניו יורק עם כמהין 200 גר`,מחלבות גד בעמ`,,,יח`,2.50,ל-100 גרם,false,1,13.90,5.56,false,1,
17088112,true,בייביסיטר פרפורמנס{36}מידה 4+,שקד תבל בע`מ,,,יח`,1,יח`,false,1,29.90,29.90,true,1,
17088129,true,בייביסיטר פרפורמנס{34}מידה 4+,שקד תבל בע`מ,,,יח`,1,יח`,false,1,29.90,29.90,true,1,
17088327,true,מגבונים בייביסיטר אקסטרא סופט ללא בישום,שקד תבל בע`מ,,,יח`,1,יח`,false,1,16.90,16.90,true,1,
17105369,true,סירופ דיאט אייס טי אפרסק 1 ליטר,זנלכול יכין,,,יח`,1,,false,1,18.90,18.90,false,1,
17105383,true,תירס שלשות קידס 200 גר`,זנלכול יכין,,,יח`,2,ל-100 גרם,false,1,14.90,7.45,false,1,
17105550,true,מאגדת רסק עגבניות 100*4,זנלכול יכין,,,יח`,4,ל-100 גרם,false,1,13.90,3.48,false,1,
17121048,true,פלפל צ`ומה עללחם 250 גר`,שטראוס גרופ בע`מ,,,יח`,2.50,ל-100 גרם,false,1,14.90,5.96,false,1,
17121093,true,.אריסה חריפה עללחם 250 גר`,שטראוס גרופ בע`מ,,,יח`,2.50,ל-100 גרם,false,1,14.90,5.96,false,1,
17142128,true,"שמן זית קלאסי עץ הזית 750 מ""ל",סוגת,,,יח`,7.50,"ל-100 מ""ל",false,1,32.90,4.39,true,1,
17142203,true,פילה טונה בשמן זית מעושן 120 גר` עץ הז,סוגת,,,יח`,1.20,ל-100 גרם,false,1,15.90,13.25,true,1,
17142289,true,תרסיס שמן חמניות מזוכך ללא גז,סוגת,,,יח`,1,,false,1,14.90,14.90,false,1,
17142340,true,שמן זרעי ענבים 1 ל`,סוגת,,,יח`,10,"ל-100 מ""ל",false,1,29.90,2.99,true,1,
17291390,true,שורש כורכום טרי ארוז,ביכורי השדה הצפון בעמ` 1964,,,יח`,1,יח`,false,1,19.90,19.90,false,1,
17297224,true,שעועית אדומה 800 גר`,ויטה פרי גליל (החדשה) בע`מ,,,יח`,8,ל-100 גרם,false,1,12.90,1.61,false,1,
17303567,true,עוגיות תמר מלוחות עם קצח 500 גר`,מאפית אריאל שיווק והפצה,,,יח`,5,ל-100 גרם,false,1,12.90,2.58,true,1,
17303574,true,עוגיות תמר מלוחות עם שומשום 500 גר`,מאפית אריאל שיווק והפצה,,,יח`,5,ל-100 גרם,false,1,12.90,2.58,true,1,
17303604,true,עוגיות תמר גרנולה 600 גר,מאפית אריאל שיווק והפצה,,,יח`,5,ל-100 גרם,false,1,12.90,2.58,true,1,
17303611,true,עוגיות תמר כעכעים קקאו 500 גר`,מאפית אריאל שיווק והפצה,,,יח`,5,ל-100 גרם,false,1,12.90,2.58,true,1,
17303628,true,עוגיות תמר כתר במילוי תות 600 גר,מאפית אריאל שיווק והפצה,,,יח`,5,ל-100 גרם,false,1,12.90,2.58,true,1,
17303659,true,עוגיות תמר מיני מרוקאיות 500 גר`,מאפית אריאל שיווק והפצה,,,יח`,5,ל-100 גרם,false,1,12.90,2.58,true,1,
17303666,true,עוגיות תמר שוקולד ציפס 600 גר,מאפית אריאל שיווק והפצה,,,יח`,5,ל-100 גרם,false,1,12.90,2.58,true,1,
17374512,true,שקיות אשפה 75*90,מ.א. יצור ויבוא מטליות בעמ`,,,יח`,1,,false,20,9.90,9.90,false,1,
17374932,true,שקיות אשפה גורילה 52*65,מ.א. יצור ויבוא מטליות בעמ`,,,יח`,1,,false,20,14.90,14.90,false,1,
17374970,true,מבשם למתקן מיקס אברקומבי,מ.א. יצור ויבוא מטליות בעמ`,,,יח`,1,,false,1,9.90,9.90,false,1,
17457628,true,סוד ג`ל כביסה 2.5 ל`כחול,גורי שיווק,,,יח`,25,"ל-100 מ""ל",false,1,22.90,0.92,false,1,
17457703,true,מרכך כביסה מרוכז ארומתרפי זהב,גורי שיווק,,,יח`,9,"ל-100 מ""ל",false,1,12.90,1.43,false,1,
17457727,true,מרכך כביסה מרוכז כחול,גורי שיווק,,,יח`,9,"ל-100 מ""ל",false,12,12.90,1.43,false,1,
17457925,true,"מרכך כביסה מרוכז FCFC 900 מ""ל",גורי שיווק,,,יח`,9,"ל-100 מ""ל",false,1,12.90,1.43,false,1,
17457932,true,"מרכך כביסה מרוכז FCCF 900 מ""ל",גורי שיווק,,,יח`,9,"ל-100 מ""ל",false,1,12.90,1.43,false,1,
17477169,true,קשיו קלוי 250 גר`,דין שיווק וקליה 2021 בעמ,,,יח`,2.50,ל-100 גרם,false,1,20,8,false,1,
17513775,true,פליפז בייגלה מצופה שוקולד חלב 140 גר`,תה ויסוצקי בע`מ,,,יח`,1.40,ל-100 גרם,false,1,8.90,6.36,true,1,
17513782,true,פליפז בייגלה מצופה שוקולד מריר 140 גר`,תה ויסוצקי בע`מ,,,יח`,1.40,ל-100 גרם,false,1,8.90,6.36,true,1,
17589633,true,רזרב קברנה סטבניון gold edition 750 מ`,טמפו משקאות בע`מ,,,יח`,7.50,"ל-100 מ""ל",false,1,49.90,6.61,true,1,
17617046,true,טונה בשמן זית כתית מעולה סטארקיסט 140,דיפלומט מפיצים (1968) בע`מ,,,יח`,1.40,ל-100 גרם,false,1,27.90,19.93,false,1,
17677804,true,רוטב סויה קיקומן 444 מל,דיפלומט מפיצים (1968) בע`מ,,,יח`,4.44,"ל-100 מ""ל",false,12,19.90,4.48,false,1,
17677811,true,רוטב סויה קיקומן 296 מל,דיפלומט מפיצים (1968) בע`מ,,,יח`,2.96,"ל-100 מ""ל",false,1,13.90,4.70,false,1,
17715964,true,"רסק תפו""ע+אפרסק דיאט 4 יח`",תומר ייבוא ושיווק מוצרי מזון [,,,יח`,5.50,ל-100 גרם,false,1,10.90,1.98,false,1,
17812052,true,"אקסלנס שיראז קברנה סובניון 750 מ""ל",אגודת הכורמים,,,יח`,7.50,"ל-100 מ""ל",false,1,24.90,3.28,false,1,
17812106,true,מוג`ו-*בלנד לבן,אגודת הכורמים,,,יח`,7.50,"ל-100 מ""ל",false,1,34.90,4.61,false,1,
17812571,true,תירוש מיץ ענבים טבעי 1 ליטר 100%,אגודת הכורמים,,,יח`,10,"ל-100 מ""ל",false,1,19.90,1.96,false,1,
17812595,true,יין היובל ישן נושן לייט 750 מל`,אגודת הכורמים,,,יח`,7.50,"ל-100 מ""ל",false,1,24.90,3.28,false,1,
17812847,true,סלקטד פרנץ` גוורצטרמינר 750 מל,אגודת הכורמים,,,יח`,7.50,"ל-100 מ""ל",false,1,29.90,3.95,true,1,
17812861,true,יין לבן יבש 750 מל-וינו,אגודת הכורמים,,,יח`,7.50,"ל-100 מ""ל",false,1,21.90,2.88,true,1,
17842233,true,מקרל בשמן צמחי 125 גרם,ח.כהן סוכנות מזון ומשקאות,,,יח`,1.25,ל-100 גרם,false,1,5.90,4.72,false,1,
17871370,true,סבון ידיים פמלי יהלום -שמן אבוקדו,דנאגיס בעמ,,,יח`,1,,false,1,9.90,9.90,false,1,
17884462,true,מארז ריבועי בצק עלים 600 גר`כשל`פ,מאפית אריאל שיווק והפצה,,,יח`,6,ל-100 גרם,false,1,17.90,2.98,false,1,
17888019,true,"משקה קל תפוח סלק V F 350 מ""ל",יפאורה - שותפות מוגבלת לשיווק,,,יח`,3.50,"ל-100 מ""ל",false,1,6.90,1.89,false,1,
17888026,true,"משקה קל אננס תפוח וגזר V F 350 מ""ל",יפאורה - שותפות מוגבלת לשיווק,,,יח`,3.50,"ל-100 מ""ל",false,1,6.90,1.89,false,1,
17888095,true,רביעיית פחיות שוופס מוגז עדין פ.יער 33,יפאורה - שותפות מוגבלת לשיווק,,,יח`,12,"ל-100 מ""ל",false,1,13.90,1.06,false,1,
17888101,true,רביעיית פחיות שוופס מוגז עדין אפרסק330,יפאורה - שותפות מוגבלת לשיווק,,,יח`,12,"ל-100 מ""ל",false,1,13.90,1.06,false,1,
17888729,true,שוופס סודה בבקבוק 1 ליטר,יפאורה - שותפות מוגבלת לשיווק,,,יח`,10,"ל-100 מ""ל",false,1,3.90,0.36,true,1,
17888972,true,מי עדן 1 ליטר פקק ספורט פיקדון,יפאורה - שותפות מוגבלת לשיווק,,,יח`,10,"ל-100 מ""ל",false,1,3.90,0.36,false,1,
17917382,true,קמיל אל סבון נוזלי להרגעת עור התינוק 1,"פישר תעשיות פרמצבטיות בע""מ",,,יח`,10,"ל-100 מ""ל",false,1,15.90,1.59,true,1,
17928036,true,מאיר בייגל גריסיני מקלות שומשום 200 ג,דנאגיס בעמ,,,יח`,2,ל-100 גרם,false,1,11.90,5.95,true,1,
17928043,true,מאיר בייגל גריסיני קראנץ` מלח 175 גר`,דנאגיס בעמ,,,יח`,1.75,ל-100 גרם,false,1,11.90,6.80,true,1,
17928227,true,מאיר בייגל שטוחלה פינוקים 300 ג,דנאגיס בעמ,,,יח`,3,ל-100 גרם,false,1,11.90,3.97,true,1,
17928616,true,מאיר בייגל שטוחלה שומשום 300 גר`,דנאגיס בעמ,,,יח`,3,ל-100 גרם,false,1,11.90,3.97,true,1,
17928821,true,מאיר בייגל גריסיני מקלות קלאסי 200 גר`,דנאגיס בעמ,,,יח`,2,ל-100 גרם,false,1,11.90,5.95,true,1,
18115039,true,אבוקדו מוכן לאכילה,ביכורי השדה הצפון בעמ` 1964,,,יח`,1,,false,1,9.90,9.90,false,1,
18131336,true,שלגון ליון בטעם קרמל עם שבבי וופל 66 ג,נגה גלידות שותפות מוגבלת,,,יח`,0.66,ל-100 גרם,false,1,9.90,15,false,1,
18131640,true,קראנץ` בלונד עם ליבת נוגט בוטנים 100 ג,נגה גלידות שותפות מוגבלת,,,יח`,1,ל-100 גרם,false,1,9.90,9.90,true,1,
18131978,true,טילון אוראו 68.5 גר`,נגה גלידות שותפות מוגבלת,,,יח`,0.68,ל-100 גרם,false,1,6.90,10.15,true,1,
18156124,true,"אל סבון קמיל שלישייה צבעוני 500 מ""ל","פישר תעשיות פרמצבטיות בע""מ",,,יח`,3.25,"ל-100 מ""ל",false,1,19.90,6.12,false,1,
18165447,true,רזרב גולד מרלו gold edition 750 מ`,טמפו משקאות בע`מ,,,יח`,7.50,"ל-100 מ""ל",false,1,49.90,6.61,true,1,
18192023,true,מקלות סלרי,ביכורי השדה הצפון בעמ` 1964,,,יח`,1,,false,1,5.90,5.90,false,1,
18192658,true,פטריות זוג,ביכורי השדה הצפון בעמ` 1964,,,יח`,1,,false,1,16.90,16.90,false,1,
18198056,true,"תפוגן קוביות תפוח אדמה 1.5 ק""ג",קבוצת אסם סחר,,,יח`,15,ל-100 גרם,false,1,26.90,1.79,false,1,
18213124,true,דלי מטליות לחות לרצפה 50 יח`פוקוס,מ.א. יצור ויבוא מטליות בעמ`,,,יח`,0,יח`,false,1,29.90,29.90,false,1,
18213247,true,מטליות לחות לריצפה שייני בניחוח מרכך כ,מ.א. יצור ויבוא מטליות בעמ`,,,יח`,1,,false,12,9.90,9.90,false,1,
18213254,true,שלישיית מגבות מטבח עבות,מ.א. יצור ויבוא מטליות בעמ`,,,יח`,0,יח`,false,1,9.90,9.90,false,1,
18213674,true,מפיות אירוח רב שימושיות 100 יח`,מ.א. יצור ויבוא מטליות בעמ`,,,יח`,1,,false,1,5.90,5.90,false,1,
18249123,true,סוויט טנגו פודינג בטעם וניל 50 גר`,אבאל יזמות בעמ,,,יח`,0.50,ל-100 גרם,false,1,11.90,23.80,false,1,
18249994,true,סוויט טנגו כמו סוכר צנצנת 700 גר`,אבאל יזמות בעמ,,,יח`,7,ל-100 גרם,false,1,56.90,8.13,false,1,
18333020,true,שלוקים-משקה קל בטעם ענבים עם קש 40 יח`,כרמית תעשיות ממתקים בעמ,,,יח`,22.40,"ל-100 מ""ל",false,1,32.90,1.47,false,1,
18359334,true,רכז עגבניות טבעי פריכוז שף 580 גר`,זנלכול יכין,,,יח`,5.80,ל-100 גרם,false,1,11.90,2.05,false,1,
18359358,true,שליישיה פריכוז יכין 200 גר`,זנלכול יכין,,,יח`,2,ל-100 גרם,false,1,14.90,7.45,false,1,
18359495,true,תירס מהשדה לל`ס יכין 550 גר`,זנלכול יכין,,,יח`,5.50,ל-100 גרם,false,1,9.90,1.80,false,1,
18359518,true,תירס מהשדה לל`ס 200 גר`שלישייה,זנלכול יכין,,,יח`,2,ל-100 גרם,false,1,14.90,7.45,false,1,
18359549,true,רסק עגבניות פרי זה 240 גרם,זנלכול יכין,,,יח`,2.40,ל-100 גרם,false,1,3.90,1.63,false,1,
18359587,true,חומוס הקטניה הטובה שלישייה 200*3,זנלכול יכין,,,יח`,6,ל-100 גרם,false,1,14.90,2.48,true,1,
18380079,true,אפונה 550 גר`,תומר ייבוא ושיווק מוצרי מזון [,,,יח`,5.50,ל-100 גרם,false,1,4.90,0.89,false,1,
18380086,true,אפונה וגזר 550 גר`,תומר ייבוא ושיווק מוצרי מזון [,,,יח`,5.50,ל-100 גרם,false,1,4.90,0.89,false,1,
18380222,true,קורנישון בינוני פיקנטי 670 גרם,תומר ייבוא ושיווק מוצרי מזון [,,,יח`,6.70,ל-100 גרם,false,1,9.90,1.48,false,1,
18400647,true,סמוטיז בננה תמר SMOOTHIE,תנובה מרכז שיתופי לשיווק תוצרת,,,יח`,3,ל-100 גרם,false,1,16.90,5.63,false,1,
18440193,true,פליפז בייגלה בציפוי חמאת בוטנים 140 גר,תה ויסוצקי בע`מ,,,יח`,1.40,ל-100 גרם,false,1,8.90,6.36,true,1,
18440209,true,פליפז בייגלה בציפוי פאדג` לבן 140 גר,תה ויסוצקי בע`מ,,,יח`,1.40,ל-100 גרם,false,1,8.90,6.36,true,1,
18471029,true,שישיית שרינק 0.5 ל`שוופס סודה לימון,יפאורה - שותפות מוגבלת לשיווק,,,יח`,3,"ל-100 מ""ל",false,1,15.90,4.70,false,1,
18471180,true,פרוט & ווג` אננס תפוח גזר 1 ל`,יפאורה - שותפות מוגבלת לשיווק,,,יח`,10,"ל-100 מ""ל",false,1,13.90,1.36,true,1,
18471197,true,פרוט & ווג` תפוח בננה מלון ונענע 1 ל`,יפאורה - שותפות מוגבלת לשיווק,,,יח`,10,"ל-100 מ""ל",false,1,13.90,1.36,true,1,
18471210,true,ספרינג נקטר אגס סברס תפוח 1 ליטר קרטון,יפאורה - שותפות מוגבלת לשיווק,,,יח`,10,"ל-100 מ""ל",false,1,6.90,0.69,false,1,
18471401,true,פרוט & ווג` אננס בננה כורכום 1 ל`,יפאורה - שותפות מוגבלת לשיווק,,,יח`,10,"ל-100 מ""ל",false,1,13.90,1.36,true,1,
18471456,true,ספרינג שייק אננס מנגו פסיפלורה 1 ליטר,יפאורה - שותפות מוגבלת לשיווק,,,יח`,10,"ל-100 מ""ל",false,1,12.90,1.26,true,1,
18471463,true,תפוזינה נקטר תפוז מנגו 1 ל`קרטונית,יפאורה - שותפות מוגבלת לשיווק,,,יח`,10,"ל-100 מ""ל",false,1,7.90,0.79,false,1,
18471470,true,תפוזינה נקטר תפוז פסיפלורה 1 ל`קרטוני,יפאורה - שותפות מוגבלת לשיווק,,,יח`,10,"ל-100 מ""ל",false,1,7.90,0.79,false,1,
18471487,true,תפוזינה נקטר תפוז אננס 1 ל`קרטונית,יפאורה - שותפות מוגבלת לשיווק,,,יח`,10,"ל-100 מ""ל",false,1,7.90,0.79,false,1,
18516331,true,פאוץ פרינוק בננה וש.שועל 120 גר`,גורי מוצרי צריכה 1991 בע`מ,,,יח`,1.30,ל-100 גרם,false,1,5.90,4.54,true,1,
18652039,true,לה קרמריה קרמל מלוח ונוגט כשל`פ 1.4 ל`,נגה גלידות שותפות מוגבלת,,,יח`,14,"ל-100 מ""ל",false,1,19.90,1.42,false,1,
18652053,true,שלגון ביסקולידה אקסטרה 90 גרם,נגה גלידות שותפות מוגבלת,,,יח`,0.90,ל-100 גרם,false,1,7.90,8.78,false,1,
18964026,true,כבל טעינה אייפון,סוויטשי ישראל בעמ,,,יח`,1,,false,1,29.90,29.90,false,1,
18964057,true,ראש מטען קיר לבן,סוויטשי ישראל בעמ,,,יח`,1,,false,1,29.90,29.90,false,1,
19297192,true,חטיף דגנים קרנולה עם שקדים 175 גרם,דין שיווק וקליה 2021 בעמ,,,יח`,1.75,ל-100 גרם,false,1,9.90,5.66,false,1,
19297246,true,שזיפים 250 גרם בקופסא,דין שיווק וקליה 2021 בעמ,,,יח`,2.50,ל-100 גרם,false,1,14.90,5.96,false,1,
36720123,true,.מושט קפוא,פאר הבשר והעוף בעמ,,,"ק""ג",1,ל-100 גרם,true,1,24.90,24.90,false,1,
40084107,true,ביצת קינדר עם הפתעה 20 גרם,פרימיום חברה לדברי מתיקה ולמסח,,,יח`,0.20,ל-100 גרם,false,1,4.90,24.50,false,1,
40111216,true,חטיף באונטי 57 גרם,"מרס ריגלי ישראל בע""מ",,,יח`,0.57,ל-100 גרם,false,1,3.90,6.84,false,1,
42061939,true,"בירה בקס בקבוק 500 מ""ל",הכרם -משקאות חריפים בע`מ,,,יח`,5,"ל-100 מ""ל",false,1,6.90,1.32,false,1,
54051140,true,אלפרו מעדן סויה בטעם וניל 4*125 גרם,שטראוס גרופ בע`מ,,,יח`,5,ל-100 גרם,false,1,18.10,3.62,false,1,
54051157,true,אלפרו מעדן סויה בטעם שוק `4*125גרם,שטראוס גרופ בע`מ,,,יח`,1.25,ל-100 גרם,false,1,16.90,13.52,false,1,
72940754,true,מילקי מעדן חלב וניל עם קצפת %5 170מל,שטראוס גרופ בע`מ,,,יח`,1.30,"ל-100 מ""ל",false,24,2.80,2.15,false,1,
72940761,true,מילקי טעם שוקולד,שטראוס גרופ בע`מ,,,יח`,1.30,"ל-100 מ""ל",false,24,2.90,2.23,false,1,
72940952,true,מילקי קצפת 2p מעדן שוקולד %10 170 מ`,שטראוס גרופ בע`מ,,,יח`,1.70,"ל-100 מ""ל",false,24,3.90,2.29,false,1,
72940976,true,אחלה סלט כרוב אדום 250 גרם,שטראוס גרופ בע`מ,,,יח`,2.50,ל-100 גרם,false,12,8.50,3.40,false,1,
72940983,true,אחלה חומוס 250 גרם,שטראוס גרופ בע`מ,,,יח`,2.50,ל-100 גרם,false,12,8.50,3.40,false,1,
72941041,true,מיני מילקי שוקולד עם קצפת %6 90 מל,שטראוס גרופ בע`מ,,,יח`,1.30,"ל-100 מ""ל",false,24,2.30,1.77,false,1,
72945308,true,שמרית קוביות שמרים לאפייה 50 גרםכשלפ,שטראוס גרופ בע`מ,,,יח`,0.50,ל-100 גרם,false,10,3.50,7,false,1,
72961506,true,פרילי תות %1.5 125 מל גביע,תנובה חלב,,,יח`,1.25,"ל-100 מ""ל",false,1,3.70,2.96,false,1,
72964132,true,פרילי טבע עם גרנולה 200 מל גביע,תנובה חלב,,,יח`,2,"ל-100 מ""ל",false,1,5.20,2.60,false,1,
72964422,true,שלי יוגורט %4.5 200 מל גביע,תנובה חלב,,,יח`,2,"ל-100 מ""ל",false,1,2.90,1.45,false,1,
72986233,true,באדי וניל %3 125 מ``ל מהדרין,תנובה חלב,,,יח`,1.25,"ל-100 מ""ל",false,1,3,2.40,false,1,
72986370,true,גלידת בן & ג`ריס 500 מל` וניל,מוצרי איכות אמריקאים,,,יח`,5,ל-100 גרם,false,1,19.90,3.98,true,1,
72986424,true,גלידת בן & ג`ריס 500 מל` קרם עוגיות,מוצרי איכות אמריקאים,,,יח`,5,"ל-100 מ""ל",false,1,19.90,3.98,true,1,
72986448,true,גלידת בן & ג`ריס 500 מל` טופי קראנץ,מוצרי איכות אמריקאים,,,יח`,5,"ל-100 מ""ל",false,1,19.90,3.98,true,1,
72986455,true,גלידת בן & ג`ריס 500 מל` ניו יורק,מוצרי איכות אמריקאים,,,יח`,5,"ל-100 מ""ל",false,1,19.90,3.98,true,1,
72986479,true,גלידת בן & ג`ריס 500 מל` מאנקי,מוצרי איכות אמריקאים,,,יח`,5,"ל-100 מ""ל",false,1,19.90,3.98,true,1,
72989425,true,גלידת בן & ג`ריס 500 מל` בראוניס,מוצרי איכות אמריקאים,,,יח`,5,"ל-100 מ""ל",false,1,19.90,3.98,true,1,
72991886,true,גלידת בן & ג`ריס 500 מל` דולצ`ה,מוצרי איכות אמריקאים,,,יח`,5,"ל-100 מ""ל",false,1,19.90,3.98,true,1,
72993637,true,דני שוקולד %1.5 שומן 125 גרם,שטראוס גרופ בע`מ,,,יח`,1.25,"ל-100 מ""ל",false,24,2.70,2.16,false,1,
72994061,true,פסק זמן GOOD,שטראוס גרופ בע`מ,,,יח`,0,ל-100 גרם,false,20,5.30,5.30,false,1,
80001287,true,חטיף גרדנה 38 גרם,ליימן שליסל בע`מ,,,יח`,0.38,ל-100 גרם,false,1,3.90,10.26,true,1,
80001485,true,חטיף גרדנה קוקוס 38 גרם,ליימן שליסל בע`מ,,,יח`,0.38,ל-100 גרם,false,1,3.90,10.26,true,1,
80001911,true,חטיף גרדנה אגוז לבן 38 גרם,ליימן שליסל בע`מ,,,יח`,0.38,ל-100 גרם,false,1,3.90,10.26,true,1,
80042556,true,עגבניות חתוכות בודד 400 גרם,רסטרטו יבוא ושיווק בעמ,,,יח`,4,ל-100 גרם,false,1,5.90,1.48,false,1,
80042563,true,רסק עגבניות 700 כר` מוטי,רסטרטו יבוא ושיווק בעמ,,,יח`,7,ל-100 גרם,false,1,11.90,1.70,false,1,
80050025,true,סוכריות טיק טק תפוז 16 גרם,פרימיום חברה לדברי מתיקה ולמסח,,,יח`,0.16,ל-100 גרם,false,1,3.90,24.38,true,1,
80050124,true,סוכריות טיק טק מנטה 16 גרם,פרימיום חברה לדברי מתיקה ולמסח,,,יח`,0.16,ל-100 גרם,false,1,3.90,24.38,true,1,
80050278,true,פררו רושר שלישיה 37.5 גרם,פרימיום חברה לדברי מתיקה ולמסח,,,יח`,0.37,ל-100 גרם,false,1,5.90,15.95,false,1,
80052760,true,חטיף קינדר בואנו שוקולד 43 גרם,פרימיום חברה לדברי מתיקה ולמסח,,,יח`,0.43,ל-100 גרם,false,1,3.50,8.14,false,1,
80052883,true,טיק טק בטעם מנטה חזק 16 גר`,פרימיום חברה לדברי מתיקה ולמסח,,,יח`,0.16,ל-100 גרם,false,1,3.90,24.38,true,1,
80136194,true,קינדר Happy Hippo ופל במילוי קרם 5יח,פרימיום חברה לדברי מתיקה ולמסח,,,יח`,1.30,ל-100 גרם,false,1,12.90,9.92,false,1,
80176800,true,ממרח נוטלה קקאו אגוזים 750 גרם,פרימיום חברה לדברי מתיקה ולמסח,,,יח`,7.50,ל-100 גרם,false,1,25.90,3.45,false,1,
80177173,true,נוטלה קקאו ואגוזים 350 גרם,פרימיום חברה לדברי מתיקה ולמסח,,,יח`,3.50,ל-100 גרם,false,1,13.90,3.97,false,1,
80177609,true,אצבעות שוקולד קינדר 50 גרם,פרימיום חברה לדברי מתיקה ולמסח,,,יח`,0.50,ל-100 גרם,false,1,3.90,7.80,false,1,
80177616,true,אצבעות שוקולד קינדר 100 גרם,פרימיום חברה לדברי מתיקה ולמסח,,,יח`,1,ל-100 גרם,false,1,7.90,7.90,false,1,
80310167,true,קינד שוקולד מקסי מארז 6 יח`,פרימיום חברה לדברי מתיקה ולמסח,,,יח`,0,ל-100 גרם,false,1,9.90,9.90,false,1,
80310549,true,הפי היפו קינדר אגוזי לוז,פרימיום חברה לדברי מתיקה ולמסח,,,יח`,0.35,ל-100 גרם,false,1,2.90,8.29,false,1,
80761761,true,חטיף קינדר בואנו לבן 43 גרם,פרימיום חברה לדברי מתיקה ולמסח,,,יח`,0.43,ל-100 גרם,false,1,3.50,8.14,false,1,
80773429,true,מסטיק מנטוס טעם תות,ליימן שליסל בע`מ,,,יח`,0.24,ל-100 גרם,false,24,9.90,41.25,true,1,
80773443,true,מסטיק מנטוס טעם פירות,ליימן שליסל בע`מ,,,יח`,0.24,ל-100 גרם,false,24,9.90,41.25,true,1,
80790990,true,מסטיק מנטוס טעם מנטה עדינה,ליימן שליסל בע`מ,,,יח`,0.24,ל-100 גרם,false,24,9.90,41.25,true,1,
80831402,true,סוכריות מנטוס מנטה ללא סוכר clean breath,ליימן שליסל בע`מ,,,יח`,0.21,ל-100 גרם,false,1,6.90,32.86,true,1,
80832560,true,סוכריות מנטוס ללא סוכר בטעם פירות יער,ליימן שליסל בע`מ,,,יח`,0.21,ל-100 גרם,false,1,6.90,32.86,true,1,
80843184,true,מסטיק מנטוס טעם ענבים,ליימן שליסל בע`מ,,,יח`,0.24,ל-100 גרם,false,24,9.90,41.25,true,1,
80854753,true,סוכריות מנטוס ללא סוכר clean breath,ליימן שליסל בע`מ,,,יח`,0.21,ל-100 גרם,false,1,6.90,32.86,true,1,
80864059,true,חטיף גרדנה חמאת בוטנים 38 גרם,ליימן שליסל בע`מ,,,יח`,0.38,ל-100 גרם,false,1,3.90,10.26,true,1,
80864295,true,מסטיק מנטוס מנטה עדינה 60 גרם,ליימן שליסל בע`מ,,,יח`,6,ל-100 גרם,false,24,9.90,1.65,true,1,
80896081,true,מסטיק מנטוס טעם אבטיח,ליימן שליסל בע`מ,,,יח`,0.24,ל-100 גרם,false,24,9.90,41.25,true,1,
80913467,true,מסטיק מנטוס טעם מנטה,ליימן שליסל בע`מ,,,יח`,0.24,ל-100 גרם,false,24,9.90,41.25,true,1,
80936848,true,סוכריות טיק טק תות שדה 16 גרם,פרימיום חברה לדברי מתיקה ולמסח,,,יח`,6,למארז,false,1,3.90,0.65,true,1,
80945468,true,מסטיק מנטוס מנטה מתוקה 60 גרם,ליימן שליסל בע`מ,,,יח`,6,ל-100 גרם,false,24,9.90,1.65,true,1,
80974482,true,ביצת קינדר Joy עם הפתעה כחול 20 גרם,פרימיום חברה לדברי מתיקה ולמסח,,,יח`,0.20,ל-100 גרם,false,1,4.90,24.50,false,1,
80979128,true,מסטיק מנטוס טעם דובדבן,ליימן שליסל בע`מ,,,יח`,0.24,ל-100 גרם,false,1,9.90,41.25,true,1,
80986348,true,מסטיק מנטוס מנטה 60 גרם,ליימן שליסל בע`מ,,,יח`,6,ל-100 גרם,false,24,9.90,1.65,true,1,
80995128,true,מסטיק מנטוס טעם הדרים,ליימן שליסל בע`מ,,,יח`,0.24,ל-100 גרם,false,24,9.90,41.25,true,1,
87108538,true,מנטוס תות 38גר,ליימן שליסל בע`מ,,,יח`,0.37,ל-100 גרם,false,40,2.90,7.84,false,1,
87108651,true,מנטוס רבעיות מנטה 4*37.5 גרם,ליימן שליסל בע`מ,,,יח`,1,,false,35,10.90,10.90,true,1,
87108712,true,מנטוס רביעיות פירות 4*37.5 גרם,ליימן שליסל בע`מ,,,יח`,1.50,ל-100 גרם,false,35,10.90,7.27,true,1,
87311396,true,מנטוס פירות 38גר,ליימן שליסל בע`מ,,,יח`,0.37,ל-100 גרם,false,40,2.90,7.84,false,1,
90087974,true,חומץ טבעי מתפוחים 750 מ`ל,תומר ייבוא ושיווק מוצרי מזון [,,,יח`,1,,false,1,12.90,12.90,false,1,
90162602,true,משקה אנרגיה Red Bull מוגז 250 מל,דיפלומט מפיצים (1968) בע`מ,,,יח`,2.50,"ל-100 מ""ל",false,1,5.90,2.24,true,1,
90448867,true,משקה אנרגיה Red Bull מוגז 250 מל ללא פ,דיפלומט מפיצים (1968) בע`מ,,,יח`,2.50,"ל-100 מ""ל",false,1,5.90,2.24,true,1,
9800800056,true,ממרח נוטלה GO 52 גרם,פרימיום חברה לדברי מתיקה ולמסח,,,יח`,0.52,ל-100 גרם,false,1,5.50,10.58,false,1,
11182700954,true,שעועית שחורה 439 גרם קינג קול,מור ים מרקטינג בעמ,,,יח`,4.39,ל-100 גרם,false,1,9.90,2.26,false,1,
11210000094,true,רוטב טבסקו אדום 60 מל,מ.ד אטיאס סוכנויות מזון בע`מ,,,יח`,0.60,"ל-100 מ""ל",false,1,12.90,21.50,false,1,
11210607040,true,רוטב מעושן`ציפוטל`טבסקו 60 מל,מ.ד אטיאס סוכנויות מזון בע`מ,,,יח`,0.60,"ל-100 מ""ל",false,1,13.80,23,false,1,
16000185517,true,פייבר וואן 555 גרם,קבוצת אסם סחר,,,יח`,5.55,ל-100 גרם,false,1,29.90,5.39,false,1,
16000281684,true,חטיף שיבולת שועל עם שבבי פקאן 5*42גרם,ליימן שליסל בע`מ,,,יח`,2.10,ל-100 גרם,false,12,19.90,9.48,true,1,
16000423534,true,חטיף שיבולת שועל עם שוקולד מריר 5*42 גרם,ליימן שליסל בע`מ,,,יח`,2.10,ל-100 גרם,false,12,19.90,9.48,true,1,
16000548404,true,חטיף שיבולת שועל עם דבש 5*42 גרם,ליימן שליסל בע`מ,,,יח`,2.10,ל-100 גרם,false,12,19.90,9.48,true,1,
16000548503,true,חטיף שיבולת שועל עם מייפל קנדי 5*42גרם,ליימן שליסל בע`מ,,,יח`,2.10,ל-100 גרם,false,12,19.90,9.48,true,1,
16000548602,true,חטיף שיבולת שועל עם קינמון 5*42 גרם,ליימן שליסל בע`מ,,,יח`,2.10,ל-100 גרם,false,12,19.90,9.48,true,1,
16000548909,true,חטיף שיבולת שועל מלאה במגוון טעמים,ליימן שליסל בע`מ,,,יח`,2.10,ל-100 גרם,false,12,19.90,9.48,true,1,
16229918354,true,רוטב קארי אדום 250 מ`ל,גורי מוצרי צריכה 1991 בע`מ,,,"ל100 ס""מ",2.50,"ל-100 מ""ל",false,1,9.90,3.96,false,1,
16229918361,true,"ארוי די רוטב קארי ירוק 250 מ""ל",גורי מוצרי צריכה 1991 בע`מ,,,יח`,2.50,"ל-100 מ""ל",false,1,9.90,3.96,false,1,
18000701223,true,תערובת להכנת עוגת שוקולד 517 גרם,ליימן שליסל בע`מ,,,יח`,5,ל-100 גרם,false,1,17.90,3.58,false,1,
18000703494,true,תערובת לעוגת וניל 517 גרם,ליימן שליסל בע`מ,,,יח`,5,ל-100 גרם,false,12,17.90,3.58,false,1,
25675301108,true,מקלות חמוצים בטעם תות שדה 50 גרם,גורי ע.ע.ע. בע`מ,,,יח`,0.50,ל-100 גרם,false,1,4.90,9.80,false,1,
25675301153,true,מקלות חמוצים בטעם פטל 50 גרם,גורי ע.ע.ע. בע`מ,,,יח`,0.50,ל-100 גרם,false,24,4.90,9.80,false,1,
25675301184,true,מקלות חמוצים בטעם קולה 50 גרם,גורי ע.ע.ע. בע`מ,,,יח`,0.50,ל-100 גרם,false,1,4.90,9.80,false,1,
25675301207,true,מקלות חמוצים בטעם תפוח 50 גרם,גורי ע.ע.ע. בע`מ,,,יח`,0.50,ל-100 גרם,false,24,4.90,9.80,false,1,
29424000571,true,וופל מצופה 40 יח` *20 גר`אגוז,ח.כהן סוכנות מזון ומשקאות,,,יח`,0.20,ל-100 גרם,false,1,17.90,89.50,false,1,
29424000687,true,גלילי וופל 100 גר`אגוזים,ח.כהן סוכנות מזון ומשקאות,,,יח`,4,ל-100 גרם,false,1,4.90,1.23,true,1,
31200001597,true,חמוציות אושן 170 גרם,ליימן שליסל בע`מ,,,יח`,1.70,ל-100 גרם,false,12,11.90,7,false,1,
33617000026,true,וואזה מקמח מלא 260 גר`,גורי מוצרי צריכה 1991 בע`מ,,,יח`,2.60,ל-100 גרם,false,1,13.90,5.35,false,1,
34000148301,true,הרשי נטיפי אפיה שוקולד מריר,ליימן שליסל בע`מ,,,יח`,6.80,ל-100 גרם,false,12,18.90,2.78,false,1,
34000196173,true,טבלת קוקיס אנד קרים XL,ליימן שליסל בע`מ,,,יח`,38,ל-100 גרם,false,12,8.90,0.23,false,1,
34000442652,true,טבלת ריזס XL,ליימן שליסל בע`מ,,,יח`,38,ל-100 גרם,false,12,8.90,0.23,false,1,
37600207188,true,ממרח חמאת בוטנים קלאסי 462 גרם,דיפלומט מפיצים (1968) בע`מ,,,יח`,4.62,ל-100 גרם,false,1,19.90,4.31,false,1,
37600207256,true,ממרח חמאת בוטנים עם שברי בוטנים 462גר`,דיפלומט מפיצים (1968) בע`מ,,,יח`,4.62,ל-100 גרם,false,1,19.90,4.31,false,1,
37600297943,true,מטבל סלסה חריף 439 גרם,ליימן שליסל בע`מ,,,יח`,4.39,ל-100 גרם,false,1,18.90,4.31,true,1,
37600297967,true,סלסה מטבל עגבניות בחריפות מעודנת עדינה,ליימן שליסל בע`מ,,,יח`,4.39,ל-100 גרם,false,1,18.90,4.31,true,1,
38000138607,true,פרינגלס חמוץ מלוח 158 גר`,דיפלומט מפיצים (1968) בע`מ,,,יח`,1.58,ל-100 גרם,false,1,9.90,6.27,true,1,
38000138638,true,פרינגלס פיצה 158 גר`,דיפלומט מפיצים (1968) בע`מ,,,יח`,1.58,ל-100 גרם,false,14,9.90,6.27,true,1,
38000138720,true,פרינגלס ראנץ` 158 גר`,דיפלומט מפיצים (1968) בע`מ,,,יח`,1.58,ל-100 גרם,false,1,9.90,6.27,true,1,
38000183928,true,פרינגלס חרדל ודבש 158 גר`,דיפלומט מפיצים (1968) בע`מ,,,יח`,1.58,ל-100 גרם,false,14,9.90,6.27,true,1,
38000202278,true,פרינגלס וייב-גלי אורגינל 130 גר`,דיפלומט מפיצים (1968) בע`מ,,,יח`,1.30,ל-100 גרם,false,1,9.90,7.62,true,1,
38000232152,true,פרינגלס ביג ברביקיו 158 גר`,דיפלומט מפיצים (1968) בע`מ,,,יח`,1.58,ל-100 גרם,false,14,9.90,6.27,true,1,
38000232176,true,פרינגלס ביג שמנת בצל 158 גר`,דיפלומט מפיצים (1968) בע`מ,,,יח`,1.58,ל-100 גרם,false,14,9.90,6.27,true,1,
38000232183,true,פרינגלס ביג אורגינל 149 גר`,דיפלומט מפיצים (1968) בע`מ,,,יח`,1.49,ל-100 גרם,false,14,9.90,6.64,true,1,
38527591053,true,קוואקר ריבועים קנמון,שטראוס פריטו ליי בע`מ,,,יח`,4.12,ל-100 גרם,false,1,22.40,5.44,false,1,
38527591060,true,קוואקר ריבועים סוכר חום,שטראוס פריטו ליי בע`מ,,,יח`,4.12,ל-100 גרם,false,1,22.40,5.44,false,1,
40000513568,true,אריזת שוקולד MM 156 גר`,"מרס ריגלי ישראל בע""מ",,,יח`,1.56,ל-100 גרם,false,1,11.90,7.63,false,1,
40000513629,true,חמאת בוטנים MM 152 גר`,"מרס ריגלי ישראל בע""מ",,,יח`,1.52,"ל-100 מ""ל",false,1,11.90,7.83,false,1,
41390010309,true,רוטב טריאקי קיקומן 444 מל,דיפלומט מפיצים (1968) בע`מ,,,יח`,2.98,"ל-100 מ""ל",false,12,19.90,6.68,false,1,
46214382259,true,עוגיות מרבה בראוניס שוקולד פריכות 200,ש. שסטוביץ בע`מ,,,יח`,2.25,ל-100 גרם,false,1,9.90,4.40,true,1,
46214731552,true,עוגיות מרבה שוקולד צ`יפס 225 גרם,ש. שסטוביץ בע`מ,,,יח`,2.25,ל-100 גרם,false,1,9.90,4.40,true,1,
50000100347,true,פריסקיז מעדני החתול מועשר בחלב 1.4קג,שחורי אריה ואנסטסיה,,,יח`,14.20,ל-100 גרם,false,1,35.90,2.53,false,1,
50000429042,true,מזון חתולים כבד מעודן ועוף פנסי פיסט 85,שחורי אריה ואנסטסיה,,,יח`,0.85,ל-100 גרם,false,1,5.90,6.94,false,1,
50000429844,true,מזון חתולים בטעם הודו ועוף פנסי פיסט 85,שחורי אריה ואנסטסיה,,,יח`,0.85,ל-100 גרם,false,1,5.90,6.94,false,1,
54881000208,true,תה שחור לימון וגינג`ר 20 יח`,תומר ייבוא ושיווק מוצרי מזון [,,,יח`,1,,false,1,9.50,9.50,false,1,
54881003995,true,תה פירות 20 יח`,תומר ייבוא ושיווק מוצרי מזון [,,,יח`,1,,false,1,9.50,9.50,false,1,
54881006996,true,תה אפרסק ופסיפלורה,תומר ייבוא ושיווק מוצרי מזון [,,,יח`,1,,false,1,9.50,9.50,false,1,
54881007511,true,תה ירוק טעם מנטה 20 שק`,תומר ייבוא ושיווק מוצרי מזון [,,,יח`,1,,false,1,9.50,9.50,false,1,
54881008174,true,תה ארל גריי 100 שק`,תומר ייבוא ושיווק מוצרי מזון [,,,יח`,1,,false,1,17.90,17.90,false,1,
55369902564,true,"אפלסנקס רביעיית רסק תפו""ע",מור ים מרקטינג בעמ,,,יח`,1,ל-100 גרם,false,1,13.90,13.90,false,1,
60861431046,true,אוכמניות,ביכורי השדה הצפון בעמ` 1964,,,"ק""ג",1,,false,1,13.90,13.90,false,1,
64144090013,true,תרסיס שמן להתזה קל בטעם חמאה 141 גרם,ליימן שליסל בע`מ,,,יח`,1.48,"ל-100 מ""ל",false,12,18.90,12.77,false,1,
64144090020,true,תרסיס שמן זית להתזה בטעם מקורי 141גר,ליימן שליסל בע`מ,,,יח`,1,,false,12,18.90,18.90,false,1,
64144090051,true,תרסיס שמן קנולה קל להתזה אורגינל,ליימן שליסל בע`מ,,,יח`,1.48,"ל-100 מ""ל",false,12,18.90,12.77,false,1,
70450020873,true,שזיפים סנסוויט 500 גר`,בני גורג שוקחה בעמ,,,יח`,5,ל-100 גרם,false,1,24.90,4.98,false,1,
72600062306,true,חטיף גבינה בטעם פיצה 198 גרם,מור ים מרקטינג בעמ,,,יח`,1.98,ל-100 גרם,false,1,19.90,10.05,false,1,
76840001767,true,גלידת בן ג`ריס 500 מל`בwake no bake,מוצרי איכות אמריקאים,,,יח`,5,"ל-100 מ""ל",false,1,19.90,3.98,false,1,
76840002542,true,גלידת בן ג`ריס 500 מל`פיינט נטפליקס צ,מוצרי איכות אמריקאים,,,יח`,5,"ל-100 מ""ל",false,1,19.90,3.98,false,1,
76840002566,true,גלידת בן ג`ריס פינט נטפליקס ללא חלב,מוצרי איכות אמריקאים,,,יח`,5,"ל-100 מ""ל",false,1,24.90,4.98,false,1,
76840100125,true,גלידת בן & ג`ריס 500 מל`צאבי האבי,מוצרי איכות אמריקאים,,,יח`,5,ל-100 גרם,false,1,19.90,3.98,true,1,
76840100156,true,גלידת בן & ג`ריס 500 מל`פיינט גרסיה,מוצרי איכות אמריקאים,,,יח`,5,ל-100 גרם,false,1,19.90,3.98,true,1,
76840100583,true,גלידת בן & ג`ריס 500 מל`פיינט,מוצרי איכות אמריקאים,,,יח`,5,"ל-100 מ""ל",false,1,19.90,3.98,true,1,
76840400218,true,גלידת בן & ג`ריס 500 מל` עוגת גבינה ותות,מוצרי איכות אמריקאים,,,יח`,5,"ל-100 מ""ל",false,1,19.90,3.98,true,1,
76840620029,true,גלידת בן & ג`ריס 500 מל` פיינט תות שדה,מוצרי איכות אמריקאים,,,יח`,5,"ל-100 מ""ל",false,1,19.90,3.98,true,1,
77245110610,true,סוכריות Must ללא סוכר בטעם מנטה 80גר`,שטראוס גרופ בע`מ,,,יח`,0.80,ל-100 גרם,false,12,7.90,9.88,false,1,
77975094624,true,שברי בייגל במילוי חמאת בוטנים,ליימן שליסל בע`מ,,,יח`,3.40,ל-100 גרם,false,12,16.90,4.97,true,1,
77975094631,true,בייגלה סנדוויץ גבינה צ`דר 226.8 גר`,ליימן שליסל בע`מ,,,יח`,2.26,ל-100 גרם,false,12,16.90,7.48,true,1,
77975094761,true,שברי בייגל בטעם גבינת צ`אדר 340 גר`,ליימן שליסל בע`מ,,,יח`,3.40,ל-100 גרם,false,12,16.90,4.97,true,1,
77975094778,true,"שברי בייגל בטעם בצל,חרדל ודבש 340 גר`",ליימן שליסל בע`מ,,,יח`,3.40,ל-100 גרם,false,12,16.90,4.97,true,1,
77975095133,true,שברי בייגל בטעם פיקנטי 319 גר`,ליימן שליסל בע`מ,,,יח`,3.19,ל-100 גרם,false,12,16.90,5.30,true,1,
77975095157,true,סניידרס שברי בייגלה בטעם חלפיניו 318גר,ליימן שליסל בע`מ,,,יח`,3.18,ל-100 גרם,false,12,16.90,5.31,true,1,
80432402931,true,וויסקי שיבאס 700מל,טמפו משקאות בע`מ,,,יח`,7,"ל-100 מ""ל",false,1,119.90,17.09,true,1,
85696607207,true,טופו רך מרינו,טחנת האבן קואופ בעמ,,,יח`,2.97,ל-100 גרם,false,1,16,5.39,false,1,
195480030088,true,צימקאו מריר 300גר,תה ויסוצקי בע`מ,,,יח`,3,ל-100 גרם,false,1,8.90,2.97,false,1,
305213079004,true,וזלין תחליב גוף צהוב 600 מל`,יוניליוור ישראל שיווק בע`מ,,,יח`,6,"ל-100 מ""ל",false,1,25.90,4.32,false,1,
413900010558,true,רוטב סויה 296 מל,דיפלומט מפיצים (1968) בע`מ,,,יח`,2.96,"ל-100 מ""ל",false,1,19.90,6.72,false,1,
608614307135,true,חסה סלנובה,ביכורי השדה הצפון בעמ` 1964,,,יח`,1,,false,1,9.90,9.90,false,1,
608614310463,true,אוכמניות,ביכורי השדה הצפון בעמ` 1964,,,"ק""ג",1,,false,1,13.90,13.90,false,1,
645173911038,true,קורנישון מיני 720 גר`,תומר ייבוא ושיווק מוצרי מזון [,,,יח`,7.20,ל-100 גרם,false,1,9.90,1.38,false,1,
649870165695,true,חטיף נייטיב לכלב,שחורי אריה ואנסטסיה,,,יח`,0.80,ל-100 גרם,false,1,15.90,19.88,false,1,
649870165725,true,חטיף נייטיב לכלב,שחורי אריה ואנסטסיה,,,יח`,0.80,ל-100 גרם,false,1,15.90,19.88,false,1,
649870165732,true,חטיף נייטיב לכלב,שחורי אריה ואנסטסיה,,,יח`,0.80,ל-100 גרם,false,1,15.90,19.88,false,1,
649870166081,true,נייטיב בקר ברוטב לחתול 85 גרם,שחורי אריה ואנסטסיה,,,יח`,0.85,ל-100 גרם,false,1,4.90,5.76,false,1,
649870166098,true,נייטיב עוף ברוטב לחתול 85 גרם,שחורי אריה ואנסטסיה,,,יח`,0.85,ל-100 גרם,false,1,4.90,5.76,false,1,
649870166128,true,נייטיב סלמון ברוטב לחתול 85 גרם,שחורי אריה ואנסטסיה,,,יח`,0.85,ל-100 גרם,false,1,4.90,5.76,false,1,
649870166135,true,נייטיב טונה ברוטב לחתול 85 גרם,שחורי אריה ואנסטסיה,,,יח`,0.85,ל-100 גרם,false,1,4.90,5.76,false,1,
649870166180,true,נייטיב פטה סלמון לחתול 85 גרם,שחורי אריה ואנסטסיה,,,יח`,0.85,ל-100 גרם,false,1,4.90,5.76,false,1,
693493102575,true,שרי ארוז,ביכורי השדה הצפון בעמ` 1964,,,יח`,1,,false,1,9.90,9.90,false,1,
710069055452,true,עוגיות סנדביץ הדר 150 גרם,ח.כהן סוכנות מזון ומשקאות,,,יח`,1.50,ל-100 גרם,false,1,3.90,2.60,true,1,
710535495539,true,"אורז בסמטי 1 ק""ג",אבאל יזמות בעמ,,,יח`,10,ל-100 גרם,false,1,11.90,1.19,false,1,
724353783822,true,תמר מג`הול,ביכורי השדה הצפון בעמ` 1964,,,יח`,1,,false,1,19.90,19.90,false,1,
728229123811,true,טרה Mediterranean חטיף צ`יפס 110 גרם,משה סידס ובנו בעמ,,,יח`,1.10,ל-100 גרם,false,1,14.90,13.55,false,1,
728229124764,true,חטיף צ`יפס מבטטה בטעם ברביקיו,משה סידס ובנו בעמ,,,יח`,1.10,ל-100 גרם,false,1,14.90,13.55,false,1,
728229124771,true,חטיף צ`יפס מבטטה בטעם ברביקיו,משה סידס ובנו בעמ,,,יח`,1.10,ל-100 גרם,false,1,14.90,13.55,false,1,
728229130154,true,חטיף צ`יפס מבטטה וסלק,משה סידס ובנו בעמ,,,יח`,1.10,ל-100 גרם,false,1,14.90,13.55,false,1,
748485103334,true,נתחי טונה בהירה בשמן,קבוצת יבנה,,,יח`,4.48,ל-100 גרם,false,1,19.90,4.44,false,1,
753182231761,true,משקה אנרגיה Blu פחית ללא סוכר 250 מל,בני פאוזי שמשום,,,יח`,2.50,"ל-100 מ""ל",false,1,3.90,1.44,true,1,
768404001640,true,גלידת בן & ג`ריס 500 מל`פיינט קפה,מוצרי איכות אמריקאים,,,יח`,5,"ל-100 מ""ל",false,1,19.90,3.98,true,1,
800110002571,true,רוטב עגבניות שרי לפסטה 400 גרם,רסטרטו יבוא ושיווק בעמ,,,יח`,4,ל-100 גרם,false,1,12.90,3.23,false,1,
800510002533,true,רוטב עגבניות דטריני לפסטה 400 גרם,רסטרטו יבוא ושיווק בעמ,,,יח`,4,ל-100 גרם,false,1,12.90,3.23,false,1,
835811001119,true,סוכריות לקישוט מיני עדשים 200 גרם,הנמל אריזות ושיווק 1984 בע`מ,,,יח`,2,ל-100 גרם,false,1,11.90,5.95,false,1,
835811001959,true,תבני אלומ`עבה רוסטר 3 יח`,הנמל אריזות ושיווק 1984 בע`מ,,,יח`,1,,false,15,11.90,11.90,false,1,
835811002635,true,נייר אפיה בגליל 25 מ`,הנמל אריזות ושיווק 1984 בע`מ,,,יח`,1,,false,24,19.90,19.90,false,1,
835811003359,true,נר נשמה פלוס 24 שעות בפח כולל גפרור,הנמל אריזות ושיווק 1984 בע`מ,,,יח`,0,יח`,false,1,3.90,3.90,false,1,
835811003427,true,"צלחות מתכלות 1 ק""ג 67 יח`",הנמל אריזות ושיווק 1984 בע`מ,,,יח`,1,יח`,false,1,34.90,34.90,true,1,
835811003458,true,מזלגות אלגנט שקוף 50 יח`,הנמל אריזות ושיווק 1984 בע`מ,,,יח`,1,,false,1,7.90,7.90,true,1,
835811003472,true,כפות אלגנט שקוף 50 יח`,הנמל אריזות ושיווק 1984 בע`מ,,,יח`,1,,false,1,7.90,7.90,true,1,
835811003489,true,כפיות אלגנט שקוף 50 יח`,הנמל אריזות ושיווק 1984 בע`מ,,,יח`,1,,false,1,7.90,7.90,true,1,
835811003595,true,צלחות קלאסי קטן 65 יח`לבן,הנמל אריזות ושיווק 1984 בע`מ,,,יח`,1,,false,30,19.90,19.90,false,1,
835811003601,true,צימרונים לתינוק 90 יח`,הנמל אריזות ושיווק 1984 בע`מ,,,יח`,1,יח`,false,12,5.90,5.90,false,1,
835811003625,true,נרות צבעוניים 12 יח`,הנמל אריזות ושיווק 1984 בע`מ,,,יח`,1,,false,30,9.90,9.90,false,1,
835811003878,true,שקיות אשפה עם ידיות 40 יח`,הנמל אריזות ושיווק 1984 בע`מ,,,יח`,1,,false,1,15.90,15.90,true,1,
835811004189,true,פירורי לחם מוזהבים 800 גר`,הנמל אריזות ושיווק 1984 בע`מ,,,יח`,8,ל-100 גרם,false,1,10.90,1.36,false,1,
835811004448,true,קערת פסים לסלט בינונית עגולה 1.7 ל`,הנמל אריזות ושיווק 1984 בע`מ,,,יח`,1,,false,1,5.90,5.90,false,1,
835811004707,true,פרורי לחם מוזהב 440 גר`,הנמל אריזות ושיווק 1984 בע`מ,,,יח`,4.40,ל-100 גרם,false,12,6.90,1.57,false,1,
835811005018,true,כוס קריסטל יהולם 50 יח`,הנמל אריזות ושיווק 1984 בע`מ,,,יח`,1,,false,20,13.90,13.90,false,1,
835811005322,true,פחם דרום אמריקאי 2 ק`ג,הנמל אריזות ושיווק 1984 בע`מ,,,יח`,1,,false,7,14.90,14.90,false,1,
835811005339,true,זוג שקיות אוכל 150*2,הנמל אריזות ושיווק 1984 בע`מ,,,יח`,1,,false,15,9.90,9.90,true,1,
835811005667,true,נטיפי צ`יפס בטעם שוקולד 250 גר`,הנמל אריזות ושיווק 1984 בע`מ,,,יח`,2.50,ל-100 גרם,false,1,9.60,3.84,false,1,
835811005803,true,שקיות אשפה עם ידיות 25 יח`,הנמל אריזות ושיווק 1984 בע`מ,,,יח`,1,,false,1,14.90,14.90,true,1,
835811005810,true,מגש הכסף תבנית מרובע קטן+מכסה 10 יח`,הנמל אריזות ושיווק 1984 בע`מ,,,יח`,1,,false,24,11.90,11.90,false,1,
835811005940,true,מגש הכסף תבנית אלומ`גדולה+מכסה 8 יח`,הנמל אריזות ושיווק 1984 בע`מ,,,יח`,1,,false,18,11.90,11.90,false,1,
835811005971,true,מפת אל בד עם רנר מודפס,הנמל אריזות ושיווק 1984 בע`מ,,,יח`,0.45,ל-100 גרם,false,20,8.90,19.78,false,1,
835811006435,true,תבנית אלומיניום מלבן עמוק+מכסה 9 יח`,הנמל אריזות ושיווק 1984 בע`מ,,,יח`,1,,false,15,11.90,11.90,false,1,
835811007166,true,כוסות קרטון חד פעמיות+מכסים 16יח,הנמל אריזות ושיווק 1984 בע`מ,,,יח`,1,,false,24,14.90,14.90,false,1,
835811007319,true,מזלגות אלגנט קרם 50 יח`,הנמל אריזות ושיווק 1984 בע`מ,,,יח`,1,,false,1,7.90,7.90,true,1,
835811007326,true,סכינים אלגנט קרם 50 יח`,הנמל אריזות ושיווק 1984 בע`מ,,,יח`,1,,false,1,7.90,7.90,true,1,
835811008347,true,גפרור ענק,הנמל אריזות ושיווק 1984 בע`מ,,,יח`,1,,false,48,6.90,6.90,true,1,
835811008996,true,כוסות קרטון 50 יח`OZ10,הנמל אריזות ושיווק 1984 בע`מ,,,יח`,1,,false,20,23.90,23.90,true,1,
835811009115,true,מגש לבנית 1 יח`,הנמל אריזות ושיווק 1984 בע`מ,,,יח`,1,,false,48,5.90,5.90,false,1,
835811009191,true,צלחות בינוניות שקופות חד פעמי18יח`,הנמל אריזות ושיווק 1984 בע`מ,,,יח`,9,"ל-100 מ""ל",false,12,44.90,4.99,false,1,
835811009368,true,מרקיות צבעוניות חד פעמי 25יח`,הנמל אריזות ושיווק 1984 בע`מ,,,יח`,1,,false,20,10.90,10.90,true,1,
835811009412,true,צלחות קטנות צבעוניות חד פעמי25יח`,הנמל אריזות ושיווק 1984 בע`מ,,,יח`,1,,false,20,10.90,10.90,true,1,
835811009429,true,צלחות בינוניות צבעוניות חד פעמי25יח,הנמל אריזות ושיווק 1984 בע`מ,,,יח`,1,,false,20,16.90,16.90,true,1,
835811009436,true,צלחות ענקיות צבעוניות חד פעמי25יח`,הנמל אריזות ושיווק 1984 בע`מ,,,יח`,1,,false,20,23.90,23.90,true,1,
839762000658,true,איילנד משקה גויאבה 1 ליטר פיקדון,טמפו משקאות בע`מ,,,יח`,10,"ל-100 מ""ל",false,6,13.20,1.29,false,1,
839762002379,true,איילנד מנגו 350 מל`פיקדון,טמפו משקאות בע`מ,,,יח`,3.50,"ל-100 מ""ל",false,12,6.20,1.69,false,1,
850004207789,true,מיטבולס ביונד מיט 290 גרם,דיפלומט מפיצים (1968) בע`מ,,,יח`,2.90,ל-100 גרם,false,1,37.90,13.07,false,1,
856591000055,true,עוגיות מזרחיות קריספי שרוף במיוחד 400ג,תה ויסוצקי בע`מ,,,יח`,4,ל-100 גרם,false,1,17.90,4.48,false,1,
856591000062,true,עוגיות מזרחיות עם מלח 400 גרם,תה ויסוצקי בע`מ,,,יח`,4,ל-100 גרם,false,1,17.90,4.48,false,1,
856591000109,true,עוגיות מקלות לניגוב 400 גרם,תה ויסוצקי בע`מ,,,יח`,4,ל-100 גרם,false,1,17.90,4.48,false,1,
856591000949,true,מאפה חיטה מלוח 350 גרם,תה ויסוצקי בע`מ,,,יח`,3.50,ל-100 גרם,false,1,16.90,4.83,false,1,
856591000956,true,מאפה חיטה בטעם גריל 350 גרם,תה ויסוצקי בע`מ,,,יח`,3.50,ל-100 גרם,false,1,16.90,4.83,false,1,
856591000970,true,מזרחיות מקלות בטעם חריף 400 גרם,תה ויסוצקי בע`מ,,,יח`,4,ל-100 גרם,false,1,17.90,4.48,false,1,
884912301642,true,קרונפלקס אוראו,מ.ד אטיאס סוכנויות מזון בע`מ,,,יח`,3.11,ל-100 גרם,false,1,19.90,6.40,false,1,
884912365200,true,דגני בוקר אוראו גולד,מ.ד אטיאס סוכנויות מזון בע`מ,,,יח`,3.11,ל-100 גרם,false,1,19.90,6.40,false,1,
3046920027281,false,שוקולד לינדט אקסלנס קרמלסולט 100 גר`,משה סידס ובנו בעמ,,,יח`,1,ל-100 גרם,false,1,14.90,14.90,false,1,
3046920028004,false,שוקולד לינדט אקסלנס 70% 100 גר`,משה סידס ובנו בעמ,,,יח`,1,ל-100 גרם,false,1,14.90,14.90,false,1,
3046920028363,false,שוקולד לינדט אקסלנס 85% 100 גר`,משה סידס ובנו בעמ,,,יח`,1,ל-100 גרם,false,1,14.90,14.90,false,1,
3046920029674,false,שוקולד לינדט אקסלנס סולט 100 גר`,משה סידס ובנו בעמ,,,יח`,1,ל-100 גרם,false,1,14.90,14.90,false,1,
3046920029759,false,שוקולד לינדט אקסלנס 90% 100 גר`,משה סידס ובנו בעמ,,,יח`,1,ל-100 גרם,false,1,14.90,14.90,false,1,
3059943015104,false,אירוויק נטול גז פריסיה ויסמין,תה ויסוצקי בע`מ,,,יח`,3.45,ל-100 גרם,false,1,11.90,3.45,true,1,
3059943015128,false,אירוויק נטול גז לבנדר,תה ויסוצקי בע`מ,,,יח`,3.45,ל-100 גרם,false,1,11.90,3.45,true,1,
3073781161663,false,גבינה לוואש קירי 128 גר`,בני גורג שוקחה בעמ,,,יח`,1.28,ל-100 גרם,false,1,11.90,9.30,false,1,
3073781161687,false,גבינה לוואש קירי 256 גר`,בני גורג שוקחה בעמ,,,יח`,2.56,ל-100 גרם,false,1,22.90,8.95,false,1,
3073781162790,false,בייבי בל-אדום 120 גר`,א.סיימן סחר בעמ,,,יח`,1.20,ל-100 גרם,false,12,20.90,17.42,true,1,
3161911229199,false,חמאה רכה למריחה 250 גרם,א.סיימן סחר בעמ,,,יח`,2.50,ל-100 גרם,false,1,22.90,9.16,true,1,
3161911366429,false,חמאת Elle and Vire רכה מלוחה 250 גרם,א.סיימן סחר בעמ,,,יח`,2.50,ל-100 גרם,false,1,22.90,9.16,true,1,
3161911393210,false,חמאת נורמנדי מלוחה אלוויר 200 גרם,א.סיימן סחר בעמ,,,יח`,2,ל-100 גרם,false,1,18.90,9.45,false,1,
3178530402353,false,מיני מדלן 175 גר`,א.סיימן סחר בעמ,,,יח`,1.75,ל-100 גרם,false,1,13.90,7.94,false,1,
3178530407938,false,מיני מדלן עם פצפוצי שוקולד 175 גר`,א.סיימן סחר בעמ,,,יח`,1.75,ל-100 גרם,false,1,13.90,7.94,false,1,
3228022910023,false,חמאה צרפתית פרזידנט 200 גר`,נטו מלינדה סחר בע`מ,,,יח`,2,ל-100 גרם,false,1,16.90,8.45,true,1,
3387390320244,false,פיטנס מחיטה מלאה אורז ופירות 375 גרם,קבוצת אסם סחר,,,יח`,3.75,ל-100 גרם,false,1,19.90,5.31,true,1,
3387390525960,false,קראנץ עידן הקרח 500 גרם,קבוצת אסם סחר,,,יח`,5,ל-100 גרם,false,1,19.90,3.98,true,1,
3387390730852,false,פיטנס דגנים מחיטה מלאה 375 גרם,קבוצת אסם סחר,,,יח`,3.75,ל-100 גרם,false,1,19.90,5.31,true,1,
3523230025638,false,מיני בושה עיזים 125 גר`טבעי,א.סיימן סחר בעמ,,,יח`,1.25,ל-100 גרם,false,1,24.90,19.92,false,1,
3523230026826,false,פרמידה עיזים טבעי 140 גר`,א.סיימן סחר בעמ,,,יח`,1.40,ל-100 גרם,false,1,24.90,17.79,false,1,
3574661114637,false,שטיפת פה ליסטרין זירו ללא אלכוהול 500,שקד תבל בע`מ,,,יח`,5,"ל-100 מ""ל",false,1,14.90,2.98,false,1,
3574661352275,false,"מי פה ליסטרין קידס 250 מ""ל פירות יער",שקד תבל בע`מ,,,יח`,2.50,"ל-100 מ""ל",false,1,16.90,6.76,false,1,
3574661487625,false,קרפרי מגן תחתון Large מקסי 48 יח,ש. שסטוביץ בע`מ,,,יח`,1,ל-100 גרם,false,1,16.90,16.90,true,1,
3574661552804,false,קרפרי מגן תחתון אלוורה 58 יח`,ש. שסטוביץ בע`מ,,,יח`,1,ל-100 גרם,false,1,16.90,16.90,true,1,
3574661552811,false,קרפרי מגן תחתון אוורירי 56 יח`,ש. שסטוביץ בע`מ,,,יח`,1,ל-100 גרם,false,1,16.90,16.90,true,1,
3574661554877,false,קרפרי מגן תחתון מבושם 58 יח`,ש. שסטוביץ בע`מ,,,יח`,1,ל-100 גרם,false,1,16.90,16.90,true,1,
3574661554884,false,קרפרי מגן תחתון רגיל/טנגה מבושם 58יח,ש. שסטוביץ בע`מ,,,יח`,1,ל-100 גרם,false,1,16.90,16.90,true,1,
3921232100023,false,קולפן כפול בבליסטר,ד.ג.ש ייבוא ושיווק בעמ,,,יח`,0,יח`,false,1,14.90,14.90,false,1,
4000415004408,false,שוקולד שוגטן מריר 100 גרם,יעד ממתקים בעמ,,,יח`,1,ל-100 גרם,false,1,5.90,5.90,true,1,
4000415039707,false,שוקולד שוגטן עוגיות וניל 100 גרם,יעד ממתקים בעמ,,,יח`,1,ל-100 גרם,false,1,5.90,5.90,true,1,
4000415040109,false,שוקולד שוגטן בראוניז 100 גרם,יעד ממתקים בעמ,,,יח`,1,ל-100 גרם,false,1,5.90,5.90,true,1,
4000415143800,false,שוקולד שוגטן טרילוגיה 100 גרם,יעד ממתקים בעמ,,,יח`,1,ל-100 גרם,false,1,5.90,5.90,true,1,
4000415358303,false,שוקו פאן ביסקוויט 5*210 גרם,יעד ממתקים בעמ,,,יח`,1.30,ל-100 גרם,false,1,8.90,6.85,true,1,
4000415358501,false,שוקו פאן קוקוס שביעיה *7 175 גרם,יעד ממתקים בעמ,,,יח`,1.75,ל-100 גרם,false,1,8.90,5.09,true,1,
4000415440701,false,שוקו פאן בוטנים שישיה 6*216 גרם,יעד ממתקים בעמ,,,יח`,1.30,ל-100 גרם,false,1,8.90,6.85,true,1,
4000415440909,false,שוקו פאן קרמל שישיה *6 216 גרם,יעד ממתקים בעמ,,,יח`,1.30,ל-100 גרם,false,1,8.90,6.85,true,1,
4000415730109,false,שוקולד שוגטן מריר אגוזים קצוצים 100 גרם,יעד ממתקים בעמ,,,יח`,1,ל-100 גרם,false,1,5.90,5.90,true,1,
4000415749606,false,שוקולד שוגטן יום הולדת 100 גרם,יעד ממתקים בעמ,,,יח`,1,ל-100 גרם,false,1,5.90,5.90,true,1,
4000415851705,false,שוקולד שוגטן נוגט 100 גרם,יעד ממתקים בעמ,,,יח`,1,ל-100 גרם,false,1,5.90,5.90,true,1,
4000415856601,false,שוקולד שוגטן לבן 100 גרם,יעד ממתקים בעמ,,,יח`,1,ל-100 גרם,false,1,5.90,5.90,true,1,
4000417022004,false,שוקולד ריטר חלב עם צימוקים ואגוזים 100גר,ליימן שליסל בע`מ,,,יח`,1,,false,12,8.90,8.90,true,1,
4000417026002,false,שוקולד ריטר פרלין 100גר כשלפ,ליימן שליסל בע`מ,,,יח`,1,,false,1,8.90,8.90,true,1,
4000417101211,false,גלילי וופל עם קרם אגוזי לוז בציפוי שוק,ליימן שליסל בע`מ,,,יח`,1.50,ל-100 גרם,false,1,17.90,11.93,false,1,
4000417101310,false,אמיצ`לי עם קרם קקאו בציפוי שוקולד גלילי,ליימן שליסל בע`מ,,,יח`,1.50,ל-100 גרם,false,1,17.90,11.93,false,1,
4000417211002,false,שוקולד ריטר מוס קרמל ושברי שקדים מומלחים,ליימן שליסל בע`מ,,,יח`,1,,false,11,8.90,8.90,true,1,
4000417222008,false,שוקולד ריטר ספורט חלב עם שברי אגוזים 100,ליימן שליסל בע`מ,,,יח`,1,,false,12,8.90,8.90,true,1,
4000417298003,false,שוקולד ריטר חלב במילוי קוקוס 100 גרם,ליימן שליסל בע`מ,,,יח`,1,,false,1,8.90,8.90,true,1,
4000417626417,false,שוקולד ריטר מריר חמוציות ואגוזים 100 גרם,ליימן שליסל בע`מ,,,יח`,2,ל-100 גרם,false,12,8.90,4.45,true,1,
4000417708007,false,שוקולד ריטר ספורט מריר שקד 100 גרם,ליימן שליסל בע`מ,,,יח`,1,ל-100 גרם,false,1,11.90,11.90,false,1,
4000607850004,false,שוקולד שוגטן חלב 100 גרם,יעד ממתקים בעמ,,,יח`,1,ל-100 גרם,false,1,5.90,5.90,true,1,
4000607851001,false,שוקולד שוגטן אגוזים 100 גרם,יעד ממתקים בעמ,,,יח`,1,ל-100 גרם,false,1,5.90,5.90,true,1,
4000607852008,false,שוקולד 100ג שוגטן מריר,יעד ממתקים בעמ,,,יח`,1,,false,1,5.30,5.30,true,1,
4000607854705,false,שוקולד שוגטן תות 100 גרם,יעד ממתקים בעמ,,,יח`,1,ל-100 גרם,false,1,5.90,5.90,true,1,
4002448017684,false,סיליט Bang מתז לניקוי כללי 750 מל,תה ויסוצקי בע`מ,,,יח`,7.50,"ל-100 מ""ל",false,1,10.90,1.45,true,1,
4002448019480,false,סיליט Bang מסיר שומנים רב שימושי 750,תה ויסוצקי בע`מ,,,יח`,7.50,"ל-100 מ""ל",false,1,10.90,1.45,true,1,
4008496884858,false,סוללות 4 AA ורטה,ד.ש.ש אלקטרוניקה בעמ`,,,יח`,1,,false,1,9.90,9.90,false,1,
4008496884896,false,מארז 10 סוללות ורטה AA,ד.ש.ש אלקטרוניקה בעמ`,,,יח`,1,,false,1,19.90,19.90,false,1,
4008496927364,false,מארז 10 סוללות AAA ורטה,ד.ש.ש אלקטרוניקה בעמ`,,,יח`,1,יח`,false,1,19.90,19.90,false,1,
4009300530145,false,פומפדור חליטה קרה בטעמי מוחיטו פירות י,ש. שסטוביץ בע`מ,,,יח`,0,יח`,false,1,14.90,14.90,true,1,
4009900402965,false,וויט פירות בקבוקון דאבל,"מרס ריגלי ישראל בע""מ",,,יח`,0.64,ל-100 גרם,false,1,10.90,17.03,true,1,
4009900403023,false,וויט קלאסי בקבקון דאבל,"מרס ריגלי ישראל בע""מ",,,יח`,0.64,ל-100 גרם,false,1,10.90,17.03,true,1,
4009900406918,false,הובה בובה באבל טייפ טריפל מיקס,"מרס ריגלי ישראל בע""מ",,,יח`,0.56,ל-100 גרם,false,1,6.90,12.32,false,1,
4009900420129,false,בקבוקון פרופשיונל ספירמניט,"מרס ריגלי ישראל בע""מ",,,ל-100 גרם,0.64,ל-100 גרם,false,1,10.90,17.03,true,1,
4009900479998,false,אוכמניות בקבקון דאבל,"מרס ריגלי ישראל בע""מ",,,יח`,0.64,ל-100 גרם,false,1,10.90,17.03,true,1,
4009900482417,false,בבלמינט בקבקון דאבל,"מרס ריגלי ישראל בע""מ",,,יח`,0.30,ל-100 גרם,false,1,10.90,36.33,true,1,
4009900531122,false,ברבוקון פרופשיונל ספירמינט,"מרס ריגלי ישראל בע""מ",,,יח`,0.64,ל-100 גרם,false,1,10.90,17.03,true,1,
4009900535519,false,אורביט רפרשרס ספירמינט אריזה אישית 15.6,"מרס ריגלי ישראל בע""מ",,,יח`,0.67,ל-100 גרם,false,1,3.90,5.82,false,1,
4009900535540,false,אורביט רפרשרס פפרמינט אריזה אישית 15,"מרס ריגלי ישראל בע""מ",,,יח`,0.67,ל-100 גרם,false,1,3.90,5.82,false,1,
4009900535823,false,אורביט רפרשרס באבלימנט אריזה אישית 15,"מרס ריגלי ישראל בע""מ",,,יח`,0.67,ל-100 גרם,false,1,3.90,5.82,false,1,
4009900536257,false,אורביט רפרשרס ספקימינט בקבוקון 67 גר`,"מרס ריגלי ישראל בע""מ",,,יח`,0.67,ל-100 גרם,false,1,11.90,17.76,false,1,
4009900536288,false,אורביט רפרשרס פפרמינט בקבוקון 67 גר`,"מרס ריגלי ישראל בע""מ",,,יח`,0.67,ל-100 גרם,false,1,11.90,17.76,false,1,
4009900536486,false,אורביט רפרשרס באבלמינט בקבוקון 67 גר`,"מרס ריגלי ישראל בע""מ",,,יח`,0.67,ל-100 גרם,false,1,11.90,17.76,false,1,
4011800290054,false,קורני חלבון קוקוס 50 גר`,משה סידס ובנו בעמ,,,יח`,0.50,ל-100 גרם,false,1,8.90,17.80,false,1,
4011800628512,false,קורני עם שוקולד חלב שישייה,משה סידס ובנו בעמ,,,יח`,1.50,ל-100 גרם,false,1,11.90,7.93,false,1,
4011800630515,false,קורני חטיף בננה 6*25 גרם,משה סידס ובנו בעמ,,,יח`,1.50,ל-100 גרם,false,1,11.90,7.93,false,1,
4014400907902,false,סוכריות חמאה וורטר בוקס ללא סוכר 42 גר,ליימן שליסל בע`מ,,,יח`,1,,false,24,6.90,6.90,false,1,
4014400910063,false,סוכריות וורטר חמאה 135 גרם,ליימן שליסל בע`מ,,,יח`,1.35,ל-100 גרם,false,15,9.90,7.33,true,1,
4014400913910,false,סוכריות וורטר במילוי קרם 125גר,ליימן שליסל בע`מ,,,יח`,1.25,ל-100 גרם,false,15,9.90,7.92,true,1,
4014400914696,false,סוכריות וורטר ללא סוכר 80גר שקית,ליימן שליסל בע`מ,,,יח`,1,,false,18,9.90,9.90,true,1,
4014400914924,false,סוכריות וורטר ללא סוכר קפה 80גר שקית,ליימן שליסל בע`מ,,,יח`,1.35,ל-100 גרם,false,18,9.90,7.33,true,1,
4014400920857,false,סוכריות וורטר ללא סוכרבטעם שוקולד 70 גר`,ליימן שליסל בע`מ,,,יח`,0.70,ל-100 גרם,false,18,9.90,14.14,true,1,
4014400923711,false,בונבוניירה טופיפי 125 גרם כשלפ,ליימן שליסל בע`מ,,,יח`,1.25,ל-100 גרם,false,30,12.90,10.32,true,1,
4014400925319,false,פופקורן וורטר קרמל 140 גר`,ליימן שליסל בע`מ,,,יח`,1.40,ל-100 גרם,false,1,14.90,10.64,false,1,
4015400564034,false,מגן תחתון אולוויז מגה פק לונג פלוס 58,דיפלומט מפיצים (1986) בע`מ,,,יח`,1,ל-100 גרם,false,1,19.90,19.90,true,1,
4015400564454,false,מגן תחתון אולוויז מגה פק לארג` 68 יח`,דיפלומט מפיצים (1986) בע`מ,,,יח`,1,ל-100 גרם,false,1,19.90,19.90,true,1,
4015400649687,false,פמפרס ניו בייבי שלב 3,דיפלומט מפיצים (1986) בע`מ,,,יח`,1,,false,1,44.90,44.90,false,1,
4015400731719,false,תחבושות Always וליו פק לילה 20 יח`,דיפלומט מפיצים (1986) בע`מ,,,יח`,1,ל-100 גרם,false,1,19.90,19.90,true,1,
4015400746812,false,מגן תחתון אולוויז מגה פק נורמל 80 יח`,דיפלומט מפיצים (1986) בע`מ,,,יח`,1,ל-100 גרם,false,1,19.90,19.90,true,1,
4015400755241,false,תחבושות ALWAYS וליו פק נורמל +28יח`,דיפלומט מפיצים (1986) בע`מ,,,יח`,1,ל-100 גרם,false,1,19.90,19.90,true,1,
4015400755487,false,תחבושות Always וליו פק לונג+24 יח`,דיפלומט מפיצים (1986) בע`מ,,,יח`,1,ל-100 גרם,false,1,19.90,19.90,true,1,
4015600762780,false,שמפו שולדרס 2ב1 500 מ`ל קלאסי,דיפלומט מפיצים (1986) בע`מ,,,יח`,5,"ל-100 מ""ל",false,6,18.90,3.78,false,1,
4015600762902,false,שמפו שולדרס 500 מ`ל מנטול,דיפלומט מפיצים (1986) בע`מ,,,יח`,5,"ל-100 מ""ל",false,6,18.90,3.78,false,1,
4015600762940,false,שמפו שולדרס 500 מ`ל תפוח,דיפלומט מפיצים (1986) בע`מ,,,יח`,5,"ל-100 מ""ל",false,6,18.90,3.78,false,1,
4017100219900,false,וופלטן לבזן גליליות וופל עם שוקולד 100,ליימן שליסל בע`מ,,,יח`,1.20,ל-100 גרם,false,12,13.90,11.58,false,1,
4025700001962,false,מילקה שוקולד לבן 100 גרם,דיפלומט מפיצים (1968) בע`מ,,,יח`,1,,false,24,5.90,5.90,false,1,
4066600601920,false,"פאולנר חיטה פחית 500 מ""ל",טמפו משקאות בע`מ,,,יח`,5,"ל-100 מ""ל",false,1,10.90,2.12,false,1,
4066600999614,false,בירה פאולנר 500 מל`,טמפו משקאות בע`מ,,,יח`,0.50,"ל-100 מ""ל",false,20,10.90,21.20,false,1,
4067700014849,false,ליקר ייגרמייסטר 700מ`ל,הכרם -משקאות חריפים בע`מ,,,יח`,7,"ל-100 מ""ל",false,6,99.90,14.23,true,1,
4072700001775,false,בירה פרנסיסקאנר פחית 500 מל`,הכרם -משקאות חריפים בע`מ,,,יח`,5,"ל-100 מ""ל",false,1,10.60,2.12,false,1,
4079400182742,false,בירה וולטרס 4.9% שישייה,אבאל יזמות בעמ,,,יח`,19.80,"ל-100 מ""ל",false,1,27.90,1.32,false,1,
4084500088917,false,נוזל כלים Fairy לימון 650 מ``ל,דיפלומט מפיצים (1986) בע`מ,,,יח`,6.50,"ל-100 מ""ל",false,16,10.90,1.68,false,1,
4084500149526,false,טייד ג`ל 2.48 ליטר,דיפלומט מפיצים (1986) בע`מ,,,יח`,24.80,"ל-100 מ""ל",false,4,29.90,1.21,false,1,
4084500853553,false,נוזל כלים Fairy אורגינל 650 מ``ל,דיפלומט מפיצים (1986) בע`מ,,,יח`,6.50,"ל-100 מ""ל",false,16,10.90,1.68,false,1,
4084500853836,false,פיירי ורדים ומשי 515 מ`ל,דיפלומט מפיצים (1986) בע`מ,,,יח`,5.15,"ל-100 מ""ל",false,1,10.90,2.12,false,1,
4084500853898,false,פיירי אלוורנה ומלפפונים 515 מ`ל,דיפלומט מפיצים (1986) בע`מ,,,יח`,5.15,"ל-100 מ""ל",false,1,10.90,2.12,false,1,
4100130937163,false,שישייה בירה בקס,הכרם -משקאות חריפים בע`מ,,,יח`,19.80,"ל-100 מ""ל",false,1,31.40,1.49,true,1,
4105120623941,false,בירה ויינשטפן 500 מל`,החברה המרכזית להפצת משקאות בע`,,,יח`,5,"ל-100 מ""ל",false,1,12.20,2.38,false,1,
4600659010854,false,וודקה סטוליצניה 700מ`ל,הכרם -משקאות חריפים בע`מ,,,יח`,7,"ל-100 מ""ל",false,12,79.90,11.37,true,1,
4601780005443,false,דוחן 800 גרם,דולינה טרייד בעמ,,,יח`,8,ל-100 גרם,false,1,13.90,1.74,false,1,
4601780009885,false,איטריות נוצות 400 גרם,דולינה טרייד בעמ,,,יח`,4,ל-100 גרם,false,1,6.90,1.73,false,1,
4601780010508,false,איטריות ארוכות 400 גרם,דולינה טרייד בעמ,,,יח`,4,ל-100 גרם,false,1,6.90,1.73,false,1,
4604248000554,false,מיונז פרובנסל 800 גר`,דולינה טרייד בעמ,,,יח`,7,"ל-100 מ""ל",false,1,19.90,2.84,false,1,
4604248003081,false,מיונז עם ביצי שליו מאחייב 380 גר`,דולינה טרייד בעמ,,,יח`,7,"ל-100 מ""ל",false,1,11.90,1.70,false,1,
4604248006945,false,ריבת ענבי שועל 400 גר`,דולינה טרייד בעמ,,,יח`,7,"ל-100 מ""ל",false,1,17.90,2.56,false,1,
4605561011975,false,פילה הרינג בשמן 150 גרם,דילר בי.אם.די. פורמולה בעמ,,,יח`,1.50,ל-100 גרם,false,1,7.90,5.27,false,1,
4607054452418,false,גרעיני חמניות קלויים 400 גר`,דולינה טרייד בעמ,,,יח`,4,"ל-100 מ""ל",false,1,16.90,4.23,false,1,
4607054452579,false,גרעיני חמניות קלויים ומלוחים 400 גר`,דולינה טרייד בעמ,,,יח`,4,"ל-100 מ""ל",false,1,16.90,4.23,false,1,
4640018993343,false,פיניש קוואנטום 30 יח` קפסולות ג`ל רגיל,תה ויסוצקי בע`מ,,,יח`,1,יח`,false,1,41.90,41.90,true,1,
4640018993350,false,פיניש קוואנטום 30 יח` קפסולות ג`ל לימון,תה ויסוצקי בע`מ,,,יח`,1,יח`,false,1,41.90,41.90,true,1,
4640018993398,false,פיניש קאונטום 60 יח` קפסולות ג`יל רגיל,תה ויסוצקי בע`מ,,,יח`,1,יח`,false,1,59.90,59.90,true,1,
4710068001692,false,מאסטר קפה בטעם לאטה בפחית 240מ`ל,טמפו משקאות בע`מ,,,יח`,2.40,"ל-100 מ""ל",false,24,6.90,2.88,true,1,
4710068001715,false,מאסטר קפה בטעם טרמיסו בפחית 240מ`ל,טמפו משקאות בע`מ,,,יח`,2.40,"ל-100 מ""ל",false,24,6.90,2.88,true,1,
4800888219510,false,דאב דאודורנט סטיק מלפפונים,יוניליוור ישראל שיווק בע`מ,,,יח`,0.50,ל-100 גרם,false,1,16.90,33.80,false,1,
4810168000011,false,פילה דג הרינג מלוח מצונן,דילר בי.אם.די. פורמולה בעמ,,,יח`,1,,false,1,13.90,13.90,true,1,
4810168001056,false,חתיכות פילה דג הרינג מלוח מצונן,דילר בי.אם.די. פורמולה בעמ,,,יח`,1,,false,1,17.90,17.90,false,1,
4810168055899,false,פילה דג הרינג מומלח בשמן,דילר בי.אם.די. פורמולה בעמ,,,יח`,1,ל-100 גרם,false,1,39.90,39.90,false,1,
4810168058548,false,חתיכות פילה דג הרינג מתובל מומלח בשמן,דילר בי.אם.די. פורמולה בעמ,,,יח`,2,ל-100 גרם,false,1,39.90,19.95,false,1,
4810168058975,false,חתיכות פילה דג הרינג סקנדינבי 260 גרם,דילר בי.אם.די. פורמולה בעמ,,,יח`,1,,false,1,17.90,17.90,false,1,
4820034925546,false,"בירה לאגר צאזז לייט 500 מ""ל",בני פאוזי שמשום,,,יח`,5,"ל-100 מ""ל",false,1,4.90,0.92,true,1,
4820229030413,false,"וודקה MOROSHA SPRING 200 מ""ל",דולינה טרייד בעמ,,,יח`,7.50,"ל-100 מ""ל",false,1,19.90,2.61,false,1,
4820229031281,false,"וודקה חורטיצה קלאסיק 700 מ""ל",דולינה טרייד בעמ,,,יח`,7,"ל-100 מ""ל",false,1,56.90,8.09,false,1,
4820229031304,false,"וודקה חורטיצה פלטינום 500 מ""ל",דולינה טרייד בעמ,,,יח`,5,"ל-100 מ""ל",false,1,44.90,8.92,false,1,
4820229031311,false,"וודקה חורטיצה פלטינום 700 מ""ל",דולינה טרייד בעמ,,,יח`,7,"ל-100 מ""ל",false,1,56.90,8.09,false,1,
4903001904192,false,רוטב סויה יאמאסה פרימיום 500מ`ל,ליימן שליסל בע`מ,,,יח`,5,"ל-100 מ""ל",false,12,18.90,3.78,false,1,
4903001925784,false,רוטב סויה יאמאסה דל מלח 500מ`ל,ליימן שליסל בע`מ,,,יח`,5,"ל-100 מ""ל",false,12,18.90,3.78,false,1,
4903001930993,false,רוטב טריאקי יאמאסה 500מ`ל,ליימן שליסל בע`מ,,,יח`,5,"ל-100 מ""ל",false,12,18.90,3.78,false,1,
5000054353300,false,פריסקיז פטה סלמון 156 גרם,שחורי אריה ואנסטסיה,,,יח`,1.56,ל-100 גרם,false,1,6.90,4.42,false,1,
5000111047364,false,רטבי HP ברביקיו היינץ,דיפלומט מפיצים (1968) בע`מ,,,יח`,2,ל-100 גרם,false,8,16.90,8.45,false,1,
5000111047371,false,רטבי HP ברביקיו קלאסי היינץ,דיפלומט מפיצים (1968) בע`מ,,,יח`,2,ל-100 גרם,false,8,16.90,8.45,false,1,
5000127533196,false,8 מנות אישיות 197 גרם VARIETY,דיפלומט מפיצים (1968) בע`מ,,,יח`,1.97,ל-100 גרם,false,12,23.50,11.93,false,1,
5000146057710,false,וינדולין לניקוי חלונות 750 מל,תה ויסוצקי בע`מ,,,יח`,1.50,לליטר,false,1,7.90,5.27,false,1,
5000157143365,false,"היינץ מתבל בטעם מיונז וקטשופ 425 מ""ל",דיפלומט מפיצים (1968) בע`מ,,,יח`,1,,false,1,14.90,14.90,false,1,
5000159020312,false,מלטיזרס 37 גר`,"מרס ריגלי ישראל בע""מ",,,יח`,0.37,ל-100 גרם,false,1,4.90,13.24,true,1,
5000159407236,false,חטיף מרס 51 גרם,"מרס ריגלי ישראל בע""מ",,,יח`,0.51,ל-100 גרם,false,1,3.90,7.65,false,1,
5000159452540,false,סניקרס מארז 5 יח`,"מרס ריגלי ישראל בע""מ",,,יח`,0.57,ל-100 גרם,false,1,12.90,22.63,false,1,
5000159459228,false,חטיף בר טוויקס 50 גר`,"מרס ריגלי ישראל בע""מ",,,יח`,0.50,ל-100 גרם,false,1,3.90,7.80,false,1,
5000159461122,false,חטיף בר סניקרס 50 גר`,"מרס ריגלי ישראל בע""מ",,,יח`,0.50,ל-100 גרם,false,1,3.90,7.80,false,1,
5000159538626,false,טוויקס מארז 5 יח`,"מרס ריגלי ישראל בע""מ",,,יח`,0.57,ל-100 גרם,false,1,12.90,22.63,false,1,
5000159538640,false,באונטי מארז 5 יח`,"מרס ריגלי ישראל בע""מ",,,יח`,0.57,ל-100 גרם,false,1,12.90,22.63,false,1,
5000168199245,false,שוקולד PURE חלב בתוספת חתיכות קרם קרמל,תה ויסוצקי בע`מ,,,יח`,0.90,ל-100 גרם,false,1,14.90,16.56,true,1,
5000394105485,false,סוללות פלוס פאוור 9V,דיפלומט מפיצים (1986) בע`מ,,,יח`,1,,false,1,24.90,24.90,false,1,
5000394140820,false,דורסל שישיות AA פלוס פאוור,דיפלומט מפיצים (1986) בע`מ,,,יח`,1,יח`,false,1,19.90,19.90,false,1,
5000394141209,false,דורסל שישיות AAA פלוס פאוור,דיפלומט מפיצים (1986) בע`מ,,,יח`,1,יח`,false,1,19.90,19.90,false,1,
5010182997338,false,טואלט דאק ג`ל לאסלה בניחוח רענן,דנאגיס בעמ,,,יח`,0.55,ל-100 גרם,false,1,10.90,19.82,false,1,
5010182997918,false,טואלט דאק סבון לאסלה ג`ל בניחוח ים,דנאגיס בעמ,,,יח`,0.55,ל-100 גרם,false,1,10.90,19.82,false,1,
5010182998847,false,טואלט דאק נוזל כחול 750 מל,דנאגיס בעמ,,,יח`,7.50,"ל-100 מ""ל",false,1,8.90,1.19,false,1,
5010182998861,false,טואלט דאק נוזל ירוק 750 מל,דנאגיס בעמ,,,יח`,7.50,"ל-100 מ""ל",false,1,8.90,1.19,false,1,
5010327000046,false,וויסקי גרנטס 40% כהל 700 מל,הכרם -משקאות חריפים בע`מ,,,יח`,7.50,"ל-100 מ""ל",false,12,79.90,10.61,true,1,
5010677551397,false,"בקרדי בריזר בטעם לימון ליים 275 מ""ל",טמפו משקאות בע`מ,,,יח`,2.75,"ל-100 מ""ל",false,24,13.90,4.95,true,1,
5010677552387,false,בקרדי בריזר בטעם אננס 275 מל,טמפו משקאות בע`מ,,,יח`,2.75,"ל-100 מ""ל",false,24,13.90,4.95,true,1,
5010677554398,false,בקרדי בריזר אבטיח 275 מל,טמפו משקאות בע`מ,,,יח`,2.75,"ל-100 מ""ל",false,24,13.90,4.95,true,1,
5010677850100,false,וודקה גריי גוס 700 מ`ל,מ. אקרמן,,,יח`,7,"ל-100 מ""ל",false,1,119.90,17.09,true,1,
5014271350424,false,מעדן ארבע פירות ללא סוכר 284 גרם,א.סיימן סחר בעמ,,,יח`,2.84,ל-100 גרם,false,6,20.90,7.36,false,1,
5014271360423,false,מעדן תפוזים ללא תוספת סוכר 284ג,א.סיימן סחר בעמ,,,יח`,2.84,ל-100 גרם,false,6,20.90,7.36,false,1,
5014271370422,false,מעדן אפרסק ללא תוספת סוכר 284גר,א.סיימן סחר בעמ,,,יח`,2.84,ל-100 גרם,false,6,20.90,7.36,false,1,
5014271400426,false,מעדן תות שדה ללא סוכר 284 גרם,א.סיימן סחר בעמ,,,יח`,2.84,ל-100 גרם,false,6,20.90,7.36,false,1,
5014271795980,false,מעדן חמוציות עם אוכמניות 284 גרם,א.סיימן סחר בעמ,,,יח`,2.84,ל-100 גרם,false,6,20.90,7.36,false,1,
5029053002408,false,נייר טואלט קלינקס לבן 9 גלילים,חוגלה קימברלי שיווק בע`מ,,,יח`,11.84,ל-100 גרם,false,5,29.90,2.53,false,1,
5029053002439,false,נייר טואלט קלינקס צהוב 9 גלילים,חוגלה קימברלי שיווק בע`מ,,,יח`,11.84,ל-100 גרם,false,5,29.90,2.53,false,1,
5029053510828,false,קוטקסS Dתחבושות סופר פלוס עם כנפיים2,חוגלה קימברלי שיווק בע`מ,,,יח`,0,ל-100 גרם,false,16,15.90,15.90,false,1,
5029053523446,false,קוטקסS D תחבושות נייט עם כנפיים20יח,חוגלה קימברלי שיווק בע`מ,,,יח`,0,ל-100 גרם,false,16,15.90,15.90,false,1,
5029053535227,false,קוטקס טמפון+מוליך נורמל,חוגלה קימברלי שיווק בע`מ,,,יח`,0,ל-100 גרם,false,8,19.90,19.90,false,1,
5035766060253,false,בירה מרפ`ס סטאטוס פחית 500מ`ל,טמפו משקאות בע`מ,,,יח`,5,"ל-100 מ""ל",false,24,13.90,2.72,false,1,
5050083559761,false,קלוגס קוקו פופס שוקוס 500גר,דיפלומט מפיצים (1968) בע`מ,,,יח`,5,ל-100 גרם,false,1,19.90,3.98,false,1,
5053827215862,false,קלוגס פרוסטיס קוקו פופס 500 גרם,דיפלומט מפיצים (1968) בע`מ,,,יח`,5,ל-100 גרם,false,16,19.90,3.98,false,1,
5060517886486,false,"מונסטר אנרג`י פח 500 מ""ל",החברה המרכזית להפצת משקאות בע`,,,יח`,5,"ל-100 מ""ל",false,1,6.90,1.32,true,1,
5060639128051,false,"מונסטר אנרג`י פח 500 אולטרה מ""ל",החברה המרכזית להפצת משקאות בע`,,,יח`,5,"ל-100 מ""ל",false,1,6.90,1.32,true,1,
5060751218173,false,"מונסטר אנרג`י פח Pipline punch 500 מ""ל",החברה המרכזית להפצת משקאות בע`,,,יח`,5,"ל-100 מ""ל",false,1,6.90,1.32,true,1,
5200133120582,false,גליליות וופל במילוי שוקולד מריר 150 גר,דיפלומט מפיצים (1968) בע`מ,,,יח`,1,,false,1,7.90,7.90,false,1,
5200133120742,false,.גליליות וופלים קרם תות 400 גר,דיפלומט מפיצים (1968) בע`מ,,,יח`,4,ל-100 גרם,false,1,16.90,4.23,false,1,
5201085540084,false,סוכריות ג`ל מיקס 700 גרם,בני פאוזי שמשום,,,יח`,7,ל-100 גרם,false,1,14.90,2.13,false,1,
5201246002215,false,בירה פילס היילס 500 מל`,ג. וילי-פוד אינטרנשיונל בע`מ,,,יח`,5,"ל-100 מ""ל",false,1,4.90,0.92,true,1,
5201360797196,false,עוגת ספוג מצופה קקאו*8יח*32גר,דיפלומט מפיצים (1968) בע`מ,,,יח`,0.32,ל-100 גרם,false,1,11.90,37.19,false,1,
5201940010011,false,זיתים שחורים טבעיים 454 גרם,ג. וילי-פוד אינטרנשיונל בע`מ,,,יח`,4.54,ל-100 גרם,false,24,14.90,3.28,false,1,
5201940010110,false,זיתים שחורים קלמטה 454 גרם,ג. וילי-פוד אינטרנשיונל בע`מ,,,יח`,4.54,ל-100 גרם,false,1,14.90,3.28,false,1,
5206759020503,false,סוכריות ג`לי 500 גרם,יעד ממתקים בעמ,,,יח`,5,ל-100 גרם,false,1,11.90,2.38,true,1,
5410126006087,false,ביסקויט ביסקפה לוטוס בטעם קרמל 700גר`ב,דיפלומט מפיצים (1968) בע`מ,,,יח`,7,ל-100 גרם,false,7,26.90,3.84,false,1,
5410126106022,false,מארז עוגיות לוטוס 250*2,דיפלומט מפיצים (1968) בע`מ,,,יח`,5,ל-100 גרם,false,1,15.90,3.18,false,1,
5410126106183,false,ביסקויט ביסקפה לוטוס בטעם קרמל 312 ג,דיפלומט מפיצים (1968) בע`מ,,,יח`,3.12,ל-100 גרם,false,6,16.90,5.42,false,1,
5410126116953,false,ממרח עוגיות לוטוס קרמל 400 גרם,דיפלומט מפיצים (1968) בע`מ,,,יח`,4,ל-100 גרם,false,12,21.90,5.48,false,1,
5410126666038,false,לוטוס עוגיות 279 גר`,דיפלומט מפיצים (1968) בע`מ,,,יח`,0.2790,ל-100 גרם,false,10,12.90,46.24,false,1,
5410126726947,false,ממרח עוגיות לוטוס קראנצ` 380 גרם,דיפלומט מפיצים (1968) בע`מ,,,יח`,3.80,ל-100 גרם,false,12,21.90,5.76,false,1,
5410291022011,false,צ`וקטה ממרח אגוזי לוז עם קקאו 350 גר`,ש. שסטוביץ בע`מ,,,יח`,3.50,ל-100 גרם,false,12,10.90,3.11,false,1,
5410316983693,false,סמירנוף אייס בודד 275מ`ל,החברה המרכזית להפצת משקאות בע`,,,יח`,2.75,"ל-100 מ""ל",false,1,13.90,4.95,false,1,
5410769800097,false,בירה צי`רי שוף 330 מל`,הכרם -משקאות חריפים בע`מ,,,יח`,3.30,"ל-100 מ""ל",false,12,14.90,4.42,true,1,
5411188096108,false,"אלפרו שמנת צימחית לבישול 250 מ""ל",שטראוס גרופ בע`מ,,,יח`,2.50,ל-100 גרם,false,1,9.90,3.96,true,1,
5411188110835,false,אלפרו חלב שקדים 1ל`,שטראוס גרופ בע`מ,,,יח`,10,"ל-100 מ""ל",false,1,14.90,1.49,false,1,
5411188112709,false,אלפרו משקה שקדים ללא סוכר 1ל`,שטראוס גרופ בע`מ,,,יח`,10,"ל-100 מ""ל",false,1,14.90,1.49,false,1,
5411188115366,false,אלפרו משקה שיבולת שועל 1 ליטר,שטראוס גרופ בע`מ,,,יח`,10,"ל-100 מ""ל",false,1,14.90,1.49,false,1,
5411188115472,false,אלפרו משקה סויה 1 ליטר,שטראוס גרופ בע`מ,,,יח`,10,"ל-100 מ""ל",false,1,15.90,1.59,false,1,
5411188120742,false,אלפרו משקה שקדים בטעם וניל 1ל`,שטראוס גרופ בע`מ,,,יח`,10,"ל-100 מ""ל",false,1,14.90,1.49,false,1,
5411188122661,false,אלפרו משקה סויה אורגני 1 ליטר,שטראוס גרופ בע`מ,,,יח`,10,"ל-100 מ""ל",false,1,15.90,1.59,false,1,
5411188124689,false,"אלפרו משקה שיבולת שועל לל""ס 1 ליטר",שטראוס גרופ בע`מ,,,יח`,10,"ל-100 מ""ל",false,1,14.90,1.49,false,1,
5411188124726,false,אלפרו משקה שיבולת שועל 1 ליטר,שטראוס גרופ בע`מ,,,יח`,10,"ל-100 מ""ל",false,1,14.90,1.49,false,1,
5411188127697,false,אלפרו בריסטה שיבולת שועל 1 ליטר,שטראוס גרופ בע`מ,,,יח`,10,"ל-100 מ""ל",false,1,13.90,1.39,false,1,
5411188129899,false,אלפרו בריסטה שקדים 1 ליטר,שטראוס גרופ בע`מ,,,יח`,10,"ל-100 מ""ל",false,1,15.90,1.59,false,1,
5411188133476,false,אלפרו משקה סויה שוקו עם חלבון 250 גרם,שטראוס גרופ בע`מ,,,יח`,2.50,ל-100 גרם,false,1,6.90,2.76,false,1,
5411188133490,false,אלפרו משקה סויה קפה קרמל עם חלבון 250,שטראוס גרופ בע`מ,,,יח`,2.50,ל-100 גרם,false,1,6.90,2.76,false,1,
5411188134985,false,אלפרו 3.5% שומן שיבולת שועל ליטר,שטראוס גרופ בע`מ,,,יח`,10,"ל-100 מ""ל",false,1,13.90,1.39,false,1,
5411188135005,false,אלפרו 1.8% שומן שיבולת שועל ליטר,שטראוס גרופ בע`מ,,,יח`,10,"ל-100 מ""ל",false,1,13.90,1.39,false,1,
5411188300328,false,אלפרו משקה סויה עמיד בטעם שוקו 1 ליטר,שטראוס גרופ בע`מ,,,יח`,10,"ל-100 מ""ל",false,1,15.90,1.59,false,1,
5411188543398,false,אלפרו משקה סויה ללא סוכר 1 ליטר,שטראוס גרופ בע`מ,,,יח`,10,"ל-100 מ""ל",false,1,15.90,1.59,false,1,
5413149922907,false,אריאל 5 ק`ג קולור,דיפלומט מפיצים (1986) בע`מ,,,יח`,5,ל-100 גרם,false,1,39.90,7.98,false,1,
5413149922938,false,אריאל 5 ק`ג שושן צחור,דיפלומט מפיצים (1986) בע`מ,,,יח`,5,ל-100 גרם,false,1,39.90,7.98,false,1,
5469874235904,false,שלישייה גרבי גבר,הום פרפקט ק.ד.מ בעמ,,,יח`,1,,false,1,14.90,14.90,true,1,
5489742354377,false,שלישייה גרבי גבר,הום פרפקט ק.ד.מ בעמ,,,יח`,1,,false,1,14.90,14.90,true,1,
5566774568870,false,סיר מיני,ד.ג.ש ייבוא ושיווק בעמ,,,יח`,1,,false,1,39.90,39.90,false,1,
5566774569228,false,מגרדת מעוצבת,ד.ג.ש ייבוא ושיווק בעמ,,,יח`,1,,false,1,24.90,24.90,false,1,
5566774569693,false,סכין שף סנטוקטו,ד.ג.ש ייבוא ושיווק בעמ,,,יח`,1,,false,1,19.90,19.90,false,1,
5566774570514,false,"סיר יציקה 24 ס""מ משובח",ד.ג.ש ייבוא ושיווק בעמ,,,יח`,1,,false,1,69.90,69.90,false,1,
5566774570569,false,"סיר יציקה 26 ס""מ משובח",ד.ג.ש ייבוא ושיווק בעמ,,,יח`,1,,false,1,79.90,79.90,false,1,
5566774570729,false,מחבת איכותית עם תרווד,ד.ג.ש ייבוא ושיווק בעמ,,,יח`,1,,false,1,34.90,34.90,false,1,
5566774571122,false,סכין רב שימושית משובחת,ד.ג.ש ייבוא ושיווק בעמ,,,יח`,1,,false,1,9.90,9.90,false,1,
5566774571436,false,דלי מתקפל איכותי,ד.ג.ש ייבוא ושיווק בעמ,,,יח`,1,,false,1,29.90,29.90,false,1,
5566774571603,false,משחיז סכינים מקצועי,ד.ג.ש ייבוא ושיווק בעמ,,,יח`,1,,false,1,19.90,19.90,false,1,
5566774571917,false,רב שקע +6מפסק,ד.ג.ש ייבוא ושיווק בעמ,,,יח`,1,,false,1,39.90,39.90,false,1,
5566774572976,false,סט 4 כוסות פינוק סטייל,ד.ג.ש ייבוא ושיווק בעמ,,,יח`,0,יח`,false,1,39.90,39.90,false,1,
5566774573461,false,מארז 4 צנצנות זכוכית,ד.ג.ש ייבוא ושיווק בעמ,,,יח`,1,,false,1,29.90,29.90,false,1,
5566774573744,false,רב שקע 5 יציאות,ד.ג.ש ייבוא ושיווק בעמ,,,יח`,1,,false,1,34.90,34.90,false,1,
5566774573768,false,כבל מאריך 4 מטר,ד.ג.ש ייבוא ושיווק בעמ,,,יח`,1,,false,1,29.90,29.90,false,1,
5566774573799,false,מפצל חשמל ל-3,ד.ג.ש ייבוא ושיווק בעמ,,,יח`,1,,false,1,9.90,9.90,false,1,
5566774574222,false,שישיית כוסות קלאסיק,ד.ג.ש ייבוא ושיווק בעמ,,,יח`,1,,false,1,17.90,17.90,false,1,
5601008200444,false,עוגיות גודיס מצופה שוקולד חלב 150גר,ש. שסטוביץ בע`מ,,,יח`,1.50,ל-100 גרם,false,1,7.90,5.27,true,1,
5601008200451,false,עוגיות גודיס מצופה שוקולד מריר 150גר,ש. שסטוביץ בע`מ,,,יח`,1.50,ל-100 גרם,false,1,7.90,5.27,true,1,
5601217129420,false,ווליט דפים 20 יח`אריזת חיסכון,תה ויסוצקי בע`מ,,,יח`,20,ל-100 גרם,false,1,19.90,1,false,1,
5604912415041,false,סרדין בשמן חמניה פורטוס 125 גר`,דיפלומט מפיצים (1968) בע`מ,,,יח`,1,,false,1,6.90,6.90,false,1,
5701932026964,false,פופקורן למיקרו בתוספת מלח 6*100,ליימן שליסל בע`מ,,,יח`,6,ל-100 גרם,false,12,14.90,2.48,true,1,
5701932026971,false,פופקורן למיקרו בטעם חמאה 6*100 ג,ליימן שליסל בע`מ,,,יח`,6,ל-100 גרם,false,12,14.90,2.48,true,1,
5711953103285,false,פטינה,שטראוס גרופ בע`מ,,,יח`,10,ל-100 גרם,true,1,32.90,3.29,false,1,
5711953105807,false,בלוז,שטראוס גרופ בע`מ,,,יח`,10,ל-100 גרם,true,1,89,8.90,false,1,
5711953106583,false,ארלה גבינת שמנת טבעי,שטראוס גרופ בע`מ,,,יח`,2,ל-100 גרם,false,1,15.90,7.95,false,1,
5711953106590,false,ארלה גבינת שמנת שום,שטראוס גרופ בע`מ,,,יח`,2,ל-100 גרם,false,1,15.90,7.95,false,1,
5711953106606,false,ארלה גבינת שמנת עשבי תיבול,שטראוס גרופ בע`מ,,,יח`,2,ל-100 גרם,false,1,15.90,7.95,false,1,
5740900403215,false,ממרח חמאה דנית לורפק עם מלח 250 גרם,שטראוס גרופ בע`מ,,,יח`,2.50,ל-100 גרם,false,1,16.90,6.76,true,1,
5740900403222,false,ממרח חמאה לורפק עם מלח%27,שטראוס גרופ בע`מ,,,יח`,2.80,ל-100 גרם,false,1,16.90,6.04,true,1,
5740900403239,false,ממרח חמאה דנית לורפק ללא מלח 250 גרם,שטראוס גרופ בע`מ,,,יח`,2.50,ל-100 גרם,false,1,16.90,6.76,true,1,
5740900403246,false,ממרח חמאת לורפק ללא מלח 500 גר`,שטראוס גרופ בע`מ,,,יח`,5,ל-100 גרם,false,12,27.90,5.58,false,1,
5740900403253,false,ממרח עשיר בחמאה דנית 500 גרם,שטראוס גרופ בע`מ,,,יח`,5,ל-100 גרם,false,12,27.90,5.58,false,1,
5740900403260,false,ממרח חמאה לורפק ללא מלח%27,שטראוס גרופ בע`מ,,,יח`,2.50,ל-100 גרם,false,1,16.90,6.76,true,1,
5900020012814,false,נסקוויק עידן הקרח 500גר,קבוצת אסם סחר,,,יח`,5,ל-100 גרם,false,1,19.90,3.98,true,1,
5900020024770,false,פיטנס בר דליס שוקולד אגוז,קבוצת אסם סחר,,,יח`,1.35,ל-100 גרם,false,1,14.90,11.04,true,1,
5900020032539,false,פיטנס בר דליס שוקולד,קבוצת אסם סחר,,,יח`,1.35,ל-100 גרם,false,1,14.90,11.04,true,1,
5900020033314,false,ליון חטיף דגנים מארז 25*,קבוצת אסם סחר,,,יח`,0.25,ל-100 גרם,false,1,14.90,59.60,true,1,
5900020036407,false,ליון דגני בוקר שוקולד וקרמל 480 גר`,קבוצת אסם סחר,,,יח`,4.80,ל-100 גרם,false,1,19.90,4.15,true,1,
5900020037916,false,צ`יריוס דגני שיבולת שועל 375 גרם,קבוצת אסם סחר,,,יח`,3.75,ל-100 גרם,false,1,16,4.27,false,1,
5900020041142,false,פיטנס קורנפלקס 500 גרם,קבוצת אסם סחר,,,יח`,5,ל-100 גרם,false,1,16.90,3.38,true,1,
5900352002361,false,עוגיות יזיקי קלאסיק 140 גרם,יעד ממתקים בעמ,,,יח`,1.40,ל-100 גרם,false,1,6.90,4.93,true,1,
5900352002866,false,חטיף אליבי שוקולד וקרמל 49 גרם,יעד ממתקים בעמ,,,יח`,4.90,ל-100 גרם,false,1,2.50,0.51,true,1,
5900352004044,false,עוגיות יזיקי קוקוס 140 גרם,יעד ממתקים בעמ,,,יח`,1.40,ל-100 גרם,false,1,6.90,4.93,true,1,
5900352004457,false,עוגיות יזיקי קפה 140 גרם,יעד ממתקים בעמ,,,יח`,1.40,ל-100 גרם,false,1,6.90,4.93,true,1,
5900352006468,false,עוגיות יזיקי שרי 140 גרם,יעד ממתקים בעמ,,,יח`,1.40,ל-100 גרם,false,1,6.90,4.93,true,1,
5900352008509,false,עוגיות יזיקי אדווקט 140 גרם,יעד ממתקים בעמ,,,יח`,1.40,ל-100 גרם,false,1,6.90,4.93,true,1,
5900352011356,false,עוגיות מריר יזיקי שרי 140 גרם,יעד ממתקים בעמ,,,יח`,1.40,ל-100 גרם,false,1,6.90,4.93,true,1,
5900352012605,false,חטיף אליבי קוקוס 49 גרם,יעד ממתקים בעמ,,,יח`,4.90,ל-100 גרם,false,1,2.50,0.51,true,1,
5900352014449,false,וופל בלגי וניל 130 גרם,יעד ממתקים בעמ,,,יח`,1.30,ל-100 גרם,false,1,3.90,3,true,1,
5900352014456,false,וופל בלגי שוקולד 130 גרם,יעד ממתקים בעמ,,,יח`,1.30,ל-100 גרם,false,1,3.90,3,true,1,
5900352014470,false,וופל בלגי קרמל 140 גרם,יעד ממתקים בעמ,,,יח`,1.40,ל-100 גרם,false,1,3.90,2.79,true,1,
5900352014890,false,עוגיות יזיקי מריר תפוז 140 גרם,יעד ממתקים בעמ,,,יח`,1.40,ל-100 גרם,false,1,6.90,4.93,true,1,
5900352015125,false,עוגיות יזיקי קרמל מלוח 140 גרם,יעד ממתקים בעמ,,,יח`,1.40,ל-100 גרם,false,1,6.90,4.93,true,1,
5900352015576,false,וופל בלגי קרם קוקוס 130 גרם,יעד ממתקים בעמ,,,יח`,1.30,ל-100 גרם,false,1,3.90,3,true,1,
5900394009762,false,וופל אידיליה 47 גרם,יעד ממתקים בעמ,,,יח`,4.70,ל-100 גרם,false,1,2.50,0.53,true,1,
5900951283963,false,חטיף בר סניקרס חמאת בוטנים,"מרס ריגלי ישראל בע""מ",,,יח`,0.50,ל-100 גרם,false,1,3.90,7.80,false,1,
5901414200411,false,ביסקוויט ממולא היט 130גר,ליימן שליסל בע`מ,,,יח`,1.30,ל-100 גרם,false,1,6.90,5.31,true,1,
5901888020560,false,חטיף דגנים עם קינואה בטעם עשבי תיבול,דנאגיס בעמ,,,יח`,0.70,ל-100 גרם,false,1,12.90,18.43,false,1,
5902198160403,false,משקה אנרגיה XL מוגז פחית 250 מל,טמפו משקאות בע`מ,,,יח`,2.50,"ל-100 מ""ל",false,24,4.20,1.56,true,1,
5904941750312,false,משקה אנרגיה Blu דיי מוחיטו 250מל,בני פאוזי שמשום,,,יח`,2.50,"ל-100 מ""ל",false,1,3.90,1.44,true,1,
5904941751241,false,משקה אנרגיה Blu דיי פחית ללא סוכר 250,בני פאוזי שמשום,,,יח`,2.50,"ל-100 מ""ל",false,1,3.90,1.44,true,1,
5904941751302,false,"משקה אנרגיה Blu פחית 250 מ""ל",בני פאוזי שמשום,,,יח`,2.50,"ל-100 מ""ל",false,1,3.90,1.44,true,1,
5904941751524,false,משקה אנרגיה Blu דיי אבטיח 250מל,בני פאוזי שמשום,,,יח`,2.50,"ל-100 מ""ל",false,1,3.90,1.44,true,1,
5904941751715,false,משקה אנרגיה Blu פחיתבטעם חמוציות 250מל,בני פאוזי שמשום,,,יח`,2.50,"ל-100 מ""ל",false,1,3.90,1.44,true,1,
5904941751913,false,משקה אנרגיה Blu פחית בטעם פסיפלורה250מ,בני פאוזי שמשום,,,יח`,2.50,"ל-100 מ""ל",false,1,3.90,1.44,true,1,
5904941751920,false,משקה אנרגיה Blu דיי פחית 250 מל,בני פאוזי שמשום,,,יח`,2.50,"ל-100 מ""ל",false,1,3.90,1.44,true,1,
5904941752262,false,משקה אנרגיה Blu לימון פחיתללא סוכר250מ,בני פאוזי שמשום,,,יח`,2.50,"ל-100 מ""ל",false,1,3.90,1.44,true,1,
5906485301012,false,משקה אנרגיה XL מוגז פחית 250 מל,טמפו משקאות בע`מ,,,יח`,2.50,"ל-100 מ""ל",false,24,4.20,1.56,true,1,
6102017501939,false,מצית להבה,הום פרפקט ק.ד.מ בעמ,,,יח`,1,,false,1,9.90,9.90,true,1,
6111094000013,false,קוסקוס דארי בינוני 1 קג,תומר ייבוא ושיווק מוצרי מזון [,,,יח`,10,ל-100 גרם,false,12,17.90,1.79,false,1,
6111094000228,false,קוסקוס דארי דק 1 קג,תומר ייבוא ושיווק מוצרי מזון [,,,יח`,10,ל-100 גרם,false,12,17.90,1.79,false,1,
6111094000242,false,קוסקוס דארי דק 500 גר`,תומר ייבוא ושיווק מוצרי מזון [,,,יח`,5,ל-100 גרם,false,1,9.60,1.92,false,1,
6111200000135,false,סרדין מרוקאי מאריה 125 גרם,בני פאוזי שמשום,,,יח`,1.25,ל-100 גרם,false,1,4.90,3.92,true,1,
6111200000142,false,סרדין מרוקאי מאריה חריף 125 גרם,בני פאוזי שמשום,,,יח`,1.25,ל-100 גרם,false,1,4.90,3.92,true,1,
6253012620931,false,גלידה חמה,אריזונה,,,יח`,0,ל-100 גרם,false,1,19.90,19.90,false,1,
6253501260686,false,קרמבו וניל,אריזונה,,,יח`,0,ל-100 גרם,false,1,11.90,11.90,false,1,
6253501262093,false,קרמבו מוקה,אריזונה,,,יח`,1,ל-100 גרם,false,1,11.90,11.90,false,1,
6315280380112,false,קומקום חשמלי קרם/כחול BT-8011 BENATON,ד.ש.ש אלקטרוניקה בעמ`,,,יח`,1,,false,1,119,119,false,1,
6632122111124,false,מכשיר פופקורן בנטון,ד.ש.ש אלקטרוניקה בעמ`,,,יח`,1,,false,1,89.90,89.90,false,1,
6902176502507,false,סלק בוואקום,ביכורי השדה הצפון בעמ` 1964,,,יח`,1,,false,1,8.90,8.90,false,1,
6920211204125,false,אוזניות,הום פרפקט ק.ד.מ בעמ,,,יח`,1,,false,1,14.90,14.90,true,1,
6921850620504,false,נורות לד אור לבן 3 יח אומגה 15W,עולם הבית,,,יח`,1,,false,1,39.90,39.90,false,1,
6935673035612,false,כפפות אלוורה S,מ.א. יצור ויבוא מטליות בעמ`,,,יח`,1,,false,12,8.50,8.50,false,1,
6935673035636,false,כפפות אלוורה L,מ.א. יצור ויבוא מטליות בעמ`,,,יח`,1,,false,12,6.90,6.90,false,1,
7112039080786,false,כבל טעינה אנדרואיד,סוויטשי ישראל בעמ,,,יח`,1,,false,1,29.90,29.90,false,1,
7290000023083,false,ערק אשקלון 40%,טמפו משקאות בע`מ,,,יח`,7,"ל-100 מ""ל",false,1,54.90,7.80,false,1,
7290000023816,false,קלאסיק א. ריזלינג,טמפו משקאות בע`מ,,,יח`,7.50,"ל-100 מ""ל",false,1,31.90,4.21,true,1,
7290000023823,false,קלאסיק סוביניון בלאן,טמפו משקאות בע`מ,,,יח`,7.50,"ל-100 מ""ל",false,1,31.90,4.21,true,1,
7290000023830,false,יין קברנה בלאש סמוק ברקן קלאסי,טמפו משקאות בע`מ,,,יח`,7.50,"ל-100 מ""ל",false,1,31.90,4.21,true,1,
7290000023977,false,.מרלו קלאסיק,טמפו משקאות בע`מ,,,יח`,7.50,"ל-100 מ""ל",false,1,31.90,4.21,true,1,
7290000024219,false,רזרב אמרלד ריזילינג 750 מל`,טמפו משקאות בע`מ,,,יח`,7.50,"ל-100 מ""ל",false,1,39.90,5.28,true,1,
7290000024240,false,רזרב שרדונה 750 מל`,טמפו משקאות בע`מ,,,יח`,7.50,"ל-100 מ""ל",false,1,39.90,5.28,true,1,
7290000024264,false,רזרב מרלו 750 מל`,טמפו משקאות בע`מ,,,יח`,7.50,"ל-100 מ""ל",false,1,39.90,5.28,true,1,
7290000040042,false,יופלה תות 3%,תנובה חלב,,,יח`,1.50,"ל-100 מ""ל",false,1,5.20,3.47,false,1,
7290000040066,false,יופלה דודבן 3%,תנובה חלב,,,יח`,1.50,"ל-100 מ""ל",false,1,5.20,3.47,false,1,
7290000040080,false,יופלה אפרסק 3%,תנובה חלב,,,יח`,1.50,"ל-100 מ""ל",false,1,5.20,3.47,false,1,
7290000040301,false,קולאז קממבר בחפיסה,תנובה חלב,,,יח`,2,ל-100 גרם,false,1,19.40,9.70,false,1,
7290000040318,false,קולאז ברי בחפיסה,תנובה חלב,,,יח`,2,ל-100 גרם,false,1,20.40,10.20,false,1,
7290000041445,false,קוטג% `5מהדרין,תנובה חלב,,,יח`,2.50,ל-100 גרם,false,1,5.60,2.24,false,1,
7290000041858,false,שמנת חמוצה 200 15% מ`ל,שטראוס גרופ בע`מ,,,יח`,2,"ל-100 מ""ל",false,20,2.40,1.20,false,1,
7290000041865,false,אשל 4.5% מעושר,שטראוס גרופ בע`מ,,,יח`,2,"ל-100 מ""ל",false,20,2.20,1.10,false,1,
7290000041872,false,לבן מעושר 3%,שטראוס גרופ בע`מ,,,יח`,2,"ל-100 מ""ל",false,20,2.20,1.10,false,1,
7290000042435,false,חלב דל שומן+פקק 1% מהדרין,תנובה חלב,,,יח`,10,"ל-100 מ""ל",false,1,5.86,0.59,false,1,
7290000042503,false,חלב עמיד 3%,תנובה חלב,,,יח`,10,"ל-100 מ""ל",false,1,7.70,0.77,false,1,
7290000042640,false,חלב עמיד 3%,תנובה חלב,,,יח`,2.50,"ל-100 מ""ל",false,1,2.90,1.16,false,1,
7290000042855,false,שוקו בשקית,שטראוס גרופ בע`מ,,,יח`,2.25,"ל-100 מ""ל",false,1,2.50,1.11,false,1,
7290000043814,false,שמנת עמידה לקצפת%38,תנובה חלב,,,יח`,2.50,"ל-100 מ""ל",false,1,6.47,2.59,false,1,
7290000043890,false,שלי רוויון 1 ליטר,תנובה חלב,,,יח`,10,"ל-100 מ""ל",false,1,11.30,1.13,false,1,
7290000044712,false,פרילי גדול,תנובה חלב,,,יח`,5,"ל-100 מ""ל",false,1,11.10,2.22,false,1,
7290000044880,false,באדי יוגורט 500 מל`3%,תנובה חלב,,,יח`,5,"ל-100 מ""ל",false,1,9.50,1.90,false,1,
7290000045573,false,נעמה 200 גרם,תנובה חלב,,,יח`,2,ל-100 גרם,false,1,14.70,7.35,false,1,
7290000045917,false,גבינת עיזים[פרומעז]גליל,תנובה חלב,,,יח`,2,ל-100 גרם,false,1,26.70,13.35,false,1,
7290000046501,false,טל העמק% [32 שק],תנובה חלב,,,"ק""ג",10,ל-100 גרם,true,1,58,5.80,false,1,
7290000046563,false,גבינת פרמזן במשקל,תנובה חלב,,,"ק""ג",10,ל-100 גרם,true,1,113,11.30,false,1,
7290000047942,false,גבינה 9% 250 גר`,תנובה חלב,,,יח`,2.50,ל-100 גרם,false,1,4.80,1.92,false,1,
7290000048185,false,גבינה לבנה 5% 250 גר`,תנובה חלב,,,יח`,2.50,ל-100 גרם,false,1,4.98,1.99,false,1,
7290000048192,false,גבינה לבנה 9% 250 גר`,תנובה חלב,,,יח`,2.50,ל-100 גרם,false,1,5,2,false,1,
7290000048413,false,חמד פיראוס,תנובה חלב,,,יח`,2.50,ל-100 גרם,false,1,18.90,7.56,false,1,
7290000048437,false,פיראוס צפתית 5%,תנובה חלב,,,יח`,2,ל-100 גרם,false,1,16,8,false,1,
7290000049458,false,פיראוס עזים 250 גר`,תנובה חלב,,,יח`,2.50,ל-100 גרם,false,1,29.90,11.96,false,1,
7290000050454,false,יופלה אפרסק %3,תנובה חלב,,,יח`,5,"ל-100 מ""ל",false,1,13.70,2.74,false,1,
7290000051307,false,הפסקת אוכל דגנים עוגי,תנובה חלב,,,יח`,1.50,ל-100 גרם,false,1,9.10,6.07,false,1,
7290000051376,false,יופלה דיאט אננס 0%,תנובה חלב,,,יח`,1.50,"ל-100 מ""ל",false,24,5.20,3.47,false,1,
7290000052311,false,עמק פרוס בקופסא 15% גרם,תנובה חלב,,,יח`,2,ל-100 גרם,false,1,15.90,7.95,false,1,
7290000055336,false,יופלה משקה יוגורט,תנובה חלב,,,יח`,2.50,"ל-100 מ""ל",false,1,5.60,2.24,false,1,
7290000055343,false,יופלה משקה יוגורט,תנובה חלב,,,יח`,2.50,"ל-100 מ""ל",false,1,5.60,2.24,false,1,
7290000056081,false,מאגדת פרילי טבע,תנובה חלב,,,יח`,11.04,"ל-100 מ""ל",false,1,23.30,2.11,false,1,
7290000056272,false,גבינה לבנה זיתים 5%,תנובה חלב,,,יח`,2.50,ל-100 גרם,false,1,5.90,2.36,false,1,
7290000056845,false,חלב טרי הומגני 3% 1.5 ליטר,תנובה חלב,,,יח`,1.50,"ל-100 מ""ל",false,1,9.30,6.20,false,1,
7290000056890,false,יופלה דיאט מארז 6+2,תנובה חלב,,,יח`,1.20,"ל-100 מ""ל",false,1,31,25.83,false,1,
7290000056906,false,יופלה דיאט מארז,תנובה חלב,,,יח`,8,"ל-100 מ""ל",false,1,16.90,2.11,false,1,
7290000057118,false,גבינה סמי עמק 400 גר`,תנובה חלב,,,יח`,4,ל-100 גרם,false,1,20.90,5.23,false,1,
7290000057132,false,יוגורט 1.5% 200 גר`,תנובה חלב,,,יח`,2,"ל-100 מ""ל",false,1,3.10,1.55,false,1,
7290000057149,false,יוגורט. לבן 3%,תנובה חלב,,,יח`,2,"ל-100 מ""ל",false,1,3.20,1.60,false,1,
7290000057552,false,יופלה דיאט עוגת גבינה ותות,תנובה חלב,,,יח`,1.50,"ל-100 מ""ל",false,1,5.20,3.47,false,1,
7290000058047,false,שמנת 38%,תנובה חלב,,,יח`,5,"ל-100 מ""ל",false,1,12.94,2.59,false,1,
7290000060071,false,חטיפי פריכונים מלוח עדין`,קבוצת אסם סחר,,,יח`,1,ל-100 גרם,false,1,6.90,6.90,false,1,
7290000060088,false,מקלות בייגלה,קבוצת אסם סחר,,,יח`,4,ל-100 גרם,false,1,9.90,2.48,true,1,
7290000060156,false,איטריות דקיקות ביצים 200 גרם,קבוצת אסם סחר,,,יח`,2,ל-100 גרם,false,1,7.90,3.95,true,1,
7290000060163,false,איטריות 400 גרם,קבוצת אסם סחר,,,יח`,4,ל-100 גרם,false,1,6.90,1.73,true,1,
7290000060200,false,פתיתים אפויים קוסקוס,קבוצת אסם סחר,,,יח`,5,ל-100 גרם,false,1,7.90,1.58,true,1,
7290000060217,false,אסם מקרוני 7 500 גרם,קבוצת אסם סחר,,,יח`,5,ל-100 גרם,false,1,5.90,1.18,true,1,
7290000060248,false,אסם-תלתלים 61 500 גרם,קבוצת אסם סחר,,,יח`,5,ל-100 גרם,false,1,5.90,1.18,true,1,
7290000060316,false,לה פסטה ספגטי 3,קבוצת אסם סחר,,,יח`,5,ל-100 גרם,false,1,6.90,1.38,true,1,
7290000060330,false,פרפקטו ספירלי 57,קבוצת אסם סחר,,,יח`,5,ל-100 גרם,false,1,6.90,1.38,true,1,
7290000060408,false,פתיתים אפויים טבעות,קבוצת אסם סחר,,,יח`,5,ל-100 גרם,false,1,7.90,1.58,true,1,
7290000060576,false,פתיתים אפויים כוכבים,קבוצת אסם סחר,,,יח`,5,ל-100 גרם,false,1,7.90,1.58,true,1,
7290000060828,false,אסם-קרניים בינוניות 55 500 גרם,קבוצת אסם סחר,,,יח`,5,ל-100 גרם,false,1,5.90,1.18,true,1,
7290000060903,false,פתיתים אפויים אורז,קבוצת אסם סחר,,,יח`,5,ל-100 גרם,false,1,7.90,1.58,true,1,
7290000060965,false,איטריות רחבות,קבוצת אסם סחר,,,יח`,4,ל-100 גרם,false,1,6.90,1.73,true,1,
7290000061061,false,קרקר בצל,קבוצת אסם סחר,,,יח`,2.50,ל-100 גרם,false,1,9.90,3.96,true,1,
7290000061085,false,"רוטב צילי מתוק 290 מ""ל",קבוצת אסם סחר,,,יח`,2.90,"ל-100 מ""ל",false,1,12.90,4.45,true,1,
7290000061214,false,פתיתים אפויים קוסקוס עם בצל,קבוצת אסם סחר,,,יח`,5,ל-100 גרם,false,1,7.90,1.58,true,1,
7290000061450,false,פתיתים קוסקוס 3 צבעים,קבוצת אסם סחר,,,יח`,5,"ל-100 מ""ל",false,1,7.90,1.58,true,1,
7290000062952,false,מיני קרוטונים 250גר,קבוצת אסם סחר,,,יח`,2.50,ל-100 גרם,false,1,14.90,5.96,false,1,
7290000063102,false,קמח עוגה תופח 350 גר`,קבוצת אסם סחר,,,יח`,3.50,ל-100 גרם,false,1,4.20,1.20,false,1,
7290000063133,false,שקדי מרק 100 גרם,קבוצת אסם סחר,,,יח`,1,,false,1,4.50,4.50,false,1,
7290000063140,false,שקדי מרק 400 גרם,קבוצת אסם סחר,,,יח`,4,ל-100 גרם,false,1,11.90,2.98,true,1,
7290000063157,false,"קמח עוגה תופח 1 ק""ג",קבוצת אסם סחר,,,יח`,10,ל-100 גרם,false,1,9.90,0.99,true,1,
7290000064758,false,קוסקוס אמיתי בשקית,קבוצת אסם סחר,,,יח`,3.50,ל-100 גרם,false,1,7.30,2.09,false,1,
7290000064871,false,מנה חמה פירה תפא ובצל,קבוצת אסם סחר,,,יח`,56,ל-100 גרם,false,1,6.90,0.12,true,1,
7290000065977,false,חטיפי פריכונים תירס שומשום,קבוצת אסם סחר,,,יח`,1,ל-100 גרם,false,1,6.90,6.90,false,1,
7290000066189,false,ביסלי פלאפל גדול,קבוצת אסם סחר,,,יח`,2,ל-100 גרם,false,1,7.90,3.95,true,1,
7290000066196,false,ביסלי גריל גדול,קבוצת אסם סחר,,,יח`,2,ל-100 גרם,false,1,7.90,3.95,true,1,
7290000066226,false,ביסלי פיצה גדול,קבוצת אסם סחר,,,יח`,2,ל-100 גרם,false,1,7.90,3.95,true,1,
7290000066264,false,חטיף דובונים,קבוצת אסם סחר,,,יח`,0.40,ל-100 גרם,false,1,3.90,9.75,true,1,
7290000066295,false,במבה מתוקה,קבוצת אסם סחר,,,יח`,0.30,ל-100 גרם,false,1,2.70,9,false,1,
7290000066318,false,במבה אסם 80 גרם,קבוצת אסם סחר,,,יח`,0.80,ל-100 גרם,false,1,4.50,5.63,false,1,
7290000066332,false,אפרופו 50 גר`,קבוצת אסם סחר,,,יח`,0.50,ל-100 גרם,false,1,3.90,7.80,true,1,
7290000067544,false,פירורית זהב 200 גרם,קבוצת אסם סחר,,,יח`,2,ל-100 גרם,false,1,5.90,2.95,false,1,
7290000067599,false,מנה חמה ספגטי בולונז 65 גרם,קבוצת אסם סחר,,,יח`,6.50,ל-100 גרם,false,1,6.90,1.06,true,1,
7290000068138,false,אינסטנט פודינג וניל 80 גרם,קבוצת אסם סחר,,,יח`,8,ל-100 גרם,false,1,5.90,0.74,true,1,
7290000068190,false,"גלי תות שדה 90 גרם כשל""פ",קבוצת אסם סחר,,,יח`,9,ל-100 גרם,false,1,6.90,0.77,false,1,
7290000068206,false,"ג`לי משמש 90 גרם כשל""פ",קבוצת אסם סחר,,,יח`,9,ל-100 גרם,false,1,6.90,0.77,false,1,
7290000068787,false,במבה 25 גר`,קבוצת אסם סחר,,,יח`,0.25,ל-100 גרם,false,1,2.40,9.60,false,1,
7290000070308,false,מרק עוף אמיתי 400 גרם,קבוצת אסם סחר,,,יח`,4,ל-100 גרם,false,1,19.90,4.98,false,1,
7290000070322,false,אבקת מרק פטריות 400 גרם,קבוצת אסם סחר,,,יח`,4,ל-100 גרם,false,1,25.90,6.48,true,1,
7290000070353,false,אבקת מרק בצל 400 גרם,קבוצת אסם סחר,,,יח`,4,ל-100 גרם,false,1,25.90,6.48,true,1,
7290000070384,false,"מרק עוף עדיף 400 גרם כשל""פ",קבוצת אסם סחר,,,יח`,4,ל-100 גרם,false,1,16.90,4.23,false,1,
7290000072067,false,במבה במילוי קרם חלבה,קבוצת אסם סחר,,,יח`,0.60,ל-100 גרם,false,1,3.90,6.50,true,1,
7290000072241,false,"רוטב פיצה 290 מ""ל",קבוצת אסם סחר,,,יח`,2.90,"ל-100 מ""ל",false,1,12.90,4.45,true,1,
7290000072630,false,קטשופ חריף 750 גרם,קבוצת אסם סחר,,,יח`,7.50,ל-100 גרם,false,1,11.90,1.59,true,1,
7290000072760,false,טייסטרס צוייס 100,קבוצת אסם סחר,,,יח`,1,,false,1,25.90,25.90,false,1,
7290000072777,false,טסטר צ`יוס נטול קופאין 200 גרם,קבוצת אסם סחר,,,יח`,2,ל-100 גרם,false,1,39.90,19.95,false,1,
7290000073699,false,חומוס 150 גר`,קבוצת אסם סחר,,,יח`,1.50,ל-100 גרם,false,1,4.90,3.27,false,1,
7290000073750,false,מנה חמה נודלס אטריות +ירקות עם,קבוצת אסם סחר,,,יח`,7,ל-100 גרם,false,1,6.90,0.99,true,1,
7290000073767,false,מנה חמה נודלסאטריות +ירקות טעם,קבוצת אסם סחר,,,יח`,7,ל-100 גרם,false,1,6.90,0.99,true,1,
7290000073774,false,מנה חמה נודלס אטריות+ירקות טעם 71 גרם,קבוצת אסם סחר,,,יח`,7.10,ל-100 גרם,false,1,6.90,0.97,true,1,
7290000074153,false,פתי בר-שוקו 500 גר`,קבוצת אסם סחר,,,יח`,5,ל-100 גרם,false,1,11.90,2.38,true,1,
7290000074184,false,פתי בר קלאסי 500 גרם,קבוצת אסם סחר,,,יח`,5,ל-100 גרם,false,1,10.90,2.18,true,1,
7290000074245,false,קרם קרקר,קבוצת אסם סחר,,,יח`,2.50,ל-100 גרם,false,1,9.90,3.96,true,1,
7290000074276,false,טבעון קרקר,קבוצת אסם סחר,,,יח`,2.50,ל-100 גרם,false,1,9.90,3.96,true,1,
7290000074375,false,קרקר זהב 150 גרם,קבוצת אסם סחר,,,יח`,1.50,ל-100 גרם,false,1,9.90,6.60,true,1,
7290000074696,false,קרם קרקר 1 קג,קבוצת אסם סחר,,,יח`,10,ל-100 גרם,false,1,24.90,2.49,true,1,
7290000074764,false,קרקר זהב 150*6,קבוצת אסם סחר,,,יח`,9,ל-100 גרם,false,1,27.90,3.10,true,1,
7290000075204,false,לחמית קרקר חיטה מלאה,קבוצת אסם סחר,,,יח`,2.50,ל-100 גרם,false,1,9.90,3.96,true,1,
7290000075693,false,עוגת בריוש שוקלד,קבוצת אסם סחר,,,יח`,3.60,ל-100 גרם,false,1,16.90,4.69,false,1,
7290000076126,false,בייגלה שמניות 80 גר`,קבוצת אסם סחר,,,יח`,0.80,ל-100 גרם,false,1,2.90,3.63,false,1,
7290000076133,false,בייגלה שמניות,קבוצת אסם סחר,,,יח`,4,ל-100 גרם,false,1,9.90,2.48,true,1,
7290000077253,false,לחמית כפרית 190 גרם,קבוצת אסם סחר,,,יח`,1.90,ל-100 גרם,false,1,9.90,5.21,true,1,
7290000078212,false,קרטונים מתובלים,קבוצת אסם סחר,,,יח`,2.50,ל-100 גרם,false,1,13.90,5.56,false,1,
7290000079233,false,קרם קרקר דיאטטי,קבוצת אסם סחר,,,יח`,2.50,ל-100 גרם,false,1,9.90,3.96,true,1,
7290000080765,false,טוסטעים פת שומשו,קבוצת אסם סחר,,,יח`,1,ל-100 גרם,false,1,9.90,9.90,false,1,
7290000081663,false,בייגלה טבעות,קבוצת אסם סחר,,,יח`,3,ל-100 גרם,false,1,9.90,3.30,true,1,
7290000103365,false,מרק ירקות 550 גרם,תנובה מרכז שיתופי לשיווק תוצרת,,,יח`,5.50,ל-100 גרם,false,1,17.90,3.25,false,1,
7290000103488,false,ארטישוק ירושלמי 400 גרם,תנובה מרכז שיתופי לשיווק תוצרת,,,יח`,4,ל-100 גרם,false,1,19.90,4.98,true,1,
7290000103815,false,לקט להקפצה תאילנדי 800 גרם,תנובה מרכז שיתופי לשיווק תוצרת,,,יח`,8,ל-100 גרם,false,1,21.90,2.74,true,1,
7290000103839,false,מרק כתום 570 גרם,תנובה מרכז שיתופי לשיווק תוצרת,,,יח`,5.70,ל-100 גרם,false,1,17.90,3.14,false,1,
7290000103846,false,מרק אפונה 570 גרם,תנובה מרכז שיתופי לשיווק תוצרת,,,יח`,5.70,ל-100 גרם,false,1,17.90,3.14,false,1,
7290000103860,false,מרק עדשים 570 גרם,תנובה מרכז שיתופי לשיווק תוצרת,,,יח`,5.70,ל-100 גרם,false,1,17.90,3.14,false,1,
7290000104188,false,שעועית אדומה מבושלת 800 גרם,תנובה מרכז שיתופי לשיווק תוצרת,,,יח`,8,ל-100 גרם,false,1,19.90,2.49,false,1,
7290000104287,false,לקט לפשטידה 800 גרם,תנובה מרכז שיתופי לשיווק תוצרת,,,יח`,8,ל-100 גרם,false,1,22.90,2.86,false,1,
7290000104676,false,אפונת גינה מוקפאת 800 גרם,תנובה מרכז שיתופי לשיווק תוצרת,,,יח`,8,ל-100 גרם,false,1,16.90,2.11,true,1,
7290000104683,false,שעועית ירוקה שלמה מוקפאת 800 גרם,תנובה מרכז שיתופי לשיווק תוצרת,,,יח`,8,ל-100 גרם,false,1,19.90,2.49,true,1,
7290000104713,false,פול ירוק מוקפא 800 גרם,תנובה מרכז שיתופי לשיווק תוצרת,,,יח`,8,ל-100 גרם,false,1,24.90,3.11,true,1,
7290000104720,false,שעועית ירוקה חתוכה מוקפאת 800 גרם,תנובה מרכז שיתופי לשיווק תוצרת,,,יח`,8,ל-100 גרם,false,1,18.90,2.36,true,1,
7290000104737,false,שעועית צהובה חתוכה מוקפאת 800 גרם,תנובה מרכז שיתופי לשיווק תוצרת,,,יח`,8,ל-100 גרם,false,1,18.90,2.36,true,1,
7290000104744,false,כרובית מוקפאת 800 גרם,תנובה מרכז שיתופי לשיווק תוצרת,,,יח`,8,ל-100 גרם,false,1,24.90,3.11,true,1,
7290000104751,false,כרוב ניצנים 800 גרם,תנובה מרכז שיתופי לשיווק תוצרת,,,יח`,8,ל-100 גרם,false,1,22.90,2.86,true,1,
7290000104768,false,תרד עלים מוקפא 800 גרם,תנובה מרכז שיתופי לשיווק תוצרת,,,יח`,8,ל-100 גרם,false,1,22.90,2.86,true,1,
7290000104799,false,שעועית לבנה מבושלת 800 גרם,תנובה מרכז שיתופי לשיווק תוצרת,,,יח`,8,ל-100 גרם,false,1,19.90,2.49,true,1,
7290000104805,false,גרגירי חומוס מבושלים 800 גרם,תנובה מרכז שיתופי לשיווק תוצרת,,,יח`,8,ל-100 גרם,false,1,19.90,2.49,true,1,
7290000104829,false,קלחוני תירס 1 קג,תנובה מרכז שיתופי לשיווק תוצרת,,,יח`,10,ל-100 גרם,false,1,22.40,2.24,true,1,
7290000104836,false,שעועית עדינה ירוקה שלמה 600 גרם,תנובה מרכז שיתופי לשיווק תוצרת,,,יח`,6,ל-100 גרם,false,1,21.90,3.65,true,1,
7290000104881,false,אפונה וגזר 800 גרם,תנובה מרכז שיתופי לשיווק תוצרת,,,יח`,8,ל-100 גרם,false,1,16.90,2.11,true,1,
7290000104911,false,לקט נורמנדי 800 גרם,תנובה מרכז שיתופי לשיווק תוצרת,,,יח`,8,ל-100 גרם,false,1,23.50,2.94,true,1,
7290000107189,false,ארטישוק תחתיות קפואים 400 גרם,תנובה מרכז שיתופי לשיווק תוצרת,,,יח`,4,ל-100 גרם,false,1,20.90,5.23,true,1,
7290000107295,false,תפרחות ברוקולי מוקפאות 800 גרם,תנובה מרכז שיתופי לשיווק תוצרת,,,יח`,8,ל-100 גרם,false,1,24.90,3.11,true,1,
7290000110844,false,כיפלי 70 גר`,יוניליוור ישראל שיווק בע`מ,,,יח`,0.70,ל-100 גרם,false,1,5.30,7.57,false,1,
7290000110851,false,כיפלי בטעם בצל בד`צ 70 גרם,יוניליוור ישראל שיווק בע`מ,,,יח`,0.70,ל-100 גרם,false,1,5.30,7.57,false,1,
7290000111063,false,מיונז צנצנת 250 גרם כשלפ,יוניליוור ישראל שיווק בע`מ,,,יח`,2.50,ל-100 גרם,false,1,6.40,2.56,false,1,
7290000111117,false,בדין מרכך כביסה לבן 4 ליטר,יוניליוור ישראל שיווק בע`מ,,,יח`,40,"ל-100 מ""ל",false,1,19.90,0.50,false,1,
7290000111360,false,חרדל אמיתי חריף 250 גרם בצנצנת כשלפ,יוניליוור ישראל שיווק בע`מ,,,יח`,2.50,ל-100 גרם,false,1,6.90,2.76,false,1,
7290000111384,false,חרדל אמיתי 550 גרם בצנצנת,יוניליוור ישראל שיווק בע`מ,,,יח`,5.50,ל-100 גרם,false,1,10.60,1.93,false,1,
7290000112497,false,קנור עשיר מרק עוף אטריות 68גרם שקית,יוניליוור ישראל שיווק בע`מ,,,יח`,0.68,ל-100 גרם,false,1,10.90,16.03,true,1,
7290000112503,false,קנור עשיר מרק ירקות 61 גרם,יוניליוור ישראל שיווק בע`מ,,,יח`,0.61,ל-100 גרם,false,1,10.90,17.87,true,1,
7290000112619,false,קנור מרק עוף אמיתי 400 גרם כשלפ,יוניליוור ישראל שיווק בע`מ,,,יח`,4,ל-100 גרם,false,1,21.90,5.48,false,1,
7290000114187,false,פנטסטיק סיף לניקוי כללי ריח אורנים 4ל,יוניליוור ישראל שיווק בע`מ,,,יח`,4,לליטר,false,1,22.90,5.73,false,1,
7290000116945,false,"קנור רוטב סויה 300 מ""ל",יוניליוור ישראל שיווק בע`מ,,,יח`,3,"ל-100 מ""ל",false,1,12.90,4.30,true,1,
7290000117171,false,נמס בכוס טעם עוף 10*10גר,יוניליוור ישראל שיווק בע`מ,,,יח`,0.48,ל-100 גרם,false,1,6.90,14.38,true,1,
7290000117720,false,נמס בכוס פיטריות 43 גרם,יוניליוור ישראל שיווק בע`מ,,,יח`,0.43,ל-100 גרם,false,1,6.90,16.05,true,1,
7290000121093,false,"גבינה מותכת בטעם שוויצרי לייט 7%, 120ג",נטו מלינדה סחר בע`מ,,,יח`,1.20,ל-100 גרם,false,1,12.90,10.75,true,1,
7290000121154,false,גבינת מון בלאן לייט סלומון 8 יח`120,נטו מלינדה סחר בע`מ,,,יח`,1.20,ל-100 גרם,false,1,12.90,10.75,true,1,
7290000121239,false,מיוקל %5 500 גרם כשלפ,יוניליוור ישראל שיווק בע`מ,,,יח`,5,ל-100 גרם,false,1,11.90,2.38,false,1,
7290000122830,false,קנור רוטב סצואן סיני 300 מל,יוניליוור ישראל שיווק בע`מ,,,יח`,3,"ל-100 מ""ל",false,1,11.90,3.97,true,1,
7290000129457,false,קנור רוטב פטריות 28 גרם,יוניליוור ישראל שיווק בע`מ,,,יח`,0.28,ל-100 גרם,false,1,4.20,15,false,1,
7290000129785,false,בדין מרכך כביסה ירוק 4 ליטר,יוניליוור ישראל שיווק בע`מ,,,יח`,4,"ל-100 מ""ל",false,1,19.90,4.98,false,1,
7290000133645,false,משחת שיניים אורביטול סודה 3*145 גרם,החב. הדרומית לשיווק,,,יח`,4.29,ל-100 גרם,false,8,17.90,4.17,false,1,
7290000134116,false,פפריקה מתוקה,תבליני טעם וריח,,,יח`,1,,false,1,6.90,6.90,false,1,
7290000134307,false,קינמון טחון שקית,תבליני טעם וריח,,,יח`,1,,false,1,5.90,5.90,false,1,
7290000134338,false,שום אבקה,תבליני טעם וריח,,,יח`,1,,false,1,9.90,9.90,true,1,
7290000134550,false,עלי דפנה שקית,תבליני טעם וריח,,,יח`,1,,false,1,5.90,5.90,false,1,
7290000134666,false,רוזמרין,תבליני טעם וריח,,,יח`,1,,false,1,5.90,5.90,false,1,
7290000134673,false,זנגביל,תבליני טעם וריח,,,יח`,1,,false,1,6.90,6.90,false,1,
7290000134857,false,פפריקה מתוקה,תבליני טעם וריח,,,יח`,1,,false,1,9.90,9.90,true,1,
7290000134994,false,טימין,תבליני טעם וריח,,,יח`,1,,false,1,6.90,6.90,false,1,
7290000135663,false,מארז שישיית פחיות פפסי דובדבן,טמפו משקאות בע`מ,,,יח`,19.80,"ל-100 מ""ל",false,1,19.90,0.91,true,1,
7290000136141,false,פפסי קולה 1.5 ליטר פיקדון,טמפו משקאות בע`מ,,,יח`,15,"ל-100 מ""ל",false,12,8.20,0.53,false,1,
7290000136158,false,פפסי מקס 1.5 ליטר פיקדון,טמפו משקאות בע`מ,,,יח`,15,"ל-100 מ""ל",false,12,7.80,0.50,false,1,
7290000136165,false,מירינדה אורנג` 1.5 ליטר פיקדון,טמפו משקאות בע`מ,,,יח`,15,"ל-100 מ""ל",false,12,7.90,0.51,false,1,
7290000136172,false,משקה 7UP בקבוק 1.5 ליטר פיקדון,טמפו משקאות בע`מ,,,יח`,15,"ל-100 מ""ל",false,12,7.90,0.51,false,1,
7290000136189,false,משקה דיאט 7UP בקבוק 1.5 ליטר פיקדון,טמפו משקאות בע`מ,,,יח`,15,"ל-100 מ""ל",false,12,7.20,0.46,false,1,
7290000136240,false,טמפו סודה 1.5 ליטר,טמפו משקאות בע`מ,,,יח`,15,"ל-100 מ""ל",false,1,4.90,0.31,false,1,
7290000136257,false,מי טוניק פאנק 1.5 ליטר,טמפו משקאות בע`מ,,,יח`,15,"ל-100 מ""ל",false,12,9.90,0.64,false,1,
7290000136608,false,ג`אמפ משקה תפוח עדין 1.5 ליטר פיקדון,טמפו משקאות בע`מ,,,יח`,15,"ל-100 מ""ל",false,12,7.50,0.48,false,1,
7290000136646,false,בירה שחורה נשר מאלט בקבוק 1.5 ליטר,טמפו משקאות בע`מ,,,יח`,15,"ל-100 מ""ל",false,12,8.90,0.57,true,1,
7290000136653,false,בירה שחורה נשר מאלט דיאט בקבוק 1.5ל`,טמפו משקאות בע`מ,,,יח`,15,"ל-100 מ""ל",false,12,8.90,0.57,true,1,
7290000136684,false,פפסי מקס 1.5 ליטר פיקדון,טמפו משקאות בע`מ,,,יח`,15,"ל-100 מ""ל",false,12,7.80,0.50,false,1,
7290000136776,false,פפסי מקס 1.5ל`*6יח פיקדון,טמפו משקאות בע`מ,,,יח`,90,"ל-100 מ""ל",false,1,39.90,0.42,false,1,
7290000136783,false,מירנדה 1.5ל`*6יח פיקדון,טמפו משקאות בע`מ,,,יח`,90,"ל-100 מ""ל",false,1,44.70,0.48,false,1,
7290000136790,false,טמפו מי סודה 6*1.5 ליטר פיקדון,טמפו משקאות בע`מ,,,יח`,90,"ל-100 מ""ל",false,1,17.90,0.18,false,1,
7290000136844,false,אקווה נובה מים מזוככים 6*2ל,טמפו משקאות בע`מ,,,יח`,120,"ל-100 מ""ל",false,1,12.90,0.09,false,1,
7290000136868,false,סאן בנדטו מים מינרלים שקט 6*1.5ל פיקדו,טמפו משקאות בע`מ,,,יח`,90,"ל-100 מ""ל",false,1,18.90,0.19,false,1,
7290000136875,false,סאן בנדטו מים מינרלים מוגז 6*1.5ל פיקדון,טמפו משקאות בע`מ,,,יח`,90,"ל-100 מ""ל",false,1,19.90,0.20,false,1,
7290000137513,false,גלידונית וניל בקלקר 60 יח 700 גרם,שטראוס גלידות,,,יח`,7,ל-100 גרם,false,1,39.90,5.70,false,1,
7290000137643,false,טעמקור מולטיפק אריזה משפחתית 8 יח`,שטראוס גלידות,,,יח`,1,יח`,false,1,31.90,31.90,false,1,
7290000146669,false,אל סבון קוסמטי הוואי בלו 4*100 גרם,הנקל סוד בע`מ,,,יח`,4,ל-100 גרם,false,12,12.90,3.23,false,1,
7290000146676,false,אל סבון הוואי לגבר 4*100 גרם,הנקל סוד בע`מ,,,יח`,4,ל-100 גרם,false,12,12.90,3.23,false,1,
7290000146928,false,משחת שיניים טום וג`רי בטעם ענבים 60 ג`,הנקל סוד בע`מ,,,יח`,0.60,ל-100 גרם,false,24,8.90,14.83,false,1,
7290000149905,false,טקסטיל שמפו נוזלי לאריגים עדינים1ליט,החב. הדרומית לשיווק,,,יח`,10,"ל-100 מ""ל",false,12,15.90,1.59,false,1,
7290000158105,false,שניצל דינוזאור 700 גרם קפוא,קבוצת אסם סחר,,,יח`,7,ל-100 גרם,false,1,29.90,4.27,false,1,
7290000159010,false,שניצל דובונים 700 גרם קפוא,קבוצת אסם סחר,,,יח`,7,ל-100 גרם,false,1,29.90,4.27,false,1,
7290000161648,false,קליק חטיף אין אאוט 35 גרם,יוניליוור ישראל שיווק בע`מ,,,יח`,0.35,ל-100 גרם,false,1,4.90,14,false,1,
7290000166605,false,פנטסטיק לניקוי כללי יסמין 4 ליטר,יוניליוור ישראל שיווק בע`מ,,,יח`,4,לליטר,false,1,22.90,5.73,false,1,
7290000169538,false,נמס בכוס ועוד עגבניות וקרוטונים,יוניליוור ישראל שיווק בע`מ,,,יח`,0.62,ל-100 גרם,false,1,6.40,10.32,true,1,
7290000169798,false,עוגי מופחת סוכר 500 גרם,יוניליוור ישראל שיווק בע`מ,,,יח`,5,ל-100 גרם,false,1,19.90,3.98,true,1,
7290000174723,false,אבקת שוקו שוקולית פחית 500 גרם,שטראוס גרופ בע`מ,,,יח`,5,ל-100 גרם,false,1,13.90,2.78,false,1,
7290000176079,false,קפה טורקי עם הל 100 גרם,שטראוס גרופ בע`מ,,,יח`,1,,false,50,8.90,8.90,false,1,
7290000176116,false,קפה טורקי ואקום 1 קג,שטראוס גרופ בע`מ,,,יח`,10,"ק""ג",false,6,79.90,7.99,false,1,
7290000176147,false,קפה מוקה שקית 500 גרם NO 1,שטראוס גרופ בע`מ,,,יח`,5,ל-100 גרם,false,1,49.90,9.98,false,1,
7290000176413,false,קפה נמס עלית פחית 50 גרם,שטראוס גרופ בע`מ,,,יח`,0.50,ל-100 גרם,false,24,8.90,17.80,false,1,
7290000176420,false,קפה נמס פחית 200 גרם,שטראוס גרופ בע`מ,,,יח`,2,ל-100 גרם,false,12,19.90,9.95,false,1,
7290000176468,false,קפה האג נטול קפאין פחית 50 גרם,שטראוס גרופ בע`מ,,,יח`,0.50,ל-100 גרם,false,1,10.90,21.80,false,1,
7290000176475,false,קפה נמס האג נטול קפאין פחית 200 גרם,שטראוס גרופ בע`מ,,,יח`,2,ל-100 גרם,false,1,34.90,17.45,false,1,
7290000178707,false,תפוצ`יפס 50 גרם,שטראוס פריטו ליי בע`מ,,,יח`,0.50,ל-100 גרם,false,1,3.90,7.80,false,1,
7290000178721,false,תפוצ`יפס 200 גרם,שטראוס פריטו ליי בע`מ,,,יח`,2,ל-100 גרם,false,1,10.90,5.45,true,1,
7290000187860,false,מגבוני נייר טואלט לחים 40דף דיספנסר,חוגלה קימברלי שיווק בע`מ,,,יח`,0.59,ל-100 גרם,false,16,7.90,13.39,false,1,
7290000188270,false,ממחטות אף קלינקס אולטרה סופט 2*80 יח,חוגלה קימברלי שיווק בע`מ,,,יח`,3.90,ל-100 גרם,false,12,14.90,3.82,false,1,
7290000188355,false,ניקול מגבות נייר לבנות 6 גלילים,חוגלה קימברלי שיווק בע`מ,,,יח`,1,ל-100 גרם,false,1,11.90,11.90,false,1,
7290000189536,false,ניקול שקיות אשפה 52*65 40 יח`,חוגלה קימברלי שיווק בע`מ,,,יח`,1,,false,18,19.90,19.90,false,1,
7290000189550,false,ניקול שקיות אשפה 78*90 ענק 2*20 יח,חוגלה קימברלי שיווק בע`מ,,,יח`,1,,false,12,23.90,23.90,false,1,
7290000190068,false,ניקול מפיות שכבה אחת 100 יח`,חוגלה קימברלי שיווק בע`מ,,,יח`,1,,false,24,8.50,8.50,false,1,
7290000191539,false,מגבונים לילי צבעוני 5X100,חוגלה קימברלי שיווק בע`מ,,,יח`,5.93,ל-100 גרם,false,1,12.90,2.18,false,1,
7290000193472,false,לילי נטורל תחתוניות נורמל 60 יח`,חוגלה קימברלי שיווק בע`מ,,,יח`,0,ל-100 גרם,false,12,15.90,15.90,false,1,
7290000193656,false,לילי נטורל תחבושות אולטרה סופר פלוס2,חוגלה קימברלי שיווק בע`מ,,,יח`,0,ל-100 גרם,false,24,15.90,15.90,false,1,
7290000195537,false,מגבוני האגיס לא מבושם ירוק מילוי4*72,חוגלה קימברלי שיווק בע`מ,,,יח`,1,יח`,false,6,19.90,19.90,false,1,
7290000195773,false,האגיס נטורל אלוורה+קמומיל מילוי 4*72,חוגלה קימברלי שיווק בע`מ,,,יח`,1,יח`,false,6,19.90,19.90,false,1,
7290000196039,false,ניקול מפות שולחן חד פעמיות 2 יח,חוגלה קימברלי שיווק בע`מ,,,יח`,2.50,ל-100 גרם,false,24,10.90,4.36,false,1,
7290000196763,false,השקית החזקה ניקול,חוגלה קימברלי שיווק בע`מ,,,יח`,1,,false,12,25.90,25.90,false,1,
7290000197340,false,רדיד אלומיניום 7.5/0.45 מטר זוג,חוגלה קימברלי שיווק בע`מ,,,יח`,1,,false,12,14.90,14.90,false,1,
7290000197432,false,ניקול זוג 19*25 2*150 יח,חוגלה קימברלי שיווק בע`מ,,,יח`,1,,false,18,12.90,12.90,false,1,
7290000197463,false,פרידום דריי שלב 4 42 יח`,חוגלה קימברלי שיווק בע`מ,,,יח`,1,יח`,false,6,43.90,43.90,false,1,
7290000197548,false,פרידום דריי שלב 5 38 יח`,חוגלה קימברלי שיווק בע`מ,,,יח`,1,יח`,false,6,43.90,43.90,false,1,
7290000197678,false,פרידום פלוס שלב 6 34 יח`,חוגלה קימברלי שיווק בע`מ,,,יח`,1,יח`,false,6,43.90,43.90,false,1,
7290000197999,false,רדיד אלומיניום עבה במיוחד 7.5*30*2יח,חוגלה קימברלי שיווק בע`מ,,,יח`,1,,false,12,14.90,14.90,false,1,
7290000199313,false,קוטקס Young תחבושות נורמל פלוס 28 יח,חוגלה קימברלי שיווק בע`מ,,,יח`,0,ל-100 גרם,false,16,15.90,15.90,false,1,
7290000204147,false,ניקול כריות יפניות עבות 2ב1 4יח,חוגלה קימברלי שיווק בע`מ,,,יח`,1,,false,24,10.90,10.90,true,1,
7290000207063,false,תרכיז עגבניות 260 גרם,זנלכול יכין,,,יח`,1,ל-100 גרם,false,1,4.90,4.90,false,1,
7290000207162,false,רסק עגבניות בפלסטיק 100 גרם,זנלכול יכין,,,יח`,1,ל-100 גרם,false,1,2.90,2.90,true,1,
7290000207438,false,קוביות עגבניות 800 גרם,זנלכול יכין,,,יח`,8,ל-100 גרם,false,1,9.90,1.24,false,1,
7290000208022,false,עגבניות מרוסקות פריכוז 800 גרם,זנלכול יכין,,,יח`,8,ל-100 גרם,false,1,9.90,1.24,false,1,
7290000208077,false,יכין אפונת גינה גדולה 560 גרם,זנלכול יכין,,,יח`,5.60,ל-100 גרם,false,1,8.90,1.59,true,1,
7290000208114,false,אפונה וגזר 550 גרם,זנלכול יכין,,,יח`,5.50,ל-100 גרם,false,1,8.90,1.62,true,1,
7290000208138,false,סירופ דיאט ענבים 1 ליטר,זנלכול יכין,,,יח`,1,,false,1,18.90,18.90,false,1,
7290000208145,false,תירס לייט 550 גרם,זנלכול יכין,,,יח`,5.50,ל-100 גרם,false,1,9.90,1.80,false,1,
7290000208213,false,שעועית אפויה ברוטב עגבניות 580ג,זנלכול יכין,,,יח`,5.80,ל-100 גרם,false,1,8.90,1.53,true,1,
7290000208220,false,צ`לי חריף בנוסח מקסיקני 550 גרם,זנלכול יכין,,,יח`,5.50,ל-100 גרם,false,1,9.90,1.80,false,1,
7290000208244,false,בסיס עגבניות לשקשוקה 570 גרם,זנלכול יכין,,,יח`,5.70,ל-100 גרם,false,1,9.50,1.67,false,1,
7290000208329,false,גרעיני תירס מתוק 550 גרם,זנלכול יכין,,,יח`,5.50,ל-100 גרם,false,1,8.90,1.62,true,1,
7290000208350,false,עגבניות מרוסקות עם בצל 800 גרם,זנלכול יכין,,,יח`,8,ל-100 גרם,false,1,9.90,1.24,false,1,
7290000208404,false,יכין פול מיצרי 550 גרם,זנלכול יכין,,,יח`,5.50,ל-100 גרם,false,1,8.90,1.62,false,1,
7290000208428,false,יכין חומוס שלם 560 גרם,זנלכול יכין,,,יח`,5.60,ל-100 גרם,false,1,8.90,1.59,true,1,
7290000208459,false,לקט תפוא 550 גרם,זנלכול יכין,,,יח`,5.50,ל-100 גרם,false,1,9.90,1.80,false,1,
7290000208480,false,גרעיני תירס בטעם חמאה 550 גרם,זנלכול יכין,,,יח`,5.50,ל-100 גרם,false,1,9.90,1.80,false,1,
7290000208534,false,תירס קיד גרעיני תירס מתוק 550 גרם,זנלכול יכין,,,יח`,5.50,ל-100 גרם,false,1,9.90,1.80,false,1,
7290000208800,false,תירס ואקום קיד,זנלכול יכין,,,יח`,5.50,ל-100 גרם,false,1,6.50,1.18,true,1,
7290000208855,false,רוטב עגבניות לפסטה 240 גרם,זנלכול יכין,,,יח`,2.60,ל-100 גרם,false,1,5.90,2.27,true,1,
7290000208893,false,תירס ואקום לייט,זנלכול יכין,,,יח`,3.40,ל-100 גרם,false,1,6.50,1.91,true,1,
7290000208930,false,עגבניות מרוסקות עם שום 240 גרם,זנלכול יכין,,,יח`,2.60,ל-100 גרם,false,1,5.90,2.27,true,1,
7290000208947,false,עגבניות מרוסקות 260 גרם,זנלכול יכין,,,יח`,2.60,ל-100 גרם,false,1,5.90,2.27,false,1,
7290000209371,false,תירס שלשות 165 גר`OZ,זנלכול יכין,,,יח`,1.65,ל-100 גרם,false,1,14.90,9.03,false,1,
7290000209388,false,תירס שלשות 165 גר`OZ,זנלכול יכין,,,יח`,1.65,ל-100 גרם,false,1,14.90,9.03,false,1,
7290000209524,false,סירופ דיאט פטל 1 ליטר,זנלכול יכין,,,יח`,1,,false,1,18.90,18.90,false,1,
7290000209555,false,סירופ דיאט תפוחים 1 ליטר,זנלכול יכין,,,יח`,1,,false,1,18.90,18.90,false,1,
7290000209708,false,עגבניות מרוסקות בתוספת בזיליקום 260ג,זנלכול יכין,,,יח`,2.60,ל-100 גרם,false,1,5.90,2.27,true,1,
7290000209906,false,עגבניות מרוסקות בתוספת בצל 260 גרם,זנלכול יכין,,,יח`,2.60,ל-100 גרם,false,1,5.90,2.27,false,1,
7290000209968,false,רוטב עגבניות ללזניה 240 גרם,זנלכול יכין,,,יח`,2.60,ל-100 גרם,false,1,5.90,2.27,true,1,
7290000210469,false,עגבניות שלמותA2.5,זנלכול יכין,,,יח`,5.70,ל-100 גרם,false,1,9.90,1.74,false,1,
7290000211312,false,אורז מלא פרסי אחד אחד 1 קג,סוגת,,,יח`,10,ל-100 גרם,false,1,8.90,0.89,false,1,
7290000211381,false,סוכר חום כהה 1 קג בשקית,סוגת,,,יח`,10,ל-100 גרם,false,1,11.90,1.19,false,1,
7290000211442,false,אורז פרסי קלאסי אחד אחד 1 ק``ג,סוגת,,,יח`,10,ל-100 גרם,false,1,10.90,1.09,false,1,
7290000211626,false,חיש אורז אחד אחד 1 קג,סוגת,,,יח`,10,ל-100 גרם,false,1,8.90,0.89,false,1,
7290000211985,false,אורז עגול ריזוטו אחד אחד 1 קג,סוגת,,,יח`,10,ל-100 גרם,false,1,9.90,0.99,false,1,
7290000212401,false,וופל מצופה מצופית 400 גרם,ח.כהן סוכנות מזון ומשקאות,,,יח`,4,ל-100 גרם,false,1,9.90,2.48,false,1,
7290000212579,false,וופלים מצופים מנעמים 40 יח`800 גרם,ח.כהן סוכנות מזון ומשקאות,,,יח`,8,ל-100 גרם,false,1,17.90,2.24,false,1,
7290000218502,false,חמין A2 ויטה,ויטה פרי גליל (החדשה) בע`מ,,,יח`,5.68,ל-100 גרם,false,1,9.90,1.74,false,1,
7290000238029,false,בצק עלים צרפתי מרודד 1 ק``ג קפוא,תנובה מרכז שיתופי לשיווק תוצרת,,,יח`,10,ל-100 גרם,false,9,21.90,2.19,false,1,
7290000238036,false,מלאווח מעדנות 6 יח`700 גרם קפוא,תנובה מרכז שיתופי לשיווק תוצרת,,,יח`,7,ל-100 גרם,false,16,16.90,2.41,false,1,
7290000240541,false,בצק עלים ריבועי 800 גרם קפוא,תנובה מרכז שיתופי לשיווק תוצרת,,,יח`,8,ל-100 גרם,false,12,21.90,2.74,false,1,
7290000244761,false,קרם ידיים ולוטה 80 גרם,הנקל סוד בע`מ,,,יח`,0.80,ל-100 גרם,false,1,9.90,12.38,true,1,
7290000245072,false,מרכך כביסה סוד בייבי 4 ליטר,גורי שיווק,,,יח`,40,"ל-100 מ""ל",false,1,17.90,0.45,false,1,
7290000253220,false,נטיפי שוקולד צ`יפס לבן/שחור לאפיה,תה ויסוצקי בע`מ,,,יח`,2.60,ל-100 גרם,false,1,12.90,4.96,false,1,
7290000272696,false,מיץ לימון טבעי משומר 1 ליטר עסיס כלפ,קבוצת אסם סחר,,,יח`,10,"ל-100 מ""ל",false,1,9.90,0.99,false,1,
7290000286228,false,סנו סושי שישייה לניקוי כלים,החב. הדרומית לשיווק,,,יח`,1,,false,12,11.90,11.90,false,1,
7290000286525,false,סנו ספוג פרינה לרחצה 1 יח`,החב. הדרומית לשיווק,,,יח`,0,ל-100 גרם,false,12,10.90,10.90,false,1,
7290000286594,false,סנו X לימון 600 גרם,החב. הדרומית לשיווק,,,יח`,6,ל-100 גרם,false,1,9.90,1.65,false,1,
7290000286761,false,סנו סושי צמד פלסטיק נצמד 30,החב. הדרומית לשיווק,,,יח`,1,,false,12,11.90,11.90,false,1,
7290000286891,false,סנו מגן קריסטל לרצפה 1 ליטר,החב. הדרומית לשיווק,,,יח`,10,"ל-100 מ""ל",false,1,21.90,2.19,false,1,
7290000286921,false,סנוקל רסס וכבס תרסיס אקדח 750 מ``ל,החב. הדרומית לשיווק,,,יח`,7.50,"ל-100 מ""ל",false,12,14.90,1.99,false,1,
7290000287102,false,סנו שטיחים קצף לניקוי שטיחים 600 סמק,החב. הדרומית לשיווק,,,יח`,6,"ל-100 מ""ל",false,1,19.90,3.32,false,1,
7290000287430,false,סבון אסלה סנובון צבעוני 3*55 גרם,החב. הדרומית לשיווק,,,יח`,1.65,ל-100 גרם,false,12,11.90,7.21,false,1,
7290000287492,false,סנובון נוזלי לאסלה לימון 750 מל,החב. הדרומית לשיווק,,,יח`,7.50,"ל-100 מ""ל",false,12,10.90,1.45,true,1,
7290000287621,false,אנטי קאלק,החב. הדרומית לשיווק,,,יח`,7.50,"ל-100 מ""ל",false,1,11.90,1.59,false,1,
7290000288024,false,סנו ג`אוול אקונומיקה בריח לימון 4 ליט,החב. הדרומית לשיווק,,,יח`,40,"ל-100 מ""ל",false,6,16.90,0.42,false,1,
7290000288031,false,סנו אקונומיקה 4 ליטר,החב. הדרומית לשיווק,,,יח`,4,לליטר,false,6,10.90,2.73,false,1,
7290000288086,false,אבקת ניקוי סנו JAVEL עם אקונומיקה600,החב. הדרומית לשיווק,,,יח`,6,ל-100 גרם,false,1,11.90,1.98,false,1,
7290000289472,false,סנו סושי רב שקית שקיות אשפה90*76 50י,החב. הדרומית לשיווק,,,יח`,1,,false,15,24.90,24.90,false,1,
7290000289496,false,סנו JAVEL קרם לימון 750 סמק,החב. הדרומית לשיווק,,,יח`,7.50,"ל-100 מ""ל",false,12,12.90,1.72,false,1,
7290000291857,false,פוליויקס לוטוס מנקה רצפות 2 ליטר,החב. הדרומית לשיווק,,,יח`,2,לליטר,false,8,22.90,11.45,false,1,
7290000291932,false,סנובון נוזל לאסלה תפוח וקיווי 750 מ,החב. הדרומית לשיווק,,,יח`,7.50,"ל-100 מ""ל",false,12,10.90,1.45,true,1,
7290000292533,false,סנו ג`ט ג`ל לניקוי כללי 1 ליטר,החב. הדרומית לשיווק,,,יח`,10,"ל-100 מ""ל",false,1,16.90,1.69,false,1,
7290000292557,false,מילוי לסנומט נוזלי 45 לילות 35 סמק,החב. הדרומית לשיווק,,,יח`,1,,false,12,19.90,19.90,false,1,
7290000292687,false,סבון אסלה סנובון כחול שלישיה 165 מל,החב. הדרומית לשיווק,,,יח`,1.65,ל-100 גרם,false,12,14.90,9.03,false,1,
7290000293530,false,שקית מילוי לסנו סופג לחות ומונע עובש,החב. הדרומית לשיווק,,,יח`,3.40,"ל-100 מ""ל",false,12,12.90,3.79,false,1,
7290000293943,false,מסיר אבנית וחלודה אנטי קאלק מרסס 1,החב. הדרומית לשיווק,,,יח`,10,"ל-100 מ""ל",false,12,19.90,1.99,true,1,
7290000294773,false,סנו ג`אוול אקונומיקה מונבלאן 4 ליטר,החב. הדרומית לשיווק,,,יח`,4,לליטר,false,1,16.90,4.23,false,1,
7290000294780,false,סנו ג`אוול אקונומיקה סמיכה 4 ליטר,החב. הדרומית לשיווק,,,יח`,40,"ל-100 מ""ל",false,6,16.90,0.42,false,1,
7290000295121,false,מטלית ריצפה זיגזג 3 יח`,החב. הדרומית לשיווק,,,יח`,1,,false,1,11.90,11.90,false,1,
7290000295299,false,סנו סושי כריות הפלא רביעיה,החב. הדרומית לשיווק,,,יח`,1,,false,12,11.90,11.90,false,1,
7290000295572,false,סנו 00 מנקה אסלות זוג 2*750 סמק,החב. הדרומית לשיווק,,,יח`,1.50,לליטר,false,1,16.90,11.27,false,1,
7290000300900,false,שניצל תירס טבע 750 גרם טבעול קפוא,קבוצת אסם סחר,,,יח`,7.50,ל-100 גרם,false,1,27.90,3.72,true,1,
7290000303581,false,פול מצרי 340 גרם,ויטה פרי גליל (החדשה) בע`מ,,,יח`,3.40,ל-100 גרם,false,1,7.90,2.32,true,1,
7290000303598,false,שעועית לבנה אפויה ברוטב עגבניות 570 גר,ויטה פרי גליל (החדשה) בע`מ,,,יח`,5.70,ל-100 גרם,false,1,7.90,1.39,true,1,
7290000303604,false,חומוס שלם מוכן לאכילה 560 גרם,ויטה פרי גליל (החדשה) בע`מ,,,יח`,5.50,ל-100 גרם,false,1,7.90,1.44,true,1,
7290000307015,false,פרי הגליל אפונת גינה גדולה 550 גרם,ויטה פרי גליל (החדשה) בע`מ,,,יח`,5.50,ל-100 גרם,false,1,7.90,1.44,true,1,
7290000307046,false,פרי גליל אפונה וגזר 550 גרם,ויטה פרי גליל (החדשה) בע`מ,,,יח`,5.50,ל-100 גרם,false,1,7.90,1.44,true,1,
7290000307237,false,גרעיני תירס מתוק 550 גרם,ויטה פרי גליל (החדשה) בע`מ,,,יח`,5.50,ל-100 גרם,false,1,7.90,1.44,true,1,
7290000307343,false,פרי גליל שעועית ירוקה חתוכה 550 גרם,ויטה פרי גליל (החדשה) בע`מ,,,יח`,5.50,ל-100 גרם,false,1,6.90,1.25,false,1,
7290000307985,false,גרעיני תירס ללא מלח וסוכר 325 גרם,ויטה פרי גליל (החדשה) בע`מ,,,יח`,3.25,ל-100 גרם,false,1,6.50,2,true,1,
7290000311203,false,וופל מן שוקו 200 גרם,מ.ד אטיאס סוכנויות מזון בע`מ,,,יח`,2,ל-100 גרם,false,1,4.90,2.45,false,1,
7290000311210,false,וופל מן לימון 200 גרם,מ.ד אטיאס סוכנויות מזון בע`מ,,,יח`,2,ל-100 גרם,false,1,4.90,2.45,false,1,
7290000311227,false,וופל קפה 200 גרם,מ.ד אטיאס סוכנויות מזון בע`מ,,,יח`,2,ל-100 גרם,false,1,4.90,2.45,false,1,
7290000311234,false,וופל מן בטעם וניל 200 גרם,מ.ד אטיאס סוכנויות מזון בע`מ,,,יח`,2,ל-100 גרם,false,1,4.90,2.45,false,1,
7290000311272,false,וופל במילוי חלבה 180 גרם,מ.ד אטיאס סוכנויות מזון בע`מ,,,יח`,1.80,ל-100 גרם,false,1,4.90,2.72,false,1,
7290000311357,false,וופל אגוזים 280 גרם,מ.ד אטיאס סוכנויות מזון בע`מ,,,יח`,2.80,ל-100 גרם,false,1,12.90,4.61,false,1,
7290000311500,false,וופלים מן שוקו ללא כולסטרול 500 גרם,מ.ד אטיאס סוכנויות מזון בע`מ,,,יח`,5,ל-100 גרם,false,1,10.90,2.18,false,1,
7290000313160,false,חברים עוגיות בצורת זהבה שוקו 250 גרם,קבוצת אסם סחר,,,יח`,2.50,ל-100 גרם,false,12,7.90,3.16,true,1,
7290000313184,false,חברים עוגיות גן חיות 250 גרם,קבוצת אסם סחר,,,יח`,2.50,ל-100 גרם,false,1,7.90,3.16,false,1,
7290000315126,false,קנור ציר עוף 300 גרם,יוניליוור ישראל שיווק בע`מ,,,יח`,3,ל-100 גרם,false,1,26.70,8.90,false,1,
7290000315140,false,קורנפלקס מלא בד`ץ 500 גרם,יוניליוור ישראל שיווק בע`מ,,,יח`,5,ל-100 גרם,false,1,18.10,3.62,false,1,
7290000318103,false,פסטרמה ברביקיו מעדניה,מעדני יחיעם ( 1993 ) בע`מ,,,"ק""ג",10,ל-100 גרם,true,1,69,6.90,true,1,
7290000318165,false,פסטרמה אמיתית צלויה על גחלים מעדניה,מעדני יחיעם ( 1993 ) בע`מ,,,"ק""ג",10,ל-100 גרם,true,1,69,6.90,true,1,
7290000318479,false,פרושוטו בקר 100 גרם,מעדני יחיעם ( 1993 ) בע`מ,,,יח`,1,ל-100 גרם,false,1,24.90,24.90,true,1,
7290000318707,false,נקניק סלמי מעושן 500 גרם,מעדני יחיעם ( 1993 ) בע`מ,,,יח`,5,ל-100 גרם,false,1,34.90,6.98,true,1,
7290000318851,false,נקניק סלמי קוניאק מעדניה,מעדני יחיעם ( 1993 ) בע`מ,,,"ק""ג",1,,true,1,79,79,true,1,
7290000318943,false,פסטרמה של פעם 200 גרם,מעדני יחיעם ( 1993 ) בע`מ,,,יח`,2,ל-100 גרם,false,1,24.90,12.45,false,1,
7290000319124,false,סלמי סרוולט 250 גרם,מעדני יחיעם ( 1993 ) בע`מ,,,יח`,2.50,ל-100 גרם,false,1,34.90,13.96,false,1,
7290000319728,false,נקניק איטלקי מפולפל מעדניה,מעדני יחיעם ( 1993 ) בע`מ,,,"ק""ג",10,ל-100 גרם,true,1,79,7.90,true,1,
7290000319803,false,קבנוס קלאסי 125 ג`,מעדני יחיעם ( 1993 ) בע`מ,,,יח`,1.25,ל-100 גרם,false,1,14.90,11.92,true,1,
7290000319834,false,קבנוס פפרוני קלאסי 125 ג`,מעדני יחיעם ( 1993 ) בע`מ,,,יח`,1.25,ל-100 גרם,false,1,14.90,11.92,true,1,
7290000327020,false,מארז שישיית פחיות פפסי,טמפו משקאות בע`מ,,,יח`,19.80,"ל-100 מ""ל",false,1,18.90,0.86,false,1,
7290000334745,false,אמריקן צ`יפס 1.5 ק`ג,קבוצת אסם סחר,,,יח`,15,ל-100 גרם,false,1,26.90,1.79,false,1,
7290000339191,false,רן אבקת הלבנה לכביסה 350 גרם,יוניליוור ישראל שיווק בע`מ,,,יח`,3.50,ל-100 גרם,false,1,21.90,6.26,false,1,
7290000339566,false,בדין מרכך כביסה ורוד 4 ליטר,יוניליוור ישראל שיווק בע`מ,,,יח`,40,"ל-100 מ""ל",false,1,19.90,0.50,false,1,
7290000342856,false,בדין מרכך כביסה כחול 4 ליטר,יוניליוור ישראל שיווק בע`מ,,,יח`,40,"ל-100 מ""ל",false,1,19.90,0.50,false,1,
7290000345055,false,תה עלים ארל גרי פחית 100 גרם,תה ויסוצקי בע`מ,,,יח`,1,,false,1,14.90,14.90,false,1,
7290000345116,false,תה עלים ירוק פחית 125 גרם,תה ויסוצקי בע`מ,,,יח`,1.25,ל-100 גרם,false,1,14.90,11.92,false,1,
7290000345208,false,תה רגיל קלאסי 25 שקיקים,תה ויסוצקי בע`מ,,,יח`,0.25,ל-100 גרם,false,1,6.90,27.60,false,1,
7290000345215,false,תה רגיל 1/ 100 שקיקים ויסוצקי,תה ויסוצקי בע`מ,,,יח`,1,,false,1,16.90,16.90,false,1,
7290000345284,false,תה רגיל 1.5/ 100 שקיקים ויסוצקי,תה ויסוצקי בע`מ,,,יח`,1.50,ל-100 גרם,false,1,16.90,11.27,false,1,
7290000345291,false,תה ארל גרי 1.5/ 25 שקיקים ויסוצקי,תה ויסוצקי בע`מ,,,יח`,0.3750,ל-100 גרם,false,1,15.90,42.40,false,1,
7290000345307,false,תה ארל גרי 1.5/ 50 שקיקים ויסוצקי,תה ויסוצקי בע`מ,,,יח`,0.75,ל-100 גרם,false,1,29.90,39.87,false,1,
7290000345536,false,תה נענע 1.5/ 25 שקיקים ויסוצקי,תה ויסוצקי בע`מ,,,יח`,0.3750,ל-100 גרם,false,1,17.90,47.73,false,1,
7290000346137,false,תה הגן הקסום הילולי פירות 3/ 25שק,תה ויסוצקי בע`מ,,,יח`,0.6250,ל-100 גרם,false,1,19.90,31.84,true,1,
7290000346144,false,תה הגן הקסום עינוגי התפוח 3/ 25שק,תה ויסוצקי בע`מ,,,יח`,0.75,ל-100 גרם,false,1,19.90,26.53,true,1,
7290000346168,false,תה הגן הקסום שומר 25 יח*1.5 גרם,תה ויסוצקי בע`מ,,,יח`,0.3750,ל-100 גרם,false,1,19.90,53.07,true,1,
7290000346199,false,תה הגן הקסום פירות יער 3/25 שקיקים,תה ויסוצקי בע`מ,,,יח`,0.6750,ל-100 גרם,false,1,19.90,29.48,true,1,
7290000346205,false,תה הגן הקסום קמומיל 1.5/ 25 שק.,תה ויסוצקי בע`מ,,,יח`,0.3750,ל-100 גרם,false,1,19.90,53.07,true,1,
7290000346960,false,תה ויסוצקי נענע 50 שק`75 גרם,תה ויסוצקי בע`מ,,,יח`,0.75,ל-100 גרם,false,1,29.90,39.87,false,1,
7290000347738,false,תה ירוק בתוספת עלי נענע 25 שקיקים,תה ויסוצקי בע`מ,,,יח`,0.3750,ל-100 גרם,false,1,22.90,61.07,true,1,
7290000347752,false,תה ירוק בתוספת לימונית ולואיזה 25 יח,תה ויסוצקי בע`מ,,,יח`,0.3750,ל-100 גרם,false,1,22.90,61.07,true,1,
7290000355757,false,עגבניות מרוסקות טריות טל 800 גרם,ויטה פרי גליל (החדשה) בע`מ,,,יח`,8,ל-100 גרם,false,12,7.90,0.99,true,1,
7290000363363,false,קבנוס מיוחד 160 גרם,תנובה מרכז שיתופי לשיווק תוצרת,,,יח`,1.60,ל-100 גרם,false,1,17.10,10.69,false,1,
7290000364261,false,סלסולי כתך בקר 120 גרם,תנובה מרכז שיתופי לשיווק תוצרת,,,יח`,1.20,ל-100 גרם,false,1,15.90,13.25,true,1,
7290000364278,false,סלסולי סלמי איטלקי משובח 120 גרם,תנובה מרכז שיתופי לשיווק תוצרת,,,יח`,1.20,ל-100 גרם,false,1,15.90,13.25,true,1,
7290000364285,false,סלסולי פסטרמה הודו 120 גרם,תנובה מרכז שיתופי לשיווק תוצרת,,,יח`,1.20,ל-100 גרם,false,1,15.90,13.25,true,1,
7290000364292,false,סלסולי הודו על גחלים דל שומן 120 גרם,תנובה מרכז שיתופי לשיווק תוצרת,,,יח`,1.20,ל-100 גרם,false,1,15.90,13.25,true,1,
7290000367590,false,צמד כפרי 2*400 גרם,תנובה מרכז שיתופי לשיווק תוצרת,,,יח`,8,ל-100 גרם,false,1,26.90,3.36,false,1,
7290000408354,false,דנונה בר פצפוצים 173 מל,שטראוס גרופ בע`מ,,,יח`,1.75,"ל-100 מ""ל",false,24,4.60,2.63,false,1,
7290000412481,false,מנקה אסלות 00 1 ליטר,החב. הדרומית לשיווק,,,יח`,10,"ל-100 מ""ל",false,12,7.90,0.79,false,1,
7290000416076,false,צמקאו לאכילה ציפוי ואפייה 400 גרם,השחר העולה בעמ,,,יח`,4,ל-100 גרם,false,1,14.90,3.73,false,1,
7290000419909,false,קפה שחור בטעם אספרסו 100 גרם,ש. שסטוביץ בע`מ,,,יח`,1,,false,1,7.90,7.90,false,1,
7290000420325,false,פופקורן למיקרוגל טבעי 5*100 גרם כשלפ,דנאגיס בעמ,,,יח`,5,ל-100 גרם,false,1,14.90,2.98,false,1,
7290000420332,false,פופקורן למיקרוגל חמאה 5*100 גרם,דנאגיס בעמ,,,יח`,5,ל-100 גרם,false,1,14.90,2.98,false,1,
7290000449128,false,פנטסטיק לניקוי כללי 4 ליטר,יוניליוור ישראל שיווק בע`מ,,,יח`,40,"ל-100 מ""ל",false,1,22.90,0.57,false,1,
7290000450209,false,טונה פוסידון בשמן 108 גרם,נטו מלינדה סחר בע`מ,,,יח`,1,ל-100 גרם,false,1,5.50,5.50,false,1,
7290000453019,false,שמרית שמרי בזק טריים שקית 50 גרם,שטראוס גרופ בע`מ,,,יח`,5,ל-100 גרם,false,1,4.50,0.90,false,1,
7290000453125,false,שמרית שמרי בזק+משפר אפייה 50 גרם,שטראוס גרופ בע`מ,,,יח`,5,ל-100 גרם,false,8,7.90,1.58,false,1,
7290000461625,false,בייגלה שמיניות מלוחות 400 גרם,יוניליוור ישראל שיווק בע`מ,,,יח`,4,ל-100 גרם,false,1,9.90,2.48,false,1,
7290000461656,false,בייגלה מקלות מלוחים 400 גרם,יוניליוור ישראל שיווק בע`מ,,,יח`,4,ל-100 גרם,false,1,9.90,2.48,false,1,
7290000461700,false,בייגלה שמיניות גדולות מלוחות 400 גרם,יוניליוור ישראל שיווק בע`מ,,,יח`,4,ל-100 גרם,false,1,13.90,3.48,false,1,
7290000461793,false,בייגלה ארוך ארוך מקלות מלוחים 150גרם,יוניליוור ישראל שיווק בע`מ,,,יח`,1.50,ל-100 גרם,false,1,6.40,4.27,false,1,
7290000462141,false,סחוג אדום חריף 150 גרם,שטראוס גרופ בע`מ,,,יח`,1.50,ל-100 גרם,false,24,8.90,5.93,false,1,
7290000462172,false,סחוג ירוק 150 גרם,שטראוס גרופ בע`מ,,,יח`,1.50,ל-100 גרם,false,24,8.90,5.93,false,1,
7290000474090,false,חלב בקרטון %1 1 ליטר,החברה המרכזית להפצה,,,יח`,10,"ל-100 מ""ל",false,1,5.86,0.59,false,1,
7290000474540,false,גבינת טוב טעם לאפייה 3% 250 גרם,החברה המרכזית להפצה,,,יח`,2.50,ל-100 גרם,false,1,11.90,4.76,false,1,
7290000480442,false,קוואקר ש.שועל שקית 500,שטראוס פריטו ליי בע`מ,,,יח`,5,ל-100 גרם,false,1,12.90,2.58,false,1,
7290000490625,false,מצופים שלגון מצופה בטעם שוקו שמיניה,פלקו בעמ חברה ישראלית,,,יח`,1,ל-100 גרם,false,1,22.90,22.90,false,1,
7290000493176,false,רוטב צלי 22 גרם שקית,קבוצת אסם סחר,,,יח`,0.22,ל-100 גרם,false,1,4.20,19.09,false,1,
7290000504025,false,סוכרזית קלאסי פטריה 300 טבליות,שטראוס גרופ בע`מ,,,יח`,2.46,ל-100 גרם,false,1,8.90,3.62,false,1,
7290000504049,false,סוכרזית קנקן 1200 טבליות,שטראוס גרופ בע`מ,,,יח`,9.84,ל-100 גרם,false,15,19.90,2.02,false,1,
7290000504209,false,"ממתיק נוזלי דיאטדיפ 220 מ""ל",שטראוס גרופ בע`מ,,,יח`,2.20,"ל-100 מ""ל",false,6,17.90,8.14,false,1,
7290000504278,false,סוכרזית פטנט 700 טבליות,שטראוס גרופ בע`מ,,,יח`,57.40,ל-100 גרם,false,15,14.90,0.26,false,1,
7290000518121,false,מתוק וקל אריזה 50 שקיות 50 גרם,מתוק וקל בע`מ,,,יח`,0.50,ל-100 גרם,false,1,7,14,false,1,
7290000518169,false,מתוק וקל 1000 טבליות 80 גרם,מתוק וקל בע`מ,,,יח`,10,ל-100 גרם,false,1,7.90,0.79,false,1,
7290000518176,false,מתוק וקל 250 שקיות 250 גרם,מתוק וקל בע`מ,,,יח`,2.50,ל-100 גרם,false,1,18.90,7.56,false,1,
7290000518251,false,מתוק וקל זהב 100 שקיות,מתוק וקל בע`מ,,,יח`,1,,false,1,12.90,12.90,false,1,
7290000521008,false,יין סגל אדום יבש 750 מל,טמפו משקאות בע`מ,,,יח`,7.50,"ל-100 מ""ל",false,1,21.90,2.88,true,1,
7290000521015,false,יין סגל לבן יבש 750 מל,טמפו משקאות בע`מ,,,יח`,7.50,"ל-100 מ""ל",false,1,21.90,2.88,true,1,
7290000521022,false,יין סגל לבן חצי יבש 750 מל,טמפו משקאות בע`מ,,,יח`,7.50,"ל-100 מ""ל",false,1,21.90,2.88,true,1,
7290000523514,false,מלח הארץ יבש מופחת נתרן 250 גרם,סוגת,,,יח`,2.50,ל-100 גרם,false,1,10.90,4.36,false,1,
7290000523521,false,מלח הארץ מועשר ביוד 250 גרם,סוגת,,,יח`,2.50,ל-100 גרם,false,1,5.90,2.36,false,1,
7290000523804,false,מלח הארץ עדין 1 קג,סוגת,,,יח`,10,ל-100 גרם,false,1,7.50,0.75,false,1,
7290000525969,false,פרימור מיץ תפוזים סחוט טרי 1 ליטר,שטראוס גרופ בע`מ,,,יח`,10,"ל-100 מ""ל",false,6,16.20,1.59,false,1,
7290000530086,false,נקניק סלמי מעושן 7000 600 גרם,נקניק זוגלובק נהריה,,,יח`,8,ל-100 גרם,false,1,29.90,3.74,false,1,
7290000530109,false,קבנוס בואקום זוג 2*180 גרם,נקניק זוגלובק נהריה,,,יח`,4,ל-100 גרם,false,1,29.90,7.48,false,1,
7290000530116,false,נקניק תה בשן 8000 470 גרם,נקניק זוגלובק נהריה,,,יח`,7,ל-100 גרם,false,1,27.80,3.97,false,1,
7290000530291,false,נקניק ובשר הודו קטן 750 גרם,נקניק זוגלובק נהריה,,,יח`,8,ל-100 גרם,false,1,21.30,2.66,false,1,
7290000530703,false,פסטרמה חרמון 400גר+תה מעושן 400גר,נקניק זוגלובק נהריה,,,יח`,8,ל-100 גרם,false,1,29.90,3.74,false,1,
7290000536743,false,שניצל קריספי סטיקס תירס טבע 500 גרם קפ,נקניק זוגלובק נהריה,,,יח`,5,ל-100 גרם,false,12,14.90,2.98,true,1,
7290000552194,false,קישקע טיבונוויל 500 גרם קפוא,נטו מלינדה סחר בע`מ,,,יח`,5,ל-100 גרם,false,1,12.90,2.58,false,1,
7290000554471,false,גבינה מוצרלה 22% טבעי 180 גרם,מחלבות גד בעמ`,,,יח`,1.80,ל-100 גרם,false,1,15.90,8.83,false,1,
7290000560540,false,אדג`פרו ג`ל לגילוח עור רגיש כתום220,דנאגיס בעמ,,,יח`,2,ל-100 גרם,false,1,17.90,8.95,false,1,
7290000561202,false,חמניה 200 גרם,בוטנת בעמ חברה לקלייה ואריזת פ,,,יח`,2,ל-100 גרם,false,1,5.90,2.95,true,1,
7290000561233,false,בוטן קלוי 200 גרם,בוטנת בעמ חברה לקלייה ואריזת פ,,,יח`,2,ל-100 גרם,false,1,7.90,3.95,true,1,
7290000561240,false,גרעין דלעת קלוי 200גר,בוטנת בעמ חברה לקלייה ואריזת פ,,,יח`,2,ל-100 גרם,false,1,9.60,4.80,false,1,
7290000561363,false,גרעין אבטיח קלוי 200גר,בוטנת בעמ חברה לקלייה ואריזת פ,,,יח`,2,ל-100 גרם,false,1,14.90,7.45,false,1,
7290000561462,false,בננה צ`יפס 200גר,בוטנת בעמ חברה לקלייה ואריזת פ,,,יח`,2,ל-100 גרם,false,1,8.90,4.45,false,1,
7290000561561,false,מנצ`יס 200 גרם,בוטנת בעמ חברה לקלייה ואריזת פ,,,יח`,2,ל-100 גרם,false,1,8.90,4.45,true,1,
7290000561578,false,בוטנים מצופים 200גר,בוטנת בעמ חברה לקלייה ואריזת פ,,,יח`,2,ל-100 גרם,false,1,5.90,2.95,false,1,
7290000561585,false,קבוקים 200גר,בוטנת בעמ חברה לקלייה ואריזת פ,,,יח`,2,ל-100 גרם,false,1,5.30,2.65,false,1,
7290000561714,false,צנובר 100גר,בוטנת בעמ חברה לקלייה ואריזת פ,,,יח`,1,ל-100 גרם,false,1,26.90,26.90,false,1,
7290000561981,false,אגוז מלך קלוף 200 גרם,בוטנת בעמ חברה לקלייה ואריזת פ,,,יח`,2,ל-100 גרם,false,1,14.90,7.45,false,1,
7290000571119,false,גבינה גאודה הולנדית מעדניה,מחלבות גד בעמ`,,,"ק""ג",10,ל-100 גרם,true,1,106,10.60,false,1,
7290000571294,false,גאודה מעושנת מעדניה,מחלבות גד בעמ`,,,"ק""ג",10,ל-100 גרם,true,1,100,10,false,1,
7290000571386,false,יוגרמה יוגורט מחלב כבשים 850 מל,מחלבות גד בעמ`,,,יח`,8.50,"ל-100 מ""ל",false,1,24.90,2.93,false,1,
7290000572529,false,חלבה עם פיסטוק בדצ 400 גרם,אחדות ביתחרושת לטחינה חלבה,,,יח`,4,ל-100 גרם,false,1,12.90,3.23,false,1,
7290000572536,false,חלבה וניל בד``צ 400 גרם,אחדות ביתחרושת לטחינה חלבה,,,יח`,4,ל-100 גרם,false,1,11.90,2.98,false,1,
7290000572543,false,חלבה שוקו וניל בדצ 400 גרם,אחדות ביתחרושת לטחינה חלבה,,,יח`,4,ל-100 גרם,false,1,11.90,2.98,false,1,
7290000599946,false,ספוג הפלא שייני,מ.א. יצור ויבוא מטליות בעמ`,,,יח`,1,,false,1,7.40,7.40,false,1,
7290000692227,false,פלמוליב צילינדר כלים קלאסי 1 ליטר,ש. שסטוביץ בע`מ,,,יח`,10,"ל-100 מ""ל",false,1,13.90,1.39,false,1,
7290001045169,false,פרימור מיץ תפוחים צלול 1 ליטר,שטראוס גרופ בע`מ,,,יח`,10,"ל-100 מ""ל",false,6,16.20,1.59,false,1,
7290001045220,false,פרימור סחוט תפוזים 2 ליטר,שטראוס גרופ בע`מ,,,יח`,20,"ל-100 מ""ל",false,4,24.50,1.23,false,1,
7290001045657,false,פרימור מיץ תפוחים צלול 400 מל,שטראוס גרופ בע`מ,,,יח`,4,"ל-100 מ""ל",false,8,8.20,1.98,false,1,
7290001045688,false,פרימור סחוט תפוזים 400 מל,שטראוס גרופ בע`מ,,,יח`,4,"ל-100 מ""ל",false,8,8.20,1.98,false,1,
7290001053140,false,קוד פילה בוואקום,בלדי בע`מ,,,"ק""ג",1,"ק""ג",true,1,49.90,49.90,false,1,
7290001121054,false,צמד חמד 700 גרם,מעדני יחיעם ( 1993 ) בע`מ,,,יח`,8.50,ל-100 גרם,false,1,25.90,3.05,true,1,
7290001121238,false,קורנד ביף 180גר,מעדני יחיעם ( 1993 ) בע`מ,,,יח`,1.80,ל-100 גרם,false,1,24.90,13.83,true,1,
7290001121979,false,סלמי הרץ 150גר,מעדני יחיעם ( 1993 ) בע`מ,,,יח`,1.50,ל-100 גרם,false,1,24.90,16.60,true,1,
7290001123775,false,שווארמה אמיתית פרגיות 500 גרם קפוא,נטו מלינדה סחר בע`מ,,,יח`,5,ל-100 גרם,false,12,24.90,4.98,false,1,
7290001123782,false,שווארמה אמיתית הודו 500 גרם קפוא,נטו מלינדה סחר בע`מ,,,יח`,5,ל-100 גרם,false,12,27.80,5.56,false,1,
7290001216040,false,טחינה גולמית 500 גרם,סוגת,,,יח`,1,יח`,false,1,15.90,15.90,false,1,
7290001216057,false,"טחינה גולמית 1 ק""ג",סוגת,,,יח`,1,יח`,false,1,30.90,30.90,false,1,
7290001216231,false,טחינה גולמית שומשום מלא 500 גרם,סוגת,,,יח`,1,,false,1,16.90,16.90,false,1,
7290001327791,false,גלידה קרמיסימו וניל עוגיות 1.33 ליטר,שטראוס גלידות,,,יח`,13.30,"ל-100 מ""ל",false,1,19.90,1.50,false,1,
7290001345771,false,פילה מושט קפוא,ג.ת שווק בן בקר בע`מ,,,"ק""ג",1,ל-100 גרם,true,1,24.90,24.90,false,1,
7290001419618,false,וופל בלגי שוקולד 200 גר,מ.ד אטיאס סוכנויות מזון בע`מ,,,יח`,2,ל-100 גרם,false,1,3.90,1.95,true,1,
7290001419793,false,גביעי גלידה 12 יח`מגולגל,מ.ד אטיאס סוכנויות מזון בע`מ,,,יח`,12,ל-100 גרם,false,1,10.90,0.91,false,1,
7290001436059,false,אוסובוקו עם עצם פרוס ארוז,בלדי בע`מ,,,"ק""ג",1,"ק""ג",true,1,49.90,49.90,false,1,
7290001482094,false,פרמג`נו 200 גרם,ג. וילי-פוד אינטרנשיונל בע`מ,,,יח`,2,ל-100 גרם,false,1,19.90,9.95,false,1,
7290001532195,false,מקרל מעושן בואקום שקיל,ירין חזון שיווק ומזון,,,"ק""ג",2,ל-100 גרם,true,1,69.90,34.95,false,1,
7290001548011,false,סלט טחינה ירוקה מונטה קרלו 250 גרם,ירין חזון שיווק ומזון,,,יח`,2.50,ל-100 גרם,false,1,9.90,3.96,false,1,
7290001548042,false,סלט ביצים מונטה קרלו 250 גרם,ירין חזון שיווק ומזון,,,יח`,2.50,ל-100 גרם,false,1,16.90,6.76,false,1,
7290001548110,false,סלט חצילים סלוניקי 250 גרם,ירין חזון שיווק ומזון,,,יח`,2.50,ל-100 גרם,false,1,14.90,5.96,false,1,
7290001548202,false,סלט סלק מונטה קרלו 250 גרם,ירין חזון שיווק ומזון,,,יח`,2.50,ל-100 גרם,false,1,11.90,4.76,false,1,
7290001548233,false,סלט חצילים מחנה יהודה 250 גרם,ירין חזון שיווק ומזון,,,יח`,2.50,ל-100 גרם,false,1,14.90,5.96,false,1,
7290001548349,false,"סלט תפו""א במיונז בייתי 250 גרם",ירין חזון שיווק ומזון,,,יח`,2.50,ל-100 גרם,false,1,11.90,4.76,false,1,
7290001548356,false,סלט חצילים במיונז בייתי 250 גרם,ירין חזון שיווק ומזון,,,יח`,2.50,ל-100 גרם,false,1,14.90,5.96,false,1,
7290001548400,false,חומוס זהב מונטה קרלו 250 גרם,ירין חזון שיווק ומזון,,,יח`,2.50,ל-100 גרם,false,1,9.90,3.96,false,1,
7290001548783,false,סלט פלפלים אש טוניסאי מונטה קרלו 250ג,ירין חזון שיווק ומזון,,,יח`,2.50,ל-100 גרם,false,1,17.90,7.16,false,1,
7290001548875,false,חמוצים יפנים 450 גרם,ירין חזון שיווק ומזון,,,יח`,4.50,ל-100 גרם,false,1,19.90,4.42,false,1,
7290001567708,false,נקניקיות וינר 400 גר`ללא ח`מ,מעדני יחיעם ( 1993 ) בע`מ,,,יח`,4,ל-100 גרם,false,1,14.90,3.73,false,1,
7290001567760,false,פסטרמה של פעם 300 גרם לח`מ,מעדני יחיעם ( 1993 ) בע`מ,,,יח`,3,ל-100 גרם,false,1,29.90,9.97,true,1,
7290001567791,false,פסטרמה רומנית 250 גרם לח`מ,מעדני יחיעם ( 1993 ) בע`מ,,,יח`,2.50,ל-100 גרם,false,1,29.90,11.96,true,1,
7290001567814,false,סלמי מעושן בסגנון איטלקי 300 גרם,מעדני יחיעם ( 1993 ) בע`מ,,,יח`,3,ל-100 גרם,false,1,19.90,6.63,true,1,
7290001581568,false,ראש טלה מפורק ארוז,באסם דבאח בעמ,,,יח`,1,יח`,false,1,59.90,59.90,false,1,
7290001641439,false,עצמות מח מוכשר,נטו מלינדה סחר בע`מ,,,"ק""ג",0,"ק""ג",true,1,34.90,34.90,false,1,
7290001670064,false,סכינים חד פעמיים 100 יח,הנמל אריזות ושיווק 1984 בע`מ,,,יח`,1,,false,30,12.90,12.90,true,1,
7290001670071,false,כפות חד פעמיות 100 יח,הנמל אריזות ושיווק 1984 בע`מ,,,יח`,1,,false,30,12.90,12.90,true,1,
7290001670385,false,מפיות ארועים חד שכבתי 100 יחידות,הנמל אריזות ושיווק 1984 בע`מ,,,יח`,1,,false,1,5.90,5.90,false,1,
7290001670873,false,צלחות לבנות עבות במיוחד 66 יח`,הנמל אריזות ושיווק 1984 בע`מ,,,יח`,1,יח`,false,10,39.90,39.90,false,1,
7290001696620,false,מיקס 350 גרם,בוטנת בעמ חברה לקלייה ואריזת פ,,,יח`,3.50,ל-100 גרם,false,1,11.90,3.40,false,1,
7290001696729,false,פקאן טבעי 100 גרם,בוטנת בעמ חברה לקלייה ואריזת פ,,,יח`,1,,false,1,16.90,16.90,false,1,
7290001696736,false,פקאן סיני 100 גרם,בוטנת בעמ חברה לקלייה ואריזת פ,,,יח`,1,,false,1,18.90,18.90,true,1,
7290001696989,false,גרעינים שחורים ללא מלח,בוטנת בעמ חברה לקלייה ואריזת פ,,,יח`,2,ל-100 גרם,false,1,7.40,3.70,false,1,
7290001713242,false,שקיות אשפה 25 יח 75*90 עם ידית,קומפלקס כימקלים בעמ`,,,יח`,1,,false,1,11.90,11.90,true,1,
7290001713860,false,מרכך כביסה בניחוח מלון ספא 1 ליטר,קומפלקס כימקלים בעמ`,,,יח`,10,"ל-100 מ""ל",false,1,11.90,1.19,true,1,
7290001780428,false,שלגוני שוקולד לייט 6*50 גרם,נגה גלידות שותפות מוגבלת,,,יח`,0.50,ל-100 גרם,false,1,27.90,55.80,false,1,
7290001791349,false,פיסגה אקונומיקה ריחנית 4 ליטר,החב. הדרומית לשיווק,,,יח`,4,לליטר,false,6,11.90,2.98,false,1,
7290001813454,false,עוגיות חיוכים של שוקו 6 יח`900 גרם,שטראוס גרופ בע`מ,,,יח`,9,ל-100 גרם,false,6,21.90,2.43,true,1,
7290001817728,false,צ`יטוס כאפה בטעם קטשופ 55 גרם,שטראוס פריטו ליי בע`מ,,,יח`,0.55,ל-100 גרם,false,1,3.90,7.09,false,1,
7290001946121,false,פפריקה מתוקה 400 גרם,דין שיווק וקליה 2021 בעמ,,,יח`,4,ל-100 גרם,false,1,19.90,4.98,false,1,
7290001990094,false,"סוכר חום 1 ק""ג בצנצנת",סוגת,,,יח`,10,ל-100 גרם,false,1,14.90,1.49,false,1,
7290001990117,false,שומשום 100 גרם,סוגת,,,יח`,1,ל-100 גרם,false,1,3.90,3.90,false,1,
7290001990148,false,סוכר חום גולדן קלאסי 1 קג צנצנת,סוגת,,,יח`,10,ל-100 גרם,false,1,12.90,1.29,false,1,
7290001990377,false,שעועית בובס 500 גר`,סוגת,,,יח`,5,ל-100 גרם,false,1,11.90,2.38,false,1,
7290001990407,false,עדשים ירוקים 1 ק*ג,סוגת,,,יח`,10,ל-100 גרם,false,1,13.90,1.39,false,1,
7290001990414,false,עדשים אדומים 1 ק*ג,סוגת,,,יח`,10,ל-100 גרם,false,1,12.90,1.29,false,1,
7290001990421,false,פופקורן 1 ק*ג,סוגת,,,יח`,10,ל-100 גרם,false,1,9.90,0.99,false,1,
7290002000136,false,מגע המשי למיקרו דבש 500 גרם,דנאגיס בעמ,,,יח`,5,ל-100 גרם,false,1,19.90,3.98,false,1,
7290002000143,false,קרם ידיים פנג`ל 80 גרם,דנאגיס בעמ,,,יח`,0.80,ל-100 גרם,false,1,7.90,9.88,false,1,
7290002007234,false,אבקת סוכר 100 גרם,הנמל אריזות ושיווק 1984 בע`מ,,,יח`,1,ל-100 גרם,false,24,1.90,1.90,true,1,
7290002007357,false,שקיות לצליה דליקטס מיקרוגל 10 יח,הנמל אריזות ושיווק 1984 בע`מ,,,יח`,1,,false,40,5.90,5.90,true,1,
7290002007371,false,פירורית לחם 500 גרם,הנמל אריזות ושיווק 1984 בע`מ,,,יח`,5,ל-100 גרם,false,24,6.90,1.38,false,1,
7290002007487,false,צמר פלדה CAPRI,הנמל אריזות ושיווק 1984 בע`מ,,,יח`,1,,false,50,4.90,4.90,false,1,
7290002007500,false,קיסמי שיניים במבוק 500 יחידות,הנמל אריזות ושיווק 1984 בע`מ,,,יח`,0,ל-100 גרם,false,30,4.90,4.90,false,1,
7290002007852,false,תמצית אפייה בטעמים שונים 55 מ``ל,הנמל אריזות ושיווק 1984 בע`מ,,,יח`,0.55,"ל-100 מ""ל",false,24,2.90,5.27,false,1,
7290002007890,false,כוסות חד פעמיות מפלסטיק 100 יח`,הנמל אריזות ושיווק 1984 בע`מ,,,יח`,1,,false,1,9.90,9.90,false,1,
7290002007982,false,מזלגות חד פעמי 100 יח,הנמל אריזות ושיווק 1984 בע`מ,,,יח`,1,,false,1,12.90,12.90,true,1,
7290002008040,false,שיפודי עץ 30 ס`מ,הנמל אריזות ושיווק 1984 בע`מ,,,יח`,1,,false,25,3.90,3.90,false,1,
7290002008309,false,עטרות לעוגה מס*4,הנמל אריזות ושיווק 1984 בע`מ,,,יח`,1,,false,15,6.90,6.90,false,1,
7290002008354,false,מפת ניילון שמינייה,הנמל אריזות ושיווק 1984 בע`מ,,,יח`,1,,false,50,9.90,9.90,true,1,
7290002008507,false,נייר אפיה 50 דפים,הנמל אריזות ושיווק 1984 בע`מ,,,יח`,1,,false,24,9.90,9.90,true,1,
7290002008668,false,צימרונים קלירי 200 יחידות כוס עגולה,הנמל אריזות ושיווק 1984 בע`מ,,,יח`,1,ל-100 גרם,false,1,4.90,4.90,false,1,
7290002008743,false,סוכר וניל 10*10 גרם,הנמל אריזות ושיווק 1984 בע`מ,,,יח`,1,ל-100 גרם,false,50,1.90,1.90,true,1,
7290002008750,false,אבקת אפיה 10 שקיות,הנמל אריזות ושיווק 1984 בע`מ,,,יח`,1,ל-100 גרם,false,50,1.90,1.90,true,1,
7290002008774,false,שומשום 200 גרם,הנמל אריזות ושיווק 1984 בע`מ,,,יח`,2,ל-100 גרם,false,24,5.90,2.95,false,1,
7290002040019,false,קוסקוס רגיל להכנה מהירה 350 גרם,הנמל אריזות ושיווק 1984 בע`מ,,,יח`,3.50,ל-100 גרם,false,24,6.90,1.97,false,1,
7290002040088,false,קוסקוס מלא 350 גרם,הנמל אריזות ושיווק 1984 בע`מ,,,יח`,3.50,ל-100 גרם,false,24,6.90,1.97,false,1,
7290002075035,false,אובלטים מלוחים דקיקים בשקיות 500 גרם,מ.ד אטיאס סוכנויות מזון בע`מ,,,יח`,5,ל-100 גרם,false,1,17.90,3.58,false,1,
7290002077725,false,סלומון מעושן מצונן 100 גר`,נטו מלינדה סחר בע`מ,,,יח`,1,ל-100 גרם,false,10,18.90,18.90,false,1,
7290002103103,false,בוקסר לגבר,הום פרפקט ק.ד.מ בעמ,,,יח`,1,,false,1,14.90,14.90,true,1,
7290002107071,false,גבינת פטה עיזים מעודנת טבעי 200 גרם,החברה המרכזית להפצה,,,יח`,2,ל-100 גרם,false,1,26.90,13.45,false,1,
7290002107491,false,גבינת עיזים למריחה %5 250 גרם,החברה המרכזית להפצה,,,יח`,2.50,ל-100 גרם,false,1,15.90,6.36,true,1,
7290002109372,false,בורקס פילו אצבעות בולגרית 700 גר`קפוא,נטו מלינדה סחר בע`מ,,,יח`,7,ל-100 גרם,false,12,19.90,2.84,false,1,
7290002130567,false,דבש יד מרדכי מפרחי בר 350 גרם,שטראוס גרופ בע`מ,,,יח`,3.50,ל-100 גרם,false,12,17.90,5.11,false,1,
7290002130574,false,דבש דבורים טהור מפרחי בר 500 גרם,שטראוס גרופ בע`מ,,,יח`,5,ל-100 גרם,false,12,24.90,4.98,false,1,
7290002157748,false,עצמות מח מוכשר,נטו מלינדה סחר בע`מ,,,"ק""ג",0,"ק""ג",true,1,34.90,34.90,false,1,
7290002157953,false,טונה קנולה 140 גר`מארז רביעייה ויליגר,נטו מלינדה סחר בע`מ,,,יח`,1.40,ל-100 גרם,false,12,19.90,14.21,false,1,
7290002239185,false,אפונת גינה מוקפאת 800 גרם,ויטה פרי גליל (החדשה) בע`מ,,,יח`,8,ל-100 גרם,false,20,10.90,1.36,false,1,
7290002239215,false,אפונה וגזר מוקפאים 800 גרם,ויטה פרי גליל (החדשה) בע`מ,,,יח`,5,ל-100 גרם,false,20,10.90,2.18,false,1,
7290002239277,false,גזר גמדי מוקפא 800 גרם,ויטה פרי גליל (החדשה) בע`מ,,,יח`,8,ל-100 גרם,false,20,9.90,1.24,false,1,
7290002239307,false,שעועית צהובה חתוכה 800 גרם,ויטה פרי גליל (החדשה) בע`מ,,,יח`,8,ל-100 גרם,false,20,10.90,1.36,false,1,
7290002239338,false,שעועית ירוקה חתוכה 800 גרם,ויטה פרי גליל (החדשה) בע`מ,,,יח`,8,ל-100 גרם,false,20,10.90,1.36,false,1,
7290002239369,false,שעועית ירוקה שלמה 800 גרם,ויטה פרי גליל (החדשה) בע`מ,,,יח`,8,ל-100 גרם,false,16,10.90,1.36,false,1,
7290002239420,false,תירס גרעינים קפואים 800 גרם,ויטה פרי גליל (החדשה) בע`מ,,,יח`,8,ל-100 גרם,false,20,10.90,1.36,false,1,
7290002253006,false,שום טרי כתוש צנצנת דורות 200 גרם,קבוצת אסם סחר,,,יח`,2,ל-100 גרם,false,1,16.90,8.45,false,1,
7290002253105,false,שום במגשית 20 שיניים כתושות קפוא 80,קבוצת אסם סחר,,,יח`,0.80,ל-100 גרם,false,1,12.90,16.13,false,1,
7290002253150,false,בזיליקום טרי קצוץ קפוא 70 גרם,קבוצת אסם סחר,,,יח`,0.70,ל-100 גרם,false,1,10.90,15.57,false,1,
7290002253167,false,פטרוזיליה טרייה קצוצה מוקפאת 70 גרם,קבוצת אסם סחר,,,יח`,0.70,ל-100 גרם,false,1,10.90,15.57,false,1,
7290002253181,false,כוסברה טרייה קצוצה 20 קוביות 70 גרם קפוא,קבוצת אסם סחר,,,יח`,0.70,ל-100 גרם,false,1,10.90,15.57,false,1,
7290002253259,false,דורות רוטב עגבניות בזיליקום 160 גרם,קבוצת אסם סחר,,,יח`,1.60,ל-100 גרם,false,1,12.90,8.06,false,1,
7290002259640,false,רדיד אלומיניום 13 מיקרון 7.6*0.30,גורי ע.ע.ע. בע`מ,,,יח`,0,יח`,false,24,11.90,11.90,false,1,
7290002291046,false,המבורגר מסעדות 440 גרם,בלדי בע`מ,,,יח`,4.80,ל-100 גרם,false,12,27.90,5.81,true,1,
7290002327059,false,בצק עלים מרודד 1 ק``ג קפוא,נטו מלינדה סחר בע`מ,,,יח`,10,ל-100 גרם,false,12,17.90,1.79,true,1,
7290002327073,false,בורקס גבינה 800 גרם קפוא,נטו מלינדה סחר בע`מ,,,יח`,8,ל-100 גרם,false,1,19.90,2.49,true,1,
7290002331360,false,נביעות מים מינרלים שישיה 0.5 ליטר,החברה המרכזית להפצת משקאות בע`,,,יח`,30,"ל-100 מ""ל",false,4,14.90,0.44,false,1,
7290002331421,false,נביעות מים מינרלים ספורט 6*755 מל,החברה המרכזית להפצת משקאות בע`,,,יח`,45.30,"ל-100 מ""ל",false,4,16.90,0.33,false,1,
7290002331483,false,נביעות מים מינרלים שישיה בייבי 330 מ`ל,החברה המרכזית להפצת משקאות בע`,,,יח`,32,"ל-100 מ""ל",false,4,14.60,0.40,false,1,
7290002345282,false,נתחי סלמון דלידג קפוא,נטו מלינדה סחר בע`מ,,,"ק""ג",1,ל-100 גרם,true,1,89.90,89.90,false,1,
7290002353836,false,סרדינים בשמן זית 120 גרם,א.סיימן סחר בעמ,,,יח`,1.20,ל-100 גרם,false,1,7.90,6.58,true,1,
7290002360285,false,תה חליטת קמומיל 20 שק *1.5גרם,ש. שסטוביץ בע`מ,,,יח`,0.30,ל-100 גרם,false,1,15.90,53,true,1,
7290002371496,false,פרוסות שווארמה קצבים 120 גרם טירת צבי,תנובה מרכז שיתופי לשיווק תוצרת,,,יח`,1.20,ל-100 גרם,false,1,24.90,20.75,false,1,
7290002371526,false,סלסולי פסטרמה שום וצ`ילי 120 גרם,תנובה מרכז שיתופי לשיווק תוצרת,,,יח`,1.20,ל-100 גרם,false,1,16,13.33,true,1,
7290002371533,false,סלסולי פסטרמה דבש 120 גר`,תנובה מרכז שיתופי לשיווק תוצרת,,,יח`,1.20,ל-100 גרם,false,1,15.90,13.25,true,1,
7290002371540,false,קורנדביף 120 גרם,תנובה מרכז שיתופי לשיווק תוצרת,,,יח`,1.20,ל-100 גרם,false,1,16,13.33,true,1,
7290002371748,false,צלעות אסאדו 120 גרם טירת צבי,תנובה מרכז שיתופי לשיווק תוצרת,,,יח`,1.20,ל-100 גרם,false,1,28.90,24.08,false,1,
7290002371939,false,סרוולד צרפתי 120 גרם,תנובה מרכז שיתופי לשיווק תוצרת,,,יח`,1.20,ל-100 גרם,false,1,24.90,20.75,false,1,
7290002409014,false,ג`חנון אפוי מוכן להגשה 600 גרם קפוא,ציפור השרון יהוד 1990 בעמ,,,יח`,6,ל-100 גרם,false,1,16.90,2.82,false,1,
7290002409038,false,בורקס גבינה 800 גרם ציפור השרון,ציפור השרון יהוד 1990 בעמ,,,יח`,8,ל-100 גרם,false,1,17.90,2.24,false,1,
7290002409045,false,בורקס תפו``א 800 גרם ציפור השרון,ציפור השרון יהוד 1990 בעמ,,,יח`,8,ל-100 גרם,false,1,16.90,2.11,false,1,
7290002409175,false,בצק עלים צרפתי 1 ק``ג קפוא,ציפור השרון יהוד 1990 בעמ,,,יח`,10,ל-100 גרם,false,1,14.90,1.49,false,1,
7290002409304,false,נקניקיות עטופות 600 גרם קפוא,ציפור השרון יהוד 1990 בעמ,,,יח`,6,ל-100 גרם,false,1,19.90,3.32,false,1,
7290002517276,false,פלפל אנגלי שלם,תבליני טעם וריח,,,יח`,1,,false,1,5.90,5.90,false,1,
7290002517283,false,פלפל שחור גרוס,תבליני טעם וריח,,,יח`,1,,false,1,7.90,7.90,false,1,
7290002517375,false,בזיליקום עלים שקית,תבליני טעם וריח,,,יח`,1,,false,1,5.90,5.90,false,1,
7290002517733,false,קצח,תבליני טעם וריח,,,יח`,1,,false,1,5.90,5.90,false,1,
7290002517801,false,צ`לי כתוש חריף,תבליני טעם וריח,,,יח`,1,,false,1,6.90,6.90,false,1,
7290002628194,false,שריר מס `8הזרוע קפוא חלק,בלדי בע`מ,,,"ק""ג",1,,true,1,29.90,29.90,true,1,
7290002628293,false,טחון עוף קפוא 500 גרם,בלדי בע`מ,,,יח`,5,ל-100 גרם,false,12,9.90,1.98,false,1,
7290002657408,false,טונה פוסידון בשמן 960 גר`,נטו מלינדה סחר בע`מ,,,יח`,9.60,ל-100 גרם,false,1,32,3.33,false,1,
7290002692393,false,שמן קנולה מזוכך מועשר 1 ליטר,סוגת,,,יח`,1,,false,1,16.90,16.90,false,1,
7290002715504,false,מג`יק ארוחת נודלס בטעם עוף 70 גרם,נטו מלינדה סחר בע`מ,,,יח`,7,ל-100 גרם,false,12,4.90,0.70,false,1,
7290002730262,false,פלמוליב נוזלי כלים קלאסי 750 מל,ש. שסטוביץ בע`מ,,,יח`,7.50,"ל-100 מ""ל",false,1,11.90,1.59,true,1,
7290002730521,false,מקלות אוזניים בלונס 200 יח`,ש. שסטוביץ בע`מ,,,יח`,0,ל-100 גרם,false,1,5.90,5.90,false,1,
7290002730941,false,צמר גפן בלונס פרוס 100 גרם,ש. שסטוביץ בע`מ,,,יח`,1,ל-100 גרם,false,1,5.90,5.90,false,1,
7290002730958,false,פלמוליב סבון מוצק ירוק 4*125 גרם,ש. שסטוביץ בע`מ,,,יח`,4,ל-100 גרם,false,1,16.90,4.23,false,1,
7290002757139,false,מלוואח 700 גר`קפוא,נטו מלינדה סחר בע`מ,,,יח`,7,ל-100 גרם,false,12,16.90,2.41,false,1,
7290002757146,false,קובה למרק 1 ק`ג חמוסטה קפוא,נטו מלינדה סחר בע`מ,,,יח`,10,ל-100 גרם,false,8,17.90,1.79,false,1,
7290002757511,false,קציצות דג לבישול 750 גר`קפוא,נטו מלינדה סחר בע`מ,,,יח`,7.50,ל-100 גרם,false,8,29.90,3.99,false,1,
7290002757528,false,בורקס פילו-תפו`א 700 גר`קפוא,נטו מלינדה סחר בע`מ,,,יח`,7,ל-100 גרם,false,12,19.90,2.84,false,1,
7290002757757,false,מלוואח 700 גרם,נטו מלינדה סחר בע`מ,,,יח`,7,ל-100 גרם,false,1,13.90,1.99,true,1,
7290002787891,false,מקלות בורקס פילו תרד,נטו מלינדה סחר בע`מ,,,יח`,6.50,ל-100 גרם,false,10,19.90,3.06,false,1,
7290002805151,false,פנטסטיק שמפו לרצפות 4 ליטר,יוניליוור ישראל שיווק בע`מ,,,יח`,4,לליטר,false,1,19.90,4.98,false,1,
7290002814016,false,"מסיר שומנים סנטמוריץ מתז 750 מ""ל",קומפלקס כימקלים בעמ`,,,יח`,7.50,"ל-100 מ""ל",false,1,12.90,1.72,false,1,
7290002814481,false,שקיות מזון 150*3,קומפלקס כימקלים בעמ`,,,יח`,1,יח`,false,1,11.90,11.90,true,1,
7290002814948,false,מגבוני דלי לרצפה 50 יח סנט מוריץ,קומפלקס כימקלים בעמ`,,,יח`,1,יח`,false,1,29.90,29.90,true,1,
7290002824466,false,דנונה קל טבעי %0 200 גרם,שטראוס גרופ בע`מ,,,יח`,2,"ל-100 מ""ל",false,24,3.70,1.85,false,1,
7290002824640,false,גבינת סקי %5 250 גרם,שטראוס גרופ בע`מ,,,יח`,2.50,ל-100 גרם,false,12,4.98,1.99,false,1,
7290002830948,false,גבינה מון בלאן עזים 120 גר`,נטו מלינדה סחר בע`מ,,,יח`,1.20,ל-100 גרם,false,1,12.90,10.75,true,1,
7290002868996,false,קוטג` טרה 5% מועשר 250 גרם,החברה המרכזית להפצה,,,יח`,2.50,ל-100 גרם,false,1,5.50,2.20,false,1,
7290002881216,false,רסק תפ`ע 720 גר`דיאט,תומר ייבוא ושיווק מוצרי מזון [,,,יח`,7.20,ל-100 גרם,false,12,11.90,1.65,false,1,
7290002881742,false,לבבות דקל פרוסות 400 גרם,תומר ייבוא ושיווק מוצרי מזון [,,,יח`,4,ל-100 גרם,false,1,7.90,1.98,false,1,
7290002881940,false,סרדין מרוקאי בשמן,תומר ייבוא ושיווק מוצרי מזון [,,,יח`,1.25,ל-100 גרם,false,25,4.90,3.92,false,1,
7290002881957,false,סרדין מרוקאי חריף,תומר ייבוא ושיווק מוצרי מזון [,,,יח`,1.25,ל-100 גרם,false,25,4.90,3.92,false,1,
7290002881964,false,סרדין מרוקאי ברוטב עגבניות,תומר ייבוא ושיווק מוצרי מזון [,,,יח`,1.25,ל-100 גרם,false,25,4.90,3.92,false,1,
7290002881988,false,סרדין מרוקאי בשמן ולימון,תומר ייבוא ושיווק מוצרי מזון [,,,יח`,1.25,ל-100 גרם,false,25,4.90,3.92,false,1,
7290002921349,false,סופר גלו 3 זוגי,יעקב יעקבי ובניו בע`מ,,,יח`,1,,false,1,14.90,14.90,false,1,
7290003015641,false,ריצפז פרש בניחוח יסמין 2 ליטר,החב. הדרומית לשיווק,,,יח`,20,"ל-100 מ""ל",false,8,17.90,0.90,true,1,
7290003026036,false,קמיל בלו אל סבון נוזלי מועשר 1ל,"פישר תעשיות פרמצבטיות בע""מ",,,יח`,10,"ל-100 מ""ל",false,1,29.90,2.99,false,1,
7290003026319,false,משחה היפואלרגנית לתינוק קמיל בלו,"פישר תעשיות פרמצבטיות בע""מ",,,יח`,1,יח`,false,1,19.90,19.90,false,1,
7290003029181,false,.שוקו יטבתה 1 ל`2% בקבוק,שטראוס גרופ בע`מ,,,יח`,10,"ל-100 מ""ל",false,12,11.90,1.19,false,1,
7290003029372,false,יטבתה משקה בטעם בננה %3 בקבוק 1 ליטר,שטראוס גרופ בע`מ,,,יח`,10,"ל-100 מ""ל",false,6,11.90,1.19,false,1,
7290003029389,false,יטבתה משקה בטעם בננה %3 בקבוק 250 מ`,שטראוס גרופ בע`מ,,,יח`,2.50,"ל-100 מ""ל",false,9,5.70,2.28,false,1,
7290003029433,false,שוקו יטבתה %2 טרי בבקבוק 250 מ``ל,שטראוס גרופ בע`מ,,,יח`,2.50,"ל-100 מ""ל",false,12,5.50,2.20,false,1,
7290003029532,false,מוקה יטבתה %2 בקבוק 1 ליטר,שטראוס גרופ בע`מ,,,יח`,10,"ל-100 מ""ל",false,6,11.90,1.19,false,1,
7290003029792,false,שוקו יטבתה בשקית*225גר*8,שטראוס גרופ בע`מ,,,יח`,2.25,ל-100 גרם,false,8,18.90,8.40,false,1,
7290003029815,false,חלב שתיה 3% בכד 2 ליטר מהדרין,שטראוס גרופ בע`מ,,,יח`,20,"ל-100 מ""ל",false,6,14.90,0.75,false,1,
7290003029907,false,קפה יטבתה טרי בקבוק 1 ליטר,שטראוס גרופ בע`מ,,,יח`,10,"ל-100 מ""ל",false,6,11.90,1.19,false,1,
7290003054657,false,חרדל דיזון 370 גרם,דיפלומט מפיצים (1968) בע`מ,,,יח`,3.70,ל-100 גרם,false,12,11.90,3.22,false,1,
7290003069682,false,בצק פילאס 500 גר`קפוא,נטו מלינדה סחר בע`מ,,,יח`,5,ל-100 גרם,false,1,19.90,3.98,false,1,
7290003072996,false,נקנקיות כמהין ושמפניון 320 גרם,תנובה מרכז שיתופי לשיווק תוצרת,,,יח`,3.20,ל-100 גרם,false,1,25.90,8.09,false,1,
7290003126712,false,יוגורט עיזים 4% 150 מל,החברה המרכזית להפצה,,,יח`,1.40,"ל-100 מ""ל",false,1,6.90,4.93,false,1,
7290003229109,false,פסטרמה הודו בפפריקה 400 גרם,תנובה מרכז שיתופי לשיווק תוצרת,,,יח`,4,ל-100 גרם,false,1,26.90,6.73,true,1,
7290003229116,false,פסטרמה הודו בדבש 400 גרם,תנובה מרכז שיתופי לשיווק תוצרת,,,יח`,4,ל-100 גרם,false,1,26.90,6.73,true,1,
7290003229123,false,פסטרמה על גחלים 400 גרם,תנובה מרכז שיתופי לשיווק תוצרת,,,יח`,4,ל-100 גרם,false,1,26.90,6.73,true,1,
7290003229154,false,סלמי קוניאק מובחר 300 גרם,תנובה מרכז שיתופי לשיווק תוצרת,,,יח`,3,ל-100 גרם,false,1,26.90,8.97,true,1,
7290003229192,false,כתף בקר מעושן 400 גרם,תנובה מרכז שיתופי לשיווק תוצרת,,,יח`,4,ל-100 גרם,false,1,26.90,6.73,true,1,
7290003229208,false,פסטרמה ספרדית 2% 360 גרם,תנובה מרכז שיתופי לשיווק תוצרת,,,יח`,3.60,ל-100 גרם,false,1,26.90,7.47,true,1,
7290003229215,false,פסטרמה איטלקית 360 גרם,תנובה מרכז שיתופי לשיווק תוצרת,,,יח`,3.60,ל-100 גרם,false,1,26.90,7.47,true,1,
7290003229222,false,סלמי תה משובח 300 גרם,תנובה מרכז שיתופי לשיווק תוצרת,,,יח`,3,ל-100 גרם,false,1,22.90,7.63,false,1,
7290003287260,false,צוריסוס ארוז 600גר קפוא,בלדי בע`מ,,,יח`,6,ל-100 גרם,false,8,27.90,4.65,true,1,
7290003287284,false,קבב ביתי ארוז 600גר קפוא,בלדי בע`מ,,,יח`,6,ל-100 גרם,false,8,27.90,4.65,true,1,
7290003287291,false,קבב טלה וצנובר ארוז 600גר קפוא,בלדי בע`מ,,,יח`,6,ל-100 גרם,false,8,27.90,4.65,true,1,
7290003318131,false,ופלים בטעם אגוזים 200 גרם,ח.כהן סוכנות מזון ומשקאות,,,יח`,2.50,ל-100 גרם,false,1,3.90,1.56,true,1,
7290003318155,false,וופל בטעם לימון 250 גרם,ח.כהן סוכנות מזון ומשקאות,,,יח`,2.50,ל-100 גרם,false,1,3.90,1.56,true,1,
7290003318599,false,ופלים בטעם וניל 200 גרם,ח.כהן סוכנות מזון ומשקאות,,,יח`,2,ל-100 גרם,false,1,3.90,1.95,true,1,
7290003321155,false,דנונה בר פקאן 183 מ`ל,שטראוס גרופ בע`מ,,,יח`,1.83,"ל-100 מ""ל",false,24,4.60,2.51,false,1,
7290003321292,false,גבינת סקי %9 250 גרם,שטראוס גרופ בע`מ,,,יח`,2.50,ל-100 גרם,false,12,5,2,false,1,
7290003385881,false,במיה ברוטב עגבניות 540 גרם,ויטה פרי גליל (החדשה) בע`מ,,,יח`,5.40,ל-100 גרם,false,1,11.90,2.20,false,1,
7290003387410,false,בלונס פדים להסרת איפור 3*80 יח`,ש. שסטוביץ בע`מ,,,יח`,2.40,ל-100 גרם,false,1,19.90,8.29,false,1,
7290003411566,false,צימרונים עץ 200 יחידות,הנמל אריזות ושיווק 1984 בע`מ,,,יח`,0,ל-100 גרם,false,1,3.90,3.90,false,1,
7290003411573,false,צלחות פלסטיק עמוקות חד פעמיות 30 יח,הנמל אריזות ושיווק 1984 בע`מ,,,יח`,1,,false,17,18.90,18.90,false,1,
7290003411696,false,מרקיות פלסטיק חד פעמיות 25 יח`,הנמל אריזות ושיווק 1984 בע`מ,,,יח`,1,,false,48,8.90,8.90,false,1,
7290003411726,false,קיסמי שיניים מלחיה 300 יחידות,הנמל אריזות ושיווק 1984 בע`מ,,,יח`,0,ל-100 גרם,false,30,3.90,3.90,false,1,
7290003411832,false,גרנולה אגוזים 400 גרם,הנמל אריזות ושיווק 1984 בע`מ,,,יח`,4,ל-100 גרם,false,12,9.90,2.48,false,1,
7290003411849,false,גרנולה עם תמרים ושקדים 400 גרם,הנמל אריזות ושיווק 1984 בע`מ,,,יח`,4,ל-100 גרם,false,12,9.90,2.48,false,1,
7290003411948,false,צמר גפן רפואי 100 גרם,הנמל אריזות ושיווק 1984 בע`מ,,,יח`,1,ל-100 גרם,false,45,4.90,4.90,false,1,
7290003411993,false,גפרורים 10 יחידות,הנמל אריזות ושיווק 1984 בע`מ,,,יח`,1,,false,100,3.90,3.90,false,1,
7290003438006,false,ממרח פסטו איטלקי 180 גרם,תה ויסוצקי בע`מ,,,יח`,1.80,ל-100 גרם,false,24,13.90,7.72,true,1,
7290003438013,false,7290003אוליביה ממרח זיתים ירוקים 190 גרם,תה ויסוצקי בע`מ,,,יח`,1.90,ל-100 גרם,false,1,13.90,7.32,true,1,
7290003438853,false,אריסה חריפה 185 גרם,תה ויסוצקי בע`מ,,,יח`,1.80,ל-100 גרם,false,12,13.90,7.72,true,1,
7290003450602,false,חרדל אמיתי 255 גרם,דיפלומט מפיצים (1968) בע`מ,,,יח`,2.25,ל-100 גרם,false,1,9.90,4.40,false,1,
7290003457991,false,קורנטו קלאסי עם אגוזי לוז 6 יח`,שטראוס גלידות,,,יח`,1,ל-100 גרם,false,1,33.90,33.90,false,1,
7290003521166,false,סרקל קרם רוזמרין לילדים 325 מל,"פישר תעשיות פרמצבטיות בע""מ",,,יח`,3.25,"ל-100 מ""ל",false,1,27.90,8.58,false,1,
7290003521197,false,סרקל תרסיס מתיר קשרים 340 מל,"פישר תעשיות פרמצבטיות בע""מ",,,יח`,3.40,"ל-100 מ""ל",false,1,27.90,8.21,false,1,
7290003526444,false,אננס חתוך ויליגר 565 גרם,נטו מלינדה סחר בע`מ,,,יח`,5.65,ל-100 גרם,false,1,6.90,1.22,false,1,
7290003550937,false,רגל פרוסה במגש,נטו מלינדה סחר בע`מ,,,"ק""ג",0,"ק""ג",true,1,39.90,39.90,false,1,
7290003578078,false,קוקטיל טרופי 850 גרם,ג. וילי-פוד אינטרנשיונל בע`מ,,,יח`,8.50,ל-100 גרם,false,24,9.90,1.16,false,1,
7290003578290,false,אטריות מקלוני אורז 300 גרם,ג. וילי-פוד אינטרנשיונל בע`מ,,,יח`,3,ל-100 גרם,false,24,5.90,1.97,false,1,
7290003578313,false,דובדבנים חמוצים בסירופ קל 680 גרם,ג. וילי-פוד אינטרנשיונל בע`מ,,,יח`,6.80,ל-100 גרם,false,12,9.90,1.46,false,1,
7290003643158,false,קורנפלור סוגת 200 גרם,סוגת,,,יח`,2,ל-100 גרם,false,1,3.90,1.95,false,1,
7290003643172,false,סוגת אבקת סוכר 100 גרם,סוגת,,,יח`,1,ל-100 גרם,false,1,2.50,2.50,false,1,
7290003643325,false,קוסקוס בינוני 350 גר`,סוגת,,,יח`,3.50,ל-100 גרם,false,1,4.90,1.40,true,1,
7290003643387,false,סוכר לבן בצנצנת פלסטיק 1 ק`ג,סוגת,,,יח`,10,ל-100 גרם,false,1,7.90,0.79,false,1,
7290003643646,false,סוכר דמררה צנצנת 1 קג,סוגת,,,יח`,10,ל-100 גרם,false,1,12.90,1.29,false,1,
7290003643684,false,אפונה 500 גרם,סוגת,,,יח`,5,ל-100 גרם,false,1,5.90,1.18,false,1,
7290003643707,false,גריסים 500 גרם,סוגת,,,יח`,5,ל-100 גרם,false,1,4.90,0.98,false,1,
7290003643714,false,חומוס 500 גרם,סוגת,,,יח`,5,ל-100 גרם,false,1,7.90,1.58,false,1,
7290003643738,false,חיטה 500 גרם,סוגת,,,יח`,5,ל-100 גרם,false,1,4.90,0.98,false,1,
7290003643745,false,כוסמת 500 גרם כשלפ,סוגת,,,יח`,5,ל-100 גרם,false,1,7.90,1.58,false,1,
7290003643752,false,עדשים ירוקים 500 גרם,סוגת,,,יח`,5,ל-100 גרם,false,1,7.90,1.58,false,1,
7290003643776,false,פופקורן סוגת 500 גרם כשלפ,סוגת,,,יח`,5,ל-100 גרם,false,1,6.90,1.38,false,1,
7290003643783,false,קוקוס 100 גרם,סוגת,,,יח`,1,ל-100 גרם,false,1,3.90,3.90,false,1,
7290003643806,false,שעועית לבנה 500 גרם,סוגת,,,יח`,5,ל-100 גרם,false,1,11.90,2.38,false,1,
7290003643813,false,שעועית חומה 500 גרם,סוגת,,,יח`,5,ל-100 גרם,false,1,10.90,2.18,false,1,
7290003643820,false,חומוס ענק 500 גר`,סוגת,,,יח`,5,ל-100 גרם,false,1,12.90,2.58,false,1,
7290003672530,false,פילה סלמון קפוא,פאר הבשר והעוף בעמ,,,"ק""ג",1,"ק""ג",true,1,74.90,74.90,false,1,
7290003781065,false,מלפפונים בחומץ קורנישונים גמדי 680ג,ג. וילי-פוד אינטרנשיונל בע`מ,,,יח`,6.80,ל-100 גרם,false,1,10.90,1.60,false,1,
7290003805501,false,פתית בסגנון שוודי 300 גרם,יוניליוור ישראל שיווק בע`מ,,,יח`,3,ל-100 גרם,false,1,16.90,5.63,false,1,
7290003805587,false,פתית מחיטה מלאה 250 גרם בד``צ,יוניליוור ישראל שיווק בע`מ,,,יח`,2.50,ל-100 גרם,false,1,16.90,6.76,false,1,
7290003807178,false,"קנור רוטב סויה 300 מ""ל",יוניליוור ישראל שיווק בע`מ,,,יח`,3,"ל-100 מ""ל",false,1,12.90,4.30,true,1,
7290003807482,false,קנור רוטב טריאקי 300 מל,יוניליוור ישראל שיווק בע`מ,,,יח`,3,"ל-100 מ""ל",false,1,11.90,3.97,true,1,
7290003864485,false,סרדינים ברוטב עגבניות 120 גרם,ג. וילי-פוד אינטרנשיונל בע`מ,,,יח`,1.20,ל-100 גרם,false,1,4.90,4.08,true,1,
7290003864492,false,סרדינים בשמן צמחי עם פלפל חריף 120 גרם,ג. וילי-פוד אינטרנשיונל בע`מ,,,יח`,1.20,ל-100 גרם,false,1,4.90,4.08,true,1,
7290003882922,false,עלי גפן ממולאים באורז 400 גרם כשלפ,ג. וילי-פוד אינטרנשיונל בע`מ,,,יח`,4,ל-100 גרם,false,24,9.90,2.48,true,1,
7290003989539,false,רביולי גבינה 400 גרם,שטראוס גרופ בע`מ,,,יח`,4,ל-100 גרם,false,9,19.90,4.98,false,1,
7290003989553,false,טורטליני גבינה+פטריות 400 גרם,שטראוס גרופ בע`מ,,,יח`,4,ל-100 גרם,false,9,20.30,5.08,false,1,
7290004011284,false,בסיס להכנת קצפת 212 מ`ל,נטו מלינדה סחר בע`מ,,,יח`,2.12,"ל-100 מ""ל",false,24,9.90,4.67,true,1,
7290004011338,false,קצפת 250 מ`ל,נטו מלינדה סחר בע`מ,,,יח`,2.50,"ל-100 מ""ל",false,12,16.90,6.76,true,1,
7290004011819,false,המבורגר ריב אנטריקוט אל גאוצ`ו 360 גר`ק,נטו מלינדה סחר בע`מ,,,יח`,3.60,ל-100 גרם,false,6,24.90,6.92,true,1,
7290004011826,false,מיני המבורגר ריב אנטריקוט אל גאוצ`ו 360,נטו מלינדה סחר בע`מ,,,יח`,3.60,ל-100 גרם,false,6,24.90,6.92,true,1,
7290004033750,false,לחמניות עננים,מאפיית י.את א. ברמן בעמ,,,יח`,1,יח`,false,1,13.90,13.90,false,1,
7290004033903,false,חטיפי ברוסקטב אפויים בתיבול שום,מאפיית י.את א. ברמן בעמ,,,יח`,1.50,ל-100 גרם,false,1,13.90,9.27,false,1,
7290004033910,false,חטיפי ברוסקטב אפויים בתיבול עגבניות,מאפיית י.את א. ברמן בעמ,,,יח`,1.50,ל-100 גרם,false,1,13.90,9.27,false,1,
7290004033927,false,חטיפי פוקצה אפויים בתיבול שום,מאפיית י.את א. ברמן בעמ,,,יח`,2,ל-100 גרם,false,1,13.90,6.95,false,1,
7290004033934,false,חטיפי פוקצה אפויים בתיבול עגבניות,מאפיית י.את א. ברמן בעמ,,,יח`,2,ל-100 גרם,false,1,13.90,6.95,false,1,
7290004033972,false,חטיפי פוקצה אפויים בתיבול שום,מאפיית י.את א. ברמן בעמ,,,יח`,2,ל-100 גרם,false,1,13.90,6.95,false,1,
7290004064334,false,מלח פלוס שום מלחייה 175 גרם,סוגת,,,יח`,1.75,ל-100 גרם,false,1,10.90,6.23,true,1,
7290004068011,false,יוגורט כבשים 600 גר`,מחלבות גד בעמ`,,,יח`,6,"ל-100 מ""ל",false,1,18.90,3.15,false,1,
7290004068585,false,גאודה עיזים משק`,מחלבות גד בעמ`,,,"ק""ג",10,"ק""ג",true,1,130,13,false,1,
7290004078270,false,פלמוליב צילינדר כלים לימון 1 ליטר,ש. שסטוביץ בע`מ,,,יח`,10,"ל-100 מ""ל",false,1,13.90,1.39,false,1,
7290004119225,false,יופלה יוגורט בטעם אננס %3 150 גרם,תנובה חלב,,,יח`,1.50,"ל-100 מ""ל",false,1,5.20,3.47,false,1,
7290004119928,false,מעדן וניל קרלו %3 125 גרם,תנובה חלב,,,יח`,1.25,"ל-100 מ""ל",false,1,3,2.40,false,1,
7290004119973,false,מעדן שוקולד קרלו %3 125 גרם,תנובה חלב,,,יח`,1.25,"ל-100 מ""ל",false,1,3,2.40,false,1,
7290004120061,false,קרלו שוניל בטעם שוקולד וניל %3 125 ג,תנובה חלב,,,יח`,1.25,"ל-100 מ""ל",false,1,3,2.40,false,1,
7290004120108,false,יופלה דיאט יוגורט דובדבן 0% 150 גרם,תנובה חלב,,,יח`,1.50,"ל-100 מ""ל",false,1,5.20,3.47,false,1,
7290004120573,false,גבינה מלוחה %16 בולגרית 250 גרם,תנובה חלב,,,יח`,2.50,ל-100 גרם,false,1,23.60,9.44,false,1,
7290004121488,false,יופלה דיאט אפרסק %0 150 גרם,תנובה חלב,,,יח`,1.50,"ל-100 מ""ל",false,1,5.20,3.47,false,1,
7290004121525,false,יופלה יוגורט 3% בטעם תות+*4אפרסק*4,תנובה חלב,,,יח`,1.50,ל-100 גרם,false,1,31,20.67,false,1,
7290004121754,false,יופלה עוגת קרם גבינה ותות %3 150 גרם,תנובה חלב,,,יח`,1.50,"ל-100 מ""ל",false,1,5.20,3.47,false,1,
7290004121839,false,גבינה מלוחה פטה כבשים %20 250 גרם,תנובה חלב,,,יח`,2.50,ל-100 גרם,false,1,28.40,11.36,false,1,
7290004121853,false,פיראוס קוביות גבינה בולגרית %5 200ג,תנובה חלב,,,יח`,2,ל-100 גרם,false,1,21.30,10.65,false,1,
7290004122119,false,פתיתי פרמזן לפסטה %23,תנובה חלב,,,יח`,2.20,ל-100 גרם,false,1,11.90,5.41,false,1,
7290004122195,false,גבינה חצי קשה גוש חלב %28 שומן 200גר,תנובה חלב,,,יח`,2,ל-100 גרם,false,1,13.70,6.85,false,1,
7290004122270,false,גבינת עמק פתיחה נוחה 200 גרם,תנובה חלב,,,יח`,2,ל-100 גרם,false,1,15.90,7.95,false,1,
7290004122348,false,גבינת עמק לייט %9 נוחה לפתיחה 200 גר,תנובה חלב,,,יח`,2,ל-100 גרם,false,1,16.80,8.40,false,1,
7290004122676,false,פיראוס גבינת חמד לייט 5% 250 גרם,תנובה חלב,,,יח`,2.50,ל-100 גרם,false,1,18.90,7.56,false,1,
7290004122683,false,עמק חטיף אצבעות 8 יח `172גרם,תנובה חלב,,,יח`,1.72,ל-100 גרם,false,1,17.10,9.94,false,1,
7290004124175,false,אמי LGG1 יוגורט %1.5 150 מל,תנובה חלב,,,יח`,1.50,"ל-100 מ""ל",false,1,2.20,1.47,false,1,
7290004124205,false,יופלה דיאט יוגורט תות %0 150 גרם,תנובה חלב,,,יח`,1.50,"ל-100 מ""ל",false,1,5.20,3.47,false,1,
7290004124847,false,השף הלבן קצפת צמחית 500 מל פרווה,תנובה חלב,,,יח`,5,ל-100 גרם,false,1,16.60,3.32,false,1,
7290004125370,false,תנובה שמנת חמוצה %9 200 מל,תנובה חלב,,,יח`,2,"ל-100 מ""ל",false,1,3.80,1.90,false,1,
7290004125455,false,שמנת חמוצה מהדרין %15 200 מל,תנובה חלב,,,יח`,2,"ל-100 מ""ל",false,1,2.40,1.20,false,1,
7290004125509,false,שמנת תנובה חצי מנה %15 100 גרם,תנובה חלב,,,יח`,1,ל-100 גרם,false,1,1.80,1.80,false,1,
7290004125721,false,שמנת לבישול השף הלבן %15 250 מ``ל קר,תנובה חלב,,,יח`,2.50,"ל-100 מ""ל",false,1,8.30,3.32,false,1,
7290004125776,false,גבינת עמק חצי קשה 28% 400 גרם,תנובה חלב,,,יח`,4,ל-100 גרם,false,1,28.90,7.23,false,1,
7290004126650,false,צפתית 5% שק`,תנובה חלב,,,"ק""ג",1,,true,1,56.90,56.90,false,1,
7290004126674,false,גבינה טל העמק לייט חצי קשה %9 200גרם,תנובה חלב,,,יח`,2,ל-100 גרם,false,1,18.90,9.45,false,1,
7290004126759,false,יופלה דיאט פירות יער %0 150 גרם,תנובה חלב,,,יח`,1.50,"ל-100 מ""ל",false,1,5.20,3.47,false,1,
7290004127077,false,קוטג`תנובה %3 250 גרם,תנובה חלב,,,יח`,2.50,ל-100 גרם,false,1,5.60,2.24,false,1,
7290004127329,false,קוטג`תנובה 5% 250 גרם,תנובה חלב,,,יח`,2.50,ל-100 גרם,false,1,5.60,2.24,false,1,
7290004127336,false,קוטג`תנובה %9 250 גרם,תנובה חלב,,,יח`,2.50,ל-100 גרם,false,1,5.60,2.24,false,1,
7290004127800,false,גבינה לבנה %5 גביע500 גרם,תנובה חלב,,,יח`,5,ל-100 גרם,false,1,9.90,1.98,false,1,
7290004127817,false,גבינה לבנה %9 גביע 500 גרם,תנובה חלב,,,יח`,5,ל-100 גרם,false,1,9.50,1.90,false,1,
7290004127862,false,גבינה לבנה %5 גביע 750 גרם,תנובה חלב,,,יח`,7.50,ל-100 גרם,false,1,14.90,1.99,false,1,
7290004127916,false,גבינה לבנה %0.5 מהדרין 500 גרם,תנובה חלב,,,יח`,5,ל-100 גרם,false,1,9.50,1.90,false,1,
7290004128340,false,גבינת Cream Cheese בטעם טבעי %5 200ג,תנובה חלב,,,יח`,2,ל-100 גרם,false,1,11.80,5.90,false,1,
7290004129101,false,גבינת שמנת נפוליאון בטעם טבעי 225 גרם,תנובה חלב,,,יח`,2.25,ל-100 גרם,false,1,12.90,5.73,false,1,
7290004129156,false,גבינת שמנת נפוליאון עם שום ושמיר 225,תנובה חלב,,,יח`,2.25,ל-100 גרם,false,1,12.90,5.73,false,1,
7290004129767,false,יופלה White טבעי %3 8*150 גרם,תנובה חלב,,,יח`,1.50,ל-100 גרם,false,1,16.90,11.27,false,1,
7290004130916,false,יופלה פירות יער בשמנת 3% 150 גרם,תנובה חלב,,,יח`,1.50,"ל-100 מ""ל",false,1,5.20,3.47,false,1,
7290004131432,false,יופלה White טבעי %3 200 גרם,תנובה חלב,,,יח`,2,ל-100 גרם,false,1,4,2,false,1,
7290004131456,false,יופלה White טבעי %1.5 200 גרם,תנובה חלב,,,יח`,2,"ל-100 מ""ל",false,1,4,2,false,1,
7290004131814,false,גבינה מלוחה צפתית מעודנת %5 200 גרם,תנובה חלב,,,יח`,2,ל-100 גרם,false,1,16,8,false,1,
7290004131845,false,לאבנה פיראוס 9% 750 גר`,תנובה חלב,,,יח`,7.50,ל-100 גרם,false,1,24.90,3.32,false,1,
7290004132712,false,עמק אצבעות גבינת מוצרלה 20% 8יח 172ג,תנובה חלב,,,יח`,1.74,ל-100 גרם,false,1,17.10,9.83,false,1,
7290004132903,false,גבינה לבנה %3 250 גרם בד``צ,תנובה חלב,,,יח`,2.50,ל-100 גרם,false,1,4.80,1.92,false,1,
7290004133511,false,יופלה White מעודן %1.5 8*150 גרם,תנובה חלב,,,יח`,1.50,ל-100 גרם,false,1,20.40,13.60,false,1,
7290004135225,false,מעדן תנובה דיאט שוקולדה 0% 150 גרם,תנובה חלב,,,יח`,1.50,"ל-100 מ""ל",false,1,4.20,2.80,false,1,
7290004135614,false,פיראוס גבינה בולגרית מעודנת 5% 250גר,תנובה חלב,,,יח`,2.50,ל-100 גרם,false,1,21.90,8.76,false,1,
7290004136598,false,מארז הפסקת אוכל חלב,תנובה חלב,,,יח`,1.50,"ל-100 מ""ל",false,1,9.10,6.07,false,1,
7290004136864,false,ג`לי תנובה אננס 125 גרם,תנובה חלב,,,יח`,1.25,"ל-100 מ""ל",false,1,2.80,2.24,false,1,
7290004136871,false,ג`לי תנובה אפרסק 125 גרם,תנובה חלב,,,יח`,1.25,"ל-100 מ""ל",false,1,2.80,2.24,false,1,
7290004137021,false,שמנת עמידה לבישול 10% שומן 250מל,תנובה חלב,,,יח`,2.50,"ל-100 מ""ל",false,1,8.50,3.40,false,1,
7290004137809,false,פיראוס גבינה לבנה 5% 250 גרם,תנובה חלב,,,יח`,2.50,ל-100 גרם,false,1,12.80,5.12,false,1,
7290004219819,false,קומפלטה מלבין קפה 200 גרם,ג. וילי-פוד אינטרנשיונל בע`מ,,,יח`,2,ל-100 גרם,false,1,10.90,5.45,false,1,
7290004219826,false,קומפלטה מלבין קפה 400 גרם,ג. וילי-פוד אינטרנשיונל בע`מ,,,יח`,4,ל-100 גרם,false,12,17.90,4.48,false,1,
7290004228804,false,עלי בצק לסיגר[פסטליה],נטו מלינדה סחר בע`מ,,,יח`,9,ל-100 גרם,false,1,12.90,1.43,false,1,
7290004230074,false,קציצות דג ברוטב עגבניות שגב קפוא,נטו מלינדה סחר בע`מ,,,יח`,8,ל-100 גרם,false,8,27.90,3.49,true,1,
7290004230104,false,קציצות בקר ברוטב עגבניות 800 גר` קפוא,נטו מלינדה סחר בע`מ,,,יח`,8,ל-100 גרם,false,14,27.90,3.49,true,1,
7290004230944,false,מקלות בורקס פילו גבינה 600 גר`קפוא,נטו מלינדה סחר בע`מ,,,יח`,6,ל-100 גרם,false,10,19.90,3.32,false,1,
7290004386825,false,שעועית ענק אפויה ברוטב עגבניות 420 גרם,ג. וילי-פוד אינטרנשיונל בע`מ,,,יח`,4.20,ל-100 גרם,false,1,8.90,2.12,false,1,
7290004492274,false,בייגלה טבעות מלוחות 400 גרם,יוניליוור ישראל שיווק בע`מ,,,יח`,4,ל-100 גרם,false,1,9.90,2.48,false,1,
7290004492762,false,נשנושים חטיף תירס 325 גרם,יוניליוור ישראל שיווק בע`מ,,,יח`,3.25,ל-100 גרם,false,1,12.90,3.97,true,1,
7290004494179,false,שרדונה 700 מ`ל D,הכרם -משקאות חריפים בע`מ,,,יח`,7,"ל-100 מ""ל",false,1,74.90,10.66,false,1,
7290004584351,false,גבינת סימפוניה 5% החמישית טבעי 200גר,שטראוס גרופ בע`מ,,,יח`,2,ל-100 גרם,false,12,10.90,5.45,false,1,
7290004584528,false,דנונה וגורט ביו %1.5 200 גרם,שטראוס גרופ בע`מ,,,יח`,2,"ל-100 מ""ל",false,1,3.70,1.85,false,1,
7290004585907,false,דני וניל %1.5 שומן 125 גרם,שטראוס גרופ בע`מ,,,יח`,1.30,"ל-100 מ""ל",false,24,2.70,2.08,false,1,
7290004658960,false,אמרלד ריזלינג יין לבן חצי יבש 750 מל,אגודת הכורמים,,,יח`,7.50,"ל-100 מ""ל",false,1,39.90,5.28,true,1,
7290004685478,false,פיתות כוסמין 10 יח בשקית 550 גרם,מאפיית י.את א. ברמן בעמ,,,יח`,5.50,ל-100 גרם,false,1,16.90,3.07,true,1,
7290004731083,false,כיף אל סבון נוזלי ג`ינסנג 1 ליטר,החב. הדרומית לשיווק,,,יח`,1,,false,12,12.90,12.90,false,1,
7290004731410,false,סנו סושי סקוטש ענק ירוק 3 יח`,החב. הדרומית לשיווק,,,יח`,1,,false,12,9.90,9.90,false,1,
7290004731472,false,כיף אל סבון שלישיה 3*500 מל צבעוני,החב. הדרומית לשיווק,,,יח`,1.50,לליטר,false,8,19.90,13.27,false,1,
7290004737900,false,חלב מרוכז ממותק בפחית 397 גרם,ג. וילי-פוד אינטרנשיונל בע`מ,,,יח`,3.97,ל-100 גרם,false,48,9.90,2.49,false,1,
7290004846558,false,אצבעות אנטריקוט לא מעובד קפוא 450 גר`,זהר עופות ובשר בעמ,,,יח`,4.50,ל-100 גרם,false,1,34.90,7.76,false,1,
7290004861063,false,גבינה קש המושבה,מחלבת המושבה בעמ`,,,"ק""ג",10,ל-100 גרם,true,1,45,4.50,false,1,
7290004861285,false,גבינה טובורג 9%,מחלבת המושבה בעמ`,,,"ק""ג",10,ל-100 גרם,true,1,35,3.50,false,1,
7290004861315,false,גבינת לבנה 5% המושבה,מחלבת המושבה בעמ`,,,"ק""ג",10,ל-100 גרם,true,1,34.90,3.49,false,1,
7290004861421,false,גבינה חלומי 24% המושבה,מחלבת המושבה בעמ`,,,"ק""ג",10,ל-100 גרם,true,1,80,8,false,1,
7290004872069,false,קרחון בטעם לימון 80 גרם,נגה גלידות שותפות מוגבלת,,,יח`,8,ל-100 גרם,false,1,2.90,0.36,true,1,
7290004872359,false,קרחון בטעם דובדבן 80 גרם,נגה גלידות שותפות מוגבלת,,,יח`,0.80,ל-100 גרם,false,1,2.90,3.63,true,1,
7290005008481,false,דאודורנט ספיד סטיק ג`ל ספורט לגבר,ש. שסטוביץ בע`מ,,,יח`,0.85,ל-100 גרם,false,1,25.90,30.47,true,1,
7290005068058,false,פרי גליל גרעיני תירס מתוק קל 550 גרם,ויטה פרי גליל (החדשה) בע`מ,,,יח`,5.50,ל-100 גרם,false,1,7.90,1.44,true,1,
7290005068447,false,גרעיני תירס קל 340 גרם,ויטה פרי גליל (החדשה) בע`מ,,,יח`,3.40,ל-100 גרם,false,1,5.90,1.74,false,1,
7290005068492,false,פרי גליל לקט ירקות 700 גרם,ויטה פרי גליל (החדשה) בע`מ,,,יח`,7,ל-100 גרם,false,20,9.90,1.41,false,1,
7290005068553,false,פרי גליל לקט בורגנדי מוקפא 700 גרם,ויטה פרי גליל (החדשה) בע`מ,,,יח`,7,ל-100 גרם,false,16,12.90,1.84,false,1,
7290005084355,false,משחת שיניים סנסודין פלואוריד 75 מל זהב,גורי ע.ע.ע. בע`מ,,,יח`,0.75,ל-100 גרם,false,1,21.90,29.20,true,1,
7290005174513,false,חציל על האש במיונז אחלה 400 גרם+225גר,שטראוס גרופ בע`מ,,,יח`,4,ל-100 גרם,false,1,16.90,4.23,true,1,
7290005174551,false,אחלה יום יום חומוס 125 גרם,שטראוס גרופ בע`מ,,,יח`,1.25,ל-100 גרם,false,24,4.90,3.92,false,1,
7290005174568,false,אחלה יום יום חצילים במיונז 125 גרם,שטראוס גרופ בע`מ,,,יח`,1.25,ל-100 גרם,false,24,5.30,4.24,false,1,
7290005174575,false,אחלה יום יום טחינה 125 גרם,שטראוס גרופ בע`מ,,,יח`,1.25,ל-100 גרם,false,24,5.30,4.24,false,1,
7290005197758,false,עוגיות חיוכים של שוקו 150 גרם,שטראוס גרופ בע`מ,,,יח`,1.50,ל-100 גרם,false,12,4.90,3.27,false,1,
7290005199578,false,קפה נמס מיובש בהקפאה נטול קפאין 200ג,שטראוס גרופ בע`מ,,,יח`,2,ל-100 גרם,false,6,35.90,17.95,false,1,
7290005200786,false,תפוצ`יפס שמנת עם בצל 50 גרם,שטראוס פריטו ליי בע`מ,,,יח`,0.50,ל-100 גרם,false,1,3.90,7.80,false,1,
7290005201455,false,קפה ארומה נמס מגורען 200 גרם,שטראוס גרופ בע`מ,,,יח`,2,ל-100 גרם,false,6,22.90,11.45,false,1,
7290005271458,false,ביצים אורגניות 12 יח`L,גליקסמן שיווק ביצים [1994] בעמ,,,יח`,1,,false,1,22.90,22.90,false,1,
7290005271465,false,ביצים אורגניות 12 יח`M,גליקסמן שיווק ביצים [1994] בעמ,,,יח`,1,,false,1,21.90,21.90,false,1,
7290005271687,false,ביצי אומגה 3 12 יח`L,גליקסמן שיווק ביצים [1994] בעמ,,,יח`,1,,false,1,19.90,19.90,false,1,
7290005271755,false,ביצי חופש 12 יח`L,גליקסמן שיווק ביצים [1994] בעמ,,,יח`,1,,false,1,19.90,19.90,false,1,
7290005271779,false,ביצים עטוף 30*1 L,גליקסמן שיווק ביצים [1994] בעמ,,,יח`,1,,false,1,30.12,30.12,false,1,
7290005271786,false,ביצים עטוף 30*1 M,גליקסמן שיווק ביצים [1994] בעמ,,,יח`,1,,false,1,27.87,27.87,false,1,
7290005287206,false,.טונה סטארקיסט בשמן 4*160 גרם,דיפלומט מפיצים (1968) בע`מ,,,יח`,6.40,ל-100 גרם,false,1,24.90,3.89,false,1,
7290005287251,false,טונה סטארקיסט במים 4*160 גרם,דיפלומט מפיצים (1968) בע`מ,,,יח`,6.40,ל-100 גרם,false,12,24.90,3.89,false,1,
7290005287510,false,טונה סטארקיסט בשמן עם פלפל חריף 160גר,דיפלומט מפיצים (1968) בע`מ,,,יח`,1.60,ל-100 גרם,false,24,7.90,4.94,false,1,
7290005287527,false,טונה סטארקיסט בשמן עם לימון בדצ 160ג,דיפלומט מפיצים (1968) בע`מ,,,יח`,1.60,ל-100 גרם,false,24,7.90,4.94,false,1,
7290005287657,false,ממרח טונה 160 גרם,דיפלומט מפיצים (1968) בע`מ,,,יח`,1.60,ל-100 גרם,false,1,7.90,4.94,false,1,
7290005423499,false,סנו ספריי לניקוי נירוסטה 476 סמק,החב. הדרומית לשיווק,,,יח`,5,"ל-100 מ""ל",false,1,19.90,3.98,false,1,
7290005423833,false,פוליויקס פרקט נוזל 2 ליטר,החב. הדרומית לשיווק,,,יח`,20,"ל-100 מ""ל",false,1,21.90,1.10,false,1,
7290005423871,false,משחת שיניים אורביטול שלישיה 3*145 גר,החב. הדרומית לשיווק,,,יח`,4.29,ל-100 גרם,false,8,17.90,4.17,false,1,
7290005423918,false,מרכך כביסה סנו מקסימה לתינוק ירוק 4 ל`,החב. הדרומית לשיווק,,,יח`,40,"ל-100 מ""ל",false,1,21.90,0.55,false,1,
7290005424311,false,סנו k רב קוטל זוחלים ומעופפים 475 סמ,החב. הדרומית לשיווק,,,יח`,4.75,"ל-100 מ""ל",false,12,21.90,4.61,false,1,
7290005424762,false,ריצפז פלוס ווקס נוזל דוחה חרקים 2 ל`,החב. הדרומית לשיווק,,,יח`,20,"ל-100 מ""ל",false,8,26.90,1.35,false,1,
7290005424809,false,סנו סושי סקוטש ענק אדום 3 יח`,החב. הדרומית לשיווק,,,יח`,1,,false,12,9.90,9.90,false,1,
7290005425646,false,סנוקליר נוזל לניקוי והברקה מתז 1 ליט,החב. הדרומית לשיווק,,,יח`,10,"ל-100 מ""ל",false,12,10.90,1.09,false,1,
7290005426193,false,סנו סושי ספוג הפלא 6 יח`,החב. הדרומית לשיווק,,,יח`,1,,false,12,10.90,10.90,false,1,
7290005426964,false,סנובון כחול בריח אפרסק לאסלה 3*55 גר,החב. הדרומית לשיווק,,,יח`,1.65,ל-100 גרם,false,12,14.90,9.03,true,1,
7290005426971,false,סנובון כחול בריח תפוח לאסלה 3*55 גרם,החב. הדרומית לשיווק,,,יח`,1.65,ל-100 גרם,false,12,14.90,9.03,true,1,
7290005427725,false,ליטופים חמישייה מבושם,החב. הדרומית לשיווק,,,יח`,1,יח`,false,5,19.90,19.90,false,1,
7290005428852,false,סנו סופט ממחטות אף צבעוני שקית 5*100,החב. הדרומית לשיווק,,,יח`,6.50,ל-100 גרם,false,1,14.90,2.29,false,1,
7290005430602,false,סנו אוקסיג`ן מרסס מסיר כתמים 750 מ,החב. הדרומית לשיווק,,,יח`,7.50,"ל-100 מ""ל",false,12,17.90,2.39,true,1,
7290005559907,false,פיצה משפחתית 500 גרם קפוא,תנובה מרכז שיתופי לשיווק תוצרת,,,יח`,5,ל-100 גרם,false,10,19.90,3.98,false,1,
7290005559914,false,פיצה משפחתית עם זיתים 550 גרם קפוא,תנובה מרכז שיתופי לשיווק תוצרת,,,יח`,5.50,ל-100 גרם,false,8,19.90,3.62,false,1,
7290005559990,false,בצק עלים פילאס תורכי 600 גרם קפוא,תנובה מרכז שיתופי לשיווק תוצרת,,,יח`,6,ל-100 גרם,false,16,22.90,3.82,false,1,
7290005591761,false,דבש טהור מפרחי בר בקבוק לחיץ 400 גרם,שטראוס גרופ בע`מ,,,יח`,4,ל-100 גרם,false,12,23.90,5.98,false,1,
7290005651366,false,בונזו כבד 3 קג,שחורי אריה ואנסטסיה,,,יח`,30,ל-100 גרם,false,1,49.90,1.66,false,1,
7290005678325,false,ענב טלי,ביכורי השדה הצפון בעמ` 1964,,,"ק""ג",1,,true,1,19.90,19.90,false,1,
7290005678417,false,ענב לבן,ביכורי השדה הצפון בעמ` 1964,,,"ק""ג",1,,true,1,24.90,24.90,false,1,
7290005680052,false,אובה סופר פלוס 32 יחידות,ש. שסטוביץ בע`מ,,,יח`,0,ל-100 גרם,false,1,24.90,24.90,false,1,
7290005803628,false,קרחון בטעם מלון 80 גרם,נגה גלידות שותפות מוגבלת,,,יח`,0.80,ל-100 גרם,false,1,2.90,3.63,true,1,
7290005838002,false,גבינה דניאלה וניל 100 גרם,שטראוס גרופ בע`מ,,,יח`,1.50,"ל-100 מ""ל",false,24,4.30,2.87,false,1,
7290005838613,false,גבינת סקי וניל %3 125 גרם,שטראוס גרופ בע`מ,,,יח`,1.25,ל-100 גרם,false,24,3.90,3.12,true,1,
7290005838972,false,סקי יום יום גבינה לבנה %5 125 גרם,שטראוס גרופ בע`מ,,,יח`,1.25,ל-100 גרם,false,24,3.60,2.88,false,1,
7290005839078,false,מארז ביו %3 8יח *150גרם,שטראוס גרופ בע`מ,,,יח`,1.50,ל-100 גרם,false,3,16.90,11.27,false,1,
7290005839108,false,גבינת סימפוניה 5% עם זיתים 200גרם,שטראוס גרופ בע`מ,,,יח`,2,ל-100 גרם,false,12,11.90,5.95,false,1,
7290005839313,false,מילקי Top עם שוקולדה מגולגלת 140 גרם,שטראוס גרופ בע`מ,,,יח`,1.30,"ל-100 מ""ל",false,20,4.90,3.77,false,1,
7290005938238,false,צימיצורי 220 גרם,נטו מלינדה סחר בע`מ,,,יח`,2.20,ל-100 גרם,false,12,16.90,7.68,false,1,
7290005938245,false,פסטו קלאסי 220 גרם,נטו מלינדה סחר בע`מ,,,יח`,2.20,ל-100 גרם,false,12,16.90,7.68,false,1,
7290005938627,false,ממרח עגבניות מיובשות 220 גרם,נטו מלינדה סחר בע`מ,,,יח`,2.20,ל-100 גרם,false,12,16.90,7.68,false,1,
7290005992018,false,משקה יוגורט עיזים 3%,מחלבות גד בעמ`,,,יח`,5,"ל-100 מ""ל",false,1,13.90,2.78,false,1,
7290006229427,false,סאן בנדטו מים מינרלים 6*500 מ``ל,טמפו משקאות בע`מ,,,יח`,30,"ל-100 מ""ל",false,4,13.90,0.40,true,1,
7290006241504,false,פריגת Freeze תפוזים 340 גרם,החברה המרכזית להפצה,,,יח`,3.40,ל-100 גרם,false,1,13.90,4.09,true,1,
7290006251107,false,תה צ`אי מסאלה 25 שקיקים 50 גרם,תה ויסוצקי בע`מ,,,יח`,0.50,ל-100 גרם,false,1,19.90,39.80,false,1,
7290006251275,false,תה ירוק סיני קלאסי 25 שקיקים,תה ויסוצקי בע`מ,,,יח`,0.3750,ל-100 גרם,false,1,22.90,61.07,true,1,
7290006251374,false,תה ירוק לימונית וגינג`ר 25 שק`*1.5 ג,תה ויסוצקי בע`מ,,,יח`,0.25,ל-100 גרם,false,1,22.90,91.60,true,1,
7290006251589,false,תה ירוק בתוספת עלי נענע 50 שקיקים,תה ויסוצקי בע`מ,,,יח`,0.75,ל-100 גרם,false,1,41.90,55.87,true,1,
7290006271174,false,ג`חנון 700 גרם 6 יח`קפוא,תנובה מרכז שיתופי לשיווק תוצרת,,,יח`,7,ל-100 גרם,false,1,18.90,2.70,false,1,
7290006271181,false,ג`חנון אפוי 5 יח `750גרם קפוא,תנובה מרכז שיתופי לשיווק תוצרת,,,יח`,7.50,ל-100 גרם,false,10,22.90,3.05,false,1,
7290006271648,false,מיני בורקס תפו`א 800 גרם קפוא,תנובה מרכז שיתופי לשיווק תוצרת,,,יח`,8,ל-100 גרם,false,12,23.90,2.99,false,1,
7290006271655,false,מיני בורקס גבינה 800 גרם קפוא,תנובה מרכז שיתופי לשיווק תוצרת,,,יח`,8,ל-100 גרם,false,12,24.90,3.11,false,1,
7290006346162,false,טורשי ירקות כבושים 330 גרם,ירין חזון שיווק ומזון,,,יח`,3.30,ל-100 גרם,false,1,19.90,6.03,false,1,
7290006346414,false,סלט אבוקדו מונטה קרלו 250 גרם,ירין חזון שיווק ומזון,,,יח`,2.50,ל-100 גרם,false,1,19.90,7.96,false,1,
7290006346995,false,סלט חצילים בטעם כבד מונטה קרלו 250 גרם,ירין חזון שיווק ומזון,,,יח`,2.50,ל-100 גרם,false,1,18.90,7.56,false,1,
7290006374684,false,שמן זית כתית מעולה לתיבול מעודן 500,שטראוס גרופ בע`מ,,,יח`,5,"ל-100 מ""ל",false,9,26.90,5.38,false,1,
7290006374738,false,קונפיטורת תות 340 גרם,שטראוס גרופ בע`מ,,,יח`,3.40,ל-100 גרם,false,6,14.90,4.38,true,1,
7290006492685,false,גבינת לאבנה עיזים 250 גרם,מחלבות גד בעמ`,,,יח`,2.50,ל-100 גרם,false,1,17.90,7.16,false,1,
7290006494917,false,וופלים בטעם שוקולד ללא סוכר 180 גרם,דנאגיס בעמ,,,יח`,2,ל-100 גרם,false,1,7.90,3.95,false,1,
7290006498052,false,דנונה יוגורט טבעי %3 150 גרם מהדרין,שטראוס גרופ בע`מ,,,יח`,1.50,"ל-100 מ""ל",false,1,2.90,1.93,false,1,
7290006546012,false,צילי נוסח מקסיקני 580 גרם,ויטה פרי גליל (החדשה) בע`מ,,,יח`,5.80,ל-100 גרם,false,1,7.90,1.36,true,1,
7290006546371,false,במיה 600 גרם,ויטה פרי גליל (החדשה) בע`מ,,,יח`,6,ל-100 גרם,false,20,10.90,1.82,false,1,
7290006567048,false,פתיתי קוסקוס ישראלי 350 גרם,קבוצת אסם סחר,,,יח`,3.50,ל-100 גרם,false,1,7.30,2.09,false,1,
7290006618085,false,אסטוניש קצף לניקוי חדר אמבטיה 750 מל,יעקב יעקבי ובניו בע`מ,,,יח`,7.50,"ל-100 מ""ל",false,1,11.90,1.59,false,1,
7290006651570,false,אל סבון נוזלי ושמפו לתינוק 750 מל,"פישר תעשיות פרמצבטיות בע""מ",,,יח`,7.50,"ל-100 מ""ל",false,1,18.90,2.52,false,1,
7290006653819,false,קוסקוס אמיתי דק בשקית 350 גרם,קבוצת אסם סחר,,,יח`,3.50,ל-100 גרם,false,1,7.90,2.26,false,1,
7290006664037,false,גמדים סופר ארוחת בוקר דגנים 4*100גר,שטראוס גרופ בע`מ,,,יח`,4,"ל-100 מ""ל",false,12,11.90,2.98,true,1,
7290006664051,false,דנונה Actimel יוגורט טבעי 14*100 מ`ל,שטראוס גרופ בע`מ,,,יח`,1,ל-100 גרם,false,1,29.90,29.90,false,1,
7290006664402,false,גבינת סקי לבנה 5% 750 גרם,שטראוס גרופ בע`מ,,,יח`,7.50,ל-100 גרם,false,6,14.90,1.99,false,1,
7290006664532,false,דנונה יוגורט תות 3% 150 גרם,שטראוס גרופ בע`מ,,,יח`,1.50,"ל-100 מ""ל",false,24,3.90,2.60,false,1,
7290006664655,false,דנונה Actimel יוגורט טבעי 8*100 מ``ל,שטראוס גרופ בע`מ,,,יח`,8,"ל-100 מ""ל",false,6,21.90,2.74,false,1,
7290006664693,false,דנונה יוגורט אפרסק 3% 150 גרם,שטראוס גרופ בע`מ,,,יח`,1.50,"ל-100 מ""ל",false,24,3.90,2.60,false,1,
7290006664990,false,מארז ביו 1.7% 8*150 גרם,שטראוס גרופ בע`מ,,,יח`,1.50,ל-100 גרם,false,3,16.90,11.27,false,1,
7290006681553,false,קרמבו בטעם וניל 8*24 גרם,שטראוס גלידות,,,יח`,19.20,ל-100 גרם,false,1,16.90,0.88,false,1,
7290006708137,false,קוקטייל עוף טרי ארוז,עוף טוב ( שאן) בעמ,,,"ק""ג",1,"ק""ג",true,1,29.90,29.90,true,1,
7290006739414,false,סלמי קוניאק 300 גרם,נקניק זוגלובק נהריה,,,יח`,3,ל-100 גרם,false,1,26.90,8.97,true,1,
7290006739421,false,סלמי מעושן איטלקי 300 גר`,נקניק זוגלובק נהריה,,,יח`,3,ל-100 גרם,false,1,26.90,8.97,true,1,
7290006739544,false,כתף בקר 300 גרם,נקניק זוגלובק נהריה,,,יח`,0.30,ל-100 גרם,false,1,31.90,106.33,true,1,
7290006741363,false,בורקס תפו`א 800 גרם בד`צ קפוא,נקניק זוגלובק נהריה,,,יח`,8,ל-100 גרם,false,1,16.90,2.11,true,1,
7290006741387,false,מלווח תימני זוגלובק בד`צ 700 גרם קפוא,נקניק זוגלובק נהריה,,,יח`,7,ל-100 גרם,false,1,15.90,2.27,true,1,
7290006742278,false,פסטרמה צלויה על גחלים 330 גרם,נקניק זוגלובק נהריה,,,יח`,3.30,ל-100 גרם,false,1,26.90,8.15,true,1,
7290006742292,false,פסטרמה בדבש 330 גרם,נקניק זוגלובק נהריה,,,יח`,3.30,ל-100 גרם,false,1,26.90,8.15,true,1,
7290006742315,false,חזה הודו ברביקיו 330 גרם,נקניק זוגלובק נהריה,,,יח`,3.30,ל-100 גרם,false,1,26.90,8.15,true,1,
7290006765000,false,טורטיה מקמח מלא 12 יח `540גר`,דין שיווק וקליה 2021 בעמ,,,יח`,5.40,ל-100 גרם,false,1,9.90,1.83,false,1,
7290006775016,false,עוגת תפוזים 450 גרם,אחדות ביתחרושת לטחינה חלבה,,,יח`,4.50,ל-100 גרם,false,1,9.90,2.20,true,1,
7290006775023,false,עוגה אנגלית 450 גרם,אחדות ביתחרושת לטחינה חלבה,,,יח`,4.50,ל-100 גרם,false,1,9.90,2.20,true,1,
7290006775030,false,עוגת שוקולד צ`יפס 450 גרם,אחדות ביתחרושת לטחינה חלבה,,,יח`,4.50,ל-100 גרם,false,1,9.90,2.20,true,1,
7290006775047,false,עוגת שוקולד 450 גרם,אחדות ביתחרושת לטחינה חלבה,,,יח`,4.50,ל-100 גרם,false,1,9.90,2.20,true,1,
7290006775085,false,עוגת שמרים עם שוקולד 400 גרם,אחדות ביתחרושת לטחינה חלבה,,,יח`,4,ל-100 גרם,false,1,11.90,2.98,false,1,
7290006775344,false,עוגת שמרים קינמון ואגוזים 400 גרם,אחדות ביתחרושת לטחינה חלבה,,,יח`,4,ל-100 גרם,false,1,11.90,2.98,false,1,
7290006775801,false,רוגעלך שוקולד 400 גר`,אחדות ביתחרושת לטחינה חלבה,,,יח`,4,ל-100 גרם,false,1,10.90,2.73,false,1,
7290006866363,false,פרימור מיץ אשכולית אדומה 1 ליטר,שטראוס גרופ בע`מ,,,יח`,10,"ל-100 מ""ל",false,6,16.20,1.59,false,1,
7290006908131,false,בוטן בקליפה קלוי 400גר,בוטנת בעמ חברה לקלייה ואריזת פ,,,יח`,4,ל-100 גרם,false,1,11.90,2.98,false,1,
7290006908414,false,גרעיני חמניה 400 גרם,בוטנת בעמ חברה לקלייה ואריזת פ,,,יח`,2.50,ל-100 גרם,false,1,9.90,3.96,false,1,
7290006983152,false,קרוטונים מתובלים למרק 400 גרם,קבוצת אסם סחר,,,יח`,4,ל-100 גרם,false,1,17.90,4.48,false,1,
7290006983176,false,לחמית שיפון 230 גרם,קבוצת אסם סחר,,,יח`,2.30,ל-100 גרם,false,1,9.90,4.30,true,1,
7290006983763,false,עוגת שוקולד 400 גרם,קבוצת אסם סחר,,,יח`,4,ל-100 גרם,false,1,12.90,3.23,false,1,
7290006983770,false,עוגת שיש 400 גרם,קבוצת אסם סחר,,,יח`,4,ל-100 גרם,false,1,12.90,3.23,false,1,
7290006983787,false,עוגת שוקולד צ`יפס 400 גרם,קבוצת אסם סחר,,,יח`,4,ל-100 גרם,false,1,12.90,3.23,false,1,
7290006983794,false,עוגת תפוז 400 גרם,קבוצת אסם סחר,,,יח`,4,ל-100 גרם,false,1,12.90,3.23,false,1,
7290006992185,false,דייסת אורז 200 גרם,קבוצת אסם סחר,,,יח`,2,ל-100 גרם,false,1,13.90,6.95,false,1,
7290008116541,false,שטיפת פה ליסטרין מנטה קריר 500 מ`ל,שקד תבל בע`מ,,,יח`,5,"ל-100 מ""ל",false,1,14.90,2.98,false,1,
7290008154222,false,שניצלונים 700 גרם קפוא,קבוצת אסם סחר,,,יח`,7,ל-100 גרם,false,1,16.90,2.41,true,1,
7290008175210,false,פרמג`נו מגורדת 90 גרם,ג. וילי-פוד אינטרנשיונל בע`מ,,,יח`,9,ל-100 גרם,false,1,14.90,1.66,false,1,
7290008175692,false,נודלס אטריות ביצים להקפצה 400 גרם,ג. וילי-פוד אינטרנשיונל בע`מ,,,יח`,4,ל-100 גרם,false,1,6.90,1.73,false,1,
7290008330107,false,בדין מרכך כביסה סגול 4 ליטר,יוניליוור ישראל שיווק בע`מ,,,יח`,40,"ל-100 מ""ל",false,1,19.90,0.50,false,1,
7290008330398,false,בדין דפים למייבש כביסה כחול 40 יח,יוניליוור ישראל שיווק בע`מ,,,יח`,1,ל-100 גרם,false,1,18.10,18.10,false,1,
7290008343503,false,גחנון אפוי 650 גרם קפוא,נטו מלינדה סחר בע`מ,,,יח`,6.50,ל-100 גרם,false,12,20.90,3.22,false,1,
7290008343558,false,סיגרים במילוי בשר פיקנטי 1 ק``ג קפוא,נטו מלינדה סחר בע`מ,,,יח`,10,ל-100 גרם,false,8,17.90,1.79,false,1,
7290008343619,false,פסטלים במילוי תפו``א 1 ק``ג קפוא,נטו מלינדה סחר בע`מ,,,יח`,10,ל-100 גרם,false,8,17.90,1.79,false,1,
7290008344272,false,המבורגר%100 400 גרם קפוא,נטו מלינדה סחר בע`מ,,,יח`,4,ל-100 גרם,false,12,20.90,5.23,true,1,
7290008345576,false,איקרא ביתית לבנה 300 גרם,נטו מלינדה סחר בע`מ,,,יח`,3,ל-100 גרם,false,6,19.90,6.63,false,1,
7290008345583,false,איקרא ביתית ורודה 300 גרם,נטו מלינדה סחר בע`מ,,,יח`,3,ל-100 גרם,false,6,19.90,6.63,false,1,
7290008407441,false,ריאות בקר,ג.ת שווק בן בקר בע`מ,,,"ק""ג",1,יח`,true,1,24.90,24.90,false,1,
7290008409049,false,שניצלונים מיני מיני דק בציפוי שומשום 5,תנובה מרכז שיתופי לשיווק תוצרת,,,יח`,5,ל-100 גרם,false,14,25.90,5.18,false,1,
7290008409124,false,שניצל ג`ונגל בציפוי פריך 700 גרם קפוא,תנובה מרכז שיתופי לשיווק תוצרת,,,יח`,7,ל-100 גרם,false,10,34.90,4.99,false,1,
7290008409216,false,שניצל דק דק פריך 700 גרם קפוא,תנובה מרכז שיתופי לשיווק תוצרת,,,יח`,7,ל-100 גרם,false,10,41.90,5.99,false,1,
7290008409223,false,שניצל דק מתובל 700גר קפוא,תנובה מרכז שיתופי לשיווק תוצרת,,,יח`,7,ל-100 גרם,false,1,41.90,5.99,false,1,
7290008409315,false,שניצלונים מיני מיני דק בציפוי פריך 500,תנובה מרכז שיתופי לשיווק תוצרת,,,יח`,5,ל-100 גרם,false,14,24.90,4.98,false,1,
7290008409551,false,שניצל עוף אמיתי בציפוי מעודן 700 גרם ק,תנובה מרכז שיתופי לשיווק תוצרת,,,יח`,7,ל-100 גרם,false,10,41.90,5.99,false,1,
7290008409582,false,שניצל עוף אמיתי בציפוי ביתי 700 גרם קפ,תנובה מרכז שיתופי לשיווק תוצרת,,,יח`,7,ל-100 גרם,false,10,41.90,5.99,false,1,
7290008409605,false,כוכבי עוף בציפוי מעודן 700 גרם קפוא,תנובה מרכז שיתופי לשיווק תוצרת,,,יח`,7,ל-100 גרם,false,10,34.90,4.99,false,1,
7290008409773,false,קציצות עוף אמיתיות קפואות 700 גרם קפוא,תנובה מרכז שיתופי לשיווק תוצרת,,,יח`,7,ל-100 גרם,false,10,31.90,4.56,false,1,
7290008415071,false,חומוס עם טחינה 150 גרם,קבוצת אסם סחר,,,יח`,1.50,ל-100 גרם,false,1,4.90,3.27,false,1,
7290008415576,false,חומוס 850 גרם,קבוצת אסם סחר,,,יח`,8.50,ל-100 גרם,false,1,12.90,1.52,false,1,
7290008462259,false,חרדל דיז`ון גרגרים 380 גרם,א.סיימן סחר בעמ,,,יח`,3.80,ל-100 גרם,false,1,19.90,5.24,true,1,
7290008493413,false,פרורי גרסיני טבעי 200 גרם,דנאגיס בעמ,,,יח`,2,ל-100 גרם,false,16,6.90,3.45,false,1,
7290008644112,false,אחלה יום יום סלט מטבוחה יום יום 125 גרם,שטראוס גרופ בע`מ,,,יח`,1.25,ל-100 גרם,false,24,5.30,4.24,false,1,
7290008644839,false,חסה 300 גרם,ביכורי השדה הצפון בעמ` 1964,,,יח`,3,ל-100 גרם,false,1,9.90,3.30,false,1,
7290008644945,false,סלט המושבה 450 גרם,ביכורי השדה הצפון בעמ` 1964,,,יח`,4.50,יח`,false,1,12.90,2.87,false,1,
7290008645935,false,אחלה חומוס לניגוב 750 גרם,שטראוס גרופ בע`מ,,,יח`,7.50,ל-100 גרם,false,6,10.90,1.45,true,1,
7290008693134,false,גבינה דניאלה תות %5 100 גרם,שטראוס גרופ בע`מ,,,יח`,1.50,"ל-100 מ""ל",false,24,4.30,2.87,false,1,
7290008745239,false,תפוצ`יפס Extra בטעם טבעי 55 גרם,שטראוס פריטו ליי בע`מ,,,יח`,0.55,ל-100 גרם,false,1,3.90,7.09,false,1,
7290008747547,false,תפוצ`יפס Extra בטעם טבעי 200 גרם,שטראוס פריטו ליי בע`מ,,,יח`,2,ל-100 גרם,false,1,10.90,5.45,true,1,
7290008752244,false,תפוצ`יפס Extra בטעם גריל אמריקאי 50,שטראוס פריטו ליי בע`מ,,,יח`,0.50,ל-100 גרם,false,1,3.90,7.80,false,1,
7290008753111,false,תפוצ`יפס בטעם מקסיקני Extra קראנצ`50,שטראוס פריטו ליי בע`מ,,,יח`,0.50,ל-100 גרם,false,1,3.90,7.80,false,1,
7290008754415,false,מסטיק מאסט בטעם מנטה עדין 28 גרם כשלפ,שטראוס גרופ בע`מ,,,יח`,0.28,ל-100 גרם,false,16,4.40,15.71,false,1,
7290008757072,false,"פחית שוופס תות 330 מ""ל",יפאורה - שותפות מוגבלת לשיווק,,,יח`,3.30,"ל-100 מ""ל",false,1,3.90,1.09,true,1,
7290008775816,false,ערגליות שוקו 300 גרם,קבוצת אסם סחר,,,יח`,3,ל-100 גרם,false,1,9.90,3.30,true,1,
7290008775823,false,ערגליות תות 300 גרם,קבוצת אסם סחר,,,יח`,3,ל-100 גרם,false,1,9.90,3.30,true,1,
7290008801119,false,סוביניון בלאן סלקטד לבן יבש 750 מל,אגודת הכורמים,,,יח`,7.50,"ל-100 מ""ל",false,1,29.90,3.95,true,1,
7290008801157,false,יין מרלו סלקטד אדום יבש 750 מל,אגודת הכורמים,,,יח`,7.50,"ל-100 מ""ל",false,1,29.90,3.95,true,1,
7290008801539,false,יין כרמל 100 יין אדום מתוק 750 מל,אגודת הכורמים,,,יח`,7.50,"ל-100 מ""ל",false,1,24.90,3.28,true,1,
7290008801843,false,קברנה סוביניון סלקטד אדום יבש 750 מל,אגודת הכורמים,,,יח`,7.50,"ל-100 מ""ל",false,1,29.90,3.95,true,1,
7290008801850,false,אמרלד ריזלינג לבן חצי יבש 750 מל,אגודת הכורמים,,,יח`,7.50,"ל-100 מ""ל",false,1,29.90,3.95,true,1,
7290008802512,false,יין אדום יבש 750 מל-וינו,אגודת הכורמים,,,יח`,7.50,"ל-100 מ""ל",false,1,21.90,2.88,true,1,
7290008802529,false,יין לבן יבש 750 מל -וינו,אגודת הכורמים,,,יח`,7.50,"ל-100 מ""ל",false,1,21.90,2.88,true,1,
7290008805049,false,זינפנדל יין סמוק חצי מתוק 750 מל,אגודת הכורמים,,,יח`,7.50,"ל-100 מ""ל",false,1,29.90,3.95,true,1,
7290008806985,false,פינוקי גלידה שוקו וניל מצופה 60יח630גר,שטראוס גלידות,,,יח`,6.30,ל-100 גרם,false,1,39.90,6.33,false,1,
7290008849470,false,פלפל צומה ושום 185 גרם,תה ויסוצקי בע`מ,,,יח`,1.85,ל-100 גרם,false,1,13.90,7.51,true,1,
7290008849753,false,רוטב טריאקי עשיר 360 גרם,תה ויסוצקי בע`מ,,,יח`,2.90,"ל-100 מ""ל",false,1,13.90,4.79,false,1,
7290008975551,false,מטרנה פרימיום מהדרין שלב 3 700 גרם,קבוצת אסם סחר,,,יח`,7,ל-100 גרם,false,1,54.90,7.84,false,1,
7290010002023,false,כורכום הודי טחון 100 גרם,א.ל. ייצור ושיווק תבלינים בע`מ,,,יח`,1,ל-100 גרם,false,1,11.90,11.90,false,1,
7290010002030,false,כמון 100 גרם,א.ל. ייצור ושיווק תבלינים בע`מ,,,יח`,1,ל-100 גרם,false,1,11.90,11.90,false,1,
7290010002078,false,פלפל שחור טחון 100 גרם,א.ל. ייצור ושיווק תבלינים בע`מ,,,יח`,1,ל-100 גרם,false,1,14.90,14.90,false,1,
7290010002092,false,פלפל שחור גרוס דק 90 גרם,א.ל. ייצור ושיווק תבלינים בע`מ,,,יח`,9,ל-100 גרם,false,1,14.90,1.66,false,1,
7290010002108,false,פלפל שחור גרוס גס 90 גרם,א.ל. ייצור ושיווק תבלינים בע`מ,,,יח`,9,ל-100 גרם,false,1,14.90,1.66,false,1,
7290010002122,false,פפריקה הונגרית מתוקה 100 גרם,א.ל. ייצור ושיווק תבלינים בע`מ,,,יח`,1,ל-100 גרם,false,1,11.90,11.90,true,1,
7290010002139,false,פפריקה הונגרית חריפה 100 גרם,א.ל. ייצור ושיווק תבלינים בע`מ,,,יח`,1,ל-100 גרם,false,1,11.90,11.90,true,1,
7290010002146,false,פפריקה מרוקאית מתוקה 100 גרם,א.ל. ייצור ושיווק תבלינים בע`מ,,,יח`,1,ל-100 גרם,false,1,11.90,11.90,true,1,
7290010002153,false,פפריקה מרוקאית חריפה 100 גרם,א.ל. ייצור ושיווק תבלינים בע`מ,,,יח`,1,ל-100 גרם,false,1,11.90,11.90,true,1,
7290010002207,false,קינמון טחון 100 גרם,א.ל. ייצור ושיווק תבלינים בע`מ,,,יח`,1,ל-100 גרם,false,1,9.90,9.90,false,1,
7290010002214,false,צילי מקסיקני גרוס 70 גרם,א.ל. ייצור ושיווק תבלינים בע`מ,,,יח`,7,ל-100 גרם,false,1,11.90,1.70,false,1,
7290010002313,false,ראס אל חנות 100 גרם,א.ל. ייצור ושיווק תבלינים בע`מ,,,יח`,1,ל-100 גרם,false,1,11.90,11.90,false,1,
7290010002320,false,תבלין גריל עוף 100 גרם,א.ל. ייצור ושיווק תבלינים בע`מ,,,יח`,1,ל-100 גרם,false,1,11.90,11.90,false,1,
7290010002337,false,תבלין לסטייק 100 גרם,א.ל. ייצור ושיווק תבלינים בע`מ,,,יח`,1,ל-100 גרם,false,1,11.90,11.90,false,1,
7290010002375,false,מדרס קארי 100 גרם,א.ל. ייצור ושיווק תבלינים בע`מ,,,יח`,1,ל-100 גרם,false,1,11.90,11.90,false,1,
7290010002405,false,טימין הררי 40 גרם,א.ל. ייצור ושיווק תבלינים בע`מ,,,יח`,4,ל-100 גרם,false,1,9.90,2.48,false,1,
7290010002429,false,עלי דפנה 20 גרם,א.ל. ייצור ושיווק תבלינים בע`מ,,,יח`,0.20,ל-100 גרם,false,1,9.90,49.50,false,1,
7290010002498,false,שום גבישי 120 גרם,א.ל. ייצור ושיווק תבלינים בע`מ,,,יח`,1.20,ל-100 גרם,false,1,14.90,12.42,false,1,
7290010002597,false,כוסברה ירוקה 30 גרם,א.ל. ייצור ושיווק תבלינים בע`מ,,,יח`,0.20,ל-100 גרם,false,1,9.90,49.50,false,1,
7290010002726,false,תבלין לפרגיות 100 גרם,א.ל. ייצור ושיווק תבלינים בע`מ,,,יח`,1,ל-100 גרם,false,1,11.90,11.90,false,1,
7290010003686,false,עלי דפנה שקית 20 גרם,א.ל. ייצור ושיווק תבלינים בע`מ,,,יח`,2,ל-100 גרם,false,1,5.90,2.95,false,1,
7290010003693,false,פפריקה מתוקה שקית 80 גרם,א.ל. ייצור ושיווק תבלינים בע`מ,,,יח`,8,ל-100 גרם,false,1,5.90,0.74,false,1,
7290010003709,false,פלפל שחור טחון שקית 50 גרם,א.ל. ייצור ושיווק תבלינים בע`מ,,,יח`,5,ל-100 גרם,false,1,8.90,1.78,false,1,
7290010003754,false,כמון טחון שקית 50 גרם,א.ל. ייצור ושיווק תבלינים בע`מ,,,יח`,5,ל-100 גרם,false,1,5.90,1.18,false,1,
7290010003761,false,כורכום טחון שקית 80 גרם,א.ל. ייצור ושיווק תבלינים בע`מ,,,יח`,8,ל-100 גרם,false,1,5.90,0.74,false,1,
7290010003778,false,תבלין לגריל עוף שקית 80 גרם,א.ל. ייצור ושיווק תבלינים בע`מ,,,יח`,8,ל-100 גרם,false,1,5.90,0.74,false,1,
7290010003792,false,מלח לימון שקית 100 גרם,א.ל. ייצור ושיווק תבלינים בע`מ,,,יח`,1,ל-100 גרם,false,1,5.90,5.90,false,1,
7290010003822,false,פפריקה חריפה שקית 80 גרם,א.ל. ייצור ושיווק תבלינים בע`מ,,,יח`,8,ל-100 גרם,false,1,5.90,0.74,false,1,
7290010003839,false,קינמון טחון שקית 80 גרם,א.ל. ייצור ושיווק תבלינים בע`מ,,,יח`,8,ל-100 גרם,false,1,5.90,0.74,false,1,
7290010003846,false,אורגנו שקית 20 גרם,א.ל. ייצור ושיווק תבלינים בע`מ,,,יח`,2,ל-100 גרם,false,1,5.90,2.95,false,1,
7290010007042,false,לחם שיפון קלאסיק 650 גרם,מאפיית קלאסיק,,,יח`,6.50,ל-100 גרם,false,1,13.90,2.14,false,1,
7290010007066,false,לחם בורודינסקי קלאסיק 650 גרם,מאפיית קלאסיק,,,יח`,6.50,ל-100 גרם,false,1,13.90,2.14,false,1,
7290010007073,false,לחם בריאות עם סובין קלאסיק 650 גרם,מאפיית קלאסיק,,,יח`,6.50,ל-100 גרם,false,1,13.90,2.14,false,1,
7290010007103,false,לחם ריז`סקי קלאסיק 650 גרם,מאפיית קלאסיק,,,יח`,6.50,ל-100 גרם,false,1,13.90,2.14,false,1,
7290010007127,false,לחם שיפון קל קלאסיק 650 גרם,מאפיית קלאסיק,,,יח`,6.50,ל-100 גרם,false,1,13.90,2.14,false,1,
7290010007165,false,לחם מיוחד קלאסיק 650 גרם,מאפיית קלאסיק,,,יח`,6.50,ל-100 גרם,false,1,13.90,2.14,false,1,
7290010007202,false,לחם שיפון קל עם סובין קלאסיק 650 גרם,מאפיית קלאסיק,,,יח`,6.50,ל-100 גרם,false,1,13.90,2.14,false,1,
7290010007219,false,לחם דגנים קלאסיק 650 גרם,מאפיית קלאסיק,,,יח`,6.50,ל-100 גרם,false,1,13.90,2.14,false,1,
7290010018093,false,טושקנה בקר במיץ טבעי 400 גרם,דולינה טרייד בעמ,,,יח`,4,"ל-100 מ""ל",false,1,19.90,4.98,false,1,
7290010023141,false,תה חליטת פירות לימונענע 2.2ג*25 שקיק,תה ויסוצקי בע`מ,,,יח`,0.50,ל-100 גרם,false,1,18.90,37.80,true,1,
7290010065332,false,פרינוק מחית בננה ותפוע שלב3 190גרם,גורי מוצרי צריכה 1991 בע`מ,,,יח`,1.90,ל-100 גרם,false,1,6.90,3.63,true,1,
7290010116980,false,שוקולית אבקה להכנת משקה שוקו שקית 850,שטראוס גרופ בע`מ,,,יח`,8.50,ל-100 גרם,false,6,17.90,2.11,false,1,
7290010117864,false,חטיף דוריטוס חריף אש 70 גרם,שטראוס פריטו ליי בע`מ,,,יח`,0.70,ל-100 גרם,false,1,3.90,5.57,true,1,
7290010117970,false,סבבה בוטנים אמריקאים 50 גר`,שטראוס פריטו ליי בע`מ,,,יח`,0.50,ל-100 גרם,false,1,1.90,3.80,false,1,
7290010124503,false,שומן כבש קפוא ארוז 200גר,בלדי בע`מ,,,יח`,2,ל-100 גרם,false,30,11.90,5.95,false,1,
7290010154005,false,סחוג תימני 250 גרם,נטו מלינדה סחר בע`מ,,,יח`,2.50,ל-100 גרם,false,12,12.90,5.16,false,1,
7290010154012,false,לימון כבוש 250 גר`,נטו מלינדה סחר בע`מ,,,יח`,2.50,ל-100 גרם,false,12,12.90,5.16,false,1,
7290010154036,false,עמבה 250 גר`,נטו מלינדה סחר בע`מ,,,יח`,2.50,ל-100 גרם,false,12,12.90,5.16,false,1,
7290010154050,false,ממרח שיפקה כבוש 250 גרם,נטו מלינדה סחר בע`מ,,,יח`,2.50,ל-100 גרם,false,12,12.90,5.16,false,1,
7290010154241,false,חזרת 250 גרם,נטו מלינדה סחר בע`מ,,,יח`,2.50,ל-100 גרם,false,1,13.90,5.56,false,1,
7290010154265,false,פלפל שומה 250 גרם,נטו מלינדה סחר בע`מ,,,יח`,2.50,ל-100 גרם,false,12,13.90,5.56,false,1,
7290010154418,false,סחוג אדום 130 גרם,נטו מלינדה סחר בע`מ,,,יח`,1.30,ל-100 גרם,false,12,7.90,6.08,false,1,
7290010154425,false,סחוג ירוק 130 גרם,נטו מלינדה סחר בע`מ,,,יח`,1.30,ל-100 גרם,false,12,7.90,6.08,false,1,
7290010195268,false,פופקורן למיקרוגל טבעי 5*100 גרם דל שומ,דנאגיס בעמ,,,יח`,5,ל-100 גרם,false,1,14.90,2.98,false,1,
7290010237531,false,פפסי קולה בקבוק 500 מ``ל,טמפו משקאות בע`מ,,,יח`,5,"ל-100 מ""ל",false,24,4.80,0.90,false,1,
7290010237548,false,פפסי מקס בקבוק 500 מ``ל,טמפו משקאות בע`מ,,,יח`,5,"ל-100 מ""ל",false,24,4.80,0.90,false,1,
7290010237562,false,מירינדה 500 מל פלסטיק,טמפו משקאות בע`מ,,,יח`,5,"ל-100 מ""ל",false,24,4.80,0.90,false,1,
7290010237579,false,סבן אפ 500 מל,טמפו משקאות בע`מ,,,יח`,5,"ל-100 מ""ל",false,24,4.80,0.90,false,1,
7290010237586,false,משקה דיאט 7UP בקבוק 500 מ``ל,טמפו משקאות בע`מ,,,יח`,5,"ל-100 מ""ל",false,24,4.80,0.90,false,1,
7290010259366,false,אטריות ביצים מסולסלות 200 גרם,ג. וילי-פוד אינטרנשיונל בע`מ,,,יח`,2,ל-100 גרם,false,24,4.90,2.45,false,1,
7290010259823,false,מנת השף נודלס בטעם עוף 70 גרם,ג. וילי-פוד אינטרנשיונל בע`מ,,,יח`,7,ל-100 גרם,false,1,4.90,0.70,false,1,
7290010259830,false,מנת השף נודלס בסגנון סיני-פיקנטי 70ג,ג. וילי-פוד אינטרנשיונל בע`מ,,,יח`,7,ל-100 גרם,false,1,4.90,0.70,false,1,
7290010259847,false,מנת השף נודלס בטעם תירס 70 גרם,ג. וילי-פוד אינטרנשיונל בע`מ,,,יח`,7,ל-100 גרם,false,24,4.90,0.70,false,1,
7290010259854,false,מנת השף נודלס בטעם פטריות 70 גרם,ג. וילי-פוד אינטרנשיונל בע`מ,,,יח`,7,ל-100 גרם,false,24,4.90,0.70,false,1,
7290010259861,false,מנת השף נודלס עם ירקות 70 גרם,ג. וילי-פוד אינטרנשיונל בע`מ,,,יח`,7,ל-100 גרם,false,1,4.90,0.70,false,1,
7290010259991,false,צנימים 250 גרם,ג. וילי-פוד אינטרנשיונל בע`מ,,,יח`,2.50,ל-100 גרם,false,24,7.90,3.16,false,1,
7290010328246,false,טחינה משומשום מלא 500 גרם,אחדות ביתחרושת לטחינה חלבה,,,יח`,5,ל-100 גרם,false,1,10.90,2.18,true,1,
7290010328253,false,טחינה משומשום טבעי 500 גרם,אחדות ביתחרושת לטחינה חלבה,,,יח`,5,ל-100 גרם,false,1,10.90,2.18,true,1,
7290010471669,false,דנונה בר תות קורנפלקס 175מ`ל,שטראוס גרופ בע`מ,,,יח`,1.75,"ל-100 מ""ל",false,24,4.60,2.63,false,1,
7290010472390,false,דני מעדן שוקולד %1.5 8*125 גרם,שטראוס גרופ בע`מ,,,יח`,1.28,ל-100 גרם,false,3,15.90,12.42,false,1,
7290010548514,false,עשבי תיבול לבישול איטלקי 70 גרם,קבוצת אסם סחר,,,יח`,0.70,ל-100 גרם,false,1,12.90,18.43,false,1,
7290010627004,false,טחינה ירושליים 500 גר`,תה ויסוצקי בע`מ,,,יח`,5,ל-100 גרם,false,1,15.90,3.18,true,1,
7290010627844,false,טחינה ירושליים 500 מלא,תה ויסוצקי בע`מ,,,יח`,5,ל-100 גרם,false,1,15.90,3.18,true,1,
7290010650033,false,בצלצלי שלוט מגשית 350 גר,ביכורי השדה הצפון בעמ` 1964,,,יח`,1,,false,1,12.90,12.90,false,1,
7290010650088,false,פטריות שמפיניון יבשות,ביכורי השדה הצפון בעמ` 1964,,,יח`,0.25,ל-100 גרם,false,1,9.90,39.60,false,1,
7290010650828,false,פטריות שי מג`י לבן,ביכורי השדה הצפון בעמ` 1964,,,יח`,1,,false,1,11.90,11.90,false,1,
7290010650996,false,פטריות שי מג`י חום,ביכורי השדה הצפון בעמ` 1964,,,יח`,1,,false,1,11.90,11.90,false,1,
7290010711451,false,סבון אסלה כחול*3יח בניחוח מרענן,מ.א. יצור ויבוא מטליות בעמ`,,,יח`,1,,false,1,10.90,10.90,false,1,
7290010711901,false,מיקרופייבר שלישייה לרצפה שייני,מ.א. יצור ויבוא מטליות בעמ`,,,יח`,1,,false,1,13.90,13.90,false,1,
7290010711918,false,מיקרופייבר חמישייה לניקוי כללי,מ.א. יצור ויבוא מטליות בעמ`,,,יח`,1,,false,1,7.90,7.90,false,1,
7290010766185,false,רוטב לפסטה עגבניות ובזיליקום,תה ויסוצקי בע`מ,,,יח`,4.20,ל-100 גרם,false,12,13.90,3.31,true,1,
7290010766734,false,רוטב פיצה 415 גרם,תה ויסוצקי בע`מ,,,יח`,4.30,"ל-100 מ""ל",false,1,13.90,3.23,true,1,
7290010766949,false,ממרח תחתיות לארטישוק,תה ויסוצקי בע`מ,,,יח`,1.80,ל-100 גרם,false,12,13.90,7.72,true,1,
7290010766956,false,ממרח פלפלים קלויים,תה ויסוצקי בע`מ,,,יח`,1,,false,12,13.90,13.90,true,1,
7290010814701,false,שוקולד חלב ללא סוכר 85 גרם,כרמית תעשיות ממתקים בעמ,,,יח`,0.85,ל-100 גרם,false,1,6.90,8.12,false,1,
7290010838424,false,טואלט דאק נוזל לאסלה ירוק 2*750 מל,דנאגיס בעמ,,,יח`,1.50,לליטר,false,1,18.90,12.60,false,1,
7290010839865,false,רכז רימונים 320 גר`,ג. וילי-פוד אינטרנשיונל בע`מ,,,יח`,3.20,"ל-100 מ""ל",false,1,11.70,3.66,false,1,
7290010883042,false,סנובון נוזלי לאסלה תות 750 מל,החב. הדרומית לשיווק,,,יח`,7.50,"ל-100 מ""ל",false,12,10.90,1.45,true,1,
7290010883356,false,סושי כפפות אלוורה L,החב. הדרומית לשיווק,,,יח`,1,,false,1,10.90,10.90,false,1,
7290010883370,false,סושי כפפות אלוורה M,החב. הדרומית לשיווק,,,יח`,1,,false,12,10.90,10.90,false,1,
7290010922017,false,אננס קפוא 250 גר` shake i,בלדי בע`מ,,,יח`,2.50,ל-100 גרם,false,1,11.90,4.76,false,1,
7290010922024,false,פסיפלורה קפוא 250 גר` shake it,בלדי בע`מ,,,יח`,2.50,ל-100 גרם,false,1,11.90,4.76,true,1,
7290010945146,false,קוטג` טרה 3% מועשר 250 גרם,החברה המרכזית להפצה,,,יח`,2.50,ל-100 גרם,false,1,5.60,2.24,false,1,
7290010945450,false,גבינה לבנה רכה מהדרין %3 250 גרם,החברה המרכזית להפצה,,,יח`,2.50,ל-100 גרם,false,1,5,2,false,1,
7290011015862,false,סירופ דיאט לימונענע 750 מל פיקדון,החברה המרכזית להפצת משקאות בע`,,,יח`,7.50,"ל-100 מ""ל",false,6,21.90,2.88,false,1,
7290011018832,false,קוקה קולה Fridge Pack פחית 6*330 מל,החברה המרכזית להפצת משקאות בע`,,,יח`,19.80,"ל-100 מ""ל",false,4,29.90,1.42,false,1,
7290011018924,false,קוקה קולה דיאט Fridge Pack פחית6*330,החברה המרכזית להפצת משקאות בע`,,,יח`,19.80,"ל-100 מ""ל",false,4,27.70,1.31,false,1,
7290011081690,false,קרמיסימו פרווה שוקו צ`יפ וניל צ`יפ1.,שטראוס גלידות,,,יח`,13.30,"ל-100 מ""ל",false,1,19.90,1.50,false,1,
7290011126469,false,תה הגן הקסום קמומיל ודבש 25*1.5גרם,תה ויסוצקי בע`מ,,,יח`,0.3750,ל-100 גרם,false,1,18.90,50.40,true,1,
7290011126940,false,תה ירוק בתוספת מרווה 25שק`*1.5גרם,תה ויסוצקי בע`מ,,,יח`,0.3750,ל-100 גרם,false,1,22.90,61.07,true,1,
7290011126957,false,תה ירוק ארל גריי 25שק`*1.5 גרם,תה ויסוצקי בע`מ,,,יח`,0.3750,ל-100 גרם,false,1,22.90,61.07,true,1,
7290011133368,false,בירה מכבי שנדי תפוח בקבוק 6*330מל,טמפו משקאות בע`מ,,,יח`,19.80,"ל-100 מ""ל",false,4,34.90,1.67,true,1,
7290011142827,false,פיתה כוסמין,מאפיית דואט בעמ`,,,יח`,1,ל-100 גרם,false,1,16.90,16.90,false,1,
7290011142834,false,פיתה חיטה מלאה,מאפיית דואט בעמ`,,,יח`,1,ל-100 גרם,false,1,15.90,15.90,false,1,
7290011174903,false,שעועית ירוקה עדינה שלמה 600 גרם,ויטה פרי גליל (החדשה) בע`מ,,,יח`,6,ל-100 גרם,false,1,12.90,2.15,false,1,
7290011194215,false,גבינה דניאלה בננה 5% 100 גרם,שטראוס גרופ בע`מ,,,יח`,1.50,"ל-100 מ""ל",false,24,4.30,2.87,false,1,
7290011194246,false,קוטג`שטראוס 5% 250 גרם,שטראוס גרופ בע`מ,,,יח`,2.50,ל-100 גרם,false,12,5.90,2.36,false,1,
7290011223038,false,עלים לקרמשניט 300 גרם,דנאגיס בעמ,,,יח`,3,ל-100 גרם,false,1,17.90,5.97,false,1,
7290011223045,false,בישקוטים 200 ג`ר,דנאגיס בעמ,,,יח`,2,ל-100 גרם,false,1,6.90,3.45,false,1,
7290011249212,false,וופל בלגי לימון 200 גרם,מ.ד אטיאס סוכנויות מזון בע`מ,,,יח`,2,ל-100 גרם,false,1,2.90,1.45,false,1,
7290011249748,false,רולים שוקו 100 גרם,מ.ד אטיאס סוכנויות מזון בע`מ,,,יח`,1,ל-100 גרם,false,1,3.90,3.90,false,1,
7290011435226,false,דבש טהור פרחי בר לחיץ 650גר,שטראוס גרופ בע`מ,,,יח`,6.50,ל-100 גרם,false,9,34.90,5.37,false,1,
7290011438142,false,יטבתה משקה קפה בקבוק 350 מל,שטראוס גרופ בע`מ,,,יח`,3.50,"ל-100 מ""ל",false,6,6.40,1.83,false,1,
7290011447281,false,מטרנה חלבי שלב 2 700 גרם,קבוצת אסם סחר,,,יח`,7,ל-100 גרם,false,1,54.90,7.84,false,1,
7290011473006,false,קינואה אורגני 500 גרם,גורי מוצרי צריכה 1991 בע`מ,,,יח`,5,ל-100 גרם,false,1,16.90,3.38,false,1,
7290011473242,false,פשתן זרעים 500 גרם,גורי מוצרי צריכה 1991 בע`מ,,,יח`,5,ל-100 גרם,false,1,10.90,2.18,false,1,
7290011499112,false,גבינה בולגרית 16% 250 גרם,מחלבות גד בעמ`,,,יח`,2.50,ל-100 גרם,false,1,24.70,9.88,false,1,
7290011499358,false,גבינת פטה עיזים 200 גרם,מחלבות גד בעמ`,,,יח`,2,ל-100 גרם,false,1,27.90,13.95,false,1,
7290011499419,false,גבינת ניו יורק לייט טבעי 5%,מחלבות גד בעמ`,,,יח`,2,ל-100 גרם,false,1,11.90,5.95,false,1,
7290011515911,false,שלגוני לייט ריבת חלב עם סירופ 6*52 גרם,נגה גלידות שותפות מוגבלת,,,יח`,0.52,ל-100 גרם,false,1,27.90,53.65,false,1,
7290011518561,false,דנונה Actimel בטעם תות שדה 14*100 מל,שטראוס גרופ בע`מ,,,יח`,1,ל-100 גרם,false,3,29.90,29.90,false,1,
7290011524548,false,גרגירי חומוס 800 גרם,ויטה פרי גליל (החדשה) בע`מ,,,יח`,8,ל-100 גרם,false,20,12.90,1.61,false,1,
7290011524555,false,שעועית לבנה מבושלת 800 גרם,ויטה פרי גליל (החדשה) בע`מ,,,יח`,8,ל-100 גרם,false,20,12.90,1.61,false,1,
7290011570781,false,עוגה בטעם וניל 450 גר``כרגיל`,תומר ייבוא ושיווק מוצרי מזון [,,,יח`,4.50,ל-100 גרם,false,10,19.90,4.42,false,1,
7290011587079,false,חרדל דיז`ון 370 גר`גרגירים,תומר ייבוא ושיווק מוצרי מזון [,,,יח`,3.70,ל-100 גרם,false,1,9.90,2.68,false,1,
7290011587635,false,מקרל מרוקאי ברוטב עגבניות,תומר ייבוא ושיווק מוצרי מזון [,,,יח`,1.25,ל-100 גרם,false,1,4.90,3.92,false,1,
7290011587642,false,מקרל מרוקאי חריף,תומר ייבוא ושיווק מוצרי מזון [,,,יח`,1.25,ל-100 גרם,false,1,4.90,3.92,false,1,
7290011587758,false,נודלס 200 גר`דק,תומר ייבוא ושיווק מוצרי מזון [,,,יח`,2,ל-100 גרם,false,1,4.90,2.45,false,1,
7290011587765,false,נודלס 200 גר`עבה,תומר ייבוא ושיווק מוצרי מזון [,,,יח`,2,ל-100 גרם,false,1,4.90,2.45,false,1,
7290011587833,false,עגבניות מיובשות שלמות 340 גר`,תומר ייבוא ושיווק מוצרי מזון [,,,יח`,1,,false,1,12.90,12.90,false,1,
7290011587840,false,עגבניות מיובשות קצוצות 340 גר`,תומר ייבוא ושיווק מוצרי מזון [,,,יח`,1,,false,1,12.90,12.90,false,1,
7290011593087,false,שמן זית כתית מעולה 750 מ`ל,בני פאוזי שמשום,,,יח`,7.50,"ל-100 מ""ל",false,1,29.90,3.99,true,1,
7290011598259,false,סנו פרש אוטומטיק ג`ינג`ר ואשכולית 25,החב. הדרומית לשיווק,,,יח`,2.50,"ל-100 מ""ל",false,12,14.90,5.96,false,1,
7290011765095,false,קרמה ג`ל גילוח לעור עדין 200 מל,החב. הדרומית לשיווק,,,יח`,2,"ל-100 מ""ל",false,12,11.90,5.95,false,1,
7290011765392,false,כיף בוב ספוג שמפו לילדים 750 מל,החב. הדרומית לשיווק,,,יח`,7.50,"ל-100 מ""ל",false,12,11.90,1.59,false,1,
7290011765408,false,כיף בוב ספוג שמפו 2ב1 לילדים 750 מל,החב. הדרומית לשיווק,,,יח`,7.50,"ל-100 מ""ל",false,1,11.90,1.59,false,1,
7290011765422,false,כיף בוב ספוג אל סבון קמומיל לילדים 7,החב. הדרומית לשיווק,,,יח`,7.50,"ל-100 מ""ל",false,12,11.90,1.59,false,1,
7290011800840,false,טחינה לבנה רפי 400 גר`בד`צ,קבוצת אסם סחר,,,יח`,4,ל-100 גרם,false,1,17.90,4.48,false,1,
7290011876388,false,קציצות עוף ובקר 600גר קפוא,תנובה מרכז שיתופי לשיווק תוצרת,,,יח`,6,ל-100 גרם,false,12,34.90,5.82,false,1,
7290011877088,false,נייר כסף(זוגות),החב. הדרומית לשיווק,,,יח`,1,,false,12,14.90,14.90,false,1,
7290011877859,false,סנו אינסטלטור 200 גרם,החב. הדרומית לשיווק,,,יח`,2,ל-100 גרם,false,12,14.90,7.45,false,1,
7290011912642,false,שטיפת פה ליסטרין הגנה על השיניים והחני,שקד תבל בע`מ,,,יח`,5,"ל-100 מ""ל",false,1,14.90,2.98,false,1,
7290011931193,false,סוכרזית סוכרלוז כפית לכפית 100 גרם,שטראוס גרופ בע`מ,,,יח`,1,,false,6,28.90,28.90,false,1,
7290011964344,false,שום גבישי,תבליני טעם וריח,,,יח`,1,,false,1,9.90,9.90,true,1,
7290011996000,false,איטריות עגבניות 454 גר`אסיה,טחנת האבן קואופ בעמ,,,יח`,4.54,ל-100 גרם,false,1,9.90,2.18,false,1,
7290011996017,false,איטריות תרד 400 גר`אסיה,טחנת האבן קואופ בעמ,,,יח`,4.54,ל-100 גרם,false,1,9.90,2.18,false,1,
7290011996031,false,איטריות ביצים 454 גר`אסיה,טחנת האבן קואופ בעמ,,,יח`,4.54,ל-100 גרם,false,1,9.90,2.18,false,1,
7290011996086,false,"רוטב צ`ילי חריף אסיה 700 מ""ל",טחנת האבן קואופ בעמ,,,יח`,7,ל-100 גרם,false,1,9.90,1.41,false,1,
7290011996109,false,רוטב צ`ילי מתוק,טחנת האבן קואופ בעמ,,,יח`,7,"ל-100 מ""ל",false,1,9.90,1.41,false,1,
7290011996130,false,אצות נורי סילוור,טחנת האבן קואופ בעמ,,,יח`,10,"ל-100 מ""ל",false,1,9.90,0.99,false,1,
7290011996178,false,רוטב סויה יפני 300מ`ל,טחנת האבן קואופ בעמ,,,יח`,1.60,ל-100 גרם,false,1,10.20,6.38,false,1,
7290011996222,false,מי קוקוס 400מ`ל,טחנת האבן קואופ בעמ,,,יח`,4,ל-100 גרם,false,1,5.90,1.48,false,1,
7290011996499,false,מקלוני אורז דק 400גר אסיה,טחנת האבן קואופ בעמ,,,יח`,4,ל-100 גרם,false,1,8.90,2.23,false,1,
7290011996512,false,מקלוני אורז 3 ממ 454גר אסיה,טחנת האבן קואופ בעמ,,,יח`,4.54,ל-100 גרם,false,1,7.90,1.74,false,1,
7290011996529,false,מקלוני אורז 5 ממ 454גר אסיה,טחנת האבן קואופ בעמ,,,יח`,4.54,ל-100 גרם,false,1,7.90,1.74,false,1,
7290011996550,false,רוטב הויסין 240 גר`אסיה,טחנת האבן קואופ בעמ,,,יח`,2.40,ל-100 גרם,false,1,11.90,4.96,false,1,
7290011996581,false,רוטב חמוץ מתוק 300מל,טחנת האבן קואופ בעמ,,,יח`,3,ל-100 גרם,false,1,10.90,3.63,false,1,
7290011996604,false,רוטב פד תאי 300מל,טחנת האבן קואופ בעמ,,,יח`,3,ל-100 גרם,false,1,12.90,4.30,false,1,
7290011996642,false,שומשום שחור קלוי 100גר,טחנת האבן קואופ בעמ,,,יח`,1,ל-100 גרם,false,1,12.90,12.90,false,1,
7290011996703,false,אצות וואקמה 100 גר`אסיה,טחנת האבן קואופ בעמ,,,יח`,10,ל-100 גרם,false,1,19.90,1.99,false,1,
7290011996758,false,טמפורה 500 מל,טחנת האבן קואופ בעמ,,,יח`,5,ל-100 גרם,false,1,10.90,2.18,false,1,
7290011996819,false,מקלוני אורז שעועית 250גר אסיה,טחנת האבן קואופ בעמ,,,יח`,2.50,ל-100 גרם,false,1,6.90,2.76,false,1,
7290011996888,false,רוטב טריאקי 300מל,טחנת האבן קואופ בעמ,,,יח`,3,ל-100 גרם,false,1,9.90,3.30,false,1,
7290012001994,false,חרדל דיז`ון עם גרעינים שלמים 350 גרם,דיפלומט מפיצים (1968) בע`מ,,,יח`,3.50,ל-100 גרם,false,12,12.90,3.69,false,1,
7290012019258,false,רסק תפוח 4 יח`,תומר ייבוא ושיווק מוצרי מזון [,,,יח`,4.52,ל-100 גרם,false,12,11.90,2.63,false,1,
7290012019265,false,רסק תפו דיאט 4 יח`452 גרם,תומר ייבוא ושיווק מוצרי מזון [,,,יח`,4.52,ל-100 גרם,false,12,10.90,2.41,false,1,
7290012022203,false,פריכיות חיטה מלאה 60 גרם,דילייט 2005 בע`מ,,,יח`,0.60,ל-100 גרם,false,1,13.90,23.17,false,1,
7290012022227,false,פריכיות חיטה טבעי 60 גרם,דילייט 2005 בע`מ,,,יח`,0.60,ל-100 גרם,false,1,12.90,21.50,false,1,
7290012116032,false,כיף מרכך פיות 750 מל,החב. הדרומית לשיווק,,,יח`,7.50,"ל-100 מ""ל",false,1,11.90,1.59,false,1,
7290012116612,false,אורביטול מברשת שיניים סופט 4 יח`,החב. הדרומית לשיווק,,,יח`,0,ל-100 גרם,false,24,10.90,10.90,false,1,
7290012116629,false,תחליב סנו די לתינוקות+ילדים,החב. הדרומית לשיווק,,,יח`,1,,false,12,19.90,19.90,false,1,
7290012117350,false,ריצפז פרש לבנדר 2 ליטר,החב. הדרומית לשיווק,,,יח`,20,"ל-100 מ""ל",false,8,17.90,0.90,true,1,
7290012117565,false,סושי 100 כפפות לטקס S,החב. הדרומית לשיווק,,,יח`,1,,false,10,29.90,29.90,false,1,
7290012117572,false,סושי 100 כפפות לטקס M,החב. הדרומית לשיווק,,,יח`,1,,false,10,29.90,29.90,false,1,
7290012117589,false,סושי 100 כפפות לטקס L,החב. הדרומית לשיווק,,,יח`,1,,false,10,29.90,29.90,false,1,
7290012117732,false,מרכך כביסה סנו מקסימה קול 4 ליטר,החב. הדרומית לשיווק,,,יח`,40,"ל-100 מ""ל",false,6,21.90,0.55,false,1,
7290012226021,false,סלמי מעושן פראג 400גר,נקניק זוגלובק נהריה,,,יח`,4,ל-100 גרם,false,1,22.40,5.60,false,1,
7290012226939,false,קבנוס זוגלובק צ`ילי 135 גרם,נקניק זוגלובק נהריה,,,יח`,1.35,ל-100 גרם,false,1,10.90,8.07,false,1,
7290012226991,false,נקניקיות ג`מבו 1.5קג`,נקניק זוגלובק נהריה,,,יח`,15,ל-100 גרם,false,1,29.90,1.99,false,1,
7290012227172,false,פסטרמה כפרית חרמון 2יח*300גר,נקניק זוגלובק נהריה,,,יח`,8,ל-100 גרם,false,1,29.90,3.74,false,1,
7290012227691,false,סלמי תה פפרוני 360 גר`,נקניק זוגלובק נהריה,,,יח`,3.60,ל-100 גרם,false,1,19.90,5.53,false,1,
7290012227912,false,קבנוס מעודן 110 גר`,נקניק זוגלובק נהריה,,,יח`,1.10,ל-100 גרם,false,1,10.90,9.91,false,1,
7290012245312,false,"צ`יפס אמריקאי גולד 1.5 ק""ג",קפוא זן תעשיות מזון בעמ,,,יח`,15,ל-100 גרם,false,1,19.90,1.33,false,1,
7290012245329,false,"צ`יפס קלאסי גולד 1.5 ק""ג",קפוא זן תעשיות מזון בעמ,,,יח`,15,ל-100 גרם,false,1,19.90,1.33,false,1,
7290012245336,false,"צ`יפס סטייק גולד 1.5 ק""ג",קפוא זן תעשיות מזון בעמ,,,יח`,15,ל-100 גרם,false,1,19.90,1.33,false,1,
7290012313080,false,זית מרוקאי ללא גלעין 195 גר`,קבוצת יבנה,,,יח`,1.95,ל-100 גרם,false,1,12.90,6.62,false,1,
7290012404955,false,ספרינג נקטר חמוציות1.25טר,יפאורה - שותפות מוגבלת לשיווק,,,יח`,12,"ל-100 מ""ל",false,1,12.90,1.05,false,1,
7290012413636,false,תה ירוק צ`אי מסאלה 25שק`*1.5 גרם,תה ויסוצקי בע`מ,,,יח`,0.3750,ל-100 גרם,false,1,22.90,61.07,true,1,
7290012413643,false,תה ירוק קמומיל,תה ויסוצקי בע`מ,,,יח`,0.3750,ל-100 גרם,false,1,22.90,61.07,true,1,
7290012522581,false,שניצל תירס ללא גלוטן 664 גרם טבעול קפו,קבוצת אסם סחר,,,יח`,6.64,ל-100 גרם,false,1,28.90,4.35,true,1,
7290012561405,false,בצל חצי מטוגן,קבוצת אסם סחר,,,יח`,16,ל-100 גרם,false,1,10.90,0.68,false,1,
7290012642586,false,ערמונים קלופים 100 גר`,תומר ייבוא ושיווק מוצרי מזון [,,,יח`,8,יח`,false,1,5.90,0.74,true,1,
7290012645112,false,יוגורט עיזים בדלי 750 מ`ל,שטראוס גרופ בע`מ,,,יח`,7.50,ל-100 גרם,false,6,21.90,2.92,false,1,
7290012645129,false,יוגורט כבשים בדלי 750 מ`ל,שטראוס גרופ בע`מ,,,יח`,7.50,ל-100 גרם,false,6,19.90,2.65,false,1,
7290012645297,false,יוגורט עיזים בטעם טבעי 150מ`ל,שטראוס גרופ בע`מ,,,יח`,1.50,ל-100 גרם,false,8,5.90,3.93,false,1,
7290012645389,false,יוגורט עיזים טבעי בבקבוק 1 ליטר,שטראוס גרופ בע`מ,,,יח`,10,ל-100 גרם,false,6,22.90,2.29,false,1,
7290012803451,false,טוסו מר`שוקולד מריר 62% 100 גר`,דנאגיס בעמ,,,יח`,1,ל-100 גרם,false,1,10.90,10.90,false,1,
7290012803765,false,טוסו מר`שוקולד מריר 100 גר`,דנאגיס בעמ,,,יח`,1,ל-100 גרם,false,1,10.90,10.90,false,1,
7290012823251,false,כיף סבון נוזלי יסמין לבנר 1 ליטר,החב. הדרומית לשיווק,,,יח`,1,,false,12,12.90,12.90,false,1,
7290012823541,false,סנו ריצפז פרש מטליות לחות לריצפה,החב. הדרומית לשיווק,,,יח`,1,,false,12,12.90,12.90,false,1,
7290012823602,false,סופט 32 גלילים פרש לבן,החב. הדרומית לשיווק,,,יח`,25.50,ל-100 גרם,false,1,34.90,1.37,false,1,
7290012823657,false,מילוי רסס כבס 750 מל,החב. הדרומית לשיווק,,,יח`,7.50,"ל-100 מ""ל",false,12,11.90,1.59,false,1,
7290012823916,false,סנו מקסימה ג`ל כביסה מרוכז 5 ל`נואר,החב. הדרומית לשיווק,,,יח`,50,"ל-100 מ""ל",false,4,44.90,0.90,false,1,
7290012864001,false,נבטי חמניה,ביכורי השדה הצפון בעמ` 1964,,,יח`,1,,false,1,8.90,8.90,false,1,
7290012864025,false,נבטי אלפלפא,ביכורי השדה הצפון בעמ` 1964,,,יח`,1,,false,1,6.90,6.90,false,1,
7290012911095,false,רוטב סויה מתוקה,טחנת האבן קואופ בעמ,,,יח`,1,,false,1,10.90,10.90,false,1,
7290012911170,false,מיסו כהה 500גר אסיה,טחנת האבן קואופ בעמ,,,יח`,1,,false,1,10.90,10.90,false,1,
7290012911187,false,מיסו בהיר 500גר אסיה,טחנת האבן קואופ בעמ,,,יח`,5,"ל-100 מ""ל",false,1,10.90,2.18,false,1,
7290012911262,false,מירין משובח 500מ`ל,טחנת האבן קואופ בעמ,,,יח`,1,,false,1,21.90,21.90,false,1,
7290012911293,false,דפי אורז אסיה,טחנת האבן קואופ בעמ,,,יח`,5,ל-100 גרם,false,1,10.90,2.18,false,1,
7290012911415,false,ממרח קארי ירוק 400 גר`אסיה,טחנת האבן קואופ בעמ,,,יח`,1,,false,1,16.90,16.90,false,1,
7290012911422,false,ממרח קארי אדום 400 גר`אסיה,טחנת האבן קואופ בעמ,,,יח`,1,,false,1,16.90,16.90,false,1,
7290012911439,false,ממרח קארי צהוב 400 גר`אסיה,טחנת האבן קואופ בעמ,,,יח`,1,,false,1,16.90,16.90,false,1,
7290012911477,false,קרם קוקוס אסיה 400גר,טחנת האבן קואופ בעמ,,,יח`,4,"ל-100 מ""ל",false,1,7.90,1.98,false,1,
7290012911675,false,פיטריות שיטאקי 100 גר`,טחנת האבן קואופ בעמ,,,יח`,1,,false,1,16.90,16.90,false,1,
7290012911729,false,ג`ינג`ר כבוש אסיה,טחנת האבן קואופ בעמ,,,יח`,1,,false,1,6.90,6.90,false,1,
7290012911804,false,שמן שומשום 150 מל,טחנת האבן קואופ בעמ,,,יח`,1,,false,1,9.90,9.90,false,1,
7290012911934,false,שביבי אורז אסיה,טחנת האבן קואופ בעמ,,,יח`,2.27,ל-100 גרם,false,1,6.90,3.04,false,1,
7290012911941,false,רוטב צ`ילי ללא סוכר 700מ`ל,טחנת האבן קואופ בעמ,,,יח`,7,"ל-100 מ""ל",false,1,13.90,1.99,false,1,
7290012911965,false,ג`ינג`ר לסושי ללא צבע 250גר,טחנת האבן קואופ בעמ,,,יח`,1,,false,1,7.90,7.90,false,1,
7290012931611,false,כריות ברזל שלישייה,מ.א. יצור ויבוא מטליות בעמ`,,,יח`,1,,false,1,7.40,7.40,false,1,
7290012936937,false,תבלין בהר`ט 40 גרם,א.ל. ייצור ושיווק תבלינים בע`מ,,,יח`,4,ל-100 גרם,false,1,11.90,2.98,false,1,
7290012936944,false,אגוז מוסקט טחון 40 גרם,א.ל. ייצור ושיווק תבלינים בע`מ,,,יח`,4,ל-100 גרם,false,1,14.90,3.73,false,1,
7290012938405,false,דיימונד עבה במיוחד 087,גורי ע.ע.ע. בע`מ,,,יח`,1,,false,24,14.90,14.90,false,1,
7290012938580,false,משחת שיניים סנסודין 75 מ`ל הלבנה עדינה,גורי ע.ע.ע. בע`מ,,,יח`,0.75,"ל-100 מ""ל",false,1,21.90,29.20,true,1,
7290012938740,false,משחת שיניים סנסודין מנטה 75 מ`ל ירוק,גורי ע.ע.ע. בע`מ,,,יח`,0.75,"ל-100 מ""ל",false,1,21.90,29.20,true,1,
7290013038432,false,אקווה נובה מים מזוככים 2ל,טמפו משקאות בע`מ,,,יח`,20,"ל-100 מ""ל",false,1,4.10,0.19,false,1,
7290013083678,false,מטרנה קייר שלב 2 700 גרם,קבוצת אסם סחר,,,יח`,7,ל-100 גרם,false,1,59.90,8.56,false,1,
7290013083685,false,מטרנה קייר שלב 3 700 גרם,קבוצת אסם סחר,,,יח`,7,ל-100 גרם,false,1,59.90,8.56,false,1,
7290013117212,false,בורקס פילו גבינה 600גר קפוא,תנובה מרכז שיתופי לשיווק תוצרת,,,יח`,6,ל-100 גרם,false,10,19.90,3.32,false,1,
7290013117229,false,בורקס פילו תפו`א 600גר קפוא,תנובה מרכז שיתופי לשיווק תוצרת,,,יח`,6,ל-100 גרם,false,10,19.90,3.32,false,1,
7290013117243,false,בורקס פילו בולגרית 600גר קפוא,תנובה מרכז שיתופי לשיווק תוצרת,,,יח`,6,ל-100 גרם,false,10,21.90,3.65,false,1,
7290013117427,false,בצק פריך מלוח 900גר קפוא,תנובה מרכז שיתופי לשיווק תוצרת,,,יח`,9,ל-100 גרם,false,10,24.50,2.72,false,1,
7290013117526,false,בצק שמרים למאפים מתוקים 900גר קפוא,תנובה מרכז שיתופי לשיווק תוצרת,,,יח`,6,ל-100 גרם,false,9,21.90,3.65,false,1,
7290013144232,false,פודינג וניל 80 גרם,א.ל. ייצור ושיווק תבלינים בע`מ,,,יח`,8,ל-100 גרם,false,1,4.90,0.61,true,1,
7290013144270,false,קרם פטיסייר 100 גרם,א.ל. ייצור ושיווק תבלינים בע`מ,,,יח`,1,ל-100 גרם,false,1,9.90,9.90,false,1,
7290013144393,false,תמצית וניל 50 גרם,א.ל. ייצור ושיווק תבלינים בע`מ,,,יח`,5,ל-100 גרם,false,1,4.90,0.98,false,1,
7290013144508,false,תמצית ורדים 50 גרם,א.ל. ייצור ושיווק תבלינים בע`מ,,,יח`,5,ל-100 גרם,false,1,9.90,1.98,false,1,
7290013144522,false,צבע מאכל ירוק 50 גרם,א.ל. ייצור ושיווק תבלינים בע`מ,,,יח`,5,ל-100 גרם,false,1,4.90,0.98,false,1,
7290013144751,false,סירופ בטעם מייפל 500 גרם,א.ל. ייצור ושיווק תבלינים בע`מ,,,יח`,5,ל-100 גרם,false,1,13.90,2.78,true,1,
7290013144805,false,אייס קפה דיאט 245 גרם,א.ל. ייצור ושיווק תבלינים בע`מ,,,יח`,3.20,ל-100 גרם,false,1,20.90,6.53,true,1,
7290013144980,false,תרסיס שמן קנולה 170 גרם,א.ל. ייצור ושיווק תבלינים בע`מ,,,יח`,1.70,ל-100 גרם,false,1,13.90,8.18,false,1,
7290013145024,false,אגוז מלך טחון 100 גרם,א.ל. ייצור ושיווק תבלינים בע`מ,,,יח`,1,ל-100 גרם,false,1,12.90,12.90,false,1,
7290013145031,false,ברס-אגוזי לוז מסוכרים 100 גרם,א.ל. ייצור ושיווק תבלינים בע`מ,,,יח`,1,ל-100 גרם,false,1,13.90,13.90,false,1,
7290013145055,false,פרג שלם 100 גרם,א.ל. ייצור ושיווק תבלינים בע`מ,,,יח`,1,ל-100 גרם,false,1,5.90,5.90,false,1,
7290013145109,false,שקד מולבן טחון 100 גרם,א.ל. ייצור ושיווק תבלינים בע`מ,,,יח`,1,ל-100 גרם,false,1,12.90,12.90,true,1,
7290013145116,false,שקד מולבן מקלות 100 גרם,א.ל. ייצור ושיווק תבלינים בע`מ,,,יח`,1,ל-100 גרם,false,1,12.90,12.90,true,1,
7290013145123,false,שקד מולבן פרוס 100 גרם,א.ל. ייצור ושיווק תבלינים בע`מ,,,יח`,1,ל-100 גרם,false,1,12.90,12.90,true,1,
7290013145178,false,קוקוס טחון לבן 100 גרם,א.ל. ייצור ושיווק תבלינים בע`מ,,,יח`,1,ל-100 גרם,false,1,3.90,3.90,false,1,
7290013145192,false,שומשום 100 גרם,א.ל. ייצור ושיווק תבלינים בע`מ,,,יח`,1,ל-100 גרם,false,1,4.90,4.90,false,1,
7290013145246,false,גרעין חמנייה מקולף 100 גרם,א.ל. ייצור ושיווק תבלינים בע`מ,,,יח`,1,ל-100 גרם,false,1,5.90,5.90,false,1,
7290013145406,false,שוקולד ציפס לבן 250 גרם,א.ל. ייצור ושיווק תבלינים בע`מ,,,יח`,2.50,ל-100 גרם,false,1,8.90,3.56,false,1,
7290013145444,false,שוקולד צ`יפס 66% 250 גרם,א.ל. ייצור ושיווק תבלינים בע`מ,,,יח`,2.50,ל-100 גרם,false,1,14.90,5.96,false,1,
7290013145451,false,קקאו 150 בד`צ,א.ל. ייצור ושיווק תבלינים בע`מ,,,יח`,1.50,ל-100 גרם,false,1,7.90,5.27,false,1,
7290013145574,false,ערכה לקישוט 100 גרם,א.ל. ייצור ושיווק תבלינים בע`מ,,,יח`,1,ל-100 גרם,false,1,10.90,10.90,false,1,
7290013145628,false,סוכריות צבעוניות לקישוט 200 גרם,א.ל. ייצור ושיווק תבלינים בע`מ,,,יח`,2,ל-100 גרם,false,1,8.90,4.45,false,1,
7290013145710,false,דובדבנים מסוכרים 100 גרם,א.ל. ייצור ושיווק תבלינים בע`מ,,,יח`,1,ל-100 גרם,false,1,8.90,8.90,false,1,
7290013145727,false,קליפות הדרים מסוכרים 90 גרם,א.ל. ייצור ושיווק תבלינים בע`מ,,,יח`,9,ל-100 גרם,false,1,7.90,0.88,false,1,
7290013145840,false,סוכר וניל 10 יח`בצלופן,א.ל. ייצור ושיווק תבלינים בע`מ,,,יח`,1,ל-100 גרם,false,1,1.90,1.90,false,1,
7290013145857,false,אבקת אפיה 10 יח`בצלופן,א.ל. ייצור ושיווק תבלינים בע`מ,,,יח`,1,ל-100 גרם,false,1,1.90,1.90,false,1,
7290013145901,false,סודה לשתיה 100 גרם,א.ל. ייצור ושיווק תבלינים בע`מ,,,יח`,1,ל-100 גרם,false,1,1.90,1.90,false,1,
7290013145918,false,אבקת סוכר 100 גרם,א.ל. ייצור ושיווק תבלינים בע`מ,,,יח`,1,ל-100 גרם,false,1,1.90,1.90,false,1,
7290013145949,false,אבקת סוכר אריזת פטנט 250 גרם,א.ל. ייצור ושיווק תבלינים בע`מ,,,יח`,2.50,ל-100 גרם,false,1,14.90,5.96,true,1,
7290013145956,false,שמרים יבשים בואקום 500 גר`,א.ל. ייצור ושיווק תבלינים בע`מ,,,יח`,5,ל-100 גרם,false,1,11.90,2.38,false,1,
7290013145963,false,שמרים יבשים בואקום 125 גר`,א.ל. ייצור ושיווק תבלינים בע`מ,,,יח`,1.25,ל-100 גרם,false,1,5.90,4.72,false,1,
7290013145970,false,קורנפלור 200 גרם,א.ל. ייצור ושיווק תבלינים בע`מ,,,יח`,2,ל-100 גרם,false,1,3.90,1.95,false,1,
7290013215017,false,פטריות דואט,ביכורי השדה הצפון בעמ` 1964,,,יח`,1,,false,1,16.90,16.90,false,1,
7290013268884,false,ריצפז פרש מאסק 2 ליטר,החב. הדרומית לשיווק,,,יח`,20,"ל-100 מ""ל",false,8,17.90,0.90,true,1,
7290013268891,false,סנו אוקסיג`ן ג`ל לכביסה 3 ל`,החב. הדרומית לשיווק,,,יח`,30,"ל-100 מ""ל",false,6,29.90,1,false,1,
7290013269096,false,מטליות לניקוי עור,החב. הדרומית לשיווק,,,יח`,1,,false,1,19.90,19.90,false,1,
7290013269263,false,ג`ל כביסה סנו מקסימה 3 ל` קריסטל,החב. הדרומית לשיווק,,,יח`,3,"ל-100 מ""ל",false,1,29.90,9.97,false,1,
7290013269300,false,סנו סושי ניילון נצמד 150 מטר,החב. הדרומית לשיווק,,,יח`,1,,false,12,21.90,21.90,false,1,
7290013269638,false,ספוג הפלא EXTRA,החב. הדרומית לשיווק,,,יח`,1,,false,12,11.90,11.90,false,1,
7290013269645,false,מטליות רצפז מאסק,החב. הדרומית לשיווק,,,יח`,1,,false,12,12.90,12.90,false,1,
7290013358356,false,מנה פירורי לחם 320 גרם,ש. שסטוביץ בע`מ,,,יח`,3.20,ל-100 גרם,false,1,6.90,2.16,false,1,
7290013358417,false,מנה אסייאתי רוטב טריאקי 300 מ`ל,ש. שסטוביץ בע`מ,,,יח`,3,"ל-100 מ""ל",false,1,11.90,3.97,false,1,
7290013358462,false,מנה קרוטונים למרק 350 גרם,ש. שסטוביץ בע`מ,,,יח`,3.50,ל-100 גרם,false,1,20.30,5.80,false,1,
7290013358486,false,מנה פירורי לחם ללא צורך בביצה 300גר,ש. שסטוביץ בע`מ,,,יח`,3,ל-100 גרם,false,1,8.90,2.97,false,1,
7290013358493,false,מנה אסייאתי קרם קוקוס פחית 400 מ`ל,ש. שסטוביץ בע`מ,,,יח`,4,"ל-100 מ""ל",false,1,9.90,2.48,false,1,
7290013358523,false,מנה שבבי בצל מאסטר שף 150 גר,ש. שסטוביץ בע`מ,,,יח`,1.50,ל-100 גרם,false,1,14.90,9.93,false,1,
7290013358530,false,מנה אסייאתי רוטב צ`ילי מתוק 700 מ`ל,ש. שסטוביץ בע`מ,,,יח`,7,"ל-100 מ""ל",false,1,13.90,1.99,false,1,
7290013358547,false,מנה אסייאתי רוטב צ`ילי חריף 700 מ`ל,ש. שסטוביץ בע`מ,,,יח`,7,"ל-100 מ""ל",false,1,13.90,1.99,false,1,
7290013389374,false,קמח תירס פולנטה 500 גר`,תומר ייבוא ושיווק מוצרי מזון [,,,יח`,5,ל-100 גרם,false,10,6.90,1.38,false,1,
7290013389381,false,קמח תירס פולנטה 1 קג,תומר ייבוא ושיווק מוצרי מזון [,,,יח`,10,ל-100 גרם,false,10,9.90,0.99,false,1,
7290013440648,false,קרחוני אבטיח חמישייה 5*108 גרם,נגה גלידות שותפות מוגבלת,,,יח`,1.08,ל-100 גרם,false,1,24.90,23.06,false,1,
7290013472892,false,הבולגריה בקוביות 200 גרם,ג. וילי-פוד אינטרנשיונל בע`מ,,,יח`,2,ל-100 גרם,false,1,12.90,6.45,true,1,
7290013472908,false,הבולגריה בקוביות 400 גרם,ג. וילי-פוד אינטרנשיונל בע`מ,,,יח`,4,ל-100 גרם,false,1,21.90,5.48,true,1,
7290013492005,false,תפודים למיקרו,ביכורי השדה הצפון בעמ` 1964,,,יח`,7,ל-100 גרם,false,1,7.90,1.13,false,1,
7290013531612,false,רוטב נפוליטנה 240 גר`,זנלכול יכין,,,יח`,2.60,ל-100 גרם,false,1,5.90,2.27,true,1,
7290013531759,false,שעועית אפויה ברוטב עגבניות 580ג,זנלכול יכין,,,יח`,5.80,ל-100 גרם,false,1,9.90,1.71,false,1,
7290013579492,false,פיטאיה קפוא 250 גר` shake it,בלדי בע`מ,,,יח`,2.50,ל-100 גרם,false,1,11.90,4.76,true,1,
7290013579508,false,קוקוס קפוא 250 גר` shake it,בלדי בע`מ,,,יח`,2.50,ל-100 גרם,false,1,11.90,4.76,true,1,
7290013585233,false,ספרייט זירו פחית דקה 330 מל,החברה המרכזית להפצת משקאות בע`,,,יח`,3.30,"ל-100 מ""ל",false,24,4.20,1.18,true,1,
7290013585387,false,קוקה קולה 1 ל`ZERO פיקדון,החברה המרכזית להפצת משקאות בע`,,,יח`,10,"ל-100 מ""ל",false,12,6.80,0.65,false,1,
7290013585967,false,מארז ספרייט זירו Fridge Pack פחית 6*33,החברה המרכזית להפצת משקאות בע`,,,יח`,19.80,"ל-100 מ""ל",false,4,27.70,1.31,false,1,
7290013724939,false,חמוציות בשוקולד מריר 140 גרם,דין שיווק וקליה 2021 בעמ,,,יח`,1.40,ל-100 גרם,false,1,9.90,7.07,false,1,
7290013724960,false,שקדים בשוקולד חלב 140 גרם,דין שיווק וקליה 2021 בעמ,,,יח`,1.40,ל-100 גרם,false,1,9.90,7.07,false,1,
7290013725752,false,נודלס דק 400 גר`,דין שיווק וקליה 2021 בעמ,,,יח`,4,ל-100 גרם,false,1,6.90,1.73,false,1,
7290013906205,false,פסטרמה שום וצ`ילי 400 גרם,תנובה מרכז שיתופי לשיווק תוצרת,,,יח`,4,ל-100 גרם,false,1,26.90,6.73,true,1,
7290013906212,false,נקניקיות וינר 1קג`,תנובה מרכז שיתופי לשיווק תוצרת,,,יח`,10,ל-100 גרם,false,1,29.90,2.99,true,1,
7290013906458,false,קבנוס טעם פיקנטי 120 גרם,תנובה מרכז שיתופי לשיווק תוצרת,,,יח`,1.20,ל-100 גרם,false,1,11.70,9.75,true,1,
7290013906489,false,חטיפי קבנוס 120 גרם,תנובה מרכז שיתופי לשיווק תוצרת,,,יח`,1.20,ל-100 גרם,false,1,11.70,9.75,true,1,
7290013906519,false,פרושוטו בקר 100גר,תנובה מרכז שיתופי לשיווק תוצרת,,,יח`,1,ל-100 גרם,false,1,28.80,28.80,false,1,
7290013906687,false,צמד כפרית ברבקיו ודבש 2*300 גרם,תנובה מרכז שיתופי לשיווק תוצרת,,,יח`,6,ל-100 גרם,false,1,26.90,4.48,false,1,
7290013906694,false,"נקניקיות עוף טרי 1.5 ק""ג",תנובה מרכז שיתופי לשיווק תוצרת,,,יח`,15,ל-100 גרם,false,1,36.90,2.46,false,1,
7290013927002,false,דקליות שוקו במגש 400 גרם,אחדות ביתחרושת לטחינה חלבה,,,יח`,4,ל-100 גרם,false,1,9.90,2.48,true,1,
7290013927019,false,דקליות קינמון במגש 400 גר`,אחדות ביתחרושת לטחינה חלבה,,,יח`,4,ל-100 גרם,false,1,9.90,2.48,true,1,
7290014002197,false,תה הגן הקסום קמומיל ולימונית 25 יח `,תה ויסוצקי בע`מ,,,יח`,0.75,ל-100 גרם,false,1,19.90,26.53,true,1,
7290014002203,false,תה הגן הקסום לימונית ולואיזה 25 יח `,תה ויסוצקי בע`מ,,,יח`,0.75,ל-100 גרם,false,1,19.90,26.53,true,1,
7290014002579,false,תה ירוק וניל,תה ויסוצקי בע`מ,,,יח`,0.50,ל-100 גרם,false,1,22.90,45.80,true,1,
7290014002944,false,תה הגן הקסום חליטת פירות וצמחים חמדת ש,תה ויסוצקי בע`מ,,,יח`,0.50,ל-100 גרם,false,1,19.90,39.80,true,1,
7290014002982,false,תה ירוק לימונית לואיזה בתוספת עלי סטיביה,תה ויסוצקי בע`מ,,,יח`,0.50,ל-100 גרם,false,1,22.90,45.80,true,1,
7290014046016,false,פסטרמה של פעם 100% טבעית 250גר,מעדני יחיעם ( 1993 ) בע`מ,,,יח`,2.50,ל-100 גרם,false,1,29.90,11.96,true,1,
7290014046047,false,פסטרמת מעודנת ברביקיו 2יח*300גר,מעדני יחיעם ( 1993 ) בע`מ,,,יח`,65,ל-100 גרם,false,1,25.90,0.40,true,1,
7290014046474,false,נקניקיות עוף טריות 1.5 ק`ג,מעדני יחיעם ( 1993 ) בע`מ,,,יח`,15,ל-100 גרם,false,1,26.90,1.79,true,1,
7290014083165,false,ניוקי 500 גרם,ג. וילי-פוד אינטרנשיונל בע`מ,,,יח`,5,ל-100 גרם,false,12,9.60,1.92,false,1,
7290014083813,false,שפרוטים מעושנים בשמן 190גר,ג. וילי-פוד אינטרנשיונל בע`מ,,,יח`,1.90,ל-100 גרם,false,36,7.90,4.16,false,1,
7290014095861,false,שיבולת שועל דקה 500גר קוואקר,דין שיווק וקליה 2021 בעמ,,,יח`,5,ל-100 גרם,false,1,5.90,1.18,false,1,
7290014095953,false,משוקולדים פקאן חלב 140 גר`,דין שיווק וקליה 2021 בעמ,,,יח`,1.40,ל-100 גרם,false,1,9.90,7.07,false,1,
7290014095960,false,שיבולת שועל עבה 500גר קוואקר,דין שיווק וקליה 2021 בעמ,,,יח`,5,ל-100 גרם,false,1,5.90,1.18,false,1,
7290014206908,false,"אננס שלם""שווה""",ח.כהן סוכנות מזון ומשקאות,,,יח`,4,ל-100 גרם,false,1,7.90,1.98,false,1,
7290014218321,false,בורקס יפו גבינה 4*150גר,תנובה מרכז שיתופי לשיווק תוצרת,,,יח`,6,ל-100 גרם,false,12,18.90,3.15,false,1,
7290014256637,false,"מוסקטו BUZZ 750 מ""ל",אגודת הכורמים,,,יח`,7.50,"ל-100 מ""ל",false,1,27.90,3.68,true,1,
7290014288379,false,"ערמונים 100 גר` ""שווה""",ח.כהן סוכנות מזון ומשקאות,,,יח`,5.65,ל-100 גרם,false,1,5.90,1.04,true,1,
7290014397675,false,מרכך כביסה סנו חלב ודבש 4 ליטר,החב. הדרומית לשיווק,,,יח`,40,"ל-100 מ""ל",false,6,21.90,0.55,false,1,
7290014397767,false,רצפז פ.הום כותנה 2 ל`,החב. הדרומית לשיווק,,,יח`,20,"ל-100 מ""ל",false,8,21.90,1.10,false,1,
7290014397781,false,רצפז פ.הום סבון 2 ל`,החב. הדרומית לשיווק,,,יח`,2,לליטר,false,8,21.90,10.95,false,1,
7290014455320,false,כדור מוצרלה פרסקה,מחלבות גד בעמ`,,,יח`,2,ל-100 גרם,false,1,8.90,4.45,false,1,
7290014455467,false,מעדן שיבולת שועל וחלב 2% שומן 150 גר`,מחלבות גד בעמ`,,,יח`,1.60,"ל-100 מ""ל",false,1,5.90,3.69,true,1,
7290014471412,false,תערובת מיזלי עם אגוזים ושקדים 1 קג,דין שיווק וקליה 2021 בעמ,,,יח`,10,ל-100 גרם,false,1,21.90,2.19,false,1,
7290014471429,false,תערובת מיזלי עם פירות 1 קג,דין שיווק וקליה 2021 בעמ,,,יח`,10,ל-100 גרם,false,1,21.90,2.19,false,1,
7290014471436,false,תערובת מיזלי עם צימוקים תפוח קימנון 1,דין שיווק וקליה 2021 בעמ,,,יח`,10,ל-100 גרם,false,1,21.90,2.19,false,1,
7290014471443,false,תערובת מיזלי עם אגוזים 1 קג,דין שיווק וקליה 2021 בעמ,,,יח`,10,ל-100 גרם,false,1,21.90,2.19,false,1,
7290014534650,false,לה פסטה 55 צינור 400 גר`,תומר ייבוא ושיווק מוצרי מזון [,,,יח`,4,ל-100 גרם,false,1,3.90,0.98,true,1,
7290014534667,false,לה פסטה 53 קונכיה 400 גר`,תומר ייבוא ושיווק מוצרי מזון [,,,יח`,4,ל-100 גרם,false,1,3.90,0.98,true,1,
7290014534674,false,לה פסטה 81 פרפר 400 גר`,תומר ייבוא ושיווק מוצרי מזון [,,,יח`,4,ל-100 גרם,false,1,3.90,0.98,true,1,
7290014534681,false,לה פסטה 64 בורג 400 גר`,תומר ייבוא ושיווק מוצרי מזון [,,,יח`,4,ל-100 גרם,false,1,3.90,0.98,true,1,
7290014534698,false,לה פסטה 65 תלתל 400 גר`,תומר ייבוא ושיווק מוצרי מזון [,,,יח`,4,ל-100 גרם,false,1,3.90,0.98,true,1,
7290014534704,false,לה פסטה 25 אטריות מרק 400 גרם,תומר ייבוא ושיווק מוצרי מזון [,,,יח`,4,ל-100 גרם,false,1,3.90,0.98,true,1,
7290014673045,false,תערובת תיבול לצ`יפס 100 גרם,א.ל. ייצור ושיווק תבלינים בע`מ,,,יח`,1,ל-100 גרם,false,1,11.90,11.90,true,1,
7290014692299,false,גבינת ברי 125 גר`CASTELLO,ג. וילי-פוד אינטרנשיונל בע`מ,,,יח`,1.25,ל-100 גרם,false,1,14.90,11.92,false,1,
7290014692305,false,גבינת קממבר 125 גר`CASTELLO,ג. וילי-פוד אינטרנשיונל בע`מ,,,יח`,1.25,ל-100 גרם,false,1,17.90,14.32,false,1,
7290014692541,false,צהובה מגורדת גולדן 500 גרם,ג. וילי-פוד אינטרנשיונל בע`מ,,,יח`,5,ל-100 גרם,false,1,19.90,3.98,false,1,
7290014692749,false,"שמן זית כתית מעולה 750 מ""ל",ג. וילי-פוד אינטרנשיונל בע`מ,,,יח`,7.50,"ל-100 מ""ל",false,1,32,4.27,false,1,
7290014692817,false,מוצרלה SAY CHEESE מגורדת 200גר בית יוס,ג. וילי-פוד אינטרנשיונל בע`מ,,,יח`,2,ל-100 גרם,false,1,10.90,5.45,false,1,
7290014758100,false,מאגדת 8 יוגורט ביו תנובה 3% 150 גר`,תנובה חלב,,,יח`,10,ל-100 גרם,false,1,16.50,1.65,false,1,
7290014758117,false,מאגדת 8 יוגורט ביו תנובה 1.5% 150 גר`,תנובה חלב,,,יח`,10,ל-100 גרם,false,1,16.90,1.69,false,1,
7290014758681,false,קוטג% `1תנובה בגביע 250 גר`,תנובה חלב,,,יח`,2.50,ל-100 גרם,false,1,5.60,2.24,false,1,
7290014759084,false,נפוליאון (16% סקיני),תנובה חלב,,,יח`,2.25,ל-100 גרם,false,1,12.90,5.73,false,1,
7290014759909,false,גבינה פטה 5% 250 גר`,תנובה חלב,,,יח`,7.50,ל-100 גרם,false,1,28.50,3.80,false,1,
7290014759978,false,גבינת קצ`קבל פלח חדש 200 גר`,תנובה חלב,,,יח`,2,ל-100 גרם,false,1,29.90,14.95,false,1,
7290014760448,false,גבינת גלבוע 400 גר`,תנובה חלב,,,יח`,4,ל-100 גרם,false,1,23.90,5.98,false,1,
7290014760912,false,גוש חלב 400 גר`כשרות מהדרין,תנובה חלב,,,יח`,4,ל-100 גרם,false,1,25.90,6.48,false,1,
7290014761193,false,פרילי פירות יער%1.5 125 מ``ל גביע,תנובה חלב,,,יח`,5,"ל-100 מ""ל",false,1,3.70,0.74,false,1,
7290014762756,false,גבינת שמנת נפוליאון בטעם בצל 225 גרם,תנובה חלב,,,יח`,2.25,ל-100 גרם,false,1,12.90,5.73,false,1,
7290014762831,false,גבינת שמנת נפוליאון עם חלפיניו 225 גרם,תנובה חלב,,,יח`,2.25,ל-100 גרם,false,1,12.90,5.73,false,1,
7290014762909,false,פתיתי מוצרלה 220 גר`,תנובה חלב,,,יח`,2.20,ל-100 גרם,false,1,16.90,7.68,false,1,
7290014763272,false,משקה סויה ביו עם תות בננה 250 מ`ל,תנובה חלב,,,יח`,2.50,ל-100 גרם,false,1,5.80,2.32,false,1,
7290014785069,false,מירין משובח 250מ`ל,טחנת האבן קואופ בעמ,,,יח`,1,,false,1,10.60,10.60,false,1,
7290014785076,false,קרם קוקוס ללא חומר משמר 430גר,טחנת האבן קואופ בעמ,,,יח`,4.30,ל-100 גרם,false,1,7.90,1.84,false,1,
7290014785113,false,רוטב טריאקי 500מ`ל,טחנת האבן קואופ בעמ,,,יח`,1,,false,1,12.90,12.90,false,1,
7290014962521,false,משחת שיניים טפטפים לגילאי 2-6,גורי ע.ע.ע. בע`מ,,,יח`,0,ל-100 גרם,false,1,10.60,10.60,false,1,
7290014973329,false,פילה הרינג אדום צנצנת 200 גרם,ירין חזון שיווק ומזון,,,יח`,2,ל-100 גרם,false,1,16.90,8.45,false,1,
7290014973411,false,פילה דג סלמון טרי מעושן 100 גר`,ירין חזון שיווק ומזון,,,יח`,1,ל-100 גרם,false,1,19.90,19.90,false,1,
7290014973664,false,איקרה אדומה 250 גרם,ירין חזון שיווק ומזון,,,יח`,2.50,ל-100 גרם,false,1,18.90,7.56,false,1,
7290014973671,false,איקרה לבנה 250 גרם,ירין חזון שיווק ומזון,,,יח`,2,ל-100 גרם,false,1,18.90,9.45,false,1,
7290015039253,false,עלי גפן במי מלח 620 גרם,ג. וילי-פוד אינטרנשיונל בע`מ,,,יח`,6.20,ל-100 גרם,false,12,9.90,1.60,false,1,
7290015139250,false,חופשי שוקולד מריר עם פצפוצי אורז ללא ס,כרמית תעשיות ממתקים בעמ,,,יח`,85,ל-100 גרם,false,1,5.90,0.07,false,1,
7290015150088,false,מחית עגבניות 700 גר` גראנד איטליה,תה ויסוצקי בע`מ,,,יח`,7,ל-100 גרם,false,1,13.80,1.97,false,1,
7290015150118,false,עגבניות גרנד איטליה חתוכות דק 400 גר`,תה ויסוצקי בע`מ,,,יח`,4,ל-100 גרם,false,1,16.90,4.23,true,1,
7290015150361,false,תה ירוק נענע סטיביה 25 שקיקים,תה ויסוצקי בע`מ,,,יח`,0.3750,ל-100 גרם,false,1,22.90,61.07,true,1,
7290015150583,false,תה ירוק לימון ודבש 25 יח`,תה ויסוצקי בע`מ,,,יח`,0.3750,ל-100 גרם,false,1,22.90,61.07,true,1,
7290015150590,false,תה ירוק ג``ינג`ר חריף 25 יח`,תה ויסוצקי בע`מ,,,יח`,0.3750,ל-100 גרם,false,1,22.90,61.07,true,1,
7290015282581,false,חומוס אבו גוש עם חריף 200 גר`,סלטי שמיר,,,יח`,2,ל-100 גרם,false,1,10.90,5.45,true,1,
7290015282598,false,חומוס מסעדות 200 גר`,סלטי שמיר,,,יח`,2,ל-100 גרם,false,1,10.90,5.45,true,1,
7290015282604,false,טחינה מיוחדת 200 גר`,סלטי שמיר,,,יח`,2,ל-100 גרם,false,1,10.90,5.45,true,1,
7290015282635,false,חומוס מסבחה 200 גר`,סלטי שמיר,,,יח`,2,ל-100 גרם,false,1,10.90,5.45,true,1,
7290015282642,false,חומוס אבו גוש 200 גר`,סלטי שמיר,,,יח`,2,ל-100 גרם,false,1,10.90,5.45,true,1,
7290015282673,false,חציל במיונז ביתי 200 גר`,סלטי שמיר,,,יח`,2,ל-100 גרם,false,1,10.90,5.45,true,1,
7290015282697,false,כרוב אדום גורמה 200 גר`,סלטי שמיר,,,יח`,2,ל-100 גרם,false,1,10.90,5.45,true,1,
7290015320009,false,שוקולד מריר שלישייה 3*100 גרם,דין שיווק וקליה 2021 בעמ,,,יח`,1,,false,1,10.90,10.90,false,1,
7290015320054,false,עוגיות בטעם חמאה 340 גרם,יעד ממתקים בעמ,,,יח`,3.34,ל-100 גרם,false,1,11.90,3.56,false,1,
7290015320481,false,שוקולד מריר 60% קקאו 100 גרם,יעד ממתקים בעמ,,,יח`,1,ל-100 גרם,false,1,4.90,4.90,true,1,
7290015324090,false,כמון טחון בשקית,תבליני טעם וריח,,,יח`,1,,false,1,5.90,5.90,false,1,
7290015324427,false,סודה לשתיה 80 גרם,תבליני טעם וריח,,,יח`,1,,false,1,4.90,4.90,false,1,
7290015324670,false,מטחנת פלפל שחור שלם 50 גרם,תבליני טעם וריח,,,יח`,5,ל-100 גרם,false,1,10.90,2.18,false,1,
7290015324687,false,מטחנת לקט פלפל 50 גרם,תבליני טעם וריח,,,יח`,5,ל-100 גרם,false,1,10.90,2.18,false,1,
7290015324694,false,מטחנת מלח ים 100 גרם,תבליני טעם וריח,,,יח`,1,ל-100 גרם,false,1,9.90,9.90,false,1,
7290015324717,false,מחית שום 210 גרם,תבליני טעם וריח,,,יח`,2.10,ל-100 גרם,false,1,14.90,7.10,false,1,
7290015324724,false,מחית צ`ילי חריף 230 גרם,תבליני טעם וריח,,,יח`,2.30,ל-100 גרם,false,1,14.90,6.48,false,1,
7290015366663,false,משחת שיניים אקווה פרש מנטה עדין 100 מ`,גורי ע.ע.ע. בע`מ,,,יח`,1,"ל-100 מ""ל",false,1,7.90,7.90,false,1,
7290015366670,false,"משחת שיניים אקווה פרש מנטה 100 מ""ל",גורי ע.ע.ע. בע`מ,,,יח`,1,"ל-100 מ""ל",false,1,6.90,6.90,false,1,
7290015437790,false,טונה בלה ברוטב ירקות 160 גר`,תומר ייבוא ושיווק מוצרי מזון [,,,יח`,1,,false,1,7,7,false,1,
7290015652254,false,גרעיני חמניה קלויים 400 גרם,דין שיווק וקליה 2021 בעמ,,,יח`,4,ל-100 גרם,false,1,10,2.50,false,1,
7290015652278,false,תערובת פיצוחים 250 גרם,דין שיווק וקליה 2021 בעמ,,,יח`,2.50,ל-100 גרם,false,1,20,8,false,1,
7290015652292,false,קבוקים עם שומשום 400 גרם,דין שיווק וקליה 2021 בעמ,,,יח`,4,ל-100 גרם,false,1,10,2.50,false,1,
7290015652308,false,מנצ`ס 300 גרם,דין שיווק וקליה 2021 בעמ,,,יח`,3,ל-100 גרם,false,1,10,3.33,false,1,
7290015652315,false,חמוציות מסוכרות 300 גרם,דין שיווק וקליה 2021 בעמ,,,יח`,3,ל-100 גרם,false,1,10,3.33,false,1,
7290015652322,false,בוטנים אמריקאים מצופים 400 גרם,דין שיווק וקליה 2021 בעמ,,,יח`,4,ל-100 גרם,false,1,10,2.50,false,1,
7290015652407,false,פיסטוק קלוי 250 גר`,דין שיווק וקליה 2021 בעמ,,,יח`,3,ל-100 גרם,false,1,20,6.67,false,1,
7290015804400,false,עגבניות מרוסקות 260 גר`,ויטה פרי גליל (החדשה) בע`מ,,,יח`,2.60,ל-100 גרם,false,1,3.90,1.50,true,1,
7290015804424,false,עגבניות מרוסקות בטעם בזיליקום ועשבי תי,ויטה פרי גליל (החדשה) בע`מ,,,יח`,2.50,ל-100 גרם,false,1,3.90,1.56,true,1,
7290015804486,false,עגבניות מרוסקות בטעם שקשוקה בתוספת,ויטה פרי גליל (החדשה) בע`מ,,,יח`,5.50,ל-100 גרם,false,1,3.90,0.71,true,1,
7290015858427,false,מארז עללחם 240 גרם,שטראוס גרופ בע`מ,,,יח`,2.40,ל-100 גרם,false,1,24.90,10.38,false,1,
7290015858441,false,איולי פלפלים עללחם 295 גרם,שטראוס גרופ בע`מ,,,יח`,2.95,ל-100 גרם,false,1,14.90,5.05,false,1,
7290015858687,false,איולי שום עללחם 295 גרם,שטראוס גרופ בע`מ,,,יח`,2.95,ל-100 גרם,false,1,14.90,5.05,false,1,
7290016035025,false,פשתן-לחם פרוס מזרעי פשתן טחונים 450גר,מאפיית י.את א. ברמן בעמ,,,יח`,4.50,ל-100 גרם,false,1,25.90,5.76,false,1,
7290016114300,false,לילי גליל כפול 16 גלילים,חוגלה קימברלי שיווק בע`מ,,,יח`,19.69,ל-100 גרם,false,1,38.90,1.98,false,1,
7290016132601,false,קערת מילנו קטנה,ד.ג.ש ייבוא ושיווק בעמ,,,יח`,1,,false,1,9.90,9.90,false,1,
7290016144109,false,"קמח פיצה נפלאות 1 ק""ג",תה ויסוצקי בע`מ,,,יח`,10,ל-100 גרם,false,1,14.90,1.49,false,1,
7290016144116,false,"קמח תופח נפלאות 1 ק""ג",תה ויסוצקי בע`מ,,,יח`,10,ל-100 גרם,false,1,8.90,0.89,false,1,
7290016197839,false,ניקול השקית החזקה XL,חוגלה קימברלי שיווק בע`מ,,,יח`,1,,false,12,19.90,19.90,false,1,
7290016245974,false,מארז לחמניות כוסמין,מאפיית י.את א. ברמן בעמ,,,יח`,1,ל-100 גרם,false,1,16.90,16.90,false,1,
7290016270877,false,פלפלונים,ביכורי השדה הצפון בעמ` 1964,,,יח`,1,,false,1,8.90,8.90,false,1,
7290016276756,false,מעדן 4 פירות 100% רכיבי פרי ללא תוספת,דין שיווק וקליה 2021 בעמ,,,יח`,2.84,ל-100 גרם,false,1,9.90,3.49,false,1,
7290016276794,false,מעדן תפוז 100% רכיבי פרי ללא תוספת סוכ,דין שיווק וקליה 2021 בעמ,,,יח`,2.84,ל-100 גרם,false,1,9.90,3.49,false,1,
7290016387339,false,2 מטליות מיקרופייבר ג`מבו לרצפה,מ.א. יצור ויבוא מטליות בעמ`,,,יח`,1,,false,1,12.90,12.90,true,1,
7290016401394,false,"פטריות חתוך400 גר`""שווה""",ח.כהן סוכנות מזון ומשקאות,,,יח`,4,ל-100 גרם,false,1,4.90,1.23,false,1,
7290016401400,false,"פטריות שלמות 400 גר` ""שווה""",ח.כהן סוכנות מזון ומשקאות,,,יח`,4,ל-100 גרם,false,1,6.90,1.73,false,1,
7290016486025,false,ריאות בקר,ג.ת שווק בן בקר בע`מ,,,"ק""ג",1,יח`,true,1,24.90,24.90,false,1,
7290016584011,false,חטיפוני גזר 350 גרם,ביכורי השדה הצפון בעמ` 1964,,,יח`,1,,false,1,8.90,8.90,false,1,
7290016867008,false,לחם כוסמין מחמצת 700 גרם,המאפה של דר מארק,,,יח`,7,ל-100 גרם,false,1,18.90,2.70,false,1,
7290016867046,false,פיתות קלות כוסמין במתיקות מעודנת 303 גר,המאפה של דר מארק,,,יח`,3.30,ל-100 גרם,false,1,14.90,4.52,false,1,
7290016867053,false,לחם קל כוסמין בתוספת מחמצת 450 גרם,המאפה של דר מארק,,,יח`,4.50,ל-100 גרם,false,1,18.90,4.20,false,1,
7290016867114,false,לחם קל כוסמין 500 גרם,המאפה של דר מארק,,,יח`,5,ל-100 גרם,false,1,18.90,3.78,false,1,
7290016867152,false,פיתות קלות כוסמין 292 גרם,המאפה של דר מארק,,,יח`,2.92,ל-100 גרם,false,1,14.90,5.10,false,1,
7290016867176,false,לחמניות קלות כוסמין שומשום 300 גרם,המאפה של דר מארק,,,יח`,3,ל-100 גרם,false,1,14.90,4.97,false,1,
7290016867237,false,לחם קל כוסמין במתיקות מעודנת 400 גרם,המאפה של דר מארק,,,יח`,4,ל-100 גרם,false,1,18.90,4.73,false,1,
7290016867244,false,לחמניות מחמצת כוסמין 321 גרם,המאפה של דר מארק,,,יח`,3.21,ל-100 גרם,false,1,14.90,4.64,false,1,
7290016883176,false,תערובת מיזלי עם שוקולד מריר 1 קג,דין שיווק וקליה 2021 בעמ,,,יח`,10,ל-100 גרם,false,1,21.90,2.19,false,1,
7290017065786,false,צ`דר 35% 200 גרם,מחלבות גד בעמ`,,,יח`,2,ל-100 גרם,false,1,24.90,12.45,false,1,
7290017065861,false,קאציו אה פפה 200 גר`,מחלבות גד בעמ`,,,יח`,2.50,ל-100 גרם,false,1,15.90,6.36,false,1,
7290017142609,false,תרסיס שמן זית בטעם לימון עץ הזית 150מל,סוגת,,,יח`,1.50,ל-100 גרם,false,1,18.90,12.60,false,1,
7290017252681,false,"סוכר לבן 1 ק""ג",בני פאוזי שמשום,,,יח`,1,"ק""ג",false,1,4.90,4.90,false,1,
7290017275369,false,טורקיז-טחינה משומשום מלא 500 גרם,אחדות ביתחרושת לטחינה חלבה,,,יח`,5,ל-100 גרם,false,1,13.90,2.78,true,1,
7290017275482,false,סירופ לשתיה בטעם ענבים 900 מל,אחדות ביתחרושת לטחינה חלבה,,,יח`,40,"ל-100 מ""ל",false,1,16.90,0.42,false,1,
7290017275505,false,סירופ לשתיה בטעם פטל 900 מל,אחדות ביתחרושת לטחינה חלבה,,,יח`,40,"ל-100 מ""ל",false,1,16.90,0.42,false,1,
7290017275741,false,חלבה עם אגוזי לוז 400 גרם,אחדות ביתחרושת לטחינה חלבה,,,יח`,4,ל-100 גרם,false,1,12.90,3.23,false,1,
7290017291338,false,שום סולו,ביכורי השדה הצפון בעמ` 1964,,,יח`,1,,false,1,10.90,10.90,false,1,
7290017297323,false,רסק עגבניות 22BX 100 גרם,ויטה פרי גליל (החדשה) בע`מ,,,יח`,1,ל-100 גרם,false,1,1.90,1.90,true,1,
7290017297644,false,ברוקלי 800 גר`,ויטה פרי גליל (החדשה) בע`מ,,,יח`,8,ל-100 גרם,false,12,14.90,1.86,false,1,
7290017477558,false,"שמן זית כתית אספניולה 750 מ""ל",דין שיווק וקליה 2021 בעמ,,,יח`,7.50,"ל-100 מ""ל",false,1,31.90,4.25,false,1,
7290017559803,false,סט פיקניק 32 NY-5533,ד.ש.ש אלקטרוניקה בעמ`,,,יח`,1,יח`,false,1,59.90,59.90,false,1,
7290017599229,false,סוכרלוז 200 טבליות,שטראוס גרופ בע`מ,,,יח`,1,,false,1,19.90,19.90,false,1,
7290017617282,false,טונה יונה 4*140 גרם,דיפלומט מפיצים (1968) בע`מ,,,יח`,1.40,ל-100 גרם,false,1,21.90,15.64,true,1,
7290017617411,false,סטארקיסט מיקס סלממון עם אורז וירקות 160,דיפלומט מפיצים (1968) בע`מ,,,יח`,1.60,ל-100 גרם,false,1,14.90,9.31,false,1,
7290017617435,false,סטארקיסט מיקס סלממון עם עדשים וקינואה160,דיפלומט מפיצים (1968) בע`מ,,,יח`,1.60,ל-100 גרם,false,1,14.90,9.31,false,1,
7290017659756,false,מגב יותם רוחמה,ד.ג.ש ייבוא ושיווק בעמ,,,יח`,0,יח`,false,1,9.90,9.90,false,1,
7290017682044,false,שירותון DENVER,ד.ג.ש ייבוא ושיווק בעמ,,,יח`,1,,false,1,24.90,24.90,false,1,
7290017712284,false,חטיף פרמיו 150ג בקביקיו,שחורי אריה ואנסטסיה,,,יח`,1.50,ל-100 גרם,false,1,12.90,8.60,false,1,
7290017724027,false,עוגיות אלפחורס אקלר,אקלר,,,יח`,3,ל-100 גרם,false,1,22.90,7.63,false,1,
7290017724034,false,עוגיות סנדוויץ ריבה אקלר,אקלר,,,יח`,3,ל-100 גרם,false,1,22.90,7.63,false,1,
7290017724058,false,עוגיות מעדן תמר אגוז אקלר,אקלר,,,יח`,3,ל-100 גרם,false,1,22.90,7.63,false,1,
7290017724065,false,"עוגיות מעדן תפו""ע ואגוז אקלר",אקלר,,,יח`,3,ל-100 גרם,false,1,22.90,7.63,false,1,
7290017724089,false,עוגיות ואן גוך אקלר,אקלר,,,יח`,3,ל-100 גרם,false,1,22.90,7.63,false,1,
7290017724119,false,עוגיות אוזניים אקלר,אקלר,,,יח`,3,ל-100 גרם,false,1,22.90,7.63,false,1,
7290017724126,false,עוגיות טחינה אקלר,אקלר,,,יח`,3,ל-100 גרם,false,1,22.90,7.63,false,1,
7290017724164,false,עוגיות אוזניים ללא סוכר אקלר,אקלר,,,יח`,3,ל-100 גרם,false,1,22.90,7.63,false,1,
7290017724171,false,עוגיות סנדוויץ ריבה ללא סוכר אקלר,אקלר,,,יח`,3,ל-100 גרם,false,1,22.90,7.63,false,1,
7290017724232,false,עוגיות שומשומיות אקלר,אקלר,,,יח`,3,ל-100 גרם,false,1,22.90,7.63,false,1,
7290017724263,false,עוגיות בטוהבן ללא סוכר אקלר,אקלר,,,יח`,3,ל-100 גרם,false,1,22.90,7.63,false,1,
7290017724270,false,עוגיות אשכול בריאות ללא סוכר אקלר,אקלר,,,יח`,3,ל-100 גרם,false,1,22.90,7.63,false,1,
7290017724294,false,עוגיות גרנולה חמוציות ללא סוכר אקלר,אקלר,,,יח`,3,ל-100 גרם,false,1,22.90,7.63,false,1,
7290017724652,false,עוגיות רולדה תמר אגוז ואבקת סוכר אקלר,אקלר,,,יח`,3,ל-100 גרם,false,1,22.90,7.63,false,1,
7290017841885,false,"דלי מגבונים 400 יח ""שווה""",ח.כהן סוכנות מזון ומשקאות,,,יח`,1,יח`,false,1,19.90,19.90,true,1,
7290017842127,false,"ניירות סנדוויץ ""שווה"" 100 יח",ח.כהן סוכנות מזון ומשקאות,,,יח`,1,יח`,false,1,9.90,9.90,true,1,
7290017842226,false,פילה סרדינים בשמן סויה 125 גרם,ח.כהן סוכנות מזון ומשקאות,,,יח`,1.25,ל-100 גרם,false,1,6.90,5.52,false,1,
7290017842240,false,אנשובי ארוך פח בשמן זית שווה,ח.כהן סוכנות מזון ומשקאות,,,יח`,1,ל-100 גרם,false,1,5.90,5.90,false,1,
7290017842257,false,אנשובי ארוך פח פלפל וצילי שווה 46 גרם,ח.כהן סוכנות מזון ומשקאות,,,יח`,0.46,ל-100 גרם,false,1,5.90,12.83,false,1,
7290017842516,false,שקיות אוכל זיפר קטנות שווה,ח.כהן סוכנות מזון ומשקאות,,,יח`,200,יח`,false,1,6.90,0.03,true,1,
7290017842530,false,שקיות אוכל ריץ רץ קטנות שווה 15 יחידות,ח.כהן סוכנות מזון ומשקאות,,,יח`,200,יח`,false,1,6.90,0.03,true,1,
7290017842615,false,צלחת קטנה אריזת ענק 50 יח` מתכלה שווה,ח.כהן סוכנות מזון ומשקאות,,,יח`,1,,false,1,14.90,14.90,true,1,
7290017918143,false,לבבות קיסר,ביכורי השדה הצפון בעמ` 1964,,,יח`,1,,false,1,8.90,8.90,false,1,
7290017928098,false,מאיר בייגל שטוחלה מלח 300 גר`,דנאגיס בעמ,,,יח`,3,ל-100 גרם,false,1,11.90,3.97,true,1,
7290017928524,false,מאיר בייגל שטוחלה ניגובים מלח 330 גר`,דנאגיס בעמ,,,יח`,3.30,ל-100 גרם,false,1,11.90,3.61,true,1,
7290018091074,false,בצק פריך עם עוגיות שוקולד צ`יפס 300 גר,תנובה מרכז שיתופי לשיווק תוצרת,,,יח`,9,ל-100 גרם,false,10,19.90,2.21,false,1,
7290018091104,false,מאמאמיה פיצה שוק דקה 440 גרם,תנובה מרכז שיתופי לשיווק תוצרת,,,יח`,4.40,ל-100 גרם,false,1,25.90,5.89,false,1,
7290018091111,false,מאמאמיה פיצה זיתים עבה 510 גרם,תנובה מרכז שיתופי לשיווק תוצרת,,,יח`,5.10,ל-100 גרם,false,1,25.90,5.08,false,1,
7290018091265,false,פיצה נפוליטנה 330 גרם,תנובה מרכז שיתופי לשיווק תוצרת,,,יח`,3.30,ל-100 גרם,false,1,17.90,5.42,false,1,
7290018091302,false,מאמאמיה פיצה בלקנית דקה 440 גרם,תנובה מרכז שיתופי לשיווק תוצרת,,,יח`,4.40,ל-100 גרם,false,1,25.90,5.89,false,1,
7290018091470,false,גלילית ביסקווטים בטעם שוקולד 300 גרם,תנובה מרכז שיתופי לשיווק תוצרת,,,יח`,5,ל-100 גרם,false,10,19.90,3.98,false,1,
7290018091500,false,מאמאמיה פיצה חריפה דקה 410 גרם,תנובה מרכז שיתופי לשיווק תוצרת,,,יח`,4.10,ל-100 גרם,false,1,25.90,6.32,false,1,
7290018091708,false,מאמאמיה פיצה נפוליטנה דקה 470 גרם,תנובה מרכז שיתופי לשיווק תוצרת,,,יח`,4.70,ל-100 גרם,false,1,25.90,5.51,false,1,
7290018091876,false,מאפה פילו גבינה 320 גרם,תנובה מרכז שיתופי לשיווק תוצרת,,,יח`,3.20,ל-100 גרם,false,1,19.90,6.22,false,1,
7290018091906,false,מאמאמיה פיצה נפוליטנה דקה 470 גרם,תנובה מרכז שיתופי לשיווק תוצרת,,,יח`,4.70,ל-100 גרם,false,1,25.90,5.51,false,1,
7290018131251,false,טילון אקסטרים מטבע שוקולד לבן וליבת קר,נגה גלידות שותפות מוגבלת,,,יח`,1.20,ל-100 גרם,false,1,9.90,8.25,true,1,
7290018194065,false,"אורז בסמטי 1 ק""ג PRIMO",בני פאוזי שמשום,,,יח`,10,ל-100 גרם,false,1,8.90,0.89,true,1,
7290018213971,false,סט קופסאות אחסון 3 יח,מ.א. יצור ויבוא מטליות בעמ`,,,יח`,1,,false,1,9.90,9.90,false,1,
7290018294369,false,"תירוש מיץ ענבים טבעי 700 מ""ל",אגודת הכורמים,,,יח`,7.50,"ל-100 מ""ל",false,1,16.90,2.21,true,1,
7290018338537,false,מיץ פירות אדומים אורגני 1 ליטר,גורי מוצרי צריכה 1991 בע`מ,,,יח`,10,"ל-100 מ""ל",false,1,19.20,1.89,false,1,
7290018359945,false,חאריפה רוטב פיקנטי פלפלים יכין 400 גר`,זנלכול יכין,,,יח`,4,ל-100 גרם,false,1,11.90,2.98,false,1,
7290018380734,false,דפי בצק פילו משולשים 360 גרם,תומר ייבוא ושיווק מוצרי מזון [,,,יח`,3.60,ל-100 גרם,false,1,14.90,4.14,true,1,
7290018380871,false,פטיסון כבוש שלם תומר 670 גרם,תומר ייבוא ושיווק מוצרי מזון [,,,יח`,6.70,ל-100 גרם,false,1,13.90,2.07,false,1,
7290018394038,false,.פטריות שיטאקי חוות תקוע,ביכורי השדה הצפון בעמ` 1964,,,יח`,1,,false,1,9.90,9.90,false,1,
7290018440223,false,תה צאי מסאלה 25 שקיקים 50 גרם,תה ויסוצקי בע`מ,,,יח`,0.50,ל-100 גרם,false,1,19.90,39.80,true,1,
7290018440230,false,תה צאי ורדים 25 שקיקים 50 גרם,תה ויסוצקי בע`מ,,,יח`,0.50,ל-100 גרם,false,1,19.90,39.80,true,1,
7290018440247,false,תה צאי שקדים 25 שקיקים 50 גרם,תה ויסוצקי בע`מ,,,יח`,0.50,ל-100 גרם,false,1,19.90,39.80,true,1,
7290018440254,false,תה צאי קרמל מלוח 25 שקיקים 50 גרם,תה ויסוצקי בע`מ,,,יח`,0.50,ל-100 גרם,false,1,19.90,39.80,true,1,
7290018440384,false,תה ירוק מאטה לימון ונענע 25 שקיקים,תה ויסוצקי בע`מ,,,יח`,0.3750,ל-100 גרם,false,1,22.90,61.07,true,1,
7290018440438,false,טונה EASY ELIP בשמן זית 3*65 גרם,תה ויסוצקי בע`מ,,,יח`,1.90,ל-100 גרם,false,1,26.90,14.16,false,1,
7290018440445,false,טונה בשמן זית 160 גרם,תה ויסוצקי בע`מ,,,יח`,1.60,ל-100 גרם,false,1,16.90,10.56,true,1,
7290018440476,false,פליפז בייגלה מצופה בקרם עוגת גבינה ותו,תה ויסוצקי בע`מ,,,יח`,1,ל-100 גרם,false,1,8.90,8.90,true,1,
7290018440483,false,פליפז בייגלה מצופה בקרמל מלוח 140 גר`,תה ויסוצקי בע`מ,,,יח`,1.40,ל-100 גרם,false,1,8.90,6.36,true,1,
7290018440490,false,סלט טונה עם קוסקוס 150 גרם,תה ויסוצקי בע`מ,,,יח`,1.50,ל-100 גרם,false,1,13.90,9.27,true,1,
7290018440513,false,סלט קליפורניה עם טונה 150 גרם,תה ויסוצקי בע`מ,,,יח`,1.50,ל-100 גרם,false,1,13.90,9.27,true,1,
7290018440520,false,סלט טונה מקסיקני 150 גרם,תה ויסוצקי בע`מ,,,יח`,1.50,ל-100 גרם,false,1,13.90,9.27,true,1,
7290018468302,false,נקניקיה צמחית בסגנון מרגז 400 גרם,תנובה מרכז שיתופי לשיווק תוצרת,,,יח`,4,ל-100 גרם,false,1,39.90,9.98,false,1,
7290018468425,false,נקניק טבעוני בטעם פיקנטי 100 גרם,תנובה מרכז שיתופי לשיווק תוצרת,,,יח`,1,ל-100 גרם,false,1,17.90,17.90,false,1,
7290018468432,false,נקניק טבעוני בטעם מעושן 100 גרם,תנובה מרכז שיתופי לשיווק תוצרת,,,יח`,1,ל-100 גרם,false,1,17.90,17.90,false,1,
7290018471050,false,פחית ספרינג אגס תפוח סברס 330 מל,יפאורה - שותפות מוגבלת לשיווק,,,יח`,3.30,"ל-100 מ""ל",false,1,5.90,1.70,true,1,
7290018471906,false,שוופס מוגז לימונדה ורודה 1.5 ל`,יפאורה - שותפות מוגבלת לשיווק,,,יח`,15,"ל-100 מ""ל",false,1,8.90,0.57,true,1,
7290018471913,false,שוופס מוגז פירות תפוח 1.5 ל` פיקדון,יפאורה - שותפות מוגבלת לשיווק,,,יח`,15,"ל-100 מ""ל",false,1,8.90,0.57,true,1,
7290018471920,false,שוופס מוגז פירות ענבים 1.5 ל`,יפאורה - שותפות מוגבלת לשיווק,,,יח`,15,"ל-100 מ""ל",false,1,8.90,0.57,true,1,
7290018471937,false,שוופס מוגז פירות תות ליים 1.5 ל` פיקדו,יפאורה - שותפות מוגבלת לשיווק,,,יח`,15,"ל-100 מ""ל",false,1,8.90,0.57,true,1,
7290018471944,false,שוופס מוגז לימונייד 1.5 ל` פיקדון,יפאורה - שותפות מוגבלת לשיווק,,,יח`,15,"ל-100 מ""ל",false,1,8.90,0.57,true,1,
7290018471951,false,שוופס FRUITS אשכולית אדומה 1.5 ל` פיקד,יפאורה - שותפות מוגבלת לשיווק,,,יח`,15,"ל-100 מ""ל",false,1,8.90,0.57,true,1,
7290018516065,false,פרמיו דליקט טונה וסלמון 56 ג,שחורי אריה ואנסטסיה,,,יח`,0.56,ל-100 גרם,false,1,9.90,17.68,false,1,
7290018516393,false,פרמיו מיקס לחתול 3 קג,שחורי אריה ואנסטסיה,,,יח`,30,ל-100 גרם,false,1,59.90,2,false,1,
7290018652770,false,טילון אקסטרים מטבע בייגלה מלוח 115 גר`,נגה גלידות שותפות מוגבלת,,,יח`,1.15,ל-100 גרם,false,1,9.90,8.61,true,1,
7290018792841,false,אבקת קקאו טבעי 150 גרם,תה ויסוצקי בע`מ,,,יח`,1.50,ל-100 גרם,false,1,10.90,7.27,true,1,
7290018893661,false,נצ`וקוטה עוגות אישיות מצופה מריר 240 גר,ש. שסטוביץ בע`מ,,,יח`,2.40,ל-100 גרם,false,16,14.90,6.21,true,1,
7290018893814,false,מארז שוקולד *5 מריר צ`וקטה 48%,ש. שסטוביץ בע`מ,,,יח`,1,,false,4,19.90,19.90,true,1,
7290018893845,false,פתי בר ביסקוויט בטעם חמאה 400 גר`,ש. שסטוביץ בע`מ,,,יח`,4,ל-100 גרם,false,20,8.90,2.23,false,1,
7290018894002,false,וופל קוביות קקאו בלקוני 250 גרם,ש. שסטוביץ בע`מ,,,יח`,2.50,ל-100 גרם,false,1,11.90,4.76,true,1,
7290018894040,false,שוקולד חלב 5*100 גרם,ש. שסטוביץ בע`מ,,,יח`,1,יח`,false,1,19.90,19.90,true,1,
7290018894200,false,וופל קוביות ווניל בלקוני 250 גרם,ש. שסטוביץ בע`מ,,,יח`,2.50,ל-100 גרם,false,1,11.90,4.76,true,1,
7290018894446,false,שוקולד חלב במילוי קרם בוטנים 126 גרם,ש. שסטוביץ בע`מ,,,יח`,1.26,ל-100 גרם,false,1,11.90,9.44,true,1,
7290018894590,false,מארז סביבון לחנוכה 225 גרם צ`וקטה,ש. שסטוביץ בע`מ,,,יח`,2.25,ל-100 גרם,false,1,15.90,7.07,false,1,
7290018921654,false,"תחליב רחצה מעושר בתמצית לבנדר 700 מ""ל","פישר תעשיות פרמצבטיות בע""מ",,,יח`,1,יח`,false,1,16.90,16.90,true,1,
7290018925065,false,פרימור סחוט תפוזים 2 ליטר,שטראוס גרופ בע`מ,,,יח`,20,"ל-100 מ""ל",false,4,26.80,1.33,false,1,
7290018925072,false,פרימור טרי מיץ לימונים עם נענע 2 ליטר,שטראוס גרופ בע`מ,,,יח`,20,"ל-100 מ""ל",false,4,25.90,1.30,false,1,
7290018925409,false,פרימור לימון ואננס 400 מל,שטראוס גרופ בע`מ,,,יח`,4,"ל-100 מ""ל",false,8,8.20,1.98,false,1,
7290018989005,false,פולפה עגבניות טבעית שלישיה 3 * 400 גרם,זנלכול יכין,,,יח`,12,ל-100 גרם,false,1,15.90,1.33,true,1,
7290019056034,false,שוופס מוגז פירות NO SUGAR אננס 1.5 ליטר,יפאורה - שותפות מוגבלת לשיווק,,,יח`,15,"ל-100 מ""ל",false,1,8.90,0.57,true,1,
7290019056041,false,שוופס מוגז פירות NO SUGAR למונייד 1.5ל,יפאורה - שותפות מוגבלת לשיווק,,,יח`,15,"ל-100 מ""ל",false,1,8.90,0.57,true,1,
7290019056058,false,שוופס מוגז עדין תפוח ליים 1.5 ליטר,יפאורה - שותפות מוגבלת לשיווק,,,יח`,15,"ל-100 מ""ל",false,1,8.90,0.57,true,1,
7290019056065,false,שוופס מוגז עדין פירות יער 1.5 ליטר,יפאורה - שותפות מוגבלת לשיווק,,,יח`,15,"ל-100 מ""ל",false,1,8.90,0.57,true,1,
7290019056072,false,שוופס מוגז עדין אננס 1.5 ליטר,יפאורה - שותפות מוגבלת לשיווק,,,יח`,15,"ל-100 מ""ל",false,1,8.90,0.57,true,1,
7290019056089,false,שוופס מוגז עדין ענבי ריזלינג 1.5 ליט,יפאורה - שותפות מוגבלת לשיווק,,,יח`,15,"ל-100 מ""ל",false,1,8.90,0.57,true,1,
7290019056096,false,שוופס מוגז עדין אפרסק 1.5 ליטר,יפאורה - שותפות מוגבלת לשיווק,,,יח`,15,"ל-100 מ""ל",false,1,8.90,0.57,true,1,
7290019056164,false,שוופס מי סודה 4*1.5 ליטר פיקדון,יפאורה - שותפות מוגבלת לשיווק,,,יח`,60,"ל-100 מ""ל",false,1,12.90,0.20,false,1,
7290019056171,false,שוופס מי סודה עם לימון 4*1.5 ליטר,יפאורה - שותפות מוגבלת לשיווק,,,יח`,60,"ל-100 מ""ל",false,1,12.90,0.20,false,1,
7290019056188,false,שוופס סודה נענע ליים רביעייה 1.5 ליטר,יפאורה - שותפות מוגבלת לשיווק,,,יח`,60,"ל-100 מ""ל",false,1,12.90,0.20,false,1,
7290019056201,false,שוופס סודה פירות יער רביעייה 1.5 ליטר,יפאורה - שותפות מוגבלת לשיווק,,,יח`,60,"ל-100 מ""ל",false,1,12.90,0.20,false,1,
7290019056232,false,שוופס ליים מוחיטו 1.5 ל` פיקדון,יפאורה - שותפות מוגבלת לשיווק,,,יח`,15,"ל-100 מ""ל",false,1,8.90,0.57,true,1,
7290019056249,false,שוופס WATER ענבים 1.5 ל` פיקדון,יפאורה - שותפות מוגבלת לשיווק,,,יח`,15,"ל-100 מ""ל",false,1,7.90,0.51,true,1,
7290019056256,false,שוופס WATER תפוח 1.5 ל` פיקדון,יפאורה - שותפות מוגבלת לשיווק,,,יח`,15,"ל-100 מ""ל",false,1,7.90,0.51,true,1,
7290019056263,false,שוופס WATER אפרסק 1.5 ל` פיקדון,יפאורה - שותפות מוגבלת לשיווק,,,יח`,15,"ל-100 מ""ל",false,1,7.90,0.51,true,1,
7290019056270,false,שוופס WATER פירות יער 1.5 ל` פיקדון,יפאורה - שותפות מוגבלת לשיווק,,,יח`,15,"ל-100 מ""ל",false,1,7.90,0.51,true,1,
7290019056294,false,שוופס ג`ינג`ר אייל 1.5 ליטר פיקדון,יפאורה - שותפות מוגבלת לשיווק,,,יח`,15,"ל-100 מ""ל",false,1,12.90,0.84,false,1,
7290019056300,false,שוופס ביטר למון 1.5 ליטר פיקדון,יפאורה - שותפות מוגבלת לשיווק,,,יח`,15,"ל-100 מ""ל",false,1,12.90,0.84,false,1,
7290019056317,false,שוופס ראשן 1.5 ליטר,יפאורה - שותפות מוגבלת לשיווק,,,יח`,15,"ל-100 מ""ל",false,1,12.90,0.84,false,1,
7290019056324,false,שוופס טוניק 1.5 ליטר פיקדון,יפאורה - שותפות מוגבלת לשיווק,,,יח`,15,"ל-100 מ""ל",false,1,12.90,0.84,false,1,
7290019056331,false,שוופס טוניק NO 1.5 ליטר פיקדון,יפאורה - שותפות מוגבלת לשיווק,,,יח`,15,"ל-100 מ""ל",false,1,12.90,0.84,false,1,
7290019056355,false,תפוזינה לימונדה מיקס לימונענע 1.5 ליטר,יפאורה - שותפות מוגבלת לשיווק,,,יח`,15,"ל-100 מ""ל",false,1,8.90,0.57,true,1,
7290019056362,false,תפוזינה משקה קל ענבים 1.5 ליטר,יפאורה - שותפות מוגבלת לשיווק,,,יח`,15,"ל-100 מ""ל",false,1,8.90,0.57,true,1,
7290019056379,false,תפוזינה תפוזים 1.5 ליטר,יפאורה - שותפות מוגבלת לשיווק,,,יח`,15,"ל-100 מ""ל",false,1,8.90,0.57,true,1,
7290019056386,false,תפוזינה אשכוליות 1.5 ליטר,יפאורה - שותפות מוגבלת לשיווק,,,יח`,15,"ל-100 מ""ל",false,1,8.90,0.57,true,1,
7290019056409,false,תפוזינה משקה קל מנגו עסיסי1.5ליטר,יפאורה - שותפות מוגבלת לשיווק,,,יח`,15,"ל-100 מ""ל",false,1,8.90,0.57,true,1,
7290019056416,false,תפוזינה לימונדה 1.5 ליטר,יפאורה - שותפות מוגבלת לשיווק,,,יח`,15,"ל-100 מ""ל",false,1,8.90,0.57,true,1,
7290019056423,false,תפוזינה משקה קל תפוח רענן 1.5ליטר,יפאורה - שותפות מוגבלת לשיווק,,,יח`,15,"ל-100 מ""ל",false,1,8.90,0.57,true,1,
7290019056430,false,תפוזינה דיאט תפוזים 1.5 ליטר,יפאורה - שותפות מוגבלת לשיווק,,,יח`,15,"ל-100 מ""ל",false,1,7.90,0.51,true,1,
7290019056447,false,תפוזינה דיאט אשכוליות 1.5 ליטר,יפאורה - שותפות מוגבלת לשיווק,,,יח`,15,"ל-100 מ""ל",false,1,7.90,0.51,true,1,
7290019056478,false,תה קר Spring Tea אפרסק 1.5 ליטר,יפאורה - שותפות מוגבלת לשיווק,,,יח`,15,"ל-100 מ""ל",false,1,7.90,0.51,true,1,
7290019056485,false,תה קר Spring Tea לימון לואיזה 1.5 ל`,יפאורה - שותפות מוגבלת לשיווק,,,יח`,15,"ל-100 מ""ל",false,1,7.90,0.51,true,1,
7290019056492,false,ספרינג תה מנגו `1.5ל` פיקדון,יפאורה - שותפות מוגבלת לשיווק,,,יח`,15,"ל-100 מ""ל",false,1,7.90,0.51,true,1,
7290019056508,false,פרוט ווטר ענבים 1.5 ל`,יפאורה - שותפות מוגבלת לשיווק,,,יח`,15,"ל-100 מ""ל",false,1,8.90,0.57,true,1,
7290019056515,false,פרוט ווטר אפרסק 1.5 ל`,יפאורה - שותפות מוגבלת לשיווק,,,יח`,15,"ל-100 מ""ל",false,1,8.90,0.57,true,1,
7290019056522,false,פרוט ווטר תות 1.5 ל`,יפאורה - שותפות מוגבלת לשיווק,,,יח`,15,"ל-100 מ""ל",false,1,8.90,0.57,true,1,
7290019056546,false,פרוט ווטר אבטיח 1.5 ל`,יפאורה - שותפות מוגבלת לשיווק,,,יח`,15,"ל-100 מ""ל",false,1,8.90,0.57,true,1,
7290019056553,false,עין גדי מים מינרלים שישיה 2 ליטר,יפאורה - שותפות מוגבלת לשיווק,,,יח`,120,"ל-100 מ""ל",false,1,13.80,0.10,false,1,
7290019056560,false,עין גדי מים מינרלים בקבוק 2 ליטר,סימה,,,יח`,20,"ל-100 מ""ל",false,1,3.40,0.16,false,1,
7290019056577,false,ספרינג קל מנגו 1.5 ליטר פיקדון,יפאורה - שותפות מוגבלת לשיווק,,,יח`,15,"ל-100 מ""ל",false,1,8.90,0.57,true,1,
7290019056584,false,ספרינג תפוזים 1.5 ליטר פיקדון,יפאורה - שותפות מוגבלת לשיווק,,,יח`,15,"ל-100 מ""ל",false,1,8.90,0.57,true,1,
7290019056591,false,ספרינג ענבים 1.5 ליטר פיקדון,יפאורה - שותפות מוגבלת לשיווק,,,יח`,15,"ל-100 מ""ל",false,1,8.90,0.57,true,1,
7290019056607,false,ספרינג תפוחים 1.5 ליטר פיקדון,יפאורה - שותפות מוגבלת לשיווק,,,יח`,15,"ל-100 מ""ל",false,1,8.90,0.57,true,1,
7290019056614,false,ספרינג אפרסק 1.5 ליטר פיקדון,יפאורה - שותפות מוגבלת לשיווק,,,יח`,15,"ל-100 מ""ל",false,1,8.90,0.57,true,1,
7290019056621,false,ספרינג פירות טרופיים 1.5 ליטר פיקדון,יפאורה - שותפות מוגבלת לשיווק,,,יח`,15,"ל-100 מ""ל",false,1,8.90,0.57,true,1,
7290019056638,false,ספרינג משקה תות בננה 1.5 ליטר,יפאורה - שותפות מוגבלת לשיווק,,,יח`,15,"ל-100 מ""ל",false,1,8.90,0.57,true,1,
7290019056645,false,ספרינג אגס סברס תפוח 1.5 ליטר פיקדון,יפאורה - שותפות מוגבלת לשיווק,,,יח`,15,"ל-100 מ""ל",false,1,8.90,0.57,true,1,
7290019056652,false,ספרינג אננס בננה 1.5 ליטר פיקדון,יפאורה - שותפות מוגבלת לשיווק,,,יח`,15,"ל-100 מ""ל",false,1,8.90,0.57,true,1,
7290019056676,false,ספרינג אשכוליות דיאט 1.5 ליטר פיקדון,יפאורה - שותפות מוגבלת לשיווק,,,יח`,15,"ל-100 מ""ל",false,1,7.90,0.51,true,1,
7290019056720,false,קריסטל ענבים 2 ליטר פיקדון,יפאורה - שותפות מוגבלת לשיווק,,,יח`,20,"ל-100 מ""ל",false,1,7.90,0.38,true,1,
7290019056737,false,קריסטל אשכולית 2 ליטר פיקדון,יפאורה - שותפות מוגבלת לשיווק,,,יח`,20,"ל-100 מ""ל",false,1,7.90,0.38,false,1,
7290019056751,false,קריסטל דיאט אשכוליות 2 ליטר פיקדון,יפאורה - שותפות מוגבלת לשיווק,,,יח`,20,"ל-100 מ""ל",false,1,6.50,0.31,true,1,
7290019056768,false,קריסטל משקה קל מנגו 2 ליטר פיקדון,יפאורה - שותפות מוגבלת לשיווק,,,יח`,20,"ל-100 מ""ל",false,1,7.90,0.38,false,1,
7290019056782,false,קריסטל לימון ליים 2 ליטר פיקדון,יפאורה - שותפות מוגבלת לשיווק,,,יח`,20,"ל-100 מ""ל",false,1,7.90,0.38,true,1,
7290019056799,false,קריסטל מוגז אקזוטי 2 ליטר פיקדון,יפאורה - שותפות מוגבלת לשיווק,,,יח`,20,"ל-100 מ""ל",false,1,7.90,0.38,true,1,
7290019056812,false,קריסטל מנטה מוגז 2 ליטר פיקדון,יפאורה - שותפות מוגבלת לשיווק,,,יח`,20,"ל-100 מ""ל",false,1,7.90,0.38,true,1,
7290019056829,false,קריסטל אורנג` 2 ליטר פיקדון,יפאורה - שותפות מוגבלת לשיווק,,,יח`,20,"ל-100 מ""ל",false,1,7.90,0.38,true,1,
7290019056836,false,קריסטל תות מוגז 2 ליטר פיקדון,יפאורה - שותפות מוגבלת לשיווק,,,יח`,20,"ל-100 מ""ל",false,1,7.90,0.38,true,1,
7290019056843,false,קריסטל קולה 2 ליטר פיקדון,יפאורה - שותפות מוגבלת לשיווק,,,יח`,20,"ל-100 מ""ל",false,1,7.90,0.38,true,1,
7290019056850,false,תה קר Spring Tea דיאט אפרסק 1.5 ליטר,יפאורה - שותפות מוגבלת לשיווק,,,יח`,15,"ל-100 מ""ל",false,1,7.90,0.51,true,1,
7290019056881,false,שוופס סודה 1.5 ליטר,יפאורה - שותפות מוגבלת לשיווק,,,יח`,15,"ל-100 מ""ל",false,1,4.50,0.28,false,1,
7290019056959,false,מי עדן בקבוק מתכווץ שקט 1.5 מ``ל,יפאורה - שותפות מוגבלת לשיווק,,,יח`,15,"ל-100 מ""ל",false,1,2.90,0.17,false,1,
7290019056966,false,בקבוק מי עדן 1.5ליטר,תבורי-שותפות מוגבלת לשיווק,,,יח`,15,"ל-100 מ""ל",false,1,2.90,0.17,false,1,
7290019056973,false,מי עדן שישיה בק `1.5ליטר פיקדון,יפאורה - שותפות מוגבלת לשיווק,,,יח`,90,"ל-100 מ""ל",false,1,13.70,0.13,false,1,
7290019101833,false,כוסות קרטון שתיה חמה8-B שווה,ח.כהן סוכנות מזון ומשקאות,,,יח`,50,יח`,false,1,8.90,0.18,true,1,
7290019153078,false,שוופס ביטר למון 1.5 לייט ליטר פיקדון,יפאורה - שותפות מוגבלת לשיווק,,,יח`,15,"ל-100 מ""ל",false,1,12.90,0.84,false,1,
7290019153085,false,שוופס ללא סוכר מוחיטו 1.5 ליטר,יפאורה - שותפות מוגבלת לשיווק,,,יח`,15,"ל-100 מ""ל",false,1,8.90,0.57,true,1,
7290019153252,false,שוופס מי סודה תפוח 4*1.5 ליטר,יפאורה - שותפות מוגבלת לשיווק,,,יח`,60,"ל-100 מ""ל",false,1,12.90,0.20,false,1,
7290019153269,false,שוופס מי סודה אננס 4*1.5 ליטר,יפאורה - שותפות מוגבלת לשיווק,,,יח`,60,"ל-100 מ""ל",false,1,12.90,0.20,false,1,
7290019153351,false,תפוזינה פינק אוזו 1.5 ליטר,יפאורה - שותפות מוגבלת לשיווק,,,יח`,15,"ל-100 מ""ל",false,1,8.90,0.57,true,1,
7290019153375,false,תפוזינה מוחיטו 1.5 ליטר,יפאורה - שותפות מוגבלת לשיווק,,,יח`,15,"ל-100 מ""ל",false,1,8.90,0.57,true,1,
7290019153535,false,רביעיית פחיות שוופס מוגז למונייד 330מל,יפאורה - שותפות מוגבלת לשיווק,,,יח`,1,,false,1,13.90,13.90,false,1,
7290019167020,false,עוגת גבינה עם פירות יער לייט 82 גרם,תנובה חלב,,,יח`,8.20,ל-100 גרם,false,1,6.90,0.84,false,1,
7290019167037,false,תותים בקצפת 82 גרם,תנובה חלב,,,יח`,8.20,ל-100 גרם,false,1,6.90,0.84,false,1,
7290019167044,false,קצפת עם קרם בייגלה מתוק מלוח 82 גרם,תנובה חלב,,,יח`,8.20,ל-100 גרם,false,1,6.90,0.84,false,1,
7290019232155,false,תה קממויל לבנדר,תה ויסוצקי בע`מ,,,יח`,1,יח`,false,1,27.90,27.90,true,1,
7290019232803,false,הולגריין ביסקוויט עם קרם שוקולד 300 גרם,תה ויסוצקי בע`מ,,,יח`,3,ל-100 גרם,false,1,10.90,3.63,true,1,
7290019232834,false,פליפז בייגלה מצופה קרם עוגיות ושוקולד,תה ויסוצקי בע`מ,,,יח`,1.44,ל-100 גרם,false,1,8.90,6.18,true,1,
7290019233008,false,שקשוקה ארטישוק-רוטב עגבניות עם שמן זית,תה ויסוצקי בע`מ,,,יח`,4.20,ל-100 גרם,false,1,12.90,3.07,true,1,
7290019233022,false,שקשוקה חצילים-רוטב עגבניות עם שמן זית,תה ויסוצקי בע`מ,,,יח`,4.20,ל-100 גרם,false,1,12.90,3.07,true,1,
7290019297161,false,טורטיה ראפ מקמח תירס 450 גרם,דין שיווק וקליה 2021 בעמ,,,יח`,4.50,ל-100 גרם,false,1,9.90,2.20,false,1,
7290019297451,false,מי ורדים 500 מ`ל,דין שיווק וקליה 2021 בעמ,,,יח`,5,"ל-100 מ""ל",false,1,13.90,2.78,false,1,
7290055090702,false,איגלו חטיפי הקפאה 60יח`,כרמית תעשיות ממתקים בעמ,,,יח`,2.24,לליטר,false,1,13.90,6.21,false,1,
7290100240144,false,בדין תרסיס למייבש הכביסה ורוד 500מל,יוניליוור ישראל שיווק בע`מ,,,יח`,5,"ל-100 מ""ל",false,1,18.10,3.62,false,1,
7290100240632,false,פתית 6 דגנים בדצ 250 גרם,יוניליוור ישראל שיווק בע`מ,,,יח`,2.50,ל-100 גרם,false,1,16.90,6.76,false,1,
7290100243084,false,מיונז הלמנס 789גר,יוניליוור ישראל שיווק בע`מ,,,יח`,7.89,"ל-100 מ""ל",false,1,23.90,3.03,false,1,
7290100243671,false,בדין אקסטרא מרכך כחול 960 מל,יוניליוור ישראל שיווק בע`מ,,,יח`,96,"ל-100 מ""ל",false,1,15.90,0.17,false,1,
7290100245231,false,נמס בכוס ועוד טעם עוף 50 גרם,יוניליוור ישראל שיווק בע`מ,,,יח`,0.50,ל-100 גרם,false,1,6.40,12.80,true,1,
7290100249659,false,קנור רוטב צ`ילי שום 300 מל בד`צ כשלפ,יוניליוור ישראל שיווק בע`מ,,,יח`,3.20,ל-100 גרם,false,1,12.90,4.03,true,1,
7290100335710,false,כדורגל הודו,קורניש חן (1987) בעמ,,,"ק""ג",1,,true,1,29.90,29.90,false,1,
7290100411254,false,מחית תפוח ובננה 190 גר`ללא סוכר,שקד תבל בע`מ,,,יח`,1.90,ל-100 גרם,false,1,4.90,2.58,true,1,
7290100412343,false,קוויק מגבונים לניקוי כללי בריח לימון 5,שקד תבל בע`מ,,,יח`,1,,false,1,8.90,8.90,true,1,
7290100412435,false,קוויק מגבונים לניקוי כללי בריח פרחי בר,שקד תבל בע`מ,,,יח`,1,,false,1,8.90,8.90,true,1,
7290100412466,false,קוויק מגבונים לניקוי רצפות לימון,שקד תבל בע`מ,,,יח`,0,יח`,false,1,8.90,8.90,false,1,
7290100658338,false,פלמוליב Oxy Plus נוזל לכלים כחול 750מל,ש. שסטוביץ בע`מ,,,יח`,7.50,"ל-100 מ""ל",false,1,11.90,1.59,true,1,
7290100680650,false,נודלס בסגנון תיאלנדי 76 גרם,קבוצת אסם סחר,,,יח`,7.60,ל-100 גרם,false,1,6.90,0.91,true,1,
7290100680711,false,פירורית זהב 350 גרם,קבוצת אסם סחר,,,יח`,3.50,ל-100 גרם,false,1,7.90,2.26,false,1,
7290100680728,false,פירורית 350 גרם,קבוצת אסם סחר,,,יח`,3.50,ל-100 גרם,false,1,6.90,1.97,false,1,
7290100681015,false,פודינג אינסטנט ריבת חלב 84 גרם,קבוצת אסם סחר,,,יח`,0.84,ל-100 גרם,false,1,5.90,7.02,true,1,
7290100681138,false,אפרופו חטיף 3*50 גרם,קבוצת אסם סחר,,,יח`,1.50,ל-100 גרם,false,1,12.90,8.60,true,1,
7290100684139,false,פסטה אסם מקרוני 500 גרם,קבוצת אסם סחר,,,יח`,5,ל-100 גרם,false,1,5.90,1.18,true,1,
7290100685136,false,אסם מרק טעם עוף 1קג שקית,קבוצת אסם סחר,,,יח`,10,ל-100 גרם,false,1,14.90,1.49,true,1,
7290100685334,false,מרק עוף אמיתי רכיבים טבעיים 400 גרם,קבוצת אסם סחר,,,יח`,4,ל-100 גרם,false,1,23.90,5.98,true,1,
7290100685341,false,מרק בטעם עוף זך רכיבים טבעיים 400גרם,קבוצת אסם סחר,,,יח`,4,ל-100 גרם,false,6,16.90,4.23,true,1,
7290100685563,false,פירורית זהב מארז 220 גרם,קבוצת אסם סחר,,,יח`,4,ל-100 גרם,false,1,9.90,2.48,true,1,
7290100687109,false,במבה נוגט 60 גרם,קבוצת אסם סחר,,,יח`,0.60,ל-100 גרם,false,1,3.90,6.50,true,1,
7290100689301,false,אסם מרק זך-עדיף בטעם עוף 400 גרם,קבוצת אסם סחר,,,יח`,4,ל-100 גרם,false,1,15.90,3.98,true,1,
7290100700006,false,"חיטה 1 ק""ג",סוגת,,,יח`,10,ל-100 גרם,false,1,7.90,0.79,false,1,
7290100700020,false,גריסי פנינה 500 גרם,סוגת,,,יח`,5,ל-100 גרם,false,1,5.90,1.18,false,1,
7290100700075,false,פירורי לחם מוזהבים 200 גר*,סוגת,,,יח`,2,ל-100 גרם,false,1,3.90,1.95,true,1,
7290100700273,false,קינואה 500 גרם כשלפ,סוגת,,,יח`,5,ל-100 גרם,false,1,12.90,2.58,false,1,
7290100700297,false,עדשים שחורות סוגת 500 גרם,סוגת,,,יח`,5,ל-100 גרם,false,1,7.90,1.58,false,1,
7290100700327,false,"גריסי פנינה 1 ק""ג",סוגת,,,יח`,10,ל-100 גרם,false,1,7.90,0.79,false,1,
7290100700389,false,סוגת אורז אדום 1 קג,סוגת,,,יח`,10,ל-100 גרם,false,1,14.90,1.49,false,1,
7290100700396,false,אורז יסמין קלאסי 1 קג,סוגת,,,יח`,10,ל-100 גרם,false,1,12.90,1.29,false,1,
7290100700402,false,חומוס ענק 1 קג,סוגת,,,יח`,10,ל-100 גרם,false,1,19.90,1.99,true,1,
7290100700419,false,בורגול 1 ק`ג,סוגת,,,יח`,10,ל-100 גרם,false,1,7.90,0.79,false,1,
7290100700563,false,אורז מיקס מלא קלאסי 1 קג,סוגת,,,יח`,10,ל-100 גרם,false,1,14.90,1.49,false,1,
7290100700587,false,בורגול 500 גר`,סוגת,,,יח`,5,ל-100 גרם,false,1,4.90,0.98,false,1,
7290100701126,false,שעועית מש 500 גר`,סוגת,,,יח`,5,ל-100 גרם,false,1,10.90,2.18,false,1,
7290100701140,false,אורז ריזוטו ארבוריו 1 ק`ג,סוגת,,,יח`,10,ל-100 גרם,false,1,14.90,1.49,false,1,
7290100701157,false,אורז סושי 1 קג,סוגת,,,יח`,10,ל-100 גרם,false,1,9.90,0.99,false,1,
7290100701300,false,קינואה אדומה 500 גרם,סוגת,,,יח`,5,ל-100 גרם,false,1,12.90,2.58,false,1,
7290100701454,false,גרישה 500גר`,סוגת,,,יח`,5,ל-100 גרם,false,1,4.90,0.98,false,1,
7290100701966,false,אפונה צהובה 500 גרם,סוגת,,,יח`,5,ל-100 גרם,false,1,5.90,1.18,false,1,
7290100702253,false,שמרים יבשים בפחית 100 גר`,סוגת,,,יח`,1,ל-100 גרם,false,1,7.90,7.90,false,1,
7290100702260,false,קוסקוס דק 350 גר`,סוגת,,,יח`,3.50,ל-100 גרם,false,1,4.90,1.40,true,1,
7290100702277,false,קוסקוס עבה 350 גר`,סוגת,,,יח`,3.50,ל-100 גרם,false,1,4.90,1.40,true,1,
7290100702314,false,שעועית שחורה 500 גרם,סוגת,,,יח`,5,ל-100 גרם,false,1,10.90,2.18,false,1,
7290100702604,false,פולנטה 500 גר`,סוגת,,,יח`,5,ל-100 גרם,false,1,9.90,1.98,false,1,
7290100702611,false,פתיתים אפויים אורז 500 גר`,סוגת,,,יח`,5,ל-100 גרם,false,1,5.90,1.18,true,1,
7290100702628,false,פתיתים אפויים קוסקוס 500 גר`,סוגת,,,יח`,5,ל-100 גרם,false,1,5.90,1.18,true,1,
7290100702635,false,פתיתים אפויים כוכבים 500 גר`,סוגת,,,יח`,5,ל-100 גרם,false,1,5.90,1.18,true,1,
7290100702642,false,פתיתים אפויים טבעת 500 גר`,סוגת,,,יח`,5,ל-100 גרם,false,1,5.90,1.18,true,1,
7290100702659,false,פתיתים אפויים מקמח מלא 400 גר`,סוגת,,,יח`,4,ל-100 גרם,false,1,5.90,1.48,true,1,
7290100702666,false,פתיתים אפויים עם בצל 400 גר`,סוגת,,,יח`,4,ל-100 גרם,false,1,5.90,1.48,true,1,
7290100702673,false,פתיתים אפויים 3 צבעים 500 גר`,סוגת,,,יח`,5,ל-100 גרם,false,1,5.90,1.18,true,1,
7290100702741,false,סוכר חום בהיר בצנצנת 1 ק`ג,סוגת,,,יח`,10,ל-100 גרם,false,1,9.90,0.99,false,1,
7290100702987,false,פתיתי שיבולת שועל 500 גר`,סוגת,,,יח`,5,ל-100 גרם,false,1,5.90,1.18,true,1,
7290100702994,false,סוכר דמררה שקית 500 גר`,סוגת,,,יח`,5,ל-100 גרם,false,1,5.90,1.18,true,1,
7290100703007,false,עדשים שחורות בלוגה 500 גרם,סוגת,,,יח`,5,ל-100 גרם,false,1,7.90,1.58,false,1,
7290100703533,false,קמח קסם רב תכליתי 1 קג`,סוגת,,,יח`,10,ל-100 גרם,false,1,7.90,0.79,false,1,
7290100703564,false,פתיתי שיבולת שועל עבה,סוגת,,,יח`,5,ל-100 גרם,false,1,5.90,1.18,true,1,
7290100703953,false,קוקוס 500 גרם,סוגת,,,יח`,5,ל-100 גרם,false,1,11.90,2.38,false,1,
7290100703960,false,שומשום 500 גרם,סוגת,,,יח`,5,ל-100 גרם,false,1,11.90,2.38,false,1,
7290100704066,false,עדשים צהובות סוגת 500 גרם,סוגת,,,יח`,5,ל-100 גרם,false,1,7.90,1.58,false,1,
7290100704141,false,סוגת אבקת סודה לשתיה 100 גר`,סוגת,,,יח`,10,ל-100 גרם,false,1,2.90,0.29,false,1,
7290100704516,false,חומוס מיני 500 גר`,סוגת,,,יח`,5,ל-100 גרם,false,1,6.90,1.38,false,1,
7290100704608,false,שעועית לבנה עדינה 500 גר`,סוגת,,,יח`,5,ל-100 גרם,false,1,6.90,1.38,true,1,
7290100704684,false,"קמח שמרים רב תכליתי 1 ק""ג",סוגת,,,יח`,10,ל-100 גרם,false,1,19.90,1.99,false,1,
7290100850909,false,חטיף דוריטוס נאצ`ו מקסיקני 70 גרם,שטראוס פריטו ליי בע`מ,,,יח`,0.70,ל-100 גרם,false,1,3.90,5.57,true,1,
7290100850916,false,חטיף דוריטוס חמוץ חריף 70 גרם,שטראוס פריטו ליי בע`מ,,,יח`,0.70,ל-100 גרם,false,1,4.20,6,true,1,
7290100850923,false,חטיף דוריטוס גריל 70 גרם,שטראוס פריטו ליי בע`מ,,,יח`,0.70,ל-100 גרם,false,1,4.20,6,true,1,
7290100858592,false,עלית אבקת קקאו 150 גרם,שטראוס גרופ בע`מ,,,יח`,1.50,ל-100 גרם,false,1,9.90,6.60,false,1,
7290100858608,false,עלית אבקת קקאו כשלפ 500 גרם,שטראוס גרופ בע`מ,,,יח`,5,ל-100 גרם,false,10,24.90,4.98,false,1,
7290100922651,false,רביעיית סבון מוצק ההואי מי קוקוס,הנקל סוד בע`מ,,,יח`,4,ל-100 גרם,false,12,12.90,3.23,false,1,
7290100924204,false,פרסיל אבקת כביסה 8קג`,גורי שיווק,,,יח`,80,ל-100 גרם,false,1,54.90,0.69,false,1,
7290100924457,false,סוד סבון אסלה*3יח בניחוח לימון,גורי שיווק,,,יח`,3,למארז,false,1,19.90,6.63,true,1,
7290100924631,false,מרכך כביסה סוד בייבי 900מ`ל,גורי שיווק,,,יח`,9,"ל-100 מ""ל",false,12,12.90,1.43,false,1,
7290100925669,false,קולור קאצ`ר 10 דפים,גורי שיווק,,,יח`,1,ל-100 גרם,false,1,9.90,9.90,true,1,
7290100926109,false,מרכך כביסה סוד האהבה 4 ליטר,גורי שיווק,,,יח`,40,"ל-100 מ""ל",false,1,17.90,0.45,false,1,
7290100926147,false,פרסיל קולור א.כביסה שקית 2.5 קג,גורי שיווק,,,יח`,25,ל-100 גרם,false,6,27.90,1.12,true,1,
7290100926598,false,פרסיל א.כביסה סודה אקטיב 5קג,גורי שיווק,,,יח`,50,ל-100 גרם,false,1,47,0.94,false,1,
7290101112228,false,מאגדת פופסיקל גלידל פרי אננס 8 יח`,פלקו בעמ חברה ישראלית,,,יח`,1,ל-100 גרם,false,1,19.90,19.90,false,1,
7290101112518,false,מאגדת גלידה שישייה אייס קפוצינו 6 יח,פלקו בעמ חברה ישראלית,,,יח`,1,ל-100 גרם,false,1,19.90,19.90,true,1,
7290101112921,false,מאגדת גלידל פרי פירות טרופיים 8 יח`,פלקו בעמ חברה ישראלית,,,יח`,1,ל-100 גרם,false,1,19.90,19.90,false,1,
7290101113768,false,מאגדת 4 יח שלגון יולו עוגיות ש. חלב,פלקו בעמ חברה ישראלית,,,יח`,1,ל-100 גרם,false,1,19.90,19.90,false,1,
7290101113805,false,מאגדת 5 יח יופלה שייק תות 70% פרי,פלקו בעמ חברה ישראלית,,,יח`,1,ל-100 גרם,false,1,21.90,21.90,true,1,
7290101113812,false,מאגדת יופלה שייק פרי אננס *5,פלקו בעמ חברה ישראלית,,,יח`,1,ל-100 גרם,false,1,23.90,23.90,true,1,
7290101113829,false,מאגדת 5 יח יופלה שייק מנגו 70% פרי,פלקו בעמ חברה ישראלית,,,יח`,1,ל-100 גרם,false,1,21.90,21.90,true,1,
7290101451280,false,סט מתנה ממותג,שמחה זה אנחנו בע`מ,,,יח`,1,,false,1,24.90,24.90,false,1,
7290101500025,false,עלי בייבי 300 גר`,ביכורי השדה הצפון בעמ` 1964,,,יח`,1,,false,1,10.90,10.90,false,1,
7290101500506,false,פטרוזיליה,ביכורי השדה הצפון בעמ` 1964,,,יח`,1,יח`,false,1,3.90,3.90,false,1,
7290101500513,false,שמיר,ביכורי השדה הצפון בעמ` 1964,,,יח`,1,,false,1,3.90,3.90,false,1,
7290101500520,false,ירק כוסברה,ביכורי השדה הצפון בעמ` 1964,,,יח`,1,,false,1,3.90,3.90,false,1,
7290101500537,false,נענע,ביכורי השדה הצפון בעמ` 1964,,,יח`,1,,false,1,3.90,3.90,false,1,
7290101500551,false,סלרי אמריקאי,ביכורי השדה הצפון בעמ` 1964,,,יח`,1,,false,1,5.90,5.90,false,1,
7290101500568,false,סלרי ראש,ביכורי השדה הצפון בעמ` 1964,,,יח`,1,,false,1,5.90,5.90,false,1,
7290101500575,false,שורש,ביכורי השדה הצפון בעמ` 1964,,,יח`,1,,false,1,4.90,4.90,false,1,
7290101500926,false,תרד ירקר,ביכורי השדה הצפון בעמ` 1964,,,יח`,1,,false,1,10.90,10.90,false,1,
7290101501053,false,פטרוזיליה בקופסא,ביכורי השדה הצפון בעמ` 1964,,,יח`,1,,false,1,4.50,4.50,false,1,
7290101501138,false,כרובית,ביכורי השדה הצפון בעמ` 1964,,,"ק""ג",1,,true,1,9.90,9.90,false,1,
7290101501176,false,פלפלונים,ביכורי השדה הצפון בעמ` 1964,,,יח`,1,,false,1,8.90,8.90,false,1,
7290101501183,false,פלפל צ`ילי,ביכורי השדה הצפון בעמ` 1964,,,יח`,1,,false,1,7.90,7.90,false,1,
7290101501305,false,מלפפונים קטנים,ביכורי השדה הצפון בעמ` 1964,,,יח`,1,,false,1,9.90,9.90,false,1,
7290101551027,false,קפסולות למכונות נספרסו כשל`פ,שטראוס גרופ בע`מ,,,יח`,0.50,ל-100 גרם,false,12,16.90,33.80,true,1,
7290101551263,false,סילאן טבעי צנצנת 700 גר`,שטראוס גרופ בע`מ,,,יח`,0.70,ל-100 גרם,false,6,21.90,31.29,false,1,
7290101551300,false,סילאן טבעי לחיץ 300 גרם,שטראוס גרופ בע`מ,,,יח`,0.38,ל-100 גרם,false,12,14.90,39.21,false,1,
7290101551539,false,דנונה פרו 20 אפרסק 200 גר`,שטראוס גרופ בע`מ,,,יח`,1.50,"ל-100 מ""ל",false,12,5.90,3.93,false,1,
7290101551577,false,מארז קוואקר פחית 500*2,שטראוס פריטו ליי בע`מ,,,יח`,10,ל-100 גרם,false,1,25.90,2.59,true,1,
7290101551584,false,מארז תפוצ`יפס קידס 10*20,שטראוס פריטו ליי בע`מ,,,יח`,2,ל-100 גרם,false,1,14.90,7.45,false,1,
7290101551638,false,צ`יטוס מארז כאפה 20*10,שטראוס פריטו ליי בע`מ,,,יח`,2,ל-100 גרם,false,1,13.90,6.95,false,1,
7290101864127,false,קליה אוקסי ספריי 750 מ`ל,תה ויסוצקי בע`מ,,,יח`,7.50,"ל-100 מ""ל",false,1,16.90,2.25,true,1,
7290101865261,false,פיניש נוזל הברקה 800 מ`ל,תה ויסוצקי בע`מ,,,יח`,8,"ל-100 מ""ל",false,1,21.90,2.74,true,1,
7290101866633,false,קליה ג`ל 3 ל`,תה ויסוצקי בע`מ,,,יח`,30,"ל-100 מ""ל",false,1,29.90,1,true,1,
7290101866787,false,קליה 3 ל`WHITE,תה ויסוצקי בע`מ,,,יח`,30,"ל-100 מ""ל",false,1,29.90,1,true,1,
7290101868958,false,פיניש נוזל הברקה 800 מ`ל,תה ויסוצקי בע`מ,,,יח`,8,"ל-100 מ""ל",false,1,19.90,2.49,true,1,
7290101869719,false,פיניש ג`ל לימון 600 AIO,תה ויסוצקי בע`מ,,,יח`,6,"ל-100 מ""ל",false,1,31.90,5.32,true,1,
7290101869733,false,פיניש ג`ל 1 ליטר בניחוח לימון הכל ב-1,תה ויסוצקי בע`מ,,,יח`,10,"ל-100 מ""ל",false,1,39.90,3.99,true,1,
7290101869788,false,מילוי מבשם אויר אוטומטי אואזיס,תה ויסוצקי בע`מ,,,יח`,2.50,"ל-100 מ""ל",false,1,14.90,5.96,true,1,
7290101869795,false,מילוי מבשם אויר אוטומטי חלום ליל קיץ,תה ויסוצקי בע`מ,,,יח`,2.50,"ל-100 מ""ל",false,1,14.90,5.96,true,1,
7290102030330,false,תפוצ`יפס אקסטרא מקסיקני 200 גרם +20 תו,שטראוס פריטו ליי בע`מ,,,יח`,2,ל-100 גרם,false,1,10.90,5.45,true,1,
7290102031276,false,דנונה Actimel בטעם תות בננה 8*100מל,שטראוס גרופ בע`מ,,,יח`,8,"ל-100 מ""ל",false,6,21.90,2.74,false,1,
7290102300822,false,גבינה צ`דר אנגלית 200 גר`,א.סיימן סחר בעמ,,,יח`,2,ל-100 גרם,false,1,23.90,11.95,true,1,
7290102302246,false,גבינה גאודה פרה 200 גר`,א.סיימן סחר בעמ,,,יח`,2,ל-100 גרם,false,1,23.90,11.95,true,1,
7290102390427,false,מולר יוגורט עם קציפת תות 3% 150 מל,החברה המרכזית להפצה,,,יח`,1.50,"ל-100 מ""ל",false,1,5.50,3.67,false,1,
7290102390465,false,מולר יוגורט אפרסק פסיפלורה 3% 150מל,החברה המרכזית להפצה,,,יח`,1.50,"ל-100 מ""ל",false,1,5.50,3.67,false,1,
7290102391844,false,מולר פרופ יוגורט פירות יער 150מל,החברה המרכזית להפצה,,,יח`,1.50,"ל-100 מ""ל",false,1,5.50,3.67,false,1,
7290102392049,false,תבור גבינה לבנה לאפייה 5% 500גרם,החברה המרכזית להפצה,,,יח`,5,ל-100 גרם,false,1,27.90,5.58,false,1,
7290102393039,false,מולר מיקס יוגורט קרמי 150 גר`,החברה המרכזית להפצה,,,יח`,1.50,"ל-100 מ""ל",false,1,6,4,false,1,
7290102393060,false,מולר מיקס יוגורט קרמי 150 גר`,החברה המרכזית להפצה,,,יח`,1.50,"ל-100 מ""ל",false,1,6,4,false,1,
7290102393169,false,מולר סימפלי פרויט תות שדה,החברה המרכזית להפצה,,,יח`,1.50,ל-100 גרם,false,1,5.50,3.67,true,1,
7290102393190,false,מולר סימפלי פרויט פירות יער,החברה המרכזית להפצה,,,יח`,1.50,ל-100 גרם,false,1,5.50,3.67,true,1,
7290102393268,false,גבינה לבנה 750 גר`,החברה המרכזית להפצה,,,יח`,7.50,ל-100 גרם,false,1,14.90,1.99,false,1,
7290102393299,false,יוגורט עיזים לשתיה 3% שומן 500 גרם,החברה המרכזית להפצה,,,יח`,5,ל-100 גרם,false,1,13.90,2.78,false,1,
7290102393947,false,מולר סימפלי פרויט קיווי 150 גרם,החברה המרכזית להפצה,,,יח`,1.50,ל-100 גרם,false,1,5.50,3.67,true,1,
7290102394463,false,גבנצ ואקום 28% נעם 500 גר`פרוס,החברה המרכזית להפצה,,,יח`,5,ל-100 גרם,false,1,29.90,5.98,false,1,
7290102394821,false,גבנצ דק-דק פתיחה חוזרת נעם 28% 200 גרם,החברה המרכזית להפצה,,,יח`,2,ל-100 גרם,false,1,15.90,7.95,true,1,
7290102394845,false,גבנ`צ דק-דק פתיחה חוזרת נעם 9% 200 גר`,החברה המרכזית להפצה,,,יח`,2,ל-100 גרם,false,1,17.90,8.95,true,1,
7290102395224,false,מאגדת שמינייה מולר ביאנקו נטורל 1.7%,החברה המרכזית להפצה,,,יח`,8,ל-100 גרם,false,1,18.90,2.36,false,1,
7290102395231,false,מאגדת שמינייה מולר ביאנקו נטורל 2.8%,החברה המרכזית להפצה,,,יח`,8,ל-100 גרם,false,1,18.90,2.36,false,1,
7290102395262,false,מאגדת שמינייה תות אפרסק 8*150,החברה המרכזית להפצה,,,יח`,3.80,"ל-100 מ""ל",false,1,32.90,8.66,false,1,
7290102395408,false,צהובה נועם 28%,החברה המרכזית להפצה,,,"ק""ג",10,ל-100 גרם,true,1,42.90,4.29,false,1,
7290102395415,false,גבינה נעם 9%,החברה המרכזית להפצה,,,"ק""ג",1,"ק""ג",true,1,71,71,false,1,
7290102395422,false,נעם 22%,החברה המרכזית להפצה,,,"ק""ג",10,ל-100 גרם,true,1,39.90,3.99,false,1,
7290102395446,false,מעדן מוו בטעם וניל עם קצפת 6.7% 123 גר,החברה המרכזית להפצה,,,יח`,1.23,ל-100 גרם,false,1,3,2.44,true,1,
7290102395477,false,מעדן מוו בטעם שוקולד עם קצפת 6.7% 123ג,החברה המרכזית להפצה,,,יח`,1.43,"ל-100 מ""ל",false,1,3,2.10,true,1,
7290102395521,false,שמנת לבישול 15% 500 מ`ל,החברה המרכזית להפצה,,,יח`,5,"ל-100 מ""ל",false,1,16.90,3.38,false,1,
7290102396399,false,מאגדת שמינייה-מעדן שוקולד 100 גר`,החברה המרכזית להפצה,,,יח`,1,ל-100 גרם,false,1,14.90,14.90,false,1,
7290102396405,false,מאגדת שמינייה-מעדן וניל 100 גר`,החברה המרכזית להפצה,,,יח`,8,ל-100 גרם,false,1,14.90,1.86,false,1,
7290102396665,false,צהובה פרוסות דקדק פתח סגור 15% 200 גר`,החברה המרכזית להפצה,,,יח`,2,ל-100 גרם,false,1,17.90,8.95,true,1,
7290102397204,false,גבנ`צ דקדק פתח סגור 22% 200 גר`,החברה המרכזית להפצה,,,יח`,2.20,ל-100 גרם,false,1,17.90,8.14,true,1,
7290102397334,false,בולגרית 5% 250 גר`בגביע,החברה המרכזית להפצה,,,יח`,2.50,ל-100 גרם,false,1,22.90,9.16,false,1,
7290102397464,false,מולר מיקס גרנולה פקאן וחמוציות קרמי 15,החברה המרכזית להפצה,,,יח`,1.50,"ל-100 מ""ל",false,1,6,4,false,1,
7290102397600,false,מולר מיקס שקדים ובוטנים בקרמל,החברה המרכזית להפצה,,,יח`,1.50,"ל-100 מ""ל",false,1,6,4,false,1,
7290102397617,false,מולר מיקס קליק,החברה המרכזית להפצה,,,יח`,1.50,"ל-100 מ""ל",false,1,6,4,false,1,
7290102397679,false,קוטג וחצי 5% 375 גרם,החברה המרכזית להפצה,,,יח`,3.75,ל-100 גרם,false,1,7.90,2.11,false,1,
7290102397730,false,אמנטל ואקום 30% נעם 200 גרם,החברה המרכזית להפצה,,,יח`,2,ל-100 גרם,false,1,17.90,8.95,true,1,
7290102397747,false,גבינה מוצרלה פרוס 200 גרם,החברה המרכזית להפצה,,,יח`,2,ל-100 גרם,false,1,18.90,9.45,true,1,
7290102397891,false,גבינה ניו יורק מותכת %16 4*25 גרם,החברה המרכזית להפצה,,,יח`,0.25,ל-100 גרם,false,1,7.90,31.60,false,1,
7290102398065,false,חלב טרי 3% 2 ליטר,החברה המרכזית להפצה,,,יח`,2,"ל-100 מ""ל",false,1,11.90,5.95,false,1,
7290102398072,false,חלב בקרטון 3% 1 ליטר,החברה המרכזית להפצה,,,יח`,10,"ל-100 מ""ל",false,1,6.23,0.62,false,1,
7290102398560,false,שוקו טרה מעושר 1 ליטר,החברה המרכזית להפצה,,,יח`,10,"ל-100 מ""ל",false,1,11.90,1.19,false,1,
7290102398577,false,שוקו טרה מעושר בבקבוק 250 מל`,החברה המרכזית להפצה,,,יח`,2.50,"ל-100 מ""ל",false,1,5.90,2.36,false,1,
7290102398669,false,משקה חלב אייס קפוצינו 1 ליטר,החברה המרכזית להפצה,,,יח`,10,ל-100 גרם,false,1,11.90,1.19,false,1,
7290102398782,false,משקה סויה קלאסי צוריאל,החברה המרכזית להפצה,,,יח`,10,"ל-100 מ""ל",false,1,11.90,1.19,false,1,
7290102398836,false,משקה שקדים קלאסי צוריאל,החברה המרכזית להפצה,,,יח`,10,"ל-100 מ""ל",false,1,12.90,1.29,false,1,
7290102399048,false,נעם פרוסות קשקבל 200 גרם,החברה המרכזית להפצה,,,יח`,2,ל-100 גרם,false,1,23.90,11.95,true,1,
7290102399697,false,מולר סימפלי פרוט מנגו 1.5%,החברה המרכזית להפצה,,,יח`,1.20,ל-100 גרם,false,1,5.20,4.33,true,1,
7290102399772,false,ממרח חמאה מולר במליחות עדינה 250 גרם,החברה המרכזית להפצה,,,יח`,2.50,ל-100 גרם,false,1,18.90,7.56,false,1,
7290102399789,false,ממרח חמאה מולר ללא מלח 250 גר`,החברה המרכזית להפצה,,,יח`,2.50,ל-100 גרם,false,1,18.90,7.56,false,1,
7290102399796,false,יוגורט 25 גר` חלבון מולר אקטיב 200 גרם,החברה המרכזית להפצה,,,יח`,2,ל-100 גרם,false,1,5.90,2.95,true,1,
7290102399802,false,יוגורט 25 גר` חלבון מולר תות 200 גרם,החברה המרכזית להפצה,,,יח`,2,ל-100 גרם,false,1,5.90,2.95,true,1,
7290102399819,false,יוגורט 20 גר` חלבון מולר פ.יער 200 גר,החברה המרכזית להפצה,,,יח`,2,ל-100 גרם,false,1,5.90,2.95,true,1,
7290102399857,false,מולר אקטיב לייט יוגורט 20 גר` חלבון,החברה המרכזית להפצה,,,יח`,0.20,ל-100 גרם,false,1,5.90,29.50,true,1,
7290103120658,false,ספיד סטיק 24/7 Cool Nightג`ל 85גרם,ש. שסטוביץ בע`מ,,,יח`,0.85,ל-100 גרם,false,1,19.90,23.41,true,1,
7290103124601,false,פלמוליב סבון נוזלי משאבה חלב ודבש 750מ,ש. שסטוביץ בע`מ,,,יח`,7.50,"ל-100 מ""ל",false,1,19.90,2.65,true,1,
7290103129378,false,ספיד סטיק *5 ג`ל 85גרם,ש. שסטוביץ בע`מ,,,יח`,0.85,ל-100 גרם,false,1,25.90,30.47,true,1,
7290103400194,false,כרוב לבן בדצ,ביכורי השדה הצפון בעמ` 1964,,,יח`,1,,false,1,10.90,10.90,false,1,
7290103400231,false,גזר ג`וליאן בדצ,ביכורי השדה הצפון בעמ` 1964,,,יח`,1,,false,1,9.90,9.90,false,1,
7290103400255,false,סלט קולסלאו בדצ,ביכורי השדה הצפון בעמ` 1964,,,יח`,1,,false,1,9.90,9.90,false,1,
7290103401429,false,נס קפה- קצב ברזילאי 200גר,שטראוס גרופ בע`מ,,,יח`,2,ל-100 גרם,false,6,27.90,13.95,true,1,
7290103404758,false,אחלה יום יום כרוב אדום 120 גרם,שטראוס גרופ בע`מ,,,יח`,1.20,ל-100 גרם,false,24,5.30,4.42,false,1,
7290103408206,false,עלי חסה ערבית שטופים בקופסא,ביכורי השדה הצפון בעמ` 1964,,,יח`,1,,false,1,10.90,10.90,false,1,
7290103681180,false,יין אדום תבור הר מרלו,החברה המרכזית להפצת משקאות בע`,,,יח`,7.50,"ל-100 מ""ל",false,1,37.70,4.99,false,1,
7290103681197,false,יין אדום תבור הר שירז,החברה המרכזית להפצת משקאות בע`,,,יח`,7.50,"ל-100 מ""ל",false,1,37.70,4.99,false,1,
7290103681210,false,שרדונה 2009,החברה המרכזית להפצת משקאות בע`,,,יח`,7.50,"ל-100 מ""ל",false,1,37.70,4.99,false,1,
7290103681227,false,יין לבן גוורצטרמינר תבור חצי יבש,החברה המרכזית להפצת משקאות בע`,,,יח`,7.50,"ל-100 מ""ל",false,1,37.70,4.99,false,1,
7290103681234,false,תבור הר רוזה,החברה המרכזית להפצת משקאות בע`,,,יח`,7.50,"ל-100 מ""ל",false,1,37.70,4.99,false,1,
7290103681401,false,טיספי אדום 750 מ`ל,החברה המרכזית להפצה,,,יח`,7.50,"ל-100 מ""ל",false,1,37.90,5.01,false,1,
7290104061417,false,חומוס טחינה אחלה 400 גרם,שטראוס גרופ בע`מ,,,יח`,4,ל-100 גרם,false,6,10.90,2.73,false,1,
7290104061424,false,חומוס זעתר אחלה 400 גרם,שטראוס גרופ בע`מ,,,יח`,4,ל-100 גרם,false,6,10.90,2.73,true,1,
7290104061431,false,חומוס צנובר אחלה 400 גרם,שטראוס גרופ בע`מ,,,יח`,4,ל-100 גרם,false,6,10.90,2.73,true,1,
7290104061448,false,חומוס חריף אחלה 400 גרם,שטראוס גרופ בע`מ,,,יח`,4,ל-100 גרם,false,6,10.90,2.73,true,1,
7290104065187,false,קפה נמס מוקה פחית 200 גרם,שטראוס גרופ בע`מ,,,יח`,2,ל-100 גרם,false,6,21.90,10.95,false,1,
7290104065934,false,עלי רוקט 150גר,ביכורי השדה הצפון בעמ` 1964,,,יח`,1,,false,1,10.90,10.90,false,1,
7290104067679,false,טחינה אחלה 400 גרם,שטראוס גרופ בע`מ,,,יח`,4,ל-100 גרם,false,6,10.90,2.73,true,1,
7290104067693,false,חומוס חריף 150 גר`,שטראוס גרופ בע`מ,,,יח`,1.50,ל-100 גרם,false,12,5.90,3.93,false,1,
7290104068539,false,מאסט מלון ואבטיח 28גר כשלפ בד`צ,שטראוס גרופ בע`מ,,,יח`,1,,false,16,4.40,4.40,false,1,
7290104500572,false,אפרופו חטיף איטליאנו 50 גרם,קבוצת אסם סחר,,,יח`,0.50,ל-100 גרם,false,1,3.90,7.80,true,1,
7290104501661,false,פודינג בטעם וניל 80 גרם,קבוצת אסם סחר,,,יח`,0.80,ל-100 גרם,false,1,5.90,7.38,true,1,
7290104508943,false,במבה רגילה 200גר`,קבוצת אסם סחר,,,יח`,2,ל-100 גרם,false,1,9.90,4.95,true,1,
7290104570513,false,תמר מג`הול 1 ק`ג,ביכורי השדה הצפון בעמ` 1964,,,יח`,10,ל-100 גרם,false,1,19.90,1.99,false,1,
7290104570636,false,ממרח תמרים 450 גרם,מ.ד אטיאס סוכנויות מזון בע`מ,,,יח`,4.50,ל-100 גרם,false,1,6.40,1.42,false,1,
7290104721533,false,רצועות פלפלים קלויים אחלה 400 גרם,שטראוס גרופ בע`מ,,,יח`,4,ל-100 גרם,false,6,16.90,4.23,true,1,
7290104721953,false,לקט מסולסלים 350 גר`,ביכורי השדה הצפון בעמ` 1964,,,יח`,3.50,ל-100 גרם,false,1,11.90,3.40,false,1,
7290104722530,false,תפוצ`יפס שמנת בצל 200 גר`,שטראוס פריטו ליי בע`מ,,,יח`,2,ל-100 גרם,false,1,10.90,5.45,true,1,
7290104726262,false,מארז דני לשתיה שוקולד בננה*4יח,שטראוס גרופ בע`מ,,,יח`,5,ל-100 גרם,false,6,10.90,2.18,false,1,
7290104726712,false,מילקי מארז 8יח *150גר,שטראוס גרופ בע`מ,,,יח`,4,ל-100 גרם,false,3,19.90,4.98,false,1,
7290104729003,false,.שמן זית יד מרדכי 750 מל`,שטראוס גרופ בע`מ,,,יח`,7.50,"ל-100 מ""ל",false,1,34.90,4.65,true,1,
7290104960239,false,נקה 7 ארומה תחליב רחצה לבן 750 מ`ל,החב. הדרומית לשיווק,,,יח`,7.50,לליטר,false,12,10.90,1.45,true,1,
7290104960246,false,נקה 7 ארומה תחליב רחצה ורד יסמין 750 מ,החב. הדרומית לשיווק,,,יח`,7,"ל-100 מ""ל",false,12,10.90,1.56,true,1,
7290104960253,false,נקה 7 ארומה תחליב רחצה לבנדר ענוג 750,החב. הדרומית לשיווק,,,יח`,7.50,ל-100 גרם,false,12,10.90,1.45,false,1,
7290104960352,false,נקה 7 ארומה תחליב רחצה וניל 750 מ`ל,החב. הדרומית לשיווק,,,יח`,7.50,ל-100 גרם,false,12,10.90,1.45,false,1,
7290104961205,false,תחליב רחצה מגע הקטיפה מלפפון וקיווי,החב. הדרומית לשיווק,,,יח`,7.50,לליטר,false,12,10.90,1.45,true,1,
7290104961243,false,תחליב רחצה מגע הקטיפה קוקוס ליים,החב. הדרומית לשיווק,,,יח`,7.50,לליטר,false,1,10.90,1.45,true,1,
7290104961250,false,נקה תחליב רחצה מגע הקטיפה וניל מאסק,החב. הדרומית לשיווק,,,יח`,7.50,לליטר,false,12,10.90,1.45,true,1,
7290104961885,false,קרטין אינטנס-מרכך לשיער,החב. הדרומית לשיווק,,,יח`,4,"ל-100 מ""ל",false,12,29.90,7.48,false,1,
7290104963001,false,סופטקר רביעית מגבונים בניחוח עדין,החב. הדרומית לשיווק,,,יח`,1,יח`,false,6,17.90,17.90,false,1,
7290104963018,false,סופטקר רביעית מגבונים ללא בישום,החב. הדרומית לשיווק,,,יח`,1,יח`,false,6,17.90,17.90,false,1,
7290104963223,false,סופטקר אלסבון קלאסי לתינוק 1מ`ל,החב. הדרומית לשיווק,,,יח`,10,"ל-100 מ""ל",false,12,14.90,1.49,false,1,
7290104963667,false,סופטקר 2ב -1אלסבון ושמפו אלדמע 1מ`ל,החב. הדרומית לשיווק,,,יח`,10,"ל-100 מ""ל",false,12,14.90,1.49,false,1,
7290104964350,false,ס.נוזלי X3 נקה 7 מהדורת פרחים בניחוח פ,החב. הדרומית לשיווק,,,יח`,1.50,לליטר,false,1,19.90,13.27,false,1,
7290105360250,false,קפסולות צקיאטו למכונת אספרסו,שטראוס גרופ בע`מ,,,יח`,0.50,ל-100 גרם,false,12,16.90,33.80,true,1,
7290105360328,false,קפסולות אספרסו חזק למכונת אספרסו,שטראוס גרופ בע`מ,,,יח`,0.50,ל-100 גרם,false,12,16.90,33.80,true,1,
7290105360335,false,קפסולות אספרסו למכונת אספרסו,שטראוס גרופ בע`מ,,,יח`,0.50,ל-100 גרם,false,12,16.90,33.80,true,1,
7290105362339,false,.שמנת לבישול 15% מהדרין,שטראוס גרופ בע`מ,,,יח`,2.50,ל-100 גרם,false,18,8.90,3.56,true,1,
7290105363602,false,כיף כף מקלות קלאסי 40גר`,שטראוס גרופ בע`מ,,,יח`,0.40,ל-100 גרם,false,8,4.90,12.25,true,1,
7290105364289,false,כיף כף מקלות פצפוצים 40גר`,שטראוס גרופ בע`מ,,,יח`,0.40,ל-100 גרם,false,8,4.90,12.25,true,1,
7290105364302,false,כיף כף מקלות אגוזים 42גר`,שטראוס גרופ בע`מ,,,יח`,0.42,ל-100 גרם,false,8,4.90,11.67,true,1,
7290105364678,false,דנונה אקטיביה משקה יוגורט אפרסק,שטראוס גרופ בע`מ,,,יח`,2.50,"ל-100 מ""ל",false,12,5.20,2.08,false,1,
7290105366023,false,חציל בטעם כבד אחלה 400 גרם,שטראוס גרופ בע`מ,,,יח`,4,ל-100 גרם,false,6,16.90,4.23,true,1,
7290105366047,false,טחינה לבנה אחלה 400 גרם,שטראוס גרופ בע`מ,,,יח`,4,ל-100 גרם,false,6,16.90,4.23,true,1,
7290105366993,false,גבינת סימפוניה פלפל שיפקה חריף 200 גר`,שטראוס גרופ בע`מ,,,יח`,2,ל-100 גרם,false,12,11.90,5.95,false,1,
7290105368225,false,חומוס עם פלפל שיפקה אחלה 400 גרם,שטראוס גרופ בע`מ,,,יח`,4,ל-100 גרם,false,6,10.90,2.73,false,1,
7290105368331,false,מילקי תות 170 מל,שטראוס גרופ בע`מ,,,יח`,1.33,"ל-100 מ""ל",false,24,2.80,2.11,false,1,
7290105368904,false,שמנת מתוקה להקצפה 38% 250 מל,שטראוס גרופ בע`מ,,,יח`,2.50,ל-100 גרם,false,1,8.20,3.28,false,1,
7290105368928,false,שמנת חמוצה יטבתה %9 200 מל גביע מהדרין,שטראוס גרופ בע`מ,,,יח`,2,"ל-100 מ""ל",false,20,3.40,1.70,false,1,
7290105369130,false,גבינת סימפוניה 5% בטעם בצל ירוק 200 גר,שטראוס גרופ בע`מ,,,יח`,2,ל-100 גרם,false,12,11.90,5.95,false,1,
7290105431516,false,חטיפי דגנים הופלי וניל 5יח*18גר,ש. שסטוביץ בע`מ,,,יח`,1.26,ל-100 גרם,false,1,19.20,15.24,false,1,
7290105436382,false,חטיפי דגנים תמרים קשיו 5יח*18גר,ש. שסטוביץ בע`מ,,,יח`,0.40,ל-100 גרם,false,1,19.20,48,false,1,
7290105438539,false,קוקי נייר אפיה 40יח,ש. שסטוביץ בע`מ,,,יח`,0.40,ל-100 גרם,false,1,9.90,24.75,false,1,
7290105439505,false,מנה קרם בטעם מיונז לייט מאסטר שף 479 ג,ש. שסטוביץ בע`מ,,,יח`,4.79,ל-100 גרם,false,1,10.90,2.28,false,1,
7290105439581,false,חרדל דיג`ון צרפתי מאסטר שף 370 גר`,ש. שסטוביץ בע`מ,,,יח`,3.70,ל-100 גרם,false,1,11.90,3.22,false,1,
7290105473950,false,יורוקיטי קופסה 5 קג,שחורי אריה ואנסטסיה,,,יח`,50,ל-100 גרם,false,1,34.90,0.70,false,1,
7290105474025,false,לה קט פטה סלמון 100 גרם,שחורי אריה ואנסטסיה,,,יח`,1,ל-100 גרם,false,1,4.90,4.90,false,1,
7290105474179,false,מארז מען לה קט פטה מולטיפק 100 גר 4 יח,שחורי אריה ואנסטסיה,,,יח`,4,ל-100 גרם,false,1,12.90,3.23,false,1,
7290105500151,false,וודקה פינלנדיה 700 מל`,מ. אקרמן,,,יח`,7,"ל-100 מ""ל",false,1,59.90,8.51,true,1,
7290105691224,false,חטיפי פריכונים טורטיה שום בצל 60גר כשל,קבוצת אסם סחר,,,יח`,0.60,ל-100 גרם,false,1,6.90,11.50,false,1,
7290105691248,false,חטיפי פריכונים טורטיה תירס 60גר כשלפ,קבוצת אסם סחר,,,יח`,0.60,ל-100 גרם,false,1,6.90,11.50,false,1,
7290105691712,false,עוגיות הפסקת קפה חיטה מלאה 230גר,קבוצת אסם סחר,,,יח`,2.30,ל-100 גרם,false,12,10.90,4.74,true,1,
7290105691934,false,קמח שמרים 1 ק`ג,קבוצת אסם סחר,,,יח`,10,ל-100 גרם,false,1,10.90,1.09,true,1,
7290105693341,false,במבה מארז 10 יח`25* גר`,קבוצת אסם סחר,,,יח`,2.50,ל-100 גרם,false,1,14.90,5.96,true,1,
7290105694928,false,אסם מרק בצל רכבים טבעיים 220 גרם,קבוצת אסם סחר,,,יח`,2.20,ל-100 גרם,false,1,14.90,6.77,false,1,
7290105695024,false,פתיתים אפויים אורז עם אטריות 500 גרם,קבוצת אסם סחר,,,יח`,5,ל-100 גרם,false,1,7.90,1.58,true,1,
7290105695536,false,אבקת מרק ירקות שורש 220 גר`,קבוצת אסם סחר,,,יח`,2.20,ל-100 גרם,false,1,14.90,6.77,false,1,
7290105962331,false,סחוג חריף מאד זהבי 220 גרם,שטראוס גרופ בע`מ,,,יח`,2.20,ל-100 גרם,false,12,11.90,5.41,false,1,
7290105962980,false,כרוב אדום 400 גרם,שטראוס גרופ בע`מ,,,יח`,4,ל-100 גרם,false,6,10.90,2.73,true,1,
7290105962997,false,חציל במיונז 400 גרם,שטראוס גרופ בע`מ,,,יח`,4,ל-100 גרם,false,6,10.90,2.73,true,1,
7290105963000,false,מטבוחה 400 גרם,שטראוס גרופ בע`מ,,,יח`,4,ל-100 גרם,false,6,10.90,2.73,true,1,
7290105964564,false,חומוס אחלה 400 גרם,שטראוס גרופ בע`מ,,,יח`,4,ל-100 גרם,false,6,9.90,2.48,false,1,
7290105965738,false,משקה בוקר תות בננה 267מ`ל,שטראוס גרופ בע`מ,,,יח`,2.67,"ל-100 מ""ל",false,12,4.90,1.84,false,1,
7290105968098,false,קולסלאו 500 גרם,שטראוס גרופ בע`מ,,,יח`,5,ל-100 גרם,false,6,16.90,3.38,true,1,
7290105968654,false,רביולי בטטה פרווה 400 גרם,שטראוס גרופ בע`מ,,,יח`,4,ל-100 גרם,false,9,19.90,4.98,false,1,
7290105968777,false,פריכיות אנרג`בשוקולד מריר 80 גרם,שטראוס גרופ בע`מ,,,יח`,0.80,ל-100 גרם,false,16,7.90,9.88,false,1,
7290106520066,false,רבע לשבע בד`צ 160גר,שטראוס גרופ בע`מ,,,יח`,1.60,ל-100 גרם,false,1,11.90,7.44,true,1,
7290106520288,false,דנונה `WOW תות 150 גרם,שטראוס גרופ בע`מ,,,יח`,1.50,"ל-100 מ""ל",false,12,4.90,3.27,false,1,
7290106520905,false,סלט טורקי אחלה 400 גרם,שטראוס גרופ בע`מ,,,יח`,4,ל-100 גרם,false,6,16.90,4.23,true,1,
7290106520912,false,שמנת לבישול 9%,שטראוס גרופ בע`מ,,,יח`,2.58,ל-100 גרם,false,18,8.90,3.45,true,1,
7290106521049,false,קוביות סלק 400 גר`,שטראוס גרופ בע`מ,,,יח`,4,ל-100 גרם,false,6,16.90,4.23,true,1,
7290106521926,false,קפה טורקי 150 גר` בשקית,שטראוס גרופ בע`מ,,,יח`,1.50,ל-100 גרם,false,1,11.90,7.93,true,1,
7290106525399,false,קפסולות ברזיל 06 למכונת אספרסו,שטראוס גרופ בע`מ,,,יח`,0.50,ל-100 גרם,false,12,16.90,33.80,true,1,
7290106526822,false,פריכיות אנרג`תחתית חלב 70 גרם כשל`פ,שטראוס גרופ בע`מ,,,יח`,0.70,ל-100 גרם,false,16,7.90,11.29,false,1,
7290106528567,false,דוריטוס גריל 185 גר`,שטראוס פריטו ליי בע`מ,,,יח`,1.85,ל-100 גרם,false,1,8.50,4.59,false,1,
7290106528628,false,דוריטוס dippas טבעי 185 גר`,שטראוס פריטו ליי בע`מ,,,יח`,1.85,ל-100 גרם,false,1,8.50,4.59,false,1,
7290106528949,false,סלט ערוגות ירקות 450גר,ביכורי השדה הצפון בעמ` 1964,,,יח`,3,ל-100 גרם,false,1,12.90,4.30,false,1,
7290106571921,false,עוגיות פיטנס חמוציות 180 גרם,קבוצת אסם סחר,,,יח`,1.80,ל-100 גרם,false,1,10.90,6.06,true,1,
7290106572027,false,לחמית חמישת דגנים 190 גרם,קבוצת אסם סחר,,,יח`,1.90,ל-100 גרם,false,1,9.90,5.21,true,1,
7290106572997,false,"קמח שמרים לפיצה 1 ק""ג",קבוצת אסם סחר,,,יח`,10,ל-100 גרם,false,1,10.90,1.09,true,1,
7290106573277,false,קריספי טאפאס זיתים 150גר`,קבוצת אסם סחר,,,יח`,2,ל-100 גרם,false,1,10.90,5.45,false,1,
7290106573598,false,סלט חומוס לבנוני 400גר,קבוצת אסם סחר,,,יח`,4,ל-100 גרם,false,1,12.90,3.23,false,1,
7290106573628,false,סלט חומוס עם טחינה 400גר,קבוצת אסם סחר,,,יח`,4,ל-100 גרם,false,1,12.90,3.23,false,1,
7290106574793,false,עוגת שוקו צ`יפס 350 גרם,קבוצת אסם סחר,,,יח`,3.50,ל-100 גרם,false,1,12.90,3.69,false,1,
7290106574953,false,בייגלה שטוחים עם שומשום 300גר,קבוצת אסם סחר,,,יח`,3,ל-100 גרם,false,1,10.90,3.63,true,1,
7290106574977,false,בייגלה שטוחים עם מלח 300 גרם,קבוצת אסם סחר,,,יח`,3,ל-100 גרם,false,1,10.90,3.63,true,1,
7290106575257,false,עוגת סופלה בטעם שוקולד 340 גרם,קבוצת אסם סחר,,,יח`,3.40,ל-100 גרם,false,1,12.90,3.79,false,1,
7290106575431,false,עוגת סופלה שוקו וניל 340 גרם,קבוצת אסם סחר,,,יח`,3.40,ל-100 גרם,false,1,12.90,3.79,false,1,
7290106576223,false,אפרופו חטיף שוקולד 40 גרם,קבוצת אסם סחר,,,יח`,0.40,ל-100 גרם,false,1,3.90,9.75,true,1,
7290106576513,false,סלט רק חומוס צבר 400 גרם,קבוצת אסם סחר,,,יח`,4,ל-100 גרם,false,1,9.90,2.48,false,1,
7290106576537,false,חומוס 700 גרם,קבוצת אסם סחר,,,יח`,7,ל-100 גרם,false,1,10.90,1.56,false,1,
7290106576834,false,לה קרמריה פונטש בננה כשל`פ 1.4 ליטר,נגה גלידות שותפות מוגבלת,,,יח`,14,"ל-100 מ""ל",false,1,19.90,1.42,false,1,
7290106576919,false,לה קרמריה סורבה תות לימון כשל`פ 1.4 לי,נגה גלידות שותפות מוגבלת,,,יח`,14,"ל-100 מ""ל",false,1,19.90,1.42,false,1,
7290106576957,false,לה קרמריה שוקו וניל פליק כשל`פ 1.4 ליט,נגה גלידות שותפות מוגבלת,,,יח`,14,"ל-100 מ""ל",false,1,19.90,1.42,false,1,
7290106576971,false,לה קרמריה שוקולד בלגי כשל`פ 1.4 ליטר,נגה גלידות שותפות מוגבלת,,,יח`,14,"ל-100 מ""ל",false,1,19.90,1.42,false,1,
7290106577039,false,לה קרמריה וניל שוקו פליק כשל`פ 1.4 ליט,נגה גלידות שותפות מוגבלת,,,יח`,14,"ל-100 מ""ל",false,1,19.90,1.42,false,1,
7290106577282,false,סלט טחינה צבר 400 גרם,קבוצת אסם סחר,,,יח`,4,ל-100 גרם,false,1,12.90,3.23,false,1,
7290106577541,false,סלט כרוב אדום 400 גרם,קבוצת אסם סחר,,,יח`,4,ל-100 גרם,false,1,12.90,3.23,false,1,
7290106577572,false,סלט מטבוחה 400 גרם,קבוצת אסם סחר,,,יח`,4,ל-100 גרם,false,1,12.90,3.23,false,1,
7290106578241,false,דובונים 100 גר`,קבוצת אסם סחר,,,יח`,1,ל-100 גרם,false,1,9.90,9.90,true,1,
7290106578692,false,במבה ביסלי מיקס 80 גרם,קבוצת אסם סחר,,,יח`,0.80,ל-100 גרם,false,1,3.90,4.88,true,1,
7290106578821,false,עוגת שמרים שוקולד קלאסית 350 גרם,קבוצת אסם סחר,,,יח`,3.50,ל-100 גרם,false,1,15.90,4.54,false,1,
7290106652996,false,כיף כף מקלות קוקוס 39 גר`,שטראוס גרופ בע`מ,,,יח`,0.40,ל-100 גרם,false,1,4.90,12.25,true,1,
7290106653689,false,חסלט ים תיכוני,ביכורי השדה הצפון בעמ` 1964,,,יח`,2.50,ל-100 גרם,false,1,10.90,4.36,false,1,
7290106654099,false,עוגות אישיות מילקי קייק*8יח 272 גר`,שטראוס גרופ בע`מ,,,יח`,2.72,"ל-100 מ""ל",false,8,21.30,7.83,false,1,
7290106656727,false,עוגיות חיוכים שוקו 600גר,שטראוס גרופ בע`מ,,,יח`,6,ל-100 גרם,false,1,19.20,3.20,false,1,
7290106662025,false,תפוצ`יפס מלח-פלפל 50 גר`,שטראוס פריטו ליי בע`מ,,,יח`,0.50,ל-100 גרם,false,1,3.90,7.80,false,1,
7290106663091,false,לאבנה 500גר 9%,שטראוס גרופ בע`מ,,,יח`,5,ל-100 גרם,false,1,19.20,3.84,false,1,
7290106663558,false,רוטב טריאקי רימון 280 מ`ל,שטראוס גרופ בע`מ,,,יח`,2.80,"ל-100 מ""ל",false,9,12.90,4.61,false,1,
7290106664067,false,לאבנה שמן זית וזעתר 10% שומן,שטראוס גרופ בע`מ,,,יח`,4,ל-100 גרם,false,12,13.90,3.48,false,1,
7290106666788,false,.סוכריות נוסטלגיה דבש ממולאות,שטראוס גרופ בע`מ,,,יח`,1,,false,1,5.90,5.90,false,1,
7290106667266,false,דוריטוס חמוץ חריף 185 גר`,שטראוס פריטו ליי בע`מ,,,יח`,1.85,ל-100 גרם,false,1,8.50,4.59,false,1,
7290106668577,false,"מיץ לימון טבעי 250 מ""ל",שטראוס גרופ בע`מ,,,יח`,2.50,"ל-100 מ""ל",false,12,7.90,3.16,true,1,
7290106668713,false,דנונה פירות יער 3% 150 גרם,שטראוס גרופ בע`מ,,,יח`,1.50,"ל-100 מ""ל",false,24,3.90,2.60,false,1,
7290106669857,false,קפסולות אספרסו טעם וניל למכונת אספרסו,שטראוס גרופ בע`מ,,,יח`,0.50,ל-100 גרם,false,12,16.90,33.80,true,1,
7290106720626,false,צ`יטוס גבינה 80 גר`,שטראוס פריטו ליי בע`מ,,,יח`,0.80,ל-100 גרם,false,1,4.90,6.13,false,1,
7290106721807,false,חציל פיקנטי 400 גר`,שטראוס גרופ בע`מ,,,יח`,4,ל-100 גרם,false,6,10.90,2.73,true,1,
7290106721913,false,צנצנת ריח פה צ`יקלט,שטראוס גרופ בע`מ,,,יח`,0.66,ל-100 גרם,false,12,9.90,15,true,1,
7290106721920,false,צנצנת ספירמינט צ`יקלט,שטראוס גרופ בע`מ,,,יח`,1,,false,12,9.90,9.90,true,1,
7290106723689,false,עלי תרד בייבי שטראוס 200 גר,ביכורי השדה הצפון בעמ` 1964,,,יח`,2,ל-100 גרם,false,1,10.90,5.45,false,1,
7290106725867,false,סירופ מייפל טבעי 189 מ`ל,שטראוס גרופ בע`מ,,,יח`,0.18,"ל-100 מ""ל",false,1,29.90,166.11,false,1,
7290106726178,false,דנונה WOW פירות יער,שטראוס גרופ בע`מ,,,יח`,1.50,"ל-100 מ""ל",false,12,4.90,3.27,false,1,
7290106727984,false,כיף כף פצפצים 135 גר`,שטראוס גרופ בע`מ,,,יח`,1.35,ל-100 גרם,false,24,9.90,7.33,true,1,
7290107280013,false,ליטופים חמישייה ל.מבושם,החב. הדרומית לשיווק,,,יח`,1,יח`,false,1,19.90,19.90,false,1,
7290107280020,false,סנו סושי 3 מטליות לחות,החב. הדרומית לשיווק,,,יח`,1,,false,8,19.90,19.90,false,1,
7290107280037,false,סנו סושי מגבונים לניקוי כללי,החב. הדרומית לשיווק,,,יח`,1,,false,24,9.90,9.90,false,1,
7290107280099,false,סנו סופט שלישיית מגבוני טואלט לחים,החב. הדרומית לשיווק,,,יח`,1,ל-100 גרם,false,1,16.90,16.90,false,1,
7290107280129,false,סנו סושי 20 שקיות אשפה חזקות,החב. הדרומית לשיווק,,,יח`,1,,false,1,23.90,23.90,false,1,
7290107280341,false,מטליות לחות לניקוי הרצפה בניחוח מלון מ,החב. הדרומית לשיווק,,,יח`,1,,false,1,12.90,12.90,false,1,
7290107280396,false,סנו ג`ט מרסס למטבח חדש,החב. הדרומית לשיווק,,,יח`,1,,false,12,12.90,12.90,true,1,
7290107280563,false,סנו אוקסיג`ן ג`ל לכביסה בייבי 3 ל`,החב. הדרומית לשיווק,,,יח`,30,"ל-100 מ""ל",false,6,29.90,1,false,1,
7290107280570,false,ג`ל כביסה סנו מקסימה 3 ל` מיקס אנד ראש,החב. הדרומית לשיווק,,,יח`,30,"ל-100 מ""ל",false,6,29.90,1,false,1,
7290107280709,false,סנו ספארק נוזל הברקה למדיח 900 מ`ל,החב. הדרומית לשיווק,,,יח`,1,,false,12,14.90,14.90,false,1,
7290107280716,false,סנו ספארק מלח למדיח 2 ק`ג,החב. הדרומית לשיווק,,,יח`,20,"ל-100 מ""ל",false,6,11.90,0.60,false,1,
7290107280723,false,סנו ספארק 700 מ`ל לימון,החב. הדרומית לשיווק,,,יח`,7,"ל-100 מ""ל",false,12,8.90,1.27,false,1,
7290107280730,false,סנו ספארק נוזל כלים לבנדר 700 מ`ל,החב. הדרומית לשיווק,,,יח`,7,"ל-100 מ""ל",false,12,8.90,1.27,false,1,
7290107280747,false,סנו ספארק 700 מ`ל קלאסי,החב. הדרומית לשיווק,,,יח`,7,"ל-100 מ""ל",false,12,8.90,1.27,false,1,
7290107280754,false,סנו ספארק נוזל כלים היפואלרגני 700 מ`ל,החב. הדרומית לשיווק,,,יח`,7,"ל-100 מ""ל",false,12,8.90,1.27,false,1,
7290107280761,false,סנו ספארק 1 ל`+משאבה,החב. הדרומית לשיווק,,,יח`,10,"ל-100 מ""ל",false,1,12.90,1.29,false,1,
7290107280822,false,רצפז פ.הום ספא מרגיעה 2 ל`,החב. הדרומית לשיווק,,,יח`,20,"ל-100 מ""ל",false,8,21.90,1.10,false,1,
7290107644488,false,בייגלה שמיניות מלח 255 גר`,יוניליוור ישראל שיווק בע`מ,,,יח`,2.55,ל-100 גרם,false,1,5.90,2.31,false,1,
7290107646062,false,קנור מרק בצל 400 גר`רכיבים טבעיים,יוניליוור ישראל שיווק בע`מ,,,יח`,4,ל-100 גרם,false,1,24.90,6.23,false,1,
7290107646147,false,שוגי חטיף דגנים 8*21 גרם,יוניליוור ישראל שיווק בע`מ,,,יח`,1.56,ל-100 גרם,false,1,12.90,8.27,false,1,
7290107646154,false,שוגי חטיף דגנים 8*21 גרם,יוניליוור ישראל שיווק בע`מ,,,יח`,1.56,ל-100 גרם,false,1,12.90,8.27,false,1,
7290107646918,false,רוטב שקשוקה קנור,יוניליוור ישראל שיווק בע`מ,,,יח`,4.15,ל-100 גרם,false,1,11.90,2.87,false,1,
7290107646963,false,מיונז מתובל עם פלפל צ`ילי 250 גרם,יוניליוור ישראל שיווק בע`מ,,,יח`,2.50,ל-100 גרם,false,1,7.90,3.16,false,1,
7290107647359,false,דומסטוס 3 ס. אסלה אושן,יוניליוור ישראל שיווק בע`מ,,,יח`,1.65,ל-100 גרם,false,1,17.90,10.85,false,1,
7290107647731,false,קוקומן חום לבן 375 גרם,יוניליוור ישראל שיווק בע`מ,,,יח`,3.75,ל-100 גרם,false,1,19.90,5.31,true,1,
7290107647816,false,ברנפלקס ללא סוכר בדצ 500 גרם,יוניליוור ישראל שיווק בע`מ,,,יח`,5,ל-100 גרם,false,1,23.50,4.70,false,1,
7290107647854,false,שוגי 500 גרם,יוניליוור ישראל שיווק בע`מ,,,יח`,5,ל-100 גרם,false,1,19.90,3.98,true,1,
7290107649094,false,מקלות שומשום 150 גר`,יוניליוור ישראל שיווק בע`מ,,,יח`,1.50,ל-100 גרם,false,1,5.90,3.93,false,1,
7290107870047,false,טילון אקסטרים בראוניז ענק 115 גרם,נגה גלידות שותפות מוגבלת,,,יח`,1.15,ל-100 גרם,false,1,9.90,8.61,true,1,
7290107871297,false,פריכונים מיני עשבי תיבול 25 גרם,קבוצת אסם סחר,,,יח`,0.25,ל-100 גרם,false,1,3.80,15.20,false,1,
7290107871532,false,מאגדת מלון דובדבן *10 75 גרם,נגה גלידות שותפות מוגבלת,,,יח`,0.75,ל-100 גרם,false,1,16.90,22.53,false,1,
7290107871990,false,פסטה אסם צינורות 500 גרם,קבוצת אסם סחר,,,יח`,5,ל-100 גרם,false,1,5.90,1.18,true,1,
7290107874427,false,פריכונים מיני זעתר 25 גרם,קבוצת אסם סחר,,,יח`,0.25,ל-100 גרם,false,1,3.80,15.20,false,1,
7290107874502,false,ביסלי גריל מארז 4*55 גר`,קבוצת אסם סחר,,,יח`,2.01,ל-100 גרם,false,1,12.90,6.42,true,1,
7290107875158,false,מארז במבה 4*,קבוצת אסם סחר,,,יח`,2.40,ל-100 גרם,false,1,11.90,4.96,true,1,
7290107875271,false,ביסלי ברבקיו מארז 4*55 גר`,קבוצת אסם סחר,,,יח`,2.01,ל-100 גרם,false,1,12.90,6.42,true,1,
7290107877619,false,במבה קרם נוגט 5יח*30גר כשלפ,קבוצת אסם סחר,,,יח`,1.50,ל-100 גרם,false,1,12.90,8.60,true,1,
7290107879521,false,מאגדת לה פרוטה תות 5*70 גרם,נגה גלידות שותפות מוגבלת,,,יח`,3.50,ל-100 גרם,false,1,19.90,5.69,false,1,
7290107879569,false,מאגדת לה פרוטה מנגו 5*70 גרם,נגה גלידות שותפות מוגבלת,,,יח`,3.50,"ל-100 מ""ל",false,1,19.90,5.69,false,1,
7290107908467,false,קופסא לסנדוויץ לנקניק,ד.ג.ש ייבוא ושיווק בעמ,,,יח`,1,,false,1,9.90,9.90,false,1,
7290107931397,false,כיף כף פצפצים 40גר`,שטראוס גרופ בע`מ,,,יח`,0.40,ל-100 גרם,false,12,4.90,12.25,true,1,
7290107932080,false,חלב בבקבוק%3 מועשר,שטראוס גרופ בע`מ,,,יח`,10,"ל-100 מ""ל",false,12,7.70,0.77,false,1,
7290107934473,false,מארז מיוחד אקטיביה 1.5% 8*150 ג,שטראוס גרופ בע`מ,,,יח`,1.50,"ל-100 מ""ל",false,3,20.90,13.93,false,1,
7290107936309,false,דנונה יווני לבן 130 גר`,שטראוס גרופ בע`מ,,,יח`,1.30,ל-100 גרם,false,24,3.60,2.77,false,1,
7290107936958,false,ביסקוויט עד חצות אצבעות,שטראוס גרופ בע`מ,,,יח`,1.25,ל-100 גרם,false,12,9.90,7.92,false,1,
7290107937542,false,דנונה אקטיביה תות %1.2 265 ג`,שטראוס גרופ בע`מ,,,יח`,1.20,"ל-100 מ""ל",false,12,5.20,4.33,false,1,
7290107937627,false,צנצנת קוביות ספירמינט 58 גר`,שטראוס גרופ בע`מ,,,יח`,0.58,ל-100 גרם,false,12,9.90,17.07,true,1,
7290107937641,false,צנצנת קוביות בזוקה 58 גר`,שטראוס גרופ בע`מ,,,יח`,1,,false,12,9.90,9.90,true,1,
7290107937856,false,קפסולות עלית מס` 11 למכונת נספרסו,שטראוס גרופ בע`מ,,,יח`,0.50,ל-100 גרם,false,12,16.90,33.80,true,1,
7290107938396,false,דנונה Actimel בנים בטעם תות 8*100מל,שטראוס גרופ בע`מ,,,יח`,8,"ל-100 מ""ל",false,6,20.90,2.61,false,1,
7290107939027,false,גזר קצוץ חסלט,ביכורי השדה הצפון בעמ` 1964,,,יח`,1,,false,1,8.90,8.90,false,1,
7290107940467,false,דנונה אקטיביה יוגורט קרמי% 1.5 200 גר`,שטראוס גרופ בע`מ,,,יח`,2,"ל-100 מ""ל",false,24,4,2,false,1,
7290107941259,false,עדשים ירקות מבושלות,ביכורי השדה הצפון בעמ` 1964,,,יח`,1,,false,1,12.90,12.90,false,1,
7290107941266,false,שעועית אדומה מבושלת,ביכורי השדה הצפון בעמ` 1964,,,יח`,1,,false,1,12.90,12.90,false,1,
7290107941273,false,חומוס מבושל,ביכורי השדה הצפון בעמ` 1964,,,יח`,1,,false,1,12.90,12.90,false,1,
7290107943192,false,שמנת חמוצה יטבתה מהערבה 27% 390 גר`,שטראוס גרופ בע`מ,,,יח`,2,"ל-100 מ""ל",false,20,4.20,2.10,false,1,
7290107943369,false,שיבולת שועל קוואקר ללא גלוטן 511 גר`,שטראוס פריטו ליי בע`מ,,,יח`,5.11,ל-100 גרם,false,1,19.90,3.89,false,1,
7290107944243,false,וופל אפיפיות טעם שוקולד 200 גר`,שטראוס גרופ בע`מ,,,יח`,2,ל-100 גרם,false,1,7.90,3.95,false,1,
7290107944472,false,גבינת סימפוניה 5% שום שמיר 200גרם,שטראוס גרופ בע`מ,,,יח`,2,ל-100 גרם,false,12,10.90,5.45,false,1,
7290107945165,false,קונפיטורת משמש 340 גרם,שטראוס גרופ בע`מ,,,יח`,3.40,ל-100 גרם,false,6,14.90,4.38,true,1,
7290107950190,false,מעדן דיאט שוקולד מריר 130 גר`,שטראוס גרופ בע`מ,,,יח`,1.30,ל-100 גרם,false,24,3.50,2.69,false,1,
7290107950206,false,מעדן דיאט שוקולד % 0 130 גר`,שטראוס גרופ בע`מ,,,יח`,1.30,ל-100 גרם,false,24,3.50,2.69,false,1,
7290107951104,false,בפלות שוקולד 200 גרם,שטראוס גרופ בע`מ,,,יח`,2,ל-100 גרם,false,27,4.90,2.45,false,1,
7290107951111,false,בפלות לימון 200 גרם,שטראוס גרופ בע`מ,,,יח`,2,ל-100 גרם,false,27,4.90,2.45,false,1,
7290107953559,false,קפה טורקי דרך 24*,שטראוס גרופ בע`מ,,,יח`,1.40,ל-100 גרם,false,8,18.90,13.50,false,1,
7290107954709,false,קונפיטורת פירות היער 340 גרם,שטראוס גרופ בע`מ,,,יח`,3.40,ל-100 גרם,false,6,14.90,4.38,true,1,
7290107954976,false,משקה יטבתה פרו קפה 350 מל`,שטראוס גרופ בע`מ,,,יח`,3.50,"ל-100 מ""ל",false,6,6.40,1.83,false,1,
7290107956543,false,דבש טהור מפרחי בר 900 גר`,שטראוס גרופ בע`מ,,,יח`,1,,false,6,39.90,39.90,false,1,
7290107956642,false,תרסיס שמן זית להתזה 150 גר`,שטראוס גרופ בע`מ,,,יח`,1.50,"ל-100 מ""ל",false,12,17.90,11.93,false,1,
7290107956895,false,קפסולות אספרסו למכונת אספרסו,שטראוס גרופ בע`מ,,,יח`,0.50,ל-100 גרם,false,12,16.90,33.80,true,1,
7290107956901,false,קפסולות טעם אגוזים למכונת אספרסו,שטראוס גרופ בע`מ,,,יח`,0.50,ל-100 גרם,false,12,16.90,33.80,true,1,
7290107956925,false,קפסולות ברזיל 06 למכונת אספרסו,שטראוס גרופ בע`מ,,,יח`,0.50,ל-100 גרם,false,12,16.90,33.80,true,1,
7290107956932,false,קפסולות אספרסו למכונת אספרסו,שטראוס גרופ בע`מ,,,יח`,0.50,ל-100 גרם,false,12,16.90,33.80,true,1,
7290107957069,false,צנצנת עלמה טעם אוכמניות 66 גר`,שטראוס גרופ בע`מ,,,יח`,1,,false,12,9.90,9.90,true,1,
7290107957076,false,צנצנת עלמה טעם ספירמינט 66 גר`,שטראוס גרופ בע`מ,,,יח`,1,,false,12,9.90,9.90,true,1,
7290107957229,false,נטיפי שוקולד צ`יפ מריר 250 גרם,שטראוס גרופ בע`מ,,,יח`,2.50,ל-100 גרם,false,1,10.90,4.36,false,1,
7290107957991,false,מילקי קייק *9,שטראוס גרופ בע`מ,,,יח`,1.44,ל-100 גרם,false,6,14.90,10.35,true,1,
7290107958035,false,יוגורט במתיקות מעודנת 2% 150 גרם *8,שטראוס גרופ בע`מ,,,יח`,1.20,ל-100 גרם,false,1,18.50,15.42,false,1,
7290107973809,false,מנה קוביות עגבניות 400 גר`,ש. שסטוביץ בע`מ,,,יח`,4,ל-100 גרם,false,1,7.90,1.98,true,1,
7290107973861,false,מנה מארז שלישייה עגבניות מרוסקות,ש. שסטוביץ בע`מ,,,יח`,1.20,ל-100 גרם,false,1,16.90,14.08,true,1,
7290107974066,false,מנה עלי טורטיה קמח מלא 320 גר`,ש. שסטוביץ בע`מ,,,יח`,3.20,ל-100 גרם,false,1,9.90,3.09,false,1,
7290107974073,false,מנה עלי טורטיה קמח לבן 320 גר`,ש. שסטוביץ בע`מ,,,יח`,3.20,ל-100 גרם,false,1,9.90,3.09,false,1,
7290107974080,false,מנה עלי טורטיה קמח לבן 840 גר`,ש. שסטוביץ בע`מ,,,יח`,8.40,ל-100 גרם,false,1,15.90,1.89,false,1,
7290107974806,false,מאסטר שף אורז בסמטי 1 קג`,ש. שסטוביץ בע`מ,,,יח`,10,ל-100 גרם,false,1,12.90,1.29,false,1,
7290107974813,false,מאסטר שף אורז יסמין 1 קג`,ש. שסטוביץ בע`מ,,,יח`,10,ל-100 גרם,false,1,10.90,1.09,false,1,
7290107975346,false,ספיד סטיק 24/7 Fresh Rush ג`ל 85 גרם,ש. שסטוביץ בע`מ,,,יח`,0.85,ל-100 גרם,false,1,25.90,30.47,true,1,
7290107975360,false,ליידי ספיד סטיק פיור פרנש ג`ל,ש. שסטוביץ בע`מ,,,יח`,0.50,"ל-100 מ""ל",false,1,19.90,39.80,true,1,
7290107977456,false,פלמוליב לגבר ג`ל רחצה ושמפו ספורט 750,ש. שסטוביץ בע`מ,,,יח`,7.50,"ל-100 מ""ל",false,1,19.90,2.65,true,1,
7290107978323,false,מאסטר שף איטריות דקיקות 400 גר`,ש. שסטוביץ בע`מ,,,יח`,4,ל-100 גרם,false,1,6.90,1.73,true,1,
7290107978330,false,מאסטר שף איטריות דקות 400 גר`,ש. שסטוביץ בע`מ,,,יח`,4,ל-100 גרם,false,1,6.90,1.73,true,1,
7290107978453,false,קראנצוס גריל 55 גר`,ש. שסטוביץ בע`מ,,,יח`,0.70,ל-100 גרם,false,1,3.90,5.57,true,1,
7290107978637,false,מרידול משחת שיניים 75 גרם,ש. שסטוביץ בע`מ,,,יח`,0.75,ל-100 גרם,false,1,19.90,26.53,false,1,
7290108201437,false,"קולון 101 2.5ק""ג",תה ויסוצקי בע`מ,,,יח`,25,ל-100 גרם,false,1,25.90,1.04,true,1,
7290108201864,false,קולון ג`ל קפסולות 28 יח,תה ויסוצקי בע`מ,,,יח`,28,ל-100 גרם,false,1,24.90,0.89,false,1,
7290108350128,false,סנו סושי 40 שקיות אשפה חזקות במיוחד,החב. הדרומית לשיווק,,,יח`,1,,false,12,23.90,23.90,false,1,
7290108350210,false,סנו סושי 30 שקיות אשפה XL,החב. הדרומית לשיווק,,,יח`,30,ל-100 גרם,false,10,24.90,0.83,false,1,
7290108350531,false,סנו ספארק נוזל לניקוי כלים עם משאבה קל,החב. הדרומית לשיווק,,,יח`,10,"ל-100 מ""ל",false,12,12.90,1.29,false,1,
7290108350555,false,סנו ספארק נוזל לניקוי כלים עם משאבה שק,החב. הדרומית לשיווק,,,יח`,10,"ל-100 מ""ל",false,1,12.90,1.29,false,1,
7290108350586,false,סנו ספארק נוזל לניקוי כלים בניחוח לימו,החב. הדרומית לשיווק,,,יח`,1,,false,1,14.90,14.90,false,1,
7290108350616,false,מרכך כביסה מקסימה סופר מרוכז BLUE BLOS,החב. הדרומית לשיווק,,,יח`,7.50,"ל-100 מ""ל",false,12,18.90,2.52,true,1,
7290108350623,false,מרכך כביסה מקסימה סופר מרוכז 1 ל` סופט,החב. הדרומית לשיווק,,,יח`,10,"ל-100 מ""ל",false,12,18.90,1.89,true,1,
7290108350739,false,משחת שיניים אורביטול בוב ספוג 70 גרם,החב. הדרומית לשיווק,,,יח`,0.70,ל-100 גרם,false,1,9.90,14.14,false,1,
7290108351149,false,סנו ג`ט פלוס לניקוי כללי ורצפות,החב. הדרומית לשיווק,,,יח`,1.50,לליטר,false,12,13.90,9.27,true,1,
7290108351156,false,ג`יל לניקוי כללי JET 1.5 ליטר,החב. הדרומית לשיווק,,,יח`,1.50,לליטר,false,12,13.90,9.27,true,1,
7290108351514,false,מרכך כביסה סנו מקסימה סופט סילק 4 ליטר,החב. הדרומית לשיווק,,,יח`,40,"ל-100 מ""ל",false,1,21.90,0.55,false,1,
7290108351552,false,סנו ג`ט מרסס לניקוי כללי +חומץ טיבעי,החב. הדרומית לשיווק,,,יח`,7.50,"ל-100 מ""ל",false,12,13.90,1.85,true,1,
7290108351569,false,מרכך ומבשם כביסה בייבי פרש 750 מל,החב. הדרומית לשיווק,,,יח`,7.50,"ל-100 מ""ל",false,12,17.90,2.39,true,1,
7290108351675,false,סנו מקסימה ג`ל כביסה מרוכז 5 ל`צבעוני,החב. הדרומית לשיווק,,,יח`,50,"ל-100 מ""ל",false,4,44.90,0.90,false,1,
7290108351699,false,מגבונים ג`ט לניקוי מארז,החב. הדרומית לשיווק,,,יח`,1,,false,8,19.90,19.90,false,1,
7290108351781,false,ג`ט לניקוי אסלות 750 מל`,החב. הדרומית לשיווק,,,יח`,1,,false,12,10.90,10.90,true,1,
7290108351804,false,מרכך כביסה מקסימה סופר מרוכז 1 ל`,החב. הדרומית לשיווק,,,יח`,10,"ל-100 מ""ל",false,12,18.90,1.89,true,1,
7290108351811,false,מרכך כביסה מקסימה סופר מרוכז 1 ל`,החב. הדרומית לשיווק,,,יח`,10,"ל-100 מ""ל",false,12,18.90,1.89,true,1,
7290108351835,false,מרכך כביסה סנו מקסימה פלורל טאצ` 4 ל,החב. הדרומית לשיווק,,,יח`,40,"ל-100 מ""ל",false,6,21.90,0.55,false,1,
7290108351842,false,בושם מרוכז לכביסה FOREVER כחול,החב. הדרומית לשיווק,,,יח`,6,"ל-100 מ""ל",false,12,21.90,3.65,false,1,
7290108351927,false,סנו ספארק טבליות למדיח 70 יח`,החב. הדרומית לשיווק,,,יח`,1,,false,1,39.90,39.90,false,1,
7290108351996,false,מתז לחיטוי בסביבת תינוקות 99.9% מחטא ו,החב. הדרומית לשיווק,,,יח`,10,ל-100 גרם,false,1,14.90,1.49,true,1,
7290108352009,false,ספארק קפסולות למדיח כלים 50 יח`,החב. הדרומית לשיווק,,,יח`,1,,false,1,39.90,39.90,false,1,
7290108352092,false,משחת שיניים אורביטול פרוטקטיב 145 גר`,החב. הדרומית לשיווק,,,יח`,1.45,ל-100 גרם,false,1,17.90,12.34,false,1,
7290108352115,false,סנובון שלישייה מוצק בתוספת אקונומיקה,החב. הדרומית לשיווק,,,יח`,40,"ל-100 מ""ל",false,1,10.90,0.27,false,1,
7290108352146,false,סנובון נוזלי לאסלה מגנוליה ונרול 750 מ,החב. הדרומית לשיווק,,,יח`,7.50,"ל-100 מ""ל",false,12,10.90,1.45,false,1,
7290108352153,false,"סנובון נוזלי לאסלה לוטוס וסחלב 750 מ""ל",החב. הדרומית לשיווק,,,יח`,7.50,"ל-100 מ""ל",false,12,10.90,1.45,false,1,
7290108352207,false,מקסימה 40 קפסולות לכביסה ורוד,החב. הדרומית לשיווק,,,יח`,12,ל-100 גרם,false,1,34.90,2.91,false,1,
7290108352269,false,דלי 400 מטליות לחיטוי וניקוי,החב. הדרומית לשיווק,,,יח`,1,,false,1,29.90,29.90,false,1,
7290108352320,false,"פרש הום מלון בוטיק 350 מ""ל",החב. הדרומית לשיווק,,,יח`,3.50,ל-100 גרם,false,12,11.90,3.40,false,1,
7290108352399,false,סנו ריצפז פרש הום 2 ליטר,החב. הדרומית לשיווק,,,יח`,20,"ל-100 מ""ל",false,8,21.90,1.10,false,1,
7290108352528,false,מתז לחיטוי חדר אמבטיה 99.9%,החב. הדרומית לשיווק,,,יח`,10,ל-100 גרם,false,1,14.90,1.49,true,1,
7290108352566,false,מרכך כביסה סנו מקסימה ג`וי 4 ליטר,החב. הדרומית לשיווק,,,יח`,40,"ל-100 מ""ל",false,6,19.90,0.50,false,1,
7290108352573,false,.מרכך כביסה סנו מקסימה CALM 4 ליטר,החב. הדרומית לשיווק,,,יח`,40,"ל-100 מ""ל",false,6,21.90,0.55,false,1,
7290108352597,false,סנו 400 מגבונים לחים לניקוי כללי בדלי,החב. הדרומית לשיווק,,,יח`,1,,false,6,31.90,31.90,false,1,
7290108352641,false,סנו סושי מטלית הפלא לניקוי כללי במארז,החב. הדרומית לשיווק,,,יח`,1,,false,12,14.90,14.90,false,1,
7290108352672,false,סנו סושי מטלית הפלא לרצפה צמד,החב. הדרומית לשיווק,,,יח`,1,,false,12,19.90,19.90,false,1,
7290108352689,false,כריות קרצוף ללכלוך קשה 9 יח`,החב. הדרומית לשיווק,,,יח`,1,,false,1,11.90,11.90,false,1,
7290108352788,false,שקיות זיפר 20 יח`במידה L סנו סושי,החב. הדרומית לשיווק,,,יח`,7.50,"ל-100 מ""ל",false,12,11.90,1.59,false,1,
7290108352795,false,שקיות זיפר 50 יח`במידה M סנו סושי,החב. הדרומית לשיווק,,,יח`,7.50,"ל-100 מ""ל",false,1,11.90,1.59,false,1,
7290108352801,false,סנו סושי 100 שקיות אשפה לפחים קטנים,החב. הדרומית לשיווק,,,יח`,1.14,"ק""ג",false,12,18.90,16.58,false,1,
7290108352818,false,מטלית במבוק לניקוי סושי,החב. הדרומית לשיווק,,,יח`,1,,false,12,8.90,8.90,false,1,
7290108352825,false,ספוג הפלא נירוסטה *3,החב. הדרומית לשיווק,,,יח`,1,,false,12,11.90,11.90,false,1,
7290108352849,false,סנו סושי מטלית הפלא לניקוי כללי דיקור,החב. הדרומית לשיווק,,,יח`,1,,false,12,14.90,14.90,false,1,
7290108352863,false,סנו סושי 20שקיות צלייה,החב. הדרומית לשיווק,,,יח`,1,,false,12,8.90,8.90,false,1,
7290108352900,false,סנו סושי מגבות נייר בגליל כפול 6 ג`,החב. הדרומית לשיווק,,,יח`,25.50,ל-100 גרם,false,1,23.90,0.94,false,1,
7290108352924,false,סנו סושי 80 כפפות ניטריל מידה M,החב. הדרומית לשיווק,,,יח`,1,,false,1,24.90,24.90,false,1,
7290108353006,false,שקיות אוכל נקשרות 250 יח XL,החב. הדרומית לשיווק,,,יח`,1,,false,24,11.90,11.90,false,1,
7290108353075,false,מפיות אירוח איכותיות 50 יח`,החב. הדרומית לשיווק,,,יח`,1,,false,1,11.90,11.90,false,1,
7290108353099,false,ממחטות אף דו שכבתיות נשלפות אחד אח,החב. הדרומית לשיווק,,,יח`,1,ל-100 גרם,false,1,14.90,14.90,false,1,
7290108353334,false,כיף שמפו למניעת קשקשים עם שמן עץ התה,החב. הדרומית לשיווק,,,יח`,7,"ל-100 מ""ל",false,1,12.90,1.84,false,1,
7290108353372,false,מברשת שיניים אורביטל סיבי פחם,החב. הדרומית לשיווק,,,יח`,1,ל-100 גרם,false,1,29.90,29.90,false,1,
7290108353501,false,שקיות אשפה עם ידית XXL 25 יח`,החב. הדרומית לשיווק,,,יח`,1,,false,1,19.90,19.90,false,1,
7290108353525,false,4 תבניות אלומניום עם ידית L,החב. הדרומית לשיווק,,,יח`,1,,false,1,11.90,11.90,false,1,
7290108353532,false,שקיות אשפה בגליל 100 יח`L,החב. הדרומית לשיווק,,,יח`,1,,false,1,29.90,29.90,false,1,
7290108353549,false,נייר אפייה 100 דפים,החב. הדרומית לשיווק,,,יח`,1,,false,1,22.90,22.90,false,1,
7290108353662,false,מפת שולחן מוטבעת חגיגית XL,החב. הדרומית לשיווק,,,יח`,1,,false,24,9.90,9.90,false,1,
7290108353686,false,סנו סושי מטלית חלומית לרצפה,החב. הדרומית לשיווק,,,יח`,1,,false,12,11.90,11.90,false,1,
7290108353778,false,תחליב רחצה שוודיה פיטנגו נקה 7,החב. הדרומית לשיווק,,,יח`,7.50,לליטר,false,12,10.90,1.45,true,1,
7290108353785,false,נקה 7 ארומה תחליב רחצה מרוקו 750 מ`ל,החב. הדרומית לשיווק,,,יח`,7.50,ל-100 גרם,false,12,10.90,1.45,true,1,
7290108353792,false,תחליב רחצה יפן פריחת הדובדבן נקה 7,החב. הדרומית לשיווק,,,יח`,7.50,לליטר,false,12,10.90,1.45,true,1,
7290108353808,false,תחליב רחצה מדגסקר בניחוח אמבר נקה 7,החב. הדרומית לשיווק,,,יח`,7.50,לליטר,false,12,10.90,1.45,true,1,
7290108353839,false,סנו סושי 80 כפפות ניטריל מידה M,החב. הדרומית לשיווק,,,יח`,1,,false,1,24.90,24.90,false,1,
7290108353846,false,סנו סושי 80 כפפות ניטריל מידה L,החב. הדרומית לשיווק,,,יח`,1,,false,1,24.90,24.90,false,1,
7290108353990,false,קרמה קרם גוף מאסק 500 מל,החב. הדרומית לשיווק,,,יח`,5,"ל-100 מ""ל",false,12,24.90,4.98,false,1,
7290108354270,false,מרכך כביסה סנו מקסימה 1 ליטר CALM,החב. הדרומית לשיווק,,,יח`,10,"ל-100 מ""ל",false,6,19.90,1.99,true,1,
7290108354416,false,תחליב רחצה יוגה בניחוח ברגמוט 600 מל,החב. הדרומית לשיווק,,,יח`,1,יח`,false,1,17.90,17.90,true,1,
7290108354430,false,"כיף שמפו לשיקום והזנה 700 מ""ל",החב. הדרומית לשיווק,,,יח`,7,"ל-100 מ""ל",false,1,12.90,1.84,false,1,
7290108354447,false,"כיף מרכך לשיקום והזנה 700 מ""ל",החב. הדרומית לשיווק,,,יח`,7,"ל-100 מ""ל",false,1,12.90,1.84,false,1,
7290108354607,false,נקה 7 ביו שמפו לשיער 750 מל,החב. הדרומית לשיווק,,,יח`,7.50,"ל-100 מ""ל",false,1,11.90,1.59,true,1,
7290108354751,false,סנו ג`ט מרסס לניקוי כללי +חומץ טיבעי,החב. הדרומית לשיווק,,,יח`,7.50,"ל-100 מ""ל",false,12,13.90,1.85,true,1,
7290108354911,false,"קרמה מן 3 ב -1700 מ""ל",החב. הדרומית לשיווק,,,יח`,7,"ל-100 מ""ל",false,12,19.90,2.84,false,1,
7290108356007,false,כיף תחליב רחצה בניחוח מרשמלו 700 מל`,החב. הדרומית לשיווק,,,יח`,7,"ל-100 מ""ל",false,12,12.90,1.84,false,1,
7290108356038,false,כיף תחליב רחצה בניחוח תפוז 700 מל`,החב. הדרומית לשיווק,,,יח`,7,"ל-100 מ""ל",false,1,12.90,1.84,false,1,
7290108356113,false,תחליב רחצה דבש 700 מל`,החב. הדרומית לשיווק,,,יח`,7,"ל-100 מ""ל",false,12,12.90,1.84,false,1,
7290108356137,false,תחליב רחצה לבנדר 700 מל`,החב. הדרומית לשיווק,,,יח`,7,"ל-100 מ""ל",false,12,12.90,1.84,false,1,
7290108356168,false,תחליב רחצה כיף אוקיינוס 700 מל`,החב. הדרומית לשיווק,,,יח`,7,"ל-100 מ""ל",false,12,12.90,1.84,false,1,
7290108356229,false,"קרמה ג`ל גילוח קרבון פאוור 200 מ""ל",החב. הדרומית לשיווק,,,יח`,2,"ל-100 מ""ל",false,12,11.90,5.95,false,1,
7290108356519,false,"קרליין שמפו 10 לשיער רגיל 700 מ""ל",החב. הדרומית לשיווק,,,יח`,7,"ל-100 מ""ל",false,1,12.90,1.84,true,1,
7290108356526,false,"שמפו 10 לשיער יבש קרליין 700 מ""ל",החב. הדרומית לשיווק,,,יח`,7,"ל-100 מ""ל",false,1,12.90,1.84,true,1,
7290108356533,false,"קרליין שמפו 10 לשיער מתולתל 700 מ""ל",החב. הדרומית לשיווק,,,יח`,7,"ל-100 מ""ל",false,1,12.90,1.84,true,1,
7290108356564,false,"קרליין מרכך 10 לשיער רגיל 700 מ""ל",החב. הדרומית לשיווק,,,יח`,7,"ל-100 מ""ל",false,1,12.90,1.84,true,1,
7290108357028,false,"כיף תחליב רחצה ורד ושמן קוקוי 700 מ""ל",החב. הדרומית לשיווק,,,יח`,1,,false,1,12.90,12.90,false,1,
7290108357097,false,"קרליין דאו ספריי נושם ביו 150 מ""ל ROSE",החב. הדרומית לשיווק,,,יח`,1.50,"ל-100 מ""ל",false,1,12.90,8.60,false,1,
7290108357189,false,מבשם ומרכך למייבש כביסה פלורל טאצ`,החב. הדרומית לשיווק,,,יח`,7.50,"ל-100 מ""ל",false,1,17.90,2.39,true,1,
7290108357196,false,סנו ג`ט מרסס לניקוי וחיטוי תמצית תה,החב. הדרומית לשיווק,,,יח`,7.50,"ל-100 מ""ל",false,12,13.90,1.85,true,1,
7290108357202,false,סנוקליר בניחוח בלו בלוסום 1 ל`,החב. הדרומית לשיווק,,,יח`,10,"ל-100 מ""ל",false,12,10.90,1.09,false,1,
7290108357288,false,סנו ג`אוול אקונומיקה בריח פריחה לב 4 ליט,החב. הדרומית לשיווק,,,יח`,40,"ל-100 מ""ל",false,6,16.90,0.42,false,1,
7290108357295,false,סנו אוקסיג`ן מרסס מסיר כתמים קשים 750 מ,החב. הדרומית לשיווק,,,יח`,7.50,"ל-100 מ""ל",false,12,17.90,2.39,true,1,
7290108357394,false,"תחליב רחצה קרמה חלב ודבש 700 מ""ל",החב. הדרומית לשיווק,,,יח`,7,"ל-100 מ""ל",false,1,17.90,2.56,false,1,
7290108357660,false,סנובון ג`ל אסלה לבנדר שלישיה,החב. הדרומית לשיווק,,,יח`,1,יח`,false,1,14.90,14.90,false,1,
7290108357714,false,כיף שמפו לשיער רגיל -רימונים ושמן ארגן,החב. הדרומית לשיווק,,,יח`,7,"ל-100 מ""ל",false,12,12.90,1.84,false,1,
7290108357837,false,כיף אל סבון שקית מילוי+ פקק 1 ליטר,החב. הדרומית לשיווק,,,יח`,1,יח`,false,1,8.90,8.90,false,1,
7290108357844,false,כיף אל סבון שקית מילוי+ פקק 1 ליטר,החב. הדרומית לשיווק,,,יח`,1,יח`,false,1,8.90,8.90,false,1,
7290108359015,false,שקיות זיפר 20 יח`M רב פעמיות סנו,החב. הדרומית לשיווק,,,יח`,1,יח`,false,1,14.90,14.90,false,1,
7290108359046,false,שקיות אשפה EXTRA חזקות במיוחד L סנו,החב. הדרומית לשיווק,,,יח`,1,יח`,false,1,24.90,24.90,false,1,
7290108359077,false,ממחטות אף 3 שכבות בקופסא סנו,החב. הדרומית לשיווק,,,יח`,1,ל-100 גרם,false,1,14.90,14.90,false,1,
7290108359084,false,כיסוי ניילון עם גומי M סנו סושי,החב. הדרומית לשיווק,,,יח`,1,יח`,false,1,9.90,9.90,false,1,
7290108359091,false,כיסוי ניילון עם גומי L סנו סושי,החב. הדרומית לשיווק,,,יח`,1,יח`,false,1,9.90,9.90,false,1,
7290108359114,false,חמגשית אלומניום עם מכסה,החב. הדרומית לשיווק,,,יח`,1,,false,1,10.90,10.90,false,1,
7290108359145,false,סנו סושי דפי ספוג הפלא 12 יח`,החב. הדרומית לשיווק,,,יח`,1,,false,12,10.90,10.90,false,1,
7290108359169,false,"6 תבניות אלומיניום עגולות 28 ס""מ",החב. הדרומית לשיווק,,,יח`,1,יח`,false,1,9.90,9.90,false,1,
7290108359879,false,אלסבון בייבי כיף 750 מל`,החב. הדרומית לשיווק,,,יח`,7.50,"ל-100 מ""ל",false,1,17.90,2.39,false,1,
7290108359985,false,סנו Javel קצף ניקוי פריחה לבנה 1 ליטר,החב. הדרומית לשיווק,,,יח`,10,"ל-100 מ""ל",false,12,18.90,1.89,true,1,
7290108420401,false,תמר מג`הול,ביכורי השדה הצפון בעמ` 1964,,,יח`,1,יח`,false,1,19.90,19.90,false,1,
7290108465662,false,שלישיית גרביים לגבר,הום פרפקט ק.ד.מ בעמ,,,יח`,1,,false,1,14.90,14.90,true,1,
7290108465891,false,גרבי בנים 3 חלק LC,הום פרפקט ק.ד.מ בעמ,,,יח`,1,,false,1,11.90,11.90,false,1,
7290108500677,false,כבד דג שיבוט בשמן דג 115גר,ג. וילי-פוד אינטרנשיונל בע`מ,,,יח`,1.15,ל-100 גרם,false,12,9.90,8.61,false,1,
7290108501346,false,גבינה גאודה מגורדת 500 גר`28%,ג. וילי-פוד אינטרנשיונל בע`מ,,,יח`,5,ל-100 גרם,false,1,24.90,4.98,false,1,
7290108501391,false,גבינת חצי קשה מחלב עיזים פרוסות 150 גר`,ג. וילי-פוד אינטרנשיונל בע`מ,,,יח`,1.50,ל-100 גרם,false,1,22.90,15.27,false,1,
7290108501490,false,גבינת מוצרלה פרוסות 150 גר`,ג. וילי-פוד אינטרנשיונל בע`מ,,,יח`,1.50,ל-100 גרם,false,1,14.90,9.93,false,1,
7290108502268,false,קרקר במליחות עדינה 250 גר`,ג. וילי-פוד אינטרנשיונל בע`מ,,,יח`,0.25,ל-100 גרם,false,20,6.90,27.60,false,1,
7290108502305,false,גבינה גרנה פדנו משולש 150 גר`,ג. וילי-פוד אינטרנשיונל בע`מ,,,יח`,1.50,ל-100 גרם,false,1,19.90,13.27,false,1,
7290108502329,false,רביעית נתחי טונה בשמן זית 160 גר`,ג. וילי-פוד אינטרנשיונל בע`מ,,,יח`,1.60,ל-100 גרם,false,12,29.90,18.69,false,1,
7290108502381,false,תחתיות לפיצה 26 סמ,ג. וילי-פוד אינטרנשיונל בע`מ,,,יח`,1,ל-100 גרם,false,6,12.90,12.90,false,1,
7290108502589,false,גבינת שמנת EURO CHEESE עם שום 200 גר`,ג. וילי-פוד אינטרנשיונל בע`מ,,,יח`,2,ל-100 גרם,false,1,11.90,5.95,false,1,
7290108502725,false,גבינת גאודה פרוסות 400 גר`,ג. וילי-פוד אינטרנשיונל בע`מ,,,יח`,4,ל-100 גרם,false,1,19.90,4.98,false,1,
7290108502763,false,גבינת קממבר 200 גר`,ג. וילי-פוד אינטרנשיונל בע`מ,,,יח`,2,ל-100 גרם,false,1,19.90,9.95,false,1,
7290108502862,false,מלפפון כבוש במלח 18-25 600 גרם,ג. וילי-פוד אינטרנשיונל בע`מ,,,יח`,6,ל-100 גרם,false,12,10.90,1.82,false,1,
7290108503043,false,מארז תפוחנים,ג. וילי-פוד אינטרנשיונל בע`מ,,,יח`,0.35,ל-100 גרם,false,36,14.90,42.57,false,1,
7290108503067,false,פרמז`נו משולש 150 גר`,ג. וילי-פוד אינטרנשיונל בע`מ,,,יח`,1.50,ל-100 גרם,false,1,15.90,10.60,false,1,
7290108503159,false,גבינה כחולה עם עובש 100 גר%`31,ג. וילי-פוד אינטרנשיונל בע`מ,,,יח`,1,ל-100 גרם,false,1,14.90,14.90,false,1,
7290108503692,false,פיצה מרגריטה 385 גר`,ג. וילי-פוד אינטרנשיונל בע`מ,,,יח`,0,ל-100 גרם,false,1,14.90,14.90,false,1,
7290108503791,false,ניוקי תפ`וא 3 צבעים 500 גר`ללא גלוטן,ג. וילי-פוד אינטרנשיונל בע`מ,,,יח`,5,ל-100 גרם,false,1,9.90,1.98,false,1,
7290108504279,false,קשקבל צ`אנק 150 גר`,ג. וילי-פוד אינטרנשיונל בע`מ,,,יח`,1.50,ל-100 גרם,false,1,16.90,11.27,true,1,
7290108504293,false,מנצ`גו צ`אנק 150 גר`,ג. וילי-פוד אינטרנשיונל בע`מ,,,יח`,1.50,ל-100 גרם,false,1,16.90,11.27,true,1,
7290108505719,false,גבינת מוצרלה חצי קשה 25% 200 גר`,ג. וילי-פוד אינטרנשיונל בע`מ,,,יח`,2,ל-100 גרם,false,1,13.90,6.95,false,1,
7290108505726,false,אצבעות גבינה חצי קשה 25% 200 גר`,ג. וילי-פוד אינטרנשיונל בע`מ,,,יח`,2,ל-100 גרם,false,1,13.90,6.95,false,1,
7290108505733,false,צמות גבינה חצי קשה 25% 200 גר`,ג. וילי-פוד אינטרנשיונל בע`מ,,,יח`,2,ל-100 גרם,false,1,13.90,6.95,false,1,
7290108505740,false,גבינת קשקבל חצי קשה 25% 200 גר`,ג. וילי-פוד אינטרנשיונל בע`מ,,,יח`,2,ל-100 גרם,false,1,13.90,6.95,false,1,
7290108506495,false,כנאפה קפוא 192.5 גר`,ג. וילי-פוד אינטרנשיונל בע`מ,,,יח`,1.9250,ל-100 גרם,false,1,13.90,7.22,true,1,
7290108506532,false,גליליות וופל במילוי אגוזי לוז 400 גר`,ג. וילי-פוד אינטרנשיונל בע`מ,,,יח`,4,ל-100 גרם,false,1,13.90,3.48,false,1,
7290108506549,false,גליליות וופל במילוי קרם וניל 400 גר`,ג. וילי-פוד אינטרנשיונל בע`מ,,,יח`,4,ל-100 גרם,false,1,13.90,3.48,false,1,
7290108506655,false,רביולי ריקוטה ותרד 250 גר`,ג. וילי-פוד אינטרנשיונל בע`מ,,,יח`,2.50,ל-100 גרם,false,1,12.90,5.16,false,1,
7290108506679,false,רביולי חצילים ומוצרלה 250 גר`,ג. וילי-פוד אינטרנשיונל בע`מ,,,יח`,2.50,ל-100 גרם,false,1,12.90,5.16,false,1,
7290108506709,false,גבינת פרמגיאנו 150 גר`,ג. וילי-פוד אינטרנשיונל בע`מ,,,יח`,1.50,ל-100 גרם,false,1,19.90,13.27,false,1,
7290108506815,false,גליליות וופל במילוי קרם קרמל מלו 400 ג,ג. וילי-פוד אינטרנשיונל בע`מ,,,יח`,4,ל-100 גרם,false,1,13.90,3.48,false,1,
7290108507058,false,ביסקויט שוקולד חלב 100 גרם,ג. וילי-פוד אינטרנשיונל בע`מ,,,יח`,1,ל-100 גרם,false,1,6.90,6.90,true,1,
7290108507065,false,גבינת פרמג`יאנו מגורדת 100 גר`,ג. וילי-פוד אינטרנשיונל בע`מ,,,יח`,1,ל-100 גרם,false,1,12.90,12.90,true,1,
7290108507645,false,ביסקויט שוקולד מריר 100 גרם,ג. וילי-פוד אינטרנשיונל בע`מ,,,יח`,1,ל-100 גרם,false,1,6.90,6.90,true,1,
7290108507652,false,ביסקויט שוקולד לבן 100 גרם,ג. וילי-פוד אינטרנשיונל בע`מ,,,יח`,1,ל-100 גרם,false,1,6.90,6.90,true,1,
7290108508499,false,"משקה יוגורט איירן בסגנון טורקי 293 מ""ל",ג. וילי-פוד אינטרנשיונל בע`מ,,,יח`,2.93,"ל-100 מ""ל",false,1,4.90,1.67,true,1,
7290108508574,false,פסטה ברוטב עגבניות מוכן לאכילה 250 גרם,ג. וילי-פוד אינטרנשיונל בע`מ,,,יח`,2.50,ל-100 גרם,false,1,6.90,2.76,false,1,
7290108508765,false,קונכיות פתיתים 400 גר`,ג. וילי-פוד אינטרנשיונל בע`מ,,,יח`,4,ל-100 גרם,false,1,5.90,1.48,false,1,
7290108508772,false,קונכיות פתיתים עם תרד 400 גרם,ג. וילי-פוד אינטרנשיונל בע`מ,,,יח`,4,ל-100 גרם,false,1,5.90,1.48,false,1,
7290108509052,false,מאפה פילו ממולא גבינת פטה 400 גר`,ג. וילי-פוד אינטרנשיונל בע`מ,,,יח`,4,ל-100 גרם,false,1,19.90,4.98,false,1,
7290108509137,false,גבינה בולגרית מעודנת 250 גר` 5% שומן,ג. וילי-פוד אינטרנשיונל בע`מ,,,יח`,2.50,ל-100 גרם,false,1,10.90,4.36,false,1,
7290108509199,false,גבינה פטה 500 גר` 17% שומן,ג. וילי-פוד אינטרנשיונל בע`מ,,,יח`,2.50,ל-100 גרם,false,1,21.90,8.76,true,1,
7290108509212,false,חטיף אורז אפוי בטעם ירקות לתינוקות 50גר,ג. וילי-פוד אינטרנשיונל בע`מ,,,יח`,0.50,ל-100 גרם,false,1,11.90,23.80,false,1,
7290108509267,false,ארוחת פסטה עם רוטב גבינה 206 גר`,ג. וילי-פוד אינטרנשיונל בע`מ,,,יח`,2.06,ל-100 גרם,false,1,8.90,4.32,true,1,
7290108509359,false,פופקורן בציפוי בטעם קרמל 90 גר`,ג. וילי-פוד אינטרנשיונל בע`מ,,,יח`,0.90,ל-100 גרם,false,1,6.90,7.67,true,1,
7290108509700,false,"אורז פרסי DAAWAT 1 ק""ג",ג. וילי-פוד אינטרנשיונל בע`מ,,,יח`,10,ל-100 גרם,false,1,9.90,0.99,false,1,
7290108509755,false,חלומי 250 גרם 23%,ג. וילי-פוד אינטרנשיונל בע`מ,,,יח`,2.50,ל-100 גרם,false,1,23.90,9.56,false,1,
7290108509793,false,גליליות וופל במילוי שוקולד מריר 400 גר`,ג. וילי-פוד אינטרנשיונל בע`מ,,,יח`,4,ל-100 גרם,false,1,13.90,3.48,false,1,
7290108509816,false,בייבי מוצרלה 22% שומן 200 גר`,ג. וילי-פוד אינטרנשיונל בע`מ,,,יח`,2,ל-100 גרם,false,1,13.90,6.95,false,1,
7290108509908,false,מנת השף אטריות בטעם סיני ירקות 85 גר`,ג. וילי-פוד אינטרנשיונל בע`מ,,,יח`,8.50,ל-100 גרם,false,1,3.90,0.46,true,1,
7290108509915,false,מנת השף אטריות בטעם סיני פיקנטי 85 גר`,ג. וילי-פוד אינטרנשיונל בע`מ,,,יח`,8.50,ל-100 גרם,false,1,3.90,0.46,true,1,
7290108509922,false,מנת השף אטריות בטעם עוף 85 גרם,ג. וילי-פוד אינטרנשיונל בע`מ,,,יח`,8.50,ל-100 גרם,false,1,3.90,0.46,true,1,
7290108509939,false,פרוסות פילה טונה 120 גר`,ג. וילי-פוד אינטרנשיונל בע`מ,,,יח`,1.20,ל-100 גרם,false,1,12.90,10.75,true,1,
7290108509960,false,שלישיית טונה בהירה 80 גרם בשמן זית,ג. וילי-פוד אינטרנשיונל בע`מ,,,יח`,0.80,ל-100 גרם,false,1,13.90,17.38,false,1,
7290109351025,false,חומוסטחינה צבר 400 גרם,קבוצת אסם סחר,,,יח`,4,ל-100 גרם,false,1,14.90,3.73,false,1,
7290109355504,false,קראנץ` וניל ליבת נוגט שוקולד לבן 100 ג,נגה גלידות שותפות מוגבלת,,,יח`,1,ל-100 גרם,false,1,9.90,9.90,true,1,
7290109358284,false,שניצל תירס טבועל עם חלבון,קבוצת אסם סחר,,,יח`,6.6440,ל-100 גרם,false,1,29.90,4.50,true,1,
7290109358482,false,קרמוגית אסם במילוי חלווה,קבוצת אסם סחר,,,יח`,2,ל-100 גרם,false,1,10.90,5.45,true,1,
7290109580043,false,"שניצל תירס 1.75 ק""ג",נקניק זוגלובק נהריה,,,יח`,17.50,ל-100 גרם,false,1,49.90,2.85,false,1,
7290109580098,false,קבנוס זוגלובק סרירצ`ה 135 גרם,נקניק זוגלובק נהריה,,,יח`,1.35,ל-100 גרם,false,1,11.90,8.81,false,1,
7290109580104,false,רוסטביף פרימיום 150 גר`,נקניק זוגלובק נהריה,,,יח`,1.50,ל-100 גרם,false,1,26.90,17.93,false,1,
7290109580111,false,צלעות אסאדו פרימיום מעושנות 120 גרם,נקניק זוגלובק נהריה,,,יח`,1.20,ל-100 גרם,false,1,24.90,20.75,false,1,
7290109580135,false,קורנדביף 180 גר`,נקניק זוגלובק נהריה,,,יח`,1.80,ל-100 גרם,false,1,26.90,14.94,false,1,
7290109580159,false,פסטרמה בנוסח טוסקנה 200 גר`,נקניק זוגלובק נהריה,,,יח`,2,ל-100 גרם,false,1,26.90,13.45,false,1,
7290109580241,false,נאגטס מן הצומח 500 גר`,נקניק זוגלובק נהריה,,,יח`,5,ל-100 גרם,false,1,23.90,4.78,false,1,
7290109580432,false,פסטרמה חזה הודו מעושן 120 גר` דק דק,נקניק זוגלובק נהריה,,,יח`,1.20,ל-100 גרם,false,1,14.90,12.42,true,1,
7290109580449,false,סלמי בטעם כמהין פרימיום 180 גר`,נקניק זוגלובק נהריה,,,יח`,1.20,ל-100 גרם,false,1,24.90,20.75,false,1,
7290109640372,false,משומשו ממרח עם זיתים 9% שומן 200 ג,קפוא זן תעשיות מזון בעמ,,,יח`,2,ל-100 גרם,false,1,15.90,7.95,false,1,
7290109920603,false,אסטוניש קרם מטבח,יעקב יעקבי ובניו בע`מ,,,יח`,5.50,"ל-100 מ""ל",false,1,11.90,2.16,false,1,
7290109920627,false,אסטוניש קרם אמבט+אקונמיקה,יעקב יעקבי ובניו בע`מ,,,יח`,5.50,"ל-100 מ""ל",false,1,11.90,2.16,false,1,
7290109923147,false,"אסטוניש מרסס פלא של אקונומיקה 750 מ""ל",יעקב יעקבי ובניו בע`מ,,,יח`,7.50,"ל-100 מ""ל",false,1,14.90,1.99,false,1,
7290110059545,false,בקבוק נירוסטה מעוצב 500 מל`,שמחה זה אנחנו בע`מ,,,יח`,1,,false,1,22.90,22.90,false,1,
7290110110369,false,"בירה קרלסברג LUMA שישייה 330 מ""ל",החברה המרכזית להפצת משקאות בע`,,,יח`,19.80,"ל-100 מ""ל",false,1,39.90,1.92,true,1,
7290110113261,false,אושן ספריי רימונים,החברה המרכזית להפצת משקאות בע`,,,יח`,10,"ל-100 מ""ל",false,15,12.20,1.19,false,1,
7290110113476,false,"שישיית קרלסברג 330 מ""ל 0.0%",החברה המרכזית להפצת משקאות בע`,,,יח`,19.80,"ל-100 מ""ל",false,1,28.70,1.36,false,1,
7290110114787,false,נביעות מים מינרלים תפוח1.5 ל פיקדון,החברה המרכזית להפצת משקאות בע`,,,יח`,15,"ל-100 מ""ל",false,12,9.90,0.64,false,1,
7290110114794,false,נביעות מים מינרליים אפרסק 1.5ל פיקדון,החברה המרכזית להפצת משקאות בע`,,,יח`,15,"ל-100 מ""ל",false,12,9.90,0.64,false,1,
7290110114800,false,נביעות מים מינרליים ענבים1.5 ל` פיקדון,החברה המרכזית להפצת משקאות בע`,,,יח`,15,"ל-100 מ""ל",false,12,9.90,0.64,false,1,
7290110114855,false,נביעות שישייה מים מינרלים שקט 1.5 ל`,החברה המרכזית להפצת משקאות בע`,,,יח`,90,"ל-100 מ""ל",false,1,12.90,0.12,false,1,
7290110114954,false,מיץ תפוז מתקתק 100% 2 ליטר,החברה המרכזית להפצה,,,יח`,4,"ל-100 מ""ל",false,1,21.90,5.40,false,1,
7290110114961,false,פריגת משקה תפוזים 1.5 ליטר פיקדון,החברה המרכזית להפצת משקאות בע`,,,יח`,15,"ל-100 מ""ל",false,12,9.50,0.61,false,1,
7290110114985,false,פריגת משקה אשכוליות 1.5 ליטר פיקדון,החברה המרכזית להפצת משקאות בע`,,,יח`,15,"ל-100 מ""ל",false,12,9.50,0.61,false,1,
7290110115005,false,פריגת משקה ענבים 1.5 ליטר פיקדון,החברה המרכזית להפצת משקאות בע`,,,יח`,15,"ל-100 מ""ל",false,12,9.50,0.61,false,1,
7290110115036,false,פריגת משקה מנגו 1.5 ליטר פיקדון,החברה המרכזית להפצת משקאות בע`,,,יח`,15,"ל-100 מ""ל",false,12,9.50,0.61,false,1,
7290110115043,false,פריגת לימונענע 1.5 ליטר פיקדון,החברה המרכזית להפצת משקאות בע`,,,יח`,15,"ל-100 מ""ל",false,12,9.50,0.61,false,1,
7290110115050,false,פריגת מיקס תות בננה 1.5 ליטר פיקדון,החברה המרכזית להפצת משקאות בע`,,,יח`,15,"ל-100 מ""ל",false,12,9.50,0.61,false,1,
7290110115104,false,פריגת צלול אפרסק 1.5 ל` פיקדון,החברה המרכזית להפצת משקאות בע`,,,יח`,15,"ל-100 מ""ל",false,1,7.90,0.51,false,1,
7290110115111,false,פריגת צלול אננס 1.5 ל` פיקדון,החברה המרכזית להפצת משקאות בע`,,,יח`,15,"ל-100 מ""ל",false,12,7.90,0.51,false,1,
7290110115180,false,נביעות מים מינרלים שקט 1.5 ליטר פיקדון,החברה המרכזית להפצת משקאות בע`,,,יח`,15,"ל-100 מ""ל",false,12,4.90,0.31,false,1,
7290110115203,false,קוקה קולה 1.5 ליטר פיקדון,החברה המרכזית להפצת משקאות בע`,,,יח`,15,"ל-100 מ""ל",false,12,8.90,0.57,false,1,
7290110115210,false,קוקה קולה דיאט 1.5 ליטר פיקדון,החברה המרכזית להפצת משקאות בע`,,,יח`,10,"ל-100 מ""ל",false,12,8.40,0.81,false,1,
7290110115227,false,קוקה קולה Zero בקבוק 1.5 ליטר פיקדון,החברה המרכזית להפצת משקאות בע`,,,יח`,15,"ל-100 מ""ל",false,1,8.40,0.54,false,1,
7290110115241,false,קוקה קולה דיאט לימון 1.5 ליטר פיקדון,החברה המרכזית להפצת משקאות בע`,,,יח`,15,"ל-100 מ""ל",false,12,8.40,0.54,false,1,
7290110115265,false,ספרייט 1.5 ליטר פיקדון,החברה המרכזית להפצת משקאות בע`,,,יח`,15,"ל-100 מ""ל",false,12,8.90,0.57,true,1,
7290110115272,false,ספרייט זירו 1.5 ליטר,החברה המרכזית להפצת משקאות בע`,,,יח`,15,"ל-100 מ""ל",false,12,8.80,0.57,true,1,
7290110115289,false,ספרייט 19 קל` לימון נענע 1.5 ליטר פי,החברה המרכזית להפצת משקאות בע`,,,יח`,15,"ל-100 מ""ל",false,12,8.90,0.57,true,1,
7290110115296,false,גזוז בטעם תפוז פאנטה 1.5 ליטר פיקדון,החברה המרכזית להפצת משקאות בע`,,,יח`,15,"ל-100 מ""ל",false,12,8.90,0.57,false,1,
7290110115302,false,פאנטה ZERO אורנג` 1.5 ליטר פיקדון,החברה המרכזית להפצת משקאות בע`,,,יח`,15,"ל-100 מ""ל",false,12,8.40,0.54,false,1,
7290110115319,false,פאנטה אקזוטי פירות טרופיים 1.5ל פיקדון,החברה המרכזית להפצת משקאות בע`,,,יח`,15,"ל-100 מ""ל",false,12,8.90,0.57,false,1,
7290110115333,false,גזוז בטעם תות פאנטה 1.5 ליטר פיקדון,החברה המרכזית להפצת משקאות בע`,,,יח`,15,"ל-100 מ""ל",false,1,8.90,0.57,false,1,
7290110115357,false,קינלי סודה 1.5 ליטר פיקדון,החברה המרכזית להפצת משקאות בע`,,,יח`,15,"ל-100 מ""ל",false,12,4.20,0.26,false,1,
7290110115364,false,קוקה קולה שישיה 1.5 ליטר פיקדון,החברה המרכזית להפצת משקאות בע`,,,יח`,90,"ל-100 מ""ל",false,1,51.90,0.56,false,1,
7290110115371,false,קוקה קולה דיאט 6 בקבוקים 1.5 ל פיקדון,החברה המרכזית להפצת משקאות בע`,,,יח`,15,"ל-100 מ""ל",false,1,49.90,3.21,false,1,
7290110115388,false,ספרייט ליים שישייה 1.5 ליטר פיקדון,החברה המרכזית להפצת משקאות בע`,,,יח`,90,"ל-100 מ""ל",false,1,51.90,0.56,false,1,
7290110115395,false,ספרייט זירו שישיות 1.5 ליטר פיקדון,החברה המרכזית להפצת משקאות בע`,,,יח`,90,"ל-100 מ""ל",false,1,49.90,0.53,false,1,
7290110115401,false,קינלי סודה 6*1.5 ליטר פיקדון,החברה המרכזית להפצת משקאות בע`,,,יח`,90,"ל-100 מ""ל",false,1,15.90,0.16,false,1,
7290110115418,false,קוקה קולה Zero בקבוק 6*1.5 ליטר פיקדון,החברה המרכזית להפצת משקאות בע`,,,יח`,90,"ל-100 מ""ל",false,1,49.90,0.53,false,1,
7290110115463,false,פיוז-טי תה אפרסק 1.5 ליטר פיקדון,החברה המרכזית להפצת משקאות בע`,,,יח`,15,"ל-100 מ""ל",false,12,8.90,0.57,false,1,
7290110115494,false,פיוז-טי תה ענבים 1.5 ליטר פיקדון,החברה המרכזית להפצת משקאות בע`,,,יח`,15,"ל-100 מ""ל",false,12,8.90,0.57,false,1,
7290110115586,false,"פריגת תפוזים 40% פחות סוכר, 1.5 ליטר פ",החברה המרכזית להפצת משקאות בע`,,,יח`,15,"ל-100 מ""ל",false,12,8.90,0.57,false,1,
7290110115623,false,פיוז-טי תה אפרסק זירו 1.5 ליטר פיקדון,החברה המרכזית להפצת משקאות בע`,,,יח`,15,"ל-100 מ""ל",false,12,8.90,0.57,false,1,
7290110115968,false,קוקה קולה 1 ליטר,החברה המרכזית להפצת משקאות בע`,,,יח`,10,"ל-100 מ""ל",false,1,7.90,0.76,false,1,
7290110115975,false,קוקה קולה 1 ל`ZERO,החברה המרכזית להפצת משקאות בע`,,,יח`,10,"ל-100 מ""ל",false,12,7.90,0.76,false,1,
7290110116125,false,"סירופ פריגת בטעם פטל 750 מ""ל פיקדון",החברה המרכזית להפצת משקאות בע`,,,יח`,7.50,"ל-100 מ""ל",false,1,24.90,3.28,false,1,
7290110116149,false,"סירופ פריגת בטעם ענבים 750 מ""ל פיקדון",החברה המרכזית להפצת משקאות בע`,,,יח`,7.50,"ל-100 מ""ל",false,1,24.90,3.28,false,1,
7290110116323,false,קוקה קולה Zero בקבוק 6*1.5 ליטר כשלפ,החברה המרכזית להפצת משקאות בע`,,,יח`,90,"ל-100 מ""ל",false,1,49.90,0.53,false,1,
7290110116491,false,פריגת מיקס אפרסק 1 ליטר,החברה המרכזית להפצה,,,יח`,1,לליטר,false,1,17.90,17.90,false,1,
7290110116552,false,ספרייט 1.5 ליטר LEMON HIT פיקדון,החברה המרכזית להפצת משקאות בע`,,,יח`,15,"ל-100 מ""ל",false,12,8.90,0.57,true,1,
7290110116569,false,ספרייט זירו 1.5 ליטר LEMON HIT פיקדון,החברה המרכזית להפצת משקאות בע`,,,יח`,15,"ל-100 מ""ל",false,12,8.80,0.57,true,1,
7290110320591,false,בולגרית 16% במרקם מעודן,תנובה חלב,,,יח`,2.50,ל-100 גרם,false,1,22.90,9.16,false,1,
7290110320683,false,משקה יופלה טעם תות שמינייה,תנובה חלב,,,יח`,8,"ל-100 מ""ל",false,1,16.90,2.11,false,1,
7290110320850,false,פתיתי גבינת עמק 200 גר,תנובה חלב,,,יח`,2,ל-100 גרם,false,1,15.20,7.60,false,1,
7290110320867,false,פתיתי גבינת עמק למאפים 500 גר,תנובה חלב,,,יח`,2,ל-100 גרם,false,1,34.90,17.45,false,1,
7290110320935,false,פרוסות מוצרלה 150 גר`,תנובה חלב,,,יח`,1.50,ל-100 גרם,false,1,16.90,11.27,false,1,
7290110321031,false,מעדן GO יופלה 200 גר`,תנובה חלב,,,יח`,2,ל-100 גרם,false,1,5.90,2.95,false,1,
7290110321277,false,קוט`ג 5% 80 גר`,תנובה חלב,,,יח`,0.80,ל-100 גרם,false,1,2.50,3.13,false,1,
7290110321284,false,קוט`ג בקטנה 5% 80 גר`,תנובה חלב,,,יח`,0.80,ל-100 גרם,false,1,2.50,3.13,false,1,
7290110321604,false,קוביות בולגרית מעודנת +%5תערובת גרעינים,תנובה חלב,,,יח`,2,ל-100 גרם,false,1,21.90,10.95,false,1,
7290110321680,false,יופלה GO תות,תנובה חלב,,,יח`,2,ל-100 גרם,false,1,5.90,2.95,false,1,
7290110321697,false,יופלה GO אפרסק 200 מל`,תנובה חלב,,,יח`,2,ל-100 גרם,false,1,5.90,2.95,false,1,
7290110321703,false,יופלה GO פירות היער,תנובה חלב,,,יח`,1.50,ל-100 גרם,false,1,5.90,3.93,false,1,
7290110322014,false,טופו טבעי 300 גר`,תנובה חלב,,,יח`,3,ל-100 גרם,false,1,12.90,4.30,false,1,
7290110322021,false,טופו בזיליקום 300 גר`,תנובה חלב,,,יח`,3,ל-100 גרם,false,1,12.90,4.30,false,1,
7290110322038,false,טופו פיקנטי 300 גר`,תנובה חלב,,,יח`,3,ל-100 גרם,false,1,12.90,4.30,false,1,
7290110322946,false,יופלה טיוב יוגורט במרקם תות בננה,תנובה חלב,,,יח`,3.48,ל-100 גרם,false,1,12.90,3.71,false,1,
7290110323073,false,יוגורט משקה מעושר בחלבון תות ופטל,תנובה חלב,,,יח`,2.50,"ל-100 מ""ל",false,1,6.50,2.60,false,1,
7290110323301,false,גבינת טל העמק 32% 200 גר`,תנובה חלב,,,יח`,2,ל-100 גרם,false,1,17.90,8.95,false,1,
7290110323585,false,יופלה GO לייט דובדבן,תנובה חלב,,,יח`,2,ל-100 גרם,false,1,5.90,2.95,false,1,
7290110323592,false,יופלה GO לייט פירות היער,תנובה חלב,,,יח`,2,ל-100 גרם,false,1,5.90,2.95,false,1,
7290110324070,false,גבינה חלומי מחלב בקר 22 % 200 גר`,תנובה חלב,,,יח`,2,ל-100 גרם,false,1,18.90,9.45,false,1,
7290110324353,false,יופלה GO לייט בטעם אננס,תנובה חלב,,,יח`,1.70,ל-100 גרם,false,1,5.90,3.47,false,1,
7290110324551,false,יופלה טיוב יוגורט במרקם חלק תות,תנובה חלב,,,יח`,3.48,"ל-100 מ""ל",false,1,12.90,3.71,false,1,
7290110324711,false,ממרח סויה בטעם טבעי9%,תנובה חלב,,,יח`,2.50,ל-100 גרם,false,1,8.90,3.56,false,1,
7290110324841,false,"מעדן שקדים עם שוקולד מריר 125 מ""ל",תנובה חלב,,,יח`,1.25,"ל-100 מ""ל",false,1,3.90,3.12,false,1,
7290110324858,false,"מעדן שקדים בטעם אגוזי לוז 125 מ""ל",תנובה חלב,,,יח`,1.25,ל-100 גרם,false,1,3.90,3.12,false,1,
7290110324872,false,גבינת צהובה גלבוע 5% 200 גר`,תנובה חלב,,,יח`,2,ל-100 גרם,false,1,17.90,8.95,false,1,
7290110324926,false,משקה סויה מועשר ללא סוכר 1 ליטר,תנובה חלב,,,יח`,10,"ל-100 מ""ל",false,1,10.90,1.09,false,1,
7290110325114,false,משקה יוגורט גו לייט תות בננה,תנובה חלב,,,יח`,2.50,"ל-100 מ""ל",false,1,6.50,2.60,false,1,
7290110325169,false,פרוסות גאודה 170 גר`,תנובה חלב,,,יח`,1.70,ל-100 גרם,false,1,18.90,11.12,false,1,
7290110325305,false,מעדן סויה גו 20 גר`חלבון במתיקות מועדנת,תנובה חלב,,,יח`,2,ל-100 גרם,false,1,5.90,2.95,false,1,
7290110325312,false,מעדן סויה גו 20 גר`חלבון-תות,תנובה חלב,,,יח`,0.20,ל-100 גרם,false,1,5.90,29.50,false,1,
7290110325510,false,יופלה טיוב יוגורט במרקם וניל,תנובה חלב,,,יח`,3.48,ל-100 גרם,false,1,12.90,3.71,false,1,
7290110325619,false,משקה שיבולת שועל 1 ליטר,תנובה חלב,,,יח`,10,"ל-100 מ""ל",false,1,11.90,1.19,false,1,
7290110325701,false,פיראוס צזיקי יווני 9% על בסיס יוגורט,תנובה חלב,,,יח`,2.50,ל-100 גרם,false,1,12.90,5.16,false,1,
7290110325893,false,משקה GO חלב אייס קפה 27 גר`חלבון,תנובה חלב,,,יח`,3.50,"ל-100 מ""ל",false,1,7.90,2.26,false,1,
7290110326234,false,יופלה און טופ כוכבים 157 גר`,תנובה חלב,,,יח`,1.57,"ל-100 מ""ל",false,1,5.50,3.50,false,1,
7290110326241,false,יופלה און טופ גרנולה 157 גר`,תנובה חלב,,,יח`,1.57,"ל-100 מ""ל",false,1,5.50,3.50,false,1,
7290110326333,false,פרוסות גבינה סקנדינבית170 גר`,תנובה חלב,,,יח`,2,ל-100 גרם,false,1,19.90,9.95,false,1,
7290110326876,false,לאבנה עיזים 250 גרם,תנובה חלב,,,יח`,2.50,ל-100 גרם,false,1,16.90,6.76,false,1,
7290110327033,false,משקה סויה GO במתיקות מופחתת 1 ליטר,תנובה חלב,,,יח`,10,"ל-100 מ""ל",false,1,12.90,1.29,false,1,
7290110327514,false,משקה שיבולת שועל בטעם אגוזי לוז 1 ליט,תנובה חלב,,,יח`,10,"ל-100 מ""ל",false,1,11.90,1.19,false,1,
7290110327545,false,יופלה און טופ תות עם פיצפוצים 157 גר`,תנובה חלב,,,יח`,1.57,"ל-100 מ""ל",false,1,5.50,3.50,false,1,
7290110327798,false,חטיף חלבון GO בטעם שוקולד בודד,שקד תבל בע`מ,,,יח`,1,ל-100 גרם,false,1,11.90,11.90,true,1,
7290110327828,false,חטיף חלבון GO בטעם חמאת בוטנים,שקד תבל בע`מ,,,יח`,1,ל-100 גרם,false,1,11.90,11.90,true,1,
7290110328016,false,משקה סויה מועשר בחלבון טעם א.לוז 1 ל`,תנובה חלב,,,יח`,10,"ל-100 מ""ל",false,1,7.90,0.79,false,1,
7290110328504,false,טריו-מיקס מוצרלה סקנדינבית וגאודה 300,תנובה חלב,,,יח`,3,ל-100 גרם,false,1,24.90,8.30,false,1,
7290110328610,false,משקה שיבולת שועל אורז ושקדים 1 ליטר,תנובה חלב,,,יח`,10,"ל-100 מ""ל",false,1,11.90,1.19,false,1,
7290110328627,false,יוגורט גו סמיך 0% בננה קרמל 200 גר`,תנובה חלב,,,יח`,2,ל-100 גרם,false,1,5.90,2.95,false,1,
7290110328641,false,טופו טבעי 500 גר`אלטרנטיב 2*250 גר`,תנובה חלב,,,יח`,5,ל-100 גרם,false,1,18.90,3.78,false,1,
7290110328764,false,יוגורט גו סמיך 0% תות 200 גרם,תנובה חלב,,,יח`,2,ל-100 גרם,false,1,5.90,2.95,false,1,
7290110328771,false,יוגורט גו סמיך 0% פירות יער 200 גר`,תנובה חלב,,,יח`,2,ל-100 גרם,false,1,5.90,2.95,false,1,
7290110328788,false,יוגורט גו סמיך 0% אפרסק 200 גר`,תנובה חלב,,,יח`,2,ל-100 גרם,false,1,5.90,2.95,false,1,
7290110329136,false,מעדן חלב GO בטעם שוקולד 12 גר חלבון,תנובה חלב,,,יח`,1.50,ל-100 גרם,false,1,4.90,3.27,false,1,
7290110329143,false,מעדן חלב GO וניל 12 גר חלבון,תנובה חלב,,,יח`,1.50,ל-100 גרם,false,1,4.90,3.27,false,1,
7290110329266,false,יוגורט תנובה מחלב עיזים מלא 140 גרם,תנובה חלב,,,יח`,1.40,ל-100 גרם,false,1,5.90,4.21,false,1,
7290110329273,false,יוגורט תנובה מחלב עיזים מלא 750 גרם,תנובה חלב,,,יח`,7.50,ל-100 גרם,false,1,19.90,2.65,false,1,
7290110329303,false,פרוסות בטעם צהובה קלאסית 200 גרם,תנובה חלב,,,יח`,2,ל-100 גרם,false,1,21.90,10.95,false,1,
7290110329426,false,טופו טבעי 250 גרם עם קרם קוקוס,תנובה חלב,,,יח`,2.50,ל-100 גרם,false,1,12.90,5.16,false,1,
7290110329433,false,טופו טבעי 250 גרם עם רוטב סצ`ואן,תנובה חלב,,,יח`,2.50,ל-100 גרם,false,1,12.90,5.16,false,1,
7290110329686,false,משקה GO חלב בטעם עוגיות 27 גר`חלבון,תנובה חלב,,,יח`,3.50,"ל-100 מ""ל",false,1,7.90,2.26,false,1,
7290110329716,false,משקה קר בטעם קפוצ`ינו 230 גרם,תנובה חלב,,,יח`,2.30,ל-100 גרם,false,1,7.90,3.43,false,1,
7290110329723,false,משקה קר בטעם לאטה 230 גרם,תנובה חלב,,,יח`,2.30,ל-100 גרם,false,1,7.90,3.43,false,1,
7290110329730,false,"משקה חלב עם שוקולד וקפה 2.7% 230 מ""ל",תנובה חלב,,,יח`,2.30,ל-100 גרם,false,1,7.90,3.43,false,1,
7290110329792,false,מעדן סויה ביו אפרסק ALTERNATIVE 150 גר,תנובה חלב,,,יח`,1.50,ל-100 גרם,false,1,4.90,3.27,false,1,
7290110329808,false,מעדן סויה ביו תות ALTERNATIVE 150 גרם,תנובה חלב,,,יח`,1.50,ל-100 גרם,false,1,4.90,3.27,false,1,
7290110329815,false,סויה ביו במתיקות מעודנת 150 גרם,תנובה חלב,,,יח`,1.50,ל-100 גרם,false,1,4.90,3.27,false,1,
7290110329822,false,מעדן סויה ביו טבעי עם פירות יער 150 גר,תנובה חלב,,,יח`,1.50,ל-100 גרם,false,1,4.90,3.27,false,1,
7290110329839,false,גבינה צהובה בטעם זיתים 200 גרם,תנובה חלב,,,יח`,2,ל-100 גרם,false,1,21.90,10.95,false,1,
7290110329846,false,מעדן סויה ביו טבעי ALTERNATIVE 150 גר,תנובה חלב,,,יח`,1.50,ל-100 גרם,false,1,4.90,3.27,false,1,
7290110550202,false,מטבעות שוקולד חלב לאפיה 400 גרם,שטראוס גרופ בע`מ,,,יח`,4,ל-100 גרם,false,1,27.90,6.98,false,1,
7290110550219,false,מטבעות שוקולד לבן לאפיה 400 גרם,שטראוס גרופ בע`מ,,,יח`,4,ל-100 גרם,false,1,27.90,6.98,false,1,
7290110550370,false,פירכיות קינואה ופלפל שחור 65 גרם,שטראוס גרופ בע`מ,,,יח`,0.65,ל-100 גרם,false,10,8.90,13.69,true,1,
7290110551803,false,מארז דוריטוס DUPASS 105 גרם,שטראוס פריטו ליי בע`מ,,,יח`,1.05,ל-100 גרם,false,1,10.90,10.38,false,1,
7290110552114,false,תפוצ`יפס צ`דר 50 גרם,שטראוס פריטו ליי בע`מ,,,יח`,5,ל-100 גרם,false,1,3.90,0.78,false,1,
7290110552220,false,דנונה פרו תות ללא סוכר 200 גר`,שטראוס גרופ בע`מ,,,יח`,1.55,"ל-100 מ""ל",false,12,5.90,3.81,false,1,
7290110552237,false,דנונה פרו אפרסק מנגו 200 גר`,שטראוס גרופ בע`מ,,,יח`,1.55,"ל-100 מ""ל",false,12,5.90,3.81,false,1,
7290110553098,false,אנרג`י מיקס צימוקים אגוזים ושוקולד חלב,שטראוס גרופ בע`מ,,,יח`,1,ל-100 גרם,false,1,13.90,13.90,false,1,
7290110553104,false,קפוצ`ינו סטיק קלאסי,שטראוס גרופ בע`מ,,,יח`,1,ל-100 גרם,false,1,16.90,16.90,false,1,
7290110553135,false,קפוצ`ינו סטיק וניל,שטראוס גרופ בע`מ,,,יח`,1,ל-100 גרם,false,1,16.90,16.90,false,1,
7290110553173,false,אנרג`י פירכיות בטעם קרמל 40 גרם,שטראוס גרופ בע`מ,,,יח`,0.40,ל-100 גרם,false,1,5.90,14.75,true,1,
7290110553180,false,אנרג`י פירכיות בטעם תפוח קינמון 40 גרם,שטראוס גרופ בע`מ,,,יח`,0.40,ל-100 גרם,false,1,5.90,14.75,true,1,
7290110553340,false,אייס נמס מילקשייק מלבי 200 גר`,שטראוס גרופ בע`מ,,,יח`,2,ל-100 גרם,false,1,13.90,6.95,false,1,
7290110553623,false,צ`יטוס צ`דר חלפיניו 80 גר`,שטראוס פריטו ליי בע`מ,,,יח`,0.80,ל-100 גרם,false,1,4.90,6.13,false,1,
7290110554125,false,דלישס נודלס בסגנון סצ`ואן חריף 350 גרם,קפוא זן תעשיות מזון בעמ,,,יח`,3.50,ל-100 גרם,false,1,26.90,7.69,false,1,
7290110554422,false,רוטב עגבניות ופלפלים לשקשוקה 350 גרם,שטראוס גרופ בע`מ,,,יח`,3.50,ל-100 גרם,false,1,10.90,3.11,true,1,
7290110554514,false,קפה טורקי איתיופי שקית 100 גרם,שטראוס גרופ בע`מ,,,יח`,1,,false,1,8.90,8.90,false,1,
7290110554583,false,צ`יטוס מארז פאפאס גבינה 20*10,שטראוס פריטו ליי בע`מ,,,יח`,2,ל-100 גרם,false,1,13.90,6.95,false,1,
7290110554705,false,קפסולות קפה אספרסו יוניקו NESPRESO,שטראוס גרופ בע`מ,,,יח`,1,יח`,false,1,17.90,17.90,true,1,
7290110554712,false,קפסולות קפה אספרסו NESPRESO,שטראוס גרופ בע`מ,,,יח`,1,יח`,false,1,17.90,17.90,true,1,
7290110555603,false,שוקולטה ספלנדיד 360 גרם,שטראוס גרופ בע`מ,,,יח`,3.60,ל-100 גרם,false,1,24.90,6.92,false,1,
7290110556150,false,דבש טהור ברכות מאגדת 20 גרם*10 יח,שטראוס גרופ בע`מ,,,יח`,1,יח`,false,1,14.90,14.90,false,1,
7290110556242,false,שוקולד פרה מריר,שטראוס גרופ בע`מ,,,יח`,1,ל-100 גרם,false,1,5.90,5.90,true,1,
7290110557027,false,אחלה חומוס 50% בתוספת טחינה 400 גר`,שטראוס גרופ בע`מ,,,יח`,4,ל-100 גרם,false,6,14.90,3.73,false,1,
7290110557102,false,מעדן פרו עם שוקולד 11 גר` חלבון 150 גר,שטראוס גרופ בע`מ,,,יח`,1.50,ל-100 גרם,false,24,5.90,3.93,true,1,
7290110557133,false,מעדן הגולן וניל 125 גר`,שטראוס גרופ בע`מ,,,יח`,1.25,ל-100 גרם,false,1,2.90,2.32,true,1,
7290110557478,false,חומוס גלילי 600 גרם,שטראוס גרופ בע`מ,,,יח`,6,ל-100 גרם,false,1,12.90,2.15,true,1,
7290110557645,false,אנרג`י מיקס צימוקים חמוציות ושוקולד לבן,שטראוס גרופ בע`מ,,,יח`,1,ל-100 גרם,false,1,13.90,13.90,false,1,
7290110558130,false,אקטיביה עם שיבולת שועל,שטראוס גרופ בע`מ,,,יח`,1,ל-100 גרם,false,24,5.10,5.10,false,1,
7290110558154,false,דנונה לייט אנד פרי עוגת תפוחים,שטראוס גרופ בע`מ,,,יח`,1.50,ל-100 גרם,false,1,5,3.33,true,1,
7290110558222,false,דנונה בנופי WOW,שטראוס גרופ בע`מ,,,יח`,1.50,"ל-100 מ""ל",false,12,4.90,3.27,false,1,
7290110558239,false,דנונה קראק פאי WOW,שטראוס גרופ בע`מ,,,יח`,1.50,"ל-100 מ""ל",false,12,4.90,3.27,false,1,
7290110558253,false,דנונה ריפרש בננה אננס וצ`יה 250 גרם,שטראוס גרופ בע`מ,,,יח`,2.50,ל-100 גרם,false,1,5.90,2.36,false,1,
7290110558284,false,דנונה ביו מולטי 200 גרם,שטראוס גרופ בע`מ,,,יח`,2,ל-100 גרם,false,3,4.90,2.45,false,1,
7290110558307,false,דנונה פרו 20 גר` חלבון עם שיבולת שועל,שטראוס גרופ בע`מ,,,יח`,2,ל-100 גרם,false,1,6.30,3.15,false,1,
7290110558314,false,"דנונה פרו 20 פיסטוק 200 גר` לל""ס",שטראוס גרופ בע`מ,,,יח`,1.50,"ל-100 מ""ל",false,12,5.90,3.93,false,1,
7290110558338,false,דנונה פרו 25 גר` חלבון,שטראוס גרופ בע`מ,,,יח`,1.50,ל-100 גרם,false,1,6.30,4.20,false,1,
7290110558666,false,גבינה דניאלה תפוח 5% 100 גרם,שטראוס גרופ בע`מ,,,יח`,1.50,"ל-100 מ""ל",false,24,4.30,2.87,false,1,
7290110558918,false,עלי חסה קראנצ`150 גרם,ביכורי השדה הצפון בעמ` 1964,,,יח`,1,,false,1,10.90,10.90,false,1,
7290110559007,false,שעועית חומה טעם הטבע 380 גר`,שטראוס גרופ בע`מ,,,יח`,3.80,ל-100 גרם,false,1,6.90,1.82,true,1,
7290110559014,false,שעועית שחורה טעם הטבע 380 גר`,שטראוס גרופ בע`מ,,,יח`,3.80,ל-100 גרם,false,1,6.90,1.82,false,1,
7290110559755,false,ריל מאגדת בוטנים פיסטוק וחמוציו 3*35 גרם,שטראוס גרופ בע`מ,,,יח`,1,ל-100 גרם,false,1,13.90,13.90,false,1,
7290110559762,false,ריל מאגדת אגוזים תמרים וקוקוס 3*35 גרם,שטראוס גרופ בע`מ,,,יח`,1,ל-100 גרם,false,1,13.90,13.90,false,1,
7290110560300,false,פריכיות משולשות פלפל שחור,שטראוס גרופ בע`מ,,,יח`,0.30,ל-100 גרם,false,24,4.90,16.33,false,1,
7290110560317,false,פריכיות משולשות מלח ים,שטראוס גרופ בע`מ,,,יח`,0.30,ל-100 גרם,false,24,4.90,16.33,false,1,
7290110560324,false,פריכיות משולשות אפונה ירוקה,שטראוס גרופ בע`מ,,,יח`,0.30,ל-100 גרם,false,24,4.90,16.33,false,1,
7290110561352,false,דנונה דל לקטוז 3%,שטראוס גרופ בע`מ,,,יח`,2,"ל-100 מ""ל",false,24,3.70,1.85,false,1,
7290110561604,false,מארז שמינייה גמדים,שטראוס גרופ בע`מ,,,יח`,8,ל-100 גרם,false,6,19.90,2.49,false,1,
7290110563431,false,משקה קפה קר בסגנון קלאסי 1.6% שומן,שטראוס גרופ בע`מ,,,יח`,2.30,"ל-100 מ""ל",false,1,7.90,3.43,true,1,
7290110563448,false,משקה קפה קר בסגנון מועדן 1.6% שומן,שטראוס גרופ בע`מ,,,יח`,2.30,"ל-100 מ""ל",false,1,7.90,3.43,true,1,
7290110563462,false,חלב מועשר נטול לקטוז %2,שטראוס גרופ בע`מ,,,יח`,10,"ל-100 מ""ל",false,12,7.90,0.79,false,1,
7290110564339,false,אחלה חומוס 30% בתוספת טחינה 400 גר`,שטראוס גרופ בע`מ,,,יח`,4,ל-100 גרם,false,6,14.90,3.73,false,1,
7290110564360,false,אחלה חומוס 40% בתוספת טחינה 400 גר`,שטראוס גרופ בע`מ,,,יח`,4,ל-100 גרם,false,6,14.90,3.73,false,1,
7290110564414,false,אחלה חומוס 30% בתוספת טחינה 600 גר`,שטראוס גרופ בע`מ,,,יח`,6,ל-100 גרם,false,6,15.90,2.65,false,1,
7290110564742,false,משקה קפה קר בסגנון חזק 1.2% שומן,שטראוס גרופ בע`מ,,,יח`,2.30,"ל-100 מ""ל",false,10,7.90,3.43,true,1,
7290110565435,false,לימבו פטל 125 גרם בגביע,שטראוס גרופ בע`מ,,,יח`,1.25,ל-100 גרם,false,24,2.20,1.76,true,1,
7290110565527,false,דנונה פרו עשיר בחלבון 200 גר`,שטראוס גרופ בע`מ,,,יח`,1.50,"ל-100 מ""ל",false,12,5.90,3.93,false,1,
7290110565572,false,קפה טורקי דרך עם הל 24*,שטראוס גרופ בע`מ,,,יח`,1.40,ל-100 גרם,false,8,17.90,12.79,false,1,
7290110566043,false,יוגורט 3 ליטר 4.5% שומן,שטראוס גרופ בע`מ,,,יח`,30,"ל-100 מ""ל",false,4,30.60,1.02,false,1,
7290110566579,false,דבש לחיץ 200 גרם,שטראוס גרופ בע`מ,,,יח`,2,ל-100 גרם,false,12,9.90,4.95,false,1,
7290110566623,false,קפסולות צקיאטו למכונת אספרסו,שטראוס גרופ בע`מ,,,יח`,0.50,ל-100 גרם,false,12,16.90,33.80,true,1,
7290110566975,false,דנונה פרו תות 200 גר`,שטראוס גרופ בע`מ,,,יח`,1.55,"ל-100 מ""ל",false,12,5.90,3.81,false,1,
7290110568238,false,קצפת צמחית 21%,שטראוס גרופ בע`מ,,,יח`,2.50,"ל-100 מ""ל",false,18,7.90,3.16,false,1,
7290110568511,false,קונפיטורת פירות יער במתיקות מועדנת 265,שטראוס גרופ בע`מ,,,יח`,2.65,ל-100 גרם,false,1,14.90,5.62,true,1,
7290110568559,false,מארז דוריטוס חמוץ חריף 10*25,שטראוס פריטו ליי בע`מ,,,יח`,2.50,ל-100 גרם,false,1,14.90,5.96,false,1,
7290110570224,false,משקה קפה קר בטעם עוגיות,שטראוס גרופ בע`מ,,,יח`,2.30,"ל-100 מ""ל",false,1,7.90,3.43,false,1,
7290110571184,false,עדשים חומות טעם הטבע 380 גר`,שטראוס גרופ בע`מ,,,יח`,3.80,ל-100 גרם,false,1,6.90,1.82,true,1,
7290110571375,false,אנרג`י מיקס צימוקים תמרים טופי ופקאן,שטראוס גרופ בע`מ,,,יח`,1,ל-100 גרם,false,1,13.90,13.90,false,1,
7290110571382,false,מעדן פרו בטעם וניל 11 גר` חלבון 150 גר,שטראוס גרופ בע`מ,,,יח`,1.50,ל-100 גרם,false,24,5.90,3.93,true,1,
7290110571412,false,מיני פינוקיות בגביע פאדג`180 גרם,שטראוס גרופ בע`מ,,,יח`,1.80,ל-100 גרם,false,1,9.90,5.50,false,1,
7290110571481,false,קפה נמס פחית קמפיין משפטים 200 גרם,שטראוס גרופ בע`מ,,,יח`,2,ל-100 גרם,false,12,19.90,9.95,false,1,
7290110571535,false,קפה טורקי הל 100*3 300 גרם,שטראוס גרופ בע`מ,,,יח`,1.40,ל-100 גרם,false,1,25.90,18.50,false,1,
7290110572129,false,כיף כף מקלות שוקולד לבן,שטראוס גרופ בע`מ,,,יח`,0.40,ל-100 גרם,false,8,4.90,12.25,true,1,
7290110572884,false,קפסולות אספרסו 20 למכונת אספרסו,שטראוס גרופ בע`מ,,,יח`,3.90,ל-100 גרם,false,1,16.90,4.33,true,1,
7290110572969,false,כיף כף פצפצים קרם לבן 40 גרם,שטראוס גרופ בע`מ,,,יח`,0.40,ל-100 גרם,false,12,4.90,12.25,true,1,
7290110572976,false,כיף כף פצפצים קרם לבן 135 גר`,שטראוס גרופ בע`מ,,,יח`,1.35,ל-100 גרם,false,24,9.90,7.33,true,1,
7290110576318,false,מאגדת שלישייה שוקולד לבן עם אגוזי לוז,שטראוס גרופ בע`מ,,,יח`,3,ל-100 גרם,false,1,21.90,7.30,true,1,
7290110576356,false,ספלנדיד שוקולד מריר פרו 64%,שטראוס גרופ בע`מ,,,יח`,1,,false,1,8.90,8.90,true,1,
7290110576370,false,מאגדת שלישייה שוקולד מריר עם אגוזי לוז,שטראוס גרופ בע`מ,,,יח`,3,ל-100 גרם,false,1,21.90,7.30,true,1,
7290110576387,false,מאגדת שלישייה שוקולד חלב עם אגוזי לוז,שטראוס גרופ בע`מ,,,יח`,3,ל-100 גרם,false,1,21.90,7.30,true,1,
7290110576752,false,ספלנדיד מריר 70%,שטראוס גרופ בע`מ,,,יח`,1,,false,12,11.90,11.90,false,1,
7290110576776,false,ספלנדיד מריר 85%,שטראוס גרופ בע`מ,,,יח`,1,,false,12,11.90,11.90,false,1,
7290110576790,false,גבינת סקי בטעם מוקה %3 125 גרם,שטראוס גרופ בע`מ,,,יח`,1.25,ל-100 גרם,false,24,3.90,3.12,false,1,
7290110576868,false,גמדים סלט פירות 4*100 גרם,שטראוס גרופ בע`מ,,,יח`,4,"ל-100 מ""ל",false,12,11.90,2.98,true,1,
7290110577230,false,משקה חלב בטעם פיסטוק 1 ל`,שטראוס גרופ בע`מ,,,יח`,10,"ל-100 מ""ל",false,12,11.90,1.19,false,1,
7290111094248,false,קוויק שקיות אשפה חזקות במיוחד XL,שקד תבל בע`מ,,,יח`,1,,false,1,17.90,17.90,false,1,
7290111095818,false,קוויק שקיות אשפה חזקות במיוחד L,שקד תבל בע`מ,,,יח`,1,,false,1,17.90,17.90,false,1,
7290111096921,false,קוויק מגבונים לניקוי כללי חומץ ומלח לימו,שקד תבל בע`מ,,,יח`,1,,false,1,8.90,8.90,true,1,
7290111097041,false,בייביסיטר שמינייה בבישום עדין,שקד תבל בע`מ,,,יח`,1,יח`,false,1,19.90,19.90,false,1,
7290111097546,false,קוויק מגבונים לניקוי כללי בניחוח מרכךכ,שקד תבל בע`מ,,,יח`,1,,false,1,8.90,8.90,true,1,
7290111285288,false,צלחת-במבוק,שמחה זה אנחנו בע`מ,,,יח`,1,,false,1,10.90,10.90,false,1,
7290111285295,false,צלחת-במבוק,שמחה זה אנחנו בע`מ,,,יח`,1,,false,1,10.90,10.90,false,1,
7290111285455,false,קערה במבוק,שמחה זה אנחנו בע`מ,,,יח`,1,,false,1,8.90,8.90,false,1,
7290111340178,false,ניקול מטליות לחות לניקוי כללי דוחה אבק,חוגלה קימברלי שיווק בע`מ,,,יח`,1,,false,12,10.90,10.90,true,1,
7290111340185,false,ניקול מטליות לחות לניקוי רצפה בניחוח מ,חוגלה קימברלי שיווק בע`מ,,,יח`,1,,false,12,10.90,10.90,true,1,
7290111341984,false,נייר טואלט לילי לח מארז רביעייה,חוגלה קימברלי שיווק בע`מ,,,יח`,1,ל-100 גרם,false,1,19.90,19.90,false,1,
7290111342004,false,מגבוני נייר טואלט לחים 56 דף דיספנסר,חוגלה קימברלי שיווק בע`מ,,,יח`,0.59,ל-100 גרם,false,16,7.90,13.39,false,1,
7290111342059,false,מטליות לחות אנטיבקטריאלי,חוגלה קימברלי שיווק בע`מ,,,יח`,1,,false,1,10.90,10.90,true,1,
7290111342073,false,מטליות מייקרופייבר למשטח אנטיבקטריאליו,חוגלה קימברלי שיווק בע`מ,,,יח`,1,,false,1,11.90,11.90,false,1,
7290111342523,false,מפיות אירוח שימוש יומיומי 33*33 100 יח,חוגלה קימברלי שיווק בע`מ,,,יח`,1,,false,24,8.50,8.50,false,1,
7290111343117,false,קלינקס לושן סופט פק זוגות 140 דף,חוגלה קימברלי שיווק בע`מ,,,יח`,1,ל-100 גרם,false,1,13.90,13.90,true,1,
7290111344206,false,מגבוני האגיס NATURAL CARE,חוגלה קימברלי שיווק בע`מ,,,יח`,1,יח`,false,6,19.90,19.90,false,1,
7290111344916,false,כריות יפניות לניקוי וקרצוף 6 יח`,חוגלה קימברלי שיווק בע`מ,,,יח`,1,,false,1,13.90,13.90,false,1,
7290111345722,false,שקיות לשמירת הטריות 2 יח ניקול,חוגלה קימברלי שיווק בע`מ,,,יח`,1,יח`,false,1,15.90,15.90,false,1,
7290111346088,false,נייר טואלט מולט 30 גלילים,חוגלה קימברלי שיווק בע`מ,,,יח`,1,ל-100 גרם,false,1,29.90,29.90,false,1,
7290111346293,false,מגבת נייר שישייה ניקול,חוגלה קימברלי שיווק בע`מ,,,יח`,1,ל-100 גרם,false,1,11.90,11.90,false,1,
7290111346347,false,טישו קליניק חמישיה,חוגלה קימברלי שיווק בע`מ,,,יח`,1,יח`,false,1,15.90,15.90,false,1,
7290111350047,false,תמרים מזן מג`הול ללא חרצנים,ליימן שליסל בע`מ,,,יח`,5,ל-100 גרם,false,1,14.90,2.98,false,1,
7290111350665,false,דבש 350 לחיץ גרם,ליימן שליסל בע`מ,,,יח`,0.35,ל-100 גרם,false,24,23.90,68.29,false,1,
7290111350672,false,דבש בצנצנת 700 גר`,ליימן שליסל בע`מ,,,יח`,0.70,ל-100 גרם,false,1,34.90,49.86,false,1,
7290111350726,false,נאצ`וס מקסיקני 322 גר`,ליימן שליסל בע`מ,,,יח`,3.22,ל-100 גרם,false,12,15.90,4.94,true,1,
7290111352430,false,ממרח תמרים טבעי 440 גרם,ליימן שליסל בע`מ,,,יח`,4.40,ל-100 גרם,false,1,14.90,3.39,false,1,
7290111352508,false,סילאן טבעי לחיץ 840 גר`,ליימן שליסל בע`מ,,,יח`,1,,false,1,23.90,23.90,false,1,
7290111352935,false,סוכריות יוגטה טופי ממולאות 600 גרם,ליימן שליסל בע`מ,,,יח`,6,ל-100 גרם,false,1,14.90,2.48,false,1,
7290111353550,false,חמאת בוטנים טבעית 300 גר` קליית גת,ליימן שליסל בע`מ,,,יח`,3,ל-100 גרם,false,1,14.90,4.97,false,1,
7290111353567,false,ממרח שקדים טבעי 300 גרם,ליימן שליסל בע`מ,,,יח`,3,ל-100 גרם,false,1,33.90,11.30,false,1,
7290111560910,false,אוסם וופל טעם שוקולד אקסרט מילוי 200 ג,קבוצת אסם סחר,,,יח`,2,ל-100 גרם,false,1,4.40,2.20,true,1,
7290111563492,false,סלט צבר מטבוחה 400 גר`,קבוצת אסם סחר,,,יח`,4,ל-100 גרם,false,1,12.90,3.23,false,1,
7290111564727,false,קרמוגית אסם במילוי קרם אגוזים,קבוצת אסם סחר,,,יח`,2,ל-100 גרם,false,1,10.90,5.45,true,1,
7290111564956,false,במבה ביסלי מיקס 200 גר`,קבוצת אסם סחר,,,יח`,2,ל-100 גרם,false,1,9.90,4.95,true,1,
7290111565038,false,לה קרמריה וניל קוקילידה 1.4 ל`,נגה גלידות שותפות מוגבלת,,,יח`,14,"ל-100 מ""ל",false,1,19.90,1.42,false,1,
7290111565502,false,גלידת סנדוויץ אוראו 80 גר`,נגה גלידות שותפות מוגבלת,,,יח`,0.80,ל-100 גרם,false,1,9.90,12.38,true,1,
7290111566226,false,טבעול שניצל ברוקולי 667 גר`,קבוצת אסם סחר,,,יח`,6.67,ל-100 גרם,false,1,27.90,4.18,true,1,
7290111566240,false,טבעול שניצל דק טעם צילי חריף 564 גר`,קבוצת אסם סחר,,,יח`,5.64,ל-100 גרם,false,1,27.90,4.95,true,1,
7290111566271,false,טבעול חטיפי תירס 657 גרם קפוא,קבוצת אסם סחר,,,יח`,6.57,ל-100 גרם,false,1,26.90,4.09,true,1,
7290111566318,false,טבעול שניצל דק מן הצומח 564 גר`,קבוצת אסם סחר,,,יח`,5.64,ל-100 גרם,false,1,27.90,4.95,true,1,
7290111566417,false,טבעול טחון צמחוני 500 גר`,קבוצת אסם סחר,,,יח`,5,ל-100 גרם,false,1,27.90,5.58,true,1,
7290111566547,false,טבעול חזה בגריל צמחוני 99 קל` 560 גר`,קבוצת אסם סחר,,,יח`,5.60,ל-100 גרם,false,1,27.90,4.98,true,1,
7290111566561,false,טבעול שניצל ברוקלי 99 קלוריות 693 גר`,קבוצת אסם סחר,,,יח`,6.93,ל-100 גרם,false,1,27.90,4.03,true,1,
7290111566585,false,טבעול שניצל צמחוני 99 קלוריות 650 גר`,קבוצת אסם סחר,,,יח`,6.50,ל-100 גרם,false,1,27.90,4.29,true,1,
7290111566691,false,טבעול שניצל תרד 99 קלוריות 693 גר`,קבוצת אסם סחר,,,יח`,6.93,ל-100 גרם,false,1,27.90,4.03,true,1,
7290111566714,false,טבעול המבורגר צמחוני 99 קלוריות 600 גר,קבוצת אסם סחר,,,יח`,6,ל-100 גרם,false,1,27.90,4.65,true,1,
7290111566752,false,טבעול שניצל תירס 99 קלוריות 693 גר`,קבוצת אסם סחר,,,יח`,6.93,ל-100 גרם,false,1,27.90,4.03,true,1,
7290111566776,false,טבעול נקנקיות קוקטייל צמחוני 680 גר`,קבוצת אסם סחר,,,יח`,6.80,ל-100 גרם,false,1,27.90,4.10,true,1,
7290111568206,false,ביסלי פארטי מיקס 150 גר`,קבוצת אסם סחר,,,יח`,1.50,ל-100 גרם,false,1,7.90,5.27,true,1,
7290111568275,false,נודלס אטריות אורז רחבות 300 גרם,קבוצת אסם סחר,,,יח`,3,ל-100 גרם,false,1,9.90,3.30,false,1,
7290111568961,false,אסם בייגלה טבעות מלוח 400 גר`,קבוצת אסם סחר,,,יח`,4,ל-100 גרם,false,1,9.90,2.48,true,1,
7290111736889,false,סט שלישיית גרבי נשים,הום פרפקט ק.ד.מ בעמ,,,יח`,1,,false,1,14.90,14.90,true,1,
7290111930805,false,קראנצוס ברביקיו 55 גר`,ש. שסטוביץ בע`מ,,,יח`,0.55,ל-100 גרם,false,1,3.90,7.09,true,1,
7290111930850,false,קראנצוס פיצה 55 גר`,ש. שסטוביץ בע`מ,,,יח`,0.55,ל-100 גרם,false,1,3.90,7.09,true,1,
7290111930928,false,פוף לבבות גריל 40 גר`,ש. שסטוביץ בע`מ,,,יח`,0.40,ל-100 גרם,false,1,3.90,9.75,true,1,
7290111930935,false,פוף טבעות קלאסי 40 גר`,ש. שסטוביץ בע`מ,,,יח`,0.40,ל-100 גרם,false,1,3.90,9.75,true,1,
7290111933554,false,מנה מארז שלישייה עגבניות מרוסקות,ש. שסטוביץ בע`מ,,,יח`,1.20,ל-100 גרם,false,1,16.90,14.08,true,1,
7290111936296,false,פלמוליב סבון נוזלי משאבה סנשיין מסאז`,ש. שסטוביץ בע`מ,,,יח`,7.50,"ל-100 מ""ל",false,1,19.90,2.65,true,1,
7290111937248,false,פרי חטיף בריאות תמרים קשיו ונגיעת לוז,ש. שסטוביץ בע`מ,,,יח`,1.25,ל-100 גרם,false,1,17.90,14.32,false,1,
7290111937255,false,פרי חטיף בריאות תמרים בוטנים ואגוזי לו,ש. שסטוביץ בע`מ,,,יח`,1.25,ל-100 גרם,false,1,17.90,14.32,false,1,
7290111937262,false,72פרי חטיף בריאות תמרים אגוזים ושברי קקא,ש. שסטוביץ בע`מ,,,יח`,1.25,ל-100 גרם,false,1,17.90,14.32,false,1,
7290111938481,false,"מאזטר שף רוטב סויה בהירה 300 מ""ל",ש. שסטוביץ בע`מ,,,יח`,3,"ל-100 מ""ל",false,1,9.90,3.30,false,1,
7290112001016,false,אירוויק מכשיר פרשמטיק פיור תענוגות האב,תה ויסוצקי בע`מ,,,יח`,2.50,"ל-100 מ""ל",false,1,34.90,13.96,false,1,
7290112001023,false,אירוויק מילוי פרשמטיק תענוגות האביב,תה ויסוצקי בע`מ,,,יח`,2.50,"ל-100 מ""ל",false,1,14.90,5.96,true,1,
7290112001122,false,פיניש 52 טבליות מונו קופסא AIO,תה ויסוצקי בע`מ,,,יח`,1,,false,1,34.90,34.90,true,1,
7290112001436,false,פיניש מנקה ומחדש בניחוח לימון,תה ויסוצקי בע`מ,,,יח`,1,,false,1,14.90,14.90,true,1,
7290112002099,false,קולון ג`ל כחול רגיל 2.5 ליטר,תה ויסוצקי בע`מ,,,יח`,25,"ל-100 מ""ל",false,1,24.90,1,true,1,
7290112002112,false,קולון ג`ל בניחוח ורדים ורוד 2.5 ליטר,תה ויסוצקי בע`מ,,,יח`,25,"ל-100 מ""ל",false,1,24.90,1,true,1,
7290112002129,false,קולון ג`ל בניחוח מרענן ירוק 2.5 ליטר,תה ויסוצקי בע`מ,,,יח`,25,"ל-100 מ""ל",false,1,24.90,1,true,1,
7290112002136,false,קולון ג`ל רגיל כחול 4 ליטר,תה ויסוצקי בע`מ,,,יח`,40,"ל-100 מ""ל",false,1,34.90,0.87,true,1,
7290112002167,false,ג`ל כביסה קולון 4 ל` ירוק בניחוח מרענן,תה ויסוצקי בע`מ,,,יח`,40,"ל-100 מ""ל",false,1,34.90,0.87,true,1,
7290112004161,false,אירוויק מילוי פרשמטיק פיור עשבי בר,תה ויסוצקי בע`מ,,,יח`,2.50,"ל-100 מ""ל",false,1,14.90,5.96,true,1,
7290112004413,false,קליה אוקסי ספריי להסרת כתמים 750 מ`ל,תה ויסוצקי בע`מ,,,יח`,7.50,"ל-100 מ""ל",false,1,16.90,2.25,true,1,
7290112005045,false,וניש גולד אבקה 480 גרם לבן,תה ויסוצקי בע`מ,,,יח`,4.80,ל-100 גרם,false,1,16.90,3.52,false,1,
7290112005052,false,"וניש אבקה 1.5 ק""ג לבן גולד",תה ויסוצקי בע`מ,,,יח`,1,יח`,false,1,39.90,39.90,false,1,
7290112005076,false,וניש גולד אבקה 480 גרם ורוד,תה ויסוצקי בע`מ,,,יח`,4.80,ל-100 גרם,false,1,16.90,3.52,false,1,
7290112005083,false,"וניש אבקה 1.5 ק""ג ורוד גולד",תה ויסוצקי בע`מ,,,יח`,1,יח`,false,1,39.90,39.90,false,1,
7290112330352,false,דנונה פרו וניל 200 גר` 0%,שטראוס גרופ בע`מ,,,יח`,2,"ל-100 מ""ל",false,12,5.90,2.95,false,1,
7290112330390,false,דנונה פרו פירות יער 200 גר`,שטראוס גרופ בע`מ,,,יח`,2,"ל-100 מ""ל",false,12,5.90,2.95,false,1,
7290112330420,false,דנונה פרו לבן 2.9%,שטראוס גרופ בע`מ,,,יח`,1.50,"ל-100 מ""ל",false,24,4.90,3.27,false,1,
7290112332585,false,פריכיות תפוא אורז בתיבול סלק ומלח ים,שטראוס גרופ בע`מ,,,יח`,0.30,ל-100 גרם,false,24,4.90,16.33,false,1,
7290112332691,false,עוגיית קרם פסק זמן אגוזים 200 גרם,שטראוס גרופ בע`מ,,,יח`,2,ל-100 גרם,false,1,9.90,4.95,false,1,
7290112334749,false,קפה טורקי שקית 200 גרם+10% תוספת,שטראוס גרופ בע`מ,,,יח`,2.40,ל-100 גרם,false,24,15.90,6.63,false,1,
7290112335487,false,פריכיות טעימות קצח ודגנים 135 גר`,שטראוס גרופ בע`מ,,,יח`,1.35,ל-100 גרם,false,1,11.90,8.81,false,1,
7290112335494,false,פריכיות טעימות פוטטוס 135 גר`,שטראוס גרופ בע`מ,,,יח`,1.35,ל-100 גרם,false,1,11.90,8.81,false,1,
7290112335500,false,פריכיות טעימות חלבון 135 גר`,שטראוס גרופ בע`מ,,,יח`,1.35,ל-100 גרם,false,1,11.90,8.81,false,1,
7290112336637,false,סוכריות Must ללא סוכר יוגורט תות אוכמניו,שטראוס גרופ בע`מ,,,יח`,0.80,ל-100 גרם,false,12,7.90,9.88,false,1,
7290112336644,false,סוכריות Must ללא סוכר לימון 80 גר`,שטראוס גרופ בע`מ,,,יח`,0.80,ל-100 גרם,false,1,7.90,9.88,false,1,
7290112336712,false,דנונה פרו 21 גר` חלבון 0% שומן,שטראוס גרופ בע`מ,,,יח`,2,"ל-100 מ""ל",false,12,5.90,2.95,false,1,
7290112337474,false,סוכריות Must ללא סוכר פטל לימון 80 גר`,שטראוס גרופ בע`מ,,,יח`,0.80,ל-100 גרם,false,12,7.90,9.88,false,1,
7290112337481,false,סוכריות Must ללא סוכר קפוצינו 80 גר`,שטראוס גרופ בע`מ,,,יח`,0.80,ל-100 גרם,false,12,7.90,9.88,false,1,
7290112338877,false,גבינת סקי תות 3% 125 גר`,שטראוס גרופ בע`מ,,,יח`,1.25,ל-100 גרם,false,24,3.90,3.12,true,1,
7290112339171,false,מילקי מוס שוקולד וקצפת,שטראוס גרופ בע`מ,,,יח`,0.81,"ל-100 מ""ל",false,24,4,4.94,false,1,
7290112339362,false,דנונה לייט אנד פרי קפוצינו,שטראוס גרופ בע`מ,,,יח`,1,ל-100 גרם,false,1,5,5,true,1,
7290112339867,false,גמדים סקוויז לשתיה בטעם תות,שטראוס גרופ בע`מ,,,יח`,1,ל-100 גרם,false,7,5.90,5.90,true,1,
7290112339874,false,.גמדים סקוויז לשתיה בטעם תות בננה,שטראוס גרופ בע`מ,,,יח`,2,ל-100 גרם,false,7,5.90,2.95,true,1,
7290112340122,false,פריכיות טעימות 3 דגנים 135 גר`,שטראוס גרופ בע`מ,,,יח`,1.35,ל-100 גרם,false,1,11.90,8.81,false,1,
7290112340900,false,קפה האג טורקי שקית נטול 200 ג,שטראוס גרופ בע`מ,,,יח`,2,ל-100 גרם,false,24,25.90,12.95,false,1,
7290112341556,false,אקטיביה עם צי`ה ותות 3%,שטראוס גרופ בע`מ,,,יח`,1.50,"ל-100 מ""ל",false,24,5.10,3.40,false,1,
7290112341679,false,דנונה אקטיביה 200 גר`3%,שטראוס גרופ בע`מ,,,יח`,2,"ל-100 מ""ל",false,24,4,2,false,1,
7290112341686,false,מארז אקטיביה 3% 150 גר`,שטראוס גרופ בע`מ,,,יח`,1.50,ל-100 גרם,false,3,23.50,15.67,false,1,
7290112342102,false,גבינת סימפוניה 5% בצל מקורמל 200גרם,שטראוס גרופ בע`מ,,,יח`,2,ל-100 גרם,false,12,10.90,5.45,false,1,
7290112343420,false,משקה חלב עם דנים מלאים ובננה פרו,שטראוס גרופ בע`מ,,,יח`,3.50,"ל-100 מ""ל",false,6,6.90,1.97,false,1,
7290112343499,false,צ`יטוס PUFFS 55 גרם,שטראוס פריטו ליי בע`מ,,,יח`,0.55,ל-100 גרם,false,1,3.90,7.09,false,1,
7290112344564,false,רביולי גבינה 400 גרם KIDS,שטראוס גרופ בע`מ,,,יח`,4,ל-100 גרם,false,9,19.90,4.98,false,1,
7290112344724,false,מילקי בטעם שוקולד בלונדי,שטראוס גרופ בע`מ,,,יח`,1.35,ל-100 גרם,false,1,4,2.96,false,1,
7290112344755,false,מילקי טעם שוקולד 26% פחות סוכר,שטראוס גרופ בע`מ,,,יח`,1.30,"ל-100 מ""ל",false,24,2.90,2.23,false,1,
7290112344786,false,נס קפה פלטינום קלאסיק 200 גר`,שטראוס גרופ בע`מ,,,יח`,2,ל-100 גרם,false,6,27.90,13.95,true,1,
7290112344953,false,גבינת סימפוניה 5% חציל קלוי 200גרם,שטראוס גרופ בע`מ,,,יח`,2,ל-100 גרם,false,12,10.90,5.45,false,1,
7290112344991,false,דנונה לייט אנד פרי תות,שטראוס גרופ בע`מ,,,יח`,1,ל-100 גרם,false,1,5,5,false,1,
7290112346360,false,בפלות אחת אחת בציפוי שוקולד חלב,שטראוס גרופ בע`מ,,,יח`,1.25,ל-100 גרם,false,1,11.90,9.52,false,1,
7290112346506,false,דנונה לייט אנד פרי אפרסק,שטראוס גרופ בע`מ,,,יח`,1,ל-100 גרם,false,1,5,5,true,1,
7290112346773,false,דנונה לייט אנד פריי וניל חלבון 150 גר`,שטראוס גרופ בע`מ,,,יח`,1.50,"ל-100 מ""ל",false,12,5,3.33,true,1,
7290112346797,false,אקטיביה עם שיבולת שועל ושזיף 3% 150 גר,שטראוס גרופ בע`מ,,,יח`,1.50,"ל-100 מ""ל",false,24,5.10,3.40,false,1,
7290112346803,false,אקטימל C אננס שישייה,שטראוס גרופ בע`מ,,,יח`,8,"ל-100 מ""ל",false,1,21.90,2.74,false,1,
7290112346827,false,דנונה Actimel יוגורט פטל 8*100 מ``ל,שטראוס גרופ בע`מ,,,יח`,8,"ל-100 מ""ל",false,6,21.90,2.74,false,1,
7290112347008,false,גמדים סקוויז ארוחת בוקר תות סקוויז,שטראוס גרופ בע`מ,,,יח`,5,ל-100 גרם,false,7,5.90,1.18,true,1,
7290112348142,false,שעועית לבנה טעם הטבע 380 גר`,שטראוס גרופ בע`מ,,,יח`,3.80,ל-100 גרם,false,1,6.90,1.82,true,1,
7290112348616,false,קפה נמס אגוזי לוז 100 גר`,שטראוס גרופ בע`מ,,,יח`,1,ל-100 גרם,false,1,14.90,14.90,true,1,
7290112348999,false,פריכיות טעימות תירס דקות 135 גר`,שטראוס גרופ בע`מ,,,יח`,1.35,ל-100 גרם,false,1,11.90,8.81,false,1,
7290112349606,false,מעדן דניאלה תות בננה 88 גרם,שטראוס גרופ בע`מ,,,יח`,0.88,"ל-100 מ""ל",false,1,4.30,4.89,false,1,
7290112349699,false,.פיצה -מחית עגבניות חלקה 350 גרם,שטראוס גרופ בע`מ,,,יח`,3.50,ל-100 גרם,false,1,7.90,2.26,false,1,
7290112349705,false,פומודורו-רוטב עגבניות קלאסילפסטה 350 ג,שטראוס גרופ בע`מ,,,יח`,3.50,ל-100 גרם,false,1,10.90,3.11,true,1,
7290112349736,false,בזיליקום-רוטב עגבניות לפסטה 350 גר`,שטראוס גרופ בע`מ,,,יח`,3.50,ל-100 גרם,false,1,10.90,3.11,true,1,
7290112349743,false,ארביאטה-רוטב עגבניות פיקנטי 350 גר`,שטראוס גרופ בע`מ,,,יח`,3.50,ל-100 גרם,false,1,10.90,3.11,true,1,
7290112349750,false,פיצה -רוטב עגבניות לפיצה 350 גרם,שטראוס גרופ בע`מ,,,יח`,3.50,ל-100 גרם,false,1,10.90,3.11,true,1,
7290112350275,false,קפסולות לונגו למכונת נספרסו 12 יח`,שטראוס גרופ בע`מ,,,יח`,0.50,ל-100 גרם,false,1,16.90,33.80,true,1,
7290112350312,false,קפסולות ברזיל 15 למכונת אספרסו,שטראוס גרופ בע`מ,,,יח`,0.50,ל-100 גרם,false,12,16.90,33.80,true,1,
7290112351067,false,סילאן טבעי לחיץ יד מרדכי 630 גר`,שטראוס גרופ בע`מ,,,יח`,6.30,ל-100 גרם,false,1,21.90,3.48,false,1,
7290112351463,false,שלישיית סוכריות FRESH פטל לימון 45 גר`,שטראוס גרופ בע`מ,,,יח`,0.45,ל-100 גרם,false,1,7.90,17.56,false,1,
7290112351470,false,שלישיית סוכריות FRESH רימון תות 45 גר`,שטראוס גרופ בע`מ,,,יח`,0.45,ל-100 גרם,false,1,7.90,17.56,false,1,
7290112353887,false,משקה קפה קר בטעם אגוזים 1.6% שומן,שטראוס גרופ בע`מ,,,יח`,2.30,"ל-100 מ""ל",false,1,7.90,3.43,false,1,
7290112354174,false,דלישס פסטה רוזה 280 גרם,קפוא זן תעשיות מזון בעמ,,,יח`,2.80,ל-100 גרם,false,1,21.90,7.82,false,1,
7290112354235,false,דלישס ברקטה פיצה 300 גרם,קפוא זן תעשיות מזון בעמ,,,יח`,3,ל-100 גרם,false,1,25.90,8.63,false,1,
7290112354945,false,תפו WAVY טבעי 50 גרם,שטראוס פריטו ליי בע`מ,,,יח`,5,ל-100 גרם,false,1,3.90,0.78,false,1,
7290112354952,false,תפו WAVY פפריקה 50 גרם,שטראוס פריטו ליי בע`מ,,,יח`,5,ל-100 גרם,false,1,3.90,0.78,false,1,
7290112354969,false,תפוציפס טבעי WAVY 200 גרם,שטראוס פריטו ליי בע`מ,,,יח`,2,ל-100 גרם,false,1,10.90,5.45,true,1,
7290112355027,false,דנונה פרו 20 גר` קרמל מלוח 200 גר`,שטראוס גרופ בע`מ,,,יח`,2,"ל-100 מ""ל",false,12,5.90,2.95,false,1,
7290112355102,false,.גמדים סקוויז לשתיה בטעם פירות,שטראוס גרופ בע`מ,,,יח`,2,ל-100 גרם,false,7,5.90,2.95,true,1,
7290112355393,false,רוטב שמנת עם בטטה 9%,שטראוס גרופ בע`מ,,,יח`,2.50,"ל-100 מ""ל",false,18,10.90,4.36,false,1,
7290112357069,false,מחית עגבניות איטלקיות 500 גר` טעם הטבע,שטראוס גרופ בע`מ,,,יח`,5,ל-100 גרם,false,1,7.90,1.58,true,1,
7290112357083,false,אפונת גינה טעם הטבע 380 גר`,שטראוס גרופ בע`מ,,,יח`,3.80,ל-100 גרם,false,1,6.90,1.82,true,1,
7290112357106,false,שעועית אדומה טעם הטבע 380 גר`,שטראוס גרופ בע`מ,,,יח`,3.80,ל-100 גרם,false,1,6.90,1.82,true,1,
7290112357113,false,גרגרי חומוס טעם הטבע 380 גרם,שטראוס גרופ בע`מ,,,יח`,3.80,ל-100 גרם,false,1,6.90,1.82,true,1,
7290112357175,false,קפסולות בוסט למכונת נספרסו 12 יח`,שטראוס גרופ בע`מ,,,יח`,0.50,ל-100 גרם,false,1,16.90,33.80,true,1,
7290112357892,false,שלישיית סוכריות FRESH מנטה 45 גר`,שטראוס גרופ בע`מ,,,יח`,0.45,ל-100 גרם,false,1,7.90,17.56,false,1,
7290112358004,false,פסק זמן קראנץ`32 גר`,שטראוס גרופ בע`מ,,,יח`,0.32,ל-100 גרם,false,24,5.30,16.56,false,1,
7290112358127,false,דנונה פרו 20 גר` חלבון מגנזיום 200גר`,שטראוס גרופ בע`מ,,,יח`,2,"ל-100 מ""ל",false,1,6.30,3.15,false,1,
7290112358233,false,רוטב צ`ילי חריף 300 גר`,שטראוס גרופ בע`מ,,,יח`,3,ל-100 גרם,false,9,12.90,4.30,false,1,
7290112358240,false,רוטב לגריל 300 גר`,שטראוס גרופ בע`מ,,,יח`,3,"ל-100 מ""ל",false,1,12.90,4.30,false,1,
7290112358431,false,עד חצות דאבל 200 גר`,שטראוס גרופ בע`מ,,,יח`,2,ל-100 גרם,false,1,11.90,5.95,false,1,
7290112358554,false,מארז נמס בדרך,שטראוס גרופ בע`מ,,,יח`,0.50,ל-100 גרם,false,1,9.90,19.80,false,1,
7290112358561,false,נס קפה פלטינום קלאסיק 47 גרם,שטראוס גרופ בע`מ,,,יח`,4.70,ל-100 גרם,false,6,5.90,1.26,false,1,
7290112359353,false,קפה טורקי אלדין 200 גרם,שטראוס גרופ בע`מ,,,יח`,2,ל-100 גרם,false,1,20.90,10.45,false,1,
7290112359384,false,קפה נמס אלפחורס ריבת חלב 100 גר`,שטראוס גרופ בע`מ,,,יח`,1,ל-100 גרם,false,1,12.90,12.90,true,1,
7290112415400,false,עוגיות אלפחורס 280 גרם,קפולסקי אדל בעמ,,,יח`,2.80,ל-100 גרם,false,1,29.90,10.68,false,1,
7290112490032,false,נמס בכוס תירס,יוניליוור ישראל שיווק בע`מ,,,יח`,0.64,ל-100 גרם,false,1,6.40,10,true,1,
7290112490117,false,קליק טבלה וופל ואגוזים 85 גר`,יוניליוור ישראל שיווק בע`מ,,,יח`,1,,false,1,5.90,5.90,true,1,
7290112490209,false,נמס בכוס עגבניות 56 גרם,יוניליוור ישראל שיווק בע`מ,,,יח`,0.64,ל-100 גרם,false,1,6.40,10,true,1,
7290112490216,false,נמס בכוס מרק עוף 48 גרם,יוניליוור ישראל שיווק בע`מ,,,יח`,0.64,ל-100 גרם,false,1,6.40,10,true,1,
7290112490230,false,נמס בכוס מרק אפונה 50 גרם,יוניליוור ישראל שיווק בע`מ,,,יח`,0.64,ל-100 גרם,false,1,6.40,10,true,1,
7290112490650,false,778 קונפיטורה תות שדה 340 גר`,יוניליוור ישראל שיווק בע`מ,,,יח`,3.40,ל-100 גרם,false,1,13.90,4.09,false,1,
7290112490674,false,778 קונפיטורה דובדבנים 340 גר`,יוניליוור ישראל שיווק בע`מ,,,יח`,3.40,ל-100 גרם,false,1,13.90,4.09,false,1,
7290112490698,false,778 מעדן פרי תות לייט 250 גר`,יוניליוור ישראל שיווק בע`מ,,,יח`,0.90,ל-100 גרם,false,1,13.90,15.44,false,1,
7290112490742,false,מרק עשיר פטריות גריסים ר. טבעי,יוניליוור ישראל שיווק בע`מ,,,יח`,10,ל-100 גרם,false,1,12.90,1.29,true,1,
7290112490827,false,בדין תרסיס למייבש הכביסה בייבי 500מל,יוניליוור ישראל שיווק בע`מ,,,יח`,5,"ל-100 מ""ל",false,1,18.10,3.62,false,1,
7290112491558,false,שוקולד מריר פרווה 6*100 גרם כשלפ,יוניליוור ישראל שיווק בע`מ,,,יח`,1,,false,1,19.90,19.90,false,1,
7290112491701,false,ברנפלקס חלבון 375 גרם,יוניליוור ישראל שיווק בע`מ,,,יח`,3.75,ל-100 גרם,false,1,22.90,6.11,false,1,
7290112491770,false,דקים דקים עם מלח ים 300 גרם,יוניליוור ישראל שיווק בע`מ,,,יח`,3,ל-100 גרם,false,1,9.90,3.30,false,1,
7290112491787,false,דקים דקים עם שומשום 300 גרם,יוניליוור ישראל שיווק בע`מ,,,יח`,3,ל-100 גרם,false,1,9.90,3.30,false,1,
7290112492456,false,"שמפו לשיער יבש ופגום 700 מ""ל",יוניליוור ישראל שיווק בע`מ,,,יח`,7,"ל-100 מ""ל",false,1,11.90,1.70,false,1,
7290112492463,false,שמפו פינוק 2 ב-1 רגיל 700 מל`,יוניליוור ישראל שיווק בע`מ,,,יח`,7,"ל-100 מ""ל",false,1,11.90,1.70,false,1,
7290112492487,false,"שמפו פינוק שמן מרוקאי 700 מ""ל",יוניליוור ישראל שיווק בע`מ,,,יח`,7,"ל-100 מ""ל",false,1,11.90,1.70,false,1,
7290112492500,false,פינוק שמפו שמן קוקוס700 מל`,יוניליוור ישראל שיווק בע`מ,,,יח`,7,"ל-100 מ""ל",false,1,11.90,1.70,false,1,
7290112492531,false,"מרכך פינוק שיער רגיל 700 מ""ל",יוניליוור ישראל שיווק בע`מ,,,יח`,7,"ל-100 מ""ל",false,1,11.90,1.70,false,1,
7290112492548,false,"שמפו מרכך שיער יבש 700 מ""ל",יוניליוור ישראל שיווק בע`מ,,,יח`,7,"ל-100 מ""ל",false,1,11.90,1.70,false,1,
7290112492579,false,"מרכך פינוק שמן קוקוס 700 מ""ל",יוניליוור ישראל שיווק בע`מ,,,יח`,7,"ל-100 מ""ל",false,1,11.90,1.70,false,1,
7290112492593,false,פינוק תחליב רחצה קלאסי 700 מל`,יוניליוור ישראל שיווק בע`מ,,,יח`,7,"ל-100 מ""ל",false,1,10.90,1.56,false,1,
7290112492609,false,פינוק תחליב רחצה לבנדר 700 מל`,יוניליוור ישראל שיווק בע`מ,,,יח`,7,"ל-100 מ""ל",false,1,10.90,1.56,false,1,
7290112492630,false,"שמפו פינוק לגבר 1ב-3 700 מ""ל",יוניליוור ישראל שיווק בע`מ,,,יח`,7,"ל-100 מ""ל",false,1,11.90,1.70,false,1,
7290112492647,false,"פינוק לגבר 3 ב-1 ספורט 700 מ""ל",יוניליוור ישראל שיווק בע`מ,,,יח`,7,"ל-100 מ""ל",false,1,11.90,1.70,false,1,
7290112492722,false,שמפו פינוק 2ב1 לילדים לסירוק קל700מ,יוניליוור ישראל שיווק בע`מ,,,יח`,7,"ל-100 מ""ל",false,1,13.90,1.99,false,1,
7290112492746,false,"מרכך לסירוק קל לילדים 700 מ""ל",יוניליוור ישראל שיווק בע`מ,,,יח`,7,"ל-100 מ""ל",false,1,13.90,1.99,false,1,
7290112492982,false,קנור מרק פיטריות 400 גר`רכיבים טבעיים,יוניליוור ישראל שיווק בע`מ,,,יח`,4,ל-100 גרם,false,1,24.90,6.23,false,1,
7290112492999,false,קנור מרק טעם עוף 400 גרם בד`צ,יוניליוור ישראל שיווק בע`מ,,,יח`,4,ל-100 גרם,false,1,11.90,2.98,false,1,
7290112493088,false,נמס בכוס עדשים 100% רכיביים טבעי,יוניליוור ישראל שיווק בע`מ,,,יח`,0.64,ל-100 גרם,false,1,6.40,10,true,1,
7290112493095,false,נמס בכוס עגבניות חריף%100 רכיביים טבעי,יוניליוור ישראל שיווק בע`מ,,,יח`,0.64,ל-100 גרם,false,1,6.40,10,true,1,
7290112493293,false,נמס בכוס ירקות 100 % רכיביים טבעיים,יוניליוור ישראל שיווק בע`מ,,,יח`,0.64,ל-100 גרם,false,1,6.40,10,true,1,
7290112493316,false,מרק היום אפונה 100% רכיבים טבעיים,יוניליוור ישראל שיווק בע`מ,,,יח`,10,ל-100 גרם,false,1,12.90,1.29,true,1,
7290112493927,false,גלידת קרמיסימו ריבת חלב 1.33 ליטר,שטראוס גלידות,,,יח`,13.30,"ל-100 מ""ל",false,1,19.90,1.50,false,1,
7290112493934,false,גלידה קרמיסימו וניל צרפתי 1.33 ליטר,שטראוס גלידות,,,יח`,13.30,"ל-100 מ""ל",false,1,19.90,1.50,false,1,
7290112494221,false,קליק ביסקוויט 65 גרם,יוניליוור ישראל שיווק בע`מ,,,יח`,0.65,ל-100 גרם,false,1,5.90,9.08,true,1,
7290112494238,false,קליק כדורים 65 גרם,יוניליוור ישראל שיווק בע`מ,,,יח`,0.65,ל-100 גרם,false,1,5.90,9.08,true,1,
7290112494276,false,קליק כריות 65 גרם,יוניליוור ישראל שיווק בע`מ,,,יח`,0.65,ל-100 גרם,false,1,5.90,9.08,true,1,
7290112494313,false,קליק קורנפלקס 65 גרם,יוניליוור ישראל שיווק בע`מ,,,יח`,0.65,ל-100 גרם,false,1,5.90,9.08,true,1,
7290112494344,false,תלמה קרונפלקס של אלופים 850 גרם,יוניליוור ישראל שיווק בע`מ,,,יח`,8.50,ל-100 גרם,false,1,18.90,2.22,false,1,
7290112494351,false,תלמה קרונפלקס של אלופים 850 גרם,יוניליוור ישראל שיווק בע`מ,,,יח`,8.50,ל-100 גרם,false,1,18.90,2.22,false,1,
7290112494382,false,"פירה בטעם ביתי260 גר`בד""צ",יוניליוור ישראל שיווק בע`מ,,,יח`,2.60,ל-100 גרם,false,1,12.90,4.96,false,1,
7290112494610,false,רוטב פיקנטי לדג,יוניליוור ישראל שיווק בע`מ,,,יח`,1,,false,1,11.90,11.90,false,1,
7290112494801,false,ג`ל לכביסה לבנה וצבעונית בניחוח ורוד,יוניליוור ישראל שיווק בע`מ,,,יח`,25,"ל-100 מ""ל",false,1,29.90,1.20,false,1,
7290112494818,false,ג`ל לכביסה לבנה וצבעונית בניחוח בייבי,יוניליוור ישראל שיווק בע`מ,,,יח`,25,"ל-100 מ""ל",false,1,29.90,1.20,false,1,
7290112494825,false,דאב תרחיץ פנים לעור רגיש 180מ`ל,יוניליוור ישראל שיווק בע`מ,,,יח`,1.80,"ל-100 מ""ל",false,1,17.90,9.94,false,1,
7290112494993,false,כריות דגנים במילוי וניל בדצ 686 גרם,יוניליוור ישראל שיווק בע`מ,,,יח`,6.86,ל-100 גרם,false,1,24.90,3.63,false,1,
7290112495006,false,כריות דגנים במילוי נוגט בדצ 686 גרם,יוניליוור ישראל שיווק בע`מ,,,יח`,6.86,ל-100 גרם,false,1,24.90,3.63,false,1,
7290112495020,false,כריות צ`וקולדה 686 גרם,יוניליוור ישראל שיווק בע`מ,,,יח`,6.86,ל-100 גרם,false,1,24.90,3.63,false,1,
7290112495037,false,קוקומן כדורים 375 גרם בד`ץ,יוניליוור ישראל שיווק בע`מ,,,יח`,3.75,ל-100 גרם,false,1,19.90,5.31,true,1,
7290112495044,false,קוקומן פצפיצי שוקולד 375 גרם,יוניליוור ישראל שיווק בע`מ,,,יח`,3.75,ל-100 גרם,false,1,19.90,5.31,true,1,
7290112495105,false,נשנושים חטיף בטעם שמנת בצל 260 גרם,יוניליוור ישראל שיווק בע`מ,,,יח`,2.60,ל-100 גרם,false,1,12.90,4.96,true,1,
7290112495112,false,נשנושים חטיף זעתר 260 גרם,יוניליוור ישראל שיווק בע`מ,,,יח`,2.60,ל-100 גרם,false,1,12.90,4.96,true,1,
7290112495143,false,נשנושי קרקר קוקטייל מלוח 300 גרם,יוניליוור ישראל שיווק בע`מ,,,יח`,3,ל-100 גרם,false,1,12.90,4.30,true,1,
7290112495150,false,נשנושי קרקר עיגולים מלוחים 300גרם,יוניליוור ישראל שיווק בע`מ,,,יח`,3,ל-100 גרם,false,1,12.90,4.30,true,1,
7290112495167,false,נשנושי קרקר משולשי שומשום 300גרם,יוניליוור ישראל שיווק בע`מ,,,יח`,3,ל-100 גרם,false,1,12.90,4.30,true,1,
7290112495174,false,נשנושי קרקר קוקטייל שומשום 350 גרם,יוניליוור ישראל שיווק בע`מ,,,יח`,3,ל-100 גרם,false,1,12.90,4.30,true,1,
7290112495280,false,ריבועי ברנפלקס קינמון 400 גרם בדצ,יוניליוור ישראל שיווק בע`מ,,,יח`,4,ל-100 גרם,false,1,23.50,5.88,false,1,
7290112495433,false,דגני בוקר דליפקאן 400 גרם בד`צ,יוניליוור ישראל שיווק בע`מ,,,יח`,4,ל-100 גרם,false,1,21.90,5.48,false,1,
7290112495488,false,קורנפלקס ללא גלוטן 500 גרם,יוניליוור ישראל שיווק בע`מ,,,יח`,5,ל-100 גרם,false,1,19.90,3.98,false,1,
7290112495594,false,בייגלה שמיניות גדולות ללא תוספת מלח4,יוניליוור ישראל שיווק בע`מ,,,יח`,4,ל-100 גרם,false,1,13.90,3.48,false,1,
7290112495686,false,קרקר שומשום 220 גרם,יוניליוור ישראל שיווק בע`מ,,,יח`,2.20,ל-100 גרם,false,1,8.90,4.05,false,1,
7290112495747,false,קנור רוטב צ`ילי מתוק 70% פחות סוכר 300,יוניליוור ישראל שיווק בע`מ,,,יח`,3,"ל-100 מ""ל",false,1,11.90,3.97,true,1,
7290112495754,false,"רוטב הלמנס אלף האיים כשל""פ",יוניליוור ישראל שיווק בע`מ,,,יח`,3,"ל-100 מ""ל",false,1,10.90,3.63,false,1,
7290112495761,false,רוטב הלמנס אלף האיים לייט חמץ,יוניליוור ישראל שיווק בע`מ,,,יח`,3.05,ל-100 גרם,false,1,11.90,3.90,false,1,
7290112495785,false,רוטב הלמנס לסלט שום 300 גרם,יוניליוור ישראל שיווק בע`מ,,,יח`,3,ל-100 גרם,false,1,10.90,3.63,false,1,
7290112495792,false,רוטב הלמנס שום לייט לסלט 305גר כשלפ,יוניליוור ישראל שיווק בע`מ,,,יח`,3,ל-100 גרם,false,1,11.90,3.97,false,1,
7290112495815,false,רוטב הלמנס לסלט 305גר כשלפ,יוניליוור ישראל שיווק בע`מ,,,יח`,3.05,ל-100 גרם,false,1,11.90,3.90,false,1,
7290112495822,false,כריות בלאק 686 גרם,יוניליוור ישראל שיווק בע`מ,,,יח`,6.86,ל-100 גרם,false,1,24.90,3.63,false,1,
7290112495938,false,קרקר משפחתי 6 דגנים 250 גר`,יוניליוור ישראל שיווק בע`מ,,,יח`,2.50,ל-100 גרם,false,1,8.90,3.56,false,1,
7290112496027,false,סירופ שוקולד 600 מל כשלפ,יוניליוור ישראל שיווק בע`מ,,,יח`,6,"ל-100 מ""ל",false,1,15.90,2.65,false,1,
7290112496218,false,טריאקי פחות 50% סוכר ונתרן 340 גרם,יוניליוור ישראל שיווק בע`מ,,,יח`,3.40,ל-100 גרם,false,1,11.90,3.50,true,1,
7290112496270,false,"פתית צ`יפס תפו""א בתוספת עגבניות ועשבים",יוניליוור ישראל שיווק בע`מ,,,יח`,1,ל-100 גרם,false,1,4.90,4.90,false,1,
7290112496287,false,פתית צ`יפס בטטה בטעם טבעי,יוניליוור ישראל שיווק בע`מ,,,יח`,1,ל-100 גרם,false,1,4.90,4.90,false,1,
7290112496294,false,פתית צ`יפס אפונה בתוספת צ`ילי,יוניליוור ישראל שיווק בע`מ,,,יח`,1,ל-100 גרם,false,1,4.90,4.90,false,1,
7290112496430,false,נמס בכוס אקסטרה עגבניות 37 גרם,יוניליוור ישראל שיווק בע`מ,,,יח`,0.37,ל-100 גרם,false,1,4.20,11.35,false,1,
7290112496447,false,נמס בכוס אקסטרה טעם עוף 27 גר`,יוניליוור ישראל שיווק בע`מ,,,יח`,0.39,ל-100 גרם,false,1,4.20,10.77,false,1,
7290112496461,false,נמס בכוס אקסטרה ירקות 32 גרם,יוניליוור ישראל שיווק בע`מ,,,יח`,0.39,ל-100 גרם,false,1,4.20,10.77,false,1,
7290112496584,false,קליק כריות בלאק לבן 65 גרם,יוניליוור ישראל שיווק בע`מ,,,יח`,0.65,ל-100 גרם,false,1,5.90,9.08,true,1,
7290112497000,false,סיף ניקוי כללי לימון 1 ליטר,יוניליוור ישראל שיווק בע`מ,,,יח`,10,"ל-100 מ""ל",false,1,11.90,1.19,false,1,
7290112497123,false,אבקה להכנת סחלב 112 גרם,יוניליוור ישראל שיווק בע`מ,,,יח`,1.12,ל-100 גרם,false,1,13.90,12.41,false,1,
7290112497499,false,קליק XL שוקולד לבן עוגיות,יוניליוור ישראל שיווק בע`מ,,,יח`,85,ל-100 גרם,false,1,5.90,0.07,true,1,
7290112497710,false,"שמפו פינוק אל דמע בייבי 700 מ""ל",יוניליוור ישראל שיווק בע`מ,,,יח`,7,"ל-100 מ""ל",false,1,15.90,2.27,false,1,
7290112497864,false,מרק בטעם עוף ר.ט 33% פחות נתרן,יוניליוור ישראל שיווק בע`מ,,,יח`,1,,false,1,26.90,26.90,false,1,
7290112498007,false,גרנולה פרוטאין שקדים וחמוציות 300 גר`,יוניליוור ישראל שיווק בע`מ,,,יח`,3,ל-100 גרם,false,1,15.90,5.30,false,1,
7290112498274,false,"אל סבון ידיים לבנדר ווניל 950 מ""ל",יוניליוור ישראל שיווק בע`מ,,,יח`,1,יח`,false,1,11.90,11.90,false,1,
7290112498298,false,אל סבון ידיים בתוספת שמן מרוקאי 950 מל,יוניליוור ישראל שיווק בע`מ,,,יח`,1,יח`,false,1,11.90,11.90,false,1,
7290112498441,false,"רוטב אסיאתי למוקפץ 300 מ""ל",יוניליוור ישראל שיווק בע`מ,,,יח`,3,"ל-100 מ""ל",false,1,11.90,3.97,true,1,
7290112498526,false,פתית צ`יפס בטטה סגולה 21 גר`,יוניליוור ישראל שיווק בע`מ,,,יח`,0.21,ל-100 גרם,false,1,4.90,23.33,false,1,
7290112498915,false,מיני מגנום שקדים מובחרים מאגדת 5 יח`,שטראוס גלידות,,,יח`,1,ל-100 גרם,false,1,26.90,26.90,false,1,
7290112498922,false,מיני מגנום שוקולד לבן מאגדת 5 יח`,שטראוס גלידות,,,יח`,1,ל-100 גרם,false,1,26.90,26.90,false,1,
7290112499097,false,מיני מגנום שוקולד מריר מאגדת 5 יח`,שטראוס גלידות,,,יח`,1,ל-100 גרם,false,1,26.90,26.90,false,1,
7290112499455,false,פינוק תחליב רחצה שמן מרוקאי 700 מל`,יוניליוור ישראל שיווק בע`מ,,,יח`,7,"ל-100 מ""ל",false,1,10.90,1.56,false,1,
7290112499462,false,פינוק תחליב רחצה שמן קוקוס 700 מל`,יוניליוור ישראל שיווק בע`מ,,,יח`,7,"ל-100 מ""ל",false,1,10.90,1.56,false,1,
7290112499943,false,מיני מגנום קלאסיק שווקולד 250 גר1/5,שטראוס גלידות,,,יח`,2.50,ל-100 גרם,false,1,26.90,10.76,false,1,
7290112960856,false,טילון אקסטרים מטבע שוקולד חלב 115 גרם,נגה גלידות שותפות מוגבלת,,,יח`,1.15,ל-100 גרם,false,1,9.90,8.61,true,1,
7290112961266,false,בייגלה כפיות פיזור איטלקי 300 גר`,קבוצת אסם סחר,,,יח`,3,ל-100 גרם,false,1,9.90,3.30,true,1,
7290112961372,false,פיטנס חטיפי פריכיות דקות קינמון 60 גר`,קבוצת אסם סחר,,,יח`,0.60,ל-100 גרם,false,1,7.90,13.17,false,1,
7290112962003,false,קראנץ` וניל עוגיות 90 גרם,נגה גלידות שותפות מוגבלת,,,יח`,0.90,ל-100 גרם,false,1,9.90,11,true,1,
7290112962096,false,פתיתים לבבות אוסם 400 גר`,קבוצת אסם סחר,,,יח`,4,ל-100 גרם,false,1,7.90,1.98,true,1,
7290112962751,false,שלגון אוראו 65 גר`,נגה גלידות שותפות מוגבלת,,,יח`,0.65,ל-100 גרם,false,1,9.90,15.23,true,1,
7290112963321,false,גרטיפי בייגלה שטוח הכל ללא גלוטן 300 גר`,קבוצת אסם סחר,,,יח`,3,ל-100 גרם,false,1,14.90,4.97,false,1,
7290112963918,false,פיטנס קרקר דק רוזמרין 234 גר`,קבוצת אסם סחר,,,יח`,1.40,ל-100 גרם,false,1,11.90,8.50,true,1,
7290112964410,false,רוטב אלף האיים לסלט חדש,קבוצת אסם סחר,,,יח`,2.90,"ל-100 מ""ל",false,1,10.90,3.76,true,1,
7290112964458,false,רוטב ויניגרט קלאסי לסלט 290 מל,קבוצת אסם סחר,,,יח`,2.90,"ל-100 מ""ל",false,1,10.90,3.76,true,1,
7290112964472,false,רוטב שום 290 מל חדש,קבוצת אסם סחר,,,יח`,2.90,"ל-100 מ""ל",false,1,10.90,3.76,true,1,
7290112964564,false,רוטב אלף האיים לייט לסלט,קבוצת אסם סחר,,,יח`,2.90,"ל-100 מ""ל",false,1,10.90,3.76,true,1,
7290112964601,false,"רוטב בנוסח סצו`אן 290 מ""ל",קבוצת אסם סחר,,,יח`,2.90,"ל-100 מ""ל",false,1,12.90,4.45,true,1,
7290112964625,false,רוטב שום לייט לסלט,קבוצת אסם סחר,,,יח`,2.90,"ל-100 מ""ל",false,1,10.90,3.76,true,1,
7290112964724,false,טבעול המבורגר טבעוניות 580 גר`,קבוצת אסם סחר,,,יח`,5.80,ל-100 גרם,false,1,27.90,4.81,true,1,
7290112965165,false,מרק נמס סוף פטריות 2*24גר`,קבוצת אסם סחר,,,יח`,1.20,ל-100 גרם,false,1,5.90,4.92,true,1,
7290112965240,false,מרק נמס זוג עדשים 34*,קבוצת אסם סחר,,,יח`,1.20,ל-100 גרם,false,1,5.90,4.92,true,1,
7290112965264,false,מרק נמס סוף אפונה 2*26גר,קבוצת אסם סחר,,,יח`,1.20,ל-100 גרם,false,1,5.90,4.92,true,1,
7290112965288,false,מרק נמס בכוס ירקות 15*2,קבוצת אסם סחר,,,יח`,1.20,ל-100 גרם,false,1,5.90,4.92,true,1,
7290112965301,false,מרק נמס בטעם עוף בדץ 2*26גר,קבוצת אסם סחר,,,יח`,1.20,ל-100 גרם,false,1,5.90,4.92,true,1,
7290112965363,false,טבעול קציצות קינואה וברוקולי 525 גר`,קבוצת אסם סחר,,,יח`,5.25,ל-100 גרם,false,1,27.90,5.31,true,1,
7290112965585,false,פרפקטו פסטה קסרצה 500 גר`,קבוצת אסם סחר,,,יח`,5,ל-100 גרם,false,1,6.90,1.38,true,1,
7290112965684,false,פיטנס חטיף מולטיגריין ע.תיבול 25 גר`,קבוצת אסם סחר,,,יח`,0.25,ל-100 גרם,false,1,4.90,19.60,false,1,
7290112965868,false,קרם קרקר במליחות מועדנת 250גר`,קבוצת אסם סחר,,,יח`,2.50,ל-100 גרם,false,1,9.90,3.96,true,1,
7290112965943,false,טבעול נאגטס ירקות ירוקים 500 גר`,קבוצת אסם סחר,,,יח`,5,ל-100 גרם,false,1,27.90,5.58,true,1,
7290112965967,false,טבעול נאגטס ירקות כתומים 500 גר`,קבוצת אסם סחר,,,יח`,5,ל-100 גרם,false,1,27.90,5.58,true,1,
7290112966094,false,עוגת הבית תפוז מופחת סוכר 400 גר`,קבוצת אסם סחר,,,יח`,4,ל-100 גרם,false,1,12.90,3.23,false,1,
7290112966247,false,לחמית כוסמין 200 גר`,קבוצת אסם סחר,,,יח`,2,ל-100 גרם,false,1,9.90,4.95,true,1,
7290112966353,false,פתיתים אפויים מספרים 400 גר`,קבוצת אסם סחר,,,יח`,4,ל-100 גרם,false,1,7.90,1.98,true,1,
7290112966445,false,במבה מתוקה אריזה גדולה 100 גר`,קבוצת אסם סחר,,,יח`,1,ל-100 גרם,false,1,7.90,7.90,true,1,
7290112966766,false,צבר טחינה בלאדי חציל עגבניות ושו 350 ג,קבוצת אסם סחר,,,יח`,3.50,ל-100 גרם,false,1,16.90,4.83,false,1,
7290112967114,false,פיטנס חטיפי פריכיות קטניות ופלפל 60,קבוצת אסם סחר,,,יח`,0.60,ל-100 גרם,false,1,7.90,13.17,false,1,
7290112967572,false,"רוטב ברביקיו 290 מ""ל",קבוצת אסם סחר,,,יח`,2.90,ל-100 גרם,false,1,12.90,4.45,true,1,
7290112967749,false,פסטה פרפקטו נוציאולה 500 גר`,קבוצת אסם סחר,,,יח`,5,ל-100 גרם,false,1,6.90,1.38,false,1,
7290112967848,false,גלי תות שדה מופחת סוכר 90 גרם,קבוצת אסם סחר,,,יח`,0.90,ל-100 גרם,false,1,6.90,7.67,false,1,
7290112968340,false,צבר חומוס סמיר הגדול 400 גר`,קבוצת אסם סחר,,,יח`,4,ל-100 גרם,false,1,13.90,3.48,false,1,
7290112968807,false,פיטנס קרקר דק סלק 140 גר`,קבוצת אסם סחר,,,יח`,1.40,ל-100 גרם,false,1,11.90,8.50,true,1,
7290112968821,false,פיטנס קרקר דק בטטה 140 גר`,קבוצת אסם סחר,,,יח`,1.40,ל-100 גרם,false,1,11.90,8.50,true,1,
7290112969071,false,פרפקטו פסטה רדיאטורי 500 גר`,קבוצת אסם סחר,,,יח`,5,ל-100 גרם,false,1,10,2,false,1,
7290112969903,false,טבעול נאגטס ירקות לבנים 500 גר`,קבוצת אסם סחר,,,יח`,5,ל-100 גרם,false,1,27.90,5.58,true,1,
7290113177772,false,מחבת פרוג` 24 ידית שחורה,הום פרפקט ק.ד.מ בעמ,,,יח`,1,,false,1,56.90,56.90,false,1,
7290113177796,false,מחבת פרוג` 28 ידית שחורה,הום פרפקט ק.ד.מ בעמ,,,יח`,1,,false,1,69.90,69.90,false,1,
7290113178090,false,מאג זכוכית רומא,הום פרפקט ק.ד.מ בעמ,,,יח`,1,,false,1,4.90,4.90,false,1,
7290113191907,false,טורטיה בסיס פיצה,דין שיווק וקליה 2021 בעמ,,,יח`,1,ל-100 גרם,false,1,9.90,9.90,false,1,
7290113192317,false,טבעות זיתים שחורים 560 גרם,קבוצת אסם סחר,,,יח`,5.60,ל-100 גרם,false,1,11.90,2.13,false,1,
7290113192324,false,זיתים ירוקים 17-19 A-2 560 גרם,קבוצת אסם סחר,,,יח`,5.60,ל-100 גרם,false,1,9.90,1.77,false,1,
7290113192355,false,חרוזית זיתים ירוקים ללא חרצנים 550 גרם,קבוצת אסם סחר,,,יח`,5.50,ל-100 גרם,false,1,10.90,1.98,false,1,
7290113192362,false,טבעות זיתים ירוקים 560 גרם,קבוצת אסם סחר,,,יח`,5.60,ל-100 גרם,false,1,11.90,2.13,false,1,
7290113192386,false,זיתים סורי ירוקים מבוקע 560 גרם,קבוצת אסם סחר,,,יח`,5.60,ל-100 גרם,false,1,11.90,2.13,false,1,
7290113192393,false,קוקטייל זיתים 540 גרם,קבוצת אסם סחר,,,יח`,5.40,ל-100 גרם,false,1,12.90,2.39,false,1,
7290113192478,false,מלפפונים במלח בינוני 10-12 560 גרם,קבוצת אסם סחר,,,יח`,5.60,ל-100 גרם,false,1,8.90,1.59,false,1,
7290113192508,false,מלפפונים במלח קטן 13-17 320 גרם,קבוצת אסם סחר,,,יח`,3.20,ל-100 גרם,false,1,11.90,3.72,false,1,
7290113192515,false,מלפפונים במלח קטן מאוד 18-25 560 גרם,קבוצת אסם סחר,,,יח`,5.60,ל-100 גרם,false,1,12.90,2.30,false,1,
7290113192539,false,מלפפונים במלח גדול 7-9 560 גרם,קבוצת אסם סחר,,,יח`,5.60,ל-100 גרם,false,1,6.90,1.23,true,1,
7290113192546,false,מלפפונים בחומץ גדול 7-9 560 גרם,קבוצת אסם סחר,,,יח`,5.60,ל-100 גרם,false,1,6.90,1.23,true,1,
7290113192560,false,פלפל שיפקה חריף כבוש 340 גרם,קבוצת אסם סחר,,,יח`,5.60,ל-100 גרם,false,1,7.90,1.41,false,1,
7290113192881,false,טורטיה חיטה מופחת קלוריות,דין שיווק וקליה 2021 בעמ,,,יח`,1,ל-100 גרם,false,1,9.90,9.90,false,1,
7290113192997,false,בית השיטה חזית מרוקאי 340 גר`,קבוצת אסם סחר,,,יח`,3.40,ל-100 גרם,false,1,14.90,4.38,false,1,
7290113193017,false,בית השיטה חרוזית קוקטייל זיתים 275 גר`,קבוצת אסם סחר,,,יח`,2.75,ל-100 גרם,false,1,14.90,5.42,false,1,
7290113193031,false,בית השיטה חרוזית קלמטה 275 גר`,קבוצת אסם סחר,,,יח`,2.75,ל-100 גרם,false,1,11.90,4.33,false,1,
7290113193321,false,"בית השיטה שמן זית כתית מעולה 750 מ""ל",קבוצת אסם סחר,,,יח`,7.50,"ל-100 מ""ל",false,1,29.90,3.99,false,1,
7290113193406,false,בית השיטה טבעות קוקטייל זיתים 280 גר`,קבוצת אסם סחר,,,יח`,2.80,ל-100 גרם,false,1,12.90,4.61,false,1,
7290113193888,false,בית השיטה חצילים מוחמצים 320 גר`,קבוצת אסם סחר,,,יח`,3.20,ל-100 גרם,false,1,10.90,3.41,false,1,
7290113194090,false,בית השיטה טבעות קלמטה 280 גר`,קבוצת אסם סחר,,,יח`,2.80,ל-100 גרם,false,1,14.90,5.32,false,1,
7290113196414,false,"אורז בסמטי 1 ק""ג -שקדיה",דין שיווק וקליה 2021 בעמ,,,יח`,10,ל-100 גרם,false,1,10.90,1.09,false,1,
7290113196490,false,פירכיות כוסמת בתוספת זרעי ציה 150 גר,דין שיווק וקליה 2021 בעמ,,,יח`,1.50,ל-100 גרם,false,1,9.90,6.60,false,1,
7290113196506,false,פירכיות כוסמת ללא מלח 150 גרם,דין שיווק וקליה 2021 בעמ,,,יח`,1.50,ל-100 גרם,false,1,10.90,7.27,false,1,
7290113197176,false,חמאת בוטנים טבעית עם שברי בוטנים 450,דין שיווק וקליה 2021 בעמ,,,יח`,4.50,ל-100 גרם,false,1,15.90,3.53,false,1,
7290113197800,false,בית השיטה פלפל קלוי 400 גרם,קבוצת אסם סחר,,,יח`,4,ל-100 גרם,false,1,12.90,3.23,false,1,
7290113197817,false,בית השיטה חציל קלוי 670 גר`,קבוצת אסם סחר,,,יח`,6.70,ל-100 גרם,false,1,11.90,1.78,false,1,
7290113197855,false,תירס גמדי 230 גרם בית השיטה,קבוצת אסם סחר,,,יח`,2.30,ל-100 גרם,false,1,9.90,4.30,false,1,
7290113198029,false,פקאן מצופה חלבה 150 גרם,דין שיווק וקליה 2021 בעמ,,,יח`,1.50,ל-100 גרם,false,1,14.90,9.93,false,1,
7290113198036,false,80086980045פקאן מצופה בטעם קרמל 150 גרם,דין שיווק וקליה 2021 בעמ,,,יח`,1.50,ל-100 גרם,false,1,14.90,9.93,false,1,
7290113198074,false,פקאן מצופה בשוקולד שיש 150 גרם,דין שיווק וקליה 2021 בעמ,,,יח`,1.50,ל-100 גרם,false,1,14.90,9.93,false,1,
7290113198593,false,סוכריות גומי מסוכרות בטעם בננה 200 גרם,דין שיווק וקליה 2021 בעמ,,,יח`,2,ל-100 גרם,false,1,9.90,4.95,false,1,
7290113199385,false,פרכיות כוסמת דקות בתוספת מלח 100 גר`,דין שיווק וקליה 2021 בעמ,,,יח`,1,ל-100 גרם,false,1,9.90,9.90,false,1,
7290113199392,false,פרכיות כוסמת דקות בתוספת שקדים 90 גר,דין שיווק וקליה 2021 בעמ,,,יח`,0.90,ל-100 גרם,false,1,9.90,11,false,1,
7290113199408,false,פרכיות כוסמין דקות בתוספת מלח 95 גר`,דין שיווק וקליה 2021 בעמ,,,יח`,0.95,ל-100 גרם,false,1,9.90,10.42,false,1,
7290113199682,false,"גרנולה ש""ש עם פירות יבשים 500 גר",דין שיווק וקליה 2021 בעמ,,,יח`,5,ל-100 גרם,false,1,12.90,2.58,false,1,
7290113199699,false,"מוזלי ש""ש עם בוטנים אגוזי לוז 500 גר`",דין שיווק וקליה 2021 בעמ,,,יח`,5,ל-100 גרם,false,1,12.90,2.58,false,1,
7290113199705,false,מוזלי פירות יבשים 500 גר`,דין שיווק וקליה 2021 בעמ,,,יח`,5,ל-100 גרם,false,1,12.90,2.58,false,1,
7290113199934,false,סוכריות חמצוצים בטעם אוכמניות 180 גרם,דין שיווק וקליה 2021 בעמ,,,יח`,1.80,ל-100 גרם,false,1,9.90,5.50,false,1,
7290113302372,false,חטיפי בנוזו סנדויץ במילוי אווז 80 גר,שחורי אריה ואנסטסיה,,,יח`,0.80,ל-100 גרם,false,1,12.90,16.13,false,1,
7290113305809,false,סופרים עוף לכלב 400 גרם,שחורי אריה ואנסטסיה,,,יח`,4,ל-100 גרם,false,1,4,1,false,1,
7290113305816,false,סופרים סלמון לכלב 400 גרם,שחורי אריה ואנסטסיה,,,יח`,4,ל-100 גרם,false,1,4,1,false,1,
7290113305823,false,סופרים כבש לכלב 400 גרם,שחורי אריה ואנסטסיה,,,יח`,4,ל-100 גרם,false,1,4,1,false,1,
7290113305830,false,סופרים עוף לחתול 400 גרם,שחורי אריה ואנסטסיה,,,יח`,4,ל-100 גרם,false,1,4,1,false,1,
7290113305847,false,סופרים סלמון לחתול 400 גרם,שחורי אריה ואנסטסיה,,,יח`,4,ל-100 גרם,false,1,4,1,false,1,
7290113305854,false,סופרים בקר לחתול 400 גרם,שחורי אריה ואנסטסיה,,,יח`,4,ל-100 גרם,false,1,4,1,false,1,
7290113790049,false,נורה 10 וואט E27 A60 אור יום-שלישייה,ד.ש.ש אלקטרוניקה בעמ`,,,יח`,0,יח`,false,1,29.90,29.90,false,1,
7290114310215,false,"שמנת מתוקה 38% בבקבוק 250 מ""ל",החברה המרכזית להפצה,,,יח`,2.50,"ל-100 מ""ל",false,1,6.40,2.56,false,1,
7290114310239,false,חלב נטול לקטוז מעושר בויטמין 1.5 ל 2%,החברה המרכזית להפצה,,,יח`,15,"ל-100 מ""ל",false,1,12.90,0.86,false,1,
7290114310536,false,יוגורט 25 גר` חלבון מולר וניל 200 ג,החברה המרכזית להפצה,,,יח`,2,ל-100 גרם,false,1,5.90,2.95,true,1,
7290114310550,false,פטה עיזים מעודנת 5% 200 גר`,החברה המרכזית להפצה,,,יח`,2,ל-100 גרם,false,1,26.90,13.45,false,1,
7290114310611,false,משקה חלב בננה בבקבוק 250 מל`,החברה המרכזית להפצה,,,יח`,2.50,"ל-100 מ""ל",false,1,5.90,2.36,false,1,
7290114310673,false,לאבנה 9% 250 גרם,החברה המרכזית להפצה,,,יח`,2.50,ל-100 גרם,false,1,12.90,5.16,false,1,
7290114310895,false,מאגדת שמינייה תות מנגו 15%,החברה המרכזית להפצה,,,יח`,3.80,"ל-100 מ""ל",false,1,32.90,8.66,false,1,
7290114310901,false,גבינה לבנה 5% 250 גרם,החברה המרכזית להפצה,,,יח`,2.50,ל-100 גרם,false,1,4.98,1.99,false,1,
7290114311038,false,"שמנת מתוקה בבקבוק 32% 250 מ""ל",החברה המרכזית להפצה,,,יח`,2.50,"ל-100 מ""ל",false,1,6.90,2.76,false,1,
7290114311069,false,יוגורט 25 גר` חלבון מולר אקטיב0% 200,החברה המרכזית להפצה,,,יח`,2,ל-100 גרם,false,1,5.90,2.95,true,1,
7290114311298,false,מולר יוגורט עם קציפת תות בננה 3% 150ג,החברה המרכזית להפצה,,,יח`,1.50,"ל-100 מ""ל",false,1,5.20,3.47,false,1,
7290114311304,false,מולר יוגורט עם קציפת מנגו פסיפלורה בננה,החברה המרכזית להפצה,,,יח`,1.50,"ל-100 מ""ל",false,1,5.20,3.47,false,1,
7290114311328,false,חלב מועשר נטול לקטוז 1 ליטר,החברה המרכזית להפצה,,,יח`,10,ל-100 גרם,false,1,7.90,0.79,false,1,
7290114311458,false,קרטון חלב 3% מעושר וויטמין D 1 ליטר,החברה המרכזית להפצה,,,יח`,10,ל-100 גרם,false,1,7.90,0.79,false,1,
7290114600774,false,FREE קו קווים חטיף אפוי עם רוזמרין,ש. שסטוביץ בע`מ,,,יח`,1.70,ל-100 גרם,false,1,11.90,7,false,1,
7290114600927,false,מאסטר שף עלי טורטיה חיטה מלאה 320 גר`,ש. שסטוביץ בע`מ,,,יח`,3.20,ל-100 גרם,false,1,9.90,3.09,false,1,
7290114603508,false,"מאסטר שף רוטב להקפצה 300 מ""ל",ש. שסטוביץ בע`מ,,,יח`,0.30,ל-100 גרם,false,1,9.90,33,false,1,
7290114603539,false,מאסטר שף קרוטונים שום בצל 350 גר`,ש. שסטוביץ בע`מ,,,יח`,3.50,ל-100 גרם,false,1,20.30,5.80,false,1,
7290114603591,false,פוף פליי בטעם קטשופ 40 גר`,ש. שסטוביץ בע`מ,,,יח`,0.40,ל-100 גרם,false,1,3.90,9.75,true,1,
7290114604840,false,דפי אורז קוטר 16 400 גר`,ש. שסטוביץ בע`מ,,,יח`,4,ל-100 גרם,false,1,13.90,3.48,true,1,
7290114604857,false,דפי אורז קוטר 22 400 גר`,ש. שסטוביץ בע`מ,,,יח`,4,ל-100 גרם,false,1,13.90,3.48,true,1,
7290114604864,false,קוסקוס סולת דק 350 גר`,ש. שסטוביץ בע`מ,,,יח`,3.50,ל-100 גרם,false,1,5.90,1.69,false,1,
7290114604871,false,קוסקוס סולת בינוני 350 גר`,ש. שסטוביץ בע`מ,,,יח`,3.50,ל-100 גרם,false,1,5.90,1.69,false,1,
7290114604895,false,מאסטר שף מיונז ספייסי לחיץ 446 גרם,ש. שסטוביץ בע`מ,,,יח`,4.35,ל-100 גרם,false,1,13.90,3.20,false,1,
7290114606547,false,מאסטר שף מיונז עם פטריות כהמין 242 גר`,ש. שסטוביץ בע`מ,,,יח`,4.35,ל-100 גרם,false,1,13.90,3.20,false,1,
7290114606578,false,שקדי מרק 400 גרם מאסטר שף,ש. שסטוביץ בע`מ,,,יח`,4,ל-100 גרם,false,1,9.90,2.48,false,1,
7290114608640,false,מאסטר שף קרוטונים לסלט כוסמין 260 גרם,ש. שסטוביץ בע`מ,,,יח`,2.60,ל-100 גרם,false,1,19.90,7.65,false,1,
7290115073676,false,"מסכה לפנים חד""פ 50 יח`צבעוני",שמחה זה אנחנו בע`מ,,,יח`,0,יח`,false,1,7.90,7.90,false,1,
7290115200003,false,פתי בר פינוקי וניל 220 גר`,קבוצת אסם סחר,,,יח`,2.20,ל-100 גרם,false,1,10.90,4.95,true,1,
7290115200027,false,פתי בר פינוקי שוקו 220 גר`,קבוצת אסם סחר,,,יח`,2.20,ל-100 גרם,false,1,10.90,4.95,true,1,
7290115200676,false,קרמעוגית קרמל מלוח 200 גר`,קבוצת אסם סחר,,,יח`,2,ל-100 גרם,false,1,10.90,5.45,true,1,
7290115200881,false,בייגלה שטוחים שומשום במליחות מועדנ 300,קבוצת אסם סחר,,,יח`,3,ל-100 גרם,false,1,10.90,3.63,true,1,
7290115201031,false,פתי בר דובי שוקולד 220 גר`,קבוצת אסם סחר,,,יח`,2.20,ל-100 גרם,false,1,10.90,4.95,true,1,
7290115201703,false,ביסלי ברבקיו גדול 200 גר`,קבוצת אסם סחר,,,יח`,2,ל-100 גרם,false,1,7.90,3.95,true,1,
7290115201727,false,ביסלי בצל גדול 200 גר`,קבוצת אסם סחר,,,יח`,2,ל-100 גרם,false,1,7.90,3.95,true,1,
7290115202236,false,טבעול טופו קראנצים 470 גר`,קבוצת אסם סחר,,,יח`,4.70,ל-100 גרם,false,1,31.90,6.79,true,1,
7290115202434,false,חומוס עם זעתר 375 גר`,קבוצת אסם סחר,,,יח`,3.75,ל-100 גרם,false,1,12.90,3.44,false,1,
7290115202762,false,פרפקטו מיני ניוקי טריקולור 500 גרם,קבוצת אסם סחר,,,יח`,5,ל-100 גרם,false,1,11.90,2.38,false,1,
7290115202786,false,מנה חמה פאוצ` בקר 70 גר`,קבוצת אסם סחר,,,יח`,7,ל-100 גרם,false,1,4.90,0.70,false,1,
7290115202816,false,מנה חמה פאוצ` עוף 70 גר`,קבוצת אסם סחר,,,יח`,7,ל-100 גרם,false,1,4.90,0.70,false,1,
7290115202939,false,מנה חמה רייס נודלס עוף פטריות 50 גרם,קבוצת אסם סחר,,,יח`,5,ל-100 גרם,false,1,7.90,1.58,true,1,
7290115202953,false,מנה חמה רייס נודלס קארי צהוב 50 גרם,קבוצת אסם סחר,,,יח`,5,ל-100 גרם,false,1,7.90,1.58,true,1,
7290115202977,false,מנה חמה רייס נודלס סויה סיני 50 גרם,קבוצת אסם סחר,,,יח`,5,ל-100 גרם,false,1,7.90,1.58,true,1,
7290115203134,false,פופקו פופקורן במבה 80 גר`,קבוצת אסם סחר,,,יח`,0.80,ל-100 גרם,false,1,3.90,4.88,true,1,
7290115203172,false,במבה אסם פרו 80 גרם,קבוצת אסם סחר,,,יח`,0.80,ל-100 גרם,false,1,4.50,5.63,true,1,
7290115203295,false,פרפקטו פסטה ריציאולי 500 גרם,קבוצת אסם סחר,,,יח`,5,ל-100 גרם,false,1,10,2,false,1,
7290115203486,false,פירורית בטעם ביסלי גריל 200 גרם,קבוצת אסם סחר,,,יח`,2,ל-100 גרם,false,1,5.90,2.95,false,1,
7290115203806,false,"רוטב בסיס 290 מ""ל",קבוצת אסם סחר,,,יח`,2.90,"ל-100 מ""ל",false,1,12.90,4.45,true,1,
7290115204056,false,קטשופ אסם מופחת סוכר כשלפ 750 מל`,קבוצת אסם סחר,,,יח`,7.50,ל-100 גרם,false,1,11.90,1.59,true,1,
7290115205251,false,פיטנס בר פריכיות קרמל מלוח 84 גר`,קבוצת אסם סחר,,,יח`,0.84,ל-100 גרם,false,1,13.80,16.43,false,1,
7290115205312,false,פיטנס קרקר זיתים 140 גרם,קבוצת אסם סחר,,,יח`,1.40,ל-100 גרם,false,1,11.90,8.50,true,1,
7290115205527,false,פיטנס חטיף מולטיגריין עדשים 25 גר`,קבוצת אסם סחר,,,יח`,0.25,ל-100 גרם,false,1,4.90,19.60,false,1,
7290115205541,false,פיטנס חטיף מולטיגריין עם חומוס 25 גרם,קבוצת אסם סחר,,,יח`,0.25,ל-100 גרם,false,1,4.90,19.60,false,1,
7290115205633,false,טבעול סנסשיונל נקניקיות 350 גר`,קבוצת אסם סחר,,,יח`,3.50,ל-100 גרם,false,1,30.90,8.83,false,1,
7290115205978,false,פתי בר אצבעות שוקולד אוסם 180 גר`,קבוצת אסם סחר,,,יח`,1.80,ל-100 גרם,false,1,10.90,6.06,true,1,
7290115207484,false,סלט חציל על האש צבר 400 גרם,קבוצת אסם סחר,,,יח`,4,ל-100 גרם,false,1,16.90,4.23,false,1,
7290115207682,false,"רוטב סויה סיני 290 מ""ל",קבוצת אסם סחר,,,יח`,2.90,"ל-100 מ""ל",false,1,10.90,3.76,true,1,
7290115207880,false,ויטמינציק פטל 2 ליטר,קבוצת אסם סחר,,,יח`,1,,false,1,39.90,39.90,true,1,
7290115207941,false,ויטמינציק אננס 1 ליטר,קבוצת אסם סחר,,,יח`,10,"ל-100 מ""ל",false,1,20.90,2.09,true,1,
7290115207989,false,ויטמינציק לימון 1 ליטר,קבוצת אסם סחר,,,יח`,10,"ל-100 מ""ל",false,1,20.90,2.09,true,1,
7290115208009,false,ויטמינציק ענבים 1 ליטר,קבוצת אסם סחר,,,יח`,10,"ל-100 מ""ל",false,1,20.90,2.09,true,1,
7290115208023,false,ויטמינציק ענבים 2 ליטר,קבוצת אסם סחר,,,יח`,1,,false,1,39.90,39.90,true,1,
7290115208047,false,ויטמינציק פטל 1 ליטר,קבוצת אסם סחר,,,יח`,10,"ל-100 מ""ל",false,1,20.90,2.09,true,1,
7290115208061,false,ויטמינציק תפוח 1 ליטר,קבוצת אסם סחר,,,יח`,10,"ל-100 מ""ל",false,1,20.90,2.09,true,1,
7290115208597,false,קרמעוגית קרמל מלוח 200 גר`,קבוצת אסם סחר,,,יח`,2,ל-100 גרם,false,1,10.90,5.45,false,1,
7290115209174,false,במבה אוורירית 60 גרם,קבוצת אסם סחר,,,יח`,6,ל-100 גרם,false,1,3.90,0.65,true,1,
7290115209235,false,פתי בר-קפה 500 גר`,קבוצת אסם סחר,,,יח`,5,ל-100 גרם,false,1,11.90,2.38,true,1,
7290115209358,false,במבה במילוי בראוניז 60 גרם,קבוצת אסם סחר,,,יח`,0.60,ל-100 גרם,false,1,3.90,6.50,true,1,
7290115209372,false,במבה במילוי בראוניז 150 גר`,קבוצת אסם סחר,,,יח`,1.50,ל-100 גרם,false,1,9.90,6.60,true,1,
7290115480016,false,קפסולות 3+1 26 יח סוד,גורי שיווק,,,יח`,1,ל-100 גרם,false,1,29.90,29.90,true,1,
7290115620719,false,סכין משוננת food appeal,ד.ג.ש ייבוא ושיווק בעמ,,,יח`,1,,false,1,14.90,14.90,false,1,
7290115670677,false,גרנולה פירות טרופיים 400 גר`,שטראוס גרופ בע`מ,,,יח`,4,ל-100 גרם,false,1,11.90,2.98,false,1,
7290115670684,false,גרנולה אגוזים 400 גר`,שטראוס גרופ בע`מ,,,יח`,4,ל-100 גרם,false,1,11.90,2.98,false,1,
7290115670691,false,גרנולה פירות יער 400 גר`,שטראוס גרופ בע`מ,,,יח`,4,ל-100 גרם,false,1,11.90,2.98,false,1,
7290115670707,false,גרנולה שוקולד אגוזים 400 גר`,שטראוס גרופ בע`מ,,,יח`,4,ל-100 גרם,false,1,11.90,2.98,false,1,
7290115671223,false,מאסט פאן אבטיח מנגו 58 גרם,שטראוס גרופ בע`מ,,,יח`,1,,false,12,9.90,9.90,true,1,
7290115671308,false,מאסט פאן תות דובדבן 58 גרם,שטראוס גרופ בע`מ,,,יח`,1,,false,12,9.90,9.90,false,1,
7290115671339,false,מיני פינוקיות בראוניז בייגל בוטן 180 גר,שטראוס גרופ בע`מ,,,יח`,2,ל-100 גרם,false,1,9.90,4.95,false,1,
7290115671346,false,מיני פינוקיות טופי כרמל מלוח 180 גרם,שטראוס גרופ בע`מ,,,יח`,2,ל-100 גרם,false,1,9.90,4.95,false,1,
7290115674736,false,מקלות חרדל דבש 170 גרם BREADZ,שטראוס פריטו ליי בע`מ,,,יח`,1.70,ל-100 גרם,false,1,14.90,8.76,false,1,
7290115675559,false,קפה טורקי לדרך 10 יח`70 גר`,שטראוס גרופ בע`מ,,,יח`,1.40,ל-100 גרם,false,1,7.90,5.64,false,1,
7290115675696,false,קוואקר CRUESLI אגוזים 375 גרם,שטראוס פריטו ליי בע`מ,,,יח`,3.75,ל-100 גרם,false,1,22.40,5.97,false,1,
7290115675702,false,קוואקר CRUESLI פירות 375 גרם,שטראוס פריטו ליי בע`מ,,,יח`,3.75,ל-100 גרם,false,1,22.40,5.97,false,1,
7290115675719,false,קוואקר CRUESLI שוקולד 375 גרם,שטראוס פריטו ליי בע`מ,,,יח`,3.75,ל-100 גרם,false,1,22.40,5.97,false,1,
7290115676037,false,דנונה ריפרש תות ודומדמניות 250 גר`,שטראוס גרופ בע`מ,,,יח`,2.50,ל-100 גרם,false,1,5.90,2.36,false,1,
7290115676082,false,משקה דנונה פרו 20 חלבון תות 225 גר`,שטראוס גרופ בע`מ,,,יח`,2.25,ל-100 גרם,false,1,6.90,3.07,false,1,
7290115676099,false,משקה דנונה פרו 20 חלבון וניל 225 גר`,שטראוס גרופ בע`מ,,,יח`,2.25,ל-100 גרם,false,1,6.90,3.07,false,1,
7290115676389,false,חרוסת יד מרדכי 250 גרם,שטראוס גרופ בע`מ,,,יח`,2.50,ל-100 גרם,false,1,13.90,5.56,false,1,
7290115677089,false,קונפיטורת בטעם תפוח וקינמון 340 גר`,שטראוס גרופ בע`מ,,,יח`,3.40,ל-100 גרם,false,1,14.90,4.38,true,1,
7290115677966,false,ממרח אבוקדו 200 גר`,שטראוס גרופ בע`מ,,,יח`,2,ל-100 גרם,false,1,14.90,7.45,false,1,
7290115678376,false,מעדן הגולן שוקולד 125 גר`,שטראוס גרופ בע`מ,,,יח`,1.25,ל-100 גרם,false,1,2.90,2.32,true,1,
7290115678383,false,מעדן הגולן שוקולד מריר 125 גר`,שטראוס גרופ בע`מ,,,יח`,1.25,ל-100 גרם,false,1,2.90,2.32,true,1,
7290115678635,false,נשנושי גבינה עם כעכעים שטוחים,שטראוס גרופ בע`מ,,,יח`,1.50,ל-100 גרם,false,1,10.90,7.27,true,1,
7290115678642,false,נשנושי גבינה עם חטיף אפוי זיתים,שטראוס גרופ בע`מ,,,יח`,1.50,ל-100 גרם,false,1,10.90,7.27,true,1,
7290115678970,false,שליישית סוכריות בזוקה 45 גרם,שטראוס גרופ בע`מ,,,יח`,4.50,ל-100 גרם,false,1,7.90,1.76,false,1,
7290115736953,false,משטח לייבוש כלים,ד.ג.ש ייבוא ושיווק בעמ,,,יח`,1,,false,1,13.90,13.90,false,1,
7290115738933,false,ארגונית איכותית לאחסון14.5*22,ד.ג.ש ייבוא ושיווק בעמ,,,יח`,1,,false,1,9.90,9.90,false,1,
7290116053097,false,צלחת רטרו עמוקה גדול,ד.ג.ש ייבוא ושיווק בעמ,,,יח`,1,,false,1,9.90,9.90,false,1,
7290116053110,false,צלחת רטרו איכותית,ד.ג.ש ייבוא ושיווק בעמ,,,יח`,1,,false,1,9.90,9.90,false,1,
7290116053172,false,אטבי כביסה צבעוניים,ד.ג.ש ייבוא ושיווק בעמ,,,יח`,0,יח`,false,1,12.90,12.90,false,1,
7290116053851,false,אלמוגית בינונית,ד.ג.ש ייבוא ושיווק בעמ,,,יח`,0,יח`,false,1,14.90,14.90,false,1,
7290116278014,false,ריאות בקר,ג.ת שווק בן בקר בע`מ,,,"ק""ג",1,יח`,true,1,24.90,24.90,false,1,
7290116530000,false,דאב תרחיץ פנים מלפפונים 180מ`ל,יוניליוור ישראל שיווק בע`מ,,,יח`,1.80,"ל-100 מ""ל",false,1,17.90,9.94,false,1,
7290116530482,false,מאגדת קורנפלקס אלופים 5*30 גרם,יוניליוור ישראל שיווק בע`מ,,,יח`,1.50,ל-100 גרם,false,1,11.90,7.93,false,1,
7290116531021,false,שוקולד חלב ורד הגליל 100 גרם,יוניליוור ישראל שיווק בע`מ,,,יח`,1,יח`,false,1,4.90,4.90,false,1,
7290116531083,false,ברנפלקס שקדים ודבש 375 גרם,יוניליוור ישראל שיווק בע`מ,,,יח`,3.75,ל-100 גרם,false,1,23.50,6.27,false,1,
7290116531090,false,דגדג במליחות מעודנת 250 גרם,יוניליוור ישראל שיווק בע`מ,,,יח`,2.50,ל-100 גרם,false,1,9.90,3.96,false,1,
7290116531557,false,פריכיות עם תירס מלא 150 גרם כשלפ,יוניליוור ישראל שיווק בע`מ,,,יח`,1.50,ל-100 גרם,false,1,10.90,7.27,false,1,
7290116531564,false,פריכיות פתית+ קינואה 150 גרם,יוניליוור ישראל שיווק בע`מ,,,יח`,1.50,ל-100 גרם,false,1,10.90,7.27,false,1,
7290116531656,false,מרכך פינוק לשיער בניחוח תפוח 700 גרם,יוניליוור ישראל שיווק בע`מ,,,יח`,7,"ל-100 מ""ל",false,1,11.90,1.70,false,1,
7290116531779,false,בדין דפים למייבש כביסה כחול 40 יח,יוניליוור ישראל שיווק בע`מ,,,יח`,1,ל-100 גרם,false,1,18.90,18.90,false,1,
7290116531793,false,רוטב הלמנס לסלט קיסר 295 גרם,יוניליוור ישראל שיווק בע`מ,,,יח`,2.95,ל-100 גרם,false,1,10.90,3.69,false,1,
7290116531885,false,מיונז טבעוני הלמנס 500 גרם,יוניליוור ישראל שיווק בע`מ,,,יח`,5,ל-100 גרם,false,1,13.90,2.78,false,1,
7290116532011,false,קליק חטיף נוגט 35 גרם,יוניליוור ישראל שיווק בע`מ,,,יח`,0.35,ל-100 גרם,false,1,4.80,13.71,false,1,
7290116532240,false,קליק XL שוקולד עוגיות,יוניליוור ישראל שיווק בע`מ,,,יח`,85,ל-100 גרם,false,1,5.90,0.07,false,1,
7290116532387,false,"אל סבון ידיים פינוק חמאת שיאה 950 מ""ל",יוניליוור ישראל שיווק בע`מ,,,יח`,1,יח`,false,1,11.90,11.90,false,1,
7290116532394,false,"אל סבון ידיים פינוק חמאת קקאו 950 מ""ל",יוניליוור ישראל שיווק בע`מ,,,יח`,1,יח`,false,1,11.90,11.90,false,1,
7290116532585,false,ברנפלקס קרנצ`ים 375 גרם,יוניליוור ישראל שיווק בע`מ,,,יח`,3.75,ל-100 גרם,false,1,22.90,6.11,false,1,
7290116532769,false,גרנולה פרוטאין תפוח קינמון 300 גרם,יוניליוור ישראל שיווק בע`מ,,,יח`,3,ל-100 גרם,false,1,15.90,5.30,false,1,
7290116532868,false,"שמפו פינוק אל דמע בייבי 900 מ""ל",יוניליוור ישראל שיווק בע`מ,,,יח`,9,"ל-100 מ""ל",false,1,19.90,2.21,false,1,
7290116532882,false,נשנושים בצל 155 גרם,יוניליוור ישראל שיווק בע`מ,,,יח`,1.55,ל-100 גרם,false,1,12.90,8.32,true,1,
7290116532899,false,נשנושים איירביס פלאפל 155 גרם,יוניליוור ישראל שיווק בע`מ,,,יח`,1.55,ל-100 גרם,false,1,12.90,8.32,true,1,
7290116930282,false,ארוחה בקטנה לאבנה עם קרקרים 150 גר`,תנובה חלב,,,יח`,2.10,"ל-100 מ""ל",false,1,7.90,3.76,false,1,
7290116930435,false,יוגורט גו סמיך 0% תות 200 גרם,תנובה חלב,,,יח`,2,ל-100 גרם,false,1,5.90,2.95,false,1,
7290116930626,false,ארוחה בקטנה ציזיקי עם קרקרים 150 גרם,תנובה חלב,,,יח`,2.10,"ל-100 מ""ל",false,1,7.90,3.76,false,1,
7290116930701,false,מעדן חלב GO בטעם קרמל מלוח 120 גרם,תנובה חלב,,,יח`,1.20,ל-100 גרם,false,1,4.90,4.08,false,1,
7290116930725,false,מעדן סויה ביו קוקוס 150 גרם,תנובה חלב,,,יח`,2,ל-100 גרם,false,1,5.90,2.95,false,1,
7290116930954,false,יופלה פאי תפוחים 3% 150 גרם,תנובה חלב,,,יח`,1.50,"ל-100 מ""ל",false,1,5.20,3.47,false,1,
7290116931081,false,מעדן סויה בטעם טופי קרמל 150 גרם,תנובה חלב,,,יח`,1.50,ל-100 גרם,false,1,4.90,3.27,false,1,
7290116931104,false,יופלה גו במרקם סמיך עם אננס 0% שומן,תנובה חלב,,,יח`,2,ל-100 גרם,false,1,5.90,2.95,false,1,
7290116931241,false,קוטג 12% 250 גרם,תנובה חלב,,,יח`,2.50,ל-100 גרם,false,1,6.90,2.76,false,1,
7290116931289,false,יוגורט גו סמיך 0% אלפחורס 200 גרם,תנובה חלב,,,יח`,2,ל-100 גרם,false,1,5.90,2.95,false,1,
7290116931463,false,מאגדת צפתית 2*200 גרם,תנובה חלב,,,יח`,4,ל-100 גרם,false,1,26.90,6.73,false,1,
7290116931517,false,מאגדת גבינת לבנה 5%,תנובה חלב,,,יח`,5,ל-100 גרם,false,1,14.90,2.98,false,1,
7290117030363,false,"כוסות מעוטרות ""האומן"" 40 יח ""שווה""",ח.כהן סוכנות מזון ומשקאות,,,יח`,1,יח`,false,1,11.90,11.90,true,1,
7290117030554,false,תבניות זהב 10 יח + מכסה מרובע,ח.כהן סוכנות מזון ומשקאות,,,יח`,1,יח`,false,1,12.90,12.90,true,1,
7290117030615,false,תבניות שחור זהב 4 יח אינגליש גבוהה,ח.כהן סוכנות מזון ומשקאות,,,יח`,1,יח`,false,1,12.90,12.90,true,1,
7290117030622,false,תבניות זהב 3 יח + מכסה אובלי בינוני,ח.כהן סוכנות מזון ומשקאות,,,יח`,1,יח`,false,1,12.90,12.90,true,1,
7290117030752,false,"תבניות ארוז *7 R31 (105) ""שווה""",ח.כהן סוכנות מזון ומשקאות,,,יח`,1,יח`,false,1,8.90,8.90,true,1,
7290117030769,false,"תבניות ארוז *7 R2 (90) ""שווה""",ח.כהן סוכנות מזון ומשקאות,,,יח`,1,יח`,false,1,8.90,8.90,true,1,
7290117030776,false,"תבניות ארוז מלבן עמוק *7 ""שווה""",ח.כהן סוכנות מזון ומשקאות,,,יח`,1,יח`,false,1,8.90,8.90,true,1,
7290117030783,false,"תבניות ארוז *7 R99 (210) ""שווה""",ח.כהן סוכנות מזון ומשקאות,,,יח`,1,יח`,false,1,8.90,8.90,true,1,
7290117030790,false,"תבניות ארוז *10 R88 אינגליש ""שווה""",ח.כהן סוכנות מזון ומשקאות,,,יח`,1,יח`,false,1,8.90,8.90,true,1,
7290117031506,false,כוסות קרטון שתיה חמה B-8 שווה,ח.כהן סוכנות מזון ומשקאות,,,יח`,1,,false,1,8.90,8.90,true,1,
7290117031520,false,כוסות נייר גדול 12,ח.כהן סוכנות מזון ומשקאות,,,יח`,1,,false,1,14.90,14.90,false,1,
7290117031537,false,כוסות נייר גודל 16 שווה 40 יח`,ח.כהן סוכנות מזון ומשקאות,,,יח`,1,,false,1,18.90,18.90,false,1,
7290117032008,false,"מזלגות איכותי 40 יח קרם ""שווה""",ח.כהן סוכנות מזון ומשקאות,,,יח`,1,יח`,false,1,5.90,5.90,true,1,
7290117032022,false,"מזלגות איכותי 40 יח צבעוני""שווה""",ח.כהן סוכנות מזון ומשקאות,,,יח`,1,יח`,false,1,5.90,5.90,false,1,
7290117032060,false,"כפות איכותי 40 יח קרם ""שווה""",ח.כהן סוכנות מזון ומשקאות,,,יח`,1,יח`,false,1,5.90,5.90,true,1,
7290117032077,false,"כפות איכותי 40 יח שקוף ""שווה""",ח.כהן סוכנות מזון ומשקאות,,,יח`,1,יח`,false,1,5.90,5.90,true,1,
7290117032589,false,"צלחות גדולות 60 יח לבן ""שווה""",ח.כהן סוכנות מזון ומשקאות,,,יח`,1,יח`,false,1,24.90,24.90,true,1,
7290117032596,false,"צלחות גדולות 60 יח אריזה משפחתית ""שווה",ח.כהן סוכנות מזון ומשקאות,,,יח`,1,יח`,false,1,24.90,24.90,true,1,
7290117032619,false,צלחת ענקית משפחתי 35 יח`שווה קרם,ח.כהן סוכנות מזון ומשקאות,,,יח`,1,,false,1,24.90,24.90,false,1,
7290117033005,false,"פופקורן למיקרו מלח 5*100 גרם ""שווה""",ח.כהן סוכנות מזון ומשקאות,,,יח`,5,ל-100 גרם,false,1,10.90,2.18,true,1,
7290117033012,false,"פופקורן למיקרו חמאה 5*100 גרם ""שווה""",ח.כהן סוכנות מזון ומשקאות,,,יח`,5,ל-100 גרם,false,1,10.90,2.18,true,1,
7290117033029,false,"פופקורן למיקרו לייט 5*85 גרם ""שווה""",ח.כהן סוכנות מזון ומשקאות,,,יח`,4,ל-100 גרם,false,1,10.90,2.73,true,1,
7290117260050,false,קונפיטורת חבושים 380 גר`,ג. וילי-פוד אינטרנשיונל בע`מ,,,יח`,1,,false,1,8.90,8.90,false,1,
7290117260074,false,שעועית ירוקה חתוכה 800 גרם,ג. וילי-פוד אינטרנשיונל בע`מ,,,יח`,8,ל-100 גרם,false,1,6.90,0.86,false,1,
7290117260227,false,קפה טורקי אמיתי 100 גרם,ג. וילי-פוד אינטרנשיונל בע`מ,,,יח`,1,יח`,false,1,5.90,5.90,false,1,
7290117260401,false,גבינת מוצרלה מגורדת 500 גרם,ג. וילי-פוד אינטרנשיונל בע`מ,,,יח`,5,ל-100 גרם,false,1,29.90,5.98,false,1,
7290117260579,false,חטיף קראנצ`י על בסיס קמח עדשים שמנת 80,ג. וילי-פוד אינטרנשיונל בע`מ,,,יח`,0.80,ל-100 גרם,false,1,9.90,12.38,true,1,
7290117260586,false,חטיף קראנצ`י על בסיס קמח עדשים חלפיני,ג. וילי-פוד אינטרנשיונל בע`מ,,,יח`,0.80,ל-100 גרם,false,1,9.90,12.38,true,1,
7290117260593,false,חטיף קראנצ`י על בסיס קמח עדשים צ`דר 80,ג. וילי-פוד אינטרנשיונל בע`מ,,,יח`,0.80,ל-100 גרם,false,1,9.90,12.38,true,1,
7290117260890,false,פופקורן בטעם קוקוס 90 גרם,ג. וילי-פוד אינטרנשיונל בע`מ,,,יח`,0.90,ל-100 גרם,false,1,6.90,7.67,true,1,
7290117260906,false,פופקורן בטעם פירות 90 גרם,ג. וילי-פוד אינטרנשיונל בע`מ,,,יח`,0.90,ל-100 גרם,false,1,6.90,7.67,true,1,
7290117260913,false,פופקורן בטעם שוקולד 90 גרם,ג. וילי-פוד אינטרנשיונל בע`מ,,,יח`,0.90,ל-100 גרם,false,1,6.90,7.67,true,1,
7290117260975,false,זיתי קלמטה מגולענים במי מלח 300 גרם,ג. וילי-פוד אינטרנשיונל בע`מ,,,יח`,3,ל-100 גרם,false,1,8.90,2.97,false,1,
7290117261002,false,זיתי קלמטה במי מלח 350 גרם,ג. וילי-פוד אינטרנשיונל בע`מ,,,יח`,3.50,ל-100 גרם,false,1,8.90,2.54,false,1,
7290117261040,false,זיתים שחורים מרינד 454 גרם,ג. וילי-פוד אינטרנשיונל בע`מ,,,יח`,4.54,ל-100 גרם,false,24,14.90,3.28,false,1,
7290117261422,false,יוגורט פרוביוטי 2.7% שומן תות שד 125 גרם,ג. וילי-פוד אינטרנשיונל בע`מ,,,יח`,1.25,ל-100 גרם,false,1,2.90,2.32,true,1,
7290117261439,false,יוגורט פרוביוטי 2.7% שומן פירות יער,ג. וילי-פוד אינטרנשיונל בע`מ,,,יח`,1.25,ל-100 גרם,false,1,2.90,2.32,true,1,
7290117261446,false,יוגורט פרוביוטי 2.7% שומן אפרסק ומשמש,ג. וילי-פוד אינטרנשיונל בע`מ,,,יח`,1.25,ל-100 גרם,false,1,2.90,2.32,true,1,
7290117261521,false,סלמון אטלנטי בשמן קנולה 120 גרם,ג. וילי-פוד אינטרנשיונל בע`מ,,,יח`,1.20,ל-100 גרם,false,1,11.90,9.92,true,1,
7290117261927,false,פקורינו מחלב כבשים צ`אנק 150 גרם,ג. וילי-פוד אינטרנשיונל בע`מ,,,יח`,1.50,ל-100 גרם,false,1,19.90,13.27,false,1,
7290117262238,false,"משקה יוגורט עם תות שדה 200 מ""ל 2.3%",ג. וילי-פוד אינטרנשיונל בע`מ,,,יח`,1.50,ל-100 גרם,false,1,4.90,3.27,true,1,
7290117262245,false,"משקה יוגורט עם אפרסק ומשמש 200 מ""ל 2.3",ג. וילי-פוד אינטרנשיונל בע`מ,,,יח`,1.50,ל-100 גרם,false,1,4.90,3.27,true,1,
7290117262290,false,פרלינים אגוזים במילוי פצפוצי דגנים 50ג,ג. וילי-פוד אינטרנשיונל בע`מ,,,יח`,5,ל-100 גרם,false,1,4.90,0.98,true,1,
7290117262306,false,קורנפלקס מצופים שוקולד חלב 50 גרם,ג. וילי-פוד אינטרנשיונל בע`מ,,,יח`,5,ל-100 גרם,false,1,4.90,0.98,true,1,
7290117262313,false,פצפוצי דגנים פריכים מצופים שוקולד 50 גר,ג. וילי-פוד אינטרנשיונל בע`מ,,,יח`,5,ל-100 גרם,false,1,4.90,0.98,true,1,
7290117262320,false,ביסקוויט מצופה שוקולד חלב 40 גרם,ג. וילי-פוד אינטרנשיונל בע`מ,,,יח`,4,ל-100 גרם,false,1,4.90,1.23,true,1,
7290117380208,false,פוף קראנץ בטעם חמוץ חריף 60 גרם,ש. שסטוביץ בע`מ,,,יח`,0.60,ל-100 גרם,false,1,3.90,6.50,true,1,
7290117382325,false,סלים דליס פרו 33 חטיף חלבון מצופה שוקול,ש. שסטוביץ בע`מ,,,יח`,1,ל-100 גרם,false,1,12.90,12.90,true,1,
7290117383711,false,"פלמוליב חלב ודבש 750 מ""ל מארז זוג",ש. שסטוביץ בע`מ,,,יח`,7.50,ל-100 גרם,false,1,34.90,4.65,true,1,
7290117383735,false,"פלמוליב חימר ורדים 750 מ""ל מארז זוג",ש. שסטוביץ בע`מ,,,יח`,7.50,ל-100 גרם,false,1,34.90,4.65,true,1,
7290117383742,false,"פלמוליב גבר מרענן 750 מ""ל מארז זוג",ש. שסטוביץ בע`מ,,,יח`,7.50,ל-100 גרם,false,1,34.90,4.65,true,1,
7290117860045,false,הוואי שמפו לשיער רגיל 700 מ`ל,הנקל סוד בע`מ,,,יח`,7,"ל-100 מ""ל",false,1,14.90,2.13,true,1,
7290117860083,false,הוואי תחליב רחצה קרם דבש 700 מל`,הנקל סוד בע`מ,,,יח`,0.70,"ל-100 מ""ל",false,1,14.90,21.29,true,1,
7290117860182,false,הוואי תחליב רחצה לגבר פיג`י 700 מל`,הנקל סוד בע`מ,,,יח`,0.70,"ל-100 מ""ל",false,1,14.90,21.29,true,1,
7290117860199,false,הוואי שמפו לשיער יבש ומסולסל 700 מ`ל,הנקל סוד בע`מ,,,יח`,7,"ל-100 מ""ל",false,1,14.90,2.13,true,1,
7290117860236,false,הוואי תחליב רחצה ויולה ורודה 700 מל`,הנקל סוד בע`מ,,,יח`,0.70,"ל-100 מ""ל",false,1,14.90,21.29,true,1,
7290117860243,false,הוואי מרכך לשיער יבש ומסולסל 700מ`ל,הנקל סוד בע`מ,,,יח`,7,"ל-100 מ""ל",false,1,14.90,2.13,true,1,
7290117860281,false,הוואי תחליב רחצה לגבר איריססטבל 700 מל,הנקל סוד בע`מ,,,יח`,0.70,"ל-100 מ""ל",false,1,14.90,21.29,true,1,
7290117860335,false,הוואי תחליב רחצה לגבר 700 מל`,הנקל סוד בע`מ,,,יח`,0.70,"ל-100 מ""ל",false,1,14.90,21.29,true,1,
7290117860342,false,הוואי מרכך קרטין מחזק 700 מ`ל,הנקל סוד בע`מ,,,יח`,7,"ל-100 מ""ל",false,1,14.90,2.13,true,1,
7290117860380,false,הוואי תחליב יוגורט אלוורה 700 מל`,הנקל סוד בע`מ,,,יח`,7,"ל-100 מ""ל",false,1,14.90,2.13,true,1,
7290117860397,false,הוואי שמפו פריחת הדודבן 700 מ`ל,הנקל סוד בע`מ,,,יח`,7,"ל-100 מ""ל",false,1,14.90,2.13,true,1,
7290117860649,false,הוואי שמפו ללא סולפטים 700 מ`ל,הנקל סוד בע`מ,,,יח`,7,"ל-100 מ""ל",false,1,14.90,2.13,true,1,
7290117860748,false,"הוואי שמפו מעניק נפח 700 מ""ל",הנקל סוד בע`מ,,,יח`,7,"ל-100 מ""ל",false,1,14.90,2.13,true,1,
7290117860793,false,הוואי מרכך שיער מעניק נפח 700 מ`ל,הנקל סוד בע`מ,,,יח`,7,"ל-100 מ""ל",false,1,14.90,2.13,true,1,
7290117860847,false,הוואי שמפו 4ב1 לגבר רעננות קרירה 700 מ,הנקל סוד בע`מ,,,יח`,7,"ל-100 מ""ל",false,1,14.90,2.13,true,1,
7290117860892,false,הוואי תחליב רחצה וניל ודבש 700 מל`,הנקל סוד בע`מ,,,יח`,1.50,לליטר,false,1,14.90,9.93,true,1,
7290117860946,false,הוואי תחליב רחצה יוגורט 700 מל`,הנקל סוד בע`מ,,,יח`,0.70,"ל-100 מ""ל",false,1,14.90,21.29,true,1,
7290117860991,false,הוואי תחליב רחצה יוגורט שקדים 700 מל`,הנקל סוד בע`מ,,,יח`,0.70,"ל-100 מ""ל",false,1,14.90,21.29,true,1,
7290117900956,false,תערובת פיצוחים קלויים 180 גרם,דין שיווק וקליה 2021 בעמ,,,יח`,1.80,ל-100 גרם,false,1,15,8.33,false,1,
7290117900963,false,בוטנים קלויים 270 גרם,דין שיווק וקליה 2021 בעמ,,,יח`,2.70,ל-100 גרם,false,1,10,3.70,false,1,
7290117900970,false,שקדים קלויים 180 גרם,דין שיווק וקליה 2021 בעמ,,,יח`,1.80,ל-100 גרם,false,1,15,8.33,false,1,
7290117900987,false,אגוז פאקן קלוף 140 גרם,דין שיווק וקליה 2021 בעמ,,,יח`,1.40,ל-100 גרם,false,1,15,10.71,false,1,
7290117900994,false,פאקן סיני מסוכר 140 גרם,דין שיווק וקליה 2021 בעמ,,,יח`,1.40,ל-100 גרם,false,1,15,10.71,false,1,
7290117901007,false,פיסטוקים קלויים 150 גרם,דין שיווק וקליה 2021 בעמ,,,יח`,1.50,ל-100 גרם,false,1,15,10,false,1,
7290117901014,false,קשיו קלוי 160 גרם,דין שיווק וקליה 2021 בעמ,,,יח`,1.60,ל-100 גרם,false,1,15,9.38,false,1,
7290117901038,false,אגוזי מלך קלופים 190 גרם,דין שיווק וקליה 2021 בעמ,,,יח`,8.30,ל-100 גרם,false,1,15,1.81,false,1,
7290117901045,false,בוטן רביולי 200 גרם,דין שיווק וקליה 2021 בעמ,,,יח`,2,ל-100 גרם,false,1,15,7.50,false,1,
7290117901052,false,שקדים קלופים 180 גרם,דין שיווק וקליה 2021 בעמ,,,יח`,1.80,ל-100 גרם,false,1,15,8.33,false,1,
7290117901168,false,מיקס אגוזים וחמוציות 250 גר`,דין שיווק וקליה 2021 בעמ,,,יח`,2.50,ל-100 גרם,false,1,20,8,false,1,
7290117901175,false,שקדים קלופים 250 גר`,דין שיווק וקליה 2021 בעמ,,,יח`,2.50,ל-100 גרם,false,1,20,8,false,1,
7290117901182,false,בוטן קליפה קלוי 350 גר`,דין שיווק וקליה 2021 בעמ,,,יח`,5,ל-100 גרם,false,1,10,2,false,1,
7290117901199,false,טורטיה על גחלים,דין שיווק וקליה 2021 בעמ,,,יח`,3.60,ל-100 גרם,false,1,10.90,3.03,false,1,
7290117901205,false,טורטיה דגנים בתוספת שומשום ופשתן,דין שיווק וקליה 2021 בעמ,,,יח`,3.60,ל-100 גרם,false,1,10.90,3.03,false,1,
7290118074649,false,ראש דוש מונאקו,ד.ג.ש ייבוא ושיווק בעמ,,,יח`,1,,false,1,49.90,49.90,false,1,
7290118430452,false,כוס מאג פריז,ד.ג.ש ייבוא ושיווק בעמ,,,יח`,1,,false,1,5.90,5.90,false,1,
7290118430490,false,כוס מאג מילאנו,ד.ג.ש ייבוא ושיווק בעמ,,,יח`,1,,false,1,5.90,5.90,false,1,
7290118490012,false,חסה לאליק,ביכורי השדה הצפון בעמ` 1964,,,יח`,1,,false,1,10.90,10.90,false,1,
7290118490043,false,עלי סלנובה ראש,ביכורי השדה הצפון בעמ` 1964,,,יח`,1,,false,1,9.90,9.90,false,1,
7291008084816,false,תמר מג`הול,ביכורי השדה הצפון בעמ` 1964,,,יח`,1,,false,1,19.90,19.90,false,1,
7291008092286,false,תמר מגהול דקל נור 400 גר`,ביכורי השדה הצפון בעמ` 1964,,,יח`,4,ל-100 גרם,false,1,10.90,2.73,false,1,
7291988011284,false,סוחט לימון מתכת איכותי,ד.ג.ש ייבוא ושיווק בעמ,,,יח`,1,,false,1,24.90,24.90,false,1,
7291988016555,false,בקבוק לחיץ טחינה/קטשופ,ד.ג.ש ייבוא ושיווק בעמ,,,יח`,1,,false,1,9.90,9.90,false,1,
7291988018672,false,מוטי ניקוי ניקל מיקרפייבר,ד.ג.ש ייבוא ושיווק בעמ,,,יח`,1,,false,1,19.90,19.90,false,1,
7291988019150,false,בקבוק למילוי,ד.ג.ש ייבוא ושיווק בעמ,,,יח`,1,,false,1,12.90,12.90,false,1,
7291988020972,false,סט 6 סכינים לסטייק,ד.ג.ש ייבוא ושיווק בעמ,,,יח`,0,יח`,false,1,19.90,19.90,false,1,
7291988022020,false,אלמוגית אקרילית רחבת סירה,ד.ג.ש ייבוא ושיווק בעמ,,,יח`,1,,false,1,9.90,9.90,false,1,
7291988024147,false,מגב שיש סיליקון,ד.ג.ש ייבוא ושיווק בעמ,,,יח`,0,יח`,false,1,9.90,9.90,false,1,
7291988030575,false,אלמוגית אקרילית בינונית,ד.ג.ש ייבוא ושיווק בעמ,,,יח`,1,,false,1,14.90,14.90,false,1,
7291988036393,false,קופסת אקריל CC600,ד.ג.ש ייבוא ושיווק בעמ,,,יח`,1,,false,1,19.90,19.90,false,1,
7295682698567,false,גרביי אלגנט,הום פרפקט ק.ד.מ בעמ,,,יח`,1,,false,1,12.90,12.90,true,1,
7296021133602,false,"מועך תפו""א ידית שחורה",ד.ג.ש ייבוא ושיווק בעמ,,,יח`,0,יח`,false,1,24.90,24.90,false,1,
7296058110010,false,פריכיות אורז פרח 110 גר`,מ.ד אטיאס סוכנויות מזון בע`מ,,,יח`,1.10,ל-100 גרם,false,1,4.90,4.45,false,1,
7296073377214,false,לבבות קיסר,ביכורי השדה הצפון בעמ` 1964,,,יח`,1,,false,1,9.90,9.90,false,1,
7296073397267,false,מטאטא סילבר משובח,ד.ג.ש ייבוא ושיווק בעמ,,,יח`,1,,false,1,29.90,29.90,false,1,
7296073397403,false,מקל מטאטא מחוזק,ד.ג.ש ייבוא ושיווק בעמ,,,יח`,1,יח`,false,1,6.90,6.90,false,1,
7296073398912,false,דלי איכותי,ד.ג.ש ייבוא ושיווק בעמ,,,יח`,1,,false,1,11.90,11.90,false,1,
7296073400097,false,מטאטא איטלקי משובח,ד.ג.ש ייבוא ושיווק בעמ,,,יח`,1,,false,1,19.90,19.90,false,1,
7296102108260,false,מתקן כביסה מתכת,הום פרפקט ק.ד.מ בעמ,,,יח`,1,,false,1,59.90,59.90,false,1,
7296102256121,false,מתלה כביסה פלסטיק,הום פרפקט ק.ד.מ בעמ,,,יח`,1,,false,1,119,119,false,1,
7296102521748,false,סט קופסאות ריבוע 4 יח`,הום פרפקט ק.ד.מ בעמ,,,יח`,1,,false,1,12.90,12.90,false,1,
7297029069191,false,גרביי אלגנט,הום פרפקט ק.ד.מ בעמ,,,יח`,1,,false,1,12.90,12.90,true,1,
7297029070012,false,גרביי עקביות לגבר,הום פרפקט ק.ד.מ בעמ,,,יח`,1,,false,1,12.90,12.90,true,1,
7297029070029,false,גרבי נשים,הום פרפקט ק.ד.מ בעמ,,,יח`,1,,false,1,12.90,12.90,true,1,
7297461004408,false,שמיכה פליז כרבולית,הום פרפקט ק.ד.מ בעמ,,,יח`,1,,false,1,14.90,14.90,true,1,
7297478008857,false,שלישייה גרבי בובה ארוך לבנות,הום פרפקט ק.ד.מ בעמ,,,יח`,1,,false,1,14.90,14.90,false,1,
7298484166119,false,תאנים 300 גרם,*10701,,,יח`,2,ל-100 גרם,false,1,17.90,8.95,false,1,
7298484166144,false,שומשום 250 גרם,*10701,,,יח`,2.50,ל-100 גרם,false,1,8.90,3.56,false,1,
7298484166148,false,תערובת בריאות 250 גרם,*10701,,,יח`,2.50,ל-100 גרם,false,1,19.90,7.96,false,1,
7298484166175,false,ירקות מטוגנים 200 גר`,*10701,,,יח`,2,ל-100 גרם,false,1,24.90,12.45,false,1,
7298484166177,false,צנוברים 150 גרם,*10701,,,יח`,1.50,ל-100 גרם,false,1,34.90,23.27,false,1,
7298484166178,false,קוקוס טבעי 200 גר`,*10701,,,יח`,2,ל-100 גרם,false,1,15.90,7.95,false,1,
7298484166182,false,תמר מג`הול 500 גרם,*10701,,,יח`,2,ל-100 גרם,false,1,24.90,12.45,false,1,
7298484166192,false,בננה צ`יפס 200 גרם,*10701,,,יח`,2,ל-100 גרם,false,1,9.90,4.95,false,1,
7298484166337,false,גרעיני חמניה מקולף 200 גרם,*10701,,,יח`,2,ל-100 גרם,false,1,9.90,4.95,false,1,
7298484166558,false,גרעיני דלעת מקולף 200 גרם,*10701,,,יח`,2,ל-100 גרם,false,1,11.90,5.95,false,1,
7298484166784,false,מקדמיה טבעי 150 גרם,*10701,,,יח`,2,ל-100 גרם,false,1,26.90,13.45,false,1,
7298484166992,false,מקדמיה קלוי 200 גרם,*10701,,,יח`,0,יח`,false,1,34.90,34.90,false,1,
7298484167257,false,שקד מולבן פרוס 150 גרם,*10701,,,יח`,1.50,ל-100 גרם,false,1,17.90,11.93,false,1,
7298484167549,false,שקד מולבן משובב 200 גרם,*10701,,,יח`,2,ל-100 גרם,false,1,18.90,9.45,false,1,
7298484208149,false,חמוציות ברכז טבעי 200 גרם,*10701,,,יח`,2,ל-100 גרם,false,1,11.90,5.95,false,1,
7298484482117,false,משמש אוזבקי 300 גרם,*10701,,,יח`,2,ל-100 גרם,false,1,17.90,8.95,false,1,
7298484601649,false,אפונה וואסבי 180 גרם,*10701,,,יח`,2,ל-100 גרם,false,1,13.90,6.95,false,1,
7298484603361,false,בוטן אסיאתי 200 גרם,*10701,,,יח`,2,ל-100 גרם,false,1,13.90,6.95,false,1,
7298484603568,false,מיקס טקסס שקד פקאן מתובל 200 גרם,*10701,,,יח`,0,יח`,false,1,24.90,24.90,false,1,
7298484603772,false,קרנצ`י צ`ילי 180 גרם,*10701,,,יח`,1.80,ל-100 גרם,false,1,17.90,9.94,false,1,
7298484604178,false,פפריקס טוויסט 150 גרם,*10701,,,יח`,1.80,ל-100 גרם,false,1,13.90,7.72,false,1,
7298484604427,false,בוטנים מטוגנים 300 גרם,*10701,,,יח`,3,ל-100 גרם,false,1,16.90,5.63,false,1,
7298484605179,false,חטיף אורז פלפל שחור 120 גרם,*10701,,,יח`,1.20,ל-100 גרם,false,1,11.90,9.92,false,1,
7298484607027,false,פקאן סיני מסוכר 200 גר`,*10701,,,יח`,2,ל-100 גרם,false,1,19.90,9.95,false,1,
7298484607055,false,אפונה ירוקה קלוי 200 גר`,*10701,,,יח`,2,ל-100 גרם,false,1,11.90,5.95,false,1,
7298484607056,false,גרעיני אבטיח מחבת 250 גר`,*10701,,,יח`,2.50,ל-100 גרם,false,1,16.90,6.76,false,1,
7298484607065,false,פיסטוק אפגני 180 גרם,*10701,,,יח`,1.80,ל-100 גרם,false,1,19.90,11.06,false,1,
7298484607071,false,קשיו קלוי 200 גר`,*10701,,,יח`,2,ל-100 גרם,false,1,19.90,9.95,false,1,
7298484607117,false,חטיף סויה קריספי 180 גרם,*10701,,,יח`,1.80,ל-100 גרם,false,1,17.90,9.94,false,1,
7298484607122,false,צימוק בהיר 200 גרם,*10701,,,יח`,2,ל-100 גרם,false,1,10.90,5.45,false,1,
7298484607144,false,פיסטוק טבעי 200 גרם,*10701,,,יח`,2,ל-100 גרם,false,1,17.90,8.95,false,1,
7298484607757,false,שזיף מגולען אמריקאי 300 גרם,*10701,,,יח`,2.50,ל-100 גרם,false,1,17.90,7.16,false,1,
7298484607898,false,מאנצ`ס ריזוטו 120 גרם,*10701,,,יח`,1.20,ל-100 גרם,false,1,11.90,9.92,false,1,
7298484978274,false,אגוזי ברזיל 250 גרם,*10701,,,יח`,2.50,ל-100 גרם,false,1,29.90,11.96,false,1,
7394376123337,false,אוטלי-משקה שיבולת שועל אורגני,ש. שסטוביץ בע`מ,,,יח`,10,"ל-100 מ""ל",false,1,14.90,1.49,false,1,
7394376615825,false,אוטלי-משקה שיבולת שועל מועשר בסידן,ש. שסטוביץ בע`מ,,,יח`,10,"ל-100 מ""ל",false,1,14.90,1.49,false,1,
7394376615832,false,אוטלי-משקה שיבולת שועל בטעם שוקולד,ש. שסטוביץ בע`מ,,,יח`,10,"ל-100 מ""ל",false,1,15.90,1.59,false,1,
7394376616778,false,אוטלי-משקה שיבולת שועל להקצפה בריסטה,ש. שסטוביץ בע`מ,,,יח`,10,"ל-100 מ""ל",false,1,15.90,1.59,false,1,
7501013122039,false,נקטר ג`מקס מנגו 1ל` קרטונית,טמפו משקאות בע`מ,,,יח`,10,"ל-100 מ""ל",false,1,9.90,0.99,false,1,
7501013122053,false,נקטר ג`מקס אפרסק 1ל` קרטונית,טמפו משקאות בע`מ,,,יח`,10,"ל-100 מ""ל",false,1,10.20,0.99,false,1,
7501013122114,false,נקטר ג`מקס אננס 1ל` קרטונית,טמפו משקאות בע`מ,,,יח`,10,"ל-100 מ""ל",false,1,9.90,0.99,false,1,
7501013122190,false,נקטר ג`מקס תפוחים 1ל` קרטונית,טמפו משקאות בע`מ,,,יח`,10,"ל-100 מ""ל",false,1,9.90,0.99,false,1,
7501013122992,false,נקטר ג`מקס קוקוס אננס 1ל` קרטונית,טמפו משקאות בע`מ,,,יח`,10,"ל-100 מ""ל",false,1,9.90,0.99,false,1,
7501013138047,false,יונקו פרסקו משקה רימונים קרטונית 1 לי,טמפו משקאות בע`מ,,,יח`,10,"ל-100 מ""ל",false,1,11.90,1.19,false,1,
7501013138184,false,יונקו פרסקו משקה חמוציות קרטונית 1 ליט,טמפו משקאות בע`מ,,,יח`,10,"ל-100 מ""ל",false,1,11.90,1.19,false,1,
7501049936945,false,"בירה סול שישייה 330 מ""ל",טמפו משקאות בע`מ,,,יח`,19.80,"ל-100 מ""ל",false,1,34.90,1.67,false,1,
7501064191398,false,שישייה בירה קורונה,תימקו בירה בעמ`,,,יח`,19.80,"ל-100 מ""ל",false,1,34.90,1.67,true,1,
7610100034084,false,מיונז טומי,ליימן שליסל בע`מ,,,יח`,2.65,ל-100 גרם,false,20,13.90,5.25,false,1,
7610211130903,false,הרמזית ממתיק 800+200 טבליות,דיפלומט מפיצים (1968) בע`מ,,,יח`,8,ל-100 גרם,false,1,24.90,3.11,false,1,
7610400075787,false,שוקולד לינדט לגרנד מילק 150 גר`,משה סידס ובנו בעמ,,,יח`,1.50,ל-100 גרם,false,1,24.90,16.60,false,1,
7613032045753,false,פיטנס דגנים מחיטה מלאה שוקולד 375גרם,קבוצת אסם סחר,,,יח`,3.75,ל-100 גרם,false,1,19.90,5.31,true,1,
7613033548192,false,פיטנס שוקולד מריר 375 גרם,קבוצת אסם סחר,,,יח`,3.75,ל-100 גרם,false,1,19.90,5.31,true,1,
7613035622623,false,פיטנס גרנולה שקדים ודבש 300גר,קבוצת אסם סחר,,,יח`,3,ל-100 גרם,false,1,14.90,4.97,false,1,
7613035809109,false,פרפקטו רוטב עגבניות ובזיליקום 400 גר`,קבוצת אסם סחר,,,יח`,4,ל-100 גרם,false,1,8.90,2.23,false,1,
7613035809857,false,פרפקטו רוטב עגבניות לבישול 400 גר`,קבוצת אסם סחר,,,יח`,4,ל-100 גרם,false,1,8.90,2.23,false,1,
7613036314114,false,נס קפה גולד 200 גר`,קבוצת אסם סחר,,,יח`,2,ל-100 גרם,false,1,47.90,23.95,false,1,
7613036387798,false,פיטנס דגני בוקר יוגורט 350 גר`,קבוצת אסם סחר,,,יח`,3.50,ל-100 גרם,false,1,19.90,5.69,true,1,
7613036520492,false,פרפקטו רוטב עגבניות לפיצה 400 גר`,קבוצת אסם סחר,,,יח`,4,ל-100 גרם,false,1,8.90,2.23,false,1,
7613036576734,false,חמשושים 60 גר`,נגה גלידות שותפות מוגבלת,,,יח`,0.60,ל-100 גרם,false,1,7.90,13.17,true,1,
7613036976695,false,פאוץ פריסקיז בקר 85 גר,שחורי אריה ואנסטסיה,,,יח`,0.85,ל-100 גרם,false,1,4.90,5.76,false,1,
7613037686906,false,פיטנס דגני בוקר שקדים ודבש 355גר,קבוצת אסם סחר,,,יח`,3.55,ל-100 גרם,false,1,19.90,5.61,true,1,
7613038451954,false,קראנץ שוקולד מופחת סוכר 410 גרם,קבוצת אסם סחר,,,יח`,4.10,ל-100 גרם,false,1,19.90,4.85,true,1,
7613039547731,false,גרבר מחית תפוח משמש פאוץ` 90 גר`,קבוצת אסם סחר,,,יח`,9,ל-100 גרם,false,1,5.90,0.66,true,1,
7613039770450,false,טבעול בורגר צמחוני סנסשיונל 226 גר`,קבוצת אסם סחר,,,יח`,2.26,ל-100 גרם,false,1,34.90,15.44,true,1,
7613039771174,false,טבעול טחון צמחוני סנסשיונל 400 גר`,קבוצת אסם סחר,,,יח`,4,ל-100 גרם,false,1,34.90,8.73,true,1,
7613287155894,false,"גרבר מחית אפרסק פאוצ` כשל""פ 90 גר",קבוצת אסם סחר,,,יח`,9,ל-100 גרם,false,1,5.90,0.66,true,1,
7613287302373,false,קפסולות סטארבקס איטלאן רוסט 12 יח`,קבוצת אסם סחר,,,יח`,0.57,ל-100 גרם,false,1,21.90,38.42,true,1,
7613287325853,false,רוטב ספייסי איולי לחיץ 295 גרם אסם,קבוצת אסם סחר,,,יח`,2.95,ל-100 גרם,false,1,12.90,4.37,true,1,
7613287394323,false,מולטי צ`יריוס 600גר`,קבוצת אסם סחר,,,יח`,6,ל-100 גרם,false,1,24.90,4.15,false,1,
7613287476494,false,רוטב מיונז לחיץ 280 גרם,קבוצת אסם סחר,,,יח`,2.80,ל-100 גרם,false,1,12.90,4.61,true,1,
7613287821348,false,טבעול נתחוני עוף טבעוני סנסשיונל 350 ג,קבוצת אסם סחר,,,יח`,3.50,ל-100 גרם,false,1,31.90,9.11,false,1,
7622010001858,false,עוגיות סנדביץ אוראו 176 גרם,דיפלומט מפיצים (1968) בע`מ,,,יח`,1.76,ל-100 גרם,false,1,8.90,5.06,true,1,
7622201050757,false,מילקה שוקולד חלב במילוי קרם קרמל 100 ג,דיפלומט מפיצים (1968) בע`מ,,,יח`,1,,false,23,5.90,5.90,false,1,
7622201139278,false,גבינת שמנת פילדלפיה 150 גר`,נטו מלינדה סחר בע`מ,,,יח`,1.50,ל-100 גרם,false,1,13.90,9.27,true,1,
7622201401900,false,עוגיות מילקה סנסיישן אוראו 156 גר`,דיפלומט מפיצים (1968) בע`מ,,,יח`,2,ל-100 גרם,false,16,10.90,5.45,false,1,
7622201521493,false,שמנת פילדלפיה שום ועשבי תיבול 150 גרם,נטו מלינדה סחר בע`מ,,,יח`,1.50,ל-100 גרם,false,1,13.90,9.27,true,1,
7622201798154,false,גבינת שמנת פילדלפיה לייט 150 גרם,נטו מלינדה סחר בע`מ,,,יח`,1.50,ל-100 גרם,false,1,13.90,9.27,true,1,
7622201801809,false,.מילקה שוקולד חלב עם אגוזים 100 גרם,דיפלומט מפיצים (1968) בע`מ,,,יח`,1,יח`,false,22,5.90,5.90,false,1,
7622201802363,false,מילקה שוקולד חלב עם צימוקים ואגוזים 10,דיפלומט מפיצים (1968) בע`מ,,,יח`,1,,false,22,5.90,5.90,false,1,
7622201802394,false,מילקה שוקולד חלב 100 גרם,דיפלומט מפיצים (1968) בע`מ,,,יח`,1,,false,24,5.90,5.90,false,1,
7622201813390,false,מילקה וופל במילוי קרם קקאו 150גר,דיפלומט מפיצים (1968) בע`מ,,,יח`,2,ל-100 גרם,false,14,10.90,5.45,false,1,
7622201823733,false,עוגיות מילקה ת`ינס דקות 151 גרם,דיפלומט מפיצים (1968) בע`מ,,,יח`,1.51,ל-100 גרם,false,14,10.90,7.22,false,1,
7622210078131,false,שוקולד מילקה חלב עם דיים 100 גר`,דיפלומט מפיצים (1968) בע`מ,,,יח`,1,,false,22,5.90,5.90,false,1,
7622210163899,false,מילקה שוקולד חלב עם עדשים 100 גר`,דיפלומט מפיצים (1968) בע`מ,,,יח`,1,,false,22,5.90,5.90,false,1,
7622210453327,false,מילקה סנסיישן 156 גר,דיפלומט מפיצים (1968) בע`מ,,,יח`,1.56,ל-100 גרם,false,1,10.90,6.99,false,1,
7622210464729,false,אוראו גולדן 154 גר`,דיפלומט מפיצים (1968) בע`מ,,,יח`,1.54,ל-100 גרם,false,1,8.90,5.78,false,1,
7622210826053,false,מילקה שוקולד אוראו סנדוויץ 100 גרם,דיפלומט מפיצים (1968) בע`מ,,,יח`,1,,false,22,5.90,5.90,false,1,
7622210835338,false,עוגיות סנדביץ אוראו בראוניז 176 גרם,דיפלומט מפיצים (1968) בע`מ,,,יח`,0.1760,ל-100 גרם,false,12,8.90,50.57,true,1,
7622300270506,false,מילקה שיבולת שועל שוקולד 168גר,דיפלומט מפיצים (1968) בע`מ,,,יח`,1.68,ל-100 גרם,false,16,10.90,6.49,false,1,
7622300441715,false,מילקה ביסקוויט שוקו מיני,דיפלומט מפיצים (1968) בע`מ,,,יח`,2,ל-100 גרם,false,16,10.90,5.45,false,1,
7622300489434,false,אוראו פאדג` שוקולד חלב 246 גר`,דיפלומט מפיצים (1968) בע`מ,,,יח`,0.2460,ל-100 גרם,false,10,17.90,72.76,true,1,
7622300495046,false,מילקה שוקולד אקסטרה קקאו 100 גרם,דיפלומט מפיצים (1968) בע`מ,,,יח`,1,,false,23,5.90,5.90,false,1,
7622300503079,false,מילקה ביסקוויט מצופה שוקולד חלב 200גר,דיפלומט מפיצים (1968) בע`מ,,,יח`,2,ל-100 גרם,false,16,10.90,5.45,false,1,
7622300617820,false,מילקה שוקולד אוראו 100 גרם,דיפלומט מפיצים (1968) בע`מ,,,יח`,1,,false,22,5.90,5.90,false,1,
7622400005190,false,מילקה שוקולד חלב במילוי קרם קרמל 100 ג,דיפלומט מפיצים (1968) בע`מ,,,יח`,1,,false,1,5.90,5.90,false,1,
7630477891639,false,קפסולות סטארבקס ורונה 12 יח`,קבוצת אסם סחר,,,יח`,0.57,ל-100 גרם,false,1,21.90,38.42,true,1,
7630477891653,false,קפסולות סטארבקס אספרסו נטול 12 יח`,קבוצת אסם סחר,,,יח`,0.57,ל-100 גרם,false,1,21.90,38.42,true,1,
7630477891691,false,קפסולות סטארבקס קולומביה 12 יח`,קבוצת אסם סחר,,,יח`,0.57,ל-100 גרם,false,1,21.90,38.42,true,1,
7630477891714,false,קפסולות סטארבקס אספרסו 12 יח`,קבוצת אסם סחר,,,יח`,0.57,ל-100 גרם,false,1,21.90,38.42,true,1,
7630477891738,false,קפסולות סטארבקס אספרסו בלונד 12 יח`,קבוצת אסם סחר,,,יח`,0.57,ל-100 גרם,false,1,21.90,38.42,true,1,
7638900248357,false,סוללות אנרג`ייזר ליתיום 2032 זוג ריפרש,דנאגיס בעמ,,,יח`,1,,false,1,17.90,17.90,false,1,
7702024074625,false,פיטנס חטיפי קרקר 234 גר`,קבוצת אסם סחר,,,יח`,0.2340,ל-100 גרם,false,1,11.90,50.85,true,1,
7702024258322,false,פיטנס חטיפי קרקר עם ציה וזרעי פש 234 ג,קבוצת אסם סחר,,,יח`,0.2340,ל-100 גרם,false,1,11.90,50.85,false,1,
7702174066631,false,סוכריות לקקנים בטעם פין פופ 216 גרם,ליימן שליסל בע`מ,,,יח`,1.80,ל-100 גרם,false,20,7.90,4.39,false,1,
7702174068826,false,סוכריות לקקן יוגטה פירות 12יח 216גר,ליימן שליסל בע`מ,,,יח`,2.16,ל-100 גרם,false,16,10.90,5.05,false,1,
7777555502060,false,כף טיגון נירוסטה איכותית,ד.ג.ש ייבוא ושיווק בעמ,,,יח`,1,,false,1,15,15,false,1,
7777555502077,false,תרווד נירוסטה איכותית,ד.ג.ש ייבוא ושיווק בעמ,,,יח`,1,,false,1,15,15,false,1,
7777555502091,false,מצקת,ד.ג.ש ייבוא ושיווק בעמ,,,יח`,1,,false,1,15,15,false,1,
7777555502244,false,מארז 50 בלונים,ד.ג.ש ייבוא ושיווק בעמ,,,יח`,1,,false,1,12.90,12.90,false,1,
7777555503784,false,דבק מהיר סופר גלו,ד.ג.ש ייבוא ושיווק בעמ,,,יח`,1,,false,1,9.90,9.90,false,1,
7777555503906,false,שפריצר מיכל אלומיניום,ד.ג.ש ייבוא ושיווק בעמ,,,יח`,1,,false,1,12,12,false,1,
7777555507836,false,מסננת ידית ברזל 15 סמ,ד.ג.ש ייבוא ושיווק בעמ,,,יח`,1,,false,1,12,12,false,1,
7777555508406,false,מברשת לניקוי מגהץ,ד.ג.ש ייבוא ושיווק בעמ,,,יח`,1,,false,1,6,6,false,1,
7777555509991,false,קרש חיתוך תמונה,ד.ג.ש ייבוא ושיווק בעמ,,,יח`,1,,false,1,30,30,false,1,
7777555510409,false,משקפי קריאה,ד.ג.ש ייבוא ושיווק בעמ,,,יח`,1,,false,1,12.90,12.90,true,1,
7777555510799,false,דבק מהיר,ד.ג.ש ייבוא ושיווק בעמ,,,יח`,1,,false,1,5.90,5.90,false,1,
7777555510836,false,סט 3 קופסאות אחסון,ד.ג.ש ייבוא ושיווק בעמ,,,יח`,1,,false,1,19.90,19.90,false,1,
7777555512830,false,רשת צלייה איכותית M,ד.ג.ש ייבוא ושיווק בעמ,,,יח`,1,,false,1,14.90,14.90,false,1,
7777555513066,false,כף גלידה מקצועית,ד.ג.ש ייבוא ושיווק בעמ,,,יח`,1,,false,1,19.90,19.90,false,1,
7777555514858,false,מסננת סילקיון מתקפלת עגולה,ד.ג.ש ייבוא ושיווק בעמ,,,יח`,1,,false,1,19.90,19.90,false,1,
7777555515190,false,מצקת,ד.ג.ש ייבוא ושיווק בעמ,,,יח`,1,,false,1,14.90,14.90,false,1,
7777555515305,false,מלחייה מעוצבת,ד.ג.ש ייבוא ושיווק בעמ,,,יח`,1,,false,1,7.90,7.90,false,1,
7777884400105,false,קערת נירוסטה S,ד.ג.ש ייבוא ושיווק בעמ,,,יח`,1,,false,1,9.90,9.90,false,1,
7777886600015,false,סט תפירה,ד.ג.ש ייבוא ושיווק בעמ,,,יח`,0,יח`,false,1,6.90,6.90,false,1,
7777886600077,false,שלישית פותחנים,ד.ג.ש ייבוא ושיווק בעמ,,,יח`,1,,false,1,4.90,4.90,false,1,
7777886600084,false,שישיית מזלגות,ד.ג.ש ייבוא ושיווק בעמ,,,יח`,1,,false,1,9.90,9.90,false,1,
7777886600091,false,שישיית כפיות,ד.ג.ש ייבוא ושיווק בעמ,,,יח`,1,,false,1,7.90,7.90,false,1,
7777886600107,false,שישיית כפות,ד.ג.ש ייבוא ושיווק בעמ,,,יח`,1,,false,1,5.90,5.90,false,1,
7777886600121,false,מסנן כיור פרפר,ד.ג.ש ייבוא ושיווק בעמ,,,יח`,0,יח`,false,1,4.90,4.90,false,1,
7777886600176,false,פומפה 4 כיוונים,ד.ג.ש ייבוא ושיווק בעמ,,,יח`,1,,false,1,24.90,24.90,false,1,
7777886600350,false,סט כפות במבוק איכותיות,ד.ג.ש ייבוא ושיווק בעמ,,,יח`,1,,false,1,10,10,false,1,
7777886600619,false,פומפה נירוסטה ענקית,ד.ג.ש ייבוא ושיווק בעמ,,,יח`,1,,false,1,29.90,29.90,false,1,
7777886602194,false,אטבי כביסה סופר מילניום,ד.ג.ש ייבוא ושיווק בעמ,,,יח`,1,,false,1,19.90,19.90,false,1,
7777886602330,false,מטאטא רומנה,ד.ג.ש ייבוא ושיווק בעמ,,,יח`,1,,false,1,19.90,19.90,false,1,
7777886603153,false,שישיית קולבים פלסטיק,ד.ג.ש ייבוא ושיווק בעמ,,,יח`,1,,false,1,8.90,8.90,false,1,
7777886603221,false,אטבי כביסה עץ,ד.ג.ש ייבוא ושיווק בעמ,,,יח`,1,,false,1,9.90,9.90,false,1,
7777886603832,false,קרש חיתוך מעוצב פלסטיק,ד.ג.ש ייבוא ושיווק בעמ,,,יח`,1,,false,1,19.90,19.90,false,1,
7777886604907,false,מחבת יציקה איכותית 24 wood editrion,ד.ג.ש ייבוא ושיווק בעמ,,,יח`,1,,false,1,49.90,49.90,false,1,
7777886605720,false,סט טריו 3 קופסאות אחסון,ד.ג.ש ייבוא ושיווק בעמ,,,יח`,1,,false,1,19.90,19.90,false,1,
7777886605942,false,מתלי מגבות נדבקים,ד.ג.ש ייבוא ושיווק בעמ,,,יח`,1,,false,1,5.90,5.90,false,1,
7777886606147,false,סביבון חד קרן,ד.ג.ש ייבוא ושיווק בעמ,,,יח`,1,,false,1,14.90,14.90,false,1,
7777886606185,false,סביבון COOL,ד.ג.ש ייבוא ושיווק בעמ,,,יח`,1,,false,1,9.90,9.90,false,1,
7777886606192,false,סביבון קשת,ד.ג.ש ייבוא ושיווק בעמ,,,יח`,1,,false,1,14.90,14.90,false,1,
7777886700173,false,סט כפות מדידה,ד.ג.ש ייבוא ושיווק בעמ,,,יח`,1,,false,1,9.90,9.90,false,1,
7777999900132,false,מלחיה זכוכית,ד.ג.ש ייבוא ושיווק בעמ,,,יח`,1,,false,1,3,3,false,1,
7777999910223,false,קערת נירוסטה M,ד.ג.ש ייבוא ושיווק בעמ,,,יח`,1,,false,1,15,15,false,1,
7777999911374,false,סבוניה וואקום,ד.ג.ש ייבוא ושיווק בעמ,,,יח`,1,,false,1,9.90,9.90,false,1,
7778999901778,false,כללי טקסטיל,ד.ג.ש ייבוא ושיווק בעמ,,,יח`,1,,false,1,19.90,19.90,false,1,
7792860006218,false,סוכריות על מקל בייבי דול רביעייה,משה סידס ובנו בעמ,,,יח`,1,יח`,false,1,2,2,false,1,
7891024030974,false,קולגייט משחת שיניים טריפל אקשן,ש. שסטוביץ בע`מ,,,יח`,0.75,"ל-100 מ""ל",false,1,26.90,35.87,false,1,
7891024124826,false,קולגייט משחת שיניים אופטיק וייט 75גר`,ש. שסטוביץ בע`מ,,,יח`,0.75,ל-100 גרם,false,1,19.90,26.53,false,1,
8000380003723,false,וופלים גרנד פטיסרי במילוי קרם אגוזים 100,ליימן שליסל בע`מ,,,יח`,1,ל-100 גרם,false,18,12.90,12.90,true,1,
8000380003761,false,וופלים גרנד פטיסרי במילוי קרם קוקוס 100,ליימן שליסל בע`מ,,,יח`,1,ל-100 גרם,false,18,12.90,12.90,true,1,
8000380004669,false,וופל קקאו 200 גרם,ליימן שליסל בע`מ,,,יח`,2,ל-100 גרם,false,18,12.90,6.45,true,1,
8000380004911,false,וופל קואדרטיני בטעם אגוזים 250 גרם,ליימן שליסל בע`מ,,,יח`,2.50,ל-100 גרם,false,18,14.90,5.96,false,1,
8000380004966,false,וופל קואדרטיני בטעם קקאו 250 גרם,ליימן שליסל בע`מ,,,יח`,2.50,ל-100 גרם,false,1,14.90,5.96,false,1,
8000380005918,false,וופל קואדרטיני אגוז 125גר,ליימן שליסל בע`מ,,,יח`,1.25,ל-100 גרם,false,12,7.90,6.32,true,1,
8000380005963,false,וופל קואדרטיני שוקולד 125גר,ליימן שליסל בע`מ,,,יח`,1.25,ל-100 גרם,false,12,7.90,6.32,true,1,
8000380007219,false,וופל לואקר ממולא קרם אגוזים 175 גרם,ליימן שליסל בע`מ,,,יח`,1.75,ל-100 גרם,false,18,10.90,6.23,false,1,
8000380007257,false,וופל גרדנה במילוי קרם אגוזים מצופה,ליימן שליסל בע`מ,,,יח`,2,ל-100 גרם,false,10,14.90,7.45,true,1,
8000380007264,false,וופל לואקר ממולא קרם קקאו 175 גרם,ליימן שליסל בע`מ,,,יח`,1.75,ל-100 גרם,false,18,10.90,6.23,false,1,
8000380007271,false,וופל לואקר ממולא קרם חלב 175 גרם,ליימן שליסל בע`מ,,,יח`,1.75,ל-100 גרם,false,1,10.90,6.23,false,1,
8000380106028,false,לואקר טורטינה חלב 6*21 גרם,ליימן שליסל בע`מ,,,יח`,1.25,ל-100 גרם,false,24,16.90,13.52,false,1,
8000380142484,false,וופל קואדרטיני שוקו מריר,ליימן שליסל בע`מ,,,יח`,2.50,ל-100 גרם,false,18,14.90,5.96,false,1,
8000380144044,false,וופל גרדנה מצופה וממולא שוק` חלב 200,ליימן שליסל בע`מ,,,יח`,2,ל-100 גרם,false,10,14.90,7.45,true,1,
8000380148035,false,וופלים גרנד פטיסרי מריר 100 גרם,ליימן שליסל בע`מ,,,יח`,1,ל-100 גרם,false,18,12.90,12.90,true,1,
8000380153534,false,לואקר טורטינה לבן 6*21 גרם,ליימן שליסל בע`מ,,,יח`,1.25,ל-100 גרם,false,24,16.90,13.52,false,1,
8000380157587,false,לואקר שוקולד 262 גר`,ליימן שליסל בע`מ,,,יח`,2.62,ל-100 גרם,false,1,13.90,5.31,true,1,
8000380180721,false,וופל לואקר קלאסיק שוקו חלב 175 גרם,ליימן שליסל בע`מ,,,יח`,1.75,ל-100 גרם,false,18,10.90,6.23,false,1,
8000380180745,false,וופל קואדרטיני שוקו חלב 250 גרם,ליימן שליסל בע`מ,,,יח`,2.50,ל-100 גרם,false,1,14.90,5.96,false,1,
8000380180837,false,גרנד פטיסרי במילוי קרם קוקוס,ליימן שליסל בע`מ,,,יח`,1,ל-100 גרם,false,18,12.90,12.90,true,1,
8000380187249,false,עוגיות לואקר שקדים 100 גר`,ליימן שליסל בע`מ,,,יח`,1,ל-100 גרם,false,1,13.90,13.90,false,1,
8000380192588,false,וופל קואדרטיני דאבל שוקולד 250 גרם,ליימן שליסל בע`מ,,,יח`,2.50,ל-100 גרם,false,1,14.90,5.96,false,1,
8000380201396,false,לואקר טורטינה קרמל 6*21 גרם,ליימן שליסל בע`מ,,,יח`,1.25,ל-100 גרם,false,24,16.90,13.52,false,1,
8000380206896,false,וופל גרדנה במילוי חמאת בוטנים 200 גרם,ליימן שליסל בע`מ,,,יח`,2,ל-100 גרם,false,10,14.90,7.45,true,1,
8000380207183,false,לואקר טורטינה חמאת בוטנים 6*21 גרם,ליימן שליסל בע`מ,,,יח`,1.25,ל-100 גרם,false,24,16.90,13.52,false,1,
8000500023624,false,קינדר Happy Hippo ופל במילוי קרם 5יח,פרימיום חברה לדברי מתיקה ולמסח,,,יח`,1.30,ל-100 גרם,false,1,12.90,9.92,false,1,
8000500023976,false,בונבוניירה רפאלו 150 גרם,פרימיום חברה לדברי מתיקה ולמסח,,,יח`,1.50,ל-100 גרם,false,1,17.90,11.93,false,1,
8000500026731,false,ביצת קינדר JOY,פרימיום חברה לדברי מתיקה ולמסח,,,יח`,0.60,ל-100 גרם,false,1,14.90,24.83,false,1,
8000500028124,false,קינדר ג`וי מארז שלישייה,פרימיום חברה לדברי מתיקה ולמסח,,,יח`,1,למארז,false,1,14.90,14.90,false,1,
8000500029350,false,חטיף קינדר בואנו שוקולד*3יח 43 גרם,פרימיום חברה לדברי מתיקה ולמסח,,,יח`,0.43,ל-100 גרם,false,1,10.90,25.35,true,1,
8000500032237,false,בונבונירה רושר 375 גרם,פרימיום חברה לדברי מתיקה ולמסח,,,יח`,3.75,ל-100 גרם,false,1,48.90,13.04,false,1,
8000500037874,false,בונבונירה רושר 200 גרם,פרימיום חברה לדברי מתיקה ולמסח,,,יח`,2,ל-100 גרם,false,1,26.90,13.45,false,1,
8000500071083,false,אצבעות שוקולד קינדר 16 יח 200 גרם,פרימיום חברה לדברי מתיקה ולמסח,,,יח`,2,ל-100 גרם,false,1,11.90,5.95,false,1,
8000500121436,false,חטיף קינדר בואנו לבן*3יח 43 גרם,פרימיום חברה לדברי מתיקה ולמסח,,,יח`,1.29,ל-100 גרם,false,1,10.90,8.45,true,1,
8000500126325,false,ביצת קינדר Joy עם הפתעה ורוד 3*20 גרם,פרימיום חברה לדברי מתיקה ולמסח,,,יח`,0.60,ל-100 גרם,false,1,14.90,24.83,false,1,
8000500167656,false,קינד שוקולד עם דגנים 4 יח`,פרימיום חברה לדברי מתיקה ולמסח,,,יח`,0,ל-100 גרם,false,1,7.90,7.90,false,1,
8000500227848,false,נוטלה B-READY,פרימיום חברה לדברי מתיקה ולמסח,,,יח`,1.32,ל-100 גרם,false,1,11.90,9.02,true,1,
8000500247167,false,פררו קולקשיין 249 גר`,פרימיום חברה לדברי מתיקה ולמסח,,,יח`,2.49,ל-100 גרם,false,1,44.90,18.03,false,1,
8000500267103,false,קינדר דליס עוגות אישיות,פרימיום חברה לדברי מתיקה ולמסח,,,יח`,0.35,ל-100 גרם,false,1,19.90,56.86,true,1,
8000500269169,false,קינדר קארדס חמישיה *5 25.6 גרם,פרימיום חברה לדברי מתיקה ולמסח,,,יח`,12.80,ל-100 גרם,false,1,12.90,1.01,false,1,
8000500386941,false,נוטלה 900 גרם,פרימיום חברה לדברי מתיקה ולמסח,,,יח`,10,ל-100 גרם,false,1,30.90,3.09,false,1,
8001090206930,false,"מרכך לנור לבן 750 מ""ל",איינשטיין צור-יבוא-יצוא וסחר ב,,,יח`,7.50,"ל-100 מ""ל",false,1,12.90,1.72,true,1,
8001090336354,false,חיתולי פמפרס בייבי דריי מידה 2 46 יח`,דיפלומט מפיצים (1986) בע`מ,,,יח`,1,יח`,false,1,34.90,34.90,true,1,
8001090336491,false,חיתולי פמפרס בייבי דריי מידה 4+ 31 יח`,דיפלומט מפיצים (1986) בע`מ,,,יח`,1,יח`,false,1,34.90,34.90,true,1,
8001090336521,false,חיתולי פמפרס בייבי דריי מידה 5 30 יח` `,דיפלומט מפיצים (1986) בע`מ,,,יח`,1,יח`,false,1,34.90,34.90,true,1,
8001090336606,false,חיתולי פמפרס בייבי דריי מידה 6 26 יח`,דיפלומט מפיצים (1986) בע`מ,,,יח`,1,יח`,false,1,34.90,34.90,true,1,
8001090379368,false,חיתולי פמפרס פרמיום VP מידה 4 34 יח`,דיפלומט מפיצים (1986) בע`מ,,,יח`,1,יח`,false,1,31.90,31.90,false,1,
8001090458353,false,פיירי אנטי בקטריאלי 515 מל`,דיפלומט מפיצים (1986) בע`מ,,,יח`,5.15,"ל-100 מ""ל",false,1,10.90,2.12,false,1,
8001090493637,false,שמפו שולדרס אולטרא 450 מל`,דיפלומט מפיצים (1986) בע`מ,,,יח`,4.50,"ל-100 מ""ל",false,6,18.90,4.20,false,1,
8001090580122,false,שמפו שולדרס סופרים משקם 400 מ`ל,דיפלומט מפיצים (1986) בע`מ,,,יח`,4,"ל-100 מ""ל",false,6,18.90,4.73,false,1,
8001090721099,false,.אריאל קפסולות לכביסה רגיל 24 יח`,דיפלומט מפיצים (1986) בע`מ,,,יח`,1,ל-100 גרם,false,1,34.90,34.90,false,1,
8001090721129,false,אריאל קפסולות לכביסה קולור 24 יח`,דיפלומט מפיצים (1986) בע`מ,,,יח`,1,ל-100 גרם,false,1,34.90,34.90,false,1,
8001090745903,false,טייד אלפיין 4 ק`ג,דיפלומט מפיצים (1986) בע`מ,,,יח`,40,"ל-100 מ""ל",false,3,29.90,0.75,false,1,
8001090802385,false,טייד קפסולות לכביסה בניחוח לנור 26נ יח,דיפלומט מפיצים (1986) בע`מ,,,יח`,4.50,ל-100 גרם,false,3,29.90,6.64,false,1,
8001090832535,false,"פנטן שמפו שמן מרוקאי משקם 660 מ""ל",דיפלומט מפיצים (1986) בע`מ,,,יח`,6.60,"ל-100 מ""ל",false,6,18.90,2.86,false,1,
8001090832573,false,"פנטן שמפו לחות מוגברת 660 מ""ל",דיפלומט מפיצים (1986) בע`מ,,,יח`,6.60,"ל-100 מ""ל",false,6,18.90,2.86,false,1,
8001090832696,false,"פנטן שמפו לתלתלים מושלמים 660 מ""ל",דיפלומט מפיצים (1986) בע`מ,,,יח`,6.60,"ל-100 מ""ל",false,6,18.90,2.86,false,1,
8001090832771,false,"פנטן שמפו להזנת קרטין 660 מ""ל",דיפלומט מפיצים (1986) בע`מ,,,יח`,6.60,"ל-100 מ""ל",false,6,18.90,2.86,false,1,
8001090832818,false,"פנטן מרכך נוסחה קלאסית 660 מ""ל",דיפלומט מפיצים (1986) בע`מ,,,יח`,6.60,"ל-100 מ""ל",false,6,18.90,2.86,false,1,
8001090833167,false,אריאל ג`ל 2.47 ל`בניחוח הרים,דיפלומט מפיצים (1986) בע`מ,,,יח`,2.3650,"ל-100 מ""ל",false,4,29.90,12.64,false,1,
8001090833198,false,אריאל ג`ל 2.47 ל`בניחוח מרענן,דיפלומט מפיצים (1986) בע`מ,,,יח`,2.3650,"ל-100 מ""ל",false,4,29.90,12.64,false,1,
8001090833228,false,אריאל ג`ל כביסה קולור 2.365 ל`,דיפלומט מפיצים (1986) בע`מ,,,יח`,2.3650,"ל-100 מ""ל",false,4,29.90,12.64,false,1,
8001090899194,false,אולוויז פלטינום נורמל 24 יח`,דיפלומט מפיצים (1986) בע`מ,,,יח`,0,ל-100 גרם,false,1,19.90,19.90,false,1,
8001090899224,false,אולוויז פלטינום לונג 20 יח`,דיפלומט מפיצים (1986) בע`מ,,,יח`,1,ל-100 גרם,false,1,19.90,19.90,true,1,
8001160000888,false,"גטורייד ספורט תפוז 500 מ""ל",טמפו משקאות בע`מ,,,יח`,5,"ל-100 מ""ל",false,1,9.90,1.92,false,1,
8001160001786,false,"גטורייד ספורט כחול 500 מ""ל",טמפו משקאות בע`מ,,,יח`,5,"ל-100 מ""ל",false,1,9.90,1.92,false,1,
8001160001892,false,"גטורייד ספורט תפוז אדום 500 מ""ל",טמפו משקאות בע`מ,,,יח`,5,"ל-100 מ""ל",false,1,9.90,1.92,false,1,
8001250110015,false,דפי לזניה מקמח דורום 500 גרם,רסטרטו יבוא ושיווק בעמ,,,יח`,5,ל-100 גרם,false,1,17.90,3.58,false,1,
8001250152015,false,פפרדלה פסטה דורום 500 גרם,רסטרטו יבוא ושיווק בעמ,,,יח`,5,ל-100 גרם,false,1,15.90,3.18,false,1,
8001250152336,false,פטוצ`יני פסטה דורום 500 גרם,רסטרטו יבוא ושיווק בעמ,,,יח`,5,ל-100 גרם,false,1,15.90,3.18,false,1,
8001250201003,false,קנלוני צינורות פסטה ביצים 250 גרם,רסטרטו יבוא ושיווק בעמ,,,יח`,2.50,ל-100 גרם,false,1,16.90,6.76,false,1,
8001620011935,false,סאן בנדטו מים מוגז עדין 6*500 מל,טמפו משקאות בע`מ,,,יח`,30,"ל-100 מ""ל",false,4,13.90,0.40,true,1,
8001620015636,false,"סן בנדטו מיקס פירות 400 מ""ל",טמפו משקאות בע`מ,,,יח`,4,"ל-100 מ""ל",false,1,5.90,1.40,false,1,
8001620017456,false,סאן בנדטו מים מינרלים ספורט 500 מל`,טמפו משקאות בע`מ,,,יח`,30,"ל-100 מ""ל",false,4,13.40,0.44,false,1,
8001620018408,false,"סן בנדטו מנגו תפוח 400 מ""ל",טמפו משקאות בע`מ,,,יח`,4,"ל-100 מ""ל",false,1,5.90,1.40,false,1,
8001841077949,false,מגבוני פמפרס פרש 52 יח*4,דיפלומט מפיצים (1986) בע`מ,,,יח`,1,יח`,false,1,19.90,19.90,false,1,
8001841375762,false,"מרכך לנור גולד 750 מ""ל",איינשטיין צור-יבוא-יצוא וסחר ב,,,יח`,7.50,"ל-100 מ""ל",false,1,12.90,1.72,true,1,
8001841375809,false,"מרכך לנור סגול 750 מ""ל",איינשטיין צור-יבוא-יצוא וסחר ב,,,יח`,7.50,"ל-100 מ""ל",false,1,12.90,1.72,true,1,
8001841376042,false,"מרכך לנור שחור 750 מ""ל",איינשטיין צור-יבוא-יצוא וסחר ב,,,יח`,7.50,"ל-100 מ""ל",false,1,12.90,1.72,true,1,
8001841625188,false,"פיירי פלטינום לימון החדש 515 מ""ל",דיפלומט מפיצים (1986) בע`מ,,,יח`,5.15,"ל-100 מ""ל",false,1,10.90,2.12,false,1,
8001841669465,false,אריאל קפסולות לכביסה בניחוח לנור 27 יח`,דיפלומט מפיצים (1986) בע`מ,,,יח`,1,ל-100 גרם,false,3,34.90,34.90,false,1,
8001841669519,false,אריאל קפוסלות לכביסה 55 יח`,דיפלומט מפיצים (1986) בע`מ,,,יח`,1,ל-100 גרם,false,1,54.90,54.90,false,1,
8001841893990,false,טבליות למדיח פלטינום פלוס 30 טבליות,דיפלומט מפיצים (1986) בע`מ,,,יח`,1,,false,1,34.90,34.90,false,1,
8001841941929,false,אלוויז תחבושות לילה 16 יח`,דיפלומט מפיצים (1986) בע`מ,,,יח`,1,ל-100 גרם,false,1,19.90,19.90,true,1,
8001841958460,false,פיירי טבליות למדיח פלטינום 48 יח`,דיפלומט מפיצים (1986) בע`מ,,,יח`,1,,false,1,34.90,34.90,false,1,
8001841960081,false,טבליות למדיח פלטינום 37 יח`,דיפלומט מפיצים (1986) בע`מ,,,יח`,1,,false,1,34.90,34.90,false,1,
8001906997281,false,"בנרו פינו גריג`יו יין לבן יבש 750 מ""ל",דולינה טרייד בעמ,,,יח`,7.50,"ל-100 מ""ל",false,1,34.90,4.61,false,1,
8001943549122,false,צ`וקטה מטבעות שוקולד חלב,ש. שסטוביץ בע`מ,,,יח`,0.40,ל-100 גרם,false,40,4.90,12.25,true,1,
8002270015656,false,"מים סאן פלגרינו 750 מ""ל",טמפו משקאות בע`מ,,,יח`,7.50,"ל-100 מ""ל",false,1,9.90,1.28,false,1,
8002270866524,false,סאן פלגרינו 1ל,טמפו משקאות בע`מ,,,יח`,10,"ל-100 מ""ל",false,6,8.90,0.86,false,1,
8002450409206,false,"ורדי יין אפרסק כשל""פ 750מל",הכרם -משקאות חריפים בע`מ,,,יח`,7.50,"ל-100 מ""ל",false,1,27.90,3.68,false,1,
8004030022010,false,ריו מארה אינסלטיסימי ירקות גינה עם טונ,ש. שסטוביץ בע`מ,,,יח`,1.60,ל-100 גרם,false,1,17.90,11.19,false,1,
8004030026018,false,ריו מארה אינסלטיסימי מקסיקני עם טונה,ש. שסטוביץ בע`מ,,,יח`,1.60,ל-100 גרם,false,1,17.90,11.19,false,1,
8004030102033,false,טונה ריו בשמן זית עם לימון ופלפל 3יח*8,ש. שסטוביץ בע`מ,,,יח`,2.40,ל-100 גרם,false,1,25.90,10.79,false,1,
8004030344938,false,טונה ריו בשמן זית 3יח *80גר,ש. שסטוביץ בע`מ,,,יח`,2.40,ל-100 גרם,false,1,25.90,10.79,false,1,
8004030381681,false,ריו מארה טונה בשמן זית זוגות 160 גר`,ש. שסטוביץ בע`מ,,,יח`,3.20,ל-100 גרם,false,1,32.90,10.28,false,1,
8005110002243,false,רכז עגבניות בשפורפרת מוטי 185 גר`,רסטרטו יבוא ושיווק בעמ,,,יח`,1.85,ל-100 גרם,false,1,7.90,4.27,false,1,
8005110002557,false,רוטב עגבניות רומא לפסטה 400 גרם,רסטרטו יבוא ושיווק בעמ,,,יח`,4,ל-100 גרם,false,1,12.90,3.23,false,1,
8005110060106,false,מארז עגבניות מקולפות 400*2 מוטי,רסטרטו יבוא ושיווק בעמ,,,יח`,8,ל-100 גרם,false,1,13.90,1.74,false,1,
8005110170300,false,מוטי עגבניות שלישייה חתוכות 400 גרם,רסטרטו יבוא ושיווק בעמ,,,יח`,4,ל-100 גרם,false,1,17.90,4.48,true,1,
8005110171215,false,עגבניות חתוכות 690 גרם מוטי,רסטרטו יבוא ושיווק בעמ,,,יח`,6.90,ל-100 גרם,false,1,13.90,2.01,false,1,
8005110191015,false,רסק עגבניות ובזיליקום 700 גר` מוטי,רסטרטו יבוא ושיווק בעמ,,,יח`,7,ל-100 גרם,false,1,11.90,1.70,false,1,
8005110550508,false,עגבניות שרי MUTTI 400 גרם,רסטרטו יבוא ושיווק בעמ,,,יח`,4,ל-100 גרם,false,1,9.90,2.48,false,1,
8005110551253,false,רוטב לפיצה MUTTI 400 גרם,רסטרטו יבוא ושיווק בעמ,,,יח`,1,יח`,false,1,8.90,8.90,false,1,
8005200256587,false,תה קר נסטי אפרסק 1.5 ליטר כל`פ,טמפו משקאות בע`מ,,,יח`,15,"ל-100 מ""ל",false,12,7.90,0.51,false,1,
8005200286584,false,תה קר נסטי מנגו אננס 1.5 ליטר פיקדון,טמפו משקאות בע`מ,,,יח`,15,"ל-100 מ""ל",false,6,7.90,0.51,false,1,
8005200316588,false,תה קר נסטי אפרסק דיאט 1.5 ליטר פיקדון,טמפו משקאות בע`מ,,,יח`,15,"ל-100 מ""ל",false,12,7.90,0.51,false,1,
8005803010371,false,גריסיני רוזמרין 125 גרם,ליימן שליסל בע`מ,,,יח`,1.25,ל-100 גרם,false,1,7.90,6.32,false,1,
8006540352960,false,טמפקס פרל רגול 20יח,דיפלומט מפיצים (1986) בע`מ,,,יח`,0,ל-100 גרם,false,1,27.80,27.80,false,1,
8006540425930,false,אריאל קפסולות לכמים קשים 24 יח,דיפלומט מפיצים (1986) בע`מ,,,יח`,1,ל-100 גרם,false,3,34.90,34.90,false,1,
8006540566701,false,אריאל ג`ל כתמים קשים 1.925 ק,דיפלומט מפיצים (1986) בע`מ,,,יח`,2.2250,"ל-100 מ""ל",false,4,29.90,13.44,false,1,
8007178120310,false,חומץ בלסמי דמונדה 500 מל,דיפלומט מפיצים (1968) בע`מ,,,יח`,5,"ל-100 מ""ל",false,12,21.90,4.38,false,1,
8007520024426,false,מור. יוניקו מונופרוטאין עגל לכלב 150 גרם,שחורי אריה ואנסטסיה,,,יח`,1.50,ל-100 גרם,false,1,5.90,3.93,false,1,
8007520024501,false,פאוץ מיגליאור כבש 100 גרם,שחורי אריה ואנסטסיה,,,יח`,1,ל-100 גרם,false,1,4.90,4.90,false,1,
8007520024532,false,פאוץ מיגליאור הודו 100 גרם,שחורי אריה ואנסטסיה,,,יח`,1,ל-100 גרם,false,1,4.90,4.90,false,1,
8008245004861,false,ממרח אגוזי לוז וחלב 300 גר`,א.סיימן סחר בעמ,,,יח`,3,ל-100 גרם,false,1,13.90,4.63,true,1,
8008660210021,false,מעדן דובדבן 300 גר`,תה ויסוצקי בע`מ,,,יח`,3,ל-100 גרם,false,1,15.90,5.30,true,1,
8008698005231,false,עוגיות שוקולד במילוי וניל 165 גר`,לחיות יותר בטבע בעמ,,,יח`,8.40,ל-100 גרם,false,1,19.90,2.37,false,1,
8008698012857,false,ביסקוויט פתי בר חמאה ללא גלוטן 165 גר`,לחיות יותר בטבע בעמ,,,יח`,8.40,ל-100 גרם,false,1,14.90,1.77,false,1,
8008698024065,false,פאן בלנקו לחם ללא גלוטן 250 גר`,לחיות יותר בטבע בעמ,,,יח`,10,ל-100 גרם,false,1,17.90,1.79,false,1,
8008698024188,false,פאן רוסטיקו מאפה ללא גלוטן 250 גר`,לחיות יותר בטבע בעמ,,,יח`,2.50,ל-100 גרם,false,1,12.90,5.16,false,1,
8008857200057,false,פסטה רג`ייה ספגטי שטוח 500 גר`,תומר ייבוא ושיווק מוצרי מזון [,,,יח`,5,ל-100 גרם,false,1,4.90,0.98,true,1,
8008857200194,false,פסטה רג`ייה ספגטי,תומר ייבוא ושיווק מוצרי מזון [,,,יח`,5,ל-100 גרם,false,1,4.90,0.98,true,1,
8008857200200,false,פסטה רג`ייה ספגטי דק,תומר ייבוא ושיווק מוצרי מזון [,,,יח`,5,ל-100 גרם,false,1,4.90,0.98,true,1,
8008857300238,false,פסטה רג`ייה גליל 500 גר`,תומר ייבוא ושיווק מוצרי מזון [,,,יח`,5,ל-100 גרם,false,1,4.90,0.98,true,1,
8008857300344,false,פסטה רגינה,תומר ייבוא ושיווק מוצרי מזון [,,,יח`,5,ל-100 גרם,false,1,4.90,0.98,true,1,
8008857300481,false,פסטה רגינה,תומר ייבוא ושיווק מוצרי מזון [,,,יח`,5,ל-100 גרם,false,1,4.90,0.98,true,1,
8008857300603,false,פסטה רג`ייה קונכיה 500 גר`,תומר ייבוא ושיווק מוצרי מזון [,,,יח`,5,ל-100 גרם,false,1,4.90,0.98,true,1,
8008857300627,false,פסטה רג`ייה צדף 500 גר`,תומר ייבוא ושיווק מוצרי מזון [,,,יח`,5,ל-100 גרם,false,1,4.90,0.98,true,1,
8008857300634,false,פסטה רג`ייה תלתל 500 גר`,תומר ייבוא ושיווק מוצרי מזון [,,,יח`,5,ל-100 גרם,false,1,4.90,0.98,true,1,
8008857300641,false,ניוקי רגייה 500 גר`,תומר ייבוא ושיווק מוצרי מזון [,,,יח`,5,ל-100 גרם,false,1,4.90,0.98,true,1,
8008857300771,false,פסטה רג`ייה טליאטלה 500 גר`,תומר ייבוא ושיווק מוצרי מזון [,,,יח`,5,ל-100 גרם,false,1,4.90,0.98,true,1,
8008857500003,false,אטריות עגולות דקות 500 גר`,תומר ייבוא ושיווק מוצרי מזון [,,,יח`,5,ל-100 גרם,false,1,8.50,1.70,false,1,
8009470009171,false,סימבה לכלב צייד 415 גרם,שחורי אריה ואנסטסיה,,,יח`,4.15,ל-100 גרם,false,1,4,0.96,false,1,
8023678162360,false,משקה שקדים טבעי אורגני 1 ל`,לחיות יותר בטבע בעמ,,,יח`,10,"ל-100 מ""ל",false,1,15.90,1.59,false,1,
8023678164517,false,"משקה שקדים לל""ס טבעי אורגני 1 ל`",לחיות יותר בטבע בעמ,,,יח`,10,"ל-100 מ""ל",false,1,15.90,1.59,false,1,
8032880800243,false,פיקניק Gadgets הפתעה 50 גרם,ליימן שליסל בע`מ,,,יח`,0.50,ל-100 גרם,false,24,7.90,15.80,false,1,
8076800195019,false,ספגטי קאפליני מס` 1 500 גרם,ש. שסטוביץ בע`מ,,,יח`,5,ל-100 גרם,false,1,7.90,1.58,true,1,
8076800315097,false,ספגטי בוקטיני 500 גרם,ש. שסטוביץ בע`מ,,,יח`,5,ל-100 גרם,false,1,7.90,1.58,true,1,
8076802085738,false,פתיתים פנה ריגטה 500 גרם,ש. שסטוביץ בע`מ,,,יח`,5,ל-100 גרם,false,1,7.90,1.58,true,1,
8076802085837,false,פתיתים טורטיליוני 500 גרם,ש. שסטוביץ בע`מ,,,יח`,5,ל-100 גרם,false,1,7.90,1.58,true,1,
8076802085936,false,קונציליאה ריגאטי 3,ש. שסטוביץ בע`מ,,,יח`,5,ל-100 גרם,false,1,7.90,1.58,true,1,
8076802085981,false,פתיתים פוזילי 500 גרם,ש. שסטוביץ בע`מ,,,יח`,5,ל-100 גרם,false,1,7.90,1.58,true,1,
8076808050440,false,פסטה פתיתים מקרוני 44 500 גרם,ש. שסטוביץ בע`מ,,,יח`,5,ל-100 גרם,false,1,7.90,1.58,true,1,
8076808060654,false,פסטה פרפלה 65 ברילה 500 גרם,ש. שסטוביץ בע`מ,,,יח`,5,ל-100 גרם,false,1,7.90,1.58,true,1,
8076808070882,false,פסטה קנלוני 250 גרם,ש. שסטוביץ בע`מ,,,יח`,2.50,ל-100 גרם,false,1,13.90,5.56,false,1,
8076809501415,false,פתיתים ברילה מצה פנה טריקולרי 500 ג`,ש. שסטוביץ בע`מ,,,יח`,5,ל-100 גרם,false,1,12.90,2.58,false,1,
8076809512268,false,פסטה ברילה קצרה גירנדולה 500 גרם,ש. שסטוביץ בע`מ,,,יח`,5,ל-100 גרם,false,1,7.90,1.58,true,1,
8076809513388,false,ברילה רוטב אראביאטה צילי לפסטה 400 ג,ש. שסטוביץ בע`מ,,,יח`,4,ל-100 גרם,false,1,14.90,3.73,false,1,
8076809513395,false,ברילה רוטב פומודורו עם עגבניות לפסטה,ש. שסטוביץ בע`מ,,,יח`,4,ל-100 גרם,false,1,14.90,3.73,false,1,
8076809513654,false,בסיס עגבניות לרוטב בולונז 400 גרם,ש. שסטוביץ בע`מ,,,יח`,4,ל-100 גרם,false,1,14.90,3.73,false,1,
8076809513692,false,ברילה רוטב נפוליטנה לפסטה 400 גרם,ש. שסטוביץ בע`מ,,,יח`,4,ל-100 גרם,false,1,14.90,3.73,false,1,
8076809514774,false,ברילה פפרדלה איטריות ביצים 250 גרם,ש. שסטוביץ בע`מ,,,יח`,2.50,ל-100 גרם,false,1,18.90,7.56,false,1,
8076809523738,false,ברילה לזניה 500 גרם,ש. שסטוביץ בע`מ,,,יח`,5,יח`,false,1,24.90,4.98,false,1,
8076809529419,false,ספגטי מחיטה מלאה מס`5 500 גרם,ש. שסטוביץ בע`מ,,,יח`,5,ל-100 גרם,false,1,14.90,2.98,false,1,
8076809545440,false,ברילה אטריות ללא גלוטן 400 גר`,ש. שסטוביץ בע`מ,,,יח`,4,ל-100 גרם,false,1,14.90,3.73,false,1,
8076809545464,false,ברילה ספירלות ללא גלוטן 400 גר`,ש. שסטוביץ בע`מ,,,יח`,4,ל-100 גרם,false,1,14.90,3.73,false,1,
8121300206946,false,טרוביה-סטיביה ממתיק 80 שק`,גורי ע.ע.ע. בע`מ,,,יח`,1,,false,1,29.90,29.90,false,1,
8121300207004,false,טרוביה-סטיביה ממתיק בצנצנת 270 גר`,גורי ע.ע.ע. בע`מ,,,יח`,1,,false,1,34.90,34.90,false,1,
8410076600622,false,חטיף גרנולה קראנצ`י ושבבי שוקולד מריר,ליימן שליסל בע`מ,,,יח`,2.10,ל-100 גרם,false,1,19.90,9.48,true,1,
8410076610379,false,נייטשר ואלי פרוטאין בוטנים ושוקולד*4יח,ליימן שליסל בע`מ,,,יח`,2.10,ל-100 גרם,false,12,24.90,11.86,true,1,
8410076610386,false,נייטשר ואלי פרוטאין בוטנים וקרמל*4יח,ליימן שליסל בע`מ,,,יח`,2.10,ל-100 גרם,false,12,24.90,11.86,true,1,
8410076621009,false,חטיף בריאות פייבר 1 קרמל מלוח 5*24 גרם,ליימן שליסל בע`מ,,,יח`,1.20,ל-100 גרם,false,12,15.90,13.25,true,1,
8410076621047,false,חטיף בריאות פייבר 1 שוקולד 5*24 גרם,ליימן שליסל בע`מ,,,יח`,1.20,ל-100 גרם,false,12,15.90,13.25,true,1,
8410104035112,false,פיניש נוזל הברקה למדיח כלים400 מ``ל,תה ויסוצקי בע`מ,,,יח`,4,"ל-100 מ""ל",false,1,15.90,3.98,true,1,
8410104039134,false,פיניש מנקה ומחדש מדיח 250 מל,תה ויסוצקי בע`מ,,,יח`,2.50,"ל-100 מ""ל",false,1,14.90,5.96,true,1,
8410104045111,false,"פיניש מלח למדיח 2 ק""ג",תה ויסוצקי בע`מ,,,יח`,0,ל-100 גרם,false,1,14.90,14.90,true,1,
8410128768324,false,ויוה סוי שקדים קרטונית 1 ל`,טמפו משקאות בע`מ,,,יח`,10,"ל-100 מ""ל",false,1,12.90,1.29,true,1,
8410655000423,false,"מארז רביעיה בירה פילסנר 330 מ""ל 5.4%",אבאל יזמות בעמ,,,יח`,13.20,"ל-100 מ""ל",false,1,26.60,2.02,false,1,
8422443003776,false,"טרס בוהיס קברנה-יין אדום יבש 750 מ""ל",דולינה טרייד בעמ,,,יח`,7.50,"ל-100 מ""ל",false,1,29.90,3.95,false,1,
8422443005534,false,"טרס בוהיס טמפרניו-יין אדום יבש 750 מ""",דולינה טרייד בעמ,,,יח`,7.50,"ל-100 מ""ל",false,1,29.90,3.95,false,1,
8423207206488,false,חטיף דגנים מלאים מצופה 120גר,ש. שסטוביץ בע`מ,,,יח`,1.20,ל-100 גרם,false,1,11.90,9.92,true,1,
8423207206495,false,חטיף דגנים מלאים מצופה 120גר,ש. שסטוביץ בע`מ,,,יח`,1.20,ל-100 גרם,false,1,11.90,9.92,true,1,
8423207206501,false,חטיף דגנים מלאים מצופה 78גר,ש. שסטוביץ בע`מ,,,יח`,0.78,ל-100 גרם,false,1,11.90,15.26,true,1,
8423207207362,false,מרבה סלים דליס שוקולד לבן 120 גר`,ש. שסטוביץ בע`מ,,,יח`,1.20,ל-100 גרם,false,1,11.90,9.92,true,1,
8423207208260,false,מרבה סלים דליס ללא גלוטן שוקולד חלב,ש. שסטוביץ בע`מ,,,יח`,1.10,ל-100 גרם,false,1,11.90,10.82,true,1,
8423207208697,false,מרבה סלים דליס לילדים עם שוקולד לבן,ש. שסטוביץ בע`מ,,,יח`,1.10,ל-100 גרם,false,1,11.90,10.82,true,1,
8423207208703,false,מרבה סלים דליס לילדים עם שוקולד מריר,ש. שסטוביץ בע`מ,,,יח`,1.10,ל-100 גרם,false,1,11.90,10.82,true,1,
8423207208871,false,פריכיות תירס בטעם טבעי`סלים דליס`,גורי מוצרי צריכה 1991 בע`מ,,,יח`,1.30,ל-100 גרם,false,1,9.90,7.62,false,1,
8423207208895,false,פריכיות תירס בטעם זיתים ועירית`סלים דל,גורי מוצרי צריכה 1991 בע`מ,,,יח`,1.30,ל-100 גרם,false,1,9.90,7.62,false,1,
8423207209748,false,מרבה סלים דליס שוקולד מריר,ש. שסטוביץ בע`מ,,,יח`,1.20,ל-100 גרם,false,1,11.90,9.92,true,1,
8423207209885,false,מרבה סלים דליס לילדים עם שוקולד חלב,ש. שסטוביץ בע`מ,,,יח`,1.10,ל-100 גרם,false,1,11.90,10.82,true,1,
8423207210928,false,מרבה סלים דליס טופינג אגוזי לוז,ש. שסטוביץ בע`מ,,,יח`,1.10,ל-100 גרם,false,1,11.90,10.82,false,1,
8424842050016,false,צ`יפס בטעם כמהין 125 גר`,א.סיימן סחר בעמ,,,יח`,1.25,ל-100 גרם,false,1,11.90,9.52,true,1,
8424842050030,false,צ`יפס עם מלח הימלאי 125 גר`,א.סיימן סחר בעמ,,,יח`,1.25,ל-100 גרם,false,1,11.90,9.52,true,1,
8424842050085,false,צ`יפס בטעם חרדל ודבש 125 גר`,א.סיימן סחר בעמ,,,יח`,1.25,ל-100 גרם,false,1,11.90,9.52,true,1,
8425206000081,false,ריבת חלב מרדל 450 גרם,גורי מוצרי צריכה 1991 בע`מ,,,יח`,4.50,ל-100 גרם,false,1,19.90,4.42,false,1,
8606018615827,false,פיינט אוראו וניל,נגה גלידות שותפות מוגבלת,,,יח`,1,ל-100 גרם,false,1,16.90,16.90,false,1,
8606018615841,false,פיינט מילקה וניל ליבת שוקולד,נגה גלידות שותפות מוגבלת,,,יח`,1,ל-100 גרם,false,1,16.90,16.90,false,1,
8606018615865,false,פיינט מילקה קרמל ריבת חלב,נגה גלידות שותפות מוגבלת,,,יח`,1,ל-100 גרם,false,1,16.90,16.90,false,1,
8681863065287,false,מלח הימלאיה 350 גרם,ג. וילי-פוד אינטרנשיונל בע`מ,,,יח`,3.50,ל-100 גרם,false,1,24.90,7.11,false,1,
8682376710435,false,נייר טואלט בלינו 32 גלילים,ח.כהן סוכנות מזון ומשקאות,,,יח`,1,ל-100 גרם,false,1,27.90,27.90,false,1,
8683130008355,false,הלמנס מיונז שום 400 גר`,יוניליוור ישראל שיווק בע`מ,,,יח`,4,ל-100 גרם,false,1,11.90,2.98,false,1,
8683130025574,false,בדין אקסטרא מרכך לבנדר 960 מל,יוניליוור ישראל שיווק בע`מ,,,יח`,9.60,"ל-100 מ""ל",false,1,15.90,1.66,false,1,
8683130025581,false,בדין אקסטרא מרכך ענבר 960 מל,יוניליוור ישראל שיווק בע`מ,,,יח`,96,"ל-100 מ""ל",false,1,15.90,0.17,false,1,
8683323040100,false,יוגטה גומי תותי פרוטי,ליימן שליסל בע`מ,,,יח`,0.35,ל-100 גרם,false,1,1.90,5.43,false,1,
8683323041107,false,יוגטה גומי תות,ליימן שליסל בע`מ,,,יח`,0.35,ל-100 גרם,false,1,1.90,5.43,false,1,
8690120060170,false,וופל נאמבר 1 שוקולד חלב 35 גרם,רויאל קנדיס בעמ,,,יח`,3.50,ל-100 גרם,false,1,2.90,0.83,true,1,
8690120060408,false,וופל נאמבר 1 שוקולד אגוזים 35 גרם,רויאל קנדיס בעמ,,,יח`,3.50,ל-100 גרם,false,1,2.90,0.83,true,1,
8690120139968,false,וופל נאמבר 1 שוקולד מריר 35 גרם,רויאל קנדיס בעמ,,,יח`,3.50,ל-100 גרם,false,1,2.90,0.83,true,1,
8690120160177,false,וופל נאמבר 1 שוקולד חלב 24*35,רויאל קנדיס בעמ,,,יח`,3.50,ל-100 גרם,false,1,34.90,9.97,false,1,
8690120160405,false,וופל נאמבר 1 שוקולד אגוזים 24*35,רויאל קנדיס בעמ,,,יח`,3.50,ל-100 גרם,false,1,34.90,9.97,false,1,
8690120566139,false,וופל נאמבר 1 שוקולד מריר 24*35,רויאל קנדיס בעמ,,,יח`,3.50,ל-100 גרם,false,1,34.90,9.97,false,1,
8690504081920,false,טינס מצופה שוקולד מריר150 גר`,תה ויסוצקי בע`מ,,,יח`,0.15,ל-100 גרם,false,1,10.90,72.67,true,1,
8690504081937,false,טינס מצופה שוקולד חלב 150 גר`,תה ויסוצקי בע`מ,,,יח`,0.15,ל-100 גרם,false,1,10.90,72.67,true,1,
8690572799512,false,סאיוס מרכך לחיזוק שורשי סיב השערה500 מ,הנקל סוד בע`מ,,,יח`,5,"ל-100 מ""ל",false,1,12.90,2.58,false,1,
8690637073373,false,תה ארל גריי בטעם 25 יח`,יוניליוור ישראל שיווק בע`מ,,,יח`,0.50,ל-100 גרם,false,1,7.40,14.80,false,1,
8690637503856,false,מיונז הלמנס לחיץ 385 גרם,יוניליוור ישראל שיווק בע`מ,,,יח`,3.85,ל-100 גרם,false,1,13.90,3.61,false,1,
8690637504426,false,לניקוי כללי קרם סיף 500 מל לימון,יוניליוור ישראל שיווק בע`מ,,,יח`,5,"ל-100 מ""ל",false,1,10.90,2.18,false,1,
8690637505607,false,"בדין אקסטרה מרכך כביסה פינוק כחול 960 מ""",יוניליוור ישראל שיווק בע`מ,,,יח`,96,"ל-100 מ""ל",false,1,15.90,0.17,false,1,
8690637505614,false,בדין אקסטרא מרכך כביסה פינוק קוקוס 960מל,יוניליוור ישראל שיווק בע`מ,,,יח`,96,"ל-100 מ""ל",false,1,15.90,0.17,false,1,
8690637555084,false,בדין אקסטרא מרכך התפוז 960 מל,יוניליוור ישראל שיווק בע`מ,,,יח`,96,"ל-100 מ""ל",false,1,15.90,0.17,false,1,
8690637688195,false,תה פירמידה ירוק קלאסי 34גר`,יוניליוור ישראל שיווק בע`מ,,,יח`,32,ל-100 גרם,false,1,16.90,0.53,false,1,
8690637799594,false,תה ליפטון ירוק נענע בסיגנון מרוקאי 36ג,יוניליוור ישראל שיווק בע`מ,,,יח`,1.50,ל-100 גרם,false,1,16.90,11.27,false,1,
8690637835643,false,תה ליפטון ירוק לימונית ולואיזה 30 גר`,יוניליוור ישראל שיווק בע`מ,,,יח`,32,ל-100 גרם,false,1,15.90,0.50,false,1,
8690637842399,false,מאגדת מיני דאבל פרי יער שוקולד,שטראוס גלידות,,,יח`,1,ל-100 גרם,false,1,31.90,31.90,false,1,
8690637858734,false,גל אקונומיקה לימון 750 מל,יוניליוור ישראל שיווק בע`מ,,,יח`,7.50,"ל-100 מ""ל",false,1,11.90,1.59,false,1,
8690637858741,false,סיף ג`ל אקונמיקה 750 מל`,יוניליוור ישראל שיווק בע`מ,,,יח`,7.50,"ל-100 מ""ל",false,1,11.90,1.59,false,1,
8690637858758,false,גל אקונומיקה בניחוח אורנים 750 מל,יוניליוור ישראל שיווק בע`מ,,,יח`,7.50,"ל-100 מ""ל",false,1,11.90,1.59,false,1,
8690637866654,false,תה ירוק קלאסי 50 מעטפות,יוניליוור ישראל שיווק בע`מ,,,יח`,32,ל-100 גרם,false,1,29.90,0.93,false,1,
8690637871108,false,הלמנס ממרח חרדל,יוניליוור ישראל שיווק בע`מ,,,יח`,2.85,"ל-100 מ""ל",false,1,11.90,4.18,false,1,
8690637871245,false,מיונז הלמנס לחיץ 385 גרם,יוניליוור ישראל שיווק בע`מ,,,יח`,3.85,ל-100 גרם,false,1,13.90,3.61,false,1,
8690637890666,false,מאגדת מיני מגנום פיסטוק שוקולד 6 יח,שטראוס גלידות,,,יח`,1,ל-100 גרם,false,1,31.90,31.90,false,1,
8690637987274,false,קצף לניקוי כללי בתוספת אקונומיקה,יוניליוור ישראל שיווק בע`מ,,,יח`,1,,false,1,11.90,11.90,false,1,
8690637987441,false,בדין אקסטרא פרח הכותנה ווניל 960 מל,יוניליוור ישראל שיווק בע`מ,,,יח`,96,"ל-100 מ""ל",false,1,15.90,0.17,false,1,
8690637989612,false,מאגדת מיני מגנוםדאבל דולצה גולד 6 יח,שטראוס גלידות,,,יח`,1,ל-100 גרם,false,1,31.90,31.90,false,1,
8690766156367,false,שוקולד PURE חלב,תה ויסוצקי בע`מ,,,יח`,0.90,ל-100 גרם,false,1,14.90,16.56,true,1,
8690766156374,false,שוקולד PURE מריר 72% קקאו,תה ויסוצקי בע`מ,,,יח`,0.90,ל-100 גרם,false,1,14.90,16.56,true,1,
8690766156381,false,שוקולד PURE מריר מעולה 90%,תה ויסוצקי בע`מ,,,יח`,0.90,ל-100 גרם,false,1,14.90,16.56,true,1,
8690766156404,false,שוקולד PURE מריר מעולה טעם תפוז,תה ויסוצקי בע`מ,,,יח`,0.90,ל-100 גרם,false,1,14.90,16.56,true,1,
8690777206051,false,חציל קלוי על האש 650 גרם סרה,ג. וילי-פוד אינטרנשיונל בע`מ,,,יח`,6.50,ל-100 גרם,false,12,12.90,1.98,false,1,
8690777221405,false,פלפל אדום קלוי על האש 620 גרם סרה,ג. וילי-פוד אינטרנשיונל בע`מ,,,יח`,6.20,ל-100 גרם,false,12,12.90,2.08,false,1,
8690784614665,false,דאק סבון ניקוי לאסלה 5ב1 בניחוח ים,דנאגיס בעמ,,,יח`,3,"ל-100 מ""ל",false,1,7.90,2.63,false,1,
8690784616775,false,דאק סבון ניקוי לאסלה 4ב1 בניחוח,דנאגיס בעמ,,,יח`,3,"ל-100 מ""ל",false,1,7.90,2.63,false,1,
8694686405857,false,מיטו מזון לחתול 1 קג,שחורי אריה ואנסטסיה,,,יח`,10,ל-100 גרם,false,1,22,2.20,false,1,
8698734216587,false,סלסלה לאטבי כביסה,ד.ג.ש ייבוא ושיווק בעמ,,,יח`,1,,false,1,12.90,12.90,false,1,
8698996000900,false,מגבות מטבח 12 יח ULTRA BERRAK,ח.כהן סוכנות מזון ומשקאות,,,יח`,1,יח`,false,1,20.90,20.90,true,1,
8699073290764,false,פלפל אדום קלוי 680 גרם MELIS,ג. וילי-פוד אינטרנשיונל בע`מ,,,יח`,6.80,ל-100 גרם,false,1,10.90,1.60,false,1,
8699073291273,false,פלפל כבוש חריף 640 גרם MELIS,ג. וילי-פוד אינטרנשיונל בע`מ,,,יח`,6.40,ל-100 גרם,false,1,10.90,1.70,false,1,
8699947920797,false,סט 3 קופסאות סוגרים,הום פרפקט ק.ד.מ בעמ,,,יח`,1,,false,1,14.90,14.90,true,1,
8710502139017,false,עוגיות מרבה מצופות שוקולד 180 גרם,ש. שסטוביץ בע`מ,,,יח`,1.80,ל-100 גרם,false,1,9.90,5.50,true,1,
8710502194801,false,עוגיות מרבה שוקולד צ`יפס רכה פירות יער,ש. שסטוביץ בע`מ,,,יח`,1.75,ל-100 גרם,false,1,9.90,5.66,true,1,
8710502279010,false,מרבה עוגיות שוקולדציפס מצופות שוקולד 1,ש. שסטוביץ בע`מ,,,יח`,1.75,ל-100 גרם,false,1,9.90,5.66,true,1,
8710502470035,false,עוגיות מרבה נוגטלי במילוי קרם אגוזים,ש. שסטוביץ בע`מ,,,יח`,2,ל-100 גרם,false,1,11.90,5.95,true,1,
8710800027573,false,סוכריות מיני מנטוס שקית 178.5 גרם,ליימן שליסל בע`מ,,,יח`,1.78,ל-100 גרם,false,20,12.90,7.25,false,1,
8710847973970,false,דאב סבון נוזלי חלב אלוורה 750 מל,יוניליוור ישראל שיווק בע`מ,,,יח`,7.50,"ל-100 מ""ל",false,1,19.90,2.65,false,1,
8711000362631,false,קפסולות אספרסו LOR ONYX,דיפלומט מפיצים (1968) בע`מ,,,יח`,0.52,ל-100 גרם,false,1,19.90,38.27,false,1,
8711000362747,false,קפסולות אספרסו LOR RISTRETTO,דיפלומט מפיצים (1968) בע`מ,,,יח`,0.52,ל-100 גרם,false,1,19.90,38.27,false,1,
8711000371176,false,קפסולות קפה ג`ייקובס קלאסיקו,דיפלומט מפיצים (1968) בע`מ,,,יח`,0.52,ל-100 גרם,false,1,15.90,30.58,false,1,
8711000371206,false,קפסולות קפה ג`ייקובס ריסטרטו,דיפלומט מפיצים (1968) בע`מ,,,יח`,0.52,ל-100 גרם,false,1,15.90,30.58,false,1,
8712000051099,false,בירה היינקן ללא אלכוהול שישיה 6 * 330מ,טמפו משקאות בע`מ,,,יח`,3.30,"ל-100 מ""ל",false,4,34.90,10.03,true,1,
8712400802512,false,נוטרילון שלב 2 800 גרם,דיפלומט מפיצים (1968) בע`מ,,,יח`,8,ל-100 גרם,false,12,59.90,7.49,false,1,
8712400802536,false,נוטרילון שלב 3 800 גרם,דיפלומט מפיצים (1968) בע`מ,,,יח`,8,ל-100 גרם,false,12,59.90,7.49,false,1,
8712561594608,false,דאב סבון נוזלי להזנה עמוקה 750 מל,יוניליוור ישראל שיווק בע`מ,,,יח`,7.50,"ל-100 מ""ל",false,1,19.90,2.65,false,1,
8712561611411,false,דאב סבון נוזלי תה ירוק ומלפפון 750 מל,יוניליוור ישראל שיווק בע`מ,,,יח`,7.50,"ל-100 מ""ל",false,1,19.90,2.65,false,1,
8712561631570,false,דאב סבון נוזלי חלב קוקוס 750 מל,יוניליוור ישראל שיווק בע`מ,,,יח`,7.50,"ל-100 מ""ל",false,1,19.90,2.65,false,1,
8714599412336,false,ג`ייקובס בריסטה אמריקנו 160 גרם,דיפלומט מפיצים (1968) בע`מ,,,יח`,1.60,ל-100 גרם,false,1,29.90,18.69,false,1,
8714599513781,false,קפה ג`יקובס גולד מיובש בהקפאה 200גר כש,דיפלומט מפיצים (1968) בע`מ,,,יח`,2,ל-100 גרם,false,6,29.90,14.95,false,1,
8714599513835,false,קפה ג`יקובס נטול קופיאין מיובש בהקפאה,דיפלומט מפיצים (1968) בע`מ,,,יח`,2,ל-100 גרם,false,6,34.90,17.45,false,1,
8714599513866,false,קפה ג`יקובס ירוק מיובש בהקפאה 200 גרם,דיפלומט מפיצים (1968) בע`מ,,,יח`,2,ל-100 גרם,false,6,29.90,14.95,false,1,
8714789177229,false,מברשת שיניים קולגייט אקסטרא קלין 4יח,ש. שסטוביץ בע`מ,,,יח`,0,ל-100 גרם,false,1,9.90,9.90,false,1,
8714789402918,false,אגקס חגיגת הפרחים נוזל אדום 1.5 ליטר,ש. שסטוביץ בע`מ,,,יח`,15,"ל-100 מ""ל",false,1,19.90,1.33,false,1,
8714789402932,false,אג`קס חגיגת הפרחים נוזל ורוד 1.5 ליט,ש. שסטוביץ בע`מ,,,יח`,1.50,לליטר,false,1,19.90,13.27,false,1,
8714789797786,false,פלמוליב נוזלי כלים בלייסטר 750 מל,ש. שסטוביץ בע`מ,,,יח`,7.50,"ל-100 מ""ל",false,1,11.90,1.59,true,1,
8714789834467,false,פלמוליב נוזלי כלים קלאסי 1.5ל`,ש. שסטוביץ בע`מ,,,יח`,15,"ל-100 מ""ל",false,1,14.90,0.99,false,1,
8715700110141,false,מיונז היינץ צנצנת 460 גר`,דיפלומט מפיצים (1968) בע`מ,,,יח`,4.60,ל-100 גרם,false,8,12.90,2.80,true,1,
8715700115641,false,היינץ ממרח מיונז לייט לחיץ 420 גר`,דיפלומט מפיצים (1968) בע`מ,,,יח`,4.20,ל-100 גרם,false,1,14.90,3.55,false,1,
8715700117805,false,"קטשופ היינץ ללא סוכר ומלח 425 מ""ל",דיפלומט מפיצים (1968) בע`מ,,,יח`,4.25,ל-100 גרם,false,1,11.90,2.80,true,1,
8715700118925,false,קטשופ היינץ חריף 460 גרם,דיפלומט מפיצים (1968) בע`מ,,,יח`,1,,false,1,12.90,12.90,false,1,
8715700415925,false,קטשופ היינץ עם פלפל צילי,דיפלומט מפיצים (1968) בע`מ,,,יח`,1,,false,1,8.90,8.90,false,1,
8715700419732,false,מתבל עגבניות היינץ 700 גרם,דיפלומט מפיצים (1968) בע`מ,,,יח`,7,ל-100 גרם,false,10,11.90,1.70,true,1,
8715700422473,false,מיונז היינץ לחיץ ללא חומרים מ. 395 גר`,דיפלומט מפיצים (1968) בע`מ,,,יח`,3.95,ל-100 גרם,false,1,16.90,4.28,false,1,
8715700423906,false,מתבל עגבניות 50% פחות סוכר 555 גר`,דיפלומט מפיצים (1968) בע`מ,,,יח`,0.55,ל-100 גרם,false,10,11.90,21.64,true,1,
8717163607305,false,דאב סבון מוצק לעיסוי עדין 4*100 גרם,יוניליוור ישראל שיווק בע`מ,,,יח`,4,ל-100 גרם,false,1,17.90,4.48,false,1,
8717163647226,false,אקס דאודורנט ספריי גוף בלאק 150 מל,יוניליוור ישראל שיווק בע`מ,,,יח`,1.50,"ל-100 מ""ל",false,1,14.90,9.93,false,1,
8717163647233,false,אקס ספריי גוף בלאק נייט,יוניליוור ישראל שיווק בע`מ,,,יח`,1,"ל-100 מ""ל",false,1,14.90,14.90,false,1,
8717163647240,false,אקס דאודורנט ספריי גוף שוקולד 150 מל,יוניליוור ישראל שיווק בע`מ,,,יח`,1.50,"ל-100 מ""ל",false,1,14.90,9.93,false,1,
8717163647264,false,אקס דאודורנט ספריי אייס ציל 150 מל,יוניליוור ישראל שיווק בע`מ,,,יח`,1.50,"ל-100 מ""ל",false,1,14.90,9.93,false,1,
8717163647301,false,"אקס ספריי אנטיפרספרנט גולדן 150 מ""ל",יוניליוור ישראל שיווק בע`מ,,,יח`,1.50,"ל-100 מ""ל",false,1,14.90,9.93,false,1,
8717163947692,false,אקס גל רחצה פינק פפר 400 מ`ל,יוניליוור ישראל שיווק בע`מ,,,יח`,4,"ל-100 מ""ל",false,1,14.90,3.73,false,1,
8717644390566,false,דאב Go Fresh ירוק סבון מוצק4*100גרם,יוניליוור ישראל שיווק בע`מ,,,יח`,4,ל-100 גרם,false,1,17.90,4.48,false,1,
8717677336616,false,שוקולד מריר עם שקדים ומלח טוניס 180 גר,ליימן שליסל בע`מ,,,יח`,1.80,ל-100 גרם,false,1,18.90,10.50,false,1,
8717677336630,false,שוקולד חלב עם שקדים ודבש 180 גרם,ליימן שליסל בע`מ,,,יח`,1.80,ל-100 גרם,false,1,18.90,10.50,false,1,
8717677336654,false,שוקולד חלב עם שברי קרמל טוניס 180 גרם,ליימן שליסל בע`מ,,,יח`,1.80,ל-100 גרם,false,1,18.90,10.50,false,1,
8717677338436,false,שוקולד חלב עם אגוזי לוז טוניס 180 גרם,ליימן שליסל בע`מ,,,יח`,1.80,ל-100 גרם,false,1,18.90,10.50,false,1,
8718114734484,false,ממרח מיוני מיילי 320 גרם,א.סיימן סחר בעמ,,,יח`,3.20,ל-100 גרם,false,1,15.90,4.97,true,1,
8718951001596,false,אג`קס אמבטיה טריגרים 600מ`ל,בית הצעצוע בעמ,,,יח`,6,לליטר,false,1,15.90,2.65,false,1,
8718951030206,false,קולגייט משחת שיניים סנסיטיב 75גר,ש. שסטוביץ בע`מ,,,יח`,0.75,ל-100 גרם,false,1,17.90,23.87,true,1,
8718951076372,false,קולגייט משחת שיניים הרבל 100 גרם,ש. שסטוביץ בע`מ,,,יח`,1,ל-100 גרם,false,1,14.90,14.90,false,1,
8718951159808,false,מברשת שיניים קולגייט 360 שלישייה,ש. שסטוביץ בע`מ,,,יח`,0.75,ל-100 גרם,false,1,29.90,39.87,false,1,
8718951166288,false,קולגייט משחת מקס וייט 125 מל`,ש. שסטוביץ בע`מ,,,יח`,1.25,"ל-100 מ""ל",false,1,19.90,15.92,false,1,
8718951166561,false,קולגייט משחת מקס פרש כחול 125 מל`,ש. שסטוביץ בע`מ,,,יח`,1.25,"ל-100 מ""ל",false,1,19.90,15.92,false,1,
8718951170445,false,קולגייט משחת שיניים Smiles משחת שיניים,ש. שסטוביץ בע`מ,,,יח`,0.50,ל-100 גרם,false,1,11.90,23.80,false,1,
8718951236790,false,קולגייט משחת שיניים טוטאל 100 גר`,ש. שסטוביץ בע`מ,,,יח`,1,"ל-100 מ""ל",false,1,16.90,16.90,true,1,
8718951236806,false,קולגייט משחת שיניים טוטאל להלבנה 100גר,ש. שסטוביץ בע`מ,,,יח`,1,ל-100 גרם,false,1,16.90,16.90,true,1,
8718951236813,false,קולגייט טוטאל משחת שיניים טוטל אדוונס,ש. שסטוביץ בע`מ,,,יח`,1,ל-100 גרם,false,1,16.90,16.90,true,1,
8718951289833,false,פלמוליב סבון מוצק לומינוס 90 גרם*4,ש. שסטוביץ בע`מ,,,יח`,4,ל-100 גרם,false,1,16.90,4.23,false,1,
8718951315303,false,"מארז קולגייט אדומה ביטיוב 100 מ""ל*2",ש. שסטוביץ בע`מ,,,יח`,2,"ל-100 מ""ל",false,1,19.90,9.95,false,1,
8718951319806,false,פלמוליב לגבר ג`ל רחצה ושמפו ספורט 750,ש. שסטוביץ בע`מ,,,יח`,7.50,"ל-100 מ""ל",false,1,19.90,2.65,true,1,
8718951345119,false,אג`קס נוזל לניקוי כללי היביסקוס 2 ליטר,ש. שסטוביץ בע`מ,,,יח`,20,"ל-100 מ""ל",false,1,23.90,1.20,false,1,
8718951370135,false,"פלמוליב סבון נוזלי ארומה סנשיין 750 מ""",ש. שסטוביץ בע`מ,,,יח`,7.50,"ל-100 מ""ל",false,1,19.90,2.65,true,1,
8718951381292,false,קולגייט משחת מקס דיטוקס פואם 125 מל`,ש. שסטוביץ בע`מ,,,יח`,1.25,"ל-100 מ""ל",false,1,19.90,15.92,false,1,
8718951382640,false,"פלמוליב ג`ל רחצה חימר דיטוקס 750 מ""ל",ש. שסטוביץ בע`מ,,,יח`,7.50,"ל-100 מ""ל",false,1,19.90,2.65,true,1,
8718951400474,false,פלמוליב תחליב רחצה קמיליה ושקדים 750 מל`,ש. שסטוביץ בע`מ,,,יח`,7.50,"ל-100 מ""ל",false,1,19.90,2.65,true,1,
8718951431614,false,פלמוליב סבון רחצה סו פירם מינרלים 750,ש. שסטוביץ בע`מ,,,יח`,7.50,"ל-100 מ""ל",false,1,19.90,2.65,true,1,
8718951509627,false,קולגייט משחת שיניים אופטיק וויט 75גר`,ש. שסטוביץ בע`מ,,,יח`,0.75,ל-100 גרם,false,1,26.90,35.87,false,1,
8719200997998,false,מרגרינה בלובנד עם מלח 200 גרם כשלפ,דיפלומט מפיצים (1968) בע`מ,,,יח`,2,ל-100 גרם,false,1,4.90,2.45,false,1,
8719200998001,false,מרגרינה בלובנדבלי מלח 200 גר כשלפ,דיפלומט מפיצים (1968) בע`מ,,,יח`,2,ל-100 גרם,false,1,4.50,2.25,false,1,
8719200998018,false,מרגרינה מחמאה חבילה 200 גרם כשלפ,דיפלומט מפיצים (1968) בע`מ,,,יח`,2,ל-100 גרם,false,1,4.90,2.45,false,1,
8719200998032,false,מרגרינה מזולה בטעם חמאה 250 גר כשלפ,דיפלומט מפיצים (1968) בע`מ,,,יח`,2.50,ל-100 גרם,false,1,10.70,4.28,false,1,
8719200998049,false,מרגרינה מזולה רגילה 250 גר כשלפ,דיפלומט מפיצים (1968) בע`מ,,,יח`,2.50,ל-100 גרם,false,1,10.70,4.28,false,1,
8719200998094,false,מרגרינה מזולה ללא מלח 200גר,דיפלומט מפיצים (1968) בע`מ,,,יח`,2,ל-100 גרם,false,1,6.60,3.30,false,1,
8719200998100,false,מרגרינה מזולה טעם חמאה 200גר,דיפלומט מפיצים (1968) בע`מ,,,יח`,2,ל-100 גרם,false,1,6.60,3.30,false,1,
8720181046605,false,דאב דאודורנט ספריי א.פ אוריגניל 150,יוניליוור ישראל שיווק בע`מ,,,יח`,1.50,"ל-100 מ""ל",false,1,15.90,10.60,false,1,
8720182256850,false,סבון DOVE מוצק לבן רביעיה 4*90 גרם,יוניליוור ישראל שיווק בע`מ,,,יח`,4,ל-100 גרם,false,1,17.90,4.48,false,1,
8723400756552,false,מנטוס פירות 1/4,ליימן שליסל בע`מ,,,יח`,1.48,ל-100 גרם,false,35,10.90,7.36,true,1,
8801005152235,false,סויה סמפיו 500 גר`אסיה,טחנת האבן קואופ בעמ,,,יח`,1,,false,1,19.90,19.90,false,1,
8801055707966,false,קפה טסטר צ`ויס נמס בריסטה 180 גרם,קבוצת אסם סחר,,,יח`,1.25,ל-100 גרם,false,1,30.90,24.72,false,1,
8801055708772,false,טסטר ציויס 200 גרם +50 גר`,קבוצת אסם סחר,,,יח`,2,ל-100 גרם,false,1,29.90,14.95,false,1,
8801055709427,false,קפה טסטר צויס אלטה ריקה 100 גר`,קבוצת אסם סחר,,,יח`,1,,false,1,24.90,24.90,false,1,
8802241131664,false,חטיף אצות קלויות עם מלח 9 יח`,טחנת האבן קואופ בעמ,,,יח`,2,ל-100 גרם,false,1,22.90,11.45,false,1,
8802241131671,false,חטיף אצות בטעם ווסאבי,טחנת האבן קואופ בעמ,,,יח`,2,ל-100 גרם,false,1,27.90,13.95,false,1,
8850025000026,false,משקה מי קוקוס 1 ל`,טחנת האבן קואופ בעמ,,,יח`,4,ל-100 גרם,false,1,22.90,5.73,false,1,
8850372000472,false,אטריות שעועית 200 גר`,טחנת האבן קואופ בעמ,,,יח`,2,ל-100 גרם,false,1,11.90,5.95,false,1,
8850389103128,false,סאפה תפוח 300 מל`,טמפו משקאות בע`מ,,,יח`,3,"ל-100 מ""ל",false,24,7.90,2.53,true,1,
8850389103159,false,"משקה בטעם ליצ`י עם חתיכות ג`לי 320 מ""ל",טמפו משקאות בע`מ,,,יח`,3.20,"ל-100 מ""ל",false,1,6.90,2.16,false,1,
8850389104637,false,סאפה אפרסק 300 מל`,טמפו משקאות בע`מ,,,יח`,3,"ל-100 מ""ל",false,24,7.90,2.53,true,1,
8850389105832,false,סאפה אלוורה 1ל`,טמפו משקאות בע`מ,,,יח`,10,"ל-100 מ""ל",false,12,12.90,1.26,false,1,
8850389105849,false,סאפה אלוורה 1ל`,טמפו משקאות בע`מ,,,יח`,10,"ל-100 מ""ל",false,12,12.90,1.26,false,1,
8850389115336,false,סאפה מלון 1ל`,טמפו משקאות בע`מ,,,יח`,10,"ל-100 מ""ל",false,12,12.90,1.26,false,1,
8850632604259,false,חספוסים בטעם תות שדה 50 גרם יוגטה,ליימן שליסל בע`מ,,,יח`,1,,false,1,4.90,4.90,false,1,
8850632604266,false,חספוסים בטעם קולה 50 גרם יוגטה,ליימן שליסל בע`מ,,,יח`,1,,false,1,4.90,4.90,false,1,
8850632604402,false,חספוסים בטעם מעורב 50 גרם יוגטה,ליימן שליסל בע`מ,,,יח`,1,,false,1,4.90,4.90,false,1,
8851613101378,false,חלב קוקוס 250 מ`ל,גורי מוצרי צריכה 1991 בע`מ,,,יח`,2.50,ל-100 גרם,false,36,9.90,3.96,false,1,
8851613101385,false,חלב קוקוס 500 מ`ל,גורי מוצרי צריכה 1991 בע`מ,,,יח`,5,"ל-100 מ""ל",false,1,12.90,2.58,false,1,
8852633119039,false,"רוטב דגים 300 מ""ל",טחנת האבן קואופ בעמ,,,יח`,3,"ל-100 מ""ל",false,1,10.90,3.63,false,1,
8858744800019,false,ממרח קארי ירוק 50 גר`כשר,טחנת האבן קואופ בעמ,,,יח`,0.50,ל-100 גרם,false,1,5.90,11.80,false,1,
8858744800033,false,מחית קארי פננג 50 גר`כשר,טחנת האבן קואופ בעמ,,,יח`,1,,false,1,5.90,5.90,false,1,
8858744800064,false,מחית קארי אדום 50 גר`כשר,טחנת האבן קואופ בעמ,,,יח`,1,,false,1,5.90,5.90,false,1,
8858744800149,false,תערובת חמשת תבלינים 50 גר`,טחנת האבן קואופ בעמ,,,יח`,1,,false,1,6.90,6.90,false,1,
8888021200256,false,סוללות אנרג`ייזר מקס 8יח AA,דנאגיס בעמ,,,יח`,1,,false,1,24.90,24.90,false,1,
8888021200720,false,סוללות אנרג`ייזר מקס 8 יח AAA,דנאגיס בעמ,,,יח`,1,,false,1,24.90,24.90,false,1,
8900052762005,false,מכשיר לבישול ואפייה,ד.ש.ש אלקטרוניקה בעמ`,,,יח`,1,יח`,false,1,199,199,false,1,
8901537024014,false,"אורז בסמטי 1 ק""ג",ג. וילי-פוד אינטרנשיונל בע`מ,,,יח`,10,ל-100 גרם,false,1,12.90,1.29,true,1,
8901537076679,false,אורז בסמטי חום מלא 1 קג`,ג. וילי-פוד אינטרנשיונל בע`מ,,,יח`,10,ל-100 גרם,false,1,14.90,1.49,false,1,
8907931003662,false,חטיף צ`יפס בטטה עם ברביקיו 30 גרם,משה סידס ובנו בעמ,,,יח`,3,ל-100 גרם,false,1,5.90,1.97,true,1,
9001148803103,false,שיני שום קלופות,ביכורי השדה הצפון בעמ` 1964,,,יח`,1,,false,1,9.90,9.90,false,1,
9001395807015,false,חטיף טעם בננה מצופה שוקולד 300 גרם,יעד ממתקים בעמ,,,יח`,3,ל-100 גרם,false,1,10.90,3.63,false,1,
9002975393812,false,גומי הריבו האפי צירי,משה סידס ובנו בעמ,,,יח`,1,יח`,false,1,6.90,6.90,false,1,
9002975393829,false,גומי הריבו האפי פיצ`ס,משה סידס ובנו בעמ,,,יח`,1,יח`,false,1,6.90,6.90,false,1,
9002975393836,false,גומי הריבו האפי קולה,משה סידס ובנו בעמ,,,יח`,1,יח`,false,1,6.90,6.90,false,1,
9002975393843,false,גומי הריבו גולדברס,משה סידס ובנו בעמ,,,יח`,1,יח`,false,1,6.90,6.90,false,1,
9002975393850,false,גומי הריבו וורמס,משה סידס ובנו בעמ,,,יח`,1,יח`,false,1,6.90,6.90,false,1,
9310072028743,false,טים טם אורגינל 200 גר`,משה סידס ובנו בעמ,,,יח`,2,ל-100 גרם,false,1,19.90,9.95,false,1,
9310072028750,false,טים טם דאבל 200 גר`,משה סידס ובנו בעמ,,,יח`,2,ל-100 גרם,false,1,19.90,9.95,false,1,
9720188060108,false,שמנת טופו טעמים 360 גר*,החברה המרכזית להפצה,,,יח`,3.40,ל-100 גרם,false,1,22.90,6.74,false,1,
9771565025005,false,עיתון מעריב סופשבוע,ג`רוזלם פוסט בעמ,,,יח`,1,,false,1,6,6,false,1,
9771565051066,false,ידיעות אחרונות יום ו`,ידיעות אחרונות בעמ,,,יח`,1,,false,1,18,18,false,1,
72901079752545,true,קפה טורקי מארז 70 גר`,שטראוס גרופ בע`מ,,,יח`,1,,false,1,13.80,13.80,false,1,
