code,internal_code,name,manufacturer_name,manufacture_country,manufacturer_item_description,unit_qty,quantity,unit_of_measure,weighted,qty_in_package,price,unit_of_measure_price,allow_discount,status,item_id
163,true,פטריות שמפיניון תפזו,,,פטריות שמפיניון תפזו,קילוגרמים,1.00,"ק""ג",true,,39.90,39.9000,true,1,50635
164,true,פטריות חורש תפזורת,,,פטריות חורש תפזורת,קילוגרמים,1.00,"ק""ג",true,,39.90,39.9000,true,1,50636
301,true,בקבוק ריק חוזר בירה,,,בקבוק ריק חוזר בירה,יחידה,0.00,יחידה,false,,1.20,0.0000,true,1,6865
374,true,פטריות שמפניון,,,פטריות שמפניון,יח',1.00,יח',false,,10.90,10.9000,true,1,50638
395,true,לחמניה/כריך ילדים,,,לחמניה/כריך ילדים,יח',1.00,יח',false,,2.70,2.7000,true,1,2405
403,true,מאפה כיס פרלין פרימי,,,מאפה כיס פרלין פרימי,קילוגרמים,1.00,"ק""ג",true,,55.00,55.0000,true,1,2407
413,true,רול/קוקטייל בולגרית/,,,רול/קוקטייל בולגרית/,קילוגרמים,1.00,"ק""ג",true,,52.00,52.0000,true,1,2408
519,true,מעורב בבגט,,,מעורב בבגט,יחידה,0.00,יחידה,false,,25.00,0.0000,true,1,253603
652,true,כריך פרצל,,,כריך פרצל,יח',1.00,יח',false,,5.00,5.0000,true,1,2413
996,true,חלה קלועה,,,חלה קלועה,יח',1.00,יח',false,,12.90,12.9000,true,1,2417
997,true,מיני חלה,,,מיני חלה,יחידה,0.00,יחידה,false,,6.90,0.0000,true,1,2418
998,true,חלה מתוקה קלועה,,,חלה מתוקה קלועה,יח',1.00,יח',false,,12.90,12.9000,true,1,2419
1009,true,בגט שלם,,,בגט שלם,יח',1.00,יח',false,,5.50,5.5000,true,1,2423
1014,true,בגט רוסטיק,,,בגט רוסטיק,יח',1.00,יח',false,,8.90,8.9000,true,1,2425
1019,true,בגט פיסל,,,בגט פיסל,יח',1.00,יח',false,,5.20,5.2000,true,1,2426
1028,true,חצי בגט,,,חצי בגט,יח',1.00,יח',false,,3.90,3.9000,true,1,2428
1050,true,לחמניה חיטה מלאה (10,,,לחמניה חיטה מלאה (10,יח',1.00,יח',false,,3.90,3.9000,true,1,2429
1058,true,חלה רגילה/חלה ציפורי,,,חלה רגילה/חלה ציפורי,גרמים,500.00,100 גרם,false,,5.17,1.0340,true,1,4447
1059,true,חלה מתוקה 500 גרם,,,חלה מתוקה 500 גרם,גרמים,500.00,100 גרם,false,,12.90,2.5800,true,1,4448
1070,true,סופגניה מיוחדת עם תו,,,סופגניה מיוחדת עם תו,יח',1.00,יח',false,,5.90,5.9000,true,1,2430
1073,true,סופגניה גדולה בודדת,,,סופגניה גדולה בודדת,יחידה,0.00,יחידה,false,,3.90,0.0000,true,1,2432
1075,true,אוזני המן פילסברי,,,אוזני המן פילסברי,קילוגרמים,1.00,"ק""ג",true,,40.00,40.0000,true,1,2433
1079,true,מיני סופגניה בודדת,,,מיני סופגניה בודדת,יחידה,0.00,יחידה,false,,3.30,0.0000,true,1,2435
1091,true,צנונית בייבי,,,צנונית בייבי,גרמים,400.00,100 גרם,false,,6.90,1.7250,true,1,35486
1095,true,בייבי בטטה,,,בייבי בטטה,יח',1.00,יח',false,,9.90,9.9000,true,1,50641
1108,true,לחמנית יאמיס,,,לחמנית יאמיס,יח',1.00,יח',false,,2.70,2.7000,true,1,2437
1212,true,לחמנית כריך/ביס/לבן/,,,לחמנית כריך/ביס/לבן/,יח',1.00,יח',false,,2.90,2.9000,true,1,2439
1216,true,לחמנית אצבע/מיוחדת,,,לחמנית אצבע/מיוחדת,יחידה,0.00,יחידה,false,,2.50,0.0000,true,1,4454
1475,true,עגבניות מגי (שקיל),,,עגבניות מגי (שקיל),קילוגרמים,1.00,"ק""ג",true,,14.90,14.9000,true,1,116321
1476,true,לימון סיני,,,לימון סיני,קילוגרמים,1.00,"ק""ג",true,,12.90,12.9000,true,1,50648
1488,true,אשכולית אדומה,,,אשכולית אדומה,קילוגרמים,1.00,"ק""ג",true,,6.90,6.9000,true,1,50654
1494,true,תפו`א לבן תפזורת,,,תפו`א לבן תפזורת,קילוגרמים,1.00,"ק""ג",true,,4.90,4.9000,true,1,50659
1495,true,תפו`א אדום תפזורת,,,תפו`א אדום תפזורת,קילוגרמים,1.00,"ק""ג",true,,4.90,4.9000,true,1,50660
1500,true,פלפל כתום,,,פלפל כתום,קילוגרמים,1.00,"ק""ג",true,,10.90,10.9000,true,1,50663
1501,true,עגבניות,,,עגבניות,קילוגרמים,1.00,"ק""ג",true,,8.90,8.9000,true,1,50664
1502,true,מלפפונים,,,מלפפונים,קילוגרמים,1.00,"ק""ג",true,,8.90,8.9000,true,1,50665
1503,true,גזר ארוז,,,גזר ארוז,קילוגרמים,1.00,"ק""ג",true,,5.90,5.9000,true,1,50666
1504,true,סלק,,,סלק,קילוגרמים,1.00,"ק""ג",true,,5.90,5.9000,true,1,50667
1505,true,כרוב לבן,,,כרוב לבן,קילוגרמים,1.00,"ק""ג",true,,5.90,5.9000,true,1,50668
1506,true,כרוב אדום,,,כרוב אדום,קילוגרמים,1.00,"ק""ג",true,,5.90,5.9000,true,1,50669
1507,true,כרובית,,,כרובית,קילוגרמים,1.00,"ק""ג",true,,13.90,13.9000,true,1,50670
1510,true,קישואים,,,קישואים,קילוגרמים,1.00,"ק""ג",true,,9.90,9.9000,true,1,50671
1511,true,חצילים,,,חצילים,קילוגרמים,1.00,"ק""ג",true,,8.90,8.9000,true,1,50672
1513,true,פלפל ירוק,,,פלפל ירוק,קילוגרמים,1.00,"ק""ג",true,,9.90,9.9000,true,1,50673
1514,true,פלפל בהיר,,,פלפל בהיר,קילוגרמים,1.00,"ק""ג",true,,10.90,10.9000,true,1,50674
1515,true,פלפל חריף,,,פלפל חריף,קילוגרמים,1.00,"ק""ג",true,,9.90,9.9000,true,1,50675
1516,true,פלפל אדום,,,פלפל אדום,קילוגרמים,1.00,"ק""ג",true,,10.90,10.9000,true,1,50676
1517,true,פלפל רומרו,,,פלפל רומרו,קילוגרמים,1.00,"ק""ג",true,,16.90,16.9000,true,1,50677
1518,true,מלון,,,מלון,קילוגרמים,1.00,"ק""ג",true,,7.90,7.9000,true,1,50678
1519,true,בצל יבש,,,בצל יבש,קילוגרמים,1.00,"ק""ג",true,,5.90,5.9000,true,1,50679
1521,true,קולורבי,,,קולורבי,קילוגרמים,1.00,"ק""ג",true,,9.90,9.9000,true,1,50680
1522,true,חסה ערבית,,,חסה ערבית,יח',1.00,יח',false,,5.90,5.9000,true,1,50681
1527,true,פטרוזיליה גומי,,,פטרוזיליה גומי,יח',1.00,יח',false,,3.50,3.5000,true,1,35487
1528,true,כוסברה גומי,,,כוסברה גומי,יח',1.00,יח',false,,3.50,3.5000,true,1,35488
1529,true,שמיר גומי,,,שמיר גומי,יח',1.00,יח',false,,3.50,3.5000,true,1,35489
1531,true,לפת,,,לפת,קילוגרמים,1.00,"ק""ג",true,,9.90,9.9000,true,1,50684
1535,true,תפו`א אדום ארוז,,,תפו`א אדום ארוז,קילוגרמים,1.00,"ק""ג",true,,4.90,4.9000,true,1,50687
1541,true,ארטישוק,,,ארטישוק,קילוגרמים,1.00,"ק""ג",true,,19.90,19.9000,true,1,50691
1545,true,שום ארוז ייבוא יח',,,שום ארוז ייבוא יח',יח',1.00,יח',false,,5.90,5.9000,true,1,50695
1546,true,אבטיח אישי,,,אבטיח אישי,קילוגרמים,1.00,"ק""ג",true,,6.90,6.9000,true,1,50696
1547,true,שומר,,,שומר,קילוגרמים,1.00,"ק""ג",true,,8.90,8.9000,true,1,50697
1548,true,תות שדה ביח',,,תות שדה ביח',יח',1.00,יח',false,,21.90,21.9000,true,1,47743
1550,true,תפו`א לבן ארוז,,,תפו`א לבן ארוז,קילוגרמים,1.00,"ק""ג",true,,4.90,4.9000,true,1,50698
1551,true,לימון,,,לימון,קילוגרמים,1.00,"ק""ג",true,,9.90,9.9000,true,1,50699
1552,true,תפוז,,,תפוז,קילוגרמים,1.00,"ק""ג",true,,6.90,6.9000,true,1,50700
1553,true,ענב לבן,,,ענב לבן,קילוגרמים,1.00,"ק""ג",true,,29.90,29.9000,true,1,50701
1555,true,תפוז ארוז,,,תפוז ארוז,קילוגרמים,1.00,"ק""ג",true,,5.90,5.9000,true,1,50703
1556,true,בננה מובחרת,,,בננה מובחרת,קילוגרמים,1.00,"ק""ג",true,,6.90,6.9000,true,1,50704
1557,true,צנון,,,צנון,קילוגרמים,1.00,"ק""ג",true,,9.90,9.9000,true,1,50705
1558,true,אשכולית צהובה,,,אשכולית צהובה,קילוגרמים,1.00,"ק""ג",true,,5.90,5.9000,true,1,50706
1560,true,דלעת ארוזה,,,דלעת ארוזה,קילוגרמים,1.00,"ק""ג",true,,10.90,10.9000,true,1,50708
1561,true,תפוח עץ זהוב,,,תפוח עץ זהוב,קילוגרמים,1.00,"ק""ג",true,,11.90,11.9000,true,1,50709
1562,true,תפוח עץ יונתן,,,תפוח עץ יונתן,קילוגרמים,1.00,"ק""ג",true,,11.90,11.9000,true,1,50710
1563,true,תפוח עץ חרמון,,,תפוח עץ חרמון,קילוגרמים,1.00,"ק""ג",true,,11.90,11.9000,true,1,50711
1564,true,תפוח עץ סמיט,,,תפוח עץ סמיט,קילוגרמים,1.00,"ק""ג",true,,11.90,11.9000,true,1,50712
1568,true,רימון,,,רימון,קילוגרמים,1.00,"ק""ג",true,,9.90,9.9000,true,1,50715
1570,true,קלמנטינה,,,קלמנטינה,קילוגרמים,1.00,"ק""ג",true,,6.90,6.9000,true,1,50716
1571,true,פלפל שושקה,,,פלפל שושקה,קילוגרמים,1.00,"ק""ג",true,,12.90,12.9000,true,1,50717
1572,true,אבוקדו מובחר,,,אבוקדו מובחר,קילוגרמים,1.00,"ק""ג",true,,13.90,13.9000,true,1,50718
1574,true,בטטה מתוקה,,,בטטה מתוקה,קילוגרמים,1.00,"ק""ג",true,,10.90,10.9000,true,1,50720
1576,true,אגס,,,אגס,קילוגרמים,1.00,"ק""ג",true,,15.90,15.9000,true,1,50721
1581,true,פלפל צהוב,,,פלפל צהוב,קילוגרמים,1.00,"ק""ג",true,,10.90,10.9000,true,1,50723
1588,true,תירס ארוז,,,תירס ארוז,קילוגרמים,1.00,"ק""ג",true,,9.90,9.9000,true,1,50727
1590,true,משורית סרט 1590 ממ,,,פומלה,קילוגרמים,1.00,"ק""ג",true,,8.90,8.9000,true,1,50728
1591,true,ענב אדום,,,ענב אדום,קילוגרמים,1.00,"ק""ג",true,,29.90,29.9000,true,1,50729
1599,true,חבושים,,,חבושים,קילוגרמים,1.00,"ק""ג",true,,17.90,17.9000,true,1,50733
1601,true,סלרי חתוך ליח,,,סלרי חתוך ליח,יח',1.00,יח',false,,6.90,6.9000,true,1,47616
1604,true,אפרסמון,,,אפרסמון,קילוגרמים,1.00,"ק""ג",true,,16.90,16.9000,true,1,50735
1607,true,תפו`א קטן אפיה ארוז,,,תפו`א קטן אפיה ארוז,קילוגרמים,1.00,"ק""ג",true,,3.90,3.9000,true,1,50738
1608,true,זנגוויל\גינגיר תפזור,,,זנגוויל\גינגיר תפזור,קילוגרמים,1.00,"ק""ג",true,,25.90,25.9000,true,1,50739
1610,true,שרי אשכולות לקג,,,שרי אשכולות לקג,קילוגרמים,1.00,"ק""ג",true,,22.90,22.9000,true,1,50740
1613,true,דלורית,,,דלורית,קילוגרמים,1.00,"ק""ג",true,,6.90,6.9000,true,1,50742
1615,true,בצל אדום,,,בצל אדום,קילוגרמים,1.00,"ק""ג",true,,7.90,7.9000,true,1,50744
1617,true,אננס,,,אננס,יח',1.00,יח',false,,49.90,49.9000,true,1,50745
1618,true,אפרסמון קרמבו,,,אפרסמון קרמבו,קילוגרמים,1.00,"ק""ג",true,,16.90,16.9000,true,1,50746
1619,true,פומלית,,,פומלית,קילוגרמים,1.00,"ק""ג",true,,6.90,6.9000,true,1,50747
1620,true,קיווי,,,קיווי,קילוגרמים,1.00,"ק""ג",true,,19.90,19.9000,true,1,50748
1632,true,קישוא זוקיני ירוק,,,קישוא זוקיני ירוק,קילוגרמים,1.00,"ק""ג",true,,12.90,12.9000,true,1,50750
1639,true,דלעת אקזוטית,,,דלעת אקזוטית,קילוגרמים,1.00,"ק""ג",true,,12.90,12.9000,true,1,50755
1645,true,תפוח עץ גלה,,,תפוח עץ גלה,קילוגרמים,1.00,"ק""ג",true,,11.90,11.9000,true,1,50756
1683,true,תפוח עץ פינק קריפס,,,תפוח עץ פינק קריפס,קילוגרמים,1.00,"ק""ג",true,,14.90,14.9000,true,1,50768
1708,true,גזר תפזורת,,,גזר תפזורת,קילוגרמים,1.00,"ק""ג",true,,6.90,6.9000,true,1,50779
1841,true,תפוח פינק קריפס מאר,,,תפוח פינק קריפס מאר,גרמים,600.00,100 גרם,false,,14.90,2.4833,true,1,50798
1847,true,גזר צבעוני,,,גזר צבעוני,יח',1.00,יח',false,,9.90,9.9000,true,1,46478
1854,true,שרי מיניאפלם,,,שרי מיניאפלם,יח',1.00,יח',false,,8.90,8.9000,true,1,46479
1988,true,כרובית ארוזה,,,כרובית ארוזה,יח',1.00,יח',false,,13.90,13.9000,true,1,77345
2000,true,"בורקס גבינה/תפו""א",,,"בורקס גבינה/תפו""א",קילוגרמים,1.00,"ק""ג",true,,38.00,38.0000,true,1,33925
2001,true,מב בורקס תורכי בטעמי,,,בורקס תורכי בטעמים,קילוגרמים,1.00,"ק""ג",true,,35.00,35.0000,true,1,2440
2008,true,רוגלך,,,רוגלך,קילוגרמים,1.00,"ק""ג",true,,30.00,30.0000,true,1,36074
2011,true,פלמה קרם שניט/גבינה,,,פלמה קרם שניט/גבינה,קילוגרמים,1.00,"ק""ג",true,,43.00,43.0000,true,1,2446
2012,true,מב אוזני פיל פרווה,,,אוזני פיל פרווה,קילוגרמים,1.00,"ק""ג",true,,26.90,26.9000,true,1,2447
2120,true,"מארז במבה ב-8.90 ש""ח",,,"מארז במבה ב-8.90 ש""ח",יחידה,0.00,יחידה,false,,0.01,0.0000,true,1,403878
4015,true,קוקוס ראש,,,קוקוס ראש,יח',1.00,יח',false,,5.90,5.9000,true,1,50829
5201,true,לחמניית דגנים,,,לחמניית דגנים,יח',1.00,יח',false,,4.50,4.5000,true,1,2464
5202,true,לחמניה שמיניה דגנים,,,לחמניה שמיניה דגנים,יח',1.00,יח',false,,3.90,3.9000,true,1,2465
5504,true,דונאטס בטעמים מצופה,,,דונאטס בטעמים מצופה,גרמים,45.00,100 גרם,false,,6.90,15.3333,true,1,2752
5506,true,דונאטס בטעמים ממולא,,,דונאטס בטעמים ממולא,גרמים,65.00,100 גרם,false,,7.90,12.1538,true,1,391753
6164,true,אגוז מלך קלוף,,,אגוז מלך קלוף,קילוגרמים,1.00,"ק""ג",true,,89.00,89.0000,true,1,31527
6501,true,4 יח' לחמניות בריאות,,,4 יח' לחמניות בריאות,יח',1.00,יח',false,,15.90,15.9000,true,1,2474
6607,true,משמש מיובש,,,משמש מיובש,קילוגרמים,1.00,"ק""ג",true,,49.00,49.0000,true,1,31528
6751,true,מנצ`יס,,,מנצ`יס,קילוגרמים,1.00,"ק""ג",true,,55.00,55.0000,true,1,31531
7147,true,תערובת פיצוחים,,,תערובת פיצוחים,קילוגרמים,1.00,"ק""ג",true,,89.00,89.0000,true,1,31532
7208,true,שקד טבעי ענק,,,שקד טבעי ענק,קילוגרמים,1.00,"ק""ג",true,,89.00,89.0000,true,1,31533
7396,true,גרעין מלון קלוי,,,גרעין מלון קלוי,קילוגרמים,1.00,"ק""ג",true,,31.00,31.0000,true,1,31535
7451,true,גרעין שחור קלוי,,,גרעין שחור קלוי,קילוגרמים,1.00,"ק""ג",true,,29.00,29.0000,true,1,31537
8888,true,פיקדון זיכוי לקוח,,,פיקדון זיכוי לקוח,יחידה,0.00,יחידה,false,,0.30,0.0000,true,1,34503
9001,true,קופון נקניקיות עוף 1,,,קופון נקניקיות עוף 1,יחידה,0.00,יחידה,false,,0.01,0.0000,true,1,318635
9983,true,גלייד מילוי אוטומטי,,,גלייד מילוי אוטומטי,יחידה,0.00,יחידה,false,,0.01,0.0000,true,1,410338
9999,true,פיקדון בקבוקים,,,פיקדון בקבוקים,יחידה,0.00,יחידה,false,,0.30,0.0000,true,1,74
5678585,true,ענב סקרלוטה,,,ענב סקרלוטה,קילוגרמים,1.00,"ק""ג",true,,29.90,29.9000,true,1,50844
32147230,false,"מיץ לימון סיצילייה 200 מ""ל",ג'נרל מילס סאן אדריא,,מיץ לימון סיצילייה 2,מיליליטרים,200.00,"100 מ""ל",false,,6.90,3.4500,true,1,408444
59039549,false,ווג פריזון מנטול חפיסה,BAT,,ווג קופסא בודדת פריס,יחידה,0.00,יחידה,false,,39.00,0.0000,false,1,4102
59455233,false,סיגריות ווג ליידי כח,BAT,,ווג ליידי בלו קופסא,יחידה,0.00,יחידה,false,,39.00,0.0000,false,1,4105
72940754,false,מילקי וניל 133 גרם,"שטראוס גרופ בע""מ",IL,"מילקי וניל 170 מ""ל",מיליליטרים,170.00,"100 מ""ל",false,,3.10,1.8235,true,1,23178
72940761,false,מילקי שוקולד מהדרין 170 ג',מיוצר עי קונדיטוריית,IL,מילקי שוקולד מהדרין,מיליליטרים,170.00,"100 מ""ל",false,,3.10,1.8235,true,1,23179
72940952,false,מילקי פי 2 קצפת אקסטרה 170 ג',"שטראוס גרופ בע""מ",IL,מילקי אקסטראה קצפת מ,מיליליטרים,110.00,"100 מ""ל",false,,3.90,3.5455,true,1,23180
72941041,false,מיני מילקי שוקולד 62 גרם,"שטראוס גרופ בע""מ",IL,מיני מילקי שוקולד 70,מיליליטרים,70.00,"100 מ""ל",false,,2.60,3.7143,true,1,23183
72963753,false,שמנת אורגינל של פעם 27% שומן 200 ג' תנובה,תנובה מרכז שיתופי לש,IL,תנובה שמנת של פעם 27,מיליליטרים,200.00,"100 מ""ל",false,,4.20,2.1000,true,1,25654
72964132,false,פרילי טבע 1.9% גביע 200 גר,מיוצר עי קונדיטוריית,IL,פרילי טבע עם גרנולה,מיליליטרים,200.00,"100 מ""ל",false,,5.50,2.7500,true,1,25656
72964422,false,"יוגורט פרחים גביע 4.5% 200 מ""ל",מחלבת תנובה,IL,תנובה יוגורט פרחים 4,מיליליטרים,200.00,"100 מ""ל",false,,3.50,1.7500,true,1,25657
72986479,false,"גלידה שוקולד אגוז עם בננות בן וג'ירי 500 מ""ל",מוצרי איכות אמריקאיי,IL,גלידת פיינטים צאנקי,מיליליטרים,420.00,"100 מ""ל",false,,24.90,5.9286,true,1,14322
72993637,false,מעדן חלב בטעם שוקולד 125 ג' דני,מחלבת אחיהוד,IL,דני מהדרין שוקו בודד,מיליליטרים,125.00,"100 מ""ל",false,,3.10,2.4800,true,1,23187
80050025,false,סוכריות טיק טק בטעם תפוז,קדבורי,ZA,טיק טק תפוז,גרמים,16.00,100 גרם,false,,4.10,25.6250,true,1,41369
80050124,false,סוכריות טיק טק בטעם מנטה,קדבורי,ZA,טיק טק סוכריות,גרמים,16.00,100 גרם,false,,4.10,25.6250,true,1,41370
80052760,false,קינדר בואנו קלאסי 43 ג',קדבורי,PL,חטיף קינדר בואנו שוק,גרמים,43.00,100 גרם,false,,4.20,9.7674,true,1,41376
80176800,false,נוטלה ממרח שוקולד 750 גרם,פררו תעשיות איטליה ס,IT,ממרח שוקולד נוטלה 75,גרמים,750.00,100 גרם,false,,29.00,3.8667,true,1,41379
80177173,false,ממרח נוטלה קקאו עם א,פררו,IT,ממרח נוטלה קקאו עם א,גרמים,350.00,100 גרם,false,,17.90,5.1143,true,1,41380
80310891,false,ביצת קינדר ג'וי שוקולד 20ג',פררו,ZA,קינדר ג'וי 20 גרם,גרמים,20.00,100 גרם,false,,6.90,34.5000,true,1,402563
80773429,false,מסטיק מנטוס פיור פרש בבקבוק בינוני בטעם תות 60 ג',"פרפטי ואן מלה ג'ידה,",TR,מסטיק מנטוס בקבוק בט,גרמים,60.00,100 גרם,false,,10.90,18.1667,true,1,12532
80773443,false,מסטיק מנטוס בבקבוק מעוגל בטעם מנטה מעודנת 60 ג',"פרפטי ואן מלה ג'ידה,",TR,מסטיק מנטוס בקבוק בט,גרמים,60.00,100 גרם,false,,10.90,18.1667,true,1,12533
80790990,false,מסטיק מנטוס בבקבוק מעוגל בטעם פירות -מנטה 60 ג',"פרפטי ואן מלה ג'ידה,",TR,מסטיק מנטוס בקבוק בט,גרמים,60.00,100 גרם,false,,10.90,18.1667,true,1,12537
80854753,false,סוכרית מנטוס מנטה ללא סוכר 21 גרם Clean Breath,קדבורי,NL,"ס.מנטוס מנטה לל""ס 30",גרמים,21.00,100 גרם,false,,6.90,32.8571,true,1,71816
80896081,false,מסטיק מנטוס פיור פרש בבקבוק בינוני בטעם אבטיח 60 ג',"פרפטי ואן מלה ג'ידה,",TR,מסטיק מנטוס בקבוק בט,גרמים,60.00,100 גרם,false,,10.90,18.1667,true,1,12556
80913467,false,מסטיק מנטו בבקבוק מעוגל בטעם מנטה 60 ג',פרפטי ואן מלה ברדה,TR,מסטיק מנטוס בקבוק בט,גרמים,60.00,100 גרם,false,,10.90,18.1667,true,1,12558
80936848,false,סוכריות טיק טק תות שדה 24 יח',קדבורי,ZA,טיק טק תות שדה 16גר,גרמים,16.00,100 גרם,false,,4.10,25.6250,true,1,41387
80995128,false,מנטוס - מסטיק בטעם הדרים בתוספת ויטמינים 60 גרם,ווינפאק,TR,מסטיק מנטוס ויטמין ל,גרמים,60.00,100 גרם,false,,10.90,18.1667,true,1,394196
87108651,false,מנטוס מנטה מארז 4 יח' * 37.5 ג',הדקלאים אגודת שיתופי,NL,סוכריות מנטוס מנטה 1,גרמים,150.00,100 גרם,false,,11.30,7.5333,true,1,12572
90087011,false,מיץ תפוחים 100% קרטונית ראוך,,AT,מיץ תפוחים 1 ליטר,ליטרים,1.00,ליטר,false,,12.50,12.5000,true,1,24857
198888886,false,עיגול אגורות,,,עיגול אגורות,יחידה,0.00,יחידה,false,,1.00,0.0000,true,1,47041
8112100298,false,שמן שומשום טהור לא מ,Flavor full foods in,,שמן שומשום טהור לא מ,מיליליטרים,185.00,"100 מ""ל",false,,14.90,8.0541,true,1,47451
16000281684,false,חטיף שיבולת שועל פקאן חמישיה*42 ג' קראנצ'י,ג'נרל מילס,,חטיף שיבולת שועל מלא,גרמים,210.00,100 גרם,false,,19.90,9.4762,true,1,12582
16000423534,false,ניטשר ואלי חטיף שיבולת שועל שוקולד מריר קראנצי 210ג',ג'נרל מילס סאן אדריא,ES,חטיף קראנצי שיבולת ש,גרמים,210.00,100 גרם,false,,19.90,9.4762,true,1,12583
16000548404,false,ניטשר ואלי חטיף קראנצי גרנולה שיבולת שועל 210 ג',ג'נרל מילס סאן אדריא,ES,חטיף קראנצי גרנולה ש,גרמים,210.00,100 גרם,false,,19.90,9.4762,true,1,12587
18000703494,false,תערובת עוגת וניל פיסברי 500 גר',הדקלאים אגודת שיתופי,IL,תערובת לעוגת וניל פר,גרמים,517.00,100 גרם,false,,19.90,3.8491,true,1,12595
37600207188,false,חמאת בוטנים סקיפי קלאסי 462 גר',חברת המזון אלגוד,US,סקיפי חמאת בוטנים קל,גרמים,462.00,100 גרם,false,,18.90,4.0909,true,1,5233
37600207256,false,חמאת בוטנים סקיפי עם שברי בוטנים 462 גר',חברת המזון אלגוד,US,סקיפי חמאת בוטנים עם,גרמים,462.00,100 גרם,false,,18.90,4.0909,true,1,5234
37600207287,false,חמאת בוטנים עם דבש 462 ג',חברת המזון אלגוד.,US,סקיפי חמאת בוטנים עם,גרמים,462.00,100 גרם,false,,18.90,4.0909,true,1,5235
38000232176,false,פרינגלס שמנת ובצל 158 גרם,פרינגלס מניופקצ'ורינ,US,פרינגלס ביג שמנת בצל,גרמים,158.00,100 גרם,false,,8.90,5.6329,true,1,53777
38000232183,false,פרינגלס אוריגינל 149 גרם,פרינגלס מניופקצ'ורינ,US,פרינגלס ביג אורגינל,גרמים,158.00,100 גרם,false,,8.90,5.6329,true,1,53765
46214382259,false,עוגיות בראוניס שוקולד 225 ג',בנקטבקריי מרבה בי.וי,NL,מרבה עוגיות בראוניס,גרמים,225.00,100 גרם,false,,9.90,4.4000,true,1,21172
46214731552,false,עוגיות שוקולד ציפס מובחרות 225 ג',קריניציה ויטמינה אס,NL,מרבה עוגיות שוקולד צ,גרמים,225.00,100 גרם,false,,9.90,4.4000,true,1,21173
50000100347,false,"פריסקיז - מעדני החתול מועשר בחלב 1.40 ק""ג",פורינה,US,פריסקיז מעדני החתול,קילוגרמים,1.40,"ק""ג",false,,38.90,27.7857,true,1,18342
50000238910,false,פריסקיז פארטי מיקס א,פורינה,US,פריסקיז פארטי מיקס א,גרמים,60.00,100 גרם,false,,13.90,23.1667,true,1,385305
54881016001,false,חליטות פרי 4 טעמים 20 שקיקים אחמד,,,תה 4 סוגי חליטות פרי,גרמים,695.00,100 גרם,false,,10.90,1.5683,true,1,116782
64144090051,false,"ספריי שמן PAM קנולה אורגינל 148 מ""ל",קונאגרה פודס,FI,תרסיס שמן קנולה פאם,מיליליטרים,148.00,"100 מ""ל",false,,19.90,13.4459,true,1,12626
76840100156,false,"בן אנד גריס גלידת צרי גרסיה 500 מ""ל",מוצרי איכות אמריקאיי,US,בן&גרי גלידה צרי גרס,גרמים,473.00,100 גרם,false,,24.90,5.2643,true,1,14335
76840100583,false,"גלידת וניל עם בצק עוגיות בן וג'ירי 473 מ""ל",מוצרי איכות אמריקאיי,,גלידה וניל +בצק עוגי,מיליליטרים,473.00,"100 מ""ל",false,,24.90,5.2643,true,1,14336
77245110610,false,סוכריות מאסט ללא סוכר בטעם מנטה 80 ג'עלית,MIESZKO S.A - MS. JO,CO,סוכריות מאסט ללא סוכ,גרמים,80.00,100 גרם,false,,8.90,11.1250,true,1,22128
77975094761,false,שברי בייגלה סניידרס בטעם צידר 340 גרם,סניידרס,US,סניידרס צ'דר 340 גרם,גרמים,340.00,100 גרם,false,,15.90,4.6765,true,1,132759
608614256808,false,ירק שטוף דרלן,,,ירק שטוף דרלן,קילוגרמים,1.00,"ק""ג",true,,29.90,29.9000,true,1,84745
611745285685,true,אבוקדו בשל יח,,,אבוקדו בשל יח,גרמים,470.00,100 גרם,false,,9.90,2.1064,true,1,50845
710535495539,false,"אורז בסמטי 96% 1 ק""ג Avel",,IN,"אבאל אורז בסמטי 1 ק""",קילוגרמים,1.00,"ק""ג",false,,11.90,11.9000,true,1,79999
728229124764,false,חטיף ציפס בטטה עם מלח ים 110 גרם,היין פיוצ'ור נטורל פ,US,טרה צ'יפס חטיף בטטה,גרמים,110.00,100 גרם,false,,15.90,14.4545,true,1,5488
728229124771,false,חטיף ציפס טרה מבטטה בטעם ברביקיו 110 גרם,היין פיוצ'ור נטורל פ,IN,טרה צ'יפס חטיף מבטטה,גרמים,110.00,100 גרם,false,,15.90,14.4545,true,1,5489
728229130154,false,חטיף ציפס מבטטה וסלק 110 גרם,הונדורס צ'יפס יצור א,HN,טרה צ'יפס חטיף בטטה,גרמים,110.00,100 גרם,false,,15.90,14.4545,true,1,5491
786150000281,false,"שישייה בירה לף בראון בקבוק 330X6 מ""ל",,,בירה חזקה לף בראון 3,ליטרים,1.98,ליטר,false,,49.90,25.2020,true,1,279933
839762000658,false,משקה נקטר איילנד גויאבה 1 ל',The Egyptian Co. for,EG,איילנד נקטר גויאבה 1,ליטרים,1.00,ליטר,false,,11.90,11.9000,true,1,39311
851621000050,false,"שישיית בירה 1664 Blanc בקבוק 330 מ""ל",קרלסברג ספליי קומפאנ,PL,בירה BLANC שישיה 330,ליטרים,1.98,ליטר,false,,41.70,21.0606,true,1,73447
3014260228842,false,"ג'ילט קצף גילוח רגיל - 200 מ""ל",מולינו ניקולי s.p.a,,קצף גילוח רגיל ג'ילט,מיליליטרים,200.00,"100 מ""ל",false,,15.90,7.9500,true,1,26722
3046920029674,false,לינדט אקס' סולט 100 גרם,לינדט ושפרונגלי,DE,לינדט אקסלנס עם שבבי,גרמים,100.00,100 גרם,false,,17.90,17.9000,true,1,13689
3046920029681,false,לינדט שוקולד אקסלנס מילד 85% קקאו 100 גר,,DE,לינדט אקסלנס מילד 85,גרמים,100.00,100 גרם,false,,17.90,17.9000,true,1,85936
3046920029759,false,לינדט אקסלנס 90% 100גרם,לינדט ושפרונגלי ג'י.,DE,לינדט אקסלנס 90% 100,גרמים,100.00,100 גרם,false,,17.90,17.9000,true,1,13690
3073781162790,false,גבינת בייבי בל אדום,מחלבות בל,FR,בייבי בל 24% אדום 12,גרמים,120.00,100 גרם,false,,23.90,19.9167,true,1,335152
3120581456267,false,שבלי מ.דה ליני לבן י,,FR,שבלי מ.דה ליני לבן י,מיליליטרים,750.00,"100 מ""ל",false,,99.90,13.3200,true,1,211702
3161911229199,false,חמאה רכה אלוויר 250 גרם,אלל אה וויר,FR,אלוויר חמאה רכה 250ג,גרמים,250.00,100 גרם,false,,23.90,9.5600,true,1,16703
3161911366429,false,חמאה רכה מלוחה אלוויר 250 גרם,ארזינא,FR,אלוויר חמאה רכה מלוח,גרמים,250.00,100 גרם,false,,23.90,9.5600,true,1,16705
3161911393210,false,אלוויר חמאה נורמנדי מלוחה 200 גרם,אלוויר,FR,חמאת נורמנדי מלוחה 2,גרמים,200.00,100 גרם,false,,23.90,11.9500,true,1,315437
3162330060479,false,בירה SAER BRAU 6*250,,,בירה SAER BRAU 6*250,ליטרים,1.50,ליטר,false,,14.90,9.9333,true,1,395381
3175460000864,false,גבינת בורסאן טבעי 150 גר,"בל,",FR,גבינת בורסאן טבעי 15,גרמים,150.00,100 גרם,false,,22.90,15.2667,true,1,16711
3175460030083,false,גבינת בורסאן בצל ועירית 150 גר,השחר,FR,בורסאן בצל ועירית 40,גרמים,150.00,100 גרם,false,,22.90,15.2667,true,1,16712
3178530407938,false,עוגיות מיני מדלן שוקולד 175 גרם,סאן מישל,FR,עוגיות שוקולד צ'יפס,גרמים,175.00,100 גרם,false,,13.90,7.9429,true,1,16716
3245412211409,false,שוקולד חלב מעולה עם,,FR,שוקולד חלב מעולה עם,גרמים,300.00,100 גרם,false,,15.90,5.3000,true,1,349356
3245412418020,false,שוקולד חלב מעולה עם,,FR,שוקולד חלב מעולה עם,גרמים,100.00,100 גרם,false,,5.90,5.9000,true,1,361619
3270190111108,false,קרפור מוזלי פירות 7,,,קרפור מוזלי פירות 7,גרמים,750.00,100 גרם,false,,15.90,2.1200,true,1,379079
3270190151654,false,שוקולד מריר מעולה עם,,FR,שוקולד מריר מעולה עם,גרמים,100.00,100 גרם,false,,5.90,5.9000,true,1,349371
3270190174936,false,שוקולד חלב עם תכולת,,FR,שוקולד חלב עם תכולת,גרמים,100.00,100 גרם,false,,5.90,5.9000,true,1,349386
3387390320244,false,דגני בוקר פיטנס עם פירות 375 גרם,סי. פי. צרפת,FR,פיטנס פירות דגני עם,גרמים,375.00,100 גרם,false,,22.90,6.1067,true,1,18368
3525490011109,false,יין לה זאמל מלבק 750,badet clement,FR,"לה ז'אמל מלבק 750 מ""",מיליליטרים,750.00,"100 מ""ל",false,,59.90,7.9867,true,1,293211
3560070230778,false,קרפור-תה אנגלי שחור,,,קרפור-תה אנגלי שחור,גרמים,50.00,100 גרם,false,,6.90,13.8000,true,1,395590
3560070232963,false,קרפור-חליטת פירות יע,,,קרפור-חליטת פירות יע,גרמים,40.00,100 גרם,false,,6.90,17.2500,true,1,395524
3560070249343,false,קרפור- שוקולד חלב עם,,FR,קרפור- שוקולד חלב עם,גרמים,100.00,100 גרם,false,,5.90,5.9000,true,1,408882
3560070582884,false,קרפור סטייליס עם שוק,,,קרפור סטייליס עם שוק,גרמים,300.00,100 גרם,false,,8.90,2.9667,true,1,379052
3560070659517,false,קרפור-תה ארל גריי 20,,,קרפור-תה ארל גריי 20,גרמים,36.00,100 גרם,false,,9.90,27.5000,true,1,395446
3560070669981,false,שוקולד מריר מעולה 80,,FR,שוקולד מריר מעולה 80,גרמים,80.00,100 גרם,false,,4.90,6.1250,true,1,349343
3560070701407,false,שוקולד מריר מעולה עם,,FR,שוקולד מריר מעולה עם,גרמים,100.00,100 גרם,false,,5.90,5.9000,true,1,349372
3560070720859,false,שוקולד מריר מעולה 72,,FR,שוקולד מריר מעולה 72,גרמים,80.00,100 גרם,false,,4.90,6.1250,true,1,349358
3560070800353,false,קרפור הוני בולז 375,,,קרפור הוני בולז 375,גרמים,375.00,100 גרם,false,,6.90,1.8400,true,1,379109
3560070826186,false,קרפור מוזלי שוקולד ו,,,קרפור מוזלי שוקולד ו,גרמים,750.00,100 גרם,false,,14.90,1.9867,true,1,379081
3560070888108,false,קרפור-תה שחור בטעם ל,,,קרפור-תה שחור בטעם ל,גרמים,40.00,100 גרם,false,,6.90,17.2500,true,1,395563
3560070888115,false,קרפור-חליטת טיליה 25,,,קרפור-חליטת טיליה 25,גרמים,42.50,100 גרם,false,,6.90,16.2353,true,1,395486
3560070928194,false,קרפור-חליטת לואיזה 2,,,קרפור-חליטת לואיזה 2,גרמים,32.50,100 גרם,false,,6.90,21.2308,true,1,395473
3560070928347,false,קרפור-חליטת רויבוש ו,,,קרפור-חליטת רויבוש ו,גרמים,40.00,100 גרם,false,,6.90,17.2500,true,1,395511
3560071005191,false,קרפור -שוקולד לבן עם,,FR,קרפור -שוקולד לבן עם,גרמים,100.00,100 גרם,false,,5.90,5.9000,true,1,408883
3560071006327,false,שוקולד מריר מעולה קר,,FR,שוקולד מריר מעולה קר,גרמים,200.00,100 גרם,false,,5.90,2.9500,true,1,349373
3560071013127,false,קרפור סטייליס עם שוק,,,קרפור סטייליס עם שוק,גרמים,300.00,100 גרם,false,,8.90,2.9667,true,1,379065
3560071013196,false,קרפור סטייליס בטעם ט,,,קרפור סטייליס בטעם ט,גרמים,500.00,100 גרם,false,,9.90,1.9800,true,1,379066
3560071015725,false,קרפור פיברה עם 5 פיר,,,קרפור פיברה עם 5 פיר,גרמים,500.00,100 גרם,false,,11.90,2.3800,true,1,379095
3560071081263,false,קרפור-תה ירוק סיני 2,,,קרפור-תה ירוק סיני 2,גרמים,36.00,100 גרם,false,,9.90,27.5000,true,1,395433
3560071090821,false,קרפור שוקו בולז 375,,,קרפור שוקו בולז 375,גרמים,375.00,100 גרם,false,,6.90,1.8400,true,1,379096
3560071413750,false,קרפור-שוקולד מריר 80,,FR,קרפור-שוקולד מריר 80,גרמים,100.00,100 גרם,false,,6.90,6.9000,true,1,408924
3560071432003,false,קפסולות קפה קרפור עו,,FR,קפסולות קפה קרפור עו,גרמים,52.00,100 גרם,false,,6.90,13.2692,true,1,379917
3560071432034,false,קפסולות קפה נטול קרפ,,FR,קפסולות קפה נטול קרפ,גרמים,52.00,100 גרם,false,,6.90,13.2692,true,1,379918
3560071432065,false,קפסולות קפה קרפור עו,,FR,קפסולות קפה קרפור עו,גרמים,52.00,100 גרם,false,,6.90,13.2692,true,1,379919
3560071432096,false,קפסולות קפה קרפור עו,,FR,קפסולות קפה קרפור עו,גרמים,52.00,100 גרם,false,,6.90,13.2692,true,1,379920
3560071432157,false,קפסולות קפה וניל קרפ,,FR,קפסולות קפה וניל קרפ,גרמים,52.00,100 גרם,false,,6.90,13.2692,true,1,379921
3560071432188,false,קפסולות קפה קרמל קרפ,,FR,קפסולות קפה קרמל קרפ,גרמים,52.00,100 גרם,false,,6.90,13.2692,true,1,379922
3560071432249,false,קפסולות קפה ברזיל קר,,FR,קפסולות קפה ברזיל קר,גרמים,52.00,100 גרם,false,,6.90,13.2692,true,1,379924
3560071432270,false,קפסולות קפה קולומביה,,FR,קפסולות קפה קולומביה,גרמים,52.00,100 גרם,false,,6.90,13.2692,true,1,379925
3560071432331,false,קפסולות קפה לאוס קרפ,,FR,קפסולות קפה לאוס קרפ,גרמים,52.00,100 גרם,false,,6.90,13.2692,true,1,379927
3560071432515,false,קפסולות קפה קרפור עו,,FR,קפסולות קפה קרפור עו,גרמים,52.00,100 גרם,false,,6.90,13.2692,true,1,379930
3560071432690,false,קפסולות קפה קרפור עו,,FR,קפסולות קפה קרפור עו,גרמים,52.00,100 גרם,false,,6.90,13.2692,true,1,379931
3560071442545,false,בירה SAER BRAU 6*250,,,בירה SAER BRAU 6*250,ליטרים,1.50,ליטר,false,,14.90,9.9333,true,1,395394
3574661485201,false,טמפונים אובה סופר 32 יח' פרוקומפורט,,,אובה פרוקומפורט סופר,יחידה,0.00,יחידה,false,,21.90,0.0000,true,1,352924
3574661552804,false,קרפרי מגן תחתון אלוורה 56 יח',הדקלאים אגודת שיתופי,FR,קרפרי מגן תחתן אלוור,יחידה,0.00,יחידה,false,,15.90,0.0000,true,1,64300
3607343817547,false,"אדידס - דאודורנט ספריי לגבר קליימקול 150 מ""ל",COLEPCCL,PT,דאודורנט ספריי לגבר,מיליליטרים,150.00,"100 מ""ל",false,,13.90,9.2667,true,1,103546
3616180424856,false,קרפור הום -30 מפיות,,,קרפור הום -30 מפיות,יחידה,0.00,יחידה,false,,6.90,0.0000,true,1,402484
3616180424931,false,קרפור הום -30 מפיות,,,קרפור הום -30 מפיות,יחידה,0.00,יחידה,false,,6.90,0.0000,true,1,402487
3616180424948,false,קרפור הום -30 מפיות,,,קרפור הום -30 מפיות,יחידה,0.00,יחידה,false,,6.90,0.0000,true,1,402488
4000417025005,false,שוקולד ריטר ספורט מריר מרצפן 100ג',מולינו ניקולי s.p.a,DE,שוקולד ריטר ספורט מר,גרמים,100.00,100 גרם,false,,8.90,8.9000,true,1,12649
4000417026002,false,שוקולד ריטר ספורט נוגט 100 גרם,מולינו ניקולי s.p.a,DE,שוקולד חלב ממולא קרם,גרמים,100.00,100 גרם,false,,8.90,8.9000,true,1,12650
4000417101273,false,אימצ'לי-גלילי וופל עם קרם אגוזי לוז 300 גרם,,,אמיצ'לי חנוכה - גליל,גרמים,300.00,100 גרם,false,,29.90,9.9667,true,1,400379
4000417101310,false,אימצ'לי-גלילי וופל עם קרם קקאו 150 גרם,,,גלילי וופל קרם קקאו,גרמים,150.00,100 גרם,false,,19.90,13.2667,true,1,394235
4000417294005,false,שוקולד ריטר ספורט מוס קקאו 100 גרם,מולינו ניקולי s.p.a,DE,שוקולד חלב קרם קקאו,גרמים,100.00,100 גרם,false,,8.90,8.9000,true,1,12661
4002448019480,false,"סיליט באנג מסיר שומנים רב שימושי 750 מ""ל",רקיט בנקיזר,PL,סיליט באנג ספריי מסי,מיליליטרים,750.00,"100 מ""ל",false,,17.90,2.3867,true,1,20777
4002720005736,false,קפה לפילטר מליטה 250 גרם PREMIUM,המאפיה של הרמן,DE,מליטה פרימיום קפה פי,גרמים,250.00,100 גרם,false,,23.90,9.5600,true,1,5583
4008400230726,false,ביצת שוקולד הפתעה קינדר ענקית 100ג' בנים,פררו,BE,ביצת הפתעה קינדר מקס,גרמים,100.00,100 גרם,false,,23.90,23.9000,true,1,41394
4009309740422,false,רסק תפוחים אורגני – נטורפוד 700 גרם,,,רסק תפוחים אורגני 70,גרמים,700.00,100 גרם,false,,17.50,2.5000,true,1,105404
4009900403023,false,מסטיק אורביט בקבוקון דאבל white קלאסי 64ג',"ב.א מזון בע""מ",PL,אורביט וויט מנטה בקב,גרמים,64.00,100 גרם,false,,10.90,17.0313,true,1,20643
4009900420129,false,מסטיק אורביט פרופשנל פפרמינט בקבוקון 64 גר',מרס נדרלנד,PL,אורביט פרופשייונל פפ,גרמים,64.00,100 גרם,false,,10.90,17.0313,true,1,20650
4009900482417,false,מסטיק אורביט פירות מנטה בקבוקון באבל מינט 45יח,ריגלי פולין,PL,אורביט באבל מינט בקב,גרמים,64.00,100 גרם,false,,10.90,17.0313,true,1,20665
4009900531122,false,"מסטיק בטעם מנטה ספירמינט, 64 ג' פרופשיונל אורפיט",מרס נדרלנד,PL,אורביט פרופשייונל ספ,גרמים,64.00,100 גרם,false,,10.90,17.0313,true,1,20702
4009900536257,false,מסטיק אורביט רפרשרס ספירמינט בקבוקון ללא סוכר 67 גר',מרס ריגלי קונפקשונרי,PL,מסטיק אורביט רפרשרס,גרמים,67.00,100 גרם,false,,12.90,19.2537,true,1,116894
4009900536486,false,מסטיק אורביט רפרשרס באבלמינט בקבוקון ללא סוכר 67 גר',מרס ריגלי קונפקשונרי,PL,מסטיק אורביט רפרשרס,גרמים,67.00,100 גרם,false,,12.90,19.2537,true,1,116895
4009900539685,false,"מסטיק פייב באונס בטעם מנטה בקבוקון, 61.8 גרם",ריגלי בעמ רוסיה,PL,מסטיק בטעם מנטה ללא,גרמים,61.80,100 גרם,false,,12.90,20.8738,true,1,276022
4009900539746,false,"מסטיק פייב באונס בטעם אבטיח בקבוקון, 61.8 גרם",ריגלי בעמ רוסיה,PL,מסטיק בטעם אבטיח ללא,גרמים,31.80,100 גרם,false,,12.90,40.5660,true,1,276035
4014400901191,false,בונבוניירה שוקולד מרסי 250 ג`,אוגוסט שטורק,DE,בונבונירה מרסי 250 ג,גרמים,250.00,100 גרם,false,,28.90,11.5600,true,1,12682
4014400904390,false,סוכריות וולמילש ממולא ט.חלב 325גרם,קריניציה ויטמינה אס,DE,סוכריות וולמליש 325ג,גרמים,325.00,100 גרם,false,,18.80,5.7846,true,1,12690
4014400914696,false,סוכריות חמאה וורטר אור ללא סוכר 80 גרם,אוגוסט שטורק,DE,80 סוכריות חמאה וורט,גרמים,80.00,100 גרם,false,,9.50,11.8750,true,1,12699
4014400920857,false,סוכריות וורטר ללא סוכר טעם שוקול 70 גרם,קריניציה ויטמינה אס,DE,וורטרס ללא סוכר טעם,גרמים,70.00,100 גרם,false,,9.50,13.5714,true,1,12703
4014400923711,false,טופיפי בונבונירה שוק,אוגוסט שטורק,DE,טופיפי בונבונירה שוק,גרמים,125.00,100 גרם,false,,13.90,11.1200,true,1,12704
4015400598329,false,אולויז קוואטרו נורמל פלוס 56 יח,,,קוואטרו נורמל פלוס א,יחידה,0.00,יחידה,false,,42.00,0.0000,true,1,26834
4015400598411,false,אולוייז קוואטרו לילה 40 יח,,,קוואטרו לילה אולוויז,יחידה,0.00,יחידה,false,,42.00,0.0000,true,1,26836
4015400690405,false,טמפונים פרל סופר טמפקס קומפאק 18 יח,,,טמפון פרל סופר טמפקס,יחידה,0.00,יחידה,false,,24.90,0.0000,true,1,26863
4015400746812,false,אולוויז מגן תחתון נורמל מגה פק 80 יח',פרוקטר אנד גמבל,UA,מגן תחתון מגה פק נור,יחידה,0.00,יחידה,false,,18.90,0.0000,true,1,26888
4015400990482,false,אריאל אבקת כביסה קולור 3 קג,,,אבקת כביסה אריאל קול,קילוגרמים,3.00,"ק""ג",false,,38.90,12.9667,true,1,26902
4015600762902,false,"שמפו מנטול הד אנד שולדרס 500 מ""ל",פרוקטר אנד גמבל,RO,שמפו מנטול הד&שולדרס,מיליליטרים,500.00,"100 מ""ל",false,,19.90,3.9800,true,1,26931
4022025001905,false,"בלו ווין זהב כשר 750 מ""ל",היי סישל סוהן טראבן,DE,בלו וויין מבעבע זהב,מיליליטרים,750.00,"100 מ""ל",false,,55.90,7.4533,true,1,41532
4022025290408,false,"בלו ווין פינק כשר 750 מ""ל",,,יין בלו וויין פינק 7,מיליליטרים,750.00,"100 מ""ל",false,,55.90,7.4533,true,1,41540
4066600999614,false,"בירה פאולנר חיטה 500 מ""ל בקובק",מבשלת פאולנר,DE,בירה פאולנר בקבוק 50,מיליליטרים,500.00,"100 מ""ל",false,,12.90,2.5800,true,1,9268
4603400000043,false,"וודקה רוסקיי סטנדרט 700 מ""ל",רוסקי סטנדרט וודקה,RU,רוסקי סטנדרט 700מ'ל,מיליליטרים,700.00,"100 מ""ל",false,,76.90,10.9857,true,1,11160
4710068001692,false,"מאסטר קפה לאטה פחית 240מ""ל",תאיט מרקטינג אנד דיס,,מאסטר קפה לאטה פחית,מיליליטרים,240.00,"100 מ""ל",false,,6.60,2.7500,true,1,39314
4710068001715,false,"מאסטר קפה טירמיסו 240 מ""ל",יוני פרזינדנט אנטרפר,,מאסטר קפה טירמיסו 24,מיליליטרים,240.00,"100 מ""ל",false,,6.60,2.7500,true,1,39315
4903001904192,false,"רוטב סויה יאמסה פרימיום 500 מ""ל",הדקלאים אגודת שיתופי,JP,רוטב סויה יאמאסה פרמ,מיליליטרים,500.00,"100 מ""ל",false,,18.90,3.7800,true,1,12706
4903001925784,false,"רוטב סויה יאמאסה פרמיום דל מלח 500 מ""ל",הדקלאים אגודת שיתופי,JP,רוטב סויה יאמאסה דל,מיליליטרים,500.00,"100 מ""ל",false,,18.90,3.7800,true,1,12708
5000159452540,false,מאגדת סניקרס חמישייה 250 גרם,,,חטיף סניקרס מארז 5*2,יחידה,250.00,יחידה,false,,12.90,0.0516,true,1,147789
5000204114898,false,"גלייד ארוסול בניחוח מרכך כביסה 300 מ""ל",אס.סי גונוסון,NL,גלייד ארוסול בניחוח,מיליליטרים,300.00,"100 מ""ל",false,,10.90,3.6333,true,1,5643
5000394140820,false,שישיות סוללות AA פלוס פאוור דורסל,,BE,סוללות דורסל שישיות,יחידה,0.00,יחידה,false,,24.90,0.0000,true,1,279898
5000396037944,false,מקוויטיס ביסקוייט קלאסי 250 גרם,,,מקוויטים ביסקוויטים,גרמים,250.00,100 גרם,false,,9.90,3.9600,true,1,24546
5010677551281,false,"בקרדי בריזר לימון 275 מ""ל","בקרדי בע""מ",BE,בקרדי בריזר לימון 27,מיליליטרים,275.00,"100 מ""ל",false,,14.90,5.4182,true,1,9273
5010677551397,false,"בקרדי בריזר לימון ליים 275 מ""ל","ברקדי בע""מ",BE,בקרדי בריזר ליים,מיליליטרים,275.00,"100 מ""ל",false,,14.90,5.4182,true,1,9274
5010677552387,false,"בקרדי בריזר אננס 275 מ""ל",בקרדי בעמ,BE,בקרדי בריזר אננס.,מיליליטרים,275.00,"100 מ""ל",false,,14.90,5.4182,true,1,9275
5010677554398,false,"בקרדי בריזר אבטיח 275 מ""ל",בקרדי בעמ,BE,בקרדי בריזר אבטיח,מיליליטרים,275.00,"100 מ""ל",false,,14.90,5.4182,true,1,9276
5011157630281,false,"טילדה אורז בסמטי 1 ק""ג",טילדה,GB,טילדה אורז הימשלי בס,קילוגרמים,1.00,"ק""ג",false,,25.90,25.9000,true,1,21332
5014271300429,false,סן דלפו מעדן משמש ללא סוכר 284גר,פלזנסקי,FR,סאן דלפור מעדן משמש,גרמים,284.00,100 גרם,false,,22.90,8.0634,true,1,16750
5014271350424,false,מעדן סאנט דלפור ארבע פירות 284 גר,המאפיה של הרמן,FR,סאן דלפור מעדן ארבע,גרמים,284.00,100 גרם,false,,22.90,8.0634,true,1,16753
5014271400426,false,סן דלפו מעדן תות שדה ללא סוכר 284 ג',המאפיה של הרמן,FR,סאן דלפור מעדן תות ש,גרמים,284.00,100 גרם,false,,22.90,8.0634,true,1,16758
5029053002408,false,נייר טואולט קליניקס לבן 9 גלילים,קימברלי קלארק ישראל,IL,נייר טואלט קליניקס ל,מטרים,275.00,מטר,false,,37.90,0.1378,true,1,8792
5029053032658,false,קלינקס ממחטות שמיניה,KC Italy,,ממחטות טישו טו גו ק,יחידה,0.00,יחידה,false,,9.90,0.0000,true,1,8799
5060751218173,false,"משקה אנרגיה מונסטר Pipline punch פח 500 מ""ל",Monster energy סרביה,IE,מונסטר פייפלין פאנץ',מיליליטרים,500.00,"100 מ""ל",false,,7.90,1.5800,true,1,311285
5060751219033,false,"משקה אנרגיה מונסטר ULTRA PARADISE פח 500 מ""ל",Monster energy סרביה,IE,מונסטר אולטרה פרדייז,מיליליטרים,500.00,"100 מ""ל",false,,7.90,1.5800,true,1,311286
5201940010110,false,זיתים שחורים מזן קלמטה בפח 454 גרם,סיוארס אס.איי,GR,זיתים שחורים קלמטה ו,גרמים,250.00,100 גרם,false,,18.50,7.4000,true,1,2838
5202300014496,false,ולה פלקס ספריי אקסטרה סטרונג,,,אקסטרה סטרונג וולה פ,מיליליטרים,250.00,"100 מ""ל",false,,34.90,13.9600,true,1,27113
5391523058087,false,סימילאק אדוונס פלוס שלב 2 700 גרם,טרופיקל דגיל תעשיות,IE,סימילאק אדוואנס פלוס,גרמים,700.00,100 גרם,false,,65.90,9.4143,true,1,29409
5410076933129,false,אריאל שושן צחור שקית,P&G,,אריאל שושן צחור שקית,קילוגרמים,3.00,"ק""ג",false,,38.90,12.9667,true,1,27186
5410091648176,false,"פה - דאודורנט רול און לאישה פינק פרדייס 50 מ""ל",,,דאו' רול און פינק פר,מיליליטרים,50.00,"100 מ""ל",false,,10.90,21.8000,true,1,8052
5410126006087,false,ביסקוויט לוטוס קרמל 700 גרם,כלורוקס אוקלנד,BE,לוטוס עוגיות קרמל 70,גרמים,700.00,100 גרם,false,,33.60,4.8000,true,1,5272
5410126116953,false,ממרח עוגיות לוטוס קרמל 400 גר,לוטוס בייקרי בלגיה נ,BE,לוטוס ממרח ביסקוויט,גרמים,400.00,100 גרם,false,,23.90,5.9750,true,1,5279
5410126716016,false,"ביסקוויט בטעם קרמל לוטוס בד""צ 250 ג'",לוטוס ביקרי בלגיה,BE,ביסקוויט בטעם קרמל ל,גרמים,250.00,100 גרם,false,,11.90,4.7600,true,1,5281
5410316983693,false,"סמירנוף אייס בודד 275 מ""ל",דיאג'ו אופריישנס,IT,סמירנוף אייס בודד,מיליליטרים,275.00,"100 מ""ל",false,,13.90,5.0545,true,1,6813
5411188094159,false,אלפרו מעדן סויה בטעם שוקו בלגי 125 גר*4,הנסיך- מפעל לייצור ט,BE,אלפרו מעדן סויה שוק.,מיליליטרים,500.00,"100 מ""ל",false,,18.90,3.7800,true,1,21335
5411188110835,false,אלפרו חלב סויה שקדים וניל 1ל',הנסיך- מפעל לייצור ט,BE,אלפרו משקה שקדים 1 ל,ליטרים,1.00,ליטר,false,,17.50,17.5000,true,1,21340
5411188112709,false,"משקה קוקוס אלפרו 1 ליטר משקה שקדים לל""ס",הנסיך- מפעל לייצור ט,BE,אלפרו משקה שקדים ללא,יחידה,0.00,יחידה,false,,17.50,0.0000,true,1,21344
5411188115472,false,אלפרו משקה סויה 1 ליטר,הנסיך- מפעל לייצור ט,BE,אלפרו משקה סויה 1 לי,ליטרים,1.00,ליטר,false,,17.30,17.3000,true,1,89179
5411188121923,false,"אלפרו משקה סויה סידן מארז 250X3מ""ל",הנסיך- מפעל לייצור ט,BE,אלפרו סויה סידן שלש,מיליליטרים,750.00,"100 מ""ל",false,,15.90,2.1200,true,1,21355
5411188121978,false,"משקה סויה בטעם שוקולד 3 * 250 מ""ל אלפרו",אלפרו C.V.A,IL,אלפרו סויה שוקו סיד,מיליליטרים,750.00,"100 מ""ל",false,,15.90,2.1200,true,1,21356
5411188122586,false,"אלפרו משקה שקדים 250 מ""ל",,BE,אלפרו משקה שקדים 250,מיליליטרים,250.00,"100 מ""ל",false,,6.90,2.7600,true,1,21358
5411188134985,false,אלפרו NOT MILK שיבולת שועל 3.8% שומן 1 ליטר,הנסיך- מפעל לייצור ט,BE,אלפרו 3.5% שומן NOT,ליטרים,1.00,ליטר,false,,15.20,15.2000,true,1,167598
5413548280189,false,קינדר שוקובון 16 יחידות,פררו,BE,קינדר שוקו בון 125ג,גרמים,125.00,100 גרם,false,,13.90,11.1200,true,1,41399
5601008200444,false,עוגיות טבעת מצופה שוק. חלב 150 גר גודיס,הנסיך- מפעל לייצור ט,PT,גודיס עוגיות טבעת מצ,גרמים,150.00,100 גרם,false,,6.90,4.6000,true,1,21365
5601217129420,false,וולייט דפים לשמירה על צבע הבגד 20 יח,,,וולייט דפים 20 יח',יחידה,0.00,יחידה,false,,21.90,0.0000,true,1,20827
5711953106583,false,גבינת שמנת בטעם טבעי 200 ג' ארלה,ארלה פודס אמבה,DK,ארלה גבינת שמנת טבעי,גרמים,200.00,100 גרם,false,,17.70,8.8500,true,1,23197
5711953106606,false,גבינת שמנת ארלה עשבי תיבול 200 גרם,ארלה פודס אמבה,DK,ארלה גבינת שמנת עשבי,גרמים,200.00,100 גרם,false,,17.70,8.8500,true,1,23199
5740900403215,false,ממרח מחמאת לורפק עם מלח 250 ג',,DK,ממרח לורפק עם מלח 25,גרמים,250.00,100 גרם,false,,19.90,7.9600,true,1,23200
5740900403222,false,ממרח לורפק חמאה עם מלח מופחת שומן 250 ג,,DK,ממרח לורפק עם מלח מו,גרמים,250.00,100 גרם,false,,19.90,7.9600,true,1,23201
5740900403246,false,ממרח מחמאת לורפק ללא מלח 500 ג',,DK,ממרח לורפק ללא מלח 5,גרמים,500.00,100 גרם,false,,31.30,6.2600,true,1,23203
5740900403253,false,ממרח מחמאת לורפק עם מלח 500 ג',,DK,ממרח לורפק עם מלח 50,גרמים,500.00,100 גרם,false,,31.30,6.2600,true,1,23204
5740900403260,false,"ממרח לורפק חמאה לל""מ מופחת שומן 250 ג'",ארלה פודס אמבה,DK,ממרח לורפק ללא מלח מ,גרמים,250.00,100 גרם,false,,19.90,7.9600,true,1,23205
5740900403284,false,ממרח חמאה לופרק ללא מלח 200 גר',ארלה דודס,DK,חמאת לורפק ללא מלח 2,גרמים,200.00,100 גרם,false,,13.50,6.7500,true,1,87294
5765571202615,false,נר נשמה 48 שעות פלסט,,,נר נשמה 48 שעות פלסט,יחידה,0.00,יחידה,false,,5.90,0.0000,true,1,213189
5900020012814,false,דגנים נסקוויק מלחמת הכוכבים 500 גרם,מיוצר עי קונדיטוריית,PL,דגני בוקר נסקוויק נס,גרמים,500.00,100 גרם,false,,27.90,5.5800,true,1,18372
5900020015174,false,פיטנס - חטיף דגנים שוקולד 23.50 גרם * 6,מיוצר עי קונדיטוריית,PL,פיטנס חטיף דגנים שוק,גרמים,141.00,100 גרם,false,,17.90,12.6950,true,1,18373
5900020037916,false,דגני בוקר שיבולת שועל צ'ריוס 375ג',ג'נרל מילס סאן אדריא,FR,צ'יריוס שיבולת שועל,גרמים,375.00,100 גרם,false,,17.90,4.7733,true,1,151444
5900020041142,false,קורנפלקס פיטנס 500 ג' אסם,סי.פי פולין,PL,קורנפלקס פיטנס 500גר,גרמים,500.00,100 גרם,false,,13.90,2.7800,true,1,402084
5901414200411,false,ביסקוויט מיניס ממולא שוקולד היט 130 גר,בלזן,PL,היט מיניס קרם קקאו 1,גרמים,130.00,100 גרם,false,,6.40,4.9231,true,1,41905
5902198160403,false,"משקה אנרגיה XL TEN פחית לל""ס 250מ""ל","טמפו משקאות בע""מ",IL,אקס אל משקה אנרגיה ט,מיליליטרים,250.00,"100 מ""ל",false,,4.90,1.9600,true,1,9283
5906485301012,false,"משקה אנרגיה XL פחית 250 מ""ל","טמפו משקאות בע""מ",IL,אקס אל משקה אנרגיה 2,מיליליטרים,250.00,"100 מ""ל",false,,4.90,1.9600,true,1,9284
6111094000198,false,קוסקוס דארי דק 350 גרם,,,קוסקוס דק דארי 350 ג,גרמים,350.00,100 גרם,false,,8.90,2.5429,true,1,24888
6910191800287,false,אצות נורי לסושי מזרח,ננטונג היידה אקווטוק,CN,אצות נורי לסושי מזרח,גרמים,25.00,100 גרם,false,,11.90,47.6000,true,1,47462
6912977000140,false,אטריות שעועית דקות 250 גרם,Yantai Yinsida Longk,CN,אטריות שעועית ללא גל,גרמים,250.00,100 גרם,false,,8.90,3.5600,true,1,47463
7290000000311,false,קרואסון ביס בטעמים ח,,,קרואסון ביס בטעמים ח,קילוגרמים,1.00,"ק""ג",true,,43.00,43.0000,true,1,2400
7290000000465,false,לחמניה שמינייה,,,לחמניה שמינייה,יח',1.00,יח',false,,3.90,3.9000,true,1,2411
7290000001056,false,לחם אחיד 750 גרם,,,לחם אחיד 750 גרם,גרמים,750.00,100 גרם,false,,5.10,0.6800,true,1,4463
7290000001081,true,בייגלה טוסט בודד(108,,,בייגלה טוסט בודד(108,יח',1.00,יח',false,,4.80,4.8000,true,1,2581
7290000002021,false,רוגלך פרווה,,,רוגלך פרווה,קילוגרמים,1.00,"ק""ג",true,,38.00,38.0000,true,1,2452
7290000002022,false,פרווה ביס שוקולד/מאפ,,,פרווה ביס שוקולד/מאפ,קילוגרמים,1.00,"ק""ג",true,,43.00,43.0000,true,1,2453
7290000002033,false,מינגלעך/רוגלך ירושלמ,,,מינגלעך/רוגלך ירושלמ,קילוגרמים,1.00,"ק""ג",true,,42.90,42.9000,true,1,386588
7290000002057,false,בורקיטס בולגרי בטעמי,,,בורקיטס בולגרי בטעמי,קילוגרמים,1.00,"ק""ג",true,,38.00,38.0000,true,1,2454
7290000004045,false,חליות,,,חליות,יח',1.00,יח',false,,2.20,2.2000,true,1,107232
7290000004444,false,שקיות גופיה 20 מקרו,,,שקיות גופיה 20 מקרו,יחידה,0.00,יחידה,false,,0.10,0.0000,true,1,374412
7290000005025,false,בייגל בטעמים,,,בייגל בטעמים,יח',1.00,יח',false,,5.50,5.5000,true,1,36075
7290000014510,false,חסה עגולה,,,חסה עגולה,יח',1.00,יח',false,,6.90,6.9000,true,1,50832
7290000017414,false,כריך גבטה לבן/כפרי 1,,,כריך גבטה לבן/כפרי 1,יח',1.00,יח',false,,4.60,4.6000,true,1,33939
7290000023007,false,"ברנדי שטוק 84 40% 750 מ""ל","יקבי ברקן בע""ם",IL,"ברנדי שטוק 84 750 מ""",מיליליטרים,750.00,"100 מ""ל",false,,80.90,10.7867,true,1,9291
7290000023083,false,ערק אשקלון 40% בקבוק,"יקבי ברקן בע""מ",IL,"ערק אשקלון 700 מ""ל כ",מיליליטרים,700.00,"100 מ""ל",false,,55.90,7.9857,true,1,9292
7290000024202,false,"יין ברקן רזרב קברנה סובניון 750 מ""ל",ברקן שיווק והפצה בעמ,IL,קברנה סוביניון רזרבד,מיליליטרים,750.00,"100 מ""ל",false,,46.90,6.2533,true,1,9315
7290000024240,false,יין רזרב שרדונה 750 מל שביעית,ביבקבי ברקן שיווק וה,IL,"שרדונה רזרבד 750 מ""ל",מיליליטרים,750.00,"100 מ""ל",false,,46.90,6.2533,true,1,9318
7290000024264,false,"יין ברקן רזרב מרלו 750 מ""ל",כרמי צבי - אחים סגל,IL,מרלו ריזרב,מיליליטרים,750.00,"100 מ""ל",false,,46.90,6.2533,true,1,9319
7290000024530,false,יין אדום מתוק לקידוש של סגל ^^^,כרמי צבי - אחים סגל,IL,"גליה מתוק 750 מ""ל",מיליליטרים,750.00,"100 מ""ל",false,,16.90,2.2533,true,1,9324
7290000032665,false,רוטב עגבניות 28% 580ג' פרי זה,,,רוטב עגבניות 28% ברי,גרמים,580.00,100 גרם,false,,8.50,1.4655,true,1,8613
7290000040042,false,יוגורט תות %3 גביע 150 ג' יופלה,תנובה בעמ,IL,יופלה תות שובב 3% 15,מיליליטרים,150.00,"100 מ""ל",false,,5.60,3.7333,true,1,25661
7290000040080,false,יוגורט אפרסק 3% שומן 150 ג' יופלה,תנובה בעמ,IL,יופלה אפרסק מאוהב 3%,מיליליטרים,150.00,"100 מ""ל",false,,5.60,3.7333,true,1,25663
7290000040318,false,גבינת ברי 24% קולאז עדי תנובה 125 ג',תנובה,IL,תנובה גבינת ברי 24%,גרמים,125.00,100 גרם,false,,19.90,15.9200,true,1,25665
7290000040974,false,חלב טרי דל לקטוז 1ל' תנובה,"תנובה, מחלבת רחובות",IL,חלב תנובה קרטון דל ל,ליטרים,1.00,ליטר,false,,7.50,7.5000,true,1,25668
7290000041445,false,גבינת קוטג מהדרין 5% 250 גרם,מיוצר עי קונדיטוריית,IL,"קוטג' 5% תנובה בד""צ",גרמים,250.00,100 גרם,false,,5.70,2.2800,true,1,25670
7290000041858,false,"שמנת חמוצה 15% יטבתה 200 מ""ל מהדרין",שטראוס גרופ,IL,יטבתה שמנת חמוצה 15%,מיליליטרים,200.00,"100 מ""ל",false,,3.00,1.5000,true,1,23206
7290000042435,false,חלב דל שומן בקרטון+פקק 1 ליטר 1%,תנובה מרכז שיתופי לש,IL,חלב תנובה בקרטון 1%,ליטרים,1.00,ליטר,false,,5.86,5.8600,true,1,25679
7290000042640,false,"חלב תנובה עמיד 3% קרטון 250 מ""ל",תנובה מרכז שיתופי לש,IL,חלב תנובה עמיד 3% מה,מיליליטרים,250.00,"100 מ""ל",false,,2.90,1.1600,true,1,25684
7290000042855,false,יוטבתה שוקו שקית 225מל,שטראוס גרופ,IL,יטבתה שוקו שקית 225,מיליליטרים,225.00,"100 מ""ל",false,,2.90,1.2889,true,1,23211
7290000043814,false,"שמנת מתוקה להקצפה 38% 250 מ""ל תנובה",תנובה מרכז שיתופי לש,IL,שף לבן שמנת לקצפת עמ,מיליליטרים,250.00,"100 מ""ל",false,,6.47,2.5880,true,1,25689
7290000043890,false,רוויון קרטון 1 ליטר %1.5,תנובה מרכז שיתופי לש,IL,ריויון 1.5% 1ל,ליטרים,1.00,ליטר,false,,11.90,11.9000,true,1,25690
7290000043944,false,כד יוגורט תנובה 4% שומן 1.5 ליטר,מיוצר עי קונדיטוריית,IL,יוגורט כדים תנובה 1.,ליטרים,1.50,ליטר,false,,17.70,11.8000,true,1,25691
7290000044248,false,"רויון קרטון 1.5% שומן 500 מ""ל תנובה",תנובה,IL,ריויון 2% 500מל,מיליליטרים,500.00,"100 מ""ל",false,,6.90,1.3800,true,1,25694
7290000045580,false,"גבינת מותכת נעמה חורש 25%, 240 ג'",תנובה מרכז שיתופי לש,IL,נעמה גבינת מותכת 25%,גרמים,240.00,100 גרם,false,,18.90,7.8750,true,1,25700
7290000045917,false,קולאז עיזים פרומעז גליל 200 גרם,תנובה,IL,תנובה גבינת פרומעז 2,גרמים,200.00,100 גרם,false,,27.90,13.9500,true,1,25702
7290000046327,false,"גבינת גלבוע פרוס 22%, 200 ג' תנובה",תנובה מרכז שיתופי לש,IL,גלבוע גבינה פרוסה 22,גרמים,200.00,100 גרם,false,,13.30,6.6500,true,1,25703
7290000047942,false,גבינה לבנה 5% 250 גר בדצ,,,תנובה גבינה לבנה 9%,גרמים,250.00,100 גרם,false,,5.00,2.0000,true,1,25706
7290000048185,false,גבינה לבנה 5% שומן 250 ג' תנובה,מיוצר עי קונדיטוריית,IL,גבינה לבנה רכה 5% תנ,גרמים,250.00,100 גרם,false,,4.98,1.9920,true,1,25707
7290000048192,false,גבינה לבנה 9% שומן 250 ג' תנובה,מחלבת אלון תבור,IL,גבינה לבנה רכה 9% בד,גרמים,250.00,100 גרם,false,,5.00,2.0000,true,1,25708
7290000049458,false,גבינת פטה עיזים 16% גביע פיראוס 250 ג',תנובה מרכז שיתופי לש,IL,פיראוס בולגרית עיזים,גרמים,250.00,100 גרם,false,,29.50,11.8000,true,1,25714
7290000051307,false,מארז הפסקת אוכל עם דגני עוגי ומשקה חלב עמיד בטעם וניל,"תנובה, מחלבת טנא נוג",IL,חלב תנובה הפ.אוכל עו,מיליליטרים,150.00,"100 מ""ל",false,,10.30,6.8667,true,1,25724
7290000051352,false,חלב מלא בטעם של פעם 3.4% תנובה קרטון 1 ל',תנובה מרכז שיתופי לש,IL,חלב תנובה של פעם בקר,ליטרים,1.00,ליטר,false,,7.70,7.7000,true,1,25725
7290000051710,false,לאבנה 9% עם שמן זית וזעתר 263 ג' פיראוס,"תנובה, מחלבת אלון תב",IL,פיראוס לאבנה עם שמן,גרמים,263.00,100 גרם,false,,14.90,5.6654,true,1,25728
7290000052311,false,עמק פרוס בקופסא 200 גר 15% שומן,תנובה,IL,עמק מהדרין 15% 200 ג,גרמים,200.00,100 גרם,false,,16.90,8.4500,true,1,25733
7290000052717,false,קוטג' 5%עם שום שמיר 250 ג' תנובה,מיוצר עי קונדיטוריית,IL,קוטג תנובה עם שום שמ,גרמים,250.00,100 גרם,false,,5.90,2.3600,true,1,25737
7290000055329,false,משקה יוגורט יופלה בטעם תות-מלון 250 גר,תנובה בעמ,IL,יופלה משקה יוגורט תו,מיליליטרים,250.00,"100 מ""ל",false,,6.50,2.6000,true,1,25749
7290000055336,false,משקה יוגורט יופלה בטעם בננה אפרסק 250 גר,תנובה בעמ,IL,יופלה משקה יוגורט בנ,מיליליטרים,250.00,"100 מ""ל",false,,6.50,2.6000,true,1,25750
7290000055343,false,משקה יוגורט יופלה בטעם טרופי 250 גר,תנובה בעמ,IL,יופלה משקה יוגורט טר,מיליליטרים,250.00,"100 מ""ל",false,,6.50,2.6000,true,1,25751
7290000056845,false,חלב טרי 3% הומוגני קרטון 1.5 ל' תנובה,פארייפאבה אגרואינדוס,IL,חלב תנובה בקרטון 3%,ליטרים,1.50,ליטר,false,,9.34,6.2267,true,1,25765
7290000056906,false,מאגדת לבן טבעי 1.5% שומן 8 יח' * 150 ג' יופלה,מחלבת אלון תבור,IL,יופלה לבן 1.5% 8*150,ליטרים,1.20,ליטר,false,,18.90,15.7500,true,1,25768
7290000056951,false,שמנת לבישול 15% 500 מל עמיד השף הלבן,תנובה,IL,שף לבן שמנת לבישול +,מיליליטרים,500.00,"100 מ""ל",false,,17.90,3.5800,true,1,25770
7290000057088,false,עמק פרוס דק דק 200 גרם 28%,פ.פ.ח. שאביט,IL,עמק דק דק 28% 200גר,גרמים,200.00,100 גרם,false,,17.50,8.7500,true,1,25773
7290000057118,false,עמק סמי מעדנייה כשרות מהדרין,תנובה מרכז שיתופי לש,IL,עמק סמי 28% 400 גר,גרמים,400.00,100 גרם,false,,23.90,5.9750,true,1,25774
7290000057132,false,יוגורט תנובה טבעי 1.5% גביע 200 גרם,מחלבת אלון תבור,IL,תנובה יוגורט טבעי 1.,מיליליטרים,200.00,"100 מ""ל",false,,3.50,1.7500,true,1,25775
7290000057149,false,יוגורט תנובה טבעי 3% גביע 200 גרם,מיוצר עי קונדיטוריית,IL,תנובה יוגורט טבעי 3%,גרמים,200.00,100 גרם,false,,3.50,1.7500,true,1,25776
7290000057552,false,יופלה דיאט עוגת גבינה ותות 0% גביע 150ג',תנובה בעמ,IL,יופלה דיאט ע.גבינה ו,מיליליטרים,150.00,"100 מ""ל",false,,5.60,3.7333,true,1,25779
7290000058030,false,"יופלה שטוזים משקה יוגורט תות 8 יח' * 100 מ""ל",מיוצר עי קונדיטוריית,IL,יופלה שטוזים משקה יו,מיליליטרים,800.00,"100 מ""ל",false,,21.90,2.7375,true,1,25781
7290000058047,false,"שמנת להקצפה 38% שומן 500 מ""ל תנובה",תנובה,IL,שף לבן שמנת מתוקה מה,מיליליטרים,500.00,"100 מ""ל",false,,12.94,2.5880,true,1,25782
7290000060088,false,בייגלה מקלות מלוחים 400 ג' אסם,מיוצר עי קונדיטוריית,IL,בייגלה אסם מקלות מלו,גרמים,400.00,100 גרם,false,,11.90,2.9750,true,1,18402
7290000060163,false,אטריות דקות 400 ג' אסם,"אסם השקעות בע""מ",IL,אטריות דקות אסם 400,גרמים,400.00,100 גרם,false,,7.90,1.9750,true,1,18405
7290000060200,false,אוסם - פתיתים אפויים קוסקוס 500 גרם,"אסם השקעות בע""מ",IL,פתיתים אפויים קוסקוס,גרמים,500.00,100 גרם,false,,7.90,1.5800,true,1,18406
7290000060248,false,פסטה אסם פתיתים תלתלים 500 גר',פסטה זארה,IL,פסטה תלתלים אסם 500,גרמים,500.00,100 גרם,false,,6.90,1.3800,true,1,18408
7290000060316,false,פסטה פרפקטו ספגטי 500ג' אסם,פסטה זארה,IT,פסטה ספגטי פרפקטו 50,גרמים,500.00,100 גרם,false,,7.90,1.5800,true,1,18410
7290000060781,false,פסטה מסולסלים (57) 500 גרם,פסטה זארה,IT,פסטה מסולסלים אסם 50,גרמים,500.00,100 גרם,false,,6.90,1.3800,true,1,18422
7290000060828,false,פסטה קרניים בינוניות (55) 500 גרם,פסטה זארה,IT,פסטה קרניים בינוניות,גרמים,500.00,100 גרם,false,,6.90,1.3800,true,1,18423
7290000060842,false,פסטה צדפים גדולים (56) 500 גרם,פסטה זארה,IT,פסטה צדפים גדולים אס,גרמים,500.00,100 גרם,false,,6.90,1.3800,true,1,18424
7290000060903,false,אוסם - פתיתים אפויים אורז 500 גרם,"אסם השקעות בע""מ",IL,פתיתים אפויים אורז א,גרמים,500.00,100 גרם,false,,7.90,1.5800,true,1,18428
7290000060965,false,אטריות רחבות 400 ג' אסם,"אסם השקעות בע""מ",IL,אטריות רחבות אסם 400,גרמים,400.00,100 גרם,false,,7.90,1.9750,true,1,18431
7290000061061,false,אסם קרקר בצל 250גרם,"אסם השקעות בע""מ",IL,אסם קרקר בצל 250גרם,גרמים,250.00,100 גרם,false,,9.90,3.9600,true,1,18433
7290000061085,false,"רוטב צילי מתוק 290 מ""ל-בקבוק","אסם השקעות בע""מ",IL,אסם רוטב צ'ילי מתוק,מיליליטרים,290.00,"100 מ""ל",false,,12.90,4.4483,true,1,18434
7290000061245,false,עוגיות שוקוציפס ממולאות שוקולד 220 גרם,מיוצר עי קונדיטוריית,IL,אסם עוגיות שוקוצ'יפס,גרמים,220.00,100 גרם,false,,11.90,5.4091,true,1,18437
7290000062952,false,אוסם - מיני קרוטונים למרק ולסלט 250 גרם,עינת תעשיות,IL,מיני קרוטונים למרק ו,גרמים,250.00,100 גרם,false,,16.90,6.7600,true,1,18446
7290000063102,false,קמח עוגה אסם תופח מאליו 350ג',"אסם השקעות בע""מ",IL,קמח תופח קטן אסם 350,גרמים,350.00,100 גרם,false,,5.80,1.6571,true,1,18449
7290000063140,false,שקדי מרק רכיבים טבעיים בשקית 400 ג' אסם,"אסם השקעות בע""מ",IL,שקדי מרק רכיבים טבעי,גרמים,400.00,100 גרם,false,,13.90,3.4750,true,1,18451
7290000063157,false,"קמח עוגה תופח מאליו 1 ק""ג","אסם השקעות בע""מ",IL,קמח עוגה תופח מאליו,קילוגרמים,1.00,"ק""ג",false,,10.00,10.0000,true,1,18452
7290000064758,false,קוסקוס בינוני אמיתי אסם 350 ג',"מיוצר ע""י קוד יצרן K",IL,קוסקוס אמיתי אסם 350,גרמים,350.00,100 גרם,false,,8.90,2.5429,true,1,18462
7290000065090,false,מיני קרוטונים למרק ולסלט 400 ג' אסם,עינת תעשיות,IL,מיני קרוטונים למרק ו,גרמים,400.00,100 גרם,false,,27.00,6.7500,true,1,18464
7290000066141,false,ביסלי בטעם גריל 70 גרם,"אסם השקעות בע""מ",IL,ביסלי גריל 70 גר'.,גרמים,70.00,100 גרם,false,,4.90,7.0000,true,1,18476
7290000066196,false,ביסלי גדול בטעם גריל 200 ג' אסם,מיוצר עי קונדיטוריית,IL,ביסלי גריל 200גרם,גרמים,200.00,100 גרם,false,,7.90,3.9500,true,1,18481
7290000066318,false,במבה קלאסי 80 גרם,"אסם השקעות בע""מ",IL,במבה קלאסי 80 גרם,גרמים,80.00,100 גרם,false,,4.90,6.1250,true,1,18488
7290000066332,false,אפרופו חטיף אסם 50ג',מיוצר עי קונדיטוריית,IL,אפרופו 50 גרם,גרמים,50.00,100 גרם,false,,5.50,11.0000,true,1,18489
7290000066431,false,פופקו חטיף תירס בטעם חמאה ודבש 80 גרם,מיוצר עי קונדיטוריית,IL,פופקו חמאה ודבש 80גר,גרמים,80.00,100 גרם,false,,5.90,7.3750,true,1,18491
7290000067407,false,פרורית מתובלת בשקית 200 גרם,עינת תעשיות,IL,פירורית מתובל שקית 2,גרמים,200.00,100 גרם,false,,6.50,3.2500,true,1,18498
7290000067544,false,פירורית זהב 200 ג' אוסם,עינת תעשיות,IL,אסם פירורית פירורי ל,גרמים,200.00,100 גרם,false,,6.50,3.2500,true,1,18500
7290000068138,false,פודינג אינסטנט וניל 80 ג' אסם,מיוצר עי קונדיטוריית,IL,אסם פודינג אינסטנט ו,גרמים,80.00,100 גרם,false,,6.50,8.1250,true,1,18510
7290000068190,false,ג'לי תות שדה צבע טבעי 85 ג',מיוצר עי קונדיטוריית,IL,אסם ג'לי תות שדה צבע,גרמים,90.00,100 גרם,false,,7.50,8.3333,true,1,18514
7290000068701,false,שקדי מרק רכיבים טבעיים 400 גרם-מיכל,"אסם השקעות בע""מ",IL,שקדי מרק במיכל אסם 4,גרמים,400.00,100 גרם,false,,16.90,4.2250,true,1,18521
7290000069258,false,פסטה פרפקטו פנה ריגאטה 500ג' אסם,פסטה זארה,IT,פנה ריגאטה פרפקטו 50,גרמים,500.00,100 גרם,false,,7.90,1.5800,true,1,18527
7290000069364,false,פריכונים עגולים אורז דל נתרן אסם 140 גרם,"מיוצר ע""י PT, משווק",IL,פריכונים מאורז מלא ל,גרמים,140.00,100 גרם,false,,7.90,5.6429,true,1,18528
7290000070308,false,אבקת מרק עוף אמיתי 400 גרם-מיכל,"אסם השקעות בע""מ",IL,מרק עוף אמיתי אסם 40,גרמים,400.00,100 גרם,false,,24.90,6.2250,true,1,18538
7290000070322,false,אבקת מרק פטריות רכיבים טבעיים אוסם 400 ג',"אסם השקעות בע""מ",IL,אבקת מרק פטריות רכיב,גרמים,400.00,100 גרם,false,,29.50,7.3750,true,1,18539
7290000070353,false,אבקת מרק בצל רכיבים טבעיים 400 ג' אסם,"אסם השקעות בע""מ",IL,אבקת מרק בצל רכיבים,גרמים,400.00,100 גרם,false,,28.90,7.2250,true,1,18540
7290000072623,false,קטשופ אסם בקבוק לחיץ 750 גרם,"אסם השקעות בע""מ",IL,אסם קטשופ בקבוק לחיץ,גרמים,750.00,100 גרם,false,,11.90,1.5867,true,1,18556
7290000072753,false,קפה טייסטר צ'ויס קפה מגורען 200ג',לוטה נסטלה קוריאה,IL,נס קפה טייסטרס צ'ויס,גרמים,200.00,100 גרם,false,,32.90,16.4500,true,1,18559
7290000072968,false,דגנים סיני מיניס מלחמת הכוכבים 500 גרם,סי. פי. פולין,PL,סיני מיניס דגני נסטל,יחידה,500.00,יחידה,false,,27.90,0.0558,true,1,18567
7290000073330,false,קשיו ענק קלוי,,,קשיו ענק קלוי,קילוגרמים,1.00,"ק""ג",true,,92.00,92.0000,true,1,31556
7290000073750,false,מנה חמה נודלס אטר+ירקות טעם עוף 70 גרם,,,מנה חמה נודלס בטעם ע,גרמים,70.00,100 גרם,false,,6.90,9.8571,true,1,18571
7290000073774,false,מנה חמה נודלס אטר+ירקות טעם צילי 70 גרם,,,מנה חמה נודלס בטעם פ,גרמים,70.00,100 גרם,false,,6.90,9.8571,true,1,18573
7290000074184,false,אוסם - פתי בר בינוני 500 גרם,"אסם השקעות בע""מ",IL,אסם פתי בר 500גרם.,גרמים,500.00,100 גרם,false,,10.90,2.1800,true,1,18579
7290000074245,false,אוסם - קרם קרקר אסם 250 גרם,"אסם השקעות בע""מ",IL,אסם קרם קרקר 250גרם,גרמים,250.00,100 גרם,false,,10.90,4.3600,true,1,18580
7290000074252,false,אסם קרקר שומשום 250 גרם,"אסם השקעות בע""מ",IL,אסם קרקר שומשום 250ג,גרמים,250.00,100 גרם,false,,10.90,4.3600,true,1,18581
7290000074276,false,קרקר פיקנטי טבעון 250 ג' אסם,"אסם השקעות בע""מ",IL,טבעון קרקר פיקנטי 25,גרמים,250.00,100 גרם,false,,10.90,4.3600,true,1,18582
7290000074375,false,אוסם - קרקר זהב 150 גרם,"אסם השקעות בע""מ",IL,אסם קרקר זהב 150גרם,גרמים,150.00,100 גרם,false,,8.50,5.6667,true,1,18585
7290000074481,false,לחמית אגוזים אסם 160 ג',"אסם השקעות בע""מ",IL,לחמית אגוזים 160גרם,גרמים,160.00,100 גרם,false,,11.90,7.4375,true,1,18587
7290000074696,false,"קרם קרקר 1 ק""ג אוסם","אסם השקעות בע""מ",IL,אסם קרם קרקר 1קג,קילוגרמים,1.00,"ק""ג",false,,24.90,24.9000,true,1,18589
7290000075693,false,עוגת הבית שמרים בריוש שוקולד 360ג',מיוצר עי קונדיטוריית,IL,עוגת שמרים בריוש שוק,גרמים,360.00,100 גרם,false,,15.90,4.4167,true,1,18598
7290000075761,false,גרעין אבטיח קלוי,,,גרעין אבטיח קלוי,קילוגרמים,1.00,"ק""ג",true,,61.00,61.0000,true,1,31558
7290000076133,false,בייגלה שמיניות קטנות 400 גרם אסם,"אסם השקעות בע""מ",IL,בייגלה אסם שמיניות ק,גרמים,400.00,100 גרם,false,,11.90,2.9750,true,1,18600
7290000076478,false,דלעת מקולפת טבעי,,,דלעת מקולפת טבעי,קילוגרמים,1.00,"ק""ג",true,,60.00,60.0000,true,1,31560
7290000076546,false,שקד ספרדי קלוי,,,שקד ספרדי קלוי,קילוגרמים,1.00,"ק""ג",true,,98.00,98.0000,true,1,31563
7290000076744,false,בונדוק קלוי,,,בונדוק קלוי,קילוגרמים,1.00,"ק""ג",true,,130.00,130.0000,true,1,31568
7290000076867,false,שקד מלובן,,,שקד מלובן,קילוגרמים,1.00,"ק""ג",true,,120.00,120.0000,true,1,31570
7290000076881,false,פקאן סיני,,,פקאן סיני,קילוגרמים,1.00,"ק""ג",true,,119.00,119.0000,true,1,31571
7290000077024,false,פיסטוק ענק קלוי,,,פיסטוק ענק קלוי,קילוגרמים,1.00,"ק""ג",true,,97.00,97.0000,true,1,31572
7290000077253,false,אוסם - לחמית כפרית עם דגנים מלאים 190 גרם,"אסם השקעות בע""מ",IL,לחמית כפרית 190גרם,גרמים,190.00,100 גרם,false,,11.90,6.2632,true,1,18605
7290000077321,false,בוטן מסוכר,,,בוטן מסוכר,קילוגרמים,1.00,"ק""ג",true,,36.00,36.0000,true,1,31581
7290000077475,false,בוטנים קלויים,,,בוטנים קלויים,קילוגרמים,1.00,"ק""ג",true,,37.00,37.0000,true,1,31589
7290000077482,false,גרעין לבן קלוי,,,גרעין לבן קלוי,קילוגרמים,1.00,"ק""ג",true,,45.00,45.0000,true,1,31590
7290000077772,false,קבוקים,,,קבוקים,קילוגרמים,1.00,"ק""ג",true,,35.00,35.0000,true,1,31595
7290000077796,false,שזיף ללא גרעינים,,,שזיף ללא גרעינים,קילוגרמים,1.00,"ק""ג",true,,45.00,45.0000,true,1,31597
7290000077857,false,צימוק לבן,,,צימוק לבן,קילוגרמים,1.00,"ק""ג",true,,37.00,37.0000,true,1,31599
7290000077925,false,טוסטעים צנימים עגולים מחיטה מלאה אוסם,ון דר מולן האלום,NL,טוסטעים עגול חיטה מל,גרמים,125.00,100 גרם,false,,10.90,8.7200,true,1,18607
7290000078083,false,בוטן בקליפה,,,בוטן בקליפה,קילוגרמים,1.00,"ק""ג",true,,21.00,21.0000,true,1,31605
7290000078335,false,אוכמניות / חמוציות,,,אוכמניות / חמוציות,קילוגרמים,1.00,"ק""ג",true,,51.00,51.0000,true,1,31607
7290000078380,false,תמר מג`הול ענק,,,תמר מג`הול ענק,קילוגרמים,1.00,"ק""ג",true,,44.00,44.0000,true,1,31609
7290000078564,false,קשיו מסוכר,,,קשיו מסוכר,קילוגרמים,1.00,"ק""ג",true,,77.00,77.0000,true,1,31613
7290000078601,false,קשיו טבעי,,,קשיו טבעי,קילוגרמים,1.00,"ק""ג",true,,85.00,85.0000,true,1,31614
7290000078687,false,חטיפים בטעמים,,,חטיפים בטעמים,קילוגרמים,1.00,"ק""ג",true,,31.00,31.0000,true,1,31615
7290000078762,false,אוסם - חטיפי פריכונים מאורז מלא בטעם דבש 80גר,סנורייס בלגיום אן. ו,IL,חטיפי פריכונים אורז,גרמים,80.00,100 גרם,false,,8.90,11.1250,true,1,18610
7290000080758,false,אוסם - טוסטעים פת קלוי 100 גרם,ון דר מולן האלום,NL,טוסטעים פת קלוי אסם,גרמים,100.00,100 גרם,false,,10.90,10.9000,true,1,18613
7290000081663,false,בייגלה טבעות עם שומשום 300 גרם,מיוצר עי קונדיטוריית,IL,בייגלה אסם טבעות שומ,גרמים,300.00,100 גרם,false,,11.90,3.9667,true,1,18616
7290000100018,false,גביניות,,,גביניות,קילוגרמים,1.00,"ק""ג",true,,43.00,43.0000,true,1,2491
7290000100081,false,לחמניה קשר/קלועה,,,לחמניה קשר/קלועה,יח',1.00,יח',false,,3.00,3.0000,true,1,33949
7290000100135,false,פירות קפואים סנפרוסט דובדבן 300 גר,סנפרוסט בעמ,IL,סדרת פירות קפואים-דו,גרמים,300.00,100 גרם,false,,18.90,6.3000,true,1,25399
7290000101927,false,אוכמניות כחולות מוקפאות סנפרוסט 300 גרם,"איי, בי, אינבוו",IL,אוכמניות כחולות מוקפ,גרמים,300.00,100 גרם,false,,18.90,6.3000,true,1,25420
7290000101941,false,אננס חתוך מוקפא סנפרוסט 300ג',"סנפרוסט בע""מ",IL,אננס מוקפא 300 גרם,גרמים,300.00,100 גרם,false,,18.90,6.3000,true,1,221332
7290000103433,false,לקט ירקות סנפרוסט לתנור 800 גר,"איי, בי, אינבוו",IL,לקט ירקות לתנור 800,גרמים,800.00,100 גרם,false,,24.90,3.1125,true,1,25432
7290000103471,false,מיני ברוקלי סנפרוסט 600 ג',"סנפרוסט בע""מ",IL,סנפרוסט מיני ברוקולי,גרמים,600.00,100 גרם,false,,19.90,3.3167,true,1,25435
7290000103846,false,מרק אפונה 570 ג' סנפרוסט,"סנפרוסט בע""מ",IL,סנפרוסט מרק אפונה קפ,גרמים,570.00,100 גרם,false,,19.90,3.4912,true,1,25458
7290000104676,false,אפונה קפואה סנפרוסט 800 גרם,"איי, בי, אינבוו",IL,אפונת גינה סנפרוסט 8,גרמים,800.00,100 גרם,false,,19.90,2.4875,true,1,25469
7290000104683,false,שעועית ירוקה שלמה 800 גר סנפרוסט,"סנפרוסט בע""מ",IL,שעועית שלמה סנפרוסט,גרמים,800.00,100 גרם,false,,22.90,2.8625,true,1,25470
7290000104690,false,תירס גרעינים 800 גרם סנפרוסט,"איי, בי, אינבוו",IL,תירס גרעינים 800גר,גרמים,800.00,100 גרם,false,,18.90,2.3625,true,1,25471
7290000104706,false,גזר גמדי 800 גרם סנפרוסט,"סנפרוסט בע""מ",IL,גזר גמדי 800 גרם,גרמים,800.00,100 גרם,false,,18.90,2.3625,true,1,25472
7290000104713,false,פול ירוק 800 גר סנפרוסט,"איי, בי, אינבוו",IL,פול ירוק 800גר,גרמים,800.00,100 גרם,false,,26.90,3.3625,true,1,25473
7290000104720,false,שעועית ירוקה חתוכה 800גר סנפרוסט,"סנפרוסט בע""מ",IL,שעועית ירוקה חתוכה ס,גרמים,800.00,100 גרם,false,,20.90,2.6125,true,1,25474
7290000104744,false,כרובית 800 גר סנפרוסט,"סנפרוסט בע""מ",IL,כרובית 800גר,גרמים,800.00,100 גרם,false,,27.90,3.4875,true,1,25476
7290000104751,false,כרוב ניצנים 800גר סנפרוסט,"איי, בי, אינבוו",IL,כרוב ניצנים 800גר,גרמים,800.00,100 גרם,false,,27.90,3.4875,true,1,25477
7290000104768,false,תרד עלים סנפרוסט 800 ג ',"איי, בי, אינבוו",IL,תרד עלים 800 גרם,גרמים,800.00,100 גרם,false,,28.90,3.6125,true,1,25478
7290000104799,false,שעועית לבנה מבושלת סנפרוסט 800גר,"איי, בי, אינבוו",IL,שעועית לבנה מבושלת 8,גרמים,800.00,100 גרם,false,,20.90,2.6125,true,1,25480
7290000104805,false,גרגירי חומוס קפוא 800 ג' סנפרוסט,"איי, בי, אינבוו",IL,גרגירי חומוס קפוא 80,גרמים,800.00,100 גרם,false,,20.90,2.6125,true,1,25481
7290000104829,false,"קלחוני תירס 1 ק""ג סנפרוסט","סנפרוסט בע""מ",IL,"קלחוני תירס 1 ק""ג",קילוגרמים,1.00,"ק""ג",false,,19.90,19.9000,true,1,25482
7290000104836,false,שעועית עדינה שלמה 600 גר סנפרוסט,"סנפרוסט בע""מ",IL,שעועית עדינה שלמה סנ,גרמים,600.00,100 גרם,false,,24.90,4.1500,true,1,25483
7290000104874,false,ירקות לקוסקוס של אמא סנפרוסט 800ג',"סנפרוסט בע""מ",IL,לקט קוסקוס 800גר,גרמים,800.00,100 גרם,false,,24.90,3.1125,true,1,25485
7290000104881,false,אפונה וגזר קפוא סנפרוסט 800ג',"איי, בי, אינבוו",IL,אפונה וגזר 800 גרם ס,גרמים,800.00,100 גרם,false,,17.90,2.2375,true,1,25486
7290000104911,false,לקט נורמנדי 800 גר סנפרוסט,"איי, בי, אינבוו",IL,לקט נורמנדי 800גר,גרמים,800.00,100 גרם,false,,23.90,2.9875,true,1,25488
7290000106526,false,חגיגה ירוקה להקפצה סנפרוסט 800 גר,"איי, בי, אינבוו",IL,סנפרוסט חגיגה ירוקה,גרמים,800.00,100 גרם,false,,26.90,3.3625,true,1,25493
7290000107165,false,פולי סויה אדממה סנפרוסט 400 ג',"איי, בי, אינבוו",IL,פולי סויה אדממה קפוא,גרמים,400.00,100 גרם,false,,14.90,3.7250,true,1,25495
7290000107615,false,מנה אסייטית צבעונית ועשירה סנפרוסט 800גר,"איי, בי, אינבוו",IL,סנפרוסט מנה אסייתי צ,גרמים,800.00,100 גרם,false,,26.90,3.3625,true,1,25499
7290000107622,false,פסטה וירקות א-לה איטליה סנפרוסט 800 ג',"איי, בי, אינבוו",IL,סנפרוסט פסטה וירקות,גרמים,800.00,100 גרם,false,,26.90,3.3625,true,1,25500
7290000112220,false,בארכה טחינה 100% שומשום 500 גרם,רושדי תעשיות מזון בע,IL,בארכה טחינה 100% שומ,גרמים,500.00,100 גרם,false,,15.90,3.1800,true,1,18617
7290000112237,false,בארכה טחינה 100% שומשום 6*1000גרם,רושדי תעשיות מזון בע,IL,בארכה טחינה 100% שומ,קילוגרמים,1.00,"ק""ג",false,,31.00,31.0000,true,1,18618
7290000112503,false,מרק עשיר ירקות קנור 69 גרם - שקיות,יוניליוור ישראל מזון,IL,מרק עשיר ירקות קנור,גרמים,61.00,100 גרם,false,,11.90,19.5082,true,1,10095
7290000112619,false,מרק עוף לתיבול והעשרה קנור 400 ג',יוניליוור ישראל מזון,IL,מרק עוף אמיתי לתיבול,גרמים,400.00,100 גרם,false,,19.90,4.9750,true,1,10097
7290000116204,false,"אבקת מרק דגש בטעם עוף 1ק""ג קנור",יוניליוור ישראל מזון,IL,מרק דגש עוף קנור 1 ק,קילוגרמים,1.00,"ק""ג",false,,16.90,16.9000,true,1,10109
7290000116884,false,רוטב קנור ברביקיו 300 גר,יוניליוור ישראל מזון,IL,רוטב ברביקיו קנור 20,מיליליטרים,200.00,"100 מ""ל",false,,13.90,6.9500,true,1,10110
7290000135151,false,"טמפו סודה למון ליים בקבוק 250 מ""ל",טמפו משקאות בעמ,IL,סודה נגיעות לימון 27,מיליליטרים,275.00,"100 מ""ל",false,,3.50,1.2727,true,1,115224
7290000135625,false,"רביעיית פחיות גולדסטאר 500 מ""ל",טמפו,IL,גולדסטאר פחיות 4*500,ליטרים,2.00,ליטר,false,,29.90,14.9500,true,1,155546
7290000136165,false,מירינדה בקבוק 1.5 לי,טמפו,IL,מירינדה 1.5 ליטר,ליטרים,1.50,ליטר,false,,8.50,5.6667,true,1,202899
7290000136172,false,סבן אפ בקבוק 1.5 ליט,טמפו,IL,סבן אפ 1.5 ליטר,ליטרים,1.50,ליטר,false,,8.50,5.6667,true,1,202914
7290000136264,false,מי טוניק גזוז 1.5 ל' טמפו,טמפו,IL,טמפו מי טוניק 1.5 ל,ליטרים,1.50,ליטר,false,,11.00,7.3333,true,1,202459
7290000136288,false,סירופ בטעם תפוחים 330 מל JUICER,,,סיידר הגליל JUICER ס,מיליליטרים,330.00,"100 מ""ל",false,,13.60,4.1212,true,1,351932
7290000136646,false,משקה מאלט תריסר 1.5 ל' נשר,טמפו,IL,נשר מאלט 1.5 ליטר,ליטרים,1.50,ליטר,false,,9.50,6.3333,true,1,202404
7290000136653,false,משקה מאלט דיאט תריסר 1.5 ל' נשר,טמפו,IL,נשר מאלט דיאט 1.5 לי,ליטרים,1.50,ליטר,false,,9.50,6.3333,true,1,202405
7290000136660,false,סודה טמפו 1.5 ליטר,טמפו,IL,טמפו סודה 1.5 ליטר,ליטרים,1.50,ליטר,false,,4.50,3.0000,true,1,202807
7290000136790,false,מארז סודה שישייה 1.5 ל' טמפו,טמפו,IL,טמפו סודה 6*1.5 ליטר,ליטרים,9.00,ליטר,false,,19.60,2.1778,true,1,202534
7290000136844,false,מים אקווה נובה 2 ליטר שישייה-,טמפו,IL,אקווה נובה 6*2 ליטר,ליטרים,12.00,ליטר,false,,12.90,1.0750,true,1,202431
7290000136868,false,מארז מים שישיה *1.5ל' סאן בנדטו,טמפו,IL,מים סאן בנדטו 6* 1.5,ליטרים,9.00,ליטר,false,,19.70,2.1889,true,1,202445
7290000136875,false,מארז מים מינרלים מוגז 6* 1.5 ל' סאן בנדטו,טמפו,IL,סאן בנדטו מים מינרלי,ליטרים,9.00,ליטר,false,,20.90,2.3222,true,1,202519
7290000139898,false,סטייק עם עצם כשר ארו,,,סטייק עם עצם כשר ארו,קילוגרמים,1.00,"ק""ג",true,,140.00,140.0000,true,1,42500
7290000144160,false,"שמן זית כתית מעולה מודגש""עץ-הזית"" 750 מ""ל","מרקאולאו, ספרד.אבסה,",IT,שמן זית כתית מעולה א,מיליליטרים,750.00,"100 מ""ל",false,,35.90,4.7867,true,1,29291
7290000146997,false,"טום וג'רי - משחת שיניים מסטיק 50 מ""ל",שוורצקוף& הנקל דיסלד,IL,משחת שיניים טום וגרי,מיליליטרים,50.00,"100 מ""ל",false,,7.90,15.8000,true,1,8084
7290000148939,false,שקדים קלויים קלית גת 200 ג',"ג'י אנד ג'י בע""מ",IL,שקדים קלויים 200 גרם,גרמים,200.00,100 גרם,false,,20.90,10.4500,true,1,12722
7290000149905,false,טקסטיל שמפו לכביסה ביד 1 ליטר,מיוצר עי קונדיטוריית,IL,טקסטיל שמפו-1 ליטר נ,ליטרים,1.00,ליטר,false,,15.90,15.9000,true,1,29629
7290000169798,false,"עוגי מופחת סוכר 20% פצפוצי שוקו' 500ג' בד""צ",יוניליוור שפע ישראל,IL,עוגי מופחת סוכר 20%,גרמים,500.00,100 גרם,false,,23.90,4.7800,true,1,10268
7290000174723,false,שוקולית אבקה להכנת משקה שוקו 500 גרם,הנסיך- מפעל לייצור ט,IL,שוקולית 500 גרם,גרמים,500.00,100 גרם,false,,14.90,2.9800,true,1,22146
7290000176413,false,קפה נמס עלית 50 גרם,הנסיך- מפעל לייצור ט,IL,עלית נמס 50 גר',גרמים,50.00,100 גרם,false,,10.40,20.8000,true,1,22154
7290000176420,false,קפה נמס אבקתי 200ג עלית,שטראוס קפה בי.וי,IL,קפה נמס עלית פחית 20,גרמים,200.00,100 גרם,false,,22.90,11.4500,true,1,22155
7290000178707,false,תפוציפס מלוח 50 גרם,"שטראוס פריטו ליי בע""",IL,תפוציפס טבעי 50 גרם,גרמים,50.00,100 גרם,false,,4.30,8.6000,true,1,24116
7290000178721,false,תפוציפס מלוח 200 גרם,"שטראוס פריטו ליי בע""",IL,תפוציפס טבעי 200 גרם,גרמים,200.00,100 גרם,false,,11.90,5.9500,true,1,24118
7290000187921,false,נייר טואלט לבן 32 גלילים לילי,קימברלי קלארק ישראל,IL,"נייר טואלט ""לילי"" לב",מטרים,588.00,מטר,false,,42.90,0.0730,true,1,8847
7290000187938,false,לילי - נייר טואולט נייר טואלט פסטל 32 יח',חוגלה קימברלי,,"נייר טואלט ""לילי"" פס",מטרים,588.00,מטר,false,,42.90,0.0730,true,1,8848
7290000187952,false,נייר טואלט טריו לילי פרימיום 32גליל,חוגלה קימברלי,,נייר טאולט לילי טריו,מטרים,537.00,מטר,false,,46.90,0.0873,true,1,8849
7290000189505,false,תבנית קרטון אפיה אינגליש ניקול 5יח',"דוקארט בעמ, קיבוץ כפ",IL,ניקול תבנית אפייה מק,יחידה,0.00,יחידה,false,,11.90,0.0000,true,1,8880
7290000191652,false,קלינקס ממחטות טישו אולטרא סופט מארז 90X3יח',חוגלה קימברלי,IL,קלינקס קלאסיק ניילון,יחידה,0.00,יחידה,false,,12.90,0.0000,true,1,8918
7290000197470,false,מקפיאון שקיות הקפאה מתכלות ניקול 250יח',אשלפסט תעשיות בעמ,IL,"ניקול שקיות רב""ש 250",יחידה,0.00,יחידה,false,,15.90,0.0000,true,1,8993
7290000207162,false,רוטב עגבניות מרכיב טבעי 100 ג' יכין,"זנלכל בע""מ",IL,רוטב עגבניות 100 גרם,גרמים,100.00,100 גרם,false,,2.50,2.5000,true,1,8618
7290000207764,false,חטיף יפני,,,חטיף יפני,קילוגרמים,1.00,"ק""ג",true,,67.00,67.0000,true,1,31627
7290000208077,false,אפונת גינה רגילה 550 גרם יכין,"זנלכל בע""מ",IL,אפונת גינה גדולה L י,גרמים,335.00,100 גרם,false,,9.90,2.9552,true,1,8624
7290000208145,false,גרעיני תירס מתוק לייט 550 גרם יכין,"זנלכל בע""מ",IL,גרעיני תירס לייט יכי,גרמים,335.00,100 גרם,false,,9.90,2.9552,true,1,8630
7290000208213,false,שעועית לבנה אפויה A2 ברוטב עגבניות יכין 560ג',היינץ צפון אמריקה מק,IL,שעועית לבנה ברוטב עג,גרמים,355.00,100 גרם,false,,9.90,2.7887,true,1,8632
7290000208312,false,גרעיני תירס מתוק בואקום יכין 400 גר',"זנלכל בע""מ",IL,גרעיני תירס מתוק יכי,גרמים,400.00,100 גרם,false,,7.90,1.9750,true,1,8637
7290000208329,false,גרעיני תירס מתוק 550 גרם יכין,"זנלכל בע""מ",IL,גרעיני תירס מתוק יכי,גרמים,335.00,100 גרם,false,,9.90,2.9552,true,1,8638
7290000208336,false,רסק יכין 240גר 22% יכין בית יוסף,"זנלכל בע""מ",IL,רוטב עגבניות יכין 24,גרמים,240.00,100 גרם,false,,5.50,2.2917,true,1,8639
7290000208367,false,עגבניות מרוסקות בתוספת בזיליקום 800 ג' יכין,,,עגבניות מרוסקות בזיל,גרמים,800.00,100 גרם,false,,10.90,1.3625,true,1,8642
7290000208480,false,גרעיני תירס מתוק בטעם חמאה 550 גרם יכין,,,גרעיני תירס בטעם חמא,גרמים,335.00,100 גרם,false,,11.90,3.5522,true,1,8647
7290000208534,false,גרעיני תירס מתוק לילדים 550 גרם יכין,"זנלכל בע""מ",IL,גרעיני תירס קיד מתוק,גרמים,335.00,100 גרם,false,,11.90,3.5522,true,1,8649
7290000208800,false,גרעיני תירס מתוק לילדים 400 גרם יכין,,,תירס קיד מתוק יכין 4,גרמים,400.00,100 גרם,false,,6.90,1.7250,true,1,8651
7290000208855,false,רוטב לפסטה קלאסי 240 גרם יכין,"זנלכל בע""מ",IL,רוטב לפסטה קלאסי יכי,גרמים,260.00,100 גרם,false,,6.50,2.5000,true,1,8652
7290000208893,false,גרעיני תירס מתוק לייט 400 גרם יכין,היינץ צפון אמריקה מק,IL,תירס לייט יכין 400 ג,גרמים,400.00,100 גרם,false,,6.90,1.7250,true,1,8653
7290000208930,false,עגבניות מרוסקות בתוספת שום 240 גרם יכין,"זנלכל בע""מ",IL,עגבניות מרוסקות עם ש,גרמים,260.00,100 גרם,false,,6.50,2.5000,true,1,8654
7290000208978,false,פריכוז 100 גרם יכין בית יוסף,היינץ צפון אמריקה מק,IL,רוטב עגבניות פריכוז,גרמים,100.00,100 גרם,false,,3.90,3.9000,true,1,8656
7290000209012,false,חומץ הדרים 5% יכין 1,"זנלכל בע""מ",IL,חומץ הדרים 5% יכין 1,ליטרים,1.00,ליטר,false,,7.90,7.9000,true,1,8658
7290000209043,false,מיץ לימון משומר 1 ל' יכין,היינץ צפון אמריקה מק,IL,מיץ לימון משומר יכין,ליטרים,1.00,ליטר,false,,5.90,5.9000,true,1,8659
7290000209388,false,תירס גרגרים לייט וואקום מארז 60X3ג',,,תירס לייט שלישיה יכי,גרמים,420.00,100 גרם,false,,15.90,3.7857,true,1,8669
7290000209524,false,ססירופ דיאט פטל יכין 1 ליטר,,IL,סירופ דייאט פטל יכין,ליטרים,1.00,ליטר,false,,17.90,17.9000,true,1,8672
7290000209913,false,עגבניות חתוכות לקוביות 240 גרם יכין,"זנלכל בע""מ",IL,עגבניות לקוביות יכין,גרמים,260.00,100 גרם,false,,6.50,2.5000,true,1,8682
7290000209944,false,רוטב לעגבניות בסיס לשקשוקה 240 ג' יכין,"זנלכל בע""מ",IL,רוטב לעגבניות לשקשוק,גרמים,260.00,100 גרם,false,,6.50,2.5000,true,1,8683
7290000209951,false,רוטב עגבניות לפיצה 260 גרם יכין,"זנלכל בע""מ",IL,רוטב עגבניות לפיצה י,מיליליטרים,260.00,"100 מ""ל",false,,6.50,2.5000,true,1,8684
7290000211442,false,"אורז פרסי קלאסי סוגת 1 ק""ג",האי נאם סי או אל.טי.,IL,סוגת אורז פרסי קלאסי,קילוגרמים,1.00,"ק""ג",false,,11.50,11.5000,true,1,17291
7290000211503,false,סוכר לבן ארוז בשקית,"סוגת תעשיות בע""מ",IL,"סוכר סוגת לבן 1 ק""ג",קילוגרמים,1.00,"ק""ג",false,,4.90,4.9000,true,1,17292
7290000211985,false,"אורז ריזוטו עגול סוגת 1 ק""ג","סוגת תעשיות בע""מ",IL,סוגת אורז עגול 1קג,קילוגרמים,1.00,"ק""ג",false,,12.90,12.9000,true,1,17295
7290000225940,false,פילה סלומון 1-1.4 קפ,,,פילה סלומון 1-1.4 קפ,קילוגרמים,1.00,"ק""ג",true,,79.90,79.9000,true,1,111419
7290000238029,false,"בצק עלים צרפתי מרודד מעדנות 1ק""ג",מיוצר עי קונדיטוריית,IL,"בצק עלים 1ק""ג",קילוגרמים,1.00,"ק""ג",false,,23.90,23.9000,true,1,35558
7290000238036,false,מלווח עגול מעדנות 700 ג',מיוצר עי קונדיטוריית,IL,מעדנות מלווח 700גר,גרמים,700.00,100 גרם,false,,17.90,2.5571,true,1,35559
7290000238173,false,מעדנות בורקס גבינה 800גר,מיוצר עי קונדיטוריית,IL,בורקס גבינה מעדנות 8,גרמים,800.00,100 גרם,false,,22.90,2.8625,true,1,35560
7290000243566,false,"שמן קנולה בריאות 750 מ""ל",סקנולה,EE,שמן קנולה בריאות עץ,מיליליטרים,750.00,"100 מ""ל",false,,11.90,1.5867,true,1,29301
7290000245294,false,"א.כ. פרסיל סופרא שקית 2.5 ק""ג","הנקל סוד בע""מ",IL,אבקת כביסה פרסיל 2.5,קילוגרמים,2.50,"ק""ג",false,,26.90,10.7600,true,1,34829
7290000253220,false,שוקולד צ'יפס חום אופנהיימר 260 גר',אופנהיימר,IL,שוקולד צ'יפס אופנהיי,גרמים,260.00,100 גרם,false,,13.90,5.3462,true,1,24550
7290000253251,false,שוקולד צ'יפס לבן אופנהיימר 250 גרם,אופנהיימר,IL,שוקולד צ'יפס לבן אופ,גרמים,250.00,100 גרם,false,,13.90,5.5600,true,1,24551
7290000262031,false,נייר טואלט מולט לב 32 גלילים,חוגלה קימברלי,IL,נייר טואלט מולט לב 3,מטרים,563.00,מטר,false,,36.90,0.0655,true,1,9047
7290000263913,false,חמוציות,,,חמוציות,קילוגרמים,1.00,"ק""ג",true,,69.00,69.0000,true,1,31628
7290000272443,false,סירופ עסיס דיאט תפוזים צ.טבעי 1 ל',בית-השיטה עסיס תעשיו,IL,סירופ דיאט תפוז עסיס,יחידה,0.00,יחידה,false,,16.90,0.0000,true,1,18622
7290000272696,false,עסיס מיץ לימון טבעי משומר 1 ל' אסם,בית-השיטה עסיס תעשיו,IL,מיץ לימון משומר עסיס,ליטרים,1.00,ליטר,false,,11.90,11.9000,true,1,18624
7290000286228,false,כרית קרצוף לכלים סנו סושי 6יח',סנו מפעלי ברונו בעמ,IL,סנו סושי שישיות כריו,יחידה,0.00,יחידה,false,,12.90,0.0000,true,1,29633
7290000287102,false,"סנו שמפו שטיחים אירוסול 600 מ""ל",מיוצר עי קונדיטוריית,IL,סנו שמפו שטיחים אירו,מיליליטרים,600.00,"100 מ""ל",false,,22.90,3.8167,true,1,29654
7290000288024,false,סנו - ז'אוול אקונומיקה בריח לימון 4 ליטר,"סנו מפעלי ברונוס בע""",IL,סנו ז'אוול בריח לימו,ליטרים,4.00,ליטר,false,,17.90,4.4750,true,1,29669
7290000288086,false,"סנו ז'אוול אבקת ואקונומיקה לימון 600 מ""ל",מיוצר עי קונדיטוריית,IL,אבקת ניקוי ג'אוול לי,גרמים,600.00,100 גרם,false,,12.90,2.1500,true,1,29673
7290000289069,false,סנו - ז'אוול מרסס קצף ניקוי בתוספת אקונומיקה בריח לימון 1 ליטר,"סנו מפעלי ברונוס בע""",IL,סנו ג'אוול מרסס לימו,ליטרים,1.00,ליטר,false,,19.90,19.9000,true,1,29691
7290000289472,false,סנו סושי שקיות 76*90 50 יח' XXL,מיוצר עי קונדיטוריית,IL,סנו סושי שקיות HD 76,יחידה,0.00,יחידה,false,,21.90,0.0000,true,1,29694
7290000289496,false,"סנו - ז'אוול ג'ל קרם לניקוי כללי לימון 750 מ""ל",הורביץ סחר,IL,סנו ג'אוול ג'ל קרם ל,מיליליטרים,750.00,"100 מ""ל",false,,12.90,1.7200,true,1,29695
7290000293073,false,מרכך כביסה מקסימה ביו לבן 4 ל' סנו,"סנו מפעלי ברונוס בע""",IL,מרכך כביסה סנו מקסימ,ליטרים,4.00,ליטר,false,,23.90,5.9750,true,1,29721
7290000293530,false,סנו סופג לחות מילוי,,,מילוי סופג לחות,מיליליטרים,340.00,"100 מ""ל",false,,13.90,4.0882,true,1,29724
7290000294780,false,סנו - ז'אוול אקונומיקה סמיכה מבושמת 4 ליטר,"סנו מפעלי ברונוס בע""",IL,סנו ז'אוול סמיכה 4 ל,ליטרים,4.00,ליטר,false,,17.90,4.4750,true,1,29735
7290000295367,false,סנו מקסימה אפקט ג'אוול 2.5 קג,הורביץ סחר,IL,אבקת כביסה סנו מקסימ,קילוגרמים,2.50,"ק""ג",false,,28.90,11.5600,true,1,29741
7290000295503,false,סנו סושי שקיות אוכל מתכלות זוג *150 יח',הורביץ סחר,CN,סנו סושי צמד שקיות א,יחידה,0.00,יחידה,false,,15.90,0.0000,true,1,29743
7290000295541,false,סנו רב מגבת גמבו 75 דפים בגליל,מיוצר עי קונדיטוריית,IL,סנו רב מגבת גמבו,יחידה,0.00,יחידה,false,,19.90,0.0000,true,1,29744
7290000295558,false,רדיד אלומיניום סנו סושי זוגי 30X7.5מ',מולינו ניקולי s.p.a,CN,צמד רדיד אלומיניום ק,מטרים,15.00,מטר,false,,12.90,0.8600,true,1,29745
7290000295565,false,רדיד אלומיניום סנו סושי זוגי 45X7.5מ',,,רדיד אלומיניום רחב ב,מטרים,15.00,מטר,false,,16.90,1.1267,true,1,29746
7290000300900,false,שניצל תירס 750 גרם טבעול,טבעול,IL,שניצל תירס טבעול רכי,גרמים,750.00,100 גרם,false,,27.90,3.7200,true,1,19682
7290000313184,false,עוגיות חברים גן חיות וניל אסם 250 גר',הגביע מוצרי וופלים ב,IL,חברים ביסקויט גן חיו,גרמים,250.00,100 גרם,false,,9.50,3.8000,true,1,18627
7290000313290,false,אסם נודלס נודלס אטריות מסולסלות 200ג',תאי פרזידנט פוד בנגק,TH,נודלס אטריות מסולסלו,יחידה,200.00,יחידה,false,,10.90,0.0545,true,1,18629
7290000334684,false,טבעות בצל 700 גרם תפוגן,"תעשיות תפוגן בע""מ",IL,טבעות בצל 700 גרם,גרמים,700.00,100 גרם,false,,19.90,2.8429,true,1,19696
7290000345284,false,תה ויסוצקי קלאסיק טעם עשיר 100/1.5יח',מולינו ניקולי s.p.a,IL,תה ויסוצקי 1.5 קלאסי,גרמים,150.00,100 גרם,false,,20.90,13.9333,true,1,24560
7290000345291,false,תה ארל גריי 25 שקיקים ויסוצקי,ויסוצקי,IL,תה ארל גריי 1.5/25,גרמים,37.50,100 גרם,false,,17.90,47.7333,true,1,24561
7290000346120,false,חליטת קסם הקינמון 25 שקיקים גן קסום,HIQ FOOD PRODUCTS,IL,תה קסם הקנמון 25 שקי,גרמים,62.50,100 גרם,false,,17.90,28.6400,true,1,24569
7290000347738,false,תה ירוק נענע 25 שקיקים 1.5 גרם,HIQ FOOD PRODUCTS,IL,תה ירוק נענע 25 שקיק,גרמים,37.50,100 גרם,false,,23.90,63.7333,true,1,24581
7290000347752,false,תה ירוק לימונית ולואיזה 25 שקיקים *1.5 ג'' ויסוצקי,HIQ FOOD PRODUCTS,IL,תה ירוק לימונית ולוא,גרמים,37.50,100 גרם,false,,23.90,63.7333,true,1,24582
7290000364261,false,דקניקים סלסולי כתף בקר 120 ג' טירת צבי,הנסיך- מפעל לייצור ט,IL,סלסולי כתף בקר 120 ג,גרמים,120.00,100 גרם,false,,16.80,14.0000,true,1,25291
7290000364278,false,דקניקים סילסולי סלמי איטלקי 120 ג' טירת צבי,הנסיך- מפעל לייצור ט,IL,סלסולי סלמי איטלקי מ,גרמים,120.00,100 גרם,false,,16.80,14.0000,true,1,25292
7290000364285,false,דקניקים סלסולי פסטרמה הודו 120 ג' טירת צבי,הנסיך- מפעל לייצור ט,IL,טירת צבי סלסולי פסטר,גרמים,120.00,100 גרם,false,,16.80,14.0000,true,1,25293
7290000364858,false,"נקניקיות עוף טרי 1 ק""ג טירת צבי",הנסיך- מפעל לייצור ט,IL,נקניקיות עוף טרי 1 ק,קילוגרמים,1.00,"ק""ג",false,,30.90,30.9000,true,1,25299
7290000364872,false,נקניקיות עוף 400 גרםטירת צבי,טיב טירת צבי 2000,IL,נקניקיות עוף 400 גרם,גרמים,400.00,100 גרם,false,,12.90,3.2250,true,1,25300
7290000367590,false,צמד כפרי סלמי+פסטרמה 800 גרם טירת צבי,טיב טירת צבי 2000,IL,צמד כפרי נק.סלמי+פסט,גרמים,800.00,100 גרם,false,,27.90,3.4875,true,1,25303
7290000379258,false,חלת קונדיטורית ארוזה 500 ג' אנג'ל,מאפיית שלמה א. אנג'ל,IL,חלת קונדיטורית אנגל,גרמים,500.00,100 גרם,false,,15.90,3.1800,true,1,35333
7290000382210,false,שקיות גופיה ינות בית,,,שקיות גופיה ינות בית,יחידה,0.00,יחידה,false,,0.10,0.0000,true,1,47
7290000385159,false,קוביות לגולש כשר ארו,,,קוביות לגולש כשר ארו,קילוגרמים,1.00,"ק""ג",true,,79.90,79.9000,true,1,42509
7290000408316,false,יוגורט דנונה דל לקטוז 200 גרם,מיוצר עי קונדיטוריית,IL,דנונה טבעי 3% 200מל,מיליליטרים,200.00,"100 מ""ל",false,,3.90,1.9500,true,1,23214
7290000408354,false,יוגורט עם אורז מצופה שוקולד קקאו 175 ג' דנונה,"שטראוס בריאות בע""מ",IL,דנונה קראנצ' פצפוצים,מיליליטרים,175.00,"100 מ""ל",false,,5.20,2.9714,true,1,23215
7290000416021,false,ממרח שוקולד השחר חלבי 500 גר',השחר העולה,IL,ממרח שוקולד השחר 500,גרמים,500.00,100 גרם,false,,15.90,3.1800,true,1,28812
7290000416618,false,"ממרח שוקולד השחר פרווה בד""צ 400 גר'",השחר העולה בעמ,IL,ממרח שוקולד פרווה הש,גרמים,400.00,100 גרם,false,,12.90,3.2250,true,1,28822
7290000418155,false,תחבושות סופר פלוס טופ-פד 16 יח',,,.תחבושות טופ-פד סופר,יחידה,0.00,יחידה,false,,5.90,0.0000,true,1,29412
7290000419893,false,קפה לנדוור לבוקר טחון טורקי 100 ג,מולינו ניקולי s.p.a,IL,לנדוור חזק קפה טחון,גרמים,100.00,100 גרם,false,,9.90,9.9000,true,1,18634
7290000420325,false,פופ קורן טבעי למיקרוגל 5 יח',Preston farms,US,פופסטאר פופקורן טבעי,גרמים,500.00,100 גרם,false,,17.90,3.5800,true,1,5737
7290000420332,false,פופ קורן חמאה למיקרוגל 5יח',Preston farms,US,פופסטאר פופקורן חמאה,גרמים,500.00,100 גרם,false,,17.90,3.5800,true,1,5738
7290000430102,false,"שקיות קרח 2 ק""ג ""מר אייס""",אייס קיוב,,שקיות קרח 2 ק`ג,קילוגרמים,2.00,"ק""ג",false,,10.70,5.3500,true,1,31002
7290000453019,false,שמרים טריים לאפייה שקית שמרית 50 ג',"פאקא תעשיות בע""מ",IL,שמרית שמרים טריים לא,גרמים,50.00,100 גרם,false,,4.90,9.8000,true,1,23216
7290000453125,false,שמרים ומשפר אפיה ביתי שמרית 100ג',,,שמרית שמרים טריים לא,גרמים,100.00,100 גרם,false,,8.50,8.5000,true,1,23217
7290000453408,false,בצק פיצה דק מצונן ומוכן לאפיה 415 גר,"פאקא תעשיות בע""מ",GR,שמרית בצק פיצה דק מצ,גרמים,415.00,100 גרם,false,,17.90,4.3133,true,1,23218
7290000453415,false,בצק עלים מצונן ומוכן לאפייה שמרית,"פאקא תעשיות בע""מ",FR,שמרית בצק עלים מצונן,גרמים,300.00,100 גרם,false,,16.90,5.6333,true,1,23219
7290000453422,false,בצק פילו מצונן ומוכן לאפייה שמרית,"פאקא תעשיות בע""מ",GR,שמרית בצק פילו מוכן,גרמים,300.00,100 גרם,false,,16.90,5.6333,true,1,23220
7290000453446,false,פיצה קראסט שמרית 500 גרם,שטראוס,IL,פיצה קראסט שמרית מצו,גרמים,500.00,100 גרם,false,,21.90,4.3800,true,1,201254
7290000453798,false,שמרית שמרים יבשים אקטיביים 500 גר',"גי' בי' רכיבים בע""מ",,שמרים יבשים אקטיביים,גרמים,500.00,100 גרם,false,,14.90,2.9800,true,1,22172
7290000461625,false,בייגלה שמיניות מלח בייגל בייגל 400 ג',בייגל את בייגל מזון,IL,ביגלה 8 8 400גר,גרמים,400.00,100 גרם,false,,11.90,2.9750,true,1,10300
7290000462141,false,סחוג אדום חריף 150 ג' זהבי,קריניסה ויטמין אס אי,IL,סחוג אדום חריף מאוד,גרמים,150.00,100 גרם,false,,8.90,5.9333,true,1,23226
7290000474090,false,חלב הומוגני 1% קרטון טרה 1ל',מילקו תעשיות בעמ,IL,טרה חלב בקרטון 1% 1ל,ליטרים,1.00,ליטר,false,,5.86,5.8600,true,1,6347
7290000474502,false,גבינה לבנה 5% 250ג' טרה מהדרין,טרה,IL,טרה גבינה לבנה 5% 25,גרמים,250.00,100 גרם,false,,4.98,1.9920,true,1,6356
7290000474540,false,גבינה טוב טעם 3% טרה 250ג' מהדרין,טרה,IL,טוב טעם גבינה 3% 250,גרמים,250.00,100 גרם,false,,12.50,5.0000,true,1,6357
7290000474830,false,גבינה צהובה מגורדת 28% שומן 500 ג' נעם,מילקו תעשיות בעמ,IL,נעם גבינה צהובה מגור,גרמים,500.00,100 גרם,false,,35.50,7.1000,true,1,6358
7290000480107,false,קוואקר שיבולת שועל פחית 500 גר,וולקרס סנקס לימיטד,,"קוואקר מהיר אטוס לל""",גרמים,500.00,100 גרם,false,,14.90,2.9800,true,1,24119
7290000480442,false,קוואקר שבולת שועל שקית 500 גרם,שטראוס גרופ,IL,שיבולת שועל בשקית קו,גרמים,500.00,100 גרם,false,,14.50,2.9000,true,1,24120
7290000481029,false,פיתות 10 יחידות בטעם,יוניליוור גרמניה Gm,IL,פיתות 10 יחידות בטעם,קילוגרמים,1.00,"ק""ג",false,,13.90,13.9000,true,1,57474
7290000481043,true,עשיריית פיתות כוסמין,,,עשיריית פיתות כוסמין,גרמים,700.00,100 גרם,false,,16.90,2.4143,true,1,127845
7290000481180,false,לחם מחמצת שאור דגנית,,,לחם מחמצת שאור דגנית,גרמים,550.00,100 גרם,false,,18.90,3.4364,true,1,410453
7290000481197,false,לחם מחמצת גרעינים וש,,,לחם מחמצת גרעינים וש,גרמים,550.00,100 גרם,false,,18.90,3.4364,true,1,410454
7290000481203,false,לחם מחמצת מקמח מלא ד,,,לחם מחמצת מקמח מלא ד,גרמים,550.00,100 גרם,false,,18.90,3.4364,true,1,410455
7290000481517,false,שתי פוקאצ'ות עם שמן,,,שתי פוקאצ'ות עם שמן,גרמים,320.00,100 גרם,false,,12.90,4.0313,true,1,413901
7290000481883,false,דגנית עין בר מארז לחמניות 10 יח'*75 ג',יוניליוור גרמניה Gm,IL,10 לחמניות דגנית,גרמים,750.00,100 גרם,false,,14.90,1.9867,true,1,4473
7290000484747,false,עלית הארק 40% בקבוק,יקבי הגליל יוסף,,"עלית הארק 40% 700 מ""",מיליליטרים,700.00,"100 מ""ל",false,,60.90,8.7000,true,1,28847
7290000493183,false,אבקת רוטב פטריות לבשר-30 גרם,"אסם השקעות בע""מ",IL,אסם אבקת רוטב פטריות,גרמים,30.00,100 גרם,false,,3.90,13.0000,true,1,18667
7290000504209,false,"סוכרזית דיאט טיפ נוזלי 220 מ""ל",אף.סי תבליני בגליל ב,IL,דיאט טיפ-ממתיק,מיליליטרים,220.00,"100 מ""ל",false,,19.90,9.0455,true,1,22181
7290000521008,false,"יין אדום יבש סגל 750 מ""ל",כרמי צבי - אחים סגל,IL,אדום יבש סגל.,מיליליטרים,750.00,"100 מ""ל",false,,22.90,3.0533,true,1,9374
7290000521404,false,"יין מרום גליל קברנה סוביניון סינגל 750 מ""ל",כרמי צבי אחים סגל בע,IL,מרום גליל סינגל קברנ,מיליליטרים,750.00,"100 מ""ל",false,,42.90,5.7200,true,1,9384
7290000523125,false,מלח הארץ הים האדום 250 ג' עדין,חברת מלח הארץ אילת ב,IL,מלח ים יבש הארץ 250,גרמים,250.00,100 גרם,false,,6.90,2.7600,true,1,24584
7290000523224,false,מלח הארץ הים האדום 500 ג' עדין,חברת מלח הארץ אילת ב,IL,מלח ים יבש הארץ 500,גרמים,500.00,100 גרם,false,,8.90,1.7800,true,1,15439
7290000523514,false,מלח ים יבש מופחת נתרן 250 גר,חברת מלח הארץ אילת ב,IL,מלח 50% פחות נתרן הא,גרמים,250.00,100 גרם,false,,10.90,4.3600,true,1,15440
7290000523804,false,"מלח עדין צנצנת 1 ק""ג מלח הארץ",חברת מלח הארץ אילת ב,IL,מלח עדין בצנצנת הארץ,קילוגרמים,1.00,"ק""ג",false,,7.50,7.5000,true,1,24586
7290000523811,false,"צנצנת מלח גס 1 ק""ג מלח הארץ",חברת מלח הארץ אילת ב,IL,מלח גס בצנצנת הארץ 1,קילוגרמים,1.00,"ק""ג",false,,7.50,7.5000,true,1,24587
7290000525969,false,פרימור סחוט תפוזים טבעי 1ל',גניר,IL,פרימור מיץ תפוזים 1ל,ליטרים,1.00,ליטר,false,,15.90,15.9000,true,1,23232
7290000530598,false,נקניקיות וינר 500 ג' טרי זוגלובק,זוגלובק,IL,נקניקיות וינר טרי זו,גרמים,500.00,100 גרם,false,,16.90,3.3800,true,1,38859
7290000530703,false,נקניק כפרית 400 + כפרית 400 גרם זוגי זוגלובק,זוגלובק,IL,זוג תה 400 + חרמון 4,גרמים,800.00,100 גרם,false,,34.90,4.3625,true,1,38861
7290000533353,false,"בצק עלים צרפתי 1 ק""ג זוגלובק",מאפיית אריאל וגידרון,IL,זוגלובק בצק עלים 1קג,קילוגרמים,1.00,"ק""ג",false,,16.90,16.9000,true,1,38866
7290000537566,false,נקניקיות עוף טרי 400 ג' זוגלובק,זוגלובק,IL,נקניקיות עוף טרי 400,גרמים,400.00,100 גרם,false,,14.90,3.7250,true,1,38878
7290000538709,false,סלמי תה מעושן 200 ג' זוגלובק,זוגלובק,IL,תה מעושן 200 גרם,גרמים,200.00,100 גרם,false,,15.90,7.9500,true,1,38884
7290000554457,false,גבינה צפתית מיני 5% גד 350ג',"מחלבות גד בע""מ",IL,גד צפתית מיני 5% 350,גרמים,350.00,100 גרם,false,,22.20,6.3429,true,1,14604
7290000554471,false,גבינת מוצרלה 22% נקניק 180ג' גד,"מחלבות גד בע""מ",IL,גד מוצרלה נקניק טבעי,גרמים,180.00,100 גרם,false,,19.10,10.6111,true,1,14605
7290000554532,false,גבינה צפתית מעודנת במלח ים 5% 200 ג' גד,הנסיך- מפעל לייצור ט,IL,גד צפתית מעודנת במלח,גרמים,200.00,100 גרם,false,,16.90,8.4500,true,1,14606
7290000554600,false,גבינת מוצרלה מגורדת 22% 300ג' גד,מחלבות גד בעמ,IL,גד מוצרלה מגורדת %18,גרמים,300.00,100 גרם,false,,28.40,9.4667,true,1,14607
7290000554624,false,ירח מתוק מעדן גד 150ג',"מיוצר ע""י קוד יצרן E",IL,גד ירח מתוק 150מל,גרמים,150.00,100 גרם,false,,7.00,4.6667,true,1,14608
7290000554686,false,לאבנה בשמן זית וזעתר 5% שומן 250 ג' גד,מחלבות גד בעמ,IL,גד לאבנה בשמן זית וז,גרמים,250.00,100 גרם,false,,16.70,6.6800,true,1,14609
7290000554822,false,גבינת ריקוטה טבעי 5% שומן 250 ג' גד,מחלבות גד בעמ,IL,גד ריקוטה טבעי 5% 25,גרמים,250.00,100 גרם,false,,16.40,6.5600,true,1,14611
7290000561233,false,בוטן קלוי 200ג פיצוח,,,בוטן קלוי 200ג פיצוח,גרמים,200.00,100 גרם,false,,7.90,3.9500,true,1,1428
7290000561240,false,גרעין דלעת קלוי 200ג,,,גרעין דלעת קלוי 200ג,גרמים,200.00,100 גרם,false,,9.90,4.9500,true,1,1429
7290000574035,false,לחם אחיד פרוס 750ג' דגנית עין בר,יוניליוור גרמניה Gm,IL,לחם אחיד פרוס דגנית,גרמים,750.00,100 גרם,false,,7.11,0.9480,true,1,4479
7290000574141,false,לחם חיטה מלא 750ג' דגנית עין בר,דגנית עין בר תעשיות,IL,לחם חיטה מלאה דגנית,גרמים,750.00,100 גרם,false,,15.90,2.1200,true,1,4485
7290000574172,false,לחם קל מחיטה מלאה 750 ג' דגנית עין בר,יוניליוור גרמניה Gm,IL,לחם קל חיטה מלאה דגנ,גרמים,750.00,100 גרם,false,,15.90,2.1200,true,1,4487
7290000618007,false,פילה סלמון פרוס טרי,,,פילה סלמון פרוס טרי,קילוגרמים,1.00,"ק""ג",true,,119.90,119.9000,true,1,384229
7290000618021,false,פילה דניס טרי במגש,,,פילה דניס טרי במגש,קילוגרמים,1.00,"ק""ג",true,,139.90,139.9000,true,1,384190
7290000618052,false,פילה בורי טרי במגש,,,פילה בורי טרי במגש,קילוגרמים,1.00,"ק""ג",true,,110.90,110.9000,true,1,384127
7290000618069,false,פילה ברמונדי טרי במג,,,פילה ברמונדי טרי במג,קילוגרמים,1.00,"ק""ג",true,,118.90,118.9000,true,1,384165
7290000618083,false,פילה אמנון טרי במגש,,,פילה אמנון טרי במגש,קילוגרמים,1.00,"ק""ג",true,,94.90,94.9000,true,1,384114
7290000652542,false,פילה אמנון קפוא 5-7,,CN,פילה אמנון 5-7 100%,קילוגרמים,1.00,"ק""ג",true,,39.90,39.9000,true,1,88357
7290000654546,false,פילה אמנון קפוא 100% דג,תנובה,IL,פילה אמנון 7-9 100%,קילוגרמים,1.00,"ק""ג",true,,39.90,39.9000,true,1,88359
7290000655376,false,פילה דניס קפוא 100%,,TR,פילה דניס קפוא,קילוגרמים,1.00,"ק""ג",true,,89.90,89.9000,true,1,26445
7290000659312,false,פילה סלמון פרימיום דגי תנובה,PEQUERA DEL,IL,דגי תנובה פילה סלמון,קילוגרמים,1.00,"ק""ג",true,,79.90,79.9000,true,1,26449
7290000662213,false,נתח פילה סלמון קפוא,,,נתח פילה סלמון קפוא,קילוגרמים,1.00,"ק""ג",true,,89.90,89.9000,true,1,26451
7290000662817,false,תנובה סלמון מעושן 100 גרם,,צ'ילה (TDE),סלמון מעושן פרוס 100,גרמים,100.00,100 גרם,false,,18.90,18.9000,true,1,127489
7290000688381,false,שישיית מי עדן פקק ספורט 0.5 ליטר,"מי עדן בע""מ",IL,מי עדן פקק ספורט 6*5,ליטרים,3.00,ליטר,false,,14.90,4.9667,true,1,11449
7290000692210,false,אג'קס ניקוי כללי לוונדר 2ל',הנסיך- מפעל לייצור ט,GR,אג'קס ניקוי כללי ורצ,ליטרים,2.00,ליטר,false,,24.90,12.4500,true,1,21389
7290000692227,false,נוזל כלים פלמוליב צילינדר קלאסי 1 ליטר,יבואן ומשווק: ש. שסט,GR,פלמוליב לכלים קלאסי-,יחידה,0.00,יחידה,false,,14.90,0.0000,true,1,21390
7290000692456,false,אג'קס חלונות זוג 750*2 מל ספריי ורפיל,הנסיך- מפעל לייצור ט,GR,אגקס חלונות זוג,ליטרים,1.50,ליטר,false,,27.90,18.6000,true,1,21393
7290000707369,false,כרעיים עוף טרי ארוז,,,כרעיים עוף טרי ארוז,קילוגרמים,1.00,"ק""ג",true,,27.90,27.9000,true,1,17973
7290000707383,false,שוקיים עוף טרי ארוז,,,שוקיים עוף טרי ארוז,קילוגרמים,1.00,"ק""ג",true,,32.90,32.9000,true,1,17975
7290000707437,false,כנפיים עוף טרי ארוז,,,כנפיים עוף טרי ארוז,קילוגרמים,1.00,"ק""ג",true,,11.90,11.9000,true,1,17978
7290000707468,false,כבד עוף טרי ארוז,,,כבד עוף טרי ארוז,קילוגרמים,1.00,"ק""ג",true,,23.90,23.9000,true,1,17981
7290000707543,false,פילה עוף טרי ארוז,,,פילה עוף טרי ארוז,קילוגרמים,1.00,"ק""ג",true,,37.90,37.9000,true,1,17983
7290000708151,false,שניצל עוף טרי ארוז,,,שניצל עוף טרי ארוז,קילוגרמים,1.00,"ק""ג",true,,37.90,37.9000,true,1,17997
7290000708502,false,סטייק פרגית טרי כרע,,,סטייק פרגית טרי כרע,קילוגרמים,1.00,"ק""ג",true,,57.90,57.9000,true,1,17999
7290000708847,false,חזה עוף שלם טרי ארוז,,,חזה עוף שלם טרי ארוז,קילוגרמים,1.00,"ק""ג",true,,31.90,31.9000,true,1,408555
7290000803067,false,"אלמקס משחת שיניים לילדים 75 מ""ל",הנסיך- מפעל לייצור ט,PL,משחת שיניים לילדים א,מיליליטרים,75.00,"100 מ""ל",false,,16.90,22.5333,true,1,21397
7290000835961,false,פילה אמנון 7-9 בוואק,,,פילה אמנון 7-9 בוואק,קילוגרמים,1.00,"ק""ג",true,,32.90,32.9000,true,1,68846
7290000910291,false,פלפל צ`ילי,,,פלפל צ`ילי,גרמים,100.00,100 גרם,false,,7.90,7.9000,true,1,46507
7290000970775,false,בוטן ענק,,,בוטן ענק,קילוגרמים,1.00,"ק""ג",true,,37.00,37.0000,true,1,304431
7290000977383,false,פקאן קלוי,דין שיווק,IL,פקאן קלוי,קילוגרמים,1.00,"ק""ג",true,,126.00,126.0000,true,1,304462
7290000977650,false,פיסטוק מקולף,,,פיסטוק מקולף,קילוגרמים,1.00,"ק""ג",true,,154.00,154.0000,true,1,31632
7290000978871,false,חמוציות ללא סוכר,דין שיווק,IL,חמוציות ללא סוכר,קילוגרמים,1.00,"ק""ג",true,,80.00,80.0000,true,1,31635
7290001041161,false,"שעועית לבנה יבשה מיה 1 ק""ג",מיה,IL,שעועית 1 ק'ג,קילוגרמים,1.00,"ק""ג",false,,15.90,15.9000,true,1,14832
7290001041260,false,שומשום מיה 400 גרם,מיה,IL,שומשום מיה 400 גרם,גרמים,400.00,100 גרם,false,,13.90,3.4750,true,1,14839
7290001041994,false,"סוכר חום דמררה מיה 1 ק""ג",מיה,IL,סוכר זהב דמררה צנצנת,קילוגרמים,1.00,"ק""ג",false,,11.90,11.9000,true,1,14865
7290001045169,false,פרימור סחוט תפוחי עץ צלול 1 ל',גניר,IL,פרימור מיץ תפוחים צל,ליטרים,1.00,ליטר,false,,15.90,15.9000,true,1,23233
7290001136287,false,"נקה 7 שמפו לשיער רגיל 750 מ""ל","קוסמופארם בעמ, ח.פ 5",IL,שמפו רגיל ירוק נקה 7,מיליליטרים,750.00,"100 מ""ל",false,,12.90,1.7200,true,1,29756
7290001136683,false,"מרכך לשיער רגיל ירוק 750 מ""ל נקה 7",אמיליה קוסמטיקס בעמ,IL,מרכך רגיל ירוק נקה 7,מיליליטרים,750.00,"100 מ""ל",false,,12.90,1.7200,true,1,29761
7290001201510,false,תבנית ביצים מדיום 30 יח',,,30 ביצים M מ.לסר,יחידה,0.00,יחידה,false,,27.87,0.0000,true,1,13601
7290001201589,false,ביצים אריזון 12 גדול,,,12 ביצים L מ.לסר,יחידה,0.00,יחידה,false,,12.05,0.0000,true,1,13604
7290001201596,false,ביצים אריזון 12 בינוני,,,12 ביצים M מ.לסר,יחידה,0.00,יחידה,false,,11.15,0.0000,true,1,13605
7290001201602,false,תבנית ביצים 18 L,,,18ביצים L מ.לסר,יחידה,0.00,יחידה,false,,18.07,0.0000,true,1,221383
7290001201824,false,תבנית ביצים 12 יח' לארג' אורגני,,,12 ביצים L אורגני מ,יחידה,0.00,יחידה,false,,23.90,0.0000,true,1,13613
7290001201862,false,ביצי חופש לארג' 12 יחידות,,,12 ביצים חופש L מ. ל,יחידה,0.00,יחידה,false,,19.90,0.0000,true,1,13616
7290001216040,false,טחינה 500 גרם טחינת אל-ארז,דולפין ספא,IL,טחינה אל ארז 100% שו,גרמים,500.00,100 גרם,false,,15.90,3.1800,true,1,34799
7290001216231,false,טחינה גולמית שומשום מלא אל ארז 500ג',דולפין ספא,IL,טחינה מלאה 100% שומש,גרמים,500.00,100 גרם,false,,16.90,3.3800,true,1,34804
7290001230331,false,סיגריות כאמל בוקס חפ,JTI,,כאמל בוקס קופסא בודד,יחידה,0.00,יחידה,false,,33.00,0.0000,false,1,4085
7290001231932,false,ווינסטון כחול בוקס חפיסה,JTI,,וינסטון קופסא בודדת,יחידה,0.00,יחידה,false,,34.00,0.0000,false,1,4090
7290001245705,false,אקונומיקה מבושמת טאצ' 4 ליטר,,,אקונומיקה מבושמת 4 ל,ליטרים,4.00,ליטר,false,,10.90,2.7250,true,1,37912
7290001274200,false,שלגון אבטיח על מקל פלדמן,פלדמן,IL,שלגון אבטיח על מקל 1,גרמים,100.00,100 גרם,false,,6.90,6.9000,true,1,338062
7290001274231,false,שלגון פיסטוק פלדמן,,,שלגון פסים 75 גרם,גרמים,75.00,100 גרם,false,,6.90,9.2000,true,1,338088
7290001274262,false,שלגון לוקס פלדמן,פלדמן,IL,שלגון לוקס 85 גרם,גרמים,85.00,100 גרם,false,,9.50,11.1765,true,1,338126
7290001274293,false,סנקור XL ארוך 70 גרם,פלדמן,IL,סנקור XL ארוך 70 גרם,גרמים,70.00,100 גרם,false,,7.90,11.2857,true,1,337999
7290001274941,false,מאגדת גלידל פרי פטל 8 יח דיאט,פלדמן,IL,פופסיקל בטעם פטל 8 י,גרמים,640.00,100 גרם,false,,29.90,4.6719,true,1,36015
7290001407547,false,טחינה גולמית משומשום מלא פי 6 בארכה 500ג',רושדי תעשיות מזון בע,IL,בארכה טחינה שומשום מ,גרמים,500.00,100 גרם,false,,16.90,3.3800,true,1,18678
7290001407844,false,חלבה וניל בקטנה בארכה 350גר',רושדי תעשיות מזון בע,IL,חלבה קלאסית וניל באר,גרמים,350.00,100 גרם,false,,17.10,4.8857,true,1,18685
7290001407936,false,טחינה גולמית מעודנת לחיץ בארכה 310ג',רושדי תעשיות מזון בע,IL,בארכה טחינה מעודנת 3,גרמים,310.00,100 גרם,false,,12.90,4.1613,true,1,18686
7290001419618,false,וופל בלגי עלמה שחור לבן וניל 200ג',גילרו,,וופל עלמה בלגי שוקו,גרמים,200.00,100 גרם,false,,3.90,1.9500,true,1,41174
7290001419779,false,וופל שוקו' עלמה קלאסי 200 גר,"גילרו בע""מ",,וופל עלמה קלאסי 200,גרמים,200.00,100 גרם,false,,3.90,1.9500,true,1,41175
7290001459942,false,"אפונה וגזר 800 גר' בד""ץ (ממותג)",,,אפונה וקוביות גזר בל,גרמים,800.00,100 גרם,false,,11.90,1.4875,true,1,385395
7290001461105,false,לחם מחמצת לבן 600 גר,פילסברי,,לחם מחמצת לבן,גרמים,530.00,100 גרם,false,,17.90,3.3774,true,1,2514
7290001461112,false,לחם רוסטיק עגול פילס,פילסברי,,לחם מחמצת דגנים,גרמים,530.00,100 גרם,false,,17.90,3.3774,true,1,54708
7290001482094,false,גבינה פרמז'נו משולשים ויליפוד 200ג',זנטי אס. אי לאלין,IT,וילי פוד פרמזן משולש,גרמים,200.00,100 גרם,false,,26.90,13.4500,true,1,2854
7290001485019,false,גבינת שמנת 5% טעם טבעי 200 ג' טרה,טרה,IL,טרה גבינת שמנת טבעי,גרמים,200.00,100 גרם,false,,12.60,6.3000,true,1,6368
7290001491010,false,תה ירוק יסמין 25 שקיקים 1.5 גרם,HIQ FOOD PRODUCTS,IL,תה ירוק עם יסמין T.T,גרמים,37.50,100 גרם,false,,23.90,63.7333,true,1,24589
7290001491096,false,תה ירוק בתוספת לימונית ולואיזה 50 שקיקים ויסוצקי,ויסוצקי,IL,תה ירוק בתוספת לימונ,גרמים,75.00,100 גרם,false,,47.90,63.8667,true,1,24590
7290001591710,false,המבורגר אנגוס 600 ג' טיבון ויל,,,המבורגר אנגוס טיבון,גרמים,600.00,100 גרם,false,,24.90,4.1500,true,1,282205
7290001594155,false,קוקה קולה בקבוק 500,החברה המרכזית לייצור,IL,קוקה קולה 500מל,מיליליטרים,500.00,"100 מ""ל",false,,7.90,1.5800,true,1,6837
7290001594179,false,פאנטה אורנג בקבוק 50,החברה המרכזית לייצור,IL,פאנטה אורנג' 500 בקב,מיליליטרים,500.00,"100 מ""ל",false,,7.90,1.5800,true,1,6839
7290001594230,false,"קינלי סודה בקבוק 250 מ""ל",החברה המרכזית לייצור,IL,סודה קינלי 250 מ'ל,מיליליטרים,250.00,"100 מ""ל",false,,3.90,1.5600,true,1,6842
7290001594810,false,"בירה שחורה מאלטי בקב' מארז 330X6מ""ל",,,מאלטי טובורג בקבוק 6,ליטרים,1.98,ליטר,false,,31.30,15.8081,true,1,6858
7290001594858,false,"טובורג רד שישייה בקבוק 330 מ""ל",קרלסברג ישראל,,טובורג רד בקבוק פקדו,ליטרים,1.98,ליטר,false,,44.90,22.6768,true,1,6860
7290001594865,false,"קרלסברג שישיה בקבוק 330 מ""ל",קרלסברג ישראל,,קרלסברג בירה בקבוק 6,ליטרים,1.98,ליטר,false,,39.90,20.1515,true,1,6861
7290001696620,false,מיקס פיצוחים 350 גר',,,מיקס פיצוחים 350 גר',גרמים,350.00,100 גרם,false,,12.90,3.6857,true,1,1464
7290001780428,false,מאגדת גלידת לייט שוקולד נסטלה 6יח' 312ג',גלידות נסטלה (נגה גל,IL,נסטלה לייט 6 שלגוני,גרמים,312.00,100 גרם,false,,30.90,9.9038,true,1,16075
7290001791349,false,אקונומיקה פסגה ריחנית 4ליטר,"סנו מפעלי ברונוס בע""",IL,אקונומיקה ריחנית פסג,ליטרים,4.00,ליטר,false,,11.90,2.9750,true,1,29785
7290001865439,false,פמלי לקשרי 1ליטר וניל טהור +משאבה,אף.סי תבליני בגליל ב,IL,סבון נוזלי וניל + מש,יחידה,0.00,יחידה,false,,11.90,0.0000,true,1,5766
7290001867600,false,"תפו""א בייבי פרימיום",,,"תפו""א בייבי פרימיום",קילוגרמים,1.00,"ק""ג",true,,8.90,8.9000,true,1,135802
7290001946121,false,פפריקה מתוקה יוחאי ביטון 400ג',,,פפריקה מתוקה בשמן בי,גרמים,400.00,100 גרם,false,,19.90,4.9750,true,1,177554
7290001990148,false,"סוכר גולדן קלאסי צנצנת 1ק""ג סוגת",האי נאם סי או אל.טי.,IL,סוכר גולדן קלאסי בצנ,קילוגרמים,1.00,"ק""ג",false,,13.90,13.9000,true,1,17300
7290001990261,false,"סוגת חומוס 1 ק""ג",,,"סוגת חומוס 1 ק""ג",קילוגרמים,1.00,"ק""ג",false,,15.90,15.9000,true,1,17301
7290001990414,false,"עדשים אדומים 1 ק""ג סוגת",,,סוגת עדשים אדומים 1,קילוגרמים,1.00,"ק""ג",false,,15.90,15.9000,true,1,17306
7290001990421,false,"פופקורן גרעינים סוגת 1 ק""ג",,,"סוגת פופקורן 1 ק""ג",קילוגרמים,1.00,"ק""ג",false,,11.90,11.9000,true,1,17307
7290002007890,false,כוס חד פעמי הנמל 100 יח',,IL,כוס שתיה קרה 100 יח,יחידה,0.00,יחידה,false,,12.90,0.0000,true,1,7770
7290002019787,false,רוטב עגבניות מרוכז מאוד 260 גרם פריניר,פריניר ( הדס 1987) ב,IL,רוטב עגבניות 22% פרי,גרמים,260.00,100 גרם,false,,3.90,1.5000,true,1,41181
7290002057352,false,מלפפון במלח 7-9 560 ג' יבנה,אף.סי תבליני בגליל ב,IL,מלפפונים במלח 7-9 ק,גרמים,560.00,100 גרם,false,,7.90,1.4107,true,1,44659
7290002057369,false,מלפפון במלח ‏12‏-‏10‏ 560 ג' יבנה,קדבורי,IL,מלפפון במלח 10-12 קב,גרמים,560.00,100 גרם,false,,8.90,1.5893,true,1,44660
7290002057451,false,מלפפון בחומץ ‏9‏-‏7‏ %‏20‏ 560 ג' יבנה,אף.סי תבליני בגליל ב,IL,מלפפון בחומץ 7-9 קבו,גרמים,560.00,100 גרם,false,,7.90,1.4107,true,1,44665
7290002057482,false,מלפפון חומץ ‏25‏-‏18‏ 560 ג' יבנה,קדבורי,IL,מלפפון בחומץ 18-25 ק,גרמים,560.00,100 גרם,false,,12.90,2.3036,true,1,28035
7290002065555,false,לחמניה אנג'ל ארוכה שקית 6יח,מאפיית שלמה א. אנג'ל,IL,6 לחמניות רכות אנגל,גרמים,450.00,100 גרם,false,,11.90,2.6444,true,1,35375
7290002065616,false,לחם שיפון גרעינים 750 ג' אנג'ל,מאפיית שלמה א. אנג'ל,IL,שיפון גרעינים אנגל 7,גרמים,750.00,100 גרם,false,,14.90,1.9867,true,1,35376
7290002077725,false,סלומון נורווגי מצונן דלידג 100ג',,,סלמון מעושן 100 גרם,גרמים,100.00,100 גרם,false,,22.90,22.9000,true,1,16809
7290002107071,false,פטה עיזים מעודנת בגביע צוריאל 16%,מחלבת משק צוריאל,,צוריאל פטה עיזים מעו,גרמים,200.00,100 גרם,false,,26.20,13.1000,true,1,6376
7290002107491,false,גבינת עזים למריחה טבעי 5% צוריאל 250 ג',משק צוריאל,IL,צוריאל גבינת עזים למ,גרמים,250.00,100 גרם,false,,16.70,6.6800,true,1,6378
7290002107798,false,גבינה בולגרית מעודנת 5% צוריאל 250ג',משק צוריאל,IL,צוריאל בולגרית מעודנ,גרמים,250.00,100 גרם,false,,24.10,9.6400,true,1,6379
7290002111085,false,"רוטב עגבניות 22% ""פרי מבורך"" 100 גרם",,,רוטב עגבניות 22% פרי,גרמים,100.00,100 גרם,false,,2.50,2.5000,true,1,8690
7290002130574,false,דבש טהור מפרחי בר בזכוכית 500 ג' יד מרדכי,מכוורת יד מרדכי שטרא,IL,דבש טהור מפרחי בר בצ,גרמים,500.00,100 גרם,false,,30.10,6.0200,true,1,22201
7290002130581,false,"דבש טהור יד מרדכי 1 ק""ג",,IL,דבש טהור מפרחי בר בצ,קילוגרמים,1.00,"ק""ג",false,,48.80,48.8000,true,1,22202
7290002253006,false,שום כתוש בצנצנת 200 גר דורות,דורות,IL,דורות שום כתוש טרי 2,גרמים,200.00,100 גרם,false,,17.90,8.9500,true,1,19713
7290002253105,false,מגשית קוביות שום טרי דורות 80 ג',דורות,IL,דורות מגשית קוביות ש,גרמים,80.00,100 גרם,false,,14.90,18.6250,true,1,19716
7290002253167,false,מגשית פטרוזיליה דורות 70 גר,דורות,IL,פטרוזליה טרייה קצוצה,גרמים,70.00,100 גרם,false,,11.50,16.4286,true,1,19718
7290002259664,false,רדיד אלומיניום דיימונד גדול 60X0.60מ',ריינולדס מוצרי צריכה,CN,רדיד אלומניום 30*60.,מטרים,60.90,מטר,false,,57.90,0.9507,true,1,3816
7290002317081,false,זיתים נטולי גלעין +20% 670ג A2 מטולה,מוטולה,IL,זיתים נטולי גלעין 20,גרמים,670.00,100 גרם,false,,11.90,1.7761,true,1,24371
7290002317128,false,מלפפון 560ג במלח 10-12 A2 מטולה,מוטולה,IL,מלפפון במלח 10-12 מו,גרמים,560.00,100 גרם,false,,11.90,2.1250,true,1,24372
7290002317289,false,חצילים כבושים מוטול,מוטולה,IL,חצילים מוטולה 560 גר,גרמים,560.00,100 גרם,false,,10.40,1.8571,true,1,24383
7290002317579,false,זיתים טבעות ירוק 560ג A2 מטולה,מוטולה,IL,טבעות זיתים ירוקים מ,גרמים,560.00,100 גרם,false,,11.90,2.1250,true,1,24400
7290002317616,false,זיתים מרינט 17-19 560ג A2 מטולה,,,זיתים חתוכים מרינט 1,גרמים,560.00,100 גרם,false,,11.90,2.1250,true,1,24402
7290002319092,false,קמח תפוחי אדמה מיה 500 גר',,,קמח תפוחי אדמה מיה 5,גרמים,500.00,100 גרם,false,,5.90,1.1800,true,1,14875
7290002319221,false,חיטה מיה 500 גרם,מיה,IL,חיטה מיה 500 גרם,גרמים,500.00,100 גרם,false,,6.50,1.3000,true,1,14886
7290002327073,false,בורקס גבינה 800 גרם שלושת האופים,TLV צ'יף,IL,בורקס גבינה 800 גרם,גרמים,800.00,100 גרם,false,,22.90,2.8625,true,1,16841
7290002331094,false,"נביעות+ מים טעם ענבים 755מ""ל",נביעות טבע הגליל בעמ,IL,755מל מים מינרלים TO,מיליליטרים,755.00,"100 מ""ל",false,,5.50,0.7285,true,1,6874
7290002331124,false,מים נביעות בטעם תפוח 0.5 ליטר,נביעות טבע הגליל בעמ,IL,נביעות מים מינרלים ב,מיליליטרים,500.00,"100 מ""ל",false,,6.40,1.2800,true,1,6876
7290002331155,false,מים נביעות בטעם אפרסק 0.5 ליטר,נביעות טבע הגליל בעמ,IL,נביעות מים מינרלים ב,מיליליטרים,500.00,"100 מ""ל",false,,6.40,1.2800,true,1,6879
7290002331360,false,"נביעות מים מינרליים טו גו מארז 500X6מ""ל",נביעות,IL,נביעות TO GO שישייה,ליטרים,3.00,ליטר,false,,16.70,5.5667,true,1,6884
7290002331421,false,"מים אישי נביעות מארז שישייה* 755 מ""ל",נביעות,,נביעות 6*755מל,ליטרים,4.53,ליטר,false,,20.40,4.5033,true,1,6885
7290002360285,false,תה פומפדור חליטת צמחים קמומיל 20 שק,טיקנה,DE,פומפדור חליטת קמומיל,גרמים,30.00,100 גרם,false,,17.90,59.6667,true,1,21408
7290002371533,false,דקניקים סלסולי פסטרמה בדבש 120 ג' טירת צבי,הנסיך- מפעל לייצור ט,IL,טירת צבי סלסולי פסטר,גרמים,120.00,100 גרם,false,,16.80,14.0000,true,1,25307
7290002374268,false,שמן חמניות מילומור 1 ליטר,,,שמן חמניות מילומור 1,ליטרים,1.00,ליטר,false,,11.90,11.9000,true,1,29305
7290002374312,false,"שמן קנולה מילומור 1 ל' עד""ח","נארז ע""י : א.ג. גילר",IL,שמן קנולה מילומור 1,ליטרים,1.00,ליטר,false,,11.90,11.9000,true,1,29306
7290002374640,false,שמן קנולה פלוס אומגה 3 1 ליטר עץ הזית,,,שמן קנולה פלוס אומגה,ליטרים,1.00,ליטר,false,,17.90,17.9000,true,1,29308
7290002404620,false,"היוצר וירטואוזו מרלו 750 מ""ל",יקב היוצר,,יין וירטואוז מרלו 75,מיליליטרים,750.00,"100 מ""ל",false,,50.90,6.7867,true,1,11858
7290002407348,false,"שמן זית כתית מעולה 750 מ""ל ג'השאן",,,שמן זית כתית מעולה ג,מיליליטרים,750.00,"100 מ""ל",false,,30.90,4.1200,true,1,5043
7290002407454,false,שמן זית כתית מעולה ס,,,שמן זית כתית מעולה ס,מיליליטרים,750.00,"100 מ""ל",false,,40.90,5.4533,true,1,5044
7290002512035,false,בצק עלים 1קג צנעני,,,בצק עלים 1קג צנעני,קילוגרמים,1.00,"ק""ג",false,,17.90,17.9000,true,1,51442
7290002542773,false,"בירה סטלה ארטואה בקבוק 330 מ""ל",סטלה,BE,סטלה ארטואה בק' 330,מיליליטרים,330.00,"100 מ""ל",false,,7.50,2.2727,true,1,152579
7290002542780,false,"שישייה בירה סטלה ארטואה בקבוק 330X6 מ""ל",סטלה,BE,סטלה ארטואה בקבוק 6*,ליטרים,1.98,ליטר,false,,37.90,19.1414,true,1,152565
7290002542810,false,"בירה הוגרדן בקבוק 330 מ""ל",הוגרדן,BE,בירה הוגרדן - בק' 33,מיליליטרים,330.00,"100 מ""ל",false,,9.90,3.0000,true,1,172799
7290002543046,false,קלוגס פרוסטיס דגנים וסוכר 750ג',קלוג מנייופרטורינג א,ES,פרוסטיס דגני קלוגס 7,גרמים,750.00,100 גרם,false,,17.90,2.3867,true,1,5292
7290002608509,false,לחם מחמצת זיתי קלמנט,,,לחם מחמצת זיתי קלמנט,גרמים,530.00,100 גרם,false,,18.90,3.5660,true,1,54709
7290002692393,false,שמן קנולה מועשר1 ליטר-עץ הזית,,IL,שמן קנולה מועשר עץ ה,ליטרים,1.00,ליטר,false,,16.90,16.9000,true,1,29310
7290002692775,false,"שמן תרסיס טעם חמאה 200 מ""ל לל""תוספת גז ""עץ הזית""",,IL,תרסיס שמן קנולה בטעם,מיליליטרים,200.00,"100 מ""ל",false,,19.90,9.9500,true,1,29316
7290002692782,false,"תרסיס שמן זית כתית מעולה עץ הזית 150 מ""ל","נארז ע""י : א.ג. גילר",IT,תרסיס שמן זית עץ הזי,מיליליטרים,200.00,"100 מ""ל",false,,19.90,9.9500,true,1,29317
7290002703068,false,צנצנת דבש עין חרוד 1,,,צנצנת דבש עין חרוד 1,קילוגרמים,1.00,"ק""ג",false,,45.90,45.9000,true,1,47316
7290002703426,false,דבש לחיץ מכוורת 250,,,דבש לחיץ מכוורת 250,גרמים,250.00,100 גרם,false,,13.90,5.5600,true,1,47324
7290002730262,false,פלמוליב כלים שקוף קלאסי 750 בקבוק חדש,יבואן ומשווק: ש. שסט,GR,פלמוליב לכלים קלאסי,מיליליטרים,750.00,"100 מ""ל",false,,12.90,1.7200,true,1,21412
7290002730521,false,צימרוני אוזניים בלונס בקופסא 200 יח',ספטונה,GR,צמרונים בקופסא בלונס,יחידה,0.00,יחידה,false,,7.90,0.0000,true,1,21415
7290002730958,false,פלמוליב סבון מוצק? ירוק זית רביעייה * 100 ג',הנסיך- מפעל לייצור ט,TR,סבון מוצק ירוק זית פ,גרמים,400.00,100 גרם,false,,17.90,4.4750,true,1,21424
7290002735113,false,בורקס גבינה ינון 800,,,בורקס גבינה ינון 800,גרמים,800.00,100 גרם,false,,16.90,2.1125,true,1,20399
7290002735120,false,"בורקס תפו""א ינון 800",,,"בורקס תפו""א ינון 800",גרמים,800.00,100 גרם,false,,14.90,1.8625,true,1,20400
7290002750338,false,לחם עגבניות מיובשות,,,לחם עגבניות מיובשות,גרמים,530.00,100 גרם,false,,17.90,3.3774,true,1,54712
7290002752332,false,"סוכריות מנטוס פירות בגליל, 37.5 גרם",הדקלאים אגודת שיתופי,NL,מנטוס .סוכריות פירות,גרמים,37.50,100 גרם,false,,3.90,10.4000,true,1,12730
7290002757146,false,"קובה חמוסטה למרק שלושת האופים 1ק""ג",,,שלושת האופים קובה חמ,קילוגרמים,1.00,"ק""ג",false,,16.90,16.9000,true,1,16915
7290002757665,false,קבב מזרחי טיבון ויל 400 ג',,,קבב מזרחי 400 גרם,גרמים,400.00,100 גרם,false,,12.90,3.2250,true,1,16921
7290002757672,false,המבורגר מזרחי טיבון ויל 400ג',,,המבורגר 400גרם נטו,גרמים,400.00,100 גרם,false,,12.90,3.2250,true,1,16922
7290002824183,false,גבינה לבנה 5% שומן 500 ג' שטראוס,מיוצר עי קונדיטוריית,IL,גבינה לבנה 5% סקי 50,גרמים,500.00,100 גרם,false,,9.50,1.9000,true,1,23240
7290002824466,false,יוגורט דנונה ביו 0% 200 גרם,"שטראוס בריאות בע""מ",IL,דנונה יוגורט ביו 0%,מיליליטרים,200.00,"100 מ""ל",false,,3.90,1.9500,true,1,23241
7290002824640,false,גבינה שטראוס 5% 250 ג',מיוצר עי קונדיטוריית,IL,גבינה 5% סקי 250 גרם,גרמים,250.00,100 גרם,false,,4.98,1.9920,true,1,23242
7290002868996,false,קוטג' 5% מועשר טרה 250ג' מהדרין,טרה,IL,טרה קוטג מועשר 5% 25,גרמים,250.00,100 גרם,false,,5.90,2.3600,true,1,6384
7290002871248,false,"בירה טובורג רד חוזר 500 מ""ל",מבשלות בירה בינלאומי,IL,בירה טובורג רד בקבוק,מיליליטרים,500.00,"100 מ""ל",false,,8.90,1.7800,true,1,6907
7290002871361,false,"קרלסברג בירה בק.חוזר 500 מ""ל",מבשלות בירה בינלאומי,IL,קרלסברג בירה בק.חוזר,מיליליטרים,500.00,"100 מ""ל",false,,8.90,1.7800,true,1,6908
7290002881230,false,אננס חתוך תומר 825 גרם,,IL,אננס חתוך תומר 850 ג,גרמים,850.00,100 גרם,false,,9.90,1.1647,true,1,24913
7290002881254,false,קוקטייל פירות טרופי תומר 820 ג',סאנרייז,,קוקטייל טרופי תומר 8,גרמים,850.00,100 גרם,false,,10.90,1.2824,true,1,24915
7290002881407,false,נודלס אטריות ביצים דק תומר 400ג',,,נודלס דק תומר 400 גר,גרמים,400.00,100 גרם,false,,8.90,2.2250,true,1,24922
7290002881414,false,נודלס עבה תומר 400ג'30X,,,נודלס עבה תומר 400 ג,גרמים,400.00,100 גרם,false,,8.90,2.2250,true,1,24923
7290002900566,false,פסטרמה ברביקיו דל שומן טירת צבי 360 ג',הנסיך- מפעל לייצור ט,IL,פסטרמה ברביקיו דל שו,גרמים,360.00,100 גרם,false,,29.90,8.3056,true,1,25314
7290002909996,false,שעועית צהובה שלמה בלדי 800 גר',,IL,שעועית צהובה שלמה בל,גרמים,800.00,100 גרם,false,,11.90,1.4875,true,1,385398
7290002921165,false,"הזלין ספריי לניקוי מוצרי עור 400 מ""ל",יוליניבר,,הזלין: חלב עור 250 מ,מיליליטרים,400.00,"100 מ""ל",false,,40.90,10.2250,true,1,11276
7290002971993,false,"קמח כוסמין מס 14 ללא ניפוי 1 ק""ג",,IL,קמח כוסמין מלא ללא צ,קילוגרמים,1.00,"ק""ג",false,,15.90,15.9000,true,1,9221
7290002972006,false,"קמח שטיבל 405 ללא ניפוי 1 ק""ג",,,קמח בהיר 405 ללא צור,קילוגרמים,1.00,"ק""ג",false,,9.90,9.9000,true,1,9222
7290002972365,false,קמח תופח שטיבל 13 ללא צורך בניפוי 1 קג,מיוצר עי קונדיטוריית,IL,קמח תופח ללא צורך בנ,קילוגרמים,1.00,"ק""ג",false,,9.90,9.9000,true,1,9223
7290002974314,false,"קמח פיצה שטיבל 1 ק""ג",,,"קמח פיצה שטיבל 1 ק""ג",קילוגרמים,1.00,"ק""ג",false,,11.90,11.9000,true,1,385245
7290002986652,false,גטניו פתי בר שוקו 470 גרם,"אחים גטניו בע""מ",,גטניו - פתיבר שוקו 4,גרמים,470.00,100 גרם,false,,9.90,2.1064,true,1,41198
7290002987963,false,"סלט חומוס אחלה 1 ק""ג",מיוצר עי קונדיטוריית,IL,אחלה חומוס 1קג,קילוגרמים,1.00,"ק""ג",false,,14.90,14.9000,true,1,23245
7290003009640,false,מיץ סחוט תפוזים 1 ל' פריגת,גת,IL,פריגת סחוט מיץ תפוזי,ליטרים,1.00,ליטר,false,,15.90,15.9000,true,1,6386
7290003015641,false,סנו ריצפז פרש 2 ליטר יסמין,סנו,IL,ריצפז פרש יסמין 2 לי,ליטרים,2.00,ליטר,false,,19.90,9.9500,true,1,29813
7290003029181,false,משקה יטבתה שוקו' בקבוק 1ל מהדרין,מחלבת יטבתה,IL,יטבתה שוקו בקבוק 1ל,ליטרים,1.00,ליטר,false,,12.90,12.9000,true,1,23249
7290003029389,false,"משקה חלב בננה פקק ספורט 250 מ""ל יוטבתה",שטראוס גרופ,IL,יטבתה משקה חלב בננה+,מיליליטרים,250.00,"100 מ""ל",false,,5.90,2.3600,true,1,23253
7290003029433,false,"משקה יטבתה שוקו פקק 250 מ""ל מהדרין",מחלבת יטבתה,IL,יטבתה שוקו +פקק 250,מיליליטרים,250.00,"100 מ""ל",false,,5.90,2.3600,true,1,23254
7290003029532,false,מוקה בקבוק 1 ל' יוטבתה,מחלבת יטבתה,IL,יטבתה מוקה 1ל,ליטרים,1.00,ליטר,false,,12.90,12.9000,true,1,23256
7290003029792,false,"משקה יטבתה שוקו שקיות מהדרין מארז 225X8מ""ל",שטראוס גרופ,,יטבתה מהדרין שוקו שק,ליטרים,1.80,ליטר,false,,21.90,12.1667,true,1,23258
7290003029815,false,חלב יוטבתה מועשר 3% בכד 2ל',מחלבת יטבתה,IL,חלב מועשר בכד2 ליטר,ליטרים,2.00,ליטר,false,,16.90,8.4500,true,1,23259
7290003029907,false,משקה יטבתה אייס קפה 1ליטר,מחלבת יטבתה,IL,יטבתה אייס קפה 1ל,ליטרים,1.00,ליטר,false,,12.90,12.9000,true,1,23261
7290003054657,false,חרדל דיז'ון אקסטרא פורטה 370 ג,כלורוקס אוקלנד,FR,חרדל דיג'ון אקסטרא פ,גרמים,370.00,100 גרם,false,,12.50,3.3784,true,1,5305
7290003072859,false,רוסטביף טירת צבי 120 ג',הנסיך- מפעל לייצור ט,IL,רוסטביף טירת צבי 120,גרמים,120.00,100 גרם,false,,23.90,19.9167,true,1,56743
7290003107216,false,"קמח לבן דגן 1 ק""ג",,,"קמח לבן דגן 1 ק""ג",קילוגרמים,1.00,"ק""ג",false,,6.90,6.9000,true,1,9229
7290003107223,false,"סולת חיטה דגן 1 ק""ג",,,"סולת חיטה דגן 1 ק""ג",קילוגרמים,1.00,"ק""ג",false,,6.90,6.9000,true,1,9230
7290003107315,false,"סולת דגן 1 ק""ג",,,"סולת דגן 1 ק""ג",קילוגרמים,1.00,"ק""ג",false,,4.50,4.5000,true,1,9233
7290003107346,false,קמח חיטה לבן דגן 1 ק,,,קמח חיטה לבן דגן 1 ק,קילוגרמים,1.00,"ק""ג",false,,4.50,4.5000,true,1,9235
7290003143146,false,ממרח תמרים קליית גת 450 גרם,הדקלאים אגודת שיתופי,IL,ממרח תמרים 450 גרם,גרמים,450.00,100 גרם,false,,6.90,1.5333,true,1,12752
7290003185726,false,קבב מזרחי 500 גרם ט,טיבון ויל אחזקות בעמ,IL,קבב מזרחי 500 גרם,גרמים,500.00,100 גרם,false,,19.90,3.9800,true,1,16982
7290003217014,false,פיתות מזרחיות אריזת 5 יח',יוניליוור גרמניה Gm,IL,5 פיתות מזרחיות תנעמ,גרמים,500.00,100 גרם,false,,7.90,1.5800,true,1,4510
7290003220410,false,קרקר שומשום 110 ג' נאפה מעדני מלך,,,מעדני המלך קרקר שומש,גרמים,110.00,100 גרם,false,,2.90,2.6364,true,1,41206
7290003220649,false,שמן שומשום 100% טהור,או שין הינג,SG,שמן שומשום 100% טהור,מיליליטרים,150.00,"100 מ""ל",false,,13.90,9.2667,true,1,221546
7290003229109,false,פסטרמה בפפריקה 400 גרםטירת צבי,הנסיך- מפעל לייצור ט,IL,א.מ .פסטרמה בפפריקה,גרמים,400.00,100 גרם,false,,29.90,7.4750,true,1,25340
7290003229116,false,פסטרמה בדבש 400 גרםטירת צבי,הנסיך- מפעל לייצור ט,IL,א.מ פסטרמה בדבש 400,גרמים,400.00,100 גרם,false,,29.90,7.4750,true,1,25341
7290003229147,false,נקניק סלמי איטלקי טירת צבי 300 ג',הנסיך- מפעל לייצור ט,IL,סלמי בסגנון איטלקי 3,גרמים,300.00,100 גרם,false,,29.90,9.9667,true,1,25343
7290003229154,false,סלמי קוניאק מובחר טירת צבי 300 ג',הנסיך- מפעל לייצור ט,IL,א.מ. סלמי קוניאק מוב,גרמים,300.00,100 גרם,false,,29.90,9.9667,true,1,25344
7290003321155,false,יוגורט בר עם פקאן מצופה שוקולד 183 ג' דנונה,"שטראוס בריאות בע""מ",IL,דנונה קראנצ' ששבי פק,מיליליטרים,183.00,"100 מ""ל",false,,5.20,2.8415,true,1,23262
7290003321292,false,גבינה לבנה 9% שומן 250 ג' שטראוס,מיוצר עי קונדיטוריית,IL,גבינה 9% סקי 250 גרם,גרמים,250.00,100 גרם,false,,5.00,2.0000,true,1,23263
7290003427154,false,"שמן זית כתית מעולה מעודן זיתא 750 מ""ל",זיתא – י.ט.ב תעשיות,IL,שמן זית כתית מעולה ז,מיליליטרים,750.00,"100 מ""ל",false,,40.90,5.4533,true,1,24594
7290003438006,false,ממרח אולביה פסטו וצנובר איטלקי 190ג',מיוצר עי קונדיטוריית,IL,אוליביה ממרח פסטו אי,גרמים,180.00,100 גרם,false,,14.90,8.2778,true,1,3449
7290003438013,false,ממרח זיתים ירוקים אוליביה 190 גרם,,IL,אוליביה ממרח זיתים א,גרמים,190.00,100 גרם,false,,14.90,7.8421,true,1,3450
7290003438020,false,ממרח עגבניות מיובשות אוליביה 190 גר,מיוצר עי קונדיטוריית,IL,אוליביה ממרח עגבניות,גרמים,190.00,100 גרם,false,,14.90,7.8421,true,1,3451
7290003450602,false,חרדל הינץ אמיתי לחיץ 255 ג',היינץ צפון אמריקה -,US,חרדל אמיתי צהוב בקבו,גרמים,255.00,100 גרם,false,,11.90,4.6667,true,1,5311
7290003514007,false,מנה שקדי מרק מנה 400 גרם,מנה,IL,שקדי מרק מנה 400 גרם,גרמים,400.00,100 גרם,false,,10.90,2.7250,true,1,21429
7290003550753,false,טונה פוסידון בשמן רביעיה *108 ג',"מיוצר עי וליגר בעמ,",IL,טונה בהירה בשמן פוסי,גרמים,308.00,100 גרם,false,,21.90,7.1104,true,1,17009
7290003578672,false,שמן חמניות מזוכך ויליפוד 1 ל',גידה,TR,שמן חמניות 1 ליטר,ליטרים,1.00,ליטר,false,,12.90,12.9000,true,1,2873
7290003643004,false,"אורז בסמטי קלאסי 1 ק""ג סוגת",האי נאם סי או אל.טי.,IL,"סוגת אורז בסמטי 1 ק""",קילוגרמים,1.00,"ק""ג",false,,14.90,14.9000,true,1,17308
7290003643127,false,סוגת אבקת אפיה 10*10 ג',גוד פוד פרודקטס S.p,IL,אבקת אפיה 10 יח' במא,גרמים,100.00,100 גרם,false,,2.90,2.9000,true,1,17309
7290003643134,false,סוגת סוכר וניל 10 יח,גוד פוד פרודקטס S.p,IL,סוגת סוכר וניל 10 יח,גרמים,100.00,100 גרם,false,,2.90,2.9000,true,1,17310
7290003643387,false,"סוכר לבן בצנצנת 1 ק""ג סוגת",האי נאם סי או אל.טי.,IL,סוכר לבן בצנצנת סוגת,קילוגרמים,1.00,"ק""ג",false,,10.90,10.9000,true,1,17319
7290003643684,false,אפונה יבשה סוגת 500 גר',האי נאם סי או אל.טי.,IL,אפונה יבשה 500 גרם,גרמים,500.00,100 גרם,false,,6.90,1.3800,true,1,17321
7290003643714,false,חומוס סוגת 500 גרם,האי נאם סי או אל.טי.,IL,חומוס 500 גרם,גרמים,500.00,100 גרם,false,,8.90,1.7800,true,1,17323
7290003643738,false,חיטה סוגת 500 גרם,האי נאם סי או אל.טי.,IL,סוגת חיטה 500 גר,גרמים,500.00,100 גרם,false,,5.90,1.1800,true,1,17324
7290003643745,false,כוסמת סוגת 500 גרם,האי נאם סי או אל.טי.,IL,כוסמת 500 גרם,גרמים,500.00,100 גרם,false,,7.90,1.5800,true,1,17325
7290003643752,false,עדשים ירוקים יבש סוגת 500 גר',האי נאם סי או אל.טי.,IL,עדשים ירוקות 500 גרם,גרמים,500.00,100 גרם,false,,8.90,1.7800,true,1,17326
7290003643776,false,"פופקורן גרעינים סוגת 500 ג' כשל""פ",האי נאם סי או אל.טי.,IL,סוגת פופקורן 500 גרם,גרמים,500.00,100 גרם,false,,5.90,1.1800,true,1,17328
7290003681334,false,"קוקוס 400 ג' בד""ץ מיה",מיה,IL,קוקוס 400 גר. בדצ,גרמים,400.00,100 גרם,false,,13.90,3.4750,true,1,14944
7290003706167,false,בצל ירוק ארוז,,,בצל ירוק ארוז,יח',1.00,יח',false,,5.90,5.9000,true,1,35501
7290003706440,false,בייבי מיקס נספק,,,בייבי מיקס נספק,יח',1.00,יח',false,,9.90,9.9000,true,1,35502
7290003726615,false,טופו ויילר 300 גרם.,הדקלאים אגודת שיתופי,IL,טופו ויילר 300 גרם.,גרמים,300.00,100 גרם,false,,12.90,4.3000,true,1,23265
7290003864478,false,סרדינים בשמן צמחי ויליפוד 110ג' פתח קל,גולדן פרייז קאנינג א,TH,סרדין בשמן צמחי וילי,גרמים,110.00,100 גרם,false,,5.30,4.8182,true,1,2879
7290003882502,false,"וילי פוד שמן תירס בדץ, 1 ליטר",יונקרו,TR,שמן תירס מזוכך ויליפ,ליטרים,1.00,ליטר,false,,11.80,11.8000,true,1,265103
7290003882922,false,עלי גפן ממולאים באורז ויליפוד 400ג',הזה פלאקספו פוד קו ב,CN,עלי גפן ממולאים באור,גרמים,360.00,100 גרם,false,,9.90,2.7500,true,1,2884
7290003976287,false,"תרסיס די תוש 630 מ""ל טאצ'",,,"די תוש טאצ' 630 מ""ל",מיליליטרים,630.00,"100 מ""ל",false,,13.90,2.2063,true,1,67854
7290003989096,false,חציל פיקנטי אחלה 500 גרם,מיוצר עי קונדיטוריית,IL,אחלה חציל פיקנטי 500,גרמים,500.00,100 גרם,false,,17.70,3.5400,true,1,23266
7290003989539,false,לורנצו רביולי במילוי גבינה,מיוצר עי קונדיטוריית,IL,EAT GOOD רביולי גבינ,גרמים,400.00,100 גרם,false,,21.90,5.4750,true,1,23267
7290004022309,false,M&M עדשי חמאת בוטנים,,,M&M עדשי חמאת בוטנים,גרמים,80.00,100 גרם,false,,7.50,9.3750,true,1,20560
7290004030018,false,"מיץ לימון 100% סחוט טבעי 500 מ""ל",הנסיך- מפעל לייצור ט,IL,מיץ לימון סחוט פרי פ,מיליליטרים,500.00,"100 מ""ל",false,,7.90,1.5800,true,1,49332
7290004030544,false,פריניב לימונדה לואיזה ולמון גראס 1ל',,,לימונדה לואיזה ולמון,יחידה,0.00,יחידה,false,,13.90,0.0000,true,1,49353
7290004030612,false,פרי ניב מיץ קיוי אגס ללא תוספת סוכר 1ל,פריניב בעמ,IL,פרי ניב מיץ קיוי אגס,ליטרים,1.00,ליטר,false,,14.90,14.9000,true,1,49356
7290004030834,false,פריניב מיץ רימונים סחוט 1 ל',פריניב בעמ,IL,מיץ סחוט רימונים 100,ליטרים,1.00,ליטר,false,,23.80,23.8000,true,1,49369
7290004043205,false,M&M עדשי בוטנים 93 ג,,,M&M עדשי בוטנים 93 ג,גרמים,93.00,100 גרם,false,,7.50,8.0645,true,1,412144
7290004048679,false,"קובה למרק שלושת האופים 1 ק""ג",,,קובה למרק 1 קג שלושת,קילוגרמים,1.00,"ק""ג",false,,16.90,16.9000,true,1,17026
7290004063016,false,מלח שולחן מעולה דק 1,האי נאם סי או אל.טי.,IL,"מלח שולחן סלית 1 ק""ג",קילוגרמים,1.00,"ק""ג",false,,1.90,1.9000,true,1,15441
7290004064174,false,"תבלין מלח ההימלאיה דק בצנצנת 1 ק""ג",מלח הארץ,,מלח ההימלאיה דק בצנצ,קילוגרמים,1.00,"ק""ג",false,,19.90,19.9000,true,1,15444
7290004064303,false,מלח אטלנטי בצנצנת מלח הארץ 800 גרם,,IL,מלח אטלנטי בצנצנת הא,גרמים,800.00,100 גרם,false,,19.90,2.4875,true,1,15447
7290004068028,false,"ציזיקי יוגורט לשתיה גד 500 מ""ל",מיוצר על ידי קוד יצר,IL,גד משקה צזיקי 2% 500,מיליליטרים,500.00,"100 מ""ל",false,,11.70,2.3400,true,1,14616
7290004068172,false,יוגורט עזים בדלי 5% שומן 600 ג' גד,קוד יצרן MKN,IL,גד יוגורט עיזים 5% 6,מיליליטרים,600.00,"100 מ""ל",false,,20.20,3.3667,true,1,14618
7290004102326,false,תרד לא שטוף,,,תרד לא שטוף,גרמים,180.00,100 גרם,false,,11.90,6.6111,true,1,35503
7290004119973,false,קרלו מעדן שוקו רביעיה גביע 125 1.5%,מחלבת אלון תבור,IL,קרלו שוקולדה 3% 125מ,מיליליטרים,125.00,"100 מ""ל",false,,3.50,2.8000,true,1,25825
7290004120566,false,גבינה בולגרית פיראוס 24% 250 גרם,תנובה,IL,פיראוס בולגרית 24% 2,גרמים,250.00,100 גרם,false,,23.90,9.5600,true,1,25834
7290004120634,false,גבינה פיראוס בולגרית 5% 250 גרם,פ.פ.ח. שאביט,IL,פיראוס בולגרית 5% 25,גרמים,250.00,100 גרם,false,,23.90,9.5600,true,1,25836
7290004120832,false,חלב תנובה טרי 3% מהדרין כד 2 ל',תנובה,IL,"חלב תנובה טרי 3% בד""",ליטרים,2.00,ליטר,false,,12.46,6.2300,true,1,25838
7290004121754,false,יוגורט עוגת גבינה ותות 3% שומן 150 ג' יופלה,תנובה בעמ,IL,יופלה קרם גבינה ותות,גרמים,150.00,100 גרם,false,,5.60,3.7333,true,1,25841
7290004121839,false,גבינת פטה כבשים 20% 250 ג' פיראוס,תנובה,IL,פיראוס פטה כבשים 20%,גרמים,250.00,100 גרם,false,,29.50,11.8000,true,1,25842
7290004122195,false,"גבינת גוש חלב פרוס 28%, כשרות מהדרין, 200 ג'",תנובה,IL,גוש חלב פרוס 28% 200,גרמים,200.00,100 גרם,false,,14.90,7.4500,true,1,25846
7290004122270,false,גבינה צהובה פרוס בקופסא %28 200 ג' עמק,תנובה מרכז שיתופי לש,IL,עמק פרוס סגירה חוזרת,גרמים,200.00,100 גרם,false,,17.50,8.7500,true,1,25847
7290004122348,false,גבינת עמק לייט פרוס בקופסא 200 גרם,תנובה,IL,עמק לייט 9% 200ג,גרמים,200.00,100 גרם,false,,17.90,8.9500,true,1,25848
7290004122683,false,חטיף גבינת אצבעות 28% 172 ג' עמק,פ.פ.ח. שאביט,IL,עמק אצבעות 172ג,גרמים,172.00,100 גרם,false,,17.70,10.2907,true,1,25851
7290004124205,false,יוגורט דיאט תות %0 שומן 150 ג' יופלה,תנובה בעמ,IL,יופלה דיאט תות 0% 15,מיליליטרים,150.00,"100 מ""ל",false,,5.60,3.7333,true,1,25859
7290004125370,false,"שמנת חמוצה מופחתת שומן 9% 200 מ""ל",תנובה מרכז שיתופי לש,IL,תנובה שמנת מופחתת 9%,מיליליטרים,200.00,"100 מ""ל",false,,4.10,2.0500,true,1,25863
7290004125400,false,"שלי אשל 4.5% תנובה 200מ""ל מהדרין",פארייפאבה אגרואינדוס,IL,"אשל 4.5% בד""צ מהדרין",מיליליטרים,200.00,"100 מ""ל",false,,1.69,0.8450,true,1,25864
7290004125417,false,"שלי גיל 3% תנובה 200מ""ל מהדרין",תנובה מרכז שיתופי לש,IL,"גיל 3% בד""צ מהדרין",מיליליטרים,200.00,"100 מ""ל",false,,1.51,0.7550,true,1,25865
7290004125455,false,"שמנת אורגינל15% תנובה 200 מ""ל",תנובה מרכז שיתופי לש,IL,תנובה שמנת אורגינל מ,מיליליטרים,200.00,"100 מ""ל",false,,2.40,1.2000,true,1,25866
7290004125462,false,"שמנת אורגינל 15% מהדרין 500 מ""ל",תנובה,IL,תנובה שמנת חמוצה 15%,מיליליטרים,500.00,"100 מ""ל",false,,6.00,1.2000,true,1,25867
7290004125509,false,"שמנת 15% חצי מנה 100 מ""ל תנובה",תנובה,IL,תנובה שמנת חצי מנה 1,מיליליטרים,100.00,"100 מ""ל",false,,1.80,1.8000,true,1,25868
7290004125578,false,משקה סויה מעושר בסידן תנובה 1ל',סוי מג'יק,IL,משקה סויה תנובה מועש,ליטרים,1.00,ליטר,false,,12.50,12.5000,true,1,25869
7290004125585,false,משקה סויה וניל על הבוקר 1 ל',תנובה מרכז שיתופי לש,IL,סויה תנובה משקה סויה,ליטרים,1.00,ליטר,false,,12.50,12.5000,true,1,25870
7290004125721,false,"שמנת לבישול 15% שומן 250 מ""ל תנובה",תנובה מרכז שיתופי לש,IL,שף לבן שמנת לבישול 1,מיליליטרים,250.00,"100 מ""ל",false,,8.90,3.5600,true,1,25872
7290004125738,false,שמנת מתוקה להקצפה32% 250מל עמיד השף הלבן,תנובה מרכז שיתופי לש,IL,שף לבן שמנת להקצפה 3,מיליליטרים,250.00,"100 מ""ל",false,,7.20,2.8800,true,1,25873
7290004125776,false,גבינה צהובה עמק 28% 400 גרם בקופסא,תנובה,IL,עמק גבינה קשה פרוסה,גרמים,400.00,100 גרם,false,,31.50,7.8750,true,1,25874
7290004126674,false,פרוסות גבינה חצי קשה 9% שומן 200 ג' עמק,תנובה,IL,עמק טל לייט 9% 200ג,גרמים,200.00,100 גרם,false,,19.90,9.9500,true,1,25877
7290004126759,false,יופלה דיאט פירות יער %0 גביע 150 ג',תנובה בעמ,IL,יופלה דיאט פירות יער,מיליליטרים,150.00,"100 מ""ל",false,,5.60,3.7333,true,1,25878
7290004126872,false,"שוקו תנובה בבקבוק 250 מ""ל תנובה",תנובה,IL,משקאות חלב תנובה שוק,מיליליטרים,250.00,"100 מ""ל",false,,5.90,2.3600,true,1,25879
7290004127077,false,קוטג' 3% שומן 250 ג' תנובה,מיוצר עי קונדיטוריית,IL,קוטג תנובה 3% 250 ג,גרמים,250.00,100 גרם,false,,5.70,2.2800,true,1,25880
7290004127329,false,קוטג' 5% תנובה 250ג' מהדרין,מיוצר עי קונדיטוריית,IL,קוטג' 5% תנובה מהדרי,גרמים,250.00,100 גרם,false,,5.70,2.2800,true,1,25881
7290004127336,false,קוטג' 9% תנובה 250 ג' הדרין,מיוצר עי קונדיטוריית,IL,קוטג' תנובה מהדרין 9,גרמים,250.00,100 גרם,false,,5.70,2.2800,true,1,25882
7290004127800,false,גבינה לבנה 5% שומן 500 ג' תנובה,מיוצר עי קונדיטוריית,IL,תנובה גבינה לבנה 5%,גרמים,500.00,100 גרם,false,,9.96,1.9920,true,1,25884
7290004127862,false,גבינה לבנה 5% שומן 750 ג' תנובה,מחלבת אלון תבור,IL,תנובה גבינה למריחה מ,גרמים,750.00,100 גרם,false,,14.90,1.9867,true,1,25886
7290004129101,false,גבינת שמנת 25% בטעם טבעי 225 ג' נפוליאון,מחלבת אלון תבור,IL,נפוליאון בטעם טבעי 2,גרמים,225.00,100 גרם,false,,15.50,6.8889,true,1,25893
7290004129118,false,גבינת שמנת 24% עם זיתים ירוקים 225 ג' נפוליאון,מחלבת אלון תבור,IL,נפוליאון בטעם זיתים,גרמים,225.00,100 גרם,false,,15.50,6.8889,true,1,25894
7290004129156,false,גבינת שמנת25% עם שום שמיר 225 ג' נפוליאון,מחלבת אלון תבור,IL,נפוליאון שום שמיר 25,גרמים,225.00,100 גרם,false,,15.50,6.8889,true,1,25895
7290004129545,false,גבינה לבנה 3% שומן 250 ג' תנובה,מחלבת אלון תבור,IL,גבינת מהדרין 3% תנוב,גרמים,250.00,100 גרם,false,,5.00,2.0000,true,1,25896
7290004129736,false,יוגורט במתיקות מעודנת 1.5% שומן 200 ג' יופלה,תנובה מרכז שיתופי לש,IL,יופלה קרם יוגרט מעוד,מיליליטרים,200.00,"100 מ""ל",false,,4.90,2.4500,true,1,25898
7290004130794,false,משקה סויה טבעי במתיקות מופחתת 1 ליטר,סוי מג'יק,IL,סויה תנובה טבעי במתי,ליטרים,1.00,ליטר,false,,12.00,12.0000,true,1,25902
7290004130916,false,יוגורט 3% פירות יער בשמנת 150 ג' יופלה,תנובה בעמ,IL,יופלה בטעם פירות יער,גרמים,150.00,100 גרם,false,,5.60,3.7333,true,1,25903
7290004131074,false,חלב תנובה 3% 1 ליטר קרטון מהדרין,תנובה מרכז שיתופי לש,IL,חלב תנובה הומוגני מה,ליטרים,1.00,ליטר,false,,6.23,6.2300,true,1,25905
7290004131432,false,יוגורט ביו 3% שומן 200 ג' יופלה,מיוצר עי קונדיטוריית,IL,יופלה לבן 3% 200מל,מיליליטרים,200.00,"100 מ""ל",false,,4.50,2.2500,true,1,25909
7290004131456,false,יוגורט ביו 1.5% שומן 200 ג' יופלה,מיוצר עי קונדיטוריית,IL,יופלה לבן 1.5% 200מל,מיליליטרים,200.00,"100 מ""ל",false,,4.50,2.2500,true,1,25910
7290004131814,false,גבינה צפתית 5% מעודנת 200 ג' פיראוס,פארייפאבה אגרואינדוס,IL,פיראוס צפתית מעודנת,גרמים,200.00,100 גרם,false,,15.90,7.9500,true,1,25913
7290004132552,false,משקה סויה לייט בטעם טבעי טרי 1 ליטר,תנובה מרכז שיתופי לש,IL,סויה תנובה לייט בטעם,ליטרים,1.00,ליטר,false,,12.00,12.0000,true,1,25920
7290004132712,false,חטיף אצבעות גבינת מוצרלה 20% 172 ג' עמק,פ.פ.ח. שאביט,IL,עמק אצבעות מוצרלה 20,גרמים,174.00,100 גרם,false,,17.70,10.1724,true,1,25922
7290004136857,false,גלי בטעם פטל 125 גרם,תנובה מרכז שיתופי לש,IL,ג'לי תנובה פטל 125מל,מיליליטרים,125.00,"100 מ""ל",false,,2.90,2.3200,true,1,25947
7290004137021,false,"שמנת לבישול 10% עמיד השף הלבן 250 מ""ל",תנובה מרכז שיתופי לש,IL,שף לבן שמנת לבישול 1,מיליליטרים,250.00,"100 מ""ל",false,,8.90,3.5600,true,1,25951
7290004137311,false,גבינה צהובה לייט 9% שומן 400 ג' עמק,תנובה,IL,עמק לייט משפחתית 9%,גרמים,400.00,100 גרם,false,,32.90,8.2250,true,1,25952
7290004225285,false,גבינה בסגנון דנאבלו 100 ג',האי נאם סי או אל.טי.,DK,סגנון דנאבלו 100 גרם,גרמים,100.00,100 גרם,false,,10.90,10.9000,true,1,17027
7290004324858,false,קבב כבש500 גר טי,"טיבון ויל אחזקות בע""",IL,קבב כבש 500 גרם,גרמים,500.00,100 גרם,false,,19.90,3.9800,true,1,17071
7290004537258,false,אפונה וגזר 800 גר שד,,,אפונה וגזר 800 גר שד,גרמים,800.00,100 גרם,false,,13.90,1.7375,true,1,51449
7290004584306,false,רבעיית גמדים בטעם תות בננה * 100 ג' שטראוס,מיוצר עי קונדיטוריית,IL,גמדים תות בננה 4*100,מיליליטרים,400.00,"100 מ""ל",false,,12.50,3.1250,true,1,23269
7290004584351,false,גבינה לבנה סימפוניה עם תוספות 200 ג' חמישית 200,"שטראוס בריאות בע""מ",IL,סימפוניה חמישית 200ג,גרמים,200.00,100 גרם,false,,12.50,6.2500,true,1,23270
7290004584528,false,יוגורט דנונה ביו טבעי 1.7% 200 גרם,מיוצר עי קונדיטוריית,IL,דנונה יוגורט טבעי 1.,מיליליטרים,200.00,"100 מ""ל",false,,3.90,1.9500,true,1,23271
7290004585907,false,דני ועדן וניל 1.5% 125ג' שטראוס,מיוצר עי קונדיטוריית,IL,דני וניל מהדרין 130מ,מיליליטרים,130.00,"100 מ""ל",false,,3.10,2.3846,true,1,23272
7290004658946,false,יין שרדונה לבן יבש,"כד בני דרום בע""מ",IL,יין P.C שרדונה לבן,מיליליטרים,750.00,"100 מ""ל",false,,44.90,5.9867,true,1,507
7290004658960,false,יין ארמלד ריזלינג P.C לבן חצי יבש 750 מ,אגודת הכורמים הקואופ,IL,יין P.C אמרלד ריזל,מיליליטרים,750.00,"100 מ""ל",false,,44.90,5.9867,true,1,509
7290004762056,false,שקדי מרק חטיפים מן ה,,,שקדי מרק חטיפים מן ה,גרמים,400.00,100 גרם,false,,9.90,2.4750,true,1,380845
7290004762070,false,פתיתים אפויים אורז ד,,,פתיתים אפויים אורז ד,גרמים,500.00,100 גרם,false,,6.90,1.3800,true,1,400879
7290004944049,false,טחינה אסלי שמיר 400 ג',סלטי שמיר,,טחינה אסלי 400 גרם,גרמים,400.00,100 גרם,false,,10.90,2.7250,true,1,17689
7290004944056,false,חציל במיונז אסלי שמיר 400 ג',,,חציל במיונז 400גר,גרמים,400.00,100 גרם,false,,10.90,2.7250,true,1,17690
7290005100121,false,גבטה כפרית 180גרם,,,גבטה כפרית 180גרם,גרמים,150.00,100 גרם,false,,4.90,3.2667,true,1,2683
7290005174513,false,חציל במיונז 500 ג' אחלה,מיוצר עי קונדיטוריית,IL,חציל במיונז אחלה 500,גרמים,500.00,100 גרם,false,,17.90,3.5800,true,1,23273
7290005174551,false,סלט חומוס עם צנוברים 125 ג' אחלה,מיוצר עי קונדיטוריית,IL,אחלה חומוס 125ג,גרמים,125.00,100 גרם,false,,5.90,4.7200,true,1,23274
7290005197758,false,עוגיות חיוכים שוקו שוקו 150ג',אפיפית נצרת (1971) ב,IL,חיוכים של שוקו,גרמים,150.00,100 גרם,false,,5.50,3.6667,true,1,22215
7290005199738,false,גומי מאסט בטעם פפרמינט ריח פה נעים פליפטופ 28 ג' עלית,"שטראוס גרופ בע""מ",IL,מאסט ריח פה נעים 28ג,גרמים,28.00,100 גרם,false,,4.70,16.7857,true,1,22222
7290005200786,false,תפוצ'יפס שמנת ובצל 50 גרם,"שטראוס פריטו ליי בע""",IL,תפוציפס שמנת ובצל 50,גרמים,50.00,100 גרם,false,,4.30,8.6000,true,1,24126
7290005201882,false,קפה טורקי עלית 200 גרם,הנסיך- מפעל לייצור ט,IL,טורקי עלית 200 גר',גרמים,200.00,100 גרם,false,,15.90,7.9500,true,1,22226
7290005287206,false,טונה סטארקיסט בשמן רביעיות 4*160 גר,"סטארקיסט פודור בע""מ",,טונה בשמן סטארקיסט ר,גרמים,640.00,100 גרם,false,,25.90,4.0469,true,1,26613
7290005287251,false,טונה סטארקיסט במים רביעיות 4*160 גר,"איטיליאן פוד, אס.פי.",,טונה במים סטארקיסט ר,גרמים,640.00,100 גרם,false,,25.90,4.0469,true,1,26616
7290005326387,false,עגבניות מיובשות בשמן זית אוליבייה 270ג',,IL,עגבניות מיובשות בשמן,גרמים,280.00,100 גרם,false,,20.00,7.1429,true,1,3471
7290005403972,false,תחתיות ארטישוק 400 ג,,,תחתיות ארטישוק 400 ג,גרמים,400.00,100 גרם,false,,17.90,4.4750,true,1,51461
7290005403989,false,במיה קפואה 600 גרם ש,,,במיה קפואה 600 גרם ש,גרמים,600.00,100 גרם,false,,12.90,2.1500,true,1,51462
7290005423567,false,מטליות לניקוי כללי בגליל 40 יח' סנו סושי,אסותא תעשיות אלבד בע,IL,סנו סושי מטלית לכל 3,יחידה,0.00,יחידה,false,,22.00,0.0000,true,1,29864
7290005423833,false,סנו פוליויקס פרקט 2 ליטר,"סנו מפעלי ברונוס בע""",IL,סנו פוליויקס פרקט 2,ליטרים,2.00,ליטר,false,,22.90,11.4500,true,1,29867
7290005425110,false,"סנו מתז לחיטוי משטיחים 750 מ""ל","סנו מפעלי ברונוס בע""",IL,מתז מחטא ומשמיד 99.9,מיליליטרים,750.00,"100 מ""ל",false,,14.90,1.9867,true,1,29894
7290005425646,false,סנו קליר ספריי אקדח לניקוי והברקת חלונות 1ל',"סנו מפעלי ברונוס בע""",IL,סנוקליר נוזל רב תכלי,יחידה,0.00,יחידה,false,,12.90,0.0000,true,1,29903
7290005426193,false,ספוג הפלא אריזת סנו 6יח',טרופיקל דגיל תעשיות,IL,סנו סושי ספוג הפלא,יחידה,0.00,יחידה,false,,12.90,0.0000,true,1,29913
7290005427725,false,מגבונים ליטופים מארז חמישיה,,,ליטופים מגבונים מבוש,יחידה,0.00,יחידה,false,,19.90,0.0000,true,1,29949
7290005431883,false,עדן מלבי חלבי 165 גר,לחמנו,IL,עדן מלבי חלבי 165 גר,גרמים,165.00,100 גרם,false,,7.80,4.7273,true,1,25970
7290005431913,false,עוגת גינה פירורים 92 גרם,תנובה,IL,קינוחי עדן עוגת גבינ,גרמים,92.00,100 גרם,false,,7.80,8.4783,true,1,25973
7290005431920,false,עוגת גבינה פירורים לייט 78 ג',תנובה,IL,עדן עוגת גבינה פירור,גרמים,78.00,100 גרם,false,,7.80,10.0000,true,1,25974
7290005559587,false,מאפה נקניקיה בבצק מעדנות 800ג',מיוצר עי קונדיטוריית,IL,מאפה נקניקיות 800גר,גרמים,800.00,100 גרם,false,,32.90,4.1125,true,1,35565
7290005559709,false,בורקס פיצה מעדנות 700 ג',"מעדנות בע""מ",IL,בורקס פיצה 700 גרם,גרמים,700.00,100 גרם,false,,27.90,3.9857,true,1,35567
7290005559907,false,פיצה משפחתית גבינה מעדנות 500 גר,מיוצר עי קונדיטוריית,IL,פיצה משפחתית גבינה 5,גרמים,500.00,100 גרם,false,,23.90,4.7800,true,1,35570
7290005559914,false,פיצה משפחתית זיתים מעדנות 550 גר,מיוצר עי קונדיטוריית,IL,פיצה משפחתית זיתים 5,גרמים,550.00,100 גרם,false,,23.90,4.3455,true,1,35571
7290005559990,false,בצק פילאס תורכי מעדנות 600 גר,מיוצר עי קונדיטוריית,IL,בצק פילאס תורכי מעדנ,גרמים,600.00,100 גרם,false,,28.90,4.8167,true,1,35575
7290005591761,false,דבש טהור מפרחי בר בלחיץ 400 ג' יד מרדכי,מכוורת יד מרדכי שטרא,IL,דבש טהור מפרחי בר בל,גרמים,400.00,100 גרם,false,,26.90,6.7250,true,1,22227
7290005610011,false,תפו`א אדום דוד משה,,,תפו`א אדום דוד משה,קילוגרמים,1.00,"ק""ג",true,,6.90,6.9000,true,1,50839
7290005610127,false,תפוח אדמה לבן דוד משה,,,תפו`א גורמה לבן דוד,קילוגרמים,1.00,"ק""ג",true,,8.90,8.9000,true,1,50841
7290005610196,false,תפו`א בייבי גורמה,,,תפו`א בייבי גורמה,קילוגרמים,1.00,"ק""ג",true,,6.90,6.9000,true,1,50842
7290005838002,false,מעדן גבינה ויוגורט בטעם וניל 88 ג' דניאלה,"שטראוס בריאות בע""מ",IL,דניאלה מעדן גבינה 15,מיליליטרים,150.00,"100 מ""ל",false,,4.30,2.8667,true,1,23278
7290005839078,false,"דנונה יוגורט ביו 3% לבן מארז 150X8מ""ל",מיוצר עי קונדיטוריית,IL,דנונה ביו מארז חסכון,קילוגרמים,1.20,"ק""ג",false,,18.90,15.7500,true,1,23281
7290005839108,false,גבינה לבנה סימפוניה עם תוספות 200 ג'+זיתים 5%,"שטראוס בריאות בע""מ",IL,סימפוניה עם זיתים 5%,גרמים,200.00,100 גרם,false,,12.50,6.2500,true,1,23282
7290005839313,false,"מילקי טופ שוקולד מגולגל 170 מ""ל",מיוצר עי קונדיטוריית,IL,מילקי טופ מגולגלת 14,מיליליטרים,142.00,"100 מ""ל",false,,5.20,3.6620,true,1,23283
7290005896620,false,מים מוגז ' סאן בנדטו ' יחידה,אקווה מינרלה סאן בנד,IT,סאן בנדטו מים מינרלי,ליטרים,1.50,ליטר,false,,5.50,3.6667,true,1,9394
7290005992018,false,יוגורט עיזים 3% שומן 500 ג' גד,"מיוצר ע""י קוד יצרן M",IL,גד יוגורט עיזים 3% 5,מיליליטרים,500.00,"100 מ""ל",false,,14.90,2.9800,true,1,14623
7290005992575,false,גבינה בולגרית למריחה 5% גד 250ג',מחלבות גד בעמ,IL,גד בולגרית למריחה 5%,גרמים,250.00,100 גרם,false,,19.20,7.6800,true,1,14626
7290006199027,false,מאגדת גלידל וניל מצופה סורבה תות שדה [8],פלקו בעמ,IL,גלידל מאגדת בטעם תות,גרמים,600.00,100 גרם,false,,34.90,5.8167,true,1,36016
7290006199218,false,מאגדת גלידל אייס מוקה 8 יח דיאט,פלדמן,IL,גלידל מאגדת בטעם איי,גרמים,400.00,100 גרם,false,,34.90,8.7250,true,1,36017
7290006229427,false,שישיית מים מינרלים סאן בנדטו 500 מל,טמפו,,"סאן בנדטו 6*500 מ""ל",ליטרים,3.00,ליטר,false,,13.90,4.6333,true,1,9408
7290006241504,false,"פריגת קפוא תפוזים 280 מ""ל",גת,IL,קפוא תפוזים 340 גרם,גרמים,340.00,100 גרם,false,,13.90,4.0882,true,1,6395
7290006241511,false,"פריגת קפוא לימון נענע 280 מ""ל",היינץ צפון אמריקה מק,IL,קפוא לימון נענע 340,גרמים,340.00,100 גרם,false,,13.90,4.0882,true,1,6396
7290006241689,false,פריז לימון קפוא 340 גרם,היינץ צפון אמריקה מק,IL,קפוא לימון 340 גרם,גרמים,340.00,100 גרם,false,,13.90,4.0882,true,1,6399
7290006251107,false,תה ויסוצקי צ'אי מסאלה 25 יח',מולינו ניקולי s.p.a,IL,תה מסאלה ויסוצקי 2/2,גרמים,50.00,100 גרם,false,,21.90,43.8000,true,1,24618
7290006251275,false,תה ירוק סיני 25 שקיקים של 1.5 ג,HIQ FOOD PRODUCTS,IL,תה ירוק סיני,גרמים,37.50,100 גרם,false,,23.90,63.7333,true,1,24620
7290006251374,false,תה ירוק לימונית וגינגר 25 שקיקים ויסוצקי,ויסוצקי,IL,תה ירוק לימונית וג'י,גרמים,25.00,100 גרם,false,,23.90,95.6000,true,1,24623
7290006272072,false,חטיפי פיצה בשקית מעדנות 650ג',"מעדנות בע""מ",IL,חטיפי פיצה מעדנות 65,גרמים,650.00,100 גרם,false,,33.90,5.2154,true,1,35585
7290006272430,false,בצק עלים חמאה מעדנות 600 ג',מיוצר עי קונדיטוריית,IL,בצק עלים חמאה 600 גר,גרמים,600.00,100 גרם,false,,30.90,5.1500,true,1,35587
7290006322104,false,לחם ריחיים קל פרוס 500 ג',מאפיית דוידוביץ ובני,IL,לחם ריחיים מלא דוידו,גרמים,500.00,100 גרם,false,,13.90,2.7800,true,1,397668
7290006322838,false,לחם 100% קמח מלא 750 גרם,מאפיית דוידוביץ ובני,IL,לחם 100% מלא דוידובי,גרמים,750.00,100 גרם,false,,14.90,1.9867,true,1,397799
7290006374738,false,קונפיטורת יד מרדכי תות 340 גרם,אף.סי תבליני בגליל ב,IL,קונפיטורת תות יד מור,גרמים,340.00,100 גרם,false,,13.90,4.0882,true,1,22234
7290006449955,false,מלפפון בייבי ארוז,"מרינה פטריות הגליל בע""מ",IL,מלפפון בייבי,יח',1.00,יח',false,,9.90,9.9000,true,1,163388
7290006492432,false,גבינת מוצרלה בייבי 18% 300 ג' גד,מחלבות גד בעמ,IL,גד בייבי מוצרלה 150ג,גרמים,170.00,100 גרם,false,,17.00,10.0000,true,1,14644
7290006492616,false,גבינה בולגרית פרוסות 5% 250 ג' גד,DSH עבור מחלבות גד ב,IL,גד בולגרית פרוסות 5%,גרמים,250.00,100 גרם,false,,29.90,11.9600,true,1,14645
7290006492685,false,לאבנה עזים 5% שומן 250 ג' גד,מחלבות גד בעמ,IL,גד לאבנה עזים 3% 250,גרמים,250.00,100 גרם,false,,20.40,8.1600,true,1,14648
7290006492852,false,גבינת עיזים למריחה 5% שומן 250 ג' גד,מחלבות גד,IL,גד גבינת עיזים למריח,גרמים,250.00,100 גרם,false,,19.30,7.7200,true,1,14649
7290006511751,false,פטריות שמפניון חתוך ויליפוד 290X3 ג' בד”צ,,,פטריות חתוכות ויליפו,גרמים,870.00,100 גרם,false,,13.00,1.4943,true,1,2906
7290006556004,false,מלפפון מובחר ארוז,,,מלפפון מובחר ארוז,יח',1.00,יח',false,,8.90,8.9000,true,1,50850
7290006618078,false,"אסטוניש מרסס ניקוי יסודי 750 מ""ל",אסטוניש,,אסטוניש מרסס ניקוי צ,מיליליטרים,750.00,"100 מ""ל",false,,14.90,1.9867,true,1,11297
7290006652027,false,מארז במבה יום הולדת 15X20 גרם,מיוצר עי קונדיטוריית,IL,במבה יום הולדת מאח.1,גרמים,300.00,100 גרם,false,,24.90,8.3000,true,1,18696
7290006653819,false,פתיתי קוסקוס דק 350 גרם,"מיוצר ע""י קוד יצרן K",IL,קוסקוס דק בשקית אסם,גרמים,350.00,100 גרם,false,,8.90,2.5429,true,1,18699
7290006664051,false,"אקטימל לבן מארז 100X14 מ""ל",מיוצר עי קונדיטוריית,IL,אקטימל טבעי 14*100מל,ליטרים,1.40,ליטר,false,,33.90,24.2143,true,1,23287
7290006664310,false,גבינה לבנה 3% שומן 250 ג' שטראוס,מיוצר עי קונדיטוריית,IL,גבינה 3% סקי 250 גרם,גרמים,250.00,100 גרם,false,,5.00,2.0000,true,1,23290
7290006664402,false,גבינה 5% שומן 750 ג' שטראוס,מיוצר עי קונדיטוריית,IL,שטראוס גבינה 5% 750ג,גרמים,750.00,100 גרם,false,,14.25,1.9000,true,1,23291
7290006664532,false,יוגורט עם תות 3% שומן 150 ג' דנונה,מיוצר עי קונדיטוריית,IL,דנונה תות 3% 150מל,גרמים,150.00,100 גרם,false,,4.10,2.7333,true,1,23292
7290006664655,false,"אקטימל לבן טבעי מארז 100X8 מ""ל",מיוצר עי קונדיטוריית,IL,אקטימל טבעי 8*100מל,מיליליטרים,800.00,"100 מ""ל",false,,22.90,2.8625,true,1,23294
7290006664693,false,יוגורט עם אפרסק 3% שומן 150 ג' דנונה,מיוצר עי קונדיטוריית,IL,דנונה אפרסק 3% 150מל,גרמים,150.00,100 גרם,false,,4.10,2.7333,true,1,23295
7290006664990,false,דנונה ביו מארז חיסכון 1.5% 8 יח' *150 ג',מיוצר עי קונדיטוריית,IL,דנונה ביו מארז חיסכו,קילוגרמים,1.20,"ק""ג",false,,18.90,15.7500,true,1,23297
7290006704016,false,בזיליקום ארוז יחידה,,,בזיליקום ארוז יחידה,יח',1.00,יח',false,,5.90,5.9000,true,1,35505
7290006704047,false,רוזמרין,,,רוזמרין,יח',1.00,יח',false,,5.90,5.9000,true,1,41463
7290006704092,false,מרווה יחידה,,,מרווה יחידה,יח',1.00,יח',false,,5.90,5.9000,true,1,41465
7290006704108,false,קורנית /טימין יח',,,קורנית /טימין יח',יח',1.00,יח',false,,5.90,5.9000,true,1,41466
7290006704511,false,"תפו""א גמדי אדום למיקרו מרינה 750ג'","מרינה פטריות הגליל בע""מ",IL,תפוא ננסי מיקרוגל,גרמים,750.00,100 גרם,false,,6.90,0.9200,true,1,35508
7290006739346,false,נקניקיות פרגיות טרי 400 גרם זוגלובק,זוגלובק,IL,נקניקיות פרגיות טרי,גרמים,400.00,100 גרם,false,,19.90,4.9750,true,1,38908
7290006739407,false,שניצל תירס לייט 630 ג' זוגלובק,כצט,IL,שניצל תירס לייט 630,גרמים,600.00,100 גרם,false,,30.90,5.1500,true,1,38910
7290006739414,false,סלמי קוניאק 300 ג' זוגלובק,זוגלובק,IL,סלמי קוניאק זוגלובק,גרמים,300.00,100 גרם,false,,32.00,10.6667,true,1,38911
7290006739421,false,סלמי מעושן איטלקי 300 ג' זוגלובק,זוגלובק,IL,סלמי מעושן איטלקי ז,גרמים,300.00,100 גרם,false,,32.00,10.6667,true,1,38912
7290006739445,false,שניצל תירס קלאסי 750 ג' זוגלובק,זוגלובק,IL,שניצל תירס קלאסי 750,גרמים,750.00,100 גרם,false,,24.90,3.3200,true,1,38913
7290006739544,false,כתף בקר 300 ג' זוגלובק,זוגלובק,IL,כתף בקר זוגלובק 300,גרמים,300.00,100 גרם,false,,35.90,11.9667,true,1,38914
7290006742278,false,פסטרמה הודו צלויה על לבנים 330 ג' זוגלובק,זוגלובק,IL,פסטרממיה צלויה על לב,גרמים,330.00,100 גרם,false,,33.90,10.2727,true,1,38935
7290006742292,false,פסטרמה הודו בדבש 330 ג' זוגלובק,זוגלובק,IL,פסטרממיה בדבש 1% 330,גרמים,330.00,100 גרם,false,,33.90,10.2727,true,1,38936
7290006764072,false,"בירה גולדסטאר בק חוזר 500 מ""ל","טמפו משקאות בע""מ",IL,גולדסטאר בירה בק חוז,מיליליטרים,500.00,"100 מ""ל",false,,7.90,1.5800,true,1,9412
7290006764485,false,"בירה נשר מאלט שחורה מארז 330X6מ""ל",טמפו,,נשר מאלט 6*330מל,ליטרים,1.98,ליטר,false,,32.90,16.6162,true,1,9420
7290006804877,false,פיתה ביס פילסברי 1/,פילסברי,,פיתלה 10 יח',יח',1.00,יח',false,,12.90,12.9000,true,1,54767
7290006805850,false,תערובת להכנת פנקייק פילסבורי 500 גר,הדקלאים אגודת שיתופי,IL,תערובת להכנת פנקייקס,גרמים,500.00,100 גרם,false,,19.90,3.9800,true,1,12790
7290006908360,false,שקד קלוי 150 גר` פיצ,,,שקד קלוי 150 גר` פיצ,גרמים,150.00,100 גרם,false,,17.90,11.9333,true,1,1475
7290006908377,false,שקד טבעי 150 גר` פיצ,,,שקד טבעי 150 גר` פיצ,גרמים,150.00,100 גרם,false,,17.90,11.9333,true,1,1476
7290006983770,false,עוגת הבית שיש 400 ג' אסם,מיוצר עי קונדיטוריית,IL,עוגת הבית שיש 400גר,גרמים,400.00,100 גרם,false,,14.90,3.7250,true,1,18708
7290006983787,false,עוגת הבית שוקוציפס 400 ג' אסם,מיוצר עי קונדיטוריית,IL,עוגת הבית שוקוציפס 4,גרמים,400.00,100 גרם,false,,14.90,3.7250,true,1,18709
7290006983794,false,עוגת הבית תפוז 400 ג' אסם,מיוצר עי קונדיטוריית,IL,עוגת הבית תפוז 400גר,גרמים,400.00,100 גרם,false,,14.90,3.7250,true,1,18710
7290008268288,true,מארז תפוח קריפס פינק,,,מארז תפוח קריפס פינק,גרמים,900.00,100 גרם,false,,12.90,1.4333,true,1,409228
7290008268301,false,אוכמניות יחידה,מרינה,IL,אוכמניות,גרמים,120.00,100 גרם,false,,14.90,12.4167,true,1,47750
7290008268455,false,קיווי ישראלי ארוז 4,חקלאי,IL,קיווי ארוז בראשית,יח',1.00,יח',false,,12.90,12.9000,true,1,210134
7290008343466,false,בצק פילו 500 גרם שלושת האופים,כלורוקס אוקלנד,IL,בצק פילו 500 גרם,גרמים,500.00,100 גרם,false,,21.90,4.3800,true,1,17100
7290008409100,false,אצבעות שניצל בציפוי שומשום מאמא עוף 700 גרם,תנובה גליל שותפות מו,IL,אצבעות שניצל ציפוי ש,גרמים,700.00,100 גרם,false,,37.90,5.4143,true,1,25511
7290008409124,false,שניצל ג'ונגל פריך 700 ג' מאמא עוף,תנובה גליל שותפות מו,IL,מאמא עוף קפוא שניצל,גרמים,700.00,100 גרם,false,,37.90,5.4143,true,1,25512
7290008409216,false,שניצל דק פריך מאמא עוף 700 ג',תנובה גליל,IL,מאמא עוף קפוא שניצל,גרמים,700.00,100 גרם,false,,40.90,5.8429,true,1,25513
7290008409315,false,מיני מיני דק שניצלונים בציפוי פריך מאמא עוף 500 ג',תנובה גליל,IL,מאמא עוף מיני דק שני,גרמים,500.00,100 גרם,false,,24.90,4.9800,true,1,25517
7290008409551,false,שניצל עוף אמיתי בציפוי מעודן 700 ג' מאמא עוף,תנובה גליל שותפות מו,IL,שניצל עוף אמיתי בציפ,גרמים,700.00,100 גרם,false,,39.90,5.7000,true,1,25529
7290008409582,false,שניצל אמיתי בציפוי ביתי מאמא עוף 700 ג',תנובה גליל שותפות מו,IL,שניצל אמיתי בציפוי ב,גרמים,700.00,100 גרם,false,,39.90,5.7000,true,1,25532
7290008464024,false,"בירה גולדסטאר לא מסוננת 500 מ""ל פחית","טמפו משקאות בע""מ",IL,גולדסטאר לא מסונן פח,מיליליטרים,500.00,"100 מ""ל",false,,9.90,1.9800,true,1,9429
7290008464468,false,"בירה גולדסטאר פחית 500 מ""ל","טמפו משקות בע""מ",IL,"גולדסטאר פחית 500מ""ל",מיליליטרים,500.00,"100 מ""ל",false,,8.90,1.7800,true,1,9443
7290008464505,false,מים מינרלים סן בנדטו,אקווה מינרלה סאן בנד,IT,סן בנדטו 0.5ל. מים מ,מיליליטרים,500.00,"100 מ""ל",false,,3.90,0.7800,true,1,9446
7290008464611,false,"סודה טמפו בקבוק זכוכית 275 מ""ל",טמפו משקאות בעמ,IL,"מי סודה טמפו 275 מ""ל",מיליליטרים,275.00,"100 מ""ל",false,,3.50,1.2727,true,1,9453
7290008464703,false,"שישיית בקבוקי מכבי 330 מ""ל",טמפו,,בירה מכבי מארז 6 *33,ליטרים,1.98,ליטר,false,,36.90,18.6364,true,1,9457
7290008464734,false,"בירה גולדסטאר SLOW BREW מארז 330X6מ""ל",טמפו משקאות בע''מ,IL,גולדסטאר SLOW BREW 3,ליטרים,1.98,ליטר,false,,45.90,23.1818,true,1,9458
7290008464741,false,"שישייית בירה גולדסטאר כהה 330X6 מ""ל",טמפו,IL,"גולדסטאר ח""פ בקבוק 6",ליטרים,1.98,ליטר,false,,40.90,20.6566,true,1,9459
7290008464796,false,"בירה היינקין ח""פ בקבוק 330X6מ""ל",טמפו,,"הייניקן בקבוק ח""פ 6*",ליטרים,1.98,ליטר,false,,46.90,23.6869,true,1,9462
7290008500128,false,עוגת שמרים טעם שוקול,פילסברי,IL,עוגת שמרים טעם שוקול,גרמים,500.00,100 גרם,false,,26.90,5.3800,true,1,131771
7290008644112,false,סלט מטבוחה יום יום אחלה 125 ג',"שטראוס גרופ בע""מ",IL,אחלה מטבוחה 125ג,גרמים,125.00,100 גרם,false,,5.90,4.7200,true,1,23299
7290008644235,false,עלי בייבי 120 גר' שטראוס,שטראוס בריאות ירקות,IL,עלי בייבי 120 ג ירקו,גרמים,120.00,100 גרם,false,,10.50,8.7500,true,1,23300
7290008644945,false,סלט המושבה שטופים שט,שטראוס בריאות ירקות,IL,סלט המושבה 450 ג ירק,גרמים,450.00,100 גרם,false,,14.60,3.2444,true,1,23302
7290008693134,false,מעדן גבינה ויוגורט בטעם תות 5% שומן 88 ג' דניאלה,"שטראוס בריאות בע""מ",IL,דניאלה תות מעדן גבינ,מיליליטרים,150.00,"100 מ""ל",false,,4.30,2.8667,true,1,23304
7290008745239,false,תפוציפס אקסטרא טבעי 50 גרם,"שטראוס פריטו ליי בע""",IL,תפוציפס קראנץ טבעי 5,גרמים,50.00,100 גרם,false,,4.30,8.6000,true,1,24128
7290008747547,false,תפוציפס קראנץ טבעי 200 גרם,"שטראוס פריטו ליי בע""",IL,תפוציפס קראנץ טבעי 2,גרמים,200.00,100 גרם,false,,11.90,5.9500,true,1,24130
7290008750264,false,מסטיק מאסט LL פליפ.דובדבן מגדים 28 גר,"שטראוס גרופ בע""מ",IL,מאסט דובדבן 28ג,גרמים,28.00,100 גרם,false,,4.70,16.7857,true,1,22245
7290008752244,false,תפוצ'יפס אקסטרא גריל 50 גרם,"שטראוס פריטו ליי בע""",IL,תפוציפס קראנץ גריל 5,גרמים,50.00,100 גרם,false,,4.30,8.6000,true,1,24132
7290008753111,false,תפוציפס קראנצי מקסיקני 50 גרם,"שטראוס פריטו ליי בע""",IL,תפוציפס מקסיקני 50גר,גרמים,50.00,100 גרם,false,,4.30,8.6000,true,1,24133
7290008754415,false,גומי מאסט בטעם ספירמינט עדין פליפטופ 28 ג' עלית,"שטראוס גרופ בע""מ",IL,מאסט מנטה עדין 28 גר,גרמים,28.00,100 גרם,false,,4.70,16.7857,true,1,22254
7290008754422,false,גומי מאסט בטעם פפרמינט קלאסי פליפטופ 28 ג' עלית,"שטראוס גרופ בע""מ",IL,מאסט מנטה קלאסי 28ג,גרמים,28.00,100 גרם,false,,4.70,16.7857,true,1,22255
7290008801010,false,"יין קברנה סוביניון מרלו פרייוט קולקשן 750 מ""ל",אגודת הכורמים הקאופו,IL,יין P.C קברנה סובי,מיליליטרים,750.00,"100 מ""ל",false,,44.90,5.9867,true,1,510
7290008801843,false,קברנה סוביניון אדום יבש 750 מל סלקטד,"כד בני דרום בע""מ",IL,יין סלקטד קברנה סובנ,מיליליטרים,750.00,"100 מ""ל",false,,32.90,4.3867,true,1,522
7290008801850,false,סלקטד אמרלד ריזלינג לבן חצי יבש 750 מל,אגודת הכורמים הקואופ,IL,יין סלקטד אמרלד ריזל,מיליליטרים,750.00,"100 מ""ל",false,,32.90,4.3867,true,1,523
7290008802291,false,"יין מרלו פרייוט קולקשן 750 מ""ל",אגודת הכורמים הקואופ,IL,"יין P.C מרלו 750מ""",מיליליטרים,750.00,"100 מ""ל",false,,44.90,5.9867,true,1,524
7290008802512,false,"יין וינו אדום יבש 750 מ""ל","כד בני דרום בע""מ",IL,יין וינו אדום יבש,מיליליטרים,750.00,"100 מ""ל",false,,23.90,3.1867,true,1,525
7290008805384,false,סלקטד מוסקטו לבן מבעבע 750 מל 2016,אגודת הכורמים הקואופ,IL,יין סלקטד מוסקטו 750,מיליליטרים,750.00,"100 מ""ל",false,,32.90,4.3867,true,1,543
7290008830676,false,"פריט מבצע 5 ש""ח",דין שיווק,IL,"פריט מבצע 5 ש""ח",יחידה,0.00,יחידה,false,,5.00,0.0000,true,1,31637
7290008830690,false,"פריט מבצע 10 ש""ח.",דין שיווק,IL,"פריט מבצע 10 ש""ח.",יחידה,0.00,יחידה,false,,10.00,0.0000,true,1,31638
7290008909761,false,קרלסברג בקבוק יחיד 3,מבשלות בירה בינלאומי,IL,קרלסברג בקבוק יחיד 3,מיליליטרים,330.00,"100 מ""ל",false,,8.90,2.6970,true,1,7003
7290009018004,false,פיקדון בקבוק/פחית בו,,,פיקדון בקבוק/פחית בו,יחידה,0.00,יחידה,false,,0.30,0.0000,true,1,65
7290009018011,false,פיקדון בקבוק/פחיות ש,,,פיקדון בקבוק/פחיות ש,יחידה,0.00,יחידה,false,,1.80,0.0000,true,1,63
7290009018264,false,פיקדון בקבוק/פחית רב,,,פיקדון בקבוק/פחית רב,יחידה,0.00,יחידה,false,,1.20,0.0000,true,1,104
7290009174397,false,כריך א לעובד-כשר לפס,,,כריך עובד מגה,יחידה,0.00,יחידה,false,,1.50,0.0000,true,1,47040
7290010002023,false,כורכום הודי טחון 100 גרם,א.ל ייצור ושיווק תבל,IL,מימון כורכום הודי טח,גרמים,100.00,100 גרם,false,,12.90,12.9000,true,1,244
7290010002078,false,פלפל שחור טחון 100 גרם,א.ל ייצור ושיווק תבל,IL,מימון פלפל שחור טחון,גרמים,100.00,100 גרם,false,,15.20,15.2000,true,1,249
7290010002139,false,פפריקה הונגרית חריפה 100 גרם,,,מימון פפריקה הונגרית,גרמים,100.00,100 גרם,false,,12.90,12.9000,true,1,255
7290010002146,false,פפריקה מרוקאית מתוקה 100 גרם,א.ל ייצור ושיווק תבל,IL,מימון פפריקה מרוקאית,גרמים,100.00,100 גרם,false,,12.90,12.9000,true,1,256
7290010002283,false,מימון תבלין על האש ב,א.ל ייצור ושיווק תבל,IL,מימון תבלין על האש ב,גרמים,100.00,100 גרם,false,,12.90,12.9000,true,1,262
7290010002320,false,תבלין גריל עוף 100 גרם,א.ל ייצור ושיווק תבל,IL,מימון תיבול לגריל עו,גרמים,100.00,100 גרם,false,,12.90,12.9000,true,1,266
7290010002375,false,מימון קארי 100 גרם,א.ל ייצור ושיווק תבל,IL,מימון קארי 100 גרם,גרמים,100.00,100 גרם,false,,12.90,12.9000,true,1,271
7290010002382,false,תבליני מימון אורגנו,,,מימון אורגנו במיכל 4,גרמים,40.00,100 גרם,false,,10.00,25.0000,true,1,272
7290010002399,false,בזיליקום -ריחן 40 גרם,,,מימון בזיליקום 40 גר,גרמים,40.00,100 גרם,false,,10.00,25.0000,true,1,273
7290010002429,false,תבליני מימון עלי דפנה,א.ל ייצור ושיווק תבל,IL,מימון עלי דפנה במיכל,גרמים,20.00,100 גרם,false,,10.00,50.0000,true,1,275
7290010002498,false,מימון שום גבישי 120,א.ל ייצור ושיווק תבל,IL,מימון שום גבישי 120,גרמים,120.00,100 גרם,false,,15.20,12.6667,true,1,280
7290010002726,false,מימון תיבול לפרגיות,א.ל ייצור ושיווק תבל,IL,מימון תיבול לפרגיות,גרמים,100.00,100 גרם,false,,12.90,12.9000,true,1,283
7290010003709,false,פלפל שחור טחון 50 גרם שקית,TLV צ'יף,IL,מימון פלפל שחור טחון,גרמים,50.00,100 גרם,false,,8.30,16.6000,true,1,291
7290010003761,false,מימון כורכום טחון שק,א.ל ייצור ושיווק תבל,IL,מימון כורכום טחון שק,גרמים,80.00,100 גרם,false,,6.50,8.1250,true,1,293
7290010003792,false,מלח לימון שקית 100 גרם,א.ל ייצור ושיווק תבל,IL,מימון מלח לימון שקית,גרמים,100.00,100 גרם,false,,6.50,6.5000,true,1,296
7290010003808,false,זעתר ושומשום 80 גרם שקית,TLV צ'יף,IL,מימון זעתר ושומשום ש,גרמים,80.00,100 גרם,false,,6.50,8.1250,true,1,297
7290010023141,false,תה לימונענע הגן הקסום 25 שיקיקים,HIQ FOOD PRODUCTS,IL,תה לימונענע 25 שק',גרמים,50.00,100 גרם,false,,17.90,35.8000,true,1,24636
7290010051243,false,תרד ניו זילנדי,,,תרד ניו זילנדי,גרמים,150.00,100 גרם,false,,11.90,7.9333,true,1,385696
7290010066513,false,נתחי טונה בשמן צמחי רביעיה *158ג' פילטונה,,,נתחי טונה בשמן צמחי,גרמים,632.00,100 גרם,false,,23.90,3.7816,true,1,26545
7290010066575,false,נתחי טונה במים רביעיה *158ג' פילטונה,,,נתחי טונה במים פילטו,גרמים,632.00,100 גרם,false,,23.90,3.7816,true,1,26547
7290010066599,false,מארז רביעיית טונה בשמן זית 4*160 גרם,,,נתחי טונה בשמן זית פ,גרמים,632.00,100 גרם,false,,29.90,4.7310,true,1,26549
7290010118328,false,תפוצ'יפס טבעי 6*40 ג,,,תפוצ'יפס טבעי 6*40 ג,גרמים,240.00,100 גרם,false,,13.90,5.7917,true,1,24144
7290010124213,false,סינטה בקר דק דק אל מטאדור 250 ג',בלאדי,IL,סינטה בקר דק דק אל מ,גרמים,250.00,100 גרם,false,,16.90,6.7600,true,1,35299
7290010153916,false,"אורז ריזוטו עגול מיה 1 ק""ג",,,אורז ריזוטו עגול 1 ק,קילוגרמים,1.00,"ק""ג",false,,9.80,9.8000,true,1,15041
7290010154678,false,אריסה מרוקאית ביטון 250 ג' ביטון,תבליני ביטון יוחאי,IL,יוחאי ביטון אריסה מר,גרמים,250.00,100 גרם,false,,14.90,5.9600,true,1,17145
7290010192007,false,פטרוזיליה,,,פטרוזיליה,יח',1.00,יח',false,,4.90,4.9000,true,1,35513
7290010192014,false,שמיר,,,שמיר,יח',1.00,יח',false,,4.90,4.9000,true,1,35514
7290010192021,false,כוסברה,,,כוסברה,יח',1.00,יח',false,,4.90,4.9000,true,1,35515
7290010192038,false,שורש פטרוזיליה ארוז,,,שורש פטרוזיליה ארוז,יח',1.00,יח',false,,5.90,5.9000,true,1,35516
7290010192045,false,נענע יחידה,חקלאי,IL,נענע יחידה,יח',1.00,יח',false,,4.90,4.9000,true,1,35517
7290010192052,false,סלרי עלים (אמריקאי),,,סלרי עלים (אמריקאי),יח',1.00,יח',false,,5.90,5.9000,true,1,35518
7290010192069,false,סלרי ראש ארוז,,,סלרי ראש ארוז,יח',1.00,יח',false,,5.90,5.9000,true,1,35519
7290010192083,false,מנגולד ארוז,,,מנגולד ארוז,יח',1.00,יח',false,,6.90,6.9000,true,1,35520
7290010192137,false,לוף ארוז ליח,,,לוף ארוז ליח,יח',1.00,יח',false,,8.90,8.9000,true,1,35521
7290010237548,false,"פפסי מקס דל קלוריות 500 מ""ל בקבוק",טמפו משקאות בעמ,IL,"פפסי מקס 500 מ""ל",מיליליטרים,500.00,"100 מ""ל",false,,4.90,0.9800,true,1,9470
7290010237562,false,"מרינדה בקבוק 500 מ""ל","טמפו משקאות בע""מ",IL,מירנדה 500 מ'ל,מיליליטרים,500.00,"100 מ""ל",false,,4.90,0.9800,true,1,9471
7290010237890,false,"בירה הייניקן בקבוק 500 מ""ל חוזר",טמפו משקאות בע''מ,IL,הייניקן בירה בקבוק ח,מיליליטרים,500.00,"100 מ""ל",false,,9.90,1.9800,true,1,9482
7290010259823,false,מרק עם נודלס טעם עוף מנת השף 70 גר,נמצ'או(תאילנד) בעמ,TH,נודלס בטעם עוף מנת ה,גרמים,70.00,100 גרם,false,,5.90,8.4286,true,1,2922
7290010259977,false,שמן קנולה וילי פוד 1 ליטר,יושלם,PL,שמן קנולה ויליפוד 1,ליטרים,1.00,ליטר,false,,11.90,11.9000,true,1,2930
7290010329977,false,מטבעות שוקולד מריר 42 ג' כרמית,HIQ FOOD PRODUCTS,IL,כרמית מטבעות שוק.מרי,גרמים,48.00,100 גרם,false,,6.50,13.5417,true,1,38542
7290010429554,false,"שמן זית כתית מעולה יד מרדכי 2 קלאסי, 750 מ""ל",מכוורת יד מרדכי שטרא,IL,שמן זית כתית מעולה 2,מיליליטרים,750.00,"100 מ""ל",false,,38.90,5.1867,true,1,22272
7290010627004,false,טחינה גולמית מסורתית ירושלים 500 ג',"בראשית ירושלים בע""מ",IL,טחינה ירושלים 500 גר,גרמים,500.00,100 גרם,false,,17.90,3.5800,true,1,24648
7290010650071,false,פטריות שיטאקי מיובש,,,פטריות שיטאקי מיובש,גרמים,25.00,100 גרם,false,,9.90,39.6000,true,1,50856
7290010766734,false,רוטב פיצה אוליביה אסם 430 ג',,,רוטב פיצה אוליביה 41,מיליליטרים,415.00,"100 מ""ל",false,,14.90,3.5904,true,1,3553
7290010766949,false,ממרח תחתיות ארטישוק 180ג' אוליביה,,,אוליביה ממרח ארטישוק,גרמים,180.00,100 גרם,false,,14.90,8.2778,true,1,3554
7290010814251,false,שלשות שוקולד חלב 85 גר*3 בלמינט*18 בקרט בדצ,כרמית תעשיות ממתקים,IL,שוקולד חלב אגו 3 יח',גרמים,255.00,100 גרם,false,,11.90,4.6667,true,1,38545
7290010838431,false,"טואלט דאק נוזל כחול זוג * 750 מ""ל",מיוצר עי קונדיטוריית,NL,דאק ג'ל נוזל 750 זוג,ליטרים,1.50,ליטר,false,,18.90,12.6000,true,1,5855
7290010883356,false,כפפות אלוורה סנו סושי גדול גדול,Z.H.RUBBER,CN,סנו סושי זוג כפפות א,יחידה,0.00,יחידה,false,,10.90,0.0000,true,1,30063
7290010922949,false,תות שדה קפוא בלדי 250 גרם,,IL,תות שדה קפוא שייק אי,גרמים,250.00,100 גרם,false,,11.90,4.7600,true,1,369016
7290010945146,false,קוטג' 3% מועשר בסידן טרה 250 ג' מהדרין,טרה,IL,טרה קוטג מועשר 3% 25,גרמים,250.00,100 גרם,false,,5.90,2.3600,true,1,6415
7290011015862,false,"פריגת סירופ דיאט לימונענע 750 מ""ל",גת,IL,סירופ דיאט לימונענע,מיליליטרים,750.00,"100 מ""ל",false,,22.90,3.0533,true,1,7011
7290011017866,false,"קוקה קולה פחית 330 מ""ל",החברה המרכזית לייצור,IL,קוקה קולה פחית סליק,מיליליטרים,330.00,"100 מ""ל",false,,5.50,1.6667,true,1,7032
7290011017873,false,"קוקה קולה זירו פחית 330 מ""ל",החברה המרכזית לייצור,IL,ZERO קולה פחית סליק,מיליליטרים,330.00,"100 מ""ל",false,,5.50,1.6667,true,1,7033
7290011017880,false,"קוקה קולה דיאט פחית 330 מ""ל",החברה המרכזית לייצור,IL,קולה דיאט פחית סליק,מיליליטרים,330.00,"100 מ""ל",false,,5.50,1.6667,true,1,7034
7290011018443,false,"פנטה אורנג פחית סליק 330 מ""ל",החברה המרכזית לייצור,IL,פאנטה אורנג פחית סלי,מיליליטרים,330.00,"100 מ""ל",false,,5.50,1.6667,true,1,7054
7290011115203,false,נקה 7-סבון מוצק ורוד - רביעייה * 100 ג',טרופיקל דגיל תעשיות,IL,סבון מוצק ורוד נקה 7,גרמים,400.00,100 גרם,false,,12.90,3.2250,true,1,30082
7290011115289,false,נקה 7- סבון מוצק ליליך - רביעייה * 100 ג',"גליל כימיכלים בע""מ",IL,סבון מוצק לילך נקה 7,גרמים,400.00,100 גרם,false,,12.90,3.2250,true,1,30087
7290011126209,false,תה הגן הקסום תפוח וקינמון - סיידר 25 שקיקים,HIQ FOOD PRODUCTS,IL,תה הגן הקסום תפוח וק,גרמים,55.00,100 גרם,false,,17.90,32.5455,true,1,24652
7290011126452,false,חליטת קמומיל ונענע 25 שקיקים גן קסום,HIQ FOOD PRODUCTS,IL,תה קמומיל ונענע 1.5ג,גרמים,37.50,100 גרם,false,,17.90,47.7333,true,1,24660
7290011126469,false,חליטת קמומיל ודבש 25 שקיקים גן קסום,HIQ FOOD PRODUCTS,IL,תה קמומיל ודבש 1.5גר,גרמים,37.50,100 גרם,false,,17.90,47.7333,true,1,24661
7290011126957,false,תה ירוק ויסוצקי ארל גריי 25 שקיקים,HIQ FOOD PRODUCTS,IL,תה ירוק ארל גריי T.T,גרמים,37.50,100 גרם,false,,23.90,63.7333,true,1,24666
7290011132583,false,"פפסי מקס ליים 500 מ""ל מארז שישייה","טמפו משקאות בע""מ",IL,פפסי מקס שישייה 500,ליטרים,3.00,ליטר,false,,21.90,7.3000,true,1,138991
7290011194215,false,מעדן גבינה ויוגורט בטעם בננה 5% שומן 88 ג' דניאלה,"שטראוס בריאות בע""מ",IL,"דניאלה בננה 150 מ""ל",מיליליטרים,150.00,"100 מ""ל",false,,4.30,2.8667,true,1,23312
7290011194246,false,קוטג' 5% שומן 250 ג' שטראוס,מיוצר עי קונדיטוריית,IL,קוטג שטראוס 5% עם סי,גרמים,250.00,100 גרם,false,,6.00,2.4000,true,1,23313
7290011223205,false,ריבת חלב ארגנטינאית 454 גרם,אשבל מזון פונקציונלי,IL,דולקור ריבת חלב 454,גרמים,454.00,100 גרם,false,,18.90,4.1630,true,1,5868
7290011378769,false,בארכה - חטיף בקטנה חלבה וניל 20 גרם * 6,רושדי תעשיות מזון בע,IL,בארכה בקטנה מאגדת ונ,גרמים,120.00,100 גרם,false,,13.50,11.2500,true,1,18732
7290011379018,false,מארז משפחתי שמפיניון 500 ג' מרינה,מרינה,IL,פטריות צמד חמד,גרמים,500.00,100 גרם,false,,17.90,3.5800,true,1,41474
7290011438142,false,"משקה יטבתה אייס קפה בבקבוק אישי 350 מ""ל",שטראוס גרופ,IL,יטבתה אייס קפה בבקבו,מיליליטרים,350.00,"100 מ""ל",false,,6.90,1.9714,true,1,23319
7290011499051,false,גבינה פטה כבשים בגביע 20% 250 גר',MKN עבור מחלבות גד ב,IL,גד פטה כבשים גביע 20,גרמים,250.00,100 גרם,false,,29.90,11.9600,true,1,14651
7290011499105,false,גבינה בולגרית מלוחה 5% 250 ג' גד,ג'נרל מילס סאן אדריא,IL,גד בולגרית 5% 250ג,גרמים,250.00,100 גרם,false,,25.60,10.2400,true,1,14652
7290011499129,false,"גבינה בולגרית קוביות קטנות מעודנת 5% 200 ג""ר",קוד יצרן DSH,IL,גד בולגרית מעודנת קו,גרמים,200.00,100 גרם,false,,24.50,12.2500,true,1,14654
7290011499303,false,גבינת עיזים בולגרית מעודנת 5% 250 גר',ג'נרל מילס סאן אדריא,IL,פטה עיזים מעודנת 5%,גרמים,250.00,100 גרם,false,,34.10,13.6400,true,1,14657
7290011499327,false,גבינה בולגרית מעודנת חלב בקר 250 גר,מיוצר על ידי DSH עבו,IL,גד בולגרית בקר מעודנ,גרמים,250.00,100 גרם,false,,25.60,10.2400,true,1,14658
7290011499365,false,גבינה חלומי נענע גד,"מחלבות גד בע""מ",IL,גד חלומי 24% 200ג,גרמים,200.00,100 גרם,false,,25.60,12.8000,true,1,14662
7290011499419,false,גבינה במרקם שמנת 5% שומן 200 ג' גד,מחלבות גד,IL,גבינה במרקם שמנת 5%,גרמים,200.00,100 גרם,false,,12.90,6.4500,true,1,14664
7290011499624,false,גבינת שמנת טבעי 30% שומן 200 ג' גד,מחלבות גד,IL,גד ניו יורק גבינת שמ,גרמים,200.00,100 גרם,false,,15.20,7.6000,true,1,14667
7290011501617,false,חמוציות ברכז תפוחים ללא תוספת סוכר 250 גרם,אף.סי תבליני בגליל ב,IL,חמוציות ברכז פרי ללא,גרמים,250.00,100 גרם,false,,15.90,6.3600,true,1,4668
7290011515683,false,טילונים אקסטרים וניל מאגדת 6יח',תות תעשיות מזון (201,IL,אקסטרים וניל מאגדת 6,גרמים,432.00,100 גרם,false,,35.90,8.3102,true,1,16090
7290011515911,false,שלגון לייט ריבת חלב מאגדת 6 יח',גלידות נסטלה (נגה גל,IL,מאגדת לייט ריבת חלב,גרמים,312.00,100 גרם,false,,30.90,9.9038,true,1,16091
7290011518561,false,"אקטימל תות משפחתי מארז 14X100מ""ל",מיוצר עי קונדיטוריית,IL,אקטימל תות משפחתי 14,ליטרים,1.40,ליטר,false,,32.90,23.5000,true,1,23324
7290011530525,false,מיקס פירות קפואים שייק איט צהוב - 3*150 ג',"הבו-קדו בע""מ",IL,שייק איט יום שלישי 4,גרמים,450.00,100 גרם,false,,30.90,6.8667,true,1,70031
7290011553883,false,פרורים מוזהבים שקית,,,פרורים מוזהבים שקית,גרמים,800.00,100 גרם,false,,11.90,1.4875,true,1,400814
7290011587123,false,קרם קוקוס תומר 400 מ,,IL,קרם קוקוס תומר 400 מ,מיליליטרים,400.00,"100 מ""ל",false,,9.90,2.4750,true,1,24984
7290011598211,false,"סנו - אנטי קאלק מרסס ניקוי כללי 4 ב-1 700 מ""ל",מיוצר עי קונדיטוריית,IL,מנקה כללי אנטיקאלק 7,מיליליטרים,700.00,"100 מ""ל",false,,19.90,2.8429,true,1,30098
7290011598372,false,מטלית מיקרופייבר פרופשיונל לרצפה סנו סושי,סנו מפעלי ברונוס.,CN,סנו סושי מטלית מיקרו,יחידה,0.00,יחידה,false,,13.90,0.0000,true,1,30101
7290011615277,false,"עלי טורטיוה קמח חיטה 25ס""מ 12יח' ויליפוד 840 ג'",מוטלוקל גידה סאנאי ט,TR,"עלי טורטיה בד""ץ וילי",גרמים,840.00,100 גרם,false,,15.90,1.8929,true,1,2942
7290011860271,false,תפוגן ביסבול טבעי 700 גר,"תעשיות תפוגן בע""מ",IL,תפוגן ביס בול טבעי 7,גרמים,700.00,100 גרם,false,,17.90,2.5571,true,1,19773
7290011877866,false,"סנו מקסימה אבקת כביסה מאסק 6 ק""ג","איי, בי, אינבוו",IL,אבקת כביסה סנו מקסימ,קילוגרמים,6.00,"ק""ג",false,,51.90,8.6500,true,1,30137
7290011947798,false,זית קלמטה ללא גלעין עם שמן זית כתית 190 ג',זיתא,IL,זית קלמטה ללא גלעין,גרמים,190.00,100 גרם,false,,15.90,8.3684,true,1,116610
7290012001994,false,חרדל דיז'ון גרעינים 350 ג' ריין דיזון,כלורוקס אוקלנד,FR,חרדל דיגון גרעינים 3,גרמים,350.00,100 גרם,false,,13.90,3.9714,true,1,5339
7290012019258,false,מחית תפוחי עץ רביעיה 4 * 113 ג' תומר,Cherry growers inc,IL,"רסק תפו""ע מחית תפוחי",גרמים,452.00,100 גרם,false,,11.90,2.6327,true,1,25027
7290012019265,false,"רסק תפוֿֿֿֿ""ע פלסטיק דיאט 4יח'12X",Cherry growers inc,,"מחית תפו""ע ללא סוכר",גרמים,452.00,100 גרם,false,,11.90,2.6327,true,1,25028
7290012022203,false,קליליות חיטה מלאה די,דילייט,,קליליות חיטה מלאה די,גרמים,100.00,100 גרם,false,,13.90,13.9000,true,1,31508
7290012022227,false,קליליות חיטה טעם טבעי,דילייט,,קליליות בטעם טבעי די,גרמים,60.00,100 גרם,false,,12.90,21.5000,true,1,31509
7290012022272,false,פריכיות קליליות קידס,דילייט,,פריכיות קליליות קידס,יחידה,0.00,יחידה,false,,12.90,0.0000,true,1,31510
7290012025839,false,מטבוחה שמיר אסלי 400 גרם,,,שמיר מטבוחה אסלי 400,גרמים,400.00,100 גרם,false,,10.90,2.7250,true,1,17716
7290012086113,false,עגבניות שרי צימן קופסא 500ג',ירקט,IL,עגבניות שרי,גרמים,500.00,100 גרם,false,,9.90,1.9800,true,1,50873
7290012117091,false,אבקת -כביסה סנו מקסימה סנסיטיב 6 קג,הורביץ סחר,IL,אבקת כביסה סנו מקסימ,קילוגרמים,6.00,"ק""ג",false,,51.90,8.6500,true,1,30166
7290012117534,false,סנו - מקסימה מרכך כביסה מרוכז קול 1 ליטר,"סנו מפעלי ברונוס בע""",IL,סנו מקסימה מרכך קומפ,יחידה,0.00,יחידה,false,,19.90,0.0000,true,1,30179
7290012117541,false,מרכך כביסה מקסימה קומפקט צהוב 1 ל' סנו,,IL,סנו מקסימה מרכך קומפ,יחידה,0.00,יחידה,false,,19.90,0.0000,true,1,30180
7290012117558,false,מרכך כביסה קומפקט מאסק ורוד סנו מקסימה 1 ל',"סנו מפעלי ברונוס בע""",IL,סנו מקסימה מרכך קומפ,יחידה,0.00,יחידה,false,,19.90,0.0000,true,1,30181
7290012117916,false,סנו אינסטלאטור פותח סתימות נוזלי 1 ל',"סנו מפעלי ברונוס בע""",IL,סנו אינסטלאטור פותח,יחידה,0.00,יחידה,false,,30.90,0.0000,true,1,30196
7290012191084,false,המנגליסט גפרורים עשי,,IN,המנגליסט גפרורים עשי,יחידה,0.00,יחידה,false,,3.50,0.0000,true,1,7886
7290012226021,false,סלמי מעושן פראג יבש 400 ג' זוגלובק,זוגלובק,IL,סלמי מעושן פראג יבש,גרמים,400.00,100 גרם,false,,23.90,5.9750,true,1,38948
7290012227912,false,קבנוס עודן 135 ג' זוגלובק,,IL,קבנוס מעודן זוגלובק,גרמים,135.00,100 גרם,false,,12.90,9.5556,true,1,38993
7290012227974,false,פסטרמה דק דק בדבש 120 ג' זוגלובק,זוגלובק,IL,זוגלובק פסטרמה בדבש,גרמים,120.00,100 גרם,false,,14.90,12.4167,true,1,38994
7290012227981,false,פסטרמה דק דק ברביקיו 120 ג' זוגלובק,זוגלובק,IL,פסטרמה ברביקיו זוגלו,גרמים,120.00,100 גרם,false,,14.90,12.4167,true,1,38995
7290012227998,false,פסטרמה דק דק חזה בקר 120 ג' זוגלובק,זוגלובק,IL,זוגלובק חזה בקר 12,גרמים,120.00,100 גרם,false,,14.90,12.4167,true,1,38996
7290012228278,false,נקנקיות בוקוורסט עוף ובקר ריינהולד'ס 310 ג' זוגלובק,זוגלובק,IL,נקנקיות בוקוורסט הוד,גרמים,300.00,100 גרם,false,,21.90,7.3000,true,1,39007
7290012413636,false,תה ירוק צאי מסאלה 25 שקיקים 1.5 גרם,HIQ FOOD PRODUCTS,IL,תה ירוק צ'אי T.Tשמינ,גרמים,37.50,100 גרם,false,,23.90,63.7333,true,1,24699
7290012522581,false,שניצל תירס טבעול ללא גלוטן 664 גר,טבעול,IL,טבעול שניצל תירס ללא,גרמים,664.00,100 גרם,false,,30.90,4.6536,true,1,19781
7290012576614,false,פרימייר לבן ריזלינג,יקבי ברקן שיווק והפצ,IL,ברקן יין פרמייר לבן,מיליליטרים,750.00,"100 מ""ל",false,,26.90,3.5867,true,1,9526
7290012645112,false,"יוגורט עיזים בדלי חלב הארץ 750מ""ל",מחלבות סוסיא,IL,יוגורט עיזים בדלי 75,מיליליטרים,750.00,"100 מ""ל",false,,21.90,2.9200,true,1,23332
7290012645280,false,"יוגורט כבשים טבעי 2.8% בגביע חלב הארץ 150מ""ל",מחלבות סוסיא,IL,יוגורט כבשים בסגנון,מיליליטרים,150.00,"100 מ""ל",false,,6.90,4.6000,true,1,23337
7290012645389,false,יוגורט עיזים טבעי חלב הארץ 1 ל',מחלבות סוסיא,IL,חלב הארץ יוגורט ביו,ליטרים,1.00,ליטר,false,,23.90,23.9000,true,1,23341
7290012803215,false,וופל בלגי בטעם שוקולד 200 גר טוסו,בטר אנד דיפרנט,IL,טוסו וופל בלגי שוקול,גרמים,200.00,100 גרם,false,,11.50,5.7500,true,1,5924
7290012823374,false,מגבוני אנטי קאלק 50יח',מיוצר עי קונדיטוריית,IL,מגבוני אנטי קאלק 50י,יחידה,0.00,יחידה,false,,12.90,0.0000,true,1,30223
7290012823381,false,מרכך כביסה מקסימה סנסיטיב מרוכז ורוד 1 ל' סנו,"סנו מפעלי ברונוס בע""",IL,סנו מקסימה סנסטיב מר,יחידה,0.00,יחידה,false,,19.90,0.0000,true,1,30224
7290012823923,false,"מרכך כביסה פרפיום גולדן מקסימה 750 מ""ל סנו",סנו מפעלי ברונוס בעמ,IL,סנו מקסימה מרכך פרפי,מיליליטרים,750.00,"100 מ""ל",false,,19.90,2.6533,true,1,30246
7290012823947,false,"סנו - מרכך כביסה מרוכז פרפיום קריסטל נואר 750 מ""ל",מיוצר עי קונדיטוריית,IL,סנו מקסימה מרכך פרפי,מיליליטרים,750.00,"100 מ""ל",false,,19.90,2.6533,true,1,30248
7290012936944,false,תבלינים אגוז מוסקט טחון 40 גרם,,,מימון אגוז מוסקט טחו,גרמים,40.00,100 גרם,false,,15.20,38.0000,true,1,355
7290013027399,false,לחם קמח מלא קל בתוספת שיפון 750 ג' אנג'ל,מאפיית שלמה א. אנג'ל,IL,לחם 100 בתוספת שיפון,גרמים,750.00,100 גרם,false,,15.90,2.1200,true,1,35437
7290013117212,false,בורקס פילו במילוי גבינה מעדנות 600 גר,מיוצר עי קונדיטוריית,IL,בורקס פילו גבינה מעד,גרמים,600.00,100 גרם,false,,22.90,3.8167,true,1,35592
7290013117427,false,בצק פריך מרודד למאפים מלוחים 900 ג' מעדנות,מיוצר עי קונדיטוריית,IL,מעדנות בצק פריך מרוד,גרמים,900.00,100 גרם,false,,26.90,2.9889,true,1,35598
7290013121028,false,לחם לבן ללא גלוטן 500 גר קפוא,דולפין ספא,IL,לחם לבן ללא גלוטן גר,גרמים,500.00,100 גרם,false,,19.90,3.9800,true,1,49644
7290013121127,false,לחמניות מיני ללא גלוטן 420 גר קפוא,דולפין ספא,IL,לחמניות מיני ללא גלו,גרמים,480.00,100 גרם,false,,19.90,4.1458,true,1,49650
7290013121158,false,רביעיית לחמניות סנדויץ 460 גר קפוא,דולפין ספא,IL,רביעיית לחמניות סנדב,גרמים,460.00,100 גרם,false,,19.90,4.3261,true,1,49653
7290013144140,false,תערובת להכנת סופגניות ודונאט 600 גרם,מיוצר עי קונדיטוריית,IL,מימונס תערובת לסופגנ,גרמים,600.00,100 גרם,false,,17.90,2.9833,true,1,15330
7290013144393,false,"תמצית בטעם וניל מימונס 50 מ""ל",מיוצר עי קונדיטוריית,IL,תמצית בטעם וניל 50גר,גרמים,50.00,100 גרם,false,,4.90,9.8000,true,1,15348
7290013144416,false,"תמצית בטעם שקדים מימונס 50 מ""ל",מיוצר עי קונדיטוריית,IL,תמציתבטעם שקדים 50גר,גרמים,50.00,100 גרם,false,,4.90,9.8000,true,1,15350
7290013144508,false,"תמצית בטעם ורדים מימונס 50 מ""ל",מיוצר עי קונדיטוריית,IL,תמצית בטעם ורדים 50ג,מיליליטרים,50.00,"100 מ""ל",false,,8.90,17.8000,true,1,15352
7290013144515,false,צבע מאכל צהוב מימונס 50 ג',מיוצר עי קונדיטוריית,IL,צבע מאכל צהוב 50גר,גרמים,50.00,100 גרם,false,,5.20,10.4000,true,1,15353
7290013144980,false,תרסיס שמן קנולה מימונס 170 גרם,מולינו ניקולי s.p.a,FI,תרסיס שמן קונולה מימ,גרמים,170.00,100 גרם,false,,16.90,9.9412,true,1,15362
7290013145840,false,סוכר וניל מימונס 10* 10 ג',מיוצר עי קונדיטוריית,IL,מימונס סוכר וניל 10*,גרמים,100.00,100 גרם,false,,3.50,3.5000,true,1,15410
7290013145857,false,מימונס אבקת אפיה 10* 10ג',י. כהן בעמ,IL,אבקת אפיה 10* 10 גרם,גרמים,100.00,100 גרם,false,,3.50,3.5000,true,1,15411
7290013145901,false,סודה לשתיה מימונס 100 ג',,,סודה לשתיה 100 גרם,גרמים,100.00,100 גרם,false,,2.90,2.9000,true,1,15414
7290013145963,false,שמרים יבשים בוואקום מימונוס 125 ג',,,מימונס שמרים יבשים ב,גרמים,125.00,100 גרם,false,,5.90,4.7200,true,1,15419
7290013145970,false,קורנפלור מימונס בשקית 200 ג',א.ל ייצור ושיווק תבל,IL,מימונס קורנפלור 200,גרמים,200.00,100 גרם,false,,4.90,2.4500,true,1,15420
7290013203182,false,שרי מנומר -ליקופן,,,שרי מנומר -ליקופן,גרמים,200.00,100 גרם,false,,11.90,5.9500,true,1,50874
7290013268891,false,אוקסיג'ן ג'ל מסיר כתמים 3 ל' סנו,"סנו מפעלי ברונוס בע""",IL,סנו אוקסיג'ן 3 ליטר,ליטרים,3.00,ליטר,false,,31.90,10.6333,true,1,30286
7290013268983,false,מרכך כביסה סופר מרוכז בבישום עוצמתי סנו מקסימה 1 ל',"סנו מפעלי ברונוס בע""",IL,מקסימה מרכך כביסה בב,יחידה,0.00,יחידה,false,,19.90,0.0000,true,1,153010
7290013269287,false,סנו - מקסימה ג'ל כביסה מרוכז מאסק 3 ליטר,"סנו מפעלי ברונוס בע""",IL,מקסימה מאסק גל כביסה,ליטרים,3.00,ליטר,false,,35.90,11.9667,true,1,30298
7290013269751,false,מטליות לחותריצפז פרש לניקוי ריצפה בניחות מלון בוטיק 10 יח' סנו,טרופיקל דגיל תעשיות,IL,ריצפז מטליות לחות לנ,יחידה,0.00,יחידה,false,,12.90,0.0000,true,1,30312
7290013269850,false,סנו - סושי נייר אפייה אקולוגי 50 יח',מולינו ניקולי s.p.a,IL,סנו סושי נייר אפיה א,יחידה,0.00,יחידה,false,,17.90,0.0000,true,1,30316
7290013358356,false,מאסטר שף - פירורי לחם מוזהבים 320 גרם,מנה י.א בעמ,IL,מאסטר שף פירורי לחם,גרמים,350.00,100 גרם,false,,9.90,2.8286,true,1,21476
7290013358363,false,פירורי לחם פנקו מזוהבים מאסטר שף מנה 300 ג',קריניציה ויטמינה אס,IL,מאסטר שף פירורי לחם,גרמים,300.00,100 גרם,false,,10.50,3.5000,true,1,21477
7290013358417,false,מנה אסייאתי רוטב טריאקי 300 מל מאסטר שף,קריניציה ויטמינה אס,TH,מאסטר שף אסייאתי רוט,מיליליטרים,300.00,"100 מ""ל",false,,15.90,5.3000,true,1,21481
7290013366634,false,עלי חסה סלנובה,כרמל יבולים,IL,חסה סלנובה,יח',1.00,יח',false,,11.90,11.9000,true,1,47645
7290013389077,false,"עלי טורטיה מקמח חיטה 25ס""מ 8יח' תומר 420 ג'",,IL,6 טורטיות חיטה תומר,גרמים,425.00,100 גרם,false,,8.90,2.0941,true,1,25064
7290013424921,false,קיווי פרוס קפוא 500,,,קיווי פרוס קפוא 500,גרמים,500.00,100 גרם,false,,13.90,2.7800,true,1,136853
7290013472199,false,ערמונים קלופים וקלויים 105 גרם,בייג'גג פוינונג,CN,וילי פוד ערמונים 100,גרמים,100.00,100 גרם,false,,6.90,6.9000,true,1,2958
7290013525789,false,אריסה מרוקאית שמיר 150 גר',,,שמיר אריסה מרוקאית ח,גרמים,150.00,100 גרם,false,,8.90,5.9333,true,1,17726
7290013585233,false,"ספרייט ZERO פחית סליק 330 מ""ל",קוקה קולה,IL,פחית סליק 330 מל ZER,מיליליטרים,330.00,"100 מ""ל",false,,5.50,1.6667,true,1,7084
7290013585257,false,"ספרייט ZERO בקבוק 500 מ""ל",החברה המרכזית לייצור,IL,ZERO ספרייט 0.5 ל,מיליליטרים,500.00,"100 מ""ל",false,,7.50,1.5000,true,1,7086
7290013585387,false,קוקה קולה זירו בקבוק,החברה המרכזית לייצור,IL,קולה זירו 1 ליטר,ליטרים,1.00,ליטר,false,,7.90,7.9000,true,1,7096
7290013585394,false,קוקה קולה 1 ליטר,החברה המרכזית לייצור,IL,קוקה קולה 1 ליטר,ליטרים,1.00,ליטר,false,,7.90,7.9000,true,1,7097
7290013608260,false,פרימור מיץ רימונים 100% סחוט טרי 1ל',גניר,IL,פרימור מיץ רימונים ס,יחידה,0.00,יחידה,false,,22.90,0.0000,true,1,23346
7290013713049,false,"בירה גמס 8.8 איל בלגי מחוזקת 330 מ""ל","אביר הבר בע""מ",IL,ג'מס בקבוקי 8.8 330,מיליליטרים,330.00,"100 מ""ל",false,,13.20,4.0000,true,1,11203
7290013725820,false,אגוזי לוז בשוקולד מריר 140 גר שקדיה,"דין שיווק וקליה בע""מ",IL,אגוזי לוז בציפוי שוק,גרמים,140.00,100 גרם,false,,11.90,8.5000,true,1,4692
7290013793102,false,ערכת נוזלי עטרת מלכו,,,ערכת נוזלי עטרת מלכו,יחידה,0.00,יחידה,false,,70.90,0.0000,true,1,18008
7290013793126,false,ערכת מוצק אור והדר,,,ערכת מוצק אור והדר,יחידה,0.00,יחידה,false,,60.90,0.0000,true,1,18010
7290013848345,false,מארז מטליות לחות לחיטוי שלישיה 3 * 50 יח' סנו,סנו מפעלי ברונוס בעמ,IL,מטליות לחות לחיטוי י,יחידה,0.00,יחידה,false,,24.90,0.0000,true,1,30327
7290013906205,false,פסטרמה עם שום וצילי טירת צבי 400 ג',הנסיך- מפעל לייצור ט,IL,טירת צבי פסטרמה שום,גרמים,400.00,100 גרם,false,,29.90,7.4750,true,1,25352
7290013906441,false,קבנוס טירת צבי 120 גר,הנסיך- מפעל לייצור ט,IL,טירת צבי קבנוס 120 ג,גרמים,120.00,100 גרם,false,,10.90,9.0833,true,1,25364
7290013906458,false,קבנוס בטעם פיקנטי טירת צבי 120 גר,הנסיך- מפעל לייצור ט,IL,טירת צבי קבנוס פיקנט,גרמים,120.00,100 גרם,false,,9.90,8.2500,true,1,25365
7290013906687,false,פסט' צמד כפרית ברביקיו ודבש 300X2ג' טירת צבי,הנסיך- מפעל לייצור ט,IL,טירת צבי צמד כפרית ב,גרמים,600.00,100 גרם,false,,28.90,4.8167,true,1,25370
7290014002197,false,חליטת קמומיל ולימונית 25 שק הגן הקסום,,,תה חליטת קמומיל ולימ,גרמים,37.50,100 גרם,false,,17.90,47.7333,true,1,24710
7290014079014,false,לבבות קיסר בנספק,"מרינה פטריות הגליל בע""מ",IL,לבבות קיסר,גרמים,300.00,100 גרם,false,,10.90,3.6333,true,1,35526
7290014079076,false,נבטי אלפלפא יח,"מרינה פטריות הגליל בע""מ",IL,נבטי אלפלפא,יח',1.00,יח',false,,6.90,6.9000,true,1,41476
7290014083806,false,עוגיות בטעם חמאה 350 גרם בפח,דן קייק,PT,וילי פוד עוגיות בטעם,גרמים,350.00,100 גרם,false,,13.90,3.9714,true,1,2986
7290014094505,false,אורז בסמתי טהור אהרוני 1 ק''ג,האי נאם סי או אל.טי.,IL,אהרוני אורז בסמטי 1,קילוגרמים,1.00,"ק""ג",false,,11.80,11.8000,true,1,4723
7290014094543,false,"תרסיס שמן קנולה שקדיה 186 מ""ל",,TR,תרסיס שמן קנולה שקדי,מיליליטרים,186.00,"100 מ""ל",false,,12.90,6.9355,true,1,4727
7290014095946,false,משוקלדים פקאן בשוקולד מריר 140 גרם,,,פקאן בציפוי שוקולד מ,גרמים,140.00,100 גרם,false,,11.90,8.5000,true,1,4750
7290014218536,false,בצק עלים מרודד מופחת שומן מעדנות 1 קג,"מעדנות בע""מ",IL,בצק עלים מופחת שומן,קילוגרמים,1.00,"ק""ג",false,,23.90,23.9000,true,1,35625
7290014218932,false,חטיפי פיצה בתוספת זיתים 710 ג' מעדנות,מיוצר עי קונדיטוריית,IL,חטיפי פיצה בתוספת זי,גרמים,710.00,100 גרם,false,,35.90,5.0563,true,1,35651
7290014435384,false,חומוס שמיר עם טחינה מיוחדת 400 גר',,,שמיר חומוס עם טחינה,גרמים,400.00,100 גרם,false,,11.90,2.9750,true,1,17734
7290014435803,false,מטיאס הולנדי עם בצל בשמן 200 גר,"סלטי שמיר 2006 בע""מ",IL,מטיאס הולנדי פרובנצי,גרמים,180.00,100 גרם,false,,18.90,10.5000,true,1,17738
7290014435810,false,הרינג כבוש ובצל במרינת חמוץ מתוק שמיר 180 ג',"סלטי שמיר 2006 בע""מ",IL,הרינג כבוש עם בצל במ,גרמים,180.00,100 גרם,false,,18.90,10.5000,true,1,17739
7290014435841,false,פילה מטיאס הולנדי בשמן שמיר 180ג',,IL,פילה מטיאס הולנדי  ב,גרמים,180.00,100 גרם,false,,18.90,10.5000,true,1,17742
7290014455245,false,גבינה גרנה פדנו משולש גד 200 גר',מחלבת סוציאלה מנטובה,IT,גד גרנה פדנו משולש כ,גרמים,200.00,100 גרם,false,,27.30,13.6500,true,1,14681
7290014455252,false,גבינת גרנה פדנו מגורד 100 ג' גד,מחלבות גד,IT,גד גרנה פדנו מגורד כ,גרמים,100.00,100 גרם,false,,13.80,13.8000,true,1,14682
7290014455320,false,גבינה כדורי מוצרלה פרסקה גד 100ג',מחלבות גד בעמ,IL,גד כדור מוצרלה פרסקה,גרמים,100.00,100 גרם,false,,11.70,11.7000,true,1,14685
7290014459137,false,"צ'יפס תפוגן סטייק 1.5 ק""ג","תעשיות תפוגן בע""מ",IL,תפוגן סטייק ציפס 1.5,קילוגרמים,1.50,"ק""ג",false,,26.90,17.9333,true,1,19801
7290014471412,false,"מוזלי בוטנים אגוז ושקד 1 ק""ג ירוק שקדיה",,,מוזלי בוטנים אגוזים,קילוגרמים,1.00,"ק""ג",false,,19.90,19.9000,true,1,4753
7290014534704,false,"פסטה ""לה פסטה"" 400 ג' אטריות מרק 400 ג'",,IL,אטריות מרק לה פסטה 4,גרמים,400.00,100 גרם,false,,4.10,1.0250,true,1,25103
7290014636903,false,כרבולית קורל מינק 170*130,,,כרבולית מינק 130/170,יחידה,0.00,יחידה,false,,49.90,0.0000,true,1,389848
7290014673021,false,תבליני מימון פלפל שח,,,תבליני מימון פלפל שח,גרמים,100.00,100 גרם,false,,15.20,15.2000,true,1,357
7290014673366,false,מימון כורכום טחון 25,TLV צ'יף,IL,מימון כורכום טחון 25,גרמים,250.00,100 גרם,false,,23.00,9.2000,true,1,361
7290014673380,false,מימון כמון טחון 250,,,מימון כמון טחון 250,גרמים,250.00,100 גרם,false,,23.00,9.2000,true,1,363
7290014673434,false,פלפל שחור גרוס דק שקית 80 גרם,,,פלפל שחור גרוס דק בש,גרמים,80.00,100 גרם,false,,9.30,11.6250,true,1,367
7290014731264,false,"כוס שתיה ח""פ ר.שמאי 100יח'",,,כוסות לשתיה קרה חד פ,יח',100.00,יח',false,,7.90,0.0790,true,1,28103
7290014749764,false,שניצל עוף ביתי עדין עוף טוב 700 גרם,מוצרי עוף טוב (2001),IL,שניצל עוף ביתי כזה ע,גרמים,700.00,100 גרם,false,,45.90,6.5571,true,1,65125
7290014758100,false,מאגדת יוגורט ביו 3% שומן 8 יח' *150ג' תנובה,מיוצר עי קונדיטוריית,IL,יוגורט תנובה 3% 8*15,קילוגרמים,1.20,"ק""ג",false,,17.90,14.9167,true,1,25988
7290014758117,false,מאגדת יוגורט ביו 1.5% שומן 8 יח' *150 ג' תנובה,מיוצר עי קונדיטוריית,IL,יוגורט תנובה 1.5% 8*,קילוגרמים,1.20,"ק""ג",false,,17.90,14.9167,true,1,25989
7290014759084,false,גבינת שמנת 16% בטעם טבעי 225 ג' נפוליאון,הרדוף חלב,IL,נפוליאון 16% 225גר,גרמים,225.00,100 גרם,false,,15.50,6.8889,true,1,25996
7290014759978,false,"גבינת קצקבל פלח גלעד 27%, 200 ג'",תנובה,IL,גבינות תנובה קצקבל פ,גרמים,200.00,100 גרם,false,,27.90,13.9500,true,1,26005
7290014759985,false,"גבינת פרמזן גבע 23% פלח, 200 ג'",תנובה,IL,גבינה קשה מחלב בקר 2,גרמים,200.00,100 גרם,false,,26.90,13.4500,true,1,26006
7290014760134,false,מעדן סויה ביו בטעם ו,פ.פ.ח. שאביט,IL,גביע מעדן סויה בטעם,גרמים,125.00,100 גרם,false,,4.50,3.6000,true,1,26008
7290014760141,false,משקה שקדים טרי 1 ל' תנובה,,IL,תנובה משקה שקדים טרי,יחידה,0.00,יחידה,false,,14.90,0.0000,true,1,26009
7290014760912,false,פרוסות גבינה 28% שומן 400 ג' גוש חלב,,IL,גוש חלב 28% מהדרין 4,גרמים,400.00,100 גרם,false,,27.90,6.9750,true,1,26016
7290014761063,false,מעדן שוקולד מריר מעולה 123 ג' יולו,מיוצר עי קונדיטוריית,IL,יולו שוקולד מריר מעו,גרמים,122.00,100 גרם,false,,5.10,4.1803,true,1,26019
7290014761414,false,יולו מעדן שכבות שוקולד חלב ולבן 123 גר,מיוצר עי קונדיטוריית,IL,יולו מעדן שכבות שוקו,גרמים,122.00,100 גרם,false,,5.10,4.1803,true,1,26029
7290014762756,false,גבינת שמנת 16% עם בצל 225 ג' נפוליאון,הרדוף חלב,IL,נפוליאון 16% עם בצל,גרמים,225.00,100 גרם,false,,15.50,6.8889,true,1,26048
7290014762800,false,מעדן סויה שוקולד גביע 125 ג',תות תעשיות מזון (201,IL,גביע מעדן סויה בטעם,גרמים,125.00,100 גרם,false,,4.50,3.6000,true,1,26053
7290014762909,false,פתיתי מוצרלה 20% שומן 200 ג' השף הלבן,"תנובה, מחלבת תל יוסף",IL,פתיתי מוצרלה 200 גר`,גרמים,200.00,100 גרם,false,,16.90,8.4500,true,1,26058
7290014763098,false,קרם גבינת שמנת 5% עם פלפל שום ובצל 200 ג' תנובה,תנובה,IL,קרם גבינת שמנת 5% טו,גרמים,200.00,100 גרם,false,,13.40,6.7000,true,1,26063
7290014763272,false,"יוגורט סויה לשתיה תות ובננה 250 מ""ל",תות תעשיות מזון (201,IL,משקה סויה ביו עם תות,מיליליטרים,250.00,"100 מ""ל",false,,6.20,2.4800,true,1,26065
7290014789913,false,עוגיות אוראו עם מילוי קרם וניל 3 * 176 ג',,IL,עוגיות אוראו מארז 3,גרמים,528.00,100 גרם,false,,23.90,4.5265,true,1,5121
7290014855434,false,מגבונים בייביסיטר פרפורמנס מבושם רביעיה,די פי אל,,בייביסיטר פרפורמנס מ,יחידה,0.00,יחידה,false,,17.90,0.0000,true,1,29498
7290014860070,false,"מקלות אורז ללא גלוטן 5 מ""מ 454 גרם",Oriental food co. lt,TH,"מקלוני אורז 5 מ""מ לל",גרמים,454.00,100 גרם,false,,10.90,2.4009,true,1,47469
7290014905733,false,"הפי פרפקט לניקוי שמשות 750 מ""ל",יוליניבר,IL,הפי מרסס לניקוי חלונ,מיליליטרים,750.00,"100 מ""ל",false,,9.90,1.3200,true,1,11369
7290014940901,false,לחם פשוט מלא 750 ג' אנג'ל,,IL,לחם פשוט מלא אנגל 75,גרמים,750.00,100 גרם,false,,15.90,2.1200,true,1,35447
7290015025942,false,"פנג'ל ק. ידיים קלאסי עם שמן שקדים 80מ""ל",מיוצר עי קונדיטוריית,IL,קרם ידיים מועשר בשמן,מיליליטרים,80.00,"100 מ""ל",false,,8.80,11.0000,true,1,6007
7290015033299,false,פרורי לחם קלאסי שקית,,,פרורי לחם קלאסי שקית,גרמים,400.00,100 גרם,false,,5.00,1.2500,true,1,400801
7290015039246,false,נתחי טונה בשמן צמחי רביעיה * 160 ג' וילי פוד,,TH,טונה בהירה בשמן וילי,גרמים,640.00,100 גרם,false,,24.60,3.8438,true,1,3009
7290015039338,false,נתחי טונה במי מלח רביעיה * 160 ג' וילי פוד,,TH,טונה במי מלח ויליפוד,גרמים,640.00,100 גרם,false,,24.60,3.8438,true,1,3011
7290015155830,false,מחית תפוח בננה חטיפטף פרינוק 120 גר,פרוטה פודיווין,CZ,פאוץ' פרינוק מחית תפ,גרמים,120.00,100 גרם,false,,5.90,4.9167,true,1,3668
7290015155847,false,מחית סלט פירות חטיפטף פרינוק 120 גר,פרוטה פודיווין איי.א,CZ,פאוץ' פרינוק מחית סל,גרמים,120.00,100 גרם,false,,5.90,4.9167,true,1,3669
7290015156776,false,מחית פרינוק פאוץ' פירות טרופיים 120 גרם,,,פאוץ' פרינוק פירות ט,גרמים,120.00,100 גרם,false,,5.90,4.9167,true,1,3675
7290015193559,false,מעדני המלך אובלטים מלוחים 300 גרם,אם החיטה,IL,אובלטים מלח 300 גר',גרמים,300.00,100 גרם,false,,10.90,3.6333,true,1,41322
7290015282024,false,איקרא לבנה SEVEN SEAS 200 גרם,,IL,איקרה לבנה סלטי שמיר,גרמים,200.00,100 גרם,false,,13.90,6.9500,true,1,17749
7290015282390,false,סלט תורכי 200 גרם שמיר,"סלטי שמיר 2006 בע""מ",IL,סלט תורכי 200 ג שמיר,גרמים,200.00,100 גרם,false,,12.90,6.4500,true,1,17763
7290015282581,false,חומוס שמיר אבו גוש עם חריף 200 גר',"סלטי שמיר 2006 בע""מ",IL,חומוס אבו גוש עם חרי,גרמים,200.00,100 גרם,false,,10.90,5.4500,true,1,17766
7290015282598,false,חומוס שמיר מסעדות 200 גר',"סלטי שמיר 2006 בע""מ",IL,חומוס מסעדות,גרמים,200.00,100 גרם,false,,10.90,5.4500,true,1,17767
7290015282604,false,טחינה שמיר מיוחדת גורמה 200ג',"סלטי שמיר 2006 בע""מ",IL,טחינה מיוחדת,גרמים,200.00,100 גרם,false,,10.90,5.4500,true,1,17768
7290015282635,false,חומוס שמיר מסבחה 200 גר',"סלטי שמיר 2006 בע""מ",IL,חומוס מסבחה,גרמים,200.00,100 גרם,false,,10.90,5.4500,true,1,17771
7290015282642,false,חומוס שמיר אבו גוש 200 גר',"סלטי שמיר 2006 בע""מ",IL,חומוס אבו גוש,גרמים,200.00,100 גרם,false,,10.90,5.4500,true,1,17772
7290015282673,false,חציל שמיר במיונז ביתי 200 גורמה גר',"סלטי שמיר 2006 בע""מ",IL,חציל במיונז ביתי,גרמים,200.00,100 גרם,false,,10.90,5.4500,true,1,17774
7290015282680,false,קישוא בטעם כבד שמיר 200 גר',"סלטי שמיר 2006 בע""מ",IL,קישוא בטעם כבד סלטי,גרמים,200.00,100 גרם,false,,12.90,6.4500,true,1,17775
7290015282734,false,מטבוחה שמיר ביתית גורמה 200 ג ',"סלטי שמיר 2006 בע""מ",IL,מטבוחה ביתית.,גרמים,200.00,100 גרם,false,,12.90,6.4500,true,1,17779
7290015282741,false,חציל תאילנדי אסלי שמיר 200 ג',"סלטי שמיר 2006 בע""מ",IL,חציל תילאנדי סלטי שמ,גרמים,200.00,100 גרם,false,,12.90,6.4500,true,1,17780
7290015350150,false,"יין אדום חצי יבש סגל 750 מ""ל",כרמי צבי - אחים סגל,IL,סגל אדום חצי יבש 750,מיליליטרים,750.00,"100 מ""ל",false,,22.90,3.0533,true,1,88841
7290015437578,false,מוזלי קראנצ'י צימוק תפוח מיובש גרעיני חמנ' 600ג',,,מוזלי קראנצי צימוק ת,גרמים,600.00,100 גרם,false,,14.90,2.4833,true,1,25128
7290015572033,false,שרי צהוב,,,שרי צהוב,יח',1.00,יח',false,,11.90,11.9000,true,1,46521
7290015652087,false,תערובת פיצוחים 150 גרם ששון הקולה,דין שיווק,IL,תערובת פיצוחים 150גר,גרמים,150.00,100 גרם,false,,11.90,7.9333,true,1,4810
7290015652254,false,גרעיני חמניה קלויים 400 גרם ששון הקלה,,,גרעיני חמניה קלויים,גרמים,400.00,100 גרם,false,,10.00,2.5000,true,1,4819
7290015652261,false,בוטנים קלויים 300 גרם ששון הקולה,,,בוטנים קלויים ששון ה,גרמים,300.00,100 גרם,false,,10.00,3.3333,true,1,4820
7290015652285,false,אגוזים קלופים 250 גרם ששון הקולה,,,אגוזים קלופים 250 גר,גרמים,250.00,100 גרם,false,,20.00,8.0000,true,1,4822
7290015652292,false,קבוקים עם שומשום 400 גרם ששון הקלה,,,קבוקים עם שומשום ששו,גרמים,400.00,100 גרם,false,,10.00,2.5000,true,1,4823
7290015652322,false,בוטנים אמריקאיים מצופים 400 גר ששון הקלה,,,בוטנים אמריקאים מצופ,גרמים,400.00,100 גרם,false,,10.00,2.5000,true,1,4826
7290015652407,false,פיסטוק קלוי 250 גר דין שיווק,,,פיסטוק קלוי ששון הקו,גרמים,250.00,100 גרם,false,,20.00,8.0000,true,1,4833
7290015759168,false,נרות חנוכה רגילים,,,נרות חנוכה רגילים,יח',1.00,יח',false,,2.90,2.9000,true,1,46447
7290015766005,false,שרי וויטני יחידה,,,שרי וויטני יחידה,גרמים,500.00,100 גרם,false,,11.90,2.3800,true,1,50876
7290015766029,false,שרי כתום יח',,,שרי כתום יח',גרמים,460.00,100 גרם,false,,11.90,2.5870,true,1,50877
7290015842631,false,"כוס ברד 330 מ""ל ח""פ 40יח'",,GR,"כוס בירה 330 מ""ל 40",יחידה,0.00,יחידה,false,,10.90,0.0000,true,1,48153
7290015855082,false,ברוקולי מיני,,,ברוקולי מיני,יח',1.00,יח',false,,9.90,9.9000,true,1,35527
7290015855143,false,שום קלוף,,,שום קלוף,גרמים,170.00,100 גרם,false,,12.90,7.5882,true,1,49253
7290015855686,true,שעועית ירוקה יח`,,,שעועית ירוקה יח`,גרמים,200.00,100 גרם,false,,9.90,4.9500,true,1,407422
7290015858106,false,ממרח פסטו ביתי 180 ג' עללחם,"מדשא תעשיות מזון בע""",IL,ממרח פסטו ביתי עללחם,גרמים,180.00,100 גרם,false,,16.90,9.3889,true,1,23358
7290015858113,false,ממרח עגבניות מיובשות עללחם 180 גרם,"מדשא תעשיות מזון בע""",IL,ממרח עגבניות מיובשות,גרמים,180.00,100 גרם,false,,16.90,9.3889,true,1,23359
7290015858229,false,טפנד זיתי קלמטה עללחם 180 גרם,"מדשא תעשיות מזון בע""",IL,ממרח טפנד זיתי קלמטה,גרמים,180.00,100 גרם,false,,16.90,9.3889,true,1,23363
7290016096675,false,טונה בשמן זית פילטונ,,,טונה בשמן זית פילטונ,גרמים,240.00,100 גרם,false,,17.90,7.4583,true,1,26564
7290016150117,false,סלק מקולף בוואקום 50,חקלאי,IL,מעדן סלק בוואקום 500,גרמים,500.00,100 גרם,false,,5.90,1.1800,true,1,47174
7290016150711,false,AVEL נוזל קוקוס תאיל,,,AVEL נוזל קוקוס תאיל,מיליליטרים,400.00,"100 מ""ל",false,,5.90,1.4750,true,1,48834
7290016217742,false,חציל על אש בטחינה 200 גר,"סלטי שמיר 2006 בע""מ",IL,חציל בטחינה סלטי שמי,גרמים,200.00,100 גרם,false,,10.90,5.4500,true,1,17798
7290016270907,false,ברוקולי,,,ברוקולי,יח',1.00,יח',false,,9.90,9.9000,true,1,50879
7290016304596,false,לחמניות לסנדביץ 75 גרם,מאפית דוידוביץ ובניו,IL,10 לחמניות לסנדוויץ,גרמים,750.00,100 גרם,false,,17.90,2.3867,true,1,398421
7290016334500,false,לבבות חסה זוגות בשקי,,,לבבות חסה זוגות בשקי,יח',1.00,יח',false,,9.90,9.9000,true,1,47675
7290016372373,false,רסק עגבניות גרנד איטליה מארז 140X2ג',,IT,רסק עגבניות איטליה ב,גרמים,280.00,100 גרם,false,,8.90,3.1786,true,1,24778
7290016408294,false,"מרשמלו ורוד לבן וסטהיים 150 ג', 26 בקרטון",מנדלז סי.אר. פרודקשן,IL,מרשמלו ורוד לבן 150,גרמים,150.00,100 גרם,false,,6.90,4.6000,true,1,38649
7290016408980,false,מטבעות שוקולד חלב 36 גרם כרמית,כרמית,IL,לני מטבעות שוקולד חל,גרמים,36.00,100 גרם,false,,3.90,10.8333,true,1,38682
7290016509786,false,פרסיל - ג'ל כביסה ירוק 2.50 ליטר,,,פרסיל ג'ל 2.5 ליטר י,ליטרים,2.50,ליטר,false,,36.90,14.7600,true,1,34863
7290016564006,false,מבריק הפלא ספוג להסרת כתמים ושומנים 3 יח,,,מבריקל הפלא,יחידה,0.00,יחידה,false,,10.90,0.0000,true,1,47694
7290016682168,false,"מיץ תפוזים ולנסיה פרי ניב 400 מ""ל",,,מיץ תפוזים סחוט וולנ,מיליליטרים,400.00,"100 מ""ל",false,,8.90,2.2250,true,1,146155
7290016682199,false,פריניב שייק תות בננה מופחת סוכר 1 ליטר,פריניב בעמ,IL,שייק תות בננה מופחת,יחידה,0.00,יחידה,false,,16.90,0.0000,true,1,49389
7290016682373,false,משקה קל לימונדה בלאדי 2 ליטר פריניב,,,פרי ניב סחוט לימונדה,ליטרים,2.00,ליטר,false,,18.80,9.4000,true,1,201790
7290016682465,false,מיץ לימון 100% סחוט בקבוק זכוכית 250 מל,,,מיץ לימון לתיבול 100,מיליליטרים,250.00,"100 מ""ל",false,,9.90,3.9600,true,1,385776
7290016717754,false,"יין ישן נושן יקבי כרמל 750 מ""ל ^^^",אגודת הכורמים הקואופ,IL,"ישן נושן 750מ""ל.",מיליליטרים,750.00,"100 מ""ל",false,,20.90,2.7867,true,1,637
7290016866650,false,"פרודונטקס - משחת שיניים אוריג'ינל 75 מ""ל",DE MICLEN,SK,מש.שיניים אוריגינל פ,מיליליטרים,75.00,"100 מ""ל",false,,32.90,43.8667,true,1,4038
7290016867053,false,לחם קל כוסמין בתוספת מחמצת 450 גרם,,,לחם קל כוסמין בתוספת,גרמים,450.00,100 גרם,false,,18.90,4.2000,true,1,184985
7290016867114,false,לחם כוסמין קל מלא 500 גר',,,לחם כוסמין קל מלא 50,גרמים,500.00,100 גרם,false,,17.90,3.5800,true,1,184986
7290016867152,false,פיתות קלות כוסמין 5 יחידות 330 גר,,,פיתות קלות כוסמין 29,גרמים,292.00,100 גרם,false,,13.90,4.7603,true,1,185034
7290016867176,false,"לחמניות קלות כוסמין שומשום 6יח' ד""ר מרק",,,לחמניות ק. כוסמין שו,גרמים,300.00,100 גרם,false,,13.90,4.6333,true,1,185016
7290016967074,false,לחם חיטה מלאה עם גרעינים ודגנים,מאפיית שלמה א. אנג'ל,IL,חיטה מלאה אנגל 750 ג,גרמים,750.00,100 גרם,false,,17.90,2.3867,true,1,35453
7290017031705,false,"סנסודיין - משחת שיניים קלין&פרש 75 מ""ל",DE MICLEN,SK,משחת שיניים קלין&פרש,מיליליטרים,75.00,"100 מ""ל",false,,22.70,30.2667,true,1,4056
7290017062693,false,מרכך כביסה מרוכז לבן 1*5 ליטר טאצ,,,מרכך כביסה מרוכז טאצ,ליטרים,1.00,ליטר,false,,13.90,13.9000,true,1,110810
7290017065007,false,פרוסות גבינה מוצרלה חצי קשה 22% שומן 200 ג' גד,מחלבות גד בעמ,IL,מוצרלה פרוסה חצי קש,גרמים,200.00,100 גרם,false,,21.30,10.6500,true,1,14700
7290017065137,false,גבינת ריקוטה למריחה 5% טבעית 200ג' גד,האי נאם סי או אל.טי.,IL,גבינה ריקוטה למריחה,גרמים,200.00,100 גרם,false,,11.90,5.9500,true,1,14703
7290017065434,false,גבינה גאודה פרוסה הולנדית 200 גר',מחלבות גד בעמ,NL,גד פרוסות גאודה 200,גרמים,200.00,100 גרם,false,,24.00,12.0000,true,1,14719
7290017088914,false,מגבונים בייביסיטר מבושם 66X6 יח',,,מגבונים מבושם בייביס,יחידה,0.00,יחידה,false,,17.90,0.0000,true,1,96151
7290017094861,false,חומוס עם רוטב מסבחה אסלי שמיר 400 ג',,,חומוס עם רוטב מסבחה,גרמים,400.00,100 גרם,false,,10.90,2.7250,true,1,17815
7290017105550,false,רביעיית רסק עגבניות 100% יכין 4X100 גרם,היינץ צפון אמריקה מק,IL,מאגדת רסק עגבניות יכ,גרמים,400.00,100 גרם,false,,11.90,2.9750,true,1,8758
7290017105895,false,גרגירי חומוס מסעדות יכין 550 גרם,זנלכל,IL,גרגרי חומוס מסעדות י,גרמים,550.00,100 גרם,false,,10.90,1.9818,true,1,81006
7290017129822,false,מטבעות שוקולד מריר 36 גרם כרמית,כרמית,IL,לני מטבעות שוקולד מר,גרמים,36.00,100 גרם,false,,3.90,10.8333,true,1,38727
7290017142128,false,"שמן זית כתית מעולה קלאסי עץ הזית 750 מ""ל",,IL,שמן זית כתית מעולה ק,מיליליטרים,750.00,"100 מ""ל",false,,35.90,4.7867,true,1,29327
7290017142159,false,מארז נתחי טונה בהירה בשמן זית 3*80 ג' עץ הזית,הנסיך- מפעל לייצור ט,TH,נתחי טונה בהירה בשמן,גרמים,240.00,100 גרם,false,,24.90,10.3750,true,1,29328
7290017142418,false,ארוחה אורז עם עדשים טונה בשמן זית 160 גר',יוניקורד ח.צ בעמ,TH,אורז עדשים עם טונה ב,גרמים,160.00,100 גרם,false,,14.90,9.3125,true,1,29346
7290017440286,false,"ד""ר פישר - קידס מרכך ויטמינים 750 מ""ל",,IL,"ד""ר פישר מרכך קידס 7",מיליליטרים,750.00,"100 מ""ל",false,,17.90,2.3867,true,1,29278
7290017477169,false,קשיו קלוי 250 גרם ששון הקולה,,,קשיו קלוי ששון הקולה,גרמים,250.00,100 גרם,false,,20.00,8.0000,true,1,4905
7290017599229,false,ממתיק סוכרלוז 200 טבליות סוכרזית,,IL,סוכרזית סוכרלוז 200,גרמים,17.00,100 גרם,false,,24.90,146.4706,true,1,247698
7290017599274,false,סוכרזית סטיוויה 120 שקיות,ביסקול בע''מ,IL,סוכרזית סטיוויה ממת,גרמים,120.00,100 גרם,false,,24.90,20.7500,true,1,385337
7290017617084,false,סטארקיסט מיקס טוגו טונה עם שעועית 185 גרם,דרדנל אוננטאס גידה,TR,סטארקיסט מיקס 185 גר,גרמים,185.00,100 גרם,false,,13.90,7.5135,true,1,233332
7290017617091,false,סטארקיסט מיקס טוגו טונה עם פתיתים 185 גרם,דרדנל אוננטאס גידה,TR,סטארקיסט מיקס 185 גר,גרמים,185.00,100 גרם,false,,13.90,7.5135,true,1,201316
7290017617107,false,סטארקיסט מיקס טוגו טונה עם 4 דגנים 185 גרם,"איטיליאן פוד, אס.פי.",TR,סטארקיסט מיקס 185 גר,גרמים,185.00,100 גרם,false,,13.90,7.5135,true,1,201317
7290017677804,false,"רוטב סויה קיקומן 444 מ""ל",קיקומן,US,קיקומן רוטב סויה ללא,מיליליטרים,444.00,"100 מ""ל",false,,21.90,4.9324,true,1,5354
7290017715346,false,זית שחור טאסוס 400 גרם,,TR,זית שחור טאסוס תומר,גרמים,400.00,100 גרם,false,,16.90,4.2250,true,1,25183
7290017746128,false,מארז 10 פיתות ביס לבן,,,פיתות ביס 10 יח' מאפ,גרמים,500.00,100 גרם,false,,12.90,2.5800,true,1,398357
7290017746135,false,מארז 10 פיתות ביס כוסמין,,,10 מיני פיתות כוסמין,גרמים,500.00,100 גרם,false,,13.90,2.7800,true,1,398472
7290017746258,true,פרנה לחם מרוקאי מסור,,,פרנה לחם מרוקאי מסור,גרמים,400.00,100 גרם,false,,13.90,3.4750,true,1,398497
7290017746272,false,4 יח' פיתה בצל מנקיש,,,4 יח' פיתה בצל מנקיש,גרמים,480.00,100 גרם,false,,19.90,4.1458,true,1,405485
7290017746289,false,4 יח' פיתה זעתר מנקי,,,4 יח' פיתה זעתר מנקי,גרמים,480.00,100 גרם,false,,19.90,4.1458,true,1,404236
7290017812380,false,תירוש מיץ ענבים אדום,,,תירוש מיץ ענבים אדום,מיליליטרים,750.00,"100 מ""ל",false,,12.90,1.7200,true,1,648
7290017871431,false,טוסו חטיף תמרים אגוזי לוז וחמוציות ללא גלוטן וללא תוספת סוכר,,,טוסו חטיף תמרים אגוז,גרמים,0.00,גרם,false,,16.90,0.0000,true,1,6062
7290017872193,false,טוסו עוגיות שקדים וקינמון ללא סוכר 200 גרם,היינץ צפון אמריקה מק,IL,עוגיות שקדים וקינמון,גרמים,200.00,100 גרם,false,,15.90,7.9500,true,1,72249
7290017872865,false,בייביביס חטיפי דגנים אפויים לתינוקות בטעם גזר ועגבנייה,,IL,חטיפי דגנים אפויים ל,גרמים,40.00,100 גרם,false,,13.90,34.7500,true,1,267533
7290017928043,false,מאיר בייגל גריסיני קראנץ' מלח 175 ג',,IL,גריסיני קראנץ' מלח מ,גרמים,175.00,100 גרם,false,,11.90,6.8000,true,1,5356
7290017928098,false,שטוחלה מלח מאיר בייגל 330 ג',מאיר בייגל,IL,בייגלה שטוח מלח מאיר,גרמים,330.00,100 גרם,false,,11.90,3.6061,true,1,187487
7290017928821,false,מאיר בייגל מקלות גריסיני קלאסי 200 ג',,IL,מקלות גריסיני קלאסי,גרמים,200.00,100 גרם,false,,11.90,5.9500,true,1,5372
7290017941240,false,כפיות 40 יח' עבה במי,,,כפיות 40 יח' עבה במי,יחידה,0.00,יחידה,false,,8.90,0.0000,true,1,126039
7290017941264,false,מזלגות 40 יח' עבה במ,,,מזלגות 40 יח' עבה במ,יחידה,0.00,יחידה,false,,8.90,0.0000,true,1,126041
7290017941288,false,נר נשמה 24 שעות,,,נר נשמה 24 שעות,יחידה,0.00,יחידה,false,,2.50,0.0000,true,1,162116
7290017941370,false,להבונים 50 יח' 3 שעו,,,להבונים 50 יח' 3 שעו,יחידה,0.00,יחידה,false,,10.90,0.0000,true,1,162132
7290017941462,false,כוסות שתיה חמה 8B י,,,כוסות שתיה חמה 8B י,יחידה,0.00,יחידה,false,,10.90,0.0000,true,1,132794
7290017941547,false,"צלחת 1 ק""ג קרם WIZ",,,"צלחת 1 ק""ג קרם WIZ",קילוגרמים,1.00,"ק""ג",false,,37.90,37.9000,true,1,118484
7290017941882,false,קערת פלסטיק אובלית 1,,,קערת פלסטיק אובלית 1,יחידה,0.00,יחידה,false,,8.90,0.0000,true,1,118502
7290017941905,false,קיסמים במלחיה 300 יח,,,קיסמים במלחיה 300 יח,יחידה,0.00,יחידה,false,,3.90,0.0000,true,1,128166
7290017941912,false,שיפודי במבוק עובי 5,,,שיפודי במבוק עובי 5,יחידה,0.00,יחידה,false,,6.90,0.0000,true,1,128167
7290017946368,false,סוד סבון 4 כדוריות לאסלה אוקיינוס 3*50 ג,,,סוד כדוריות לאסלה P.,גרמים,150.00,100 גרם,false,,21.90,14.6000,true,1,113877
7290017947105,false,לחם בסגנון אמריקה 500 גר',מאפיית שלמה א. אנג'ל,IL,לחם בסגנון אמריקה אנ,גרמים,500.00,100 גרם,false,,15.90,3.1800,true,1,35460
7290017947464,false,מארז 8 פיתות מקמח כוסמין מלא 400ג',"איטיליאן פוד, אס.פי.",IL,שמיניית פיתות כוסמין,גרמים,400.00,100 גרם,false,,17.90,4.4750,true,1,93501
7290017947891,false,לחם כוסמין וחיטה מלאה 750 ג' אנג'ל,מאפיית שלמה א. אנג'ל,IL,לחם כוסמין וחיטה מלא,גרמים,750.00,100 גרם,false,,17.90,2.3867,true,1,35461
7290017947921,true,מארז לחמניות המבורגר,,,מארז לחמניות המבורגר,גרמים,450.00,100 גרם,false,,15.90,3.5333,true,1,70626
7290018043196,false,פראוד - חטיף חלבון בטעם שוקולד לבן עוגיות 60 גרם,הרת'סייד פוד סולושיי,NL,חטיף חלבון בטעם שוקו,גרמים,60.00,100 גרם,false,,13.90,23.1667,true,1,294562
7290018131756,false,מאגדת שלגון וניל מצופה תות נסטלה 440 גרם,נסטלה,IL,נסטלה וניל מצופה תות,גרמים,440.00,100 גרם,false,,31.90,7.2500,true,1,124325
7290018131954,false,מאגדת לה פרוטה תות שוקולד 70X5 גרם,נסטלה,IL,לה פרוטה מאגדת בטעם,גרמים,350.00,100 גרם,false,,31.90,9.1143,true,1,124313
7290018165447,false,"יין רזרב GOLD EDITION מרלו 750 מ""ל",יקבי ברקן שיווק והפצ,IL,יין רזרב גולד מרלו 7,מיליליטרים,750.00,"100 מ""ל",false,,49.90,6.6533,true,1,112694
7290018195406,false,"שמן זית כתית ""טעים"" 750 מ""ל טעמן",,IL,שמן זית כתית עגול טע,מיליליטרים,750.00,"100 מ""ל",false,,32.90,4.3867,true,1,240258
7290018237939,false,שניצלונים ציפוי שומשום עוף טוב 700 גרם,,IL,שניצלונים ציפוי שומש,גרמים,700.00,100 גרם,false,,21.90,3.1286,true,1,370218
7290018333624,false,גרנולפלקס חלבה ושקדים 500 גרם כשלפ,,,גרנולפלקס חלבה ושקדי,גרמים,500.00,100 גרם,false,,25.90,5.1800,true,1,273449
7290018344095,false,חטיף חלבון בטעם בוטנים מלח 50 ג' VEG PROTEIN,טבע ירוק,IL,חטיף חלבון בוטנים ומ,גרמים,50.00,100 גרם,false,,10.90,21.8000,true,1,192763
7290018344125,false,חטיף חלבון אגוזי לוז קקאו טבע ירוק 50 גר,טבע ירוק,IL,חטיף חלבון אגוזי לוז,גרמים,50.00,100 גרם,false,,10.90,21.8000,true,1,192764
7290018359334,false,רכז עגבניות טבעי פריכוז שף יכין 580 גרם,,IL,רכז עגבניות טבעי פרי,גרמים,580.00,100 גרם,false,,10.90,1.8793,true,1,98415
7290018359716,false,רוטב עגבניות פיצה טוסקנה 240 גרם יכין,"זנלכל בע""מ",IL,רוטב פיצה טוסקנה יכי,גרמים,240.00,100 גרם,false,,6.50,2.7083,true,1,133257
7290018359877,false,רסק עגבניות טבעי יכין 200 גר*3,יכין,IL,רסק עגבניות טבעי יכי,גרמים,600.00,100 גרם,false,,17.90,2.9833,true,1,244978
7290018440254,false,צ'אי קרמל מלוח 25 שק' ויסוצקי,ויסוצקי,IL,חווית הצ'אי- קרמל מל,גרמים,50.00,100 גרם,false,,23.90,47.8000,true,1,197784
7290018468418,false,פסטרמה צמחונית בטעם מפולפל 100 ג טירת צב,טיב טירת צבי 2000,IL,פסטרמה צמחונית מפולפ,גרמים,120.00,100 גרם,false,,15.90,13.2500,true,1,385048
7290018471913,false,שוופס מוגז פירות תפוחים 1.5 ליטר-,"יפאורה תבורי בע""מ",IL,שוופס פרוטס תפוחים 1,ליטרים,1.50,ליטר,false,,9.50,6.3333,true,1,203036
7290018493069,false,"קרם ידיים מועשר בשמן כותנה ד""ר פישר 100 מ""ל",,IL,קרם ידיים אפקטיב קר,מיליליטרים,100.00,"100 מ""ל",false,,16.90,16.9000,true,1,327029
7290018500361,false,לחם אנג'ל אחיד פרוס 900 גר',מאפיית שלמה א. אנג'ל,IL,לחם אחיד פרוס מאפיית,גרמים,900.00,100 גרם,false,,8.32,0.9244,true,1,367353
7290018540329,false,שקית פיתה פיתה בלדי 800 ג' אנג'ל,מאפיית שלמה א. אנג'ל,IL,פיתה פיתה אנגל 880 ג,יח',10.00,יח',false,,13.90,1.3900,true,1,122574
7290018540817,false,לחם מחמצת כוסמין ארטיזנל 500 גרם,מאפיית אורנים,IL,לחם ארטיזנל כוסמין א,גרמים,500.00,100 גרם,false,,19.90,3.9800,true,1,288173
7290018540824,false,לחם מחמצת כפרי ארטיזנל 500 גרם,מאפיית אורנים,IL,לחם מחמצת כפרי artis,גרמים,500.00,100 גרם,false,,19.90,3.9800,true,1,288174
7290018571590,false,שמן שקדים מזוכך מיה,,,שמן שקדים מזוכך מיה,ליטרים,1.00,100 ליטר,false,,26.90,2690.0000,true,1,294602
7290018626153,false,תבנית R-88 אינגליש 1,,,תבנית R-88 אינגליש 1,יחידה,0.00,יחידה,false,,9.90,0.0000,true,1,130131
7290018626672,false,מארז צלחות 12+12 מא,,,מארז צלחות 12+12 מא,יחידה,0.00,יחידה,false,,52.90,0.0000,true,1,191511
7290018626719,false,מארז צלחות 12+12 נק,,,מארז צלחות 12+12 נק,יחידה,0.00,יחידה,false,,52.90,0.0000,true,1,188014
7290018652886,false,נסטלה מאגדת מצופים שוקו בננה 8 יח',נגה גלידות,IL,מאגדת שוקו בננה 8 יח,גרמים,476.00,100 גרם,false,,29.90,6.2815,true,1,269933
7290018652909,false,מאגדת מאגנום קפה שוקולד ופקאן 5 *43 ג' נסטלה,נסטלה,IL,מאגדת שלגונים אספרסו,גרמים,225.00,100 גרם,false,,30.90,13.7333,true,1,325996
7290018652923,false,מאגדת תות עוגת גבינה שוקולד 5 *43 ג' נסטלה,נסטלה,IL,מאגדת מסקרפונה תות *,גרמים,225.00,100 גרם,false,,30.90,13.7333,true,1,326009
7290018886175,false,כפיות עבות 50 יח' ש,,,כפיות עבות 50 יח' ש,יחידה,0.00,יחידה,false,,10.90,0.0000,true,1,167199
7290018886212,false,מזלגות עבות 50 יח',,,מזלגות עבות 50 יח',יחידה,0.00,יחידה,false,,10.90,0.0000,true,1,167203
7290018886977,false,נייר אפיה 50 יחידות,,,נייר אפיה 50 יחידות,יחידה,0.00,יחידה,false,,9.90,0.0000,true,1,189893
7290018893098,false,צ'וקטה ביסקוויט מצופה שוקולד חלב 100 גרם,,,צ'וקטה עוגיות מצופות,גרמים,100.00,100 גרם,false,,7.90,7.9000,true,1,317427
7290018893111,false,צ'וקטה שוקולד מריר בלגי 70% 100 גרם,,,צ'וקטה שוקולד מריר מ,גרמים,100.00,100 גרם,false,,8.90,8.9000,true,1,372775
7290018893128,false,צ'וקטה שוקולד חלב בלגי 34% 100 גרם,,,צ'וקטה שוקולד חלב מע,גרמים,100.00,100 גרם,false,,8.90,8.9000,true,1,372776
7290018893456,false,צוקטה עוגות אישיות במילוי קרם 10*30 גר,פרדי קונדטוריה אס.פי,IT,צ'וקטה עוגות אישיות,יחידה,300.00,יחידה,false,,14.90,0.0497,true,1,171366
7290018893807,false,צ'וקטה - שוקולד מריר שלישייה 3 * 100 גרם,,,מארז שוקולד מריר 60%,גרמים,300.00,100 גרם,false,,14.90,4.9667,true,1,241263
7290018925065,false,מיץ פרימור תפוזים סחוט 2 ליטר-,גניר,IL,פרימור מיץ תפוזים סח,ליטרים,2.00,ליטר,false,,27.90,13.9500,true,1,215157
7290019031062,false,תבנית R-2 מלבנית 7 י,,,תבנית R-2 מלבנית 7 י,יחידה,0.00,יחידה,false,,9.90,0.0000,true,1,276586
7290019031369,false,"צלחות גדולות 9"" קרם",,,"צלחות גדולות 9"" קרם",יחידה,0.00,יחידה,false,,15.90,0.0000,true,1,267466
7290019031413,false,נייר טואלט לח שלישיי,,,נייר טואלט לח שלישיי,יחידה,0.00,יחידה,false,,11.90,0.0000,true,1,285934
7290019031420,false,אל סבון נוזלי שלישיי,,,אל סבון נוזלי שלישיי,מיליליטרים,500.00,"100 מ""ל",false,,11.90,2.3800,true,1,285897
7290019031543,false,שמן זית כתית מעולה א,,,שמן זית כתית מעולה א,מיליליטרים,750.00,"100 מ""ל",false,,30.90,4.1200,true,1,285704
7290019031673,false,"WIZ מרקיות שקופות 7""",,,"WIZ מרקיות שקופות 7""",יחידה,0.00,יחידה,false,,10.90,0.0000,true,1,385792
7290019056539,false,פרוט ווטר אפרסק 1.5 ליטר פיקדון,"יפאורה תבורי בע""מ",IL,פרוט ווטר אפרסק 1.5,ליטרים,1.50,ליטר,false,,9.50,6.3333,true,1,202352
7290019056652,false,ספרינג אננס בננה 1.5 ליטר פיקדון,"יפאורה תבורי בע""מ",IL,ספרינג אננס בננה 1.5,ליטרים,1.50,ליטר,false,,8.90,5.9333,true,1,201998
7290019056669,false,ספרינג תפוחים גיאט 1.5 ליטר פיקדון,"יפאורה תבורי בע""מ",IL,ספרינג תפוחים דיאט 1,ליטרים,1.50,ליטר,false,,8.90,5.9333,true,1,201999
7290019056959,false,מי עדן 1.5 ליטר בק' בודד פיקדון,מופק ממקור בזלתי עדן,IL,מי עדן 1.5 ליטר,ליטרים,1.50,ליטר,false,,3.90,2.6000,true,1,221319
7290019056973,false,שישיית מי עדן 1.5 ליטר משפחתי,מופק ממקור בזלתי עדן,IL,מי עדן 6*1.5 ליטר,ליטרים,9.00,ליטר,false,,13.90,1.5444,true,1,203188
7290019153375,false,מיץ בטעם מוחיטו 1.5 ל' תפוזינה,"יפאורה תבורי בע""מ",IL,תפוזינה מוחיטו 1.5 ל,ליטרים,1.50,ליטר,false,,8.90,5.9333,true,1,338426
7290019230021,false,חלה גדולה ספיישל ביקרי,,,חלה גדולה ארוזה בייק,גרמים,500.00,100 גרם,false,,14.90,2.9800,true,1,206257
7290019232155,false,"חליטת ""לילה טוב"" קמומיל לבנדר ו25 שקיקים ויסוצקי",ויסוצקי,IL,לילה טוב חליטת קמומי,גרמים,37.50,100 גרם,false,,22.90,61.0667,true,1,400979
7290019232162,false,"חליטת ""לילה טוב"" קמומיל מליסה 25 שקיקים ויסוצקי",ויסוצקי,IL,לילה טוב חליטת קמומי,גרמים,37.50,100 גרם,false,,22.90,61.0667,true,1,400980
7290019245001,false,שמן קנולה אלומות 1 ל,,,שמן קנולה אלומות 1 ל,ליטרים,1.00,ליטר,false,,11.90,11.9000,true,1,309520
7290019267737,true,חלה וויזניץ 500 גרם,,,חלה וויזניץ 500 גרם,יח',1.00,יח',false,,17.90,17.9000,true,1,403202
7290019303701,false,טבע ירוק פינוקית שומשום מיקס ישראלי 250ג,טבע ירוק,IL,פינוקיות שומשום מיקס,גרמים,220.00,100 גרם,false,,18.90,8.5909,true,1,380036
7290019393016,false,"קמח חיטה לבן ללא צורך בניפוי 1 ק""ג האופה",טבע ירוק,IL,קמח חיטה לבן מנופה,קילוגרמים,1.00,"ק""ג",false,,8.90,8.9000,true,1,389683
7290100412343,false,קוויק מגבונים לניקוי כללי בניחוח לימון 50 יח',,,מגבונים לניקוי וחיטו,יחידה,0.00,יחידה,false,,9.90,0.0000,true,1,29536
7290100570234,false,אביזרי מטבח,,,אביזרי מטבח,יחידה,0.00,יחידה,false,,12.90,0.0000,true,1,34224
7290100572368,false,אביזרי מטבח,,,אביזרי מטבח,יחידה,0.00,יחידה,false,,19.90,0.0000,true,1,34233
7290100572702,false,אביזרי מטבח ב-11.00,,,אביזרי מטבח ב-11.00,יחידה,0.00,יחידה,false,,10.90,0.0000,true,1,34236
7290100573402,false,אביזרי מטבח,,,אביזרי מטבח,יחידה,0.00,יחידה,false,,14.90,0.0000,true,1,34239
7290100659090,false,פרי חטיפים ללא סוכר מארז 5 תמרים וקינמו,טבעית מוצרים מן הטבע,IL,פרי חטיפים ללא סוכר,גרמים,100.00,100 גרם,false,,18.00,18.0000,true,1,21547
7290100680650,false,מנה חמה נודלס-אטריות ירקות טעם תאילנדי אסם 76 ג',THAI PRESIDENT FOODS,TH,מנה חמה נודלס תאילנד,גרמים,76.00,100 גרם,false,,6.90,9.0789,true,1,18795
7290100680667,false,אוסם - מנה חמה נודלס בטעם סצ'ואן 76 גרם,THAI PRESIDENT FOODS,TH,מנה חמה נודלס ירקות,גרמים,76.00,100 גרם,false,,6.90,9.0789,true,1,18796
7290100680711,false,פירורית זהב אסם זהב 350ג',עינת תעשיות,IL,אסם פירורית זהב 350,גרמים,350.00,100 גרם,false,,9.90,2.8286,true,1,18797
7290100680728,false,פירורית רגילה 350 ג' אוסם,מיוצר עי קונדיטוריית,IL,פירורית רגילה שקית 3,גרמים,350.00,100 גרם,false,,8.90,2.5429,true,1,18798
7290100681138,false,אפרופו מארז שלישיה * 50ג' אסם,"אסם השקעות בע""מ",IL,אפרופו מאח 3*50 גר',גרמים,150.00,100 גרם,false,,12.90,8.6000,true,1,18802
7290100685334,false,מרק עוף אמיתי מרכיבים טבעיים 400 גרם,"אסם השקעות בע""מ",IL,מרק עוף מרכיבים טבעי,גרמים,400.00,100 גרם,false,,26.70,6.6750,true,1,18821
7290100686164,false,מארז מולטיפק ביסלי ברביקיו 6 יח 35 גר יח,מיוצר עי קונדיטוריית,IL,ביסלי ברביקיו מאח.8,גרמים,210.00,100 גרם,false,,13.90,6.6190,true,1,18829
7290100687109,false,במבה במילוי קרם נוגט 60ג' אסם,"אסם השקעות בע""מ",IL,במבה במילוי קרם נוגט,גרמים,60.00,100 גרם,false,,4.90,8.1667,true,1,18833
7290100689301,false,אבקת מרק עוף זך עדיף אסם 400 גר',"אסם השקעות בע""מ",IL,מרק בטעם עוף זך אסם,גרמים,400.00,100 גרם,false,,15.90,3.9750,true,1,18840
7290100700075,false,פירורי לחם מוזהבים 200 ג' סוגת,"סוגת תעשיות בע""מ",IL,פירורי לחם מוזהבים ש,גרמים,200.00,100 גרם,false,,3.90,1.9500,true,1,17337
7290100700273,false,קינואה סוגת 500 גרם,האי נאם סי או אל.טי.,IL,קינואה סוגת 500 גרם,גרמים,500.00,100 גרם,false,,15.90,3.1800,true,1,17340
7290100700372,false,"אורז בסמטי מלא סוגת 1 ק""ג",האי נאם סי או אל.טי.,IL,אורז בסמטי מלא 1 ק'ג,קילוגרמים,1.00,"ק""ג",false,,10.00,10.0000,true,1,17346
7290100700396,false,"אורז יסמין קלאסי 1 ק""ג סוגת",האי נאם סי או אל.טי.,IL,סוגת אורז יסמין קלאס,קילוגרמים,1.00,"ק""ג",false,,12.90,12.9000,true,1,17348
7290100700587,false,"בורגול ""סוגת"" 500 גרם",האי נאם סי או אל.טי.,IL,סוגת בורגול 500 גר,גרמים,500.00,100 גרם,false,,6.90,1.3800,true,1,17354
7290100701331,false,"קמח רב תכליתי 1 ק""ג סוגת","שטיבל בע""מ - טחנות ק",IL,קמח רב תכליתי סוגת,קילוגרמים,1.00,"ק""ג",false,,7.90,7.9000,true,1,17360
7290100702611,false,פתיתים אפויים אורז 500 גרם סוגת,אסיף,,פתיתים אפויים אורז ס,גרמים,500.00,100 גרם,false,,4.90,0.9800,true,1,17391
7290100702628,false,פתיתים אפויים קוסקוס 500 גרם סוגת,יושלם,IL,פתיתים אפויים קוסקוס,גרמים,500.00,100 גרם,false,,4.90,0.9800,true,1,17392
7290100702635,false,פתיתים אפויים כוכבים סוגת 500 ג',,,פתיתים אפויים כוכבים,גרמים,500.00,100 גרם,false,,4.90,0.9800,true,1,17393
7290100702741,false,"סוכר חום בהיר בצנצנת 1 ק""ג סוגת",,,סוכר חום בהיר בצנצנת,קילוגרמים,1.00,"ק""ג",false,,13.90,13.9000,true,1,17402
7290100702994,false,סוכר דמררה קלאסי בשקית 500 גר סוגת,"סוגת תעשיות בע""מ",IL,סוכר דמררה בשקית סוג,גרמים,500.00,100 גרם,false,,6.90,1.3800,true,1,17420
7290100703533,false,קמח קסם רב תכליתי סו,"שטיבל בע""מ",IL,קמח קסם רב תכליתי סו,קילוגרמים,1.00,"ק""ג",false,,8.90,8.9000,true,1,17442
7290100703861,false,"תערובת קמח קסם לחלה סוגת 1 ק""ג",סוגת,IL,קמח תערובת קסם לחלה,קילוגרמים,1.00,"ק""ג",false,,8.90,8.9000,true,1,17456
7290100704622,false,סוכר דמררה דק דק בצנצנת 500 גרם,,IL,סוכר דמררה דק דק בצנ,גרמים,500.00,100 גרם,false,,8.50,1.7000,true,1,197522
7290100850909,false,דוריטוס נאצו מקסיקני 70 גרם,שטראוס פריטו ליי בע,IL,דוריטוס נאצו מקסיקני,גרמים,70.00,100 גרם,false,,4.30,6.1429,true,1,24147
7290100850916,false,דוריטוס חמוץ חריף 70 גרם,"שטראוס פריטו ליי בע""",IL,דוריטוס חמוץ חריף 70,גרמים,70.00,100 גרם,false,,4.30,6.1429,true,1,24148
7290100850923,false,דוריטוס גריל 70 גרם,שטראוס פריטו ליי בע,IL,דוריטוס גריל 70 גרם,גרמים,70.00,100 גרם,false,,4.30,6.1429,true,1,24149
7290100850930,false,דוריטוס טבעי 70 גרם,שטראוס פריטו ליי בע,IL,דוריטוס טבעי 70 גרם,גרמים,70.00,100 גרם,false,,4.30,6.1429,true,1,24150
7290100858608,false,אבקת קקאו עלית שקית 500 ג',שטראוס גרופ,,עלית קקאו 500ג,גרמים,500.00,100 גרם,false,,27.10,5.4200,true,1,22344
7290100921623,false,מנקה אסלה סוד 4 כדוריות נתלה אקונומיקה נתלה 50 ג',"הנקל סוד בע""מ",HU,סוד סבון 4 כדוריות ל,גרמים,50.00,100 גרם,false,,9.90,19.8000,true,1,34905
7290101110811,false,מאגדת גלידל וניל מצופה סורבה פסיפלורה[8],פלדמן,IL,גלידל מאגדת בטעם פסי,גרמים,600.00,100 גרם,false,,34.90,5.8167,true,1,36020
7290101111764,false,חטיף קראש בוטנים וקרמל,פלדמן,IL,חטיף קראש בוטנים וקר,גרמים,80.00,100 גרם,false,,9.50,11.8750,true,1,200196
7290101112228,false,מאגדת גלידל פרי אננס 8 יח,,,פופסיקל בטעם אננס 8,גרמים,640.00,100 גרם,false,,29.90,4.6719,true,1,36026
7290101112921,false,מאגדת גלידל פרי פירות טרופים 679 גר,,IL,פופסיקל בטעם פירות ט,גרמים,640.00,100 גרם,false,,29.90,4.6719,true,1,36037
7290101113287,false,שלגון מילקבר לבן 85,פלדמן,IL,שלגון מילקבר לבן 85,גרמים,85.00,100 גרם,false,,8.90,10.4706,true,1,200169
7290101113447,false,עשירייה גלידל מיני קסטה בטעמי שוקו ווניל 270 ג' פלדמן,,,גלידל מיני סנדוויץ',גרמים,270.00,100 גרם,false,,34.90,12.9259,true,1,219624
7290101113454,false,מאגדת גלידל יוגורט אפרסק 8 יח 480 גרם,פלקו בעמ,IL,גלידל יוגורט בטעם א,גרמים,480.00,100 גרם,false,,34.90,7.2708,true,1,135803
7290101113911,false,מארז מנבו מוקה 12 יח' פלדמן,,IL,מנבו מוקה 12 יח 288,גרמים,288.00,100 גרם,false,,24.90,8.6458,true,1,386563
7290101486688,false,חטיף פרי אנרגיה דגנים עם שוקולד חמישייה,טבעית מוצרים מן הטבע,IL,פרי חטיפי בריאות מאר,גרמים,100.00,100 גרם,false,,18.00,18.0000,true,1,21550
7290101551263,false,סילאן טבעי 700 גרם יד מרדכי,"פוליבה בע""מ",IL,סילאן טבעי יד מרדכי,גרמים,700.00,100 גרם,false,,23.00,3.2857,true,1,22353
7290101551300,false,סילאן טבעי טהור לחיץ יד מרדכי 380 גר,"פוליבה בע""מ",IL,סילאן טבעי לחיץ יד מ,גרמים,380.00,100 גרם,false,,15.60,4.1053,true,1,22354
7290101551539,false,דנונה פרו 20 ג' חלבון בטעם אפרסק 200 ג',,IL,דנונה פרו 20 אפרסק 2,גרמים,200.00,100 גרם,false,,6.50,3.2500,true,1,23372
7290101551577,false,קוואקר שיבות שועל פחית מארז 2*500 גר',,GB,זוג קוואקר פחית שיבו,קילוגרמים,1.00,"ק""ג",false,,24.90,24.9000,true,1,24154
7290101551584,false,תפוצ'יפס קידס מארז 10 יח' * 20 ג',"שטראוס פריטו ליי בע""",IL,מארז תפוצ'יפס קידס 1,גרמים,200.00,100 גרם,false,,16.30,8.1500,true,1,24155
7290101825227,false,כפפות חד פעמי לטקס ע,,,כפפות חד פעמי לטקס ע,יח',100.00,יח',false,,24.90,0.2490,true,1,131247
7290101864127,false,"ספריי להסרת כתמים 750 מ""ל וניש קליה",רקיט בנקיזר,IL,קליה אוקסי ספריי 750,מיליליטרים,750.00,"100 מ""ל",false,,16.90,2.2533,true,1,20884
7290101866633,false,וניש קליה ג'ל מסיר כתמים 3 ליטר,רקיט בנקיזר,IL,וניש קליה ג'ל 3 ליטר,ליטרים,3.00,ליטר,false,,29.90,9.9667,true,1,20897
7290101868958,false,"פיניש נוזל הברקה למדיח בניחוח לימון 500 מ""ל",,,פיניש נוזל הברקה לימ,מיליליטרים,800.00,"100 מ""ל",false,,26.90,3.3625,true,1,20923
7290101869702,false,"ג 'ל פיניש AIO MAX מרוכז למדיח 600מ""ל",,IL,פיניש ג'ל 600 מלAIO,מיליליטרים,600.00,"100 מ""ל",false,,34.90,5.8167,true,1,20932
7290102031276,false,"אקטימל תות בננה 8 יח' * 100 מ""ל דנונה",מיוצר עי קונדיטוריית,IL,אקטימל תות בננה 8*10,מיליליטרים,800.00,"100 מ""ל",false,,22.90,2.8625,true,1,23393
7290102390427,false,יוגורט ביו עם קציפת תות 3% שומן 150 ג' מולר,טרה,,מולר פרופ תות 3% 150,גרמים,150.00,100 גרם,false,,5.70,3.8000,true,1,6446
7290102390465,false,יוגורט ביו עם קציפת אפרסק ופסיפלורה 3% שומן 150 ג' מולר,טרה,,מולר פרופ אפרסק פסיפ,גרמים,150.00,100 גרם,false,,5.70,3.8000,true,1,6447
7290102391844,false,יוגורט ביו עם קציפת פירות יער3% שומן 150 ג' מולר,טרה,,מולר פרופ לבן+קציפת,גרמים,150.00,100 גרם,false,,5.70,3.8000,true,1,6456
7290102392094,false,חלב עיזים 4.1% צוריאל 1 ל' קרטון,מילקו תעשיות בעמ,IL,צוריאל חלב עיזים 1ל,ליטרים,1.00,ליטר,false,,17.50,17.5000,true,1,6459
7290102393169,false,סימפלי פרוט יוגורט תות 3% שומן 150 ג' מולר,טרה,IL,מולר סימפלי פרוט תות,גרמים,150.00,100 גרם,false,,5.70,3.8000,true,1,6482
7290102393176,false,סימפלי פרוט יוגורט אפרסק 3% שומן 150 ג' מולר,מילקו תעשיות בעמ,IL,מולר סימפלי פרוט אפר,גרמים,150.00,100 גרם,false,,5.70,3.8000,true,1,6483
7290102393190,false,סימפלי פרוט פירות היער 3% שומן 150 ג' מולר,מילקו תעשיות בעמ,IL,מולר סימפלי פרוט פיר,גרמים,150.00,100 גרם,false,,5.70,3.8000,true,1,6484
7290102393268,false,גבינה לבנה 5% שומן 750 ג' טרה,,,טרה גבינה לבנה אריזת,גרמים,750.00,100 גרם,false,,14.90,1.9867,true,1,6485
7290102393299,false,יוגורט עיזים לשתייה 3% שומן 500 ג' צוריאל,מיוצר עי קוד יצרן HG,IL,צוריאל יוגורט עיזים,מיליליטרים,500.00,"100 מ""ל",false,,13.50,2.7000,true,1,6486
7290102393848,false,"משק צוריאל יוגורט עיזים תות 3% 140 מ""ל",טרה,IL,צוריאל יוגורט עיזים,מיליליטרים,150.00,"100 מ""ל",false,,7.00,4.6667,true,1,6490
7290102394463,false,נעם גבינה צהובה וואקום 28% 500 גרם,טרה,IL,נעם גבינה צהובה וואק,גרמים,500.00,100 גרם,false,,29.90,5.9800,true,1,6503
7290102394821,false,"נעם גבינה צהובה דק דק פ""ח 28% 200 גר",מילקו תעשיות בעמ,IL,נעם גבינה צהובה דק ד,גרמים,200.00,100 גרם,false,,17.40,8.7000,true,1,6507
7290102394845,false,גבינה צהובה דק דקה 9% 200 ג' נעם,מילקו תעשיות בעמ,IL,נעם גבינה צהובה דק ד,גרמים,200.00,100 גרם,false,,17.90,8.9500,true,1,6508
7290102395101,false,ממרח גבינה ושוקולד שוקי 200 גר,מילקו תעשיות בעמ,IL,מוו ממרח גבינה ושוקו,גרמים,200.00,100 גרם,false,,12.60,6.3000,true,1,6511
7290102395231,false,מולר נטורל 2.8% ביאנקו מאגדת 8 יח' * 150 ג',טרה,,מולר נטורל 2.8% 8*15,קילוגרמים,1.20,"ק""ג",false,,18.90,15.7500,true,1,6517
7290102395446,false,מעדן חלב בטעם וניל עם קצפת 123 ג' טרה,טרה,IL,מוו וניל קצפת 123מל,מיליליטרים,123.00,"100 מ""ל",false,,3.60,2.9268,true,1,6523
7290102395521,false,"שמנת לבישול 15% שומן 500 מ""ל טרה",מילקו תעשיות בעמ,IL,טרה שמנת לבישול 15%+,מיליליטרים,500.00,"100 מ""ל",false,,17.50,3.5000,true,1,6527
7290102396672,false,זבינה צהובה נעם דק דק 9% 360 גר,,,נעם צהובה דק דק 9% 3,גרמים,360.00,100 גרם,false,,29.90,8.3056,true,1,6558
7290102397204,false,פרוסות גבינה 22% שומן 200 ג' נעם,מילקו תעשיות בעמ,IL,נעם צהובה דק דק 22%,גרמים,200.00,100 גרם,false,,17.90,8.9500,true,1,6584
7290102397464,false,יוגורט ביו בתוספת גרעינים אגוזים וחמוציות 170 ג' מולר,טרה,IL,מולר יוגורט נטורל +,גרמים,150.00,100 גרם,false,,6.20,4.1333,true,1,6599
7290102397600,false,מיקס יוגורט בתוספת שקדים ובוטנים מקורמלים 170 ג' מולר,מילקו תעשייה בעמ,IL,מולר מיקס שקדים ובוט,גרמים,168.00,100 גרם,false,,6.20,3.6905,true,1,6609
7290102397730,false,פרוסות גבינה אמנטל חצי קשה 30% שומן 200 ג' נעם,טרה,IL,גבינת אמנטל נעם פתיח,גרמים,200.00,100 גרם,false,,18.50,9.2500,true,1,6618
7290102397747,false,מוצרלה נעם רכיבים טבעיים 200 גרם,טרה,IL,מוצרלה נעם רכיבים ט,גרמים,200.00,100 גרם,false,,19.90,9.9500,true,1,6619
7290102397891,false,גבינת מותכת 18% צוריאל 100ג',משק צוריאל,IL,רביעייה גבינה מותכת,גרמים,100.00,100 גרם,false,,7.90,7.9000,true,1,6626
7290102398065,false,חלב 3% וסטהיים בקרטון 2 ל' טרה,טרה,IL,טרה חלב קרטון 3% מהד,יחידה,0.00,יחידה,false,,12.46,0.0000,true,1,6635
7290102398331,false,חלב מעושר 2% דל לקטוז טרה 1ל',טרה,IL,חלב מועשר 1 ליטר דל,ליטרים,1.00,ליטר,false,,8.10,8.1000,true,1,6654
7290102398560,false,שוקו מעושר בבקבוק 1ל' טרה,מילקו תעשיות בעמ,IL,שוקו טרה מועשר בבקבו,ליטרים,1.00,ליטר,false,,12.30,12.3000,true,1,6668
7290102399048,false,פרוסות גבינת קשקבל נעם 200 ג' טרה,טרה,IL,קשקבל נעם פתיחה חוזר,גרמים,200.00,100 גרם,false,,24.00,12.0000,true,1,6688
7290102399789,false,מולר ספרדבל ממרח חמאה ללא מלח 250 גרם,Molkerei Weihensteph,DE,מולר ממרח חמאה ללא מ,גרמים,250.00,100 גרם,false,,18.90,7.5600,true,1,75941
7290102399796,false,מעדן יוגורט לבן מועשר בחלבון 200 ג' מולר אקטיב,טרה,IL,יוגורט חלבון לבן 250,גרמים,200.00,100 גרם,false,,6.90,3.4500,true,1,72279
7290102840175,false,"פודינג 85 גרם ""מיה"" וניל 85 גרם",,IL,פודינג וניל 85 גר מי,גרמים,85.00,100 גרם,false,,4.90,5.7647,true,1,15265
7290103408206,false,עלי חסה בקופסא 250 גרם ירקות שטראוס,שטראוס בריאות ירקות,IL,עלי חסה ערבית שטופים,גרמים,250.00,100 גרם,false,,11.50,4.6000,true,1,23404
7290103700386,false,טאצ כריות יפניות מארז שישיה,"שניב תעשיות נייר בע""",IL,טאצ' כריות יפניות 6י,יחידה,0.00,יחידה,false,,10.90,0.0000,true,1,24428
7290103702212,false,טאצ' ממחטות כיס עשירייה,"שניב תעשיות נייר בע""",,טאצ ממחטות כיס,יחידה,0.00,יחידה,false,,6.90,0.0000,true,1,24445
7290103702298,false,טאצ' אשפתון עבה בגליל 77*90 50 יח',"שניב תעשיות נייר בע""",,טאצ אשפתון בגליל 50,יחידה,0.00,יחידה,false,,16.90,0.0000,true,1,24451
7290103702304,false,טאצ אשפתון עבה במיוחד 35 יחידות,"שניב תעשיות נייר בע""",,טאצ אשפתון בגליל 35,יחידה,0.00,יחידה,false,,16.90,0.0000,true,1,24452
7290103702328,false,טאצ אשפתון עבה וחזק במיוחד 25 יחידות,"שניב תעשיות נייר בע""",,טאצ אשפתון בגליל 25,יחידה,0.00,יחידה,false,,16.90,0.0000,true,1,24454
7290103702540,false,נייר טואלט מהדרות כדור פורח 30 גלילים טאצ',,,נייר טואלט 30 יח' מ,יחידה,0.00,יחידה,false,,23.90,0.0000,true,1,64582
7290103702779,false,מפיות אירוח טאצ` 15,,,מפיות אירוח טאצ` 15,יחידה,0.00,יחידה,false,,9.90,0.0000,true,1,24462
7290103704162,false,נייר טואלט טאצ' פרימיום 32 גלילים,"שניב תעשיות נייר בע""",IL,נייר טואלט טאצ' 32 ג,יח',0.00,יח',false,,31.90,0.0000,true,1,133917
7290103704179,false,מגבת נייר למטבח טאצ' 8 יח',,,מגבות נייר 8 גלילים,מטרים,83.00,מטר,false,,14.90,0.1795,true,1,156080
7290103746001,false,ממחטות אף טאצ' מארז 100X5יח',"שניב תעשיות נייר בע""",IL,ממחטות טאצ' חמישייה,יחידה,0.00,יחידה,false,,12.90,0.0000,true,1,24484
7290104061417,false,חומוס טחינה אחלה 400 ג',"שטראוס גרופ בע""מ",IL,אחלה חומוס טחינה 400,גרמים,400.00,100 גרם,false,,11.90,2.9750,true,1,23406
7290104061448,false,חומוס עם חריף 400 ג' אחלה,מיוצר עי קונדיטוריית,IL,אחלה חומוס חריף 400ג,גרמים,400.00,100 גרם,false,,11.90,2.9750,true,1,23409
7290104065187,false,קפה נמס בטעם מוקה 200 ג' עלית,,,קפה נמס עלית בטעם מו,גרמים,200.00,100 גרם,false,,24.90,12.4500,true,1,22399
7290104065934,false,עלי רוקט 150 גרם שטראוס,שטראוס בריאות ירקות,IL,שטראוס עלי רוקט 150ג,גרמים,150.00,100 גרם,false,,10.50,7.0000,true,1,23411
7290104066566,false,טחינה שומשום מלא אחלה 500 גר',מיוצר עי קונדיטוריית,IL,אחלה טחינה 500ג,גרמים,500.00,100 גרם,false,,17.60,3.5200,true,1,23413
7290104068539,false,גומי מאסט בטעם מלון ואבטיח 28 ג' עלית,"שטראוס גרופ בע""מ",IL,מאסט מלון ואבטיח 28ג,גרמים,28.00,100 גרם,false,,4.70,16.7857,true,1,22405
7290104068546,false,גומי מאסט בטעם לימון קולה ללא סוכר 28 ג' עלית,"שטראוס גרופ בע""מ",IL,מאסט קולה 28 גרם,גרמים,28.00,100 גרם,false,,4.70,16.7857,true,1,22406
7290104500572,false,אפרופו חטיף איטליאנו 50 ג' אסם,מיוצר עי קונדיטוריית,IL,אפרופו איטלקי 36*50ג,גרמים,50.00,100 גרם,false,,5.50,11.0000,true,1,18843
7290104501661,false,פודינג אינסטנט בטעם וניל צרפתי 80 גר,מיוצר עי קונדיטוריית,IL,אסם פודינג בטעם וניל,גרמים,80.00,100 גרם,false,,6.50,8.1250,true,1,18844
7290104508943,false,במבה אריזת חסכון 200 גרם,"אסם השקעות בע""מ",IL,במבה קלאסי 18*200 גר,גרמים,200.00,100 גרם,false,,10.90,5.4500,true,1,18858
7290104570131,false,"תמר מג'הול 1 ק""ג",,,"תמר מג'הול 1 ק""ג",קילוגרמים,1.00,"ק""ג",false,,18.90,18.9000,true,1,42873
7290104570162,false,תמרים כבוש ביסאן 500 ג',,,תמר כבוש 500 גרם,גרמים,500.00,100 גרם,false,,12.90,2.5800,true,1,42874
7290104721762,false,מארז קפה טורקי עלית 3*85 גר,,IL,טורקי עלית 3*85 גר'.,גרמים,255.00,100 גרם,false,,19.90,7.8039,true,1,22410
7290104726712,false,"מילקי שוקולד וקצפת מארז 170X8מ""ל","שטראוס גרופ בע""מ",IL,מילקי שמינייה מארז 8,קילוגרמים,1.06,"ק""ג",false,,21.90,20.6604,true,1,23429
7290104728310,false,"שמנת עמידה לקצפת 38% שומן 250 מ""ל יוטבתה",מחלבת יטבתה,IL,יטבתה שמנת עמידה לקצ,מיליליטרים,250.00,"100 מ""ל",false,,6.47,2.5880,true,1,23434
7290104960239,false,"תחליב רחצה נקה 7 ארומה לבן 750 מ""ל",טרופיקל דגיל תעשיות,IL,תחליב רחצה קמומיל נק,מיליליטרים,750.00,"100 מ""ל",false,,12.90,1.7200,true,1,30420
7290104963940,false,קרליין - מגבונים להסרת איפור פחם 25 יח',,,מגבוני פחם שחורים לה,יח',25.00,יח',false,,9.90,0.3960,true,1,141968
7290105360250,false,קפסולות 09 עשיר וארומטי למכונת נספרסו עלית 10יח',הנסיך- מפעל לייצור ט,IL,עלית קפסולות מקיאטו,גרמים,50.00,100 גרם,false,,18.90,37.8000,true,1,22427
7290105360762,false,"שמן זית 1 עדין 750 מ""ל יד מרדכי",מכוורת יד מרדכי שטרא,IL,שמן זית 1 עדין כתית,מיליליטרים,750.00,"100 מ""ל",false,,38.90,5.1867,true,1,22433
7290105360878,false,מארז תפוציפס טבעי 50 גרם * 4,"שטראוס פריטו ליי בע""",IL,תפוציפס מארז 4*50ג,גרמים,200.00,100 גרם,false,,14.10,7.0500,true,1,24200
7290105362339,false,"שמנת לבישול 15% 250 מ""ל יטבתה מהדרין",מחלבת יטבתה,IL,יטבתה שמנת לבישול 15,מיליליטרים,250.00,"100 מ""ל",false,,9.40,3.7600,true,1,23439
7290105366993,false,גבינה לבנה סימפוניה עם תוספות 200 ג' פלפל שיפקה,"שטראוס בריאות בע""מ",IL,סימפוניה פלפל שיפקה,גרמים,200.00,100 גרם,false,,12.50,6.2500,true,1,23449
7290105368331,false,מילקי תות 8% וקצפת 133ג',מחלבת אחיהוד,IL,"מילקי תות 170 מ""ל",מיליליטרים,170.00,"100 מ""ל",false,,3.10,1.8235,true,1,23460
7290105368904,false,"שמנת מתוקה להקצפה 32% שומן 250 מ""ל יוטבתה",מחלבת יטבתה,IL,יטבתה שמנת עמידה לקצ,מיליליטרים,250.00,"100 מ""ל",false,,8.30,3.3200,true,1,23469
7290105368928,false,"שמנת 9% שומן 200 מ""ל יוטבתה",מחלבת יטבתה,IL,יטבתה שמנת 9% 200מל,מיליליטרים,200.00,"100 מ""ל",false,,3.70,1.8500,true,1,23470
7290105369130,false,גבינת סימפוניה עם בצל ירוק 200 גרם,"שטראוס בריאות בע""מ",IL,סימפוניה שטראוס בצל,גרמים,200.00,100 גרם,false,,12.50,6.2500,true,1,23473
7290105431868,false,"פלמוליב ספא קוקוס גרגרים נוזלי 500 מ""ל",הנסיך- מפעל לייצור ט,TR,פלמוליב סבון נוזלי ס,מיליליטרים,500.00,"100 מ""ל",false,,17.90,3.5800,true,1,21608
7290105434050,false,ספיד סטיק - דאודורנט סטיק לגבר XL ירוק רגיולר 85 גרם,,,דאו' ירוק רגיולר ספי,גרמים,85.00,100 גרם,false,,15.90,18.7059,true,1,21621
7290105439499,false,מיונז הולנדי 481 ג' מאסטר שף,רמיה סי.וי,NL,מיונז הולנדי מאסטר ש,גרמים,480.00,100 גרם,false,,12.90,2.6875,true,1,21634
7290105439505,false,מנה מאסטר שף קרם בטעם מיונז לייט 479 גר,רמיה סי.וי,NL,מאסטר שף קרם בטעם מ,גרמים,479.00,100 גרם,false,,13.50,2.8184,true,1,21635
7290105500236,false,"וויסקי ג'ק דניאלס 700 מ""ל",ג'ק דניאלס,US,גק דניאלס וויסקי 700,מיליליטרים,700.00,"100 מ""ל",false,,120.90,17.2714,true,1,13376
7290105500953,false,"וויסקי ג'ק דניאלס דבש 700 מ""ל",ג'ק דניאל'ס,BE,ג'ק נדיאלס וויסקי דב,מיליליטרים,700.00,"100 מ""ל",false,,120.90,17.2714,true,1,13380
7290105691248,false,פריכונים חטיפי טורטיה תירס 60 ג' אוסם,"מיוצר ע""י PT, משווק",IL,חטיפי פריכונים טורטי,גרמים,60.00,100 גרם,false,,8.10,13.5000,true,1,18870
7290105693341,false,במבה מארז 10 יח' * 25 ג' אסם,"אסם השקעות בע""מ",IL,במבה מאח.15 10*25גרם,גרמים,250.00,100 גרם,false,,16.90,6.7600,true,1,18884
7290105693457,false,עוגת הבית דמקה שוקו וניל 320 ג' אסם,מיוצר עי קונדיטוריית,IL,עוגת הבית דמקה שוקו,גרמים,320.00,100 גרם,false,,14.90,4.6563,true,1,18885
7290105695024,false,פתיתים אפויים אורז עם אטריות 500 ג' אסם,"אסם השקעות בע""מ",IL,פתיתים אפויים אורז ע,גרמים,500.00,100 גרם,false,,7.90,1.5800,true,1,18893
7290105965738,false,יוגורט לשתיה בטעם תות בננה267 ג' דנונה,מיוצר עי קונדיטוריית,IL,דנונה משקה תות בננה,גרמים,267.00,100 גרם,false,,5.80,2.1723,true,1,23486
7290105966469,false,"חומץ בלסמי יד מרדכי 250מ""ל",אצטייה ג'וזפה קרמוני,IT,חומץ בלסמי יד מרדכי,גרמים,250.00,100 גרם,false,,15.90,6.3600,true,1,22472
7290105968777,false,פריכיות עם תחתית שוקולד מריר 70 ג' אנרגי,"טחנת האבן תעשיות בע""",IL,פריכיות תחתית שוקלד,גרמים,70.00,100 גרם,false,,9.40,13.4286,true,1,22477
7290106520066,false,רבע לשבע וופל שוקולד 120 גרם,הגביע מוצרי וופלים ב,IL,רבע לשבע 160 גרם,גרמים,160.00,100 גרם,false,,11.90,7.4375,true,1,22479
7290106520912,false,"שמנת לבישול 9% 250 מ""ל יטבתה",מחלבת יטבתה,IL,יטבתה שמנת לבישול 9%,מיליליטרים,250.00,"100 מ""ל",false,,9.40,3.7600,true,1,23504
7290106521049,false,אחלה טעמי השוק קוביות סלק 400 גר,מיוצר עי קונדיטוריית,IL,אחלה קוביות סלק 400,גרמים,400.00,100 גרם,false,,17.90,4.4750,true,1,23506
7290106521926,false,שקית קפה טורקי 150 ג' עלית,,,קפה טורקי עלית 150 ג,גרמים,150.00,100 גרם,false,,12.90,8.6000,true,1,22487
7290106524439,false,תפוצ'יפס טבעי פופס 60גר',"שטראוס פריטו ליי בע""",IL,תפוציפס פופס 60 גרם,גרמים,60.00,100 גרם,false,,4.30,7.1667,true,1,24210
7290106528628,false,חטיף דוריטוס טבעי 185 גרם,"שטראוס פריטו ליי בע""",IL,דוריטוס טבעי 185 גר`,גרמים,185.00,100 גרם,false,,8.60,4.6486,true,1,24217
7290106528949,false,לקט ערוגות 450 גרם ש,שטראוס בריאות ירקות,IL,לקט ערוגות,גרמים,450.00,100 גרם,false,,14.60,3.2444,true,1,23513
7290106571921,false,עוגיות פיטנס עוגיות חמוציות 180 גר',מיוצר עי קונדיטוריית,IL,פיטנס עוגיות חמוציות,גרמים,180.00,100 גרם,false,,12.70,7.0556,true,1,18914
7290106573642,false,חומוס עם צנובר צבר 400 גר,סלטי צבר,IL,צבר חומוס צנובר 400,גרמים,400.00,100 גרם,false,,12.90,3.2250,true,1,19905
7290106574977,false,בייגלה שטוחים עם מלח 300 ג' אסם,מיוצר עי קונדיטוריית,IL,אסם בייגלה שטוחים עם,גרמים,300.00,100 גרם,false,,11.90,3.9667,true,1,18938
7290106575011,false,פתיתים אפויים קוסקוס פלוס חיטה מלא 400 ג,מיוצר עי קונדיטוריית,IL,פתיתים אפויים חיטה מ,גרמים,400.00,100 גרם,false,,7.90,1.9750,true,1,18939
7290106576513,false,סלט חומוס צבר 400 גר,סלטי צבר,IL,צבר חומוס 400 גרם,גרמים,400.00,100 גרם,false,,9.90,2.4750,true,1,19909
7290106576537,false,חומוס מסעדה צבר 700 גר,סלטי צבר,IL,צבר חומוס מסעדה 700,גרמים,700.00,100 גרם,false,,10.90,1.5571,true,1,19910
7290106577039,false,גלידה לה קרמריה שוקו וניל פליק 1.4 ל' נסטלה,תות תעשיות מזון (201,IL,לה קרמריה שוקו וניל,ליטרים,1.40,ליטר,false,,25.90,18.5000,true,1,16134
7290106577282,false,טחינה צבר מרובע 400 ג',סלטי צבר,IL,צבר מרובע טחינה 400ג,גרמים,400.00,100 גרם,false,,13.50,3.3750,true,1,19911
7290106577527,false,סלט קולסלאו כרוב לבן וגזר 400 ג' צבר,סלטי צבר,IL,צבר מרובע קולסלו 400,גרמים,400.00,100 גרם,false,,13.50,3.3750,true,1,19916
7290106577541,false,כרוב אדום מרובע 400 ג' צבר,סלטי צבר,IL,צבר מרובע כרוב אדום,גרמים,400.00,100 גרם,false,,13.50,3.3750,true,1,19917
7290106578692,false,אוסם - במבה ביסלי מיקס 80 גרם,פרו מן יו פתרונות אר,IL,במבה ביסלי מיקס 36*8,גרמים,80.00,100 גרם,false,,4.90,6.1250,true,1,18960
7290106578821,false,הבית עוגת שמרים קלאסית בטעם שוקולד 350גר,מיוצר עי קונדיטוריית,IL,עוגת הבית שמרים קלאס,גרמים,350.00,100 גרם,false,,19.50,5.5714,true,1,18961
7290106652996,false,כיף כף מקלות קוקוס חלבי 40 גר',,,כיף כף מקלות קוקוס 4,גרמים,40.00,100 גרם,false,,5.80,14.5000,true,1,393107
7290106654099,false,מארז שמיניית מילקי 272 גר CAKE,,,עוגות אישיות מילקי ק,גרמים,272.00,100 גרם,false,,21.70,7.9779,true,1,23517
7290106663121,false,עוגה אישית מילקי 34 גר CAKE,בובארד איטליה אס.פי.,IT,מילקי קייק עוגה בודד,גרמים,34.00,100 גרם,false,,3.00,8.8235,true,1,23544
7290106663503,false,קונפיטורה תות לייט יד מרדכי 250 ג',אף.סי תבליני בגליל ב,IL,קונפיטורת לייט תות 2,גרמים,230.00,100 גרם,false,,13.90,6.0435,true,1,22571
7290106663558,false,"רוטב טריאקי ורימון יד מרדכי 280מ""ל",אף.סי תבליני בגליל ב,IL,יד מרדכי רוטב טריאקי,מיליליטרים,280.00,"100 מ""ל",false,,14.90,5.3214,true,1,22576
7290106664555,false,"רוטב שמנת עם עגבניות 9% שומן 250 מ""ל יוטבתה",מחלבת יטבתה,IL,יטבתה רוטב שמנת עם ע,מיליליטרים,250.00,"100 מ""ל",false,,11.50,4.6000,true,1,23549
7290106664562,false,רוטב שמנת עם פטריות 9% שומן 258 ג' יוטבתה,מחלבת יטבתה,IL,יטבתה רוטב שמנת עם פ,גרמים,250.00,100 גרם,false,,11.50,4.6000,true,1,23550
7290106666788,false,עלית - סוכריות נוסטלגיה דבש ממולאות 80 גרם,פלזנסקי,PL,סוכריות נוסטלגיה דבש,גרמים,80.00,100 גרם,false,,8.30,10.3750,true,1,22589
7290106668577,false,"מיץ לימון טבעי יד מרדכי 250 מ""ל",האי נאם סי או אל.טי.,IT,מיץ לימון טבעי יד מר,מיליליטרים,250.00,"100 מ""ל",false,,8.90,3.5600,true,1,22595
7290106668713,false,יוגורט עם פירות יער 3% שומן 150 ג' דנונה,מיוצר עי קונדיטוריית,IL,דנונה פירות יער3% 15,מיליליטרים,150.00,"100 מ""ל",false,,4.10,2.7333,true,1,23553
7290106669857,false,קפסולות 06 אספרסו בטעם וניל עלית 10יח',הנסיך- מפעל לייצור ט,IL,עלית קפסולות בטעם ונ,גרמים,50.00,100 גרם,false,,18.90,37.8000,true,1,22608
7290106720626,false,ציטוס בטעם גבינה 80 גר,"שטראוס פריטו ליי בע""",IL,ציטוס גבינה 80 גרם,גרמים,80.00,100 גרם,false,,4.90,6.1250,true,1,24273
7290106723689,false,עלי תרד בייבי שטראוס 200 גרם,שטראוס בריאות ירקות,IL,שטראוס תרד בייבי 200,גרמים,200.00,100 גרם,false,,12.50,6.2500,true,1,23560
7290106725867,false,"סירופ מייפל טהור 189 מ""ל יד מרדכי",קוסלסי פוד,CA,יד מרדכי סירופ מייפל,מיליליטרים,189.00,"100 מ""ל",false,,36.90,19.5238,true,1,22658
7290106729650,false,יוגורט עם תות מאגדת 8 יח' * 150ג' דנונה,,,דנונה יוגורט תות 8יח,קילוגרמים,1.20,"ק""ג",false,,28.20,23.5000,true,1,23585
7290107280341,false,ריצפז מטליות לחות לניקוי הרצפה בניחוח מלון מפנק,"סנו מפעלי ברונוס סע""",IL,ריצפז מטליות לחות לנ,יחידה,0.00,יחידה,false,,12.90,0.0000,true,1,30530
7290107280709,false,"סנו ספארק נוזל הברקה למדיח 700 מ""ל","סנו מפעלי ברונוס בע""",IL,סנו ספארק נוזל הברקה,מיליליטרים,700.00,"100 מ""ל",false,,15.90,2.2714,true,1,30551
7290107871990,false,פסטה צינורות 500 גר אסם,פסטה זארה,IT,פסטה צינורות אסם 500,גרמים,500.00,100 גרם,false,,6.90,1.3800,true,1,18987
7290107874502,false,ביסלי גריל קדמ. מארז אחיד 10 4*55 גרם,מיוצר עי קונדיטוריית,IL,ביסלי גריל 4*55 גרם,גרמים,220.00,100 גרם,false,,12.90,5.8636,true,1,19009
7290107875271,false,ביסלי ברביקיו קדמ. מארז אחיד10 4*55 גרם,,IL,ביסלי ברבקיו מארז 4*,גרמים,220.00,100 גרם,false,,12.90,5.8636,true,1,19020
7290107877619,false,מארז במבה במילוי קרם נוגט 5*30ג' אסם,,IL,במבה במילוי קרם נוגט,גרמים,150.00,100 גרם,false,,13.90,9.2667,true,1,19055
7290107879569,false,קרחון לה פרוטה שרבט מנגו מאגדת 5יח',המאפיה של הרמן,IL,לה פרוטה מנגו 5 יח,גרמים,350.00,100 גרם,false,,27.90,7.9714,true,1,16168
7290107932080,false,חלב מועשר יוטבתה בבקבוק 3% 1 ליטר,מחלבת יטבתה,IL,יטבתה חלב בבקבוק 3%,ליטרים,1.00,ליטר,false,,8.30,8.3000,true,1,23598
7290107932134,false,חלב מועשר יוטבתה בבקבוק 1% 1 ליטר,מחלבת יטבתה,IL,יטבתה חלב בבקבוק 1%,ליטרים,1.00,ליטר,false,,8.30,8.3000,true,1,23600
7290107934473,false,יוגורט לבן 1.5%שומן 8 יח' * 150 ג' אקטיביה,,,אקטיביה מארז מיוחד 1,קילוגרמים,1.20,"ק""ג",false,,22.90,19.0833,true,1,23615
7290107936309,false,דנונה יוגורט 7% יווני לבן 130 ג',"שטראוס בריאות בע""מ",IL,דנונה יווני לבן 130,גרמים,130.00,100 גרם,false,,3.70,2.8462,true,1,23621
7290107936958,false,עד חצות ביסקוויט אצבעות שוקולד 125 גרם,הדקלאים אגודת שיתופי,FR,עד חצות אצבעות 125 ג,גרמים,125.00,100 גרם,false,,10.90,8.7200,true,1,22724
7290107936965,false,עיגולים עד חצות עם שוקולד חלב 225 גר,ביסקווטרי עוגיות סנט,FR,עד חצות עיגולים 225,גרמים,125.00,100 גרם,false,,14.90,11.9200,true,1,22725
7290107938396,false,"אקטימל משקה פרוביוטי תות 100X8 מ""ל",מיוצר עי קונדיטוריית,IL,דנונה Actimel בנים ב,גרמים,864.00,100 גרם,false,,22.90,2.6505,true,1,23632
7290107940030,false,חומוס אחלה 650 גר',,,חומוס אחלה 650 גר,גרמים,650.00,100 גרם,false,,9.90,1.5231,true,1,23649
7290107941259,false,עדשים ירוקות מבושלות,הורקסה לס לגונס דה ס,IL,עדשים ירוקות מבושלות,גרמים,475.00,100 גרם,false,,12.90,2.7158,true,1,23664
7290107941273,false,חומוס מבושל שטראוס 4,הורקסה לס לגונס דה ס,IL,חומוס מבושל 475 גרם,גרמים,475.00,100 גרם,false,,12.90,2.7158,true,1,23666
7290107943192,false,"שמנת חמוצה מהערבה 27% שומן 200 מ""ל יטבתה",,IL,יטבתה שמנת 27% 200מ,מיליליטרים,200.00,"100 מ""ל",false,,4.70,2.3500,true,1,23693
7290107944472,false,סימפוניה שום שמיר 5% 200 ג' שטראוס,"שטראוס בריאות בע""מ",IL,סימפוניה 5% שום שמיר,גרמים,200.00,100 גרם,false,,12.50,6.2500,true,1,23700
7290107950190,false,מעדן שטראוס דיאט 0% שוקולד מריר 130ג',מיוצר עי קונדיטוריית,IL,מעדן דיאט שוקולד מרי,גרמים,130.00,100 גרם,false,,3.70,2.8462,true,1,23760
7290107950206,false,מעדן שטראוס דיאט 0% שוקולד 130ג',מיוצר עי קונדיטוריית,IL,מעדן דיאט שוקולד % 0,גרמים,130.00,100 גרם,false,,3.70,2.8462,true,1,23761
7290107951104,false,בפלות שוקולד ארוך עלית 200ג',"א.ג. גילרו בע""מ",IL,בפלות 200 גרם שוקולד,גרמים,200.00,100 גרם,false,,5.20,2.6000,true,1,22844
7290107951715,false,צנצנת מסטיק מאסט קוביות בטעם ענבים 58 ג' עלית,אסקום קונפקשיין,IL,מאסט צנצנת קוביות ענ,גרמים,58.00,100 גרם,false,,11.50,19.8276,true,1,22860
7290107954709,false,קונפיטורת פירות יער 340 גר יד מרדכי,,,יד מרדכי קונפיטורת פ,גרמים,340.00,100 גרם,false,,13.90,4.0882,true,1,22892
7290107954976,false,"משקה יטבתה חלבון פרו קפה 350מ""ל",מחלבת יטבתה,DE,משקה פרו בטעם קפה יט,מיליליטרים,350.00,"100 מ""ל",false,,7.30,2.0857,true,1,23827
7290107956901,false,קפסולות בטעם אגוזים למכונות נספרסו 50 גר,,,עלית קפסולות אספרסו,גרמים,150.00,100 גרם,false,,18.90,12.6000,true,1,22934
7290107957991,false,מילקי CAKE מיניס קרם חלב בציפוי שוקולד חלב שקית 16X9ג',בובארד איטליה אס.פי.,IT,"מילקי מייניס 9*16 מ""",גרמים,144.00,100 גרם,false,,15.50,10.7639,true,1,23860
7290107973809,false,שימורי עגבניות קוביות 400 ג' מאסטר שף,פראנו אריקו ופיגלי ס,IT,קוביות עגבניות מאסטר,גרמים,400.00,100 גרם,false,,6.90,1.7250,true,1,21685
7290107973861,false,מאסטר שף - עגבניות קצוצות דק שלישיה 400 גרם * 3,קונסרזיו קאסאלאסקו ד,IT,עגבניות קצוצות דק מא,קילוגרמים,1.20,"ק""ג",false,,17.90,14.9167,true,1,21686
7290107974073,false,מנה עלי טורטיה קמח לבן מ.שף 20 סמ 320 גר,הנסיך- מפעל לייצור ט,DE,עלי טורטיה קמח לבן מ,גרמים,320.00,100 גרם,false,,11.90,3.7188,true,1,21692
7290107978330,false,מאסטר שף איטריות דקות 400 גרם,הדקלאים אגודת שיתופי,PL,איטריות דקות מאסטר ש,גרמים,400.00,100 גרם,false,,6.90,1.7250,true,1,21741
7290107978637,false,"מרידול משחת שיניים 75 מ""ל",,,משחת שיניים מרידול 7,מיליליטרים,75.00,"100 מ""ל",false,,21.90,29.2000,true,1,21747
7290108350128,false,סנו סושי שקיות אשפה חזקות במיוחד 40 יח',מיוצר עי קונדיטוריית,IL,סנו סושי שקיות חזקות,יחידה,0.00,יחידה,false,,26.90,0.0000,true,1,30565
7290108350531,false,סנו ספארק נוזל כלים בניחוח קלאסי עם משאבה 1 ל',מיוצר עי קונדיטוריית,IL,סנו ספארק משאבה בניח,ליטרים,1.00,ליטר,false,,12.90,12.9000,true,1,30581
7290108350623,false,מרכך כביסה סופר מרוכז סופט סילק מקסימה 1 ל' סנו,"סנו מפעלי ברונוס בע""",IL,מרכך כביסה מקסימה סו,יחידה,0.00,יחידה,false,,19.90,0.0000,true,1,30589
7290108351583,false,"סנו - ג'ט פלוס חומץ ג'ל לניקוי אסלות לבנדר 750 מ""ל",טרופיקל דגיל תעשיות,IL,סנו ג'ט+לניקוי אסלות,מיליליטרים,750.00,"100 מ""ל",false,,12.90,1.7200,true,1,30630
7290108351804,false,סנו - מקסימה מרכך כביסה מרוכז ג'נטל בריז 1 ליטר,מיוצר עי קונדיטוריית,IL,סנו מקסימה מרכך כביס,יחידה,0.00,יחידה,false,,19.90,0.0000,true,1,30647
7290108351811,false,מקסימה מרכך כביסה סופר מרוכז פלור טאצ' 1 ליטר,מיוצר עי קונדיטוריית,IL,סנו מקסימה מרכך כביס,יחידה,0.00,יחידה,false,,19.90,0.0000,true,1,30648
7290108351910,false,סנו ספארק טבליות למדיח 30 יח',גרופה אינקו,PL,סנו ספארק טבליות למד,יח',30.00,יח',false,,24.90,0.8300,true,1,30654
7290108352214,false,סנו - מקסימה קפסולות כביסה בניחוח בריזה מרעננת 40 יח',טרופיקל דגיל תעשיות,IL,קפסולות כביסה בניחוח,גרמים,840.00,100 גרם,false,,37.90,4.5119,true,1,67747
7290108352344,false,"סנו - פרש מילוי למטהר אוויר מלון בוטיק 250 מ""ל",מיוצר עי קונדיטוריית,IL,סנו פרש הום אוטומטיק,גרמים,250.00,100 גרם,false,,14.90,5.9600,true,1,70785
7290108352535,false,סנו - מקסימה דפי בישום לחים למייבש הכביסה בניחוח מרכך כביסה,סנו,IL,דפי בישום לחים למייב,יחידה,0.00,יחידה,false,,13.90,0.0000,true,1,193974
7290108352689,false,סנו סושי כריות קרצוף ללכלוך קשה 9 יח',טרופיקל דגיל תעשיות,US,כריות קרצוף ללכלוך ק,יחידה,0.00,יחידה,false,,10.90,0.0000,true,1,30674
7290108353075,false,סנו סושי מפיות אירוח עבות 3שכבות 50 יח',,IL,סנו סושי 50 מפיות אי,יחידה,0.00,יחידה,false,,11.90,0.0000,true,1,30706
7290108353549,false,נייר אפייה סנו סושי 100 יח,"טופ פלסט 2002 בע""מ",IL,נייר אפיה סנו סושי 1,יחידה,0.00,יחידה,false,,21.90,0.0000,true,1,30722
7290108353556,false,נייר טואלט סופט שלוש שכבות 32 גלילים סנו,טרופיקל דגיל תעשיות,IL,נייר טואלט סנו סופט,יחידה,0.00,יחידה,false,,45.90,0.0000,true,1,68683
7290108353648,false,סנו סושי שקיות אוכל מנייר + מדבקות,סנו מפעלי ברונוס.,TR,סנו סושי 70 שקיות או,יחידה,0.00,יחידה,false,,11.90,0.0000,true,1,79425
7290108354607,false,"שמפו בניחוח מי קקטוס ושמן באבאסו 750 מ""ל נקה 7",סנו,IL,שמפו ביו נקה 7 750 מ,מיליליטרים,750.00,"100 מ""ל",false,,12.90,1.7200,true,1,350555
7290108356373,false,סנו - מדיק ג'ל לניקוי ידיים מיניונים סיליקון,,,מדיק מיניונים סנו 30,גרמים,30.00,100 גרם,false,,10.90,36.3333,true,1,93488
7290108356489,false,"כיף - תחליב רחצה אפרסק וחמאת מורומורו 700 מ""ל",קוסמופארם,IL,תחליב רחצה אפרסק וחמ,מיליליטרים,700.00,"100 מ""ל",false,,13.90,1.9857,true,1,287568
7290108357028,false,"תחליב רחצה כיף ורד ושמן קוקוי 700 מ""ל",קוסמופארם בעמ,IL,כיף תחליב רחצה ורד ו,מיליליטרים,700.00,"100 מ""ל",false,,13.90,1.9857,true,1,30787
7290108357769,false,"מרכך לשיער רגיל תפוח וזרעי צ'יה 700 מ""ל כיף",גוד פוד פרודקטס S.p,IL,מרכך לשיער רגיל תפוח,מיליליטרים,700.00,"100 מ""ל",false,,12.90,1.8429,true,1,30794
7290108359046,false,שקיות אשפה EXTRA חזקאות במיוחד XXL סנו סושי 20 יח',,IL,סושי שקיות אקסטרא חז,יחידה,0.00,יחידה,false,,26.90,0.0000,true,1,152997
7290108359152,false,"תבנית אלומיניום עגולה 25 ס""מ -6 יחי סנו סושי",,IL,סנו סושי-6 תבניות אל,יחידה,0.00,יחידה,false,,12.90,0.0000,true,1,381806
7290108359190,false,סושי מגבת הפלא 4 יח' = 12 גליל ארוך פי 3,,IL,סנו סושי מגבות הפלא,יחידה,0.00,יחידה,false,,26.90,0.0000,true,1,398880
7290108502305,false,גבינת גרדה פדנו משולש 150 גר`וילי פוד,זאיני,IT,גבינת גרנה פדנו משול,גרמים,150.00,100 גרם,false,,18.90,12.6000,true,1,3131
7290108503043,false,תפוחונים חטיף פלחים מיובשים מארז 22X4ג',הביי דונגפנג פוד קו.,CN,מארז רביעייה תפוחוני,גרמים,88.00,100 גרם,false,,14.90,16.9318,true,1,3179
7290108504699,false,נתחי טונה בשמן קנולה רביעיה * 160 ג' וילי פוד,,TH,נתחי טונה בשמן קנולה,גרמים,640.00,100 גרם,false,,24.60,3.8438,true,1,52023
7290108504934,false,דפי אורז למילוי קוטר,,,דפי אורז למילוי קוטר,גרמים,300.00,100 גרם,false,,10.90,3.6333,true,1,275390
7290108507065,false,גבינת פרמג'יאנו רג'יאנו מגורדת 100 גרם,זנאתי,IT,גבינת פרמגיאנו רגיאנ,גרמים,100.00,100 גרם,false,,14.90,14.9000,true,1,131860
7290108509106,false,גבינה בולגרית מעודנת בקוביות 13% שומן יורו 200 ג',,,גבינה בולגרית מעודנת,גרמים,200.00,100 גרם,false,,13.90,6.9500,true,1,162330
7290108509250,false,"ויליפוד אנטיפסטי ארטישוק עגבניות, 380 גרם",קוסרבה בונטו,IT,אנטיפסטי ארטישוק עג,גרמים,580.00,100 גרם,false,,22.90,3.9483,true,1,148517
7290109351025,false,חומוס צבר מלך חומוס טחינה חלק 400ג',סלטי צבר,IL,מלך החומוס חומוס טחי,גרמים,400.00,100 גרם,false,,14.90,3.7250,true,1,19936
7290109352916,false,פיטנס בר פריכיות שוקולד לבן 84 גרם,PT,IL,בר פריכיות שוקולד לב,גרמים,84.00,100 גרם,false,,15.90,18.9286,true,1,19945
7290109354101,false,לחמית ללא גלוטן 200 ג' אסם,אסם,IL,לחמית ללא גלוטן 200,גרמים,200.00,100 גרם,false,,11.90,5.9500,true,1,19135
7290109580043,false,"שניצל תירס קלאסי זוגלובק 1.75 ק""ג",,IL,זוגלובק שניצל תירס 1,קילוגרמים,1.75,"ק""ג",false,,49.90,28.5143,true,1,100750
7290109580104,false,רוסביף פרימיום 150 גרם זוגלובק,זוגלובק,IL,רוסטביף זוגלובק פרמי,גרמים,150.00,100 גרם,false,,26.90,17.9333,true,1,131649
7290109580166,false,סרוולד קלאסי פרימיום 150 גרם זוגלובק,זוגלובק,IL,סרוולד קלאסי זוגלובק,גרמים,150.00,100 גרם,false,,26.90,17.9333,true,1,131653
7290109580241,false,נאגטס מן הצומח זוגלובק 500 גרם,זוגלובק,IL,נאגטס מן הצומח זוגלו,גרמים,500.00,100 גרם,false,,19.90,3.9800,true,1,350475
7290109580432,false,פסטרמה חזה הודו מעושן 120 גר' זוגלובק,זוגלובק,IL,פסטרמה אקסטרה מעושנת,גרמים,120.00,100 גרם,false,,14.90,12.4167,true,1,350663
7290109640198,false,מגורדת לפיצה ואפיה 20% שומן משומשו 200 ג,,IL,מגורדת לפיצה ואפייה,גרמים,200.00,100 גרם,false,,19.90,9.9500,true,1,6171
7290109640464,false,"יוגורט עיזים טבעי 250 מ""ל","טרופיקל דגיל בע""מ אז",IL,פתיתים טבעוניים בסגנ,גרמים,150.00,100 גרם,false,,19.90,13.2667,true,1,186098
7290109920603,false,"אסטוניש קרם לניקוי המטבח 500 מ""ל",,IL,אסטוניש קרם מטבח 500,מיליליטרים,500.00,"100 מ""ל",false,,14.90,2.9800,true,1,11387
7290109921488,false,"דורגול לניקוי וחיטוי מכונת הכביסה 500 מ""ל",דורינג,CH,דורגול לניקוי וחיטוי,מיליליטרים,500.00,"100 מ""ל",false,,32.90,6.5800,true,1,11407
7290109921853,false,משחת פרימיום עם עוצמה אסטוניש 150 גר',אסטוניש,GB,המשחה המקורית לניקוי,גרמים,150.00,100 גרם,false,,18.90,12.6000,true,1,276472
7290110110659,false,"ספרייט לימון ליים פחית 330מ""ל",החברה המרכזית לייצור,IL,סליק ספרייט חדש 330,מיליליטרים,330.00,"100 מ""ל",false,,5.50,1.6667,true,1,7197
7290110113377,false,מארז רביעיות קוקה קולה 1 ליטר,,IL,מארז רביעיות קוקה קו,ליטרים,4.00,ליטר,false,,29.90,7.4750,true,1,122887
7290110114787,false,נביעות+תפוח 1.5 ליטר פיקדון,נביעות טבע הגליל בעמ,IL,נביעות + תפוח 1.5 לי,ליטרים,1.50,ליטר,false,,9.50,6.3333,true,1,201805
7290110114794,false,נביעות+אפרסק 1.5 ליטר פיקדון,"נביעות טבע הגליל בע""",IL,נביעות + אפרסק 1.5 ל,ליטרים,1.50,ליטר,false,,9.50,6.3333,true,1,201806
7290110114800,false,נביעות פלוס בטעם ענבים 1.5 ליטר-,"נביעות טבע הגליל בע""",IL,נביעות + ענבים 1.5 ל,ליטרים,1.50,ליטר,false,,9.50,6.3333,true,1,201807
7290110114824,false,נביעות+רכיבי פרי אבטיח 1.5 ליטר פיקדון,"נביעות טבע הגליל בע""",IL,נביעות+ פרי אבטיח 1.,ליטרים,1.50,ליטר,false,,9.50,6.3333,true,1,201971
7290110114855,false,"נביעות מים מינרליים, שישיה 6 * 1.5 ליטר פקדון",נביעות טבע הגליל בעמ,IL,מי נביעות שישייה 1.5,ליטרים,9.00,ליטר,false,,14.90,1.6556,true,1,201833
7290110114893,false,פריגת סחוט טרי תפוז 2 ליטר,גת,IL,פריגת סחוט תפוזים 2,ליטרים,2.00,ליטר,false,,29.20,14.6000,true,1,201743
7290110114961,false,מיץ בטעם תפוזים 1.5ל' פריגת,מבשלות בירה בינלאומי,IL,פריגת תפוזים 1.5 ליט,ליטרים,1.50,ליטר,false,,9.90,6.6000,true,1,201846
7290110114985,false,פריגת אשכולית 1.5 ליטר פיקדון,מבשלות בירה בינלאומי,IL,פריגת אשכולית 1.5 לי,ליטרים,1.50,ליטר,false,,9.90,6.6000,true,1,201848
7290110114992,false,פריגת light אשכולית 1.5 ליטר פיקדון,מבשלות בירה בינלאומי,IL,פריגת דיאט אשכולית 1,ליטרים,1.50,ליטר,false,,9.90,6.6000,true,1,201861
7290110115005,false,פריגת ענבים 1.5 ליטר פיקדון,מבשלות בירה בינלאומי,IL,פריגת ענבים 1.5 ליטר,ליטרים,1.50,ליטר,false,,9.90,6.6000,true,1,201874
7290110115036,false,פריגת מנגו 1.5 ליטר פיקדון,מבשלות בירה בינלאומי,IL,פריגת מנגו 1.5 ליטר,ליטרים,1.50,ליטר,false,,9.90,6.6000,true,1,201926
7290110115043,false,פריגת לימונענע 1.5 ליטר פיקדון,מבשלות בירה בינלאומי,IL,פריגת לימונענע 1.5 ל,ליטרים,1.50,ליטר,false,,9.90,6.6000,true,1,201927
7290110115050,false,פריגת מיקס תות בננה 1.5 ליטר פיקדון,מבשלות בירה בינלאומי,IL,פריגת מיקס תות בננה,ליטרים,1.50,ליטר,false,,9.90,6.6000,true,1,201928
7290110115128,false,פריגת צלול בטעם לימונענע 1.5 ליטר פיקדון,מבשלות בירה לישראל ב,IL,פריגת צלול בטעם לימו,ליטרים,1.50,ליטר,false,,9.90,6.6000,true,1,201995
7290110115180,false,מים נביעות בקבוק 1.5,"נביעות טבע הגליל בע""",IL,נביעות 1.5 ליטר,ליטרים,1.50,ליטר,false,,4.20,2.8000,true,1,227890
7290110115203,false,קוקה קולה 1.5 ליטר פיקדון,,IL,קוקה קולה 1.5 ליטר,ליטרים,1.50,ליטר,false,,8.90,5.9333,true,1,202013
7290110115210,false,דיאט קוקה קולה 1.5 ליטר פיקדון,,IL,דיאט קוקה קולה 1.5 ל,ליטרים,1.50,ליטר,false,,8.90,5.9333,true,1,202014
7290110115227,false,קוקה קולה זירו 1.5 ליטר -,,IL,קוקה קולה זירו בקבוק,ליטרים,1.50,ליטר,false,,8.90,5.9333,true,1,202015
7290110115265,false,ספרייט לימון ליים 1.5 ליטר-,,IL,ספרייט 1.5 ליטר LIME,ליטרים,1.50,ליטר,false,,8.90,5.9333,true,1,202084
7290110115272,false,ZERO ספרייט 1.5 ליטר פיקדון,,IL,ספרייט זירו 1.5 ליטר,ליטרים,1.50,ליטר,false,,8.90,5.9333,true,1,202085
7290110115302,false,פאנטה ZERO אורנג' 1.5 ליטר פיקדון,החברה המרכזית לייצור,IL,פאנטה זירו בטעם אורנ,ליטרים,1.50,ליטר,false,,9.90,6.6000,true,1,202115
7290110115357,false,קינלי סודה 1.5 ליטר פיקדון,,IL,קינלי סודה 1.5 ליטר,ליטרים,1.50,ליטר,false,,5.50,3.6667,true,1,202146
7290110115364,false,קוקה קולה שישיות 1.5 ליטר פיקדון,החברה המרכזית לייצור,IL,קוקה קולה 6*1.5 ליטר,ליטרים,9.00,ליטר,false,,49.90,5.5444,true,1,202031
7290110115395,false,ZERO ספרייט שישיות 1.5 ליטר פיקדון,החברה המרכזית לייצור,IL,ספרייט זירו 6* 1.5 ל,ליטרים,9.00,ליטר,false,,49.90,5.5444,true,1,202102
7290110115401,false,קינלי סודה שישיה 1.5 ליטר פיקדון,החברה המרכזית לייצור,IL,קינלי סודה 6*1.5 ליט,ליטרים,9.00,ליטר,false,,14.90,1.6556,true,1,218971
7290110115418,false,מארז שישייה קוקה קולה זירו 1.5 ל',החברה המרכזית לייצור,IL,קוקה קולה זירו שישיי,ליטרים,9.00,ליטר,false,,49.90,5.5444,true,1,202033
7290110115449,false,אייס תה בטעם מנגו אננס 1.5ל' FUZE TEA,מבשלות בירה בינלאומי,IL,פיוז טי מנגו אננס 1.,ליטרים,1.50,ליטר,false,,9.50,6.3333,true,1,202162
7290110115463,false,אייס תה בטעם אפרסק 1.5ל' FUZE TEA,מבשלות בירה בינלאומי,IL,פיוז טי אפרסק 1.5 לי,ליטרים,1.50,ליטר,false,,9.50,6.3333,true,1,202164
7290110115593,false,פריגת אשכוליות 40% פחות סוכר 1.5 ליטר פיקדון,מבשלות בירה בינלאומי,IL,משקה קל בטעם אשכוליו,ליטרים,1.50,ליטר,false,,9.90,6.6000,true,1,201979
7290110115616,false,אייס תה בטעם גרין אננס 1.5ל' FUZE TEA,מבשלות בירה בינלאומי,IL,פיוז טי ZERO גרין אנ,ליטרים,1.50,ליטר,false,,8.90,5.9333,true,1,250096
7290110115869,false,קוקה קולה זירו 1.5 ליטר פיקדון,תות תעשיות מזון (201,IL,קוקה קולה זירו בקבוק,ליטרים,1.50,ליטר,false,,8.90,5.9333,true,1,387806
7290110116156,false,נביעות+רכיבי פרי מנגו-פסיפלורה 1.5 ליטר-,,,נביעות+ פרי בטעם מנג,ליטרים,1.50,ליטר,false,,9.50,6.3333,true,1,385583
7290110116217,false,נביעות+ סדרת 0 קלוריות אשכוליות 1.5 ליטר,"נביעות טבע הגליל בע""",IL,נביעות+ אשכולית 0 קל,ליטרים,1.50,ליטר,false,,9.50,6.3333,true,1,385237
7290110116507,false,מיץ מיקס אננה בננה אגס 1 ל' פריגת,גת,IL,פריגת סחוט MIX אננס,ליטרים,1.00,ליטר,false,,14.90,14.9000,true,1,379800
7290110320850,false,פתיתים גבינה 28% שומן 200 ג' עמק,תנובה מרכז שיתופי לש,IL,עמק פתיתים 200 גרם,גרמים,200.00,100 גרם,false,,15.90,7.9500,true,1,26151
7290110320867,false,פתיתים גבינה 28% שומן 500 ג' עמק,"תנובה, מחלבת תל יוסף",IL,עמק פתיתים למאפים 28,גרמים,500.00,100 גרם,false,,36.90,7.3800,true,1,26152
7290110320935,false,גבינת מוצרלה תנובה 150ג' פרוסות,תנובה מחלבת תל יוסף,IL,פרוסות מוצרלה 150 גר,גרמים,150.00,100 גרם,false,,17.90,11.9333,true,1,26157
7290110321031,false,מעדן חלב GO יוגורט מועשר בחלבון טבעי 200 ג' יופלה,"תנובה, מחלבת אלון תב",IL,יופלה גו 200 גרם תנו,גרמים,200.00,100 גרם,false,,5.90,2.9500,true,1,26165
7290110321604,false,קוביות בולגרית מעודנת 5% 200 גר,תנובה,IL,פיראוס קוביות בולגרי,גרמים,200.00,100 גרם,false,,21.90,10.9500,true,1,26200
7290110321680,false,יופלה GO טעם תות 200 גרם,מיוצר עי קונדיטוריית,IL,יופלה גו בטעם תות 20,גרמים,200.00,100 גרם,false,,6.20,3.1000,true,1,26206
7290110321703,false,יופלה GO פירות יער 200 מל,מיוצר עי קונדיטוריית,IL,יופלה גו בטעם פרות י,מיליליטרים,200.00,"100 מ""ל",false,,6.20,3.1000,true,1,26208
7290110322014,false,טופו טבעי ALTERNATIVE 300 גרם,שוורצקוף& הנקל דיסלד,IL,טופו טבעי 300 גרם,גרמים,300.00,100 גרם,false,,13.50,4.5000,true,1,26227
7290110322946,false,יופלה טיוב יוגורט במרקם חלק בטעם תות בננה כשרות רבנות 348 ג',,,יופלה טיוב יוגורט במ,מיליליטרים,348.00,"100 מ""ל",false,,12.50,3.5920,true,1,26251
7290110323301,false,טל העמק בסגנון אמנטל 32% שומן 200 גרם,תנובה,IL,גבינת עמק טל 32% שומ,גרמים,200.00,100 גרם,false,,19.90,9.9500,true,1,26274
7290110323592,false,יופלה יוגורט עם אפרסק מופחת קלוריות 200 ג' GO,,IL,יופלה GO לייט עם אפר,גרמים,200.00,100 גרם,false,,6.20,3.1000,true,1,26293
7290110323714,false,משקה קוקוס שקדים 1 ל' ALTERNATIVE,מיוצר עי קונדיטוריית,IL,תנובה משקה קוקוס שקד,יחידה,0.00,יחידה,false,,14.90,0.0000,true,1,26304
7290110324070,false,גבינת חלומי מחלב בקר 22%שומן 200גר,"תנובה בע""מ",IL,גבינת חלומי מחלב בקר,גרמים,200.00,100 גרם,false,,19.90,9.9500,true,1,26328
7290110324353,false,יופלה אננס לייט 200 מל GO,"תנובה בע""מ",IL,יופלה גו לייט בטעם א,גרמים,200.00,100 גרם,false,,6.20,3.1000,true,1,26345
7290110324551,false,יופלה טיוב יוגורט במרקם חלק בטעם תות 348 ג',,IL,יופלה טיוב יוגורט במ,מיליליטרים,348.00,"100 מ""ל",false,,12.50,3.5920,true,1,26363
7290110324711,false,"ממרח סויה בסגנון גבינה טעם טבעי בד""צ",מיוצר עי קונדיטוריית,IL,ממרח סויה 9% בטעם טב,גרמים,250.00,100 גרם,false,,9.90,3.9600,true,1,26372
7290110324728,false,"ממרח סויה בסגנון גבינה שום שמיר בד""צ",מיוצר עי קונדיטוריית,IL,ממרח סויה 9% עם שום,גרמים,250.00,100 גרם,false,,9.90,3.9600,true,1,26373
7290110324872,false,גלבוע גבינה פרוסה 5%,תנובה,IL,גלבוע גבינה פרוסה 5%,גרמים,200.00,100 גרם,false,,19.90,9.9500,true,1,26384
7290110324926,false,משקה סויה ללא תוספת סוכר 1 ליטר,"תנובה בע""מ",IL,משקה סויה ללא תוספת,יחידה,0.00,יחידה,false,,12.50,0.0000,true,1,26387
7290110325114,false,משקה יוגורט גו לייט תות בננה 250 מל,מיוצר עי קונדיטוריית,IL,יופלה משקה יוגורט גו,מיליליטרים,250.00,"100 מ""ל",false,,6.90,2.7600,true,1,26399
7290110325305,false,מעדן סויה גו 20 גרם חלבון במתיקות מעודנת,מיוצר עי קונדיטוריית,IL,יופלה סויה גו 20 גרם,גרמים,200.00,100 גרם,false,,6.20,3.1000,true,1,26403
7290110325312,false,מעדן סויה גו 20 גרם חלבון בטעם תות,"תנובה בע""מ",IL,יופלה סויה גו 20 גרם,גרמים,200.00,100 גרם,false,,6.20,3.1000,true,1,26404
7290110325619,false,אלטרנטיב משקה שיבולת שועל 1 ליטר,מיוצר עי קונדיטוריית,IL,תנובה משקה שיבולת שו,יחידה,0.00,יחידה,false,,14.90,0.0000,true,1,26413
7290110325879,false,פתיתי גאודה 200 ג' תנובה,תנובה,IL,פתיתי גאודה 200 גרם,גרמים,200.00,100 גרם,false,,16.90,8.4500,true,1,61297
7290110325893,false,תנובה GO אייס קפה 340 מל' 27 גרם חלבון,מיוצר עי קונדיטוריית,IL,משקה תנובה GO אייס ק,גרמים,340.00,100 גרם,false,,7.90,2.3235,true,1,26430
7290110326173,false,YOLO NUTS מעדן שוקולד בתוספת עוגיות 120 גרם,תנובה,IL,יולו קוקיז ש.לבן בטע,גרמים,120.00,100 גרם,false,,4.90,4.0833,true,1,68306
7290110326241,false,ייופלה און טופ גרנולה 157 גרם,מיוצר עי קונדיטוריית,IL,יופלה און טופ גרנולה,יחידה,157.00,יחידה,false,,5.90,0.0376,true,1,61285
7290110326906,false,חלב טרי נטול לקטוז 3% 1 ליטר,מיוצר עי קונדיטוריית,IL,חלב נטול לקטוז 3% שו,ליטרים,1.00,ליטר,false,,7.90,7.9000,true,1,108812
7290110327514,false,משקה שיבולת שועל בטעם אגוזי לוז 1 ל' alternative,תנובה,IL,משקה שיבולת שועל בטע,יחידה,0.00,יחידה,false,,14.90,0.0000,true,1,163401
7290110327828,false,חטיף חלבון GO בטעם חמאת בוטנים 20 גרם חלבון,"בלמונט קונפקציות בע""",US,GO חטיף חלבון עם חמא,גרמים,60.00,100 גרם,false,,12.90,21.5000,true,1,148761
7290110328016,false,משקה סויה מועשר בחלבון בטעם אגוזי לוז 250ג',שוורצקוף& הנקל דיסלד,IL,משקה סויה מעושר בחלב,גרמים,250.00,100 גרם,false,,6.90,2.7600,true,1,120470
7290110328023,false,משקה סויה מועשר בחלבון בטעם קפה 250 גרם,סוי מג'ק,IL,משקה סויה מעושר בחלב,גרמים,250.00,100 גרם,false,,6.90,2.7600,true,1,120471
7290110328221,false,יוגורט תנובה נטול לקטוז 200 ג',מיוצר עי קונדיטוריית,IL,יוגורט תנובה נטול לק,גרמים,200.00,100 גרם,false,,3.90,1.9500,true,1,125581
7290110328580,false,יוגורט תנובה טבעי 5% גביע 200 גרם,מיוצר עי קונדיטוריית,IL,יוגורט טבעי תנובה 5%,גרמים,200.00,100 גרם,false,,3.50,1.7500,true,1,239213
7290110328627,false,יוגורט סמיך 0% בננה קרמל יופלה 200 ג' GO,מיוצר עי קונדיטוריית,IL,יוגורט גו סמיך 0% בנ,גרמים,200.00,100 גרם,false,,6.20,3.1000,true,1,152548
7290110328771,false,יוגורט סמיך 0% פירות יער יופלה 200 ג' GO,מיוצר עי קונדיטוריית,IL,יוגורט גו סמיך 0% פי,גרמים,200.00,100 גרם,false,,6.20,3.1000,true,1,152550
7290110328788,false,יוגורט סמיך 0% אפרסק יופלה 200 ג' GO,תנובה בעמ,IL,יוגורט גו סמיך 0% אפ,גרמים,200.00,100 גרם,false,,6.20,3.1000,true,1,152535
7290110329716,false,משקה קפה קר בטעם קפוצ'ינו 230 ג' תנובה,"תנובה בע""מ",IL,קפה קר בטעם קפוצ'ינו,מיליליטרים,230.00,"100 מ""ל",false,,7.90,3.4348,true,1,307783
7290110329723,false,משקה קפה קר בטעם לאטה 230 ג' תנובה,"תנובה בע""מ",IL,קפה קר בטעם לאטה תנו,מיליליטרים,230.00,"100 מ""ל",false,,7.90,3.4348,true,1,309214
7290110329730,false,"משקה חלב עם שוקולד וקפה בסגנון לאטה 2.7%  230 מ""ל תנובה","תנובה בע""מ",IL,קפה קר בטעם לאטה שוק,מיליליטרים,230.00,"100 מ""ל",false,,7.90,3.4348,true,1,309230
7290110329792,false,יוגורט סויה BIO Alternative אפרסק 150 ג' תנובה,מיוצר עי קונדיטוריית,IL,סויה BIO אפרסק גביע,גרמים,150.00,100 גרם,false,,4.90,3.2667,true,1,249597
7290110329808,false,יוגורט סויה BIO Alternative תות 150 ג' תנובה,מיוצר עי קונדיטוריית,IL,סויה BIO תות גביע 15,גרמים,150.00,100 גרם,false,,4.90,3.2667,true,1,249598
7290110329815,false,סויה BIO מתיקות מעודנת גביע 150 גרם Alternativ,מיוצר עי קונדיטוריית,IL,סויה BIO מתיקות מעוד,גרמים,150.00,100 גרם,false,,4.90,3.2667,true,1,249599
7290110329822,false,יוגורט סויה BIO Alternative פירות יער 150 ג' תנובה,מיוצר עי קונדיטוריית,IL,סויה BIO פירות יער ג,גרמים,150.00,100 גרם,false,,4.90,3.2667,true,1,249600
7290110550226,false,מטבעות שוקולד מריר לאפיה 400 גרם עלית,,IT,מטבעות שוקולד מריר ל,גרמים,400.00,100 גרם,false,,31.90,7.9750,true,1,308952
7290110550370,false,פריכיות משולשות קינואה ופלפל 65 גרם,,,אנרגי פריכיות משולשו,גרמים,65.00,100 גרם,false,,10.90,16.7692,true,1,386525
7290110551254,false,נשנושי תירס 600 גרם,,,נשנושי תירס 600 גרם,גרמים,600.00,100 גרם,false,,17.00,2.8333,true,1,385347
7290110552220,false,יוגורט פרו בטעם תות ללא סוכר 200 ג' דנונה,"שטראוס בריאות בע""מ",IL,דנונה PRO 20 גרם חלב,גרמים,200.00,100 גרם,false,,6.50,3.2500,true,1,238660
7290110552237,false,יוגורט פרו בטעם אפרסק מנגו ללא סוכר 200 ג' דנונה,"שטראוס בריאות בע""מ",IL,דנונה PRO 20 גרם חלב,גרמים,200.00,100 גרם,false,,6.50,3.2500,true,1,238647
7290110553029,false,פריכיות חלבון קייל חומוס ומלח 60 ג' שטראוס,"פרח תעשיו מזון בע""מ",IL,פריכיות חלבון קייל ח,גרמים,60.00,100 גרם,false,,10.90,18.1667,true,1,243098
7290110553036,false,פריכיות חלבון בטטה סגולה ואפונה 60 ג' שטראוס,"פרח תעשיו מזון בע""מ",IL,פרכית חלבון בטטה סגו,גרמים,60.00,100 גרם,false,,10.90,18.1667,true,1,243099
7290110554712,false,"קפסולות קפה אספרסו קלייה איטית ובהירה, 10 * 50 ג'",,,"שת""פ קפה 50 גרם נחת",גרמים,50.00,100 גרם,false,,19.90,39.8000,true,1,381201
7290110555665,false,אבקת קקאו דל שומן 220 גרם עלית,,GR,אבקת קקאו דל שומן 22,גרמים,220.00,100 גרם,false,,18.90,8.5909,true,1,393226
7290110557102,false,מעדן חלב עם שוקולד מועשר בחלבון 150 ג' שטראוס,מיוצר עי קונדיטוריית,IL,מעדן פרו חלב עם שוקו,גרמים,150.00,100 גרם,false,,6.20,4.1333,true,1,186753
7290110557478,false,סלט חומוס גלילי אחלה 600 גרם,,,חומוס גלילי אחלה 60,גרמים,600.00,100 גרם,false,,13.90,2.3167,true,1,287930
7290110557645,false,מאגדת חטיפים אנרג'י מיקס צימוקים חמוציות 100X4 גרם,,,מיקס מאגדת צימוקים ח,גרמים,100.00,100 גרם,false,,18.90,18.9000,true,1,371049
7290110558130,false,יוגורט אקטיביה שיבולת שועל ודבש 150 גרם,"שטראוס בריאות בע""מ",IL,אקטיביה עם דבש ושיבו,גרמים,150.00,100 גרם,false,,5.10,3.4000,true,1,325893
7290110558215,false,"דנונה קראנצ`פיסטוק עם פיצפוץ לבן קראנצי פיסטוק, 173 גרם","שטראוס בריאות בע""מ",IL,דנונה קראנצ' בטעם פי,גרמים,173.00,100 גרם,false,,5.20,3.0058,true,1,379571
7290110558253,false,"דנונה ריפרש בננה אננס וצ`יה, 250 גרם","שטראוס בריאות בע""מ",IL,יוגורט עם אננס בננה,גרמים,250.00,100 גרם,false,,5.90,2.3600,true,1,325906
7290110558284,false,יוגורט ביו מולטי 200 ג' דנונה,"שטראוס בריאות בע""מ",IL,דנונה מולטי 3% שומן,מיליליטרים,200.00,"100 מ""ל",false,,4.70,2.3500,true,1,350489
7290110558307,false,דנונה פרו 20 גר' חלבון עם שיבולת שועל 200 גרם,"שטראוס בריאות בע""מ",IL,דנונה פרו עם שיבולת,מיליליטרים,200.00,"100 מ""ל",false,,6.90,3.4500,true,1,326991
7290110558314,false,"פרו 20 יוגורט בטעם פיסטוק 0%, 200 ג דנונה","שטראוס בריאות בע""מ",IL,דנונה פרו ללא סוכר 2,גרמים,200.00,100 גרם,false,,6.50,3.2500,true,1,370870
7290110558338,false,דנונה פרו 25 ג' חלבון 200 ג' שטראוס,"שטראוס בריאות בע""מ",IL,דנונה פרו 25 גרם חלב,מיליליטרים,200.00,"100 מ""ל",false,,6.90,3.4500,true,1,326992
7290110558666,false,מעדן גבינה בטעם תפוח 88 ג' דניאלה,"שטראוס בריאות בע""מ",IL,דניאלה בטעם תפוח 88,גרמים,88.00,100 גרם,false,,4.30,4.8864,true,1,379572
7290110561352,false,דנונה יוגורט ביו פרוביוטי 3% דל לקטוז 150ג',"שטראוס בריאות בע""מ",IL,דנונה ביו דל לקטוז ב,גרמים,200.00,100 גרם,false,,4.10,2.0500,true,1,23899
7290110563431,false,"משקה קפה קר בסגנון קלאסי 230 מ""ל 1.6% יוטבתה",האי נאם סי או אל.טי.,AT,יטבתה משקה קפה קר בס,מיליליטרים,230.00,"100 מ""ל",false,,8.30,3.6087,true,1,23912
7290110563448,false,"משקה קפה קר בסגנון מעודן 230 מ""ל 1.6% יוטבתה",האי נאם סי או אל.טי.,AT,יטבתה משקה קפה קר בס,מיליליטרים,230.00,"100 מ""ל",false,,8.30,3.6087,true,1,23913
7290110563462,false,חלב בבקבוק נטול לקטוז 2% יטבתה 1 ל',מחלבת יטבתה,IL,יטבתה חלב בבקבוק נטו,ליטרים,1.00,ליטר,false,,9.30,9.3000,true,1,23915
7290110564339,false,חומוס אחלה הסידרה המובחר 30% טחינה 400 גר',מיוצר עי קונדיטוריית,IL,חומוס הסדרה המובחרת,גרמים,400.00,100 גרם,false,,14.90,3.7250,true,1,23922
7290110564360,false,חומוס אחלה הסידרה המובחר 40% טחינה 400 גר',מיוצר עי קונדיטוריית,IL,חומוס אחלה עשיר ב 40,גרמים,400.00,100 גרם,false,,14.90,3.7250,true,1,23923
7290110564742,false,"משקה קפה קר בסגנון חזק 230 מ""ל 1.2% יוטבתה",האי נאם סי או אל.טי.,AT,יטבתה משקה קפה קר בס,מיליליטרים,230.00,"100 מ""ל",false,,8.30,3.6087,true,1,23933
7290110565527,false,דנונה פרו 1.5% יוגורט 20ג' חלבון 200ג',"שטראוס בריאות בע""מ",IL,דנונה PRO 20 גרם חלב,גרמים,200.00,100 גרם,false,,6.50,3.2500,true,1,23940
7290110565893,false,"מאגדת אנרגי מצופה שוקולד לת""ס 156 גר",,IL,חטיף מצופה שוקולד חל,גרמים,144.00,100 גרם,false,,14.90,10.3472,true,1,23006
7290110566623,false,קפסולות קולומביה עלית 08 למכונת נספרסו מארז 5X10ג',,IL,עלית קפסולות קולומבי,גרמים,50.00,100 גרם,false,,18.90,37.8000,true,1,23013
7290110566975,false,דנונה פרו יוגורט 0% תות עשיר בחלבון 200ג',"שטראוס בריאות בע""מ",IL,דנונה PRO 20 גרם חלב,גרמים,200.00,100 גרם,false,,6.50,3.2500,true,1,23950
7290110568238,false,"קצפת צמחית 21% שומן 250 מ""ל יוטבתה",מחלבת יטבתה,IL,קצפת צימחית 21% במתי,מיליליטרים,250.00,"100 מ""ל",false,,8.90,3.5600,true,1,23962
7290110568276,false,"משקה פרו וניל 350 מ""ל יוטבתה",מילקוורק,IL,משקה פרו וניל יטבתה,מיליליטרים,350.00,"100 מ""ל",false,,7.30,2.0857,true,1,23963
7290110568627,false,עלית - פסק זמן רול שוקולד חלב עם קרם אגוזים 26 גרם,,TR,פסק זמן רול ש.חלב עם,גרמים,28.00,100 גרם,false,,4.50,16.0714,true,1,61656
7290110571375,false,אנרג'י מיקס צימוקים תמרים טופי ופקאן 100 ג שטראוס,,,מיקס מאגדת צימוקים ת,גרמים,100.00,100 גרם,false,,18.90,18.9000,true,1,371050
7290110571382,false,מעדן חלב בטעם וניל מעושר בחלבון 150 ג' שטראוס,"שטראוס בריאות בע""מ",IL,מעדן חלב מועשר בחלבו,גרמים,150.00,100 גרם,false,,5.50,3.6667,true,1,297130
7290110571405,false,עלית - מיני פינוקיות בגביע פסק זמן 180 גרם,הגביע מוצרי ופלים בע,IL,מיני פינוקיות פסק זמ,גרמים,180.00,100 גרם,false,,11.90,6.6111,true,1,393094
7290110571412,false,עלית - מיני פינוקיות בגביע פאדג' 180 גרם,הגביע מוצרי ופלים בע,IL,מיני פינוקיות בגביע,גרמים,180.00,100 גרם,false,,11.90,6.6111,true,1,393081
7290110571535,false,מארז קפה טורקי הל 3*100 ג' עלית,,IL,קפה עלית טורקי הל מא,גרמים,300.00,100 גרם,false,,27.90,9.3000,true,1,308879
7290110572976,false,כיף כף פצפצים קרם לבן 135 ג עלית,שולן צ'יקולטה גידה ס,TR,כיף כף פצפצים קרם לב,גרמים,135.00,100 גרם,false,,12.60,9.3333,true,1,370908
7290110574413,false,עלית - פופקורן בטעם טעמי 70 גרם,סראנו בעבור שטראוס,קפריסין,נשנושי פופקורן מתוק,גרמים,70.00,100 גרם,false,,7.90,11.2857,true,1,400252
7290110574420,false,עלית - פופקורן בטעם פסק זמן 70 גרם,סראנו בעבור שטראוס,קפריסין,נשנושי פופקורן מתוק,גרמים,70.00,100 גרם,false,,7.90,11.2857,true,1,400253
7290110576752,false,טבלאות שוקולד ספלנדיד מריר 70% 100 ג' עלית,קימ'ס גריפלנן,BE,שוקולד ספלנדיד מריר,גרמים,100.00,100 גרם,false,,12.90,12.9000,true,1,393276
7290110576851,false,מארז 8 גמדים שתיה סלט פירות 864 גרם,שטראוס,IL,מארז גמדים לשתייה ס,מיליליטרים,864.00,"100 מ""ל",false,,19.90,2.3032,true,1,379352
7290110577230,false,משקה חלב פיסטוק 1ליטר יטבתה בקבוק,מחלבת יטבתה,IL,משקה חלב פיסטוק יטבת,יחידה,0.00,יחידה,false,,12.90,0.0000,true,1,379558
7290110577728,false,"משקה שייק חלבון מי גבינה עם פירות יער 350מ""ל יטבתה",מחלבת יטבתה,IL,שייק חלבון whey עם פ,מיליליטרים,350.00,"100 מ""ל",false,,7.90,2.2571,true,1,393595
7290111092985,false,מארז מגבונים לחים בייביסיטר ללא בישום רביעייה,,,מגבוני בייבי פרפורמנ,יחידה,0.00,יחידה,false,,17.90,0.0000,true,1,345756
7290111093470,false,"קוויק מסיר הפלא ספוגית להסרת כתמים, 3 יחידות",,CN,קוויק מבריק פלא להסר,יחידה,0.00,יחידה,false,,11.90,0.0000,true,1,354926
7290111097836,false,מגבונים דוחה אבק למשטחים בניחוח מרכך כביסה 50 יח' קוויק,,,קוויק מגבונים לניקוי,יחידה,0.00,יחידה,false,,9.90,0.0000,true,1,269908
7290111343117,false,ממחטות אף קלינקס לושן סופט פק 140 דף,קימברלי,IL,טישו לושן סופט קליני,יחידה,0.00,יחידה,false,,14.90,0.0000,true,1,102401
7290111350030,false,רסק תפוחי עץ טבעי בצנצנת 670 גרם קלית גת,טעמי הגליל,IL,רסק תפוחי עץ טבעי קל,גרמים,670.00,100 גרם,false,,10.90,1.6269,true,1,12797
7290111352973,false,יוגטה קוביות חמוצות 220 גרם ללא ג'לטין,סאדאט,IL,יוגטה קוביות חמוציות,גרמים,220.00,100 גרם,false,,6.90,3.1364,true,1,87246
7290111564239,false,מאגדת מיני קראנץ וניל 5 יח' נסטלה,גלידות נסטלה (נגה גל,IL,קראנץ' מאגדת מיני ונ,גרמים,275.00,100 גרם,false,,30.90,11.2364,true,1,16200
7290111564277,false,פריכיות פיטנס שלושה דגנים דקות 120 גר,PT,IL,פריכיות 3 דגנים דקות,גרמים,120.00,100 גרם,false,,11.90,9.9167,true,1,19209
7290111564291,false,פריכיות דקות משלושה דגנים וקינואה,PT,IL,פריכיות קינואה דקות,גרמים,120.00,100 גרם,false,,11.90,9.9167,true,1,19210
7290111566318,false,שניצל דק מן הצומח בטעם ביתי 700 גרם,טבעול ישראל,IL,שניצל דק צמחוני בט,גרמים,564.00,100 גרם,false,,35.90,6.3652,true,1,20000
7290111566417,false,טבעול טחון צמחוני 500 גר',טבעול,IL,טחון מן הצומח 500,גרמים,500.00,100 גרם,false,,35.90,7.1800,true,1,20002
7290111566561,false,שניצל ברוקולי 99 קלוריות טבעול 560 גר,טבעול ישראל,IL,טבעול שניצל ברוקולי,גרמים,630.00,100 גרם,false,,35.90,5.6984,true,1,20005
7290111566776,false,טבעול נקניקיות קוקטייל צמחוניות 680 גר',טבעול ישראל,IL,נקנקיות קוקטייל מן,גרמים,680.00,100 גרם,false,,35.90,5.2794,true,1,20012
7290111568206,false,ביסלי פארטי מיקס 150 ג' אסם,פרו מן יו פתרונות אר,IL,ביסלי פארטי מיקס ברב,גרמים,150.00,100 גרם,false,,7.90,5.2667,true,1,19256
7290111568275,false,אטריות נודלס אורז רחבות אסם אסייתי 300גרם,תאי פרזידנט,TH,נודלס אטריות אורז רח,גרמים,300.00,100 גרם,false,,10.90,3.6333,true,1,19258
7290111930898,false,חטיף פוף כוכבים גריל אמריקאי 40 גרם,מנה,IL,פוף כוכבים גריל אמרי,גרמים,40.00,100 גרם,false,,4.90,12.2500,true,1,21772
7290111930911,false,חטיף פוף לבבות קלאסי 40 גרם,מנה,IL,פוף לבבות קלאסי 40 ג,גרמים,40.00,100 גרם,false,,4.90,12.2500,true,1,21774
7290111930928,false,חטיף פוף לבבות גריל 40 גרם,מנה,IL,"פוף לבבות גריל 40 ג""",גרמים,40.00,100 גרם,false,,4.90,12.2500,true,1,21775
7290111933554,false,עגבניות קוביות שלישיה * 400 ג' מאסטר שף,,IT,עגבניות קוביות מאסטר,קילוגרמים,1.20,"ק""ג",false,,17.90,14.9167,true,1,21806
7290111935961,false,מאסטר שף מחית עגבניות 690 גרם,,,מחית עגבניות מאסטר ש,גרמים,690.00,100 גרם,false,,10.90,1.5797,true,1,21820
7290112002105,false,קולון ג'ל 2.5 ליטר סגול בניחוח לילך,,IL,קולון ג'ל 2.5 ליטר כ,ליטרים,2.50,ליטר,false,,26.90,10.7600,true,1,21051
7290112002112,false,ג'ל קולון ורוד בניחוח ורדים 2.5 ליטר,רקיט בנקיזר,IL,קולון ג'ל 2.5 ליטר ב,ליטרים,2.50,ליטר,false,,26.90,10.7600,true,1,21052
7290112003188,false,קפסולות גל לכביסה קולון 60 יח,,,קולון קפסולות למכונת,יחידה,0.00,יחידה,false,,60.00,0.0000,true,1,99773
7290112004710,false,"ג'ל וניש שקוף לכביסה לבנה ועדינה 750 מ""ל",,IT,וניש מסיר כתמים ג'לי,ליטרים,750.00,100 ליטר,false,,21.90,2.9200,true,1,394821
7290112005052,false,וניש אבקה לבנה מולטי פאואר 1.5קג,,IT,וניש אבקה לכביסה לבנ,ליטרים,1500.00,100 ליטר,false,,42.90,2.8600,true,1,372346
7290112330352,false,יוגורט פרו 20 ג' וניל 0% שומן 200 ג' דנונה,"שטראוס בריאות בע""מ",IL,דנונה פרו 20 גר וניל,גרמים,200.00,100 גרם,false,,6.50,3.2500,true,1,23972
7290112330390,false,יוגורט פרו פירות יער 0% שומן 200 ג' דנונה,"שטראוס בריאות בע""מ",IL,דנונה פרו 20 גר פירו,גרמים,200.00,100 גרם,false,,6.50,3.2500,true,1,23974
7290112330420,false,דנונה פרו לבן 2.9% שומן 150 ג',מיוצר עי קונדיטוריית,IL,דנונה פרו לבן 2.9% 1,גרמים,150.00,100 גרם,false,,5.10,3.4000,true,1,23976
7290112332585,false,"פריכיות תפו""א, אורז בתיבול סלק ומלח חי 30 גר'","פרח תעשיו מזון בע""מ",IL,"פריכיות הטעימות תפו""",גרמים,30.00,100 גרם,false,,6.20,20.6667,true,1,23066
7290112332691,false,פינוקיות עוגיות קרם פסק זמן אגוזים 200 גרם,הגביע מוצרי ופלים בע,IL,פינוקיות עוגיית קרם,גרמים,200.00,100 גרם,false,,13.60,6.8000,true,1,23068
7290112335487,false,פריכיות הטעימות קצח ודגנים אנרגי 135 גר,פרח תעשיות,IL,פריכיות הטעימות קצח,גרמים,135.00,100 גרם,false,,13.90,10.2963,true,1,23082
7290112335494,false,פריכיות הטעימות פוטטוס אנרגי 135 גר,"פרח תעשיות מזון בע""מ",IL,פריכיות הטעימות פוטט,גרמים,135.00,100 גרם,false,,13.90,10.2963,true,1,23083
7290112335500,false,פריכיות הטעימות חלבון אנרגי 135 גר,קדבורי,IL,פריכיות הטעימות עשיר,גרמים,135.00,100 גרם,false,,13.90,10.2963,true,1,23084
7290112336712,false,דנונה פרו 21 גרם חלבון 0% 200 גר,"שטראוס בריאות בע""מ",IL,דנונה פרו 21 0% שומן,גרמים,200.00,100 גרם,false,,6.50,3.2500,true,1,24004
7290112337474,false,סוכריות מאסט ללא סוכר פטל לימון 80 ג' עלית,פלזנסקי,PL,"סוכריות מאסט לל""ס פט",גרמים,80.00,100 גרם,false,,8.90,11.1250,true,1,23100
7290112339171,false,מילקי מוס עם שוקולד וקצפת,מיוצר עי קונדיטוריית,IL,מילקי מוס 81 גרם.,גרמים,81.00,100 גרם,false,,3.90,4.8148,true,1,24013
7290112339867,false,גמדים סקוויז בודד תות 100 ג',,IL,גמדים סקוויז בודד תו,גרמים,100.00,100 גרם,false,,6.50,6.5000,true,1,24033
7290112339874,false,גמדים סקוויז בודד תות בננה 100ג' שטראוס,,IL,גמדים סקוויז בודד תו,גרמים,100.00,100 גרם,false,,6.50,6.5000,true,1,24034
7290112341556,false,אקטיביה עם צ'יה ותות 150 ג' דנונה,,IL,אקטיביה עם צ'יה ותות,גרמים,150.00,100 גרם,false,,5.20,3.4667,true,1,24046
7290112341679,false,דנונה אקטיביה 3% שומן 200 גרם,מיוצר עי קונדיטוריית,IL,דנונה אקטיביה 3% 200,גרמים,200.00,100 גרם,false,,4.70,2.3500,true,1,24047
7290112341686,false,מארז אקטיביה שמיניה 3% 150 גר*8,מיוצר עי קונדיטוריית,IL,אקטיביה מארז 3% 8*15,קילוגרמים,1.20,"ק""ג",false,,22.90,19.0833,true,1,24048
7290112342102,false,סימפוניה 5% בצל מקורמל 200 ג' שטראוס,"שטראוס בריאות בע""מ",IL,סימפוניה 5% בצל מקור,גרמים,200.00,100 גרם,false,,12.50,6.2500,true,1,24056
7290112342508,false,דוריטוס ציזי טוויסט 70 גר,שטראוס,IL,דוריטוס קול ראנץ' 70,גרמים,70.00,100 גרם,false,,4.30,6.1429,true,1,24364
7290112343260,false,יטבתה רוטב שמנת עם פטריות 9% 250 גר,,IL,יטבתה רוטב שמנת קלאס,גרמים,260.00,100 גרם,false,,11.50,4.4231,true,1,24063
7290112343420,false,"משקה חלב עם דגנים מלאים ובננה פרו יטבתה 350מ""ל",מחלבת יטבתה,IL,משקה יטבתה פרו 20 אר,מיליליטרים,350.00,"100 מ""ל",false,,7.90,2.2571,true,1,24066
7290112343499,false,ציטוס 55 גרם 48 יחידות puffs,"שטראוס פריטו ליי בע""",IL,ציטוס Puffs בטעם גבי,גרמים,55.00,100 גרם,false,,3.50,6.3636,true,1,189193
7290112344564,false,רביולי גבינה קלאסי שטראוס 400 ג',"שטראוס גרופ בע""מ",IL,EAT GOOD רביולי גבינ,גרמים,400.00,100 גרם,false,,21.90,5.4750,true,1,24068
7290112344755,false,מילקי עם 26% פחות סוכר 135 גר',מיוצר עי קונדיטוריית,IL,מילקי עם 26% פחות סו,מיליליטרים,135.00,"100 מ""ל",false,,3.10,2.2963,true,1,109710
7290112346360,false,בפלות אחת אחת בציפוי שוקולד חלב 180 ג' עלית,טוטיז-בינגו סיאי,GR,בפלות אחת אחת בציפוי,גרמים,180.00,100 גרם,false,,14.90,8.2778,true,1,23154
7290112346537,false,עוגיות פינוקיות בטעם טורטית 200 ג' עלית,הגביע מוצרי ופלים בע,IL,פינוקיות עוגיות בטעם,גרמים,200.00,100 גרם,false,,13.60,6.8000,true,1,23155
7290112346827,false,אקטימל פטל ויטמין C שמינייה,שטראוס,IL,אקטימל ויטמין C פטל,מיליליטרים,800.00,"100 מ""ל",false,,22.90,2.8625,true,1,104597
7290112347008,false,גמדים ארוחת בוקר תות סקוויז 100 ג',מיוצר עי קונדיטוריית,IL,גמדים ארוחת בוקר תות,גרמים,100.00,100 גרם,false,,6.50,6.5000,true,1,24092
7290112348142,false,שעועית לבנה מבושלת טעם הטבע 380 ג',,IT,שעועית לבנה טעם הטבע,גרמים,380.00,100 גרם,false,,6.90,1.8158,true,1,67490
7290112348999,false,פריכיות טעימות תירס דקות 135 גרם,פרח,IL,פריכיות טעימות תירס,גרמים,135.00,100 גרם,false,,13.90,10.2963,true,1,114909
7290112349316,false,מסטיק בזוקה ביג פופים בטעם תות 86 גר,רוג'ר אנד רוג'ר,DE,בזוקה ביג פופים בטעם,גרמים,86.00,100 גרם,false,,13.90,16.1628,true,1,62939
7290112349606,false,מעדן גבינה ויוגורט תות בננה 88 ג' דניאלה,"שטראוס בריאות בע""מ",IL,דניאלה תות בננה 150,מיליליטרים,150.00,"100 מ""ל",false,,4.30,2.8667,true,1,238673
7290112349705,false,פומודורו רוטב עגבניות קלאסי לפסטה 350ג' יד מרדכי,אמיליאנה קונסרב סוסי,IT,רוטב עגבניות פומודרו,גרמים,350.00,100 גרם,false,,13.00,3.7143,true,1,23162
7290112349750,false,רוטב עגבניות לפסטה פיצה 350 ג' יד מרדכי,יד מרדכי,IT,רוטב עגבניות לפיצה 3,גרמים,350.00,100 גרם,false,,13.00,3.7143,true,1,23165
7290112349897,false,מסטיק מאסט קוביות מנטה ללא גלוטן 86 גר,רוג'ר אנד רוג'ר,DE,מאסט קוביות מנטה 86,גרמים,86.00,100 גרם,false,,13.90,16.1628,true,1,62940
7290112350275,false,קפסולות לונגו למכונות נספרסו 55 גר,,IL,קפסולות LUNGO למכונו,גרמים,50.00,100 גרם,false,,18.90,37.8000,true,1,23166
7290112351104,false,שוקולד פרה ממולא פיצפוצי אורז 100 ג' עלית,שטראוס,IL,שוקולד פרה פיצפוצי א,גרמים,100.00,100 גרם,false,,6.90,6.9000,true,1,71803
7290112351128,false,שוקולד פרה סוכריות קופצות 100 ג' עלית,"שטראוס גרופ בע""מ",IL,שוקולד פרה חלב סוכרי,גרמים,100.00,100 גרם,false,,6.90,6.9000,true,1,154757
7290112351463,false,שלישיית סוכריות מאסט FRESH פטל לימון 45 ג' עלית,,,שלישיית סוכריות FRES,גרמים,45.00,100 גרם,false,,8.90,19.7778,true,1,94646
7290112354952,false,תפוצ'יפס WAVY פפריקה 50 גרם,שטראוס פריטו ליי בע”,IL,תפוצ'יפס wavy פפריקה,גרמים,50.00,100 גרם,false,,4.30,8.6000,true,1,396464
7290112355027,false,דנונה פרו 20 גרם חלבון קרמל מלוח 200 גרם,"שטראוס בריאות בע""מ",IL,דנונה פרו 20 גר' בטע,גרמים,200.00,100 גרם,false,,6.50,3.2500,true,1,109739
7290112355102,false,גמדים סקוויז 100 גרם פאוץ סלט פירות 100 גרם,"שטראוס בריאות בע""מ",IL,סקוויז גמדים לדרך סל,גרמים,100.00,100 גרם,false,,5.90,5.9000,true,1,116333
7290112357106,false,שעועית אדומה מבושלת טעם הטבע 380 ג',,IT,שעועית אדומה טעם הטב,גרמים,380.00,100 גרם,false,,6.90,1.8158,true,1,67493
7290112357113,false,גרגרי חומוס טעם הטבע קופסה 380 גר,קונסרברס,IT,גרגרי חומוס טעם הטבע,גרמים,380.00,100 גרם,false,,6.90,1.8158,true,1,67494
7290112357892,false,סוכריות FRESH מנטה שלישיה 3*15 גר',,,שלישיית סוכריות FRES,גרמים,45.00,100 גרם,false,,8.90,19.7778,true,1,94648
7290112358127,false,דנונה פרו 20 ג חלבון עם מגנזיום 200 גרם,מיוצר עי קונדיטוריית,IL,דנונה פרו 20 גר עם מ,גרמים,200.00,100 גרם,false,,6.80,3.4000,true,1,104621
7290112490209,false,נמס בכוס עגבניות קרוטונים ר.טבעי קנור 24X2ג',,IL,נמס בכוס מרק עגבניות,גרמים,56.00,100 גרם,false,,7.90,14.1071,true,1,10741
7290112490216,false,נמס בכוס טעם עוף קרוטונים ר.טבעי קנור 24X2ג',,IL,נמס בכוס בטעם עוף קר,יחידה,48.00,יחידה,false,,7.90,0.1646,true,1,10742
7290112492746,false,"מרכך פינוק אל דמע לסירוק קל לילדים 700 מ""ל",,IL,פינוק מרכך ילדים 700,מיליליטרים,700.00,"100 מ""ל",false,,12.90,1.8429,true,1,77489
7290112492999,false,מרק טעם עוף 400 גרם צנצנת קנור,יוניליוור ישראל מזון,IL,מרק טעם עוף קנור 400,גרמים,400.00,100 גרם,false,,17.80,4.4500,true,1,10816
7290112493873,false,קרקרים דג דג מלח 400 גרם,בייגל את בייגל מזון,IL,בייגל בייגל דג דג 40,גרמים,400.00,100 גרם,false,,15.70,3.9250,true,1,10832
7290112493927,false,גלידה בטעם ריבת חלב 1.33ל' קרמיסימו,"גלידת שטראוס בע""מ, ר",IL,קרמיסימו ריבת חלב 1.,ליטרים,1.33,ליטר,false,,21.90,16.4662,true,1,4419
7290112495006,false,כריות נוגט 686 גרם - קופסא,יוניליוור שפע ישראל,IL,"כריות נוגט תלמה בד""ץ",גרמים,686.00,100 גרם,false,,27.90,4.0671,true,1,10859
7290112495037,false,דגני בוקר בטעם שוקולד כדורים 375 ג' קוקומן,יוניליוור שפע ישראל,IL,קוקומן כדורים תלמה ב,גרמים,375.00,100 גרם,false,,22.90,6.1067,true,1,10862
7290112495150,false,נשנושים עגול מלוח 300ג' ב.בייגל,בייגל את בייגל מזון,IL,נשנושים עגול מלוח 30,גרמים,300.00,100 גרם,false,,13.90,4.6333,true,1,10868
7290112495167,false,נישנושים קרקר משולשי שומשום 300 גרם,בייגל את בייגל מזון,IL,נשנושים משולש שומשום,גרמים,300.00,100 גרם,false,,13.90,4.6333,true,1,10869
7290112495228,false,"קורנפלקס דבש תלמה 448 ג' בד""צ",יוניליוור שפע ישראל,IL,קורנפלקס דבש תלמה תל,גרמים,448.00,100 גרם,false,,18.90,4.2187,true,1,10871
7290112495433,false,דגני דליפקאן תוספת אגוזי פקאן ושקדים 400 גר,יוניליור שפע ישראל ב,IL,"דליפקאן תלמה בד""ץ 40",גרמים,400.00,100 גרם,false,,24.90,6.2250,true,1,10875
7290112495754,false,"רטבי הלמנס לסלט 300 מ""ל אלף האיים",יוניליוור ישראל מזון,IL,רוטב אלף האיים הלמנס,גרמים,305.00,100 גרם,false,,10.50,3.4426,true,1,54419
7290112495785,false,רוטב לסלט שום הלמנס 300ג,יוניליוור ישראל מזון,IL,רוטב שום הלמנס 300 ג,גרמים,300.00,100 גרם,false,,10.50,3.5000,true,1,54421
7290112495822,false,כריות בלאק מתכון חדש 686ג,יוניליוור שפע ישראל,IL,"כריות בלאק תלמה בד""ץ",גרמים,686.00,100 גרם,false,,30.90,4.5044,true,1,10878
7290112498274,false,"אל סבון לידיים לבנדר ווניל פינוק 950 מ""ל",יוניליוור ישראל טיפו,IL,אל סבון לידיים בניחו,מיליליטרים,950.00,"100 מ""ל",false,,12.90,1.3579,true,1,158550
7290112499189,false,"גלידת קרמיסימו חד קרן וניל תות, 1.33 ליטר","גלידת שטראוס בע""מ, ר",IL,קרמיסימו חד קרן בטעמ,ליטרים,1.33,ליטר,false,,21.90,16.4662,true,1,385207
7290112962652,false,"אסם אבקת מרק טעם עוף כשל""פ 800 גרם",,,מרק בטעם עוף אסם 800,גרמים,800.00,100 גרם,false,,12.90,1.6125,true,1,19309
7290112963918,false,פיטנס חטיפי קרקר דק רוזמרין 140 גרם,אסם,IL,פיטנס חטיפי קרקר דק,גרמים,140.00,100 גרם,false,,12.90,9.2143,true,1,19319
7290112965264,false,אוסם - מרק נמס אפונה זוג 26 גרם * 2,,IL,זוג מרק נמס אפונה בד,גרמים,30.00,100 גרם,false,,6.90,23.0000,true,1,19353
7290112965585,false,פרפקטו פסטה קסרצה 500 גרם,,IL,פסטה קסרצה פרפקטו 50,גרמים,500.00,100 גרם,false,,7.90,1.5800,true,1,19361
7290112965783,false,אוסם - ביסלי פריסטייל על האש 60 גרם,"אסם השקעות בע""מ",IL,ביסלי פריסטייל על הא,גרמים,60.00,100 גרם,false,,4.90,8.1667,true,1,157197
7290112965868,false,קרם קרקר במליחות מעודנת 250 גרם אסם,,IL,אסם קרם קרקר במליחות,גרמים,250.00,100 גרם,false,,10.90,4.3600,true,1,19366
7290112966780,false,צבר טחינה בלאדי עם חציל קלוי 350 גרם,שוורצקוף& הנקל דיסלד,IL,צבר טחינה בלאדי עם ח,גרמים,350.00,100 גרם,false,,15.90,4.5429,true,1,20046
7290112967138,false,בייגלה שמיניות ללא גלוטן 250 גרם אסם,מיוצר עי קונדיטוריית,IL,אסם בייגלה שמיניות ל,גרמים,250.00,100 גרם,false,,14.90,5.9600,true,1,19385
7290112968685,false,חומוס גרגרים רכים בטבילה צבר 400 גרם,שוורצקוף& הנקל דיסלד,IL,חומוס גרגרים בטבילה,גרמים,400.00,100 גרם,false,,14.90,3.7250,true,1,20058
7290112968807,false,פיטנס - קרקר דק סלק 140 גרם,מפעל אסם יקנעם,IL,פיטנס קרקר דק סלק 14,גרמים,140.00,100 גרם,false,,12.90,9.2143,true,1,116973
7290112968821,false,פיטנס - קרקר דק בטטה 140 גרם,מפעל אסם יקנעם,IL,פיטנס קרקר דק בטטה 1,גרמים,140.00,100 גרם,false,,12.90,9.2143,true,1,116974
7290113192300,false,זיתים מושחרים חרוזית 275 גרם בית השיטה,,IL,זיתים חרוזית מושחר ב,גרמים,275.00,100 גרם,false,,12.90,4.6909,true,1,19408
7290113192317,false,טבעות זיתים מושחרים 280 גרם בית השיטה,,IL,טבעות זיתים מושחרים,גרמים,280.00,100 גרם,false,,12.90,4.6071,true,1,19409
7290113192331,false,בית השיטה זית ירוק גדול א2 12*340ג חדש,,IL,זיתים ירוק גדול בית,גרמים,340.00,100 גרם,false,,11.50,3.3824,true,1,19411
7290113192348,false,בית השיטה זית ירוק ט.שום 17-19 א2 340גר',,IL,זית ירוק שום 17-19בי,גרמים,560.00,100 גרם,false,,11.90,2.1250,true,1,19412
7290113192355,false,חרוזית זיתים ירוקים ללא גלעין 275 ג' בית השיטה,,IL,זיתים חרוזית ירוק בי,גרמים,275.00,100 גרם,false,,10.90,3.9636,true,1,19413
7290113192362,false,זיתים ירוקים טבעות A2 בית השיטה 280 גרם,,IL,טבעות זיתים ירוקים ב,גרמים,280.00,100 גרם,false,,11.90,4.2500,true,1,19414
7290113192379,false,בית השיטה זיתים ירוקים מבוקעים א2 340גר',,IL,זיתים ירוקים מבוקעים,גרמים,340.00,100 גרם,false,,11.90,3.5000,true,1,19415
7290113192386,false,זיתים סורי מבוקע A2 בית השיטה 340ג',,IL,זית סורי מבוקע בית ה,גרמים,340.00,100 גרם,false,,12.90,3.7941,true,1,19416
7290113192393,false,קוקטייל זיתים A2 בית השיטה 336 גרם,,IL,קוקטייל זיתים בית הש,גרמים,336.00,100 גרם,false,,12.90,3.8393,true,1,19417
7290113192478,false,מלפפונים במלח 10-12 בית השטה 320 גרם,,IL,מלפפון במלח 10-12 בי,גרמים,320.00,100 גרם,false,,8.90,2.7813,true,1,19425
7290113192492,false,ב.הש.מלפ.חומץ ר.טבע.א2 17-13 12*290ג חדש,,IL,מלפפון בחומץ 13-17 ב,גרמים,290.00,100 גרם,false,,11.90,4.1034,true,1,19427
7290113192508,false,מלפפון במלח 17-13 בית השיטה 320 גרם,,IL,מלפפון במלח 13-17 בי,גרמים,320.00,100 גרם,false,,11.90,3.7188,true,1,19428
7290113192539,false,מלפפון במלח 7-9 בית השיטה 320 גר,,IL,מלפפון במלח 7-9 בית,גרמים,560.00,100 גרם,false,,7.90,1.4107,true,1,19431
7290113192553,false,מלפפונים במלח באלדי 13-17 בית השיטה 320ג,,IL,מלפפון במלח בלדי 13-,גרמים,320.00,100 גרם,false,,12.90,4.0313,true,1,19433
7290113192577,false,כרוב כבוש A2 בית השיטה 430 גרם,,IL,כרוב כבוש בית השיטה,יחידה,430.00,יחידה,false,,8.90,0.0207,true,1,19435
7290113192881,false,טורטיה חיטה מופחתת קלוריות 270 גרם,דין שיווק,TR,טורטיה חיטה מופחתת ק,גרמים,270.00,100 גרם,false,,10.00,3.7037,true,1,177283
7290113193017,false,קוקטייל זיתים 275 גרם בית השיטה,,IL,בית השיטה קוקטייל זי,גרמים,275.00,100 גרם,false,,15.90,5.7818,true,1,103402
7290113195172,false,בית השיטה רצועות קולורבי בתחמיץ 215 גרם,,IL,רצועות קולורבי בתחמי,גרמים,215.00,100 גרם,false,,7.90,3.6744,true,1,137430
7290113196414,false,"אורז בסמטי 1 ק""ג כחול מטאלי שקדיה",,IN,אורז בסמטי שקדיה 1 ק,קילוגרמים,1.00,"ק""ג",false,,10.50,10.5000,true,1,177333
7290113199842,false,מגש אירוח סוכריות גומי 700 ג' שקדיה,דין שיווק,IL,מגש אירוח סוכריות גו,גרמים,700.00,100 גרם,false,,32.90,4.7000,true,1,274639
7290113199927,false,סוכריות חמצוצים בטעם פירות 180 ג' שקדיה,דין שיווק,IL,סוכריות חמצוצים בטעם,גרמים,180.00,100 גרם,false,,10.90,6.0556,true,1,274644
7290113289208,false,צלחות מתכלות יהלום ג,,,צלחות מתכלות יהלום ג,יחידה,0.00,יחידה,false,,14.90,0.0000,true,1,216280
7290113289505,false,רדיד אלומיניום כוכבי,,,רדיד אלומיניום כוכבי,יחידה,0.00,יחידה,false,,34.90,0.0000,true,1,236002
7290113289543,false,כוסות שקופות 150 יחי,,,כוסות שקופות 150 יחי,יחידה,0.00,יחידה,false,,15.90,0.0000,true,1,271632
7290114310222,false,חלב טרה מועשר בסידן וויטמין 3% 1.5ל',מילקו תעשיות בעמ,IL,חלב מועשר בסידן 1.5,ליטרים,1.50,ליטר,false,,12.50,8.3333,true,1,78833
7290114310239,false,חלב טרה נטול לקטוז מועשר בוויטמין D 2% 1.5 ל',מילקו תעשיות בעמ,IL,חלב נטול לקטוז 1.5,ליטרים,1.50,ליטר,false,,12.50,8.3333,true,1,78821
7290114310338,false,צפתית מעודנת 5% 225 גר' משק צוריאל,משק צוריאל,IL,צפתית מעודנת 5% משק,גרמים,225.00,100 גרם,false,,19.00,8.4444,true,1,112167
7290114310383,false,Muller Froop מולר יוגורט מוקצף בטעם וניל 90 גרם,מילקו,IL,יוגורט מוקצף בטעם ונ,גרמים,97.00,100 גרם,false,,5.70,5.8763,true,1,385229
7290114310390,false,מולר קציפת יוגורט בטעם בננה לוטי 97 גרם,מילקו,IL,יוגורט מוקצף בטעם בנ,גרמים,97.00,100 גרם,false,,5.70,5.8763,true,1,385230
7290114310406,false,מולר פרופ יוגורט מוקצף בטעם תות 97 גרם,מילקו,IL,יוגורט מוקצף בטעם תו,גרמים,97.00,100 גרם,false,,5.70,5.8763,true,1,385231
7290114310536,false,יוגורט לייט מעושר בחלבון בטעם וניל מולר 200 ג',,IL,מולר אקטיב לייט יוגו,גרמים,25.00,100 גרם,false,,6.80,27.2000,true,1,137328
7290114310574,false,גבינת קרם שמנת עיזים 5% 200 גר',משק צוריאל,IL,גבינת קרם שמנת עיזים,גרמים,200.00,100 גרם,false,,15.60,7.8000,true,1,137235
7290114311328,false,חלב דל לקטוז מועשר בויטמין D 2% 1 ליטר,מילקו תעשיות בעמ,IL,חלב נטול לקטוז טרה 1,ליטרים,1.00,ליטר,false,,7.90,7.9000,true,1,385232
7290114311434,false,מולר אקטיב יוגורט בטעם קרמל מלוח 200 גרם,טרה,IL,מולר אקטיב בטעם קרמל,גרמים,200.00,100 גרם,false,,6.80,3.4000,true,1,385233
7290114311458,false,"חלב מועשר 3% וויטמין קרטון, 1 ל טרה",טרה,IL,קרטון חלב מועשר ויטמ,ליטרים,1.00,ליטר,false,,8.90,8.9000,true,1,379839
7290114311502,false,"משקה חלב בקבוק בטעם סחלב, 1 ליטר",מילקו תעשיות בעמ,IL,משקה חלב בטעם סחלב 1,ליטרים,1.00,ליטר,false,,12.30,12.3000,true,1,409707
7290114600941,false,מיונז מאסטר שף מיונז לחיץ 435 ג',רמיה סי.וי,NL,מאסטר שף מאסטר שף מ,גרמים,435.00,100 גרם,false,,14.90,3.4253,true,1,82569
7290114600996,false,"רוטב שום מאסטר שף 250 מ""ל",REMIA,NL,מאסטר שף רוטב שום 25,מיליליטרים,250.00,"100 מ""ל",false,,10.90,4.3600,true,1,82593
7290114603041,false,"פרי גרנולה בוטנים אגוזים וקוקוס, 300 ג'","אפקט טבעי בע""מ",IL,פרי גרנולה בוטנים אג,גרמים,300.00,100 גרם,false,,15.90,5.3000,true,1,109153
7290114604857,false,"דפי אורז מאסטר שף קוטר 22 ס""מ 400 גרם",,,דפי אורז קוטר 22 כשל,גרמים,400.00,100 גרם,false,,9.90,2.4750,true,1,123920
7290114604901,false,ממרח שום לחיץ מאסטר שף 444 גרם,Remia,NL,מאסטר שף ממרח שום לח,גרמים,242.00,100 גרם,false,,14.90,6.1570,true,1,138690
7290115190014,false,סיגריות מרלבורו רד קצר בוקס,פיליפ מוריס,,סיגריות מרלבורו חפי,יחידה,0.00,יחידה,false,,36.50,0.0000,false,1,100620
7290115190076,false,סיגריות מרלבורו גולד ארוך 100 בוקס,פיליפ מוריס,,סיגריות מרלבורו חפי,יחידה,0.00,יחידה,false,,36.50,0.0000,false,1,107986
7290115190090,false,סיגריות מרלבורו גולד קצר בוקס,פיליפ מוריס,,סיגריות מרלבורו חפי,יחידה,0.00,יחידה,false,,36.50,0.0000,false,1,100637
7290115190137,false,מלבורו פיין טאצ 7.1 חפיסה,פיליפ מוריס,,מרלבורו פיין טאצ בוד,יחידה,0.00,יחידה,false,,32.50,0.0000,false,1,100622
7290115190151,false,מלבורו גולד טאצ 7.1 חפיסה,פיליפ מוריס,,מרלבורו גולד טאצ בוד,יחידה,0.00,יחידה,false,,32.50,0.0000,false,1,100606
7290115190335,false,ל.מ.בלו לייבל ארוך בוקס חפיסה,פיליפ מוריס,,אל אם בלו ארוך,יחידה,0.00,יחידה,false,,33.00,0.0000,false,1,143149
7290115190359,false,L&M בלו לייבל קצר-חפיסה,פיליפ מוריס,,אל אם בלו לייבל קצר,יחידה,0.00,יחידה,false,,33.00,0.0000,false,1,93627
7290115190434,false,סיגריות LM לייט וייב סלימס,פיליפ מוריס,IL,אל אם וייב סלימס,יחידה,0.00,יחידה,false,,33.00,0.0000,false,1,93642
7290115190519,false,סיגריות נקסט פיין חפ,פיליפ מוריס,,סיגריות נקסט (בודד),יחידה,0.00,יחידה,false,,31.50,0.0000,false,1,100592
7290115190571,false,סיגריות נקסט לילךPP,פיליפ מוריס,,סיגריות נקסט (בודד),יחידה,0.00,יחידה,false,,31.50,0.0000,false,1,93611
7290115190892,false,מרלבורו פיוזן קפסולה חפיסה,פיליפ מוריס,IL,סיגריות מרלבורו פיוז,יחידה,0.00,יחידה,false,,30.00,0.0000,false,1,157239
7290115190977,false,מרלבורו טאצ' אדום קופסא,פיליפ מוריס,TR,מרלבורו טאצ אדום בוד,יחידה,0.00,יחידה,false,,32.50,0.0000,false,1,375113
7290115191035,false,מרלבורו סאמר ספלאש קופסא,פיליפ מוריס,RS,מרלבורו סאמר ספלאש ב,יחידה,0.00,יחידה,false,,32.50,0.0000,false,1,378016
7290115200003,false,אסם פתי בר פינוקי וניל 220 גרם,תאי פרזידנט פוד פאבל,PL,פתי בר פינוקי וניל 2,גרמים,220.00,100 גרם,false,,9.90,4.5000,true,1,109395
7290115200027,false,אסם פתי בר פינוקי שוקו 220 גרם,DR GERARD,IL,פתי בר פינוקי שוקו 2,גרמים,220.00,100 גרם,false,,9.90,4.5000,true,1,109396
7290115200713,false,במבה קלאסי מארז אחיד 8 50*5 ג',,IL,מארז במבה קלאסי אסם,גרמים,250.00,100 גרם,false,,12.90,5.1600,true,1,111394
7290115201031,false,אסם פתי בר דובי שוקולד 175 גרם,טרופיקל דגיל תעשיות,IL,אסם פתיבר דובי שוקול,גרמים,175.00,100 גרם,false,,11.90,6.8000,true,1,137467
7290115202816,false,מנה חמה פאוצ נדלס.אטר.טעם עוף 70 גרם,,,מנה חמה פאוצ' נדלסאט,גרמים,70.00,100 גרם,false,,4.90,7.0000,true,1,137415
7290115204056,false,אסם קטשופ 56% פחות סוכר 690 גרם,אסם,IL,אסם קטשופ מופחת סוכר,גרמים,690.00,100 גרם,false,,10.90,1.5797,true,1,144582
7290115205176,false,פיטנס - קרקר דק כפרי פיטנס 140 גרם,אסם יקנעם,IL,פיטנס קרקר THIN כפרי,גרמים,140.00,100 גרם,false,,12.90,9.2143,true,1,203648
7290115205312,false,פיטנס - קרקר דק זיתי קלמטה 140 גרם,"אסם השקעות בע""מ",IL,פיטנס קרקר Thin Deli,גרמים,140.00,100 גרם,false,,12.90,9.2143,true,1,346476
7290115207309,false,אסם אינסטנט פודינג טרמיסימו 70 גרם,,IL,אסם פודינג אינסטנט ט,גרמים,70.00,100 גרם,false,,6.50,9.2857,true,1,308966
7290115207484,false,"""המעדניה"" צבר חציל על האש 400 גרם",ג'נרל מילס סאן אדריא,IL,חציל על האש היתר צבר,גרמים,400.00,100 גרם,false,,16.90,4.2250,true,1,248710
7290115208009,false,ויטמינצ'יק תרכיז ענבים 1 ליטר,בית-השיטה עסיס תעשיו,IL,ויטמינצ'יק ענבים 1 ל,ליטרים,1.00,ליטר,false,,23.50,23.5000,true,1,259207
7290115208047,false,ויטמינצ'יק תרכיז פטל 1 ליטר,בית-השיטה עסיס תעשיו,IL,ויטמינצ'יק פטל 1 ליט,ליטרים,1.00,ליטר,false,,23.50,23.5000,true,1,259208
7290115208320,false,אפרופו בטעם ביסלי בצל 50ג' אסם,"אסם השקעות בע""מ",IL,אפרופו בטעם ביסלי בצ,גרמים,50.00,100 גרם,false,,5.50,11.0000,true,1,383322
7290115209198,false,במבה אורירית 80 ג' אסם,אסם השקעות בעמ,IL,במבה אורירית 80 גרם,גרמים,80.00,100 גרם,false,,4.90,6.1250,true,1,350582
7290115403459,false,עוגיות נסיכה בטעם תו,,,עוגיות נסיכה בטעם תו,גרמים,500.00,100 גרם,false,,17.90,3.5800,true,1,321253
7290115403480,false,עוגיות בסגנון מרוקאי,,,עוגיות בסגנון מרוקאי,גרמים,500.00,100 גרם,false,,17.90,3.5800,true,1,321256
7290115671155,false,שלישיית סוכריות FRESH ענבים 45 ג' בזוקה,,,שלישיית סוכריות בזוק,גרמים,45.00,100 גרם,false,,8.90,19.7778,true,1,243161
7290115671223,false,מאסט פאן מסטיק אבטיח מנגו 58 גרם,אסקום קונפקשיין,DE,מסטיק קוביות ללא סוכ,גרמים,58.00,100 גרם,false,,11.50,19.8276,true,1,243175
7290115671346,false,מיני פינוקיות טופי קרמל מלוח 180 ג' עלית,הגביע מוצרי ופלים בע,IL,מיני פינוקיות במילוי,גרמים,180.00,100 גרם,false,,11.90,6.6111,true,1,166250
7290115675559,false,מארז קפה טורקי לדרך 70ג' עלית,שטראוס קפה בי.וי.,IL,מארז קפה טורקי לדרך,גרמים,70.00,100 גרם,false,,7.90,11.2857,true,1,117243
7290115675696,false,קוואקר אגוזים 375 גר 6 יח Cruesli,וויטפול,IL,דגני בוקר קוואקר שיב,גרמים,375.00,100 גרם,false,,20.90,5.5733,true,1,161133
7290115676037,false,דנונה ריפרש תות דומדמניות 250 גרם,מיוצר עי קונדיטוריית,IL,דנונה ריפרש יוגורט ע,גרמים,250.00,100 גרם,false,,5.90,2.3600,true,1,145686
7290115676082,false,משקה יוגורט בטעם תות פרו 20 דנונה 255 ג',"שטראוס בריאות בע""מ.",IL,משקה יוגורט עם חלבון,גרמים,255.00,100 גרם,false,,7.90,3.0980,true,1,145722
7290115676099,false,משקה יוגורט בטעם וניל פרו 20 דנונה 255 ג',"שטראוס בריאות בע""מ.",IL,משקה יוגורט עם חלבון,גרמים,265.00,100 גרם,false,,7.90,2.9811,true,1,145688
7290115678376,false,מעדן הגולן שוקולד 125 גרם,מיוצר עי קונדיטוריית,IL,מעדן הגולן מעדן חלב,גרמים,125.00,100 גרם,false,,3.70,2.9600,true,1,167749
7290115678383,false,מעדן הגולן שוקולד מריר 125 גרם,מיוצר עי קונדיטוריית,IL,מעדן הגולן מעדן חלב,גרמים,125.00,100 גרם,false,,3.70,2.9600,true,1,167762
7290116270715,false,פילה ברבוניה ארוז בו,,,פילה ברבוניה ארוז בו,יחידה,0.00,יחידה,false,,29.90,0.0000,true,1,281616
7290116533032,false,"פינוק - מארז סבון נוזלי 700 מ""ל * 2",,,מארז זוג תחליב רחצה,ליטרים,1.40,ליטר,false,,20.90,14.9286,true,1,360026
7290116533063,false,דגני בוקר שוגי קרטיב ענבים 400 גרם,,IL,שוגי דגני בוקר בטעם,גרמים,400.00,100 גרם,false,,23.90,5.9750,true,1,351196
7290116930626,false,ארוחה בקטנה ציזיקי עם קרקרים 150ג' תנובה,תנובה,IL,ציזיקי עם קרקרים תנו,גרמים,150.00,100 גרם,false,,7.90,5.2667,true,1,372790
7290116930657,false,משקה חלב גו בטעם בננה תמר עם ש. שועל 340,"תנובה בע""מ",IL,משקה GO בננה תמר עם,מיליליטרים,340.00,"100 מ""ל",false,,7.90,2.3235,true,1,395307
7290116931074,false,פרוסות טל העמק 32% שומן 300 גרם,"תנובה בע""מ",IL,גבינת טל העמק 32% שו,גרמים,300.00,100 גרם,false,,26.90,8.9667,true,1,385356
7290117260562,false,EURO חמאה בגביע 225 גרם,,TR,חמאה בגביע יורו 225,גרמים,225.00,100 גרם,false,,16.90,7.5111,true,1,396137
7290117261354,false,גבינת ריקוטה 200 גרם 5%שומן מחלבת אירופה,באלבן גידה סנאי,TR,גבינת ריקוטה 5% שומ,גרמים,200.00,100 גרם,false,,9.90,4.9500,true,1,371020
7290117261521,false,סלמון אטלנטי בשמן קנולה וילי פוד 120 גר,,LV,סלמון אטלנטי בשמן קנ,גרמים,120.00,100 גרם,false,,10.90,9.0833,true,1,379755
7290117380864,false,עוגות בראוניס אישיות בטעם שוקולד 120 ג' סלים דליס פייבר,הלמה הלום,NL,סלים דליס פייבר - עו,גרמים,120.00,100 גרם,false,,13.90,11.5833,true,1,351170
7290117380871,false,עוגות אישיות בטעם אוכמניות 120 ג' סלים דליס פייבר,הלמה הלום,NL,סלים דליס פייבר - עו,גרמים,120.00,100 גרם,false,,13.90,11.5833,true,1,351155
7290118420071,false,במבה ביסלי ברביקיו מיקס 80ג' אסם,"אסם השקעות בע""מ",IL,במבה ביסלי ברביקיו מ,גרמים,80.00,100 גרם,false,,4.90,6.1250,true,1,383057
7290118420477,false,אסם בייגלה שטוחים בטעם ביסלי בצל 300 גר,אסם,IL,בייגלה שטוחים בטעם ב,גרמים,300.00,100 גרם,false,,11.90,3.9667,true,1,383308
7293556389962,true,שום לבן (סולו) ארוז,,,שום לבן (סולו) ארוז,גרמים,250.00,100 גרם,false,,9.90,3.9600,true,1,80369
7297488099968,false,מלוחה 16% טבעונית 250 גרם,"טרופיקל דגיל בע""מ אז",IL,מלוחה 16% מרכיבים צמ,גרמים,250.00,100 גרם,false,,19.90,7.9600,true,1,186111
7394376615825,false,"אוטלי משקה שיבולת שועל בתוספת סידן וויטמינים , 1 ל'",,SE,משקה שיבולת שועל מוע,ליטרים,1.00,ליטר,false,,15.90,15.9000,true,1,78725
7394376616778,false,"אוטלי משקה שיבולת שועל להקצפה בריסטה , 1 ל'",,SE,משקה שיבולת שועל להק,ליטרים,1.00,ליטר,false,,17.90,17.9000,true,1,78727
7500162900000,false,"בירה סול 330 מ""ל בקבוק",היינקן,NL,"בירה סול 330 מ""ל בוד",מיליליטרים,330.00,"100 מ""ל",false,,6.90,2.0909,true,1,214877
7501013122039,false,ג'ומקס נקטר מנגו קרטונית 1 ליטר,חומקס קומר קומרסאליז,MX,ג'ומקס נקטר מנגו קרט,ליטרים,1.00,ליטר,false,,10.90,10.9000,true,1,39355
7501013122992,false,ג'ומקס משקה קוקוס אננס קרטונית 1 ליטר,חומקס קומר קומרסאליז,MX,ג'ומקס משקה קוקוס אנ,ליטרים,1.00,ליטר,false,,10.90,10.9000,true,1,39359
7501064191398,false,"שישיית בירה קורונה 355 מ""ל בקבוק",קריניציה ויטמינה אס,MX,קורונה מארז שישיה 6*,ליטרים,2.13,ליטר,false,,39.90,18.7324,true,1,29595
7610100034084,false,שפורפרת מיונז טומי 265 גרם,נסטלה שוויץ ס.א,,מיונז טומי 265 גרם,גרמים,265.00,100 גרם,false,,15.90,6.0000,true,1,12823
7610113011652,false,"בקרדי בריזר תפוח 275 מ""ל",בקרדי בעמ,BE,בקרדי בריזר תפוח 275,מיליליטרים,275.00,"100 מ""ל",false,,14.90,5.4182,true,1,78238
7610400014649,false,לינדט שוקולד חלב 100 גרם,לינדט ושפרונגלי,,לינדט לינדור שוק.חלב,גרמים,100.00,100 גרם,false,,17.90,17.9000,true,1,13810
7610400091060,false,לינדט שוקולד אקסלנס אורנגי 100 גרם,לינדט ושפרונגלי,,לינדט מריר אקסלנס תפ,גרמים,100.00,100 גרם,false,,17.90,17.9000,true,1,69980
7613030979647,false,דגני בוקר טריקס פירות עולם היורה 480 ג',ג'נרל מילס סאן אדריא,IL,דגני בוקר טריקס 480,גרמים,480.00,100 גרם,false,,27.90,5.8125,true,1,19438
7613032045753,false,פיטנס - דגני בוקר שוקולד 375 גרם,הנסיך- מפעל לייצור ט,FR,דגני פיטנס שוקולד נס,גרמים,375.00,100 גרם,false,,22.90,6.1067,true,1,19444
7613033548192,false,פיטנס - דגני בוקר שוקולד מריר 375 גרם,הנסיך- מפעל לייצור ט,FR,דגני בוקר פיטנס שוקו,גרמים,375.00,100 גרם,false,,22.90,6.1067,true,1,19461
7613037686906,false,פיטנס - דגני בוקר שקדים ודבש 355 גרם,הנסיך- מפעל לייצור ט,FR,פיטנס שקדים ודבש נסט,גרמים,355.00,100 גרם,false,,22.90,6.4507,true,1,19537
7613287155894,false,"גרבר - מחית אפרסק כל""פ פאוץ 90 גרם",,,מחית אפרסק גרבר פאוץ,גרמים,90.00,100 גרם,false,,6.90,7.6667,true,1,127100
7613287325853,false,אוסם - דיפ אנד ספרד מטבל איולי ספייסי 295 גרם,נסטלה פולין,PL,רוטב ספייסי איולי לח,גרמים,295.00,100 גרם,false,,15.90,5.3898,true,1,204395
7613287394323,false,אסם מולטי צ'יריוס 14*600 גרם 2021,CPU,GB,מולטי צ'יריוס 100% ד,גרמים,600.00,100 גרם,false,,22.90,3.8167,true,1,154061
7622010001858,false,אוראו ממולאות קרם וניל באטמן 176 גרם,פי אר ג'יי אס אי מנד,UA,עוגיות אוראו סנדביץ,גרמים,176.00,100 גרם,false,,9.90,5.6250,true,1,5137
7622201139278,false,גבינת שמנת 27% שומן 150 ג' פילדלפיה,מונדלייז,ES,פילדלפיה גבינת שמנת,גרמים,150.00,100 גרם,false,,15.90,10.6000,true,1,17203
7622201801809,false,מילקה- שוק' חלב עם אגוזים 100 גר' חדש,מנדלז דויצ'לנד סנקס,DE,מילקה שוקוד חלב עם א,גרמים,100.00,100 גרם,false,,6.90,6.9000,true,1,167499
7622201802363,false,שוקולד מילקה טבלה חלב צימוקים ואגוזים 100ג',מנדלז דויצ'לנד סנקס,DE,מילקה שוקולד חלב עם,גרמים,100.00,100 גרם,false,,6.90,6.9000,true,1,167500
7622201802394,false,שוקולד מילקה חלב מסרונים 100 גרם,מנדלז דויצ'לנד סנקס,DE,מילקה שוקולד חלב 100,גרמים,100.00,100 גרם,false,,6.90,6.9000,true,1,167486
7622201808631,false,אוראו מיני כוסות בטעם וניל 67 גרם,פי.טי. מונדלז אינדונ,ID,אוראו מיני כוסות בטע,גרמים,67.00,100 גרם,false,,9.90,14.7761,true,1,172974
7622300270506,false,מילקה גריינס - עוגיות שיבולת שועל מצופות שוקולד 168 ג',מונדלז פולסקה פרודקש,PL,מילקה גריינס עוגיות,גרמים,168.00,100 גרם,false,,14.90,8.8690,true,1,5165
7622300489434,false,"עוגיות אוראו פאדג' בציפוי שוקולד חלב, 246 גרם",מנדלז אספנה גאלטס פר,ES,אוראו פאג שוקולד חלב,גרמים,246.00,100 גרם,false,,17.90,7.2764,true,1,5171
7630477891691,false,סטארבקס - קפסולות קולומביה 57 גרם * 10,,,סטארבקס קפסולות קולו,גרמים,57.00,100 גרם,false,,22.90,40.1754,true,1,97389
7702018978106,false,"ג'ילט - דאודורנט ג'ל לגבר ארטיק אייס 70 מ""ל",פרוקטר אנד גמבל,PL,דאו' קליר ג'ל ארקטיק,מיליליטרים,70.00,"100 מ""ל",false,,15.90,22.7143,true,1,27341
7702174068826,false,לקקן יוגטה בטעם פירות 12 יח 204 גרם,אלדור,CO,יוגטה לקקן חדש 12יח,גרמים,216.00,100 גרם,false,,11.90,5.5093,true,1,42020
7897654496197,true,חנוכייה מתכת,,,חנוכייה מתכת,יחידה,0.00,יחידה,false,,19.90,0.0000,true,1,194701
8000040001106,false,"קאמפרי ביטר אפרטיף 700 מ""ל",קמפרי,,"קמפרי 700 מ""ל כשל""פ",מיליליטרים,700.00,"100 מ""ל",false,,99.90,14.2714,true,1,51339
8000070003774,false,קפסולות אספרסו לוואצה אינטנסו 13 16 יח,,,קפסולת LAVAZZA INTEN,גרמים,120.00,100 גרם,false,,29.90,24.9167,true,1,385258
8000215204653,false,ויטסי - משקה סויה או,בטר אנד דיפרנט,IT,משקה סויה 1 ליטר -,ליטרים,1.00,ליטר,false,,14.50,14.5000,true,1,105093
8000380003723,false,גרנד פטיסרי עוגיות וופל אגוזים 100ג',קריניציה ויטמינה אס,IT,גרנד פטיסרי ופל אגוז,גרמים,100.00,100 גרם,false,,12.90,12.9000,true,1,12828
8000380003761,false,וופל גרנדה פטיסרי קוקוס שוקולד 100ג',קריניציה ויטמינה אס,IT,גרנד פטיסרי ופל קוקו,גרמים,100.00,100 גרם,false,,12.90,12.9000,true,1,12830
8000380004676,false,וופל לואקר קוביות וניל 200ג',"א. לואקר, קונפקט ג'י",AT,לואקר וופל קרם וניל,גרמים,200.00,100 גרם,false,,13.90,6.9500,true,1,12834
8000380004911,false,וופל קוארדטיני לואקר קוביות אגוז 250ג'',קריניציה ויטמינה אס,AT,וופל קואדרטיני אגוז,גרמים,250.00,100 גרם,false,,14.90,5.9600,true,1,12836
8000380004966,false,וופל קוארדטיני לואקר קוביות שוקולד 250ג',קריניציה ויטמינה אס,AT,וופל קואדרטיני קקאו,גרמים,250.00,100 גרם,false,,14.90,5.9600,true,1,12839
8000380007257,false,וופל גרנדה מצופה שוקולד 200ג',קריניציה ויטמינה אס,IT,.וופל מצופה שוקולד ג,גרמים,200.00,100 גרם,false,,14.90,7.4500,true,1,12847
8000380106028,false,טורטינה לואקר וופל שוקולד ואגוזים שישיה 125ג',קריניציה ויטמינה אס,IT,1/6 טורטינה אורגינל,גרמים,125.00,100 גרם,false,,17.90,14.3200,true,1,12851
8000380144044,false,וופל גרדנה לואקר שוקולד 200ג',"א. לואקר , AG/SpA, ו",IT,וופל גרדנה שוקולד 20,גרמים,200.00,100 גרם,false,,14.90,7.4500,true,1,12854
8000380180745,false,לואקר קוביות וופל קקאו עם קרם חלבי 250 ג,"א. לואקר, קונפקט ג'י",AT,וופל קואדרטיני לואקר,גרמים,250.00,100 גרם,false,,14.90,5.9600,true,1,12878
8000380187119,false,עוגיות במילוי קרם אגוזי לוז לואקר 100 גר,לואקר,AT,עוגיות לואקר אגוזי ל,גרמים,100.00,100 גרם,false,,15.90,15.9000,true,1,101879
8000500009673,false,בונבוניירה פררו רושה 300 גרם,קדבורי,IT,רושר בונבוניירה 300,גרמים,300.00,100 גרם,false,,47.90,15.9667,true,1,41404
8000500018828,false,קינדר אצבעות שוקולד חצי מטר 300 גר,קדבורי,IT,שוקולד חצי מטר קינדר,גרמים,300.00,100 גרם,false,,21.90,7.3000,true,1,41407
8000500023624,false,שוקולד הפי היפו חטיף קינדר מארז 20.5X5ג',קדבורי,DE,הפי היפו 5*20ג,גרמים,102.00,100 גרם,false,,13.90,13.6275,true,1,41408
8000500023976,false,בונבוניירה רפאלו 150 גרם,פררו,PL,בונבוניירת רפאלו 150,גרמים,150.00,100 גרם,false,,17.90,11.9333,true,1,41409
8000500028124,false,"קינדר ג'וי, שלישיה 3 * 20 גרם",,ZA,קינדר ג'וי 3*20 גרם,גרמים,60.00,100 גרם,false,,16.90,28.1667,true,1,402562
8000500029350,false,קינדר בואנו חטיף מארז שלישייה 129ג',פררו,IT,קינדר בואנו 3*43 גרם,גרמים,129.00,100 גרם,false,,11.90,9.2248,true,1,41411
8000500037874,false,בונבוניירה פררו רושה 200 גרם,פררו,IT,בונבוניירת רושר 200ג,גרמים,200.00,100 גרם,false,,29.90,14.9500,true,1,41414
8000500071083,false,שוקולד אצבעות קינדר חלב 200 ג',קדבורי,IT,קינדר אצבעות שוקולד,גרמים,200.00,100 גרם,false,,14.50,7.2500,true,1,41416
8000500227848,false,נוטלה - בי רדי אצבעות ביסקוויט במילוי שוקולד 6 יח' * 22 גרם,,IT,'וופל מלוח במילוי ממ,גרמים,132.00,100 גרם,false,,12.90,9.7727,true,1,41435
8000500249352,false,קינדר בואנו מיני מיקס שקית 205 ג',קדבורי,PL,קינדר בואנו מיני מיק,יחידה,0.00,יחידה,false,,20.90,0.0000,true,1,41443
8000500267103,false,קינדר דליס שוקול' אישי מארז 10 יח' 420 גר',,IT,פררו-קינדר דליס עשיר,יחידה,0.00,יחידה,false,,21.90,0.0000,true,1,41449
8000500269169,false,קינדר קארדס חמישייה 128 גרם,פררו,IT,קינדר קארדס 128 גרם,גרמים,128.00,100 גרם,false,,12.90,10.0781,true,1,111095
8000500294345,false,רושר איש שלג שוקולד חלב ואגוזי לוז 90 גר,,PL,פררו איש שלג 90 גרם,גרמים,90.00,100 גרם,false,,14.90,16.5556,true,1,36699
8000500310397,true,ביסקוויטים במילוי נו,,,ביסקוויטים במילוי נו,גרמים,166.00,100 גרם,false,,14.90,8.9759,true,1,404349
8000500360262,false,"קינדר ""חנוכיה"" 135 גרם",,PL,קינדר חנוכיה 135 גרם,גרמים,135.00,100 גרם,false,,17.90,13.2593,true,1,102018
8000500366073,true,ביסקוויטים במילוי נו,,,ביסקוויטים במילוי נו,גרמים,276.00,100 גרם,false,,22.90,8.2971,true,1,404336
8001003100164,false,יוגטה סוכריות גילי בטעם פירות 450 גר,,,יוגטה סוכריות ג'לי פ,גרמים,450.00,100 גרם,false,,11.90,2.6444,true,1,42038
8001090184375,false,"נוזל כלים פיירי 900 מ""ל ירוק אורגינל",,GB,פיירי נוזל כלים פלטי,מיליליטרים,900.00,"100 מ""ל",false,,14.90,1.6556,true,1,326049
8001090336606,false,טיטולי פמפרס בייבי דריי מידה 6 26 יח',פרוקטר אנד גמבל,DE,פמפרס בייבי דריי מיד,יחידה,0.00,יחידה,false,,33.90,0.0000,true,1,27377
8001160001786,false,"משקה אנרגיה גטורייד ספורט כחול 500מ""ל",סאן בנדטו אס פי איי,IT,גטורייד ספורט כחול 5,יחידה,500.00,יחידה,false,,10.40,0.0208,true,1,39370
8001841096889,false,"פיירי לכלים לימון קלאסי לבן 900 מ""ל",,,פיירי קלאסיק לימון 9,מיליליטרים,900.00,"100 מ""ל",false,,8.90,0.9889,true,1,27471
8001841566771,false,לנור כדוריות הבושם בניחוח יסמין 210 ג',,GB,לנור כדוריות הבושם ב,גרמים,210.00,100 גרם,false,,32.90,15.6667,true,1,98567
8001841625188,false,"נוזל כלים פיירי פלטינום לימון 515 מ""ל",פרוקטר אנד גמבל,GB,פיירי נוזל כלים פלטי,מיליליטרים,515.00,"100 מ""ל",false,,10.90,2.1165,true,1,70916
8001841663654,false,"פיירי נוזל כלים אקסטרה 650 מ""ל - צהוב",,,פיירי נוזל כלים 650,מיליליטרים,650.00,"100 מ""ל",false,,10.90,1.6769,true,1,380010
8001841941929,false,תחבושות אולוויז וליו פק לילה אקסטרא,,DE,אולוויז וליו פק לילה,יחידה,0.00,יחידה,false,,23.90,0.0000,true,1,276696
8001943549122,false,"צ'וקטה מטבעות שוקולד חלב, 40 גרם",,,צ`וקטה מטבעות שוקולד,גרמים,40.00,100 גרם,false,,4.90,12.2500,true,1,42044
8003477500044,false,"פרימלוצ'י ספגטי מ""ס",,,"פרימלוצ'י ספגטי מ""ס",גרמים,500.00,100 גרם,false,,5.90,1.1800,true,1,378808
8003477500051,false,"פרימלוצ'י ספגטי מ""ס",,,"פרימלוצ'י ספגטי מ""ס",גרמים,500.00,100 גרם,false,,5.90,1.1800,true,1,378809
8003477500365,false,פרימלוצ'י קונקילייה,,,פרימלוצ'י קונקילייה,גרמים,500.00,100 גרם,false,,5.90,1.1800,true,1,378811
8004030177000,false,טונה בשמן זית וצ'ילי ריו מרה מארז 80X3 גר',,IT,טונה בשמן זית עם צ'י,גרמים,240.00,100 גרם,false,,28.90,12.0417,true,1,21870
8004030344938,false,טונה בשמן זית ריו מרה שלישיה * 80 ג',"בולטון אלימנטרי בע""מ",IT,טונה בשמן זית ריו מר,גרמים,240.00,100 גרם,false,,28.90,12.0417,true,1,21873
8004030381681,false,טונה בשמן זית ריו מרה זוגות * 160 ג',,,טונה בשמן זית ריו מר,גרמים,320.00,100 גרם,false,,34.90,10.9062,true,1,21876
8004800000071,false,לאגו פלאסיר- גלילי ופל במילוי קרם אגוזי לוז שוקולד חלב - 100 ג',לאגו,IT,לאגו פלאסיר- גלילי ו,גרמים,100.00,100 גרם,false,,10.90,10.9000,true,1,381870
8004800005502,false,וופל מיני רול גלילי ופל במילוי קרם קקאו- 125 ג' לאגו,לגו גרופ ס.פ.א.,IT,לאגו מיני רול- גלילי,גרמים,125.00,100 גרם,false,,9.90,7.9200,true,1,381856
8004800005519,false,וופל רול גלילי במילוי קרם אגוזי לוז- 125 ג' לאגו,לגו גרופ ס.פ.א.,IT,לאגו מיני רול- גלילי,גרמים,125.00,100 גרם,false,,9.90,7.9200,true,1,381857
8005200256587,false,משקה תה בטעם אפרסק 1.5ל' NESTEA,מפעל סאנפלגרינו S.P.,IT,נסטי אפרסק 1.5 ליטר,ליטרים,1.50,ליטר,false,,8.90,5.9333,true,1,202996
8006540592465,false,אולוויז תחבושות לונג 24 יח,פרוקטר,DE,תחבושות אולוויז סגול,100 יח',16.00,100 יח',false,,19.90,124.3750,true,1,385844
8008660210038,false,מעדן ריבה מנץ אנד גאססר תות שדה 300 גר,קריניציה ויטמינה אס,IT,מעדן תות שדה 300 גר`,גרמים,300.00,100 גרם,false,,17.90,5.9667,true,1,24827
8008912010034,false,ספגטי ליגורי 500 גר',,,פסטה ספגטי מספר 3 -,גרמים,500.00,100 גרם,false,,8.90,1.7800,true,1,350362
8008912010300,false,פסטה פרפלה ליגורי 500 גר',,,פסטה פרפלה מספר 30 -,גרמים,500.00,100 גרם,false,,8.90,1.7800,true,1,350365
8008912010317,false,פסטה פוזלי ליגורי 500 גר',,,פסטה פוזלי מספר 31 -,גרמים,500.00,100 גרם,false,,8.90,1.7800,true,1,350366
8008912010331,false,פסטה ניוקטי סרדי בצורת קונכיות LIGUORI,,,פסטה ניוקטי סרדי בצו,גרמים,500.00,100 גרם,false,,8.90,1.7800,true,1,388669
8008912010423,false,פסטה פנה ריגטה מספר 42 LIGUORI,,,פסטה פנה ריגטה מספר,גרמים,500.00,100 גרם,false,,8.90,1.7800,true,1,350367
8023788030610,false,שוקולד חלב 300 גרם,,,שוקולד חלב 300 גרם,גרמים,300.00,100 גרם,false,,17.90,5.9667,true,1,385532
8023788030634,false,שוקולד חלב עם שברי א,,,שוקולד חלב עם שברי א,גרמים,300.00,100 גרם,false,,17.90,5.9667,true,1,385847
8023788030658,false,עוגיות מלוחות בטעם ט,,,עוגיות מלוחות בטעם ט,גרמים,400.00,100 גרם,false,,12.90,3.2250,true,1,387777
8023788030672,false,עוגיות מלוחות בתוספת,,,עוגיות מלוחות בתוספת,גרמים,400.00,100 גרם,false,,12.90,3.2250,true,1,387779
8023788030689,false,עוגיות מלוחות בטעם ע,,,עוגיות מלוחות בטעם ע,גרמים,400.00,100 גרם,false,,12.90,3.2250,true,1,388153
8024985002950,false,סמוזי שזיף אורגני 100 גרם,נטורה נובה,IT,נטורה נובה - סמוזי ש,גרמים,100.00,100 גרם,false,,5.90,5.9000,true,1,296939
8076800195033,false,ברילה - צ.א ספגטיני מס3 חדש 500 גרם,ברילה גי.אי.אר פרטלי,IT,ספגטי מס' 3 ברילה 50,גרמים,500.00,100 גרם,false,,6.90,1.3800,true,1,21882
8076802085738,false,ברילה - צ.ק פנה רגטה חדש 500 גרם,ברילה גי.אי.אר פרטלי,IT,פנה רגטה מס' 73 בריל,גרמים,500.00,100 גרם,false,,6.90,1.3800,true,1,21888
8076802085981,false,ברילה - צ.ק פוזילי חדש 500 גרם,ברילה גי.אי.אר פרטלי,IT,פסטה פוזילי 98 ברילה,גרמים,500.00,100 גרם,false,,6.90,1.3800,true,1,21891
8076808050440,false,ברילה פסטה מקרוני מס 44 500 גר,,,פסטה מקרוני מס' 44 ב,גרמים,500.00,100 גרם,false,,6.90,1.3800,true,1,21892
8076809513388,false,ברילה - רוטב ארביאטה 400 גרם,ברילה גי.אי.אר פרטלי,IT,ברילה רוטב ארביאטה 4,גרמים,400.00,100 גרם,false,,16.90,4.2250,true,1,21898
8076809513395,false,רוטב פסטה ברילה פורמודרו 400ג',ברילה גי.אי.אר פרטלי,IT,ברילה רוטב פורמודרו,גרמים,400.00,100 גרם,false,,16.90,4.2250,true,1,21899
8076809513654,false,בסיס רוטב עגבניות לבולונז 400 גרם ברילה,ברילה גי.אי.אר פרטלי,IT,ברילה רוטב עגבניות ל,גרמים,400.00,100 גרם,false,,16.90,4.2250,true,1,21901
8076809513692,false,רוטב עגבניות נפולטנה בתוספת ירקות,ברילה גי.אי.אר פרטלי,IT,ברילה רוטב נפוליטנה,גרמים,400.00,100 גרם,false,,16.90,4.2250,true,1,21902
8076809513739,false,רוטב פסטה ברילה בזיליקום 400 ג',ברילה גי.אי.אר פרטלי,IT,ברילה רוטב בזיליקום,גרמים,400.00,100 גרם,false,,16.90,4.2250,true,1,21904
8076809514774,false,ברילה איטריות ביצים פפרדלה 250ג',ברילה גי.אי.אר פרטלי,IT,ברילה פפרדלה ביצים 2,גרמים,250.00,100 גרם,false,,18.90,7.5600,true,1,21906
8076809523738,false,פסטה ברילה לזניה 500ג',ברילה גי.אי.אר פרטלי,IT,לזניה ברילה 500 גרם,גרמים,500.00,100 גרם,false,,23.90,4.7800,true,1,21912
8076809545457,false,ברילה אטריות ללא גלוטן 400 ג' צינורות 400 ג',"ש. שסטוביץ בע""מ",IT,ברילה צינורות עבה קמ,גרמים,400.00,100 גרם,false,,15.90,3.9750,true,1,21918
8410076610379,false,נייטשר ואלי פרוטאין בוטנים ושבבי שוקולד 160 ג',סריילטו ספיין פודס,ES,פרוטאין בוטנים ושבבי,גרמים,160.00,100 גרם,false,,26.90,16.8125,true,1,12914
8410128783587,false,ויוה סוי שיבולת שועל קרטונית 1 ליטר,,ES,ויוה סוי שיבולת שועל,ליטרים,1.00,ליטר,false,,11.90,11.9000,true,1,374050
8410655000423,false,"מארז בירה סאן מיגל 4*330 מ""ל",,,סאן מיגל בקבוק 4*330,ליטרים,1.32,ליטר,false,,21.90,16.5909,true,1,650
8420822130600,false,"ספריי סופר מסיר שומנים 750מ""ל יעקבי",,,ספריי סופר מסיר שומנ,מיליליטרים,750.00,"100 מ""ל",false,,18.90,2.5200,true,1,239138
8423207206488,false,חטיף דגנים מלאים מצופה שוקולד חלב 120 גר,אף.סי תבליני בגליל ב,ES,סלים דליס חטיף דגנים,גרמים,120.00,100 גרם,false,,13.90,11.5833,true,1,21933
8435495805199,false,"תינוקלין אבקת כביסה 3 ק""ג",מולינו ניקולי s.p.a,TR,אבקת כביסה תינוקלין,קילוגרמים,3.00,"ק""ג",false,,45.90,15.3000,true,1,42054
8436575292205,false,ארטיק חמשושים מאגדת 15*12 גר',שוורצקוף& הנקל דיסלד,IL,מאגדת חמשושים אננס מ,גרמים,180.00,100 גרם,false,,21.90,12.1667,true,1,16232
8606018615827,false,גלידת וניל עם שברי עוגיות אוראו 480 ג',נסטלה,IL,גלידת וניל עם שברי ע,מיליליטרים,300.00,"100 מ""ל",false,,13.90,4.6333,true,1,399514
8606018615841,false,גלידת וניל עם ליבת שוקולד חלב 480 ג' מילקה,נסטלה,IL,פיינט מילקה וניל ליב,מיליליטרים,300.00,"100 מ""ל",false,,13.90,4.6333,true,1,399488
8683323063024,false,יוגטה שטיחים תותי פרוטי 220 גרם,מוטקה החולב,TR,יוגטה חיספוסים שטיחי,גרמים,220.00,100 גרם,false,,6.90,3.1364,true,1,42065
8690637994029,false,מרכך כביסה אקסטרה סחלבים 1.44 ל' בדין,,,בדין אקסטרא מכך כביס,ליטרים,1.44,ליטר,false,,21.90,15.2083,true,1,122157
8690637996559,false,סיף ג'ל לניקוי בתוספ,,,סיף ג'ל לניקוי בתוספ,מיליליטרים,1250.00,"100 מ""ל",false,,16.90,1.3520,true,1,149076
8690766156367,false,שוקולד חלב גודייבה מעולה 90 גר,"אולקר מקבוצת פלאדיס,",TR,גודייבה שוקולד חלב מ,גרמים,90.00,100 גרם,false,,14.90,16.5556,true,1,84710
8690766156374,false,שוקולד גודייבה מריר 72% מוצרי קקאו 90 גר,"אולקר מקבוצת פלאדיס,",TR,גודייבה שוקולד מריר,גרמים,90.00,100 גרם,false,,14.90,16.5556,true,1,74064
8690766156381,false,גודייבה שוקולד מריר 90% מוצקי קקאו 90 גרם,"אולקר מקבוצת פלאדיס,",TR,גודייבה ש.מריר מעולה,גרמים,90.00,100 גרם,false,,14.90,16.5556,true,1,69906
8690766156398,false,שוקולד חלב מעולה בתוספת שברי שקדים קלויים דבש ומלח 90ג',"אולקר מקבוצת פלאדיס,",TR,גודייבה שוקולד חלב ש,גרמים,90.00,100 גרם,false,,14.90,16.5556,true,1,84711
8690766156411,false,שוקולד מריר מעולה בטעם פלפל ורוד עם חתיכות תות מסוכר 90ג',"אולקר מקבוצת פלאדיס,",TR,גודייבה שוקולד מריר,גרמים,90.00,100 גרם,false,,14.90,16.5556,true,1,84698
8690946270241,false,פסטה קונכיות גדולות,,,פסטה קונכיות גדולות,גרמים,500.00,100 גרם,false,,3.90,0.7800,true,1,388953
8690946272207,false,פסטה פנה 500 גרם BAH,,,פסטה פנה 500 גרם BAH,גרמים,500.00,100 גרם,false,,3.90,0.7800,true,1,388954
8690946272320,false,פסטה מקרוני 500 גרם,,,פסטה מקרוני 500 גרם,גרמים,500.00,100 גרם,false,,3.90,0.7800,true,1,388955
8691058141238,false,ערמונים שלמים קלויים וקלופים 100 ג' Avel,,,AVEL ערמונים שלמים ק,גרמים,100.00,100 גרם,false,,4.90,4.9000,true,1,48845
8691530924670,false,רכז רימונים טבעי 345 גר,נטורסן,TR,סירופ רימונים נטרוס,מיליליטרים,345.00,"100 מ""ל",false,,19.70,5.7101,true,1,331584
8697530910743,false,סיגריות פאל מאל כחול קצר מטאליק,BAT,,פאל מאל בלו,יחידה,0.00,יחידה,false,,31.00,0.0000,false,1,4198
8697530910750,false,סיגריות פאל מאל כחול ארוך האוס,BAT,,פאל מאל בלו ארוך,יחידה,0.00,יחידה,false,,31.00,0.0000,false,1,4199
8697826469092,false,טורטיה קטנה 12 יחידות 540 גרם,מוטלוקל,TR,טורטיה 540 גרם tort,גרמים,540.00,100 גרם,false,,10.00,1.8519,true,1,4966
8710502279010,false,מרבה עוגיות שוקולד צ'יפס מצופות שוקולד 175 ג',"מרבה בע""מ",NL,מרבה עוגיות שוקולד צ,גרמים,175.00,100 גרם,false,,9.90,5.6571,true,1,123907
8710502470028,false,עוגיות מרבה נוגטלי שוקוצ'יפס 160ג',קריניציה ויטמינה אס,NL,מרבה עוגיות נוגטלי 1,גרמים,160.00,100 גרם,false,,9.90,6.1875,true,1,21978
8710800027573,false,סוכריות מיני מנטוס פירות שקית 178ג',קדבורי,NL,מיני מנטוס שקית,גרמים,178.00,100 גרם,false,,17.80,10.0000,true,1,12931
8710800961310,false,סוכריות מנטוס תות מארז 37.5X4ג',קדבורי,NL,מנטוס 1/4 תות,גרמים,150.00,100 גרם,false,,11.30,7.5333,true,1,12933
8711327475717,false,מגנום פיינט וניל שקדים 440X8מל,"מפעל גלידות בווספרם,",HU,גלידת שמנת בטעם וניל,גרמים,260.00,100 גרם,false,,22.90,8.8077,true,1,144464
8711327475762,false,פיינט שוקולד לבן עוגיות 260 ג' מגנום,"מפעל גלידות בווספרם,",HU,גלידת שמנת שוקולד לב,גרמים,260.00,100 גרם,false,,22.90,8.8077,true,1,144465
8714599513781,false,קפה נמס גולד מיובש בהקפאה 200 ג' ג'ייקובס,אל.אל. סי ג''יקובס ד,RU,קפה ג'יקובס גולד 200,גרמים,200.00,100 גרם,false,,30.90,15.4500,true,1,5207
8714789177229,false,קולגייט מברשת שיניים אקסטרא קלין רביעייה,הנסיך- מפעל לייצור ט,CN,מב.שיניים אקסטרא קלי,יחידה,0.00,יחידה,false,,11.90,0.0000,true,1,21984
8714789450315,false,פלמוליב נוזל כלים לימון 1.5 ליטר,הנסיך- מפעל לייצור ט,GR,פלמוליב שקוף לימון 1,ליטרים,1.50,ליטר,false,,16.90,11.2667,true,1,21997
8714789834467,false,פלמוליב נוזל כלים 1.5 ליטר,,,פלמוליב נוזל כלים 1.,ליטרים,1.50,ליטר,false,,16.90,11.2667,true,1,22015
8715700419732,false,מתבל עגבניות היינץ 7,ה.י. היינץ,NL,היינץ קטשופ 700 גרם,גרמים,700.00,100 גרם,false,,14.90,2.1286,true,1,5423
8715700423906,false,קטשופ מתובל עגבניות 50% פחות סוכר 555ג' היינץ,היינץ צפון אמריקה מק,NL,מתבל עגבניות היינץ 2,גרמים,555.00,100 גרם,false,,11.90,2.1441,true,1,5431
8717163607305,false,סבון מוצק גרגירים 4 *100 ג' דאב,יוניליוור גרמניה Gm,DE,סבון מוצק גרגירים דא,גרמים,400.00,100 גרם,false,,17.90,4.4750,true,1,11078
8717163647233,false,"דאו אקס ספריי גוף לגבר בלאק נייט 150 מ""ל",ארנסט. רחוב קומבינצק,RU,ספריי גוף בלאק נייט,מיליליטרים,150.00,"100 מ""ל",false,,15.90,10.6000,true,1,11086
8717163647240,false,"דאו אקס ספריי גוף לגבר שוקולד 150 מ""ל",ארנסט. רחוב קומבינצק,TR,ספריי גוף שוקולד אקס,מיליליטרים,150.00,"100 מ""ל",false,,15.90,10.6000,true,1,11087
8718951001602,false,"אגקס ספריי רב פעולות 600 מ""ל",הנסיך- מפעל לייצור ט,GR,אג'קס ספריי אדום רב,מיליליטרים,600.00,"100 מ""ל",false,,14.90,2.4833,true,1,22028
8718951093331,false,מרידול מברשת שיניים אקסטרה סופט זוג,,,מברשת שיניים מרידול,יחידה,0.00,יחידה,false,,37.90,0.0000,true,1,22037
8718951166288,false,"משחת שיניים קולגייט מקס וייט 125 מ""ל",הנסיך- מפעל לייצור ט,PL,קולגייט משחת שיניים,מיליליטרים,125.00,"100 מ""ל",false,,19.90,15.9200,true,1,22049
8718951175600,false,"משחת שיניים קולגייט אוטאל קליין מינט 75 מ""ל",,,קולגייט משחת שיניים,מיליליטרים,75.00,"100 מ""ל",false,,14.90,19.8667,true,1,104749
8718951176874,false,"קולגייט מי פה מיניון 250 מ""ל",קולגייט-פלמוליב,PL,שטיפת פה מיניונים בט,מיליליטרים,250.00,"100 מ""ל",false,,15.90,6.3600,true,1,169601
8718951315303,false,"קולגייט - משחת שיניים אדומה ביטיוב 100 מ""ל",קולגייט-פלמוליב,PL,משחת שיניים קולגייט,מיליליטרים,200.00,"100 מ""ל",false,,20.90,10.4500,true,1,81199
8718951334427,false,סופלין מרכך כביסה מרוכז כחול 1.3 ל',,,סופלין מרכך כביסה מר,ליטרים,1.30,ליטר,false,,19.90,15.3077,true,1,62747
8718951334465,false,סופלין מרכך כביסה מרוכז לבנדר 1.3ל',,,סופלין מרכך כביסה מר,ליטרים,1.30,ליטר,false,,19.90,15.3077,true,1,62748
8718951345119,false,נוזל לניקוי רצפות וכללי היביסקוס 2 ליטר,הנסיך- מפעל לייצור ט,GR,אג'קס ניקוי כללי עוצ,ליטרים,2.00,ליטר,false,,24.90,12.4500,true,1,113831
8719200998001,false,מרגרינה לאפיה ובישול בלי מלח 200 ג' בלו בנד,מיוצר עי קונדיטוריית,IL,בלו בנד ללא מלח 200,גרמים,200.00,100 גרם,false,,4.90,2.4500,true,1,11107
8719200998018,false,מחמאה מרגרינה בטעם חמאה 200 ג' בלו בנד,פארייפאבה אגרואינדוס,IL,מחמאה מרגרינה בטעם ח,גרמים,200.00,100 גרם,false,,5.50,2.7500,true,1,11108
8719200998032,false,מזולה גלורי טעם חמאה 250ג',פארייפאבה אגרואינדוס,IL,מזולה בטעם חמאה 250,גרמים,250.00,100 גרם,false,,10.90,4.3600,true,1,11110
8719200998094,false,מרגרינה אפייה ללא מלח 200 ג' מזולה,"מיוצר ע""י יוניליוור",IL,מזולה מרגרינה לאפייה,גרמים,200.00,100 גרם,false,,6.90,3.4500,true,1,11116
8723400756552,false,מנטוס ריינבו מארז 4 יח' * 37.5 ג',,,RAINBOW רביעית סוכרי,גרמים,150.00,100 גרם,false,,11.30,7.5333,true,1,12936
8801055707966,false,קפה טייסטר צו'יס נס קפה בריסטה 180ג',לוטה נסטלה קוריאה,,נס קפה טייסטרס צ'ויס,גרמים,180.00,100 גרם,false,,32.90,18.2778,true,1,19559
8850206250592,false,רוטב צ`ילי סיראצ`ה 540 גרם,יאן וואל יון קו.לטד,TH,רוטב צ'ילי סיראצ'ה מ,גרמים,540.00,100 גרם,false,,19.90,3.6852,true,1,301050
8850367992164,false,קרם קוקוס 250 מל 20-22% ללא חומר משמר,,,קרם קוקוס ללא גלוטן,גרמים,250.00,100 גרם,false,,7.90,3.1600,true,1,47490
8850389103111,false,"משקה קל סאפה בטעם ענבים 300 מ""ל",סאפה פובליק קומפני ל,TH,סאפה משקה אלוורה ענב,מיליליטרים,300.00,"100 מ""ל",false,,7.90,2.6333,true,1,39375
8850389103128,false,"משקה קל סאפה בטעם תפוח 300 מ""ל",סאפה פובליק קומפני ל,TH,סאפה משקה אלוורה תפו,מיליליטרים,300.00,"100 מ""ל",false,,7.90,2.6333,true,1,39376
8850389105825,false,סאפה אלוורה ענבים 1 ליטר,סאפה פובליק קומפני ל,TH,סאפה משקה אלוורה ענב,ליטרים,1.00,ליטר,false,,13.90,13.9000,true,1,39379
8850389105832,false,סאפה אלוורה תפוחים 1 ליטר,סאפה פובליק קומפני ל,TH,סאפה משקה אלוורה תפו,ליטרים,1.00,ליטר,false,,13.90,13.9000,true,1,39380
8850389105849,false,סאפה אלוורה אפרסק 1 ליטר,סאפה פובליק קומפני ל,TH,סאפה משקה אלוורה אפר,ליטרים,1.00,ליטר,false,,13.90,13.9000,true,1,39381
8858271005772,false,"רוטב סויה ללא גלוטן 300 מ""ל",,,רוטב סויה ללא גלוטן,מיליליטרים,300.00,"100 מ""ל",false,,16.90,5.6333,true,1,301037
8901537024014,false,"אורז בסמטי מובחר דאווט 1 ק""ג",הנסיך- מפעל לייצור ט,IN,וילי פוד אורז בסמטי,גרמים,1000.00,100 גרם,false,,14.90,1.4900,true,1,3302
8901537076679,false,"אורז בסמטי חום מלא 1 ק""ג דאוואט",האי נאם סי או אל.טי.,IN,אורז בסמטי חום מלא 1,קילוגרמים,1.00,"ק""ג",false,,16.90,16.9000,true,1,3303
9000101372878,false,דיסקס לכביסה לבנה וצבעונית 22 יח' פרסיל,הנקל סוד,HU,פרסיל דיסקס לכביסה ל,יח',22.00,יח',false,,36.90,1.6773,true,1,154882
9000101512526,false,פרסיל - פאוור קאפס קפסולות ג'ל מרוכזות לכביסה 26 יח',,RS,פרסיל פאוור קאפס לכב,יח',26.00,יח',false,,36.90,1.4192,true,1,340130
9000101515596,false,קפסולות ג'ל מרוכזות לכביסה צבעונית 56 יח' פרסיל,,RS,פרסיל פאוור קאפס קפס,יחידה,0.00,יחידה,false,,67.90,0.0000,true,1,180923
9002975393836,false,סוכריות גילי הריבו האפי קולה 70 גרם,"האריבו , ג'י.אם.בי.א",AT,סוכריות גומי בטעם קו,גרמים,70.00,100 גרם,false,,7.90,11.2857,true,1,141213
9002975393843,false,סוכריות גילי הריבו גולדברס 70 גרם,"האריבו , ג'י.אם.בי.א",AT,סוכריות גומי בטעמי פ,גרמים,70.00,100 גרם,false,,7.90,11.2857,true,1,141214
9002975393850,false,סוכריות גילי הריבו וורמס 70 גרם,"האריבו , ג'י.אם.בי.א",AT,סוכריות גומי בטעמי פ,גרמים,70.00,100 גרם,false,,7.90,11.2857,true,1,141215
9120025834723,false,חטיף אוראו מצונן 120 גרם,בובארד איטליה אס.פי.,IT,חטיף אוראו מצונן 120,גרמים,120.00,100 גרם,false,,14.90,12.4167,true,1,385193
9310072028743,false,טים טם אורגינל 200 גרם,"ארנוטס ביסקוויטס בע""",AU,טים טם אוריגינל 200,גרמים,200.00,100 גרם,false,,20.90,10.4500,true,1,13857
9310072028750,false,טים טם מצופה שוקולד,"ארנוטס ביסקוויטס בע""",AU,טים טם קרם דאבל 200,גרמים,200.00,100 גרם,false,,20.90,10.4500,true,1,13858
9322969000039,false,פריכיות תירס 150 גרם עם 5 סוגי דגנים,,,פריכיות תירס עם 4 דג,גרמים,150.00,100 גרם,false,,13.90,9.2667,true,1,6150
9771565051066,false,ידיעות אחרונות יום ו,,,ידיעות אחרונות יום ו,יחידה,0.00,יחידה,false,,12.00,0.0000,true,1,10005
