code,internal_code,name,manufacturer_name,manufacture_country,manufacturer_item_description,unit_qty,quantity,unit_of_measure,weighted,qty_in_package,price,unit_of_measure_price,allow_discount,status,item_id
30,true,קרטון סודה טמפו 24 י,,,קרטון סודה טמפו 24 י,ליטרים,6.60,ליטר,false,,57.90,8.7727,true,1,1362727
43,true,חלה פרג 500 גרם,,,חלה פרג 500 גרם,גרמים,500.00,100 גרם,false,,6.30,0.0126,true,1,1383867
48,true,חלה מתוקה עגולה לא א,,,חלה מתוקה עגולה לא א,גרמים,500.00,100 גרם,false,,8.90,0.0178,true,1,1362224
73,true,"10 ק""ג סוכר",,,"10 ק""ג סוכר",יחידה,0.00,יחידה,false,,39.00,0.0000,true,1,1371992
87,true,"מארז פחיות 250 מ""ל X",,,"מארז פחיות 250 מ""ל X",ליטרים,6.00,ליטר,false,,89.90,14.9833,true,1,1402989
100,true,Temp Item,,,Temp Item,,0.00,,false,,0.00,0.0000,true,1,2267085
110,true,קרטון פחיות קולה 330,,,קרטון פחיות קולה 330,ליטרים,7.92,ליטר,false,,129.60,16.3636,true,1,1373829
170,true,בגט בונזור.,,,בגט בונזור.,יחידה,0.00,יחידה,false,,4.40,0.0000,true,1,1344092
171,true,לחמים ג. בטעמים.,,,לחמים ג. בטעמים.,יחידה,0.00,יחידה,false,,14.90,0.0000,true,1,1344093
176,true,חלה מתוקה קלועה בונז,,,חלה מתוקה קלועה בונז,גרמים,560.00,100 גרם,false,,10.90,0.0195,true,1,1344098
177,true,חלה רגילה בונז'ור,,,חלה רגילה בונז'ור,יחידה,0.00,יחידה,false,,9.90,0.0000,true,1,1344099
179,true,מארז 5 יח' ג'בטה,,,מארז 5 יח' ג'בטה,יח',5.00,יח',false,,14.90,2.9800,true,1,1344101
213,true,בגט קראסט שיפון.,,,בגט קראסט שיפון.,יחידה,0.00,יחידה,false,,7.90,0.0000,true,1,1344104
351,true,קרטון סודה קינלי 250,,,קרטון סודה קינלי 250,ליטרים,6.00,ליטר,false,,60.00,10.0000,true,1,1373834
554,true,"קמח לבן 10 ק""ג",,,"קמח לבן 10 ק""ג",קילוגרמים,10.00,"ק""ג",false,,43.00,4.3000,true,1,1378314
957,true,מים בורזום טבעיים מא,,,מים בורזום טבעיים מא,ליטרים,4.50,ליטר,false,,39.90,8.8667,true,1,1373733
1104,true,פטריות פורטבלה ארוז,,,פטריות פורטבלה ארוז,יח',1.00,יח',false,,7.90,7.9000,true,1,1391207
3528,true,בוטנים קלויים,,,בוטנים קלויים,קילוגרמים,1.00,"ק""ג",true,,39.00,39.0000,true,1,1373495
3535,true,גרעיני אבטיח קלויים,שקדיה,,גרעין אבטיח קלוי,קילוגרמים,1.00,"ק""ג",true,,59.00,59.0000,true,1,1389069
3542,true,גרעינים לבנים קלויים,שקדיה,,גרעין לבן קלוי,קילוגרמים,1.00,"ק""ג",true,,44.00,44.0000,true,1,1389070
3559,true,גרעינים שחורים קלויים,שקדיה,,גרעין שחור קלוי,קילוגרמים,1.00,"ק""ג",true,,29.00,29.0000,true,1,1389071
3566,true,מנצ'יס,,,מנצ'ס,קילוגרמים,1.00,"ק""ג",true,,49.00,49.0000,true,1,1402247
3573,true,פיסטוק קלוי,שקדיה,,פיסטוק קלוי,קילוגרמים,1.00,"ק""ג",true,,99.00,99.0000,true,1,1389072
3597,true,קשיו קלוי,שקדיה,,קשיו קלוי,קילוגרמים,1.00,"ק""ג",true,,99.00,99.0000,true,1,1389073
3601,true,ברוקולי ארוז,,,ברוקולי ארוז,יחידה,1.00,יחידה,false,,9.90,9.9000,true,1,1382359
3603,true,שקד ענק קלוי,שקדיה,,שקד ענק קלוי,קילוגרמים,1.00,"ק""ג",true,,99.00,99.0000,true,1,1389074
3641,true,בונדוק קלוי,שקדיה,,בונדוק קלוי,קילוגרמים,1.00,"ק""ג",true,,89.00,89.0000,true,1,1389076
3801,true,שומשום,,,שומשום,קילוגרמים,1.00,"ק""ג",true,,19.00,19.0000,true,1,1384259
4444,true,מארז בייגלה 4 יח'.,,,מארז בייגלה 4 יח'.,יח',4.00,יח',false,,14.90,3.7250,true,1,1344115
4495,true,גבינה גאודה בקר גלגל,,,גבינה גאודה בקר גלגל,קילוגרמים,1.00,"ק""ג",true,,99.00,99.0000,true,1,1385875
4532,true,גבינה גאודה עיזים בל,,,גבינה גאודה עיזים בל,קילוגרמים,1.00,"ק""ג",true,,159.00,159.0000,true,1,1385877
4907,true,חומוס קלוי,שקדיה,,חומוס קלוי,קילוגרמים,1.00,"ק""ג",true,,35.00,35.0000,true,1,1373352
4914,true,אננס מיובש,,,אננס טבעי,קילוגרמים,1.00,"ק""ג",true,,79.00,79.0000,true,1,1402424
4983,true,פול מטוגן,,,פול מטוגן,קילוגרמים,1.00,"ק""ג",true,,39.00,39.0000,true,1,1402249
5003,true,תירס מטוגן,שקדיה,,תירס מטוגן,קילוגרמים,1.00,"ק""ג",true,,39.00,39.0000,true,1,1389098
5010,true,חמוציות שלמות,,,חמוציות שלמות,קילוגרמים,1.00,"ק""ג",true,,39.00,39.0000,true,1,1392714
5799,true,תערובת פיצוחים,,,תערובת פיצוחים,קילוגרמים,1.00,"ק""ג",true,,99.00,99.0000,true,1,1384303
6246,true,צימוק לבן קטן/ בוכרי,,,צימוק לבן קטן/ בוכרי,קילוגרמים,1.00,"ק""ג",true,,39.00,39.0000,true,1,1373355
6500,true,אבטיח סידלס,,,אבטיח סידלס,קילוגרמים,1.00,"ק""ג",true,,5.90,5.9000,true,1,1382360
6504,true,ג'נגיר -זנגוויל,,,ג'נגיר -זנגוויל,קילוגרמים,1.00,"ק""ג",true,,29.90,29.9000,true,1,1387498
6550,true,לפת,,,לפת,קילוגרמים,1.00,"ק""ג",true,,7.90,7.9000,true,1,1382361
6600,true,בטטה,,,בטטה,קילוגרמים,1.00,"ק""ג",true,,5.90,5.9000,true,1,1382362
6660,true,בצל יבש רגיל,,,בצל יבש רגיל,קילוגרמים,1.00,"ק""ג",true,,4.90,4.9000,true,1,1382363
6800,true,גזר ארוז,,,גזר ארוז,קילוגרמים,1.00,"ק""ג",true,,2.90,2.9000,true,1,1382366
6801,true,גזר תפזורת,,,גזר תפזורת,קילוגרמים,1.00,"ק""ג",true,,3.90,3.9000,true,1,1361345
6850,true,סלק אדום,,,סלק אדום,קילוגרמים,1.00,"ק""ג",true,,5.90,5.9000,true,1,1382368
6900,true,חציל,,,חציל,קילוגרמים,1.00,"ק""ג",true,,3.90,3.9000,true,1,1382369
6950,true,קישואים רגיל,,,קישואים רגיל,קילוגרמים,1.00,"ק""ג",true,,7.90,7.9000,true,1,1382370
7000,true,עגבניות חממה גדול,,,עגבניות חממה גדול,קילוגרמים,1.00,"ק""ג",true,,5.90,5.9000,true,1,1382371
7003,true,עגבניה מגי,,,עגבניה מגי,קילוגרמים,1.00,"ק""ג",true,,14.90,14.9000,true,1,1361348
7007,true,אבטיח בייבי,,,אבטיח בייבי,קילוגרמים,1.00,"ק""ג",true,,5.90,5.9000,true,1,1382372
7009,true,אספרגוס יחידה,,,אספרגוס יחידה,יח',1.00,יח',false,,29.90,29.9000,true,1,1382374
7036,true,חציל בלדי,,,חציל בלדי,קילוגרמים,1.00,"ק""ג",true,,4.90,4.9000,true,1,1382378
7044,true,חסה מסולסלת,,,חסה מסולסלת,יחידה,0.00,יחידה,false,,4.90,0.0000,true,1,1382384
7050,true,שרי אשכולות,,,שרי אשכולות,קילוגרמים,1.00,"ק""ג",true,,14.90,14.9000,true,1,1382388
7053,true,שרי ליקופן,,,שרי ליקופן,קילוגרמים,1.00,"ק""ג",true,,19.90,19.9000,true,1,1361353
7064,true,בצל פנינה,,,בצל פנינה,יחידה,0.00,יחידה,false,,12.90,0.0000,true,1,1382393
7065,true,בצל ירוק יחידה,,,בצל ירוק יחידה,יחידה,0.00,יחידה,false,,4.90,0.0000,true,1,1382394
7075,true,חטיפיפון/חטיפי מלפפו,,,חטיפיפון/חטיפי מלפפו,יח',1.00,יח',false,,7.90,7.9000,true,1,1382399
7100,true,מלפפון,,,מלפפון,קילוגרמים,1.00,"ק""ג",true,,5.90,5.9000,true,1,1382400
7111,true,בצל אדום,,,בצל אדום,קילוגרמים,1.00,"ק""ג",true,,6.90,6.9000,true,1,1382402
7114,true,פלפל אדום,,,פלפל אדום,קילוגרמים,1.00,"ק""ג",true,,5.90,5.9000,true,1,1382404
7116,true,פלפל צילי תפזורת,,,פלפל צילי תפזורת,יח',1.00,יח',false,,5.90,5.9000,true,1,1382406
7117,true,פלפל ירוק,,,פלפל ירוק,קילוגרמים,1.00,"ק""ג",true,,5.90,5.9000,true,1,1382407
7123,true,פלפל נהריה,,,פלפל נהריה,קילוגרמים,1.00,"ק""ג",true,,7.90,7.9000,true,1,1382408
7124,true,פלפלון ארוז בנספק,,,פלפלון ארוז בנספק,יחידה,1.00,יחידה,false,,5.90,5.9000,true,1,1361358
7131,true,דלורית,,,דלורית,קילוגרמים,1.00,"ק""ג",true,,7.90,7.9000,true,1,1382410
7132,true,ארטישוק,,,ארטישוק,קילוגרמים,1.00,"ק""ג",true,,19.90,19.9000,true,1,1361359
7140,true,חסה ערבית,,,חסה ערבית,יח',1.00,יח',false,,3.90,3.9000,true,1,1382414
7141,true,חסה אמריקאית,,,חסה אמריקאית,יח',1.00,יח',false,,4.90,4.9000,true,1,1382415
7145,true,כרובית,,,כרובית,קילוגרמים,1.00,"ק""ג",true,,9.90,9.9000,true,1,1382417
7148,true,פרסה,,,פרסה,קילוגרמים,1.00,"ק""ג",true,,19.90,19.9000,true,1,1382419
7149,true,לוביה,,,לוביה,קילוגרמים,1.00,"ק""ג",true,,19.90,19.9000,true,1,1382420
7156,true,צנון,,,צנון,קילוגרמים,1.00,"ק""ג",true,,7.90,7.9000,true,1,1382425
7157,true,צנונית עלים,,,צנונית עלים,יחידה,0.00,יחידה,false,,5.90,0.0000,true,1,1382426
7159,true,קולרבי,,,קולרבי,קילוגרמים,1.00,"ק""ג",true,,7.90,7.9000,true,1,1382428
7161,true,קישואים למילוי,,,קישואים למילוי,קילוגרמים,1.00,"ק""ג",true,,9.90,9.9000,true,1,1382430
7162,true,שעועית ירוקה,,,שעועית ירוקה,קילוגרמים,1.00,"ק""ג",true,,29.90,29.9000,true,1,1382431
7165,true,שום יבש ישראלי תפזור,,,שום יבש ישראלי תפזור,קילוגרמים,1.00,"ק""ג",true,,19.90,19.9000,true,1,1382433
7170,true,סלרי עלים קצוץ,,,סלרי עלים קצוץ,יחידה,0.00,יחידה,false,,5.90,0.0000,true,1,1361364
7172,true,שומר,,,שומר,קילוגרמים,1.00,"ק""ג",true,,3.90,3.9000,true,1,1382435
7173,true,סלרי אמריקאי,,,סלרי אמרקאי,יח',1.00,יח',false,,4.90,4.9000,true,1,1382436
7175,true,פלפל חריף ירוק,,,פלפל חריף ירוק,קילוגרמים,1.00,"ק""ג",true,,5.90,5.9000,true,1,1382437
7177,true,פטריות שמפניון למילו,,,פטריות שמפניון למילו,קילוגרמים,1.00,"ק""ג",true,,29.90,29.9000,true,1,1368012
7178,true,דלעת,,,דלעת,קילוגרמים,1.00,"ק""ג",true,,9.90,9.9000,true,1,1382439
7179,true,פטריות פורטובלה בתפז,,,פטריות פורטובלה בתפז,קילוגרמים,1.00,"ק""ג",true,,29.90,29.9000,true,1,1368013
7180,true,פלפל שושקה ירוק,,,פל שושקה ירוק,קילוגרמים,1.00,"ק""ג",true,,14.90,14.9000,true,1,1382440
7181,true,דלעת ערמונים,,,דלעת ערמונים,קילוגרמים,1.00,"ק""ג",true,,9.90,9.9000,true,1,1382441
7183,true,סלק עלים,,,סלק עלים,יח',1.00,יח',false,,4.90,4.9000,true,1,1382442
7184,true,פלפל שושקה אדום,,,פלפל שושקה אדום,קילוגרמים,1.00,"ק""ג",true,,12.90,12.9000,true,1,1382443
7185,true,פלפל חריף אדום,,,פלפל חריף אדום,קילוגרמים,1.00,"ק""ג",true,,9.90,9.9000,true,1,1382444
7186,true,פלפל שושקה צהוב,,,פלפל שושקה צהוב,קילוגרמים,1.00,"ק""ג",true,,12.90,12.9000,true,1,1382445
7187,true,פלפל שושקה חריף,,,פלפל שושקה חריף,קילוגרמים,1.00,"ק""ג",true,,14.90,14.9000,true,1,1361366
7200,true,ירק תבלין,,,ירק תבלין,יח',1.00,יח',false,,4.90,4.9000,true,1,1382446
7242,true,סלרי ראש,,,סלרי ראש,יח',1.00,יח',false,,4.90,4.9000,true,1,1382448
7243,true,שורש פטרוזיליה יח,,,שורש פטרוזיליה יח,יח',1.00,יח',false,,3.90,3.9000,true,1,1382449
7248,true,פלפל צהוב,,,פלפל צהוב,קילוגרמים,1.00,"ק""ג",true,,5.90,5.9000,true,1,1382450
7249,true,פלפל כתום,,,פלפל כתום,קילוגרמים,1.00,"ק""ג",true,,7.90,7.9000,true,1,1382451
7250,true,"תפוא"" לבן תפזורת",,,"תפוא"" לבן תפזורת",קילוגרמים,1.00,"ק""ג",true,,4.90,4.9000,true,1,1382452
7251,true,תפוח אדמה גורמה תפזו,,,תפוח אדמה גורמה תפזו,קילוגרמים,1.00,"ק""ג",true,,5.90,5.9000,true,1,1361367
7300,true,ירק,,,ירק,יח',1.00,יח',false,,2.90,2.9000,true,1,1361368
7320,true,צנונית ארוז,,,צנונית ארוז,גרמים,400.00,100 גרם,false,,4.90,0.0123,true,1,1382457
7323,true,צנונית תפזורת,,,צנונית תפזורת,קילוגרמים,1.00,"ק""ג",true,,7.90,7.9000,true,1,1382460
7342,true,קישואים זוקיני ירוק,,,קישואים זוקיני ירוק,קילוגרמים,1.00,"ק""ג",true,,9.90,9.9000,true,1,1382465
7350,true,תותים,,,תותים,יחידה,0.00,יחידה,false,,24.90,0.0000,true,1,1382468
7372,true,שעועית בולגרית,,,שעועית בולגרית,קילוגרמים,1.00,"ק""ג",true,,29.90,29.9000,true,1,1382469
7373,true,שעועית הילדה,,,שעועית הילדה,קילוגרמים,1.00,"ק""ג",true,,29.90,29.9000,true,1,1382470
7375,true,שום ירוק,,,שום ירוק,קילוגרמים,1.00,"ק""ג",true,,9.90,9.9000,true,1,1382471
7376,true,שום יבוא,,,שום יבוא,יחידה,0.00,יחידה,false,,4.90,0.0000,true,1,1382472
7388,true,פטריות שיטאקי טריות,,,פטריות שיטאקי טריות,קילוגרמים,1.00,"ק""ג",true,,59.90,59.9000,true,1,1387499
7389,true,פטריות יער תפזורת,,,פטריות יער תפזורת,קילוגרמים,1.00,"ק""ג",true,,39.90,39.9000,true,1,1387500
7400,true,כרוב אדום,,,כרוב אדום,קילוגרמים,1.00,"ק""ג",true,,3.90,3.9000,true,1,1382473
7432,true,שרי תמר,,,שרי תמר,קילוגרמים,1.00,"ק""ג",true,,19.90,19.9000,true,1,1382475
7433,true,שרי קלמר,,,שרי קלמר,יחידה,0.00,יחידה,false,,7.90,0.0000,true,1,1361376
7461,true,תירס ארוז,,,תירס ארוז,קילוגרמים,1.00,"ק""ג",true,,7.90,7.9000,true,1,1382480
7473,true,"תפו""א אדום תפזורת",,,"תפו""א אדום תפזורת",קילוגרמים,1.00,"ק""ג",true,,5.90,5.9000,true,1,1382481
7474,true,"תפו""א אדום לאפיה",,,"תפו""א אדום לאפיה",קילוגרמים,1.00,"ק""ג",true,,3.90,3.9000,true,1,1382482
7476,true,"תפו""א ירושלמי",,,"תפו""א ירושלמי",קילוגרמים,1.00,"ק""ג",true,,14.90,14.9000,true,1,1361379
7478,true,"תפו""א לבן לאפיה",,,"תפו""א לבן לאפיה",קילוגרמים,1.00,"ק""ג",true,,3.90,3.9000,true,1,1361380
7490,true,"תפוח""ע זהוב קטן",,,"תפוח""ע זהוב קטן",קילוגרמים,1.00,"ק""ג",true,,6.90,6.9000,true,1,1382485
7491,true,"תפוח""ע סמיט קטן",,,"תפו""ע סמיט קטן",קילוגרמים,1.00,"ק""ג",true,,6.90,6.9000,true,1,1382486
7492,true,"תפוח""ע חרמון קטן",,,"תפו""ע חרמון קטן",קילוגרמים,1.00,"ק""ג",true,,7.90,7.9000,true,1,1382487
7493,true,תפוח עץ גלה קטן,,,"תפו""ע גלה קטן",קילוגרמים,1.00,"ק""ג",true,,6.90,6.9000,true,1,1382488
7500,true,כרוב לבן,,,כרוב לבן,קילוגרמים,1.00,"ק""ג",true,,3.90,3.9000,true,1,1382489
7501,true,כרוב שטוח למילוי,,,כרוב שטוח למילוי,קילוגרמים,1.00,"ק""ג",true,,5.90,5.9000,true,1,1382490
7504,true,אנונה,,,אנונה,קילוגרמים,1.00,"ק""ג",true,,24.90,24.9000,true,1,1382491
7505,true,אננס,,,אננס,יחידה,0.00,יחידה,false,,34.90,0.0000,true,1,1382492
7509,true,קיווי,,,קיווי,קילוגרמים,1.00,"ק""ג",true,,19.90,19.9000,true,1,1382495
7511,true,גויאבה,,,גויאבה,קילוגרמים,1.00,"ק""ג",true,,19.90,19.9000,true,1,1382497
7513,true,חבוש,,,חבוש,קילוגרמים,1.00,"ק""ג",true,,14.90,14.9000,true,1,1382499
7520,true,פפיה,,,פפיה,קילוגרמים,1.00,"ק""ג",true,,19.90,19.9000,true,1,1382502
7523,true,ערמונים,,,ערמונים,קילוגרמים,1.00,"ק""ג",true,,17.90,17.9000,true,1,1382504
7528,true,רימון,,,רימון,קילוגרמים,1.00,"ק""ג",true,,12.90,12.9000,true,1,1382509
7533,true,תע זהוב מובחר,,,תע זהוב מובחר,קילוגרמים,1.00,"ק""ג",true,,11.90,11.9000,true,1,1382513
7534,true,תע אורליאנס,,,תע אורליאנס,קילוגרמים,1.00,"ק""ג",true,,9.90,9.9000,true,1,1382514
7535,true,תע יונתן מובחר,,,תע יונתן מובחר,קילוגרמים,1.00,"ק""ג",true,,11.90,11.9000,true,1,1382515
7536,true,תע חרמון מובחר,,,תע חרמון מובחר,קילוגרמים,1.00,"ק""ג",true,,9.90,9.9000,true,1,1382516
7541,true,תע סמיט מובחר,,,תע סמיט מובחר,קילוגרמים,1.00,"ק""ג",true,,12.90,12.9000,true,1,1382519
7544,true,"תפו""ע קריספינק",,,"תפו""ע קריספינק",קילוגרמים,1.00,"ק""ג",true,,18.90,18.9000,true,1,1382522
7545,true,"תפו""ע גלה מובחר",,,"תפו""ע גלה מובחר",קילוגרמים,1.00,"ק""ג",true,,12.90,12.9000,true,1,1382523
7550,true,שזיף סנטה רוזה,,,שזיף סנטה רוזה,קילוגרמים,1.00,"ק""ג",true,,17.90,17.9000,true,1,1382527
7558,true,"תפו""ע קריפס פינק קטן",,,"תפו""ע קריפס פינק קטן",קילוגרמים,1.00,"ק""ג",true,,9.90,9.9000,true,1,1361393
7600,true,אגס קוסיה,,,אגס קוסיה,קילוגרמים,1.00,"ק""ג",true,,12.90,12.9000,true,1,1382532
7662,true,לימון,,,לימון,קילוגרמים,1.00,"ק""ג",true,,8.90,8.9000,true,1,1382533
7663,true,תפוז גדול,,,תפוז גדול,קילוגרמים,1.00,"ק""ג",true,,7.90,7.9000,true,1,1382534
7697,true,אשכולית צהובה,,,אשכולית צהובה,קילוגרמים,1.00,"ק""ג",true,,6.90,6.9000,true,1,1382535
7698,true,אשכולית אדומה,,,אשכולית אדומה,קילוגרמים,1.00,"ק""ג",true,,6.90,6.9000,true,1,1382536
7700,true,אפרסמון,,,אפרסמון,קילוגרמים,1.00,"ק""ג",true,,14.90,14.9000,true,1,1382538
7702,true,אפרסמון קרמבו,,,אפרסמון קרמבו,קילוגרמים,1.00,"ק""ג",true,,14.90,14.9000,true,1,1361397
7720,true,קוקוס,,,קוקוס,יחידה,0.00,יחידה,false,,2.90,0.0000,true,1,1382543
7728,true,קלמ מיכל,,,קלמ מיכל,קילוגרמים,1.00,"ק""ג",true,,5.90,5.9000,true,1,1382544
7730,true,קרמבולה,,,קרמבולה,קילוגרמים,1.00,"ק""ג",true,,29.90,29.9000,true,1,1382545
7732,true,פומלה לבנה,,,פומלה לבנה,קילוגרמים,1.00,"ק""ג",true,,9.90,9.9000,true,1,1382547
7734,true,פומלה אדומה,,,פומלה אדומה,קילוגרמים,1.00,"ק""ג",true,,9.90,9.9000,true,1,1382548
7735,true,פומלית,,,פומלית,קילוגרמים,1.00,"ק""ג",true,,4.90,4.9000,true,1,1382549
7742,true,תפוז ארוז,,,תפוז ארוז,קילוגרמים,1.00,"ק""ג",true,,3.90,3.9000,true,1,1382556
7743,true,תפוזינה,,,תפוזינה,קילוגרמים,1.00,"ק""ג",true,,6.90,6.9000,true,1,1382557
7751,true,תפוח עץ ענה מובחר,,,תפוח עץ ענה מובחר,קילוגרמים,1.00,"ק""ג",true,,9.90,9.9000,true,1,1361404
7764,true,אוכמניות,,,אוכמניות,יחידה,0.00,יחידה,false,,9.90,0.0000,true,1,1382565
7768,true,תפוז צהוב,,,תפוז צהוב,קילוגרמים,1.00,"ק""ג",true,,4.90,4.9000,true,1,1382567
7800,true,בננה,,,בננה,קילוגרמים,1.00,"ק""ג",true,,5.90,5.9000,true,1,1382568
7900,true,מנגו,,,מנגו,קילוגרמים,1.00,"ק""ג",true,,12.90,12.9000,true,1,1382570
8010,true,אגס חום,,,אגס חום,קילוגרמים,1.00,"ק""ג",true,,14.90,14.9000,true,1,1382574
8011,true,אגס ספדונה,,,אגס ספדונה,קילוגרמים,1.00,"ק""ג",true,,12.90,12.9000,true,1,1382575
8012,true,אגס אדום,,,אגס אדום,קילוגרמים,1.00,"ק""ג",true,,14.90,14.9000,true,1,1382576
8092,true,מארז 10 לחמניות פטיט,,,מארז 10 לחמניות פטיט,יח',10.00,יח',false,,10.00,1.0000,true,1,1344117
8100,true,סברס,,,סברס,קילוגרמים,1.00,"ק""ג",true,,27.90,27.9000,true,1,1382578
8200,true,ענב לבן ישראלי,,,ענב לבן,קילוגרמים,1.00,"ק""ג",true,,19.90,19.9000,true,1,1361412
8302,true,ענב שחור תיפזורת,,,ענב שחור תיפזורת,קילוגרמים,1.00,"ק""ג",true,,12.90,12.9000,true,1,1382585
8303,true,ענב שחור בלי גרעינים,,,ענב שחור בלי גרעינים,קילוגרמים,1.00,"ק""ג",true,,19.90,19.9000,true,1,1382586
8500,true,אבוקדו,,,אבוקדו,קילוגרמים,1.00,"ק""ג",true,,14.90,14.9000,true,1,1382589
8880,true,מארז 6 יח' בייבי חלו,,,מארז 6 יח' בייבי חלו,יח',6.00,יח',false,,10.00,1.6667,true,1,1344119
8884,true,מארז חצי בגט 4 יחידו,,,מארז חצי בגט 4 יחידו,יח',4.00,יח',false,,9.90,2.4750,true,1,1344121
8887,true,מארז שליש בגט 5 יחיד,,,מארז שליש בגט 5 יחיד,יח',5.00,יח',false,,9.90,1.9800,true,1,1344122
8888,true,מארז לחמניות 5 יחידו,,,מארז לחמניות 5 יחידו,יח',5.00,יח',false,,9.90,1.9800,true,1,1344123
9551,true,לפת,,,לפת,קילוגרמים,1.00,"ק""ג",true,,19.00,19.0000,true,1,1384321
498393,true,חלה מתוקה עגולה לא א,,,חלה מתוקה עגולה לא א,גרמים,500.00,100 גרם,false,,7.90,0.0158,true,1,2314063
799806,true,Temp Item,,,Temp Item,,0.00,,false,,0.00,0.0000,true,1,1852085
13581990,false,כתף בשר מס' 5,,,כתף בשר מס' 5,קילוגרמים,1.00,"ק""ג",true,,69.90,69.9000,true,1,2264641
32147230,false,לימונית - מיץ לימון משומר,ג'נרל מילס סאן אדריא,CH,"מיץ לימון משומר 200מ""ל",מיליליטרים,200.00,"100 מ""ל",false,,7.90,0.0395,true,1,1391806
40052403,false,קיט קט 4 אצבעות שוקולד חלב,נסטלה Nestle,DE,וופל קיט-קאט בודד,גרמים,41.50,100 גרם,false,,3.90,0.0940,true,1,1463494
40084107,false,ביצת שוקולד הפתעה קינדר,פרדי קונדטוריה אס פי,IT,ביצת הפתעה קינדר.,גרמים,20.00,100 גרם,false,,4.90,0.2450,true,1,1365289
40099132,false,מסטיק הובה בובה Hubba Bubba בטעם תות,הובה בובה Hubba Bubba,DE,מסטיק הובה בובה תות,גרמים,35.00,100 גרם,false,,2.90,0.0829,true,1,1375617
40111216,false,באונטי חטיף קוקוס ושוקולד 57ג',"נארז ע""י : א.ג. גילר",NL,57GR 'באונטי חטיף שוק,גרמים,57.00,100 גרם,false,,3.90,0.0684,true,1,1357897
40345123,false,סמרטיז גליל סוכריות כפתורים 38 ג',נסטלה Nestle,DE,סמרטיס גליל,גרמים,38.00,100 גרם,false,,3.90,0.1026,true,1,1383903
42246640,false,"ניוואה - דאודורנט רול און לאישה פאודר טאצ' נשים 50 מ""ל",beiersdorf,DE,ניוואה דאו רול און ל,יחידה,1.00,יחידה,false,,19.90,19.9000,true,1,1372410
42299363,false,"ניוואה - דאודורנט רול און לגבר פרש פאוור 50 מ""ל",ביירסדורף,DE,ניוואה דאו רול און פ,יחידה,0.00,יחידה,false,,19.90,0.0000,true,1,1521207
42315926,false,"קרם ידיים ניוואה סמוט 100 מ""ל",אלפא,DE,קרם ידיים ניוואה 100,גרמים,100.00,100 גרם,false,,19.90,0.1990,true,1,2214930
50398904,false,"קרם חמצן 6% אינדולה 60 מ""ל",גדעון קוסמטיקס,IL,"אינדולה קרם חמצן 6% 60 מ""",מיליליטרים,60.00,"100 מ""ל",false,,3.90,0.0650,true,1,1361811
50398911,false,חמצן %9 60 מ''ל אינדולה,הנקל סוד,IL,קרם חמצן 9%,מיליליטרים,60.00,"100 מ""ל",false,,3.90,0.0650,true,1,1361812
54051140,false,מעדן סויה טעם וניל אלפרו רביעיה * 125 ג',הנסיך- מפעל לייצור ט,BE,אלפרו מעדן סויה בטעם וניל,גרמים,500.00,100 גרם,false,,16.90,0.0338,true,1,1377558
54051157,false,מעדן סויה טעם שוקו אלפרו רביעיה 125 ג',אלפרו C.V.A,BE,אלפרו מעדן סויה בטעם שוקו,גרמים,500.00,100 גרם,false,,16.90,0.0338,true,1,1377559
59085645,false,דאב דאודורנט רול און בניחוח אסאי 50 מל,יוניליוור,GB,דאב דאו רולאון אסאי,מיליליטרים,50.00,"100 מ""ל",false,,17.90,0.3580,true,1,2299600
72940754,false,מעדן מילקי בטעם וניל עם קצפת,"שטראוס גרופ בע""מ",IL,מילקי וניל,גרמים,135.00,100 גרם,false,,2.80,0.0207,true,1,1380708
72940761,false,מעדן מילקי בטעם שוקולד עם קצפת,מיוצר עי קונדיטוריית,IL,מילקי שוקולד,גרמים,170.00,100 גרם,false,,2.80,0.0165,true,1,1380709
72940952,false,מעדן מילקי בטעם שוקולד עם אקסטרה קצפת,"שטראוס גרופ בע""מ",IL,מילקי אקסטרה קצפת,גרמים,170.00,100 גרם,false,,3.50,0.0206,true,1,1380710
72940976,false,כרוב אדום אחלה 250 ג',מיוצר עי קונדיטוריית,IL,כרוב אדום 250,גרמים,250.00,100 גרם,false,,6.90,0.0276,true,1,1380711
72940983,false,סלט חומוס 250 גר אחל,אחלה - שטראוס,IL,חומוס אחלה 250,גרמים,250.00,100 גרם,false,,6.90,0.0276,true,1,1798705
72941041,false,מעדן מילקי מיני בטעם שוקולד עם קצפת,"שטראוס גרופ בע""מ",IL,מעדן מילקי מיני שוקו,גרמים,70.00,100 גרם,false,,2.00,0.0286,true,1,1380713
72945308,false,קוביות שמרים לאפיה שמרית 2*25 ג',"פאקא תעשיות בע""מ",IL,שמרית קוביה,גרמים,50.00,100 גרם,false,,3.20,0.0640,true,1,1380714
72961506,false,יוגורט עם תות 1.5% שומן 125 ג' פרילי,מיוצר עי קונדיטוריית,IL,מעדן פרילי חלב תנובה,מיליליטרים,125.00,"100 מ""ל",false,,3.20,0.0256,true,1,1379045
72961520,false,יוגורט עם אננס 1.5% שומן 125 ג' פרילי,מיוצר עי קונדיטוריית,IL,מעדן פרילי אננס 125,מיליליטרים,125.00,"100 מ""ל",false,,3.20,0.0256,true,1,1379047
72961544,false,באדי יוגורט בטעם תות שדה 3%,מחלבת אלון תבור,IL,"מעדן באדי תות 125 מ""",מיליליטרים,125.00,"100 מ""ל",false,,2.80,0.0224,true,1,1379048
72964132,false,פרילי טבע עם גרנולה 1.5% 200מל,מיוצר עי קונדיטוריית,IL,מעדן פרילי טבעגורט 2,גרמים,200.00,100 גרם,false,,4.90,0.0245,true,1,1379053
72964422,false,תנובה יוגורט פרחים 4.5% 200מל,מחלבת תנובה,IL,"יוגורט 4.5% 200 מ""ל.",מיליליטרים,200.00,"100 מ""ל",false,,2.70,0.0135,true,1,1379054
72986370,false,"גלידת בן & ג'ריס פיינטים וניל 500מ""ל",מוצרי איכות אמריקאים,IL,"גל.וניל צרפתי 500 מ""ל",מיליליטרים,500.00,"100 מ""ל",false,,24.90,0.0498,true,1,1365833
72986448,false,"גלידת בן & ג'ריס פיינטים טופי קראנץ 500מ""ל",מוצרי איכות אמריקאיי,IL,"גל.טופי קראנץ 500 מ""ל",מיליליטרים,500.00,"100 מ""ל",false,,24.90,0.0498,true,1,1365835
72986455,false,"ניו יורק סופר גלידת שוקולד, חתיכות פאדג' ואגוזים",מוצרי איכות אמריקאיי,IL,גלידת שוקולד פאגד'אגוזים,מיליליטרים,500.00,"100 מ""ל",false,,24.90,0.0498,true,1,1365836
72986479,false,"צ'אנקי מנקי גלידת וניל, בננות, חתיכות פאדג' ואגוזים",מוצרי איכות אמריקאיי,IL,"גל.צ'אנקי מאנקי 500 מ""ל",מיליליטרים,500.00,"100 מ""ל",false,,24.90,0.0498,true,1,1365837
72989425,false,"גלידת בן & ג'ריס פיינטים שוקולד בראוניז 500מ""ל",מוצרי איכות אמריקאיי,IL,500 גלידה שוקולד בראוניס,מיליליטרים,500.00,"100 מ""ל",false,,24.90,0.0498,true,1,1365838
72991886,false,"גלידת דולצ'ה בטעם ריבת חלב עם פאדג' בן וג'ירי 500 מ""ל",מוצרי איכות אמריקאיי,IL,500 גלידת דולצ'ה דה לצ'ה,מיליליטרים,500.00,"100 מ""ל",false,,24.90,0.0498,true,1,1365839
72993637,false,מעדן חלב בטעם שוקולד 125 ג' דני,מחלבת אחיהוד,IL,דני שוקולד,גרמים,125.00,100 גרם,false,,2.70,0.0216,true,1,1380719
72994061,false,חטיף פסק זמן GOOD גלילית לבן 40 גרם,שולן צ'יקולטה גידה ס,IL,פסק זמן 2Good,גרמים,36.00,100 גרם,false,,4.90,0.1361,true,1,1736479
80001461,false,לואקר חטיף שוקולד 38 גר',"א. לואקר קונפקט בע""מ",AT,חטיף גרדנה מצופה,גרמים,38.00,100 גרם,false,,3.50,0.0921,true,1,1365295
80001485,false,גרדנה קוקוס 38 גר'25X יח',קריניציה ויטמינה אס,IT,חטיף גרדנה קוקוס,גרמים,38.00,100 גרם,false,,3.50,0.0921,true,1,1365296
80042556,false,POLPA עגבניות חתוכות דק 400 גרם MUTTI,"איי, בי, אינבוו",IT,עגבניות מרוסקות PO,גרמים,400.00,100 גרם,false,,5.90,0.0148,true,1,2320908
80050025,false,סוכריות טיק טק בטעם תפוז,קדבורי,ZA,סוכריות טיק טק,גרמים,16.00,100 גרם,false,,2.90,0.1812,true,1,1365298
80050124,false,סוכריות טיק טק בטעם מנטה,קדבורי,ZA,סוכריות טיק-טק,גרמים,16.00,100 גרם,false,,2.90,0.1812,true,1,1365299
80052760,false,קינדר בואנו Kinder Bueno עם חלב ואגוזי לוז,קינדר Kinder,PL,קינדר בואנו שוקולד ב,גרמים,43.00,100 גרם,false,,3.50,0.0814,true,1,1365304
80052883,false,סוכריות מנטה חזק 16 ג' טיק טק,פררו,ZA,סוכריות טיק טק,גרמים,16.00,100 גרם,false,,2.90,0.1812,true,1,2268087
80136194,false,חטיפי הפי היפו Happy Hippo במילוי קרם חלבי ואגוזי לוז,קינדר Kinder,DE,הפי היפו חמישייה,גרמים,103.50,100 גרם,false,,12.90,0.1246,true,1,1776209
80176732,false,קינדר הפי היפו 28 יחידות,קדבורי,DE,חטיף קינדר היפו שוקו,גרמים,20.50,100 גרם,false,,2.90,0.1415,true,1,1365306
80176800,false,נוטלה ממרח שוקולד 750 גרם,פררו תעשיות איטליה ס,IT,ממרח נוטלה 750 גרם,גרמים,750.00,100 גרם,false,,24.90,0.0332,true,1,1365307
80177173,false,ממרח אגוזי לוז עם קקאו,נוטלה Nutella,IT,ממרח נוטלה 350 גרם,גרמים,350.00,100 גרם,false,,13.90,0.0397,true,1,1365308
80177180,false,שוקולד קינדר קאונטרי 23.5 גרם,ליימן שליסל,IT,שוקולד קינדר קאנטרי.,גרמים,23.50,100 גרם,false,,2.00,0.0851,true,1,1365309
80177609,false,אצבעות שוקולד קינדר Kinder ארבע יחידות,קינדר Kinder,IT,שוקולד קינדר אצבעות,גרמים,50.00,100 גרם,false,,3.50,0.0700,true,1,1365311
80177616,false,אצבעות שוקולד קינדר Kinder שמונה יחידות,קינדר Kinder,IT,שוקולד קינדר,גרמים,100.00,100 גרם,false,,6.90,0.0690,true,1,1365312
80310549,false,הפי היפו חטיף קינדר שוקולד לבן 20.5ג',קדבורי,DE,חטיף קינדר היפו שוקו,גרמים,20.50,100 גרם,false,,2.90,0.1415,true,1,1776210
80310891,false,ביצת הפתעה קינדר ג'וי כתום,פררו,ZA,קינדר ג'וי ביצת הפתע,גרמים,20.00,100 גרם,false,,4.90,0.2450,true,1,2363812
80761761,false,קינדר בואנו לבן בודד 39 גרם,ליימן שליסל,PL,קינדר בואנו לבן בודד,גרמים,39.00,100 גרם,false,,3.50,0.0897,true,1,1365315
80762362,false,מסטיק מנטוס וויט בטעם מנטה אקליפטוס 105ג',"אינסטנטה בע""מ",TR,מסטיק מנטוס וויט תות,גרמים,60.00,100 גרם,false,,9.90,0.1650,true,1,1607896
80768838,false,מסטיק מנטוס וויט ביג פירות ומנטה 105 ג',פרפטי ואן מלה,TR,מסטיק מנטוס בטעם פיר,גרמים,90.00,100 גרם,false,,16.90,0.1878,true,1,1522149
80773429,false,מסטיק מנטוס פיור פרש בבקבוק בינוני בטעם תות 60 ג',"פרפטי ואן מלה ג'ידה,",NL,מסטיק מנטוס תות 60 ג,גרמים,60.00,100 גרם,false,,9.90,0.1650,true,1,1832071
80773443,false,מסטיק מנטוס בבקבוק מעוגל בטעם מנטה מעודנת 60 ג',"פרפטי ואן מלה ג'ידה,",NL,מסטיק מנטוס פירות 60,גרמים,60.00,100 גרם,false,,9.90,0.1650,true,1,1640889
80776307,false,מסטיק מנטוס ביג בבקבוק מעוגל טעם פירות מנטה 90 ג',פרפטי ואן מלה,NL,מסטיק מנטוס בטעם פיר,גרמים,90.00,100 גרם,false,,16.90,0.1878,true,1,1640890
80790990,false,מסטיק מנטוס בבקבוק מעוגל בטעם פירות -מנטה 60 ג',"פרפטי ואן מלה ג'ידה,",NL,מסטיק מנטוס פירות,גרמים,60.00,100 גרם,false,,9.90,0.1650,true,1,1640892
80794233,false,מסטיק מנטוס ביג בבקבוק מעוגל טעם מנטה 90 ג',פרפטי ואן מלה,NL,מסטיק מנטוס בטעם מנט,גרמים,90.00,100 גרם,false,,16.90,0.1878,true,1,1640893
80804697,false,מסטיק וויט White בטעם מנטה מתוקה ללא סוכר,פרפטי ואן מלה,TR,מסטיק מנטוס בטעם מנט,גרמים,105.00,100 גרם,false,,16.90,0.1610,true,1,1522151
80809265,false,טורטינה בודד חמאת בוטנים 21 ג' לואקר,לואקר,AT,עוגיית לואקר טורטינה,גרמים,21.00,100 גרם,false,,3.50,0.1667,true,1,2354685
80820970,false,שוקולד חלב ממולא קרם קרמל ועלי וופל פריכ,לואקר Loacker,,עוגיית לואקר טורטינה,גרמים,21.00,100 גרם,false,,3.50,0.1667,true,1,2279286
80831402,false,סוכריות מנטוס מנטה עדינה 30 יח' ללא סוכר CLEAN BREATH,פרפטי ואן מלה,TR,סוכריות מנטוס מנטה ע,גרמים,31.00,100 גרם,false,,6.90,0.2226,true,1,2241526
80832560,false,סוכריות מנטוס פירות יער 21 ג' ללא סוכר CLEAN BREATH,פרפטי ואן מלה,TR,סוכריות מנטוס פירות,גרמים,31.00,100 גרם,false,,6.90,0.2226,true,1,2354344
80843184,false,מנטוס מסטיק פיור פרש בטעם ענבים 60גר,פרפטי ואן מלה ברדה,NL,מסטיק מנטוס ענבים,גרמים,60.00,100 גרם,false,,9.90,0.1650,true,1,2309348
80850885,false,מסטיק מנטוס -מנטוס וויט מנטה עדינה,פרפטי ואן מלה,TR,מסטיק מנטוס וויט מנט,גרמים,60.00,100 גרם,false,,9.90,0.1650,true,1,1365328
80854753,false,סוכריות מנטוס מנטה 30 יח' ללא סוכר CLEAN BREATH,פרפטי ואן מלה,TR,סוכריות מנטוס מנטה ל,גרמים,31.00,100 גרם,false,,6.90,0.2226,true,1,2241527
80864059,false,וופל גרדנה עם קרם חמאת בוטנים בציפוי שוקולד חלב,ליימן מותגים,AT,חטיף וופל גרדנה אגוז,גרמים,21.00,100 גרם,false,,3.50,0.1667,true,1,2347686
80864295,false,סוכריות פיור וויט טעם מנטה עדינה 60 ג' מנטוס,"פרפטי ואן מלה ג'ידה,",TR,מסטיק מנטוס וויט מנט,גרמים,60.00,100 גרם,false,,9.90,0.1650,true,1,2311854
80896081,false,מסטיק מנטוס פיור פרש בבקבוק בינוני בטעם אבטיח 60 ג',"פרפטי ואן מלה ג'ידה,",NL,מסטיק מנטוס אבטיח 60,גרמים,60.00,100 גרם,false,,9.90,0.1650,true,1,1832072
80913467,false,מסטיק מנטו בבקבוק מעוגל בטעם מנטה 60 ג',פרפטי ואן מלה ברדה,NL,מסטיק מנטוס מנטה,גרמים,60.00,100 גרם,false,,9.90,0.1650,true,1,1640894
80936848,false,סוכריות טיק טק תות שדה 24 יח',ליימן שליסל,ZA,סוכריות טיק-טק,גרמים,16.00,100 גרם,false,,2.90,0.1812,true,1,1365334
80945468,false,סוכריות פיור וויט טעם מנטה מתוקה 60 ג' מנטוס,"פרפטי ואן מלה ג'ידה,",TR,מסטיק מנטוס וויט מנט,גרמים,60.00,100 גרם,false,,9.90,0.1650,true,1,2311855
80974215,false,מסטיק מנטוס פיור פרש בבקבוק ביג בטעם תות 90ג',פרפטי ואן מלה,NL,מסטיק מנטוס בטעם תות,גרמים,90.00,100 גרם,false,,16.90,0.1878,true,1,2015933
80979128,false,מנטוס מסטיק בקבוק מעוגל בטעם דובדבן,פרפטי ואן מלה ברדה,TR,מסטיק מנטוס דובדבן,גרמים,60.00,100 גרם,false,,9.90,0.1650,true,1,2309349
80982470,false,מסטיק מנטוס פיור פרוסט בטעם מנטה חזק 60 גר',פרפטי ואן מלה ברדה,NL,מסטיק מנטוס מנטה חזק,גרמים,60.00,100 גרם,false,,9.90,0.1650,true,1,2290367
80986348,false,סוכריות פיור וויט טעם מנטה 60 ג' מנטוס,"פרפטי ואן מלה ג'ידה,",TR,מסטיק מנטוס וויט מנט,גרמים,60.00,100 גרם,false,,9.90,0.1650,true,1,2311856
80995128,false,מנטוס - מסטיק בטעם הדרים בתוספת ויטמינים 60 גרם,פרפטי ואן מלה ברדה,TR,מסטיק מנטוס הדרים 6,גרמים,60.00,100 גרם,false,,9.90,0.1650,true,1,2371049
87108538,false,סוכריות מנטוס Mentos תות שדה,הדקלאים אגודת שיתופי,NL,מנטוס תות בודד,גרמים,37.00,100 גרם,false,,3.00,0.0811,true,1,1365339
87108651,false,מארז סוכריות מנטוס Mentos מנטה,הדקלאים אגודת שיתופי,NL,מנטוס 1/4 טעם מנטה,גרמים,150.00,100 גרם,false,,10.90,0.0727,true,1,1365340
87108712,false,מארז סוכריות מנטוס Mentos פירות,פרפטי ואן מלה ברדה,NL,מנטוס 1/4 טעם פירות,גרמים,150.00,100 גרם,false,,10.90,0.0727,true,1,1365341
87354041,false,מנטוס גליל בטעם דובדבן 40גלילים,פרפטי ואן מלה,NL,מנטוס דובדבן בודד,גרמים,37.50,100 גרם,false,,3.00,0.0800,true,1,2310735
88888100,true,מוכרנים - מוצרי חשמל,,,מוכרנים - מוצרי חשמל,,0.00,,false,,0.00,0.0000,true,1,2184477
90087547,false,מיץ עגבניות 1 ליטר ראוך קרטונית,ראוך Rauch,HU,מיץ עגבנית 1 ליטר,ליטרים,1.00,ליטר,false,,11.90,11.9000,true,1,1994599
90087974,false,חומץ טבעי מתפוחים 750 מל,ראוך פרוכטסאפה,AT,"חומץ מתפוחים 750 מ""ל",מיליליטרים,750.00,"100 מ""ל",false,,12.90,0.0172,true,1,1378436
90087998,false,"מיץ לימון טבעי 250 מ""ל",ראוך Rauch,,מיץ לימון טבעי 250 מ,מיליליטרים,250.00,"100 מ""ל",false,,5.90,0.0236,true,1,1378437
90162602,false,רד בול משקה אנרגיה פקדון 30 אג,רד בול ג'י.אם.בי. אץ,IL,משקה רד-בול אנרגיה.,מיליליטרים,250.00,"100 מ""ל",false,,5.90,0.0236,true,1,1386120
90446269,false,"משקה רד בול אבטיח מוגז פחית 250 מ""ל",ראון פרוכטסאפה,AT,משקה רד-בול אנרגיה א,מיליליטרים,250.00,"100 מ""ל",false,,5.90,0.0236,true,1,2298560
90448867,false,"משקה אנרגיה רד בול ללא פחמימות 250 מ""ל",רד בול,AT,משקה רד-בול אנרגיה ל,מיליליטרים,250.00,"100 מ""ל",false,,5.90,0.0236,true,1,2352210
96033531,false,"דאו דאב רול און רימונים ולואיזה 50 מ""ל",יוניליוור HPC,GB,דאב רול און רימונים,מיליליטרים,50.00,"100 מ""ל",false,,17.90,0.3580,true,1,2097154
96137130,false,"דאודורנט דאב רול און אגס ואלוורה 150 מ""ל",יוניליוור פיליפינים,GB,דאב רולאון אגס אלוור,מיליליטרים,50.00,"100 מ""ל",false,,17.90,0.3580,true,1,1962601
1179256952,false,צלחת פיראטים יוניק 8,,,צלחת פיראטים יוניק 8,000000000000000000יח,8.00,000000000000000000יח,false,,9.90,1.2375,true,1,1376148
9800800056,false,חטיף שוקולד עם מקלות לחם אנד גו,נוטלה Nutella,DE,ממרח נוטלה אנד גו,גרמים,52.00,100 גרם,false,,4.90,0.0942,true,1,1519797
11210000032,false,רוטב טבסקו משפחתי 35,מקאילהייני Mc.Ilhenn,US,טבסקו אדום משפחתי,מיליליטרים,350.00,"100 מ""ל",false,,49.90,0.1426,true,1,1368510
11210000094,false,"רוטב ""טבסקו"" על בסיס פלפל אדום 60 מ""ל",מקאילהייני אייבורי,US,טבסקו אדום,מיליליטרים,60.00,"100 מ""ל",false,,9.90,0.1650,true,1,1368511
11210007253,false,"רוטב ""טבסקו"" על בסיס פלפל אדום ושום 60 מ""ל",מקאילהייני אייבורי,US,טבסקו שום,מיליליטרים,60.00,"100 מ""ל",false,,9.90,0.1650,true,1,1368515
11210009387,false,רוטב טבסקו פלפל ירוק,מקאילהייני אייבורי,US,טבסקו ירוק,מיליליטרים,60.00,"100 מ""ל",false,,9.90,0.1650,true,1,1368516
11210698055,false,רוטב טבסקו סרירציה 566 גרם,מקאילהייני קו,US,טבסקו רוטב סרירצ'ה,מיליליטרים,566.00,"100 מ""ל",false,,24.90,0.0440,true,1,2270167
16000185517,false,דגני בוקר פייבר וואן עתירי סובין FIBRE1,בטר אנד דיפרנט,US,דגני בוקר פייבר וואן,גרמים,555.00,100 גרם,false,,27.90,0.0503,true,1,2325594
16000281684,false,חטיף שיבולת שועל פקאן חמישיה*42 ג' קראנצ'י,ליימן מותגים,US,קראנצי בטעם פקאן חמישייה,גרמים,210.00,100 גרם,false,,14.90,0.0710,true,1,1365352
16000423534,false,ניטשר ואלי חטיף שיבולת שועל שוקולד מריר קראנצי 210ג',ג'נרל מילס סאן אדריא,ES,קראנצי שיבולת שועל ושוקול,גרמים,210.00,100 גרם,false,,14.90,0.0710,true,1,1365353
16000548404,false,ניטשר ואלי חטיף קראנצי גרנולה שיבולת שועל 210 ג',ג'נרל מילס סאן אדריא,ES,קראנצי בטעם שיבולת שועל ו,גרמים,210.00,100 גרם,false,,14.90,0.0710,true,1,1365358
16000548503,false,ניטשר ואלי קראנצי חטיף גרנולהומייפל 10 יח' 210 ג',ג'נרל מילס סאן אדריא,ES,קראנצי בטעם מייפל וסוכר ח,גרמים,210.00,100 גרם,false,,14.90,0.0710,true,1,1365359
16000548602,false,נייטשר וואלי חטיף קראנצ'י קינמון 210ג',ג'נרל מילס סאן אדריא,ES,קראנצי בטעם קנמון 210 גר,גרמים,210.00,100 גרם,false,,14.90,0.0710,true,1,1365360
16000548909,false,נ.וואלי קראנצי חטיף גרנולה אריזת חמישייה,ג'נרל מילס סאן אדריא,ES,חטיף ניישטר וואלי 1/5 ברי,גרמים,210.00,100 גרם,false,,14.90,0.0710,true,1,1365361
16229924263,false,קרם קוקוס 100% ארוי,ויט ורלד קומפני,,"קרם קוקוס 250 מ""ל",מיליליטרים,250.00,"100 מ""ל",false,,9.90,0.0396,true,1,2267443
18000701223,false,תערובת לעוגת שוקולד 517 גרם פילסבורי,הדקלאים אגודת שיתופי,IL,תערובת לעוגת שוקולד 517 ג,גרמים,500.00,100 גרם,false,,19.90,0.0398,true,1,1365363
18000703494,false,תערובת עוגת וניל פיסברי 500 גר',הדקלאים אגודת שיתופי,IL,תערובת לעוגת וניל 517 גרם,גרמים,500.00,100 גרם,false,,19.90,0.0398,true,1,1365364
18000703517,false,תערובת עוגת שיש פילסברי 500 גר',הדקלאים אגודת שיתופי,IL,תערובת לעוגת שיש 550 גרם,גרמים,550.00,100 גרם,false,,19.90,0.0362,true,1,1365365
18000766413,false,תערובת להכנת עוגה בטעם שוקולד,הדקלאים אגודת שיתופי,IL,תערובת לבראוניס 552 גרם,גרמים,550.00,100 גרם,false,,19.90,0.0362,true,1,1365366
18200004735,false,"בירה ביאלומיניום באדוויזר 473 מ""ל בקבוק",IBBLS,US,בירה באדוויזר,מיליליטרים,473.00,"100 מ""ל",false,,12.90,0.0273,true,1,2243656
19548003107,false,בלוק צימקאו שוקולד לבן אופנהיימר 300 גר,אופנהיימר,IL,בלוק צימקאו לבן 300,גרמים,300.00,100 גרם,false,,8.90,0.0297,true,1,2131891
22200956932,false,דאודורנט ספיד סטיק גל 24/7 כחול 85 גר,הנסיך- מפעל לייצור ט,US,ספיד סטיק 24/7 גל כחול,גרמים,51.00,100 גרם,false,,17.90,0.3510,true,1,1377561
22200956949,false,דאודורנט ספיד סטיק גל 24/7 כתום 85 גר,קולגייט פלמוליב,BY,ספיד סטיק 24/7 גל כתום,גרמים,51.00,100 גרם,false,,17.90,0.3510,true,1,1377562
25675120006,false,חמצוצים 4 צבעים טעמים טבעי 100 גרם,חמצוצים,NL,מקלות חמוצים 4 טעמים ללא,גרמים,100.00,100 גרם,false,,6.90,0.0690,true,1,1385268
25675120020,false,סאוור סטיקס Sour Sticks בטעם אוכמניות,פשקז Paskesz,NL,מקלות חמוצים פטל,גרמים,100.00,100 גרם,false,,6.90,0.0690,true,1,1385269
25675120037,false,מקלות חמצוצים תות 100 גרם,פאסין,NL,מקלות חמוצים תות,גרמים,100.00,100 גרם,false,,6.90,0.0690,true,1,1385270
25675120044,false,סאוור סטיקס Sour Sticks בטעם תפוח,פשקז Paskesz,NL,מקלות חמוצים תפוח עץ,גרמים,100.00,100 גרם,false,,6.90,0.0690,true,1,1385271
25675120068,false,סאוור סטיקס Sour Sticks בטעם קולה,פשקז Paskesz,NL,מקלות חמוצים קולה,גרמים,100.00,100 גרם,false,,6.90,0.0690,true,1,1385272
25675121027,false,חמצוצים רחב צבעוני רחב בטעמים 115 גרם,,NL,חמצוצים רחב צבעוני,גרמים,115.00,100 גרם,false,,6.90,0.0600,true,1,2276874
25675121034,false,חמצוצים רחבים תות 115 גר,חמצוצים,NL,שטיח חמוץ תות,גרמים,115.00,100 גרם,false,,6.90,0.0600,true,1,1385277
25675121041,false,סאוור בלטס Sour Belts בטעם אוכמניות,פשקז Paskesz,NL,שטיח חמוץ פטל,גרמים,115.00,100 גרם,false,,6.90,0.0600,true,1,1385278
25675121058,false,"חמצוצים רחבים תפו""ע 115 גר",חמצוצים,NL,שטיח חמוץ תפוח עץ,גרמים,115.00,100 גרם,false,,6.90,0.0600,true,1,1385279
25675301092,false,פשקס - חמצוצים מקלות צבעונים 50 גרם,פאסין,NL,מקלות חמוצים 4 טעמים ללא,גרמים,40.00,100 גרם,false,,4.90,0.1225,true,1,1385286
25675301153,false,סאוור סטיקס Sour Sticks בטעם אוכמניות,פשקז Paskesz,NL,מקלות חמוצים פטל,גרמים,50.00,100 גרם,false,,4.90,0.0980,true,1,1385288
25675301184,false,חמצוצים מקלות חמוצים קולה 50 גרם,פשקז Paskesz,NL,מקלות חמוצים קולה,גרמים,50.00,100 גרם,false,,4.90,0.0980,true,1,1385289
25675301207,false,מקלות חמוצים חמצוצים תפוח עץ 50 גרם,פשקז Paskesz,NL,מקלות חמוצים תפוח עץ,גרמים,50.00,100 גרם,false,,4.90,0.0980,true,1,1385290
25700005650,false,שקיות הקפאה גדולות- 14 יח' זיפלוק,אס.סי.גונסון ובניו,US,שקיות הקפאה גדולות ז,יח',14.00,יח',false,,12.90,0.9214,true,1,2267803
25700005681,false,שקיות אחסון סליידר בינוניות -20 יח' זיפלוק,אס.סי גונוסון,US,שקיות אחסון סליידר ב,יח',20.00,יח',false,,15.90,0.7950,true,1,2267805
25700005698,false,שקיות אחסון בינוניות- 24 יח' זיפלוק,אס.סי.גונסון ובניו,US,שקיות אחסון בינוניות,יח',24.00,יח',false,,12.90,0.5375,true,1,2267806
31290140176,false,שוקולוד מריר בתוספת שקדים שוקולד גודייבה פינגרס,גודייבה,TR,שוקולד גודייבה סטיקס,גרמים,90.00,100 גרם,false,,14.90,0.1656,true,1,2269239
33200147701,false,פרש&סופט דפים למייבש בניחוח טרופי 100 יח,פרש אנד סופט Frash'n soft,US,פרש&סופט100 ורוד למייבש,יח',100.00,יח',false,,24.90,0.2490,true,1,1348098
33617322616,false,קרקר ואזה 203-275 גרם מקמח שיפון,כלורוקס אוקלנד,SE,'ואזה קלה מקמח שיפון 270,גרמים,270.00,100 גרם,false,,12.90,0.0478,true,1,1348101
33617340610,false,קרקר ואזה 203-275 גרם מקמח שיפון 275,כלורוקס אוקלנד,SE,'ואזה מקמח שיפון 275 ג,גרמים,275.00,100 גרם,false,,12.90,0.0469,true,1,1348102
34000148301,false,הרשי נטיפי שוקולד מריר לאפייה 340 גר,ליימן מותגים,,נטיפים לאפייה שוקולד,גרמים,340.00,100 גרם,false,,18.90,0.0556,true,1,1783614
34000196173,false,קוקיס אנד קרים בטעם שוקולד לבן עם שברי עוגיות,ליימן מותגים,,טבלת שוקולד הרשיס קו,גרמים,113.00,100 גרם,false,,7.90,0.0699,true,1,1434000
34000312177,false,סירופ שוקולד הרשי 680 ג',ליימן מותגים,US,סירופ שוקולד HERSHEY,גרמים,680.00,100 גרם,false,,19.90,0.0293,true,1,1365375
34000442652,false,שוקולד חלב ריסס Reese's במילוי חמאת בוטנים,ליימן מותגים,,טבלת שוקולד ריזס,גרמים,120.00,100 גרם,false,,7.90,0.0658,true,1,1434001
34000544028,false,סוכריות ארוכות בטעם תות טוויזלרס Twizzlers,ליימן מותגים,US,ממתקי טוויזלרס תות שדה 1,גרמים,198.00,100 גרם,false,,7.90,0.0399,true,1,1365378
35000458476,false,קולגייט מברשת שיניים ילדים מארז רביעייה,קולגייט פלמוליב,VN,מברשת שיניים קולגייט,יח',4.00,יח',false,,19.90,4.9750,true,1,2200133
37600207188,false,חמאת בוטנים סקיפי קלאסי 462 גר',חברת המזון אלגוד,US,ממרח סקיפי 462 גרם,גרמים,462.00,100 גרם,false,,19.90,0.0431,true,1,1345834
37600207256,false,חמאת בוטנים סקיפי עם שברי בוטנים 462 גר',חברת המזון אלגוד,US,ממרח סקיפי 462 גרם ש,גרמים,462.00,100 גרם,false,,19.90,0.0431,true,1,1345835
37600207287,false,חמאת בוטנים סקיפי עם דבש,חברת המזון אלגוד.,US,ממרח סקיפי 462 גרם ד,גרמים,462.00,100 גרם,false,,19.90,0.0431,true,1,1345836
38000138607,false,חטיף צ'יפס בטעם מלח וחומץ,מנופקצורי קטמפני,US,חטיף פרינגלס חומץ מל,גרמים,158.00,100 גרם,false,,8.90,0.0563,true,1,2185812
38000138638,false,חטיף תפוא פרינגלס פי,פרינגלס מנופקצורינג,US,חטיף פרינגלס 158 גרם,גרמים,158.00,100 גרם,false,,8.90,0.0563,true,1,1721448
38000138720,false,פרינגלס  תכלת ראנץ 158 ג',פרינגלס מניופקצ'ורינ,US,חטיף פרינגלס 158 גרם,גרמים,158.00,100 גרם,false,,8.90,0.0563,true,1,1937220
38000169663,false,פרינגלס אורגינל מגה 194 גר',פרינגלס Pringles,,חטיף פרינגלס אורגינל,גרמים,191.00,100 גרם,false,,11.90,0.0623,true,1,2264562
38000183690,false,פרינגלסמידי ברביקיו 71 גרם - חדש,פרינגלס Pringles,US,פרינגלס 71 גרם ברביק,גרמים,71.00,100 גרם,false,,4.90,0.0690,true,1,1858860
38000183928,false,פרינגלס חרדל ודבש 158 גרם,פרינגלס מניופקצ'ורינ,US,חטיף פרינגלס 158 חרד,גרמים,158.00,100 גרם,false,,8.90,0.0563,true,1,2264563
38000197840,false,פרינגלס גלי בטעם חריף מתוק 137 ג',פרינגלס מניופקצ'ורינ,US,חטיף פרינגלס 137 בטע,גרמים,137.00,100 גרם,false,,8.90,0.0650,true,1,2264564
38000202278,false,חטיף צ'יפס גלי בטעם אורגינל מלוח,פרינגלס מניופקצ'ורינ,US,פרינגלס גלי בטעם אור,גרמים,130.00,100 גרם,false,,8.90,0.0685,true,1,2269954
38000232152,false,פרינגלס ברביקיו 158 גרם – חדש,פרינגלס מניופקצ'ורינ,US,חטיף פרינגלס 158 גרם,גרמים,158.00,100 גרם,false,,8.90,0.0563,true,1,2230263
38000232169,false,פרינגלס מידי אורגינל 71 גרם,פרינגלס מניופקצ'ורינ,US,פרינגלס 67 גרם אורגי,גרמים,67.00,100 גרם,false,,4.90,0.0731,true,1,2230264
38000232176,false,חטיף צ'יפס שמנת חמוצה ובצל,פרינגלס מניופקצ'ורינ,US,חטיף פרינגלס 158 גרם,גרמים,158.00,100 גרם,false,,8.90,0.0563,true,1,2230256
38000232183,false,פרינגלס אוריגינל 149 גרם,פרינגלס מניופקצ'ורינ,US,חטיף פרינגלס 149 גרם,גרמים,149.00,100 גרם,false,,8.90,0.0597,true,1,2230257
38000845253,false,פרינגלס שמנת בצל 71 גרם מידי,פרינגלס מנופקצורינג,US,פרינגלס 71 גרם שמנת,גרמים,71.00,100 גרם,false,,4.90,0.0690,true,1,1456979
38527591053,false,קואקר דגנים מרובעים שיבולת שועל וקינמון,BEVERAGES FOODS & SE,US,קוואקר ריבועים קנמון 411,גרמים,412.00,100 גרם,false,,19.90,0.0483,true,1,1382033
38527591060,false,דגני קוואקר מרובעים Quaker Squares עם סוכר חום,BEVERAGES FOODS & SE,US,קוואקר ריבועים סוכר חום 4,גרמים,412.00,100 גרם,false,,19.90,0.0483,true,1,1382034
40000513629,false,M&M's חמאת בוטנים אריזה גדולה 152 גרם,מארס,US,חטיף חמאת בוטנים m&m,גרמים,156.00,100 גרם,false,,9.90,0.0635,true,1,1749749
40000514480,false,M&M אריזה קטנה's שוקולד אריזה קטנה 48 גרם,M&M אם אנד אם,US,עדשי שוקולד אם אנד א,גרמים,48.00,100 גרם,false,,4.90,0.1021,true,1,1518531
40000514510,false,M&M אריזה קטנה's בוטנים אריזה קטנה 49 גרם,M&M אם אנד אם,US,עדשי שוקולד אם אנד א,גרמים,49.00,100 גרם,false,,4.90,0.1000,true,1,1512166
41224700062,false,צלפים מיניאטורים במלח 75 גר,סיבס,TR,צלפים מינאטורים במלח,גרמים,75.00,100 גרם,false,,12.90,0.1720,true,1,2220920
41390000058,false,"רוטב טריאקי קיקומן 296 מ""ל",קיקומן פודז אינק,US,"רוטב טריאקי 296 מ""ל",מיליליטרים,296.00,"100 מ""ל",false,,17.90,0.0605,true,1,1345845
41390001079,false,"רוטב סויה מופחת נתרן קיקומן 444 מ""ל",קיקומן פודז אינק,US,רוטב סויה קיקומן 444,מיליליטרים,444.00,"100 מ""ל",false,,19.90,0.0448,true,1,1345848
41390001451,false,רוטב סויה קיקומן 1.2,קיקומן פודז אינק,US,רוטב סויה 1.2 ליטר,מיליליטרים,1200.00,"100 מ""ל",false,,44.90,0.0374,true,1,1345849
41390010309,false,"רוטב טריאקי קיקומן 444 מ""ל",קיקומן פודז אינק,US,רוטב טריאקי קיקומן 4,מיליליטרים,444.00,"100 מ""ל",false,,19.90,0.0448,true,1,1345850
42400108153,false,דגני בוקר צבעוניים בטעם פירות טוטי פרוטיס,פוסט ארצות הברית,US,דגני פרוטי פבלס.,גרמים,354.00,100 גרם,false,,22.90,0.0647,true,1,2270698
44164095694,false,פתיל צף עגול גדול -שרגא-כולל פינצטה,,,פתיל צף עגול גדול שר,יחידה,0.00,יחידה,false,,3.90,0.0000,true,1,2265031
44600300580,false,כלורוקס קלין אפ פרש נוזל לניקוי רב תכלית,כלורוקס אוקלנד,US,כלורקס קלין אפ פרש 9,מיליליטרים,946.00,"100 מ""ל",false,,19.90,0.0210,true,1,2267920
46214372250,false,"עוגיות שטרודל פריכות תפו""ע וצימוקים",מרבה Merba,NL,מרבה עוגיות שטרודל תפוחי,גרמים,200.00,100 גרם,false,,8.90,0.0445,true,1,1377567
46214382259,false,עוגיות בראוניס שוקולד 225 ג',בנקטבקריי מרבה בי.וי,NL,מרבה עוגיות בראוניס,גרמים,200.00,100 גרם,false,,8.90,0.0445,true,1,1377568
46214731552,false,עוגיות שוקולד ציפס מובחרות 225 ג',קריניציה ויטמינה אס,NL,מרבה עוגיות 37% שוקולד צ,גרמים,225.00,100 גרם,false,,8.90,0.0396,true,1,1377569
50000084500,false,מזון יבש לחתול בטעם נתחי ברביקיו פריסקיז Friskies,נסטלה פורינה USA מק,US,פורינה פריסקיז עם נתחי בר,קילוגרמים,1.43,"ק""ג",false,,34.90,24.4056,true,1,1344656
50000100347,false,"פריסקיז - מעדני החתול מועשר בחלב 1.40 ק""ג",נסטלה פורינה USA מק,US,פורינה פריסקיז מעדני החתו,קילוגרמים,1.43,"ק""ג",false,,34.90,24.4056,true,1,1344658
50000168583,false,"פריסקיז אקסטרא קראנץ 1.43 ק""ג",פריסקיז,US,פריסקיז אקסטרא קראנץ,קילוגרמים,1.43,"ק""ג",false,,29.90,20.9091,true,1,2288379
50000237951,false,פריסקיז פרטי מיקס גר,פורינה,US,פריסקיז פרטי מיקס גר,גרמים,60.00,100 גרם,false,,8.90,0.1483,true,1,2355010
50000292615,false,פנסי פיסט נתחי עוף לבבות וכבד 85 גר,נסטלה פורינה USA סט,US,פנסי פיסט לבבות עוף,גרמים,85.00,100 גרם,false,,4.90,0.0576,true,1,1462173
50000429042,false,פנסי פיסט - כבד עם מעדני עוף 85 גרם,נסטלה פורינה USA ג',US,פנסי פיסט פטה כבד ועוף -,גרמים,85.00,100 גרם,false,,4.90,0.0576,true,1,1344666
50000434640,false,פנסי פיסט נתחי עוף לבבות וכבד 85 גר,נסטלה פורינה USA סט,US,פנסי פיסט נתחי לבבות עוף,גרמים,85.00,100 גרם,false,,4.90,0.0576,true,1,1344670
50000445691,false,פריסקיז 156 גרם נתחי עוף וסלומון ברוטב,נסטלה פורינה USA קר,US,פורינה פריסקיז נתחי עוף,גרמים,156.00,100 גרם,false,,4.90,0.0314,true,1,1344671
50000571987,false,פירסקיז נתחי עוף ברוטב 156 ג',נסטלה פורינה USA קר,US,פורינה פריסקיז נתחי עוף ב,גרמים,156.00,100 גרם,false,,4.90,0.0314,true,1,1344672
50000578238,false,פריסקיז פרטי מיקס קר,פורינה,US,פריסקיז פרטי מיקס קר,גרמים,60.00,100 גרם,false,,8.90,0.1483,true,1,2355014
51141234892,false,סקוטש ברייט גליל ניירות דביקים 60 דף,3m,,גליל דביר לניקוי בגד,יחידה,0.00,יחידה,false,,29.90,0.0000,true,1,2316145
51141239590,false,מטלית לניקוי נירוסטה,3m,CN,מטלית לניגוב נירוסטה,יחידה,0.00,יחידה,false,,12.90,0.0000,true,1,1343945
51500255162,false,"חמאת בוטנים לל""ג JIF אריזת 454ג'",ג'י.אס.קיי קונסיומר,US,חמאת בוטנים ג'יפ 454,גרמים,454.00,100 גרם,false,,14.90,0.0328,true,1,2298753
52100002613,false,כורכום טחון מקורמיק,מקורמיק,US,כורכום טחון,גרמים,27.80,100 גרם,false,,16.90,0.6079,true,1,1957951
52100070735,false,תמצית קוקוס מקורמיק,מקורמיק,,תמצית קוקוס,מיליליטרים,29.00,"100 מ""ל",false,,15.90,0.5483,true,1,2223872
52100070865,false,תמצית וניל טהור מקור,מקרומיק תבלינים,US,וניל טהור 29 מל,מיליליטרים,29.00,"100 מ""ל",false,,29.90,1.0310,true,1,1357924
52100070995,false,תמצית וניל מקורמיק 2,מקורמיק,US,תמצית טעם וניל,מיליליטרים,59.00,"100 מ""ל",false,,9.90,0.1678,true,1,1957388
52100746043,false,תערובת פלפלים במטחנה 24 גר,מקרומיק תבלינים,FR,תערובת פלפלים במטחנה 24 ג,גרמים,28.30,100 גרם,false,,19.90,0.7032,true,1,1357932
54881000031,false,תה שחור ורד דובדבן 20 שקיות אחמד,תה אחמד Ahmad tea,AE,תה שחור ורד דובדבן 2,גרמים,40.00,100 גרם,false,,9.90,0.2475,true,1,1532554
54881000048,false,תה במבחר פרי הדר 20 שקיקים אחמד,אחמד תה אנגליה,AE,תה שחור פרחי הדר 20ש,גרמים,40.00,100 גרם,false,,9.90,0.2475,true,1,1637589
54881000055,false,תה שחור מבחר פירות 20 שקיות אחמד,אחמד תה אנגליה,,תה שחור פירות 20שקיו,גרמים,40.00,100 גרם,false,,9.90,0.2475,true,1,1534661
54881000062,false,תה שחור לימונית וקמומיל 20 שקיות אחמד,אחמד תה אנגליה,AE,תה שחור לימון וקמומי,גרמים,40.00,100 גרם,false,,9.90,0.2475,true,1,1532555
54881001137,false,מארז 6 סוגי חליטות תה ירוק בטעמים שונים,תה אחמד Ahmad tea,,חליטות 6 סוגים 60 שק,גרמים,115.00,100 גרם,false,,29.90,0.2600,true,1,2224463
54881001779,false,קופסת תה 12 טעמים 60 שקיות,תה אחמד Ahmad tea,,תה 12 סוגים 60 שק',גרמים,120.00,100 גרם,false,,29.90,0.2492,true,1,1378440
54881003971,false,תה ירוק מבחר 20 שקיקים,אחמד תה אנגליה,AE,תה ירוק 20 שקיות,גרמים,40.00,100 גרם,false,,9.90,0.2475,true,1,1378441
54881003988,false,תה שחור ארבעת הסוגים,תה אחמד Ahmad tea,,תה 4 סוגים 20 שקיות,גרמים,40.00,100 גרם,false,,9.90,0.2475,true,1,1476850
54881003995,false,תה שחור פירות 20 שקיקים אחמד,אחמד תה אנגליה,,תה פירות 20 שק',גרמים,40.00,100 גרם,false,,9.90,0.2475,true,1,1378442
54881005654,false,תה ירוק יסמין 20 שקיות AHMAD TEA,אחמד תה אנגליה,AE,תה ירוק יסמין 20 שקי,גרמים,40.00,100 גרם,false,,9.90,0.2475,true,1,1378447
54881006996,false,תה אפרסק ופסיפלורה 20 שקיקים אחמד,אחמד תה אנגליה,AE,תה אפרסק ופסיפלורה 2,גרמים,40.00,100 גרם,false,,9.90,0.2475,true,1,1857982
54881007511,false,תה ירוק בטעם מנטה 20 שקיקים 40 גר,אחמד תה אנגליה,AE,תה ירוק 20 שקיות מנט,גרמים,40.00,100 גרם,false,,9.90,0.2475,true,1,1733546
54881008167,false,תה אינגליש ברקפסט 100 שקיות AHMAD TEA,תה אחמד Ahmad tea,AE,תה ברקפסט 100 שקיות,גרמים,200.00,100 גרם,false,,16.90,0.0845,true,1,1378462
54881008174,false,תה אחמד ארל גריי 100 שקיקים,תה אחמד Ahmad tea,AE,תה ארל גריי 100 שקיו,גרמים,200.00,100 גרם,false,,16.90,0.0845,true,1,1378463
54881008181,false,תה אחמד אינגליש 100 שקיקים,תה אחמד Ahmad tea,AE,תה אינגליש 100 שקיות,גרמים,200.00,100 גרם,false,,16.90,0.0845,true,1,1378464
55500012046,false,כלורוקס קלין אפ מרסס נוזל לניקוי רב תכלי,כלורוקס אוקלנד,US,"קלין אפ מרסס 946מ""ל",מיליליטרים,946.00,"100 מ""ל",false,,19.90,0.0210,true,1,1348112
56594009998,false,ניוואה סבון מוצק מטפח קרם קר רביעייה,אלפא,DE,רביעיית סבונים מוצקי,גרמים,400.00,100 גרם,false,,14.90,0.0373,true,1,2354225
62558202381,false,סירופ מייפל אורגני 100% טהור,דיקסר קוויבק,CA,סירופ מייפל אמיתי או,מיליליטרים,236.00,"100 מ""ל",false,,29.90,0.1267,true,1,1675157
62558212519,false,"סירופ מייפל טהור 251 מ""ל",les industries berna,CA,סירופ מייפל אמיתי,מיליליטרים,251.00,"100 מ""ל",false,,29.90,0.1191,true,1,1389015
64144090013,false,"ספריי שמן PAM בטעם חמאה 141 מ""ל",קונאגרה פודס,US,ספריי שמן PAM בטעם חמאה 1,מיליליטרים,148.00,"100 מ""ל",false,,13.90,0.0939,true,1,1365381
64144090020,false,"ספריי שמן PAM בטעם שמן זית 141 מ""ל",קונאגרה פודס,US,ספריי שמן PAM בטעם שמן זי,מיליליטרים,148.00,"100 מ""ל",false,,13.90,0.0939,true,1,1365382
64144090051,false,"ספריי שמן PAM קנולה אורגינל 148 מ""ל",קונאגרה פודס,US,ספריי שמן PAM קנולה אורגי,מיליליטרים,148.00,"100 מ""ל",false,,13.90,0.0939,true,1,1365383
70080000016,false,חרדל אמריקאי פלוכמן Plochman's,"פלוקמן בע""מ",US,חרדל אמריקאי צהוב,גרמים,297.00,100 גרם,false,,7.90,0.0266,true,1,1522116
70177120948,false,טווינינגס שחור אפל & סינמון 50 גרם,טוינינג,,תה שחור אפל&סינמון 5,גרמים,50.00,100 גרם,false,,17.90,0.3580,true,1,2310400
70177173166,false,תה יסמין ירוק 25 שקיקים TWININGS,טווינינגס Twinings,PL,גרין ג'סמין 45 גרם,גרמים,45.00,100 גרם,false,,19.90,0.4422,true,1,2220754
70177177683,false,חליטה קמומיל האני 30 גרם טווינינג,טוינינג,PL,חליטה קמומיל האני 30,גרמים,30.00,100 גרם,false,,16.90,0.5633,true,1,2220768
70221011116,false,טובלרון שוקולד חלב 100 גרם,טובלרון Toblerone,CH,שוקולד טובלרון חלב 1,גרמים,100.00,100 גרם,false,,9.90,0.0990,true,1,1345852
73490130359,false,קרקר קרם קרקר רגיל 2,אפיפית נצרת,IL,קרם קרקר רגיל 20/0.230 הד,גרמים,250.00,100 גרם,false,,5.90,0.0236,true,1,1386917
73490130946,false,ביסקויט פתי בר בטעם וניל 500 גרם,אפיפית נצרת,IL,ביסקויט פטיבר רגיל 14/0.5,גרמים,500.00,100 גרם,false,,6.90,0.0138,true,1,1386918
73490130953,false,ביסקויט בטעם שוקולד 500 גרם,אפיפית נצרת,IL,ביסקויט פטיבר שוקו 14/0.5,גרמים,500.00,100 גרם,false,,6.90,0.0138,true,1,1386919
76840002542,false,"גלידת בן & ג'ריס פיינט נטפליקס וצ'ילד 500מ""ל",מוצרי איכות אמריקאים,IL,גלידת חמאת בוטנים בן,מיליליטרים,500.00,"100 מ""ל",false,,24.90,0.0498,true,1,2242507
76840100156,false,"בן אנד גריס גלידת צרי גרסיה 500 מ""ל",מוצרי איכות אמריקאיי,IL,גלידה צ'רי גרסיה 500מל,מיליליטרים,473.00,"100 מ""ל",false,,24.90,0.0526,true,1,1365846
76840100583,false,"גלידת וניל עם בצק עוגיות בן וג'ירי 473 מ""ל",מוצרי איכות אמריקאיי,IL,גלידת וניל עם בצק עוגיות,מיליליטרים,473.00,"100 מ""ל",false,,24.90,0.0526,true,1,1365847
76840620029,false,"גלידה בן&ג'ריס שמנת עם תות 500מ""ל",מוצרי איכות אמריקאיי,IL,גלידת תות שדה בן אנד,מיליליטרים,500.00,"100 מ""ל",false,,24.90,0.0498,true,1,1365860
77245110610,false,סוכריות מאסט ללא סוכר בטעם מנטה 80 ג'עלית,MIESZKO S.A - MS. JO,PL,כשלפ סוכריות MUST מנטה,גרמים,80.00,100 גרם,false,,7.90,0.0988,true,1,1381424
77343000127,false,נר נשמה 26 שעות בכוס,,,נר נשמה 26 שעות בכוס,יח',1.00,יח',false,,2.90,2.9000,true,1,2302350
77343001100,false,נר נשמה 26 שעות בפח,מנורה,,נר נשמה 26 שעות,יחידה,0.00,יחידה,false,,2.00,0.0000,true,1,1391714
77343002015,false,צינורית השמן עם מילו,,,צינורית השמן עם מילו,יחידה,0.00,יחידה,false,,5.90,0.0000,true,1,1760543
77975010167,false,סניידרס מקלוני חיטה בתוספת דבש 340 גרם,סניידרס Snyder's,US,סניידרס מקלוני חיטה,גרמים,340.00,100 גרם,false,,16.90,0.0497,true,1,1739492
77975036976,false,מטבל עגבניות בחריפות עדינה סניידרס 439 ג',סניידרס Snyder's,US,מטבל סלסה בחריפות מע,גרמים,439.00,100 גרם,false,,13.90,0.0317,true,1,2281149
77975093085,false,"בייגלה מצופה כעכים בציפוי שוקולד חלב, 141 ג סניידרס",סניידרס Snyder's,US,בייגלה סניידרס מצופה,גרמים,141.00,100 גרם,false,,16.90,0.1199,true,1,2356238
77975093108,false,"בייגלה מצופה כעכים בציפוי בטעם שוקולד לבן, 141 ג סניידרס",סניידרס Snyder's,US,בייגלה סניידרס מצופה,גרמים,141.00,100 גרם,false,,16.90,0.1199,true,1,2356239
77975094631,false,סנדביץ בייגלה במילוי קרם בטעם צ'דר 226 גרם סניידרס,סניידרס Snyder's,US,סנדווי'ץ בייגלה במיל,גרמים,226.80,100 גרם,false,,16.90,0.0745,true,1,2259150
77975094761,false,שברי בייגלה סניידרס בטעם צידר 340 גרם,סניידרס Snyder's,US,שברי בייגלה צדר 340,גרמים,340.00,100 גרם,false,,16.90,0.0497,true,1,2290341
77975094778,false,שברי בייגלה סניידרס בטעם דבש חרדל 340 גר,סניידרס Snyder's,US,שברי בייגלה דבש חרדל,גרמים,340.00,100 גרם,false,,16.90,0.0497,true,1,2295329
77975095133,false,שברי בייגלה בטעם פיקנטי 318 ג' סניידרס,סניידרס Snyder's,US,שברי בייגלה כנפי באפ,גרמים,319.00,100 גרם,false,,16.90,0.0530,true,1,2374131
78895153453,false,רוטב סויה בהיר LEE KUM KEE,לי קום קיי Lee kum kee,CN,רוטב סויה בהיר Lee k,מיליליטרים,250.00,"100 מ""ל",false,,10.90,0.0436,true,1,2354316
78895153460,false,רוטב סויה כהה לי קום,לי קום קיי Lee kum kee,CN,רוטב סויה כהה Lee ku,מיליליטרים,250.00,"100 מ""ל",false,,10.90,0.0436,true,1,2354317
78895710922,false,שמן שומשום לא מזוכך LEE KUM KEE,לי קום קיי Lee kum kee,,שמן שומשום לא מזוכך,מיליליטרים,207.00,"100 מ""ל",false,,24.90,0.1203,true,1,2354318
78895800357,false,רוטב לתיבול עוף LEE KUM KEE,לי קום קיי Lee kum kee,,רוטב לתיבול עוף Lee,מיליליטרים,207.00,"100 מ""ל",false,,14.90,0.0720,true,1,2377105
87666052819,false,"רוטב סריראצ`ה חריף 455 מ""ל",EXOTIC FOOD PCL,,רוטב סריראצ'ה סופר ח,מיליליטרים,455.00,"100 מ""ל",false,,24.90,0.0547,true,1,2044339
87666052888,false,"רוטב סריראצ`ה עם למון גראס 455 מ""ל",EXOTIC FOOD PCL,,רוטב סריראצ'ה עם לימ,מיליליטרים,444.00,"100 מ""ל",false,,24.90,0.0561,true,1,2044340
350007641028,false,משחת שיניים 2 ב-1 הלבנה קולגייט 130 ג',קולגייט Colgate,MX,משחת שיניים קולגייט,גרמים,130.00,100 גרם,false,,22.90,0.1762,true,1,2278091
413900010558,false,"רוטב סויה דל מלח 296 מ""ל מהדרין",קיקומן פודז אינק,,רוטב קיקומן דל מלח 2,מיליליטרים,296.00,"100 מ""ל",false,,19.90,0.0672,true,1,1345859
611745285685,false,אבוקדו בשל ארוז יחיד,משתנה,IL,אבוקדו בשל ארוז,גרמים,450.00,100 גרם,false,,9.90,0.0220,true,1,2126767
628154383659,false,דגני בוקר פרוטי פבלס 311 ג' POST,פוסט ארצות הברית,US,דגנים פרוטי פבלס,גרמים,311.00,100 גרם,false,,24.90,0.0801,true,1,2375583
638102582737,false,חטיף על בסיס חלבון סויה עוגת קינמון עם שקדים,"אבוט נוטרישן, מעבדות",US,חטיף חלבון זון פרפקט,גרמים,50.00,100 גרם,false,,12.90,0.2580,true,1,2268878
639138513238,false,פילה הרינג מעושן בשמן צמחי,רוג'ין פיש,,פילה הרינג מעושן בשמ,גרמים,190.00,100 גרם,false,,10.90,0.0574,true,1,1401822
639138527624,false,פילה דג הרינג ברוטב פפריקה 200 ג' (16),,,פילה הרינג ברוטב פפר,גרמים,200.00,100 גרם,false,,10.90,0.0545,true,1,1401824
639138527631,false,פילה הרינג ברוטב חרדל 200 גרם,רוג'ין פיש,,פילה הרינג ברוטב חרד,גרמים,200.00,100 גרם,false,,10.90,0.0545,true,1,1401825
639138717902,false,פילה מקרל מעושן בשמן צמחי,Rugen Fisch,,מקרל פילה מעושן בשמן,גרמים,190.00,100 גרם,false,,12.90,0.0679,true,1,1401826
645173911427,false,מלפפון 1 ל' ישראלי מלח12X,,,מלפפון ישראלי במלח,קילוגרמים,1.00,"ק""ג",false,,9.90,9.9000,true,1,1378476
651080161510,false,פלקרס פולסר לשיניים צפופות-מנטה 35 יחידו,מיוצר עי קונדיטוריית,CN,חוט דנטלי 36 יח פלאק,יח',36.00,יח',false,,9.90,0.2750,true,1,1685911
651080647519,false,"פלאקרס ""פלוסר ""חוט דנטלי ירוק -מנטה","פלקרס רנור ארה""ב",US,קיסם עם חוט מנטה ג'ו,יח',36.00,יח',false,,9.90,0.2750,true,1,1680212
660089001147,false,נוזל לפתיחת סתימות 1ל,,,פותח סתימות נוזלי,מיליליטרים,950.00,"100 מ""ל",false,,18.90,0.0199,true,1,1368553
686412282984,false,נתחי טונה לבנה בשמן זית 220 גרם ORTIZ,אורטיז ORTIZ,ES,טונה לבנה בשמן זית O,גרמים,220.00,100 גרם,false,,42.90,0.1950,true,1,2320909
728229123590,false,חטיף על בסיס ירקות שורש בטעם טבעי,הונדורס צ'יפס יצור א,HN,טרה מירקות אקזוטיים 110ג[,גרמים,110.00,100 גרם,false,,14.90,0.1355,true,1,1391833
728229124771,false,חטיף ציפס טרה מבטטה בטעם ברביקיו 110 גרם,היין פיוצ'ור נטורל פ,IN,חטיף טרה צ'יפס מבטטה,גרמים,110.00,100 גרם,false,,14.90,0.1355,true,1,1455307
729001588055,false,מסכה קרטין 24 קרט לש,חי ויטמינס,IL,מסכת קרטין 24 קרט לשיער א,מיליליטרים,500.00,"00000000000000000מ""ל",false,,59.90,0.1198,true,1,1423749
768404001640,false,"גלידה בן&ג'ריס קפה משפחתית 500מ""ל",מוצרי איכות אמריקאיי,IL,"גלידה בטעם קפה 500 מ""ל",מיליליטרים,500.00,"100 מ""ל",false,,24.90,0.0498,true,1,1365861
769904000997,false,דגש שקדי מרק ללא גלו,משובח תעשיות מזון,IL,"שקדי מרק דג""ש 200",גרמים,200.00,100 גרם,false,,14.90,0.0745,true,1,1389247
773430021456,false,חנוכית פח לילדים,,,חנוכיית פח ילדים,יחידה,0.00,יחידה,false,,4.90,0.0000,true,1,2324597
786560002240,false,שייקר פטנט קפיץ,,,שייקר פטנט קפיץ,יח',1.00,יח',false,,15.90,15.9000,true,1,2267021
811250030699,false,פלפל שחור טחון 50 גר,נפטון Neptune,,פלפל שחור,גרמים,50.00,100 גרם,false,,4.90,0.0980,true,1,2243627
818570007066,false,1X12X29Mווטקינס וניל טהור,"ג'יי אר ווטקינס בע""מ",US,תמצית וניל טהור,מיליליטרים,29.00,"100 מ""ל",false,,29.90,1.0310,true,1,2237491
835811001119,false,מיני עדשים 200 גרם בצנצנת לעוגה,,,מיני עדשים 200 גר בצ,גרמים,200.00,100 גרם,false,,12.90,0.0645,true,1,2249763
835811001133,false,קוקוס הנמל 400 גרם כ,,,קוקוס טחון,גרמים,400.00,100 גרם,false,,10.90,0.0273,true,1,2232693
835811001140,false,שומשום הנמל 400 גרם,הנמל אריזות.,IL,שומשום מקולף,גרמים,400.00,100 גרם,false,,8.90,0.0223,true,1,2233805
835811001676,false,"תבנית אלומיניום גדולה 32*26 ס""מ - 9 יח'",הנמל,IL,מגש כסף 9 יח,יח',9.00,יח',false,,11.90,1.3222,true,1,2108470
835811001775,false,זוג כף הגשה פלסטיק שקוף,,,זוג כף הגשה מפלסטיק,יחידה,0.00,יחידה,false,,2.90,0.0000,true,1,1406068
835811003434,false,כוס משובחות 10 יח' הנמל,בי רייט,CN,כוס רויאל משובחות,יח',10.00,יח',false,,10.90,1.0900,true,1,2345880
835811003489,false,כפיות אלגנט שקוף 50 יח' הנמל,,,כפיות אלגנט שקוף 50,יח',50.00,יח',false,,11.90,0.2380,true,1,2345896
835811003588,false,צלחות קלאסי גדול לבן 65 יח' הנמל,,,צלחות קלאסי גדול לבן,יח',65.00,יח',false,,34.90,0.5369,true,1,2345887
835811003595,false,צלחות קלאסי קטן לבן 65 יח' הנמל,,,צלחות קלאסי קטן לבן,יח',65.00,יח',false,,24.90,0.3831,true,1,2345888
835811003700,false,סודה לשתייה הנמל 250,"פוליבה בע""מ",IL,סודה לשתיה,גרמים,250.00,100 גרם,false,,5.90,0.0236,true,1,2249771
835811004455,false,קישקשים מנייר 125 יח' צבעוני,הנג טונג,CN,קישקשים מנייר 12 יח,יחידה,0.00,יחידה,false,,7.90,0.0000,true,1,2218553
835811004677,false,הנמל עטרות אלומיניום מס.4 100יח,הנג טון,CN,גביע אלומיניום לאפיי,יח',100.00,יח',false,,8.90,0.0890,true,1,1360399
835811004691,false,עטרות אלו' לאפיה 100 יח' מס' 2 כסף/ זהב,הנג טון,CN,גביע אלומיניום לאפיי,יח',100.00,יח',false,,6.90,0.0690,true,1,1360401
835811004707,false,פירורי לחם מוזהבים 440 ג' הנמל,ברמן שוקולד ועוגיות,IL,פירורי לחם מוזהב.,גרמים,440.00,100 גרם,false,,6.90,0.0157,true,1,1360402
835811005049,false,נייר אפייה משובח וידידותי לסביבה מהדרין 38X42,"איטיליאן פוד, אס.פי.",IL,נייר אפייה 40 יח מתכ,יח',14.00,יח',false,,14.90,1.0643,true,1,1360421
835811005704,false,נייר עטיפה לכריכים 100 יח` 35X25,טופ פלסט 2002 בעמ,IL,נייר עטיפה לכריכים,יח',100.00,יח',false,,7.90,0.0790,true,1,1360462
835811005728,false,עלים לעוגת קרמשניט 400 גרם,"רונית מאפים בע""מ",IL,עלים לקרמשניט 400 גר,גרמים,400.00,100 גרם,false,,14.90,0.0373,true,1,1360464
835811005810,false,מגש הכסף תבנית מרובע קטן +מכסה 10 יח`,הנמל,IL,מגש הכסף + מכסה,יח',10.00,יח',false,,11.90,1.1900,true,1,2108471
835811005933,false,מגש הכסף תבנית אלומ` ענק 5 יח`,ווינפאק,,מגש הכסף תבנית ענק,יח',5.00,יח',false,,11.90,2.3800,true,1,2108472
835811005940,false,מגש הכסף תבנית אלומ` גדולה + מכסה 8 יח`,,IL,מגש הכסף + מכסה,יח',8.00,יח',false,,11.90,1.4875,true,1,1360473
835811005957,false,מגש הכסף תבנית אלומ` 90 + מכסה 8 יח`,יבוא ושיווק: הנמל אר,IL,מגש הכסף + מכסה,יח',8.00,יח',false,,11.90,1.4875,true,1,2108473
835811005964,false,מגש הכסף תבנית אלומ` מאורך 20 יח`,ווינפאק,,מגש הכסף תבנית מאורך,יח',20.00,יח',false,,11.90,0.5950,true,1,2108474
835811006213,false,קערות מתכלה מקנה סוכר טבעי 25 יח,"איטיליאן פוד, אס.פי.",IL,קערה למרק מקנה סוכר,יח',25.00,יח',false,,15.90,0.6360,true,1,1360494
835811006220,false,צלחות ענקיות מתכלה מקנה סוכר טבעי 25 יח,הנמל,,צלחות ענקיות קנה סוכ,יח',25.00,יח',false,,17.90,0.7160,true,1,1360495
835811006237,false,צלחות קטנות מקנה סוכר טבעי 25 יח,הנמל,,צלחות קטנות קנה סוכר,יח',25.00,יח',false,,9.90,0.3960,true,1,1360496
835811006244,false,צלחות גדולות מקנה סוכר טבעי 25 יח,הנמל,,צלחות גדולות קנה סוכ,יח',25.00,יח',false,,15.90,0.6360,true,1,1360497
835811006435,false,מגש הכסף תבנית מלבן עמוק + מכסה 9 יח`,,IL,מגש כסף 9 יח,יח',9.00,יח',false,,11.90,1.3222,true,1,1360504
835811006503,false,צלחות מקרטון זהב תחרה קוטר 28 ס''מ 10 יח',,IL,סט צלחות מקרטון,יחידה,0.00,יחידה,false,,14.90,0.0000,true,1,1360506
835811006770,false,תבנית אולמניום עגול 5 יח',הנמל,,מגש כסף 5 יח,יח',5.00,יח',false,,11.90,2.3800,true,1,2108475
835811007296,false,כפיות אלגנט קרם 50 יח' הנמל,,,כפיות אלגנט קרם 50 י,יח',50.00,יח',false,,11.90,0.2380,true,1,2345897
835811007432,false,תבנית משפחתית נייר מלבן גדול 3 יח',דוקארט,IL,תבנית קרטון משפחתית,יח',3.00,יח',false,,10.90,3.6333,true,1,1360527
835811007494,false,גלטין טהור מדגים 2 יח` 14 X גר`,ג'ליס פיוניר,IL,גלטין טהור 14 גר 2יח,גרמים,28.00,100 גרם,false,,9.90,0.3536,true,1,1360528
835811007562,false,תבניות קרטון אינגליש קייק 6יח` ארוז 29X9X6,דוקרט תעשיית אריזות,IL,תבנית קרטון אינגליש,יח',6.00,יח',false,,9.90,1.6500,true,1,1360531
835811008132,false,כריות מתכת בגליל 6יח,שוורצקוף& הנקל דיסלד,CN,ספוג מתכת בגליל 6 יח,יח',6.00,יח',false,,11.90,1.9833,true,1,1360538
839762000641,false,משקה איילנד מנגו נקטר 1 ל',"פאראגאלה,דה אג'יפשן",EG,מיץ מנגו איילנד ליטר,ליטרים,1.00,ליטר,false,,11.90,11.9000,true,1,1345372
839762000658,false,משקה נקטר איילנד גויאבה 1 ל',The Egyptian Co. for,EG,מיץ גויאבה איילנד לי,ליטרים,1.00,ליטר,false,,11.90,11.9000,true,1,1345373
839762002386,false,נקטר איילנד גויאבה 3,"פאראגאלה,דה אג'יפשן",EG,משקה איילנד גויאבה 3,מיליליטרים,350.00,"100 מ""ל",false,,5.50,0.0157,true,1,1345376
841058006633,false,"אדג' ג'יל גילוח מועשר בשיבולת שועל 198 מ""ל",אדג' ג'ל,,ג'ל לגילוח אדג' מועש,גרמים,200.00,100 גרם,false,,19.90,0.0995,true,1,2259228
850004207789,false,בשר מיטבולס 290 ג' ביונד מיט,תאי פרזידנט פוד פאבל,US,מיטבולס ביונד מיט 29,גרמים,290.00,100 גרם,false,,37.90,0.1307,true,1,2321992
852629004774,false,נקניקיות ביונד מיט רביעייה 400 גר,תאי פרזידנט פוד פאבל,US,רביעיית נקניקיות ביו,גרמים,400.00,100 גרם,false,,39.90,0.0997,true,1,2298100
856591000055,false,עוגיות מזרחיות קריספי שרוף במיוחד,עבאדי,IL,עוגיות מזרחיות קריספ,גרמים,400.00,100 גרם,false,,17.90,0.0447,true,1,1506154
856591000062,false,עבאדי עוגיות מזרחיות מלח 400 גרם,מאפיית יוסף ושמחה עב,IL,ע.מזרחיות מלח 400 גרם,גרמים,400.00,100 גרם,false,,17.90,0.0447,true,1,1378177
856591000512,false,עבאדי עוגיות מזרחיות מקלות לניגוב 400 גר,מאפיית יוסף ושמחה עב,IL,מקלונים פריכים 400 גרם,גרמים,400.00,100 גרם,false,,17.90,0.0447,true,1,1378178
856591000949,false,עבאדי קטנטנים מאפה חיטה מלוח 350ג גר',עבאדי,IL,עוגיות מזרחיות עבאדי,גרמים,350.00,100 גרם,false,,17.90,0.0511,true,1,2348082
859547004084,false,ספוג קרצוף סקראב דדי,,US,ספוג קרצוף סקראב דדי,יחידה,0.00,יחידה,false,,17.90,0.0000,true,1,2340684
859547004466,false,קירצוף וספוג ניקוי SCRUB DADDY,סקארקיסט,US,ספוג קרצוף סקראב דדי,יחידה,0.00,יחידה,false,,17.90,0.0000,true,1,2340686
869063202122,false,וופל קריספי מריר 35,נסטלה,TR,וופל קריספי,גרמים,35.00,00000000000000000גרם,false,,3.90,0.1114,true,1,1416702
877300000050,false,קינמון טחון 80 גרם ש,נפטון Neptune,,קינמון טחון,גרמים,80.00,100 גרם,false,,4.90,0.0613,true,1,2243644
877300000074,false,פלפל שחור גרוס צנצנת,,,פלפל שחור גרוס,גרמים,100.00,100 גרם,false,,14.90,0.1490,true,1,1534063
877300000081,false,פלפל שחור טחון צנצנת,,,פלפל שחור טחון,גרמים,100.00,100 גרם,false,,14.90,0.1490,true,1,1534064
877300000234,false,תערובת לתיבול פילדלפיה,נפטון Neptune,,פלדלפיה,גרמים,60.00,100 גרם,false,,4.90,0.0817,true,1,2243650
877300000760,false,רוטב פיצה נפטון 330,,,רוטב פיצה,מיליליטרים,330.00,"100 מ""ל",false,,12.90,0.0391,true,1,1392470
877300000777,false,ממרח צימיצורי נפטון,"נפטון מוצרי מזון בע""",,ממרח צימצורי,גרמים,180.00,100 גרם,false,,9.90,0.0550,true,1,1392471
877300000845,false,פפריקה מתוקה בשמן בסגנון מרוקאי,נפטון Neptune,,פפריקה מתוקה,גרמים,80.00,100 גרם,false,,4.90,0.0613,true,1,2243660
877300001040,false,כורכום טחון 150 גרם,נפטון Neptune,,כורכום טחון,גרמים,150.00,100 גרם,false,,9.90,0.0660,true,1,1392484
877300001071,false,שום גבישי דק 150 גר,,,שום גבישי דק,גרמים,150.00,100 גרם,false,,9.90,0.0660,true,1,1392487
877300001170,false,פפריקה מתוקה 150 גרם,נפטון Neptune,,פפריקה מתוקה,גרמים,150.00,100 גרם,false,,9.90,0.0660,true,1,1392495
877300001248,false,פפריקה מתוקה מרוקאית בשמן,נפטון Neptune,,פפריקה מתוקה מרוקאית,גרמים,150.00,100 גרם,false,,9.90,0.0660,true,1,1392497
877300001286,false,כמון טחון 150 גרם,נפטון Neptune,,כמון טחון,גרמים,150.00,100 גרם,false,,9.90,0.0660,true,1,1392498
877300001330,false,תערובת תיבול חוויאג' למרק,נפטון Neptune,,תבלין חוויאג' למרק,גרמים,150.00,100 גרם,false,,9.90,0.0660,true,1,1392499
877300001361,false,תבלין שווארמה 150 גרם (צנצנת 150 חדש),,,תבלין שווארמה,גרמים,150.00,100 גרם,false,,9.90,0.0660,true,1,1392501
877300001392,false,תערובת תיבול לגריל עוף,נפטון Neptune,,תבלין גריל עוף,גרמים,150.00,100 גרם,false,,9.90,0.0660,true,1,1392504
877300001552,false,תערובת תיבול טוסקנה,נפטון Neptune,,טוסקנה,גרמים,150.00,100 גרם,false,,9.90,0.0660,true,1,1392509
877300001583,false,תערובת תיבול לדג מבושל,נפטון Neptune,,תבלין לדג מבושל,גרמים,120.00,100 גרם,false,,9.90,0.0825,true,1,1392511
877300001637,false,פפריקה מתוקה גס בשמן,,,פפריקה מתוקה גס בשמן,גרמים,150.00,100 גרם,false,,9.90,0.0660,true,1,1392512
877300001866,false,נפטון תערובת תיבול פ,,,תבלין פילדלפיה,גרמים,150.00,100 גרם,false,,9.90,0.0660,true,1,1392515
877300002078,false,רוטב שום דבש נפטון 3,נפטון Neptune,,רוטב שום ודבש,גרמים,360.00,100 גרם,false,,12.90,0.0358,true,1,1392523
877300002191,false,שום כתוש ממרח 180 גר,,,שום כתוש,גרמים,180.00,100 גרם,false,,9.90,0.0550,true,1,1392527
877300003112,false,ממרח עגבניות בתוספת,,,ממרח עגבניות,גרמים,180.00,100 גרם,false,,9.90,0.0550,true,1,1661749
877300003235,false,רוטב חמוץ מתוק,נפטון Neptune,,רוטב חמוץ מתוק,גרמים,370.00,100 גרם,false,,12.90,0.0349,true,1,1392542
877300003297,false,רוטב צאטני מנגו חריף,"נפטון מוצרי מזון בע""",IL,רוטב צאטני מנגו חריף,גרמים,370.00,100 גרם,false,,12.90,0.0349,true,1,1392547
877300003358,false,ממרח פלפל צ`ומה נפטו,,,פלפל צ'ומה,גרמים,180.00,100 גרם,false,,9.90,0.0550,true,1,1392553
877300004263,false,ציפוי לשניצל וינאי,,,ציפוי לשניצל וינאי,גרמים,400.00,100 גרם,false,,9.90,0.0248,true,1,1775372
877300004416,false,פלפל שחור גרוס דק,נפטון Neptune,,פלפל שחור גרוס דק,גרמים,50.00,100 גרם,false,,4.90,0.0980,true,1,2272398
877300004577,false,כמון טחון 50 גרם שקי,נפטון Neptune,,כמון טחון,גרמים,50.00,100 גרם,false,,4.90,0.0980,true,1,1545183
877300004614,false,גריל עוף 80 גרם.,,,גריל עוף,גרמים,80.00,100 גרם,false,,4.90,0.0613,true,1,1534077
877300004621,false,זעתר ושומשום תערובת לתיבול,נפטון Neptune,,זעתר שומשום,גרמים,80.00,100 גרם,false,,4.90,0.0613,true,1,1534078
877300008674,false,פלפל שחור שלם במטחנה,,,פלפל שחור שלם במטחנה,גרמים,45.00,100 גרם,false,,14.90,0.3311,true,1,1455581
877300008698,false,פלפלת ארבע עונות שלם,,,פלפלת ארבע עונות שלם,גרמים,30.00,100 גרם,false,,14.90,0.4967,true,1,1455583
877300008704,false,מלח ים אטלנטי מתובל,,,מלח ים אטלנטי מתובל,גרמים,85.00,100 גרם,false,,14.90,0.1753,true,1,1455584
877300008711,false,תבלין סטייק מונטריאו,,,תבלין סטייק מונטריאו,גרמים,65.00,100 גרם,false,,14.90,0.2292,true,1,1455585
877300009558,false,ציפוי לשניצל פירורי לחם בתיבול איטלקי,נפטון Neptune,,ציפוי לשניצל ירקות א,גרמים,400.00,100 גרם,false,,9.90,0.0248,true,1,1775374
877300009848,false,מלח לימון 150 גרם נפ,,,מלח לימון,מיליליטרים,150.00,"100 מ""ל",false,,9.90,0.0660,true,1,2112658
884912002372,false,דגני Great Grains עם חמוציות ושקדים,פוסט ארצות הברית,US,סלקט קרנברי חדש,גרמים,396.00,100 גרם,false,,24.90,0.0629,true,1,1388954
884912129512,false,דגני בוקר קוקו פבלס פלינסטון 311 גר,פוסט לקיוויל,US,דגני בוקר בטעם קקאו,גרמים,311.00,100 גרם,false,,24.90,0.0801,true,1,2375589
884912342737,false,דגני בוקר פוסט וופל קריספ 326 גר',הנסיך- מפעל לייצור ט,US,דגני בוקר וופל קריספ,גרמים,425.00,100 גרם,false,,22.90,0.0539,true,1,2223652
884912359162,false,דגני בוקר האני באנצס שקדים 340 ג' POST,פוסט ארצות הברית,US,דגני האני באנצ'.,גרמים,411.00,100 גרם,false,,22.90,0.0557,true,1,2346244
884912359414,false,דגני בוקר האני באנצס קינמון 340 ג' POST,פוסט ארצות הברית,US,דגני האני באנצ' קינמ,גרמים,411.00,100 גרם,false,,22.90,0.0557,true,1,2346258
884912365200,false,דגני בוקר אוראו 311 גרם מתכון חדש,פוסט ארצות הברית,US,דגני בוקר בטעם אוראו,גרמים,311.00,100 גרם,false,,19.90,0.0640,true,1,2369834
884912365217,false,דגני בוקר אוראו הדור הבא 311 גר,פוסט ארצות הברית,US,דגני בוקר בטעם אוראו,גרמים,311.00,100 גרם,false,,19.90,0.0640,true,1,2307499
884912377142,false,דגני בוקר האני באנצס וניל 340 ג' POST,פוסט ארצות הברית,US,דגני האני באנצ' וניל,גרמים,340.00,100 גרם,false,,22.90,0.0674,true,1,2346259
888849008117,false,משקה חלבון קווסט בטע,קווסט נטרישן,US,משקה חלבון קווסט בטע,מיליליטרים,325.00,"100 מ""ל",false,,17.90,0.0551,true,1,2297493
888849010103,false,משקה חלבון קווסט בטע,קווסט נטרישן,US,משקה חלבון קווסט בטע,מיליליטרים,325.00,"100 מ""ל",false,,17.90,0.0551,true,1,2297541
1230000068314,false,בשר טחון מהצומח ביונד מיט 300 גרם,זנברגן וורלד פינסט מ,NL,בשר טחון ביונד מינט,גרמים,300.00,100 גרם,false,,29.90,0.0997,true,1,2329266
1230000116022,false,ביונד בורגר Beyond Burger - מארז זוג,ביונד מיט קליפורניה,US,המבורגר ביונד מיט מא,גרמים,226.00,100 גרם,false,,34.90,0.1544,true,1,2352302
1600820702019,false,טייץ טרמי ללא תפר,,,טייץ טרמי ללא תפר,00000000000000000000,0.00,00000000000000000000,false,,14.90,0.0000,true,1,1429900
1600820702026,false,תיק נסיעות,,,תיק נסיעות,00000000000000000000,0.00,00000000000000000000,false,,29.90,0.0000,true,1,1429901
1600820702033,false,תיק נסיעות,,,תיק נסיעות,00000000000000000000,0.00,00000000000000000000,false,,39.90,0.0000,true,1,1429902
1600820702040,false,תיק נסיעות,,,תיק נסיעות,00000000000000000000,0.00,00000000000000000000,false,,34.90,0.0000,true,1,1429903
1600820702057,false,תיק ספורט,,,תיק ספורט,00000000000000000000,0.00,00000000000000000000,false,,34.90,0.0000,true,1,1429904
1600820702064,false,תיק ספורט,,,תיק ספורט,00000000000000000000,0.00,00000000000000000000,false,,39.90,0.0000,true,1,1429905
3014260022839,false,אורל בי דליקייט וויט זוג 40 MEDIUM,פרוקטר אנד גמבל,IN,דליקייט  וויט  זוג  40 רך,יח',2.00,יח',false,,14.90,7.4500,true,1,1406665
3014260023089,false,אורל בי מברשת שיניים קלאסיק 40 מדיום 3יח,פרוקטר אנד גמבל,IN,קלאסיק שלישיה 40 מדיום,יח',3.00,יח',false,,14.90,4.9667,true,1,1429679
3014260100698,false,אורל בי מברשת שיניים ילדים 6-12 שנים,פרוקטר אנד גמבל,IE,אורל בי מברשת שיניים,יחידה,0.00,יחידה,false,,14.90,0.0000,true,1,2248016
3014260201753,false,סכיני גילוח ג'ילט בלו 2 להבים - מארז 5 יח',פרוקטר אנד גמבל,PL,בלו 2*5 (שקית),יח',5.00,יח',false,,12.90,2.5800,true,1,1346022
3014260228842,false,"ג'ילט קצף גילוח רגיל - 200 מ""ל",מולינו ניקולי s.p.a,GB,ק.גילוח רגיל,מיליליטרים,200.00,"100 מ""ל",false,,14.90,0.0745,true,1,1346031
3014260240226,false,"ג'ילט קצף גילוח לעור רגיש, 200 מ""ל",מולינו ניקולי s.p.a,GB,ק.גילוח רגיש,מיליליטרים,200.00,"100 מ""ל",false,,14.90,0.0745,true,1,1346033
3014260262709,false,סכיני גילוח לאישה 3 להבים,ג'ילט ונוס Gillette Venus,DE,ס.ג .ונוס4X1,יח',4.00,יח',false,,44.90,11.2250,true,1,1346041
3014260274924,false,גילט מאך 3 טורבו סכיני גילוח 8 יחידות,פרוקטר אנד גמבל,PL,מאך 3טורבו 8,יח',8.00,יח',false,,89.90,11.2375,true,1,1346046
3014260289287,false,סכין גילוח גילט בלו 2 לנשים-חמישייה,פרוקטר אנד גמבל,RU,בלו 2 לנשים 5,יח',5.00,יח',false,,14.90,2.9800,true,1,1346054
3014260833848,false,מברשות שיניים אורל בי פרו אקספרט 35 זוג,,,זוג מברשות שיניים או,יחידה,2.00,יחידה,false,,24.90,12.4500,true,1,2268593
3045201106004,false,אידיאל מסיר כתמים-כחול,יעקובי,ES,אידאל-מסיר כתמים-כחול 002,מיליליטרים,150.00,"100 מ""ל",false,,19.90,0.1327,true,1,1364525
3045201107001,false,אידיאל מסיר כתמים לפני כביסה -כדור מסאג,אידיאל Ideal,ES,אידאל-מסיר כתמים-אדום 009,מיליליטרים,150.00,"100 מ""ל",false,,19.90,0.1327,true,1,1364526
3045201108008,false,אידיאל מסיר כתמים לפני כביסה -כדור מבריש,אידיאל Ideal,ES,אידאל-מסיר כתמים-צהוב 006,מיליליטרים,150.00,"100 מ""ל",false,,19.90,0.1327,true,1,1364527
3046920010047,false,לינדט שוקולד אקסלנס מריר 78% 100 גר,לינדט,FR,שוקולד לינדט 78% אקס,גרמים,100.00,100 גרם,false,,14.90,0.1490,true,1,1839194
3046920010801,false,שוקולד מריר אקסלנס עם אגוזי לוז,לינדט ושפרונגלי אס.א,FR,שוקולד לינדט אקסלנט,גרמים,100.00,100 גרם,false,,14.90,0.1490,true,1,1839195
3046920010856,false,לינדט שוקולד אקסלנס לימון גינגיר 100 גר,לינדט,CH,שוקולד לינדט אקסלנט,גרמים,100.00,100 גרם,false,,14.90,0.1490,true,1,2224146
3046920016377,false,לינדט שוקולד אקסלנס מריר 100% קקאו 50 גר,לינדט ושפרונגלי,DE,שוקולד לינדט אקסלנט,גרמים,50.00,100 גרם,false,,14.90,0.2980,true,1,2247836
3046920027281,false,שוקולד מריר אקסלנס במילוי קרמל ומלח ים,לינדט ושפרונגלי,FR,לינדט אקסלנס 70% 100 גרם,גרמים,100.00,100 גרם,false,,14.90,0.1490,true,1,1417255
3046920028004,false,לינדט שוקולד אקסלנס מריר 70% 100 גר,לינדט ושפרונגלי,FR,לינדט אקסלנס 70% 100 גרם,גרמים,100.00,100 גרם,false,,14.90,0.1490,true,1,1357948
3046920028363,false,לינדט אקסלנס שוקולד 85% 100 גרם,לינדט ושפרונגלי,FR,לינדט אקסלנס 85% 100 גרם,גרמים,100.00,100 גרם,false,,14.90,0.1490,true,1,1357949
3046920028752,false,לינדט אקסלנס מינט 100 גרם,לינדט ושפרונגלי,FR,לינדט אקסלנס מינט 100 גר,גרמים,100.00,100 גרם,false,,14.90,0.1490,true,1,1357951
3046920029759,false,שוקולד מריר אקסלנס 90% קקאו,לינדט ושפרונגלי ג'י.,DE,לינדט אקסלנס 70% 100 גרם,גרמים,100.00,100 גרם,false,,14.90,0.1490,true,1,1417256
3046920029780,false,לינדט שוקולד אקסלנס 70% מילד 100 גר,לינדט,DE,שוקולד לינדט אקסלנס,גרמים,100.00,100 גרם,false,,14.90,0.1490,true,1,1530531
3059940007768,false,"אירוויק ספריי בניחוח וניל ואורכידאה 240 מ""ל",איירוויק Air Wick,HU,איירוויק ספריי וניל ואורכ,מיליליטרים,240.00,"100 מ""ל",false,,9.90,0.0413,true,1,1348281
3059943015104,false,מבשם אוויר נטול גז אקווה מיסט בניחוח פריסיה ויסמין,איירוויק Air Wick,PL,איירויק אקווה מיסט פרסיה,מיליליטרים,345.00,"100 מ""ל",false,,19.90,0.0577,true,1,1348286
3059943016507,false,"אירוויק ספריי בניחוח לבנדר וקמומיל 240 מ""ל",איירוויק Air Wick,GB,א.וייק ספריי לבנדר,מיליליטרים,240.00,"100 מ""ל",false,,9.90,0.0413,true,1,1348288
3059944021197,false,"ויט קרם הסרת שיער לעור רגיש - 400 מ""ל",רקיט בנקיזר צרפת,FR,"ויט קרם רגיש 400 מ""ל",מיליליטרים,400.00,"100 מ""ל",false,,59.90,0.1497,true,1,1348294
3073781162790,false,גבינת בייבי בל אדם 1,מחלבות בל,FR,גבינת בייבי בל אדם 1,גרמים,120.00,100 גרם,false,,17.90,0.1492,true,1,2344537
3141360054405,false,פיניש מפיץ ריח למדיח בניחוח לימון וליים,הדקלאים אגודת שיתופי,HU,מפיג ריח למדיח פיניש,גרמים,27.00,100 גרם,false,,14.90,0.5519,true,1,1551087
3147697720204,false,ויסקי בלנדד סקוטי לייבל,לייבל 5 Label,,וויסקי לייבל 5 קלאסי,מיליליטרים,700.00,"100 מ""ל",false,,69.00,0.0986,true,1,1471219
3161911229199,false,אלוויר חמאה רכה 250 גר,אלל אה וויר,FR,חמאה רכה 250 ג,גרמים,250.00,100 גרם,false,,21.90,0.0876,true,1,1368459
3161911366429,false,אלוויר חמאה רכה מלוחה 250 גר,ארזינא,FR,חמאה מלוחה 250 ג,גרמים,250.00,100 גרם,false,,21.90,0.0876,true,1,1368460
3161911393210,false,אלוויר חמאה נורמנדי מלוחה 200 גרם,אלוויר,FR,חמאה צרפתית נורמנדי,גרמים,200.00,100 גרם,false,,18.90,0.0945,true,1,2351651
3178530402278,false,גלאט חמאה קרצל סן מישל,סן מישל St Michel,FR,גלאט חמאה קרצל סן מי,גרמים,150.00,100 גרם,false,,14.90,0.0993,true,1,1612687
3178530402353,false,מיני מדליינס סאן מישל 175 גרם,סאן מישל,FR,מיני מדלן סן מישל,גרמים,175.00,100 גרם,false,,10.90,0.0623,true,1,1612688
3178530407938,false,עוגיות מיני מדלן שוקולד 175 גרם,סאן מישל,FR,מיני מדלן שוקו סן מי,גרמים,175.00,100 גרם,false,,10.90,0.0623,true,1,1612691
3178530409673,false,עוגיות פלמיה קרמל 100 גרם,סן מישל,FR,עוגיות פלמיה קרמל,גרמים,100.00,100 גרם,false,,14.90,0.1490,true,1,2212960
3178530411478,false,ביסקוויטים גאלט עם חמאה ומלח ים,סן מישל St Michel,FR,גלאט חמאה קלאסי סן מ,גרמים,150.00,100 גרם,false,,11.90,0.0793,true,1,1612692
3178530412703,false,דונאט עם שוקולד 180 גרם,סן מישל St Michel,FR,דונאט עם שוקולד,גרמים,180.00,100 גרם,false,,16.90,0.0939,true,1,2212961
3179730011017,false,"מים מינרלים פירייה 750 מ""ל זכוכית",NESTLE WATERS,FR,פרייה זכוכית 750מל (ירוק),מיליליטרים,750.00,"100 מ""ל",false,,8.90,0.0119,true,1,1386142
3387390320244,false,פיטנס Fitness דגנים מלאים עם פירות,נסטלה צרפת איטנקורט,FR,פיטנס פירות 375 גרם,גרמים,375.00,100 גרם,false,,19.90,0.0531,true,1,1344679
3387390525960,false,קראנץ' דגנים פריכים עם שוקולד 500 גרם,הנסיך- מפעל לייצור ט,FR,קראנץ' דגני בוקר פריכים ע,גרמים,500.00,100 גרם,false,,21.90,0.0438,true,1,1344680
3523230026888,false,גב עיזים למריחה שום ועשבי תיבול פירמידה,סואניון SOIGNON,FR,גבינה עזים פירמידה 1,גרמים,140.00,100 גרם,false,,22.90,0.1636,true,1,1600299
3574660058857,false,"שמן לתינוק גונסון 500 מ""ל",גונסון אנד גונסון,IT,"שמן גונסון 500 מ""ל",מיליליטרים,500.00,"100 מ""ל",false,,29.90,0.0598,true,1,2145055
3574660089547,false,או-בה טמפונים קלאסי נורמל 32יח',ג'ונסון אנד ג'ונסון,GR,אובה קלאסי נורמל 32,יח',32.00,יח',false,,29.90,0.9344,true,1,1377588
3574660115154,false,או-בה טמפונים קלאסי סופר 32יח',ג'ונסון אנד ג'ונסון,GR,אובה קלאסי סופר 32,יח',32.00,יח',false,,29.90,0.9344,true,1,1377591
3574660464337,false,מגני תחתון קרפרי נורמל אוורירי מבושם,ג'ונסון אנד ג'ונסון,IT,תחתוניות קרפרי אוורי,יח',76.00,יח',false,,22.90,0.3013,true,1,1902551
3574660464368,false,קרפרי מגן תחתון אוורירי אלוורה 76 יח'',גונסון אנד גונסון,IT,תחתוניות קרפרי אוורי,יח',76.00,יח',false,,22.90,0.3013,true,1,1902552
3574660464429,false,מגני תחתון קרפרי נורמל אוורירי עם מעטפת כותנה,קרפרי Carefree,IT,תחתוניות קרפרי אוורי,יח',76.00,יח',false,,22.90,0.3013,true,1,1902553
3574660514643,false,קרם לחות רב שימושי עשיר נוטרוגינה 300 מל,ניוטרוג'ינה Neutrogena,IT,נוטרוגינה קרם לחות עשיר 3,מיליליטרים,300.00,"100 מ""ל",false,,21.90,0.0730,true,1,1377625
3574660571769,false,ניוטרוגינה שפתון לחות SPF20,שסטוביץ,GR,שפתון לחות SPF20 נוט,גרמים,4.80,100 גרם,false,,14.90,3.1042,true,1,2330837
3574661003924,false,שטיפת פה טוטאל קר בטעם מנטה צלול,גונסון אנד גונסון,IT,LISTERINE TOTAL CARE 500M,מיליליטרים,500.00,"100 מ""ל",false,,22.90,0.0458,true,1,1345474
3574661098937,false,נטרוגינה תחליב גוף-יבש סדרה נורווגית,ניוטרוג'ינה Neutrogena,GR,תחליב גוף לעור יבש ע,מיליליטרים,400.00,"100 מ""ל",false,,21.90,0.0547,true,1,1996123
3574661114620,false,"ליסטרין שטיפת פה זירו ללא אלכוהול 250 מ""",ניאופארם,IT,מי פה ליסטרין זירו 2,מיליליטרים,250.00,"100 מ""ל",false,,12.90,0.0516,true,1,2095409
3574661114637,false,ליסטרין שטיפת פה קול מינט טעם מעודן 500,ג'ונסון אנד ג'ונסון,IT,"מי פה ליסטרין 500 מ""",מיליליטרים,500.00,"100 מ""ל",false,,19.90,0.0398,true,1,1345475
3574661363998,false,"מי פה ליסטרין תה ירוק 500 מ""ל",גונסון אנד גונסון,IT,שטיפת פה ליסטרין תה,מיליליטרים,500.00,"100 מ""ל",false,,22.90,0.0458,true,1,1717286
3574661391373,false,הידרו בוסט תחליב קרם ג'ל גוף לעור רגיל עד יבש,ניוטרוג'ינה Neutrogena,GR,תחליב גוף הידרו בוסט,מיליליטרים,400.00,"100 מ""ל",false,,39.90,0.0997,true,1,2168894
3574661392486,false,"קרם ידיים ניוטרוגינה הידרו בוסט 75 מ""ל",ניוטרוג'ינה Neutrogena,GR,קרם ידיים NEUTROGENA,מיליליטרים,75.00,"100 מ""ל",false,,21.90,0.2920,true,1,2188377
3574661401140,false,"שטיפת פה ליסטרין נייטלי ריסיט 400 מ""ל",ניאופארם,IT,ליסטרין נייטלי רייסט,מיליליטרים,400.00,"100 מ""ל",false,,19.90,0.0497,true,1,2165400
3574661419435,false,תחבושת הגיינית וניה מקסי לילה 12 יח',Johnson Vania - BL,BE,תחבושות הגייניות מקס,יח',12.00,יח',false,,24.90,2.0750,true,1,2347386
3574661427935,false,גונסונס בייבי תרחיץ ושמפו מגע כותנה 500,שסטוביץ,IT,גונסון בייבי תרחיץ ו,מיליליטרים,500.00,"100 מ""ל",false,,22.90,0.0458,true,1,2352250
3574661428048,false,"ג’ונסון מנקה ומגן – סבון ידיים וגוף לילד 500 מ""ל",ג'ונסונס Johnson's,IT,גונסונס בייבי סבון י,מיליליטרים,500.00,"100 מ""ל",false,,14.90,0.0298,true,1,2348857
3574661428055,false,גונסונס בייבי תחליב לחות מגע כותנה 500 מ,שסטוביץ,IT,תחליב גונסון בייבי מ,מיליליטרים,500.00,"100 מ""ל",false,,29.90,0.0598,true,1,2352339
3574661485218,false,טמפונים נורמל אובה 32 יח' פרוקומפורט,Johnson Toilet-IT,FR,טמפון או-בה נורמל 32,יח',32.00,יח',false,,29.90,0.9344,true,1,2347886
3574661487328,false,קרפרי מגני תחתון אורגינל פלוס 56 יח',הדקלאים אגודת שיתופי,IT,תחתוניות קרפרי 56 יח,יח',56.00,יח',false,,19.90,0.3554,true,1,2200103
3574661487335,false,קרפרי מגן תחתון מקסי לונג ריח'ני 40 יח',קרפרי Carefree,IT,תחתוניות קרפרי מקסי,יח',40.00,יח',false,,19.90,0.4975,true,1,2200109
3574661487618,false,קרפרי מגן תחתון מקסי לארג'' מבושם 48 יח'',ג'ויה מעבדות לקוסמטי,IT,תחתוניות קרפרי מבושם,יח',48.00,יח',false,,19.90,0.4146,true,1,2200110
3574661487625,false,מגני תחתון פלוס לארג' בניחוח עדין L,הדקלאים אגודת שיתופי,IT,תחתוניות קרפרי מקסי,יח',48.00,יח',false,,19.90,0.4146,true,1,2200127
3574661487632,false,מגני תחתון פלוס לארג' בניחוח עדין L,קרפרי Carefree,GR,תחתוניות קרפרי לארג',יח',64.00,יח',false,,22.90,0.3578,true,1,2217535
3574661491806,false,מי פה אדבנס וויט מנטה מסירה כתמים קשים,גונסון אנד גונסון,IT,מי פה ליסטרין עם שטי,מיליליטרים,500.00,"100 מ""ל",false,,22.90,0.0458,true,1,2274014
3574661500355,false,קרפרי מגן תחתון מקסי לונג רגיל 40 יח',ג'ויה מעבדות לקוסמטי,IT,תחתוניות קרפרי מקסי,יח',40.00,יח',false,,19.90,0.4975,true,1,2200111
3574661501901,false,שטיפה אינטימית יומיומית מכיל תה ירוק ואלוורה,קרפרי Carefree,IT,שטיפה אינטימית אלוור,מיליליטרים,200.00,"100 מ""ל",false,,16.90,0.0845,true,1,2214874
3574661530697,false,גונסונס בייבי תרחיץ ושמפו לתינוק 500 מל,ג'ונסונס Johnson's,IT,תרחיץ ושמפו ג'ונסון,מיליליטרים,500.00,"100 מ""ל",false,,19.90,0.0398,true,1,2154799
3574661552576,false,קרפרי מגן תחתון רגיל טנגה לבן 56 יח חדש,הדקלאים אגודת שיתופי,GR,תחתוניות קרפרי טנגה,יח',56.00,יח',false,,19.90,0.3554,true,1,2237222
3574661552804,false,קרפרי מגן תחתון אלוורה 56 יח',הדקלאים אגודת שיתופי,IT,תחתוניות קרפרי אלוור,יח',56.00,יח',false,,19.90,0.3554,true,1,2237214
3574661552811,false,קרפרי מגן תחתון כותנה נטול ריח 56 יח,הדקלאים אגודת שיתופי,GR,תחתוניות קרפרי אוורי,יח',56.00,יח',false,,19.90,0.3554,true,1,2237215
3574661554877,false,קרפרי מגן תחתון כותנה מבושם 56 יח,הנסיך- מפעל לייצור ט,GR,תחתוניות קרפרי מבושם,יח',56.00,יח',false,,19.90,0.3554,true,1,2237216
3574661554884,false,קרפרי מגן תחתון רגיל טנגה מבושם 56 יח,הדקלאים אגודת שיתופי,IT,תחתוניות קרפרי מבושם,יח',56.00,יח',false,,19.90,0.3554,true,1,2237223
3574661610344,false,נטרוגינה קרם לחות עשיר ומרוכז לעור יבש ע,שסטוביץ,IT,קרם גוף אינטנסיבי ני,מיליליטרים,300.00,"100 מ""ל",false,,21.90,0.0730,true,1,2329018
3574669907682,false,גונסונס בייבי טלק 500 גרם,גונסון אנד גונסון,IT,טלק גונסון 500 גר,גרמים,500.00,100 גרם,false,,29.90,0.0598,true,1,2145059
3574669907767,false,ג'ונסון בייבי שמפו קמומיל 750 חדש,ג'ונסונס Johnson's,IT,גונסונס בייבי שמפו ק,מיליליטרים,750.00,"100 מ""ל",false,,27.90,0.0372,true,1,2150533
3574669907972,false,"גונסון בייבי שמפו טיפות של ברק 750 מ""ל",ג'ונסונס Johnson's,IT,גונסונס שמפו טיפות ש,מיליליטרים,750.00,"100 מ""ל",false,,27.90,0.0372,true,1,2150535
3574669908443,false,ג'ונסון בייבי אל סבון וקצף אמבט 750 חדש,Johnson Toilet-IT,IT,אל-סבון/קצף אמבט ג'ו,מיליליטרים,750.00,"100 מ""ל",false,,22.90,0.0305,true,1,2154800
3574669908481,false,ג'ונסון בייבי אל סבון אמבט 750 מל חדש,ג'ונסונס Johnson's,IT,אל-סבון ג'ונסון בייב,מיליליטרים,750.00,"100 מ""ל",false,,22.90,0.0305,true,1,2154801
3574669908665,false,גונסונס בייבי אל סבון לפני השינה 750 מל,גונסון אנד גונסון,IT,אל-סבון ג'ונסון בייב,מיליליטרים,750.00,"100 מ""ל",false,,22.90,0.0305,true,1,2154768
3600522344032,false,לוריאל - אלביב מסכה טוטאל ריפר 300,לוריאל,,מסיכת הזנה לשיער אלב,מיליליטרים,300.00,"100 מ""ל",false,,24.90,0.0830,true,1,1339580
3600522344070,false,לוריאל - אלביב מסכה קולור פרוטקט 300,אלביב לוריאל,FR,מסיכת הזנה לשיער אלב,מיליליטרים,300.00,"100 מ""ל",false,,24.90,0.0830,true,1,1339581
3600522550129,false,קרם אנטי-אייג'ינג יום אייג' ספשיאליסט +45,לוריאל Loreal,DE,אייג' ספשיאליסט קרם,מיליליטרים,50.00,"100 מ""ל",false,,49.90,0.9980,true,1,1516061
3600522550204,false,קרם אנטי-אייג'ינג יום אייג' ספשיאליסט +55,לוריאל Loreal,DE,אייג' ספשיאליסט קרם,מיליליטרים,50.00,"100 מ""ל",false,,49.90,0.9980,true,1,1516063
3600523476619,false,לוריאל - דרמו פרחים ג'ל ניקוי כחול (החלפת ברקוד),לוריאל,FR,דרמו פרחים גל ניקוי,מיליליטרים,150.00,"100 מ""ל",false,,29.90,0.1993,true,1,2163222
3600523605972,false,מסכת הזנה רב שימושית מכילה שמן קוקוס,לוריאל - אלביב Elvive,DE,אלביב קרם לחות מעושר,מיליליטרים,300.00,"100 מ""ל",false,,24.90,0.0830,true,1,1822137
3600523642489,false,מסכת הזנה אינטנסיבית 6 שמנים לשיער יבש,לוריאל - אלביב Elvive,DE,אלביב מסכה 6 שמנים מ,מיליליטרים,300.00,"100 מ""ל",false,,24.90,0.0830,true,1,2123813
3600523651870,false,שמפו לחיזוק סיב השערה לכל סוגי השיער,לוריאל - אלביב Elvive,TR,שמפו אלביב 6 שמנים,מיליליטרים,550.00,"100 מ""ל",false,,14.90,0.0271,true,1,1866550
3600523651887,false,"לוריאל - אלביב שמפו טוטאל ריפר 550 מ""ל",לוריאל - אלביב Elvive,TR,שמפו אלביב טוטאל,מיליליטרים,550.00,"100 מ""ל",false,,14.90,0.0271,true,1,1866551
3600523651900,false,מרכך לחיזוק סיב השערה לכל סוגי השיער,לוריאל - אלביב Elvive,TR,מרכך אלביב 6 שמנים,מיליליטרים,550.00,"100 מ""ל",false,,14.90,0.0271,true,1,1866552
3600523652228,false,"לוריאל - אלביב מרכך טוטאל ריפר 550 מ""ל",לוריאל - אלביב Elvive,TR,מרכך אלביב טוטאל,מיליליטרים,550.00,"100 מ""ל",false,,14.90,0.0271,true,1,1866553
3600523652242,false,"לוריאל - אלביב שמפו קולור פרוטקט 550 מ""ל",לוריאל - אלביב Elvive,TR,שמפו אלביב קולור,מיליליטרים,550.00,"100 מ""ל",false,,14.90,0.0271,true,1,1866555
3600523652259,false,"לוריאל - אלביב מרכך קולור פרוטקט 550 מ""ל",לוריאל,TR,מרכך אלביב קולור,מיליליטרים,550.00,"100 מ""ל",false,,14.90,0.0271,true,1,1866556
3600523652280,false,"לוריאל אלביב שמפו מועשר ב 6 שמנים, 550 מ""ל",לוריאל - אלביב Elvive,TR,שמפו אלביב 6 שמנים,מיליליטרים,550.00,"100 מ""ל",false,,14.90,0.0271,true,1,1866559
3600523652297,false,"מרכך לשיער אלביב זהב 6 שמנים , 550 מ""ל",לוריאל - אלביב Elvive,TR,מרכך אלביב 6 שמנים,מיליליטרים,550.00,"100 מ""ל",false,,14.90,0.0271,true,1,1866560
3600523755806,false,"לוריאל - אלביב שמפו קוקוס 550 מ""ל",לוריאל,TR,שמפו אלביב קוקוס,מיליליטרים,550.00,"100 מ""ל",false,,14.90,0.0271,true,1,2214154
3600523756322,false,"לוריאל - אלביב מרכך קוקוס 550 מ""ל",לוריאל,TR,מרכך אלביב 6 שמנים,מיליליטרים,550.00,"100 מ""ל",false,,14.90,0.0271,true,1,2214155
3600523782574,false,לוריאל - אלביב מסכה דרים לונג 300,לוריאל - אלביב Elvive,DE,אלביב מסכה דרים לונג,מיליליטרים,300.00,"100 מ""ל",false,,24.90,0.0830,true,1,2163231
3600523782581,false,מרכך מתיר קשרים לשיער ארוך ופגום Dream Long,לוריאל - אלביב Elvive,FR,מרכך אלביב דרים לונג,מיליליטרים,500.00,"100 מ""ל",false,,14.90,0.0298,true,1,2163232
3600523823604,false,לוריאל - דרמו היאלורון אקספרט לילה,,,אייג' ספשיאליסט קרם,מיליליטרים,50.00,"100 מ""ל",false,,49.90,0.9980,true,1,2269124
3600523823611,false,לוריאל - היאלורון אקספרט יום SPF20,,,אייג' ספשיאליסט קרם,מיליליטרים,50.00,"100 מ""ל",false,,49.90,0.9980,true,1,2269125
3600523936786,false,"לוריאל - אלביב שמן לשיער רגיל 100 מ""ל",לוריאל,IL,שמן אלביב לכל סוגי ה,מיליליטרים,100.00,"100 מ""ל",false,,39.90,0.3990,true,1,2289368
3600541029323,false,גרניה אסנשיאל מסיר איפור 2ב1,SOPROCOS סופרוקוס,FR,200 מס.איפור אסנשיאל 2ב1,מיליליטרים,200.00,"100 מ""ל",false,,19.90,0.0995,true,1,1339723
3600541253667,false,"גרנייה - דאודורנט ספריי לאישה אינביזיבל BWC (ורוד) 150 מ""ל",גרנייה Garnier,FR,דאודורנט GARNIER אינ,מיליליטרים,150.00,"100 מ""ל",false,,11.90,0.0793,true,1,1339770
3600541351493,false,גרניה אנטי אייגינג אססנטיאל 45+ קרם יום,לוריאל,DE,קרם אנטי אייג',מיליליטרים,50.00,"100 מ""ל",false,,39.90,0.7980,true,1,1822138
3600541740006,false,"גרנייה - דאודורנט ספריי לאישה אקשן קונטרול 72 שעות 150 מ""ל",גרנייה Garnier,FR,דאודורנט ספריי אקשן,מיליליטרים,150.00,"100 מ""ל",false,,11.90,0.0793,true,1,1460536
3600541928275,false,מי פנים מיסלריים דו-פאזיים מסיר איפור עמיד במים,גרנייה Garnier,PL,גרנייה מים מיסלריים,מיליליטרים,400.00,"100 מ""ל",false,,29.90,0.0747,true,1,1522570
3600541937475,false,גרניה פיור גרגרים מסיכה לעור מעורב עד שמן,לוריאל,PL,תחליב לפנים מסיכה ני,מיליליטרים,150.00,"100 מ""ל",false,,29.90,0.1993,true,1,1501248
3600541952720,false,ג'ל גרגירים עם פחם פעיל לטיפול בראשים שחורים,גרנייה Garnier,PL,גל גרגרים פיור פחם G,מיליליטרים,200.00,"100 מ""ל",false,,29.90,0.1495,true,1,1501249
3600542097253,false,גרנייה - מסכת טישו פחם אצות שחורות,לוריאל,CN,טישו פחם אצות,גרמים,32.00,100 גרם,false,,11.90,0.3719,true,1,2163224
3600542168687,false,גרנייה פיור פיל אוף פחם מסכת פנים,,,גרנייה פיל אוף פחם,מיליליטרים,150.00,"100 מ""ל",false,,34.90,0.2327,true,1,2208131
3600542216647,false,"גרנייה - דאודורנט ספריי לאישה 96 שעות אקשן קונטר 150 מ""ל",General,FR,דאודורנט ספריי אקשן,מיליליטרים,150.00,"100 מ""ל",false,,11.90,0.0793,true,1,2220857
3600542309974,false,"גרנייה - דאודורנט רול און לאישה מגנזיום 50 מ""ל",סופרוקוס,PL,דאודורנט GARNIER רול,מיליליטרים,50.00,"100 מ""ל",false,,11.90,0.2380,true,1,2370738
3600542365710,false,גרנייה - פיור ג'ל ניקוי,General,,"ג""ל לניקוי פנים GARN",מיליליטרים,200.00,"100 מ""ל",false,,29.90,0.1495,true,1,2241183
3600542365758,false,גרניה בוטניקל מי פנים ענבים 200 מל,לוריאל,DE,מי פנים ענבים בוטניק,מיליליטרים,200.00,"100 מ""ל",false,,19.90,0.0995,true,1,2289389
3600542365796,false,גרניה בוטניקל גל ניקוי ענבים 200 מל,לוריאל,PL,ג'ל ניקוי לפנים בוטנ,מיליליטרים,200.00,"100 מ""ל",false,,24.90,0.1245,true,1,2249851
3600542366151,false,גרנייה - קרם לחות בוטניקלס ורדים,לוריאל,DE,קרם לחות לפנים בוטני,מיליליטרים,50.00,"100 מ""ל",false,,29.90,0.5980,true,1,2289396
3600542385091,false,"גרנייה - דאודורנט רול און לאישה אקשן קונטרול 72 שעות 50 מ""ל",קוסמופול,PL,אקשן קונטרול טרמיק 7,מיליליטרים,50.00,"100 מ""ל",false,,11.90,0.2380,true,1,2289398
3600542385107,false,גרניה דאו רול און אינביזיבל לכל צבע,קוסמופול,PL,דאודורנט GARNIER אינ,מיליליטרים,50.00,"100 מ""ל",false,,11.90,0.2380,true,1,2289399
3600542385220,false,"גרנייה - דאודורנט רול און לאישה פרוטקשן 6 פלורל (סגול) 50 מ""ל",גרנייה Garnier,FR,דאודורנט GARNIER רול,מיליליטרים,50.00,"100 מ""ל",false,,11.90,0.2380,true,1,2289400
3600542385268,false,"גרנייה - דאודורנט רול און לאישה אינביזיבל BWC (ורוד) 50 מ""ל",קוסמופול,PL,דאודורנט אינביזבל רו,מיליליטרים,50.00,"100 מ""ל",false,,11.90,0.2380,true,1,2289408
3600542385275,false,"גרנייה - דאודורנט רול און לאישה פיור אקטיב 50 מ""ל",גרנייה Garnier,FR,דאודורנט GARNIER רול,מיליליטרים,50.00,"100 מ""ל",false,,11.90,0.2380,true,1,2289409
3600542385312,false,גרניה טישו מסק מסכת רימונים לעור יבש,לוריאל,CN,טישו גרנייה מסק רימו,גרמים,32.00,100 גרם,false,,11.90,0.3719,true,1,2289410
3600542385329,false,גרניה טישו מסק מסכת תה ירוק לעור רגיל,לוריאל,CN,טישו גרנייה מסק תה י,גרמים,32.00,100 גרם,false,,11.90,0.3719,true,1,2289411
3600542398206,false,גרניה סקין נט תרחיץ אלוורה 200 מל,לוריאל,DE,גרנייה אלו ג'ל ניקוי,מיליליטרים,200.00,"100 מ""ל",false,,19.90,0.0995,true,1,2370827
3607345265117,false,"אדידס - דאודורנט ספריי לגבר טים פורס 150 מ""ל",מיוצר עי קונדיטוריית,ES,פיוז'ן-ספריי גוף טים פורס,מיליליטרים,150.00,"100 מ""ל",false,,14.90,0.0993,true,1,1391862
3614224051235,false,אדידס דאודורנט ספריי גברים אדיפוואר 200מל,אדידס Adidas,PT,בודי ספריי אדידס 200,מיליליטרים,200.00,"100 מ""ל",false,,18.90,0.0945,true,1,2130368
3614224056537,false,"דאו' ספריי נשים אדיפאוור 72ש 150מ""ל",,,בודי ספריי אדידס 150,מיליליטרים,150.00,"100 מ""ל",false,,14.90,0.0993,true,1,2130375
3661163990545,false,"אדידס דאודורנט ספריי לגברים אקשיין 200 מ""ל",מיוצר עי קונדיטוריית,PT,דאו ספריי גברים דריי,מיליליטרים,200.00,"100 מ""ל",false,,18.90,0.0945,true,1,1391882
3665468301723,false,אירוויק באז מבשם ומנטרל ריחות בניחוח לילות לבנים 237 מ'ל,רקיט בנקיזר,PL,מבשם אויר ספריי אירו,מיליליטרים,236.00,"100 מ""ל",false,,19.90,0.0843,true,1,2362946
3800020472569,false,קיט קט צ'אנקי קרמל 43.5ג,נסטלה,DE,חטיף קיט קט צ'אנקי ק,גרמים,43.50,100 גרם,false,,3.90,0.0897,true,1,2363652
3800020472712,false,חטיף קיט קאט צאנקי פופקורן 42 ג',ליימן מותגים,BG,חטיף קיט קט צאנקי פו,גרמים,42.00,100 גרם,false,,3.90,0.0929,true,1,2313298
3800864013508,false,כוס מאג לונדון רחב 3,,,כוס מאג לונדון רחב 3,יח',1.00,יח',false,,6.90,6.9000,true,1,2348802
3838824127149,false,צבע לשיער פלטה - 1-1 שחור כחול,שוורצקופף והנקל,DE,פאלטה סמי קיט 1-1 שחור כח,יחידה,1.00,יחידה,false,,22.90,22.9000,true,1,1361822
3838824127163,false,צבע לשיער פאלטה בלונד כסוף 1-10,שוורצקופף והנקל,DE,פאלטה סמי קיט 10-1 בלונד,יחידה,1.00,יחידה,false,,22.90,22.9000,true,1,1361823
3838824127507,false,פלטה סמי קיט חום קטיפתי 4-60 צבע שיער,שוורצקופף והנקל,DE,פאלטה סמי קיט 4-60 חום קט,יחידה,1.00,יחידה,false,,22.90,22.9000,true,1,1361833
3838824127644,false,צבע לשיער פלטה - 4-89 חציל זוהר,שוורצקופף והנקל,DE,פאלטה סמי קיט 4-89 חציל ז,יחידה,1.00,יחידה,false,,22.90,22.9000,true,1,1361838
3838824332178,false,פאלטה ברוז' חום אדום יין 6-80 סמי קיט,שוורצקופף והנקל,DE,צבע שיער סמי קיט פאל,יחידה,1.00,יחידה,false,,22.90,22.9000,true,1,1686961
3838824380940,false,צבעי שיער בלונד בהיר אפרפר 8-1 סמי קיט פאלט,שוורצקופף והנקל,DE,צבע שיער סמי קיט פאל,יחידה,1.00,יחידה,false,,22.90,22.9000,true,1,2304918
3838824381022,false,צבעי שיער חום שוקולד כהה 3-65 סמי קיט פאלטה,שוורצקופף והנקל,DE,צבע שיער סמי קיט פאל,יחידה,1.00,יחידה,false,,22.90,22.9000,true,1,2304920
4000388563803,false,"תחליב גוף דאב לעור רגיל עד יבש 400 מ""ל",יוניליוור,DE,דאב תחליב גוף,מיליליטרים,400.00,"400 מ""ל",false,,25.90,0.0647,true,1,1973432
4000415039707,false,שוגטן שוקולד בלאק אנ,לודוויג שוקולד,DE,שוקולד שוגטן וניל 10,גרמים,100.00,100 גרם,false,,5.90,0.0590,true,1,1364399
4000415040109,false,שוקולד שוגטן קרמל בר,לודוויג שוקולד,DE,שוקולד שוגטן קרמל 10,גרמים,100.00,100 גרם,false,,5.90,0.0590,true,1,1364400
4000415065805,false,שוקולד סאלוט 50% מרי,,,שוקולד סאלוט 50% מרי,גרמים,100.00,100 גרם,false,,3.90,0.0390,true,1,2351156
4000415065904,false,שוקולד סאלוט אגוזים,,,שוקולד סאלוט אגוזים,גרמים,100.00,100 גרם,false,,3.90,0.0390,true,1,2351157
4000415066000,false,שוקולד סאלוט חלב 100,,,שוקולד סאלוט חלב 100,גרמים,100.00,100 גרם,false,,3.90,0.0390,true,1,2351158
4000415756406,false,שוקולד שוגטן עוגת גב,לודוויג שוקולד,DE,שוקולד שוגטן עוגת גב,גרמים,100.00,100 גרם,false,,5.90,0.0590,true,1,2354993
4000415856601,false,שוקולד שוגטן 100 גרם,לודוויג שוקולד,DE,שוקולד שוגטן 100 גרם,גרמים,100.00,100 גרם,false,,5.90,0.0590,true,1,1364418
4000417022004,false,שוקולד ריטר ספורט צימוק אגוז 100 גרם חלב נוכרי,ריטר ספורט Ritter sport,DE,שוקולד RITTER SPORT צימוק,גרמים,100.00,100 גרם,false,,7.90,0.0790,true,1,1365390
4000417023001,false,שוקולד ריטר ספורט שקדים חלב 100גר,ריטר ספורט Ritter sport,DE,שוקולד RITTER SPORT שקדים,גרמים,100.00,100 גרם,false,,9.90,0.0990,true,1,1365391
4000417025005,false,שוקולד ריטר ספורט מרציפן 100 גרם חלב נוכרי,ריטר ספורט Ritter sport,DE,שוקולד RITTER SPORT מרצפן,גרמים,100.00,100 גרם,false,,7.90,0.0790,true,1,1365392
4000417026002,false,שוקולד ריטר ספורט פרלין 100 גרם חלב נוכרי,ריטר ספורט Ritter sport,DE,שוקולד RITTER SPORT נוגט,גרמים,100.00,100 גרם,false,,7.90,0.0790,true,1,1365393
4000417101211,false,גלילי וופל עם קרם אגוזי לוז בציפוי שוקולד חלב,אמיצ'לי Amicelli,AT,גלילי וופל עם קרם אג,גרמים,150.00,100 גרם,false,,14.90,0.0993,true,1,2330139
4000417101310,false,אימצ'לי-גלילי וופל עם קרם קקאו 150 גרם,,,גלילי וופל עם קרם קק,גרמים,150.00,100 גרם,false,,14.90,0.0993,true,1,2374156
4000417211002,false,שוקולד ריטר ספורט מוס קרמל 100 גרם חלב נוכרי,ריטר ספורט Ritter sport,DE,שוקולד ספורט מוס קרמ,גרמים,100.00,100 גרם,false,,7.90,0.0790,true,1,1524096
4000417212009,false,שוקולד ריטר ספורט מריר תפוז שקד 100 ג' חלב נוכרי,ריטר ספורט Ritter sport,DE,שוקולד חלב ריטר מריר,גרמים,100.00,100 גרם,false,,7.90,0.0790,true,1,2092681
4000417222008,false,שוקולד ריטר ספורט חלב+שברי אגוזים 100 גרם חלב נוכרי,ריטר ספורט Ritter sport,DE,שוקולד חלב אגוז ריטר,גרמים,100.00,100 גרם,false,,7.90,0.0790,true,1,1524097
4000417224002,false,"ריטר ספורט טבלת שוקולד מריר אגוזים, 100 גרם",ריטר ספורט Ritter sport,DE,שוקולד RITTER SPORT מריר,גרמים,100.00,100 גרם,false,,9.90,0.0990,true,1,1365395
4000417294005,false,שוקולד ריטר מוס קקאו 100 גרם חלב נוכרי,ריטר ספורט Ritter sport,DE,שוקולד RITTER SPORT מוס ק,גרמים,100.00,100 גרם,false,,7.90,0.0790,true,1,1365398
4000417626417,false,שוקולד חלב עם חמוציות ואגוזים ריטר100ג,ריטר,,שוקולד ספורט חמוציות,גרמים,100.00,100 גרם,false,,7.90,0.0790,true,1,2368776
4000417708007,false,שוקולד ריטר ספורט מריר שקד 100 גרם,ריטר ספורט Ritter sport,DE,שוקולד מריר שקד ריטר,גרמים,100.00,100 גרם,false,,9.90,0.0990,true,1,2290442
4000522061752,false,בייגלה צ'יו מקלות מלוחים 100 גרם,צ'יו Chio,HU,בייגלה מקלות 100 גרם,גרמים,100.00,100 גרם,false,,3.90,0.0390,true,1,1388969
4000576399405,false,פדים רחבים להסרת איפור,ג'ין קרול Jean Carol,CN,פדים להסרת איפור רחב,יח',40.00,יח',false,,8.90,0.2225,true,1,1343963
4000576722654,false,פדים להסרת איפור זוג *70 יח',ג'ין קרול Jean Carol,,פדים להסרת איפור 140,יח',140.00,יח',false,,14.90,0.1064,true,1,1343981
4000607850004,false,שוגטן שוקולד קוביות,לודוויג שוקולד,,שוקולד שוגטן חלב 100,גרמים,100.00,100 גרם,false,,5.90,0.0590,true,1,1364422
4000607851001,false,שוקולד חלב עם אגוזי לוז,לודוויג שוקולד,DE,שוקולד שוגטן חלב אגו,גרמים,100.00,100 גרם,false,,5.90,0.0590,true,1,1364423
4000607852008,false,שוקולד שוגטן מריר 10,לודוויג שוקולד,DE,שוקולד שוגטן מריר 10,גרמים,100.00,100 גרם,false,,5.90,0.0590,true,1,1364424
4001507161948,false,קווקר פתיתי שיבולת שועל דקה 500 גר,פורטין מולנברקה ג'ב,DE,פתיתי שיבולת שועל דק,גרמים,500.00,100 גרם,false,,5.90,0.0118,true,1,1538094
4002448017684,false,"סיליט באנג ספריי רב שימושי כתום 750 מ""ל",הדקלאים אגודת שיתופי,PL,סיליט מסיר אבנית שרוול 75,מיליליטרים,750.00,"100 מ""ל",false,,14.90,0.0199,true,1,1348303
4002448019480,false,"סיליט באנג מסיר שומנים רב שימושי 750 מ""ל",סיליט באנג Cillit Bang,PL,סיליט ספרי שומנים 750 שרו,מיליליטרים,750.00,"100 מ""ל",false,,14.90,0.0199,true,1,1348304
4002575016253,false,מרציפן מצופה שוקולד,הדקלאים אגודת שיתופי,DE,מרציפן 100 גרם,גרמים,100.00,100 גרם,false,,8.90,0.0890,true,1,1365401
4002590000022,false,סוכריות קלפני פירות יער אוכמניות 150 ג',ליימן מותגים,DE,קלפני פירות אוכמניות 150,גרמים,150.00,100 גרם,false,,8.90,0.0593,true,1,1365405
4002590000039,false,סוכריות קלפני הדרים 150 ג',ליימן מותגים,,סוכריות בטעם פרי הדר,גרמים,150.00,100 גרם,false,,8.90,0.0593,true,1,1365406
4002590000046,false,סוכריות קלפני מנטה מרענן 150ג',ליימן מותגים,DE,קלפני מרענן 150 גרם,גרמים,150.00,100 גרם,false,,8.90,0.0593,true,1,1365407
4002590703541,false,קלפני סוכריות קשות בטעם תות,ליימן מותגים,DE,סוכריות קלפני בטעם ת,גרמים,150.00,100 גרם,false,,8.90,0.0593,true,1,2327259
4004666042004,false,משמיד עובש עם מרסס מלרוד Mellerud,יעקובי,DE,מלרוד מרסס 0.5 ליטר,מיליליטרים,500.00,"100 מ""ל",false,,34.90,0.0698,true,1,1364533
4004666107819,false,"מלרוד - מרסס לניקוי וטיהור המזגן 500 מ""ל",פרח,DE,מרסס לניקוי וטיהור ה,מיליליטרים,500.00,"100 מ""ל",false,,22.90,0.0458,true,1,2261049
4005808128631,false,ניוואה 500 גל רחצה לגבר תמציות ליים,ביירסדורף,DE,N SPORT SHOWER GEL BODY&H,מיליליטרים,500.00,"100 מ""ל",false,,14.90,0.0298,true,1,1372478
4005808170005,false,"קצף גילוח ניוואה 200 מ""ל",ניוואה Nivea,DE,קצף גילוח ניוואה,מיליליטרים,200.00,"100 מ""ל",false,,19.90,0.0995,true,1,1372479
4005808222698,false,ניוואה לגבר- קצף גילוח לבעלי עור רגיש,ביירסדורף,DE,ניוואה לגבר- קצף גילוח לב,מיליליטרים,200.00,"100 מ""ל",false,,19.90,0.0995,true,1,1372484
4005808274932,false,אטריקס אינטנסיב קרם ידיים,ביירסדורף,DE,ATRIX INTENSIVE PRO,גרמים,100.00,100 גרם,false,,9.90,0.0990,true,1,1372493
4005808293469,false,"ניוואה - דאודורנט ספריי לגבר יבש 150 מ""ל",BEIERSDORF MANUFACTU,DE,ניוואה דאו ספרי גבר,מיליליטרים,150.00,"100 מ""ל",false,,19.90,0.1327,true,1,2320553
4005808366392,false,שפתון כחול בליסטר לבלו,טרופיקל דגיל תעשיות,DE,שפתון לבלו כחול,יחידה,0.00,יחידה,false,,9.90,0.0000,true,1,1521173
4005808368280,false,לבלו שפתון דובדבן בליסטר,טרופיקל דגיל תעשיות,DE,שפתון לבלו דובדובן ב,מיליליטרים,5.50,"100 מ""ל",false,,9.90,1.8000,true,1,1521174
4005808502004,false,לבלו שפתון סופט ורוד בליסטר 5.5מל,ביירסדורף,DE,לבלו ורוד בליסטר,יחידה,0.00,יחידה,false,,9.90,0.0000,true,1,1372504
4005808588640,false,"ניוואה קרם גילוח לעור רגיש 100 מ""ל",ביירסדורף,DE,קרם גילוח לעור רגיש,יחידה,0.00,יחידה,false,,12.90,0.0000,true,1,1372509
4005808692552,false,ניוואה ESLS תכשיר ניקוי נורמל דיספנסר150,אלפא,,מוס ניקוי לעור פנים,יחידה,0.00,יחידה,false,,34.90,0.0000,true,1,1372514
4005808698103,false,ניוואה תחליב גוף סמוד לעור יבש 500 מל,בטר אנד דיפרנט,DE,ניוואה קרם גוף סמוד,מטרים,500.00,100 מ'ל,false,,24.90,0.0498,true,1,2261856
4005808702107,false,ניוואה תחליב גוף לעור יבש מאד 500 מל,בטר אנד דיפרנט,DE,ניוואה קרם גוף לעור,מטרים,500.00,100 מ'ל,false,,24.90,0.0498,true,1,2261857
4005808811700,false,"ניוואה ג'ל לניקוי מאזן לעור, 150 מ""ל",ניואה,,ג'ל ניקוי פנים לעור,מיליליטרים,150.00,"100 מ""ל",false,,29.90,0.1993,true,1,1372529
4005808813001,false,תחליב לחות לאחר גילוח ניוואה,ביירסדורף,DE,תחליב לחות לאחר גילוח ניו,מיליליטרים,100.00,"100 מ""ל",false,,49.90,0.4990,true,1,1372535
4005808817405,false,ניוואה גל גילוח לעור רגיש 200 מל,פרוטרופיק סיה.,DE,ג'ל גילוח לעור רגיש ניווא,מיליליטרים,200.00,"100 מ""ל",false,,19.90,0.0995,true,1,1372544
4005808817603,false,ג'ל גילוח עם אלוורה Protect & Care,ניוואה Nivea,DE,ג'ל לגילוח עדין ניוואה,מיליליטרים,200.00,"100 מ""ל",false,,19.90,0.0995,true,1,1372545
4005808828838,false,"ניוואה - דאודורנט ספריי לגבר קול קיק 150 מ""ל",ניוואה Nivea,DE,DEO AQUA COOL SPRAY 150ML,מיליליטרים,150.00,"100 מ""ל",false,,19.90,0.1327,true,1,1372548
4005808837359,false,"ניוואה - דאודורנט רול און לאישה פרל אנד ביוטי 50 מ""ל",ביירסדורף AG,DE,N. DEO PEARL&BEAUTY ROLL-,מיליליטרים,50.00,"100 מ""ל",false,,19.90,0.3980,true,1,1372553
4005808850723,false,לבלו שפתון תות בליסטר,טרופיקל דגיל תעשיות,DE,לבלו תות בליסטר,מיליליטרים,5.50,"100 מ""ל",false,,9.90,1.8000,true,1,1372561
4005808850907,false,לבלו הידרו קר בליסטר 5.5מל,ביירסדורף,DE,שפתון לבלו הידרו קר,יחידה,0.00,יחידה,false,,9.90,0.0000,true,1,2259162
4005808851515,false,שפתון לבלו גבר בליסט,אלפא,,שפתון לבלו לגבר,יחידה,0.00,יחידה,false,,9.90,0.0000,true,1,2259163
4005808890507,false,קרם ניוואה סופט צנצנת 200 מל,ניוואה Nivea,IT,"קרם סופט 200 מ""ל",מיליליטרים,200.00,"100 מ""ל",false,,29.90,0.1495,true,1,1372568
4005808890576,false,"קרם ידיים ניוואה סופט 75 מ""ל",ניוואה Nivea,DE,"קרם סופט 75 מ""ל בשפופרת",מיליליטרים,75.00,"100 מ""ל",false,,12.90,0.1720,true,1,1372569
4005808908585,false,"ניוואה - דאודורנט ספריי לאישה פאודר טאץ 150 מ""ל",ניואה,DE,ניוואה דאו ספריי לאש,יחידה,1.00,יחידה,false,,19.90,19.9000,true,1,1372571
4005900036445,false,"ניוואה - דאודורנט רול און לאישה בלק&וויט פיור 50 מ""ל",ביירסדורף,DE,ניוואה דאו רול און ל,יחידה,1.00,יחידה,false,,19.90,19.9000,true,1,1372580
4005900036506,false,"ניוואה - דאודורנט רול און לגבר שקוף בלק 50 מ""ל",טרופיקל דגיל תעשיות,DE,NDEO RLL-ON INV BLC&WHT P,מיליליטרים,50.00,"100 מ""ל",false,,19.90,0.3980,true,1,1372583
4005900036568,false,"ניוואה - דאודורנט ספריי לאישה שקוף בלק וווי 150 מ""ל",ביירסדורף AG,DE,NDEO SPY INV BLC&WHT CLR,מיליליטרים,150.00,"100 מ""ל",false,,19.90,0.1327,true,1,1372584
4005900037909,false,"ניוואה - דאודורנט ספריי לאישה אינויזיבל פיור 150 מ""ל",ניואה,DE,ניוואה דאו ספריי לאש,יחידה,1.00,יחידה,false,,19.90,19.9000,true,1,1372585
4005900111449,false,"ניוואה קרם רב שימושי לגבר 150 מ""ל",General,DE,ניוואה קרם רב שימושי,מיליליטרים,150.00,"100 מ""ל",false,,29.90,0.1993,true,1,1423712
4005900273482,false,לבלו שפתון אוכמניות בליסטר,אלפא,DE,שפתון לבלו אוכמניות,יחידה,0.00,יחידה,false,,9.90,0.0000,true,1,2259164
4005900274304,false,"ניוואה - דאודורנט ספריי לגבר פרש אושן 150 מ""ל",פרוטרופיק סיה.,DE,ניוואה דאו ספריי פרש,יחידה,0.00,יחידה,false,,19.90,0.0000,true,1,1521208
4005900420220,false,"גל רחצה ניוואה פיור אימפקט לגבר 500 מ""ל",ניואה,,ניוואה 500גל רחצה לג,מיליליטרים,500.00,"100 מ""ל",false,,14.90,0.0298,true,1,2311576
4005900431776,false,לבלו שפתון וניל בליסטר,beiersdorf,DE,שפתון לבלו וניל,יחידה,0.00,יחידה,false,,9.90,0.0000,true,1,2259165
4005900488459,false,"ניוואה - דאודורנט רול און לאישה דריי פרש 50 מ""ל",ניואה,DE,דאודורנט רול און לאי,מיליליטרים,50.00,"100 מ""ל",false,,19.90,0.3980,true,1,2118021
4005900494900,false,"ניוואה - דאודורנט ספריי לגבר דריי פרש 150 מ""ל",ניואה,DE,דאודורנט ספריי לגבר,מיליליטרים,150.00,"100 מ""ל",false,,19.90,0.1327,true,1,2118022
4005900494924,false,"ניוואה - דאודורנט ספריי לאישה דריי פרש אישה 150 מ""ל",ביירסדורף,DE,דאודורנט ספריי לאישה,מיליליטרים,150.00,"100 מ""ל",false,,19.90,0.1327,true,1,2118023
4005900513045,false,"ניוואה - דאודורנט ספריי לגבר דיפ 150 מ""ל",ביירסדורף,DE,ניוואה ספריי דיפ לגב,מיליליטרים,150.00,"100 מ""ל",false,,19.90,0.1327,true,1,1990198
4005900521262,false,"ג'ל רחצה לגבר פיור אימפקט ניוואה 500 מ""ל",ביירסדורף,DE,ג'ל רחצה לגבר דיפ 50,מיליליטרים,500.00,"100 מ""ל",false,,14.90,0.0298,true,1,1990201
4005900547316,false,"ניוואה - דאודורנט ספריי לאישה שקוף בלק וווי 150 מ""ל",בטר אנד דיפרנט,DE,ניוואה דאו ספריי לאי,מיליליטרים,150.00,"100 מ""ל",false,,19.90,0.1327,true,1,2278620
4005900551412,false,לבלו שפתון לחות SPF30 להגנה מפני השמש,beiersdorf,DE,שפתון לבלו סאן פרוטק,יחידה,0.00,יחידה,false,,9.90,0.0000,true,1,2340515
4005900555915,false,"ניוואה - תחליב רחצה קוקוס וחוחובה 750 מ""ל",ביירסדורף AG,DE,תחליב רחצה קוקוס 750,מיליליטרים,750.00,"100 מ""ל",false,,19.90,0.0265,true,1,2272820
4005900583093,false,לבלו KISS שפתון צבעוני קורל,אלפא,DE,שפתון לבלו KISS קורל,יחידה,0.00,יחידה,false,,19.90,0.0000,true,1,2241344
4005900683878,false,לבלו סקראב שפתון פילינג אלוורה בליסטר,ביירסדורף,DE,שפתון לבלו סקראב אלו,יחידה,0.00,יחידה,false,,9.90,0.0000,true,1,2259156
4005900816016,false,"ניוואה - דאודורנט ספריי לאישה פרש טבעי לאישה 150 מ""ל",טרופיקל דגיל תעשיות,DE,פרש ספריי לאישה ניוואה,מיליליטרים,150.00,"100 מ""ל",false,,19.90,0.1327,true,1,1372590
4005900816023,false,"ניוואה - דאודורנט ספריי לגבר יבש 150 מ""ל",BEIERSDORF MANUFACTU,DE,ספריי יבש לגבר דאוד' ניוו,מיליליטרים,150.00,"100 מ""ל",false,,19.90,0.1327,true,1,1372591
4005900816115,false,"ניוואה - דאודורנט רול און לאישה יבש 50 מ""ל",ניוואה Nivea,DE,רול און יבש לאישה ניוואה,מיליליטרים,50.00,"100 מ""ל",false,,19.90,0.3980,true,1,1372594
4005900828088,false,"ניוואה - דאודורנט רול און לגבר פרש 50 מ""ל",טרופיקל דגיל תעשיות,DE,רול און פרש לגבר ניוואה,מיליליטרים,50.00,"100 מ""ל",false,,19.90,0.3980,true,1,1372598
4005900845702,false,"ניוואה - דאודורנט רול און לגבר קול קיק פרש 50 מ""ל",ביירסדורף,DE,ניוואה דאו רול און ל,מיליליטרים,50.00,"100 מ""ל",false,,19.90,0.3980,true,1,2306427
4005900845733,false,"דאודורנט ספריי קול קיק פרש לגבר ניוואה מן 150 מ""ל",ביירסדורף,DE,ניוואה דאו ספרי גבר,מיליליטרים,150.00,"100 מ""ל",false,,19.90,0.1327,true,1,2306428
4005900874931,false,"דאודורנט ספריי דיפ ביט לגבר 150 מ""ל ניוויה",ביירסדורף,DE,ניוואה מן דאודורנט ס,מיליליטרים,150.00,"100 מ""ל",false,,19.90,0.1327,true,1,2353884
4005900874962,false,"ניוואה - דאודורנט רול און לגבר דיפ בלק 50 מ""ל",ביירסדורף AG,DE,ניוואה דאו רול רול-א,מיליליטרים,50.00,"100 מ""ל",false,,19.90,0.3980,true,1,2353885
4006508177325,false,מטליות לניקוי משקפיים,סווירל Swirl,,מטליות למשקפיים,יח',30.00,יח',false,,13.90,0.4633,true,1,1368555
4007519050713,false,שקיות אשפה עם שרוך חזקות במיוחד 35 ליטר,פאלי Pely,DE,שקיות אשפה 35 ל,יח',25.00,יח',false,,9.90,0.3960,true,1,1343984
4007519050744,false,שקיות אשפה עם שרוך חזקות במיוחד 120 ליטר,פאלי Pely,DE,שקיות אשפה 120 ל,יח',10.00,יח',false,,9.90,0.9900,true,1,1343986
4008102002867,false,מילפורד תה גרגרים בטעם לימון 400גר',ליימן מותגים,DE,תה לימון 400 גרם,גרמים,400.00,100 גרם,false,,14.90,0.0373,true,1,1365415
4008400170428,false,בונבוניירה פררו רושר לב 100 גרם,גוד פוד פרודקטס S.p,DE,פררו רושר שמינייה לב,גרמים,100.00,100 גרם,false,,17.90,0.1790,true,1,2221639
4008400230726,false,קינדר ביצת הפתעה מקסי 100 גרם,פררו,IT,ביצת קינדר סופרייז מ,גרמים,100.00,100 גרם,false,,22.90,0.2290,true,1,1766842
4008402101772,false,משחת נעליים קיווי אקספרס חום,Jonson ג'ונסון,ID,קיווי אקספרס ספוג הברקה ח,מיליליטרים,6.00,"100 מ""ל",false,,14.90,2.4833,true,1,1391903
4009300522935,false,תה פומפדור תה ירוק לימונית ולואיזה 20 יח',"איטיליאן פוד, אס.פי.",DE,פומפדור תה ירוק עם לימוני,גרמים,30.00,100 גרם,false,,14.90,0.4967,true,1,1377645
4009300522966,false,פומפדור תה ירוק נענע 20 שקיקים,"איטיליאן פוד, אס.פי.",DE,פומפדור תה ירוק נענע,גרמים,30.00,100 גרם,false,,14.90,0.4967,true,1,1377646
4009300524588,false,תה פומפדור חליטת צמחים פירות יער 20 יח',פומפדור Pompadour,DE,פומפדור חליטת צמחים פירות,גרמים,60.00,100 גרם,false,,11.90,0.1983,true,1,1377647
4009300524625,false,תה פומפדור צאי מסאלה 20 שקיקים,פומפדור Pompadour,DE,פומפדור צאי מסאלה,גרמים,40.00,100 גרם,false,,11.90,0.2975,true,1,1377648
4009300525011,false,פומפידור תה ירוק עם תפוז וג'ינגר 25 שקיקים,"איטיליאן פוד, אס.פי.",DE,פומפדור תה ירוק תפוז גינג,גרמים,30.00,100 גרם,false,,14.90,0.4967,true,1,1377650
4009300525684,false,תה חליטת פומפדור לימון וגינגיר 20 יח,פומפדור Pompadour,DE,פומפדור חליטת צמחים גי'נג,גרמים,35.00,100 גרם,false,,11.90,0.3400,true,1,1377652
4009300526438,false,פומפדור תה ירוק קלאסי 30 גרם,"איטיליאן פוד, אס.פי.",DE,פומפדור תה ירוק קלאסי 30,גרמים,30.00,100 גרם,false,,14.90,0.4967,true,1,1377654
4009300527909,false,חליטת צמחים ג'ינג'ר כורכום ללא קפאין,פומפדור Pompadour,DE,חליטת פומפדור ג'ינג',גרמים,35.00,100 גרם,false,,11.90,0.3400,true,1,1770668
4009300528821,false,תה ירוק ג'ינג'ר קינמון פומפדור 30 ג',פומפדור Pompadour,,תה ירוק פומפדור ג'ינ,גרמים,30.00,100 גרם,false,,14.90,0.4967,true,1,2188379
4009300528845,false,"פומפדור תה ירוק עם לימונית דבש 30 מ""ל",פומפדור Pompadour,,תה ירוק פומפדור לימו,גרמים,30.00,100 גרם,false,,14.90,0.4967,true,1,2188380
4009300529514,false,תה חליטת פומפדור פירות אוכמניות 20 יח,TEEKANNE- POMPADOU,DE,פומפדור חליטת פירות,גרמים,50.00,100 גרם,false,,14.90,0.2980,true,1,2354567
4009300529552,false,תה חליטת פומפדור פירות אפרסק 20 יח,TEEKANNE- POMPADOU,DE,פומפדור חליטת פירות,גרמים,50.00,100 גרם,false,,14.90,0.2980,true,1,2354569
4009300529576,false,תה חליטת פומפדור פירות רימונים 20 יח,TEEKANNE- POMPADOU,DE,חליטת פומפדור 30 גרם,גרמים,50.00,100 גרם,false,,11.90,0.2380,true,1,2310823
4009300529613,false,"חליטת צמחים אורגנית עם קמומיל, מליסה ויערת דבש","איטיליאן פוד, אס.פי.",DE,חליטת פומפדור קאלם א,גרמים,36.00,100 גרם,false,,19.90,0.5528,true,1,2266607
4009300529651,false,"חליטת צמחים אורגניצת עם ג'ינג'ר, לימון וכורכום",פומפדור Pompadour,DE,חליטת פומפדור ג'ינג',גרמים,36.00,100 גרם,false,,19.90,0.5528,true,1,2266608
4009300529699,false,"חליטת צמחים אורגנית עם מאטה, נענע וגרידת לימון","איטיליאן פוד, אס.פי.",DE,חליטת פומפדור סטארט,גרמים,36.00,100 גרם,false,,19.90,0.5528,true,1,2266609
4009300530183,false,תה חליטת פומפדור תפוז ספרדי 20 יח,,,תה פומפדור חליטה תפו,גרמים,44.00,100 גרם,false,,11.90,0.2705,true,1,2374250
4009300530206,false,תה חליטת פומפדור תפוח טורקי 20 יח,,,תה פומפדור חליטה תפו,גרמים,50.00,100 גרם,false,,11.90,0.2380,true,1,2374251
4009300595106,false,חליטת צמחים קמומיל דבש פומפדור 45 ג',,,חליטת פומפדור קמומיל,גרמים,30.00,100 גרם,false,,11.90,0.3967,true,1,2246303
4009300595120,false,חליטת צמחים בטעם ג'ינג'ר מנגו פומפדור 45 ג',TEEKANNE- POMPADOU,,חליטת פומפדור ג'ינג',גרמים,30.00,100 גרם,false,,11.90,0.3967,true,1,2246304
4009309740422,false,רסק תפוחים אורגני – נטורפוד 700 גרם,נטורפוד,DE,רסק תפוחים 700 גרם,גרמים,700.00,100 גרם,false,,16.90,0.0241,true,1,1517756
4009900013581,false,מסטיק אורביט ספרמינט סטיקס משפחתי-חמישיות,אורביט Orbit,DE,מסטיק אורביט סטיקס ח,גרמים,65.00,100 גרם,false,,9.90,0.1523,true,1,1375648
4009900402965,false,אורביט וויט בטעם פירות בקבוקון 46מלבניות,ריגלי פולין,PL,מסטיק אורביט White ב,גרמים,64.00,100 גרם,false,,9.90,0.1547,true,1,1375664
4009900403023,false,אורביט וויט בטעם מנטה בקבוקון 46 מלבניות,"ב.א מזון בע""מ",PL,מסטיק אורביט בקבוקון,גרמים,64.00,100 גרם,false,,9.90,0.1547,true,1,1375665
4009900420129,false,מסטיק אורביט פרופשנל פפרמינט בקבוקון 64 גר',מרס נדרלנד,PL,מסטיק אורביט פפרמינט,גרמים,64.00,100 גרם,false,,9.90,0.1547,true,1,2086561
4009900455299,false,סוכריות סקיטלס פירות 174 גרם,ריגלי ממתקים,CZ,סוכריות סקיטלס פירות,גרמים,174.00,100 גרם,false,,8.90,0.0511,true,1,1375676
4009900465304,false,סוכריות סקיטלס פירות חמוצים 174 גרם,ריגלי ממתקים,CZ,סוכריות סקיטלס חמוצי,גרמים,174.00,100 גרם,false,,8.90,0.0511,true,1,1375678
4009900479998,false,אורביט וויט אוכמניות בקבוקון 46 מלבניות,ריגלי פולין,PL,מסטיק אורביט White ב,גרמים,64.00,100 גרם,false,,9.90,0.1547,true,1,1375682
4009900482417,false,מסטיק אורביט פירות מנטה בקבוקון באבל מינט 45יח,ריגלי פולין,PL,מסטיק אורביט באבל מי,גרמים,64.00,100 גרם,false,,9.90,0.1547,true,1,1375683
4009900483803,false,מסטיק איירובס מנטה אקליפטוס בקבוקון 60יח',איירוויבס Airwaves,GB,מסטיק אורביט מנטה M,גרמים,84.00,100 גרם,false,,12.90,0.1536,true,1,2114141
4009900484060,false,מסטיק אורביט פרופשיונל בטעם מנטה ללא סוכר,אורביט Orbit,GB,מסטיק אורביט פפרימינ,גרמים,84.00,100 גרם,false,,12.90,0.1536,true,1,1375685
4009900484091,false,מסטיק אורביט פרופשיונל בטעם מנטה ללא סוכר,אורביט Orbit,GB,מסטיק אורביט ספירימנ,גרמים,84.00,100 גרם,false,,12.90,0.1536,true,1,1375686
4009900484305,false,מסטיק אורביט פרופשיונל סוויטמינט ביגי לבן 60יח',אורביט Orbit,GB,מסטיק אורביט אקליפטו,גרמים,84.00,100 גרם,false,,12.90,0.1536,true,1,1375687
4009900487283,false,אורביט ילדים קלאסי סט' משפחתי-חמישיות,אורביט Orbit,,מסטיק אורביט סטיקס ח,גרמים,65.00,100 גרם,false,,9.90,0.1523,true,1,1375688
4009900491044,false,מסטיק איירובס אוכמניות בקבוקון 60יח',איירוויבס Airwaves,GB,מסטיק אורביט אוכמניו,גרמים,84.00,100 גרם,false,,12.90,0.1536,true,1,2114142
4009900496247,false,"מסטיק אורביט לל""ס מלבניות בקבוק בבלימנט 60 יח",אורביט Orbit,GB,מסטיק אורביט פפרימינ,גרמים,84.00,100 גרם,false,,12.90,0.1536,true,1,1644715
4009900509770,false,אורביט באריזת בקבוק בטעם תות 60 יח',אורביט Orbit,GB,מסטיק אורביט פפרימינ,גרמים,84.00,100 גרם,false,,12.90,0.1536,true,1,1472032
4009900521611,false,סוכריות אורביט מינטס דובדבן מנטה בבקבוקון,מרס נדרלנד,PL,סוכריות אורביט מינטס,גרמים,77.00,100 גרם,false,,9.90,0.1286,true,1,1786001
4009900531122,false,"מסטיק בטעם מנטה ספירמינט, 64 ג' פרופשיונל אורפיט",מרס נדרלנד,PL,מסטיק אורביט ספירמינ,גרמים,64.00,100 גרם,false,,9.90,0.1547,true,1,2086562
4009900531573,false,סוכריות סקיטלס סמודיס בטעמי יוגורט ופירות,סקיטלס Skittles,CZ,סוכריות סקיטלס סמודי,גרמים,174.00,100 גרם,false,,8.90,0.0511,true,1,2114143
4009900534918,false,סקיטלס גאיינט פירות 141 גרם,ריגלי,CZ,סוכריות סקיטלס ג'יינ,גרמים,141.00,100 גרם,false,,8.90,0.0631,true,1,2300593
4009900536288,false,מסטיק אורביט רפרשרס פפרמינט בקבוקון ללא סוכר 67 גר',מרס ריגלי קונפקשונרי,PL,מסטיק אורביט ללא סוכ,גרמים,67.00,100 גרם,false,,10.90,0.1627,true,1,2296531
4009900536486,false,מסטיק אורביט רפרשרס באבלמינט בקבוקון ללא סוכר 67 גר',מרס ריגלי קונפקשונרי,PL,מסטיק אורביט ללא סוכ,גרמים,67.00,100 גרם,false,,10.90,0.1627,true,1,2296532
4009900539401,false,מסטיק פייב באונס בטעם מנטה HP,מרס,PL,מסטיק פייב באונס בטע,גרמים,14.40,100 גרם,false,,3.90,0.2708,true,1,2340190
4009900539432,false,מסטיק פייב באונס בטעם אבטיח HP,מרס,PL,מסטיק פייב באונס בטע,גרמים,14.40,100 גרם,false,,3.90,0.2708,true,1,2340191
4009900539685,false,"מסטיק פייב באונס בטעם מנטה בקבוקון, 61.8 גרם",ריגלי בעמ רוסיה,PL,מסטיק פייב באונס בטע,גרמים,61.80,100 גרם,false,,10.90,0.1764,true,1,2340182
4009900539746,false,"מסטיק פייב באונס בטעם אבטיח בקבוקון, 61.8 גרם",ריגלי בעמ רוסיה,PL,מסטיק פייב באונס בטע,גרמים,61.80,100 גרם,false,,10.90,0.1764,true,1,2340183
4009900540551,false,מסטיק אורביט רפרשרס טרופיקל בקבוקון ללא סוכר,מרס פולין,PL,מסטיק אורביט ללא סוכ,גרמים,67.00,100 גרם,false,,10.90,0.1627,true,1,2335030
4010492051189,false,אתנה דגי ים ושרימפס לחתולים,אתנה Athena,,אתנה דגי ים ושרימפס,גרמים,100.00,100 גרם,false,,4.90,0.0490,true,1,2371996
4010492051653,false,אתנה עוף והודו ללא דגנים לחתול,אתנה Athena,,אתנה עוף והודו ללא ד,גרמים,100.00,100 גרם,false,,4.90,0.0490,true,1,2371997
4010492052179,false,אתנה עוף ביוגורט לחתולים,אתנה Athena,DE,אתנה עוף ביוגורט 100,גרמים,100.00,100 גרם,false,,4.90,0.0490,true,1,2371998
4010492052629,false,אתנה סטיק רך לחתול עם עופות וכבד 10יח,אתנה Athena,DE,אתנה סטיק רך 50ג',גרמים,100.00,100 גרם,false,,16.90,0.1690,true,1,2371999
4010492961723,false,אתנה סטיק סלמון ופורל לחתול,אתנה Athena,DE,אתנה סטיק סלמון ופור,גרמים,50.00,100 גרם,false,,16.90,0.3380,true,1,2372006
4011100002227,false,מארז חטיפי מיני באונטי Bounty,מרס הולנד בי.וי.,NL,'באונטי מיני 403 גר,גרמים,403.00,100 גרם,false,,19.90,0.0494,true,1,1357969
4011800528416,false,קורני חטיף דגנים עם בוטנים מתוק-מלוח*6,קורני Corny,DE,חטיף קורני דגנים עם,גרמים,150.00,100 גרם,false,,9.90,0.0660,true,1,2223569
4011800567613,false,קורני סנדוויץ שחור לבן 4 יחידות,מיוצר עי קונדיטוריית,DE,קורני סנדוויץ שחור ולבן ע,גרמים,120.00,100 גרם,false,,9.90,0.0825,true,1,1391921
4011800568610,false,חטיף קורני מילק Corny milk קלאסי,שוורטאוור וורקה,DE,קורני סנדוויץ קלאסי עם קר,גרמים,120.00,100 גרם,false,,9.90,0.0825,true,1,1391922
4011800577810,false,קורני פרי (6) נוגט 120 גרם,Schwartauer,DE,חטיף קורני נוגט 6 יח,גרמים,120.00,100 גרם,false,,9.90,0.0825,true,1,2323227
4011800628512,false,חטיף קורני שוקולד חלב 6 יח 150 גר,מיוצר עי קונדיטוריית,DE,קורני עם שוקולד חלב - 1X6,גרמים,150.00,100 גרם,false,,9.90,0.0660,true,1,1391943
4011800629519,false,קורני בייס נאטס 150 גר 6 יח 150 גר,קורני Corny,DE,קורני עם אגוזים 1X6,גרמים,150.00,100 גרם,false,,9.90,0.0660,true,1,1391944
4011800630515,false,חטיף קורני שוקולד חלב ובננה 6 יח 150 גר,מיוצר עי קונדיטוריית,DE,קורני עם שוקולד חלב ובננה,גרמים,150.00,100 גרם,false,,9.90,0.0660,true,1,1391945
4011800632519,false,חטיף דגנים עם שוקולד חלב וקוקוס,מיוצר עי קונדיטוריית,DE,קורני עם שוקולד חלב וקוקו,גרמים,150.00,100 גרם,false,,9.90,0.0660,true,1,1391947
4011800633516,false,קורני שוקולד מריר מעולה 58% קקאו 6*1,שוורטאוור וורקה,DE,קורני עם שוקולד מריר מעול,גרמים,138.00,100 גרם,false,,9.90,0.0717,true,1,1391948
4011800636517,false,קורני פרי שוקולד חלב מעולה ללא סוכר 6*1,מיוצר עי קונדיטוריית,DE,"קורני ""פרי ""עם שוקולד חלב",גרמים,120.00,100 גרם,false,,9.90,0.0825,true,1,1391950
4012273123009,false,נטרוגינה קרם ידיים 50 מל הסדרה הנורבגית,גונסון אנד גונסון,FR,נוטרוגינה ס.נורבגית קרם י,מיליליטרים,50.00,"100 מ""ל",false,,21.90,0.4380,true,1,2273381
4012839597596,false,כבד דג שיבוט רויגן,רוג'ין פיש,IS,כבד דג שיבוט בשמן,גרמים,121.00,100 גרם,false,,9.90,0.0818,true,1,2355659
4013197766976,false,סוכריות קוונדיש תפוז 200ג' (9),,,סוכריות פחיות טעם תפ,גרמים,200.00,100 גרם,false,,9.90,0.0495,true,1,1376038
4013197767027,false,סוכריות פח 200 גר' דובדבן,יושלם,,סוכריות פחיות טעם דו,גרמים,200.00,100 גרם,false,,9.90,0.0495,true,1,1376040
4013197767034,false,סוכריות פח 200 גר'' לימון,יושלם,,סוכריות פחיות טעם לי,גרמים,200.00,100 גרם,false,,9.90,0.0495,true,1,1376041
4013197767119,false,סוכריות פח 200 גר' מנטה,יושלם,,סוכריות פחיות טעם מנ,גרמים,200.00,100 גרם,false,,9.90,0.0495,true,1,1376045
4014400900217,false,בונבונירה מרסי 400 גרם חלבי - נוכרי,קריניציה ויטמינה אס,DE,בונבוניירה מרסי 400 גרם,גרמים,400.00,100 גרם,false,,39.90,0.0997,true,1,1365422
4014400901191,false,בונבונירה מרסי קלאסי 250 גרם חלב נוכרי,ליימן מותגים,DE,בונבוניירה מרסי 250,גרמים,250.00,100 גרם,false,,21.90,0.0876,true,1,1365424
4014400901405,false,בונבוניירה שוקולד מרסי חלב 250 ג',קריניציה ויטמינה אס,DE,בונבוניירה מרסי 250 גר חל,גרמים,250.00,100 גרם,false,,25.90,0.1036,true,1,1365425
4014400901412,false,בונבוניירה שוקולד מריר מרסי 250 ג`,תות ממתקי איכות,DE,בונבוניירה מרסי 250 גר מר,גרמים,250.00,100 גרם,false,,25.90,0.1036,true,1,1365426
4014400903409,false,בונבוניירה טופיפי שוקולד 250 ג',קריניציה ויטמינה אס,DE,סוכריות טופיפי 250 ג,גרמים,250.00,100 גרם,false,,21.90,0.0876,true,1,1365427
4014400904277,false,סוכריות שטרוק אייס פרש בשקית 425 גרם,תות ממתקי איכות,DE,סוכריות אייס פרש בשקית 42,גרמים,425.00,100 גרם,false,,14.90,0.0351,true,1,1365428
4014400904376,false,סוכריות טופי שוקולדן שטורק 325 ג',קריניציה ויטמינה אס,DE,סוכריות שוקולדן 325 גרם,גרמים,325.00,100 גרם,false,,14.90,0.0458,true,1,1365431
4014400904390,false,סוכריות וולמילש ממולא ט.חלב 325גרם,קריניציה ויטמינה אס,DE,סוכריות וולמילש 325 גרם,גרמים,325.00,100 גרם,false,,14.90,0.0458,true,1,1365432
4014400907902,false,סוכריות חמאה ללא סוכר בטעם קרמל בקופסא,תות ממתקי איכות,DE,סוכריות וורטר בוקס ללא סו,גרמים,42.00,100 גרם,false,,6.90,0.1643,true,1,1365433
4014400909692,false,סוכריות וורטר בוקס קפה ללא סוכר 42 גר,קריניציה ויטמינה אס,DE,סוכריות וורטר בוקס קפה לל,גרמים,42.00,100 גרם,false,,6.90,0.1643,true,1,1365435
4014400910063,false,סוכריות וורטר אורגינל שקית 135 גרם,ליימן מותגים,DE,סוכריות וורטר אורגינל שקי,גרמים,135.00,100 גרם,false,,9.90,0.0733,true,1,1365437
4014400913910,false,וורטר אוריגינל במילוי קרם 125 גרם,תות ממתקי איכות,DE,וורטר אוריגינל במילוי קרם,גרמים,125.00,100 גרם,false,,9.90,0.0792,true,1,1365438
4014400914696,false,וורטרס אורגינל סוכריות ללא סוכר 80 גרם,ליימן מותגים,DE,סוכריות חמאה וורטר אור לל,גרמים,70.00,100 גרם,false,,7.90,0.1129,true,1,1365439
4014400914924,false,סוכריות וורטר אורגינל ללא סוכר קפה 80 ג',קריניציה ויטמינה אס,DE,סוכריות וורטר ללא סוכר ק,גרמים,80.00,100 גרם,false,,7.90,0.0988,true,1,1365440
4014400920857,false,סוכריות וורטר Werther's בטעם שוקולד ללא סוכר,קריניציה ויטמינה אס,DE,וורטר סוכריות טעם שו,גרמים,70.00,100 גרם,false,,7.90,0.1129,true,1,1365441
4014400923711,false,טופיפי 125 גר' - חלב נוכרי,ליימן מותגים,DE,סוכריות טופיפי 125 ג,גרמים,125.00,100 גרם,false,,10.00,0.0800,true,1,1542700
4014400925319,false,וורטרס אורגינל פופקורן קרמל 140 גרם,וורטרס Werther's,DE,פופקורן קרמל וורטר,גרמים,140.00,100 גרם,false,,14.90,0.1064,true,1,2326309
4014400929010,false,וופל מיני קנופרס 200 גר 10 גר*20 יחידות,אוגוסט שטורק,DE,וופל מיני קנופרס 200,גרמים,200.00,100 גרם,false,,10.00,0.0500,true,1,2340714
4014400931327,false,ורטרס אורגינל פופקורן עם קרמל זרעי דלעת 1/12,וורטרס Werther's,DE,פופקורן וורטר בציפוי,גרמים,140.00,100 גרם,false,,14.90,0.1064,true,1,2339001
4015000031394,false,"ספטיל - משחה להסרת כתמים 200 מ""ל",ספטיל saptil,IL,משחה להסרת כתמים ספטיל 20,גרמים,200.00,100 גרם,false,,14.90,0.0745,true,1,1399489
4015000519915,false,"פה - דאודורנט ספריי לאישה פינק פרדייס 200 מ""ל",שוורצקופף והנקל,DE,פה דאודורנט ספריי פינק פש,מיליליטרים,200.00,"100 מ""ל",false,,15.90,0.0795,true,1,1361886
4015000615884,false,"פה - דאודורנט ספריי לאישה קריביין לימון 200 מ""ל",שוורצקופף והנקל,DE,פה דאודורנט ספריי קריביאן,מיליליטרים,200.00,"100 מ""ל",false,,15.90,0.0795,true,1,1361916
4015000615891,false,"פה - דאודורנט ספריי לאישה אקווה 200 מ""ל",שוורצקופף והנקל,DE,פה דאודורנט ספריי אקווה 2,מיליליטרים,200.00,"100 מ""ל",false,,15.90,0.0795,true,1,1361917
4015000615921,false,"פה - דאודורנט ספריי לגבר ספורט 200 מ""ל",שוורצקופף והנקל,DE,פה דאודורנט ספריי ספורט 2,מיליליטרים,200.00,"100 מ""ל",false,,15.90,0.0795,true,1,1361918
4015000940948,false,מרכך גליס Gliss שיקום נזק קיצוני אולטימט ריפייר,שוורצקוף Schwarzkopf,DE,גליס מרכך אולטימט ריפייר,מיליליטרים,400.00,"100 מ""ל",false,,18.90,0.0472,true,1,1361937
4015000940955,false,שמפו גליס Gliss שיקום נזק קיצוני אולטימט ריפייר,שוורצקופף והנקל,DE,גליס שמפו אולטימיט ריפייר,מיליליטרים,400.00,"100 מ""ל",false,,18.90,0.0472,true,1,1361938
4015000976268,false,שמפו גליס Gliss למראה שיער מבריק Million Gloss,שוורצקופף והנקל,DE,גליס שמפו מיליון גלוס 400,מיליליטרים,400.00,"100 מ""ל",false,,18.90,0.0472,true,1,1361979
4015000976275,false,מרכך גליס Gliss למראה שיער מבריק Million Gloss,שוורצקופף והנקל,DE,גליס מרכך מיליון גלוס 400,מיליליטרים,400.00,"100 מ""ל",false,,18.90,0.0472,true,1,1361980
4015000995122,false,"דאודורנט פה ספריי כח המשיכה 200 מ""ל",שוורצקופף והנקל,DE,פה דאודורנט ספריי כח המשי,מיליליטרים,200.00,"100 מ""ל",false,,15.90,0.0795,true,1,1361991
4015000996204,false,"גליס שמפו אולטימט שמן אלקסייר 400 מ""ל",שוורצקופף והנקל,DE,גליס שמפו שמן אליקסייר 40,מיליליטרים,400.00,"100 מ""ל",false,,18.90,0.0472,true,1,1361992
4015000996273,false,"גליס מרכך אולטימטיב שמן אלקסייר 400 מ""ל",שוורצקופף והנקל,DE,גליס מרכך שמן אליקסייר 40,מיליליטרים,400.00,"100 מ""ל",false,,18.90,0.0472,true,1,1361996
4015100190793,false,גליס מסכה לשיער יבש ופגום במיוחד Ultimate Repair,שוורצקופף והנקל,SK,גליס מסכה,מיליליטרים,200.00,"100 מ""ל",false,,24.90,0.1245,true,1,1767654
4015400564034,false,אולוויז מגן תחתון מגה פק לונג פלוס 58 יח,פרוקטר אנד גמבל,DE,מגן תחתון אולוויז מגה פק,יח',58.00,יח',false,,21.90,0.3776,true,1,1346155
4015400564454,false,מגני תחתון אולוויז לארג' עם ניחוח מגה פק,פרוקטר אנד גמבל,DE,מגן תחתון אולוויז מגה פק,יח',68.00,יח',false,,21.90,0.3221,true,1,1346159
4015400598329,false,תחבושות היגייניות אולטרה - מארז רביעייה,פרוקטר אנד גמבל,DE,אולוויז קוואטרו נורמל + א,יח',56.00,יח',false,,39.90,0.7125,true,1,1346167
4015400598381,false,תחבושות היגייניות אולטרה לונג - מארז קוואטרו 48 יח',פרוקטר אנד גמבל,DE,אולוויז קוואטרו לונג + אי,יח',48.00,יח',false,,39.90,0.8312,true,1,1346168
4015400598411,false,תחבושות היגייניות יום ולילה Day & Night - מארז 40 יח',פרוקטר אנד גמבל,DE,אולוויז קוואטרו לילה אירו,יח',40.00,יח',false,,39.90,0.9975,true,1,1346169
4015400681670,false,תחבושות אולוויז לילה בטוח וליו פק 18 יח,פרוקטר אנד גמבל,HU,אולוויז לילה 18 יח',יח',18.00,יח',false,,19.90,1.1056,true,1,1414871
4015400690313,false,טמפונים פרל רגולר טמפקס קומפאק 18 יח,פרוקטר אנד גמבל,HU,טמפוני טמפקס פרל 18,יח',18.00,יח',false,,24.90,1.3833,true,1,1515677
4015400690405,false,טמפונים פרל סופר טמפקס קומפאק 18 יח,פרוקטר אנד גמבל,HU,טמפוני טמפקס פרל 18,יח',18.00,יח',false,,24.90,1.3833,true,1,1515678
4015400690498,false,טמפונים פרל סופר פלוס טמפקס קומפאק 18 יח,פרוקטר אנד גמבל,HU,טמפוני טמפקס פרל 18,יח',18.00,יח',false,,24.90,1.3833,true,1,1515679
4015400731719,false,תחבושות היגייניות אולוויז יום ולילה Day & Night,פרוקטר אנד גמבל,DE,אולוויז דואו 20 יחיד,יח',20.00,יח',false,,19.90,0.9950,true,1,1471945
4015400746812,false,מגני תחתון אולוויז נורמל עם ניחוח מגה פק,פרוקטר אנד גמבל,DE,מגן תחתון אולוויז מגה פק,יח',80.00,יח',false,,21.90,0.2737,true,1,1506985
4015400755241,false,תחבושות היגייניות אולוויז אולטרה נורמל - 28 יח',פרוקטר אנד גמבל,DE,אולוויז דואו 28 יחיד,יח',28.00,יח',false,,19.90,0.7107,true,1,1471947
4015400755487,false,תחבושות היגייניות אולוויז אולטרה לונג - 24 יח',פרוקטר אנד גמבל,DE,אולוויז דואו 24 יחיד,יח',24.00,יח',false,,19.90,0.8292,true,1,1471950
4015400824701,false,טמפקס פלאש רגיולר 30 יחידות,פרוקטר אנד גמבל,HU,טמפקס רגולר 30 יחידות,יח',30.00,יח',false,,24.90,0.8300,true,1,1346200
4015400824725,false,טמפקס פלאש סופר 30 יחידות,פרוקטר אנד גמבל,HU,טמפקס סופר 30 יחידות,יח',30.00,יח',false,,24.90,0.8300,true,1,1346201
4015400824749,false,טמפקס פלאש סופר פלוס 30 יחידות,פרוקטר אנד גמבל,HU,טמפקס פלאש סופר פלוס 30יח,יח',30.00,יח',false,,29.90,0.9967,true,1,1346202
4015400990482,false,אריאל אבקת כביסה קולור 3 קג,פרוקטר אנד גמבל,,"אריאל 3 ק""ג קולור",קילוגרמים,3.00,"ק""ג",false,,27.90,9.3000,true,1,1446870
4015600762742,false,שמפו יומיומי למניעת קשקשים הנוסחה הקלאסית,פרוקטר אנד גמבל,RO,"ה&ש שמפו קלאסי 500 מ""ל",מיליליטרים,500.00,"100 מ""ל",false,,20.90,0.0418,true,1,1346231
4015600762780,false,שמפו וקונדישינר יומיומי למניעת קשקשים הנוסחה הקלאסית 2in1,פרוקטר אנד גמבל,RO,"ה&ש 2 ב 1 קלאסי 500 מ""ל",מיליליטרים,500.00,"100 מ""ל",false,,20.90,0.0418,true,1,1346232
4015600762902,false,"שמפו מנטול הד אנד שולדרס 500 מ""ל",פרוקטר אנד גמבל,RO,"ה&ש שמפו מנטול 500 מ""ל",מיליליטרים,500.00,"100 מ""ל",false,,20.90,0.0418,true,1,1346235
4015600762940,false,שמפו יומיומי למניעת קשקשים בניחוח תפוח,פרוקטר אנד גמבל,RO,"ה&ש שמפו תפוח 500 מ""ל",מיליליטרים,500.00,"100 מ""ל",false,,20.90,0.0418,true,1,1346236
4015600763022,false,שמפו יומיומי למניעת קשקשים לשיער יבש/פגום לשיער רך כמשי,פרוקטר אנד גמבל,RO,"ה&ש שמפו מגע משי 500 מ""ל",מיליליטרים,500.00,"100 מ""ל",false,,20.90,0.0418,true,1,1346238
4015600766900,false,"שמפו ומרכ ך נגד קשקשים 500 מ""ל הד אנד שולדרס",פרוקטר אנד גמבל,RO,שמפו הד אנד שולדרס 5,מיליליטרים,500.00,"100 מ""ל",false,,20.90,0.0418,true,1,1346244
4015600807436,false,"ג'ילט - דאודורנט ג'ל לגבר כדוריות קול וויב 75 מ""ל",פרוקטר אנד גמבל,GB,דאו ג'ל 75 מל CW-PB חדש,מיליליטרים,75.00,"100 מ""ל",false,,19.90,0.2653,true,1,1346251
4015600807573,false,"ג'ילט - דאודורנט ג'ל לגבר כדוריות פאוור ראש 75 מ""ל",פרוקטר אנד גמבל,GB,דאו ג'ל 75 מל PR-PB חדש,מיליליטרים,75.00,"100 מ""ל",false,,19.90,0.2653,true,1,1346252
4015600810849,false,גילט דאו קליר גל 70 מל פאוור ראש,פרוקטר אנד גמבל,CZ,דאודורנט פאוייר רוש 70 מל,מיליליטרים,70.00,"100 מ""ל",false,,19.90,0.2843,true,1,1346254
4017100160417,false,בלזן גלילי וופל במילוי קרם בטעם וניל 75 גר',בלזן פולסקה,DE,וופל קרמי וניל בלזן,גרמים,75.00,100 גרם,false,,7.90,0.1053,true,1,2249576
4017100198151,false,עוגיות היט Hit קקאו במילוי קרם וניל,הדקלאים אגודת שיתופי,PL,ביסקוויט ממולא קקאו,גרמים,220.00,100 גרם,false,,7.90,0.0359,true,1,1365447
4017100210105,false,גלילי וופל בלזן וופלטן שוקו' מריר 100ג',הדקלאים אגודת שיתופי,DE,גלילי וופל מריר.,גרמים,100.00,100 גרם,false,,10.90,0.1090,true,1,1407797
4017100216800,false,וופל מיניס קלאסי בשוקולד 100 גר בלזן,ליימן שליסל,DE,וופל מיניס שוקולד,גרמים,100.00,100 גרם,false,,7.90,0.0790,true,1,1517133
4017100219900,false,וופלטן גליליות וופל עם שוקולד 100 גרם,הדקלאים אגודת שיתופי,DE,גלילי וופל עם שוקולד,גרמים,100.00,100 גרם,false,,10.90,0.1090,true,1,1365450
4017100290008,false,ביסקוויט בלזן ליבניץ שוקולד חלב 125 ג',הדקלאים אגודת שיתופי,DE,ביסקוויט וופל שוקולד,גרמים,125.00,100 גרם,false,,10.90,0.0872,true,1,1365453
4017100290503,false,ביסקוויט ליבניץ שוקולד חלב ומריר 125 גרם,בלזן פולסקה,PL,ביסקוויט וופל שוקולד,גרמים,125.00,100 גרם,false,,10.90,0.0872,true,1,2342709
4017100291005,false,ביסקוויט מצופה שוקולד מריר ליבניץ Leibniz,הדקלאים אגודת שיתופי,DE,ביסקוויט וופל שוקולד,גרמים,125.00,100 גרם,false,,10.90,0.0872,true,1,1365454
4017100366239,false,עוגיות ביסקוויט סנדוויץ ממולא קרם בטעם שוקולד,ליימן שליסל,PL,עוגיות ביסקוויט סנדו,גרמים,190.00,100 גרם,false,,8.90,0.0468,true,1,2327244
4018722100133,false,אטריות כוסמין וביצים אורגניות 250 גרם,אלב גולד,DE,אטריות כוסמין וביצים,גרמים,250.00,100 גרם,false,,15.90,0.0636,true,1,1903467
4018722100157,false,פסטה פוזילי מקמח כוסמין מלא אורגני,האחים פלם הגפן,DE,פוזילי כוסמין מלא 25,גרמים,250.00,100 גרם,false,,12.90,0.0516,true,1,1903468
4018722100188,false,אטריות רחבות כוסמין וביצים אורגניות,אלב גולד,DE,אטריות רחבות כוסמין,גרמים,250.00,100 גרם,false,,15.90,0.0636,true,1,1903469
4018722102632,false,ספגטי כוסמין מלא אורגני 500 גרם,אלב גולד,DE,ספגטי כוסמין מלא אור,גרמים,500.00,100 גרם,false,,16.90,0.0338,true,1,1903470
4018722303459,false,מקרוני כוסמין אורגני 250 גרם,אלב גולד,DE,מקרוני כוסמין אורגני,גרמים,250.00,100 גרם,false,,12.90,0.0516,true,1,1903472
4023800012109,false,מרציפן שלוקוורד מצופ,,DE,מרציפן 100 גרם,גרמים,100.00,100 גרם,false,,7.90,0.0790,true,1,1376048
4025700001962,false,מילקה טבלה 100 גר' לבן 1/22 (4248023),פי אר ג'יי אס סי מונ,DE,מילקה שוקולד לבן 100,גרמים,100.00,100 גרם,false,,5.90,0.0590,true,1,2238642
4027314005800,false,צמח מלח סליקורניה,,,סלקוריניה,יחידה,0.00,יחידה,false,,6.90,0.0000,true,1,1514257
4037719068317,false,סוכריות קוונדיש פירות יער 200ג' (9),קוונדיש והרווי C&H,,סוכריות פחיות טעם יע,גרמים,200.00,100 גרם,false,,9.90,0.0495,true,1,1376058
4037719068508,false,סוכריות בפחית במילוי,,,סוכריות בפחית במילוי,גרמים,200.00,100 גרם,false,,9.90,0.0495,true,1,2378198
4037719068515,false,סוכריות בפחית במילוי,,,סוכריות בפחית במילוי,גרמים,200.00,100 גרם,false,,9.90,0.0495,true,1,2378191
4037719680212,false,סוכריות קוונדיש תות שדה 200ג' (9),,,סוכריות פחיות טעם תו,גרמים,200.00,100 גרם,false,,9.90,0.0495,true,1,1376059
4045787068221,false,"צבע לשיער אינדולה פרוטאין שחור 1 60 מ""ל",שוורצקופף והנקל,DE,אינדולה פרוטאין קולור שפו,מיליליטרים,60.00,"100 מ""ל",false,,12.90,0.2150,true,1,1362001
4045787068238,false,צבע לשיער פרוטאין קולור- 10 בלונד בהיר מאוד,שוורצקופף והנקל,DE,אינדולה פרוטאין קולור שפו,מיליליטרים,60.00,"100 מ""ל",false,,12.90,0.2150,true,1,1362002
4045787068245,false,צבע לשיער פרוטאין קולור- 1000.0 אקסטרה בלונד,שוורצקופף והנקל,DE,אינדולה פרוטאין קולור שפו,מיליליטרים,60.00,"100 מ""ל",false,,12.90,0.2150,true,1,1362003
4045787068252,false,צבע לשיער פרוטאין קולור- 1000.1 אקסטרה בלונד אפרפר,שוורצקופף והנקל,DE,אינדולה פרוטאין קולור שפו,מיליליטרים,60.00,"100 מ""ל",false,,12.90,0.2150,true,1,1362004
4045787068283,false,"אינדולה - פרוטאין צבע 1-1 שחור כחול 60 מ""ל",אינדולה Indola,DE,אינדולה פרוטאין קולור שפו,מיליליטרים,60.00,"100 מ""ל",false,,12.90,0.2150,true,1,1362005
4045787068290,false,"צבע לשיער אינדולה פרוטאין חום שחור 3 60 מ""ל",שוורצקופף והנקל,DE,אינדולה פרוטאין קולור שפו,מיליליטרים,60.00,"100 מ""ל",false,,12.90,0.2150,true,1,1362006
4045787068306,false,"אינדולה - פרוטאין צבע 4 חום כהה 60 מ""ל",שוורצקופף והנקל,DE,אינדולה פרוטאין קולור שפו,מיליליטרים,60.00,"100 מ""ל",false,,12.90,0.2150,true,1,1362007
4045787068320,false,"אינדולה - פרוטאין צבע 5 חום 60 מ""ל",שוורצקופף והנקל,DE,אינדולה פרוטאין קולור שפו,מיליליטרים,60.00,"100 מ""ל",false,,12.90,0.2150,true,1,1362009
4045787068368,false,"אינדולה - פרוטאין צבע 5-66 שזיף 60 מ""ל",אינדולה Indola,DE,אינדולה פרוטאין קולור שפו,מיליליטרים,60.00,"100 מ""ל",false,,12.90,0.2150,true,1,1362013
4045787068375,false,"אינדולה - פרוטאין צבע 6 בלונד כהה 60 מ""ל",שוורצקופף והנקל,DE,אינדולה פרוטאין קולור שפו,מיליליטרים,60.00,"100 מ""ל",false,,12.90,0.2150,true,1,1362014
4045787068382,false,צבע לשיער פרוטאין קולור- 6.03 חום זהבהב,שוורצקופף והנקל,DE,אינדולה פרוטאין קולור שפו,מיליליטרים,60.00,"100 מ""ל",false,,12.90,0.2150,true,1,1362015
4045787068498,false,"אינדולה - פרוטאין צבע 7-3 דבש 60 מ""ל",שוורצקופף והנקל,DE,אינדולה פרוטאין קולור שפו,מיליליטרים,60.00,"100 מ""ל",false,,12.90,0.2150,true,1,1362024
4045787068542,false,"אינדולה - פרוטאין צבע 8 בלונד בהיר 60 מ""ל",שוורצקופף והנקל,DE,אינדולה פרוטאין קולור שפו,מיליליטרים,60.00,"100 מ""ל",false,,12.90,0.2150,true,1,1362028
4056800649884,false,"וולה - פלקס ספריי לנפח ליומיים 250 מ""ל",דיפלומט,BE,ספריי לשיער וולה פלק,מיליליטרים,250.00,"100 מ""ל",false,,29.90,0.1196,true,1,2269766
4056800693061,false,וולהפלקס ג'ל חזק במיוחד 150 מל,פרוקטר אנד גמבל,FR,"וולה פלקס ג'ל 150 מ""ל",מיליליטרים,150.00,"100 מ""ל",false,,11.90,0.0793,true,1,1346277
4056800943739,false,קרם חמצן וולוקסון Welloxon 6%,פרוקטר אנד גמבל,FR,וולוקסון 6%,מיליליטרים,75.00,"100 מ""ל",false,,3.90,0.0520,true,1,1346317
4056800943791,false,קרם חמצן וולוקסון Welloxon 9%,פרוקטר אנד גמבל,FR,וולוקסון 9%,מיליליטרים,75.00,"100 מ""ל",false,,3.90,0.0520,true,1,1346318
4064666232409,false,"וולה - פלקס מוס לעיצוב אקסטרה גמיש 200 מ""ל",דיפלומט,FR,מוס לשיער וולה פלקס,מיליליטרים,200.00,"100 מ""ל",false,,24.90,0.1245,true,1,2372352
4066600601920,false,"בירה פאולנר פחית 500 מ""ל",פאולנר Paulaner,DE,"בירה פאולנר 500 מ""ל",מיליליטרים,500.00,"100 מ""ל",false,,10.90,0.0218,true,1,2227909
4084500065536,false,פנטן קרם לחות מוגברת לעיצוב שיער 300 מל,פרוקטר אנד גמבל,FR,"קרם לחות פנטן 300 מ""",מיליליטרים,300.00,"100 מ""ל",false,,18.90,0.0630,true,1,1346320
4084500065598,false,קרם לחות פנטן לתלתלים מושלמים 300 מל,פרוקטר אנד גמבל,DE,"קרם לחות פנטן 300 מ""",מיליליטרים,300.00,"100 מ""ל",false,,18.90,0.0630,true,1,1416414
4084500081314,false,משחת שיניים פרו אקספרט לניקוי עמוק בטעם מנטה,פרוקטר אנד גמבל,DE,משחת שיניים אוראל בי,מיליליטרים,75.00,"100 מ""ל",false,,9.90,0.1320,true,1,2213671
4084500088917,false,"נוזל כלים פיירי לימון 650 מ""ל",פרוקטר אנד גמבל,US,פיירי אוריגינל 750מ'ל,מיליליטרים,650.00,"100 מ""ל",false,,11.90,0.0183,true,1,1435445
4084500149526,false,טייד גל כביסה 2.48 ליטר אלפים רענן,פרוקטר אנד גמבל,FR,טייד ג'ל 2.48 ליטר,ליטרים,2.48,ליטר,false,,29.90,12.0565,true,1,1346326
4084500178137,false,טייד נוזל כביסה 4 ליטר,פרוקטר אנד גמבל,FR,טייד ג'ל 4 ליטר,ליטרים,4.00,ליטר,false,,35.90,8.9750,true,1,1346327
4084500739253,false,"משחת שיניים אורל בי 3D white לובן מהודר 75 מ""ל",פרוקטר אנד גמבל,DE,אורל בי משחת שיניים,מיליליטרים,75.00,"100 מ""ל",false,,19.90,0.2653,true,1,2271524
4084500853553,false,פיירי נוזל כלים קלאסי אורגינל 650 מל,פרוקטר אנד גמבל,US,פיירי אוריגינל 750מ'ל,מיליליטרים,650.00,"100 מ""ל",false,,11.90,0.0183,true,1,1435446
4084500853836,false,"נוזל כלים פיירי ורדים ומשי 515 מ""ל",פרוקטר אנד גמבל,GB,פיירי אלוורה ומלפפונים 6,מיליליטרים,515.00,"100 מ""ל",false,,11.90,0.0231,true,1,1437331
4084500853898,false,סבון כלים אלוורה ומלפפונים,פרוקטר אנד גמבל,GB,פיירי אלוורה ומלפפונים 6,מיליליטרים,515.00,"100 מ""ל",false,,11.90,0.0231,true,1,1437332
4210201757771,false,אורל בי פלקסי סופט ראש מילוי חשמלי 4 יחי,פרוקטר אנד גמבל,IE,ראש חשמלי ניקוי יסודי שלו,יח',4.00,יח',false,,81.90,20.4750,true,1,1434672
4260147890513,false,אטריות ביצים דקות ורמיצ'לי 500ג',דין שיווק,PL,איטריות ורמיצ'לי איט,גרמים,500.00,100 גרם,false,,9.90,0.0198,true,1,1366463
4260147890551,false,איטריות ביצים רצועות,דין שיווק,PL,איטריות ביצים רצועות,גרמים,500.00,100 גרם,false,,9.90,0.0198,true,1,1366465
4260147890711,false,אטריות ביצים מגולגול 500 ג',דין שיווק,PL,איטריות ביצים מגולגל,גרמים,500.00,100 גרם,false,,9.90,0.0198,true,1,1366466
4444963854120,false,כפתור למכסה גדול,,,כפתור למכסה גדול,יחידה,0.00,יחידה,false,,6.90,0.0000,true,1,2295063
4605246003585,false,תה גרינפילד ירוק סיני 25 שקי 50 גר,גרינפילד Greenfield,RU,תה גרינפילד 25\1 שק ירוק,גרמים,50.00,100 גרם,false,,11.90,0.2380,true,1,1386580
4605246003721,false,תה גרינפלד בתפזורת 100 גר Jasmine Dream,גרינפילד Greenfield,RU,"תה גרינפילד ירוק ""יס",גרמים,50.00,100 גרם,false,,11.90,0.2380,true,1,2267208
4605246003738,false,תה גרינפילד ירוק יסמין 25 שקי 50 גר,אורימי,RU,תה גרינפילד 25\1 שק ירוק,גרמים,50.00,100 גרם,false,,11.90,0.2380,true,1,1386581
4605246004322,false,חליטה תה גרינפילד ריץי קמומיל 25 שקי,גרינפילד Greenfield,RU,תה גרינפילד 25\1 שק רומשק,גרמים,37.50,100 גרם,false,,11.90,0.3173,true,1,2044277
4605246004339,false,חליטה תה גרינפילד סאמר בוקט 25 שקי,גרינפילד Greenfield,RU,תה גרינפילד 25\1 שק פטל,גרמים,50.00,100 גרם,false,,11.90,0.2380,true,1,2267209
4605246007118,false,תה גרינפילד שחור לימון 25 שקי 37.5 גר,גרינפילד Greenfield,RU,תה גרינפילד 25\1 שק לימון,גרמים,37.50,100 גרם,false,,11.90,0.3173,true,1,1386600
4605246013881,false,תה ירוק בטעם גינגר וחבושים-25 שקיות,,RU,תה גרינפילד בטעם ג'י,גרמים,37.50,100 גרם,false,,11.90,0.3173,true,1,2275564
4607002990474,false,עגבניות מוחמצות דיאדיה וניה 680 גר,רוסקויי פולה אלבאשי,RU,עגבניות מוחמצות,גרמים,680.00,100 גרם,false,,11.90,0.0175,true,1,2218531
4607002990481,false,עגבניות במיץ עגבניות דיאדיה וניה 680 גרם,דדיה ואניה,,עגבניות במיץ עגבניות,גרמים,680.00,100 גרם,false,,11.90,0.0175,true,1,2020748
4607002995943,false,ממרח קישואים קלויים דיאדיה וניה 460 גר,דדיה ואניה,RU,ממרח קישואים קלויים,גרמים,460.00,100 גרם,false,,9.90,0.0215,true,1,2265867
4607002997558,false,סלט הונגרי דיאדיה וניה 460 גרם,דדיה ואניה,RU,סלט הונגרי 460 גרם,גרמים,460.00,100 גרם,false,,9.90,0.0215,true,1,2265868
4607002999323,false,ממרח חצילים דיאדיה וניה 460 גר,דדיה ואניה,RU,ממרח חצילים 460 גרם,גרמים,460.00,100 גרם,false,,9.90,0.0215,true,1,2265870
4607012351005,false,גרעיני חמניות מרטין ללא מלח 200 גרם,"נארז ע""י : א.ג. גילר",RU,גרעיני חמניות ללא מל,גרמים,200.00,100 גרם,false,,12.90,0.0645,true,1,1538017
4607012351999,false,גרעיני חמניות מרטין עם מלח 200 גרם,"נארז ע""י : א.ג. גילר",RU,גרעיני חמניות עם מלח,גרמים,200.00,100 גרם,false,,12.90,0.0645,true,1,1538018
4607012352538,false,גרעיני חמניות מרטין מיקס 200 גרם,מרטין,,גרעיני חמניות מיקס -,גרמים,200.00,100 גרם,false,,12.90,0.0645,true,1,1966387
4607051158306,false,תה שחור,,,תה שחור,גרמים,34.00,100 גרם,false,,9.90,0.2912,true,1,2241132
4607109409619,false,פיניש הכל ב-1 טבליות למדיח 25 יח,הדקלאים אגודת שיתופי,PL,פיניש 25 טבליות AIO,יח',25.00,יח',false,,29.90,1.1960,true,1,1513664
4620015851044,false,תה ירוק כורטיס פיטיה לבנה 20 שקיקים,,,תה ירוק,גרמים,34.00,100 גרם,false,,9.90,0.2912,true,1,2241137
4620015851068,false,תה שחור 20 שקיקים 36 גר TRUFFLE CURTIS,,,תה שחור,גרמים,36.00,100 גרם,false,,9.90,0.2750,true,1,2244842
4620015851884,false,תה ירוק ריצירד רויאל ליימ מינט 20 שקיקים,,,תה שחור,גרמים,25.00,100 גרם,false,,9.90,0.3960,true,1,2241576
4620015852966,false,תה שחור ריצירד 20 שקיקים GRAPE ROYAL,,RU,תה שחור,גרמים,25.00,100 גרם,false,,9.90,0.3960,true,1,2241579
4640018993343,false,פיניש קוואנטום קפסולות ג'ל למדיח כלים 30 יח',רקיט בנקיזר,PL,טבליות למדיח כלים 30,יח',30.00,יח',false,,39.90,1.3300,true,1,2245435
4640018993350,false,פיניש קוואנטום קפסולות ג'ל למדיח כלים לימון 30 יח',רקיט בנקיזר,PL,טבליות למדיח כלים 30,יח',30.00,יח',false,,39.90,1.3300,true,1,2245436
4640018993398,false,פיניש קוואנטום 60 יח' קפסולות ג'ל למדיח כלים,רקיט בנקיזר,PL,טבליות למדיח כלים 60,יח',60.00,יח',false,,54.90,0.9150,true,1,2245444
4710068001715,false,"מאסטר קפה טירמיסו 240 מ""ל",יוני פרזינדנט אנטרפר,TW,מאסטר קפה טרמיסו,מיליליטרים,250.00,"100 מ""ל",false,,5.90,0.0236,true,1,1345378
4710068001739,false,"מאסטר קפה קולומביאני 240 מ""ל",יוני פרזינדנט אנטרפר,TW,מאסטר קפה קולומביאני,מיליליטרים,250.00,"100 מ""ל",false,,5.90,0.0236,true,1,1345379
4710068002798,false,"מאסטר קפה ונילה פחית 240מ""ל",מאיטה פוד אינדוסטריא,TW,מאסטר קפה ונילה,מיליליטרים,240.00,"100 מ""ל",false,,5.90,0.0246,true,1,2169278
4740098098331,false,"קוקטייל בלו לגון אה לה קוק 330 מ""ל",אה לי קוק,EE,בלו לאגון קוקטייל 33,מיליליטרים,330.00,"100 מ""ל",false,,9.60,0.0291,true,1,2380407
4740098098355,false,"קוקטייל מוחיטו אה לה קוק 330 מ""ל",אה לי קוק,EE,מוחיטו קוקטייל 330 מ,מיליליטרים,330.00,"100 מ""ל",false,,9.90,0.0300,true,1,2346941
4740098098379,false,"קוקטייל מרגריטה אה לה קוק 330 מ""ל",אה לי קוק,EE,מרגריטה קוקטייל 330,מיליליטרים,330.00,"100 מ""ל",false,,9.90,0.0300,true,1,2346942
4740098098393,false,"קוקטייל און דה ביץ אה לה קוק 330 מ""ל",אה לי קוק,EE,מוחיטו קוקטייל סק או,מיליליטרים,330.00,"100 מ""ל",false,,9.90,0.0300,true,1,2346943
4750142002719,false,"בירה בירה לא מסוננת צסו יורמלה 500 מ""ל","""cesu alus""",LV,בירה בפחית לא מסוננת,מיליליטרים,500.00,"100 מ""ל",false,,6.90,0.0138,true,1,2352652
4750142005062,false,"בירה ברוזה לא מסוננת צסו 568 מ""ל","""cesu alus""",,בירה ברוז'ה לא מסונן,מיליליטרים,568.00,"100 מ""ל",false,,8.90,0.0157,true,1,2352645
4750142021505,false,"בירה PILSENER בהירה 4.7% פחית 500 מ""ל",צ'סו אלוס,LV,בירה פילזנר .בהירה ב,מיליליטרים,500.00,"100 מ""ל",false,,6.90,0.0138,true,1,1776244
4750616000258,false,שפרוטים גדולים מעושנים בשמן צמחי,בריויאס וילניוס,LV,שימורי דגים שפרוטים,גרמים,190.00,100 גרם,false,,7.90,0.0416,true,1,2020761
4750616000593,false,שפרוטים מעושנים ריגה 190 גר,בריויאס וילניוס,LV,שימורי דגים שפרוטים,גרמים,190.00,100 גרם,false,,7.90,0.0416,true,1,2020762
4750616001361,false,סלאקה מעושנת בשמן 190 גר BRIVAIS VILNIS,בריויאס וילניוס,LV,שימורי דגים סלאקה מע,גרמים,190.00,100 גרם,false,,7.90,0.0416,true,1,1919829
4750616001989,false,ממרח שפרוטים 250 גרם פ.ק,בריויאס וילניוס,,שימורי דגים פטה שפרו,גרמים,240.00,100 גרם,false,,4.90,0.0204,true,1,1919837
4750616002276,false,קילקה עם צילי במיץ עגבניות 240 גר,בריויאס וילניוס,,שימורי דגים קילקה עם,גרמים,240.00,100 גרם,false,,4.90,0.0204,true,1,1919838
4750616002337,false,קילקה במיץ עגבניות בריווס וילנוס 240 גר,בריויאס וילניוס,,שימורי דגים קילקה במ,גרמים,240.00,100 גרם,false,,4.90,0.0204,true,1,1919839
4750616002344,false,קילקה עם ירקות במיץ עגבניות 240 גר,בריויאס וילניוס,,שימורי דגים קילקה עם,גרמים,240.00,100 גרם,false,,4.90,0.0204,true,1,1919840
4770237049443,false,גלידת שמנת בטעם קרמל- קרם ברולה פלומביר בגביע וופל אישי 70 גר' SVALIA,פיאנו זיואיגזדס,LV,גלידה קרם ברולה פלומ,גרמים,70.00,100 גרם,false,,5.90,0.0843,true,1,2066815
4770237050432,false,גלידת שמנת בטעם שוקולד פלומביר בגביע וופל אישי 70 גר' SVALIA,פיאנו זיואיגזדס,LV,גלידה שוקולד פלומביר,גרמים,70.00,100 גרם,false,,5.90,0.0843,true,1,2066817
4770237052092,false,גלידה סליבוצ'נויה בג,פיאנו זיואיגזדס,LV,גלידה סליבוצ'נויה בג,גרמים,85.00,100 גרם,false,,5.90,0.0694,true,1,2066818
4792032060454,false,"גרין קוקו - מי קוקוס אורגניים 330 מ""ל",סילברמיל,,מי קוקוס אורגני 330,מיליליטרים,330.00,"100 מ""ל",false,,8.90,0.0270,true,1,1517881
4796019790013,false,"שמן קוקוס אורגני 300 מ""ל",כפרי בריא,,שמן קוקוס אורגני 300,מיליליטרים,300.00,"100 מ""ל",false,,19.90,0.0663,true,1,1517882
4796019790020,false,"שמן קוקוס אורגני 500 מ""ל גרין קוקו",גרין קוקו,LK,שמן קוקוס אורגני 500,מיליליטרים,500.00,"100 מ""ל",false,,29.90,0.0598,true,1,1517883
4796019790037,false,שמן קוקוס אורגני 1 ליטר גרין קוקו,כפרי בריא,,שמן קוקוס אורגני 1 ל,מיליליטרים,1000.00,"100 מ""ל",false,,49.90,0.0499,true,1,1517884
4800888150080,false,"דאב - דאודורנט רול און לאישה פרש טאצ' מלפפונים 50 מ""ל",יוניליוור פיליפינים,PH,דאב דאו רול-און פרש 50טאץ,מיליליטרים,50.00,"100 מ""ל",false,,17.90,0.3580,true,1,1380206
4800888209382,false,רקסונה - דאודורנט סטיק לאישה קריסטל 50 גרם,רקסונה Rexona,PH,דאודורנט סטיק רקסונה,מיליליטרים,50.00,"100 מ""ל",false,,16.90,0.3380,true,1,2244078
4800888209405,false,רקסונה - דאודורנט סטיק לגבר קובלט דריי 50 גרם,רקסונה Rexona,PH,דאודורנט סטיק רקסונה,מיליליטרים,50.00,"100 מ""ל",false,,16.90,0.3380,true,1,2236271
4800888209429,false,רקסונה - דאודורנט סטיק לאישה כותנה נשים 50 גרם,רקסונה Rexona,PH,דאודורנט סטיק רקסונה,מיליליטרים,50.00,"100 מ""ל",false,,16.90,0.3380,true,1,2241491
4800888219510,false,דאב - דאודורנט סטיק לאישה פרש מלפפונים 50 גרם,יונילוור מקסיקו - HP,PH,דאב דאו סטיק מלפפוני,גרמים,50.00,100 גרם,false,,18.90,0.3780,true,1,2302244
4800888219534,false,דאב - דאודורנט סטיק לאישה אנטי פרספירמט 50 גרם,"חברת זולברג, גוברנור",PH,דאב סטיק אורגינל 50,גרמים,50.00,100 גרם,false,,18.90,0.3780,true,1,2295306
4801234145125,false,גלייד נטורל ספריי נטול בניחוח אושן בריז,קוסטר אירוסול ואלף ס,TR,גלייד נטורל ספריי אושן בר,מיליליטרים,400.00,"100 מ""ל",false,,14.90,0.0373,true,1,1391963
4801234159856,false,גלייד מיני גל בניחוח מרכך כביסה 75 גרם,ג'ינסו ג'ונסון טונגד,ID,גלייד מיני ג'ל בניחוח מרכ,גרמים,75.00,100 גרם,false,,6.90,0.0920,true,1,1391967
4810168000066,false,פילה דג הרינג מלוח מצונן עם תבלין 250ג,סנטה ברמור,BY,פילה דג הרינג מלוח מ,גרמים,250.00,100 גרם,false,,13.90,0.0556,true,1,2066897
4810168000998,false,פילה דג הרינג מלוח מצונן עם בצל בצנצנת חתיכות 260ג',סנטה ברמור,BY,חתיכות פילה דג הרינג,גרמים,260.00,100 גרם,false,,17.90,0.0688,true,1,2066898
4810168018795,false,חתיכות פילה דג הרינג מלוח מצונן 200ג',סנטה ברמור,BY,חתיכות פילה דג הרינג,גרמים,200.00,100 גרם,false,,13.90,0.0695,true,1,2066900
4810168038991,false,גלידה פלומביר בגביע בטעם שוקולד 75 גר,Santa Bremor,BY,גלידה שוקולד פלומביר,גרמים,75.00,100 גרם,false,,5.90,0.0787,true,1,2066830
4810168045432,false,גלידה טרופל אסקימו 65 גר,Santa Bremor,BY,"גלידה טרופל אסקימו """,גרמים,65.00,100 גרם,false,,5.90,0.0908,true,1,2066836
4810168045906,false,גלידה שמנת וניל שקדי,,,גלידה שמנת וניל שקדי,גרמים,75.00,100 גרם,false,,7.90,0.1053,true,1,2328174
4810168053031,false,גלידה פלומביר בריקט שוקולד 80 גר,,BY,גלידה פלומביר בריקט,גרמים,80.00,100 גרם,false,,5.90,0.0738,true,1,2321227
4820154722469,false,גלידה אסקימוס כוס וניל 80 גר,Santa Bremor,BY,"גלידה ""אסקימוס"" כוס",גרמים,80.00,100 גרם,false,,5.90,0.0738,true,1,2066850
4820163880167,false,"מאג רוז 260 מ""ל",,,"מאג רוז 260 מ""ל",יחידה,0.00,יחידה,false,,3.90,0.0000,true,1,2132577
4820198873288,false,תה ירוק 1.8 גר * 25 שק DALAI GREEN,,UA,תה ירוק 25 שקיות,גרמים,45.00,100 גרם,false,,9.90,0.2200,true,1,2215450
4823077602863,false,סוכריות דבורה משוגעת 200 גרם שקית,רושן,UA,סוכ.דבורה משוגעת 200 ג בש,גרמים,200.00,100 גרם,false,,6.90,0.0345,true,1,2297558
4823077608513,false,סוכריות קורובקה 205 גרם רושן,רושן Roshen,UA,סוכריות טופי חלב קור,גרמים,205.00,100 גרם,false,,6.90,0.0337,true,1,2066706
4823077612732,false,סוכריות קרמל רושן בים בום 200 גר,רושן,UA,סוכריות קשות ממולאות,גרמים,150.00,100 גרם,false,,4.90,0.0327,true,1,2126714
4823077613203,false,שוקולד רושן מריר + פונדוק שלם 90 גר רושן,רושן Roshen,,שוקולד רושן מריר + פ,גרמים,90.00,100 גרם,false,,7.90,0.0878,true,1,2066713
4823077613630,false,חטיף שוקולד חלב במילוי קרם ברולה,רושן Roshen,UA,חטיף שוקולד באטונצ'י,גרמים,40.00,100 גרם,false,,3.90,0.0975,true,1,2288353
4823077614699,false,ביסקוויט וניל 185 גר רושן,,,ביסקוויט לקפה רושן,גרמים,185.00,100 גרם,false,,3.90,0.0211,true,1,2378316
4823077614767,false,שוקולד רושן חלב נוגט בטעם אגוזי לוז 90 ג,,,שוקולד רושן חלב נוגט,גרמים,90.00,100 גרם,false,,4.90,0.0544,true,1,2305994
4823077614804,false,שוקולד חלב נוגט וניל 90 גרם רושן,רושן Roshen,,שוקולד חלב נוגט בטעם,גרמים,90.00,100 גרם,false,,4.90,0.0544,true,1,2066718
4823077617041,false,חטיף שוקולד חלב במילוי קרמל,רושן Roshen,UA,חטיף שוקולד באטונצ'י,גרמים,40.00,100 גרם,false,,3.90,0.0975,true,1,2066722
4823077618161,false,וופל רול קונאפטו חלב רושן 140 גר,,,"גליליות רושן ""קונאפט",גרמים,140.00,100 גרם,false,,6.90,0.0493,true,1,2378327
4823077621635,false,וופל רושן בטעם חלב 72 גר,,,וופל רושן אישי,גרמים,72.00,100 גרם,false,,3.90,0.0542,true,1,2330870
4823077621642,false,וופל רושן בטעם שוקולד 72 גר,,,וופל רושן אישי,גרמים,72.00,100 גרם,false,,3.90,0.0542,true,1,2330871
4823077621659,false,וופל רושן בטעם אגוז 72 גר,,,וופל רושן אישי,גרמים,72.00,100 גרם,false,,3.90,0.0542,true,1,2330872
4823077625145,false,ממתקי שוקולד מריר עם דובדבן בליקר דובדבן,רושן Roshen,UA,בונבוניירה דובדבן+ ל,גרמים,155.00,100 גרם,false,,12.90,0.0832,true,1,2112671
4823077625589,false,וופל וואפרס חלב רושן 216 גר,,UA,וופל רושן בטעם חלב,גרמים,216.00,100 גרם,false,,6.90,0.0319,true,1,2378328
4823077625602,false,וופל וואפרס שוקולד רושן 216 גר,,UA,וופל רושן בטעם שוקול,גרמים,216.00,100 גרם,false,,6.90,0.0319,true,1,2378329
4823077625626,false,וופל וואפרס אגוז רושן 216 גר,,UA,וופל רושן בטעם אגוז,גרמים,216.00,100 גרם,false,,6.90,0.0319,true,1,2378330
4823077626203,false,שוקולד אורירי מריר 80 גר רושן,רושן Roshen,UA,שוקולד אורירי חלב 80,גרמים,80.00,100 גרם,false,,6.90,0.0863,true,1,2179812
4823077626227,false,שוקולד אורירי חלב 80 גר רושן,רושן Roshen,UA,שוקולד אורירי חלב 80,גרמים,80.00,100 גרם,false,,6.90,0.0863,true,1,2179813
4823077626241,false,שוקולד אורירי לבן קרמל 80 גר רושן,,UA,שוקולד אורירי לבן קר,גרמים,80.00,100 גרם,false,,6.90,0.0863,true,1,2179814
4823077626364,false,שוקולד אורירי לבן 80 גר רושן,רושן Roshen,UA,שוקולד אורירי לבן 80,גרמים,80.00,100 גרם,false,,6.90,0.0863,true,1,2179815
4823077630996,false,סנדוויץ קרקר קקאו-אגוז רושן 235 גר,,,סנדוויץ קרקר רושן,גרמים,235.00,100 גרם,false,,9.90,0.0421,true,1,2329702
4823077631467,false,קרקר עם מלח ים רושן 168 גר,,,קרקר עם מלח ים רושן,גרמים,168.00,100 גרם,false,,4.90,0.0292,true,1,2378317
4823077631474,false,קרקר קלאסי רושן 168 גר,,,קרקר קלאסי רושן,גרמים,168.00,100 גרם,false,,4.90,0.0292,true,1,2378318
4823077631863,false,וופל רול קונאפטו וניל 140 גר,,UA,"גליליות רושן ""קונאפט",גרמים,140.00,100 גרם,false,,6.90,0.0493,true,1,2378332
4823077632112,false,וופל בטעם קקאו חלב רושן 216 גר,,,וופל רושן בטעם קקאו,גרמים,216.00,100 גרם,false,,6.90,0.0319,true,1,2378333
4823077632259,false,באטונציק קרם עם בוטנים 38 גר,רושן Roshen,UA,חטיף שוקולד חלב ממו,גרמים,40.00,100 גרם,false,,3.90,0.0975,true,1,2281677
4823077632570,false,שוקולד רושן מריר 85 גר BRUT,,UA,שוקולד רושן מריר,גרמים,85.00,100 גרם,false,,6.90,0.0812,true,1,2304410
4823077632587,false,שוקולד רושן חלב עם שקד שלם 90 גר LACMI,,,שוקולד רושן חלב,גרמים,90.00,100 גרם,false,,7.90,0.0878,true,1,2304416
4823077632594,false,שוקולד רושן חלב עם אגוז שלם 90 גר LACMI,,,שוקולד רושן חלב,גרמים,90.00,100 גרם,false,,7.90,0.0878,true,1,2304417
4823077633058,false,"גליליות וופל רושן ""קונאפטו"" אגוז 140 ג",,,"גליליות רושן ""קונאפט",גרמים,140.00,100 גרם,false,,6.90,0.0493,true,1,2378335
4823077633317,false,עוגיות שוקולד עם חתיכות שוקולד 150 גר,,,עוגיות שוקולד עם חתי,גרמים,150.00,100 גרם,false,,6.90,0.0460,true,1,2378336
4823077633324,false,עוגיות רושן עם חתיכות שוקולד 150 גר,,,עוגיות שוקוצ'יפס חתי,גרמים,150.00,100 גרם,false,,6.90,0.0460,true,1,2378337
4823077633331,false,עוגיות רושן עם בטעם תפוז 150 גר,,,עוגיות רושן בטעם תפ,גרמים,150.00,100 גרם,false,,6.90,0.0460,true,1,2378338
4823077633348,false,עוגיות רושן עם חתיכות בוטנים 150 גר,,,עוגיות רושן עם חתיכ,גרמים,150.00,100 גרם,false,,6.90,0.0460,true,1,2378339
4823077633508,false,חטיף וופל רושן במילוי קרם קקאו מצופה 34,,UA,וופל רושן אישי,גרמים,72.00,100 גרם,false,,3.90,0.0542,true,1,2362208
4823077633515,false,חטיף וופל רושן במילוי קרם חלבי מצופה 34,,UA,וופל רושן אישי,גרמים,72.00,100 גרם,false,,3.90,0.0542,true,1,2362215
4823077634192,false,עוגיות עם מילוי דובדבן וניל 168 גר LOVIT,,,עוגיות במילוי דובדבן,גרמים,168.00,100 גרם,false,,6.90,0.0411,true,1,2329723
4823077634222,false,עוגיות Lovita ממולאות ג'לי תפוז מצופות צימקאו,רושן Roshen,,עוגיות במילוי תפוז,גרמים,135.00,100 גרם,false,,6.90,0.0511,true,1,2329730
4823077634246,false,עוגיות Lovita ממולאות ג'לי פטל מצופות צימקאו,רושן Roshen,,עוגיות במילוי פטל,גרמים,135.00,100 גרם,false,,6.90,0.0511,true,1,2329731
4823077634277,false,עוגיות Lovita ממולאות ג'לי תות שדה מצופות צימקאו,רושן Roshen,,עוגיות במילוי תות שד,גרמים,135.00,100 גרם,false,,6.90,0.0511,true,1,2329732
4823077635489,false,חטיף וופל רושן קרם קקאו 350 גר,,,חטיף וופל רושן קרם ק,גרמים,350.00,100 גרם,false,,14.90,0.0426,true,1,2378340
4823077635533,false,חטיף וופל רושן קרם חלב 350 גר,,,חטיף וופל רושן קרם ח,גרמים,350.00,100 גרם,false,,14.90,0.0426,true,1,2378341
4823077636172,false,וופל רושן בטעם לימון 216 גר,,UA,וופל רושן בטעם לימון,גרמים,216.00,100 גרם,false,,6.90,0.0319,true,1,2378342
4823077636554,false,סוכריות ממולאות קרם בטעם חלב 378ג ROSHEN,,,סוכריות ממולאות קרם,גרמים,378.00,100 גרם,false,,11.90,0.0315,true,1,2378349
4823077636561,false,סוכריות ממולאות חלב קפה 378 גר ROSHEN,,,סוכריות ממולאות בטעם,גרמים,378.00,100 גרם,false,,11.90,0.0315,true,1,2378350
4823077636578,false,סוכריות טופי כוס חלב 325 גר ROSHEN,,,סוכריות טופי כוס חלב,גרמים,325.00,100 גרם,false,,11.90,0.0366,true,1,2378351
4823077636592,false,סוכריות גלי קרייזי פצולקה 378 גר ROSHEN,,,סוכריות ג'לי רושן,גרמים,378.00,100 גרם,false,,11.90,0.0315,true,1,2378353
4823077636608,false,סוכריות טופי במילוי שוקולד 325 גר ROSHEN,,,סוכריות טופי רושן במ,גרמים,325.00,100 גרם,false,,11.90,0.0366,true,1,2378354
4840008001199,false,מיני סושקה וניל 500 גרם FRANZELUTA,פרנזלוטה,,מיני כעכים סושקה וני,גרמים,500.00,100 גרם,false,,9.90,0.0198,true,1,1537959
4840008018319,false,דובשניות עם שזיף 400 גרם פרנצלוטה,פרנזלוטה,,דובשניות עם שזיף -40,גרמים,400.00,100 גרם,false,,7.90,0.0198,true,1,1917232
4840008018333,false,דובשניות טעם דבש 400 גרם פרנצלוטה,פרנזלוטה,,דובשניות בטעם דבש 40,גרמים,400.00,100 גרם,false,,7.90,0.0198,true,1,1917233
4840008019521,false,עוגיות בצק עלים לבבות דקל פרנצלוטה 350 ג,פרנזלוטה,,"עוגיות בצק עלים ""אוז",גרמים,350.00,100 גרם,false,,9.90,0.0283,true,1,2265882
4840008040075,false,350 עוגיות אוזניים עם קינמון גר,,MD,"עוגיות בצק עלים ""אוז",גרמים,350.00,100 גרם,false,,9.90,0.0283,true,1,2306726
4860009000014,false,מיץ רימונים 100% סחוט ללא תוספת סוכר,יושלם,,נקטר רימונים 100% טב,ליטרים,1.00,ליטר,false,,19.90,19.9000,true,1,1378492
4860019001346,false,בורז'ומי מים מינרליים טבעיים 500מ'ל חדש,אי די אס בורגומי,,מים בורזומי מינרליים,מיליליטרים,500.00,"100 מ""ל",false,,6.90,0.0138,true,1,1373772
4860019001414,false,"בקבוק מים בוז'ורמי 750 מ""ל",אי.די.אס בורג'יומי,,מים בורג'ומי מינרלים,מיליליטרים,750.00,"100 מ""ל",false,,6.90,0.0092,true,1,1373774
4860019001421,false,"שישיית מים בורגומי 750 מ""ל",,,מים בורזום טבעיים מא,מיליליטרים,4500.00,"100 מ""ל",false,,39.90,0.0089,true,1,2124866
4891228304478,false,שיק היידרו 5 סנס סכינים רביעייה,שסטוביץ,CN,רביעיית סכינים שיק ה,יח',4.00,יח',false,,59.90,14.9750,true,1,2086555
4891228310509,false,שיק היידרו סילק מכשיר+4 סכינים לנשים,שסטוביץ,CN,מארז ידית שיק היידרו,יחידה,0.00,יחידה,false,,69.90,0.0000,true,1,2308785
4891228430030,false,סכיני גילוח שיק אקזקטה 2 לעור רגיש ירוק 5 יח',אנרג'יזר Energizer,CN,שיק אקזקטה2 רגיש חמישייה,יח',5.00,יח',false,,9.90,1.9800,true,1,1377658
4891228430061,false,סכיני גילוח שיק אקזקטה 2 לנשים ורוד 10 יח',הנסיך- מפעל לייצור ט,CN,שיק אקזקטה2 נשים עשירייה,יח',10.00,יח',false,,24.90,2.4900,true,1,1377660
4891228430085,false,שיק אקסטרים 3 פס לחות בתוספת אלוה ורה,אנרג'יזר Energizer,CN,שיק אקסטרים 3 קומפורט + ר,יח',4.00,יח',false,,19.90,4.9750,true,1,1377661
4891228430092,false,שיק אקסטרים 3 קומפורט +לנשים 4 יחידות,אנרג'יזר Energizer,CN,שיק אקסטרים 3 קומפורט +לנ,יח',4.00,יח',false,,19.90,4.9750,true,1,1377662
4903001904192,false,"רוטב סויה יאמסה פרימיום 500 מ""ל",הדקלאים אגודת שיתופי,JP,רוטב סויה יאמסה פרימיום 5,מיליליטרים,500.00,"100 מ""ל",false,,17.90,0.0358,true,1,1365462
4903001925784,false,"רוטב סויה יאמאסה פרמיום דל מלח 500 מ""ל",הדקלאים אגודת שיתופי,JP,רוטב סויה יאמאסה פרמיום ד,מיליליטרים,500.00,"100 מ""ל",false,,17.90,0.0358,true,1,1365463
4903001930993,false,"רוטב טריאקי יאמאסה 500 מ""ל",ליימן מותגים,JP,רוטב טריאקי יאמסה,מיליליטרים,500.00,"100 מ""ל",false,,17.90,0.0358,true,1,1458685
4903001945706,false,"רוטב יאמאסה פונזו לתיבול 500 מ""ל",יאמאסה yamasa,,רוטב סויה ימאסה פונז,מיליליטרים,500.00,"100 מ""ל",false,,21.90,0.0438,true,1,2327936
5000111041065,false,רוטב ווסטרשייר היינץ,תאי פרזידנט פוד פאבל,,רוטב ווסטרשייר היינץ,מיליליטרים,150.00,"100 מ""ל",false,,10.90,0.0727,true,1,2185777
5000127533196,false,קלוגס וורייטי שמינייה 191 גרם,חברת קלוגס בריטניה,,קלוגס ווראייטי 191 ג,גרמים,191.00,100 גרם,false,,22.90,0.1199,true,1,2021504
5000146057710,false,ספריי רב שימושי לחלונות ומשטחים ווינדולין Windolene,רקיט בנקיזר,PL,גלסקס חלונות 750 מל,מיליליטרים,750.00,"100 מ""ל",false,,7.90,0.0105,true,1,1348312
5000146401568,false,וולייט דפים למניעת העברת צבע 10 דפים,ווליט Woolite,IT,וולייט דפים למניעת מעבר צ,יח',10.00,יח',false,,14.90,1.4900,true,1,1348317
5000157143365,false,מתבל בטעם מיונז וקטשופ היינץ 425 ג',היינץ Heinz,PL,מתבל בטעם מיונז וקטש,גרמים,425.00,100 גרם,false,,14.90,0.0351,true,1,2223722
5000159407236,false,חטיף שוקולד מרס 51 ג',מרס הולנד בי.וי.,NL,51G 'מרס חטיף שוק,גרמים,51.00,100 גרם,false,,3.90,0.0765,true,1,1357983
5000159409179,false,מארז חטיפי מיני סניקרס Snickers,סניקרס Snickers,NL,'סניקרס מיני 403 גר,גרמים,403.00,100 גרם,false,,19.90,0.0494,true,1,1357987
5000159414197,false,מלטיזרס-כדורים פריכים בציפוי שוולד חלב 135 גרם,מרס שוקולד צ.אמריקה,NL,חטיף בוטנים m&m אריז,גרמים,135.00,100 גרם,false,,9.90,0.0733,true,1,2352700
5000159442572,false,טוויקס חטיפי מיני שקית 403ג',מרס גי אם בי אייץ,NL,'טויקס מיני 403 גר,גרמים,403.00,100 גרם,false,,19.90,0.0494,true,1,1357988
5000159452540,false,סניקרס מארז חטיף 50 גרם חמישייה,סניקרס Snickers,NL,מארז חטיפי סניקרס,גרמים,250.00,100 גרם,false,,10.90,0.0436,true,1,2241357
5000159452663,false,מרס מארז חטיף 45 גרם חמישייה,מרס Mars,NL,מארז חטיפי מארס,גרמים,225.00,100 גרם,false,,10.90,0.0484,true,1,2299459
5000159452977,false,מיקס שקית מיניס 400 גרם מרס-באונטי-טוויק,מרס הולנד בי.וי.,NL,'מיקס חטיפי מיני 400 ג,גרמים,400.00,100 גרם,false,,19.90,0.0497,true,1,1357989
5000159459228,false,חטיף שוקולד טוויקס 50 ג',"נארז ע""י : א.ג. גילר",NL,טויקס חטיף שוקו 50 גרם,גרמים,50.00,100 גרם,false,,3.90,0.0780,true,1,1357991
5000159461122,false,חטיף שוקולד סניקרס 50 ג',"נארז ע""י : א.ג. גילר",NL,50G סניקרס חטיף שוק,גרמים,57.00,100 גרם,false,,3.90,0.0684,true,1,1357992
5000159538640,false,באונטי מארז חטיף 57 גרם חמישייה,באונטי,NL,מארז חטיפי באונטי,גרמים,285.00,100 גרם,false,,10.90,0.0382,true,1,2299461
5000168199245,false,שוקולד חלב מעולה בתוספת קרמל מלוח פיור גודייבה 90 ג',"אולקר מקבוצת פלאדיס,",TR,שוקולד גודייבה חלב ב,גרמים,90.00,100 גרם,false,,14.90,0.1656,true,1,2065038
5000189974579,false,מארז מיני חטיפי קיט קט Kit Kat,ליימן מותגים,DE,חטיף קיט קט מיני,גרמים,200.00,100 גרם,false,,12.90,0.0645,true,1,1807337
5000204048742,false,"קיווי לבישום נעלי ספורט 100 מ""ל",קיווי,NL,בישום נעלי ספורט קיו,מיליליטרים,100.00,"100 מ""ל",false,,15.90,0.1590,true,1,2341506
5000204048803,false,"קיווי לניקוי נעלי ספורט 75 מ""ל",ג'ונסון אנד ג'ונסון,NL,ניקוי נעלי ספורט קיו,מיליליטרים,75.00,"100 מ""ל",false,,15.90,0.2120,true,1,2341507
5000204114867,false,"גלייד אורסול בניחוח וניל 300 מ""ל",coster aerosol vail,TR,מטהר אוויר גלייד איר,מיליליטרים,300.00,"100 מ""ל",false,,9.90,0.0330,true,1,2220180
5000204114898,false,גלייד ארוסול מבשם אוויר ניחוח מרכך כביסה,אס.סי גונוסון,NL,מטהר אוויר גלייד איר,מיליליטרים,300.00,"100 מ""ל",false,,9.90,0.0330,true,1,2220181
5000204114928,false,"גלייד ארוסול בניחוח דובדבן 300 מ""ל",coster aerosol vail,TR,מטהר אוויר גלייד איר,מיליליטרים,300.00,"100 מ""ל",false,,9.90,0.0330,true,1,2220169
5000204114959,false,"גלייד ארוסול בניחוח פריחה בלבן 300 מ""ל","אס.סי ג'ונסון,מידרכט",NL,מטהר אוויר גלייד איר,מיליליטרים,300.00,"100 מ""ל",false,,9.90,0.0330,true,1,2220188
5000204115048,false,גלייד ארוסול מבשם אוויר בניחוח לבנדר,"אס.סי ג'ונסון,מידרכט",NL,מטהר אוויר גלייד איר,מיליליטרים,300.00,"100 מ""ל",false,,9.90,0.0330,true,1,2220182
5000204133509,false,שקיות אחסון גדולות- 19 יח' זיפלוק,אס.סי.גונסון ובניו,US,שקיות אחסון גדולות ז,יח',19.00,יח',false,,12.90,0.6789,true,1,2267807
5000204151053,false,"פלדג' אירוסול לניקוי רהיטים קלאסי 250 מ""ל",יורופרייטס,NL,פלדג' תרסיס לניקוי ע,מיליליטרים,250.00,"100 מ""ל",false,,14.90,0.0596,true,1,2242287
5000204151084,false,"פלדג' אירוסול לניקוי כללי לימון 250 מ""ל",פלדג' Pledge,NL,פלדג' תרסיס לניקוי ע,מיליליטרים,250.00,"100 מ""ל",false,,14.90,0.0596,true,1,2242295
5000204153729,false,מטהר אוויר גלייד מילוי אוטומטי לבנדר וניל,המאפיה של הרמן,TR,מילוי למטהר אוויר או,מיליליטרים,269.00,"100 מ""ל",false,,15.90,0.0591,true,1,2249552
5000204153842,false,מטהר אוויר גלייד מילוי אוטומטי וניל,המאפיה של הרמן,TR,מילוי למטהר אוויר או,מיליליטרים,269.00,"100 מ""ל",false,,15.90,0.0591,true,1,2249561
5000204153903,false,מטהר אוויר גלייד מילוי אוטומטי מרכך כביסה,קוסטר אירוסול ואלף ס,TR,מילוי למטהר אוויר או,מיליליטרים,269.00,"100 מ""ל",false,,15.90,0.0591,true,1,2249562
5000204154252,false,"מילוי אוטומטי גלייד פירות יער 269 מ""ל",coster aerosol vail,TR,מילוי למטהר אוויר או,מיליליטרים,269.00,"100 מ""ל",false,,15.90,0.0591,true,1,2249563
5000204154283,false,מילוי למטהר אוויר או,coster aerosol vail,,מילוי למטהר אוויר או,מיליליטרים,269.00,"100 מ""ל",false,,15.90,0.0591,true,1,2249569
5000204167610,false,"גלייד ארוסול פסטיבל קינמון 300 מ""ל",coster aerosol vail,,מטהר אוויר גלייד איר,מיליליטרים,300.00,"100 מ""ל",false,,9.90,0.0330,true,1,2323925
5000204167856,false,מילוי למטהר אוויר או,coster aerosol vail,TR,מילוי למטהר אוויר או,מיליליטרים,269.00,"100 מ""ל",false,,15.90,0.0591,true,1,2323926
5000204182026,false,מטהר אוויר גלייד מוצק בניחוח אודיסאה,במה פולסקה,PL,גלייד ג'ל ריחני בניח,גרמים,180.00,100 גרם,false,,14.90,0.0828,true,1,2341498
5000204225655,false,"מטהר אוויר גלייד מילוי אוטומטי מסיבת פטל 269 מ""ל",coster aerosol vail,TR,מילוי למטהר אוויר או,מיליליטרים,269.00,"100 מ""ל",false,,15.90,0.0591,true,1,2323927
5000204226256,false,"גלייד ארוסול מסיבת פטל 300 מ""ל",coster aerosol vail,TR,מטהר אוויר גלייד איר,מיליליטרים,300.00,"100 מ""ל",false,,9.90,0.0330,true,1,2323928
5000204243031,false,"נוזל לאסלה ירח פורח 750 מ""ל דאק",טואלט דאק (ג'ונסון),,ט.דאק נוזל ירח פורח,מיליליטרים,750.00,"100 מ""ל",false,,12.90,0.0172,true,1,2341530
5000204254587,false,סבון מוצק לאסלהאפרסק על חלל 38.6 ג' דאק,דאופלור אס.פי.אי כונ,IT,דאק סבון ניקוי אסלה,גרמים,38.60,100 גרם,false,,7.90,0.2047,true,1,2341531
5000204254617,false,סבון מוצק לאסלה ירח פורח 38.6 ג' דאק,דאופלור אס.פי.אי כונ,IT,דאק סבון ניקוי אסלה,גרמים,38.60,100 גרם,false,,7.90,0.2047,true,1,2341508
5000204657913,false,קיווי משחת נעליים בקופסא שחור 50 מל,ג' אל ראיה בוגור,ID,מ.נעליים שחור קיווי,מיליליטרים,50.00,"100 מ""ל",false,,4.90,0.0980,true,1,1937242
5000204658064,false,"קיווי אקספרס ספוג הברקה שחור 7מ""ל",המאפיה של הרמן,ID,קיווי אקספרס ספוג הברקה ש,מיליליטרים,6.00,"100 מ""ל",false,,14.90,2.4833,true,1,1391974
5000204658125,false,"קיווי נוזל נעליים קראון חום 75 מ""ל",אס' סי' ג'ונסון במה,PL,קיווי קראון נוזלי מבריק ח,מיליליטרים,75.00,"100 מ""ל",false,,14.90,0.1987,true,1,1391975
5000204658187,false,"קיווי נוזל נעליים קראון שחור 75 מ""ל",אס' סי' ג'ונסון במה,PL,קיווי קראון נוזלי מבריק ש,מיליליטרים,75.00,"100 מ""ל",false,,14.90,0.1987,true,1,1391976
5000204660159,false,קיווי אקספרס ספוג הברקה שקוף,המאפיה של הרמן,ID,קיווי אקספרס ספוג הברקה ש,מיליליטרים,6.00,"100 מ""ל",false,,14.90,2.4833,true,1,1391978
5000204886566,false,"תרסיס מנקה, מזין ומגן על העץ עם שמן תפוז טבעי",Jonson ג'ונסון,US,"פלדג' 473 ORANGE OILמ""ל",מיליליטרים,473.00,"100 מ""ל",false,,22.90,0.0484,true,1,1391982
5000267014203,false,וויסקי גוני ווקר אדו,אלכוהול (איי.בי.בי),,ג'וני ווקר אדום 700,מיליליטרים,700.00,"100 מ""ל",false,,79.90,0.1141,true,1,1391256
5000267014234,false,וויסקי ג'וני ווקר רד לייבל Red label,ג'וני ווקר Johnnie walker,,ג'וני ווקר אדום 700,מיליליטרים,700.00,"100 מ""ל",false,,79.90,0.1141,true,1,2169947
5000267024202,false,וויסקי גוני ווקר שחו,אלכוהול (איי.בי.בי),,וויסקי ג'וני ווקר שח,מיליליטרים,700.00,"100 מ""ל",false,,119.00,0.1700,true,1,1391258
5000267024233,false,"וויסקי ג'וני בלאק לייבל עם פורר 700מ""ל",ג'וני ווקר Johnnie walker,,וויסקי ג'וני ווקר שח,מיליליטרים,700.00,"100 מ""ל",false,,119.00,0.1700,true,1,2169948
5000394017641,false,סוללות AA דורסל פלוס,דורסל Duracell,,סוללות דורסל AA4 פלו,יח',4.00,יח',false,,16.90,4.2250,true,1,1509503
5000394019089,false,סוללה פלוס פאוור 2 יחידות C דורסל,פרוקטר אנד גמבל,US,2 סוללות C פלוס פאוו,יח',2.00,יח',false,,22.90,11.4500,true,1,1509509
5000394105485,false,סוללה פלוס פאוור V9 דורסל יח 1,פרוקטר אנד גמבל,MY,סוללות 9V פלוס פאוור,יח',1.00,יח',false,,22.90,22.9000,true,1,1509511
5000394137486,false,רביעיות סוללות אופטימום AA דורסל,פרוקטר אנד גמבל,BE,סוללות דורסל רביעיות,יח',4.00,יח',false,,16.90,4.2250,true,1,2334759
5000394140851,false,דורסל רביעיות AA פלוס פאוור 100%,פרוקטר אנד גמבל,BE,סוללות דורסל AA4 פלו,יח',4.00,יח',false,,10.00,2.5000,true,1,2327520
5000394140899,false,סוללות AA דורסל פלוס - 8 יח',דורסל Duracell,,סוללות דורסל שמיניות,יח',8.00,יח',false,,19.90,2.4875,true,1,2334751
5000394140967,false,סוללות דורסל תריסר A,,,סוללות דורסל תריסר A,יח',12.00,יח',false,,30.90,2.5750,true,1,2334752
5000394141117,false,סוללות דורסל רביעיות AAA פלוס פאוור 100%,פרוקטר אנד גמבל,BE,סוללות דורסל AAA4 פל,יח',4.00,יח',false,,10.00,2.5000,true,1,2327521
5000394141179,false,סוללות AAA דורסל פלוס - 8 יח',דורסל Duracell,,סוללות דורסל שמיניות,יח',8.00,יח',false,,19.90,2.4875,true,1,2334753
5000394141230,false,סוללות AAA דורסל פלוס - 12 יח',דורסל Duracell,,סוללות דורסל תריסר A,יח',12.00,יח',false,,30.90,2.5750,true,1,2334761
5000394142190,false,סוללת דורסל וי 9 פלו,פרוקטר אנד גמבל,CN,סוללות 9V פלוס פאוור,יח',1.00,יח',false,,20.90,20.9000,true,1,2361917
5000394203884,false,סוללות דורסל ליתיום זוג,דורסל Duracell,,דורסל ליתיום 2016,יח',2.00,יח',false,,14.90,7.4500,true,1,2248017
5000394203907,false,סוללות דורסל ליתיום זוג,דורסל Duracell,,דורסל זוג סוללות לית,יח',2.00,יח',false,,14.90,7.4500,true,1,2248018
5000396037531,false,מקוויטיס ביסקוויט מצופה שוקולד חלב 200 ג',מקוויטיס McVitie's,GB,ביסקוויט מקוויטיס מצ,גרמים,200.00,100 גרם,false,,12.90,0.0645,true,1,1782672
5010026515919,false,מורנפלייק מוזלי נאטי 650 גרם,מורנפלייק Mornflake,GB,מוזלי קריספי נאטי 65,גרמים,650.00,100 גרם,false,,23.90,0.0368,true,1,2341311
5010026515933,false,מורנפלייק מוזלי פירות ואגוזים 750 גרם,מורנינג פוד,GB,מוזלי קריספי פירות ו,גרמים,750.00,100 גרם,false,,23.90,0.0319,true,1,2341312
5010026515940,false,מורנפלייק מוזלי פרוטי 750 גרם,מורנפלייק Mornflake,GB,מוזלי קריספי פרוטי 7,גרמים,750.00,100 גרם,false,,23.90,0.0319,true,1,2341313
5010182997253,false,"רייד ארוסול קוטל ג''וקים - 300 מ""ל",אס.סי.ג'ונסון מידרכט,NL,"RAIDקוטל ג'וקים 300מ""ל",מיליליטרים,300.00,"100 מ""ל",false,,15.90,0.0530,true,1,1391987
5010182997338,false,"טואלט דאק ג'ל אסלה ניחוח רענן 55 מ""ל","איטיליאן פוד, אס.פי.",IT,ט.ד ג'ל אסלה ניחוח רענן י,מיליליטרים,55.00,"100 מ""ל",false,,9.90,0.1800,true,1,1391988
5010182997680,false,"רייד ארוסול קוטל נמלים - 300 מ""ל",אס.סי.ג'ונסון מידרכט,NL,"RAIDקוטל נמלים 300מ""ל",מיליליטרים,300.00,"100 מ""ל",false,,15.90,0.0530,true,1,1391991
5010182997918,false,"טואלט דאק ג'ל אסלה בניחוח ים 55 מ""ל","איטיליאן פוד, אס.פי.",IT,ט.ד ג'ל אסלה ניחוח ים כחו,מיליליטרים,55.00,"100 מ""ל",false,,9.90,0.1800,true,1,1391992
5010182998847,false,נוזל לניקוי אסלה דאק בניחוח ים 806 גר,מיוצר עי קונדיטוריית,NL,"טואלט דאק נוזל כחול 750מ""",מיליליטרים,750.00,"100 מ""ל",false,,12.90,0.0172,true,1,1391993
5010182998861,false,"טואלט דאק נוזל לאסלה ירוק 750 מ""ל",מיוצר עי קונדיטוריית,NL,"טואלט דאק נוזל ירוק 750מ""",מיליליטרים,750.00,"100 מ""ל",false,,12.90,0.0172,true,1,1391994
5010478482814,false,"סוכריות מטלוס פירות 1 ק""ג בשקית",,,"סוכריות פירות 1 ק""ג",גרמים,1000.00,100 גרם,false,,39.90,0.0399,true,1,2164071
5010622018258,false,אורל בי חוט דנטלי סאטין 25 מטר,אורל בי Oral B,,אוראל בי חוט דנטלי ס,מטרים,25.00,מטר,false,,18.90,0.7560,true,1,1346402
5010677551281,false,"בקרדי בריזר לימון 275 מ""ל בקבוק",בקרדי בריזר Bacardi Breezer,BE,בקרדי בריזר-לימון 27,מיליליטרים,275.00,"100 מ""ל",false,,12.90,0.0469,true,1,1362893
5010677551397,false,"בקרדי בריזר לימון ליים 275 מ""ל",בקרדי בריזר Bacardi Breezer,BE,בקרדי בריזר-לימון לי,מיליליטרים,275.00,"100 מ""ל",false,,12.90,0.0469,true,1,1408706
5010677552387,false,"בקרדי בריזר אננס 275 מ""ל בקבוק",בקרדי בריזר Bacardi Breezer,BE,בקרדי בריזר-אננס 275,מיליליטרים,275.00,"100 מ""ל",false,,12.90,0.0469,true,1,1362894
5010677554398,false,"בקרדי בריזר אבטיח 275 מ""ל בקבוק",בקרדי בריזר Bacardi Breezer,BE,בקרדי בריזר-אבטיח 27,מיליליטרים,275.00,"100 מ""ל",false,,12.90,0.0469,true,1,1362895
5011026108033,false,"וויסקי אירי טולומור דיו 700 מ""ל",פארייפאבה אגרואינדוס,IE,וויסקי אירי טולמור 7,מיליליטרים,700.00,"100 מ""ל",false,,84.90,0.1213,true,1,1372721
5011157630281,false,אורז לבן ארוך בסמטי טילדה Tilda,אלסקה/ טילדה,GB,טילדה אורז בסמטי 1 קג,קילוגרמים,1.00,"ק""ג",false,,21.90,21.9000,true,1,1377673
5011157730271,false,אורז יסמין לבן ארוך טילדה,טילדה Tilda,,"אורז יסמין טילדה 1ק""",קילוגרמים,1.00,"ק""ג",false,,19.90,19.9000,true,1,2350404
5011417552247,false,"אירוויק מבשם אוויר נטל גז בניחוח פשתן ופרחי לילך 345מ""ל",איירוויק Air Wick,PL,איירויק אקווה מיסט פשתן ו,מיליליטרים,345.00,"100 מ""ל",false,,19.90,0.0577,true,1,1348329
5013965850455,false,"מי פה אורל בי פרו אקספרט 250 מ""ל",דיפלומט,DE,מי פה פרו אקספרט 250,מיליליטרים,250.00,"100 מ""ל",false,,8.90,0.0356,true,1,2248019
5013965953354,false,אורל בי 123 משחה 100 מל עם פלואוריד,פרוקטר אנד גמבל,DE,משחת שיניים אוראל בי,מיליליטרים,100.00,"100 מ""ל",false,,10.90,0.1090,true,1,2001532
5014271001210,false,מעדן סנדלפור ארבע פי,סנדלפור St.dalfour,FR,מעדן פרי סנדלפור 4 פ,גרמים,500.00,100 גרם,false,,24.90,0.0498,true,1,2239607
5014271001227,false,מעדן פרי סנדלפור משמ,סנדלפור St.dalfour,FR,מעדן פרי סנדלפור משמ,גרמים,500.00,100 גרם,false,,24.90,0.0498,true,1,2239608
5014271001234,false,מעדן פרי דובדבנים שחורים,סנדלפור St.dalfour,FR,מעדן פרי סנדלפור דוב,גרמים,500.00,100 גרם,false,,24.90,0.0498,true,1,2239609
5014271001241,false,מעדן פרי סנדלפור תות,סנדלפור St.dalfour,FR,מעדן פרי סנדלפור תות,גרמים,500.00,100 גרם,false,,24.90,0.0498,true,1,2239610
5014271002675,false,מעדן פרי תפוח וקינמון 284 גרם,סאנטדלפור,FR,מעדן תפוח וקינמון,גרמים,284.00,100 גרם,false,,16.90,0.0595,true,1,2158928
5014271300429,false,סן דלפו מעדן משמש ללא סוכר 284גר,סנדלפור St.dalfour,FR,מעדן ריבת משמש 284 גרם,גרמים,284.00,100 גרם,false,,16.90,0.0595,true,1,1368476
5014271310428,false,סן דלפו מעדן דבדבן שחור ללא סוכ 284 ג',המאפיה של הרמן,FR,מעדן ריבת דובדבנים 284 גר,גרמים,284.00,100 גרם,false,,16.90,0.0595,true,1,1368477
5014271330426,false,מעדן סאנט דלפור אוכמניות כחולות 284 גר,סנדלפור St.dalfour,FR,מעדן ריבת אוכמניות 284 גר,גרמים,284.00,100 גרם,false,,16.90,0.0595,true,1,1368478
5014271350424,false,מעדן סאנט דלפור ארבע פירות 284 גר,המאפיה של הרמן,FR,מעדן ריבת פירות 284 גרם,גרמים,284.00,100 גרם,false,,16.90,0.0595,true,1,1368479
5014271360423,false,סן דלפו מעדן תפוז ללא סוכר 284 ג',המאפיה של הרמן,FR,מעדן ריבת תפוז 284 גרם,גרמים,284.00,100 גרם,false,,16.90,0.0595,true,1,1368480
5014271370422,false,סן דלפו מעדן אפרסק ללא סוכר 284גר,סנדלפור St.dalfour,FR,מעדן ריבת אפרסק 284 גרם,גרמים,284.00,100 גרם,false,,16.90,0.0595,true,1,1368481
5014271400426,false,סן דלפו מעדן תות שדה ללא סוכר 284 ג',המאפיה של הרמן,FR,מעדן ריבת תות שדה 284 גרם,גרמים,284.00,100 גרם,false,,16.90,0.0595,true,1,1368484
5014271560427,false,מעדן סאנט דלפור תפוז גינגר 284 גר,סנדלפור St.dalfour,FR,מעדן ריבת תפוז 284 גרם,גרמים,284.00,100 גרם,false,,16.90,0.0595,true,1,1368485
5014271795980,false,מעדן סאנט דלפור אוכמניות וחמוציות 284 גר,סנדלפור St.dalfour,FR,מעדן חמוציות ואוכמניות 28,גרמים,284.00,100 גרם,false,,16.90,0.0595,true,1,1368487
5029053002439,false,נייר טואלט קלינקס פרימיום צהוב - מארז 9 גלילים,חוגלה קימברלי,GB,נייר טואלט קלינקס צה,מטרים,30.70,מטר,false,,35.90,1.1694,true,1,1362498
5029053527574,false,תחתוני ספיגה לילדים Drynites בנים לגילאי 4-7,האגיס Huggies,CZ,דרייניטס בנים M,יח',10.00,יח',false,,35.90,3.5900,true,1,1362504
5029053527581,false,האגיס דריי נייטס 7-4 בנות 10יח,KC צ'כיה,CZ,דרייניטס בנות M,יח',10.00,יח',false,,35.90,3.5900,true,1,1362505
5029053527598,false,האגיס דריי נייטס 15-8 בנים 9יח,KC צ'כיה,CZ,דרייניטס בנים L,יח',9.00,יח',false,,35.90,3.9889,true,1,1362506
5029053534589,false,קוטקס טמפונים מיני 32 יח,חוגלה קימברלי,CZ,טמפוני קוטקס מיני 32,יח',32.00,יח',false,,25.90,0.8094,true,1,1362512
5035766044673,false,"סיידר תפוחים סטרונגבאו 330 מ""ל בקבוק",האי נאם סי או אל.טי.,BE,סיידר תפוחים סטרונגב,מיליליטרים,330.00,"100 מ""ל",false,,7.90,0.0239,true,1,1362897
5035766060253,false,"בירה מרפיס פחית 500 מ""ל",מרפיס Murphys,,"בירה מרפיס 500 מ""ל.",מיליליטרים,500.00,"100 מ""ל",false,,14.90,0.0298,true,1,1362899
5050083559761,false,קלוגס קוקו פופס שוקוס 500 גרם.,קלוגס מניופקטורינג א,DE,קורנפלקס קוקו פופס ש,גרמים,500.00,100 גרם,false,,16.90,0.0338,true,1,1405672
5053827193368,false,קלוגס בראנפלקס 500 גרם,קלוגס Kellogg's,,קלוגס ברנפלקס 500 גר,גרמים,500.00,100 גרם,false,,22.90,0.0458,true,1,2072828
5053827215862,false,קלוגס קוקו פופס שוקו 500ג',קלוגס Kellogg's,DE,קורנפלקס קוקו פופס ש,גרמים,500.00,100 גרם,false,,16.90,0.0338,true,1,2242178
5056357901427,false,אם אנד אם חטיף חלבון שוקולד 51 גרם,מארס,GB,אם אנד אם שוקולד חטי,גרמים,51.00,100 גרם,false,,16.90,0.3314,true,1,2358741
5056357902936,false,סניקרס לבן חטיף היי פרוטאין 57 ג,,,סניקרס לבן חטיף חלבו,גרמים,57.00,100 גרם,false,,16.90,0.2965,true,1,2358742
5056357904428,false,סניקרס קריספי חטיף ח,,,סניקרס קריספי חטיף ח,גרמים,55.00,100 גרם,false,,16.90,0.3073,true,1,2358751
5060402908248,false,סניקרס חטיף חלבון 55 גרם,מרס נדרלנד,US,סניקרס חטיף חלבון,גרמים,55.00,100 גרם,false,,16.90,0.3073,true,1,2358753
5060402908286,false,מארס חטיף חלבון 59 גרם,מרס נדרלנד,US,מארס חטיף חלבון,גרמים,59.00,100 גרם,false,,16.90,0.2864,true,1,2358754
5060517886486,false,"מונסטר משקה אנרגיה קלאסי 500 מ""ל",מונסטר אנרג'י Monster Energy,RU,מונסטר אנרג'י פח 500,מיליליטרים,500.00,"100 מ""ל",false,,8.90,0.0178,true,1,2224277
5060639128051,false,"משקה אנרגיה מונסטר אולטרה פחית 500 מ""ל",מונסטר אנרג'י לימטד,RS,מונסטר אולטרה פח 500,מיליליטרים,500.00,"100 מ""ל",false,,8.90,0.0178,true,1,2249264
5060751218173,false,"משקה אנרגיה מונסטר Pipline punch פח 500 מ""ל",מונסטר אנרג'י לימטד,RS,מונסטר PIPLINE PUNCH,מיליליטרים,500.00,"100 מ""ל",false,,8.90,0.0178,true,1,2347939
5200133120476,false,גלילות וופלים ממולאים קרם אגוזים וקקאו 400 ג',יוניליוור גרמניה Gm,GR,גליליות קרם אגוזים ו,גרמים,400.00,100 גרם,false,,15.90,0.0398,true,1,1882879
5200133120483,false,גליליות וופלים ממולא קרם וניל 400 גר,יוניליוור גרמניה Gm,GR,גליליות קרם וניל 400,גרמים,400.00,100 גרם,false,,15.90,0.0398,true,1,1882880
5200133120506,false,גליליות וופלים קרם אגוזים וקקאו 150 גרם,קוארטט אס.אי,GR,גליליות קרם אגוזים ו,גרמים,150.00,100 גרם,false,,7.90,0.0527,true,1,1882882
5201004020338,false,קפריס רולס קלאסיק 400 גרם,פפדופולוס,GR,קפריס רולס קלאסיק 40,גרמים,400.00,100 גרם,false,,19.90,0.0497,true,1,2220779
5201004021328,false,קפריס רולס גלילי וופל במילוי קרם אגוזי לוז וקקאו,אי. ג'יי פאפאדופולוס,GR,קפריס רולס קלאסיק 11,גרמים,115.00,100 גרם,false,,8.90,0.0774,true,1,2220780
5201178801047,false,"ניוואה קרם רב שימושי 150מ""ל",ביירסדורף,DE,קרם ניוואה 150מל',מיליליטרים,150.00,"100 מ""ל",false,,17.90,0.1193,true,1,1372611
5201178801054,false,קרם רב שימושי 250 מל ניוואה,טרופיקל דגיל תעשיות,DE,קרם ניוואה 250מל',גרמים,250.00,100 גרם,false,,36.90,0.1476,true,1,1372612
5201246002215,false,בירה פילס היילס Pils Hellas,הלניק בריויריס אוף א,GR,בירה פילס היילס,מיליליטרים,500.00,"100 מ""ל",false,,4.90,0.0098,true,1,2027737
5201347400545,false,רצועות שעווה מוכנות לשימוש לפנים ולאזורים רגישים,רקיט בנקיזר צרפת,FR,ויט רצועות שעווה לפנים,יחידה,0.00,יחידה,false,,29.90,0.0000,true,1,1348340
5201940010110,false,זיתים שחורים מזן קלמטה בפח 454 גרם,סיוארס אס.איי,GR,זיתים שחורים מזן קלמטה בפ,גרמים,454.00,100 גרם,false,,14.90,0.0328,true,1,1347799
5202300014519,false,ספריי לשיער צבוע וולה פלקס Wella flex,פרוקטר אנד גמבל,FR,"ו.פלקס ספריי צבוע 250 מ""ל",מיליליטרים,250.00,"100 מ""ל",false,,29.90,0.1196,true,1,1346450
5202300043175,false,צבע לשיער קולסטון - 6/0 בלונד כהה,פרוקטר אנד גמבל,DE,קולסטון 6/0 בלונד כהה,מיליליטרים,60.00,"100 מ""ל",false,,24.90,0.4150,true,1,1346469
5202300043182,false,צבע לשיער קולסטון - 5/0 חום בהיר,פרוקטר אנד גמבל,DE,קולסטון 5/0 חום בהיר,מיליליטרים,60.00,"100 מ""ל",false,,24.90,0.4150,true,1,1346470
5202300043298,false,צבע לשיער קולסטון- 6/1 בלונד אפרפר כהה,פרוקטר אנד גמבל,DE,קולסטון 6/1 בלונד אפרפר כ,מיליליטרים,60.00,"100 מ""ל",false,,24.90,0.4150,true,1,1346478
5206759020701,false,סוכריות ג'לי בטעם פירות Exotic,,,סוכריות גלי אקזוטי 7,גרמים,700.00,100 גרם,false,,14.90,0.0213,true,1,1364427
5391523057929,false,סימילאק גולד שלב 1 תרכובת מזון על בסיס חלב,אבוט מעבדות רפואיות,IE,סימילאק גולד שלב 1 7,גרמים,700.00,100 גרם,false,,69.90,0.0999,true,1,1871266
5391523057936,false,סימילאק גולד שלב 2 תרכובת מזון על בסיס חלב,אבוט מעבדות רפואיות,IE,סימילאק גולד שלב 2 7,גרמים,700.00,100 גרם,false,,69.90,0.0999,true,1,1871267
5391523057943,false,סימילאק גולד שלב 3 תרכובת מזון על בסיס חלב,אבוט מעבדות רפואיות,IE,סימילאק גולד שלב 3 7,גרמים,700.00,100 גרם,false,,69.90,0.0999,true,1,1871268
5391523058063,false,סימילאק אדבנס פלוס 1 תרכובת מזון על בסיס חלב,טרופיקל דגיל תעשיות,IE,סימילאק אדוואנס שלב,גרמים,700.00,100 גרם,false,,64.90,0.0927,true,1,1911433
5391523058070,false,סימילאק אדבנס פלוס 3 תרכובת מזון על בסיס חלב,טרופיקל דגיל תעשיות,IE,סימילאק אדוואנס שלב,גרמים,700.00,100 גרם,false,,64.90,0.0927,true,1,1911434
5391523058087,false,סימילאק אדבנס פלוס 2 תרכובת מזון על בסיס חלב,טרופיקל דגיל תעשיות,IE,סימילאק אדוואנס שלב,גרמים,700.00,100 גרם,false,,64.90,0.0927,true,1,1911435
5410076379378,false,אבקת כביסה טייד קולור,טייד Tide,,"טייד קולור 5 ק""ג",קילוגרמים,5.00,"ק""ג",false,,49.90,9.9800,true,1,1346500
5410091678005,false,"סאיוס - ספריי לשיער ליצירת נפח 400 מ""ל",הנקל סוד,DE,סאיוס ספריי לשיער ליצירת,מיליליטרים,400.00,"100 מ""ל",false,,24.90,0.0622,true,1,1362049
5410091708955,false,"סאיוס - ספריי לשיער קרטין 400 מ""ל",שוורצקופף והנקל,DE,סאיוס ספריי לשיער קרטין 4,מיליליטרים,400.00,"100 מ""ל",false,,24.90,0.0622,true,1,1362054
5410126006087,false,"לוטוס ביסקוויט קרמל 700 ג' בד""צ",לוטוס ביקרי נ.וי.,BE,ביסקפה לוטוס 700 גרם,גרמים,700.00,100 גרם,false,,24.90,0.0356,true,1,1345881
5410126006360,false,לוטוס עוגיות סנדוויץ' במילוי לוטוס 150 גר',לוטוס ביקרי בלגיה נ.,BE,לוטוס עוגיות סנדוויץ,גרמים,150.00,100 גרם,false,,8.90,0.0593,true,1,2319510
5410126106183,false,ביסקויט לוטוס קרמל 312 גר 50 יח ארוז,כלורוקס אוקלנד,BE,ביסקפה לוטוס 312 גרם,גרמים,312.00,100 גרם,false,,17.90,0.0574,true,1,1345884
5410126116953,false,ממרח עוגיות לוטוס קרמל 400 גר,לוטוס בייקרי בלגיה נ,BE,ממרח קרמל לוטוס 400,גרמים,400.00,100 גרם,false,,18.90,0.0472,true,1,1345885
5410126666038,false,לוטוס עוגיות קרמל 279 גרם,לוטוס ביקרי נ.וי,BE,ביסקפה לוטוס 276 גרם,גרמים,276.00,100 גרם,false,,12.90,0.0467,true,1,1993304
5410126716016,false,"ביסקוויט בטעם קרמל לוטוס בד""צ 250 ג'",לוטוס ביקרי בלגיה,BE,ביסקפה לוטוס 250 גרם,גרמים,250.00,100 גרם,false,,9.90,0.0396,true,1,1345886
5410126726947,false,ממרח עוגיות לוטוס קראנץ' 380 גרם,לוטוס בייקרי בלגיה נ,BE,ממרח עוגיות לוטוס 38,גרמים,380.00,100 גרם,false,,18.90,0.0497,true,1,1449555
5410173210055,false,רומבוסט קפה טחון וקלוי לפילטר 70 גרם,קופי רומבוטס,BE,קפה רומבוטס קפילטר 1,גרמים,70.00,100 גרם,false,,19.90,0.2843,true,1,1365467
5410228217732,false,פחית בירה סטלה ארטואה,מנדלז סי.אר. פרודקשן,BE,בירה סטלה ארטואה-פחי,מיליליטרים,440.00,"100 מ""ל",false,,12.90,0.0293,true,1,2272024
5410228267515,false,"שישיית בירה לאגר באדוויזר 6*330 מ""ל",באדווייזר Budweiser,GB,בירה באדוויזר שישייה,ליטרים,1.98,ליטר,false,,29.90,15.1010,true,1,2215827
5410291021991,false,צ`וקטה ממרח אגוזי לוז עם קקאו 700 גר`,צ'וקטה Chocketa,BE,ממרח אגוזי לוז 700 ג,גרמים,700.00,100 גרם,false,,18.90,0.0270,true,1,1491904
5410291022011,false,ממרח אגוזי לוז עם קקאוי 350 ג' צ'וקטה,צ'וקטה Chocketa,BE,ממרח אגוזי לוז צוקטה,גרמים,350.00,100 גרם,false,,11.90,0.0340,true,1,1491898
5410291022738,false,צ'וקטה ממרח חלב ואגוזי לוז עם קקאוי 350ג',צ'וקטה Chocketa,BE,ממרח אגוזי לוז צוקטה,גרמים,350.00,100 גרם,false,,11.90,0.0340,true,1,1658589
5410291022752,false,ממרח אגוזי לוז עם קקאו 350 גרם ווסטהיים,צ'וקטה Chocketa,BE,ממרח אגוזי לוז צוקטה,גרמים,350.00,100 גרם,false,,11.90,0.0340,true,1,1538863
5410291022776,false,ממרח אגוזים וקקאו 700 ג' צ'וקטה,צ'וקטה Chocketa,BE,ממרח אגוזי לוז 700 ג,גרמים,700.00,100 גרם,false,,18.90,0.0270,true,1,1538864
5410316983693,false,"סמירנוף אייס בודד 275 מ""ל",סמירנוף אייס Smirnoff ice,IT,סמירנוף אייס בודד,מיליליטרים,275.00,"100 מ""ל",false,,10.90,0.0396,true,1,1373981
5410769800097,false,"בירה לה צרי שוף 8% 330 מ""ל בקבוק",פארייפאבה אגרואינדוס,BE,"בירה לה שוף 330 מ""ל",ליטרים,330.00,100 ליטר,false,,14.90,0.0452,true,1,1731363
5411188080268,false,אלפרו סויה אורגני אלפרו 1 ליטר,הנסיך- מפעל לייצור ט,BE,אלפרו סויה אורגני 1 ל,ליטרים,1.00,ליטר,false,,14.90,14.9000,true,1,1377674
5411188081852,false,אלפרו משקה סויה בטעם וניל 1 ל',הנסיך- מפעל לייצור ט,BE,אלפרו סויה וניל 1 ליטר *,ליטרים,1.00,ליטר,false,,14.90,14.9000,true,1,1377675
5411188094159,false,אלפרו מעדן סויה בטעם שוקו בלגי 125 גר*4,הנסיך- מפעל לייצור ט,BE,אלפרו מעדן סויה בטעם שוקו,גרמים,500.00,100 גרם,false,,16.90,0.0338,true,1,1377677
5411188094173,false,רביעיה מעדן סויה טעם קרמל 125 ג' אלפרו,אלפרו,BE,מארז 4 מעדן סויה אלפ,גרמים,500.00,100 גרם,false,,16.90,0.0338,true,1,1632457
5411188110835,false,אלפרו חלב סויה שקדים וניל 1ל',הנסיך- מפעל לייצור ט,BE,אלפרו משקה שקדים 1 ליטר,ליטרים,1.00,ליטר,false,,15.90,15.9000,true,1,1377683
5411188112709,false,"משקה קוקוס אלפרו 1 ליטר משקה שקדים לל""ס",הנסיך- מפעל לייצור ט,BE,אלפרו משקה שקדים ללא סוכר,ליטרים,1.00,ליטר,false,,15.90,15.9000,true,1,1377687
5411188115366,false,משקה קוקוס אלפרו 1 ליטר משקה שיבולת שועל 1 ליטר,הנסיך- מפעל לייצור ט,BE,אלפרו משקה שיבולת שועל 1,ליטרים,1.00,ליטר,false,,15.90,15.9000,true,1,1377689
5411188115472,false,אלפרו משקה סויה 1 ליטר,הנסיך- מפעל לייצור ט,BE,אלפרו משקה סויה,ליטרים,1.00,ליטר,false,,13.90,13.9000,true,1,2257240
5411188118732,false,אלפרו חלב משקה קוקוס שקדים 1 ל',הנסיך- מפעל לייצור ט,BE,משקה קוקוס שקדים אלפ,ליטרים,1.00,ליטר,false,,15.90,15.9000,true,1,1449201
5411188120742,false,משקה קוקוס אלפרו 1 ליטר שקדים וניל 1 ל',הנסיך- מפעל לייצור ט,BE,משקה שקדים בטעם וניל,ליטרים,1.00,ליטר,false,,15.90,15.9000,true,1,1449202
5411188121923,false,"אלפרו משקה סויה סידן מארז 250X3מ""ל",הנסיך- מפעל לייצור ט,BE,אלפרו חלב סויה סידן,מיליליטרים,750.00,"100 מ""ל",false,,13.90,0.0185,true,1,1814502
5411188121978,false,"משקה סויה בטעם שוקולד 3 * 250 מ""ל אלפרו",אלפרו C.V.A,BE,אלפרו חלב סויה סידן,מיליליטרים,750.00,"100 מ""ל",false,,13.90,0.0185,true,1,1777263
5411188124689,false,משקה שיבולת שועל ללא סוכר 1ל' אלפרו,אלפרו Alpro,BE,אלפרו שיבולת שועל לל,ליטרים,1.00,ליטר,false,,13.90,13.9000,true,1,2264989
5411188124726,false,אלפרו משקה שיבולת שועל שקדים 1 ליטר,הדקלאים אגודת שיתופי,BE,משקה שיבולת שועל שקד,ליטרים,1.00,ליטר,false,,15.90,15.9000,true,1,1777202
5411188127697,false,אלפרו משקה בריסטה שיבולת שועל 1 ליטר,הנסיך- מפעל לייצור ט,BE,אלפרו בריסטה שיבולת,ליטרים,1.00,ליטר,false,,14.90,14.9000,true,1,2257242
5411188133476,false,אלפרו משקה סויה שוקו+חלבון 250 גרם בית יוסף,אלפרו C.V.A,BE,משקה אלפרו סויה שוק,מיליליטרים,250.00,"100 מ""ל",false,,6.90,0.0276,true,1,2320536
5411188133490,false,אלפרו משקה סויה קפה קרמל+חלבון 250 גרם בית יוסף,אלפרו,BE,משקה אלפרו סויה קפה,מיליליטרים,250.00,"100 מ""ל",false,,6.90,0.0276,true,1,2320537
5411188134985,false,אלפרו 3.5% NOT M*LK שיבולת שועל 1 ליטר בית יוסף,הנסיך- מפעל לייצור ט,BE,משקה אלפרו 3.5% שיב,ליטרים,1.00,ליטר,false,,13.90,13.9000,true,1,2309898
5411188135005,false,אלפרו 1.8% NOT M*LK שיבולת שועל 1 ליטר בית יוסף,הנסיך- מפעל לייצור ט,BE,משקה אלפרו 1.8% שיב,ליטרים,1.00,ליטר,false,,13.90,13.9000,true,1,2309899
5411188543398,false,אלפרו משקה סויה ללא סוכר 1 ליטר,הנסיך- מפעל לייצור ט,BE,אלפרו משקה סויה ללא,ליטרים,1.00,ליטר,false,,13.90,13.9000,true,1,2257244
5413149655522,false,"אבקת כביסה שושן צחור 1.25 ק""ג אריאל",פרוקטר אנד גמבל,TR,"אריאל 1.25 ק""ג שושן",קילוגרמים,1.25,"ק""ג",false,,19.90,15.9200,true,1,1346568
5413149930025,false,אבקת כביסה טייד אלפיין פרש,טייד Tide,,"טייד אלפיין 5 ק""ג",קילוגרמים,5.00,"ק""ג",false,,49.90,9.9800,true,1,1346581
5413548040479,false,בונבוניירה רפאלו 240 גרם,קדבורי,PL,שוקולד רפאלו 240 גרם,גרמים,240.00,100 גרם,false,,22.90,0.0954,true,1,1365472
5413548280189,false,קינדר שוקובון 16 יחידות,פררו,BE,קינדר שוקובון.,גרמים,125.00,100 גרם,false,,10.90,0.0872,true,1,1365473
5601008200444,false,גודיס Goodies עוגיות טבעת מצופות שוקולד חלב,הנסיך- מפעל לייצור ט,PT,מרבה גודיס שוקולד חלב,גרמים,150.00,100 גרם,false,,5.90,0.0393,true,1,1377699
5601008200451,false,עוגיות גודיס מרבה טבעת מצופה שוקו' מריר 150ג',מרבה Merba,PT,מרבה גודיס שוקולד מריר,גרמים,150.00,100 גרם,false,,5.90,0.0393,true,1,1377700
5601008200468,false,עוגיות מרבה גודיס טבעת מצופה שוקו' לבן 150ג',קריניציה ויטמינה אס,PT,מרבה גודיס שוקולד לבן,גרמים,150.00,100 גרם,false,,5.90,0.0393,true,1,1377701
5601010111035,false,סרדין בשמן זית 125 גר רמירז,רמירז אנד קה פילהאוס,PT,סרדינים בשמן,גרמים,125.00,100 גרם,false,,9.90,0.0792,true,1,2220923
5601217129420,false,וולייט דפים למניעת העברת צבע 20 יחידות,רקיט בנקיזר,IT,וולייט דפים שומרי צב,יח',20.00,יח',false,,19.90,0.9950,true,1,1777347
5604912415041,false,סרדינים בשמן חמניה פורטוס 125 גרם,קונסרבס פורטוגל נורט,PT,סרדינים בשמן חמניה פ,גרמים,125.00,100 גרם,false,,6.90,0.0552,true,1,2098158
5604912415058,false,סרדינים בשמן חמניה חריף פורטוס 125 גרם,פורטוס Porthos,PT,סרדינים בשמן חמניה ח,גרמים,125.00,100 גרם,false,,6.90,0.0552,true,1,2098159
5604912425057,false,מקרלים בשמן חמניה חריף פורטוס 125 גרם,קונסרבס פורטוגל נורט,PT,מקרלים בשמן חמניה חר,גרמים,125.00,100 גרם,false,,6.90,0.0552,true,1,2098161
5701932026964,false,פופקורן להכנה במיקרוגל בטעם טבעי 6 שקיות,ליימן מותגים,US,הוט פופ מלוח 600 גרם,גרמים,600.00,100 גרם,false,,16.90,0.0282,true,1,1365474
5701932026971,false,פופקורן להכנה במיקרוגל בטעם חמאה 6 שקיות,ליימן מותגים,US,הוטפופ חמאה 600 גרם,גרמים,600.00,100 גרם,false,,16.90,0.0282,true,1,1365475
5701932026995,false,פופקורן להכנה במיקרוגל בטעם טבעי מופחת שומן 6 שקיות,קריניציה ויטמינה אס,US,פופקורן הוט פופ טבעי לייט,גרמים,510.00,100 גרם,false,,16.90,0.0331,true,1,1365476
5706516031358,false,פופקורן להכנה במיקרוגל בטעם טבעי מופחת שומן 5 שקיות,ליימן מותגים,US,הוטפופ 100 קלוריות 160 גר,גרמים,160.00,100 גרם,false,,16.90,0.1056,true,1,1365477
5711953106583,false,גבינת שמנת בטעם טבעי 200 גרם ארלה,ארלה פודס אמבה,DK,גבינת שמנת ארלה 24.5,גרמים,200.00,100 גרם,false,,14.90,0.0745,true,1,2214423
5711953106606,false,גבינת שמנת עם תבלינים ועשבי תיבול 23.5%,ארלה פודס אמבה,DK,גבינת שמנת ארלה 23.5,גרמים,200.00,100 גרם,false,,14.90,0.0745,true,1,2214425
5740900108264,false,"ממרח חמאה דנית 5 ק""ג",ארלה,DK,"ממרח חמאה דנית 5 ק""ג",קילוגרמים,1.00,"ק""ג",true,,39.00,39.0000,true,1,2253247
5740900403215,false,ממרח מחמאת לורפק עם מלח 250 ג',לורפאק Lurpak,DK,ממרח לורפאק עם מלח 2,גרמים,250.00,100 גרם,false,,15.90,0.0636,true,1,2099782
5740900403239,false,ממרח מחמאת לורפק ללא מלח 250 ג',לורפאק Lurpak,DK,ממרח לורפאק בלי מלח,גרמים,250.00,100 גרם,false,,15.90,0.0636,true,1,2099784
5740900403246,false,ממרח מחמאת לורפק ללא מלח 500 ג',לורפאק Lurpak,DK,ממרח לורפאק בלי מלח,גרמים,500.00,100 גרם,false,,24.90,0.0498,true,1,2099785
5740900403253,false,ממרח מחמאת לורפק עם מלח 500 ג',לורפאק Lurpak,DK,ממרח לורפאק עם מלח 5,גרמים,500.00,100 גרם,false,,24.90,0.0498,true,1,2099786
5740900403864,false,חמאה +מלח 200 גרם לורפק כשרות או קיי,ארלה פודס אמבה,DK,חמאת לורפאק 200 גרם,גרמים,200.00,100 גרם,false,,10.90,0.0545,true,1,2308982
5900020012814,false,דגנים נסקוויק מלחמת הכוכבים 500 גרם,מיוצר עי קונדיטוריית,PL,נסקוויק דגני בוקר תפוחים,גרמים,500.00,100 גרם,false,,24.90,0.0498,true,1,1344683
5900020015174,false,חטיף דגנים פיטנס Fitness עם שוקולד מריר,מיוצר עי קונדיטוריית,PL,פיטנס חטיף דגנים עם שוקול,גרמים,141.00,100 גרם,false,,15.90,0.1128,true,1,1344684
5900020018908,false,חטיף פיטנס דגנים עם עוגיות ופצפוצי שוקולד לבן,מיוצר עי קונדיטוריית,PL,פיטנס חטיף דגנים עם עוגיו,גרמים,141.00,100 גרם,false,,15.90,0.1128,true,1,1344690
5900020020710,false,נסטלה - קראנץ' שוקו וניל חטיף דגנים 25 גרם * 6,נסטלה פולין ברים,PL,קראנץ' חטיף דגנים שוקו-ונ,גרמים,150.00,100 גרם,false,,15.90,0.1060,true,1,1344691
5900020024770,false,פיטנס - דליס חטיף דגנים שוקולד אגוז 22.50 גרם * 6,נסטלה פולין ברים,PL,פיטנס חטיף דגנים 141 גרם,גרמים,135.00,100 גרם,false,,15.90,0.1178,true,1,1425057
5900020024817,false,פיטנס דליס Fitness Delice חטיף דגנים עם שוקולד לבן,סי.פי.פולין,PL,פיטנס חטיף דגנים 141 גרם,גרמים,135.00,100 גרם,false,,15.90,0.1178,true,1,1425058
5900020025647,false,פיטנס דליס Fitness Delice חטיף דגנים עם שוקולד חלב,מיוצר עי קונדיטוריית,PL,פיטנס חטיף דגנים 141 גרם,גרמים,135.00,100 גרם,false,,15.90,0.1178,true,1,1425060
5900020026552,false,דגני בוקר האני נאט צ'יריוס בטעם דבש ושקדים,נסטלה צרפת איטנקורט,FR,דגני בוקר האני צ'ריו,גרמים,625.00,100 גרם,false,,24.90,0.0398,true,1,1471403
5900020029669,false,פיטנס - חטיף דגנים פירות יער 23.50 גרם * 6,נסטלה פולין ברים,PL,חטיף פיטנס פירות יער,גרמים,141.00,100 גרם,false,,15.90,0.1128,true,1,1706716
5900020031877,false,נסטלה האני ציריוס חטיף דגני בוקר שישייה,נסטלה פולין דגני בוק,PL,חטיף דגנים צ'יריוס,גרמים,132.00,100 גרם,false,,15.90,0.1205,true,1,1910413
5900020032454,false,מארז חטיף פיטנס עוגיות 8 X 23.5 גרם,נסטלה פולין ברים,PL,מארז חטיף פיטנס עוגי,גרמים,184.00,100 גרם,false,,15.90,0.0864,true,1,2306724
5900020033314,false,חטיף דגני בוקר Lion בטעם קרמל ושוקולד על קרם חלב,נסטלה פולין דגני בוק,PL,חטיף ליון דגנים 25*6,גרמים,150.00,100 גרם,false,,15.90,0.1060,true,1,2020736
5900020034021,false,פיטנס בר דליס שוקולד בננה 8*23.5 גרם,מיוצר עי קונדיטוריית,IL,חטיף פיטנס דגנים שוק,גרמים,141.00,100 גרם,false,,15.90,0.1128,true,1,2131880
5900020036407,false,דגני בוקר ליון Lion בטעם שוקולד וקרמל,ג.נרל מילס,US,דגני בוקר ליון וקרמל,גרמים,480.00,100 גרם,false,,24.90,0.0519,true,1,2231143
5900020037916,false,דגני בוקר שיבולת שועל צ'ריוס 375ג',ג'נרל מילס סאן אדריא,FR,דגני בוקר צ'ריוס שיב,גרמים,375.00,100 גרם,false,,14.90,0.0397,true,1,2271434
5900020039132,false,דגני בוקר צ'יריוס משיבולת שועל בטעם תפוח עץ קינמון,סי. פי. פולין,IL,דגני בוקר ציריוס שוע,גרמים,320.00,100 גרם,false,,14.90,0.0466,true,1,2298045
5900020039590,false,פיטנס חטיף דגנים קלאסי פרווה 8 6*23.5 ג,נסטלה פולין ברים,PL,חטיף פיטנס דגנים קלא,גרמים,141.00,100 גרם,false,,15.90,0.1128,true,1,2306025
5900020039620,false,פיטנס חטיף דגנים שקדים ודבש פרווה 8 6*23 ג,נסטלה פולין ברים,PL,חטיף פיטנס דגנים שקד,גרמים,141.00,100 גרם,false,,15.90,0.1128,true,1,2306026
5900020041142,false,קורנפלקס פיטנס 500 ג' אסם,סי.פי.פולין,PL,קורנפלקס פיטנס 500 ג,גרמים,500.00,100 גרם,false,,12.90,0.0258,true,1,2375903
5900020041371,false,מארז חטיף פיטנס שוקולד מריר 23.5X6 גרם,נסטלה פולין ברים,PL,מארז חטיף פיטנס שוקו,גרמים,184.00,100 גרם,false,,15.90,0.0864,true,1,2363639
5900238587234,false,שוקולד מריר 62% ברון 100 גרם,,,שוקולד מריר 62% ברון,גרמים,100.00,100 גרם,false,,5.90,0.0590,true,1,1387220
5900352002576,false,שוקולד חלב ממולא ג'לי אוכמניות Mella,,,בונבונירה אוכמניות 1,גרמים,190.00,100 גרם,false,,8.90,0.0468,true,1,1364433
5900352002866,false,חטיף שוקולד אליבי מק,אליבי מקס Alibi Max,,חטיף שוקולד אליבי מק,גרמים,49.00,100 גרם,false,,2.90,0.0592,true,1,1364434
5900352008509,false,עוגיות יזיקי אדווקט,,,עוגיות יזיקי אדווקט,גרמים,140.00,100 גרם,false,,5.90,0.0421,true,1,2351186
5900352011356,false,חטיפי שוקולד עוגיות,,,חטיפי שוקולד עוגיות,גרמים,140.00,100 גרם,false,,5.90,0.0421,true,1,2351172
5900352012605,false,חטיף קוקוס אליבי 49,אליבי מקס Alibi Max,,חטיף קוקוס אליבי 49,גרמים,49.00,100 גרם,false,,2.90,0.0592,true,1,1364439
5900352015125,false,עוגיות יזיקי קרמל מל,,,עוגיות יזיקי קרמל מל,גרמים,140.00,100 גרם,false,,5.90,0.0421,true,1,2372838
5900617015716,false,חטיף קרנצ' אגוזים שק,,,חטיף קרנצ' אגוזים שק,גרמים,40.00,100 גרם,false,,3.90,0.0975,true,1,2353004
5900617015938,false,חטיף קרנצ' בננה,,,חטיף קרנצ' בננה,גרמים,40.00,100 גרם,false,,3.90,0.0975,true,1,2353006
5900617035882,false,חטיף חלבון נוטרישיין בטעם שוקולד,גרנייה,PL,חטיף חלבון פרוטאין 3,גרמים,50.00,100 גרם,false,,9.90,0.1980,true,1,2326179
5900617035905,false,חטיף חלבון נוטרישיין בטעם קרמל מלוח,גרנייה,PL,חטיף חלבון פרוטאין 3,גרמים,50.00,100 גרם,false,,9.90,0.1980,true,1,2326180
5900617035929,false,חטיף חלבון נוטרישיין בטעם וניל תות יער,גרנייה,PL,חטיף חלבון פרוטאין 3,גרמים,50.00,100 גרם,false,,9.90,0.1980,true,1,2326181
5900627063233,false,פיניש ALL IN ONE MAX טבליות 50 יחידות,רקיט בנקיזר,IL,פיניש 50 טבליות AIO,יח',50.00,יח',false,,39.90,0.7980,true,1,1513665
5900627066715,false,טבליות למדיח פיניש הכל ב-1 100 יח,רקיט בנקיזר,PL,פיניש 100 טבליות למד,יח',100.00,יח',false,,59.90,0.5990,true,1,1540580
5901414200411,false,ביסקוויט מיניס ממולא שוקולד היט 130 גר,ליימן שליסל,PL,ביסקוויט מיני ממולא,גרמים,130.00,100 גרם,false,,6.90,0.0531,true,1,1365478
5901669485649,false,ברון שוקולד מריר 80% 100 גרם,,PL,שוקולד דק מריר 80%,גרמים,100.00,100 גרם,false,,6.90,0.0690,true,1,1387238
5901669485663,false,ברון שוקולד מריר תפוז 100 גרם,,PL,שוקולד דק מריר תפוז,גרמים,100.00,100 גרם,false,,6.90,0.0690,true,1,1387239
5901669486196,false,שוקולד ברון חלב בוטנ,,,שוקולד ברון חלב בוטנ,גרמים,300.00,100 גרם,false,,11.90,0.0397,true,1,1387243
5901669486257,false,שוקולד ברון מריר בוט,,,שוקולד ברון מריר בוט,גרמים,300.00,100 גרם,false,,11.90,0.0397,true,1,1387246
5901677007611,false,שוקולד ברון חלב 300,,,שוקולד ברון חלב 300,גרמים,300.00,100 גרם,false,,11.90,0.0397,true,1,1387263
5901677009011,false,שוקולד מריר 70% ברון 100 גרם,,,שוקולד ברון מריר 70%,גרמים,100.00,100 גרם,false,,5.90,0.0590,true,1,1387270
5902198160403,false,"משקה אנרגיה XL TEN פחית לל""ס 250מ""ל","טמפו משקאות בע""מ",IL,משקה XL בפחית,מיליליטרים,250.00,"100 מ""ל",false,,4.30,0.0172,true,1,1602748
5902581683793,false,שוקולד חלב ממולא קרמ,,,שוקולד חלב ממולא קרמ,גרמים,100.00,100 גרם,false,,4.90,0.0490,true,1,2355717
5902581683816,false,שוקולד חלב ממולא תות,,,שוקולד חלב ממולא תות,גרמים,100.00,100 גרם,false,,4.90,0.0490,true,1,2355718
5902581689344,false,ברון שוקולד מריר 70% עם קפה 100 גרם,,PL,שוקולד דק מריר קפה 7,יחידה,0.00,יחידה,false,,6.90,0.0000,true,1,2377794
5906485301012,false,"משקה אנרגיה XL פחית 250 מ""ל","טמפו משקאות בע""מ",IL,"משקה XL בפחית 250 מ""",מיליליטרים,250.00,"100 מ""ל",false,,4.30,0.0172,true,1,1402992
5949152110821,false,"איירוויק מבשם אוויר ומנטרל ריחות – לילות לבנים 237 מ""ל",רקיט בנקיזר,PL,מבשם אויר ספריי אירו,מיליליטרים,236.00,"100 מ""ל",false,,19.90,0.0843,true,1,2362947
5949152110838,false,"איירוויק מבשם אוויר ומנטרל ריחות - גשמים סגולים 237 מ""ל",רקיט בנקיזר,PL,מבשם אויר ספריי אירו,מיליליטרים,236.00,"100 מ""ל",false,,19.90,0.0843,true,1,2362948
5997321701806,false,אבקה למניעת אבנית במכונת כביסה 2 ב-1,רקיט בנקיזר פולין,PL,אבקה למניעת אבנית 1ק,קילוגרמים,1.00,"ק""ג",false,,29.90,29.9000,true,1,1662478
6001067017523,false,קולגייט מברשת שיניים ילדים ספידרמן-ברבי 5+,יבואן ומשווק: ש. שסט,CN,קולגייט מברשת ילדים ספידר,יח',1.00,יח',false,,18.90,18.9000,true,1,1377702
6001067017530,false,קולגייט מברשת שיניים לילדים ספיידרמן,יבואן ומשווק: ש. שסט,CN,קולגייט מברשת ילדים ספידר,יחידה,0.00,יחידה,false,,18.90,0.0000,true,1,1377703
6009188004828,false,קיט קט צ'אנקי לבן 40ג,נסטלה,DE,חטיף קיט קט צ'אנקי ל,גרמים,40.00,100 גרם,false,,3.90,0.0975,true,1,2363653
6111094000198,false,קוסקוס דארי דק 350 גרם,קרמה מן,MA,קוסקוס דארי 350 גרם,גרמים,350.00,100 גרם,false,,5.90,0.0169,true,1,1824823
6111094000242,false,תומר קוסקוס דארי דק 500גר,דרי קוספט,MA,קוסקוס דארי דק 500 ג,גרמים,500.00,100 גרם,false,,7.90,0.0158,true,1,1378502
6111094000259,false,קוסקוס דארי בינוני 500ג'18X,דארי Dari,MA,קוסקוס דארי בינוני 0,גרמים,500.00,100 גרם,false,,7.90,0.0158,true,1,1378503
6111094001164,false,דארי אטריות מרוקאיות 500 גרם,דארי,MA,איטריות דקות דארי,גרמים,500.00,100 גרם,false,,7.90,0.0158,true,1,2351723
6253017300012,false,טחינה קראוון המקורית,אחדות ביחר לטחינה ח,IL,טחינה גולמית קראוון,גרמים,450.00,100 גרם,false,,14.90,0.0331,true,1,1386781
6253017300029,false,טחינה גולמית קרוואן,קרואן Karawan,,טחינה גולמית קרוואן,גרמים,950.00,100 גרם,false,,22.90,0.0241,true,1,1386782
6920354822223,false,משחת שיניים נטורל גינגר קוקוס קולגייט 90 ג',קולגייט פלמוליב,PL,משחת שניים קולגייט נ,מיליליטרים,68.00,"100 מ""ל",false,,14.90,0.2191,true,1,2305491
6922163616659,false,תה ירוק שקיקים 40 גר,טעמי אסיה Taste of Asia,TH,תה ירוק שקיקים 40 גרם-כשר,גרמים,40.00,100 גרם,false,,7.90,0.1975,true,1,1382192
6922163616666,false,תה ירוק עם יסמין 20 שקיקים,טעמי אסיה Taste of Asia,CN,תה ירוק עם יסמין -שקיקים,גרמים,40.00,100 גרם,false,,7.90,0.1975,true,1,1382193
6935673035629,false,כפפות אלוורה להקלה על עור יבש - בינוני M,מ.א ייצור ושיווק מטל,CN,כפפות אלוורה 1/120 M,יחידה,0.00,יחידה,false,,5.90,0.0000,true,1,1365695
6935673035636,false,כפפות אלוורה להקלה על עור יבש - גדול L,מ.א ייצור ושיווק מטל,CN,כפפות אלוורה 1/120 L,יח',2.00,יח',false,,5.90,2.9500,true,1,1365696
6935673035643,false,כפפות אלוורה להקלה על עור יבש - גדול מאוד XL,מ.א ייצור ושיווק מטל,CN,כפפות אלוורה 1/120 XL,יחידה,0.00,יחידה,false,,5.90,0.0000,true,1,1365697
6937266700785,false,שיק אינטואישן סנסיטיב נשים סכיני גילוח*3,שסטוביץ,CN,מכשיר גילוח שיק אינט,יחידה,0.00,יחידה,false,,29.90,0.0000,true,1,2130304
6944027000428,false,תה סיני 250 גר,,,תה סיני,גרמים,250.00,100 גרם,false,,9.90,0.0396,true,1,1390466
6971071749478,false,אוזניות סיליקון,,,אוזניות סיליקון,יחידה,0.00,יחידה,false,,9.90,0.0000,true,1,2264544
7038513866311,false,גורדן מברשת ילדים T51 סופט סטפ בי סטפ,ג'ורדן Jordan,MY,ג'ורדן מברשת לילדים 3-5,יח',1.00,יח',false,,12.90,12.9000,true,1,1392008
7038516140357,false,ג'ורדן מברשת טוטאל קלין סופט רביעייה,מיוצר במלזיה עבור ג',NO,ג'ורדן מברשת טוטאל קלין ס,יח',4.00,יח',false,,14.90,3.7250,true,1,1392014
7038516140418,false,מברשת שיניים גורדן טוטל קלין מדיום 4 י,ג'ורדן Jordan,MY,ג'ורדן מברשת טוטאל קלין מ,יח',4.00,יח',false,,14.90,3.7250,true,1,1392015
7290000000996,false,סברס מקולף,,,שתיה קרה,יחידה,0.00,יחידה,false,,8.00,0.0000,true,1,2201493
7290000001134,false,רביעייה סופגניות,,,רביעייה סופגניות,יח',4.00,יח',false,,10.00,2.5000,true,1,2264822
7290000001135,false,שמינייה סופגניות מינ,,,שמינייה סופגניות מינ,יחידה,0.00,יחידה,false,,14.90,0.0000,true,1,2264823
7290000001603,false,מארז מסיכות 50 יח',,,מארז מסיכות 50 יח',יח',50.00,יח',false,,9.90,0.1980,true,1,2236063
7290000003001,false,חלה ויזניץ לשבת,,,חלה ויזניץ לשבת,יחידה,0.00,יחידה,false,,17.90,0.0000,true,1,2363654
7290000004015,false,פריט תרומה מארז גרבי,,,פריט תרומה מארז גרבי,יחידה,0.00,יחידה,false,,10.00,0.0000,true,1,2378823
7290000007562,false,"תפו""ע גויה",,,"תפו""ע גויה",קילוגרמים,1.00,"ק""ג",true,,9.90,9.9000,true,1,1607832
7290000009999,false,מטרפה יוקרתית מתנה,,,מטרפה יוקרתית מתנה,יחידה,0.00,יחידה,false,,0.01,0.0000,true,1,2351720
7290000010311,false,זרעי כוסברה,,,זרעי כוסברה,קילוגרמים,1.00,"ק""ג",true,,19.00,19.0000,true,1,1530276
7290000010359,false,גבינה טבורוג.,,,גבינה טבורוג.,קילוגרמים,1.00,"ק""ג",true,,39.00,39.0000,true,1,1385911
7290000010809,false,צ'יאה,,,צ'יאה,קילוגרמים,1.00,"ק""ג",true,,30.00,30.0000,true,1,1402425
7290000010861,false,פרכיות אורז בטעם צ'י,,,פרכיות אורז בטעם צ'י,קילוגרמים,1.00,"ק""ג",true,,59.00,59.0000,true,1,1402250
7290000010885,false,בוטן הולנדי,,,בוטן הולנדי,קילוגרמים,1.00,"ק""ג",true,,59.00,59.0000,true,1,1402252
7290000010953,false,גבינה צהובה 28% נועם,,,גבינה צהובה 28% נועם,קילוגרמים,1.00,"ק""ג",true,,44.75,44.7500,true,1,1367359
7290000010984,false,גבינה צהובה 9% נועם,טרה,IL,חריץ גבינה צהובה נעם 9% ב,קילוגרמים,1.00,"ק""ג",true,,71.00,71.0000,true,1,1367360
7290000010991,false,גבינה צהובה 22% נועם,טרה,IL,חריץ גבינה צהובה נעם 22%,קילוגרמים,1.00,"ק""ג",true,,42.55,42.5500,true,1,1367361
7290000011462,false,עצמות מח טרי,,,עצמות מח טרי,קילוגרמים,1.00,"ק""ג",true,,49.90,49.9000,true,1,1382818
7290000011639,false,אפונה וואסבי חריף,,,אפונה וואסבי חריף,קילוגרמים,1.00,"ק""ג",true,,39.00,39.0000,true,1,1402254
7290000011684,false,חטיף סויה אוסטרלי,,,חטיף סויה אוסטרלי,קילוגרמים,1.00,"ק""ג",true,,79.00,79.0000,true,1,1402258
7290000012131,false,רצועות עוף,,,רצועות עוף,קילוגרמים,1.00,"ק""ג",true,,44.90,44.9000,true,1,1382819
7290000012384,false,"גבינה עמק מרוסקת ק""ג",,,"גבינה עמק מרוסקת ק""ג",קילוגרמים,1.00,"ק""ג",true,,44.75,44.7500,true,1,1378669
7290000016948,false,אסאדו בלי עצם טרי,,,אסאדו בלי עצם טרי,קילוגרמים,1.00,"ק""ג",true,,69.00,69.0000,true,1,1529697
7290000018225,false,"חמניות קלופות 1 ק""ג",,,"חמניות קלופות 1 ק""ג",קילוגרמים,1.00,"ק""ג",true,,29.00,29.0000,true,1,1536284
7290000019659,false,חטיף פרכיות חריף פלפ,,,חטיף פרכיות חריף פלפ,קילוגרמים,1.00,"ק""ג",true,,59.00,59.0000,true,1,1749673
7290000019666,false,פקאן קלוי מלוח,שקדיה,,פקאן קלוי מלוח,קילוגרמים,1.00,"ק""ג",true,,99.00,99.0000,true,1,1754115
7290000019673,false,צימוק גדול שחור,,,צימוק גדול שחור,קילוגרמים,1.00,"ק""ג",true,,39.00,39.0000,true,1,1776737
7290000020235,false,קשיו מסוכר,,,קשיו מסוכר,קילוגרמים,1.00,"ק""ג",true,,79.00,79.0000,true,1,2327612
7290000020327,false,בוטן קליפה קלוי,,,בוטן קליפה קלוי,קילוגרמים,1.00,"ק""ג",true,,30.00,30.0000,true,1,2327615
7290000021294,false,דונאטס רביעייה,,,דונאטס רביעייה,יחידה,0.00,יחידה,false,,19.90,0.0000,true,1,2215103
7290000023007,false,"ברנדי שטוק 84 40% 750 מ""ל","יקבי ברקן בע""ם",IL,"ברנדי שטוק 84 750 מ""",מיליליטרים,750.00,"100 מ""ל",false,,81.90,0.1092,true,1,1362748
7290000023816,false,"יין ברקן קלאסיק אמרלד ריזלינג 750מ""ל",יקבי ברקן שיווק והפצ,IL,יין אמרלד ריזלינג 75,מיליליטרים,750.00,"100 מ""ל",false,,32.90,0.0439,true,1,1362766
7290000023823,false,יין סוביניון בלאן קלסיק 750 מל,יקבי ברקן שיווק והפצ,IL,קלאסיק סובניון בלאן,מיליליטרים,750.00,"100 מ""ל",false,,32.90,0.0439,true,1,1362767
7290000024264,false,"יין ברקן רזרב מרלו 750 מ""ל",כרמי צבי - אחים סגל,IL,יין רזרב מרלו אדום 7,מיליליטרים,750.00,"100 מ""ל",false,,59.90,0.0799,true,1,1362782
7290000024530,false,יין אדום מתוק לקידוש של סגל ^^^,כרמי צבי - אחים סגל,IL,יין אדום מתוק של סגל,מיליליטרים,750.00,"100 מ""ל",false,,18.90,0.0252,true,1,1362788
7290000026565,false,חטיפים מתוקים בתפזור,,,חטיפים מתוקים בתפזור,קילוגרמים,1.00,"ק""ג",true,,40.00,40.0000,true,1,2341184
7290000026589,false,ארטישוק בטעמים,,,ארטישוק בטעמים,קילוגרמים,1.00,"ק""ג",true,,59.00,59.0000,true,1,2352546
7290000026602,false,סלט ביצים,,,סלט ביצים,קילוגרמים,1.00,"ק""ג",true,,59.00,59.0000,true,1,2352548
7290000026619,false,גזר בטעמים,,,גזר בטעמים,קילוגרמים,1.00,"ק""ג",true,,39.00,39.0000,true,1,2352549
7290000026633,false,חומוס בטעמים,,,חומוס בטעמים,קילוגרמים,1.00,"ק""ג",true,,29.00,29.0000,true,1,2352551
7290000026671,false,חציל בטעמים,,,חציל בטעמים,קילוגרמים,1.00,"ק""ג",true,,49.00,49.0000,true,1,2352554
7290000026688,false,חציל בטעם כבד,,,חציל בטעם כבד,קילוגרמים,1.00,"ק""ג",true,,59.00,59.0000,true,1,2352555
7290000026695,false,טבולה,,,טבולה,קילוגרמים,1.00,"ק""ג",true,,49.00,49.0000,true,1,2352556
7290000026701,false,טונה זיתים/ירקות/סלר,,,טונה זיתים/ירקות/סלר,קילוגרמים,1.00,"ק""ג",true,,59.00,59.0000,true,1,2352557
7290000026718,false,סלט טורקי,,,סלט טורקי,קילוגרמים,1.00,"ק""ג",true,,39.00,39.0000,true,1,2352558
7290000026725,false,טחינה בטעמים,,,טחינה בטעמים,קילוגרמים,1.00,"ק""ג",true,,29.00,29.0000,true,1,2352559
7290000026732,false,כרוב בטעמים,,,כרוב בטעמים,קילוגרמים,1.00,"ק""ג",true,,35.00,35.0000,true,1,2352560
7290000026756,false,מטבוחה בטעמים,,,מטבוחה בטעמים,קילוגרמים,1.00,"ק""ג",true,,39.00,39.0000,true,1,2352562
7290000026763,false,מסבחה,,,מסבחה,קילוגרמים,1.00,"ק""ג",true,,34.00,34.0000,true,1,2352563
7290000026787,false,סחוג אדום/ירוק,,,סחוג אדום/ירוק,קילוגרמים,1.00,"ק""ג",true,,49.00,49.0000,true,1,2352564
7290000026794,false,סלט בטטה בצ'ילי וסיל,,,סלט בטטה בצ'ילי וסיל,קילוגרמים,1.00,"ק""ג",true,,59.00,59.0000,true,1,2352565
7290000026817,false,סלט מלפפונים,,,סלט מלפפונים,קילוגרמים,1.00,"ק""ג",true,,39.00,39.0000,true,1,2352566
7290000026824,false,סלסה של עגבניות טריו,,,סלסה של עגבניות טריו,קילוגרמים,1.00,"ק""ג",true,,39.00,39.0000,true,1,2352567
7290000026831,false,סלק שום/רוסי/רצועות/,,,סלק שום/רוסי/רצועות/,קילוגרמים,1.00,"ק""ג",true,,39.00,39.0000,true,1,2352568
7290000026862,false,פטריות ספרדי,,,פטריות ספרדי,קילוגרמים,1.00,"ק""ג",true,,55.00,55.0000,true,1,2352570
7290000026879,false,פטריות שמפיניון,,,פטריות שמפיניון,קילוגרמים,1.00,"ק""ג",true,,65.00,65.0000,true,1,2352571
7290000026886,false,סלט פלפל בטעמים,,,סלט פלפל בטעמים,קילוגרמים,1.00,"ק""ג",true,,49.00,49.0000,true,1,2352572
7290000026923,false,קישוא בטעם כבד,,,קישוא בטעם כבד,קילוגרמים,1.00,"ק""ג",true,,59.00,59.0000,true,1,2352576
7290000026961,false,תפוח אדמה במיונז,,,תפוח אדמה במיונז,קילוגרמים,1.00,"ק""ג",true,,34.00,34.0000,true,1,2352579
7290000027005,false,סלט תירס במיונז,,,סלט תירס במיונז,קילוגרמים,1.00,"ק""ג",true,,39.90,39.9000,true,1,2352699
7290000027012,false,סלט אבוקדו,,,סלט אבוקדו,קילוגרמים,1.00,"ק""ג",true,,69.00,69.0000,true,1,2352706
7290000034034,false,דגן קרקר עם חיטה מלא,אפיפית נצרת,IL,קרקר דגני ללא סוכר וללא מ,גרמים,250.00,100 גרם,false,,7.90,0.0316,true,1,1386887
7290000034256,false,ביסקוויט תירוש חצי מצופה הדר 175ג',אפיפית נצרת תעשיות ב,IL,חצי מצופה תירוש רגיל 24/0,גרמים,175.00,100 גרם,false,,5.90,0.0337,true,1,1386888
7290000040042,false,יוגורט תות %3 גביע 150 ג' יופלה,תנובה חלב,IL,יופלה תות 3%.,גרמים,150.00,100 גרם,false,,4.70,0.0313,true,1,1378670
7290000040066,false,יוגורט דובדבן 3% שומן 150 ג' יופלה,תנובה מרכז שיתופי לש,IL,יופלה דובדבן.,גרמים,150.00,100 גרם,false,,4.70,0.0313,true,1,1378672
7290000040080,false,יוגורט אפרסק 3% שומן 150 ג' יופלה,תנובה חלב,IL,יופלה אפרסק 3%.,גרמים,150.00,100 גרם,false,,4.70,0.0313,true,1,1378673
7290000040301,false,"גבינת קולאז קממבר עין גדי 24%, 125 ג'",תנובה מרכז שיתופי לש,IL,גבינה עין גדי /קממבר,גרמים,125.00,100 גרם,false,,18.90,0.1512,true,1,1378674
7290000040318,false,גבינת ברי 24% קולאז עדי תנובה 125 ג',תנובה מרכז שיתופי לש,IL,גבינת ברי חפיסה 125,גרמים,125.00,100 גרם,false,,18.90,0.1512,true,1,1378675
7290000040462,false,גבינת טוסטי עמק אמריקאי אדם 23% 200 ג',תנובה מרכז שיתופי לש,IL,גבינה טוסטי אדם.,גרמים,200.00,100 גרם,false,,17.90,0.0895,true,1,1378676
7290000040974,false,חלב תנובה קרטון דל לקטוז 2% 1ל,תנובה מרכז שיתופי לש,IL,חלב טרי דל לקטוז 2%,ליטרים,1.00,ליטר,false,,6.90,6.9000,true,1,1378678
7290000041858,false,"שמנת חמוצה 15% יטבתה 200 מ""ל מהדרין",שטראוס גרופ,IL,שמנת חמוצה 15% מועשרת מהד,גרמים,200.00,100 גרם,false,,2.50,0.0125,true,1,1380617
7290000041865,false,"לבן 4.5% יטבתה מהדרין 200מ""ל",שטראוס גרופ,IL,לבן 4.5% שומן- מהדרין,גרמים,200.00,100 גרם,false,,2.00,0.0100,true,1,1380618
7290000041872,false,"לבן 3% יטבתה 200מ""ל מהדרין",שטראוס גרופ,IL,לבן 3% שומן- מהדרין,גרמים,200.00,100 גרם,false,,2.00,0.0100,true,1,1380619
7290000042008,false,חלב תנובה טרי 3% שקית 1 ל',"תנובה, מחלבת רחובות",IL,חלב בשקית 3% שומן 1,ליטרים,1.00,ליטר,false,,5.40,5.4000,true,1,1378681
7290000042015,false,חלב טרי 3% תנובה שקית 1ל' מהדרין,תנובה מרכז שיתופי לש,IL,חלב שקית 3% שומן -מה,ליטרים,1.00,ליטר,false,,5.40,5.4000,true,1,1378682
7290000042404,false,חלב יוטבתה מועשר 3% שקית 1ל',שטראוס גרופ,IL,חלב שקית מהדרין 3% מועשר,ליטרים,1.00,ליטר,false,,5.90,5.9000,true,1,1380620
7290000042435,false,חלב דל שומן בקרטון+פקק 1 ליטר 1%,תנובה מרכז שיתופי לש,IL,חלב 1% שומן בקרטון 1,ליטרים,1.00,ליטר,false,,5.85,5.8500,true,1,1378687
7290000042640,false,"חלב תנובה עמיד 3% קרטון 250 מ""ל",תנובה מרכז שיתופי לש,IL,"חלב עמיד 3% 250 מ""ל.",מיליליטרים,250.00,"100 מ""ל",false,,2.50,0.0100,true,1,1378693
7290000042855,false,יוטבתה שוקו שקית 225מל,שטראוס גרופ,IL,*פריט החזרות* שוקו שקית ב,מיליליטרים,225.00,"100 מ""ל",false,,2.40,0.0107,true,1,1380621
7290000043012,false,"שוקו עמיד 2% בקרטון 250 מ""ל תנובה",תנובה מרכז שיתופי לש,IL,"שוקו עמיד 250 מ""ל.",מיליליטרים,250.00,"100 מ""ל",false,,4.50,0.0180,true,1,1378697
7290000043814,false,"שמנת מתוקה להקצפה 38% 250 מ""ל תנובה",תנובה מרכז שיתופי לש,IL,שמנת עמידה לקצפת 38%,מיליליטרים,250.00,"100 מ""ל",false,,6.40,0.0256,true,1,1378700
7290000043890,false,רוויון קרטון 1 ליטר %1.5,תנובה מרכז שיתופי לש,IL,משקה רויון 1.5% שומן,ליטרים,1.00,ליטר,false,,10.90,10.9000,true,1,1378702
7290000043944,false,כד יוגורט תנובה 4% שומן 1.5 ליטר,מיוצר עי קונדיטוריית,IL,יוגורט 4.5% שומן 1.5,ליטרים,1.50,ליטר,false,,16.90,11.2667,true,1,1378703
7290000044552,false,עוגיות אוזני פיל,,,עוגיות אוזני פיל,קילוגרמים,1.00,"ק""ג",true,,24.90,24.9000,true,1,2293578
7290000044880,false,באדי יוגורט תות 3% שומן 500 ג' תנובה,מיוצר עי קונדיטוריית,IL,מעדן באדי תות 500 גר,גרמים,500.00,100 גרם,false,,8.60,0.0172,true,1,1378708
7290000045573,false,גבינת מותכת משולשים 25% שומן 200 ג' נעמה,תנובה חלב,IL,גבינה נעמה.,גרמים,200.00,100 גרם,false,,13.90,0.0695,true,1,1378709
7290000045917,false,תנובה גבינת פרומעז 23% גלילית 200ג,תנובה חלב,IL,גבינת עזים פרומעז גל,גרמים,200.00,100 גרם,false,,24.90,0.1245,true,1,1378712
7290000046327,false,"גבינת גלבוע פרוס 22%, 200 ג' תנובה",תנובה מרכז שיתופי לש,IL,גבינה גלבוע פרוס 200,גרמים,200.00,100 גרם,false,,12.90,0.0645,true,1,1378719
7290000046563,false,קולאז פרמזן חריץ במש,תנובה מרכז שיתופי לש,IL,"פרמזן בלוק ק""ג",קילוגרמים,1.00,"ק""ג",true,,120.00,120.0000,true,1,1378723
7290000046662,false,סקנדינבית חריץ מעדני,תנובה מרכז שיתופי לש,IL,"גבינה סקנדינבית ק""ג.",קילוגרמים,1.00,"ק""ג",true,,79.00,79.0000,true,1,1378725
7290000047027,false,קולאז קצקבל גלעד במש,תנובה מרכז שיתופי לש,IL,"גבינה גלעד ק""ג בלוק.",קילוגרמים,1.00,"ק""ג",true,,129.00,129.0000,true,1,1378726
7290000047034,false,קולאז רוקפור גליל במ,תנובה מרכז שיתופי לש,IL,"גבינה רוקפור גליל ק""",קילוגרמים,1.00,"ק""ג",true,,119.00,119.0000,true,1,1378727
7290000047485,false,גבינה בולגרית במשקל,תנובה מרכז שיתופי לש,IL,בולגרית 24% שומן פח,קילוגרמים,1.00,"ק""ג",true,,59.00,59.0000,true,1,1378729
7290000047546,false,כנען גבינה לבנה 5% 500 גרם ללא מלח,תנובה מרכז שיתופי לש,IL,גבינה כנען 5% 500 גר,גרמים,500.00,100 גרם,false,,22.90,0.0458,true,1,1378730
7290000048185,false,גבינה לבנה 5% שומן 250 ג' תנובה,מיוצר עי קונדיטוריית,IL,גבינה למריחה 5% מהדר,גרמים,250.00,100 גרם,false,,4.95,0.0198,true,1,1378735
7290000048192,false,גבינה לבנה 9% שומן 250 ג' תנובה,מחלבת אלון תבור,IL,גבינה למריחה 9% 250,גרמים,250.00,100 גרם,false,,4.70,0.0188,true,1,1378736
7290000048413,false,גבינה חמד %16 שקית 250 ג' פיראוס,תנובה מרכז שיתופי לש,IL,גבינה חמד פיראוס שקי,גרמים,250.00,100 גרם,false,,17.90,0.0716,true,1,1378738
7290000048437,false,גבינה צפתית 5% 200 ג' פיראוס,פארייפאבה אגרואינדוס,IL,צפתית 5% פיראוס 200,גרמים,200.00,100 גרם,false,,13.90,0.0695,true,1,1378739
7290000050454,false,יוגורט אפרסק 500 ג' יופלה,מיוצר עי קונדיטוריית,IL,יופלה אפרסק 500 גרם.,גרמים,500.00,100 גרם,false,,12.20,0.0244,true,1,1378749
7290000051307,false,מארז הפסקת אוכל עם דגני עוגי ומשקה חלב עמיד בטעם וניל,תנובה מרכז שיתופי לש,IL,מארז הפסקת אוכל וניל,מיליליטרים,150.00,"100 מ""ל",false,,7.90,0.0527,true,1,1378754
7290000051376,false,יופלה דיאט אננס ספורטיבי 0% 150גר,תנובה מרכז שיתופי לש,IL,יופלה דיאט אננס ספור,גרמים,150.00,100 גרם,false,,4.70,0.0313,true,1,1378756
7290000051710,false,לאבנה 9% עם שמן זית וזעתר 263 ג' פיראוס,"תנובה, מחלבת אלון תב",IL,לאבנה פיראוס עם זעתר,גרמים,263.00,100 גרם,false,,12.90,0.0490,true,1,1378757
7290000052311,false,עמק פרוס בקופסא 200 גר 15% שומן,תנובה מרכז שיתופי לש,IL,עמק פרוס 15% שומן בק,גרמים,200.00,100 גרם,false,,15.90,0.0795,true,1,1378764
7290000052649,false,גבינת לאבנה 5% שומן 500 ג' פיראוס,תנובה מרכז שיתופי לש,IL,לבנה 5% אסלית על בסי,גרמים,500.00,100 גרם,false,,19.90,0.0398,true,1,1378765
7290000052717,false,קוטג' 5%עם שום שמיר 250 ג' תנובה,מיוצר עי קונדיטוריית,IL,קוטג' 5% עם שום שמיר,גרמים,250.00,100 גרם,false,,5.90,0.0236,true,1,1378767
7290000055015,false,גבינת פיראוס פטה כבשים 5% 250 ג' פיראוס,תנובה מרכז שיתופי לש,IL,גבינה פטה כבשים 5% פ,גרמים,250.00,100 גרם,false,,25.90,0.1036,true,1,1378780
7290000055329,false,משקה יוגורט יופלה בטעם תות-מלון 250 גר,תנובה מרכז שיתופי לש,IL,משקה יוגורט יופלה תו,גרמים,250.00,100 גרם,false,,4.90,0.0196,true,1,1378783
7290000055336,false,משקה יוגורט יופלה בטעם בננה אפרסק 250 גר,תנובה מרכז שיתופי לש,IL,משקה יוגורט יופלה בנ,גרמים,250.00,100 גרם,false,,4.90,0.0196,true,1,1378784
7290000056081,false,מאגדת פרילי טבע 6 יח' * 200 ג',מיוצר עי קונדיטוריית,IL,מאגדת 6 פרילי טבע- 2,גרמים,1200.00,100 גרם,false,,21.90,0.0182,true,1,1378788
7290000056845,false,חלב טרי 3% הומוגני קרטון 1.5 ל' תנובה,פארייפאבה אגרואינדוס,IL,חלב טרי הומוגני 3% ש,ליטרים,1.50,ליטר,false,,9.30,6.2000,true,1,1378797
7290000056890,false,דיאט יופלה שמינייה טעמים שונים,מיוצר עי קונדיטוריית,IL,מאגדת 8 יופלה דיאט מ,גרמים,1200.00,100 גרם,false,,28.90,0.0241,true,1,1378799
7290000056906,false,מאגדת לבן טבעי 1.5% שומן 8 יח' * 150 ג' יופלה,מחלבת אלון תבור,IL,מאגדת 8 יופלה לבן טב,גרמים,1200.00,100 גרם,false,,16.90,0.0141,true,1,1378800
7290000056951,false,שמנת לבישול 15% 500 מל עמיד השף הלבן,תנובה מרכז שיתופי לש,IL,שמנת לבישול 15%שומן,מיליליטרים,500.00,"100 מ""ל",false,,15.90,0.0318,true,1,1378801
7290000057088,false,עמק פרוס דק דק 200 גרם 28%,תנובה מרכז שיתופי לש,IL,עמק פרוס דק 200 גרם.,גרמים,200.00,100 גרם,false,,15.90,0.0795,true,1,1378804
7290000057118,false,עמק סמי מעדנייה כשרות מהדרין,תנובה מרכז שיתופי לש,IL,גבינה עמק פרוס 400 ג,גרמים,400.00,100 גרם,false,,21.90,0.0547,true,1,1378805
7290000057132,false,יוגורט תנובה טבעי 1.5% גביע 200 גרם,מחלבת אלון תבור,IL,יוגורט תנובה 1.5% שו,גרמים,200.00,100 גרם,false,,2.90,0.0145,true,1,1378806
7290000057149,false,יוגורט תנובה טבעי 3% גביע 200 גרם,מיוצר עי קונדיטוריית,IL,יוגורט תנובה 3% שומן,גרמים,200.00,100 גרם,false,,2.90,0.0145,true,1,1378807
7290000057552,false,יופלה דיאט עוגת גבינה ותות 0% גביע 150ג',תנובה חלב,IL,יופלה דיאט עוגת גבינ,גרמים,150.00,100 גרם,false,,4.70,0.0313,true,1,1378812
7290000058047,false,**שף לבן שמנת מתוקה מהדרין 38% פקק 500מ,תנובה מרכז שיתופי לש,IL,שמנת מתוקה להקצפה 38,מיליליטרים,500.00,"100 מ""ל",false,,12.80,0.0256,true,1,1378818
7290000060071,false,אוסם - חטיפי פריכונים מאורז מלא קלוי 80גר,"מיוצר ע""י PT, משווק",IL,אסם חטיפי פריכונים בטעם ט,גרמים,80.00,100 גרם,false,,6.90,0.0863,true,1,1344126
7290000060088,false,בייגלה אסם מקלות מלוחים 400 גרם,מיוצר עי קונדיטוריית,IL,אסם בייגלה מקלות מלוחים 4,גרמים,400.00,100 גרם,false,,9.90,0.0248,true,1,1344127
7290000060163,false,פסטה אסם אטריות דקות 400גר,"אסם תעשיות בע""מ",IL,אסם אטריות דקות 400 גרם,גרמים,400.00,100 גרם,false,,6.90,0.0173,true,1,1344129
7290000060200,false,פסטה אסם פתיתים אפויים קוסקוס 500גר,"אסם תעשיות בע""מ",IL,אסם פתיתים אפויים קוסקוס,גרמים,500.00,100 גרם,false,,7.90,0.0158,true,1,1344130
7290000060217,false,פסטה אסם מקרוני 7 500 גר,פסטה זארה,IT,אסם פסטה מקרוני 7 500 גרם,גרמים,500.00,100 גרם,false,,5.90,0.0118,true,1,1344131
7290000060248,false,פסטה אסם פתיתים תלתלים 500 גר',פסטה זארה,IT,אסם פסטה תלתלים 500 גרם,גרמים,500.00,100 גרם,false,,5.90,0.0118,true,1,1344132
7290000060316,false,פסטה פרפקטו ספגטי 500ג' אסם,אסם פרפקטו,IT,פרפקטו ספגטי 500 גרם,גרמים,500.00,100 גרם,false,,6.90,0.0138,true,1,1344134
7290000060330,false,פרפקטו פרפקטו ספיראלי גירף 500 גר,אסם פרפקטו,IT,פרפקטו ספירלי 500 גרם,גרמים,500.00,100 גרם,false,,6.90,0.0138,true,1,1344136
7290000060408,false,פסטה אסם פתיתים אפויים טבעות 500 גר,"אסם תעשיות בע""מ",IL,אסם פתיתים אפויים טבעות 5,גרמים,500.00,100 גרם,false,,7.90,0.0158,true,1,1344139
7290000060415,false,פסטה פרפקטו לזאניה אסם 500ג',אסם פרפקטו,IT,פרפקטו לזניה 500 גרם,גרמים,500.00,100 גרם,false,,12.90,0.0258,true,1,1344140
7290000060576,false,פסטה אסם פתיתים אפוי כוכב 500גר,"אסם תעשיות בע""מ",IL,אסם פתיתים אפויים כוכבים,גרמים,500.00,100 גרם,false,,7.90,0.0158,true,1,1344146
7290000060781,false,פסטה אסם פתיתים מסולסלים 500גר,פסטה זארה,IT,אסם פסטה מסולסלים 500 גרם,גרמים,500.00,100 גרם,false,,5.90,0.0118,true,1,1344147
7290000060828,false,פסטה קרניים בינוניות (55) 500 גרם,פסטה זארה,IT,אסם פסטה קרניים בינוניות,גרמים,500.00,100 גרם,false,,5.90,0.0118,true,1,1344148
7290000060842,false,פסטה אסם פתיתים צדפים גדולים 500גר,פסטה זארה,IT,אסם פסטה צדפים גדולים 500,גרמים,500.00,100 גרם,false,,5.90,0.0118,true,1,1344149
7290000060880,false,פסטה מס' 8 ספגטי אסם 500ג',פסטה זארה,IT,אסם פסטה ספגטי 8 500 גרם,גרמים,500.00,100 גרם,false,,5.90,0.0118,true,1,1344151
7290000060903,false,פסטה אסם פתיתים אפויים אורז 500גר,"אסם תעשיות בע""מ",IL,אסם פתיתים אפויים אורז 50,גרמים,500.00,100 גרם,false,,7.90,0.0158,true,1,1344152
7290000060958,false,פסטה אסם אטריות בינוניות 400 גרם,"אסם תעשיות בע""מ",IL,אסם אטריות בינוניות 400 ג,גרמים,400.00,100 גרם,false,,6.90,0.0173,true,1,1344153
7290000060965,false,פסטה אסם אטריות רחבות 400גר,"אסם תעשיות בע""מ",IL,אסם אטריות רחבות 400 גרם,גרמים,400.00,100 גרם,false,,6.90,0.0173,true,1,1344154
7290000061061,false,קרקר בצל אסם 250 גרם,"אסם תעשיות בע""מ",IL,אסם קרקר בטעם בצל 250 גרם,גרמים,250.00,100 גרם,false,,9.90,0.0396,true,1,1344156
7290000061085,false,"רוטב צילי מתוק 290 מ""ל-בקבוק","אסם תעשיות בע""מ",IL,"אסם רוטב צ'ילי מתוק 290מ""",מיליליטרים,290.00,"100 מ""ל",false,,10.90,0.0376,true,1,1344157
7290000061108,false,"רוטב טריאקי 290 מ""ל-בקבוק","אסם תעשיות בע""מ",IL,"אסם רוטב טריאקי 290מ""ל",מיליליטרים,290.00,"100 מ""ל",false,,10.90,0.0376,true,1,1344158
7290000061214,false,פתיתים אפויים קוסקוס עם בצל אסם 500 גר',"אסם תעשיות בע""מ",IL,אסם פתיתים אפויים קוסקוס,גרמים,500.00,100 גרם,false,,7.90,0.0158,true,1,1344159
7290000061764,false,נסקפה רד מאג טעם חדש 200ג',נסטלה ספרד קפה,ES,נסקפה רד מאג 200 גרם,גרמים,200.00,100 גרם,false,,23.90,0.1195,true,1,1344163
7290000061771,false,קפה רד מאג נסקפה 50 ג',נסטלה ספרד קפה,ES,נסקפה רד מאג 50 גרם,גרמים,50.00,100 גרם,false,,5.90,0.1180,true,1,1344164
7290000062129,false,"פודינג אינסטנט טעם וניל 1ק""ג אסם","אסם תעשיות בע""מ",IL,אסם פודינג אינסטנט בטעם ו,גרמים,1000.00,100 גרם,false,,27.90,0.0279,true,1,1344168
7290000062952,false,אוסם - מיני קרוטונים למרק ולסלט 250 גרם,עינת תעשיות מזון אגו,IL,מיני קרוטונים מתובלים למר,גרמים,250.00,100 גרם,false,,13.90,0.0556,true,1,1344171
7290000063102,false,קמח עוגה אסם תופח מאליו 350ג',"אסם תעשיות בע""מ",IL,אסם קמח תופח לעוגות ולאפי,גרמים,350.00,100 גרם,false,,4.40,0.0126,true,1,1344174
7290000063133,false,אסם שקדי מרק רכיבים טבעיים 24*100גרם,"אסם השקעות בע""מ",IL,שקדי מרק אסם רכיבים טבעיי,גרמים,100.00,100 גרם,false,,4.40,0.0440,true,1,1344175
7290000063140,false,שקדי מרק רכיבים טבעיים בשקית 400 ג' אסם,"אסם תעשיות בע""מ",IL,שקדי מרק אסם רכיבים טבעיי,גרמים,400.00,100 גרם,false,,12.90,0.0323,true,1,1344176
7290000063157,false,"קמח עוגה תופח מאליו 1 ק""ג","אסם תעשיות בע""מ",IL,אסם קמח תופח לעוגות ולאפי,קילוגרמים,1.00,"ק""ג",false,,9.90,9.9000,true,1,1344177
7290000064758,false,קוסקוס בינוני אמיתי אסם 350 ג',"מיוצר ע""י קוד יצרן K",IL,אסם קוסקוס בינוני 350 גרם,גרמים,350.00,100 גרם,false,,6.90,0.0197,true,1,1344191
7290000065090,false,מיני קרוטונים למרק ולסלט 400 ג' אסם,עינת תעשיות מזון אגו,IL,מיני קרוטונים מתובלים למר,גרמים,400.00,100 גרם,false,,22.90,0.0572,true,1,1344193
7290000065335,false,אוסם - מנה חמה פירה עם ירקות 55 גרם,"אסם תעשיות בע""מ",IL,מנה חמה פירה עם ירקות 55,גרמים,55.00,100 גרם,false,,6.50,0.1182,true,1,1344195
7290000065540,false,אוסם - מנה חמה פסטה מוקרמת בטעם עוף 55 גרם,"אסם תעשיות בע""מ",IL,מנה חמה פסטה מוקרמת בטעם,גרמים,55.00,100 גרם,false,,6.50,0.1182,true,1,1344196
7290000065557,false,אוסם - מנה חמה קוסקוס עם ירקות 84 גרם,"אסם תעשיות מזון בע""מ",IL,מנה חמה קוסקוס עם ירקות 8,גרמים,84.00,100 גרם,false,,6.50,0.0774,true,1,1344197
7290000065977,false,חטיפי פריכונים תירס שומשום 80 ג' אוסם,"מיוצר ע""י פרח, משווק",IL,אסם חטיפי פריכונים מתירס,גרמים,80.00,100 גרם,false,,6.90,0.0863,true,1,1344203
7290000066134,false,ביסלי בטעם פלאפל 70 גרם,"אסם תעשיות בע""מ",IL,ביסלי פלאפל 70 גרם,גרמים,70.00,100 גרם,false,,4.30,0.0614,true,1,1344204
7290000066141,false,ביסלי טעם גריל 70 ג' אסם,"אסם תעשיות בע""מ",IL,ביסלי גריל 70 גרם,גרמים,70.00,100 גרם,false,,4.30,0.0614,true,1,1344205
7290000066189,false,ביסלי גדול בטעם פלאפל 200 ג' אסם,"אסם תעשיות בע""מ",IL,ביסלי פלאפל 200 גרם,גרמים,200.00,100 גרם,false,,7.90,0.0395,true,1,1344209
7290000066196,false,ביסלי גדול בטעם גריל 200 ג' אסם,מיוצר עי קונדיטוריית,IL,ביסלי גריל 200 גרם,גרמים,200.00,100 גרם,false,,7.90,0.0395,true,1,1344210
7290000066264,false,אוסם - חטיף דובונים 40 גרם,"אסם תעשיות בע""מ",IL,חבורת דובונים 40 גרם,גרמים,40.00,100 גרם,false,,4.30,0.1075,true,1,1344214
7290000066295,false,אסם במבה תות מחומרים טבעיים 30גר,מיוצר עי קונדיטוריית,IL,במבה מתוקה 30 גרם,גרמים,30.00,100 גרם,false,,2.30,0.0767,true,1,1344215
7290000066318,false,במבה קלאסי 80 גרם,"אסם תעשיות בע""מ",IL,במבה קלאסית 80 גרם,גרמים,80.00,100 גרם,false,,4.50,0.0563,true,1,1344216
7290000066332,false,אפרופו חטיף אסם 50ג',מיוצר עי קונדיטוריית,IL,אפרופו קלאסי 50 גרם,גרמים,50.00,100 גרם,false,,4.50,0.0900,true,1,1344217
7290000066349,false,אפרופו גדול אסם 100ג',מיוצר עי קונדיטוריית,IL,אפרופו קלאסי 100 גרם,גרמים,100.00,100 גרם,false,,8.90,0.0890,true,1,1344218
7290000066431,false,פופקו חטיף תירס בטעם חמאה ודבש 80 גרם,מיוצר עי קונדיטוריית,IL,פופקו 80 גרם,גרמים,80.00,100 גרם,false,,4.60,0.0575,true,1,1344219
7290000067407,false,פרורית מתובלת בשקית 200 גרם,עינת תעשיות מזון אגו,IL,אסם פירורית מתובלת 200 גר,גרמים,200.00,100 גרם,false,,5.50,0.0275,true,1,1344226
7290000067599,false,אוסם - מנה חמה ספגטי רוטב בולנז 65 גרם,"אסם תעשיות בע""מ",IL,מנה חמה ספגטי בולונז 65גר,גרמים,65.00,100 גרם,false,,6.50,0.1000,true,1,1344232
7290000068138,false,אסם פודינג אינסטנט וניל 80 גרם,מיוצר עי קונדיטוריית,IL,אסם פודינג אינסטנט בטעם ו,גרמים,80.00,100 גרם,false,,5.50,0.0688,true,1,1344238
7290000068190,false,אסם גלי תות שדה צבעים טבעיים 90גרם,מיוצר עי קונדיטוריית,IL,אסם ג'לי מהיר הכנה בטעם ת,גרמים,90.00,100 גרם,false,,5.90,0.0656,true,1,1344242
7290000068206,false,ג'לי משמש אסם צבע טבעי 85 ג',מיוצר עי קונדיטוריית,IL,אסם ג'לי מהיר הכנה בטעם מ,גרמים,85.00,100 גרם,false,,5.90,0.0694,true,1,1344243
7290000068299,false,"מנה חמה תפו""א עם פטריות בגביע כלפ","אסם תעשיות בע""מ",IL,מנה חמה פירה עם בצל 56 גר,גרמים,47.00,100 גרם,false,,6.50,0.1383,true,1,1344247
7290000068343,false,אוסם - פירכונים מאורז מלא 140 גרם,"מיוצר ע""י PT, משווק",IL,אסם פריכונים מאורז מלא 14,גרמים,140.00,100 גרם,false,,6.90,0.0493,true,1,1344248
7290000068701,false,שקדי מרק רכיבים טבעיים 400 גרם-מיכל,"אסם תעשיות בע""מ",IL,שקדי מרק אסם רכיבים טבעיי,גרמים,400.00,100 גרם,false,,14.90,0.0373,true,1,1344249
7290000068770,false,במבה יום הולדת 80 גרם,"אסם תעשיות בע""מ",IL,במבה אריזת תינוק 80 גרם,גרמים,80.00,100 גרם,false,,4.50,0.0563,true,1,1344251
7290000068787,false,במבה יום הולדת 25 גרם,מיוצר עי קונדיטוריית,IL,במבה אריזת תינוק 25 גרם,גרמים,25.00,100 גרם,false,,2.30,0.0920,true,1,1344252
7290000069258,false,פסטה פרפקטו פנה ריגאטה 500ג' אסם,פסטה זארה,IT,פרפקטו פנה ריגאטה 500 גרם,גרמים,500.00,100 גרם,false,,6.90,0.0138,true,1,1344258
7290000069364,false,פריכונים עגולים אורז דל נתרן אסם 140 גרם,"מיוצר ע""י PT, משווק",IL,אסם פריכונים עגול אורז דל,גרמים,140.00,100 גרם,false,,6.90,0.0493,true,1,1344263
7290000069609,false,חטיפי קרקר זעתר 300 גרם,"אסם תעשיות בע""מ",IL,אסם חטיפי קרקר זעתר 300 ג,גרמים,300.00,100 גרם,false,,9.90,0.0330,true,1,1344267
7290000070308,false,אבקת מרק עוף אמיתי במיכל 400 גרם,"אסם תעשיות בע""מ",IL,אסם מרק עוף אמיתי 400 גרם,גרמים,400.00,100 גרם,false,,19.90,0.0497,true,1,1344276
7290000070322,false,אבקת מרק פטריות רכיבים טבעיים אוסם 400 ג',"אסם תעשיות בע""מ",IL,אסם מרק פטריות רכיבים טבע,גרמים,400.00,100 גרם,false,,25.90,0.0647,true,1,1344277
7290000070353,false,אבקת מרק בצל רכיבים טבעיים 400 ג' אסם,"אסם תעשיות בע""מ",IL,אסם מרק בצל רכיבים טבעיים,גרמים,400.00,100 גרם,false,,25.90,0.0647,true,1,1344278
7290000070919,false,בייגלה אסם רשתות עם מלח 400 ג',מיוצר עי קונדיטוריית,IL,אסם בייגלה רשתות מלח 400,גרמים,400.00,100 גרם,false,,11.90,0.0298,true,1,1344287
7290000072067,false,במבה במילוי קרם חלבה 60ג' אסם,מיוצר עי קונדיטוריית,IL,במבה במילוי קרם חלבה 60 ג,גרמים,60.00,100 גרם,false,,4.50,0.0750,true,1,1344292
7290000072241,false,"רוטב פיצה 290 מ""ל-בקבוק","אסם תעשיות בע""מ",IL,"אסם רוטב פיצה 290מ""ל",מיליליטרים,290.00,"100 מ""ל",false,,10.90,0.0376,true,1,1344296
7290000072623,false,קטשופ אסם בקבוק לחיץ 750 גרם,"אסם תעשיות בע""מ",IL,קטשופ אסם 750 גרם,גרמים,750.00,100 גרם,false,,12.90,0.0172,true,1,1344300
7290000072630,false,קטשופ אסם חריף 750 גרם-בקבוק,"אסם תעשיות בע""מ",IL,קטשופ חריף אסם 750 גרם,גרמים,750.00,100 גרם,false,,12.90,0.0172,true,1,1344301
7290000072753,false,קפה טייסטר צ'ויס קפה מגורען 200ג',נסטלה קוריאה - קפה,IL,נסקפה טייסטרס צ'ויס 200 ג,גרמים,200.00,100 גרם,false,,29.90,0.1495,true,1,1344304
7290000072777,false,קפה טייסטר צ'ויס מגור' נ.קפאין 200ג',נסטלה קוריאה - קפה,IL,נסקפה טייסטרס צ'ויס נטול,גרמים,200.00,100 גרם,false,,44.90,0.2245,true,1,1344306
7290000072968,false,דגנים סיני מיניס מלחמת הכוכבים 500 גרם,נסטלה פולין דגני בוק,PL,סיני מיניס דגני בוקר מחיט,גרמים,500.00,100 גרם,false,,24.90,0.0498,true,1,1344312
7290000073125,false,אוסם - מנה חמה פסטה עם עגבניות 62 גרם,"אסם תעשיות בע""מ",IL,מנה חמה פסטה ברוטב עגבניו,גרמים,62.00,100 גרם,false,,6.50,0.1048,true,1,1344313
7290000073415,false,אוסם - מנה חמה פסטה ברוטב פיצה 61 גרם,"אסם תעשיות בע""מ",IL,מנה חמה פסטה ברוטב פיצה 6,גרמים,61.00,100 גרם,false,,6.50,0.1066,true,1,1344314
7290000073699,false,סלט חומוס צבר150 גרם,סלטי צבר,IL,צבר חומוס חלק 150 גרם,גרמים,150.00,100 גרם,false,,4.40,0.0293,true,1,1344316
7290000073750,false,מנה חמה נודלס אטר+ירקות טעם עוף 70 גרם,טאי רזידנט,TH,מנה חמה נודלס בטעם עוף 71,גרמים,71.00,100 גרם,false,,6.50,0.0915,true,1,1344317
7290000073767,false,מנה חמה נודלס אטר.+ירקות טעם בקר 70 גרם,טאי רזידנט,TH,מנה חמה נודלס בטעם בקר 71,גרמים,71.00,100 גרם,false,,6.50,0.0915,true,1,1344318
7290000073774,false,מנה חמה נודלס אטר+ירקות טעם צילי 70 גרם,טאי רזידנט,TH,מנה חמה נודלס בטעם פיקנטי,גרמים,71.00,100 גרם,false,,6.50,0.0915,true,1,1344319
7290000074153,false,ביסקוויט פתיבר שוקו,מיוצר עי קונדיטוריית,IL,אסם פתי בר שוקו 500גרם,גרמים,500.00,100 גרם,false,,11.90,0.0238,true,1,1344324
7290000074184,false,אוסם - פתי בר בינוני 500 גרם,"אסם תעשיות בע""מ",IL,אסם פתי בר קלאסי 500 גרם,גרמים,500.00,100 גרם,false,,11.90,0.0238,true,1,1344326
7290000074245,false,אוסם - קרם קרקר אסם 250 גרם,"אסם תעשיות בע""מ",IL,אסם קרם קרקר 250 גרם,גרמים,250.00,100 גרם,false,,7.90,0.0316,true,1,1344327
7290000074276,false,קרקר פיקנטי טבעון 250 ג' אסם,"אסם תעשיות בע""מ",IL,אסם קרקר פיקטני 250 גרם,גרמים,250.00,100 גרם,false,,8.90,0.0356,true,1,1344329
7290000074375,false,אוסם - קרקר זהב 150 גרם,"אסם תעשיות בע""מ",IL,אסם קרקר זהב 150 גרם,גרמים,150.00,100 גרם,false,,6.40,0.0427,true,1,1344333
7290000074481,false,לחמית אגוזים אסם 160 ג',"אסם תעשיות בע""מ",IL,אסם לחמית אגוזים 160 גרם,גרמים,160.00,100 גרם,false,,9.90,0.0619,true,1,1344335
7290000074696,false,"קרם קרקר 1 ק""ג אוסם","אסם השקעות בע""מ",IL,"אסם קרם קרקר 1 ק""ג",גרמים,1000.00,100 גרם,false,,25.90,0.0259,true,1,1344338
7290000074764,false,קרקר זהב אסם 900 גרם,אסם תעשיות,IL,אסם קרקר זהב 900 גרם,גרמים,900.00,100 גרם,false,,25.90,0.0288,true,1,1344342
7290000075204,false,אוסם - לחמית חיטה מלאה 250 גרם,"אסם תעשיות בע""מ",IL,אסם לחמית חיטה מלאה 250 ג,גרמים,250.00,100 גרם,false,,7.90,0.0316,true,1,1344346
7290000075693,false,עוגת הבית שמרים בריוש שוקולד 360ג',מיוצר עי קונדיטוריית,IL,אסם הבית עוגת שמרים בריוש,גרמים,360.00,100 גרם,false,,15.90,0.0442,true,1,1344348
7290000076133,false,בייגלה שמיניות קטנות 400 גרם אסם,"אסם תעשיות בע""מ",IL,אסם בייגלה שמיניות מלח 40,גרמים,400.00,100 גרם,false,,9.90,0.0248,true,1,1344350
7290000076645,false,אוסם - טוסטעים חיטה מלאה 100 גרם,ון דר מולן האלום,NL,אסם טוסטעים חיטה מלאה 100,גרמים,100.00,100 גרם,false,,9.90,0.0990,true,1,1344354
7290000077253,false,אוסם - לחמית כפרית עם דגנים מלאים 190 גרם,"אסם תעשיות בע""מ",IL,לחמית כפרית 190 גרם,גרמים,190.00,100 גרם,false,,9.90,0.0521,true,1,1344356
7290000078212,false,קרוטונים מתובלים 250 ג' אסם,עינת תעשיות מזון אגו,IL,קרוטונים מתובלים למרק ולס,גרמים,250.00,100 גרם,false,,13.90,0.0556,true,1,1344359
7290000078762,false,אוסם - חטיפי פריכונים מאורז מלא בטעם דבש 80גר,סנורייס בלגיום אן. ו,BE,אסם חטיפי פריכונים אורז ו,גרמים,80.00,100 גרם,false,,6.90,0.0863,true,1,1344361
7290000079233,false,קרם קרקר דיאטטי דל נתרן 250 גרם,"אסם תעשיות בע""מ",IL,אסם קרם קרקר דל נתרן 250,גרמים,250.00,100 גרם,false,,9.90,0.0396,true,1,1344363
7290000080765,false,טוסטעים פת קלויה עם שומשום 100 ג' אוסם,ון דר מולן האלום,NL,אסם טוסטעים עם שומשום 100,גרמים,100.00,100 גרם,false,,9.90,0.0990,true,1,1344374
7290000081663,false,בייגלה אסם טבעות שומשום 300 גרם,מיוצר עי קונדיטוריית,IL,אסם בייגלה טבעות שומשום 3,גרמים,300.00,100 גרם,false,,9.90,0.0330,true,1,1344376
7290000089188,false,פומפידיתא יין אדום מ,אליעז בנימינה,IL,פומפידיתא יין אדום מתוק -,ליטרים,1.00,ליטר,false,,14.90,14.9000,true,1,1385917
7290000090054,false,ממרח חמאה דנית,,,ממרח חמאה דנית,קילוגרמים,1.00,"ק""ג",true,,39.00,39.0000,true,1,2223094
7290000091198,false,תבלין לדג עם שום,,,תבלין לדג עם שום,קילוגרמים,1.00,"ק""ג",true,,49.00,49.0000,true,1,1392380
7290000098821,false,זיתים קלמטה,דין שיווק,,זיתים קלמטה,קילוגרמים,1.00,"ק""ג",true,,29.00,29.0000,true,1,1366402
7290000099378,false,גבינת בלוז,,,גבינת בלוז,קילוגרמים,1.00,"ק""ג",true,,69.00,69.0000,true,1,2223096
7290000099484,false,קוקטיל זיתים,,,קוקטיל זיתים,קילוגרמים,1.00,"ק""ג",true,,42.00,42.0000,true,1,1384330
7290000100029,false,פתיתי כרובית סנפרוסט 800 גר,"סנפרוסט בע""מ",IL,פתיתי כרובית סנפרוסט,גרמים,800.00,100 גרם,false,,19.90,0.0249,true,1,1925126
7290000100128,false,פירות קפואים תות סנפרוסט 300 ג',"סנפרוסט בע""מ",IL,תות מוקפא 300 גרם סנ,גרמים,300.00,100 גרם,false,,12.90,0.0430,true,1,1921330
7290000100135,false,פירות קפואים סנפרוסט דובדבן 300 גר,"סנפרוסט בע""מ",IL,דובדבן מוקפא 300 גרם,גרמים,300.00,100 גרם,false,,12.90,0.0430,true,1,1921331
7290000100296,false,תערובת להכנת Smoothie ורוד תות ובננה,"סנפרוסט בע""מ",IL,שייק תות בננה,גרמים,300.00,100 גרם,false,,12.90,0.0430,true,1,2197773
7290000100302,false,פול ירוק ללא קליפה 600ג',"סנפרוסט בע""מ",IL,פול ירוק קפוא קלוף 6,גרמים,600.00,100 גרם,false,,23.90,0.0398,true,1,2115810
7290000101132,false,לקט קטניות לחמין סנפרוסט 800 גר,"סנפרוסט בע""מ",IL,לקט לחמין סנפרוסט,גרמים,800.00,100 גרם,false,,19.90,0.0249,true,1,1509587
7290000101927,false,אוכמניות כחולות מוקפאות סנפרוסט 300 גרם,"איי, בי, אינבוו",IL,אוכמניות כחולות מוקפ,גרמים,300.00,100 גרם,false,,12.90,0.0430,true,1,1657803
7290000101934,false,מיקס פירות יער מוקפאות 300 ג' סנפרוסט,"איי, בי, אינבוו",IL,מיקס פירות יער מוקפא,גרמים,300.00,100 גרם,false,,12.90,0.0430,true,1,1657804
7290000101941,false,אננס חתוך מוקפא סנפרוסט 300ג',"איי, בי, אינבוו",IL,אננס מוקפא 300 ג סנפ,גרמים,300.00,100 גרם,false,,12.90,0.0430,true,1,1657805
7290000101958,false,מנגו חתוך מוקפא סנפרוסט 300ג',"איי, בי, אינבוו",IL,מנגו מוקפא 300 ג סנפ,גרמים,300.00,100 גרם,false,,12.90,0.0430,true,1,1657796
7290000103365,false,מרק ירקות 550 ג' סנפרוסט,"איי, בי, אינבוו",IL,מרק ירקות 12 יח 550 גר,גרמים,550.00,100 גרם,false,,18.90,0.0344,true,1,1379235
7290000103471,false,מיני ברוקולי סנפרוסט 600 גר',"סנפרוסט בע""מ",IL,מיני ברוקולי סנפרוסט,גרמים,600.00,100 גרם,false,,19.90,0.0332,true,1,1477738
7290000103488,false,ארטישוק ירושלמי סנפרוסט 400 גר,"סנפרוסט בע""מ",IL,ארטישוק ירושלמי,גרמים,400.00,100 גרם,false,,19.90,0.0497,true,1,1486207
7290000103730,false,לקט להקפצה עם פסטה פוזילי סנפרוסט 800 גרם,"איי, בי, אינבוו",IL,לקט להקפצה עם פסטה פוזילי,גרמים,800.00,100 גרם,false,,22.90,0.0286,true,1,1379242
7290000103815,false,סנפרוסט לקט להקפצה תאילנדי 800 גר,"סנפרוסט בע""מ",IL,לקט להקפצה בסגנון תאילנדי,גרמים,800.00,100 גרם,false,,22.90,0.0286,true,1,1379246
7290000103822,false,ירקות שמלווים עוף סנפרוסט 800ג',"סנפרוסט בע""מ",IL,לקט לעוף 12 יח 800 גר,גרמים,800.00,100 גרם,false,,22.90,0.0286,true,1,1379247
7290000103839,false,מרק כתום קפוא 570 ג' סנפרוסט,"סנפרוסט בע""מ",IL,מרק כתום 12 יח' 570 גר,גרמים,570.00,100 גרם,false,,18.90,0.0332,true,1,1379248
7290000103846,false,מרק אפונה 570 ג' סנפרוסט,"סנפרוסט בע""מ",IL,מרק אפונה 12 יח 570 גר,גרמים,570.00,100 גרם,false,,18.90,0.0332,true,1,1379249
7290000103860,false,מרק עדשים קפוא 570 ג' סנפרוסט,"איי, בי, אינבוו",IL,מרק עדשים 12 יח 570 גר,גרמים,570.00,100 גרם,false,,18.90,0.0332,true,1,1379250
7290000103877,false,מרק שעועית קפוא 640 ג' סנפרוסט,"סנפרוסט בע""מ",IL,מרק שעועית 12 יח 640 גר,גרמים,640.00,100 גרם,false,,18.90,0.0295,true,1,1379251
7290000104072,false,עדשים ירוקות מבושלות מוקפאות 800 ג' סנפרוסט,"איי, בי, אינבוו",IL,עדשים מוקפאים 14 יח 800 ג,גרמים,800.00,100 גרם,false,,19.90,0.0249,true,1,1379252
7290000104201,false,אפונה עדינה 600 גר סנפרוסט,"איי, בי, אינבוו",IL,אפונה עדינה 12 יח 600 ג,גרמים,600.00,100 גרם,false,,19.90,0.0332,true,1,1379255
7290000104218,false,סנפרוסט במיה 600 גרם,"איי, בי, אינבוו",IL,במיה 14 יח 600 ג,גרמים,600.00,100 גרם,false,,18.90,0.0315,true,1,1379256
7290000104225,false,בצל קצוץ סנפרוסט 600 גרם,"סנפרוסט בע""מ",IL,בצל קצוץ 14 יח 600 ג,גרמים,600.00,100 גרם,false,,16.90,0.0282,true,1,1379257
7290000104676,false,אפונה קפואה סנפרוסט 800 גרם,"איי, בי, אינבוו",IL,אפונה גינה 20 יח 800 ג,גרמים,800.00,100 גרם,false,,18.90,0.0236,true,1,1379259
7290000104683,false,שעועית ירוקה שלמה 800 גר סנפרוסט,"סנפרוסט בע""מ",IL,שעועית ירוקה שלמה 16 יח 8,גרמים,800.00,100 גרם,false,,22.90,0.0286,true,1,1379260
7290000104690,false,תירס גרעינים 800 גרם סנפרוסט,"איי, בי, אינבוו",IL,גרעיני תירס 20 יח 800 ג,גרמים,800.00,100 גרם,false,,19.90,0.0249,true,1,1379261
7290000104706,false,גזר גמדי 800 גרם סנפרוסט,"סנפרוסט בע""מ",IL,גזר גמדי 16 יח 800 ג,גרמים,800.00,100 גרם,false,,18.90,0.0236,true,1,1379262
7290000104713,false,פול ירוק 800 גר סנפרוסט,"איי, בי, אינבוו",IL,פול ירוק 20 יח 800 ג,גרמים,800.00,100 גרם,false,,24.90,0.0311,true,1,1379263
7290000104720,false,שעועית ירוקה חתוכה 800גר סנפרוסט,"סנפרוסט בע""מ",IL,שעועית ירוקה חתוכה 16 יח,גרמים,800.00,100 גרם,false,,19.90,0.0249,true,1,1379264
7290000104744,false,כרובית 800 גר סנפרוסט,"סנפרוסט בע""מ",IL,כרובית 12 יח 800 ג,גרמים,800.00,100 גרם,false,,24.90,0.0311,true,1,1379266
7290000104751,false,כרוב ניצנים סנפרוסט 800 גרם,"איי, בי, אינבוו",IL,כרוב ניצנים 16 יח 800 ג,גרמים,800.00,100 גרם,false,,24.90,0.0311,true,1,1379267
7290000104768,false,תרד עלים סנפרוסט 800 ג ',"איי, בי, אינבוו",IL,עלי תרד 14 יח 800 ג,גרמים,800.00,100 גרם,false,,24.90,0.0311,true,1,1379268
7290000104775,false,מדליוני תרד 800 גר סנפרוסט,"איי, בי, אינבוו",IL,מדליוני תרד 16 יח 800 ג,גרמים,800.00,100 גרם,false,,24.90,0.0311,true,1,1379269
7290000104799,false,שעועית לבנה מבושלת סנפרוסט 800גר,"איי, בי, אינבוו",IL,שעועית לבנה 16 יח 800 גר,גרמים,800.00,100 גרם,false,,19.90,0.0249,true,1,1379270
7290000104805,false,גרגירי חומוס קפוא 800 ג' סנפרוסט,"איי, בי, אינבוו",IL,גרגירי חומוס 14 יח 800 גר,גרמים,800.00,100 גרם,false,,19.90,0.0249,true,1,1379271
7290000104829,false,"קלחוני תירס 1 ק""ג סנפרוסט","איי, בי, אינבוו",IL,קלחוני תירס 16 יח 1 קג,גרמים,1000.00,100 גרם,false,,22.90,0.0229,true,1,1379272
7290000104836,false,שעועית עדינה שלמה 600 גר סנפרוסט,"סנפרוסט בע""מ",IL,שעועית עדינה שלמה 12 יח,גרמים,600.00,100 גרם,false,,22.90,0.0382,true,1,1379273
7290000104874,false,ירקות לקוסקוס של אמא סנפרוסט 800ג',"סנפרוסט בע""מ",IL,לקט קוסקוס 12 יח 800 ג,גרמים,800.00,100 גרם,false,,22.90,0.0286,true,1,1379274
7290000104881,false,אפונה וגזר קפוא סנפרוסט 800ג',"איי, בי, אינבוו",IL,לקט אפונה וגזר 13 יח 800,גרמים,800.00,100 גרם,false,,19.90,0.0249,true,1,1379275
7290000104904,false,לקט ירקות מעורבים 800 ג' סנפרוסט,"איי, בי, אינבוו",IL,ירקות מעורבים 14 יח 800 ג,גרמים,800.00,100 גרם,false,,22.90,0.0286,true,1,1379276
7290000104911,false,לקט נורמנדי 800 גר סנפרוסט,"איי, בי, אינבוו",IL,לקט נורמנדי 12 יח 800 ג,גרמים,800.00,100 גרם,false,,22.90,0.0286,true,1,1379277
7290000106175,false,"לקט כפרי 2 ק""ג סנפרוסט","סנפרוסט בע""מ",IL,לקט כפרי 6 יח 2 קג,גרמים,2000.00,100 גרם,false,,39.90,0.0199,true,1,1379278
7290000106526,false,חגיגה ירוקה להקפצה סנפרוסט 800 גר,"איי, בי, אינבוו",IL,חגיגה ירוקה להקפצה ס,גרמים,800.00,100 גרם,false,,19.90,0.0249,true,1,2208211
7290000107189,false,תחתיות ארטישוק 400 גרם סנפרוסט,"איי, בי, אינבוו",IL,תחתיות ארטישוק 12 יח 400,גרמים,400.00,100 גרם,false,,22.90,0.0572,true,1,1379279
7290000107295,false,תפרחות ברוקולי סנפרוסט 800 ג',"איי, בי, אינבוו",IL,תפרחות ברוקולי 12 יח 800,גרמים,800.00,100 גרם,false,,24.90,0.0311,true,1,1379280
7290000107615,false,ירקות ואננס להקפצה מנה אסייתית צבעונית ועשירה,"איי, בי, אינבוו",IL,מנה אסיאתית צבעונית,גרמים,800.00,100 גרם,false,,19.90,0.0249,true,1,2208213
7290000107622,false,פסטה וירקות א-לה איטליה סנפרוסט 800 ג',"איי, בי, אינבוו",IL,פסטה וירקות א-לה איט,גרמים,800.00,100 גרם,false,,19.90,0.0249,true,1,2208214
7290000110844,false,"כיפלי גריל בד""צ תלמה 70 ג'",יוניליור ישראל מזון,IL,כיפלי גריל בדצ 70גר,גרמים,70.00,100 גרם,false,,5.90,0.0843,true,1,1379677
7290000110851,false,"כיפלי בצל בד""צ תלמה 70 ג'",אתר שפע - Food,IL,כיפלי בצל 70גר,גרמים,70.00,100 גרם,false,,5.90,0.0843,true,1,1379678
7290000111186,false,מיונז תלמה 500 גרם-צנצנת,יוניליוור ישראל מזון,IL,תלמה רגיל מיונז אמיתי 500,גרמים,500.00,100 גרם,false,,10.90,0.0218,true,1,1379682
7290000111360,false,חרדל תלמה 250 גרם-צנצנת,יוניליוור ישראל מזו,IL,תלמה חרדל 250 גרם,גרמים,250.00,100 גרם,false,,6.50,0.0260,true,1,1379685
7290000111384,false,חרדל אמיתי בצנצנת 550 ג' תלמה,יוניליוור ישראל מזו,IL,תלמה חרדל 550 גרם,גרמים,550.00,100 גרם,false,,8.90,0.0162,true,1,1379686
7290000112220,false,בארכה טחינה 100% שומשום 500 גרם,רושדי תעשיות מזון בע,IL,טחינה בארכה 100% שומשום ט,גרמים,500.00,100 גרם,false,,13.90,0.0278,true,1,1378076
7290000112237,false,בארכה טחינה 100% שומשום 6*1000גרם,רושדי תעשיות מזון בע,IL,טחינה בארכה 100% שומשום ט,גרמים,1000.00,100 גרם,false,,24.90,0.0249,true,1,1378077
7290000112497,false,מרק עשיר עוף אטריות קנור 75 גרם - שקיות,יוניליוור ישראל מזון,IL,מרקים רגיל אחר קנור עוף ע,גרמים,68.00,100 גרם,false,,9.90,0.1456,true,1,1379688
7290000112503,false,מרק עשיר ירקות קנור 69 גרם - שקיות,יוניליוור ישראל מזון,IL,מרקים רגיל אחר קנור עשיר,גרמים,61.00,100 גרם,false,,9.90,0.1623,true,1,1379689
7290000112619,false,מרק עוף לתיבול והעשרה קנור 400 ג',יוניליוור ישראל מזון,IL,קנור מרקי תיבול טעם עוף 4,גרמים,400.00,100 גרם,false,,19.90,0.0497,true,1,1379691
7290000116884,false,רוטב קנור ברביקיו 300 גר,יוניליוור ישראל מזון,IL,רוטב ברביקיו 350 גר,מיליליטרים,300.00,"100 מ""ל",false,,12.90,0.0430,true,1,1379711
7290000117171,false,מרק טעם עוף דל קלוריות 48 גרם-קופסא,יוניליוור ישראל מזון,IL,מרקי אינסטנט אחרים קנור ב,גרמים,48.00,100 גרם,false,,6.50,0.1354,true,1,1379716
7290000117720,false,קנור - נמס בכוס זוג פטריות 21.50 גרם * 2,יוניליוור ישראל מזון,IL,מרקי אינסטנט אחרים קנור פ,גרמים,43.00,100 גרם,false,,6.50,0.1512,true,1,1379720
7290000118277,false,כופתאות מצה להכנת מהירה 65 ג' קנור,יוניליוור ישראל מזון,IL,קניידלך 130 גר,גרמים,130.00,100 גרם,false,,9.90,0.0762,true,1,1379723
7290000118352,false,"לטקס קנור כשל""פ 170 גר'",יוניליוור ישראל מזון,IL,תערובת לטקס,גרמים,170.00,100 גרם,false,,14.90,0.0876,true,1,1379725
7290000121017,false,גבינה מותכת 7% שומרון 120 גרם,ש.האופים,IL,גבינת שומרון,גרמים,120.00,100 גרם,false,,9.90,0.0825,true,1,1368342
7290000121031,false,גבינה מותכת 14% למריחה 120ג' החתול,שלושת האופים,IL,גבינת חתול 120 גרם,גרמים,120.00,100 גרם,false,,9.90,0.0825,true,1,1368343
7290000121079,false,גבינה מון בלאן 9% שום שמיר 120ג',שלושת האופים,IL,גבינת מון בלאן שמיר 120 ג,גרמים,120.00,100 גרם,false,,9.90,0.0825,true,1,1368345
7290000121093,false,גבינה מון בלאן שוצרית 120 גרם,האי נאם סי או אל.טי.,IL,גבינה מון בלאן שיווצרית,גרמים,120.00,100 גרם,false,,9.90,0.0825,true,1,1368346
7290000121109,false,"גבינת מון בלאן זיתים, 120 ג'",האי נאם סי או אל.טי.,IL,גבינת מון בלאן זיתים 120,גרמים,120.00,100 גרם,false,,9.90,0.0825,true,1,1368347
7290000121147,false,גבינה מון בלאן לייט 7% פיקנטי 120ג',"שלושת האופים בע""מ",IL,גבינת מון בלאן פיקנטי 120,גרמים,120.00,100 גרם,false,,9.90,0.0825,true,1,1368348
7290000121154,false,"גבינת מון בלאן סלמון, 120 ג'",האי נאם סי או אל.טי.,IL,גבינה מון-בלאן סלומון 120,גרמים,120.00,100 גרם,false,,9.90,0.0825,true,1,1368349
7290000122830,false,רוטב בישול סצואן 370 גרם קנור,מיוצר עי קונדיטוריית,IL,רוטב סצ'ואן 370 גר,גרמים,300.00,100 גרם,false,,12.90,0.0430,true,1,1379742
7290000125251,false,בדין שמפו לכביסה עדינה 2 ליטר,"זוהר דליה, קיבוץ דלי",IL,בדין שמפו לכביסה עדינה רג,ליטרים,2.00,ליטר,false,,24.90,12.4500,true,1,1379751
7290000129457,false,אבקת רוטב פטריות קנור 28 ג' שקית,יוניליוור ישראל מזון,IL,קנור קוק-IN-רטבים אבקת פט,גרמים,28.00,100 גרם,false,,4.90,0.1750,true,1,1379760
7290000131009,false,בצק פילו שחף 500 גרם,מאפית אריאל,,בצק פילו 500 גרם-שחף,גרמים,500.00,100 גרם,false,,14.90,0.0298,true,1,1379521
7290000131023,false,"בצק עלים שחף 1 ק""ג.",,,"בצק עלים שחף 1 ק""ג.",קילוגרמים,1.00,"ק""ג",false,,12.90,12.9000,true,1,1379522
7290000133904,false,"סנו דואופרש פסיפלורה ותפוז 300 מ""ל",סנו fresh,IL,דואו פרש פסיפלור.תפוז300,מיליליטרים,300.00,"100 מ""ל",false,,12.90,0.0430,true,1,1358461
7290000134147,false,טעם וריח מוסקט טחון מיכל 40גר,"תבליני טעם וריח בע""מ",IL,מיכל קטן מוסקט טחון 40גר',גרמים,40.00,100 גרם,false,,14.90,0.3725,true,1,1389414
7290000134307,false,תבלין קינמון טחון 50 גר',"תבליני טעם וריח בע""מ",IL,שק.50 גר.קינמון טחון,גרמים,50.00,100 גרם,false,,4.90,0.0980,true,1,1389415
7290000134314,false,תבלין תיבול לפיצה 120 ג',"תבליני טעם וריח בע""מ",IL,מיכל ת.לפיצה 120 גר',גרמים,120.00,100 גרם,false,,7.90,0.0658,true,1,1389416
7290000134338,false,תבלין אבקת שום טעם ו,"תבליני טעם וריח בע""מ",IL,מיכל שום אבקה 90 גר',גרמים,90.00,100 גרם,false,,7.90,0.0878,true,1,1389417
7290000134352,false,תבלין קינמון טחון 90 גר',"תבליני טעם וריח בע""מ",IL,מיכל קינמון ט. 90 גר',גרמים,90.00,100 גרם,false,,7.90,0.0878,true,1,1389418
7290000134376,false,תבלין פפריקה בשמן 90 גר',"תבליני טעם וריח בע""מ",IL,מיכל פפריקה בשמן 90 גר,גרמים,90.00,100 גרם,false,,7.90,0.0878,true,1,1389419
7290000134550,false,טעם וריח עלי דפנה שק,"תבליני טעם וריח בע""מ",IL,שק.עלי דפנה 12 יח',גרמים,20.00,100 גרם,false,,2.90,0.1450,true,1,1389424
7290000134666,false,רוזמרין 15 גר מיכל ק,תות ממתקי איכות,IL,מיכל קטן רוזמרין 15גר',גרמים,15.00,100 גרם,false,,4.90,0.3267,true,1,1389425
7290000134673,false,תבלין זנגביל טעם ורי,"תבליני טעם וריח בע""מ",IL,מיכל קטן זנגויל 30גר',גרמים,30.00,100 גרם,false,,4.90,0.1633,true,1,1389426
7290000134758,false,"תבלין תיבול לתפו""א 100 ג'","תבליני טעם וריח בע""מ",IL,"מיכל ת.תפו""א 100 גר'",גרמים,100.00,100 גרם,false,,7.90,0.0790,true,1,1389429
7290000134826,false,תבלין זעתר מעורב 100 גר',"תבליני טעם וריח בע""מ",IL,מיכל זעתר 100 גרם,גרמים,100.00,100 גרם,false,,7.90,0.0790,true,1,1389432
7290000134833,false,תבלין כמון טחון 100 גר',"תבליני טעם וריח בע""מ",IL,מיכל כמון 100 גרם,גרמים,100.00,100 גרם,false,,7.90,0.0790,true,1,1389433
7290000134840,false,תבלין כורכום טחון 100 גר',"תבליני טעם וריח בע""מ",IL,מיכל כורכום 100 גרם,גרמים,100.00,100 גרם,false,,7.90,0.0790,true,1,1389434
7290000134857,false,תבלין פפריקה מתוקה 100 גר',"תבליני טעם וריח בע""מ",IL,מיכל פ.מתוקה 100 גר',גרמים,100.00,100 גרם,false,,7.90,0.0790,true,1,1389435
7290000134871,false,תבלין פלפל שחור טחון 100 גר',"תבליני טעם וריח בע""מ",IL,מיכל פ.שחור טחון 100 גר',גרמים,100.00,100 גרם,false,,12.90,0.1290,true,1,1389437
7290000134970,false,תבלין חוואייג טעם ור,"תבליני טעם וריח בע""מ",IL,מיכל חוואיג' 100 גרם,גרמים,100.00,100 גרם,false,,7.90,0.0790,true,1,1389440
7290000134987,false,תבלין פלפל שחור גרוס 90 גר',"תבליני טעם וריח בע""מ",IL,מיכל פל.שחור גרוס 90גר,גרמים,90.00,100 גרם,false,,12.90,0.1433,true,1,1389441
7290000134994,false,טימין 20 גר מיכל קטן,"תבליני טעם וריח בע""מ",IL,מיכל קטן טימין 20גר',גרמים,20.00,100 גרם,false,,4.90,0.2450,true,1,1389442
7290000135045,false,"XL TEN משקה אנרגיה פתוח ללא סוכר 250 מ""ל","טמפו משקאות בע""מ",IL,משקה XL TENבפחית 250,מיליליטרים,250.00,"100 מ""ל",false,,4.30,0.0172,true,1,2125643
7290000135113,false,"משקה אנרגיה XL פחית ten נענע ליים 250 מ""ל",טמפו 7.5%,IL,"משקה XL בפחית 250 מ""",מיליליטרים,250.00,"100 מ""ל",false,,4.30,0.0172,true,1,2218465
7290000135465,false,"מי סודה 500 מ""ל - מארז 12 בקבוקים",טמפו 7.5%,IL,"סודה 500 מ""ל מארז תר",ליטרים,6.00,ליטר,false,,25.90,4.3167,true,1,2292443
7290000136141,false,משקה בטעם קולה 1.5ל' פפסי,פפסי Pepsi,IL,פפסי קולה 1.5 ליטר,ליטרים,1.50,ליטר,false,,8.20,5.4667,true,1,2326062
7290000136158,false,פפסי מקס 1.5 ליטר פיקדון,פפסי Pepsi,IL,פפסי מקס 1.5 ליטר,ליטרים,1.50,ליטר,false,,7.60,5.0667,true,1,2326063
7290000136165,false,משקה מירינדה 1.5ליטר,מירינדה Mirinda,IL,מירנדה 1.5 ליטר,ליטרים,1.50,ליטר,false,,8.20,5.4667,true,1,2326043
7290000136172,false,סבן אפ בקבוק 1.5 ליט,סבן אפ 7up,IL,סבן אפ 1.5 ליטר,ליטרים,1.50,ליטר,false,,8.20,5.4667,true,1,2326050
7290000136189,false,דיאט סבן אפ 1.5 ליטר FREE,סבן אפ 7up,IL,סבן אפ דיאט 1.5 ליטר,ליטרים,1.50,ליטר,false,,7.60,5.0667,true,1,2326034
7290000136240,false,סודה 1.5 ליטר שישייה בודד,טמפו,IL,סודה 1.5 ליטר,ליטרים,1.50,ליטר,false,,3.20,2.1333,true,1,2326000
7290000136271,false,סודה בטעמים - לימון ליים 1.5 ליטר - בודד,טמפו,IL,סודה לימון לים 1.5 ל,ליטרים,1.50,ליטר,false,,4.20,2.8000,true,1,2326012
7290000136295,false,סירופ בטעם פטל סיידר הגליל JUICER,סיידר הגליל,IL,סירופ בטעם פטל סיידר,מיליליטרים,330.00,"100 מ""ל",false,,15.90,0.0482,true,1,2351738
7290000136301,false,סירופ בטעם ענבים סיידר הגליל JUICER,סיידר הגליל,IL,סירופ בטעם ענבים סיי,מיליליטרים,330.00,"100 מ""ל",false,,15.90,0.0482,true,1,2351739
7290000136325,false,סודה בטעמים - אפרסק 1.5 ליטר - בודד,טמפו,IL,סודה בטעמים 1.5 ליטר,ליטרים,1.50,ליטר,false,,4.20,2.8000,true,1,2326035
7290000136387,false,סודה בטעמים - אננס 1.5 ליטר - בודד,טמפו,IL,סודה בטעמים 1.5 ליטר,ליטרים,1.50,ליטר,false,,4.20,2.8000,true,1,2326019
7290000136394,false,סודה בטעמים - פירות יער 1.5 ליטר - בודד,טמפו,IL,סודה בטעמים 1.5 ליטר,ליטרים,1.50,ליטר,false,,4.20,2.8000,true,1,2326020
7290000136455,false,משקה בטעם אשכוליות תריסר 1.5 ל' ג'אמפ,טמפו 7.5%,IL,ג'אמפ אשכולית 1.5 לי,ליטרים,1.50,ליטר,false,,7.50,5.0000,true,1,2325879
7290000136486,false,משקה בטעם אשכוליות דיאט תריסר 1.5 ל' ג'אמפ,טמפו 7.5%,IL,ג'אמפ אשכוליות דיאט,ליטרים,1.50,ליטר,false,,7.50,5.0000,true,1,2325975
7290000136516,false,משקה בטעם מנגו פסיפלורה תריסר 1.5 ל' ג'אמפ,טמפו 7.5%,IL,ג'אמפ מנגו 1.5 ליטר,ליטרים,1.50,ליטר,false,,7.50,5.0000,true,1,2325880
7290000136523,false,משקה בטעם ענבים תריסר 1.5 ל' ג'אמפ,טמפו 7.5%,IL,ג'אמפ ענבים 1.5 ליטר,ליטרים,1.50,ליטר,false,,7.50,5.0000,true,1,2325976
7290000136561,false,משקה בטעם תות בננה תריסר 1.5 ל' ג'אמפ,טמפו 7.5%,IL,ג'אמפ תות בננה 1.5 ל,ליטרים,1.50,ליטר,false,,7.50,5.0000,true,1,2325977
7290000136585,false,משקה בטעם תפוזים תריסר 1.5 ל' ג'אמפ,טמפו 7.5%,IL,ג'אמפ תפוז 1.5 ליטר,ליטרים,1.50,ליטר,false,,7.50,5.0000,true,1,2325881
7290000136608,false,משקה בטעם תפוח צלול תריסר 1.5 ל' ג'אמפ,טמפו 7.5%,IL,ג'אמפ תפוח 1.5 ליטר,ליטרים,1.50,ליטר,false,,7.50,5.0000,true,1,2325978
7290000136646,false,משקה מאלט תריסר 1.5 ל' נשר,טמפו 7.5%,IL,בירה נשר מאלט 1.5 לי,ליטרים,1.50,ליטר,false,,8.90,5.9333,true,1,2325870
7290000136653,false,משקה מאלט דיאט תריסר 1.5 ל' נשר,טמפו 7.5%,IL,בירה דיאט מאלט 1.5 ל,ליטרים,1.50,ליטר,false,,8.90,5.9333,true,1,2325871
7290000136660,false,סודה 1.5ליטר ב.פקדון,טמפו,IL,סודה רגיל 1.5 ליטר,ליטרים,1.50,ליטר,false,,3.20,2.1333,true,1,2328837
7290000136691,false,מארז שישייה סבן אפ 1.5 ל',סבן אפ 7up,IL,7 UP שישייה 1.5 ליטר,ליטרים,9.00,ליטר,false,,42.90,4.7667,true,1,2326056
7290000136752,false,סבן אפ דיאט מארז שישייה 1.5 ל' FREE,"טמפו משקאות בע""מ",IL,7 UP דיאט שישייה 1.5,ליטרים,9.00,ליטר,false,,39.90,4.4333,true,1,2326036
7290000136769,false,מארז שישיה בטעם קולה 1.5 ל' פפסי,פפסי Pepsi,IL,פפסי קולה שישייה 1.5,ליטרים,9.00,ליטר,false,,41.90,4.6556,true,1,2326064
7290000136776,false,שישיית פפסי מקס דל קלוריות 1.5 ליטר,פפסי Pepsi,IL,פפסי מקס שישייה 1.5,ליטרים,9.00,ליטר,false,,37.90,4.2111,true,1,2326070
7290000136790,false,מארז סודה שישייה 1.5 ל' טמפו,טמפו 7.5%,IL,שישיית סודה טמפו 1.5,ליטרים,9.00,ליטר,false,,16.70,1.8556,true,1,2326006
7290000136813,false,סודה בטעם אננס מארז רביעייה 1.5 ל' טמפו,טמפו 7.5%,IL,סודה אננס 1.5 ליטר ר,ליטרים,6.00,ליטר,false,,11.90,1.9833,true,1,2326021
7290000136837,false,גזוז בנגיעות טעם אפרסק - מארז רביעייה,טמפו 7.5%,IL,מארז סודה רביעייה 1.,ליטרים,6.00,ליטר,false,,11.90,1.9833,true,1,2326037
7290000136844,false,מארז מים מזוככים אקווה נובה שישיית 2 ליטר,אקווה נובה Aqua Nova,IL,שישייה מים אקווה נוב,ליטרים,12.00,ליטר,false,,11.70,0.9750,true,1,2327765
7290000136868,false,שישיית מים מינרלים סאן בנדטו,סאן בנדטו San Benedetto,IL,סאן-בנדטו שישייה 1.5,ליטרים,9.00,ליטר,false,,17.90,1.9889,true,1,2328338
7290000136875,false,מארז מים מינרלים מוגז 6* 1.5 ל' סאן בנדטו,סאן בנדטו San Benedetto,IL,מים סאן בנדטו מוגז ש,ליטרים,9.00,ליטר,false,,18.90,2.1000,true,1,2325984
7290000144160,false,"שמן זית כתית מעולה מודגש""עץ-הזית"" 750 מ""ל","מרקאולאו, ספרד.אבסה,",IT,שמן זית כתית מעולה מודגש,מיליליטרים,750.00,"100 מ""ל",false,,32.90,0.0439,true,1,1376099
7290000144467,false,שמן חמניות מועשר בנוגדי חמצון 1 ל' עץ הזית,"נארז ע""י : א.ג. גילר",GR,שמן חמניות בריאות מהטבע 1,ליטרים,1.00,ליטר,false,,15.90,15.9000,true,1,1376102
7290000144474,false,שמן עץ הזית קנולה 1 ליטר בריאות מהטבע,שמן תעשיות,EE,שמן קנולה בריאות מהטבע 1,ליטרים,1.00,ליטר,false,,14.90,14.9000,true,1,1376103
7290000146645,false,הוואי - סבון מוצק שחור מסתורי 100 גרם רביעייה,טרופיקל דגיל קוסמטיק,IL,הוואי סבון מוצק שחור 100,גרמים,400.00,100 גרם,false,,10.90,0.0273,true,1,1361738
7290000146652,false,הוואי - סבון מוצק ורוד רומנטי 100 גרם רביעייה,טרופיקל דגיל קוסמטיק,IL,הוואי סבון מוצק ורוד 100,גרמים,400.00,100 גרם,false,,10.90,0.0273,true,1,1361739
7290000146669,false,הוואי - סבון מוצק שמיים כחולים 100 גרם רביעייה,טרופיקל דגיל קוסמטיק,IL,הוואי סבון מוצק כחול 100,גרמים,400.00,100 גרם,false,,10.90,0.0273,true,1,1361740
7290000146676,false,הוואי - סבון מוצק לגבר 100 גרם רביעייה,טרופיקל דגיל קוסמטיק,IL,הוואי סבון מוצק לגבר 100,גרמים,400.00,100 גרם,false,,10.90,0.0273,true,1,1361741
7290000146683,false,הוואי - סבון מוצק אפקט דאודורנט 100 גרם רביעייה,טרופיקל דגיל קוסמטיק,IL,הוואי סבון מוצק דאודורנט,גרמים,400.00,100 גרם,false,,10.90,0.0273,true,1,1361742
7290000146928,false,"טום וגרי משחת שיניים בטעם ענבים 50 מ""ל",טרופיקל דגיל קוסמטיק,IL,טום&ג'רי משחת שיניים ענבי,מיליליטרים,50.00,"100 מ""ל",false,,7.90,0.1580,true,1,1361746
7290000146997,false,טום וג'רי משחת שיניים בטעם מסטיק 50 מל,טרופיקל דגיל קוסמטיק,IL,טום&ג'רי משחת שיניים מסטי,גרמים,50.00,100 גרם,false,,7.90,0.1580,true,1,1361748
7290000148489,false,גרעיני דלעת קליית גת שקית 200 גרם,"ג'י אנד ג'י בע""מ",IL,גרעיני דלעת,גרמים,200.00,100 גרם,false,,9.90,0.0495,true,1,1365209
7290000148618,false,קשיו מטוגן שקית קליית גת 200 גרם,"ג'י אנד ג'י בע""מ",IL,קשיו בשקית,גרמים,200.00,100 גרם,false,,19.90,0.0995,true,1,1365210
7290000148748,false,קליית גת גרעיני חמניה קלויים ומומלחים200,"ג'י אנד ג'י בע""מ",IL,גרעיני חמניה,גרמים,200.00,100 גרם,false,,5.90,0.0295,true,1,1365211
7290000148939,false,שקדים קלויים קלית גת 200 ג',"ג'י אנד ג'י בע""מ",IL,שקד קלוי בשקית,גרמים,200.00,100 גרם,false,,15.90,0.0795,true,1,1365212
7290000149349,false,שמפו לשיער רגיל 1 ל' ויטל,,,שמפו לשיער ויטל 1 לי,ליטרים,1.00,ליטר,false,,11.90,11.9000,true,1,1383152
7290000149615,false,נקה 7 סבון מוצק לתינוק רביעיה * 100 ג',גליל כימיקלים בעממשו,IL,רבעיית סבון מוצק נקה 7 לת,גרמים,400.00,100 גרם,false,,9.90,0.0248,true,1,1383154
7290000149806,false,סופר 7-סבון נוזל כלים 1.0 ל',נקה 7,,נקה 7 סופר נוזל לכלי,ליטרים,1.00,ליטר,false,,11.90,11.9000,true,1,1358462
7290000149844,false,סנו - סינטבון סבון רב שימושי,נקה 7,IL,נקה 7 סינטבון חתול,גרמים,230.00,100 גרם,false,,6.90,0.0300,true,1,1358464
7290000149905,false,טקסטיל שמפו לכביסה ביד 1 ליטר,מיוצר עי קונדיטוריית,IL,טקסטיל נוזל לכביסה 1ליטר,ליטרים,1.00,ליטר,false,,12.90,12.9000,true,1,1358467
7290000149943,false,"טקסטיל שמפו-שקית 1 ק""ג",נקה 7,IL,טקסטיל שמפו בשקית 1 קג,קילוגרמים,1.00,"ק""ג",false,,12.90,12.9000,true,1,1358468
7290000152288,false,עוף טוב נקניקיות עוף מיס לוסי 400 גרם,מולינו ניקולי s.p.a,IL,נקניקיות עוף טוב 400,גרמים,400.00,100 גרם,false,,11.90,0.0298,true,1,1537598
7290000158105,false,שניצל עוף מיני דינוזאור מעוף שגדל ללא אנטיביוטיקה,מוצרי עוף טוב (2001),IL,עוף טוב שניצל עוף מיני די,גרמים,700.00,100 גרם,false,,35.90,0.0513,true,1,1344383
7290000168173,false,ברנפלקס קרנצים 375 ג' תלמה,יוניליור ישראל מזון,IL,תלמה דגני מבוגרים קראנצ'י,גרמים,375.00,100 גרם,false,,22.90,0.0611,true,1,1379912
7290000169538,false,"נמס בכוס עגבניות וקרוטונים מרק כשרות בד""ץ 62 ג' קנור",יוניליוור ישראל מזון,IL,קנור נמס בכוס ועוד עגבניו,גרמים,64.00,100 גרם,false,,6.50,0.1016,true,1,1379947
7290000169798,false,"עוגי מופחת סוכר 20% פצפוצי שוקו' 500ג' בד""צ",יוניליוור שפע ישראל,IL,עוגי 500גר,גרמים,500.00,100 גרם,false,,21.90,0.0438,true,1,1379952
7290000174723,false,שוקולית אבקה להכנת משקה שוקו 500 גרם,הנסיך- מפעל לייצור ט,IL,שוקולית קופסא 500 / 12 ק,גרמים,500.00,100 גרם,false,,11.90,0.0238,true,1,1381294
7290000176062,false,קפה עלית טורקי 100 גרם,שטראוס קפה בי.וי.,IL,טורקי עלית ר 100 גרם,גרמים,100.00,100 גרם,false,,8.90,0.0890,true,1,1381296
7290000176079,false,קפה עלית טורקי עם הל 100 גרם,הנסיך- מפעל לייצור ט,IL,עלית טורקי עם הל 00/1שק'/,גרמים,100.00,100 גרם,false,,9.60,0.0960,true,1,1381297
7290000176413,false,קפה נמס אבקתי 50 גרם,הנסיך- מפעל לייצור ט,IL,עלית נמס אבקתי 50 ג/1פח'/,גרמים,50.00,100 גרם,false,,8.90,0.1780,true,1,1381302
7290000176420,false,קפה נמס אבקתי 200ג עלית,שטראוס קפה בי.וי,IL,כשלפ פחיות אבקתי,גרמים,200.00,100 גרם,false,,19.90,0.0995,true,1,1381303
7290000176468,false,קפה נמס נטול קפאין 50 ג' קפה האג,"איי, בי, אינבוו",IL,כשלפ האג נמס אבקתי 50,גרמים,50.00,100 גרם,false,,11.90,0.2380,true,1,1381304
7290000176475,false,קפה נמס האג נטול קפאין 200 ג',שטראוס גרופ,IL,כשלפ האג נ.אבקתי 200ג-,גרמים,200.00,100 גרם,false,,34.90,0.1745,true,1,1381305
7290000178707,false,תפוצ'יפס טבעי 50 גרם,"שטראוס פריטו ליי בע""",IL,תפוצ'יפס*50 בטעם טב/1שק'/,גרמים,50.00,100 גרם,false,,3.90,0.0780,true,1,1382005
7290000178721,false,חטיף תפוציפס טבעי 20,"שטראוס פריטו ליי בע""",IL,תפוציפס*200*גר'/1שק'/200ג,גרמים,200.00,100 גרם,false,,9.90,0.0495,true,1,1382006
7290000186030,false,מגבוני האגיס תחליב דיספנסר רביעייה,האגיס,IL,רביעיית מגבוני האגיס,יח',224.00,יח',false,,29.90,0.1335,true,1,2069744
7290000189215,false,ניקול מטלית קסם לרצפה,סידורסקי,CN,מטלית קסם רצפה בסט,יח',1.00,יח',false,,15.90,15.9000,true,1,1362350
7290000189536,false,ניקול - שקיות אשפה 40 יח',אשפלסט,IL,שקיות אשפה ניקול 40,יח',40.00,יח',false,,17.90,0.4475,true,1,2223939
7290000189598,false,מטליות לחות חד פעמיות לניקוי כללי 50 יח' ניקול,עלבד משואות יצחק בעמ,IL,ניקול מטליות לחות,יח',50.00,יח',false,,10.90,0.2180,true,1,1362360
7290000189659,false,מטליות לחות לרצפה ניקול 10 יח'-מרכז,עלבד משואות יצחק בעמ,IL,ניקול מטליות לחות,יח',10.00,יח',false,,10.90,1.0900,true,1,1362361
7290000189680,false,ניקול זוג מטליות לחות לרצפה,חוגלה קימברלי,IL,זוג מטליות לחות לנ,יחידה,0.00,יחידה,false,,19.90,0.0000,true,1,1362364
7290000189734,false,מטליות לחות לפרקט 10יח' ניקול,עלבד משואות יצחק בעמ,IL,מטליות לחות לפרקטי,יח',1.00,יח',false,,14.90,14.9000,true,1,1362365
7290000190198,false,מטליות לניקוי וחיטוי חדרי שירותים ואמבטיה,עלבד משואות יצחק בעמ,IL,מ.לחות לניקוי וחיט,יח',50.00,יח',false,,10.90,0.2180,true,1,1362374
7290000190853,false,לילי פיור נייר טואלט דו שכבתי 30 גלילים,חוגלה קימברלי,,נייר טואלט לילי לבן,מטרים,552.00,מטר,false,,35.90,0.0650,true,1,2203467
7290000191652,false,קלינקס ממחטות טישו אולטרא סופט מארז 90X3יח',חוגלה קימברלי,IL,מגבון אף קלינקס נייל,יח',270.00,יח',false,,10.90,0.0404,true,1,1362391
7290000193014,false,פדיות אינטרלוד מגיני יום לילי 50יח',חוגלה קימברלי,CZ,מגני תחתון אינטרלוד,יח',50.00,יח',false,,9.90,0.1980,true,1,1362395
7290000193076,false,שלישיית מטליות לריצפה ניקול,עופרטקס,IL,שלישית מטליות רצפה נ,יח',3.00,יח',false,,10.90,3.6333,true,1,1362397
7290000193083,false,לילי - תחבושות נובה לי 28 יח',חוגלה קימברלי,CZ,תחבושות נובה לילי,יח',28.00,יח',false,,9.90,0.3536,true,1,1362398
7290000193472,false,לילי מגני תחתון נטורל נורמל 60 יח',חוגלה קימברלי,IL,מגני תחתון לשימוש יו,יח',60.00,יח',false,,15.90,0.2650,true,1,1362403
7290000193540,false,לילי אינטימייט מגן תחתון לונג 52יח',חוגלה קימברלי,IL,מגני תחתון לשימוש יו,יח',52.00,יח',false,,15.90,0.3058,true,1,1362404
7290000193618,false,לילי אינטימייט מגן תחתון נורמל 24 יח',לילי,,מגני תחתון לשימוש יו,יח',62.00,יח',false,,15.90,0.2565,true,1,1362405
7290000193649,false,לילי תחבושות נטורל אולטרה סופר 24 יח',לילי,IL,תחבושות היגייניות נו,יחידה,0.00,יחידה,false,,15.90,0.0000,true,1,1362406
7290000193656,false,לילי תחבושות נטורל אולטרה סופר פלוס 24 יח',לילי,IL,תחבושות היגייניות סו,יח',24.00,יח',false,,15.90,0.6625,true,1,1362407
7290000194172,false,מארז מתוקים ללא תוס,ממתקי השלום,IL,מארז מתוקים ללא תוס,גרמים,250.00,100 גרם,false,,14.90,0.0596,true,1,2300429
7290000195537,false,האגיס - מגבוני האגיס דיילי קר לא מבושם 64 יח' * 4,חוגלה קימברלי,IL,מגבוני האגיס מארז,יח',256.00,יח',false,,22.90,0.0895,true,1,1362416
7290000195773,false,האגיס - מגבוני האגיס סנסטיב קר לא מבושם 64 יח' * 4,חוגלה קימברלי,IL,מג' מארז אלוורה ו,יח',256.00,יח',false,,22.90,0.0895,true,1,1362420
7290000196039,false,"מפות שולחן איריס ח""פ ניקול 2 יח'",דיספובד,IL,מפות שולחן ניקול 2,יח',2.00,יח',false,,10.90,5.4500,true,1,1362422
7290000196343,false,"מפת שולחן מהודרת לילי 180X120ס""מ",דיספובד,IL,ניקול מפת שולחן מה,יח',1.00,יח',false,,12.90,12.9000,true,1,1362423
7290000197470,false,מקפיאון שקיות הקפאה מתכלות ניקול 250יח',"אשפלסט תעשיות בע""מ",IL,"שקיות רב""ש מתכלות",יח',250.00,יח',false,,13.90,0.0556,true,1,1362434
7290000197999,false,רדיד אלומיניום עבה ניקול זוגי 30X7.5מ',ניקול,IL,רדיד אלו. עבה *7.5,מטרים,15.00,מטר,false,,14.90,0.9933,true,1,1362443
7290000201818,false,טיטולים פרימיום שלב 2 (3-6) 64 יח',חוגלה קימברלי,IL,טיטולים פרימיום שלב,יח',52.00,יח',false,,39.90,0.7673,true,1,1410549
7290000201856,false,טיטולים פרימיום שלב 4+ 40 יח' (10-16),חוגלה קימברלי,IL,טיטולים פרימיום שלב,יח',38.00,יח',false,,39.90,1.0500,true,1,1410552
7290000201979,false,האגיס מגבונים ללא בישום רביעייה מהדורה,חוגלה קימברלי,IL,מגבוני האגיס מהדורה,יח',256.00,יח',false,,22.90,0.0895,true,1,2223933
7290000204086,false,ניקול כרית קרצוף מארז שלישייה,חוגלה קימברלי,US,סקוטש 1 2 רגיל,יח',3.00,יח',false,,11.90,3.9667,true,1,1362468
7290000204147,false,ניקול כריות יפניות 2 ב 1 רביעייה,פלסטו פוליש (ברקן),IL,כרית יפנית,יח',4.00,יח',false,,11.90,2.9750,true,1,1362469
7290000204215,false,ניקול כריות יפניות 6 יח',פלסטו פוליש (ברקן),IL,ניקול - כרית יפנית,יח',6.00,יח',false,,11.90,1.9833,true,1,1362470
7290000204253,false,מטליות ניקול רב שימושיות 9יח',נועם אורים-קיבוץ אור,IL,"מטלית רב""ש ניקול *",יח',9.00,יח',false,,10.90,1.2111,true,1,1362472
7290000204512,false,מטליות לחות לרצפה בניחוח לימון 10 יח' ניקול,עלבד משואות יצחק בעמ,IL,ניקול מטליות לחות,יח',10.00,יח',false,,10.90,1.0900,true,1,1545117
7290000205526,false,פיסגה שטיפת רצפות 2 ל',"סנו מפעלי ברונוס בע""",IL,פיסגה שטיפת רצפות 2 ליטר,ליטרים,2.00,ליטר,false,,14.90,7.4500,true,1,1358474
7290000207063,false,רסק עגבניות פריכוז 28% 240 גרם יכין,היינץ צפון אמריקה מק,IL,רסק עגבניות פריכוז 260 ג,גרמים,240.00,100 גרם,false,,4.90,0.0204,true,1,1361647
7290000207162,false,רוטב עגבניות מרכיב טבעי 100 ג' יכין,"זנלכל בע""מ",IL,רסק עגבניות 100 ג יכין,גרמים,100.00,100 גרם,false,,1.90,0.0190,true,1,1361650
7290000207438,false,עגבניות 2.5 A קוביות 850 גרם יכין,"זנלכל בע""מ",IL,עגבניות קוביות 800 ג יכין,גרמים,800.00,100 גרם,false,,9.90,0.0124,true,1,2268145
7290000208077,false,אפונת גינה רגילה 550 גרם יכין,"זנלכל בע""מ",IL,אפונת גינה גדולה 550 ג יכ,גרמים,550.00,100 גרם,false,,7.90,0.0144,true,1,1361653
7290000208114,false,"אפונה וגזר יכין A2 פ""ק בית יוסף","זנלכל בע""מ",IL,אפונה וגזר 550 ג יכין,גרמים,550.00,100 גרם,false,,7.90,0.0144,true,1,1361655
7290000208145,false,גרעיני תירס מתוק לייט 550 גרם יכין,"זנלכל בע""מ",IL,תירס לייט 550 ג יכין,גרמים,550.00,100 גרם,false,,8.90,0.0162,true,1,1361658
7290000208244,false,"בסיס לשקשוקה יכין A2 פ""ק בית יוסף","זנלכל בע""מ",IL,בסיס לשקשוקה,גרמים,570.00,100 גרם,false,,8.90,0.0156,true,1,1361663
7290000208329,false,גרעיני תירס מתוק 550 גרם יכין,"זנלכל בע""מ",IL,תירס מתוק 550 ג יכין,גרמים,550.00,100 גרם,false,,7.90,0.0144,true,1,1361667
7290000208336,false,רסק יכין 240גר 22% יכין בית יוסף,"זנלכל בע""מ",IL,רסק עגבניות 260 ג יכין,גרמים,240.00,100 גרם,false,,3.90,0.0162,true,1,1361668
7290000208459,false,"לקט ירקות יכין פ""ק A2 בית יוסף","זנלכל בע""מ",IL,ירקות מעורבים 550 ג יכין,גרמים,550.00,100 גרם,false,,8.90,0.0162,true,1,1361672
7290000208480,false,גרעיני תירס מתוק בטעם חמאה 550 גרם יכין,זנלכל,IL,תירס בטעם חמאה A/2,גרמים,550.00,100 גרם,false,,8.90,0.0162,true,1,1361673
7290000208534,false,גרעיני תירס מתוק לילדים 550 גרם יכין,"זנלכל בע""מ",IL,תירס קיד 550 ג יכין,גרמים,550.00,100 גרם,false,,8.90,0.0162,true,1,1361674
7290000208855,false,רוטב לפסטה קלאסי 240 גרם יכין,"זנלכל בע""מ",IL,רוטב פסטה 260 ג יכין,גרמים,240.00,100 גרם,false,,5.50,0.0229,true,1,1361676
7290000208930,false,עגבניות מרוסקות בתוספת שום 240 גרם יכין,"זנלכל בע""מ",IL,עגבניות מרוסקות שום 260 ג,גרמים,240.00,100 גרם,false,,5.50,0.0229,true,1,1361678
7290000208947,false,עגבניות מרוסקות 260 גרם יכין,היינץ צפון אמריקה מק,IL,עגבניות מרוסקות 260 ג יכי,גרמים,240.00,100 גרם,false,,5.50,0.0229,true,1,1361679
7290000209012,false,חומץ הדרים 5% יכין 1,"זנלכל בע""מ",IL,חומץ הדרים 1 ליטר,ליטרים,1.00,ליטר,false,,5.90,5.9000,true,1,2208143
7290000209173,false,חומץ סינטטי יכין 1 ל',זנלכל,IL,חומץ סינטטי 5% יכין 1 ליט,ליטרים,1.00,ליטר,false,,4.50,4.5000,true,1,1361684
7290000209517,false,סירופ דיאט לימון 1 ל' יכין,היינץ צפון אמריקה מק,IL,סירופ דיאט לימון 1 ליטר,ליטרים,1.00,ליטר,false,,16.90,16.9000,true,1,1361693
7290000209531,false,סירופ דיאט אשכוליות 1ל,זנלכל,IL,'סירופ דיאט אשכוליות 1 ל,ליטרים,1.00,ליטר,false,,16.90,16.9000,true,1,1361695
7290000209555,false,סירופ דיאט תפוח עץ יכין 1 ליטר,זנלכל,IL,'סירופ תפוחי עץ דיאט 1 ל,ליטרים,1.00,ליטר,false,,16.90,16.9000,true,1,1361696
7290000209708,false,עגבניות מרוסקות עם בזיליקום 240 גרם יכין,היינץ צפון אמריקה מק,IL,עגבניות מרוסקות בזיליקום,גרמים,240.00,100 גרם,false,,5.50,0.0229,true,1,1361700
7290000209722,false,רסק עגבניות 28% פריכוז 580 גרם יכין,"זנלכל בע""מ",IL,פריכוז 580 ג יכין,גרמים,580.00,100 גרם,false,,9.90,0.0171,true,1,1361702
7290000209906,false,עגבניות מרוסקות בתוספת בצל 240 גרם יכין,זנלכל,IL,עגבניות מרוסקות עם בצל 26,גרמים,240.00,100 גרם,false,,5.50,0.0229,true,1,1361703
7290000209913,false,עגבניות חתוכות לקוביות 240 גרם יכין,"זנלכל בע""מ",IL,עגבניות קוביות 260 גרם יכ,גרמים,240.00,100 גרם,false,,5.50,0.0229,true,1,1361704
7290000209944,false,רוטב לעגבניות בסיס לשקשוקה 240 ג' יכין,"זנלכל בע""מ",IL,בסיס לשקשוקה 260 ג יכין,גרמים,240.00,100 גרם,false,,5.50,0.0229,true,1,1361705
7290000209951,false,רוטב עגבניות לפיצה 260 גרם יכין,"זנלכל בע""מ",IL,רוטב עגבניות לפיצה 260 ג,גרמים,240.00,100 גרם,false,,5.50,0.0229,true,1,1361706
7290000209968,false,רוטב עגבניות ללזניה יכין 240 גרם,"זנלכל בע""מ",IL,רוטב עגבניות ללזניה 260,גרמים,240.00,100 גרם,false,,5.50,0.0229,true,1,1361707
7290000210896,false,רוטב לפסטה בולונז 240 גרם יכין,"זנלכל בע""מ",IL,רוטב בולונז 260 ג יכין,גרמים,240.00,100 גרם,false,,5.50,0.0229,true,1,1361709
7290000211169,false,"אורז תאילנדי אחד אחד סוגת 1 ק""ג",האי נאם סי או אל.טי.,IL,אורז תאילנדי סוגת 1,קילוגרמים,1.00,"ק""ג",false,,6.90,6.9000,true,1,2301570
7290000211312,false,סוגת אורז מלא פרסי אחד אחד 1 קג,האי נאם סי או אל.טי.,IL,"אורז מלא 1 ק""ג",קילוגרמים,1.00,"ק""ג",false,,8.90,8.9000,true,1,1371995
7290000211374,false,"קמח מלא סוגת 1 ק""ג",טחנת קמח דגן-שטיבל,IL,"קמח מלא 1 ק""ג",קילוגרמים,1.00,"ק""ג",false,,6.90,6.9000,true,1,1371996
7290000211442,false,"סוגת אורז פרסי קלאסי שקית 1 ק""ג",האי נאם סי או אל.טי.,IL,"אורז פרסי 1 ק""ג",קילוגרמים,1.00,"ק""ג",false,,10.90,10.9000,true,1,1371998
7290000211626,false,"סוגת אורז חיש 1 ק""ג",סוגת תעשיות בעמ,IL,"אורש חיש 1 ק""ג",קילוגרמים,1.00,"ק""ג",false,,7.90,7.9000,true,1,1372000
7290000211985,false,"אורז ריזוטו עגול סוגת 1 ק""ג","סוגת תעשיות בע""מ",IL,"אורז עגול 1 ק""ג",קילוגרמים,1.00,"ק""ג",false,,7.90,7.9000,true,1,1372001
7290000214115,false,מרק עוף צנצנת 400 גרם-ויטה,"פרי הגליל בע""""מ",IL,מרק עוף צנצ . 400ויטה,גרמים,400.00,100 גרם,false,,13.90,0.0348,true,1,1385919
7290000218502,false,שעועית לחמין א/2 פרי,פרי הגליל,IL,חמין א -2ויטה בדצ,גרמים,570.00,100 גרם,false,,8.90,0.0156,true,1,1385922
7290000238029,false,"בצק עלים צרפתי מרודד מעדנות 1ק""ג",מיוצר עי קונדיטוריית,IL,"בצק עלים מרודד 1 ק""ג מעדנ",קילוגרמים,1.00,"ק""ג",false,,19.90,19.9000,true,1,1379284
7290000238036,false,מלווח עגול מעדנות 700 ג',מיוצר עי קונדיטוריית,IL,מלאווח 700גר מעדנות,גרמים,700.00,100 גרם,false,,16.90,0.0241,true,1,1379285
7290000238173,false,מעדנות בורקס גבינה 800גר,מיוצר עי קונדיטוריית,IL,בורקס גבינה מעדנות 800גר,גרמים,800.00,100 גרם,false,,19.90,0.0249,true,1,1379286
7290000238180,false,בורקס תפוחי אדמה מעדנות 800ג',מיוצר עי קונדיטוריית,IL,"בורקס תפו""א 800 גרם מעדנו",גרמים,800.00,100 גרם,false,,19.90,0.0249,true,1,1379287
7290000244143,false,"הוואי - קרם לאחר גילוח 120 מ""ל",טרופיקל דגיל קוסמטיק,IL,הוואי קרם לאחר גילוח 120,גרמים,120.00,100 גרם,false,,14.90,0.1242,true,1,1361755
7290000244280,false,משחת גילוח 80 ג מקצי,טרופיקל דגיל,IL,משחת גילוח,גרמים,80.00,100 גרם,false,,7.90,0.0988,true,1,1361758
7290000244761,false,קרם ידיים וולוטה 80 גרם,טרופיקל דגיל קוסמטיק,IL,"קרם ידיים ולוטה 100 מ""ל",מיליליטרים,80.00,"100 מ""ל",false,,9.90,0.1238,true,1,1361761
7290000245072,false,סוד מרכך לכביסה סופט בייבי 4 ל',"הנקל סוד בע""מ",IL,מרכך כביסה סוד בייבי 4 לי,ליטרים,4.00,ליטר,false,,18.90,4.7250,true,1,1399467
7290000245157,false,סוד סופט מרכך כביסה סנסיישן 4 ליטר,"הנקל סוד בע""מ",IL,מרכך כביסה סוד סנסיישן 4,ליטרים,4.00,ליטר,false,,18.90,4.7250,true,1,1399469
7290000245270,false,"פרסיל אבקת כביסה סופרא 1.250 ק""ג","הנקל סוד בע""מ",IL,"אבקת כביסה פרסיל 1.25 ק""ג",קילוגרמים,1.25,"ק""ג",false,,15.90,12.7200,true,1,1399471
7290000245294,false,"א.כ. פרסיל סופרא שקית 2.5 ק""ג","הנקל סוד בע""מ",IL,אבקת כביסה פרסיל אקטיב 2.,קילוגרמים,2.50,"ק""ג",false,,28.90,11.5600,true,1,1399473
7290000245478,false,"סוד - אבקת כביסה לבגדי תינוקות 1.25 ק""ג","הנקל סוד בע""מ",IL,אבקת כביסה סוד בייבי 1.25,קילוגרמים,1.25,"ק""ג",false,,12.90,10.3200,true,1,1399477
7290000245508,false,"אב.כביסה סוד פרפקט 1.25ק""ג-שקית כחולה","הנקל סוד בע""מ",IL,אבקת כביסה סוד שושן מרענן,קילוגרמים,1.25,"ק""ג",false,,12.90,10.3200,true,1,1399478
7290000245515,false,"א.כ סוד קומפקט ביואקטיב פרפריום 1.25 ק""ג","הנקל סוד בע""מ",IL,אבקת כביסה סוד לבנדר 1.25,קילוגרמים,1.25,"ק""ג",false,,12.90,10.3200,true,1,1399479
7290000245539,false,"קומפקט סוד 1.250 ק""ג קולור לכביסה צבעונית","הנקל סוד בע""מ",IL,אבקת כביסה סוד קולור 1.25,קילוגרמים,1.25,"ק""ג",false,,12.90,10.3200,true,1,1399480
7290000245782,false,סוד סופט מרכך כביסה ורוד 4 ליטר,"הנקל סוד בע""מ",IL,מרכך כביסה סוד ורוד 4 ליט,ליטרים,4.00,ליטר,false,,18.90,4.7250,true,1,1399485
7290000245799,false,סוד סופט מרכך כביסה כחול 4 ליטר,"הנקל סוד בע""מ",IL,מרכך כביסה סוד כחול 4 ליט,ליטרים,4.00,ליטר,false,,18.90,4.7250,true,1,1399486
7290000253220,false,שוקולד צ'יפס חום אופנהיימר 260 גר',אופנהיימר,IL,אופנ.שוקוצ'יפס פרווה 300,גרמים,260.00,100 גרם,false,,12.90,0.0496,true,1,1357855
7290000253244,false,מרציפן נקי אופנהיימר 86 גר,אחים מזרחי,IL,מרציפן נקי 86 גרם,גרמים,86.00,100 גרם,false,,8.90,0.1035,true,1,2131894
7290000253251,false,שוקולד צ'יפס לבן אופנהיימר 250 גרם,אופנהיימר,IL,אופנ.שוקוצ'יפס לבן 300 גר,גרמים,250.00,100 גרם,false,,12.90,0.0516,true,1,1357856
7290000253411,false,סוכריות לקישוט צבעונ,אחים מזרחי,IL,סוכריות לקישוט צבעונ,גרמים,90.00,100 גרם,false,,4.90,0.0544,true,1,2131905
7290000253503,false,מרציפן מצופה שוקולד מריר 40 ג',אחים מזרחי,IL,מרציפן מצופה שוקולד,גרמים,40.00,100 גרם,false,,3.90,0.0975,true,1,2131895
7290000253558,false,חלת מרציפן אופנהיימר,אופנהיימר,IL,מרציפן חלה 50 גרם,גרמים,50.00,100 גרם,false,,4.90,0.0980,true,1,2131896
7290000267036,false,שקדים משובבים השף 100 ג',"דין שיווק וקלייה בע""",IL,שקדים מולבנים 100 גר,גרמים,100.00,100 גרם,false,,10.90,0.1090,true,1,1366405
7290000267043,false,שקדים מולבנים פרוסים,"דין שיווק וקלייה בע""",IL,שקדים מולבנים 100 גר,גרמים,100.00,100 גרם,false,,10.90,0.1090,true,1,1366406
7290000267050,false,שקד מולבן טחון 100 גרם,"דין שיווק וקלייה בע""",IL,שקדים טחונים 100 גרם,גרמים,100.00,100 גרם,false,,10.90,0.1090,true,1,1366407
7290000267548,false,אגוזי מלך טחונים השף,"דין שיווק וקלייה בע""",IL,אגוז מלך גרוסים 100ג,גרמים,100.00,100 גרם,false,,9.90,0.0990,true,1,1366409
7290000267555,false,בוטנים טבעיים גרוסים,"דין שיווק וקלייה בע""",,בוטנים טבעיים גרוסים,גרמים,100.00,100 גרם,false,,4.50,0.0450,true,1,1366410
7290000267586,false,גרעייני חמניה קלופים 150 גר,"דין שיווק וקלייה בע""",US,חמניות קלופות 150 גר,גרמים,150.00,100 גרם,false,,4.90,0.0327,true,1,1366411
7290000267678,false,גרעיני דלעת טבעי קלוף שקדיה 150 ג',"דין שיווק וקלייה בע""",US,דלעת 150 גרם,גרמים,150.00,100 גרם,false,,7.90,0.0527,true,1,1366412
7290000272443,false,סירופ עסיס דיאט תפוזים צ.טבעי 1 ל',בית-השיטה עסיס תעשיו,IL,עסיס סירופ דיאט בטעם תפוז,ליטרים,1.00,ליטר,false,,16.90,16.9000,true,1,1344396
7290000272467,false,סירופ עסיס דיאט פטל 1 ליטר,בית-השיטה עסיס תעשיו,IL,עסיס סירופ דיאט בטעם פטל,ליטרים,1.00,ליטר,false,,16.90,16.9000,true,1,1344397
7290000272696,false,עסיס מיץ לימון טבעי משומר 1 ל' אסם,בית-השיטה עסיס תעשיו,IL,עסיס מיץ לימון משומר מרכז,ליטרים,1.00,ליטר,false,,9.90,9.9000,true,1,1344398
7290000272726,false,חומץ טבעי 5% עסיס 1 ל' אסם,בית השיטה עסיס תעשיו,IL,עסיס חומץ 5% 1 ליטר,ליטרים,1.00,ליטר,false,,6.90,6.9000,true,1,1344399
7290000286228,false,כרית קרצוף לכלים סנו סושי 6יח',סנו מפעלי ברונו בעמ,IL,סנו סושי 6 כריות יפניות,יח',6.00,יח',false,,12.90,2.1500,true,1,1358475
7290000286297,false,"סנו אנטי קאלק מסיר אבן מקומקום 700 מ""ל",סנו מפעלי ברונוס בעמ,IL,סנו אנטיקאלק מסיר אבן700,מיליליטרים,700.00,"100 מ""ל",false,,10.90,0.0156,true,1,1358476
7290000286488,false,ספוג רחצה כיף פיראט,קוסמופארם,IL,ספוג כיף פיראט 1 יחידה,יח',1.00,יח',false,,5.90,5.9000,true,1,1358478
7290000286495,false,ספוג רחצה בייבי כיף,קוסמופארם,IL,ספוג בייבי כיף,יחידה,0.00,יחידה,false,,5.90,0.0000,true,1,1358479
7290000286594,false,"סנו איקס לימון במיכל 600 מ""ל",סנו מפעלי ברונוס בעמ,IL,לימון 600 גרם X-סנו,גרמים,600.00,100 גרם,false,,9.90,0.0165,true,1,1358484
7290000286631,false,"סנו אבקה לניקוי ומירוק בריח לימון 600 מ""ל",סנו,IL,לימון שק.מילוי600ג X סנו,גרמים,600.00,100 גרם,false,,6.90,0.0115,true,1,1358485
7290000286761,false,ניילון נצמד סנו סושי פלסטיק מארז 30X2 מ',מיוצר עי קונדיטוריית,CN,ניילון נצמד 2*30 מטר,יח',2.00,יח',false,,12.90,6.4500,true,1,1358486
7290000286891,false,סנו מגן קריסטל 1 ליטר,"סנו מפעלי ברונוס בע""",IL,סנו מגן קריסטל לרצפות1לי,ליטרים,1.00,ליטר,false,,23.90,23.9000,true,1,1358488
7290000286907,false,סנו מסיר כתמים באירו,סנו מפעלי ברונוס בעמ,IL,"סנו מסיר כתמים 170 מ""ל",גרמים,125.00,100 גרם,false,,22.90,0.1832,true,1,1358489
7290000286921,false,"סנוקל רסס וכבס 750 מ""ל",סנו מפעלי ברונוס בעמ,IL,"סנוקל רסס וכבס 750 מ""ל",מיליליטרים,750.00,"100 מ""ל",false,,19.90,0.0265,true,1,1358491
7290000286945,false,"סנו רהיט אקדח מרסס 500מ""ל","סנו מפעלי ברונוס בע""",IL,"סנו רהיט מרסס 500 מ""ל",מיליליטרים,500.00,"100 מ""ל",false,,22.90,0.0458,true,1,1358492
7290000287102,false,"סנו שמפו שטיחים אירוסול 600 מ""ל",מיוצר עי קונדיטוריית,IL,סנו שמפו לשטיחים 540 גרם,מיליליטרים,600.00,"100 מ""ל",false,,22.90,0.0382,true,1,1358495
7290000287195,false,"סנו רהיט ספריי עשיר בווקס להברקה 305 מ""ל",מיוצר עי קונדיטוריית,IL,סנורהיט מבריק רהיטים305ג,מיליליטרים,300.00,"100 מ""ל",false,,14.90,0.0497,true,1,1358496
7290000287355,false,נוזל רצפות סנו סופר פוליש 1 ל,סנו,IL,סנו סופר פוליש לרצפות 1ל,ליטרים,1.00,ליטר,false,,27.90,27.9000,true,1,1358498
7290000287409,false,סנובון שלישיה תות 3 יח' *55 ג',סנו מפעלי ברונוס בעמ,IL,55 גרם X'סנובון תות 3יח,גרמים,165.00,100 גרם,false,,12.90,0.0782,true,1,1358500
7290000287485,false,סנובון לובר לאסלה 3 יח' * 55 ג',סנו מפעלי ברונו בעמ,IL,55גרם X'סנובון לובר 3יח,גרמים,165.00,100 גרם,false,,12.90,0.0782,true,1,1358502
7290000287492,false,"סנו - סנובון נוזלי לימון 750 מ""ל","איי, בי, אינבוו",IL,סנובון נוזלי לימון 750מל,מיליליטרים,750.00,"100 מ""ל",false,,10.90,0.0145,true,1,1358503
7290000287607,false,סבון אסלה סנו בלו גד,סנו,IL,סנו בלו סבון למיכל האסלה,גרמים,150.00,100 גרם,false,,19.90,0.1327,true,1,1358505
7290000287621,false,"מנקה אסלות סנו אנטי קאלק 750 מ""ל,",מיוצר עי קונדיטוריית,IL,סנו אנטי קאלק לאסלות750מ,מיליליטרים,750.00,"100 מ""ל",false,,11.90,0.0159,true,1,1358506
7290000288017,false,ז'אוול אקונומיקה 1ל'-לימון,"סנו מפעלי ברונוס בע""",IL,סנו ג'אוול לימון 1 ליטר,ליטרים,1.00,ליטר,false,,7.90,7.9000,true,1,1358514
7290000288024,false,סנו - ז'אוול אקונומיקה בריח לימון 4 ליטר,"סנו מפעלי ברונוס בע""",IL,סנו ג'אוול לימון 4 ליטר,ליטרים,4.00,ליטר,false,,16.90,4.2250,true,1,1358515
7290000288048,false,סנו זאוול מרסס מונבלאן 1 ליטר,"סנו מפעלי ברונוס בע""",IL,סנו ג'אוול מרסס לבנדר 1ל,ליטרים,1.00,ליטר,false,,19.90,19.9000,true,1,1358517
7290000288079,false,סנו - ז'אוול אקונומיקה לימון 2 ליטר,"סנו מפעלי ברונוס בע""",IL,סנו ג'אוול לימון 2 ליטר,ליטרים,2.00,ליטר,false,,13.90,6.9500,true,1,1358518
7290000288086,false,"סנו ז'אוול אבקת ואקונומיקה לימון 600 מ""ל",מיוצר עי קונדיטוריית,IL,ג'אוול אב.ניקוי לימון600,גרמים,600.00,100 גרם,false,,10.90,0.0182,true,1,1358519
7290000288109,false,"אבקת כביסה מקסימה אפקט ג''אוול 1.25 ק""ג סנו",סנו מפעלי ברונוס בעמ,IL,אבקת מקסימה ג'אבל 1.25קג,קילוגרמים,1.25,"ק""ג",false,,18.90,15.1200,true,1,1358520
7290000288352,false,"סנו K-300 חרקים ונמלים 630מ""ל","סנו מפעלי ברונוס בע""",IL,300 קוטל חרק./זוחל630מ-K,מיליליטרים,630.00,"100 מ""ל",false,,19.90,0.0316,true,1,1358524
7290000288383,false,"סנו K-500 נמלים ותיקנים 630מ""ל",מיוצר עי קונדיטוריית,IL,500 תרס.נגד נמלים 400מ-K,מיליליטרים,400.00,"100 מ""ל",false,,22.90,0.0572,true,1,1358525
7290000288390,false,"סנו K-600 מעופפים 500מ""ל","סנו מפעלי ברונוס בע""",IL,600 יבש קוטל חרקים500מ-K,מיליליטרים,450.00,"100 מ""ל",false,,22.90,0.0509,true,1,1358526
7290000288413,false,"סנו - די רולאון דוחה יתושים 50 מ""ל",גוד פוד פרודקטס S.p,IL,"סנו די כדורי 50 מ""ל",גרמים,50.00,100 גרם,false,,19.90,0.3980,true,1,1358527
7290000288727,false,סנו מקסימה אבקת כביסה מאסק מילוי 1.25,General,IL,א.כביסה מקסימה מאסק1.25ק,קילוגרמים,1.25,"ק""ג",false,,18.90,15.1200,true,1,1358532
7290000288840,false,סנו - מים מזוקקים 2 ליטר,החברה הדרומית,IL,סנו מים מזוקקים 2 ליטר,ליטרים,2.00,ליטר,false,,12.90,6.4500,true,1,1358533
7290000289052,false,פוליוקס 4 ליטר בניחוח סחלבים,סנו פוליויקס,IL,פוליויקס סחלבים 4 ליטר,ליטרים,4.00,ליטר,false,,42.90,10.7250,true,1,1358535
7290000289380,false,"סנו - ז'אוול לניקוי אסלות לימון 750 מ""ל",סנו JAVEL,IL,מונבלאן750 WC ג'אוול ג'ל,מיליליטרים,750.00,"100 מ""ל",false,,10.90,0.0145,true,1,1358542
7290000289472,false,סנו סושי שקיות 76*90 50 יח' XXL,מיוצר עי קונדיטוריית,IL,50 שק.אשפה מתכלות 76*90ס,יח',50.00,יח',false,,19.90,0.3980,true,1,1358544
7290000289496,false,"סנו - ז'אוול ג'ל קרם לניקוי כללי לימון 750 מ""ל","סנו מפעלי ברונוס בע""",IL,ג'אוול ג'ל קרם לימון750מ,מיליליטרים,750.00,"100 מ""ל",false,,12.90,0.0172,true,1,1358545
7290000289595,false,"אורביטול משחת שיניים לילדים בטעם תות שדה 145 מ""ל",טרופיקל דגיל תעשיות,IL,אורביטול קיד תות 145 גרם,גרמים,145.00,100 גרם,false,,8.90,0.0614,true,1,1358547
7290000289748,false,"סנו פורטה פלוס מסיר שומנים לתנור 750מ""ל","סנו מפעלי ברונוס בע""",IL,"סנו פורטה פלוס 750 מ""ל",מיליליטרים,750.00,"100 מ""ל",false,,16.90,0.0225,true,1,1358550
7290000289885,false,"סנו פרש ענק אושן כחול 375 מ""ל",סנו fresh,IL,סנופרש ענק אושן כחול375מ,מיליליטרים,375.00,"100 מ""ל",false,,9.90,0.0264,true,1,1358551
7290000289892,false,"סנו פרש ענק מאונטן טורקיז 375 מ""ל",סנו fresh,IL,סנו פרש מאונטן טורקיז375,מיליליטרים,375.00,"100 מ""ל",false,,9.90,0.0264,true,1,1358552
7290000289915,false,"סנו פרש ענק קוקו וניל צהוב 375 מ""ל",סנו fresh,IL,"סנופרש וניל מתוק 375 מ""ל",מיליליטרים,375.00,"100 מ""ל",false,,9.90,0.0264,true,1,1358553
7290000291857,false,פוליויקס בניחוח GOLDEN SUNRISE,סנו פוליויקס,IL,פוליויקס סנרייז 2 ליטר,ליטרים,2.00,ליטר,false,,24.90,12.4500,true,1,1358556
7290000291932,false,"סנובון לניקוי לבנדר 750מ""ל","סנו מפעלי ברונוס בע""",IL,סנובון נוזלי לבנדר 750מל,מיליליטרים,750.00,"100 מ""ל",false,,10.90,0.0145,true,1,1358558
7290000291956,false,סנו ז'אוול בריח לבנדר 1 ל',סנו,,ז'אוול אקונומיקה 1 ל,ליטרים,1.00,ליטר,false,,7.90,7.9000,true,1,1358559
7290000291963,false,סנו ז'אוול סמיכה לימון 1 ל',סנו JAVEL,IL,אקונומיקה ג'אוול סמיכה1ל,ליטרים,1.00,ליטר,false,,7.90,7.9000,true,1,1358560
7290000292137,false,"סנו: נוזל ניקוי וטיפול במוצרי עור 500 מ""",מיוצר עי קונדיטוריית,IL,"סנו לניקוי עור 500 מ""ל",מיליליטרים,500.00,"100 מ""ל",false,,29.90,0.0598,true,1,1358561
7290000292311,false,פוליוקס 2 ליטר בניחוח סחלבים,"סנו מפעלי ברונוס בע""",IL,פוליויקס סחלבים 2 ליטר,ליטרים,2.00,ליטר,false,,24.90,12.4500,true,1,1358562
7290000292533,false,סנו גל לניקוי כללי על בסיס שמן אורנים 1ל,החברה הדרומית,IL,ג'ל לניקוי כללי אורנ,ליטרים,1.00,ליטר,false,,16.90,16.9000,true,1,1358565
7290000292557,false,סנומט מלוי נוזלי דוחה יתושים 45 לילות,טרופיקל דגיל תעשיות,IT,סנומט נוזלי45לילות-מילוי,מיליליטרים,35.00,"100 מ""ל",false,,19.90,0.5686,true,1,1358567
7290000292564,false,"סנו 2000-K דוחה חרקים ללא ריח 750 מ""ל",מיוצר עי קונדיטוריית,IL,"2000 אינסקטל 750 מ""ל-K",מיליליטרים,750.00,"100 מ""ל",false,,29.90,0.0399,true,1,1358568
7290000292687,false,סנובון לאסלה כחול אפרסק נתלה 55X3ג',מיוצר עי קונדיטוריית,IL,55גX3 סנובון כחול שלישיה,גרמים,165.00,100 גרם,false,,15.90,0.0964,true,1,1358571
7290000292694,false,מגן קריסטל לרצפה 2ליטר,סנו,IL,'מגן קריסטל לרצפה סנו 2ל,ליטרים,2.00,ליטר,false,,44.90,22.4500,true,1,1358572
7290000292915,false,"סנו רסס ונגב אקדח 750מ""ל","סנו מפעלי ברונוס בע""",IL,"סנו רסס ונגב מרסס 750מ""ל",מיליליטרים,750.00,"100 מ""ל",false,,19.90,0.0265,true,1,1358573
7290000292939,false,אקוה בלו לאסלה סנו 100 גרם,סנו,IL,אקווה בלו למיכל אסלה100ג,גרמים,100.00,100 גרם,false,,12.90,0.1290,true,1,1358574
7290000293530,false,סופג לחות ומונע עובש,סנו,IL,סנו סופג לחות ש.מילוי340,מיליליטרים,340.00,"100 מ""ל",false,,14.90,0.0438,true,1,1358577
7290000293820,false,"קרמה מן שמפו וג'ל גל רחצה אקטיב בלוק 700מ""ל",גוד פוד פרודקטס S.p,IL,קרמה מן ג'ל רחצה אקט,מיליליטרים,700.00,"100 מ""ל",false,,18.90,0.0270,true,1,1891733
7290000293837,false,"קרמה מן דאודורנט ג'ל אנטיפרספירנט 70 מ""ל",קוסמופארם בעמ,IL,דאודורנט ג'ל קרמה מן,מיליליטרים,70.00,"100 מ""ל",false,,14.90,0.2129,true,1,1891734
7290000294391,false,סנו ג'ט יכול הכל סחלבים 4 ל',סנו,IL,סנו ג'ט נ.כללי שחלבים 4ל,ליטרים,4.00,ליטר,false,,22.90,5.7250,true,1,1358581
7290000294575,false,סנו סושי רב מגבת 63 דפים בגליל,סנו סושי,IL,רב מגבת סנו סושי 63 דפים,יח',63.00,יח',false,,12.90,0.2048,true,1,1358585
7290000294780,false,סנו - ז'אוול אקונומיקה סמיכה מבושמת 4 ליטר,"סנו מפעלי ברונוס בע""",IL,סנו ג'אול אקונומ.סמיכה4ל,ליטרים,4.00,ליטר,false,,16.90,4.2250,true,1,1358587
7290000295121,false,מטליות זיגזג סנו סושי לניקוי רצפות 3יח',עופרטקס,IL,מטליות זיגזג 3 יחידות,יח',3.00,יח',false,,13.90,4.6333,true,1,1358589
7290000295299,false,סנו סושי כריות הפלא רב תכלתיות רביעייה,סנו מפעלי ברונו בעמ,IL,כריות הפלא 4 יח סנו סושי,יח',4.00,יח',false,,10.90,2.7250,true,1,1358590
7290000295336,false,סנו מקסימה אבקת כביסה סנסטיב מילוי1.25,סנו מפעלי ברונוס בעמ,IL,אבקת מקסימה סנסטיב 1.25ק,קילוגרמים,1.25,"ק""ג",false,,18.90,15.1200,true,1,1358592
7290000295367,false,"מקסימה ז'אוול 2.5ק""ג אבקת כביסה מרכז",סנו מקסימה,IL,אבקת מקסימה ג'אוול 2.5קג,קילוגרמים,2.50,"ק""ג",false,,29.90,11.9600,true,1,1358594
7290000295404,false,סנו סושי שקית אשפה חזקות 70*50 60 יח',מיוצר עי קונדיטוריית,IL,שקיות אשפה 60יחידות,יח',60.00,יח',false,,22.90,0.3817,true,1,1358595
7290000295503,false,סנו סושי שקיות אוכל מתכלות זוג *150 יח',"אשפלסט תעשיות בע""מ",CN,שקיות אוכל 2*150 יחידות,יח',300.00,יח',false,,14.90,0.0497,true,1,1358597
7290000295541,false,סנו רב מגבת גמבו 75 דפים בגליל,מיוצר עי קונדיטוריית,IL,סנו סושי 75רב מגבת ג'מבו,יח',75.00,יח',false,,17.90,0.2387,true,1,1358598
7290000295558,false,רדיד אלומיניום סנו סושי זוגי 30X7.5מ',מולינו ניקולי s.p.a,TR,2רדידי אלומיניום7.5*0.3מ,מטרים,15.00,מטר,false,,12.90,0.8600,true,1,1358599
7290000295565,false,רדיד אלומיניום סנו סושי זוגי 45X7.5מ',בורסה פזרי,TR,7.5Xצמד רדיד אלומניום45ס,מטרים,15.00,מטר,false,,16.90,1.1267,true,1,1358600
7290000295749,false,ספוג כייף סאקי מסאז 1יח',גוד פוד פרודקטס S.p,IL,ספוג כיף סאקי מסאז' 1 יח,יח',1.00,יח',false,,7.90,7.9000,true,1,1358603
7290000295794,false,כרית מתכת סנו סושי אל חלד 3יח',סנו,,ספוגית מתכת רב שימוש,יח',3.00,יח',false,,9.90,3.3000,true,1,1358604
7290000295817,false,סנו סושי ניילון נצמד 300 מ',סנו,CN,ניילון נצמד סנו סושי300מ,מטרים,300.00,מטר,false,,44.90,0.1497,true,1,1358605
7290000300900,false,טבעול שניצל תירס 8*750גרם רכיבים טבעיים,עיצובים 2020 (4.8),IL,טבעול שניצל תירס מרכיבים,גרמים,750.00,100 גרם,false,,29.90,0.0399,true,1,1344406
7290000303581,false,פול מצרי A-2 פרי הגליל 560ג',"פרי הגליל בע""""מ",IL,פול מצרי א -2פג,גרמים,560.00,100 גרם,false,,6.50,0.0116,true,1,1385946
7290000303598,false,שעועית לבנה אפויה במיץ עגבניות A2,"פרי הגליל בע""""מ",IL,שע .ברוטב א -2אגודה,גרמים,580.00,100 גרם,false,,6.50,0.0112,true,1,1385947
7290000303604,false,חומוס גרגירים A2 פרי גליל 550ג',"פרי הגליל בע""""מ",IL,חומוס א -2אגודה פג,גרמים,550.00,100 גרם,false,,6.50,0.0118,true,1,1385948
7290000304663,false,סלט טונה פיקנטי יונה 170 גרם,סטארקיסט,,סלט טונה 160 גרם,גרמים,160.00,100 גרם,false,,5.90,0.0369,true,1,1345708
7290000307015,false,אפונת גינה גדול 550 גר A2 פרי גליל,"פרי הגליל בע""""מ",IL,אפונה א -2פג,גרמים,550.00,100 גרם,false,,6.90,0.0125,true,1,1385949
7290000307046,false,אפונת גינה וגזר 550 גר A2 פרי גליל,"פרי הגליל בע""""מ",IL,אפונה וגזר א -2פג,גרמים,550.00,100 גרם,false,,6.90,0.0125,true,1,1385950
7290000307220,false,גרעיני תירס מתוק בואקום פרי הגליל 285 גרם,"פרי הגליל בע""""מ",IL,תירס 12אונק פג,גרמים,340.00,100 גרם,false,,4.90,0.0144,true,1,1385951
7290000307237,false,גרעיני תירס מתוק 550 ג' פרי הגליל,"פרי הגליל בע""""מ",IL,תירס א -2פג,גרמים,550.00,100 גרם,false,,6.90,0.0125,true,1,1385952
7290000307343,false,שעועית ירוקה חתוכה A2 פרי גליל 550ג',"פרי הגליל בע""""מ",IL,שע ירוקה א -2פג,גרמים,550.00,100 גרם,false,,6.90,0.0125,true,1,1385957
7290000307800,false,פול ירוק 800 גרם פרי הגליל,"פרי הגליל בע""""מ",IL,פול 800פג,גרמים,800.00,100 גרם,false,,19.90,0.0249,true,1,1385958
7290000307985,false,גרעיני תירס מתוק ללא למלח 325 גרם פרי הגליל,פרי הגליל,IL,תירס 12אונק ל מלח פג,גרמים,340.00,100 גרם,false,,4.90,0.0144,true,1,1385959
7290000308951,false,רביולי גבינה אחלה 40,שטראוס,IL,רביולי גבינה 400 חדש,גרמים,400.00,100 גרם,false,,18.90,0.0472,true,1,1380623
7290000311203,false,וופלים מן בטעם שוקולד 200 גרם,תות ממתקי איכות,IL,ופלים 200 גר' שוקו,גרמים,200.00,100 גרם,false,,4.30,0.0215,true,1,1375594
7290000311210,false,וופלים מן בטעם לימון 200 גרם,"רוקחמן בע""מ",IL,ופלים 200 גר' לימון,גרמים,200.00,100 גרם,false,,4.30,0.0215,true,1,1375595
7290000311227,false,ופלים בטעם קפה מן 20,"רוקחמן בע""מ",IL,ופלים 200 גר' קפה,גרמים,200.00,100 גרם,false,,4.30,0.0215,true,1,1375596
7290000311234,false,ופלים בטעם וניל מן 2,"רוקחמן בע""מ",IL,ופלים 200 גר' וניל,גרמים,200.00,100 גרם,false,,4.30,0.0215,true,1,1375597
7290000311272,false,מן-וופלים במילוי חלווה 180 ג,"רוקחמן בע""מ",IL,ופל חלבה 180 גר',גרמים,180.00,100 גרם,false,,4.30,0.0239,true,1,1375599
7290000311432,false,עוגיות גרנולה קינמון ללא תוספת סוכר 200ג,"רוקחמן בע""מ",IL,עוגיות גרנולה בטעם ק,גרמים,200.00,100 גרם,false,,8.90,0.0445,true,1,2306440
7290000311845,false,עוגיות קמח מלא ללא תוספת סוכר מן 200ג,"רוקחמן בע""מ",IL,עוגיות חיטה מלאה ללא,גרמים,200.00,100 גרם,false,,8.90,0.0445,true,1,1442663
7290000311869,false,מן-וופלים בטעם שוק ללא תוספת סוכר 180ג,תות ממתקי איכות,IL,וופלים ללא תוספת סוכ,גרמים,180.00,100 גרם,false,,7.90,0.0439,true,1,1442664
7290000311876,false,מן-וופלים בטעם וניל ללא תוספת סוכר 180ג,"רוקחמן בע""מ",IL,וופלים ללא תוספת סוכ,גרמים,180.00,100 גרם,false,,7.90,0.0439,true,1,1442665
7290000311883,false,"עוגיות גרנולה לל""ס גרנולה 200 גרם",תות ממתקי איכות,IL,עוגיות גרנולה ללא תו,גרמים,200.00,100 גרם,false,,8.90,0.0445,true,1,1442666
7290000311890,false,ופל בטעם לימון ללא סוכר 180 גר',"רוקחמן בע""מ",IL,וופלים ללא תוספת סוכ,גרמים,180.00,100 גרם,false,,7.90,0.0439,true,1,2269088
7290000313160,false,עוגיות חברים זהבה ו-3 הדובים שוקו' אסם 250 גר',היינץ צפון אמריקה מק,IL,אסם עוגיות שוקולד זהבה וש,גרמים,250.00,100 גרם,false,,7.90,0.0316,true,1,1344412
7290000313184,false,עוגיות חברים גן חיות וניל אסם 250 גר',הגביע מוצרי וופלים ב,IL,אסם עוגיות גן חיות וניל 2,גרמים,250.00,100 גרם,false,,7.90,0.0316,true,1,1344413
7290000313290,false,אסם נודלס נודלס איטריות מסולסלות 200גר,תאי פרזידנט פוד בנגק,TH,אסם נודלס אטריות מסולסלות,גרמים,200.00,100 גרם,false,,9.90,0.0495,true,1,1344415
7290000315126,false,קנור ציר עוף משחתי 3,יוניליוור ישראל מזון,IL,קנור בויון עוף 300 גרם,גרמים,300.00,100 גרם,false,,24.90,0.0830,true,1,1379957
7290000315133,false,קנור ציר בקר משחתי 3,יוניליוור ישראל מזון,IL,קנור בויון בקר 300 גרם,גרמים,300.00,100 גרם,false,,24.90,0.0830,true,1,1379958
7290000318011,false,נקניקיות ענקיות 1 קג,,,נקניקיות ענקניקיה 1,גרמים,1000.00,100 גרם,false,,19.90,0.0199,true,1,1405779
7290000318127,false,נקניקיות ביס 380 ג' יחיעם,מעדני יחיעם,IL,נק' ביס 380גרם,גרמים,380.00,100 גרם,false,,9.90,0.0261,true,1,1381913
7290000318677,false,סלמי סרוולט 150 ג' יחיעם,מעדני יחיעם,IL,סרוולד 150,גרמים,150.00,100 גרם,false,,22.90,0.1527,true,1,1381925
7290000318707,false,סלמי מעושן 500 ג' יחיעם,מעדני יחיעם,IL,סלמי מעושן 500גרם,גרמים,500.00,100 גרם,false,,29.90,0.0598,true,1,1381927
7290000319063,false,כתף בקר מפולפל 150 גרם,מעדני יחיעם,IL,כתף בקר מפולפל,גרמים,150.00,100 גרם,false,,22.90,0.1527,true,1,1937939
7290000319292,false,"נקניקיות וינר 1 ק""ג יחיעם",מעדני יחיעם,IL,נקניקיות וניר פלוס 1,גרמים,1000.00,100 גרם,false,,19.90,0.0199,true,1,1405780
7290000319391,false,"נקנקיות צ'ופר 1 ק""ג יחיעם",,,נקניקיות צ'ופר 1 קג,גרמים,1000.00,100 גרם,false,,19.90,0.0199,true,1,1405782
7290000319520,false,סאלמי צרפתי יחיעם 10,מעדני יחיעם,IL,צרפתי 100גרם- H,גרמים,100.00,100 גרם,false,,16.90,0.1690,true,1,1381951
7290000319803,false,קבנוס קלאסי 125 ג' יחיעם,תאי פרזידנט פוד פאבל,IL,קבנוס קלאסי 125 גרם,גרמים,125.00,100 גרם,false,,12.90,0.1032,true,1,1405820
7290000319834,false,קבנוס פפרוני קלאסי 125 ג',תאי פרזידנט פוד פאבל,IL,קבנוס פפרוני 125 גרם,גרמים,125.00,100 גרם,false,,12.90,0.1032,true,1,1405821
7290000327020,false,"מארז פפסי פחית צרה 330 מ""ל*6 יח'",מודרן גרופ משקאות בע,IL,"פפסי פחית צרה 330 מ""",ליטרים,1.98,ליטר,false,,19.90,10.0505,true,1,2349074
7290000327037,false,"מארז מירינדה פחית צרה 330 מ""ל*6 יח'",מודרן גרופ משקאות בע,IL,מירינדה פחית צרה 330,ליטרים,1.98,ליטר,false,,19.90,10.0505,true,1,2349075
7290000327044,false,"מארז סבן אפ פחית צרה 330 מ""ל*6 יח'",מודרן גרופ משקאות בע,IL,סבן אפ פחית צרה 330,ליטרים,1.98,ליטר,false,,19.90,10.0505,true,1,2349076
7290000334684,false,טבעות בצל 700 גרם תפוגן,"תעשיות תפוגן בע""מ",IL,תפוגן טבעות בצל 700 גרם,גרמים,700.00,100 גרם,false,,14.90,0.0213,true,1,1344422
7290000334745,false,"אמריקאן צ'יפס תפוגן 1.5 ק""ג","תעשיות תפוגן בע""מ",IL,תפוגן צ'יפס אמריקאי דק 1.,קילוגרמים,1.50,"ק""ג",false,,22.90,15.2667,true,1,1344424
7290000336282,false,"פריגת סיידר צלול 330 מ""ל בקבוק",טמפו משקאות בעמ,IL,"סיידר צלול 330 מ""ל",מיליליטרים,330.00,"100 מ""ל",false,,7.50,0.0227,true,1,1362819
7290000339191,false,רן אבקת הלבנה קל 350ג,זוהר דליה - 3P Local,IL,בדין אבקה מסוג אבקה רגילה,גרמים,350.00,100 גרם,false,,15.90,0.0454,true,1,1379991
7290000341071,false,בדין - מרכך כביסה בייבי לבן 2 ליטר,יוניליוור ישראל טיפו,IL,Badin Std Liquid Baby 2L,ליטרים,2.00,ליטר,false,,18.90,9.4500,true,1,1379997
7290000345048,false,תה ויסוצקי 74 125 גרם,תה ויסוצקי,IL,תה 74,גרמים,125.00,100 גרם,false,,11.90,0.0952,true,1,1378082
7290000345055,false,תה ויסוצקי ארל גריי 100 ג',מולינו ניקולי s.p.a,IL,ארל גריי,גרמים,100.00,100 גרם,false,,12.90,0.1290,true,1,1378083
7290000345116,false,תה ויסוצקי ירוק 125 גרם,תה ויסוצקי,IL,תה ירוק,גרמים,125.00,100 גרם,false,,12.90,0.1032,true,1,1378084
7290000345208,false,תה ויסוצקי קלאסיק מעודן 25X1.0יח',תה ויסוצקי,IL,תה ויסוצקי קלאסי 25/1,גרמים,25.00,100 גרם,false,,5.90,0.2360,true,1,1378086
7290000345215,false,תה ויסוצקי קלאסיק 100/1 כחול מעודן,מולינו ניקולי s.p.a,IL,תה ויסוצקי קלאסי 100/1,גרמים,100.00,100 גרם,false,,19.90,0.1990,true,1,1378087
7290000345260,false,תה ויסוצקי 25 שקיקים 1.5 גרם,מולינו ניקולי s.p.a,IL,תה ויסוצקי קלאסי 25/1.5,גרמים,37.50,100 גרם,false,,5.90,0.1573,true,1,1378088
7290000345284,false,תה ויסוצקי קלאסיק טעם עשיר 100/1.5יח',מולינו ניקולי s.p.a,IL,תה ויסוצקי קלאסי 100/1.5,גרמים,150.00,100 גרם,false,,17.90,0.1193,true,1,1378090
7290000345291,false,תה ארל גריי 25 שקיקים ויסוצקי,תה ויסוצקי,IL,ארל גריי 25,גרמים,37.50,100 גרם,false,,13.90,0.3707,true,1,1378091
7290000345307,false,תה ארל גריי 50 שקיקים ויסוצקי,מולינו ניקולי s.p.a,IL,ארל גריי 50,גרמים,75.00,100 גרם,false,,24.90,0.3320,true,1,1378092
7290000345536,false,תה נענע 25 שקיקים 1.5 גרם,מולינו ניקולי s.p.a,IL,תה נענע,גרמים,42.50,100 גרם,false,,15.90,0.3741,true,1,1378093
7290000345666,false,תה אינגליש ברקפסט 25 שקיקים 2 גרם,ויסוצקי,IL,אינגליש ברקפסט,גרמים,50.00,100 גרם,false,,13.90,0.2780,true,1,1378097
7290000346021,false,חליטת קמומיל בבונג גן קסום 50 שקיקים,בית ויסוצקי,IL,חליטת קמומיל 50,גרמים,75.00,100 גרם,false,,29.90,0.3987,true,1,1378098
7290000346120,false,חליטת קסם הקינמון 25 שקיקים גן קסום,תה ויסוצקי,IL,חליטת קסם הקינמון,גרמים,62.50,100 גרם,false,,16.90,0.2704,true,1,1378099
7290000346137,false,חליטת הילולי פירות 25 שקיקים גן קסום,תה ויסוצקי,IL,חליטת הילולי פירות,גרמים,62.50,100 גרם,false,,16.90,0.2704,true,1,1378100
7290000346144,false,חליטת עינוגי התפוח 25 שקיקים גן קסום,תה ויסוצקי,IL,חליטת עינוגי תפוח,גרמים,67.50,100 גרם,false,,16.90,0.2504,true,1,1378101
7290000346168,false,תה ויסוצקי חליטת שומר הגן הקסום 25יח',תה ויסוצקי,IL,חליטת שומר,גרמים,37.50,100 גרם,false,,16.90,0.4507,true,1,1378103
7290000346199,false,חליטת פירות היער 25 שקיקים גן קסום,תה ויסוצקי,IL,חליטת פירות יער,גרמים,67.50,100 גרם,false,,16.90,0.2504,true,1,1378104
7290000346205,false,חליטת קמומיל 25 שקיקים הגן קסום,תה ויסוצקי,IL,חליטת קמומיל,גרמים,37.50,100 גרם,false,,16.90,0.4507,true,1,1378105
7290000346236,false,חליטת לואיזה 25 שקיקים הגן הקסום,תה ויסוצקי,IL,חליטת לואיזה,גרמים,50.00,100 גרם,false,,16.90,0.3380,true,1,1378108
7290000346960,false,תה ויסוצקי נענע 1.7 גרם 50יח',בית ויסוצקי,IL,תה נענע,גרמים,85.00,100 גרם,false,,25.90,0.3047,true,1,1378110
7290000347738,false,תה ירוק נענע 25 שקיקים 1.5 גרם,תה ויסוצקי,IL,תה ירוק נענע,גרמים,37.50,100 גרם,false,,22.90,0.6107,true,1,1378113
7290000347752,false,תה ירוק לימונית ולואיזה 25 שקיקים *1.5 ג'' ויסוצקי,תה ויסוצקי,IL,תה ירוק לימונית ולואיזה,גרמים,37.50,100 גרם,false,,22.90,0.6107,true,1,1378115
7290000355382,false,עגבניות מרוסקות עם בזיל טל 800 גרם,"מילוז(1989)בע""""מ",IL,עגב.מרוסקות בזיל. א- 2.5ט,גרמים,800.00,100 גרם,false,,6.90,0.0086,true,1,1385964
7290000355405,false,עגבניות מרוסקות A2.5 ובצל טל וטרי 800 גר',מילוז(1989),IL,עגב.מרוסקות בצל א- 2.5טל,גרמים,800.00,100 גרם,false,,6.90,0.0086,true,1,1385966
7290000355481,false,רסק עגבניות BX22 טומטו 600ג' A2,"מילוז(1989)בע""""מ",IL,רוטב עגב. א- BX22 2טומטו,גרמים,570.00,100 גרם,false,,4.90,0.0086,true,1,1385968
7290000355498,false,רוטב עגבניות A2 BX28 טומטו 580ג',"מילוז(1989)בע""""מ",IL,רוטב עגב. א- BX28 2טומטו,גרמים,580.00,100 גרם,false,,5.90,0.0102,true,1,1385969
7290000355757,false,עגבניות מרוסקות טל וטרי 800 גרם,"מילוז(1989)בע""""מ",IL,עגב.מרוסקות א- 2.5טל,גרמים,800.00,100 גרם,false,,6.90,0.0086,true,1,1385974
7290000363011,false,סלמי קוניאק מובחר טירת צבי במשקל,הנסיך- מפעל לייצור ט,IL,סלמי קוניאק במשקל טירת צב,קילוגרמים,1.00,"ק""ג",true,,80.00,80.0000,true,1,1379295
7290000363233,false,קבנוס מובחר 100 גרםטירת צבי,טירת צבי,IL,קבנוס 100 גרם טירת צבי,גרמים,100.00,100 גרם,false,,9.90,0.0990,true,1,1379298
7290000363363,false,קבנוס מיוחד 160 גרםטירת צבי,הנסיך- מפעל לייצור ט,IL,קבנוס מיוחד 160 גרם טירת,גרמים,160.00,100 גרם,false,,12.90,0.0806,true,1,1379299
7290000363400,false,סלמי פפרוני טירת צבי,הנסיך- מפעל לייצור ט,IL,"סלמי פפרוני ק""ג",קילוגרמים,1.00,"ק""ג",true,,80.00,80.0000,true,1,1379300
7290000363462,false,סלמי מעושן איטלקי טי,טירת- צבי,IL,סלמי איטלקי מעושן במשקל,קילוגרמים,1.00,"ק""ג",true,,80.00,80.0000,true,1,1379301
7290000363486,false,נקניק תה טירת צבי מע,טירת- צבי,IL,נקניק תה במשקל טירת צבי,קילוגרמים,1.00,"ק""ג",true,,60.00,60.0000,true,1,1379302
7290000364278,false,דקניקים סילסולי סלמי איטלקי 120 ג' טירת צבי,הנסיך- מפעל לייצור ט,IL,סלסולי סלמי איטלקי משובח,גרמים,120.00,100 גרם,false,,12.90,0.1075,true,1,1379307
7290000364285,false,דקניקים סלסולי פסטרמה הודו 120 ג' טירת צבי,הנסיך- מפעל לייצור ט,IL,סלסולי פסטרמה הודו 120גר,גרמים,120.00,100 גרם,false,,12.90,0.1075,true,1,1379308
7290000364292,false,דקניקים סלסולי פסטרמה הודו על גחלים 120 ג' טירת צבי,הנסיך- מפעל לייצור ט,IL,סלסולי גחלים 120גר' טירת,גרמים,120.00,100 גרם,false,,12.90,0.1075,true,1,1379309
7290000364544,false,פסטרמה עוף בגריל במש,טירת צבי,IL,"פסטרמה עוף בגריל ק""ג",קילוגרמים,1.00,"ק""ג",true,,85.00,85.0000,true,1,1379311
7290000364810,false,נקניקיות עגל 500 גרםטירת צבי,הנסיך- מפעל לייצור ט,IL,נקניקיות עגל 500 גרם טירת,גרמים,500.00,100 גרם,false,,24.90,0.0498,true,1,1379315
7290000364858,false,"נקניקיות עוף טרי 1 ק""ג טירת צבי",הנסיך- מפעל לייצור ט,IL,טירת צבי נקניקיות עוף טרי,קילוגרמים,1.00,"ק""ג",false,,32.90,32.9000,true,1,1379316
7290000364872,false,נקניקיות עוף 400 גרםטירת צבי,טיב טירת צבי 2000,IL,נקניקיות עוף 400 גרם טירת,גרמים,400.00,100 גרם,false,,14.90,0.0373,true,1,1379317
7290000365046,false,כתף מעושן טירת צבי מ,טירת- צבי,IL,"כתף מעושן ק""ג",קילוגרמים,1.00,"ק""ג",true,,110.00,110.0000,true,1,1379319
7290000365107,false,כתף בקר מפולפל במשקל,טירת- צבי,IL,כתף מפולפל במשקל טירת צבי,קילוגרמים,1.00,"ק""ג",true,,110.00,110.0000,true,1,1379321
7290000365398,false,חזה הודו בדבשטירת צבי,טירת- צבי,IL,חזה הודו בדבש במשקל טירת,קילוגרמים,1.00,"ק""ג",true,,85.00,85.0000,true,1,1379324
7290000365756,false,נקניק פסטרמה ברביקיו,טירת צבי,IL,פסטרמה גחלים דלת שומן טיר,קילוגרמים,1.00,"ק""ג",true,,85.00,85.0000,true,1,1379326
7290000365817,false,המבורגר טירת צבי 500ג',הנסיך- מפעל לייצור ט,IL,המבורגר 500 גרם,גרמים,500.00,100 גרם,false,,19.90,0.0398,true,1,1379327
7290000365909,false,פסטרמה הודו מעושנתטירת צבי,טירת- צבי,IL,פסטרמה הודו מעושנת במשקל,קילוגרמים,1.00,"ק""ג",true,,85.00,85.0000,true,1,1379329
7290000365954,false,פסט.על גחלים ט.צבי מ,טירת- צבי,IL,פסטרמה גחלים במשקל טירת צ,קילוגרמים,1.00,"ק""ג",true,,85.00,85.0000,true,1,1379330
7290000369365,false,בולגרית למריחה עם חציל 200 גר,גבינות אמיר ניצן בעמ,IL,מעדן חציל וגבינה בול,גרמים,200.00,100 גרם,false,,12.90,0.0645,true,1,2199946
7290000369617,false,כדורי מעדן גבינה בשמן 225 ג' ניצן,גבינות אמיר ניצן בעמ,IL,כדורי פטה 150 גרם,גרמים,150.00,100 גרם,false,,16.90,0.1127,true,1,2199976
7290000369709,false,ניצן חמאה ט.שונים 10,גבינות אמיר ניצן בעמ,IL,ממרח חמאה 100 גרם,גרמים,100.00,100 גרם,false,,12.90,0.1290,true,1,2199947
7290000377445,false,נש צאנס קלית גת 200 גר',"ג'י אנד ג'י בע""מ",IL,פיצוחים נש צ'אנס.,גרמים,200.00,100 גרם,false,,8.90,0.0445,true,1,1365214
7290000408316,false,יוגורט דנונה דל לקטוז 200 גרם,מיוצר עי קונדיטוריית,IL,"דנונה ביו טבעי 3%, 200 גר",גרמים,200.00,100 גרם,false,,3.30,0.0165,true,1,1380625
7290000408354,false,יוגורט עם אורז מצופה שוקולד קקאו 175 ג' דנונה,"שטראוס בריאות בע""מ",IL,בר פיצפוצים בודד – מקט הח,גרמים,173.00,100 גרם,false,,4.50,0.0260,true,1,1380626
7290000412139,false,ריצפז 3ליטר-ירוק מרכז,סנו ריצפז,IL,ריצפז אורנים 3 ליטר,ליטרים,3.00,ליטר,false,,15.90,5.3000,true,1,1358609
7290000412481,false,סנו - מנקה אסלות 00 1 ליטר,מיוצר עי קונדיטוריית,IL,"מנקה אסלות ""00"" 1 ליטר",ליטרים,1.00,ליטר,false,,8.90,8.9000,true,1,1358611
7290000412764,false,"פזטוקס מעופפים 630 מ""ל",סנו,,קוטל יתושים פזטוקס,מיליליטרים,630.00,"100 מ""ל",false,,16.90,0.0268,true,1,1358612
7290000416021,false,ממרח שוקולד השחר חלבי 500 גר',השחר העולה,IL,קרם מובחר למריחה השחר 500,גרמים,500.00,100 גרם,false,,13.90,0.0278,true,1,1358442
7290000416045,false,ממרח שוקולד השחר דלי,השחר העולה תעשייות מ,IL,קרם מובחר למריחה השחר 1 ק,גרמים,1000.00,100 גרם,false,,24.90,0.0249,true,1,1358443
7290000416076,false,צימקאו שוקולד לבישול ואפיה 400 גרם,השחר העולה תעשייות מ,IL,צימקאו שוקולד לבישול השחר,גרמים,400.00,100 גרם,false,,12.90,0.0323,true,1,1358444
7290000416618,false,"ממרח שוקולד השחר פרווה בד""צ 400 גר'",השחר העולה תעשייות מ,IL,קרם מובחר למריחה בדץ השחר,גרמים,400.00,100 גרם,false,,11.90,0.0298,true,1,1358450
7290000416632,false,"ממרח שוקולד השחר פרווה 1ק""ג",השחר העולה תעשית ממת,IL,קרם מובחר למריחה פרווה הש,גרמים,1000.00,100 גרם,false,,24.90,0.0249,true,1,1358451
7290000416854,false,אבקת קקאו השחר העולה 150ג',השחר העולה תעשייות מ,IL,קקאו השחר 150 גרם,גרמים,150.00,100 גרם,false,,8.90,0.0593,true,1,1358453
7290000419107,false,לנדוור מקורי - קפה טחון טורקי 100 גרם,קפה לנדוור בע''מ,IL,לנדוור קפה שחור המקורי 10,גרמים,100.00,100 גרם,false,,7.90,0.0790,true,1,1344431
7290000419114,false,קפה לנדור כחול 200 גרם,קפה לנדוור,IL,לנדוור קפה שחור המקורי 20,גרמים,200.00,100 גרם,false,,14.90,0.0745,true,1,1344432
7290000419220,false,לנדוור כחול המקורי קפה טחון טורקי 3*100 גרם 16 יח',קפה לנדוור,IL,לנדוור קפה שחור המקורי 10,גרמים,300.00,100 גרם,false,,19.90,0.0663,true,1,1344433
7290000419374,false,לנדוור לבוקר קפה טחון טורקי 3*100 גרם 16 יח',קפה לנדוור,IL,לנדוור קפה שחור לבוקר 100,גרמים,300.00,100 גרם,false,,19.90,0.0663,true,1,1344434
7290000419909,false,לנדוור לבוקר קפה טחון שחור טורקי 100 גרם,מולינו ניקולי s.p.a,IL,לנדוור קפה שחור בטעם אספר,גרמים,100.00,100 גרם,false,,7.90,0.0790,true,1,1344436
7290000420325,false,פופ קורן טבעי למיקרוגל 5 יח',Preston farms,US,פופסטאר טבעי 5יח',גרמים,500.00,100 גרם,false,,12.90,0.0258,true,1,1391716
7290000420332,false,פופ קורן חמאה למיקרוגל 5יח',פופ סטאר,US,פופסטאר חמאה 5יח',גרמים,500.00,100 גרם,false,,12.90,0.0258,true,1,1391717
7290000442280,false,"אקילן - קרם למניעת שפשפת 60 מ""ל",כצט,IL,אקילן כתום למניעת שפשפת,מיליליטרים,60.00,"100 מ""ל",false,,16.90,0.2817,true,1,1385223
7290000442310,false,טפטפים בייביסקין משחה לטוסיק מבושם 100,"רצט שקיים בע""מ",IL,בייביסקין קרם שפורפרת,מיליליטרים,100.00,"100 מ""ל",false,,9.90,0.0990,true,1,1385224
7290000446110,false,פריכיות אורז חום מלא עם מלח 100ג' בי&די,בטר אנד דיפרנט B&D,IL,פריכיות עם מלח 100 גרם,גרמים,100.00,100 גרם,false,,4.90,0.0490,true,1,1386946
7290000446547,false,חמאת בוטנים טבעית ללא סוכר 350גר,"בטר אנד דיפרנט בע""מ",IL,חמאת בוטנים טבעית 350 גר,גרמים,350.00,100 גרם,false,,12.90,0.0369,true,1,1386956
7290000446554,false,"חמאת בוטנים טבעית 1 ק""ג בי&די",בטר אנד דיפרנט B&D,IL,"חמאת בוטנים טבעית 1 ק""ג",גרמים,1000.00,100 גרם,false,,24.90,0.0249,true,1,1386957
7290000446943,false,פריכיות אורז כוסמת 100ג' בי&די,בטר אנד דיפרנט B&D,IL,פריכיות כוסמת 100 גרם,גרמים,100.00,100 גרם,false,,4.90,0.0490,true,1,1386965
7290000450209,false,נתחי טונה פוסידון בשמן 110 ג',"מיוצר עי וליגר בעמ,",IL,טונה פוסידון,גרמים,108.00,100 גרם,false,,4.90,0.0454,true,1,1368351
7290000450308,false,נתחי טונה פוסידון במים 110 ג',ויליגר בעמ עבור נטו,IL,טונה במים פוסידון 108 ג',גרמים,108.00,100 גרם,false,,4.90,0.0454,true,1,1368352
7290000453019,false,שמרים טריים לאפייה שקית שמרית 50 ג',"פאקא תעשיות בע""מ",IL,שמרית (שקית),גרמים,50.00,100 גרם,false,,4.20,0.0840,true,1,1380627
7290000453125,false,שמרית שמרים טריים לאפיה +משפר אפיה 100ג,"פאקא תעשיות בע""מ",IL,שמרית + משפר לאפיה ביתית,גרמים,100.00,100 גרם,false,,7.40,0.0740,true,1,1380628
7290000453385,false,שמרים יבשים פארא אינסטנט 500 גרם עלית,פאקא תעשיות בעמ,IL,שמרים יבשים פאקא אינ,גרמים,500.00,100 גרם,false,,11.90,0.0238,true,1,1450838
7290000453408,false,בצק פיצה דק מצונן ומוכן לאפיה שמרית,"פאקא תעשיות בע""מ",FR,בצק פיצה דק מוכן לאפ,גרמים,415.00,100 גרם,false,,14.90,0.0359,true,1,2211646
7290000453415,false,בצק עלים מצונן ומוכן לאפייה שמרית,"פאקא תעשיות בע""מ",FR,בצק עלים מוכן לאפיה,גרמים,300.00,100 גרם,false,,14.90,0.0497,true,1,2211639
7290000453422,false,בצק פילו מצונן ומוכן לאפייה שמרית,"פאקא תעשיות בע""מ",FR,בצק פילו מוכן לאפיה,גרמים,300.00,100 גרם,false,,14.90,0.0497,true,1,2211647
7290000453484,false,בצק קדאיף לאפייה שמרית 350 גרם,"פאקא תעשיות בע""מ",GR,בצק קדאיף 350 גרם,גרמים,350.00,100 גרם,false,,14.90,0.0426,true,1,2350523
7290000453781,false,שמרים יבשים שמרית 125 גרם,"פאקא תעשיות בע""מ",PT,שמרים יבשים שמרית,גרמים,125.00,100 גרם,false,,5.90,0.0472,true,1,2003829
7290000453798,false,שמרית שמרים יבשים אקטיביים 500 גר',"גי' בי' רכיבים בע""מ",IL,שמרים אקטיבים לעוגות,גרמים,500.00,100 גרם,false,,14.90,0.0298,true,1,1461187
7290000453866,false,נטורינה קוקוס לאפייה שמרית 200ג',גרונבאנג- גרונדנסק א,IL,תחליף מרגרינה נטורינ,גרמים,200.00,100 גרם,false,,6.90,0.0345,true,1,1764970
7290000453880,false,מרגרינה ללא מלח לאפיה ובישול שמרית 200גר,"פאקא תעשיות בע""מ",IL,מרגרינה ללא מלח לאפי,גרמים,200.00,100 גרם,false,,5.90,0.0295,true,1,1462069
7290000453897,false,מרגרינה בטעם חמאה שימרית 200 ג',גרונבאנג- גרונדנסק א,IL,מרגרינה בטעם חמאה לא,גרמים,200.00,100 גרם,false,,5.90,0.0295,true,1,1462070
7290000461656,false,בייגלה אחד אחד 400 ג' מקלות,בייגל את בייגל מזון,IL,אחד אחד 400גר,גרמים,400.00,100 גרם,false,,9.90,0.0248,true,1,1380005
7290000461700,false,בייגל גדול גדול 400 גרם,בייגל את בייגל מזון,IL,גדול גדול 400גר,גרמים,400.00,100 גרם,false,,12.90,0.0323,true,1,1380006
7290000461724,false,בייגל גדול גדול שומשום 400 גרם,אתר בייגל - Food,IL,בייגלה גדול שומשום 400גר,גרמים,400.00,100 גרם,false,,12.90,0.0323,true,1,1380007
7290000462103,false,סחוג אדום חריף עדין (מכסה לבן) 150 גרם,קריניסה ויטמין אס אי,IL,זחוק תימני אדום חריף עדין,גרמים,150.00,100 גרם,false,,7.90,0.0527,true,1,1380629
7290000462141,false,סחוג אדום חריף מאוד (מכסה אדום) 150 גרם,קריניסה ויטמין אס אי,IL,זחוק תימני אדום חריף מאוד,גרמים,150.00,100 גרם,false,,7.90,0.0527,true,1,1380630
7290000462172,false,סחוג ירוק חריף מאוד מ.ירוק 150 גרם,קריניסה ויטמין אס אי,IL,זחוק תימני ירוק חריף 150,גרמים,140.00,100 גרם,false,,7.90,0.0564,true,1,1380631
7290000462981,false,סחוג חריף אשש 150 גר,"זהבי הכרם בועז בע""מ-",IL,סחוג חריף אש 150 גרם,גרמים,150.00,100 גרם,false,,7.90,0.0527,true,1,2245773
7290000467153,false,צבר חומוס סמיר הגדול 400גר,סלטי צבר,IL,צבר מלך החומוס סמיר הגדול,גרמים,400.00,100 גרם,false,,11.90,0.0298,true,1,1344465
7290000467214,false,סורי מתובל,,,סורי מתובל,קילוגרמים,1.00,"ק""ג",true,,49.00,49.0000,true,1,1384333
7290000469638,false,ספריי מריטו לגיהוץ קל 500 מל,בולטון מניטובה,IT,מריטו ספריי לגיהוץ קל,מיליליטרים,500.00,"100 מ""ל",false,,21.90,0.0438,true,1,1377438
7290000474076,false,חלב 3% טרה 1ל' קרטון מהדרין,טרה,IL,חלב בקרטון 3%-1 לי מהדרין,ליטרים,1.00,ליטר,false,,6.20,6.2000,true,1,1367368
7290000474090,false,חלב הומוגני 1% קרטון טרה 1ל',מילקו תעשיות בעמ,IL,חלב בקרטון 1%- 1 ליטר,ליטרים,1.00,ליטר,false,,5.85,5.8500,true,1,1367369
7290000474373,false,"שמנת חמוצה 15% שומן 200 מ""ל טרה",טרה,IL,"שמנת חמוצה - 200 מ""ל",מיליליטרים,200.00,"100 מ""ל",false,,2.40,0.0120,true,1,1367374
7290000474502,false,גבינה לבנה 5% 250ג' טרה מהדרין,טרה,IL,גבינה לבנה 250 גרם 5% מהד,גרמים,250.00,100 גרם,false,,4.95,0.0198,true,1,1367377
7290000474540,false,גבינה טוב טעם 3% טרה 250ג' מהדרין,טרה,IL,טוב טעם 3% -250גרם מהדרין,גרמים,250.00,100 גרם,false,,10.90,0.0436,true,1,1367378
7290000480107,false,קוואקר שיבולת שועל פחית 500 גר',וולקרס סנקס לימיטד,GB,קוואקר שיבולת שועל פחית 5,גרמים,500.00,100 גרם,false,,12.90,0.0258,true,1,1382008
7290000480442,false,קוואקר שיבולת שועל שקית 500 גר',פריטו ליי FRITO-LAY,IL,קוואקר שיבולת שועל שקית 5,גרמים,500.00,100 גרם,false,,11.90,0.0238,true,1,1382009
7290000482019,false,שקיות קוקי רגיל צליה 10יח',"ש. שסטוביץ בע""מ",IL,קוקי רגיל שקיות צליה 10 י,יח',10.00,יח',false,,10.90,1.0900,true,1,1377439
7290000483887,false,מרציפן המרשלג ללא תוספת סוכר 75 גרם,המרשלג,IL,75Gהמרשלג ללא סוכר,גרמים,75.00,100 גרם,false,,14.90,0.1987,true,1,1357866
7290000484747,false,עראק עלית 700 מל 40% כהל,יקב הגליל שווק בעמ,IL,עלית הארק,מיליליטרים,700.00,"100 מ""ל",false,,54.90,0.0784,true,1,1480403
7290000490601,false,מאגדת גלידל וניל 8 יח דיאט,הגלידות של פלדמן,IL,שלגוני גלידל שמינייה,גרמים,400.00,100 גרם,false,,29.90,0.0747,true,1,1373599
7290000490717,false,מאגדת גלית- שלגון חלבי בטעם וניל עם ציפו,הגלידות של פלדמן,IL,שמיניית שלגוני וניל,גרמים,560.00,100 גרם,false,,19.90,0.0355,true,1,1373600
7290000490762,false,מאגדת גלידל שוקו 8 יח דיאט,הגלידות של פלדמן,IL,שלגוני גלידל שמינייה,גרמים,400.00,100 גרם,false,,29.90,0.0747,true,1,1373602
7290000493176,false,אבקת רוטב צלי לבשר 22ג' אסם,"אסם תעשיות בע""מ",IL,אסם רוטב צלי 22 גרם,גרמים,22.00,100 גרם,false,,3.90,0.1773,true,1,1344473
7290000493183,false,אבקת רוטב פטריות לבשר-30 גרם,"אסם תעשיות בע""מ",IL,אסם רוטב פטריות 30 גרם,גרמים,30.00,100 גרם,false,,4.90,0.1633,true,1,1344474
7290000497044,false,לחם ברמן אקטיב 750 גר,מאפית י את א ברמן בע,IL,לחם אקטיב 750 גר'.,גרמים,750.00,100 גרם,false,,13.90,0.0185,true,1,1366294
7290000497112,false,לחם ברמן אחיד פרוס 750ג',מאפית י את א ברמן בע,IL,לחם אחיד כהה פרוס 75,גרמים,750.00,100 גרם,false,,6.90,0.0092,true,1,1366295
7290000497136,false,חלה ארוזה פרוסה 500 גר',יוליניבר,IL,חלה פרוסה ברמן 500 ג,גרמים,500.00,100 גרם,false,,8.90,0.0178,true,1,1366296
7290000497273,false,לחמניות אקטיב ברמן 450 גר,מאפית י את א ברמן בע,IL,מארז 6 לחמניות אקטיב,גרמים,450.00,100 גרם,false,,11.90,0.0264,true,1,1502100
7290000497426,false,לחם ברמן לענין פלוס 500 גרם,מאפית י את א ברמן בע,IL,ברמן לעניין קל 500 ג,גרמים,500.00,100 גרם,false,,13.90,0.0278,true,1,1366301
7290000497617,false,רוגאלך שוקולד ברמן 500 גר',,,רוגלאך 500 גרם.,גרמים,500.00,100 גרם,false,,11.90,0.0238,true,1,1366306
7290000498034,false,לחם אי פרי קמח כוסמין מלא 750 גר',מאפית י את א ברמן בע,IL,לחם מקמח כוסמין מלא,גרמים,750.00,100 גרם,false,,14.90,0.0199,true,1,2215232
7290000498393,true,חלה מתוקה עגולה לא א,,,חלה מתוקה עגולה לא א,גרמים,500.00,100 גרם,false,,7.90,0.0158,true,1,2314073
7290000504025,false,סוכרזית פטריה 300 טבליות,אף.סי תבליני בגליל ב,IL,פטריה 300,גרמים,24.00,100 גרם,false,,7.90,0.3292,true,1,1381319
7290000504049,false,סוכרזית קנקן 1200 טבליות,אף.סי תבליני בגליל ב,IL,קנקן 1200,יח',1200.00,יח',false,,22.90,0.0191,true,1,1381321
7290000504209,false,"סוכרזית דיאט טיפ נוזלי 220 מ""ל",אף.סי תבליני בגליל ב,IL,כשלפ דיאטיפ,מיליליטרים,220.00,"100 מ""ל",false,,17.90,0.0814,true,1,1381322
7290000504261,false,קלאסי ממתיק דל קלוריות אבקה 65 גרם,סוכרזית Sucrazit,IL,סוויט דיאט כמו סוכר 6צנצנ,גרמים,100.00,100 גרם,false,,23.90,0.2390,true,1,1381323
7290000504278,false,סוכרזית - קלאסי פטנט 700 טבליות,אף.סי תבליני בגליל ב,IL,פטנט 700,יח',700.00,יח',false,,15.90,0.0227,true,1,1381324
7290000518114,false,מתוק וקל אבקה 200 גר,,,מתוק וקל אבקה,גרמים,200.00,100 גרם,false,,6.90,0.0345,true,1,1392215
7290000518121,false,מתוק וקל ממתיק 50 שקיות,פתח תקווה,IL,מתוק וקל 50 גרם,גרמים,50.00,100 גרם,false,,4.90,0.0980,true,1,1392216
7290000518152,false,מתוק וקל זהב 25 שקיות,מתוק וקל,IL,מתוק וקל זהב,גרמים,50.00,100 גרם,false,,5.90,0.1180,true,1,1392217
7290000518169,false,מתוק וקל טבליות ממתי,פתח תקווה,IL,מתוק וקל 1000,גרמים,80.00,100 גרם,false,,7.90,0.0988,true,1,1392218
7290000518176,false,מתוק וקל ענק 250 שקיות,מתוק וקל בעמ,IL,מתוק וקל,גרמים,250.00,100 גרם,false,,19.90,0.0796,true,1,1392219
7290000518220,false,סוכרה דיאט ממתיק 100 שקיות,פתח תקווה,IL,סוכרה דיאט,גרמים,80.00,100 גרם,false,,24.90,0.3112,true,1,1607069
7290000518237,false,סוכרה דיאט אבקת 100 גרם,מתוק וקל בעמ,IL,סוכרה דיאט אבקה 100,גרמים,100.00,100 גרם,false,,19.90,0.1990,true,1,1607070
7290000518251,false,מתוק וקל ממתיק זהב 100 שקיות,פתח תקווה,IL,מתוק וקל,גרמים,100.00,100 גרם,false,,11.90,0.1190,true,1,1392220
7290000518336,false,ממתק צמר גפן מתוק מסיבים תזונתיים,מתוק וקל בעמ,IL,צמר גפן מתוק עשוי סי,גרמים,10.00,100 גרם,false,,4.90,0.4900,true,1,2301445
7290000518398,false,"סוכרה דיאט טיפות 150 מ""ל",פתח תקווה,IL,סוכרה דיאט טיפות 150,מיליליטרים,150.00,"100 מ""ל",false,,24.90,0.1660,true,1,1607072
7290000521015,false,"יין סגל לבן יבש 750מ""ל","מיוצר ע""י כרמי צבי-",IL,"יין סגל לבן 750 מ""ל",מיליליטרים,750.00,"100 מ""ל",false,,24.90,0.0332,true,1,1362828
7290000521022,false,סגל לבן חצי יבש 750 מל פקדון,"מיוצר ע""י כרמי צבי-",IL,יין לבן חצי יבש 750,מיליליטרים,750.00,"100 מ""ל",false,,24.90,0.0332,true,1,1362829
7290000521428,false,"מרום גליל סינגל, שרדונה 750מל",כרמי צבי-אחים סגל בע,IL,יין מרום גליל שרדונה,מיליליטרים,750.00,"100 מ""ל",false,,29.90,0.0399,true,1,1362837
7290000522166,false,חלב הרים טהור-עמיד- נטול לקטוז 1 לי 3%,"מחלבות רמת הגולן בע""",IL,חלב הרים טהור נטול לקטוז,ליטרים,1.00,ליטר,false,,10.90,10.9000,true,1,1367385
7290000522272,false,"שמנת לקפה 10% שומן 500 מ""ל",מחלבות רמת הגולן,IL,"שמנת לקפה 10% שומן 500 מ""",מיליליטרים,500.00,"100 מ""ל",false,,8.90,0.0178,true,1,1367388
7290000523125,false,מלח הארץ הים האדום 250 ג' עדין,חברת מלח הארץ אילת ב,IL,מלח הים האדום 250 גרם,גרמים,250.00,100 גרם,false,,5.40,0.0216,true,1,1378117
7290000523224,false,מלח הארץ הים האדום 500 ג' עדין,חברת מלח הארץ אילת ב,IL,מלח הים האדום 500 גרם,גרמים,500.00,100 גרם,false,,7.90,0.0158,true,1,1378118
7290000523514,false,מלח הארץ 50% מכמות הנתרן 250 גרם,חברת מלח הארץ אילת ב,IL,מלח הארץ מופחת נתרן 250 ג,גרמים,250.00,100 גרם,false,,9.90,0.0396,true,1,1378119
7290000523521,false,מלח ים מועשר ביוד 250 ג' מלח הארץ,חברת מלח הארץ אילת ב,IL,מלח הארץ מועשר ביוד 250 ג,גרמים,250.00,100 גרם,false,,5.90,0.0236,true,1,1378120
7290000523804,false,"מלח עדין צנצנת 1 ק""ג מלח הארץ",חברת מלח הארץ אילת ב,IL,"מלח הים האדום צנצנת 1 ק""ג",קילוגרמים,1.00,"ק""ג",false,,6.90,6.9000,true,1,1378121
7290000523811,false,"צנצנת מלח גס 1 ק""ג מלח הארץ",חברת מלח הארץ אילת ב,IL,"מלח הים האדום צנצנת 1 ק""ג",קילוגרמים,1.00,"ק""ג",false,,6.90,6.9000,true,1,1378122
7290000525969,false,פרימור סחוט תפוזים טבעי 1ל',"גניר (1992) בע""מ",IL,מיץ תפוזים סחוט 1 ליטר,ליטרים,1.00,ליטר,false,,15.90,15.9000,true,1,1380632
7290000530024,false,תה מעושן רחב זוגלובק,זוגלובק,IL,נקניק תה מעושן רחב,קילוגרמים,1.00,"ק""ג",true,,60.00,60.0000,true,1,1361509
7290000530048,false,נקניק סלמי פפרוני במ,זוגלובק,IL,נקניק סלמי פפרוני,קילוגרמים,1.00,"ק""ג",true,,60.00,60.0000,true,1,1361511
7290000530062,false,סלמי מעו. איטלקי זוג,זוגלובק,IL,נקניק מעושן איטלקי,קילוגרמים,1.00,"ק""ג",true,,85.00,85.0000,true,1,1361512
7290000530086,false,נקניק סלמי מעושן 600 ג' זוגלובק,זוגלובק,IL,נקניק מעושן,גרמים,600.00,100 גרם,false,,29.90,0.0498,true,1,1361513
7290000530109,false,קבנוס זוגי בואקום זוגלובק 180ג',זוגלובק,IL,זוג קבנוס,גרמים,360.00,100 גרם,false,,24.90,0.0692,true,1,1361515
7290000530116,false,נקניק סלמי מעושן בשן 470 ג' זוגלובק,זוגלובק,IL,נקניק סלמי בשן,גרמים,420.00,100 גרם,false,,19.90,0.0474,true,1,1361516
7290000530178,false,נקניק קוניאק זוגלובק,זוגלובק,IL,סלמי קוניאק,קילוגרמים,1.00,"ק""ג",true,,85.00,85.0000,true,1,1361517
7290000530260,false,נקניק מורטדלה זוגלוב,זוגלובק,IL,נקניק מרטדלה רחב,קילוגרמים,1.00,"ק""ג",true,,40.00,40.0000,true,1,1361519
7290000530369,false,חזה הודו מעושן גולן,זוגלובק,IL,חזה הודו גולן,קילוגרמים,1.00,"ק""ג",true,,85.00,85.0000,true,1,1361522
7290000530444,false,כתף בקר מעושן זוגלוב,זוגלובק,IL,כתף בקר מעושן,קילוגרמים,1.00,"ק""ג",true,,110.00,110.0000,true,1,1361524
7290000530598,false,נקניקיות וינר 500 ג' טרי זוגלובק,זוגלובק,IL,נקניקיות וינר 500 גר,גרמים,500.00,100 גרם,false,,12.90,0.0258,true,1,1361526
7290000530703,false,זוג במארז חרמון הודו + סלמי תה זוגלובק 800 גר',זוגלובק,IL,חרמון 400 גרם + תה מ,גרמים,800.00,100 גרם,false,,29.90,0.0374,true,1,1361528
7290000531410,false,פסטרממיה בדבש טהור ב,זוגלובק,IL,פסטרממיה בדבש,קילוגרמים,1.00,"ק""ג",true,,85.00,85.0000,true,1,1361532
7290000531601,false,סטייק בורגר זהב זוגלובק 400ג',זוגלובק,IL,סטייק בורגר 400 גרם,גרמים,400.00,100 גרם,false,,19.90,0.0497,true,1,1566314
7290000532400,false,חזה הודו צלוי ברביקי,זוגלובק,IL,חזה ברבקיו,קילוגרמים,1.00,"ק""ג",true,,85.00,85.0000,true,1,1361540
7290000532585,false,נקניק רוסטביף חצוי ב,זוגלובק,IL,נקניק רוסביף,קילוגרמים,1.00,"ק""ג",true,,159.00,159.0000,true,1,1361542
7290000532721,false,כתף בקר טורו מצופה פ,זוגלובק,IL,כתף בפלפל טורו,קילוגרמים,1.00,"ק""ג",true,,110.00,110.0000,true,1,1361543
7290000533636,false,פסטרממיה צלויה על לב,זוגלובק,IL,פסטרממיה צלויה,קילוגרמים,1.00,"ק""ג",true,,85.00,85.0000,true,1,1361546
7290000533681,false,פסטרממיה מעושנת הבית,זוגלובק,IL,פסטרמה מעושנת,קילוגרמים,1.00,"ק""ג",true,,85.00,85.0000,true,1,1361547
7290000534718,false,תבור-חזה הודו דל שומ,זוגלובק,IL,חזה הודו תבור,קילוגרמים,1.00,"ק""ג",true,,85.00,85.0000,true,1,1361550
7290000535791,false,קורנדביף בסגנון ניו,,IL,חזה בקר ניו-יורק,קילוגרמים,1.00,"ק""ג",true,,110.00,110.0000,true,1,1361554
7290000536743,false,קריספי סטיקס תירס 500 ג' זוגלובק,זוגלובק,IL,אצבעות סטיקס תירס.,גרמים,500.00,100 גרם,false,,19.90,0.0398,true,1,1361557
7290000537566,false,נקניקיות עוף טרי 400 ג' זוגלובק,זוגלובק,IL,נקניקיות עוף 400 גרם,גרמים,400.00,100 גרם,false,,9.90,0.0248,true,1,1361563
7290000537603,false,נקניקיות עוף זוגלובק,זוגלובק,IL,"נקניקיות עוף 1 ק""ג מ",קילוגרמים,1.00,"ק""ג",false,,24.90,24.9000,true,1,1361564
7290000538099,false,פסטרממיה כפרית במשקל,כצט,IL,פסטרמה כפרית,קילוגרמים,1.00,"ק""ג",true,,85.00,85.0000,true,1,1361567
7290000538709,false,סלמי תה מעושן 200 ג' זוגלובק,זוגלובק,IL,סלמי תה פרוס 200 גרם,גרמים,200.00,100 גרם,false,,14.90,0.0745,true,1,1361570
7290000554006,false,גבינה קשקבלו משולשים,מחלבות גד,IL,"קשקבלו גלגל ק""ג שקיל",קילוגרמים,1.00,"ק""ג",true,,120.00,120.0000,true,1,1366728
7290000554402,false,מלבי&קוקוס ובוטנים 5,"מיוצר ע""י קוד יצרן E",IL,"מלבי גד 160 גרם בד""ץ",גרמים,160.00,100 גרם,false,,5.50,0.0344,true,1,1366732
7290000554457,false,גבינה צפתית 5% 350 גרם - רבנות,"מחלבות גד בע""מ",IL,צפתית 5% מיני 350 גרם,גרמים,350.00,100 גרם,false,,19.90,0.0569,true,1,1366733
7290000554471,false,גבינת מוצרלה 22% נקניק 180ג' גד,"מחלבות גד בע""מ",IL,"נקניק מוצרלה 180 גרם בד""ץ",גרמים,180.00,100 גרם,false,,15.90,0.0883,true,1,1366734
7290000554532,false,גבינה צפתית מעודנת במלח ים 5% 200 ג' גד,הנסיך- מפעל לייצור ט,IL,צפתית מעודנת 5% מלח ים 20,גרמים,200.00,100 גרם,false,,13.90,0.0695,true,1,1366736
7290000554600,false,מוצרלה מגורדת 18% 300 גרם - רובין,מחלבות גד בעמ,IL,"מוצרלה מרוסקת 300 גרם בד""",גרמים,300.00,100 גרם,false,,24.90,0.0830,true,1,1366738
7290000554624,false,ירח מתוק 3% 150 גרם רובין,"מיוצר ע""י קוד יצרן E",IL,"ירח מתוק 150 גרם בד""ץ",גרמים,150.00,100 גרם,false,,4.90,0.0327,true,1,1366739
7290000554655,false,מוצרלה מעושנת בנקניק,מחלבות גד,IL,"מוצרלה נקניק מעושן ק""ג שק",קילוגרמים,1.00,"ק""ג",true,,79.00,79.0000,true,1,1366740
7290000554662,false,"בולגרית למריחה ק""ג.",מחלבות גד,IL,"בולגרית למריחה 2 ק""ג",קילוגרמים,1.00,"ק""ג",true,,45.00,45.0000,true,1,1366741
7290000554686,false,לאבנה שמן זית וזעתר 5% 250 גרם - רבנות,מחלבות גד בעמ,IL,לאבנה 5% שמן זית וזעתר 25,גרמים,250.00,100 גרם,false,,13.90,0.0556,true,1,1366742
7290000554754,false,גבינה מוצרלה כדורקטן,מחלבות גד,IL,"בייבי מוצרלה 2 ק""ג",קילוגרמים,1.00,"ק""ג",true,,89.00,89.0000,true,1,1366743
7290000554792,false,גבינה בולגרית 5% במש,מחלבות גד,IL,"דלי בולגרית מעודנת 5% ק""",קילוגרמים,1.00,"ק""ג",true,,49.00,49.0000,true,1,1366744
7290000554815,false,גליל מוצרלה טבעי במש,מחלבות גד,IL,"מוצרלה נקניק טיבעי ק""ג שק",קילוגרמים,1.00,"ק""ג",true,,79.00,79.0000,true,1,1366745
7290000554822,false,גבינת ריקוטה טבעי 5% שומן 250 ג' גד,מחלבות גד בעמ,IL,גביע ריקוטה 250 גרם,גרמים,250.00,100 גרם,false,,12.90,0.0516,true,1,1366746
7290000554839,false,שמנת מתוקה קשה בסגנון איטלקי 40% שומן 250 ג' גד,מחלבות גד בעמ,IL,מסקרפונה 250 גרם,גרמים,250.00,100 גרם,false,,19.90,0.0796,true,1,1366747
7290000554891,false,בולגרית מעודנת 16% ש,מחלבות גד,IL,"דלי בולגרית מעודנת 16% ק""",קילוגרמים,1.00,"ק""ג",true,,56.00,56.0000,true,1,1366748
7290000554914,false,"גבינה צפתית 5% ק""ג.",מחלבות גד,IL,"צפתית מלבן 5% ק""ג שקיל",קילוגרמים,1.00,"ק""ג",true,,55.00,55.0000,true,1,1366749
7290000554921,false,גבינת ריקוטה איטלקית,מחלבות גד,IL,"ריקוטה 1.8 ק""ג",קילוגרמים,1.00,"ק""ג",true,,59.00,59.0000,true,1,1366750
7290000554952,false,גבינה צפתית קשה במשק,מחלבות גד,IL,"צפתית קשה גלגל ק""ג שקיל",קילוגרמים,1.00,"ק""ג",true,,75.00,75.0000,true,1,1366752
7290000554976,false,גבינת שמנת זיתים גד,מחלבות גד,IL,"גבינת שמנת זיתים 30% 2 ק""",קילוגרמים,1.00,"ק""ג",true,,45.00,45.0000,true,1,1366754
7290000554983,false,גבינה לאבנה גד במשקל,מחלבות גד,IL,"לאבנה 5% 2 ק""ג",קילוגרמים,1.00,"ק""ג",true,,39.00,39.0000,true,1,1366755
7290000560021,false,אדג' ג'ל ורוד נגד חתכים 198ג',המאפיה של הרמן,US,אדג' ג'ל סגול נגד חתכים 1,גרמים,200.00,100 גרם,false,,19.90,0.0995,true,1,1391721
7290000560533,false,אדג' ג'ל ירוק לעור רגיל 198גרם,אס.סי ג'ונסון ובניו,US,אדג' ג'ל ירוק לעור רגיל 1,גרמים,200.00,100 גרם,false,,19.90,0.0995,true,1,1391722
7290000560540,false,אדג' ג'ל כתום לעור רגיש 198גרם,המאפיה של הרמן,US,אדג' ג'ל כתום לעור רגיש 1,גרמים,200.00,100 גרם,false,,19.90,0.0995,true,1,1391723
7290000560557,false,אדג ג'ל תכלת לרכוך העור 198 ג',אס.סי ג'ונסון ובניו,US,אדג' ג'ל סגול כהה לעור יב,גרמים,198.00,100 גרם,false,,19.90,0.1005,true,1,1391724
7290000571119,false,גאודה טבעי בית יצחק,תנובה מרכז שיתופי לש,IL,גאודה חריץ בית יצחק,קילוגרמים,1.00,"ק""ג",true,,99.00,99.0000,true,1,1378835
7290000571393,false,יוגורמה יוגורט כבשים 140 גר,גבינות משק אחים מאיר,IL,יוגורט כבשים יוגורמה,גרמים,140.00,100 גרם,false,,5.90,0.0421,true,1,1378843
7290000571928,false,"יוגורמה כבשים עם גרעינים, אגוזים וחמוציות ממותקות",המחלבה מבית יצחק,IL,יוגורט כבשים יוגורמה,גרמים,142.00,100 גרם,false,,5.90,0.0415,true,1,2246925
7290000571935,false,יוגורמה יוגורט כבשים עם גרנולה 140 גר,המחלבה מבית יצחק,IL,יוגורט כבשים יוגורמה,גרמים,142.00,100 גרם,false,,5.90,0.0415,true,1,2246926
7290000572055,false,"חלבה לל""ס וסיבים ואגוז אחווה 400ג'",אחדות ביחר לטחינה חל,IL,חלוה ללא סוכר עם סיבים וא,גרמים,400.00,100 גרם,false,,14.90,0.0373,true,1,1345598
7290000572208,false,חלבה חטיף וניל אחווה 100ג',שוורצקוף& הנקל דיסלד,IL,חלוה 100 גרם אחוה,גרמים,100.00,100 גרם,false,,2.90,0.0290,true,1,1345600
7290000572529,false,חלבה פיסטוק מגש אחווה 400ג',אחדות ביחר לטחינה חל,IL,חלוה פיסטוק 400 גרם במגש,גרמים,400.00,100 גרם,false,,12.90,0.0323,true,1,1345603
7290000572536,false,אחווה חלווה ווניל במגש 400 גר,אחדות ביחר לטחינה חל,IL,חלוה וניל 400 גרם במגש,גרמים,400.00,100 גרם,false,,10.90,0.0273,true,1,1345604
7290000572543,false,חלבה שוקו וניל אחווה 400ג',אחדות ביחר לטחינה חל,IL,חלוה שיש 400 גרם במגש,גרמים,400.00,100 גרם,false,,10.90,0.0273,true,1,1345605
7290000572628,false,חטיפי חלווה ללא סוכר בקופסא 250 גרם,שוורצקוף& הנקל דיסלד,IL,חטיפי חלוה ללא תוספת,גרמים,275.00,100 גרם,false,,13.90,0.0505,true,1,2221752
7290000572673,false,אחווה חטיף חלווה ט.שונים 12*25גר,שוורצקוף& הנקל דיסלד,IL,"חלוה בקופסת שי ""חטיף 10""",גרמים,300.00,100 גרם,false,,13.90,0.0463,true,1,1345608
7290000596044,false,"קרקר שומשום הדר 1 ק""",אפיפית נצרת,IL,קרקר קרם קרקר רגיל 0.9 הד,קילוגרמים,1.00,"100 ק""ג",false,,16.90,16.9000,true,1,1386890
7290000602226,false,ביצי חופש 12L תנובה.,,,ביצי חופש 12L תנובה.,יח',12.00,יח',false,,24.90,2.0750,true,1,2355519
7290000604022,false,מארז ביצים 12 יח' גדול L,ביצי תנובה,,ביצים 12 יחידות L.,יח',12.00,יח',false,,12.05,1.0042,true,1,1379503
7290000604121,false,ביצים 18 יח רגיל בינוני L תנובה,,,ביצים 18 יחידות L.,יח',18.00,יח',false,,18.00,1.0000,true,1,1379507
7290000604534,false,תנובה ביצים רגילות מדיום 30יח,,,ביצים 30 יחידות M.,יח',30.00,יח',false,,27.85,0.9283,true,1,1379511
7290000646299,false,פילה נסיכת הנילוס קפוא,דגי תנובה,ZA,נתחי פילה נסיכת הני,קילוגרמים,1.00,"ק""ג",true,,32.90,32.9000,true,1,2241293
7290000652177,false,נתחי פילה נסיכת הנילוס קפוא,דגי תנובה,IL,נתחי נסיכת הנילוס 10,קילוגרמים,1.00,"ק""ג",true,,39.90,39.9000,true,1,2241294
7290000655376,false,פילה דניס קפוא תנובה,דגי תנובה,TR,פילה דניס קפוא 100%,קילוגרמים,1.00,"ק""ג",true,,89.90,89.9000,true,1,1637827
7290000659312,false,דגי תנובה פילה סלומון קפוא בוואקום,דגי תנובה,IL,פילה סלמון פרימיום,קילוגרמים,1.00,"ק""ג",true,,79.90,79.9000,true,1,1637828
7290000662213,false,נתח פילה סלמון תנובה,הרמס,NO,נתח פילה סלמון תנובה,קילוגרמים,1.00,"ק""ג",true,,89.90,89.9000,true,1,2215645
7290000663098,false,שווארמה ריב אנטריקות,תנובה בשר,IL,שווארמה ריב אנטריקוט,גרמים,300.00,100 גרם,false,,34.90,0.1163,true,1,2284459
7290000663104,false,שווארמה פרגית להקפצה,תנובה בשר,IL,שווארמה פרגיות,גרמים,300.00,100 גרם,false,,34.90,0.1163,true,1,2284460
7290000663128,false,רצועות אנטריקוט בתיב,תנובה בשר,IL,רצועות ריב אנטריקוט,גרמים,300.00,100 גרם,false,,34.90,0.1163,true,1,2284462
7290000688084,false,מים מינרלים מי עדן ס,מופק ממקור בזלתי עדן,IL,"מי עדן ספורט 500 מ """,מיליליטרים,500.00,"100 מ""ל",false,,4.90,0.0098,true,1,1363262
7290000688374,false,"שישיית מי עדן קטקטים 250 מ""ל","מי עדן בע""מ",IL,שישייה מי עדן בייבי,ליטרים,1.98,ליטר,false,,14.90,7.5253,true,1,1363265
7290000688381,false,שישיית מי עדן פקק ספורט 0.5 ליטר,"מי עדן בע""מ",IL,שישייה מי עדן ספורט,ליטרים,3.00,ליטר,false,,12.90,4.3000,true,1,1363266
7290000688466,false,מים מינרלים מי עדן ג,מופק ממקור בזלתי עדן,IL,"מי עדן 750 מ""ל פקק",מיליליטרים,750.00,"100 מ""ל",false,,2.90,0.0039,true,1,1993798
7290000688503,false,"שישיית מי עדן ג'ים 750 מ""ל","מי עדן בע""מ",IL,"שישייה מי עדן 750 מ""",ליטרים,4.50,ליטר,false,,14.90,3.3111,true,1,1814450
7290000692135,false,ספיד סטיק דאו בסיסי ירוק א.פ פרש פאוור,קולגייט פלמוליב,TR,ספיד סטיק בסיסי ירוק א.פ,גרמים,56.60,100 גרם,false,,17.90,0.3163,true,1,1377443
7290000692203,false,אגקס נוזל לניקוי כללי 2 ל',הנסיך- מפעל לייצור ט,GR,אגקס ניקוי כללי לימון 2 ל,ליטרים,2.00,ליטר,false,,22.90,11.4500,true,1,1377444
7290000692210,false,אג'קס ניקוי כללי לוונדר 2ל',הנסיך- מפעל לייצור ט,GR,אגקס ניקוי כללי לוונדר 2,ליטרים,2.00,ליטר,false,,22.90,11.4500,true,1,1377445
7290000692227,false,נוזל כלים פלמוליב צילינדר קלאסי 1 ליטר,יבואן ומשווק: ש. שסט,GR,פלמוליב צילינדר קלאסי 1 ל,ליטרים,1.00,ליטר,false,,13.90,13.9000,true,1,1377446
7290000692456,false,אג'קס חלונות זוג 750*2 מל ספריי ורפיל,הנסיך- מפעל לייצור ט,GR,אגקס חלונות זוג,ליטרים,1.50,ליטר,false,,25.90,17.2667,true,1,1377449
7290000692746,false,"קולגייט משחה אדומה 75 ג""ר","ש. שסטוביץ בע""מ",BE,קולגייט אדומה 112 גרם,מיליליטרים,75.00,"100 מ""ל",false,,10.90,0.1453,true,1,1377450
7290000803067,false,"אלמקס משחת שיניים לילדים 75 מ""ל",הנסיך- מפעל לייצור ט,PL,אלמקס משחת שיניים ילדים 7,מיליליטרים,75.00,"100 מ""ל",false,,15.90,0.2120,true,1,1377453
7290000803180,false,"מרידול-שטיפת פה דנטלית 400 מ""ל",קולגייט פלמוליב,CH,מרידול שטיפה דנטלית 400מל,מיליליטרים,400.00,"100 מ""ל",false,,29.90,0.0747,true,1,1377454
7290000804484,false,אלמקס שטיפת פה דנטלית למניעת עששת 400מל,COLGATE PALMOLIVE,CH,אלמקס שטיפה דנטלית 400מל,מיליליטרים,400.00,"100 מ""ל",false,,29.90,0.0747,true,1,1377456
7290000900193,false,"גבינה עמק פרוס ק""ג-ק",,,"גבינה עמק פרוס ק""ג-ק",קילוגרמים,1.00,"ק""ג",true,,44.75,44.7500,true,1,1378852
7290000900230,false,"גבינה גלבוע פרוס ק""ג",,,"גבינה גלבוע פרוס ק""ג",קילוגרמים,1.00,"ק""ג",true,,42.55,42.5500,true,1,1378853
7290000900254,false,שניצל הודו פרוס,,,שניצל הודו פרוס,קילוגרמים,1.00,"ק""ג",true,,39.90,39.9000,true,1,1382821
7290000900261,false,"טל העמק פרוס ק""ג - ק",,,"טל העמק פרוס ק""ג - ק",קילוגרמים,1.00,"ק""ג",true,,59.00,59.0000,true,1,1378854
7290000900438,false,מלפפון במלח,,,מלפפון במלח,קילוגרמים,1.00,"ק""ג",true,,35.00,35.0000,true,1,1358127
7290000900629,false,חמוצים - חציל כבוש,,,חצילים,קילוגרמים,1.00,"ק""ג",true,,35.00,35.0000,true,1,1388816
7290000900667,false,זית ירוק ענק,שקדיה,,זית ירוק ענק,קילוגרמים,1.00,"ק""ג",true,,49.00,49.0000,true,1,1389109
7290000900728,false,פלפל סודני,,,פלפל סודני,קילוגרמים,1.00,"ק""ג",true,,35.00,35.0000,true,1,1358128
7290000900841,false,ירקות מעורבים,,,ירקות מעורבים,קילוגרמים,1.00,"ק""ג",true,,35.00,35.0000,true,1,1366896
7290000900858,false,לפת אדום,,,לפת אדום,קילוגרמים,1.00,"ק""ג",true,,25.00,25.0000,true,1,1366897
7290000900971,false,אגוז מוסקט טחון,,,אגוז מוסקט טחון,קילוגרמים,1.00,"ק""ג",true,,140.00,140.0000,true,1,1392385
7290000901886,false,אורגנו,,,אורגנו,קילוגרמים,1.00,"ק""ג",true,,29.00,29.0000,true,1,1392386
7290000903309,false,זיתים טבעות,,,זיתים טבעות,קילוגרמים,1.00,"ק""ג",true,,42.00,42.0000,true,1,1384337
7290000907970,false,פסטרמה כפרית טירת צב,טירת- צבי,IL,כפרית במשקל טירת צבי,קילוגרמים,1.00,"ק""ג",true,,55.00,55.0000,true,1,1379334
7290000930022,false,פילה סלמון שלם פרימי,,,בזיליקום,קילוגרמים,1.00,"ק""ג",true,,40.00,40.0000,true,1,1392394
7290000930039,false,בצל שבבים,,,בצל שבבים,קילוגרמים,1.00,"ק""ג",true,,39.00,39.0000,true,1,1392395
7290000935423,false,עגבניות מיובשות,,,עגבניות מיובשות,קילוגרמים,1.00,"ק""ג",true,,49.00,49.0000,true,1,1380588
7290000935546,false,סלט כרוב מתוק,,,סלט כרוב מתוק,קילוגרמים,1.00,"ק""ג",true,,29.00,29.0000,true,1,1384340
7290000935553,false,סלט כרוב חריף,,,סלט כרוב חריף,קילוגרמים,1.00,"ק""ג",true,,29.00,29.0000,true,1,1384341
7290000940014,false,זנגביל טחון,,,זנגביל טחון,קילוגרמים,1.00,"ק""ג",true,,59.00,59.0000,true,1,1383857
7290000940052,false,זעתר,,,זעתר,קילוגרמים,1.00,"ק""ג",true,,35.00,35.0000,true,1,1392399
7290000940083,false,חוויג למרק,,,חוויג למרק,קילוגרמים,1.00,"ק""ג",true,,39.00,39.0000,true,1,1392400
7290000940175,false,טימין,,,טימין,קילוגרמים,1.00,"ק""ג",true,,30.00,30.0000,true,1,1392403
7290000943015,false,כוסברה טחון,,,כוסברה טחון,קילוגרמים,1.00,"ק""ג",true,,19.00,19.0000,true,1,1392405
7290000943046,false,כורכום טחון,,,כורכום טחון,קילוגרמים,1.00,"ק""ג",true,,29.00,29.0000,true,1,1392406
7290000943053,false,כמון,,,כמון,קילוגרמים,1.00,"ק""ג",true,,49.00,49.0000,true,1,1392407
7290000943169,false,זיתים סורי שלם,,,זיתים סורי שלם,קילוגרמים,1.00,"ק""ג",true,,39.00,39.0000,true,1,1358131
7290000943237,false,גבינת פרמזן מרוסקת ק,,,גבינת פרמזן מרוסקת ק,קילוגרמים,1.00,"ק""ג",true,,129.00,129.0000,true,1,1378855
7290000945347,false,זית קלמטה מגולען,,,זית קלמטה מגולען,קילוגרמים,1.00,"ק""ג",true,,42.00,42.0000,true,1,1366413
7290000960005,false,זית שחור יבש,,,זית שחור יבש,קילוגרמים,1.00,"ק""ג",true,,42.00,42.0000,true,1,1385217
7290000960111,false,מלח לימון,,,מלח לימון,קילוגרמים,1.00,"ק""ג",true,,19.00,19.0000,true,1,1392409
7290000960159,false,סומק,,,סומק,קילוגרמים,1.00,"ק""ג",true,,30.00,30.0000,true,1,1392410
7290000960180,false,עלי דפנה,,,עלי דפנה,קילוגרמים,1.00,"ק""ג",true,,49.00,49.0000,true,1,1392411
7290000960234,false,פטרוזיליה,,,פטרוזיליה,קילוגרמים,1.00,"ק""ג",true,,39.00,39.0000,true,1,1347287
7290000960241,false,פלפל אנגלי שלם,,,פלפל אנגלי שלם,קילוגרמים,1.00,"ק""ג",true,,49.00,49.0000,true,1,1392412
7290000960272,false,פלפל לבן,,,פלפל לבן,קילוגרמים,1.00,"ק""ג",true,,120.00,120.0000,true,1,1392413
7290000960326,false,פלפל שחור גרוס,,,פלפל שחור גרוס,קילוגרמים,1.00,"ק""ג",true,,99.00,99.0000,true,1,1392414
7290000960333,false,פלפל שחור,ונדסטרה גרופ,,פלפל שחור,קילוגרמים,1.00,"ק""ג",true,,90.00,90.0000,true,1,1392415
7290000960388,false,פפריקה מתוקה,,,פפריקה מתוקה,קילוגרמים,1.00,"ק""ג",true,,35.00,35.0000,true,1,1392416
7290000961040,false,קארי,,,קארי,קילוגרמים,1.00,"ק""ג",true,,35.00,35.0000,true,1,1392419
7290000961217,false,קינמון טחון,,,קינמון טחון,קילוגרמים,1.00,"ק""ג",true,,25.00,25.0000,true,1,1392422
7290000961262,false,מקלות קינמון,,,מקלות קינמון,קילוגרמים,1.00,"ק""ג",true,,39.00,39.0000,true,1,1392423
7290000961279,false,קצח,,,קצח,קילוגרמים,1.00,"ק""ג",true,,35.00,35.0000,true,1,1392424
7290000961309,false,שאטה טחון,,,שאטה טחון,קילוגרמים,1.00,"ק""ג",true,,29.00,29.0000,true,1,1392425
7290000961828,false,תבלין סטייק,,,תבלין סטייק,קילוגרמים,1.00,"ק""ג",true,,39.00,39.0000,true,1,1392429
7290000961866,false,שווארמה הודו קוביות,,,שווארמה הודו קוביות,קילוגרמים,1.00,"ק""ג",true,,89.90,89.9000,true,1,1382825
7290000964058,false,תבלין שווארמה,,,תבלין שווארמה,קילוגרמים,1.00,"ק""ג",true,,49.00,49.0000,true,1,1392430
7290000964966,false,פלפל שיפקה,,,פלפל שיפקה,קילוגרמים,1.00,"ק""ג",true,,29.00,29.0000,true,1,1358132
7290000970509,false,פלפל שאטה גרוס,,,פלפל שאטה גרוס,קילוגרמים,1.00,"ק""ג",true,,35.00,35.0000,true,1,1392431
7290000975801,false,עגבניות אדומות ירוקו,,,עגבניות אדומות ירוקו,קילוגרמים,1.00,"ק""ג",true,,25.00,25.0000,true,1,1384344
7290000975856,false,עגבניות שרי אדומות י,,,עגבניות שרי אדומות י,קילוגרמים,1.00,"ק""ג",true,,19.00,19.0000,true,1,1384345
7290000978260,false,טוסקנה,,,טוסקנה,קילוגרמים,1.00,"ק""ג",true,,39.00,39.0000,true,1,1392432
7290000978369,false,בייבי מיקס בנספק,,,בייבי מיקס בנספק,גרמים,120.00,100 גרם,false,,6.90,0.0575,true,1,1400044
7290000979083,false,תבלין ראס אל חנות,,,תבלין ראס אל חנות,קילוגרמים,1.00,"ק""ג",true,,49.00,49.0000,true,1,1392435
7290000979502,false,חוויג לקפה,,,חוויג לקפה,קילוגרמים,1.00,"ק""ג",true,,60.00,60.0000,true,1,1392442
7290000980058,false,לימון פרסי שחור,,,לימון פרסי שחור,קילוגרמים,1.00,"ק""ג",true,,79.00,79.0000,true,1,1392449
7290000980065,false,פישתן,,,פישתן,קילוגרמים,1.00,"ק""ג",true,,19.00,19.0000,true,1,1383858
7290000980140,false,זית שחור ענק,,,זית שחור ענק,קילוגרמים,1.00,"ק""ג",true,,35.00,35.0000,true,1,1358133
7290000980157,false,פרג שלם,,,פרג שלם,קילוגרמים,1.00,"ק""ג",true,,29.00,29.0000,true,1,1402427
7290000980188,false,תיבול לאורז,,,תיבול לאורז,קילוגרמים,1.00,"ק""ג",true,,89.00,89.0000,true,1,1392451
7290000980225,false,שום טחון,,,שום טחון,קילוגרמים,1.00,"ק""ג",true,,50.00,50.0000,true,1,1392452
7290000980386,false,תבלין לגריל עוף,,,תבלין לגריל עוף,קילוגרמים,1.00,"ק""ג",true,,39.00,39.0000,true,1,1392456
7290000980393,false,תבלין לדגים,,,תבלין לדגים,קילוגרמים,1.00,"ק""ג",true,,39.00,39.0000,true,1,1392457
7290000980539,false,תבלין לפרגיות,,,תבלין לפרגיות,קילוגרמים,1.00,"ק""ג",true,,39.00,39.0000,true,1,1392459
7290000980553,false,זית סורי שבור,,,זית סורי שבור,קילוגרמים,1.00,"ק""ג",true,,42.00,42.0000,true,1,1358135
7290000980560,false,תבלין בהרט,,,תבלין בהרט,קילוגרמים,1.00,"ק""ג",true,,49.00,49.0000,true,1,1392460
7290000980669,false,תבלין פלדלפיה,,,תבלין פלדלפיה,קילוגרמים,1.00,"ק""ג",true,,39.00,39.0000,true,1,1392462
7290000980744,false,זית מונזוליני,,,זית מונזוליני,קילוגרמים,1.00,"ק""ג",true,,35.00,35.0000,true,1,1358136
7290000981369,false,ציפקונית,שקדיה,,ציפקונית,קילוגרמים,1.00,"ק""ג",true,,42.00,42.0000,true,1,1380591
7290000981789,false,זיתים סופר ממוט,שקדיה,,זיתים סופר ממוט,קילוגרמים,1.00,"ק""ג",true,,59.00,59.0000,true,1,1389110
7290000982168,false,סטייק סינטה טרי,,,סטייק סינטה טרי,קילוגרמים,1.00,"ק""ג",true,,99.00,99.0000,true,1,1382827
7290000987040,false,זיתים חרוזית ירוק,,,זיתים חרוזית ירוק,קילוגרמים,1.00,"ק""ג",true,,35.00,35.0000,true,1,1358137
7290000988030,false,זיתים חרוזית שחור,,,זיתים חרוזית שחור,קילוגרמים,1.00,"ק""ג",true,,42.00,42.0000,true,1,1358138
7290000988573,false,ירך הודו,,,ירך הודו,קילוגרמים,1.00,"ק""ג",true,,59.90,59.9000,true,1,1382828
7290000988733,false,עמבה הודית,,,עמבה הודית,קילוגרמים,1.00,"ק""ג",true,,35.00,35.0000,true,1,1366899
7290000990019,false,מים מינרלים 1.5 ליטר,,,לימון פרוס,קילוגרמים,1.00,"ק""ג",true,,42.00,42.0000,true,1,1384358
7290000990903,false,מרינט חתוך,,,מרינט חתוך,קילוגרמים,1.00,"ק""ג",true,,35.00,35.0000,true,1,1358139
7290000995014,false,זיתים מעדן,,,זיתים מעדן,קילוגרמים,1.00,"ק""ג",true,,35.00,35.0000,true,1,1385555
7290000995038,false,זית טסוס קטן,דין שיווק,,זית טסוס קטן,קילוגרמים,1.00,"ק""ג",true,,49.00,49.0000,true,1,1366414
7290000995045,false,זיתים קלמטה קולסול,,,זיתים קלמטה קולסול,קילוגרמים,1.00,"ק""ג",true,,59.00,59.0000,true,1,1366415
7290000995052,false,זית יווני מגולען,דין שיווק,,זית יווני מגולען,קילוגרמים,1.00,"ק""ג",true,,59.00,59.0000,true,1,1366416
7290000995069,false,חרוזית שחור,דין שיווק,,חרוזית שחור,קילוגרמים,1.00,"ק""ג",true,,59.00,59.0000,true,1,1366417
7290000995328,false,זיתים סנטה,,,זיתים סנטה,קילוגרמים,1.00,"ק""ג",true,,42.00,42.0000,true,1,1388819
7290000995458,false,סלט כרוב גזר,,,סלט כרוב גזר,קילוגרמים,1.00,"ק""ג",true,,29.00,29.0000,true,1,1384359
7290000999012,false,כרובית/ברוקולי מטוגנ,יצור עצמי,IL,חומוס קלוי טחון,קילוגרמים,1.00,"ק""ג",true,,30.00,30.0000,true,1,1392465
7290000999500,false,ירקות מעורבים,,,ירקות מעורבים,קילוגרמים,1.00,"ק""ג",true,,29.00,29.0000,true,1,1358140
7290001041123,false,שקדים מולבנים פרוסים 100גרם,מיה תעשיות מזון,IL,שקדים מולבנים פרוסים 100ג,גרמים,100.00,100 גרם,false,,10.90,0.1090,true,1,1372857
7290001041291,false,לקקן סוכריה על מקל 70יח',מיה תעשיות מזון בעמ,IL,סוכריה על מקל 70יחידות,גרמים,770.00,100 גרם,false,,22.90,0.0297,true,1,1372864
7290001041888,false,תבלין פפריקה מתוקה 300גרם,מיה תעשיות מזון בעמ,IL,פפריקה מתוקה 300גרם,גרמים,300.00,100 גרם,false,,19.90,0.0663,true,1,1372874
7290001041895,false,תבלין פלפל שחור 400 גר' מיה,מיה תעשיות מזון בעמ,IL,פלפל שחור 300גרם,גרמים,300.00,100 גרם,false,,29.90,0.0997,true,1,1372875
7290001052044,false,קציצות בורגול וירקות,,,קציצות בורגול וירקות,גרמים,500.00,100 גרם,false,,24.90,0.0498,true,1,1521150
7290001052051,false,קציצות עדשים וירקות,,,קציצות עדשים וירקות,גרמים,500.00,100 גרם,false,,24.90,0.0498,true,1,1521143
7290001052068,false,קציצות קינואה וחמוצי,,,קציצות קינואה וחמוצי,גרמים,500.00,100 גרם,false,,24.90,0.0498,true,1,1521144
7290001052549,false,חטיפי כרובית בציפוי פריך,חמים וטעים,,כרובית בציפוי פריך,גרמים,500.00,100 גרם,false,,27.90,0.0558,true,1,2250000
7290001052556,false,חטיפי ברוקולי בציפוי פריך,חמים וטעים,,ברוקלי בציפוי פריך,גרמים,500.00,100 גרם,false,,27.90,0.0558,true,1,2250001
7290001052563,false,קציצות כרובית וברוקולי,חמים וטעים,,קציצות כרובית ברוקלי,גרמים,500.00,100 גרם,false,,27.90,0.0558,true,1,2250002
7290001072554,false,דאודורנט ספריי גוף לגבר ICE,פרפקט Perfect,,דאודורנט ספריי לגבר,מיליליטרים,150.00,"100 מ""ל",false,,14.90,0.0993,true,1,2261134
7290001072578,false,דאודורנט ספריי גוף לגבר SPORT,פרפקט Perfect,,דאודורנט ספריי לגבר,מיליליטרים,150.00,"100 מ""ל",false,,14.90,0.0993,true,1,2261136
7290001072585,false,דאודורנט ספריי גוף לגבר WAVE,פרפקט Perfect,,דאודורנט ספריי לגבר,מיליליטרים,150.00,"100 מ""ל",false,,14.90,0.0993,true,1,2261137
7290001072806,false,ג'ל גילוח לעור רגיש,פרפקט Perfect,,ג'ל גילוח לעור רגיש,מיליליטרים,200.00,"100 מ""ל",false,,14.90,0.0745,true,1,2261202
7290001121054,false,מארז נקניק צמד חמד 7,תאי פרזידנט פוד פאבל,IL,צמד חמד 700גרם,גרמים,700.00,100 גרם,false,,24.90,0.0356,true,1,1381965
7290001121238,false,קורנדביף יחיעם 180 ג',מעדני יחיעם,IL,קורנד ביף 180גר',גרמים,180.00,100 גרם,false,,22.90,0.1272,true,1,1381970
7290001121672,false,פסטרמה מעודנת בפפריקה 300 ג' יחיעם,מעדני יחיעם,IL,פסטרמה מעודנת בפפריקה 300,גרמים,300.00,100 גרם,false,,24.90,0.0830,true,1,1381971
7290001121979,false,נקניק סלמי הרץ 150 ג,תאי פרזידנט פוד פאבל,IL,סלמי הרץ 150גר',גרמים,150.00,100 גרם,false,,22.90,0.1527,true,1,1381981
7290001136287,false,נקה 7 שמפו לשיער רגיל 750 מל ירוק,"אמיליה קוסמטיקס בע""מ",IL,"שמפו נקה 7 רגיל 750 מ""ל",מיליליטרים,750.00,"100 מ""ל",false,,11.90,0.0159,true,1,1383155
7290001136294,false,"שמפו נקה 7 לשיער יבש אדום 750מ""ל","אמיליה קוסמטיקס בע""מ",IL,שמפו נקה 7 יבש/צבוע750מל,מיליליטרים,750.00,"100 מ""ל",false,,11.90,0.0159,true,1,1383156
7290001136300,false,"נקה 7 שמפו ומרכך לסירוק קל 750 מ""ל",אמיליה קוסמטיקס בעמ,IL,ש.+מרכך נקה7 סירוק קל750,מיליליטרים,750.00,"100 מ""ל",false,,11.90,0.0159,true,1,1383157
7290001136362,false,נקה 7 תחליב רחצה אלוורה ארומה ירוק 1 ל',מיוצר בסין.יבוא ושיו,IL,תחליב רחצה ארומה אלוורה ו,ליטרים,1.00,ליטר,false,,14.90,14.9000,true,1,1383159
7290001136683,false,"מרכך לשיער רגיל ירוק 750 מ""ל נקה 7","אמיליה קוסמטיקס בע""מ",IL,"מרכך נקה 7 ס""ש 750 מ""ל",מיליליטרים,750.00,"100 מ""ל",false,,11.90,0.0159,true,1,1383160
7290001136799,false,נקה 7 תחליב רחצה ארומה ורוד יסמין 1 ל',מיוצר בסין.יבוא ושיו,IL,תחליב רחצה ארומה ורד יסמי,ליטרים,1.00,ליטר,false,,14.90,14.9000,true,1,1383161
7290001136973,false,נקה 7 תחליב רחצה ארומה קמומיל לבן 1 ל',טרופיקל דגיל תעשיות,IL,תחליב רחצה ארומה קמומיל 1,ליטרים,1.00,ליטר,false,,14.90,14.9000,true,1,1383162
7290001208168,false,קבוקים 250 גרם,דין שיווק,,קבוקים 250 גרם,גרמים,250.00,100 גרם,false,,5.90,0.0236,true,1,1366419
7290001216040,false,טחינה 500 גרם טחינת אל-ארז,דולפין ספא,IL,טחינה 500 גר אל ארז,גרמים,500.00,100 גרם,false,,15.90,0.0318,true,1,1448639
7290001216231,false,טחינה גולמית שומשום מלא אל ארז 500ג',דולפין ספא,IL,טחינה מלא 500 גרם א,גרמים,500.00,100 גרם,false,,16.90,0.0338,true,1,1448652
7290001245521,false,ג'ל מרוכז לכביסה לבנה וצבעונית,פרפקט Perfect,,ג'ל מרוכז 5 ליטר לכ,ליטרים,5.00,ליטר,false,,24.90,4.9800,true,1,2110398
7290001245729,false,ג'ל כביסה ירוקה טאצ 3 ליטר סלקט,,,ג'ל כביסה לבנה וצבעו,ליטרים,3.00,ליטר,false,,24.90,8.3000,true,1,2379008
7290001247068,false,קרטונית נקטר ספרינג תות בננה 1 ליטר,"יפאורה תבורי בע""מ",IL,ספרינג תות בננה קרטו,ליטרים,1.00,ליטר,false,,6.60,6.6000,true,1,1363268
7290001247082,false,קרטונית נקטר ספרינג עגבניות 1 ליטר,"יפאורה תבורי בע""מ",IL,ספרינג עגבניות קרטונ,ליטרים,1.00,ליטר,false,,6.60,6.6000,true,1,1363269
7290001247099,false,קרטונית נקטר ספרינג מנגו 1 ליטר,"יפאורה תבורי בע""מ",IL,ספרינג מנגו קרטונית,ליטרים,1.00,ליטר,false,,6.60,6.6000,true,1,1363270
7290001247105,false,קרטונית נקטר ספרינג אפרסק 1 ליטר,"יפאורה תבורי בע""מ",IL,נקטר ספרינג אפרסק,ליטרים,1.00,ליטר,false,,6.60,6.6000,true,1,1363271
7290001247112,false,קרטונית נקטר ספרינג לימונענע 1 ליטר,"יפאורה תבורי בע""מ",IL,ספרינג לימונענע קרטו,ליטרים,1.00,ליטר,false,,6.60,6.6000,true,1,1363272
7290001247129,false,נקטר ספרינג תפוזים קרטונית 1 ל',"יפאורה תבורי בע""מ",IL,ספרינג תפוז קרטונית,ליטרים,1.00,ליטר,false,,6.60,6.6000,true,1,1363273
7290001247143,false,נקטר ספרינג תפוחים קרטונית 1 ל',"יפאורה תבורי בע""מ",IL,ספרינג תפוח קרטונית,ליטרים,1.00,ליטר,false,,6.60,6.6000,true,1,1363274
7290001247747,false,"ספרינג נקטר תפוח פחית 330 מ""ל",יפאורה תבורי,IL,פחית ספרינג תפוחים,מיליליטרים,330.00,"100 מ""ל",false,,5.90,0.0179,true,1,1378292
7290001258422,false,קשקבל יעקבס מעדניה,משק יעקבס,IL,קשקבל,קילוגרמים,1.00,"ק""ג",true,,99.00,99.0000,true,1,1386461
7290001258590,false,גבינת אורי מנצגו במש,משק יעקבס,IL,מנצגו,קילוגרמים,1.00,"ק""ג",true,,129.00,129.0000,true,1,1386471
7290001274422,false,שלגונים ציפוי בננה מאגדת שמינייה 560 ג',"פלקו בע""מ",IL,שלגוני מצופים,גרמים,560.00,100 גרם,false,,22.90,0.0409,true,1,1373604
7290001274576,false,גלידה גלידל וניל תות,גלידות פלדמן,IL,גלידל תות וניל 900 מ,מיליליטרים,900.00,"100 מ""ל",false,,19.90,0.0221,true,1,1373605
7290001274583,false,גלידל שוקו פקאן נטול,גלידות פלדמן,IL,"גלידל פקאו 900 מ""ל",מיליליטרים,900.00,"100 מ""ל",false,,19.90,0.0221,true,1,1373606
7290001274934,false,מאגדת גלידל פרי למון ליים 8 יח,הגלידות של פלדמן,IL,שמיניית קרטיבים פופס,גרמים,640.00,100 גרם,false,,19.90,0.0311,true,1,1373608
7290001274941,false,מאגדת גלידל פרי פטל 8 יח דיאט,הגלידות של פלדמן,IL,שמיניית קרחוני דיאט,גרמים,640.00,100 גרם,false,,19.90,0.0311,true,1,1373609
7290001305058,false,"פלמוליב - נטורלס תחליב רחצה חלב ודבש 500 מ""ל",הנסיך- מפעל לייצור ט,TR,פלמוליב חלב ודבש 500מל חד,מיליליטרים,500.00,"100 מ""ל",false,,15.90,0.0318,true,1,1377457
7290001305188,false,פלמוליב כלים שקוף לימון 750 בקבוק חדש,יבואן ומשווק: ש. שסט,GR,פלמוליב כלים שקוף לימון 7,מיליליטרים,750.00,"100 מ""ל",false,,9.90,0.0132,true,1,1377458
7290001327180,false,שטראוס קרמיסימו וניל ציפ 1.33 ליטר,"גלידת שטראוס בע""מ, ר",IL,קר' 1.33 וניל צ'יפ פסח,ליטרים,1.33,ליטר,false,,19.90,14.9624,true,1,1375867
7290001343845,false,"גרנולה פירות 1 ק""ג - 845 - ורוד שקדיה",הנסיך- מפעל לייצור ט,IL,"גרנולה פירות 1 ק""ג.",גרמים,1000.00,100 גרם,false,,19.90,0.0199,true,1,1366424
7290001359129,false,פחם ארוז 1.7קג פחמי,,IL,"פחם שקית 1.7 ק""ג",קילוגרמים,1.70,"ק""ג",false,,12.90,7.5882,true,1,2350100
7290001407547,false,טחינה גולמית משומשום מלא פי 6 בארכה 500ג',רושדי תעשיות מזון בע,IL,טחינה משומשום מלא פי 6 סי,גרמים,500.00,100 גרם,false,,13.90,0.0278,true,1,1378129
7290001407592,false,"בארכה טחינה גולמית פי 6 סידן 6*1 ק""ג",,IL,טחינה בארכה משומשום,קילוגרמים,1.00,"100 ק""ג",false,,24.90,24.9000,true,1,2307040
7290001407813,false,חלבה שאמית פיסטוק בקטנה בארכה 350ג',רושדי תעשיות מזון בע,IL,חלבה בארכה שאמית וניל עם,גרמים,350.00,100 גרם,false,,15.90,0.0454,true,1,1378132
7290001407820,false,חלווה שאמית וניל קלאסית בארכה 350ג',רושדי תעשיות מזון בע,IL,חלבה בארכה שאמית וניל 350,גרמים,350.00,100 גרם,false,,15.90,0.0454,true,1,1378133
7290001407837,false,חלווה שאמית קקאו בארכה,רושדי תעשיות מזון בע,IL,חלבה בארכה שאמית שוקו עם,גרמים,350.00,100 גרם,false,,15.90,0.0454,true,1,1378134
7290001407844,false,חלווה קלאסית וניל בארכה 350גר,רושדי תעשיות מזון בע,IL,חלבה בארכה קלאסית וניל 35,גרמים,350.00,100 גרם,false,,15.90,0.0454,true,1,1378135
7290001407936,false,בארכה-טחינה גולמית מעודנת בקבוק לחיץ 310 ג',רושדי תעשיות מזון בע,IL,טחינה גולמית מעודנת,גרמים,310.00,100 גרם,false,,11.90,0.0384,true,1,1471043
7290001419618,false,וופל בלגי עלמה שחור לבן וניל 200ג',"גילרו בע""מ",IL,וופל בלגי שוקו.,גרמים,200.00,100 גרם,false,,2.90,0.0145,true,1,1385584
7290001419779,false,וופל שוקו' עלמה קלאסי 200 גר,"גילרו בע""מ",IL,וופל קלאסי שוקו.,גרמים,200.00,100 גרם,false,,2.90,0.0145,true,1,1385585
7290001419793,false,גביעי גלידה מגולגל עלמה גילרו 30 יח',"גילרו בע""מ",IL,גביע גלידה.,גרמים,132.00,100 גרם,false,,10.90,0.0826,true,1,1385586
7290001419892,false,וופל קלאסי לימון 200 ג' עלמה,"גילרו בע""מ",IL,וופל קלאסי לימון.,גרמים,200.00,100 גרם,false,,2.90,0.0145,true,1,1385588
7290001427019,false,"מיץ תפוזים סחוט 100% 500 מ""ל",קשת מיצים,IL,מיץ תפוזים קשת 500 מ,מיליליטרים,500.00,"100 מ""ל",false,,13.90,0.0278,true,1,2356534
7290001439074,false,ספוג שלישיית כדורי רחצה מוסקו,יושלם,,שלישיה כדור ליפה,יח',3.00,יח',false,,11.90,3.9667,true,1,1362637
7290001439432,false,ספוג רחצה משולב מוסק,חוואנטן,CN,ספוג ליפה רכה,יחידה,0.00,יחידה,false,,10.00,0.0000,true,1,1362640
7290001461112,false,לחם רוסטיק עגול פילס,פילסברי,,לחם מחמצת דגנים (ברק,גרמים,500.00,100 גרם,false,,16.90,0.0338,true,1,2030709
7290001461457,false,בגט רוסטיק קמח מלא ו,פילסברי,,בגט רוסטיק קמח מלא,יחידה,0.00,יחידה,false,,7.90,0.0000,true,1,1802741
7290001468272,false,נאמן פלסטרים מעורב 50יח',,,פלסטרים בגדלים וצורו,יח',50.00,יח',false,,6.90,0.1380,true,1,1368523
7290001468319,false,מיץ לימון ליים 200מל,,,מיץ לימון 200,מיליליטרים,200.00,"100 מ""ל",false,,5.90,0.0295,true,1,1368524
7290001468661,false,"מסיר לק ריחני 180 מ""ל",,,מסיר לק יסמין,מיליליטרים,180.00,"100 מ""ל",false,,6.90,0.0383,true,1,1368528
7290001468678,false,מפת שולחן 137*274סמ,,,מפת שולחן אלפא,יח',1.00,יח',false,,9.90,9.9000,true,1,1368529
7290001468753,false,קמח תפוחי אדמה 500 ג' נאמן,תבליני ביטון,IL,קמח תפוחי אדמה 500 ג,גרמים,500.00,100 גרם,false,,5.90,0.0118,true,1,1368530
7290001468890,false,אלכוהול 70%,,,אלכוהול 70%,מיליליטרים,100.00,"100 מ""ל",false,,5.90,0.0590,true,1,1368534
7290001482049,false,בולגריה בקוביות עם ש,,,בולגריה בקוביות עם ש,קילוגרמים,1.00,"ק""ג",true,,89.00,89.0000,true,1,1347686
7290001482094,false,גבינה פרמז'נו משולשים ויליפוד 200ג',זנטי אס. אי לאלין,IT,פרמז'נו 200גרם ( 25יח') (,גרמים,200.00,100 גרם,false,,19.90,0.0995,true,1,1347687
7290001482384,false,אננס חתוך 227 גרם ויליפוד,וילי פוד,TH,אננס חתוך 227גרם,גרמים,227.00,100 גרם,false,,3.90,0.0172,true,1,1347689
7290001485019,false,גבינת שמנת 5% טעם טבעי 200 ג' טרה,טרה,IL,גבינת קרם שמנת טבעי 200 ג,גרמים,200.00,100 גרם,false,,10.90,0.0545,true,1,1367390
7290001491010,false,תה ירוק יסמין 25 שקיקים 1.5 גרם,תה ויסוצקי,IL,תה ירוק יסמין,גרמים,37.50,100 גרם,false,,22.90,0.6107,true,1,1378136
7290001491096,false,תה ירוק בתוספת לימונית ולואיזה 50 שקיקים ויסוצקי,תה ויסוצקי,IL,תה ירוק לימונית ולואיזה,גרמים,75.00,100 גרם,false,,39.90,0.5320,true,1,1378137
7290001491812,false,תה ויסוצקי ירוק פירות יער ופסיפלורה 25יח',תה ויסוצקי,IL,תה ירוק פירות יער ופסיפלו,גרמים,37.50,100 גרם,false,,22.90,0.6107,true,1,1378138
7290001515310,false,שש כריות קרצוף יפניות סקוטש ברייט,3m,,כריות קירצוף,יח',6.00,יח',false,,12.90,2.1500,true,1,1343919
7290001515631,false,שלושה ספוגי קרצוף קשיחים ארוכים אדומים,M3,ES,ספוג קרצוף ארוך שליש,יח',3.00,יח',false,,7.90,2.6333,true,1,1343926
7290001532096,false,שפרוטים חם,,,שפרוטים חם,קילוגרמים,1.00,"ק""ג",true,,82.00,82.0000,true,1,2294900
7290001532157,false,פילה הרינג במשקל,,,פילה הרינג,קילוגרמים,1.00,"ק""ג",true,,45.00,45.0000,true,1,2294904
7290001532164,false,פילה הרינג כבוש,,,פילה הרינג כבוש,קילוגרמים,1.00,"ק""ג",true,,45.00,45.0000,true,1,2294905
7290001532195,false,מקרל מעושן קטן,,,מקרל מעושן קטן,קילוגרמים,1.00,"ק""ג",true,,69.00,69.0000,true,1,2244000
7290001532317,false,מקרל בשמן,,,מקרל בשמן,קילוגרמים,1.00,"ק""ג",true,,89.00,89.0000,true,1,2294912
7290001532706,false,"פילה הרינג חתוך 2.8 ק""ג",,IL,פילה הרינג חתוך,קילוגרמים,1.00,"ק""ג",true,,45.00,45.0000,true,1,2294915
7290001552025,false,הקוסקוס של אמא קפוא 800 גר,מטעמי פאר,IL,הקוסקוס של אמא 800 ג,גרמים,800.00,100 גרם,false,,14.90,0.0186,true,1,1393813
7290001567708,false,נקנקיות וינר 400 ג' יחיעם,מעדני יחיעם,IL,נקניקיות עוף 400 גרם,גרמים,400.00,100 גרם,false,,9.90,0.0248,true,1,1465790
7290001567760,false,פסטרמה של פעם 300 ג' יחיעם,מעדני יחיעם,IL,פסטרמה של פעם 300 ג',יחידה,0.00,יחידה,false,,24.90,0.0000,true,1,1523761
7290001567807,false,כתף בקר מעושן 250 ג' יחיעם,מעדני יחיעם,IL,כתף בקר מעושן 250 ג',גרמים,250.00,100 גרם,false,,27.90,0.1116,true,1,1523763
7290001567814,false,סלמי מעושן בסגנון איטלקי 300 ג' יחיעם,מעדני יחיעם,IL,סלמי מעושן בסגנון אי,יחידה,0.00,יחידה,false,,19.90,0.0000,true,1,1523740
7290001567920,false,סלמי תה יחיעם 200 ג',,,סלמי תה,גרמים,200.00,100 גרם,false,,9.90,0.0495,true,1,1843324
7290001567937,false,איטליקי מפולפל 200 ג' יחיעם,מעדני יחיעם,IL,נקניק אטלקי מפולפל,גרמים,200.00,100 גרם,false,,10.90,0.0545,true,1,1843325
7290001594025,false,"קוקה קולה זכוכית 350 מ""ל",החברה המרכזית לייצור,IL,קוקה קולה קלאסי 350,מיליליטרים,350.00,"100 מ""ל",false,,5.90,0.0169,true,1,1373858
7290001594155,false,קוקה קולה 500 מל פקד,החברה המרכזית לייצור,IL,ק'-קולה 500 מל,מיליליטרים,500.00,"100 מ""ל",false,,6.90,0.0138,true,1,1373861
7290001594230,false,"קינלי סודה בקבוק 250 מ""ל",החברה המרכזית לייצור,IL,קינלי סודה 250,מיליליטרים,250.00,"100 מ""ל",false,,4.00,0.0160,true,1,1373866
7290001594568,false,"בירה קרלסברג פחית 500 מ""ל",מבשלות בירה בינלאומי,RO,קרלסברג פח 500 מל פקדון,מיליליטרים,500.00,"100 מ""ל",false,,7.90,0.0158,true,1,1373875
7290001594575,false,"בירה טובורג פחית 500 מ""ל",מבשלות בירה בינלאומי,IL,טובורג פח 500 מל פקדון,מיליליטרים,500.00,"100 מ""ל",false,,7.90,0.0158,true,1,1373876
7290001594810,false,"בירה שחורה מאלטי בקב' מארז 330X6מ""ל",מאלטי,,שישיית בירה מאלטי 33,ליטרים,1.98,ליטר,false,,24.90,12.5758,true,1,1373878
7290001594858,false,"טובורג רד שישייה בקבוק 330 מ""ל",קרלסברג ישראל,IL,טובורג 6 בק 330 פקדון,ליטרים,1.98,ליטר,false,,29.90,15.1010,true,1,1373880
7290001594865,false,"קרלסברג בירה בקבוק 6* 330 מ""ל",קרלסברג ישראל,IL,קרלסברג 6 בק 330 פקדון,ליטרים,1.98,ליטר,false,,32.90,16.6162,true,1,1373881
7290001664353,false,גב עוף,,,גב עוף,קילוגרמים,1.00,"ק""ג",true,,4.90,4.9000,true,1,1382841
7290001664360,false,עצמות בקר טרי,,,עצמות בקר טרי,קילוגרמים,1.00,"ק""ג",true,,29.90,29.9000,true,1,1382842
7290001664384,false,פילה עגל טרי,,,פילה עגל טרי,קילוגרמים,1.00,"ק""ג",true,,220.00,220.0000,true,1,1382843
7290001664391,false,כנפיים עוף+נקיון,,,כנפיים עוף+נקיון,קילוגרמים,1.00,"ק""ג",true,,14.90,14.9000,true,1,1382844
7290001664445,false,לשון עגל טרי,,,לשון עגל טרי,קילוגרמים,1.00,"ק""ג",true,,49.00,49.0000,true,1,1382848
7290001664483,false,הודו אדום טחון,,,הודו אדום טחון,קילוגרמים,1.00,"ק""ג",true,,69.90,69.9000,true,1,1382850
7290001664537,false,"חזה טלה טרי ע""ע",,,"חזה טלה טרי ע""ע",קילוגרמים,1.00,"ק""ג",true,,69.90,69.9000,true,1,1382853
7290001664544,false,צלעות טלה טרי,,,צלעות טלה טרי,קילוגרמים,1.00,"ק""ג",true,,199.00,199.0000,true,1,1382854
7290001664551,false,צוואר טלה טרי,,,צוואר טלה טרי,קילוגרמים,1.00,"ק""ג",true,,89.90,89.9000,true,1,1382855
7290001664919,false,סטייק פרגיות,,,סטייק פרגיות,קילוגרמים,1.00,"ק""ג",true,,79.90,79.9000,true,1,1382860
7290001664964,false,קוביות/חזה עוף פרוס,,,קוביות/חזה עוף פרוס,קילוגרמים,1.00,"ק""ג",true,,44.90,44.9000,true,1,1382861
7290001670224,false,מלית פרג 400 גרם פוליבה,"פוליבה בע""מ",IL,מלית פרג,גרמים,400.00,100 גרם,false,,10.90,0.0273,true,1,1360259
7290001670255,false,כוס קרטון שתייה חמה 8B 50 יח',הנמל,,כוסות קרטון 8 50 יח,יח',50.00,יח',false,,9.90,0.1980,true,1,2333894
7290001670354,false,"מפת שולחן סופגת לבן 137X274 ס""מ במיוחד",הנמל,,מפת שולחן סופגת,יחידה,0.00,יחידה,false,,9.90,0.0000,true,1,1360263
7290001670408,false,נרות חימום בשקית 50 יח`,לחמנו,CN,נרות חימום 50 בשקית,יח',50.00,יח',false,,12.90,0.2580,true,1,2328682
7290001670514,false,מלית אוכמניות - 400 גרם פוליבה,"פוליבה בע""מ",IL,מלית אוכמניות,גרמים,400.00,100 גרם,false,,10.90,0.0273,true,1,1360270
7290001670521,false,"מלית תפו""ע וקינמון 4","פוליבה בע""מ",IL,מלית תפוח עץ,גרמים,400.00,100 גרם,false,,10.90,0.0273,true,1,1360271
7290001670668,false,שקיות הקפאה לקרח הנמ,"איטיליאן פוד, אס.פי.",TR,קרחוניות 12 יח',יח',12.00,יח',false,,3.90,0.3250,true,1,1360273
7290001670736,false,כפפות נילון שקוף 100 יחידות,יבוא ושיווק: הנמל אר,IL,כפפות ניילון שקוף 10,יח',100.00,יח',false,,4.90,0.0490,true,1,1360274
7290001670842,false,מלית חלווה פוליבה 400 ג',"פוליבה בע""מ",IL,ממרח חלבה 400 גרם,גרמים,400.00,100 גרם,false,,10.90,0.0273,true,1,1360276
7290001690147,false,מון בלאן טעם טוב גבינה מותכת6% 120 גרם,שלושת האופים,IL,טעם טוב גבינה מותכת,גרמים,120.00,100 גרם,false,,9.90,0.0825,true,1,2330781
7290001709467,false,חטיף הודי מטבעות פאנ,,IN,מטבעות פאני פורי 200,גרמים,200.00,100 גרם,false,,19.90,0.0995,true,1,2372553
7290001713167,false,סנט מוריץ - מרסס קצף ניקוי 1 ליטר סניטרי אפור,"קומפלקס כימיקלים בע""",IL,מתז קצף ניקוי,ליטרים,1.00,ליטר,false,,9.90,9.9000,true,1,2259751
7290001716595,false,שקיות ענק עם ידיות 9,,,שקיות ענק עם ידיות 9,יח',25.00,יח',false,,12.90,0.5160,true,1,1392741
7290001780428,false,מאגדת גלידת לייט שוקולד נסטלה 6יח' 312ג',גלידות נסטלה (נגה גל,IL,לייט שוקו 6 יח’,גרמים,312.00,100 גרם,false,,29.90,0.0958,true,1,1368658
7290001791356,false,"סנו - פרש מילוי למטהר אוויר בלו אייר 250 מ""ל",החברה הדרומית,IL,סנופרש אוטומטי לבנדר250מ,מיליליטרים,250.00,"100 מ""ל",false,,13.90,0.0556,true,1,1358623
7290001813454,false,עוגיות חיוכים חגיגה שוקו 900 ג',אפיפית נצרת תעשיות ב,IL,חיוכים שוקו 900 גרם,גרמים,900.00,100 גרם,false,,19.90,0.0221,true,1,2362954
7290001813478,false,עוגיות חיוכים חגיגה וניל 900 ג',אפיפית נצרת תעשיות ב,IL,חיוכים וניל 900 גרם,גרמים,900.00,100 גרם,false,,19.90,0.0221,true,1,2362955
7290001817728,false,צ'יטוס חטיף כאפה קטשופ 55 גרם,"שטראוס פריטו ליי בע""",IL,ציטוס כאפה 55 גר תפזורת,גרמים,55.00,100 גרם,false,,3.50,0.0636,true,1,1382012
7290001835562,false,פרמיו בקר וכבד לכלב,,IT,פרמיו בקר וכבד לכלב,גרמים,400.00,100 גרם,false,,5.90,0.0148,true,1,2372014
7290001835579,false,פרמיו כבש לכלב 400ג',,,פרמיו כבש לכלב 400ג',גרמים,400.00,100 גרם,false,,5.90,0.0148,true,1,2372015
7290001835609,false,פרמיו גור עוף לכלב 4,,,פרמיו גור עוף לכלב 4,גרמים,400.00,100 גרם,false,,5.90,0.0148,true,1,2372016
7290001865439,false,פמלי לקשרי 1ליטר וניל טהור +משאבה,אף.סי תבליני בגליל ב,IL,פמלי אל סבון ליטר ונילה [,ליטרים,1.00,ליטר,false,,9.90,9.9000,true,1,1391741
7290001865453,false,פמלי לקשרי 1ליטר לבנדר ארומטי+משאבה,מיוצר עי קונדיטוריית,TR,פמלי אל סבון ליטר לבנדר [,ליטרים,1.00,ליטר,false,,9.90,9.9000,true,1,1391742
7290001865460,false,סבון נוזלי פמלי לקשרי זר פרחים לבנים 1 ל,אינטרקוסמא,IL,פמלי אל סבון ליטר ליים [י,ליטרים,1.00,ליטר,false,,9.90,9.9000,true,1,1391743
7290001892077,false,לחם שיפון בריאות/רוס,מאפיית פולנסקי,IL,לחם בריאות/רוסי/אוקראיני,גרמים,700.00,100 גרם,false,,11.90,0.0170,true,1,1376007
7290001917527,false,פרש וואנס פדים להסרת איפור 80 יח' *3,על בד,IL,פדיות קוסמטיות **1X3**,יח',3.00,יח',false,,14.90,4.9667,true,1,1391746
7290001946015,false,אריסה מתוקה 250 גרם,תבליני ביטון מאיר,IL,אריסה מתוקה 250ג- 12יח',גרמים,250.00,100 גרם,false,,12.90,0.0516,true,1,1403005
7290001946077,false,אריסה חריפה 250 גרם,תבליני ביטון מאיר,IL,אריסה חריפה 250ג- 12יח',גרמים,250.00,100 גרם,false,,12.90,0.0516,true,1,1403007
7290001946237,false,פלפל צ'ומה ביטון,תבליני ביטון מאיר,IL,פלפל צ'ומה 250ג- 12יח',גרמים,250.00,100 גרם,false,,12.90,0.0516,true,1,1403010
7290001946299,false,סחוג ירוק תבליני ביט,תבליני ביטון מאיר,IL,סחוג תימני 250ג- 12יח',גרמים,250.00,100 גרם,false,,12.90,0.0516,true,1,1403011
7290001946725,false,לימון בלאדי ביטון,תבליני ביטון מאיר,IL,לימון באלדי 250ג- 12יח',גרמים,250.00,100 גרם,false,,12.90,0.0516,true,1,1403015
7290001946749,false,סחוג ירוק 150 גר ביט,,,סחוג ירוק,גרמים,150.00,100 גרם,false,,9.90,0.0660,true,1,1403016
7290001973233,false,"ד""ר פישר - קמיל בלו מילוי מגבונים בדיספנסר 120 יח'","ד""ר פישר Dr fischer",IL,ק.ב סנסטיב מגבונים 120 יח,יח',120.00,יח',false,,12.90,0.1075,true,1,1390521
7290001973332,false,קמיל בלו סנסטיב מגבונים לפנים דיספנסר 60,"ד""ר פישר Dr fischer",IL,- ק.ב.ס מגבונים לפנים 60,יח',60.00,יח',false,,6.90,0.1150,true,1,1390524
7290001973363,false,מגבונים קמיל בלו ליציאה שקית 30 יח,"ד""ר פישר Dr fischer",IL,TO-GO ק.ב סנסטיב מגבונ,יח',30.00,יח',false,,6.90,0.2300,true,1,1390525
7290001989388,false,מעדן מטיאס הולנדי פר,"סלטי שמיר 2006 בע""מ",IL,מעדן הרינג בסגנון מט,קילוגרמים,1.00,"ק""ג",true,,69.00,69.0000,true,1,2236201
7290001990148,false,"סוכר גולדן קלאסי צנצנת 1ק""ג סוגת",האי נאם סי או אל.טי.,IL,סוכר גולדן קלסי צנצנת1 קג,קילוגרמים,1.00,"ק""ג",false,,12.90,12.9000,true,1,1372003
7290002000143,false,"חדש -פנג'ל ק.ידיים קלאסיק 80מ""ל",מיוצר עי קונדיטוריית,IL,חדש -פנג'ל ק.ידיים קלאסיק,מיליליטרים,80.00,"100 מ""ל",false,,6.90,0.0863,true,1,1391748
7290002001782,false,לטיפוח כף הרגל פנג'ל,אינטרקוסמא,IL,חדש-פנג'ל פלוס קרם כף רגל,גרמים,100.00,100 גרם,false,,14.90,0.1490,true,1,1391750
7290002002857,false,ניירות להסרת שיער בשעווה 50 יחידות,"איטיליאן פוד, אס.פי.",IL,מגע המשי נייר הדבש 50יח,יח',50.00,יח',false,,18.90,0.3780,true,1,1391757
7290002003168,false,קרם ידיים מארז שלישית פנג'ל 3X80-גרם,אינטרקוסמא 1985 במ,IL,פנג'ל קרם ידיים קלאס,מיליליטרים,240.00,"100 מ""ל",false,,19.90,0.0829,true,1,2130376
7290002007029,false,קוקוס טחון 100 ג' הנמל,יבוא ושיווק: הנמל אר,IL,קוקוס טחון,גרמים,100.00,100 גרם,false,,3.90,0.0390,true,1,2223711
7290002007234,false,אבקת סוכר 100 ג' הנמל,"מיוצר וארוז ע""י: ר.ס",IL,אבקת סוכר 100 גרם,גרמים,100.00,100 גרם,false,,1.90,0.0190,true,1,1360280
7290002007302,false,סוכריות לקישוט צבע אחיד 100 ג' הנמל,הנמל,,סוכריות קישוט לעוגה,גרמים,100.00,100 גרם,false,,4.90,0.0490,true,1,1360283
7290002007357,false,שקיות צליה דליקטס מיקרוגל הנמל 10 יח',הנמל,IL,שקיות לצליה,יח',10.00,יח',false,,4.90,0.4900,true,1,1360284
7290002007371,false,פירורי לחם הנמל 500 ג',הנמל,IL,פירורי לחם 500ג.,גרמים,500.00,100 גרם,false,,5.90,0.0118,true,1,1360285
7290002007487,false,צמר פלדה הנמל 100 גר,"איטיליאן פוד, אס.פי.",IL,צמר פלדה,גרמים,100.00,גרם,false,,2.90,0.0290,true,1,1360288
7290002007500,false,קיסמי שיניים במבוק בחבית 500 יח',הנמל אריזות ושיווק ב,CN,קיסמי שיניים 500 יח,יח',500.00,יח',false,,3.80,0.0076,true,1,1360289
7290002007746,false,"צבע מאכל כחול 55 מ""ל הנמל",הנמל אריזות ושיווק ב,IL,צבע מאכל כחול,מיליליטרים,55.00,"100 מ""ל",false,,2.90,0.0527,true,1,1360293
7290002007821,false,"צבע מאכל אדום 55 מ""ל",ממתקי עלה ייצור שיוו,IL,צבע מאכל אדום,מיליליטרים,55.00,"100 מ""ל",false,,2.90,0.0527,true,1,1360296
7290002007852,false,"תמצית אפייה בטעמים שונים 55 מ""ל הנמל",ממתקי עלה יצור ושיוו,IL,תמצית לאפיה וניל,מיליליטרים,55.00,"100 מ""ל",false,,2.90,0.0527,true,1,1360297
7290002008057,false,"תמצית אפייה בטעם רום 55 מ""ל הנמל",ממתקי עלה יצור שיווק,IL,תמצית אפיה רום,מיליליטרים,55.00,"100 מ""ל",false,,2.90,0.0527,true,1,1360305
7290002008071,false,עטרות חום 2 מספר הנמל,הנמל אריזות ושיווק ב,IL,נייר לעוגיות מס.2 13,יח',130.00,יח',false,,3.90,0.0300,true,1,1360306
7290002008088,false,"צבע מאכל צהוב 55 מ""ל הנמל",הנמל אריזות ושיווק ב,IL,צבע מאכל צהוב,מיליליטרים,55.00,"100 מ""ל",false,,2.90,0.0527,true,1,1360307
7290002008224,false,סוכריות לקישוט צבעונית הנמל 100 ג',ממתקי עלה בעמ,IL,סוכריות קישוט,גרמים,60.00,100 גרם,false,,4.90,0.0817,true,1,1360313
7290002008262,false,מצע נושם לפירות ירקו,שיווק: הנמל אריזות ו,IL,מצע נושם לירקות,יח',1.00,יח',false,,9.90,9.9000,true,1,1360316
7290002008309,false,עטרות נייר חום לעוגה מס' 4 הנמל 130יח',הנמל אריזות ושיווק ב,IL,נייר לעוגיות מס.4 13,יח',130.00,יח',false,,4.90,0.0377,true,1,1360318
7290002008491,false,סוכריות לקישוט שוקולד 100 ג' הנמל,ממתקי עלה יצור שיווק,IL,סוכריות קישוט שוקו,גרמים,100.00,100 גרם,false,,4.90,0.0490,true,1,1360324
7290002008507,false,נייר אפייה 50 יח' הנמל,הנמל אריזות ושיווק ב,IL,נייר אפייה 50 יח,יח',50.00,יח',false,,8.90,0.1780,true,1,1360325
7290002008569,false,מלבין קפה בקופסא 200 גר',הנמל אריזות ושיווק ב,IL,מלבין קפה 200 גר,גרמים,200.00,100 גרם,false,,12.90,0.0645,true,1,1360328
7290002008620,false,"צבע מאכל ירוק 55 מ""ל הנמל",ממתקי עלה יצור שיווק,IL,צבע מאכל ירוק,מיליליטרים,55.00,"100 מ""ל",false,,2.90,0.0527,true,1,1360329
7290002008743,false,סוכר וניל 10*10 ג' הנמל,"מיוצר וארוז ע""י: ר.ס",IL,סוכר וניל 10 יח',יח',10.00,יח',false,,1.90,0.1900,true,1,1360331
7290002008750,false,אבקת אפיה הנמל מארז 10X10 ג',"מיוצר ע""י:ר.ס. חברה",IL,אבקת אפיה 10 יח',גרמים,100.00,100 גרם,false,,1.90,0.0190,true,1,1360332
7290002008835,false,מגן כיריים,מיוצר בסין.יבוא ושיו,CN,מגן כיריים,יח',4.00,יח',false,,4.90,1.2250,true,1,1360333
7290002013006,false,פסטרממיה מקסיקנית במ,זוגלובק,IL,פסטרמה מקסיקנית,קילוגרמים,1.00,"ק""ג",true,,85.00,85.0000,true,1,1361571
7290002013174,false,פסטרמה של פעם זוגלוב,זוגלובק,IL,פסטרמה של פעם,קילוגרמים,1.00,"ק""ג",true,,85.00,85.0000,true,1,1361573
7290002022152,false,מרשמלו ורוד לבן וסטהיים 100ג36X שקיות בקרטון,מנדלז סי.אר. פרודקשן,IL,כרמית מרשמלו 100 גרם,גרמים,100.00,100 גרם,false,,3.00,0.0300,true,1,1377461
7290002026341,false,צ'יפס אריסטו רגיל שקיות רשת,האי נאם סי או אל.טי.,CA,צ'יפס בטטה אריסטו,גרמים,500.00,100 גרם,false,,14.90,0.0298,true,1,1411809
7290002026402,false,בראנץ אנד קראנץ בלינצס גבינה 350 גרם,מוצרי איכות אמריקאיי,IL,בלינצ'ס גבינה קפוא 350גר,גרמים,350.00,100 גרם,false,,15.90,0.0454,true,1,1365826
7290002026587,false,וופל בלגי פרווה בראנץ אנד קראנץ 8 יח',בראנץ' אנד קראנץ Brunch& Crunch,IL,וופל בלגי קפוא.,גרמים,220.00,100 גרם,false,,15.90,0.0723,true,1,2238668
7290002037057,false,לחם פרוס ודש 500 גרם,מאפית י את א ברמן בע,IL,לחם לבן פרוס 500 גרם,גרמים,500.00,100 גרם,false,,5.90,0.0118,true,1,1362229
7290002037194,false,לחם שחור קמח מלא 750 גר,מאפית י את א ברמן בע,IL,לחם שחור מקמח מלא 75,גרמים,750.00,100 גרם,false,,8.90,0.0119,true,1,1362233
7290002040019,false,קוסקוס רגיל הנמל 350 גר',"קוסקוס מזון בע""מ",IL,קוסקוס רגיל בשקית 35,גרמים,350.00,100 גרם,false,,5.50,0.0157,true,1,1360339
7290002040064,false,קוסקוס דק הנמל 350 גר',טרופיקל דגיל תעשיות,IL,קוסקוס דק בשקית.,גרמים,350.00,100 גרם,false,,5.50,0.0157,true,1,1360341
7290002040071,false,קוסקוס עבה הנמל 350 גר',"קוסקוס מזון בע""מ",IL,קוסקוס עבה בשקית 350,גרמים,350.00,100 גרם,false,,5.50,0.0157,true,1,1360342
7290002040088,false,קוסקוס חיטה מלאה 350 ג',"קוסקוס מזון בע""מ",IL,קוסקוס מלא 350 גר.,גרמים,350.00,100 גרם,false,,6.50,0.0186,true,1,1360343
7290002041368,false,"מידנייט דאודורנט ספריי 150 מ""ל",General,,דאודרנט מידנייט,מיליליטרים,150.00,"100 מ""ל",false,,14.90,0.0993,true,1,1366625
7290002041801,false,לאב ליין תח.גוף,General,,לאבלין קרם גוף,מיליליטרים,275.00,"100 מ""ל",false,,44.90,0.1633,true,1,1366626
7290002053095,false,אטריות ביצים מס 10 200 ג',פ.פ.ח טאביט,PL,10 אטריות ביצים,גרמים,200.00,100 גרם,false,,6.90,0.0345,true,1,1347975
7290002053101,false,אוריינט אטריות ביצים מס 12 200 'ג',אוריינטל,PL,12 אטריות ביצים,גרמים,200.00,100 גרם,false,,6.90,0.0345,true,1,1347976
7290002053118,false,אוריינט אטריות ביצים מס 14 200 ג',האי נאם סי או אל.טי.,PL,14 אטריות ביצים,גרמים,200.00,100 גרם,false,,6.90,0.0345,true,1,1347977
7290002053354,false,נודלס אטריות להקפצה בסגנון סיני 300 גר,טאביט ספ.ז.או.או,PL,נודלס סיני300גר,גרמים,300.00,100 גרם,false,,9.90,0.0330,true,1,1347978
7290002053538,false,נודלס תאילנדי אורינטל 400 גר + 25% תוספת,פ.פ.ח. טאביה ספ זאו.או,PL,נודלס איטריות.,גרמים,400.00,100 גרם,false,,13.90,0.0348,true,1,2241375
7290002057017,false,זיתים נובו ענק A2 יבנה 330ג',קבוצת יבנה,IL,זיתים נובו ענק,גרמים,560.00,100 גרם,false,,8.90,0.0159,true,1,1397806
7290002057031,false,זיתים מבוקע פיקנטי A2 יבנה 560 ג',קבוצת יבנה,IL,זיתים מבוקע פיקנטי,גרמים,560.00,100 גרם,false,,8.90,0.0159,true,1,1397807
7290002057048,false,זיתים סורי מבוקע A2 יבנה 560ג',קבוצת יבנה,IL,סורי מבוקע,גרמים,540.00,100 גרם,false,,10.50,0.0194,true,1,1397808
7290002057055,false,זיתים סורי ירוק שלם A2 יבנה 560ג',קבוצת יבנה,IL,זיתים סורי שלם,גרמים,560.00,100 גרם,false,,10.50,0.0188,true,1,1397809
7290002057109,false,זיתים מנזנילו ירוק גדול ושום A2 יבנה 540ג',קבוצת יבנה,IL,זיתים מנזנילו גדול מ,גרמים,540.00,100 גרם,false,,8.90,0.0165,true,1,1397814
7290002057123,false,זיתים ירוקים חרוזית מנזנילו A-2,קבוצת יבנה,IL,זיתים ירוקים מנזנילו,גרמים,560.00,100 גרם,false,,9.50,0.0170,true,1,1397815
7290002057130,false,"זיתים חרוזית ירוק יבנה 1.25ק""ג",קבוצת יבנה,IL,חרוזית,גרמים,1250.00,100 גרם,false,,19.90,0.0159,true,1,1397816
7290002057185,false,טבעות זיתים ירוקים 560 ג' יבנה,קבוצת יבנה,IL,טבעות זיתים ירוקים,גרמים,560.00,100 גרם,false,,9.20,0.0164,true,1,1397821
7290002057321,false,"מלפפון במלח ‏25‏-‏21‏ יבנה 1.3 ק""ג",קבוצת יבנה,IL,מלפפון במלח 21-25,קילוגרמים,1.30,"ק""ג",false,,14.90,11.4615,true,1,1397826
7290002057352,false,מלפפון במלח 7-9 560 ג' יבנה,קבוצת יבנה מוצרי מזו,IL,מלפפון במלח 7-9,גרמים,560.00,100 גרם,false,,6.50,0.0116,true,1,1397828
7290002057369,false,מלפפון במלח ‏12‏-‏10‏ 560 ג' יבנה,קבוצת יבנה,IL,מלפפון במלח 10-12,גרמים,560.00,100 גרם,false,,7.50,0.0134,true,1,1397829
7290002057376,false,מלפפון במלח ‏17‏-‏13‏ 560 ג' יבנה,קבוצת יבנה,IL,מלפפון במלח 13-17,גרמים,560.00,100 גרם,false,,9.90,0.0177,true,1,1397830
7290002057383,false,מלפפון במלח ‏25‏-‏18‏ 560 ג' יבנה,קבוצת יבנה,IL,מלפפון במלח 18-25,גרמים,560.00,100 גרם,false,,7.90,0.0141,true,1,1397831
7290002057451,false,מלפפון בחומץ ‏9‏-‏7‏ %‏20‏ 560 ג' יבנה,אף.סי תבליני בגליל ב,IL,מלפפון בחומץ 7-9,גרמים,560.00,100 גרם,false,,6.50,0.0116,true,1,1397837
7290002057468,false,מלפפון חומץ ‏12‏-‏10‏ 560 ג' יבנה,קבוצת יבנה,IL,מלפפון חומץ 10-12 A2,גרמים,560.00,100 גרם,false,,7.50,0.0134,true,1,1397838
7290002057475,false,מלפפונים בחומץ 13-17 קטן A2 יבנה 540ג',קבוצת יבנה,IL,מלפפון בחומץ 13-17 A,גרמים,560.00,100 גרם,false,,9.90,0.0177,true,1,1397839
7290002057604,false,שיפקה פלפל חריף A2 יבנה 600ג',קבוצת יבנה,IL,פלפל שיפקה A2,גרמים,560.00,100 גרם,false,,5.90,0.0105,true,1,1397842
7290002057628,false,טבעות זיתים מושחר יבנה 540 גרם,קבוצת יבנה,IL,טבעות זיתים מושחרים,גרמים,560.00,100 גרם,false,,9.50,0.0170,true,1,1397844
7290002075233,false,בונבוניירה אייסקונפק,יושלם,,אייס 250 גרם,גרמים,250.00,100 גרם,false,,18.90,0.0756,true,1,1376015
7290002075271,false,ריקולה בשקית צמחים 70 גרם,ריקולה,CH,סוכריות ריקולה צמחים,גרמים,70.00,100 גרם,false,,9.90,0.1414,true,1,1376016
7290002077725,false,סלומון נורווגי מצונן דלידג 100ג',וי קינג V King,IL,פילה סלמון מצונן 100,גרמים,100.00,100 גרם,false,,19.90,0.1990,true,1,2220946
7290002107316,false,טבורוג למעדיה צוריאל,מחלבת משק צוריאל,IL,"טבורוג 5% - 2 ק""ג",קילוגרמים,1.00,"ק""ג",true,,39.00,39.0000,true,1,1367399
7290002107385,false,גבינת מה עיזים בגליל צוריאל 180 ג',מחלבת משק צוריאל,IL,מה-עז - גליל גבינת עיזים,גרמים,180.00,100 גרם,false,,21.90,0.1217,true,1,1367400
7290002107491,false,גבינת עזים למריחה טבעי 5% צוריאל 250 ג',מחלבת משק צוריאל,IL,גב עזים למריחה 5%-250 גר-,גרמים,250.00,100 גרם,false,,13.90,0.0556,true,1,1367404
7290002107743,false,משק צוריאל צפתית מעו,מחלבת משק צוריאל,IL,"צפתית מעודנת - 5% - 4 ק""ג",קילוגרמים,1.00,"ק""ג",true,,59.00,59.0000,true,1,1367407
7290002107965,false,טבורוג גבינה לאפייה 5% צוריאל 500 ג',מחלבת משק צוריאל,IL,טבורוג - גבינה לאפייה 5%,גרמים,500.00,100 גרם,false,,22.90,0.0458,true,1,1367410
7290002109372,false,בורקס פילו אצבעות בולגרי 700 ג' שלושת האופים,שלושת האופים שגמור,IL,בורקס פילו אצבעות בולגרית,גרמים,700.00,100 גרם,false,,14.90,0.0213,true,1,1368377
7290002128014,false,נרות שבת מס 4 מנורה,"מנורה שי נר בע""מ",IL,נרות שבת מנורה מספר 4 (19,יח',4.00,יח',false,,3.50,0.8750,true,1,1391667
7290002128083,false,נרות חנוכה רגיל 44יח-מנורה,,,נרות חנוכה רגיל,יח',44.00,יח',false,,2.90,0.0659,true,1,1391671
7290002128137,false,נרות שבת מנורה 8/72,מנורה,IL,נרות שבת 8/72 מנורה דה-לו,יח',72.00,יח',false,,34.90,0.4847,true,1,1391673
7290002128168,false,תשע כוסיות מזכוכית לשמן זית,,,תשע כוסיות זכוכית לש,יח',9.00,יח',false,,6.90,0.7667,true,1,2265011
7290002128205,false,נרות לא נוטפים 45יח-מנורה,,,נרות חנוכה לוקס,יח',45.00,יח',false,,5.90,0.1311,true,1,1391674
7290002128212,false,נרות שבת מס 6 מנורה,"מנורה שי נר בע""מ",IL,נרות שבת מנורה מספר 6 (19,יחידה,0.00,יחידה,false,,3.50,0.0000,true,1,1391675
7290002128236,false,נרות שבת מס 10 מנורה,"מנורה שי נר בע""מ",IL,נרות שבת מנורה מספר 10 (1,יח',10.00,יח',false,,3.50,0.3500,true,1,1391677
7290002128250,false,"נרות שבת מ""ס 16",מנורה,IL,נרות שבת מנורה מספר 16 (1,יח',16.00,יח',false,,3.50,0.2188,true,1,1391679
7290002128267,false,"נרות שבת מ""ס 20",מנורה,IL,נרות שבת מנורה מספר 20 (1,יח',20.00,יח',false,,3.50,0.1750,true,1,1391680
7290002128274,false,חנוכיית מתכת עם מגן דוד,,,חנוכיית מתכת עם/בלי,יחידה,0.00,יחידה,false,,10.90,0.0000,true,1,2216115
7290002128311,false,נר נשמה שבועי בכוס,"מנורה שי נר בע""מ",IL,נרות נשמה שבועי בכוס זכוכ,יחידה,0.00,יחידה,false,,9.90,0.0000,true,1,1391682
7290002128380,false,חנוכיית פס +כוסיות+צינוריות+פתיליות,,,חנוכיית פס+כוסיות+צי,יחידה,0.00,יחידה,false,,13.90,0.0000,true,1,2265032
7290002128700,false,נרות חימום 50 יח' מנורה,"מנורה שי נר בע""מ",IL,נרות חימום מנורה 50 יחידו,יח',50.00,יח',false,,12.90,0.2580,true,1,1391685
7290002128762,false,נר נשמה בכוס 72 שעות - מנורה,"מנורה שי נר בע""מ",IL,נרות נשמה בכוס דולקים 72,יח',1.00,יח',false,,5.90,5.9000,true,1,1391687
7290002128786,false,זוג כוסיות לנריות,"מנורה שי נר בע""מ",IL,"זוג כוסיות לנריות בקופסה,",יח',2.00,יח',false,,3.20,1.6000,true,1,1391688
7290002128793,false,נר הבדלה מיוחד,מנורה,IL,נר הבדלה מיוחד מבריק בקו,יח',1.00,יח',false,,6.90,6.9000,true,1,1391689
7290002129455,false,פיצה איטלקית גדולה 4,,IT,פיצה איטלקית XL שלוש,גרמים,450.00,100 גרם,false,,19.90,0.0442,true,1,1829159
7290002129462,false,פיצה איטלקית דקה שלושת האופים מארז זוג 640 ג',,,פיצה איטלקית דקה שלו,גרמים,640.00,100 גרם,false,,21.90,0.0342,true,1,1611907
7290002130376,false,דבש טהור 30 גרם,שטראוס,IL,דבש 30 גרם (שוטף),גרמים,30.00,100 גרם,false,,3.90,0.1300,true,1,1381339
7290002130567,false,דבש טהור מפרחי בר בזכוכית 350 גרם,מכוורת יד מרדכי שטרא,IL,דבש טהור 350 גרם,גרמים,350.00,100 גרם,false,,16.90,0.0483,true,1,1381340
7290002130581,false,"דבש טהור מפרחי בר בזכוכית 1 ק""ג",שטראוס גרופ,IL,"דבש טהור 1 ק""ג",גרמים,1000.00,100 גרם,false,,39.90,0.0399,true,1,1381341
7290002132011,false,עוגיות מזרחיות עבאדי 500 גרם,מאפיית יוסף ושמחה עב,IL,עוגיות מזרחיות 500 גרם,גרמים,400.00,100 גרם,false,,17.90,0.0447,true,1,1378139
7290002150107,false,קובה בורגול במילוי ב,חמים וטעים,IL,"קובה בשר 1 ק""ג",קילוגרמים,1.00,"ק""ג",false,,32.90,32.9000,true,1,1362542
7290002150169,false,אמפנדס במילוי בשר וז,חמים וטעים,IL,אמפנדס בשר מטוגן 800 גר`,גרמים,800.00,100 גרם,false,,32.90,0.0411,true,1,1362545
7290002150305,false,סיגרים מרוקאים במילו,חמים וטעים,IL,"סיגר בשר 1 ק""ג",קילוגרמים,1.00,"ק""ג",false,,32.90,32.9000,true,1,1362552
7290002150336,false,"פלאפל אמיתי בד""ץ 800",חמים וטעים,IL,"בד""צ פלאפל אמיתי 800 גר",גרמים,800.00,100 גרם,false,,22.90,0.0286,true,1,1362553
7290002150374,false,"קובה חמוסטה למרק בד""",חמים וטעים,IL,"בד""צ קובה חמוסטה 1 קג",קילוגרמים,1.00,"ק""ג",false,,32.90,32.9000,true,1,1362554
7290002150404,false,סיגרים מרוקאים במילו,חמים וטעים,IL,"סיגר תפו""א 1 ק""ג",קילוגרמים,1.00,"ק""ג",false,,26.90,26.9000,true,1,1362556
7290002150503,false,אגרול סיני במילוי יר,חמים וטעים,IL,"אגרול סיני 1 ק""ג",קילוגרמים,1.00,"ק""ג",false,,32.90,32.9000,true,1,1362557
7290002150589,false,סמבוסק אורגינל במילו,חמים וטעים,IL,סמבוסק חומוס מטוגן 800 גר,גרמים,800.00,100 גרם,false,,32.90,0.0411,true,1,1362561
7290002150626,false,"קובה סורי מטוגן 1 ק""",חמים וטעים,IL,"קובה סורית מטוגן 1 ק""ג",קילוגרמים,1.00,"ק""ג",false,,32.90,32.9000,true,1,1362562
7290002150664,false,"קובה ביתי מטוגן 1 ק""",חמים וטעים,IL,"קובה ביתי מטוגן 1 ק""ג",קילוגרמים,1.00,"ק""ג",false,,32.90,32.9000,true,1,1362563
7290002150671,false,קרפלך במילוי בשר 1 ק,חמים וטעים,IL,"קרפלך בשר 1 ק""ג",קילוגרמים,1.00,"ק""ג",false,,32.90,32.9000,true,1,1362564
7290002150688,false,קרפלך במילוי תפוחי א,חמים וטעים,IL,"קרפלך תפוא 1 ק""ג",קילוגרמים,1.00,"ק""ג",false,,27.90,27.9000,true,1,1362565
7290002150695,false,קובה למרק במילוי בשר,חמים וטעים,IL,"קובה למרק 1 ק""ג",קילוגרמים,1.00,"ק""ג",false,,32.90,32.9000,true,1,1362566
7290002157953,false,מארז נתחי טונה בהירה בשמן קנולה - 4 יחידות,דיאמנט פוד פרודקט,IL,טונה ויליגר בשמן קנו,גרמים,560.00,100 גרם,false,,19.90,0.0355,true,1,2231787
7290002157960,false,טונה במים ויליגר רביעיה * 140ג',ויליגר,IL,טונה ויליגר במי מלח,גרמים,560.00,100 גרם,false,,19.90,0.0355,true,1,2233097
7290002190141,false,ריבת חלב בצנצנת 450 גרם,קרלו,IL,ריבת חלב 450 גרם,גרמים,450.00,100 גרם,false,,14.90,0.0331,true,1,1378394
7290002190516,false,קומידה ממרח ריבת חלב,קרלו,IL,ריבת חלב 500 גרם,גרמים,500.00,100 גרם,false,,14.90,0.0298,true,1,1378395
7290002198048,false,פסטרמה תיבול שווארמה,זוגלובק,IL,פסטרמה הודו בתיבול ש,קילוגרמים,1.00,"ק""ג",true,,85.00,85.0000,true,1,2271583
7290002210009,false,חלבה בלוק 500 גרם ונ,,,חלבה בלוק 500 גרם ונ,גרמים,500.00,100 גרם,false,,8.90,0.0178,true,1,1536530
7290002210115,false,חלבה בלוק 500 גרם שק,,,חלבה בלוק 500 גרם שק,גרמים,500.00,100 גרם,false,,10.90,0.0218,true,1,1536533
7290002210467,false,חלבה 12 יחדות בקוופס,,,חלבה 12 יחדות בקוופס,יחידה,0.00,יחידה,false,,9.90,0.0000,true,1,1536565
7290002210474,false,חלבה ללא סוכר 12 יח,,,חלבה ללא סוכר 12 יח,יחידה,0.00,יחידה,false,,11.90,0.0000,true,1,1536566
7290002232995,false,פירורים לציפוי פז לל,פ.פ.ח. שאביט,IL,ציפוי פז דגש 500,גרמים,500.00,100 גרם,false,,29.90,0.0598,true,1,1389199
7290002239185,false,אפונת גינה קפואה פרי גליל 800 גרם,"פרי הגליל בע""""מ",IL,אפונה 800פג,גרמים,800.00,100 גרם,false,,9.90,0.0124,true,1,1385985
7290002239215,false,אפונה וגזר 800 ג' פרי הגליל,"פרי הגליל בע""""מ",IL,אפונה וגזר 800פג,גרמים,800.00,100 גרם,false,,9.90,0.0124,true,1,1385986
7290002239277,false,גזר גמדי 800 גרם פרי הגליל,"פרי הגליל בע""""מ",IL,ג .גמדי 800פג,גרמים,800.00,100 גרם,false,,7.90,0.0099,true,1,1385987
7290002239307,false,שעועית צהובה 800 ג ' פרי הגליל,"פרי הגליל בע""""מ",IL,שע צהובה 800פג,גרמים,800.00,100 גרם,false,,9.90,0.0124,true,1,1385988
7290002239338,false,שעועית ירוקה 800 ג' פרי הגליל,"פרי הגליל בע""""מ",IL,שע ירוקה 800פג,גרמים,800.00,100 גרם,false,,9.90,0.0124,true,1,1385989
7290002239369,false,שעועית ירוקה שלמה 800 גרם פרי הגליל,"פרי הגליל בע""""מ",IL,שע שלמה 800פג,גרמים,800.00,100 גרם,false,,9.90,0.0124,true,1,1385990
7290002239420,false,תירס גרעינים 800 ג ' פרי הגליל,"פרי הגליל בע""""מ",IL,תירס 800פג,גרמים,800.00,100 גרם,false,,9.90,0.0124,true,1,1385991
7290002253006,false,שום כתוש בצנצנת 200 גר דורות,עיצובים 2020 (3.8),IL,שום כתוש 200 גרם מרקם רך,גרמים,200.00,100 גרם,false,,16.90,0.0845,true,1,1344486
7290002253105,false,מגשית קוביות שום טרי דורות 80 ג',עיצובים 2020 (3.8),IL,שום כתוש 80 גרם,גרמים,80.00,100 גרם,false,,11.90,0.1488,true,1,1344489
7290002253150,false,בזיליקום טרי קצוץ דורות 70 ג',עיצובים 2020 (3.8),IL,בזיליקום קצוץ 70 גרם,גרמים,70.00,100 גרם,false,,9.90,0.1414,true,1,1344490
7290002253167,false,מגשית פטרוזיליה דורות 70 גר,עיצובים 2020 (3.8),IL,פטרוזיליה קצוצה 70 גרם,גרמים,70.00,100 גרם,false,,9.90,0.1414,true,1,1344491
7290002253181,false,כוסברה טריה קצוצה 70 ג' דורות,עיצובים 2020 (3.8),IL,כוסברה קצוצה 70 גרם,גרמים,70.00,100 גרם,false,,9.90,0.1414,true,1,1344493
7290002253198,false,ג'ינג'ר טרי כתוש במגשית 70 ג' דורות,עיצובים 2020 (3.8),IL,ג'ינג'יר כתוש 70 גרם,גרמים,70.00,100 גרם,false,,9.90,0.1414,true,1,1344494
7290002253235,false,דורות רוטב פסטו 160 גרם,עיצובים 2020 (3.8),IL,רוטב פסטו 160 גרם,גרמים,160.00,100 גרם,false,,11.90,0.0744,true,1,1344495
7290002253259,false,דורות רוטב עגבניות בזיליקום 160 גרם,עיצובים 2020 (3.8),IL,רוטב עגבניות בזיליקום 160,גרמים,160.00,100 גרם,false,,11.90,0.0744,true,1,1344497
7290002259657,false,דיאמונד רדיד אלומיניום85 22.5*0.3,ריינולדס,US,רדיד אלומיניום צר רוחב 30,מטרים,22.80,מטר,false,,22.90,1.0044,true,1,1385230
7290002259664,false,רדיד אלומיניום דיימונד גדול 60X0.60מ',ריינולדס מוצרי צריכה,US,רדיד אלומיניום צר רוחב 30,מטרים,60.00,מטר,false,,47.90,0.7983,true,1,1385231
7290002259930,false,רדיד אלומיניום זוגות,ריינולדס,US,זוג רדיד אלומיניום צר רוח,מטרים,15.20,מטר,false,,19.90,1.3092,true,1,1385232
7290002270713,false,קרם אבוקדו-שפורפרת ק,,,קרם אבוקדו-שפורפרת ק,מיליליטרים,45.00,"100 מ""ל",false,,11.90,0.2644,true,1,1383242
7290002277422,false,ריבועי בצק עלים מרודד 700 ג' שלושת האופים,שלושת האופים,IL,ריבועי בצק עלים מרוד,גרמים,700.00,100 גרם,false,,15.90,0.0227,true,1,2163252
7290002278528,false,כרית קרצוף לכלים שבת כלין 2 יח',מ.א ייצור ושיווק מטל,IL,כרית שבת כלין 2 יח' 1/24,יח',2.00,יח',false,,7.90,3.9500,true,1,1365688
7290002317081,false,זיתים נטולי גלעין +20% 670ג A2 מטולה,שימורי מוטולה,IL,זיתים נטולי גלעין20%+A2,גרמים,670.00,100 גרם,false,,8.50,0.0127,true,1,1358158
7290002317128,false,מלפפון 560ג במלח 10-12 A2 מטולה,שימורי מוטולה,IL,מלפפון במלח A2 10-12,גרמים,560.00,100 גרם,false,,7.90,0.0141,true,1,1358159
7290002317135,false,מלפפון 560ג במלח 13-17 A2 מטולה,שימורי מוטולה,IL,מלפפון במלח A2 13-17,גרמים,560.00,100 גרם,false,,9.50,0.0170,true,1,1358160
7290002317142,false,מלפפונים 18-25 במלח,שימורי מוטולה,IL,מלפפון במלח A2 18-25,גרמים,560.00,100 גרם,false,,11.90,0.0213,true,1,1358161
7290002317166,false,מלפפון 560ג בחומץ 10-12 A2 מטולה,,,מלפפון בחומץ 10-12,גרמים,560.00,100 גרם,false,,7.90,0.0141,true,1,1358162
7290002317173,false,מלפפון בחומץ 13-17 560ג A2 מטולה,שימורי מוטולה,IL,מלפפון בחומץ A2 13-17,גרמים,560.00,100 גרם,false,,9.50,0.0170,true,1,1358163
7290002317180,false,מלפפון בחומץ 25-18,,,מלפפון בחומץ 18-25,גרמים,560.00,100 גרם,false,,11.90,0.0213,true,1,1358164
7290002317241,false,זיתים סורי מבוקע,,,זיתים סורי מבוקע,גרמים,560.00,100 גרם,false,,11.90,0.0213,true,1,1358168
7290002317265,false,מלפפון 650ג במלח +20% 7-9 A2 מטולה,שימורי מוטולה,IL,מלפפון במלח 20%+ A2 7-9,גרמים,670.00,100 גרם,false,,5.90,0.0088,true,1,1358170
7290002317289,false,חצילים כבושים מוטול,שימורי מוטולה,IL,חצילים A2,גרמים,560.00,100 גרם,false,,7.90,0.0141,true,1,1358171
7290002317296,false,פלפל חריף שיפקה 670ג 20%+A2 מטולה,שימורי מוטולה,IL,פלפל חריף שיפקה 20%+ A2,גרמים,550.00,100 גרם,false,,7.90,0.0144,true,1,1358172
7290002317319,false,מלפפון 650ג בחומץ +20% 7-9 A2 מטולה,שימורי מוטולה,IL,מלפפון בחומץ 20%+ A2 7-9,גרמים,670.00,100 גרם,false,,5.90,0.0088,true,1,1358174
7290002317326,false,זיתים מנזולינו 12-15 +20% 670ג A2 מטולה,שימורי מוטולה,IL,זיתים מנז' 20%+ A2 12-15,גרמים,670.00,100 גרם,false,,7.90,0.0118,true,1,1358175
7290002317357,false,פילפל שיפקה בצנצנת מ,שימורי מוטולה,IL,פלפל חריף שיפקה צנצנת 275,גרמים,630.00,100 גרם,false,,8.90,0.0141,true,1,1358176
7290002317371,false,זיתים מושחר נטול גלעין 560ג A2 מטולה,שימורי מוטולה,IL,זית מושחר נטול גלעין A2,גרמים,560.00,100 גרם,false,,9.90,0.0177,true,1,1358177
7290002317579,false,זיתים טבעות ירוק 560ג A2 מטולה,שימורי מוטולה,IL,זיתים טבעות ירוק A2,גרמים,560.00,100 גרם,false,,9.90,0.0177,true,1,1358187
7290002317609,false,כרוב כבוש 560ג A2 מטולה,שימורי מוטולה,IL,כרוב כבוש A2,גרמים,560.00,100 גרם,false,,7.90,0.0141,true,1,1358188
7290002317616,false,זיתים מרינט 17-19 560ג A2 מטולה,שימורי מוטולה,IL,זיתים חתוכים מרינט 17-19,גרמים,560.00,100 גרם,false,,9.90,0.0177,true,1,1358189
7290002317654,false,זית נובו ענק צנצנת,,,זית נובו ענק צנצנת,גרמים,700.00,100 גרם,false,,11.90,0.0170,true,1,1358192
7290002317661,false,זיתים מנזלינו גדול מ,שימורי מוטולה,IL,זיתים מנז' גדול צנצ' זכוכ,גרמים,560.00,100 גרם,false,,10.90,0.0195,true,1,1358193
7290002317678,false,זיתים נטולי גלעין צנ,,,זית חרוזית ירוק,גרמים,560.00,100 גרם,false,,9.90,0.0177,true,1,1358194
7290002317746,false,זית טבעי 17-19 צנצנת,שימורי מוטולה,IL,זיתים טבעי 17-19 צנצ' זכו,גרמים,560.00,100 גרם,false,,9.90,0.0177,true,1,1358195
7290002317753,false,טבעות זיתים ירוקים ב,שימורי מוטולה,IL,זיתים טבעות ירוק צנצ' זכו,גרמים,560.00,100 גרם,false,,9.90,0.0177,true,1,1358196
7290002317814,false,חצילים,שימורי מוטולה,IL,חצילים צנצנת זכוכית 400 ג,גרמים,700.00,100 גרם,false,,9.90,0.0141,true,1,1358198
7290002317852,false,מוטולה מלפפונים במלח,מוטולה,,מלפפונים במלח 1.65 ק,גרמים,1650.00,100 גרם,false,,26.90,0.0163,true,1,1358200
7290002317913,false,ירקות מעורבים בצנצנת,,,ירקות מעורבים בצנצנת,גרמים,700.00,100 גרם,false,,11.90,0.0170,true,1,1608912
7290002319016,false,אבקת אפיה מיה מארז 10X10 ג',"מיה תעשיות מזון בע""מ",IL,אבקת אפיה עשיריות,גרמים,100.00,100 גרם,false,,2.00,0.0200,true,1,1372880
7290002319023,false,סוכר וניל מיה עשיריו,"מיה תעשיות מזון בע""מ",IL,סוכר וניל עשיריות,גרמים,100.00,100 גרם,false,,2.00,0.0200,true,1,1372881
7290002319054,false,פרג טחון מיה 100 גרם,מיה תעשיות מזון,IL,פרג טחון 100גרם,גרמים,100.00,100 גרם,false,,4.90,0.0490,true,1,1372884
7290002319078,false,שומשום מיה 100 גרם,"מיה תעשיות מזון בע""מ",IL,שומשום 100 גרם,גרמים,100.00,100 גרם,false,,2.90,0.0290,true,1,2378614
7290002319375,false,"קורנפלור 200 ג' בד""ץ מיה","מיה תעשיות מזון בע""מ",IL,קורנפלור 200גרם (חדש),גרמים,200.00,100 גרם,false,,3.90,0.0195,true,1,1372892
7290002319528,false,קמח מצה מיה 200 גרם,מיה תעשיות מזון,IL,קמח מצה 200גרם,גרמים,200.00,100 גרם,false,,2.90,0.0145,true,1,1372901
7290002319610,false,שקדים טחונים 100 גר' מיה,מיה תעשיות מזון,IL,שקדים טחונים 100גרם,גרמים,100.00,100 גרם,false,,10.90,0.1090,true,1,1372905
7290002319740,false,אגוזים טחונים 100 גר' מיה,מיה תעשיות מזון,IL,אגוזי מלך טחונים 100גרם,גרמים,100.00,100 גרם,false,,10.90,0.1090,true,1,1372913
7290002319771,false,"תמצית אפיה וניל 50מ""ל מיה","מיה תעשיות מזון בע""מ",IL,תמצית אפיה וניל,מיליליטרים,50.00,"100 מ""ל",false,,2.50,0.0500,true,1,1372915
7290002319788,false,"תמצית אפיה רום 50 מ""ל מיה","מיה תעשיות מזון בע""מ",IL,תמצית אפיה רום,מיליליטרים,60.00,"100 מ""ל",false,,2.50,0.0417,true,1,1372916
7290002319825,false,אבקת סוכר 100 גר' מיה,"מיה תעשיות מזון בע""מ",IL,אבקת סוכר 100גרם,גרמים,100.00,100 גרם,false,,2.00,0.0200,true,1,1372919
7290002327028,false,ג'חנון תימני 3 האופים 650 גר',TLV צ'יף,IL,ג'חנון 650 ג',גרמים,650.00,100 גרם,false,,12.90,0.0198,true,1,1368379
7290002327059,false,"בצק עלים 1 ק""ג שלושת האופים קהילות",שלושת האופים,IL,"בצק עלים 1 ק""ג",קילוגרמים,1.00,"ק""ג",false,,15.90,15.9000,true,1,2163254
7290002327066,false,קונכיות בצק למילוי 625 גרם שלושת האופים,שלושת האופים,IL,קונכיות,גרמים,625.00,100 גרם,false,,15.90,0.0254,true,1,2163255
7290002327103,false,שלושת האופים ג'חנון תימני 900 גרם,אופרה,IL,ג'חנון 900 ג',גרמים,900.00,100 גרם,false,,15.90,0.0177,true,1,1368380
7290002331124,false,מים נביעות בטעם תפוח 0.5 ליטר,נביעות טבע הגליל בעמ,IL,נביעות שיווק2,מיליליטרים,500.00,"100 מ""ל",false,,6.50,0.0130,true,1,1373890
7290002331155,false,מים נביעות בטעם אפרסק 0.5 ליטר,נביעות טבע הגליל בעמ,IL,נביעות + בטעם אפרסק 0.5 מ,מיליליטרים,500.00,"100 מ""ל",false,,6.50,0.0130,true,1,1373892
7290002331360,false,"נביעות מים מינרליים טו גו מארז 500X6מ""ל",נביעות,IL,נביעות TO GO 500 שישייה,ליטרים,3.00,ליטר,false,,12.90,4.3000,true,1,1373896
7290002331421,false,"מים אישי נביעות מארז שישייה* 755 מ""ל",נביעות,IL,"נביעות 6 755 מ""ל",ליטרים,4.53,ליטר,false,,14.90,3.2892,true,1,1373897
7290002331483,false,שישיית מים נביעות בייב 330 מל,נביעות טבע הגליל בעמ,IL,"נביעות בייבי 320 מ""ל שישי",ליטרים,1.92,ליטר,false,,11.90,6.1979,true,1,1373899
7290002331490,false,נביעות מים מינרלים 1 ליטר,נביעות טבע הגליל בעמ,IL,נביעות 1 ליטר,ליטרים,1.00,ליטר,false,,3.90,3.9000,true,1,1373900
7290002360124,false,פומפדור חליטת צמחים ורד הבר והיביסקו חדש,TEEKANNE- POMPADOU,DE,פומפדור חליטת צמחים ורד ה,גרמים,70.00,100 גרם,false,,11.90,0.1700,true,1,1377463
7290002360155,false,חליטת תה פרחי שומר פומפדור 20 שקיקים,TEEKANNE- POMPADOU,DE,פומפדור חליטת צמחים שומר,גרמים,40.00,100 גרם,false,,11.90,0.2975,true,1,1377464
7290002360278,false,חליטת תה מנטה פומפדור 20 שקיקים,"איטיליאן פוד, אס.פי.",DE,פומפדור חליטת צמחים מנטה,גרמים,45.00,100 גרם,false,,11.90,0.2644,true,1,1377467
7290002360285,false,תה פומפדור חליטת צמחים קמומיל 20 שק,TEEKANNE- POMPADOU,DE,פומפדור חליטת צמחים קמומי,גרמים,30.00,100 גרם,false,,11.90,0.3967,true,1,1377468
7290002370161,false,גבינת צ'דר בשלה כתום,ווייקי,GB,גבינת צ'דר בשלה,קילוגרמים,1.00,"ק""ג",true,,99.00,99.0000,true,1,1826680
7290002370673,false,שערות גבינה 22% שומן,,,שערות גבינה 22% שומן,קילוגרמים,1.00,"ק""ג",true,,89.00,89.0000,true,1,2285585
7290002370680,false,אצבעות גבינת מוצרלה,,,אצבעות גבינת מוצרלה,קילוגרמים,1.00,"ק""ג",true,,44.50,44.5000,true,1,2297188
7290002371533,false,דקניקים סלסולי פסטרמה בדבש 120 ג' טירת צבי,הנסיך- מפעל לייצור ט,IL,סלסולי פסטרמה בדבש 120 גר,גרמים,120.00,100 גרם,false,,12.90,0.1075,true,1,1379338
7290002371540,false,דקניקים קורנדביף 120 ג' טירת צבי,הנסיך- מפעל לייצור ט,IL,קורנדביף 120 גר' טירת מבי,גרמים,120.00,100 גרם,false,,12.90,0.1075,true,1,1379339
7290002371571,false,פסטרמה פרגיות לבאגט במשקלטירת צבי,טירת- צבי,IL,פסטרמה פרגיות לבאגט במשקל,קילוגרמים,1.00,"ק""ג",true,,85.00,85.0000,true,1,1379340
7290002373148,false,לחם רוסי ענק 1.200 ק,מאפיית השלום,IL,לחם רוסי,קילוגרמים,1.20,"ק""ג",false,,13.90,11.5833,true,1,1362252
7290002373292,false,לחם דגנים קל 500 גרם,מאפיית השלום,IL,לחם דגנים קל,גרמים,500.00,100 גרם,false,,11.90,0.0238,true,1,1362253
7290002373513,false,לחם שיפון כפרי 750 ג,מאפיית השלום,IL,לחם שיפון 750 גרם,גרמים,750.00,100 גרם,false,,13.90,0.0185,true,1,1362255
7290002373537,false,לחם שיפון ללא שמרים,מאפיית השלום,IL,לחם שיפון ללא שמרים,גרמים,750.00,100 גרם,false,,13.90,0.0185,true,1,1362257
7290002374268,false,שמן חמניות מילומור 1 ליטר,שמן תעשיות,IL,שמן חמניות מילומור 1 ליטר,ליטרים,1.00,ליטר,false,,11.90,11.9000,true,1,1376111
7290002374312,false,"שמן קנולה מילומור 1 ל' עד""ח","נארז ע""י : א.ג. גילר",IL,שמן קנולה מילומור 1 ליטר,ליטרים,1.00,ליטר,false,,10.90,10.9000,true,1,1376112
7290002374640,false,שמן קנולה פלוס אומגה 3 1 ליטר עץ הזית,שמן תעשיות,IL,"שמן קנולה פלוס אומגה 3 ""ע",ליטרים,1.00,ליטר,false,,16.50,16.5000,true,1,1376116
7290002385127,false,לבנה שמן זית וזעתר ב,מחלבות גד,IL,לאבנה 5% שמן זית וזעתר 2,קילוגרמים,1.00,"ק""ג",true,,41.00,41.0000,true,1,1366760
7290002385264,false,בלקנית מלוחה 16%,דשן,IL,בלקנית 16% בסגנון פטה,קילוגרמים,1.00,"ק""ג",true,,35.00,35.0000,true,1,1366761
7290002385301,false,גבינה קרם שמנת 5%,,,גבינה קרם שמנת 5%,קילוגרמים,1.00,"ק""ג",true,,35.00,35.0000,true,1,2351508
7290002385455,false,גבינה בולגרית 24% במ,דשן,IL,בולגרית מעודנת 24% דלי 10,קילוגרמים,1.00,"ק""ג",true,,49.00,49.0000,true,1,1366764
7290002385738,false,גד סדרת דליקטס מנצ'גו 34% במשקל,מחלבות גד,IL,מנצגו משולשים מעדניה בדץ,קילוגרמים,1.00,"ק""ג",true,,135.00,135.0000,true,1,1366766
7290002385745,false,פקורינו משולשים מהדר,מחלבות גד,IL,פקורינו משולשים מעדניה בד,קילוגרמים,1.00,"ק""ג",true,,130.00,130.0000,true,1,1366767
7290002410126,false,שומן בקר,,,שומן בקר,קילוגרמים,1.00,"ק""ג",true,,19.90,19.9000,true,1,1382862
7290002435112,false,רסק עגבניות 22% ויטה,מילוז(1989),IL,רוטב עגב. א- BX22 2ויטה,גרמים,570.00,100 גרם,false,,6.90,0.0121,true,1,1385993
7290002448839,false,פרמיו סלמון ופורל לח,,,פרמיו סלמון ופורל לח,גרמים,400.00,100 גרם,false,,5.90,0.0148,true,1,2372021
7290002487364,false,שלושת האופים ב. פילו גבינה זיתים 700 גר לנדא,שלושת האופים שגמור,IL,בורקס פילו גבינה וזיתים,גרמים,700.00,100 גרם,false,,14.90,0.0213,true,1,1368384
7290002496557,false,תמר לח 500 גרם,,,תמר לח 500 גרם,גרמים,500.00,100 גרם,false,,9.90,0.0198,true,1,1358241
7290002507604,false,פיצת השף מאיטליה 320 גר',האי נאם סי או אל.טי.,IT,פיצה שגב 320 גרם,גרמים,320.00,100 גרם,false,,13.90,0.0434,true,1,1721975
7290002512004,false,מלוואח צנעני 900 גרם,צנעני מוצרי בצק,IL,מלאווח צנעני 900גר,גרמים,900.00,100 גרם,false,,19.90,0.0221,true,1,1385995
7290002512011,false,צנעני גחנון 900 גרם,צנעני מוצרי בצק,IL,גחנון צנעני 900גר,גרמים,900.00,100 גרם,false,,19.90,0.0221,true,1,1385996
7290002512035,false,"בצק עלים צנעני 1 ק""ג",צנעני מוצרי בצק,IL,בצק עלים צנעני 1קג,גרמים,1000.00,100 גרם,false,,16.90,0.0169,true,1,1385997
7290002512257,false,מלוואח מופחת שומן רו,צנעני,IL,מלווח מופחת שומן,גרמים,700.00,100 גרם,false,,14.90,0.0213,true,1,1386006
7290002512264,false,גחנון צנעני מופחת שו,צנעני,IL,ג'חנון מופחת שומן,גרמים,700.00,100 גרם,false,,14.90,0.0213,true,1,1386007
7290002515333,false,"ד""ר פישר - קמיל בלו סנסיטיב אל סבון עדין לתינוק 500 מ""ל","ד""ר פישר Dr fischer",IL,קמיל בלו סנסיטיב אל סבון,מיליליטרים,500.00,"100 מ""ל",false,,17.90,0.0358,true,1,1390528
7290002515364,false,"ד""ר פישר - קמיל בלו אל סבון + מילוי 500 מ""ל",פישר מעבדות פרמצבטיו,IL,קמיל בלו קלאסיק משאב,מיליליטרים,500.00,"100 מ""ל",false,,16.90,0.0338,true,1,2214123
7290002515371,false,אל סבון קמיל בלו קלאסיק דר פישר 1 ל,הדקלאים אגודת שיתופי,IL,קמיל בלו קלאסיק ליטר,ליטרים,1.00,ליטר,false,,21.90,21.9000,true,1,1390529
7290002517269,false,תבלין פלפל שחור שלם 35ג',תות ממתקי איכות,IL,מיכל פל.שחור שלם 35 גר',גרמים,35.00,100 גרם,false,,7.90,0.2257,true,1,1389451
7290002517276,false,תבלין פלפל אנגלי שלם 25ג',תות ממתקי איכות,IL,מיכל קטן פ.אנגלי שלם 25גר,גרמים,25.00,100 גרם,false,,4.90,0.1960,true,1,1389452
7290002517337,false,תבלין אורגנו עלים 20 גר',"תבליני טעם וריח בע""מ",IL,שק.20 גר' אורגנו,גרמים,20.00,100 גרם,false,,4.90,0.2450,true,1,1389453
7290002517375,false,תבלין בזיליקום 30 גר' שק',"תבליני טעם וריח בע""מ",IL,שק.30 גר' בזיליקום,גרמים,30.00,100 גרם,false,,4.90,0.1633,true,1,1389454
7290002517580,false,תערובת תיבול לעוף - 80 גרם,תות ממתקי איכות,IL,עוף תערובת תיבול 80גר',גרמים,80.00,100 גרם,false,,9.90,0.1238,true,1,1389465
7290002517634,false,כוזברה 30 גר מיכל קט,תות ממתקי איכות,IL,מיכל קטן כוזברה 30גר',גרמים,30.00,100 גרם,false,,4.90,0.1633,true,1,1389467
7290002517733,false,תבלין קצח טעם וריח 4,תות ממתקי איכות,IL,מיכל קטן קצח 40גר',גרמים,40.00,100 גרם,false,,4.90,0.1225,true,1,1389469
7290002517801,false,תבלין צ'ילי כתוש - חריף (פלפל קיינה) 30 ג',"תבליני טעם וריח בע""מ",IL,מיכל קטן צ'ילי כתוש 30גר',גרמים,30.00,100 גרם,false,,4.90,0.1633,true,1,1389471
7290002538592,false,קרמבו ימבו מוקה/וניל 200 גר' שמינייה,,,ימבו 8 יח',גרמים,200.00,100 גרם,false,,10.90,0.0545,true,1,2210055
7290002542506,false,"בירה קורונה בקבוק 355מ""ל",קריניציה ויטמינה אס,MX,"בירה קורונה 355 מ""ל",מיליליטרים,355.00,"100 מ""ל",false,,9.90,0.0279,true,1,1523194
7290002542780,false,"שישייה בירה סטלה ארטואה בקבוק 330X6 מ""ל",סטלה,BE,בירה סטלה ארטואה -שי,ליטרים,1.98,ליטר,false,,34.90,17.6263,true,1,2272016
7290002542834,false,לף בראון בקבוק 750 מ,,,בירה לף בראון בק 75,מיליליטרים,750.00,"100 מ""ל",false,,19.90,0.0265,true,1,2272035
7290002543046,false,קלוגס פרוסטיס דגנים וסוכר 750ג',קלוג מנייופרטורינג א,ES,קלוגס פרוסטיס 750 גם,גרמים,750.00,100 גרם,false,,19.90,0.0265,true,1,1345754
7290002551003,false,סטארקיסט טונה בשמן בודד 160ג',סטאר קיסט,,טונה סטארקיסט בשמן 1,גרמים,160.00,100 גרם,false,,6.90,0.0431,true,1,1345758
7290002551010,false,טונה סטארקיסט במים 160 גרם,"סטארקיסט פודור בע""מ",TR,טונה סטארקיסט במים 1,גרמים,160.00,100 גרם,false,,6.90,0.0431,true,1,1345759
7290002581352,false,קרקר דגן מחיטה מלאה הדר 250 גרם,אפיפית נצרת,IL,קרקר דגן ללא סוכר 24/0.25,גרמים,250.00,100 גרם,false,,7.90,0.0316,true,1,1386895
7290002581536,false,הדר וופל נפוליטנה ללא סוכר 250 גרם,אפיפית נצרת,IL,ופל נאפוליטנה ללא סוכר 24,גרמים,250.00,100 גרם,false,,7.90,0.0316,true,1,1386896
7290002599029,false,תבליני יונה פפריקה מתוקה בשמן 80ג,תבליני יונה,IL,תבליני יונה,גרמים,80.00,100 גרם,false,,3.90,0.0487,true,1,1363370
7290002599036,false,פלפל לבן/שחור,תבליני יונה,IL,פלפל שחור 50 גר',גרמים,50.00,100 גרם,false,,4.90,0.0980,true,1,1363371
7290002599081,false,תבליני יונה תבלינים,תבליני יונה,IL,תבליני יונה 30 גר',גרמים,30.00,100 גרם,false,,3.90,0.1300,true,1,1363372
7290002599104,false,תבליני יונה תבלינים שונים.,תבליני יונה,IL,תבליני יונה 50 גר',גרמים,50.00,100 גרם,false,,3.90,0.0780,true,1,1363373
7290002603474,false,פיצה רוטב פטריות בטעם כמהין שגב 200 גר,סוילה אס.אר.אל,IT,פיצה השף מאיטליה CHE,גרמים,200.00,100 גרם,false,,12.90,0.0645,true,1,1829161
7290002603481,false,פיצת השף מאיטליה CHEF שגב פסטו ועגבניות 200 גרם,האי נאם סי או אל.טי.,IT,פיצה השף מאיטליה CHE,גרמים,200.00,100 גרם,false,,12.90,0.0645,true,1,1829162
7290002603498,false,שגב פיצת השף מאיטליה אנטיפסטי,האי נאם סי או אל.טי.,IT,פיצה השף מאיטליה CHE,גרמים,220.00,100 גרם,false,,12.90,0.0586,true,1,1829163
7290002603689,false,"מקלות בורקס פילו XL תפו""א שגב 450 גר",שלושת האופים שגמור,IL,מקלות פילו XL תפוח א,גרמים,450.00,100 גרם,false,,16.90,0.0376,true,1,1829171
7290002603696,false,מקלות בורקס פילו XL גבינה שגב 450 גר,שלושת האופים שגמור,IL,מקלות פילו XL גבינה,גרמים,450.00,100 גרם,false,,16.90,0.0376,true,1,1829172
7290002627098,false,פיצה ביס 350 גרם שלושת האופים,שלושת האופים,IL,פיצה ביס שלושת האופי,גרמים,350.00,100 גרם,false,,12.90,0.0369,true,1,2323974
7290002627210,false,גפילטעפיש קציצות מדגי כסיף וקרפיון,האי נאם סי או אל.טי.,IL,גפילטע פיש 560 גרם,גרמים,560.00,100 גרם,false,,12.90,0.0230,true,1,2208711
7290002628163,false,שומן כבש טרי,,,שומן כבש טרי,קילוגרמים,1.00,"ק""ג",true,,79.00,79.0000,true,1,1382866
7290002628439,false,עוף שלם טרי,,,עוף שלם טרי,קילוגרמים,1.00,"ק""ג",true,,19.90,19.9000,true,1,1382868
7290002661443,false,פירורי לחם מוזהבים עדינים 200 גר.,,IL,פירורי לחם זהוב עדין,גרמים,200.00,100 גרם,false,,2.90,0.0145,true,1,1586423
7290002661511,false,פירורי לחם מוזהבים עדינים 350 גר.,,,פירור זהוב עדין,גרמים,350.00,100 גרם,false,,4.90,0.0140,true,1,1586435
7290002674221,false,"אקווה פרש משחת שינים משאבה מנטה 100 מ""ל",גלקסו סמית קליין,GB,"אקוה פרש משאבה 100 מ""ל",מיליליטרים,100.00,"100 מ""ל",false,,15.90,0.1590,true,1,1385233
7290002674238,false,"אקווה פרש - משחת שיניים מנטה מרענן 125 מ""ל",,,א.פרש משחת שיניים 12,מטרים,125.00,100 מ'ל,false,,9.90,0.0792,true,1,1743608
7290002674269,false,"אקווה פרש - משחת שיניים מנטה עדין 125 מ""ל",אקווה פרש,,א.פרש משחת שיניים 12,מטרים,125.00,100 מ'ל,false,,9.90,0.0792,true,1,1743609
7290002692393,false,שמן קנולה מועשר1 ליטר-עץ הזית,שמן תעשיות,IL,"שמן קנולה מועשר 1 ליטר ""ע",ליטרים,1.00,ליטר,false,,15.90,15.9000,true,1,1376118
7290002692478,false,"שמן זית כתית מעולה קלאסי מעודן 750 מ""ל עץ הזית","מרקאולאו, ספרד.אבסה,",IT,שמן זית כתית מעולה מעודן,מיליליטרים,750.00,"100 מ""ל",false,,32.90,0.0439,true,1,1376121
7290002692768,false,"תרסיס קנולה מופחת קלוריות 200 מ""ל עץ הזית",טרנסומס פוד איי בי,IL,"תרסיס קנולה 200 מ""ל ""עץ-ה",מיליליטרים,200.00,"100 מ""ל",false,,12.90,0.0645,true,1,1376123
7290002692782,false,"תרסיס שמן זית כתית מעולה עץ הזית 150 מ""ל",י.ב טכנולוגיות אריזה,IL,"תרסיס זית 150 מ""ל ""עץ-הזי",מיליליטרים,150.00,"100 מ""ל",false,,12.90,0.0860,true,1,1376124
7290002730262,false,פלמוליב כלים שקוף קלאסי 750 בקבוק חדש,יבואן ומשווק: ש. שסט,GR,פלמוליב כלים שקוף קלאסי 7,מיליליטרים,750.00,"100 מ""ל",false,,9.90,0.0132,true,1,1377473
7290002730521,false,צימרוני אוזניים בלונס בקופסא 200 יח',ספטונה,GR,בלונס מקלות אוזניים 200 י,יח',200.00,יח',false,,5.90,0.0295,true,1,1377475
7290002730538,false,בלונס פדים להסרת איפור 80 יח',הנסיך- מפעל לייצור ט,GR,בלונס מסיר איפור 80 יח,יח',80.00,יח',false,,9.90,0.1238,true,1,1377476
7290002730675,false,"קולגייט משחת שיניים אדומה משפחתי 100 מ""ל",קולגייט פלמוליב,PL,קולגייט משחה אדומה משפחתי,מיליליטרים,100.00,"100 מ""ל",false,,10.90,0.1090,true,1,1377478
7290002730811,false,"קולגייט משחת שיניים ג'ל משפחתי 100מ""ל",הנסיך- מפעל לייצור ט,PL,קולגייט אדומה ג'ל חדש 100,מיליליטרים,100.00,"100 מ""ל",false,,15.90,0.1590,true,1,1377479
7290002730903,false,פלמוליב סבון מוצק ורדים רביעייה * 125 ג',הנסיך- מפעל לייצור ט,TR,פלמוליב סבון מוצק ורדים ר,גרמים,400.00,100 גרם,false,,16.90,0.0422,true,1,1377480
7290002730941,false,בלונס צמר גפן פרוס 100גר',הנסיך- מפעל לייצור ט,GR,בלונס צמר גפן 100 גרם,גרמים,100.00,100 גרם,false,,5.90,0.0590,true,1,1377483
7290002730958,false,פלמוליב סבון מוצק? ירוק זית רביעייה * 100 ג',הנסיך- מפעל לייצור ט,TR,פלמוליב סבון מוצק ירוק זי,גרמים,400.00,100 גרם,false,,16.90,0.0422,true,1,1377484
7290002750451,false,לחם מחמצת טוסקני לבן,פילסברי,,לחם מחמצת טוסקאני לב,גרמים,500.00,100 גרם,false,,16.90,0.0338,true,1,2030717
7290002757139,false,מלוואח 700 גר' שלושת האופים קהילות,שלושת האופים,IL,מלאווח 700 ג',גרמים,700.00,100 גרם,false,,12.90,0.0184,true,1,1368388
7290002757146,false,"קובה חמוסטה למרק שלושת האופים 1ק""ג",שלושת האופים,IL,קובה חמוסטה למרק 1 ק,קילוגרמים,1.00,"ק""ג",false,,18.90,18.9000,true,1,2159867
7290002757528,false,"בורקס פילו תפו""א 700גרם לנדא",שלושת האופים שגמור,IL,בורקס פילו תפוח אדמה,גרמים,700.00,100 גרם,false,,14.90,0.0213,true,1,1368390
7290002757535,false,בורקס פילו אצבעות גבינה 700 ג' שלושת האופים,שלושת האופים שגמור,IL,בורקס פילו אצבעות גבינה,גרמים,700.00,100 גרם,false,,14.90,0.0213,true,1,1368391
7290002768036,false,"מי פה תיאדנט ענק מונע עששת 150מ""ל",אמיליה קוסמטיקס,IL,"מי פה תיאדנט 150מ""ל",מיליליטרים,150.00,"100 מ""ל",false,,14.90,0.0993,true,1,1383243
7290002768043,false,"תיאדנט מי-פה ענק פלאוריד 150 מ""ל",טרופיקל דגיל תעשיות,IL,מי פה תיאדנט+פלאוריד150מ,מיליליטרים,150.00,"100 מ""ל",false,,14.90,0.0993,true,1,1383244
7290002768074,false,דרמופון - סבון נוזלי 1 ליטר,"אמיליה קוסמטיקס בע""מ",IL,דרמפון סבון ללא סבון 1 ל,ליטרים,1.00,ליטר,false,,14.90,14.9000,true,1,1383245
7290002769316,false,קראנץ שמרים 500 גרם,ר.כ עוגיות הזהב,IL,עוגת קראנץ 500 גרם,גרמים,500.00,100 גרם,false,,13.90,0.0278,true,1,1402401
7290002769347,false,עוגיות מובחרות בדלי --600-500 גרם,,IL,עוגיות מובחרות בדלי,גרמים,600.00,100 גרם,false,,14.90,0.0248,true,1,1402402
7290002769392,false,עוגיות אדל עבודת יד 300 גר',ר.כ עוגיות הזהב,IL,עוגיות פרימיום מיוחד,גרמים,250.00,100 גרם,false,,20.90,0.0836,true,1,2054462
7290002769514,false,עוגיות מובחרות 350 ג,ר.כ עוגיות הזהב,IL,עוגיות מובחרות 350 ג,גרמים,350.00,100 גרם,false,,10.90,0.0311,true,1,1434088
7290002769767,false,קצפות מובחרות אדל חלבי,דין שיווק,IL,עוגת גבינה במבחר טעמ,גרמים,600.00,100 גרם,false,,41.90,0.0698,true,1,1993767
7290002769910,false,עוגיות מיוחדות ללא סוכר 300 גר',מאפיית ישראל חיפה,IL,עוגיות ללא סוכר,גרמים,300.00,100 גרם,false,,10.90,0.0363,true,1,2244957
7290002771104,false,קפה אלנח'לה עם הל 500 ג',מולינו ניקולי s.p.a,IL,קפה אלנח'לה 500 גרם,גרמים,500.00,100 גרם,false,,29.90,0.0598,true,1,1397478
7290002771111,false,קפה עם הל 250 ג' אלנח'לה,מולינו ניקולי s.p.a,IL,קפה אלנח'לה 250 גרם,גרמים,250.00,100 גרם,false,,16.90,0.0676,true,1,1397479
7290002771128,false,קפה אלנח'לה בלי הל 250 ג',מולינו ניקולי s.p.a,IL,קפה אלנח'לה 250 גרם,גרמים,250.00,100 גרם,false,,16.90,0.0676,true,1,1397480
7290002775010,false,מיני בורקס פילו גבינה שלושת האופים מהדרין 650 ג',שלושת האופים שגמור,IL,מיני פילו גבינה 650 גר',גרמים,650.00,100 גרם,false,,14.90,0.0229,true,1,1368393
7290002782131,false,"פנינה רוזנבלום - דאודורנט ספריי לאישה מס' 1 150 מ""ל",ביסקול תמרוקים,IL,דאודורנט פנינה מס 1,מיליליטרים,150.00,"100 מ""ל",false,,19.90,0.1327,true,1,1386784
7290002782735,false,"פנינה דאו' ספריי לגברים קלאסי, 150 מ""ל",ביסקול תמרוקים,IL,דאודורנט פנינה לגבר,מיליליטרים,180.00,"100 מ""ל",false,,15.90,0.0883,true,1,1386785
7290002782742,false,"פנינה רוזנבלום - דאודורנט ספריי לאישה מס' 2 150 מ""ל",ביסקול תמרוקים,IL,דאודורנט פנינה מס 2,מיליליטרים,150.00,"100 מ""ל",false,,15.90,0.1060,true,1,1386786
7290002782759,false,"פנינה קרם גוף רוזנבלום 400 מ""ל",א.ל ארמן,IL,קרם גוף פנינה מס 2,מיליליטרים,340.00,"100 מ""ל",false,,24.90,0.0732,true,1,1386787
7290002787884,false,"בורקס מקלות פילו תפו""א 3.האופים 600 ג'",שגמור,IL,מיני פילו תפוא 650 גר',גרמים,600.00,100 גרם,false,,14.90,0.0248,true,1,1411489
7290002787891,false,בורקס מקלות פילו תרד 3.האופים 600 ג',שגמור,IL,מיני פילו תפוא 650 גר',גרמים,600.00,100 גרם,false,,14.90,0.0248,true,1,1411490
7290002824183,false,גבינה לבנה 5% שומן 500 ג' שטראוס,מיוצר עי קונדיטוריית,IL,סקי משפחתי 5%,גרמים,500.00,100 גרם,false,,9.40,0.0188,true,1,1380638
7290002824466,false,יוגורט דנונה ביו 0% 200 גרם,"שטראוס בריאות בע""מ",IL,"דנונה ביו טבעי 0%, 200 גר",גרמים,200.00,100 גרם,false,,3.30,0.0165,true,1,1380639
7290002824640,false,גבינה שטראוס 5% 250 ג',מיוצר עי קונדיטוריית,IL,סקי 5% 250 גרם,גרמים,250.00,100 גרם,false,,4.70,0.0188,true,1,1380640
7290002825722,false,סלט כרוב אדום אחלה 5,מיוצר עי קונדיטוריית,IL,כרוב אדום 500,גרמים,500.00,100 גרם,false,,13.90,0.0278,true,1,1380642
7290002830948,false,גבינה מון בלאן עיזים 120 גר,סלס קרית מלאכי ישראל,IL,גבינת מון בלאן עיזים 120,גרמים,120.00,100 גרם,false,,9.90,0.0825,true,1,1368407
7290002842002,false,מורנפלייק שיבולת שועל 500 גרם הכנה מהירה,מורנינג פוד,GB,קווקר שיבולת שועל.,גרמים,500.00,100 גרם,false,,9.90,0.0198,true,1,1401807
7290002842293,false,סרדין מינרבה חריף 120 גרם,יו.אס.איי וליו קו,,סרדינים בשמן חריף,גרמים,120.00,100 גרם,false,,4.90,0.0408,true,1,1401809
7290002842309,false,סרדין מינרבה בשמן 120 גרם,יו.אס.איי וליו קו,,סרדינים בשמן חמניות,גרמים,120.00,100 גרם,false,,4.90,0.0408,true,1,1401810
7290002842415,false,פילה אנשובי אמיתי 50 גרם,יו.אס.איי וליו קו,,פילה אנשובי אמיתי,גרמים,50.00,100 גרם,false,,5.90,0.1180,true,1,1401812
7290002868996,false,קוטג' 5% מועשר טרה 250ג' מהדרין,טרה,IL,קוטג' 5% 250 גרם- נעמ,גרמים,250.00,100 גרם,false,,5.40,0.0216,true,1,1367414
7290002881018,false,מעדן תות שדה 100% 284 גרם,,,מעדן תות-שדה 100% פר,גרמים,284.00,100 גרם,false,,12.90,0.0454,true,1,1378396
7290002881025,false,סאן מורנו מעדן 100% דובדבן חמוץ 284ג',דוברומירוב,BG,מעדן דובדבן חמוץ 100,גרמים,284.00,100 גרם,false,,12.90,0.0454,true,1,1378397
7290002881032,false,מעדן אוכמניות כחולות 100% 284 גרם,,,מעדן אוכמניות כחולות,גרמים,284.00,100 גרם,false,,12.90,0.0454,true,1,1378398
7290002881094,false,מעדן פטל 100% פרי ללא תוספת סוכר 284 גרם,,IL,מעדן מיקס פטל 100%פר,גרמים,284.00,100 גרם,false,,12.90,0.0454,true,1,1378403
7290002881124,false,מעדן פרי שזיף 100% 284 גרם,,,מעדן שזיף 100% פרי,גרמים,284.00,100 גרם,false,,12.90,0.0454,true,1,1378404
7290002881209,false,רסק תפוחי עץ דיאט 700 ג' תומר,,,רסק תפוחי-עץ דיאט 72,גרמים,720.00,100 גרם,false,,9.90,0.0138,true,1,1378406
7290002881261,false,"ליצ'י שלם 565 גרם ""תומר""",זהנגזהו אנגבה,CN,ליצי שלם,גרמים,567.00,100 גרם,false,,8.90,0.0157,true,1,2335863
7290002881407,false,נודלס אטריות ביצים דק תומר 400ג',אופאל,CN,נודלס דק 400 גרם.,גרמים,400.00,100 גרם,false,,6.90,0.0173,true,1,1378410
7290002881414,false,תומר-אטריות ביציםעבו,אופאל,CN,נודלס עבה-400 גרם.,גרמים,400.00,100 גרם,false,,6.90,0.0173,true,1,1378411
7290002881506,false,חמאת בוטנים 510 ג' תומר,,,חמאת בוטנים 500גרם,גרמים,510.00,100 גרם,false,,9.90,0.0194,true,1,1378414
7290002881513,false,חמאת בוטנים עם שברי בוטנים תמר 510 גר',,,חמאת בוטנים עם שברי,גרמים,510.00,100 גרם,false,,9.90,0.0194,true,1,1378415
7290002881940,false,סרדינים מרוקאי בשמן חמניות 125ג' תומר,תומר,,סרדין מרוקאי בשמן,גרמים,125.00,100 גרם,false,,5.90,0.0472,true,1,1378424
7290002881957,false,סרדינים מרוקאי חריף בשמן חמניות 125ג' תומר,תומר,,סרדין מרוקאי חריף,גרמים,125.00,100 גרם,false,,5.90,0.0472,true,1,1378425
7290002881964,false,סרדינים מרוקאי ברוטב עגבניות 125ג' תומר,Union des pecheries,MA,סרדין מרוקאי ברוטב ע,גרמים,125.00,100 גרם,false,,5.90,0.0472,true,1,1378426
7290002881988,false,סרדין מרוקאי בשמן ולימון 125 ג' תומר,תומר,IL,סרדין מרוקאי בשמן ול,גרמים,125.00,100 גרם,false,,5.90,0.0472,true,1,1378427
7290002900092,false,סטייק בורגר 100% בקר,הנסיך- מפעל לייצור ט,IL,סטייק בורגר 400 גר',גרמים,400.00,100 גרם,false,,19.90,0.0497,true,1,1379344
7290002900313,false,פסטרמה ספרדיתטירת צבי,טירת- צבי,IL,פסטרמה בסגנון ספרדי טירת,קילוגרמים,1.00,"ק""ג",true,,85.00,85.0000,true,1,1379350
7290002900436,false,פסטרמה איטלקיתטירת צבי,טירת- צבי,IL,פסטרמה בסגנון איטלקי טירת,קילוגרמים,1.00,"ק""ג",true,,85.00,85.0000,true,1,1379351
7290002904694,false,"טיטניום דאודורנט ספריי לגברים 150 מ""ל","אמיליה קוסמטיקס בע""מ",IL,דאו.טיטניום תרסיס 180 מל,מיליליטרים,180.00,"100 מ""ל",false,,14.90,0.0828,true,1,1383247
7290002920311,false,גבינת קממבר צאן במשק,מחלבות גד,IL,"גבינת ברי ק""ג שקיל",קילוגרמים,1.00,"ק""ג",true,,62.00,62.0000,true,1,1366770
7290002921165,false,"הזלין ספריי לניקוי מוצרי עור 400 מ""ל",יוליניבר,DE,הזלין ספרי,מיליליטרים,400.00,"100 מ""ל",false,,34.90,0.0872,true,1,1364478
7290002921226,false,נוזל הזלין קרם לניקו,יעקובי,CH,הזלין-קרם /בקבוק,גרמים,250.00,100 גרם,false,,24.90,0.0996,true,1,1364479
7290002921233,false,"קרבונה ניקוי יבש לכתמים שומניים 200 מ""ל",מנדלז סי.אר. פרודקשן,ES,קרבונה-ספריי,גרמים,170.00,100 גרם,false,,19.90,0.1171,true,1,1364480
7290002921240,false,"שמפוזר מסיר כתים משטיחים קרבונה, 650 מ""ל",קרבונה Carbona,MX,שמפוזר-קרבונה אדום,מיליליטרים,651.00,"100 מ""ל",false,,24.90,0.0382,true,1,1364481
7290002922117,false,עוגיות אקלר בטעמים ש,אקלר,,עוגיות אקלר פרמיום,גרמים,200.00,100 גרם,false,,22.90,0.1145,true,1,2161611
7290002925729,false,"גם וגם משחת שיניים כחול ומי פה בטעם פפרמינט 120 מ""ל","אמיליה קוסמטיקס בע""מ",IL,גם וגם כחול,גרמים,120.00,100 גרם,false,,14.90,0.1242,true,1,1383248
7290002925798,false,"גם וגם משחת שיניים ירוק מי פה לייט 120 מ""ל",אמיליה קוסמטיקס,IL,"משחה +מי פה ירוק 120מ""ל",גרמים,120.00,100 גרם,false,,14.90,0.1242,true,1,1383249
7290002954477,false,"אורז עגול אוסטרלי 5 ק""ג סנוואיט",בני ג'ורג' שוקחה חיפ,IN,"אורז עגול 5 ק""ג",קילוגרמים,5.00,"ק""ג",false,,42.90,8.5800,true,1,1399452
7290003009183,false,"סירופ דיאט תפוחים פריגת 750 מ""ל",סירופ - גבעת חיים,IL,סירופ דיאט תפוחים 750,מיליליטרים,750.00,"100 מ""ל",false,,22.90,0.0305,true,1,1373915
7290003009329,false,בוטן אמריקאי קלית גת 200 ג',הדקלאים אגודת שיתופי,IL,בוטן אמריקאי.,גרמים,200.00,100 גרם,false,,5.90,0.0295,true,1,1365222
7290003009336,false,קבוקים מצופים קליית,הדקלאים אגודת שיתופי,IL,קבוקים בשקית.,גרמים,200.00,100 גרם,false,,5.90,0.0295,true,1,1365223
7290003009596,false,"סירופ דיאט אשכוליות פריגת 750 מ""ל",סירופ - גבעת חיים,IL,סירופ דיאט אשכולית 750,מיליליטרים,750.00,"100 מ""ל",false,,22.90,0.0305,true,1,1373918
7290003009640,false,מיץ סחוט תפוזים 1 ל' פריגת,פריגת מצוננים,IL,סחוט תפוז1 ליטר,ליטרים,1.00,ליטר,false,,15.90,15.9000,true,1,1367415
7290003015627,false,ריצפז פרש 2 ליטר אפרסק מרכז,"סנו מפעלי ברונוס בע""",IL,סנו ריצפז פרש אפרסק2ליטר,ליטרים,2.00,ליטר,false,,17.90,8.9500,true,1,1358649
7290003015672,false,סנו סופט מפיות צבעוניות חלקות 50 יח',סנו סופט,IL,מפיות אירוח סנו סושי50יח,יח',50.00,יח',false,,7.90,0.1580,true,1,1358652
7290003023196,false,"משקה יטבתה מוקה שקית 225 מ""ל",שטראוס גרופ,IL,שקית שוקו מוקה יטבתה,מיליליטרים,225.00,"100 מ""ל",false,,2.60,0.0116,true,1,1380645
7290003026029,false,"ד""ר פישר - קמיל בלו סנסיטיב שמפו אלדמע 500 מ""ל","ד""ר פישר Dr fischer",IL,קמיל בלו סנסיטיב אל דמע 5,מיליליטרים,500.00,"100 מ""ל",false,,17.90,0.0358,true,1,1390530
7290003026036,false,"ד""ר פישר - קמיל בלו סנסיטיב אל סבון עדין לתינוק 1 ליטר","ד""ר פישר Dr fischer",IL,קמיל בלו סנסיטיב אל סבון,ליטרים,1.00,ליטר,false,,24.90,24.9000,true,1,1390531
7290003026197,false,קמיל בלו סנסיטיב שמן טיפולי לתינוק 500 מ,"ד""ר פישר Dr fischer",IL,קמיל בלו סנסיטיב שמן טיפו,מיליליטרים,500.00,"100 מ""ל",false,,22.90,0.0458,true,1,1390532
7290003026227,false,"ד""ר פישר - קמיל בלו סנסיטיב שמפו אלדמע 1 ליטר","ד""ר פישר Dr fischer",IL,קמיל בלו סנסיטיב אל דמע ל,ליטרים,1.00,ליטר,false,,24.90,24.9000,true,1,1390533
7290003026234,false,"ד""ר פישר - קמיל בלו תחליב לתינוק 500 מ""ל",פישר מעבדות פרמצבטיו,IL,קמיל בלו סנסיטיב תחליב לת,מיליליטרים,500.00,"100 מ""ל",false,,19.90,0.0398,true,1,1390534
7290003029181,false,משקה יטבתה שוקו' בקבוק 1ל מהדרין,שטראוס גרופ,IL,שוקו 1 ל בקבוק מהדרין,ליטרים,1.00,ליטר,false,,10.90,10.9000,true,1,1380648
7290003029372,false,משקה חלב בננה בקבוק 1ל' יוטבתה,שטראוס גרופ,IL,1 ליטר משקה בננה מהדרין,ליטרים,1.00,ליטר,false,,10.90,10.9000,true,1,1380650
7290003029389,false,"משקה חלב בננה פקק ספורט 250 מ""ל יוטבתה",שטראוס גרופ,IL,"בננה פקק 250 מ""ל מהדרין",מיליליטרים,250.00,"100 מ""ל",false,,4.90,0.0196,true,1,1380651
7290003029433,false,"משקה יטבתה שוקו פקק 250 מ""ל מהדרין",שטראוס גרופ,IL,שוקו פקק 250 מל מהדר,מיליליטרים,250.00,"100 מ""ל",false,,5.50,0.0220,true,1,1380653
7290003029532,false,מוקה בקבוק 1 ל' יוטבתה,שטראוס גרופ,IL,מוקה בקבוק 1 ליטר מהדרין,ליטרים,1.00,ליטר,false,,10.90,10.9000,true,1,1380655
7290003029617,false,יטבתה שמנת מנה אישית 15% 125מל,שטראוס גרופ,IL,שמנת מנה אישית 100 גרם- מ,גרמים,100.00,100 גרם,false,,1.90,0.0190,true,1,1380656
7290003029792,false,"משקה יטבתה שוקו שקיות מהדרין מארז 225X8מ""ל",שטראוס גרופ,IL,מארז 8 שקיות שוקו- מהדרין,מיליליטרים,1800.00,"100 מ""ל",false,,18.90,0.0105,true,1,1380657
7290003029815,false,חלב יוטבתה מועשר 3% בכד 2ל',שטראוס גרופ,IL,כד 2 ליטר חלב 3%- מהדרין,ליטרים,2.00,ליטר,false,,13.90,6.9500,true,1,1380658
7290003029884,false,"משקה יטבתה מוקה שקיות מארז 225X6מ""ל",שטראוס גרופ,IL,מארז 6 שקיות מוקה (חדש) מ,מיליליטרים,1350.00,"100 מ""ל",false,,14.90,0.0110,true,1,1380659
7290003029907,false,משקה יטבתה אייס קפה 1ליטר,שטראוס גרופ,IL,אייס קפה 1 ליטר יטבתה מהד,ליטרים,1.00,ליטר,false,,10.90,10.9000,true,1,1380660
7290003031702,false,"נקניקיות הודו מחפוד וואקום 1 ק""ג טירת צבי",טירת- צבי,IL,"נקניקיות הודו 1 ק""ג",קילוגרמים,1.00,"ק""ג",false,,32.90,32.9000,true,1,1379353
7290003031757,false,פסטרמה הודו בפפריקה טירת צבי 400 ג' מחפוד,טירת צבי,IL,פסטרמה בפפריקה 400 ג,גרמים,400.00,100 גרם,false,,34.90,0.0872,true,1,1379357
7290003031788,false,צמד כפרי סלמי+פסטרמה טירת צבי 400X2ג' מחפוד,טירת- צבי,IL,פסטרמה 400+400 מחפוד,גרמים,800.00,100 גרם,false,,34.90,0.0436,true,1,1379358
7290003047642,false,תה שחור יילו לייבל 100*1.5 ג' שקיק ליפטון,"יונילוור רוסייה בע""מ",RU,ליפטון תה שחור 1.5 גר,גרמים,150.00,100 גרם,false,,14.90,0.0993,true,1,1380030
7290003060009,false,קמח בהיר טחנות ישראל,טחנות ישראליות,IL,קמח חיטה לבן בהיר,קילוגרמים,1.00,"ק""ג",false,,4.30,4.3000,true,1,1378315
7290003060023,false,"סולת חיטה 1 ק""ג אריזות ירושלים",טחנות ישראליות,IL,סולת חיטה,קילוגרמים,1.00,"ק""ג",false,,4.30,4.3000,true,1,1378317
7290003060047,false,קמח תופח טחנות ישראל,טחנות ישראליות,IL,קמח תופח,קילוגרמים,1.00,"ק""ג",false,,4.90,4.9000,true,1,1378319
7290003060276,false,קמח לבן מנופה 1 קג,,,קמח לבן מנופה 1 קג,קילוגרמים,1.00,"ק""ג",false,,6.90,6.9000,true,1,1745473
7290003060283,false,קמח מנופה תופח 1 קג,,,קמח מנופה תופח 1 קג,קילוגרמים,1.00,"ק""ג",false,,7.90,7.9000,true,1,1745474
7290003060290,false,קמח מלא מנופה 1 קג,,,קמח מלא מנופה 1 קג,קילוגרמים,1.00,"ק""ג",false,,7.90,7.9000,true,1,1745475
7290003060320,false,"קמח לחם וחלות מנופה טחנות ישראל 1 ק""ג",,,קמח ללחם וחלות מנופה,קילוגרמים,1.00,"ק""ג",false,,7.90,7.9000,true,1,1777358
7290003060344,false,"קמח חיטה לפיצה מנופה 1 ק""ג",,,קמח לפיצה בשקיות מנו,קילוגרמים,1.00,"ק""ג",false,,6.90,6.9000,true,1,1863780
7290003066070,false,עוגת סברינה.,,,עוגת סברינה.,יחידה,0.00,יחידה,false,,15.90,0.0000,true,1,1459017
7290003069682,false,בצק פילאס קפוא 500 גרם שלושת האופים,שלושת האופים שגמור,IL,בצק פילאס 500 ג',גרמים,500.00,100 גרם,false,,14.90,0.0298,true,1,1368413
7290003070008,false,טחינה זהב 500 גרם,,,טחינה זהב 500 גרם,גרמים,500.00,100 גרם,false,,12.90,0.0258,true,1,1378388
7290003070015,false,"טחינה זהב 1 ק""ג",,,"טחינה זהב 1 ק""ג",גרמים,1000.00,100 גרם,false,,24.90,0.0249,true,1,1378389
7290003072200,false,פסטרמה בסגנון מקסיקנ,טירת צבי,,נקניק פסטרמה בסגנון,קילוגרמים,1.00,"ק""ג",true,,85.00,85.0000,true,1,1540702
7290003072965,false,קבנוס חריף מעושן טירת צבי 120 גרם,טירת- צבי,IL,חטיפי קבנוס חריף מעו,גרמים,120.00,100 גרם,false,,12.90,0.1075,true,1,2271650
7290003078042,false,פרג אריסה חריפה 50ג,תבליני הדור השלישי,IL,אריסה,גרמים,250.00,100 גרם,false,,14.90,0.0596,true,1,1373396
7290003078066,false,שום כתוש פרג 250 גרם,תבליני הדור השלישי,IL,שום כתוש,גרמים,250.00,100 גרם,false,,14.90,0.0596,true,1,1373397
7290003078318,false,תבליני פרג 50 גרם,תבליני הדור השלישי,IL,עלי פטרוזיליה,גרמים,20.00,100 גרם,false,,13.90,0.6950,true,1,1373400
7290003078516,false,פלפל צומה פרג 250 גר,תבליני הדור השלישי,IL,פלפל צ'ומה,גרמים,250.00,100 גרם,false,,14.90,0.0596,true,1,1373401
7290003078608,false,פפריקה חריפה בשמן פר,תבליני הדור השלישי,IL,פפריקה חריפה בשמן,גרמים,120.00,100 גרם,false,,13.90,0.1158,true,1,1373404
7290003078639,false,פפריקה מתוקה בשמן פר,תבליני הדור השלישי,IL,פפריקה מתוקה בשמן,גרמים,500.00,100 גרם,false,,29.90,0.0598,true,1,2361879
7290003078721,false,פרג סחוג תימני אדום 250גר,תבליני הדור השלישי,IL,סחוג,גרמים,250.00,100 גרם,false,,14.90,0.0596,true,1,2361880
7290003078738,false,לימון בלאדי פרג 250,תבליני הדור השלישי,IL,לימון בלאדי,גרמים,250.00,100 גרם,false,,14.90,0.0596,true,1,1373407
7290003102068,false,צימרוני אוזניים מעץ 100 יח',יושלם,,צימרוני אוזניים 100,יח',100.00,יח',false,,1.50,0.0150,true,1,1361053
7290003102136,false,צמר גפן COTTON SOFT רפואי 100 גר' 3102136,הדקלאים אגודת שיתופי,TR,צמר גפן 100 גר',גרמים,100.00,100 גרם,false,,4.50,0.0450,true,1,1361054
7290003102280,false,צמרוני אוזניים לתינו,,,צימרונים לתינוק,יח',55.00,יח',false,,3.50,0.0636,true,1,1361056
7290003102587,false,מברשת לבקבוק+מברשת ל,N.L. Product,CN,מברשת לבקבוק,יחידה,0.00,יחידה,false,,4.90,0.0000,true,1,1361058
7290003102891,false,שקיות צליה הוסטס בקופסה 10יח',הוסטס,TR,שקיות צליה הוסטס 10,יח',10.00,יח',false,,4.90,0.4900,true,1,1361062
7290003102976,false,צימרוני אוזניים בקופסה/בכוס/אוולי 200 יח,הדקלאים אגודת שיתופי,CN,צמרוני אוזנים קופסא,יח',200.00,יח',false,,3.90,0.0195,true,1,1361064
7290003127429,false,שקיות אשפה 52/65 שרו,,,שקיות אשפה 52/65 שרו,יח',100.00,יח',false,,19.90,0.1990,true,1,1392744
7290003127436,false,שקיות בגליל 75/90 50,,,שקיות בגליל 75/90 50,יח',50.00,יח',false,,19.90,0.3980,true,1,1392745
7290003127467,false,שקיות אשפה 75/90 שרו,,,שקיות אשפה 75/90 שרו,יח',20.00,יח',false,,19.90,0.9950,true,1,1392746
7290003127559,false,"מפה חגיגית 24 מ""ר פר",,,"מפה חגיגית 24 מ""ר פר","מ""ר",24.00,"מ""ר",false,,14.90,0.6208,true,1,1392747
7290003127771,false,מפה 45 מטר בגליל שקו,,,מפה 45 מטר בגליל שקו,"מ""ר",45.00,"מ""ר",false,,39.90,0.8867,true,1,1392749
7290003127788,false,שקיות אשפה 52/65 שרו,,,שקיות אשפה 52/65 שרו,יח',60.00,יח',false,,19.90,0.3317,true,1,1392750
7290003127993,false,שקיות סנדוויץ נקשרות,,,שקיות סנדוויץ נקשרות,יח',100.00,יח',false,,7.90,0.0790,true,1,1392752
7290003140237,false,סילאן לחיץ קליית גת 360 גרם,ליימן מותגים,IL,סילאן לחיץ 350 גרם,גרמים,350.00,100 גרם,false,,9.90,0.0283,true,1,1365229
7290003141159,false,יוגטה מרשמלו תות וניל 180 גרם,מוטקה החולב,IL,מרשמלו יוגטה,גרמים,180.00,100 גרם,false,,5.00,0.0278,true,1,1365231
7290003142361,false,הוטפופ מתוק/מלוח 5 שקיות 500 ג',הוט פופ,US,פופקורן מתוק מלוח הו,גרמים,500.00,100 גרם,false,,16.90,0.0338,true,1,2214585
7290003142422,false,גרעיני חמניה בשקית ללא מלח קליית גת 180 גרם,"ג'י אנד ג'י בע""מ",IL,גרעיני חמניה בשקית ללא מל,גרמים,180.00,100 גרם,false,,5.90,0.0328,true,1,1365241
7290003142477,false,ערמונים קלופים וקלויים 100 גרם,הדקלאים אגודת שיתופי,IL,ערמונים קלופים וקלויים 10,גרמים,100.00,100 גרם,false,,5.90,0.0590,true,1,1365242
7290003143139,false,סילאן תמרים קלית גת 900 ג',"טעמי הגליל בע""מ",IL,סילאן 900 גרם,גרמים,900.00,100 גרם,false,,12.90,0.0143,true,1,1783620
7290003143146,false,ממרח תמרים קליית גת 450 גרם,הדקלאים אגודת שיתופי,IL,ממרח תמרים 450 גרם,גרמים,450.00,100 גרם,false,,4.90,0.0109,true,1,1365248
7290003143276,false,יוגטה מרשמלו מגולגל( 18בקר'),תות ממתקי איכות,IL,מרשמלו יוגטה,גרמים,180.00,100 גרם,false,,5.00,0.0278,true,1,1365257
7290003189076,false,פיצרלה מגורדת אישית 500 גרם,צי תעשיות מזון יבנה,IL,פיצרלה 500גר.,גרמים,500.00,100 גרם,false,,19.90,0.0398,true,1,1365630
7290003189274,false,מעושנת בסיגנון גבינה,צי תעשיות מזון יבנה,IL,מעושנת בסיגנון גבינה,קילוגרמים,1.00,"ק""ג",true,,35.00,35.0000,true,1,1365641
7290003208586,false,"וורמוט מרטיני לבן 750 מ""ל",מרטיני ורוסי,IT,מרטיני ביאנקו.,מיליליטרים,750.00,"100 מ""ל",false,,44.90,0.0599,true,1,1821018
7290003212965,false,עוגיות רוגלך הזהב במארז 400 גר',ר.כ עוגיות הזהב,IL,מאפה שמרים 400 גר',גרמים,400.00,100 גרם,false,,9.90,0.0248,true,1,1402413
7290003220595,false,"ווק אורז לסושי 1 ק""ג WOK","מיה תעשיות מזון בע""מ",IL,"ווק אורז לסושי 1ק""ג",קילוגרמים,1.00,"ק""ג",false,,10.90,10.9000,true,1,1375807
7290003220724,false,צופ-סטיקס חד פעמי 20,קוסומאי במבוק,,מקלות סושי WOK,יחידה,0.00,יחידה,false,,5.90,0.0000,true,1,1375813
7290003222049,false,פיתות ביס קמח מלא אפ,מאפיית המכבים,IL,מארז 12 פיתות ביס מק,גרמים,600.00,100 גרם,false,,10.90,0.0182,true,1,1373588
7290003222070,false,פיתה עבודת יד 13 יח,מאפיית המכבים,IL,מארז פיתות 13 יח,גרמים,1360.00,100 גרם,false,,9.90,0.0073,true,1,1373589
7290003222094,false,מארז פיתות ביס עבודת,מאפיית טעמי הכפר,IL,מארז פיתות ביס עבודת,גרמים,550.00,100 גרם,false,,10.00,0.0182,true,1,1373590
7290003222568,false,פיתות המכבים 5 יח,מאפיית המכבים,IL,מארז 5 פיתות.,גרמים,500.00,100 גרם,false,,4.90,0.0098,true,1,1373593
7290003222742,false,מארז 10 פיתות תמניות,מאפיית המכבים,IL,מארז 10 פיתות תמניות,גרמים,1000.00,100 גרם,false,,10.90,0.0109,true,1,1373594
7290003222780,false,פיתות קמח מלא המכבים,מאפיית המכבים,IL,מארז 5 פיתות כפריות,גרמים,500.00,100 גרם,false,,4.90,0.0098,true,1,1373595
7290003227402,false,מידנייט תחליב גוף 275 מל,General,,קרם גוף מידנייט,מיליליטרים,275.00,"100 מ""ל",false,,29.90,0.1087,true,1,1366630
7290003227822,false,חלאבלין SPORTS דאודורנט קרם לבית השחי,General,,דאודורנט קרם חלאבלין,יחידה,0.00,יחידה,false,,39.90,0.0000,true,1,1366631
7290003229109,false,פסטרמה בפפריקה 400 גרםטירת צבי,הנסיך- מפעל לייצור ט,IL,פסטרמה בפפריקה 400 גרם טי,גרמים,400.00,100 גרם,false,,26.90,0.0672,true,1,1379363
7290003229116,false,פסטרמה בדבש 400 גרםטירת צבי,הנסיך- מפעל לייצור ט,IL,פסטרמה בדבש 400 גרם טירת,גרמים,400.00,100 גרם,false,,26.90,0.0672,true,1,1379364
7290003229123,false,פסטרמה על גחלים 400 גרםטירת צבי,הנסיך- מפעל לייצור ט,IL,פסטרמה גחלים 400 גרם טיר,גרמים,400.00,100 גרם,false,,26.90,0.0672,true,1,1379365
7290003229147,false,נקניק סלמי איטלקי טירת צבי 300 ג',הנסיך- מפעל לייצור ט,IL,סלמי בסגנון איטלקי 300 גר,גרמים,300.00,100 גרם,false,,24.90,0.0830,true,1,1379366
7290003229154,false,סלמי קוניאק מובחר טירת צבי 300 ג',הנסיך- מפעל לייצור ט,IL,סלמי קוניאק 300 גרם טירת,גרמים,300.00,100 גרם,false,,24.90,0.0830,true,1,1379367
7290003229192,false,כתף בקר מעושן טירת צבי 400 ג' צבי,טיב טירת צבי 2000,IL,כתף בקר מעושן 400 גרם טיר,גרמים,400.00,100 גרם,false,,34.90,0.0872,true,1,1379369
7290003229208,false,פסטרמה ספרדית 2% טירת צבי 360 ג',טירת- צבי,IL,פסטרמה בסגנון ספרדי 360 ג,גרמים,360.00,100 גרם,false,,26.90,0.0747,true,1,1379370
7290003251063,false,"שעווה טבעית 500 סמ""ק פח",ש.שוורץ,IL,שעווה דבש שוורץ פח,גרמים,500.00,100 גרם,false,,9.90,0.0198,true,1,1366932
7290003251070,false,שעווה טבעית למיקרו שוורץ 500גר,ש.שוורץ,IL,ש.טבעית דבש לגוף 500 מיקר,גרמים,500.00,100 גרם,false,,9.90,0.0198,true,1,1366933
7290003251148,false,נייר שעווה 50 דפים,ש.שוורץ,IL,נייר שעווה רגיל 50 דף,יח',50.00,יח',false,,10.90,0.2180,true,1,1366935
7290003251186,false,"מסיר לק ריחני 150 סמ""ק (צבעים)",ש.שוורץ,IL,"מסיר לק 150 סמ""ק",מיליליטרים,150.00,"100 מ""ל",false,,5.90,0.0393,true,1,1366936
7290003251865,false,אבקת הבהרה לשיער בלו,ש.שוורץ,IL,אבקת הבהרה לשיער 10 גר בל,גרמים,10.00,100 גרם,false,,3.90,0.3900,true,1,1366946
7290003251933,false,"תחליב חמצן 6% 500 מ""",שוורץ,IL,"תח' חמ % 6 500 סמ""ק",מיליליטרים,500.00,"100 מ""ל",false,,9.90,0.0198,true,1,1366947
7290003258291,false,דאודורנט פנינה מס 3,ביסקול תמרוקים,IL,דאודורנט פנינה מס 3,מיליליטרים,150.00,"100 מ""ל",false,,15.90,0.1060,true,1,1386789
7290003258406,false,"פנינה וואקס בריליאנטין לשיער 100 מ""ל",א.ארמן,IL,ווקס לשיער פנינה,מיליליטרים,100.00,"100 מ""ל",false,,14.90,0.1490,true,1,1386790
7290003321155,false,יוגורט בר עם פקאן מצופה שוקולד 183 ג' דנונה,"שטראוס בריאות בע""מ",IL,בר פקאן בודד – מקט החזרות,גרמים,183.00,100 גרם,false,,4.50,0.0246,true,1,1380661
7290003387205,false,ספיד סטיק - דאודורנט סטיק לגבר רגולר,הנסיך- מפעל לייצור ט,US,ספיד סטיק בסיסי ירוק רגיל,גרמים,56.60,100 גרם,false,,17.90,0.3163,true,1,1377485
7290003387410,false,בלונס פדים להסרת איפור שלישייה,SEPTONA S.A.,GR,בלונס מסיר איפור שלשות,יח',3.00,יח',false,,18.90,6.3000,true,1,1377488
7290003401369,false,"קרם לחות ועיצוב לשיער חוחובה נטורל 400 מ""ל",מיוצר עי אמיליה קוסמ,IL,קרם לחות לשיער חוחובה400,מיליליטרים,400.00,"100 מ""ל",false,,17.90,0.0447,true,1,1383251
7290003401376,false,"קרם לחות ועיצוב לשיער אלוורה נטורל 400 מ""ל",מיוצר עי אמיליה קוסמ,IL,קרם לחות אלוורה לשיער400,מיליליטרים,400.00,"100 מ""ל",false,,17.90,0.0447,true,1,1383252
7290003401420,false,"קרם לחות לשיער סיליקון כתום נטורל 400 מ""ל",מיוצר עי אמיליה קוסמ,IL,ק.לחות סיליקון לשיער400מ,מיליליטרים,400.00,"100 מ""ל",false,,17.90,0.0447,true,1,1383253
7290003402809,false,חטיף הרשי ריזס שוקולד לבן 39 גר,ליימן מותגים,US,חטיף שוקולד לבן במיל,גרמים,39.00,100 גרם,false,,4.90,0.1256,true,1,2111262
7290003409044,false,"בקר טחון 1 ק""ג ארוז",,,"בקר טחון 1 ק""ג ארוז",גרמים,1000.00,100 גרם,false,,39.90,0.0399,true,1,1399345
7290003409068,false,בורגר בקר משפחתי 2 ק,,,בורגר בקר משפחתי 2 ק,גרמים,2000.00,100 גרם,false,,49.90,0.0249,true,1,1399347
7290003409099,false,בשר בקר לחמין,,,בשר בקר לחמין,קילוגרמים,1.00,"ק""ג",true,,39.90,39.9000,true,1,1399350
7290003409105,false,בורגר אנטריקוט 500 ג,,,בורגר אנטריקוט 500 ג,גרמים,500.00,100 גרם,false,,34.90,0.0698,true,1,1399351
7290003409143,false,נקניקיות מיני מרגז 5,,,נקניקיות מיני מרגז 5,גרמים,500.00,100 גרם,false,,29.90,0.0598,true,1,1399354
7290003409211,false,פילה לברק מעדני הים,,,פילה לברק מעדני הים,קילוגרמים,1.00,"ק""ג",true,,39.90,39.9000,true,1,1399359
7290003409389,false,בורגר עוף 400 גרם,,,בורגר עוף 400 גרם,גרמים,400.00,100 גרם,false,,19.90,0.0497,true,1,1399368
7290003409396,false,קבב עוף 400 גרם,,,קבב עוף 400 גרם,גרמים,400.00,100 גרם,false,,19.90,0.0497,true,1,1399369
7290003409402,false,פילה סלמון נורבגי קפ,,,פילה סלמון נורבגי קפ,קילוגרמים,1.00,"ק""ג",true,,79.90,79.9000,true,1,1399370
7290003409426,false,שווארמה הודו מתובלת,,,שווארמה הודו מתובלת,גרמים,500.00,100 גרם,false,,29.90,0.0598,true,1,1399371
7290003409433,false,נקניקיות מרגז עוף 50,,,נקניקיות מרגז עוף 50,גרמים,500.00,100 גרם,false,,19.90,0.0398,true,1,1399372
7290003409617,false,פילה נסיכת הנילוס קפ,,,פילה נסיכת הנילוס קפ,קילוגרמים,1.00,"ק""ג",true,,34.90,34.9000,true,1,1518868
7290003409655,false,פילה אמנון 7-9 ללא ע,,,פילה אמנון 7-9 ללא ע,קילוגרמים,1.00,"ק""ג",true,,39.90,39.9000,true,1,1535653
7290003409662,false,נקניקיות מרגז עגל חל,,,נקניקיות מרגז עגל חל,גרמים,500.00,100 גרם,false,,29.90,0.0598,true,1,1601866
7290003409679,false,קבב יווני 400 גרם,,,קבב יווני 400 גרם,יח',1.00,יח',false,,24.90,24.9000,true,1,1688994
7290003409686,false,פילה סלמון מנות מעדנ,,,פילה סלמון מנות מעדנ,גרמים,600.00,100 גרם,false,,49.90,0.0832,true,1,1777081
7290003409693,false,נקניקיות מיני מרגז ע,,,נקניקיות מיני מרגז ע,גרמים,500.00,100 גרם,false,,29.90,0.0598,true,1,1767587
7290003409747,false,צוואר בשר מס' 10,,,צוואר בשר מס' 10,קילוגרמים,1.00,"ק""ג",true,,29.90,29.9000,true,1,1700446
7290003409785,false,חזה בקר בשר מס' 3,,,חזה בקר בשר מס' 3,קילוגרמים,1.00,"ק""ג",true,,29.90,29.9000,true,1,1777633
7290003409808,false,צלעות עגל בשר מס' 2,,,צלעות עגל בשר מס' 2,קילוגרמים,1.00,"ק""ג",true,,39.90,39.9000,true,1,1793601
7290003409907,false,קבב ג'מבו רומני 500,,,קבב ג'מבו רומני 500,גרמים,500.00,100 גרם,false,,29.90,0.0598,true,1,2104870
7290003409921,false,קבב ג'מבו עיראקי 500,,,קבב ג'מבו עיראקי 500,גרמים,500.00,100 גרם,false,,29.90,0.0598,true,1,2104872
7290003409945,false,קבב ג'מבו כבש 500 גר,,,קבב ג'מבו כבש 500 גר,גרמים,500.00,100 גרם,false,,29.90,0.0598,true,1,2104874
7290003409969,false,סינטה דק דק 250 גרם,,,סינטה דק דק 250 גרם,גרמים,250.00,100 גרם,false,,24.90,0.0996,true,1,2203395
7290003411566,false,צמרוני אזניים עץ הנמ,שוורצקוף& הנקל דיסלד,CN,צמרוני עץ לאוזנים,יח',200.00,יח',false,,1.90,0.0095,true,1,1360368
7290003411726,false,קיסמי שיניים מלחיה הנמל 300יח',הנמל אריזות ושיווק ב,IL,קיסמי מלחיה 300 יח,יח',300.00,יח',false,,2.90,0.0097,true,1,1360373
7290003411849,false,גרנולה תמרים ושקדים 400 ג',הנמל/ שבולת בשדה,IL,גרנולה תמרים.,גרמים,400.00,100 גרם,false,,9.90,0.0248,true,1,1360377
7290003411856,false,"גרנולה תפו""ע וקינמון 400 ג'",,,גרנולה תפוחי עץ.,גרמים,400.00,100 גרם,false,,9.90,0.0248,true,1,1360378
7290003411948,false,צמר גפן הנמל 100 גרם,הנמל,TR,צמר-גפן,גרמים,100.00,100 גרם,false,,3.90,0.0390,true,1,1360379
7290003411993,false,גפרורים הנמל 10 יחיד,"איטיליאן פוד, אס.פי.",SE,גפרורים 10 יחידות,יח',10.00,יח',false,,2.00,0.2000,true,1,1360380
7290003414406,false,הרשי ריזס נטיפי אפייה בוטנים 283 גר',ליימן מותגים,,נטיפים לאפייה חמאת ב,גרמים,283.00,100 גרם,false,,11.90,0.0420,true,1,1783613
7290003415076,false,עצמות עגל קפוא ארוז,,,עצמות עגל קפוא ארוז,קילוגרמים,1.00,"ק""ג",true,,19.90,19.9000,true,1,1399375
7290003415229,false,שומן כבש,,,שומן כבש,קילוגרמים,1.00,"ק""ג",true,,69.90,69.9000,true,1,1399378
7290003415434,false,כבד עוף קפוא ארוז,,,כבד עוף קפוא ארוז,קילוגרמים,1.00,"ק""ג",true,,24.90,24.9000,true,1,1399386
7290003415571,false,צלי כתף עגל מוכשר אר,,,צלי כתף עגל מוכשר אר,קילוגרמים,1.00,"ק""ג",true,,59.90,59.9000,true,1,1399395
7290003415625,false,שיפודי פרגיות קפוא א,,,שיפודי פרגיות קפוא א,קילוגרמים,1.00,"ק""ג",true,,59.90,59.9000,true,1,1399397
7290003415632,false,סטייק פרגיות קפוא אר,,,סטייק פרגיות קפוא אר,קילוגרמים,1.00,"ק""ג",true,,69.90,69.9000,true,1,1399398
7290003415656,false,עדשים שחורות 500 גרם,,,עדשים שחורות 500 גרם,גרמים,500.00,100 גרם,false,,7.90,0.0158,true,1,1383859
7290003415762,false,רוסטביף קפוא ארוז,,,רוסטביף קפוא ארוז,קילוגרמים,1.00,"ק""ג",true,,49.90,49.9000,true,1,1399408
7290003415809,false,אצבעות אנטריקוט מעדנ,,,אצבעות אנטריקוט מעדנ,קילוגרמים,1.00,"ק""ג",true,,59.90,59.9000,true,1,1399410
7290003415847,false,נקניקיות מרגז 500 גר,,,נקניקיות מרגז 500 גר,גרמים,500.00,100 גרם,false,,29.90,0.0598,true,1,1399412
7290003415854,false,נקניקיות צ'וריסוס 50,,,נקניקיות צ'וריסוס 50,גרמים,500.00,100 גרם,false,,29.90,0.0598,true,1,1399413
7290003415977,false,סטייק אנטריקוט דרום,,,סטייק אנטריקוט דרום,קילוגרמים,1.00,"ק""ג",true,,79.90,79.9000,true,1,1399423
7290003415991,false,כתף עגל בשר מס' 4,,,כתף עגל בשר מס' 4,קילוגרמים,1.00,"ק""ג",true,,49.90,49.9000,true,1,1853947
7290003423909,false,חטיף הרשי קוקיס קרם לבן 43 גרם,ליימן מותגים,US,קוקיז אנד קרים הרשי 43 גר,גרמים,43.00,100 גרם,false,,4.90,0.1140,true,1,1365279
7290003438006,false,ממרח אולביה פסטו וצנובר איטלקי 190ג',מיוצר עי קונדיטוריית,IL,פסטו איטלקי,גרמים,180.00,100 גרם,false,,12.90,0.0717,true,1,1348010
7290003438013,false,ממרח זיתים ירוקים אוליביה 190 גרם,אוליביה,IL,ממרח זיתים ירוקים,גרמים,190.00,100 גרם,false,,12.90,0.0679,true,1,1348011
7290003438020,false,ממרח עגבניות מיובשות אוליביה 190 גר,מיוצר עי קונדיטוריית,IL,ממרח עגבניות מיובשות,גרמים,190.00,100 גרם,false,,12.90,0.0679,true,1,1348012
7290003438853,false,אוליביה ממרח אריסה חריפה 185 גר ',אוליביה,IL,אריסה חריפה 185 גרם,גרמים,180.00,100 גרם,false,,12.90,0.0717,true,1,1348023
7290003444009,false,חטיף הרשי ריזס שוקולד חלב 42 גר,ליימן מותגים,US,חטיף ריזס שוקולד חלב 42,גרמים,42.00,100 גרם,false,,3.90,0.0929,true,1,1365281
7290003450602,false,חרדל אמיתי צהוב בקבוק לחיץ 255 גר,היינץ צפון אמריקה מק,US,חרדל אמיתי לחיץ 255,גרמים,255.00,100 גרם,false,,7.90,0.0310,true,1,1345772
7290003458035,false,גולש ללא תוספים,,,גולש ללא תוספים,קילוגרמים,1.00,"ק""ג",true,,49.90,49.9000,true,1,2275393
7290003458066,false,פילה מדומה מס.6 קפוא,,,פילה מדומה מס.6 קפוא,קילוגרמים,1.00,"ק""ג",true,,49.90,49.9000,true,1,2322162
7290003475124,false,עננים צמר גפן 100 גרם,SEPTONA S.A,GR,עננים צמר גפן 100 גרם,גרמים,100.00,100 גרם,false,,5.90,0.0590,true,1,1377489
7290003485017,false,קווקר דק 500 גרם.,,,קווקר דק 500 גרם.,גרמים,500.00,100 גרם,false,,4.90,0.0098,true,1,1402428
7290003485024,false,קווקר עבה 500 גרם.,,,קווקר עבה 500 גרם.,גרמים,500.00,100 גרם,false,,4.90,0.0098,true,1,1383860
7290003485031,false,בורגול עבה 500 גרם.,,,בורגול עבה 500 גרם.,גרמים,500.00,100 גרם,false,,4.90,0.0098,true,1,1383861
7290003485048,false,כוסמת קלויה 500 גרם.,,,כוסמת קלויה 500 גרם.,גרמים,500.00,100 גרם,false,,5.90,0.0118,true,1,1402429
7290003485123,false,חזה עוף קפוא ארוז,,,חזה עוף קפוא ארוז,קילוגרמים,1.00,"ק""ג",true,,19.90,19.9000,true,1,1399426
7290003485147,false,"אורז יסמין 1 ק""ג",,,"אורז יסמין 1 ק""ג",קילוגרמים,1.00,"ק""ג",false,,9.90,9.9000,true,1,1389114
7290003485161,false,כרעיים עוף קפוא ארוז,,,כרעיים עוף קפוא ארוז,קילוגרמים,1.00,"ק""ג",true,,24.90,24.9000,true,1,1399427
7290003485185,false,"אורז ריזוטו 1 ק""ג",,,"אורז ריזוטו 1 ק""ג",קילוגרמים,1.00,"ק""ג",false,,9.90,9.9000,true,1,1367342
7290003485192,false,"אורז בסמטי 1 ק""ג",,,"אורז בסמטי 1 ק""ג",קילוגרמים,1.00,"ק""ג",false,,9.90,9.9000,true,1,1372156
7290003485215,false,"אורז לסושי 1 ק""ג",,,"אורז לסושי 1 ק""ג",קילוגרמים,1.00,"ק""ג",false,,8.90,8.9000,true,1,1367343
7290003485222,false,"סוכר 1 ק""ג",סוגת תעשיות,IL,"סוכר 1 ק""ג - חצי חינם",קילוגרמים,1.00,"ק""ג",false,,3.90,3.9000,true,1,1372004
7290003485260,false,שוקיים עוף קפוא ארוז,,,שוקיים עוף קפוא ארוז,קילוגרמים,1.00,"ק""ג",true,,29.90,29.9000,true,1,1399429
7290003485277,false,כנפיים עוף קפוא ארוז,,,כנפיים עוף קפוא ארוז,קילוגרמים,1.00,"ק""ג",true,,7.90,7.9000,true,1,1399430
7290003485284,false,שניצל עוף קפוא ארוז,,,שניצל עוף קפוא ארוז,קילוגרמים,1.00,"ק""ג",true,,34.90,34.9000,true,1,1399431
7290003485314,false,בורגול דק 500 גרם.,,,בורגול דק 500 גרם.,גרמים,500.00,100 גרם,false,,4.90,0.0098,true,1,1402431
7290003485321,false,חיטה 500 גרם.,,,חיטה 500 גרם.,גרמים,500.00,100 גרם,false,,4.90,0.0098,true,1,1402432
7290003485338,false,לוביה 500 גרם,,,לוביה 500 גרם,גרמים,500.00,100 גרם,false,,6.90,0.0138,true,1,1373361
7290003485345,false,גריסים 500 גרם,,,גריסים 500 גרם,גרמים,500.00,100 גרם,false,,4.90,0.0098,true,1,1372158
7290003485352,false,"אורז עגול 1 ק""ג",,,"אורז עגול 1 ק""ג",קילוגרמים,1.00,"ק""ג",false,,8.90,8.9000,true,1,1367346
7290003485369,false,חומוס גדול 500 גרם,,,חומוס גדול 500 גרם,גרמים,500.00,100 גרם,false,,9.90,0.0198,true,1,1402433
7290003485376,false,פול קטן 500 גרם,,,פול קטן 500 גרם,גרמים,500.00,100 גרם,false,,4.90,0.0098,true,1,1372159
7290003485383,false,פול גדול 500 גרם,,,פול גדול 500 גרם,גרמים,500.00,100 גרם,false,,8.90,0.0178,true,1,1383862
7290003485390,false,עדשים אדומות 500 גרם,,,עדשים אדומות 500 גרם,גרמים,500.00,100 גרם,false,,5.90,0.0118,true,1,1402434
7290003485406,false,עדשים ירוקות 500 גרם,,,עדשים ירוקות 500 גרם,גרמים,500.00,100 גרם,false,,5.90,0.0118,true,1,1402435
7290003485413,false,פופקורן 500 גרם,,,פופקורן 500 גרם,גרמים,500.00,100 גרם,false,,5.90,0.0118,true,1,1362208
7290003485499,false,מש 500 גרם,,,מש 500 גרם,גרמים,500.00,100 גרם,false,,5.90,0.0118,true,1,1373363
7290003485505,false,שעועית אדומה 500 גרם,,,שעועית אדומה 500 גרם,גרמים,500.00,100 גרם,false,,6.90,0.0138,true,1,1383863
7290003485512,false,שעועית חומה 500 גרם,,,שעועית חומה 500 גרם,גרמים,500.00,100 גרם,false,,6.90,0.0138,true,1,1372160
7290003485529,false,שעועית אמריקאית 500,,,שעועית אמריקאית 500,גרמים,500.00,100 גרם,false,,6.90,0.0138,true,1,1402436
7290003485536,false,שעועית גדולה 500 גרם,,,שעועית גדולה 500 גרם,גרמים,500.00,100 גרם,false,,7.90,0.0158,true,1,1367347
7290003485543,false,אפונה 500 גרם,,,אפונה 500 גרם,גרמים,500.00,100 גרם,false,,4.90,0.0098,true,1,1402437
7290003485567,false,תורמוס 500 גרם,,,תורמוס 500 גרם,גרמים,500.00,100 גרם,false,,4.90,0.0098,true,1,1383864
7290003485574,false,שעועית ארגנטינאית 50,,,שעועית ארגנטינאית 50,גרמים,500.00,100 גרם,false,,5.90,0.0118,true,1,1373364
7290003485666,false,חומוס גרגרים 500 גרם,,,חומוס גרגרים 500 גרם,גרמים,500.00,100 גרם,false,,6.90,0.0138,true,1,1373367
7290003485680,false,קוקוס טחון 200 גרם,,,קוקוס טחון 200 גרם,גרמים,200.00,100 גרם,false,,5.90,0.0295,true,1,1373368
7290003485697,false,שומשום 200 גרם,,,שומשום 200 גרם,גרמים,200.00,100 גרם,false,,4.90,0.0245,true,1,1373369
7290003485734,false,דוחן 500 גרם,,,דוחן 500 גרם,גרמים,500.00,100 גרם,false,,5.90,0.0118,true,1,1402438
7290003485796,false,"אורז פרסי 1 ק""ג",,,"אורז פרסי 1 ק""ג",גרמים,1000.00,100 גרם,false,,9.90,0.0099,true,1,1367349
7290003485918,false,"בונדוק 1 ק""ג אגוזי ל",שקדיה,,"בונדוק 1 ק""ג אגוזי ל",קילוגרמים,1.00,"ק""ג",true,,49.00,49.0000,true,1,1373370
7290003485932,false,פיסטוק חלבי קלוף 1 ק,שקדיה,,פיסטוק חלבי קלוף 1 ק,קילוגרמים,1.00,"ק""ג",true,,119.00,119.0000,true,1,1373372
7290003485949,false,שקד אמריקאי טבעי,,,שקד אמריקאי טבעי,קילוגרמים,1.00,"ק""ג",true,,69.00,69.0000,true,1,1373373
7290003486014,false,זנגוויל מופחת סוכר,,,זנגוויל מופחת סוכר,קילוגרמים,1.00,"ק""ג",true,,39.00,39.0000,true,1,1392722
7290003486021,false,שקד מולבן פרוס,,,שקד מולבן פרוס,קילוגרמים,1.00,"ק""ג",true,,79.00,79.0000,true,1,1396509
7290003486038,false,שקד מולבן גפרורים,,,שקד מולבן גפרורים,קילוגרמים,1.00,"ק""ג",true,,69.00,69.0000,true,1,1396510
7290003486090,false,פקאן אמריקאים מקולף,,,פקאן אמריקאים מקולף,קילוגרמים,1.00,"ק""ג",true,,99.00,99.0000,true,1,1403021
7290003486137,false,"אננס טבעות מסוכר 1ק""",,,"אננס טבעות מסוכר 1ק""",קילוגרמים,1.00,"ק""ג",true,,39.00,39.0000,true,1,1373374
7290003486144,false,אגוז ברזיל מקולף 1 ק,,,אגוז ברזיל מקולף 1 ק,קילוגרמים,1.00,"ק""ג",true,,99.00,99.0000,true,1,1373375
7290003486168,false,"קשיו 1 ק""ג טבעי",,,"קשיו 1 ק""ג טבעי",קילוגרמים,1.00,"ק""ג",true,,59.00,59.0000,true,1,1373376
7290003486175,false,"משמש מיובש 1 ק""ג",,,"משמש מיובש 1 ק""ג",קילוגרמים,1.00,"ק""ג",true,,39.00,39.0000,true,1,1373377
7290003486205,false,גרעיני דלעת קלופים,שקדיה,,גרעיני דלעת קלופים,קילוגרמים,1.00,"ק""ג",true,,29.00,29.0000,true,1,1373378
7290003486243,false,אגוזי מלך קלוף,,,אגוזי מלך קלוף,קילוגרמים,1.00,"ק""ג",true,,59.00,59.0000,true,1,1373380
7290003486281,false,תמר מגהול ענק,,,תמר מגהול ענק,קילוגרמים,1.00,"ק""ג",true,,49.00,49.0000,true,1,1400019
7290003486298,false,חמוציות חצאים,שקדיה,,חמוציות חצאים,קילוגרמים,1.00,"ק""ג",true,,29.00,29.0000,true,1,1367351
7290003486304,false,תאנים מיובשות,,,תאנים מיובשות,קילוגרמים,1.00,"ק""ג",true,,49.00,49.0000,true,1,1392726
7290003486328,false,צימוק גדול בהיר,,,צימוק גדול בהיר,קילוגרמים,1.00,"ק""ג",true,,49.00,49.0000,true,1,1373382
7290003486335,false,"שזיף מגולען 1 ק""ג",,,"שזיף מגולען 1 ק""ג",קילוגרמים,1.00,"ק""ג",true,,45.00,45.0000,true,1,1373383
7290003486342,false,שזיף מיובש,,,שזיף מיובש,קילוגרמים,1.00,"ק""ג",true,,39.00,39.0000,true,1,1372161
7290003486359,false,בננה ציפס,שקדיה,,בננה ציפס,קילוגרמים,1.00,"ק""ג",true,,29.00,29.0000,true,1,1373384
7290003486403,false,צימוק כהה,,,צימוק כהה,קילוגרמים,1.00,"ק""ג",true,,29.00,29.0000,true,1,1392760
7290003486410,false,תמר אמרי,,,תמר אמרי,קילוגרמים,1.00,"ק""ג",true,,29.00,29.0000,true,1,1358243
7290003486533,false,פקאן מסוכר,שקדיה,,פקאן מסוכר,קילוגרמים,1.00,"ק""ג",true,,79.00,79.0000,true,1,1403022
7290003486571,false,קבוקים,שקדיה,,קבוקים,קילוגרמים,1.00,"ק""ג",true,,25.00,25.0000,true,1,1358244
7290003486595,false,בוטן אמריקאי,,,בוטן אמריקאי,קילוגרמים,1.00,"ק""ג",true,,25.00,25.0000,true,1,1358246
7290003514007,false,מנה שקדי מרק מנה 400 גרם,מנה Mana,IL,מנה שקדי מרק מנה 400 גרם,גרמים,400.00,100 גרם,false,,8.90,0.0223,true,1,1377490
7290003521074,false,"ד""ר פישר - סרקל מרכך שיער לילדים 1 ליטר",הדקלאים אגודת שיתופי,IL,סרקל מעצב ליטר,ליטרים,1.00,ליטר,false,,28.90,28.9000,true,1,1390539
7290003521081,false,"ד""ר פישר - סרקל שמפו לילדים 1 ליטר","ד""ר פישר Dr fischer",IL,סרקל שמפו ליטר,ליטרים,1.00,ליטר,false,,28.90,28.9000,true,1,1390540
7290003521166,false,"ד""ר פישר - סרקל קרם רוזמרין לילדים 325 מ""ל","ד""ר פישר Dr fischer",IL,"סרקל קרם רוזמרין 325מ""ל",גרמים,325.00,100 גרם,false,,22.90,0.0705,true,1,1390541
7290003521180,false,סרקל שמפו+מרכך 500מל,"ד""ר פישר Dr fischer",IL,"סרקל שמפו+מעצב 500 מ""ל",מיליליטרים,500.00,"100 מ""ל",false,,18.90,0.0378,true,1,1390542
7290003521197,false,"ד""ר פישר - סרקל תרסיס מתיר קשרים 340 מ""ל",פישר מעבדות פרמצבטיו,IL,"סרקל מתיר קשרים 340מ""ל",מיליליטרים,340.00,"100 מ""ל",false,,22.90,0.0674,true,1,1390543
7290003521418,false,מילוי מגבונים 72 יחי,,,מילוי מגבונים 72 יחי,יח',72.00,יח',false,,9.90,0.1375,true,1,1390550
7290003550753,false,טונה פוסידון בשמן רביעיה *108 ג',"מיוצר עי וליגר בעמ,",IL,מארז 4 טונה פוסידון,גרמים,432.00,100 גרם,false,,19.90,0.0461,true,1,1368420
7290003561926,false,עוגת קראנץ' שוקולד,,,עוגת קראנץ' שוקולד,יחידה,0.00,יחידה,false,,29.90,0.0000,true,1,1344540
7290003578108,false,חתיכות אננס בסירופ קל וילי פוד 850 גרם,וילי פוד,TH,אננס חתוך 850גרם,גרמים,850.00,100 גרם,false,,8.90,0.0105,true,1,1347702
7290003578313,false,דובדבנים חמוצים ללא חרצנים 680גר,דל מונטה היילס אס.אי,HR,דובדבנים ללא חרצנים 680גר,גרמים,680.00,100 גרם,false,,9.90,0.0146,true,1,1347706
7290003578672,false,שמן חמניות שארית ישר,וילי פוד,TR,שמן חמניות 1 ליטר,ליטרים,1.00,ליטר,false,,11.90,11.9000,true,1,2327570
7290003578931,false,גבינת רסטה 20% שומן.,מוראטביי,TR,גבינת רסטה 20%שומן 4ק'ג E,קילוגרמים,1.00,"ק""ג",true,,89.00,89.0000,true,1,1347720
7290003643004,false,"אורז בסמטי קלאסי 1 ק""ג סוגת",האי נאם סי או אל.טי.,IL,"אורז בסמטי 1 ק""ג",קילוגרמים,1.00,"ק""ג",false,,12.90,12.9000,true,1,1372005
7290003643325,false,קוסקוס בינוני 350 גרם סוגת,"אסיף תעשיות מזון בע""",IL,קוסקוס בינוני 350 גרם,גרמים,350.00,100 גרם,false,,4.90,0.0140,true,1,1372008
7290003643387,false,"סוכר לבן בצנצנת 1 ק""ג סוגת",האי נאם סי או אל.טי.,IL,סוכר לבן בצנצנת 1 קג,קילוגרמים,1.00,"ק""ג",false,,7.90,7.9000,true,1,1372010
7290003643646,false,"סוכר דמררה קלאסי בצנצנת סוגת 1 ק""ג",האי נאם סי או אל.טי.,IL,סוכר חום דמררה צנצנת 1 קג,קילוגרמים,1.00,"ק""ג",false,,12.90,12.9000,true,1,1372011
7290003643684,false,אפונה יבשה סוגת 500 גר',האי נאם סי או אל.טי.,IL,אפונה 500 גרם,יחידה,0.00,יחידה,false,,6.90,0.0000,true,1,2232730
7290003643714,false,סוגת חומוס 500 גרם,האי נאם סי או אל.טי.,IL,חומוס 500 גרם,יחידה,0.00,יחידה,false,,7.90,0.0000,true,1,2232732
7290003643738,false,סוגת חיטה 500 גרם,האי נאם סי או אל.טי.,IL,חיטה 500 גרם,גרמים,500.00,100 גרם,false,,4.90,0.0098,true,1,2232733
7290003643752,false,עדשים ירוקים יבש סוגת 500 גר',האי נאם סי או אל.טי.,IL,עדשים ירוקות 500 גרם,יחידה,0.00,יחידה,false,,7.90,0.0000,true,1,2232735
7290003643769,false,עדשים אדומים יבש סוגת 500 גר',"סוגת תעשיות בע""מ",IL,עדשים אדומות 500 גרם,גרמים,500.00,100 גרם,false,,6.90,0.0138,true,1,2232736
7290003643776,false,"פופקורן גרעינים סוגת 500 ג' כשל""פ",האי נאם סי או אל.טי.,IL,פופקורן 500 גרם,יחידה,0.00,יחידה,false,,5.90,0.0000,true,1,2232737
7290003643806,false,שעועית לבנה יבשה סוגת 500 ג',האי נאם סי או אל.טי.,IL,שעועית לבנה 500 גרם,יחידה,0.00,יחידה,false,,7.90,0.0000,true,1,2232738
7290003643820,false,חומוס ענק יבש סוגת 500 גרם,סוגת תעשיות בעמ,IL,חומוס ענק 500 גרם,יחידה,0.00,יחידה,false,,9.90,0.0000,true,1,2232739
7290003681006,false,צימוקים לבנים 200גרם בד''ץ,מיה תעשיות מזון,IL,צימוקים לבנים 200גרם בד'',גרמים,200.00,100 גרם,false,,9.90,0.0495,true,1,1372927
7290003681334,false,קוקוס טחון 400 גרם ב,מיה,IL,קוקוס טחון 400 גרם ב,גרמים,400.00,100 גרם,false,,9.90,0.0248,true,1,2378615
7290003681365,false,סוכריות קישוט לעוגה צבעוני 70 גר' מיה,"מיה תעשיות מזון בע""מ",IL,קישוט לעוגה צבעוני בצנצנת,גרמים,80.00,100 גרם,false,,3.90,0.0487,true,1,1372941
7290003681532,false,דובדבנים מסוכרים 80 גר' מיה,מיה תעשיות מזון,IL,דובדבנים מסוכרים 80גרם,גרמים,80.00,100 גרם,false,,6.90,0.0863,true,1,1372945
7290003726615,false,טופו ויילר במרקם קשה,הדקלאים אגודת שיתופי,IL,גבינת טופו ויילר 300,גרמים,300.00,100 גרם,false,,12.90,0.0430,true,1,2181061
7290003726684,false,טופו חומוס בטעם טבעי 300 ג' משק ויילר,הנסיך- מפעל לייצור ט,IL,טופו חומוס בטעם טבעי,גרמים,300.00,100 גרם,false,,12.90,0.0430,true,1,2231656
7290003744428,false,אובלטים מלוחים דקיקי,,,אובלטים קימל 300 גרם,גרמים,300.00,100 גרם,false,,10.90,0.0363,true,1,1376020
7290003744862,false,אובלטים עם זעתר 300 גר,,,אובלטים זעתר 300 גרם,גרמים,300.00,100 גרם,false,,10.90,0.0363,true,1,1376024
7290003796724,false,שקדי עגל טרי,,,שקדי עגל טרי,קילוגרמים,1.00,"ק""ג",true,,160.00,160.0000,true,1,1382869
7290003804252,false,תיבולית נוסח הודי קנור 72 גרם,יוניליוור ישראל מזון,IL,קנור תיבוליות הודי 72 גרם,גרמים,72.00,100 גרם,false,,9.90,0.1375,true,1,1380052
7290003804320,false,תיבולית שום ופטרוזיליה 72 ג' קנור,יוניליוור ישראל מזון,IL,קנור תיבוליות שום 72 גרם,גרמים,72.00,100 גרם,false,,9.90,0.1375,true,1,1380054
7290003804368,false,"תיבולית בזיליקום בד""ץ 72 ג' קנור",יוניליוור ישראל מזון,IL,קנור תיבוליות 72 גרם,גרמים,72.00,100 גרם,false,,9.90,0.1375,true,1,1380057
7290003804382,false,"תיבולית פטריות בד""ץ 72 ג' קנור",יוניליוור ישראל מזון,IL,קנור תיבוליות פטריות 72 ג,גרמים,72.00,100 גרם,false,,9.90,0.1375,true,1,1380059
7290003805129,false,"קנור פירה בטעם ביתי 260 גרם כשל""פ",יוניליוור ישראל מזון,IL,פירה בטעם ביתי 240 ג,גרמים,240.00,100 גרם,false,,12.90,0.0538,true,1,1380082
7290003805501,false,"פתית שוודי חסכוני בד""צ 300 גרם",יוניליוור ישראל מזון,IL,"פתית שוודי בד""צ חדש 300 ג",גרמים,300.00,100 גרם,false,,15.90,0.0530,true,1,1380094
7290003805587,false,"פתית חיטה מלאה בד""צ 250 גרם-קופסא",יוניליוור ישראל מזון,IL,פתית חיטה 250גר,גרמים,250.00,100 גרם,false,,15.90,0.0636,true,1,1380101
7290003807482,false,קנור רוטב טריאקי מופחת נתרן 370 גרם,יוניליוור ישראל מזון,IL,רוטב טריאקי 390 גר,מיליליטרים,300.00,"100 מ""ל",false,,12.90,0.0430,true,1,1380141
7290003864478,false,סרדינים בשמן צמחי ויליפוד 110ג' פתח קל,גולדן פרייז קאנינג א,TH,סרדין בשמן צמחי 110גרם פת,גרמים,110.00,100 גרם,false,,4.40,0.0400,true,1,1347725
7290003864485,false,סרדינים ברוטב עגבנ יות ויליפוד 110ג' פתח קל,גולדן פרייז קאנינג א,TH,סרדין ברוטב עגבניות 110גר,גרמים,110.00,100 גרם,false,,4.40,0.0400,true,1,1347726
7290003864492,false,סרדינים בשמן צמחי חריף פתח קל ויליפוד 110ג',גולדן פרייז קאנינג א,TH,סרדין בשמן צמחי חריף 110ג,גרמים,110.00,100 גרם,false,,4.40,0.0400,true,1,1347727
7290003882922,false,עלי גפן ממולאים באורז ויליפוד 400ג',הזה פלאקספו פוד קו ב,CN,עלי גפן ממולאים באורז 400,גרמים,400.00,100 גרם,false,,8.90,0.0223,true,1,1347730
7290003903771,false,קפוצ'ינו פחית עלית 200ג',שטראס קפה בי.וי,IL,קפוצ'ינו רגיל 200 ג/6יח'/,גרמים,200.00,100 גרם,false,,23.90,0.1195,true,1,1381347
7290003903788,false,עלית קפוצינו טעם וניל פחית 200ג,שטראס קפה בי.וי,IL,קפוצ'ינו וניל 200 ג/6פח'/,גרמים,200.00,100 גרם,false,,23.90,0.1195,true,1,1381348
7290003976522,false,ג'ל כביסה מרוכז בניחוח פרחים,פרפקט Perfect,,ג'ל מרוכז 5 לי בניח,ליטרים,5.00,ליטר,false,,24.90,4.9800,true,1,2247309
7290003989096,false,חציל פיקנטי אחלה 500 גרם,מיוצר עי קונדיטוריית,IL,חציל פיקנטי 500,גרמים,500.00,100 גרם,false,,13.90,0.0278,true,1,1380663
7290003989539,false,לורנצו רביולי במילוי גבינה,מיוצר עי קונדיטוריית,IL,רביולי גבינה 400 חדש,גרמים,400.00,100 גרם,false,,18.90,0.0472,true,1,1380664
7290003989553,false,"פסטה טורטליני פטריות, 400 גרם",מיוצר עי קונדיטוריית,IL,טורטלוני פטריות 400 גר' ח,גרמים,400.00,100 גרם,false,,18.90,0.0472,true,1,1380665
7290004011338,false,"קצפת מתוקה מכונה 250 מ""ל ריץ'",האי נאם סי או אל.טי.,IT,קצפת ארוסול חלבי,מיליליטרים,250.00,"100 מ""ל",false,,9.90,0.0396,true,1,1368422
7290004011345,false,"קצפת ריצ` פרווה במיכל 250 מ""ל",האי נאם סי או אל.טי.,IT,קצפת אורוסול פרווה,מיליליטרים,250.00,"100 מ""ל",false,,9.90,0.0396,true,1,1368423
7290004014407,false,סוכריות M&M בוטנים 46 ג',מרס נדרלנד,US,אם אנד אמס פינאטבאטר,גרמים,46.00,100 גרם,false,,4.90,0.1065,true,1,1450917
7290004022309,false,אמ אנד אמז חמאת בוטנ,,,חטיף חמאת בוטנים MַM,גרמים,89.00,100 גרם,false,,6.90,0.0775,true,1,1747471
7290004026776,false,לחם מחמצת אגוזים וצי,פילסברי,,לחם מחמצת אגוזים וצי,גרמים,500.00,100 גרם,false,,16.90,0.0338,true,1,2030703
7290004030018,false,"פריניב מיץ לימון סחוט פרי לתיבול 500 מ""ל",הנסיך- מפעל לייצור ט,IL,"מיץ לימון 500 מ""ל",מיליליטרים,500.00,"100 מ""ל",false,,7.90,0.0158,true,1,1438342
7290004030100,false,מיץ תפוזים ולנסיה סחוט 1 ליטר100%,פרי ניב,IL,מיץ תפוזים סחוט ולנס,ליטרים,1.00,ליטר,false,,16.90,16.9000,true,1,2229869
7290004030216,false,פריניב נקטר חמוציות 1ליטר,פריניב בעמ,IL,נקטר חמוציות 1 ליטר,ליטרים,1.00,ליטר,false,,13.90,13.9000,true,1,1438345
7290004030544,false,פריניב מיץ לימונדה לואיזה ולמון גראס 1 ליטר,פריניב בעמ,IL,מיץ לימונענע 1 ליטר,ליטרים,1.00,ליטר,false,,10.90,10.9000,true,1,1438353
7290004030834,false,פריניב מיץ רימונים סחוט 1 ליטר,פריניב בעמ,IL,מיץ רימון סחוט 1,ליטרים,1.00,ליטר,false,,21.90,21.9000,true,1,1438361
7290004043108,false,חטיף שוקולד MַM אריז,,,חטיף שוקולד MַM אריז,גרמים,89.00,100 גרם,false,,6.90,0.0775,true,1,1747472
7290004043205,false,חטיף בוטנים MַM אריז,,,חטיף בוטנים MַM אריז,גרמים,89.00,100 גרם,false,,6.90,0.0775,true,1,1747473
7290004063016,false,מלח שולחן מעולה דק 1,האי נאם סי או אל.טי.,IL,"מלח שולחן 1 ק""ג",קילוגרמים,1.00,"ק""ג",false,,1.80,1.8000,true,1,1386883
7290004063092,false,מלח קריסטלי למדיח כל,"מלח הארץ אילת בע""מ",,מלח קריסטלי למדיח כל,קילוגרמים,2.00,"1000ק""ג",false,,12.90,6.4500,true,1,2244876
7290004063115,false,"מלח מטבח עבה להמלחת בשר ובישול 1 ק""ג 1ק""ג",האי נאם סי או אל.טי.,IL,"מלח בישול 1 ק""ג",קילוגרמים,1.00,"ק""ג",false,,1.80,1.8000,true,1,1386884
7290004064082,false,מטחנה מלח ים טבעי 250 גרם מלח הארץ,חברת מלח הארץ אילת ב,IL,מטחנה מלח ים טבעי 25,גרמים,250.00,100 גרם,false,,12.90,0.0516,true,1,1505910
7290004064099,false,מטחנה מלח מהרי ההימלאיה 250 ג מלח הארץ,חברת מלח הארץ אילת ב,IL,מטחנה מלח מהרי ההימל,גרמים,300.00,100 גרם,false,,14.90,0.0497,true,1,1505895
7290004064105,false,מטחנה מלח עשבי תיבול 250 גר מלח הארץ,חברת מלח הארץ אילת ב,IL,מטחנה מלח עשבי תיבול,גרמים,250.00,100 גרם,false,,14.90,0.0596,true,1,1505896
7290004064174,false,"תבלין מלח ההימלאיה דק בצנצנת 1 ק""ג","מלח הארץ אילת בע""מ",IL,"מלח ההימלאיה דק 1 ק""",קילוגרמים,1.00,"ק""ג",false,,16.90,16.9000,true,1,1784574
7290004064181,false,"תבלין מלח ההימלאיה גס בצנצנת 1 ק""ג",חברת מלח הארץ אילת ב,IL,"מלח הימלאיה גס 1 ק""ג",קילוגרמים,1.00,"ק""ג",false,,16.90,16.9000,true,1,1784575
7290004064297,false,"מלח מועשר ביוד בצנצנת מלח הארץ 1 ק""ג","מלח הארץ אילת בע""מ",IL,מלח הארץ מועשר ביוד,קילוגרמים,1.00,"ק""ג",false,,7.90,7.9000,true,1,2209828
7290004064303,false,מלח אטלנטי בצנצנת מלח הארץ 800 גרם,"מלח הארץ אילת בע""מ",IL,מלח הארץ אטלנטי 800,גרמים,800.00,100 גרם,false,,14.90,0.0186,true,1,2209829
7290004064358,false,"מלח דק זורם בקלות מלח הארץ קרטון 1 ק""ג","מלח הארץ אילת בע""מ",IL,מלח הארץ דק זורם בקל,קילוגרמים,1.00,"ק""ג",false,,4.90,4.9000,true,1,2221852
7290004064365,false,"מלח דק מועשר ביוד מלח הארץ קרטון 1 ק""ג","מלח הארץ אילת בע""מ",IL,מלח הארץ דק מועשר בי,קילוגרמים,1.00,"ק""ג",false,,5.90,5.9000,true,1,2221846
7290004064389,false,מלח הימלאיה דק מלחייה 250 גרם,"מלח הארץ אילת בע""מ",IL,מלח הימלאיה דק מלחיי,גרמים,250.00,100 גרם,false,,9.90,0.0396,true,1,2273478
7290004067175,false,מעדן שזיפים 100% פרי ל.ת.סוכר בית יצחק 284ג',בית יצחק,,מעדן שזיפים 100% פרי,גרמים,284.00,100 גרם,false,,14.90,0.0525,true,1,2194140
7290004067205,false,קונפיטורת תות שדה בית יצחק 370 ג',,,קונפיטורת תות שדה,גרמים,370.00,100 גרם,false,,14.90,0.0403,true,1,2229973
7290004067465,false,קונפיטורת דובדובן בית יצחק 370 ג',,,קונפיטורת דובדבן,גרמים,370.00,100 גרם,false,,14.90,0.0403,true,1,2284673
7290004068011,false,יוגורט כבשים בדלי 5% שומן 600 ג' גד,"מיוצר ע""י קוד יצרן M",IL,יוגורט כבשים 5% 600 גרם,גרמים,600.00,100 גרם,false,,16.90,0.0282,true,1,1366773
7290004068028,false,"יוגורט צזיקי לשתיה 3.5% 500 מ""ל רובין",מיוצר על ידי קוד יצר,IL,יוגורט צי'זקי 0.5 ליטר,מיליליטרים,500.00,"100 מ""ל",false,,9.90,0.0198,true,1,1366774
7290004068035,false,"איירן יוגורט לשתייה 3% גד 500 מ""ל","מיוצר ע""י קוד יצרן M",IL,"איירן 0.5 ליטר בד""ץ",מיליליטרים,500.00,"100 מ""ל",false,,7.90,0.0158,true,1,1366775
7290004068172,false,"יוגורט עיזים בדלי 5% 600 מ""ל רובין",קוד יצרן MKN,IL,יוגורט עיזים 600 גרם,גרמים,600.00,100 גרם,false,,16.90,0.0282,true,1,1366777
7290004068196,false,מוצרלה מגורדת מיוחדת,מחלבות גד,IL,מוצרלה מגורדת 500 גרם בדץ,גרמים,500.00,100 גרם,false,,29.90,0.0598,true,1,1366779
7290004068585,false,גבינת גאודה עיזים במ,מחלבת אמלטי הולנד,NL,גבינה גאודה עיזים מש,קילוגרמים,1.00,"ק""ג",true,,130.00,130.0000,true,1,1444224
7290004078225,false,"שטיפת פה קולגייט פלקס מינט ירוק 500מ""ל",קולגייט- פלמוליב,PL,קולגייט פלקס ירוק 500 מל,מיליליטרים,500.00,"100 מ""ל",false,,29.90,0.0598,true,1,1377520
7290004078263,false,מקלות אוזניים פלסטיק 2* 200 יחידות,SEPTONA S.A,GR,בלונס מקלות אוזניים זוג,יח',400.00,יח',false,,10.90,0.0273,true,1,1377521
7290004078270,false,נוזל כלים פלמוליב צילינדר לימון 1 ליטר,יבואן ומשווק: ש. שסט,GR,פלמוליב צילינדר לימון 1 ל,ליטרים,1.00,ליטר,false,,13.90,13.9000,true,1,1377522
7290004078690,false,"אגקס נוזל לניקוי אסלות מרענן 750 מ""ל",הנסיך- מפעל לייצור ט,GR,אגקס שירותים מרענן חדש 75,גרמים,750.00,100 גרם,false,,12.90,0.0172,true,1,1377524
7290004078942,false,ליידי ספיד סטיק - דאודורנט ג'ל לאישה 65 גרם,קולגייט פלמוליב,US,ליידי ספיד סטיק גל בסיסי,גרמים,63.00,100 גרם,false,,19.90,0.3159,true,1,1377525
7290004084110,false,סוכר קוביות 500 גרם,,,סוכר קוביות 500 גרם,גרמים,500.00,100 גרם,false,,7.90,0.0158,true,1,1367352
7290004119010,false,"גבינת שדה מותכת 25%, 500 ג'",תנובה חלב,,גבינת שדה 500 גרם.,גרמים,500.00,100 גרם,false,,11.90,0.0238,true,1,1378868
7290004119225,false,יוגורט אננס 3% שומן 150 ג' יופלה,תנובה מרכז שיתופי לש,IL,יופלה אננס 3%.,גרמים,150.00,100 גרם,false,,4.70,0.0313,true,1,1378870
7290004119928,false,קרלו מעדן וניל רביעיות גביע 125 1.5%,מחלבת אלון תבור,IL,מעדן קרלו וניל.,מיליליטרים,125.00,"100 מ""ל",false,,2.70,0.0216,true,1,1378872
7290004119973,false,קרלו מעדן שוקו רביעיה גביע 125 1.5%,תנובה מרכז שיתופי לש,IL,מעדן קרלו.,מיליליטרים,125.00,"100 מ""ל",false,,2.70,0.0216,true,1,1378873
7290004120061,false,קרלו שוקולד וניל 125,תנובה מרכז שיתופי לש,IL,מעדן קרלו שוניל.,מיליליטרים,125.00,"100 מ""ל",false,,2.80,0.0224,true,1,1378874
7290004120108,false,יופלה דיאט יוגורט דובדבן %0 גביע 150ג',תנובה מרכז שיתופי לש,IL,יופלה דובדבן דיאט.,גרמים,150.00,100 גרם,false,,4.70,0.0313,true,1,1378875
7290004120573,false,גבינה בולגרית פיראוס 16% 250 גרם,תנובה מרכז שיתופי לש,IL,בולגרית 16% גביע 250,גרמים,250.00,100 גרם,false,,21.90,0.0876,true,1,1378880
7290004120832,false,חלב תנובה טרי 3% מהדרין כד 2 ל',תנובה מרכז שיתופי לש,IL,חלב שומן 3% כד 2 ליט,ליטרים,2.00,ליטר,false,,12.40,6.2000,true,1,1378882
7290004121488,false,יופלה דיאט אפרסק 0% גביע 150 ג',תנובה מרכז שיתופי לש,IL,יופלה אפרסק 0%.,גרמים,150.00,100 גרם,false,,4.70,0.0313,true,1,1378883
7290004121525,false,יופלה מאגדת פרי 4 תות 4 אפרסק 3% 8 יח'*150 ג',תנובה מרכז שיתופי לש,IL,מאגדת 8 יופלה 3% אפר,גרמים,1200.00,100 גרם,false,,28.90,0.0241,true,1,1378884
7290004121754,false,יוגורט עוגת גבינה ותות 3% שומן 150 ג' יופלה,תנובה חלב,IL,יוגורט ביו בטעם עוג,גרמים,150.00,100 גרם,false,,4.70,0.0313,true,1,1378885
7290004121839,false,גבינת פטה כבשים 20% 250 ג' פיראוס,תנובה מרכז שיתופי לש,IL,גבינה פטה 20% פיראוס,גרמים,250.00,100 גרם,false,,25.90,0.1036,true,1,1378886
7290004122119,false,פתיתי פרמזן לפסטה %23 100 ג' השף הלבן,פ.פ.ח. שאביט,IL,פתיתי גבינה פרמזן 10,גרמים,100.00,100 גרם,false,,11.90,0.1190,true,1,1378890
7290004122195,false,"גבינת גוש חלב פרוס 28%, כשרות מהדרין, 200 ג'",תנובה חלב,IL,גבינה גוש חלב 200 גר,גרמים,200.00,100 גרם,false,,12.90,0.0645,true,1,1378891
7290004122270,false,גבינה צהובה פרוס בקופסא %28 200 ג' עמק,תנובה מרכז שיתופי לש,IL,גבינה עמק פרוס 28% ב,גרמים,200.00,100 גרם,false,,15.90,0.0795,true,1,1568686
7290004122348,false,גבינת עמק לייט פרוס בקופסא 200 גרם,תנובה מרכז שיתופי לש,IL,גבינה עמק לייט 9% 20,גרמים,200.00,100 גרם,false,,16.90,0.0845,true,1,1378893
7290004122607,false,גבינה עמק לייט 9% במ,תנובה מרכז שיתופי לש,,"גבינה עמק לייט ק""ג.",קילוגרמים,1.00,"ק""ג",true,,70.00,70.0000,true,1,1378895
7290004122676,false,גבינת חמד לייט 5% פיראוס 250 ג',"תנובה,מחלבת טנא נוגה",IL,גבינה חמד 5% גביע מד,גרמים,250.00,100 גרם,false,,17.90,0.0716,true,1,1378896
7290004122683,false,חטיף גבינת אצבעות 28% 172 ג' עמק,תנובה מרכז שיתופי לש,IL,אצבעות עמק 28% 172 ג,גרמים,172.00,100 גרם,false,,15.90,0.0924,true,1,1378897
7290004124205,false,יוגורט דיאט תות %0 שומן 150 ג' יופלה,תנובה מרכז שיתופי לש,IL,יופלה תות דיאט.,גרמים,150.00,100 גרם,false,,4.70,0.0313,true,1,1378905
7290004124847,false,"קצפת צמחית השף הלבן 500 מ""ל תנובה",תנובה מרכז שיתופי לש,IL,קצפת צמחית השף הלבן,מיליליטרים,500.00,"100 מ""ל",false,,14.90,0.0298,true,1,1378906
7290004125370,false,"שמנת חמוצה מופחתת שומן 9% 200 מ""ל",תנובה מרכז שיתופי לש,IL,"שמנת 9% שומן 200 מ""ל",מיליליטרים,200.00,"100 מ""ל",false,,3.50,0.0175,true,1,1378908
7290004125400,false,"שלי אשל 4.5% תנובה 200מ""ל מהדרין",פארייפאבה אגרואינדוס,IL,אשל מהדרין 4.5% 200,מיליליטרים,200.00,"100 מ""ל",false,,1.65,0.0082,true,1,1378909
7290004125417,false,"שלי גיל 3% תנובה 200מ""ל מהדרין",תנובה מרכז שיתופי לש,IL,"גיל מהדרין 3% 200 מ""",מיליליטרים,200.00,"100 מ""ל",false,,1.50,0.0075,true,1,1378910
7290004125455,false,**תנובה שמנת אורגינל מהדרין 15% 200מל,תנובה מרכז שיתופי לש,IL,שמנת חמוצה מהדרין 20,מיליליטרים,200.00,"100 מ""ל",false,,2.40,0.0120,true,1,1378911
7290004125462,false,"שמנת אורגינל 15% מהדרין 500 מ""ל",תנובה מרכז שיתופי לש,IL,"שמנת חמוצה 500 מ""ל.",מיליליטרים,500.00,"100 מ""ל",false,,6.00,0.0120,true,1,1378912
7290004125509,false,"שמנת 15% חצי מנה 100 מ""ל תנובה",תנובה מרכז שיתופי לש,IL,"שמנת אורגינל 100 מ""ל",מיליליטרים,100.00,"100 מ""ל",false,,1.60,0.0160,true,1,1378913
7290004125578,false,משקה סויה מעושר בסידן תנובה 1ל',תנובה מרכז שיתופי לש,IL,משקה סויה מעושר בסיד,ליטרים,1.00,ליטר,false,,10.90,10.9000,true,1,1378914
7290004125585,false,משקה סויה וניל תנובה E אלטרנטיב,תנובה מרכז שיתופי לש,IL,משקה סויה בוקר וניל,ליטרים,1.00,ליטר,false,,10.90,10.9000,true,1,1378915
7290004125721,false,"שמנת לבישול 15% שומן 250 מ""ל תנובה",תנובה מרכז שיתופי לש,IL,שמנת לבישול 15%שומן,מיליליטרים,250.00,"100 מ""ל",false,,7.90,0.0316,true,1,1378916
7290004125738,false,שמנת מתוקה להקצפה32% 250מל עמיד השף הלבן,תנובה מרכז שיתופי לש,IL,שמנת עמידה להקצפה 32,מיליליטרים,250.00,"100 מ""ל",false,,6.50,0.0260,true,1,1378917
7290004125776,false,גבינה צהובה עמק 28% 400 גרם בקופסא,תנובה חלב,IL,עמק פרוס בקופסא 28%,גרמים,400.00,100 גרם,false,,28.90,0.0722,true,1,1378918
7290004126650,false,גבינה צפתית 5% תנובה,תנובה מרכז שיתופי לש,,גבינה צפתית 5% תנובה,קילוגרמים,1.00,"ק""ג",true,,50.00,50.0000,true,1,1378920
7290004126759,false,יופלה דיאט פירות יער %0 גביע 150 ג',תנובה חלב,IL,יופלה פירות יער דיאט,גרמים,150.00,100 גרם,false,,4.70,0.0313,true,1,1378922
7290004127077,false,קוטג' 3% שומן 250 ג' תנובה,מיוצר עי קונדיטוריית,IL,קוטג' 3% תנובה 250 ג,גרמים,250.00,100 גרם,false,,5.40,0.0216,true,1,1378924
7290004127329,false,קוטג' 5% תנובה 250ג' מהדרין,מיוצר עי קונדיטוריית,IL,קוטג' 5% תנובה מהדרי,גרמים,250.00,100 גרם,false,,5.40,0.0216,true,1,1378925
7290004127336,false,קוטג' 9% תנובה 250 ג' הדרין,מיוצר עי קונדיטוריית,IL,קוטג' 9% תנובה 250 ג,גרמים,250.00,100 גרם,false,,5.40,0.0216,true,1,1378926
7290004127800,false,גבינה לבנה 5% שומן 500 ג' תנובה,מיוצר עי קונדיטוריית,IL,גבינה למריחה 5% 500,גרמים,500.00,100 גרם,false,,9.90,0.0198,true,1,1378928
7290004127817,false,גבינה לבנה 9% שומן 500 ג' תנובה,מיוצר עי קונדיטוריית,IL,גבינה לבנה 9% 500 גר,גרמים,500.00,100 גרם,false,,9.40,0.0188,true,1,1378929
7290004127862,false,**תנובה גבינה למריחה מהדרין 5% 750ג,תנובה מרכז שיתופי לש,IL,גבינה לבנה 5% 750 גר,גרמים,750.00,100 גרם,false,,14.85,0.0198,true,1,1378930
7290004127916,false,גבינה לבנה 0.5% שומן 500 ג' תנובה,תנובה מרכז שיתופי לש,IL,גבינה למריחה 0.5% 50,גרמים,500.00,100 גרם,false,,9.40,0.0188,true,1,1378932
7290004128333,false,לאבנה על בסיס יוגורט %9 שומן 500 ג' פיראוס,תנובה חלב,IL,לאבנה פיראוס 9% 500,גרמים,500.00,100 גרם,false,,19.90,0.0398,true,1,1378936
7290004128340,false,קרם גבינת שמנת %5 בטעם טבעי 200 ג' תנובה,תנובה חלב,IL,גבינת שמנת בטעם טבעי,גרמים,200.00,100 גרם,false,,10.90,0.0545,true,1,1378937
7290004128364,false,קרם גבינת שמנת 5% עם זיתים ירוקים 200 ג' תנובה,"תנובה, מחלבת תל יוסף",IL,גבינת שמנת זיתים 5%,גרמים,200.00,100 גרם,false,,10.90,0.0545,true,1,1378938
7290004129101,false,גבינת שמנת 25% בטעם טבעי 225 ג' נפוליאון,תנובה מרכז שיתופי לש,IL,גבינת נפולאון טבעי 2,גרמים,225.00,100 גרם,false,,12.90,0.0573,true,1,1378941
7290004129736,false,יופלה לבן מעודן 1.5% גביע 200 גרם,תנובה מרכז שיתופי לש,IL,יופלה לבן תנובה 200,גרמים,200.00,100 גרם,false,,4.20,0.0210,true,1,1378948
7290004129767,false,יופלה לבן טבעי מאגדת 3% 8*150מל,מחלבת אלון תבור,IL,מאגדת 8 יופלה לבן.,גרמים,1200.00,100 גרם,false,,16.90,0.0141,true,1,1378949
7290004130794,false,משקה סויה טבעי במתיקות מופחתת 1 ליטר,תנובה מרכז שיתופי לש,IL,משקה סויה מעושר טבעי,ליטרים,1.00,ליטר,false,,10.90,10.9000,true,1,1378952
7290004131074,false,**חלב תנובה טרי מהדרין קרטון 3% 1ל,תנובה מרכז שיתופי לש,IL,חלב 3% שומן מהדרין ק,ליטרים,1.00,ליטר,false,,6.20,6.2000,true,1,1378955
7290004131432,false,יוגורט ביו 3% שומן 200 ג' יופלה,מיוצר עי קונדיטוריית,IL,יופלה לבן חלב תנובה,גרמים,200.00,100 גרם,false,,3.60,0.0180,true,1,1378960
7290004131456,false,יוגורט ביו 1.5% שומן 200 ג' יופלה,מיוצר עי קונדיטוריית,IL,יופלה לבן חלב תנובה,גרמים,200.00,100 גרם,false,,3.60,0.0180,true,1,1378961
7290004131814,false,גבינה צפתית 5% מעודנת 200 ג' פיראוס,פארייפאבה אגרואינדוס,IL,צפתית 5% מעודנת פירא,גרמים,200.00,100 גרם,false,,13.90,0.0695,true,1,1378964
7290004132552,false,משקה סויה לייט בטעם טבעי טרי 1 ליטר,תנובה מרכז שיתופי לש,IL,משקה סויה בוקר לייט,ליטרים,1.00,ליטר,false,,10.90,10.9000,true,1,1378969
7290004132712,false,חטיף אצבעות גבינת מוצרלה 20% 172 ג' עמק,תנובה מרכז שיתופי לש,IL,אצבעות עמק מוצרלה 17,גרמים,174.00,100 גרם,false,,15.90,0.0914,true,1,1378972
7290004133511,false,יופלה מאגדת לבן 1.5% מעודן 8 יח' * 150 ג',מיוצר עי קונדיטוריית,IL,מארז 8 יופלה לבן 1.5,גרמים,1200.00,100 גרם,false,,19.90,0.0166,true,1,1378976
7290004135225,false,מעדן תנובה דיאט שוקולדה 0% 150 גרם,תנובה מרכז שיתופי לש,IL,מעדן דיאט שוקולדה 0%,גרמים,150.00,100 גרם,false,,3.70,0.0247,true,1,1378987
7290004135324,false,פיראוס בולגרית מעודנ,תנובה מרכז שיתופי לש,IL,גבינה בולגרית 5% מעו,קילוגרמים,1.00,"ק""ג",true,,40.00,40.0000,true,1,1378989
7290004136154,false,"משקה חלב אייס קפה תנובה בבקבוק 340 מ""ל",גוד פוד פרודקטס S.p,IL,שוקו אייס קפה בבקבוק,מיליליטרים,340.00,"100 מ""ל",false,,6.50,0.0191,true,1,1378997
7290004136598,false,מארז הפסקת אוכל עם קורנפלקס ומשקה חלב עמיד בטעם וניל,פארייפאבה אגרואינדוס,IL,מארז הפסקת אוכל.,מיליליטרים,150.00,"100 מ""ל",false,,7.90,0.0527,true,1,1379004
7290004136857,false,מעדן גלי פטל 125 גרם,תנובה מרכז שיתופי לש,IL,ג'לי פטל תנובה.,מיליליטרים,125.00,"100 מ""ל",false,,2.20,0.0176,true,1,1379006
7290004136864,false,ג'לי תנובה אננס עם חתיכות אננס 125מל,תנובה חלב,IL,ג'לי אננס + חתיכות א,מיליליטרים,125.00,"100 מ""ל",false,,2.50,0.0200,true,1,1379007
7290004136871,false,ג'לי תנובה אפרסק עם חתיכות אפרסק 125מל,תנובה מרכז שיתופי לש,IL,ג'לי אננס + חתיכות א,מיליליטרים,125.00,"100 מ""ל",false,,2.50,0.0200,true,1,1379008
7290004137021,false,"שמנת לבישול 10% עמיד השף הלבן 250 מ""ל",תנובה מרכז שיתופי לש,IL,שמנת לבישול 10% שומן,מיליליטרים,250.00,"100 מ""ל",false,,7.90,0.0316,true,1,1379009
7290004137311,false,עמק לייט משפחתית 9% 400ג-ועדת מהדרין,תנובה חלב,IL,עמק לייט משפחתית 9%,גרמים,400.00,100 גרם,false,,29.90,0.0747,true,1,1379011
7290004146986,false,נקה 7 שמפו לשיער צבוע ומובהר 750 מל,אמיליה קוסמטיקס,IL,שמפו נקה 7 שיער צבוע750מ,מיליליטרים,750.00,"100 מ""ל",false,,11.90,0.0159,true,1,1383259
7290004146993,false,נקה 7 מרכך שיער צבוע ומובהר 750 מל,אמיליה קוסמטיקס,IL,מרכך נקה 7 שיער צבוע750מ,מיליליטרים,750.00,"100 מ""ל",false,,11.90,0.0159,true,1,1383260
7290004150112,false,חומוס מזרחי פיקנטי פרימיום 300 גרם,"סלטי שמיר 2006 בע""מ",IL,חומוס מזרחי 300 גרם,יחידה,0.00,יחידה,false,,14.90,0.0000,true,1,2370191
7290004150167,false,תפואדמה במיונז פיקנטי פרימיום 300 גרם,"סלטי שמיר 2006 בע""מ",IL,"תפו""א במיונז 300 גרם",יחידה,0.00,יחידה,false,,14.90,0.0000,true,1,2370196
7290004150228,false,כרוב אדום 300 גרם פיקנטי פרימיום,"סלטי שמיר 2006 בע""מ",IL,כרוב אדום 300 גרם פי,יחידה,0.00,יחידה,false,,14.90,0.0000,true,1,2370202
7290004165017,false,רסק תפוחי עץ ללא סוכר 560 גרם יכין,זנלכל,IL,"רסק תפו""ע בלי סוכר560גרם",גרמים,560.00,100 גרם,false,,8.90,0.0159,true,1,1361711
7290004199074,false,סאני פלסטר אינטרסן 5,,,פלסטרים,יח',50.00,יח',false,,5.90,0.1180,true,1,1361069
7290004199166,false,כפפות לאטקס 100 יח' EASY TOUCH- S,הדקלאים אגודת שיתופי,TH,כפפות לאטקס S,יח',100.00,יח',false,,21.90,0.2190,true,1,1361072
7290004199173,false,כפפות לטקס איזי טאצ 100 יח מדיום,הדקלאים אגודת שיתופי,TH,כפפות לאטקס M,יח',100.00,יח',false,,21.90,0.2190,true,1,1361073
7290004199180,false,כפפות לטקס איזי טאצ 100 יח לארג,הדקלאים אגודת שיתופי,TH,כפפות לאטקס L,יח',100.00,יח',false,,21.90,0.2190,true,1,1361074
7290004199203,false,קיסמ' שיניים מבמבוק מלחיה 300 יח',הדקלאים אגודת שיתופי,CN,קיסמי שיניים עץ 300,יח',300.00,יח',false,,3.50,0.0117,true,1,1361075
7290004199234,false,כפפות לטקס איזי טאצ 100 יח אקסטרא לארג,יושלם,TH,כפפות לאטקס XL,יחידה,0.00,יחידה,false,,21.90,0.0000,true,1,1361076
7290004199579,false,פלסטר מעורב 100 יח' - SUNNY PLASTER,הדקלאים אגודת שיתופי,CN,פלסטר 100 יחידות מעו,יח',100.00,יח',false,,7.90,0.0790,true,1,1361080
7290004199777,false,צימרוני אוז' פל' בכוס 300 יח',,,צימרונים לאוזנים 300,יח',300.00,יח',false,,6.90,0.0230,true,1,1361081
7290004199784,false,כפפות S לטקס עם איבוק עדין 100 יח- SAFE TOUCH,סייף טאצ,TH,כפפות לאטקס S,יח',100.00,יח',false,,29.90,0.2990,true,1,1361082
7290004199791,false,כפפות M לטקס עם איבוק עדין 100 יח- SAFE TOUCH,סייף טאצ,TH,כפפות לאטקס M,יח',100.00,יח',false,,29.90,0.2990,true,1,2242824
7290004199807,false,כפפות L לטקס עם איבוק עדין 100 יח- SAFE TOUCH,סייף טאצ,TH,כפפות לאטקס L,יח',100.00,יח',false,,29.90,0.2990,true,1,1361084
7290004225285,false,גבינה בסגנון דנאבלו 100 ג',האי נאם סי או אל.טי.,DK,בסגנון דנאבלו 100 גר,גרמים,100.00,100 גרם,false,,12.90,0.1290,true,1,1368424
7290004228804,false,עלי לסיגר מרוקאי לפסטיליה 450 גרם,שלושת האופים,IL,עלי סיגר,גרמים,450.00,100 גרם,false,,13.90,0.0309,true,1,2224460
7290004230326,false,שגב מקלות פילו תפוחי,שלושת האופים שגמור,IL,שטרודל פילו שגב,גרמים,600.00,100 גרם,false,,16.90,0.0282,true,1,1368425
7290004230333,false,"מקלות בורקס פילו תפו""א שגב 600 גר",שלושת האופים שגמור,IL,"מקלות פילו תפו""א שגב",גרמים,600.00,100 גרם,false,,16.90,0.0282,true,1,1368426
7290004230340,false,מקלות בורקס פילו תרד ובצל שגב 600 ג,שלושת האופים שגמור,IL,מקלות פילו תרד ובצל שגב,גרמים,600.00,100 גרם,false,,16.90,0.0282,true,1,1368427
7290004230357,false,שגב מקלות בורקס פילו גבינה ובטטה 600 גר,שלושת האופים שגמור,IL,בורקס בטטה גבינה שגב,גרמים,600.00,100 גרם,false,,16.90,0.0282,true,1,1368428
7290004230364,false,שגב מקלות בורקס פילו גבינה צרפתי 600 גר,שלושת האופים שגמור,IL,בורקס פילו צרפתי שגב,גרמים,600.00,100 גרם,false,,16.90,0.0282,true,1,1368429
7290004230371,false,מקלות בורקס פילו פיצה 600 גרם לנדא,שלושת האופים שגמור,IL,מקלות פילו פיצה שגב,גרמים,600.00,100 גרם,false,,16.90,0.0282,true,1,1368430
7290004230944,false,מקלות פילו גבינה 600 גר' שלושת האופים לנדא,שלושת האופים שגמור,IL,מקלות פילו גבינה,גרמים,600.00,100 גרם,false,,14.90,0.0248,true,1,1368432
7290004255237,false,נר נשמה 48 שעות רבני,מנורה,IL,"נרות נשמה צדיקים , דולקים",יח',1.00,יח',false,,7.90,7.9000,true,1,1391695
7290004255305,false,נר נשמה שבועי בפלסטיק מנורה,"מנורה שי נר בע""מ",IL,נר נשמה 7 ימים בפלסט,יחידה,0.00,יחידה,false,,8.90,0.0000,true,1,2220613
7290004255343,false,נריות 72 בקופסא - 4 שעות,"מנורה שי נר בע""מ",IL,"נריות 72 יחידות , דולקים",יח',72.00,יח',false,,19.90,0.2764,true,1,1391696
7290004255619,false,נרות חימום 100 יחידו,"מנורה שי נר בע""מ",IL,נרות חימום מנורה 100 יחיד,יח',100.00,יח',false,,19.90,0.1990,true,1,1391700
7290004324605,false,"גבינת מון בלאן רוקפור 7%, 120 ג'",האי נאם סי או אל.טי.,IL,גבינת מון בלאן רוקפור 120,גרמים,120.00,100 גרם,false,,9.90,0.0825,true,1,1368435
7290004329495,false,גרון עוף,,,גרון עוף,קילוגרמים,1.00,"ק""ג",true,,4.90,4.9000,true,1,1382872
7290004329501,false,גרון הודו,,,גרון הודו,קילוגרמים,1.00,"ק""ג",true,,24.90,24.9000,true,1,1382873
7290004329587,false,לבבות הודו טרי,,,לבבות הודו טרי,קילוגרמים,1.00,"ק""ג",true,,29.90,29.9000,true,1,1382876
7290004329594,false,קורקבן הודו טרי,,,קורקבן הודו טרי,קילוגרמים,1.00,"ק""ג",true,,7.90,7.9000,true,1,1382877
7290004329600,false,כבד הודו,,,כבד הודו,קילוגרמים,1.00,"ק""ג",true,,29.90,29.9000,true,1,1382878
7290004329624,false,שוקיים הודו טרי,,,שוקיים הודו טרי,קילוגרמים,1.00,"ק""ג",true,,24.90,24.9000,true,1,1382880
7290004329631,false,כנפיים הודו טרי,,,כנפיים הודו טרי,קילוגרמים,1.00,"ק""ג",true,,14.90,14.9000,true,1,1382881
7290004329655,false,חזה הודו,,,חזה הודו,קילוגרמים,1.00,"ק""ג",true,,34.90,34.9000,true,1,1382882
7290004329662,false,בשר הודו אדום,,,בשר הודו אדום,קילוגרמים,1.00,"ק""ג",true,,59.90,59.9000,true,1,1382883
7290004329679,false,שווארמה הודו,,,שווארמה הודו,קילוגרמים,1.00,"ק""ג",true,,69.90,69.9000,true,1,1382884
7290004329709,false,קורקבן עוף,,,קורקבן עוף,קילוגרמים,1.00,"ק""ג",true,,7.90,7.9000,true,1,1382886
7290004329716,false,לבבות עוף,,,לבבות עוף,קילוגרמים,1.00,"ק""ג",true,,29.90,29.9000,true,1,1382887
7290004329730,false,חזה עוף שלם,,,חזה עוף שלם,קילוגרמים,1.00,"ק""ג",true,,34.90,34.9000,true,1,1382889
7290004329747,false,כנפיים עוף,,,כנפיים עוף,קילוגרמים,1.00,"ק""ג",true,,9.90,9.9000,true,1,1382890
7290004329754,false,שוקיים עוף טרי,,,שוקיים עוף טרי,קילוגרמים,1.00,"ק""ג",true,,29.90,29.9000,true,1,1382891
7290004329761,false,ירכיים עוף טרי,,,ירכיים עוף טרי,קילוגרמים,1.00,"ק""ג",true,,29.90,29.9000,true,1,1382892
7290004329778,false,כרעיים עוף,,,כרעיים עוף,קילוגרמים,1.00,"ק""ג",true,,29.90,29.9000,true,1,1382893
7290004329808,false,כתף עגל טרי,,,כתף עגל טרי,קילוגרמים,1.00,"ק""ג",true,,69.00,69.0000,true,1,1382896
7290004329860,false,אסאדו עם עצם,,,אסאדו עם עצם,קילוגרמים,1.00,"ק""ג",true,,59.90,59.9000,true,1,1382901
7290004386825,false,שעועית בגודל ענק אפויה ברוטב עגבניות -מוכן לאכילה,וילי פוד,GR,שעועית ענק ברוטב עגב,גרמים,420.00,100 גרם,false,,9.90,0.0236,true,1,2249473
7290004456061,false,כבד עגל טרי,,,כבד עגל טרי,קילוגרמים,1.00,"ק""ג",true,,24.90,24.9000,true,1,1382904
7290004456078,false,"חזה בקר ע""ע טרי",,,"חזה בקר ע""ע טרי",קילוגרמים,1.00,"ק""ג",true,,49.90,49.9000,true,1,1382905
7290004456085,false,סטייק אנטריקוט עם עצ,,,סטייק אנטריקוט עם עצ,קילוגרמים,1.00,"ק""ג",true,,99.00,99.0000,true,1,1382906
7290004456801,false,פרגיות עוף שלם טרי,,,פרגיות עוף שלם טרי,קילוגרמים,1.00,"ק""ג",true,,59.90,59.9000,true,1,1382911
7290004456931,false,עוף טרי מפורק,,,עוף טרי מפורק,קילוגרמים,1.00,"ק""ג",true,,24.90,24.9000,true,1,1382913
7290004464851,false,מידנייט U קרם גוף 400 משאבה,General,,קרם גוף מידנייט,מיליליטרים,400.00,"100 מ""ל",false,,25.90,0.0647,true,1,1366633
7290004480332,false,גבינה גאודה קשה מחלב,מחלבות גד,IL,גבינה גאודה קשה מחלב,קילוגרמים,1.00,"ק""ג",true,,110.00,110.0000,true,1,2347350
7290004480349,false,גאודה עזים משולשים במשקל,מחלבת אמלטי הולנד,IL,גבינה גאודה עיזים מש,קילוגרמים,1.00,"ק""ג",true,,129.00,129.0000,true,1,2347351
7290004492274,false,בייגלה טבעות מלוחות 400 ג',אתר בייגל - Food,IL,בייגל בייגל בייגלה מלח 40,גרמים,400.00,100 גרם,false,,9.90,0.0248,true,1,1380147
7290004492762,false,נשנושים תירס ב.בייגל 325 ג',אתר בייגל - Food,IL,נשנושים תירס 325גר,גרמים,325.00,100 גרם,false,,12.90,0.0397,true,1,1380152
7290004494131,false,יין דלתון קברנה סוביניון גליל,"איי, בי, אינבוו",IL,יין דלתון קברנה סובי,מיליליטרים,750.00,"100 מ""ל",false,,59.90,0.0799,true,1,2363914
7290004494148,false,יין דלתון מרלו 750 מל,"איי, בי, אינבוו",IL,יין דלתון מרלו D,מיליליטרים,750.00,"100 מ""ל",false,,59.90,0.0799,true,1,1372673
7290004494315,false,יין כנען מוסקטו דלתון 750 מל,"יקב דלתון בע""מ",,יין דלתון מוסקאטו,מיליליטרים,750.00,"100 מ""ל",false,,39.90,0.0532,true,1,1372676
7290004502690,false,וודקה פינלנדיה 1 ליטר,,,פינלנדיה 1 ליטר.,ליטרים,1.00,ליטר,false,,94.90,94.9000,true,1,2331947
7290004549350,false,גרעין שחור ענק 400 ג,"דין שיווק וקלייה בע""",,גרעין שחור קלוי 400,גרמים,400.00,100 גרם,false,,8.90,0.0223,true,1,1366430
7290004554514,false,מגנום חוף השנהב,גלידות שטראוס,IL,מגנום חוף השנהב,00000000000000000000,0.00,00000000000000000000,false,,10.00,0.0000,true,1,1375907
7290004584351,false,גבינה לבנה סימפוניה עם תוספות 200 ג' חמישית 200,"שטראוס בריאות בע""מ",IL,סימפ' החמישית,גרמים,200.00,100 גרם,false,,10.90,0.0545,true,1,1380667
7290004584528,false,יוגורט דנונה ביו טבעי 1.7% 200 גרם,מיוצר עי קונדיטוריית,IL,"דנונה ביו טבעי 1.5%, 200",גרמים,200.00,100 גרם,false,,3.30,0.0165,true,1,1380668
7290004585907,false,דני ועדן וניל 1.5% 125ג' שטראוס,מיוצר עי קונדיטוריית,IL,דני וניל,גרמים,125.00,100 גרם,false,,2.70,0.0216,true,1,1380669
7290004603175,false,מלח הארץ מלחייה גס 500 גרם,תעשיות מלח לישראל,IL,מלח הים האדום גס 500 גרם,גרמים,500.00,100 גרם,false,,7.90,0.0158,true,1,1378156
7290004639006,false,קוסקוס טוניסאי קפוא 800 גר,מטעמי פאר,IL,קוסקוס טוניסאי 800 ג,גרמים,800.00,100 גרם,false,,14.90,0.0186,true,1,1393814
7290004652401,false,ג'חנון ללא מרגרינה שגב 650 גר' לנדא,שף שגב,IL,"ג""חנון ללא מרגרינה 6",גרמים,650.00,100 גרם,false,,19.90,0.0306,true,1,2323187
7290004652418,false,מיני ג'חנון ללא מרגרינה שגב 650 גר' לנדא,,IL,"מיני ג""חנון ללא מרגר",גרמים,650.00,100 גרם,false,,19.90,0.0306,true,1,2323188
7290004685010,false,לחם 100% שיפון פלוס לחם הארץ 500 גר',מאפית י את א ברמן בע,IL,לחם קל שיפון 100%,גרמים,500.00,100 גרם,false,,15.50,0.0310,true,1,1537109
7290004685126,false,לחם פומפרניקל לחם הארץ 750 גרם,מאפית י את א ברמן בע,IL,לחם הארץ 5 דגנים 750,גרמים,750.00,100 גרם,false,,14.90,0.0199,true,1,1366326
7290004685447,false,לחמניות כוסמין 6 יחי' 450 גר',מאפית י את א ברמן בע,IL,לחמניות כוסמין 6 יח,גרמים,450.00,100 גרם,false,,13.90,0.0309,true,1,2215233
7290004731076,false,אל סבון אלוורה כיף 1 ל',טרופיקל דגיל תעשיות,IL,אל סבון כיף אלוורה 1ליטר,ליטרים,1.00,ליטר,false,,10.90,10.9000,true,1,1358658
7290004731090,false,אל סבון קמומיל כיף 1 ל',קוסמופארם,IL,אל סבון כיף קמומיל 1ליטר,ליטרים,1.00,ליטר,false,,10.90,10.9000,true,1,1358660
7290004731410,false,סנו סושי כרית קרצוף ירוק שלישיה,סנו סושי,IL,סנו סושי3כרית קרצוף ירוק,יח',3.00,יח',false,,9.90,3.3000,true,1,1358672
7290004731472,false,"אל סבון צבעוני כיף שלישיה* 500 מ""ל",טרופיקל דגיל תעשיות,IL,500מX3 אלסבון כיף צבעוני,ליטרים,1.50,ליטר,false,,19.90,13.2667,true,1,1358673
7290004731519,false,"מרכך ומבשם מקסימה למייבש אולטרה פרש 750 מ""ל סנו",סנו מקסימה,IL,מקסימה למייבש סנסטיב750מ,מיליליטרים,750.00,"100 מ""ל",false,,17.90,0.0239,true,1,1358674
7290004731557,false,"סנו מקסימה למייבש מאסק 750 מ""ל",סנו מקסימה,IL,מקסימה למייבש מאסק 750מל,מיליליטרים,750.00,"100 מ""ל",false,,17.90,0.0239,true,1,1358675
7290004731564,false,"סנו - מקסימה מרסס למייבש כביסה פריחה כחולה 750 מ""ל",סנו מקסימה,IL,מרסס למייבש כביסה סנ,מיליליטרים,750.00,"100 מ""ל",false,,17.90,0.0239,true,1,1675163
7290004731670,false,"סנו דואופרש פצ'ולי לבנדר 300 מ""ל","סנו מפעלי ברונוס בע""",IL,דואו פרש פצ'ולי לבנדר300,מיליליטרים,300.00,"100 מ""ל",false,,12.90,0.0430,true,1,1358677
7290004731984,false,משחת שיניים אורביטול להלבנה 145 גר,החברה הדרומית,IL,משחת שיניים אורביטול,גרמים,145.00,100 גרם,false,,9.90,0.0683,true,1,2248541
7290004737719,false,אספרגוס שלם בצנצנת 330 ג' ולי פוד,heze sanqing food,CN,אספרגוס שלם מקולף בצנצ' 3,גרמים,330.00,100 גרם,false,,10.90,0.0330,true,1,1347738
7290004737900,false,חלב מרוכז ממותק 397 גרם ויליפוד,יו.איי.בי מאריג'אמפו,LT,חלב מרוכז ממותק 397גרם,גרמים,397.00,100 גרם,false,,9.90,0.0249,true,1,1347740
7290004977009,false,עמבה הודית סלטי משני,משני,,עמבה הודית סלטי משני,גרמים,300.00,100 גרם,false,,14.90,0.0497,true,1,2247079
7290004977016,false,ממרח לימון סלטי משני,סלטי משני,,ממרח לימון סלטי משני,גרמים,300.00,100 גרם,false,,12.90,0.0430,true,1,2247080
7290004977023,false,סלט אבוקדו ובצל סלטי,משני,,סלט אבוקדו ובצל סלטי,גרמים,300.00,100 גרם,false,,19.90,0.0663,true,1,2247081
7290004982355,false,גבינת צדר טריפל במשק,שבינגטון,GB,גבינה צדר אנגלי 3 צב,קילוגרמים,1.00,"ק""ג",true,,109.00,109.0000,true,1,1599421
7290005008184,false,"פלמוליב - תחליב רחצה נטורלס שקדים 500 מ""ל",הנסיך- מפעל לייצור ט,TR,פלמוליב שקדים 500מל חדש,מיליליטרים,500.00,"100 מ""ל",false,,15.90,0.0318,true,1,1377530
7290005008191,false,"פלמוליב סבון נוזלי בניחוח ארומה סגול, 500 מ""ל",הנסיך- מפעל לייצור ט,TR,פלמוליב ארומה סגול 500מל,מיליליטרים,500.00,"100 מ""ל",false,,15.90,0.0318,true,1,1377531
7290005020162,false,"וויסקי בלנטייניס 700 מ""ל",פרנו,IL,וויסקי בלנטיינס 40%,מיליליטרים,700.00,"100 מ""ל",false,,79.90,0.1141,true,1,1362841
7290005068058,false,תירס קל מופחת קלוריות 550 ג' פרי הגליל,"פרי הגליל בע""""מ",IL,תירס קל א -2פג,גרמים,550.00,100 גרם,false,,6.90,0.0125,true,1,1386017
7290005068447,false,"גרגרי תירס קל בוואקום ללת""ס פרי גליל 340ג'",ויטה פרי גליל,IL,תירס קל 12אונק פג,גרמים,340.00,100 גרם,false,,5.90,0.0174,true,1,1386018
7290005068492,false,לקט ירקות מעורבים 700 גרם פרי-גליל,פרי הגליל,IL,לקט ירק מעורב 700( 20יח'),גרמים,700.00,100 גרם,false,,9.90,0.0141,true,1,1386019
7290005068553,false,לקט ירקות בורגנדי 700 ג' פרי הגליל,פרי הגליל בעמ,IL,לקט בורגונדי 700,גרמים,700.00,100 גרם,false,,14.90,0.0213,true,1,1386020
7290005068621,false,ברוקלי פרי הגליל 800ג',"פרי הגליל בע""""מ",IL,ברוקולי 800פג רבנות,גרמים,800.00,100 גרם,false,,15.90,0.0199,true,1,1386021
7290005079290,false,צהובה נעם 15% מהדרין,טרה,IL,גבינה צהובה נעם 15%,קילוגרמים,1.00,"ק""ג",true,,69.00,69.0000,true,1,1441963
7290005084355,false,סנסודין משחת שיניים דואל קר פלואוריד 75,גלקסו סמית קליין,GB,"סנסודיין דואלקר 75 מ""ל",מיליליטרים,75.00,"100 מ""ל",false,,19.90,0.2653,true,1,1385248
7290005113222,false,זיתים קוקטייל וגמבה יבנה 350ג',קבוצת יבנה,IL,מיקס זיתים,גרמים,560.00,100 גרם,false,,6.90,0.0123,true,1,1397857
7290005174513,false,חציל במיונז 500 ג' אחלה,מיוצר עי קונדיטוריית,IL,חצילים במיונז 500 ג,גרמים,500.00,100 גרם,false,,13.90,0.0278,true,1,1380670
7290005174551,false,סלט חומוס עם צנוברים 125 ג' אחלה,מיוצר עי קונדיטוריית,IL,חומוס יום-יום 125 גרם,גרמים,125.00,100 גרם,false,,4.50,0.0360,true,1,1380671
7290005174568,false,אחלה סלט חצילים יום 125 ג',מיוצר עי קונדיטוריית,IL,חציל במיונז 125 גרם,גרמים,125.00,100 גרם,false,,4.50,0.0360,true,1,1380672
7290005175428,false,"קמח תירס לל""ג ריבארה 500 ג'",וילי פוד,AR,קמח תירס אינסטנט 500גרם,גרמים,500.00,100 גרם,false,,5.90,0.0118,true,1,1347742
7290005197758,false,עוגיות חיוכים שוקו שוקו 150ג',אפיפית נצרת תעשיות ב,IL,"חיוכים שוקו 150 בד""צ/24יח",גרמים,150.00,100 גרם,false,,4.90,0.0327,true,1,1381355
7290005199578,false,"קפה פלאטינום עלית נטול 200ג' כש""לפ",שטראוס גרופ,IL,פלאטינום נטול חדש200/6יח',גרמים,200.00,100 גרם,false,,29.90,0.1495,true,1,1381361
7290005200786,false,תפוצ'יפס שמנת ובצל 50 גרם,"שטראוס פריטו ליי בע""",IL,תפו50 שמנת ובצל-חדש/1שק'/,גרמים,50.00,100 גרם,false,,3.90,0.0780,true,1,1382015
7290005201455,false,קפה נמס ארומה קלאסי 200 גרם,"אינסטנטה בע""מ",IL,ארומה 200ג' חדש/6יח'/200ג,גרמים,200.00,100 גרם,false,,24.90,0.1245,true,1,1381368
7290005201882,false,קפה טורקי עלית 200 גרם,הנסיך- מפעל לייצור ט,IL,כשלפ טורקי שקית 200,גרמים,200.00,100 גרם,false,,15.90,0.0795,true,1,1381370
7290005270000,false,עלי סיגר מרוקאי 500,"חמים וטעים בע""מ",IL,עלי סיגר 500 גרם,גרמים,500.00,100 גרם,false,,13.90,0.0278,true,1,1362596
7290005287206,false,טונה סטארקיסט בשמן רביעיות 4*160 גר,"סטארקיסט פודור בע""מ",IL,טונה סטארקיסט רביעיה,גרמים,640.00,100 גרם,false,,24.90,0.0389,true,1,1345786
7290005287251,false,טונה סטארקיסט במים רביעיות 4*160 גר,"סטארקיסט פודור בע""מ",IL,טונה סטארקיסט רביעיה,גרמים,640.00,100 גרם,false,,24.90,0.0389,true,1,1345787
7290005287510,false,טונה בשמן עם בפלפל חריף 160 ג' סטארקיסט,תאי יוניון גרופ,TH,טונה ס.ק בשמן עם פלפ,גרמים,160.00,100 גרם,false,,7.90,0.0494,true,1,1345789
7290005287527,false,טונה סטארקיסט בשמן עם לימון 160 גר,תאי יוניון גרופ,TH,טונה ס.ק בשמן עם לימ,גרמים,160.00,100 גרם,false,,7.90,0.0494,true,1,1345790
7290005287534,false,טונה בשמן עישון טבעי 160 ג' סטארקיסט,תאי יוניון גרופ,TH,טונה ס.ק בשמן עישון,גרמים,160.00,100 גרם,false,,7.90,0.0494,true,1,1345791
7290005287657,false,סטארקיסט ממרח טונה 160 ג',"סטארקיסט פודור בע""מ",IL,ממרח טונה 160 גרם,גרמים,160.00,100 גרם,false,,8.90,0.0556,true,1,1345799
7290005296260,false,"אסטוניש ספריי רסס ונגב לניקוי כללי 750 מ""ל",יעקובי אסטוניש,GB,אסטוניש רסס נגב-ירוק,מיליליטרים,750.00,"100 מ""ל",false,,11.90,0.0159,true,1,1364493
7290005296857,false,"פוליבוי מרסס לכל סוגי הרהיטים 500 מ""ל",דרמרס DRAMERS,PL,הפי-ספריי לרהיטים,מיליליטרים,300.00,"100 מ""ל",false,,14.90,0.0497,true,1,1364496
7290005317125,false,ביסקוויט חצי מצופה 175 גרם,אפיפית נצרת תעשיות ב,IL,חצי מצופה תה ביסקויט רגיל,גרמים,175.00,100 גרם,false,,4.90,0.0280,true,1,1386897
7290005317194,false,בסקויט מתוק רגיל/שוקו 110 גר,אפיפית נצרת,IL,ביסקויט תה ביסקויט רגיל,גרמים,110.00,100 גרם,false,,3.50,0.0318,true,1,1386898
7290005317200,false,קרקר טופז טעמים שונים 110 גר,אפיפית נצרת,IL,קרקר טופז רגיל 24/0.110 ה,גרמים,110.00,100 גרם,false,,2.90,0.0264,true,1,1386899
7290005326523,false,ממרח פסטו פטרוזיליה ונענע אוליביה 180 גר,אוליביה,IL,פסטו פטרוזיליה ונענע 180,גרמים,180.00,100 גרם,false,,12.90,0.0717,true,1,1348047
7290005326585,false,ממרח אוליביה פסטו בזיליקום 180 ג',"אוליביה גורמה בע""מ",IL,פסטו בזיליקום-אוליבי,גרמים,180.00,100 גרם,false,,9.90,0.0550,true,1,1921329
7290005384837,false,"מיץ לימונים מלימונים טריים 500 מ""ל",דריבדוס סיטרוס,ES,מיץ לימון מלימונים טריים,מיליליטרים,500.00,"100 מ""ל",false,,7.90,0.0158,true,1,1347750
7290005384851,false,וילי פוד מיץ לימון בדץ 200מל,וילי פוד,IT,"מיץ לימון 200 מ""ל",מיליליטרים,200.00,"100 מ""ל",false,,3.90,0.0195,true,1,1347751
7290005384899,false,פטינה ים תיכונית בסג,אוזגזי,NL,פטינה על בסיס ש'צ 12ק'ג(ח,קילוגרמים,1.00,"ק""ג",true,,24.90,24.9000,true,1,1347753
7290005418723,false,"נטורל קרם לחות לשיער חלק ברגע קליל 400 מ""ל",,,קרם לחות לשיער נטורל,מיליליטרים,400.00,"100 מ""ל",false,,19.90,0.0497,true,1,1383265
7290005423055,false,סנו פורטה פלוס מתז בניחות לימון 1 ל',"סנו מפעלי ברונוס בע""",IL,פורטה פלוס 1 ליטר XL,ליטרים,1.00,ליטר,false,,17.90,17.9000,true,1,2071293
7290005423253,false,"סנו - מקסימה מרסס למייבש כביסה אולטרה פרש 750 מ""ל","סנו מפעלי ברונוס בע""",IL,"מקסימה למייבש פרש 750מ""ל",מיליליטרים,750.00,"100 מ""ל",false,,17.90,0.0239,true,1,1358682
7290005423383,false,מטהר אוויר סנומוד גל,סנומוד,IL,מטהר אויר סנומוד,מיליליטרים,150.00,"100 מ""ל",false,,10.90,0.0727,true,1,1803460
7290005423505,false,"אורביטול מי פה להלבנת השיניים 500 מ""ל",קוסמופארם,IL,"מי פה אורביטול 500 מ""ל",מיליליטרים,500.00,"100 מ""ל",false,,17.90,0.0358,true,1,1358693
7290005423543,false,אורביטול - משחת שיניים להלבנה 145 גרם,טרופיקל דגיל קוסמטיק,IL,משחת אורביטול להלבנה145ג,גרמים,145.00,100 גרם,false,,9.90,0.0683,true,1,1358694
7290005423567,false,מטליות לניקוי כללי בגליל 40 יח' סנו סושי,אסותא תעשיות אלבד בע,IL,40מטליות לניקוי סנו סושי,יח',40.00,יח',false,,19.90,0.4975,true,1,1358695
7290005423635,false,ריצפז נוזל לניקוי רצפות דוחה חרקים 2 ל',מיוצר עי קונדיטוריית,IL,ריצפז פלוס דוחה תיקנים2ל,ליטרים,2.00,ליטר,false,,22.90,11.4500,true,1,1358696
7290005423833,false,סנו פוליויקס פרקט 2 ליטר,"סנו מפעלי ברונוס בע""",IL,פוליויקס פרקט 2 ליטר,ליטרים,2.00,ליטר,false,,19.90,9.9500,true,1,1358698
7290005423888,false,אלסבון כיף שלישיה מעורב,טרופיקל דגיל תעשיות,IL,500מלX3 אלסבון כיף מעורב,מיליליטרים,1500.00,"100 מ""ל",false,,19.90,0.0133,true,1,1405931
7290005424014,false,"אבקת כביסה פיסגה קלה 6 ק""ג סנו","מפעלי ברונוס בע""מ",IL,"אבקת כביסה פיסגה 6 ק""ג",קילוגרמים,6.00,"ק""ג",false,,39.90,6.6500,true,1,1358702
7290005424113,false,מטליות רצפה 4 יח' סנו סושי,סנו סושי,IL,4סנו סושי מטלית רצפ+כרית,יח',4.00,יח',false,,14.90,3.7250,true,1,1358704
7290005424311,false,קוטל חרקים זוחלים ומעופפים,מיוצר עי קונדיטוריית,IL,רב קוטל בריח פרחים K סנו,מיליליטרים,500.00,"100 מ""ל",false,,22.90,0.0458,true,1,1358707
7290005424403,false,"אל סבון כיף אצות ים קטיפתי 1ליטר,",טרופיקל דגיל תעשיות,IL,אל סבון כיף אצות ים1ליטר,ליטרים,1.00,ליטר,false,,10.90,10.9000,true,1,1358708
7290005424700,false,סנו - פורטה פלוס מרסס מסיר שומנים 1 ליטר,סנו,IL,"סנו פורטה פלוס 750 מ""ל",ליטרים,1.00,ליטר,false,,17.90,17.9000,true,1,1936388
7290005424762,false,נוזל רצפות ריצפז ווקס דוחה חרקים 2 ליטר,"סנו מפעלי ברונוס בע""",IL,ריצפז+דוחה תיקנים+ווקס2ל,ליטרים,2.00,ליטר,false,,29.90,14.9500,true,1,1358713
7290005424809,false,סנו סושי סקוטש קרצוף ענק 3יח',סנו סושי,IL,סנו סושי3כרית קרצוף אדום,יח',3.00,יח',false,,9.90,3.3000,true,1,1358716
7290005424915,false,"סנומוד לבנדר פצ''ולי 150 מ""ל",סנו מפעלי בורונוס בע,IL,סנומוד פצ'ולי לבנדר 150מ,מיליליטרים,150.00,"100 מ""ל",false,,10.90,0.0727,true,1,1358718
7290005425073,false,"סנו דואופרש יסמין עץ סאנדלווד 300 מ""ל","סנו מפעלי ברונוס בע""",IL,דואו פרש יסמין סנדלווד,מיליליטרים,300.00,"100 מ""ל",false,,12.90,0.0430,true,1,1358721
7290005425110,false,"סנו מתז לחיטוי משטיחים 750 מ""ל","סנו מפעלי ברונוס בע""",IL,מתז לחיטוי משטחים 99,מיליליטרים,750.00,"100 מ""ל",false,,18.90,0.0252,true,1,2071361
7290005425127,false,"חיטוי משטחים 99.9% מתז לשומנים ואבנית 750 מ""ל","סנו מפעלי ברונוס בע""",IL,מתז לחיטוי עוצמתי 99,מיליליטרים,750.00,"100 מ""ל",false,,18.90,0.0252,true,1,2071362
7290005425196,false,"סנו לכביסה מקסימה סנסיטיב 2.5 ק""ג",מיוצר עי קונדיטוריית,IL,אבקת מקסימה סנסיטיב2.5קג,קילוגרמים,2.50,"ק""ג",false,,29.90,11.9600,true,1,1358723
7290005425202,false,אבקת כביסה ביו מקסימה לכתמים קשים,"סנו מפעלי ברונוס בע""",IL,"אבקת מקסימה ביו 2.5 ק""ג",קילוגרמים,2.50,"ק""ג",false,,29.90,11.9600,true,1,1358724
7290005425585,false,סנו רהיט מטליות להברקת רהיטים 20יח',טרופיקל דגיל,IL,סנו רהיט 20 מטליות ניקוי,יח',20.00,יח',false,,16.90,0.8450,true,1,1358730
7290005425646,false,סנו קליר ספריי אקדח לניקוי והברקת חלונות 1ל',"סנו מפעלי ברונוס בע""",IL,'סנוקליר ניקוי חלונות 1ל,ליטרים,1.00,ליטר,false,,10.90,10.9000,true,1,1358732
7290005425714,false,לשטיחים סנופלוס ספרי,"איי, בי, אינבוו",IL,סנו שמפו שטיחים פלוס600מ,מיליליטרים,600.00,"100 מ""ל",false,,25.90,0.0432,true,1,1358735
7290005425912,false,אוקסיג'ן ג'ל מסיר כתמים 4 ל' סנו,סנו אוקסיג'ן,IL,ג'ל אוקסיג'ן 4 ליטר,ליטרים,4.00,ליטר,false,,34.90,8.7250,true,1,1358739
7290005426186,false,סקוטש ענק סנו סושי שלישיה,סנו סושי,IL,סנו סושי3כריות קרצוף חבק,יח',3.00,יח',false,,12.90,4.3000,true,1,1358743
7290005426193,false,ספוג הפלא אריזת סנו 6יח',טרופיקל דגיל תעשיות,IL,'ספוג הפלא סנו סושי 6 יח,יח',6.00,יח',false,,14.90,2.4833,true,1,1358744
7290005426230,false,מטלית הפלא לרצפה מיקרופייבר סנו 1יח',סנו סושי,CN,מטלית הפלא לרצפה ס.סושי,יח',1.00,יח',false,,10.90,10.9000,true,1,1358745
7290005426384,false,"סנומוד מיס מיליון, 150 מ""ל",סנומוד,IL,סנומוד מיס מיליון 150 מל,מיליליטרים,150.00,"100 מ""ל",false,,10.90,0.0727,true,1,1358749
7290005426582,false,לחות לשיער קרמה-צבוע,קוסמופארם,IL,ק.לחות קרמה שיער צבוע400,מיליליטרים,400.00,"100 מ""ל",false,,19.90,0.0497,true,1,1358754
7290005426629,false,"סנו דואופרש אורן לוטוס ופרחי מים ודובדבן, 300 מ""ל",סנו fresh,IL,דואו פרש לוטוס ופרחי מים,מיליליטרים,300.00,"100 מ""ל",false,,12.90,0.0430,true,1,1358755
7290005426735,false,"סנו - מקסימה אבקת כביסה בלאק 1.25 ק""ג",סנו,IL,1.25קג BLACK אבקת מקסימה,קילוגרמים,1.25,"ק""ג",false,,18.90,15.1200,true,1,1358757
7290005426940,false,"סנו K-300 מדביר חרקים 475 מ""ל",טרופיקל דגיל תעשיות,IL,300 פלוס8 קוטל חרקי400-K,מיליליטרים,400.00,"100 מ""ל",false,,22.90,0.0572,true,1,1358761
7290005426964,false,סנובון כחול בריח אפרסק 3 יח' * 55 ג',סנו סנובון,IL,50גX3 סנובון כחול אפרסק,יח',3.00,יח',false,,15.90,5.3000,true,1,1358762
7290005427121,false,מגבות נ ייר 12 גלילי,סנו,IL,מגבות הפלא סנו סושי 12גל,מטרים,126.96,מטר,false,,22.90,0.1804,true,1,1358765
7290005427619,false,"כיף גל לשיער לשיער קוצים 1ק""ג",גוד פוד פרודקטס S.p,IL,ג'ל כיף אקסטרים ירוק 1קג,קילוגרמים,1.00,"ק""ג",false,,22.90,22.9000,true,1,1358781
7290005427626,false,"כיף גל לשיער למראה רטוב 1 ק""ג",קוסמופארם בעמ,IL,ג'ל כיף אקסטרים כתום 1קג,קילוגרמים,1.00,"ק""ג",false,,22.90,22.9000,true,1,1358782
7290005427633,false,"כיף גל לשיער לשיער חזק במיוחד 1 ק""ג",קוסמופארם,IL,ג'ל כיף אקסטרים כחול 1קג,קילוגרמים,1.00,"ק""ג",false,,22.90,22.9000,true,1,1358783
7290005427725,false,מגבונים ליטופים מארז חמישיה,טרופיקל דגיל קוסמטיק,IL,'מגבוני ליטופים 5*72 יח,יח',360.00,יח',false,,19.90,0.0553,true,1,1358784
7290005427732,false,אל סבון קמומיל כיף 2 ל',קוסמופארם,IL,אלסבון כיף קמומיל 2 ליטר,ליטרים,2.00,ליטר,false,,22.90,11.4500,true,1,1358785
7290005427749,false,אל סבון אצות ים כיף 2 ל',טרופיקל דגיל תעשיות,IL,אלסבון כיף אצות ים 2ליטר,ליטרים,2.00,ליטר,false,,22.90,11.4500,true,1,1358786
7290005427756,false,אלסבון כיף 2 ליטר אלוורה,קוסמופארם,IL,אלסבון כיף אלוורה 2 ליטר,ליטרים,2.00,ליטר,false,,22.90,11.4500,true,1,1358787
7290005427848,false,מטלית בגליל ורוד 40 יח' סנו סושי,סנו סושי,IL,סנו סושי 30מט.בגליל ורוד,יח',40.00,יח',false,,19.90,0.4975,true,1,1358792
7290005427978,false,"קרמה תחליב רחצה לפנים 180 מ""ל",גוד פוד פרודקטס S.p,IL,קרמה תחליב רחצה לפנים180,מיליליטרים,180.00,"100 מ""ל",false,,14.90,0.0828,true,1,1358797
7290005427985,false,"קרמה תחליב רחצה לפנים בתוספת גרגירי פילינג 180 מ""ל",גוד פוד פרודקטס S.p,IL,קרמה ת.רחצה לפנים+ג.פילי,מיליליטרים,180.00,"100 מ""ל",false,,14.90,0.0828,true,1,1358798
7290005428845,false,סנו סושי מפיות צבעוני 100 יח,"חי מוצרי נייר בע""מ",IL,סנו סושי מפיות אירוח100י,יח',100.00,יח',false,,6.90,0.0690,true,1,1358806
7290005428951,false,ממחטות טישיו סופט בק,ישרפייפר,IL,150 סנו סופט מגבוני נייר,יח',150.00,יח',false,,8.90,0.0593,true,1,1358811
7290005430480,false,מטלית הפלא מיקרופייבר סנו סושי,סנו סושי,CN,מטלית הפלא מיקרופייבר,יח',1.00,יח',false,,9.90,9.9000,true,1,1358818
7290005430602,false,סנו אוקסיגן מסיר כתמים קשים מרסס 750 מל,"סנו מפעלי ברונוס בע""",IL,אוקסיג'ן מ.כתמ.מרסס 750מ,מיליליטרים,750.00,"100 מ""ל",false,,17.90,0.0239,true,1,1358822
7290005430626,false,סנו - אוקסיג'ן מסיר כתמים קשים 2 ליטר,סנו כימיקלים,,מסיר כתמים אוקסיגן 2,ליטרים,2.00,ליטר,false,,19.90,9.9500,true,1,1358823
7290005430671,false,סנו פוליויקס 2 ליטר +קרמיקה,סנו מפעלי ברונו בעמ,IL,'סנו פוליויקס קרמיקה 2 ל,ליטרים,2.00,ליטר,false,,24.90,12.4500,true,1,1358828
7290005430862,false,מים מזוקקים למגהץ ול,,,מים מזוקקים למגהץ ול,ליטרים,4.00,ליטר,false,,19.90,4.9750,true,1,1358832
7290005430961,false,סנו - מקסימה בד גארד נוזל 1 ליטר,יושלם,,טקסטיל שמפו לכביסה ב,ליטרים,1.00,ליטר,false,,15.90,15.9000,true,1,1358833
7290005431883,false,עדן קינוחים מלבי חלבי,עדן קינוחים Eden,IL,מלבי חלבי 165 גרם,גרמים,165.00,100 גרם,false,,5.90,0.0358,true,1,2244948
7290005431906,false,קדאיף עדן קינוחים 82,עדן קינוחים Eden,IL,קדאיף 82 גרם,גרמים,82.00,100 גרם,false,,5.90,0.0720,true,1,2244950
7290005431920,false,עדן קינוחים עוגת גבינה פירורים לייט,עדן קינוחים Eden,IL,עוגת גבינה פירורים ל,גרמים,78.00,100 גרם,false,,5.90,0.0756,true,1,2244952
7290005431937,false,עדן קינוחים טירמיסו,עדן קינוחים Eden,IL,עוגת טירימיסו 82 גרם,גרמים,82.00,100 גרם,false,,5.90,0.0720,true,1,2244953
7290005431968,false,עדן קינוחים מלבי שמנת,עדן קינוחים Eden,IL,מלבי שמנת עדן קינוחי,גרמים,150.00,100 גרם,false,,6.90,0.0460,true,1,2260614
7290005437540,false,פיטריות חתוך טעמן 290 גר',,IL,פטריות חתוך 5.5,גרמים,290.00,100 גרם,false,,3.90,0.0134,true,1,1372211
7290005437632,false,שמן קנולה 1 ליטר טעמן,,IL,שמן קנולה,ליטרים,1.00,ליטר,false,,9.90,9.9000,true,1,2341367
7290005437809,false,חתיכות אננס חתבמיץ טבעי 825 גרם טעמן,פ.ת גרייט פנאפל,ID,אננס חתוך במיץ טבעי,גרמים,825.00,100 גרם,false,,10.90,0.0132,true,1,1372219
7290005437861,false,קוקטייל פירות טרופי 900ג',פ.ת גרייט פנאפל,ID,קוקטייל טרופי 825גר',גרמים,825.00,100 גרם,false,,11.90,0.0144,true,1,2377795
7290005477669,false,דרמפון-ס.נוזלי מועשר בלחות 1 ליטר,"אמיליה קוסמטיקס בע""מ",IL,'דרמפון סבון נוז.+לחות1ל,ליטרים,1.00,ליטר,false,,14.90,14.9000,true,1,1383269
7290005479038,false,מנקה בון ס לאסלה מוצק ורוד,,,שלישייה סבון לאסלה מ,גרמים,165.00,100 גרם,false,,11.90,0.0721,true,1,1358836
7290005500688,false,"פנינה רוזנבלום מסיכה לשיקום ורודה , 1 ק""ג",א.ארמן,IL,"מסיכה לשיער 1 ק""ג",מיליליטרים,1000.00,"100 מ""ל",false,,29.90,0.0299,true,1,1386796
7290005509445,false,כרמית מיני קוקיס בטעם חמאה 600 גרם,כרמית תעשיות ממתקים,IL,כרמית מיני קוקיס בטעם חמא,גרמים,600.00,100 גרם,false,,18.90,0.0315,true,1,1377538
7290005559587,false,מאפה נקניקיה בבצק מעדנות 800ג',מיוצר עי קונדיטוריית,IL,מאפה נקניקיה 800גר מעדנות,גרמים,800.00,100 גרם,false,,26.90,0.0336,true,1,1379375
7290005559709,false,בורקס פיצה מעדנות 700 ג',מיוצר עי קונדיטוריית,IL,בורקס פיצה 700גר מעדנות,גרמים,700.00,100 גרם,false,,24.90,0.0356,true,1,1379377
7290005559907,false,פיצה משפחתית גבינה מעדנות 500 גר,מיוצר עי קונדיטוריית,IL,פיצה משפחתית גבינה מעדנות,גרמים,500.00,100 גרם,false,,24.90,0.0498,true,1,1379379
7290005559914,false,פיצה משפחתית זיתים מעדנות 550 גר,מיוצר עי קונדיטוריית,IL,פיצה משפחתית זיתים מעדנות,גרמים,550.00,100 גרם,false,,24.90,0.0453,true,1,1379380
7290005559990,false,בצק פילאס תורכי מעדנות 600 גרם,מיוצר עי קונדיטוריית,IL,בצק פילאס תורכי 600גר מעד,גרמים,600.00,100 גרם,false,,22.90,0.0382,true,1,1379386
7290005591761,false,דבש טהור מפרחי בר בלחיץ 400 ג' יד מרדכי,מכוורת יד מרדכי שטרא,IL,דבש טהור לחיץ 400 גרם,גרמים,400.00,100 גרם,false,,17.90,0.0447,true,1,1381371
7290005610011,false,תפוחי אדמה אדום ארוז,,,תפוחי אדמה אדום ארוז,קילוגרמים,1.00,"ק""ג",true,,5.90,5.9000,true,1,1382785
7290005610028,false,תפוח אדמה לבן ארוז,,,תפוח אדמה לבן ארוז,קילוגרמים,1.00,"ק""ג",true,,4.90,4.9000,true,1,1382786
7290005610509,false,צנוניות ארוזות דוד מ,חקלאי,IL,צנוניות ארוזות דוד מ,גרמים,400.00,100 גרם,false,,4.90,0.0123,true,1,2328903
7290005680052,false,או-בה טמפון קלאסי סופר פלוס 32יח',גונסון אנד גונסון,GR,אובה קלאסי סופר פלוס 32,יח',32.00,יח',false,,29.90,0.9344,true,1,1377541
7290005684418,false,לחם כוסמין אורגני 700 גר,המאפיה של הרמן,IL,לחם מקמח כוסמין מלא,גרמים,700.00,100 גרם,false,,14.90,0.0213,true,1,1390358
7290005684579,false,לחם מחמצת כוסמין 700 ג',מאפית ברמן,IL,לחם חמצת כוסמין,גרמים,700.00,100 גרם,false,,14.90,0.0213,true,1,2243105
7290005719189,false,לחם מחמצת שיפון אגוז,,,לחם מחמצת שיפון אגוז,גרמים,500.00,100 גרם,false,,16.90,0.0338,true,1,2145129
7290005727344,false,איקרה אדום,,,איקרה אדום,קילוגרמים,1.00,"ק""ג",true,,54.00,54.0000,true,1,2294923
7290005727351,false,איקרה אדום במשקל,,IL,איקרה לבן,קילוגרמים,1.00,"ק""ג",true,,59.00,59.0000,true,1,2294924
7290005736070,false,סביבון חללית מאיר ומנגן מנגינת חנוכה בדיספליי,,,סבובון חלילת מאיר,יחידה,0.00,יחידה,false,,19.90,0.0000,true,1,2321969
7290005737800,false,סביבון תות מאיר ומנגן מנגינת חנוכה בדיספליי,General,CN,סביבון תות גדול במג,יחידה,0.00,יחידה,false,,16.90,0.0000,true,1,2268016
7290005789380,false,פרשיס קוסמטיקס מגבונים להסרת איפור 54 יח',ווטנאפס,,מגבונים לאיפור,יח',54.00,יח',false,,14.90,0.2759,true,1,1343929
7290005838002,false,מעדן גבינה ויוגורט בטעם וניל 88 ג' דניאלה,"שטראוס בריאות בע""מ",IL,דניאלה וניל,גרמים,88.00,100 גרם,false,,3.90,0.0443,true,1,1380675
7290005838613,false,שטראוס גבינת וניל 3% 125ג,"שטראוס בריאות בע""מ",IL,סקי וניל 125 בודד,גרמים,125.00,100 גרם,false,,3.70,0.0296,true,1,1380676
7290005838972,false,גבינת יום יום 5% שטראוס 125ג',מיוצר עי קונדיטוריית,IL,סקי יום יום 5%,גרמים,125.00,100 גרם,false,,3.20,0.0256,true,1,1380677
7290005839078,false,"דנונה יוגורט ביו 3% לבן מארז 150X8מ""ל",מיוצר עי קונדיטוריית,IL,מ. דנונה 8 חסכון ביו 3% 1,גרמים,1200.00,100 גרם,false,,15.90,0.0133,true,1,1380678
7290005839108,false,גבינה לבנה סימפוניה עם תוספות 200 ג'+זיתים 5%,"שטראוס בריאות בע""מ",IL,סימפ' 5% עם זתים,גרמים,200.00,100 גרם,false,,10.90,0.0545,true,1,1380679
7290005839313,false,"מילקי טופ שוקולד מגולגל 170 מ""ל",מיוצר עי קונדיטוריית,IL,מילקי טופ מגולגלת,גרמים,170.00,100 גרם,false,,4.30,0.0253,true,1,1380680
7290005870514,false,"תחליב רחצה רימונים 750 מ""ל",ש.שוורץ,IL,תחליב רחצה רימונים 750 סמ,מיליליטרים,750.00,"100 מ""ל",false,,15.90,0.0212,true,1,1366977
7290005872860,false,טלק מעושר באלוורה,שוורץ,IL,"טלקיה 300 סמ""ק מ.באלוורה",גרמים,300.00,100 גרם,false,,12.90,0.0430,true,1,1366993
7290005896620,false,מים מוגז ' סאן בנדטו ' יחידה,אקווה מינרלה סאן בנד,IT,מים מוגז סן בנדטו 1.,ליטרים,1.50,ליטר,false,,4.90,3.2667,true,1,1362842
7290005902499,false,"מגב גומי 45 ס""מ + מקל",טירולר Tyroler,,מגבי גומי סיליקון,יחידה,0.00,יחידה,false,,79.90,0.0000,true,1,2131898
7290005930102,false,ג'ל חוחובה חזק שיק קולור,,,גל חובבה שיק קולור,יחידה,0.00,יחידה,false,,19.90,0.0000,true,1,1476916
7290005938238,false,ממרח צ'ימצ'ורי פרסקו 220ג' מצונן,"פרסקו חצבה 2006 בע""מ",IL,צ'ימצ'ורי,גרמים,220.00,100 גרם,false,,15.90,0.0723,true,1,2163240
7290005938245,false,ממרח פסטו קלאסי פרסקו 220ג' מצונן,מיוצר עי פרסקו חצבה,IL,פסטו קלאסי,גרמים,220.00,100 גרם,false,,15.90,0.0723,true,1,2163241
7290005938610,false,טפנד זיתים ירוקים 22,פרסקו חצבה,IL,טפנד זיתים ירוקים,גרמים,220.00,100 גרם,false,,15.90,0.0723,true,1,2163243
7290005946554,false,לבבות קיסר בנספק,,,לבבות קיסר,יחידה,0.00,יחידה,false,,8.90,0.0000,true,1,1374334
7290005946578,false,חסה מיקס שטופה 250 ג,,,חסה מיקס שטופה 250 ג,גרמים,250.00,100 גרם,false,,8.90,0.0356,true,1,1374335
7290005946745,false,עלי חסה שטופים,,,עלי חסה שטופים,גרמים,300.00,100 גרם,false,,7.90,0.0263,true,1,1374336
7290005992018,false,"יוגורט עיזים לשתיה 3% 500 מ""ל רובין","מיוצר ע""י קוד יצרן M",IL,יוגורט עיזים 3% 1/2 ליטר,מיליליטרים,500.00,"100 מ""ל",false,,12.90,0.0258,true,1,1366794
7290005992247,false,"גבינה חלומי גד ק""ג.",מחלבות גד,IL,"חלומי מוסדי ק""ג שקיל",קילוגרמים,1.00,"ק""ג",true,,89.00,89.0000,true,1,1366797
7290005992735,false,לאבנה טבעית 5% 250 גר' - רבנות,הנסיך- מפעל לייצור ט,IL,לאבנה 5% 250 גרם,גרמים,250.00,100 גרם,false,,11.90,0.0476,true,1,1366804
7290005992964,false,גבינת פטה כבשים במשק,גדישון,IL,"פטה כבשים דלי 4 ק""ג",קילוגרמים,1.00,"ק""ג",true,,99.00,99.0000,true,1,1366813
7290005996078,false,סלמי סרוולט הונגרי 1,מעדני יחיעם,IL,סלמי סרוולט הונגרי,גרמים,125.00,100 גרם,false,,22.90,0.1832,true,1,2301184
7290005996238,false,פסטרמה בדבש דק דק 120 גרם,מעדני יחיעם,IL,פסטרמה בדבש דק דק,גרמים,120.00,100 גרם,false,,14.90,0.1242,true,1,2242838
7290005996276,false,פסטרמה ברביקיו דק דק 120 גרם,מעדני יחיעם,IL,פסטרמה ברביקיו דק דק,גרמים,120.00,100 גרם,false,,14.90,0.1242,true,1,2242839
7290006131034,false,פילה נסיכת הנילוס פר,,,פילה נסיכת הנילוס פר,קילוגרמים,1.00,"ק""ג",true,,64.90,64.9000,true,1,1348538
7290006131102,false,דג הליבוט פרוס במגש,,,דג הליבוט פרוס במגש,קילוגרמים,1.00,"ק""ג",true,,64.90,64.9000,true,1,1348540
7290006131119,false,דג הליבוט מקולף פרוס,,,דג הליבוט מקולף פרוס,קילוגרמים,1.00,"ק""ג",true,,69.90,69.9000,true,1,1348541
7290006131447,false,דגי מקרל,,,דגי מקרל,קילוגרמים,1.00,"ק""ג",true,,21.90,21.9000,true,1,1412334
7290006131560,false,סרדינים ארוזים,,,סרדינים ארוזים,קילוגרמים,1.00,"ק""ג",true,,21.90,21.9000,true,1,2327571
7290006199027,false,מאגדת גלידל וניל מצופה סורבה תות שדה [8],הגלידות של פלדמן,IL,שלגוני גלידל שמינייה,גרמים,600.00,100 גרם,false,,29.90,0.0498,true,1,1373610
7290006199218,false,מאגדת גלידל אייס מוקה 8 יח דיאט,הגלידות של פלדמן,IL,שלגוני גלידל 8 יח קפ,גרמים,400.00,100 גרם,false,,29.90,0.0747,true,1,1373612
7290006229427,false,שישיית מים מינרלים סאן בנדטו 500 מל,סן בנדטו,,מים סאן בנדטו 6X 500,מיליליטרים,3000.00,"100 מ""ל",false,,11.90,0.0040,true,1,1362849
7290006235220,false,דר פישר קידס מגבונים 30יח TO GO דיספנסר,"ד""ר פישר Dr fischer",IL,'30 יח TO-GO קידס מגבונים,יח',30.00,יח',false,,5.90,0.1967,true,1,1390563
7290006235244,false,קמיל בלו משחת צמחי מרפא פסטה לתינוק 100 ג',"ד""ר פישר Dr fischer",IL,'קמיל בלו צמחי מרפא פסטה,גרמים,100.00,100 גרם,false,,19.90,0.1990,true,1,1390565
7290006241214,false,שקד טבעי קלית גת 200 ג',הדקלאים אגודת שיתופי,IL,שקד טבעי בשקית,גרמים,200.00,100 גרם,false,,15.90,0.0795,true,1,1933053
7290006241504,false,פריגת תפוזים קפוא 345 גרם,פריגת מצוננים,IL,תפוזים 340,גרמים,280.00,100 גרם,false,,9.90,0.0354,true,1,1367427
7290006241511,false,"פריגת קפוא לימון נענע 280 מ""ל",היינץ צפון אמריקה מק,IL,לימונענע 340,גרמים,280.00,100 גרם,false,,9.90,0.0354,true,1,1367428
7290006241689,false,פריז לימון קפוא 340 גרם,היינץ צפון אמריקה מק,IL,לימון 340,גרמים,280.00,100 גרם,false,,9.90,0.0354,true,1,1367430
7290006251107,false,תה ויסוצקי צ'אי מסאלה 25 יח',מולינו ניקולי s.p.a,IL,צ'אי מסאלה,גרמים,50.00,100 גרם,false,,14.90,0.2980,true,1,1378157
7290006251268,false,תה ירוק תפוח וקינמון 25 שקיקים 1.5 גר,תה ויסוצקי,IL,תה ירוק תפוח וקינמון,גרמים,37.50,100 גרם,false,,22.90,0.6107,true,1,1378158
7290006251275,false,תה ירוק סיני 25 שקיקים של 1.5 ג,תה ויסוצקי,IL,תה ירוק סיני קלאסי,גרמים,37.50,100 גרם,false,,22.90,0.6107,true,1,1378159
7290006251282,false,ניפלאות הקרנברי 25 שקיקים גן קסום,תה ויסוצקי,IL,חליטת חמוציות,גרמים,75.00,100 גרם,false,,16.90,0.2253,true,1,1378160
7290006251343,false,תה חליטה הגן הקסום פסיפלורה מנגו 25 שקיקים,תה ויסוצקי,IL,חליטת פסיפלורה- מנגו,גרמים,62.50,100 גרם,false,,16.90,0.2704,true,1,1378161
7290006251374,false,תה ירוק לימונית וגינגר 25 שקיקים ויסוצקי,תה ויסוצקי,IL,תה ירוק לימונית וגינגר,גרמים,37.50,100 גרם,false,,22.90,0.6107,true,1,1378162
7290006251589,false,תה ירוק עם עלי נענע 50 שקיקים ויסוצקי,בית ויסוצקי,IL,תה ירוק נענע,גרמים,75.00,100 גרם,false,,39.90,0.5320,true,1,1378163
7290006265548,false,נבטים סינים מרינה ארוז 360ג',"מרינה פטריות הגליל בע""מ",IL,נבטים סיניים,יח',1.00,יח',false,,4.90,4.9000,true,1,1368027
7290006271174,false,ג'חנון לאפיה בתנור מעדנות 700 ג',מיוצר עי קונדיטוריית,IL,גחנון בצק 700גר מעדנות,גרמים,700.00,100 גרם,false,,16.90,0.0241,true,1,1379387
7290006271181,false,מעדנות גחנון אפוי 750 גרם,מיוצר עי קונדיטוריית,IL,גחנון אפוי 750גר מעדנות,גרמים,750.00,100 גרם,false,,22.90,0.0305,true,1,1379388
7290006271655,false,מיני בורקס גבינה מוזל מעדנות,מיוצר עי קונדיטוריית,IL,מיני בורקס גבינה 800 גרם,גרמים,800.00,100 גרם,false,,24.90,0.0311,true,1,1379395
7290006272072,false,חטיפי פיצה בשקית מעדנות 650ג',"מעדנות בע""מ",IL,ריבועי פיצה.,גרמים,650.00,100 גרם,false,,29.90,0.0460,true,1,1379398
7290006272430,false,בצק עלים חמאה מעדנות 600 ג',מיוצר עי קונדיטוריית,IL,בצק עלים חמאה 600גר,גרמים,600.00,100 גרם,false,,27.90,0.0465,true,1,1379399
7290006287106,false,"נטורל - ווקס לשיער לעיצוב אלסטי 120 מ""ל",General,,ווקס לשיער אלסטי נטו,מיליליטרים,120.00,"100 מ""ל",false,,24.90,0.2075,true,1,1383274
7290006306319,false,רביולי במילוי בטטה 400 ג' פסטה נונה,דורום תעשיות מזון ופ,IL,רביולי במילוי בטטה,גרמים,400.00,100 גרם,false,,21.90,0.0547,true,1,1379026
7290006306340,false,ניוקי תפוחי אדמה 400 ג',דורום תעשיות מזון ופ,IL,ניוקי תפוח אדמה,גרמים,400.00,100 גרם,false,,17.90,0.0447,true,1,1379029
7290006336453,false,"זיתים"" כפרי ובית",,,"זיתים"" כפרי ובית",קילוגרמים,1.00,"ק""ג",true,,49.00,49.0000,true,1,1373735
7290006342089,false,גרעין שחור 200 גרם ששון הקולה,"דין שיווק וקלייה בע""",IL,גרעין שחור 200 גרם,גרמים,200.00,100 גרם,false,,5.90,0.0295,true,1,1366439
7290006342584,false,אגוזי מלך קלופים 300,דין שיווק,,אגוזי מלך קלופים 300,גרמים,300.00,100 גרם,false,,22.90,0.0763,true,1,1366441
7290006342591,false,גרעיני דלעת קלויים 2,דין שיווק,,גרעיני דלעת קלויים 2,גרמים,200.00,100 גרם,false,,7.90,0.0395,true,1,1366442
7290006374615,false,מזון מלכות מרוכז במיוחד 5.8% 340גר,יד מרדכי,IL,"מ""מ בדבש 340 (5.8%)",גרמים,340.00,100 גרם,false,,36.90,0.1085,true,1,1381374
7290006374653,false,דבש לייט מופחת קלוריות יד מרדכי 350 ג',שטראוס גרופ,IL,דש-לייט 350 גרם,גרמים,350.00,100 גרם,false,,24.90,0.0711,true,1,1381375
7290006374660,false,שמן זית כתית מעולה 1 ל' יד מרדכי,מכוורת יד מרדכי שטרא,IL,שמן זית 2 קלאסי 1 ליטר,ליטרים,1.00,ליטר,false,,42.90,42.9000,true,1,1381376
7290006374684,false,יד מרדכי שמן זית כתית מעולה 500מל,מכוורת יד מרדכי שטרא,IL,"שמן זית 2 קלאסי 500 מ""ל",מיליליטרים,500.00,"100 מ""ל",false,,24.90,0.0498,true,1,1381377
7290006374738,false,קונפיטורת יד מרדכי תות 340 גרם,אף.סי תבליני בגליל ב,IL,קונפיטורת תות 340 גרם,גרמים,340.00,100 גרם,false,,12.90,0.0379,true,1,1381379
7290006429506,false,חצאי אפרסקים 820 גרם טעמן,,IL,אפרסק 820 גרם,גרמים,820.00,100 גרם,false,,7.90,0.0096,true,1,1372224
7290006492432,false,גבינת מוצרלה בייבי 18% 300 ג' גד,מחלבות גד בעמ,IL,מוצרלה בייבי 150 גרם,גרמים,150.00,100 גרם,false,,12.90,0.0860,true,1,1366819
7290006492630,false,גליל גד עז 22% 180 גרם - רבנות,מחלבות גד בעמ,IL,גליל גד עז 180 גרם,גרמים,180.00,100 גרם,false,,21.90,0.1217,true,1,1366823
7290006492647,false,גד מטבעות גבינת עיזים 22% 150 ג',"מיוצר ע""י קוד יצרן t",IL,מטבעות גבינת עיזים 150 גר,גרמים,150.00,100 גרם,false,,22.90,0.1527,true,1,1366824
7290006492685,false,לאבנה עיזים 5% 250 גרם - רובין,מחלבות גד בעמ,IL,לאבנה 5% עיזים 250 גרם,גרמים,250.00,100 גרם,false,,16.90,0.0676,true,1,1366825
7290006492852,false,גבינת עיזים למריחה 5% שומן 250 ג' גד,מחלבות גד,IL,גבינה למריחה 5% עיזים 250,גרמים,250.00,100 גרם,false,,15.90,0.0636,true,1,1366826
7290006492913,false,ציזיקי לבנה למריחה בתוספת שום שמיר,מחלבות גד בעמ,IL,גבינה צ'זקי 250 גרם,גרמים,250.00,100 גרם,false,,14.90,0.0596,true,1,1366828
7290006494917,false,טוסו וופל קלאסי במילוי שוקולד 200 גרם,"איטיליאן פוד, אס.פי.",IL,טוסו ופל קלאסי בטעם שוקול,גרמים,200.00,100 גרם,false,,9.90,0.0495,true,1,1391801
7290006511157,false,"פטריות שלמות ויליפוד 400 גרם בד""ץ",אוקצ'מפס אס.איי אויי,PL,פטריות שלם 400גרם בד'צ,גרמים,400.00,100 גרם,false,,7.90,0.0198,true,1,1347757
7290006511683,false,פולי סויה מאנצ`ו קפוא 454 ג' וילפוד,קו.אל.טי.די.קיאוניונ,CN,פולי סויה קפואים 454גרם(מ,גרמים,454.00,100 גרם,false,,8.90,0.0196,true,1,1347761
7290006511904,false,גבינת אדם כדורים במשקל,ברגלנדמיל,AT,גבינת אדם כדורים (שקיל) ח,קילוגרמים,1.00,"ק""ג",true,,59.00,59.0000,true,1,1347766
7290006546012,false,שעועית בנוסח מקסיקני בטעם חריף 580 ג' פרי הגליל,"פרי הגליל בע""""מ",IL,צ'לי חריף בנוסח מקסיקני 5,גרמים,580.00,100 גרם,false,,6.90,0.0119,true,1,1386025
7290006546371,false,במיה 600 ג' פרי הגליל,פרי הגליל,IL,במיה 600פג,גרמים,600.00,100 גרם,false,,14.90,0.0248,true,1,1386030
7290006546388,false,תחתיות ארטישוק קפוא פרי הגליל 400ג',"פרי הגליל בע""""מ",IL,ת.ארטישוק 400פג,גרמים,400.00,100 גרם,false,,19.90,0.0497,true,1,1386031
7290006546395,false,לקט העונה 800 ג' פרי הגליל,"פרי הגליל בע""""מ",IL,לקט העונה 800פג,גרמים,800.00,100 גרם,false,,12.90,0.0161,true,1,1386032
7290006546500,false,צ'יפס בזיג זג 800 ג' פרי הגליל,פרי הגליל,IL,צ'יפס זיגזג 800פג,גרמים,800.00,100 גרם,false,,9.90,0.0124,true,1,1386034
7290006546517,false,צי'פס סטייק קפוא פרי הגליל 800 ג',פרי הגליל,IL,סטייק צ'יפס 800פג רבנות,גרמים,800.00,100 גרם,false,,9.90,0.0124,true,1,1386035
7290006546524,false,צי'פס מובחר קפוא פרי גליל 800 ג',פרי הגליל,IL,צ'יפס מובחר 800פג,גרמים,800.00,100 גרם,false,,9.90,0.0124,true,1,1386036
7290006546999,false,לקט למרק פרי הגליל 800 ג',פרי הגליל בעמ,IL,לקט למרק 800פג,גרמים,800.00,100 גרם,false,,9.90,0.0124,true,1,1386047
7290006567048,false,קוסקוס ישראלי מפתול אסם 350ג',"מיוצר ע""י קוד יצרן K",IL,אסם פתיתי קוסקוס ישראלי 3,גרמים,350.00,100 גרם,false,,6.90,0.0197,true,1,1344594
7290006582355,false,סילאן שקדיה 900 גרם,טעמי הגליל,IL,סילאן 900 גרם,גרמים,900.00,100 גרם,false,,12.90,0.0143,true,1,1389115
7290006582621,false,פירורי לחם פנקו מוזה,דין שיווק,,פירורי לחם פנקו מוזה,גרמים,300.00,100 גרם,false,,4.90,0.0163,true,1,1366447
7290006618078,false,"אסטוניש מרסס ניקוי יסודי 750 מ""ל",יעקובי אסטוניש,GB,אסטוניש מרסס-למטבח,מיליליטרים,750.00,"100 מ""ל",false,,11.90,0.0159,true,1,1364504
7290006618085,false,"אסטוניש - מרסס לחדר האמבט עם אקונומיקה 750 מ""ל",יעקובי אסטוניש,GB,אסטוניש מרסס כחול-לאמבט,מיליליטרים,750.00,"100 מ""ל",false,,11.90,0.0159,true,1,1364505
7290006624321,false,קוואס סטוליצני,,,קוואס סטוליצני,ליטרים,2.00,0000000000000000ליטר,false,,4.90,2.4500,true,1,1412341
7290006651730,false,"ד""ר פישר - אלכוג'ל מגבונים לשמירת היגייניית הידיים 20 יח'","ד""ר פישר Dr fischer",IL,20 אלכוויפס מגבונים לשמיר,יח',20.00,יח',false,,15.90,0.7950,true,1,1390578
7290006652027,false,מארז במבה יום הולדת 15X20 גרם,מיוצר עי קונדיטוריית,IL,במבה אריזת תינוק 15 גרם מ,גרמים,300.00,100 גרם,false,,24.90,0.0830,true,1,1344598
7290006653765,false,פסטה פרפקטו פטוציני 500ג' אסם,אסם פרפקטו,IT,פרפקטו פטוצ'יני 500 גרם,גרמים,500.00,100 גרם,false,,6.90,0.0138,true,1,1344601
7290006653819,false,פתיתי קוסקוס דק 350 גרם,"מיוצר ע""י קוד יצרן K",IL,אסם קוסקוס דק 350 גרם,גרמים,350.00,100 גרם,false,,6.90,0.0197,true,1,1344602
7290006660602,false,מי קוקוס אורגני גרין קוקו קרטונית 1 ליטר,תות תעשיות מזון (201,PH,מי קוקוס אורגני 1 לי,ליטרים,1.00,ליטר,false,,17.90,17.9000,true,1,2214355
7290006664402,false,גבינה 5% שומן 750 ג' שטראוס,מיוצר עי קונדיטוריית,IL,סקי% 5 750 גרם,גרמים,750.00,100 גרם,false,,14.10,0.0188,true,1,1380690
7290006664532,false,יוגורט עם תות 3% שומן 150 ג' דנונה,מיוצר עי קונדיטוריית,IL,דנונה תות 3%,גרמים,150.00,100 גרם,false,,3.40,0.0227,true,1,1380691
7290006664655,false,"אקטימל לבן טבעי מארז 100X8 מ""ל",מיוצר עי קונדיטוריית,IL,אקטימל טבעי שמיניה,גרמים,864.00,100 גרם,false,,19.90,0.0230,true,1,1380693
7290006664693,false,יוגורט עם אפרסק 3% שומן 150 ג' דנונה,מיוצר עי קונדיטוריית,IL,דנונה אפרסק 3%,גרמים,150.00,100 גרם,false,,3.40,0.0227,true,1,1380694
7290006664990,false,דנונה ביו מארז חיסכון 1.5% 8 יח' *150 ג',מיוצר עי קונדיטוריית,IL,מארז דנונה שמינייה 1.7% ח,גרמים,1200.00,100 גרם,false,,15.90,0.0133,true,1,1380696
7290006666307,false,חומוס אורגינל סלטי מ,סלטי משני,,חומוס סלטי משני,גרמים,300.00,100 גרם,false,,12.90,0.0430,true,1,2247047
7290006666314,false,סלט טחינה משומשום טהור,סלטי משני,,סלט טחינה סלטי משני,גרמים,300.00,100 גרם,false,,12.90,0.0430,true,1,2247048
7290006666338,false,סלט טחינה ירוקה עם פטרוזיליה,סלטי משני,,טחינה ירוקה סלטי משנ,גרמים,300.00,100 גרם,false,,13.90,0.0463,true,1,2247060
7290006666369,false,סלט חצילים יווני אמיתי על האש,משני,,סלט חצילים יווני סלט,גרמים,300.00,100 גרם,false,,19.90,0.0663,true,1,2247063
7290006666376,false,סלט חצילים אמיתי רומני על האש,משני,,חציל רומני סלטי משני,גרמים,300.00,100 גרם,false,,19.90,0.0663,true,1,2247064
7290006666383,false,סלט חצילים בסגנון ספ,,,סלט חצילים בסגנון ספ,גרמים,300.00,100 גרם,false,,19.90,0.0663,true,1,2247065
7290006666420,false,סלט כרוב קולסלאו בסגנון אמריקאי,סלטי משני,,קולסלו כרוב אמריקאי,גרמים,300.00,100 גרם,false,,14.90,0.0497,true,1,2247068
7290006666437,false,סלט טורקי סלטי משני,סלטי משני,,סלט טורקי סלטי משני,גרמים,300.00,100 גרם,false,,16.90,0.0563,true,1,2247069
7290006666444,false,סלט עגבניות מטבוחה חריף,סלטי משני,,סלט מטבוחה סלטי משני,גרמים,300.00,100 גרם,false,,19.90,0.0663,true,1,2247070
7290006666451,false,סלט עגבניות סלסה חריף,סלטי משני,,סלסה סלטי משני,גרמים,300.00,100 גרם,false,,19.90,0.0663,true,1,2247082
7290006666468,false,סלט גזר חריף במיץ לימון,סלטי משני,,גזר בלימון סלטי משני,גרמים,300.00,100 גרם,false,,19.90,0.0663,true,1,2247083
7290006666475,false,סלט תפוחי אדמה במיונז,סלטי משני,,"תפו""א רוסי סלטי משני",גרמים,300.00,100 גרם,false,,14.90,0.0497,true,1,2247097
7290006666499,false,סלט טונה לבנה ברוטב 300 גר,סלטי משני,,סלט טונה לבנה סלטי מ,גרמים,300.00,100 גרם,false,,26.90,0.0897,true,1,2247091
7290006666529,false,סלט פלפלים מרוקאי חריף,סלטי משני,,פלפל מרוקאי סלטי משנ,גרמים,300.00,100 גרם,false,,19.90,0.0663,true,1,2247085
7290006666543,false,סלט קוביות סלק משני,סלטי משני,,סלק סלטי משני,גרמים,300.00,100 גרם,false,,16.90,0.0563,true,1,2247072
7290006666567,false,חציל בנוסח מרוקאי 300 גר,סלטי משני,,חציל מרוקאי סלטי משנ,גרמים,300.00,100 גרם,false,,22.90,0.0763,true,1,2249987
7290006666574,false,חומוס מסעדות בתוספת לימון,משני,,חומוס אבו זוהר סלטי,גרמים,300.00,100 גרם,false,,12.90,0.0430,true,1,2247073
7290006666628,false,סלט ביצים סלטי משני,סלטי משני,,סלט ביצים סלטי משני,גרמים,300.00,100 גרם,false,,29.90,0.0997,true,1,2248252
7290006666826,false,סחוג ירוק סלט פלפלים,סלטי משני,,סחוג ירוק סלטי משני,גרמים,150.00,100 גרם,false,,12.90,0.0860,true,1,2247052
7290006666833,false,סחוג אדום סלט פלפלים,סלטי משני,,סחוג אדום סלטי משני,גרמים,150.00,100 גרם,false,,12.90,0.0860,true,1,2247053
7290006666840,false,עריסה ביתית סלט פלפלים,משני,,עריסה ביתית סלטי משנ,גרמים,150.00,100 גרם,false,,12.90,0.0860,true,1,2247054
7290006681553,false,מארז קרמבו וניל שטראוס 8 יח',"גלידת שטראוס בע""מ",IL,קרמבו 1/8 וניל,גרמים,200.00,100 גרם,false,,13.90,0.0695,true,1,1375882
7290006681560,false,מארז קרמבו מוקה שטראוס 8 יח',"גלידת שטראוס בע""מ",IL,קרמבו 1/8 מוקה,גרמים,200.00,100 גרם,false,,13.90,0.0695,true,1,1375883
7290006712981,false,"קולגייט משחת שיניים סמיילס לגילאי 6 50 מ""ל",הנסיך- מפעל לייצור ט,PL,קולגייט משחת ילדים 6+ ספי,מיליליטרים,50.00,"100 מ""ל",false,,12.90,0.2580,true,1,1377544
7290006739292,false,נקניק פסטרמה פרגיות ציפוי תירס,זוגלובק,IL,פסטרמה תבור,גרמים,330.00,100 גרם,false,,29.90,0.0906,true,1,1361595
7290006739346,false,נקניקיות פרגיות טרי 400 גרם זוגלובק,זוגלובק,IL,נקניקיות פרגיות 400,גרמים,400.00,100 גרם,false,,12.90,0.0323,true,1,1361596
7290006739407,false,שניצל תירס לייט 630 ג' זוגלובק,זוגלובק,IL,שניצל תירס לייט 630,גרמים,630.00,100 גרם,false,,29.90,0.0475,true,1,1361597
7290006739414,false,סלמי קוניאק 300 ג' זוגלובק,זוגלובק,IL,נקניק קוניאק,גרמים,300.00,100 גרם,false,,29.90,0.0997,true,1,1361598
7290006739445,false,שניצל תירס קלאסי 750 ג' זוגלובק,זוגלובק,IL,שניצל תירס קלאסי 750,גרמים,750.00,100 גרם,false,,29.90,0.0399,true,1,1361600
7290006739544,false,כתף בקר 300 ג' זוגלובק,זוגלובק,IL,כתף בקר 300 גרם,גרמים,300.00,100 גרם,false,,29.90,0.0997,true,1,1361601
7290006742278,false,פסטרמה הודו צלויה על לבנים 330 ג' זוגלובק,זוגלובק,IL,פסטרממיה צלויה על לב,גרמים,330.00,100 גרם,false,,29.90,0.0906,true,1,1361620
7290006764485,false,"בירה נשר מאלט שחורה מארז 330X6מ""ל",טמפו 7.5%,IL,שישייה נשר מאלט 330,ליטרים,1.98,ליטר,false,,26.90,13.5859,true,1,1362852
7290006765451,false,פיסטוק קלוי ענק 250,דין שיווק,,פיסטוק קלוי ענק 250,גרמים,250.00,100 גרם,false,,19.90,0.0796,true,1,1366451
7290006765468,false,שקד קלוי ענק 250 גרם,דין שיווק,,שקד קלוי ענק 250 גרם,גרמים,250.00,100 גרם,false,,29.90,0.1196,true,1,1366452
7290006765482,false,קשיו קלוי ענק 250 גר,דין שיווק,,קשיו קלוי ענק 250 גר,גרמים,250.00,100 גרם,false,,19.90,0.0796,true,1,1366454
7290006770561,false,לקט לקוסקוס פרי הגליל 800ג',פרי הגליל,IL,לקט לקוסקוס 800פג,גרמים,800.00,100 גרם,false,,12.90,0.0161,true,1,1386055
7290006775016,false,עוגה מבית טוב 450 גרם תפוז,אחדות ביחר לטחינה חל,IL,עוגת תפוז 450 גרם,גרמים,450.00,100 גרם,false,,9.90,0.0220,true,1,1345610
7290006775023,false,"עוגה מבית טוב"" 450 גרם אנגלית",אחדות ביחר לטחינה חל,IL,עוגה אנגלית 450 גרם,גרמים,450.00,100 גרם,false,,9.90,0.0220,true,1,1345611
7290006775030,false,"עוגה מבית טוב"" 450 גרם שוקו-ציפס",אחדות ביחר לטחינה חל,IL,עוגת שוקו ציפס 450 גרם,גרמים,450.00,100 גרם,false,,9.90,0.0220,true,1,1345612
7290006775047,false,"עוגה מבית טוב"" 450 גרם שוקולד",אחדות ביחר לטחינה חל,IL,עוגה בטעם שוקולד 450 גרם,גרמים,450.00,100 גרם,false,,9.90,0.0220,true,1,1345613
7290006775054,false,עוגת שיש אחווה 450 ג' אחוה,אחדות ביחר לטחינה חל,IL,עוגת שיש 450 גרם,גרמים,450.00,100 גרם,false,,9.90,0.0220,true,1,1345614
7290006775085,false,עוגת שמרים במילוי שוקולד 400גר,אחדות ביחר לטחינה חל,IL,עוגת שמרים במילוי קרם בטע,גרמים,400.00,100 גרם,false,,10.90,0.0273,true,1,2221803
7290006775337,false,עוגת שמרים פרג 400 ג אחוה,אחדות ביחר לטחינה חל,IL,עוגת שמרים פרג 400 גרם,גרמים,400.00,100 גרם,false,,10.90,0.0273,true,1,2221804
7290006775344,false,עוגת שמרים קינמון ואגוזי מלך 400 גרם,אחדות ביחר לטחינה חל,IL,עוגת שמרים במילוי קרם קינ,גרמים,400.00,100 גרם,false,,10.90,0.0273,true,1,1345621
7290006775764,false,"עוגת שוקוצ'יפס לל""ס אחדות 400 גר'",אחדות ביחר לטחינה חל,IL,עוגת שוקוצ'יפס ללא תוספת,גרמים,400.00,100 גרם,false,,10.90,0.0273,true,1,1345625
7290006775795,false,"עוגת תפו""ע אחוה במילוי עדין 450'","אחדות ביח""ר לטחינה ח",IL,עוגת תפוח עץ עם מילוי מע,גרמים,450.00,100 גרם,false,,10.90,0.0242,true,1,2221813
7290006788375,false,קרליין דאודורנט סטיק נושם ורוד,אמיליה קוסמטיקס,IL,דאו.קרליין סטיק נושם פיור,מיליליטרים,50.00,"100 מ""ל",false,,16.90,0.3380,true,1,1383299
7290006788429,false,"קרליין - נושם סאן רייס דאודורנט רול און לאישה כתום 75 מ""ל","אמיליה קוסמטיקס בע""מ",IL,דאו.קרליין רולאון נושם סנ,מיליליטרים,75.00,"100 מ""ל",false,,12.90,0.1720,true,1,1383304
7290006788436,false,"קרליין - נושם פיור דאודורנט רול און לאישה ורוד 75 מ""ל",משווק: קוסמופארם בעמ,IL,דאו.קרליין רולאון נושם פי,מיליליטרים,75.00,"100 מ""ל",false,,12.90,0.1720,true,1,1383305
7290006788450,false,"קרליין - נושם סנסטיב דאודורנט ספריי לאישה ירוק 200 מ""ל",מיוצר עי : אמיליה קו,IL,דאו.קרליין ספריי סנסטיב 2,מיליליטרים,200.00,"100 מ""ל",false,,12.90,0.0645,true,1,1383307
7290006788467,false,"קרליין - נושם אקטיב דאודורנט ספריי לאישה בורדו 200 מ""ל","אמיליה קוסמטיקס בע""מ",IL,דאו.קרליין ספרי אקטיב 200,מיליליטרים,200.00,"100 מ""ל",false,,12.90,0.0645,true,1,1383308
7290006788474,false,"קרליין - נושם אקווה דאודורנט ספריי לאישה כחול 200 מ""ל",אמיליה קוסמטיקס,IL,דאו.קרליין ספריי אקווה 20,גרמים,75.00,100 גרם,false,,12.90,0.1720,true,1,1383309
7290006788559,false,"טיטניום ICE דאודורנט תרסיס ספריי 180 מ""ל",טיטניום,,טיטניום בלו דיאודורנ,מיליליטרים,180.00,"100 מ""ל",false,,14.90,0.0828,true,1,1383314
7290006788924,false,"דאודורנט ספריי 175 מ""ל ME",,,דאודורנט תרסיס CAREL,מיליליטרים,175.00,"100 מ""ל",false,,19.90,0.1137,true,1,1383319
7290006789648,false,קרליין קרם לחות לשיער יבש 400 גרם,"אמיליה קוסמטיקס בע""מ",IL,"קרם ""10"" לשיער יבש 400מל",מיליליטרים,400.00,"100 מ""ל",false,,16.90,0.0422,true,1,1383334
7290006791870,false,"נטורל - ג'ל שיער לעיצוב חזק 500 מ""ל","אמיליה קוסמטיקס בע""מ",IL,ג'ל שיער לעיצוב חזק500מל,מיליליטרים,500.00,"100 מ""ל",false,,19.90,0.0398,true,1,1383352
7290006805355,false,תערובת להכנת כדורי שוקולד פילסברי 500ג',הדקלאים אגודת שיתופי,IL,תערובת להכנת כדורי שוקולד,גרמים,500.00,100 גרם,false,,19.90,0.0398,true,1,1365286
7290006805850,false,תערובת להכנת פנקייק פילסבורי 500 גר,הדקלאים אגודת שיתופי,IL,תערובת להכנת פנקייק.,גרמים,500.00,100 גרם,false,,19.90,0.0398,true,1,1365287
7290006822192,false,מיץ חמוציות דיאט אושן ספריי 1 ליטר,מבשלות בירה בינלאומי,IL,פריגת דיאטאושןספריחמוציות,ליטרים,1.00,ליטר,false,,11.90,11.9000,true,1,1373945
7290006855183,false,ברבריא חטיף תמרים שומשום אגוז מלך 30*4,טבעית מוצרים מן הטבע,IL,ברבריא חטיף בר תמרים אגוז,גרמים,120.00,100 גרם,false,,15.90,0.1325,true,1,1344606
7290006855190,false,חטיף תמרים ואגוזי מלך עם בננה ללא תוספת סוכר,טבעית מוצרים מן הטבע,,חטיף בר תמרים בננה 4,גרמים,120.00,100 גרם,false,,15.90,0.1325,true,1,2243259
7290006855244,false,ברבריא חטיף אגוזים שקדים וצימוקים 30*4,טבעית מוצרים מן הטבע,IL,ברבריא חטיף בר אגוזים שקד,גרמים,108.00,100 גרם,false,,15.90,0.1472,true,1,1344608
7290006855251,false,חטיף קשיו חמוציות וסילאן ברבריא 4*30 ג',טבעית מוצרים מן הטבע,IL,ברבריא חטיף בר קשיו אגוזי,גרמים,108.00,100 גרם,false,,15.90,0.1472,true,1,1344609
7290006866363,false,אשכוליות אדומות טבעי סחוט 1 ל פרימור,"גניר (1992) בע""מ",IL,%100 מיץ אשכוליות אדומות,ליטרים,1.00,ליטר,false,,15.90,15.9000,true,1,1380697
7290006875365,false,סלט פיטריות חמות,,,סלט פיטריות חמות,קילוגרמים,1.00,"ק""ג",true,,49.00,49.0000,true,1,1387921
7290006900081,false,סופר מיקס נספק,,,סופר מיקס נספק,גרמים,170.00,100 גרם,false,,6.90,0.0406,true,1,1400049
7290006900227,false,מיקס חסה נספק,,,מיקס חסה נספק,גרמים,120.00,100 גרם,false,,6.90,0.0575,true,1,1400057
7290006900418,false,לבבות קיסר בנספק,,,לבבות נספק,יחידה,0.00,יחידה,false,,9.90,0.0000,true,1,1400066
7290006900425,false,לבבות קיסר בשקית,,,לבבות קיסר שקית,יחידה,0.00,יחידה,false,,9.90,0.0000,true,1,1400067
7290006983152,false,קרוטונים מתובלים למרק 400 ג' אסם,עינת תעשיות מזון אגו,IL,קרוטונים מתובלים למרק ולס,גרמים,400.00,100 גרם,false,,18.90,0.0472,true,1,1344611
7290006983176,false,אוסם - לחמית שיפון 250 גרם,"אסם תעשיות בע""מ",IL,לחמית שיפון 230 גרם,גרמים,230.00,100 גרם,false,,7.90,0.0343,true,1,1344612
7290006983206,false,תערובת להכנת פלפל קלי קלות 180 גרם,"אסם תעשיות בע""מ",IL,אסם פלאפל בקלי קלות 180 ג,גרמים,180.00,100 גרם,false,,8.90,0.0494,true,1,1344613
7290006983527,false,עוגת הבית תפוחי עץ עם פירורים 400 ג' אסם,מיוצר עי קונדיטוריית,IL,אסם הבית עוגת תפוחים פירו,גרמים,400.00,100 גרם,false,,15.90,0.0398,true,1,1344615
7290006983763,false,עוגת הבית שוקולד 400 גרם אסם.,מיוצר עי קונדיטוריית,IL,אסם הבית עוגה בטעם שוקולד,גרמים,400.00,100 גרם,false,,12.90,0.0323,true,1,1344616
7290006983770,false,עוגת הבית שיש 400 ג' אסם,מיוצר עי קונדיטוריית,IL,אסם הבית עוגת שיש 400גרם,גרמים,400.00,100 גרם,false,,12.90,0.0323,true,1,1344617
7290006983787,false,עוגת הבית שוקוציפס 400 גרם אסם,מיוצר עי קונדיטוריית,IL,אסם הבית עוגת שוקולד צי'פ,גרמים,400.00,100 גרם,false,,12.90,0.0323,true,1,1344618
7290006983794,false,עוגת הבית תפוז 400 ג' אסם,מיוצר עי קונדיטוריית,IL,אסם הבית עוגה בטעם תפוז,גרמים,400.00,100 גרם,false,,12.90,0.0323,true,1,1344619
7290006992161,false,מטרנה - דייסת קורנפלור פרוביוטי 200 גרם,מולינו ניקולי s.p.a,IL,אבקה להכנת דייסת קורנפלור,גרמים,200.00,100 גרם,false,,14.90,0.0745,true,1,1344621
7290006992185,false,"מטרנה - דייסת אורז פרוביוטי כשל""פ 200 גרם",מולינו ניקולי s.p.a,IL,אבקה להכנת דייסת אורז מטר,גרמים,200.00,100 גרם,false,,14.90,0.0745,true,1,1344623
7290006992192,false,מטרנה דייסלה סולת 200 גרם,מטרנה,IL,אבקה להכנת דייסת סולת מט,גרמים,200.00,100 גרם,false,,14.90,0.0745,true,1,1344624
7290006992208,false,מטרנה דייסלה דגנים מעורבים 200 גרם,מטרנה תעשיות ש.מ,IL,אבקה להכנת דייסת דגנים מע,גרמים,200.00,100 גרם,false,,14.90,0.0745,true,1,1344625
7290006992390,false,"מטרנה - דייסת וניל פרוביוטי כשל""פ 200 גרם",מולינו ניקולי s.p.a,IL,אבקה להכנת דייסת קורנפלור,גרמים,200.00,100 גרם,false,,14.90,0.0745,true,1,1344627
7290008000246,false,"פמינה - שטיפה אינטימית מועשר באלוורה 220 מ""ל",פמינה,IL,"פמינה פרש אלוורה 220 מ""ל",מיליליטרים,220.00,"100 מ""ל",false,,24.90,0.1132,true,1,1385253
7290008000796,false,"כצט - סופרמן משחת שיניים לילדים 50 מ""ל",כצט נוביס,IL,משחת שיניים סופרמן-כצט,מיליליטרים,50.00,"100 מ""ל",false,,11.90,0.2380,true,1,1385258
7290008000826,false,משחת שיניים לילדים כצט ברבי 50 מל,כצט נוביס,IL,"משחת שיניים ברבי 50 מ""ל",גרמים,50.00,100 גרם,false,,11.90,0.2380,true,1,1385259
7290008104036,false,"לקטופיל - תחליב סבון טיפולי 500 מ""ל",פמינה,IL,לקטופיל תחליב סבון טיפולי,מיליליטרים,500.00,"100 מ""ל",false,,34.90,0.0698,true,1,1385263
7290008104050,false,"פמינה - שטיפה אינטימית קלאסית 220 מ""ל",כצט נוביס סעמ,IL,"פמינה קלאסיק 220 מ""ל",מיליליטרים,220.00,"100 מ""ל",false,,19.90,0.0905,true,1,1385264
7290008116565,false,ליסטרין שטיפת פה פרש 500 מל,ג'ונסון אנד ג'ונסון,IT,מי פה ליסטרין פרש 50,מיליליטרים,500.00,"100 מ""ל",false,,19.90,0.0398,true,1,1345456
7290008154222,false,שניצלונים עוף טוב 700 גרם,מוצרי עוף טוב (2001),IL,עוף טוב שניצלונים בציפוי,גרמים,700.00,100 גרם,false,,19.90,0.0284,true,1,1344628
7290008175210,false,גבינת פרמזן מגורדת 90ג' ויליפוד,זנטי אס.איי.,IT,פרמז'נו מגורדת 90גרם (כ/ל,גרמים,90.00,100 גרם,false,,14.90,0.1656,true,1,1347771
7290008175814,false,וילי פוד פטריות שמפיניון חתוך בדץ 400ג,"אוקצ'מפ אס, איי אויי",PL,פטריות חתוך 400גרם- בד'צ,גרמים,400.00,100 גרם,false,,4.90,0.0123,true,1,1347778
7290008190909,false,מיני קוקיס שוקו-צ''יפס כרמית 600ג',כרמית תעשיות ממתקים,IL,כרמית מיני קוקיס שוקו ציפ,גרמים,600.00,100 גרם,false,,18.90,0.0315,true,1,1377555
7290008190985,false,כרמית לקקן גלידה 50יח,כרמית תעשיות ממתקים,IL,כרמית לקקן גלידה 50יח' כש,גרמים,450.00,100 גרם,false,,18.90,0.0420,true,1,1377556
7290008194266,false,מארזים מתוקים א.אטיא,ממתקי השלום,IL,מארזים מתוקים א.אטיא,גרמים,350.00,100 גרם,false,,14.90,0.0426,true,1,2300423
7290008194839,false,מארז מצופים א.אטיאס,ממתקי השלום,IL,מארז מצופים א.אטיאס,גרמים,300.00,100 גרם,false,,14.90,0.0497,true,1,2300432
7290008294003,false,יין יוגב רוסאן מרסאן,בנימינה Binyamina,IL,יוגב קברנה סובניון שיראז,מיליליטרים,750.00,"100 מ""ל",false,,39.90,0.0532,true,1,1386103
7290008318518,false,L.L ספרי דאודורנט 187 מל,General,,דאו לאבליין ספרי,מיליליטרים,187.00,"100 מ""ל",false,,19.90,0.1064,true,1,1366640
7290008330381,false,בדין דפים למייבש כביסה ורוד 40 יח',יוניליוור,US,Badin Tumble Drier Sheet,יח',40.00,יח',false,,18.90,0.4725,true,1,1380177
7290008343466,false,בצק פילו 500 גרם שלושת האופים,שלושת האופים שגמור,IL,בצק פילו 500 גר',גרמים,500.00,100 גרם,false,,14.90,0.0298,true,1,1368451
7290008343503,false,גחנון אפוי 650 גר' שלושת האופים קהילות,שלושת האופים,IL,ג'חנון אפוי 650 גרם,גרמים,650.00,100 גרם,false,,15.90,0.0245,true,1,2163259
7290008343510,false,ג'חנון מיני אפוי למיקרו 3 האופים 650 ג',שלושת האופים ירכא,IL,מיני ג'חנון אפוי 650,גרמים,650.00,100 גרם,false,,19.90,0.0306,true,1,2163260
7290008345576,false,סלט איקרה ביתית לבנה 300 גרם דלידג,כלורוקס אוקלנד,IL,איקרה ביתית לבנה 300,גרמים,300.00,100 גרם,false,,19.90,0.0663,true,1,2220951
7290008345583,false,איקרה ביתית ורוד 300 גרם דלידג,כלורוקס אוקלנד,IL,איקרה ביתית ורוד 300,גרמים,300.00,100 גרם,false,,19.90,0.0663,true,1,2220952
7290008347730,false,סלמון מעושן הילטון ב,דלידג ק.מלאכי,,פילה סלמון מעושן,קילוגרמים,1.00,"ק""ג",true,,199.00,199.0000,true,1,1440741
7290008403238,false,גבינת ברי איסיני במש,איסיני סנט מור,FR,"גבינה ברי איסני ק""ג",קילוגרמים,1.00,"ק""ג",true,,120.00,120.0000,true,1,1599404
7290008409049,false,מאמא עוףמיני שניצלים בציפוי שומשום 500 ג,תנובה גליל שותפות מו,IL,שניצלונים מיני דק דק,גרמים,500.00,100 גרם,false,,27.90,0.0558,true,1,1379406
7290008409100,false,אצבעות שניצל בציפוי שומשום מאמא עוף 700 גרם,תנובה גליל שותפות מו,IL,אצבעות שניצל בציפוי,גרמים,700.00,100 גרם,false,,34.90,0.0499,true,1,1379409
7290008409124,false,מאמא עוף קפוא שניצל ג'ונגל פריך 700 גרם,תנובה גליל שותפות מו,IL,שניצל ג'ונגל מאמאעוף,גרמים,700.00,100 גרם,false,,32.90,0.0470,true,1,1379411
7290008409216,false,מאמא עוף קפוא שניצל דק פריך 700 גרם,תנובה גליל,IL,שניצל דק דק פריך מאמ,גרמים,700.00,100 גרם,false,,39.90,0.0570,true,1,1379412
7290008409223,false,שניצל דק מתובל 700 גר מאמא עוף,תנובה גליל שותפות מו,IL,שניצל דק דק מתובל מא,גרמים,700.00,100 גרם,false,,39.90,0.0570,true,1,1379413
7290008409315,false,מיני מיני דק שניצלונים בציפוי פריך מאמא עוף 500 ג',תנובה גליל,IL,שניצלונים מיני דק דק,גרמים,500.00,100 גרם,false,,27.90,0.0558,true,1,1379416
7290008409407,false,שניצל דק ציפס מאמא עוף 700 ג',תנובה גליל שותפות מו,IL,שניצל דק דק צ'יפס מא,גרמים,700.00,100 גרם,false,,39.90,0.0570,true,1,1379420
7290008409551,false,שניצל עוף אמיתי בציפוי מעודן 700 ג' מאמא עוף,תנובה גליל שותפות מו,IL,חזה עוף בציפוי מעודן,גרמים,700.00,100 גרם,false,,42.90,0.0613,true,1,1379427
7290008409582,false,שניצל אמיתי בציפוי ביתי מאמא עוף 700 ג',תנובה גליל שותפות מו,IL,חזה עוף בציפוי ביתי,גרמים,700.00,100 גרם,false,,42.90,0.0613,true,1,1379430
7290008415071,false,חומוס צבר עם טחינה עגול 150ג',לחמנו,IL,צבר חומוס עם טחינה 150 גר,גרמים,150.00,100 גרם,false,,4.90,0.0327,true,1,1344631
7290008415514,false,חומוס צבר עם חריף עגול 150ג',לחמנו,IL,צבר חומוס עם חריף 150 גרם,גרמים,150.00,100 גרם,false,,4.90,0.0327,true,1,1344632
7290008417228,false,תבלין על האש,נווה תבלין,,תבלין על האש,קילוגרמים,1.00,"ק""ג",true,,39.00,39.0000,true,1,1392467
7290008423014,false,פלפל שחור גרוס פרג 1,תבליני הדור השלישי,IL,פלפל שחור,גרמים,100.00,100 גרם,false,,13.90,0.1390,true,1,2361791
7290008423045,false,תבלין לקציצות פרג 10,תבליני הדור השלישי,IL,תבלין קציצות,גרמים,100.00,100 גרם,false,,13.90,0.1390,true,1,1373410
7290008423052,false,ממרח עגבניות מיובשות בשמן זית 250גר,תבליני הדור השלישי,IL,עגבניות מיובשות בשמן,גרמים,250.00,100 גרם,false,,14.90,0.0596,true,1,1373411
7290008423243,false,מלח שולחן הים האדום,מלח הארץ,IL,מלח הים האדום דק,גרמים,650.00,100 גרם,false,,7.90,0.0122,true,1,1373416
7290008423250,false,מלח גס הים האדום 630,מלח הארץ,IL,מלח גס,גרמים,630.00,100 גרם,false,,7.90,0.0125,true,1,2361889
7290008443616,false,"מרכך לשיער יבש אדום 750 מ""ל נקה 7","אמיליה קוסמטיקס בע""מ",IL,מרכך נקה 7 לשיר יבש 750מ,מיליליטרים,750.00,"100 מ""ל",false,,11.90,0.0159,true,1,1383386
7290008443630,false,"נקה 7 - שמפו מתולתל סגול 750 מ""ל","אמיליה קוסמטיקס בע""מ",IL,שמפו נקה7 שיער מתולתל750,מיליליטרים,750.00,"100 מ""ל",false,,11.90,0.0159,true,1,1383388
7290008443647,false,"מרכך לשיער מתולתל סגול, 750 מ""ל נקה 7","אמיליה קוסמטיקס בע""מ",IL,מרכך נקה7 שיער מתולתל750,מיליליטרים,750.00,"100 מ""ל",false,,11.90,0.0159,true,1,1383389
7290008461283,false,גבינה טריפל צדר נני,דאוליי צ'סמייקרס,AO,צ'דר טריפל*200 גרם,גרמים,200.00,100 גרם,false,,20.90,0.1045,true,1,1600224
7290008462204,false,חרדל דיזיון מקורי 380 גרם,יוניליבר צרפת,FR,חרדל דז'ון מקורי MAI,גרמים,380.00,100 גרם,false,,14.90,0.0392,true,1,1612677
7290008462259,false,חרדל דיזיון גרגירים 345 גרם,יוניליוור צרפת,FR,חרדל דיז'ון גרגירים,גרמים,380.00,100 גרם,false,,16.90,0.0445,true,1,1612678
7290008464109,false,בירה גולדסטאר לא מסונן מארז 6X330מ:ל,"טמפו משקאות בע""מ",IL,בירה גולדסטאר לא מסו,מיליליטרים,330.00,"100 מ""ל",false,,8.90,0.0270,true,1,1362859
7290008464130,false,"שישיית בירה גולדסטאר 330 מ""ל UNFILTERED",טמפו,IL,שישייה בירה גולדסטאר,ליטרים,1.98,ליטר,false,,39.90,20.1515,true,1,1362860
7290008464222,false,"בירה מכבי 7.9% פחית 500 מ""ל","טמפו משקאות בע""מ",IL,בירה מכבי 7.9 פחית 5,מיליליטרים,500.00,"100 מ""ל",false,,9.90,0.0198,true,1,1415082
7290008464345,false,"בירה גולדסטאר בקבוק 330 מ""ל",פארייפאבה אגרואינדוס,IL,בירה גולדסטאר בקבוק,מיליליטרים,330.00,"100 מ""ל",false,,6.90,0.0209,true,1,1403004
7290008464369,false,"פפסי קולה פחית 330 מ""ל",,,פחית פפסי קולה 330 מ,מיליליטרים,330.00,"100 מ""ל",false,,3.50,0.0106,true,1,1362864
7290008464376,false,"מרינדה תפוז פחית 330 מ""ל",,,"פחית מירנדה 330 מ""ל",מיליליטרים,330.00,"100 מ""ל",false,,3.50,0.0106,true,1,1362865
7290008464383,false,"פחית סבן אפ 330 מ""ל",,,"פחית סבן אפ 330 מ""ל",מיליליטרים,330.00,"100 מ""ל",false,,3.50,0.0106,true,1,1362866
7290008464390,false,"פחית דיאט סבן אפ 330 מ""ל",,,פחית סבן אפ דיאט 330,מיליליטרים,330.00,"100 מ""ל",false,,3.50,0.0106,true,1,1362867
7290008464406,false,פפסי מקס פחית להחזרה,"טמפו משקאות בע""מ",IL,"פחית פפסי מקס 330 מ""",מיליליטרים,330.00,"100 מ""ל",false,,3.50,0.0106,true,1,1362868
7290008464604,false,"בירה היינקן פחית 500מ""ל",טמפו משקאות בע''מ,NL,"היינקן פחית 500 מ""ל.",מיליליטרים,500.00,"100 מ""ל",false,,11.90,0.0238,true,1,1362873
7290008464611,false,"סודה טמפו בקבוק זכוכית 275 מ""ל",טמפו משקאות בעמ,IL,סודה טמפו,מיליליטרים,275.00,"100 מ""ל",false,,3.90,0.0142,true,1,1944208
7290008464628,false,"סודה ביטר לימון 275 מ""ל","טמפו משקאות בע""מ",IL,סודה ביטר לימון 275מ,מיליליטרים,275.00,"100 מ""ל",false,,4.50,0.0164,true,1,1942102
7290008464635,false,"מי טוניק בקבוק 275 מ""ל",טמפו משקאות בעמ,IL,"מי טוניק 275 מ""ל",מיליליטרים,275.00,"100 מ""ל",false,,4.50,0.0164,true,1,1942103
7290008464642,false,"סודה גינגר אייל 275 מ""ל","טמפו משקאות בע""מ",IL,משקה ג'ינג'ר אייל 27,מיליליטרים,275.00,"100 מ""ל",false,,4.50,0.0164,true,1,1942104
7290008464697,false,"שישיית בירה מכבי 7.9% 330 מ""ל",טמפו,IL,שישיית בירה מכבי 7.9,ליטרים,1.98,ליטר,false,,25.00,12.6263,true,1,1362874
7290008464741,false,"שישייית בירה גולדסטאר כהה 330X6 מ""ל",גולדסטאר,IL,שישייה בירה גולדסטאר,ליטרים,1.98,ליטר,false,,25.00,12.6263,true,1,1362876
7290008464796,false,"בירה היינקין ח""פ בקבוק 330X6מ""ל",היינקן,IL,הייניקן שישייה 330 מ,ליטרים,1.98,ליטר,false,,32.90,16.6162,true,1,1362877
7290008469760,false,שריר בקר מס.8 קפוא,,,שריר בקר מס.8 קפוא,קילוגרמים,1.00,"ק""ג",true,,49.90,49.9000,true,1,2334283
7290008470759,false,מסטיק אורביט ספירמינט מארז שמינייה,אורביט,FR,מסטיק אורביט שמניות,גרמים,104.00,100 גרם,false,,14.90,0.1433,true,1,1375615
7290008473057,false,מגבונים קמיל בלו טו גו שקית 3*30 יח,"ד""ר פישר Dr fischer",IL,קמיל בלו סנסטיב מגבונים 3,יח',90.00,יח',false,,15.90,0.1767,true,1,1390579
7290008482486,false,אבקת אינסטנט להכנת מלאבי פרווה 112ג' נאמן,,,"מלאבי 112 ג""ר.",גרמים,112.00,100 גרם,false,,6.90,0.0616,true,1,1368542
7290008482561,false,פודינג אינסטנט,,,פודינג אינסטנט,גרמים,85.00,100 גרם,false,,4.90,0.0576,true,1,1368544
7290008482592,false,אינסטנט ג'לי תות,,,אינסטנט ג'לי תות,גרמים,85.00,100 גרם,false,,4.90,0.0576,true,1,1368547
7290008493413,false,פירורי גריסיני קלאסי מאיר בייגל 200 גרם,מאיר בייגל,IL,פירורי גריסיני 200 ג,גרמים,200.00,100 גרם,false,,5.90,0.0295,true,1,1345820
7290008493710,false,פירורי גריסיני זהב מאיר בייגל 200 גרם,מאיר בייגל,IL,פירורי גריסיני 200 ג,גרמים,200.00,100 גרם,false,,5.90,0.0295,true,1,1345829
7290008634700,false,כפפות XL לטקס עם איבוק עדין 100 יח- SAFE TOUCH,סייף טאצ,TH,כפפות לאטקס XL,יח',100.00,יח',false,,29.90,0.2990,true,1,2242825
7290008636209,false,תבלין כורכום 300גרם,מיה תעשיות מזון בעמ,IL,כורכום 300גרם,גרמים,300.00,100 גרם,false,,19.90,0.0663,true,1,1372966
7290008636650,false,קמח מצה מיה 500 גרם,מיה תעשיות מזון,IL,קמח מצה 500גרם,גרמים,500.00,100 גרם,false,,6.90,0.0138,true,1,1372972
7290008636919,false,קקאו הולנדי שקית 250גרם מיה,מיה תעשיות מזון,IL,קקאו הולנדי 250גרם בשקית,גרמים,250.00,100 גרם,false,,10.90,0.0436,true,1,1372975
7290008636926,false,קקאו הולנדי 500גרם מיה,מיה תעשיות מזון,IL,קקאו הולנדי 500גרם בשקית,גרמים,500.00,100 גרם,false,,16.90,0.0338,true,1,1372976
7290008636933,false,אגוזי מלך גרוסים 100 גר' מיה,מיה תעשיות מזון,IL,אגוזי מלך גרוסים 100גרם,גרמים,100.00,100 גרם,false,,10.90,0.1090,true,1,1372977
7290008644112,false,סלט מטבוחה יום יום אחלה 125 ג',"שטראוס גרופ בע""מ",IL,מטבוחה יום יום 125 גר',גרמים,125.00,100 גרם,false,,4.50,0.0360,true,1,1380699
7290008644235,false,עלי בייבי 120 גר' שטראוס,שטראוס בריאות ירקות,IL,עלי בייבי 120 ג ירקות שטר,גרמים,120.00,100 גרם,false,,9.90,0.0825,true,1,1380700
7290008644945,false,סלט המושבה שטופים שט,שטראוס בריאות ירקות,IL,סלט המושבה 450 ג ירקות שט,גרמים,450.00,100 גרם,false,,11.90,0.0264,true,1,1380703
7290008645935,false,חומוס לניגוב אחלה 750 ג',"שטראוס גרופ בע""מ",IL,חומוס 750 מ. כתומה,גרמים,750.00,100 גרם,false,,9.90,0.0132,true,1,1380706
7290008690713,false,פריגת אושן ספריי חמוציות 1ל',מבשלות בירה בינלאומי,IL,פריגתאושןספרי חמוציות1ליט,ליטרים,1.00,ליטר,false,,11.90,11.9000,true,1,1373954
7290008693134,false,מעדן גבינה ויוגורט בטעם תות 5% שומן 88 ג' דניאלה,"שטראוס בריאות בע""מ",IL,דניאלה תות,גרמים,88.00,100 גרם,false,,3.90,0.0443,true,1,1380707
7290008745239,false,תפוציפס אקסטרא טבעי 50 גרם,"שטראוס פריטו ליי בע""",IL,תפו קראנצ טבעי 50,גרמים,50.00,100 גרם,false,,3.90,0.0780,true,1,1382018
7290008747547,false,תפוציפס קראנץ טבעי 200 גרם,"שטראוס פריטו ליי בע""",IL,תפו קראנצ טבעי 200,גרמים,200.00,100 גרם,false,,9.90,0.0495,true,1,1382020
7290008750264,false,מסטיק מאסט LL פליפ.דובדבן מגדים 28 גר,"שטראוס גרופ בע""מ",IL,MUST LL פליפ. דובדבן,גרמים,28.00,100 גרם,false,,3.90,0.1393,true,1,1381389
7290008752244,false,תפוצ'יפס אקסטרא גריל 50 גרם,"שטראוס פריטו ליי בע""",IL,תפו קראנצ גריל 50,גרמים,50.00,100 גרם,false,,3.90,0.0780,true,1,1382022
7290008753111,false,תפוציפס אקסטרא מקסיקני 50 סטרים,"שטראוס פריטו ליי בע""",IL,תפו קראנצ מקסיקני 50,גרמים,50.00,100 גרם,false,,3.90,0.0780,true,1,1382024
7290008754040,false,ממרח פרה שוקולד 850 גר - מגדים,שטראוס גרופ,IL,ממרח פרה 850 מגדים/6יח'/8,גרמים,850.00,100 גרם,false,,15.90,0.0187,true,1,1381397
7290008754415,false,גומי מאסט בטעם ספירמינט עדין פליפטופ 28 ג' עלית,"שטראוס גרופ בע""מ",IL,כשלפ מסטיק MUST ספירמינט,גרמים,28.00,100 גרם,false,,3.90,0.1393,true,1,1381398
7290008754422,false,גומי מאסט בטעם פפרמינט קלאסי פליפטופ 28 ג' עלית,"שטראוס גרופ בע""מ",IL,Must LL קלאסי פפרמינט,גרמים,28.00,100 גרם,false,,3.90,0.1393,true,1,1381399
7290008775816,false,ערגליות שוקו חדש12*300גרם 2020,מיוצר עי קונדיטוריית,IL,אסם ערגליות שוקו 300גרם,גרמים,300.00,100 גרם,false,,9.90,0.0330,true,1,1344636
7290008775823,false,אסם ערגליות תות שדה 300 גרם,מיוצר עי קונדיטוריית,IL,אסם ערגליות תות 300גרם,גרמים,300.00,100 גרם,false,,9.90,0.0330,true,1,1344637
7290008775892,false,פסטה פרפקטו לינגוויני (11) 500 גרם,אסם פרפקטו,IT,פרפקטו לינגוויני 500 גרם,גרמים,500.00,100 גרם,false,,6.90,0.0138,true,1,1344638
7290008801010,false,"יין קברנה סוביניון מרלו פרייוט קולקשן 750 מ""ל",אגודת הכורמים הקאופו,IL,יין קברנה / מרלו,מיליליטרים,750.00,"100 מ""ל",false,,38.90,0.0519,true,1,1347243
7290008801089,false,"קברנה סוביניון אדום יבש 375 מ""ל",יקבי כרמל,IL,קברנה סוביניון,מיליליטרים,375.00,"100 מ""ל",false,,20.20,0.0539,true,1,2229891
7290008801461,false,"יין הנצחון לקידוש, 750 מ""ל",יקבי כרמל Carmel Winery,,יין הנצחון,מיליליטרים,750.00,"100 מ""ל",false,,18.90,0.0252,true,1,2134391
7290008801539,false,כרמל קינג דיוויד מתוק כרמל 750 מל,אגודת הכורמים הקואופ,IL,יין כרמל,מיליליטרים,750.00,"100 מ""ל",false,,18.90,0.0252,true,1,1347252
7290008801546,false,"יין קינג דויד מוסקט מתוק לבן 750 מ""ל",אגודת הכורמים הקואופ,IL,יין מוסקט מתוק,מיליליטרים,750.00,"100 מ""ל",false,,18.90,0.0252,true,1,1807343
7290008802291,false,"יין מרלו פרייוט קולקשן 750 מ""ל",אגודת הכורמים הקואופ,IL,יין מרלו,מיליליטרים,750.00,"100 מ""ל",false,,38.90,0.0519,true,1,1347256
7290008804332,false,שיראז אדום יבש פריווט קולקשיין 750מל,אגודת הכורמים הקואופ,IL,יין שיראז,מיליליטרים,750.00,"100 מ""ל",false,,38.90,0.0519,true,1,1347267
7290008804462,false,מוסקט קינוח לבן 500 מל,אגודת הכורמים הקואופ,IL,יין מוסקט קינוח,מיליליטרים,500.00,"100 מ""ל",false,,38.90,0.0778,true,1,1347271
7290008805049,false,סלקטד זינפנדל כרמל מזרחי 750 מל,"כד בני דרום בע""מ",IL,יין רוזה חצי יבש,מיליליטרים,750.00,"100 מ""ל",false,,29.90,0.0399,true,1,1347276
7290008805384,false,סלקטד מוסקטו לבן מבעבע 750 מל 2016,אגודת הכורמים הקואופ,IL,יין מוסקטו סלקטד,מיליליטרים,750.00,"100 מ""ל",false,,29.90,0.0399,true,1,1347277
7290008807012,false,"יין טבע מוסקט חצי יבש 750 מ""ל",בנימינה Binyamina,IL,טבע מוסקט חצי יבש N,מיליליטרים,750.00,"100 מ""ל",false,,24.90,0.0332,true,1,1386098
7290008807067,false,"יין טבע מרלו 750 מ""ל",יקבי בינימינה,IL,טבע מרלו N 750,מיליליטרים,750.00,"100 מ""ל",false,,24.90,0.0332,true,1,1386101
7290008807289,false,יין קיסריה,בנימינה Binyamina,IL,קיסריה יין אדום מתוק 750מ,מיליליטרים,750.00,"100 מ""ל",false,,14.90,0.0199,true,1,1386107
7290008807487,false,יין יוגב קברנה סובינ,יקבי בנימינה,,יין יוגב קברנה סובינ,מיליליטרים,750.00,"100 מ""ל",false,,39.90,0.0532,true,1,1386115
7290008807494,false,יוגב בלד ארומטי 2008,בנימינה Binyamina,IL,יוגב ארומטי 2014,מיליליטרים,750.00,"100 מ""ל",false,,39.90,0.0532,true,1,1386116
7290008834117,false,סטייק אנטריקוט טרי,,,סטייק אנטריקוט טרי,קילוגרמים,1.00,"ק""ג",true,,129.00,129.0000,true,1,1382915
7290008834551,false,חזה עוף עם נקיון,,,חזה עוף עם נקיון,קילוגרמים,1.00,"ק""ג",true,,39.90,39.9000,true,1,1382922
7290008834674,false,טחון טרי עם כבש,,,טחון טרי עם כבש,קילוגרמים,1.00,"ק""ג",true,,89.90,89.9000,true,1,1382925
7290008834704,false,אוסובוקו עגל טרי,,,אוסובוקו עגל טרי,קילוגרמים,1.00,"ק""ג",true,,59.90,59.9000,true,1,1382926
7290008834711,false,פילה מדומה טרי,,,פילה מדומה טרי,קילוגרמים,1.00,"ק""ג",true,,59.90,59.9000,true,1,1382927
7290008834759,false,צוואר טרי,,,צוואר טרי,קילוגרמים,1.00,"ק""ג",true,,69.00,69.0000,true,1,1382931
7290008834766,false,בקר טחון טרי,,,בקר טחון טרי,קילוגרמים,1.00,"ק""ג",true,,59.90,59.9000,true,1,1382932
7290008834834,false,טחון עוף,,,טחון עוף,קילוגרמים,1.00,"ק""ג",true,,34.90,34.9000,true,1,1382936
7290008834841,false,חזה הודו טחון,,,חזה הודו טחון,קילוגרמים,1.00,"ק""ג",true,,44.90,44.9000,true,1,1382937
7290008834865,false,ריאות עגל טרי,,,ריאות עגל טרי,קילוגרמים,1.00,"ק""ג",true,,29.90,29.9000,true,1,1382939
7290008834889,false,בשר ראש טרי,,,בשר ראש טרי,קילוגרמים,1.00,"ק""ג",true,,69.90,69.9000,true,1,1382941
7290008834902,false,זנב עגל טרי,,,זנב עגל טרי,קילוגרמים,1.00,"ק""ג",true,,69.00,69.0000,true,1,1382943
7290008835831,false,פרגיות קוביות,,,פרגיות קוביות,קילוגרמים,1.00,"ק""ג",true,,79.90,79.9000,true,1,1382946
7290008835879,false,בשר צלעות טרי,,,בשר צלעות טרי,קילוגרמים,1.00,"ק""ג",true,,79.90,79.9000,true,1,1382947
7290008849470,false,ממרח פלפל ציומה אוליביה 190 גר,אוליביה גורמה בעמ,IL,פלפל צומה 185 ג,גרמים,185.00,100 גרם,false,,12.90,0.0697,true,1,1348086
7290008849586,false,רוטב ריבת בצל לעוף אוליביה 310 גר,אוליביה,IL,רוטב לעוף ריבת בצל,גרמים,310.00,100 גרם,false,,12.90,0.0416,true,1,1348090
7290008849777,false,אוליביה רוטב צילי מתוק 350 גרם,אוליביה,IL,רוטב צ'ילי מתוק,גרמים,290.00,100 גרם,false,,12.90,0.0445,true,1,1348095
7290008849838,false,טפנד זיתים אוליביה 190 גר',"אוליביה גורמה בע""מ",IL,טפנד זיתים-אוליביה,גרמים,180.00,100 גרם,false,,9.90,0.0550,true,1,1921322
7290008909761,false,"קרלסברג בקבוק יחיד 330מ""ל",מבשלות בירה בינלאומי,IL,בירה קרלסברג בקבוק 3,מיליליטרים,330.00,"100 מ""ל",false,,6.90,0.0209,true,1,1373964
7290008909853,false,קוקה קולה זירו בקבוק 500מל,פארייפאבה אגרואינדוס,IL,קולה ZERO בקבוק 500 מל,מיליליטרים,500.00,"100 מ""ל",false,,6.90,0.0138,true,1,1373965
7290008909884,false,"קוקה קולה זירו 350 מ""ל בקבוק זכוכית",החברה המרכזית לייצור,IL,קולה זירו קלאסי 350,מיליליטרים,350.00,"100 מ""ל",false,,5.90,0.0169,true,1,1373968
7290008975551,false,מטרנה מהדרין חסכון שלב 3 700 גרם,מולינו ניקולי s.p.a,IL,תרכובת מזון המשך לפעוטות,גרמים,700.00,100 גרם,false,,59.90,0.0856,true,1,1344645
7290008989091,false,פירכיות אורז מארז 100X3ג',"בטר אנד דיפרנט בע""מ",IL,פריכיות שלישיות אריזת חסכ,גרמים,310.00,100 גרם,false,,11.90,0.0384,true,1,1386971
7290008989282,false,שמן פשתן 250 גר',בטר אנד דיפרנט B&D,IL,"שמן פשתן 250 מ""ל",גרמים,250.00,100 גרם,false,,19.90,0.0796,true,1,1386973
7290008989473,false,ממרח חרובים טעם שוקו' 350ג' בי&די,"בטר אנד דיפרנט בע""מ",IL,ממרח חרובים בטעם שוקולד 3,גרמים,350.00,100 גרם,false,,12.90,0.0369,true,1,1386977
7290008989848,false,חמאת בוטנים קרנצ'י 350 גר',בטר אנד דיפרנט B&D,IL,חמאת בוטנים קרנצ'ית 350 ג,גרמים,350.00,100 גרם,false,,12.90,0.0369,true,1,1386987
7290010023141,false,תה לימונענע הגן הקסום 25 שיקיקים,תה ויסוצקי,IL,חליטת לימונענע,גרמים,55.00,100 גרם,false,,16.90,0.3073,true,1,1378183
7290010023622,false,תה קלאסי בנגיעות נענע 100 גרם,תה ויסוצקי,IL,תה ויסוצקי קלאסי בנגיעות,גרמים,100.00,100 גרם,false,,19.90,0.1990,true,1,1378185
7290010023943,false,חליטה מצמח הרויבוש Red tea בטעם קינמון ווניל,מולינו ניקולי s.p.a,IL,רויבוש קינמון וניל,גרמים,50.00,100 גרם,false,,24.90,0.4980,true,1,1378188
7290010045051,false,עוגיות מלבן שקדים 200 גרם לחמי,קונדטוריות לחמי,IL,עוגיות מלבן שקדים,גרמים,200.00,100 גרם,false,,18.90,0.0945,true,1,1378192
7290010045068,false,עוגיות הנסיכה 250 גרם לחמי,קונדטוריות לחמי,IL,עוגיות נסיכה,גרמים,250.00,100 גרם,false,,18.90,0.0756,true,1,1378193
7290010065271,false,פרינוק - מחית תפוחי עץ 130 גרם,פרינוק,CZ,מחית תפ'ע 130 גר' ירוק,גרמים,130.00,100 גרם,false,,4.90,0.0377,true,1,1348138
7290010065295,false,פרינוק - מחית תפוחי עץ ובננה 130 גרם,פרינוק,CZ,מחית תפ'ע+בננה 130ג'ירוק,גרמים,130.00,100 גרם,false,,4.90,0.0377,true,1,1348140
7290010065301,false,פרינוק - מחית סלט פירות 130 גרם,פרינוק,CZ,מחית סלט פירות 130ג'ירוק,גרמים,130.00,100 גרם,false,,4.90,0.0377,true,1,1348141
7290010065318,false,פרינוק - ג'וניור תפוחי עץ 190 גרם,פרוטה פודווין איי.אס,CZ,ג'וניור תפ'ע 190 ג' אדום,גרמים,190.00,100 גרם,false,,5.90,0.0311,true,1,1348142
7290010065332,false,פרינוק - ג'וניור פתוחי עץ ובננה 190 גרם,פרוטה פודווין איי.אס,CZ,ג'וניור תפ'ע בננה 190 ג',גרמים,190.00,100 גרם,false,,5.90,0.0311,true,1,1348144
7290010065349,false,פרינוק גרבר גוניור סלט פירות 190 גר',פרוטה פודווין איי.אס,CZ,ג'וניור סלט פירות 190 ג',גרמים,190.00,100 גרם,false,,5.90,0.0311,true,1,1348145
7290010065721,false,פרינוק - מחית לפתן פירות 130 גרם,פרינוק,CZ,מחית לפתן פירות 130 ג' יר,גרמים,130.00,100 גרם,false,,4.90,0.0377,true,1,1348150
7290010116980,false,אבקת שוקולית שקית עלית 850 ג',הנסיך- מפעל לייצור ט,IL,שוקולית 850 גרם 6 יח,גרמים,850.00,100 גרם,false,,18.90,0.0222,true,1,1381435
7290010117864,false,דוריטוס בטעם חריף אש 70 גרם,שטראוס פריטו ליי (מל,IL,דוריטוס חריף אש 70 גרם,גרמים,70.00,100 גרם,false,,3.50,0.0500,true,1,1382037
7290010117970,false,סבבה בוטנים קלויים מצופים - אריזה אישית,"שטראוס פריטו ליי בע""",IL,בוטנים סבבה עלית טבע,גרמים,50.00,100 גרם,false,,2.00,0.0400,true,1,1382038
7290010118328,false,מארז תפוצ'יפס בטעם טבעי,שטראוס פריטו ליי (מל,IL,מארז תפוציפס 240*6ג/1מארז,גרמים,240.00,100 גרם,false,,12.90,0.0538,true,1,1382040
7290010119240,false,מארז תפוצ'יפס בטעם טבעי 12 יחידות,שטראוס פריטו ליי (מל,IL,מארז תפוציפס1 /12*18מארז/,גרמים,216.00,100 גרם,false,,16.90,0.0782,true,1,1382041
7290010153541,false,שיבולת שועל קוואקר מהיר הכנה מיה 500 גר',מיה תעשיות מזון,IL,קווקר מהיר הכנה 500גרם,גרמים,500.00,100 גרם,false,,6.90,0.0138,true,1,1372988
7290010153688,false,"חומץ טבעי מיה 1 ליטר בד""צ",פרידמן תעשיות חומץ ו,IL,חומץ טבעי 1ליטר בד''ץ,ליטרים,1.00,ליטר,false,,6.90,6.9000,true,1,1372989
7290010153770,false,ציפוי לשניצל פיקנטי מיה 500 גר',מיה תעשיות מזון,IL,ציפוי לשניצל פיקנטי 500גר,גרמים,500.00,100 גרם,false,,9.90,0.0198,true,1,1372994
7290010153787,false,ציפוי לשניצל עם שום מיה 500 גר',מיה תעשיות מזון,IL,ציפוי לשניצל עם שום 500גר,גרמים,500.00,100 גרם,false,,9.90,0.0198,true,1,1372995
7290010153794,false,ציפוי לשניצל עם עשבי תיבול מיה 500 גר',מיה תעשיות מזון,IL,ציפוי לשניצל עם עשבי תיבו,גרמים,500.00,100 גרם,false,,9.90,0.0198,true,1,1372996
7290010153800,false,ציפוי לשניצל עם תיבול עדין מיה 500 גר',מיה תעשיות מזון,IL,ציפוי לשניצל עם תיבול עדי,גרמים,500.00,100 גרם,false,,9.90,0.0198,true,1,1372997
7290010153817,false,ממרח ריבת חלב 400 גרם מיה,מיה תעשיות מזון בעמ,IL,ריבת חלב בד''ץ,גרמים,400.00,100 גרם,false,,10.90,0.0273,true,1,1372998
7290010153855,false,פפריקה מרוקאית בשמן 300גרם צנצנת,מיה תעשיות מזון בעמ,IL,פפריקה מרוקאית בשמן 300גר,גרמים,300.00,100 גרם,false,,19.90,0.0663,true,1,1373001
7290010153978,false,קונפיטורה שזיפים מיה 340 גר',מיה תעשיות מזון בעמ,IL,קונפיטורה שזיפים 340גרם,גרמים,340.00,100 גרם,false,,12.90,0.0379,true,1,1373005
7290010154418,false,סחוג אדום ביטון 130 גר',תבליני יוחאי ביטון,IL,סחוג אדום 130 גרם,יחידה,0.00,יחידה,false,,7.90,0.0000,true,1,2082229
7290010154425,false,סחוג ירוק ביטון 130 גר',תבליני יוחאי ביטון,IL,סחוג ירוק 130 גרם,יחידה,0.00,יחידה,false,,7.90,0.0000,true,1,2082230
7290010154548,false,ממרח שום טבעי 225 גר' מעדני ביטון,תבליני יוחאי ביטון,IL,ממרח שום ביטון יוחאי,גרמים,235.00,100 גרם,false,,12.90,0.0549,true,1,2082231
7290010154555,false,ממרח לימון כבוש 250 גר' מעדני ביטון!,תבליני יוחאי ביטון,IL,ממרח לימון כבוש 250ג,גרמים,250.00,100 גרם,false,,12.90,0.0516,true,1,2082232
7290010154678,false,אריסה מרוקאית ביטון 250 ג' ביטון,תבליני יוחאי ביטון,IL,אריסה בטעם ביתי ביטו,גרמים,250.00,100 גרם,false,,12.90,0.0516,true,1,2082233
7290010154685,false,סלט שום כתוש 250 ג' ביטון יוחאי,תבליני יוחאי ביטון,IL,סלט שום כתוש 250 גרם,גרמים,250.00,100 גרם,false,,12.90,0.0516,true,1,2082234
7290010175239,false,ממרח שוקולד טעמן 400 גר',,,ממרח שוקולד 400 גרם,גרמים,400.00,100 גרם,false,,6.90,0.0173,true,1,1372228
7290010175291,false,קקאו הולנדי לאפייה ולהכנת משקה,טעמן,,קקאו הולנדי 500 גרם,גרמים,500.00,100 גרם,false,,19.90,0.0398,true,1,1372229
7290010175826,false,חמאת בוטנים עם שברי בוטנים 510 גר',ניצה אס סיי,AR,חמאת בוטנים עם שברי,גרמים,510.00,100 גרם,false,,10.90,0.0214,true,1,1372236
7290010175857,false,פרוסות לבבות דקל 400 ג' טעמן,אינאקספו,IL,פרוסות לבבות דקל 400,גרמים,400.00,100 גרם,false,,9.90,0.0248,true,1,1372239
7290010182985,false,חלאבלין דאודורנט סטיק 72 שעות כחול,חלאבין,IL,דאודורנט סטיק כחול,מיליליטרים,50.00,"100 מ""ל",false,,24.90,0.4980,true,1,1691188
7290010182992,false,חלאבלין דאודורנט סטיק 72 שעות אדום,חלאבין,IL,דאודורנט סטיק אדום,מיליליטרים,50.00,"100 מ""ל",false,,24.90,0.4980,true,1,1691189
7290010192144,false,סלרי חתוך יח',,,סלרי חתוך,יחידה,0.00,יחידה,false,,4.90,0.0000,true,1,2280112
7290010195268,false,פופקורן פופסטאר חמישייה מופחת שומן טבעי,פופ סטאר,US,פופסטאר מופחת שומן טבעי 5,גרמים,500.00,100 גרם,false,,12.90,0.0258,true,1,1392040
7290010195275,false,פופקורן פופסטאר חמישייה מובחר שומן חמאה,פופ סטאר,US,פופסטאר מופחת שומן חמאה 5,גרמים,500.00,100 גרם,false,,12.90,0.0258,true,1,1392041
7290010199891,false,"סטייל - סבון ידיים אדום 500 מ""ל משאבה - מרכז",דולפין ספא,TR,סבון ידיים תה ירוק,מיליליטרים,500.00,"100 מ""ל",false,,8.90,0.0178,true,1,1385295
7290010234004,false,"פנינה סבון אינטימי 450 מ""ל",,,"סבון אינטימי 450 מ""ל",מיליליטרים,450.00,"100 מ""ל",false,,19.90,0.0442,true,1,1386813
7290010234769,false,"פנינה דאודורנט איזבלה ורוד 150 מ""ל",פנינה רוזנבלום PR,IL,דאודורנט איזבלה,מיליליטרים,200.00,"100 מ""ל",false,,15.90,0.0795,true,1,1386814
7290010237548,false,"פפסי מקס דל קלוריות 500 מ""ל בקבוק",טמפו משקאות בעמ,IL,"פפסי מקס 500 מ""ל",מיליליטרים,500.00,"100 מ""ל",false,,4.50,0.0090,true,1,1362912
7290010237562,false,משקה פפסי מרינדה קוו,"טמפו משקאות בע""מ",IL,"משקה מירנדה 500 מ""ל",מיליליטרים,500.00,"100 מ""ל",false,,4.50,0.0090,true,1,1362913
7290010259007,false,"עוגיות איטלקיות מובחרות ויליפוד 1 ק""ג",דן קייק,PT,עוגיות ביצים בישקוטים 200,גרמים,200.00,100 גרם,false,,6.90,0.0345,true,1,1347812
7290010259311,false,חלב קוקוס ויליפוד 400ג',וילי פוד,TH,קרם קוקוס 400 גרם,גרמים,400.00,100 גרם,false,,7.90,0.0198,true,1,1882941
7290010259359,false,וילי פוד נודלס אטר.ביצים להקפצה בדץ 200ג,פוג'יאן לונגהאי אנלי,CN,אטריות להקפצה נודלס 200גר,גרמים,200.00,100 גרם,false,,4.90,0.0245,true,1,1347816
7290010259366,false,וילי פוד נודלס אטר.ביצים מסולסל בדץ 200ג,פוג'יאן לונגהאי אנלי,CN,אטריות להקפצה מסולסלות נו,גרמים,200.00,100 גרם,false,,4.90,0.0245,true,1,1347817
7290010259823,false,מנת השף מרק עם נודלס טעם עוף בדץ 70ג,נמצ'או(תאילנד) בעמ,TH,מנת השף- מרק עם נודלס בטע,גרמים,70.00,100 גרם,false,,4.90,0.0700,true,1,1347818
7290010259830,false,מרק עם נודלס סיני פיקנטי מנת השף 70 גר,נמצ'או(תאילנד) בעמ,TH,מנת השף מרק עם נודלס בסגנ,גרמים,70.00,100 גרם,false,,4.90,0.0700,true,1,1347819
7290010259854,false,מרק עם נודלס טעם פטריות מנת השף 70 גר,נמצ'או(תאילנד) בעמ,TH,מנת השף - מרק עם נודלס בט,גרמים,70.00,100 גרם,false,,4.90,0.0700,true,1,1347821
7290010259977,false,שמן קנולה וילי פוד 1 ליטר,בונגי פולין אס.פי.זד,PL,שמן קנולה מזוכך 1 לי,ליטרים,1.00,ליטר,false,,9.90,9.9000,true,1,2320194
7290010259991,false,וילי פוד צנימים בדץ 250ג,וילי פוד,PT,צנימים 250גרם,גרמים,250.00,100 גרם,false,,7.90,0.0316,true,1,1347826
7290010300594,false,אבקת גלטין טהור 28 גר,,,גלטין טהור קופסא,גרמים,24.00,100 גרם,false,,11.90,0.4958,true,1,1368567
7290010300860,false,אציטון נאמן לאורך זמ,,,"אציטון 100 מ""ל",מיליליטרים,100.00,"100 מ""ל",false,,4.90,0.0490,true,1,2126761
7290010328093,false,ממרח חלווה אחווה 400 ג' מהדרין,אחדות בית חרושת לטחי,IL,ממרח חלוה 400 גרם,גרמים,400.00,100 גרם,false,,10.90,0.0273,true,1,1345629
7290010328345,false,חלווה 50 גר' וניל אחדות,אחדות ביחר לטחינה חל,IL,חלוה בטעם וניל 50 ג,גרמים,50.00,100 גרם,false,,1.90,0.0380,true,1,2217383
7290010328468,false,אחווה חטיפי מיני חלווה ב- 3 טעמים 18 יח,שוורצקוף& הנקל דיסלד,IL,חטיפי מיני חלוה בטעמים 18,יח',18.00,יח',false,,10.90,0.6056,true,1,1345635
7290010328505,false,אחווה חטיפי מיני חלווה ללא סוכר 15 יח,אחדות ביחר לטחינה חל,IL,חטיפי מיני חלוה ללא תוספת,גרמים,150.00,100 גרם,false,,10.90,0.0727,true,1,1345637
7290010328727,false,ממרח טחינה עם שוקולד אחווה 400 ג'!,אחדות ביחר לטחינה חל,IL,ממרח טחינה עם שוקולד,גרמים,400.00,100 גרם,false,,10.90,0.0273,true,1,2222077
7290010328734,false,ממרח טחינה עם סילאן משומשום מלא,אחדות ביחר לטחינה חל,IL,ממרח שומשום עם סילאן,גרמים,400.00,100 גרם,false,,10.90,0.0273,true,1,1467604
7290010328765,false,חלבה חטיף שוקו וניל וחלבה אחווה 50 גרם,אחדות ביחר לטחינה חל,IL,חלוה בטעם שוקו וניל,גרמים,50.00,100 גרם,false,,1.90,0.0380,true,1,2217384
7290010328819,false,"ממרח טחינה עם שוקולד לל""ס 400 ג' אחדות!.",אחדות ביחר לטחינה חל,IL,ממרח שומשום בטעם שוק,גרמים,400.00,100 גרם,false,,10.90,0.0273,true,1,1521358
7290010329854,false,עוגיות מיני קוקיס בטעם חמאה ללא תוספת סוכר,כרמית,,עוגיות מיני קוקיס בט,גרמים,600.00,100 גרם,false,,18.90,0.0315,true,1,1448263
7290010382828,false,"קרם לחות קלילה לשיער יבש נטורל פורמולה, 400 מ""ל",אמיליה קוסמטיקס,IL,קרם לחות קליל-יבש 400מל,מיליליטרים,300.00,"100 מ""ל",false,,24.90,0.0830,true,1,1383491
7290010429554,false,"שמן זית כתית מעולה יד מרדכי 2 קלאסי, 750 מ""ל",מכוורת יד מרדכי שטרא,IL,"שמן זית 2 קלאסי 750 מ""ל",מיליליטרים,750.00,"100 מ""ל",false,,33.90,0.0452,true,1,1381442
7290010471669,false,יוגורט תות עם קורנפלקס מצופה שוקולד ללא גלוטן 3.9%,"שטראוס בריאות בע""מ",IL,בר תות קורנפלקס בודד- מקט,גרמים,175.00,100 גרם,false,,4.50,0.0257,true,1,1380722
7290010472390,false,מארז 8 יחידות מעדן דני בטעם שוקולד 1.5%,מיוצר עי קונדיטוריית,IL,מארז 8 דני שוקולד,גרמים,1000.00,100 גרם,false,,15.90,0.0159,true,1,1380727
7290010548514,false,עשבי תיבול לבישול איטלקי 70 גרם קפוא,עיצובים 2020 (3.8),IL,תערובת איטלקית 70 גרם,גרמים,70.00,100 גרם,false,,9.90,0.1414,true,1,1344701
7290010561414,false,עוגיות במילוי תמרים 300 גר ללא גלוטן,אשבל מזון פונקציונלי,IL,ברילי לחם קל EXTRA צ,גרמים,500.00,100 גרם,false,,22.90,0.0458,true,1,2268785
7290010561445,false,פיתות ללא גלוטן - 5 יח',אשבל מזון פונקציונלי,IL,ברילי פיתות,גרמים,420.00,100 גרם,false,,19.90,0.0474,true,1,2268787
7290010609734,false,אייס לי משקה להקפאה בטעמי פירות - מארז 8 יח',הדיל,IL,אייס לי שלוקים 8 יח',מיליליטרים,800.00,"100 מ""ל",false,,4.90,0.0061,true,1,1587109
7290010609864,false,טרופיX משקה בטעם ענבים- מארז 40 יח',הדיל,,טרופיקס משקה ענבים,ליטרים,8.00,ליטר,false,,34.90,4.3625,true,1,1587103
7290010613823,false,נוזל לניקוי כלים 1.6,,,נוזל לניקוי כלים 1.6,ליטרים,1.60,ליטר,false,,14.90,9.3125,true,1,2311073
7290010613830,false,נוזל לניקוי כלים 1.6,,,נוזל לניקוי כלים 1.6,ליטרים,1.60,ליטר,false,,14.90,9.3125,true,1,2311074
7290010613892,false,תרסיס לניקוי כללי בתוספת חומץ בריח פריחה סגולה,פרפקט Perfect,,תרסיס לניקוי כללי בת,ליטרים,1.00,ליטר,false,,12.90,12.9000,true,1,2290877
7290010613939,false,תרסיס לניקוי כללי בתוספת אבקת סודה,פרפקט Perfect,,תרסיס לניקוי כללי בת,ליטרים,1.00,ליטר,false,,12.90,12.9000,true,1,2290863
7290010627004,false,טחינה גולמית מסורתית ירושלים 500 ג',"בראשית ירושלים בע""מ",IL,טחינה גולמית ירושלים,גרמים,500.00,100 גרם,false,,12.90,0.0258,true,1,1505920
7290010627844,false,טחינה גולמית שומשום מלא ירושלים 500גרם,"בראשית ירושלים בע""מ",IL,טחינה גולמית ירושלים,גרמים,500.00,100 גרם,false,,12.90,0.0258,true,1,1505921
7290010632114,false,מוצץ סיל' אורט'-זוג בינוני ללא ביספנול A טוליפס,טוליפס Tulips,TH,זוג מוצצים בינוני,יח',2.00,יח',false,,14.90,7.4500,true,1,1361105
7290010632787,false,צימרוני אוזניים עץ 300יח',הדקלאים אגודת שיתופי,CN,צימרוני אוזנים מעץ 3,יח',300.00,יח',false,,3.50,0.0117,true,1,1361150
7290010650019,false,עולש אנדיב בלגי חוות,חוות פטריות תקוע,IL,אנדיב בלגי,יחידה,0.00,יחידה,false,,11.90,0.0000,true,1,1387506
7290010650033,false,בצלצלי שאלוט תקוע אר,חוות פטריות תקוע,IL,בצלצלי שאלוט,יחידה,0.00,יחידה,false,,12.90,0.0000,true,1,1387508
7290010650040,false,פטריות שיטאקי תקוע א,"פנטה אמפאק בע""מ",IL,פטריות שי-טאקה,גרמים,100.00,100 גרם,false,,8.90,0.0890,true,1,1387509
7290010650064,false,פטריות יער מיובשות ת,חוות תקוע,IL,פטריות יער מיובשות,יחידה,0.00,יחידה,false,,7.90,0.0000,true,1,1361486
7290010650231,false,פטריות מאיטאקי מיובש,קרלו,IL,מאי-טקי יבש,יח',1.00,יח',false,,7.90,7.9000,true,1,1387516
7290010650255,false,לקט פטריות מיובשות ל,קרלו,IL,לקט פטריות למרק,קילוגרמים,1.00,"ק""ג",false,,14.90,14.9000,true,1,1361489
7290010650279,false,לקט פטריות מיובשות ל,חקלאי,IL,לקט פטריות לפסטה,יח',1.00,יח',false,,14.90,14.9000,true,1,1387517
7290010650354,false,שורש כורכום טרי ארוז,פסטה לנסי,IL,שורש כורכום טרי,גרמים,120.00,100 גרם,false,,11.90,0.0992,true,1,1387518
7290010650408,false,בצלצלי פנינה תקוע יח,פסטה לנסי,IL,בצלצלי פנינה,גרמים,400.00,100 גרם,false,,9.90,0.0248,true,1,1906462
7290010650576,false,פטריות שנוקי טרי ארו,"פנטה אמפאק בע""מ",IL,פטריות שינוקי,יחידה,0.00,יחידה,false,,9.90,0.0000,true,1,1387526
7290010650590,false,ריזוטו פטריות מיובשו,קרלו,IL,ריזוטו פטריות,יח',1.00,יח',false,,12.90,12.9000,true,1,1387527
7290010650798,false,תבשיל בורגול ופטריות,קרלו,IL,לקט בורגול ופטריות,גרמים,310.00,100 גרם,false,,12.90,0.0416,true,1,2017819
7290010650804,false,תבשיל פתיתים ופטריות,,,לקט פתיתים ופטריות,גרמים,235.00,100 גרם,false,,12.90,0.0549,true,1,2017820
7290010650828,false,פטריות שימגי לבן תקו,עינת תעשיות מזון אגו,IL,פטריות שי-מג'י לבן,גרמים,150.00,100 גרם,false,,9.90,0.0660,true,1,1990438
7290010650996,false,פטריות שימגי חום תקו,שנגחאי פינק פוד קומפ,IL,פטריות שי-מג'י חום,גרמים,150.00,100 גרם,false,,9.90,0.0660,true,1,2298792
7290010718023,false,"פנינה קרם גוף איזבלה ורוד 300 מ""ל",ביסקול תמרוקים,IL,קרם גוף איזבלה,מיליליטרים,300.00,"100 מ""ל",false,,19.90,0.0663,true,1,1386818
7290010748525,false,"סרקל פורטה מרכך לילדים 750 מ""ל","ד""ר פישר Dr fischer",IL,סרקל פורטה מרכך 750 גרם,מיליליטרים,750.00,"100 מ""ל",false,,24.90,0.0332,true,1,1390592
7290010748853,false,"ד""ר פישר - אפקטיב קר קרם ידיים סנסיטיב 150 מ""ל","ד""ר פישר Dr fischer",IL,אפקטיב קר קרם ידיים סנסיט,מיליליטרים,150.00,"100 מ""ל",false,,15.90,0.1060,true,1,1390593
7290010748860,false,"ד""ר פישר - אפקטיב קר קרם ידיים אינטנסיב 150 מ""ל",פישר מעבדות פרמצבטיו,IL,אפקטיב קר קרם ידיים אינטנ,מיליליטרים,150.00,"100 מ""ל",false,,15.90,0.1060,true,1,1390594
7290010748884,false,קרם גוף אינטנסיב Intensive לעור יבש במיוחד,פישר מעבדות פרמצבטיו,IL,אפקטיב קר קרם גוף אינטנסי,מיליליטרים,700.00,"100 מ""ל",false,,24.90,0.0356,true,1,1390596
7290010748891,false,קרם גוף מולטי ויטמין Multi vitamin לעור רגיל- יבש,פישר מעבדות פרמצבטיו,IL,אפקטיב קר קרם גוף מולטי ו,מיליליטרים,700.00,"100 מ""ל",false,,24.90,0.0356,true,1,1390597
7290010757893,false,"בורקס תפו""א ללא גלוטן פרווה - מוקפא",מאפיית ישראל חיפה,IL,בורקס תפוא ללא גלוטן,גרמים,500.00,100 גרם,false,,19.90,0.0398,true,1,2329502
7290010760688,false,בצק פילאס מגולגל 600,מאפית אריאל,,בצק פילאס מגולגל 600,גרמים,600.00,100 גרם,false,,14.90,0.0248,true,1,2306856
7290010760947,false,עוגיות בדלי בטעמים ש,,,עוגיות בדלי בטעמים ש,גרמים,600.00,100 גרם,false,,15.90,0.0265,true,1,1379537
7290010766185,false,רוטב פסטה בזיליקום ע.תיבול אוליביה 420ג',אוליביה,IL,רוטב לפסטה עג.בזיליקום,גרמים,420.00,100 גרם,false,,12.90,0.0307,true,1,1348159
7290010766697,false,רוטב שקשוקה אוליביה 415 גר,אוליביה,IL,רוטב שקשוקה,גרמים,415.00,100 גרם,false,,12.90,0.0311,true,1,1348162
7290010766734,false,רוטב פיצה אוליביה אסם 430 ג',אוליביה,IL,רוטב פיצה,מיליליטרים,415.00,"100 מ""ל",false,,12.90,0.0311,true,1,1348163
7290010766949,false,ממרח תחתיות ארטישוק 180ג' אוליביה,אוליביה,IL,ממרח ארטישוק,גרמים,180.00,100 גרם,false,,12.90,0.0717,true,1,1348165
7290010766956,false,אוליביה ממרח פלפלים מתוקים אדומים 180 גר,אוליביה,IL,ממרח פלפלים מתוקים אדומים,גרמים,190.00,100 גרם,false,,12.90,0.0679,true,1,1348166
7290010814244,false,שלשות שוקולד מריר 85 גרם*3 בלמינט *18 בקרטון,כרמית תעשיות ממתקים,IL,כרמית שוקולד מריר שלשות 1,גרמים,255.00,100 גרם,false,,11.90,0.0467,true,1,1377725
7290010814251,false,שלשות שוקולד חלב 85 גר*3 בלמינט*18 בקרט בדצ,כרמית תעשיות ממתקים,IL,כרמית שוקולד חלב שלשות 85,גרמים,255.00,100 גרם,false,,11.90,0.0467,true,1,1377726
7290010814701,false,שוקולד חלב ללא תוספת סוכר וסטהיים,כרמית תעשיות ממתקים,IL,כרמית שוקולד חלב ללא סוכר,גרמים,85.00,100 גרם,false,,4.90,0.0576,true,1,1377730
7290010838219,false,ממתיק על בסיס צמח הסטיביה - שקיות,תות ממתקי איכות,IL,מר' סטיביה 100שקיות,יח',100.00,יח',false,,25.90,0.2590,true,1,1392044
7290010838424,false,ג'ל לניקוי מתקדם בניחוח רענן - מארז זוג,"איטיליאן פוד, אס.פי.",NL,טואלט דאק * 750זוג *ירוק,מיליליטרים,1500.00,"מ""ל",false,,16.90,0.0113,true,1,1392045
7290010838431,false,ג'ל לניקוי מתקדם בניחוח ים - מארז זוג,מיוצר עי קונדיטוריית,NL,טואלט דאק * 750זוג *כחול,מיליליטרים,1500.00,"מ""ל",false,,16.90,0.0113,true,1,1392046
7290010839865,false,רוטב רכז רימונים ויליפוד 320 ג',גרין ביס דיס,TR,רוטב רימונים 320 גרם,גרמים,320.00,100 גרם,false,,9.90,0.0309,true,1,1347832
7290010849505,false,יין למברוסקו די לואיג'י רוסו דולצ'ה,פארייפאבה אגרואינדוס,IT,יין למברוסקו מבעבע,מיליליטרים,750.00,"100 מ""ל",false,,29.90,0.0399,true,1,1372723
7290010883042,false,סנובון עם אפקט הקצף הפעיל בריח רענן,סנו סנובון,IL,סנובון נוזלי רענן 750 מל,מיליליטרים,750.00,"100 מ""ל",false,,10.90,0.0145,true,1,1358843
7290010883356,false,כפפות אלוורה רב שימושיות מרופדות גדול L,סנו סושי,CN,XL סנו סושי כפפות אלוורה,יח',1.00,יח',false,,9.90,9.9000,true,1,1358845
7290010883363,false,כפפות אלוורה רב שימושיות מרופדות קטן S,האי נאם סי או אל.טי.,CN,S סנו סושי כפפות אלוורה,יח',1.00,יח',false,,9.90,9.9000,true,1,1358846
7290010883370,false,כפפות אלוורה רב שימושיות מרופדות בינוני M,האי נאם סי או אל.טי.,CN,M סנו סושי כפפות אלוורה,יח',1.00,יח',false,,9.90,9.9000,true,1,1358847
7290010931330,false,מטבוחה אחלה 500 גרם,מיוצר עי קונדיטוריית,IL,מטבוחה 500,גרמים,500.00,100 גרם,false,,13.90,0.0278,true,1,1380730
7290010945146,false,קוטג' 3% מועשר בסידן טרה 250 ג' מהדרין,טרה,IL,קוטג' 3% 250 גרם- נעמ,גרמים,250.00,100 גרם,false,,5.40,0.0216,true,1,1367436
7290010945306,false,טרה חלב בקרטון 2 ליט,טרה,IL,חלב בקרטון 2 ליטר 3% חרדי,ליטרים,2.00,ליטר,false,,12.40,6.2000,true,1,1367437
7290010945450,false,גבינה לבנה 3% 250 גר מועשר בסידן וויטמין,טרה,IL,גבינה לבנה 250 גרם 3% מהד,גרמים,250.00,100 גרם,false,,4.95,0.0198,true,1,1367438
7290010945481,false,גבינה לבנה 5% שומן 500 ג' טרה,טרה,IL,גבינה לבנה 500 גרם 5%,גרמים,500.00,100 גרם,false,,9.90,0.0198,true,1,1367439
7290010970063,false,שמן שומשום כבישה קרה 500 מיל,טעמים,IL,שמן שומשום 500 מל,מיליליטרים,500.00,"100 מ""ל",false,,39.90,0.0798,true,1,1391303
7290010970100,false,שמן שומשום כבישה קרה 250 מיל טעמים,טעמים,IL,שמן שומשום 250 מל,מיליליטרים,250.00,"100 מ""ל",false,,24.90,0.0996,true,1,1391304
7290010970193,false,סילאן תמרים טבעי 100% תמרים,טעמים,,סילאן 100% תמרים 900,גרמים,900.00,100 גרם,false,,19.90,0.0221,true,1,1505258
7290010970230,false,חומץ טעמים פירות הד,יושלם,IL,"חומץ פירות הדר 500 מ""ל",מיליליטרים,500.00,"100 מ""ל",false,,10.90,0.0218,true,1,1391307
7290010970254,false,חומץ בן יין לבן טעמי,יושלם,IL,חומץ יין לבן   500 מל,מיליליטרים,500.00,"100 מ""ל",false,,10.90,0.0218,true,1,1391308
7290010970261,false,טעמים-חומץ תפוחי עץ,יושלם,IL,חומץ תפוחי עץ 500 מל,מיליליטרים,500.00,"100 מ""ל",false,,10.90,0.0218,true,1,1391309
7290010970346,false,תמרים מובחרים מרוסקים 500 גרם,,,תמרים מרוסקים 500 גר,גרמים,500.00,100 גרם,false,,12.90,0.0258,true,1,2284708
7290010970537,false,שמן קנולה בתרסיס 200 גרם טעמים,טעמים,IL,שמן קנולה בתרסיס  200 גרם,גרמים,200.00,100 גרם,false,,19.90,0.0995,true,1,1391315
7290010970544,false,"שמן אבוקדו טעמים 500 מ""ל",טעמים,IL,שמן זית כתית מעולה 750 מל,מיליליטרים,500.00,"100 מ""ל",false,,39.90,0.0798,true,1,1424182
7290010970650,false,קרם בלסמי חומץ מצומצם ממודנה איטליה 250,טעמים,,"קרם בלסמי 250 מ""ל",מיליליטרים,250.00,"100 מ""ל",false,,19.90,0.0796,true,1,1504493
7290010970704,false,ממרח זיתים ירוקים 180 גרם,טעמים,,ממרח זיתים ירוקים 18,גרמים,180.00,100 גרם,false,,12.90,0.0717,true,1,1605596
7290010970711,false,פסטו בזיליקום א-לה ג'נובזה,טעמים,IL,ממרח פסטו בזיליקום 1,גרמים,180.00,100 גרם,false,,12.90,0.0717,true,1,1605573
7290010970735,false,ממרח ארטישוק איטלקי,טעמים,,ממרח ארטישוק 180 כאם,גרמים,180.00,100 גרם,false,,12.90,0.0717,true,1,1607889
7290010970742,false,ממרח פסטו פלפלים אמיתי 180 גרם,,,ממרח פלפלים 180 גרם,גרמים,180.00,100 גרם,false,,12.90,0.0717,true,1,1605576
7290010970773,false,סילאן תמרים 100% טבעי בקבוק לחיץ 350 גרם,,,סילאן תמרים טבעי בקב,גרמים,350.00,100 גרם,false,,12.90,0.0369,true,1,2284711
7290010970940,false,ממרח פסטו אדום 180 גרם,טעמים,IT,ממרח פסטו אדום 180 ג,גרמים,180.00,100 גרם,false,,12.90,0.0717,true,1,1963900
7290010970971,false,שמן זית בתרסיס 150 גרם טעמים,,,תרסיס שמן זית 200 גר,גרמים,200.00,100 גרם,false,,19.90,0.0995,true,1,2352785
7290011015985,false,"סירופ דיאט אננס פריגת 750 מ""ל",סירופ - גבעת חיים,IL,סירופ דיאט אננס 750,מיליליטרים,750.00,"100 מ""ל",false,,22.90,0.0305,true,1,1373985
7290011017866,false,קוקה קולה קלאסי בפחית,החברה המרכזית לייצור,IL,"סליק קוקה-קולה 330 מ""ל",מיליליטרים,330.00,"100 מ""ל",false,,5.40,0.0164,true,1,1373995
7290011017873,false,"קוקה קולה זירו פחית 330 מ""ל",החברה המרכזית לייצור,IL,"סליק קולה זירו 330 מ""ל",מיליליטרים,330.00,"100 מ""ל",false,,5.40,0.0164,true,1,1373996
7290011017880,false,דיאט קוקה קולה פחית סליק 330מל,החברה המרכזית לייצור,IL,"סליק ד.קוקה-קולה 330 מ""ל",מיליליטרים,330.00,"100 מ""ל",false,,5.40,0.0164,true,1,1373997
7290011018184,false,"אייס תה FUZE TEAאפרסק 500 מ""ל",מבשלות בירה בינלאומי,IL,FUZE tea אפרסק 0.5 ליטר,מיליליטרים,500.00,"100 מ""ל",false,,6.90,0.0138,true,1,1374000
7290011018924,false,"מארז פחיות דיאט קוקה קולה שישייה 330 מ""ל",החברה המרכזית לייצור,IL,"דק""ק מארז פח 6 FRIDGE-PAC",ליטרים,1.98,ליטר,false,,23.90,12.0707,true,1,1374022
7290011022419,false,תבניות אלומיניום 7 י,,,תבניות אלומיניום 7 י,יח',7.00,יח',false,,7.90,1.1286,true,1,1777286
7290011026066,false,"ד""ר פישר - סרקל שמפו + מרכך לילדים 1 ליטר","ד""ר פישר Dr fischer",IL,סרקל שמפו + מעצב ליטר,ליטרים,1.00,ליטר,false,,28.90,28.9000,true,1,1390598
7290011026516,false,קמיל בלו קרמאף 30 גרם,"ד""ר פישר Dr fischer",IL,קמיל בלו קרמאף 30 גרם,גרמים,30.00,100 גרם,false,,24.90,0.8300,true,1,1390600
7290011026530,false,אל סבון לתינוק קמיל בלו סנסטיב לפני השינה,פישר מעבדות פרמצבטיו,IL,קמיל בלו סנסיטיב אל סבון,גרמים,500.00,100 גרם,false,,19.90,0.0398,true,1,1390602
7290011064020,false,בולגרית למריחה בטעמים 200 גר,גבינות אמיר ניצן בעמ,IL,גבינה בולגרית בעיר 2,גרמים,200.00,100 גרם,false,,12.90,0.0645,true,1,2246539
7290011064099,false,טאפס פלפלוני שרי ממולאים במעדן גבינה,גבינות אמיר ניצן בעמ,IL,טאפס שכונתי 125 גרם,גרמים,125.00,100 גרם,false,,19.90,0.1592,true,1,2199954
7290011091057,false,פפריקה מתוקה 500 ג פרג,תבליני הדור השלישי,IL,פפריקה מתוקה,גרמים,500.00,100 גרם,false,,29.90,0.0598,true,1,2361881
7290011091088,false,כורכום פרג 500 גרם,תבליני הדור השלישי,IL,כרכום גדול,גרמים,500.00,100 גרם,false,,29.90,0.0598,true,1,2361865
7290011091118,false,גריל עוף פרג 500 גרם,תבליני הדור השלישי,IL,תבלין עוף בגריל,גרמים,500.00,100 גרם,false,,29.90,0.0598,true,1,1373424
7290011091125,false,תבלין לסטייק 120 גרם,תבליני הדור השלישי,IL,תבלין לסטייק 120 גרם,גרמים,120.00,100 גרם,false,,13.90,0.1158,true,1,1373425
7290011091132,false,תבלין קארי הודי 120גר,תבליני הדור השלישי,IL,קארי הודי 120 גרם,גרמים,120.00,100 גרם,false,,13.90,0.1158,true,1,2361807
7290011091149,false,קייטג'ון 150 גרם,תבליני הדור השלישי,IL,תבלין קייטגון,גרמים,150.00,100 גרם,false,,13.90,0.0927,true,1,1373427
7290011091170,false,פרג כוסברה ירוקה 40 גרם,תבליני פרג,,כוסברה 20 גרם,גרמים,20.00,100 גרם,false,,13.90,0.6950,true,1,1373429
7290011091200,false,פרג בזיליקום 40 גרם,תבליני הדור השלישי,IL,בזיליקום 40 גרם,גרמים,40.00,100 גרם,false,,13.90,0.3475,true,1,1373430
7290011091248,false,פרג טימין 40ג,תבליני הדור השלישי,IL,טימין,גרמים,40.00,100 גרם,false,,13.90,0.3475,true,1,2361769
7290011091262,false,פרג תבלין אורגנו 40ג,תבליני הדור השלישי,IL,אורגנו 60 גרם,גרמים,60.00,100 גרם,false,,13.90,0.2317,true,1,2361756
7290011091323,false,זעתר בלאדי פרג 150 ג,תבליני הדור השלישי,IL,זעתר בלאדי,גרמים,120.00,100 גרם,false,,13.90,0.1158,true,1,1373436
7290011091347,false,תערובת גריל עוף 120,תבליני הדור השלישי,IL,גריל עוף 120 גרם,גרמים,120.00,100 גרם,false,,13.90,0.1158,true,1,1373437
7290011091354,false,תבלין לשווארמה ופרגיות,תבליני הדור השלישי,IL,תבלין לשווארמה,גרמים,120.00,100 גרם,false,,13.90,0.1158,true,1,1373438
7290011091361,false,תבלין לדגים 120 גרם,תבליני הדור השלישי,IL,תבלין לדגים 120 גרם,גרמים,120.00,100 גרם,false,,13.90,0.1158,true,1,1373439
7290011091392,false,תבלין בהרט לקובה 100 גרם,תבליני הדור השלישי,IL,בהרט לקובה,גרמים,100.00,100 גרם,false,,13.90,0.1390,true,1,1373441
7290011091408,false,תבליין חוויג מרק 120,תבליני הדור השלישי,IL,תבליין חוויג מרק 120,גרמים,120.00,100 גרם,false,,13.90,0.1158,true,1,1373442
7290011091453,false,כוסברה טחונה 100 גרם,תבליני פרג,,כוסברה טחונה 100 גרם,גרמים,100.00,100 גרם,false,,13.90,0.1390,true,1,2361770
7290011091460,false,כורכום טחון 150 גרם,תבליני הדור השלישי,IL,כורכום טחון 150 גרם,גרמים,150.00,100 גרם,false,,13.90,0.0927,true,1,1373446
7290011091477,false,מלח לימון 200 גרם,תבליני הדור השלישי,IL,מלח לימון,גרמים,200.00,100 גרם,false,,13.90,0.0695,true,1,1373447
7290011091491,false,קינמון טחון 120 גרם,תבליני הדור השלישי,IL,קינמון טחון 120 גרם,גרמים,120.00,100 גרם,false,,13.90,0.1158,true,1,1373449
7290011091507,false,פלפל שחור טחון 120 גרם,תבליני הדור השלישי,IL,פלפל שחור טחון,גרמים,100.00,100 גרם,false,,13.90,0.1390,true,1,1373450
7290011091514,false,פרג פפריקה מתוקה בשמן 120ג,תבליני הדור השלישי,IL,פפריקה מתוקה בשמן,גרמים,120.00,100 גרם,false,,13.90,0.1158,true,1,1373451
7290011091521,false,פרג תבלין כמון טחון 120ג,תבליני הדור השלישי,IL,כמון טחון,גרמים,120.00,100 גרם,false,,13.90,0.1158,true,1,1373452
7290011091576,false,פרג זנגביל טחון 100ג,תבליני הדור השלישי,IL,זנגויל טחון,גרמים,100.00,100 גרם,false,,13.90,0.1390,true,1,1373453
7290011091590,false,פפריקה חריפה 150 גרם,תבליני הדור השלישי,IL,פפריקה חריפה,גרמים,150.00,100 גרם,false,,13.90,0.0927,true,1,1373455
7290011091606,false,פפריקה מתוקה 150 גרם פרג,תבליני הדור השלישי,IL,פפריקה מתוקה,גרמים,150.00,100 גרם,false,,13.90,0.0927,true,1,1373456
7290011091620,false,קימל טחון פרג 120 גר,תבליני הדור השלישי,IL,קימל טחון,גרמים,120.00,100 גרם,false,,13.90,0.1158,true,1,1373457
7290011091651,false,שום גבישי פרג 150 גר,תבליני הדור השלישי,IL,תבלין גבישי שום,גרמים,150.00,100 גרם,false,,13.90,0.0927,true,1,1373460
7290011091958,false,צילי מקסיקני 80 גרם,תבליני הדור השלישי,IL,צילי מקסיקני 80 גרם,גרמים,80.00,100 גרם,false,,13.90,0.1738,true,1,1373463
7290011113926,false,דאודורנט ספריי טיטניום בלאק Titanium Black,משווק: וסמופארם בעממ,IL,200מל BLACK דאו.טיטניום,מיליליטרים,180.00,"100 מ""ל",false,,14.90,0.0828,true,1,1383553
7290011115159,false,נקה 7-סבון מוצק לחות פרחים- רביעייה * 100 ג',גליל כימיכלים,IL,רביעיית סבון מוצק נקה 7 ל,גרמים,400.00,100 גרם,false,,9.90,0.0248,true,1,1383578
7290011115166,false,נקה 7 ארומה סבון נוזלי לבנדר 1 ל',טרופיקל דגיל תעשיות,IL,תחליב רחצה ארומה לבנדר1ל,ליטרים,1.00,ליטר,false,,14.90,14.9000,true,1,1383579
7290011115173,false,נקה 7 ארומה סבון נוזלי וניל 1 ל',טרופיקל דגיל תעשיות,IL,תחליב רחצה ארומה וניל שקד,ליטרים,1.00,ליטר,false,,14.90,14.9000,true,1,1383580
7290011115203,false,אל סבון מוצק מבושם בניחוח עדין קלאסיק - מארז רביעיה,טרופיקל דגיל תעשיות,IL,רבעיית סבון מוצק נקה 7 קל,גרמים,400.00,100 גרם,false,,9.90,0.0248,true,1,1383581
7290011115258,false,אל סבון מוצק מבושם בניחוח עדין קלאסיק - מארז רביעיה,"גליל כימיכלים בע""מ",IL,רבעיית סבון מוצק נקה 7 קל,גרמים,400.00,100 גרם,false,,9.90,0.0248,true,1,1383583
7290011115265,false,מארז סבון מוצק ארומה אל סבון מועשר בשמנים ארומטיים,"גליל כימיכלים בע""מ",IL,רבעיית סבון מוצק נקה 7 אר,גרמים,400.00,100 גרם,false,,9.90,0.0248,true,1,1383584
7290011115272,false,אל סבון מוצק מועשר בקרם לחות צמחים - מארז רביעיה,קוסמופארם בע''מ,IL,רבעיית סבון מוצק נקה 7 לח,גרמים,400.00,100 גרם,false,,9.90,0.0248,true,1,1383585
7290011115289,false,אל סבון מוצק מבושם בניחוח עדין קלאסיק - מארז רביעיה,"גליל כימיכלים בע""מ",IL,רבעיית סבון מוצק נקה 7 קל,גרמים,400.00,100 גרם,false,,9.90,0.0248,true,1,1383586
7290011115296,false,אל סבון מוצק מועשר בקרם לחות לבנדר - מארז רביעיה,נקה 7,,רביעיית סבון מוצק לח,גרמים,400.00,100 גרם,false,,9.90,0.0248,true,1,1383587
7290011115401,false,אל סבון ארומטי מוצק צהוב קמומיל - רביעייה,נקה 7,IL,רביעיית סבון מוצק אר,גרמים,400.00,100 גרם,false,,9.90,0.0248,true,1,1383595
7290011126209,false,תה הגן הקסום תפוח וקינמון - סיידר 25 שקיקים,תה ויסוצקי,IL,חליטת תפוח וקינמון סיידר,גרמים,67.50,100 גרם,false,,16.90,0.2504,true,1,1378194
7290011126452,false,חליטת קמומיל ונענע 25 שקיקים גן קסום,תה ויסוצקי,IL,חליטת קמומיל ונענע,גרמים,37.50,100 גרם,false,,16.90,0.4507,true,1,1378202
7290011126469,false,חליטת קמומיל ודבש 25 שקיקים גן קסום,תה ויסוצקי,IL,חליטת קמומיל ודבש,גרמים,37.50,100 גרם,false,,16.90,0.4507,true,1,1378203
7290011126940,false,תה ירוק ויסוצקי בתוספת מרווה 25 שקיקים,ויסוצקי ירוק,IL,תה ירוק מרווה,גרמים,37.50,100 גרם,false,,22.90,0.6107,true,1,1378209
7290011126957,false,תה ירוק ויסוצקי ארל גריי 25 שקיקים,ויסוצקי ירוק,IL,תה ירוק ארל גרי,גרמים,37.50,100 גרם,false,,22.90,0.6107,true,1,1378210
7290011132507,false,"סודה סן בנדטו מוגז עדין 500מ""ל",פארייפאבה אגרואינדוס,IT,מים בנדטו מוגז 500 מ,מיליליטרים,500.00,"100 מ""ל",false,,4.90,0.0098,true,1,1362932
7290011133368,false,בירה שנדי בתוספת משקה תפוח - שישייה,מכבי שנדי,IL,שישיית בירה שנדי תפו,ליטרים,1.98,ליטר,false,,29.90,15.1010,true,1,1362938
7290011133504,false,"מכבי שנדי אפרסק בקבוק בודד 330 מ""ל",טמפו משקאות בע''מ,IL,בירה שנדי אפרסק 330,מיליליטרים,330.00,"100 מ""ל",false,,5.90,0.0179,true,1,1362941
7290011133634,false,"פפסי מקס פחית צרה מארז שישייה 330 מ""ל","טמפו משקאות בע""מ",IL,מארז שישיית פפסי קול,ליטרים,1.98,ליטר,false,,18.90,9.5455,true,1,2208453
7290011164164,false,לקקן סודה טעמן 40 יח,גואנגדונג צאואן פוד,CN,לקקן סודה 40 יחידות,100 יח',40.00,100 יח',false,,18.90,0.4725,true,1,1372250
7290011164980,false,לקקן ממולא טופי 18גר*34,פאסין אס אי,BR,לקקנים ממולא טופי 61,גרמים,612.00,100 גרם,false,,14.90,0.0243,true,1,2244821
7290011174156,false,תירס מתוק A-2 ויטה,פרי הגליל,IL,תירס א -2ויטה בדצ,גרמים,550.00,100 גרם,false,,5.90,0.0107,true,1,1386180
7290011174163,false,"גרעיני תירס מתוק ויטה 340 גרם בד""צ",פרי הגליל,IL,תירס 12אונק ויטה בדצ,גרמים,340.00,100 גרם,false,,5.90,0.0174,true,1,1386181
7290011174187,false,אפונת גינה בינונית,פרי הגליל,IL,אפונה א -2ויטה בדצ,גרמים,550.00,100 גרם,false,,5.90,0.0107,true,1,1386183
7290011174392,false,שעועית לבנה ברוטב עגבניות,פרי הגליל,IL,שע ברוטב א -2ויטה בדצ - ח,גרמים,580.00,100 גרם,false,,6.90,0.0119,true,1,1386187
7290011174491,false,תירס קל - מופחת קלוריות וללא תוספת סוכר,פרי הגליל,IL,תירס קל א -2ויטה בדצ,גרמים,550.00,100 גרם,false,,6.90,0.0125,true,1,1386189
7290011174897,false,אפונה עדינה פרי הגליל 600ג',פרי הגליל בעמ,IL,אפונה עדינה 600פג,גרמים,600.00,100 גרם,false,,12.90,0.0215,true,1,1386196
7290011194215,false,מעדן גבינה ויוגורט בטעם בננה 5% שומן 88 ג' דניאלה,"שטראוס בריאות בע""מ",IL,דניאלה בננה,גרמים,88.00,100 גרם,false,,3.90,0.0443,true,1,1380731
7290011194246,false,קוטג שטראוס 5% עם סידן 250ג,מיוצר עי קונדיטוריית,IL,קוטג' %5 עם סידן 250 גרם,גרמים,250.00,100 גרם,false,,5.90,0.0236,true,1,1380732
7290011223038,false,עלים לקרמשניט - בונומי 300גרם,בונומי ס.פ.א,IT,עלים לקרמשניט - בונומי 30,גרמים,300.00,100 גרם,false,,14.90,0.0497,true,1,1392055
7290011223045,false,בונומי בישקוטים 200 גרם,בונומי ס.פ.א,IT,בישקוטים בונומי 200גרם,גרמים,200.00,100 גרם,false,,4.90,0.0245,true,1,1392056
7290011223243,false,"טואלט דאק ג'ל לאסלה בניחוח לבנדר 55 מ""ל","איטיליאן פוד, אס.פי.",IT,ט.ד ג'ל אסלה ניחוח לבנדר,מיליליטרים,55.00,"100 מ""ל",false,,9.90,0.1800,true,1,1392061
7290011235024,false,רוזמרין,חקלאי,IL,רוזמרין,יח',1.00,יח',false,,3.90,3.9000,true,1,1343882
7290011235048,false,שיבה,יבולי הבשור,,שיבה,יחידה,0.00,יחידה,false,,3.90,0.0000,true,1,1343884
7290011235055,false,בזיליקום,יבולי הבשור,IL,בזיליקום,יח',1.00,יח',false,,3.90,3.9000,true,1,1343885
7290011235062,false,עירית,חקלאי,IL,עירית,יח',1.00,יח',false,,4.90,4.9000,true,1,1343886
7290011235079,false,קורנית (טימין),חקלאי,IL,קורנית,יח',1.00,יח',false,,3.90,3.9000,true,1,1343887
7290011235093,false,אורגנו ארוז,יבולי הבשור,,אורגנו,יח',1.00,יח',false,,3.90,3.9000,true,1,1343889
7290011235109,false,מרווה,,,מרווה,יח',1.00,יח',false,,3.90,3.9000,true,1,1343890
7290011235147,false,חמוציות ארוז,יבולי הבשור,IL,חמציץ,יח',1.00,יח',false,,6.90,6.9000,true,1,1343894
7290011235161,false,עלי רוקולה 180 גרם נ,,,עלי רוקולה 180 גרם נ,יחידה,0.00,יחידה,false,,6.90,0.0000,true,1,1343896
7290011235574,false,תרד,יבולי הבשור,,תרד,יחידה,0.00,יחידה,false,,9.90,0.0000,true,1,1343902
7290011235581,false,בזילקום נספק גדול,,,בזילקום נספק גדול,יחידה,0.00,יחידה,false,,6.90,0.0000,true,1,1343903
7290011249212,false,וופל עלמה בלגי לימון 200 גר' ללא סוכר,"גילרו בע""מ",IL,וופל בלגי לימון.,גרמים,200.00,100 גרם,false,,2.90,0.0145,true,1,1385589
7290011249250,false,עלמה גביעי גלידה אמריקאי 24 יח',"גילרו בע""מ",IL,גביעי גלידה 24 יח'.,גרמים,120.00,100 גרם,false,,9.90,0.0825,true,1,1385591
7290011249748,false,רולים גלילי ופל במילוי קרם שוקולד 100 ג' עלמה,"גילרו בע""מ",IL,רולים שוקולד.,גרמים,100.00,100 גרם,false,,2.90,0.0290,true,1,1385600
7290011249755,false,רולים גלילי ופל במילוי קרם אגוזים 100 ג' עלמה,"גילרו בע""מ",IL,רולים אגוז.,גרמים,100.00,100 גרם,false,,2.90,0.0290,true,1,1385601
7290011254001,false,זרעי פשתן 450 גרם,מיה תעשיות מזון,IL,פשתן 450גרם,גרמים,450.00,100 גרם,false,,6.90,0.0153,true,1,1373006
7290011254018,false,שעועית מש מיה 500 גר',"מיה תעשיות מזון בע""מ",IL,שעועית מש 500גרם,גרמים,500.00,100 גרם,false,,8.90,0.0178,true,1,1373007
7290011254025,false,מיה דוחון 500 גרם,"מיה תעשיות מזון בע""מ",IL,דוחן 500גרם,גרמים,500.00,100 גרם,false,,6.90,0.0138,true,1,1373008
7290011254049,false,סובין שבולת שועל 400 גר,מיה תעשיות מזון,IL,סובין שבולת שועל 400גרם,גרמים,400.00,100 גרם,false,,9.90,0.0248,true,1,1373009
7290011254254,false,נטיפים צמקאו בטעם שוקולד,"מיה תעשיות מזון בע""מ",IL,נטיפים בטעם שוקולד 300גרם,גרמים,300.00,100 גרם,false,,9.90,0.0330,true,1,1373026
7290011254346,false,"קינואה מיה בד""צ 1 ק""ג","מיה תעשיות מזון בע""מ",IL,קינואה 1 קג,קילוגרמים,1.00,"100 ק""ג",false,,16.90,16.9000,true,1,1813615
7290011254452,false,סוכריות מנטה ללא סוכר 80גרם,מיה תעשיות מזון,IL,סוכריות מנטה ללא סוכר 80ג,גרמים,80.00,100 גרם,false,,6.90,0.0863,true,1,1373030
7290011254476,false,סוכריות תפוח דובדבן ללא סוכר 80גרם,מיה תעשיות מזון,IL,סוכריות תפוח דובדבן ללא ס,גרמים,80.00,100 גרם,false,,6.90,0.0863,true,1,1373032
7290011254490,false,סוכריות פירות יער ללא סוכר 80גרם,מיה תעשיות מזון,IL,סוכריות פירות יער ללא סוכ,גרמים,80.00,100 גרם,false,,6.90,0.0863,true,1,1373034
7290011254605,false,תערובת לקדירה לקט חמין מיה 600 גר',"מיה תעשיות מזון בע""מ",IL,תערובת קדירה לקט לחמין גר,גרמים,600.00,100 גרם,false,,8.90,0.0148,true,1,1373035
7290011254612,false,"לקט תערובת לקדירה 600 גרם ""מיה"" קדירה לקט בריאות","מיה תעשיות מזון בע""מ",IL,תערובת קדירה לקט בריאות 0,גרמים,600.00,100 גרם,false,,8.90,0.0148,true,1,1373036
7290011254698,false,"שמן זית כתית מעולה 750מ""ל בד''ץ",מיולאוליבה ספרד,ES,שמן זית כתית מעולה 750מ'ל,מיליליטרים,750.00,"100 מ""ל",false,,29.90,0.0399,true,1,1373039
7290011312381,false,פטריות חורש למנגל 320 ג',"מרינה פטריות הגליל בע""מ",IL,פטריות סטייק פורטובל,יחידה,0.00,יחידה,false,,14.90,0.0000,true,1,1368063
7290011316921,false,סכין חיתוך-מסילת מתכ,,,סכין חיתוך-מסילת מתכ,יחידה,0.00,יחידה,false,,9.90,0.0000,true,1,2347774
7290011332983,false,מגבונים לניקוי אף מגבונאף קמיל בלו- מארז שלישייה,"ד""ר פישר Dr fischer",IL,קמיל בלו מגבונאף שלישייה,יח',90.00,יח',false,,19.90,0.2211,true,1,1390608
7290011378028,false,חלבה קלאסית בטעם וניל ללא תוספת סוכר,רושדי תעשיות מזון בע,IL,חלבה בארכה קלאסית וניל לל,גרמים,350.00,100 גרם,false,,15.90,0.0454,true,1,1378212
7290011378233,false,בארכה מאגדת חטיפי חלווה וניל ל.סוכר 120גר,רושדי תעשיות מזון בע,IL,מאגדת חטיף חלבה בארכה בקט,גרמים,120.00,100 גרם,false,,9.90,0.0825,true,1,1378213
7290011378769,false,בארכה - חטיף בקטנה חלבה וניל 20 גרם * 6,רושדי תעשיות מזון בע,IL,מאגדת חטיף חלבה בארכה בקט,גרמים,126.00,100 גרם,false,,9.90,0.0786,true,1,1378216
7290011378776,false,חלבה חטיף פיסטוק בארכה בקטנה מארז 126ג',רושדי תעשיות מזון בע,IL,מאגדת חטיף חלבה בארכה בקט,גרמים,120.00,100 גרם,false,,9.90,0.0825,true,1,1378217
7290011379018,false,מארז משפחתי שמפיניון 500 ג' מרינה,מרינה פטריות,IL,מארז פטריות צמד חמד,יחידה,0.00,יחידה,false,,14.90,0.0000,true,1,1368064
7290011435226,false,דבש מפרחי בר לחיץ 650 ג' יד מרדכי,מכוורת יד מרדכי שטרא,IL,דבש טהור לחיץ 650 גר,גרמים,650.00,100 גרם,false,,29.90,0.0460,true,1,1798746
7290011438142,false,"משקה יטבתה אייס קפה בבקבוק אישי 350 מ""ל",שטראוס גרופ,IL,"אייסקפה 350 מ""ל מהדרין",מיליליטרים,350.00,"100 מ""ל",false,,5.90,0.0169,true,1,1380738
7290011447014,false,מטרנה דייסת סלט פירות 200 גרם,מטרנה,IL,אבקה להכנת דייסת סולת עם,גרמים,200.00,100 גרם,false,,14.90,0.0745,true,1,1344715
7290011447267,false,מטרנה פרימיום חלבי שלב 1 700 גרם חיסכון,מטרנה תעשיות ש.מ,IL,תרכובת מזון לתינוקות על ב,גרמים,700.00,100 גרם,false,,59.90,0.0856,true,1,1344720
7290011447281,false,מטרנה פרימיום חלבי שלב 2 700 גרם חיסכון,מטרנה תעשיות ש.מ,IL,תרכובת מזון המשך לתינוקות,גרמים,700.00,100 גרם,false,,59.90,0.0856,true,1,1344722
7290011447304,false,מטרנה פרימיום חלבי שלב 3 700 גרם חיסכון,מטרנה תעשיות ש.מ,IL,תרכובת מזון המשך לפעוטות,גרמים,700.00,100 גרם,false,,59.90,0.0856,true,1,1344723
7290011447373,false,תרכובת מזון המשך לפעוטות מהדרין שלב 2,מטרנה תעשיות ש.מ,IL,תרכובת מזון המשך לתינוקות,גרמים,700.00,100 גרם,false,,59.90,0.0856,true,1,1344727
7290011473051,false,קוואקר עבה אורגני 500 גר,ארוז ע' תבואות,GB,קוואקר עבה אורגני 50,גרמים,500.00,100 גרם,false,,10.90,0.0218,true,1,1397576
7290011473297,false,גריסי פנינה אורגני 500 גרם,אורז ע'י,IT,גריסי פנינה אורגני 5,גרמים,500.00,100 גרם,false,,9.90,0.0198,true,1,1397596
7290011473464,false,סובין שיבולת שועל אורגנית,תבואות,,סובין ש.שועל אורגני,גרמים,400.00,100 גרם,false,,10.90,0.0273,true,1,1397605
7290011473532,false,סוכר ענבים תבואות 50,תבואות,,סוכר ענבים טבעי 500,גרמים,500.00,100 גרם,false,,9.90,0.0198,true,1,1397609
7290011473570,false,קמח חומוס טבעי 500 גרם תבואות,תבואות מוצרי מזון או,IL,קמח חומוס טבעי 500 ג,גרמים,500.00,100 גרם,false,,12.90,0.0258,true,1,1397611
7290011473648,false,"סוכר דמררה אורגני 1 ק""ג",תבואות,BR,סוכר דמררה אורגני 1,גרמים,1000.00,100 גרם,false,,14.90,0.0149,true,1,1397614
7290011473655,false,"סוכר קנים אורגני 1 ק""ג",ארוז ע' תבואות,BR,סוכר קנים אורגני 1 ק,גרמים,1000.00,100 גרם,false,,10.90,0.0109,true,1,1397615
7290011473891,false,עדשים צהובים אורגני 500 גרם,תבואות,TR,עדש צהוב אורגני 500,גרמים,500.00,100 גרם,false,,12.90,0.0258,true,1,1397618
7290011473907,false,סובין חיטה טבעי 200 גרם,תבואות,IL,סובין חיטה טבעי 200,גרמים,200.00,100 גרם,false,,4.90,0.0245,true,1,1397619
7290011474058,false,ספגטי כוסמין אורגני 500 גר,תבואות,,ספגטי כוסמין אורגני,גרמים,500.00,100 גרם,false,,18.90,0.0378,true,1,1397625
7290011474072,false,פוזילי כוסמין אורגני 500 גר,תבואות,,פוזילי כוסמין אורגני,גרמים,500.00,100 גרם,false,,19.90,0.0398,true,1,1397626
7290011474362,false,קמח עדשים אורגני 500 גרם תבואות,תבואות,TR,קמח עדשים אורגניות 5,גרמים,500.00,100 גרם,false,,15.90,0.0318,true,1,1447176
7290011474386,false,קוואקר אורגני דק 500 גרם,תבואות,,קוואקר אורגני דק 500,גרמים,500.00,100 גרם,false,,10.90,0.0218,true,1,1397629
7290011489601,false,קרקר טופז בצל הדר 11,אפיפית נצרת,IL,קרקר טופז בצל 24/0.110 הד,גרמים,110.00,100 גרם,false,,2.90,0.0264,true,1,1386932
7290011489700,false,פרורי ביסקוויט בטעם שוקו 300 גר'.,אפיפית נצרת,IL,פירורי בסקויט בטעם שוקו,גרמים,300.00,100 גרם,false,,5.90,0.0197,true,1,1386940
7290011499051,false,פטה כבשים מסורתית 20% בגביע 250 גרם - רובין,MKN עבור מחלבות גד ב,IL,פטה כבשים 20% בגביע 250 ג,גרמים,250.00,100 גרם,false,,23.90,0.0956,true,1,1366831
7290011499105,false,בולגרית מסורתית 5% 250 גרם -רבנות,ג'נרל מילס סאן אדריא,IL,בולגרית גביע 250 גרם 5%,גרמים,250.00,100 גרם,false,,21.90,0.0876,true,1,1366832
7290011499112,false,בולגרית מסורתית 16% 250 גרם - רבנות,"מיוצר ע""י dsh",IL,בולגרית גביע 250 גרם 16%,גרמים,250.00,100 גרם,false,,21.90,0.0876,true,1,1366833
7290011499303,false,פטה עיזים מעודנת 5% בגביע 250 גרם - רבנות,ג'נרל מילס סאן אדריא,IL,בולגרית מעודנת עזים 5% 25,גרמים,250.00,100 גרם,false,,29.90,0.1196,true,1,1366839
7290011499327,false,גבינה בולגרית מעודנת 5% 250 גרם - רבנות,מיוצר על ידי DSH עבו,IL,בולגרית מעודנת 250 גרם 5%,גרמים,250.00,100 גרם,false,,21.90,0.0876,true,1,1366841
7290011499341,false,קשקבל בוואקום 26% 200 גרם - רבנות,הנסיך- מפעל לייצור ט,IL,קשקבל 250 גרם,גרמים,200.00,100 גרם,false,,25.90,0.1295,true,1,1366843
7290011499358,false,גבינה פטה עיזים 200 גר',מיוצר על ידי קוד יצר,IL,פטה עיזים 20% בשקית 200 ג,גרמים,200.00,100 גרם,false,,24.90,0.1245,true,1,1366844
7290011499419,false,גבינה במרקם שמנת בטעם טבעי 5% ניו יורק,מחלבות גד,IL,גבינת שמנת NEY YORK לייט,גרמים,200.00,100 גרם,false,,12.90,0.0645,true,1,1366847
7290011499525,false,גד לאבנה דרוזית 9% 500 ג',מחלבות גד בעמ,IL,לאבנה דרוזית 9% 500 גרם,גרמים,500.00,100 גרם,false,,18.90,0.0378,true,1,1366851
7290011499624,false,שמנת 30% ניו יורק טבעי 200 גרם רבנות,מחלבות גד,IL,גבינת שמנת NEY YORK טבעי,גרמים,200.00,100 גרם,false,,12.90,0.0645,true,1,1366853
7290011499846,false,גבינת ריקוטה פרסקה 9% 300 ג' גד,מחלבות גד בעמ,IL,גביע ריקוטה פרסקה 9% 300,גרמים,300.00,100 גרם,false,,16.90,0.0563,true,1,1366865
7290011499853,false,גבינת שמנת עם זיתים 30% ניו יורק,מחלבות גד (שיווק 199,IL,גבינת שמנת NEY YORK זיתים,גרמים,200.00,100 גרם,false,,12.90,0.0645,true,1,1366866
7290011501617,false,חמוציות ברכז תפוחים ללא תוספת סוכר 250 גרם,"דין שיווק וקלייה בע""",IL,חמוציות ברכז תפוחים,גרמים,250.00,100 גרם,false,,12.90,0.0516,true,1,1366475
7290011501716,false,שקד טבעי 250 גרם,דין שיווק,,שקד טבעי 250 גרם,גרמים,250.00,100 גרם,false,,24.90,0.0996,true,1,1366478
7290011501723,false,תערובת פיצוחים 250 ג,דין שיווק,,תערובת פיצוחים 250 ג,גרמים,250.00,100 גרם,false,,19.90,0.0796,true,1,1366479
7290011502850,false,דלישס מיזלי עם פירות 500גר,"דין שיווק וקלייה בע""",IL,גרנולה מוזלי פירות 5,גרמים,500.00,100 גרם,false,,12.90,0.0258,true,1,1366481
7290011502867,false,דלישס גרנולה במבחר אגוזים 500גר,"דין שיווק וקלייה בע""",IL,גרנולה אגוזים 500 גר,גרמים,500.00,100 גרם,false,,12.90,0.0258,true,1,1366482
7290011502874,false,דלישס גרנולה עם פירות יבשים 500גר,"דין שיווק וקלייה בע""",IL,גרנולה פירות 500 גרם,גרמים,500.00,100 גרם,false,,12.90,0.0258,true,1,1366483
7290011505806,false,קיסמי שיניים דנטאליים מפלסטיק 200 יחידות בחבית,W.H.J.C. Co,CN,קיסמי שיניים דנטאליי,יח',200.00,יח',false,,5.90,0.0295,true,1,1361203
7290011518561,false,"אקטימל תות משפחתי מארז 14X100מ""ל",מיוצר עי קונדיטוריית,IL,אקטימל 14 תות,גרמים,1512.00,100 גרם,false,,31.50,0.0208,true,1,1380745
7290011522605,false,"גלייז מעצב שיער לתלתלים 400 מ""ל",ג'נרל מילס סאן אדריא,IL,גלייז לשיער כחול,מיליליטרים,400.00,"100 מ""ל",false,,24.90,0.0622,true,1,1385313
7290011524548,false,גרגירי חומוס 800 ג' פרי הגליל,"פרי הגליל בע""""מ",IL,חומוס 800פג,גרמים,800.00,100 גרם,false,,14.90,0.0186,true,1,1386215
7290011524555,false,שעועית לבנה אפויה 800 ג' פרי הגליל,"פרי הגליל בע""""מ",IL,שע.לבנה 800פג,גרמים,800.00,100 גרם,false,,14.90,0.0186,true,1,1386216
7290011524968,false,פולי סויה מוקפאים Green & Fresh,גרין אנד פרש Green & Fresh,IL,פולי סויה 1קג פג,קילוגרמים,1.00,"ק""ג",false,,14.90,14.9000,true,1,1386225
7290011525323,false,אל סבון טיפולי לתינוק קמיל בלו סנסטיב שיבולת שועל,"ד""ר פישר Dr fischer",IL,קמיל בלו סנסיטיב אל סבון,מיליליטרים,500.00,"100 מ""ל",false,,19.90,0.0398,true,1,1390611
7290011525712,false,"קמיל בלו סנסיטיב אל סבון לפני השינה, 1 ליטר","ד""ר פישר Dr fischer",IL,קמיל בלו סנסיטיב אל סבון,ליטרים,1.00,ליטר,false,,24.90,24.9000,true,1,1390614
7290011525729,false,שמפו לתינוק קמיל בלו סנסטיב לפני השינה עם לבנדר וקמומיל,"ד""ר פישר Dr fischer",IL,קמיל בלו סנסיטיב שמפו לפנ,ליטרים,1.00,ליטר,false,,24.90,24.9000,true,1,1390615
7290011570132,false,"קמח תחליף ללא גלוטן 1 ק""ג",אשבל מזון פונקציונלי,IL,קמח ללא גלוטן,קילוגרמים,1.00,"ק""ג",false,,18.90,18.9000,true,1,1378510
7290011570781,false,תערובת להכנת עוגה בטעם וניל ללא גלוטן,אשבל -מזון פונקציונל,IL,תערובת להכנת עוגה בט,גרמים,450.00,100 גרם,false,,19.90,0.0442,true,1,1511573
7290011570798,false,תערובת להכנת עוגה בטעם שוקולד ללא גלוטן,אשבל -מזון פונקציונל,IL,תערובת להכנת עוגה בט,גרמים,450.00,100 גרם,false,,19.90,0.0442,true,1,1511574
7290011570934,false,תערובת להכנת פנקייק ללא גלוטן 500 ג',אשבל מזון פונקציונאל,IL,קמח לפנקייק ללא גלוט,גרמים,400.00,100 גרם,false,,19.90,0.0497,true,1,1912113
7290011575007,false,"הפי מרסס שומר ברק למקלחון 750 מ""ל",יעקובי הפי,DE,הפי למקלחון - מסיר אבנית-,מיליליטרים,750.00,"100 מ""ל",false,,14.90,0.0199,true,1,1364539
7290011575250,false,הפי ספוג מבריק נעליים,יעקבי - הפי Hepi,ES,הפי מבריק נעלים שקוף 8548,יחידה,0.00,יחידה,false,,9.90,0.0000,true,1,1364544
7290011587451,false,גרנולה בתוספת פירות ואגוזים,ויטליה,IL,גרנולה+פירות ואגוזים,גרמים,600.00,100 גרם,false,,14.90,0.0248,true,1,2237288
7290011587468,false,מוזלי קראנצ'י בתוספת אגוזים,Vitalia nikola ltd,MK,מוזלי 600 גרם קראהצי,גרמים,600.00,100 גרם,false,,14.90,0.0248,true,1,1378522
7290011587635,false,מקרל מרוקאי ברוטב עגבניות 125 גר,תומר,,מקרל מרוקאי ברוטב עג,גרמים,125.00,100 גרם,false,,5.90,0.0472,true,1,1378526
7290011587642,false,מקרל עם פלפל חריף בשמן חמניות,תומר,,מקרל מרוקאי חריף,גרמים,125.00,100 גרם,false,,5.90,0.0472,true,1,1378527
7290011587697,false,ממרח עגבניות מיובשות פסטו תומר 340 ג',Sunto gida sun ve ti,TR,ממרח עגבניות 360 גרם,גרמים,360.00,100 גרם,false,,12.90,0.0358,true,1,1378528
7290011587833,false,חצאי עגבניות מיובשות מתובלות בשמן חמניות ועשבי תיבול,יושלם,,עגבניות מיובשות בשמן,גרמים,340.00,100 גרם,false,,12.90,0.0379,true,1,1378532
7290011587857,false,עגבניות מיובשות בשמן חמניות ועשבי תיבול תומר 250 ג',יושלם,TR,עגבניות מיובשות 250,גרמים,250.00,100 גרם,false,,9.90,0.0396,true,1,1378534
7290011598211,false,"סנו - אנטי קאלק מרסס ניקוי כללי 4 ב-1 700 מ""ל",מיוצר עי קונדיטוריית,IL,סנו אנטי קאלק נ.כללי700מ,מיליליטרים,700.00,"100 מ""ל",false,,18.90,0.0270,true,1,1358864
7290011598365,false,מטליות מקרופייבר מקצועיות 4 יח' סנו סושי,סנו סושי,IL,ארבע מטליות מיקורופי,יח',4.00,יח',false,,19.90,4.9750,true,1,1358866
7290011598372,false,מטלית מיקרופייבר פרופשיונל לרצפה סנו סושי,סנו מפעלי ברונוס.,CN,מטלית רצפה פרופשיונל,יח',1.00,יח',false,,16.90,16.9000,true,1,1358867
7290011607180,false,"אבקת כביסה קולון 101 1.25 ק""ג",ריקט בנקיזר ( ניר אי,IL,קולון 101 1.25,קילוגרמים,1.25,"ק""ג",false,,19.90,15.9200,true,1,1348365
7290011607197,false,"אבקת כביסה קולון 101 5 ק""ג",רקיט בנקיזר,IL,קולון 5.101 קג,קילוגרמים,5.00,"ק""ג",false,,39.90,7.9800,true,1,2111281
7290011615260,false,"טורטייה 20 ס""מ קוטר וילי פוד 540 גר",מוטלוקל גידה סאנאי ט,TR,טורטייה ( 20ס'מ קוטר) 540,גרמים,540.00,100 גרם,false,,7.90,0.0146,true,1,1347839
7290011615277,false,"עלי טורטיוה קמח חיטה 25ס""מ 12יח' ויליפוד 840 ג'",מוטלוקל גידה סאנאי ט,TR,טורטייה ( 25ס'מ קוטר) 840,גרמים,840.00,100 גרם,false,,14.90,0.0177,true,1,1826611
7290011615406,false,בולגרית בקוביות בשמן ותבלינים הבולגריה 325 ג' קוליוס,"קוליוס אס. איי, גריק",GR,הבולגריה בקוביות (בשמן ות,גרמים,325.00,100 גרם,false,,12.90,0.0397,true,1,1347842
7290011618025,false,בייבי ביס הוט קידס נגיסי אורז לתינוק,גואנז'ו יונג וואנט פ,CN,נגיסי אורז לתינוקות בטעם,גרמים,50.00,100 גרם,false,,11.90,0.2380,true,1,1392073
7290011618124,false,בייבי ביס חטיף אורז בטעם ירקות,גואנז'ו יונג וואנט פ,CN,נגיסי אורז לתינוקות בטעם,גרמים,50.00,100 גרם,false,,11.90,0.2380,true,1,1392077
7290011622305,false,כתמטמינים חטיף לתינוקות אצבעות בוטנים ותירס - רביעיה,הארט Heart,IL,מארז 4 יחידות כתמטמינים 4,גרמים,20.00,100 גרם,false,,10.00,0.5000,true,1,1348167
7290011622428,false,כתמטמינים-חטיף בריאות לתינוקות וילדים 45 ג',מיוצר עבור גולדן האר,IL,'כתמטמינים 45גר,גרמים,45.00,100 גרם,false,,5.90,0.1311,true,1,1348172
7290011622664,false,כתמטמינים - חטיף אצבעות טחינה אורז ותירס 45 גרם,אלס נוטרישן,IL,כתמטמינים טחינה 45 ג,גרמים,45.00,100 גרם,false,,5.90,0.1311,true,1,1706787
7290011622701,false,טבעונים - חטיף טבעות דגנים מלאים בטעם גזר וסלק 45 גרם,אשבול,IL,טבעוניים חטיף בריאות,גרמים,45.00,100 גרם,false,,5.90,0.1311,true,1,2093416
7290011622763,false,ביסקוויטמינים פלוס בטעם וניל 150 גרם,מולינו ניקולי s.p.a,IL,ביסקווטמינים פלוס ונ,גרמים,150.00,100 גרם,false,,14.90,0.0993,true,1,2259255
7290011644000,false,מקלות תירס ממותקים 80 גרם,סנקי,IL,"""סנקי"" חטיף תירס מקל",גרמים,80.00,100 גרם,false,,3.90,0.0487,true,1,2265890
7290011668457,false,פנינה רוזנבלום-שמפו שמן זית לשיער גלי 750,א.ל ארמן,IL,שמפו שמן זית,מיליליטרים,750.00,"100 מ""ל",false,,12.90,0.0172,true,1,1386849
7290011668570,false,גרנולה פירות יבשים ללא תוספת סוכר,בריא מהטבע פנינה רוזנבלום,IL,גרנולה פירות יבשים,גרמים,450.00,100 גרם,false,,22.90,0.0509,true,1,1386856
7290011668587,false,חגיגת גרנולה טעם עשיר 500 גרם,בריא מהטבע פנינה רוזנבלום,IL,גרנולה טעם עשיר.,גרמים,500.00,100 גרם,false,,22.90,0.0458,true,1,1386857
7290011695545,false,אלפא אטבים איכותיים 55 יח`,,,אטבים איכותיים אלפא,יח',55.00,יח',false,,8.90,0.1618,true,1,1368577
7290011695552,false,אטבי סיליקון איכותיים 10 יח,,,אטבי סיליקון איכותיי,יח',10.00,יח',false,,5.90,0.5900,true,1,1368578
7290011695651,false,צנימים עגולים 300 גרם נאמן,S.P.A ניולט,IL,צנימים עגולים.,גרמים,300.00,100 גרם,false,,11.90,0.0397,true,1,1368579
7290011695712,false,חמאת בוטנים עם שברי 510 ג' NEEMAN,נאמן,,חמאת בוטנים קרמי אדו,גרמים,510.00,100 גרם,false,,9.90,0.0194,true,1,1368581
7290011695958,false,"חומץ תפוחים נאמן 750 מ""ל",טופ מותגים,,חומץ תפוחים,מיליליטרים,750.00,"100 מ""ל",false,,12.90,0.0172,true,1,1368583
7290011716103,false,פירורי לחם יפני לבן עדין שקית 250 גר,סו שף Su Chef,,פירורי לחם פנקו יפני,גרמים,250.00,100 גרם,false,,5.90,0.0236,true,1,1366486
7290011723101,false,טחינה הר ברכה 1 ליטר,הר ברכה תעשיות,,"טחינה הר ברכה 1 ק""ג",גרמים,1000.00,100 גרם,false,,31.90,0.0319,true,1,1366905
7290011725143,false,לבבות חסה ברכת דוד,קילט ניהול פרוייקטים,IL,לבבות חסה למהדרין,יחידה,0.00,יחידה,false,,7.90,0.0000,true,1,1411746
7290011725402,false,חסה למהדרין היתר מכי,קוסטר - תורכיה,IL,חסה למהדרין היתר מכי,יחידה,0.00,יחידה,false,,4.90,0.0000,true,1,2313189
7290011725419,false,פטרוזיליה למהדרין הי,קונספסיון/ פניסקור/,IL,פטרוזיליה למהדרין הי,יחידה,0.00,יחידה,false,,4.90,0.0000,true,1,2313190
7290011725426,false,כוסברה מהדרין - ארוז,קונסרבאס פרדו,IL,כוסברה למהדרין היתר,יחידה,0.00,יחידה,false,,4.90,0.0000,true,1,2313191
7290011725433,false,נענע למהדרין היתר מכ,קונסרווס אל.ג'י. זאס,IL,נענע למהדרין היתר מכ,יחידה,0.00,יחידה,false,,4.90,0.0000,true,1,2313192
7290011725440,false,שמיר למהדרין היתר מכ,קונסרבס,IL,שמיר למהדרין היתר מכ,יחידה,0.00,יחידה,false,,4.90,0.0000,true,1,2313193
7290011725457,false,בצל ירוק למהדרין הית,קלדש הולמן,IL,בצל ירוק למהדרין הית,יחידה,0.00,יחידה,false,,4.90,0.0000,true,1,2313200
7290011725464,false,סלרי למהדרין היתר מכ,,IL,סלרי למהדרין היתר מכ,יחידה,0.00,יחידה,false,,4.90,0.0000,true,1,2313201
7290011725471,false,עלי סלק למהדרין היתר,קוסמופארם,IL,עלי סלק למהדרין היתר,יחידה,0.00,יחידה,false,,4.90,0.0000,true,1,2313202
7290011725488,false,כרוב לבן למהדרין הית,קוסמופול,IL,כרוב לבן למהדרין הית,קילוגרמים,1.00,"ק""ג",true,,7.90,7.9000,true,1,2313203
7290011725495,false,כרוב אדום למהדרין הי,קוסקוס,IL,כרוב אדום למהדרין הי,קילוגרמים,1.00,"ק""ג",true,,7.90,7.9000,true,1,2313204
7290011732189,false,צמיד 48 יח שקית משפחתית מהדרין,גואנגדונג צאואן פוד,CN,סוכריות צמיד 48 יחיד,גרמים,384.00,100 גרם,false,,19.90,0.0518,true,1,2242013
7290011732820,false,גרעיני תירס מתוק בואקום 340ג',,,גרעיני תירס 340גר' ט,גרמים,340.00,100 גרם,false,,5.90,0.0174,true,1,2377797
7290011732943,false,שקדי מרק 400 גרם טעמן,,,שקדי מרק 400גר' טעמן,גרמים,400.00,100 גרם,false,,8.90,0.0223,true,1,2377798
7290011743833,false,"משחת שיניים סנסודיין פרונאמל 75 מ""ל",גלקסו סמית קליין,GB,"סנסודיין פרונמל 75 מ""ל",מיליליטרים,75.00,"100 מ""ל",false,,23.90,0.3187,true,1,1385317
7290011744885,false,"אקווה פרש משחת שיניים ילדים לשיני חלב 50 מ""ל",גלקסו סמית קליין,SK,א.פרש משחת ילדים לשיני חל,מיליליטרים,50.00,"100 מ""ל",false,,12.90,0.2580,true,1,1385318
7290011744892,false,"אקווה פרש - משחת שיניים ילדים ג'וניור 6+ 50 מ""ל",גלקסו סמית קליין,SK,א.פרש משחת ילדים ג'וניור,מיליליטרים,50.00,"100 מ""ל",false,,12.90,0.2580,true,1,1385319
7290011745707,false,משחת שיניים פרונמל Pro namel לילדים לגילאי 6-12,גלקסו סמית קליין,SK,סנסודיין פרונמל ילדים 50,גרמים,50.00,100 גרם,false,,14.90,0.2980,true,1,1385321
7290011765071,false,ג'ל גילוח לעור רגיל לחות והגנה Moisture,טרופיקל דגיל תעשיות,TR,ג'ל גילוח קרמה רגיל 200מ,מיליליטרים,200.00,"100 מ""ל",false,,19.90,0.0995,true,1,1358870
7290011765118,false,קרמה MEN קצף גילוח דליקט 200 מל,"אביאפ, איסטנבול, תור",TR,קצף גילוח קרמה דליקט200מ,מיליליטרים,200.00,"100 מ""ל",false,,9.90,0.0495,true,1,1358874
7290011765200,false,"סנו מדיק ג'ל לניקוי ידיים עם אולוורה 300 מ""ל",גוד פוד פרודקטס S.p,IL,ג'ל לניקוי ידיים 300,מיליליטרים,300.00,"100 מ""ל",false,,11.90,0.0397,true,1,1358877
7290011765217,false,"סנו מדיק ג'ל לניקוי ידיים אלוורה 100 מ""ל",גוד פוד פרודקטס S.p,IL,ג'ל לניקוי ידיים אלוורה,מיליליטרים,100.00,"100 מ""ל",false,,9.90,0.0990,true,1,1358878
7290011765392,false,שמפו בוב ספוג לסירוק קל מכיל רוזמרין,טרופיקל דגיל תעשיות,IL,שמ.כיף ילדים בוב ספוג750,מיליליטרים,750.00,"100 מ""ל",false,,14.90,0.0199,true,1,1358889
7290011765415,false,"כיף - בוב ספוג מרכך שיער 750 מ""ל",קוסמופארם,IL,מרכ כיף ילד בוב ספוג750מ,מיליליטרים,750.00,"100 מ""ל",false,,14.90,0.0199,true,1,1358891
7290011765422,false,אל סבון מועשר בלחות ותמצית קמומיל - בוב ספוג,קוסמופארם בע''מ,IL,אלסבון כיף בוב ספוג750מל,מיליליטרים,750.00,"100 מ""ל",false,,14.90,0.0199,true,1,1358892
7290011765446,false,משחת שיניים לילדים בוב ספוג בטעם מיץ ענבים עם פלואוריד למניעת עששת,טרופיקל דגיל קוסמטיק,IL,משחה אורביטול ענבים 70 ג,גרמים,70.00,100 גרם,false,,8.90,0.1271,true,1,1358893
7290011765613,false,סנו מסיר עובש בניחות לימון מתז 1 ל',סנו,IL,מתז מסיר עובש בניחוח,ליטרים,1.00,ליטר,false,,18.90,18.9000,true,1,2071353
7290011765620,false,"נוזל כלים סנו גרין פאוור אקולוגי 750 מ""ל",סנו,IL,נוזל כלים אקולוגי GR,מיליליטרים,700.00,"100 מ""ל",false,,9.90,0.0141,true,1,2240986
7290011800840,false,טחינה בלאדי רפי כהן 400 ג' צבר,רפי כהן / צבר,IL,צבר טחינה בלאדי סלטי השף,גרמים,400.00,100 גרם,false,,14.90,0.0373,true,1,1344731
7290011843496,false,שקית בוץ,H&B,IL,שקית בוץ 600 גר,גרמים,600.00,100 גרם,false,,10.90,0.0182,true,1,1375174
7290011851606,false,סחלב תערובת הכנה 500 ג',,,"סחלב 500 ג""ר.",גרמים,500.00,100 גרם,false,,15.90,0.0318,true,1,1368585
7290011857844,false,עוגת דואט חלבי ללא ת,,,עוגת דואט חלבי ללא ת,גרמים,600.00,100 גרם,false,,40.00,0.0667,true,1,1904085
7290011860271,false,ביסבול כדורי פירה בציפוי פריך,"תעשיות תפוגן בע""מ",IL,תפוגן ביסבול טבעי 700 גרם,גרמים,700.00,100 גרם,false,,14.90,0.0213,true,1,1344733
7290011877156,false,"מבשם אוויר, בגדים וארונות פרש בניחוח מאסק",מיוצר עי קונדיטוריית,IL,"סנו פרש ענק מאסק 375 מ""ל",מיליליטרים,375.00,"100 מ""ל",false,,9.90,0.0264,true,1,1358898
7290011877842,false,סנו סושי 2 אריזות ואקום לאחסון 1 יח XXXL,סנו סושי,,אריזות ואקום לאחסון,יח',2.00,יח',false,,24.90,12.4500,true,1,1358908
7290011877859,false,סנו אינסטלטור חדש פותח סתימות 200ג',מיוצר עי קונדיטוריית,IL,סנו אינסטלטור 200 גרם,גרמים,200.00,100 גרם,false,,15.90,0.0795,true,1,1358909
7290011912635,false,ליסטרין שטיפת פה הגנה על השיניים והחניכי,ניאופארם,IT,מי פה ליסטרין טאגד פ,מיליליטרים,250.00,"100 מ""ל",false,,12.90,0.0516,true,1,2095410
7290011912642,false,ליסטרין שטיפת פה הגנה על השיניים והחניכי,ליסטרין Listerine,IT,מי פה ליסטרין TAGD מ,מיליליטרים,500.00,"100 מ""ל",false,,19.90,0.0398,true,1,1345536
7290011923303,false,טופו טבעי 300גרם ליב,א.י.ן תעשיות מזון בע,IL,טופו טבעי 300גרם ליב,גרמים,300.00,100 גרם,false,,9.90,0.0330,true,1,1439027
7290011931162,false,סוכרלייט ממתיק נוזלי על בסיס סוכרלוז,אף.סי תבליני בגליל ב,IL,סוכרלייט נוזלי/6יח'/220גר,גרמים,220.00,100 גרם,false,,24.90,0.1132,true,1,1381448
7290011947309,false,זיתים מצוננים סורי מבוקע ולימון כבוש זיתא 230 ג',זיתא – י.ט.ב תעשיות,IL,זית סורי מבוקע עם לי,גרמים,230.00,100 גרם,false,,12.90,0.0561,true,1,1505924
7290011947316,false,זיתא זיתי קלמטה בשמן זית כתית מעולה 215ג,זיתא - י.ט.ב תעשיות,IL,זיתי קלמטה זיתא 215,גרמים,215.00,100 גרם,false,,12.90,0.0600,true,1,1953184
7290011947781,false,מיקס זית ירוק וזית קלמטה ללא גלעין עם שמן זית 190 ג',זיתא - י.ט.ב תעשיות,IL,מיקס זית ירוק וזית ק,גרמים,165.00,100 גרם,false,,12.90,0.0782,true,1,2269215
7290011947798,false,זית קלמטה ללא גלעין עם שמן זית כתית 190 ג',זיתא - י.ט.ב תעשיות,IL,זית קלמטה ללא גלעין,גרמים,190.00,100 גרם,false,,12.90,0.0679,true,1,2269216
7290011947903,false,מיקס זיתים יווני זיתא 215 ג',זיתא - י.ט.ב תעשיות,IL,מיקס זית יווני,גרמים,215.00,100 גרם,false,,12.90,0.0600,true,1,2309572
7290011964344,false,תבלין שום גבישי 120 ג',"תבליני טעם וריח בע""מ",IL,מיכל שום גבישי 120 גר',גרמים,120.00,100 גרם,false,,9.90,0.0825,true,1,1389479
7290011964566,false,תערובת גריל לעוף 400,"תבליני טעם וריח בע""מ",IL,גריל עוף מיכל 400 גר',גרמים,400.00,100 גרם,false,,14.90,0.0373,true,1,1389482
7290011964658,false,מלח לימון מיכל פלסטי,"תבליני טעם וריח בע""מ",IL,מיכל מלח לימון 170 גר',גרמים,170.00,100 גרם,false,,6.90,0.0406,true,1,1389488
7290011964689,false,תבלין תיבול על האש ללא מונוס' 100ג',"תבליני טעם וריח בע""מ",IL,מיכל על האש ללא מונוסודיו,גרמים,100.00,100 גרם,false,,7.90,0.0790,true,1,1389489
7290011964702,false,תבלין תיבול לשווארמה ללא מונוסו' 100ג',"תבליני טעם וריח בע""מ",IL,מיכל שוארמה ללא מונוסודיו,גרמים,100.00,100 גרם,false,,7.90,0.0790,true,1,1389491
7290011977627,false,סרדינים בשמן צמחי 125 גר',טעים,MA,סרדינים בשמן 125 גרם,גרמים,125.00,100 גרם,false,,4.90,0.0392,true,1,1372281
7290011977634,false,סרדינים פלפל חריף 125ג - רובין טעים,טעים,IL,סרדינים פלפל חריף 12,גרמים,125.00,100 גרם,false,,4.90,0.0392,true,1,1372282
7290011977641,false,סרדינים בלימון 125 גרם - רובין טעים,טעים,IL,סרדינים לימון 125 גר,גרמים,125.00,100 גרם,false,,4.90,0.0392,true,1,1372283
7290011977665,false,טעים סרדינים ברוטב עגבניות 125 גר,טעים,MA,סרדינים רוטב עגבניות,גרמים,125.00,100 גרם,false,,4.90,0.0392,true,1,1372285
7290011996000,false,טעם אסיה אטריות עגבניות 454 ג',פוקולוקו,CN,אטריות עגבניות 454 גרם כש,גרמים,454.00,100 גרם,false,,8.90,0.0196,true,1,1382202
7290011996017,false,טעם אסיה אטריות תרד 454 ג',xiaman vingsheny,CN,אטריות תרד 454 גרם - כשר,גרמים,454.00,100 גרם,false,,8.90,0.0196,true,1,1382203
7290011996031,false,טעם אסיה אטריות בצים 454 ג',מזרח מערב,CN,אטריות ביצים 454 גרם - כש,גרמים,454.00,100 גרם,false,,8.90,0.0196,true,1,1382205
7290011996062,false,אורז לבן עגול מתאים להכנת סושי,טעמי אסיה Taste of Asia,ES,"אורז לסושי 1 ק""ג - כשר",קילוגרמים,1.00,"ק""ג",false,,12.90,12.9000,true,1,1382207
7290011996086,false,"רוטב צ''ילי חריף 700 מ""ל",טעמי אסיה Taste of Asia,TH,"רוטב צ'ילי חריף 700 מ""ל כ",גרמים,700.00,100 גרם,false,,9.90,0.0141,true,1,1382208
7290011996093,false,רוטב צ'ילי מתוק 300,טעמי אסיה Taste of Asia,,צילי מתוק 300 גרם,גרמים,300.00,100 גרם,false,,7.90,0.0263,true,1,1382209
7290011996109,false,"רוטב צ''ילי מתוק 700 מ""ל",טעמי אסיה Taste of Asia,TH,"רוטב צ'ילי מתוק 700 מ""ל כ",גרמים,700.00,100 גרם,false,,9.90,0.0141,true,1,1382210
7290011996123,false,אצות ים נורי גולד 10 דפים כשר,טעמי אסיה Taste of Asia,CN,אצות נורי גולד 10 דפים כש,יח',10.00,יח',false,,10.90,1.0900,true,1,1382211
7290011996130,false,אצות ים קלויות נורי לסושי - 10 דפים,טעמי אסיה Taste of Asia,CN,אצות נורי סילוור 10 דפים,גרמים,25.00,100 גרם,false,,9.90,0.3960,true,1,1382212
7290011996178,false,"רוטב סויה בסגנון יפני 280 מ""ל",guangdong good taste,CN,רוטב סויה נוסח יפני 300 כ,מיליליטרים,280.00,"100 מ""ל",false,,9.90,0.0354,true,1,1382214
7290011996185,false,"חומץ אורז לבן (לסושי) 250 מ""ל",טעמי אסיה Taste of Asia,CN,"חומץ אורז לסושי 250 מ""ל כ",מיליליטרים,250.00,"100 מ""ל",false,,8.90,0.0356,true,1,1382215
7290011996222,false,נוזל אגוזי קוקוס ללא,טעמי אסיה Taste of Asia,TH,"חלב קוקוס מבצע 400 מ""ל כש",מיליליטרים,400.00,"100 מ""ל",false,,6.90,0.0173,true,1,1382218
7290011996277,false,מחצלת עגולה לגלגול סושי,טעמי אסיה Taste of Asia,CN,מחצלת עגולה לגלגול סושי,יחידה,0.00,יחידה,false,,5.90,0.0000,true,1,1382220
7290011996499,false,אטריות אורז דקות טעם וריח 400ג',fujian longhai,CN,אטריות אורז דקות 400 ג' כ,גרמים,400.00,100 גרם,false,,8.90,0.0223,true,1,1382228
7290011996512,false,"טעם אסיה טעם אסיה אטריות אורז 3מ""מ 400ג'",טעמי אסיה Taste of Asia,TH,"אטריות אורז 3 מ""מ 400ג' כ",גרמים,400.00,100 גרם,false,,8.90,0.0223,true,1,1382229
7290011996529,false,אטריות אורז 5 מ''מ טעם אסיה 400 גרם,טעמי אסיה Taste of Asia,TH,"אטריות אורז 5מ""מ 400 ג' כ",גרמים,400.00,100 גרם,false,,8.90,0.0223,true,1,1382230
7290011996581,false,"רוטב חמוץ מתוק 300 מ""ל",טעמי אסיה Taste of Asia,TH,"רוטב חמוץ-מתוק 300 מ""ל- כ",מיליליטרים,300.00,"100 מ""ל",false,,10.90,0.0363,true,1,1382233
7290011996604,false,"רוטב פאד תאי 300 מ""ל",טעמי אסיה Taste of Asia,TH,"רוטב פד-תאי 300 מ""ל כשר",גרמים,300.00,100 גרם,false,,13.90,0.0463,true,1,1382234
7290011996642,false,טעם אסיה שומשום שחור קלוי 100גר,טעמי אסיה Taste of Asia,CN,"שומשום שחור 100 ג""ר -כשר",גרמים,100.00,100 גרם,false,,12.90,0.1290,true,1,1382235
7290011996703,false,טעם אסיה אצות וקאמה 100גר,טעמי אסיה Taste of Asia,,אצות וואקמה 100 גרם,גרמים,100.00,100 גרם,false,,14.90,0.1490,true,1,1382236
7290011996741,false,"חומץ אורז לסושי כשר 500 מ""ל",טעמי אסיה Taste of Asia,,חומץ אורז לסושי 500,מיליליטרים,500.00,"100 מ""ל",false,,11.90,0.0238,true,1,1382237
7290011996758,false,מזרח מערב קמח טמפורה כשר 500ג',טעמי אסיה Taste of Asia,CN,תערובת קמחים לטמפורה 500,גרמים,500.00,100 גרם,false,,10.90,0.0218,true,1,1382238
7290011996789,false,פנקו פירורי לחם בסגנון יפני,טעמי אסיה Taste of Asia,CN,פנקו - פירורי לחם יפניים,גרמים,200.00,100 גרם,false,,7.90,0.0395,true,1,1382240
7290011996802,false,אבקת ווסאבי 70ג' טעמי אסיה,טעמי אסיה Taste of Asia,CN,"אבקת ווסאבי 70 ג""ר כשר",גרמים,70.00,100 גרם,false,,14.90,0.2129,true,1,1382242
7290011996819,false,מזרח מערב אטריות שעועית 250ג,טעמי אסיה Taste of Asia,CN,אטריות שעועית סיני 250ג-כ,גרמים,250.00,100 גרם,false,,5.90,0.0236,true,1,1382243
7290011996888,false,רוטב טריאקי 300 כשר,טעמי אסיה Taste of Asia,TH,"רוטב טריאקי 300 מ""ל כשר",מיליליטרים,300.00,"100 מ""ל",false,,10.90,0.0363,true,1,1382245
7290012001994,false,חרדל דיז'ון גרעינים 350 ג' ריין דיזון,ריין דיז'ון reine dijon,FR,חרדל דיזון 350 גרם,גרמים,350.00,100 גרם,false,,9.90,0.0283,true,1,1345897
7290012019036,false,שיני שום כבושים בחומץ,תומר,,שיני שום צנצנת,גרמים,330.00,100 גרם,false,,10.90,0.0330,true,1,1378539
7290012019265,false,"רסק תפו""ע דיאט תומר מארז 113X4ג'",Cherry growers inc,US,"רסק תפו""ח דיאט 4 יח'",גרמים,452.00,100 גרם,false,,9.90,0.0219,true,1,1378542
7290012052200,false,גרנולה רפאל - אגוזים זרעים ופירות,רפאלס,IL,גרנולה אגזים ופירות,גרמים,800.00,100 גרם,false,,29.90,0.0374,true,1,1400162
7290012052316,false,"גרנולה תענוג 1 ק""ג - שפע פירות",פוקה,IL,גרנולה שפע פירות.,קילוגרמים,1.00,"ק""ג",false,,27.90,27.9000,true,1,1400167
7290012052354,false,גרנולה רפאל-שוקולד ואגוזי לוז 350 גר,רפאלס,IL,גרנולה שוקולד ואגוזי,גרמים,350.00,100 גרם,false,,17.90,0.0511,true,1,1400171
7290012052385,false,מוזלי עם חמוציות ושקדים ללא תוספת סוכר,רפאלס,IL,גרנולה מוזלי עם חמוצ,גרמים,720.00,100 גרם,false,,29.90,0.0415,true,1,1400174
7290012052460,false,צ'וקולומומו - מיקס זרעים לסלט - אורגינל,רפאלס,IL,צוקולומומו מיקס זרעי,גרמים,250.00,100 גרם,false,,17.90,0.0716,true,1,1400175
7290012052880,false,7 דגנים - חטיף חלבה 7 יח' 140 גרם,רפאלס,,חטיף 7 דגנים חלבה רפ,גרמים,132.00,100 גרם,false,,12.90,0.0977,true,1,1448908
7290012052903,false,7 דגנים - חטיף מיקס פירות 7 יח' 140 גרם,רפאלס,,7 דגנים- חטיף מיקס פ,גרמים,132.00,100 גרם,false,,12.90,0.0977,true,1,1448910
7290012052910,false,7 דגנים - חטיף תפוח קינמון 7 יח' 140 גרם,רפאלס,,חטיף 7 דגנים תפוח וק,גרמים,132.00,100 גרם,false,,12.90,0.0977,true,1,1448911
7290012071690,false,אלכוויפס מגבונים לניקוי וחיטוי משטחים,"ד""ר פישר Dr fischer",IL,אלכוגל מגבונים אנטי בקטרי,יח',20.00,יח',false,,12.90,0.6450,true,1,1390622
7290012086113,false,עגבניות שרי אשכולות מארז,ירקט,IL,שרי אשכולות ארוז,יחידה,0.00,יחידה,false,,7.90,0.0000,true,1,1361496
7290012116025,false,שמפו פיית הפרפרים לסירוק קל מכיל רוזמרין,קוסמופארם בע''מ,IL,"שמפו כיף פיות 750 מ""ל",מיליליטרים,750.00,"100 מ""ל",false,,14.90,0.0199,true,1,1358921
7290012116032,false,כיף פיות מרכך לסירוק קל 750 מל,טרופיקל דגיל תעשיות,IL,"מרכך כיף פיות 750 מ""ל",מיליליטרים,750.00,"100 מ""ל",false,,14.90,0.0199,true,1,1358922
7290012116063,false,"כיף אל סבון פיות בתמציות קמומיל 750 מ""ל",טרופיקל דגיל תעשיות,IL,אלסב.כיף פיות קמומיל750מ,מיליליטרים,750.00,"100 מ""ל",false,,14.90,0.0199,true,1,1358923
7290012116360,false,פוליויקס לטיפול ברצפות גרניט פורצלן וקרמיקה,"מפעלי סנו ברונוס בע""",IL,'פוליויקס גרניט פורצלן2ל,ליטרים,2.00,ליטר,false,,24.90,12.4500,true,1,1358930
7290012116537,false,"סנו מקסימה אבקת כביסה 2.5 ק""ג מאסק",טרופיקל דגיל תעשיות,IL,אבקת כב.מקסימה מאסק 2.5ק,קילוגרמים,2.50,"ק""ג",false,,29.90,11.9600,true,1,1358933
7290012116551,false,סנו אנטי קאלק רב שימושי 2 ליטר- 4 ב 1,מיוצר עי קונדיטוריית,IL,"סנו אנטי קאלק רב""ש 2ליטר",ליטרים,2.00,ליטר,false,,27.90,13.9500,true,1,1358934
7290012116612,false,אורביטול מברשת שיניים מארז 4 יח',ג'נרל מילס סאן אדריא,CN,4 מברשות שיניים אורביטול,יח',4.00,יח',false,,14.90,3.7250,true,1,1358940
7290012117039,false,סנו 00 לניקוי אמבטיות 1 ליטר,סנו,IL,"סנו""00"" לניקוי אמבטיה 1ל",ליטרים,1.00,ליטר,false,,8.90,8.9000,true,1,1358959
7290012117275,false,נוזל רב תכליתי לניקוי ולהברקה מילוי,טרופיקל דגיל תעשיות,IL,סנוקליר שקית מילוי 750מל,מיליליטרים,750.00,"100 מ""ל",false,,8.90,0.0119,true,1,1358964
7290012117411,false,שמפו וג'ל רחצה לגבר רויבוס Rooibos,החברה הדרומית,IL,קרמה ג'ל רח.גבר במבוק700,מיליליטרים,700.00,"100 מ""ל",false,,18.90,0.0270,true,1,1358970
7290012117428,false,"קרמה מן שמפו+גל רחצה 2 ב1 700 מ""ל מעינות",טרופיקל דגיל תעשיות,IL,קרמה ג'ל רח.ושמפו גבר700,מיליליטרים,700.00,"100 מ""ל",false,,18.90,0.0270,true,1,1358971
7290012117435,false,"קרמה - שמפו וג'ל רחצה 2 ב-1 אלוורה 700 מ""ל",טרופיקל דגיל תעשיות,IL,קרמה ג'ל רחצה אלוורה700מ,מיליליטרים,700.00,"100 מ""ל",false,,18.90,0.0270,true,1,1358972
7290012117466,false,"קרמה תרחיץ פנים תה ירוק 180 מ""ל",קוסמופארם,IL,קרמה ת.רחצה פנים תה 180מ,מיליליטרים,180.00,"100 מ""ל",false,,14.90,0.0828,true,1,1358973
7290012117534,false,סנו - מקסימה מרכך כביסה מרוכז קול 1 ליטר,"סנו מפעלי ברונוס בע""",IL,מרכ.מקסימה ס.מרוכז קול1ל,ליטרים,1.00,ליטר,false,,17.90,17.9000,true,1,1358978
7290012117541,false,מרכך כביסה מקסימה קומפקט צהוב 1 ל' סנו,החברה הדרומית,IL,מרכך כביסה מקסימה סו,ליטרים,1.00,ליטר,false,,17.90,17.9000,true,1,1358979
7290012117572,false,כפפות לטקס 100 יח' - M סנו סושי,סנו סושי,TH,M כפפות לטקס 100 יח מידה,יח',100.00,יח',false,,32.90,0.3290,true,1,1403084
7290012117589,false,כפפות סנו סושי לטקס L אריזת 100יח',סנו סושי,TH,לטקס 100יח Lכפפות מידה,יח',100.00,יח',false,,32.90,0.3290,true,1,1403085
7290012117916,false,סנו אינסטלאטור פותח סתימות נוזלי 1 ל',"סנו מפעלי ברונוס בע""",IL,'סנו אינסטלטור נוזלי 1 ל,ליטרים,1.00,ליטר,false,,29.90,29.9000,true,1,1358998
7290012191985,false,גפרור קטן מנורה,S.M.P.L,IN,גפרור קטן מנורה,יחידה,0.00,יחידה,false,,2.40,0.0000,true,1,2226047
7290012191992,true,חבילת גפרורים ארוכים,,,חבילת גפרורים ארוכים,יח',45.00,יח',false,,4.90,0.1089,true,1,1382955
7290012192098,false,חלאבין לאבילין רול און 72 שעות אדום,חלאבין Halvin,IL,רול און דאודורנט,מיליליטרים,50.00,"100 מ""ל",false,,24.90,0.4980,true,1,1366663
7290012212055,false,קוקטייל זיתים ישראלי,מוטולה,,קוקטייל זיתים,גרמים,560.00,100 גרם,false,,11.90,0.0213,true,1,1608913
7290012226021,false,סלמי מעושן פראג יבש 400 ג' זוגלובק,זוגלובק,IL,נקניק סלמי מעושן פרא,גרמים,400.00,100 גרם,false,,17.90,0.0447,true,1,1361628
7290012226120,false,*מבצע* זוגלובק קבנוס,זוגלובק,IL,קבנוס 135 גרם,גרמים,135.00,100 גרם,false,,9.90,0.0733,true,1,1361629
7290012226922,false,קבנוס בטעם שום 135 ג' זוגלובק,זוגלובק,IL,קבנוס בטעם שום 135 ג,גרמים,135.00,100 גרם,false,,9.90,0.0733,true,1,1361631
7290012226939,false,קבנוס עם צ'ילי חריף 135ג' זוגלובק,זוגלובק,IL,קבנוס בטעם צ'ילי חרי,גרמים,135.00,100 גרם,false,,9.90,0.0733,true,1,1361632
7290012226991,false,"נקניקיות עוף באריזת ג''מבו 1.5 ק""ג זוגלובק",זוגלובק,IL,נקניקיות ג'מבו 1.5 ק,קילוגרמים,1.50,"ק""ג",false,,34.90,23.2667,true,1,1361635
7290012227172,false,חרמן הודו בדבש וברביקיו זוג במארז 600 ג' זוגלובק,זוגלובק,IL,זוג נקניקים כפרית +ח,גרמים,600.00,100 גרם,false,,29.90,0.0498,true,1,1361638
7290012227325,false,סלמי דק דק מעושן איטלקי 120 ג' זוגלובק,זוגלובק,IL,סלמי מעושן דק דק 120,גרמים,120.00,100 גרם,false,,11.90,0.0992,true,1,1822078
7290012227592,false,פסט' חרמון כפרי וסלמי תה זוגי זוגלובק 300X2ג' מחפוד,זוגלובק,IL,מארז זוג הודו ועוף 3,גרמים,700.00,100 גרם,false,,29.90,0.0427,true,1,1411530
7290012227912,false,קבנוס עודן 135 ג' זוגלובק,זוגלובק,IL,קבנוס מעודן 135 גרם,גרמים,135.00,100 גרם,false,,9.90,0.0733,true,1,1651564
7290012227981,false,פסטרמה דק דק ברביקיו 120 ג' זוגלובק,זוגלובק,IL,פסטרמה ברביקיו 120 ג,גרמים,120.00,100 גרם,false,,11.90,0.0992,true,1,1822129
7290012228124,false,קבנוס סטיקס עם נגיעות מלח ים סדרת ריינהולד'ס,זוגלובק,IL,חטיף קבנוסטיקס-חטיף,גרמים,50.00,100 גרם,false,,9.90,0.1980,true,1,2211861
7290012228278,false,נקנקיות בוקוורסט עוף ובקר ריינהולד'ס 310 ג' זוגלובק,זוגלובק,IL,נקניקיות הודו בקר (ב,גרמים,310.00,100 גרם,false,,19.90,0.0642,true,1,2340717
7290012228728,false,קבנוס סטיקס בסגנון מקסיקני חריף סדרת ריינהולד'ס,זוגלובק,IL,חטיף קבנוסטיקס-בטעם,גרמים,50.00,100 גרם,false,,9.90,0.1980,true,1,2211863
7290012228766,false,קבנוס מחפוד זוגלובק,זוגלובק,IL,קבנוס מחפוד 120 גרם,גרמים,120.00,100 גרם,false,,9.90,0.0825,true,1,2253153
7290012309311,false,ערמונים קלופים שלמים 100 גר,"דין שיווק וקליה בע""מ",CN,ערמונים 100 גרם,גרמים,100.00,100 גרם,false,,6.90,0.0690,true,1,1366490
7290012309878,false,חלבה פיסטוק ששון הקולה 500 ג',דין שיווק,IL,חלבה עם פיסטוק 500 ג,גרמים,500.00,100 גרם,false,,14.90,0.0298,true,1,1366493
7290012313141,false,מלפפון פרוס במלח A2 ק.יבנה 540ג',אף.סי תבליני בגליל ב,IL,מלפפון פרוסות במלח,גרמים,560.00,100 גרם,false,,6.50,0.0116,true,1,1397860
7290012352027,false,קרם לחות מזינה עם שמן אגוז ברזילאי לשיער צבוע ופגום,נטורל פורמולה Natural Formula,IL,ק.לחות+שמן אגוז ברזיל400,מיליליטרים,400.00,"100 מ""ל",false,,19.90,0.0497,true,1,1383698
7290012367700,false,קרם גוף אינטנסיב רליף Intensive relief לעור יבש ומגורה,"ד""ר פישר Dr fischer",IL,אפקטיב קר קרם גוף שיבולת,מיליליטרים,700.00,"100 מ""ל",false,,24.90,0.0356,true,1,1390623
7290012413636,false,תה ירוק צאי מסאלה 25 שקיקים 1.5 גרם,ויסוצקי ירוק,IL,תה ירוק צ'אי מסאלה,גרמים,37.50,100 גרם,false,,22.90,0.6107,true,1,1378227
7290012413643,false,תה ירוק קמומיל 25 שקיקים ויסוצקי,ויסוצקי ירוק,IL,תה ירוק קמומיל,גרמים,37.50,100 גרם,false,,22.90,0.6107,true,1,1378228
7290012454172,false,סוכריות ללא סוכר בטעם יוגורט- תות שדה,מיה תעשיות מזון,IL,סוכריות יוגורט תות ללא סו,גרמים,80.00,100 גרם,false,,6.90,0.0863,true,1,1373053
7290012454202,false,סוכריות ריבת חלב ללא סוכר 80גרם,מיה תעשיות מזון,IL,סוכריות ריבת חלב ללא סוכר,גרמים,80.00,100 גרם,false,,6.90,0.0863,true,1,1373056
7290012454257,false,שזיף מיובש ללא גלעין 200 ג' מיה,מיה תעשיות מזון,IL,שזיף מיובש ללא גלעין 200ג,גרמים,200.00,100 גרם,false,,9.90,0.0495,true,1,1373058
7290012483608,false,"אורז בסמטי מובחר 5 ק""ג",הנסיך- מפעל לייצור ט,IN,אורז בסמטי מובחר 5ק'ג DAA,קילוגרמים,5.00,"ק""ג",false,,52.90,10.5800,true,1,1756483
7290012522581,false,טבעול שניצל תירס ללא גלוטן טבעול 664 גרם,עיצובים 2020 (4.8),IL,טבעול שניצל תירס ללא גלוט,גרמים,664.00,100 גרם,false,,29.90,0.0450,true,1,1344749
7290012561313,false,בצל קצוץ מטוגן דורות,עיצובים 2020 (3.8),IL,דורות בצל מטוגן 400,גרמים,400.00,100 גרם,false,,19.90,0.0497,true,1,2220989
7290012561405,false,בצל חצי מטוגן דורות 180 גרם,עיצובים 2020 (3.8),IL,בצל קצוץ ומטוגן 180 גרם,גרמים,180.00,100 גרם,false,,9.90,0.0550,true,1,1344760
7290012642678,false,אננס בכוסות פלסטיק 4*113 ג' תומר,תומר,,לפתן אננס בכוסות פלס,גרמים,452.00,100 גרם,false,,10.90,0.0241,true,1,1378562
7290012642685,false,אפרסק פירות בכוסות פלסטיק 4*113ג' תומר,תומר,,לפתן אפרסק פירות בכו,גרמים,452.00,100 גרם,false,,10.90,0.0241,true,1,1378563
7290012642852,false,פלפל אדום על האש 520 גר,,IL,פלפל אדום על האש,גרמים,540.00,100 גרם,false,,9.90,0.0183,true,1,1378569
7290012645051,false,יוגורט עיזים בגביע 350 גרם,חלב הארץ,IL,יוגורט עיזים 350 גרם,גרמים,350.00,100 גרם,false,,9.90,0.0283,true,1,2237404
7290012645280,false,"יוגורט כבשים טבעי 2.8% בגביע חלב הארץ 150מ""ל",מחלבות סוסיא,IL,יוגורט בסגנון יווני,גרמים,150.00,100 גרם,false,,5.90,0.0393,true,1,1782802
7290012692741,false,סרקל אקטיב משמיד כינ,מדי פישר,,סרקל אקטיב משמיד כינ,מיליליטרים,100.00,"100 מ""ל",false,,59.90,0.5990,true,1,1987226
7290012697388,false,סוכרזית מצמח הסטיוויה כפית לכפית 100 גר,סוכרזית Sucrazit,IL,סוכרזית מצמח הסטיוויה כפי,גרמים,100.00,100 גרם,false,,29.90,0.2990,true,1,1381455
7290012803055,false,סוכרלוז מרמולייט- 100שקיות אישיות,תות ממתקי איכות,IL,מר' סוכרלוז 100שקיות,יח',100.00,יח',false,,24.90,0.2490,true,1,1392107
7290012803215,false,וופל בלגי בטעם שוקולד ללא תוספת סוכר,בטר אנד דיפרנט,IL,טוסו ופל בלגי בטעם שוקולד,גרמים,200.00,100 גרם,false,,9.90,0.0495,true,1,1392111
7290012803222,false,וופל בלגי בטעם לימון ללא תוספת סוכר,בטר אנד דיפרנט,IL,טוסו ופל בלגי בטעם לימון,גרמים,200.00,100 גרם,false,,9.90,0.0495,true,1,1392112
7290012803314,false,ממתיק על בסיס סוכרלוז - טבליות,מיוצר עי קונדיטוריית,IL,מר' סוכרלוז 300טבליות,יח',300.00,יח',false,,39.90,0.1330,true,1,1392113
7290012803352,false,"רייד ארוסול קוטל מעופפים 300מ""ל",אס.סי.ג'ונסון מידרכט,NL,RAIDקוטל זבובים ויתושים 3,מיליליטרים,300.00,"100 מ""ל",false,,15.90,0.0530,true,1,1392115
7290012803451,false,שוקולד מריר מעולה 62% ללא תוספת סוכר,טוסו tusso,TR,טוסו שוקולד מריר מעולה 10,גרמים,100.00,100 גרם,false,,7.90,0.0790,true,1,1392117
7290012803765,false,שוקולד מריר ללא תוספת סוכר,אלטינמארקה גידה סאן,TR,טוסו שוקולד מריר 100גרם,גרמים,100.00,100 גרם,false,,7.90,0.0790,true,1,1392127
7290012803789,false,שוקולד מריר עם אגוזים ללא תוספת סוכר,האי נאם סי או אל.טי.,TR,טוסו שוקולד מריר עם אגוזי,גרמים,100.00,100 גרם,false,,7.90,0.0790,true,1,1392129
7290012803796,false,שוקולד חלב עם אגוזים ללא תוספת סוכר,אלטינמארקה גידה סאן,TR,טוסו שוקולד חלב עם אגוזים,גרמים,100.00,100 גרם,false,,7.90,0.0790,true,1,1392130
7290012823251,false,כיף אל סבון יסמין לבנדר 1 ליטר משאבה,החברה הדרומית,IL,אל סבון כיף יסמין 1 ליטר,ליטרים,1.00,ליטר,false,,10.90,10.9000,true,1,1359009
7290012823343,false,70מש.שיניים אורביטול לילדים סוכריות גלי,החברה הדרומית,IL,משחת שיניים אורביטול,גרמים,70.00,100 גרם,false,,8.90,0.1271,true,1,2241352
7290012823374,false,מטליות לניקוי כללי אנטי קאלק,מיוצר עי קונדיטוריית,IL,'אנטי קאלק מטליות 50 יח,יח',50.00,יח',false,,10.90,0.2180,true,1,1359012
7290012823381,false,מרכך כביסה מקסימה סנסיטיב מרוכז ורוד 1 ל' סנו,"סנו מפעלי ברונוס בע""",IL,מקסימה ס.מרוכז סנסטיב 1ל,ליטרים,1.00,ליטר,false,,17.90,17.9000,true,1,1359013
7290012823398,false,מטליות חד פעמיות לניקוי הרצפה בניחוח מרכך כביסה 10יח' סנו,סנו מפעלי ברונו בעמ,IL,ריצפז פרש מטליות ענק,יח',10.00,יח',false,,14.90,1.4900,true,1,1675164
7290012823404,false,מטהר אוויר פרש אוטומטיק יסמין וסנדלווד,סנו פרש Fresh,,מטהר אוויר פרש אוטומ,מיליליטרים,250.00,"100 מ""ל",false,,13.90,0.0556,true,1,1359014
7290012823541,false,סנו ריצפז פרש מטליות לחות לריצפה ענק,"סנו מפעלי ברונוס בע""",IL,10 מטל.לחות לריצפה ריצפז,יח',10.00,יח',false,,14.90,1.4900,true,1,1359018
7290012823558,false,סנו סושי מטליות לחות לריצפה ענק 10 יח,סנו מפעלי ברונוס בעמ,IL,10מטליות לחות לרצפה סושי,יח',10.00,יח',false,,14.90,1.4900,true,1,1359019
7290012823565,false,מטליות ענק לחות 10 יח לרצפה עם כריות הגנ,דינאמיק תעשיות,IL,10 מטליות לחות פוליויקס,יח',10.00,יח',false,,19.90,1.9900,true,1,1359020
7290012823589,false,ריצפז פרש בניחוח לימון מרענן,סנו פרש Fresh,IL,סנו ריצפז פרש לימון 2 לי,ליטרים,2.00,ליטר,false,,17.90,8.9500,true,1,1359022
7290012823602,false,נייר טואלט סופט סילק לבן 32 גלילים סנו,טרופיקל דגיל תעשיות,IL,נייר טואלט סופט לבן 32גל,מטרים,589.00,מטר,false,,35.90,0.0610,true,1,1359023
7290012823787,false,"סנו רסס ונגב שקית מילוי 750 מ""ל",סנו,IL,סנו רסס ונגב מילוי 750מל,מיליליטרים,750.00,"100 מ""ל",false,,9.90,0.0132,true,1,1359036
7290012823794,false,כיף אלסבון 2ליטר יסמין לבנדר,קוסמופארם,IL,אל סבון כיף יסמין 2 ליטר,ליטרים,2.00,ליטר,false,,22.90,11.4500,true,1,1359037
7290012823886,false,כיף סבון מוצק אוקינוס 100 ג' * 4 יח',קוסמופארם,IL,סבון כיף אוקיינוס4*100 ג,יח',4.00,יח',false,,10.90,2.7250,true,1,1359044
7290012823923,false,מרכך כביסה סופר מרוכז פרפיום גולדן סנרייז,סנו מפעלי ברונוס בעמ,IL,מ.מקסימה פרפיום גולדן750,מיליליטרים,750.00,"100 מ""ל",false,,19.90,0.0265,true,1,1359045
7290012823947,false,"סנו - מרכך כביסה מרוכז פרפיום קריסטל נואר 750 מ""ל",מיוצר עי קונדיטוריית,IL,מ.מקסימה פרפיום קריסט750,מיליליטרים,750.00,"100 מ""ל",false,,19.90,0.0265,true,1,1359047
7290012838026,false,עוגיות עדי עוגיות מל,,,עוגיות מלוחות,גרמים,350.00,100 גרם,false,,15.90,0.0454,true,1,1402372
7290012850011,false,מחית ביליבד תפוחי עץ 190ג',NOVOFRUCHT SK S.R.O,SK,BELOVED מחית תפוחי עץ 190,גרמים,190.00,100 גרם,false,,5.90,0.0311,true,1,1345557
7290012850035,false,מחית ביליבד תפוח ואפרסק 190ג',NOVOFRUCHT SK S.R.O,SK,BELOVED מחית תפוח ואפרסק,גרמים,190.00,100 גרם,false,,5.90,0.0311,true,1,1345559
7290012871054,false,חיטה תפוחה מתוקה שלווה,מפעלי דגן,,חטיף שלווה מתוקה 220,גרמים,200.00,100 גרם,false,,5.90,0.0295,true,1,1452739
7290012878817,false,קרם חמצן 6% שוורץ,שוורץ Schwartz,IL,"תח' חמ % 6 60 סמ""ק שוו","100 סמ""ק",60.00,"100 סמ""ק",false,,3.00,0.0500,true,1,1366996
7290012884986,false,תפוגן ציפס לתנור עד 4% שומן 1.5 קג,"תעשיות תפוגן בע""מ",IL,תפוגן צ'יפס לתנור 4% שומן,קילוגרמים,1.50,"ק""ג",false,,24.90,16.6000,true,1,1344764
7290012911088,false,"רוטב סויה בהירה 500 מ""ל",טעמי אסיה Taste of Asia,TH,רוטב סויה בהירה 500 מל' -,מיליליטרים,500.00,"100 מ""ל",false,,11.90,0.0238,true,1,1382248
7290012911156,false,"רוטב טריאקי שומשום 300 מ""ל",טעמי אסיה Taste of Asia,TH,"רוטב טריאקי שומשום 300 מ""",מיליליטרים,300.00,"100 מ""ל",false,,13.90,0.0463,true,1,1382250
7290012911262,false,"מירין משובח 500 מ""ל",פוקולוקו,CN,"מירין משובח 500 מ""ל - כשר",מיליליטרים,500.00,"100 מ""ל",false,,16.90,0.0338,true,1,1382255
7290012911293,false,דפי אורז ללא גלוטן 300 ג',טעמי אסיה Taste of Asia,VN,"דפי אורז 22 ס""מ (כשר) 300",גרמים,300.00,100 גרם,false,,12.90,0.0430,true,1,1382256
7290012911422,false,ממרח קארי אדום 400גר,טעמי אסיה Taste of Asia,TH,ממרח קארי אדום 400 גרם -כ,גרמים,400.00,100 גרם,false,,16.90,0.0422,true,1,1382262
7290012911439,false,ממרח קארי צהוב 400גר,טעמי אסיה Taste of Asia,TH,ממרח קארי צהוב 400 גרם -כ,גרמים,400.00,100 גרם,false,,16.90,0.0422,true,1,1382263
7290012911477,false,קרם קוקוס גולד 400 ג,טעמי אסיה Taste of Asia,TH,"קרם קוקוס מבצע 400 מ""ל",גרמים,400.00,100 גרם,false,,8.90,0.0223,true,1,1382264
7290012911583,false,רצועות דלעת כבושה-קנפיו,טעמי אסיה Taste of Asia,CN,רצועות דלעת כבושה - קנפיו,גרמים,100.00,100 גרם,false,,10.90,0.1090,true,1,1382266
7290012911644,false,רוטב סריראצ'ה- רוטב צ'ילי חריף,טעמי אסיה Taste of Asia,,רוטב סריראג'ה צילי ח,מיליליטרים,435.00,"100 מ""ל",false,,19.90,0.0457,true,1,1382268
7290012911651,false,"מקלוני אורז 10 מ""מ Rice stick",טעמי אסיה Taste of Asia,TH,"אטריות אורז 10 מ""מ 400 ג""",גרמים,400.00,100 גרם,false,,8.90,0.0223,true,1,1382269
7290012911675,false,פטריות שיטאקה מיובשות,טעמי אסיה Taste of Asia,IL,"פטריות שטאקה 85 ג""ר - כשר",גרמים,85.00,100 גרם,false,,13.90,0.1635,true,1,1382270
7290012911729,false,ג'ינג'ר ורוד לסושי 250ג',טעמי אסיה Taste of Asia,CN,ג'ינג'ר לסושי ( ורוד ) כש,גרמים,250.00,100 גרם,false,,7.90,0.0316,true,1,1382271
7290012911804,false,"שמן שומשום כשר 150 מ""ל",טעמי אסיה Taste of Asia,SG,"שמן שומשום 150 מ""ל - כשר",מיליליטרים,150.00,"100 מ""ל",false,,11.90,0.0793,true,1,1382273
7290012911941,false,רוטב צ'ילי מתוק ללא תוספת סוכר,טעמי אסיה Taste of Asia,TH,"רוטב צ'ילי מתוק 700 מ""ל",גרמים,700.00,100 גרם,false,,13.90,0.0199,true,1,1382277
7290012911965,false,ג'ינג'ר לסושי ללא צבע כשר 250ג',טעמי אסיה Taste of Asia,CN,"ג'ינג'ר לסושי , ללא צבע -",גרמים,250.00,100 גרם,false,,7.90,0.0316,true,1,1382278
7290012929779,false,פסטה ספירלה מקמח מלא טעמן 500 ג',מוטלו,TR,פסטה ספירלה מקמח מלא,גרמים,500.00,100 גרם,false,,4.90,0.0098,true,1,1372308
7290012929786,false,טעמן פסטה צינורות חיטה מלאה 500גר,מוטלו,TR,פסטה צינורות מקמח מל,גרמים,500.00,100 גרם,false,,4.90,0.0098,true,1,1372309
7290012929793,false,פסטה ספדטי מקמח מלא טעמן 500 גר',מוטלו,TR,ספגטי מקמח מלא 500 ג,גרמים,500.00,100 גרם,false,,4.90,0.0098,true,1,1372310
7290012931734,false,"שייני מבשם נוזלי לבנדר 400 מ""ל",מ.א ייצור ושיווק מטל,,מבשם נוזלי לבנדר 1/24,מיליליטרים,400.00,"100 מ""ל",false,,9.90,0.0248,true,1,1365741
7290012938580,false,"סנסודיין משחת שיניים להלבנה עדינה 75 מ""ל",גלקסוסמית'קליין קונס,GB,סנסודיין הלבנה עדינה 75 מ,מיליליטרים,75.00,"100 מ""ל",false,,19.90,0.2653,true,1,1385338
7290012938597,false,"סנסודיין משחת שיניים רפיד רליף 75 מ""ל","סמיתקליין ביצ'ם בע""מ",SK,סנסודיין רפיד רליף 75 מ'',מיליליטרים,75.00,"100 מ""ל",false,,23.90,0.3187,true,1,1385339
7290012938740,false,"משחת שיניים פרש מינט מנטה 75מ""ל סנסודיין",גלקסו סמית קליין,GB,"סנסודיין פרש מינט 75 מ""ל",מיליליטרים,75.00,"100 מ""ל",false,,19.90,0.2653,true,1,1385342
7290012938924,false,אקוהפרש מי פה ללא אלכוהול 500 מל,מולינו ניקולי s.p.a,GB,"א.פרש מיי פה 500 מ""ל",מיליליטרים,500.00,"100 מ""ל",false,,19.90,0.0398,true,1,1385343
7290012962561,false,הוסטוס קיסמי שיניים 500 יח',הוסטס Hostess,,קיסמי שיניים 500יח',יח',500.00,יח',false,,3.90,0.0078,true,1,1361219
7290012962578,false,צימרוני אוזניים עץ בקופסת פלסטיק 300יח',הדקלאים אגודת שיתופי,CN,צימרוני אוזנים עץ בק,יח',300.00,יח',false,,6.90,0.0230,true,1,1361220
7290012962684,false,"הוסטס שקיות צליה ג'מבו 50X35 ס""מ בקופסה 5 יח'",הוסטס Hostess,TR,שקיות צליה גמבו 5 יח,יח',5.00,יח',false,,4.90,0.9800,true,1,1361226
7290012996702,false,הפי ג'ל דוחה עש ומבשם לארון הבגדים,יעקבי - הפי Hepi,IT,הפי שקיות ריחניות לבגדים,יח',2.00,יח',false,,9.90,4.9500,true,1,1364589
7290013038432,false,מים מזוככים אקווה נובה,אקווה נובה Aqua Nova,IL,מים אקווה נובה 2 ליט,ליטרים,2.00,ליטר,false,,3.20,1.6000,true,1,1362956
7290013083661,false,תרכובת מזון המשך לפעוטות שלב 1 Extra Care,מטרנה תעשיות ש.מ,IL,תרכובת מזון לתינוקות על ב,גרמים,700.00,100 גרם,false,,59.90,0.0856,true,1,1344766
7290013083678,false,תרכובת מזון המשך לפעוטות שלב 2 Extra Care,מולינו ניקולי s.p.a,IL,תרכובת מזון המשך לתינוקו,גרמים,700.00,100 גרם,false,,59.90,0.0856,true,1,1344767
7290013083685,false,תרכובת מזון המשך לפעוטות שלב 3 Extra Care,מטרנה תעשיות ש.מ,IL,תרכובת מזון המשך לפעוטות,גרמים,700.00,100 גרם,false,,59.90,0.0856,true,1,1344768
7290013117212,false,בורקס פילו במילוי גבינה מעדנות 600 גר,מיוצר עי קונדיטוריית,IL,בורקס פילו במילוי גבינה מ,גרמים,600.00,100 גרם,false,,19.90,0.0332,true,1,1379447
7290013117229,false,"בורקס פילו במילוי תפו""א מעדנות 600 גר",מיוצר עי קונדיטוריית,IL,"בורקס פילו במילוי תפו""א מ",גרמים,600.00,100 גרם,false,,19.90,0.0332,true,1,1379448
7290013117236,false,בורקס פילו פיצה מעדנות 600 ג',מיוצר עי קונדיטוריית,IL,בורקס פילו פיצה 600 גר,גרמים,600.00,100 גרם,false,,19.90,0.0332,true,1,1379449
7290013117243,false,בורקס פילו בולגרית מעדנות 600 ג',מיוצר עי קונדיטוריית,IL,בורקס פילו בולגרית 600 גר,גרמים,600.00,100 גרם,false,,19.90,0.0332,true,1,1379450
7290013117410,false,בצק פריך מרודד למאפים מתוקים 900 ג' מעדנות,מיוצר עי קונדיטוריית,IL,בצק פריך מתוק 900 גר מעדנ,גרמים,900.00,100 גרם,false,,22.90,0.0254,true,1,1379453
7290013117427,false,בצק פריך מרודד למאפים מלוחים 900 ג' מעדנות,מיוצר עי קונדיטוריית,IL,בצק פריך מלוח 900 גר מעדנ,גרמים,900.00,100 גרם,false,,22.90,0.0254,true,1,1379454
7290013117526,false,מעדנות בצק שמרים למאפים מתוקים 900 גרם,"מעדנות בע""מ",IL,בצק שמרים למאפים מתוקים 9,גרמים,900.00,100 גרם,false,,22.90,0.0254,true,1,1379458
7290013121042,false,לחם איטלקי ללא גלוטן 500 גר קפוא,אביב קונדיטוריה מעול,IL,לחם איטלקי 500,גרמים,500.00,100 גרם,false,,19.90,0.0398,true,1,1389275
7290013121134,false,בייגל ללא גלוטן 430 גר קפוא,אביב קונדיטוריה מעול,IL,בייגל 430,גרמים,400.00,100 גרם,false,,19.90,0.0497,true,1,1389280
7290013121684,false,כדורי שוקולד ללא גלוטן 400 גר,אביב קונדיטוריה מעול,IL,כדורי שוקולד 400,גרמים,400.00,100 גרם,false,,29.90,0.0747,true,1,1389297
7290013153579,false,משקה בטעם אפרסק מרוכז קפוא,פריגת מצוננים,IL,מיץ אפרסק קפוא 280 ג,גרמים,280.00,100 גרם,false,,9.90,0.0354,true,1,1634831
7290013156006,false,עוגיות כעכים לקפה מרוקאיות 200גר,,,עוגיות מרוקאיות,גרמים,350.00,100 גרם,false,,16.90,0.0483,true,1,1402373
7290013156822,false,עוגיות רייף גיקובס 3,,,עוגיות רייף,גרמים,350.00,100 גרם,false,,16.90,0.0483,true,1,2300289
7290013156846,false,עוגיות מלוחות גיקובס,,,עוגיות מלוחות גייקוב,גרמים,350.00,100 גרם,false,,16.90,0.0483,true,1,2300290
7290013156853,false,עוגיות מרוקאיות,,,עוגיות מרוקאיות,גרמים,350.00,100 גרם,false,,14.90,0.0426,true,1,2344675
7290013156914,false,עוגיות כעך טוניסאי ג,,,עוגיות כעך טוניסאי ג,גרמים,350.00,100 גרם,false,,16.90,0.0483,true,1,2300291
7290013156921,false,עצבעות מתוקות ללא תו,,,עצבעות מתוקות ללא תו,גרמים,350.00,100 גרם,false,,16.90,0.0483,true,1,2300292
7290013268020,false,סנו - מקסימה מרכך כביסה מרוכז אולטרה פרש 1 ליטר,"סנו מפעלי ברונוס בע""",IL,מקסימה סופר מרוכז פרש 1ל,ליטרים,1.00,ליטר,false,,17.90,17.9000,true,1,1359050
7290013268037,false,סנו מקסימה מרכך כביסה פצ''ולי מרוכז סגול 1 ל',"איי, בי, אינבוו",IL,'מקסימה ס.מרוכז לבנדר 1ל,ליטרים,1.00,ליטר,false,,17.90,17.9000,true,1,1359051
7290013268204,false,מגבונים לניקוי וחיטוי מושב האסלה 20 יח' סנו,טרופיקל דגיל- תעשיות,IL,מגבונים לחיטוי מושב,יח',20.00,יח',false,,9.90,0.4950,true,1,1892637
7290013268372,false,פוליויקס פרקט בתוספת שמן אורגן 2 ל',סנו פוליויקס,IL,פוליויקס פרקט בתוספת,ליטרים,2.00,ליטר,false,,19.90,9.9500,true,1,2238510
7290013268440,false,אורביטול צמד מברשות שיניים בובספוג+פיגור,החברה הדרומית,CN,צמד מברשות שיניים בו,יח',2.00,יח',false,,10.90,5.4500,true,1,1442468
7290013268570,false,דאודורנט ספריי אנטיפרספירנט אקטיב בלוק Calm,אמיליה קוסמטיקס,IL,"דאו.קרמה מן קלאם 200 מ""ל",מיליליטרים,200.00,"100 מ""ל",false,,11.90,0.0595,true,1,1359077
7290013268594,false,דאודורנט ספריי לגבר Body Power הגנה אפקטיבית,אמיליה קוסמטיקס,IL,"דאו.קרמה מן פאוור 200מ""ל",מיליליטרים,200.00,"100 מ""ל",false,,11.90,0.0595,true,1,1359079
7290013268884,false,סנו ריצפז פרש 2 ליטר מאסק,מיוצר עי קונדיטוריית,IL,סנו ריצפז פרש מאסק 2ליטר,ליטרים,2.00,ליטר,false,,17.90,8.9500,true,1,1359100
7290013268891,false,מסיר כתמים ג'ל אוקסיג'ן ללא אקונומיקה,"סנו מפעלי ברונוס בע""",IL,אוקסיג'ן ג'ל 3ליטר,ליטרים,3.00,ליטר,false,,29.90,9.9667,true,1,1359101
7290013268907,false,ג'ל כביסה ביו בטמפרטורות נמוכות,"סנו מפעלי ברונוס בע""",IL,מקסימה ג'ל לכביסה 3ל,ליטרים,3.00,ליטר,false,,34.90,11.6333,true,1,1359102
7290013268914,false,סנו מקסימה ג'ל כביסה סמארט 3 ל',סנו מקסימה,IL,ג'ל כביסה SMART מקסי,ליטרים,3.00,ליטר,false,,34.90,11.6333,true,1,1725259
7290013268983,false,מרכך כביסה סופר מרוכז בבישום עוצמתי סנו מקסימה 1 ל',"סנו מפעלי ברונוס בע""",IL,מרכך כביסה מרוכז מקס,ליטרים,1.00,ליטר,false,,17.90,17.9000,true,1,2297286
7290013268990,false,סנו - מקסימה מרכך כביסה מרוכז ביו 1 ליטר,"סנו מפעלי ברונוס בע""",IL,מקסימה מרכך מרוכז ביו1ל,ליטרים,1.00,ליטר,false,,17.90,17.9000,true,1,1359105
7290013269096,false,מטליות לחות לטיפול במוצרי עור,מיוצר עי קונדיטוריית,IL,מטליות למוצרי עור 20יח,יח',1.00,יח',false,,18.90,18.9000,true,1,1359110
7290013269157,false,"מרכך ומבשם מקסימה למייבש לבנדר 750 מ""ל סנו",סנו מקסימה,,מרסס למייבש כביסה סנ,מיליליטרים,750.00,"100 מ""ל",false,,17.90,0.0239,true,1,1359113
7290013269263,false,ג'ל כביסה מרוכז מקסימה בבישום קריסטל נואר,סנו מפעלי ברונוס בעמ,IL,מקסימה ג'ל כביסה 3ליטר,ליטרים,3.00,ליטר,false,,34.90,11.6333,true,1,1359119
7290013269287,false,סנו - מקסימה ג'ל כביסה מרוכז מאסק 3 ליטר,"סנו מפעלי ברונוס בע""",IL,מקסימה ג'ל כביסה מאסק3ל,ליטרים,3.00,ליטר,false,,34.90,11.6333,true,1,1359121
7290013269300,false,ניילון נצמד + לשימוש במיקרוגל,"מיוצר בהונג קונג, סי",CN,ניילון נצמד פלוס 150 מטר,מטרים,150.00,מטר,false,,29.90,0.1993,true,1,1359122
7290013269348,false,K3 תחנת פיתיון קוטל תיקנים (ג'וקים) בבית ובחצר,טרופיקל דגיל תעשיות,IL,סנו -K3 תחנות פיתיון,גרמים,10.00,100 גרם,false,,49.90,4.9900,true,1,2199834
7290013269638,false,ספוג הפלא אקסטרה Extra- מארז 6 יח',החברה הדרומית,IL,ספוג הפלא אקסטרה 6 יחידו,יח',6.00,יח',false,,14.90,2.4833,true,1,1359130
7290013269645,false,מטליות לחות לניקוי הרצפה בניחוח מאסק ריצפז פרש,סנו מפעלי ברונוס בעמ,IL,10מטליות לחות מאסק,יח',10.00,יח',false,,14.90,1.4900,true,1,1359131
7290013269652,false,פולייויקס גרניט פורצלן בניתוח מאסק 2 ל',סנו פוליויקס,IL,פוליויקס ג.פורצלן מאסק2ל,ליטרים,2.00,ליטר,false,,24.90,12.4500,true,1,1359132
7290013269669,false,ריצפז בניחוח פנטזיה לניקוי הרצפה,"סנו מפעלי ברונוס בע""",IL,'ריצפז בניחוח פנטזיה 3 ל,ליטרים,3.00,ליטר,false,,15.90,5.3000,true,1,1359133
7290013269690,false,סנובון ג'ל לניקוי האסלה בניחוח לימון,Nicolas polandמשווק,PL,"סנובון ג'ל לימון 55 מ""ל",מיליליטרים,55.00,"100 מ""ל",false,,14.90,0.2709,true,1,1359134
7290013269751,false,מטליות לחותריצפז פרש לניקוי ריצפה בניחות מלון בוטיק 10 יח' סנו,טרופיקל דגיל תעשיות,IL,ריצפז פרש מטליות ענק,יח',10.00,יח',false,,14.90,1.4900,true,1,2012426
7290013269850,false,סנו - סושי נייר אפיה אקולוגי 50 יח',מולינו ניקולי s.p.a,IL,'נייר אפיה אקולוגי 50 יח,יח',50.00,יח',false,,14.90,0.2980,true,1,1359140
7290013269867,false,"סנו סושי זוג מפות שולחן 120*180 ס""מ",מיוצר עי קונדיטוריית,IL,סנו סושי צמד מפות שולחן,יח',2.00,יח',false,,9.90,4.9500,true,1,1359141
7290013269911,false,"סנו K-333 קוטל חרקים ללא ריח 750מ""ל","סנו מפעלי ברונוס בע""",IL,"סנו ק-333 750מ""ל",מיליליטרים,750.00,"100 מ""ל",false,,29.90,0.0399,true,1,1359144
7290013310057,false,כוסות נייר לשתיה חמה,הוסטס Hostess,,כוסות נייר 50 יח',יח',50.00,יח',false,,8.90,0.1780,true,1,1361228
7290013310378,false,כפפות ניטריל S כחולות ללא אבקה 80 יח' EASY TOUCH,איזי טאץ' Easy touch,TH,כפפות כחולות S ללא א,יח',80.00,יח',false,,21.90,0.2737,true,1,1361241
7290013310385,false,כפפות ניטריל M כחולות ללא אבקה 80 יח' EASY TOUCH,איזי טאץ' Easy touch,TH,כפפות כחולות M ללא א,יח',80.00,יח',false,,21.90,0.2737,true,1,1361242
7290013310392,false,כפפות ניטריל L כחולות ללא אבקה 80 יח' EASY TOUCH,איזי טאץ' Easy touch,TH,כפפות כחולות L ללא א,יח',80.00,יח',false,,21.90,0.2737,true,1,1361243
7290013310408,false,כפפות ניטריל XL כחולות ללא אבקה 80 יח' EASY TOUCH,איזי טאץ' Easy touch,TH,כפפות כחולות XL ללא,יח',80.00,יח',false,,21.90,0.2737,true,1,1361244
7290013310576,false,"כוסות נייר 240-8BOZמ""ל שתיה חם/קר הוסטס 50 יח'",ACSP,CN,כוסות נייר 50 יח',יח',50.00,יח',false,,9.90,0.1980,true,1,1361246
7290013358356,false,מאסטר שף פירורי לחם מוזהבים 320 גרם,מנה י.א בעמ,IL,מנה פירורי לחם מוזהבים 35,גרמים,320.00,100 גרם,false,,9.90,0.0309,true,1,1377750
7290013358363,false,פירורי לחם פנקו מזוהבים מאסטר שף מנה 300 ג',קריניציה ויטמינה אס,IL,מנה פירורי לחם פנקו מוזהב,גרמים,300.00,100 גרם,false,,9.90,0.0330,true,1,1377751
7290013358370,false,פירורי לחם פנקו מוזהבים שום 300 גרם מנה,"מיוצר ע""י מנה י.א בע",IL,מנה פירורי לחם פנקו מוזהב,גרמים,300.00,100 גרם,false,,9.90,0.0330,true,1,1377752
7290013358417,false,מנה אסייאתי רוטב טריאקי 300 מל מאסטר שף,קריניציה ויטמינה אס,TH,"רוטב טריאקי 300 מ""ל",מיליליטרים,300.00,"100 מ""ל",false,,10.90,0.0363,true,1,1442080
7290013358431,false,מאסטר שף קרוטונים לסלט עגבניות ובזיליקום,עינת תעשיות מזון אגו,IL,מנה קרוטונים לסלט עגבניות,גרמים,200.00,100 גרם,false,,9.90,0.0495,true,1,1377755
7290013358448,false,"קרוטונים לסלט אקסטרה ארוכים בתיבול שום, בצל ופטרוזיליה",עינת תעשיות מזון אגו,IL,מנה קרוטונים לסלט אקסטרא,גרמים,200.00,100 גרם,false,,9.90,0.0495,true,1,1377756
7290013358462,false,"מיני קרוטונים למרק בתיבול שום, בצל ופטרוזיליה","עינת תעשיות מזון, אג",IL,מנה מיני קרוטונים למרק שו,גרמים,350.00,100 גרם,false,,17.90,0.0511,true,1,1377758
7290013358486,false,מאסטר שף פירורי לחם ללא צורך בביצה 300 ג,"מיוצר ע""י מנה י.א בע",IL,מנה פירורי לחם מוזהבים לל,גרמים,300.00,100 גרם,false,,9.90,0.0330,true,1,1377759
7290013358493,false,מנה אסייאתי קרם קוקוס פחית 400 מל מ.שף,תאי קוקונט פבליק קומ,TH,קרם קוקוס אסיאתי 400,מיליליטרים,400.00,"100 מ""ל",false,,7.90,0.0198,true,1,1442090
7290013358509,false,"מיקסלט גרעינים, קטניות ואגוזים",בטר אנד דיפרנט,IL,מנה מיקסלט 200 גרם,גרמים,200.00,100 גרם,false,,14.90,0.0745,true,1,1377760
7290013358516,false,"מיקסלט חמוציות, גרעינים, קטניות ואגוזים",המאפיה של הרמן,IL,מנה מיקסלט עם חמוציות 200,גרמים,200.00,100 גרם,false,,14.90,0.0745,true,1,1377761
7290013358523,false,מאסטר שף שבבי בצל מטוגן 150 גרם,קריניציה ויטמינה אס,NL,שבבי בצל מטוגן 150 ג,גרמים,150.00,100 גרם,false,,9.90,0.0660,true,1,1685958
7290013358530,false,מאסטר שף אסייאתי רוטב צ'ילי מתוק 700 מל,קריניציה ויטמינה אס,TH,"רטבים מתוק 700 מ""ל א",מיליליטרים,700.00,"100 מ""ל",false,,12.90,0.0184,true,1,1442125
7290013358547,false,מאסטר שף אסייאתי רוטב צ'ילי חריף 700 מל,קי.אר.אס. ספייסי פוד,TH,"רטבים חריף 700 מ""ל א",מיליליטרים,700.00,"100 מ""ל",false,,12.90,0.0184,true,1,1442082
7290013358578,false,מנה אסייאתי אטריות אורז רחבות 400 ג מ.שף,ליינג טונג רייס פלוו,TH,איטריות אורז רחבות מ,גרמים,400.00,100 גרם,false,,8.90,0.0223,true,1,1442083
7290013358585,false,מנה אסייאתי נודלס ביצים להקפצה 400 מ.שף,הנסיך- מפעל לייצור ט,CN,נודלס ביצים מנה 400,גרמים,400.00,100 גרם,false,,8.90,0.0223,true,1,1442084
7290013358806,false,פריכיות אורז מאורז חום מלא עם מלח,מנה Mana,IL,מנה מאגדת פריכיות אורז עם,גרמים,264.00,100 גרם,false,,12.90,0.0489,true,1,1377764
7290013358837,false,מנה מאגדת פריכיות אורז ללא מלח 264 גר,Mana,,מארז פריכיות מאורז ח,גרמים,264.00,100 גרם,false,,12.90,0.0489,true,1,1819946
7290013361103,false,4 יח' טונה במים ויטה,פרי הגליל,IL,מארז טונה 160X4במים פג,גרמים,640.00,100 גרם,false,,22.90,0.0358,true,1,1386233
7290013361172,false,4 יח' טונה בשמן קנול,,,4 יח' טונה בשמן קנול,גרמים,640.00,100 גרם,false,,22.90,0.0358,true,1,1776119
7290013361981,false,צ'יפס קפוא חתוך פרי הגליל,"פרי הגליל בע""""מ",IL,צ'יפס קטרינג 2פג,קילוגרמים,2.00,"ק""ג",false,,24.90,12.4500,true,1,1386248
7290013361998,false,"סטייק צ'יפס 2 ק""ג פרי הגליל","פרי הגליל בע""""מ",IL,סטייק צ'יפס 2קג פג רבנות,קילוגרמים,2.00,"ק""ג",false,,24.90,12.4500,true,1,1386249
7290013366047,false,כרובית פיורטי (כרובית+ברוקולי),כרמלים,IL,כרובית פיורטי,גרמים,500.00,100 גרם,false,,14.90,0.0298,true,1,2217514
7290013366221,false,נבטי חמנייה כרמל יבו,שחף שיווק,IL,נבטי חמניה,גרמים,150.00,100 גרם,false,,9.90,0.0660,true,1,1391327
7290013366252,false,נבטוטי קטניות כרמל י,כרמלים,IL,נבטי קטניות,גרמים,270.00,100 גרם,false,,9.90,0.0367,true,1,1391330
7290013366634,false,כרמל יבולים חסה סלנו,שמיניית מעדן חלב שוק,IL,חסה סלנובה ראשים,גרמים,160.00,100 גרם,false,,12.90,0.0806,true,1,1391338
7290013366658,false,חסה סלנובה עלים חתוך,כרמל יבולים,IL,חסה סלנובה עלים חתוך,גרמים,150.00,100 גרם,false,,12.90,0.0860,true,1,1391340
7290013381286,false,שקיות אלפא פתח סגור קטן,,,שקיות פתח סגור 40 יח,יחידה,40.00,יחידה,false,,8.90,0.2225,true,1,1368588
7290013381293,false,שקיות אלפא פתח סגור גדול,,,שקיות פתח סגור 20 יח,יחידה,20.00,יחידה,false,,8.90,0.4450,true,1,1368589
7290013381323,false,לימונלה מיץ לימון,נאמן,,מיץ לימון,ליטרים,1.00,ליטר,false,,15.90,15.9000,true,1,1368590
7290013381675,false,"סירופ למלבי נאמן 750מ""ל",,,"סירופ מלבי 750 מ""ל",מיליליטרים,750.00,"100 מ""ל",false,,16.90,0.0225,true,1,1368602
7290013381699,false,קקאו טופ מותגים 500 גרם,נאמן לאורך זמן,,אבקת קקאו,גרמים,500.00,100 גרם,false,,19.90,0.0398,true,1,1368603
7290013389114,false,"ניוקי לה פסטה תפו""א תומר 500 ג'",לה פסטה La' Pasta,,"ניוקי תפו""א 500 גרם.",גרמים,500.00,100 גרם,false,,7.90,0.0158,true,1,1378580
7290013389374,false,קמח תירס פולנטה תומר 500ג',פיקטה piccata,,קמח תירס פולנטה 500,גרמים,500.00,100 גרם,false,,6.90,0.0138,true,1,1378588
7290013389398,false,"קמח תירס דק 1 ק""ג פולנטה",פיקטה piccata,,"קמח תירס דק 1 ק""ג",גרמים,1000.00,100 גרם,false,,9.90,0.0099,true,1,1378590
7290013389893,false,סרדין פילה מרוקאי בשמן תומר 125 ג',,,פילה סרדין בשמן 125,גרמים,125.00,100 גרם,false,,7.90,0.0632,true,1,1378599
7290013389909,false,סרדין פילה מרוקאי חריף תומר 125 ג',,,פילה סרדין חריף 125,גרמים,125.00,100 גרם,false,,7.90,0.0632,true,1,1378600
7290013412966,false,טולי רביעיית מגבונים לחים,DPL,IL,מגבון תולי רביעייה 7,יח',288.00,יח',false,,9.90,0.0344,true,1,1977182
7290013424921,false,קיווי פרוסות קפוא פי,בינזו לונגשינטיאנרן,PL,קיווי פרוס ארוז 500,גרמים,500.00,100 גרם,false,,11.90,0.0238,true,1,2355115
7290013440648,false,מאגדת קרחוני אבטיח 5 יח' נסטלה,גלידות נסטלה (נגה גל,IL,אבטיח 5 יח׳,גרמים,540.00,100 גרם,false,,25.90,0.0480,true,1,1368680
7290013451927,false,פריכיות כוסמת ללא תוספת מלח,זן - בר,IL,פריכיות כוסמת ללא מל,גרמים,175.00,100 גרם,false,,9.90,0.0566,true,1,2273517
7290013472199,false,ערמונים קלופים וקלויים 105 גרם,בייג'גג פוינונג,CN,ערמונים קלופים וקלויים 10,גרמים,100.00,100 גרם,false,,5.90,0.0590,true,1,1347852
7290013472892,false,בולגריה קוביות במי מלח - מרכיבי חלב ושומן צמחי,"קוליוס אס.איי, גריק",GR,הבולגריה בקוביות 200גרם (,גרמים,200.00,100 גרם,false,,9.90,0.0495,true,1,1347856
7290013472908,false,בולגריה קוביות במי מלח,וילי פוד,GR,הבולגריה בקוביות 400גרם (,גרמים,400.00,100 גרם,false,,18.90,0.0472,true,1,1347857
7290013492005,false,תפוח אדמה אדום למיקרו 600 ג',שרווין ווליאמס,IL,תפוח אדמה למיקרו,יחידה,0.00,יחידה,false,,6.90,0.0000,true,1,1387130
7290013525802,false,סחוג אדום שמיר 150 גר',"סלטי שמיר 2006 בע""מ",IL,סחוג אדום 150 גרם,גרמים,150.00,100 גרם,false,,9.90,0.0660,true,1,2216312
7290013531117,false,רוטב פסטה לילדים 240 גרם יכין,"זנלכל בע""מ",IL,רוטב פסטה לילדים 260 ג יכ,גרמים,240.00,100 גרם,false,,5.50,0.0229,true,1,1361713
7290013531346,false,סירופ דיאט לימונענע יכין 1 ליטר,זנלכל,IL,סירופ דיאט למונענע 1,ליטרים,1.00,ליטר,false,,16.90,16.9000,true,1,1361714
7290013531612,false,רוטב לפסטה נפוליטנה 240 גרם יכין,זנלכל,IL,רוטב פסטה נפוליטנה 2,גרמים,240.00,100 גרם,false,,5.50,0.0229,true,1,2268402
7290013531629,false,רוטב לפסטה פומודורו 240 גרם יכין,היינץ צפון אמריקה מק,IL,רוטב פסטה פומדורו 24,גרמים,240.00,100 גרם,false,,5.50,0.0229,true,1,2268408
7290013534057,false,"צ'יפס בטטה טבעי מיה 100ג' 'כשל""פ",מיה תעשיות מזון בעמ,IL,ציפס בטטה,גרמים,100.00,100 גרם,false,,7.90,0.0790,true,1,1507302
7290013539502,false,סטייל קרם לחות ארגן מרוקאי 400 מל,א.ארמן,IL,AS לחות ארגן,מיליליטרים,400.00,"100 מ""ל",false,,24.90,0.0622,true,1,1385344
7290013539915,false,אל סבון נוזלי משאבה תה לבן סטייל 1 ל,סטייל Style,TR,סבון ידיים תה לבן,ליטרים,1.00,ליטר,false,,10.90,10.9000,true,1,1385360
7290013558824,false,תבלין רוקולה /בזיליקום 100 גר,תאי,IL,בזילקום /רוגולה (היד,גרמים,100.00,100 גרם,false,,6.90,0.0690,true,1,2259494
7290013585233,false,"ספרייט זירו פחית סליק 330 מ""ל",גוד פוד פרודקטס S.p,IL,ספרייט ZERO סליק 330 מל,מיליליטרים,330.00,"100 מ""ל",false,,4.50,0.0136,true,1,1374035
7290013585394,false,משקה קוקה קולה 1 ליט,פארייפאבה אגרואינדוס,IL,קוקה קולה 1 ליטר,ליטרים,1.00,ליטר,false,,6.90,6.9000,true,1,1752174
7290013585967,false,מארז ספרייט זירו 6 * 330 פח Fridge- pack,קוקה קולה ישראל,IL,מארז שישיית פחיות ספ,ליטרים,1.98,ליטר,false,,23.90,12.0707,true,1,2164746
7290013608550,false,נקטר תפוזים 1 ל' פרימור,סטאר סנקס,IL,נקטר תפוזים 1 ליטר,ליטרים,1.00,ליטר,false,,7.90,7.9000,true,1,2207141
7290013625212,false,פילה מקרל בשמן צמחי 125 גרם טעים,,,פילה מקרל בשמן צמחי,גרמים,125.00,100 גרם,false,,8.90,0.0712,true,1,1372344
7290013625670,false,סינטטי חומצה אצטית מדוללת למזון 5%,טעמן,,חומץ סינטטי 1 ליטר,ליטרים,1.00,ליטר,false,,3.90,3.9000,true,1,1372353
7290013625922,false,טעמן איטריות 400ג דקות,מוטלו,TR,איטריות 400 גרם דקות,גרמים,400.00,100 גרם,false,,4.90,0.0123,true,1,1372362
7290013625939,false,טעמן איטריות דקיקות 400גר,מוטלו,TR,איטריות 400 גרם דקיק,גרמים,400.00,100 גרם,false,,4.90,0.0123,true,1,1372363
7290013652027,false,קרם גוף לעור רגיל נט,"ד""ר פישר Dr fischer",IL,נטורל קר קרם גוף רגיל - ס,מיליליטרים,450.00,"100 מ""ל",false,,24.90,0.0553,true,1,1390657
7290013652164,false,"ד""ר פישר - נטורל קר מגבונים להסרת איפור לעור רגיש 30 יח' * 3","ד""ר פישר Dr fischer",IL,נטורל קר שלישיית מגבונים,יח',90.00,יח',false,,26.90,0.2989,true,1,1390669
7290013652171,false,"ד""ר פישר - נטורל קר מגבונים להסרת איפור לעור שמן מעורב 30 יח' * 3","ד""ר פישר Dr fischer",IL,נטורל קר שלישיית מגבונים,יח',90.00,יח',false,,26.90,0.2989,true,1,1390670
7290013652645,false,אוליביול Oliveyol קרם לטיפול ומניעת תפרחת חיתולים,"ד""ר פישר Dr fischer",IL,'אוליביול משחה לתינוק 100,גרמים,100.00,100 גרם,false,,29.90,0.2990,true,1,1390673
7290013652768,false,"מסכת החייאה לשיער יבש, צבוע ופגום Natural care","ד""ר פישר Dr fischer",IL,נטורל קר מסכה לשיער יבש/צ,מיליליטרים,450.00,"100 מ""ל",false,,34.90,0.0776,true,1,1390674
7290013652782,false,נטורל קר קרם לחות לשיער מתולתל- יסמין ופרחי מגנוליה,"ד""ר פישר Dr fischer",IL,נטורל קר קרם לחות לשיער מ,מיליליטרים,400.00,"100 מ""ל",false,,16.90,0.0422,true,1,1390676
7290013652799,false,נטורל קר קרם לחות לשיער רגיל/יבש- ורדים וחלב רימונים,"ד""ר פישר Dr fischer",IL,נטורל קר קרם לחות לשיער ר,מיליליטרים,400.00,"100 מ""ל",false,,16.90,0.0422,true,1,1390677
7290013652805,false,"נטורל קר קרם לחות לשיער יבש צבוע פגום, 400 מ""ל","ד""ר פישר Dr fischer",IL,נטורל קר קרם לחות לשיער י,מיליליטרים,400.00,"100 מ""ל",false,,16.90,0.0422,true,1,1390678
7290013652812,false,"נטורל קר קרם ידיים רגיל/יבש 150 מ""ל","ד""ר פישר Dr fischer",IL,נטורל קר קרם ידיים רגיל/י,מיליליטרים,150.00,"100 מ""ל",false,,15.90,0.1060,true,1,1390679
7290013652829,false,קרם ידיים לעור יבש במיוחד Natural care,"ד""ר פישר Dr fischer",IL,נטורל קר קרם ידיים יבש/יב,מיליליטרים,150.00,"100 מ""ל",false,,15.90,0.1060,true,1,1390680
7290013652843,false,נטורל קר שמפו לשיער רגיל- ורדים וחלב רימונים,"ד""ר פישר Dr fischer",IL,נטורל קר שמפו לשיער רגיל,מיליליטרים,700.00,"100 מ""ל",false,,14.90,0.0213,true,1,1390682
7290013652850,false,שמפו נטורל קר לשיער יבש ופגום חינה ושמן ארגאן,"ד""ר פישר Dr fischer",IL,נטורל קר שמפו לשיער יבש/פ,מיליליטרים,700.00,"100 מ""ל",false,,14.90,0.0213,true,1,1390683
7290013652966,false,מרכך נטורל קר לשיער צבוע ליצ'י ותה ירוק,"ד""ר פישר Dr fischer",IL,נטורל קר מרכך לשיער צבוע,מיליליטרים,700.00,"100 מ""ל",false,,14.90,0.0213,true,1,1390694
7290013675965,false,רצועוף בטעם בצל מאמא עוף 500 גרם,תנובה גליל,IL,רצועות חזה עוף בטעם,גרמים,500.00,100 גרם,false,,27.90,0.0558,true,1,2271653
7290013677006,false,חומוס גדול באריזת וואקום Selected,מיה תעשיות מזון בעמ,IL,חומוס גדול סלקטד בוו,גרמים,500.00,100 גרם,false,,9.90,0.0198,true,1,1531883
7290013677020,false,שעועית לבנה בוואקום מיה 500 גר',מיה תעשיות מזון בעמ,IL,שעועית לבנה סלקטד וו,גרמים,500.00,100 גרם,false,,8.90,0.0178,true,1,1531942
7290013677037,false,עדשים ירוקות באריזת וואקום Selected,מיה תעשיות מזון בעמ,IL,עדשים ירוקות סלקטד ו,גרמים,500.00,100 גרם,false,,9.90,0.0198,true,1,1532008
7290013677044,false,עדשים אדומים בוואקום מיה 500 גר',מיה תעשיות מזון בעמ,IL,עדשים אדומות סלקטד,גרמים,500.00,100 גרם,false,,9.90,0.0198,true,1,1531998
7290013677075,false,חיטה בוואקום מיה 500 גר',מיה תעשיות מזון בעמ,IL,חיטה סלקטד וואקום,גרמים,500.00,100 גרם,false,,8.90,0.0178,true,1,1532010
7290013677082,false,שעועית אדומה בוואקום מיה 500 גר',מיה תעשיות מזון בעמ,IL,שעועית אדומה סלקטד ו,גרמים,500.00,100 גרם,false,,9.90,0.0198,true,1,1532000
7290013677099,false,גריסי פנינה בוואקום מיה 500 גר',מיה תעשיות מזון בעמ,IL,גריסים פנינה סלקטד ו,גרמים,500.00,100 גרם,false,,8.90,0.0178,true,1,1531943
7290013677129,false,שעועית מעורבת בוואקום מיה 500 גר',מיה תעשיות מזון בעמ,IL,שעועית מעורבת סלקטד,יחידה,0.00,יחידה,false,,9.90,0.0000,true,1,1532002
7290013677167,false,אורז פרסי בוואקום מיה 500 גר',,,אורז פרסי סלקטד וואק,גרמים,500.00,100 גרם,false,,8.90,0.0178,true,1,1532054
7290013677563,false,קינואה אדומה יבשה מיה 500 גר',,,קינואה אדומה 500 גר,גרמים,500.00,100 גרם,false,,14.90,0.0298,true,1,1816250
7290013677648,false,שמן זית למאור 1 ליטר,מיה תעשיות מזון בעמ,IL,שמן זית למאור 1ליטר בד''ץ,ליטרים,1.00,ליטר,false,,18.90,18.9000,true,1,1373088
7290013677655,false,סודה לשתיה 600גרם צנצנת,מיה תעשיות מזון בעמ,IL,סודה לשתיה 600גרם,גרמים,600.00,100 גרם,false,,19.90,0.0332,true,1,1373089
7290013677662,false,תבלין מלח לימון400 גרם,מיה תעשיות מזון בעמ,IL,מלח לימון 500גרם,גרמים,300.00,100 גרם,false,,19.90,0.0663,true,1,1373090
7290013724939,false,חמוציות בשוקולד מריר 140 גר שקדיה,"דין שיווק וקלייה בע""",IL,חמוציות בשוקולד מריר,גרמים,140.00,100 גרם,false,,9.90,0.0707,true,1,1389122
7290013724960,false,שקדים בשוקולד חלב 140 גר שקדיה,"דין שיווק וקלייה בע""",IL,שקדים בשוקולד חלב 14,גרמים,140.00,100 גרם,false,,9.90,0.0707,true,1,1389125
7290013724977,false,צימוקים בשוקולד מריר 140 גר שקדיה,"דין שיווק וקלייה בע""",IL,צימוקים בשוקולד מריר,גרמים,140.00,100 גרם,false,,9.90,0.0707,true,1,1389126
7290013724984,false,בוטנים בציפוי שוקולד,"דין שיווק וקלייה בע""",,בוטנים בשוקולד מריר,גרמים,160.00,100 גרם,false,,9.90,0.0619,true,1,1389127
7290013724991,false,אגוזי לוז בשוקולד חלב 140 גר שקדיה,"דין שיווק וקלייה בע""",IL,אגוזי לוז בשוקולד חל,גרמים,140.00,100 גרם,false,,9.90,0.0707,true,1,1389128
7290013725639,false,רוטב צילי חריף סו שף,דין שיווק,TH,רוטב צילי חריף 700 ג,גרמים,700.00,100 גרם,false,,7.90,0.0113,true,1,1366499
7290013725646,false,רוטב צילי מתוק סו שף,דין שיווק,TH,רוטב צילי מתוק 700 ג,גרמים,700.00,100 גרם,false,,7.90,0.0113,true,1,1366500
7290013725820,false,אגוזי לוז בשוקולד מריר 140 גר שקדיה,"דין שיווק וקלייה בע""",IL,אגוזי לוז בשוקולד מר,גרמים,140.00,100 גרם,false,,9.90,0.0707,true,1,1389129
7290013725837,false,חטיף שומשום בשוקולד חלב 160גר,"דין שיווק וקלייה בע""",,שומשום בשוקולד חלב 1,גרמים,140.00,100 גרם,false,,9.90,0.0707,true,1,1389130
7290013725844,false,חטיף שומשום בשוקולד מריר 160ג,"דין שיווק וקלייה בע""",IL,שומשום בשוקולד מריר,גרמים,140.00,100 גרם,false,,9.90,0.0707,true,1,1389131
7290013787194,false,רוטב שמנת בטטה 200גר,,IL,רוטב שמנת בטטה 200 ג,גרמים,200.00,100 גרם,false,,12.90,0.0645,true,1,2241034
7290013787408,false,רביולי בטטה 330 גרם ריקו בית יוסף,יוניליוור גרמניה Gm,IL,רביולי בטטה 330 גרם,גרמים,330.00,100 גרם,false,,24.90,0.0755,true,1,2241037
7290013787415,false,רביולי ריקוטה תרד פסטה ריקו 330 גרם,יוניליוור גרמניה Gm,IL,רביולי ריקוטה תרד 33,גרמים,330.00,100 גרם,false,,24.90,0.0755,true,1,2241038
7290013801845,false,כוסות מעוטרות כסף 50,,,כוסות מעוטרות כסף 50,100 יחידה,50.00,100 יחידה,false,,13.90,0.2780,true,1,1400813
7290013847102,false,נתחי טונה בהירה בשמן - מארז שלישיה,סטארקיסט Starkist,TR,טונה בשמן סטארקיסט ש,גרמים,240.00,100 גרם,false,,12.90,0.0538,true,1,2327692
7290013847386,false,נתחי טונה לייט במים ושמן קנולה בטעם טבעי 4%,סטארקיסט Starkist,IL,טונה ס.ק לייט 4 % שו,גרמים,140.00,100 גרם,false,,7.90,0.0564,true,1,1832902
7290013847393,false,נתחי טונה לייט 4% שומן עם עשבי תיבול 140 ג' סטארקיסט,"סטארקיסט פודור בע""מ",IL,טונה ס.ק לייט 4 % שו,גרמים,140.00,100 גרם,false,,7.90,0.0564,true,1,1832903
7290013847454,false,טונה סטארקיסט שמן קנולה רביעיות 4*160 גר,"סטארקיסט פודור בע""מ",IL,טונה סטארקיסט רביעיה,גרמים,640.00,100 גרם,false,,24.90,0.0389,true,1,2309876
7290013847553,false,נתחי טונה בהירה במים דל נתרן - מארז רביעיה,"סטארקיסט פודור בע""מ",TH,טונה סטארקיסט רביעיה,גרמים,640.00,100 גרם,false,,24.90,0.0389,true,1,2084083
7290013847645,false,שלישית טונה בשמן זית 3*80 ג' סטארקיסט,סטארקיסט Starkist,TR,טונה סטארקיסט שלישיי,גרמים,240.00,100 גרם,false,,19.90,0.0829,true,1,2048986
7290013847836,false,נתחי טונה בשמן קנולה זוג * 140 ג' סטארקיסט,סטארקיסט Starkist,IL,מארז זוג טונה סטארקי,גרמים,280.00,100 גרם,false,,12.90,0.0461,true,1,1829195
7290013847867,false,מארז זוג טונה בשמן סויה 140 ג' סטארקיסט,טונה ויטנאם קו. אל.ט,IL,מארז זוג טונה סטארקי,גרמים,280.00,100 גרם,false,,12.90,0.0461,true,1,2170067
7290013848017,false,תרסיס ניקוי והברקת נירוסטה,"סנו מפעלי ברונוס בע""",IL,סנו נירוסטה מרסס 500,מיליליטרים,500.00,"100 מ""ל",false,,19.90,0.0398,true,1,1934844
7290013848345,false,מארז מטליות לחיטוי וניקוי יסודי אנטיבקטריאלי 99.9%,סנו מפעלי ברונוס בעמ,IL,מארז שלישיה מגבונים,יח',150.00,יח',false,,19.90,0.1327,true,1,2111186
7290013848383,false,קרמה מן גל רחצה אקטיב בלוק 700 מל לגבר,טרופיקל דגיל תעשיות,IL,קמה מן ג'ל רחצה אקטיב700,מיליליטרים,700.00,"100 מ""ל",false,,18.90,0.0270,true,1,1359159
7290013848758,false,מקסימה גל כביסה מרוכז בייבי 3ליטר סנסטיב,"סנו מפעלי ברונוס בע""",IL,ג'ל לכביסה בייבי 3 ליטר,ליטרים,3.00,ליטר,false,,34.90,11.6333,true,1,1359181
7290013848796,false,אל סבון מוצק שקד - מארז רביעיה,קוסמופארם,IL,100 *4 סבון מוצק כיף שקד,גרמים,400.00,100 גרם,false,,10.90,0.0273,true,1,1359185
7290013848819,false,אל סבון מוצק לוטוס - מארז רביעיה,קוסמופארם,IL,100*סבון מוצק כיף לוטוס4,גרמים,400.00,100 גרם,false,,10.90,0.0273,true,1,1359187
7290013848833,false,כיף סבון מוצק אצות ים 100 ג' *4 יח',קוסמופארם,IL,סבון מוצק כיף רגיל4*100ג,גרמים,400.00,100 גרם,false,,10.90,0.0273,true,1,1359189
7290013861054,false,צימוקים בשוקולד חלב 140 גר שקדיה,"דין שיווק וקלייה בע""",IL,צימוקים בשוקולד חלב,גרמים,140.00,100 גרם,false,,9.90,0.0707,true,1,1389132
7290013861740,false,ניוקי תפוחי אדמה סו שף 500 ג',סו שף Su Chef,,ניוקי 500 גרם,גרמים,500.00,100 גרם,false,,8.90,0.0178,true,1,1366507
7290013883148,false,סופג ריחות למקרר הפי,יעקבי - הפי Hepi,IT,הפי סופג ריחות במקרר,יחידה,0.00,יחידה,false,,9.90,0.0000,true,1,1364596
7290013883407,false,דזיטול מחטא ומשמיד חיידקים-מרסס,יעקבי - דזיטול Desytol,ES,דזיטול מרסס לחיטוי,מיליליטרים,750.00,"100 מ""ל",false,,14.90,0.0199,true,1,1364606
7290013903594,false,רסק תפוחים טבעי 670 גרם ליב,טעמי הגליל בעמ,IL,רסק תפוחים טבעי 670,גרמים,670.00,100 גרם,false,,11.90,0.0178,true,1,1674345
7290013906441,false,קבנוס טירת צבי 120 גר,הנסיך- מפעל לייצור ט,IL,קבנוס טירת צבי 120 גר',גרמים,120.00,100 גרם,false,,12.90,0.1075,true,1,1379488
7290013906458,false,קבנוס בטעם פיקנטי טירת צבי 120 גר,הנסיך- מפעל לייצור ט,IL,קבנוס פיקנטי טירת צבי 120,גרמים,120.00,100 גרם,false,,12.90,0.1075,true,1,1379489
7290013906489,false,חטיפי מיני קבנוס 120 ג' טירת צבי,הנסיך- מפעל לייצור ט,IL,חטיפי קבנוס טירת צבי 120,גרמים,120.00,100 גרם,false,,12.90,0.1075,true,1,1379490
7290013906519,false,פרושוטו בקר דליקטיב 100 גרם,הנסיך- מפעל לייצור ט,IL,פרושוטו בקר טירת צבי 100,גרמים,100.00,100 גרם,false,,23.90,0.2390,true,1,1379492
7290013906694,false,נקניקיות שקית קילו וחצי טירת צבי,הנסיך- מפעל לייצור ט,IL,"נקניקיות עוף 1.5 ק""ג",קילוגרמים,1.50,"ק""ג",false,,29.90,19.9333,true,1,2345955
7290013927323,false,אחדות עוגת בראוניס 400 גרם,אחדות ביחר לטחינה חל,IL,עוגת בראוניס 400 גרם,גרמים,400.00,100 גרם,false,,10.90,0.0273,true,1,2217264
7290013927637,false,חלווה ללא תוספת סוכר 400 גר' אחוה,אחדות ביחר לטחינה חל,IL,חלוה ללא תוספת סוכר,גרמים,400.00,100 גרם,false,,12.90,0.0323,true,1,2221753
7290013927996,false,עוגת שמרים קראץ' בטעם שוקולד 400 גר',אחדות ביחר לטחינה חל,IL,עוגת שמרים קרנץ בטעם,גרמים,400.00,100 גרם,false,,10.90,0.0273,true,1,2242397
7290013939326,false,מסכה לשיער תמרים 500,ש.שוורץ,IL,"מסכה לשיער תמרים500 סמ""ק",מיליליטרים,500.00,"100 מ""ל",false,,39.90,0.0798,true,1,1367004
7290013939654,false,תרסיס גל אלוורה 250,שוורץ,IL,"תרסיס ג'ל אלוורה 250 סמ""ק","100 סמ""ק",250.00,"100 סמ""ק",false,,19.90,0.0796,true,1,1367014
7290014002128,false,תה ירוק לימונית ומנטה 25 שקיקים ויסוצקי,ויסוצקי ירוק,IL,תה ירוק לימונית מנטה,גרמים,37.50,100 גרם,false,,22.90,0.6107,true,1,1378237
7290014002135,false,תה ויסוצקי ירוק מיקס 5 טעמים 25 יח',תה ויסוצקי,IL,תה ירוק מיקס,גרמים,37.50,100 גרם,false,,22.90,0.6107,true,1,1378238
7290014002197,false,חליטת קמומיל ולימונית 25 שק הגן הקסום,תה ויסוצקי,IL,חליטת קמומיל ולימונית,גרמים,62.50,100 גרם,false,,16.90,0.2704,true,1,1378241
7290014002203,false,תה ויסוצקי חליטת לימונית ולואיזה 20יח',תה ויסוצקי,IL,חליטת לימונית ולואיזה,גרמים,62.50,100 גרם,false,,16.90,0.2704,true,1,1378242
7290014002470,false,תה ויסוצקי קלאסיק - מארז 75 שקיקים,ויסוצקי,,תה ויסוצקי קלאסיק,גרמים,112.50,100 גרם,false,,13.90,0.1236,true,1,2285006
7290014002579,false,ויסוצקי תה ירוק וניל 37.5 גר,ויסוצקי ירוק,IL,תה ירוק וניל,גרמים,37.50,100 גרם,false,,22.90,0.6107,true,1,1378243
7290014002944,false,גן קסום חליטת פירות וצמחים חמדת שקד 25 שקיקים,תה ויסוצקי,IL,חליטת חמדת השקד,גרמים,62.50,100 גרם,false,,16.90,0.2704,true,1,1378251
7290014002982,false,תה ירוק לימונית לואיזה בתוספת עלי סטיביה 25 שקיקים,ויסוצקי ירוק,IL,תה ירוק סטיביה,גרמים,37.50,100 גרם,false,,22.90,0.6107,true,1,1378253
7290014015135,false,בצל פנינה -איקה,,,בצל פנינה -איקה,גרמים,500.00,100 גרם,false,,12.90,0.0258,true,1,2244120
7290014015173,false,שיני שום קלופות -איק,,,שיני שום קלופות -איק,גרמים,180.00,100 גרם,false,,12.90,0.0717,true,1,2297270
7290014046016,false,פסטרמה של פעם דל שומן 2% רכיבים טבעיים,מעדני יחיעם,IL,פסטרמה של פעם 100% 250חומ,גרמים,250.00,100 גרם,false,,24.90,0.0996,true,1,1381983
7290014046047,false,צמד פסטרמות 600 ג' יחיעם,מעדני יחיעם,IL,צמד פסטרמות 600גר',גרמים,600.00,100 גרם,false,,24.90,0.0415,true,1,1381986
7290014046436,false,נשנושי קבנוס 125 ג' יחיעם,מעדני יחיעם,IL,נשנושי קבנוס 125גר',גרמים,125.00,100 גרם,false,,12.90,0.1032,true,1,1381987
7290014046474,false,"נקניקיות עוף 1.5 ק""ג יחיעם",מעדני יחיעם,IL,נקניקיות עוף,קילוגרמים,1.50,"ק""ג",false,,25.90,17.2667,true,1,1541969
7290014046580,false,פסטרמה מעודנת על גחלים 300 ג' יחיעם,מעדני יחיעם,IL,פסט' הודו מעודנת על גחלים,גרמים,300.00,100 גרם,false,,24.90,0.0830,true,1,1381996
7290014046764,false,סלמי פפרוני 200 גרם,מעדני יחיעם,IL,סלמי פפרוני,גרמים,200.00,100 גרם,false,,10.90,0.0545,true,1,1853941
7290014056008,false,"בירה שפירא פייל אייל 330 מ""ל",שפירא,IL,בירה שפירא-פייל אייל,מיליליטרים,330.00,"100 מ""ל",false,,13.90,0.0421,true,1,2236525
7290014056039,false,"בירה שפירא חיטה 330 מ""ל",שפירא,IL,בירה שפירא-חיטה 330,מיליליטרים,330.00,"100 מ""ל",false,,13.90,0.0421,true,1,2236526
7290014059078,false,"אקווה פרש מי פה אקסטרים 500 מ""ל",גלקסו סמית קליין,GB,א.פרש מי פה אקסטרים 500 מ,מיליליטרים,500.00,"100 מ""ל",false,,19.90,0.0398,true,1,1385364
7290014059085,false,"משחת שיניים סנסודיין 75 מ""ל פרימיום לשיקום והגנה","סמית קליין ביצ'ם בע""",GB,סנסודיין משחה לשיקום והגנ,מיליליטרים,75.00,"100 מ""ל",false,,23.90,0.3187,true,1,1385365
7290014059436,false,"משחת שיניים סנסודיין 75 מ""ל פרימיום לשיקום והגנה מלבינה 75 מ""ל","סמית קליין ביצ'ם בע""",GB,75 סנסודיין שיקום והגנה מ,מיליליטרים,75.00,"100 מ""ל",false,,23.90,0.3187,true,1,1385372
7290014066359,false,לנדוור-קפסולות אספרסו בלנסד(06) - 10יח'12X יח,האחים פלם הגפן,IL,קפסולות קפה לנדוור 1,גרמים,80.00,100 גרם,false,,15.90,0.1988,true,1,2092698
7290014066366,false,לנדוור-קפסולות אספרסו ריסטרטו(08) - 10יח'12X יח,קפה לנדוור,IL,קפסולות קפה לנדוור 1,גרמים,80.00,100 גרם,false,,15.90,0.1988,true,1,2092699
7290014066380,false,לנדוור-קפסולות אספרסו סופרימו(10) - 10יח'12X יח,קפה לנדוור,IL,קפסולות קפה לנדוור 1,גרמים,80.00,100 גרם,false,,15.90,0.1988,true,1,2092701
7290014066441,false,לנדוור-קפסולות אספרסו נטול קפאין(07) - 10יח'12X יח,קפה לנדוור,IL,קפסולות קפה לנדוור 1,גרמים,80.00,100 גרם,false,,15.90,0.1988,true,1,2237511
7290014066526,false,לנדוור-קפסולות אספרסו תערובת הבית(11) - 10יח'12X יח,קפה לנדוור,IL,קפסולות קפה לנדוור 1,גרמים,80.00,100 גרם,false,,15.90,0.1988,true,1,2237517
7290014083165,false,וילי פוד ניוקי 500ג,פסטה איטליאנה Pasta Italiana,IT,ניוקי 500גרם ( 12יח'),גרמים,500.00,100 גרם,false,,8.90,0.0178,true,1,1347859
7290014083479,false,גבינת גאודה פרוסות 150 גרם 29% שומן,ג.וילי פוד אינטרנשיו,IL,גבינת גאודה פרוסות 150גרם,גרמים,150.00,100 גרם,false,,9.90,0.0660,true,1,1777620
7290014083806,false,עוגיות בטעם חמאה 350 גרם בפח,וילי פוד,PT,עוגיות בטעם חמאה 350גרם (,גרמים,350.00,100 גרם,false,,11.90,0.0340,true,1,1347878
7290014083813,false,וילי פוד מריגה שפרוטים מעושנים בשמן 190ג,הנסיך- מפעל לייצור ט,LV,שפרוטים מעושנים בשמן 190ג,גרמים,190.00,100 גרם,false,,7.90,0.0416,true,1,1347879
7290014094260,false,שיני שום קלוף קמעונאי,"מרינה פטריות הגליל בע""מ",IL,שום קלוף,גרמים,170.00,100 גרם,false,,9.90,0.0582,true,1,2220619
7290014094338,false,דלעת מקולפת 250 קופסא,"דין שיווק וקלייה בע""",,דלעת מקולפת 200 גרם,גרמים,200.00,100 גרם,false,,14.90,0.0745,true,1,1366509
7290014094352,false,אגוז מלך טבעי בקופסא,"שקדיה גבע תעשיות בע""",,אגוזי מלך 200 גרם בק,גרמים,200.00,100 גרם,false,,19.90,0.0995,true,1,1366511
7290014094369,false,שקד טבעי 200 גר קופסא ששון הקולה,"דין שיווק וקלייה בע""",IL,שקד טבעי 200 גרם בקו,גרמים,200.00,100 גרם,false,,19.90,0.0995,true,1,1366512
7290014094376,false,שזיפים ללא גלעין 330 גר,"דין שיווק וקלייה בע""",,שזיף ללא גלעין 250 ג,גרמים,250.00,100 גרם,false,,19.90,0.0796,true,1,1366513
7290014094383,false,משמש מיובש בקופסא 33,"דין שיווק וקלייה בע""",,משמש 250 גרם בקופסא,גרמים,250.00,100 גרם,false,,19.90,0.0796,true,1,1366514
7290014094390,false,חמוציות מסוכרות בקופ,"דין שיווק וקלייה בע""",,חמוציות 250 גרם בקופ,גרמים,250.00,100 גרם,false,,12.90,0.0516,true,1,1366515
7290014094406,false,צימוק לבן 250 גרם ששון הקולה,"דין שיווק וקלייה בע""",US,צימוק לבן 250 גרם בק,גרמים,250.00,100 גרם,false,,14.90,0.0596,true,1,1366516
7290014094505,false,אורז בסמתי טהור אהרוני 1 ק''ג,האי נאם סי או אל.טי.,IN,"אורז בסמטי 1 ק""ג",קילוגרמים,1.00,"ק""ג",false,,12.90,12.9000,true,1,1366524
7290014094529,false,"רוטב סויה 300 מ""ל אהרוני",הלתי פוד פרודקט,CN,"רוטב סויה 300 מ""ל",מיליליטרים,300.00,"100 מ""ל",false,,10.90,0.0363,true,1,1366526
7290014094536,false,רוטב סויה 623מ''ל אהרוני,דין שיווק,TH,"רוטב סויה 623 מ""ל",מיליליטרים,623.00,"100 מ""ל",false,,19.90,0.0319,true,1,1366527
7290014094628,false,פקאן טבעי 200 ג' בקופסא,"דין שיווק וקלייה בע""",IL,פקאן טבעי 200 גרם בק,גרמים,200.00,100 גרם,false,,22.90,0.1145,true,1,1366533
7290014094642,false,קשיו טבעי גדול 250 גר,"דין שיווק וקלייה בע""",IL,קשיו טבעי גדול 200 ג,גרמים,200.00,100 גרם,false,,24.90,0.1245,true,1,1366535
7290014095496,false,חטיף דגנים עם אגוזים ושוקלד מריר 125 ג',דין שיווק,MK,חטיף דגנים אגוזים בש,גרמים,125.00,100 גרם,false,,9.90,0.0792,true,1,1366538
7290014095861,false,שיבולת שועל דקה 500 גרם קוואקר,"דין שיווק וקלייה בע""",IL,שיבולת שועל דקה 500,גרמים,500.00,100 גרם,false,,4.90,0.0098,true,1,1366550
7290014095953,false,משוקלדים פקאן בשוקולד חלב 140 ג',שקדיה גבע בתעשיות עמ,IL,פקאן בשוקולד חלב 140,גרמים,140.00,100 גרם,false,,9.90,0.0707,true,1,1389137
7290014095960,false,שיבולת שועל עבה 500 גרם קוואקר,"דין שיווק וקלייה בע""",IL,שיבולת שועל עבה 500,גרמים,500.00,100 גרם,false,,4.90,0.0098,true,1,1402439
7290014126343,false,בונומי בישקוטים בטעם קקאו 200 גרם,דנשר,IT,ביסקוטים בונומי קקאו,גרמים,200.00,100 גרם,false,,4.90,0.0245,true,1,1594500
7290014126428,false,מרמולייט סוכרלוז 150 יחידות,מיוצר עי קונדיטוריית,CN,מר' סטיביה 150טבליות,יח',150.00,יח',false,,26.90,0.1793,true,1,1392151
7290014204010,false,פנינה רוזנבלום-מרכך צבוע ורוד 750,א.ל ארמן,IL,מרכך לשיער צבוע 750,מיליליטרים,750.00,"100 מ""ל",false,,12.90,0.0172,true,1,1386867
7290014204034,false,"פנינה מרכך לשיער קלאסי, 750 מ""ל",א.ל ארמן,IL,"מרכך יומי 750 מ""ל",מיליליטרים,750.00,"100 מ""ל",false,,12.90,0.0172,true,1,1386869
7290014204478,false,"פנינה קרם גוף מס' 4 340 מ""ל",א.ל ארמן,IL,קרם גוף פנינה מס 4,מיליליטרים,340.00,"100 מ""ל",false,,24.90,0.0732,true,1,1386870
7290014204638,false,מרכך לאחר החלקה מועשר בקרטין,פנינה רוזנבלום PR,IL,מרכך שיער לאחר החלקה,מיליליטרים,750.00,"100 מ""ל",false,,24.90,0.0332,true,1,1415182
7290014204645,false,שמפו לאחר החלקה מועשר בקרטין,פנינה רוזנבלום PR,IL,שמפו לאחר החלקה 750,מיליליטרים,750.00,"100 מ""ל",false,,24.90,0.0332,true,1,1415183
7290014204713,false,פנינה רוזנבלום תרסיס גוף 250 מל,פנינה רוזנבלום,IL,"תרסיס גוף 250 מ""ל",מיליליטרים,250.00,"100 מ""ל",false,,29.90,0.1196,true,1,1386881
7290014217003,false,תבלין פפריקה מעושנת מיכל 90ג',"תבליני טעם וריח בע""מ",IL,מיכל פפריקה מעושנת 90 גר',גרמים,90.00,100 גרם,false,,7.90,0.0878,true,1,1389499
7290014217065,false,תבלין אורגנו עלים 30 גר',"תבליני טעם וריח בע""מ",IL,מיכל אורגנו 30 גר',גרמים,30.00,100 גרם,false,,5.90,0.1967,true,1,1389505
7290014217119,false,תערובת לצ'יפס מיכל 100 ג',"תבליני טעם וריח בע""מ",IL,מיכל תע' לצ'יפס 100 גר',גרמים,100.00,100 גרם,false,,7.90,0.0790,true,1,1389506
7290014217164,false,תבלין פטרוזיליה מיכל גדול 20 ג',"תבליני טעם וריח בע""מ",IL,מיכל פטרוזיליה 20 גר',גרמים,20.00,100 גרם,false,,5.90,0.2950,true,1,1389510
7290014217171,false,תערובת תיבול תיבול גריל דג מיכל 100ג',"תבליני טעם וריח בע""מ",IL,מיכל גריל דג תיבול 100גר',גרמים,100.00,100 גרם,false,,7.90,0.0790,true,1,1389511
7290014217201,false,תערובת תיבול סומק 45 גר',"תבליני טעם וריח בע""מ",IL,תערובת תיבול סומק,גרמים,45.00,100 גרם,false,,4.90,0.1089,true,1,1439829
7290014217225,false,תבלין גריל עוף מיכל 120גר,"תבליני טעם וריח בע""מ",IL,מיכל גריל עוף 120 גר',גרמים,120.00,100 גרם,false,,7.90,0.0658,true,1,1389512
7290014217263,false,תערובת תיבול לפרגיות 100ג',"תבליני טעם וריח בע""מ",IL,תיבול לפרגיות,גרמים,100.00,100 גרם,false,,7.90,0.0790,true,1,1460346
7290014217348,false,צ'ילי כתוש חריף (פלפל קיינה),"תבליני טעם וריח בע""מ",IL,מיכל צ'ילי כתוש 70 גר',גרמים,70.00,100 גרם,false,,7.90,0.1129,true,1,1389515
7290014217355,false,תבלין אבקת קרי מיכל 100ג',"תבליני טעם וריח בע""מ",IL,מיכל קרי אבקה 100 גר',גרמים,100.00,100 גרם,false,,7.90,0.0790,true,1,1389516
7290014217362,false,תבלין תיבול לקציצות מיכל 100 ג',"תבליני טעם וריח בע""מ",IL,מיכל תיבול לקציצות 100גר',גרמים,100.00,100 גרם,false,,7.90,0.0790,true,1,1389517
7290014217393,false,אבקת צ'ילי חריף 30 גרם,"תבליני טעם וריח בע""מ",IL,אבקת צילי חריף 30 גר,גרמים,30.00,100 גרם,false,,4.90,0.1633,true,1,2306014
7290014217478,false,תערובת עשבי תיבול איטלקי ים תיכוני 30ג',"תבליני טעם וריח בע""מ",IL,תערובת עשבי תיבול אי,גרמים,30.00,100 גרם,false,,5.90,0.1967,true,1,1467289
7290014217492,false,תערובת תיבול פילדלפיה,"תבליני טעם וריח בע""מ",IL,פילדלפיה תיבול מיכל,גרמים,100.00,100 גרם,false,,7.90,0.0790,true,1,2002404
7290014217522,false,תערובת ללחם שום טעם וריח 100 ג',"תבליני טעם וריח בע""מ",IL,לחם שום תערובת מיכל,גרמים,100.00,"100 ג""ר",false,,8.90,0.0890,true,1,2002396
7290014218321,false,בורקס אישי גבינה מעדנות 4* 150 גרם,מיוצר עי קונדיטוריית,IL,בורקס יפו גבינה מעדנ,גרמים,600.00,100 גרם,false,,14.90,0.0248,true,1,1522142
7290014218536,false,בצק עלים מרודד מופחת שומן מעדנות 1 קג,תנובה מעדנות,IL,בצק עלים מופחת שומן,קילוגרמים,1.00,"ק""ג",false,,22.90,22.9000,true,1,1531291
7290014218932,false,חטיפי פיצה בתוספת זיתים 710 ג' מעדנות,מיוצר עי קונדיטוריית,IL,חטיפי פיצה בתוספת זי,גרמים,710.00,100 גרם,false,,32.90,0.0463,true,1,2196170
7290014258723,false,תרכובת מזון צמחי לתינוקות מגיל 0 עד גיל שנה,מטרנה,IL,תרכובת מזון לתינוקות על ב,גרמים,700.00,100 גרם,false,,69.90,0.0999,true,1,1344816
7290014258730,false,תרכובת מזון צמחי לתינוקות מגיל 12 חודשים ואילך,מטרנה,IL,תרכובת מזון המשך לפעוטות,גרמים,700.00,100 גרם,false,,69.90,0.0999,true,1,1344817
7290014308626,false,פלפל שחור גרוס 100 גרם,תבליני פרג,,פלפל שחור גרוס דק דק,גרמים,100.00,100 גרם,false,,13.90,0.1390,true,1,2361792
7290014308633,false,פלפל שחור שלם 80 גר,,,פלפל שחור שלם,גרמים,80.00,100 גרם,false,,13.90,0.1738,true,1,2362195
7290014308978,false,מקלות קינמון שלם פרג,תבליני הדור השלישי,IL,מקלות קינמון,גרמים,80.00,100 גרם,false,,13.90,0.1738,true,1,2361784
7290014309012,false,אגוז מוסקט טחון פרג,תבליני הדור השלישי,IL,אגוז מוסקט טחון,גרמים,40.00,100 גרם,false,,13.90,0.3475,true,1,2361757
7290014309128,false,תבלין קצח פרג 120 גר,תבליני הדור השלישי,IL,קצח 120 גרם,גרמים,120.00,100 גרם,false,,13.90,0.1158,true,1,2361816
7290014309180,false,סומך טחון פרג,תבליני פרג,,סומק,גרמים,120.00,100 גרם,false,,13.90,0.1158,true,1,2361785
7290014318311,false,מארז שלישיית עגבניות חתוכות דק במיץ עגבניות Rosso,,,עגבניות פולפה (מעגבנ,גרמים,1200.00,100 גרם,false,,14.90,0.0124,true,1,1530269
7290014318441,false,מחית עגבניות חלקה 680 ג',,,מחית עגבניות חלקה,גרמים,680.00,100 גרם,false,,9.90,0.0146,true,1,1600221
7290014318458,false,מחית עגבניות חתוכות דק Rustica,איטליקה Italica,,עגבניות חתוכות דק,גרמים,680.00,100 גרם,false,,12.90,0.0190,true,1,1600222
7290014318861,false,קרם קוקוס אורגנני 18,,LK,קרם קוקוס אורגנני 18,מיליליטרים,250.00,"100 מ""ל",false,,9.90,0.0396,true,1,2220376
7290014321007,false,שמן קוקוס אורגני 350 מל,כפרי בריא,,"שמן קוקוס 350 מ""ל או",מיליליטרים,350.00,"100 מ""ל",false,,29.90,0.0854,true,1,1407427
7290014321014,false,שמן קוקוס 1 ליטר אור,אקוגרין,,שמן קוקוס 1 ליטר אור,מיליליטרים,1000.00,"100 מ""ל",false,,59.90,0.0599,true,1,1407428
7290014325036,false,סוכריות ג'לי עטופות שמחות 600גרם,מיה תעשיות מזון בעמ,IL,סוכריות ג'לי שמחות 600גרם,גרמים,600.00,100 גרם,false,,22.90,0.0382,true,1,1373101
7290014325043,false,"פודינג וניל 1 ק""ג שקית",מיה תעשיות מזון בעמ,IL,פודינג וניל 1ק'ג,גרמים,1000.00,100 גרם,false,,19.90,0.0199,true,1,1373102
7290014325050,false,קורנפלור מיה 500 גרם,"מיה תעשיות מזון בע""מ",IL,קורנפלור 500גרם,גרמים,500.00,100 גרם,false,,4.90,0.0098,true,1,1373103
7290014397163,false,"מטהר אוויר פרש הום פריחת השקד, ורד אנגלי וכותנה",החברה הדרומית,IL,מטהר אוויר פרש אוטומ,מיליליטרים,250.00,"100 מ""ל",false,,13.90,0.0556,true,1,1797252
7290014397170,false,"פרש מיכל מילוי אוטומטיק סופט בלאנס 250 מ""ל סנו",מיוצר עי קונדיטוריית,IL,מטהר אוויר פרש אוטומ,מיליליטרים,250.00,"100 מ""ל",false,,13.90,0.0556,true,1,1792522
7290014397200,false,מברשת שיניים סופט - מארז שלישיה,אורביטול Orbitol,CN,3 מברשות שיניים אורביטול,יח',3.00,יח',false,,14.90,4.9667,true,1,1359214
7290014397286,false,מרכך כביסה מקסימה מרוכז חלב ודבש 1 ל' סנו,סנו מקסימה,IL,מרכך מרוכז חלב ודבש 1ל,ליטרים,1.00,ליטר,false,,17.90,17.9000,true,1,1359220
7290014397453,false,סנו אוקסיגן גל מסיר כתמים כביסה לבנה 3 ל,סנו אוקסיג'ן,IL,מסיר כתמים לכביסה לבנה3ל,ליטרים,3.00,ליטר,false,,29.90,9.9667,true,1,1359223
7290014397491,false,"סנו פרש הום וניל קוקוס 350 מ""ל",סנו פרש Fresh,IL,סנופרש וניל קוקוס 350מל,מיליליטרים,350.00,"100 מ""ל",false,,14.90,0.0426,true,1,1359224
7290014397507,false,"סנופרש הום בניחוח פריחת היסמין 350 מ""ל",מיוצר עי קונדיטוריית,IL,סנופרש מאסק מעודן350,מיליליטרים,350.00,"100 מ""ל",false,,14.90,0.0426,true,1,1359225
7290014397538,false,"סנופרש הום בניחוח בוקר אביבי 350 מ""ל",סנו מפעלי ברונוס בעמ,IL,סנופרש הום סבון מפנק,מיליליטרים,350.00,"100 מ""ל",false,,14.90,0.0426,true,1,1359228
7290014397705,false,סנו פוליויקס פרקט בניחוח רענן 2 ליטר,סנו פוליויקס,IL,פוליויקס פרקט 2 ליטר,ליטרים,2.00,ליטר,false,,19.90,9.9500,true,1,1359240
7290014397712,false,סנובון גל לאסלה בניחוח פריחה ורודה,Nicols polandמשווק ו,PL,סנובון ג'ל בניחוח פריחה,מיליליטרים,65.00,"100 מ""ל",false,,14.90,0.2292,true,1,1359241
7290014397897,false,"מבשם בגדים ואריגים כותנה מקסימה 350 מ""ל סנו",סנו מקסימה,IL,מבשם בגדים ואריגים 350מל,מיליליטרים,350.00,"100 מ""ל",false,,18.90,0.0540,true,1,1359254
7290014426061,false,משחת שיניים הלו קיטי בטעם ענבים לגיל 2-6,כצט נוביס,IL,משחת שיניים הלו קיטי,מיליליטרים,50.00,"100 מ""ל",false,,11.90,0.2380,true,1,1385381
7290014435360,false,חומוס שמיר עם רוטב חריף 400 גר',"סלטי שמיר 2006 בע""מ",IL,חומוס עם רוטב חריף,גרמים,400.00,100 גרם,false,,10.90,0.0273,true,1,2216314
7290014435377,false,חומוס עם רוטב מסבחה 400 גר',סלטי שמיר 2006 בעמ,,חומוס עם רוטב מסבחה,גרמים,400.00,100 גרם,false,,10.90,0.0273,true,1,2216315
7290014435391,false,חומוס שמיר אורגינל עם גרגירים 400 גר',"סלטי שמיר 2006 בע""מ",IL,חומוס אורגינל עם גרג,גרמים,400.00,100 גרם,false,,7.90,0.0198,true,1,2216317
7290014454149,false,לאב ליין וויט דאודורנט רול און,חלאבין Halvin,,דאודורנט רול-און lov,מיליליטרים,80.00,"100 מ""ל",false,,12.90,0.1613,true,1,1366708
7290014455252,false,גבינה קשה מגורדת גרנה פדנו 29% שומן,מחלבות גד,IT,גבינה גרנה פדנו מגור,גרמים,100.00,100 גרם,false,,10.90,0.1090,true,1,1444226
7290014455320,false,גבינה כדורי מוצרלה פרסקה גד 100ג',מחלבות גד בעמ,IL,כדור מוצרלה פרסקה 10,גרמים,100.00,100 גרם,false,,9.90,0.0990,true,1,1366877
7290014455467,false,ירח מתוק מעדן חלב 2% ושיבולת שועל גד 150ג',מחלבות גד,IL,מעדן שיבולת שועל וחל,גרמים,150.00,100 גרם,false,,5.50,0.0367,true,1,1444228
7290014455610,false,יוגורט עיזים תות 125 גר,מיוצר על ידי קוד יצר,IL,יוגורט עיזים עם תות,גרמים,125.00,100 גרם,false,,5.90,0.0472,true,1,1504578
7290014455627,false,יוגורט עיזים דובדבן אמרנה 125 גר,מיוצר עי קוד יצרן MK,IL,יוגורט עיזים דובדבן,גרמים,125.00,100 גרם,false,,5.90,0.0472,true,1,1504579
7290014459373,false,"צ'יפס קראנצ'י לתנור קפוא תפוגן 1.5ק""ג",עיצובים 2020 (4.5),IL,תפוגן צ'יפס קראנצי 1,קילוגרמים,1.50,"ק""ג",false,,22.90,15.2667,true,1,1446252
7290014459632,false,"צ'יפס טוגן תפוגן 1.5 ק""ג",עיצובים 2020 (4.5),IL,"צ'יפס טוגן 1.5 ק""ג",קילוגרמים,1.50,"ק""ג",false,,17.90,11.9333,true,1,1925186
7290014471412,false,"מוזלי בוטנים אגוזים ושקדים 1 ק""ג - 412 ירוק שקדיה","דין שיווק וקלייה בע""",IL,מיזלי בוטנים אגוזים,גרמים,1000.00,100 גרם,false,,19.90,0.0199,true,1,1366551
7290014471429,false,"מוזלי עם פירות 1 ק""ג - 429 סגול שקדיה","דין שיווק וקלייה בע""",IL,"מיזלי פירות 1 ק""ג.",גרמים,1000.00,100 גרם,false,,19.90,0.0199,true,1,1366552
7290014471436,false,"מיזלי צימוקים תפוח קינמון וגרעיני חמניה שקדיה 1ק""ג","דין שיווק וקלייה בע""",IL,מיזלי צימוקים תפוח ק,גרמים,1000.00,100 גרם,false,,19.90,0.0199,true,1,1366553
7290014471443,false,"גרנולה צימוקים אגוזים ושקדים1 ק""ג חדש - 443 כתום שקדיה (כתום)","דין שיווק וקלייה בע""",IL,"גרנולה אגוזים 1ק""ג",גרמים,1000.00,100 גרם,false,,19.90,0.0199,true,1,1366554
7290014472426,false,קונפיטורה דובדבן חמוץ 450 ג' שקדיה,דין שיווק,IL,קונפיטורה 450 גרם דו,גרמים,450.00,100 גרם,false,,12.90,0.0287,true,1,1694136
7290014472433,false,קונפיטורה תות שדה 450 ג' שקדיה,דין שיווק,IL,קונפיטורה 450 גרם תו,גרמים,450.00,100 גרם,false,,12.90,0.0287,true,1,1694137
7290014472440,false,קונפיטורה שקדיה תפוז 450 ג',דין שיווק,IL,קונפיטורה 450 גרם תפ,גרמים,450.00,100 גרם,false,,12.90,0.0287,true,1,1694138
7290014472464,false,שקדיה קונפיטורה משמש,דין שיווק,IL,קונפיטורה 450 גרם מש,גרמים,450.00,100 גרם,false,,12.90,0.0287,true,1,1694140
7290014472990,false,ממרח 100% שקדים שקדיה 300 ג',דין שיווק,IL,ממרח שקדים 300 גרם,גרמים,300.00,100 גרם,false,,34.90,0.1163,true,1,1521862
7290014503137,false,"יין כנען אדום דלתון 750 מ""ל","איי, בי, אינבוו",IL,יין דלתון יובלים אדו,מיליליטרים,750.00,"100 מ""ל",false,,39.90,0.0532,true,1,1372746
7290014525177,false,חטיף סלים פרוט Slim fruit בטעם יוגורט ופירות יער,סלים דליס Slim Delis,ES,מרבה סלים פרוט בטעם יוגור,גרמים,120.00,100 גרם,false,,10.90,0.0908,true,1,1377776
7290014525290,false,חטיף מרבה סלים דליס קריספי תות 125 גר,סלים דליס Slim Delis,NL,חטיף קריספי עם מילוי,גרמים,125.00,100 גרם,false,,10.90,0.0872,true,1,1462098
7290014525306,false,חטיף מרבה סלים דליס קריספי אוכמניות 125,סלים דליס Slim Delis,NL,חטיף קריספי עם מילוי,גרמים,125.00,100 גרם,false,,10.90,0.0872,true,1,1462099
7290014525313,false,חטיף מרבה סלים דליס קריספי שוקולד 125 ג,סלים דליס Slim Delis,NL,חטיף קריספי עם מילוי,גרמים,125.00,100 גרם,false,,10.90,0.0872,true,1,1462100
7290014525665,false,מרבה על חלל עוגיות קקאו וסוכריות שוק חלב 140 יח',"מרבה בע""מ",NL,עוגיות על חלל קקאו ע,גרמים,140.00,100 גרם,false,,9.90,0.0707,true,1,2290474
7290014525672,false,מרבה על חלל עוגיות עם סוכריות שוקולד 140 יח',"מרבה בע""מ",NL,עוגיות על חלל עם סוכ,גרמים,140.00,100 גרם,false,,9.90,0.0707,true,1,2290475
7290014547353,false,סנסודין זוג מברשות שיניים דואלקר ירוק+יר,סנסודיין,CN,זוג מברשות שיניים סנ,יחידה,0.00,יחידה,false,,19.90,0.0000,true,1,1826562
7290014562387,false,משקה גרגירים קמומיל בטר& דיפרנט 200ג',סילקו אם איי ספולקה,,תה קמומיל 200 גרם,גרמים,200.00,100 גרם,false,,19.90,0.0995,true,1,1387006
7290014562394,false,משקה גרגירים שומר בטר& דיפרנט 200ג',סילקו אם איי ספולקה,,תה שומר 200 גרם,גרמים,200.00,100 גרם,false,,19.90,0.0995,true,1,1387007
7290014581043,false,"פחם בינוני 4 ק""ג פחמי הלהבה",,,"פחם 4 ק""ג",קילוגרמים,2.00,"ק""ג",false,,27.90,13.9500,true,1,2350141
7290014581104,false,סט 6 שיפודי נירוסטה,,,סט 6 שיפודי נירוסטה,יחידה,0.00,יחידה,false,,14.90,0.0000,true,1,2290754
7290014581173,false,רשת בינונית לצליית כ,,,רשת בינונית לצליית כ,יחידה,0.00,יחידה,false,,12.90,0.0000,true,1,2289767
7290014692299,false,גבינת ברי 125 ג' קסטיאלו ויליפוד,יורו צ'יז Euro Cheese,DK,גבינת ברי 125גרם CASTELLO,גרמים,125.00,100 גרם,false,,19.90,0.1592,true,1,1347883
7290014692619,false,נתחי טונה בהירה בשמן זית וילי פוד 160 גר,,TH,נתחי טונה בהירה בשמן,יחידה,0.00,יחידה,false,,7.90,0.0000,true,1,2157167
7290014692749,false,"שמן זית כתית מעולה 750 מ""ל",וילי פוד,ES,שמן זית כתית מעולה 7,מיליליטרים,750.00,"100 מ""ל",false,,29.90,0.0399,true,1,2309972
7290014748613,false,דג טוב מקלוני דגים בציפוי ציפס 600גר,עיצובים 2020 (4.9),IL,דג טוב - מקלוני דגים,גרמים,600.00,100 גרם,false,,24.90,0.0415,true,1,2008188
7290014748651,false,דג טוב פילה אמנון מצופה נתחי שלם 360גר,מוצרי עוף טוב (2001),IL,דג טוב - פילה אמנון,גרמים,360.00,100 גרם,false,,29.90,0.0831,true,1,2008181
7290014749245,false,ספיישל רצועות שניצל שומשום עוף טוב 600 גרם,מוצרי עוף טוב (2001),IL,רצועות שניצל בציפוי,גרמים,600.00,100 גרם,false,,34.90,0.0582,true,1,2220305
7290014749764,false,שניצל עוף ביתי עדין עוף טוב 700 גרם,מוצרי עוף טוב (2001),IL,שניצל עוף ביתי עדין,גרמים,700.00,100 גרם,false,,42.90,0.0613,true,1,2237349
7290014749887,false,עוף טוב שניצל עוף דק ענק קריספי קלאסי,מולינו ניקולי s.p.a,IL,שניצל עוף דק ענק קרי,גרמים,720.00,100 גרם,false,,39.90,0.0554,true,1,2291541
7290014758100,false,מאגדת יוגורט ביו 3% שומן 8 יח' *150ג' תנובה,מיוצר עי קונדיטוריית,IL,מאגדת 8 יוגורט ביו ת,גרמים,1200.00,100 גרם,false,,15.90,0.0133,true,1,1379068
7290014758117,false,מאגדת יוגורט ביו 1.5% שומן 8 יח' *150 ג' תנובה,מיוצר עי קונדיטוריית,IL,מאגדת 8 יוגורט ביו ת,גרמים,1200.00,100 גרם,false,,15.90,0.0133,true,1,1379069
7290014758681,false,קוטג' תנובה 1% גביע 250 ג',מיוצר עי קונדיטוריית,IL,קוטג 1% תנובה 250 גר,גרמים,250.00,100 גרם,false,,5.40,0.0216,true,1,1379090
7290014759084,false,גבינת שמנת 16% בטעם טבעי 225 ג' נפוליאון,תנובה מרכז שיתופי לש,IL,גבינת נפולאון טבעי מ,גרמים,225.00,100 גרם,false,,12.90,0.0573,true,1,1379104
7290014759909,false,פטה עיזים 5% פיראוס גביע 250 גרם,"תנובה, מחלבת טנא נוג",IL,פטה עיזים 5% פיראוס,גרמים,250.00,100 גרם,false,,26.90,0.1076,true,1,1379126
7290014759978,false,"גבינת קצקבל פלח גלעד 27%, 200 ג'",תנובה חלב,IL,גבינה גלעד קשקבל 200,גרמים,200.00,100 גרם,false,,25.90,0.1295,true,1,1379127
7290014759985,false,"גבינת פרמזן גבע 23% פלח, 200 ג'",תנובה חלב,IL,גבינה גבע פרמזן 200,גרמים,200.00,100 גרם,false,,24.90,0.1245,true,1,1379128
7290014760141,false,משקה שקדים תנובה E אלטרנטיב,תנובה Alternative,IL,רייס דרים משקה שקדים 1 לי,ליטרים,1.00,ליטר,false,,11.90,11.9000,true,1,1407754
7290014760912,false,פרוסות גבינה 28% שומן 400 ג' גוש חלב,תנובה מרכז שיתופי לש,IL,גבינה צהובה גוש חלב,גרמים,400.00,100 גרם,false,,24.90,0.0622,true,1,1407826
7290014761056,false,מעדן שוקולד חלב מעולה 123 ג' יולו,מיוצר עי קונדיטוריית,IL,מעדן YOLO שוקולד חלב,גרמים,123.00,100 גרם,false,,4.20,0.0341,true,1,1379161
7290014761070,false,מעדן שוקולד לבן מעולה 123 ג' יולו,מיוצר עי קונדיטוריית,IL,מעדן YOLO שוקולד לבן,גרמים,123.00,100 גרם,false,,4.20,0.0341,true,1,1379163
7290014761193,false,יוגורט עם פירות יער 1.5% שומן 125 ג' פרילי,תנובה מרכז שיתופי לש,IL,פרילי פירות יער.,גרמים,125.00,100 גרם,false,,3.20,0.0256,true,1,1379165
7290014761414,false,יולו מעדן שכבות שוקולד חלב ולבן 123 גר,מיוצר עי קונדיטוריית,IL,מעדן YOLO שכבות שוקו,גרמים,123.00,100 גרם,false,,4.20,0.0341,true,1,1379171
7290014761612,false,YOLO מעדן שכבות שוקולד מריר ולבן מעולה,מיוצר עי קונדיטוריית,IL,מעדן YOLO שכבות שוקו,גרמים,122.00,100 גרם,false,,4.20,0.0344,true,1,1379175
7290014761698,false,"גבינה צהובה עמק פרוס 28% 600 גרם בד""צ",תנובה מרכז שיתופי לש,IL,גבינת עמק 600 גרם בד,גרמים,600.00,100 גרם,false,,29.90,0.0498,true,1,2137297
7290014762756,false,נפוליאון גבינת שמנת עם בצל 16% שומן,תנובה חלב,IL,גבינת נפולאון 16% בט,גרמים,225.00,100 גרם,false,,12.90,0.0573,true,1,1447188
7290014762800,false,מעדן סויה שוקולד גביע 125 גרם אלטרנטיב,תנובה מרכז שיתופי לש,IL,גביע מעדן סויה בטעם,מיליליטרים,125.00,"100 מ""ל",false,,3.90,0.0312,true,1,1513556
7290014785007,false,גרגרי טפיוקה קטנים,יושלם,,גרגרי טפיוקה קטנים,גרמים,400.00,100 גרם,false,,7.90,0.0198,true,1,1382280
7290014785052,false,"רוטב פטריות צמחוני 500 מ""ל",טעמי אסיה Taste of Asia,TH,"רוטב פטריות צמחוני 500 מ""",מיליליטרים,500.00,"100 מ""ל",false,,12.90,0.0258,true,1,1382284
7290014785069,false,רוטב מירין מתוק לבישול,טעמי אסיה Taste of Asia,CN,"מירין משובח 250 מ""ל - כשר",מיליליטרים,250.00,"100 מ""ל",false,,11.90,0.0476,true,1,1382285
7290014785113,false,"רוטב טריאקי גדול 500 מ""ל",טעמי אסיה Taste of Asia,TH,רוטב טריאקי (גדול) 500 -,מיליליטרים,500.00,"100 מ""ל",false,,12.90,0.0258,true,1,1382288
7290014785175,false,שיראטקי אטריות קונג'אק עבות,ננטונג דינגבורג סיוי,CN,אטריות שירטאקה 200 גרם עב,גרמים,200.00,100 גרם,false,,8.90,0.0445,true,1,1382294
7290014785441,false,אטריות ביצים מקצועי 450 גר,,,אטריות ביצים 450 גרם,גרמים,450.00,100 גרם,false,,8.90,0.0198,true,1,1711526
7290014785564,false,אטריות אודון מוכנות 200 ג',קינגדאן פרימה פודס ק,CN,אטריות אודון מוכנות,גרמים,200.00,100 גרם,false,,4.90,0.0245,true,1,2181074
7290014785571,false,"אטריות מוכנות מתאים להקפצה, מרקים ומנות קרות",טעמי אסיה Taste of Asia,,אטריות מוכנות להקפצה,גרמים,200.00,100 גרם,false,,4.90,0.0245,true,1,2181075
7290014785588,false,אטריות ראמן מוכנות 180 ג',קינגדאן פרימה פודס ק,CN,אטריות ראמן מוכנות 1,גרמים,180.00,100 גרם,false,,4.90,0.0272,true,1,2181076
7290014785991,false,רוטב סויה ללא גלוטן,טעמי אסיה Taste of Asia,,רוטב סויה 500 מל ללא,מיליליטרים,500.00,"100 מ""ל",false,,10.90,0.0218,true,1,1908047
7290014803220,false,"חומץ בלסמי 5% נאמן 500מ""ל",,,"חומץ בלסמי 5% 500 מ""",מיליליטרים,500.00,"100 מ""ל",false,,15.90,0.0318,true,1,1502710
7290014803565,false,צנימים עגולים עם חיטה מלאה 300 גרם,,,צנימים עגולים.,גרמים,300.00,גרם,false,,11.90,0.0397,true,1,1431219
7290014855434,false,מגבונים בייביסיטר פרפורמנס מבושם רביעיה,בייביסיטר Babysitter,IL,מגבונים בייביסיטר פר,יח',288.00,יח',false,,15.90,0.0552,true,1,1440308
7290014855458,false,מגבוני בייביסיטר פרפורמנס ללא בישום מארז 72X4יח',בייביסיטר Babysitter,IL,מגבונים בייביסיטר פר,יח',288.00,יח',false,,19.90,0.0691,true,1,1440309
7290014855809,false,מטליות לחות לניקוי כללי,פרפקט Perfect,,מטליות לחות לניקוי כ,יח',50.00,יח',false,,9.90,0.1980,true,1,1466867
7290014855854,false,מגבונים לחים מועשרים בקמומיל,בייבי בייסיק,,בייבי בייסיק מגבונים,יח',360.00,יח',false,,19.90,0.0553,true,1,1787032
7290014890152,false,גבינת שמנת עם זיתים ירוקים 25%,גבינות משק יעקבס,IL,גבינת שמנת זיתים 225,גרמים,225.00,100 גרם,false,,9.90,0.0440,true,1,1805843
7290014890169,false,גבינת שמנת שום שמיר 25%,גבינות משק יעקבס,IL,גבינת שמנת שום שמיר,גרמים,225.00,100 גרם,false,,9.90,0.0440,true,1,1805844
7290014901247,false,"סטייל שמפו 0חר החלקה מועשר בקרטין, 750 מ""ל",א.ל. ארמן ייצור תמרו,IL,שמפו קרטין סטייל לאח,מיליליטרים,750.00,"100 מ""ל",false,,24.90,0.0332,true,1,1403146
7290014901254,false,"סטייל מרכך לשיער קרטין לאחר החלקה, 750 מ""ל",א.ל ארמן ייצור תמרוק,IL,מרכך קרטין סטייל לאח,מיליליטרים,750.00,"100 מ""ל",false,,24.90,0.0332,true,1,1403147
7290014901261,false,"סטייל מסכת קרטין לאחר החלקה, 500 מ""ל",א.ל ארמן ייצור תמרוק,IL,מסכת קרטין סטייל לאח,מיליליטרים,500.00,"100 מ""ל",false,,34.90,0.0698,true,1,1403148
7290014901308,false,משחת שיניים לשיניים רגישות Complete protection,"סמית קליין ביצ'ם בע""",GB,"סנסודיין הגנה מלאה 75 מ""ל",מיליליטרים,75.00,"100 מ""ל",false,,23.90,0.3187,true,1,1385388
7290014901315,false,סנסודיין משחה הגנה מלאה אקסטרה פרש 75 מל,"סמית קליין ביצ'ם בע""",GB,סנסודיין הגנה מלאה פרש 75,מיליליטרים,75.00,"100 מ""ל",false,,23.90,0.3187,true,1,1385389
7290014901896,false,מי פה לשיניים רגישות Cool Mint,גלקסוסמיתקליין,GB,מיי פה סנסודיין 500,מיליליטרים,500.00,"100 מ""ל",false,,29.90,0.0598,true,1,1709938
7290014905313,false,דזיטול נוזל מרוכז לחיטוי כללי ולרצפות 1 ליטר,מרקה,ES,דזיטול לחיטוי רצפות ומשטח,ליטרים,1.00,ליטר,false,,14.90,14.9000,true,1,1822337
7290014905498,false,הפי מטליות דו צדדיות בגליל 20 מטליות,ג'נרל מילס סאן אדריא,TR,הפי גם וגם--גליל צהוב דו,יחידה,0.00,יחידה,false,,9.90,0.0000,true,1,1364630
7290014905719,false,הפי לימונית למדיח כלים - מנטרל ריחות רעים,יעקבי - הפי Hepi,IT,הפי לימונית גדולה למדיח,יחידה,0.00,יחידה,false,,9.90,0.0000,true,1,1364634
7290014931008,false,פטרוזיליה עם שורש,מהשורש לאורך חיים,IL,פטרוזליה,יחידה,0.00,יחידה,false,,7.90,0.0000,true,1,1401034
7290014931015,false,כוסברה עם שורש,מהשורש לאורך חיים,IL,כוסברה,יחידה,0.00,יחידה,false,,7.90,0.0000,true,1,1401035
7290014931053,false,בזיליקום עם שורש,מהשורש לאורך חיים,IL,בזילקום,יחידה,0.00,יחידה,false,,7.90,0.0000,true,1,1401036
7290014931077,false,עירית עם שורש,תעשיות תמרוקים שיק 1,IL,עירית,יחידה,0.00,יחידה,false,,7.90,0.0000,true,1,1401038
7290014931084,false,רוזמרין אורגנו,מהשורש לאורך חיים,IL,אורגנו טרגון,יחידה,0.00,יחידה,false,,7.90,0.0000,true,1,1401039
7290014931091,false,קורנית- טימין ארוז,מהשורש לאורך חיים,IL,קורנית טימין,יחידה,0.00,יחידה,false,,7.90,0.0000,true,1,1401040
7290014931107,false,נענע עם שורש,מהשורש לאורך חיים,IL,מנטה,יחידה,0.00,יחידה,false,,7.90,0.0000,true,1,1401041
7290014945753,false,"שייני מבשם נוזלי פרחי אביב 400 מ""ל",,,מבשם נוזלי בניחוח פר,מיליליטרים,400.00,"100 מ""ל",false,,9.90,0.0248,true,1,1446547
7290014945760,false,מבשם נוזלי בניחוח ונ,,,מבשם נוזלי בניחוח ונ,מיליליטרים,400.00,"100 מ""ל",false,,9.90,0.0248,true,1,1446548
7290014947047,false,פריכיות כוסמת עם מלח 175 גרם,זן בר המכללה לטבעונו,IL,פריכיות כוסמת עם מלח,גרמים,175.00,100 גרם,false,,9.90,0.0566,true,1,2273518
7290014962521,false,"טפטפים משחת שיניים לילדים מגיל 2-6 50 מ""ל",כצט CTS,IL,2-6משחת שיניים טפטפים לגי,מיליליטרים,50.00,"100 מ""ל",false,,9.90,0.1980,true,1,1385404
7290014962538,false,משחת שיניים ג'וניור מנטה מעודן לגילאי 6+,כצט CTS,IL,6משחת שיניים טפטפים ג'ניו,גרמים,50.00,100 גרם,false,,9.90,0.1980,true,1,1385405
7290014973213,false,הרמס סלמון מעושן מדג,"הרמס דגים בע""מ",IL,הרמס סלמון מעושן מדג,גרמים,200.00,100 גרם,false,,44.90,0.2245,true,1,2243533
7290014973329,false,פילה הרינג אדום הרמס,"הרמס דגים בע""מ",IL,הרמס פילה הרינג אדום,גרמים,200.00,100 גרם,false,,16.90,0.0845,true,1,2243490
7290014973336,false,פילה הרינג כבוש הרמס,"הרמס דגים בע""מ",IL,הרמס פילה הרינג כבוש,גרמים,200.00,100 גרם,false,,16.90,0.0845,true,1,2243507
7290014973374,false,פילה מקרל בשמן הרמס,"הרמס דגים בע""מ",IL,הרמס פילה מקרל בשמן,גרמים,200.00,100 גרם,false,,24.90,0.1245,true,1,2243508
7290014973411,false,הרמס סלמון מעושן מדג,"הרמס דגים בע""מ",IL,הרמס סלמון מעושן מדג,גרמים,100.00,100 גרם,false,,22.90,0.2290,true,1,2243534
7290014974562,false,גביעי גלידה רגיל טילון עלמה גילרו 24 יח',"א.ג גילרו בע""מ",IL,גביע גלידה,גרמים,120.00,100 גרם,false,,6.90,0.0575,true,1,1624099
7290015005548,false,"צ'יפס זיג זג 2 ק""ג פרי הגליל","פרי הגליל בע""""מ",IL,צ'יפס זיג זג 2קג פג,קילוגרמים,2.00,"ק""ג",false,,24.90,12.4500,true,1,1386344
7290015005555,false,"צ'יפס אמריקאי 2 ק""ג פרי הגליל","פרי הגליל בע""""מ",IL,צ'יפס אמריקאי 2קג פג רבנו,קילוגרמים,2.00,"ק""ג",false,,24.90,12.4500,true,1,1386345
7290015009201,false,"ניוקי תפוח""א עם פטריות כמהין 300 גרם",סיאמה אלימנטארי סרל,,ניוקי תפוח אדמה 300,גרמים,300.00,100 גרם,false,,8.90,0.0297,true,1,2220889
7290015009218,false,ניוקי עם ערמונים 300 גרם,סיאמה אלימנטארי סרל,IT,ניוקי עם ערמונים 300,גרמים,300.00,100 גרם,false,,8.90,0.0297,true,1,2220890
7290015009225,false,ריבת חלב מקורית דניא,קארו,,ריבת חלב 450 גרם,גרמים,450.00,100 גרם,false,,19.90,0.0442,true,1,2220955
7290015009232,false,רוטב סלסה בינוני צהוב 454 גרם,,CR,רוטב סלסלה,גרמים,454.00,100 גרם,false,,14.90,0.0328,true,1,2220956
7290015009249,false,רוטב סלסה חריף אדום 454 גר,לינדסטרי פודס,US,רוטב סלסלה חריף,גרמים,454.00,100 גרם,false,,14.90,0.0328,true,1,2220957
7290015009324,false,נאצוס סבוריטו ברביקי,אוקי סנקס,DK,נאצ'וס ברבקיו 200 גר,גרמים,200.00,100 גרם,false,,11.90,0.0595,true,1,2220961
7290015037204,false,כרוב לבן קצוץ 400 ג' א. הראץ,,,כרוב לבן 400 ארץ האר,יחידה,0.00,יחידה,false,,11.90,0.0000,true,1,1390441
7290015037211,false,כרוב אדום קצוץ 400 ג' א. הראץ,,,כרוב אדום 400 גרם או,יחידה,0.00,יחידה,false,,11.90,0.0000,true,1,1390442
7290015037228,false,סלט קולסלו 400 גר אוצר הארץ,,,סלט קולסלו 400 אוצר,יחידה,0.00,יחידה,false,,11.90,0.0000,true,1,1390443
7290015037273,false,פטרוזיליה אוצר הארץ - מהדרין,נסטלה שוויץ - רורשאך,IL,פטרוזליה אוצר הארץ,יחידה,0.00,יחידה,false,,6.40,0.0000,true,1,1390447
7290015037280,false,כוסברה אוצר הארץ - מהדרין,ס.ר.ל פוסטל,IL,כוסברה אוצר הארץ,יחידה,0.00,יחידה,false,,6.40,0.0000,true,1,1390448
7290015037297,false,שמיר אוצר הארץ - מהדרין,סאאדת,IL,שמיר אוצר הארץ,יחידה,0.00,יחידה,false,,6.40,0.0000,true,1,1390449
7290015037396,false,נענע אוצר הארץ - מהדרין,סאלט,IL,נענע אוצר הארץ,יחידה,0.00,יחידה,false,,6.40,0.0000,true,1,1390454
7290015037419,false,‏סלרי שקית - א.הארץ,עבאדי,IL,סלרי אוצר הארץ,יחידה,0.00,יחידה,false,,7.40,0.0000,true,1,1390456
7290015037433,false,חסה רגילה אוצר הארץ,נסטלה קוריאה - קפה,IL,חסה ערבית אוצר הארץ,יחידה,0.00,יחידה,false,,7.40,0.0000,true,1,1390458
7290015037440,false,"כרוב לבן שלם 1 ק""ג -א. הארץ",סאסאטק,IL,כרוב לבן שלם אוצר הא,קילוגרמים,1.00,"ק""ג",true,,14.70,14.7000,true,1,1390459
7290015037457,false,"כרוב אדום שלם 1 ק""ג -א. הארץ",,,כרוב אדום שלם אוצר ה,קילוגרמים,1.00,"ק""ג",true,,14.70,14.7000,true,1,1390460
7290015037693,false,לבבות חסה א. הארץ,נסטלה שוויץ - רורשאך,IL,לבבות חסה,יחידה,0.00,יחידה,false,,12.90,0.0000,true,1,2322035
7290015039055,false,וילי פוד רוטב צילי חריף בדץ 700מל,הנסיך- מפעל לייצור ט,TH,רוטב צילי חריף,מיליליטרים,700.00,"100 מ""ל",false,,9.90,0.0141,true,1,1826612
7290015039246,false,נתחי טונה בשמן צמחי רביעיה * 160 ג' וילי פוד,וילי פוד,TH,רביעית נתחי טונה בהירה בש,גרמים,640.00,100 גרם,false,,19.90,0.0311,true,1,1347901
7290015039338,false,נתחי טונה במי מלח רביעיה * 160 ג' וילי פוד,וילי פוד,IL,רביעית טונה במי מלח,גרמים,640.00,100 גרם,false,,19.90,0.0311,true,1,1347904
7290015039499,false,ויליפוד עוגיות חמאה איטלקיות מובחרות 1ק,טדסקו אס.אר.אל ויה ד,IT,עוגיות איטלקיות מובחרות 1,גרמים,1000.00,100 גרם,false,,12.90,0.0129,true,1,1347910
7290015057110,false,מקלות חמוצים בטעם תות שדה 18ג,אלבן מזון תעשיות ומס,TR,מקלות חמוצים,גרמים,20.00,100 גרם,false,,1.90,0.0950,true,1,2341664
7290015057127,false,מקלות חמוצים קולה 20 גרם טעמן,אלבן מזון תעשיות ומס,TR,מקלות חמוצים,גרמים,20.00,100 גרם,false,,1.90,0.0950,true,1,2341665
7290015129121,false,סקיני פסטה נודלס 270 גרם,הוויזאי וואנגייה פוד,CN,סקיני פסטה נודלס 270 ג',גרמים,270.00,100 גרם,false,,12.90,0.0478,true,1,1389318
7290015129145,false,אטריות קונג'אק בתוספת טפיוקה בצורת ספגטי,הוויזאי וואנגייה פוד,CN,סקיני פסטה ספגטי 270 ג',גרמים,270.00,100 גרם,false,,12.90,0.0478,true,1,1389320
7290015129220,false,איטריות קונגאק ללא גלוטן 270 גרם skinny,אף.סי תבליני בגליל ב,CN,סקיני פסטה קוסקוס לל,גרמים,270.00,100 גרם,false,,12.90,0.0478,true,1,1414722
7290015129251,false,איטריות קונגאק ללא גלוטן 270 גרם skinny,אף.סי תבליני בגליל ב,CN,סקיני פסטה פטוציני,גרמים,200.00,100 גרם,false,,12.90,0.0645,true,1,1414724
7290015139250,false,"כרמית שוקולד מריר עם פצפוצי אורז לל""ס",כרמית תעשיות ממתקים,IL,כרמית שוקולד חלב ללא סוכר,גרמים,85.00,100 גרם,false,,4.90,0.0576,true,1,1416663
7290015139267,false,שוקולד מריר עם שקדים ללא תוספת סוכר וסטהיים,כרמית תעשיות ממתקים,IL,כרמית שוקולד חלב ללא סוכר,גרמים,85.00,100 גרם,false,,4.90,0.0576,true,1,1416664
7290015139465,false,כרמית מיקסים בייגלה מצופה שוקולד חלב,כרמית,IL,בייגלה מצופה שוקולד,גרמים,55.00,100 גרם,false,,3.90,0.0709,true,1,1448266
7290015139519,false,אגו מיקס קוביות וופל 55 גר',כרמית,IL,קוביות וופל 55 גר' M,גרמים,55.00,100 גרם,false,,3.90,0.0709,true,1,1448271
7290015139526,false,וופל בציפוי ומילוי שוקו ללא גלוטן,כרמית תעשיות ממתקים,IL,וופל בציפוי ומילוי ש,גרמים,125.00,100 גרם,false,,9.90,0.0792,true,1,1448272
7290015139533,false,וופל לימון ללא ציפוי 200 ג' -חופשי-ללא גלוטן,כרמית תעשיות ממתקים,IL,וופל לימון ללא ציפוי,גרמים,200.00,100 גרם,false,,9.90,0.0495,true,1,1448273
7290015139571,false,חופשי ופל בארים בציפוי שוקולד 25 גר,כרמית תעשיות ממתקים,IL,וופל בארים בציפוי שו,גרמים,125.00,100 גרם,false,,9.90,0.0792,true,1,1448277
7290015150088,false,מחית עגבניות גראנד איטליה 700 גרם,שוורצקוף& הנקל דיסלד,IT,מחית עגבניות 700 גרם,גרמים,700.00,100 גרם,false,,9.90,0.0141,true,1,1505925
7290015150118,false,עגבניות חתוכות דק בלה איטליה 3*400 ג',אמיליאנה קונסרב ס.פ.,IL,עגבניות חתוכות דק 3*,גרמים,1200.00,100 גרם,false,,14.90,0.0124,true,1,1442723
7290015150200,false,עגבניות חתוכות דק 400 גרם,HIQ FOOD PRODUCTS,IT,עגבניות חתוכות דק 40,גרמים,400.00,100 גרם,false,,4.90,0.0123,true,1,1822065
7290015150361,false,תה ירוק נענע סטיביה 25 שקיקים ויסוצקי,ויסוצקי ירוק,IL,תה ירוק נענע סטיביה,גרמים,37.50,100 גרם,false,,22.90,0.6107,true,1,1378276
7290015150590,false,תה ירוק גינגר חריף 25 שקיקים 1.5 גרם,ויסוצקי ירוק,IL,תה ירוק לימונית ולואיזה,גרמים,37.50,100 גרם,false,,22.90,0.6107,true,1,1424944
7290015150729,false,תה ירקוק סקיני גריני 25 שקיקים,תה ויסוצקי,IL,תה ירוק סקיני גריני,גרמים,37.50,100 גרם,false,,22.90,0.6107,true,1,1450818
7290015150903,false,תה ירוק גן קסום קינמון ודבש 25 שק*1.5 גר,ויסוצקי ירוק,IL,תה ירוק קינמון ודבש,גרמים,37.50,100 גרם,false,,22.90,0.6107,true,1,1504961
7290015155007,false,פרמיו דנטל לארג' לכלב,פרמיו Premio,,פרמיו דנטל לארג 270ג,גרמים,270.00,100 גרם,false,,14.90,0.0552,true,1,2372030
7290015155434,false,פרמיו סלמון ופורל 15 ג',,AU,פרמיו סלמון ופורל 15,גרמים,15.00,100 גרם,false,,6.90,0.4600,true,1,2372038
7290015155823,false,מחית תפוחי עץ חטיפטף ללא תוספת סוכר,פרוטה פודיווין איי.א,CZ,חטיפטף פרינוק תפוח 1,גרמים,120.00,100 גרם,false,,5.90,0.0492,true,1,1812890
7290015155830,false,מחית תפוחי עץ ובננה חטיפטף ללא תוספת סוכר,פרוטה פודווין איי.אס,CZ,חטיפטף פרינוק תפוח ב,גרמים,120.00,100 גרם,false,,5.90,0.0492,true,1,1812891
7290015155847,false,מחית סלט פירות חטיפטף ללא תוספת סוכר,פרוטה פודיווין איי.א,CZ,חטיפטף פרינוק מחית ס,גרמים,120.00,100 גרם,false,,5.90,0.0492,true,1,1812892
7290015156769,false,מחית פרינוק פאוץ' תפוח ואוכמניות 120 גרם,פרוטה פודווין איי.אס,CZ,חטיפטף פרינוק תפוח ו,גרמים,120.00,100 גרם,false,,5.90,0.0492,true,1,1982674
7290015156776,false,מחית פירות טרופיים חטיפטף ללא תוספת סוכר,פרוטה פודווין איי.אס,CZ,חטיפטף פרינוק פירות,גרמים,120.00,100 גרם,false,,5.90,0.0492,true,1,1878356
7290015161572,false,גרנולה אגוזים וגרעינים ללא תוספת סוכר,נוטרה זן NutraZen,IL,"גרנולה ש""ש 28% אגוזי",גרמים,300.00,100 גרם,false,,22.90,0.0763,true,1,2268803
7290015161831,false,פת פריכה אורגנית ללא גלוטן - אמרנט 100 ג,פירות אביב,CZ,פת פריכה אורגנית ללא,גרמים,100.00,100 גרם,false,,12.90,0.1290,true,1,2271537
7290015161985,false,"פסטPRO פוזילי פתיתים אורגניים, ללא גלוטן",נוטרה זן NutraZen,IT,פסטPRO קמח חומוס וכו,גרמים,250.00,100 גרם,false,,16.90,0.0676,true,1,2268816
7290015161992,false,"פסטPRO קסרצ'ה פתיתים אורגניים, ללא גלוטן",נוטרה זן NutraZen,,פסטPRO עדשים אדומות,גרמים,250.00,100 גרם,false,,16.90,0.0676,true,1,2268817
7290015172011,false,גיוזה בטטה דים סאם,דים סאם,,גיוזה עוף,גרמים,330.00,100 גרם,false,,26.90,0.0815,true,1,2333791
7290015172202,false,דים סאם -גויזה אדממה,דים סאם,,גיוזה ירקות אדממה,גרמים,330.00,100 גרם,false,,26.90,0.0815,true,1,2333797
7290015178174,false,ממרח אוליביה - פסטו בטעם פרמז'ן 180 גרם,יוניליוור גרמניה Gm,IL,פסטו בטעם פרמג'ן-אול,גרמים,180.00,100 גרם,false,,9.90,0.0550,true,1,2268738
7290015223324,false,"וזלין פטרולטום טהור 100 סמ""ק שוורץ",שוורץ Schwartz,,וזלין טהור,גרמים,100.00,100 גרם,false,,11.90,0.1190,true,1,2377892
7290015223829,false,"דאודורנט לנעליים 60 מ""ל",,,דיאודורנט לנעל,"100 סמ""ק",60.00,"100 סמ""ק",false,,9.90,0.1650,true,1,1881306
7290015223836,false,"תרסיסלכף הרגל 60 מ""ל",,,תרסיס לכף הרגל,"100 סמ""ק",60.00,"100 סמ""ק",false,,9.90,0.1650,true,1,1881300
7290015223843,false,"תרסיס ג""ל אלוורה",,,"תרסיס ג""ל אלוורה","100 סמ""ק",60.00,"100 סמ""ק",false,,9.90,0.1650,true,1,1881307
7290015223850,false,"אלכוהול ספרי 70% 60 סמ""ק",,,ספריי אלכוהול,"100 סמ""ק",60.00,"100 סמ""ק",false,,9.90,0.1650,true,1,1881308
7290015264174,false,טחינה אבן ריחיים 500 גרם,,,טחינה 500 גר' ממלכת,גרמים,500.00,100 גרם,false,,19.90,0.0398,true,1,2377802
7290015282000,false,איקרא אדומה SEVEN SEAS 200 גרם,שבעת הימים - שמיר,IL,איקרה אדומה,גרמים,200.00,100 גרם,false,,12.90,0.0645,true,1,2086535
7290015282390,false,סלט תורכי 200 גרם שמיר,"סלטי שמיר 2006 בע""מ",IL,סלט תורכי 200 גרם,גרמים,200.00,100 גרם,false,,11.90,0.0595,true,1,2216328
7290015282581,false,חומוס שמיר אבו גוש עם חריף 200 גר',"סלטי שמיר 2006 בע""מ",IL,חומוס עם חריף 200 גר,גרמים,200.00,100 גרם,false,,9.90,0.0495,true,1,2216330
7290015282598,false,חומוס שמיר מסעדות 200 גר',"סלטי שמיר 2006 בע""מ",IL,חומוס מסעדות 200 גרם,גרמים,200.00,100 גרם,false,,9.90,0.0495,true,1,2216331
7290015282604,false,טחינה שמיר מיוחדת גורמה 200ג',"סלטי שמיר 2006 בע""מ",IL,טחינה מיוחדת 200 גרם,גרמים,200.00,100 גרם,false,,9.90,0.0495,true,1,2216332
7290015282628,false,חציל שמיר בטעם כבד 200 גר',"סלטי שמיר 2006 בע""מ",IL,חציל בטעם כבד 200 גר,גרמים,200.00,100 גרם,false,,11.90,0.0595,true,1,2216334
7290015282635,false,חומוס שמיר מסבחה 200 גר',"סלטי שמיר 2006 בע""מ",IL,חומוס מסבחה 200 גרם,גרמים,200.00,100 גרם,false,,9.90,0.0495,true,1,2216335
7290015282642,false,חומוס שמיר אבו גוש 200 גר',"סלטי שמיר 2006 בע""מ",IL,חומוס אבו גוש 200 גר,גרמים,200.00,100 גרם,false,,9.90,0.0495,true,1,2216336
7290015282666,false,סלט טונה עם ירקות 200 גר,"סלטי שמיר 2006 בע""מ",IL,סלט טונה בריאות 200,גרמים,200.00,100 גרם,false,,16.90,0.0845,true,1,2216337
7290015282673,false,חציל שמיר במיונז ביתי 200 גורמה גר',"סלטי שמיר 2006 בע""מ",IL,חציל במיונז ביתי 200,גרמים,200.00,100 גרם,false,,9.90,0.0495,true,1,2216338
7290015282680,false,קישוא בטעם כבד שמיר 200 גר',"סלטי שמיר 2006 בע""מ",IL,קישוא בטעם כבד 200 ג,גרמים,200.00,100 גרם,false,,11.90,0.0595,true,1,2216339
7290015282697,false,כרוב אדום שמיר גורמה 200גר,"סלטי שמיר 2006 בע""מ",IL,כרוב אדום 200 גרם,גרמים,200.00,100 גרם,false,,11.90,0.0595,true,1,2216340
7290015282727,false,גזר מרוקאי ברוטב פיקנטי אסלי שמיר 200 ג',"סלטי שמיר 2006 בע""מ",IL,גזר מרוקאי פיקנטי 20,גרמים,200.00,100 גרם,false,,11.90,0.0595,true,1,2216342
7290015282741,false,חציל תאילנדי אסלי שמיר 200 ג',"סלטי שמיר 2006 בע""מ",IL,חציל תאילנדי 200 גרם,גרמים,200.00,100 גרם,false,,11.90,0.0595,true,1,2216344
7290015293259,false,"מוס רחצה לתינוק שיבולת שועל ד""ר פישר 450 מ""ל","ד""ר פישר Dr fischer",IL,מוס רחצה קמיל בלו 45,מיליליטרים,450.00,"100 מ""ל",false,,29.90,0.0664,true,1,1511120
7290015293631,false,מסיכה לשיער מתולתל יסמין ופרחי מגנוליה,"ד""ר פישר Dr fischer",IL,נטורל קר מסכה לשיער מתולת,מיליליטרים,450.00,"100 מ""ל",false,,34.90,0.0776,true,1,1390722
7290015304009,false,"קרם ידיים גולד 100 מ""ל LOVE LINE",,,קרם ידיים,מיליליטרים,100.00,"100 מ""ל",false,,9.90,0.0990,true,1,1366725
7290015320054,false,עוגיות חמאה בפח כחול 340ג',,,עןגיות טעם חמאה בארי,גרמים,340.00,100 גרם,false,,10.90,0.0321,true,1,1364451
7290015320481,false,שוקולד מריר 60% 100,,,שוקולד מריר 60% 100,גרמים,100.00,100 גרם,false,,3.90,0.0390,true,1,2235333
7290015321853,false,תבלין תיבול לבייגלה,תבליני פרג,,תיבול על הבייגל,גרמים,120.00,100 גרם,false,,13.90,0.1158,true,1,2361827
7290015324007,false,תבלין פלפל שחור גרוס 80 ג',"תבליני טעם וריח בע""מ",IL,שק.80 גר' פל.שחור גרוס,גרמים,80.00,100 גרם,false,,8.90,0.1113,true,1,1389518
7290015324014,false,תבלין פלפל שחור טחון 80 ג',"תבליני טעם וריח בע""מ",IL,שק.80 גר' פל.שחור טחון,גרמים,80.00,100 גרם,false,,8.90,0.1113,true,1,1389519
7290015324038,false,פפריקה מרוקאית מתוקה בשמן,"תבליני טעם וריח בע""מ",IL,שק.80 גר' פפריקה בשמן,גרמים,80.00,100 גרם,false,,4.90,0.0613,true,1,1389520
7290015324045,false,תבלין פפריקה חריפה 80 גר' שק',"תבליני טעם וריח בע""מ",IL,שק.80 גר' פפריקה חריפה,גרמים,80.00,100 גרם,false,,4.90,0.0613,true,1,1389521
7290015324052,false,תבלין פפריקה מתוקה 80 ג',"תבליני טעם וריח בע""מ",IL,שק.80 גר' פפריקה מתוקה,גרמים,80.00,100 גרם,false,,4.90,0.0613,true,1,1389522
7290015324069,false,תערובת תיבול גריל עוף,"תבליני טעם וריח בע""מ",IL,שק.80 גר' גריל עוף,גרמים,80.00,100 גרם,false,,4.90,0.0613,true,1,1389523
7290015324076,false,טעם וריח זעתר שקית 8,"תבליני טעם וריח בע""מ",IL,שק.80 גר' זעתר מעורב,גרמים,80.00,100 גרם,false,,4.90,0.0613,true,1,1389524
7290015324083,false,טעם וריח מלח לימון ש,"תבליני טעם וריח בע""מ",IL,שק.80 גר' מלח לימון,גרמים,80.00,100 גרם,false,,4.90,0.0613,true,1,1389525
7290015324090,false,תבלין כמון טחון 80 ג',"תבליני טעם וריח בע""מ",IL,שק.80 גר' כמון טחון,גרמים,80.00,100 גרם,false,,4.90,0.0613,true,1,1389526
7290015324106,false,תבלין כורכום טחון 80 גר',"תבליני טעם וריח בע""מ",IL,שק.80 גר' כורכום טחון,גרמים,80.00,100 גרם,false,,4.90,0.0613,true,1,1389527
7290015324113,false,טעם וריח בהרט שקית 8,"תבליני טעם וריח בע""מ",IL,שק.80 גר' בהרט,גרמים,80.00,100 גרם,false,,4.90,0.0613,true,1,1389528
7290015324120,false,טעם וריח שום גבישי ב,"תבליני טעם וריח בע""מ",IL,שק.80 גר' שום גבישי,גרמים,80.00,100 גרם,false,,6.90,0.0863,true,1,1389529
7290015324151,false,תבלין חוויאג למרק ב,"תבליני טעם וריח בע""מ",IL,שק.80 גר' חוואיג' למרק,גרמים,80.00,100 גרם,false,,4.90,0.0613,true,1,1389530
7290015324168,false,תבלין על האש תיבול 80 גר' שק',"תבליני טעם וריח בע""מ",IL,שק.80 גר' על האש תיבול,גרמים,80.00,100 גרם,false,,4.90,0.0613,true,1,1389531
7290015324175,false,תבלין שווארמה תיבול 80 גר' שק',"תבליני טעם וריח בע""מ",IL,שק.80 גר' שוארמה תיבול,גרמים,80.00,100 גרם,false,,4.90,0.0613,true,1,1389532
7290015324427,false,סודה לשתיה טעם וריח 80 גר',"תבליני טעם וריח בע""מ",IL,סודה לשתיה,גרמים,80.00,100 גרם,false,,3.90,0.0487,true,1,1736525
7290015324519,false,תערובת לפיצה שקית 80 גרם,"תבליני טעם וריח בע""מ",IL,תבלין תערובת לפיצה,גרמים,80.00,100 גרם,false,,4.90,0.0613,true,1,2219048
7290015324526,false,תערובת תיבול לפרגיות 80 גרם,"תבליני טעם וריח בע""מ",IL,תבלין תיבול לפרגיות,גרמים,80.00,100 גרם,false,,4.90,0.0613,true,1,2219049
7290015324533,false,רוזמרין מכל גדול 55 גרם,"תבליני טעם וריח בע""מ",IL,תבלין רוזמרין,גרמים,55.00,100 גרם,false,,5.90,0.1073,true,1,2219061
7290015324540,false,טימין מכל גדול 30 גרם,"תבליני טעם וריח בע""מ",IL,תבלין טימין,גרמים,30.00,100 גרם,false,,5.90,0.1967,true,1,2219062
7290015324557,false,בהרט לבישול מיכל גדול 80 גרם,"תבליני טעם וריח בע""מ",IL,תבלין בהרט לבישול,גרמים,80.00,100 גרם,false,,7.90,0.0988,true,1,2219063
7290015324564,false,בכוסברה טחונה מיכל גדול 70 גרם,"תבליני טעם וריח בע""מ",IL,מיכל כוסברה טחונה,גרמים,70.00,100 גרם,false,,7.90,0.1129,true,1,2219050
7290015324571,false,פפריקה מתוקה בשמן בסגנון מרוקאי 400 גרם,"תבליני טעם וריח בע""מ",IL,פפריקה מתוקה,גרמים,400.00,100 גרם,false,,17.90,0.0447,true,1,2239298
7290015324588,false,פלפל לבן טחון 100 גר,"תבליני טעם וריח בע""מ",IL,פלפל לבן 100 גרם,גרמים,100.00,100 גרם,false,,12.90,0.1290,true,1,2239110
7290015324663,false,צ'ילי גרוס חריף אש 70 גרם,"תבליני טעם וריח בע""מ",IL,מיכל צילי גרוס חריף,גרמים,70.00,100 גרם,false,,7.90,0.1129,true,1,2266392
7290015339551,false,פסטה פתיתים קוסקוס טעמן 500 גר',,,פתיתים קוסקוס 500גר',גרמים,500.00,100 גרם,false,,4.90,0.0098,true,1,2377804
7290015339568,false,פסטה פתיתים אורז טעמן 500 גר',,,פתיתים אורז 500גר',גרמים,500.00,100 גרם,false,,4.90,0.0098,true,1,2377805
7290015339629,false,שוקולד חלב שברי אגוזים 100 גר',הלל תעשיות,IL,שוקולד חלב שברי אגוז,יחידה,0.00,יחידה,false,,8.90,0.0000,true,1,2355696
7290015339643,false,"שוקולד מריר בד""ץ 100 גר'",הלל תעשיות,IL,שוקולד מריר בדץ,יחידה,0.00,יחידה,false,,6.90,0.0000,true,1,2355697
7290015339650,false,"שוקולד חלבי בד""ץ 100 גר'",אלבה שוקולד,,שוקולד חלבי בדץ,יחידה,0.00,יחידה,false,,6.90,0.0000,true,1,2355698
7290015339933,false,ריבת חלב 340 גרם טעמן,,,ריבת חלב 340 גר,גרמים,350.00,100 גרם,false,,11.90,0.0340,true,1,2341667
7290015347273,false,נטיפי שוקולד אמיתי לאפיה 250 גר',מיה,IL,שוקולד צ'יפס,גרמים,300.00,100 גרם,false,,9.90,0.0330,true,1,1524041
7290015347464,false,קינואה מעורבת 400 גרם,"מיה תעשיות מזון בע""מ",IL,קינואה מעורבת 400 גר,גרמים,400.00,100 גרם,false,,14.90,0.0373,true,1,1813621
7290015347488,false,"סוכר דמררה חום שקית מיה 1 ק""ג",מיה תעשיות מזון בעמ,IL,סוכר דמררה שקית,קילוגרמים,1.00,"ק""ג",false,,9.90,9.9000,true,1,1532038
7290015347532,false,צ'יפס בטטה עם שמן זית ועשבי תיבול 80גרם,מיה תעשיות מזון בעמ,IL,ציפס בטטה,גרמים,80.00,100 גרם,false,,7.90,0.0988,true,1,1673547
7290015347556,false,גבישי שום בצנצנת 300 גר',מיה תעשיות מזון בעמ,IL,אבקת שום,גרמים,300.00,100 גרם,false,,19.90,0.0663,true,1,2246657
7290015348072,false,למברוסקו אמיליאנו אדום,טמפו ברקן 5%,IT,יין אמיליאנו למברוסק,מיליליטרים,750.00,"100 מ""ל",false,,29.90,0.0399,true,1,1409701
7290015348096,false,"אמיליאנו למברוסקו רוזה 750 מ""ל",,IL,יין אמיליאנו למברוסק,מיליליטרים,750.00,"100 מ""ל",false,,29.90,0.0399,true,1,1409702
7290015350150,false,"יין אדום חצי יבש סגל 750 מ""ל",כרמי צבי - אחים סגל,IL,סגל אדום חצי יבש,מיליליטרים,750.00,"100 מ""ל",false,,24.90,0.0332,true,1,2238705
7290015350242,false,שטוק 84 משקה כוהלי על בסיס ברנדי בטעם דבש,יינות סגל,IL,"ברנדי שטוק 84 750 מ""",מיליליטרים,750.00,"100 מ""ל",false,,81.90,0.1092,true,1,1822388
7290015350402,false,"יין רזרב מוסקט ורוד 750 מ""ל ברקן",יקבי ברקן Barkan,IL,יין רזרב מוסקט ורוד,מיליליטרים,750.00,"100 מ""ל",false,,59.90,0.0799,true,1,1824073
7290015354899,false,חרדל דיז'ון מעודן 350 גרם,ריין דיז'ון reine dijon,FR,חרדל דיזון מעודן 350,גרמים,350.00,100 גרם,false,,10.90,0.0311,true,1,1926146
7290015366663,false,"אקווה פרש משחת שיניים מנטה עדין 100מ""ל",גלקסוסמיתקליין,SK,משחת שיניים אקווה פר,גרמים,100.00,100 גרם,false,,7.90,0.0790,true,1,1450766
7290015366670,false,משחת שיניים הגנה משולשת מנטה מרענן,גלקסוסמיתקליין,SK,משחת שיניים אקוה פרש,גרמים,100.00,100 גרם,false,,7.90,0.0790,true,1,1450767
7290015366717,false,"מסיכה לשיער ארגן קוקוס סטייל 500 מ""ל",גורי,IL,מסיכה ארגן קוקוס 500,מיליליטרים,500.00,"100 מ""ל",false,,29.90,0.0598,true,1,1450994
7290015395045,false,קינואה 400 גרם חתם סופר,"שקדיה גבע תעשיות בע""",IL,קינואה 400 גרם,גרמים,400.00,100 גרם,false,,9.90,0.0248,true,1,2238423
7290015395960,false,בוטן רביולי בציפוי בטעם מלוח מתוק 150 ג,דין שיווק,IL,בוטן רביולי 150 גרם,גרמים,150.00,100 גרם,false,,12.90,0.0860,true,1,2288318
7290015437431,false,רכז רימונים תומר 42,AROMA PRODUCT ITD,GE,רכז רימונים 420 גרם,גרמים,420.00,100 גרם,false,,19.90,0.0474,true,1,1378619
7290015437578,false,מוזלי קראנצ'י צימוק תפוח מיובש גרעיני חמנ' 600ג',ויטליה,MK,מיזלי קראנצי+צימוק ת,גרמים,600.00,100 גרם,false,,14.90,0.0248,true,1,1411859
7290015470094,false,טוסו שוקולד מריר תפוז ללא סוכר 100 גר,ALTINMARKA,TR,טוסו שוקולד מריר תפו,גרמים,100.00,100 גרם,false,,7.90,0.0790,true,1,1504189
7290015470384,false,קרם ידיים מטפח אינטנסיב מועשר בשמן שקדים,אינטרקוסמא,IL,חדש-פנג'ל פלוס קרם ידיים,מיליליטרים,100.00,"100 מ""ל",false,,9.90,0.0990,true,1,1438155
7290015470391,false,קרם ידיים מועשר בשמן זית לעור רגיל עד יבש,אינטרקוסמא,IL,חדש-פנג'ל פלוס קרם ידיים,מיליליטרים,100.00,"100 מ""ל",false,,9.90,0.0990,true,1,1438156
7290015596268,false,"אלכוג'ל אפרסק לשמירת הגיינת ידיים 100 מ""ל","ד""ר פישר Dr fischer",IL,"אלכוג'ל 100 מ""ל אפרסק",מיליליטרים,100.00,"10 מ""ל",false,,9.90,0.0990,true,1,1390728
7290015596831,false,"קרם גוף מעושר בשמן אבוקדו אפקטיב קר ד""ר פישר","ד""ר פישר Dr fischer",IL,קרם גוף מועשר בשמן א,מיליליטרים,450.00,"100 מ""ל",false,,21.90,0.0487,true,1,2245735
7290015641470,false,תבניות אלומיניום 3 י,,,תבניות אלומיניום 3 י,יח',3.00,יח',false,,9.90,3.3000,true,1,2363633
7290015641487,false,תבניות אלומיניום 4 י,,,תבניות אלומיניום 4 י,יח',4.00,יח',false,,9.90,2.4750,true,1,2363872
7290015641524,false,תבניות אלומיניום 4 י,,,תבניות אלומיניום 4 י,יח',4.00,יח',false,,9.90,2.4750,true,1,2363892
7290015652384,false,"קמח תירס הכנה מהירה ללא גלוטן 1 ק""ג",דין שיווק,IT,"קמח תירס 1 ק""ג ללא ג",קילוגרמים,1.00,"ק""ג",false,,9.90,9.9000,true,1,1521875
7290015652551,false,תערובת תיבול זעתר ושומשום בלדי,"נווה התבלין בע""מ",IL,תבלין זעתר שומשום 15,גרמים,150.00,100 גרם,false,,9.90,0.0660,true,1,1694125
7290015652599,false,תערובת מתובלת להכנת צלי בקר,"נווה התבלין בע""מ",IL,תבלין צלי בקר 120 גר,גרמים,120.00,100 גרם,false,,9.90,0.0825,true,1,1694129
7290015695800,false,נבטי ברוקולי אורגני,הנבטים של אודי,IL,נבטי ברוקולי,יחידה,0.00,יחידה,false,,8.90,0.0000,true,1,1441201
7290015695817,false,נבטי קייל אורגני,הנבטים של אודי,IL,נבטי קייל,יחידה,0.00,יחידה,false,,9.90,0.0000,true,1,1441202
7290015695831,false,נבטי צנונית אורגני,הנבטים של אודי,IL,נבטי צנונית,יחידה,0.00,יחידה,false,,9.90,0.0000,true,1,1441204
7290015695848,false,נבטי אלפלפא אורגני,,,נבטי אלפלפא,יחידה,0.00,יחידה,false,,9.90,0.0000,true,1,1441205
7290015695855,false,נבטי חמניה אורגני,הנבטים של אודי,IL,נבטי חמניה,יחידה,0.00,יחידה,false,,9.90,0.0000,true,1,1441200
7290015695879,false,עשב חיטה אורגני,,,עשב חיטה,יחידה,0.00,יחידה,false,,9.90,0.0000,true,1,1441206
7290015695886,false,מיקס נבטים אורגני,הנבטים של אודי,,מיקס נבטים,יחידה,0.00,יחידה,false,,9.90,0.0000,true,1,1441207
7290015695893,false,מיקס נבטוטים אורגני,,,מיקס נבטוטים,יחידה,0.00,יחידה,false,,9.90,0.0000,true,1,1573297
7290015695916,false,מיקס נבטים ענק אורגני,הנבטים של אודי,IL,מיקס נבטים ענק,יחידה,0.00,יחידה,false,,15.90,0.0000,true,1,1441209
7290015695923,false,נבטים סינים אורגנים,מושב אחיטוב,IL,נבטים סיניים,יחידה,0.00,יחידה,false,,7.90,0.0000,true,1,1517957
7290015695947,false,נבטי אפונה ירוקה לסל,הנבטים של אודי,IL,נבטי אפונה,יחידה,0.00,יחידה,false,,9.90,0.0000,true,1,1595258
7290015699730,false,סבון דה מארסיי יעקבי 1.5 ליטר *חדש-,יעקובי הפי,BE,הפי רצפות מבושם 1.5,ליטרים,1.50,ליטר,false,,14.90,9.9333,true,1,1531439
7290015733168,false,מטרנה גולד שלב שלוש 700 ג',מטרנה,IL,מטרנה גולד שלב 3 700,גרמים,700.00,100 גרם,false,,74.90,0.1070,true,1,1886433
7290015733205,false,תרכובת מזון לתינוקות חלבי שלב 1 אקסטרה קר מהדרין,מטרנה,IL,מטרנה אקסטרה קר מהדר,גרמים,700.00,100 גרם,false,,59.90,0.0856,true,1,1910423
7290015733229,false,תרכובת מזון לתינוקות חלבי שלב 2 אקסטרה קר מהדרין,מטרנה,IL,מטרנה אקסטרה קר מהדר,גרמים,700.00,100 גרם,false,,59.90,0.0856,true,1,1910424
7290015733243,false,מטרנה אקסטרה קייר מהדרין שלב 3 700 גרם,מטרנה,IL,מטרנה אקסטרה קר מהדר,גרמים,700.00,100 גרם,false,,59.90,0.0856,true,1,1910425
7290015733441,false,מטרנה דייסת גם וגם דגנים פרו 300 גר',מטרנה תעשיות ש.מ,IL,דייסת גם וגם דגנים 3,גרמים,300.00,100 גרם,false,,22.90,0.0763,true,1,2215935
7290015733977,false,תרכובת מזון קומפורט על בסיס חלבי דל לקטוז,מטרנה,IL,מטרנה אקסטרה קר קומפ,גרמים,700.00,100 גרם,false,,59.90,0.0856,true,1,2284306
7290015790000,false,גרגירי רימונים בקופס,חקלאי,IL,גרגרי רימון,גרמים,250.00,100 גרם,false,,14.90,0.0596,true,1,1430762
7290015804400,false,עגבניות מרוסקות טל 260 ג',טל וטרי,IL,עגבניות מרוסקות טל,גרמים,250.00,100 גרם,false,,3.50,0.0140,true,1,1440858
7290015804417,false,עגבניות מרוסקות מתובלות עם שום,טל,,עגבניות מרוסקות עם ש,גרמים,250.00,100 גרם,false,,3.50,0.0140,true,1,1440859
7290015804424,false,עגבניות מרוסקות ובזיליקום ועשבי תיבול טל 260 ג',טל,,עגבניות מרוסקות בטעם,גרמים,250.00,100 גרם,false,,3.50,0.0140,true,1,1440860
7290015804486,false,רוטב עגבניות מרוכז ומתובל לשקשוקה,טל וטרי,IL,רוטב עגבניות מרוכז ו,גרמים,250.00,100 גרם,false,,3.50,0.0140,true,1,1440862
7290015856492,false,חטיפי קרקר עם מלח 180 גר',,,קרקר חטיפית מלוח,גרמים,180.00,100 גרם,false,,4.90,0.0272,true,1,2131839
7290015856515,false,חטיפי קרקר בטעם בצל הדר,,,קרק חטיפית בצל,גרמים,180.00,100 גרם,false,,4.90,0.0272,true,1,2131841
7290015856539,false,חטיפי קרקר בצורת דגים הדר,,,בסקויט גן חיות,גרמים,180.00,100 גרם,false,,4.90,0.0272,true,1,2131848
7290015856546,false,חטיפי ביסקויט בצורת חיות 180 גר,,,חטיפי קרקר בצורת דגי,גרמים,180.00,100 גרם,false,,4.90,0.0272,true,1,2131849
7290015856607,false,קרקר תירוש מלוח מתוק חצי מצופה בטעם שוקולד,אפיפית נצרת תעשיות ב,IL,קרקר תירוש חצי מצופה,גרמים,175.00,100 גרם,false,,7.90,0.0451,true,1,2230336
7290015856621,false,ביסקויט תירוש בטעם קרמל[לוטוס]175 גרם,אפיפית נצרת תעשיות ב,IL,בסקויט תירוש קרמל חצ,גרמים,175.00,100 גרם,false,,7.90,0.0451,true,1,2230337
7290015856751,false,פירורי עוגיות אמריקאיות 250 גר',,,פירורי עוגיות אמריקא,גרמים,250.00,100 גרם,false,,5.90,0.0236,true,1,2264012
7290015856805,false,קרקר דגן ללא סוכר 25,,,קרקר דגן ללא סוכר 25,גרמים,250.00,100 גרם,false,,7.90,0.0316,true,1,2275334
7290015856935,false,ביסקויט אקסטרא גליל טעם חמאה 400 גרם,הדר,,ביסקוויט בטעם חמאה ה,גרמים,400.00,100 גרם,false,,8.90,0.0223,true,1,2306275
7290015856942,false,קרקר קרם קרקר עם זעת,,,קרם קרקר 250 גרם הדר,גרמים,250.00,100 גרם,false,,5.90,0.0236,true,1,2332239
7290015856973,false,פתי בר ללא סוכר 150 גר הדר וניל,,,ביסקוויט תה וניל ללא,גרמים,150.00,100 גרם,false,,5.90,0.0393,true,1,2347324
7290015856980,false,פתי בר ללא סוכר 150 גר הדר שוקו,,,ביסקוויט תה שוקו ללא,גרמים,150.00,100 גרם,false,,5.90,0.0393,true,1,2347325
7290015858106,false,ממרח פסטו ביתי 180 ג' עללחם,מדשא תעשיות מזון בעמ,IL,ממרח פסטו ביתי 180 ג,גרמים,180.00,100 גרם,false,,14.90,0.0828,true,1,2157206
7290015858144,false,ממרח ארטישוק עללחם 180 גרם,מדשא תעשיות מזון בעמ,IL,ממרח ארטישוק 180 גרם,גרמים,180.00,100 גרם,false,,14.90,0.0828,true,1,2157207
7290015858151,false,ממרח שום 180 גרם עללחם בית יוסף,מדשא תעשיות מזון בעמ,IL,ממרח שום עללחם 180 ג,גרמים,180.00,100 גרם,false,,14.90,0.0828,true,1,2284675
7290015858175,false,ממרח פלפלים קלויים עללחם 180 גרם,מדשא תעשיות מזון בעמ,IL,ממרח פלפלים קלויים 1,גרמים,180.00,100 גרם,false,,14.90,0.0828,true,1,2157216
7290015858229,false,טפנד זיתי קלמטה עללחם 180 גרם,מדשא תעשיות מזון בעמ,IL,ממרח טפנד זיתי קלמטה,גרמים,180.00,100 גרם,false,,14.90,0.0828,true,1,2157218
7290015858243,false,ממרח צימיצורי עללחם 180 גרם,מדשא תעשיות מזון בעמ,IL,ממרח צימיצורי 180 גר,גרמים,180.00,100 גרם,false,,14.90,0.0828,true,1,2157219
7290015858328,false,עללחם ממרח איולי פסטו 295 גרם,מדשא תעשיות מזון בעמ,IL,איולי פסטו עללחם,גרמים,295.00,גרם,false,,13.90,0.0471,true,1,2374040
7290015858441,false,עללחם ממרח איולי פלפלים 295 גרם,מדשא תעשיות מזון בעמ,IL,איולי פלפלים עללחם,גרמים,295.00,גרם,false,,13.90,0.0471,true,1,2374041
7290015858687,false,עללחם ממרח איולי שום 295 גרם,מדשא תעשיות מזון בעמ,IL,איולי שום עללחם,גרמים,295.00,גרם,false,,13.90,0.0471,true,1,2374048
7290015858694,false,עללחם ממרח איולי שום לימון 295 גרם,מדשא תעשיות מזון בעמ,IL,איולי שום לימון עללח,גרמים,295.00,גרם,false,,13.90,0.0471,true,1,2374042
7290015865739,false,קונפיטורת אוכמניות ע,ענבי ציון,IL,קונפיטורת אוכמניות ע,גרמים,400.00,100 גרם,false,,19.90,0.0497,true,1,2340736
7290015899390,false,תרסיס לניקוי והברקת נירוסטה ומתכות אחרות,סאסאטק SASATECK,,תרסיס לניקוי והברקת,מיליליטרים,500.00,"100 מ""ל",false,,9.90,0.0198,true,1,1575954
7290015899512,false,אקונומיקה בניחוח לימון,סאסאטק SASATECK,,אקונומיקה מבושמת לימ,ליטרים,4.00,ליטר,false,,14.90,3.7250,true,1,1418792
7290015899529,false,אקונומיקה בניחוח פרחים,סאסאטק SASATECK,,אקונומיקה מבושמת פרח,ליטרים,4.00,ליטר,false,,14.90,3.7250,true,1,1418793
7290015899628,false,נוזל רב תכליתי מנקה ומבריק,סאסאטק SASATECK,,נוזל רב תכליתי 1 ליט,ליטרים,1.00,ליטר,false,,9.90,9.9000,true,1,1427129
7290015899970,false,אקונומיקה סמיכה בניחוח לימון,סאסאטק SASATECK,,אקונומיקה סמיכה בניח,ליטרים,4.00,ליטר,false,,14.90,3.7250,true,1,1439733
7290015899994,false,מסיר אבן 1 ליטר פרפק,סאסאטק SASATECK,,מסיר אבן 1 ליטר פרפק,ליטרים,1.00,ליטר,false,,9.90,9.9000,true,1,1440643
7290015968973,false,כפפות ניטריל שחורות ללא אבקה - M,סייף טאץ' Safe Touch,,כפפות ניטריל שחורות,יח',100.00,יח',false,,24.90,0.2490,true,1,2180559
7290015968980,false,כפפות ניטריל שחורות ללא אבקה - L,סייף טאץ' Safe Touch,,כפפות ניטריל שחורות,יח',100.00,יח',false,,24.90,0.2490,true,1,2180560
7290015996983,false,סוכרזית סוכרלוז 0 קלוריות 130 גר,ביסקול בעn,IL,סוכרזית סוכרלוז 100,גרמים,130.00,100 גרם,false,,26.90,0.2069,true,1,1891105
7290016006292,false,נקטר מנגו בננה מלון קרטונית 1 ל' ספרינג,יפאורה תבורי,IL,ספרינג קרטונית מנגו,ליטרים,1.00,ליטר,false,,6.60,6.6000,true,1,1461759
7290016006339,false,מים מינרלים - מארז רביעייה,מופק ממקור בזלתי עדן,IL,רביעייה מי עדן 1 ליט,ליטרים,4.00,ליטר,false,,9.90,2.4750,true,1,1786824
7290016006346,false,שישיית שרינק 500 מל שוופס סודה,יפאורה תבורי בעמ,IL,שוופס סודה שישייה מו,ליטרים,3.00,ליטר,false,,14.90,4.9667,true,1,1786816
7290016077759,false,רוטב ברביקיו קלאסי 480 גרם,היינץ Heinz,NL,רוטב ברבקיו 480 גרם,גרמים,480.00,100 גרם,false,,12.90,0.0269,true,1,1776162
7290016083323,false,עוגיות מעמול תמרים ש,מאפיית ישראל חיפה,IL,עוגיות בדלי בטעמים ש,גרמים,500.00,100 גרם,false,,15.90,0.0318,true,1,2323118
7290016083347,false,עוגיות רולדה תמר שקד,מאפיית ישראל חיפה,IL,עוגיות בדלי בטעמים ש,גרמים,500.00,100 גרם,false,,15.90,0.0318,true,1,2323120
7290016083378,false,עוגיות חיתוכיות שוקו,מאפיית ישראל חיפה,IL,עוגיות בדלי בטעמים ש,גרמים,500.00,100 גרם,false,,15.90,0.0318,true,1,2323121
7290016083590,false,עוגיות שקד כעכים קקא,,,עוגיות בדלי בטעמים ש,גרמים,500.00,100 גרם,false,,15.90,0.0318,true,1,2292242
7290016094695,false,אלכוג'ל לשמירה על הייגיינת הידיים 70% אלכוהול,פישר מעבדות פרמצבטיו,IL,אלכוג'ל טבעי 500 מל,מיליליטרים,500.00,"100 מ""ל",false,,19.90,0.0398,true,1,2210295
7290016106411,false,פרוסות מנגו 425 גרם בסירופ קל,לונגהי גואנגפה פוד ב,,פרוסות מנגו 425 גרם,גרמים,425.00,100 גרם,false,,7.90,0.0186,true,1,2298113
7290016106657,false,נתחי טונה בהירה בשמן צמחי - מארז רביעייה,דיאמוד פוד פרודקט סי,IL,רביעיית טונה בשמן בד,גרמים,560.00,100 גרם,false,,19.90,0.0355,true,1,2363270
7290016106664,false,נתחי טונה בהירה במי מלח - מארז רביעייה,דיאמוד פוד פרודקט סי,IL,רביעיית טונה במים בד,גרמים,560.00,100 גרם,false,,19.90,0.0355,true,1,2363276
7290016106671,false,נתחי טונה בהירה בשמן צמחי,טעמן,,טונה בודד בשמן טעמן,גרמים,140.00,100 גרם,false,,5.90,0.0421,true,1,2377810
7290016106688,false,נתחי טונה בהירה במי מלח,טעמן,,טונה בודד במים טעמן,גרמים,140.00,100 גרם,false,,5.90,0.0421,true,1,2377811
7290016117189,false,ברזלית 5 יחידות פרפק,פרפקט Perfect,,ברזלית 5 יחידות פרפק,יח',5.00,יח',false,,7.90,1.5800,true,1,1468130
7290016117196,false,כריות יפניות דו צדדיות,פרפקט Perfect,,כרית יפנית דו צדדית,יח',4.00,יח',false,,9.90,2.4750,true,1,1468112
7290016117202,false,שלישיית כריות קרצוף,פרפקט Perfect,,כריות קרצוף שלישייה,יח',3.00,יח',false,,9.90,3.3000,true,1,1468131
7290016117226,false,כרית יפנית שישיה פרפ,פרפקט Perfect,,כרית יפנית שישיה פרפ,יח',6.00,יח',false,,9.90,1.6500,true,1,1468114
7290016117233,false,כריות קרצוף 6 יחידות,פרפקט Perfect,,כריות קרצוף 6 יחידות,יח',6.00,יח',false,,7.90,1.3167,true,1,1468132
7290016135541,false,פסטה ביצים 3 צבעים פוזילי 400 גר אוריינט,פ.פ.ה טאביט,,פסטה ביצים 3 צבעים פ,גרמים,400.00,100 גרם,false,,9.90,0.0248,true,1,1506473
7290016136692,false,משחת שיניים הגנה משולשת מנטה מרענן- שלישייה,אקווה פרש Aquafresh,,משחת שיניים שלישיה מ,מיליליטרים,300.00,"100 מ""ל",false,,19.90,0.0663,true,1,1503690
7290016136708,false,משחת שיניים הגנה משולשת מנטה עדין- שלישייה,אקווה פרש Aquafresh,,א.פרש שלישיה עדין,מיליליטרים,300.00,"100 מ""ל",false,,19.90,0.0663,true,1,1503691
7290016136722,false,פתיתים פנה ללא גלוטן 340 גרם גי פרי,malino andriani,IT,פתיתים פנה ללא גלוטן,גרמים,340.00,100 גרם,false,,7.90,0.0232,true,1,1555245
7290016136739,false,GFREE פתיתי פוזילי על בסיס קמח תירס וקמח,malino andriani,IT,פתיתים פוזילי ללא גל,גרמים,340.00,100 גרם,false,,7.90,0.0232,true,1,1555286
7290016144000,false,"קמח חיטה מלאה נפלאות 80% 1 ק""ג","קמח מלכים בע""מ",IL,קמח חיטה מלא 80% נפל,קילוגרמים,1.00,"ק""ג",false,,9.90,9.9000,true,1,1439999
7290016144017,false,"קמח מלא נפלאות 100% ללא ניפוי 1 ק""ג",קמח מלכים,IL,קמח חיטה מלא 100% נפ,קילוגרמים,1.00,"ק""ג",false,,9.90,9.9000,true,1,1440000
7290016144031,false,"נפלאות קמח חיטה לבן מנופה 1 ק""ג",קמח מלכים,IL,קמח לבן מנופה נפלאות,קילוגרמים,1.00,"ק""ג",false,,6.90,6.9000,true,1,1518583
7290016144048,false,"קמח כוסמין לבן נפלאות 1 ק""ג","קמח מלכים בע""מ",IL,קמח כוסמין לבן נפלאו,קילוגרמים,1.00,"ק""ג",false,,14.90,14.9000,true,1,1586309
7290016144086,false,נפלאות קמח חלה מנופה 1 ק”ג,קמח מלכים,IL,קמח חלה,קילוגרמים,1.00,"ק""ג",false,,6.90,6.9000,true,1,2377905
7290016150384,false,סלק אדום מבושל באריזת וואקום,,,סלק אדום מבושל באריז,גרמים,500.00,100 גרם,false,,5.90,0.0118,true,1,1541360
7290016162264,false,עוגת גבינה רנססנס 450 גר',קפולסקי שיווק וקמעונ,IL,עוגת גבינה רנסנס 450,גרמים,450.00,100 גרם,false,,34.90,0.0776,true,1,1456669
7290016217759,false,חצילים בסגנון מרוקאי,"סלטי שמיר 2006 בע""מ",IL,חציל מרוקאי 200 גרם,גרמים,200.00,100 גרם,false,,11.90,0.0595,true,1,2216356
7290016233254,false,עגבניות מיובשות קצוצות מתובלות,תומר,TR,עגבניות מיובשות 250,גרמים,250.00,100 גרם,false,,9.90,0.0396,true,1,1450421
7290016233261,false,עגבניות מיובשות רצועות במגשית 250 גרם,,TR,עגבניות מיובשות 250,גרמים,250.00,100 גרם,false,,9.90,0.0396,true,1,1450422
7290016246018,false,בארכה מיקס פינוקיות חלבה 10*20 גרם.,רושדי תעשיות מזון בע,IL,בארכה מיקס פינוקיות,גרמים,200.00,100 גרם,false,,11.90,0.0595,true,1,1450569
7290016246209,false,חטיף חלבה וניל 100 גרם בארכה,בארכה,,חלבה בארכה חטיף וניל,גרמים,100.00,100 גרם,false,,3.00,0.0300,true,1,1544827
7290016246308,false,בארכה בקטנה חטיף חלבה וניל קוקוס 7*18 גר,רושדי תעשיות מזון בע,IL,מאגדת בארכה חטיף חלב,גרמים,126.00,100 גרם,false,,9.90,0.0786,true,1,1733663
7290016246452,false,טחינה גולמית מעודנת לימון שום בארכה 310ג',רושדי תעשיות מזון בע,IL,טחינה גולמית מעודנת,גרמים,310.00,100 גרם,false,,11.90,0.0384,true,1,2003760
7290016246490,false,בארכה חלבה קלאסית 400 גרם,רושדי תעשיות מזון בע,IL,בארכה חלבה קלאסית 40,גרמים,400.00,100 גרם,false,,9.90,0.0248,true,1,2048317
7290016255003,false,מסיר שומנים להסרת לכלוך קשה,סאסאטק SASATECK,,"מסיר שומנים 750 מ""ל",מיליליטרים,750.00,"100 מ""ל",false,,9.90,0.0132,true,1,1446522
7290016255010,false,מסיר אבנית ולכלוך קשה,סאסאטק SASATECK,,מרסס מסיר אבנית 750,מיליליטרים,750.00,"100 מ""ל",false,,14.90,0.0199,true,1,1446533
7290016255027,false,ספריי קצף רב שימושי בתוספת אקונומיקה,סאסאטק SASATECK,,מרסס לניקוי כללי בתו,מיליליטרים,750.00,"100 מ""ל",false,,14.90,0.0199,true,1,1446534
7290016255034,false,ג'ל לניקוי אסלות בניחוח אורנים,סאסאטק SASATECK,,ג'ל לניקוי אסלות בני,מיליליטרים,750.00,"100 מ""ל",false,,7.90,0.0105,true,1,1439739
7290016255041,false,ג'ל לניקוי אסלות בניחוח לימון,סאסאטק SASATECK,,ג'ל לניקוי אסלות בני,מיליליטרים,750.00,"100 מ""ל",false,,7.90,0.0105,true,1,1439740
7290016255058,false,ג'ל לניקוי אסלות בניחוח לבנדר,סאסאטק SASATECK,,ג'ל לניקוי אסלות בני,מיליליטרים,750.00,"100 מ""ל",false,,7.90,0.0105,true,1,1439741
7290016255157,false,דלי מטליות לחות לרצפה בבישום מרענן,פרפקט Perfect,,דלי מטליות לחות לניק,יח',50.00,יח',false,,24.90,0.4980,true,1,1801930
7290016255386,false,נוזל לניקוי אסלות 1,סאסאטק SASATECK,,נוזל לניקוי אסלות 1,ליטרים,1.00,ליטר,false,,9.90,9.9000,true,1,1447013
7290016255393,false,מטליות נשלפות לניקוי וחיטוי כללי בבישום עדין 400 יח',פרפקט Perfect,,מטליות נשלפות לניקוי,יח',400.00,יח',false,,24.90,0.0622,true,1,1450579
7290016255492,false,נוזל מבושם לשטיפת פר,פרפקט Perfect,,נוזל מבושם לשטיפת פר,ליטרים,2.00,ליטר,false,,19.90,9.9500,true,1,1457324
7290016255508,false,נוזל לניקוי כלים בניחוח לימון,פרפקט Perfect,,נוזל לניקוי כלים 750,מיליליטרים,750.00,"100 מ""ל",false,,9.90,0.0132,true,1,1488171
7290016255515,false,נוזל לניקוי כלים בניחוח תפוח,פרפקט Perfect,,נוזל לניקוי כלים 750,מיליליטרים,750.00,"100 מ""ל",false,,9.90,0.0132,true,1,1488157
7290016255638,false,נוזל מנקה רצפות בניחוח לבנדר,פרפקט Perfect,,נוזל לניקוי רצפות בנ,ליטרים,2.00,ליטר,false,,19.90,9.9500,true,1,1457325
7290016255645,false,נוזל מנקה רצפות בניחוח מאסק,פרפקט Perfect,,נוזל לניקוי רצפות בנ,ליטרים,2.00,ליטר,false,,19.90,9.9500,true,1,1457326
7290016255652,false,נוזל מנקה רצפות בניחוח אורנים,פרפקט Perfect,,נוזל לניקוי רצפות בנ,ליטרים,2.00,ליטר,false,,19.90,9.9500,true,1,1457327
7290016270570,false,מלפפון בייבי,חקלאי,IL,מלפפון בייבי,יחידה,0.00,יחידה,false,,7.90,0.0000,true,1,1698657
7290016270907,false,ברוקולי ארוז במגשית,,,ברוקולי ארוז -גן היר,יחידה,0.00,יחידה,false,,9.90,0.0000,true,1,2327136
7290016276534,false,"שמן קוקוס לא מזוכך 500 מ""ל",דין שיווק,IL,שמן קוקוס לא מזוכך 5,מיליליטרים,500.00,"100 מ""ל",false,,24.90,0.0498,true,1,2299863
7290016284003,false,חסה הידרופונית רומית,מעיינות הזורע,IL,חסה הידרו רומית,יחידה,0.00,יחידה,false,,9.90,0.0000,true,1,1515826
7290016284065,false,חסה הידרו לאליק,,,חסה הידרו לאליק,יחידה,0.00,יחידה,false,,9.90,0.0000,true,1,2343844
7290016302059,false,מארז לחמניות פרנה ביס 10 יח',פרנה בייקרי,,מארז פרנה ביס 10 יח',יח',10.00,יח',false,,9.90,0.9900,true,1,2270398
7290016319309,false,סבון נוזלי מאסק קלאסי+משאבה פמלי 1 ל,הנסיך- מפעל לייצור ט,IL,אל סבון פמילי 1 ליטר,ליטרים,1.00,ליטר,false,,9.90,9.9000,true,1,1927969
7290016321326,false,סבון נוזלי בניחוח מנדרינה ולואיזה + משאבה 1 ל' פמלי,אינטרקוסמא,TR,אל סבון פמילי 1 ליטר,ליטרים,1.00,ליטר,false,,9.90,9.9000,true,1,2326094
7290016321555,false,רצועות שעווה לביקיני ולב.שחי מ.הדבש 16+4,ש.שוורץ,ES,רצועות שעווה מגע המש,יחידה,0.00,יחידה,false,,19.90,0.0000,true,1,2245380
7290016321661,false,מגבונים פרש וואנס סנסיטיב קר רביעייה,עלבד משואות יצחק,IL,רביעיית מגבוני פרשוו,יח',256.00,יח',false,,15.90,0.0621,true,1,2186629
7290016321678,false,מגבונים לחים בניחוח מרענן עם תמציות קמומיל ואלוורה,עלבד משואות יצחק,IL,רביעיית מגבוני פרשוו,יח',256.00,יח',false,,15.90,0.0621,true,1,2186630
7290016321883,false,פ.ו נייר טואלט מתכלה ילדים 40יח- שלישייה,עלבד משואות יצחק בעמ,IL,מארז שלישייה נייר טו,יח',40.00,יח',false,,14.90,0.3725,true,1,2214771
7290016321890,false,פ.ו נייר טואלט מתכלה מבוגרים 40יח- שלישייה,עלבד משואות יצחק בעמ,IL,מארז שלישייה נייר טו,יח',40.00,יח',false,,14.90,0.3725,true,1,2214772
7290016329261,false,סרקל מתיר קשרים ספריי רציףף 300 מ'ל,"ד""ר פישר Dr fischer",IL,סרקל ספריי מתיר קשרי,מיליליטרים,300.00,"100 מ""ל",false,,29.90,0.0997,true,1,1502866
7290016329278,false,קמיל בלו מגבונים מילוי 64 יח רביעייה,"ד""ר פישר Dr fischer",IL,רביעיית מגבונים קמיל,64 יח',256.00,64 יח',false,,15.90,0.0621,true,1,2208159
7290016329308,false,"ד""ר פישר - סרקל קרם רוזמרין לשיער מתולתל 325 מ""ל",פישר תעשיות,IL,סרקל קרם רוזמרין לשי,מיליליטרים,325.00,"100 מ""ל",false,,27.90,0.0858,true,1,2214124
7290016370959,false,חציל קלוי פירה בצנצנת ‏580‏ ג' יבנה,תאי פרזידנט פוד פאבל,GR,חציל קלוי על האש בצנ,גרמים,530.00,100 גרם,false,,9.90,0.0187,true,1,1533356
7290016372342,false,עגבניות חתוך קוביות גראנד איטליה מארז 400X3ג',גרנד איטליה Grand Italia,IT,עגבניות חתוכות 3*400,גרמים,1200.00,100 גרם,false,,14.90,0.0124,true,1,1799581
7290016372373,false,רסק עגבניות ללא תוספת סוכר ומלח - מארז זוג,גרנד איטליה Grand Italia,IT,זוג רסק עגבניות 2*14,גרמים,280.00,100 גרם,false,,7.90,0.0282,true,1,1799583
7290016372397,false,"תה ויסוצקי ירוק תפוז,ג'ינגר וכורכום 25 יח'",ויסוצקי ירוק,IL,תה ירוק תפוז ג'ינג'ר,גרמים,37.50,100 גרם,false,,22.90,0.6107,true,1,1727374
7290016372458,false,חליטת צמחים לימונית ולואיזה הגן הקסום,תה ויסוצקי,IL,תה הגן הקסום לימונית,גרמים,75.00,100 גרם,false,,29.90,0.3987,true,1,1686787
7290016372489,false,חליטת פירות וצמחים ג'ינג'ר ולימון - אפקט הג'ינג'ר,תה ויסוצקי,IL,חליטת ג'ינג'ר ולימון,גרמים,45.00,100 גרם,false,,17.90,0.3978,true,1,1727404
7290016372496,false,חליטת פירות וצמחים בטעם ג'ינג'ר ודבש -אפקט הג'ינג'ר,תה ויסוצקי,IL,חליטת ג'ינג'ר ודבש ס,גרמים,45.00,100 גרם,false,,17.90,0.3978,true,1,1727405
7290016373707,false,מקלות חמוצים אפרסק 20 גרם טעמן,אלבן מזון תעשיות ומס,TR,מקלות חמוצים,גרמים,20.00,100 גרם,false,,1.90,0.0950,true,1,2348715
7290016408119,false,טרליני כעכים בטעם קלאסי 225 גר' - בדץ,אפוליה פוד,IT,כעכים טרליני בטעם קל,גרמים,225.00,100 גרם,false,,6.90,0.0307,true,1,1517729
7290016408133,false,טרליני כעכים בטעם בצל וזיתים 225 גר' - בדץ,אפוליה פוד,IT,כעכים טרליני בטעם בצ,גרמים,225.00,100 גרם,false,,6.90,0.0307,true,1,1517731
7290016408157,false,טרליני כעכים עם קמח מלא 225 גר'!,אפוליה פוד,IT,כעכים טרליני עם קמח,גרמים,225.00,100 גרם,false,,6.90,0.0307,true,1,1517733
7290016408164,false,טרליני כעכים בטעם שום וצי'לי פיקנטי 225 גר' - בדץ,אפוליה פוד,IT,כעכים טרליני בטעם שו,גרמים,225.00,100 גרם,false,,6.90,0.0307,true,1,1517734
7290016408294,false,"מרשמלו ורוד לבן וסטהיים 150 ג', 26 בקרטון",מנדלז סי.אר. פרודקשן,IL,מרשמלו ורוד לבן,גרמים,150.00,100 גרם,false,,4.90,0.0327,true,1,1847543
7290016408393,false,חטיף קרקר עם שומשום פניני 130 ג',דוויטה ג'יי.אס.סי,,חטיף קרקר עם שומשום,גרמים,130.00,100 גרם,false,,6.90,0.0531,true,1,1517736
7290016408416,false,חטיף קרקר עם צ'ילי פיקנטי,תות תעשיות מזון (201,LT,חטיף קרקר עם צ'ילי פ,גרמים,130.00,100 גרם,false,,6.90,0.0531,true,1,1517738
7290016408423,false,קרקר עם זיתים שחורים ושום 130 גר',תות תעשיות מזון (201,LT,חטיף קרקר עם זיתים ש,גרמים,130.00,100 גרם,false,,6.90,0.0531,true,1,1517739
7290016408430,false,חטיף קרקר עם תערובת תבלינים,דנוויטה ג'יי. אס. סי,LT,חטיף קרקר עם תערובת,גרמים,130.00,100 גרם,false,,6.90,0.0531,true,1,1517740
7290016408447,false,חטיף קרקר עם עגבניות ובזיליקום,דנוויטה ג'יי. אס. סי,LT,חטיף קרקר עם עגבניות,גרמים,130.00,100 גרם,false,,6.90,0.0531,true,1,1517741
7290016408720,false,אגו מיקס בייגלה מצופה שוקולד לבן 55גר* 24 בקר',כרמית,IL,בייגלה מצופה שוקולד,גרמים,55.00,100 גרם,false,,3.90,0.0709,true,1,1668445
7290016408744,false,"כרמית מרשמלו טוויסטר בד""צ",כרמית,,מרשמלו טוויסטר,גרמים,150.00,100 גרם,false,,4.90,0.0327,true,1,1847544
7290016437614,false,"תחתוני חיתולים פרידום דריי מידה 3 6-11 ק""ג",האגיס Huggies,IL,חיתולי האגיס פרידום,יח',44.00,יח',false,,44.90,1.0205,true,1,1611745
7290016440218,false,עמבה פרי מעדני עופר,,,עמבה מקורית עם פיר,גרמים,500.00,100 גרם,false,,12.90,0.0258,true,1,1534844
7290016440881,false,תערובת ירקות חמוצים בטעם טבעי,,,תערובת ירקות חמוצים,גרמים,500.00,100 גרם,false,,19.90,0.0398,true,1,2305392
7290016440911,false,מלפפונים ביתיים כבושים,מעדני עופר,,מלפפון ביתיים כבושים,גרמים,750.00,100 גרם,false,,19.90,0.0265,true,1,2305393
7290016440928,false,ירקות כבושים חמוץ מתוק (סיני),מעדני עופר,IL,ירקות כבושים חמוץ מת,גרמים,750.00,100 גרם,false,,19.90,0.0265,true,1,2305394
7290016475067,false,מארז 4 לאפות במלאכת יד,מאפיית המכבים,IL,4 יח' לאפות במארז עב,יח',4.00,יח',false,,10.90,2.7250,true,1,2172064
7290016492118,false,פפריקה מתוקה מעושנת,תבליני הדור השלישי,IL,פפריקה מעושנת,גרמים,120.00,100 גרם,false,,13.90,0.1158,true,1,2361801
7290016492125,false,פרג תבלין פילדפיה 120 גר',תבליני הדור השלישי,IL,פילדלפיה 120 גרם,גרמים,120.00,100 גרם,false,,13.90,0.1158,true,1,2361794
7290016492132,false,תבלין טוסקנה פרג 160 גר',תבליני הדור השלישי,IL,טוסקנה 160 גרם,גרמים,160.00,100 גרם,false,,13.90,0.0869,true,1,2361772
7290016492453,false,מג'דרה אורז עם עדשים,תבליני פרג,,אורז עם עדשים,גרמים,300.00,100 גרם,false,,14.90,0.0497,true,1,2361746
7290016492507,false,אורז עם ירקות,תבליני פרג,,אורז עם ירקות,גרמים,300.00,100 גרם,false,,14.90,0.0497,true,1,2361747
7290016492521,false,קינואה עם עדשים,תבליני פרג,,קינואה עם עדשים,גרמים,300.00,100 גרם,false,,14.90,0.0497,true,1,2361749
7290016492538,false,קינואה עם ירקות,תבליני פרג,,קינואה עם ירקות,גרמים,300.00,100 גרם,false,,14.90,0.0497,true,1,2361750
7290016492620,false,"סומסומיה - ממרח טחינה, דבש ואגוזים",תבליני פרג,,סומסומיה-ממרח,גרמים,150.00,100 גרם,false,,14.90,0.0993,true,1,2361969
7290016509304,false,מנקה אסלה סוד 4 כדוריות נתלה לבנדר נתלה 50גר',הנקל סוד,IL,סוד סבון לאסלה לבנדר,גרמים,50.00,100 גרם,false,,8.90,0.1780,true,1,1624844
7290016509342,false,כדוריות סבון נתלה לאסלה כחול אקטיבי - 3 יח',הנקל סוד,RS,כדוריות שלישייה אסלה,יח',3.00,יח',false,,14.00,4.6667,true,1,1776207
7290016509786,false,פרסיל גל לכביסה לבנה וצבעונית-ירוק 2.5 ל,פרסיל Persil,IL,פרסיל גל 2.5 ליטר יר,ליטרים,2.50,ליטר,false,,30.90,12.3600,true,1,1953273
7290016509809,false,ג'ל מרוכז לכביסה קולור 2.5 ל' פרסיל,פרסיל Persil,IL,פרסיל גל 2.5 ליטר קו,ליטרים,2.50,ליטר,false,,30.90,12.3600,true,1,1953274
7290016509823,false,ג'ל לכביסה לבנה וצבעונית בניחוח רענן,פרסיל Persil,IL,פרסיל גל 2.5 ליטר בל,ליטרים,2.50,ליטר,false,,30.90,12.3600,true,1,1953275
7290016509847,false,ג'ל כביסה לבגדים שחורים וכהים,פרסיל Persil,IL,פרסיל גל 2.5 ליטר בל,ליטרים,2.50,ליטר,false,,30.90,12.3600,true,1,1991679
7290016566901,false,"בקבוק טרמי פקק קש 770 מ""ל",,,בקבוק נירוסטה תרמי 7,יחידה,0.00,יחידה,false,,79.90,0.0000,true,1,2329088
7290016567007,false,אסאי ריבאר 100ג,בלהאיסה,BR,מחית אסאי,גרמים,100.00,100 גרם,false,,10.90,0.1090,true,1,2268821
7290016584004,false,חטיפוני גזר 130 גרם,"מרינה פטריות הגליל בע""מ",IL,חטיפוני גזר 130 גרם,גרמים,130.00,100 גרם,false,,5.90,0.0454,true,1,1601027
7290016584011,false,חטיפוני גזר 350 גרם גיזרונים,"מרינה פטריות הגליל בע""מ",IL,חטיפוני גזר 350 גרם,גרמים,350.00,100 גרם,false,,9.90,0.0283,true,1,1601028
7290016601206,false,פותח סתימות פרפקט 1,,,פותח סתימות פרפקט 1,ליטרים,1.00,ליטר,false,,14.90,14.9000,true,1,1764340
7290016601596,false,מבשם לבית בניחוח ורד אנגלי,פרפקט Perfect,,מבשם לבית ורד אנגלי,מיליליטרים,350.00,"100 מ""ל",false,,14.90,0.0426,true,1,1540513
7290016601602,false,מבשם לבית פריחת הנרקיס,פרפקט Perfect,,מבשם לבית פריחת הנרק,מיליליטרים,350.00,"100 מ""ל",false,,14.90,0.0426,true,1,1540514
7290016601619,false,מבשם לבית מאסק מרענן,,,מבשם לבית מאסק מרענן,מיליליטרים,350.00,"100 מ""ל",false,,14.90,0.0426,true,1,1540515
7290016601626,false,מבשם לבית בניחוח לבנדר טוסקנה,פרפקט Perfect,,מבשם לבית לבנדר טוסק,מיליליטרים,350.00,"100 מ""ל",false,,14.90,0.0426,true,1,1540516
7290016601701,false,סבון נוזלי בניחוח ים Blue Lagoon- מארז שלישייה,פרפקט Perfect,,שלישיית אל סבון בני,מיליליטרים,1500.00,"100 מ""ל",false,,14.90,0.0099,true,1,1539108
7290016601718,false,סבון נוזלי בניחוח ורדים Pink Roses- מארז שלישייה,פרפקט Perfect,,שלישיית אל סבון בני,מיליליטרים,1500.00,"100 מ""ל",false,,14.90,0.0099,true,1,1539097
7290016601725,false,סבון נוזלי בניחוח טרופי Fresh Yellow- מארז שלישייה,פרפקט Perfect,,שלישיית אל סבון בני,מיליליטרים,1500.00,"100 מ""ל",false,,14.90,0.0099,true,1,1539098
7290016601732,false,סבון נוזלי בניחוח ים,פרפקט Perfect,,אל סבון נוזלי בניחוח,מיליליטרים,1000.00,"100 מ""ל",false,,9.90,0.0099,true,1,1539130
7290016601749,false,סבון נוזלי בניחוח ורדים,פרפקט Perfect,,אל סבון נוזלי בניחוח,מיליליטרים,1000.00,"100 מ""ל",false,,9.90,0.0099,true,1,1539131
7290016601756,false,סבון נוזלי בניחוח טרופי,פרפקט Perfect,,אל סבון נוזלי בניחוח,מיליליטרים,1000.00,"100 מ""ל",false,,9.90,0.0099,true,1,1539132
7290016601800,false,תרסיס לניקוי רהיטים,סאסאטק SASATECK,,תרסיס לניקוי רהיטים,מיליליטרים,300.00,"100 מ""ל",false,,9.90,0.0330,true,1,1573425
7290016601817,false,מרסס לניקוי שטיחים פ,פרפקט Perfect,,מרסס לניקוי שטיחים פ,מיליליטרים,600.00,"100 מ""ל",false,,19.90,0.0332,true,1,1556835
7290016607406,false,דלתון קברנה סוביניון,"יקב דלתון בע""מ",,יין דלתון קברנה סובנ,מיליליטרים,750.00,"100 מ""ל",false,,99.90,0.1332,true,1,2221524
7290016621358,false,"ד""ר פישר - קמיל אל סבון ניקיון והזנה ורוד 1 ליטר","ד""ר פישר Dr fischer",IL,קמיל בלו אל סבון 1 ל,ליטרים,1.00,ליטר,false,,15.90,15.9000,true,1,1638429
7290016621365,false,אל סבון היגייני לניקוי יסודי קמיל Clean & Moisture,"ד""ר פישר Dr fischer",IL,קמיל בלו אל סבון 1 ל,ליטרים,1.00,ליטר,false,,15.90,15.9000,true,1,1638430
7290016667424,false,"חומץ אורז 5% 500 מ""ל",,IL,חומץ יין לבן 5% 500,מיליליטרים,500.00,"100 מ""ל",false,,12.90,0.0258,true,1,1933047
7290016667462,false,פריכיות חסכוני אורז 265 ג',,,פריכיות אורז במארז 2,גרמים,265.00,100 גרם,false,,11.90,0.0449,true,1,1908024
7290016667479,false,פריכיות כוסמת מארז גדול 130 ג',,IL,פרכיות כוסמת 130 גרם,גרמים,130.00,100 גרם,false,,8.90,0.0685,true,1,2003865
7290016667486,false,פריכיות כוסמת דל נתרן 130 ג',,IL,פריכיות כוסמת דל נתר,גרמים,130.00,100 גרם,false,,8.90,0.0685,true,1,2003866
7290016667578,false,ניוקי מתפוח אדמה 1 ק,,,ניוקי מתפוח אדמה 1 ק,קילוגרמים,1000.00,"ק""ג",false,,9.90,0.0099,true,1,2239707
7290016667714,false,נייר פרגמנט לעטיפת מזון,,,נייר פרגמנט לעטיפת מ,יחידה,0.00,יחידה,false,,9.90,0.0000,true,1,2239721
7290016682038,false,"פריניב סחוט תפוזים 400מ""ל",פרי ניב,IL,מיץ תפוזים פריניב 40,מיליליטרים,400.00,"100 מ""ל",false,,8.90,0.0223,true,1,2229875
7290016682052,false,מיץ לימונענע פריניב 400 מל,פרי ניב,IL,מיץ לימונענע פריניב,מיליליטרים,400.00,"100 מ""ל",false,,8.90,0.0223,true,1,2229955
7290016682182,false,פריניב שייק תמר בננה מופחת סוכר 1 ליטר,פריניב בעמ,IL,שייק תמר בננה מופחת,ליטרים,1.00,ליטר,false,,12.90,12.9000,true,1,1662326
7290016682250,false,מיץ תפוז גזר פרי ניב 1 ליטר,פרי ניב,IL,מיץ תפוגזר 1 ליטר פ,ליטרים,1.00,ליטר,false,,9.90,9.9000,true,1,2370657
7290016682373,false,משקה קל לימונדה בלאדי 2 ליטר פריניב,פריניב,IL,מיץ לימונדה בלדי 2 ל,ליטרים,2.00,ליטר,false,,16.90,8.4500,true,1,2323019
7290016682380,false,מיץ טבעי לימונדה ולואיזה פרי ניב 2 ליטר-,פרי ניב,IL,מיץ לימונדה לואיזה ו,ליטרים,2.00,ליטר,false,,16.90,8.4500,true,1,2323020
7290016717099,false,"יין כרמל סלקטד אדום חצי יבש, 750 מ""ל",יקבי כרמל Carmel Winery,IL,יין סלקטד אדום,מיליליטרים,750.00,"100 מ""ל",false,,29.90,0.0399,true,1,1534780
7290016717235,false,יין קונקורד אדום ממותק קינג דיוויד - בקבוק אישי,יקבי כרמל Carmel Winery,IL,קונקורד קינג דויד,מיליליטרים,187.00,"100 מ""ל",false,,5.90,0.0316,true,1,2229892
7290016717754,false,"יין ישן נושן יקבי כרמל 750 מ""ל ^^^",אגודת הכורמים הקואופ,IL,יין ישן נושן,מיליליטרים,750.00,"100 מ""ל",false,,18.90,0.0252,true,1,1963368
7290016823004,false,בזיליקום יח freshlid,"מרינה פטריות הגליל בע""מ",IL,בזילקום,יחידה,0.00,יחידה,false,,4.90,0.0000,true,1,1610973
7290016823059,false,טימין קורנית ארוז יח,"מרינה פטריות הגליל בע""מ",IL,טימין,יחידה,0.00,יחידה,false,,4.90,0.0000,true,1,1610983
7290016823066,false,רוזמרין יח freshlid,"מרינה פטריות הגליל בע""מ",IL,רוזמרין,יחידה,0.00,יחידה,false,,4.90,0.0000,true,1,1610984
7290016823073,false,מרווה יח freshlid,"מרינה פטריות הגליל בע""מ",IL,מרווה,יחידה,0.00,יחידה,false,,4.90,0.0000,true,1,1610985
7290016865943,false,אטריות ביצים פטוציני אוריינט 400 גרם,פ.פ.ח טאביט,PL,פסטה ביצים פטוצ'ילי,גרמים,400.00,100 גרם,false,,9.90,0.0248,true,1,1706801
7290016866643,false,פרודונטקס מ.שיניים אקסטרה פרש 75 מל,פרודונטקס Parodontax,SK,משחת שיניים פרודונטק,מיליליטרים,75.00,"100 מ""ל",false,,29.90,0.3987,true,1,1900697
7290016866650,false,"פרודונטקס - משחת שיניים אוריג'ינל 75 מ""ל",פרודונטקס Parodontax,SK,משחת שיניים פרודונטק,מיליליטרים,75.00,"100 מ""ל",false,,29.90,0.3987,true,1,1900698
7290016866667,false,"פרודונטקס - משחת שיניים ללא פלאוריד 75 מ""ל",פרודונטקס Parodontax,SK,משחת שיניים פרודונטק,מיליליטרים,75.00,"100 מ""ל",false,,29.90,0.3987,true,1,1900699
7290016866674,false,"פרודונטקס - משחת שיניים מלבינה 75 מ""ל",פרודונטקס Parodontax,SK,משחת שיניים פרודונטק,מיליליטרים,75.00,"100 מ""ל",false,,29.90,0.3987,true,1,1900700
7290016866704,false,"סטייל שמפו לאחר החלקה מועשר בויטמין אי, 750 מ""ל",סטייל Style,IL,שמפו קרטין סטייל E 7,מיליליטרים,750.00,"100 מ""ל",false,,24.90,0.0332,true,1,1776689
7290016866728,false,סטייל מסכה קרטין E 500 מל לשיקום שיער יב,סטייל Style,IL,מסכת קרטין סטייל E 5,מיליליטרים,500.00,"100 מ""ל",false,,29.90,0.0598,true,1,1776700
7290016882414,false,קונפיטורה שזיף שקדיה,דין שיווק,IL,קונפיטורה 450 גרם שז,גרמים,450.00,100 גרם,false,,12.90,0.0287,true,1,1694144
7290016883176,false,"מוזלי פתיתי שיבולת שועל עם שוקולד מריר ושבבי קוקוס 1 ק""ג","דין שיווק וקלייה בע""",MK,מיזלי עם שוקולד מריר,גרמים,1000.00,100 גרם,false,,19.90,0.0199,true,1,2263877
7290016912500,false,"ד""ר פישר - אפקטיב קר תרחיץ פנים לעור רגיש 180 מ""ל","ד""ר פישר Dr fischer",IL,תרחיץ פנים אפקטיב קר,מיליליטרים,180.00,"100 מ""ל",false,,17.90,0.0994,true,1,1748882
7290017023229,false,רביעיית פחיות שוופס מוגז פירות תות ליים 330 מל.,יפאורה תבורי,IL,רבעיית פחיות שוופס מ,ליטרים,1.32,ליטר,false,,15.80,11.9697,true,1,1854707
7290017023236,false,רביעיית פחיות שוופס מוגז פירות ענבים 330 מל.,יפאורה תבורי,IL,רבעיית פחיות שוופס מ,ליטרים,1.32,ליטר,false,,15.80,11.9697,true,1,1854708
7290017023854,false,מי סודה בקבוקים אישיים - מארז 4 יח',יפאורה תבורי בעמ,IL,רביעיית סודה שוופס 2,ליטרים,1.00,ליטר,false,,10.90,10.9000,true,1,2083329
7290017023861,false,סודה בטעם לימון בקבוקים אישיים - מארז 4 יח',יפאורה תבורי בעמ,IL,רביעיית סודה לימון ש,ליטרים,1.00,ליטר,false,,10.90,10.9000,true,1,2083330
7290017023878,false,סודה בטעם נענע ליים בקבוקים אישיים - מארז 4 יח',יפאורה תבורי בעמ,IL,רביעיית סודה נענע לי,ליטרים,1.00,ליטר,false,,10.90,10.9000,true,1,2083331
7290017031255,false,חטיף דגנים ואורז עם פירות יבשים בוטנים ושקדים ללא גלוטן 140 ג',,CZ,"חטיף ע""ב דגנים אורז",גרמים,140.00,100 גרם,false,,14.90,0.1064,true,1,1900735
7290017031323,false,"אטריות ביצים פפרדלה 400 מ""ל",פ.פ.ה טאביט,,איטריות ביצים פפרדלה,גרמים,400.00,100 גרם,false,,9.90,0.0248,true,1,1816367
7290017031477,false,"סנסודיין משחת שיניים רפיד רליף להלבנה 75 מ""ל","סמיתקליין ביצ'ם בע""מ",GB,משחת שיניים סנסודיין,מיליליטרים,75.00,"100 מ""ל",false,,23.90,0.3187,true,1,2121847
7290017031705,false,"סנסודיין - משחת שיניים קלין&פרש 75 מ""ל",גלקסוס סמית קליין,SK,משחת שיניים סנסודיין,מיליליטרים,75.00,"100 מ""ל",false,,19.90,0.2653,true,1,2027098
7290017031811,false,פרודונטקס מברשת שיניים אקסטרא סופט א.זוג,גלקסוסמיתקליין,CN,זוג מברשות שיניים פר,יחידה,0.00,יחידה,false,,24.90,0.0000,true,1,2206717
7290017031859,false,"פרודונטקס - משחת שיניים אולטרא קלין 75 מ""ל",סמיתקליין ביצ'ם בעמ,SK,משחת שיניים פרודונטק,מיליליטרים,75.00,"100 מ""ל",false,,29.90,0.3987,true,1,2027099
7290017040288,false,קורנפלקס פתיתי תירס,קררה פודס,LT,קורנפלקס פתיתי תירס,גרמים,500.00,100 גרם,false,,10.90,0.0218,true,1,2346809
7290017040295,false,קורנפלקס כדורוני תיר,,,קורנפלקס כדורוני תיר,גרמים,375.00,100 גרם,false,,10.90,0.0291,true,1,2346810
7290017040301,false,קורנפלקס טבעות דגנים,,,קורנפלקס טבעות דגנים,גרמים,375.00,100 גרם,false,,10.90,0.0291,true,1,2346811
7290017058009,false,שימורי אנשובי עם צלפים 45 ג' תומר,,IL,אנשובי עם צלפים 45 ג,גרמים,45.00,100 גרם,false,,4.90,0.1089,true,1,1703135
7290017058146,false,רסק תפוח עץ עם אפרסק 452 גר,תומר,,"רסק תפו""ח עם אפרסק 4",גרמים,452.00,100 גרם,false,,9.90,0.0219,true,1,1783739
7290017058160,false,שימורי אנשובי עם צ'ילי חריף 45 ג' תומר,תומר,,אנשובי עם צילי חריף,גרמים,45.00,100 גרם,false,,4.90,0.1089,true,1,1703138
7290017058511,false,ממרח זיתים שחורים יווני,תומר,,ממרח זיתים שחורים,גרמים,200.00,100 גרם,false,,11.90,0.0595,true,1,1944418
7290017058528,false,ממרח זיתים ירוקים יווני,תומר,,ממרח זיתים ירוקים,גרמים,200.00,100 גרם,false,,11.90,0.0595,true,1,1944419
7290017058535,false,ממרח זיתי קלמטה יווני,תומר,,ממרח זיתי קלמטה,גרמים,200.00,100 גרם,false,,11.90,0.0595,true,1,1944405
7290017058573,false,תומר פרוסות פלפל חלפיניו בחומץ 340 גרם,אינדיה אגרו אקספורט,IN,פרוסות פלפל חלפיניו,גרמים,340.00,100 גרם,false,,7.90,0.0232,true,1,2211135
7290017062266,false,תחליב רחצה Fresh Spa בניחוח חלב ודבש,פרפקט Perfect,,תחליב רחצה פרפקט בני,מיליליטרים,700.00,"100 מ""ל",false,,9.90,0.0141,true,1,1909546
7290017062280,false,תחליב רחצה Fresh Spa בניחוח חלב ושמן זית,פרפקט Perfect,,תחליב רחצה פרפקט בני,מיליליטרים,700.00,"100 מ""ל",false,,9.90,0.0141,true,1,1909548
7290017065007,false,פרוסות גבינה מוצרלה חצי קשה 22% שומן 200 ג' גד,מחלבות גד בעמ,IL,מוצרלה פרוסה גד 200,גרמים,200.00,100 גרם,false,,16.90,0.0845,true,1,1602643
7290017065137,false,ריקוטה למריחה 5% טבעית 200 גרם - רובין,האי נאם סי או אל.טי.,IL,גבינת ריקוטה 5% טבעי,גרמים,200.00,100 גרם,false,,8.90,0.0445,true,1,1811323
7290017065144,false,גבינת ריקוטה למריחה 5% בזיליקום 200ג' גד,האי נאם סי או אל.טי.,IL,גבינת ריקוטה 5% עם ב,גרמים,200.00,100 גרם,false,,8.90,0.0445,true,1,1811324
7290017065168,false,גבינה בשלה עם עובש כחול 30%,מחלבות גד,DK,גבינה כחולה גד 100 ג,גרמים,100.00,100 גרם,false,,15.90,0.1590,true,1,1870657
7290017065212,false,גבינת קרם מסקרפונה מחלבות גד 250 גר,מיוצר עי קוד יצרן ED,IL,קרם מסקרפונה להקצפה,גרמים,250.00,100 גרם,false,,16.90,0.0676,true,1,1871282
7290017065380,false,גבינת גרנה פדנו שבבים 29%,מחלבות גד,IT,גבינה גרנה פדנו שבבי,גרמים,100.00,100 גרם,false,,13.90,0.1390,true,1,2124713
7290017065441,false,פרוסות גבינת גאודה עיזים 30%,מחלבות גד,NL,גבינת גאודה עיזים 20,גרמים,200.00,100 גרם,false,,29.90,0.1495,true,1,2221705
7290017065526,false,קוואטרו פורמאג'י 4 גבינות מגוררות 26%,מחלבות גד בעמ,IL,גבינות קוואטרו פורמא,גרמים,300.00,100 גרם,false,,25.90,0.0863,true,1,2221706
7290017065588,false,יוגורט יווני 10% שומן 600 ג' גד,"מיוצר ע""י קוד יצרן M",IL,יוגורט יווני 600 גרם,גרמים,600.00,100 גרם,false,,15.90,0.0265,true,1,2240020
7290017065618,false,גבינת פקורינו פרוס גד 150 ג',הנסיך- מפעל לייצור ט,ES,גבינת פקורינו פרוס 1,גרמים,150.00,100 גרם,false,,19.90,0.1327,true,1,2240021
7290017065649,false,קרם פטיסייר מחלבות ג,מיוצר עי קוד יצרן ED,IL,קרם פטיסייר 250 גרם,גרמים,250.00,100 גרם,false,,19.90,0.0796,true,1,2240012
7290017065731,false,גבינת שמנת 30% ניו יורק +כמהין 200 גרם רבנות,פ.פ.ח. שאביט,IL,גבינת שמנת ניו יורק,גרמים,200.00,100 גרם,false,,12.90,0.0645,true,1,2293424
7290017065762,false,גבינה יוונית מאנורי 30% שומן 100 ג' גד,מחלבות גד,IL,מאנורי גד,גרמים,100.00,100 גרם,false,,10.90,0.1090,true,1,2345719
7290017065786,false,גבינת צ'דר אנגלית גד 210 ג',מחלבות גד,IL,צדר,גרמים,200.00,100 גרם,false,,18.90,0.0945,true,1,2345720
7290017065861,false,רוטב פקורינו ופלפל שחור קאצ'יו אה פפה 200 ג' גד,מחלבות גד,IL,קאצ'יו אה פפה,גרמים,200.00,100 גרם,false,,14.90,0.0745,true,1,2351303
7290017065878,false,מק אנד צ'יז רוטב לפסטה 200 גרם גד,מחלבות גד,IL,מק אנד ציז,גרמים,200.00,100 גרם,false,,14.90,0.0745,true,1,2351304
7290017065960,false,"רוטב פורצ`יני גד, 200 גרם",מחלבות גד,IL,רוטב פורצ'יני,גרמים,200.00,100 גרם,false,,14.90,0.0745,true,1,2378130
7290017068367,false,שמרים בוואקום 125 גרם,מיה,IL,שמרים,גרמים,125.00,100 גרם,false,,4.90,0.0392,true,1,2290664
7290017068374,false,שמרים בוואקום 500 גרם,angle yeast co ltd,IL,שמרים בוואקים,גרמים,500.00,100 גרם,false,,9.90,0.0198,true,1,2177406
7290017068398,false,ריבת תות שדה 370גרם,,,ריבת תות בדץ,גרמים,370.00,100 גרם,false,,12.90,0.0349,true,1,2271425
7290017068404,false,ריבה מיקס פירות 370 גר' מיה,,,ריבת מיקס פירות בדץ,גרמים,370.00,100 גרם,false,,12.90,0.0349,true,1,2271426
7290017068848,false,סוכריות קישוט לעוגה ציבעוני 200 גר',מיה,IL,סוכריות קישוט לעוגה,גרמים,200.00,100 גרם,false,,7.90,0.0395,true,1,2273449
7290017068978,false,שיבולת שועל מלאה להכנה מהירה 500 גר',מיה,IL,שיבולת שועל מלאה להכ,גרמים,500.00,100 גרם,false,,9.90,0.0198,true,1,2273439
7290017079189,false,אננס חתיכות דקות במיץ אננס 825 גר',פ.ת גרייט פנאפל,ID,חתיכות אננס דק במיץ,גרמים,825.00,100 גרם,false,,10.90,0.0132,true,1,2355683
7290017079639,false,עגבניות קצוצות שלישייה,,,עגבניות קצוצות טעמן,יחידה,0.00,יחידה,false,,14.90,0.0000,true,1,2377813
7290017079684,false,שוקולד מריר טעמן 270,מילאנו ספולקה זד,PL,שוקולד מריר,גרמים,270.00,100 גרם,false,,11.90,0.0441,true,1,2340570
7290017079691,false,שוקולד חלב עם אגוזים 270 גר',מילאנו ספולקה זד,PL,שוקולד חלב עם אגוזים,גרמים,270.00,100 גרם,false,,11.90,0.0441,true,1,2344536
7290017079707,false,שוקולד מריר מעולה עם אגוזי לוז,מילאנו ספולקה זד,PL,שוקולד מריר עם אוגזי,גרמים,270.00,100 גרם,false,,11.90,0.0441,true,1,2340571
7290017079714,false,שוקולד חלב עם בוטנים 270 גר',מילאנו ספולקה זד,PL,שוקולד מריר עם בוטני,גרמים,270.00,100 גרם,false,,11.90,0.0441,true,1,2340572
7290017079769,false,מחית תפוח עץ ובננה בפאוץ פריטוב קידס,טעמן,,מחית פאו'ץ תפוח עץ ב,גרמים,120.00,100 גרם,false,,3.90,0.0325,true,1,2247402
7290017079783,false,מחית תפוח עץ בפאוץ פריטוב קידס,טעמן,,מחית פאו'ץ תפוח עץ,גרמים,120.00,100 גרם,false,,3.90,0.0325,true,1,2247404
7290017079790,false,מחית פירות מעורבים בפאוץ פריטוב קידס,טעמן,,מחית פאו'ץ פירות מעו,גרמים,120.00,100 גרם,false,,3.90,0.0325,true,1,2247405
7290017088006,false,מטליות לניקוי וחיטוי אמבטיה ושירותים בניחוח לבנדר,פרפקט Perfect,,מטליות לניקוי וחיטוי,יח',50.00,יח',false,,9.90,0.1980,true,1,1745417
7290017088051,false,בייביסיטר - חיתולי סטנדרט מידה 3 - 52 יח',בייביסיטר Babysitter,IL,חיתולים בייביסיטר מי,יח',50.00,יח',false,,34.90,0.6980,true,1,1871269
7290017088075,false,בייביסיטר - חיתולי סטנדרט מידה 4+ - 40 יח',בייביסיטר Babysitter,IL,חיתולים בייביסיטר מי,יח',40.00,יח',false,,34.90,0.8725,true,1,1871257
7290017088082,false,בייביסיטר - חיתולי סטנדרט מידה 5 - 36 יח',בייביסיטר Babysitter,IL,חיתולים בייביסיטר מי,יח',36.00,יח',false,,34.90,0.9694,true,1,1871258
7290017088495,false,תחבושות טופ פד אקסטרה 20 יח',D.P.L,IT,טופ-פד אקסטרה,יח',20.00,יח',false,,9.90,0.4950,true,1,2257962
7290017088693,false,קוויק מגבונים לניקוי וחיטוי רצפות בניחוח לוונדר 10 יחי',די.פי.אל,IL,קוויק מטליות לחות לנ,יח',10.00,יח',false,,9.90,0.9900,true,1,2234423
7290017088822,false,BREEZE תחבושות לבריחת שתן אקסטרה (10 יח'),ניאופארם,IT,BREEZE תחבושות אקסטר,יח',10.00,יח',false,,16.90,1.6900,true,1,2299901
7290017088983,false,חיתולי בייביסיטר ניו בורן מידה 2 38 יחי',ניאופארם,PL,חיתולים בייביסיטר NB,יח',38.00,יח',false,,25.90,0.6816,true,1,2323765
7290017094199,false,סלט קוביות חציל ברוטב 200 גר',"סלטי שמיר 2006 בע""מ",IL,מעדן חצילים,גרמים,200.00,100 גרם,false,,9.90,0.0495,true,1,2324885
7290017105369,false,סירופ דיאט אייס תה אפרסק 1 ליטר,זנלכל,IL,סירופ דיאט אייס טי א,ליטרים,1.00,ליטר,false,,16.90,16.9000,true,1,2241877
7290017106069,false,יכין קוביות סלק מבושלות 550 גרם,היינץ צפון אמריקה מק,IL,קוביות סלק 550 גרם,גרמים,550.00,100 גרם,false,,9.90,0.0180,true,1,2233267
7290017121048,false,פלפל צ'ומה 250 גרם עללחם,מדשא תעשיות מזון בעמ,IL,פלפל צ'ומה 250 גרם,גרמים,250.00,100 גרם,false,,12.90,0.0516,true,1,2157220
7290017121086,false,"אריסה ביתית מתוקה עללחם, 250 גרם",מדשא תעשיות מזון בעמ,IL,אריסה ביתית מתוקה 25,גרמים,250.00,100 גרם,false,,12.90,0.0516,true,1,2333620
7290017121093,false,אריסה חריפה עללחם 250 גרם,מדשא תעשיות מזון בעמ,IL,אריסה חריפה 250 גרם,גרמים,250.00,100 גרם,false,,12.90,0.0516,true,1,2157221
7290017129495,false,אגו מיקס כדורי תירס מצופים שוקולד חלב 55 גר,כרמית,IL,אגו מיקס כדורי תירס,גרמים,55.00,100 גרם,false,,3.90,0.0709,true,1,1847551
7290017129501,false,אגו מיקס כדורי תירס מצופים שוקולד לבן 55 גר,כרמית,IL,אגו מיקס כדורי תירס,גרמים,55.00,100 גרם,false,,3.90,0.0709,true,1,1847552
7290017129518,false,אגו מיקס כדורי תירס מצופים שוקו.חלב ולבן 55 גר',כרמית,IL,אגו מיקס כדורי תירס,גרמים,55.00,100 גרם,false,,3.90,0.0709,true,1,1847553
7290017129754,false,"שוקולד מריר מעולה 70% מוצקי קקאו 100 גר בד""ץ",כרמית תעשיות ממתקים,IL,שוקולד מריר מעולה אג,גרמים,100.00,100 גרם,false,,7.90,0.0790,true,1,1900655
7290017129761,false,"שוקולד פרימיום 70% בטעם תפוז בד""ץ 100 גר'",כרמית תעשיות ממתקים,IL,שוקולד מריר תפוז אגו,גרמים,100.00,100 גרם,false,,7.90,0.0790,true,1,1900661
7290017129778,false,"שוקולד פרימיום 70% בטעם קפה בד""ץ 100 גר'",כרמית תעשיות ממתקים,IL,שוקולד מריר קפה אגו,גרמים,100.00,100 גרם,false,,7.90,0.0790,true,1,1900662
7290017129822,false,מטבעות שוקולד מריר 36 גרם כרמית,כרמית,IL,מטבעות שוקולד,גרמים,36.00,100 גרם,false,,3.90,0.1083,true,1,1997494
7290017129839,false,"שוקולד פרימיום 70% בטעם פטל בד""ץ 100 גר'.",כרמית תעשיות ממתקים,IL,שוקולד מריר פטל אגו,גרמים,100.00,100 גרם,false,,7.90,0.0790,true,1,1900663
7290017129846,false,כרמית מיני קוקיס טעם קרמל 600 גרם,כרמית,IL,עוגיות מיני קוקיס בט,גרמים,600.00,100 גרם,false,,18.90,0.0315,true,1,1910368
7290017129983,false,כרמית שוקולד ציפס לבן 250גרם,"כד בני דרום בע""מ",IL,שוקולד ציפס 250 גרם,גרמים,250.00,100 גרם,false,,12.90,0.0516,true,1,2206502
7290017142128,false,"שמן זית כתית מעולה קלאסי עץ הזית 750 מ""ל",שמן תעשיות,IL,"שמן זית 750 מ""ל קלאס",מיליליטרים,750.00,"100 מ""ל",false,,32.90,0.0439,true,1,2005365
7290017142159,false,מארז נתחי טונה בהירה בשמן זית 3*80 ג' עץ הזית,הנסיך- מפעל לייצור ט,TH,נתחי טונה בהירה בשמן,גרמים,240.00,100 גרם,false,,23.90,0.0996,true,1,1924352
7290017142166,false,פילה טונה פרוס עם שמן זית עץ הזית 120 גר,"יוניקורד ח.צ בע""מ",TH,פילה טונה בשמן זית 1,גרמים,120.00,100 גרם,false,,14.90,0.1242,true,1,2169226
7290017142180,false,פילה טונה בשמן זית בטעם לימון עם פלפל שחור 120 ג',"יוניקורד ח.צ בע""מ",TH,פילה טונה בשמן זית ב,גרמים,120.00,100 גרם,false,,14.90,0.1242,true,1,2169227
7290017142203,false,פילה טונה בשמן זית בטעם מעושן עץ המוצר 120 ג',"יוניקורד ח.צ בע""מ",TH,פילה טונה בשמן זית ב,גרמים,120.00,100 גרם,false,,14.90,0.1242,true,1,2169228
7290017142289,false,"תרסיס שמן חמניות לל""ת גז עץ הזית 200מ""ל",שמן תעשיות,IL,תרסיס שמן חמניות מזו,מיליליטרים,200.00,"100 מ""ל",false,,12.90,0.0645,true,1,2052820
7290017142340,false,שמן זרעי ענבים מזוכך עץ הזית,עץ השדה,TH,שמן זרעי ענבים מזוכך,מיליליטרים,1000.00,"100 מ""ל",false,,29.90,0.0299,true,1,2221204
7290017142364,false,"שמן דלעת לא מזוכך עץ הזית 250 מ""ל",עץ השדה,SI,"שמן זרעי דלעת 250 מ""",מיליליטרים,250.00,"100 מ""ל",false,,39.90,0.1596,true,1,2221195
7290017142371,false,"שמן שומשום עץ הזית 250 מ""ל",גאה די. או. או.,SI,"שמן שומשום 250 מ""ל",מיליליטרים,250.00,"100 מ""ל",false,,29.90,0.1196,true,1,2221196
7290017142388,false,שמן חמניות אומגה 3 פלוס 1 ליטר עץ הזית,שמן תעשיות,IL,שמן חמניות פלוס אומג,ליטרים,1.00,ליטר,false,,15.90,15.9000,true,1,2200245
7290017142395,false,טונה עם פסטה בשמן זית 160 גרם עץ הזית,עץ הזית,TH,פסטה עם טונה,גרמים,160.00,100 גרם,false,,10.90,0.0681,true,1,2221188
7290017142401,false,קינואה לבנה ואדומה עם טונה בשמן זית 160 גרם,ג'נרל מילס סאן אדריא,TH,קינואה לבנה ואדומה ע,גרמים,160.00,100 גרם,false,,10.90,0.0681,true,1,2260952
7290017142418,false,טונה עם אורז ועדשים בשמן זית 160 גר,יוניקורד ח.צ בעמ,TH,אורז עדשים עם טונה,גרמים,160.00,100 גרם,false,,12.90,0.0806,true,1,2221189
7290017142456,false,מארז נתחי טונה בהירה בשמן זית 2 * 160 ג' עץ הזית,עץ הזית,TH,נתחי טונה בהירה בשמן,גרמים,320.00,100 גרם,false,,27.90,0.0872,true,1,2221197
7290017142487,false,בורגול עם גרגירי חומוס עם טונה בשמן זי,עץ הזית,TH,בורגול וגרגרי חומוס,גרמים,160.00,100 גרם,false,,10.90,0.0681,true,1,2292287
7290017142623,false,תרסיס שמן זית כתית ב,קונפניה,IT,תרסיס שמן זית בטעם צ,מיליליטרים,150.00,"100 מ""ל",false,,16.90,0.1127,true,1,2364849
7290017197777,false,מגבוני טואלט לחים להיגיינה אישית- מארז שלישייה,פרפקט Perfect,,מגבונים לחים להי,יח',144.00,יח',false,,12.90,0.0896,true,1,2032715
7290017197784,false,מגבונים לחים לעור רגיש ללא בישום - מארז רביעיה,פרפקט Perfect,,רביעיית מגבונים סנסט,יח',288.00,יח',false,,14.90,0.0517,true,1,1893346
7290017266046,false,וופל חטיף קראנצ' שוקולד בשקית 30 יח',"גילרו בע""מ",IL,חטיף קראנץ עלמה 30 י,יחידה,0.00,יחידה,false,,14.90,0.0000,true,1,1838271
7290017266312,false,וופל מילוי קרם בטעם שוקולד 150 גרם,גילרו,,וופל שוקו,גרמים,150.00,100 גרם,false,,2.90,0.0193,true,1,2188330
7290017266909,false,SUN וופלים במילוי קרם בטעם שוקולד 200 גר,"גילרו בע""מ",IL,וופלים במילוי קרם בט,גרמים,200.00,100 גרם,false,,4.90,0.0245,true,1,2364835
7290017266916,false,SUN וופל במילוי קרם לימון 200 גרם,"גילרו בע""מ",IL,וופלים במילוי קרם בט,גרמים,200.00,100 גרם,false,,4.90,0.0245,true,1,2364836
7290017275338,false,טחינה גולמית 500 גרם-טורקיז,אחדות ביחר לטחינה חל,IL,טחינה גולמית 500 גרם,גרמים,500.00,100 גרם,false,,13.90,0.0278,true,1,2322376
7290017275345,false,טחינה גולמית בבקבוק לחיץ 350 גרם אחוה,אחדות ביחר לטחינה חל,IL,טחינה בבקבוק לחיץ 35,גרמים,350.00,100 גרם,false,,8.90,0.0254,true,1,2334490
7290017275369,false,טחינה משומשום מלא 500 גרם-טורקיז,אחדות ביחר לטחינה חל,IL,טחינה משומשום מלא 50,גרמים,500.00,100 גרם,false,,13.90,0.0278,true,1,2322382
7290017296142,false,גרנולה חלבה ושוקולד,אפקט טבעי,IL,גרנולה חלבה ושוקולד,גרמים,400.00,100 גרם,false,,22.90,0.0572,true,1,2238809
7290017297149,false,גרגירי חומוס להכנת חומוס ביתי 550 גרם,"פרי הגליל בע""""מ",IL,גרגירי חומוס להכנת ח,גרמים,550.00,100 גרם,false,,6.90,0.0125,true,1,2264024
7290017297170,false,לקט אסייתי להקפצה 800 גרם פרי הגליל,ויטה פרי גליל,IL,לקט אסייתי להקפצה 80,גרמים,800.00,100 גרם,false,,12.90,0.0161,true,1,2267939
7290017297187,false,לקט ירקות להקפצה 800 גרם פרי הגליל,ויטה פרי גליל,IL,לקט ירקות להקפצה 800,גרמים,800.00,100 גרם,false,,12.90,0.0161,true,1,2267932
7290017297194,false,לקט לקט ירקות לתנור פרי הגליל 800 ג',ויטה פרי גליל,IL,לקט ירקות לתנור 800,גרמים,800.00,100 גרם,false,,12.90,0.0161,true,1,2267940
7290017297200,false,לקט ירקות לצד העוף פרי הגליל 800 ג',ויטה פרי גליל,IL,לקט ירקות לצד העוף 8,גרמים,800.00,100 גרם,false,,12.90,0.0161,true,1,2267933
7290017297217,false,עדשים ירוקות מושרות מבושלות ומקפאות פרי הגליל 800 ג',פרי הגליל,,עדשים ירוקות,גרמים,800.00,100 גרם,false,,14.90,0.0186,true,1,2270189
7290017297224,false,"שעועית אדומה מושרית, מבושלת ומוקפאת",פרי הגליל,,שעועית אדומה פרי הגל,גרמים,800.00,100 גרם,false,,12.90,0.0161,true,1,2272046
7290017297323,false,רוטב עגבניות מרוכז 100 גר' 22 BX טל וטרי,"מילוז(1989)בע""""מ",IL,רוטב עגבניות מרוכז ט,גרמים,100.00,100 גרם,false,,1.50,0.0150,true,1,2312859
7290017297330,false,"טל רוטב עגבניות מרוכז, 240 גרם",טל וטרי,IL,רוטב עגבניות מרוכז,גרמים,240.00,100 גרם,false,,3.50,0.0146,true,1,2340075
7290017297378,false,גרעיני תירס מתוק ללא תוספת סוכר ומלח,פרי הגליל,,תירס ללא סוכר ומלח,גרמים,550.00,100 גרם,false,,6.90,0.0125,true,1,2327282
7290017297620,false,רסק עגבניות 570 גרם-טל A2 B*28,טל,,רוטב עגבניות 22BX A2,גרמים,570.00,100 גרם,false,,5.90,0.0104,true,1,2324884
7290017297637,false,רוטב עגבניות טל וטרי 28% BX A-2,טל,,רוטב עגבניות 28BX,גרמים,580.00,100 גרם,false,,6.50,0.0112,true,1,2324894
7290017297644,false,ברוקולי קפוא גרין אנד פרש 800 גר',גרין אנד פרש Green & Fresh,IL,ברוקולי green & fres,גרמים,800.00,100 גרם,false,,15.90,0.0199,true,1,2326241
7290017297743,false,צ'יפס אמריקאי 800 ג' פרי הגליל,פרי הגליל,,ציפס אמריקאי פרי הגל,גרמים,800.00,100 גרם,false,,9.90,0.0124,true,1,2331748
7290017303482,false,מלאווח שחף 700 גרם,,,מלאווח 700 גרם-שחף,גרמים,700.00,100 גרם,false,,12.90,0.0184,true,1,2306848
7290017374925,false,מטאטא אמור AMOR + מק,,,מטאטא אמור+מקל,יחידה,0.00,יחידה,false,,24.90,0.0000,true,1,2245359
7290017440231,false,סרקל שמפו לילדים לשיער מתולתל 1 ליטר,"ד""ר פישר Dr fischer",IL,שמפו סרקל 1 ליטר מתו,ליטרים,1.00,ליטר,false,,28.90,28.9000,true,1,1987204
7290017440248,false,סרקל מרכך לילדים לשיער מתולתל 1 ליטר,"ד""ר פישר Dr fischer",IL,מרכך סרקל 1 ליטר מתו,ליטרים,1.00,ליטר,false,,28.90,28.9000,true,1,1987205
7290017440286,false,"ד""ר פישר - קידס מרכך ויטמינים 750 מ""ל","ד""ר פישר Dr fischer",IL,"מרכך קידס 750 מ""ל",מיליליטרים,750.00,"100 מ""ל",false,,16.90,0.0225,true,1,2194884
7290017440682,false,ד.פישר בלונד שמפו לשיער בהיר,"ד""ר פישר Dr fischer",IL,שמפו לשיער בלונד 400,מיליליטרים,400.00,"100 מ""ל",false,,24.90,0.0622,true,1,2220643
7290017457574,false,כדוריות סבון נתלה לאסלה בניחוח פרחים - 3 יח',הנקל סוד,RS,סוד כדוריות אסלה,יח',3.00,יח',false,,14.00,4.6667,true,1,2160579
7290017457581,false,"סוד מרכך כביסה מרוכז קוקוס 900 מ""ל",הנקל סוד,IL,סוד מרכך כביסה 20%+ב,מיליליטרים,900.00,"100 מ""ל",false,,11.90,0.0132,true,1,2165500
7290017457598,false,"מרכך כביסה סוד מרוכז סאמר בלוסום 900 מ""ל",הנקל סוד,IL,סוד מרכך כביסה 20%+ב,מיליליטרים,900.00,"100 מ""ל",false,,11.90,0.0132,true,1,2165501
7290017457703,false,"מרכך כביסה סוד מרוכז ארומתרפי זהב 900 מ""ל",הנקל סוד,IL,סוד מרכך כביסה 20%+ב,מיליליטרים,900.00,"100 מ""ל",false,,11.90,0.0132,true,1,2165502
7290017457710,false,"מרכך כביסה סוד מרוכז ארומתרפי סגול 900 מ""ל",הנקל סוד,IL,סוד מרכך כביסה 20%+ב,מיליליטרים,900.00,"100 מ""ל",false,,11.90,0.0132,true,1,2165503
7290017457727,false,"סוד - מרכך כביסה מרוכז פרש סקיי 900 מ""ל",הנקל סוד,IL,סוד מרכך כביסה 20%+ב,מיליליטרים,900.00,"100 מ""ל",false,,11.90,0.0132,true,1,2165504
7290017457734,false,"סוד - מרכך כביסה מרוכז ווילד רוז 900 מ""ל",הנקל סוד,IL,סוד מרכך כביסה 20%+ב,מיליליטרים,900.00,"100 מ""ל",false,,11.90,0.0132,true,1,2165505
7290017457925,false,סוד מרכך כביסה מרוכז פרש קונטרול ורוד,הנקל סוד,IL,סוד מרכך כביסה 20%+ב,מיליליטרים,900.00,"100 מ""ל",false,,11.90,0.0132,true,1,2267256
7290017457932,false,סוד מרכך כביסה מרוכז פרש קונטרול כחול,הנקל סוד,IL,סוד מרכך כביסה 20%+ב,מיליליטרים,900.00,"100 מ""ל",false,,11.90,0.0132,true,1,2267257
7290017457949,false,"פרסיל א.כ לבגדי תינוקות ולבעלי עור רגיש 2.5 ק""ג",פרסיל Persil,,אבקת כביסה פרסיל שקי,קילוגרמים,2.50,"ק""ג",false,,28.90,11.5600,true,1,2267255
7290017457963,false,פרסיל דיסקס לכביסה,,,פרסיל דיסקס לכביסה,יח',8.00,יח',false,,14.90,1.8625,true,1,2266163
7290017471983,false,קרם ידיים פרפקט,,,קרם ידיים פרפקט,מיליליטרים,100.00,"100 מ""ל",false,,7.90,0.0790,true,1,2230687
7290017477299,false,תערובת געלה שקדיה 20,דין שיווק,IL,ג'עלה 200 גרם,גרמים,200.00,100 גרם,false,,9.90,0.0495,true,1,1892518
7290017477305,false,זרעי ציה 250 גר שקדי,דין שיווק,IL,זרעי צ'יה 250 גרם,גרמים,250.00,100 גרם,false,,9.90,0.0396,true,1,1892519
7290017477367,false,מטבעות שוקולד לבן לאפיה 300 גרם,דין שיווק,IL,מטבעות שוקולד לבן לא,גרמים,300.00,100 גרם,false,,12.90,0.0430,true,1,1892530
7290017477374,false,מטבעות שוקולד חלב לאפיה 300 גרם,דין שיווק,IL,מטבעות שוקולד חלב לא,גרמים,300.00,100 גרם,false,,12.90,0.0430,true,1,1892531
7290017477381,false,מטבעות שוקולד מריר 45% לאפייה 300ג',דין שיווק,IL,מטבעות שוקולד מריר 4,גרמים,300.00,100 גרם,false,,12.90,0.0430,true,1,1892532
7290017477398,false,שוקולד ציפס מריר 45% לאפיה 300 גרם,דין שיווק,IL,שוקולד צ'יפס מריר 45,גרמים,300.00,100 גרם,false,,12.90,0.0430,true,1,1892533
7290017477558,false,"שמן זית כתית מעולה אספניולה 750 מ""ל",,,שמן זית כתית מעולה 7,מיליליטרים,750.00,"100 מ""ל",false,,29.90,0.0399,true,1,2355427
7290017513393,false,תה ירוק ספירולינה וצמחים ירוקים 25 שקי,תה ויסוצקי,IL,תה ירוק בתוספת ספירו,יחידה,0.00,יחידה,false,,22.90,0.0000,true,1,2214394
7290017513409,false,תה ירוק SUPER GREEN 87 גרםבטעם אוכמניות ואסאי,תה ויסוצקי,IL,תה ירוק עם צמחים סגו,יחידה,0.00,יחידה,false,,22.90,0.0000,true,1,2214395
7290017513775,false,פליפז בייגלה מצופה שוקולד חלב 140 גרם,שוורצקוף& הנקל דיסלד,TR,בייגלה מצופה שוקולד,גרמים,140.00,100 גרם,false,,8.90,0.0636,true,1,2221874
7290017513782,false,פליפז בייגלה מצופה שוקולד מריר 140 גרם,שוורצקוף& הנקל דיסלד,TR,בייגלה מצופה שוקולד,גרמים,140.00,100 גרם,false,,8.90,0.0636,true,1,2221875
7290017513829,false,תה ירוק לימונית ג'ינג'ר 25 שקיקים בתוספת ויטמין Cּּ+D,ויסוצקי ירוק,IL,תה ירוק לימונית ג'ינ,גרמים,37.50,100 גרם,false,,22.90,0.6107,true,1,2263963
7290017516295,false,חטיף חלבון פרוטאין אגוז לוז שוקולד 50 גר,פנגיאה,,חטיף פרוטאין אגוז לו,גרמים,50.00,100 גרם,false,,9.90,0.1980,true,1,2268826
7290017516318,false,חטיף חלבון פרוטאין שוקולד 50 גר,פנגיאה,,חטיף פרוטאין שוקולד,גרמים,50.00,100 גרם,false,,9.90,0.1980,true,1,2268827
7290017516479,false,חטיף פרוטאין בטעם וניל וקפה,פנגיאה,,חטיף פרוטאין וניל קפ,גרמים,50.00,100 גרם,false,,9.90,0.1980,true,1,2268832
7290017599236,false,סוכרזית סטיוויה 200 טבליות,סנו מפעלי ברונוס.,IL,סוכרזית סטיוויה 200,גרמים,365.00,100 גרם,false,,24.90,0.0682,true,1,2323904
7290017599250,false,סוכרזית קלאסי 120 שקיות,ביסקול בעמ,IL,סוכרזית קלאסי 120 שק,גרמים,120.00,100 גרם,false,,15.50,0.1292,true,1,2356771
7290017599267,false,סוכרלוז 120 שקיות ממתיק שולחני,סוכרזית Sucrazit,IL,סוכרזית סוכרלוז 120,גרמים,120.00,100 גרם,false,,23.90,0.1992,true,1,2356764
7290017599274,false,סוכרזית סטיוויה 120 שקיות,ביסקול בעמ,IL,סוכרזית סטיוויה 120,גרמים,120.00,100 גרם,false,,35.90,0.2992,true,1,2356765
7290017599304,false,סוכרזית מהטבע סטיוויה כפית לכפית 400 גרם,ביסקול בעמ,IL,סוכרזית מצמח הסטיווי,גרמים,400.00,100 גרם,false,,34.90,0.0872,true,1,2363205
7290017617091,false,סטארקיסט מיקס טוגו טונה עם פתיתים 185 גרם,דרדנל אוננטאס גידה,TR,טונה סטארקיסט מיקס ט,גרמים,185.00,100 גרם,false,,13.90,0.0751,true,1,2275558
7290017617107,false,סטארקיסט מיקס טוגו טונה עם 4 דגנים 185 גרם,"איטיליאן פוד, אס.פי.",TR,טונה סטארקיסט מיקס ט,גרמים,185.00,100 גרם,false,,13.90,0.0751,true,1,2275559
7290017617138,false,טונה בשמן קנולה דל נתרן סטארקיסט 4*160 ג',"סטארקיסט פודור בע""מ",TH,טונה סטארקיסט רביעיה,גרמים,640.00,100 גרם,false,,24.90,0.0389,true,1,2264565
7290017617282,false,נתחי טונה בהירה בשמן צמחי - מארז 4 יח',טונה וייטנאם קומפני,VN,טונה יונה רביעיות 14,גרמים,560.00,100 גרם,false,,22.90,0.0409,true,1,2330183
7290017617411,false,מיקס סלמון עם אורז מלא וירקות 160 ג' סטארקיסט,גראאל אס איי,PL,סטארקיסט נתחי סלמון,גרמים,160.00,100 גרם,false,,14.90,0.0931,true,1,2348849
7290017617428,false,מיקס סלמון עם פסטה ברוטב עגבניות 160 ג' סטארקיסט,סטארקיסט,PL,סטארקיסט נתחי סלמון,גרמים,160.00,100 גרם,false,,14.90,0.0931,true,1,2348850
7290017617435,false,מיקס סלמון עם עדשים קינואה וירק 160 ג' סטארקיסט,גראאל אס איי,PL,סטארקיסט נתחי סלמון,גרמים,160.00,100 גרם,false,,14.90,0.0931,true,1,2348851
7290017619194,false,סלסלה גדולה קש פס צב,,,סלסלה גדולה קש פס צב,יחידה,0.00,יחידה,false,,29.90,0.0000,true,1,2230663
7290017619316,false,גומא אפור גבוה מוסקו מקלות,מוסקו,,מפיץ ריח אפור גבוה,יחידה,0.00,יחידה,false,,22.90,0.0000,true,1,2230675
7290017637617,false,MB מסיכת הזנה לשיער רגיל 250 מל MEMORIES,מיקי בוגנים,IL,מסיכת הזנה לשיער רגי,מטרים,250.00,100 מ'ל,false,,27.90,0.1116,true,1,2346093
7290017637624,false,מרכך יומיומי יסמין קסום 500 מל בוגנים,מיקי בוגנים,IL,שמפו לשיער רגיל MB M,מיליליטרים,500.00,"100 מ""ל",false,,23.90,0.0478,true,1,2346070
7290017637648,false,MB מסיכת הזנה לשיער רגיל 250 מל JASMINE,מיקי בוגנים,IL,מסיכת הזנה לשיער רגי,מטרים,250.00,100 מ'ל,false,,27.90,0.1116,true,1,2346083
7290017637662,false,MB שמפו להדגשת גוונים זהובים SHIMMER 500,מיקי בוגנים,IL,שמפו להדגשת גוונים ז,מיליליטרים,500.00,"100 מ""ל",false,,23.90,0.0478,true,1,2346085
7290017675008,false,טחינה גולמית היונה,היונה,IL,טחינה היונה 900 גרם,גרמים,900.00,100 גרם,false,,19.90,0.0221,true,1,1909689
7290017677804,false,"רוטב סויה קיקומן ללא חומרים משמרים 444 מ""ל",קיקומן פודז אינק,US,רוטב סויה קיקומן 444,מיליליטרים,444.00,"100 מ""ל",false,,19.90,0.0448,true,1,2174601
7290017677811,false,"רוטב סויה קיקומן ללא חומרים משמרים 296 מ""ל",קיקומן פודז אינק,NL,רוטב סויה קיקומן 296,מיליליטרים,296.00,"100 מ""ל",false,,17.90,0.0605,true,1,2174602
7290017682334,false,מטאטא ריץ' + מקל 1.5,,TR,מטאטא ריץ'+מקל,יחידה,0.00,יחידה,false,,19.90,0.0000,true,1,2245360
7290017682617,false,"מגב 40 ס""מ עם תפס להצמדה סחבה",,CN,"מגב עם תפסן 40 ס""מ+מ",יחידה,0.00,יחידה,false,,19.90,0.0000,true,1,2245348
7290017682655,false,מגב חד להב עם תופסן,,,מגב חד להב עם תופסן,יחידה,0.00,יחידה,false,,29.90,0.0000,true,1,2245858
7290017712192,false,פרמיו נתחי פילה עוף לחתול,פרמיו Premio,FR,פרמיו נתחי פילה עוף,גרמים,100.00,100 גרם,false,,3.90,0.0390,true,1,2372048
7290017712208,false,פרמיו נתחי פילה ברוו,סאטורן,FR,פרמיו פילה ברווז 100,גרמים,100.00,100 גרם,false,,3.90,0.0390,true,1,2372049
7290017712215,false,פרמיו שימורי מזון מל,,,פרמיו מוס עוף לחתלתו,גרמים,100.00,100 גרם,false,,3.90,0.0390,true,1,2372050
7290017712222,false,פרמיו דגי ים קיטן 100ג',,FR,פרמיו דגי ים קיטן 10,גרמים,100.00,100 גרם,false,,3.90,0.0390,true,1,2372051
7290017712574,false,הורייזן עוף לחתלתול,הורייזן Horizon,,הורייזן עוף לחתלתול,גרמים,85.00,100 גרם,false,,3.90,0.0459,true,1,2372059
7290017712598,false,הורייזן סלמון לחתול,הורייזן Horizon,,הורייזן סלמון לחתול,גרמים,85.00,100 גרם,false,,3.90,0.0459,true,1,2372061
7290017712604,false,הורייזן בקר לחתול מעדן,הורייזן Horizon,,הורייזן בקר לחתול מע,גרמים,85.00,100 גרם,false,,3.90,0.0459,true,1,2372062
7290017712666,false,הורייזן בקר לכלב ננסי,הורייזן Horizon,DE,הורייזן בקר לכלב ננס,גרמים,100.00,100 גרם,false,,3.90,0.0390,true,1,2372064
7290017712680,false,הורייזן עוף לכלב ננסי,הורייזן Horizon,,הורייזן עוף לכלב ננס,גרמים,100.00,100 גרם,false,,3.90,0.0390,true,1,2372066
7290017712727,false,פרמיו גור חתולים בקר וכבד,פרמיו Premio,FR,פרמיו גור בקר וכבד 1,גרמים,100.00,100 גרם,false,,3.90,0.0390,true,1,2372070
7290017712741,false,פרמיו כבש 100 ג',,,פרמיו כבש 100ג',גרמים,100.00,100 גרם,false,,3.90,0.0390,true,1,2372072
7290017712758,false,פרמיו סלמון לחתול,פרמיו Premio,FR,פרמיו סלמון 100ג',גרמים,100.00,100 גרם,false,,3.90,0.0390,true,1,2372073
7290017712765,false,פרימו סלמון ופורל לחתול,פרמיו Premio,FR,פרמיו סלמון ופורל 10,גרמים,100.00,100 גרם,false,,3.90,0.0390,true,1,2372074
7290017712772,false,פרמיו ברק וכבד לחתול,פרמיו Premio,FR,פרמיו בקר וכבד 100ג',גרמים,100.00,100 גרם,false,,3.90,0.0390,true,1,2372075
7290017712789,false,פרמיו סטירליז עוף 100ג',,FR,פרמיו סטירליז עוף 10,גרמים,100.00,100 גרם,false,,3.90,0.0390,true,1,2372076
7290017712796,false,פרמיו סטריליז דג קוד 100 ג,פרמיו Premio,,פרמיו סטירליז דג קוד,גרמים,100.00,100 גרם,false,,3.90,0.0390,true,1,2372077
7290017712864,false,פרמיו מקלות סלמון לכלב,פרמיו Premio,CN,פרמיו מקלות סלמון 10,גרמים,100.00,100 גרם,false,,14.90,0.1490,true,1,2372078
7290017712871,false,פרמיו קוביות סלמון ו,,,פרמיו קוביות סלמון ו,גרמים,100.00,100 גרם,false,,14.90,0.1490,true,1,2372079
7290017712901,false,פרמיו סלמון בייטס 10,,,פרמיו סלמון בייטס 10,גרמים,100.00,100 גרם,false,,14.90,0.1490,true,1,2372081
7290017715285,false,מחית תפוחי עץ עם דובדבנים,GROWERS CHERRY,US,"רסק תפו""ח עץ עם דובד",גרמים,452.00,100 גרם,false,,9.90,0.0219,true,1,2210071
7290017724034,false,עוגיות סנדוויץ ריבה,אקלר,IL,עוגיות סנדויץ ריבה,גרמים,250.00,100 גרם,false,,22.90,0.0916,true,1,2300198
7290017724058,false,עוגיות מעדן תמר אגוז,אקלר,IL,עוגיות מעדן תמר אגוז,גרמים,250.00,100 גרם,false,,22.90,0.0916,true,1,2300226
7290017724072,false,עוגיות רולדה שוקו/תמ,אקלר,IL,רולדה שוקולד תמר,גרמים,200.00,100 גרם,false,,22.90,0.1145,true,1,2300257
7290017724171,false,עוגיות סנדביץ ריבה ל,אקלר,IL,עוגיות סנדביץ ריבה ל,גרמים,250.00,100 גרם,false,,22.90,0.0916,true,1,2300261
7290017724270,false,עוגיות אקלר אשכול בר,,,עוגיות אשכול בריאות,גרמים,200.00,100 גרם,false,,22.90,0.1145,true,1,2300280
7290017724287,false,עוגיות אקלר אצבעות פ,אקלר,IL,אצבעות פאקן ללא תוספ,גרמים,250.00,100 גרם,false,,22.90,0.0916,true,1,2300281
7290017724300,false,עוגיות גרנולה אקלר 2,,,עוגיות גרנולה,גרמים,250.00,100 גרם,false,,22.90,0.0916,true,1,2300264
7290017812373,false,יין שרדונה לבן יבש פרייבט קולקשן - בקבוק אישי,יקבי כרמל Carmel Winery,IL,שרדונה,מיליליטרים,375.00,"100 מ""ל",false,,17.90,0.0477,true,1,2229893
7290017812571,false,יין תירוש אדום 100%ה טבעי 1 ליטר,יקבי כרמל Carmel Winery,IL,מיץ ענבים תירוש אדום,ליטרים,1.00,ליטר,false,,19.90,19.9000,true,1,2229924
7290017812595,false,"יין ישן נושן יקבי כרמל 750 מ""ל ^^^",יקבי כרמל Carmel Winery,IL,יין ישן נושן לייט,מיליליטרים,750.00,"100 מ""ל",false,,18.90,0.0252,true,1,2229926
7290017816012,false,קרם קרקר כוסמין מקור הכוסמין 250 גר,אפיפית הדר,IL,קרקר כוסמין,גרמים,250.00,100 גרם,false,,14.90,0.0596,true,1,2209576
7290017816111,false,פתי בר מקמח כוסמין 220 גרם,אפיפית הדר,IL,פתיבר 220 גרם,גרמים,220.00,100 גרם,false,,9.90,0.0450,true,1,2267427
7290017816128,false,קרקר מקור הכוסמין 22,,,קרקר כוסמין 220 גרם,גרמים,220.00,100 גרם,false,,14.90,0.0677,true,1,2267428
7290017816135,false,פריכיות כוסמין מקור הכוסמין 90 גר,זן-בר,IL,פריכיות כוסמין 900 ג,גרמים,900.00,100 גרם,false,,9.90,0.0110,true,1,2267429
7290017871363,false,פמילי יהלום- פמלי סבון ידיים מועשר בשמן מקדמיה לניקוי וטיפוח עור הידיים,המאפיה של הרמן,TR,אל סבון פמילי יהלום,מיליליטרים,500.00,"100 מ""ל",false,,9.90,0.0198,true,1,2239058
7290017871370,false,פמילי יהלום- סבון ידיים מועשר בשמן אבוקדו לניקוי וטיפוח עור הידיים,המאפיה של הרמן,TR,אל סבון פמילי יהלום,מיליליטרים,500.00,"100 מ""ל",false,,9.90,0.0198,true,1,2239059
7290017871462,false,טוסו חטיף פצפוצי אורז מצופה שוקולד מריר ללא תוספת סוכר,תות תעשיות מזון,IL,חטיף פיצפוצי אורז מצ,גרמים,140.00,100 גרם,false,,16.90,0.1207,true,1,2214326
7290017871554,false,טוסו חטיף תמרים ושברי קקאו ללא גלוטן וללא תוספת סוכר,תות תעשיות מזון,IL,חטיף תמרים ושברי קקא,גרמים,140.00,100 גרם,false,,16.90,0.1207,true,1,2214327
7290017871707,false,חטיף פיצפוצי אורז וקוקוס מצופה שוקולד מריר ללא תוספת סוכר,תות תעשיות מזון,IL,חטיף פיצפוצי אורז וק,גרמים,140.00,100 גרם,false,,16.90,0.1207,true,1,2214333
7290017871950,false,פרשוואנס נייר טואלט לח מתכלה בניחוח לוונדר מארז שלישייה,פרש-וואנס,,מארז שלישייה נייר טו,יח',40.00,יח',false,,14.90,0.3725,true,1,2272948
7290017871967,false,גלי מרמולייט אננס 25,אשבל מזון פונקציונאל,IL,ג'לי טוסו בטעם אננס,גרמים,25.00,100 גרם,false,,9.90,0.3960,true,1,2266366
7290017871974,false,גלי מרמולייט תות שדה,אשבל מזון פונקציונאל,IL,ג'לי טוסו בטעם תות ש,גרמים,25.00,100 גרם,false,,9.90,0.3960,true,1,2266367
7290017871998,false,פודינג מרמולייט אינס,אשבל מזון פונקציונאל,IL,ג'לי טוסו בטעם וניל,גרמים,25.00,100 גרם,false,,9.90,0.3960,true,1,2266369
7290017872162,false,טוסו - עוגיות אגוזי לוז ללא סוכר 200 גרם,היינץ צפון אמריקה מק,IL,טוסו עוגיות אגוזי לו,גרמים,200.00,100 גרם,false,,14.90,0.0745,true,1,2237140
7290017872179,false,טוסו - עוגיות טחינה ללא סוכר 200 גרם,היינץ צפון אמריקה מק,IL,טוסו עוגיות טחינה 20,גרמים,200.00,100 גרם,false,,14.90,0.0745,true,1,2237141
7290017872186,false,טוסו - עוגיות פקאן ללא סוכר 200 גרם,היינץ צפון אמריקה מק,IL,טוסו עוגיות פקאן 200,גרמים,200.00,100 גרם,false,,14.90,0.0745,true,1,2237142
7290017872193,false,טוסו עוגיות שקדים וקינמון ללא סוכר 200 גרם,היינץ צפון אמריקה מק,IL,טוסו עוגיות שקדים וק,גרמים,200.00,100 גרם,false,,14.90,0.0745,true,1,2237143
7290017872209,false,שעווה מועשרת למיקרוג,,,שעווה מגע הדבש 500 ג,גרמים,500.00,100 גרם,false,,16.90,0.0338,true,1,2242297
7290017872230,false,פרש וונס מגבונים נטורל 100 יח דיספנסר,פרש וואנס Fresh Ones,IL,מגבונים פרשוואנס 100,יח',100.00,יח',false,,7.90,0.0790,true,1,2300344
7290017872667,false,"סבון ידיים פמלי יהלום שמן קמומיל 500 מ""ל",המאפיה של הרמן,TR,אל סבון פמילי יהלום,מיליליטרים,500.00,"100 מ""ל",false,,9.90,0.0198,true,1,2248766
7290017872865,false,בייביביס חטיפי דגנים אפויים לתינוקות בטעם גזר ועגבנייה,טאטא גלובל בוורג'ס,IL,חטיפי דגנים אפויים ב,גרמים,35.00,100 גרם,false,,12.90,0.3686,true,1,2341511
7290017872872,false,בייביביס חטיפי דגנים אפויים לתינוקות בטעם גזר וסלק,טאטא גלובל בוורג'ס,IL,חטיפי דגנים אפויים ב,גרמים,35.00,100 גרם,false,,12.90,0.3686,true,1,2341512
7290017888026,false,"משקה אננס תפוח גזר פרות & ווג 350 מ""ל",פרוט אנד וג' Fruit & Veg,IL,משקה קל אננס תפוח גז,מיליליטרים,350.00,"100 מ""ל",false,,6.50,0.0186,true,1,2160681
7290017888033,false,"משקה בננה מלון נענע פרות &ווג 350 מ""ל",פרוט אנד וג' Fruit & Veg,IL,משקה קל בננה מלון נע,מיליליטרים,350.00,"100 מ""ל",false,,6.50,0.0186,true,1,2160682
7290017888644,false,"משקה אננס בננה כורכום פרות & ווג 350 מ""ל",פרוט אנד וג' Fruit & Veg,IL,משקה אננס בננה כורכו,מיליליטרים,350.00,"100 מ""ל",false,,6.50,0.0186,true,1,2236214
7290017888972,false,בקבוק מי עדן פקק ספורט 1 ליטר,מופק ממקור בזלתי עדן,IL,מי עדן 1 ליטר פקק ספ,ליטרים,1.00,ליטר,false,,4.90,4.9000,true,1,2245347
7290017907208,false,תערובת קמח רב תכליתי לנמנעים מגלוטן,מנדלז סי.אר. פרודקשן,IL,"קמח ""תמי"" רב תכליתי",גרמים,500.00,100 גרם,false,,18.90,0.0378,true,1,2274277
7290017907222,false,תערובת קמח תופח לנמנעים מגלוטן,פוראטוס ישראל,IL,"קמח ""תמי"" תופח",גרמים,500.00,100 גרם,false,,18.90,0.0378,true,1,2274284
7290017907239,false,תערובת תמי לעוגת שוקולד ללא גלוטן 450 גר,פוראטוס ישראל,IL,"תערובת ""תמי"" לעוגת ש",גרמים,450.00,100 גרם,false,,18.90,0.0420,true,1,2274285
7290017907246,false,סולת מאורז לנמנעים מגלוטן,פוראטוס ישראל,IL,"סולת ""תמי""",גרמים,300.00,100 גרם,false,,15.90,0.0530,true,1,2274286
7290017907253,false,פתיתים מאורז לנמנעים מגלוטן,פוראטוס ישראל,IL,"פתיתים ""תמי""",גרמים,300.00,100 גרם,false,,15.90,0.0530,true,1,2274287
7290017917382,false,אל סבון היגייני לניקוי יסודי ולהרגע העור clean & calm,"ד""ר פישר Dr fischer",IL,קמיל אל סבון 1 ליטר,ליטרים,1.00,ליטר,false,,15.90,15.9000,true,1,2191669
7290017917405,false,מגבוני פוליאסטר מיוחדים לשימוש בשבת,"ד""ר פישר",,מגבוני פוליאסטר מיוח,יח',40.00,יח',false,,9.90,0.2475,true,1,2245742
7290017917450,false,קמיל בלו סנסיטיב אל סבון ושמפו לתינוק קמומיל ואלוורה,"ד""ר פישר Dr fischer",IL,קמיל בלו סנסטיב אל ס,ליטרים,1.00,ליטר,false,,24.90,24.9000,true,1,2194887
7290017917467,false,קמיל בלו סנסטי בשיבולת שועל אל סבון טיפולי לתינוק,"ד""ר פישר Dr fischer",IL,קמיל בלו אל סבון שיב,ליטרים,1.00,ליטר,false,,24.90,24.9000,true,1,2194888
7290017917542,false,"ד""ר פישר שמפו בלונד ללא תוספת מלחים 400 מ""ל",מדי פישר,IL,שמפו לשיער בלונד ללא,מיליליטרים,400.00,"100 מ""ל",false,,29.90,0.0747,true,1,2220645
7290017917566,false,ד.פישר סילבר שמפו לשיער כסוף ללא מלח,מדי פישר,IL,שמפו לשיער כסוף,מיליליטרים,300.00,"100 מ""ל",false,,29.90,0.0997,true,1,2220647
7290017917634,false,קמיל בלו סנס.שמפו ללא דמעות 750 מל א.זוג,פישר תעשיות,IL,מארז זוג קמיל בלו אל,מיליליטרים,1500.00,"100 מ""ל",false,,29.90,0.0199,true,1,2214125
7290017917665,false,קמיל בלו סנסיטיב אל סבון עדין לתינוק,פישר תעשיות,IL,מארז זוג קמיל בלו אל,מיליליטרים,1500.00,"100 מ""ל",false,,29.90,0.0199,true,1,2214126
7290017917764,false,"ד""ר פישר - אפקטיב קר קרם גוף מועשר בשמן ארגן 450 מ""ל",פישר תעשיות,IL,קרם גוף מועשר בשמן א,מיליליטרים,450.00,"100 מ""ל",false,,21.90,0.0487,true,1,2245743
7290017928036,false,מאיר בייגל מקלות גריסיני שומשום 175 ג',מאיר את בייגל,IL,בייגל מקלות גריסיני,גרמים,175.00,100 גרם,false,,9.90,0.0566,true,1,2218880
7290017928043,false,מאיר בייגל גריסיני קראנץ' מלח 175 ג',מאיר את בייגל,IL,בייגל גריסיני קראנץ,גרמים,175.00,100 גרם,false,,9.90,0.0566,true,1,2218881
7290017928098,false,מאיר בייגל שטוחלה מלח 330 גר',מאיר את בייגל,IL,בייגל שטוחלה מלח 330,גרמים,300.00,100 גרם,false,,9.90,0.0330,true,1,2320347
7290017928128,false,בייגלה מקלות מלח 400,מאיר בייגל,,בייגל ה מקלות 400 גר,גרמים,400.00,100 גרם,false,,9.90,0.0248,true,1,2372873
7290017928210,false,מאיר בייגל בייגלה גדול שומשום 300 גר',מאיר את בייגל,IL,בייגלה גדול שומשום 2,גרמים,250.00,100 גרם,false,,9.90,0.0396,true,1,2218867
7290017928227,false,"בייגלה שטוח'לה פינוקים שומשום, קצח, שום ובצל",מאיר את בייגל,IL,בייגל שטוחלה פינוקים,גרמים,300.00,100 גרם,false,,9.90,0.0330,true,1,2218882
7290017928272,false,בייגלה שטוחל'ה PRO עם שומשום עשיר בחלבון,מאיר את בייגל,IL,בייגלה שטוחלה פרו 17,גרמים,170.00,100 גרם,false,,9.90,0.0582,true,1,2289610
7290017928432,false,מאיר בייגל מקלות גריסיני קראנץ פרג 175גר,מאיר את בייגל,IL,בייגל גריסיני קראנץ,גרמים,175.00,100 גרם,false,,9.90,0.0566,true,1,2218884
7290017928449,false,מאיר בייגל שטוחלה פרו מלח 170 ג',מאיר את בייגל,IL,בייגל שטוחלה פרו מלח,גרמים,170.00,100 גרם,false,,9.90,0.0582,true,1,2218869
7290017928463,false,מאיר בייגל -סמאש-שבורים בטעם דבש חרדל ובצל 300 גרם,מאיר בייגל,BG,בייגל סמאש שבורים בט,גרמים,300.00,100 גרם,false,,10.90,0.0363,true,1,2323014
7290017928524,false,בייגלה שטוח ניגובים מלח 330 ג' מאיר בייגל,מאיר את בייגל,IL,בייגל שטוחלה ניגובים,גרמים,330.00,100 גרם,false,,9.90,0.0300,true,1,2320708
7290017928609,false,בייגלה טבעות עם שומשום 300גרם- .חדש,מאיר את בייגל,IL,בייגלה טבעות שומשום,גרמים,300.00,100 גרם,false,,9.90,0.0330,true,1,2218870
7290017928616,false,מאיר בייגל שטוחהלה שומשום 300 גר',מאיר את בייגל,IL,בייגל שטוחלה שומשום,גרמים,300.00,100 גרם,false,,9.90,0.0330,true,1,2218885
7290017928630,false,"גריסיני קראנץ' פינוקים שומשום, קצח, שום ובצל",מאיר את בייגל,IL,בייגל גריסיני קראנץ,גרמים,175.00,100 גרם,false,,9.90,0.0566,true,1,2218886
7290017928661,false,מאיר בייגל -סמאש-שבורים בטעם צ'דר 300 גרם,מאיר בייגל,BG,בייגל סמאש שבורים בט,גרמים,300.00,100 גרם,false,,12.90,0.0430,true,1,2323015
7290017928685,false,בייגלה שמיניות עם מלח 400גרם -חדש,מאיר את בייגל,IL,בייגלה שמיניות מלח 4,גרמים,400.00,100 גרם,false,,9.90,0.0248,true,1,2320341
7290017928722,false,בייגלה שטוח ניגובים שומשום 300 ג' מאיר בייגל,מאיר את בייגל,IL,בייגל שטוחלה ניגובים,גרמים,300.00,100 גרם,false,,9.90,0.0330,true,1,2320709
7290017928807,false,בייגלה אצבעות עם שומשום 300גרם - חדש,מאיר את בייגל,IL,בייגלה אצבעות שומשום,גרמים,300.00,100 גרם,false,,9.90,0.0330,true,1,2218871
7290017946382,false,סוד - קפסולות ג'ל לכביסה 28 יח',,,סוד קפסולות ג'ל לכבי,100 יח',28.00,100 יח',false,,29.90,1.0679,true,1,2347394
7290017946764,false,מנקה מכונת כביסה 150 גר K2R,הנקל Henkel,DE,מנקה מכונת כביסה,יח',2.00,יח',false,,14.90,7.4500,true,1,2267259
7290017946979,false,פרסיל גל לכביסה דיפ קלין מנטרל ריחות 2.4,פרסיל Persil,IL,פרסיל ג'ל פרמיום 2.4,ליטרים,2.40,ליטר,false,,30.90,12.8750,true,1,2272968
7290017993454,false,מחית וניל,,,מחית וניל,גרמים,60.00,100 גרם,false,,79.90,1.3317,true,1,2330015
7290018024003,false,חסה ערבית,,,חסה ערבית,יחידה,0.00,יחידה,false,,3.90,0.0000,true,1,2280113
7290018024027,false,סלק עלים יח',,,סלק עלים,יחידה,0.00,יחידה,false,,4.90,0.0000,true,1,2279086
7290018024034,false,סלרי עלים יח',,,סלרי עלים,יחידה,0.00,יחידה,false,,4.90,0.0000,true,1,2279087
7290018024058,false,פטרוזיליה ארוז,,,פטרוזיליה ארוז,יחידה,0.00,יחידה,false,,3.90,0.0000,true,1,2279089
7290018024065,false,כוסברה ארוז,,,כוסברה ארוז,יחידה,0.00,יחידה,false,,3.90,0.0000,true,1,2279090
7290018024072,false,נענע ארוז,,,נענע ארוז,יחידה,0.00,יחידה,false,,3.90,0.0000,true,1,2279091
7290018024089,false,שמיר ארוז,,,שמיר ארוז,יחידה,0.00,יחידה,false,,3.90,0.0000,true,1,2279092
7290018024256,false,לבבות קיסר,,,לבבות קיסר,יחידה,0.00,יחידה,false,,7.90,0.0000,true,1,2279225
7290018024263,false,רוזמרין יח',,,רוזמרין,יחידה,0.00,יחידה,false,,3.90,0.0000,true,1,2279205
7290018024287,false,בזיליקום ירוק קטן,,,בזיליקום ירוק קטן,יחידה,0.00,יחידה,false,,3.90,0.0000,true,1,2279206
7290018024294,false,עירית יח',,,עירית,יחידה,0.00,יחידה,false,,3.90,0.0000,true,1,2279207
7290018024300,false,טימין - קורנית יח',,,תימין,יחידה,0.00,יחידה,false,,3.90,0.0000,true,1,2279208
7290018024317,false,אורגנו יח',,,אורגנו,יחידה,0.00,יחידה,false,,3.90,0.0000,true,1,2279209
7290018024324,false,מרווה יח',,,מרווה,יחידה,0.00,יחידה,false,,3.90,0.0000,true,1,2279210
7290018024362,false,חסה סלנובה,,,חסה סלנובה,יחידה,0.00,יחידה,false,,9.90,0.0000,true,1,2279213
7290018024379,false,עלי רוקולה 180 גרם,,,עלי רוקולה 180 גרם,גרמים,180.00,100 גרם,false,,7.90,0.0439,true,1,2279214
7290018024423,false,טרגון - ארוז,,,טרגון,יחידה,0.00,יחידה,false,,3.90,0.0000,true,1,2279216
7290018024430,false,שיבה,,,שיבה,יחידה,0.00,יחידה,false,,3.90,0.0000,true,1,2279217
7290018024447,false,לבבות חסה,פיור דיזיין,IL,לבבות חסה,יחידה,0.00,יחידה,false,,7.90,0.0000,true,1,2279218
7290018024485,false,תרד ניו זילנד 180 גר,,,תרד ניוזילנדי 180,גרמים,180.00,100 גרם,false,,7.90,0.0439,true,1,2279229
7290018024508,false,בייבי מיקס 180 גרם,,,ביבי מיקס 180 גרם,גרמים,180.00,100 גרם,false,,7.90,0.0439,true,1,2279231
7290018024539,false,בזיליקום 180 גרם,,,בזיליקום 180 גרם,גרמים,180.00,100 גרם,false,,7.90,0.0439,true,1,2279232
7290018024553,false,כרוב קייל 180 גרם,,,קייל,גרמים,180.00,100 גרם,false,,9.90,0.0550,true,1,2281122
7290018043189,false,פראוד - חטיף חלבון בטעם קשיו קרמל 60 גרם,מרס נדרלנד,NL,חטיף פרוטאין קשיו מק,גרמים,60.00,100 גרם,false,,10.90,0.1817,true,1,2270246
7290018043196,false,פראוד - חטיף חלבון בטעם שוקולד לבן עוגיות 60 גרם,הרת'סייד פוד סולושיי,NL,חטיף פרוטאין עוגיות,גרמים,60.00,100 גרם,false,,10.90,0.1817,true,1,2270247
7290018045312,false,זוג ספוגי ניקוי סקראב דדי,,US,ספוג ניקוי סקראב דד,יחידה,0.00,יחידה,false,,17.90,0.0000,true,1,2375526
7290018045893,false,בון בון דגנים במילוי קרם נוגט 480 גרם,monday,DE,דגנים במילוי קרם נוג,גרמים,480.00,100 גרם,false,,23.90,0.0498,true,1,2330828
7290018071205,false,כפפות ניטרו כחולות אלסטיות S 100יח',סייף טאצ,CN,כפפות ויניל ללא אבקה,יח',100.00,יח',false,,29.90,0.2990,true,1,2322274
7290018071212,false,כפפות ניטרו כחולות אלסטיות M ללא אבקה 100יח',סייף טאצ,CN,כפפות ויניל ללא אבקה,יח',100.00,יח',false,,29.90,0.2990,true,1,2322275
7290018071229,false,כפפות ניטרו כחולות אלסטיות L ללא אבקה 100יח',סייף טאצ,CN,כפפות ויניל ללא אבקה,יח',100.00,יח',false,,29.90,0.2990,true,1,2322276
7290018071236,false,כפפות ניטרו כחולות אלסטיות XL ללא אבקה 100יח',סייף טאצ,CN,כפפות ויניל ללא אבקה,יח',100.00,יח',false,,29.90,0.2990,true,1,2322277
7290018091029,false,מקלות פילו תפוחי אדמה מעדנות 450 ג',תנובה מעדנות,IL,"מקלות פילו תפו""א מעד",גרמים,450.00,100 גרם,false,,16.90,0.0376,true,1,2234796
7290018091074,false,בצק עוגיות שוקולד ציפס מעדנות 300 גרם,תנובה מעדנות,IL,בצק עוגיות שוקולד צ',גרמים,300.00,100 גרם,false,,19.90,0.0663,true,1,2362622
7290018091272,false,בצק עוגיות קקאו טריפל שוקולד ציפס מעדנו,תנובה מעדנות,IL,בצק עוגיות קקאו טריפ,גרמים,300.00,100 גרם,false,,19.90,0.0663,true,1,2362623
7290018091616,false,מקלות פילו גבינה מעדנות 450 ג',מיוצר עי קונדיטוריית,IL,מקלות פילו גבינה מעד,גרמים,450.00,100 גרם,false,,16.90,0.0376,true,1,2234798
7290018091876,false,"מאפה פילו גבינה, 320 גרם מעדנות","מעדנות בע""מ",IL,מאפה פילו גבינה מעדנ,גרמים,320.00,100 גרם,false,,18.90,0.0591,true,1,2351560
7290018131756,false,מאגדת שלגון וניל מצופה תות נסטלה 440 גרם,נסטלה גלידות,IL,מאגדת שלגוניםוניל מצ,גרמים,470.00,100 גרם,false,,27.90,0.0594,true,1,2276465
7290018131879,false,אקסטרים טילון ריבת חלב מאגדת 6 יח 432 גר,גלידות נסטלה (נגה גל,IL,גלידת טילון אקסטרים,גרמים,432.00,100 גרם,false,,32.90,0.0762,true,1,2291515
7290018131954,false,קרחון שרבט פרווה לה פרוטה תות שדה ושוקולד מריר,גלידות נסטלה Nestle,IL,מאגדת לה פרוטה שוקול,יחידה,0.00,יחידה,false,,29.90,0.0000,true,1,2276459
7290018132425,false,מטרנה גולד בדץ שלב 3 700 גרם,מטרנה,IL,מטרנה גולד שלב 3 700,גרמים,700.00,100 גרם,false,,74.90,0.1070,true,1,2362922
7290018156087,false,"ד""ר פישר - סרקל אקטיב שמפו 450 מ""ל",פישר תעשיות,IL,"שמפו סרקל אקטיב ד""ר",מיליליטרים,450.00,"100 מ""ל",false,,34.90,0.0776,true,1,2258768
7290018156094,false,"ד""ר פישר סרקל אקטיב מרכך 450 מ""ל",פישר תעשיות,IL,"מרכך סרקל אקטיב ד""ר",מיליליטרים,450.00,"100 מ""ל",false,,34.90,0.0776,true,1,2258769
7290018156124,false,"אל סבון קמיל צבעוני ד""ר פישר שלישיה* 500 מ""ל",פישר תעשיות,IL,שלישיית אל סבון צבעו,ליטרים,1.50,ליטר,false,,19.90,13.2667,true,1,2220648
7290018192658,false,מארז זוג פטריות פורטובלה ושמפיניון מרינה,"מרינה פטריות הגליל בע""מ",IL,מארז פטריות צמד חמד,יחידה,0.00,יחידה,false,,14.90,0.0000,true,1,2263785
7290018195048,false,"חתיכות אננס בסירופ קל טעמן, 850 גרם",פ.ת גרייט פנאפל,TH,חתיכות אננס בסירופ ק,גרמים,850.00,100 גרם,false,,10.90,0.0128,true,1,2355684
7290018195086,false,חלב מרוכז טעמן 340 גרם,,,חלב מרוכז 340גר',גרמים,340.00,100 גרם,false,,12.90,0.0379,true,1,2377814
7290018195178,false,שוקולד מריר 62% קקאו 100 גרם טעמן,אס.קיי ראיס אינטרנשי,PL,שוקולד מריר 62% 100,גרמים,100.00,100 גרם,false,,5.90,0.0590,true,1,2355702
7290018195512,false,ארוחת אורז בסגנון מקסיקני טעמן,,,ארוחת אורז בסגנון מק,יחידה,0.00,יחידה,false,,9.90,0.0000,true,1,2377815
7290018195536,false,תבשיל אורז בסיגנון איטלקי 250 גרם,,,ארוחת אורז בסגנון אי,יחידה,0.00,יחידה,false,,9.90,0.0000,true,1,2377817
7290018195543,false,תבשיל אורז בסגנון מקסיקני 250 גרם,,,ארוחת אורז שעועית אד,יחידה,0.00,יחידה,false,,9.90,0.0000,true,1,2377818
7290018198148,false,"תפוגן קריספי צ'יפס קלאסי 1.25 ק""ג",עיצובים 2020 (4.5),IL,תפוגן קריספי ציפס קל,קילוגרמים,1.25,"ק""ג",false,,22.90,18.3200,true,1,2291524
7290018198209,false,תפוגן ציפס בטטה קראנ,"תעשיות תפוגן בע""מ",IL,תפוגן צ'יפס בטטה קרא,גרמים,500.00,100 גרם,false,,17.90,0.0358,true,1,2268440
7290018213476,false,כף אשפה מתקפל GLOW (,,IT,יעה מתקפל .,יחידה,0.00,יחידה,false,,17.90,0.0000,true,1,2355192
7290018228463,false,מקל למטאטא/מגב 1.3 מ,,,מקל למטאטא/מגב 1.3 מ,יחידה,0.00,יחידה,false,,4.90,0.0000,true,1,2291871
7290018228586,false,מפיץ ריח באמצעות מקל,,,מפיץ ריח מיוחד,יחידה,0.00,יחידה,false,,29.90,0.0000,true,1,2329089
7290018237397,false,עוף טוב פסטרמה מקורמלת נתח שלם 8*300 גרם,מולינו ניקולי s.p.a,IL,עוף טוב פסטרמה מקורמ,גרמים,300.00,100 גרם,false,,27.90,0.0930,true,1,2306031
7290018237410,false,עוף טוב פסטרמה במעשנה נתח שלם 8*300 גרם,מולינו ניקולי s.p.a,IL,עוף טוב פסטרמה במעשנ,גרמים,300.00,100 גרם,false,,27.90,0.0930,true,1,2306032
7290018237489,false,עוף טוב דק דק פסטרמה ברביקיו 220 גר',"עוף טוב (שאן) בע""מ",IL,עוף טוב דק דק פסטרמה,גרמים,220.00,100 גרם,false,,16.90,0.0768,true,1,2325534
7290018237496,false,עוף טוב דק דק פסטרמה דבש 220 גר',"עוף טוב (שאן) בע""מ",IL,עוף טוב דק דק פסטרמה,גרמים,220.00,100 גרם,false,,16.90,0.0768,true,1,2325535
7290018237502,false,עוף טוב דק דק כתף בקר 200 גר',"עוף טוב (שאן) בע""מ",IL,עוף טוב דק דק כתף בק,גרמים,200.00,100 גרם,false,,16.90,0.0845,true,1,2325528
7290018237922,false,עוף טוב שניצלונים ציפוי צ'יפס 700 גרם,עיצובים 2020 (4.9),IL,שניצלונים ציפוי צ'יפ,גרמים,700.00,100 גרם,false,,19.90,0.0284,true,1,2343839
7290018237939,false,שניצלונים ציפוי שומשום עוף טוב 700 גרם,עיצובים 2020 (4.9),IL,שניצלונים ציפוי שומש,גרמים,700.00,100 גרם,false,,19.90,0.0284,true,1,2343840
7290018237960,false,עוף טוב כתף בקר עסיסי 265 גר',עיצובים 2020 (4.9),IL,עוף טוב כתף בקר עסיס,גרמים,320.00,100 גרם,false,,24.90,0.0778,true,1,2354975
7290018249123,false,אינסטנט פודינג סוויטאנגו בטעם וניל,מתבל תעשיות מזון,IL,פודינג וניל סוויטאנג,גרמים,50.00,100 גרם,false,,11.90,0.2380,true,1,2274408
7290018249222,false,סוויטנגו אבקת ממתיק 100 גרם,מתבל תעשיות מזון,IL,אבקת ממתיק סוויטאנגו,גרמים,100.00,100 גרם,false,,14.90,0.1490,true,1,2274409
7290018249550,false,אינסטנט פודינג שוקולד סוויטאנגו 55 גר,מתבל תעשיות מזון,IL,פודינג שוקולדסוויטאנ,גרמים,50.00,100 גרם,false,,11.90,0.2380,true,1,2343572
7290018249994,false,סוויטאנגו תחליף סוכר ממתיק 700 גר',מתבל תעשיות מזון,IL,ממתיק סוויטאנגו צנצנ,גרמים,700.00,100 גרם,false,,56.90,0.0813,true,1,2274410
7290018294369,false,תירוש כרמל מיץ ענבים,יקבי כרמל Carmel Winery,,"תירוש אדום 700 מ""ל",מיליליטרים,700.00,"100 מ""ל",false,,13.90,0.0199,true,1,2370190
7290018294901,false,"יין מונלייט אדום יבש 750 מ""ל כרמל",יקבי כרמל Carmel Winery,IL,יין מונלייט אדום יבש,מיליליטרים,750.00,"100 מ""ל",false,,29.90,0.0399,true,1,2360720
7290018333082,false,אגו מיקס קורנפלקס מצופה ש.חלב 55 גר' 24 בקר' בדצ,כרמית,IL,אגו מיקס קורנפלקס,גרמים,55.00,100 גרם,false,,3.90,0.0709,true,1,2249993
7290018333099,false,אגו מיקס קורנפלקס מצופה ש.חלב ולבן 55גר' 24 בקר',כרמית,IL,אגו מיקס קורנפלקס,גרמים,55.00,100 גרם,false,,3.90,0.0709,true,1,2249994
7290018333686,false,גרנולה רפאלס פרו פקא,רפאלס,IL,גרנולה פרו עם פקאן ו,גרמים,250.00,100 גרם,false,,17.90,0.0716,true,1,2271655
7290018333945,false,חטיף אגוזים רפאלס שקד ווניל בדצ 150 גר *12יח,כרמית תעשיות ממתקים,IL,חטיף אגוזים רפאלס שק,גרמים,150.00,100 גרם,false,,14.90,0.0993,true,1,2302036
7290018333969,false,חטיף גרנולה רפאלס שקדים וטחינה בדצ 150 גר *12יח,כרמית תעשיות ממתקים,IL,חטיף גרנולה רפאלס שק,גרמים,150.00,100 גרם,false,,14.90,0.0993,true,1,2302038
7290018338681,false,ספגטי דורום מלא אורגני 500 גרם,תבואות,IT,ספגטי דורום מלא 500,גרמים,500.00,100 גרם,false,,7.90,0.0158,true,1,2377040
7290018339077,false,ריקו טורטליני עוף 100% חיטת דורום,פסטה ריקו Pasta Ricco,IL,טורטליני עוף 300 גרם,גרמים,300.00,100 גרם,false,,29.90,0.0997,true,1,2377717
7290018339084,false,ריקו טורטליני ראגו 100% חיטת דורום,פסטה ריקו Pasta Ricco,IL,טורטליני ראגו מכסה א,גרמים,300.00,100 גרם,false,,29.90,0.0997,true,1,2377718
7290018339091,false,ריקו אניולוטי ראגו 100% חיטת דורום,פסטה ריקו Pasta Ricco,IL,אניולוטי ראגו מכסה א,גרמים,300.00,100 גרם,false,,29.90,0.0997,true,1,2377719
7290018343296,false,דר פישר אלכוגל H לידיים 100 מל,מדי פישר,IL,"אלכוג'ל 100 מ""ל",מיליליטרים,100.00,"100 מ""ל",false,,9.90,0.0990,true,1,2235822
7290018359495,false,תירס מהשדה בלי תוספת סוכר יכין 550 גרם,היינץ צפון אמריקה מק,IL,תירס השדה בלי תוספת,גרמים,550.00,100 גרם,false,,8.90,0.0162,true,1,2258413
7290018359716,false,רוטב עגבניות פיצה טוסקנה 240 גרם יכין,"זנלכל בע""מ",IL,רוטב פיצה טוסקנה 240,גרמים,240.00,100 גרם,false,,5.50,0.0229,true,1,2285904
7290018359877,false,רסק עגבניות טבעי מארז שלישייה,יכין,IL,רסק עגבניות טבעי 3*2,גרמים,600.00,100 גרם,false,,12.90,0.0215,true,1,2333670
7290018380253,false,שימורי מזון מלא לכלבים בוגרים עם עוף,באדי Buddy,HU,מזון לכלב עם עוף,גרמים,415.00,100 גרם,false,,3.90,0.0094,true,1,2265766
7290018380260,false,"מזון לכלב עם כבד ""באדי"" 400 גרם",,HU,מזון לכלב עם כבד,גרמים,400.00,100 גרם,false,,3.90,0.0097,true,1,2276034
7290018380277,false,שימורים מזון מלא לכלבים בוגרים עם בשר אייל,באדי Buddy,HU,מזון לכלב עם בשר ציד,גרמים,415.00,100 גרם,false,,3.90,0.0094,true,1,2265767
7290018380307,false,"מזון לחתול עם בשר כבד ""באדי"" 400 גרם",באדי Buddy,HU,מזון לחתול עם בשר כב,גרמים,415.00,100 גרם,false,,3.90,0.0094,true,1,2265770
7290018380314,false,שימורי מזון מלא לחתולים עם דגים,באדי Buddy,HU,מזון לחתול עם דגים,גרמים,415.00,100 גרם,false,,3.90,0.0094,true,1,2265771
7290018380321,false,שימורי מזון מלא לחתולים עם בשר אייל,באדי Buddy,HU,מזון לחתול עם בשר צי,גרמים,415.00,100 גרם,false,,3.90,0.0094,true,1,2265772
7290018380628,false,צלפים שלמים עם גבעול בחומץ 370 גרם,,MA,צלפים שלמים עם גבעול,גרמים,370.00,100 גרם,false,,8.90,0.0241,true,1,2351725
7290018394021,false,פטריות מלך היער תקוע,חוות פטריות תקוע,IL,פטריות מלך היער,גרמים,200.00,100 גרם,false,,12.90,0.0645,true,1,2298083
7290018394038,false,פיטריות שיטאקי מיובשות חוות תקוע,חקלאי,IL,פטריות שיטאקי מיובשו,גרמים,25.00,100 גרם,false,,7.90,0.3160,true,1,2268900
7290018394083,false,שום פנינה תקוע 200 ג,חקלאי,IL,שום פנינה,גרמים,200.00,100 גרם,false,,9.90,0.0495,true,1,2327547
7290018400234,false,גרגירי חומוס 800 גרם סנפרוסט,סנפרוסט,IL,חומוס לחומוס גרגירי,גרמים,800.00,100 גרם,false,,19.90,0.0249,true,1,2279069
7290018400609,false,פיאסטה מקסיקנית סנפרוסט 800 גרם,"סנפרוסט בע""מ",IL,לקט ירקות פיאסטה מקס,גרמים,800.00,100 גרם,false,,21.90,0.0274,true,1,2263539
7290018400647,false,סמודיז בננה תמר סנפרוסט 300 גרם,"סנפרוסט בע""מ",IL,בננה תמר מוקפא,גרמים,300.00,100 גרם,false,,12.90,0.0430,true,1,2292713
7290018400807,false,טברנה יוונית סנפרוסט 800 גרם,"סנפרוסט בע""מ",IL,לקט ירקות טברנה יוונ,גרמים,800.00,100 גרם,false,,21.90,0.0274,true,1,2263540
7290018440070,false,תרכיז עגבניות בשפורפרת 28BX בלה איטליה 200 ג',בלה איטליה Bella Italia,IT,תרכיז עגבניות בשפורפ,גרמים,200.00,100 גרם,false,,7.90,0.0395,true,1,2269248
7290018440209,false,פליפז בייגלה בציפוי פאדג' לבן 140 גרם,שוורצקוף& הנקל דיסלד,TR,בייגלה בציפוי פאדג',גרמים,140.00,100 גרם,false,,8.90,0.0636,true,1,2272500
7290018440223,false,חווית הצ'אי- מסאלה עוצמתי,תה ויסוצקי,IL,צאי מסאלה,גרמים,50.00,100 גרם,false,,17.90,0.3580,true,1,2323293
7290018440230,false,צ'אי ורדים 25 שק' ויסוצקי,תה ויסוצקי,IL,צאי מסאלה,גרמים,50.00,100 גרם,false,,17.90,0.3580,true,1,2323294
7290018440247,false,צ'אי שקדים 25 שק' ויסוצקי,תה ויסוצקי,IL,צאי מסאלה,גרמים,50.00,100 גרם,false,,17.90,0.3580,true,1,2323295
7290018440254,false,צ'אי קרמל מלוח 25 שק' ויסוצקי,תה ויסוצקי,IL,צאי מסאלה,גרמים,50.00,100 גרם,false,,17.90,0.3580,true,1,2323296
7290018440384,false,תה ירוק מאטה לימון נענע 25 שק' ויסוצקי,תה ויסוצקי,IL,תה ירוק מאטה לימון נ,גרמים,37.50,100 גרם,false,,22.90,0.6107,true,1,2322114
7290018440391,false,תה ירוק מאטה נענע גוארנה 25 שק' ויסוצקי,תה ויסוצקי,IL,תה ירוק מאטה נענע גו,גרמים,37.50,100 גרם,false,,22.90,0.6107,true,1,2322115
7290018440407,false,מאטה תה ירוק מאטה בטעם קקאו ואגוזי לוז,תה ויסוצקי,IL,תה ירוק מאטה קקאו לו,גרמים,37.50,100 גרם,false,,22.90,0.6107,true,1,2322116
7290018440438,false,טונה קאלוו איזי פליפ בשמן 65 גר*3,קאלבו קונסרבס ס.ל.ו,ES,טונה EASY FLIP בשמן,יחידה,0.00,יחידה,false,,22.90,0.0000,true,1,2364922
7290018440445,false,טונה קאלוו בשמן זית 160 גר,קאלבו קונסרבס ס.ל.ו,ES,טונה בשמן זית 160 גר,יחידה,0.00,יחידה,false,,13.90,0.0000,true,1,2364923
7290018440483,false,פליפז בייגלה מצופה בקרמל מלוח ושוקולד 140 גרם,שוורצקוף& הנקל דיסלד,TR,בייגלה מצופה שוקולד,גרמים,140.00,100 גרם,false,,8.90,0.0636,true,1,2309432
7290018440490,false,סלט טונה קאלוו עם קוסקוס 150 גר,קאלבו קונסרבס ס.ל.ו,ES,סלט טונה עם קוסקוס-,יחידה,0.00,יחידה,false,,11.90,0.0000,true,1,2364924
7290018440513,false,סלט קליפורנייה קאלוו עם טונה 150 גר,קאלבו קונסרבס ס.ל.ו,ES,סלט קליפורניה עם טונ,יחידה,0.00,יחידה,false,,11.90,0.0000,true,1,2364926
7290018440520,false,סלט טונה קאלוו מקסיקני 150 גר,קאלבו קונסרבס ס.ל.ו,ES,סלט טונה מקסיקני- 15,יחידה,0.00,יחידה,false,,11.90,0.0000,true,1,2364927
7290018440896,false,חליטת צמחים ג'ינג'ר וכורכום - אפקט הג'ינג'ר,תה ויסוצקי,IL,חליטת ג'ינג'ר וכרכום,גרמים,50.00,100 גרם,false,,17.90,0.3580,true,1,2330024
7290018471029,false,"סודה בטעם לימון - מארז 6 בקבוקים 500 מ""ל",יפאורה תבורי בעמ,IL,שוופס סודה לימון שיש,ליטרים,3.00,ליטר,false,,14.90,4.9667,true,1,2266873
7290018471197,false,משקה פרוט& ווג' תפוח בננה מלון 1 ליטר,פרוט אנד וג' Fruit & Veg,IL,משקה קל תפוח בננה מל,ליטרים,1.00,100 ליטר,false,,12.90,12.9000,true,1,2286239
7290018471210,false,קרטונית נקטר ספרינג תפוח סברס 1 ליטר,"יפאורה תבורי בע""מ",IL,ספרינג אגס סברס תפוח,ליטרים,1.00,ליטר,false,,6.60,6.6000,true,1,2286240
7290018471449,false,קרטונית ספרינג שייק בננה תמר תפוז 1 ליטר,"יפאורה תבורי בע""מ",IL,ספרינג שייק 1 ליטר ב,ליטרים,1.00,ליטר,false,,12.60,12.6000,true,1,2305028
7290018471463,false,תפוזינה נקטר תפוז מנגו קרטונית 1 ליטר,"יפאורה תבורי בע""מ",IL,תפוזינה נקטר תפוז מנ,ליטרים,1.00,ליטר,false,,6.60,6.6000,true,1,2292370
7290018471487,false,תפוזינה נקטר תפוז אננס קרטונית 1 ליטר,"יפאורה תבורי בע""מ",IL,תפוזינה נקטר תפוז אנ,ליטרים,1.00,ליטר,false,,6.60,6.6000,true,1,2292372
7290018471906,false,שוופס מוגז פירות לימונדה ורודה 1.5 ליטר פיקדון,"יפאורה תבורי בע""מ",IL,שוופס מוגז 1.5 ליטר,ליטרים,1.50,ליטר,false,,9.50,6.3333,true,1,2324823
7290018471913,false,שוופס מוגז פירות תפוחים 1.5 ליטר-,"יפאורה תבורי בע""מ",IL,שוופס תפוח מוגז 1.5,ליטרים,1.50,ליטר,false,,9.50,6.3333,true,1,2324824
7290018471944,false,שוופס מוגז פירות לימונייד 1.5 ליטר פיקדון,"יפאורה תבורי בע""מ",IL,שוופס מוגז 1.5 ליטר,ליטרים,1.50,ליטר,false,,9.50,6.3333,true,1,2324827
7290018471951,false,שוופס מוגז פירות אשכולית אדומה 1.5 ליטר פיקדון,"יפאורה תבורי בע""מ",IL,שוופס אשכולית אדומה,ליטרים,1.50,ליטר,false,,9.50,6.3333,true,1,2324828
7290018493045,false,"קרם ידיים מועשר בשמן קוקוס ד""ר פישר 100 מ""ל",מדי פישר,IL,קרם ידיים אפקטיב קר,מיליליטרים,100.00,"100 מ""ל",false,,11.90,0.1190,true,1,2356799
7290018493052,false,"ד""ר פישר - אפקטיב קר קרם ידיים מועשר בשמן אבוקדו 100 מ""ל","ד""ר פישר",,קרם ידיים אפקטיב קר,מיליליטרים,100.00,"100 מ""ל",false,,11.90,0.1190,true,1,2356800
7290018493069,false,ד.פישר אפקטיב קר קרם ידיים שמן כותנה,מדי פישר,IL,קרם ידיים אפקטיב קר,מיליליטרים,100.00,"100 מ""ל",false,,11.90,0.1190,true,1,2356801
7290018493144,false,"ד""ר פישר אל סבון נוזלי לידיים קמיל ש ארגן 1 ל'",פישר תעשיות,IL,קמיל קלין אל סבון 1,ליטרים,1.00,ליטר,false,,15.90,15.9000,true,1,2270882
7290018493748,false,"ד""ר פישר - מגבונים להסרת איפור אקסטרה סופט 30 יח' * 3",פישר תעשיות,IL,מגבונים להסרת איפור,יח',90.00,יח',false,,21.90,0.2433,true,1,2323108
7290018493915,false,"ד""ר פישר - שמן גוף לתינוק מעושר בשמן שקדים 200 מ""ל",מדי פישר,IL,שמן תינוקות קמיל בלו,מיליליטרים,200.00,"100 מ""ל",false,,14.90,0.0745,true,1,2356811
7290018493977,false,אל סבון קמיל בלו בתמצית שיבולת שועל 1 ל,מדי פישר,IL,קמיל בלו אל סבון מו,ליטרים,1.00,ליטר,false,,15.90,15.9000,true,1,2297571
7290018516041,false,פרמיו דליקט עוף לחתול,פרמיו Premio,CN,פרמיו דליקט עוף 56גר,גרמים,56.00,100 גרם,false,,9.90,0.1768,true,1,2372085
7290018516324,false,פאוץ תפוח ושבולת שועל 120 ג' פירונק,פרוטה פודווין איי.אס,CZ,חטיפטף פרינוק תפוח ו,גרמים,120.00,100 גרם,false,,5.90,0.0492,true,1,2323052
7290018516348,false,מחית פרינוק פאוץ' שיבולת שועל סלט פירות 120 גרם,פרוטה פודווין איי.אס,CZ,חטיפטף פרינוק סלט פי,גרמים,120.00,100 גרם,false,,5.90,0.0492,true,1,2323059
7290018516355,false,מחיט תפוח עץ ושבולות שועל 190 ג' פרינוק גוניור,פרוטה פודווין איי.אס,CZ,מחית פרינוק תפע+ש.שו,גרמים,190.00,100 גרם,false,,5.90,0.0311,true,1,2327538
7290018516362,false,מחיט תפוח עץ בננה ושבולות שועל 190 ג' פרינוק גוניור,פרוטה פודווין איי.אס,CZ,מחית פרינוק בננה+ש.ש,גרמים,190.00,100 גרם,false,,5.90,0.0311,true,1,2327539
7290018516379,false,מחיט סלט פירות ושבולות שועל 190 ג' פרינוק גוניור,פרוטה פודווין איי.אס,CZ,מחית ג'וניות סלט פיר,גרמים,190.00,100 גרם,false,,5.90,0.0311,true,1,2327540
7290018516768,false,פרמיו פטה עוף לחתלתו,,,פרמיו פטה עוף לחתלתו,גרמים,400.00,100 גרם,false,,5.90,0.0148,true,1,2377886
7290018516782,false,פרמיו פטה בקר וכבד ל,,,פרמיו פטה בקר וכבד ל,גרמים,400.00,100 גרם,false,,5.90,0.0148,true,1,2375839
7290018516942,false,"פרמיו סופרים עופות לכלב בוגר 3 ק""ג",פרמיו Premio,,פרמיו סופרים עופות ל,קילוגרמים,3.00,"ק""ג",false,,59.90,19.9667,true,1,2372403
7290018516966,false,פרמיו סופרים עופות לכלב בוגר,פרמיו Premio,,פרמיו סופרים עופות ל,קילוגרמים,3.00,"ק""ג",false,,59.90,19.9667,true,1,2372405
7290018571071,false,"טופי פספסים 450 גרם ""מיה""",מיה תעשיות מזון בעמ,IL,טופי פספסים,גרמים,450.00,100 גרם,false,,22.90,0.0509,true,1,2345621
7290018571088,false,"טופי חמוצמוץ 600 גרם ""מיה""",מיה תעשיות מזון בעמ,IL,סוכריות בטעם פירות,גרמים,600.00,100 גרם,false,,22.90,0.0382,true,1,2286217
7290018571415,false,מיה לקקנים מולטיקולור תות בננה 220 גרם,,IL,לקקנים תות בננה,גרמים,220.00,100 גרם,false,,7.90,0.0359,true,1,2345471
7290018571422,false,מיה-לקקנים מולטיקולור מיקס 65 יחידות,מיה תעשיות מזון בעמ,IL,לקקנים מיקס,"י""ח",65.00,"י""ח",false,,22.90,0.3523,true,1,2345480
7290018571620,false,סוכריות ג'לי מולטי ויטמין עם מינרליים WOMEN ENERGY,מיה תעשיות מזון בעמ,IL,סוכריות מולטי ויטמין,גרמים,240.00,100 גרם,false,,29.90,0.1246,true,1,2375956
7290018571637,false,סוכריות ג'לי מולטי ויטמין עם מינרליים MEN ENERGY,מיה תעשיות מזון בעמ,IL,סוכריות מולטי ויטמין,גרמים,220.00,100 גרם,false,,29.90,0.1359,true,1,2375957
7290018571682,false,תערובת לתיבול גריל ע,,,תערובת לתיבול גריל ע,גרמים,300.00,100 גרם,false,,29.90,0.0997,true,1,2345279
7290018571705,false,"אורז יסמין 1 ק""ג מיה.",,IL,אורז יסמין 1 קג,קילוגרמים,1.00,"ק""ג",false,,12.90,12.9000,true,1,2360930
7290018571712,false,"אורז פרסי 1 ק""ג מיה.",,IL,אורז פרסי 1 קג,קילוגרמים,1.00,"ק""ג",false,,12.90,12.9000,true,1,2360931
7290018571729,false,"אורז ריזוטו עגול 1 ק""ג מיה.",,IL,אורז ריזוטו עגול,קילוגרמים,1.00,"ק""ג",false,,9.90,9.9000,true,1,2360938
7290018571736,false,אורז בסמטי הודי 1ק''ג,,IL,אורז בסמטי 1 קג,קילוגרמים,1.00,"ק""ג",false,,12.90,12.9000,true,1,2360932
7290018652671,false,"לה קרמריה שוקולד וניל 1.4 ליטר [תו אי""ל]",גלידות נסטלה,IL,גלידה ל'קרמריה שוקול,ליטרים,1.40,ליטר,false,,20.90,14.9286,true,1,2351933
7290018652688,false,לה קרמריה טרופי ופירות אדומים 1.4 ל' נסטלה,גלידות נסטלה,IL,גלידה ל'קרמריה סורבה,ליטרים,1.40,ליטר,false,,20.90,14.9286,true,1,2351934
7290018652886,false,נסטלה מאגדת מצופים שוקו בננה 8 יח',גלידות נסטלה,IL,מאגדת מצופים שוקו בנ,יח',8.00,יח',false,,27.90,3.4875,true,1,2351970
7290018652909,false,מאגדת מאגנום קפה שוקולד ופקאן 5 *43 ג' נסטלה,גלידות נסטלה,IL,מאגדת קפה שוקולד ופא,"י""ח",5.00,"י""ח",false,,29.90,5.9800,true,1,2352216
7290018652923,false,מאגדת תות עוגת גבינה שוקולד 5 *43 ג' נסטלה,גלידות נסטלה,IL,מאגדת עוגת גבינה ותו,יח',5.00,יח',false,,29.90,5.9800,true,1,2351963
7290018677087,false,"קרם קוקוס לל""ג אורגני נוטרה זן 1 ליטר",,LK,קרם קוקוס נוטרה זן 1,מיליליטרים,1000.00,"100 מ""ל",false,,19.90,0.0199,true,1,2344008
7290018703083,false,חטיף חלבון דאבל שוקולד קראנץ 60 ג' פראוד,פראוד PROUD,NL,חטיף פרוטאין דאבל ש,גרמים,60.00,100 גרם,false,,10.90,0.1817,true,1,2352304
7290018703229,false,חטיף חלבון שוקולד אגוזים פראוד 60 גרם,פראוד,,חטיף פרוטאין טבעוני,גרמים,60.00,100 גרם,false,,10.90,0.1817,true,1,2352305
7290018703243,false,חטיף חלבון קרמל קראנצ פראוד 60 גרם,פראוד,,חטיף פרוטאין טבעוני,גרמים,60.00,100 גרם,false,,10.90,0.1817,true,1,2352306
7290018708118,false,בארכה חלבה וניל פיסטוק ללא סוכר 350 ג,,,חלבה וניל פיסטוק ללא,גרמים,350.00,100 גרם,false,,15.90,0.0454,true,1,2325563
7290018724804,false,"זרעי צ'יה ""נטורלה"" 230 גרם",,IL,זרעי צ'יה נטורלה,גרמים,230.00,100 גרם,false,,13.90,0.0604,true,1,2269053
7290018724897,false,פירורי לחם ללא גלוטן 300 גרם אביב ירוק,,IL,פירורי לחם נטורלה לל,גרמים,300.00,100 גרם,false,,12.90,0.0430,true,1,2344009
7290018732007,false,אבוקדו אס -גרנות,,,אבוקדו אס -גרנות,גרמים,600.00,100 גרם,false,,9.90,0.0165,true,1,2377429
7290018825020,false,תפוח אדמה גורמה דוד משה,משתנה,IL,תפוח אדמה גורמה,קילוגרמים,1.00,"ק""ג",true,,5.90,5.9000,true,1,2319419
7290018825228,false,תפוחי אדמה אדום ארוז,חקלאי,IL,תפוחי אדמה אדום ארוז,קילוגרמים,1.00,"ק""ג",true,,5.90,5.9000,true,1,2319424
7290018825822,false,תפוא לבן ארוז דוד מש,חקלאי,IL,תפוחי אדמה לבן ארוז,קילוגרמים,1.00,"ק""ג",true,,4.90,4.9000,true,1,2319425
7290018879658,false,שוקולד צ'יפס מריר 45% 250ג'*16בקרט,כרמית,IL,שוקולד ציפס מריר 45%,גרמים,250.00,100 גרם,false,,12.90,0.0516,true,1,2331999
7290018893005,false,"חטיפי בייגלה אפוי בטעם חרדל ודבש, 160 גרם",צ'וקטה Chocketa,RO,חטיף בייגלה אפוי בטע,גרמים,160.00,100 גרם,false,,6.90,0.0431,true,1,2322742
7290018893036,false,עוגיות סנדוויץ' בטעם שוקולד ממולאות קרם בטעם וניל,צ'וקטה Chocketa,ES,עוגיות סנדוויץ בטעם,גרמים,176.00,100 גרם,false,,6.90,0.0392,true,1,2322719
7290018893098,false,צ'וקטה ביסקוויט מצופה שוקולד חלב 100 גרם,דיסטרופר אוליבייר,ES,עוגיות מצופות בשוקול,גרמים,100.00,100 גרם,false,,10.90,0.1090,true,1,2327921
7290018893104,false,צ'וקטה ביסקוויט מצופה שוקולד מריר 100 גרם,דיסטרופר אוליבייר,ES,עוגיות מצופות בשוקול,גרמים,100.00,100 גרם,false,,10.90,0.1090,true,1,2327922
7290018893111,false,צ'וקטה שוקולד מריר בלגי 70% 100 גרם משולש K,צ'וקטה Chocketa,BE,שוקולד מריר בלגי 70%,גרמים,100.00,100 גרם,false,,8.90,0.0890,true,1,2332301
7290018893135,false,מקלות אפויים בתוספת מלח Salty,צ'וקטה Chocketa,US,גריסיני צ'וקטה מלח 1,גרמים,120.00,100 גרם,false,,7.90,0.0658,true,1,2356667
7290018893142,false,צ'וקטה גריסיני בתוספת שמן זית 120 גרם,צ'וקטה Chocketa,US,גריסיני צ'וקטה שמן ז,גרמים,120.00,100 גרם,false,,7.90,0.0658,true,1,2356668
7290018893258,false,צוקטה עוגות אישיות במילוי קרמל 10*30 גר,פרדי קונדיטוריה אס.פ,IT,צוקטה עוגות אישיות.,גרמים,300.00,100 גרם,false,,14.90,0.0497,true,1,2309180
7290018893265,false,צ'וקטה עוגות אישיות מריר במילוי קרם 240 ג',פרדי קונדיטוריה אס פ,IT,צוקטה עוגות אישיות.,גרמים,240.00,100 גרם,false,,14.90,0.0621,true,1,2309172
7290018893272,false,צ'וקטה בונבוניירה צדפות בלגי 125 גרם,צ'וקטה Chocketa,BE,בונבוניירה צדפות בלג,גרמים,125.00,100 גרם,false,,9.90,0.0792,true,1,2322743
7290018893289,false,עוגות מגולגלות בטעם קקאו - 6 יחידות במארז,צ'וקטה Chocketa,IL,צוקטה עוגות מגולגלות,גרמים,222.00,100 גרם,false,,9.90,0.0446,true,1,2323140
7290018893296,false,עוגיות חמאה מצופות שוקולד חלב בעיטור שוקולד לבן,דיסטרופר אוליבייר,RO,עוגיות מיני חמאה מצו,גרמים,100.00,100 גרם,false,,10.90,0.1090,true,1,2325915
7290018893319,false,צ'וקטה שוקולד מריר בלגי 85% 100 גרם,צ'וקטה Chocketa,BE,שוקולד מריר בלגי 85%,גרמים,100.00,100 גרם,false,,8.90,0.0890,true,1,2332303
7290018893340,false,מקלות אפויים בתוספת שומשום Salty,צ'וקטה Chocketa,US,גריסיני צ'וקטה שומשו,גרמים,120.00,100 גרם,false,,7.90,0.0658,true,1,2356669
7290018893418,false,שוקולד מריר 60% מארז 6 יח' *100 ג' צ'וקטה,צ'וקטה Chocketa,,שוקולד מריר 60% שישי,גרמים,600.00,100 גרם,false,,19.90,0.0332,true,1,2322754
7290018893449,false,צוקטה סטרופוופל במילוי קרמל 175 גרם,ארלוי אס.אל.יו.,IN,וופל במילוי קרמל צוק,גרמים,175.00,100 גרם,false,,10.90,0.0623,true,1,2323509
7290018893456,false,צוקטה עוגות אישיות במילוי קרם ובציפוי בטעם שוקולד,פרדי קונדיטוריה אס.פ,IT,צוקטה עוגות אישיות.,גרמים,300.00,100 גרם,false,,14.90,0.0497,true,1,2309173
7290018893487,false,צוקטה עוגות אישיות בטעם קוקוס-350 גרם,פרדי קונדטוריה אס פי,IT,צוקטה עוגות אישיות.,גרמים,350.00,100 גרם,false,,14.90,0.0426,true,1,2323141
7290018893494,false,עלי וופל דקים בטעם חמאה ציוקטה 100 גר,דיסטרופר אוליבייר,NL,עלי וופל דקים בטעם ח,גרמים,100.00,100 גרם,false,,10.90,0.1090,true,1,2322758
7290018893500,false,צ'וקטה עוגיות סנדביץ שוקו 180 גרם חלב נכרי,צ'וקטה Chocketa,ES,עוגיות סנדביץ שוקו צ,גרמים,180.00,100 גרם,false,,6.90,0.0383,true,1,2327923
7290018893616,false,מארז צוקטה שוקולד מריר 48% 6*100 גר,איברקקאו,ES,שישיית שוקולד מריר צ,גרמים,600.00,100 גרם,false,,19.90,0.0332,true,1,2322760
7290018893661,false,עוגות אישיות במילוי קרם קקאו ציפוי בטעם שוקולד מריר,פרדי קונדיטוריה אס פ,IT,צוקטה עוגות אישיות,גרמים,240.00,100 גרם,false,,14.90,0.0621,true,1,2309174
7290018893708,false,עוגיות סנדוויץ' במילוי קרם בטעם שוקולד,צ'וקטה Chocketa,ES,עוגיות סנדווי'ץ במיל,גרמים,250.00,100 גרם,false,,10.90,0.0436,true,1,2327929
7290018893753,false,צוקטה וופל חמאה בטעם לימון 100 גרם,שסטוביץ,BE,וופל חמאה בטעם לימון,גרמים,100.00,100 גרם,false,,10.90,0.1090,true,1,2361523
7290018893807,false,מארז שוקולד מריר 60% קקאו צוקטה 3*100 ג,צ'וקטה Chocketa,ES,שוקולד מריר 60% שליש,גרמים,300.00,100 גרם,false,,11.90,0.0397,true,1,2322762
7290018893814,false,צ'וקטה חמישיית שוקולד מריר 48%,הדקלאים אגודת שיתופי,ES,שוקולד מריר 48% אריז,גרמים,500.00,100 גרם,false,,17.90,0.0358,true,1,2322763
7290018893845,false,פתי בר צוקטה ביסקוויט בטעם חמאה 400 גר,צ'וקטה Chocketa,ES,ביסקוויט בטעם חמאה,גרמים,400.00,100 גרם,false,,6.90,0.0173,true,1,2322745
7290018893876,false,עוגות אישיות רכות עם מילוי קרם בטעם וניל,פרדי קונדיטוריה אס.פ,IT,צוקטה עוגות אישיות.,גרמים,200.00,100 גרם,false,,14.90,0.0745,true,1,2309181
7290018893906,false,עוגיות סנדוויץ' במילוי קרם בטעם וניל,צ'וקטה Chocketa,ES,עוגיות סנדווי'ץ במיל,גרמים,250.00,100 גרם,false,,10.90,0.0436,true,1,2327930
7290018893951,false,צ'וקטה וופל חמאה קינמון 100 גרם,,,עוגיות וופל חמאה וקי,גרמים,100.00,100 גרם,false,,10.90,0.1090,true,1,2363303
7290018894002,false,קוביות וופל במילוי קרם קקאו - חלבי,בלקוני Balconi,IT,וופל קוביות קקאו בלק,גרמים,250.00,100 גרם,false,,11.90,0.0476,true,1,2333907
7290018894019,false,עוגות אישיות במילוי קרם חלבי ובציפוי קרם קקאו,בלקוני Balconi,IT,עוגות מיקס מקס חלב ב,גרמים,350.00,100 גרם,false,,14.90,0.0426,true,1,2334171
7290018894040,false,שוקולד חלב חמישייה צ,נטרה,FR,שוקולד חלב 1/5 100גר,גרמים,100.00,100 גרם,false,,19.90,0.1990,true,1,2376659
7290018894200,false,בלקוני וופל קוביות וניל 250 גרם,בלקוני Balconi,IT,וופל קוביות וניל בלק,גרמים,250.00,100 גרם,false,,11.90,0.0476,true,1,2333908
7290018894217,false,עוגות אישיות במילוי קרם קקאו ובציפוי קרם קקאו,בלקוני Balconi,IT,עוגות מיקס מקס קקאו,גרמים,350.00,100 גרם,false,,14.90,0.0426,true,1,2334172
7290018894248,false,צ'וקטה - שוקולד חלב שלישייה 3 * 100 גרם,צ'וקטה Chocketa,FR,שוקולד חלב שלישייה צ,גרמים,300.00,100 גרם,false,,11.90,0.0397,true,1,2372589
7290018894408,false,קוביות וופל במילוי קרם אגוזי לוז - חלבי,בלקוני Balconi,IT,וופל קוביות אגוזים ב,גרמים,250.00,100 גרם,false,,11.90,0.0476,true,1,2333909
7290018894606,false,בלקוני וופל קקאו 175 גרם חלבי OU,בלקוני Balconi,IT,וופל קקאו בלקוני 175,גרמים,175.00,100 גרם,false,,7.90,0.0451,true,1,2333910
7290018894804,false,וופלים במילוי קרם אגוזי לוז - חלבי,בלקוני Balconi,IT,וופל אגוזים בלקוני 1,גרמים,175.00,100 גרם,false,,7.90,0.0451,true,1,2333911
7290018921029,false,"ד""ר פישר - קמיל בלו מגבוני סנסיטיב 64 יח' * 4",פישר תעשיות,IL,רביעיית מגבוני קמיל,64 יח',256.00,64 יח',false,,17.90,0.0699,true,1,2330254
7290018921203,false,"קמיל בלו קרם החתלה קמומיל 120 ג' ד""ר פישר",פישר תעשיות,IL,משחה לתינוק קמיל בלו,גרמים,120.00,100 גרם,false,,18.90,0.1575,true,1,2369840
7290018921654,false,"ד""ר פישר - אפקטיב קר תחליב רחצה תמצית לוונדר 700 מ""ל","ד""ר פישר Dr fischer",IL,תחליב רחצה אפקטיב קר,מיליליטרים,700.00,"100 מ""ל",false,,12.90,0.0184,true,1,2330247
7290018921753,false,"אל סבון לתחושת רעננות לבנדר קמיל ד""ר פישר 1 ל""",פישר תעשיות,IL,קמיל בלו אל סבון 1,ליטרים,1.00,ליטר,false,,15.90,15.9000,true,1,2323128
7290018921807,false,"קמיל בלו משחת החתלה צמחי מרפא 120 ג' ד""ר פישר",פישר תעשיות,IL,פסטה קמיל בלו קרם צמ,גרמים,120.00,100 גרם,false,,21.90,0.1825,true,1,2369847
7290018925065,false,מיץ פרימור תפוזים סחוט 2 ליטר-,"גניר (1992) בע""מ",IL,מיץ תפוזים סחוט 2 לי,ליטרים,2.00,ליטר,false,,26.90,13.4500,true,1,2323005
7290018925089,false,"מיץ פרימור תפו""ע צלול סחוט 2 ליטר-","גניר (1992) בע""מ",IL,מיץ תפוחים צלול 2 לי,ליטרים,2.00,ליטר,false,,26.90,13.4500,true,1,2323007
7290018925096,false,משקה קל תפוזים 1.5 ל' פרימור,פרימור,IL,משקה קל תפוזים 1.5 ל,ליטרים,1.50,ליטר,false,,7.90,5.2667,true,1,2322314
7290018925102,false,משקה קל ענבים 1.5 ל' פרימור,פרימור,IL,משקה קל ענבים 1.5 לי,ליטרים,1.50,ליטר,false,,7.90,5.2667,true,1,2322315
7290018925126,false,משקה קל תפוחי עץ 1.5ל' פרימור,פרימור,IL,משקה קל תפוחי עץ 1.,ליטרים,1.50,ליטר,false,,7.90,5.2667,true,1,2322317
7290018925140,false,משקה קל אשכוליות 1.5ל' פרימור,פרימור,IL,משקה קל אשכוליות 1.5,ליטרים,1.50,ליטר,false,,7.90,5.2667,true,1,2322318
7290018925164,false,משקה קל תות-בננה 1.5ל' פרימור,פרימור,IL,משקה קל תות בננה 1.5,ליטרים,1.50,ליטר,false,,7.90,5.2667,true,1,2322319
7290018925409,false,"מיץ לימון ואננס 400 מ""ל פרימור","גניר בע""מ",IL,מיץ לימון ואננס 400,מיליליטרים,400.00,"100 מ""ל",false,,7.90,0.0197,true,1,2357274
7290018989005,false,שלישיית פולפה עגבניות טבעי יכין 400X3 גרם,זנלכל,IL,שימורי עגבניות פולפה,גרמים,1200.00,100 גרם,false,,16.90,0.0141,true,1,2333671
7290019015697,false,רצועת רחצה מסיבים מס,,,רצועת רחצה,יחידה,0.00,יחידה,false,,14.90,0.0000,true,1,2364953
7290019015703,false,כפפת רחצה הידרופילית,,,כפפת רחצה,יחידה,0.00,יחידה,false,,19.90,0.0000,true,1,2364954
7290019015710,false,מטלית רחצה הידרופילית,,,מטלית רחצה,יחידה,0.00,יחידה,false,,19.90,0.0000,true,1,2364955
7290019035060,false,חצאי משמש קפוא פילד,דה נייל אג'יפטיאן פו,PL,חצאי משמש קפואים 500,גרמים,500.00,100 גרם,false,,11.90,0.0238,true,1,2355119
7290019035091,false,רימון קפוא פילד גוד,דה נייל אג'יפטיאן פו,EG,רימון 500 גרם ארוז,גרמים,500.00,100 גרם,false,,11.90,0.0238,true,1,2355108
7290019035244,false,מיקס פירות בננה פסיפ,קונגלדוס אקיואטוריאנ,RS,מיקס פירות קפואים 4*,גרמים,600.00,100 גרם,false,,29.90,0.0498,true,1,2355129
7290019056027,false,שוופס מוגז פירות תפוחים ללא סוכר 1.5 ליטר פיקדון,"יפאורה תבורי בע""מ",IL,שוופס מוגז תפוחים לל,ליטרים,1.50,ליטר,false,,8.90,5.9333,true,1,2324829
7290019056034,false,שוופס מוגז פירות אננס ללא סוכר 1.5 ליטר פיקדון,יפאורה תבורי,IL,שוופס מוגז אננס ללא,ליטרים,1.50,ליטר,false,,8.90,5.9333,true,1,2324830
7290019056041,false,שוופס מוגז פירות לימונייד ללא סוכר 1.5 ליטר פיקדון,יפאורה תבורי,IL,שוופס מוגז פירות ללא,ליטרים,1.50,ליטר,false,,8.90,5.9333,true,1,2324831
7290019056058,false,שוופס מוגז עדין תפוח ליים 1.5 ליטר פיקדון,"יפאורה תבורי בע""מ",IL,שוופס מוגז עדין 1.5,ליטרים,1.50,ליטר,false,,8.90,5.9333,true,1,2324813
7290019056065,false,שוופס מוגז עדין פירות יער 1.5 ליטר פיקדון,"יפאורה תבורי בע""מ",IL,שוופס מוגז עדין 1.5,ליטרים,1.50,ליטר,false,,8.90,5.9333,true,1,2324814
7290019056072,false,שוופס מוגז עדין אננס 1.5 ליטר פיקדון,מיוצר עי קונדיטוריית,IL,שוופס מוגז עדין 1.5,ליטרים,1.50,ליטר,false,,8.90,5.9333,true,1,2324815
7290019056089,false,שוופס מוגז עדין ענבי ריזלינג 1.5 ליטר פיקדון,"יפאורה תבורי בע""מ",IL,שוופס ריזלינג מוגז ע,ליטרים,1.50,ליטר,false,,8.90,5.9333,true,1,2324816
7290019056096,false,שוופס מוגז עדין אפרסק 1.5 ליטר פיקדון,"יפאורה תבורי בע""מ",IL,שוופס מוגז עדין 1.5,ליטרים,1.50,ליטר,false,,8.90,5.9333,true,1,2324832
7290019056119,false,שוופס סודה 1.5 ליטר פיקדון,"יפאורה תבורי בע""מ",IL,סודה שוופס 1.5 ליטר,ליטרים,1.50,ליטר,false,,3.20,2.1333,true,1,2324776
7290019056126,false,שוופס סודה לימון 1.5 ליטר בק' בודד פיקדון,"יפאורה תבורי בע""מ",IL,שוופס סודה לימון 1.5,ליטרים,1.50,ליטר,false,,3.20,2.1333,true,1,2324789
7290019056133,false,שוופס סודה נענע ליים 1.5 ליטר בק' בודד,"יפאורה תבורי בע""מ",IL,סודה שוופס נענע ליים,ליטרים,1.50,ליטר,false,,3.20,2.1333,true,1,2324790
7290019056140,false,שוופס סודה למון גראס,"יפאורה תבורי בע""מ",IL,סודה שוופס לימון גרא,ליטרים,1.50,ליטר,false,,3.20,2.1333,true,1,2324791
7290019056157,false,שוופס סודה פירות יער 1.5 ליטר בק' בודד פיקדון,יפאורה תבורי,IL,סודה שוופס פירות יער,ליטרים,1.50,ליטר,false,,3.20,2.1333,true,1,2324817
7290019056164,false,שוופס סודה 1.5 ליטר רביעייה פיקדון,"יפאורה תבורי בע""מ",IL,מארז שוופס סודה 1.5,ליטרים,6.00,ליטר,false,,12.10,2.0167,true,1,2324777
7290019056171,false,שוופס סודה לימון 1.5 ליטר רביעייה פיקדון,"יפאורה תבורי בע""מ",IL,רביעית שוופס סודה לי,ליטרים,6.00,ליטר,false,,12.10,2.0167,true,1,2324792
7290019056188,false,שוופס סודה נענע ליים 1.5 ליטר רביעייה פיקדון,"יפאורה תבורי בע""מ",IL,מארז 4 יח' שוופס סוד,ליטרים,6.00,ליטר,false,,12.10,2.0167,true,1,2324793
7290019056195,false,שוופס סודה למון גראס ג'ינג'ר 1.5 ליטר רביעייה פיקדון,שוופס Schweppes,IL,מארז שוופס סודה למון,ליטרים,6.00,ליטר,false,,12.10,2.0167,true,1,2324794
7290019056201,false,שוופס סודה פירות יער 1.5 ליטר רביעייה פיקדון,"יפאורה תבורי בע""מ",IL,מארז 4 יח' שוופס סוד,ליטרים,6.00,ליטר,false,,12.10,2.0167,true,1,2324806
7290019056232,false,משקה מוגז בטעם ליים מוחיטו 1.5 ל' שוופס,"יפאורה תבורי בע""מ",IL,שוופס מוגז ליים מוחי,ליטרים,1.50,ליטר,false,,9.50,6.3333,true,1,2324833
7290019056249,false,שוופס מים בטעמים ענבים 1.5 ליטר פיקדון,מיוצר עי קונדיטוריית,IL,שוופס Water ענבים 1.,ליטרים,1.50,ליטר,false,,8.90,5.9333,true,1,2324761
7290019056263,false,שוופס מים בטעמים אפרסק 1.5 ליטר פיקדון,מיוצר עי קונדיטוריית,IL,שוופס Water אפרסק 1.,ליטרים,1.50,ליטר,false,,8.90,5.9333,true,1,2324763
7290019056270,false,שוופס מים בטעמים פירות יער 1.5 ליטר פיקדון,"יפאורה תבורי בע""מ",IL,שוופס Water פירות יע,ליטרים,1.50,ליטר,false,,8.90,5.9333,true,1,2324764
7290019056287,false,שוופס מים בטעמים אפרסק ללא סוכר 1.5 ליטר פיקדון,יפאורה-תבורי בעמ,IL,שוופס Water אפרסק לל,ליטרים,1.50,ליטר,false,,8.90,5.9333,true,1,2324765
7290019056300,false,משקה בטעם ביטר לימון 1.5 ל' שוויפס,"יפאורה תבורי בע""מ",IL,שוופס ביטר לימון 1.5,ליטרים,1.50,ליטר,false,,11.90,7.9333,true,1,2324840
7290019056317,false,שוופס ראשן 1.5 ליטר פיקדון,"יפאורה תבורי בע""מ",IL,שוופס RUSSCHIAN,ליטרים,1.50,ליטר,false,,11.90,7.9333,true,1,2324841
7290019056324,false,שוופס טוניק 1.5 ליטר פיקדון,"יפאורה תבורי בע""מ",IL,שוופס טוניק 1.5 ליטר,ליטרים,1.50,ליטר,false,,11.90,7.9333,true,1,2324842
7290019056331,false,שוופס טוניק ללא סוכר 1.5 ליטר פיקדון,מיוצר עי קונדיטוריית,IL,שוופס טוניק ללא סוכר,ליטרים,1.50,ליטר,false,,10.90,7.2667,true,1,2324848
7290019056355,false,תפוזינה לימונדה MIX לימונענע 1.5 ליטר,"יפאורה תבורי בע""מ",IL,תפוזינה 1.5 ליטר לימ,ליטרים,1.50,ליטר,false,,8.90,5.9333,true,1,2324708
7290019056362,false,תפוזינה ענבים 1.5 ליטר פיקדון,"יפאורה תבורי בע""מ",IL,תפוזינה 1.5 ליטר ענב,ליטרים,1.50,ליטר,false,,8.90,5.9333,true,1,2324709
7290019056379,false,תפוזינה תפוזים 1.5 ליטר פיקדון,"יפאורה תבורי בע""מ",IL,תפוזינה 1.5 ליטר תפו,ליטרים,1.50,ליטר,false,,8.90,5.9333,true,1,2324710
7290019056386,false,פתוזינה אשכולית 1.5 ליטר פיקדון,"יפאורה תבורי בע""מ",IL,תפוזינה 1.5 ליטר אשכ,ליטרים,1.50,ליטר,false,,8.90,5.9333,true,1,2324711
7290019056393,false,תפוזינה תות בננה 1.5 ליטר פיקדון,"יפאורה תבורי בע""מ",IL,תפוזינה 1.5 ליטר תות,ליטרים,1.50,ליטר,false,,8.90,5.9333,true,1,2324712
7290019056409,false,תפוזינה מנגו 1.5 ליטר פיקדון,"יפאורה תבורי בע""מ",IL,תפוזינה 1.5 ליטר מנג,ליטרים,1.50,ליטר,false,,8.90,5.9333,true,1,2324713
7290019056416,false,מיץ בטעם לימונדה ורודה 1.5 ל' תפוזינה,"יפאורה תבורי בע""מ",IL,תפוזינה 1.5 ליטר לימ,ליטרים,1.50,ליטר,false,,8.90,5.9333,true,1,2324714
7290019056430,false,תפוזינה תפוזים לייט 1.5 ליטר פיקדון,"יפאורה תבורי בע""מ",IL,תפוזינה 1.5 ליטר תפו,ליטרים,1.50,ליטר,false,,7.90,5.2667,true,1,2324716
7290019056447,false,תפוזינה אשכוליות לייט 1.5 ליטר פיקדון,"יפאורה תבורי בע""מ",IL,תפוזינה 1.5 ליטר אשכ,ליטרים,1.50,ליטר,false,,7.90,5.2667,true,1,2324717
7290019056454,false,משקה מוגז בטעם קולה 1.5 ל' אר סי,יפאורה תבורי,IL,RC קולה 1.5 ליטר,ליטרים,1.50,ליטר,false,,6.90,4.6000,true,1,2324865
7290019056478,false,ספרינג טי קר אפרסק 1.5ליטר פיקדון,"יפאורה תבורי בע""מ",IL,ספרינג TEA אפרסק 1.5,ליטרים,1.50,ליטר,false,,7.90,5.2667,true,1,2324740
7290019056485,false,ספריג תה ירוק לימון לואיזה 1.5 ליטר פיקדון,"יפאורה תבורי בע""מ",IL,ספרינג TEA תה ירוק ל,ליטרים,1.50,ליטר,false,,7.90,5.2667,true,1,2324741
7290019056492,false,ספרינג תה מנגו אפרסק 1.5 ליטר פיקדון,ספרינג טי Spring Tea,IL,ספרינג TEA תה מנגו א,ליטרים,1.50,ליטר,false,,7.90,5.2667,true,1,2324742
7290019056515,false,פרוט ווטר אננס 1.5 ליטר פיקדון,"יפאורה תבורי בע""מ",IL,משקה Fruit Water אננ,ליטרים,1.50,ליטר,false,,8.90,5.9333,true,1,2324750
7290019056522,false,פרוט ווטר תות 1.5 ליטר פיקדון,"יפאורה תבורי בע""מ",IL,משקה Fruit Water תות,ליטרים,1.50,ליטר,false,,8.90,5.9333,true,1,2324751
7290019056539,false,פרוט ווטר אפרסק 1.5 ליטר פיקדון,"יפאורה תבורי בע""מ",IL,משקה Fruit Water אפר,ליטרים,1.50,ליטר,false,,8.90,5.9333,true,1,2324752
7290019056546,false,פרוט ווטר אבטיח 1.5 ליטר פיקדון,"יפאורה תבורי בע""מ",IL,משקה Fruit Water אבט,ליטרים,1.50,ליטר,false,,8.90,5.9333,true,1,2324753
7290019056553,false,עין גדי מים מינרלים 2 ליטר*6 יח',עין גדי מים מינרליים,IL,עין גדי מים שישייה 2,ליטרים,12.00,ליטר,false,,12.70,1.0583,true,1,2324693
7290019056577,false,ספרינג מנגו 1.5 ליטר פיקדון,"יפאורה תבורי בע""מ",IL,ספרינג מנגו 1.5 ליטר,ליטרים,1.50,ליטר,false,,8.90,5.9333,true,1,2324694
7290019056584,false,ספרינג תפוזים 1.5 ליטר פיקדון,"יפאורה תבורי בע""מ",IL,ספרינג תפוזים 1.5 לי,ליטרים,1.50,ליטר,false,,8.90,5.9333,true,1,2324695
7290019056591,false,ספרינג ענבים 1.5 ליטר פיקדון,"יפאורה תבורי בע""מ",IL,ספרינג ענבים 1.5 ליט,ליטרים,1.50,ליטר,false,,8.90,5.9333,true,1,2324696
7290019056638,false,ספרינג תות בננה 1.5 ליטר פיקדון,"יפאורה תבורי בע""מ",IL,ספרינג תות בננה 1.5,ליטרים,1.50,ליטר,false,,8.90,5.9333,true,1,2324700
7290019056645,false,ספרחנג אגס תפוח סברס 1.5 ליטר פיקדון,"יפאורה תבורי בע""מ",IL,ספרינג אגס תפוח סברס,ליטרים,1.50,ליטר,false,,8.90,5.9333,true,1,2324701
7290019056652,false,ספרינג אננס בננה 1.5 ליטר פיקדון,"יפאורה תבורי בע""מ",IL,ספרינג אננס בננה 1.5,ליטרים,1.50,ליטר,false,,8.90,5.9333,true,1,2324702
7290019056669,false,ספרינג תפוחים גיאט 1.5 ליטר פיקדון,"יפאורה תבורי בע""מ",IL,ספרינג תפוחים דיאט 1,ליטרים,1.50,ליטר,false,,7.90,5.2667,true,1,2324718
7290019056676,false,מיץ דיאט בטעם אשכוליות ואננס 1.5ל' ספרינג,"יפאורה תבורי בע""מ",IL,ספרינג אשכוליות אננס,ליטרים,1.50,ליטר,false,,7.90,5.2667,true,1,2324719
7290019056720,false,קריסטל מיץ ענבים 2 ליטר פיקדון,יפאורה תבורי,IL,קריסטל ענבים,ליטרים,2.00,ליטר,false,,7.90,3.9500,true,1,2324849
7290019056744,false,קריסטל מיץ תפוזים 2 ליטר פיקדון,יפאורה תבורי,IL,קריסטל תפוזים,ליטרים,2.00,ליטר,false,,7.90,3.9500,true,1,2324851
7290019056751,false,קריסטל מיץ אשכוליות דיאט 2 ליטר פיקדון,יפאורה תבורי,IL,קריסטל דיאט אשכולית,ליטרים,2.00,ליטר,false,,6.90,3.4500,true,1,2324852
7290019056768,false,קריסטל מיץ מנגו 2 ליטר פיקדון,יפאורה תבורי,IL,קריסטל מנגו,ליטרים,2.00,ליטר,false,,7.90,3.9500,true,1,2324853
7290019056775,false,קריסטל מוגז ענבים 2 ליטר פיקדון,יפאורה תבורי,IL,קריסטל ענבים,ליטרים,2.00,ליטר,false,,7.90,3.9500,true,1,2324854
7290019056782,false,משקה מוגז בטעם לימון ליים 2 ל' קריסטל,יפאורה תבורי,IL,קריסטל לימון,ליטרים,2.00,ליטר,false,,7.90,3.9500,true,1,2324855
7290019056805,false,קריסטל מוגז תפוחים 2 ליטר פיקדון,יפאורה תבורי,IL,קריסטל תפוח מוגז,ליטרים,2.00,ליטר,false,,7.90,3.9500,true,1,2324857
7290019056812,false,קריסטל מוגז מנטה 2 ליטר פיקדון,יפאורה תבורי,IL,קריסטל מנטה,ליטרים,2.00,ליטר,false,,7.90,3.9500,true,1,2324858
7290019056829,false,קריסטל מוגז תפוזים 2 ליטר פיקדון,קריסטל,,קריסטל אורנג',ליטרים,2.00,ליטר,false,,7.90,3.9500,true,1,2324859
7290019056836,false,קריסטל מוגז תות 2 ליטר פיקדון,יפאורה תבורי,IL,קריסטל תות,ליטרים,2.00,ליטר,false,,7.90,3.9500,true,1,2324867
7290019056850,false,ספרינג תה אפרסק דיאט 1.5 ליטר פיקדון,"יפאורה תבורי בע""מ",IL,ספרינג תה 1.5 אפרסק,ליטרים,1.50,ליטר,false,,7.90,5.2667,true,1,2324743
7290019056959,false,מי עדן 1.5 ל' בק' בודד,מופק ממקור בזלתי עדן,IL,מי עדן 1.5 ליטר,ליטרים,1.50,ליטר,false,,2.90,1.9333,true,1,2324869
7290019056973,false,שישיית מי עדן 1.5 ליטר משפחתי,מופק ממקור בזלתי עדן,IL,מי עדן שישייה 1.5 לי,ליטרים,9.00,ליטר,false,,13.70,1.5222,true,1,2324870
7290019074090,false,"ד""ר פישר - קמיל בלו אקסטרה סופט אל סבון לתינוק 500 מ""ל",פישר תעשיות,IL,אלסבון קמיל בלו אקסט,מיליליטרים,500.00,"מ""ל",false,,22.90,0.0458,true,1,2369854
7290019074298,false,"ד""ר פישר - קמיל בלו אקסטרה סופט שמפו לתינוק 500 מ""ל",פישר תעשיות,IL,שמפו קמיל בלו אקסטר,מיליליטרים,500.00,"100 מ""ל",false,,22.90,0.0458,true,1,2369862
7290019074885,false,"ד""ר פישר - קמיל בלו אקסטרה סופט קרם גוף לתינוק 500 מ""ל",פישר תעשיות,IL,קרם גוף קמיל בלו אקס,מיליליטרים,500.00,"100 מ""ל",false,,29.90,0.0598,true,1,2369855
7290019075103,false,קמיל בלו אקסטרה סופט שמפו לתינוק 1 ליטר,פישר תעשיות,IL,שמפו קמיל בלו אקסטר,ליטרים,1.00,ליטר,false,,32.90,32.9000,true,1,2369856
7290019075400,false,אפקטיב קר תחליב רחצה לגוף - שיבולת שועל,פישר מעבדות פרמצבטיו,IL,תחליב רחצה אפקטיב קר,מיליליטרים,700.00,"100 מ""ל",false,,12.90,0.0184,true,1,2363972
7290019075479,false,"ד""ר פישר - קמיל בלו קלאסיק שמפו לתינוק 1 ליטר",פישר תעשיות,IL,קמיל בלו קלאסיק שמפ,ליטרים,1.00,ליטר,false,,21.90,21.9000,true,1,2363627
7290019075899,false,קמיל בלו אקסטרה סופט אל סבון לתינוק 1 לי,פישר תעשיות,IL,אלסבון קמיל בלו אקסט,ליטרים,1.00,ליטר,false,,32.90,32.9000,true,1,2369848
7290019153023,false,אר.סי. קולה ללא סוכר 1.5 ל' מארז רביעייה,יפאורה תבורי,IL,אר סי 1.5 רביעייה לל,ליטרים,6.00,ליטר,false,,23.90,3.9833,true,1,2344830
7290019153078,false,"שוופס ביטר למון לייט, 1.5 ליטר פקדון",יפאורה תבורי,IL,שוופס ביטר למון לייט,ליטרים,1.50,ליטר,false,,10.90,7.2667,true,1,2333698
7290019153221,false,"סודה בטעם אננס 500 מ""ל שוופס",יפאורה תבורי,IL,שוופס סודה אננס 0.5,ליטרים,0.50,ליטר,false,,4.20,8.4000,true,1,2349737
7290019153238,false,"סודה בטעם תפוח 500 מ""ל שוופס",יפאורה תבורי,IL,שוופס סודה תפוח 0.5,ליטרים,0.50,ליטר,false,,4.20,8.4000,true,1,2349738
7290019153269,false,שוופס סודה אננס 1.5 ליטר רביעייה פיקדון,יפאורה תבורי,IL,רביעית שוופס סודה אנ,ליטרים,6.00,ליטר,false,,12.10,2.0167,true,1,2349484
7290019153313,false,"משקהתפוח חמוציות אוכמניות 350 מ""ל פרות & ווג",יפאורה תבורי בעמ,IL,משקה קל תפוח חמוציות,מיליליטרים,350.00,"100 מ""ל",false,,6.50,0.0186,true,1,2354122
7290019153344,false,מיץ בטעם סנגרייה 1.5 ל' תפוזינה,"יפאורה תבורי בע""מ",IL,תפוזינה 1.5 ליטר סנג,ליטרים,1.50,ליטר,false,,8.90,5.9333,true,1,2349491
7290019153351,false,מיץ בטעם פינק אוזו 1.5 ל' תפוזינה,"יפאורה תבורי בע""מ",IL,תפוזינה 1.5 ליטר פינ,ליטרים,1.50,ליטר,false,,8.90,5.9333,true,1,2349492
7290019153375,false,מיץ בטעם מוחיטו 1.5 ל' תפוזינה,"יפאורה תבורי בע""מ",IL,תפוזינה 1.5 ליטר מוח,ליטרים,1.50,ליטר,false,,8.90,5.9333,true,1,2349493
7290019167020,false,עוגת גבינה עם פירות יער לייט 80 ג' קינוחי עדן,תנובה,IL,עוגת גבינה עם פירות,גרמים,82.00,100 גרם,false,,5.90,0.0720,true,1,2374907
7290019167037,false,קינוח עדן תותים בקצפת 82 גרם,תנובה,IL,תותים בקצפת 82 גרם,גרמים,82.00,100 גרם,false,,5.90,0.0720,true,1,2374908
7290019167044,false,קצפת עם קרם בייגלה מתוק מלוח 82 ג' עדן,תנובה,IL,קצפת עם קרם בייגלה מ,גרמים,82.00,100 גרם,false,,5.90,0.0720,true,1,2374909
7290019204107,false,עוף טוב פסטרמה בטעם אווז 320 גר',עיצובים 2020 (4.9),IL,עוף טוב פסטרמה בטעם,גרמים,350.00,100 גרם,false,,24.90,0.0711,true,1,2354978
7290019204206,false,עוף טוב פסטרמה בסגנון רומני 320גרם,עיצובים 2020 (4.9),IL,עוף טוב פסטרמה בסגנו,גרמים,320.00,100 גרם,false,,24.90,0.0778,true,1,2354979
7290019204305,false,חזה הודו פסטרמה ברביקיו 350 גר',עיצובים 2020 (4.9),IL,עוף טוב פסטרמה ברביק,גרמים,350.00,100 גרם,false,,24.90,0.0711,true,1,2354980
7290019232155,false,"חליטת ""לילה טוב"" קמומיל לבנדר ו25 שקיקים ויסוצקי",תה ויסוצקי,IL,תה חליטה קמומיל לבנד,גרמים,37.50,100 גרם,false,,19.90,0.5307,true,1,2375929
7290019232162,false,"חליטת ""לילה טוב"" קמומיל מליסה 25 שקיקים ויסוצקי",תה ויסוצקי,IL,תה חליטה קמומיל מליס,גרמים,37.50,100 גרם,false,,19.90,0.5307,true,1,2375930
7290019232193,false,תה ירוק לימונית ג'ינג'ר STAY WELL שקיקים 25 ויסוצקי,תה ויסוצקי,IL,תה ירוק לימונית וג'י,גרמים,37.50,100 גרם,false,,19.90,0.5307,true,1,2375933
7290019232353,false,תה ירוק סיני 50 שקיקים ויסוצקי,תה ויסוצקי,IL,תה ירוק סיני 50,גרמים,75.00,100 גרם,false,,39.90,0.5320,true,1,2363776
7290019232834,false,בייגלה מצופה קרם עוגיות ושוקולד 140 גרם פליפז - רבנות,אולקר מקבוצת פלאדיס,TR,בייגלה מצופה שוקולד,גרמים,140.00,100 גרם,false,,8.90,0.0636,true,1,2347928
7290019233008,false,רוטב עגבניות עם קוביות ארטישוק ושמן זית 420ג ויסוצקי,דליציה דורה אס.אר.אל,IT,שקשוקה ארטישוק- רוטב,יחידה,0.00,יחידה,false,,12.90,0.0000,true,1,2364928
7290019233039,false,שקשוקה קלאסית- רוטב עגבניות עם קוביות פלפלים צלויים,דליציה דורה אס.אר.אל,IT,שקשוקה קלאסית- רוטב,יחידה,0.00,יחידה,false,,12.90,0.0000,true,1,2364931
7290019297192,false,חטיפי גרנולה עם שקדים ושוקולד 5*35 גר,,MK,חטיף גרנולה עם שקדים,גרמים,175.00,100 גרם,false,,9.90,0.0566,true,1,2377869
7290019297208,false,חטיפי גרנולה עם פירות יבשים 5*35 גר,,MK,חטיף גרנולה עם פירות,גרמים,175.00,100 גרם,false,,9.90,0.0566,true,1,2377870
7290019297451,false,מי ורדים שקדיה 500 מ,אף.סי תבליני בגליל ב,BE,"מי ורדים 500 מ""ל",מיליליטרים,500.00,"100 מ""ל",false,,13.90,0.0278,true,1,2360847
7290019297505,false,"רוטב רימונים שקדיה 700 מ""ל",קארל קיוחנה,TR,"רוטב רימונים בד""צ 1",מיליליטרים,1000.00,"100 מ""ל",false,,19.90,0.0199,true,1,1366582
7290019297512,false,"רוטב רימונים שקדיה 340 מ""ל בדץ",סיטוגלוגידה,TR,"רוטב רימונים בד""צ 34",גרמים,340.00,100 גרם,false,,9.90,0.0291,true,1,1366583
7290019297536,false,חמאת בוטנים עם שברי בוטנים Crazy or Nuts,דין שיווק,,חמאת בוטנים עם שברי,גרמים,510.00,100 גרם,false,,9.90,0.0194,true,1,1366584
7290019297550,false,בוטנים מטוגנים בקופסא 185 גרם,קריניציה ויטמינה אס,IL,בוטנים מטוגנים 185 ג,גרמים,185.00,100 גרם,false,,7.90,0.0427,true,1,1366586
7290024486314,false,פרמיו בוגר עוף לכלב,,IT,פרמיו בוגר עוף לכלב,גרמים,400.00,100 גרם,false,,5.90,0.0148,true,1,2372094
7290024486550,false,פרמיו גור חתול 400ג',,IT,פרמיו גור חתול 400ג',גרמים,400.00,100 גרם,false,,5.90,0.0148,true,1,2372096
7290024486796,false,פרמיו סניור עוף לחתו,,,פרמיו סניור עוף לחתו,גרמים,400.00,100 גרם,false,,5.90,0.0148,true,1,2372098
7290100235324,false,בונז'ור עוגת בריוש גבינה 500ג',בונז'ור,IL,בונז'ור עוגת בריוש גבינה,גרמים,550.00,100 גרם,false,,29.90,0.0544,true,1,1344862
7290100240137,false,"תרסיס למייבש כביסה כחול 500 מ""ל בדין","זוהר דליה, קיבוץ דלי",IL,ספריי כחול למייבש- 500 מל,מיליליטרים,500.00,"100 מ""ל",false,,16.90,0.0338,true,1,1380252
7290100240144,false,"תרסיס למייבש כביסה ורוד 500 מ""ל בדין","זוהר דליה, קיבוץ דלי",IL,ספריי ורוד למייבש- 500 מל,מיליליטרים,500.00,"100 מ""ל",false,,16.90,0.0338,true,1,1380253
7290100240656,false,פתית חיטה מלאה בדצ 250 גרם,יוניליוור ישראל מזון,IL,"פתית שיפון בד""צ חדש 300 ג",גרמים,300.00,100 גרם,false,,15.90,0.0530,true,1,1380255
7290100245231,false,נמס בכוס מרק בטעם עוף עם אטריות ושקדי מרק-2 שקיות,יוניליוור ישראל מזון,IL,נמס בכוס טעם עוף ושקדי מר,גרמים,48.00,100 גרם,false,,6.50,0.1354,true,1,1380296
7290100249598,false,"רוטב לבישול שום ודבש קנור 320ג' בד""צ",יוניליוור ישראל מזון,IL,קנור בישול ברטבים שום ודב,גרמים,320.00,100 גרם,false,,12.90,0.0403,true,1,1380367
7290100249659,false,"רוטב לבישול קנור צ'ילי שום בד""צ",יוניליוור ישראל מזון,IL,רוטב צ'ילי שום 320 ג,גרמים,320.00,100 גרם,false,,12.90,0.0403,true,1,1380372
7290100412343,false,קוויק מגבונים לניקוי כללי בניחוח לימון 50 יח',די.פי.אל,IL,מגבונים לניקוי כללי,יח',50.00,יח',false,,7.90,0.1580,true,1,1503153
7290100412435,false,קוויק מגבונים לניקוי כללי בניחוח פרחי בר 50 יח',די.פי.אל,IL,מגבונים לניקוי כללי,יח',50.00,יח',false,,7.90,0.1580,true,1,1503154
7290100412701,false,תחליב גוף קלאסי בניחוח מאסק,"אמיליה קוסמטיקס בע""מ",IL,"תחליב גוף ד""ר עור 40",מיליליטרים,400.00,"100 מ""ל",false,,19.90,0.0497,true,1,1734491
7290100412749,false,"תרחיץ פנים לעור יבש וילד פלאור דר עור 150 מ""ל",אמיליה קוסמטיקס בעמ,IL,ג'ל ניקוי פנים 150 מ,מיליליטרים,150.00,"100 מ""ל",false,,19.90,0.1327,true,1,1734501
7290100412831,false,תחליב רחצה אנטי אייג'ינג בניחוח וניל טרופי,"אמיליה קוסמטיקס בע""מ",IL,"תחליב רחצה 700 מ""ל ד",מיליליטרים,700.00,"100 מ""ל",false,,19.90,0.0284,true,1,1734514
7290100413593,false,מגבונים גדולים XL לניקוי כללי בניחוח פרחי בר,די.פי.אל,,מגבונים קוויק מטליות,יח',40.00,יח',false,,6.90,0.1725,true,1,1552168
7290100653463,false,"פלמוליב - ארומה ג'ל רחצה מסאז' 500 מ""ל",קולגייט פלמוליב,IT,פלמוליב סבון נוזלי ספא מס,מיליליטרים,500.00,"100 מ""ל",false,,15.90,0.0318,true,1,1377821
7290100653586,false,ליידי ספיד סטיק 24/7 גל פרש פיוזן ורוד,ליידי ספיד סטיק Lady Speed Stick,US,ליידי ספיד סטיק 24/7 גל ו,גרמים,65.00,100 גרם,false,,17.90,0.2754,true,1,1377822
7290100658338,false,נוזל כלים אוקסי פלוס עם נוסחת החמצן הפעיל,הנסיך- מפעל לייצור ט,GR,פלמוליב כלים אוקסי כחול פ,מיליליטרים,750.00,"100 מ""ל",false,,9.90,0.0132,true,1,1377828
7290100659090,false,פרי ח.תמרים וקינמון לא סוכר מארז חמישייה,טבעית מוצרים מן הטבע,IL,פרי חטיפים ללא סוכר מארז,גרמים,110.00,100 גרם,false,,15.90,0.1445,true,1,1377829
7290100680650,false,מנה חמה נודלס-אטריות ירקות טעם תאילנדי אסם 76 ג',THAI PRESIDENT FOODS,TH,מנה חמה נודלס בסגנון תיאל,גרמים,76.00,100 גרם,false,,6.50,0.0855,true,1,1344877
7290100680667,false,מנה חמה נודלס-אטריות+ירקות טעם סצ'ואן,THAI PRESIDENT FOODS,TH,מנה חמה נודלס בסגנון סצ'ו,גרמים,76.00,100 גרם,false,,6.50,0.0855,true,1,1344878
7290100680711,false,פירורית זהב אסם זהב 350ג',עינת תעשיות מזון אגו,IL,אסם פירורית זהב 350 גרם,גרמים,350.00,100 גרם,false,,7.90,0.0226,true,1,1344879
7290100680728,false,פירורית רגילה שקית 350 גרם,מיוצר עי קונדיטוריית,IL,אסם פירורית 350 גרם,גרמים,350.00,100 גרם,false,,6.90,0.0197,true,1,1344880
7290100681015,false,פודינג אינסטנט בטעם ריבת חלב 80 גר,מיוצר עי קונדיטוריית,IL,אסם פודינג אינסטנט בטעם ר,גרמים,84.00,100 גרם,false,,5.50,0.0655,true,1,1344882
7290100681138,false,מארז אפרופו חטיף תירס 3 יחידות,"אסם תעשיות בע""מ",IL,אפרופו קלאסי 50 גרם מארז,גרמים,150.00,100 גרם,false,,11.90,0.0793,true,1,1344884
7290100681503,false,עסיס סירופ לימונענע דיאטטי 1 ליטר,בית-השיטה עסיס תעשיו,IL,עסיס סירופ דיאט בטעם לימו,ליטרים,1.00,ליטר,false,,16.90,16.9000,true,1,1344886
7290100681510,false,עסיס סירופ אשכולית אדומה דיאטטי 1 ליטר,בית-השיטה עסיס תעשיו,IL,עסיס סירופ דיאט בטעם אשכו,ליטרים,1.00,ליטר,false,,16.90,16.9000,true,1,1344887
7290100683880,false,תבשילים משפחתיים פירה 260 גרם,"אסם השקעות בע""מ",IL,פירה אסם 260 גר',גרמים,260.00,100 גרם,false,,12.90,0.0496,true,1,1344895
7290100685136,false,"מרק טעם עוף 1 ק""ג בשקית","אסם תעשיות בע""מ",IL,"אסם מרק בטעם עוף 1 ק""ג",גרמים,1000.00,100 גרם,false,,13.90,0.0139,true,1,1344903
7290100685334,false,מרק עוף אמיתי מרכיבים טבעיים 400 גרם,"אסם תעשיות בע""מ",IL,אסם מרק עוף אמיתי רכיבים,גרמים,400.00,100 גרם,false,,24.90,0.0622,true,1,1344905
7290100685341,false,מרק תיבול טעם עוף זך רכיבים טיבעיים 400,"אסם תעשיות בע""מ",IL,אסם מרק בטעם עוף זך רכיבי,גרמים,400.00,100 גרם,false,,16.90,0.0422,true,1,1344906
7290100685600,false,פירורית זהב אסם זהב חיטה מלאה 200ג',עינת תעשיות מזון אגו,IL,אסם פירורית חיטה מלאה 200,גרמים,200.00,100 גרם,false,,6.40,0.0320,true,1,1344910
7290100685938,false,עוגת הבית דבש ותפוח עץ עם פירורים 400 גר,"אסם תעשיות בע""מ",IL,אסם הבית עוגת דבש ותפוח ע,גרמים,400.00,100 גרם,false,,15.90,0.0398,true,1,1344912
7290100686171,false,מארז מולטיפק ביסלי גריל 6 יח 35 גר ליח,"אסם תעשיות בע""מ",IL,ביסלי גריל 35 גרם מארז 6,גרמים,210.00,100 גרם,false,,12.90,0.0614,true,1,1344914
7290100689301,false,אבקת מרק עוף זך עדיף אסם 400 גר',"אסם השקעות בע""מ",IL,אסם מרק בטעם עוף זך 400 ג,גרמים,400.00,100 גרם,false,,12.90,0.0323,true,1,1344926
7290100700068,false,סוגת שעועית צבעונית 500גרם,"סוגת תעשיות בע""מ",IL,שעועית צבעונית 500 ג,יחידה,0.00,יחידה,false,,7.90,0.0000,true,1,2232741
7290100700242,false,"אורז מלא עגול סוגת 1 ק""ג","סוגת תעשיות בע""מ",IL,"אורז עגול מלא 1 ק""ג",קילוגרמים,1.00,"ק""ג",false,,8.90,8.9000,true,1,1372012
7290100700273,false,קינואה לבנה 500 ג סו,האי נאם סי או אל.טי.,IL,קינואה 500 גרם,יחידה,0.00,יחידה,false,,12.90,0.0000,true,1,2232742
7290100700372,false,"סוגת אורז בסמטי מלא 1 ק""ג",האי נאם סי או אל.טי.,IL,"אורז בסמטי 1מלא ק""ג",קילוגרמים,1.00,"ק""ג",false,,12.90,12.9000,true,1,1372013
7290100700389,false,"סוגת אורז אדום 1 ק""ג",סוגת תעשיות בעמ,IL,"אורז אדום 1 ק""ג",קילוגרמים,1.00,"ק""ג",false,,12.90,12.9000,true,1,1372014
7290100700396,false,"סוגת אורז יסמין קלאסי 1 ק""ג",האי נאם סי או אל.טי.,IL,"אורז יסמין קלאסי 1 ק""ג",קילוגרמים,1.00,"ק""ג",false,,11.90,11.9000,true,1,1372015
7290100700563,false,אורז מיקס קלאסי 1 קג,סוגת תעשיות בעמ,IL,"אורז מיקס קלאסי 1 ק""ג",קילוגרמים,1.00,"ק""ג",false,,12.90,12.9000,true,1,1372018
7290100700587,false,"בורגול ""סוגת"" 500 גרם",האי נאם סי או אל.טי.,IL,בורגול 500 גרם,גרמים,500.00,100 גרם,false,,4.90,0.0098,true,1,2232744
7290100701300,false,סוגת קינואה אדומה 500גרם,סוגת,,קינואה אדומה 500 גרם,יחידה,0.00,יחידה,false,,12.90,0.0000,true,1,2232745
7290100701331,false,קמח רב תכליתי שטיבל קמח חיטה לבן בהיר,"שטיבל בע""מ - טחנות ק",IL,קמח רב תכליתי,קילוגרמים,1.00,"ק""ג",false,,6.90,6.9000,true,1,1372032
7290100701348,false,"קמח שיפון מלא 1 ק""ג סוגת",שטיבל טחנות קמח,IL,קמח שיפון מלא,קילוגרמים,1.00,"ק""ג",false,,6.90,6.9000,true,1,1372033
7290100701386,false,"קמח לחלה 1 ק""ג סוגת",שטיבל טחנות קמח,IL,קמח לחלה,קילוגרמים,1.00,"ק""ג",false,,6.90,6.9000,true,1,1372035
7290100701454,false,סוגת גרישה 500 גרם,"סוגת תעשיות בע""מ",IL,גרישה 500 גרם,גרמים,500.00,100 גרם,false,,4.90,0.0098,true,1,2232746
7290100701577,false,קמח לחם קמח חיטה לבן שטיבל,שטיבל טחנות קמח,IL,קמח לחם,קילוגרמים,1.00,"ק""ג",false,,6.90,6.9000,true,1,1372039
7290100701874,false,"קמח כוסמין 1 ק""ג סוגת",טחנות קמח שטיבל באר,IL,קמח כוסמין מלא + 12,קילוגרמים,1.00,"ק""ג",false,,10.90,10.9000,true,1,1372042
7290100701881,false,קמח פיצה ופוקצ'ה- קמח חיטה לבן בהיר שטיבל,"שטיבל בע""מ - טחנת קמ",IL,קמח פיצה ופוקצ'ה,קילוגרמים,1.00,"ק""ג",false,,6.90,6.9000,true,1,1372043
7290100701898,false,"קמח פסטה 1 ק""ג סוגת",שטיבל טחנות קמח,IL,קמח פסטה + 9,קילוגרמים,1.00,"ק""ג",false,,13.90,13.9000,true,1,1372044
7290100702284,false,קוסקוס מלא סוגת 350 גרם,"אסיף תעשיות מזון בע""",IL,קוסקוס מלא 350 גרם,גרמים,350.00,100 גרם,false,,4.90,0.0140,true,1,1372047
7290100702314,false,שעועית שחורה 500 גרם סוגת,סוגת תעשיות בעמ,IL,שעועית שחורה 500 גרם,יחידה,0.00,יחידה,false,,7.90,0.0000,true,1,2232747
7290100703007,false,עדשים שחורות בלוגה סוגת 500 גר',האי נאם סי או אל.טי.,IL,עדשים שחורות בלוגה 5,יחידה,0.00,יחידה,false,,7.90,0.0000,true,1,2232748
7290100703625,false,קמח חיטה לבן ללא צורך בניפוי,"שטיבל בע""מ",IL,קמח לבן ללא ניפוי 1,קילוגרמים,1.00,"ק""ג",false,,7.90,7.9000,true,1,1531465
7290100703632,false,קמח חיטה מלא ללא צורך בניפוי,"שטיבל בע""מ",IL,קמח מלא ללא ניפוי 1,קילוגרמים,1.00,"ק""ג",false,,9.90,9.9000,true,1,1531466
7290100703687,false,"קמח חלה ללא ניפוי 1 ק""ג סוגת","שטיבל בע""מ",IL,קמח חלה ללא ניפוי 1,קילוגרמים,1.00,"ק""ג",false,,9.90,9.9000,true,1,1531470
7290100703861,false,"תערובת קמח קסם לחלה סוגת 1 ק""ג","שטיבל בע""מ",IL,קמח תערובת קסם לחלה,קילוגרמים,1.00,"ק""ג",false,,9.90,9.9000,true,1,2242344
7290100703915,false,פופקורן להכנה במיקרוגל בטעם חמאה - מארז 6 שקיות,סוגת,IL,מארז פופקורן למיקרו,גרמים,540.00,100 גרם,false,,9.90,0.0183,true,1,1892584
7290100703922,false,פופקורן להכנה במיקרוגל בטעם טבעי - מארז 6 שקיות,סוגת,IL,מארז פופקורן למיקרו,גרמים,540.00,100 גרם,false,,9.90,0.0183,true,1,1892585
7290100704493,false,"קמח שמרים פיצה ללא ניפוי סוגת 1 ק""ג","שטיבל בע""מ - טחנת קמ",IL,קמח שמרים פיצה ללא צ,קילוגרמים,1.00,"ק""ג",false,,9.90,9.9000,true,1,2263502
7290100704530,false,סוגת קמח כוסמין לבן ללא צורך בניפוי 1 קג,טחנות קמח שטיבל באר,IL,קמח כוסמין לבן מנופ,קילוגרמים,1.00,"ק""ג",false,,14.90,14.9000,true,1,2299538
7290100704578,false,קמח כוסמין לבן סוגת,טחנת קמח דגן-שטיבל,IL,"קמח כוסמין לבן 1 ק""",קילוגרמים,1.00,"ק""ג",false,,13.90,13.9000,true,1,2299421
7290100704615,false,סוכר לבן דק דק בצנצנת 500 גרם,סוגת תעשיות בעמ,IL,סוכר לבן דק דק בצנצנ,גרמים,500.00,100 גרם,false,,7.90,0.0158,true,1,2323090
7290100704622,false,סוכר דמררה דק דק בצנצנת 500 גרם,סוגת תעשיות בעמ,IL,סוכר דמררה דק דק בצנ,גרמים,500.00,100 גרם,false,,7.90,0.0158,true,1,2323091
7290100704660,false,קינואה מיקס 500 גרם סוגת,"סוגת תעשיות בע""מ",IL,קינואה מיקס 500 גרם,גרמים,500.00,100 גרם,false,,12.90,0.0258,true,1,2296854
7290100850909,false,דוריטוס נאצו מקסיקני 70 גרם,שטראוס פריטו ליי (מל,IL,דו.נאצו מקסיקני 70ג/1שק'/,גרמים,70.00,100 גרם,false,,3.50,0.0500,true,1,1382043
7290100850916,false,דוריטוס חמוץ חריף מעודן 70 גרם כשר לפסח,"שטראוס פריטו ליי בע""",IL,דוריטוס 70 גרם חמוץ,גרמים,70.00,100 גרם,false,,3.50,0.0500,true,1,1382044
7290100850923,false,חטיף דוריטוס גריל 70,שטראוס פריטו ליי (מל,IL,דוריטוס גריל 70גר/1שק'/70,גרמים,70.00,100 גרם,false,,3.50,0.0500,true,1,1382045
7290100850930,false,חטיף דוריטוס טבעי 70,שטראוס פריטו ליי (מל,IL,דוריטוס דיפ טבעי 70 גר,גרמים,70.00,100 גרם,false,,3.50,0.0500,true,1,1382046
7290100858608,false,אבקת קקאו עלית שקית 500 ג',שטראוס גרופ,IL,קקאו עלית 500 גרם,גרמים,500.00,100 גרם,false,,25.90,0.0518,true,1,1381484
7290100921593,false,מנקה אסלה סוד 4 כדוריות לאסלה לימון נתלה 50 ג',"הנקל סוד בע""מ",HU,סוד סבון אסלה לימון 50 גר,גרמים,50.00,100 גרם,false,,8.90,0.1780,true,1,1399493
7290100921623,false,מנקה אסלה סוד 4 כדוריות נתלה אקונומיקה נתלה 50 ג',"הנקל סוד בע""מ",HU,סוד סבון אסלה אקונומיקה 5,גרמים,50.00,100 גרם,false,,8.90,0.1780,true,1,1399496
7290100922569,false,קרם לטיפוח עוד הידיים והגוף- מארז שלישייה,טרופיקל דגיל,IL,קרם ידיים ולוטה מארז 100,מיליליטרים,300.00,"100 מ""ל",false,,19.90,0.0663,true,1,1362101
7290100922651,false,הוואי - סבון מוצק מי קוקוס 100 גרם רביעייה,טרופיקל דגיל קוסמטיק,IL,סבון מוצק הוואי מארז,יח',4.00,יח',false,,10.90,2.7250,true,1,1513824
7290100924457,false,כדוריות סבון נתלה לאסלה לימון רענן - 3 יח',הנקל סוד,HU,סוד סבון אסלה שלישיה לימו,גרמים,150.00,100 גרם,false,,14.00,0.0933,true,1,1399514
7290100924464,false,כדוריות סבון נתלה לאסלה עם אקונומיקה - 3 יח',הנקל סוד,HU,סוד סבון אסלה שלישיה אקונ,יח',3.00,יח',false,,14.00,4.6667,true,1,1776208
7290100924631,false,מרכך כביסה מרוכז לבגדי תינוקות ובעלי עור רגיש,"הנקל סוד בע""מ",IL,מרכך כביסה סוד מרוכז בייב,מיליליטרים,900.00,"100 מ""ל",false,,11.90,0.0132,true,1,1434654
7290100924693,false,סוד סבון לאסלה 4 כדוריות בניחוח אוקנומיקה 50 ג',הנקל סוד,HU,סוד סבון אסלה לימון 50 גר,גרמים,50.00,100 גרם,false,,8.90,0.1780,true,1,1417537
7290100925669,false,קולור קאצ'ר - דפים למכונת כביסה 10 יח',הנקל סוד,IE,דפים למכונה כביסה קו,יח',10.00,יח',false,,14.90,1.4900,true,1,1484254
7290100925676,false,קולור קאצר 20 דפים לוכדי צבע למכונת כביס,הנקל סוד,IE,דפים למכונה כביסה קו,יח',20.00,יח',false,,14.90,0.7450,true,1,1484255
7290100925751,false,"סוד נוזל כלים תפוח 650 מ""ל",סוד,,סוד כלים קלאסי 650 מ,מיליליטרים,650.00,"100 מ""ל",false,,5.90,0.0091,true,1,1506500
7290100925775,false,נוזל כלים רימון ותאנים סוד 650 מל,הנקל סוד,IL,סוד כלים קלאסי 650 מ,מיליליטרים,650.00,"100 מ""ל",false,,5.90,0.0091,true,1,1506502
7290100926147,false,אבקת כביסה פרסיל קולור שקית 2.5 קג,"הנקל סוד בע""מ",IL,פרסיל קולור אבקת כביסה 2.,קילוגרמים,2.50,"ק""ג",false,,28.90,11.5600,true,1,1399530
7290100926598,false,"פרסיל אבקת כביסה 5 ק""ג",פרסיל Persil,IL,"אבקת כביסה פרסיל 5 ק""ג",קילוגרמים,5.00,"ק""ג",false,,44.90,8.9800,true,1,1399536
7290101110149,false,גלידה בלסימו וניל עם פליק 1.3 ל' פלדמן,גלידות פלדמן,IL,גלידת וניל בליסימו.,ליטרים,1.30,ליטר,false,,16.90,13.0000,true,1,1373617
7290101110460,false,גלידה בליסימו וניל צרפתי 1.3 ל' פלדמן,גלידות פלדמן,IL,גלידת בליסימו וניל צ,ליטרים,1.30,ליטר,false,,16.90,13.0000,true,1,1373622
7290101112112,false,גלידה טירמיסו דיזרט 1.8 ליטר,"פלקו בע""מ",IL,גלידה טירמיסו 1.8 לי,ליטרים,1.80,ליטר,false,,27.90,15.5000,true,1,2171318
7290101112228,false,גלידל פרי קרחון מופחת קלוריות בטעם אננס - 8 יח',הגלידות של פלדמן,IL,שמיניית קרחוני דיאט,גרמים,640.00,100 גרם,false,,19.90,0.0311,true,1,1373651
7290101112600,false,גלידה בלסימו מילקשייק וניל מוקה 1.3 ל' פלדמן,"פלקו בע""מ",IL,גלידת בליסימו מילקשי,ליטרים,1.30,ליטר,false,,16.90,13.0000,true,1,1460580
7290101112921,false,גלידל פרי קרחון מופחת קלוריות פירות טרופיים - 8 יח',הגלידות של פלדמן,IL,שמיניית קרחוני דיאט,גרמים,640.00,100 גרם,false,,19.90,0.0311,true,1,1878301
7290101112990,false,גרניטה בטעם קוקוס שישיה 480 ג',פלקו בעמ,IL,מאגדת גרניטה קוקוס,גרמים,480.00,100 גרם,false,,24.90,0.0519,true,1,1876544
7290101113430,false,מאגדת גלידל שוקולד עם סירופ 312 ג',הגלידות של פלדמן,IL,מאגדת גלידל שוקולד ע,גרמים,312.00,100 גרם,false,,24.90,0.0798,true,1,2305852
7290101113591,false,טילוני יולו גלידת שוקולד לבן עם שברי עוגיות,הגלידות של פלדמן,IL,מאגדת טילונים שוקולד,גרמים,400.00,100 גרם,false,,19.90,0.0497,true,1,2308458
7290101486688,false,פרי חטיפי בריאות חמישיה דגנים עם שוקולד,טבעית מוצרים מן הטבע,IL,פרי חטיפי בריאות מארז 5 ד,גרמים,100.00,100 גרם,false,,15.90,0.1590,true,1,1377833
7290101488248,false,"ליידי ספיד סטיק - דאודורנט רול און לאישה ורוד פרש פיושן 50 מ""ל",ליידי ספיד סטיק Lady Speed Stick,IT,ליידי 24/7 רול און ורוד ח,מיליליטרים,50.00,"100 מ""ל",false,,14.90,0.2980,true,1,1377836
7290101488286,false,"ליידי ספיד סטיק - דאודורנט ספריי לאישה 24/7 פרש פיוזן ורוד 150 מ""ל",ליידי ספיד סטיק Lady Speed Stick,RU,ליידי 24/7 ספריי ורוד חדש,מיליליטרים,150.00,"100 מ""ל",false,,14.90,0.0993,true,1,1377838
7290101488316,false,ליידי ספיד סטיק - דאודורנט סטיק לאישה ללא סימן ורוד סטיק 65 גרם,ליידי ספיד סטיק Lady Speed Stick,US,ליידי ספיד סטיק ללא סימן,גרמים,65.00,100 גרם,false,,17.90,0.2754,true,1,1377840
7290101488323,false,ליידי ספיד סטיק - דאודורנט סטיק לאישה ללא סימן ירוק סטיק 65 גרם,ליידי ספיד סטיק Lady Speed Stick,US,ליידי ספיד סטיק ללא סימן,גרמים,65.00,100 גרם,false,,19.90,0.3062,true,1,1377841
7290101551027,false,קפסולות קפה אספרסו חזק במיוחד 14 עלית 10 יח',הנסיך- מפעל לייצור ט,IL,קפסולות למכונות נספר,גרמים,50.00,100 גרם,false,,16.50,0.3300,true,1,2083337
7290101551263,false,סילאן טבעי ללא תוספת סוכר,מכוורת יד מרדכי,IL,סילאן טבעי ללא תוספת,גרמים,700.00,100 גרם,false,,21.90,0.0313,true,1,1976477
7290101551300,false,סילאן טבעי ללא תוספת סוכר בקבוק לחיץ,מכוורת יד מרדכי,IL,סילאן טבעי לחיץ 380,גרמים,380.00,100 גרם,false,,15.90,0.0418,true,1,1976478
7290101551539,false,יוגורט PRO בטעם אפרסק 0% 20 גרם חלבון בגביע,דנונה - שטראוס,IL,דנונה פרו 20 גרם חלב,גרמים,200.00,100 גרם,false,,5.90,0.0295,true,1,1998952
7290101551584,false,תפוצ'יפס קידס מארז 10 יח' * 20 ג',"שטראוס פריטו ליי בע""",IL,מארז תפוציפס קידס,גרמים,200.00,100 גרם,false,,12.90,0.0645,true,1,2012652
7290101551614,false,חטיף צ'יטוס קראנץ בטעם גבינה - מארז 8 יח',שטראוס פריטו ליי (מל,IL,מארז ציטוס קראנצ גבי,גרמים,240.00,100 גרם,false,,12.90,0.0538,true,1,2012665
7290101551638,false,חטיף צ'יטוס כאפה בטעם קטשופ - מארז 10 יח',"שטראוס פריטו ליי בע""",IL,מארז צ'יטוס כאפה 10*,גרמים,200.00,100 גרם,false,,12.90,0.0645,true,1,2012470
7290101580942,false,יין כרם קברנה סובניון,בנימינה Binyamina,IL,כרם קברנה סוביניון 2010,מיליליטרים,750.00,"100 מ""ל",false,,19.90,0.0265,true,1,1386378
7290101580959,false,יין כרם מרלו,בנימינה Binyamina,IL,כרם מרלו 2010,מיליליטרים,750.00,"100 מ""ל",false,,19.90,0.0265,true,1,1386379
7290101580966,false,יין כרם אמרלד ריזלינג,בנימינה Binyamina,IL,כרם אמרלד ריזלינג 2010,מיליליטרים,750.00,"100 מ""ל",false,,19.90,0.0265,true,1,1386380
7290101582366,false,יין קברנה סוביניון המושבה,יקבי בינימינה,IL,יין המושבה קברנה סוב,מיליליטרים,750.00,"100 מ""ל",false,,29.90,0.0399,true,1,1830228
7290101582397,false,"יין מרלו 750 מ""ל בני",יקבי בינימינה,IL,יין המושבה מרלו,מיליליטרים,750.00,"100 מ""ל",false,,29.90,0.0399,true,1,1830231
7290101582403,false,יין שיראז המושבה,בנימינה Binyamina,,יין המושבה שיראז,מיליליטרים,750.00,"100 מ""ל",false,,29.90,0.0399,true,1,1830232
7290101582496,false,יין לבן חצי מתוק אמרלד ריזלינג,בנימינה Binyamina,,יין כחול אמרלד ריזלי,מיליליטרים,750.00,"100 מ""ל",false,,49.90,0.0665,true,1,2215894
7290101863410,false,"סיליט ניקוי עוצמתי מכיל אקונומיקה 750 מ""ל",סיליט באנג Cillit Bang,PL,סיליט ספריי אקונומיקה שרו,מיליליטרים,750.00,"100 מ""ל",false,,14.90,0.0199,true,1,1348381
7290101864127,false,"ספריי להסרת כתמים 750 מ""ל וניש קליה",קליה וניש Kalia Vanish,IL,"וניש ספריי 750 מ""ל סולו 1",מיליליטרים,750.00,"100 מ""ל",false,,19.90,0.0265,true,1,1348384
7290101865261,false,"פיניש נוזל הברקה 800 מ""ל",רקיט בנקיזר,PL,"פיניש נוזל הברקה 800 מ""""ל",מיליליטרים,800.00,"100 מ""ל",false,,19.90,0.0249,true,1,1348389
7290101866633,false,וניש קליה גל להסרת כתמים 3 ליטר אוקסיפרש,קליה וניש Kalia Vanish,IL,וניש ורוד TITAN 3L,ליטרים,3.00,ליטר,false,,29.90,9.9667,true,1,1348395
7290101866787,false,מסיר כתמים ומלבין לכביסה לבנה 3 ל וניש קליה,קליה וניש Kalia Vanish,IL,וניש נוזל להלבנה TITAN 3L,ליטרים,3.00,ליטר,false,,29.90,9.9667,true,1,1348399
7290101868460,false,"אבקת כביסה 101 8 ק""ג קולון",רקיט בנקיזר,IL,קולון 101 8 ק''ג,קילוגרמים,8.00,"ק""ג",false,,54.90,6.8625,true,1,1348424
7290101869702,false,"ג 'ל פיניש AIO MAX מרוכז למדיח 600מ""ל",פיניש Finish,IL,פיניש ג'ל 600 AIO למ,מיליליטרים,600.00,"100 מ""ל",false,,32.90,0.0548,true,1,1404346
7290101869719,false,ג'ל מרוכז למדיח פיניש all in one max בניחוח לימון,רקיט בנקיזר,IL,פיניש ג'ל 600לימון A,מיליליטרים,600.00,"100 מ""ל",false,,32.90,0.0548,true,1,1404347
7290101869726,false,ג'ל מרוכז למדיח פיניש all in one max,רקיט בנקיזר,PL,פיניש ג'ל 1000 AIO ל,מיליליטרים,1000.00,"100 מ""ל",false,,42.90,0.0429,true,1,1404348
7290101869733,false,גל AIO פיניש לימון 1 ליטר,רקיט בנקיזר,PL,פיניש ג'ל 1000 AIO ל,מיליליטרים,1000.00,"100 מ""ל",false,,42.90,0.0429,true,1,1404349
7290101869788,false,אירוויק פרשמטיק ניחוח חלום ליל קיץ,איירוויק Air Wick,HU,מילוי מבשם אויר אוטומטי א,מיליליטרים,250.00,"100 מ""ל",false,,19.90,0.0796,true,1,1348439
7290101869795,false,מילוי למכשיר ספריי אוטומטי חלום ליל קיץ,איירוויק Air Wick,HU,מילוי מבשם אויר אוטומטי ח,מיליליטרים,250.00,"100 מ""ל",false,,19.90,0.0796,true,1,1348440
7290101869825,false,מילוי למכשיר מבשם אויר חשמלי אואזיס,איירוויק Air Wick,HU,מילוי מבשם אויר חשמלי אוא,מיליליטרים,19.00,"100 מ""ל",false,,14.90,0.7842,true,1,1348443
7290101869917,false,מילוי למכשיר ספריי אוטומטי היער הקסום,איירוויק Air Wick,HU,מילוי מבשם אויר אוטומטי ה,מיליליטרים,250.00,"100 מ""ל",false,,19.90,0.0796,true,1,1348447
7290101925606,false,ממחטות אף רכות פרפקט,פרפקט Perfect,,ממחטות אף רכות פרפקט,יח',120.00,יח',false,,9.90,0.0825,true,1,1520675
7290101925620,false,ממחטות אף רכות 3 שכבות,פרפקט Perfect,,ממחטות אף רכות 3 שכ,יח',56.00,יח',false,,7.90,0.1411,true,1,1523588
7290101982371,false,סוכריות ספריי נחש בט,,,סוכריות ספריי נחש בט,יחידה,0.00,יחידה,false,,4.90,0.0000,true,1,1376530
7290101982395,false,ספריי בטעמים - ממתק 30גר,,,סוכריות ספריי בטעמים,יחידה,0.00,יחידה,false,,2.90,0.0000,true,1,1376532
7290102030330,false,תפוציפס קראנצ מקסיקני 200 גרם,"שטראוס פריטו ליי בע""",IL,תפוציפס קראנצ מקסיקני 200,גרמים,200.00,100 גרם,false,,9.90,0.0495,true,1,1382049
7290102031276,false,מארז 8 יחידות אקטימל משקה יוגורט בטעם תות בננה,מיוצר עי קונדיטוריית,IL,אקטימל 8 תות בננה,גרמים,864.00,100 גרם,false,,19.90,0.0230,true,1,1380759
7290102032334,false,אבקה להכנת משקה קפה בטעם וניל,שטראוס,IL,קפה נמס וניל 200 גר' חדש,גרמים,200.00,100 גרם,false,,26.90,0.1345,true,1,1381494
7290102060764,false,מרידול מברשת שיניים אריזת זוג,יבואן ומשווק: ש. שסט,CH,מרידול מברשת שיניים זוג,יח',2.00,יח',false,,34.90,17.4500,true,1,1377845
7290102060979,false,אלמקס משחת שיניים למניעת עששת 100 מל,יבואן ומשווק: ש. שסט,PL,אלמקס משחת שיניים למניעת,גרמים,100.00,100 גרם,false,,18.90,0.1890,true,1,1377847
7290102062195,false,"אלמקס משחת שיניים אלמקס גוניור 75 מ""ל",יבואן ומשווק: ש. שסט,PE,אלמקס ג'וניור משחת שיניים,גרמים,75.00,100 גרם,false,,15.90,0.2120,true,1,1377850
7290102302246,false,גבינת גאודה הולנדית 200 גרם,מיוצר עי קונדיטוריית,NL,גאודה בקר 200 גרם,גרמים,200.00,100 גרם,false,,24.90,0.1245,true,1,1600226
7290102302833,false,גבינת גאודה הולנדית 150 גרם,קאסמאקרי הנרי ויליך,NL,גאודה בקר 150 גרם פר,גרמים,150.00,100 גרם,false,,19.90,0.1327,true,1,2239183
7290102302840,false,גבינת גאודה עיזים פר,מיוצר עי קונדיטוריית,NL,גאודה עיזים 150גרם פ,גרמים,150.00,100 גרם,false,,29.90,0.1993,true,1,2239189
7290102302864,false,גבינה הולנדית עם פסטו ירוק 34%,הנרי ויליך Henri Willig,NL,גאודה פסטו ירוק 200,גרמים,200.00,100 גרם,false,,34.90,0.1745,true,1,2239731
7290102302888,false,גבינת גאודה כמון 200 גרם,מיוצר עי קונדיטוריית,NL,גאודה עם כמון 200 גר,גרמים,200.00,100 גרם,false,,24.90,0.1245,true,1,2239733
7290102303878,false,אלוויר חמאה נורמנדי 200 גר,אלוויר,FR,חמאה צרפתית נורמנדי,גרמים,200.00,100 גרם,false,,18.90,0.0945,true,1,2325854
7290102390427,false,יוגורט ביו עם קציפת תות 3% שומן 150 ג' מולר,מולר Muller,IL,"Muller Froop תות 150 מ""ל",מיליליטרים,150.00,"100 מ""ל",false,,4.70,0.0313,true,1,1367447
7290102390465,false,יוגורט ביו עם קציפת אפרסק ופסיפלורה 3% שומן 150 ג' מולר,מולר Muller,IL,Muller Froop אפרסק פסיפלו,מיליליטרים,150.00,"100 מ""ל",false,,4.70,0.0313,true,1,1367448
7290102390489,false,יוגורט ביו עם קציפת לימון 3% שומן 150 ג' מולר,מולר Muller,IL,"Muller Froop לימון 150 מ""",מיליליטרים,150.00,"100 מ""ל",false,,4.70,0.0313,true,1,1367449
7290102391844,false,יוגורט ביו עם קציפת פירות יער3% שומן 150 ג' מולר,מולר Muller,IL,Muller Froop פירות יער 15,מיליליטרים,150.00,"100 מ""ל",false,,4.70,0.0313,true,1,1367453
7290102392049,false,גבינה תבור לאפייה 5% 500 ג' צוריאל,מחלבת משק צוריאל,IL,תבור- גבינה לאפייה 5% 500,גרמים,500.00,100 גרם,false,,22.90,0.0458,true,1,1367455
7290102392094,false,חלב עיזים 4.1% צוריאל 1 ל' קרטון,מילקו תעשיות בעמ,IL,חלב עיזים בקרטון 1 ליטר,ליטרים,1.00,ליטר,false,,14.90,14.9000,true,1,1367456
7290102392728,false,"יוגורט מולר ביו 2.8% נטורל 150מ""ל","טרה, פארק תעשיות בע""",IL,מולר ביאנקו נטורל 2.8% 20,גרמים,200.00,100 גרם,false,,3.70,0.0185,true,1,1367464
7290102393039,false,מולר מיקס יוגורט קרמי בתוספת פצפוצי שוקולד 170 ג',מולר Muller,IL,Muller mix פצפוצי שוקולד-,גרמים,170.00,100 גרם,false,,5.40,0.0318,true,1,1367466
7290102393060,false,מיקס יוגורט גליליות וופל קרם אגוזים 170 ג' מולר,מולר Muller,IL,Muller mix גליליות קרם אג,מיליליטרים,170.00,"100 מ""ל",false,,5.40,0.0318,true,1,1367467
7290102393169,false,סימפלי פרוט יוגורט תות 3% שומן 150 ג' מולר,מולר Muller,IL,תות שדה Muller Simply fru,גרמים,150.00,100 גרם,false,,4.80,0.0320,true,1,1367476
7290102393176,false,סימפלי פרוט יוגורט אפרסק 3% שומן 150 ג' מולר,מילקו תעשיות בעמ,IL,אפרסק Muller Simply fruit,גרמים,150.00,100 גרם,false,,4.80,0.0320,true,1,1367477
7290102393190,false,סימפלי פרוט פירות היער 3% שומן 150 ג' מולר,מילקו תעשיות בעמ,IL,פירות יער Muller Simply f,גרמים,150.00,100 גרם,false,,4.80,0.0320,true,1,1367478
7290102393299,false,יוגורט עיזים לשתייה 3% שומן 500 ג' צוריאל,מיוצר עי קוד יצרן HG,IL,יוגורט עיזים לשתייה 3% שו,גרמים,500.00,100 גרם,false,,12.90,0.0258,true,1,1367480
7290102393718,false,גבינת חלומי חלב בקר 28% 200 ג' צוריאל,מחלבת משק צוריאל,IL,חלומי בקר 200 גרם,גרמים,200.00,100 גרם,false,,19.90,0.0995,true,1,1367482
7290102393947,false,סימפלי פרוט יוגורט בטעם קיווי 3% שומן 150 ג' מולר,מילקו תעשיות בעמ,IL,קיווי Muller Simply fruit,גרמים,150.00,100 גרם,false,,4.80,0.0320,true,1,1367485
7290102394081,false,מולר מיקס יוגורט קרמי עם קורנפלקס מצופה שוקולד,מילקו תעשייה בעמ,IL,Muller mix קורנפלקס מצופה,מיליליטרים,170.00,"100 מ""ל",false,,5.40,0.0318,true,1,1367487
7290102394258,false,עז מה 9% מופחתת שומן צוריאל 180 גר,מחלבת משק צוריאל,IL,מה עז 9% 180 גרם,גרמים,180.00,100 גרם,false,,21.90,0.1217,true,1,1367488
7290102394463,false,נעם גבינה צהובה וואקום 28% 500 גרם,טרה,IL,וואקום 28% שומן 500 גרם,גרמים,500.00,100 גרם,false,,26.90,0.0538,true,1,1367492
7290102394821,false,"נעם גבינה צהובה דק דק פ""ח 28% 200 גר",מילקו תעשיות בעמ,IL,"דק דק פ""ח 28% 200 גרם",גרמים,200.00,100 גרם,false,,15.60,0.0780,true,1,1367494
7290102394845,false,פרוסות גבינת נעם מופחתת שומן 9%,מילקו תעשיות בעמ,IL,"דק דק פ""ח 9% 200 גרם",גרמים,200.00,100 גרם,false,,16.90,0.0845,true,1,1367495
7290102395101,false,ממרח גבינה ושוקולד שוקי 200 גר,מילקו תעשיות בעמ,IL,ממרח גבינה ושוקולד 200 גר,גרמים,200.00,100 גרם,false,,10.90,0.0545,true,1,1367499
7290102395217,false,מאגדת שמיניה מולר במתיקות מעודנת 1.2% 8*150 ג',מולר Muller,IL,מאגדת שמיניה מולר ביאנקו,גרמים,1200.00,100 גרם,false,,17.90,0.0149,true,1,1367507
7290102395224,false,מארז 8 גביעים יוגורט ביו בטעם טבעי 1.7%,מולר Muller,IL,מאגדת שמיניה מולר 1.7% בי,גרמים,1200.00,100 גרם,false,,15.90,0.0133,true,1,1367508
7290102395231,false,מולר נטורל 2.8% ביאנקו מאגדת 8 יח' * 150 ג',מולר Muller,IL,מאגדת שמינייה 2.8% מולר נ,גרמים,1200.00,100 גרם,false,,15.90,0.0133,true,1,1367509
7290102395408,false,נעם גבינה צהובה 28% במשקל,טרה,IL,חריץ גבינה צהובה נעם 28%,קילוגרמים,1.00,"ק""ג",true,,44.75,44.7500,true,1,1367514
7290102395439,false,מארז 8 גביעים יוגורט בטעם פירות יער וקיווי 3% Simply Fruit,מילקו תעשיות בעמ,IL,מאגדת שמינייה סימפלי פירו,גרמים,1200.00,100 גרם,false,,29.90,0.0249,true,1,1367515
7290102395446,false,מעדן חלב בטעם וניל עם קצפת 123 ג' טרה,טרה,IL,מוו וניל קצפת,גרמים,123.00,100 גרם,false,,2.90,0.0236,true,1,1367516
7290102395477,false,מעדן חלב בטעם שוקולד עם קצפת 123 ג' טרה,טרה,IL,מוו שוקולד קצפת,גרמים,123.00,100 גרם,false,,2.90,0.0236,true,1,1367519
7290102395521,false,"שמנת לבישול 15% שומן 500 מ""ל טרה",מילקו תעשיות בעמ,IL,"שמנת לבישול 15% 500 מ""ל",מיליליטרים,500.00,"100 מ""ל",false,,15.90,0.0318,true,1,1367520
7290102396436,false,מעדן שוקולד 1.5% שומן 125 ג' טרה,טרה,IL,מוו מעדן שוקולד 1.5% 125,גרמים,125.00,100 גרם,false,,2.70,0.0216,true,1,1367557
7290102396443,false,מעדן וניל 1.5% שומן 125 ג' טרה,טרה,IL,מוו מעדן וניל 1.5% 125 גר,גרמים,125.00,100 גרם,false,,2.70,0.0216,true,1,1367558
7290102396580,false,מעדן שוקולד ומוס שוקולד 123 ג' טרה,טרה,IL,מעדן מוו שוקולד ומוס שוקו,גרמים,123.00,100 גרם,false,,2.90,0.0236,true,1,1367566
7290102396597,false,מעדן מוו וניל ומוס שוקולד 123 גר,טרה,IL,מעדן מוו וניל ומוס שוקולד,גרמים,123.00,100 גרם,false,,2.90,0.0236,true,1,1367567
7290102396665,false,פרוסות גבינת נעם מופחתת שומן 15%,מילקו תעשיות בעמ,IL,גבינה צהובה דק דק 15,גרמים,200.00,100 גרם,false,,15.60,0.0780,true,1,1441988
7290102396672,false,זבינה צהובה נעם דק דק 9% 360 גר,טרה,IL,גבינה צהובה 9% נעם 3,גרמים,360.00,100 גרם,false,,25.90,0.0719,true,1,1438459
7290102397204,false,פרוסות גבינה 22% שומן 200 ג' נעם,מילקו תעשיות בעמ,IL,גבינה צהובה 22% נעם,גרמים,200.00,100 גרם,false,,15.60,0.0780,true,1,1438453
7290102397464,false,יוגורט ביו בתוספת גרעינים אגוזים וחמוציות 170 ג' מולר,מולר Muller,IL,יוגורט מיקס מולר נטו,גרמים,170.00,100 גרם,false,,5.40,0.0318,true,1,1800391
7290102397600,false,מיקס יוגורט בתוספת שקדים ובוטנים מקורמלים 170 ג' מולר,מילקו תעשייה בעמ,IL,יוגורט מיקס מולר שקד,גרמים,170.00,100 גרם,false,,5.40,0.0318,true,1,1478676
7290102397617,false,יוגורט ביו קרמי עם כדורים מצופים שוקולד חום לבן,מולר Muller,IL,יוגורט מיקס מולר קלי,גרמים,170.00,100 גרם,false,,5.40,0.0318,true,1,1478677
7290102397730,false,פרוסות גבינה אמנטל חצי קשה 30% שומן 200 ג' נעם,טרה,IL,גבינה אמנטל 200 גר נ,גרמים,200.00,100 גרם,false,,16.90,0.0845,true,1,1939658
7290102397747,false,פרוסות גבינת מוצרלה נעם מחלב בקר 22%,טרה,IL,מוצרלה נעם 200 גרם ר,גרמים,200.00,100 גרם,false,,17.90,0.0895,true,1,1789948
7290102397891,false,גבינת מותכת 18% צוריאל 100ג',משק צוריאל,IL,גבינה מותכת משק צורי,גרמים,100.00,100 גרם,false,,6.90,0.0690,true,1,1589956
7290102398065,false,**חלב בקרטון 2 ליטר 3% מהדרין - טרה,טרה,IL,חלב קרטון 2 ליטר 3%,ליטרים,2.00,ליטר,false,,12.40,6.2000,true,1,1820950
7290102398560,false,שוקו מעושר בבקבוק 1ל' טרה,מילקו תעשיות בעמ,IL,שוקו 1 ליטר טרה,ליטרים,1.00,ליטר,false,,10.90,10.9000,true,1,1911420
7290102398577,false,משקה חלב בטעם שוקו 2% בבקבוק אישי,מילקו תעשיות בעמ,IL,שוקו טרה מועשר בבקבו,מיליליטרים,250.00,"100 מ""ל",false,,5.20,0.0208,true,1,1911382
7290102398614,false,משקה חלב בטעם בננה 1 ליטר טרה,מילקו תעשיות בעמ,IL,משקה חלב בטעם בננה 1,ליטרים,1.00,ליטר,false,,10.90,10.9000,true,1,1911421
7290102398638,false,משקה חלב בטעם מוקה 1 ליטר טרה,מילקו תעשיות בעמ,IL,משקה חלב בטעם מוקה 1,ליטרים,1.00,ליטר,false,,10.90,10.9000,true,1,1911422
7290102398669,false,משקה חלב עם קפה אייס קפוצ'ינו 1.5%,מילקו תעשיות בעמ,IL,אייס קפוצינו 1 ליטר,ליטרים,1.00,ליטר,false,,10.90,10.9000,true,1,2245838
7290102398782,false,משקה סויה קלאסי משק צוריאל 1 ליטר,מחלבת משק צוריאל,IT,משקה סויה קלאסיק צור,ליטרים,1.00,ליטר,false,,9.90,9.9000,true,1,2218825
7290102398836,false,משקה שקדים קלאסי משק צוריאל 1 ליטר,מחלבת משק צוריאל,IT,משקה שקדים קלאסיק צו,ליטרים,1.00,ליטר,false,,11.90,11.9000,true,1,2218846
7290102399048,false,פרוסות גבינת קשקבל נעם 200 ג' טרה,מילקו,IL,קשקבל נעם 200 גרם רכ,גרמים,200.00,100 גרם,false,,22.90,0.1145,true,1,2154733
7290102399635,false,"מולר פרופ יוגורט ביו עם קציפת קוקוס ואננס 150 מ""ל",מולר Muller,IL,יוגורט מולר פרופ 4.1,מיליליטרים,150.00,"100 מ""ל",false,,4.70,0.0313,true,1,2247829
7290102399697,false,סימפלי פרוט מנגו 1.5% שומן 150 ג' מולר,מילקו,IL,יוגורט מולר סימפלי פ,גרמים,150.00,100 גרם,false,,4.80,0.0320,true,1,2218873
7290102399796,false,מעדן יוגורט לבן מועשר בחלבון 200 ג' מולר אקטיב,מולר Muller,IL,יוגורט מולר לבן מועש,גרמים,200.00,100 גרם,false,,5.50,0.0275,true,1,2223092
7290102399802,false,יוגורט עם תות מולר אקטיב מועשר בחלבון 200 גר',מולר Muller,IL,יוגורט מולר אקטיב עם,גרמים,200.00,100 גרם,false,,5.80,0.0290,true,1,2223093
7290102399819,false,יוגורט עם פירות יער מולר אקטיב מועשר בחלבון 200 גר',מולר Muller,IL,יוגורט מולר אקטיב עם,גרמים,200.00,100 גרם,false,,5.80,0.0290,true,1,2223103
7290102399857,false,"יוגורט אקטיב עם תות 0% , 20 גרם חלבון בגביע",מולר Muller,IL,יוגורט מולר אקטיב עם,גרמים,200.00,100 גרם,false,,5.80,0.0290,true,1,2243421
7290102842346,false,סוויט לוז- ממתיק דל קלוריות,,,סוויט לוז ממתיק דל ק,יח',100.00,יח',false,,19.90,0.1990,true,1,1368614
7290102842360,false,תערובת להכנת סופלה בטעם שוקולד בלגי,י.כהן Kahan's,,תערובת להכנת סופלה ש,גרמים,250.00,100 גרם,false,,15.90,0.0636,true,1,1368615
7290102844265,false,תערובת להכנת בליל טמפורה 500ג',,,תערובת להכנת בלילה ט,גרמים,500.00,100 גרם,false,,10.90,0.0218,true,1,1502676
7290102844364,false,תערובת להכנת עוגת שי,,,תערובת להכנת סופלה ש,גרמים,250.00,100 גרם,false,,15.90,0.0636,true,1,1509953
7290103091460,false,"אדם דאו ספריי לגבר בייסיק 200 מ""ל",זוהר קוסמטיקס,IL,דאו אדם ביסיק 200 מל,מיליליטרים,200.00,"100 מ""ל",false,,14.90,0.0745,true,1,1375411
7290103120658,false,דאודורנט סטיק ג'ל לגבר Cool Night 24/7,הנסיך- מפעל לייצור ט,US,ספיד סטיק 24/7 גל שחור,גרמים,50.00,100 גרם,false,,17.90,0.3580,true,1,1377857
7290103121600,false,"ספיד סטיק - דאודורנט ספריי לגבר 24/7 קול פיוזן 150 מ""ל",קולגייט פלמוליב,RU,ספיד סטיק 24/7 ספריי כתום,מיליליטרים,50.00,"100 מ""ל",false,,14.90,0.2980,true,1,1377858
7290103124588,false,"פלמוליב סבון נוזלי סגול משאבה 750 מ""ל",הנסיך- מפעל לייצור ט,TR,פלמוליב סבון נוזלי ארומה,מיליליטרים,750.00,"100 מ""ל",false,,16.90,0.0225,true,1,1377863
7290103124601,false,"תחליב רחצה נוזל חלב ודבש משאבה 750מ""ל פלמוליב",הנסיך- מפעל לייצור ט,TR,פלמוליב חלב ודבש 750מל חד,מיליליטרים,750.00,"100 מ""ל",false,,16.90,0.0225,true,1,1377864
7290103126797,false,משחת שיניים סנסיטיב פרו רליף Sensitive Pro - Reliefe,הנסיך- מפעל לייצור ט,BR,קולגייט סנסיטיב פרו ריליף,מיליליטרים,75.00,"100 מ""ל",false,,14.90,0.1987,true,1,1377873
7290103128739,false,בלונס צימרוני אוזניים לתינוק 50 יח',הנסיך- מפעל לייצור ט,GR,בלונס מקלות אוזניים תינוק,יח',50.00,יח',false,,5.90,0.1180,true,1,1377881
7290103129378,false,ספיד סטיק - דאודורנט ג'ל לגבר איקס 5 85 גרם,הנסיך- מפעל לייצור ט,US,ספיד סטיק גל X5,גרמים,85.00,100 גרם,false,,17.90,0.2106,true,1,1377886
7290103129392,false,ליידי ספיד סטיק פרש אינפיוזן ורוד,ליידי ספיד סטיק Lady Speed Stick,US,לסס פרש אסנס פרח הפרזיה ס,גרמים,65.00,100 גרם,false,,17.90,0.2754,true,1,1377887
7290103129637,false,בלונס פדים אובאליים להסרת איפור 40 יח,הנסיך- מפעל לייצור ט,GR,בלונס פדים אובאליים להסרת,יח',40.00,יח',false,,7.90,0.1975,true,1,1377890
7290103400194,false,"כרוב לבן 400 גר בד""צ ירקות שטראוס","טרופיקל דגיל בע""מ אז",IL,כרוב לבן 400 ג' ירקות שט,גרמים,400.00,100 גרם,false,,8.90,0.0223,true,1,1380764
7290103401429,false,קפה קצב ברזילאי אוריגינס 200 גר,הנסיך- מפעל לייצור ט,IL,קפה קצב ברזילאי,גרמים,200.00,100 גרם,false,,29.90,0.1495,true,1,1381507
7290103404758,false,כרוב אדום במיונז אחל,מיוצר עי קונדיטוריית,IL,כרוב 120,גרמים,120.00,100 גרם,false,,4.50,0.0375,true,1,1380768
7290103408206,false,עלי חסה בקופסא 250 גרם ירקות שטראוס,שטראוס בריאות ירקות,IL,עלי חסה בקופסא 250 גרם יר,גרמים,250.00,100 גרם,false,,9.90,0.0396,true,1,1380774
7290103681180,false,"יין הר מרלו מיתוג תנשמת 750 מ""ל",מיוצר על ידי יקב תבו,IL,יין תבור הר מרלו 750,מיליליטרים,750.00,"100 מ""ל",false,,34.90,0.0465,true,1,2098936
7290103681388,false,"יין תבור שרדונה 750 מ""ל",יקב תבור,IL,יין תבור שרדונה 750,מיליליטרים,750.00,"100 מ""ל",false,,59.90,0.0799,true,1,2098950
7290103702540,false,נייר טואלט מהדרות כדור פורח 30 גלילים טאצ',טאץ' Touch,,נייר טואלט 30,מטרים,504.00,מטר,false,,35.90,0.0712,true,1,2338967
7290103702649,false,מארז חמישייה מגבוני טישו דו שכבתי,שניב,IL,ממחטות טישו חמישייה,יח',500.00,יח',false,,13.90,0.0278,true,1,2377921
7290103702687,false,מגבות נייר - מארז 8 גלילים,פרפקט Perfect,,מגבות נייר 8 יחידות,מטרים,84.64,מטר,false,,12.90,0.1524,true,1,1455092
7290103702731,false,מגבות נייר - מארז 6 גלילים,פרפקט Perfect,,מגבות נייר 6 יחידות,מטרים,63.48,מטר,false,,12.90,0.2032,true,1,1466264
7290103702748,false,מגבות נייר - מארז 12 גלילים,פרפקט Perfect,,מגבות נייר 12 יחידות,מטרים,126.96,מטר,false,,16.90,0.1331,true,1,1466624
7290103702755,false,נייר טואלט דו שכבתי - מארז 32 גלילים,פרפקט Perfect,,נייר טואלט דו שכבתי,מטרים,573.44,מטר,false,,27.90,0.0487,true,1,1467896
7290103702908,false,ממחטות נייר- מארז חמישייה,פרפקט Perfect,,ממחטות טישו 5 יחידות,יח',500.00,יח',false,,12.90,0.0258,true,1,1518656
7290103702915,false,נייר טואלט דו שכבתי - מארז 48 גלילים,פרפקט Perfect,,נייר טואלט דו שכבתי,מטרים,860.16,מטר,false,,34.90,0.0406,true,1,1522901
7290104061417,false,חומוס טחינה אחלה 400 ג',"שטראוס גרופ בע""מ",IL,חומוס טחינה 400 גרם,גרמים,400.00,100 גרם,false,,9.90,0.0248,true,1,1380775
7290104061424,false,חומוס אחלה עם זעתר 400 ג',מיוצר עי קונדיטוריית,IL,חומוס זעתר 400 גרם,גרמים,400.00,100 גרם,false,,9.90,0.0248,true,1,1380776
7290104062599,false,מארז 8 יחידות מעדן גמדים בטעמי תות ובננה,שטראוס דנונה,IL,8 גמדים תות בננה,גרמים,800.00,100 גרם,false,,17.90,0.0224,true,1,1380779
7290104065187,false,אבקה להכנת משקה קפה בטעם מוקה,שטראוס,IL,קפה נמס מוקה 200 גר',גרמים,200.00,100 גרם,false,,26.90,0.1345,true,1,1381544
7290104065934,false,עלי רוקט 150 גרם שטראוס,שטראוס בריאות ירקות,IL,עלי רוקט 150 ג' ירקות שטר,גרמים,150.00,100 גרם,false,,9.90,0.0660,true,1,1380782
7290104066566,false,טחינה משומשום מלא 50,מיוצר עי קונדיטוריית,IL,טחינה משומשום מלא 500 גרם,גרמים,500.00,100 גרם,false,,13.90,0.0278,true,1,1380784
7290104067693,false,אחלה חומוס עם חריף 150 גרם,מיוצר עי קונדיטוריית,IL,חומוס 150 חריף,גרמים,150.00,100 גרם,false,,4.90,0.0327,true,1,1380787
7290104068539,false,מאסט פליפטופ מלון ואבטיח ללא גרעינים,"שטראוס גרופ בע""מ",IL,MUST LL פליפ. אבטיח מלון,גרמים,28.00,100 גרם,false,,3.90,0.1393,true,1,1381552
7290104068546,false,גומי מאסט בטעם לימון קולה ללא סוכר 28 ג' עלית,"שטראוס גרופ בע""מ",IL,MUST פליפ קולה,גרמים,28.00,100 גרם,false,,3.90,0.1393,true,1,1381553
7290104501661,false,פודינג אינסטנט בטעם וניל צרפתי 80 גר,מיוצר עי קונדיטוריית,IL,אסם פודינג אינסטנט בטעם ו,גרמים,80.00,100 גרם,false,,5.50,0.0688,true,1,1344936
7290104503184,false,עוגת שבת בראוניס שוקולד ריבת חלב 380 גרם,מיוצר עי קונדיטוריית,IL,אסם הבית עוגת בראוניס בטע,גרמים,380.00,100 גרם,false,,15.90,0.0418,true,1,1344945
7290104504228,false,מארז אריזות מיני חטיף דובונים - 5 יח',"אסם תעשיות בע""מ",IL,חבורת דובונים 20 גרם מאר,גרמים,100.00,100 גרם,false,,12.90,0.1290,true,1,1344953
7290104509353,false,בונז'ור עוגת בריוש פרג 550 ג',בונז'ור,IL,בונז'ור עוגת בריוש פרג,גרמים,550.00,100 גרם,false,,29.90,0.0544,true,1,1344975
7290104570131,false,"תמר מג'הול שחור 1ק""ג",,,"תמר מגהול 1 ק""ג",גרמים,1000.00,100 גרם,false,,19.90,0.0199,true,1,1428711
7290104570162,false,תמרים ללא חרצנים תמר כבוש 500 גרם,תמר העמקים בית שאן,IL,תמר כבוש 500 גרם,גרמים,500.00,100 גרם,false,,12.90,0.0258,true,1,1358252
7290104570629,false,ממרח גביע ירוק 450 ג' ירדן,"תמר העמקים בע""מ",,ממרח תמרים 450 גרם ב,גרמים,450.00,100 גרם,false,,4.90,0.0109,true,1,1423855
7290104570735,false,הדקלאים סילאן טהור 5,,,סילאן לחיץ 500 גרם,גרמים,500.00,100 גרם,false,,14.90,0.0298,true,1,1464606
7290104720499,false,מארז 8 יחידות מעדן דני בטעם וניל 1.5%,מיוצר עי קונדיטוריית,IL,מארז 8 דני וניל,גרמים,1000.00,100 גרם,false,,15.90,0.0159,true,1,1380790
7290104721533,false,רצועות פלפלים קלויים אחלה 400 ג',מיוצר עי קונדיטוריית,IL,פלפל קלויים 400,גרמים,400.00,100 גרם,false,,13.90,0.0348,true,1,1380796
7290104721953,false,לקט מסולסלים 350 גר ירקות שטראוס,תות תעשיות מזון (201,IL,לקט מסולסלים 350 ג' ירקות,גרמים,350.00,100 גרם,false,,12.90,0.0369,true,1,1380797
7290104722530,false,תפוצ'יפס שמנת בצל 200 גרם,"שטראוס פריטו ליי בע""",IL,תפוצ'יפס שמנת בצל 200 גר,גרמים,200.00,100 גרם,false,,9.90,0.0495,true,1,1382062
7290104726262,false,מארז 4 יחידות דני לשתייה בטעם שוקולד + קשים,מיוצר עי קונדיטוריית,IL,מארז 4 דני לשתייה,גרמים,500.00,100 גרם,false,,10.90,0.0218,true,1,1380808
7290104726712,false,מארז 8 יחידות מעדן מילקי בטעם שוקולד עם קצפת,"שטראוס גרופ בע""מ",IL,מארז 8 מילקי שוקולד,גרמים,1064.00,100 גרם,false,,19.90,0.0187,true,1,1380810
7290104728310,false,"שמנת עמידה לקצפת 38% שומן 250 מ""ל יוטבתה",שטראוס גרופ,IL,שמנת להקצפה 38% מהדרין,מיליליטרים,250.00,"100 מ""ל",false,,6.10,0.0244,true,1,1380817
7290104729010,false,"לבן בטעם תות יטבתה 100 מ""ל מהדרין",שטראוס גרופ,IL,לבן בטעם תות 100 מל'- מהד,גרמים,100.00,100 גרם,false,,1.40,0.0140,true,1,1380821
7290104960239,false,"תחליב רחצה נקה 7 ארומה לבן 750 מ""ל","אמיליה קוסמטיקס בע""מ",IL,תחליב רחצה ארומה קמומיל 7,מיליליטרים,750.00,"100 מ""ל",false,,10.90,0.0145,true,1,1383721
7290104960338,false,"נקה 7 תחליב רחצה ארומה אלוורה ותה ירוק 750מ""ל","אמיליה קוסמטיקס בע""מ",IL,תחליב רחצה ארומה אלוורה ו,מיליליטרים,750.00,"100 מ""ל",false,,10.90,0.0145,true,1,1383724
7290104960352,false,"נקה 7 תחליב רחצה ארומה שקד וניל 750מ""ל","אמיליה קוסמטיקס בע""מ",IL,תחליב רחצה ארומה וניל שקד,מיליליטרים,750.00,"100 מ""ל",false,,10.90,0.0145,true,1,1383726
7290104960970,false,דאודורנט ספריי טיטניום מטאל Titanium Metal,אמיליה קוסמטיקס בעמ,IL,"דאו.טיטניום מטאל 180 מ""ל",מיליליטרים,180.00,"100 מ""ל",false,,14.90,0.0828,true,1,1383773
7290104961205,false,"נקה 7 תחליב רחצה מגע קטיפה מ""לפפון קיווי 750 מ""ל","אמיליה קוסמטיקס בע""מ",IL,תח.רחצה נקה7 מלפפון 750 מ,מיליליטרים,750.00,"100 מ""ל",false,,10.90,0.0145,true,1,1383792
7290104961243,false,"נקה 7 תחליב רחצה מגע קטיפה קוקוס ליים 750 מ""ל","אמיליה קוסמטיקס בע""מ",IL,"תח.רחצה נקה7 קוקוס 750מ""ל",מיליליטרים,750.00,"100 מ""ל",false,,10.90,0.0145,true,1,1383796
7290104961526,false,דאודורנט ספריי גוף טיטניום קלאסיק Titanium Classic,"אמיליה קוסמטיקס בע""מ",IL,טיטניום ספריי קלאסי150מ,מיליליטרים,150.00,"100 מ""ל",false,,12.90,0.0860,true,1,1383803
7290104961533,false,דאודורנט ספריי גוף טיטניום בלק Titanium Black,אמיליה קוסמטיקס,IL,טיטניום ספריי בלק 150מ,מיליליטרים,150.00,"100 מ""ל",false,,12.90,0.0860,true,1,1383804
7290104961557,false,"טיטניום - דאודורנט ספריי לגבר בלו 150 מ""ל","אמיליה קוסמטיקס בע""מ",IL,טיטניום ספריי אייס 150מ,מיליליטרים,150.00,"100 מ""ל",false,,12.90,0.0860,true,1,1383806
7290104961878,false,"שמפו לשיער קרטין אינטנס פורמולה 400 מ""ל נטורל",נטורל פורמולה Natural Formula,IL,"שמפו קרטין נטורל 400 מ""ל",מיליליטרים,400.00,"100 מ""ל",false,,29.90,0.0747,true,1,1383818
7290104961885,false,מרכך קרטין טהור לשיער שעבר החלקה או עיצוב בחום,נטורל פורמולה Natural Formula,IL,"מרכך קרטין נטורל 400 מ""ל",מיליליטרים,400.00,"100 מ""ל",false,,29.90,0.0747,true,1,1383819
7290104961892,false,מסכת קרטין טהור לשיער שעבר החלקה או עיצוב בחום,נטורל פורמולה Natural Formula,IL,"מסכת קרטין נטורל 350 מ""ל",מיליליטרים,350.00,"100 מ""ל",false,,39.90,0.1140,true,1,1383820
7290104961991,false,"סבון בניחוח חמאה שיאה שחור נקה 7 שלישייה * 500 מ""ל",אמיליה קוסמטיקס,IL,נקה 7 - שלישיית אלסבון מפ,מיליליטרים,1500.00,"100 מ""ל",false,,17.90,0.0119,true,1,1383825
7290104962080,false,"טיטניום - דאודורנט ספריי לגבר גולד 150 מ""ל",משווק: קוסמופארם בעמ,IL,ספריי גוף טיטניום 150מ,מיליליטרים,150.00,"100 מ""ל",false,,12.90,0.0860,true,1,1383833
7290104962134,false,דאודורנט רול און נושם+ For Girls ללא אלומיניום,אמיליה קוסמטיקס,IL,דאו.קרליין רול און נושם ל,מיליליטרים,75.00,"100 מ""ל",false,,12.90,0.1720,true,1,1383837
7290104962585,false,דאודורנט רול און נושם +אינביזיבל ללא סימנים לבנים,קרליין Careline,IL,דאודורנט רול און נו,מיליליטרים,75.00,"100 מ""ל",false,,12.90,0.1720,true,1,1601663
7290104962684,false,"קרליין - נושם דאודורנט רול און לאישה ללא אלומיניום 75 מ""ל",אמיליה קוסמטיקס,IL,דאו.קרליין רול און נושם ל,מיליליטרים,75.00,"100 מ""ל",false,,12.90,0.1720,true,1,1383848
7290104962707,false,קרליין 25 מגבונים להסרת איפור דיספנסר,General,IL,25 מגבונים להסרת איפ,יח',25.00,יח',false,,9.90,0.3960,true,1,1383849
7290104962844,false,"שמפו אמפולה לטיפול אינטנסיבי לשיער יבש, צבוע ופגום",נטורל פורמולה Natural Formula,IL,שמפו נטורל פורמולה א,מיליליטרים,400.00,"100 מ""ל",false,,29.90,0.0747,true,1,1403461
7290104962851,false,"מרכך אמפולה לטיפול אינטנסיבי לשיער יבש, צבוע ופגום",נטורל פורמולה Natural Formula,IL,מרכך נטורל פורמולה א,מיליליטרים,400.00,"100 מ""ל",false,,29.90,0.0747,true,1,1403462
7290104962868,false,"מסכת אמפולה לטיפול אינטנסיבי לשיער יבש, צבוע ופגום",נטורל פורמולה Natural Formula,IL,"מסכת קרטין נטורל 350 מ""ל",מיליליטרים,350.00,"100 מ""ל",false,,39.90,0.1140,true,1,1406121
7290104963223,false,סופטקר - אל סבון עדין לתינוק לעור רגיש 1 ליטר,החברה הדרומית,IL,אל סבון סופטקר נוזלי,ליטרים,1.00,ליטר,false,,18.90,18.9000,true,1,1471231
7290104963650,false,סופטקר - שמפו אל דמע 1 ליטר,סופטקר Softcare,IL,שמפו אל דמע סופטקר 1,ליטרים,1.00,ליטר,false,,18.90,18.9000,true,1,1471232
7290104963667,false,אלסבון ושמפו אל דמע 2 ב1 סופטקר 1 ליטר,קוסמופארם בע''מ,IL,אלסבון +שמפו אל דמע,ליטרים,1.00,ליטר,false,,18.90,18.9000,true,1,1471233
7290104963711,false,"שמפו סופטקר אלדמע משאבה 770 מ""ל",גוד פוד פרודקטס S.p,IL,שמפו אל דמע סופטקר 7,מיליליטרים,770.00,"100 מ""ל",false,,18.90,0.0245,true,1,1870624
7290104964350,false,אל סבון עשיר בלחות בניחוח פרחי מים - מארז 3 יח',נקה 7,IL,שלישייה סבון נוזלי נ,מיליליטרים,1500.00,"100 מ""ל",false,,17.90,0.0119,true,1,1496774
7290104965654,false,קרליין נושם דאו סטיק סוויט קיס לנערות 50,החברה הדרומית,IL,דאודורנט סטיק נושם ב,גרמים,50.00,100 גרם,false,,16.90,0.3380,true,1,2291924
7290105100252,false,סט קוצצים,,,סט קוצצים,יחידה,0.00,יחידה,false,,9.90,0.0000,true,1,2243766
7290105100290,false,פצירה שחורה / קרטון,,,פצירה שחורה / קרטון,יחידה,0.00,יחידה,false,,9.90,0.0000,true,1,2243770
7290105100375,false,פצירה דוצדדי,,,פצירה דוצדדי,יחידה,0.00,יחידה,false,,9.90,0.0000,true,1,2243777
7290105107237,false,תיק רחצה,,,תיק רחצה,יחידה,0.00,יחידה,false,,19.90,0.0000,true,1,1399269
7290105108944,false,מברשת שיער מודפס/פות,,,מברשת שיער מודפס/פות,יחידה,0.00,יחידה,false,,14.90,0.0000,true,1,1543702
7290105360250,false,קפסולות 09 עשיר וארומטי למכונת נספרסו עלית 10יח',הנסיך- מפעל לייצור ט,IL,קפסולות מקיאטו למכונות נס,גרמים,50.00,100 גרם,false,,16.50,0.3300,true,1,1381600
7290105360328,false,קפסולות אספרסו חזק למכונות נספרסו 10 יח',הנסיך- מפעל לייצור ט,IL,קפסולות אספרסו חזק למכונו,גרמים,50.00,100 גרם,false,,16.50,0.3300,true,1,1381601
7290105360335,false,קפסולות אספרסו למכונות נספרסו 50 גר,הנסיך- מפעל לייצור ט,IL,קפסולות אספרסו מעודן למכו,גרמים,50.00,100 גרם,false,,16.50,0.3300,true,1,1381602
7290105360755,false,"שמן זית 3 חזק 750 מ""ל יד מרדכי",מכוורת יד מרדכי שטרא,IL,"שמן זית 3 חזק 750 מ""ל",מיליליטרים,750.00,"100 מ""ל",false,,33.90,0.0452,true,1,1381609
7290105360762,false,"שמן זית 1 עדין 750 מ""ל יד מרדכי",מכוורת יד מרדכי שטרא,IL,"שמן זית 1 עדין 750 מ""ל",מיליליטרים,750.00,"100 מ""ל",false,,33.90,0.0452,true,1,1381610
7290105360878,false,תפוציפס טבעי 50 גרם מארז רביעייה,"שטראוס פריטו ליי בע""",IL,מארז תפוציפס 50*4,גרמים,200.00,100 גרם,false,,9.90,0.0495,true,1,1382069
7290105362339,false,"שמנת לבישול 15% 250 מ""ל יטבתה מהדרין",שטראוס גרופ,IL,שמנת לבישול 15% מהדרין,מיליליטרים,250.00,"100 מ""ל",false,,5.90,0.0236,true,1,1380826
7290105363602,false,כיף כף - מקלות קלאסי 40 גרם,"איי, בי, אינבוו",TR,כיף כף מקלות קלאסי 20% תו,גרמים,40.00,100 גרם,false,,4.90,0.1225,true,1,1381619
7290105364289,false,כיף כף - מקלות פצפוצים 40 גרם,"איי, בי, אינבוו",TR,כיף כף מקלות פצפוצים 20%,גרמים,40.00,100 גרם,false,,4.90,0.1225,true,1,1381621
7290105364302,false,"עלית חטיף שוקולד כיף כף מקלות אגוזים, 40 גרם","איי, בי, אינבוו",TR,חטיף כיף כף מקלות אג,גרמים,42.00,100 גרם,false,,4.90,0.1167,true,1,1381622
7290105364678,false,משקה אקטיביה בטעם אפרסק 1.3% שומן 265 ג' דנונה,מיוצר עי קונדיטוריית,IL,משקה אקטיביה אפרסק 1.2% ב,מיליליטרים,250.00,"100 מ""ל",false,,4.90,0.0196,true,1,1380828
7290105366023,false,חציל אחלה בטעם כבד 400 גר' אחלה,מיוצר עי קונדיטוריית,IL,חציל בטעם כבד 400 גרם,גרמים,400.00,100 גרם,false,,13.90,0.0348,true,1,1380835
7290105366047,false,טחינה אחלה לבנה 400 גר',מיוצר עי קונדיטוריית,IL,טחינה לבנה 400 גר,גרמים,400.00,100 גרם,false,,13.90,0.0348,true,1,1380837
7290105366993,false,גבינה לבנה סימפוניה עם תוספות 200 ג' פלפל שיפקה,"שטראוס בריאות בע""מ",IL,סימפוניה פילפל שיפקה חריף,גרמים,200.00,100 גרם,false,,10.90,0.0545,true,1,1380844
7290105368331,false,מעדן מילקי בטעם תות עם קצפת,מחלבת אחיהוד,IL,מילקי תות,גרמים,133.00,100 גרם,false,,2.80,0.0211,true,1,1380859
7290105368904,false,"שמנת מתוקה להקצפה 32% שומן 250 מ""ל יוטבתה",שטראוס גרופ,IL,שמנת מתוקה להקצפה 32% מהד,מיליליטרים,250.00,"100 מ""ל",false,,6.90,0.0276,true,1,1380870
7290105368928,false,"שמנת 9% שומן 200 מ""ל יוטבתה",שטראוס גרופ,IL,שמנת 9% 200 גר-מהדרין,גרמים,200.00,100 גרם,false,,3.00,0.0150,true,1,1380871
7290105369130,false,סימפוניה גבינה במרקם שמנת בצל ירוק 5%,"שטראוס בריאות בע""מ",IL,סימפוניה בצל ירוק,גרמים,200.00,100 גרם,false,,10.90,0.0545,true,1,1380875
7290105369451,false,צ'יטוס אפוי דולפינים בטעם גבינה,שטראוס פריטו ליי (מל,IL,צטוס דולפינים 55,גרמים,55.00,100 גרם,false,,3.50,0.0636,true,1,1382073
7290105430441,false,פלמוליב ס.נוזלי סחלב שחור 750 מל משאבה,הנסיך- מפעל לייצור ט,TR,פלמוליב סחלב שחור 750מל ח,מיליליטרים,750.00,"100 מ""ל",false,,16.90,0.0225,true,1,1377892
7290105430458,false,"פלמוליב - תחליב רחצה נטורלס שקדים 750 מ""ל",הנסיך- מפעל לייצור ט,TR,פלמוליב שקדים 750מל חדש,מיליליטרים,750.00,"100 מ""ל",false,,16.90,0.0225,true,1,1377893
7290105431516,false,פרי חטיף תמרים ובוטנים ללא סוכר חמישיה,טבעית מוצרים מן הטבע,IL,פרי חטיפי בריאות מארז 5 ת,גרמים,125.00,100 גרם,false,,15.90,0.1272,true,1,1377903
7290105431868,false,"פלמוליב ספא קוקוס גרגרים נוזלי 500 מ""ל",הנסיך- מפעל לייצור ט,TR,פלמוליב ספא קוקוס גרגרים,מיליליטרים,500.00,"100 מ""ל",false,,15.90,0.0318,true,1,1377908
7290105434029,false,"ספיד סטיק - דאודורנט ספריי לגבר נוטרו פאואר 150 מ""ל",הנסיך- מפעל לייצור ט,RU,ספיד סטיק נוטרו ספריי,מיליליטרים,165.00,"100 מ""ל",false,,14.90,0.0903,true,1,1377925
7290105434067,false,ספיד סטיק - דאודורנט סטיק לגבר XL אושן סרף 85 גרם,קולגייט פלמוליב,US,דאודורנט ספיד סטיק 8,גרמים,85.00,100 גרם,false,,17.90,0.2106,true,1,1442036
7290105436382,false,חטיף מארז פרי אנרגיה תמרים עם קשיו 125,טבעית מוצרים מן הטבע,IL,פרי מארז 5 תמרים קשיו,גרמים,125.00,100 גרם,false,,15.90,0.1272,true,1,1377930
7290105438539,false,קוקי נייר אפייה 40 יח',קוקי,IL,נייר אפייה קוקי,יח',40.00,יח',false,,12.90,0.3225,true,1,1966422
7290105438546,false,קוקי נייר אפייה פרימיום 40 יח',קוקי,IL,נייר אפייה קוקי פרימ,יח',40.00,יח',false,,12.90,0.3225,true,1,1966423
7290105439499,false,מיונז הולנדי 481 ג' מאסטר שף,רמיה סי.וי. הולנד,NL,מיונז מאסטר שף,גרמים,481.00,100 גרם,false,,11.90,0.0247,true,1,1452963
7290105439505,false,מנה מאסטר שף קרם בטעם מיונז לייט 479 גר,רמיה סי.וי. הולנד,NL,מיונז לייט מאסטר שף,גרמים,479.00,100 גרם,false,,11.90,0.0248,true,1,1685141
7290105439581,false,מנה מאסטר שף חרדל דיזיון צרפתי 370 גר,סאס קווינור,FR,חרדל צרפתי 370 גרם מ,גרמים,370.00,100 גרם,false,,11.90,0.0322,true,1,1450278
7290105500151,false,וודקה פינלנדיה בקבוק,"אלטיה קורפ, הלסינקי,",FI,וודקה פינלנדיה 700 מ,מיליליטרים,700.00,"100 מ""ל",false,,54.90,0.0784,true,1,1821028
7290105541697,false,קינואה 500 גרם,חצי חינם,,קינואה 500 גרם,גרמים,500.00,100 גרם,false,,9.90,0.0198,true,1,1402440
7290105546609,false,בורגר בקר 400 גרם,מעדני הגליל,,בורגר בקר 400 גרם,גרמים,400.00,100 גרם,false,,24.90,0.0622,true,1,1399434
7290105546616,false,קבב רומני 400 גרם,מעדני הגליל,,קבב רומני 400 גרם,גרמים,400.00,100 גרם,false,,24.90,0.0622,true,1,1399435
7290105546623,false,קבב מזרחי 400 גרם,מעדני הגליל,,קבב מזרחי 400 גרם,גרמים,400.00,100 גרם,false,,24.90,0.0622,true,1,1399436
7290105546630,false,קבב כבש 400 גרם,מעדני הגליל,,קבב כבש 400 גרם,גרמים,400.00,100 גרם,false,,29.90,0.0747,true,1,1399437
7290105549792,false,שבבי סבון פרפקט,פרפקט Perfect,,שבבי סבון פרפקט,גרמים,750.00,100 גרם,false,,19.90,0.0265,true,1,1442914
7290105691224,false,פריכונים חטיפי טורטיה שום בצל 60 ג' אוסם,"מיוצר ע""י PT, משווק",IL,אסם חטיפי פריכונים טורטיה,גרמים,60.00,100 גרם,false,,6.90,0.1150,true,1,1344996
7290105691897,false,קוסקוס פלוס עם קמח חיטה מלא,"מיוצר ע""י קוד יצרן K",IL,אסם קוסקוס עם חיטה מלאה 3,גרמים,350.00,100 גרם,false,,6.90,0.0197,true,1,1345005
7290105691934,false,"קמח שמרים 1ק""ג אוסם",תאי פרזידנט פוד פאבל,IL,אסם קמח שמרים לעוגות שמרי,קילוגרמים,1.00,"ק""ג",false,,9.90,9.9000,true,1,1345006
7290105693341,false,במבה מארז 10 יח' * 25 ג' אסם,"אסם תעשיות בע""מ",IL,במבה אריזת תינוק 25 גרם מ,גרמים,250.00,100 גרם,false,,15.90,0.0636,true,1,1345019
7290105693457,false,עוגת הבית דמקה שוקו וניל 320 ג' אסם,מיוצר עי קונדיטוריית,IL,אסם הבית עוגת דמקה בטעם ש,גרמים,320.00,100 גרם,false,,12.90,0.0403,true,1,1345020
7290105693952,false,פירורית זהב אסם זהב שומשום 200 ג',מיוצר עי קונדיטוריית,IL,אסם פירורית זהב עם שומשום,גרמים,200.00,100 גרם,false,,5.50,0.0275,true,1,1345024
7290105694614,false,פסטה ספגטי מהיר הכנה 500ג' אסם,פסטה זארה,IT,אסם פסטה ספגטי מהיר הכנה,גרמים,500.00,100 גרם,false,,6.90,0.0138,true,1,1345031
7290105695024,false,אסם פתיתים אפויים אורז עם איטריות 500 גר,"אסם תעשיות בע""מ",IL,אסם פתיתים אפויים אורז עם,גרמים,500.00,100 גרם,false,,7.90,0.0158,true,1,1345042
7290105695321,false,עוגת שוקולד בראוניז פאדג' 380 ג',מיוצר עי קונדיטוריית,IL,אסם הבית עוגת בראוניס פאד,גרמים,380.00,100 גרם,false,,15.90,0.0418,true,1,1345047
7290105962331,false,זחוק אדום תימני מקורי חריף מאוד 220 גר,אף.סי תבליני בגליל ב,IL,סחוג חריף מאד זהבי 220 גר,גרמים,220.00,100 גרם,false,,10.90,0.0495,true,1,1380880
7290105964564,false,סלט חומוס אחלה 400גר,מיוצר עי קונדיטוריית,IL,חומוס 400 גרם,גרמים,400.00,100 גרם,false,,7.90,0.0198,true,1,1462081
7290105965738,false,יוגורט לשתיה בטעם תות בננה267 ג' דנונה,מיוצר עי קונדיטוריית,IL,דנונה לשתיה תות בננה 267ג,גרמים,267.00,100 גרם,false,,4.90,0.0184,true,1,1380895
7290105966469,false,"חומץ בלסמי יד מרדכי 250מ""ל",אצטייה ג'וזפה קרמוני,IT,חומץ בלסמי יד מרדכי,מיליליטרים,250.00,"100 מ""ל",false,,12.90,0.0516,true,1,1381680
7290105968654,false,רביולי בטטה פרווה פסטה נונה 400 ג',מיוצר עי קונדיטוריית,IL,רביולי בטטה פרווה 400 גרם,גרמים,400.00,100 גרם,false,,18.90,0.0472,true,1,1380910
7290105968777,false,פריכיות עם תחתית שוקולד מריר 70 ג' אנרגי,"טחנת האבן תעשיות בע""",IL,פריכיות אנרג'י שוק.מריר,גרמים,70.00,100 גרם,false,,7.90,0.1129,true,1,1381691
7290105999054,false,ג'ו - קפסולות קרים אלומיניום תערובת אולטרא,נורוליס,IL,מארז 10 קפסולות תערו,יחידה,0.00,יחידה,false,,19.90,0.0000,true,1,2375827
7290105999214,false,ג'ו - קפסולות קרים אלומיניום תערובת טריאסטה,נורוליס,IL,מארז 10 קפסולות תערו,יחידה,0.00,יחידה,false,,19.90,0.0000,true,1,2375799
7290105999238,false,ג'ו - קפסולות קרים אלומיניום תערובת אקסטרה,נורוליס,IL,מארז 10 קפסולות תערו,יחידה,0.00,יחידה,false,,19.90,0.0000,true,1,2375801
7290105999245,false,ג'ו - קפסולות קרים אלומיניום תערובת קובה,נורוליס,IL,מארז 10 קפסולות תערו,יחידה,0.00,יחידה,false,,19.90,0.0000,true,1,2375802
7290105999252,false,ג'ו - קפסולות קרים אלומיניום תערובת קולומביה,נורוליס,IL,מארז 10 קפסולות תערו,יחידה,0.00,יחידה,false,,19.90,0.0000,true,1,2375803
7290105999269,false,ג'ו - קפסולות קרים אלומיניום תערובת קוסטה ריקה,נורוליס,IL,מארז 10 קפסולות תערו,יחידה,0.00,יחידה,false,,19.90,0.0000,true,1,2375810
7290105999276,false,מארז 10 קפסולות תערו,,,מארז 10 קפסולות תערו,יחידה,0.00,יחידה,false,,19.90,0.0000,true,1,2375811
7290105999283,false,מארז 10 קפסולות תערו,,,מארז 10 קפסולות תערו,יחידה,0.00,יחידה,false,,19.90,0.0000,true,1,2375812
7290105999290,false,קפה קרים תערובת קרמל קפסולות 10*5.5 גרם,,IL,מארז 10 קפסולות תערו,יחידה,0.00,יחידה,false,,19.90,0.0000,true,1,2375813
7290105999306,false,קפסולות קרים אלומיניום תערובת גו קלאסי,נורוליס,IL,מארז 10 קפסולות תערו,יחידה,0.00,יחידה,false,,19.90,0.0000,true,1,2375814
7290105999313,false,מארז 10 קפסולות תערו,,,מארז 10 קפסולות תערו,יחידה,0.00,יחידה,false,,19.90,0.0000,true,1,2375815
7290106396449,false,כבל מאריך 8 מ' סוזוק,,,כבל מאריך 8 מ' סוזוק,יחידה,0.00,יחידה,false,,49.90,0.0000,true,1,2301836
7290106509825,false,תחבושות אלוויז פלטני,פרוקטר & גמבל,DE,תחבושות אולוויז פלטי,יח',28.00,יח',false,,39.90,1.4250,true,1,2212914
7290106520066,false,רבע לשבע במילוי קרם אגוזים ובציפוי שוקולד חלב,הגביע מוצרי וופלים ב,IL,רבע לשבע,גרמים,160.00,100 גרם,false,,10.90,0.0681,true,1,1381694
7290106520288,false,יוגורט פרו חלבון עם תות 2.4% שומן 150 ג' דנונה,"שטראוס בריאות בע""מ",IL,דנונה WOW תות 2.4% ש,גרמים,150.00,100 גרם,false,,4.50,0.0300,true,1,1450444
7290106520905,false,סלט טורקי טעמי השוק,שטראוס גרופ,IL,סלט טורקי 400 גרם,גרמים,400.00,100 גרם,false,,13.90,0.0348,true,1,1380917
7290106520912,false,"שמנת לבישול 9% 250 מ""ל יטבתה",שטראוס גרופ,IL,שמנת לבישול 9% מהדרין,מיליליטרים,250.00,"100 מ""ל",false,,5.90,0.0236,true,1,1380918
7290106521049,false,אחלה טעמי השוק קוביות סלק 400 גר,מיוצר עי קונדיטוריית,IL,קוביות סלק 400,גרמים,400.00,100 גרם,false,,13.90,0.0348,true,1,1380924
7290106524439,false,תפוצ'יפס טבעי פופס 60גר',"שטראוס פריטו ליי בע""",IL,תפוצ'יפס 60 גרם פופס,גרמים,60.00,100 גרם,false,,3.90,0.0650,true,1,1800356
7290106525320,false,אבקת שוקולית לאפייה קופסא 500ג' עלית,הנסיך- מפעל לייצור ט,IL,שוקולית לאפיה,גרמים,500.00,100 גרם,false,,11.90,0.0238,true,1,1381727
7290106525399,false,קפסולות 06 ברזיל למכונות נספרסו עלית 10יח',הנסיך- מפעל לייצור ט,IL,קפסולות למכונות נספר,גרמים,50.00,100 גרם,false,,16.50,0.3300,true,1,1471047
7290106526822,false,פריכיות אורז עם תחתית שוקולד חלב 80 ג' אנרגי,"טחנת האבן תעשיות בע""",IL,פריכיות אנרגי תחתית שוק.ח,גרמים,80.00,100 גרם,false,,7.90,0.0988,true,1,1381745
7290106528567,false,חטיף דוריטוס גריל 185 גרם,שטראוס פריטו ליי (מל,IL,דוריטוס גריל 185 גר,גרמים,185.00,100 גרם,false,,7.90,0.0427,true,1,1465974
7290106528628,false,חטיף דוריטוס טבעי 185 גרם,"שטראוס פריטו ליי בע""",IL,דוריטוס טבעי 185 גר,גרמים,185.00,100 גרם,false,,7.90,0.0427,true,1,1465975
7290106528949,false,שטראוס לקט ערוגות 45,שטראוס בריאות ירקות,IL,לקט ערוגות 450 גר' ירקו,גרמים,450.00,100 גרם,false,,12.90,0.0287,true,1,1380974
7290106571921,false,עוגיות פיטנס עוגיות חמוציות 180 גר',מיוצר עי קונדיטוריית,IL,פיטנס עוגיות עם חמוציות 1,גרמים,180.00,100 גרם,false,,10.90,0.0606,true,1,1345079
7290106572027,false,אוסם - לחמית חמישה דגנים 190 גרם,"אסם תעשיות בע""מ",IL,לחמית חמישה דגנים 190 גרם,גרמים,190.00,100 גרם,false,,7.90,0.0416,true,1,1345080
7290106572065,false,חטיפי פריכונים טורטיה חמוץ מתוק 60 גרם,"מיוצר ע""י PT, משווק",IL,אסם חטיפי פריכונים טורטיה,גרמים,60.00,100 גרם,false,,6.90,0.1150,true,1,1345081
7290106573024,false,סירופ דיאט אננס 1 ליטר עסיס,בית השיטה עסיס תעשיו,IL,עסיס סירופ דיאט בטעם אננס,ליטרים,1.00,ליטר,false,,16.90,16.9000,true,1,1345092
7290106573277,false,חטיף קרקר קריספי עם זיתים כבושים,מיוצר עי קונדיטוריית,IL,אסם קריספי טאפאס זיתים 15,גרמים,150.00,100 גרם,false,,10.90,0.0727,true,1,1345095
7290106573314,false,אוסם - קריספי טאפאס כפרי 150 גרם,מיוצר עי קונדיטוריית,IL,אסם קריספי טאפאס כפרי 150,גרמים,150.00,100 גרם,false,,10.90,0.0727,true,1,1345097
7290106573598,false,צבר חומוס לבנוני 400גרם,סלטי צבר,IL,צבר חומוס לבנוני 400 גרם,גרמים,400.00,100 גרם,false,,11.90,0.0298,true,1,1345101
7290106573628,false,צבר חומוס עם טחינה 400גר,לחמנו,IL,צבר חומוס עם טחינה 400 גר,גרמים,400.00,100 גרם,false,,11.90,0.0298,true,1,1345102
7290106574793,false,עוגת הבית שוקו שוקוצ''יפס 350 ג' אסם,מיוצר עי קונדיטוריית,IL,אסם הבית עוגת שוקו שוקוצי,גרמים,350.00,100 גרם,false,,12.90,0.0369,true,1,1345119
7290106574953,false,בייגלה שטוחים כעכים שטוחים עם שומשום,מיוצר עי קונדיטוריית,IL,אסם בייגלה שטוחים שומשום,גרמים,300.00,100 גרם,false,,10.90,0.0363,true,1,1345120
7290106574977,false,בייגלה שטוחים כעכים שטוחים עם מלח,מיוצר עי קונדיטוריית,IL,אסם בייגלה שטוחים עם מלח,גרמים,300.00,100 גרם,false,,10.90,0.0363,true,1,1345121
7290106575011,false,פתיתים אפויים קוסקוס פלוס חיטה מלא 400 ג,מיוצר עי קונדיטוריית,IL,אסם פתיתים פלוס חיטה מלאה,גרמים,400.00,100 גרם,false,,7.90,0.0198,true,1,1345122
7290106575332,false,פתיתים אפויים פלוס בורגול 400 ג' אסם,"מיוצר ע""י קוד יצרן K",IL,אסם פתיתים פלוס בורגול 40,גרמים,400.00,100 גרם,false,,7.90,0.0198,true,1,1345131
7290106575431,false,עוגת הבית סופלה בטעם שוקוניל 340 ג' אסם,מיוצר עי קונדיטוריית,IL,אסם הבית עוגת סופלה בטעם,גרמים,340.00,100 גרם,false,,12.90,0.0379,true,1,1345133
7290106576223,false,אפרופו מצופה שוקולד 40 ג'!,מיוצר עי קונדיטוריית,IL,אפרופו שוקולד 40 גרם,גרמים,40.00,100 גרם,false,,4.50,0.1125,true,1,1514724
7290106576513,false,סלט חומוס צבר 400 גר,סלטי צבר,IL,צבר חומוס חלק 400 גרם,גרמים,400.00,100 גרם,false,,8.90,0.0223,true,1,1345148
7290106576537,false,צבר חומוס מסעדה 700 גר,סלטי צבר,IL,צבר חומוס מסעדה 700 גרם,גרמים,700.00,100 גרם,false,,10.90,0.0156,true,1,1345149
7290106576797,false,"לה קרמריה גלידת וניל איטלקי כשל""פ 1.4ל'",תות תעשיות מזון (201,IL,לה קרמריה וניל איטלקי,ליטרים,1.40,ליטר,false,,20.90,14.9286,true,1,1368713
7290106576810,false,גלידה לה קרמריה ריבת חלב 1.4 ל' נסטלה,לה קרמריה- נסטלה,IL,לה קרמריה ריבת חלב,ליטרים,1.40,ליטר,false,,20.90,14.9286,true,1,1368714
7290106576919,false,גלידה קרמריה סורבה תות לימון 1.4 ליטר,לה קרמריה- נסטלה,IL,לה קרמריה סורבה תות לימון,ליטרים,1.40,ליטר,false,,20.90,14.9286,true,1,1368718
7290106576995,false,גלידה סורבה לה קרמריה תות מנגו לייט 1.4 ל' נסטלה,לה קרמריה- נסטלה,IL,לה קרמריה לייט סורבה תות,ליטרים,1.40,ליטר,false,,20.90,14.9286,true,1,1368722
7290106577039,false,גלידה לה קרמריה שוקו וניל פליק 1.4 ל' נסטלה,תות תעשיות מזון (201,IL,לה קרמריה שוקו וניל פליק,ליטרים,1.40,ליטר,false,,20.90,14.9286,true,1,1368723
7290106577282,false,צבר טחינה מרובע 400גרם,סלטי צבר,IL,צבר טחינה אמיתית 400 גרם,גרמים,400.00,100 גרם,false,,10.90,0.0273,true,1,1345157
7290106577527,false,סלט קולסלאו כרוב לבן וגזר 400 ג' צבר,סלטי צבר,IL,צבר סלט קולסלו כרוב לבן ו,גרמים,400.00,100 גרם,false,,10.90,0.0273,true,1,1345164
7290106577541,false,צבר כרוב אדום מרובע 400גרם,סלטי צבר,IL,צבר סלט כרוב אדום 400 גרם,גרמים,400.00,100 גרם,false,,10.90,0.0273,true,1,1345165
7290106578692,false,אוסם - במבה ביסלי מיקס 80 גרם,פרו מן יו פתרונות אר,IL,ביסלי במבה מיקס,גרמים,80.00,100 גרם,false,,4.50,0.0563,true,1,1345182
7290106578821,false,הבית עוגת שמרים קלאסית בטעם שוקולד 350גר.,מיוצר עי קונדיטוריית,IL,אסם הבית עוגת שמרים שוקול,גרמים,350.00,100 גרם,false,,15.90,0.0454,true,1,1345184
7290106652996,false,כיף כף מקלות קוקוס חלבי 40 גר',סולן בעבור שטראוס,TR,כיף כף מקלות קוקוס,גרמים,40.00,100 גרם,false,,4.90,0.1225,true,1,2372884
7290106653689,false,לקט לסלט בסגנון אסייתי,"שטראוס מזון טרי בע""מ",IL,לקט לסלט אסייתי 350,גרמים,350.00,100 גרם,false,,9.90,0.0283,true,1,1597272
7290106658479,false,עלית וופל בטעם טורטית אגוזים 360גר,"שטראוס גרופ בע""מ",IL,טורטית מגדים 40ג,גרמים,40.00,100 גרם,false,,3.90,0.0975,true,1,1381815
7290106663503,false,יד מרדכי קונפיטורת לייט תות 230 גר,אף.סי תבליני בגליל ב,IL,קונפיטורת תות שדה לייט,גרמים,230.00,100 גרם,false,,12.90,0.0561,true,1,1381849
7290106663558,false,"רוטב טריאקי ורימון יד מרדכי 280מ""ל",אף.סי תבליני בגליל ב,IL,רוטב טריאקי 320 גרם,גרמים,320.00,100 גרם,false,,12.90,0.0403,true,1,1416925
7290106664555,false,"רוטב שמנת עם עגבניות 9% שומן 250 מ""ל יוטבתה",שטראוס גרופ,IL,רוטב שמנת עם פטריות 9%,גרמים,250.00,100 גרם,false,,9.90,0.0396,true,1,1435298
7290106666788,false,עלית - סוכריות נוסטלגיה דבש ממולאות 80 גרם,שטראוס גרופ,PL,סוכריות דבש ממולאות,גרמים,80.00,100 גרם,false,,4.90,0.0613,true,1,1408149
7290106667266,false,חטיף דוריטוס חמוץ חריף 185 גרם,שטראוס פריטו ליי (מל,IL,דוריטוס חמוץ חריף 18,גרמים,185.00,100 גרם,false,,7.90,0.0427,true,1,1465977
7290106668577,false,"מיץ לימון טבעי יד מרדכי 250 מ""ל",האי נאם סי או אל.טי.,IT,מיץ לימון יכין 1 ליטר,מיליליטרים,250.00,"100 מ""ל",false,,6.90,0.0276,true,1,1416926
7290106669857,false,קפסולות 06 אספרסו בטעם וניל עלית 10יח',הנסיך- מפעל לייצור ט,IL,קפסולות למכונות נספר,גרמים,50.00,100 גרם,false,,16.50,0.3300,true,1,1589900
7290106720626,false,צ'יטוס קראנצ' בטעם גבינה - חלבי,"שטראוס פריטו ליי בע""",IL,ציטוס גבינה 80 גר,גרמים,80.00,100 גרם,false,,3.90,0.0487,true,1,1611890
7290106721913,false,מסטיק מאסט MUST ללא סוכר בטעם מנטה מרעננת,"שטראוס גרופ בע""מ",IL,כשלפ בזוקה רגיל 30,גרמים,66.00,100 גרם,false,,8.90,0.1348,true,1,1408158
7290106721920,false,צנצנת מסטיק מאסט בטעם ספירמינט עדין 66 ג' עלית,"שטראוס גרופ בע""מ.",IL,כשלפ בזוקה רגיל 30,גרמים,66.00,100 גרם,false,,8.90,0.1348,true,1,1408159
7290106725867,false,"סירופ מייפל טהור 189 מ""ל יד מרדכי",קוסלסי פוד,CA,סירופ מייפל טבעי 189,מיליליטרים,189.00,"100 מ""ל",false,,24.90,0.1317,true,1,1441333
7290106727984,false,כיף כף פצפוצים ושוקולד 135 ג',שולן צ'יקולטה גידה ס,TR,גביע פצפצים 135 גרם,גרמים,135.00,100 גרם,false,,8.90,0.0659,true,1,1514971
7290106729650,false,יוגורט עם תות מאגדת 8 יח' * 150ג' דנונה,דנונה - שטראוס,IL,מארז 8 דנונה תות 3%,גרמים,1200.00,100 גרם,false,,22.90,0.0191,true,1,1462022
7290107280037,false,מטלית לחות עבות לניקוי סנו סושי מארז 50יח',דינאמיק תעשיות,IL,50מגבונים לניקוי כללי,יח',50.00,יח',false,,8.90,0.1780,true,1,1359260
7290107280068,false,זוג תבניות אלומיניום לאפיה XL,סנו סושי,,זוג תבניות אלומיניום,יח',2.00,יח',false,,7.90,3.9500,true,1,1359262
7290107280075,false,רביעיית תבניות אלומיניום לאפיה L,סנו סושי,,מארז 4 תבניות אלומינ,יח',4.00,יח',false,,7.90,1.9750,true,1,1359263
7290107280082,false,מארז 7 תבניות אלומיניום מוארכות לאפייה אינגליש קייק,סנו סושי,,מארז 7 תבניות אלומינ,יח',7.00,יח',false,,7.90,1.1286,true,1,1359264
7290107280099,false,מגבוני טואלט לחים סנו סופט שלישייה * 48 יח',טרופיקל דגיל- תעשיות,IL,מגבוני נייר טואלט3*48יח,יח',144.00,יח',false,,15.90,0.1104,true,1,1359265
7290107280129,false,סנו סושי 20 שקיות אשפה חזקות גדולות XXL,אשפלסט תעשיות,IL,שקיות אשפה חזקות 20יח,יח',20.00,יח',false,,22.90,1.1450,true,1,1359266
7290107280341,false,ריצפז מטליות לחות לניקוי הרצפה בניחוח מלון מפנק,"סנו מפעלי ברונוס סע""",IL,ריצפז פרש מטליות ענק,יח',10.00,יח',false,,14.90,1.4900,true,1,2219764
7290107280396,false,"סנו - ג'ט מרסס לניקוי יסודי במטבח 750 מ""ל","סנו מפעלי ברונוס בע""",IL,"מתז ג'ט למטבח 750 מ""ל",מיליליטרים,750.00,"100 מ""ל",false,,19.90,0.0265,true,1,1359272
7290107280402,false,סנו ג'יט ניקוי כללי ורצפות 2 ל',סנו ג'ט Jet,IL,ג'ט ניקוי כללי ורצפות2ל,ליטרים,2.00,ליטר,false,,14.90,7.4500,true,1,1359273
7290107280563,false,אוקסיג'ן ג'ל לכביסה בייבי 3ל',"איי, בי, אינבוו",IL,ג'ל אוקסיג'ן בייבי 3 ל,ליטרים,3.00,ליטר,false,,29.90,9.9667,true,1,1359277
7290107280570,false,סנו - מקסימה ג'ל כביסה מרוכז לכביסה צבעונית 3 ליטר,מיוצר עי קונדיטוריית,IL,ג'ל לכביסה מעורבת 3ל,ליטרים,3.00,ליטר,false,,34.90,11.6333,true,1,1359278
7290107280587,false,סנובון סבון לאסלה דאבל אקשן בריח פרחים ורודים,סנו סנובון,,שלישייה סנובון לאסלה,גרמים,165.00,100 גרם,false,,12.90,0.0782,true,1,1442368
7290107280594,false,סנובון סבון לאסלה דאבל אקשן בניחוח לבנדר,סנו,,שלישייה סנובון לאסלה,גרמים,165.00,100 גרם,false,,12.90,0.0782,true,1,1442369
7290107280709,false,"סנו ספארק נוזל הברקה למדיח 700 מ""ל","סנו מפעלי ברונוס בע""",IL,נוזל הברקה למדיח סנו,מיליליטרים,700.00,"100 מ""ל",false,,14.90,0.0213,true,1,1403087
7290107280723,false,נוזל לניקוי כלים סנו ספארק Spark בניחוח לימון רענן,סנו כימיקלים,IL,נוזל לכלים לימון 700מל,מיליליטרים,700.00,"100 מ""ל",false,,9.90,0.0141,true,1,1359281
7290107280730,false,נוזל לניקוי כלים סנו ספארק Spark בניחוח לבנדר,מיוצר עי קונדיטוריית,IL,"נוזל לכלים לבנדר 700 מ""ל",מיליליטרים,700.00,"100 מ""ל",false,,9.90,0.0141,true,1,1359282
7290107280747,false,נוזל לניקוי כלים סנו ספארק Spark קלאסי,סנו כימיקלים,IL,"נוזל לכלים קלאסי 700מ""ל",מיליליטרים,700.00,"100 מ""ל",false,,9.90,0.0141,true,1,1359283
7290107280754,false,נוזל כלים סנו ספארק Spark היפואלרגני פריחת השקד,סנו,IL,"נוזל לכלים שקד 700 מ""ל",מיליליטרים,700.00,"100 מ""ל",false,,9.90,0.0141,true,1,1359284
7290107280761,false,נוזל לניקוי כלים בניחוח לימון רענן סנו ספארק Spark,מיוצר עי קונדיטוריית,IL,סנו ספארק לכלים לימון1ל,ליטרים,1.00,ליטר,false,,12.90,12.9000,true,1,1359285
7290107463775,false,וילון אמבטיה,,,וילון אמבטיה,יחידה,0.00,יחידה,false,,59.90,0.0000,true,1,2212271
7290107544467,false,שעווה קרה להסרת שיער מיוחד למיקרוגל,אורנה 19 Orna,,דפילטור אורנה 19 שעו,גרמים,500.00,100 גרם,false,,14.90,0.0298,true,1,2306426
7290107645584,false,אבקת מרק עוף אמיתי רכיבים טבעיים 400 גרם - רבנות,יוניליוור ישראל מזון,IL,מרק עוף אמיתי 400 גר,גרמים,400.00,100 גרם,false,,24.90,0.0622,true,1,1861296
7290107646062,false,אבקת מרק בצל רכיבים טבעיים קנור 400 ג',יוניליוור ישראל מזון,IL,מרק בצל 400 גר רכיבי,גרמים,400.00,100 גרם,false,,24.90,0.0622,true,1,1861298
7290107646895,false,קנור - רוטב פסטה נפוליטנה 415 גרם חתם סופר,קונסורזיו קאסאלאסקו,IL,רוטב עגבניות נפוליטנ,גרמים,415.00,100 גרם,false,,12.90,0.0311,true,1,1872538
7290107646918,false,רוטב עגבניות ופלפלים לשקשוקה 415 ג' קנור,קונסורזיו קאסאלאסקו,IL,רוטב עגבניות לשקשוקה,גרמים,415.00,100 גרם,false,,12.90,0.0311,true,1,1872539
7290107646925,false,ברנפלקס אקסטרה פייבר 410 גרם,יוניליוור ישראל מזון,IL,ברנפלקס אקסטרה פייבר,גרמים,410.00,100 גרם,false,,22.90,0.0559,true,1,1771668
7290107646963,false,ממרח ספייסי מיו תלמה 250 גרם,תלמה,IL,ממרח ספייסי מיו תלמה,גרמים,250.00,100 גרם,false,,7.90,0.0316,true,1,2368508
7290107646970,false,איולי שום - ממרח מתובל עם שום,תלמה,IL,ממרח איולי שום תלמה,גרמים,250.00,100 גרם,false,,7.90,0.0316,true,1,2368502
7290107647731,false,קוקומן חום לבן בטעם שוקולד ווניל,אתר שפע - Food,IL,"קוקומן 375 גרם בד""צ",גרמים,375.00,100 גרם,false,,19.90,0.0531,true,1,1732724
7290107647816,false,"דגני ברנפלקס ללא תוספת סוכר 500 גרם בד""צ",יוניליוור ישראל מזון,IL,ברנפלקס ללא סוכר 500,גרמים,500.00,100 גרם,false,,22.90,0.0458,true,1,1782760
7290107648943,false,ברנפלקס קרנצים מייפל 375 ג' תלמה,יוניליוור שפע ישראל,IL,ברנפלקס קרנצ'ים בטעם,גרמים,375.00,100 גרם,false,,22.90,0.0611,true,1,1882134
7290107648974,false,קנור רוטב עם בזיליקום לפסטה 415 גרם,יוניליוור,IL,רוטב עגבניות בזיליקו,גרמים,415.00,100 גרם,false,,12.90,0.0311,true,1,1891744
7290107649100,false,בייגלה טבעות שומשום 300 גר',בייגל את בייגל מזון,IL,בייגלה טבעות שומשום,גרמים,300.00,100 גרם,false,,9.90,0.0330,true,1,2041338
7290107871990,false,פסטה צינורות 500 גר אסם,פסטה זארה,IT,אסם פסטה צינורות 500 גרם,גרמים,500.00,100 גרם,false,,5.90,0.0118,true,1,1345228
7290107874427,false,אוסם - מיני פריכונים זעתר 25 גרם,פרח תעשיות מזון,IL,אסם אסם פריכונים מיני זעת,גרמים,25.00,100 גרם,false,,3.90,0.1560,true,1,1345265
7290107874502,false,ביסלי גריל קדמ. מארז אחיד 10 4*55 גרם,מיוצר עי קונדיטוריית,IL,מארז ביסלי גריל.,גרמים,220.00,100 גרם,false,,12.90,0.0586,true,1,1472008
7290107875271,false,ביסלי ברביקיו קדמ. מארז אחיד10 4*55 גרם,"אסם תעשיות בע""מ",IL,מארז ביסלי ברביקיו .,גרמים,220.00,100 גרם,false,,12.90,0.0586,true,1,1472009
7290107875400,false,גלידה לה קרמריה פיסטוק מוקה 1.4 ל' נסטלה,לה קרמריה- נסטלה,IL,לה קרמריה פיסטוק מוקה פרו,ליטרים,1.40,ליטר,false,,20.90,14.9286,true,1,1368735
7290107877619,false,מארז במבה במילוי קרם נוגט 5*30ג' אסם,"אסם תעשיות בע""מ",IL,במבה במילוי קרם נוגט 60 ג,גרמים,150.00,100 גרם,false,,12.90,0.0860,true,1,1438498
7290107879132,false,פריכיות פיטנס מיני פריכיות שוקולד חלב 22 ג',כרמית,IL,פירכיות מיני שוקולד,גרמים,22.00,100 גרם,false,,4.90,0.2227,true,1,1524267
7290107879569,false,קרחון לה פרוטה שרבט מנגו מאגדת 5יח',גלידות נסטלה Nestle,IL,מאגדת שלגוני לה פרוט,גרמים,350.00,100 גרם,false,,22.90,0.0654,true,1,1460772
7290107930321,false,קונפיטורת יד מרדכי דובדובן 340 גרם,"בית אל מזון בע""מ",IL,קונפיטורת תות 340 גרם,גרמים,340.00,100 גרם,false,,12.90,0.0379,true,1,1431773
7290107931397,false,כיף כף פצפוצים במילוי שוקולד 40 גרם,שולן צ'יקולטה גידה ס,TR,חטיף כיף כף פצפצים,גרמים,40.00,100 גרם,false,,4.90,0.1225,true,1,1465913
7290107932080,false,חלב מועשר יוטבתה בבקבוק 3% 1 ליטר,מחלבת יטבתה,IL,חלב 1ליטר בבקבוק 3%,ליטרים,1.00,ליטר,false,,7.40,7.4000,true,1,1442539
7290107932134,false,חלב מועשר יוטבתה בבקבוק 1% 1 ליטר,מחלבת יטבתה,IL,חלב 1 ליטר בבקבוק 1%,ליטרים,1.00,ליטר,false,,7.40,7.4000,true,1,1442541
7290107933155,false,הירק של מוטקה סלנובה,שטראוס בריאות ירקות,IL,לקט סלנובה 200 גרם ש,גרמים,200.00,100 גרם,false,,12.90,0.0645,true,1,1532350
7290107933193,false,שטראוס סלק מבושל בוו,לס לגוסודה סנצונוניו,ES,סלק מבושל טעם הטבע 5,גרמים,500.00,100 גרם,false,,7.90,0.0158,true,1,1447029
7290107934473,false,מארז 8 יח' אקטיביה יוגורט קרמי 1.5% שומן,דנונה - שטראוס,IL,מ.אקטיביה שמינייה 1.5% חג,גרמים,1200.00,100 גרם,false,,18.90,0.0157,true,1,1433462
7290107936309,false,דנונה יוגורט 7% יווני לבן 130 ג',"שטראוס בריאות בע""מ",IL,דנונה יווני לבן,גרמים,130.00,100 גרם,false,,3.40,0.0262,true,1,1522378
7290107936460,false,מארז 8 יח' דנכול משקה יוגורט בטעם מעודן,מיוצר עי קונדיטוריית,IL,מארז 8 דנכול בטעם מע,גרמים,800.00,100 גרם,false,,27.90,0.0349,true,1,1470554
7290107936958,false,עד חצות ביסקוויט אצבעות שוקולד 125 גרם,הדקלאים אגודת שיתופי,FR,ביסקויט עד חצות אצבע,גרמים,125.00,100 גרם,false,,9.90,0.0792,true,1,1761404
7290107936965,false,עיגולים עד חצות עם שוקולד חלב 225 גר,ביסקווטרי עוגיות סנט,FR,ביסקויט עד חצות עיגו,גרמים,225.00,100 גרם,false,,12.90,0.0573,true,1,1761405
7290107937542,false,משקה יוגורט אקטיביה עם תות 1.2% שומן,מיוצר עי קונדיטוריית,IL,משקה אקטיביה תות 1.2,מיליליטרים,265.00,"100 מ""ל",false,,4.90,0.0185,true,1,1471652
7290107937627,false,מסטיק מאסט Must קוביות ללא סוכר בטעם מנטה עדינה,אסקום קונפקשיין,IL,קופסא מסטיק קוביות ס,גרמים,58.00,100 גרם,false,,8.90,0.1534,true,1,1524279
7290107937641,false,מסטיק בצנצנת קוביות בזוקה 58 ג',אסקום קונפקשיין,IL,קופסא מסטיק בזוקה קו,גרמים,58.00,100 גרם,false,,8.90,0.1534,true,1,1524281
7290107937856,false,קפסולות 11חזק למכונות נספרסו עלית 10יח',הנסיך- מפעל לייצור ט,IL,קפסולות למכונות נספר,גרמים,50.00,100 גרם,false,,16.50,0.3300,true,1,1518828
7290107940467,false,אקטיביה יוגורט 1.5% שומן 200 ג' דנונה,מיוצר עי קונדיטוריית,IL,אקטיבייה 1.5% 200 גר,גרמים,200.00,100 גרם,false,,3.90,0.0195,true,1,1503913
7290107941259,false,"עדשים ירוקות מבושלות 475 גרם ""טעם הטבע",הורקסה לס לגונס דה ס,ES,עדשים ירוקות מבושלות,גרמים,475.00,100 גרם,false,,8.90,0.0187,true,1,1532352
7290107941266,false,טעם הטבע שעועית אגומ,הורקסה לס לגונס דה ס,ES,שעועית אדומה מבושלת,גרמים,475.00,100 גרם,false,,10.90,0.0229,true,1,1532358
7290107941273,false,"חומוס מבושל 475 גרם ""טעם הטבע",הורקסה לס לגונס דה ס,ES,חומוס מבושל 475 גרם,גרמים,475.00,100 גרם,false,,8.90,0.0187,true,1,1532359
7290107943192,false,"שמנת חמוצה מהערבה 27% שומן 200 מ""ל יטבתה",מחלבת יטבתה,IL,שמנת חמוצה מהערבה 27,מיליליטרים,200.00,"100 מ""ל",false,,3.90,0.0195,true,1,1764971
7290107943369,false,קוואקר שיבולת שועל ללא גלוטן 511 גר'.,היידי שוקולד בירונטי,US,קוואקר שיבולת שועל ל,גרמים,511.00,100 גרם,false,,16.90,0.0331,true,1,1730687
7290107944243,false,אפיפיות בטעם שוקולד 200 גרם כשר לפסח,"שטראוס גרופ בע""מ",IL,"אפיפית 200 גרם בד""צ",גרמים,200.00,100 גרם,false,,6.90,0.0345,true,1,1736506
7290107945165,false,קונפיטורת יד מרדכי משמש 340 גר,אף.סי תבליני בגליל ב,IL,קונפיטורת משמש 340 ג,גרמים,340.00,100 גרם,false,,12.90,0.0379,true,1,1589901
7290107950190,false,מעדן חלב דל קלוריות בטעם שוקולד מריר 0.5% שומן,מיוצר עי קונדיטוריית,IL,מעדן שטראוס דיאט שוק,גרמים,130.00,100 גרם,false,,2.90,0.0223,true,1,1522392
7290107950206,false,מעדן שטראוס דיאט 0% שוקולד 130ג',מיוצר עי קונדיטוריית,IL,מעדן שטראוס בטעם שוק,גרמים,130.00,100 גרם,false,,2.90,0.0223,true,1,1522393
7290107951104,false,בפלות ופלים ארוכים בטעם שוקולד,"א.ג. גילרו בע""מ",IL,בפלות בטעם שוקולד 20,גרמים,200.00,100 גרם,false,,3.90,0.0195,true,1,1536053
7290107951111,false,בפלות ופלים ארוכים בטעם לימון,"א.ג. גילרו בע""מ",IL,בפלות בטעם לימון 200,גרמים,200.00,100 גרם,false,,3.90,0.0195,true,1,1536054
7290107951715,false,צנצנת מסטיק מאסט קוביות בטעם ענבים 58 ג' עלית,אסקום קונפקשיין,IL,קופסא מסטיק קוביות ע,גרמים,58.00,100 גרם,false,,8.90,0.1534,true,1,1589821
7290107953559,false,קפה טורקי עלית לדרך שקיות 24X7ג',הנסיך- מפעל לייצור ט,IL,מארז קפה טורקי אישי,גרמים,168.00,100 גרם,false,,17.90,0.1065,true,1,1541497
7290107954709,false,קונפיטורת פירות יער 340 גר יד מרדכי,יד מרדכי,,קונפיטורת פירות יער,גרמים,340.00,100 גרם,false,,12.90,0.0379,true,1,1655105
7290107956642,false,"תרסיס שמן זית יד מרדכי 150 מ""ל",פארייפאבה אגרואינדוס,ES,"תרסיס שמן זית 150 מ""",מיליליטרים,150.00,"100 מ""ל",false,,17.90,0.1193,true,1,1807379
7290107956895,false,קפסולות 07 אספרסו בטעם קרמל עלית 10יח',שטראוס גרופ,IL,קפסולות למכונות נספר,גרמים,50.00,100 גרם,false,,16.50,0.3300,true,1,1848358
7290107956901,false,קפסולות בטעם אגוזים למכונות נספרסו 50 גר,שטראוס גרופ,IL,קפסולות למכונות נספר,גרמים,50.00,100 גרם,false,,16.50,0.3300,true,1,1777022
7290107956925,false,קפסולות 13 אוגנדה למכונת נספרסו עלית 10יח',שטראוס קפה בי.וי,IL,קפסולות למכונות נספר,גרמים,50.00,100 גרם,false,,16.50,0.3300,true,1,2003831
7290107956932,false,קפסולות אספרסו אידונזיה למכונות 50 גר,שטראוס קפה בי.וי,IL,קפסולות למכונות נספר,גרמים,50.00,100 גרם,false,,16.50,0.3300,true,1,1761417
7290107957069,false,"צנצנת עלמה בטעם אוכמניות לל""ס 66 גרם","שטראוס גרופ בע""מ",IL,קופסא מסטיק עלמה אוכ,גרמים,66.00,100 גרם,false,,8.90,0.1348,true,1,1761418
7290107957076,false,"צנצנת עלמה בטעם ספירמינט לל""ס 66 גרם","שטראוס גרופ בע""מ",IL,קופסא מסטיק עלמה ספי,גרמים,66.00,100 גרם,false,,8.90,0.1348,true,1,1761419
7290107957229,false,שוקולד צ'יפס מריר מעולה לאפיה עלית 250 ג',"פוליבה בע""מ",IL,נטיפי שוקולד צ'יפס מ,גרמים,250.00,100 גרם,false,,10.90,0.0436,true,1,1848338
7290107958035,false,יוגורט במתיקות מעודנת 2% ללא תוספת סוכר- מארז 8 יח,דנונה - שטראוס,IL,מארז 8 יוגורט מתיקות,גרמים,1200.00,100 גרם,false,,17.90,0.0149,true,1,1777443
7290107971744,false,"קולגייט - מי פה טוטל ירוק ספרמינט 500 מ""ל",יבואן ומשווק: ש. שסט,PL,מי פה קולגייט טוטל י,מיליליטרים,500.00,"100 מ""ל",false,,29.90,0.0598,true,1,1523411
7290107971751,false,מי פה קולגייט טוטל ללא אלכוהול פפרמינט,יבואן ומשווק: ש. שסט,PL,מי פה קולגייט טוטל כ,מיליליטרים,500.00,"100 מ""ל",false,,29.90,0.0598,true,1,1523412
7290107973014,false,פלמוליב סבון ידיים חלב ודבש 300 מ'ל,הנסיך- מפעל לייצור ט,TR,סבון ידיים פלמוליב ח,מיליליטרים,300.00,"100 מ""ל",false,,8.90,0.0297,true,1,1672240
7290107973038,false,"פלמוליב סבון ידיים אקווריום 300 מ""ל",הנסיך- מפעל לייצור ט,TR,סבון ידיים פלמוליב 3,מיליליטרים,300.00,"100 מ""ל",false,,8.90,0.0297,true,1,1672241
7290107973793,false,שימורי עגבניות שלמות 400 ג' מאסטר שף,פראנו אריקו ופיגלי ס,IT,עגבניות שלמות 400 גר,גרמים,400.00,100 גרם,false,,5.90,0.0148,true,1,1585282
7290107973809,false,שימורי עגבניות קוביות 400 ג' מאסטר שף,פראנו אריקו ופיגלי ס,IT,עגבניות קוביות 400 ג,גרמים,400.00,100 גרם,false,,5.90,0.0148,true,1,1585269
7290107973861,false,מאסטר שף עגבניות חתוך דק אריזת שלישייה,קונסרזיו קאסאלאסקו ד,IT,עגבניות קצוצות דק מא,גרמים,1200.00,100 גרם,false,,15.90,0.0133,true,1,1585283
7290107974066,false,"עלי טורטיה קמח מלא 20ס""מ 8יח' מאסטר שף 320ג'",אלקאטי קורביישיסי גי,ES,עלי טורטיה 5 דגנים מ,גרמים,320.00,100 גרם,false,,9.90,0.0309,true,1,1685174
7290107974073,false,מנה עלי טורטיה קמח לבן מ.שף 20 סמ 320 גר,אלקאטי קורביישיסי גי,ES,עלי טורטיה מקמח לבן,גרמים,320.00,100 גרם,false,,9.90,0.0309,true,1,1685175
7290107974080,false,מנה עלי טורטיה קמח לבן מ.שף 25 סמ 840 גר,הדקלאים אגודת שיתופי,DE,עלי טורטיה מקמח לבן,גרמים,746.00,100 גרם,false,,15.90,0.0213,true,1,1685176
7290107974301,false,ליידי ספיד סטיק - דאודורנט ג'ל לאישה אלוורה 45 גרם,ליידי ספיד סטיק Lady Speed Stick,US,ליידי ספיד סטיק 24/7 גל ו,גרמים,65.00,100 גרם,false,,19.90,0.3062,true,1,1650683
7290107974646,false,מרידול נשימה רעננה שטיפת פה 400 מל,הנסיך- מפעל לייצור ט,PL,מרידול מי פה נשימה ר,מיליליטרים,400.00,"100 מ""ל",false,,32.90,0.0822,true,1,1523426
7290107974806,false,"אורז בסמטי 1 ק""ג מאסטר שף",דווה סינג שיהם סינג,IN,אורז בסמטי מאסטר שף,קילוגרמים,1.00,"ק""ג",false,,11.90,11.9000,true,1,1685191
7290107974813,false,"אורז יסמין 1 ק""ג מאסטר שף",מאסטר שף,,אורז יסמין מאסטר שף,קילוגרמים,1.00,"ק""ג",false,,10.90,10.9000,true,1,1685192
7290107974820,false,מנה מאסטר שף ממרח מתובל ספייסי 248 גר,מאסטר שף,NL,ממרח מתובל ספייסי מא,גרמים,250.00,100 גרם,false,,6.90,0.0276,true,1,1685166
7290107974837,false,מנה מאסטר שף ממרח מתובל שום 246 גר,מאסטר שף,NL,ממרח מתובל שום מאסטר,גרמים,250.00,100 גרם,false,,6.90,0.0276,true,1,1685167
7290107975278,false,דאודורנט סטיק עם הגנת אלוורה Aloe Protection,ליידי ספיד סטיק Lady Speed Stick,US,דאודורנט סטיק- ליידי,גרמים,45.00,100 גרם,false,,17.90,0.3978,true,1,1650677
7290107975346,false,ספיד סטיק - דאודורנט ג'ל לגבר כוח הטבע 85 גרם,קולגייט פלמוליב,US,דאודורנט סטיק גל-כח,גרמים,50.00,100 גרם,false,,17.90,0.3580,true,1,1764375
7290107975360,false,ליידי ספיד סטיק פיור פרשנס ג'ל נשים 65ג',ליידי ספיד סטיק Lady Speed Stick,US,דאודורנט ג'ל ספיד סט,גרמים,65.00,100 גרם,false,,17.90,0.2754,true,1,1666495
7290107975544,false,"קולגייט משחת שיניים סמיילס ברבי לגילאי 6 50מ""ל",קולגייט פלמוליב,PL,משחת שיניים קולגייט,מיליליטרים,50.00,"100 מ""ל",false,,12.90,0.2580,true,1,1666502
7290107976589,false,"שטיפת פה קולגייט אופטיק וייט 250 מ""ל",שסטוביץ,PL,מיי פה קולגייט אופטי,מיליליטרים,250.00,"100 מ""ל",false,,14.90,0.0596,true,1,1838085
7290107976848,false,פלמוליב סבון מוצק קמומיל רביעייה 360 ג,קולגייט פלמוליב,TR,סבון מוצק רביעייה פל,גרמים,400.00,100 גרם,false,,16.90,0.0422,true,1,1777241
7290107976916,false,"פלמוליב סבון ידיים חלב זיתים 300 מ""ל",פלמוליב Palmolive,IT,סבון ידיים פלמוליב ח,מיליליטרים,300.00,"100 מ""ל",false,,10.90,0.0363,true,1,1710663
7290107977753,false,"משחת שיניים פרודונט אקספרט מרידול , 75 מ""ל",מרידול Meridol,PL,מרידול משחת שיניים פ,גרמים,75.00,100 גרם,false,,25.90,0.3453,true,1,2239045
7290107978101,false,מש.שיניים קולגייט א.וויט אקסטרה פאוור 75,קולגייט-פלמוליב,PL,משחת שינים קולגייט א,מיליליטרים,75.00,"100 מ""ל",false,,24.90,0.3320,true,1,1902475
7290107978323,false,מאסטר שף איטריות דקיקות 400 גר,הדקלאים אגודת שיתופי,PL,איטריות דקיקות מאסטר,גרמים,400.00,100 גרם,false,,5.90,0.0148,true,1,1672264
7290107978330,false,מאסטר שף איטריות דקות 400 גרם,הדקלאים אגודת שיתופי,PL,איטריות דקות מאסטר ש,גרמים,400.00,100 גרם,false,,5.90,0.0148,true,1,1672265
7290107978347,false,מאסטר שף איטריות בינוניות 400 גר,הדקלאים אגודת שיתופי,PL,איטריות בנוניות מאסט,גרמים,400.00,100 גרם,false,,5.90,0.0148,true,1,1672266
7290107978453,false,חטיף קראנצוס גריל 55,קראנצ'וס,IL,חטיף קראנצ'וס גריל 5,גרמים,55.00,100 גרם,false,,3.90,0.0709,true,1,1725182
7290107978637,false,"מרידול משחת שיניים 75 מ""ל כשל""פ-מרכז",מרידול Meridol,PL,מרידול משחת שיניים 7,גרמים,75.00,100 גרם,false,,19.90,0.2653,true,1,1832739
7290107979184,false,"תבניות אלומיניום פלוס נייר אפייה 32/26 ס""מ L",HAI PLASTIC,CN,תבנית אלומיניום עם נ,יח',3.00,יח',false,,12.90,4.3000,true,1,1706759
7290107979191,false,"תבניות אלומיניום פלוס נייר אפיה 40/34 ס""מ XL",HAI PLASTIC,CN,תבנית אלומיניום עם נ,יח',2.00,יח',false,,12.90,6.4500,true,1,1706760
7290108201437,false,"אבקת כביסה קולון 101 2.5 ק""ג",רקיט בנקיזר,,"אבקת כביסה 2.5 ק""ג -",קילוגרמים,2.50,"ק""ג",false,,24.90,9.9600,true,1,2110314
7290108201802,false,"ספריי דטול לחיטוי בניחוח כביסה 400 מ""ל",רקיט בנקיזר,US,ספריי חיטוי דטול בני,מיליליטרים,400.00,"100 מ""ל",false,,14.90,0.0373,true,1,2011758
7290108350128,false,סנו סושי שקיות אשפה חזקות במיוחד 40 יח',מיוצר עי קונדיטוריית,IL,שקיות אשפה חזקות 40יח,יח',40.00,יח',false,,22.90,0.5725,true,1,1359296
7290108350142,false,שקיות רב שימושיות ענק סנו סושי 270 יח',אשפלסט תעשיות,IL,35*25 שקיות רב שימושיות,יח',270.00,יח',false,,14.90,0.0552,true,1,1359297
7290108350210,false,סנו סושי 30 שקיות אשפה XL חזקות במיוחד,מיוצר עי קונדיטוריית,IL,שקיות אשפה סנו סושי,יח',30.00,יח',false,,24.90,0.8300,true,1,1442327
7290108350500,false,סנובון מוצק דאבל אקשן בניחוח תפוז שלישייה,סנו סנובון,,שלישייה סנובון לאסלה,גרמים,165.00,100 גרם,false,,12.90,0.0782,true,1,1442371
7290108350524,false,ארון פרש בניחוח לוונדר סנו,"סנו מפעלי ברונוס בע""",IL,ריח לארון פרש בניחוח,יח',4.00,יח',false,,18.90,4.7250,true,1,1529679
7290108350531,false,סנו ספארק נוזל כלים בניחוח קלאסי עם משאבה 1 ל',מיוצר עי קונדיטוריית,IL,סנו ספארק לכלים לימון1ל,ליטרים,1.00,ליטר,false,,12.90,12.9000,true,1,1417144
7290108350548,false,סנו ספארק נוזל כלים בניחוח לבנדר עם משאבה 1 ל',מיוצר עי קונדיטוריית,IL,סנו ספארק לכלים לימון1ל,ליטרים,1.00,ליטר,false,,12.90,12.9000,true,1,1417145
7290108350555,false,נוזל כלים סנו ספארק Spark היפואלרגני פריחת השקד,סנו,IL,סנו ספארק לכלים לימון1ל,ליטרים,1.00,ליטר,false,,12.90,12.9000,true,1,1417146
7290108350586,false,נוזל לניקוי כלים סנו ספארק Spark בניחוח לימון רענן,סנו,IL,נוזל לכלים סנו ספארק,ליטרים,1.50,ליטר,false,,14.90,9.9333,true,1,1442317
7290108350616,false,סנו - מקסימה מרכך כביסה מרוכז פריחה כחולה 1 ליטר,"סנו מפעלי ברונוס בע""",IL,מרכך כביסה מקסימה סו,ליטרים,1.00,ליטר,false,,17.90,17.9000,true,1,1496795
7290108350623,false,מרכך כביסה סופר מרוכז סופט סילק מקסימה 1 ל' סנו,"סנו מפעלי ברונוס בע""",IL,מרכך כביסה מקסימה סו,ליטרים,1.00,ליטר,false,,17.90,17.9000,true,1,1496796
7290108350654,false,"כיף פיות תרסיס להתרת קשרים 350 מ""ל",קוסמופארם בע''מ,IL,תרסיס להתרת קשרים כי,מיליליטרים,350.00,"100 מ""ל",false,,19.90,0.0569,true,1,1459774
7290108350739,false,משחת שיניים לילדים בטעם סוכריות ג'לי גילאי 2-6,טרופיקל דגיל קוסמטיק,IL,משחת שיניים אורביטול,גרמים,70.00,100 גרם,false,,8.90,0.1271,true,1,2071355
7290108350753,false,"אורביטול משחת שיניים פרוטקט פרש, 145 גרם",גוד פוד פרודקטס S.p,IL,משחת שיניים אורביטול,גרמים,145.00,100 גרם,false,,14.90,0.1028,true,1,2020671
7290108351149,false,סנו - ג'ט לניקוי כללי ורצפות בתוספת אבקת סודה 1.5 ליטר,"סנו מפעלי ברונוס בע""",IL,סנו ג'ט ניקוי כללי ו,ליטרים,1.50,ליטר,false,,19.90,13.2667,true,1,1552002
7290108351156,false,סנו - ג'ט לניקוי כללי ורצפות בתוספת חומץ 1.5 ליטר,"סנו מפעלי ברונוס בע""",IL,סנו ג'ט ניקוי כללי ו,ליטרים,1.50,ליטר,false,,19.90,13.2667,true,1,1543754
7290108351521,false,גל כביסה סנו מקסימ בניחוח מאסק 5 ל,סנו מקסימה,IL,ג'ל כביסה מרוכז סנו,ליטרים,5.00,ליטר,false,,44.90,8.9800,true,1,1538348
7290108351538,false,סנופרש הום מבשם לבית בניחוח מרכך כביסה ב,סנו מפעלי ברונוס בעמ,IL,מבשם אוויר פרש הום י,מיליליטרים,200.00,"100 מ""ל",false,,12.90,0.0645,true,1,1934837
7290108351552,false,"סנו - ג'ט לניקוי כללי בתוספת חומץ בניחוח לבנדר 750 מ""ל","סנו מפעלי ברונוס בע""",IL,מתז לניקוי כללי ג'ט+,מיליליטרים,750.00,"100 מ""ל",false,,19.90,0.0265,true,1,1803453
7290108351569,false,מבשם ומרכך למייבש כביסה Baby לתינוקות ולעור רגיש,"סנו מפעלי ברונוס בע""",IL,מרסס למייבש כביסה סנ,מיליליטרים,750.00,"100 מ""ל",false,,17.90,0.0239,true,1,1683326
7290108351583,false,"סנו - ג'ט פלוס חומץ ג'ל לניקוי אסלות לבנדר 750 מ""ל",טרופיקל דגיל תעשיות,IL,סנו ג'ט + לניקוי אסל,מיליליטרים,750.00,"100 מ""ל",false,,9.90,0.0132,true,1,1893340
7290108351590,false,"סנופרש הום בלו בלוסון בניחוח מרכך כביסה 350 מ""ל",סנו פרש Fresh,IL,מבשם אוויר פרש הום נ,מיליליטרים,350.00,"100 מ""ל",false,,14.90,0.0426,true,1,1675166
7290108351606,false,מטהר אוויר בלו בלוסום סנו פרש הום 350 מל,סנו fresh,IL,מבשם אוויר פרש הום נ,מיליליטרים,350.00,"100 מ""ל",false,,14.90,0.0426,true,1,1675167
7290108351668,false,מטליות לחות לניקוי כללי בתוספת חומץ בניחוח לבנדר,טרופיקל דיגל- תעשיות,IL,מטליות לחות לניקוי כ,יח',50.00,יח',false,,9.90,0.1980,true,1,1934845
7290108351675,false,גל כביסה סנו מקסימה מיקס אנד ווש 5 ל,סנו,IL,ג'ל כביסה מרוכז 5 לי,ליטרים,5.00,ליטר,false,,44.90,8.9800,true,1,1967191
7290108351682,false,גל כביסה סנו מקסימה ביו קולד ווטר 5 ל,סנו,IL,ג'ל כביסה מרוכז סנו,ליטרים,5.00,ליטר,false,,44.90,8.9800,true,1,1967192
7290108351699,false,סנו - ג'ט מטליות לחות לניקוי כללי בתוספת חומץ לבנדר שלישיה,סנו מפעלי ברונוס על,IL,מגבונים לניקוי ג'ט+ח,יח',150.00,יח',false,,19.90,0.1327,true,1,1967203
7290108351712,false,פניני בישום לכביסה 275 ג' מקסימה,value smart prodacts,IL,פניני בישום מקסימה ל,גרמים,275.00,100 גרם,false,,29.90,0.1087,true,1,2215159
7290108351774,false,מרסס סנו לניקוי וטיפול במוצרי עור 500 מל,סנו,IL,מתז לניקוי וטיפול במ,מיליליטרים,500.00,"100 מ""ל",false,,29.90,0.0598,true,1,2012405
7290108351781,false,ג'ל לניקוי אסלות + חומץ ומלח לימון בריח הדרים,"סנו מפעלי ברונוס בע""",IL,סנו ג'ט + לניקוי אסל,מיליליטרים,750.00,"100 מ""ל",false,,9.90,0.0132,true,1,2028493
7290108351804,false,סנו - מקסימה מרכך כביסה מרוכז ג'נטל בריז 1 ליטר,מיוצר עי קונדיטוריית,IL,מרכך כביסה מרוכז מקס,ליטרים,1.00,ליטר,false,,17.90,17.9000,true,1,2203456
7290108351811,false,מקסימה מרכך כביסה סופר מרוכז פלור טאצ' 1 ליטר,מיוצר עי קונדיטוריית,IL,מרכך כביסה מרוכז מקס,ליטרים,1.00,ליטר,false,,17.90,17.9000,true,1,2203457
7290108351842,false,"מקסימה בושם מרוכז לכביסה FOREVER כחול 600מ""ל","איי, בי, אינבוו",IL,בושם מרוכז לכביסה FO,מיליליטרים,600.00,"100 מ""ל",false,,19.90,0.0332,true,1,2083126
7290108351859,false,"מקסימה בושם מרוכז לכביסה FOREVER ורוד 600מ""ל",סנו מקסימה,IL,בושם מרוכז לכביסה FO,מיליליטרים,600.00,"100 מ""ל",false,,19.90,0.0332,true,1,2083127
7290108351866,false,"מקסימה בושם מרוכז לכביסה FOREVER בורדו 600מ""ל",סנו מקסימה,IL,בושם מרוכז לכביסה FO,מיליליטרים,600.00,"100 מ""ל",false,,19.90,0.0332,true,1,2083128
7290108351910,false,סנו ספארק טבליות למדיח 30 יח',גרופה אינקו,PL,טבליות למדיח סנו ספא,יח',30.00,יח',false,,19.90,0.6633,true,1,2071310
7290108351927,false,סנו ספארק טבליות למדיח 70 יח',סנו,IL,טבליות למדיח סנו ספא,יח',70.00,יח',false,,39.90,0.5700,true,1,2071311
7290108351965,false,סנו ג'ט סבון אסלה בחומץ שלישיה,סנו מפעלי ברונוס בעמ,IL,ג'ט סבון אסלה מוצק ש,יח',3.00,יח',false,,12.90,4.3000,true,1,2111187
7290108351972,false,סנופרש הום מבשם לבית בניחוח מלון בוטיק,מיוצר עי קונדיטוריית,IL,מבשם אוויר פרש הום י,מיליליטרים,200.00,"100 מ""ל",false,,12.90,0.0645,true,1,2213884
7290108351989,false,סנופרש הום מבשם לבית בניחוח מלון מפנק,מיוצר עי קונדיטוריית,IL,מבשם אוויר פרש הום י,מיליליטרים,200.00,"100 מ""ל",false,,12.90,0.0645,true,1,2213885
7290108351996,false,"חיטוי בייבי 99.9% לחיטוי וניקוי בסביבת תינוקות 750 מ""ל",החברה הדרומית,IL,מתז בייבי לחיטוי משט,מיליליטרים,750.00,"100 מ""ל",false,,18.90,0.0252,true,1,2155457
7290108352061,false,משחת שיניים 145ג 'אורביטול Charcoal Go White,אורביטול,IL,משחת שיניים אורביטול,גרמים,145.00,100 גרם,false,,9.90,0.0683,true,1,2353104
7290108352078,false,"שטיפת פה protective salt אורביטול 500 מ""ל",טרופיקל דגיל תעשיות,IL,אורביטול מי-פה פרוטק,מיליליטרים,500.00,"100 מ""ל",false,,17.90,0.0358,true,1,2248533
7290108352092,false,משחת שיניים אורביטול פרוטקטיב סולט בטעם מנטה,ג'נרל מילס סאן אדריא,IL,משחת שיניים אורביטול,גרמים,145.00,100 גרם,false,,9.90,0.0683,true,1,2248777
7290108352139,false,ג'ל כביסה גרין פוויר אקולוגי 3 ל' סנו,סנו מפעלי ברונוס בעמ,IL,ג'ל כביסה אקולוגי 3,ליטרים,3.00,ליטר,false,,34.90,11.6333,true,1,2241048
7290108352146,false,"סנובון נוזלי בניחוח מגנוליה ונרולי 750 מ""ל",סנו מפעלי ברונוס בעמ,IL,סנובון נוזלי סנסורי,מיליליטרים,750.00,"100 מ""ל",false,,11.90,0.0159,true,1,2237482
7290108352207,false,מקסימה קפסולות לכביסה פלורל 40 יחידות,טרופיקל דגיל תעשיות,IL,קפסולות ג'ל לכביסה מ,יח',40.00,יח',false,,39.90,0.9975,true,1,2240989
7290108352214,false,סנו - מקסימה קפסולות כביסה בניחוח בריזה מרעננת 40 יח',טרופיקל דגיל תעשיות,IL,קפסולות ג'ל לכביסה מ,יח',40.00,יח',false,,39.90,0.9975,true,1,2240990
7290108352221,false,סנופרש הום מבשם נוזלי בניחוח מלון מפנק,סנו מפעלי ברונוס בעמ,IL,מבשם אוויר פרש הום נ,מיליליטרים,350.00,"100 מ""ל",false,,14.90,0.0426,true,1,2241353
7290108352252,false,נוזל לניקוי כלים מתאים לניקוי ירקות ופירות סנו ספארק,"סנו מפעלי ברונוס בע""",IL,נוזל לכלים סנו ספארק,ליטרים,1.00,ליטר,false,,12.90,12.9000,true,1,2248585
7290108352269,false,סנו מטליות לחיטוי ולניקוי בדלי 400 יחידו,החברה הדרומית,IL,מטליות לחיטוי וניקוי,יח',400.00,יח',false,,34.90,0.0872,true,1,2240991
7290108352276,false,מטליות לחיטוי ולניקוי רצפות 70*40 + פתח למגב,"סנו מפעלי ברונס בע""מ",IL,מטליות לחיטויי וניקו,יח',10.00,יח',false,,14.90,1.4900,true,1,2237495
7290108352283,false,סנו 99.9% נוזל לחיטוי וניקוי רצפות 2 ליט,"סנו מפעלי ברונוס בע""",IL,נוזל לחיטוי וניקוי ר,ליטרים,2.00,ליטר,false,,19.90,9.9500,true,1,2237496
7290108352337,false,"סנו - פרש מילוי למטהר אוויר מלון מפנק 250 מ""ל",מיוצר עי קונדיטוריית,IL,מטהר אוויר פרש אוטומ,מיליליטרים,250.00,"100 מ""ל",false,,13.90,0.0556,true,1,2241355
7290108352344,false,"סנו - פרש מילוי למטהר אוויר מלון בוטיק 250 מ""ל",מיוצר עי קונדיטוריית,IL,מטהר אוויר פרש אוטומ,מיליליטרים,250.00,"100 מ""ל",false,,13.90,0.0556,true,1,2241356
7290108352368,false,תוסף לחיטוי כביסה 99.9% סנו מקסימה 3 ל',סנו,IL,תוסף לחיטוי כביסה 99,ליטרים,3.00,ליטר,false,,29.90,9.9667,true,1,2308925
7290108352382,false,מטליות לחות אישיות לחיטוי משטחים ואביזרים 99.9 % 20 יחי,טרופיקל דגיל תעשיות,IL,מגבונים הגיינים לחיט,יח',20.00,יח',false,,9.90,0.4950,true,1,2257982
7290108352436,false,סנובון מוצק בניחוח נגוליה ונרולי שלישייה,סנו מפעלי ברונוס בעמ,IL,שלישייה סנובון לאסלה,גרמים,165.00,100 גרם,false,,15.90,0.0964,true,1,2272688
7290108352443,false,סנובון מוצק בניחוח לוטוס וסחלב שלישייה,סנו מפעלי ברונוס בעמ,IL,שלישייה סנובון לאסלה,גרמים,165.00,100 גרם,false,,15.90,0.0964,true,1,2272689
7290108352481,false,"מטהר אוויר סנומוד נרסיסוס 150 מ""ל","סנו מפעלי ברונוס בע""",IL,מטהר אויר סנומוד נרס,מיליליטרים,150.00,"100 מ""ל",false,,10.90,0.0727,true,1,2273562
7290108352498,false,מכשיר אוטומטי מעוצב ואלגנטי עם מילוי מלון בוטיק סנו פרש,"יצרן מכשיר: זובלה,",IL,מכשיר לבישום סנו פרש,יחידה,0.00,יחידה,false,,49.90,0.0000,true,1,2290845
7290108352528,false,"מתז לחיטוי וניקוי חדר האמבטיה 99.9% 750 מ""ל","איי, בי, אינבוו",IL,מתז לחיטוי וניקוי חד,מיליליטרים,750.00,"100 מ""ל",false,,18.90,0.0252,true,1,2292105
7290108352535,false,סנו - מקסימה דפי בישום לחים למייבש הכביסה בניחוח מרכך כביסה,סנו מקסימה,IL,דפי בישום למייבש כבי,יח',20.00,יח',false,,12.90,0.6450,true,1,2325412
7290108352566,false,מרכך כביסה בבישום עוצמתי 4 ל' סנו מקסינה,"סנו מפעלי ברונוס בע""",IL,מרכך כביסה מקסימה 4,ליטרים,4.00,ליטר,false,,22.90,5.7250,true,1,2320528
7290108352573,false,מרכך כביסה מקסימה בבישום עוצמתי 4 ל' סנו,סנו,IL,מרכך כביסה מקסימה CA,ליטרים,4.00,ליטר,false,,22.90,5.7250,true,1,2340247
7290108352641,false,סנו סושי מטלית הפלא לניקוי כללי במארז שלישייה,סנו מפעלי ברונוס.,IL,שלישיית מטליות הפלא,יח',3.00,יח',false,,14.90,4.9667,true,1,1725261
7290108352702,false,מגבוני טואלט לחים סנו סופט בוב ספוג שלישיה,סנו סופט Soft,IL,מארז שלישייה מגבוני,יח',144.00,יח',false,,15.90,0.1104,true,1,1471234
7290108352788,false,שקיות סנו סושי L זיפר 20 יח,פיין ונטג,IL,שקיות זיפר 20 יח' מי,יח',20.00,יח',false,,12.90,0.6450,true,1,2071392
7290108352795,false,שקיות סנו סושי M זיפר 50 יח,סנו סושי,IL,שקיות זיפר 50 יח' מי,יח',50.00,יח',false,,12.90,0.2580,true,1,2071393
7290108352801,false,"שקיות אשפה S לפחים קטנים 56*45 ס""מ בניחוח עדין","סנו מפעלי ברונוס בע""",IL,סושי שקיות אשפה 45*5,יח',100.00,יח',false,,19.90,0.1990,true,1,1893342
7290108352818,false,מטלית במבוק לניקוי דוחה ריחות רעים,טרופיקל דגיל תעשיות,CN,מטלית במבוק לניקוי ס,יח',1.00,יח',false,,8.90,8.9000,true,1,2071370
7290108352825,false,ספוג הפלא נירוסטה סנו סושי 3יח',s.k.a.t ltdסנו מפעלי,IL,ספוג הפלא נירוסטה סנ,יח',3.00,יח',false,,9.90,3.3000,true,1,1934847
7290108352849,false,שלישיית מטליות הפלא לניקוי כללי דקור סנו סושי,טרופיקל דגיל תעשיות,IL,שלישיית מטליות הפלא,יח',3.00,יח',false,,14.90,4.9667,true,1,2248586
7290108352863,false,סנו סושי שקיות צלייה 20יח' מידה L,מיוצר עי קונדיטוריית,IL,שקיות צליה סנו סושי,יח',20.00,יח',false,,7.90,0.3950,true,1,2012414
7290108352870,false,סנו סושי שקיות צלייה 10יח' מידה XL,מיוצר עי קונדיטוריית,IL,שקיות צליה סנו סושי,יח',10.00,יח',false,,7.90,0.7900,true,1,2012415
7290108352887,false,"זוג מפות שולחן עשויות מבד בלתי ארוג 180*120 ס""מ",מיוצר עי קונדיטוריית,CN,זוג מפות שולחן לבנות,יח',2.00,יח',false,,9.90,4.9500,true,1,2012406
7290108352917,false,כפפות ניטריל כחולות 80 יח' S סנו סושי,סנו סושי,,כפפות ניטריל כחולות,יח',80.00,יח',false,,28.90,0.3612,true,1,2083129
7290108352924,false,כפפות ניטריל כחולות 80 יח' M סנו סושי,סנו סושי,,כפפות ניטריל כחולות,יח',80.00,יח',false,,28.90,0.3612,true,1,2083130
7290108352931,false,כפפות ניטריל כחולות 80 יח' L סנו סושי,סנו סושי,,כפפות ניטריל כחולות,יח',80.00,יח',false,,28.90,0.3612,true,1,2083131
7290108352948,false,"תבניות מאפינס אקסטרא חזקות 24 *16ס""מ סנו",סנו סושי,IL,7 תבניות מאפינס סנו,יח',7.00,יח',false,,14.90,2.1286,true,1,2083132
7290108352955,false,"4 תבניות אקסטרא חזקות 31*16ס""מ סנו",יויו טינואט,IL,4 תבניות אינגליש סנו,יח',4.00,יח',false,,14.90,3.7250,true,1,2083133
7290108353006,false,שקיות מזון נקשרות סנו סושי 250 יח',מיוצר עי קונדיטוריית,IL,שקיות מזון נקשרות סנ,יח',250.00,יח',false,,12.90,0.0516,true,1,2180487
7290108353037,false,"תבניות אפיה עגולות מנייר קוטר 21 ס""מ",מיוצר עי קונדיטוריית,CN,תבנית אפייה עגולה מנ,יח',4.00,יח',false,,11.90,2.9750,true,1,2208042
7290108353044,false,תב.אפייה מנייר סנו סושי מאפינס גדול 24 י,מיוצר עי קונדיטוריית,CN,תבניות אפייה למאפינס,יח',24.00,יח',false,,9.90,0.4125,true,1,2208043
7290108353068,false,ספוג הפלא נירוסטה עם סיבי קירצוף סנו סושי 2 יח',מיוצר עי קונדיטוריית,IL,כרית קירצוף עם סיבי,יח',2.00,יח',false,,9.90,4.9500,true,1,2208028
7290108353082,false,ממחטות אף בקופסה 2 שכבות סנו סופט 120 דף,מיוצר עי קונדיטוריית,IL,מגבוני אף סנו סופט ב,יח',120.00,יח',false,,6.90,0.0575,true,1,2208029
7290108353334,false,"שמפו למניעת קשקשים עם שמן עץ התה ואסאי 700 מ""ל כיף",קוסמופארם בעמ,IL,"שמפו כיף 700 מ""ל עם",מיליליטרים,700.00,"100 מ""ל",false,,10.90,0.0156,true,1,2213956
7290108353341,false,"מרכך למניעת קשקשים עם שמן עץ התה ואסאי 700 מ""ל כיף",קוסמופארם בעמ,IL,"מרכך כיף 700 מ""ל עם",מיליליטרים,700.00,"100 מ""ל",false,,10.90,0.0156,true,1,2213957
7290108353372,false,צמד מברשת שיניים 12000פחם סיבים אורביטול,החברה הדרומית,IL,מברשת שיניים NANO פח,יח',2.00,יח',false,,29.90,14.9500,true,1,2353105
7290108353389,false,"אורביטול - מי פה ג'וניור לגילאי 8+ 250 מ""ל",החברה הדרומית,IL,אורביטול קיד מי פה ג,מיליליטרים,250.00,"100 מ""ל",false,,12.90,0.0516,true,1,2345740
7290108353471,false,סבון מוצק סנובון DESIGN ספא בודד,החברה הדרומית,IL,סנובון DESIGN בניחוח,גרמים,65.00,100 גרם,false,,7.90,0.1215,true,1,2199842
7290108353488,false,סנו - סנובון מעוצב בניחוח סחלב פראי,מיוצר עי קונדיטוריית,IL,סנובון DESIGN בניחוח,גרמים,65.00,100 גרם,false,,7.90,0.1215,true,1,2199843
7290108353495,false,אורביטול - חוט דנטאלי 50 מטר בתוספת שעווה ופלואוריד,אורביטול,IL,חוט דנטלי עם שעווה א,מטרים,50.00,מטר,false,,9.90,0.1980,true,1,2361673
7290108353525,false,תבניות אלומיניום סנו סושי+ידית 4 יח L,קריניסה ויטמין אס אי,CN,4 תבניות אלומיניום ע,יח',4.00,יח',false,,9.90,2.4750,true,1,2218819
7290108353532,false,"שקיות אשפה נשלפות עם שרוך 65*54 ס""מ L",סנו סושי,IL,סושי שקיות אשפה 54*6,יח',100.00,יח',false,,29.90,0.2990,true,1,2223885
7290108353549,false,נייר אפייה סנו סושי 100 יח,"טופ פלסט 2002 בע""מ",IL,נייר אפיה סנו סושי 1,יח',100.00,יח',false,,19.90,0.1990,true,1,2223886
7290108353570,false,סנו סושי צלחות קטנות 25 יח',סנו,IL,צלחות מקנה סוכר טבעי,יח',25.00,יח',false,,9.90,0.3960,true,1,2248817
7290108353594,false,סנו סושי צלחות אובליות 25 יח',סנו סושי,IL,צלוחיות מקנה סוכר טב,יח',25.00,יח',false,,9.90,0.3960,true,1,2248819
7290108353648,false,סנו סושי - שקיות אוכל מנייר 70 יחידות,"אשפלסט תעשיות בע""מ",TR,שקיות אוכל מנייר = מ,יח',70.00,יח',false,,10.90,0.1557,true,1,2268053
7290108353655,false,"סנו סושי - 50 מפיות אירוח איכותיות גדולות ועבות 3 שכבות לבנות """,האנק טישו,IL,מפיות אירוח סנו סושי,יח',50.00,יח',false,,9.90,0.1980,true,1,2223911
7290108353662,false,"סנו סושי מפת שולחן מוטבעת 120*270 ס""מ",סנו סושי,IL,מפת שולחן מוטבעת סנו,יח',1.00,יח',false,,10.90,10.9000,true,1,2333855
7290108353679,false,סנו סושי – ניילון שקופות 10 מפות,מיוצר עי קונדיטוריית,IL,מפות ניילון שקופות 1,יח',10.00,יח',false,,14.90,1.4900,true,1,2240994
7290108353686,false,מטלית חלומית לריצפה מיקרופייבר,נינגבו סנבנג,CN,מטלית חלומית לרצפה ס,יח',1.00,יח',false,,10.90,10.9000,true,1,2248579
7290108353730,false,"קרמה - תחליב רחצה חימר אוכמניות כחולות 500 מ""ל",החברה הדרומית,IL,תחליב רחצה קרמה חימר,מיליליטרים,500.00,"100 מ""ל",false,,16.90,0.0338,true,1,2341759
7290108353747,false,"תחליב רחצה אירוודה, בניחוח טונקה 600 מ""ל קרימה",החברה הדרומית,IL,תחליב רחצה קרמה אירו,מיליליטרים,600.00,"100 מ""ל",false,,17.90,0.0298,true,1,2361657
7290108353761,false,"תחליב רחצה זן, בניחוח קשמיר 600 מ""ל קרימה",החברה הדרומית,IL,תחליב רחצה קרמה זן 6,מיליליטרים,600.00,"100 מ""ל",false,,17.90,0.0298,true,1,2361658
7290108353778,false,"נקה 7 - תחליב רחצה שוודיה בניחוח פיטנגו 750 מ""ל","אמיליה קוסמטיקס בע""מ",IL,תחליב רחצה נקה 7 שוו,מיליליטרים,750.00,"100 מ""ל",false,,10.90,0.0145,true,1,2258002
7290108353785,false,תחליב רחצה נקה 7 מרוקו בניחוח טונקה 750,"אמיליה קוסמטיקס בע""מ",IL,תחליב רחצה נקה 7 מרו,מיליליטרים,750.00,"100 מ""ל",false,,10.90,0.0145,true,1,2261717
7290108353808,false,"תחליב רחצה נקה מדגסקר בניחות אמבר 750 מ""ל","אמיליה קוסמטיקס בע""מ",IL,תחליב רחצה נקה 7 מדג,מיליליטרים,750.00,"100 מ""ל",false,,10.90,0.0145,true,1,2258003
7290108353815,false,קרמה ספא תחליב רחצה מדיטציה בניחוח פצולי,החברה הדרומית,IL,תחליב רחצה קרמה מדיט,מיליליטרים,600.00,"100 מ""ל",false,,17.90,0.0298,true,1,2361665
7290108353891,false,"קרמה - דאודורנט רול און לאישה קרמה מאסק 75 מ""ל","קוסמופארם בע""מ",IL,דאודרנט קרמה רול און,מיליליטרים,75.00,"100 מ""ל",false,,12.90,0.1720,true,1,2248562
7290108353907,false,"קרמה - דאודורנט רול און לאישה קרמה קלאסי 75 מ""ל","קוסמופארם בע""מ",IL,דאודרנט קרמה רול און,מיליליטרים,75.00,"100 מ""ל",false,,12.90,0.1720,true,1,2248563
7290108353952,false,"קרמה - דאודורנט ספריי לאישה קרמה קלאסי 150 מ""ל","אמיליה קוסמטיקס בע""מ",IL,דאודורנט קרמה ספריי,מיליליטרים,150.00,"100 מ""ל",false,,12.90,0.0860,true,1,2308927
7290108353969,false,"קרמה - דאודורנט ספריי לאישה קרמה מאסק 150 מ""ל","אמיליה קוסמטיקס בע""מ",IL,דאודורנט קרמה ספריי,מיליליטרים,150.00,"100 מ""ל",false,,12.90,0.0860,true,1,2308928
7290108353983,false,"קרמה - קרם גוף קרמה קלאסי 500 מ""ל",טרופיקל דגיל תעשיות,IL,קרם גוף קרמה קלאסי,מיליליטרים,500.00,"100 מ""ל",false,,24.90,0.0498,true,1,2259247
7290108354164,false,"כיף שלישיית אל סבון מועשר בשמנים 500X3 מ""ל",טרופיקל דגיל תעשיות,IL,אל סבון כיף מועשר בש,יח',3.00,יח',false,,19.90,6.6333,true,1,2269138
7290108354270,false,מרכך כביסה מרוכז בבישום עוצמתי 1 ל' סנו מקסימה,מיוצר עי קונדיטוריית,IL,מרכך כביסה מרוכז מקס,ליטרים,1.00,ליטר,false,,17.90,17.9000,true,1,2320529
7290108354355,false,סנו מגבוני היגיינים לניקוי הידיים 70 % אלכוהול 20 יח',דן - מור חומרי טבע ו,IL,מגבונים הגיינים לחיט,יח',20.00,יח',false,,9.90,0.4950,true,1,2256458
7290108354416,false,"תחליב רחצה יוגה, בניחוח ברגמוט 600מ""ל קרימה",החברה הדרומית,IL,תחליב רחצה קרמה יוגה,מיליליטרים,600.00,"100 מ""ל",false,,17.90,0.0298,true,1,2361659
7290108354430,false,"שמפו כיף לשיקום והזנה שמן קוקוס וקרטין 700 מ""ל",קוסמופארם בעמ,IL,שמפו כיף שמן קוקוס ו,מיליליטרים,700.00,"100 מ""ל",false,,10.90,0.0156,true,1,2276767
7290108354447,false,"מרכך כיף לשיקום והזנה שמן קוקוס וקרטין 700 מ""ל",גוד פוד פרודקטס S.p,IL,מרכך כיף שמן קוקוס ו,מיליליטרים,700.00,"100 מ""ל",false,,10.90,0.0156,true,1,2276768
7290108354492,false,"קרליין - שמפו 10 שמן ארגן 700 מ""ל",החברה הדרומית,IL,שמפו קרליין 10 לשיער,מיליליטרים,700.00,"100 מ""ל",false,,12.90,0.0184,true,1,2340563
7290108354577,false,"דאו. קרמה רולאון וניל ופלפל ורוד 75 מ""ל",,,דאודרנט קרמה רול און,מיליליטרים,75.00,"100 מ""ל",false,,12.90,0.1720,true,1,2312080
7290108354591,false,"תחליב רחצה בניחוח מי קקטוס ושמן באבאסו 750 מ""ל נקה 7","אמיליה קוסמטיקס בע""מ",IL,תחליב רחצה נקה 7 ביו,מיליליטרים,750.00,"100 מ""ל",false,,10.90,0.0145,true,1,2348764
7290108354850,false,"קרמה דאודורנט רול און בריזת ים 75 מ""ל",החברה הדרומית,IL,דאודרנט קרמה רול און,מיליליטרים,75.00,"100 מ""ל",false,,12.90,0.1720,true,1,2248551
7290108354911,false,"שמפו, ג'ל רחצה וגילוח מועשר בתמצית אלוורה",טרופיקל דגיל תעשיות,IL,קרמה מן 3 ב-1 שמפו/ג,מיליליטרים,700.00,"100 מ""ל",false,,18.90,0.0270,true,1,2237504
7290108354980,false,קרם ידיים מרוכז לידיים יבשות מאוד ללא בישום,קוסמופארם,IL,קרם ידיים קרמה מרוכז,מיליליטרים,50.00,"100 מ""ל",false,,15.90,0.3180,true,1,2269043
7290108355000,false,"שמפו מיניונים לילדים נקה 7 750 מ""ל",נקה 7,IL,שמפו נקה 7 קידס מיני,מיליליטרים,750.00,"100 מ""ל",false,,14.90,0.0199,true,1,1459775
7290108355017,false,"נקה 7 מרכך לילדים מיניונים 750 מ""ל",נקה 7,IL,מרכך נקה 7 קידס מיני,מיליליטרים,750.00,"100 מ""ל",false,,14.90,0.0199,true,1,1459776
7290108355031,false,"נקה 7 אל סבון לילדים מיניונים 750 מ""ל",נקה 7,IL,אל סבון נקה 7 קידס מ,מיליליטרים,750.00,"100 מ""ל",false,,14.90,0.0199,true,1,1459778
7290108355055,false,לחו.לשיער מקצועי גלייז נטורל פורמולה 400,נטורל פורמולה Natural Formula,IL,לחות לשיער עם גלייז,מיליליטרים,400.00,"100 מ""ל",false,,29.90,0.0747,true,1,1655201
7290108355086,false,"גלייז מקצועי לשיער נטורל פורמולה 350 מ""ל",נטורל פורמולה Natural Formula,IL,קרם עיצוב לשיער גליי,מיליליטרים,360.00,"100 מ""ל",false,,39.90,0.1108,true,1,1655204
7290108355130,false,"בייבי כיף שמן גוף לפני שינה 500 מ""ל",קוסמופארם,IL,שמן גוף בייבי כיף לפ,מיליליטרים,500.00,"100 מ""ל",false,,24.90,0.0498,true,1,2012392
7290108355147,false,"תחליב רחצה נקה 7שמני רחצה 750 מ""ל","אמיליה קוסמטיקס בע""מ",IL,תחליב רחצה נקה 7 שמנ,מיליליטרים,750.00,"100 מ""ל",false,,10.90,0.0145,true,1,1891740
7290108355161,false,"מרכך שיער שמני הזנה 750 מ""ל נקה 7","אמיליה קוסמטיקס בע""מ",IL,מרכך שיער נקה 7 שמני,מיליליטרים,750.00,"100 מ""ל",false,,11.90,0.0159,true,1,1891742
7290108355192,false,"נטורל מרכך קרטין אינטנס למניעת קשקשים 400 מ""ל",נטורל פורמולה Natural Formula,IL,מרכך קרטין אינטנס למ,מיליליטרים,400.00,"100 מ""ל",false,,29.90,0.0747,true,1,1803536
7290108355208,false,"שמפו קרטין אינטנס למניעת קשקשים נטורל 400 מ""ל",נטורל פורמולה Natural Formula,IL,שמפו קרטין אינטנס למ,מיליליטרים,400.00,"100 מ""ל",false,,29.90,0.0747,true,1,1803537
7290108355253,false,"נקה 7 - ג'ל רחצה אקסטרה פרש לגבר 750 מ""ל","אמיליה קוסמטיקס בע""מ",IL,נקה 7 ג'ל רחצה לגבר,מיליליטרים,750.00,"100 מ""ל",false,,11.90,0.0159,true,1,2011800
7290108355307,false,"נקה 7 - שמפו סירוק קל רוזמרין 750 מ""ל",גוד פוד פרודקטס S.p,IL,נקה 7 שמפו לשיער רגי,מיליליטרים,750.00,"100 מ""ל",false,,11.90,0.0159,true,1,2180491
7290108355314,false,מרכך לסירוק קל בתוספת רוזמרין,גוד פוד פרודקטס S.p,IL,מרכך שיער נקה 7 לשיע,מיליליטרים,750.00,"100 מ""ל",false,,11.90,0.0159,true,1,2180492
7290108355406,false,נ.פורמולה מרכך פיגמנט חום,החברה הדרומית,IL,מרכך פיגמנט חום נטור,מיליליטרים,250.00,"100 מ""ל",false,,29.90,0.1196,true,1,2269335
7290108355413,false,מרכך פיגמנט חום בהיר,,,מרכך פיגמנט חום בהיר,מיליליטרים,250.00,"100 מ""ל",false,,29.90,0.1196,true,1,2269336
7290108355420,false,מרכך פיגמנט אדום נטו,,,מרכך פיגמנט אדום נטו,מיליליטרים,250.00,"100 מ""ל",false,,29.90,0.1196,true,1,2269337
7290108355451,false,"קרמה - דאודורנט רול און לאישה קרמה ורד ווניל 75 מ""ל",החברה הדרומית,IL,דאודרנט קרמה רול און,מיליליטרים,75.00,"100 מ""ל",false,,12.90,0.1720,true,1,2248552
7290108355468,false,"קרמה דאודורנט רול און נרולי ומגנוליה 75 מ""ל",קרמה Crema,IL,דאודרנט קרמה רול און,מיליליטרים,75.00,"100 מ""ל",false,,12.90,0.1720,true,1,2248553
7290108355765,false,דאודורנט ספריי קרמה בניחוח לבנדר ואקליפטוס,החברה הדרומית,IL,דאודורנט קרמה ספריי,מיליליטרים,150.00,"100 מ""ל",false,,12.90,0.0860,true,1,2308931
7290108355802,false,"תחליב רחצה קרמה ורד ווניל 700 מ""ל",גוד פוד פרודקטס S.p,IL,תחליב רחצה קרמה ורד,מיליליטרים,700.00,"100 מ""ל",false,,19.90,0.0284,true,1,2248572
7290108356120,false,"תחליב רחצה כיף קוקוס וניל 700 מ""ל",קוסמופארם,IL,תחליב רחצה כיף קוקוס,מיליליטרים,700.00,"100 מ""ל",false,,10.90,0.0156,true,1,2020708
7290108356151,false,"תחליב רחצה כיף מאסק יסמין 700 מ""ל",גוד פוד פרודקטס S.p,IL,תחליב רחצה כיף מאסק,מיליליטרים,700.00,"100 מ""ל",false,,10.90,0.0156,true,1,2020710
7290108356168,false,"כיף - תחליב רחצה אוקיינוס 700 מ""ל",גוד פוד פרודקטס S.p,IL,תחליב רחצה כיף אוקיי,מיליליטרים,700.00,"100 מ""ל",false,,10.90,0.0156,true,1,2020711
7290108356182,false,כיף אל סבון תאנה ותה ירוק 1 ליטר משאבה,החברה הדרומית,IL,אל סבון כיף תאנה ותה,ליטרים,1.00,ליטר,false,,10.90,10.9000,true,1,2244869
7290108356489,false,"כיף - תחליב רחצה אפרסק וחמאת מורומורו 700 מ""ל",החברה הדרומית,IL,תחליב רחצה כיף אפרסק,מיליליטרים,700.00,"100 מ""ל",false,,10.90,0.0156,true,1,2340248
7290108356519,false,קרליין שמפו 10למניעת קשקשים 700מל,החברה הדרומית,IL,שמפו קרליין 10 לשיער,מיליליטרים,700.00,"100 מ""ל",false,,12.90,0.0184,true,1,2331697
7290108356526,false,"קרליין - שמפו 10 לשיער יבש 700 מ""ל",החברה הדרומית,IL,שמפו קרליין 10 לשיער,מיליליטרים,700.00,"100 מ""ל",false,,12.90,0.0184,true,1,2331698
7290108356533,false,קרוליין 10 שמפו לשיער מתולתל 700 מל,החברה הדרומית,IL,שמפו קרליין 10 לשיער,מיליליטרים,700.00,"100 מ""ל",false,,12.90,0.0184,true,1,2331699
7290108356540,false,קרוליין 10 שמפו לשיער צבוע 700 מל,החברה הדרומית,IL,שמפו קרליין 10 לשיער,מיליליטרים,700.00,"100 מ""ל",false,,12.90,0.0184,true,1,2331700
7290108356557,false,"שמפו 10 לשיער למניעת קשקשים 700 מ""ל קרליין",החברה הדרומית,IL,שמפו קרליין 10 למניע,מיליליטרים,700.00,"100 מ""ל",false,,12.90,0.0184,true,1,2331701
7290108356564,false,"קרליין - מרכך 10 לשיער רגיל 700 מ""ל",החברה הדרומית,IL,מרכך קרליין 10 לשיער,מיליליטרים,700.00,"100 מ""ל",false,,12.90,0.0184,true,1,2331702
7290108356571,false,"קרליין - מרכך 10 לשיער יבש 700 מ""ל",החברה הדרומית,IL,מרכך קרליין 10 לשיער,מיליליטרים,700.00,"100 מ""ל",false,,12.90,0.0184,true,1,2331703
7290108356588,false,קרוליין 10 מרכך לשיער מתולתל 700 מל,החברה הדרומית,IL,מרכך קרליין 10 לשיער,מיליליטרים,700.00,"100 מ""ל",false,,12.90,0.0184,true,1,2331704
7290108356595,false,"קרליין מרכך 10 לשיער צבוע 700 מ""ל",החברה הדרומית,IL,מרכך קרליין 10 לשיער,מיליליטרים,700.00,"100 מ""ל",false,,12.90,0.0184,true,1,2331705
7290108356816,false,"סבון בוטני גרניום ופטצ'ולי לניקוי וטיפוח הידיים, טבעוני 1 ל' כיף",סנו,IL,אל סבון כיף + משאבה,ליטרים,1.00,ליטר,false,,10.90,10.9000,true,1,2361651
7290108356854,false,מגבוני בייבי כיף בניוח עדין מארז חמישייה,החברה הדרומית,IL,מגבונים לחים חמישייה,יח',320.00,יח',false,,19.90,0.0622,true,1,2290965
7290108357004,false,כיף שמפו ורד ושמן קוקוי לרכות וברק,טרופיקל דגיל תעשיות,IL,"שמפו כיף 700 מ""ל ורד",מיליליטרים,700.00,"100 מ""ל",false,,10.90,0.0156,true,1,2218852
7290108357028,false,"תחליב רחצה כיף ורד ושמן קוקוי 700 מ""ל",קוסמופארם בעמ,IL,תחליב רחצה כיף 700 מ,מיליליטרים,700.00,"100 מ""ל",false,,10.90,0.0156,true,1,2218854
7290108357059,false,"קרליין - נושם ביו דאודורנט רול און 75 מ""ל Secret Garden לאישה",החברה הדרומית,IL,דאודורנט רול און נו,מיליליטרים,75.00,"100 מ""ל",false,,12.90,0.1720,true,1,2340564
7290108357110,false,"קרליין - נושם ביו דאודורנט רול און 75 מ""ל Valvet Rose לאישה",החברה הדרומית,IL,דאודורנט רול און נו,מיליליטרים,75.00,"100 מ""ל",false,,12.90,0.1720,true,1,2340568
7290108357189,false,"מבשם ומרכך למייבש הכביסה מקסימה פלורל 750 מ""ל סנו","סנו מפעלי ברונוס בע""",IL,מרסס למייבש כביסה סנ,מיליליטרים,750.00,"100 מ""ל",false,,17.90,0.0239,true,1,2219771
7290108357196,false,"ג'ט פלוס לניקוי כללי בתוספת תמצית עץ התה 750 מ""ל סנו",מיוצר עי קונדיטוריית,IL,מתז לניקוי כללי ג'ט+,מיליליטרים,750.00,"100 מ""ל",false,,19.90,0.0265,true,1,2297287
7290108357202,false,סנוקליר לניקוי בניחוח בלו בלוסום 1 ליטר,"סנו מפעלי ברונוס בע""",IL,סנוקליר רב תכליתי בנ,ליטרים,1.00,ליטר,false,,10.90,10.9000,true,1,2273568
7290108357226,false,"אוקסיגן POWER אבקה לכביסה לבנה והסרת כתמים 1.4 ק""ג סנו",החברה הדרומית,IL,אוקסיג'ן מסיר כתמים,גרמים,1400.00,100 גרם,false,,29.90,0.0214,true,1,2333868
7290108357240,false,"אוקסיג'ן פאוור תוסף להסרת כתמים קשים 1.4 ק""ג",החברה הדרומית,IL,אוקסיג'ן מסיר כתמים,גרמים,1400.00,100 גרם,false,,29.90,0.0214,true,1,2333875
7290108357271,false,סנובון ג'ל לניקוי אסלות עם חמצן פעיל לניקוי עוצמתי,סנו סנובון,IL,סנובון נוזלי עם כח ה,מיליליטרים,750.00,"100 מ""ל",false,,11.90,0.0159,true,1,2350565
7290108357288,false,אקונומיקה ז'אוול בניחוח פריחה לבנה 4 ל' סנו,סנו ז'אוול Javel,IL,אקונומיקה סנו ז'אוול,ליטרים,4.00,ליטר,false,,16.90,4.2250,true,1,2331691
7290108357295,false,"סנו - אוקסיג'ן פאוור מרסס להסרת כתמים 750 מ""ל",החברה הדרומית,IL,מרסס כביסה מסיר כתמי,מיליליטרים,750.00,"100 מ""ל",false,,17.90,0.0239,true,1,2350392
7290108357394,false,"תחליב רחצה קרמה חלב ודבש 700 מ""ל",החברה הדרומית,IL,תחליב רחצה קרמה חלב,מיליליטרים,700.00,"100 מ""ל",false,,19.90,0.0284,true,1,2276544
7290108357400,false,"תחליב רחצה קרמה לבנדר ואקליפטוס 700 מ""ל",החברה הדרומית,IL,תחליב רחצה קרמה לבנד,מיליליטרים,700.00,"100 מ""ל",false,,19.90,0.0284,true,1,2248573
7290108357417,false,"קרמה - קרם גוף קרמה ורד ווניל 500 מ""ל",טרופיקל דגיל תעשיות,IL,קרם גוף קרמה ורד וונ,מיליליטרים,500.00,"100 מ""ל",false,,24.90,0.0498,true,1,2258013
7290108357424,false,"קרם גוף קרמה נרולי ומגנוליה 500 מ""ל",החברה הדרומית,IL,קרם גוף קרמה נרולי ו,מיליליטרים,500.00,"100 מ""ל",false,,24.90,0.0498,true,1,2258014
7290108357431,false,"קרם גוף קרמה בריזת ים 500 מ""ל",טרופיקל דגיל תעשיות,IL,קרם גוף קרמה בריזת י,מיליליטרים,500.00,"100 מ""ל",false,,24.90,0.0498,true,1,2258015
7290108357448,false,"קרמה - קרם גוף קרמה לבנדר ואקליפטוס 500 מ""ל",קוסמופארם בע''מ,IL,קרם גוף קרמה לבנדר ו,מיליליטרים,500.00,"100 מ""ל",false,,24.90,0.0498,true,1,2258016
7290108357493,false,"תחליב רחצה קרמה וניל ופלפל ורוד 700 מ""ל",גוד פוד פרודקטס S.p,IL,תחליב רחצה קרמה וניל,מיליליטרים,700.00,"100 מ""ל",false,,19.90,0.0284,true,1,2276545
7290108357653,false,סנובון מוצק אוקיינוס בבבלס לאסלה,סנו סנובון,IL,שלישייה סנובון מוצק,יח',3.00,יח',false,,19.90,6.6333,true,1,2362911
7290108357660,false,סנובון שלישיה בניחוח לבנדר,סנו סנובון,IL,שלישייה סנובון מוצק,יח',3.00,יח',false,,19.90,6.6333,true,1,2362912
7290108357707,false,"כיף שמפו לשיער רגיל-תפוח זרעי צ'יה 700 מ""ל",גוד פוד פרודקטס S.p,IL,"שמפו כיף 700 מ""ל תפו",מיליליטרים,700.00,"100 מ""ל",false,,10.90,0.0156,true,1,2072780
7290108357714,false,"כיף שמפו לשיער יבש -רימונים ושמן ארגן 700 מ""ל",גוד פוד פרודקטס S.p,IL,"שמפו כיף 700 מ""ל רימ",מיליליטרים,700.00,"100 מ""ל",false,,10.90,0.0156,true,1,2072781
7290108357745,false,"כיף שמפו ומרכך 700 מ""ל 2ב-1 תאנה ומנטה",גוד פוד פרודקטס S.p,IL,שמפו ומרכך 2+1 תאנה,מיליליטרים,700.00,"100 מ""ל",false,,10.90,0.0156,true,1,2072790
7290108357769,false,"מרכך לשיער רגיל תפוח וזרעי צ'יה 700 מ""ל כיף",גוד פוד פרודקטס S.p,IL,"מרכך כיף 700 מ""ל תפו",מיליליטרים,700.00,"100 מ""ל",false,,10.90,0.0156,true,1,2072782
7290108357776,false,"כיף מרכך לשיער יבש -רימונים ושמן ארגן 700 מ""ל",גוד פוד פרודקטס S.p,IL,מרכך רימונים ושמן אר,מיליליטרים,700.00,"100 מ""ל",false,,10.90,0.0156,true,1,2072783
7290108357806,false,"כיף מרכך קרטין וחמאת שיאה 700 מ""ל",קוסמופארם בעמ,IL,"מרכך כיף 700 מ""ל קרט",מיליליטרים,700.00,"100 מ""ל",false,,10.90,0.0156,true,1,2072793
7290108357851,false,"כיף - ג'ל רחצה אליקסיר אוילס מועשר בשמן קוקוס 700 מ""ל","קוסמופארם בע""מ",IL,תחליב רחצה כיף ELIXI,מיליליטרים,700.00,"100 מ""ל",false,,10.90,0.0156,true,1,2326367
7290108357875,false,"כיף - שמפו לחות מוגברת עם אפרסק וחמאת מורומורו 700 מ""ל",החברה הדרומית,IL,שמפו כיף לחות מוגברת,מיליליטרים,700.00,"100 מ""ל",false,,10.90,0.0156,true,1,2340249
7290108357882,false,"כיף - מרכך לחות מוגברת עם אפרסק וחמאת מורומורו 700 מ""ל",החברה הדרומית,IL,מרכך כיף לחות מוגברת,מיליליטרים,700.00,"100 מ""ל",false,,10.90,0.0156,true,1,2340250
7290108358087,false,"תחליב רחצה קרמה מאסק 700 מ""ל",גוד פוד פרודקטס S.p,IL,תחליב רחצה קרמה מאסק,מיליליטרים,700.00,"100 מ""ל",false,,19.90,0.0284,true,1,2259277
7290108358124,false,דפי בישום לחים למייבש הכביסה בניחוח מרכך כביסה 20 יח' מקסימה,סנו,IL,דפי בישום למייבש כבי,יח',20.00,יח',false,,12.90,0.6450,true,1,2357291
7290108359008,false,סושי שקיות זיפר עם סליידר 15 יח לארג',החברה הדרומית,CN,שקיות זיפר סליידר L,יח',15.00,יח',false,,14.90,0.9933,true,1,2330596
7290108359060,false,סנו סושי כריות הפלא רב תכלתיות *4 לשבת,סנו סושי,IL,כריות ניקוי לשבת סנו,יח',4.00,יח',false,,12.90,3.2250,true,1,2313397
7290108359077,false,סנו - סופט לושן ממחטות אף בקופסא 3 שכבות 120 יח',סנו סופט Soft,IL,ממחטות סנו סופט לושן,יח',120.00,יח',false,,12.90,0.1075,true,1,2330603
7290108359084,false,כיסוי ניילון עם גומי 30 יח' M סנו סושי,סנו סושי,IL,כיסוי ניילון עם גומי,יח',30.00,יח',false,,9.90,0.3300,true,1,2361666
7290108359091,false,כיסוי ניילון עם גומי 30 יח' L סנו סושי,סנו סושי,IL,כיסוי ניילון עם גומי,יח',30.00,יח',false,,9.90,0.3300,true,1,2361667
7290108359114,false,סושי חמגשית אלומיניום עם מכסה,סנו סושי,IL,חמגשית אלומיניום עם,יח',10.00,יח',false,,10.90,1.0900,true,1,2335014
7290108359138,false,סנו סושי שקיות אשפה עם שרוך 200 יח' L,סנו סושי,,שקיות אשפה 200 יח' ב,יח',200.00,יח',false,,64.90,0.3245,true,1,2334419
7290108359183,false,שקית אשפה חזקות 70*50 60 יח' סנו סושי,סנו סושי,IL,סושי שקיות אשפה 52*7,יח',60.00,יח',false,,22.90,0.3817,true,1,2362914
7290108359190,false,סנו סושי מגבות נייר בגליל כפול פי 3,סנו סושי,IL,מגבות נייר 4=12 סנו,מטרים,126.96,מטר,false,,24.90,0.1961,true,1,2379381
7290108359848,false,בייבי כיף שמפו אל דמע 1 ל',בייבי כיף Baby,IL,שמפו בייבי כיף אל דמ,ליטרים,1.00,ליטר,false,,19.90,19.9000,true,1,2012395
7290108359862,false,בייבי כיף אל סבון 1 ליטר,בייבי כיף Baby,IL,אל סבון בייבי כיף 1,ליטרים,1.00,ליטר,false,,19.90,19.9000,true,1,2012397
7290108359879,false,"אלסבון בייבי כיף+משאבה 750 מ""ל",קוסמופארם בעמ,IL,אל סבון בייבי כיף 75,מיליליטרים,750.00,"100 מ""ל",false,,17.90,0.0239,true,1,2012407
7290108359886,false,תחליב רחצה בייבי כיף 1 ליטר,בייבי כיף Baby,IL,תחליב רחצה בייבי כיף,ליטרים,1.00,ליטר,false,,19.90,19.9000,true,1,2012398
7290108359893,false,"תחליב רחצה בייבי כיף+משאבה 750 מ""ל",גוד פוד פרודקטס S.p,IL,תחליב רחצה בייבי כיף,מיליליטרים,750.00,"100 מ""ל",false,,17.90,0.0239,true,1,2012399
7290108359985,false,סנו - ז'אוול מרסס קצף לניקוי וחינו בניחוח פריחה לבנה 1 ליטר,סנו ז'אוול Javel,IL,תרסיס סנו ז'אוול קצף,ליטרים,1.00,ליטר,false,,19.90,19.9000,true,1,2331683
7290108500677,false,כבד דג שיבוט מעושן בשמן הדג,"איטיליאן פוד, אס.פי.",IS,כבד דג שיבוט,גרמים,120.00,100 גרם,false,,8.90,0.0742,true,1,1505754
7290108501346,false,גבינה גאודה מגורדת 28% 500 גר,Euro יורו מחלבות אירופה,DE,גבינת גאודה מגורדת 5,גרמים,500.00,100 גרם,false,,24.90,0.0498,true,1,1776787
7290108501377,false,שפרוטים מעושנים בשמן מרינה מכסה שקוף 160 ג',וילי פוד,,שפרוטים מעושנים בשמן,גרמים,160.00,100 גרם,false,,9.90,0.0619,true,1,1811248
7290108501391,false,פרוסות גבינה חצי קשה מחלב עיזים,,IL,גבינה חצי קשה מחלב ע,גרמים,150.00,100 גרם,false,,19.90,0.1327,true,1,1826662
7290108501490,false,גבינה מוצרלה פרוסות ו.פוד 150ג',ליטא,DE,גבינת מוצרלה פרוסות,גרמים,150.00,100 גרם,false,,13.90,0.0927,true,1,1826698
7290108501827,false,קדאיף שערות בצק 450 גרם,הנסיך- מפעל לייצור ט,TW,קדאיף שערות בצק 450ג,גרמים,450.00,100 גרם,false,,19.90,0.0442,true,1,1926185
7290108501964,false,חטיף אגוזים וצימוקים הפי נאטס מארז 35X4ג',ואמראליס,GR,חטיף שקדים וצימוקים,גרמים,140.00,100 גרם,false,,10.00,0.0714,true,1,1926199
7290108501971,false,חטיף בוטנים ומשמש הפי נאטס מארז 35X4ג',ואמראליס,GR,חטיף שקדים ומשמש HAP,יחידה,0.00,יחידה,false,,10.00,0.0000,true,1,1926200
7290108501988,false,חטיף שקדים וחמוציות הפי נוטס מארז 35X4ג',ואמראליס,GR,חטיף שקדים וחמוציות,גרמים,140.00,100 גרם,false,,10.00,0.0714,true,1,1926201
7290108502305,false,גבינת גרדה פדנו משולש 150 גר`וילי פוד,וילי פוד,IT,גבינת גרנה פדנו משול,גרמים,150.00,100 גרם,false,,22.90,0.1527,true,1,2016729
7290108502558,false,גבינת שמנת לייט טבעי 200ג' EURO CHEESE,אטלסר&אלפרי קאסורק,TW,גבינה במרקם שמנת ליי,גרמים,200.00,100 גרם,false,,12.90,0.0645,true,1,1980920
7290108502596,false,גבינת שמנת לייט שום 200ג' EURO CHEESE,אטלסר&אלפרי קאסורק,DE,גבינת שמנת לייט שום,גרמים,200.00,100 גרם,false,,12.90,0.0645,true,1,1980924
7290108502725,false,גבינת גאודה פרוסות 400 גר`וילי פוד,Euro יורו מחלבות אירופה,DE,גבינת גאודה פרוסות 4,גרמים,400.00,100 גרם,false,,19.90,0.0497,true,1,1948603
7290108502763,false,גבינת קממבר 200 גר ו,פטוראז',FR,גבינת קממבר 200גרם,גרמים,200.00,100 גרם,false,,22.90,0.1145,true,1,1948597
7290108503043,false,תפוחונים חטיף פלחים מיובשים מארז 22X4ג',ינטאי זונגקאן פוד קו,CN,מארז תפוחונים 4 יח',גרמים,88.00,100 גרם,false,,13.90,0.1580,true,1,2065805
7290108503067,false,פרמזנו משולש ויליפוד,וילי פוד,IT,פרמז'נו משולש,גרמים,150.00,100 גרם,false,,14.90,0.0993,true,1,2016736
7290108503159,false,גבינה כחולה עם עובש 31% שומן,קסוס אל פסטור,ES,גבינה כחולה עם עובש,גרמים,100.00,100 גרם,false,,14.90,0.1490,true,1,2037635
7290108503999,false,גבינה גאודה פרוסות בטעם לכריכים וטוסטים 150 גר',Euro יורו מחלבות אירופה,ES,פרוסות גבינה בטעם גא,גרמים,150.00,100 גרם,false,,7.90,0.0527,true,1,2157170
7290108504293,false,גבינה מנצ'גו צ'אנק 150 גר',ג.וילי פוד אינטרנשיו,ES,גבינה מנצ'גו צ'אנק 1,גרמים,150.00,100 גרם,false,,15.90,0.1060,true,1,2207283
7290108504392,false,גבינת שמנת לייט עם זיתים 200 ג' - EURO CHEESE,אטלסר&אלפרי קאסורק,TW,גבינה במרקם שמנת ליי,גרמים,200.00,100 גרם,false,,12.90,0.0645,true,1,2215625
7290108504699,false,נתחי טונה בשמן קנולה רביעיה * 160 ג' וילי פוד,גולדן פרייז,TH,רביעית נתחי טונה בשמ,גרמים,640.00,100 גרם,false,,19.90,0.0311,true,1,2219460
7290108504934,false,"דפי אורז למילוי 22 ס""מ 300 גרם בית יוסף",וילי פוד - מנת השף,,דפי אורז למילוי קוטר,גרמים,300.00,100 גרם,false,,7.90,0.0263,true,1,2325627
7290108505092,false,"יוגורט בטעם טבעי 10% שומן 1 ק""ג",MEVGAL,GR,יוגורט בטעם טבעי 1 ק,קילוגרמים,1.00,"ק""ג",false,,24.90,24.9000,true,1,2231181
7290108505153,false,יוגורט בטעם טבעי 2% שומן 150 ג',דלתא פודס,GR,יוגורט בטעם טבעי 150,גרמים,150.00,100 גרם,false,,4.90,0.0327,true,1,2231184
7290108505160,false,יוגורט עם אגסים 150 גרם 4% שומן,Euro יורו מחלבות אירופה,GR,יוגורט עם אגסים 150,גרמים,150.00,100 גרם,false,,4.90,0.0327,true,1,2231185
7290108505177,false,יוגורט עם אננס 150 גרם 0% שומן,דלתא פודס,GR,יוגורט עם אננס 150 ג,גרמים,150.00,100 גרם,false,,4.90,0.0327,true,1,2231186
7290108505184,false,יוגורט עם קוקוס 5% שומן 150 גרם,Euro יורו מחלבות אירופה,GR,יוגורט עם קוקוס 150,גרמים,150.00,100 גרם,false,,4.90,0.0327,true,1,2231187
7290108505191,false,יוגורט עם פצפוצי שוקולד 5% שומן 150 גרם,Euro יורו מחלבות אירופה,GR,יוגורט עם פצפוצי שוק,גרמים,150.00,100 גרם,false,,4.90,0.0327,true,1,2231188
7290108505207,false,יוגורט ען אוכמניות 0% שומן 150 גרם,Euro יורו מחלבות אירופה,GR,יוגורט עם אוכמניות 1,גרמים,150.00,100 גרם,false,,4.90,0.0327,true,1,2231189
7290108505214,false,יוגורט עם אפרסק 150 גרם 0% שומן,Euro יורו מחלבות אירופה,GR,יוגורט עם אפרסק 150,גרמים,150.00,100 גרם,false,,4.90,0.0327,true,1,2231190
7290108505603,false,שלישיית נתחי טונה בשמן צמחי 90 גרם קרטונית,גולדן,TH,שלישיית נתחי טונה בה,גרמים,80.00,100 גרם,false,,10.90,0.1363,true,1,2221658
7290108505719,false,גבינת מוצרלה מגורדת 25% שומן 200גר,יורו צ'יז Euro Cheese,TR,גבינה מוצרלה מגורדת,גרמים,200.00,100 גרם,false,,19.90,0.0995,true,1,2236812
7290108505726,false,אצבעות-גבינה חצי קשה 25% שומן 200גר,סאסו פטוראגס קומטויס,TR,גבינה חצי קשה-אצבעות,גרמים,200.00,100 גרם,false,,19.90,0.0995,true,1,2236813
7290108505962,false,שזיפים מיובשים וילי פוד 400 גרם,,US,שזיפים יבשים 400 גרם,גרמים,400.00,100 גרם,false,,24.90,0.0622,true,1,2239438
7290108506037,false,יוגורט בטעם טבעי 5% שומן דלתא 150 ג',דלתא פודס,GR,יוגורט בטעם טבעי 150,גרמים,150.00,100 גרם,false,,4.90,0.0327,true,1,2270953
7290108506426,false,בייגלה קראנצ'י טורקי אותנטי - מוקפא,וילי פוד,TR,בייגלה קפוא סימיט 40,גרמים,400.00,100 גרם,false,,9.90,0.0248,true,1,2238508
7290108506488,false,סופלה שוקולד קפוא 200 גרם,ארמה גרופ,TR,סופלה שוקולד קפוא,גרמים,200.00,100 גרם,false,,8.90,0.0445,true,1,2238741
7290108506495,false,"כנאפה מאפה בצק ""שערות"" קדאיף וגבינה",ארמה גרופ,TR,כנאפה קפוא,גרמים,192.50,100 גרם,false,,12.90,0.0670,true,1,2238509
7290108506501,false,אצבעות בצק פילו ממולאות גבינה 500 ג' ויליפוד,סיהאן גידה,TR,אצבעות בצק פילו ממול,גרמים,500.00,100 גרם,false,,17.90,0.0358,true,1,2320715
7290108506518,false,אצבעות בצק פילו ממולאות גבינה ותרד 500 ג' ויליפוד,סיהאן גידה,TR,אצבעות בצק פילו ממול,גרמים,500.00,100 גרם,false,,17.90,0.0358,true,1,2320716
7290108506532,false,גליליות וופל במילוי קרם בטעם אגוזי לוז 400ג' ויליפוד,בן& אר.פי.סי,GR,גליליות וופל במילוי,גרמים,400.00,100 גרם,false,,12.90,0.0323,true,1,2238459
7290108506662,false,רביולי פטריות פסטה א,ארמנדו,IT,רביולי פטריות 250 גר,גרמים,250.00,100 גרם,false,,12.90,0.0516,true,1,2238636
7290108506679,false,רביולי חצילים ומוצרלה 250 גרם,ארמנדו,IT,רביולי חצילים ומוצרל,גרמים,250.00,100 גרם,false,,12.90,0.0516,true,1,2238628
7290108506709,false,גבינת פרמג'יאנו רג'יאנו 150 גר' רבנות,וילי פוד,IT,גבינת פרמג'יאנו רג'י,גרמים,150.00,100 גרם,false,,22.90,0.1527,true,1,2248517
7290108506815,false,גליליות וופל במילוי קרם קרמל מלוח 400ג' ויליפוד,בן& אר.פי.סי,GR,גליליות וופל במילוי,גרמים,400.00,100 גרם,false,,12.90,0.0323,true,1,2238461
7290108506969,false,מאפה בורקס מים תורכי - גבינה 300 ג',וילי פוד,TR,מאפה בורקס מים תורכי,גרמים,300.00,100 גרם,false,,14.90,0.0497,true,1,2245756
7290108507010,false,מאפה בורקס מים תורכי תרד וגבינה 300 גרם,וילי פוד,TR,מאפה בורקס מים תורכי,גרמים,300.00,100 גרם,false,,14.90,0.0497,true,1,2245757
7290108507058,false,ביסקויט פריך בשוקולד חלב 100 גרם -קהילות,מודרן צ'יקולטה,TR,ביסקוויט פריך בשוקול,גרמים,100.00,100 גרם,false,,6.90,0.0690,true,1,2327872
7290108507188,false,כנאפה קפוא אריזה משפחתית 657.5 גרם,ארמה גרופ,TR,כנאפה אריזה משפחתית,גרמים,450.00,100 גרם,false,,24.90,0.0553,true,1,2249482
7290108507645,false,ביסקויט פריך בשוקולד מריר 100 גרם -קהילות,מודרן צ'יקולטה,TR,ביסקוויט פריך בשוקול,גרמים,100.00,100 גרם,false,,6.90,0.0690,true,1,2327873
7290108507652,false,ביסקויט פריך בשוקולד לבן 100 גרם -קהילות,מודרן צ'יקולטה,TR,ביסקוויט פריך בשוקול,גרמים,100.00,100 גרם,false,,6.90,0.0690,true,1,2327874
7290108507942,false,ירקות גינה+טונה 160 גרם בית יוסף,גידא,TR,ירקות גינה עם טונה 1,גרמים,160.00,100 גרם,false,,12.90,0.0806,true,1,2284665
7290108508031,false,ויליפוד אננס שלם 830 גרם,נטריישן,TH,אננס שלם 830 גרם,גרמים,830.00,100 גרם,false,,10.90,0.0131,true,1,2344811
7290108508130,false,עגבניות איטלקיות מרוסקות 390 גרם,וילי פוד,,עגבניות איטלקיות מרו,גרמים,390.00,100 גרם,false,,9.90,0.0254,true,1,2310880
7290108508147,false,מחית עגבניות איטלקיות 500 גרם,וילי פוד,,מחית עגבניות איטלקיו,גרמים,500.00,100 גרם,false,,9.90,0.0198,true,1,2322825
7290108508451,false,"משקה יוגורט טבעי 3.2% שומן יורו 200 מ""ל",Euro יורו מחלבות אירופה,TR,משקה יוגורט טבעי 200,מיליליטרים,200.00,"100 מ""ל",false,,5.90,0.0295,true,1,2286170
7290108508574,false,פסטה ברוטב עגבניות פיקנטי ארביאטה 250 ג'-מוכנה לאכילה,וילי פוד,,פסטה ברוטב עגבניות פ,גרמים,250.00,100 גרם,false,,12.90,0.0516,true,1,2299301
7290108508703,false,טורטיה ללא גלוטן 270 גרם ויליפוד,מוטלוקל גידה סאנאי ט,TR,טורטייה ללא גלוטן 2,גרמים,270.00,100 גרם,false,,9.90,0.0367,true,1,2284133
7290108508765,false,קונכיות פתיתים 400 גרם,וילי פוד,TR,קונכיות פתיתים 400 ג,גרמים,400.00,100 גרם,false,,7.90,0.0198,true,1,2296913
7290108508772,false,קונכיות פתיתים עם תרד 400 גרם,וילי פוד,TR,קונכיות פתיתים עם תר,גרמים,400.00,100 גרם,false,,7.90,0.0198,true,1,2296914
7290108508888,false,ביסקוויטים פתי בר ויליפוד 500 ג',ארגון ציקולאטה,TR,ביסקוויטים פתי בר 50,גרמים,500.00,100 גרם,false,,9.90,0.0198,true,1,2293750
7290108508901,false,יוגורט יווני עם דובדבנים ושקדים 0.6% שומ,דלתא פודס,GR,יוגורט עם דובדבנים ו,גרמים,150.00,100 גרם,false,,4.90,0.0327,true,1,2284621
7290108508963,false,גבינת קשקבל מגורדת 25% 200 גרם,Euro יורו מחלבות אירופה,TR,גבינת קשקבל מגורדת ח,גרמים,200.00,100 גרם,false,,19.90,0.0995,true,1,2276212
7290108508970,false,וילי פוד תה ג'רבה 50,אוסוואלדי קרוז בואנס,,תה גרבה 500 גרם,גרמים,500.00,100 גרם,false,,19.90,0.0398,true,1,2295414
7290108509052,false,מאפה פילו יווני מסורתי ממולא גבינת פטה,וילי פוד,GR,מאפה פילו ממולא גבינ,גרמים,400.00,100 גרם,false,,22.90,0.0572,true,1,2298935
7290108509106,false,"גבינה בולגרית מעודנת בקוביות 13% שומן 200 ג' חת""ס פ""ת",קוליוס,TR,גבינת בולגרית מעודנת,גרמים,200.00,100 גרם,false,,12.90,0.0645,true,1,2307194
7290108509113,false,"גבינה בולגרית מעודנת 18% שומן 250 גרם חת""ס פ""ת",Euro יורו מחלבות אירופה,TR,גבינת בולגרית מעודנת,גרמים,250.00,100 גרם,false,,12.90,0.0516,true,1,2307195
7290108509144,false,מארז שלישיית עגבניות מרוסקות POLPA,וילי פוד,IT,שלישיית עגבניות מרוס,גרמים,1200.00,100 גרם,false,,14.90,0.0124,true,1,2299481
7290108509168,false,קוביות עגבניות במיץ עגבניות - מארז שלישיה,וילי פוד,IT,שלישיית עגבניות קובי,גרמים,1200.00,100 גרם,false,,14.90,0.0124,true,1,2299483
7290108509250,false,"אנטיפסטי ארטישוק+עגבניות מיובשות וצלפים בשמן חמניות 380 מ""ל",קוסרבה בונטו,IT,אנטיפסטי ארטישוק תחת,גרמים,530.00,100 גרם,false,,24.90,0.0470,true,1,2299211
7290108509359,false,פופקורן בציפוי בטעם קרמל 90 ג' ויליפוד,סנרו ס.א,UA,פופקורן בציפוי בטעם,גרמים,90.00,100 גרם,false,,5.90,0.0656,true,1,2325641
7290108509397,false,עלי בצק פילו [משולשים] 360 גרם,ארמה גרופ,TR,עלי בצק פילו (משולשי,גרמים,360.00,100 גרם,false,,10.90,0.0303,true,1,2297754
7290108509410,false,חלבה טורקית עם קקאו 350 גרם ויליפוד,וילי פוד,TR,חלבה טורקית עם קקאו,גרמים,350.00,100 גרם,false,,11.90,0.0340,true,1,2299909
7290108509700,false,אורז פרסי דאוואט 1 ק,אל.טי.פודס לימיטד,IN,אורז פרסי DAAWAT 1 ק,קילוגרמים,1.00,"ק""ג",false,,9.90,9.9000,true,1,2307834
7290108509816,false,גבינת בייבי מוצרלה 22 שומן 22% 200 גרם,אונטד גידה,TR,גבינה בייבי מוצרלה 2,גרמים,200.00,100 גרם,false,,19.90,0.0995,true,1,2301177
7290108509908,false,"מנת השף בשקית-איטריות בטעם ירקות 85 ג' חתם סופר ב""ב",וילי פוד - מנת השף,TH,מנת השף-אטריות להכנה,גרמים,85.00,100 גרם,false,,3.90,0.0459,true,1,2311736
7290108509915,false,"מנת השף בשקית-איטריות בטעם סיני פיקנטי 85 ג' חתם סופר ב""ב",וילי פוד - מנת השף,TH,מנת השף-אטריות להכנה,גרמים,85.00,100 גרם,false,,3.90,0.0459,true,1,2311737
7290108509922,false,"מנת השף בשקית-איטריות בטעם עוף 85 ג' חתם סופר ב""ב",וילי פוד - מנת השף,TH,מנת השף-אטריות להכנה,גרמים,85.00,100 גרם,false,,3.90,0.0459,true,1,2311738
7290108509939,false,פרוסות פילה טונה בשמן זית כתית מעולה,וילי פוד,,פרוסות פילה טונה 120,גרמים,120.00,100 גרם,false,,14.90,0.1242,true,1,2320521
7290108509953,false,פולי קפה 100% פולי ק,,,פולי קפה 100% פולי ק,גרמים,250.00,100 גרם,false,,14.90,0.0596,true,1,2361461
7290108509960,false,נתחי טונה בהירה בשמן זית כתית מעולה - מארז 3 יח',וילי פוד,,שלישיית נתחי טונה בה,גרמים,240.00,100 גרם,false,,14.90,0.0621,true,1,2320522
7290108509984,false,"רוטב סויה 300 מ""ל וילי פוד",,,"רוטב סויה 300 מ""ל",מיליליטרים,300.00,"100 מ""ל",false,,9.90,0.0330,true,1,2311744
7290108509991,false,"רוטב טריאקי 300 מ""ל וילי פוד",,,"רוטב טריאקי 300 מ""ל",מטרים,300.00,100 מ'ל,false,,9.90,0.0330,true,1,2311745
7290109060132,false,מגבת נייר ג'מבו ענק,,,מגבת נייר ג'מבו ענק,מטרים,63.50,מטר,false,,10.90,0.1717,true,1,1472075
7290109060293,false,ניירות אפיה נשלפים אחד אחד,פרפקט Perfect,,נייר אפייה 50 יח פרפ,יח',50.00,יח',false,,9.90,0.1980,true,1,1503426
7290109060378,false,מטליות רב שימושיות לכל סוגי המשטחים,פרפקט Perfect,,מטליות רב שימושיות 4,יח',40.00,יח',false,,19.90,0.4975,true,1,1508150
7290109060385,false,מטליות לחות לניקוי רצפות,פרפקט Perfect,,מטליות לחות לניקוי ר,יח',10.00,יח',false,,14.90,1.4900,true,1,1518016
7290109060392,false,מטליות רב שימושיות ת,פרפקט Perfect,,מטליות רב שימושיות ת,יח',9.00,יח',false,,8.90,0.9889,true,1,1519665
7290109060408,false,מטלית מיקרופייבר ריצ,,,מטלית מיקרופייבר ריצ,יחידה,0.00,יחידה,false,,9.90,0.0000,true,1,1512871
7290109060415,false,מטליות מיקרופייבר לרצפה,פרפקט Perfect,,מטליות מיקרופייבר לר,יח',3.00,יח',false,,19.90,6.6333,true,1,1512872
7290109060422,false,מטלית מיקרופייבר למשטחים,פרפקט Perfect,,מטלית מיקרופייבר לני,יחידה,0.00,יחידה,false,,8.90,0.0000,true,1,1512873
7290109060439,false,מטליות מיקרופייבר למשטחים,פרפקט Perfect,,מטליות מיקרופייבר לנ,יח',3.00,יח',false,,14.90,4.9667,true,1,1512874
7290109060446,false,מטלית מיקרופייבר למשטחים XL,פרפקט Perfect,,מטלית מיקרופייבר לני,יחידה,0.00,יחידה,false,,9.90,0.0000,true,1,1512875
7290109060453,false,ספוג הפלא 6 יח'-פרפק,פרפקט Perfect,,ספוג הפלא 6 יח'-פרפק,יח',6.00,יח',false,,8.90,1.4833,true,1,1539119
7290109060460,false,סחבה לבנה זיג זג 3 י,פרפקט Perfect,,סחבה לבנה זיג זג 3 י,יח',3.00,יח',false,,9.90,3.3000,true,1,1521666
7290109060613,false,מפיות לבן דו שכבתי 1,פרפקט Perfect,,מפיות לבן דו שכבתי 1,יח',180.00,יח',false,,7.90,0.0439,true,1,1530131
7290109060651,false,משטח מיקרופייבר לייבוש כלים,פרפקט Perfect,,משטח ייבוש כלים מיקר,יח',1.00,יח',false,,14.90,14.9000,true,1,1637601
7290109060699,false,כריות ברזל לקרצוף חזק,פרפקט Perfect,,כריות ברזל 3 יח'-פרפ,יח',3.00,יח',false,,8.90,2.9667,true,1,1655914
7290109060828,false,אטבי כביסה איכותיים בשלל צבעים,פרפקט Perfect,,9 אטבים מעוצבים-בשלל,יח',9.00,יח',false,,8.90,0.9889,true,1,1668462
7290109060835,false,אטבי כביסה גדולים וחזקים עם גומי- מארז 10 יח',פרפקט Perfect,,10 אטבים גדולים וחזק,יח',10.00,יח',false,,8.90,0.8900,true,1,1668463
7290109060842,false,אטבי כביסה איכותיים - מארז 10 יח',פרפקט Perfect,,10 אטבים מילניום הזר,יח',10.00,יח',false,,8.90,0.8900,true,1,1668464
7290109060859,false,כפפות גומי מידה S פר,,,כפפות גומי מידה S פר,יחידה,0.00,יחידה,false,,6.90,0.0000,true,1,1773340
7290109060873,false,מפיות אירוח בצבעים כהים,פרפקט Perfect,,מפיות אירוח 100 יח',יח',100.00,יח',false,,5.90,0.0590,true,1,1669438
7290109060880,false,מפיות אירוח בצבעי פסטל,פרפקט Perfect,,מפיות אירוח 100 יח',יח',100.00,יח',false,,5.90,0.0590,true,1,1669439
7290109060989,false,כפפות גומי מידה XL פ,,,כפפות גומי מידה XL פ,יחידה,0.00,יחידה,false,,6.90,0.0000,true,1,1773343
7290109061054,false,מגבונים לחים לתינוק בניחוח עדין- מארז רביעיה,פרפקט Perfect,,רביעיית מגבונים בביש,יח',288.00,יח',false,,14.90,0.0517,true,1,1776132
7290109061061,false,מגבונים לחים לתינוק ללא בישום- מארז רביעיה,פרפקט Perfect,,רביעיית מגבונים ללא,יח',288.00,יח',false,,14.90,0.0517,true,1,1776138
7290109061320,false,ספוג הפלא לנירוסטה פ,פרפקט Perfect,,ספוג הפלא לנירוסטה פ,יח',3.00,יח',false,,10.90,3.6333,true,1,1993799
7290109061405,false,"כוסות לשתיה חמה 250 מ""ל+ מכסים - מארז 16 יח'",פרפקט Perfect,,כוסות נייר+מכסים 16,יח',16.00,יח',false,,12.90,0.8063,true,1,2120857
7290109061450,false,צמרוני אוזניים עם שסתום ביטחון לתינוקות,פרפקט Perfect,,צימרוני אוזניים שסתו,יח',55.00,יח',false,,3.90,0.0709,true,1,2185382
7290109061863,false,צלחות עבות במיוחד 66,פרפקט Perfect,,צלחות עבות במיוחד 66,יח',66.00,יח',false,,39.90,0.6045,true,1,2234598
7290109062105,false,נוזל לניקוי רצפות בנ,,,נוזל לניקוי רצפות בנ,ליטרים,2.00,ליטר,false,,9.90,4.9500,true,1,2269010
7290109062112,false,נוזל לניקוי רצפות בנ,,,נוזל לניקוי רצפות בנ,ליטרים,2.00,ליטר,false,,9.90,4.9500,true,1,2269011
7290109062129,false,סל קניה כחול,,,סל קניה כחול,יחידה,0.00,יחידה,false,,5.00,0.0000,true,1,2284169
7290109062204,false,"כרית שינה פרימיום 70*50 ס""מ",SK home fashion,,כרית שינה פרימיום 70,יחידה,0.00,יחידה,false,,59.90,0.0000,true,1,2314064
7290109062259,false,מפת שולחן עגולה דמוי,,,מפת שולחן עגולה דמוי,יחידה,0.00,יחידה,false,,39.90,0.0000,true,1,2311559
7290109062334,false,כפפות ויניל S פרפקט,,,כפפות ויניל S פרפקט,יח',100.00,יח',false,,24.90,0.2490,true,1,2325722
7290109062341,false,כפפות ויניל M פרפקט,,,כפפות ויניל M פרפקט,יח',100.00,יח',false,,24.90,0.2490,true,1,2325723
7290109062358,false,כפפות ויניל L פרפקט,,,כפפות ויניל L פרפקט,יח',100.00,יח',false,,24.90,0.2490,true,1,2325724
7290109062365,false,כפפות ויניל XL פרפקט,,,כפפות ויניל XL פרפקט,יח',100.00,יח',false,,24.90,0.2490,true,1,2325725
7290109062396,false,"כרית ויסקו ממורי במידות 40/60/12 ס""מ",SK home fashion,,כרית ויסקו ממורי 40/,יחידה,0.00,יחידה,false,,89.90,0.0000,true,1,2319775
7290109062402,false,ראנר ג'קארד 35/150 ס,,,ראנר ג'קארד 35/150 ס,יחידה,0.00,יחידה,false,,19.90,0.0000,true,1,2321846
7290109062433,false,מגבת פנים 90*50 פרמי,,,מגבת פנים 90*50 פרמי,יחידה,0.00,יחידה,false,,19.90,0.0000,true,1,2322203
7290109062440,false,מגבת רחצה 130*70 פרמ,,,מגבת רחצה 130*70 פרמ,יחידה,0.00,יחידה,false,,39.90,0.0000,true,1,2322204
7290109062464,false,שמן זית כתית מעולה אוליבה,אוליבה Oliva,,שמן זית כתית מעולה א,מיליליטרים,750.00,"100 מ""ל",false,,32.90,0.0439,true,1,2328181
7290109062471,false,"שטיחון אמבט במידות ס""מ 50*70 -גוון לפי בחירה",SK home fashion,,שטיחון אמבט SK 50*70,יחידה,0.00,יחידה,false,,19.90,0.0000,true,1,2326610
7290109062518,false,סט קולבי קטיפה - 5 יחידות,SK home fashion,,סט 5 קולבים קטיפה,יחידה,0.00,יחידה,false,,14.90,0.0000,true,1,2333442
7290109062556,false,"סט 2 מגבות מטבח פרימיום פסים 60*40 ס""מ",SK home fashion,,סט 2 מגבות מטבח פרימ,מארז,1.00,מארז,false,,24.90,24.9000,true,1,2340189
7290109062563,false,"שמיכת מיקרו פלנל פסים 180*130 ס""מ - בצבע לבחירה",SK home fashion,,שמיכת מיקרו פלנל פסי,יחידה,0.00,יחידה,false,,79.90,0.0000,true,1,2341742
7290109062587,false,סל קניה כחול בד,,,סל קניה כחול בד,יחידה,0.00,יחידה,false,,5.00,0.0000,true,1,2344785
7290109062594,false,"שטיחון אמבטיה פופקורן 70*50 ס""מ בצבע לבחירה",SK home fashion,,שטיחון אמבטיה 70*50,יחידה,0.00,יחידה,false,,49.90,0.0000,true,1,2348752
7290109062600,false,"שטיח נורדי 60/120 ס""",,,"שטיח נורדי 60/120 ס""",יחידה,0.00,יחידה,false,,79.90,0.0000,true,1,2348753
7290109062617,false,מגבת ידיים 50*30 פרמיום כותנה סרוקה,SK home fashion,,מגבת ידיים 50*30 פרמ,יחידה,0.00,יחידה,false,,9.90,0.0000,true,1,2348738
7290109062631,false,מגבת רחצה 130*70 פרמיום כותנה סרוקה,SK home fashion,,מגבת רחצה 130*70 פרמ,יחידה,0.00,יחידה,false,,39.90,0.0000,true,1,2348740
7290109062648,false,מגבת רחצה ענקית 140*90 פרמיום כותנה סרוקה,SK home fashion,,מגבת רחצה ענקית 140*,יחידה,0.00,יחידה,false,,49.90,0.0000,true,1,2348741
7290109351025,false,מלך החומוס חומוסטחינה 40% טחינה גולמית,לחמנו,IL,חומוסטחינה מלך החומו,גרמים,400.00,100 גרם,false,,11.90,0.0298,true,1,1446254
7290109351957,false,פריכיות פיטנס מיני גדולות שוקולד חלב 100ג',סנורייס בלגיום אן. ו,BE,פירכיות גדולות שוקול,גרמים,100.00,100 גרם,false,,7.90,0.0790,true,1,1524268
7290109351971,false,פריכיות דגנים פיטנס מצופות שוקולד חלב,פרח תעשיות,IL,פירכיות פיטנס שוקולד,גרמים,84.00,100 גרם,false,,11.90,0.1417,true,1,1505186
7290109352916,false,פריכיות דגנים פיטנס מצופות שוקולד לבן,פרח תעשיות,IL,פירכיות פיטנס שוקולד,גרמים,84.00,100 גרם,false,,11.90,0.1417,true,1,1505187
7290109353494,false,פסטה פרפקטו פארפאלה 500ג' אסם,אסם פרפקטו Perfecto,IT,פסטה פרפקטו פאפאלה 5,גרמים,500.00,100 גרם,false,,6.90,0.0138,true,1,1514687
7290109354057,false,קרחוני לה פרוטה La Frutta בטעמי אננס תפוז- 5 יח',תות תעשיות מזון (201,IL,מאגדת שלגוני לה פרוט,גרמים,350.00,100 גרם,false,,22.90,0.0654,true,1,1472270
7290109354101,false,לחמית ללא גלוטן 200 ג' אסם,"אסם תעשיות בע""מ",IL,לחמית ללא גלוטן,גרמים,200.00,100 גרם,false,,9.90,0.0495,true,1,1639187
7290109358260,false,טבעול נקניקיות עם חלבון 6*600גרם,עיצובים 2020 (4.8),IL,נקניקיות עם חלבון טב,גרמים,600.00,100 גרם,false,,29.90,0.0498,true,1,1655143
7290109358284,false,טבעול שניצל תירס עם חלבון 6*664גרם,עיצובים 2020 (4.8),IL,שניצל תירס עם חלבון,גרמים,664.00,100 גרם,false,,29.90,0.0450,true,1,1655144
7290109358482,false,עוגיות קרמוגית במילוי קרם בטעם חלבה,היינץ צפון אמריקה מק,IL,עוגיות קרמוגית במילו,גרמים,200.00,100 גרם,false,,10.90,0.0545,true,1,2077944
7290109580043,false,"שניצל תירס קלאסי זוגלובק 1.75 ק""ג",זוגלובק,IL,"שניצל תירס 1.750 ק""ג",קילוגרמים,1.75,"ק""ג",false,,49.90,28.5143,true,1,2271289
7290109580104,false,רוסביף פרימיום 150 גרם זוגלובק,זוגלובק,IL,רוסטביף זוגלובק פרימ,גרמים,150.00,100 גרם,false,,24.90,0.1660,true,1,2279271
7290109580111,false,"צלעות אסאדו מעושנות פרימיום, 120 גרם",זוגלובק,IL,צלעות אסאדו מעושנות,גרמים,120.00,100 גרם,false,,24.90,0.2075,true,1,2330774
7290109580135,false,קורנדביף פרימיום 180 גרם זוגלובק,זוגלובק,IL,קורנדביף זוגלובק פרי,גרמים,180.00,100 גרם,false,,24.90,0.1383,true,1,2279273
7290109580159,false,זוגלובק פרימיום פסטרמה בנוסח טוסקנה,זוגלובק,IL,פסטרמה בנוסח טוסקנה,גרמים,180.00,100 גרם,false,,24.90,0.1383,true,1,2279274
7290109580166,false,סרוולד קלאסי פרימיום 150 גרם זוגלובק,זוגלובק,IL,סרוולד קלאסי זוגלובק,גרמים,150.00,100 גרם,false,,24.90,0.1660,true,1,2279275
7290109580210,false,נקנקיות ריינהולד'ס הצרפתיה זוגלובק 300 ג',זוגלובק,IL,נקניקיות ריינהולד'ס,גרמים,300.00,100 גרם,false,,19.90,0.0663,true,1,2340728
7290109580241,false,נאגטס מן הצומח זוגלובק 500 גרם,זוגלובק טבע,IL,נאגטס מן הצומח 500 ג,גרמים,500.00,100 גרם,false,,24.90,0.0498,true,1,2348870
7290109580319,false,"בורגר וונדרס 0% בשר , טבעוני",זוגלובק וונדרס Wonders,IL,בורגר 280ג' WONDERS,גרמים,280.00,100 גרם,false,,34.90,0.1246,true,1,2326678
7290109580432,false,פסטרמה חזה הודו מעושן 120 גר' זוגלובק,זוגלובק,IL,פסטרמה הודו 120 גרם,גרמים,120.00,100 גרם,false,,11.90,0.0992,true,1,2350497
7290109580449,false,סלמי בטעם כמהין פרימיום 180 ג' זוגלובק,זוגלובק,IL,סלמי בטעם כמהין פרימ,גרמים,180.00,100 גרם,false,,24.90,0.1383,true,1,2352333
7290109640198,false,מגורדת לפיצה ואפיה 20% שומן משומשו 200 ג,וי גרדן,IL,גבינה מגורדת לפיצה ו,גרמים,200.00,100 גרם,false,,19.90,0.0995,true,1,1915314
7290109640402,false,ממרח בטעם טבעי על בסיס רכיבי קוקוס 9%,משו משו,IL,ממרח בטעם טבעי 9% שו,גרמים,200.00,100 גרם,false,,14.90,0.0745,true,1,2071240
7290109920146,false,"דורגול מסיר אבנית מקומקומים 750 מ""ל",יעקובי דורגול,,דורגול מסיר אבנית מק,מיליליטרים,750.00,"100 מ""ל",false,,18.90,0.0252,true,1,2332005
7290109920153,false,"מלבין לכביסה לבנה לובן צח, 790 גרם יעקבי",יעקובי,US,מלבין כביסה לבנה,גרמים,790.00,100 גרם,false,,29.90,0.0378,true,1,1836639
7290109920313,false,"אסטוניש מרסס לניקוי חלונות 750 מ""ל",יעקבי- אסטוניש Astonish,GB,אסטוניש מרסס מבריק ש,מיליליטרים,750.00,"100 מ""ל",false,,11.90,0.0159,true,1,1825584
7290109920597,false,"אסטוניש - מרסס לניקוי המקלחון 750 מ""ל",יעקבי- אסטוניש Astonish,GB,אסטוניש מרסס למקלחון,מיליליטרים,750.00,"100 מ""ל",false,,11.90,0.0159,true,1,1825587
7290109920627,false,"אסטוניש קרם ואקונומיקה לניקוי אמבטיות 500 מ""ל",יעקובי אסטוניש,GB,אסטוניש קרם אמבט אקו,יחידה,0.00,יחידה,false,,11.90,0.0000,true,1,1825589
7290109920665,false,"אסטוניש - מרסס מסיר אוכל שרוף במטבח 750 מ""ל",יעקבי- אסטוניש Astonish,GB,אסטוניש מרסס מסיר או,מיליליטרים,750.00,"100 מ""ל",false,,11.90,0.0159,true,1,1825591
7290109920825,false,צמד-דורגול אספרסו + דורגול מקציף חלב מתנה,יעקובי דורגול,CH,דורגול לניקוי מכונת,מיליליטרים,500.00,"100 מ""ל",false,,28.90,0.0578,true,1,2059717
7290109920849,false,"אסטוניש - מרסס לניקוי כללי בניחוח תפוז 750 מ""ל",יעקבי- אסטוניש Astonish,GB,אסטוניש מרסס תפוז לנ,מיליליטרים,750.00,"100 מ""ל",false,,11.90,0.0159,true,1,1825592
7290109920870,false,גל כביסה הפי מיוחד לכביסה שחורה וכהה,יעקובי הפי,BE,הפי לכביסה כהה,ליטרים,1.00,ליטר,false,,14.90,14.9000,true,1,1915280
7290109920894,false,הפי GEL DE LINE לשטיפת רצפות 1ליטר,יעקובי הפי,BE,נוזל רצפות הפי,ליטרים,1.00,ליטר,false,,12.90,12.9000,true,1,1915263
7290109920917,false,"ג'ל הפי לניקוי האסלה עם כלור 750 מ""ל",וונדפוט,,ג'ל לניקוי האסלה,מיליליטרים,750.00,"100 מ""ל",false,,7.90,0.0105,true,1,1951564
7290109921303,false,טורבול סופג לחות 2 מגשיות,יעקובי,SE,סופג לחות 2 מגשיות,יחידה,0.00,יחידה,false,,24.90,0.0000,true,1,2261051
7290109921334,false,אידאל דפי כביסה 15 יח' יעקבי,יעקובי,ES,15 דפי כביסה,יח',15.00,יח',false,,12.90,0.8600,true,1,2094021
7290109921372,false,אסטוניש משחה לניקוי תנורים וגריל+ספוג 250 גר',יעקובי אסטוניש,GB,אסטוניש משחה לניקוי,גרמים,250.00,100 גרם,false,,14.90,0.0596,true,1,2261032
7290109921488,false,"דורגול לניקוי וחיטוי מכונת הכביסה 500 מ""ל",יעקובי דורגול,CH,דורגול למכונות הכביס,מיליליטרים,500.00,"100 מ""ל",false,,28.90,0.0578,true,1,2261033
7290109921754,false,חידוש פוליטורה עץ,,,חידוש פוליטורה עץ,מיליליטרים,100.00,"100 מ""ל",false,,14.90,0.1490,true,1,2291060
7290109921853,false,אסטוניש המשחה המקורית לניקוי עם עוצמה,יעקבי- אסטוניש Astonish,GB,אסטוניש משחת פרימיום,גרמים,150.00,100 גרם,false,,17.90,0.1193,true,1,2267611
7290109923031,false,"מרסס פרמיום ארומטיק למקלחון 750 מ""ל אסטוניש",יעקובי אסטוניש,GB,אסטוניש מרסס פרמיום,מיליליטרים,750.00,"100 מ""ל",false,,14.90,0.0199,true,1,2342692
7290109923147,false,אסטוניש מהדורה פרימיום פלא של אקונומיקה,יעקבי- אסטוניש Astonish,GB,אסטוניש מרסס פרמיום,מיליליטרים,750.00,"100 מ""ל",false,,14.90,0.0199,true,1,2361069
7290110000493,false,חמאת בוטנים טבעית קראנצ'י 350 גר',"בטר אנד דיפרנט בע""מ",IL,חמאת בוטנים טבעית עם,גרמים,350.00,100 גרם,false,,12.90,0.0369,true,1,2163280
7290110055974,false,"סוכריות ג""לי מפואר ו",,,"סוכריות ג""לי מפואר ו",גרמים,20.00,100 גרם,false,,3.90,0.1950,true,1,1539887
7290110058555,false,שוקולד,,,שוקולד,גרמים,42.00,100 גרם,false,,6.90,0.1643,true,1,1539888
7290110058869,false,מארז שלישיית ביצי שוקולד סמי הכבאי,שמחה זה אנחנו,IT,מארז שלישיית ביצי שו,גרמים,60.00,100 גרם,false,,12.90,0.2150,true,1,1553305
7290110058876,false,מארז שלישיית ביצי שו,,,מארז שלישיית ביצי שו,גרמים,60.00,100 גרם,false,,12.90,0.2150,true,1,1553306
7290110110369,false,שישיית בירה קרלסברג LUMA בקבוק 330 מל,מבשלות בירה בינלאומי,IL,שישיית בירה קרלסברג,ליטרים,1.98,ליטר,false,,36.90,18.6364,true,1,2249130
7290110110703,false,מארז ספרייט שישייה פחיות FRIDGE PACK,קוקה קולה ישראל,IL,מארז שישיית פחיות ספ,ליטרים,1.98,ליטר,false,,23.90,12.0707,true,1,1843336
7290110111809,false,"מארז פחיות פאנטה אורנג' שישייה 330 מ""ל",החברה המרכזית לייצור,IL,מארז שישיית פחיות פא,ליטרים,1.98,ליטר,false,,22.90,11.5657,true,1,2159854
7290110114787,false,נביעות + תפוח 1.5 ליטר פיקדון,נביעות טבע הגליל בעמ,IL,נביעות בטעמים 1.5 לי,ליטרים,1.50,ליטר,false,,8.90,5.9333,true,1,2324877
7290110114794,false,נביעות + אפרסק 1.5 ליטר פיקדון,"נביעות טבע הגליל בע""",IL,נביעות בטעמים 1.5 לי,ליטרים,1.50,ליטר,false,,8.90,5.9333,true,1,2324878
7290110114800,false,נביעות פלוס בטעם ענבים 1.5 ליטר-,פארייפאבה אגרואינדוס,IL,נביעות בטעמים 1.5 לי,ליטרים,1.50,ליטר,false,,8.90,5.9333,true,1,2324879
7290110114824,false,נביעות+רכיבי פרי אבטיח 1.5 ליטר פיקדון,"נביעות טבע הגליל בע""",IL,נביעות + פרי אבטיח 1,ליטרים,1.50,ליטר,false,,9.90,6.6000,true,1,2324892
7290110114855,false,"נביעות מים מינרליים, שישיה 6 * 1.5 ליטר פקדון",נביעות טבע הגליל בעמ,IL,נביעות שישייה מים 1.,ליטרים,9.00,ליטר,false,,12.90,1.4333,true,1,2325140
7290110114893,false,פריגת סחוט טרי תפוז 2 ליטר,היינץ צפון אמריקה מק,IL,מיץ תפוזים סחוט 2 לי,ליטרים,2.00,ליטר,false,,26.90,13.4500,true,1,2325153
7290110114961,false,מיץ בטעם תפוזים 1.5ל' פריגת,מבשלות בירה בינלאומי,IL,פריגת תפוזים 1.5 ליט,ליטרים,1.50,ליטר,false,,8.90,5.9333,true,1,2325167
7290110114985,false,פריגת אשכולית 1.5 ליטר פיקדון,מבשלות בירה בינלאומי,IL,פריגת אשכוליות 1.5 ל,ליטרים,1.50,ליטר,false,,8.90,5.9333,true,1,2325169
7290110115005,false,פריגת ענבים 1.5 ליטר פיקדון,מבשלות בירה בינלאומי,IL,פריגת ענבים 1.5 ליטר,ליטרים,1.50,ליטר,false,,8.90,5.9333,true,1,2325186
7290110115029,false,"פריגת משק""ל תפוח 1.5 ליטר פיקדון",מבשלות בירה בינלאומי,IL,פריגת תפוחים 1.5 ליט,ליטרים,1.50,ליטר,false,,8.90,5.9333,true,1,2325188
7290110115036,false,פריגת מנגו 1.5 ליטר פיקדון,מבשלות בירה בינלאומי,IL,פריגת מנגו 1.5 ליטר,ליטרים,1.50,ליטר,false,,8.90,5.9333,true,1,2325195
7290110115043,false,פריגת לימונענע 1.5 ליטר פיקדון,מבשלות בירה בינלאומי,IL,פריגת לימונענע 1.5 ל,ליטרים,1.50,ליטר,false,,8.90,5.9333,true,1,2325196
7290110115050,false,פריגת מיקס תות בננה 1.5 ליטר פיקדון,מבשלות בירה בינלאומי,IL,פריגת תות בננה 1.5 ל,ליטרים,1.50,ליטר,false,,8.90,5.9333,true,1,2325202
7290110115104,false,פריגת צלול אפרסק 1.5 ליטר פיקדון,מבשלות בירה בינלאומי,IL,פריגת צלול אפרסק 1.5,ליטרים,1.50,ליטר,false,,8.90,5.9333,true,1,2325265
7290110115180,false,נביעות 1.5 ליטר בודד,"נביעות טבע הגליל בע""",IL,מים נביעות 1.5 ליטר,ליטרים,1.50,ליטר,false,,3.80,2.5333,true,1,2328397
7290110115203,false,קוקה קולה 1.5 ליטר פיקדון,קוקה קולה Coca Cola,IL,קוקה קולה 1.5 ליטר,ליטרים,1.50,ליטר,false,,8.60,5.7333,true,1,2325288
7290110115210,false,דיאט קוקה קולה 1.5 ליטר פיקדון,קוקה קולה Coca Cola,IL,דיאט קוקה קולה 1.5 ל,ליטרים,1.50,ליטר,false,,8.60,5.7333,true,1,2325289
7290110115227,false,קוקה קולה זירו 1.5 ליטר -,קוקה קולה Coca Cola,IL,קולה זירו 1.5 ליטר,ליטרים,1.50,ליטר,false,,8.60,5.7333,true,1,2325297
7290110115234,false,קוקה קולה זירו נטול 1.5 ליטר -,החברה המרכזית לייצור,IL,קולה זירו נטול 1.5לי,ליטרים,1.50,ליטר,false,,8.60,5.7333,true,1,2325298
7290110115241,false,קוקה קולה זירו לימון 1.5 ליטר -,החברה המרכזית לייצור,IL,קולה זירו לימון 1.5ל,ליטרים,1.50,ליטר,false,,8.60,5.7333,true,1,2325299
7290110115265,false,ספרייט לימון ליים 1.5 ליטר-,החברה המרכזית לייצור,IL,ספרייט 1.5 ליטר,ליטרים,1.50,ליטר,false,,8.50,5.6667,true,1,2325301
7290110115272,false,ZERO ספרייט 1.5 ליטר פיקדון,החברה המרכזית לייצור,IL,ZERO ספרייט 1.5 ליטר,ליטרים,1.50,ליטר,false,,8.50,5.6667,true,1,2327013
7290110115289,false,ספרייט 19 קל' לימון-נענע 1.5 ליטר פיקדון,החברה המרכזית לייצור,IL,ספרייט 1.5 ליטר לימו,ליטרים,1.50,ליטר,false,,8.50,5.6667,true,1,2325343
7290110115296,false,פאנטה אורנג' 1.5 ליטר פיקדון,החברה המרכזית לייצור,IL,פאנטה אורנג' 1.5 ליט,ליטרים,1.50,ליטר,false,,8.80,5.8667,true,1,2325351
7290110115302,false,פאנטה ZERO אורנג' 1.5 ליטר פיקדון,החברה המרכזית לייצור,IL,פאנטה זירו אורנג' 1.,ליטרים,1.50,ליטר,false,,8.80,5.8667,true,1,2325352
7290110115319,false,פאנטה אקזוטיק 1.5 ליטר פיקדון,החברה המרכזית לייצור,IL,פאנטה אקזוטי 1.5 ליט,ליטרים,1.50,ליטר,false,,8.80,5.8667,true,1,2325359
7290110115333,false,פאנטה תות 1.5 ליטר פיקדון,החברה המרכזית לייצור,IL,פאנטה תות 1.5 ליטר,ליטרים,1.50,ליטר,false,,8.80,5.8667,true,1,2325361
7290110115357,false,קינלי סודה 1.5 ליטר פיקדון,קינלי Kinley,IL,סודה קינלי 1.5ליטר,ליטרים,1.50,ליטר,false,,3.80,2.5333,true,1,2325420
7290110115364,false,שישייה קוקה קולה 1.5 ליטר פיקדון,החברה המרכזית לייצור,IL,קוקה קולה שישייה 1.5,ליטרים,9.00,ליטר,false,,49.90,5.5444,true,1,2325302
7290110115371,false,דיאט קוקה קולה שישיות 1.5 ליטר פיקדון,החברה המרכזית לייצור,IL,קוקה קולה דיאט שישיי,ליטרים,9.00,ליטר,false,,46.50,5.1667,true,1,2325303
7290110115388,false,ספרייט ליים שישיות 1.5 ליטר פיקדון,החברה המרכזית לייצור,IL,ספרייט שישייה 1.5 לי,ליטרים,9.00,ליטר,false,,49.90,5.5444,true,1,2325344
7290110115395,false,ZERO ספרייט שישיות 1.5 ליטר פיקדון,החברה המרכזית לייצור,IL,שישיית ZERO ספרייט 1,ליטרים,9.00,ליטר,false,,46.50,5.1667,true,1,2325345
7290110115401,false,קינלי סודה שישייה 1.5 ליטר פיקדון,החברה המרכזית לייצור,IL,שישיית סודה קינלי 1.,ליטרים,9.00,ליטר,false,,14.90,1.6556,true,1,2325421
7290110115418,false,מארז שישייה קוקה קולה זירו 1.5 ל',החברה המרכזית לייצור,IL,ZERO קולה שישייה 1.5,ליטרים,9.00,ליטר,false,,46.50,5.1667,true,1,2325304
7290110115425,false,FUZE TEA גרין לימונענע -נענע 1.5 ליטר פיקדון,מבשלות בירה בינלאומי,IL,FUZE-T לימון נענע 1.,ליטרים,1.50,ליטר,false,,8.90,5.9333,true,1,2325422
7290110115449,false,אייס תה בטעם מנגו אננס 1.5ל' FUZE TEA,מבשלות בירה בינלאומי,IL,FUZE-T מנגו אננס 1.5,ליטרים,1.50,ליטר,false,,8.90,5.9333,true,1,2325429
7290110115456,false,"תה קר בטעם אפרסק 19 קלוריות ב- 100 מ""ל",מבשלות בירה בינלאומי,IL,FUZE-T אפרסק 1.5 ליט,ליטרים,1.50,ליטר,false,,8.90,5.9333,true,1,2325430
7290110115463,false,פיוז טי אפרסק 1.5 ליטר פיקדון,מבשלות בירה בינלאומי,IL,FUZE-T אפרסק 1.5 ליט,ליטרים,1.50,ליטר,false,,8.90,5.9333,true,1,2325436
7290110115494,false,אייס תה בטעם ענבים 1.5ל' FUZE TEA,מבשלות בירה בינלאומי,IL,FUZE-T ענבים 1.5 ליט,ליטרים,1.50,ליטר,false,,8.90,5.9333,true,1,2325439
7290110115531,false,פאנטה אורנג' זירו תפוח 1.5 ליטר-,החברה המרכזית לייצור,IL,פאנטה זירו בטעם תפוח,ליטרים,1.50,ליטר,false,,8.80,5.8667,true,1,2325353
7290110115593,false,פריגת אשכוליות 40% פחות סוכר 1.5 ליטר פיקדון,מבשלות בירה בינלאומי,IL,פריגת אשכוליות 40% פ,ליטרים,1.50,ליטר,false,,8.90,5.9333,true,1,2325257
7290110115616,false,FUZE tea zero גרין אננס 1.5 ליטר פיקדון,מבשלות בירה בינלאומי,IL,FUZE-T זירו גרין אננ,ליטרים,1.50,ליטר,false,,8.90,5.9333,true,1,2330210
7290110115623,false,משקה פיוז טי זירו ZERO בטעם אפרסק,מבשלות בירה בינלאומי,IL,FUZE-T זירו אפרסק 1.,ליטרים,1.50,ליטר,false,,8.90,5.9333,true,1,2330211
7290110116064,false,פאנטה ZERO פירות ירוק 1.5 ליטר פיקדון,החברה המרכזית לייצור,IL,פאנטה זירו פירות ירו,ליטרים,1.50,ליטר,false,,8.80,5.8667,true,1,2354378
7290110116125,false,סירופ בטעם פטל 750 מל פריגת,סירופ - גבעת חיים,IL,"סירופ פטל 750 מ""ל",מיליליטרים,750.00,"100 מ""ל",false,,24.90,0.0332,true,1,2374898
7290110116132,false,סירופ בטעם לימון 750 מל פריגת,סירופ - גבעת חיים,IL,"סירופ לימון 750 מ""ל",מיליליטרים,750.00,"100 מ""ל",false,,24.90,0.0332,true,1,2374899
7290110116156,false,נביעות+רכיבי פרי מנגו-פסיפלורה 1.5 ליטר-,נביעות,IL,נביעות+רכיבי פרי מנג,ליטרים,1.50,ליטר,false,,8.90,5.9333,true,1,2376341
7290110116170,false,נביעות+רכיבי פרי אננס-קוקוס 1.5 ליטר-,נביעות,IL,נביעות+רכיבי פרי קוק,ליטרים,1.50,ליטר,false,,8.60,5.7333,true,1,2376434
7290110116200,false,מים 0 קלוריות בטעם לימון-ליים 0.5 ל נביעות,"נביעות טבע הגליל בע""",TW,בקבוק נביעות+ לימון,מיליליטרים,500.00,"100 מ""ל",false,,6.50,0.0130,true,1,2370722
7290110116217,false,נביעות+ סדרת 0 קלוריות אשכוליות 1.5 ליטר,"נביעות טבע הגליל בע""",IL,נביעות + אשכוליות 1.,ליטרים,1.50,ליטר,false,,9.90,6.6000,true,1,2370723
7290110116224,false,נביעות 0 קלוריות בטעם אשכולית 0.5 ליטר,"נביעות טבע הגליל בע""",TW,בקבוק נביעות+ אשכולי,מיליליטרים,500.00,"100 מ""ל",false,,6.50,0.0130,true,1,2370724
7290110116316,false,שישיית קוקה קולה 1.5 ליטר חג שמח-,החברה המרכזית קולה,IL,קוקה קולה שישייה 1.5,ליטרים,9.00,ליטר,false,,49.90,5.5444,true,1,2346520
7290110116323,false,שישיית קוקה קולה זירו 1.5 ליטר חג שמח-,החברה המרכזית קולה,IL,ZERO קולה שישייה 1.5,ליטרים,9.00,ליטר,false,,46.50,5.1667,true,1,2346521
7290110116385,false,קוקה קולה זירו מרשמלו פחית 330 מל,החברה המרכזית למשקאו,IL,קולה זירו בטעם אבטיח,מיליליטרים,330.00,"100 מ""ל",false,,5.40,0.0164,true,1,2362322
7290110116514,false,"פריגת מיקס תות בננה 400 מ""ל",פריגת,IL,פריגת מיקס תות,מיליליטרים,400.00,"100 מ""ל",false,,9.90,0.0248,true,1,2378501
7290110116521,false,"פריגת מיקס אפרסק ומשמש 400 מ""ל",פריגת,IL,פריגת מיקס,מיליליטרים,400.00,"100 מ""ל",false,,9.90,0.0248,true,1,2378502
7290110116552,false,ספרייט לימון היט 1.5 ליטר LIME פיקדון,החברה המרכזית לייצור,IL,ספרייט 1.5 ליטר LEMO,ליטרים,1.50,ליטר,false,,8.50,5.6667,true,1,2374941
7290110116569,false,"ספרייט זירו ZERO בק LEMON HIT, 1.5 ליטר",החברה המרכזית לייצור,IL,ספרייט זירו 1.5 ליטר,ליטרים,1.50,ליטר,false,,8.50,5.6667,true,1,2374531
7290110320591,false,פיראוס בולגרית מעודנת 16% 250 גר,תנובה חלב,IL,בולגרית 16% פיראוס ב,גרמים,250.00,100 גרם,false,,21.90,0.0876,true,1,1617491
7290110320850,false,פתיתים גבינה חצי קשה מגורדת 28% שומן,תנובה מרכז שיתופי לש,IL,פתיתי עמק למאפים 200,גרמים,200.00,100 גרם,false,,14.90,0.0745,true,1,1760039
7290110320935,false,גבינת מוצרלה תנובה 150ג' פרוסות,תנובה מרכז שיתופי לש,IL,פרוסות מוצרלה 150 גר,גרמים,150.00,100 גרם,false,,15.90,0.1060,true,1,1743640
7290110321031,false,מעדן חלב GO יוגורט מועשר בחלבון טבעי 200 ג' יופלה,"תנובה, מחלבת אלון תב",IL,יוגורט יופלה GO,גרמים,200.00,100 גרם,false,,4.90,0.0245,true,1,1743633
7290110321277,false,קוטג' בקטנה % 5 100 ג' תנובה,פארייפאבה אגרואינדוס,IL,קוטג' 5% בקטנה 100 ג,גרמים,100.00,100 גרם,false,,2.90,0.0290,true,1,1777367
7290110321680,false,יוגורט GO בטעם תות 20 גרם חלבון בגביע,מיוצר עי קונדיטוריית,IL,יוגורט יופלה GO תות,גרמים,200.00,100 גרם,false,,5.40,0.0270,true,1,1840339
7290110321697,false,יוגורט GO בטעם אפרסק 20 גרם חלבון בגביע,מיוצר עי קונדיטוריית,IL,יוגורט יופלה GO אפרס,גרמים,200.00,100 גרם,false,,5.40,0.0270,true,1,1840340
7290110321703,false,יוגורט GO בטעם פירות יער 20 גרם חלבון בגביע,מיוצר עי קונדיטוריית,IL,יוגורט יופלה GO פירו,גרמים,200.00,100 גרם,false,,5.40,0.0270,true,1,1897457
7290110321789,false,גבינה מסקרפונה 38% השף הלבן 250 גר,תנובה חלב,IL,גבינת מסקרפונה 38% 2,גרמים,250.00,100 גרם,false,,19.90,0.0796,true,1,1858767
7290110322014,false,טופו בטעם טבעי תנובה ALTERNATIVE,שוורצקוף& הנקל דיסלד,IL,טופו טבעי 300 גרם תנ,גרמים,300.00,100 גרם,false,,12.90,0.0430,true,1,1897458
7290110323073,false,"משקה יוגורט יופלה גו תות פטל 250 מ""ל - רבנות",מיוצר עי קונדיטוריית,IL,משקה יוגורט מועשר בח,מיליליטרים,236.00,"100 מ""ל",false,,5.90,0.0250,true,1,1974236
7290110323301,false,טל העמק בסגנון אמנטל 32% שומן 200 גרם,עמק - תנובה,IL,גבינת טל העמק 32% שו,גרמים,200.00,100 גרם,false,,17.90,0.0895,true,1,2089329
7290110323585,false,יופלה יוגורט עם דובדבן מופחת קלוריות 200 ג' GO,יופלה Yoplait,IL,יוגורט יופלה GO דובד,גרמים,200.00,100 גרם,false,,5.40,0.0270,true,1,2045783
7290110323592,false,יופלה יוגורט עם אפרסק מופחת קלוריות 200 ג' GO,יופלה Yoplait,IL,יוגורט יופלה GO אפרס,גרמים,200.00,100 גרם,false,,5.40,0.0270,true,1,2045784
7290110323714,false,משקה קוקוס שקדים תנובה E אלטרנטיב,מיוצר עי קונדיטוריית,IL,משקה קוקוס שקדים 1 ל,ליטרים,1.00,ליטר,false,,11.90,11.9000,true,1,2089322
7290110324353,false,יוגורט GO לייט בטעם אננס 20 גרם חלבון בגביע,מיוצר עי קונדיטוריית,IL,יוגורט יופלה GO לייט,גרמים,200.00,100 גרם,false,,5.40,0.0270,true,1,2185327
7290110324711,false,"ממרח סויה בסגנון גבינה טעם טבעי בד""צ",מיוצר עי קונדיטוריית,IL,ממרח סויה בסגנון גבי,גרמים,250.00,100 גרם,false,,8.00,0.0320,true,1,2196137
7290110324728,false,ממרח סויה עם שום שמיר 9% שומן אלטרנטיב,מיוצר עי קונדיטוריית,IL,ממרח סויה בסגנון גבי,גרמים,250.00,100 גרם,false,,8.00,0.0320,true,1,2196138
7290110324841,false,מעדן שקדים עם שוקולד מריר אלטרנטיב,מיוצר עי קונדיטוריית,IL,מעדן שקדים עם שוקולד,גרמים,125.00,100 גרם,false,,3.90,0.0312,true,1,2217407
7290110324858,false,מעדן שקדים בטעם אגוזי לוז אלטרנטיב,מיוצר עי קונדיטוריית,IL,מעדן שקדים בטעם אגוז,גרמים,125.00,100 גרם,false,,3.90,0.0312,true,1,2217408
7290110324872,false,גבינה צהובה גלבוע 5% שומן 200 גרם,גלבוע - תנובה,IL,גבינה גלבוע פרוס 200,גרמים,200.00,100 גרם,false,,17.90,0.0895,true,1,2219678
7290110324926,false,משקה סויה ללא תוספת סוכר E אלטרנטיב,תנובה מרכז שיתופי לש,IL,משקה סויה ללא תוספת,ליטרים,1.00,ליטר,false,,10.90,10.9000,true,1,2213813
7290110325114,false,"משקה יוגורט יופלה גו לייט תות בננה 250 מ""ל - רבנות",מיוצר עי קונדיטוריית,IL,משקה יוגורט גו לייט,מיליליטרים,250.00,"100 מ""ל",false,,5.90,0.0236,true,1,2207001
7290110325121,false,משקה יוגורט יופלה גו לייט מנגו אננס,"תנובה בע""מ",IL,משקה יוגורט גו לייט,מיליליטרים,250.00,"100 מ""ל",false,,5.90,0.0236,true,1,2207002
7290110325312,false,מעדן סויה GO מועשר בחלבון בטעם תות,"תנובה בע""מ",IL,מעדן סויה גו 20 גרם,גרמים,200.00,100 גרם,false,,5.90,0.0295,true,1,2217418
7290110325619,false,משקה שיבולת שועל תנובה E אלטרנטיב,מיוצר עי קונדיטוריית,IL,משקה שיבולת שועל 1 ל,ליטרים,1.00,ליטר,false,,11.90,11.9000,true,1,2223356
7290110325701,false,פיראוס צזיקי יווני 9% שומן על בסיס יוגורט,גוד פוד פרודקטס S.p,IL,צזיקי יווני פיראוס 9,גרמים,250.00,100 גרם,false,,10.90,0.0436,true,1,2231840
7290110325893,false,משקה חלב GO מועשר בחלבון בטעם אייס קפה,מיוצר עי קונדיטוריית,IL,משקה תנובה GO אייס ק,מיליליטרים,340.00,"100 מ""ל",false,,7.90,0.0232,true,1,2223361
7290110326173,false,YOLO NUTS מעדן שוקולד בתוספת עוגיות 120 גרם,תנובה חלב,IL,מעדן YOLO COOKIES בט,גרמים,120.00,100 גרם,false,,4.90,0.0408,true,1,2234813
7290110326210,false,יופלה און טופ פצפוצים 157 גרם.,מיוצר עי קונדיטוריית,IL,יופלה און טופ פצפוצי,גרמים,157.00,100 גרם,false,,5.20,0.0331,true,1,2236133
7290110326234,false,יוגורט און טופ כוכבים 157 ג' יופלה,מיוצר עי קונדיטוריית,IL,יופלה און טופ כוכבים,גרמים,157.00,100 גרם,false,,5.20,0.0331,true,1,2236135
7290110326906,false,חלב טרי נטול לקטוז 3% 1 ליטר,מיוצר עי קונדיטוריית,IL,חלב נטול לקטוז 3% שו,ליטרים,1.00,ליטר,false,,7.50,7.5000,true,1,2259685
7290110327033,false,משקה סויה גו מועשר בחלבון במתיקות מופחתת 1 ליטר,מיוצר עי קונדיטוריית,IL,משקה סויה תנובה גו,ליטרים,1.00,ליטר,false,,11.90,11.9000,true,1,2250589
7290110327514,false,משקה שיבולת שועל בטעם אגוזי לוז 1 ליטר אלטרנטיב,תנובה מרכז שיתופי לש,IL,משקה שיבולת שועל 1 ל,ליטרים,1.00,ליטר,false,,11.90,11.9000,true,1,2323792
7290110327545,false,מעדן און טופ תות פצפוצים מצופים שוקולד 157ג' יופלה,מיוצר עי קונדיטוריית,IL,יופלה און טופ בטעם ת,גרמים,157.00,100 גרם,false,,5.20,0.0331,true,1,2268726
7290110327798,false,חטיף חלבון GO - שוקולד 60 ג' חלב נוכרי - רבנות,"בלמונט קונפקציות בע""",US,חטיף חלבון GO בטעם ש,גרמים,20.00,100 גרם,false,,11.90,0.5950,true,1,2299904
7290110327804,false,חטיף חלבון GO - עוגיות 60 ג' חלב נוכרי - רבנות,"בלמונט קונפקציות בע""",US,חטיף חלבון GO בטעם ב,גרמים,20.00,100 גרם,false,,11.90,0.5950,true,1,2299905
7290110327811,false,חטיף חלבון GO - קוקוס 60 ג' חלב נוכרי - רבנות,"בלמונט קונפקציות בע""",US,חטיף חלבון GO בטעם ק,גרמים,20.00,100 גרם,false,,11.90,0.5950,true,1,2299906
7290110327828,false,חטיף חלבון GO - חמאת בוטנים 60 ג' חלב נוכרי - רבנות,"בלמונט קונפקציות בע""",US,חטיף חלבון GO בטעם ח,גרמים,20.00,100 גרם,false,,11.90,0.5950,true,1,2299907
7290110328627,false,יוגורט יופלה GO במרקם סמיך בטעם בננה קרמל 0%,מיוצר עי קונדיטוריית,IL,יוגורט יופלה GO בננה,גרמים,200.00,100 גרם,false,,5.40,0.0270,true,1,2300612
7290110328764,false,יוגורט יופלה GO במרקם סמיך עם תות 0%,מיוצר עי קונדיטוריית,IL,יוגורט יופלה GO תות,גרמים,200.00,100 גרם,false,,5.40,0.0270,true,1,2300613
7290110328771,false,יוגורט יופלה GO במרקם סמיך עם פירות יער 0%,מיוצר עי קונדיטוריית,IL,יוגורט יופלה GO פירו,גרמים,200.00,100 גרם,false,,5.40,0.0270,true,1,2300614
7290110328788,false,יוגורט יופלה GO במרקם סמיך בטעם אפרסק 0%,תנובה מרכז שיתופי לש,IL,יוגורט יופלה GO אפרס,גרמים,200.00,100 גרם,false,,5.40,0.0270,true,1,2300615
7290110328887,false,"חלב תנובה בקבוק 3%, כשרות מהדרין, 1 ליטר",תנובה מרכז שיתופי לש,IL,חלב 3% בבקבוק 1 ליטר,ליטרים,1.00,ליטר,false,,6.20,6.2000,true,1,2360646
7290110329136,false,מעדן חלב מעושר בחלבון בטעם שוקולד 120 ג' GO,תנובה מרכז שיתופי לש,IL,מעדן חלב גו בטעם שוק,גרמים,120.00,100 גרם,false,,4.90,0.0408,true,1,2325600
7290110329143,false,מעדן חלב מעושר בחלבון בטעם וניל גביע 120 ג' GO,תנובה מרכז שיתופי לש,IL,מעדן חלב גו בטעם וני,גרמים,120.00,100 גרם,false,,4.90,0.0408,true,1,2325601
7290110329686,false,"משקה חלב גו בטעם עוגיות 340 מ""ל",מיוצר עי קונדיטוריית,IL,משקה תנובה GO בטעם ע,מיליליטרים,340.00,"100 מ""ל",false,,7.90,0.0232,true,1,2323786
7290110329716,false,משקה קפה קר בטעם קפוצ'ינו 230 ג' תנובה,תנובה מרכז שיתופי לש,IL,משקה קפה קר בטעם קפו,גרמים,230.00,100 גרם,false,,6.90,0.0300,true,1,2351492
7290110329723,false,משקה קפה קר בטעם לאטה 230 ג' תנובה,תנובה מרכז שיתופי לש,IL,משקה קפה קר בטעם לאט,גרמים,230.00,100 גרם,false,,6.90,0.0300,true,1,2351498
7290110329730,false,"משקה חלב עם שוקולד וקפה בסגנון לאטה 2.7%  230 מ""ל תנובה",תנובה מרכז שיתופי לש,IL,משקה חלב עם שוקולד ו,גרמים,230.00,100 גרם,false,,6.90,0.0300,true,1,2351510
7290110329792,false,יוגורט סויה BIO Alternative אפרסק 150 ג' תנובה,מיוצר עי קונדיטוריית,IL,מעדן סויה ביו אפרסק,גרמים,150.00,100 גרם,false,,4.50,0.0300,true,1,2331796
7290110329808,false,יוגורט סויה BIO Alternative תות 150 ג' תנובה,מיוצר עי קונדיטוריית,IL,מעדן סויה ביו תות אל,גרמים,150.00,100 גרם,false,,4.50,0.0300,true,1,2331797
7290110329815,false,סויה BIO מתיקות מעודנת גביע 150 גרם אלטרנטיב,מיוצר עי קונדיטוריית,IL,מעדן סויה ביו מתיקות,גרמים,150.00,100 גרם,false,,4.50,0.0300,true,1,2331798
7290110329822,false,יוגורט סויה BIO Alternative פירות יער 150 ג' תנובה,מיוצר עי קונדיטוריית,IL,מעדן סויה ביו בטעם פ,גרמים,150.00,100 גרם,false,,4.50,0.0300,true,1,2331799
7290110329846,false,יוגורט סויה BIO Alternative בטעם טבעי 150 ג' תנובה,מיוצר עי קונדיטוריית,IL,מעדן סויה ביו טבעי א,גרמים,150.00,100 גרם,false,,4.50,0.0300,true,1,2331800
7290110550219,false,מטבעות שוקולד לבן לאפיה 400 גרם עלית,"פוליבה בע""מ",IL,מטבעות שוקולד לבן לא,גרמים,400.00,100 גרם,false,,29.90,0.0747,true,1,2349249
7290110550226,false,מטבעות שוקולד מריר לאפיה 400 גרם עלית,"פוליבה בע""מ",IL,מטבעות שוקולד מריר ל,גרמים,400.00,100 גרם,false,,29.90,0.0747,true,1,2349250
7290110550370,false,פריכיות משולשות קינואה ופלפל שחור 65 גרם,שטראוס גרופ,IL,פירכיות משולשות קינו,גרמים,65.00,100 גרם,false,,9.90,0.1523,true,1,2364477
7290110552121,false,יוגורט 5% בתוספת סידן וויטמין D היוגורט הראשון שלי,תנובה מרכז שיתופי לש,IL,יוגורט 5%+ויטמין D,גרמים,100.00,100 גרם,false,,2.20,0.0220,true,1,2348707
7290110552220,false,יוגורט PRO בטעם תות 0% סוכר לבן 20 גרם חלבון בגביע,"שטראוס בריאות בע""מ",IL,דנונה פרו 20 גר ללא,גרמים,200.00,100 גרם,false,,5.90,0.0295,true,1,2330081
7290110552237,false,יוגורט פרו בטעם אפרסק מנגו ללא סוכר 200 ג' דנונה,"שטראוס בריאות בע""מ",IL,דנונה פרו 20 גר ללא,גרמים,200.00,100 גרם,false,,5.90,0.0295,true,1,2330082
7290110552817,false,צנצנת מסטיק - גלידה לימון 58 גרם וועסטהיים,שטראוס גרופ,IL,קופסא מסטיק קוביות ב,גרמים,58.00,100 גרם,false,,8.90,0.1534,true,1,2356772
7290110553029,false,"אנרג'י קריספס-פריכיות חומוס, עדשים ואפונה עם קייל וסלק","פרח תעשיו מזון בע""מ",IL,פריכיות חלבון קייל ח,גרמים,60.00,100 גרם,false,,9.90,0.1650,true,1,2335195
7290110553098,false,מאגדת חטיפים אנרג'י מיקס צימוקים אגוזים 100X4 גרם,אנרג'י Energy - שטראוס,GB,אנרג'י מיקס צימוקים,גרמים,100.00,100 גרם,false,,15.90,0.1590,true,1,2362243
7290110553104,false,נסקפה קפוצ'ינו סטיק קלאסי 130 ג' עלית,שטראוס,IL,קפוצ'ינו סטיק קלאסי,גרמים,130.00,100 גרם,false,,12.90,0.0992,true,1,2374049
7290110553135,false,נסקפה קפוצ'ינו סטיק וניל 130 ג' עלית,שטראוס,IL,קפוצ'ינו סטיק וניל,גרמים,130.00,100 גרם,false,,12.90,0.0992,true,1,2374050
7290110553173,false,אנרגי פריכיות אורז בטעם קרמל 50 גרם,סאנורייס בלגיום,IL,פרכיות אנרג'י בטעם ק,גרמים,40.00,100 גרם,false,,6.90,0.1725,true,1,2368460
7290110553180,false,אנרגי פריכיות אורז בטעם תפוח קינמון 50 ג,סאנורייס בלגיום,IL,פרכיות אנרג'י בטעם ת,גרמים,40.00,100 גרם,false,,6.90,0.1725,true,1,2368461
7290110553425,false,קפה נמס 200 גרם +20% תוספת עלית,שטראוס גרופ,IL,נס קפה 200 גרם + 20%,גרמים,240.00,100 גרם,false,,19.90,0.0829,true,1,2329548
7290110553623,false,צ'יטוס קראנצ'י בטעם צ'דר חלפיניו - חלבי,"שטראוס פריטו ליי בע""",IL,ציטוס קראנץ צ'דר חלפ,גרמים,80.00,100 גרם,false,,3.90,0.0487,true,1,2355096
7290110554101,false,"סירופ מייפל טבעי בפאוץ' 125 מ""ל",ציטדל,CA,סירופ מייפל בפאוץ' 1,מיליליטרים,125.00,"100 מ""ל",false,,14.90,0.1192,true,1,2361607
7290110554118,false,נודלס מלזי חריף עם טופו וירקות ברוטב קארי ירוק,"טרופיקל דגיל בע""מ אז",IL,נודלס מלזי חריף,גרמים,350.00,100 גרם,false,,26.90,0.0769,true,1,2328688
7290110554125,false,נודלס סצואן חריף דלישס 350 גרם,אוכל ביתי ניר עציון,IL,נודלס סצ'ואן חריף,גרמים,350.00,100 גרם,false,,26.90,0.0769,true,1,2328689
7290110554262,false,חלבית מלבין קפה חלבי 350 ג' עלית,,,חלבית אבקה חלבי 350,גרמים,350.00,100 גרם,false,,18.90,0.0540,true,1,2363043
7290110554422,false,פומודורו רוטב עגבניות ופלפלים לשקשוקה 350 גרם,אמיליאנה קונסרב ס.פ.,IT,רוטב עגבניות ופלפלים,גרמים,350.00,100 גרם,false,,11.90,0.0340,true,1,2334198
7290110554507,false,עלית - קפה טורקי תימני 100 גרם,שטראוס קפה בי.וי.,IL,קפה טורקי תימני 100,גרמים,100.00,100 גרם,false,,8.90,0.0890,true,1,2353144
7290110554514,false,עלית - קפה טורקי אתיופי 100 גרם,שטראוס קפה בי.וי,IL,קפה טורקי אתיופי 100,גרמים,100.00,100 גרם,false,,8.90,0.0890,true,1,2353145
7290110554545,false,קפסולת אספרסו לאפוגטו טעם קוקוס 50 ג' עלית,שטראוס גרופ,IL,קפסולות למכונות נספר,גרמים,50.00,100 גרם,false,,16.50,0.3300,true,1,2353152
7290110554583,false,מארז חטיפי צ'יטוס פאפס בטעם גבינה - 10 יחידות,שטראוס פריטו ליי (מל,IL,מארז צ'יטוס פאפס גבי,גרמים,200.00,100 גרם,false,,12.90,0.0645,true,1,2330337
7290110554699,false,"קפה עולה קפסולות אספרסו קלייה איטית וכהה מאוד, 10 * 50 ג'",שטראוס קפה בי.וי.,IL,"קפסולות שת""פ למכונות",גרמים,50.00,100 גרם,false,,18.90,0.3780,true,1,2368678
7290110554705,false,"קפסולות קפה יונילקו אספרסו קלוי וטחון, 10 * 50 ג'",שטראוס קפה בי.וי.,IL,"קפסולות שת""פ למכונות",גרמים,50.00,100 גרם,false,,18.90,0.3780,true,1,2368679
7290110554712,false,"קפסולות קפה אספרסו קלייה איטית ובהירה, 10 * 50 ג'",שטראוס קפה בי.וי,IL,"קפסולות שת""פ למכונות",גרמים,50.00,100 גרם,false,,18.90,0.3780,true,1,2368680
7290110555078,false,לאבנה עם שמן זית ועשבי תיבול 250 גרם,"מחלבות בר בכפר בע""מ",IL,לאבנה עם שמן זית ועש,גרמים,250.00,100 גרם,false,,10.90,0.0436,true,1,2350529
7290110555092,false,לאבנה עם שמן זית וצ'ילי חריף 250 גר',"מחלבות בר בכפר בע""מ",IL,לאבנה עם שמן זית וצי,גרמים,250.00,100 גרם,false,,10.90,0.0436,true,1,2350530
7290110555603,false,ספלנדיד אבקה להכנת משקה בטעם שוקולטה,"ג'אלוסיס י. בע""מ",GR,שוקולוטה ספלנדיד בפח,גרמים,360.00,100 גרם,false,,21.90,0.0608,true,1,2374073
7290110555665,false,אבקת קקאו דל שומן 220 גרם עלית,גיאלוסיס,GR,קקאו דל שומן בפחית,גרמים,220.00,100 גרם,false,,18.90,0.0859,true,1,2374074
7290110556242,false,"שוקולד מריר פרווה 100 גר' בד""ץ תוצרת חוץ","שטראוס גרופ בע""מ.",IL,שוקולד מריר פרווה 10,גרמים,100.00,100 גרם,false,,5.90,0.0590,true,1,2364483
7290110557027,false,חומוס עשיר 50% טחינה גולמית 400 ג' אחלה,מיוצר עי קונדיטוריית,IL,חומוס אחלה עשיר ב-50,גרמים,400.00,100 גרם,false,,11.90,0.0298,true,1,2326858
7290110557102,false,מעדן חלב עם שוקולד מועשר בחלבון 150 ג' שטראוס,מיוצר עי קונדיטוריית,IL,מעדן חלב דנונה פרו 1,גרמים,150.00,100 גרם,false,,4.90,0.0327,true,1,2319904
7290110557133,false,מעדן הגולן וניל 125 ג' שטראוס,מיוצר עי קונדיטוריית,IL,מעדן הגולן וניל 125,גרמים,125.00,100 גרם,false,,2.90,0.0232,true,1,2323488
7290110557478,false,חומוס גלילי במרקם מעודן 600 גרם,שטראוס גרופ,IL,חומוס גלילי 600 גרם,גרמים,600.00,100 גרם,false,,11.90,0.0198,true,1,2341474
7290110557645,false,מאגדת חטיפים אנרג'י מיקס צימוקים חמוציות 100X4 גרם,קונסרב איטליה,GB,אנרג'י מיקס צימוקים,גרמים,100.00,100 גרם,false,,15.90,0.1590,true,1,2362244
7290110558222,false,"וואו יוגורט עם שכבה בטעם בנופי פאי 5.4%, 150ג דנונה","שטראוס בריאות בע""מ",IL,דנונה WOW בנופי 150,גרמים,150.00,100 גרם,false,,4.50,0.0300,true,1,2361384
7290110558239,false,"וואו יוגורט עם שכבה בטעם קראק פאי 5.4%, 150 ג דנונה","שטראוס בריאות בע""מ",IL,דנונה WOW קראק פאי 1,גרמים,150.00,100 גרם,false,,4.50,0.0300,true,1,2361385
7290110558253,false,"דנונה ריפרש בננה אננס וצ`יה, 250 גרם","שטראוס בריאות בע""מ",IL,דנונה לשתייה ריפרש,גרמים,250.00,100 גרם,false,,5.50,0.0220,true,1,2354134
7290110558284,false,יוגורט ביו מולטי 200 ג' דנונה,"שטראוס בריאות בע""מ",IL,יוגורט דנונה ביו מול,גרמים,200.00,100 גרם,false,,3.90,0.0195,true,1,2357231
7290110558314,false,דנונה פרו 20 ג' חלבון ללא סוכר פיסטוק 200 גרם,"שטראוס בריאות בע""מ",IL,דנונה פרו 20 גר ללא,גרמים,200.00,100 גרם,false,,5.90,0.0295,true,1,2361394
7290110558338,false,דנונה פרו 25 ג' חלבון 200 ג' שטראוס,"שטראוס בריאות בע""מ",IL,דנונה פרו 25 גרם חלב,גרמים,200.00,100 גרם,false,,5.90,0.0295,true,1,2354143
7290110558666,false,מעדן גבינה בטעם תפוח 88 ג' דניאלה,"שטראוס בריאות בע""מ",IL,מעדן דניאלה תפוח 88,גרמים,88.00,100 גרם,false,,3.90,0.0443,true,1,2376965
7290110559007,false,"שועועית חומה טעם הטבע קופסה, 380 גרם",קונסרב איטליה,IT,שעועית חומה טעם הטבע,גרמים,380.00,100 גרם,false,,6.90,0.0182,true,1,2362252
7290110559014,false,שעועית שחורה מבושלת טעם הטבע 380 גרם,קונסרב איטליה,IT,שעועית שחורה טעם הטב,גרמים,380.00,100 גרם,false,,6.90,0.0182,true,1,2362253
7290110559748,false,ריל - מאגדת שקדים קוקוס ושוקולד מריר 35 גרם * 3,קונסרב איטליה,GR,REAL מאגדת שקדים קוק,גרמים,105.00,100 גרם,false,,15.90,0.1514,true,1,2354300
7290110559762,false,"מאגדת אנרג'י ריל אגוזים,תמרים,קוקוס 115 גרם",קונסרב איטליה,GR,REAL מאגדת אגוזים תמ,גרמים,105.00,100 גרם,false,,15.90,0.1514,true,1,2354302
7290110559939,false,נתחי סויה בסגנון שווארמה ומגדרה דלישס,אוכל ביתי ניר עציון,IL,נתחי סויה בסגנון שוא,גרמים,350.00,100 גרם,false,,26.90,0.0769,true,1,2363775
7290110560300,false,"הפריכיות הטעימות חומוס, עדשים שחורות, קינואה ופלפל שחור",אנרג'י Energy - שטראוס,IL,פירכיות משולשות פלפל,גרמים,30.00,100 גרם,false,,4.90,0.1633,true,1,2048207
7290110560317,false,"הפריכיות הטעימות חומוס, עדשים שחורות, קינואה ומלח ים","פרח תעשיו מזון בע""מ",IL,פירכיות משולשות מלח,גרמים,30.00,100 גרם,false,,4.90,0.1633,true,1,2048208
7290110560324,false,"הפריכיות הטעימות תפו""א, אורז, אפונה ומלח ים","פרח תעשיו מזון בע""מ",IL,פירכיות משולשות אפונ,גרמים,30.00,100 גרם,false,,4.90,0.1633,true,1,2048209
7290110561352,false,דנונה יוגורט ביו פרוביוטי 3% דל לקטוז 150ג',"שטראוס בריאות בע""מ",IL,יוגורט דנונה שטראוס,גרמים,200.00,100 גרם,false,,3.30,0.0165,true,1,1891085
7290110561604,false,מארז 8 יחידות מעדן גמדים בטעם תות בננה,שטראוס גרופ,IL,מארז 8 גמדים שמינייה,גרמים,800.00,100 גרם,false,,17.90,0.0224,true,1,1825477
7290110563462,false,חלב בבקבוק נטול לקטוז 2% יטבתה 1 ל',מחלבת יטבתה,IL,חלב 1ליטר בקבוק נטול,ליטרים,1.00,ליטר,false,,7.90,7.9000,true,1,2118968
7290110564360,false,חומוס אחלה הסידרה המובחר 40% טחינה 400 גר',מיוצר עי קונדיטוריית,IL,חומוס אחלה עשיר ב-40,גרמים,400.00,100 גרם,false,,11.90,0.0298,true,1,1817863
7290110564414,false,חומוס אחלה הסידרה המובחר 30% טחינה 600 גר',מיוצר עי קונדיטוריית,IL,חומוס אחלה עשיר ב-30,גרמים,600.00,100 גרם,false,,14.90,0.0248,true,1,1825482
7290110564742,false,"משקה קפה קר בסגנון חזק 230 מ""ל 1.2% יוטבתה",האי נאם סי או אל.טי.,AT,משקה קפה קר בסגנון ח,מיליליטרים,230.00,"100 מ""ל",false,,7.90,0.0343,true,1,2119858
7290110565435,false,ג'לי לימבו פטל חלבי שטראוס 125ג',שטראוס גרופ,IL,ג'לי בטעם פטל לימבו,גרמים,125.00,100 גרם,false,,2.00,0.0160,true,1,1798500
7290110565527,false,יוגורט PRO פרו 1.5% 20 גרם חלבון בגביע,"שטראוס בריאות בע""מ",IL,דנונה פרו 20 גרם חלב,גרמים,200.00,100 גרם,false,,5.90,0.0295,true,1,1777449
7290110565572,false,מנות אישיות קפה טורקי לדרך עם הל,שטראוס קפה בי.וי,IL,מארז קפה טורקי עם הל,גרמים,168.00,100 גרם,false,,17.90,0.1065,true,1,2199970
7290110566043,false,יוגורט 4.5% שומן 3 ל' שטראוס,"מחלבות בר בכפר בע""מ",IL,יוגורט כד 3 ליטר 4%,ליטרים,3.00,ליטר,false,,24.90,8.3000,true,1,1914301
7290110566623,false,קפסולות קולומביה עלית 08 למכונת נספרסו מארז 5X10ג',שטראוס קפה בי.וי,IL,קפסולות למכונות נספר,גרמים,50.00,100 גרם,false,,16.50,0.3300,true,1,1929826
7290110566975,false,דנונה פרו יוגורט 0% תות עשיר בחלבון 200ג',"שטראוס בריאות בע""מ",IL,דנונה פרו 20 גרם חלב,גרמים,200.00,100 גרם,false,,5.90,0.0295,true,1,1891103
7290110568238,false,"קצפת צמחית 21% שומן 250 מ""ל יוטבתה",מחלבת יטבתה,IL,קצפת צימחית 21% שומן,מיליליטרים,250.00,"100 מ""ל",false,,7.90,0.0316,true,1,1937166
7290110568498,false,קונפיטורה תות במתיקות מעודנת 265 ג' יד מרדכי,"אינסטנטה בע""מ",FR,קונפיטורת תות במתיקו,גרמים,265.00,100 גרם,false,,12.90,0.0487,true,1,2138240
7290110568627,false,פסק זמן רול שוקולד חלב קרם אגוזים 26 ג' עלית,עלית,IL,חטיף פסק זמן רול שוק,גרמים,48.00,100 גרם,false,,3.90,0.0812,true,1,2235022
7290110571184,false,עדשים חומות 380 גר שטראוס טעם הטבע,קונסרב איטליה,IT,עדשים חומות טעם הטבע,גרמים,380.00,100 גרם,false,,6.90,0.0182,true,1,2362254
7290110571375,false,"אנרג'י מיקס תערובת צימוקים, תמרים, טופי ושברי פקאן",אנרג'י Energy - שטראוס,GB,אנרג'י מיקס צימוקים,גרמים,100.00,100 גרם,false,,15.90,0.1590,true,1,2362245
7290110571382,false,מעדן חלב בטעם וניל מעושר בחלבון 150 ג' שטראוס,"שטראוס בריאות בע""מ",IL,מעדן חלב דנונה פרו,גרמים,150.00,100 גרם,false,,4.90,0.0327,true,1,2346207
7290110571399,false,עלית - צנצנת מאסט בטעם גלידה תות,שטראוס גרופ,IL,קופסא מסטיק קוביות ב,גרמים,58.00,100 גרם,false,,8.90,0.1534,true,1,2356773
7290110571405,false,עלית - מיני פינוקיות בגביע פסק זמן 180 גרם,הגביע,IL,מיני פינוקיות בגביע,גרמים,180.00,100 גרם,false,,9.90,0.0550,true,1,2372890
7290110571412,false,מיני פינוקיות - פאדג' שוקולד בגביע 180 גרם,הגביע,IL,מיני פינוקיות בגביע,גרמים,180.00,100 גרם,false,,9.90,0.0550,true,1,2372891
7290110571481,false,פחית קפה נמס קמפיין משפטים 200 גרם 2022,שטראוס גרופ,IL,נס קפה 200 גרם מהדור,גרמים,200.00,100 גרם,false,,19.90,0.0995,true,1,2356774
7290110571535,false,מארז קפה טורקי הל 3*100 ג' עלית,שטראוס קפה בי.וי,IL,קפה טורקי + הל 100 ג,גרמים,300.00,100 גרם,false,,25.90,0.0863,true,1,2349251
7290110572129,false,כיף כף מקלות שוקולד לבן 40 ג' עלית,סולן בעבור שטראוס,TR,חטיף כיף כף מקלות שו,גרמים,40.00,100 גרם,false,,4.90,0.1225,true,1,2372892
7290110572884,false,"קפסולות קפה מספר 20 למכונת אספרס אספרסו, 50 גרם",שטראוס קפה בי.וי.,IL,קפסולות למכונות נספר,גרמים,50.00,100 גרם,false,,16.50,0.3300,true,1,2372901
7290110572969,false,כיף כף פצפצים עקרם לבן 40ג' עלית,שולן צ'יקולטה גידה ס,TR,חטיף כיף כף פצפצים ק,גרמים,40.00,100 גרם,false,,4.90,0.1225,true,1,2362246
7290110572976,false,כיף כף פצפצים בגביע במילוי קרם בטעם שוקולד לבן,שולן צ'יקולטה גידה ס,TR,גביע פצפצים 135 גרם,גרמים,135.00,100 גרם,false,,8.90,0.0659,true,1,2362255
7290110574413,false,חטיף פופקורן בטעם טעמי 70 גרם,סראנו בעבור שטראוס,קפריסין,פופקורן בטעם טעמי,גרמים,70.00,100 גרם,false,,6.90,0.0986,true,1,2374033
7290110574420,false,חטיף פופקורן בטעם פסק זמן 70 גרם,סראנו בעבור שטראוס,קפריסין,פופקורן בטעם פסק זמן,גרמים,70.00,100 גרם,false,,6.90,0.0986,true,1,2374034
7290110576318,false,מאגדת שלישיית שוקולד אגוז לבן 300 ג' עלית,סמואה,FR,מאגדת שלישיית אגוז ל,גרמים,300.00,100 גרם,false,,22.90,0.0763,true,1,2364484
7290110576356,false,"שוקולד ספלנדיד מריר 64% - חלבי , מפולי קקאו מפרו",קימ'ס גריפלנן,BE,שוקולד ספלנדיד מריר,גרמים,100.00,100 גרם,false,,8.90,0.0890,true,1,2361075
7290110576363,false,"שוקולד ספלנדיד מריר 80% חלבי ,פולי קקאו מאוגנדה",קימ'ס גריפלנן,BE,שוקולד ספלנדיד מריר,גרמים,100.00,100 גרם,false,,8.90,0.0890,true,1,2361076
7290110576370,false,מארז שלישייה שוקולד מריר חלבי עם אגוזי לוז,שטראוס,IL,מאגדת שלישיית אגוז מ,גרמים,300.00,100 גרם,false,,22.90,0.0763,true,1,2364485
7290110576387,false,מאגדת שלישיית שוקולד אגוז חלב 300 ג' עלית,שטראוס,FR,מאגדת שלישייה שוקולד,גרמים,300.00,100 גרם,false,,22.90,0.0763,true,1,2364486
7290110576752,false,טבלאות שוקולד ספלנדיד מריר 70% 100 ג' עלית,קימ'ס גריפלנן,BE,שוקולד ספלנדיד מריר,גרמים,100.00,100 גרם,false,,9.90,0.0990,true,1,2372893
7290110576776,false,טבלאות שוקולד ספלנדיד מריר 85% 100 ג' עלית,קימ'ס גריפלנן,BE,שוקולד ספלנדיד מריר,גרמים,100.00,100 גרם,false,,9.90,0.0990,true,1,2372894
7290110576790,false,סקי בטעם מוקה 125 ג' שטראוס,מגנום- שטראוס,IL,סקי מוקה 125 גרם,גרמים,125.00,100 גרם,false,,3.70,0.0296,true,1,2376967
7290111091513,false,קוויק XLלניקוי שירותים ואמבטיה - בריח לוונדר 40 יח,קוויק,,מגבונים קוויק XL לאמ,יח',40.00,יח',false,,6.90,0.1725,true,1,1677213
7290111092985,false,מארז מגבונים לחים בייביסיטר ללא בישום רביעייה,,,מגבונים בייביסיטר פר,יח',288.00,יח',false,,15.90,0.0552,true,1,2354376
7290111093005,false,"I-CARE מג'להסרת איפור, 25 יח בפלופק",די.פי.אל תעשיות מוצר,IL,מגבונים מסיר איפור I,יח',25.00,יח',false,,5.90,0.2360,true,1,2100499
7290111094248,false,"קוויק שקית אשפה חזקה וגדולה במיוחד (90*78), 20 יח'",,TR,קוויק שקיות אשפה XL,יח',20.00,יח',false,,16.90,0.8450,true,1,2234430
7290111094392,false,"טרופיקל תחליב רחצה קוקוס וליים 700 מ""ל דר עור","אמיליה קוסמטיקס בע""מ",IL,"תחליב רחצה 700 מ""ל ד",מיליליטרים,700.00,"100 מ""ל",false,,19.90,0.0284,true,1,2362733
7290111094651,false,שקיות אשפה L עם ידית 40 יח' קוייק,,TR,קוויק שקיות אשפה L ע,יח',40.00,יח',false,,10.90,0.2725,true,1,2321212
7290111096921,false,קוויק מגבונים לניקוי כללי בתוספת חומץ ומלח לימון 50 יח',די.פי.אל,IL,מגבונים קוויק לניקוי,יח',50.00,יח',false,,7.90,0.1580,true,1,2313741
7290111097546,false,מגבונים ניקוי כללי למשטחים בניחוח מרכך כביסה 50 יח' קוויק,די.פי.אל,IL,מגבונים לניקוי כללי,יח',50.00,יח',false,,7.90,0.1580,true,1,2362734
7290111340109,false,דיפנד - מגן תחתון לנשים אקטיב 22 יח',חוגלה קימברלי,IL,מגן תחתון דיפנד אקטי,יח',22.00,יח',false,,19.90,0.9045,true,1,2056039
7290111340178,false,מטליות לחות ניקול לניקוי כללי בניחוח מרכך כביסה 50 יח',ניקול,IL,מטליות לחות חד פעמיו,יח',50.00,יח',false,,10.90,0.2180,true,1,2109355
7290111340185,false,מטליות לחות ניקול לניקוי רצפות בניחוח מרכך 10 יח',ניקול,IL,ניקול מטליות לחות לר,יח',10.00,יח',false,,10.90,1.0900,true,1,2109356
7290111340925,false,מטליות לחות ניקול XL לניקוי כללי בניחוח פריחה 40 יח',חוגלה,IL,מטליות לחות חד פעמיו,יח',40.00,יח',false,,10.90,0.2725,true,1,2285463
7290111340956,false,ניקול מטליות לחות לרצפה בניחוח פריחה לבנה,על בד,IL,מטליות לחות לרצפה בנ,יח',10.00,יח',false,,11.90,1.1900,true,1,2263556
7290111341366,false,מפיות אירוח חד שכבתי 150 יחידות,חוגלה קימברלי,IL,מפיות ניקול 150 יח,יח',150.00,יח',false,,7.90,0.0527,true,1,2080890
7290111342042,false,ניקול כריות יפניות אנטיבקטריאלי 4 יחידות,פלסטו פוליש,IL,כריות יפנית ניקול אנ,יח',4.00,יח',false,,10.90,2.7250,true,1,2239520
7290111342523,false,מפיות אירוח לשימוש יומיומי ניקול 100 יח,חוגלה קימברלי,IL,מפיות ניקול צבעוניות,יח',100.00,יח',false,,7.90,0.0790,true,1,2223180
7290111343445,false,מגבונים לחים אנטיבקטריאליים לניקוי וחיטוי משטחים 70% אלכוהול ALCO-WIPES,חוגלה קימברלי,IL,מטלית חיטוי וניקוי 7,יח',160.00,יח',false,,24.90,0.1556,true,1,2248416
7290111343827,false,מטליות רב שימושיות לניקוי וקירצוף 6 יחי',UFO,IL,מטליות רב-שימושיות ל,יח',6.00,יח',false,,11.90,1.9833,true,1,2263569
7290111343841,false,ניקול ספוגית הקסם נירוסטה 3 יחידות,חוגלה,IL,ספוגית הקסם נירוסטה,יח',3.00,יח',false,,12.90,4.3000,true,1,2263570
7290111344206,false,האגיס נטורל קר מגבונים לחים בבישום עדין רביעייה,חוגלה קימברלי,IL,מגבוני האגיס מארז 4,יח',256.00,יח',false,,22.90,0.0895,true,1,2323985
7290111344930,false,מטליות לחות לרצפה בניחוח מרכך כביסה 10 יח' ניקול,General,IL,מטליות לחות לרצפה בנ,יח',10.00,יח',false,,11.90,1.1900,true,1,2327253
7290111345821,false,נייר טואלט נטורל קר - מארז 16 גלילי ג'מבו,חוגלה קימברלי,IL,גליל כפול לילי 16 גל,מטרים,552.00,מטר,false,,34.90,0.0632,true,1,2327257
7290111346088,false,נייר טואלט מולט דו שכבתי 30 גל,חוגלה קימברלי,IL,נייר טואלט מולט 30 ג,מטרים,495.00,מטר,false,,29.90,0.0604,true,1,2379593
7290111346118,false,האגיס מגבונים בישום עדין רביעייה מהדורה,חוגלה,IL,מגבוני האגיס מהדורה,יח',256.00,יח',false,,22.90,0.0895,true,1,2362031
7290111346293,false,מגבות ניקול שישייה מהדורה חגיגית,קימברלי קלארק,IL,מגבות נייר ניקול *6,מטרים,59.20,מטר,false,,11.90,0.2010,true,1,2379594
7290111350092,false,מארז מיקס חטיפי מיני לואקר בסט 200 גר,ליימן מותגים,,מארז חטיפי לואקר 200,גרמים,200.00,100 גרם,false,,19.90,0.0995,true,1,1691196
7290111350665,false,קליית גת דבש לחיץ 350 גרם,חקלאות עין חרוד מאוח,IL,דבש לחיץ 350 גרם,גרמים,350.00,100 גרם,false,,19.90,0.0569,true,1,1938009
7290111350672,false,קליית גת דבש לחיץ 700 גרם,חקלאות עין חרוד מאוח,IL,דבש בצנצנת 700 גרם,גרמים,700.00,100 גרם,false,,29.90,0.0427,true,1,1938010
7290111350719,false,חטיף נאצוס הוטפופ בסגנון מסעדות 322 גר,ליימן מותגים,US,נאצ'וס חטיף תירס הוט,גרמים,322.00,100 גרם,false,,14.90,0.0463,true,1,2206498
7290111350726,false,חטיף נאצוס הוטפופ בסגנון מקסיקני 322 גר,ליימן מותגים,US,נאצ'וס חטיף מתירס צה,גרמים,322.00,100 גרם,false,,14.90,0.0463,true,1,2206499
7290111352430,false,ממרח תמרים טבעי קליית גת 440 גרם,"כד בני דרום בע""מ",IL,ממרח תמרים טבעי 440,גרמים,440.00,100 גרם,false,,9.90,0.0225,true,1,2259219
7290111352935,false,יוגטה סוכריות טופי ממולאות 600 גרם 3 טעמים,תות ממתקי איכות,TR,סוכריות טופי יוגטה 6,גרמים,600.00,100 גרם,false,,24.90,0.0415,true,1,2247388
7290111352942,false,יוגטה סוכריות טופי ללא גלוטן 850 ג',יוגטה yogueta,,סוכריות טופי יוגטה 8,גרמים,850.00,100 גרם,false,,17.90,0.0211,true,1,2247389
7290111352966,false,יוגטה סוכריות ממולאות בטעם פירות 250 גרם ללא ג'לטין,ליימן שליסל,TR,סוכריות ממולאות חמוצ,גרמים,250.00,100 גרם,false,,9.90,0.0396,true,1,2247391
7290111352973,false,יוגוטה קוביות חמוצות ממולאות בטעם פירות,יוגטה yogueta,TR,סוכריות גומי יוגטה ח,גרמים,250.00,100 גרם,false,,9.90,0.0396,true,1,2247392
7290111353079,false,יוגטה סוכריות גומי דובונים 180 ג' קופסא,אפגאם תעשיות ממתקים,IL,סוכריות גומי יוגטה ב,גרמים,180.00,100 גרם,false,,7.90,0.0439,true,1,2269301
7290111353093,false,יוגטה סוכריות טופי בטעם פירות בצורת מקלות 600 ג',יוגטה,,סוכריות טופי בטעמי פ,גרמים,600.00,100 גרם,false,,24.90,0.0415,true,1,2273866
7290111353116,false,סוכריות גומי נחשים מבריק 800 גרם יוגטה.,ליימן מותגים,IL,סוכריות גומי נחשים 8,גרמים,800.00,100 גרם,false,,16.90,0.0211,true,1,2262023
7290111353123,false,"גומי נחש מסוכר 200 גר' וסטהיים (כש""לפ בית יוסף)",טופגם תעשיות ממתקים,IL,סוכריות גומי נחשים מ,גרמים,200.00,100 גרם,false,,7.90,0.0395,true,1,2262024
7290111353130,false,סוכריות גומי נחשים חמוצות מסוכרות 800 גרם יוגטה.,טופגם תעשיות ממתקים,IL,סוכריות גומי נחשים מ,גרמים,800.00,100 גרם,false,,16.90,0.0211,true,1,2262025
7290111353239,false,"גומי יין 200 גר' וסטהיים (כש""לפ בית יוסף)",טופגם תעשיות ממתקים,IL,סוכריות גומי יין 200,גרמים,200.00,100 גרם,false,,7.90,0.0395,true,1,2262026
7290111353376,false,שקית סוכריות מנטוס בטעם מנטה 100 יח',פרפטי ואן מלה ברדה,NL,סוכריות מנטוס בטעם מ,גרמים,250.00,100 גרם,false,,10.00,0.0400,true,1,2309242
7290111353437,false,חטיף בטטה ומלח ים 120 גרם הוט פופ,איץ.סיי גרופ אס.דה א,HN,חטיף בטטה ומלח ים,גרמים,120.00,100 גרם,false,,14.90,0.1242,true,1,2272115
7290111353444,false,חטיף בטטות ומלח ים 120 גרם הוט פופ,איץ.סיי גרופ אס.דה א,HN,חטיף בטטות ומלח ים,גרמים,120.00,100 גרם,false,,14.90,0.1242,true,1,2272116
7290111353451,false,חטיף בירקות שורש ומלח ים הוטפופ 120 גרם,איץ.סיי גרופ אס.דה א,HN,חטיף ירקות שורש ומלח,גרמים,120.00,100 גרם,false,,14.90,0.1242,true,1,2272117
7290111353468,false,סוכריות טופי במילוי בטעם פירות 600 גר',יוגטה,,סוכריות טופי יוגטה ב,גרמים,600.00,100 גרם,false,,24.90,0.0415,true,1,2273867
7290111353475,false,"שטיחים חמוצים בטעם פירות 200 גרם בד""ץ",סאדאט,TR,ממתק חמוץ בטעם פירות,גרמים,200.00,100 גרם,false,,7.90,0.0395,true,1,2273931
7290111353482,false,יוגטה סוכריות חמוצות ממלאות בטעמי פירות 200 ג',סאדאט,TR,סוכריות חמוצות ממולא,גרמים,200.00,100 גרם,false,,7.90,0.0395,true,1,2273932
7290111354335,false,מיני מרשמלו יוגטה בטעם וניל 30 גר,,IL,מרשמלו מיני בטעם וני,גרמים,30.00,100 גרם,false,,1.90,0.0633,true,1,2340715
7290111354595,false,קופסת אוכל קנופרס 5 חטיפים,אוגוסט שטורק,DE,וופל מיני קנופרס 5יח,גרמים,125.00,100 גרם,false,,12.90,0.1032,true,1,2361554
7290111563492,false,סלטי צבר מטבוחה חריפה מרובע 6*400גרם,סלטי צבר,IL,סלט מטבוחה חריפה 400,גרמים,400.00,100 גרם,false,,10.90,0.0273,true,1,1879074
7290111564277,false,פריכיות דקות ונימוחות 3 דגנים פיטנס Fitness,פרח תעשיות,IL,פיטנס פריכיות 3 דגני,גרמים,120.00,100 גרם,false,,9.90,0.0825,true,1,1655152
7290111564291,false,פריכיות דקות ונימוחות 3 דגנים וקינואה פיטנס Fitness,פרח תעשיות,IL,פיטנס פריכיות דקות ק,גרמים,120.00,100 גרם,false,,9.90,0.0825,true,1,1655153
7290111564727,false,עוגיות אסם קרמוגית וקרם אגוזים אסם 200ג',מיוצר עי קונדיטוריית,IL,עוגיות קרמוגית במילו,גרמים,200.00,100 גרם,false,,10.90,0.0545,true,1,1777560
7290111565038,false,"לה קרמריה וניל קוקילידה בד""צ 1.4 ל'",לה קרמריה- נסטלה,IL,גלידה ל'קרמריה קוקיל,ליטרים,1.40,ליטר,false,,20.90,14.9286,true,1,1877407
7290111566127,false,מעדן אוראו קפוא בטעם וניל עם עוגיות בטעם שוקולד,ג'נרל מילס סאן אדריא,IT,מאגדת אוראו סנדביץ 6,גרמים,198.00,100 גרם,false,,24.90,0.1258,true,1,1830054
7290111566226,false,טבעול שניצל ברוקולי 667 גר',עיצובים 2020 (4.8),IL,שניצל ברוקולי,גרמים,667.00,100 גרם,false,,29.90,0.0448,true,1,1799597
7290111566240,false,שניצל דק מן הצומח בטעם צ'ילי חריף 700 גרם,עיצובים 2020 (4.8),IL,שניצל דק בטעם צילי ח,גרמים,564.00,100 גרם,false,,29.90,0.0530,true,1,1799598
7290111566271,false,טבעול חטיפי תירס 657 גר',עיצובים 2020 (4.8),IL,חטיפי תירס.,גרמים,657.00,100 גרם,false,,29.90,0.0455,true,1,1799599
7290111566318,false,שניצל דק מן הצומח בטעם ביתי 700 גרם,עיצובים 2020 (4.8),IL,שניצל דק מן הצומח.,גרמים,564.00,100 גרם,false,,29.90,0.0530,true,1,1799600
7290111566332,false,טבעול נקניקיות וינר צמחוניות 680 גר',עיצובים 2020 (4.8),IL,נקניקיות וינר צמחוני,גרמים,680.00,100 גרם,false,,29.90,0.0440,true,1,1799601
7290111566417,false,טחון צמחוני עם המון חלבון,עיצובים 2020 (4.8),IL,טבעול טחון צמחוני,גרמים,500.00,100 גרם,false,,29.90,0.0598,true,1,1799624
7290111566547,false,טבעול חזה בגריל צמחוני 99 קלוריות 560ג',עיצובים 2020 (4.8),IL,חזה בגריל צמחוני,גרמים,560.00,100 גרם,false,,29.90,0.0534,true,1,1799626
7290111566561,false,שניצל ברוקולי 99 קלוריות טבעול 560 גר,עיצובים 2020 (4.8),IL,שניצל ברוקלי 99 קלור,גרמים,560.00,100 גרם,false,,29.90,0.0534,true,1,1799627
7290111566585,false,טבעול שניצל צמחוני 99 קלוריות 650 גר',עיצובים 2020 (4.8),IL,שניצל צמחוני 99 קלור,גרמים,650.00,100 גרם,false,,29.90,0.0460,true,1,1799628
7290111566691,false,טבעול שניצל תרד 99 קלוריות 560 גר',עיצובים 2020 (4.8),IL,שניצל תרד 99 קלוריות,גרמים,560.00,100 גרם,false,,29.90,0.0534,true,1,1862031
7290111566714,false,טבעול המבורגר צמחוני 99 קלוריות 600 גר',עיצובים 2020 (4.8),IL,המבורגר צמחוני 99 קל,גרמים,600.00,100 גרם,false,,29.90,0.0498,true,1,1799629
7290111566752,false,טבעול שניצל תירס 99 קלוריות 693 גר',עיצובים 2020 (4.8),IL,שניצל תירס 99 קלוריו,גרמים,693.00,100 גרם,false,,29.90,0.0431,true,1,1799604
7290111566776,false,טבעול נקניקיות קוקטייל צמחוניות 680 גר',עיצובים 2020 (4.8),IL,נקניקיות קוקטייל צמח,גרמים,680.00,100 גרם,false,,29.90,0.0440,true,1,1799605
7290111568206,false,ביסלי פארטי מיקס 150 ג' אסם,פרו מן יו פתרונות אר,IL,ביסלי במבה מיקס 150,גרמים,150.00,100 גרם,false,,8.90,0.0593,true,1,1887192
7290111568251,false,אטריות נודלס להקפצה אסם אסייתי 350 גר',תאי פרזידנטפוד,TH,נודלס אטריות להקפצה,גרמים,350.00,100 גרם,false,,9.90,0.0283,true,1,1882903
7290111568275,false,אטריות נודלס אורז רחבות אסם אסייתי 300גרם,תאי פרזידנט,TH,נודלס אטריות אורז רח,גרמים,300.00,100 גרם,false,,9.90,0.0330,true,1,1882904
7290111568299,false,אטריות נודלס עם תרד אסם אסייתי 300 גר',זארה,IT,נודלס אטריות עם תרד,גרמים,300.00,100 גרם,false,,9.90,0.0330,true,1,1882905
7290111568466,false,רוטב אסייתי למוקפץ הסדרה האסייתית,"אסם תעשיות בע""מ",IL,רוטב אסייתי למוקפץ 2,מיליליטרים,290.00,"100 מ""ל",false,,12.90,0.0445,true,1,1882896
7290111568961,false,בייגלה טבעות מלח 400 ג' אסם,אסם,IL,בייגלה טבעות מלח 400,גרמים,400.00,100 גרם,false,,9.90,0.0248,true,1,1910417
7290111664106,false,כפית ורסאי קרם -אר',,,כפית ורסאי קרם -אר',יחידה,0.00,יחידה,false,,3.90,0.0000,true,1,2218319
7290111664137,false,כף ורסאי לבן -אר' 10,,TR,כף ורסאי לבן -אר' 10,יחידה,0.00,יחידה,false,,6.90,0.0000,true,1,2218322
7290111664144,false,כפית ורסאי לבן -אר',,,כפית ורסאי לבן -אר',יחידה,0.00,יחידה,false,,3.90,0.0000,true,1,2218323
7290111665363,false,קש שתיה טבעי חום-אר',,,קש שתיה טבעי חום-אר',יחידה,0.00,יחידה,false,,9.90,0.0000,true,1,2219362
7290111665455,false,מזלג ורסאי טורקיז -א,,,מזלג ורסאי טורקיז -א,יחידה,0.00,יחידה,false,,5.90,0.0000,true,1,2218337
7290111665486,false,כפית ורסאי טורקיז -א,,,כפית ורסאי טורקיז -א,יחידה,0.00,יחידה,false,,3.90,0.0000,true,1,2218340
7290111665530,false,מזלג וסראי ניצוצות זהב 10 יח,,CN,מזלג ורסאי ניצוצות ז,יחידה,0.00,יחידה,false,,5.90,0.0000,true,1,2218345
7290111665547,false,סכין ורסאי ניצוצות ז,,,סכין ורסאי ניצוצות ז,יחידה,0.00,יחידה,false,,6.90,0.0000,true,1,2218346
7290111873010,false,אצבעות שוקולד בקרם ח,,,אצבעות שוקולד בקרם ח,יחידה,0.00,יחידה,false,,4.90,0.0000,true,1,2018570
7290111873034,false,אצבעות שוקולד בקרם ח,,,אצבעות שוקולד בקרם ח,יחידה,0.00,יחידה,false,,4.90,0.0000,true,1,2018572
7290111930805,false,קראנצ'וס טעם ברביקיו 55 גר',חברת מנה בעמ,IL,חטיף קראנצ'וס ברביקי,גרמים,55.00,100 גרם,false,,3.90,0.0709,true,1,1725185
7290111930850,false,קראנצ'וס טעם פיצה 55גר',קראנצ'וס,IL,חטיף קראנצ'וס פיצה 5,גרמים,55.00,100 גרם,false,,3.90,0.0709,true,1,1725186
7290111930898,false,חטיף פוף כוכבים גריל אמריקאי 40 גרם,פוף POOF,IL,חטיף פוף כוכבים גריל,גרמים,40.00,100 גרם,false,,3.90,0.0975,true,1,1756489
7290111930904,false,חטיף פוף כוכבים בצל 40 גרם,פוף POOF,IL,חטיף פוף כוכבים בצל,גרמים,40.00,100 גרם,false,,3.90,0.0975,true,1,1756490
7290111930911,false,חטיף פוף לבבות קלאסי 40 גרם,פוף POOF,IL,חטיף פוף לבבות קלאסי,גרמים,40.00,100 גרם,false,,3.90,0.0975,true,1,1756372
7290111930928,false,חטיף פוף לבבות גריל 40 גרם,פוף POOF,IL,חטיף פוף לבבות גריל,גרמים,40.00,100 גרם,false,,3.90,0.0975,true,1,1756491
7290111930935,false,חטיף פוף טבעות קלאסי 40 גרם,פוף POOF,IL,חטיף פוף טבעות קלאסי,גרמים,40.00,100 גרם,false,,3.90,0.0975,true,1,1756492
7290111931321,false,"קולגייט מיניונים משחת שיניים ילדים 6+ 50 מ""ל",קולגייט Colgate,PL,משחת שיניים קולגייט,מיליליטרים,50.00,"100 מ""ל",false,,12.90,0.2580,true,1,1897309
7290111932502,false,"קולגייט משחת שיניים אופטיק וייט אקספרט 75 מ""ל",קולגייט Colgate,MX,משחת שינים קולגייט א,מיליליטרים,75.00,"100 מ""ל",false,,24.90,0.3320,true,1,1954021
7290111932700,false,מסכה לפנים רימונים ב,שסטוביץ,KR,מסכה לפנים רימונים ב,יח',1.00,יח',false,,9.90,9.9000,true,1,2299239
7290111932762,false,בלונס - ספוג סבון ונילה,,,ספוג סבון ונילה בלונ,יח',1.00,יח',false,,8.90,8.9000,true,1,2299175
7290111933318,false,פלמוליב ס.נוזלי לומינוס מקדמיה 750 משאבה,שסטוביץ,TR,סבון נוזלי פלמוליב ל,מיליליטרים,750.00,"100 מ""ל",false,,19.90,0.0265,true,1,2034981
7290111933462,false,"רוטב צ'ילי מתוק מאסטר שף 300 מ""ל",סיטי פוד,TH,רוטב צ'ילי מתוק מאסט,מיליליטרים,300.00,"100 מ""ל",false,,9.90,0.0330,true,1,1896595
7290111933554,false,עגבניות איטלקיות קוביות - מארז שלישיה,קונסוריזיו קאסאלסקו,IT,עגבניות קוביות מארז,גרמים,1200.00,100 גרם,false,,15.90,0.0133,true,1,1993663
7290111933561,false,מאסטר שף תערובת ציפוי נגטס 250 גרם,טסט וסנט קו.לטד,TH,תערובת לציפוי נאגטס,גרמים,250.00,100 גרם,false,,9.90,0.0396,true,1,2188381
7290111933998,false,תבנית קוקי אינגליש עם נייר אפייה 4 יח,קוקי,CN,תבנית אינגליש עם ניי,יח',4.00,יח',false,,12.90,3.2250,true,1,2130305
7290111934827,false,"סבון ידיים פלמוליב היגיינה 300 מ""ל",פלמוליב Palmolive,TR,סבון ידיים פלמוליב 3,מיליליטרים,300.00,"100 מ""ל",false,,10.90,0.0363,true,1,2123653
7290111935800,false,דאו ליידי ספיד סטיק דרמה ויטמין אי 45 גר,ליידי ספיד סטיק Lady Speed Stick,US,דאודורנט ליידי ספיד,גרמים,45.00,100 גרם,false,,17.90,0.3978,true,1,2188382
7290111935817,false,דאו ליידי ספיד סטיק סטיק דרמה פנינה 45 ג,שסטוביץ,US,דאודורנט ליידי ספיד,גרמים,45.00,100 גרם,false,,17.90,0.3978,true,1,2208238
7290111935961,false,מאסטר שף מחית עגבניות 690 גרם,פראנו אנריקו ופיגלי,IT,מחית עגבניות מאסטר ש,גרמים,690.00,100 גרם,false,,9.90,0.0143,true,1,2200140
7290111936203,false,"ליידי ספיד סטיק דרמה ספריי ויטמין אי 150 מ""ל",ליידי ספיד סטיק Lady Speed Stick,RU,דאודורנט ספריי ליידי,מיליליטרים,150.00,"100 מ""ל",false,,14.90,0.0993,true,1,2188383
7290111936296,false,"פלמוליב סבון נוזלי בניחוח סנסיישן מסאז' ,750 מ""ל",קולגייט פלמוליב,TR,סבון נוזלי פלמוליב א,מיליליטרים,750.00,"100 מ""ל",false,,16.90,0.0225,true,1,2155448
7290111936647,false,"משחת שיניים קולגייט מקס כחול 125 מ""ל*2 כשלפ",קולגייט פלמוליב,PL,מארז זוג קולגייט מקס,מיליליטרים,250.00,"100 מ""ל",false,,24.90,0.0996,true,1,2231708
7290111936784,false,"מארז פרי חטיפים 5 יח' כשל""פ תמרים ואגוזי לוז",טבעית מוצרים מן הטבע,IL,חטיף תמרים וגוזי לוז,גרמים,125.00,100 גרם,false,,15.90,0.1272,true,1,2115019
7290111937088,false,ליידי ספיד סטיק דרמה רול און אומגה 3,ליידי ספיד סטיק Lady Speed Stick,MX,דאודורנט ליידי ספיד,מיליליטרים,50.00,"100 מ""ל",false,,14.90,0.2980,true,1,2256401
7290111937095,false,"ליידי ספיד סטיק דרמה רול און אלוורה 50 מ""ל",ליידי ספיד סטיק Lady Speed Stick,MX,דאודורנט ליידי ספיד,מיליליטרים,50.00,"100 מ""ל",false,,14.90,0.2980,true,1,2256402
7290111937231,false,"מארז פרי חטיפים 5 יח' כשל""פ תמרים וקוקוס",שסטוביץ,IL,חטיף תמרים וקוקוס FR,גרמים,125.00,100 גרם,false,,15.90,0.1272,true,1,2115021
7290111937712,false,רדיד אלומיניום קוקי עטוף בנייר אפייה,קוקי,CN,קוקי רדיד אלומיניום,מטרים,7.50,מטר,false,,12.90,1.7200,true,1,2228477
7290111937767,false,מגבת ליבוש השיער בלו,,,מגבת ליבוש השיער בלו,יח',1.00,יח',false,,19.90,19.9000,true,1,2299224
7290111938481,false,"רוטב סויה בהירה מאסטר שף 300 מ""ל",מאסטר שף,TH,רוטב סויה בהירה מאסט,מיליליטרים,300.00,"100 מ""ל",false,,9.90,0.0330,true,1,2239046
7290111939136,false,קוקי נייר אפייה עגול קוטר 26,קוקי,IL,קוקי נייר אפייה עגול,יח',20.00,יח',false,,7.90,0.3950,true,1,2228478
7290111939143,false,קוקי נייר אפייה עגול קוטר 28,,IL,קוקי נייר אפייה עגול,יח',20.00,יח',false,,7.90,0.3950,true,1,2228479
7290111939174,false,קוקי כיסוי ניילון עם גומי מידה L,קוקי,CN,קוקי ניילון נצמד עם,יח',18.00,יח',false,,9.90,0.5500,true,1,2228465
7290111939181,false,קוקי כיסוי ניילון עם גומי מיקס מידות,שסטוביץ,CN,קוקי ניילון נצמד עם,יח',20.00,יח',false,,9.90,0.4950,true,1,2228466
7290112000057,false,גל כביסה קרטין גולד וולייט 3 ליטר,רקיט בנקיזר,,ווליט ג'ל גולד לשמיר,ליטרים,3.00,ליטר,false,,29.90,9.9667,true,1,1777348
7290112000156,false,"איירוויק מילוי מפיץ אדים אוטמטי לבנדר 20 מ""ל",איירוויק Air Wick,HU,אירוויק מילוי מפיץ א,מיליליטרים,20.00,"100 מ""ל",false,,19.90,0.9950,true,1,1944284
7290112000170,false,אייר ויק מילוי למפזר אדים אוטומטי מרענן,איירוויק Air Wick,HU,אירוויק מילוי מפיץ א,מיליליטרים,20.00,"100 מ""ל",false,,19.90,0.9950,true,1,1944286
7290112000293,false,"גל לניקוי אסלות סיליט באנג מרענן 750 מ""ל",סיליט באנג Cillit Bang,PL,גל אסלות סיליט באנג,מיליליטרים,750.00,"100 מ""ל",false,,9.90,0.0132,true,1,1825625
7290112000385,false,מנקה ומחטא עוצמתי למטבח ללא אקונומיקה,רקיט בנקיזר,PL,תרסיס למטבח דטול 750,מיליליטרים,750.00,"100 מ""ל",false,,14.90,0.0199,true,1,2011746
7290112000392,false,מנקה ומחטא עוצמתי לחדר האמבטיה ללא אקונומיקה,רקיט בנקיזר,PL,תרסיס לאמבטיה דטול 7,מיליליטרים,750.00,"100 מ""ל",false,,14.90,0.0199,true,1,2012486
7290112000408,false,מנקה ומחטא עוצמתי לניקוי כללי בניחוח לימון,רקיט בנקיזר,US,תרסיס דטול לניקוי כל,מיליליטרים,750.00,"100 מ""ל",false,,14.90,0.0199,true,1,2011761
7290112000736,false,פיניש ALL IN ONE MAX טבליות 80 יחידות,רקיט בנקיזר,IL,פיניש 80 טבליות AIO,יח',80.00,יח',false,,54.90,0.6862,true,1,1944273
7290112000828,false,דטול - מגבונים חיטוי וניקוי אנטי בקטריאלי 60 יח',רקיט בנקיזר,PL,דטול מגבונים לניקוי,יח',60.00,יח',false,,14.90,0.2483,true,1,2012488
7290112000842,false,דטול מגבונים לניקוי כללי בניחות לימון 60 יח',רקיט בנקיזר,US,דטול מגבונים לניקוי,יח',60.00,יח',false,,14.90,0.2483,true,1,2011767
7290112000873,false,מטליות לחות לחדר האמבטיה מנקה ומחטא עוצמתי,רקיט בנקיזר,US,דטול מגבונים לאמבטיה,יח',60.00,יח',false,,14.90,0.2483,true,1,2012489
7290112000880,false,מטליות לחות למטבח מנקה ומחטא עוצמתי,רקיט בנקיזר,PL,דטול מגבונים למטבח 6,יח',60.00,יח',false,,14.90,0.2483,true,1,2011747
7290112001030,false,"אירוויק ספרי אוטמטי מילוי פריחת הדובדבן 250 מ""ל",איירוויק Air Wick,HU,מילוי מבשם אויר אוטו,מיליליטרים,250.00,"100 מ""ל",false,,19.90,0.0796,true,1,2012506
7290112001221,false,מנקה מכונת כביסה בניחוח נקי ורענן,רקיט בנקיזר,PT,קולון מנקה למכונת כב,מיליליטרים,250.00,"100 מ""ל",false,,14.90,0.0596,true,1,2012507
7290112001238,false,"מנקה מכונת כביסה קולון לימון 250 מ""ל",רקיט בנקיזר,ES,קולון מנקה למכונת כב,מיליליטרים,250.00,"100 מ""ל",false,,14.90,0.0596,true,1,2012508
7290112001436,false,פיניש מנקה ומחדש למדיח בניחוח לימון,רקיט בנקיזר,PL,מנקה מדיח כלים 250 מ,מיליליטרים,250.00,"100 מ""ל",false,,14.90,0.0596,true,1,2215980
7290112001870,false,"סיליט באנג ספריי ניקוי אמבטיה 750 מ""ל",רקיט בנקיזר,PL,סיליט באנג לאמבטיות,מיליליטרים,750.00,"100 מ""ל",false,,14.90,0.0199,true,1,2211556
7290112001900,false,ג'ל למדיח כלים אקולוגי פיניש,RECKITT BENCKISER PR,PL,פיניש ג'ל 1 ליטר אקו,ליטרים,1.00,ליטר,false,,42.90,42.9000,true,1,2211557
7290112002099,false,קולון גל כביסה מרוכז 2.5 ליטר קלאסי,רקיט בנקיזר,IL,ג'ל קולון 2.5 ליטר ר,ליטרים,2.50,ליטר,false,,24.90,9.9600,true,1,2215776
7290112002129,false,ג'ל כביסה מרוכז קולון 101 בניחוח פריחה מרענן,רקיט בנקיזר,IL,ג'ל קולון 2.5 ליטר ב,ליטרים,2.50,ליטר,false,,24.90,9.9600,true,1,2215779
7290112002136,false,ג'ל כביסה מרוכז קולון 101 קלאסי,רקיט בנקיזר,IL,קולון ג'ל 4 ליטר רגי,ליטרים,4.00,ליטר,false,,34.90,8.7250,true,1,2215780
7290112002143,false,ג'ל כביסה מרוכז קולון 101 בניחוח לילך,רקיט בנקיזר,IL,קולון ג'ל 4 ליטר ליל,ליטרים,4.00,ליטר,false,,34.90,8.7250,true,1,2215781
7290112002150,false,ג'ל כביסה מרוכז קולון 101 בניחוח ורדים,רקיט בנקיזר,IL,קולון ג'ל 4 ליטר בני,ליטרים,4.00,ליטר,false,,34.90,8.7250,true,1,2215782
7290112002167,false,ג'ל כביסה מרוכז קולון 101 בניחוח פריחה מרענן,רקיט בנקיזר,IL,קולון ג'ל 4 ליטר בני,ליטרים,4.00,ליטר,false,,34.90,8.7250,true,1,2215783
7290112002174,false,איירויק גל מוצק בניחוח לבנדר,רקיט בנקיזר,CN,מטהר אוויר איירויק ג,גרמים,180.00,100 גרם,false,,12.90,0.0717,true,1,2247802
7290112002181,false,אירוויק גיל מוצק בניחוח ורדים 180 גר',רקיט בנקיזר,CN,מטהר אוויר איירויק ג,גרמים,180.00,100 גרם,false,,12.90,0.0717,true,1,2247793
7290112002211,false,מטהר אוויר איירויק ג,,,מטהר אוויר איירויק ג,גרמים,180.00,100 גרם,false,,12.90,0.0717,true,1,2247796
7290112003188,false,קולון קפסולות גל לכביסה 60 יחידות,רקיט בנקיזר,IT,קולון קפסולות ג'ל לכ,יח',60.00,יח',false,,49.90,0.8317,true,1,2269126
7290112003232,false,אבקת כביסה בניחוח לבנדר קולון 5 ק''ג,זוהר דליה,,"אבקת כביסה 5 ק""ג קול",קילוגרמים,5.00,"ק""ג",false,,39.90,7.9800,true,1,2249138
7290112003256,false,אבקת כביסה קולון 101 בניחוח לבנדר,זוהר דליה,IL,"אבקת כביסה 1.25ק""ג -",קילוגרמים,1.25,"ק""ג",false,,19.90,15.9200,true,1,2249140
7290112003478,false,"איירוויק ספריי נטול גז אננס ורוזמרין 236 מ""ל",רקיט בנקיזר,PL,מבשם אויר ספריי אירו,מיליליטרים,236.00,"100 מ""ל",false,,19.90,0.0843,true,1,2273413
7290112003508,false,"איירוויק ספריי נטול גז יער ועשבי בר 236 מ""ל",רקיט בנקיזר,PL,מבשם אויר ספריי אירו,מיליליטרים,236.00,"100 מ""ל",false,,19.90,0.0843,true,1,2273414
7290112003515,false,איירוויק בוטניקה ספריי נטול גז בניחוח ור,רקיט בנקיזר,PL,מבשם אויר ספריי אירו,מיליליטרים,236.00,"100 מ""ל",false,,19.90,0.0843,true,1,2273420
7290112003959,false,וניש מסיר כתמים אבקה לכביסה צבעונית 470 גרם,רקיט בנקיזר,IT,וניש גולד אבקה 470 ג,גרמים,470.00,100 גרם,false,,16.90,0.0360,true,1,2306155
7290112003973,false,"וניש אבקה ורודה מולטי פאואר 1.350 ק""ג א. חסכון חדש להלבנה",רקיט בנקיזר,IT,וניש גולד אבקה 1.35,קילוגרמים,1.35,"ק""ג",false,,34.90,25.8519,true,1,2306157
7290112004024,false,ג'ל מסיר כתמים לכביסה לבנה וניש אוקסי אקשן,קליה וניש Kalia Vanish,,"וניש גולד ג'ל 940 מ""",מיליליטרים,940.00,"100 מ""ל",false,,24.90,0.0265,true,1,2324787
7290112004031,false,ג'ל מסיר כתמים לכביסה צבעונית וניש אוקסי אקשן,קליה וניש Kalia Vanish,,"וניש גולד ג'ל 940 מ""",מיליליטרים,940.00,"100 מ""ל",false,,24.90,0.0265,true,1,2324788
7290112004109,false,מטליות לחות לניקוי כללי וחיטוי בריח ליים ונענע- מארז,רקיט בנקיזר,PL,דטול מגבונים לניקוי,יח',180.00,יח',false,,21.90,0.1217,true,1,2268699
7290112004161,false,"ספריי אוטמטי מילוי בניחוח סנטורל 250 מ""ל אירוויק",RB בריטניה,GB,מילוי מבשם אויר אוטו,מיליליטרים,250.00,"100 מ""ל",false,,19.90,0.0796,true,1,2271935
7290112004192,false,טבליות פיניש אקולוגי,רקיט בנקיזר,PL,טבליות אקולוגי למדיח,יח',70.00,יח',false,,49.90,0.7129,true,1,2323442
7290112004208,false,טבליות למדיח בניחוח לימון 50 יח' פיניש,RECKITT BENCKISER PR,PL,פיניש 50 טבליות לימו,יח',50.00,יח',false,,39.90,0.7980,true,1,2306227
7290112004314,false,"דטול - תרסיס חיטוי וניקוי בניחוח לימון רימונים 750 מ""ל",רקיט בנקיזר,PL,תרסיס למטבח דטול רימ,מיליליטרים,750.00,"100 מ""ל",false,,14.90,0.0199,true,1,2306159
7290112004321,false,מגבונים לניקוי כללי בניחוח רימונים וליים 60 יח' דטול,רקיט בנקיזר,PL,דטול מגבונים למטבח ב,יח',60.00,יח',false,,14.90,0.2483,true,1,2306160
7290112004413,false,ניש ספריי להסרת כתמים מבגדים לבנים 750 מ,רקיט בנקיזר,PL,וניש ספריי לבן 750 מ,מיליליטרים,750.00,"100 מ""ל",false,,19.90,0.0265,true,1,2342244
7290112004604,false,דטול - שלישיית מגבונים לניקוי וחיטוי בניחוח לימון רימונים,רקיט בנקיזר,PL,דטול מגבונים לניקוי,יח',180.00,יח',false,,21.90,0.1217,true,1,2306161
7290112004611,false,"וניש ג'ל מרוכז לטיפול נקודתי בכתמים 200 מ""ל",רקיט בנקיזר,PT,ג'ל מרוכז להסרת כתמי,מיליליטרים,200.00,"100 מ""ל",false,,16.90,0.0845,true,1,2342245
7290112004772,false,אירוויק מילוי מבשם חשמלי כביסה באוויר,RECKITT BENCKISER HU,HU,מילוי מבשם אויר חשמל,מיליליטרים,19.00,"100 מ""ל",false,,14.90,0.7842,true,1,2355180
7290112004963,false,"פיניש אולטימייט קפסולות לניקוי כלים במדיח, 25 יחידות",רקיט בנקיזר,PL,טבליות למדיח כלים 25,יח',25.00,יח',false,,39.90,1.5960,true,1,2362614
7290112004970,false,פיניש קפסולות אולטימיט למדיח 50 יח',רקיט בנקיזר,IL,טבליות למדיח כלים 50,יח',50.00,יח',false,,54.90,1.0980,true,1,2362615
7290112004994,false,איירוויק מילוי אוטומטי יסמין מבשם אויר אטומטי,RB בריטניה,IL,מילוי מבשם אויר אוטו,מיליליטרים,250.00,"100 מ""ל",false,,19.90,0.0796,true,1,2351766
7290112005045,false,וניש מסיר כתמים אבקה לכביסה לבנה 480 גרם,רקיט בנקיזר,IT,וניש אבקה לכביסה לבנ,גרמים,480.00,100 גרם,false,,16.90,0.0352,true,1,2362602
7290112005052,false,וניש תוסף כביסה רב תכליתי לבגדים לבנים,קליה וניש Kalia Vanish,IT,וניש אבקה לכביסה לבנ,קילוגרמים,1.50,"ק""ג",false,,34.90,23.2667,true,1,2362603
7290112005076,false,וניש תוסף כביסה רב תכליתי צבעוני 480 גרם,רקיט בנקיזר,IT,וניש אבקה לכביסה צבע,גרמים,480.00,100 גרם,false,,16.90,0.0352,true,1,2362604
7290112005083,false,וניש תוסף כביסה רב תכליתי לכביסה צבעונית,קליה וניש Kalia Vanish,IT,וניש אבקה לכביסה צבע,קילוגרמים,1.50,"ק""ג",false,,34.90,23.2667,true,1,2362605
7290112005168,false,טבליות למדיח פיניש קוואנטום לימון 60 יח,רקיט בנקיזר,PL,טבליות למדיח כלים 60,יח',60.00,יח',false,,54.90,0.9150,true,1,2362616
7290112192158,false,"ניוקי תפו""א לל""ג 500 גר GFREE",,IT,"ניוקי תפו""א ללא גלוט",גרמים,500.00,100 גרם,false,,9.90,0.0198,true,1,2209541
7290112192295,false,עוגיות סנדויץ במילוי ללא גלוטן 200 ג',"מוצרי הכט בע""מ",IL,עוגיות סנדויץ שוקולד,גרמים,200.00,100 גרם,false,,18.90,0.0945,true,1,2039896
7290112192561,false,משחת שיניים whitening עם פלואוריד להגנה מלאה,ג'י.אס.קיי קונסיומר,IE,משחת שיניים הגנה מלא,מיליליטרים,75.00,"100 מ""ל",false,,29.90,0.3987,true,1,2215234
7290112192578,false,משחת שיניים פרודונטקס אקסטרה פרש הגנה מלאה,ג'י.אס.קיי קונסיומר,IE,משחת שיניים הגנה מלא,מיליליטרים,75.00,"100 מ""ל",false,,29.90,0.3987,true,1,2215235
7290112192875,false,"סנסודיין - משחת שיניים רגישות וחניכיים 75 מ""ל",סנסודיין Sensodyne,GB,סנסודיין משחת שיניים,מיליליטרים,75.00,"100 מ""ל",false,,29.90,0.3987,true,1,2220444
7290112192905,false,מברשת לשיניים רגישות ובעיות חניכיים סנסודיין,סנסודיין Sensodyne,DE,סנסודיין מברשת רגישו,יחידה,0.00,יחידה,false,,24.90,0.0000,true,1,2220454
7290112193896,false,סטייל סבון ידיים תה זהב משאבה 500 מל,,TR,אל סבון ארומטי משאבה,מיליליטרים,500.00,"100 מ""ל",false,,8.90,0.0178,true,1,2284735
7290112195227,false,איטריות ביצים דקיקות,אוריינט,,איטריות ביצים דקיקות,גרמים,500.00,100 גרם,false,,13.90,0.0278,true,1,2284845
7290112197061,false,"סטייל - תחליב רחצה לניקוי וטיפוח הידיים ארגן 500 מ""ל",רנקסאן פלסטיק יאנגר,TR,תחליב רחצה לידיים אר,מיליליטרים,500.00,"100 מ""ל",false,,11.90,0.0238,true,1,2352494
7290112197122,false,"סטייל - סבון ידיים ירוק 500 מ""ל חדש",רנקסאן פלסטיק יאנגר,TR,אל סבון ארומטי משאבה,מיליליטרים,500.00,"100 מ""ל",false,,8.90,0.0178,true,1,2369455
7290112197191,false,דגני בוקר כהים במילוי קרם וניל ללא גלוטן 375 ג' G FREE,נטורל קייקס,IL,דגני בוקר כהים במיל,גרמים,375.00,100 גרם,false,,21.90,0.0584,true,1,2343968
7290112197207,false,מיני כריות שוקולד חלב 65 גר G FREE,נטורל קייקס,IL,דגני בוקר מיני כריו,גרמים,65.00,100 גרם,false,,7.90,0.1215,true,1,2343974
7290112197238,false,מיני קורנפלקס שוקולד חלב 65 גר G FREE,,,דגני בוקר מיני קורנ,גרמים,65.00,100 גרם,false,,7.90,0.1215,true,1,2343977
7290112330352,false,"יוגורט PRO בטעם וניל 0% , 20 גרם חלבון בגביע","שטראוס בריאות בע""מ",IL,דנונה פרו 20 גרם חלב,גרמים,200.00,100 גרם,false,,5.90,0.0295,true,1,2155474
7290112330390,false,יוגורט PRO בטעם פירות יער 0% 20 גרם חלבון בגביע,"שטראוס בריאות בע""מ",IL,דנונה פרו 20 גרם חלב,גרמים,200.00,100 גרם,false,,5.90,0.0295,true,1,2155475
7290112330420,false,דנונה פרו לבן 2.9% שומן 150 ג',מיוצר עי קונדיטוריית,IL,דנונה פרו לבן 2.9% ש,גרמים,150.00,100 גרם,false,,4.40,0.0293,true,1,2103966
7290112332585,false,"פריכיות תפו""א, אורז בתיבול סלק ומלח חי 30 גר'","פרח תעשיו מזון בע""מ",IL,פירכיות משולשות בתיב,גרמים,30.00,100 גרם,false,,4.90,0.1633,true,1,2185804
7290112332691,false,פינוקיות עוגיות קרם פסק זמן אגוזים 200 גרם,הגביע מוצרי ופלים בע,IL,פינוקיות עוגיית קרם,גרמים,200.00,100 גרם,false,,9.90,0.0495,true,1,2199973
7290112332875,false,מסטיק מאסט קוביות בטעם מנטה עדינה 86 ג' עלית,שטראוס עלית,DE,מסטיק קוביות מנטה עד,גרמים,86.00,100 גרם,false,,12.90,0.1500,true,1,2138244
7290112332899,false,עלית - צנצנת בזוקה פופים קלאסי 58 גרם,רוג'ר אנד רוג'ר,IL,קופסאת מסטיק בזוקה פ,גרמים,58.00,100 גרם,false,,8.90,0.1534,true,1,2185791
7290112335043,false,כשלפ מרשמלו בזוקה ווסטהיים 150 ג',טופגאם תעשיות ממתקים,IL,מרשמלו בזוקה 150 גרם,גרמים,150.00,100 גרם,false,,5.90,0.0393,true,1,2113258
7290112335111,false,מסטיק מאסט קוביות בזוקה ללא גלוטן 86 גר,שטראוס עלית,DE,מסטיק קוביות בטעם בז,גרמים,86.00,100 גרם,false,,12.90,0.1500,true,1,2138247
7290112335487,false,פריכיות הטעימות קצח ודגנים אנרגי 135 גר,אנרג'י Energy - שטראוס,IL,הפירכיות הטעימות קצח,גרמים,135.00,100 גרם,false,,11.90,0.0881,true,1,2185793
7290112335494,false,הפריכיות הטעימות תפוחי אדמה בטעם פוטטוס,"פרח תעשיות מזון בע""מ",IL,הפירכיות הטעימות פוט,גרמים,135.00,100 גרם,false,,11.90,0.0881,true,1,2203437
7290112335500,false,"הפריכיות הטעימות חומוס, אורז, עדשים שחורות וקינואה",אנרג'י Energy - שטראוס,IL,הפירכיות הטעימות חלב,גרמים,135.00,100 גרם,false,,11.90,0.0881,true,1,2185805
7290112336613,false,עד חצות עוגיות סנדוויץ במילוי שוקולד חלב,שטראוס גרופ,FR,ביסקויט עד חצות סנדו,גרמים,135.00,100 גרם,false,,9.90,0.0733,true,1,2219665
7290112336637,false,סוכריות מאסט Must ללא סוכר יוגורט תות ואוכניות,שטראוס גרופ,PL,סוכריות מאסט ללא סוכ,גרמים,80.00,100 גרם,false,,7.90,0.0988,true,1,2214166
7290112336644,false,סוכריות מאסט ללא סוכר לימון 80 ג' עלית,שטראוס גרופ,PL,סוכריות מאסט ללא סוכ,גרמים,80.00,100 גרם,false,,7.90,0.0988,true,1,2214167
7290112336651,false,סוכריות מאסט ללא סוכר ריבת חלב 80 ג' עלית,שטראוס גרופ,PL,סוכריות מאסט ללא סוכ,גרמים,80.00,100 גרם,false,,7.90,0.0988,true,1,2214168
7290112336712,false,יוגורט PRO לבן 0% 21 גרם חלבון בגביע,"שטראוס בריאות בע""מ",IL,דנונה פרו 21 גרם חלב,גרמים,200.00,100 גרם,false,,5.90,0.0295,true,1,2118969
7290112337474,false,סוכריות מאסט ללא סוכר פטל לימון 80 ג' עלית,שטראוס גרופ,PL,סוכריות מאסט ללא סוכ,גרמים,80.00,100 גרם,false,,7.90,0.0988,true,1,2214169
7290112337481,false,סוכריות מאסט ללא סוכר קפצ''ינו 80 ג' עלית,שטראוס גרופ,PL,סוכריות מאסט ללא סוכ,גרמים,80.00,100 גרם,false,,7.90,0.0988,true,1,2214170
7290112338877,false,מעדן גבינה בטעם תות 3% 125ג' סקי,"שטראוס בריאות בע""מ",IL,סקי תות 3% 125 גרם,גרמים,125.00,100 גרם,false,,3.70,0.0296,true,1,2072197
7290112339171,false,מילקי מוס עם שוקולד וקצפת,מיוצר עי קונדיטוריית,IL,מילקי מוס,גרמים,81.00,100 גרם,false,,3.20,0.0395,true,1,2072199
7290112339867,false,גמדים לדרך גבינה לבנה עם מחית תות,שטראוס,IL,גמדים סקוויז לדרך בו,גרמים,100.00,100 גרם,false,,5.50,0.0550,true,1,2119155
7290112339874,false,גמדים לדרך גבינה לבנה עם מחיות תות ובננה,שטראוס,IL,גמדים סקוויז לדרך בו,גרמים,100.00,100 גרם,false,,5.50,0.0550,true,1,2119154
7290112340122,false,פריכיות טעימות 3 דגנים אנרגי 135 גר,אנרג'י Energy - שטראוס,IL,הפירכיות הטעימות 3 ד,גרמים,135.00,100 גרם,false,,11.90,0.0881,true,1,2185806
7290112340245,false,צנצנת מסטיק מאסט בטעם דובדבן 66 ג' עלית,"שטראוס גרופ בע""מ",IL,קופסאת מסטיק מאסט בט,גרמים,66.00,100 גרם,false,,8.90,0.1348,true,1,2138248
7290112340276,false,פינוקיות עוגיות קרם קפה 200 גרם,הגביע מוצרי ופלים בע,IL,עוגיית קרם קפה נמס,גרמים,200.00,100 גרם,false,,9.90,0.0495,true,1,2199985
7290112340900,false,קפה טורקי האג נטול קפאין 200 גרם,הנסיך- מפעל לייצור ט,IL,קפה טורקי האג 200 גר,גרמים,200.00,100 גרם,false,,25.90,0.1295,true,1,2257231
7290112341556,false,אקטיביה עם צ'יה ותות 150 ג' דנונה,דנונה - שטראוס,IL,יוגורט אקטיביה עם צ',גרמים,150.00,100 גרם,false,,4.50,0.0300,true,1,2214408
7290112341679,false,דנונה אקטיביה 3% שומן 200 גרם,מיוצר עי קונדיטוריית,IL,אקטיבייה 3% 200 גרם,גרמים,200.00,100 גרם,false,,3.90,0.0195,true,1,2214409
7290112341686,false,מארז אקטיביה שמיניה 3% 150 גר*8,מיוצר עי קונדיטוריית,IL,מארז 8 יח' אקטיביה 3,גרמים,1200.00,100 גרם,false,,18.90,0.0157,true,1,2214427
7290112342102,false,סימפוניה גבינה במרקם שמנת בצל מקורמל 5%,"שטראוס בריאות בע""מ",IL,סימפוניה בצל מקורמל,גרמים,200.00,100 גרם,false,,10.90,0.0545,true,1,2224063
7290112342270,false,קפה פלטינום אינטנס מחוזק ב- 10% אספרסו,שטראוס קפה בי.וי,IL,קפה פלטינום אינטנס 1,גרמים,125.00,100 גרם,false,,19.90,0.1592,true,1,2212749
7290112342508,false,דוריטוס ציזי טוויסט 70 גר,שטראוס פריטו ליי (מל,IL,דוריטוס 70 גרם קול ר,גרמים,70.00,100 גרם,false,,3.50,0.0500,true,1,2219189
7290112343260,false,"יטבתה רוטב שמנת קלאסי 9% שומן 260 מ""ל",שטראוס גרופ,IL,רוטב שמנת קלאסי 9% ש,גרמים,260.00,100 גרם,false,,9.90,0.0381,true,1,2219531
7290112343420,false,"משקה חלב עם דגנים מלאים ובננה פרו יטבתה 350מ""ל",מחלבת יטבתה,IL,משקה יוטבתה פרו ארוח,מיליליטרים,350.00,"100 מ""ל",false,,6.90,0.0197,true,1,2219534
7290112343499,false,חטיף צ'יטוס פאפס אפוי בטעם גבינה,"שטראוס פריטו ליי בע""",IL,צ'יטוס פאפס 55 גרם,גרמים,55.00,100 גרם,false,,3.50,0.0636,true,1,2321979
7290112343512,false,ציטוס 160 גרם 9 יחידות puffs,"שטראוס פריטו ליי בע""",IL,ציטוס פאפס 160 גרם,גרמים,160.00,100 גרם,false,,7.90,0.0494,true,1,2321980
7290112344724,false,מעדן בטעם שוקולד בלונדי 170 ג' מילקי,מיוצר עי קונדיטוריית,IL,מילקי בטעם שוקולד בל,גרמים,133.00,100 גרם,false,,3.20,0.0241,true,1,2219581
7290112344755,false,מילקי שוקולד 26% פחות סוכר 135 גרם,מיוצר עי קונדיטוריית,IL,מעדן מילקי 26% פחות,גרמים,135.00,100 גרם,false,,2.80,0.0207,true,1,2272127
7290112344786,false,קפה פלטינום קלאסיק 200 ג' עלית,הנסיך- מפעל לייצור ט,IL,קפה פלטינום קלאסיק,גרמים,200.00,100 גרם,false,,29.90,0.1495,true,1,2236026
7290112344953,false,סימפוניה חציל קלוי גבינה במקרם שמנת 5%,"שטראוס בריאות בע""מ",IL,סימפוניה חציל קלוי 5,גרמים,200.00,100 גרם,false,,10.90,0.0545,true,1,2284676
7290112346360,false,בפלות אחת אחת ופל בטעם שוקולד מצופה שוקולד,טוטיז-בינגו סיאי,GR,בפלות אחת אחת בציפוי,גרמים,180.00,100 גרם,false,,12.90,0.0717,true,1,2222963
7290112346537,false,עוגיות פינוקיות בטעם טורטית 200 ג' עלית,הגביע מוצרי ופלים בע,IL,פינוקיות בטעם טורטית,גרמים,200.00,100 גרם,false,,9.90,0.0495,true,1,2219670
7290112346629,false,דנונה בר יוגורט+קורנפלקס מצופה שוקולד חלב ולבן 172 גרם,דנונה - שטראוס,IL,יוגורט בר עם קורנפלק,גרמים,172.00,100 גרם,false,,4.50,0.0262,true,1,2245774
7290112346797,false,יוגורט אקטיביה שיבולת שועל ושזיף 150 גרם,מיוצר עי קונדיטוריית,IL,יוגורט אקטיביה שיבול,גרמים,150.00,100 גרם,false,,4.50,0.0300,true,1,2237279
7290112347008,false,גמדים לדרך גבינה לבנה עם מחית תות ושיבולת שועל,מיוצר עי קונדיטוריית,IL,גמדים ארוחת בוקר תות,גרמים,100.00,100 גרם,false,,5.50,0.0550,true,1,2219561
7290112348142,false,שעועית לבנה 380 גר' בקופסה טעם הטבע,שטראוס טעם הטבע,IT,שעועית לבנה טעם הטבע,גרמים,380.00,100 גרם,false,,6.90,0.0182,true,1,2239572
7290112348586,false,עלית - קפה נמס מילקשייק אייס קלאסי 200 גרם (2),שטראוס קפה בי.וי,IL,אייס קפה עלית קלאסי,גרמים,200.00,100 גרם,false,,14.90,0.0745,true,1,2239559
7290112348616,false,עלית - קפה נמס אגוזי לוז 100 גרם,,IL,קפה נמס אגוזי לוז,גרמים,100.00,100 גרם,false,,14.90,0.1490,true,1,2264981
7290112348999,false,פריכיות טעימות תירס דקות 135 גרם,פרח תעשיות,IL,הפירכיות הטעימות תי,גרמים,135.00,100 גרם,false,,11.90,0.0881,true,1,2271852
7290112349606,false,מעדן גבינה ויוגורט תות בננה 88 ג' דניאלה,"שטראוס בריאות בע""מ",IL,מעדן דניאלה תות בננ,גרמים,88.00,100 גרם,false,,3.90,0.0443,true,1,2330397
7290112349699,false,פסאטה מחית עגבניות חלקה 350 גר' יד מרדכי,אמיליאנה קונסרב סוסי,IT,פסאטה מחית עגבניות ח,גרמים,350.00,100 גרם,false,,6.90,0.0197,true,1,2222965
7290112349705,false,פומודורו רוטב עגבניות קלאסי לפסטה 350 גר' יד מרדכי,אמיליאנה קונסרב סוסי,IT,רוטב עגבניות קלאסי ל,גרמים,350.00,100 גרם,false,,11.90,0.0340,true,1,2222966
7290112349736,false,בזיליקום רוטב עגבניות לפסטה 350 גר' יד מרדכי,אמיליאנה קונסרב סוסי,IT,רוטב עגבניות בזילקום,גרמים,350.00,100 גרם,false,,11.90,0.0340,true,1,2222967
7290112349743,false,ארביאטה רוטב עגבניות פיקנטי לפסטה 350 ג' יד מרדכי,אמיליאנה קונסרב ס.פ.,IT,רוטב עגבניות פיקנטי,גרמים,350.00,100 גרם,false,,11.90,0.0340,true,1,2222968
7290112349750,false,פיצה רוטב עגבניות לפיצה 350 גר' יד מרדכי,אמיליאנה קונסרב ס.פ.,IT,רוטב עגבניות לפיצה 3,גרמים,350.00,100 גרם,false,,11.90,0.0340,true,1,2222969
7290112349897,false,מסטיק מאסט Must קוביות בטעם מנטה ללא סוכר,רוג'ר אנד רוג'ר,DE,מסטיק קוביות מנטה,גרמים,86.00,100 גרם,false,,12.90,0.1500,true,1,2236032
7290112349903,false,רוטב שמנת עם גרגירי וניל 9% שומן 260 ג' יטבתה,מחלבת יטבתה,IL,רוטב שמנת עם גרגירי,גרמים,260.00,100 גרם,false,,9.90,0.0381,true,1,2348569
7290112350275,false,קפסולות לונגו למכונות נספרסו 55 גר,שטראוס קפה בי.וי,IL,קפסולות LUNGO למכונו,גרמים,55.00,100 גרם,false,,16.50,0.3000,true,1,2228420
7290112350312,false,קפסולות 15 קפה יותר למכונות נספרסו עלית 10יח',הנסיך- מפעל לייצור ט,IL,קפסולות 15 למכונת נס,גרמים,50.00,100 גרם,false,,16.50,0.3300,true,1,2259715
7290112350589,false,ציקו אבקה להכנת משקה ציקוריה 65 גר,שטראוס קפה בי.וי,IL,אבקה להכנת משקה ציקו,גרמים,65.00,100 גרם,false,,10.90,0.1677,true,1,2248724
7290112351067,false,סילאן טבעי 100% תמר מג'הול ללא תוספת סוכר,יד מרדכי,IL,סילאן לחיץ 630 גרם,גרמים,630.00,100 גרם,false,,22.90,0.0363,true,1,2236033
7290112351104,false,שוקולד פרה ממולא פיצפוצי אורז 100 ג' עלית,שטראוס,IL,שוקולד פרה פיצפוצי א,גרמים,100.00,100 גרם,false,,5.90,0.0590,true,1,2239561
7290112351128,false,שוקולד פרה סוכריות קופצות 100 ג' עלית,"שטראוס גרופ בע""מ",IL,שוקולד פרה סוכריות ק,גרמים,90.00,100 גרם,false,,5.90,0.0656,true,1,2248708
7290112351258,false,עוגיית קקאו פינוקיות שחור לבן 200 גר,הגביע מוצרי ופלים,IL,פינוקיות שחור לבן,גרמים,200.00,100 גרם,false,,9.90,0.0495,true,1,2257232
7290112351463,false,שלישיית סוכריות מאסט FRESH פטל לימון 45 ג' עלית,עלית,,שלישיית סוכריות פרש,גרמים,45.00,100 גרם,false,,7.90,0.1756,true,1,2245295
7290112351470,false,סוכריות ללא סוכר בטעם תות רימון מאסט פרש,עלית,,שלישיית סוכריות פרש,גרמים,45.00,100 גרם,false,,7.90,0.1756,true,1,2245296
7290112354174,false,פסטה רוזה דלישס 280 גרם,"טרופיקל דגיל בע""מ אז",IT,פסטה רוזה,גרמים,280.00,100 גרם,false,,21.90,0.0782,true,1,2328690
7290112354204,false,ספגטי עגבניות דלישס 280 גרם,גסטרונומיה פרוסט אס.,IT,ספגטי עגבניות 280 גר,גרמים,280.00,100 גרם,false,,21.90,0.0782,true,1,2328693
7290112354228,false,פיצה מרגריטה זיתים דלישס 400 גרם,סקרלינפיצה אס.אר.אל,IT,פיצה מרגריטה עם זיתי,גרמים,280.00,100 גרם,false,,25.90,0.0925,true,1,2328695
7290112354235,false,ברקטה פיצה - 2 יחידות במארז,סקרלינפיצה אס.אר.אל,IT,ברקטה פיצה,גרמים,300.00,100 גרם,false,,25.90,0.0863,true,1,2328696
7290112354945,false,חטיף תפוצ'יפס WAVY בטעם טבעי,שטראוס פריטו ליי בע”,IL,תפוצ'יפס 50 גרם טבעי,גרמים,50.00,100 גרם,false,,3.90,0.0780,true,1,2375719
7290112354952,false,חטיף תפוצ'יפס WAVY בטעם פפריקה,שטראוס פריטו ליי בע”,IL,תפוצ'יפס 50 גרם פפרי,גרמים,50.00,100 גרם,false,,3.90,0.0780,true,1,2375725
7290112354969,false,"תפוציפס WAVY טבעי , 200 גרם",שטראוס פריטו ליי בע”,IL,תפוצ'יפס 200 גרם טבע,גרמים,200.00,100 גרם,false,,9.90,0.0495,true,1,2375726
7290112355027,false,דנונה פרו 20 גרם חלבון קרמל מלוח 200 גרם,"שטראוס בריאות בע""מ",IL,דנונה פרו 20 גרם חלב,גרמים,200.00,100 גרם,false,,5.90,0.0295,true,1,2272132
7290112355102,false,גמדים סקוויז 100 גרם פאוץ סלט פירות 100 גרם,"שטראוס בריאות בע""מ",IL,גמדים פאוץ' סלט פירו,גרמים,100.00,100 גרם,false,,5.50,0.0550,true,1,2274126
7290112355263,false,רוטב שמנת עם שוקולד 9% שומן 260 ג' יטבתה,מחלבת יטבתה,IL,רוטב שמנת עם שוקולד,גרמים,265.00,100 גרם,false,,9.90,0.0374,true,1,2348578
7290112355386,false,יטבתה רוטב שמנת בטעם קרמל מלוח יטבתה 260 גרם,מחלבת יטבתה,IL,רוטב שמנת בטעם קרמל,גרמים,260.00,100 גרם,false,,9.90,0.0381,true,1,2348570
7290112355812,false,מילקי טופ קורנפלקס 141 ג' שטראוס,"שטראוס גרופ בע""מ",IL,מעדן מילקי טופ קורנפ,גרמים,141.00,100 גרם,false,,4.30,0.0305,true,1,2354149
7290112356536,false,אבקת קקאו 150 גר 10% תוספת עלית,הנסיך- מפעל לייצור ט,IL,שקית קקאו עלית 150 +,גרמים,165.00,100 גרם,false,,9.90,0.0600,true,1,2248726
7290112357045,false,עגבניות איטלקיות מרוסקות 390 גר' בקופסה טעם הטבע,שטראוס טעם הטבע,IT,עגבניות איטלקיות מרו,גרמים,390.00,100 גרם,false,,6.90,0.0177,true,1,2239573
7290112357069,false,מחית עגבניות איטלקיות בקופסה 500 גר' טעם הטבע,שטראוס טעם הטבע,IT,מחית עגבניות איטלקית,גרמים,500.00,100 גרם,false,,7.90,0.0158,true,1,2239574
7290112357076,false,קוביות עגבניות איטלקיות 390 גר' בקופסה טעם הטבע,קונסרב איטליה,IT,עגבניות איטלקיות קוב,גרמים,390.00,100 גרם,false,,6.90,0.0177,true,1,2259703
7290112357083,false,טעם הטבע אפונה ירוקה 380 גרם קופסה,הדקלאים אגודת שיתופי,IT,אפונת גינה טעם הטבע,גרמים,380.00,100 גרם,false,,6.90,0.0182,true,1,2239586
7290112357113,false,גרגרי חומוס בקופסה 380 גר' טעם הטבע,שטראוס טעם הטבע,IT,גרגרי חומוס טעם הטבע,גרמים,380.00,100 גרם,false,,6.90,0.0182,true,1,2239562
7290112357175,false,קפסולות בוסט למכונות נספרסו 50 גר,שטראוס קפה בי.וי,IL,קפסולות BOOST למכונו,גרמים,50.00,100 גרם,false,,16.50,0.3300,true,1,2228421
7290112357892,false,סוכריות FRESH מנטה שלישיה 3*15 גר',הליקון גידה,TR,שלישיית סוכריות פרש,גרמים,45.00,100 גרם,false,,7.90,0.1756,true,1,2245299
7290112358004,false,חטיף פסק זמן קראנץ 32 גרם,שולן צ'יקולטה גידה ס,IL,חטיף פסק זמן קראנץ,גרמים,32.00,100 גרם,false,,4.90,0.1531,true,1,2271626
7290112358127,false,דנונה פרו חלבון+מגנזיום- וניל ועוגיות 200 גרם,מיוצר עי קונדיטוריית,IL,דנונה פרו 20 גרם עם,גרמים,200.00,100 גרם,false,,5.90,0.0295,true,1,2269071
7290112358219,false,יד מרדכי רוטב צ'ילי מתוק 300 גרם,אף.סי תבליני בגליל ב,IL,רוטב צ'ילי מתוק 320,גרמים,300.00,100 גרם,false,,12.90,0.0430,true,1,2248733
7290112358233,false,יד מרדכי רוטב צילי חריף 300גרם,"בית אל מזון בע""מ",IL,רוטב צ'ילי חריף 300,גרמים,300.00,100 גרם,false,,12.90,0.0430,true,1,2257234
7290112358431,false,עד חצות דאבל ביסקוויט עם שוקולד חלב -8 אריזות אישיות,הדקלאים אגודת שיתופי,IL,ביסקויט עד חצות דאבל,גרמים,200.00,100 גרם,false,,12.90,0.0645,true,1,2294736
7290112358554,false,מארז קפה נמס מנות אישיות לדרך 50.4 גר,שטראוס רומניה,RO,מארז נמס לדרך,גרמים,50.40,100 גרם,false,,11.90,0.2361,true,1,2259716
7290112359353,false,קפה טורקי קלוי וטחון אלדין,שטראוס,IL,קפה אלדין 200 גרם,גרמים,200.00,100 גרם,false,,18.90,0.0945,true,1,2328752
7290112359384,false,עלית - קפה נמס אלפחורס ריבת חלב 100 גרם,שטראוס,IL,קפה נמס אלפחורס ריבת,גרמים,100.00,100 גרם,false,,14.90,0.1490,true,1,2264994
7290112490032,false,"נמס בכוס תירס קנור בד""ץ, זוגי 22.5X2 גרם,",יוניליוור,IL,נמס בכוס תירס זוגות,גרמים,45.00,100 גרם,false,,6.50,0.1444,true,1,1962582
7290112490117,false,טבלת קליק XL אגוז וופל 85 ג' ורד הגליל!,יוניליוור ישראל מזון,IL,טבלאות קליק ווופל אג,גרמים,85.00,100 גרם,false,,4.90,0.0576,true,1,1882115
7290112490209,false,נמס בכוס מרק עגבניות עם קרוטונים רכיבים טבעיים,אתר חיפה אבקות - Foo,IL,נמס בכוס זוג עגבניות,גרמים,56.00,100 גרם,false,,6.50,0.1161,true,1,1950593
7290112490216,false,נמס בכוס מרק עוף עם קרוטונים רכיבים טבעיים,אתר חיפה אבקות - Foo,IL,נמס בכוס זוג עוף עם,גרמים,48.00,100 גרם,false,,6.50,0.1354,true,1,1950600
7290112490230,false,קנור מרק נמס בכוס אפונה רכיבים טבעיים,אתר חיפה אבקות - Foo,IL,נמס בכוס אפונה 100%ר,גרמים,50.00,100 גרם,false,,6.50,0.1300,true,1,1950601
7290112490599,false,חרדל צרפתי עם גרגרים שלמים 350ג',הלמנס hellmann's,FR,חרדל הלמנס עם גרגרים,גרמים,350.00,100 גרם,false,,12.90,0.0369,true,1,1963388
7290112490650,false,קונפיטורה תות שדה 340 גרם-צנצנת,קונפיטורות לה-ארדניי,IL,קונפיטורת תות שדה 77,גרמים,340.00,100 גרם,false,,12.90,0.0379,true,1,1942093
7290112490667,false,קונפיטורה משמש 340 גרם-צנצנת,אתר חיפה 778 - Food,IL,קונפיטורת משמש 778 3,גרמים,340.00,100 גרם,false,,12.90,0.0379,true,1,1942094
7290112490674,false,קונפיטורה דובדבן 340 גרם-צנצנת,אתר חיפה 778 - Food,IL,קונפיטורת דובדבן 778,גרמים,340.00,100 גרם,false,,12.90,0.0379,true,1,1942084
7290112490698,false,קונפיטורה תות שדה לייט 300 גרם-צנצנת,אתר חיפה 778 - Food,IL,קונפיטורת תות שדה 77,גרמים,260.00,100 גרם,false,,15.90,0.0612,true,1,1942096
7290112490735,false,מרק עשיר עגבניות פסטה ר.טבעי קנור 105ג',יוניליוור,IL,מרק עשיר ר.טיבעיים ע,גרמים,80.00,100 גרם,false,,9.90,0.1238,true,1,2012692
7290112490742,false,מרק עשיר פטריות עם גריסים רכיבים טבעיים 104 ג' קנור,יוניליוור,IL,מרק עשיר ר.טיבעיים ג,גרמים,80.00,100 גרם,false,,9.90,0.1238,true,1,2012693
7290112490759,false,מרק עשיר עוף עם אטריות רכיבים טבעיים 74 ג' קנור,יוניליוור,IL,מרק עשיר ר.טיבעיים א,גרמים,80.00,100 גרם,false,,9.90,0.1238,true,1,2012694
7290112490827,false,תרסיס ריחני למייבש הכביסה בדין בייבי 500,"זוהר דליה, קיבוץ דלי",IL,בדין תרסיס למייבש 50,מיליליטרים,500.00,"100 מ""ל",false,,16.90,0.0338,true,1,1962585
7290112490896,false,"קנור רוטב צ'ילי חריף 370 מ""ל PAL",יוניליוור,IL,רוטב צ'ילי חריף 370,מיליליטרים,370.00,"100 מ""ל",false,,12.90,0.0349,true,1,2027670
7290112491695,false,קונפיטורה משמש לייט 260 גרם-צנצנת,778,IL,קונפיטורת מישמש 778,גרמים,260.00,100 גרם,false,,15.90,0.0612,true,1,2242726
7290112491701,false,ברנפלקס בטעם וניל מעודן 20% חלבון Extra Protein,יוניליוור ישראל מזון,IL,ברנפלקס אקסטרה פרוטא,גרמים,375.00,100 גרם,false,,22.90,0.0611,true,1,2048374
7290112491770,false,בייגלה דקים דקים מלח ב.בייגל 300 גר',בייגל את בייגל מזון,IL,בייגלה דקים דקים 300,גרמים,300.00,100 גרם,false,,9.90,0.0330,true,1,2041339
7290112491794,false,בייגלה דקים דקים בטעם שמנת בצל 300 גרם,בייגל בייגל BB,IL,בייגלה דקים דקים 300,גרמים,300.00,100 גרם,false,,9.90,0.0330,true,1,2041346
7290112492449,false,"פינוק - שמפו לשיער רגיל 700 מ""ל",יוניליוור ישראל טיפו,IL,שמפו פינוק רגיל,מיליליטרים,700.00,"100 מ""ל",false,,11.90,0.0170,true,1,2238706
7290112492456,false,"שמפו פינוק לשיער יבש/פגום 700 מ""ל",יוניליוור ישראל טיפו,IL,שמפו פינוק יבש,מיליליטרים,700.00,"100 מ""ל",false,,11.90,0.0170,true,1,2238596
7290112492470,false,פינוק 2ב-1 שמפו ומרכך לשיער יבש ופגום,אתר ליוור - HPC,IL,שמפו פינוק 2 ב-1 יבש,מיליליטרים,700.00,"100 מ""ל",false,,11.90,0.0170,true,1,2272796
7290112492487,false,פינוק שמפו לשיער עם שמן מרוקאי 700 מל,יוניליוור ישראל טיפו,IL,שמפו פינוק שמן מרוקא,מיליליטרים,700.00,"100 מ""ל",false,,11.90,0.0170,true,1,2238602
7290112492500,false,פינוק שמפו לשיער עם שמן קוקוס 700 מל,"יוניליור ישראל, טיפו",IL,שמפו פינוק שמן קוקוס,מיליליטרים,700.00,"100 מ""ל",false,,11.90,0.0170,true,1,2238708
7290112492531,false,"פינוק מרכך לשיער רגיל 700 מ""ל",אתר ליוור - HPC,IL,מרכך פינוק רגיל,מיליליטרים,700.00,"100 מ""ל",false,,11.90,0.0170,true,1,2219624
7290112492548,false,"מרכך פינוק עם שמן חוחובה 700 מ""ל",אתר ליוור - HPC,IL,מרכך פינוק יבש,מיליליטרים,700.00,"100 מ""ל",false,,11.90,0.0170,true,1,2219625
7290112492579,false,פינוק מרכך בתוספת שמן קוקוס 700 מל,אתר ליוור - HPC,IL,מרכך פינוק שמן קוקוס,מיליליטרים,700.00,"100 מ""ל",false,,11.90,0.0170,true,1,2219628
7290112492609,false,"תחליב רחצה פינוק 700 מ""ל לבנדר ווניל",אתר ליוור - HPC,IL,תחליב רחצה פינוק לבנ,מיליליטרים,700.00,"100 מ""ל",false,,10.90,0.0156,true,1,2219630
7290112492630,false,"שמפו וג'ל רחצה וסבון פנים לגבר 700 מ""ל פינוק",אתר ליוור - HPC,IL,שמפו פינוק 3 ב-1 לגב,מיליליטרים,700.00,"100 מ""ל",false,,11.90,0.0170,true,1,2219633
7290112492647,false,"פינוק לגבר 3 ב1 שמפו ג'ל רחצה וסבון פנים 700 מ""ל",אתר ליוור - HPC,IL,שמפו פינוק 3 ב-1 לגב,מיליליטרים,700.00,"100 מ""ל",false,,11.90,0.0170,true,1,2219634
7290112492777,false,"פינוק שמפו ומרכך למניעת קשקשים 2ב-1 700 מ""ל",אתר ליוור - HPC,IL,שמפו ומרכך למניעת קש,מיליליטרים,700.00,"100 מ""ל",false,,14.90,0.0213,true,1,2212793
7290112492982,false,"אבקת מרק פטריות כשל""פ 100% רכיבים טבעיים 400 גרם",יוניליוור ישראל מזון,IL,מרק פיטריות 400 גר ר,גרמים,400.00,100 גרם,false,,24.90,0.0622,true,1,2219089
7290112492999,false,קנור מרק עוף אמיתי 400 גרם פרווה,יוניליוור ישראל מזון,IL,קנור מרק טעם עוף 400,גרמים,400.00,100 גרם,false,,14.90,0.0373,true,1,2218670
7290112493064,false,"רוטב שזיפים להקפצה, לבישול ולאפיה",אתר חיפה 778 - Food,IL,רוטב לבישול שזיפים ל,גרמים,320.00,100 גרם,false,,12.90,0.0403,true,1,2233703
7290112493088,false,נמס בכוס עדשים מרק רכיבים טבעיים קנור 54 ג',אתר חיפה אבקות - Foo,IL,נמס בכוס זוג עדשים 1,גרמים,54.00,100 גרם,false,,6.50,0.1204,true,1,2190138
7290112493095,false,נמס בכוס מרק עגבניות חריף רכיבים טבעיים קנור 48 ג',אתר חיפה אבקות - Foo,IL,נמס בכוס זוג עגבניות,גרמים,48.00,100 גרם,false,,6.50,0.1354,true,1,2190139
7290112493293,false,קנור - נמס ירקות וקרוטונים ר.טבעי 44 גרם,אתר חיפה אבקות - Foo,IL,נמס בכוס זוג ירקות 1,גרמים,44.00,100 גרם,false,,6.50,0.1477,true,1,2190140
7290112493316,false,מרק אפונה רכיבים טבעיים 117 ג' קנור,יוניליוור,IL,מרק אפונה 100% רכיבי,גרמים,117.00,100 גרם,false,,9.90,0.0846,true,1,2190141
7290112494153,false,תיבולית ניחוח צלי קנור 72 גרם,יוניליוור ישראל מזון,IL,תיבולית קנור צלי 72,גרמים,72.00,100 גרם,false,,9.90,0.1375,true,1,2215765
7290112494221,false,קליק - ביסקויט תפזורת 65 גרם,יוניליוור ישראל מזון,IL,קליק בסקוויט 65 גרם.,גרמים,65.00,100 גרם,false,,5.90,0.0908,true,1,2216264
7290112494283,false,קליק - מעורב חום לבן תפזורת 65 גרם,יוניליוור ישראל מזון,IL,קליק חום לבן 65 גרם.,גרמים,65.00,100 גרם,false,,5.90,0.0908,true,1,2216268
7290112494382,false,פירה בטעם ביתי 260 גרם-קופסא,יוניליוור ישראל מזון,IL,קנור פירה בטעם ביתי,גרמים,260.00,100 גרם,false,,12.90,0.0496,true,1,2215484
7290112494795,false,"ג'ל לכביסה לבנה וצבעונית בניחוח בדין כחול 2.5 ק""ג","זוהר דליה, קיבוץ דלי",IL,ג'ל כביסה לבנה וצבעו,ליטרים,2.50,ליטר,false,,32.90,13.1600,true,1,2224230
7290112494801,false,ג'ל לכביסה לבנה וצבעונית ורוד 2.5 ל' בדין,אתר ליוור - HPC,IL,ג'ל כביסה לבנה וצבעו,ליטרים,2.50,ליטר,false,,32.90,13.1600,true,1,2224231
7290112494825,false,תרחיץ פנים לעור רגיש מכיל 25% קרם לחות,אתר ליוור - HPC,IL,תרחיץ פנים דאב לעור,מיליליטרים,180.00,"100 מ""ל",false,,14.90,0.0828,true,1,2267449
7290112494832,false,תרחיץ פנים לכל סוגי העור מכיל 25% קרם לחות,אתר ליוור - HPC,IL,תרחיץ פנים דאב לעור,מיליליטרים,180.00,"100 מ""ל",false,,14.90,0.0828,true,1,2258719
7290112494993,false,דגני בוקר וניל 686ג' כריות,יוניליוור שפע ישראל,IL,כריות וניל 686 גרם.,גרמים,686.00,100 גרם,false,,24.90,0.0363,true,1,2216255
7290112495006,false,כריות נוגט 686 גרם - קופסא,יוניליוור שפע ישראל,IL,"כריות נוגט בד""צ 686",גרמים,686.00,100 גרם,false,,24.90,0.0363,true,1,2216256
7290112495020,false,כריות צוקולדה 686 גרם קופסא,יוניליוור שפע ישראל,IL,כריות צוקולדה 686 גר,גרמים,686.00,100 גרם,false,,24.90,0.0363,true,1,2216258
7290112495037,false,דגני בוקר בטעם שוקולד כדורים 375 ג' קוקומן,יוניליוור שפע ישראל,IL,קוקומן כדורים 375 בד,גרמים,375.00,100 גרם,false,,19.90,0.0531,true,1,2216271
7290112495044,false,קוקומן פצפוצים בטעם שוקולד,יוניליור שפע ישראל ב,IL,"קוקומן פצפוצים בד""צ",גרמים,375.00,100 גרם,false,,19.90,0.0531,true,1,2216272
7290112495105,false,נשנושים חטיף בטעם שמנת בצל,בייגל את בייגל מזון,IL,"נשנושים תפ""וא בצל 26",גרמים,260.00,100 גרם,false,,12.90,0.0496,true,1,2216273
7290112495174,false,נשנושים קוקטייל שומשום 300ג' ב.בייגל,בייגל את בייגל מזון,IL,נשנושים 300 גרם קוקט,גרמים,300.00,100 גרם,false,,12.90,0.0430,true,1,2216279
7290112495280,false,ריבועי ברנפלקס קינמון 400 גרם,אתר שפע - Food,IL,ריבועי ברנפלקס קינמו,גרמים,400.00,100 גרם,false,,22.90,0.0572,true,1,2228599
7290112495433,false,דגני דליפקאן תוספת אגוזי פקאן ושקדים 400 גר,יוניליור שפע ישראל ב,IL,קורנפלקס דליפקאן 400,גרמים,400.00,100 גרם,false,,19.90,0.0497,true,1,2208447
7290112495556,false,מארז שלישיית חטיפי קליק ממולא בנוגט,יוניליוור,IL,חטיף קליק ממולא נוגט,גרמים,105.00,100 גרם,false,,11.90,0.1133,true,1,2258563
7290112495662,false,קרקר חיטה מלאה ופשתן בייגל בייגל 300 גרם,"מיוצר ע""י קוד יצרן A",IL,קרקר חיטה מלאה עם פש,גרמים,300.00,100 גרם,false,,8.90,0.0297,true,1,2261956
7290112495686,false,קרקר שומשום בייגל בייגל 220 גרם,בייגל בייגל BB,IL,קרקר שומשום,גרמים,220.00,100 גרם,false,,8.90,0.0405,true,1,2261957
7290112495754,false,"רטבי הלמנס לסלט 300 מ""ל אלף האיים",יוניליוור ישראל מזון,IL,רוטב לסלט הלמנס אלף,גרמים,305.00,100 גרם,false,,12.90,0.0423,true,1,2230730
7290112495761,false,רוטב אלף האיים לייט חמץ הלמנס 305 ג',יוניליוור ישראל מזון,IL,רוטב לסלט הלמנס אלף,גרמים,305.00,100 גרם,false,,12.90,0.0423,true,1,2228600
7290112495785,false,רוטב לסלט שום הלמנס 300ג,יוניליוור ישראל מזון,IL,רוטב הלמנס שום,גרמים,300.00,100 גרם,false,,12.90,0.0430,true,1,2223644
7290112495792,false,הלמנס רוטב לסלט שום לייט 300 גר',יוניליוור ישראל מזון,IL,רוטב לסלט הלמנס שום,גרמים,300.00,100 גרם,false,,12.90,0.0430,true,1,2223645
7290112495808,false,"רטבי הלמנס לסלט 300 מ""ל חרדל ודבש",יוניליוור ישראל מזון,IL,רוטב לסלט הלמנס חרדל,גרמים,305.00,100 גרם,false,,12.90,0.0423,true,1,2230751
7290112495815,false,רוטב סלט חרדל דבש לייט הלמנס 305ג',יוניליוור ישראל מזון,IL,רוטב הלמנס חרדל דבש,גרמים,305.00,100 גרם,false,,12.90,0.0423,true,1,2233705
7290112495822,false,כריות BLAK שוקולד וניל 686 גר',יוניליוור שפע ישראל,IL,כריות בלאק 686 גרם.,גרמים,686.00,100 גרם,false,,24.90,0.0363,true,1,2219643
7290112495938,false,קרקר 6 דגנים בייגל בייגל 250 גרם,"מיוצר ע""י קוד יצרן A",IL,קרקר 6 דגנים,גרמים,250.00,100 גרם,false,,8.90,0.0356,true,1,2261959
7290112496027,false,סירופ שוקולד 580 גרם-בקבוק,יוניליוור ישראל מזון,IL,סירופ שוקולד 580 גרם,גרמים,580.00,100 גרם,false,,14.90,0.0257,true,1,2230935
7290112496034,false,סירופ מייפל אפיכל 580 גרם,יוניליוור ישראל מזון,IL,סירופ מייפל 580 גרם,גרמים,580.00,100 גרם,false,,14.90,0.0257,true,1,2230936
7290112496188,false,"אקס - בושם גוף טיקט לגבר אפולו 17 מ""ל","קוסטר אירוסול, גבזה,",TR,אקס בושם כיס אפולו,מיליליטרים,17.00,"100 מ""ל",false,,19.90,1.1706,true,1,2292269
7290112496195,false,"אקס - בושם גוף טיקט לגבר בלאק 17 מ""ל","קוסטר אירוסול, גבזה,",TR,אקס בושם כיס בלאק,מיליליטרים,17.00,"100 מ""ל",false,,19.90,1.1706,true,1,2292270
7290112496218,false,קנור רוטב טריאקי הפחתה של מעל 50% סוכר ונתרן 310 ג',אתר חיפה 778 - Food,IL,רוטב טריאקי קנור 340,גרמים,340.00,100 גרם,false,,12.90,0.0379,true,1,2236816
7290112496287,false,פתית - צ'יפס בטטה בטעם טבעי 21 גרם,JLM גלובל פודס37 דרך,GB,פתית צ'יפס בטטה בטעם,גרמים,22.00,100 גרם,false,,4.90,0.2227,true,1,2250613
7290112496294,false,חטיף פתית צ'יפס עם אפונה ירוקה צהובה וצ'ילי,JLM גלובל פודס37 דרך,GB,פתית צ'יפס אפונה בתו,גרמים,22.00,100 גרם,false,,4.90,0.2227,true,1,2250614
7290112496331,false,קורנפלקס בננה תלמה 448 גר'.,אתר שפע - Food,IL,קורנפלקס בננה 448 גר,גרמים,448.00,100 גרם,false,,19.90,0.0444,true,1,2291993
7290112496430,false,קנור נמס בכוס אקסטרה עגבניות+איטריות 37 גרם - רבנות,יוניליוור ישראל מזון,IL,מרק נמס בכוס אקסטרא,גרמים,37.00,100 גרם,false,,3.90,0.1054,true,1,2272789
7290112496447,false,נמס בכוס אקסטרה טעם עוף עם המון אטריות 27ג',יוניליוור ישראל מזון,IL,מרק נמס בכוס אקסטרא,גרמים,27.00,100 גרם,false,,3.90,0.1444,true,1,2272783
7290112496461,false,נמס בכוס אקסטרה מרק ירקות עם המון אטריות,יוניליוור ישראל מזון,IL,מרק ירקות עם המון אט,גרמים,32.00,100 גרם,false,,3.90,0.1219,true,1,2269773
7290112497000,false,פנטסטיק תרכיז ניקוי רב תכליתי בניחוח לימון,"זוהר דליה, קיבוץ דלי",IL,פנטסטיק 1 ליטר,ליטרים,1.00,ליטר,false,,12.90,12.9000,true,1,2236278
7290112497031,false,קנור רוטב עגבניות לקציצות 415 גרם,יוניליוור,IL,רוטב עגבניות לקציצות,גרמים,415.00,100 גרם,false,,12.90,0.0311,true,1,2291994
7290112497499,false,טבלה שוקולד לבן ועוגיות קליק 85 ג',יוניליוור,IL,טבלת XL קליק שוקולד,גרמים,85.00,100 גרם,false,,4.90,0.0576,true,1,2301441
7290112497710,false,פינוק בייבי שמפו אל דמע לתינוקות 700 מל,יוניליוור,IL,שמפו אל דמע בייבי פי,מיליליטרים,700.00,"100 מ""ל",false,,14.90,0.0213,true,1,2368515
7290112497727,false,פינוק בייבי אל סבון אל דמע לתינוקות 700,יוניליוור,IL,אל סבון בייבי פינוק,מיליליטרים,700.00,"100 מ""ל",false,,14.90,0.0213,true,1,2368522
7290112497864,false,אבקת מרק בטעם עוף רכיבים טבעיים 33% פחות נתרן 400 גרם,יוניליוור,IL,מרק בטעם עוף רכיבים,גרמים,400.00,100 גרם,false,,24.90,0.0622,true,1,2269775
7290112497932,false,נשנושים חטיף בטעם שמנת בצל באריזה אישית 60 ג',"דרך השוקולד 1, צפת 1",IL,נישנושים חטיף בטעם ש,גרמים,60.00,100 גרם,false,,3.90,0.0650,true,1,2269777
7290112497994,false,גרנולה פרוטאין בתוספת חלבון ואגוזים תלמה 300 ג',חטיפי העמק,IL,גרנולה פרוטאין בתוספ,גרמים,300.00,100 גרם,false,,15.90,0.0530,true,1,2284895
7290112498007,false,גרנולה פרוטאין בתוספת חלבון שקדים וחמוציות תלמה 300 ג',חטיפי העמק,IL,גרנולה פרוטאין בתוספ,גרמים,300.00,100 גרם,false,,15.90,0.0530,true,1,2293519
7290112498052,false,מאגדת פתית צ'יפס בטטה 21 גרם*4 יח',JLM גלובל פודס37 דרך,IL,מארז פתית צ'יפס בטטה,גרמים,84.00,100 גרם,false,,16.90,0.2012,true,1,2291995
7290112498069,false,#קוקומן ללא גלוטן כשלפ 375ג - חדש,"מולינו ניקולי S.p.A,",IL,קוקומן 375 גרם ללא ג,גרמים,375.00,100 גרם,false,,19.90,0.0531,true,1,2272790
7290112498267,false,פינוק אל סבון לידיים בניחוח פינוק קלאסי,קוסטר אירוסול ולף סנ,TR,סבון ידיים פינוק קלא,מיליליטרים,950.00,"100 מ""ל",false,,12.90,0.0136,true,1,2302508
7290112498274,false,פינוק אל סבון לידיים בניחוח לבנדר ווניל,יוניליוור ישראל טיפו,TR,סבון ידיים פינוק לבנ,מיליליטרים,950.00,"100 מ""ל",false,,12.90,0.0136,true,1,2302514
7290112498281,false,"אל סבון לידיים בתוספת שמן קוקוס פינוק 950 מ""ל",יוניליוור ישראל טיפו,TR,סבון ידיים פינוק שמן,מיליליטרים,950.00,"100 מ""ל",false,,12.90,0.0136,true,1,2302515
7290112498298,false,"אל סבון ליידים בתוספת שמן מרוקאי פינוק 950 מ""ל",קוסטר אירוסול ולף סנ,TR,סבון ידיים פינוק שמן,מיליליטרים,950.00,"100 מ""ל",false,,12.90,0.0136,true,1,2302516
7290112498441,false,רוטב אסייתי למוקפץ קנור 370 גרם,אתר חיפה 778 - Food,IL,רוטב אסייאתי למוקפץ,מיליליטרים,370.00,"100 מ""ל",false,,12.90,0.0349,true,1,2284907
7290112498526,false,פתית צ'יפס בטטה סגולה בטעם שמנת בצל 22 גרם,JLM גלובל פודס37 דרך,GB,פתית צ'יפס עם בטטה ס,גרמים,22.00,100 גרם,false,,4.90,0.2227,true,1,2299915
7290112498885,false,מאגדת גודי'ז תותים ושוקולד לבן 235ג',מנדלז סי.אר. פרודקשן,IL,מאגדת גודיז שלגון,גרמים,235.00,100 גרם,false,,24.90,0.1060,true,1,2276686
7290112499189,false,"גלידת קרמיסימו חד קרן וניל תות, 1.33 ליטר","גלידת שטראוס בע""מ, ר",IL,גלידה קרמיסימו 1.33,ליטרים,1.33,ליטר,false,,19.90,14.9624,true,1,2356787
7290112499196,false,גלידה בטעם החלב של הקורנפלקס 1.33 ל' קרמיסימו,"גלידת שטראוס בע""מ, ר",IL,גלידה קרמיסימו 1.33,ליטרים,1.33,ליטר,false,,19.90,14.9624,true,1,2356788
7290112499462,false,פינוק תחליב רחצה 700 בתוספת שמן קוקוס,יוניליוור ישראל טיפו,IL,תחליב רחצה פינוק שמן,מיליליטרים,700.00,"100 מ""ל",false,,10.90,0.0156,true,1,2291980
7290112499493,false,"רקסונה - דאודורנט ספריי לאישה אלוורה 150 מ""ל",יונילוור ארגנטינה -,RU,דאודורנט ספריי רקסונ,מיליליטרים,150.00,"100 מ""ל",false,,13.90,0.0927,true,1,2329626
7290112499516,false,"רקסונה דאודורנט ספריי לגבר 150 מ""ל V8",יוניליוור,RU,דאודורנט ספריי רקסונ,מיליליטרים,150.00,"100 מ""ל",false,,13.90,0.0927,true,1,2329627
7290112960542,false,בונזור לחם מחמצת קלמטה קנוי 12*480גר,בונז'ור,,לחם מחמצת זתי קלמטה,יחידה,0.00,יחידה,false,,16.90,0.0000,true,1,1988398
7290112960603,false,בונז'ור לחם מחמצת אגוזים צימוקים 480ג',בונז'ור,,לחם מחמצת אגוזים צימ,יחידה,0.00,יחידה,false,,16.90,0.0000,true,1,1988401
7290112961266,false,בייגלה כפיות פיזור איטלקי 300 ג' אסם,"אסם תעשיות בע""מ",IL,בייגלה שטוחים כפיות,גרמים,300.00,100 גרם,false,,10.90,0.0363,true,1,2134430
7290112961372,false,פיטנס חטיפי פריכיות דקות קינמון 60 גרם,"פרח תעשיות מזון בע""מ",IL,פירכיות דקות פיטנס ק,גרמים,60.00,100 גרם,false,,7.90,0.1317,true,1,2054213
7290112961440,false,פיטנס חטיפי פריכיות שוקולד מריר 84 גרם,פרח תעשיות,IL,פיטנס בר פריכיות שוק,גרמים,72.00,100 גרם,false,,11.90,0.1653,true,1,2242702
7290112962287,false,טבעול שווארמה טבעונית 6*450 גרם,מיוצר עי קונדיטוריית,IL,שוארמה טבעונית טבעול,גרמים,450.00,100 גרם,false,,29.90,0.0664,true,1,2223999
7290112962546,false,ארטיק לה פרוטה מלון תפוח מאגדת 443 גר',שוורצקוף& הנקל דיסלד,IL,מאגדת שלגוני לה פרוט,יח',5.00,יח',false,,22.90,4.5800,true,1,2072162
7290112962737,false,טבעול שניצל מן הצומח עם חלבון 664 גר',עיצובים 2020 (4.8),IL,טבעול שניצל מן הצומח,גרמים,664.00,100 גרם,false,,29.90,0.0450,true,1,2227892
7290112963321,false,גרטיפי בייגלה שטוח הכל ללא גלוטן 300 גר,מיוצר עי קונדיטוריית,IL,בייגלה שטוח ללא גלוט,גרמים,300.00,100 גרם,false,,14.90,0.0497,true,1,2239693
7290112963918,false,פיטנס חטיפי קרקר דק רוזמרין 140 גרם,נסטלה Nestle,IL,חטיפי קרקר דק רוזמרי,גרמים,140.00,100 גרם,false,,10.90,0.0779,true,1,2193950
7290112964052,false,פסטה וזוביוטו פרפקטו 500 ג' אסם,ניולט פוד ס.פ.א,IT,פסטה פרפקטו וזוביוטו,גרמים,500.00,100 גרם,false,,9.90,0.0198,true,1,2134411
7290112964410,false,רוטב אוסם אלף האיים לסלט 290 ג' אסם,"אסם תעשיות בע""מ",IL,רוטב אלף האיים לסלט,מיליליטרים,290.00,"100 מ""ל",false,,10.90,0.0376,true,1,2206773
7290112964434,false,"רוטב לסלט קיסר 295 מ""ל אסם","אסם תעשיות בע""מ",IL,רוטב לסלט קיסר 295 מ,מיליליטרים,295.00,"100 מ""ל",false,,10.90,0.0369,true,1,2193952
7290112964458,false,רוטב ויניגרט חדש לסלט 295 גרם אסם,"אסם תעשיות בע""מ",IL,רוטב וינגרט קלאסי 29,מיליליטרים,295.00,"100 מ""ל",false,,10.90,0.0369,true,1,2193953
7290112964472,false,"רוטב שום לסלט 290 מ""ל אסם","אסם תעשיות בע""מ",IL,"רוטב שום לסלט 290 מ""",מיליליטרים,290.00,"100 מ""ל",false,,10.90,0.0376,true,1,2193954
7290112964502,false,רוטב אלף האיים לסלט 600 ג' אסם,"אסם תעשיות בע""מ",IL,רוטב אלף האיים לסלט,מיליליטרים,600.00,"100 מ""ל",false,,16.90,0.0282,true,1,2206774
7290112964564,false,"רוטב אלף האיים לייט לסלט 290 מ""ל אסם","אסם תעשיות בע""מ",IL,רוטב אלף האיים לייט,מיליליטרים,295.00,"100 מ""ל",false,,10.90,0.0369,true,1,2216110
7290112964625,false,רוטב שום לייט לסלט 310 גרם אסם,"אסם תעשיות בע""מ",IL,רוטב שום לייט 5% שומ,מיליליטרים,310.00,"100 מ""ל",false,,10.90,0.0352,true,1,2193955
7290112964687,false,בונז'ור לחם מחמצת דגנים 12*480גר,בונז'ור,,לחם מחמצת דגנים (ברק,יחידה,0.00,יחידה,false,,16.90,0.0000,true,1,2134444
7290112964724,false,טבעול המבורגר טבעוני 580 גרם,מיוצר עי קונדיטוריית,IL,טבעול המבורגר טבעוני,גרמים,580.00,100 גרם,false,,29.90,0.0516,true,1,2206776
7290112965141,false,תבשיל פתיתים אפויים עם ירקות 130 גרם,"אסם תעשיות בע""מ",IL,תבשיל פתיתים אפויים,גרמים,117.00,100 גרם,false,,9.90,0.0846,true,1,2219710
7290112965165,false,מרק נמס בטעם פטריות זוג * 24 ג' אסם,"אסם תעשיות בע""מ",IL,זוג מרק נמס פטריות,גרמים,48.00,100 גרם,false,,5.50,0.1146,true,1,2206782
7290112965264,false,אוסם - מרק נמס אפונה זוג 26 גרם * 2,"אסם תעשיות בע""מ",IL,זוג מרק נמס אפונה רכ,גרמים,30.00,100 גרם,false,,5.50,0.1833,true,1,2206786
7290112965288,false,אוסם - מרק נמס ירקות זוג 28 גרם * 2,"אסם תעשיות בע""מ",IL,זוג מרק נמס ירקות,גרמים,30.00,100 גרם,false,,5.50,0.1833,true,1,2206787
7290112965325,false,תבשיל אורז ספרדי אוסם 140 גרם,"אסם תעשיות בע""מ",IL,תבשיל אורז ספרדי.,גרמים,128.00,100 גרם,false,,9.90,0.0773,true,1,2219712
7290112965585,false,פרפקטו פסטה קסרצה 500 גרם,אסם פרפקטו Perfecto,IT,פסטה פרפקטו קסרצה 50,גרמים,500.00,100 גרם,false,,6.90,0.0138,true,1,2206789
7290112965660,false,פיטנס - חטיף מולטיגריין מלח פלפל 25 גרם,מיוצר עי קונדיטוריית,IL,חטיף פיטנס מלח פלפל,גרמים,25.00,100 גרם,false,,4.90,0.1960,true,1,2267907
7290112965684,false,פיטנס - חטיף מולטיגריין עשבי תיבול 25 גרם,מיוצר עי קונדיטוריית,IL,חטיף פיטנס עשבי תיבו,גרמים,25.00,100 גרם,false,,4.90,0.1960,true,1,2267913
7290112965707,false,פיטנס - חטיף מולטיגריין צילי מעודן 25 גרם,"אסם השקעות בע""מ",IL,חטיף פיטנס צ'ילי מעו,גרמים,25.00,100 גרם,false,,4.90,0.1960,true,1,2267914
7290112965745,false,אוסם - ביסלי פריסטייל בצל מעושן 60 גרם,"אסם תעשיות בע""מ",IL,ביסלי פריסטייל בלצל,גרמים,60.00,100 גרם,false,,4.30,0.0717,true,1,2300330
7290112965783,false,אוסם - ביסלי פריסטייל על האש 60 גרם,"אסם תעשיות בע""מ",IL,ביסלי בטעם על האש,גרמים,60.00,100 גרם,false,,4.30,0.0717,true,1,2300331
7290112965806,false,אוסם - ביסלי פריסטייל חמוץ חריף 60 גרם,"אסם תעשיות בע""מ",IL,ביסלי פריסטייל חמוץ,גרמים,60.00,100 גרם,false,,4.30,0.0717,true,1,2300332
7290112965868,false,קרם קרקר במליחות מעודנת 250 גרם אסם,"אסם תעשיות בע""מ",IL,קרם קרקר במליחות מוע,גרמים,250.00,100 גרם,false,,9.90,0.0396,true,1,2219692
7290112965905,false,בייגלה שמיניות במליחות מעודנת אסם 400 גר',מיוצר עי קונדיטוריית,IL,בייגלה שמיניות במליח,גרמים,400.00,100 גרם,false,,9.90,0.0248,true,1,2215955
7290112965943,false,טבעול נאגטס ירקות ירוקים 6*500גרם,טבעול תעשיות מזון בע,IL,טבעול נאגטס ירקות יר,גרמים,500.00,100 גרם,false,,29.90,0.0598,true,1,2237327
7290112966001,false,"טבעול גורמה ארוחת ירוקים, 450 גרם",טבעול (מקבוצת אסם הש,IL,טבעול גורמה ארוחת יר,גרמים,450.00,100 גרם,false,,32.90,0.0731,true,1,2337151
7290112966124,false,ביסקוויט פתי בר מופחת סוכר 500 גרם,מיוצר עי קונדיטוריית,IL,פתיבר מופחת סוכר 500,גרמים,500.00,100 גרם,false,,11.90,0.0238,true,1,2219695
7290112966247,false,לחמית כוסמין 200 ג' אסם,"אסם תעשיות בע""מ",IL,לחמית כוסמין,גרמים,200.00,100 גרם,false,,9.90,0.0495,true,1,2242704
7290112966445,false,במבה מתוקה אריזה גדולה 100 ג' אסם,"אסם תעשיות בע""מ",IL,במבה מתוקה 100 גרם,גרמים,100.00,100 גרם,false,,8.90,0.0890,true,1,2207793
7290112966728,false,צבר טחינה בלאדי פלפלים חריפים 350 גרם,שוורצקוף& הנקל דיסלד,IL,טחינה בלאדי פלפלים ח,גרמים,350.00,100 גרם,false,,13.90,0.0397,true,1,2212844
7290112966780,false,צבר טחינה בלאדי עם חציל קלוי 350 גרם,שוורצקוף& הנקל דיסלד,IL,טחינה בלאדי עם חציל,גרמים,350.00,100 גרם,false,,13.90,0.0397,true,1,2212847
7290112966803,false,אסם פודינג אינסטנט שוקולד 88 גרם,"אסם תעשיות בע""מ",IL,אינסטנט פודינג בטעם,גרמים,88.00,100 גרם,false,,5.50,0.0625,true,1,2219606
7290112966841,false,אסם פודינג בטעם שוקולד מריר 90 גרם,מיוצר עי קונדיטוריית,IL,אינסטנט פודינג בטעם,גרמים,90.00,100 גרם,false,,5.50,0.0611,true,1,2219607
7290112967114,false,פיטנס חטיפי פריכיות קטניות ופלפל 60 גרם,"פרח תעשיות מזון בע""מ",IL,חטיפי פירכיות קטניות,גרמים,60.00,100 גרם,false,,7.90,0.1317,true,1,2242705
7290112967381,false,פיטנס חטיפי פריכיות קטניות ומלח ים 60 גר',"פרח תעשיות מזון בע""מ",IL,חטיפי פירכיות קטניות,גרמים,60.00,100 גרם,false,,7.90,0.1317,true,1,2242706
7290112967572,false,"אסם רוטב ברביקיו 290 מ""ל אסם",אסם,IL,"רוטב ברבקיו 335 מ""ל",מיליליטרים,335.00,"100 מ""ל",false,,10.90,0.0325,true,1,2219608
7290112967848,false,אסם גלי תות שדה מופחת סוכר 90 גרם,מיוצר עי קונדיטוריית,IL,ג'לי תות שדה מופחת ס,גרמים,68.00,100 גרם,false,,5.90,0.0868,true,1,2219609
7290112968203,false,צבר סלט טחינה בלאדי 6*250גרם,שוורצקוף& הנקל דיסלד,IL,סלט טחינה בלאדי 250,גרמים,250.00,100 גרם,false,,8.90,0.0356,true,1,2224025
7290112968449,false,סלט טחינה כרוב אדום 250 גרם,שוורצקוף& הנקל דיסלד,IL,סלט כרוב אדום 250 גר,גרמים,250.00,100 גרם,false,,8.90,0.0356,true,1,2224026
7290112968524,false,צבר סלט חומוס גרגירים רכים 6*250גרם,שוורצקוף& הנקל דיסלד,IL,סלט חומוס סמיר 250 ג,גרמים,250.00,100 גרם,false,,8.90,0.0356,true,1,2224028
7290112968807,false,פיטנס - קרקר דק סלק 140 גרם,מפעל אסם יקנעם,IL,חטיפי קרקר דק סלק פי,גרמים,140.00,100 גרם,false,,10.90,0.0779,true,1,2261692
7290112969002,false,אסם פודינג אינסטנט פיסטוק 80 גרם,מיוצר עי קונדיטוריית,IL,אינסטנט פודינג בטעם,גרמים,80.00,100 גרם,false,,5.50,0.0688,true,1,2242696
7290112969286,false,אסם בישולים רוטב חרדל ודבש 330 גרם,"אסם תעשיות בע""מ",IL,רוטב חרדל דבש,גרמים,330.00,100 גרם,false,,15.90,0.0482,true,1,2271439
7290112969903,false,טבעול נאגטס ירקות לבנים 6*500גרם,טבעול תעשיות מזון בע,IL,טבעול נאגטס ירקות לב,גרמים,500.00,100 גרם,false,,29.90,0.0598,true,1,2237332
7290113190375,false,סילאן טבעי שקדיה 900 גרם,ג.מ. טעם הארץ,TR,סילאן טבעי 900 גרם,גרמים,900.00,100 גרם,false,,29.90,0.0332,true,1,2343756
7290113191921,false,סירופ מלבי 750 גרם,"פוליבה בע""ם",IL,"סירופ מלבי 750 מ""ל",מיליליטרים,750.00,"100 מ""ל",false,,16.90,0.0225,true,1,2231161
7290113191938,false,"סירופ רוזטה בטעם שקדים 750 מ""ל","פוליבה בע""ם",IL,"סירופ רוזטה 750 מ""ל",מיליליטרים,750.00,"100 מ""ל",false,,16.90,0.0225,true,1,2231162
7290113192072,false,בוטנים מצופים בטעם צילי בקופסא,דין שיווק,IL,בוטנים מצופים בטעם צ,גרמים,100.00,100 גרם,false,,7.90,0.0790,true,1,2288319
7290113192089,false,בוטנים מצופים בטעם תירס בקופסא,דין שיווק,IL,בוטנים מצופים בטעם ת,גרמים,100.00,100 גרם,false,,7.90,0.0790,true,1,2288320
7290113192218,false,תערובת להכנת מלבי 500 גרם,"שקדיה גבע תעשיות בע""",IL,תערובת להכנת מלבי,גרמים,500.00,100 גרם,false,,14.90,0.0298,true,1,2231172
7290113192300,false,זיתים מושחרים חרוזית 275 גרם בית השיטה,בית השיטה,IL,זית חרוזית שחור,גרמים,275.00,100 גרם,false,,9.90,0.0360,true,1,2220356
7290113192317,false,טבעות זיתים מושחרים 280 גרם בית השיטה,בית השיטה,IL,טבעות זיתים,גרמים,280.00,100 גרם,false,,10.90,0.0389,true,1,2220357
7290113192324,false,בית השיטה זית ירוק א2 12*340גרם חדש,בית השיטה,IL,זית ירוק,גרמים,560.00,100 גרם,false,,7.90,0.0141,true,1,2220358
7290113192331,false,בית השיטה זית ירוק גדול א2 12*340ג חדש,בית השיטה,IL,זית ירוק גדול,גרמים,560.00,100 גרם,false,,9.90,0.0177,true,1,2220359
7290113192348,false,זיתים ירוקים שלמים גדולים מאוד בטעם שום,בית השיטה,IL,זיתים גודל 17-19 טעם,גרמים,560.00,100 גרם,false,,9.90,0.0177,true,1,2220360
7290113192355,false,חרוזית זיתים ירוקים ללא גלעין 275 ג' בית השיטה,בית השיטה,IL,זית חרוזית ירוק,גרמים,560.00,100 גרם,false,,9.90,0.0177,true,1,2220361
7290113192362,false,זיתים ירוקים טבעות A2 בית השיטה 280 גרם,בית השיטה,IL,טבעות זיתים,גרמים,560.00,100 גרם,false,,9.90,0.0177,true,1,2220413
7290113192379,false,בית השיטה זיתים ירוקים מבוקעים א2 340גר',בית השיטה,IL,זיתים מבוקעים,גרמים,560.00,100 גרם,false,,10.90,0.0195,true,1,2220414
7290113192386,false,זיתים סורי מבוקע A2 בית השיטה 340ג',בית השיטה,IL,זית סורי מבוקע,גרמים,560.00,100 גרם,false,,9.90,0.0177,true,1,2220415
7290113192393,false,קוקטייל זיתים A2 בית השיטה 336 גרם,בית השיטה,IL,קוקטייל זיתים,גרמים,560.00,100 גרם,false,,10.90,0.0195,true,1,2220416
7290113192478,false,בית השיטה מלפפונים במלח בינוני 10-12 320 גרם,בית השיטה,IL,מלפפון במלח 10-12,גרמים,560.00,100 גרם,false,,7.50,0.0134,true,1,2220428
7290113192485,false,בית השיטה מלפפונים בחומץ בינוני 10-12 290 גרם,בית השיטה,IL,מלפפון בחומץ 10-12,גרמים,560.00,100 גרם,false,,7.50,0.0134,true,1,2220429
7290113192492,false,בית השיטה מלפפונים בחומץ קטנים 1317 290 גרם,בית השיטה,IL,מלפפון בחומץ 13-17,גרמים,560.00,100 גרם,false,,9.90,0.0177,true,1,2220430
7290113192508,false,בית השיטה מלפפונים במלח קטן 1317 320 גרם,בית השיטה,IL,מלפפון במלח 13-17,גרמים,560.00,100 גרם,false,,9.90,0.0177,true,1,2220431
7290113192515,false,בית השיטה מלפפונים במלח קטן מאוד 1825 320 גרם,בית השיטה,IL,מלפפון במלח 18-25,גרמים,560.00,100 גרם,false,,10.90,0.0195,true,1,2220432
7290113192522,false,בית השיטה מלפפונים בחומץ קטן מאוד 1825 290 גרם,בית השיטה,IL,מלפפון בחומץ 18-25,גרמים,560.00,100 גרם,false,,10.90,0.0195,true,1,2220433
7290113192539,false,בית השיטה מלפפונים במלח גדול 79 320 גרם,בית השיטה,IL,מלפפון במלח 7-9,גרמים,560.00,100 גרם,false,,6.50,0.0116,true,1,2220434
7290113192546,false,בית השיטה מלפפונים בחומץ גדול 79 290 גרם,בית השיטה,IL,מלפפון בחומץ 7-9,גרמים,560.00,100 גרם,false,,6.50,0.0116,true,1,2220435
7290113192553,false,בית השיטה מלפפונים במלח 13-17 בלדי 320 גר',בית השיטה,IL,מלפפון בלאדי 13-17,גרמים,560.00,100 גרם,false,,9.90,0.0177,true,1,2220436
7290113192560,false,בית השיטה פלפל שיפקה חריף כבוש 230 גרם,בית השיטה,IL,פלפל חריף שפקה,גרמים,560.00,100 גרם,false,,6.90,0.0123,true,1,2245914
7290113192577,false,בית השיטה כרוב כבוש חתוך 430 גרם,בית השיטה,IL,כרוב כבוש,גרמים,560.00,100 גרם,false,,7.90,0.0141,true,1,2220437
7290113192881,false,"טורטיה חיטה מופחת קלוריות, קוטר 20 ס""מ - 6 יח'",דין שיווק,TR,טורטיה חיטה מופחתת ק,גרמים,270.00,100 גרם,false,,10.90,0.0404,true,1,2231164
7290113192997,false,זית מרוקאי 340 גרם בית השיטה,בית השיטה,IL,זית מרוקאי,גרמים,340.00,100 גרם,false,,11.90,0.0350,true,1,2235279
7290113193000,false,פלפל שיפקונית 230 גרם בית השיטה,שוורצקוף& הנקל דיסלד,IL,שיפקונית,גרמים,560.00,100 גרם,false,,10.90,0.0195,true,1,2235280
7290113193017,false,קוקטייל זיתים 275 גרם בית השיטה,"אסם תעשיות בע""מ",IL,זית חרוזית קוקטיל,גרמים,560.00,100 גרם,false,,11.90,0.0213,true,1,2236538
7290113193031,false,חרוזית קלמטה - זיתים שחורים ללא גלעין קלמטה,שוורצקוף& הנקל דיסלד,IL,בית השיטה חרוזית זיתים י,גרמים,560.00,100 גרם,false,,11.90,0.0213,true,1,2233877
7290113193321,false,"שמן זית כתית מעולה בית השיטה 750 מ""ל",בית השיטה,IL,שמן זית כתית מעולה,מיליליטרים,750.00,"100 מ""ל",false,,29.90,0.0399,true,1,2244141
7290113193369,false,בית השיטה תרסיס שמן קנולה מזוכך 150 מל,פוד אירוסולס ספיין,ES,תרסיס שמן קנולה מזוכ,מיליליטרים,150.00,"100 מ""ל",false,,16.90,0.1127,true,1,2275399
7290113193406,false,"קוקטייל טבעות זיתים - זיתים ירוקים, שחורים מרינד",בית השיטה,IL,קוקטיל טבעות זיתים,גרמים,560.00,100 גרם,false,,11.90,0.0213,true,1,2236539
7290113193888,false,חצילים מוחמצים 320 גרם בית השיטה,שוורצקוף& הנקל דיסלד,IL,חצילים מוחמצים,גרמים,560.00,100 גרם,false,,9.90,0.0177,true,1,2269040
7290113194090,false,בית השיטה טבעות זיתים קלמטה 280 גרם,בית השיטה,IL,טבעות זיתים קלמטה,גרמים,560.00,100 גרם,false,,10.90,0.0195,true,1,2260076
7290113194632,false,ממרח שקדים שקדיה 500,דין שיווק,IL,ממרח שקדים 500 גרם,גרמים,500.00,100 גרם,false,,49.90,0.0998,true,1,2257509
7290113195042,false,מלפפון חמוץ במלח כבישה ביתית בית השיטה 750 גר',שוורצקוף& הנקל דיסלד,IL,מלפפון במלח כבישה בי,גרמים,1500.00,100 גרם,false,,25.90,0.0173,true,1,2269041
7290113195066,false,חלבה טורקית בטעם וניל 400 גרם,,TR,חלבה טורקית בטעם וני,גרמים,400.00,100 גרם,false,,11.90,0.0298,true,1,2341517
7290113195073,false,חלבה טורקית עם פיסטו,,TR,חלבה טורקית עם פיסטו,גרמים,400.00,100 גרם,false,,13.90,0.0348,true,1,2341518
7290113195080,false,חלבה טורקית בטעם שוקו וניל 400 גרם,,TR,חלבה טורקית בטעם שוק,גרמים,400.00,100 גרם,false,,11.90,0.0298,true,1,2341519
7290113195271,false,ממרח פלפלים פיקנטיים 360 גרם,דין שיווק,MK,ממרח פלפלים פיקנטיים,גרמים,360.00,100 גרם,false,,9.90,0.0275,true,1,2288325
7290113195356,false,שמן קנולה מזוכך זית השיטה 1 ליטר,בית השיטה,IL,שמן קנולה מזוכך בית,ליטרים,1.00,ליטר,false,,14.90,14.9000,true,1,2305498
7290113195363,false,שמן חמניות מזוכך זית השיטה 1 ליטר,בית השיטה,IL,שמן חמניות מזוכך בית,ליטרים,1.00,ליטר,false,,13.90,13.9000,true,1,2305504
7290113195479,false,קמח שקדים 200 גרם - שקדיה,"שקדיה גבע תעשיות בע""",IL,קמח שקדים 200 גרם -,גרמים,200.00,100 גרם,false,,12.90,0.0645,true,1,2288333
7290113196414,false,"אורז בסמטי 1 ק""ג כחול מטאלי שקדיה",דאבה סינג שאם סינג,IN,"אורז בסמטי 1 ק""ג שקד",קילוגרמים,1.00,"ק""ג",false,,9.90,9.9000,true,1,2319420
7290113196490,false,פריכיות כוסמת בתוספת זרעי ציה שקדיה 150 ג',זנבר המכללה לטבעונות,IL,פריכיות כוסמת צ'יה 1,גרמים,150.00,100 גרם,false,,10.90,0.0727,true,1,2310036
7290113196506,false,פריכיות כוסמת ללא מלח שקדיה 150 ג',זנבר המכללה לטבעונות,IL,פריכיות כוסמת 150 גר,גרמים,150.00,100 גרם,false,,10.90,0.0727,true,1,2310037
7290113196513,false,פריכיות כוסמת בתוספת שקדים שקדיה 150 ג',זנבר המכללה לטבעונות,IL,פריכיות כוסמת שקדים,גרמים,150.00,100 גרם,false,,10.90,0.0727,true,1,2310038
7290113196759,false,בית השיטה ירקות מעורבים צנ.פלסטיק 6*750 גרם,בית השיטה עסיס תעשיו,IL,שימורי ירקות מעורבים,גרמים,1500.00,100 גרם,false,,27.90,0.0186,true,1,2304440
7290113196780,false,ב.ה. זיתים ירוקים מבוקעים באלדי 900 גר',בית השיטה עסיס תעשיו,IL,זיתים ירוקים מבוקעים,גרמים,1500.00,100 גרם,false,,24.90,0.0166,true,1,2328550
7290113197169,false,חמאת בוטנים טבעית שק,סופר נוטרי פודס,IN,חמאת בוטנים טבעית 51,גרמים,510.00,100 גרם,false,,15.90,0.0312,true,1,2361944
7290113197800,false,בית השיטה פלפל קלוי 400 גרם,,,פלפל קלוי בית השיטה,גרמים,400.00,100 גרם,false,,11.90,0.0298,true,1,2343841
7290113197817,false,בית השיטה חציל קלוי 670 גרם,בית השיטה,,חציל קלוי בית השיטה,גרמים,670.00,100 גרם,false,,10.90,0.0163,true,1,2343842
7290113197824,false,בית השיטה לבבות דקל 220 דקל,,,לבבות דקל בית השיטה,גרמים,400.00,100 גרם,false,,9.90,0.0248,true,1,2361408
7290113197855,false,תירס גמדי בית השיטה,,,תירס גמדי בית השיטה,גרמים,425.00,100 גרם,false,,9.90,0.0233,true,1,2361409
7290113197923,false,בית השיטה טונה בשמן קנולה *4,בית השיטה עסיס תעשיו,IL,טונה בשמן קנולה *4 ב,גרמים,560.00,100 גרם,false,,24.90,0.0445,true,1,2361415
7290113199323,false,טורטיה מיני 150ג' שקדיה,א. אקסולר גידה,TR,טורטיה מיני 150 גרם,גרמים,150.00,100 גרם,false,,4.90,0.0327,true,1,2361923
7290113300194,false,פאוצ' להקט עוף ברוטב 85 גר',"ביופט- מזון לבע""ח",FR,פאוץ' נתחוני לה קט ע,גרמים,85.00,100 גרם,false,,3.90,0.0459,true,1,2223861
7290113300231,false,פאוצ' לה קט בקר ג'לי 85 ג',"ביופט- מזון לבע""ח",CZ,פאוץ נתחוני לה קט עם,גרמים,85.00,100 גרם,false,,3.90,0.0459,true,1,2223863
7290113300262,false,פאוצ' לה קט טונה ג'לי 85 ג',"ביופט- מזון לבע""ח",CZ,פאוץ נתחוני לה קט עם,גרמים,85.00,100 גרם,false,,3.90,0.0459,true,1,2223869
7290113310155,false,טופר אקרילי לעוגה- 1 יח- HB זהב,,,טופר אקרילי לעוגה- 1,יחידה,0.00,יחידה,false,,9.90,0.0000,true,1,2054289
7290113310469,false,טופר קטן עם גליטר- 1,,,טופר קטן עם גליטר- 1,יחידה,0.00,יחידה,false,,2.90,0.0000,true,1,2054310
7290113312647,false,באנר לתליה- HB גליטר,,,באנר לתליה- HB גליטר,יחידה,0.00,יחידה,false,,12.90,0.0000,true,1,2054317
7290113560055,false,פרודונטקס מי פה טיפול יומי לחניכיים 500,פרודונטקס Parodontax,GB,פרודונטקס מי פה טיפו,מיליליטרים,500.00,"100 מ""ל",false,,29.90,0.0598,true,1,2250883
7290113560062,false,"סנסודיין - משחת שיניים להלבנה עדינה משאבה 100 מ""ל",סנסודיין Sensodyne,GB,סנסודיין משאבה לבנה,מיליליטרים,100.00,"100 מ""ל",false,,24.90,0.2490,true,1,2250358
7290113560109,false,פרודונטקס מ.שיניים בטעם צמחי 75 מל,פרודונטקס Parodontax,SK,משחת שיניים פרודונטק,מיליליטרים,75.00,"100 מ""ל",false,,29.90,0.3987,true,1,2268306
7290114310215,false,"**טרה שמנת מתוקה 38% 250 מ""ל בקבוק.",מילקו תעשיות בעמ,IL,"שמנת מתוקה 250 מ""ל 3",מיליליטרים,250.00,"100 מ""ל",false,,6.40,0.0256,true,1,2269831
7290114310222,false,חלב 1.5 ליטר 3% מועשר בסידן וויטמין D.,מילקו תעשיות בעמ,IL,חלב מועשר בסידן וויט,ליטרים,1.50,ליטר,false,,11.90,7.9333,true,1,2247291
7290114310345,false,מעדן יוגורט - תות 1.5% 125 גרם,טרה,IL,מעדן חלב תות 125 גרם,גרמים,125.00,100 גרם,false,,2.70,0.0216,true,1,2261276
7290114310536,false,יוגורט לייט מעושר בחלבון בטעם וניל מולר 200 ג',מולר Muller,IL,יוגורט מולר אקטיב לי,גרמים,200.00,100 גרם,false,,5.80,0.0290,true,1,2275535
7290114310567,false,לאבנה עיזים 5% שומן 200 גרם,מחלבת משק צוריאל,IL,לאבנה עזים 5% משק צו,גרמים,200.00,100 גרם,false,,13.90,0.0695,true,1,2293802
7290114310611,false,"משקה חלב בננה בבקבוק פקק ספורט טרה 250 מ""ל",טרה,IL,משקה חלב בננה טרה מו,מיליליטרים,250.00,"100 מ""ל",false,,5.20,0.0208,true,1,2291951
7290114310673,false,גבינת לאבנה 9% 250 גרם,טרה,IL,לאבנה טרה 9% 250 גרם,גרמים,250.00,100 גרם,false,,12.90,0.0516,true,1,2293768
7290114310895,false,סימפלי מולר מאגדת שמינייה מנגו תות 1.5% 150X8 גר',מולר Muller,IL,מאגדת 8 יוגורט מולר,גרמים,1200.00,100 גרם,false,,29.90,0.0249,true,1,2320808
7290114311021,false,"משקה חלב וניל עוגיות טרה 250 מ""ל פקק ספו",טרה,IL,שוקו טרה מועשר בבקבו,מיליליטרים,250.00,"100 מ""ל",false,,5.20,0.0208,true,1,2347665
7290114311038,false,שמנת מתוקה עמידה 32% 250מל בקבוק,מילקו,IL,שמנת מתוקה 32%,מיליליטרים,250.00,"100 מ""ל",false,,6.90,0.0276,true,1,2347679
7290114311069,false,יוגורט לבן מועשר בחלבון 0% שומן 200 גרם muller active,מולר Muller,IL,מולר אקטיב לבן,גרמים,200.00,100 גרם,false,,5.50,0.0275,true,1,2340403
7290114311076,false,"חמאת מולר צהובה עם שום, 200 גרם",מולר Muller,IL,חמאת מולר צהובה עם ש,גרמים,200.00,100 גרם,false,,10.90,0.0545,true,1,2349357
7290114311298,false,יוגורט מולר פרופ בטעם תות בננה מלון 150,מולר Muller,IL,יוגורט מולר פרופ 3%,גרמים,150.00,100 גרם,false,,4.70,0.0313,true,1,2356281
7290114311304,false,יוגורט קציפת מנגו פסיפלורה בננה 150 ג' מולר,מולר Muller,IL,יוגורט מולר פרופ 3%,גרמים,150.00,100 גרם,false,,4.70,0.0313,true,1,2356282
7290114311328,false,חלב נטול לקטוז 2% שומן מועשר בויטמין D,ג'י.אר.אמ.גרופו אלימ,IL,חלב מועשר דל לקטוז 2,ליטרים,1.00,ליטר,false,,7.40,7.4000,true,1,2360805
7290114311502,false,"משקה חלב בקבוק בטעם סחלב, 1 ליטר",מילקו תעשיות בעמ,IL,סחלב טרה,ליטרים,1.00,ליטר,false,,10.90,10.9000,true,1,2364576
7290114600750,false,קו-קווים חטיף אפוי עם גבינת פקורינו - חלבי,הדקלאים אגודת שיתופי,IT,חטיף אפוי עם גבינת פ,גרמים,150.00,100 גרם,false,,11.90,0.0793,true,1,2248116
7290114600927,false,מאסטר שף עלי טורטייה חיטה מלאה 320 גרם,אלקאטי קורביישיסי גי,ES,טורטיה חיטה מלאה מאס,גרמים,320.00,100 גרם,false,,9.90,0.0309,true,1,2266360
7290114600941,false,מאסטר שף מיונז הולנדי לחיץ 435 גרם,רמיה סי.וי,NL,מיונז לחיץ מאסטר שף,גרמים,435.00,100 גרם,false,,12.90,0.0297,true,1,2270797
7290114600989,false,"רוטב אלף האיים מאסטר שף 250 מ""ל",מאסטר שף,NL,רוטב אלף האיים מאסטר,מיליליטרים,250.00,"100 מ""ל",false,,9.90,0.0396,true,1,2256446
7290114600996,false,"רוטב שום מאסטר שף 250 מ""ל",מאסטר שף,NL,רוטב שום מאסטר שף 25,מיליליטרים,250.00,"100 מ""ל",false,,9.90,0.0396,true,1,2256447
7290114602785,false,פרי סלייסים ציפס בננה מלחו 90 גרם,פלפר אפרטיבוס,ES,חטיף פרי סלייסים צ'י,גרמים,90.00,100 גרם,false,,12.90,0.1433,true,1,2302279
7290114603041,false,"פרי גרנולה בוטנים אגוזים וקוקוס, 300 ג'","אפקט טבעי בע""מ",IL,פרי גרנולה בוטנים/אג,גרמים,300.00,100 גרם,false,,17.90,0.0597,true,1,2271578
7290114603508,false,"רוטב להקצפה מאסטר שף 300 מ""ל",סיטי פוד,TH,רוטב להקפצה מאסטר שף,מיליליטרים,300.00,"100 מ""ל",false,,9.90,0.0330,true,1,2258681
7290114603539,false,קרוטונים למרק שום בצל מאסטר שף 350 גרם,מאסטר שף,IL,קרוטונים למרק 350 גר,גרמים,350.00,100 גרם,false,,17.90,0.0511,true,1,2258659
7290114603584,false,פוף PLAY בטעם גריל 40 גר',מנה,IL,חטיף פוף משולש אפוי,גרמים,40.00,100 גרם,false,,3.90,0.0975,true,1,2246263
7290114603591,false,PLAY חטיף פוף בטעם קטשופ 40 גרם,מנה,IL,חטיף פוף משולש אפוי,גרמים,40.00,100 גרם,false,,3.90,0.0975,true,1,2246264
7290114603607,false,PLAY חטיף פוף בטעם חמוץ חריף 40 גרם,Mana,,חטיף פוף משולש אפוי,גרמים,40.00,100 גרם,false,,3.90,0.0975,true,1,2246275
7290114603768,false,"מארז אג'קס כלורון נוזל לניקוי אסלות 750 מ""ל*2 יח'",cp,FR,אג'קס לשירותים 750 מ,מיליליטרים,1500.00,"100 מ""ל",false,,29.90,0.0199,true,1,2256440
7290114604840,false,"דפי אורז מאסטר שף קוטר 16 ס""מ 400 גרם",מאסטר שף,,דפי אורז עגולים קוטר,גרמים,400.00,100 גרם,false,,14.90,0.0373,true,1,2271563
7290114604857,false,"דפי אורז מאסטר שף קוטר 22 ס""מ 400 גרם",מאסטר שף,VN,דפי אורז עגולים קוטר,גרמים,400.00,100 גרם,false,,14.90,0.0373,true,1,2271564
7290114604864,false,מאסטר שף קוסקוס דק 350 גרם,דוידוביץ,IL,קוסקוס סולת דק מאסט,גרמים,350.00,100 גרם,false,,5.90,0.0169,true,1,2271555
7290114604871,false,מאסטר שף קוסקוס בינוני 350 גרם,דוידוביץ,IL,קוסקוס סולת בינוני מ,גרמים,350.00,100 גרם,false,,5.90,0.0169,true,1,2271565
7290114604895,false,ממרח ספייסי לחיץ מאסטר שף 446 גרם,מאסטר שף,NL,ממרח ספייסי לחיץ מאס,גרמים,446.00,100 גרם,false,,12.90,0.0289,true,1,2294708
7290114604901,false,ממרח שום לחיץ מאסטר שף 444 גרם,מאסטר שף,NL,ממרח שום לחיץ מאסטר,גרמים,444.00,100 גרם,false,,12.90,0.0291,true,1,2294709
7290114604925,false,מאסטר שף קרם קוקוס לייט 400 גרם,"תאי קוקונאט חברה בע""",TH,קרם קוקוס לייט 400 מ,מיליליטרים,400.00,"100 מ""ל",false,,7.90,0.0198,true,1,2313338
7290114604932,false,רוטב ברביקיו דבש מאסטר שף 520 ג',רמיה סי.וי. הולנד,NL,רוטב ברביקיו דבש מא,גרמים,520.00,100 גרם,false,,12.90,0.0248,true,1,2302280
7290114604949,false,מאסטר שף רוטב ברביקיו 524 גרם,רמיה סי.וי. הולנד,NL,רוטב ברביקיו מאסטר ש,גרמים,524.00,100 גרם,false,,12.90,0.0246,true,1,2302281
7290114604963,false,פירורי לחם מתובלים מאסטר שף 230 גרם,מאסטר שף,IL,פירורי לחם מתובלים מ,גרמים,230.00,100 גרם,false,,7.90,0.0343,true,1,2273327
7290114605571,false,תבנית אפייה מתקפלת ק,כרמל פרנקל,IL,תבנית אפייה מתקפלת ק,יח',3.00,יח',false,,12.90,4.3000,true,1,2291061
7290114606530,false,רוטב בטעם מיונז וקטשופ מאסטר שף 515 גרם,מאסטר שף,NL,רוטב בטעם מיונז וקטש,גרמים,515.00,100 גרם,false,,12.90,0.0250,true,1,2294710
7290114606547,false,מיונז פטריות כמהין לחיץ מאסטר שף 242 גרם,מאסטר שף,NL,מיונז עם פיטריות כמה,גרמים,242.00,100 גרם,false,,12.90,0.0533,true,1,2294711
7290114606554,false,מיונז מופחת קלוריות בקבוק לחיץ,מאסטר שף,NL,מיונז לייט לחיץ מאסט,גרמים,470.00,100 גרם,false,,12.90,0.0274,true,1,2294712
7290114606561,false,מאסטר שף אטריות אורז דקות ורמיצ'לי 400 ג,ליינג טונג רייס פלוו,TH,איטריות אורז דקות 40,גרמים,400.00,100 גרם,false,,8.90,0.0223,true,1,2313345
7290114606578,false,שקדי מרק מאסטר שף 400 גרם,שסטוביץ,IL,שקדי מרק מאסטר שף 40,גרמים,400.00,100 גרם,false,,9.90,0.0248,true,1,2322527
7290114606592,false,רוטב סויה מסורתית 46% פולי סויה מאסטר שף 620 ג',קריניציה ויטמינה אס,TH,סויה 46% פולי סויה מ,מיליליטרים,620.00,"100 מ""ל",false,,16.90,0.0273,true,1,2319447
7290114606608,false,רוטב סויה מסורתי מאסטר שף 620 גר,קריניציה ויטמינה אס,TH,סויה 40% פולי סויה מ,מיליליטרים,620.00,"100 מ""ל",false,,16.90,0.0273,true,1,2319448
7290114607315,false,"מקס וויט מארז זוג 125 מ""ל",קולגייט פלמוליב,PL,מארז זוג קולגייט ויי,מיליליטרים,250.00,"100 מ""ל",false,,24.90,0.0996,true,1,2294775
7290114607391,false,"קולגייט משחת לילדים ברבי 2-5 שנים, 75 מ""ל",קולגייט פלמוליב,PL,משחת שיניים קולגייט,מיליליטרים,75.00,"100 מ""ל",false,,16.90,0.2253,true,1,2308762
7290114608633,false,"דפי אצה מאסטר שף, 25 גרם",מאסטר שף,,דפי אצות 25 גרם מאסט,גרמים,25.00,100 גרם,false,,11.90,0.4760,true,1,2347171
7290114751131,false,משחת שיניים אורל בי לילדים קארס 114 גר,דיפלומט,DE,אורל בי משחת שיניים,גרמים,75.00,100 גרם,false,,14.90,0.1987,true,1,2248020
7290114821469,false,כבד דג שיבוט מעושן במיץ טבעי 120 גרם,סטארקיסט,DK,מעדן כבד דג מעושן 12,גרמים,120.00,100 גרם,false,,10.90,0.0908,true,1,2275528
7290115071535,false,מטבעות שוקולד ברשת מפרץ הרפתקאות 31 גר,,NL,מטבעות שוקולד ברשת 3,יחידה,0.00,יחידה,false,,3.90,0.0000,true,1,2275735
7290115073676,false,מסכה לפנים חד פעמי 50 יח צבעוניות,שמחה זה אנחנו,CN,מסיכה לפנים חד-פעמי,יח',50.00,יח',false,,9.90,0.1980,true,1,2271418
7290115077131,false,מסכות פנים ילדים 40 יח',מ.פאנג,CN,מסיכה לפנים חד-פעמי,יח',40.00,יח',false,,9.90,0.2475,true,1,2264745
7290115200003,false,אסם פתי בר פינוקי וניל 220 גרם,תאי פרזידנט פוד פאבל,PL,פתיבר פינוקי וניל 22,גרמים,220.00,100 גרם,false,,10.90,0.0495,true,1,2248595
7290115200027,false,פתי בר פינוקי שוקו 220 גר' אסם.,דיקסר,PL,פתיבר פינוקי שוקו 22,גרמים,220.00,100 גרם,false,,10.90,0.0495,true,1,2248596
7290115200188,false,אוסם - מרק נמס עגבניות פיקנטי 25 גרם * 2,"אסם תעשיות בע""מ",IL,זוג מרק נמס עגבניות,גרמים,50.00,100 גרם,false,,5.50,0.1100,true,1,2261317
7290115200676,false,עוגיות קרמוגית במילוי קרם בטעם קרמל מלוח,היינץ צפון אמריקה מק,IL,עוגיות קרמוגית קרמל,גרמים,200.00,100 גרם,false,,10.90,0.0545,true,1,2261318
7290115200713,false,במבה קלאסי מארז אחיד 8 50*5 ג',אסם,IL,מארז במבה קלאסי 5*50,גרמים,250.00,100 גרם,false,,12.90,0.0516,true,1,2246945
7290115200782,false,פיתות פרימיום נאפה במקום - מארז 5 יח',בונז'ור,,חמישייה פיתות,גרמים,500.00,100 גרם,false,,5.90,0.0118,true,1,2250852
7290115201031,false,אסם פתי בר דובי שוקולד 175 גרם,טרופיקל דגיל תעשיות,PL,פתיבר דובי שוקולד 17,גרמים,178.00,100 גרם,false,,9.90,0.0556,true,1,2291031
7290115201277,false,בונזור לחם מחמצת עם בצלים 550 ג',בונז'ור,,לחם מחמצת עם בצלים,יחידה,0.00,יחידה,false,,16.90,0.0000,true,1,2258241
7290115201291,false,בונזור לחם מחמצת כפרי עם שיפון 640 ג',בונז'ור,,לחם מחמצת כפרי עם שי,יחידה,0.00,יחידה,false,,16.90,0.0000,true,1,2258242
7290115201338,false,בונזור לחם מחמצת כפרי עם חמוציות 550 ג',בונז'ור,,לחם מחמצת כפרי עם חמ,יחידה,0.00,יחידה,false,,16.90,0.0000,true,1,2258243
7290115201680,false,ביסלי בטעם ברביקיו 70 ג' אסם,"אסם תעשיות בע""מ",IL,ביסלי ברביקיו 70 גרם,גרמים,70.00,100 גרם,false,,4.30,0.0614,true,1,2264935
7290115201703,false,ביסלי בטעם ברביקיו 200 ג' אסם,מיוצר עי קונדיטוריית,IL,ביסלי ברביקיו 200 גר,גרמים,200.00,100 גרם,false,,7.90,0.0395,true,1,2264936
7290115201727,false,ביסלי בטעם בצל 200 ג' אסם,מיוצר עי קונדיטוריית,IL,ביסלי בצל 200 גרם.,גרמים,200.00,100 גרם,false,,7.90,0.0395,true,1,2264937
7290115201741,false,ביסלי בטעם בצל 70 גרם,"אסם תעשיות בע""מ",IL,ביסלי בצל 70 גרם,גרמים,70.00,100 גרם,false,,4.30,0.0614,true,1,2264938
7290115202236,false,טבעול טופו קראנצים 470 גרם,עיצובים 2020 (4.8),IL,טבעול טופו קראנצים,גרמים,470.00,100 גרם,false,,29.90,0.0636,true,1,2325546
7290115202786,false,מנה חמה פאוצ נדלס.אטר.טעם בקר 70 גרם,אסם,IL,מנה חמה פאוצ נודלס,גרמים,70.00,100 גרם,false,,4.90,0.0700,true,1,2291542
7290115202816,false,מנה חמה פאוצ נדלס.אטר.טעם עוף 70 גרם,אסם,IL,מנה חמה פאוצ נודלס,גרמים,70.00,100 גרם,false,,4.90,0.0700,true,1,2291543
7290115202939,false,מנה חמה רייס נודלס עוף פטריות 50 ג' אסם,מיוצר עי קונדיטוריית,TH,מנה חמה רייס נודלס ע,גרמים,50.00,100 גרם,false,,7.90,0.1580,true,1,2325519
7290115202953,false,אוסם - מנה חמה רייס נודלס קארי צהוב 55 גרם,מיוצר עי קונדיטוריית,TH,מנה חמה רייס נודלס ק,גרמים,55.00,100 גרם,false,,7.90,0.1436,true,1,2325520
7290115203134,false,פופקו פופקורן במבה 80 ג' אסם,"אסם תעשיות בע""מ",IL,פופקו פופקורן במבה,גרמים,80.00,100 גרם,false,,4.50,0.0563,true,1,2300334
7290115203172,false,במבה PRO מכיל 18 גרם חלבון בשקית,"אסם תעשיות בע""מ",IL,במבה פרו 80 גרם,גרמים,80.00,100 גרם,false,,4.50,0.0563,true,1,2362923
7290115203295,false,פרפקטו פסטה ריציאולי מהדורה 12*500גרם,אסם פרפקטו Perfecto,IT,פסטה פרפקטו ריציאולי,גרמים,500.00,100 גרם,false,,9.90,0.0198,true,1,2291529
7290115203486,false,אסם פירורית בטעם ביסלי גריל 200 גרם,עינת תעשיות מזון אגו,IL,פירורית ביסלי גריל 2,גרמים,200.00,100 גרם,false,,5.90,0.0295,true,1,2293579
7290115203806,false,"רוטב בסיס לבישול אסם 290 מ""ל","אסם תעשיות בע""מ",IL,רוטב בסיס לבישול,מיליליטרים,290.00,"100 מ""ל",false,,12.90,0.0445,true,1,2322159
7290115204018,false,מנה חמה איטלקי פסטה בסגנון אלפרדו 60 ג' אסם,"אסם תעשיות בע""מ",IL,מנה חמה איטלקי פסטה,גרמים,60.00,100 גרם,false,,6.50,0.1083,true,1,2293571
7290115204056,false,אסם קטשופ 56% פחות סוכר 690 גרם,"אסם תעשיות בע""מ",IL,קטשופ 56% פחות סוכר,גרמים,690.00,100 גרם,false,,12.90,0.0187,true,1,2292662
7290115204155,false,צבר סחוג אדום 6*190גרם חדש,צבר,IL,סחוג אדום 190 גרם,גרמים,190.00,100 גרם,false,,10.90,0.0574,true,1,2328528
7290115204186,false,פסטו המעדינה של צבר,צבר,IL,ממרח פסטו 190 גרם,גרמים,190.00,100 גרם,false,,14.90,0.0784,true,1,2328512
7290115204247,false,ממרח עגבניות מיובשות 190 ג' צבר,צבר,IL,ממרח עגבניות מיובשות,גרמים,190.00,100 גרם,false,,14.90,0.0784,true,1,2328521
7290115204261,false,אריסה חריפה המעדנייה,צבר,IL,אריסה 190 גרם,גרמים,190.00,100 גרם,false,,10.90,0.0574,true,1,2328529
7290115205022,false,אוסם - שקדי מרק מקלונים 350 גרם,"אסם תעשיות בע""מ",IL,שקדי מרק מקלונים 350,גרמים,350.00,100 גרם,false,,12.90,0.0369,true,1,2313199
7290115205176,false,פיטנס - קרקר דק כפרי פיטנס 140 גרם,נסטלה Nestle,IL,חטיפי קרקר דק כפרי פ,גרמים,140.00,100 גרם,false,,10.90,0.0779,true,1,2319981
7290115205251,false,פיטנס בר פריכיות קרמל מלוח 84 גרם,פרח תעשיות,IL,פירכיות פיטנס קרמל מ,גרמים,84.00,100 גרם,false,,11.90,0.1417,true,1,2363640
7290115205312,false,קרקר פיטנס דק עם זיתי קלמטה ועשבי תיבול,"אסם השקעות בע""מ",IL,חטיפי קרקר זיתים פיט,גרמים,140.00,100 גרם,false,,10.90,0.0779,true,1,2344090
7290115205527,false,חטיף פיטנס מולטיגריין עם עדשים 25 גרם,פיטנס,IL,חטיף פיטנס עם עדשים,גרמים,25.00,100 גרם,false,,4.90,0.1960,true,1,2354496
7290115205541,false,חטיף פיטנס מולטיגריין עם חומוס 25 גרם,"אסם השקעות בע""מ",IL,חטיף פיטנס עם חומוס,גרמים,25.00,100 גרם,false,,4.90,0.1960,true,1,2354497
7290115205633,false,טבעול סנסשיונל/גורמה נקנקיות 350 גר',עיצובים 2020 (4.8),IL,טבעול סנסשיונל נקנקי,גרמים,350.00,100 גרם,false,,32.90,0.0940,true,1,2337156
7290115205695,false,אסם בונזור בצק מצונן לפיצה 460 גרם,נסטלה סוויס (שוויץ),IL,בצק מצונן לפיצה בונז,גרמים,460.00,100 גרם,false,,18.90,0.0411,true,1,2328505
7290115205718,false,אסם בונזור בצק מצונן עלים 230 גרם,נסטלה סוויס (שוויץ),IL,בצק מצונן עלים בונזו,גרמים,230.00,100 גרם,false,,14.90,0.0648,true,1,2328506
7290115205978,false,פתיבר ואצבעות שוקולד 180 גרם - רבנות,"ד""ר ג'רארד בע""מ",PL,אסם פתי בר אצבעות שו,גרמים,180.00,100 גרם,false,,10.90,0.0606,true,1,2337157
7290115206135,false,"טבעול גורמה ארוחת קינואה, 450 גרם",טבעול (מקבוצת אסם הש,IL,טבעול גורמה ארוחת קי,גרמים,450.00,100 גרם,false,,32.90,0.0731,true,1,2337158
7290115207620,false,"רוטב בסגנון סויה קלאסי 290 מ""ל אסם","אסם תעשיות בע""מ",IL,רוטב סויה קלאסי אסם,מיליליטרים,290.00,"100 מ""ל",false,,14.90,0.0514,true,1,2344100
7290115207682,false,"אסם רוטב בסגנון סויה סיני 290 מ""ל","אסם תעשיות בע""מ",IL,רוטב סויה בסגנון סינ,מיליליטרים,290.00,"100 מ""ל",false,,10.90,0.0376,true,1,2344102
7290115207811,false,"טבעול נקניקיות טבעוניות, 418 גרם",עיצובים 2020 (4.8),IL,טבעול נקניקיות טבעונ,גרמים,418.00,100 גרם,false,,32.90,0.0787,true,1,2337163
7290115207880,false,סירופ ויטמינציק פטל 2 ליטר,בית השיטה,,ויטמינצ'יק פטל 2 ליט,ליטרים,2.00,ליטר,false,,39.90,19.9500,true,1,2331969
7290115207941,false,ויטמינצ'יק תרכיז אננס 1 ליטר,בית-השיטה עסיס תעשיו,IL,ויטמינצ'יק אננס 1 לי,ליטרים,1.00,ליטר,false,,19.90,19.9000,true,1,2331972
7290115207965,false,ויטמינצ'יק תרכיז מנגו אפרסק 1 ליטר,בית-השיטה עסיס תעשיו,IL,ויטמינצ'יק מנגו אפרס,ליטרים,1.00,ליטר,false,,19.90,19.9000,true,1,2331973
7290115207989,false,ויטמינצ'יק תרכיז לימון 1 ליטר,בית-השיטה עסיס תעשיו,IL,ויטמינצ'יק לימון 1 ל,ליטרים,1.00,ליטר,false,,19.90,19.9000,true,1,2331974
7290115208009,false,ויטמינצ'יק תרכיז ענבים 1 ליטר,בית-השיטה עסיס תעשיו,IL,ויטמינצ'יק ענבים 1 ל,ליטרים,1.00,ליטר,false,,19.90,19.9000,true,1,2331975
7290115208023,false,סירופ ויטמינציק ענבים 2 ליטר,,,ויטמינצ'יק ענבים 2 ל,ליטרים,2.00,ליטר,false,,39.90,19.9500,true,1,2331976
7290115208047,false,ויטמינצ'יק תרכיז פטל 1 ליטר,בית-השיטה עסיס תעשיו,IL,ויטמינצ'יק פטל 1 ליט,ליטרים,1.00,ליטר,false,,19.90,19.9000,true,1,2331977
7290115208061,false,ויטמינצ'יק תרכיז תפוח 1 ליטר,בית השיטה עסיס תעשיו,IL,ויטמינצ'יק תפוח 1 לי,ליטרים,1.00,ליטר,false,,19.90,19.9000,true,1,2331978
7290115208320,false,אפרופו חטיף בטעם ביסלי בצל 50 גרם,"אסם תעשיות בע""מ",IL,אפרופו בטעם ביסלי בצ,גרמים,50.00,100 גרם,false,,4.50,0.0900,true,1,2375568
7290115208344,false,אסם בייגלה כפיות שמנת בצל 300 גרם,אסם,IL,בייגלה כפיות שמנת בצ,גרמים,300.00,100 גרם,false,,10.90,0.0363,true,1,2362926
7290115208597,false,אסם קרמוגית מיניס קרמל מלוח 200 גרם,"אסם השקעות בע""מ",IL,עוגיות קרמוגית מיניס,גרמים,200.00,100 גרם,false,,10.90,0.0545,true,1,2355027
7290115208801,false,לחמית דבש ואגוזים 190ג אסם,אסם,IL,לחמית דבש ואגוזים,גרמים,190.00,100 גרם,false,,9.90,0.0521,true,1,2362927
7290115208849,false,"מנה חמה פסטה מוקרמת ט.עוף בד""צ 55גר","אסם תעשיות בע""מ",IL,מנה חמה פירה עם בטטה,גרמים,55.00,100 גרם,false,,6.50,0.1182,true,1,2375569
7290115209198,false,חטיף במבה אורירית 80,"אסם תעשיות בע""מ",IL,במבה אוורירית 80 גרם,גרמים,80.00,100 גרם,false,,4.50,0.0563,true,1,2354498
7290115209235,false,פתי בר קפה 500 גרם אסם,"אסם תעשיות בע""מ",IL,פתיבר קפה 500 ג,גרמים,500.00,100 גרם,false,,11.90,0.0238,true,1,2363642
7290115209358,false,במבה במילוי קרם בטעם בראוניז,"אסם תעשיות בע""מ",IL,במבה במילוי בראוניז,גרמים,60.00,100 גרם,false,,4.50,0.0750,true,1,2375560
7290115405774,false,פחזניות ממולאות בטעם וניל קפולסקי 180 גר,תופינים מקבוצת קפולס,IL,פחזניות ממולאות בטעמ,גרמים,180.00,100 גרם,false,,13.90,0.0772,true,1,2354242
7290115405781,false,פחזניות ממולאות בטעם שוקולד קפולסקי 180,תופינים מקבוצת קפולס,IL,פחזניות ממולאות בטעמ,גרמים,180.00,100 גרם,false,,13.90,0.0772,true,1,2354255
7290115670684,false,גרנולה שיבולת שועל עם אגוזי לוז,אנרג'י Energy - שטראוס,CZ,גרנולה אגוזים 400 גר,גרמים,400.00,100 גרם,false,,12.90,0.0323,true,1,2292380
7290115670691,false,גרנולה שיבולת שועל עם פירות יער,אנרג'י Energy - שטראוס,CZ,גרנולה פירות יער 400,גרמים,400.00,100 גרם,false,,12.90,0.0323,true,1,2292381
7290115670707,false,גרנולה שיבולת שועל עם שוקולד ואגוזי לוז,אנרג'י Energy - שטראוס,CZ,גרנולה שוקולד ואגוזי,גרמים,400.00,100 גרם,false,,12.90,0.0323,true,1,2292382
7290115671155,false,שלישיית סוכריות FRESH ענבים 45 ג' בזוקה,הליקון גידה,TR,שלישיית סוכריות פרש,גרמים,45.00,100 גרם,false,,7.90,0.1756,true,1,2329549
7290115671223,false,מסטיק מאסט פאן בצנצנת אבטיח מנגו,אסקום קונפקשיין,DE,קופסא מסטיק מאסט פאן,גרמים,58.00,100 גרם,false,,8.90,0.1534,true,1,2329541
7290115671308,false,מסטיק מאסט פאן בצנצנת תות דובדבן,אסקום קונפשטיין,DE,קופסא מסטיק מאסט פאן,גרמים,58.00,100 גרם,false,,8.90,0.1534,true,1,2329542
7290115671339,false,מיני פינוקיות בראוניז בייגל בוטן עלית 180 ג' עלית,הגביע מוצרי ופלים בע,IL,מיני פינוקיות בראוני,גרמים,180.00,100 גרם,false,,9.90,0.0550,true,1,2308344
7290115671346,false,מיני פינוקיות טופי קרמל מלוח 180 ג' עלית,הגביע מוצרי ופלים בע,IL,מיני פינוקיות טופי כ,גרמים,180.00,100 גרם,false,,9.90,0.0550,true,1,2308350
7290115671353,false,מיני פינוקיות עוגיות קקאו במילוי קרם בטעם וניל,הגביע,IL,מיני פינוקיות שחור ל,גרמים,180.00,100 גרם,false,,9.90,0.0550,true,1,2329569
7290115671421,false,פולי אספרסו עשירים וארומטיים עוצמה 10 250 ג' עלית,שטראוס קפה בי.וי,IL,פולי אספרסו עלית 250,גרמים,250.00,100 גרם,false,,21.90,0.0876,true,1,2346458
7290115675696,false,דגני בוקר קראנצ'ים שיבולת שועל עם אגוזים ושקדים,גלידות שטראוס,IL,דגני בוקר קוואקר אגו,גרמים,375.00,100 גרם,false,,19.90,0.0531,true,1,2309134
7290115675719,false,דגני בוקר קראנצ'ים שיבולת שועל וחתיכות שוקולד מריר,BEVERAGES FOODS & SE,US,דגני בוקר קוואקר שוק,גרמים,375.00,100 גרם,false,,19.90,0.0531,true,1,2309136
7290115675986,false,יוגורט עם אגוזי לוז ושקדים בקרמל מלוח 4.5%,"שטראוס בריאות בע""מ",IL,דנונה בר עם אגוזים מ,גרמים,173.00,100 גרם,false,,4.50,0.0260,true,1,2274119
7290115676037,false,דנונה ריפרש יוגורט עם תות ודומדמניות 1.6% שומן,מיוצר עי קונדיטוריית,IL,דנונה לשתייה ריפרש ת,גרמים,250.00,100 גרם,false,,5.50,0.0220,true,1,2299135
7290115676051,false,"אקטיביה משקה+שיבולת שועל במתיקות מעודנת 250 מ""ל",מיוצר עי קונדיטוריית,IL,משקה אקטיביה עם ש.שו,מיליליטרים,265.00,"100 מ""ל",false,,4.90,0.0185,true,1,2323480
7290115676082,false,משקה דנונה פרו 20 יוגורט תות 255 ג' רבנות,"שטראוס בריאות בע""מ.",IL,משקה דנונה פרו 20 תו,גרמים,255.00,100 גרם,false,,6.40,0.0251,true,1,2299137
7290115676099,false,משקה דנונה פרו 20 יוגורט וניל 255 ג' רבנות,"שטראוס בריאות בע""מ.",IL,משקה דנונה פרו 20 ונ,גרמים,255.00,100 גרם,false,,6.40,0.0251,true,1,2299138
7290115677140,false,תפוצ'יפס WAVY פפריקה 200 גרם,שטראוס פריטו ליי בע”,IL,תפוצ'יפס 200 גרם פפר,גרמים,200.00,100 גרם,false,,9.90,0.0495,true,1,2375727
7290115677966,false,ממרח אבוקדו 200 ג' שטראוס,ג'י. אר. סימפלוט,MX,ממרח אבוקדו 200 גרם,גרמים,200.00,100 גרם,false,,14.90,0.0745,true,1,2320541
7290115678222,false,מארז 8 גביעים יוגורט Greek בסגנון יווני 6.5% שומן,דנונה - שטראוס,IL,מארז 8 יוגורט יווני,גרמים,1040.00,100 גרם,false,,23.90,0.0230,true,1,2299146
7290115678376,false,מעדן הגולן שוקולד 125 גרם,מיוצר עי קונדיטוריית,IL,מעדן הגולן שוקולד 12,גרמים,125.00,100 גרם,false,,2.90,0.0232,true,1,2308983
7290115678383,false,מעדן הגולן שוקולד מריר 125 גרם,מיוצר עי קונדיטוריית,IL,מעדן הגולן שוקולד מר,גרמים,125.00,100 גרם,false,,2.90,0.0232,true,1,2308984
7290115678635,false,נשנושי גבינה -גבינת שמנת 16%+כעכים שטוחים עם מלח,"מחלבת טבע עז בע""מ",IL,נשנושי גבינה 16% עם,גרמים,67.00,100 גרם,false,,7.90,0.1179,true,1,2361490
7290115678642,false,נשנושי גבינה 16% עם חטיף אפוי עם זיתים 67 ג' שטראוס,"מחלבת טבע עז בע""מ",IL,נשנושי גבינה 16% עם,גרמים,67.00,100 גרם,false,,7.90,0.1179,true,1,2357240
7290115678970,false,מארז סוכריות FRESH בטעם בזוקה עלית 3*15 ג',הליקון גידה,TR,שלישיית סוכריות פרש,גרמים,45.00,100 גרם,false,,7.90,0.1756,true,1,2308328
7290116242378,false,מיני פופ סוכריה על מקל וכדור 8 גרם-סמי ה,שמחה זה אנחנו,CN,מיני פופ סוכריה על מ,יחידה,0.00,יחידה,false,,9.90,0.0000,true,1,2334898
7290116530000,false,"דאב - תרחיץ פנים מרענן בניחוח מלפפון ותה ירוק 180 מ""ל",אתר ליוור - HPC,IL,תרחיץ פנים דאב מלפפו,מיליליטרים,180.00,"100 מ""ל",false,,14.90,0.0828,true,1,2359040
7290116530062,false,הלמנס רוטב ויניגרט לסלט 295 גרם,אתר חיפה ממרחים - Fo,IL,רוטב הלמנס ויניגרט ל,גרמים,295.00,100 גרם,false,,12.90,0.0437,true,1,2299841
7290116530116,false,קליק שלישיית ברים שוקולד נוגט לבן 105 גרם,יוניליוור,IL,חטיף קליק ממולא נוגט,גרמים,105.00,100 גרם,false,,11.90,0.1133,true,1,2301443
7290116530154,false,פינוק תחליב רחצה 700 שייק מנגו אפרסק ושק,יוניליוור ישראל טיפו,IL,תחליב רחצה פינוק 700,מיליליטרים,700.00,"100 מ""ל",false,,10.90,0.0156,true,1,2291982
7290116530161,false,"תחליב רחצה בניחוח שייק אננס, מלון וחלב שיבולת שועל",יוניליוור ישראל טיפו,IL,תחליב רחצה פינוק אננ,מיליליטרים,700.00,"100 מ""ל",false,,10.90,0.0156,true,1,2291983
7290116530215,false,דאודרנט סטיק לגבר דרק טמפטיישן 76 ג' אקס,יוניליוור,US,אקס סטיק שוקולד,גרמים,77.00,100 גרם,false,,18.90,0.2455,true,1,2291910
7290116530871,false,מיקס נשנושים 240 ג' בייגל בייגל,בייגל בייגל BB,IL,נשנושים חטיף מיקס,גרמים,240.00,100 גרם,false,,12.90,0.0538,true,1,2292023
7290116530895,false,"תרסיס ריחני למייבש כביסה פינוק כחול בדין 500 מ""ל","זוהר דליה, קיבוץ דלי",TR,בדין תרסיס למייבש 50,מיליליטרים,500.00,"100 מ""ל",false,,16.90,0.0338,true,1,2299942
7290116531021,false,"שוקולד חלב ורד הגליל 100 גרם כשל""פ",יוניליוור ישראל מזון,IL,שוקולד חלב ורד הגליל,גרמים,100.00,100 גרם,false,,5.90,0.0590,true,1,2320018
7290116531045,false,דליפקאן ללא גלוטן כש,"מולינו ניקולי S.p.A,",IT,קורנפלקס דליפקאן 400,גרמים,350.00,100 גרם,false,,22.90,0.0654,true,1,2342716
7290116531069,false,קנור מרק בצל 100% רכיבים טבעיים 225 גרם,יוניליוור ישראל מזון,IL,מרק בצל רכיבים טבעיי,גרמים,220.00,100 גרם,false,,16.90,0.0768,true,1,2326336
7290116531076,false,מרק פטריות רכיבים טבעיים קטן 225 ג' קנור,יוניליוור ישראל מזון,IL,מרק פטריות 225 גרם,גרמים,220.00,100 גרם,false,,16.90,0.0768,true,1,2326337
7290116531083,false,"דגני ברנפלקס דבש ושקדים ללת""ס 400 גרם",יוניליוור שפע ישראל,IL,ברנפלקס ללא סוכר בטע,גרמים,400.00,100 גרם,false,,22.90,0.0572,true,1,2321220
7290116531090,false,דג-דג חטיף אפוי במליחות מעודנת 250 גרם,בייגל את בייגל מזון,IL,חטיף אפוי דג דג במלי,גרמים,250.00,100 גרם,false,,10.90,0.0436,true,1,2325305
7290116531243,false,"שמפו ומרכך 2ב-1 למניעת קשקשים 700 מ""ל פינוק",אתר ליוור - HPC,IL,שמפו ומרכך 2 ב 1 למנ,מיליליטרים,700.00,"100 מ""ל",false,,14.90,0.0213,true,1,2326355
7290116531496,false,דגני בוקר קינמונים 375 ג' תלמה,נאוג'אזיס נווזיס UAB,LT,קינמונים דגנים פריכי,גרמים,375.00,100 גרם,false,,19.90,0.0531,true,1,2350536
7290116531557,false,"פריכיות פתית תירס עם מלח 150 גרם כשל""פ",גוד פוד פרודקטס,PL,מאגדת פתית פירכיות ת,גרמים,150.00,100 גרם,false,,12.90,0.0860,true,1,2342718
7290116531564,false,מאגדת פתית פריכיות תירס דקות עם קינואה ובזיליקום 150 ג',גוד פוד פרודקטס,PL,מאגדת פתית פירכיות ק,גרמים,150.00,100 גרם,false,,12.90,0.0860,true,1,2342719
7290116531656,false,"מרכך פינוק לשיער בניחוח תפוח 700 מ""ל",יוניליוור ישראל טיפו,IL,מרכך פינוק בניחוח תפ,מיליליטרים,700.00,"100 מ""ל",false,,11.90,0.0170,true,1,2313173
7290116531762,false,בדין דפי מרכך למייבש כביסה ורוד 40 יחיד,"קלינטסט - 3p ארה""ב",US,בדין דפי מרכך ורוד,יח',40.00,יח',false,,18.90,0.4725,true,1,2330221
7290116531779,false,בדין דפי מרכך למייבש כביסה כחול 40 יחיד,"קלינטסט - 3p ארה""ב",US,בדין דפי מרכך כחול,יח',40.00,יח',false,,18.90,0.4725,true,1,2330222
7290116531830,false,דגני בוקר קינמון 686 ג' כריות,יוניליוור שפע ישראל,IL,כריות קינמון 686 גרם,גרמים,686.00,100 גרם,false,,24.90,0.0363,true,1,2325290
7290116531885,false,מיונז טבעוני הלמנס 500 גרם,יוניליוור ישראל מזון,IL,מיונז הלמנס טבעוני 5,גרמים,500.00,100 גרם,false,,13.90,0.0278,true,1,2356827
7290116531892,false,רוטב על האש רוטב בטעם ברביקיו מעושן,אתר חיפה 778 - Food,IL,רוטב ברביקיו מעושן,גרמים,350.00,100 גרם,false,,12.90,0.0369,true,1,2340547
7290116531977,false,אקס דאודורנט בודי ספריי סקייטבורד וורדים,יוניליוור HPC,GB,אקס ספריי סקייטבורד,מיליליטרים,150.00,"100 מ""ל",false,,14.90,0.0993,true,1,2362271
7290116532011,false,קליק חטיף שוקולד נוגט וחלב 35 גרם,אזור התעשייה רמת גבר,IL,חטיף שוקולד קליק נוג,גרמים,35.00,100 גרם,false,,3.90,0.1114,true,1,2333881
7290116532219,false,קורנפלקס תות 448 גרם תלמה רבנות,אתר שפע - Food,IL,קורנפלקס תות 448 גרם,גרמים,448.00,100 גרם,false,,19.90,0.0444,true,1,2348774
7290116532394,false,"אל סבון ידיים נוזלי חמאת קקאו 950 מ""ל פינוק",אתר ליוור - HPC,TR,סבון ידיים פינוק חמא,מיליליטרים,950.00,"100 מ""ל",false,,12.90,0.0136,true,1,2357299
7290116532585,false,דגני בוקר ברנפלקס קרנצ'ים בטעם דבש וקינמון,יוניליוור שפע ישראל,IL,ברנפלקס קראנצ'ים דבש,גרמים,375.00,100 גרם,false,,22.90,0.0611,true,1,2348825
7290116532615,false,פינוק שמפו לשיער בתוספת גוגי ברי 700 מל,אתר ליוור - HPC,IL,שמפו פינוק בתוספת תמ,מיליליטרים,700.00,"100 מ""ל",false,,11.90,0.0170,true,1,2349208
7290116532622,false,פינוק מרכך לשיער בתוספת גוגי ברי 700 מל,אתר ליוור - HPC,IL,מרכך פינוק בתוספת תמ,מיליליטרים,700.00,"100 מ""ל",false,,11.90,0.0170,true,1,2349209
7290116532721,false,רוטב הלמנס ישראלי לסלט לימון וזעתר 305 ג,אתר חיפה ממרחים - Fo,IL,רוטב לסלט לימון וזעת,גרמים,295.00,100 גרם,false,,12.90,0.0437,true,1,2372637
7290116532738,false,רוטב לסלט הלמנס איטלקי בז' ואורגנו 305 ג,אתר חיפה ממרחים - Fo,IL,רוטב איטלקי הלמנס,גרמים,295.00,100 גרם,false,,12.90,0.0437,true,1,2372638
7290116532769,false,"גרנולה פרוטאין בתוספת חלבון, תפוח וקינמון",חטיפי העמק,IL,גרנולה פרוטאין תפוח,גרמים,300.00,100 גרם,false,,15.90,0.0530,true,1,2348826
7290116532899,false,נישנושים איירביס פלאפל 155 גרם,אתר בייגל - Food,IL,נישנושים איירביס טעם,גרמים,155.00,100 גרם,false,,12.90,0.0832,true,1,2361104
7290116533063,false,דגני בוקר שוגי קרטיב ענבים 400 גרם,אתר שפע - Food,IL,דגני בוקר שוגי בטעם,גרמים,400.00,100 גרם,false,,19.90,0.0497,true,1,2353098
7290116533216,false,"קנור מרק תיבול ירקות 235 מ""ל",יוניליוור,IL,מרק ירקות קנור רכיבי,גרמים,235.00,100 גרם,false,,16.90,0.0719,true,1,2372631
7290116914466,false,מארז סוכריות על מקל 12 גרם בטעמי פירות בארבי 50 יח',,,מארז סוכריות על מקל,יחידה,0.00,יחידה,false,,24.90,0.0000,true,1,2351384
7290116930015,false,חטיף חלבון GO קרמל ח.בוטנים קריספי 20 גרם חלבון,בלמונט קונפקציות,US,חטיף חלבון GO קרמל ח,גרמים,20.00,100 גרם,false,,11.90,0.5950,true,1,2351208
7290116930435,false,יוגורט סמיך 0% דובדבן יופלה 200 ג' GO,תנובה מרכז שיתופי לש,IL,יוגורט יופלה GO סמיך,גרמים,200.00,100 גרם,false,,5.40,0.0270,true,1,2350481
7290116930466,false,"משקה SHAKE בננה מנגן פסיפלורה והל 230 מ""ל יופלה",קבוצת המזון אקטשלאר,IL,יופלה SHAKE מנגו בננ,מיליליטרים,230.00,"100 מ""ל",false,,7.90,0.0343,true,1,2356217
7290116930718,false,מעדן תנובה דיאט בטעם שוקולד וקרמל מלוח 0% 150ג' תנובה,"תנובה בע""מ",IL,מעדן דיאט בטעם שוקול,גרמים,150.00,100 גרם,false,,3.70,0.0247,true,1,2357192
7290116930725,false,סויה BIO קוקוס גביע 150 גרם אלטרנטיב,תנובה חלב,IL,מעדן סויה ביו קוקוס,גרמים,150.00,100 גרם,false,,4.50,0.0300,true,1,2362530
7290116930954,false,יוגורט טעם פאי תפוחים 3% 150 ג' יופלה,"תנובה בע""מ",IL,יופלה בטעם פאי תפוחי,גרמים,150.00,100 גרם,false,,4.70,0.0313,true,1,2377946
7290116931081,false,מעדן סויה - טופי קרמל 125 גרם אלטרנטיב,תנובה מרכז שיתופי לש,IL,גביע מעדן סויה בטעם,מיליליטרים,125.00,"100 מ""ל",false,,3.90,0.0312,true,1,2362531
7290116931104,false,יופלה גו במרקם סמיך עם אננס 0% שומן 200ג',תנובה חלב,IL,יוגורט יופלה GO סמיך,גרמים,200.00,100 גרם,false,,5.40,0.0270,true,1,2362532
7290117260005,false,קונפיטורה תות שדה 380 ג' ויליפוד,גסאס גנל גידה,TR,קונפיטורה תות שדה 38,גרמים,380.00,100 גרם,false,,9.90,0.0261,true,1,2322169
7290117260029,false,קונפיטורה דובדבנים 380 ג' ויליפוד,גסאס גנל גידה,TR,קונפיטורה דובדבנים 3,גרמים,380.00,100 גרם,false,,9.90,0.0261,true,1,2322171
7290117260036,false,קונפיטורה משמש 380 ג' ויליפוד,גסאס גנל גידה,TR,קונפיטורה משמש 380 ג,גרמים,380.00,100 גרם,false,,9.90,0.0261,true,1,2322172
7290117260043,false,ריבת עלי ורדים 380 ג' ויליפוד,וילי פוד,TR,ריבת עלי ורדים 380 ג,גרמים,380.00,100 גרם,false,,9.90,0.0261,true,1,2322160
7290117260050,false,קונפיטורה חבושים 380 ג' ויליפוד,וילי פוד,TR,קונפיטורה חבושים 380,גרמים,380.00,100 גרם,false,,9.90,0.0261,true,1,2322173
7290117260067,false,קונפיטורה תפוזים 380 ג' ויליפוד,וילי פוד,,קונפיטורה תפוזים 380,גרמים,380.00,100 גרם,false,,9.90,0.0261,true,1,2322161
7290117260104,false,חטיף גבינה לבנה בטעם תות שדה בציפוי שוקו,ז'ייאסבי,LT,חטיף גבינה לבנה בטעם,גרמים,120.00,100 גרם,false,,12.90,0.1075,true,1,2356236
7290117260111,false,חטיף גבינה לבנה בטעם קרם ברולה בציפוי שו,ז'ייאסבי,LT,חטיף גבינה לבנה בטעם,גרמים,120.00,100 גרם,false,,12.90,0.1075,true,1,2356237
7290117260234,false,"קפה טורקי אמיתי מטורקיה, שלישיה 3 * 100 גרם",נאון סאנאי,TR,קפה טורקי אמיתי מטו,גרמים,300.00,100 גרם,false,,14.90,0.0497,true,1,2329484
7290117260388,false,"טונה בשמן 1 ק""ג",,,"טונה בשמן 1 ק""ג",גרמים,1000.00,100 גרם,false,,31.90,0.0319,true,1,2362296
7290117260470,false,גבינה בולגרית מעודנת למריחה עם שום 5% שומן 200 ג' יורו,"חת""ס",IL,גבינת בולגרית מעודנת,גרמים,200.00,100 גרם,false,,12.90,0.0645,true,1,2346895
7290117260562,false,חמאה כפרית מסורתית בגביע,וילי פוד,TR,חמאה בגביע 225 גרם,גרמים,225.00,100 גרם,false,,16.90,0.0751,true,1,2376634
7290117260579,false,חטיף קראנצ'י על בסיס קמח עדשים בטעם שמנת חמוצה ובצל 80 ג',וילי פוד,LT,חטיף קראנצ'י על בסיס,גרמים,80.00,100 גרם,false,,9.90,0.1238,true,1,2361462
7290117260685,false,תן בו וניל ציפויים בטעמים שונים 230 גרם,אלויראסמינדה,DK,תן בו בטעם וניל בציפ,גרמים,230.00,100 גרם,false,,19.90,0.0865,true,1,2328434
7290117260890,false,פופקורן בציפוי בטעם קוקוס 90 גרם,אלאלסי,UA,פופקורן בציפוי בטעם,גרמים,90.00,100 גרם,false,,5.90,0.0656,true,1,2330834
7290117260906,false,פופקורן בציפוי בטעם פירות 90 גרם,אלאלסי,UA,פופקורן בציפוי בטעם,גרמים,90.00,100 גרם,false,,5.90,0.0656,true,1,2330835
7290117260913,false,פופקורן בציפוי בטעם שוקולד 90 גרם,אלאלסי,UA,פופקורן בציפוי בטעם,גרמים,90.00,100 גרם,false,,5.90,0.0656,true,1,2330836
7290117260982,false,זיתים שחור מגולענים במי מלח וילי פוד300,,TR,זיתים שחורים מגולעני,גרמים,300.00,100 גרם,false,,7.90,0.0263,true,1,2376373
7290117261019,false,זיתים ירוקים ממולאים מחית פלפלים אדומים במי מלח 300 גרם,,TR,זיתים ירוקים ממולאים,גרמים,300.00,100 גרם,false,,7.90,0.0263,true,1,2376374
7290117261026,false,זיתים ירוק מגולענים במי מלח וילי פוד300,,TR,זיתים ירוקים מגולעני,גרמים,300.00,100 גרם,false,,7.90,0.0263,true,1,2376375
7290117261033,false,זיתים שחורים מיובשים בסגנון טאסוס 200 גרם,,TR,זיתים שחורים מיובשים,גרמים,300.00,100 גרם,false,,7.90,0.0263,true,1,2376376
7290117261101,false,זוג קינוחים בטעם שוקולד ואגוזי לוז 140ג',מונטרו,ES,זוג קינוחים בטעם שוק,גרמים,140.00,100 גרם,false,,10.90,0.0779,true,1,2351128
7290117261132,false,זוג קינוחים בטעם קרמל מלוח 70*2 גרם יור,מונטרו,ES,זוג קינוחים בטעם קרמ,גרמים,140.00,100 גרם,false,,10.90,0.0779,true,1,2351120
7290117261187,false,ארוחת פסטה בהקפאה פנה ותרד 600 גרם,,,ארוחת פסטה בהקפאה פנ,גרמים,600.00,100 גרם,false,,22.90,0.0382,true,1,2361468
7290117261194,false,ארוחת פתיתים עם פטריות 600 גרם ויליפוד,,,ארוחת פתיתים בהקפאה,גרמים,600.00,100 גרם,false,,22.90,0.0382,true,1,2361476
7290117261200,false,ארוחת פסטה בהקפאה פו,,,ארוחת פסטה בהקפאה פו,גרמים,600.00,100 גרם,false,,22.90,0.0382,true,1,2361469
7290117261231,false,ארוחת אורז בהקפאה עם,,,ארוחת אורז בהקפאה עם,גרמים,600.00,100 גרם,false,,22.90,0.0382,true,1,2361489
7290117261347,false,תן בו בציפוי בטעם שוקולד לבן ופתיתי קוקו,אלויראסמינדה,DK,תן בו בציפוי בטעם שו,גרמים,300.00,100 גרם,false,,19.90,0.0663,true,1,2334069
7290117261415,false,יוגורט פרוביוטי 2.7% שומן 125 גרם,Euro יורו מחלבות אירופה,TR,יוגורט פרוביוטי 2.7%,גרמים,125.00,100 גרם,false,,3.50,0.0280,true,1,2374889
7290117261422,false,EURO יוגורט פרוביוטי עם תות שדה 2% 125 גרם,Euro יורו מחלבות אירופה,TR,יוגורט פרוביוטי עם ת,גרמים,125.00,100 גרם,false,,3.50,0.0280,true,1,2374890
7290117261439,false,EURO יוגורט פרוביוטי עם פירות יער 2% 125 גרם,Euro יורו מחלבות אירופה,TR,יוגורט פרוביוטי עם פ,גרמים,125.00,100 גרם,false,,3.50,0.0280,true,1,2374891
7290117261446,false,יוגורט פרוביוטי עם אפרסק ומשמש 2.7% שומן,Euro יורו מחלבות אירופה,TR,יוגורט פרוביוטי עם א,גרמים,125.00,100 גרם,false,,3.50,0.0280,true,1,2374892
7290117261521,false,סלמון אטלנטי בשמן קנולה וילי פוד 120 גר,באנגה,LV,סלמון אטלנטי בשמן קנ,גרמים,120.00,100 גרם,false,,10.00,0.0833,true,1,2352233
7290117261538,false,סלמון אטלנטי בשמן קנולה וצ'ילי 120 גרם,באנגה,LV,סלמון אטלנטי בשמן קנ,גרמים,120.00,100 גרם,false,,10.00,0.0833,true,1,2352234
7290117261545,false,סלמון אטלנטי ברוטב טריאקי וילי פוד 120 ג,באנגה,LV,סלמון אטלנטי ברוטב ט,גרמים,120.00,100 גרם,false,,10.00,0.0833,true,1,2352235
7290117261552,false,סלמון אטלנטי ברוטב עגבניות 120 גרם,,LV,סלמון אטלנטי ברוטב ע,גרמים,120.00,100 גרם,false,,10.00,0.0833,true,1,2352236
7290117261569,false,סלמון אטלנטי מעושן קנולה וילי פוד 120 גר,באנגה,LV,סלמון אטלנטי מעושן ב,גרמים,120.00,100 גרם,false,,10.00,0.0833,true,1,2352237
7290117261583,false,סרדינים בריסלינג מעושנים בשמן קנולה 129 גרם (צנצנת),ליסיט,LV,סרדינים בריסלינג מעו,גרמים,185.00,100 גרם,false,,13.90,0.0751,true,1,2368931
7290117261606,false,פרוסות צהובה בטעם טבעי טבעוני 140 גרם,קוליוס,GR,פרוסות צהובה טבעונית,גרמים,140.00,100 גרם,false,,14.90,0.1064,true,1,2377564
7290117261613,false,מגורדת טבעונית בטעם טבעי 200 גרם,קוליוס,GR,מגורדת טבעונית בטעם,גרמים,200.00,100 גרם,false,,18.90,0.0945,true,1,2363524
7290117261620,false,פרוסות צהובה בטעם מעושן טבעוני 140 גרם,קוליוס,GR,פרוסות צהובה טבעונית,גרמים,140.00,100 גרם,false,,14.90,0.1064,true,1,2377565
7290117261637,false,פרוסות צהובה בטעם צילי טבעוני 140 גרם,קוליוס,GR,פרוסות צהובה טבעונית,גרמים,140.00,100 גרם,false,,14.90,0.1064,true,1,2377566
7290117261644,false,פרוסות צהובה בטעם צדר טבעוני 140 גרם,קוליוס,GR,פרוסות צהובה טבעונית,גרמים,140.00,100 גרם,false,,14.90,0.1064,true,1,2377567
7290117261651,false,מגורדת בטעם מוצרלה טבעוני 200 גרם,קוליוס,GR,מגורדת טבעונית בטעם,גרמים,200.00,100 גרם,false,,18.90,0.0945,true,1,2363525
7290117261668,false,לבנה בסגנון יווני טבעוני 200 גרם,קוליוס,GR,לבנה טבעונית בסגנון,גרמים,200.00,100 גרם,false,,18.90,0.0945,true,1,2363518
7290117261675,false,מגורדת טבעונית בטעם צ'דר 200 גרם,קוליוס,GR,מגורדת טבעונית בטעם,גרמים,200.00,100 גרם,false,,18.90,0.0945,true,1,2363526
7290117261705,false,חמאת עיזים 200 גר' וילי פוד,באלבן גידה סנאי,TR,חמאת עיזים 200 גרם,גרמים,200.00,100 גרם,false,,13.90,0.0695,true,1,2351121
7290117261712,false,מלבי קינוח על בסיס חלב 154גרם,אקר סוט,TR,מלבי קינוח על בסיס ח,גרמים,154.00,100 גרם,false,,9.90,0.0643,true,1,2377568
7290117261927,false,גבינת פקורינו מחלב כבשים צאנק 150 גרם,אל פסטור,ES,גבינת פקורינו מחלב כ,גרמים,150.00,100 גרם,false,,22.90,0.1527,true,1,2356293
7290117261934,false,בסיסים לחצ'פורי ומאפים מוקפאים 460 גרם ויליפוד,,GR,בסיס לחצ'פורי מוקפאי,גרמים,460.00,100 גרם,false,,14.90,0.0324,true,1,2368933
7290117262047,false,וופל במילוי בטעם בננה ושוקולד 200 גר' ויליפוד,,GR,וופל במילוי בטעם בננ,גרמים,200.00,100 גרם,false,,9.90,0.0495,true,1,2361427
7290117262061,false,וופל במילוי קרם בטעם שוקולד ואגוזי לוז 200 ג',,GR,וופל במילוי קרם בטעם,גרמים,200.00,100 גרם,false,,9.90,0.0495,true,1,2361429
7290117262221,false,"משקה יוגורט פרוביוטי עם אננס 200מ""ל 2.3%שומן יורו",Euro יורו מחלבות אירופה,TR,משקה יוגורט פרוביוטי,מיליליטרים,200.00,"100 מ""ל",false,,5.90,0.0295,true,1,2361743
7290117262238,false,"משקה יוגורט פרוביוטי עם תות שדה 200מ""ל 2.3%שומן יורו",Euro יורו מחלבות אירופה,TR,משקה יוגורט פרוביוטי,מיליליטרים,200.00,"100 מ""ל",false,,5.90,0.0295,true,1,2361744
7290117262245,false,"משקה יוגורט פרוביוטי עם אפרסק ומשמש 200מ""ל 2.3%שומן יורו",Euro יורו מחלבות אירופה,TR,משקה יוגורט פרוביוטי,מיליליטרים,200.00,"100 מ""ל",false,,5.90,0.0295,true,1,2361745
7290117262276,false,"קוביות טעם תות שדה מצופה שוקולד 125 גרם בעל""ז",עלית צ'קולטה,TR,קוביות בטעם תות שדה,גרמים,125.00,100 גרם,false,,10.90,0.0872,true,1,2375683
7290117262306,false,"קורנפלקס מצופה שוקולד חלב ד, 50 גרם",מודרן צוקולטה,TR,קורנפלקס מצופים שוקו,גרמים,50.00,100 גרם,false,,4.90,0.0980,true,1,2375685
7290117262955,false,קינוח בטעם שוקולד בל,איטלג'לטו,IT,קינוח בטעם שוקולד בל,גרמים,85.00,100 גרם,false,,9.90,0.1165,true,1,2379991
7290117262979,false,קינוח בטעם שוקולד ופ,איטלג'לטו,IT,קינוח בטעם שוקולד ופ,גרמים,85.00,100 גרם,false,,9.90,0.1165,true,1,2379993
7290117263020,false,"משקה יוגורט פרוביוטי פירות יער 2.3% 200 מ""ל",אקר,TR,משקה יוגורט פרוביוטי,מיליליטרים,200.00,"100 מ""ל",false,,5.90,0.0295,true,1,2377716
7290117380147,false,"רוטב לסלט חרדל ודבש מאסטר שף 260 מ""ל",רמייה,NL,רוטב חרדל ודבש מאסטר,מיליליטרים,260.00,"100 מ""ל",false,,9.90,0.0381,true,1,2346667
7290117380154,false,"מאסטר שף רוטב אסיאתי עם סויה 260 מ""ל",רמייה,NL,רוטב אסיאתי עם סויה,מיליליטרים,260.00,"100 מ""ל",false,,9.90,0.0381,true,1,2346673
7290117380178,false,סוויט פוף חטיף מצופה שוקולד חלב,"טחנת האבן תעשיות בע""",IL,חטיף פוף סוויט שוקול,גרמים,50.00,100 גרם,false,,4.90,0.0980,true,1,2356213
7290117380185,false,סוויט פוף חטיף מצופה שוקולד חלב ולבן,"טחנת האבן תעשיות בע""",IL,חטיף פוף סוויט שוקול,גרמים,50.00,100 גרם,false,,4.90,0.0980,true,1,2356214
7290117380192,false,חטיף פוף קראנץ בטעם גריל 60 גרם,מנה,IL,פוף קראנץ בטעם גריל,גרמים,60.00,100 גרם,false,,3.90,0.0650,true,1,2324881
7290117380208,false,חטיף פוף קראנץ בטעם חמוץ חריף 60 גרם,מנה,IL,חטיף פוף קראנצ בטעם,גרמים,60.00,100 גרם,false,,3.90,0.0650,true,1,2324882
7290117380215,false,חטיף פוף קראנץ בטעם טאקו 60 גרם,מנה,IL,חטיף פוף קראנצ בטעם,גרמים,60.00,100 גרם,false,,3.90,0.0650,true,1,2324883
7290117380697,false,קולגייט מארז אופטיק,,,קולגייט מארז אופטיק,מיליליטרים,150.00,"100 מ""ל",false,,21.90,0.1460,true,1,2364850
7290117380857,false,"מרבה סלים דליס פייבר עוגות אישיות בטעם לימון, 120 גרם",שסטוביץ,NL,עוגות אישיות בטעם לי,גרמים,120.00,100 גרם,false,,10.90,0.0908,true,1,2350323
7290117380864,false,עוגות בראוניס אישיות בטעם שוקולד 120 ג' סלים דליס פייבר,הלמה הלום,NL,עוגות בראוניס אישיות,גרמים,120.00,100 גרם,false,,10.90,0.0908,true,1,2350324
7290117381205,false,מאסטר שף שמן שומשום,,,"שמן שומשום 370 מ""ל מ",מיליליטרים,370.00,"100 מ""ל",false,,22.90,0.0619,true,1,2375674
7290117381229,false,פוף פריכיות מצופות שוקולד חלב 70 גרם,בנליאן פודס,RS,פוף פירכיות מצופות ש,גרמים,70.00,100 גרם,false,,7.90,0.1129,true,1,2363841
7290117381236,false,פוף פריכיות מצופות שוקולד מריר 70 גרם,בנליאן פודס,RS,פוף פירכיות מצופות ש,גרמים,70.00,100 גרם,false,,7.90,0.1129,true,1,2363842
7290117382325,false,סלים דליס - פרו 33 חטיף חלבון מצופה שוקולד חלב 60 גרם,"י. מרבה ישראל בע""מ",IT,חטיף חלבון מצופה שוק,גרמים,60.00,100 גרם,false,,11.90,0.1983,true,1,2363851
7290117382332,false,סלים דליס - חטיף חלבון מצופה שוקולד בטעם עוגיות 60 גרם,"י. מרבה ישראל בע""מ",IT,חטיף חלבון מצופה שוק,גרמים,60.00,100 גרם,false,,11.90,0.1983,true,1,2363852
7290117383742,false,"מארז זוג ג'ל רחצה לגבר 750 מ""ל פלמוליב",קולגייט פלמוליב,TR,סבון נוזלי גבר מרענן,ליטרים,1.50,ליטר,false,,30.00,20.0000,true,1,2376674
7290117383780,false,מארז זוג סבון גוף ארומה מסאז' גרגירי פילינג,קולגייט פלמוליב,TR,סבון נוזלי ארומה מסא,ליטרים,1.50,ליטר,false,,30.00,20.0000,true,1,2376675
7290117821398,false,ביצת הפתעה פלסטיק עם סוכריות קשות 10 גרם כבאית,שמחה,IL,ביצת הפתעה פלסטיק עם,יחידה,0.00,יחידה,false,,5.90,0.0000,true,1,2351420
7290117821435,false,ביצת הפתעה פלסטיק עם סוכריות קשות 10 גרם חד קרן,שמחה,IL,ביצת הפתעה פלסטיק עם,יחידה,0.00,יחידה,false,,5.90,0.0000,true,1,2351423
7290117823798,false,בדיקה עצמית מהירה לזיהוי אנטיגן - 5 בדיקות,שמחה זה אנחנו,CN,בדיקה עצמית לזיהוי א,יחידה,0.00,יחידה,false,,39.90,0.0000,true,1,2334101
7290117860038,false,"הוואי - תחליב רחצה יוגורט בניחוח אוכמניות 700 מ""ל","טרופיקל גליל בע""מ",IL,הוואי תחליב רחצה יוג,מיליליטרים,700.00,"100 מ""ל",false,,11.90,0.0170,true,1,2377481
7290117860045,false,שמפו תמציות אלוורה ותה ירוק לשיער רגיל,"טרופיקל גליל בע""מ",IL,הוואי שמפו מטפח לשיע,מיליליטרים,700.00,"100 מ""ל",false,,11.90,0.0170,true,1,2377482
7290117860083,false,"קרם רחצה בניחוח אירוס זהוב ודבש 700 מ""ל הוואי","טרופיקל גליל בע""מ",IL,הוואי קרם רחצה בניחו,מיליליטרים,700.00,"100 מ""ל",false,,11.90,0.0170,true,1,2377483
7290117860090,false,מרכך תמציות אלוורה ותה ירוק לשיער רגיל,"טרופיקל גליל בע""מ",IL,הוואי מרכך מטפח לשיע,מיליליטרים,700.00,"100 מ""ל",false,,11.90,0.0170,true,1,2377484
7290117860137,false,"הוואי קרם רחצה בניחוח פרח הקמליה, 700 מ""ל","טרופיקל גליל בע""מ",IL,הוואי קרם רחצה בניחו,מיליליטרים,700.00,"100 מ""ל",false,,11.90,0.0170,true,1,2377485
7290117860144,false,הוואי שמפו פירות אקזוטיים וקלנדולה 700,"טרופיקל גליל בע""מ",IL,הוואי שמפו למניעת קש,מיליליטרים,700.00,"100 מ""ל",false,,11.90,0.0170,true,1,2377486
7290117860182,false,"הוואי - תחליב רחצה בניחוח מגנוליה ושמן שקדים 700 מ""ל","טרופיקל גליל בע""מ",IL,הוואי תחליב רחצה בני,מיליליטרים,700.00,"100 מ""ל",false,,11.90,0.0170,true,1,2377487
7290117860199,false,שמפו שמן ורד הבר ושמן מקדמיה לשיער יבש,"טרופיקל גליל בע""מ",IL,הוואי שמפו מעניק לחו,מיליליטרים,700.00,"100 מ""ל",false,,11.90,0.0170,true,1,2377488
7290117860236,false,"הוואי - קרם רחצה בניחוח ויולה ורודה 700 מ""ל","טרופיקל גליל בע""מ",IL,הוואי קרם רחצה בניחו,מיליליטרים,700.00,"100 מ""ל",false,,11.90,0.0170,true,1,2377489
7290117860243,false,"הוואי - מרכך מעניק לחות לשיער יבש 700 מ""ל","טרופיקל גליל בע""מ",IL,הוואי מרכך מעניק לחו,מיליליטרים,700.00,"100 מ""ל",false,,11.90,0.0170,true,1,2377490
7290117860281,false,"הוואי - ג'ל רחצה לגבר בניחוח עוצמתי 700 מ""ל","טרופיקל גליל בע""מ",IL,הוואי ג'ל רחצה לגבר,מיליליטרים,700.00,"100 מ""ל",false,,11.90,0.0170,true,1,2377491
7290117860298,false,שמפו קומפלקס קרטין לשיער עדין או חלש,"טרופיקל גליל בע""מ",IL,הוואי שמפו קרטין מחז,מיליליטרים,700.00,"100 מ""ל",false,,11.90,0.0170,true,1,2377492
7290117860342,false,מרכך קומפלקס קרטין לשיער עדין או חלש,"טרופיקל גליל בע""מ",IL,הוואי מרכך קרטין מחז,מיליליטרים,700.00,"100 מ""ל",false,,11.90,0.0170,true,1,2377494
7290117860380,false,"תחליב רחצה יוגורט בניחוח אלוורה 700 מ""ל הוואי","טרופיקל גליל בע""מ",IL,הוואי תחליב רחצה יוג,מיליליטרים,700.00,"100 מ""ל",false,,11.90,0.0170,true,1,2377495
7290117860397,false,שמפו תמצית פריחת הדובדבן לשיער רגיל,"טרופיקל גליל בע""מ",IL,הוואי שמפו פריחת הדו,מיליליטרים,700.00,"100 מ""ל",false,,11.90,0.0170,true,1,2377496
7290117860496,false,שמפו + מרכך 2 ב 1 לגבר תמצית ג'ינג'ר,"טרופיקל גליל בע""מ",IL,הוואי שמפו + מרכך 2,מיליליטרים,700.00,"100 מ""ל",false,,11.90,0.0170,true,1,2377498
7290117860649,false,הוואי שמפו קרטין קיק ללא סולפטים 700 מל,"טרופיקל גליל בע""מ",IL,הוואי שמפו ללא סולפט,מיליליטרים,700.00,"100 מ""ל",false,,11.90,0.0170,true,1,2377501
7290117860694,false,הוואי מרכך קרטין קיק ללא סולפטים 700 מל,"טרופיקל גליל בע""מ",IL,הוואי מרכך ללא סולפט,מיליליטרים,700.00,"100 מ""ל",false,,11.90,0.0170,true,1,2377502
7290117860748,false,הוואי שמפו תמצית יסמין מעניק נפח 700 מל,"טרופיקל גליל בע""מ",IL,הוואי שמפו מעניק נפח,מיליליטרים,700.00,"100 מ""ל",false,,11.90,0.0170,true,1,2377503
7290117860847,false,"הוואי רעננות מושלמת לגבר לשיער, גוף, פנים וזקן","טרופיקל גליל בע""מ",IL,הוואי שמפו 4 ב-1 לגב,מיליליטרים,700.00,"100 מ""ל",false,,11.90,0.0170,true,1,2377505
7290117860892,false,"הוואי - תחליב רחצה יוגורט בניחוח וניל ודבש 700 מ""ל","טרופיקל גליל בע""מ",IL,הוואי תחליב רחצה יוג,מיליליטרים,700.00,"100 מ""ל",false,,11.90,0.0170,true,1,2377506
7290117860946,false,"תחליב רחצה יוגורט בניחוח קוקוס 700 מ""ל הוואי","טרופיקל גליל בע""מ",IL,הוואי תחליב רחצה יוג,מיליליטרים,700.00,"100 מ""ל",false,,11.90,0.0170,true,1,2377507
7290117860991,false,"תחליב רחצה יוגורט בניחוח שקדים 700 מ""ל הוואי","טרופיקל גליל בע""מ",IL,הוואי תחליב רחצה יוג,מיליליטרים,700.00,"100 מ""ל",false,,11.90,0.0170,true,1,2377508
7290118420071,false,במבה ביסלי ברביקיו מיקס 80ג' אסם,"אסם תעשיות בע""מ",IL,במבה ביסלי ברביקיו מ,גרמים,80.00,100 גרם,false,,4.50,0.0563,true,1,2375562
7290118420378,false,פתיבר פינוקים בטעם תותים בשמנת - חלבי,דר גררד,IL,אסם פתי בר פינוקים ת,גרמים,180.00,100 גרם,false,,10.90,0.0606,true,1,2375570
7290118420477,false,אסם בייגלה שטוחים בטעם ביסלי בצל 300 גר,"אסם תעשיות בע""מ",IL,בייגלה שטוחים בטעם ב,גרמים,300.00,100 גרם,false,,10.90,0.0363,true,1,2375571
7290118420514,false,אסם אינסטנט פודינג נוגט 75 גרם,"אסם תעשיות בע""מ",IL,אינסטנט פודינג בטעם,גרמים,80.00,100 גרם,false,,5.50,0.0688,true,1,2375572
7291044044501,false,כבל מאריך,,,כבל מאריך,00000000000000000000,0.00,00000000000000000000,false,,37.90,0.0000,true,1,1412201
7291074000260,false,סכינים סט (3) A72 Toscana סולתם,,,סט 3 סכינים Toscana,יחידה,0.00,יחידה,false,,19.90,0.0000,true,1,2253299
7291074000277,false,כפיות סט (6) A72 Toscana סולתם,,,סט 6 כפיות Toscana,יחידה,0.00,יחידה,false,,14.90,0.0000,true,1,2218914
7291074007009,false,קוצץ תבלינים עשבי תי,,,קוצץ תבלינים עשבי תי,יחידה,0.00,יחידה,false,,24.90,0.0000,true,1,2218971
7291074009669,false,מסננת נירוסטה קונית,,,מסננת נירוסטה קונית,יחידה,0.00,יחידה,false,,29.90,0.0000,true,1,2232015
7291074011723,false,"מועך תפו""א בשילוב סי",,,"מועך תפו""א בשילוב סי",יחידה,0.00,יחידה,false,,24.90,0.0000,true,1,2253428
7291074013871,false,"סכין סנטוקו 17.50 ס""",,,"סכין סנטוקו 17.50 ס""",יחידה,0.00,יחידה,false,,24.90,0.0000,true,1,2299755
7291074013925,false,"סכין סטייק 12.50 ס""מ ידית שחורה CASUAL סולתם",,,"סכין סטייק 12.50 ס""מ",יחידה,0.00,יחידה,false,,14.90,0.0000,true,1,2299759
7291074018937,false,קולפן ידית פלסטיק צב,,,קולפן ידית פלסטיק צב,יחידה,0.00,יחידה,false,,9.90,0.0000,true,1,2369130
7296021155710,false,סכין מטבח German Ste,,,סכין מטבח German Ste,יחידה,0.00,יחידה,false,,9.90,0.0000,true,1,2290781
7296021170652,false,פותחן שימוריםפרפר ST,,,פותחן שימורים,יחידה,0.00,יחידה,false,,9.90,0.0000,true,1,2186642
7296021191367,false,תבנית לקוביות קרח עם,,,קרחון עם מכסה (עיגול,יחידה,0.00,יחידה,false,,9.90,0.0000,true,1,2174520
7296021228483,false,קערת אחסון עגולה פלס,,,קערה + מכסה,יח',1.00,יח',false,,22.90,22.9000,true,1,2226111
7296021230448,false,תפוחון - פורס תפוחים,,,תפוחון - פורס תפוחים,יחידה,0.00,יחידה,false,,19.90,0.0000,true,1,2258297
7296021259821,false,"כוס מאג נעמן 355 מ""ל",,,"מאג 355 מ""ל LOVE RED",יחידה,0.00,יחידה,false,,12.90,0.0000,true,1,2276813
7296021266683,false,מסננת ידית עץ פרפקטו,,,"מסננת ידית עץ 12 ס""מ",יחידה,0.00,יחידה,false,,15.90,0.0000,true,1,2306793
7296049225709,false,קולפן טריו שחור לקיט,,CN,טריו שחור קולפן Y לק,יחידה,0.00,יחידה,false,,19.90,0.0000,true,1,2301881
7296049258936,false,דן משפך 115 קטן,,,דן משפך 115 קטן,יחידה,0.00,יחידה,false,,2.90,0.0000,true,1,2342212
7296049259162,false,קופסא לעוגה מלבנית,,,קופסא לעוגה מלבנית,יחידה,0.00,יחידה,false,,14.90,0.0000,true,1,2342227
7296049299564,false,מסנן כיור סיליקון 1,,,מסנן כיור סיליקון 1,יחידה,0.00,יחידה,false,,9.90,0.0000,true,1,2371514
7296102061848,false,מטאטא לוגנו+מקל,מ.א. ייצור ויבוא מטליות,PL,מטאטא לוגנו+מקל,יחידה,0.00,יחידה,false,,24.90,0.0000,true,1,2245364
7296111000012,false,מי קולון Royal,,,ROYAL מי קולון,מיליליטרים,500.00,"100 מ""ל",false,,39.90,0.0798,true,1,1381999
7296168001406,false,אסלוניות 20 יחידות,,,אסלונית,יחידה,0.00,יחידה,false,,9.90,0.0000,true,1,2271936
7296168017124,false,פלסטר חום 30 יח',,,פלסטר חום 30 יח',יחידה,0.00,יחידה,false,,5.90,0.0000,true,1,2271927
7296168017308,false,פלסטר שקוף גדלים מעו,צאנל מייד,CN,פלסטר שקוף גדלים מעו,יחידה,0.00,יחידה,false,,5.90,0.0000,true,1,2271916
7296168017766,false,פד דביק,,,פד דביק,יחידה,0.00,יחידה,false,,14.90,0.0000,true,1,2271892
7296168100185,false,פד סטרילי,,,פד סטרילי,יחידה,0.00,יחידה,false,,4.90,0.0000,true,1,2271896
7296168100253,false,פד סטרילי,,,פד סטרילי,יחידה,0.00,יחידה,false,,5.90,0.0000,true,1,2271897
7296168100321,false,פד סטרילי,,,פד סטרילי,יחידה,0.00,יחידה,false,,7.90,0.0000,true,1,2271898
7296168173622,false,פדים,,,פדים,יחידה,0.00,יחידה,false,,9.90,0.0000,true,1,2271901
7296168174605,false,פד אלכוהול,,,פד אלכוהול,יחידה,0.00,יחידה,false,,9.90,0.0000,true,1,2271903
7297488098152,false,דגש קמח חומוס ללא גל,אף.סי תבליני בגליל ב,IL,קמח חומוס 500,גרמים,500.00,100 גרם,false,,15.90,0.0318,true,1,1389339
7297488098213,false,קמח קינואה ללא גלוטן,"תבליני העליון בע""מ",IL,קמח קינואה,גרמים,500.00,100 גרם,false,,22.90,0.0458,true,1,1389344
7297488098305,false,קמח שקדים ללא גלוטן,תות תעשיות מזון (201,IL,"קמח שקדים ""דגש""",גרמים,250.00,100 גרם,false,,27.90,0.1116,true,1,1389353
7297488099890,false,פרוסות בסגנון קלאסי מופחתת שומן טבעוני 200 גרם,"טרופיקל דגיל בע""מ אז",IL,גבינה טבעונית פרוסות,גרמים,200.00,100 גרם,false,,19.90,0.0995,true,1,1430360
7297488199590,false,פצפוצי אורז לבן תפוח ללא גלוטן,דגש- דוכן גן שמואל,IL,פצפוצי אורז 450 גר' דגש,גרמים,450.00,100 גרם,false,,20.90,0.0464,true,1,1389361
7297488199606,false,פצפוצי אורז תפוח ללא תוספת סוכר ומלח ללא גלוטן,דגש- דוכן גן שמואל,IL,פצפוצי אורז קל 450 ג' דגש,גרמים,450.00,100 גרם,false,,20.90,0.0464,true,1,1389362
7297488199620,false,פצפוצי אורז מלא תפוח ללא גלוטן,דגש- דוכן גן שמואל,IL,פצפוצי אורז מלא 450 ג' דג,גרמים,450.00,100 גרם,false,,20.90,0.0464,true,1,1389363
7297488199682,false,קמח כוסמת ללא גלוטן,תות תעשיות מזון (201,IL,קמח כוסמת 500 ג' דגש,גרמים,500.00,100 גרם,false,,14.90,0.0298,true,1,1389367
7322540918281,false,תחבושות ליברס נייט אקסטרא 8 יח,,,תחבושות אולטרה טין א,יח',8.00,יח',false,,12.90,1.6125,true,1,2322245
7394376615832,false,אוטלי משקה שיבולת שועל בטעם שוקולד 1 ליטר,טרנסומס פוד,SE,משקה שיבולת שועל בט,ליטרים,1.00,ליטר,false,,15.90,15.9000,true,1,2248459
7501013138047,false,משקה יוניקו פרסקו רימונים קרטונית 1 ליטר,תומקס קומרסאליזדורה,MX,נקטר רימונים פרסקו י,ליטרים,1.00,ליטר,false,,11.90,11.9000,true,1,2208065
7501049936945,false,"בירה סול שישייה בקבוק 330 מ""ל",היינקן,NL,שישייה בירה סול 330,ליטרים,1.98,ליטר,false,,39.90,20.1515,true,1,2241524
7501064191398,false,שישיית בירה קורונה אקסטרא *355 מל,קריניציה ויטמינה אס,MX,בירה קורונה שישייה 3,ליטרים,2.13,ליטר,false,,39.90,18.7324,true,1,2184516
7509546061160,false,"משחת שיניים לילדים מיניונים 2-5 75 מ""ל קולגייט",קולגייט פלמוליב,PL,משחת שיניים קולגייט,מיליליטרים,75.00,"100 מ""ל",false,,16.90,0.2253,true,1,2308756
7509546061672,false,דאודורנט סטיק אקסטרים אינטנס,קולגייט פלמוליב,US,דאודורנט סטיק-אקסטרי,גרמים,50.00,100 גרם,false,,17.90,0.3580,true,1,2363310
7509546063515,false,ליידי ספיד סטיק -סטיק פרו 5 ספריי 150 מל,קולגייט פלמוליב,MX,דאודורנט ספריי ליידי,מיליליטרים,150.00,"100 מ""ל",false,,19.90,0.1327,true,1,2363311
7509546666846,false,"קולגייט טוטאל משחת שיניים פחם 75 מ""ל",קולגייט פלמוליב,PL,משחת שיניים קולגייט,מיליליטרים,75.00,"100 מ""ל",false,,19.90,0.2653,true,1,2297445
7509546678702,false,קולגייט משחת שיניים טוטל אנטי טרטר 100 מ,קולגייט-פלמוליב,PL,משחת שיניים קולגייט,מיליליטרים,100.00,"100 מ""ל",false,,14.90,0.1490,true,1,2361524
7610023051212,false,"מיזלי ""שוקו איקס"" 500 גרם בשקית",מיוצר עי קונדיטוריית,CH,"מיזלי ""שוקו איקס 500 ""ג'",גרמים,500.00,100 גרם,false,,18.90,0.0378,true,1,1392184
7610100034084,false,שפורפרת מיונז טומי 265 גרם,נסטלה שוויץ ס.א,CH,מיונז טומי בשפורפרת,גרמים,265.00,100 גרם,false,,12.90,0.0487,true,1,1605562
7610113011652,false,"בקרדי בריזר תפוח 275 מ""ל בקבוק",בקרדי בריזר Bacardi Breezer,BE,בקרדי בריזר-תפוח 275,מיליליטרים,275.00,"100 מ""ל",false,,12.90,0.0469,true,1,2241525
7610211130903,false,סוכרזית הרמזית 800+2,מרום את קונפינו,CH,סוכרזית הרמזית 800+2,גרמים,800.00,100 גרם,false,,24.90,0.0311,true,1,2335067
7610243004463,false,"דורגול - מרסס להסרת אבנית במקלחון 600 מ""ל",יעקבי- דורגול Durgol,CH,דורגול מרסס,מיליליטרים,600.00,"100 מ""ל",false,,24.90,0.0415,true,1,1364645
7610400010481,false,לינדט אקסלנס מילק 100 גר,לינדט ושפרונגלי קילש,CH,לינדט אקסלנס מילק 100 גרם,גרמים,100.00,100 גרם,false,,14.90,0.1490,true,1,1358060
7610400014632,false,לינדט שוקולד לבן 100 גרם,לינדט Lindt,CH,לינדור בודד וואיט 100 גרם,גרמים,100.00,100 גרם,false,,15.90,0.1590,true,1,1358064
7610400014649,false,שוקולד חלב במילוי קרם רך,לינדט ושפרונגלי קילש,CH,לינדור בודד מילק 100גרם,גרמים,100.00,100 גרם,false,,15.90,0.1590,true,1,1358065
7610400068505,false,בונבוניירת לינדור Lindor שוקולד חלב,לינדט ושפרונגלי קילש,CH,לינדור בונ' מילק 200 גרם,גרמים,200.00,100 גרם,false,,34.90,0.1745,true,1,1358069
7610400070577,false,שוקולד מריר אקסלנס עם צ'ילי,לינדט Lindt,CH,לינדט אקסלנס צ'ילי 100 גר,גרמים,100.00,100 גרם,false,,14.90,0.1490,true,1,1358077
7610400074155,false,שוקולד מריר במילוי קרם,לינדט ושפרונגלי קילש,CH,לינדור בודד 60% 100 גרם,גרמים,100.00,100 גרם,false,,15.90,0.1590,true,1,1358080
7610400075787,false,שוקולד חלב עם אגוזי לוז שלמים,"לינדט ושפרונגלי, קיל",CH,לינדט לגרנד מילק הזלנט 15,גרמים,150.00,100 גרם,false,,24.90,0.1660,true,1,1358082
7610400086202,false,שוקולד מריר לה גרנד עם אוכמניות וחמוציות,לינדט Lindt,,שוקולד מריר לינדט לה,גרמים,150.00,100 גרם,false,,24.90,0.1660,true,1,1839214
7610400087537,false,לינדור בונבוניירה מנ,לינדט ושפרונגלי איי,,בונבונירה לינדור מנג,גרמים,200.00,100 גרם,false,,34.90,0.1745,true,1,1839198
7610400091060,false,שוקולד מריר לינדט אקסלנס בתוספת תפוז ושקדים,לינדט ושפרונגלי קילש,CH,שוקולד מריר לינדט אק,גרמים,100.00,100 גרם,false,,14.90,0.1490,true,1,2241276
7610700002681,false,ריקולה סוכריות ללא סוכר בטעם צמחים 50 גר',,CH,סוכריות ריקולה צמחים,גרמים,50.00,100 גרם,false,,12.90,0.2580,true,1,2239244
7610700009956,false,ריקולה ללא ת.סוכר סמבוקוס 50 גרם,,CH,סוכריות ריקולה צמחים,גרמים,50.00,100 גרם,false,,12.90,0.2580,true,1,2246984
7610700012642,false,ריקולה בשקית לימון מינט 70 גרם,ריקולה,CH,סוכריות ריקולה צמחים,גרמים,70.00,100 גרם,false,,9.90,0.1414,true,1,2270732
7610700607046,false,סוכריות צמחים לימון ומנטה ללא תוספת סוכר,ריקולה Ricola,CH,סוכריות ריקולה צמחים,גרמים,50.00,100 גרם,false,,12.90,0.2580,true,1,1376072
7610700607077,false,סוכריות צמחים תפוז ומנטה ללא תוספת סוכר,ריקולה Ricola,,סוכריות ריקולה צמחים,גרמים,50.00,100 גרם,false,,12.90,0.2580,true,1,1376073
7613030979647,false,דגני בוקר טריקס פירות עולם היורה 480 ג',ג'נרל מילס סאן אדריא,IL,דגני בוקר טריקס 480,גרמים,480.00,100 גרם,false,,23.90,0.0498,true,1,1865808
7613031608850,false,פיטנס Fitness דגני בוקר קלאסי,נסטלה צרפת איטנקורט,FR,פיטנס קלאסי 625 גרם,גרמים,625.00,100 גרם,false,,27.90,0.0446,true,1,1345288
7613032045753,false,פיטנס - דגני בוקר שוקולד 375 גרם,נסטלה צרפת איטנקורט,FR,פיטנס שוקולד 375 גרם,גרמים,375.00,100 גרם,false,,19.90,0.0531,true,1,1345289
7613033027672,false,נסקפה דולצה גוסטו אס,,,נסקפה דולצה גוסטו אס,גרמים,120.00,00000000000000000גרם,false,,28.90,0.2408,true,1,1417802
7613033548192,false,פיטנס - דגני בוקר שוקולד מריר 375 גרם,נסטלה צרפת איטנקורט,FR,פיטנס שוקולד מריר 375 גרם,גרמים,375.00,100 גרם,false,,19.90,0.0531,true,1,1345314
7613035635845,false,פיטנס גרנולה שוקולד 14*300 גרם,שוורצקוף& הנקל דיסלד,LT,פיטנס גרנולה שוקולד,גרמים,300.00,100 גרם,false,,12.90,0.0430,true,1,1462166
7613035758834,false,פיטנס גרנולה חמוציות 300 גרם,שוורצקוף& הנקל דיסלד,LT,פיטנס גרנולה חמוציות,גרמים,300.00,100 גרם,false,,12.90,0.0430,true,1,1514727
7613035807778,false,פרפקטו רוטב עגבניות לבולונז 400 ג' אסם,אסם פרפקטו Perfecto,ES,רוטב עגבניות לבלונז,גרמים,400.00,100 גרם,false,,8.90,0.0223,true,1,1514693
7613035809109,false,פרפקטו רוטב עגבניות ובזיליקום 400 ג'אסם,אסם פרפקטו Perfecto,ES,רוטב עגבניות ובזילקו,גרמים,400.00,100 גרם,false,,8.90,0.0223,true,1,1514694
7613035809123,false,פרפקטו רוטב עגבניות עם פלפלים 400 ג' אסם,אסם פרפקטו Perfecto,ES,רוטב עגבניות עם פלפל,גרמים,400.00,100 גרם,false,,8.90,0.0223,true,1,1514695
7613035809857,false,פרפקטו רוטב עגבניות לפסטה ולבישול 400 ג' אסם,אסם פרפקטו Perfecto,ES,רוטב עגבניות לפסטה ו,גרמים,400.00,100 גרם,false,,8.90,0.0223,true,1,1514696
7613036314114,false,נסקפה גולד Gold קפה נמס מיובש בתוספת קפה קלוי,נסקפה Nescafe,IL,נס קפה גולד,גרמים,200.00,100 גרם,false,,44.90,0.2245,true,1,1948835
7613036520492,false,פרפקטו רוטב עגבניות לפיצה 400 גרם,אסם פרפקטו Perfecto,ES,רוטב עגבניות לפיצה פ,גרמים,400.00,100 גרם,false,,8.90,0.0223,true,1,1873278
7613036710879,false,מארז מיני חטיפי קיט קט צ'אנקי Kit Kat Chanky,ליימן מותגים,DE,חטיף קיט קט מיני,גרמים,194.00,100 גרם,false,,12.90,0.0665,true,1,2031431
7613036737623,false,דגני בוקר קראנץ מקס,"אסם תעשיות בע""מ",IL,דגני בוקר קראנץ מקס,גרמים,410.00,100 גרם,false,,24.90,0.0607,true,1,1957374
7613036760195,false,נסקפה דולצה גוסטו אספרסו קפסולות אינטנסו 112 ג',דולצ'ה גוסטו Nescafe Dolce Gusto,,נסקפה דולצה גוסטו אס,גרמים,112.00,100 גרם,false,,28.90,0.2580,true,1,2134415
7613036867870,false,נסקפה דולצה גוסטו אספרסו בריסטה קפסולות 112 ג',נסטלה אנגליה,GB,נסקפה דולצה גוסטו אס,גרמים,112.00,100 גרם,false,,28.90,0.2580,true,1,2092691
7613036880534,false,גרבר מחית ירקות מעורבים מטרנה 190 גר',נסטלה פולסקה אס.איי,PL,גרבר מחית מרק ירקות,גרמים,190.00,100 גרם,false,,6.50,0.0342,true,1,2212850
7613036976671,false,פריסקיז פאוצ' עוף ברוטב 26*85גרם,נסטלה פורינה USA מק,FR,פריסקיז פאוצ' עוף,גרמים,85.00,100 גרם,false,,3.90,0.0459,true,1,2224034
7613036976695,false,פריסקיז - פאוץ בקר ברוטב 85 גרם,נסטלה פורינה הונגריה,HU,פריסקיז פאוצ' בקר,גרמים,85.00,100 גרם,false,,3.90,0.0459,true,1,2224035
7613037012095,false,פיטנס - גרנולה שוקולד קינואה ושקדים 300 גרם,CPW,BE,פיטנס גרנולה שוקולד,גרמים,300.00,100 גרם,false,,12.90,0.0430,true,1,2170770
7613037686906,false,פיטנס - דגני בוקר שקדים ודבש 355 גרם,נסטלה צרפת איטנקורט,FR,דגני בוקר פיטנס שקדי,גרמים,355.00,100 גרם,false,,19.90,0.0561,true,1,2215942
7613039770450,false,טבעול סנסשיונל בורגר 226 גרם,ג'נרל מילס סאן אדריא,IL,טבעול סנסשיונל בורגר,גרמים,226.00,100 גרם,false,,34.90,0.1544,true,1,2259210
7613039771174,false,טבעול סנסשיונל מינס טחון צמחוני 400 גרם,ג'נרל מילס סאן אדריא,IL,טבעול סנסשיונל מינס,גרמים,400.00,100 גרם,false,,34.90,0.0872,true,1,2259211
7613039879382,false,גרבר - מחית תפוחי עץ 190 גרם,נסטלה פולסקה אס.איי,PL,גרבר מחית תפוחי עץ,גרמים,190.00,100 גרם,false,,6.50,0.0342,true,1,2275421
7613039881521,false,גרבר - מחית מנגו 190 גרם,נסטלה פולסקה אס.איי,PL,גרבר מחית מנגו,גרמים,190.00,100 גרם,false,,6.50,0.0342,true,1,2271442
7613287121783,false,סמארטיס מיני 16*187 גרם,נסטלה Nestle,DE,חטיף סמרטיס מיני מאר,גרמים,187.00,100 גרם,false,,12.90,0.0690,true,1,2300338
7613287155832,false,גרבר מחית תפוחי עץ 90 גרם פאוץ,נסטלה פולסקה אס.איי,ES,גרבר מחית תפוח פאוץ,גרמים,90.00,100 גרם,false,,6.50,0.0722,true,1,2290987
7613287155863,false,מטרנה מחית אגס פאוץ' 90 גר',נסטלה פולסקה אס.איי,ES,גרבר מחית אגס פאוץ,גרמים,90.00,100 גרם,false,,5.90,0.0656,true,1,2275429
7613287155894,false,"גרבר - מחית אפרסק כל""פ פאוץ 90 גרם",נסטלה פולסקה אס.איי,ES,גרבר מחית אפרסק פאוץ,גרמים,90.00,100 גרם,false,,6.50,0.0722,true,1,2285412
7613287155924,false,מטרנה מחית תפוח וגזר פאוץ' 90 גר',נסטלה פולסקה אס.איי,ES,גרבר מחית תפוח גזר פ,גרמים,90.00,100 גרם,false,,5.90,0.0656,true,1,2275430
7613287162281,false,קפסולות קפה אספרסו גרנדה אינטנסו דולצ'ה גוסטו 144 ג',נסטלה אנגליה,GB,נסקפה דולצה גוסטו גר,גרמים,144.00,100 גרם,false,,28.90,0.2007,true,1,2299594
7613287182456,false,ויטמינציק מחית אגס בננה תפוח 110 גרם,"נסטלה ספרד ס.א, מפעל",ES,ויטמינצ'יק פרי אגס ת,גרמים,110.00,100 גרם,false,,6.90,0.0627,true,1,2310396
7613287325808,false,אוסם - דיפ אנד ספרד מטבל איולי שום 295 גרם,נסטלה פולין,PL,רוטב איולי שום 295 מ,מיליליטרים,295.00,"100 מ""ל",false,,13.90,0.0471,true,1,2313287
7613287325822,false,אוסם - דיפ אנד ספרד מטבל מיקס 295 גרם,נסטלה,PL,"רוטב מיקס 295 מ""ל",מיליליטרים,295.00,"100 מ""ל",false,,13.90,0.0471,true,1,2313288
7613287325853,false,אוסם - דיפ אנד ספרד מטבל איולי ספייסי 295 גרם,נסטלה פולין,PL,רוטב ספייסי איולי שו,מיליליטרים,295.00,"100 מ""ל",false,,13.90,0.0471,true,1,2313289
7613287325952,false,אוסם - דיפ אנד ספרד מטבל ברבקיו 345 גרם,דפטונה פולין,PL,רוטב ברביקיו לחיץ,מיליליטרים,345.00,"100 מ""ל",false,,13.90,0.0403,true,1,2313290
7613287325983,false,אוסם - דיפ אנד ספרד מטבל סלסה 335 גרם,דפטונה פולין,PL,רוטב סלסה לחיץ,מיליליטרים,335.00,"100 מ""ל",false,,13.90,0.0415,true,1,2313291
7613287476494,false,אוסם - דיפ אנד ספרד מיונז בסגנון צרפתי 280 גרם,נסטלה פולין,PL,מיונז לחיץ,מיליליטרים,280.00,"100 מ""ל",false,,13.90,0.0496,true,1,2313292
7613287476678,false,דגני בוקר סינימיניס צ'ורוס נסטלה 360 ג',נסטלה אוונקה,PT,דגני בוקר סינימיניס,גרמים,360.00,100 גרם,false,,24.90,0.0692,true,1,2310697
7613287821348,false,נתחוני עוף טבעוני סנסשיונל טבעול 350 ג',ג'נרל מילס סאן אדריא,CZ,נתחוני עוף טבעוני טב,גרמים,350.00,100 גרם,false,,34.90,0.0997,true,1,2313188
7613287855640,false,סטארבקס קפסולות קפה גוואטמלה 10 יחידות,נסטלה,CH,סטארבקס קפסולות גווא,גרמים,57.00,100 גרם,false,,21.90,0.3842,true,1,2362928
7614500035788,false,טובלרון שוקולד חלב 200 גרם,מונדליז,CH,שוקולד טובלרון חלב 2,גרמים,200.00,100 גרם,false,,11.90,0.0595,true,1,1781943
7622010001858,false,אוראו עוגיות ממולאות קרם וניל 176 גרם,פי אר ג'יי אס אי מנד,CZ,עוגיות אוראו 176 גרם,גרמים,176.00,100 גרם,false,,8.90,0.0506,true,1,1456413
7622201050757,false,שוקולד מילקה טבלת חלב עם קרמל 100 ג',מילקה Milka,DE,מילקה שוקולד קרמל 90,גרמים,90.00,100 גרם,false,,5.90,0.0656,true,1,1345946
7622201137052,false,אוראו מיני קוקיס - עוגיות שוקולד צ'יפס ותחתית מצופה שוקולד חלב,מונדלז אספנה גלטאס פ,ES,מילקה מיני קוקיז 110,גרמים,110.00,100 גרם,false,,8.90,0.0809,true,1,2299001
7622201139278,false,גבינת שמנת 27% שומן 150 ג' פילדלפיה,מיודלז אספניה פרודוק,ES,גבינת פילדלפיה שמנה,גרמים,150.00,100 גרם,false,,12.90,0.0860,true,1,2224533
7622201401900,false,עוגיות מילקה סנסיישן אוראו 156 גרם,מונדלז פולסקה פרודקש,PL,עוגיות מילקה סנסיישן,גרמים,156.00,100 גרם,false,,12.90,0.0827,true,1,2264553
7622201521493,false,גבינת פילדלפיה שום ועשבי תיבול 150 גרם,מיודלז אספניה פרודוק,ES,גבינת פילדלפיה שום ו,גרמים,150.00,100 גרם,false,,12.90,0.0860,true,1,2353936
7622201798154,false,גבינת שמנת לייט מופחתת שומן 13% שומן,מיודלז אספניה פרודוק,ES,גבינת פילדלפיה לייט,גרמים,150.00,100 גרם,false,,12.90,0.0860,true,1,2312947
7622201801809,false,מילקה שוקולד חלב עם אגוזים 100 גרם חדש,מנדלז דויצ'לנד סנקס,DE,מילקה שוקולד אגוזים,גרמים,100.00,100 גרם,false,,5.90,0.0590,true,1,2306145
7622201802363,false,שוקולד מילקה טבלה חלב צימוקים ואגוזים 100ג',מנדלז דויצ'לנד סנקס,PL,מילקה שוקולד צימוקים,גרמים,100.00,100 גרם,false,,5.90,0.0590,true,1,2306146
7622201802394,false,שוקולד מילקה חלב מסרונים 100 גרם,מנדלז דויצ'לנד סנקס,PL,מילקה שוקולד חלב 100,גרמים,100.00,100 גרם,false,,5.90,0.0590,true,1,2306147
7622201808631,false,אוראו מיני עוגיות ממולאות קרם וניל 67גרם,פי.טי. מונדלז אינדונ,ID,עוגיות אוראו מיני כו,גרמים,67.00,100 גרם,false,,7.90,0.1179,true,1,2306148
7622201813390,false,עוגיות מילקה וואפל במילוי קרם קקאו 150 ג,מונדליז סי.אר. ביסקו,CZ,מילקה וופל במילוי קר,גרמים,150.00,100 גרם,false,,12.90,0.0860,true,1,2293435
7622210078131,false,מילקה שוקולד חלב במילוי קרם שמנת 100 ג',מנדלז דויצ'לנד סנקס,PL,מילקה שוקולד 100 גרם,גרמים,100.00,100 גרם,false,,5.90,0.0590,true,1,1634793
7622210117762,false,"קוטדור בונבונירה בושה, 200 גרם כשל""פ",מונדליז,SK,שוקולד קוטדור בושה 2,גרמים,200.00,100 גרם,false,,14.90,0.0745,true,1,1814508
7622210137234,false,עוגיות אוראו עם דאבל קרים וניל 170 גר,מונדלייז,ES,עוגיות אוראו דאבל קר,גרמים,170.00,100 גרם,false,,7.90,0.0465,true,1,1507992
7622210163899,false,שוקולד חלב במילוי סוכריות עדשים,מונדלז דויצ'לנד סנקס,DE,מילקה שוקולד 100 גרם,גרמים,100.00,100 גרם,false,,5.90,0.0590,true,1,1891053
7622210453327,false,עוגיות שוקוצ'יפס במילוי שוקולד סנסיישן,מנדלז פולסקה פרודקשן,PL,עוגיות מילקה סנסיישן,גרמים,150.00,100 גרם,false,,12.90,0.0860,true,1,1777185
7622210464729,false,אוראו גולדן עוגיות וניל במילוי קרם וניל,אוראו Oreo,CZ,עוגיות אוראו גולדן 1,גרמים,154.00,100 גרם,false,,5.90,0.0383,true,1,2215702
7622210597915,false,פרלינים לבבות שוקולד חלב ממולא קרם נוגט,מונדלז בולגריה פרודק,BG,מילקה לבבות פרלינים,גרמים,110.00,100 גרם,false,,12.90,0.1173,true,1,2253246
7622210637994,false,מיני עוגיות אוראו קראנצ'י בייטס אורגינל,מונדלז אספניה ג'לאטס,ES,עוגיות אוראו ביס קרא,גרמים,110.00,100 גרם,false,,7.90,0.0718,true,1,2264554
7622210638021,false,מיני עוגיות אוראו קראנצ'י בייטס מצופים,מונדלז אספניה ג'לאטס,ES,עוגיות אוראו ביס קרא,גרמים,110.00,100 גרם,false,,7.90,0.0718,true,1,2264555
7622210826053,false,שוקולד מילקה אוראו סנדוויץ 92 גר',גיאורי קאקסז קייאףטי,HU,שוקולד מילקה אוראו ס,גרמים,96.00,100 גרם,false,,5.90,0.0615,true,1,2267765
7622210835338,false,אוראו עוגיות ממולאות טעם בראוניז 176 גרם,מנדלז אספנה גאלטס פר,ES,עוגיות אוראו בראוניז,גרמים,176.00,100 גרם,false,,8.90,0.0506,true,1,1891071
7622300270506,false,מילקה גריינס - עוגיות שיבולת שועל מצופות שוקולד 168 ג',מונדלז פולסקה פרודקש,PL,עוגיות מילקה שיבולת,גרמים,168.00,100 גרם,false,,12.90,0.0768,true,1,1345951
7622300315283,false,אוראו עוגיות ממולאות קרם וניל 154 גרם,"מונדלז CR פרודקשיין,",UA,עוגיות אוראו וניל 15,גרמים,154.00,100 גרם,false,,8.90,0.0578,true,1,2306149
7622300489427,false,עוגיות אוראו בציפוי שוקולד לבן 246 גרם,מנדלז אספנה גאלטס פר,ES,עוגיות אוראו בציפוי,גרמים,246.00,100 גרם,false,,12.90,0.0524,true,1,1858862
7622300489434,false,"עוגיות אוראו פאדג' בציפוי שוקולד חלב, 246 גרם",מנדלז אספנה גאלטס פר,ES,עוגיות אוראו בציפוי,גרמים,246.00,100 גרם,false,,12.90,0.0524,true,1,1858863
7622300495046,false,שוקולד מילקה אקסטרה קקאו 100 גרם,מנדלז דויצ'לנד סנקס,DE,מילקה אקסטרה קקאו 10,גרמים,100.00,100 גרם,false,,5.90,0.0590,true,1,1345955
7622300503079,false,"מילקה, עוגיות ביסקוויט מצופות שוקולד - 200 גרם",מונדלז פולסקה פרודקש,PL,עוגיות מילקה ביסקווי,גרמים,200.00,100 גרם,false,,12.90,0.0645,true,1,1345957
7622300617820,false,שוקלד מילקה טבלת חלב אוראו 100ג',מנדלז דויצ'לנד סנקס,PL,מילקה אוראו 100 גרם,גרמים,100.00,100 גרם,false,,5.90,0.0590,true,1,1345958
7622300761363,false,עוגיות מיני אוראו במילוי קרם בטעם שוקולד בכוס,פי.טי. מונדלז אינדונ,ID,עוגיות אוראו מיני כו,גרמים,67.00,100 גרם,false,,7.90,0.1179,true,1,1697632
7622400005190,false,שוקולד חלב נגיעות שוקולד לבן מילקה 100 ג,מנדלז דויצ'לנד סנקס,DE,מילקה שוקולד 100 גרם,גרמים,100.00,100 גרם,false,,5.90,0.0590,true,1,1345964
7622400006753,false,שוקולד קוטדור 70% קקאו 100 גרם,מונדליז,,שוקולד קוטדור מריר 1,גרמים,100.00,100 גרם,false,,12.90,0.1290,true,1,1345965
7622400013423,false,שוקולד קוטדור 86% קקאו 100 גרם,מונדליז,,שוקולד קוטדור מריר 1,גרמים,100.00,100 גרם,false,,12.90,0.1290,true,1,1345967
7630311507016,false,סטארבקס קפסולות קפה סאני דיי 10יח,סטארבקס Starbucks,CH,סטארבקס קפסולות סאני,גרמים,57.00,100 גרם,false,,21.90,0.3842,true,1,2341383
7630477891592,false,סטארבקס קפסולות קפה האוס בלנד 10 יחידות,סטארבקס Starbucks,CH,סטארבקס קפסולות האוס,גרמים,57.00,100 גרם,false,,21.90,0.3842,true,1,2256905
7630477891615,false,סטארבקס קפסולות קפה סומטרה 10 יחידות,סטארבקס Starbucks,CH,סטארבקס קפסולות סומט,גרמים,57.00,100 גרם,false,,21.90,0.3842,true,1,2256906
7630477891639,false,סטארבקס קפסולות קפה ורונה 10 יחידות,סטארבקס Starbucks,CH,סטארבקס קפסולות ורונ,גרמים,57.00,100 גרם,false,,21.90,0.3842,true,1,2256907
7630477891653,false,סטארבקס קפסולות קפה אספרסו נטול 10 יחידו,סטארבקס Starbucks,CH,סטארבקס קפסולות נטול,גרמים,57.00,100 גרם,false,,21.90,0.3842,true,1,2256908
7630477891677,false,סטארבקס קפסולות קפה פייק פלייס 10 יחידות,סטארבקס Starbucks,CH,סטארבקס קפסולות פייק,גרמים,57.00,100 גרם,false,,21.90,0.3842,true,1,2256909
7630477891714,false,סטארבקס קפסולות קפה אספרסו 10 יחידות,סטארבקס Starbucks,CH,סטארבקס קפסולות אספר,גרמים,57.00,100 גרם,false,,21.90,0.3842,true,1,2256911
7630477891738,false,סטארבקס קפסולות קפה אספרסו בלונד 10 יחיד,סטארבקס Starbucks,CH,סטארבקס קפסולות אספר,גרמים,57.00,100 גרם,false,,21.90,0.3842,true,1,2256912
7638900083071,false,סוללות אנרג'ייזר זוג,אנרג'ייזר,CN,"סוללות אנרג""יזר A76",יח',2.00,יח',false,,14.90,7.4500,true,1,2083041
7638900248333,false,סוללות ליתיום 2025 - זוג,אנרג'יזר Energizer,CN,"סוללות אנרג""יזר 2025",יח',2.00,יח',false,,19.90,9.9500,true,1,2083042
7638900248357,false,סוללות אנרג'ייזר ליתיום 2032זוג ריפרש,אנרג'ייזר,CN,"סוללות אנרג""יזר 2032",יח',2.00,יח',false,,19.90,9.9500,true,1,2083043
7638900295641,false,סוללות אנרג'ייזר זוג,אנרג'ייזר,CN,"סוללות אנרג""יזר A23",יח',2.00,יח',false,,19.90,9.9500,true,1,2083044
7638900426663,false,סוללת אדוונס פורמולה,אנרג'ייזר,US,סוללה 9V אנרג'ייזר,יח',1.00,יח',false,,22.90,22.9000,true,1,2219614
7638900426809,false,סוללת אנרגייזר זוג C,אנרג'יזר Energizer,US,סוללות C*,יח',2.00,יח',false,,19.90,9.9500,true,1,2239006
7702018263783,false,גילט מאך 3 סכיני גילוח 8 יח,פרוקטר אנד גמבל,,מאך 3 שמינייה,יח',8.00,יח',false,,69.90,8.7375,true,1,2021435
7702018263844,false,גילט 4 סכיני פיוזן פרוגלייד ידני,דיפלומט,PL,4 סכיני גילוח פיוזן,יח',4.00,יח',false,,79.90,19.9750,true,1,1346667
7702018271788,false,גילט דאו קליר גל 70 מל ספורט,פרוקטר אנד גמבל,PL,70 מל Sport דאו קליר ג'ל,מיליליטרים,70.00,"100 מ""ל",false,,19.90,0.2843,true,1,1346676
7702018321582,false,דאודורנט סטיק לגבר Pro G Cool Wave,פרוקטר אנד גמבל,US,דאו סטיק מתקדם 45 מל CW,גרמים,45.00,100 גרם,false,,16.90,0.3756,true,1,1346688
7702018401055,false,מכשיר גילוח ג'ילט ונוס סווירל Extra Smooth,ג'ילט ונוס Gillette Venus,PL,מכשיר גילוח לנשים ונ,יח',1.00,יח',false,,39.90,39.9000,true,1,2185867
7702018401147,false,ריבעיית סכיני גילוח פלקסיבול,ג'ילט ונוס Gillette Venus,,סכיני גילוח וונוס 4,יח',4.00,יח',false,,69.90,17.4750,true,1,1471550
7702018404476,false,קצף גילוח סירייס הגנה גילט 250 מל,פרוקטר אנד גמבל,PL,סירייס קצף גילוח 250,מיליליטרים,250.00,"100 מ""ל",false,,19.90,0.0796,true,1,1521135
7702018420476,false,מארז ונוס סווירל ידית + 3 סכינים ג'ילט,פרוקטר אנד גמבל,PL,ג'ילט מארז ונוס סווי,יח',4.00,יח',false,,41.90,10.4750,true,1,2077966
7702018439348,false,מארז ידית + 8 סכיני גילוח פיוז'ן 5 להבים,ג'ילט Gillette,DE,מכשיר גילוח + 8 סכינ,יח',8.00,יח',false,,84.90,10.6125,true,1,1709926
7702018458110,false,מכשיר גילט פיוזן ידני,מולינו ניקולי s.p.a,PL,מכשיר גילוח ג'ילט פי,יח',1.00,יח',false,,49.90,49.9000,true,1,1891009
7702018468447,false,גילט בלו 2 פלוס סכינים חד פעמיים עשירייה,דיפלומט,PL,סכיני גילוח אולטרה ג,יח',10.00,יח',false,,24.90,2.4900,true,1,2185868
7702018497447,false,סכיני גילוח ונוס סנסיטיב אקסטרה סמוט - 4 יח',ג'ילט ונוס Gillette Venus,PL,רביעיית סכיני ונוס ס,יח',4.00,יח',false,,54.90,13.7250,true,1,2249779
7702018852444,false,גילט פיוזן פאוור 5 מכשיר גילוח+1 סכין,דיפלומט,DE,מכשיר גילוח ג'ילט פי,יח',1.00,יח',false,,49.90,49.9000,true,1,1346702
7702018866984,false,גילט פיוזן ידני סכיני גילוח 4 יחידות,תות ממתקי איכות,PL,4 סכיני גילוח פיוז'ן ידני,יח',4.00,יח',false,,69.90,17.4750,true,1,1346703
7702018978106,false,"ג'ילט - דאודורנט ג'ל לגבר ארטיק אייס 70 מ""ל",פרוקטר אנד גמבל,PL,דאודורנט קליר ג'ל AI,מיליליטרים,70.00,"100 מ""ל",false,,19.90,0.2843,true,1,1346715
7702018978120,false,"ג'ילט - דאודורנט ג'ל לגבר קול וייב 70 מ""ל",פרוקטר אנד גמבל,PL,דאודורנט קליר ג'ל CW,מיליליטרים,70.00,"100 מ""ל",false,,19.90,0.2843,true,1,1346716
7702018980833,false,"ג'ילט ג'ל גילוח סירייס מועשר בלחות - 200 מ""ל",פרוקטר אנד גמבל,GB,ג'ל גילוח ג'ילט סירי,מיליליטרים,200.00,"100 מ""ל",false,,17.90,0.0895,true,1,1521136
7702024074625,false,פיטנס - חטיפי קרקר חיטה מלאה 234 גרם,קומסטיבלס לה רוזה אס,CO,חטיפי קרקר חיטה מלאה,גרמים,234.00,100 גרם,false,,10.90,0.0466,true,1,1957375
7702174068826,false,סוכריות לקקן במילוי טופי בטעמי יוגורט פירות,הדקלאים אגודת שיתופי,EC,סוכריות לקקן יוגטה-פ,גרמים,216.00,100 גרם,false,,10.90,0.0505,true,1,1365501
7702174068833,false,סוכריות לקקן במילוי טופי בטעמי גלידת פירות,הדקלאים אגודת שיתופי,EC,סוכריות לקקן יוגטה ע,גרמים,216.00,100 גרם,false,,10.90,0.0505,true,1,1365502
7702174070201,false,יוגטה מגיק סוכריות בטעם מסטיק ממולא טופי,הדקלאים אגודת שיתופי,EC,סוכריות לקקן יוגטה-מ,גרמים,216.00,100 גרם,false,,10.90,0.0505,true,1,1365505
7702174073844,false,לקקן יוגטה פין פופ פירות 48 יח 672 גרם,הדקלאים אגודת שיתופי,CO,לקקן פין פופ 48 יח,100 יח',48.00,100 יח',false,,19.90,0.4146,true,1,1800430
7792860006218,false,סוכריות לקקנים בייבי דול Baby Doll לריטר,גוד פוד פרודקטס S.p,AR,בייבידול לקקן 24 גרם,גרמים,24.00,100 גרם,false,,2.00,0.0833,true,1,1358091
7804414001614,false,יין דון חוליו שיראז,צ'ילה לואיס פיליפה א,,יין שירז,מיליליטרים,750.00,"100 מ""ל",false,,29.90,0.0399,true,1,1372755
7891024027998,false,קולגייט מי פה טוטאל הגנה מפני אבן 500 מל,קולגייט פלמוליב,BR,מי פה קולגייט טוטאל,מיליליטרים,500.00,"100 מ""ל",false,,29.90,0.0598,true,1,2361525
7891024030974,false,"קולגייט משחת שיניים טריפל אקשן 75 מ""ל",הנסיך- מפעל לייצור ט,BR,קולגייט טריפל אקשן 7,גרמים,75.00,100 גרם,false,,6.90,0.0920,true,1,1530738
7891024130063,false,"קולגייט מי פה פלאקס ללא אלכוהול 500 מ""ל מהדרין",קולגייט Colgate,BR,קולגייט מי פה פלאקס סופט,גרמים,500.00,100 גרם,false,,29.90,0.0598,true,1,1377937
8000070053472,false,קפסולות קרמה גוסטו קלאסיקו חוזק 12 57 ג' לוואצה,לואיג'י לוואצה,IT,מארז 10 קפסולות קרמה,גרמים,57.00,100 גרם,false,,19.90,0.3491,true,1,2372729
8000070059832,false,קפסולות קרמה גוסטו ריקו חוזק 11 55 ג' לוואצה,לואיג'י לוואצה,IT,מארז 10 קפסולות קרמה,גרמים,55.00,100 גרם,false,,19.90,0.3618,true,1,2372731
8000113003402,false,"קמח תירס בוואקום 1 ק""ג","כד בני דרום בע""מ",IT,קמח תירס בווקום 1 קג,קילוגרמים,1.00,"ק""ג",false,,15.90,15.9000,true,1,1348231
8000193000452,false,"אורז ריזוטו ארבוריו 1 ק""ג (10)",,,ארבוריו ריזוטו אורז,קילוגרמים,1.00,"ק""ג",false,,19.90,19.9000,true,1,1391365
8000215204219,false,משקה אורז - אורגני 1 ליטר,בטר אנד דיפרנט,IT,משקה אורז אורגני 1 ל,ליטרים,1.00,ליטר,false,,13.90,13.9000,true,1,1517905
8000215204240,false,משקה שקדים ואורז - אורגני 1 ליטר,בטר אנד דיפרנט,IT,משקה אורז אורגני 1 ל,ליטרים,1.00,ליטר,false,,13.90,13.9000,true,1,1517804
8000215204264,false,ויטריז - משקה אורז אישי אישי 200 גר,בטר אנד דיפרנט,IT,משקה אורז אישי 200 מ,מיליליטרים,200.00,"100 מ""ל",false,,3.90,0.0195,true,1,1517707
8000320010095,false,"רוטב עגבניות במרקם עדין 700 מ""ל MUTTI",קונסרב,IT,רוטב עגבניות פסאטה צ,מיליליטרים,700.00,"100 מ""ל",false,,8.90,0.0127,true,1,2371518
8000380003723,false,גרנד פטיסרי עוגיות וופל אגוזים 100ג',קריניציה ויטמינה אס,IT,עוגיות גרנד פטיסרי 100 ג,גרמים,100.00,100 גרם,false,,9.90,0.0990,true,1,1365506
8000380003761,false,וופל גרנדה פטיסרי קוקוס שוקולד 100ג',קריניציה ויטמינה אס,IT,עוגיות גרנד פטיסרי 100 ג,גרמים,100.00,100 גרם,false,,9.90,0.0990,true,1,1365507
8000380004669,false,וופל לואקר סנדוויץ קוביות ושוקולד 200ג',"א. לואקר, קונפקט ג'י",AT,וופל קקאו 200 גרם,גרמים,200.00,100 גרם,false,,12.90,0.0645,true,1,1365509
8000380004676,false,קוביות וופל סנדוויץ Sandwich עם וניל וחלב,"א. לואקר, קונפקט ג'י",AT,וופל וניל 200 גרם,גרמים,200.00,100 גרם,false,,12.90,0.0645,true,1,1365510
8000380004911,false,קוביות וופל קואדרטיני Quadratini קרם אגוזים,קריניציה ויטמינה אס,AT,וופל קוארדטיני אגוז 250 ג,גרמים,250.00,100 גרם,false,,14.90,0.0596,true,1,1365512
8000380004942,false,וופל לואקר קוארדטיני קוביות ווניל 250ג',ליימן מותגים,AT,קואדרטיני וניל 250 גר,גרמים,250.00,100 גרם,false,,14.90,0.0596,true,1,1365513
8000380004966,false,וופל קוארדטיני לואקר קוביות שוקולד 250ג',קריניציה ויטמינה אס,AT,וופל קוארדטיני קקאו 250 ג,גרמים,250.00,100 גרם,false,,14.90,0.0596,true,1,1365514
8000380007219,false,וופל לואקר אגוז קלאסי 175ג',ליימן מותגים,AT,וופל לואקר אגוז 175 גרם,גרמים,175.00,100 גרם,false,,10.00,0.0571,true,1,1365516
8000380007257,false,וופל גרנדה מצופה שוקולד 200ג',קריניציה ויטמינה אס,IT,וופל גרדנה 200 גרם,גרמים,200.00,100 גרם,false,,14.90,0.0745,true,1,1365517
8000380007264,false,וופל לואקר קקאו 175 גרם,קריניציה ויטמינה אס,AT,וופל לואקר קקאו 175 גרם,גרמים,175.00,100 גרם,false,,10.00,0.0571,true,1,1365518
8000380007271,false,וופל לואקר קרם חלב 175ג',ליימן מותגים,AT,וופל לואקר חלב 175 גרם,גרמים,175.00,100 גרם,false,,10.00,0.0571,true,1,1365519
8000380106028,false,טורטינה לואקר וופל שוקולד ואגוזים שישיה 125ג',קריניציה ויטמינה אס,IT,טורטינה אורגינל 1/6 125 ג,גרמים,125.00,100 גרם,false,,15.90,0.1272,true,1,1365520
8000380144044,false,וופל גרדנה לואקר שוקולד 200ג',"א. לואקר , AG/SpA, ו",IT,וופל גרדנה שוקולד 200 ג,גרמים,200.00,100 גרם,false,,14.90,0.0745,true,1,1365522
8000380152728,false,מארז חטיפי אצבעות גרנדה שוקולד 125 גרם,"אינסטנטה בע""מ",IT,מארז חטיפי אצבעות גרנדה ש,גרמים,125.00,100 גרם,false,,14.90,0.1192,true,1,1365528
8000380153534,false,מארז וופל שוקולד טורטינה Tortina שוקולד לבן,ליימן מותגים,IT,טורטינה לבן 1/6 125 גר לו,גרמים,125.00,100 גרם,false,,15.90,0.1272,true,1,1365529
8000380156573,false,לואקר בונבוניירה ורד הדולמיטים 150 גרם,קריניציה ויטמינה אס,IT,שוקולד דולומיטים מגו,גרמים,150.00,100 גרם,false,,19.90,0.1327,true,1,1934807
8000380156825,false,שוקולד לואקר חלב 87 גרם,ליימן מותגים,IT,שוקולד לואקר חלב 87 גרם,גרמים,87.00,100 גרם,false,,7.90,0.0908,true,1,1365531
8000380156849,false,שוקולד לואקר מריר 87 גרם,ליימן מותגים,IT,שוקולד לואקר מריר 87 גרם,גרמים,87.00,100 גרם,false,,7.90,0.0908,true,1,1365533
8000380156856,false,שוקולד לואקר לבן 87 גרם,ליימן מותגים,IT,שוקולד לואקר לבן 87 גרם,גרמים,87.00,100 גרם,false,,7.90,0.0908,true,1,1365534
8000380157440,false,שוקולד חלב עם וופל במילוי קרם אגוזי לוז,"אינסטנטה בע""מ",IT,שוקולד לואקר חלב,גרמים,85.00,100 גרם,false,,5.90,0.0694,true,1,1514405
8000380180721,false,לואקר וופל קקאו במילוי קרם חלבי 175 גר,קריניציה ויטמינה אס,AT,וופל לואקר 175 גרם,גרמים,175.00,100 גרם,false,,10.00,0.0571,true,1,1456540
8000380180745,false,קוביות וופל קואדרטיני קקאו במילוי קר חלב,"א. לואקר, קונפקט ג'י",AT,וופל לואקר שוקו חלב,גרמים,250.00,100 גרם,false,,14.90,0.0596,true,1,1456541
8000380180837,false,וופל שוקולד לבן וקוקוס גראן פטיסרי Gran Pasticceria,"אינסטנטה בע""מ",IT,לואקר גרנד אגוזים 10,גרמים,100.00,100 גרם,false,,9.90,0.0990,true,1,1504813
8000380181032,false,"לואקר גרדנה חטיפי אצבעות אגוזים ושוקולד לבן, 125 גרם","אינסטנטה בע""מ",IT,חטיפי שוקולד אגוז גר,גרמים,125.00,100 גרם,false,,14.90,0.1192,true,1,1504814
8000380187300,false,עוגיות חמאה עם שוקולד חלב לואקר 120 גר,לואקר Loacker,AT,עוגיות פתיתי שלג 120,גרמים,120.00,100 גרם,false,,14.90,0.1242,true,1,2272120
8000380192151,false,טורטינה טריפל שוקולד מריר 125 גר לואקר,ליימן מותגים,IT,שוקולד טורטינה 1/6 ט,גרמים,125.00,100 גרם,false,,15.90,0.1272,true,1,2340805
8000380192199,false,וופל לואקר דאבל שוקולד 175 גרם,ליימן מותגים,AT,וופל לואקר 175 גרם,גרמים,175.00,100 גרם,false,,10.00,0.0571,true,1,2135310
8000380192243,false,וופלים לואקר מקסי בטעם אגוז 200 גר',לואקר Loacker,IT,ופלים מלבנים פריכיים,גרמים,200.00,100 גרם,false,,12.90,0.0645,true,1,2327245
8000380192250,false,וופלים לואקר מקסי בטעם שוקולד 200 גר',לואקר Loacker,IT,ופל שוקולד מקסי לואק,גרמים,200.00,100 גרם,false,,12.90,0.0645,true,1,2327260
8000380201549,false,שישייה גרנד פטיסרי קוקוס,ליימן מותגים,IT,שוקולד טורטינה 1/6 ק,גרמים,126.00,100 גרם,false,,16.90,0.1341,true,1,2320664
8000380205523,false,וופל לואקר קלאסיק חמאת בוטנים 175 גר,ליימן מותגים,AT,וופל לואקר 175 גרם,גרמים,175.00,100 גרם,false,,10.00,0.0571,true,1,2347687
8000380206896,false,וופל לואקר גרדנה חמאת בוטנים 200 גר,ליימן מותגים,IT,וופל גרדנה 200 גרם,גרמים,200.00,100 גרם,false,,14.90,0.0745,true,1,2347658
8000392503136,false,פומפה+מקל,מ.א ייצור ושיווק מטל,CN,פומפה 1/48,יח',1.00,יח',false,,7.90,7.9000,true,1,1365755
8000500009673,false,בונבוניירה פררו רושה 300 גרם,קדבורי,IT,שוקולד פררו רושר 300,גרמים,300.00,100 גרם,false,,46.90,0.1563,true,1,1365535
8000500018828,false,קינדר אצבעות שוקולד חצי מטר 300 גר,קדבורי,IT,שוקולד אצבעות קינדר,גרמים,300.00,100 גרם,false,,19.90,0.0663,true,1,1764432
8000500023624,false,חטיפי הפי היפו Happy Hippo במילוי קרם חלב וקקאו,קינדר Kinder,IT,הפי היפו חמישייה,גרמים,103.50,100 גרם,false,,12.90,0.1246,true,1,1365536
8000500023976,false,בונבוניירה רפאלו 150 גרם,פררו Ferrero,PL,חטיף רפאלו שוקולד 15,גרמים,150.00,100 גרם,false,,14.90,0.0993,true,1,1365537
8000500026731,false,שוקולד ביצי הפתעה קינדר שלישייה,קינדר Kinder,IT,ביצת הפתעה קינדר שלי,גרמים,60.00,100 גרם,false,,14.90,0.2483,true,1,1412372
8000500028124,false,קינדר גוי ביצת הפתעה מארז שלישיה,ליימן שליסל,ZA,ביצת הפתעה מארז שליש,גרמים,60.00,100 גרם,false,,14.90,0.2483,true,1,2363813
8000500029350,false,מארז וופל מצופה 3יח' *43 גרם קינדר בואנו,קינדר Kinder,PL,קינדר בואנו 3 יח שוק,גרמים,129.00,100 גרם,false,,9.90,0.0767,true,1,1365539
8000500032237,false,בונבוניירה פררו רושר 375 גר,פררו Ferrero,IT,שוקולד פררו רושר 375,גרמים,375.00,100 גרם,false,,44.90,0.1197,true,1,1365540
8000500037874,false,בונבוניירה פררו רושה 200 גרם,פררו Ferrero,IT,שוקולד פררו רושר 200,גרמים,200.00,100 גרם,false,,24.90,0.1245,true,1,1365541
8000500071083,false,אצבעות שוקולד קינדר Kinder שש עשרה יחידות,קינדר Kinder,IT,שוקולד קינדר אצבעות,גרמים,200.00,100 גרם,false,,11.90,0.0595,true,1,1365543
8000500121436,false,מארז קינדר בואנו Kinder Bueno לבן שלוש יחידות,קינדר Kinder,PL,קינדר בואנו 3 יח לבן,גרמים,117.00,100 גרם,false,,9.90,0.0846,true,1,1365546
8000500167656,false,קינדר שוקולד עם דגנים סיריאל 94 ג',פררו,IT,שוקולד קינדר סיריאל,גרמים,94.00,100 גרם,false,,7.90,0.0840,true,1,2269145
8000500172810,false,סוכריות בטעם תות שדה מנטה- מארז רביעייה,טיק טק Tic Tac,EC,סוכריות טיק-טק רביעי,גרמים,64.00,100 גרם,false,,9.90,0.1547,true,1,1365549
8000500227848,false,נוטלה - בי רדי אצבעות ביסקוויט במילוי שוקולד 6 יח' * 22 גרם,פררו,IT,נוטלה בי-ריידי וופל,גרמים,132.00,100 גרם,false,,9.90,0.0750,true,1,1892553
8000500249352,false,קינדר בואנו מיני מיקס שקית 205 ג',קדבורי,PL,קינדר בואנו מיני מיק,גרמים,205.00,100 גרם,false,,17.90,0.0873,true,1,1760574
8000500256213,false,קינדר שוקולד מיני בשקית.,קדבורי,IT,קינדר שוקולד מיני,גרמים,120.00,100 גרם,false,,9.90,0.0825,true,1,2109375
8000500267103,false,קינדר דליס עוגת ספוג קקאו במילוי חלבי*10,קינדר Kinder,IT,קינדר דליס מארז עשיר,גרמים,390.00,100 גרם,false,,19.90,0.0510,true,1,1950469
8000500269169,false,קינדר קארדס Kinder Cards - חמישייה,קינדר Kinder,IT,קינדר קארדס חמישייה,גרמים,128.00,100 גרם,false,,12.90,0.1008,true,1,2360841
8000500294345,false,רושר איש שלג שוקולד חלב ואגוזי לוז 90 גר,פררו,PL,שוקולד איש שלג פררו,גרמים,90.00,100 גרם,false,,13.90,0.1544,true,1,2215905
8000500328750,false,כדור וופל פריך מצופה שוקולד פררו רושר 141 ג',פררו,DE,פררו קולקשן פררו רונ,גרמים,141.00,100 גרם,false,,26.90,0.1908,true,1,2309043
8000500353738,false,רביעיה סוכריות בטעם מנטה חזק 4 * 16 ג' טחק טק,פררו,EC,סוכריות טיק-טק רביעי,גרמים,64.00,100 גרם,false,,9.90,0.1547,true,1,2268088
8000500360262,false,קינדר שוקולד דמויות חנוכה,General,PL,שוקולד קינדר חנוכיה.,גרמים,135.00,100 גרם,false,,16.90,0.1252,true,1,2269146
8000500374429,false,פררו גרנד רושה מעטפת שוקולד חלב 125 גרם,פררו,IT,שוקולד גרנד רושה 125,גרמים,125.00,100 גרם,false,,15.90,0.1272,true,1,2309037
8000500386941,false,"ממרח קקאו עם אגוזי לוז, 900 גרם",קדבורי,IT,ממרח נוטלה 900 גרם,גרמים,900.00,100 גרם,false,,27.90,0.0310,true,1,2351564
8001003100164,false,יוגטה סוכריות גילי בטעם פירות 450 גר,יוגטה yogueta,IT,סוכריות ג'לי,גרמים,450.00,100 גרם,false,,9.90,0.0220,true,1,1934049
8001003100218,false,סוכריות יוגטה ג'לי פירות 800 גר',תות ממתקי איכות,IT,סוכריות גומי יוגטה ג,גרמים,800.00,100 גרם,false,,19.90,0.0249,true,1,1365552
8001010062844,false,חומץ בלסמי 500 מל כשר,פונט סלאם וולנסיה,IT,חומץ בלסמי PONTI,מיליליטרים,500.00,"100 מ""ל",false,,17.90,0.0358,true,1,2324895
8001090015969,false,פיירי טבליות למדיח פלטינום 63 יחידות,דיפלומט,BE,טבליות פיירי למדיח כ,יח',63.00,יח',false,,59.90,0.9508,true,1,1534995
8001090184375,false,"נוזל כלים פיירי 900 מ""ל ירוק אורגינל",פרוקטר אנד גמבל,GB,"פיירי אורגינל 900 מ""",מיליליטרים,900.00,"100 מ""ל",false,,12.90,0.0143,true,1,2355724
8001090184412,false,"פיירי נוזל לניקוי כלים לימון שקוף, 900 מ""ל",פרוקטר אנד גמבל,GB,"פיירי לימון 900 מ""ל",מיליליטרים,900.00,"100 מ""ל",false,,12.90,0.0143,true,1,2355725
8001090222541,false,"שמפו הרבל אסנסס תות שדה ומנטה 400 מ""ל",הרבל אסנס Herbal Essences,FR,שמפו הרבל אסנסס תות,מיליליטרים,400.00,"100 מ""ל",false,,14.90,0.0373,true,1,2206511
8001090222572,false,"מרכך הרבל אסנסס תות שדה ומנטה 400 מ""ל",הרבל אסנס Herbal Essences,FR,מרכך הרבל אסנסס תות,מיליליטרים,400.00,"100 מ""ל",false,,14.90,0.0373,true,1,2206512
8001090290939,false,"משחת שיניים אורל בי 3D white לבן בוהק 500 מ""ל",פרוקטר אנד גמבל,DE,אורל בי משחת שיניים,מיליליטרים,75.00,"100 מ""ל",false,,19.90,0.2653,true,1,2271526
8001090336491,false,פמפרס בייבי דריי חיתולים מידה +4 31 יח,פרוקטר אנד גמבל,DE,פמפרס בייבי דריי מיד,יח',31.00,יח',false,,34.90,1.1258,true,1,2220123
8001090336521,false,פמפרס בייבי דריי חיתולים מידה 5 30 יח,פרוקטר אנד גמבל,DE,פמפרס בייבי דריי מיד,יח',30.00,יח',false,,34.90,1.1633,true,1,2220124
8001090379337,false,פמפרס פרימיום קר חיתולים שלב 3 40 יח VP,פרוקטר אנד גמבל,PL,חיתולי פמפרס פרימיום,יח',40.00,יח',false,,32.90,0.8225,true,1,1737297
8001090379368,false,פמפרס פרימיום קר חיתולים שלב 4 34 יח VP,פרוקטר אנד גמבל,PL,חיתולי פמפרס פרימיום,יח',34.00,יח',false,,32.90,0.9676,true,1,1737298
8001090379399,false,פמפרס פרימיום קר חיתולים שלב 5 30 יח VP,פרוקטר אנד גמבל,PL,חיתולי פמפרס פרימיום,יח',30.00,יח',false,,32.90,1.0967,true,1,1737299
8001090458322,false,"פיירי ורדים ומשי 1015 מ""ל",פרוקטר & גמבל,GB,פיירי 1.015 ליטר ורד,ליטרים,1.01,ליטר,false,,17.90,17.7228,true,1,1655081
8001090458353,false,סבון כלים פעולה אנטי-בקטריאלית אקליפטוס,פרוקטר אנד גמבל,US,"פיירי 515 מ""ל אנטי ב",מיליליטרים,515.00,"100 מ""ל",false,,11.90,0.0231,true,1,1640147
8001090493637,false,"הד אנד שולדרס שמפו אולטרא טוטאל קר 450 מ""ל",פרוקטר אנד גמבל,RO,שמפו הד אנד שולדרס 4,מיליליטרים,450.00,"100 מ""ל",false,,20.90,0.0464,true,1,2001533
8001090580122,false,"הד אנד שולדרס שמפו סופרים משקם 400 מ""ל",פרוקטר אנד גמבל,FR,שמפו משקם הד אנד שול,מיליליטרים,400.00,"100 מ""ל",false,,20.90,0.0522,true,1,2099771
8001090678195,false,"מרכך הד&שולדרס סופרים לחות 275 מ""ל",פרוקטר אנד גמבל,FR,מרכך לחות הד אנד שול,מיליליטרים,275.00,"100 מ""ל",false,,11.90,0.0433,true,1,2099772
8001090678614,false,"שמפו סופרים לחות הד אנד שולדרס 400 מ""ל",פרוקטר אנד גמבל,FR,שמפו לחות הד אנד שול,מיליליטרים,400.00,"100 מ""ל",false,,20.90,0.0522,true,1,2099775
8001090721099,false,טבליות ג'ל לכביסה 3 ב-1 בניחוח אביב הרים,פרוקטר אנד גמבל,FR,אריאל קפסולות לכביסה,יח',27.00,יח',false,,37.90,1.4037,true,1,1926001
8001090721129,false,אריאל קפסולות גל לכביסה 3ב1 קולור 27 יח,פרוקטר אנד גמבל,FR,אריאל קפסולות לכביסה,יח',27.00,יח',false,,37.90,1.4037,true,1,1926011
8001090734044,false,מגן תחתון אולוויז מגה פק לארג פרש 64 יח,פרוקטר אנד גמבל,UA,אולוויז 64 יחידות מ,יח',64.00,יח',false,,21.90,0.3422,true,1,1820271
8001090737809,false,אולוויז מגן תחתון סינגל טנגה 36 יחידות,פרוקטר אנד גמבל,ES,אולדייז טנגה 36 יחיד,יח',36.00,יח',false,,14.90,0.4139,true,1,1820943
8001090740717,false,מגני תחתון אולוויז נורמל עם ניחוח רענן Fresh Scent,פרוקטר אנד גמבל,DE,אולוויז 76 יחידות מ,יח',76.00,יח',false,,21.90,0.2882,true,1,1820944
8001090745903,false,אבקת כביסה טייד פרש אלפיין 4 קג,פרוקטר אנד גמבל,TR,"טייד אלפין 4 ק""ג",קילוגרמים,4.00,"ק""ג",false,,34.90,8.7250,true,1,1926002
8001090802385,false,קפסולות גל לכביסה טייד בניחוח לנור 26 יח,פרוקטר אנד גמבל,FR,טייד קפסולות ג'ל בני,יח',26.00,יח',false,,34.90,1.3423,true,1,2146151
8001090832450,false,"שמפו פנטן הנוסחה הקלאסית 660 מ""ל",פרוקטר אנד גמבל,RO,פנטן שמפו קלאסית 660,מיליליטרים,660.00,"100 מ""ל",false,,19.90,0.0302,true,1,2241956
8001090832535,false,"שמפו פנטן שמן מרוקאי משקם 660 מ""ל",פרוקטר אנד גמבל,RO,פנטן שמפו קלאסית 660,מיליליטרים,660.00,"100 מ""ל",false,,19.90,0.0302,true,1,2241963
8001090832573,false,"שמפו פנטן לחות מוגברת 660 מ""ל",פרוקטר אנד גמבל,RO,פנטן שמפו קלאסית 660,מיליליטרים,660.00,"100 מ""ל",false,,19.90,0.0302,true,1,2241964
8001090832610,false,"שמפו פנטן למגע רך כמשי 660 מ""ל",פרוקטר אנד גמבל,RO,פנטן שמפו קלאסית 660,מיליליטרים,660.00,"100 מ""ל",false,,19.90,0.0302,true,1,2241965
8001090832696,false,"פנטן שמפו לתלתלים מושלמים 660 מ""ל",פרוקטר אנד גמבל,RO,פנטן שמפו קלאסית 660,מיליליטרים,660.00,"100 מ""ל",false,,19.90,0.0302,true,1,2241966
8001090832771,false,"פנטן שמפו להזנת קרטין 660 מ""ל",פרוקטר אנד גמבל,RO,פנטן שמפו קלאסית 660,מיליליטרים,660.00,"100 מ""ל",false,,19.90,0.0302,true,1,2241972
8001090832818,false,מרכך פנטן הנוסחה הקלאסית לשיער רגיל ומעורב,פרוקטר אנד גמבל,RO,מרכך קונדישינר פנטן,מיליליטרים,660.00,"100 מ""ל",false,,19.90,0.0302,true,1,2241973
8001090832856,false,"קונדישנר פנטן מרוקאי משקם 660 מ""ל",פרוקטר אנד גמבל,RO,מרכך קונדישינר פנטן,מיליליטרים,660.00,"100 מ""ל",false,,19.90,0.0302,true,1,2242008
8001090832894,false,מרכך לשיער חלש ופגום לחות מוגברת,פרוקטר אנד גמבל,RO,מרכך קונדישינר פנטן,מיליליטרים,660.00,"100 מ""ל",false,,19.90,0.0302,true,1,2242009
8001090832931,false,"קונדישנר פנטן למגע רך כמשי 660 מ""ל",פרוקטר אנד גמבל,RO,מרכך קונדישינר פנטן,מיליליטרים,660.00,"100 מ""ל",false,,19.90,0.0302,true,1,2242010
8001090832979,false,"פנטן מרכך לתלתלים מושלמים 660 מ""ל",פרוקטר אנד גמבל,RO,מרכך קונדישינר פנטן,מיליליטרים,660.00,"100 מ""ל",false,,19.90,0.0302,true,1,2242011
8001090833051,false,"פנטן מרכך הזנת קרטין 660 מ""ל",פרוקטר אנד גמבל,RO,מרכך קונדישינר פנטן,מיליליטרים,660.00,"100 מ""ל",false,,19.90,0.0302,true,1,2242012
8001090833136,false,אריאל ג'ל כביסה בייבי 2.255 ליטר,פרוקטר אנד גמבל,FR,אריאל ג'ל בייבי,ליטרים,2.26,ליטר,false,,32.90,14.5575,true,1,2033278
8001090833167,false,גל כביסה אריאל בניחוח הרים 2.365 ליטר,פרוקטור אנד גמבל,FR,אריאל ג'ל 2.365 ליטר,ליטרים,2.37,ליטר,false,,32.90,13.8819,true,1,2033279
8001090833198,false,אריאל נוזל כביסה 2.47 ליטר ניחוח מרענן,פרוקטור אנד גמבל,FR,אריאל ג'ל 2.365 ליטר,ליטרים,2.37,ליטר,false,,32.90,13.8819,true,1,2033280
8001090833228,false,אריאל ג'ל כביסה קולור 2.365 ליטר,פרוקטר אנד גמבל,FR,אריאל ג'ל 2.365 ליטר,ליטרים,2.37,ליטר,false,,32.90,13.8819,true,1,2033281
8001090833259,false,גל כביסה אריאל בניחוח הרים 3.740 ליטר,פרוקטר אנד גמבל,FR,אריאל ג'ל 3.74 ליטר,ליטרים,3.74,ליטר,false,,42.90,11.4706,true,1,2033282
8001090886385,false,לנור כדוריות הריח בניחוח רענן 140 גרם,פרוקטר אנד גמבל,US,מבשמי כדוריות לנור 1,גרמים,140.00,100 גרם,false,,19.90,0.1421,true,1,2261189
8001090891273,false,לנור כדוריות בושם בניחוח סחלב 210 גרם,פרוקטר אנד גמבל,US,מבשמי כדוריות לנור ב,גרמים,210.00,100 גרם,false,,25.90,0.1233,true,1,2261190
8001090899194,false,תחבושות אולוויז פלטינום נורמל 24 יח',פרוקטר אנד גמבל,DE,תחבושות אולוויז פלטי,יח',24.00,יח',false,,19.90,0.8292,true,1,2212916
8001090899224,false,תחבושות אולוויז פלטינום לונג 20 יח',פרוקטר אנד גמבל,DE,תחבושות אולוויז פלטי,יח',20.00,יח',false,,19.90,0.9950,true,1,2212917
8001090899255,false,תחבושות אולוויז פלטינום לילה 16 יח',פרוקטר אנד גמבל,DE,תחבושות אולוויז פלטי,יח',16.00,יח',false,,19.90,1.2437,true,1,2212918
8001090899286,false,תחבושות אולוויז פלטינום לילה בטוח 14 יח',פרוקטר אנד גמבל,DE,תחבושות אולוויז פלטי,יח',14.00,יח',false,,19.90,1.4214,true,1,2212919
8001090943095,false,סבון כלים פעולה אנטי-בקטריאלית אקליפטוס,פיירי Fairy,,פיירי אנטי בקטריאלי,ליטרים,1.01,ליטר,false,,17.90,17.7228,true,1,2001537
8001090992338,false,פיירי טבליות למדיח פלטינום פלוס 50 יחידו,פרוקטר אנד גמבל,BE,טבליות פיירי למדיח כ,יח',50.00,יח',false,,59.90,1.1980,true,1,2227894
8001160000888,false,"גטורייד משקה ספורט תפוז 500 מ""ל",ALOE VERA HEAVEN SRL,IT,משקה ספורט גטורייד,מיליליטרים,500.00,"100 מ""ל",false,,9.90,0.0198,true,1,1345412
8001250003652,false,פסטה רדיאטורי מס 199,דה צ'אקו DE CECCO,,פסטה רדיאטורי 199 D,גרמים,500.00,100 גרם,false,,9.90,0.0198,true,1,2320911
8001250120908,false,פסטה ראקט מס 90 דה צ,דה צ'אקו DE CECCO,,פסטה ראקט 90 DE CEC,גרמים,500.00,100 גרם,false,,9.90,0.0198,true,1,2320912
8001250121264,false,פסטה קנציליוני מס 12,דה צ'אקו DE CECCO,,פסטה קונצ'יליוני 12,גרמים,500.00,100 גרם,false,,14.90,0.0298,true,1,2348938
8001440118944,false,CIRIO מארז שלישיית עגבניות חתוכות דק,דיפלומט,IT,שלישיית עגבניות פולפ,גרמים,400.00,100 גרם,false,,11.90,0.0298,true,1,2372248
8001440120763,false,עגבניות חתוכות עם עש,,,עגבניות חתוכות עם עש,גרמים,400.00,100 גרם,false,,7.90,0.0198,true,1,1381219
8001620011935,false,מים מינרלים מוגזים שישייה בקבוק אישי,אקווה מינרלה סאן בנד,IT,מים סאן בנדטו מוגז 6,מיליליטרים,3000.00,"100 מ""ל",false,,11.90,0.0040,true,1,1362967
8001620018248,false,"מים מינרלים 750 מ""ל סאן בנדטו-פקק ספורט",סאן בנדטו San Benedetto,,מים סן בנדטו פקק ספו,מיליליטרים,750.00,"100 מ""ל",false,,4.90,0.0065,true,1,2157103
8001841006710,false,לנור כדוריות הריח בניחוח רענן 210 גרם,פרוקטר אנד גמבל,US,מבשמי כדוריות לנור ב,גרמים,210.00,100 גרם,false,,25.90,0.1233,true,1,2261191
8001841006833,false,לנור כדוריות הבושם בניחוח אביבי 210 ג',פרוקטר אנד גמבל,,מבשמי כדוריות לנור ב,גרמים,210.00,100 גרם,false,,25.90,0.1233,true,1,2261192
8001841053684,false,תחבושות אולוויז עבות לונג פלוס 12 יח,פרוקטר אנד גמבל,HU,תחבושות אולוויז עבה,יח',12.00,יח',false,,12.90,1.0750,true,1,2077970
8001841053806,false,תחבושות היגייניות אולוויז מקסי עבה לילה,פרוקטר & גמבל,HU,תחבושות אולוויז עבה,יח',9.00,יח',false,,12.90,1.4333,true,1,2077971
8001841062624,false,פמפרס מגבונים לחים ללא בישום רביעייה,פרוקטר אנד גמבל.,DE,מגבוני פמפרס ללא ביש,יח',208.00,יח',false,,16.90,0.0812,true,1,2268998
8001841077949,false,מארז מגבוני פמפרס בניחוח מרענן - רביעייה,פרוקטר אנד גמבל,DE,מגבוני פמפרס פרש 4*5,יח',208.00,יח',false,,16.90,0.0812,true,1,2217281
8001841096889,false,"נוזל לניקוי כלים לימון קלאסי 900 מ""ל",פרוקטר אנד גמבל,TR,פיירי לימון קלאסי 90,מיליליטרים,900.00,"100 מ""ל",false,,9.90,0.0110,true,1,1986528
8001841104799,false,פמפרס פרימיום קר חיתולים שלב 2 46 יח VP,פרוקטר אנד גמבל,PL,חיתולי פמפרס פרימיום,יח',46.00,יח',false,,32.90,0.7152,true,1,2157187
8001841137179,false,קונדישינר הד&שולדרס הנוסחה הקלאסית 275מל,פרוקטר אנד גמבל,RO,מרכך הד אנד שולדרס 2,מיליליטרים,275.00,"100 מ""ל",false,,11.90,0.0433,true,1,2220126
8001841137216,false,"קונדישנר למגע רך כמשי הד אנד שולדרס 275 מ""ל",פרוקטר אנד גמבל,RO,מרכך לחות הד אנד שול,מיליליטרים,275.00,"100 מ""ל",false,,11.90,0.0433,true,1,2220127
8001841198347,false,גילט דאודורנט ספריי CW 150 מל,פרוקטר אנד גמבל,GB,דאודורנט ספריי ג'ילט,מיליליטרים,150.00,"100 מ""ל",false,,16.90,0.1127,true,1,2221824
8001841216584,false,תחבושות אולוויז אולטרה לילה בטוח,פרוקטר & גמבל,HU,תחבושות אולוויז לילה,יח',36.00,יח',false,,39.90,1.1083,true,1,2217282
8001841427126,false,מגן תחתון אולוויז מגה פק פרו פרש נורמל 64 יחי,פרוקטר אנד גמבל,DE,מגן תחתון אולוויז מג,יח',64.00,יח',false,,21.90,0.3422,true,1,2248025
8001841500799,false,"הרבל אסנסס - שמפו ללא סולפטים אלוורה ומנגו 380 מ""ל",הרבל אסנס Herbal Essences,FR,שמפו הרבל אסנסס ללא,מיליליטרים,380.00,"100 מ""ל",false,,14.90,0.0392,true,1,2267298
8001841500942,false,"הרבל אסנסס - שמפו ללא סולפטים אלוורה ובמבוק 380 מ""ל",הרבל אסנס Herbal Essences,FR,שמפו הרבל אסנסס ללא,מיליליטרים,380.00,"100 מ""ל",false,,14.90,0.0392,true,1,2267304
8001841502298,false,"הרבל אסנסס - מרכך ללא סולפטים אלוורה ומנגו 275 מ""ל",הרבל אסנס Herbal Essences,FR,שמפו הרבל אסנסס ללא,מיליליטרים,275.00,"100 מ""ל",false,,14.90,0.0542,true,1,2267305
8001841502601,false,"הרבל אסנסס - מרכך ללא סולפטים אלוורה ובמבוק 275 מ""ל",הרבל אסנס Herbal Essences,FR,שמפו הרבל אסנסס ללא,מיליליטרים,275.00,"100 מ""ל",false,,14.90,0.0542,true,1,2267306
8001841566771,false,לנור כדוריות בושם בניחוח יסמין 210 גרם,פרוקטר אנד גמבל,US,מבשמי כדוריות לנור ב,גרמים,210.00,100 גרם,false,,25.90,0.1233,true,1,2261193
8001841587684,false,"גילט דאודורנט היידרה גל אלוורה 70 מ""ל",דיפלומט,PL,ג'ל דאודורנט היידה ג,מיליליטרים,70.00,"100 מ""ל",false,,18.90,0.2700,true,1,2310024
8001841625188,false,סבון כלים פלטינום לימון X3 פעולות להסרת שומנים,פרוקטר אנד גמבל,GB,"פיירי פלטינום 515 מ""",מיליליטרים,515.00,"100 מ""ל",false,,11.90,0.0231,true,1,2230931
8001841625287,false,סבון כלים פלטינום לימון X3 פעולות להסרת שומנים,פרוקטר אנד גמבל,GB,פיירי פלטינום 1.015,ליטרים,1.01,ליטר,false,,17.90,17.7228,true,1,2230932
8001841625362,false,"נוזל כלים בניחוח לימון פלטינום 780 מ""ל פיירי",פרוקטר אנד גמבל,GB,פיירי פלטינום לימון,מיליליטרים,780.00,"100 מ""ל",false,,12.90,0.0165,true,1,2355726
8001841625461,false,סבון כלים פלטינום X3 פעולות להסרת שומנים,פרוקטר אנד גמבל,GB,"פיירי פלטינום 515 מ""",מיליליטרים,515.00,"100 מ""ל",false,,11.90,0.0231,true,1,2230933
8001841640204,false,טייד קפסולות ג'ל בניחוח לנור 58 יחידות,פרוקטר אנד גמבל,FR,טייד קפסולות בניחוח,יחידה,58.00,יחידה,false,,69.90,1.2052,true,1,2293446
8001841660530,false,קרם לחות מינרלס במבוק + חלבון משקם לשיער ארוך,פנטן Pantene,FR,מיראקלס קרם לחות פנט,מיליליטרים,270.00,"100 מ""ל",false,,18.90,0.0700,true,1,2299827
8001841669465,false,אריאל קפסולות לכביסה ג'ל 24 יח' בניחוח לנור,פרוקטר אנד גמבל,FR,אריאל קפסולות לכביסה,יח',24.00,יח',false,,31.90,1.3292,true,1,2273103
8001841669519,false,אריאל קפסולות גל לכביסה 3ב1 רגיל 55 יח,פרוקטר אנד גמבל,FR,אריאל קפסולות לכביסה,יח',55.00,יח',false,,69.90,1.2709,true,1,2248026
8001841680989,false,מגן תחתון אולוויז מגה פק פרו פרש לארג' 60 יחי,פרוקטר אנד גמבל,DE,מגן תחתון אולוויז מג,יח',60.00,יח',false,,21.90,0.3650,true,1,2248027
8001841715957,false,"הד&שולדרס - ג'ל רחצה ושמפו ניקוי אינטנסיבי 360 מ""ל","נארז ע""י : א.ג. גילר",FR,ג'ל רחצה ושמפו ניקוי,מיליליטרים,360.00,"100 מ""ל",false,,16.90,0.0469,true,1,2302211
8001841716596,false,"הד אנד שולדרס ג'ל רחצה ושמפו מרענן 360 מ""ל","נארז ע""י : א.ג. גילר",FR,ג'ל רחצה ושמפו מרענן,מיליליטרים,360.00,"100 מ""ל",false,,16.90,0.0469,true,1,2302214
8001841893990,false,פיירי טבליות למדיח פלטינום פלוס - מארז 30 יח',פרוקטר אנד גמבל,BE,טבליות פיירי למדיח כ,יח',30.00,יח',false,,39.90,1.3300,true,1,2273068
8001841941929,false,אולוויז לילה בטוח אקסטרה 16יח תחבושות ול,פרוקטר אנד גמבל,DE,אולוויז בטוח אקסטרא,יח',16.00,יח',false,,19.90,1.2437,true,1,2299821
8001841943961,false,לנור כדוריות בושם בניחוח אוקיינוס 210 גר,פרוקטר אנד גמבל,US,מבשמי כדוריות לנור ב,גרמים,210.00,100 גרם,false,,25.90,0.1233,true,1,2261194
8001841958460,false,פיירי טבליות למדיח אורגינל הכל באחד - מארז 48 יח',פרוקטר אנד גמבל,BE,טבליות פיירי למדיח כ,יח',48.00,יח',false,,39.90,0.8312,true,1,2273069
8001841960081,false,פיירי טבליות למדיח פלטינום הכל באחד - מארז 37 יח',פרוקטר אנד גמבל,BE,טבליות פיירי למדיח כ,יח',37.00,יח',false,,39.90,1.0784,true,1,2273070
8001943549122,false,צ'וקטה מטבעות שוקולד חלב 40 ג' נוכרי,צ'וקטה Chocketa,IT,מטבעות שוקולד צוקטה,גרמים,40.00,100 גרם,false,,3.90,0.0975,true,1,1754634
8002110383709,false,נוטרוגינה ס.נורבגית ק.ידיים לא מבושם 50מל,ניוטרוג'ינה Neutrogena,FR,נוטרוגינה ס.נורבגית ק.ידי,מיליליטרים,75.00,"100 מ""ל",false,,21.90,0.2920,true,1,1377941
8002267014662,false,שלישייה ביצי שוקולד חלב עם צעצוע ברבי,צ'וקטה Chocketa,IT,ביצת הפתעה ברבי שליש,גרמים,60.00,100 גרם,false,,10.90,0.1817,true,1,1800454
8002267014945,false,שלישייה ביצי שוקולד חלב עם צעצוע הוט ווילס,צ'וקטה Chocketa,IT,ביצת הפתעה הוט ווילס,גרמים,60.00,100 גרם,false,,10.90,0.1817,true,1,1800455
8002267015263,false,ביצי שוקולד חלב עם הפתעת צעצוע - מארז 3 יח',צ'וקטה Chocketa,IT,ביצת הפתעה מאשה והדו,גרמים,60.00,100 גרם,false,,10.90,0.1817,true,1,2256382
8002267016475,false,ביצת שוקולד הפתעה בוב הבנאי שלישייה 60 ג,מולינו ניקולי s.p.a,IT,ביצת הפתעה בוב הבנאי,גרמים,60.00,100 גרם,false,,10.90,0.1817,true,1,2010633
8002267016673,false,"ביצת שוקולד חלב מעולה עם הפתעה ברבי, 110 גר'",דולפין,IT,ביצת שוקולד חלב עם ה,גרמים,110.00,100 גרם,false,,14.90,0.1355,true,1,2341177
8002267016994,false,ביצת הפתעה צוקטה הוט,דולפין,IT,ביצת שוקולד חלב עם ה,גרמים,110.00,100 גרם,false,,14.90,0.1355,true,1,2341166
8002270015649,false,משקה סאן פלגרינו 250 מל,סן פלגרינו ס.פ.א לוק,IT,מים סאן פלגרינו 250,מיליליטרים,250.00,"100 מ""ל",false,,5.90,0.0236,true,1,1362968
8002270866524,false,סאן פלנגרינו מים מינ,סן פלגרינו San Pellegrino,IL,מים סן פלגרינו פלסט,ליטרים,1.00,ליטר,false,,7.90,7.9000,true,1,1362972
8002450202005,false,ורדי ספרקלטיני אסאי Verdi acai Sparkletini,איטליה בוסקה,IT,סדרת וורדי,מיליליטרים,750.00,"100 מ""ל",false,,19.90,0.0265,true,1,1372766
8002450206003,false,ורדי רימונים ספרקלטיני,"איי, בי, אינבוו",IT,סדרת וורדי,מיליליטרים,750.00,"100 מ""ל",false,,19.90,0.0265,true,1,1372768
8002450206522,false,יין קאזה די לואיגי מ,קאסה די לואיג'י Casa di luigi,,יין מרלו קאזה דה לוא,מיליליטרים,750.00,"100 מ""ל",false,,24.90,0.0332,true,1,1372770
8002450208007,false,ורדי גרין אפל ספרקלטיני,איטליה בוסקה,IT,סדרת וורדי,מיליליטרים,750.00,"100 מ""ל",false,,19.90,0.0265,true,1,1372772
8002450209004,false,יין מבעבע ורדי רוזה,איטליה בוסקה,IT,סדרת וורדי,מיליליטרים,750.00,"100 מ""ל",false,,19.90,0.0265,true,1,1433307
8003007800842,false,פסטה קונצינטלי 4 טעמים 500 גרם,,IT,פתיתי קונקיליוני,גרמים,500.00,100 גרם,false,,14.90,0.0298,true,1,1391377
8003007811473,false,פסטה פנוני 4 טעמים 500 גר' (15),,,פנוני ריגטה,גרמים,500.00,100 גרם,false,,14.90,0.0298,true,1,1391382
8003007821144,false,פסטה טראלורו גירלה4ט,,,פסטה גירלה 4 טעמים,גרמים,500.00,100 גרם,false,,14.90,0.0298,true,1,1391409
8003576000209,false,חולץ גדול בליסטר,,,חולץ גדול בליסטר,יחידה,0.00,יחידה,false,,29.90,0.0000,true,1,2234258
8003576901827,false,כוס פיור לבנה,,,כוס פיור לבנה,יחידה,0.00,יחידה,false,,6.90,0.0000,true,1,2259596
8003576901834,false,סבונייה פיור לבנה,,,סבונייה פיור לבנה,יחידה,0.00,יחידה,false,,6.90,0.0000,true,1,2259597
8003576901841,false,מתקן למברשת שיינים,,,מתקן למברשת שיינים,יחידה,0.00,יחידה,false,,9.90,0.0000,true,1,2259610
8003576901858,false,דיספנסר לסבון פיור,,,דיספנסר לסבון פיור,יחידה,0.00,יחידה,false,,14.90,0.0000,true,1,2259611
8003753158556,false,אילי קפסולות אספרסו קלאסיקו 10 יח' 57 גרם,ג'ייקובס דאו אגרבטס,FR,קפסולות אילי אספרסו,גרמים,57.00,100 גרם,false,,16.90,0.2965,true,1,2298566
8003753158617,false,אילי קפסולות אספרסו לונגו קלאסיקו 10 יח' 57 גרם,ג'ייקובס דאו אגרבטס,FR,קפסולות אילי אספרסו,גרמים,57.00,100 גרם,false,,16.90,0.2965,true,1,2298574
8003753900438,false,קפה לנדוור אילי אספרסו טחון 250 גרם,קפה לנדוור,IL,אילי קפה קלוי וטחון לאספר,גרמים,250.00,100 גרם,false,,49.90,0.1996,true,1,1345332
8004030022010,false,ירקות גינה עם טונה ריו מרה אינסלטיסימי 160 ג',"בולטון אלימנטרי בע""מ",IT,ריו מארה טונה עם ירק,גרמים,160.00,100 גרם,false,,15.90,0.0994,true,1,1442049
8004030026018,false,"מקסיקני עם טונה ריו מרה אינסלטיסימי, 160 ג'","בולטון אלימנטרי בע""מ",IT,ריו מארה טונה מקסיקנ,גרמים,160.00,100 גרם,false,,15.90,0.0994,true,1,1442050
8004030081024,false,נתחי טונה עם שום ופלפל אדום ריו מרה 160 ג',"בולטון אלימנטרי בע""מ",IT,ריו מרה טונה בשמן זית שום,גרמים,160.00,100 גרם,false,,17.90,0.1119,true,1,1377943
8004030102033,false,טונה בשמן זית עם מיץ לימון ופלפל שחור - מארז 3 יח',בולטון אלימנטרי,IT,ריו מארה טונה בשמן ע,גרמים,240.00,100 גרם,false,,27.90,0.1162,true,1,2039843
8004030103399,false,טונה בשמן זית רביעיו,BOLTON GROUP- RIO,IT,טונה בשמן זית רביעיו,גרמים,320.00,100 גרם,false,,31.90,0.0997,true,1,2372803
8004030177000,false,טונה בשמן זית וצ'ילי ריו מרה מארז 80X3 גר',ריו מארה Rio Mare,IT,ריו מארה טונה בשמן ז,גרמים,240.00,100 גרם,false,,27.90,0.1162,true,1,1905710
8004030180000,false,טונה בשמן זית כתית ריו מרה 3*80 גרם,בולטון אלימנטרי,IT,ריו מארה טונה בשמן ז,גרמים,240.00,100 גרם,false,,27.90,0.1162,true,1,2374173
8004030344938,false,ריו מרה טונה בשמן זית 80 גרם*שלישייה,"בולטון אלימנטרי בע""מ",IT,ריו מארה טונה בשמן ז,גרמים,240.00,100 גרם,false,,27.90,0.1162,true,1,1442038
8004030381681,false,טונה בשמן זית ריו מרה זוגות * 160 ג',BOLTON GROUP- RIO,,טונה בשמן זית זוגות,גרמים,320.00,100 גרם,false,,31.90,0.0997,true,1,2372804
8004030845046,false,טונה עם ירקות בתוספת עם אורז ריו מרה אינסלטיסימי 160 ג',בולטון אלימנטרי,IT,ריו מארה טונה בתוספת,גרמים,160.00,100 גרם,false,,15.90,0.0994,true,1,2123654
8004030860001,false,ירקות עם קוקוס וטונה ריו מרה אינסלטיסימי 160 ג',"בולטון אלימנטרי בע""מ",IT,ריו מארה טונה עם קוס,גרמים,160.00,100 גרם,false,,15.90,0.0994,true,1,1535979
8004123010726,false,שמן זית כתית מעולה ב,,IT,שמן זית כתית מעולה 7,מיליליטרים,750.00,"100 מ""ל",false,,39.90,0.0532,true,1,2220935
8004800004826,false,לאגו פלאסיר - וופלים במילוי קרם קוקוס שוקולד מריר - 98ג,לאגו,IT,לאגו פלאסיר- וופלים,יחידה,0.00,יחידה,false,,12.90,0.0000,true,1,2364936
8005110002243,false,רכז עגבניות Doppio Concentr בשפופרת 185 ג' MUTTI,"איי, בי, אינבוו",IT,רכז עגבניות Doppio C,גרמים,185.00,100 גרם,false,,7.90,0.0427,true,1,2320919
8005110170300,false,עגבניות מרוסקות חתוכות מוטי MUTTI שלישיה *400,מוטי Mutti,IT,שלישיית עגבניות חתוכ,גרמים,400.00,100 גרם,false,,17.90,0.0447,true,1,2290712
8005110200014,false,רסק עגבניות 210 ג' CONCENTRATO MUTTI,"איי, בי, אינבוו",IT,רסק עגבניות CONCENTR,גרמים,210.00,100 גרם,false,,6.50,0.0310,true,1,2320920
8005110551253,false,רוטב לפיצה להכנת פיצה איטלקית קלאסית,"איי, בי, אינבוו",IT,רוטב לפיצה MUTTI,גרמים,400.00,100 גרם,false,,8.90,0.0223,true,1,2324897
8005200256587,false,משקה תה בטעם אפרסק 1.5ל' NESTEA,מפעל סאנפלגרינו S.P.,IT,נסטי אפרסק 1.5 ליטר,ליטרים,1.50,ליטר,false,,8.50,5.6667,true,1,2326077
8005200286584,false,משקה תה בטעם מנגו אננס 1.5 ל' NESTEA,מפעל סאנפלגרינו S.P.,IL,נסטי מנגו אננס 1.5 ל,ליטרים,1.50,ליטר,false,,8.50,5.6667,true,1,2326100
8005200316588,false,משקה תה דיאט בטעם אפרסק 1.5ל' NESTEA,מפעל סאנפלגרינו s.p.,IL,נסטי אפרסק דיאט 1.5,ליטרים,1.50,ליטר,false,,8.50,5.6667,true,1,2326101
8005200486526,false,"נסטי בטעם אפרסק 500 מ""ל",מפעל סאנפלגרינו S.p.,IT,נסטי בטעם אפרסק פיקדון 50,מיליליטרים,500.00,"100 מ""ל",false,,5.90,0.0118,true,1,1345335
8005469951452,false,ממרח אנשובי עם שמן חמניות,בנדטו סקלייה סרל,IT,ממרח אנשובי איטלקי,גרמים,60.00,100 גרם,false,,11.90,0.1983,true,1,2220936
8005469981602,false,פילה אנשובי איטלקי ש.חמניות 80 גר SCALIA,בנדטו סקילה,,פילה אנשובי איטלקי,גרמים,75.00,100 גרם,false,,12.90,0.1720,true,1,2220938
8005709201279,false,פסטה פפרדלה גרנד ארמנדו 500 גרם,,,פסטה פאפרדלה,גרמים,500.00,100 גרם,false,,12.90,0.0258,true,1,1600204
8005803010357,false,גריסיני קלאסי עם שמן זית ומלח 125 גר,"אינסטנטה בע""מ",IT,גריסיני קלאסי 125 גר,גרמים,125.00,100 גרם,false,,5.00,0.0400,true,1,1535112
8005803010371,false,מקלות גריסיני עם רוזמרין,"אינסטנטה בע""מ",IT,גריסיני רוזמרין 125,גרמים,125.00,100 גרם,false,,5.00,0.0400,true,1,1535113
8005803010586,false,מקלות גריסיני בטעם פיצה,"הוסטה איטליה, ס.ר.ל.",IT,גריסיני פיצה 125 גרם,גרמים,125.00,100 גרם,false,,5.00,0.0400,true,1,1535114
8005803010661,false,אמור די פאן - שומשום 125 גרם,"הוסטה איטליה, ס.ר.ל.",IT,גריסיני שומשום 125 ג,גרמים,125.00,100 גרם,false,,5.00,0.0400,true,1,1535115
8006540027042,false,"לנור מרכך כביסה בניחוח פרחי בר 897 מ""ל",פרוקטר אנד גמבל,FR,לנור מרכך כביסה בניח,מיליליטרים,897.00,"100 מ""ל",false,,15.90,0.0177,true,1,2296961
8006540088692,false,הרבל אסנס מסכה אינטנסיבית ארגן 450 מל,דיפלומט,FR,מסכה ארגן 450 מל הרב,מיליליטרים,450.00,"100 מ""ל",false,,39.90,0.0887,true,1,2326330
8006540091937,false,לנור כדוריות הבושם בניחוח אריאל 210 גרם,פרוקטר אנד גמבל,US,מבשמי כדוריות לנור ב,גרמים,210.00,100 גרם,false,,25.90,0.1233,true,1,2309966
8006540110317,false,שמפו מינרלס ביוטין + במבוק לשיער חזק וארוך,פרוקטר אנד גמבל,RO,מיראקלס שמפו פנטן במ,מיליליטרים,400.00,"100 מ""ל",false,,18.90,0.0472,true,1,2299828
8006540112793,false,"מרכך כביסה מרוכז בניחוח יסמין לנור 900 מ""ל",פרוקטר אנד גמבל,FR,לנור מרכך מרוכז בניח,מיליליטרים,900.00,"100 מ""ל",false,,15.90,0.0177,true,1,2312803
8006540112823,false,"לנור מרכך כביסה מרוכז בניחוח האוקיינוס 900 מ""ל",פרוקטר אנד גמבל,FR,לנור מרכך כביסה מרוכ,מיליליטרים,900.00,"100 מ""ל",false,,15.90,0.0177,true,1,2299384
8006540112854,false,"מרכך כביסה מרוכז בניחוח סחלב לנור 900 מ""ל",פרוקטר אנד גמבל,FR,לנור מרכך כביסה מרוכ,מיליליטרים,900.00,"100 מ""ל",false,,15.90,0.0177,true,1,2297072
8006540157374,false,מרכך מינרלס ביוטין + במבוק לשיער חזק וארוך,פנטן Pantene,FR,מיראקלס פנטן מרכך ב,מיליליטרים,275.00,"100 מ""ל",false,,18.90,0.0687,true,1,2299835
8006540163986,false,קפסולות לכביסה אריאל 35 יח,פרוקטר אנד גמבל,FR,אריאל קפסולות לכביסה,יח',35.00,יח',false,,49.90,1.4257,true,1,2340415
8006540252468,false,תחבושות אלוויז פלטינ,פרוקטר & גמבל,HU,תחבושות אולוויז פלטי,יח',48.00,יח',false,,39.90,0.8312,true,1,2340416
8006540252499,false,תחבושות אלוויז פלטינ,פרוקטר & גמבל,HU,תחבושות אולוויז פלטי,יח',40.00,יח',false,,39.90,0.9975,true,1,2340417
8006540252529,false,תחבושות אלוויז פלטינ,פרוקטר & גמבל,HU,תחבושות אולוויז פלטי,יח',32.00,יח',false,,39.90,1.2469,true,1,2340418
8006540352960,false,טמפקס פרל רגולר 20 יחידות חדש,פרוקטר אנד גמבל,HU,טמפקס פרל רגולר 20 י,יח',20.00,יח',false,,24.90,1.2450,true,1,2319578
8006540353004,false,טמפקס פרל סופר 18 יחידות חדש,פרוקטר אנד גמבל,HU,טמפקס פרל סופר 18 יח,יח',18.00,יח',false,,24.90,1.3833,true,1,2319579
8006540358498,false,טמפקס פרל סופר-פלוס 18 יחידות חדש,פרוקטר אנד גמבל,HU,טמפקס פרל סופר פלוס,יח',18.00,יח',false,,24.90,1.3833,true,1,2319580
8006540404850,false,דיסקריט תחבושות לבריחת שתן לונג 10 יח,פרוקטר & גמבל,DE,תחבושות אולוויז דיסק,יח',10.00,יח',false,,14.90,1.4900,true,1,2363366
8006540404898,false,דיסקריט תחבושות לבריחת שתן לונג פלוס 8 י,פרוקטר & גמבל,DE,תחבושות אולוויז דיסק,יח',8.00,יח',false,,14.90,1.8625,true,1,2363358
8006540404935,false,דיסקריט תחבושות לבריחת שתן נורמל 12 יח,פרוקטר & גמבל,DE,תחבושות אולוויז דיסק,יח',12.00,יח',false,,14.90,1.2417,true,1,2363367
8006540425930,false,אריאל קפסולות לכביסה ג'ל 24 יח' לכתמים קשים,פרוקטר אנד גמבל,FR,אריאל קפסולות לכביסה,יח',24.00,יח',false,,31.90,1.3292,true,1,2330220
8006540429327,false,פיירי מקס פאוור לימון עם מנגנון למניעת נזילות,פיירי Fairy,CZ,"פיירי לימון 440 מ""ל",מיליליטרים,440.00,"100 מ""ל",false,,11.90,0.0270,true,1,2330238
8006540463550,false,פיירי טבליות למדיח פלטינום 63 יחידות,פרוקטר אנד גמבל,BE,טבליות פיירי למדיח כ,יח',63.00,יח',false,,59.90,0.9508,true,1,2356467
8006540491539,false,"נוזל כלים פיירי פלטינום אוריגינל 780 מ""ל",פרוקטר אנד גמבל,GB,פיירי פלטינום אורגינ,מיליליטרים,780.00,"100 מ""ל",false,,12.90,0.0165,true,1,2355727
8006540495186,false,לנור מרכך כביסה מרוכז רגיש בייבי 900 מל,פרוקטר אנד גמבל,FR,לנור מרכך כביסה בייב,מיליליטרים,900.00,"100 מ""ל",false,,15.90,0.0177,true,1,2354662
8006540495216,false,"לנור מרכך כביסה מרוכז בניחוח אמאטיסט 900 מ""ל",פרוקטר אנד גמבל,FR,לנור מרכך כביסה בניח,מיליליטרים,900.00,"100 מ""ל",false,,15.90,0.0177,true,1,2354663
8007150909513,false,קרם בלסמי קלאסי 250,,,קרם בלסמי קלאסי,יחידה,0.00,יחידה,false,,29.90,0.0000,true,1,1530245
8007178120310,false,חומץ בלסמי ד'מודנה Giacobazzi,פטורייה ג'יאקובאזי ס,IT,"חומץ בלסמי 500 מ""ל",מיליליטרים,500.00,"100 מ""ל",false,,19.90,0.0398,true,1,1345968
8007178223547,false,קרם מצומצם עם חומץ בלסמי ממודנה,פארייפאבה אגרואינדוס,IT,קרם בלסמי מצומצם 250,גרמים,250.00,100 גרם,false,,22.90,0.0916,true,1,2123736
8008245004861,false,ממרח חלב עם אגוזי לוז 300ג M?venpick,יבואן ומשווק: ש. שסט,IT,ממרח אגוזי לוז עם חל,גרמים,300.00,100 גרם,false,,14.90,0.0497,true,1,2272870
8008343200035,false,פסטה ספגטי Spaghetti,רומו Rummo,,פסטה RUMMO ספגטי 500,גרמים,500.00,100 גרם,false,,6.90,0.0138,true,1,1776913
8008343200134,false,פסטה לינגוינה רומו 5,רומו Rummo,,פסטה RUMMO ריגטה 500,גרמים,500.00,100 גרם,false,,6.90,0.0138,true,1,1776914
8008343200271,false,פסטה סמי די אורזו Semi di orzo,רומו Rummo,,פסטה RUMMO סמי די או,גרמים,500.00,100 גרם,false,,6.90,0.0138,true,1,1776915
8008343200424,false,פסטה קונקילי ריגטה Conchiglie rigate,רומו Rummo,,פסטה RUMMO קונקילי ר,גרמים,500.00,100 גרם,false,,6.90,0.0138,true,1,1776900
8008343200486,false,פסטה RUMMO פוזילי 50,רומו Rummo,,פסטה RUMMO פוזילי 50,גרמים,500.00,100 גרם,false,,6.90,0.0138,true,1,1776901
8008343200516,false,פסטה מזי ריגטוני Mezzi rigatoni,רומו Rummo,,פסטה RUMMO מזי ריגטו,גרמים,500.00,100 גרם,false,,6.90,0.0138,true,1,1776902
8008343200547,false,פסטה ריצ'יולי Riccioli,רומו Rummo,,פסטה RUMMO ריציולי 5,גרמים,500.00,100 גרם,false,,6.90,0.0138,true,1,1777586
8008343200660,false,פסטה פנה ריגטה Penne rigate,רומו Rummo,,פסטה RUMMO פנה ריגטה,גרמים,500.00,100 גרם,false,,6.90,0.0138,true,1,1776903
8008343201377,false,פסטה רדיאטורי רומו 5,רומו Rummo,,פסטה RUMMO רדיאטורי,גרמים,500.00,100 גרם,false,,6.90,0.0138,true,1,1776917
8008343201735,false,עלי לזניה רומו 500 ג,פסטיפיצ'יו פאזיון אס,IT,עלי לזניה רומו 500 ג,גרמים,500.00,100 גרם,false,,17.90,0.0358,true,1,1871275
8008660210014,false,מעדן ריבה מנץ אנד גאססר משמש 300 גר,קריניציה ויטמינה אס,IT,מעדן משמש,גרמים,320.00,100 גרם,false,,12.90,0.0403,true,1,1640881
8008660210021,false,מעדן ריבה מנץ אנד גאססר דובדבן 300 גר,שוורצקוף& הנקל דיסלד,IT,מעדן דובדבן,גרמים,320.00,100 גרם,false,,12.90,0.0403,true,1,1640873
8008660210038,false,מעדן ריבה מנץ אנד גאססר תות שדה 300 גר,קריניציה ויטמינה אס,IT,מעדן תות שדה,גרמים,320.00,100 גרם,false,,12.90,0.0403,true,1,1640882
8008660210045,false,מעדן ריבה מנץ אנד גאססר פירות יער 300 גר,שוורצקוף& הנקל דיסלד,IT,מעדן פירות יער,גרמים,320.00,100 גרם,false,,12.90,0.0403,true,1,1640874
8008660210052,false,מעדן ריבה מנץ אנד גאססר תפוז 320 גר,מנז אנד גאסר Menz&Gasser,IT,מעדן פרי תפוז 320 גר,גרמים,320.00,100 גרם,false,,12.90,0.0403,true,1,2066810
8008660210069,false,מעדן מנץ אנד גאססר אפרסק פסיפלורה 320 גר,מנז אנד גאסר,IT,מעדן פרי אפרסק פסיפל,גרמים,320.00,100 גרם,false,,12.90,0.0403,true,1,2066811
8008857406152,false,פסטה רג'ייה אט' עגולות עבות 500 גר',רגיה,IT,אטריות עגולות עבות,גרמים,500.00,100 גרם,false,,7.90,0.0158,true,1,1378641
8008857500003,false,רג'יה פסטה 609 אטריות עגולות דקות 500ג,פסטה רג'יה Pasta Reggia,IT,אטריות דקות,גרמים,500.00,100 גרם,false,,7.90,0.0158,true,1,1378642
8008857601052,false,פסטה לזניה דפים רג'יה 500ג',פסטה רג'יה Pasta Reggia,IT,דפי לזניה 500 גרם,גרמים,500.00,100 גרם,false,,9.90,0.0198,true,1,1959814
8008857601090,false,פסטה קנלוני רג'יה 250 גר',פסטה רג'יה Pasta Reggia,,קנלוני 250 גרם.,גרמים,250.00,100 גרם,false,,7.90,0.0316,true,1,1968756
8008912010034,false,ספגטי ליגורי מספר 3,פסטה ליגורי,IT,פסטה פרפלה,גרמים,500.00,100 גרם,false,,7.90,0.0158,true,1,2308434
8008912010072,false,ספגטי לינגוויני 500ג ליגורי,פסטה ליגורי,IT,פסטה פרפלה,גרמים,500.00,100 גרם,false,,7.90,0.0158,true,1,2308435
8008912010270,false,פסטה קסרצה מספר 27 LIGUORI,פסטה ליגורי,IT,פסטה קסרצ'ה,גרמים,500.00,100 גרם,false,,7.90,0.0158,true,1,2308436
8008912010300,false,פסטה פרפלה ליגורי 500 גר',פסטה ליגורי,IT,פסטה פרפלה,גרמים,500.00,100 גרם,false,,7.90,0.0158,true,1,2308437
8008912010317,false,פסטה פוזלי ליגורי 500 גר',פסטה ליגורי,IT,פסטה פוזילי,גרמים,500.00,100 גרם,false,,7.90,0.0158,true,1,2308438
8008912010331,false,"ליגורי פסטה ניוקי סרדי בצורת קונכיות, 500 גר'",פסטה ליגורי,IT,פסטה בצורת קונכיות,גרמים,500.00,100 גרם,false,,7.90,0.0158,true,1,2308439
8008912010423,false,פסטה פנה ריגטה מספר 42 LIGUORI,פסטה ליגורי,IT,פסטה פנה,גרמים,500.00,100 גרם,false,,7.90,0.0158,true,1,2308440
8013399145278,false,דיאטורל סוכריות סטיביה ליקוריץ רך 70 גרם,דיאטורל Dietorelle,IT,סט.דיטורל ליקורי רך 70ג,גרמים,70.00,100 גרם,false,,7.90,0.1129,true,1,1348239
8013399145315,false,סוכריות סטיביה דיטרול תות 70 גרם,דיאטורל Dietorelle,IT,סט.דיטורל תות שקית רך 70ג,גרמים,70.00,100 גרם,false,,7.90,0.1129,true,1,1348241
8017938005122,false,ביוטרנטינו חומץ תפוח,מריה לוצ'יה מלצ'יורי,IT,"חומץ תפוחים 750 מ""ל",מיליליטרים,750.00,"100 מ""ל",false,,18.90,0.0252,true,1,1517571
8024985000062,false,מחית תפוח אורגני 100% פרי 200 גר נטורה,"נטורפוד בע""מ",IT,מחית תפוח אורגנית 10,גרמים,200.00,100 גרם,false,,9.90,0.0495,true,1,1517710
8024985000079,false,מחית תפוח משמש 100% פרי 200 ג נטורה נובה,נטורה נובה,IT,מחית תפוח משמש אורגנ,גרמים,200.00,100 גרם,false,,9.90,0.0495,true,1,1517711
8024985000116,false,מחית תפוח אוכמ 100% פרי 200 ג נטורה נובה,"נטורפוד בע""מ",IT,מחית אוכמניות אורגני,גרמים,200.00,100 גרם,false,,9.90,0.0495,true,1,1517715
8024985002783,false,סמוזי נטורה נובה גזר ודלעת 100 גרם,נטורה נובה,,מחית סמוזי דלעת גזר,גרמים,100.00,100 גרם,false,,5.90,0.0590,true,1,1903455
8024985003988,false,סמוזי תפוח בננה 100 גר נטורה נובה,נטורה נובה,IT,מחית סמוזי תפוח בננה,גרמים,100.00,100 גרם,false,,5.90,0.0590,true,1,1517765
8024985004299,false,סמוזי מעורב תפוח/פירות רביעיה 400 גר,נטורה נובה,,סמוט'י פירות אדומים+,גרמים,400.00,100 גרם,false,,18.90,0.0472,true,1,1517767
8024985005234,false,סמוזי נטורה נובה סמוצי תפוח מנגו 100 גרם,נטורה נובה,IT,סמוזי תפוח אפרסק מנג,גרמים,100.00,100 גרם,false,,5.90,0.0590,true,1,1517770
8024985005302,false,סמוזי תפוח רימון פטל אוכמניות אורגני,נטורה נובה,IT,מחית סמוזי תפוח רימו,גרמים,120.00,100 גרם,false,,6.90,0.0575,true,1,1903457
8024985008037,false,סמוזי נטורה נובה סמוצי תפוח 100 גרם,"נטורפוד בע""מ",IT,מחית סמוזי תפוח 100,גרמים,100.00,100 גרם,false,,5.90,0.0590,true,1,1517716
8024985008044,false,סמוזי נטורה נובה סמוצי אגס 100 גרם,"נטורפוד בע""מ",IT,מחית סמוזי אגס אורגנ,גרמים,100.00,100 גרם,false,,5.90,0.0590,true,1,1517717
8024985008051,false,סמוזי נטורה נובה סמוצי פירות אדומים 100,"נטורפוד בע""מ",IT,מחית סמוזי פירות אדו,גרמים,100.00,100 גרם,false,,5.90,0.0590,true,1,1517718
8025358616866,false,אלמוגית סקוטש,,,אלמוגית סקוטש,יחידה,0.00,יחידה,false,,14.90,0.0000,true,1,2348137
8025358627459,false,מצקת עמוקה נירוסטה ס,,,מצקת עמוקה נירוסטה ס,יחידה,0.00,יחידה,false,,22.90,0.0000,true,1,2234297
8025358629927,false,מועך תפוח אדמה נירוס,,,מועך תפוח אדמה נירוס,יחידה,0.00,יחידה,false,,19.90,0.0000,true,1,2234300
8025358630701,false,אלמוגית בקבוק שקופה,,,אלמוגית בקבוק שקופה,יחידה,0.00,יחידה,false,,24.90,0.0000,true,1,2348142
8032523530452,false,ממרח פיסטוק פיסטי אי,פיסטי,IT,ממרח פיסטוק,גרמים,200.00,100 גרם,false,,34.90,0.1745,true,1,2347628
8032793342458,false,עגבניות מרוסקות דק ומסוננות בבקבוק 700 ג',קונסוריזיו דל פרומוד,IT,עגבניות מרוסקות,גרמים,750.00,100 גרם,false,,11.90,0.0159,true,1,2241381
8032793344292,false,עגבניות חתוכות דק בבקבוק 700ג,קונסוריזיו דל פרומוד,IT,עגבניות מרוסקות,גרמים,750.00,100 גרם,false,,13.90,0.0185,true,1,2241382
8032880800243,false,פיקניק הפתעה 50 גרם-איגוד רבנים,"הוסטה איטליה, ס.ר.ל.",IT,פיקניק הפתעה 50 גרם,גרמים,50.00,100 גרם,false,,5.00,0.1000,true,1,1365553
8033020445973,false,"PIVETTI קמח 00 לכל מטרה 1 ק""ג",פיווטי Pivetti,IT,קמח 00 Antigrumi לכל,גרמים,1000.00,100 גרם,false,,6.90,0.0069,true,1,2320921
8033020446000,false,"קמח איטלקי לפיצה ופוקצה 1 ק""ג 00 PIVETTI",פיווטי Pivetti,IT,קמח איטלקי לפיצה ופו,גרמים,1000.00,100 גרם,false,,9.90,0.0099,true,1,2320923
8052440756315,false,שמן קנולה אורגני 1 ליטר נטורפוד,תות תעשיות מזון (201,IT,שמן קנולה אורגני 1 ל,ליטרים,1.00,ליטר,false,,32.90,32.9000,true,1,1517652
8053259246967,false,רוטב בלסמי מצומצם קלאסי כשר 180 גרם,General,,*כשר* 180 גרם רוטב ב,גרמים,180.00,100 גרם,false,,14.90,0.0828,true,1,2320924
8076800105988,false,"ברילה פוזילי 1 ק""ג קופסה",ברילה Barilla,IT,"ברילה פוזילי 1 ק""ג ב",קילוגרמים,1.00,"ק""ג",false,,13.90,13.9000,true,1,2325492
8076800195019,false,ברילה - צ.א ספגטי מס1 קפליני 500 גרם,ברילה גי.אי.אר פרטלי,IT,ברילה צ.א ספגטי מס1 קפלינ,גרמים,500.00,100 גרם,false,,7.90,0.0158,true,1,1377945
8076800195033,false,ברילה - צ.א ספגטיני מס3 חדש 500 גרם,ברילה גי.אי.אר פרטלי,IT,ברילה צ.א ספגטי מס3 500 ג,גרמים,500.00,100 גרם,false,,7.90,0.0158,true,1,1377946
8076800195057,false,ברילה - צ.א ספגטי מס5 חדש 500 גרם,ברילה גי.אי.אר פרטלי,IT,ברילה צ.א ספגטי מס5 500 ג,גרמים,500.00,100 גרם,false,,7.90,0.0158,true,1,1377947
8076800195132,false,ברילה - צ.א בבטה מס13 500 גרם,ברילה גי.אי.אר פרטלי,IT,ברילה צ.א בבטה מס13 500 ג,גרמים,500.00,100 גרם,false,,7.90,0.0158,true,1,1377948
8076800315097,false,ברילה - צ.א בוקטיני מס9 500 גרם,ברילה גי.אי.אר פרטלי,IT,ברילה צ.א בוקטיני מס9 500,גרמים,500.00,100 גרם,false,,7.90,0.0158,true,1,1377949
8076802085738,false,ברילה - צ.ק פנה רגטה חדש 500 גרם,ברילה גי.אי.אר פרטלי,IT,ברילה צ.ק פנה רגטה מס73 5,גרמים,500.00,100 גרם,false,,7.90,0.0158,true,1,1377951
8076802085837,false,ברילה - צ.ק טורטליוני מס83 500 גרם,הנסיך- מפעל לייצור ט,IT,ברילה צ.ק טורטליוני מס83,גרמים,500.00,100 גרם,false,,7.90,0.0158,true,1,1377952
8076802085936,false,ברילה פסטה צ.ק. קונצילה ריגטה חדש,ברילה גי.אי.אר פרטלי,IT,ברילה צ.ק קונצילה ריגטה מ,גרמים,500.00,100 גרם,false,,7.90,0.0158,true,1,1377953
8076802085981,false,ברילה - צ.ק פוזילי חדש 500 גרם,ברילה גי.אי.אר פרטלי,IT,ברילה צ.ק פוזילי מס98 500,גרמים,500.00,100 גרם,false,,7.90,0.0158,true,1,1377954
8076808050440,false,ברילה - צ.ק מקרוני מס44 500 גרם,ברילה Barilla,IT,ברילה צ.ק מקרוני מס44 500,גרמים,500.00,100 גרם,false,,7.90,0.0158,true,1,1377956
8076808060654,false,ברילה - צ.ק פרפלה חדש 500 גרם,ברילה גי.אי.אר פרטלי,IT,ברילה צ.ק פרפלה מס65 500,גרמים,500.00,100 גרם,false,,7.90,0.0158,true,1,1377957
8076808070882,false,פסטה למילוי קנלוני 250 גר,פאסטיפיקו ריגו אס.אר,IT,ברילה צ.מ קנלוני מס88 250,גרמים,250.00,100 גרם,false,,13.90,0.0556,true,1,1377958
8076808150072,false,ברילה - צ.א ספגטוני מס7 חדש 500 גרם,ברילה גי.אי.אר פרטלי,IT,ברילה צ.א ספגטי מס7 500 ג,גרמים,500.00,100 גרם,false,,7.90,0.0158,true,1,1377959
8076809501415,false,ברילה קנלוני/פנה 500 ג' מצה פנה טרקולור 500 גרם,ברילה Barilla,IT,ברילה צ.ק מצה פנה טרקולור,גרמים,500.00,100 גרם,false,,12.90,0.0258,true,1,1377960
8076809512268,false,ברילה - צ.ק גירנדולה חדש 500 גרם,ברילה גי.אי.אר פרטלי,IT,ברילה צ.ק גירנדולה מס34 5,גרמים,500.00,100 גרם,false,,7.90,0.0158,true,1,1377961
8076809513388,false,ברילה - רוטב ארביאטה 400 גרם,ברילה גי.אי.אר פרטלי,IT,ברילה רוטב ארביאטה 400 ג,גרמים,400.00,100 גרם,false,,13.90,0.0348,true,1,1377962
8076809513395,false,ברילה פומודורו רוטב עגבניות קלאסי 400 גר,ברילה גי.אי.אר פרטלי,IT,ברילה רוטב פומודורו 400 ג,גרמים,400.00,100 גרם,false,,13.90,0.0348,true,1,1377963
8076809513654,false,בסיס רוטב עגבניות לבולונז 400 גרם ברילה,ברילה גי.אי.אר פרטלי,IT,ברילה בסיס לבולונז 400 גר,גרמים,400.00,100 גרם,false,,13.90,0.0348,true,1,1377964
8076809513692,false,רוטב עגבניות נפולטנה בתוספת ירקות,ברילה גי.אי.אר פרטלי,IT,ברילה רוטב נפולטנה 400 גר,גרמים,400.00,100 גרם,false,,13.90,0.0348,true,1,1377965
8076809513739,false,ברילה רוטב עגבניות עם בזיליקום 400 גרם,ברילה גי.אי.אר פרטלי,IT,ברילה רוטב בזיליקום 400 ג,גרמים,400.00,100 גרם,false,,13.90,0.0348,true,1,1377966
8076809514774,false,ברילה איטריות ביצים פפרדלה 250ג',ברילה גי.אי.אר פרטלי,IT,ברילה צ.מ פפרדלה ביצים 25,גרמים,250.00,100 גרם,false,,17.90,0.0716,true,1,1377967
8076809515399,false,ברילה אמיליאנה טליאטלה 500 גרם,BARILLA,IT,ברילה אמיליאנה טליאט,גרמים,500.00,100 גרם,false,,13.90,0.0278,true,1,2239039
8076809523561,false,ברילה - רוטב פסטה בטעם טוסקנה 400 גרם,ברילה גי.אי.אר פרטלי,IT,ברילה רוטב פסטה בטעם טוסק,גרמים,400.00,100 גרם,false,,13.90,0.0348,true,1,1377969
8076809523714,false,"פסטה ברילה טליאטלה, 500 ג'","ש. שסטוביץ בע""מ",IT,ברילה צ.מ טליאטלה 500 גרם,גרמים,500.00,100 גרם,false,,24.90,0.0498,true,1,1377971
8076809523738,false,פסטה ברילה לזניה 500ג',ברילה גי.אי.אר פרטלי,IT,ברילה צ.מ לזניה 500 גרם,גרמים,500.00,100 גרם,false,,20.90,0.0418,true,1,1377972
8076809529419,false,ספגטי מחיטה מלאה מס' 5 500 ג' ברילה,ברילה גי. אי. אר פרט,IT,ברילה פ. חיטה מלאה ספגטי,גרמים,500.00,100 גרם,false,,12.90,0.0258,true,1,1377973
8076809529433,false,ברילה פנטה רגטה מחיטה מלאה 500ג',"ש. שסטוביץ בע""מ",IT,ברילה פ.חיטה מלאה ק. פנה,גרמים,500.00,100 גרם,false,,12.90,0.0258,true,1,1377974
8076809545440,false,ברילה ספגטי ללא גלוטן 400 גרם,"ש. שסטוביץ בע""מ",IT,איטריות ללא גלוטן 40,גרמים,400.00,100 גרם,false,,14.90,0.0373,true,1,1442091
8076809547956,false,ברילה - צ.ק קיפרי 500 גרם,ברילה סורג,IT,ברילה ספגטי קיפרי 50,גרמים,500.00,100 גרם,false,,7.90,0.0158,true,1,2235703
8174780173680,false,"בקטו תמצית וניל טהורה 59 מ""ל",,US,תמצית וניל טבעית,מיליליטרים,59.00,"100 מ""ל",false,,59.90,1.0153,true,1,1812757
8410076610379,false,נייטשר ואלי פרוטאין בוטנים ושבבי שוקולד 160 ג',סריילטו ספיין פודס,ES,חטיף נייטשר ואלי פרו,גרמים,160.00,100 גרם,false,,22.90,0.1431,true,1,1491934
8410076610386,false,נייטשר ואלי פרוטאין בוטנים עם ציפוי בטעם קרמל מלוח 160 ג',סריילטו ספיין פודס,ES,חטיף נייטשר ואלי פרו,גרמים,160.00,100 גרם,false,,22.90,0.1431,true,1,1491935
8410076610492,false,סוויט אנד סולטי שוקולד מריר בציפוי חמאת בוטנים,יבואן ומשווק: ש. שסט,ES,חטיף 1/5 צואי-בציפוי,גרמים,150.00,100 גרם,false,,14.90,0.0993,true,1,1521794
8410076610508,false,"נייטשר וואלי צ'ואי שוקולד מריר בוטנים ושקדים, חמישיה 5 * 30 גרם",נייצ'ר ואלי Nature Valley,ES,חטיף 1/5 צואי-שוקולד,גרמים,150.00,100 גרם,false,,14.90,0.0993,true,1,1521795
8410076621009,false,עוגות אישיות בטעם קרמל עם חתיכות בטעם קרמל מלוח,"גלאטס סירו בע""מ",PT,חטיף פייבר 1 קרמל מל,גרמים,120.00,100 גרם,false,,12.90,0.1075,true,1,2264835
8410076621047,false,עוגות אישיות בטעם שוקולד עם חתיכות בטעם שוקולד,"גלאטס סירו בע""מ",ES,חטיף פייבר 1 טעם שוק,גרמים,120.00,100 גרם,false,,12.90,0.1075,true,1,2264836
8410104039134,false,"פיניש מנקה ומחדש מדיח 250 מ""ל",הדקלאים אגודת שיתופי,PL,פיניש מנקה ומחדש,מיליליטרים,250.00,"100 מ""ל",false,,14.90,0.0596,true,1,1348461
8410104044916,false,פיניש אבקה למדיח 2.7 לימון,רקיט בנקיזר,DE,פיניש 2.7 PP קג רגיל,קילוגרמים,2.70,"ק""ג",false,,44.90,16.6296,true,1,1348462
8410104045111,false,"פיניש מלח למדיח כלים 2ק""ג",רקיט בנקיזר,IL,פיניש מלח 2 קילו 6 בקרטון,קילוגרמים,2.00,"ק""ג",false,,14.90,7.4500,true,1,1348463
8410104425906,false,שעווה חמה בניחוח יסמין,רקיט בנקיזר צרפת,FR,ויט שעווה חמה 250,מיליליטרים,250.00,"100 מ""ל",false,,29.90,0.1196,true,1,1348467
8410104437268,false,פיניש דאו ציטרופרש מנטה,רקיט בנקיזר,HU,פיניש דאוסטופ לריח מראה ח,יחידה,0.00,יחידה,false,,14.90,0.0000,true,1,1348468
8410128768416,false,ויוה סוי סויה מקצועי קרטונית 1ל',,,ויוה סוי סויה בריסטה,ליטרים,1.00,ליטר,false,,11.90,11.9000,true,1,2309814
8410182420114,false,בצלצלי פנינה בחומץ 370 גר,דליסיאס,,בצל פנינה בחומץ,גרמים,370.00,100 גרם,false,,9.90,0.0268,true,1,2220939
8411320105276,false,פילה אנשובי בשמן זית 47.50 גרם ORTIZ,אורטיז ORTIZ,,פילה אנשובי בשמן זית,גרמים,47.50,100 גרם,false,,21.90,0.4611,true,1,2320925
8411320234006,false,נתחי טונה לבנה בשמן זית (פחית) 112 ג ORTIZ,אורטיז ORTIZ,ES,נתחי טונה לבנה בשמן,גרמים,112.00,100 גרם,false,,18.90,0.1687,true,1,2320926
8411320334027,false,נתחי טונה צהובה בשמן זית (פחית) 112 ג ORTIZ,אורטיז ORTIZ,ES,נתחי טונה צהובה בשמן,גרמים,112.00,100 גרם,false,,14.90,0.1330,true,1,2320927
8411320382967,false,טונה צהובה בשמן זית (צנצנת) 220 גרם,אורטיז ORTIZ,ES,טונה צהובה בשמן זית,גרמים,220.00,100 גרם,false,,34.90,0.1586,true,1,2320928
8412497350827,false,צלחת פולי פרימיום פס,,,צלחת פולי פרימיום פס,יחידה,0.00,יחידה,false,,9.90,0.0000,true,1,2275822
8414753110343,false,פילה אנשובי אמיתי בשמן זית 45 גר פח,,,פילה אנשובי אמיתי בש,גרמים,43.00,100 גרם,false,,6.90,0.1605,true,1,1401829
8420708018817,false,גבינת מנצ'גו בשלה 15,האי נאם סי או אל.טי.,ES,מנצ'גו 200 גרם,גרמים,150.00,100 גרם,false,,24.90,0.1660,true,1,1612805
8420822130600,false,"ספריי סופר מסיר שומנים 750מ""ל יעקבי",קה לורדה,ES,סופר מסיר שומנים,מיליליטרים,750.00,"100 מ""ל",false,,15.90,0.0212,true,1,2342707
8420822130624,false,"ספריי סופר מסיר כתמים 750מ""ל יעקבי",קה לורדה,ES,סופר מסיר כתמים,מיליליטרים,750.00,"100 מ""ל",false,,16.90,0.0225,true,1,2342708
8423207206488,false,ס.דליס חטיף דגנים מלאים מצופה שוקולד חלב,אף.סי תבליני בגליל ב,ES,מרבה סלים דליס שוקולד חלב,גרמים,120.00,100 גרם,false,,10.90,0.0908,true,1,1377978
8423207206495,false,חטיף דגנים מלאים מצופה שוקולד מריר 120 ג,אף.סי תבליני בגליל ב,ES,מרבה סלים דליס שוקולד מרי,גרמים,120.00,100 גרם,false,,10.90,0.0908,true,1,1377979
8423207206501,false,חטיף רב דגנים עם שוקולד חלב 78 גרם,סלים דליס Slim Delis,ES,מרבה סלים דליס חצי מצופה,גרמים,78.00,100 גרם,false,,10.90,0.1397,true,1,1377980
8423207207362,false,חטיף דגנים סלים דליס שוקולד לבן 120 גר,ביסנצ'ורי אס.אל.יו,ES,מרבה סלים דליס,גרמים,120.00,100 גרם,false,,10.90,0.0908,true,1,1377982
8423207208260,false,מרבה סלים דליס 125 ג' ללא גלוטן שוקולד חלב,ביסנצ'ורי אס.אל.יו,ES,מרבה סלים דליס חלב ללא גל,גרמים,78.00,100 גרם,false,,10.90,0.1397,true,1,1423663
8423207208680,false,מרבה חטיפי סלים דליס לילדים שוקולד חלב,ביסנצ'ורי אס.אל.יו,ES,חטיף דגנים לילדים עם,גרמים,120.00,100 גרם,false,,10.90,0.0908,true,1,1442599
8423207208697,false,מרבה סלים דליס לילדים עם שוקולד לבן חדש,ביסנצ'ורי אס.אל.יו,ES,חטיף דגנים לילדים עם,גרמים,78.00,100 גרם,false,,10.90,0.1397,true,1,1442600
8423207208703,false,מרבה חטיפי סלים דליס לילדים שוקולד מריר,ביסנצ'ורי אס.אל.יו,ES,חטיף דגנים עם שוקולד,גרמים,120.00,100 גרם,false,,10.90,0.0908,true,1,1442601
8423207208871,false,פרכיות תירס בטעם טבעי סלים דליס 130ג',סלים דליס Slim Delis,ES,פריכיות תירס בטעם טב,גרמים,130.00,100 גרם,false,,9.90,0.0762,true,1,1458342
8423207208888,false,פריכיות תירס בטעם עגבניות ועשבי תיבול סלים דליס 123 ג',סלים דליס Slim Delis,ES,פריכיות תירס בטעם עג,גרמים,123.50,100 גרם,false,,9.90,0.0802,true,1,1458343
8423207208895,false,פריכיות תירס בטעם זיתים ועירית סלים דליס 123 ג',סלים דליס Slim Delis,ES,פריכיות תירס בטעם זי,גרמים,123.50,100 גרם,false,,9.90,0.0802,true,1,1458344
8423207209885,false,מרבה חטיפי סלים דליס מהדורה מיוחדת שוקולד חלב,סלים דליס Slim Delis,ES,חטיף דגנים עם שוקולד,גרמים,120.00,100 גרם,false,,10.90,0.0908,true,1,1786136
8423207210287,false,מרבה סלים דליס שוקולד לבן בטעם יוגורט 120 ג',סלים דליס Slim Delis,ES,חטיף שוקולד לבן בטעם,גרמים,120.00,100 גרם,false,,10.90,0.0908,true,1,1992389
8423207210928,false,חטיף דגנים מצופה שוקולד חלב ואגוזי לוז - 5 במארז,נוטרישן אנד סנטה קוב,ES,חטיף דגנים סלים דליס,גרמים,90.00,100 גרם,false,,10.90,0.1211,true,1,2249201
8423207210942,false,חטיף דגנים מצופה שוקולד לבן ופירות יער,נוטרישן אנד סנטה קוב,ES,חטיף דגנים סלים דליס,גרמים,78.00,100 גרם,false,,10.90,0.1397,true,1,2249209
8423207210966,false,חטיף רב דגנים מצופה שוקולד לבן קוקוס ולימון,נוטרישן אנד סנטה קוב,ES,חטיף דגנים סלים דליס,גרמים,90.00,100 גרם,false,,10.90,0.1211,true,1,2249202
8423207210980,false,סלים דליס טופינג קליפת תפוז 90 גרם,נוטרישן אנד סנטה קוב,ES,חטיף דגנים סלים דליס,גרמים,78.00,100 גרם,false,,10.90,0.1397,true,1,2249210
8427030007298,false,סימילאק גולד קומפורט 2 תרכובת מזון על בסיס חלב,סימילאק Similac,ES,סימילאק גולד קומפורט,גרמים,820.00,100 גרם,false,,109.90,0.1340,true,1,2257737
8435495805168,false,"תינוקלין לכביסה לעור רגיש אולימפיק 1.25ק""ג",מולינו ניקולי s.p.a,PL,"תינוקלין 1.25 ק""ג",קילוגרמים,1.25,"ק""ג",false,,21.90,17.5200,true,1,1878300
8435495805199,false,"תינוקלין אבקת כביסה 3 ק""ג",מולינו ניקולי s.p.a,TR,"תינוקלין 3 ק""ג",קילוגרמים,3.00,"ק""ג",false,,49.90,16.6333,true,1,1893344
8435495807605,false,תינוקלין מרכך כביסה היפואלרגני מרוכז 1 ליטר,מולינו ניקולי s.p.a,TR,מרכך כביסה תינוקלין,ליטרים,1.00,ליטר,false,,17.90,17.9000,true,1,2347216
8435495807636,false,ג'ל כביסה היפואלרגני 2 ל' תינוקלין,פרוקטר אנד גמבל,PL,ג'ל כביסה תינוקלין ב,ליטרים,2.00,ליטר,false,,29.90,14.9500,true,1,2354389
8437000906209,false,"עלי טורטיה קמח חיטה 20ס""מ 8יח' אזטקה 325ג'",Azteca foods europe,ES,"טורטיה קמח 20 ס""מ",גרמים,320.00,100 גרם,false,,9.90,0.0309,true,1,1378653
8445290427120,false,דגני פיטנס Fitness שוקולד מריר ובננה,נסטלה צרפת איטנקורט,FR,דגני בוקר שוקולד מרי,גרמים,330.00,100 גרם,false,,19.90,0.0603,true,1,2362929
8550740072390,false,פלפלונים מתוקים -עלו,,,פלפלונים מתוקים -עלו,גרמים,270.00,100 גרם,false,,7.90,0.0293,true,1,2264030
8550740072468,false,פלפלונים צ'ילי -טנא,,,פלפלונים צ'ילי -טנא,יחידה,0.00,יחידה,false,,5.90,0.0000,true,1,2322967
8606018615827,false,גלידת וניל עם שברי עוגיות אוראו 480 ג',פרונרי סרביה,IL,גלידה פיינט אוראו,גרמים,480.00,גרם,false,,18.90,0.0394,true,1,2352148
8606018615841,false,גלידת וניל עם ליבת שוקולד חלב 480 ג' מילקה,פרונרי סרביה,IL,גלידה פיינט וניל ליב,גרמים,480.00,גרם,false,,18.90,0.0394,true,1,2352149
8606018615865,false,פיינט מילקה קרמל ליבת שוקולד 480 גרם,פרונרי סרביה,IL,גלידה פיינט קרמל ליב,גרמים,480.00,גרם,false,,18.90,0.0394,true,1,2352150
8680202110824,false,שמרים לאפיה יבשים נמסים אינסטנט,,,שמרים נמסים בוואקום,גרמים,125.00,100 גרם,false,,3.90,0.0312,true,1,1368632
8680202110848,false,שמרים נמסים בוואקום 454 גרם,,,שמרים נמסים בוואקום,גרמים,454.00,100 גרם,false,,11.90,0.0262,true,1,1368633
8681863065294,false,מלח ים בטעם מעושן 350 ג' ויליפוד,שף סיזונס גידה סאן,TR,מלח ים בטעם מעושן 35,גרמים,350.00,100 גרם,false,,24.90,0.0711,true,1,2349106
8683130008355,false,מיונז עם שום הלמנס לחיץ 400 גרם,יוניליוור ישראל שיוו,TR,מיונז הלמנס עם שום 4,גרמים,400.00,100 גרם,false,,16.90,0.0422,true,1,2320589
8683130008935,false,ממרח קטשיונז לחיץ 425 גם,יוניליוור ישראל שיוו,TR,ממרח קטשיונז הלמנס ל,גרמים,425.00,100 גרם,false,,16.90,0.0398,true,1,2325291
8683130025581,false,"בדין - מרכך כביסה אקסטרא ענבר 960 מ""ל",יונילוור - תורכיה,TR,בדין אקסטרא ענבר 960,מיליליטרים,960.00,"100 מ""ל",false,,15.90,0.0166,true,1,2348777
8683323063024,false,יוגטה שטיחים בטעם תותי פרוטי 220 גרם,ליימן מותגים,TR,ממתק גומי שטיחים תות,גרמים,220.00,100 גרם,false,,4.90,0.0223,true,1,1590876
8690504081913,false,מקוויטיס טינס מצופה שוקולד חלב 150 גרם,שוורצקוף& הנקל דיסלד,TR,ביסקוויט מקויטיס טינ,גרמים,150.00,100 גרם,false,,9.90,0.0660,true,1,2135797
8690504153740,false,שוקולד מריר במילוי קרם בטעם שוקולד מריר,ביסקוט ביסקווי סילבר,TR,טבלת שוקולד מריר עם,גרמים,86.00,100 גרם,false,,12.90,0.1500,true,1,1938786
8690504153849,false,שוקולד חלב במילוי קרם בטעם פרלין אגוזים,"אולקר מקבוצת פלאדיס,",TR,טבלת שוקולד חלב ק.אג,גרמים,83.00,100 גרם,false,,12.90,0.1554,true,1,1938787
8690504156543,false,טבלת שוקלד חלב ממולא בקרם גנאש שוקולד חלב 88 גר',ביסקוט ביסקווי סילבר,TR,שוקולד גודייבה ממולא,גרמים,88.00,100 גרם,false,,12.90,0.1466,true,1,2221968
8690526009278,false,אי טי אי - חטיף קרמל מצופה שוקולד וחלב כדורוני דגנים 126 גרם,eti gida sanayi,TR,חטיף קרמל מצופה שוקו,גרמים,126.00,100 גרם,false,,7.90,0.0627,true,1,2250347
8690526009353,false,אי טי אי - מיני חטיף בוטנים נוגט קרמל מצופה שוקולד חלב 140 גרם,eti gida sanayi,TR,חטיף מיני בוטנים נוג,גרמים,140.00,100 גרם,false,,7.90,0.0564,true,1,2250349
8690526019147,false,אי טי אי - וופל במילוי קרם אגוזי לוז 142 גרם,eti gida sanayi,TR,וופל קקאו במילוי קרם,גרמים,142.00,100 גרם,false,,4.90,0.0345,true,1,2250335
8690526019178,false,אי טי אי - וופל קקאו במילוי קרם קוקוס 142 גרם,מולינו ניקולי s.p.a,TR,וופל קקאו במילוי קרם,גרמים,142.00,100 גרם,false,,4.90,0.0345,true,1,2250337
8690526019185,false,אי טי אי - וופל במילוי קרם שוקולד חלב 142 גרם,מולינו ניקולי s.p.a,TR,וופל קקאו במילוי קרם,גרמים,142.00,100 גרם,false,,4.90,0.0345,true,1,2250338
8690526029238,false,אתי מארז וופלים במילוי שוקולד מריר 50גרם,eti gida sanayi,TR,וופל שוקולד מריר אתי,גרמים,150.00,100 גרם,false,,7.90,0.0527,true,1,2281541
8690526039190,false,אי טי אי - מארז חמישייה וופל במילוי קרם אגוזים וחתיכות בוטנים 145 גרם,eti gida sanayi,TR,וופל חמישיה אגוזים 5,גרמים,145.00,100 גרם,false,,7.90,0.0545,true,1,2353281
8690526039206,false,אי טי אי - מיני וופל במילוי קרם קקאו וחתיכות בוטנים 140 גרם,גורי,TR,וופל מיני קקאו וחתיכ,גרמים,140.00,100 גרם,false,,7.90,0.0564,true,1,2353282
8690526049335,false,אי טי אי - שוקולד חלב עם פיסטוק 90 גרם,,,שוקולד חלב עם פיסטוק,גרמים,90.00,100 גרם,false,,5.90,0.0656,true,1,2352204
8690572775288,false,"גליס מרכך סרום שיקום עמוק 400 מ""ל",שוורצקוף Schwarzkopf,TR,גליס שמפו צבע אולטימטיבי,מיליליטרים,400.00,"100 מ""ל",false,,18.90,0.0472,true,1,1424574
8690572783931,false,"פה - דאודורנט ספריי לגבר אינוויזיבל פאוואר 200 מ""ל",שוורצקופף והנקל,DE,דאודורנט פה-ספריי,מיליליטרים,200.00,"100 מ""ל",false,,15.90,0.0795,true,1,1829243
8690572784303,false,"שוורצקוף גליס שמפו לשיער לאורך מושלם, 400 מ""ל",שוורצקופף והנקל,DE,שמפו גליס אולטימט רי,מיליליטרים,400.00,"100 מ""ל",false,,18.90,0.0472,true,1,1948749
8690572788851,false,"גליס - שמפו ביו טק 400 מ""ל",שוורצקופף והנקל,DE,שמפו גליס ביו-טק,מיליליטרים,400.00,"100 מ""ל",false,,18.90,0.0472,true,1,2221218
8690572788912,false,"גליס - ביו טק מרכך 400 מ""ל",שוורצקופף והנקל,TR,מרכך גליס ביו-טק,מיליליטרים,400.00,"100 מ""ל",false,,18.90,0.0472,true,1,2221226
8690572794692,false,"גליס - שמפו לאיזון והזנת הקרקפת 400 מ""ל",שוורצקופף והנקל,TR,שמפו גליס נוטרי באלא,מיליליטרים,400.00,"100 מ""ל",false,,18.90,0.0472,true,1,2276414
8690572794715,false,"גליס - מרכך לאיזון והזנת הקרקפת 400 מ""ל",שוורצקופף והנקל,TR,מרכך גליס נוטרי באלא,מיליליטרים,400.00,"100 מ""ל",false,,18.90,0.0472,true,1,2276415
8690572799529,false,"סאיוס - שמפו קרטין 500 מ""ל",הנקל סוד,TR,"שמפו סאיוס 500 מ""ל",מיליליטרים,500.00,"100 מ""ל",false,,9.90,0.0198,true,1,2294813
8690637073373,false,תה ארל גריי בטעם ברגמוט ליפטון 25 שקיקים,יונילוור - תורכיה,TR,ארל גריי 50 גר,גרמים,50.00,100 גרם,false,,7.90,0.1580,true,1,1380411
8690637073434,false,תה ליפטון ארל גריי 100 שקיקים,ליפטון Lipton,,תה ליפטון ארל גריי 1,גרמים,200.00,100 גרם,false,,22.90,0.1145,true,1,1380412
8690637503856,false,ממרח הלמנס כ- 40% פחות שומן לעומת מיונז,"בסטפוד - 3P ארה""ב Fo",TR,ממרח הלמנס לחיץ 355,גרמים,355.00,100 גרם,false,,16.90,0.0476,true,1,2266625
8690637504426,false,"קרם ניקוי סיף בניחוח לימון 500 מ""ל",יונילוור - תורכיה,TR,"סיף קרם לימון 500 מ""",מיליליטרים,500.00,"100 מ""ל",false,,10.90,0.0218,true,1,2322528
8690637505607,false,מרכך כביסה מרוכז בדין אקסטרה בניחוח פינוק כחול,יוניליוור סנאיי וי ט,TR,בדין אקסטרא כחול-960,מיליליטרים,960.00,"100 מ""ל",false,,15.90,0.0166,true,1,2299926
8690637505614,false,"מרכך כביסה בדין אקסטרה פינוק קוקוס 960 מ""ל",יוניליוור סנאיי וי ט,TR,בדין אקסטרא כחול-960,מיליליטרים,960.00,"100 מ""ל",false,,15.90,0.0166,true,1,2299927
8690637506956,false,"דאב שמפו נגד קשקשים אלוורה 600 מ""ל",יונילוור - תורכיה,TR,שמפו דאב למניעת קשקש,מיליליטרים,600.00,"100 מ""ל",false,,18.90,0.0315,true,1,2362037
8690637555084,false,מרכך כביסה בדין אקסטרא פריחת תפוז 960 מל,יוניליוור סנאיי וי ט,TR,בדין אקסטרא לבן-960 מ''ל,מיליליטרים,960.00,"100 מ""ל",false,,15.90,0.0166,true,1,1380428
8690637688195,false,ליפטון תה ירוק מעטפות קלאסי 30 ג',יונילוור - תורכיה,TR,ליפטון תה ירוק מעטפות קלא,גרמים,34.00,100 גרם,false,,15.90,0.4676,true,1,1380448
8690637704277,false,"שמפו ומרכך לשיער רגיל 600 מ""ל דאב",יונילוור - תורכיה,TR,דאב שמפו יום יומי 2 ב-1 6,מיליליטרים,600.00,"100 מ""ל",false,,18.90,0.0315,true,1,1380452
8690637704291,false,שמפו לשיקום אינטנסיבי לשיער פגום,יוניליוור טורקיה. אז,TR,דאב שמפו משקם 600מל,מיליליטרים,600.00,"100 מ""ל",false,,18.90,0.0315,true,1,1380453
8690637704437,false,שמפו עם שמני הזנה לטיפוח לשיער יבש,יוניליוור טורקיה. אז,TR,דאב שמפו שמני הזנה 600 מל,מיליליטרים,600.00,"100 מ""ל",false,,18.90,0.0315,true,1,1380457
8690637704451,false,מרכך עם שמני הזנה לטיפוח לשיער יבש,יוניליוור טורקיה. אז,TR,דאב מרכך שמני הזנה 600 מל,מיליליטרים,600.00,"100 מ""ל",false,,18.90,0.0315,true,1,1380458
8690637799594,false,תה ירוק ליפטון נענע בסגנון מרוקאי 20יח',בסן בסין סנאיי וי טי,TR,תה ירוק ליפטון נענע,גרמים,34.00,100 גרם,false,,15.90,0.4676,true,1,1491147
8690637835643,false,תה ירוק לואיז הולימונית 20 שק ליפטון,ליפטון Lipton,TR,תה ירוק ליפטון לואיז,גרמים,30.00,100 גרם,false,,15.90,0.5300,true,1,1721942
8690637858734,false,ג'ל לניקוי כללי בתוספת אקונומיקה בניחוח לימון,סיף פנטסטיק Cif Fantastic,IL,סיף גל אקונומיקה 750,מיליליטרים,750.00,"100 מ""ל",false,,11.90,0.0159,true,1,1942085
8690637858741,false,ג'ל לניקוי כללי בתוספת אקונומיקה בניחוח רוח ים,סיף פנטסטיק Cif Fantastic,IL,סיף גל אקונומיקה 750,מיליליטרים,750.00,"100 מ""ל",false,,11.90,0.0159,true,1,1942086
8690637865589,false,דאב תחליב רחצה לידיים 500 מלפפונים ותה י,General,TR,סבון ידיים דאב מלפפו,מיליליטרים,500.00,"100 מ""ל",false,,16.90,0.0338,true,1,2124834
8690637865596,false,תחליב רחצה לניקוי וטיפוח עור הידיים,קוסטר אירוסול ולף סנ,TR,סבון ידיים דאב הזנה,מיליליטרים,500.00,"100 מ""ל",false,,16.90,0.0338,true,1,2124835
8690637871047,false,דאב שמפו בתוספת שמן קוקוס וכורכום 600 מל,יונילוור - תורכיה,TR,שמפו דאב 600 עם שמן,מיליליטרים,600.00,"100 מ""ל",false,,18.90,0.0315,true,1,1962594
8690637871061,false,"דאב שמפו שמן אבוקדו ותמצית קלנדולה 600 מ""ל",יונילוור - תורכיה,TR,שמפו דאב 600 עם שמן,מיליליטרים,600.00,"100 מ""ל",false,,18.90,0.0315,true,1,1962595
8690637919398,false,דאב מרכך עם מים מיסלרים 600 מל,יוניליוור,TR,מרכך דאב מיסלר 600 מ,מיליליטרים,600.00,"100 מ""ל",false,,18.90,0.0315,true,1,2230722
8690637935701,false,"מרכך כביסה אקסטרה פריחת הדובדבן ושקדים 960 מ""ל בדין",יוניליוור סנאיי וי ט,TR,"בדין אקסטרא 960 מ""ל",מיליליטרים,960.00,"100 מ""ל",false,,15.90,0.0166,true,1,2228530
8690637946301,false,"בדין - מרכך כביסה אקסטרא בייביי כחול 960 מ""ל",יוניליוור סנאיי וי ט,TR,בדין אקסטרא בייבי 96,מיליליטרים,960.00,"100 מ""ל",false,,15.90,0.0166,true,1,2233706
8690637946318,false,מרכך כביסה אקסטרה בייבי היפואלרגני בריח טלק,יוניליוור סנאיי וי ט,IL,בדין אקסטרא בייבי 96,מיליליטרים,960.00,"100 מ""ל",false,,15.90,0.0166,true,1,2233707
8690637971310,false,"מרכך כביסה אקסטרה בניחוח יערת הדבש 960 מ""ל בדין",יוניליוור סנאיי וי ט,TR,בדין אקסטרא יערת הדב,מיליליטרים,960.00,"100 מ""ל",false,,15.90,0.0166,true,1,2261767
8690637976995,false,"בדין - מרכך כביסה אקסטרא ורוד סחלבים פראי 960 מ""ל",יוניליוור סנאיי וי ט,TR,בדין אקסטרא ורוד- 96,מיליליטרים,960.00,"100 מ""ל",false,,15.90,0.0166,true,1,2261768
8690637977794,false,תחליב רחצה לידיים בניחוח חמאת שיאה ווניל,קוסטר אירוסול ולף סנ,TR,סבון ידיים דאב חמאת,מיליליטרים,500.00,"100 מ""ל",false,,16.90,0.0338,true,1,2266616
8690637987441,false,"מרכך כביסה אקסטרה פרח הכותנה ווניל 960 מ""ל בדין",יוניליוור סנאיי וי ט,TR,בדין אקסטרא פרח הכות,מיליליטרים,960.00,"100 מ""ל",false,,15.90,0.0166,true,1,2268992
8690637994029,false,מרכך כביסה אקסטרה בניחוח סחלבים פראי,בדין,TR,בדין אקסטרא סחלבים 1,ליטרים,1.44,ליטר,false,,22.90,15.9028,true,1,2276433
8690757002376,false,"משחה להברקת נעליים עם ספוג 50 SILVERמ""ל-צבע שחור",סילבר Silver,,משחת נעליים,מיליליטרים,50.00,"100 מ""ל",false,,4.90,0.0980,true,1,1361260
8690757002451,false,"נוזל להברקת נעליים חום 75 SILVERמ""ל",,TR,נוזל לנעליים,מיליליטרים,75.00,"100 מ""ל",false,,4.90,0.0653,true,1,1361267
8690757002475,false,ספוג להברקת נעליים גדול SILVER -נטורל,סילבר Silver,,ספוג להברקת נעליים,יחידה,0.00,יחידה,false,,4.90,0.0000,true,1,1361269
8690757002482,false,"ספוג מבריק נעליים עם צבע 6 מ""ל SILVER -שחור",,,ספוג לנעלים,יחידה,0.00,יחידה,false,,8.90,0.0000,true,1,1361270
8690766156367,false,שוקולד חלב גודייבה מעולה 90 גר,"אולקר מקבוצת פלאדיס,",TR,שוקולד גודייבה חלב מ,גרמים,90.00,100 גרם,false,,14.90,0.1656,true,1,2221977
8690766156374,false,שוקולד גודייבה מריר 72% מוצרי קקאו 90 גר,"אולקר מקבוצת פלאדיס,",TR,שוקולד גודייבה מריר,גרמים,90.00,100 גרם,false,,14.90,0.1656,true,1,2221978
8690766156381,false,גודייבה שוקולד מריר 90% מוצקי קקאו 90 גרם,"אולקר מקבוצת פלאדיס,",TR,שוקולד גודייבה מריר,גרמים,90.00,100 גרם,false,,14.90,0.1656,true,1,2221979
8690766156398,false,שוקולד חלב מעולה בתוספת שברי שקדים קלויים דבש ומלח 90ג',"אולקר מקבוצת פלאדיס,",TR,שוקולד גודייבה חלב ב,גרמים,90.00,100 גרם,false,,14.90,0.1656,true,1,2221980
8690770322598,false,"שמרים יבשים 125 גר` בד""צ",בראבו Bravo,,שמרים יבשים 125 גרם,גרמים,125.00,100 גרם,false,,3.90,0.0312,true,1,1360613
8690777203012,false,פלפל ירוק כבוש לא חריף סארה 600ג',יוליניבר,TR,פלפל ירוק כבוש לא חריף 60,גרמים,600.00,100 גרם,false,,12.90,0.0215,true,1,1347953
8690777204071,false,פלפלים כבושים - חריפים,יוליניבר,TR,פלפל חריף 640גרם מותג SER,גרמים,640.00,100 גרם,false,,12.90,0.0202,true,1,1347954
8690777206051,false,חצילים קלויים על האש סארה 650 גר',קוראהן פזלרמה וי דיס,TR,חצילים קלויים על האש 650ג,גרמים,650.00,100 גרם,false,,12.90,0.0198,true,1,1347955
8690777221405,false,פלפל אדום קלויים על האש 650 גרם SERA,קוראהן פזלרמה וי דיס,TR,פלפל אדום קלוי על האש 650,גרמים,650.00,100 גרם,false,,12.90,0.0198,true,1,1347956
8690784611442,false,סבון מוצק לניקוי אסלה בניחוח הדרים בתוספת אקונומיקה,דאופלור אס פי אי כונ,PL,דאק סבון ניקוי אסלה,גרמים,30.00,100 גרם,false,,7.90,0.2633,true,1,2220159
8690784614665,false,סבון דאק לניקוי אסלה בניחוח ים נתלה,דאופלור אס.פי.אי כונ,PL,דאק סבון ניקוי אסלה,גרמים,30.00,100 גרם,false,,7.90,0.2633,true,1,1936413
8690784614771,false,סבון מוצק לניקוי אסלה בניחוח רענן,דאופלור אס.פי.אי כונ,IT,דאק סבון ניקוי אסלה,גרמים,30.00,100 גרם,false,,7.90,0.2633,true,1,1936414
8690784616775,false,סבון מוצק לאסלה דאק אקווה בלו 4 ב-1 80 ג,טואלט דאק (ג'ונסון),RS,סבון ניקוי לאסלה דאק,יח',1.00,יח',false,,9.90,9.9000,true,1,2093425
8690784711777,false,דאק סבון אקטיבי בתוספת אקונומיקה מקציפה בניחוח ים,דאופלור אס.פי.אי כונ,IT,דאק סבון ניקוי אסלה,גרמים,30.00,100 גרם,false,,7.90,0.2633,true,1,2207828
8690799021847,false,"ריבת משמש בזכוכית 1 ק""ג BEST QUALITY",,TR,ריבת משמש,קילוגרמים,1.00,"100 ק""ג",false,,19.90,19.9000,true,1,1500442
8690799022899,false,ריבת תפוזים,,,ריבת תפוזים,קילוגרמים,1.00,"100 ק""ג",false,,19.90,19.9000,true,1,2241363
8690799022905,false,ריבת אפרסקים,,,ריבת אפרסקים,קילוגרמים,1.00,"100 ק""ג",false,,19.90,19.9000,true,1,2241364
8693323085100,false,גומי יוגטה שטיחים חמוצים טעם פירות 100 ג,יוגטה yogueta,TR,ממתק חמוץ בצורת שטיח,גרמים,100.00,100 גרם,false,,5.90,0.0590,true,1,1996071
8693495051002,false,קולגייט מברשת שיניים מיניונים 6+ לילדים,קולגייט Colgate,CN,מברשת שיניים קולגייט,יח',1.00,יח',false,,18.90,18.9000,true,1,1717245
8693495051255,false,מברשת שיניים סלים סופט זהב קולגייט זוג,קולגייט - פלמוליב,CN,זוג מברשות שיניים קו,יח',2.00,יח',false,,29.90,14.9500,true,1,1750542
8693495052177,false,פלמוליב ס.נוזלי זיתים 750 מל משאבה,קולגייט פלמוליב,TR,סבון נוזלי פלמוליב ז,מיליליטרים,750.00,"100 מ""ל",false,,16.90,0.0225,true,1,1787811
8693495052931,false,זוג מברשות שיניים אדוונסט 360 לניקוי כל חלל הפה,קולגייט Colgate,CN,מברשת שיניים קולגייט,יח',2.00,יח',false,,29.90,14.9500,true,1,2208231
8697040109323,false,אסותא סבון מוצק להיגיינה,אטש סונמז כימיה,TR,סבון מוצק אסותא,גרמים,100.00,100 גרם,false,,3.90,0.0390,true,1,1438516
8697418280333,false,שערות קדאיף מיובשות 500 גרם,פרינסיס און וה אונלו,TR,שערות קדאיף 500 גרם,גרמים,500.00,100 גרם,false,,19.90,0.0398,true,1,2220861
8697430885417,false,פסטה מסולסלת ארבלה ו,DURUM,TR,פסטה מסולסלת 6 ARBELLA,גרמים,500.00,100 גרם,false,,4.90,0.0098,true,1,1386408
8697430885424,false,פסטה פרפרים ארבלה וי,ארבלה Arbella,TR,פרפרים 5 ARBELLA,גרמים,500.00,100 גרם,false,,4.90,0.0098,true,1,1386409
8697430885431,false,פסטה פנה ארבלה ויטה,ארבלה Arbella,TR,פנה 4 ARBELLA,גרמים,500.00,100 גרם,false,,4.90,0.0098,true,1,1386410
8697430885455,false,קונכיות ארבלה ויטה,ארבלה Arbella,TR,קונכיות 3 ARBELLA,גרמים,500.00,100 גרם,false,,4.90,0.0098,true,1,1386411
8697430885479,false,פוזילי ארבלה ויטה,ארבלה Arbella,TR,פוזילי 2 ARBELLA,גרמים,500.00,100 גרם,false,,4.90,0.0098,true,1,1386412
8697430885493,false,ספגטי ארבלה ויטה,ארבלה Arbella,TR,ספגטי 1 ARBELLA,גרמים,500.00,100 גרם,false,,4.90,0.0098,true,1,1386413
8697431460064,false,קונפיטורה משמש 70% פרי פרופה 454 גר',פרוטנגו Fruitango,,קונפיטור 70% משמש,גרמים,450.00,100 גרם,false,,12.90,0.0287,true,1,1378654
8697431460378,false,קונפיטורה70% שזיף 450 ג' FRUPPA,פרוטנגו Fruitango,,קונפיטורה 70% שזיפים,גרמים,450.00,100 גרם,false,,12.90,0.0287,true,1,1378658
8697431921701,false,קונפיטורה תות שדה 70% פרי פרופה 454 גר',פרוטנגו Fruitango,,קונפיטור 70% תות,גרמים,450.00,100 גרם,false,,12.90,0.0287,true,1,1378659
8697431921718,false,קונפיטורה דובדבן חמוץ 70% פרי פרופה 454 גר',פרוטנגו Fruitango,,קונפיטור 70% דובדבן,גרמים,450.00,100 גרם,false,,12.90,0.0287,true,1,1378660
8697431925143,false,קונפיטורה 70% פירות יער 450 ג' FRUPPA,פרוטנגו Fruitango,,קונפיטור 70% מיקס פי,גרמים,450.00,100 גרם,false,,12.90,0.0287,true,1,2084944
8697826469092,false,טורטיה קטנה 12 יחידות 540 גרם,דין שיווק,TR,טורטיות ראפ 540 גרם,גרמים,540.00,100 גרם,false,,9.90,0.0183,true,1,1366597
8699073291273,false,פלפל כבוש חריף 640 גרם MELIS כשרות K,מליס Melis,,פלפל כבוש חריף 640 ג,גרמים,640.00,100 גרם,false,,12.90,0.0202,true,1,2269153
8699568532171,false,וולה פלקס ספריי לשיע,,,ספריי לשיער אקסטרא,מיליליטרים,75.00,"100 מ""ל",false,,9.90,0.1320,true,1,2372354
8710428005762,false,תרכובת מזון לתינוקות על בסיס חלבון סויה איזומיל טף שלב 2,אבוט מעבדות רפואיות,ES,SIMILAC ISOMIL TAF NG 400,גרמים,400.00,100 גרם,false,,44.90,0.1122,true,1,1345592
8710428016348,false,אבקת משקה להשלמה תזונתית וניל 400 ג' פדיאשור,אבוט מעבדות רפואיות,NL,פדיאשור משקה להשלמה,גרמים,400.00,100 גרם,false,,39.90,0.0997,true,1,2261715
8710447211052,false,טרזמה בוטניק שמפו להזנה ושיקום 400 מל,יוניליוור,PL,שמפו טרזמה בוטניק 40,מיליליטרים,400.00,"100 מ""ל",false,,14.90,0.0373,true,1,2197774
8710447224311,false,מרכך בוטניק בתוספת שמן קוקוס ואלוורה,יוניליוור פולין,PL,מרכך טרזמה בוטניק 40,מיליליטרים,400.00,"100 מ""ל",false,,14.90,0.0373,true,1,2197775
8710447224366,false,טרזמה מרכך עם קרטין 400 מל,יוניליוור,PL,מרכך טרזמה קרטין 400,מיליליטרים,400.00,"100 מ""ל",false,,14.90,0.0373,true,1,2197777
8710447240915,false,טרזמה מסכה משקמת בתוספת ביוטין 300 מל,יוניליוור,PL,מסכה לשיער טרזמה ביו,מיליליטרים,300.00,"100 מ""ל",false,,29.90,0.0997,true,1,2198949
8710447275306,false,דאב קרם ידיים שמן אבוקדו ותמצית קלנדולה,אתר ליוור - HPC,PL,קרם ידיים דאב שמן אב,מיליליטרים,75.00,"100 מ""ל",false,,12.90,0.1720,true,1,2174587
8710502064814,false,עוגיות מרבה שוקולד ציפס במרקם רך 175 גר,בנקטבקריי מרבה בי.וי,NL,עוגיות שוקולד ציפס 1,גרמים,175.00,100 גרם,false,,8.90,0.0509,true,1,1378006
8710502139017,false,עוגיות שוקוציפס מצופות שוקולד 180 ג',בנקטבקריי מרבה בי.וי,NL,מרבה עוגיות טריפל שוקולד,גרמים,180.00,100 גרם,false,,8.90,0.0494,true,1,1378007
8710502194801,false,עוגיות שוקולד צ'יפס במרקם רך עם פירות יער,בנקטבקריי מרבה בי.וי,NL,עוגיות שוקולד צי'פס,גרמים,175.00,100 גרם,false,,8.90,0.0509,true,1,1490203
8710502231018,false,מרבה מיני עוגיות שוקולד צ'יפס 175 גרם,"מרבה בע""מ",NL,עוגיות מרבה שוקולד צ,גרמים,175.00,100 גרם,false,,8.90,0.0509,true,1,2273848
8710502279010,false,מרבה עוגיות שוקולד ציפס מצופות שוקולד 175 גרם - רבנות,"י.מרבה ישראל בע""מ",NL,עוגיות שוקולד צ'יפס,גרמים,175.00,100 גרם,false,,8.90,0.0509,true,1,2270680
8710502285509,false,מרבה - עוגיות לימון ושוקולד צ'יפס במרקם רך 175 גרם,בנקטבקריי מרבה בי.וי,NL,עוגיות לימון ושוקולד,גרמים,175.00,100 גרם,false,,8.90,0.0509,true,1,2313314
8710502405204,false,מרבה עוגיות שוקוציפס ממולא קרם שוקולד 175ג',קריניציה ויטמינה אס,NL,מרבה עוגיות ממולאות קרם,גרמים,175.00,100 גרם,false,,8.90,0.0509,true,1,1378009
8710502470028,false,עוגיות שוקולד צ'יפס ממולאות בקרם נוגט,קריניציה ויטמינה אס,NL,מרבה עוגיות נוגטלי 160 ג,גרמים,160.00,100 גרם,false,,8.90,0.0556,true,1,1378011
8710502470035,false,מרבה פטיסרי עוגיות נוגטלי אגוזים 200 גרם,מרבה,NL,עוגיות מרבה פטיסרי נ,גרמים,200.00,100 גרם,false,,9.90,0.0495,true,1,2354560
8710552274614,false,שמפו קצף לנ.שטיחים וניש קליה גולד 600 מל,קליה וניש Kalia Vanish,IT,וניש גולד קצף שטיחים,מיליליטרים,600.00,"100 מ""ל",false,,24.90,0.0415,true,1,1944289
8710800027573,false,סוכריות מיני מנטוס פירות שקית 178ג',פרפטי ואן מלה,NL,שקית מיני מנטוס,גרמים,178.00,100 גרם,false,,10.00,0.0562,true,1,1365610
8710800961310,false,סוכריות מנטוס תות מארז 37.5X4ג',פרפטי ואן מלה ברדה,NL,מנטוס 1/4 טעם תות,גרמים,150.00,100 גרם,false,,10.90,0.0727,true,1,1365611
8710847860843,false,"רקסונה - דאודורנט רולאון לאישה אינביזיבל 50 מ""ל",רקסונה Rexona,GB,דאודורנט רול און רקס,מיליליטרים,50.00,"100 מ""ל",false,,15.90,0.3180,true,1,2214083
8710847942679,false,טרזמה שמפו לשיער יבש בתוספת שמן המפ,יוניליוור,PL,שמפו טרזמה קרטין 400,מיליליטרים,400.00,"100 מ""ל",false,,14.90,0.0373,true,1,2299928
8710847973970,false,"תחליב רחצה דאב אלוורה ועץ שדה 750 מ""ל",יוניליוור גרמניה (בו,DE,דאב תחליב רחצה אלוור,מיליליטרים,750.00,"100 מ""ל",false,,19.90,0.0265,true,1,2266617
8710908326691,false,תחליב רחצה דאב אדמונית 750 מל,יוניליוור גרמניה (בו,DE,דאב תחליב רחצה אדמונ,מיליליטרים,750.00,"100 מ""ל",false,,19.90,0.0265,true,1,1463708
8710908693809,false,"טרזמה מסכה טיפולית עם קרטין 300מ""ל",טרזמה TRESemme,PL,מסכה לשיער טרזמה קרט,מיליליטרים,300.00,"100 מ""ל",false,,29.90,0.0997,true,1,1882103
8711000362570,false,לור קפסולות קפה אספרסו פורזה 9,גיקובס דאו אגברטס צר,FR,לור קפסולות קפה אספר,גרמים,52.00,100 גרם,false,,19.90,0.3827,true,1,2003056
8711000362617,false,לור קפסולות קפה אספרסו לונגו פרופונדו 8,יוניליוור גרמניה Gm,FR,לור קפסולות קפה אספר,גרמים,52.00,100 גרם,false,,19.90,0.3827,true,1,2003057
8711000362631,false,לור קפסולות קפה אספרסו 12 אוניקס 52ג',יוניליוור גרמניה Gm,FR,לור קפסולות קפה אספר,גרמים,52.00,100 גרם,false,,19.90,0.3827,true,1,2003058
8711000362679,false,לור קפסולות קפה אספרסו קולומביה 8,קריניציה ויטמינה אס,FR,לור קפסולות קפה אספר,גרמים,52.00,100 גרם,false,,19.90,0.3827,true,1,2185813
8711000362747,false,לור קפסולות קפה אספרסו ריסטרטו 11,גיקובס דאו אגברטס צר,FR,לור קפסולות קפה אספר,גרמים,52.00,100 גרם,false,,19.90,0.3827,true,1,2003059
8711000371176,false,קפסולות קפה אספרסו קלאסיקו 10*52 ג' ג'ייקובס,קריניציה ויטמינה אס,FR,ג'ייקובס קפסולות קפה,גרמים,52.00,100 גרם,false,,12.90,0.2481,true,1,2048970
8711000371183,false,קפסולות קפה אספרסו אינטנסו 10*52 ג' ג'ייקובס,קריניציה ויטמינה אס,FR,ג'ייקובס קפסולות קפה,גרמים,52.00,100 גרם,false,,12.90,0.2481,true,1,2077274
8711000371206,false,קפסולות קפה אספרסו ריסטרטו 10*52 ג' ג'ייקובס,קריניציה ויטמינה אס,FR,ג'ייקובס קפסולות קפה,גרמים,52.00,100 גרם,false,,12.90,0.2481,true,1,2077275
8711000471296,false,לור קפסולות קפה אספרסו אולטימו 13,דיפלומט,FR,לור קפסולות קפה אספר,גרמים,52.00,100 גרם,false,,19.90,0.3827,true,1,2246827
8711327475618,false,מגנום פיינט וניל קלאסיק 440X8מל,"מפעל גלידות בווספרם,",HU,מגנום פיינט וניל קלא,מיליליטרים,440.00,"100 מ""ל",false,,19.90,0.0452,true,1,2272052
8711327475663,false,מגנום פיינט וניל שוקולד לבן 440X8מל,"מפעל גלידות בווספרם,",HU,מגנום פיינט וניל שוק,מיליליטרים,440.00,"100 מ""ל",false,,19.90,0.0452,true,1,2272053
8711700665834,false,סבון מוצק Beauty cream bar בניחוח מלפפון ותה ירוק - מארז שישיה,יוניליוור,DE,דאב PW BAR מגע טרי 6X100,גרמים,600.00,100 גרם,false,,24.90,0.0415,true,1,1380478
8712400718073,false,נוטרילון A.R תרכובת מזון מגיל לידה,נוטרישה-נוטרילון,NL,נוטרילון AR חלב לתינ,גרמים,400.00,100 גרם,false,,44.90,0.1122,true,1,1732687
8712400802499,false,תרכובת מזון המשך לפעוטות על בסיס חלב שלב 1,נוטרישיה קאלק ב. ו.,NL,נוטרילון חלב לתינוקו,גרמים,800.00,100 גרם,false,,64.90,0.0811,true,1,1345972
8712400802536,false,תרכובת מזון המשך לפעוטות על בסיס חלב שלב 3,נוטרישיה קאלק ב. ו.,NL,נוטרילון חלב לתינוקו,גרמים,800.00,100 גרם,false,,64.90,0.0811,true,1,1345976
8712561594240,false,"דאב תחליב רחצה להזנה עמוקה500 מ""ל-מרכז","יוניליוור גרמניה, Gm",DE,דאב ת.ר הזנה עמוקה 250ML,מיליליטרים,500.00,"100 מ""ל",false,,14.90,0.0298,true,1,1412129
8712561609647,false,"דאב - תחליב רחצה חמאת שיאה 500 מ""ל",יוניליוור,DE,דאב תחליב רחצה חמאת,מיליליטרים,500.00,"100 מ""ל",false,,16.90,0.0338,true,1,2372655
8712561611183,false,דאב סבון נוזלי 500 תמציות מלפפונים ותה,יוניליוור גרמניה (בו,DE,דאב ת.ר פרש 500ML,מיליליטרים,500.00,"100 מ""ל",false,,14.90,0.0298,true,1,1412131
8712561611411,false,תחליב רחצה מזין בניחוח מלפפון ותה ירוק,יוניליוור גרמניה (בו,DE,דאב ת.ר פרש 750ML,מיליליטרים,750.00,"100 מ""ל",false,,19.90,0.0265,true,1,1412132
8712561626286,false,"תחליב רחצה דאב זוהר כמשי 750 מ""ל",יוניליוור גרמניה (בו,DE,דאב ת.ר מענג 750ML,מיליליטרים,750.00,"100 מ""ל",false,,19.90,0.0265,true,1,1412134
8712561631570,false,"תחליב רחצה דאב חלב קוקוס 750 מ""ל",יוניליוור גרמניה (בו,DE,דאב תחליב רחצה קוקוס ללא,מיליליטרים,750.00,"100 מ""ל",false,,19.90,0.0265,true,1,1412136
8712561646024,false,דאב תחליב רחצה קרם פיסטוק ומגנוליה 750 מ,יוניליוור גרמניה (בו,DE,תחליב רחצה דאב 750 מ,מיליליטרים,750.00,"100 מ""ל",false,,19.90,0.0265,true,1,2333704
8714599104316,false,קפה שחור קלוי וטחון טורקי גייקובס 200 גר,ג'ייקובס Jacobs,RU,קפה שחור ג'יקובס 200,גרמים,200.00,100 גרם,false,,14.90,0.0745,true,1,2219504
8714599104330,false,ג'ייקובס קפה שחור קלוי וטחון טורקי 85 ג',ג'ייקובס Jacobs,,קפה שחור ג'יקובס 85,גרמים,85.00,100 גרם,false,,6.90,0.0812,true,1,2219505
8714599410806,false,קפה נמס ג'ייקובס קרונונג בשקית 160 גרם,ג'ייקובס Jacobs,RU,קפה ג'יקובס 160 גרם,גרמים,160.00,100 גרם,false,,17.90,0.1119,true,1,2072821
8714599412220,false,גייקובס וולווט קפה נמס מיובש 95 גרם,קראפט,RU,קפה ג'יקובס וולווט ק,גרמים,95.00,100 גרם,false,,14.90,0.1568,true,1,2295184
8714599412336,false,קפה נמס בריסטה אמריקנו קלוי וטחון 160 ג' ג'ייקובס,ג'ייקובס דאו אגברטס,RU,קפה ג'יקובס בריסטה,גרמים,160.00,100 גרם,false,,24.90,0.1556,true,1,2305453
8714599513781,false,גייקובס גולד קפה נמס מיובש בהקפאה 200גרם,אל.אל. סי ג''יקובס ד,RU,קפה ג'יקובס גולד 200,גרמים,200.00,100 גרם,false,,24.90,0.1245,true,1,1446545
8714599513835,false,ג'ייקובס נטול קפאין מיובש בהקפאה 200 ג',ג'ייקובס Jacobs,RU,קפה ג'יקובס נטול קפא,גרמים,200.00,100 גרם,false,,32.90,0.1645,true,1,1621929
8714599513866,false,גייקובס קרוננג קפה נמס מיובש בהקפאה 200ג,אל.אל.סי גייקובס דאו,RU,קפה ג'יקובס 200 גרם,גרמים,200.00,100 גרם,false,,24.90,0.1245,true,1,1446546
8714789177229,false,מברשת שיניים אקסטרה קלין מדיום - מארז רביעיה,הנסיך- מפעל לייצור ט,CN,קולגייט אקסטרה קלין רביעי,יח',4.00,יח',false,,9.90,2.4750,true,1,1378017
8714789402918,false,נוזל לניקוי כללי ולרצפה בניחוח פרחי בר,הנסיך- מפעל לייצור ט,GR,אגקס חגיגת הפרחים אדום 1.,ליטרים,1.50,ליטר,false,,16.90,11.2667,true,1,1378031
8714789402932,false,נוזל לניקוי כללי ולרצפה בניחוח ורדים,הנסיך- מפעל לייצור ט,GR,אגקס חגיגת הפרחים ורוד 1.,ליטרים,1.50,ליטר,false,,16.90,11.2667,true,1,1378032
8714789402970,false,נוזל לניקוי כללי ולרצפה בניחוח פרחי אביב,הנסיך- מפעל לייצור ט,GR,אגקס חגיגת הפרחים ירוק 1.,ליטרים,1.50,ליטר,false,,16.90,11.2667,true,1,1378033
8714789450315,false,פלמוליב נוזל כלים לימון 1.5 ליטר,הנסיך- מפעל לייצור ט,GR,פלמוליב כלים שקוף לימון 1,ליטרים,1.50,ליטר,false,,15.90,10.6000,true,1,1378034
8714789529561,false,קולגייט משחת שיניים סנסטיב להלבנה 111 ג',קולגייט פלמוליב,BR,קולגייט סנסיטיב פרו ריליף,מיליליטרים,75.00,"100 מ""ל",false,,14.90,0.1987,true,1,1378040
8714789582764,false,אג'קס ספריי לניקוי חלונות ומשטחים,הנסיך- מפעל לייצור ט,GR,אגקס טריגר 750 מל,מיליליטרים,750.00,"100 מ""ל",false,,12.90,0.0172,true,1,1378043
8714789831275,false,קולגייט מברשת שיניים 360 אופטיק וואיט זוג,קולגייט פלמוליב,CN,קולגייט מברשת 360 אופטיק,יח',2.00,יח',false,,32.90,16.4500,true,1,1378064
8714789834467,false,פלמוליב נוזל כלים 1.5 ליטר,פלמוליב Palmolive,GR,פלמוליב כלים שקוף קלאסי 1,ליטרים,1.50,ליטר,false,,15.90,10.6000,true,1,1378065
8714789930848,false,"משחת שיניים אופטיק וויט אינסטנט 75 מ""ל קולגייט",הנסיך- מפעל לייצור ט,PL,קולגייט משחת אופטיק וייט,מיליליטרים,75.00,"100 מ""ל",false,,19.90,0.2653,true,1,1378071
8715035150300,false,"רוטב סויה קיקומן ללא גלוטן 250 מ""ל",קיקומן פודז יורופ בי,NL,רוטב סויה קיקומן ללא,מיליליטרים,250.00,"100 מ""ל",false,,19.90,0.0796,true,1,2095401
8715035520301,false,פונזו רוטב יפני מסורתי מבוסס על רוטב סויה ולימון,קיקומן פודז יורופ בי,NL,רוטב סויה ולימון פונ,מיליליטרים,250.00,"100 מ""ל",false,,19.90,0.0796,true,1,2134517
8715700110141,false,מיונז קרמי היינץ צנצנת 460ג',ה.י.היינץ הולדינג בי,NL,ממרח מיונז היינץ בצנ,גרמים,460.00,100 גרם,false,,11.90,0.0259,true,1,1762380
8715700110158,false,היינץ ממרח במרקם קרמי צנצנת 490 גרם,ה.י.היינץ הולדינג בי,NL,מיונז היינץ בצנצנת 4,גרמים,490.00,100 גרם,false,,11.90,0.0243,true,1,1762381
8715700115641,false,ממרח מיונז לחיץ לייט במרקם קרמי 420 ג' היינץ,ה.י. היינץ,NL,ממרח היינץ 420 גרם ל,גרמים,420.00,100 גרם,false,,14.90,0.0355,true,1,1661788
8715700117805,false,"קטשופ היינץ מתבל עגבניות ללא תוספת סוכר ומלח 425 מ""ל",ה.י היינץ הולדינג בי,NL,קטשופ היינץ מופחת סו,גרמים,425.00,100 גרם,false,,11.90,0.0280,true,1,2233192
8715700419695,false,רוטב ברביקיו מתוק 500 גרם,היינץ Heinz,NL,רוטב ברבקיו 500 גרם,גרמים,500.00,100 גרם,false,,12.90,0.0258,true,1,1776163
8715700419732,false,היינץ מתבל עגבניות 700 גרם,ה.י. היינץ,NL,קטשופ היינץ 700 גרם,גרמים,700.00,100 גרם,false,,11.90,0.0170,true,1,1345977
8715700421322,false,רוטב ברביקיו צילי 490 גרם,היינץ Heinz,NL,רוטב ברבקיו 490 גרם,גרמים,490.00,100 גרם,false,,12.90,0.0263,true,1,1776164
8715700422473,false,ממרח מיונז ללא חומרים משמרים 395 ג' היינץ,ה.י. היינץ,NL,ממרח היינץ לחיץ ללא,גרמים,395.00,100 גרם,false,,14.90,0.0377,true,1,1607166
8715700423906,false,קטשופ מתובל עגבניות 50% פחות סוכר 555ג' היינץ,היינץ צפון אמריקה מק,NL,קטשופ היינץ 555 גרם,גרמים,555.00,100 גרם,false,,11.90,0.0214,true,1,1826456
8717163628355,false,"טרזמה - מרכך להחלקה וצבע 400 מ""ל",יוניליוור,PL,מרכך טרזמה להחלקה וצ,מיליליטרים,400.00,"100 מ""ל",false,,21.90,0.0547,true,1,2304408
8717163647240,false,"אקס דאודורנט ספריי גוף לגבר שוקולד 150 מ""ל",יוניליוור גרמניה (בו,GB,אקס ספריי שוקולד,מיליליטרים,150.00,"100 מ""ל",false,,14.90,0.0993,true,1,2105723
8717163647264,false,"דאו אקס ספרי גוף לגבר אייס ציל 150 מ""ל",יוניליוור HPC,GB,אקס ספריי אייס צ'יל,מיליליטרים,150.00,"100 מ""ל",false,,14.90,0.0993,true,1,2104947
8717163648667,false,"גל רחצה אקס לגבר אייס ציל 400 מ""ל",יוניליוור גרמניה (בו,GB,אקס ג'ל רחצה אייס צ',מיליליטרים,400.00,"100 מ""ל",false,,15.90,0.0398,true,1,2104948
8717163655764,false,"רקסונה - דאודורנט ספריי לאישה שוואר פרש 150 מ""ל",קוסטר - תורכיה,GB,דאודורנט ספריי רקסונ,מיליליטרים,150.00,"100 מ""ל",false,,13.90,0.0927,true,1,2214084
8717163655825,false,"רקסונה דאו' ספריי לנשים בניחוח כותנה, 150 מ""ל",קוסטר - תורכיה,GB,דאודורנט ספריי רקסונ,מיליליטרים,150.00,"100 מ""ל",false,,13.90,0.0927,true,1,2214085
8717163658314,false,תחליב רחצה מים מיסלריים היפואלרגני לעור רגיש,יוניליוור,DE,דאב תחליב רחצה מים מ,מיליליטרים,500.00,"100 מ""ל",false,,16.90,0.0338,true,1,2094725
8717163663493,false,"רקסונה - דאודורנט ספריי לגבר קובלט דריי 150 מ""ל",יוניליוור HPC,GB,דאודורנט ספריי רקסונ,מיליליטרים,150.00,"100 מ""ל",false,,13.90,0.0927,true,1,2211582
8717163714850,false,"דאו דאב ספריי קוקוס ויסמין 150 מ""ל",יונילוור ארגנטינה -,GB,דאב ספריי קוקוס ויסמ,מיליליטרים,150.00,"100 מ""ל",false,,17.90,0.1193,true,1,2190147
8717163859759,false,"רקסונה דאו ספריי וורקאוט 150 מ""ל",יוניליוור,GB,דאודורנט ספריי רקסונ,מיליליטרים,150.00,"100 מ""ל",false,,13.90,0.0927,true,1,2234402
8717163947692,false,"אקס ג'ל רחצה לגבר פרש ברגמוט ופינק פפר 400 מ""ל","יוניליוור גרמניה, רח",GB,אקס ג'ל רחצה פינק פפ,מיליליטרים,400.00,"100 מ""ל",false,,15.90,0.0398,true,1,2235165
8717677336593,false,טוניס שוקולד חלב 180 גרם רבנות - נוכרי,טוניס/שוקולונלי,NL,שוקולד חלב 180 גרם ט,גרמים,180.00,100 גרם,false,,17.90,0.0994,true,1,2330145
8717677336616,false,טוניס שוקולד מריר+שקדים ומלח 180 גרם רבנות - נוכרי,טוניס/שוקולונלי,NL,שוקולד מריר עם שקדים,גרמים,180.00,100 גרם,false,,17.90,0.0994,true,1,2330146
8717677336630,false,טוניס שוקולונלי שוקולד חלב שקדים ודבש180,טוניס/שוקולונלי,NL,שוקולד חלב עם שקדים,גרמים,180.00,100 גרם,false,,17.90,0.0994,true,1,2330147
8717677336654,false,טוניס - שוקולד חלב מעולה עם שברי קרמל מלוח,טוניס/שוקולונלי,NL,שוקולד חלב עם שברי ק,גרמים,180.00,100 גרם,false,,17.90,0.0994,true,1,2360827
8717677336661,false,טוניס שוקולד מריר מעולה 70% 180 גרם רבנות - נוכרי,טוניס/שוקולונלי,NL,שוקולד מריר 70% 180,גרמים,180.00,100 גרם,false,,17.90,0.0994,true,1,2330148
8718114734484,false,מיונז מאילי 320 גר צ,בונגראן,FR,מיונז מיילי,גרמים,320.00,100 גרם,false,,15.90,0.0497,true,1,1613685
8718117607662,false,נוטרילון A.R תרכובת מזון מגיל לידה,נוטרישה-נוטרילון,NL,נוטרילון אנטי ריפלוק,גרמים,900.00,100 גרם,false,,99.90,0.1110,true,1,2214975
8718951001589,false,"אגקס ספריי מסיר שומנים במטבח 600 מ""ל",הנסיך- מפעל לייצור ט,GR,אג'קס ספריי רב פעולות,מיליליטרים,600.00,"100 מ""ל",false,,12.90,0.0215,true,1,1417410
8718951030169,false,משחת שיניים Sensifoam לשיניים רגישות ולהלבנה,קולגייט Colgate,PL,משחת קולגייט סנסטיב+,מיליליטרים,75.00,"100 מ""ל",false,,14.90,0.1987,true,1,2239367
8718951030206,false,"קולגייט סנסיטיב מולטי פרוטקשן משחת שיניים 75 מ""ל",קולגייט-פלמוליב,PL,משחת קולגייט סנסטיב,מיליליטרים,75.00,"100 מ""ל",false,,14.90,0.1987,true,1,2234829
8718951044913,false,מרידול משחת שיניים להלבנה 75 מל,קולגייט פלמוליב,PL,מרידול משחת שיניים הליטוז,גרמים,75.00,100 גרם,false,,21.90,0.2920,true,1,1417346
8718951048669,false,אג'קס ספריי לניקוי חלונות בניחוח חגיגת הפרחים,Colgate - Greece,GR,אג'קס חלונות טריגרם,מיליליטרים,750.00,"100 מ""ל",false,,12.90,0.0172,true,1,2331863
8718951076372,false,"קולגייט משחת שיניים תמציות צמחים לשיניים 100 מ""ל",Colgate - Brazil,BR,משחת שיניים קולגייט,מיליליטרים,100.00,"100 מ""ל",false,,15.90,0.1590,true,1,2053353
8718951079205,false,"קולגייט סנסיטיב פרו רליף רפיר פריוונט 75 מ""ל",קולגייט Colgate,PL,משחת שיניים סנסטיב פ,מיליליטרים,75.00,"100 מ""ל",false,,14.90,0.1987,true,1,1771544
8718951093331,false,מרידול מברשת שיניים אקסטרה סופט זוג,קולגייט פלמוליב,CH,מברשות שיניים זוג מר,יח',2.00,יח',false,,34.90,17.4500,true,1,1457513
8718951144064,false,מרידול מברשת שיניים פרודונט אקספרט זוג,מרידול Meridol,CH,זוג מברשות שיניים מר,יח',2.00,יח',false,,34.90,17.4500,true,1,1691403
8718951159808,false,מברשות שיניים 360 מדיום- מארז שלישייה,קולגייט פלמוליב,CN,מברשות שיניים שלישיי,יח',3.00,יח',false,,29.90,9.9667,true,1,1685952
8718951160897,false,ספריי אקונומיקה עוצמת ה7 טריגר אגקס 500מ,קולגייט פלמוליב,GR,א'גקס ספריי עוצמת ה7,מיליליטרים,500.00,"100 מ""ל",false,,12.90,0.0258,true,1,1730699
8718951166288,false,"משחת שיניים קולגייט מקס וייט 125 מ""ל",הנסיך- מפעל לייצור ט,PL,משחת שינים מקס וייט,גרמים,125.00,100 גרם,false,,19.90,0.1592,true,1,2016969
8718951166561,false,משחת שיניים לרעננות מוגברת max fresh cooling crystals,הנסיך- מפעל לייצור ט,PL,משחת שינים מקס פרש כ,גרמים,125.00,100 גרם,false,,19.90,0.1592,true,1,2016970
8718951167094,false,נוזל כלים פלמוליב צילינדר תפוז וליים 1 ל,יבואן ומשווק: ש. שסט,GR,סבון לכלים פלמוליב 1,ליטרים,1.00,ליטר,false,,13.90,13.9000,true,1,1777204
8718951175280,false,"קולגייט משחת שיניים טוטל פרו ויזבל עם קציף 75 מ""ל",קולגייט Colgate,PL,משחת שיניים קולגייט,מיליליטרים,75.00,"100 מ""ל",false,,14.90,0.1987,true,1,2064973
8718951175631,false,מש.שיניים קולגייט טוטל פרו גאם אקשן 75מל,קולגייט Colgate,PL,משחת שיניים קולגייט,מיליליטרים,75.00,"100 מ""ל",false,,14.90,0.1987,true,1,2065035
8718951176874,false,קולגייט שטיפת פה לילדים מיניונים 250 מל,קולגייט-פלמוליב,PL,מי פה קולגייט מיניון,מיליליטרים,250.00,"100 מ""ל",false,,16.90,0.0676,true,1,2308763
8718951187115,false,זוג מברשות שיניים אלמקס לילדים גילאי 3-6,GABA TRISA SWIZ,CN,מברשת שיניים זוג ילד,יח',2.00,יח',false,,22.90,11.4500,true,1,2347172
8718951222779,false,"מרידול פור משחה לשיניים וחניכיים בריאות 75 מ""ל",שסטוביץ,PL,מרידול פור משחת שיני,גרמים,75.00,100 גרם,false,,25.90,0.3453,true,1,2216214
8718951236790,false,"קולגייט טוטאל משחת שיניים קלין מינט לפה בריא 100 מ""ל",קולגייט Colgate,PL,משחת שינים קולגייט ט,מיליליטרים,100.00,"100 מ""ל",false,,14.90,0.1490,true,1,2065059
8718951236806,false,"קולגייט טוטאל הלבנה להסרת כתמים מהשן 100 מ""ל",קולגייט Colgate,PL,משחת שיניים קולגייט,מיליליטרים,100.00,"100 מ""ל",false,,14.90,0.1490,true,1,2065060
8718951236813,false,"קולגייט טוטאל משחת שיניים ניקוי מתקדם לפה בריא יותר 100 מ""ל",קולגייט Colgate,PL,משחת שיניים קולגייט,מיליליטרים,100.00,"100 מ""ל",false,,14.90,0.1490,true,1,2065036
8718951240742,false,"קולגייט טוטאל משחת שיניים פסים מרעננים 100 מ""ל",קולגייט Colgate,PL,משחת שינים קולגייט ט,מיליליטרים,100.00,"100 מ""ל",false,,14.90,0.1490,true,1,2065061
8718951254527,false,קולגייט משחה סנסיטיב פרו רליף חוזק מוגבר,קולגייט Colgate,PL,משחת שיניים סנסטיב פ,מיליליטרים,75.00,"100 מ""ל",false,,24.90,0.3320,true,1,2208246
8718951259409,false,פלמוליב נטורלס תחליב רחצה 750 לחות מוגבר,קולגייט פלמוליב,IT,סבון נוזלי פלמוליב נ,מיליליטרים,750.00,"100 מ""ל",false,,19.90,0.0265,true,1,2371280
8718951264618,false,"קולגייט אופטיק וייט פחם צ'רקול משחת שיניים, 75 מ""ל",קולגייט-פלמוליב,PL,משחת שינים קולגייט א,מיליליטרים,75.00,"100 מ""ל",false,,29.90,0.3987,true,1,2235704
8718951286672,false,קולגייט משחת שיניים Gum Invigorate,קולגייט פלמוליב,PL,משחת שניים לחניכיים,מיליליטרים,75.00,"100 מ""ל",false,,24.90,0.3320,true,1,2377148
8718951286733,false,מ שיניים קולגייט אופטיק וייט לסטינג 75מל,קולגייט Colgate,PL,משחת שינים קולגייט א,מיליליטרים,75.00,"100 מ""ל",false,,24.90,0.3320,true,1,2313300
8718951288492,false,"משחת שיניים מרידול בי טיוב מארז 2*75 מ""ל",GABA LOER GER,DE,מארז זוג משחת שיניים,מיליליטרים,150.00,"100 מ""ל",false,,24.90,0.1660,true,1,2224044
8718951289833,false,פלמוליב סבון מוצק רביעייה לומינוס 360 ג,קולגייט פלמוליב,TR,סבון מוצק רביעייה פל,גרמים,360.00,100 גרם,false,,16.90,0.0469,true,1,2217784
8718951313927,false,"פלמוליב סבון לידיים בחימר טונוס, 300 מ""ל",פלמוליב Palmolive,TR,סבון ידיים פלמוליב ח,מיליליטרים,300.00,"100 מ""ל",false,,10.90,0.0363,true,1,2249797
8718951314009,false,"סבון נוזלי פלמוליב פטל שחור 750 מ""ל",שסטוביץ,TR,סבון נוזלי פלמוליב פ,מיליליטרים,750.00,"100 מ""ל",false,,19.90,0.0265,true,1,2324780
8718951314023,false,פלמוליב נטורלס תחליב רחצה אפרסק 750 מל,שסטוביץ,TR,סבון נוזלי פלמוליב א,מיליליטרים,750.00,"100 מ""ל",false,,16.90,0.0225,true,1,2324781
8718951315303,false,משחת שיניים קולגייט הגנה מקסימלית - מארז זוג,קולגייט-פלמוליב,PL,משחת שיניים קולגייט,מיליליטרים,200.00,"100 מ""ל",false,,16.90,0.0845,true,1,2244076
8718951319806,false,פלמוליב לגבר גל רחצה ושמפו מרענן 750 משא,פלמוליב Palmolive,TR,שמפו וג'ל רחצה פלמול,מיליליטרים,750.00,"100 מ""ל",false,,16.90,0.0225,true,1,2224095
8718951320093,false,זוג מברשות 360 אדוונס וויט שיניים קולגייט,קולגייט-פלמוליב,CN,מברשת שיניים קולגייט,יח',2.00,יח',false,,29.90,14.9500,true,1,2244077
8718951333048,false,"פלמוליב סבון לידיים למטבח, 300 מ""ל",הנסיך- מפעל לייצור ט,IT,סבון ידיים פלמוליב ל,מיליליטרים,300.00,"100 מ""ל",false,,8.90,0.0297,true,1,2274689
8718951334069,false,"אג'קס טריגר שירותים 500 מ""ל",שסטוביץ,GR,אג'קס טריגר לשירותים,מיליליטרים,500.00,"100 מ""ל",false,,12.90,0.0258,true,1,2355278
8718951338128,false,"ליידי ספיד סטיק רול און שאוור פרש 50 מ""ל",שסטוביץ,IT,דאודורנט רול און שאו,מיליליטרים,50.00,"100 מ""ל",false,,14.90,0.2980,true,1,2306744
8718951345119,false,נוזל לניקוי רצפות וכללי היביסקוס 2 ליטר,הנסיך- מפעל לייצור ט,GR,ניקוי כללי אג'קס 2 ל,ליטרים,2.00,ליטר,false,,22.90,11.4500,true,1,2270674
8718951350137,false,פלמוליב נטורלס תחליב רחצה 750 מקדמיה וקק,שסטוביץ,IT,סבון נוזלי פלמוליב נ,מיליליטרים,750.00,"100 מ""ל",false,,19.90,0.0265,true,1,2371281
8718951354807,false,נוזל רצפות אגקס חגיגת הפרחים יסמין 1.5 ל,Colgate - Greece,GR,אג'קס חגיגת הפרחים י,ליטרים,1.50,ליטר,false,,16.90,11.2667,true,1,2256421
8718951370135,false,"סבון נוזלי ארומה סנסיישן גלואו 750 מ""ל פלמוליב",קולגייט פלמוליב,TR,סבון נוזלי פלמוליב א,מיליליטרים,750.00,"100 מ""ל",false,,19.90,0.0265,true,1,2246287
8718951377998,false,קולגייט סופט פואם זוג מברשות שיניים לניק,קולגייט פלמוליב,CN,מברשת שיניים קולגייט,יח',2.00,יח',false,,29.90,14.9500,true,1,2269009
8718951381292,false,"משחת שיניים מקס דיטוקס פואם קולגייט 125 מ""ל",קולגייט Colgate,PL,משחת שינים מקס דיטוק,גרמים,125.00,100 גרם,false,,19.90,0.1592,true,1,2270681
8718951382664,false,"פלמוליב ג'ל רחצה חימר טונוס 750 מ""ל",פלמוליב Palmolive,TR,ג'ל רחצה פלמוליב חימ,מיליליטרים,750.00,"100 מ""ל",false,,19.90,0.0265,true,1,2249798
8718951382718,false,"פלמוליב ג'ל רחצה חימר התחדשות 750 מ""ל",פלמוליב Palmolive,TR,ג'ל רחצה פלמוליב חימ,מיליליטרים,750.00,"100 מ""ל",false,,19.90,0.0265,true,1,2249783
8718951382787,false,"משחת שיניים אופטיק וויט חימר ומינרלים 75 מ""ל קולגייט",קולגייט Colgate,PL,משחת שינים קולגייט א,מיליליטרים,75.00,"100 מ""ל",false,,24.90,0.3320,true,1,2330900
8718951385290,false,אג'קס ניקוי כללי עוצמת ה7 כחול 2 ליטר,קולגייט פלמוליב,GR,ניקוי כללי אג'קס 2 ל,ליטרים,2.00,ליטר,false,,22.90,11.4500,true,1,2274695
8718951391253,false,אגקס אנטי בקטריאלי רעננות הניקיון 1.5 ל,Colgate - Greece,GR,אג'קס אנטי בקטריאלי,ליטרים,1.50,ליטר,false,,21.90,14.6000,true,1,2291926
8718951391284,false,נוזל אנטיבקטריאלי לניקוי כללי ורצפות רעננות הים,Colgate - Greece,GR,אג'קס אנטי בקטריאלי,ליטרים,1.50,ליטר,false,,21.90,14.6000,true,1,2291927
8718951400597,false,"תחליב רחצה קוקוס וחלב ללא משאבה750 מ""ל פלמוליב",פלמוליב Palmolive,TR,סבון נוזלי פלמוליב ק,מיליליטרים,750.00,"100 מ""ל",false,,19.90,0.0265,true,1,2355951
8718951409798,false,זוג מברשות שיניים מקס וויט פחם קולגייט,הנסיך- מפעל לייצור ט,PL,זוג מברשות שניים קול,יח',2.00,יח',false,,32.90,16.4500,true,1,2297446
8718951428492,false,"פלמוליב סבון רחצה לגבר 4ב1 מועשר בפחם 750 מ""ל",שסטוביץ,TR,סבון נוזלי פלמוליב ל,מיליליטרים,750.00,"100 מ""ל",false,,16.90,0.0225,true,1,2331864
8718951428522,false,"פלמוליב - ג'ל רחצה 4 ב-1 המפ לגבר 750 מ""ל",שסטוביץ,TR,סבון נוזלי פלמוליב ל,מיליליטרים,750.00,"100 מ""ל",false,,16.90,0.0225,true,1,2322702
8718951433120,false,"קולגייט טוטאל משחת שיניים לילדים 50 מ""ל",קולגייט פלמוליב,PL,משחת שיניים קולגייט,מיליליטרים,50.00,"100 מ""ל",false,,16.90,0.3380,true,1,2361573
8718951443358,false,"סבון ידיים פלמוליב מארז שלישייה 900 מ""ל",CP - Turkey+60,TR,סבון ידיים פלמוליב ה,מיליליטרים,900.00,"100 מ""ל",false,,24.90,0.0277,true,1,2308770
8718951443396,false,"סבון ידיים חלב ודבש פלמוליב מארז 3*300 מ""ל",CP - Turkey+60,TR,סבון ידיים פלמוליב ח,מיליליטרים,900.00,"100 מ""ל",false,,24.90,0.0277,true,1,2308771
8718951461413,false,"קולגייט טוטאל קלין מינט ביטיוב 100 מ""ל*2 כשל""פ",קולגייט פלמוליב,PL,קולגייט טוטל קלין מי,מיליליטרים,200.00,"100 מ""ל",false,,24.90,0.1245,true,1,2340590
8718951461444,false,"זוג משחת שיניים טוטאל הלבנה ביטיו *100 מ""ל קולגייט",קולגייט פלמוליב,PL,קולגייט טוטל הלבנה 1,מיליליטרים,200.00,"100 מ""ל",false,,32.90,0.1645,true,1,2340591
8718951466371,false,"משחת שיניים מרידול 75 מ""ל",CP-Poland swidnica,PL,מרידול משחת שיניים 7,גרמים,75.00,100 גרם,false,,19.90,0.2653,true,1,2362277
8718951477384,false,"קולגייט משחת שיניים טוטאל ג'ל מתקדם פיור 75 מ""ל",קולגייט פלמוליב,PL,משחת שיניים קולגייט,מיליליטרים,75.00,"100 מ""ל",false,,19.90,0.2653,true,1,2331671
8718951497184,false,"סבון גוף ים תיכוני 750 מ""ל פלמוליב",,,סבון גוף ים תיכוני 7,מיליליטרים,750.00,"100 מ""ל",false,,16.90,0.0225,true,1,2377150
8718951498754,false,שישיית מברשות שיניים סופר פלקסי קולגייט,קולגייט פלמוליב,VN,מברשות שיניים קולגיי,יח',6.00,יח',false,,17.90,2.9833,true,1,2354561
8718951509627,false,"משחת שיניים אופטיק וויט לאוהבי קפה 75 מ""ל קולגייט",קולגייט פלמוליב,PL,משחת שינים קולגייט א,מיליליטרים,75.00,"100 מ""ל",false,,29.90,0.3987,true,1,2346803
8719200998001,false,מרגרינה לאפיה ובישול בלי מלח 200 ג' בלו בנד,מיוצר עי קונדיטוריית,IL,בלובנד בלי מלח 200 ג,גרמים,200.00,100 גרם,false,,4.30,0.0215,true,1,2215468
8719200998018,false,מחמאה מרגרינה בטעם חמאה 200 ג' בלו בנד,פארייפאבה אגרואינדוס,IL,מחמאה בלובנד 200 גרם,גרמים,200.00,100 גרם,false,,4.60,0.0230,true,1,2215469
8719200998094,false,מרגרינה מזולה בטעם טבעי ללא תוספת מלח,"מיוצר ע""י יוניליוור",IL,מזולה לאפיה ללא מלח,גרמים,200.00,100 גרם,false,,6.90,0.0345,true,1,2215477
8719200998100,false,מרגרינה בטעם חמאה לאפייה 200 ג' מזולה,פארייפאבה אגרואינדוס,IL,מזולה לאפיה בטעם חמא,גרמים,200.00,100 גרם,false,,6.90,0.0345,true,1,2215478
8720181045912,false,"אקס דאודורנט ספריי גוף אפריקה 150 מ""ל",יוניליוור,GB,אקס ספריי אפריקה,מיליליטרים,50.00,"100 מ""ל",false,,14.90,0.2980,true,1,2258721
8720181046605,false,דאב - דאודורנט ספריי לאישה אורגינל כחול 150מל,יונילוור ארגנטינה -,GB,דאב דאו ספריי א.פ או,מיליליטרים,150.00,"100 מ""ל",false,,17.90,0.1193,true,1,2269182
8720181046612,false,"דאב - דאודורנט רול און לאישה אורגינל 50 מ""ל",יוניליוור HPC,GB,דאב רולאון אורגינל,מיליליטרים,50.00,"100 מ""ל",false,,17.90,0.3580,true,1,2291987
8720181090219,false,תחליב רחצה רימונים ותמצית פרח היביסקוס,יוניליוור,DE,תחליב רחצה דאב 750 מ,מיליליטרים,750.00,"100 מ""ל",false,,19.90,0.0265,true,1,2291931
8720181201332,false,דאב אל סבון מוצק גרגרים 90 גרם רביעייה,יוניליוור,DE,סבון מוצק דאב 4 יח',גרמים,360.00,100 גרם,false,,16.90,0.0469,true,1,2354874
8720182253156,false,דאב אל סבון מוצק מלפפונים 90 גרם רביעייה,יוניליוור,DE,סבון מוצק דאב מלפפונ,גרמים,360.00,100 גרם,false,,16.90,0.0469,true,1,2354875
8720182256850,false,דאב אל סבון מוצק קלאסי 90 גרם רביעייה,יוניליוור,DE,סבון דאב לבן 4 יח',גרמים,360.00,100 גרם,false,,16.90,0.0469,true,1,2354876
8723400756552,false,מארז סוכריות מנטוס Mentos ריינבואו,פרפטי ואן מלה ברדה,NL,מנטוס 1/4 טעמים,גרמים,150.00,100 גרם,false,,10.90,0.0727,true,1,1365612
8723400782520,false,מנטוס סוכריות לעיסה בתפזורת בטעם פירות 160 ג',פרפטי ואן מלה,NL,סוכריות מנטוס לעיסה,גרמים,160.00,100 גרם,false,,7.90,0.0494,true,1,1798085
8723400782544,false,מנטוס סוכריות לעיסה בתפזורת בטעם מנטה 160 ג',פרפטי ואן מלה,NL,סוכריות מנטוס לעיסה,גרמים,160.00,100 גרם,false,,7.90,0.0494,true,1,1798086
8723400793922,false,מנטוס גליל בטעם דובדבן אריזת רביעיה 150 ג',פרפטי ואן מלה ברדה,NL,מנטוס 1/4 טעם דובדבן,גרמים,150.00,100 גרם,false,,10.90,0.0727,true,1,2310676
8801055706440,false,מנות אישיות קפה נמס טייסטרס צ'ויס Taster's Choice,נסטלה קוריאה - קפה,KR,המוצר שייך ל - ONP,גרמים,36.00,100 גרם,false,,12.90,0.3583,true,1,1345348
8801055707966,false,קפה טייסטר צו'יס נס קפה בריסטה 180ג',נסטלה קוריאה - קפה,KR,טסטרס צ'ויס בריסטה,גרמים,180.00,100 גרם,false,,29.90,0.1661,true,1,1467012
8801055709427,false,נסקפה טייסטרס צויס אלטה ריקה 100 גר,נסטלה קוריאה - קפה,KR,טסטרס צ'ויס אלטה ריק,גרמים,100.00,100 גרם,false,,16.90,0.1690,true,1,2313307
8801055709434,false,קפה נמס טייסטר צ'ויס קולומביה 100 גר',נסטלה קוריאה - קפה,KR,טסטרס צ'ויס קולומביה,גרמים,100.00,100 גרם,false,,16.90,0.1690,true,1,2313308
8801055709458,false,אבקה להכנת משקה קפה בטעם קפוצ'ינו קרמל,נסטלה קוריאה - קפה,IL,נסקפה קפוצ'ינו קרמל,גרמים,170.00,100 גרם,false,,21.90,0.1288,true,1,2339056
8801055709465,false,אבקה להכנת משקה קפה בטעם קפוצ'ינו וניל,נסטלה קוריאה - קפה,DE,נסקפה קפוצ'ינו וניל,גרמים,185.00,100 גרם,false,,21.90,0.1184,true,1,2339057
8801055709472,false,נסטלה - נסקפה קפוצ'ינו קלאסי 12.50 גרם * 10,נסטלה קוריאה - קפה,DE,נסקפה קפוצ'ינו קלאסי,גרמים,125.00,100 גרם,false,,21.90,0.1752,true,1,2339058
8801055709489,false,אבקה להכנת משקה קפה בטעם קפוצ'ינו אגוזים,נסטלה קוריאה - קפה,IL,נסקפה קפוצ'ינו אגוזי,גרמים,180.00,100 גרם,false,,21.90,0.1217,true,1,2339059
8801055709526,false,אבקה להכנת משקה קפה בטעם קפוצ'ינו שוקולד לבן,נסטלה קוריאה - קפה,IL,נסקפה קפוצ'ינו שוקול,גרמים,180.00,100 גרם,false,,21.90,0.1217,true,1,2344103
8802241131664,false,חטיף אצות קלויות עם מלח ים Laverland Crunch,טעמי אסיה Taste of Asia,KR,חטיף אצות ים,גרמים,40.50,100 גרם,false,,24.90,0.6148,true,1,1645561
8850006932964,false,מארז מברשות שיניים טוויסטר קולגייט חמישייה,קולגייט פלמוליב,VN,חמישיית מברשות שיניי,יח',5.00,יח',false,,29.90,5.9800,true,1,2278099
8850372000472,false,מקלוני שעועית תאילנד,טעמי אסיה Taste of Asia,TH,מקלוני שעועית תאילנדי 20,גרמים,200.00,100 גרם,false,,8.90,0.0445,true,1,1382310
8850389103128,false,"משקה קל סאפה בטעם תפוח 300 מ""ל",פארייפאבה אגרואינדוס,TH,סאפה משקה תפוח 300 מ,מיליליטרים,300.00,"100 מ""ל",false,,6.50,0.0217,true,1,1345417
8850389103159,false,"משקה ליצ'י עם חתיכות גלי קוקוס 320 מ""ל מוגו מוגו",סאפה פובליק קומפני ל,TH,מוגו מוגו ליצ'י עם ח,מיליליטרים,320.00,"100 מ""ל",false,,6.90,0.0216,true,1,2349967
8850389104637,false,"משקה קל סאפה אלוורה אפרסק 300 מ""ל",פארייפאבה אגרואינדוס,TH,סאפה משקה אפרסק 300,מיליליטרים,300.00,"100 מ""ל",false,,6.50,0.0217,true,1,1345418
8850389105825,false,סאפה אלוורה ענבים 1 ליטר,סאפה פובליק קומפני ל,TH,סאפה משקה אלוורה ענב,ליטרים,1.00,ליטר,false,,12.90,12.9000,true,1,1345419
8850389105832,false,סאפה אלוורה תפוחים 1 ליטר,פארייפאבה אגרואינדוס,TH,סאפה משקה אלוורה תפו,ליטרים,1.00,ליטר,false,,12.90,12.9000,true,1,1345420
8850389105849,false,סאפה אלוורה אפרסק 1 ליטר,סאפה פובליק קומפני ל,TH,סאפה משקה אלוורה אפר,ליטרים,1.00,ליטר,false,,12.90,12.9000,true,1,1345421
8850389111352,false,"משקה מלון עם חתיכות גלי קוקוס 320 מ""ל מוגו מוגו",סאפה פובליק קומפני ל,TH,מוגו מוגו מלון עם חת,גרמים,320.00,100 גרם,false,,6.90,0.0216,true,1,2349968
8850389115312,false,"משקה קל סאפה בטעם מלון 300 מ""ל",סאפה פובליק קומפני ל,TH,משקה סאפה מלון 300 מ,מיליליטרים,300.00,"100 מ""ל",false,,6.50,0.0217,true,1,1882162
8850389115336,false,סאפה מלון בקבוק תריסר 1ל',סאפה פובליק קומפני ל,TH,סאפה משקה מלון ליטר,ליטרים,1.00,ליטר,false,,12.90,12.9000,true,1,1882156
8850632604259,false,חיספוסים ממתק בטעם תות שדה בצורת מקלות,ג'נרל קנדי בעמ,TH,ממתק חמוץ מקלות בטעם,גרמים,50.00,100 גרם,false,,4.90,0.0980,true,1,1365616
8850632604266,false,יוגטה מקלות חמוצות בטעם קולה 50 גרם 24 יח',ג'נרל קנדי בעמ,TH,ממתק חמוץ מקלות בטעם,גרמים,50.00,100 גרם,false,,4.90,0.0980,true,1,1365617
8850632604372,false,יוגטה מקלות חמוצות שטיח - תות שדה 50 גרם,ג'נרל קנדי בעמ,TH,ממתק חמוץ שטיח בטעם,גרמים,50.00,100 גרם,false,,4.90,0.0980,true,1,1365618
8850632604402,false,יוגטה מקלות חמוצות שטיח בטעם מעורב24 יח',"ג'נרל קנדי בע""מ",TH,ממתק חמוץ שטיח בטעם,גרמים,50.00,100 גרם,false,,4.90,0.0980,true,1,1365619
8850632605201,false,חיספוסים ממתק בטעמי פירות בצורת שטיח,הדקלאים אגודת שיתופי,TH,ממתק חמוץ מקלות בטעם,גרמים,50.00,100 גרם,false,,4.90,0.0980,true,1,1365620
8850632606390,false,חיספוסים ממתק חמוץ בטעם אבטיח בצורת שטיח,ג'נרל קנדי בעמ,TH,יוגטה חיספוסים בטעם,גרמים,50.00,100 גרם,false,,4.90,0.0980,true,1,1365623
8851251060884,false,סופרלוק זכוכית מלבן,,,סופרלוק זכוכית מלבן,יחידה,0.00,יחידה,false,,16.90,0.0000,true,1,2234342
8853662056098,false,רוטב סריראצ'ה צילי ח,EXOTIC FOOD PCL,,רוטב סריראצ'ה צילי ח,מיליליטרים,455.00,"100 מ""ל",false,,24.90,0.0547,true,1,2352684
8853662056661,false,"רוטב סריראצ''ה מיו 455 מ""ל",EXOTIC FOOD PCL,,רוטב סריראצ'ה מיו,מיליליטרים,455.00,"100 מ""ל",false,,24.90,0.0547,true,1,2044389
8853662060026,false,רוטב סריראצה חריף455,EXOTIC FOOD PCL,,רוטב סריראצ'ה חריף,מיליליטרים,455.00,"100 מ""ל",false,,24.90,0.0547,true,1,2352692
8859403984262,false,קוקוס תאילנדי -טריפל,מרינה,IL,קוקוס תאילנדי -טריפל,יחידה,0.00,יחידה,false,,14.90,0.0000,true,1,2263184
8886303210504,false,"קארה קרם קוקונט 24% 500 מ""ל",,,קארה קרם קוקונט 24%,מיליליטרים,500.00,"100 מ""ל",false,,14.90,0.0298,true,1,2220781
8886303210542,false,"קארה קרם קוקונט 17% 400 מ""ל",,,קארה קרם קוקונט 17%,גרמים,400.00,100 גרם,false,,9.90,0.0248,true,1,2220782
8888021200256,false,סוללות אנרג'יזר MAX AA שמינייה,יצרן: אנרג'ייזר סינג,SG,סוללות ENERGIZER 1X8 AA M,יח',8.00,יח',false,,22.90,2.8625,true,1,1392208
8888021200720,false,סוללות אנרג'יזר MAX AAA שמינייה,יצרן: אנרג'ייזר סינג,SG,סוללות ENERGIZER 1X8 *AAA,יח',8.00,יח',false,,22.90,2.8625,true,1,1392209
8888351200124,false,טופו במרקם קשה,,,טופו במרקם קשה,גרמים,1200.00,100 גרם,false,,25.90,0.0216,true,1,1488170
8901537024014,false,"אורז בסמטי מובחר 1 ק""ג - דוואט) יורה דיעה",הנסיך- מפעל לייצור ט,IN,אורז בסמטי מובחר 1 DAAWAT,קילוגרמים,1.00,"ק""ג",false,,12.90,12.9000,true,1,1347963
9000100760591,false,"פה - דאודורנט רול און לגבר אינוויזיבל פאוואר 50 מ""ל",שוורצקופף והנקל,TR,דאודורנט פה רול-און,מיליליטרים,50.00,"100 מ""ל",false,,15.90,0.3180,true,1,1829244
9000101372878,false,קפסולות דיסקס לניקוי כביסה לבנה וצבעונית Deep Clean,פרסיל Persil,HU,פרסיל דיסקס לכביסה ל,יח',22.00,יח',false,,34.90,1.5864,true,1,2295000
9000101375299,false,ברף דלקס שלישייה ניחוח מגנוליה,הנקל,RS,ברף סבון אסלה בניחוח,גרמים,150.00,100 גרם,false,,19.90,0.1327,true,1,2375331
9000101380255,false,פרסיל דיסקס דיפ קלין מנטרל ריחות 22 קפסו,פרסיל Persil,HU,פרסיל דיסקס לכביסה ע,יח',22.00,יח',false,,34.90,1.5864,true,1,2314123
9000101418163,false,שלישיית סבון אסלה בניחוח מתחלף תפוח ירוק ברף,ברף Bref,RS,ברף בניחוח מתחלף תפו,גרמים,150.00,100 גרם,false,,19.90,0.1327,true,1,2347963
9000101511635,false,קפסולות ג'ל לכביסה פרסיל דיסקס לעור רגיש,פרסיל Persil,HU,פרסיל דיסקס לכביסה ל,יח',22.00,יח',false,,34.90,1.5864,true,1,2329647
9000101512526,false,פרסיל - פאוור קאפס קפסולות ג'ל מרוכזות לכביסה 26 יח',פרסיל Persil,RS,פרסיל קפסולות ג'ל 2,יח',26.00,יח',false,,27.50,1.0577,true,1,2320131
9000101520965,false,"סבון אסלה בניחוח מתחלף לוטוס עדין במבוק, 3 יחידות",ברף Bref,RS,ברף בניחוח מתחלף לוט,גרמים,150.00,100 גרם,false,,19.90,0.1327,true,1,2358669
9000101537581,false,פרסיל קאפסולות לכביסה צבעונית 52 יחידו,הנקל סוד,IL,פרסיל קאפסולות ג'ל 5,יח',52.00,יח',false,,59.90,1.1519,true,1,2358663
9000101548419,false,קולור קאצ`ר דפים למכונת לכביסה מחדש צבע לבן 18 יח',הנקל סוד,IE,דפים למכונה כביסה קו,יח',18.00,יח',false,,14.90,0.8278,true,1,2376360
9001616203305,false,זוג פטמות X לבקבוק 6+ חודשים,מאם Mam,AT,פטמה X,יח',2.00,יח',false,,24.90,12.4500,true,1,1372653
9002975393812,false,סוכריות גילי הריבו האפי צירי 70 גרם,,AT,סוכריות הריבו האפי צ,גרמים,70.00,100 גרם,false,,6.90,0.0986,true,1,2270036
9002975393829,false,סוכריות גילי הריבו פיציס 70 גרם,,AT,סוכריות הריבו פיצ'ס,גרמים,70.00,100 גרם,false,,6.90,0.0986,true,1,2270037
9002975393836,false,סוכריות גילי הריבו האפי קולה 70 גרם,"האריבו , ג'י.אם.בי.א",AT,סוכריות הריבו האפי ק,גרמים,70.00,100 גרם,false,,6.90,0.0986,true,1,2270038
9002975393843,false,סוכריות גילי הריבו גולדברס 70 גרם,"האריבו , ג'י.אם.בי.א",AT,סוכריות הריבו גולדבר,גרמים,70.00,100 גרם,false,,6.90,0.0986,true,1,2270039
9002975393850,false,סוכריות גילי הריבו וורמס 70 גרם,"האריבו , ג'י.אם.בי.א",AT,סוכריות הריבו וורמס,גרמים,70.00,100 גרם,false,,6.90,0.0986,true,1,2270040
9005835312718,false,"קלרו פירמידה מלח למדיח כלים 1 ק""ג CLARO",יעקובי,AT,מלח למדיח קלרו,קילוגרמים,1.00,"ק""ג",false,,14.90,14.9000,true,1,2257610
9005835312732,false,"קלרו נוזל הברקה למדיח כלים 500 מ""ל CLARO",יעקובי,AT,נוזל הברקה למדיח קלר,מיליליטרים,500.00,"100 מ""ל",false,,19.90,0.0398,true,1,2257611
9005835312756,false,"קלרו ניקוי יסודי למדיח כלים 250 מ""ל CLARO",יעקובי,AT,מנקה מדיח קלרו,מיליליטרים,250.00,"100 מ""ל",false,,14.90,0.0596,true,1,2257612
9044400826861,false,סוכריות פז בטעם בננה אגס אסיאתי 68 גר,פז פרודקשיין יורו,AT,סוכריות פז למילוי,גרמים,82.00,100 גרם,false,,9.90,0.1207,true,1,2369827
9044400841000,false,בובת פז Pez + שלוש יחידות סוכריות למילוי,פז Pez,HU,פז דיספנסר,גרמים,25.50,100 גרם,false,,12.90,0.5059,true,1,1389000
9044400885578,false,סוכריות פז מילוי פיר,סוכריות פז,,סוכריות פז למילוי,גרמים,82.00,100 גרם,false,,9.90,0.1207,true,1,2358371
9120097310583,false,חטיף שוקו בננה מיניונים מצונן 108 גרם רבנות,בובארד איטליה אס.פי.,IT,חטיף שוקו בננה מיניו,גרמים,108.00,100 גרם,false,,13.90,0.1287,true,1,2361444
9310072028743,false,טים טם Tim Tam וופל שוקולד קלאסי,"ארנוטס ביסקוויטס בע""",AU,וופל טים טם שוקולד 2,גרמים,200.00,100 גרם,false,,19.90,0.0995,true,1,1461265
9310072028750,false,טים טם Tim Tam וופל שוקולד ציפוי כפול,"ארנוטס ביסקוויטס בע""",AU,וופל טים טם שוקולד 2,גרמים,200.00,100 גרם,false,,19.90,0.0995,true,1,1456926
9322969000015,false,פריכיות תירס בטעם אורגינל ריל פודס 150 ג',אף.סי תבליני בגליל ב,AU,פריכיות תירס - 150ג' בטעם,גרמים,150.00,100 גרם,false,,10.90,0.0727,true,1,1392212
9322969000022,false,פריכיות תירס עם סויה וזרעי פשתן ללא גלוטן,אף.סי תבליני בגליל ב,AU,פריכיות תירס - 150ג' עם ס,גרמים,150.00,100 גרם,false,,10.90,0.0727,true,1,1392213
9322969000039,false,פריכיות תירס 150 גרם עם 5 סוגי דגנים,,,פריכיות תירס,גרמים,150.00,100 גרם,false,,10.90,0.0727,true,1,1993775
9322969000046,false,פריכיות תירס שומשום אורגני ריל פודס 150 ג',אף.סי תבליני בגליל ב,AU,פריכיות תירס אורגניות - 1,גרמים,125.00,100 גרם,false,,10.90,0.0872,true,1,1392214
9322969000053,false,פריכיות אורז מלא ריל פוד 150 גר,סנו מפעלי ברונוס.,IT,פריכיות אורז מלא 150,גרמים,150.00,100 גרם,false,,10.90,0.0727,true,1,2329250
9330344004473,false,סכין גילוח שיק היידרו סילק חד פעמי 2 יח,שסטוביץ,CN,סכיני גילוח שיק הייד,יחידה,0.00,יחידה,false,,24.90,0.0000,true,1,2228467
9720188050109,false,טופוטי ממרח טופו בטעם גבינה 227 ג`,טופוטי ברנדס אינק.ג',IL,טופוטי - ממרח טופו בטעם ג,גרמים,225.00,100 גרם,false,,19.90,0.0884,true,1,1367592
9720188060108,false,טופוטי ממרח על בסיס סויה בסגנון שמנת 340ג',טופוטי ברנדס אינק.ג',IL,טופוטי - ממרח טופו בטעם ש,גרמים,340.00,100 גרם,false,,19.90,0.0585,true,1,1367593
9771565038357,false,עיתון יום חול ידיעות,,,עיתון יום חול ידיעות,יחידה,0.00,יחידה,false,,5.00,0.0000,true,1,1902510
