code,internal_code,name,manufacturer_name,manufacture_country,manufacturer_item_description,unit_qty,quantity,unit_of_measure,weighted,qty_in_package,price,unit_of_measure_price,allow_discount,status,item_id
42155034,false,מסטיק פירות מעטפה 27 גרם,ריגלי,FR,מסטיק אורביט,גרמים,27.00,100 גרם,false,0,5.80,21.48,true,1,
42212119,false,מסטיק פפרמינט מעטפה 27גר,ריגלי,FR,אורביט מעטפה,גרמים,27.00,100 גרם,false,1,5.80,21.48,true,1,
42306788,false,מסטיק איירוויבז אוכמנ35ג,ריגלי,GB,מסטיק איירווייבז,גרמים,35.00,100 גרם,false,1,5.70,16.29,true,1,
42306795,false,מסטיק אירוויבז אניס מנטה,ריגלי,GB,מסטיק איירווייבז,גרמים,35.00,100 גרם,false,1,5.70,16.29,true,1,
46024817,false,נקסט חפיסה,פיליפ מוריס,,נקסט יח',יחידה,1.00,יחידה,false,0,29.50,29.50,false,1,
46024824,false,נקסט חפיסה,פיליפ מוריס,,נקסט יח',יחידה,1.00,יחידה,false,0,29.50,29.50,false,1,
72917589,false,מקופלת חלב 25 גרם,שטראוס,IL,מקופלת חלב,גרמים,25.00,100 גרם,false,0,3.90,15.60,true,1,
72918388,false,חטיף טויסט 28 גרם,שטראוס,IL,חטיף טוויסט,גרמים,28.00,100 גרם,false,0,3.90,13.93,true,1,
72940761,false,"מילקי בטעם שוקולד 170מ""ל",שטראוס,IL,מילקי טעם שוקולד,מיליליטרים,170.00,"100 מ""ל",false,0,2.80,1.65,true,1,
72961209,false,"שמנית חמוצה 15% 200 מ""ל",תנובה,IL,שמנית תנובה 15%,מיליליטרים,200.00,"100 מ""ל",false,0,2.20,1.10,true,1,
72961544,false,באדי תות 3% 125 גרם,תנובה,IL,מעדן באדי תות 3%,גרמים,125.00,100 גרם,false,0,2.90,2.32,true,1,
72963104,false,חמאה 100 גרם,תנובה,IL,חמאה,גרמים,100.00,100 גרם,false,0,3.80,3.80,true,1,
72983225,false,מעדן מילקי הפוך 11% 170מ,שטראוס,IL,מעדן מילקי הפוך,מיליליטרים,170.00,"100 מ""ל",false,0,3.90,2.29,true,1,
72986370,false,"גל.וניל צרפתי כשל""פ",מוצרי איכות אמריקאיים,US,גלידה בן & ג'ריס,מיליליטרים,500.00,"100 מ""ל",false,0,25.50,5.10,true,1,
72986424,false,"גל.קרם עוגיות 500 מ""ל",מוצרי איכות אמריקאיים,US,גלידה בן & ג'ר,מיליליטרים,500.00,"100 מ""ל",false,0,25.50,5.10,true,1,
72986448,false,"גל.טופי קראנץ 500 מ""ל",מוצרי איכות אמריקאיים,US,גלידה בן & ג'ר,מיליליטרים,500.00,"100 מ""ל",false,0,25.50,5.10,true,1,
72986455,false,גל.שוקולדפאגד'אגוזים,מוצרי איכות אמריקאיים,US,גלידה בן & ג'ר,מיליליטרים,500.00,"100 מ""ל",false,0,25.50,5.10,true,1,
72986479,false,"גל.צ'אנקי מאנקי כשל""פ",מוצרי איכות אמריקאיים,US,גלידה בן & ג'ר,מיליליטרים,500.00,"100 מ""ל",false,0,25.50,5.10,true,1,
72989425,false,גלידה שוקולד בראוניס 500,מוצרי איכות אמריקאיים,US,גלידה בן & ג'ר,מיליליטרים,500.00,"100 מ""ל",false,0,25.50,5.10,true,1,
72991374,false,טיים RED יחידה,,IL,טיים RED יחידה,יחידה,1.00,יחידה,false,0,28.00,28.00,false,1,
72991404,false,אירופה יחידה,,IL,אירופה יחידה,יחידה,1.00,יחידה,false,0,28.00,28.00,false,1,
72991886,false,גלידת דולצ'ה דה לצ'ה,מוצרי איכות אמריקאיים,US,גלידה בן & ג'ר,מיליליטרים,500.00,"100 מ""ל",false,0,25.50,5.10,true,1,
72994252,false,סיגריות נקסט לילך חפ.,פיליפ מוריס,IL,סיגריות נקסט,יחידה,1.00,יחידה,false,0,29.50,29.50,false,1,
72994276,false,מרלבורו פיין טאצ' חפיסה,פיליפ מוריס,,מרלבורו פיין חפ.,יחידה,1.00,יחידה,false,0,32.50,32.50,false,1,
76136191,false,פאל מאל סופר סלים אורנג',bat,CH,פאל מאל חפיסה,יחידה,1.00,יחידה,false,0,28.50,28.50,false,1,
80051428,false,ממרח נוטלה חנוכה825גרם,פררו - אלבה,IT,ממרח נוטלה,גרמים,825.00,100 גרם,false,0,24.90,3.02,true,1,
80176800,false,נוטלה ממרח שוקולד 750 גר,פררו - אלבה,PL,ממרח נוטלה,גרמים,750.00,100 גרם,false,0,24.90,3.32,true,1,
80177173,false,ממרח נוטלה 350 גרם,פררו - אלבה,IT,ממרח נוטלה,גרמים,350.00,100 גרם,false,0,14.00,4.00,true,1,
80769699,false,מנטוס וויט פירות מנטה60ג,פרפטי ואן מלה,TR,מנטוס וויט,גרמים,60.00,100 גרם,false,0,9.90,16.50,true,1,
80850885,false,מנטוס וויט מנטה עדינה60ג,פרפטי ואן מלה,TR,מנטוס וויט,גרמים,60.00,100 גרם,false,0,9.90,16.50,true,1,
80936848,false,סוכריות טיק טק תות שדה16,פררו - אלבה,EC,טיק טק תות שדה,גרמים,16.00,100 גרם,false,0,3.30,20.63,true,1,
80991052,false,מ.מנטוס מעטפ.מנטה עדין33,פרפטי ואן מלה,TR,מסטיק מנטוס מעטפ,גרמים,33.00,100 גרם,false,1,7.90,23.94,true,1,
87248272,false,מרלבורו גולד קצר סופט,פיליפ מוריס,,מרלבורו גולד ק,יחידה,1.00,יחידה,false,0,35.50,35.50,false,1,
87311396,false,מנטוס ריינבאו גליל 37.50,פרפטי ואן מלה ברדה,NL,מנטוס ריינבאו,גרמים,37.00,100 גרם,false,0,3.50,9.46,true,1,
90087011,true,מיץ 100% תפוחי עץ 1 ליטר,ראוך פרוכטסאפטה,AT,"מיץ תפו""ע",ליטרים,1.00,ליטר,false,1,10.00,10.00,true,1,
90087974,true,"חומץ טבעי מתפוחים 750מ""ל",GMBH FRUCHTSAFTE RAUCH,AT,חומץ תפוחים,מיליליטרים,750.00,"100 מ""ל",false,0,13.90,1.85,true,1,
9073102314,false,סורבט שרונס קוקוס 473 מ,מוצרי איכות אמריקאיים,IL,סורבט קוקוס473,מיליליטרים,473.00,"100 מ""ל",false,0,25.30,5.35,true,1,
11210009387,false,"רוטב טבסקו ירוק 60 מ""ל",ניצן,US,רוטב טבסקו ירוק,מיליליטרים,60.00,"100 מ""ל",false,0,10.90,18.17,true,1,
12300119139,false,וינסטון כחול בוקס 10יח,jti,CH,וינסטון בוקס,יחידה,1.00,יחידה,false,0,289.90,289.90,false,1,
12300159135,false,וינסטון כחול ארוך 100,jti,CH,וינסטון כחול,יחידה,1.00,יחידה,false,0,289.90,289.90,false,1,
13495113506,false,קליק ביסקוויט 75 גרם,יוניליוור,IL,קליק ביסקוויט,גרמים,75.00,100 גרם,false,0,5.90,7.87,true,1,
13495113513,false,קליק שוקולד חלב 75 גרם,יוניליוור,IL,קליק שוקולד,גרמים,75.00,100 גרם,false,0,5.90,7.87,true,1,
13495113537,false,קליק חום לבן מעורב 75 גר,יוניליוור,IL,קליק מעורב,גרמים,75.00,100 גרם,false,0,5.90,7.87,true,1,
13495113582,false,קליק כריות 75 גרם,יוניליוור,IL,קליק כריות,גרמים,75.00,100 גרם,false,0,5.90,7.87,true,1,
16000423534,false,קראנצי שיבולת ושוקולד5יח,ג'נרל מילס,US,חטיף נייצ'ר ואלי,גרמים,210.00,100 גרם,false,0,19.90,9.48,true,1,
16000548404,false,חטיף נייטשר ואלי ש.שועל5,ג'נרל מילס,US,חטיף נייטשר ואלי,גרמים,210.00,100 גרם,false,0,19.90,9.48,true,1,
16000548909,false,נייטשר וואלי גרנולה 5יח',ג'נרל מילס,US,חטיף נייטשר ואלי,גרמים,210.00,100 גרם,false,0,19.90,9.48,true,1,
25675120006,false,חמצוצים 4 צבעים 100 גרם,.,NL,חמצוצים,גרמים,100.00,100 גרם,false,0,8.40,8.40,true,1,
25675120020,false,םרג 100 לטפ םעטב םיצוצמח,ירוג,BE,חמצוצים פטל,גרמים,100.00,100 גרם,false,0,8.40,8.40,true,1,
25675120037,false,םרג 100 תות םעטב םיצוצמח,ירוג,NL,חמצוצים תות,גרמים,100.00,100 גרם,false,0,8.40,8.40,true,1,
25675120044,false,םרג100 חופת םעטב םיצוצמח,ירוג,IL,חמצוצים טעם תפוח,גרמים,100.00,100 גרם,false,0,8.40,8.40,true,1,
25675120068,false,םרג100 הלוק םעטב םיצוצמח,ירוג,NL,חמצוצים קולה,גרמים,100.00,100 גרם,false,0,8.40,8.40,true,1,
25675301153,false,מקלות חמוץ פטל 50 גרם,פאסין ב.ו,NL,מקלות חמוץ פטל,גרמים,50.00,100 גרם,false,0,4.90,9.80,true,1,
28200102904,false,מרלבורו רד קצר סופט 10יח,פיליפ מוריס,,מרלבורו רד קצר,יחידה,1.00,יחידה,false,0,329.90,329.90,false,1,
28200106902,false,מרלבורו גולד קצר בוקס10י,פיליפ מוריס,US,מרלבורו גולד ק,יחידה,1.00,יחידה,false,0,329.90,329.90,false,1,
28200114907,false,פרלמנט קצר 10יח',פיליפ מוריס,US,פרלמנט קצר10יח,יחידה,1.00,יחידה,false,0,359.90,359.90,false,1,
28200133502,false,מרלבורו רד קצר בוקס 10יח,פיליפ מוריס,IL,מרלבורו רד חבילה,יחידה,1.00,יחידה,false,0,329.90,329.90,false,1,
28200152701,false,ל.מ. בלו לייבל קצר 10,פיליפ מוריס,US,ל.מ. בלו לייבל,יחידה,1.00,יחידה,false,0,309.90,309.90,false,1,
28200174604,false,פרלמנט ארוך בלו RCB 10יח,פיליפ מוריס,,פרלמנט ארוך בל,יחידה,1.00,יחידה,false,0,359.90,359.90,false,1,
33617340610,false,פת פריכה שיפון,,IL,פת פריכה שיפון,גרמים,250.00,100 גרם,false,0,13.40,5.36,true,1,
34000239566,false,קוקיס&קרים 5 * 12.60 גרם,הרשי שוקולד,US,קוקיס&קרים,גרמים,63.00,100 גרם,false,1,5.00,7.94,true,1,
36000258295,false,קלינקס לושן,,IL,קלינקס לושן,יחידה,1.00,יחידה,false,0,7.90,7.90,true,1,
36000258660,false,קלינקס לושן,,IL,קלינקס לושן,יחידה,1.00,יחידה,false,0,14.90,14.90,true,1,
37977050059,false,זוג מוצצים,,HU,זוג מוצצים,יחידה,1.00,יחידה,false,0,39.50,39.50,true,1,
38000138416,false,פרינגלס אורגינל 149 גרם,פרינגלס מנופקצ'ורינג קונ,US,פרינגלס אורגינל,גרמים,149.00,100 גרם,false,1,9.10,6.11,true,1,
38000845246,false,פרינגלס מידי אורגינל67ג,פרינגלס מנופקצ'ורינג קונ,IL,פרינגלס אורגינל,גרמים,67.00,100 גרם,false,1,5.50,8.21,true,1,
38527591060,false,דגנים מרובעים קוואקר412ג,עלית,,דגנים מרובעים,גרמים,412.00,100 גרם,false,0,19.90,4.83,true,1,
38527591121,false,קוואקר קפטן קראנץ 398ג,עלית,IL,קוואקר קראנץ,גרמים,398.00,100 גרם,false,0,19.90,5.00,true,1,
38900779238,false,מיץ אננס 4 יח',,PH,מיץ אננס 4 יח',ליטרים,1.00,ליטר,false,0,14.80,14.80,true,1,
40000514480,false,עדשי מ&מ'ס שוקולד 48 גרם,מרס,US,עדשי מ&מ'ס,גרמים,48.00,100 גרם,false,1,5.00,10.42,true,1,
40000514510,false,עדשי מ&מ'ס בוטנים 49 גרם,מרס,US,עדשי מ&מ'ס,גרמים,49.00,100 גרם,false,1,5.00,10.20,true,1,
41390000027,false,"רוטב סויה קיקומן 296 מ""ל",קיקומן פודז אינק,US,רוטב סויה קיקומן,מיליליטרים,296.00,"100 מ""ל",false,0,13.50,4.56,true,1,
41390001079,false,"רוטב סויה דל נתרן 444מ""ל",קיקומן פודז אינק,IL,רוטב סויה,מיליליטרים,444.00,"100 מ""ל",false,0,19.90,4.48,true,1,
41390010309,false,רוטב טריאקי קיקומן 444מל,קיקומן פודז אינק,US,רוטב טריאקי,מיליליטרים,444.00,"100 מ""ל",false,0,19.90,4.48,true,1,
46214731552,false,עוגיות שוקולד צ'יפס225גר,מרבה,NL,עוגיות ש.צ'יפס,גרמים,225.00,100 גרם,false,0,10.90,4.84,true,1,
48256222203,false,אסטוניש לתנורים 500 גרם,אסטוניש -לידס,GB,אסטוניש משחה,גרמים,500.00,100 גרם,false,0,11.90,2.38,true,1,
49508006008,false,בייגל דק פריך אורגינל204,סנק פקטורי,US,בייגל דק פריך,גרמים,204.00,100 גרם,false,1,11.90,5.83,true,1,
49508006206,false,בייגל דק פריך מתובל204גר,סנק פקטורי,US,בייגל דק פריך,גרמים,204.00,100 גרם,false,1,11.90,5.83,true,1,
49508100010,false,בייגל דק חרדל דבש בצל204,סנק פקטורי,US,בייגל דק,גרמים,204.00,100 גרם,false,1,11.90,5.83,true,1,
55500012046,false,כלורקס מרסס,,US,כלורקס מרסס,מיליליטרים,946.00,"100 מ""ל",false,0,15.90,1.68,true,1,
76840100125,false,גל.צ'אבי האבי וניל ע.פדג,מוצרי איכות אמריקאיים,IL,גל בןאנדג'רי,גרמים,473.00,100 גרם,false,0,25.50,5.39,true,1,
76840100583,false,גלידת וניל עם בצק עוגיות,מוצרי איכות אמריקאיים,IL,גל.בןאנדג'ריס,מיליליטרים,473.00,"100 מ""ל",false,0,25.50,5.39,true,1,
76840101542,false,גלידת קרמל סוטרא 428גרם,בן & ג'ריס,US,גל.קרמל,גרמים,428.00,100 גרם,false,0,25.50,5.96,true,1,
76840220267,false,יוגורט יווני בננה חמאת,מוצרי איכות אמריקאיים,IL,גלידה בן ג'ריס,מיליליטרים,473.00,"100 מ""ל",false,0,25.30,5.35,true,1,
76840363957,false,"סולטייד קרמל 475מ""ל",מוצרי איכות אמריקאיים,IL,סולטייד קרמל,מיליליטרים,475.00,"100 מ""ל",false,1,25.50,5.37,true,1,
76840400218,false,גל.עוגת גבינה עם תות 420,מוצרי איכות אמריקאיים,IL,גל.עוגת גבינ.תות,גרמים,420.00,100 גרם,false,0,25.50,6.07,true,1,
76840580750,false,גל.צאנקי מאנקי ללא חלב 2,מוצרי איכות אמריקאיים,IL,גל' בן אנד ג'ריס,מיליליטרים,473.00,"100 מ""ל",false,1,33.00,6.98,true,1,
76840580767,false,פינט באטר עוג' ללא חלב 4,מוצרי איכות אמריקאיים,IL,גל'בן אנד ג'ריס,מיליליטרים,473.00,"100 מ""ל",false,1,33.00,6.98,true,1,
76840620029,false,"גלידה תות 500 מ""ל",מוצרי איכות אמריקאיים,IL,גלידה בן & ג'ר,מיליליטרים,500.00,"100 מ""ל",false,0,25.50,5.10,true,1,
77975022757,false,בייגלה אמריקאי 382 גרם,יאמאסה,US,בייגלה אמריקאי,גרמים,382.00,100 גרם,false,0,13.90,3.64,true,1,
80432400432,false,וויסקי שיבס 1 ליטר,שיבס ריגל,GB,וויסקי שיבס,ליטרים,1.00,ליטר,false,0,124.90,124.90,true,1,
84213017475,false,מיסלי אורגני פירות500גר,מסטמאכר,IL,מיסלי פירות,גרמים,500.00,100 גרם,false,0,19.20,3.84,true,1,
195480030088,false,צימקאו מריר 300 גרם,אופנהיימר,IL,צימקאו מריר,גרמים,300.00,100 גרם,false,1,9.90,3.30,true,1,
651080647519,false,36קיסם +חוט מנטה ג'ורדן,קלרו,MY,קיסם עם חוט,יחידה,1.00,יחידה,false,1,9.90,9.90,true,1,
661176010141,false,5M צבע לשיער נטורטינט,פארמה גורי,ES,צבע לשיער,יחידה,1.00,יחידה,false,0,59.90,59.90,true,1,
728229123811,false,צ'יפס מתובל 110 גרם,גלובל פרודאכט,US,צ'יפס מתובל,גרמים,110.00,100 גרם,false,0,15.90,14.45,true,1,
745092005846,false,סוכ.ג'לי בינס טרופיקל100,ארן,IE,ג'לי בינס,גרמים,100.00,100 גרם,false,1,9.90,9.90,true,1,
753421440053,false,שזיף מיובש ווילבר 500גרם,ווילבור,US,שזיף מיובש,גרמים,500.00,100 גרם,false,1,25.00,5.00,true,1,
768404001640,false,"גל.בטעם קפה 500מ""ל",מוצרי איכות אמריקאיים,US,גלידת בן & ג'ריס,מיליליטרים,500.00,"100 מ""ל",false,0,25.50,5.10,true,1,
801541507849,false,תה טולסי אורגינל,,IN,תה טולסי אורגינל,גרמים,32.00,100 גרם,false,0,16.90,52.81,true,1,
810607023100,false,פופקורנרס מלח 85 גרם,פיירבנקס,US,פופקורנרס מלח,גרמים,85.00,100 גרם,false,1,5.00,5.88,true,1,
835811006565,false,אינסטנט סחלב בקופסא80*2ג,הנמל,IL,אינסטנט סחלב,גרמים,160.00,100 גרם,false,0,11.80,7.38,true,1,
835811007494,false,ג'לטין טהור מדגים 14*2 ג,הנמל,IL,ג'לטין טהור,גרמים,28.00,100 גרם,false,0,9.80,35.00,true,1,
856591000116,false,עוגיות מזרחיות שומשום350,עבאדי,IL,עוגיות מזרחיות,גרמים,350.00,100 גרם,false,1,13.80,3.94,true,1,
856591000437,false,מיני מזרחיות פלאפל200,עבאדי,IL,עוגיות מזרחיות,גרמים,200.00,100 גרם,false,0,10.80,5.40,true,1,
856591000529,false,עוג.מזרחיות מקמח מלא400ג,עבאדי,IL,עוגיות מזרחיות,גרמים,400.00,100 גרם,false,0,17.40,4.35,true,1,
884912014245,false,פוסט הני בנצ'ס רוסטד411ג,פוסט,US,פוסט הני בנצ'ס,גרמים,411.00,100 גרם,false,0,17.90,4.36,true,1,
884912014252,false,פוסט הני בנצ'ס אלמונד411,פוסט,US,דגני הני בנצ'ס,גרמים,411.00,100 גרם,false,0,17.90,4.36,true,1,
884912103703,false,פוסט וופל קריספ 325 גרם,פוסט,,פוסט וופל קריספ,גרמים,325.00,100 גרם,false,0,17.90,5.51,true,1,
884912126115,false,דגני גרייט גריינס דטה453,פוסט,US,דגני גרייט גרינס,גרמים,453.00,100 גרם,false,0,24.70,5.45,true,1,
884912256539,false,פוסט קינמון פבלס 425 גרם,פוסט,US,קינמון פבלס,גרמים,425.00,100 גרם,false,1,17.90,4.21,true,1,
893594002051,false,פופקורנרס צ'דר 28 גרם,פיירבנקס,US,פופקורנרס צ'דר,גרמים,28.00,100 גרם,false,0,2.90,10.36,true,1,
3014260022730,false,2מברשות אדוונטג' מדיום40,פרוקטר & גמבל,IL,זוג מברשות,יחידה,1.00,יחידה,false,0,19.90,19.90,true,1,
3014260836665,false,מברשת אורל בי פרו אקספרט,פרוקטר & גמבל,ES,מברשת אורל בי,יחידה,1.00,יחידה,false,1,31.90,31.90,true,1,
3045140105502,false,שוקולד חלב מילקה 100 גרם,מונדלייז,DE,שוקולד חלב מילקה,גרמים,100.00,100 גרם,false,0,7.40,7.40,true,1,
3046920028004,false,שוק.אקסלנס מריר70% 100גר,לינדט ושפרונגלי קילשברג,FR,שוקולד אקסלנס,גרמים,100.00,100 גרם,false,0,16.00,16.00,true,1,
3046920028363,false,שוק.לינדט אקסלנס85% 100ג,לינדט ושפרונגלי קילשברג,FR,שוקולד לינדט 85%,גרמים,100.00,100 גרם,false,0,16.00,16.00,true,1,
3046920028370,false,שוק.לינדט אקסלנס תפוז100,לינדט ושפרונגלי קילשברג,CH,שוקולד לינדט,גרמים,100.00,100 גרם,false,0,16.00,16.00,true,1,
3046920029674,false,שוק.לינדט אקסלנס מלח100ג,לינדט ושפרונגלי קילשברג,FR,שוקולד לינדט,גרמים,100.00,100 גרם,false,0,16.00,16.00,true,1,
3046920029759,false,שוק.אקסלנס 90% קקאו 100ג,לינדט ושפרונגלי קילשברג,DE,שוקולד אקסלנס,גרמים,100.00,100 גרם,false,1,16.00,16.00,true,1,
3059940007768,false,אירויק ספריי וניל 240 מל,רקיט בנקיזר,GB,אירויק ספריי,מיליליטרים,240.00,"100 מ""ל",false,0,10.00,4.17,true,1,
3141360054405,false,פיניש מפיץ ריח לימון,רקיט בנקיזר,HU,מפיץ ריח למדיח,יחידה,1.00,יחידה,false,1,16.90,16.90,true,1,
3337871324902,false,אקוואליה ג'ל לחות 75מל,אינטרביוטי וישי,FR,אקוואליה ג'ל,מיליליטרים,75.00,"100 מ""ל",false,0,139.00,185.33,true,1,
3349666007921,false,פאקו רבאן אדט,,,פאקו רבאן אדט,מיליליטרים,100.00,"100 מ""ל",false,0,299.00,299.00,true,1,
3360373063680,false,אמור אמור א.ד.ט לאישה100,קשארל,FR,אמור אמור לאשה,מיליליטרים,100.00,"100 מ""ל",false,0,239.00,239.00,true,1,
3563490014898,false,חרדל ריין דיז'ון לחיץ265,ריין דיג'ון,FR,חרדל דיז'ון,גרמים,265.00,100 גרם,false,0,11.90,4.49,true,1,
3574660322576,false,קרפרי רגיל 58 יחידות,ג'ונסון,IT,קרפרי רגיל 58 יחידות,יחידה,1.00,יחידה,false,0,21.10,21.10,true,1,
3574660464368,false,76 קרפרי אלוורה מגה פאק,ג'ונסון,IT,מגן תחתון קרפרי,יחידה,1.00,יחידה,false,0,20.00,20.00,true,1,
3574660464399,false,64 קרפרי מגה פאק מקסי L,ג'ונסון,IT,מגן תחתון קרפרי,יחידה,1.00,יחידה,false,0,20.00,20.00,true,1,
3574660464429,false,76 קרפרי אוורירי מגה פאק,ג'ונסון,IT,מגן תחתון קרפרי,יחידה,1.00,יחידה,false,0,20.00,20.00,true,1,
3574660620436,false,אלסב.ג'ונסון לפני שינ750,ג'ונסון,IT,אל סבון ג'ונסון,מיליליטרים,750.00,"100 מ""ל",false,0,14.90,1.99,true,1,
3574660638325,false,קרם החתלה ג'ונסונס100מל,ג'ונסון,FR,קרם החתלה,מיליליטרים,100.00,"100 מ""ל",false,0,9.90,9.90,true,1,
3574661017495,false,תח. גוף נטרוג'ינה יבש400,ג'ונסון,IL,תחליב גוף,מיליליטרים,400.00,"100 מ""ל",false,0,19.90,4.98,true,1,
3574661136356,false,OBפרוקומפורט +Nמוליך16יח,ג'ונסון,FR,טמפוני או-בה,יחידה,1.00,יחידה,false,0,24.70,24.70,true,1,
3574661141022,false,12תחבושות וניה מקסי לילה,ג'ונסון,BE,תחבושות וניה,יחידה,1.00,יחידה,false,1,24.50,24.50,true,1,
3574661324173,false,60קרפרי אולטרה דק אלוורה,ג'ונסון,GB,קרפרי,יחידה,1.00,יחידה,false,1,23.90,23.90,true,1,
3574661324265,false,60קרפרי אולטרה דק מבושם,ג'ונסון,IT,קרפרי,יחידה,1.00,יחידה,false,1,23.90,23.90,true,1,
3600522344032,false,מסכת אלביב טוטל ריפיר300,kozmetik canan,IL,מסכת אלביב,מיליליטרים,300.00,"100 מ""ל",false,0,24.90,8.30,true,1,
3600522550129,false,ק.יום45 אייג ספשיאליסט50,קרלסרו,DE,קרם יום,גרמים,50.00,100 גרם,false,1,59.90,119.80,true,1,
3600522632436,false,ק.לילה55 אייג ספשיאליסט,קרלסרו,DE,קרם לילה,מיליליטרים,50.00,"100 מ""ל",false,1,59.90,119.80,true,1,
3600522825463,false,אקסלנס אינטנס מס6.66',ליברמו,BE,צבע לשיער אקסלנס,יחידה,1.00,יחידה,false,1,39.60,39.60,true,1,
3600522825524,false,אקסלנס אינטנס מס4.26',ליברמו,BE,צבע לשיער אקסלנס,יחידה,1.00,יחידה,false,1,39.60,39.60,true,1,
3600523136155,false,"מסכה אלביב 6 שמנים300מ""ל",קוסמטיקס,TR,מסכה אלביב,מיליליטרים,300.00,"100 מ""ל",false,1,24.90,8.30,true,1,
3600523154746,false,"מרכך אלביב קולור 600מ""ל",קוסמטיקס,TR,מרכך אלביב,מיליליטרים,600.00,"100 מ""ל",false,1,14.90,2.48,true,1,
3600523154838,false,שמפו אלביב קולור פרופ600,קוסמטיקס,TR,שמפו אלביב,מיליליטרים,600.00,"100 מ""ל",false,1,14.90,2.48,true,1,
3600523165742,false,שמפו אלביב 6 שמנים 600מל,קוסמטיקס,TR,שמפו אלביב,מיליליטרים,600.00,"100 מ""ל",false,1,14.90,2.48,true,1,
3600523171040,false,מרכך אלביב 6 שמנים 600מל,קוסמטיקס,TR,מרכך אלביב,מיליליטרים,600.00,"100 מ""ל",false,1,14.90,2.48,true,1,
3600523193158,false,ספריי לצביעה מג'יק חום75,ליברמו,BE,ספריי לצביעה שיע,מיליליטרים,75.00,"100 מ""ל",false,1,44.90,59.87,true,1,
3600523275380,false,שמפו אלביב טוטל ריפר600,קוסמטיקס,TR,שמפו אלביב,מיליליטרים,600.00,"100 מ""ל",false,1,14.90,2.48,true,1,
3600523275427,false,מרכך אלביב טוטל ריפר600,קוסמטיקס,TR,מרכך אלביב,מיליליטרים,600.00,"100 מ""ל",false,1,14.90,2.48,true,1,
3600530901883,false,בייבי ליפס כחול,סופרוג'ם,FR,בייבי ליפס כחול,יחידה,1.00,יחידה,false,1,11.90,11.90,true,1,
3600530901906,false,בייבי ליפס ירוק,סופרוג'ם,FR,בייבי ליפס ירוק,מיליליטרים,50.00,"100 מ""ל",false,1,11.90,23.80,true,1,
3600541243071,false,מגבוני אסנשיאל רגיל 25יח,קארלסרו,PL,מגבונים אסנשיאל,יחידה,1.00,יחידה,false,0,11.90,11.90,true,1,
3600541243118,false,מגבוני אסנשיאל רגיל25יח,קארלסרו,PL,מגבונים אסנשיאל,יחידה,1.00,יחידה,false,0,11.90,11.90,true,1,
3600541269248,false,לחות לעור רגיל מויסט מאץ,סופרויאל,FR,לחות לעור רגיל,מיליליטרים,50.00,"100 מ""ל",false,0,40.00,80.00,true,1,
3600541474406,false,דאודורנט רול פרו5 סגול50,קוסמופול,PL,דאו.גרנייה,מיליליטרים,50.00,"100 מ""ל",false,1,13.90,27.80,true,1,
3600541928275,false,מים מיסלריים400דו פאזיים,קוסמפול,PL,מים מיסלריים,מיליליטרים,400.00,"100 מ""ל",false,1,30.00,7.50,true,1,
3608580730231,false,קונפיטורת תות שדה 370גרם,אנדורס,FR,קונפיטורת תות,גרמים,370.00,100 גרם,false,1,12.90,3.49,true,1,
3608580730255,false,קונפיטורת משמש 370 גרם,אנדורס,FR,קונפיטורת משמש,גרמים,370.00,100 גרם,false,1,12.90,3.49,true,1,
3661163934983,false,דאו.סטיק אדידס טים פורס,COTY,GB,דאודורנט אדידס,גרמים,51.00,100 גרם,false,0,14.90,29.22,true,1,
3760057971407,false,פייר דומיניור קברנה750מ,דומיין פייר דומיניור,FR,קברנה פייר דומינ,מיליליטרים,750.00,"100 מ""ל",false,1,19.90,2.65,true,1,
3760057971421,false,פייר דומיניור מרלו 750מ,דומיין פייר דומיניור,FR,מרלו פייר דומינ.,מיליליטרים,750.00,"100 מ""ל",false,1,19.90,2.65,true,1,
4000522061752,false,בייגלה מקלות מלוחים100גר,INTERSNACK,HU,בייגלה מקלות,גרמים,100.00,100 גרם,false,1,3.90,3.90,true,1,
4002448019480,false,סיליט באנג מסיר שומן750מ,רקיט בנקיזר,IT,סיליט באנג,מיליליטרים,750.00,"100 מ""ל",false,0,10.00,1.33,true,1,
4005808781935,false,ג'ל רחצה פאוור רפרש500מל,ביירסדורץ,IL,ג'ל רחצה ניוואה,מיליליטרים,500.00,"100 מ""ל",false,0,14.90,2.98,true,1,
4005808811700,false,ניוואה ויסאג' ג'ל נ150.מ,ביירסדורץ,DE,ג'ל ניואה ויסא,מיליליטרים,150.00,"100 מ""ל",false,0,30.00,20.00,true,1,
4005808813063,false,תחל.לאחר גילוח-ע.רגיש100,ביירסדורץ,DE,ניוואה אפטר שייב,מיליליטרים,100.00,"100 מ""ל",false,0,54.80,54.80,true,1,
4005900085597,false,קרם רחצה ניוואה מטפח 750,ביירסדורץ,IL,קרם רחצה ניוואה,מיליליטרים,750.00,"100 מ""ל",false,0,14.90,1.99,true,1,
4005900133595,false,קרם גוף קאקאוSHOWER IN,ביירסדורץ,IL,קרם גוף ניוואה,מיליליטרים,400.00,"100 מ""ל",false,1,29.90,7.48,true,1,
4005900136848,false,"תחליב רחצה סמוז 750 מ""ל",BEIERSDORT,DE,תחלב רחצה,מיליליטרים,750.00,"100 מ""ל",false,1,14.90,1.99,true,1,
4005900816009,false,ניוואה ספרי פרש לגבר150מ,ביירסדורץ,DE,דאודורנט ניוואה,מיליליטרים,150.00,"100 מ""ל",false,0,14.90,9.93,true,1,
4009300524625,false,חליטת צ'אי מאסלה20שק2*גר,טייקנה,DE,חליטת צ'אי מאסלה,גרמים,40.00,100 גרם,false,0,10.00,25.00,true,1,
4009900013581,false,מסטיק סטיקס ספירמינט 5יח,ריגלי,FR,מסטיק סטיקס,גרמים,65.00,100 גרם,false,0,9.90,15.23,true,1,
4009900385824,false,מסטיק סטיקס פפרמינט 5 יח,ריגלי,FR,מסטיק סטיקס,גרמים,65.00,100 גרם,false,0,9.90,15.23,true,1,
4009900403023,false,מסטיק אורביט ויט מנטה64ג,ריגלי,PL,אורביט בקבוקון,גרמים,64.00,100 גרם,false,0,9.90,15.47,true,1,
4009900487283,false,מסטיק סטיקס פירות 5 יח',ריגלי,FR,מסטיק סטיקס,גרמים,65.00,100 גרם,false,0,9.90,15.23,true,1,
4009900487405,false,מסטיק סטיקס טרופי 5 יח',ריגלי,PL,מסטיק סטיקס,גרמים,65.00,100 גרם,false,1,9.90,15.23,true,1,
4009900512350,false,מסטיק 5 בוקס אבטיח69ג,ריגלי,RU,מסטיק פייב,גרמים,69.00,100 גרם,false,1,9.90,14.35,true,1,
4011100002227,false,מיני באונטי בשקית 403גרם,לינדט ושפרונגלי קילשברג,NL,מיני באונטי,גרמים,403.00,100 גרם,false,0,18.90,4.69,true,1,
4011800628512,false,קורני חט.דגנים+שוקולד6יח,Schwartauer,DE,קורני חטיף דגנים,גרמים,150.00,100 גרם,false,0,10.90,7.27,true,1,
4011800633516,false,6קורני+שוק.מריר58% קקאו,Schwartauer,IL,קורני חטיף דגנים,גרמים,138.00,100 גרם,false,0,10.90,7.90,true,1,
4014400901191,false,בונבוניירה מרסי 250 גרם,שטורק,DE,בונבוניירת מרסי,גרמים,250.00,100 גרם,false,0,22.90,9.16,true,1,
4014400901405,false,מרסי שוקולד חלב 250 גרם,שטורק,DE,מרסי שוקולד חלב,גרמים,250.00,100 גרם,false,0,22.90,9.16,true,1,
4014400920857,false,"סוכ.וורטר לל""ס שוקולד70ג",שטורק,DE,סוכריות וורטר,גרמים,70.00,100 גרם,false,1,8.90,12.71,true,1,
4015000941013,false,מסיכה גליס אולטימייטריפר,הנקל סוד,DE,מסיכה גליס,מיליליטרים,200.00,"100 מ""ל",false,0,27.90,13.95,true,1,
4015000996259,false,גליס מסכה אויל אליקסי200,הנקל סוד,IL,מסכת גליס,מיליליטרים,200.00,"100 מ""ל",false,0,27.90,13.95,true,1,
4015400057369,false,12 אולוויז עבה לילה,פרוקטר & גמבל,DE,תחבושות אולוויז,יחידה,1.00,יחידה,false,0,14.40,14.40,true,1,
4015400264491,false,43 פמפרס ניו בייבי שלב1,פרוקטר & גמבל,PL,חיתולי פמפרס,יחידה,1.00,יחידה,false,0,32.40,32.40,true,1,
4015400269762,false,טמפקס פרל רגולר 20יחידות,פרוקטר & גמבל,HU,טמפקס פרל,יחידה,1.00,יחידה,false,0,20.90,20.90,true,1,
4015400564034,false,מגן תח.אולוייז מגה פק +L,פרוקטר & גמבל,IL,מגן תחתון אולויז,יחידה,1.00,יחידה,false,0,19.90,19.90,true,1,
4015400598329,false,56אולוויז קוואטרו נורמל+,פרוקטר & גמבל,IL,תחבושות אולוויז,יחידה,1.00,יחידה,false,0,30.00,30.00,true,1,
4015400655299,false,אולוויז אינפינ.דואו לונג,פרוקטר & גמבל,IL,תחבושות אולוויז,יחידה,1.00,יחידה,false,0,29.90,29.90,true,1,
4015400687696,false,22 פמפרס פרימיום שלב 1,פרוקטר & גמבל,IL,פמפרס פרימיום,יחידה,1.00,יחידה,false,1,21.90,21.90,true,1,
4015400690405,false,18טמפקס קומפאק פרל סופר,פרוקטר & גמבל,HU,טמפקס,יחידה,1.00,יחידה,false,1,20.90,20.90,true,1,
4015400746843,false,78מגני תח.אולוויז מגה פר,פרוקטר & גמבל,DE,מגן תחתון אולווי,יחידה,1.00,יחידה,false,1,19.90,19.90,true,1,
4015400749646,false,40 פמפרס מכנסונים מידה 4,פרוקטר & גמבל,IL,מכנסוני פמפרס,יחידה,1.00,יחידה,false,1,39.90,39.90,true,1,
4015400755487,false,24 תח.אולוייז דואו לונג,פרוקטר & גמבל,DE,תחבושות אולוייז,יחידה,1.00,יחידה,false,1,21.90,21.90,true,1,
4015400824701,false,טמפקס פלאש רגיולר 30 יח',פרוקטר & גמבל,UA,טמפקס פלאש,יחידה,1.00,יחידה,false,0,31.60,31.60,true,1,
4015400990543,false,אב.כביסה אריאל קולור 8קג,פרוקטר & גמבל,TR,אבקת אריאל קולור,קילוגרמים,8.00,"ק""ג",false,1,65.90,8.24,true,1,
4015600807573,false,"דאו.ג'ל PA-PB 75 מ""ל",פרוקטר & גמבל,IL,דאודורנט ג'ל,מיליליטרים,75.00,"100 מ""ל",false,0,33.80,45.07,true,1,
4017100364112,false,עוג.סנדוויץ היט קקאו220ג,באלסן,PL,עוגיות סנדוויץ,גרמים,220.00,100 גרם,false,1,8.90,4.05,true,1,
4022025261002,false,"בלו ווין כשר 750 מ""ל",לנגוט טראבן,DE,בלו ווין,מיליליטרים,750.00,"100 מ""ל",false,1,39.90,5.32,true,1,
4033100014536,false,אל די סלימס 10 יח',jti,TR,אל די סלימס חב.,יחידה,1.00,יחידה,false,0,249.90,249.90,false,1,
4033100024252,false,ווינסטון קוד אקווה חפיסה,jti,CH,סיגריות ווינסטון,יחידה,1.00,יחידה,false,0,31.50,31.50,false,1,
4052197000017,false,"בירה בנדיקטינר 500 מ""ל",בנדיקטינר וויצבראו,DE,בירה בנדיקטינר,מיליליטרים,500.00,"100 מ""ל",false,0,11.80,2.36,true,1,
4052197000369,false,בירה בנדיקטינר בקב330*6מ,בנדיקטינר וויצבראו,DE,בירה בנדיקטינר6*,ליטרים,1.98,ליטר,false,1,39.90,20.15,true,1,
4056800778409,false,קולסטון קיט חום שוקולד,פרוקטר & גמבל,DE,קולסטון קיט,יחידה,1.00,יחידה,false,0,29.90,29.90,true,1,
4056800779444,false,קולסטון קיט בלונד במיוחד,פרוקטר & גמבל,DE,קולסטון קיט,יחידה,1.00,יחידה,false,0,29.90,29.90,true,1,
4084500078796,false,טבליות כביסה אריאל קולור,פרוקטר & גמבל,IL,טבליות לכביסה,יחידה,1.00,יחידה,false,0,39.90,39.90,true,1,
4084500149526,false,טייד ג'ל כביסה 2.48 ליטר,פרוקטר & גמבל,IL,טייד ג'ל,ליטרים,2.48,ליטר,false,0,28.90,11.65,true,1,
4084500371422,false,"אריאל שושן צחור8 ק""ג",פרוקטר & גמבל,IL,אריאל שושן צחור,קילוגרמים,8.00,"ק""ג",false,0,65.90,8.24,true,1,
4084500371453,false,"אבקת כביסה טייד 8 ק""ג",פרוקטר & גמבל,CH,אבקת כביסה טייד,קילוגרמים,8.00,"ק""ג",false,0,49.90,6.24,true,1,
4084500513723,false,אריאל ג'ל נח.מרענן2.47ל,פרוקטר & גמבל,IL,אריאל ג'ל,ליטרים,2.47,ליטר,false,0,32.90,13.32,true,1,
4084500514027,false,אריאל ג'ל נח.הרים 3.95ל,פרוקטר & גמבל,IL,אריאל ג'ל,ליטרים,3.95,ליטר,false,0,39.90,10.10,true,1,
4084500627826,false,פיירי לכלים לימון 385מל,פרוקטר & גמבל,GB,פיירי לימון,מיליליטרים,385.00,"100 מ""ל",false,1,6.50,1.69,true,1,
4084500853553,false,פיירי אורגינל 650מל,פרוקטר & גמבל,GB,נוזל כלים פיירי,מיליליטרים,650.00,"100 מ""ל",false,1,10.90,1.68,true,1,
4084500853744,false,פיירי פלטינום לימון 515,פרוקטר & גמבל,GB,פיירי לכלים,מיליליטרים,515.00,"100 מ""ל",false,1,10.90,2.12,true,1,
4084500853836,false,"פיירי ורדים ומשי 515 מ""ל",פרוקטר & גמבל,GB,פיירי נוזל לכלים,מיליליטרים,515.00,"100 מ""ל",false,1,10.90,2.12,true,1,
4084500853898,false,פיירי אלוורה/מלפפונים515,פרוקטר & גמבל,GB,פיירי נוזל לכלים,מיליליטרים,515.00,"100 מ""ל",false,1,10.90,2.12,true,1,
4084500854642,false,"פנטן מרכך קצף לחות 50מ""ל",פרוקטר & גמבל,PL,פנטן קצף לחות,מיליליטרים,50.00,"100 מ""ל",false,1,7.90,15.80,true,1,
4210201746324,false,2 ראש חשמלי פלקסי סופט,פרוקטר & גמבל,IE,ראש חשמלי למברשת,יחידה,1.00,יחידה,false,0,73.40,73.40,true,1,
4260272980080,false,"חטיף תפו""א+עגבניות110גרם",co & gmbh snack Aroma,DE,חטיף תפוחי אדמה,גרמים,110.00,100 גרם,false,0,11.90,10.82,true,1,
4603400000043,false,וודקה רוסקי,,,וודקה רוסקי,מיליליטרים,700.00,"100 מ""ל",false,0,54.90,7.84,true,1,
4603400000692,false,וודקה רוסקי,,,וודקה רוסקי,מיליליטרים,750.00,"100 מ""ל",false,0,89.90,11.99,true,1,
4606203001279,false,נקסט FF 10 יח',פיליפ מוריס,,נקסט FF חבילה,יחידה,1.00,יחידה,false,0,269.90,269.90,false,1,
4606203001293,false,נקסט 10 יח',פיליפ מוריס,,נקסט חבילה,יחידה,1.00,יחידה,false,0,269.90,269.90,false,1,
4710068002538,false,"מאסטר קפה קרמל 240 מ""ל",.,IL,מאסטר קפה,מיליליטרים,240.00,"100 מ""ל",false,1,6.50,2.71,true,1,
4750017355957,false,שפרוטים מעושנים 240 גרם,פודסטוק,LV,שפרוטים מעושנים,גרמים,240.00,100 גרם,false,0,11.60,4.83,true,1,
4792059372011,false,שמן קוקוס,,IL,שמן קוקוס,גרמים,500.00,100 גרם,false,0,48.50,9.70,true,1,
4792059372028,false,שמן קוקוס,,IL,שמן קוקוס,ליטרים,1.00,ליטר,false,0,84.20,84.20,true,1,
4800888148810,false,דאו.רקסונה רול און אקטיב,יוניליוור,PH,דאו.רקסונה,מיליליטרים,50.00,"100 מ""ל",false,0,18.70,37.40,true,1,
4800888148933,false,דאו.רקסונה רולאון כותנה,יוניליוור,PH,דאודורנט רקסונה,מיליליטרים,50.00,"100 מ""ל",false,0,18.70,37.40,true,1,
4800888150080,false,דאו.דאב רול און ירוק 50,יוניליוור,IL,דאודורנט דאב,מיליליטרים,50.00,"100 מ""ל",false,0,23.20,46.40,true,1,
4800888175496,false,דאו.דאב מן פרש רול און50,יוניליוור,IL,דאודורנט דאב מן,מיליליטרים,50.00,"100 מ""ל",false,0,23.70,47.40,true,1,
4820080720584,false,וודקה חלבני דאר,,,וודקה חלבני דאר,מיליליטרים,700.00,"100 מ""ל",false,0,49.90,7.13,true,1,
4891228460242,false,שיק קווטרו טיטניום נשים,שיק,CN,סכיני גילוח נשים,יחידה,1.00,יחידה,false,0,31.00,31.00,true,1,
4902430614450,false,2 אדוונטג' סופט35 להלבנה,פרוקטר & גמבל,IL,2 מברשות שיניים,יחידה,1.00,יחידה,false,1,19.90,19.90,true,1,
4903001904192,false,"רוטב סויה יאמאסה 500 מ""ל",יאמאסה,JP,רוטב סויה יאמאסה,מיליליטרים,500.00,"100 מ""ל",false,0,28.40,5.68,true,1,
4903001904208,false,רוט.סויה יאמסה פרימיום1ל,יאמאסה,JP,רוטב סויה יאמסה,ליטרים,1.00,ליטר,false,0,40.40,40.40,true,1,
5000159442572,false,מיני טוויקס בשקית 403גרם,מרס,DE,מיני טוויקס,גרמים,403.00,100 גרם,false,0,18.90,4.69,true,1,
5000159500845,false,בונבוניירת סלבריישן196גר,מרס,NL,בונ.סלבריישן,גרמים,196.00,100 גרם,false,1,11.90,6.07,true,1,
5000204658187,false,קיווי נוזל נעליים שחור75,ג'ונסון,FR,קיווי נוזל,מיליליטרים,75.00,"100 מ""ל",false,0,14.90,19.87,true,1,
5000219009295,false,פאל מאל ארוך אדום 10יח,bat,TR,פאל מאל ארוך,יחידה,1.00,יחידה,false,0,259.90,259.90,false,1,
5000219120112,false,פאל מאל כחול ארוך 10 יח',bat,TR,פאל מאל כחול,יחידה,1.00,יחידה,false,1,259.90,259.90,false,1,
5000267024233,false,וויסקי ג'וני ווקר שחור,ג'וני ווקר,GB,ויסקי ג'וני ווקר,מיליליטרים,700.00,"100 מ""ל",false,0,99.90,14.27,true,1,
5000267129914,false,וויסקי ג'וני ווקר אדום,ג'ון ווקר ובניו,GB,ג'וני ווקר,מיליליטרים,700.00,"100 מ""ל",false,1,69.90,9.99,true,1,
5010106113073,false,"וויסקי בלנטיין 700 מ""ל",.,,וויסקי בלנטיין,מיליליטרים,700.00,"100 מ""ל",false,0,69.90,9.99,true,1,
5010182997253,false,רייד מקס קוטל ג'וקים300מ,ג'ונסון,NL,רייד מקס,מיליליטרים,300.00,"100 מ""ל",false,0,14.90,4.97,true,1,
5010182997338,false,דאק ג'ל לאסלה ניחוח רענן,DEOFLOR,GB,דאק ג'ל לאסלה,מיליליטרים,55.00,"100 מ""ל",false,0,7.90,14.36,true,1,
5010182997680,false,"רייד קוטל זוחלים 300 מ""ל",ג'ונסון,NL,רייד נמלים,מיליליטרים,300.00,"100 מ""ל",false,0,14.90,4.97,true,1,
5010327000176,false,"וויסקי גלנפידיך 700 מ""ל",גרנט'ס,GB,וויסקי גלנפידיך,מיליליטרים,700.00,"100 מ""ל",false,0,119.90,17.13,true,1,
5011417548110,false,פיניש קוואנטום 40 טבליות,רקיט בנקיזר,PL,פיניש טבליות,יחידה,1.00,יחידה,false,0,39.90,39.90,true,1,
5011417563908,false,אירוויק פיור וניל 250מל,רקיט בנקיזר,GB,איירוויק וניל,מיליליטרים,250.00,"100 מ""ל",false,1,14.90,5.96,true,1,
5011417565414,false,אירוויק פיור לבנדר 250מל,רקיט בנקיזר,GB,איירוויק לבנדר,מיליליטרים,250.00,"100 מ""ל",false,1,14.90,5.96,true,1,
5014271001203,false,דבש קלאסי 100%טהור 200גר,סאן דלפור - שמבור,FR,דבש קלאסי,גרמים,200.00,100 גרם,false,1,16.90,8.45,true,1,
5024546366609,false,וויסקי לאודרס,,,וויסקי לאודרס,מיליליטרים,700.00,"100 מ""ל",false,0,69.90,9.99,true,1,
5026489482866,false,חטיף בוטנים+תמרים ל.ג40ג,FOODS SNACK COFRESH,GB,חטיף ללא גלוטן,גרמים,40.00,100 גרם,false,1,6.90,17.25,true,1,
5026489483993,false,צ'יפס עדשים מלח ים 40 גר,קולפרש וורלד פודס,GB,צ'יפס עדשים,גרמים,40.00,100 גרם,false,1,8.90,22.25,true,1,
5029053002408,false,נ.ט. קלינקס לבן 9 גל.,חוגלה קימברלי,IL,נייר טואלט,מטרים,276.00,100 מטר,false,0,31.90,11.56,true,1,
5029053523446,false,20 תח.קוטקס אולטרא נייט,חוגלה קימברלי,IL,תחבושות קוטקס,יחידה,1.00,יחידה,false,0,22.90,22.90,true,1,
5029053534596,false,32 טמפוני קוטקס נורמל,חוגלה קימברלי,CZ,טמפוני קוטקס,יחידה,1.00,יחידה,false,0,29.00,29.00,true,1,
5029053534602,false,32 טמפוני קוטקס סופר,חוגלה קימברלי,CZ,טמפוני קוטקס,יחידה,1.00,יחידה,false,0,29.00,29.00,true,1,
5035766044772,false,סיידר תפוח 4 יח,,BE,סיידר תפוח 4 יח,ליטרים,1.32,ליטר,false,0,24.90,18.86,true,1,
5038483588710,false,שול קרם טיפולי לעור סדוק,רקיט בית מרקחת,GB,קרם לכף הרגל,מיליליטרים,60.00,"100 מ""ל",false,0,54.90,91.50,true,1,
5050083559761,false,קוקו פופס שוקוס קלוג500',קלוג'ס,DE,קוקו פופס קלוג'ס,גרמים,500.00,100 גרם,false,0,14.90,2.98,true,1,
5099864004205,false,סימילאק אדבנס+שלב 1 400ג,אבוט,IE,סימילאק אדבנס,גרמים,400.00,100 גרם,false,0,42.10,10.53,true,1,
5099864006728,false,סימילאק אדבנס+שלב 3 900ג,אבוט,IE,סימילאק אדבנס,גרמים,900.00,100 גרם,false,0,79.90,8.88,true,1,
5099864006773,false,סימילאק טופ שלב1- 900 גר,אבוט,IL,סימילאק טופ,גרמים,900.00,100 גרם,false,0,75.70,8.41,true,1,
5099864006780,false,סימילאק טופ2 א.חיסכון900,אבוט,IE,סימילאק טופ 2,גרמים,900.00,100 גרם,false,0,75.70,8.41,true,1,
5200351240017,false,גליליות קרם אגוז+קקאו400,גולדן ברייק,GR,גליליות קרם אגוז,גרמים,400.00,100 גרם,false,0,17.90,4.48,true,1,
5201004021328,false,גליליות ממולא ק.אגוז115ג,א.ג. פאפאדופולוס,GR,גליליות ממולאות,גרמים,115.00,100 גרם,false,1,8.90,7.74,true,1,
5201085540022,false,סוכריות ג'לי,,GR,סוכריות ג'לי,גרמים,200.00,100 גרם,false,0,9.80,4.90,true,1,
5201347160326,false,"קלגון ג'ל 750 מ""ל",רקיט בנקיזר,IT,קלגון ג'ל,מיליליטרים,750.00,"100 מ""ל",false,1,29.60,3.95,true,1,
5202300043199,false,קולסטון חום בינוני שפופר,פרוקטר & גמבל,DE,קולסטון שפופרת,יחידה,1.00,יחידה,false,0,19.90,19.90,true,1,
5202300043281,false,קולסטון בלונד מדיום שפור,פרוקטר & גמבל,DE,קולסטון שפורפרת,יחידה,1.00,יחידה,false,0,19.90,19.90,true,1,
5203937005949,false,חטיף שומשום ודבש שלישייה,קרטאמל,GR,חטיף שומשום ודבש,יחידה,1.00,יחידה,false,1,11.90,11.90,true,1,
5410076933129,false,אריאל שושן צחור 3קג,פרוקטר & גמבל,IL,אריאל שושן צחור,קילוגרמים,3.00,"ק""ג",false,0,39.90,13.30,true,1,
5410126726947,false,ממרח עוג.לוטוס קראנץ380ג,לוטוס ביקרי,BE,ממרח עוגיות,גרמים,380.00,100 גרם,false,0,23.20,6.11,true,1,
5410173210055,false,קפה לפילטר,,IL,קפה לפילטר,גרמים,70.00,100 גרם,false,0,12.90,18.43,true,1,
5410228141266,false,"בירה סטלה ארטואה 330 מ""ל",קרלסברג יבוא יצוא,IL,בירה סטלה בקבוק,מיליליטרים,330.00,"100 מ""ל",false,0,10.10,3.06,true,1,
5410228142089,false,בירה לף בלונד בקבוק330מל,אינבב.ברוורייליין1,BE,בירה לף בלונד,מיליליטרים,330.00,"100 מ""ל",false,0,12.40,3.76,true,1,
5410228146162,false,בירה לף ברון בקבוק 330מל,אינבב.ברוורייליין1,BE,בירה לף ברון,מיליליטרים,330.00,"100 מ""ל",false,0,12.40,3.76,true,1,
5410291021991,false,ממרח אגוזי לוז צ'וקטה700,נאטרא,BE,ממרח אגוזי לוז,גרמים,700.00,100 גרם,false,1,13.90,1.99,true,1,
5411188110842,false,אלפרו משקה אגוזים 1 ליטר,אלפרו,IL,אלפלרו משקה אגוז,ליטרים,1.00,ליטר,false,0,15.80,15.80,true,1,
5411188112709,false,"אלפרו משקה שקדים לל""ס 1ל",אלפרו,BE,אלפרו משקה שקדים,ליטרים,1.00,ליטר,false,0,15.80,15.80,true,1,
5411188120742,false,משקה שקדים טעם וניל 1ל,אלפרו,GB,משקה שקדים,ליטרים,1.00,ליטר,false,1,15.80,15.80,true,1,
5411188122661,false,"משקה שקד.לא קלוי ללת""ס1ל",אלפרו,BE,משקה שקדים,ליטרים,1.00,ליטר,false,1,15.80,15.80,true,1,
5413149922907,false,א.כ אריאל קולור וסטייל5ק,פרוקטר & גמבל,TR,"אריאל קולור 5ק""ג",קילוגרמים,5.00,"ק""ג",false,1,52.90,10.58,true,1,
5413149930025,false,אבקת טייד אלפיין 5קג,פרוקטר & גמבל,TR,אבקת טייד אלפיין,קילוגרמים,5.00,"ק""ג",false,1,39.90,7.98,true,1,
5413216990242,false,בונ. צדפות בלגי 250 גרם,נאטראג'אאלי,BE,בונבוניירת צדפות,גרמים,250.00,100 גרם,false,1,16.90,6.76,true,1,
5600395030689,false,סרדין בשמן סויה חריף115ג,קלנג מקנאן,IL,סרדין בשמן,גרמים,115.00,100 גרם,false,0,7.00,6.09,true,1,
5600395030719,false,סרדין בשמן זית נפטון115ג,קלנג מקנאן,PT,סרדין בשמן זית,גרמים,115.00,100 גרם,false,0,7.00,6.09,true,1,
5601008200444,false,עוג.גודיס שוקולד חלב150ג,מרבה,NL,עוגיות גודיס,גרמים,150.00,100 גרם,false,0,8.80,5.87,true,1,
5601036205671,false,אקסלנס בלונד זהוב מס7.3',ליברמו,BE,צבע לשיער אקסלנס,יחידה,1.00,יחידה,false,0,39.60,39.60,true,1,
5601036205688,false,אקסלנס בלונד בהיר מס8',ליברמו,BE,צבע לשיער אקסלנס,יחידה,1.00,יחידה,false,0,39.60,39.60,true,1,
5701051000012,false,עוגיות טעם חמאה,,DK,עוגיות טעם חמאה,גרמים,340.00,100 גרם,false,0,14.80,4.35,true,1,
5701932026971,false,הוטפופ טעם חמאה100*6גר,פופז,US,הוטפופ טעם חמאה,גרמים,600.00,100 גרם,false,0,13.90,2.32,true,1,
5900020012814,false,נסקוויק דגני בוקר 500גרם,נסטלה,PL,דגני נסקוויק,גרמים,500.00,100 גרם,false,0,18.90,3.78,true,1,
5900020018908,false,פיטנס חט.דגנים ק.עוגיות6,נסטלה,PL,חטיפי פיטנס 6 יח,גרמים,141.00,100 גרם,false,0,15.80,11.21,true,1,
5900020020710,false,קראנץ' בר שוקו וניל25*6ג,נסטלה,PL,קראנץ' חטיפים,גרמים,150.00,100 גרם,false,0,15.80,10.53,true,1,
5900020022325,false,חטיף דגנים סיני מיניס6יח,נסטלה,PL,חטיפי סיני מיניס,גרמים,150.00,100 גרם,false,0,15.80,10.53,true,1,
5900020025647,false,חט.דגנים בר דליס שוק.חלב,.סי.פי,PL,חטיף דגנים פיטנס,גרמים,135.00,100 גרם,false,1,15.80,11.70,true,1,
5900020026552,false,האני נאט צ'יריוס 625גרם,ג'נרל מילס,PL,האני נאט צ'יריוס,גרמים,625.00,100 גרם,false,1,18.90,3.02,true,1,
5900627063233,false,פיניש AIO הכל ב1 50 טב',רקיט בנקיזר,PL,פיניש AIO,יחידה,1.00,יחידה,false,1,39.90,39.90,true,1,
5901414203870,false,עוגיות דגנים מצופים143ג,באלסן,PL,עוגיות דגנים,גרמים,143.00,100 גרם,false,1,9.90,6.92,true,1,
5902198160403,false,משקה אנרגיה TEN XL,טמפו,IL,משקה אנרגיה,מיליליטרים,250.00,"100 מ""ל",false,1,3.80,1.52,true,1,
5904941751302,false,"משקה אנרגיה בלו 250 מ""ל",אקו ביט,PL,משקה אנרגיה,מיליליטרים,250.00,"100 מ""ל",false,0,3.30,1.32,true,1,
5906485301012,false,משקה אנרגיה XL,,IL,משקה אנרגיה XL,מיליליטרים,250.00,"100 מ""ל",false,0,3.80,1.52,true,1,
5908234805642,false,וופל רול מילוי קרם וניל,פליס,PL,וופל רול וניל,גרמים,150.00,100 גרם,false,1,5.80,3.87,true,1,
5908234805666,false,וופל רול מילוי ק.אגוז150,פליס,PL,וופל רול אגוזים,גרמים,150.00,100 גרם,false,1,5.80,3.87,true,1,
5948935000267,false,פנה ריגטה,,IL,פנה ריגטה,גרמים,500.00,100 גרם,false,0,9.80,1.96,true,1,
5948935000885,false,לזניה קמח תירס 500 גרם,רנדי,,מסולסלת קמח תירס,גרמים,500.00,100 גרם,false,0,9.80,1.96,true,1,
5997321701806,false,"קלגון אבקה 1 ק""ג",רקיט בנקיזר,PL,"קלגון אבקה 1 ק""ג",קילוגרמים,1.00,"ק""ג",false,1,29.90,29.90,true,1,
6008165274629,false,פאל מאל כחול ארוך יח,bat,TR,פאל מאל כחול,יחידה,1.00,יחידה,false,1,28.50,28.50,false,1,
6924421202017,false,פטריות שי מגי יחידה,חוות פטריות תקוע,IL,פטריות שי מגי,יחידה,1.00,יחידה,false,0,12.00,12.00,true,1,
6935325410118,false,שום יבוא יחידה,קטיף,XX,שום יבוא יחידה,יחידה,1.00,יחידה,false,0,8.90,8.90,true,1,
7038516140418,false,4מברשת ג'ורדן טוטל מדיום,קלרו,IL,מברשת שיניים,יחידה,1.00,יחידה,false,0,10.90,10.90,true,1,
7290000000022,true,עגבניה חממה,קטיף,IL,עגבניות חממה,קילוגרמים,0.00,"ק""ג",true,0,5.90,5.90,true,1,
7290000000046,true,מלפפון,קטיף,IL,מלפפונים,קילוגרמים,0.00,"ק""ג",true,0,5.90,5.90,true,1,
7290000000053,true,קישוא,קטיף,IL,קשואים,קילוגרמים,0.00,"ק""ג",true,0,8.90,8.90,true,1,
7290000000091,true,פלפל אדום,קטיף,IL,פלפל אדום,קילוגרמים,0.00,"ק""ג",true,0,8.90,8.90,true,1,
7290000000107,true,פלפל כהה,קטיף,IL,פלפל כהה,קילוגרמים,0.00,"ק""ג",true,0,6.90,6.90,true,1,
7290000000114,true,חציל,קטיף,IL,חצילים,קילוגרמים,0.00,"ק""ג",true,0,5.90,5.90,true,1,
7290000000121,true,גזר ארוז,קטיף,IL,גזר ארוז,קילוגרמים,0.00,"ק""ג",true,0,3.90,3.90,true,1,
7290000000138,true,כרוב לבן,קטיף,IL,כרוב לבן,קילוגרמים,0.00,"ק""ג",true,0,4.90,4.90,true,1,
7290000000145,true,כרוב אדום,קטיף,IL,כרוב אדום,קילוגרמים,0.00,"ק""ג",true,0,7.90,7.90,true,1,
7290000000169,true,כרוב סיני יחידה,קטיף,IL,כרוב סיני יחידה,יחידה,1.00,יחידה,false,0,6.90,6.90,true,1,
7290000000176,true,כרובית,קטיף,IL,כרובית,קילוגרמים,0.00,"ק""ג",true,0,9.90,9.90,true,1,
7290000000183,true,סלק,קטיף,IL,סלק,קילוגרמים,0.00,"ק""ג",true,0,4.90,4.90,true,1,
7290000000220,true,קולורבי,קטיף,IL,קולורבי,קילוגרמים,0.00,"ק""ג",true,0,7.90,7.90,true,1,
7290000000282,true,חסה ערבית יחידה,קטיף,IL,חסה ערבית,יחידה,1.00,יחידה,false,0,4.90,4.90,true,1,
7290000000299,true,חסה עגולה יחידה,קטיף,IL,חסה עגולה,יחידה,1.00,יחידה,false,0,6.90,6.90,true,1,
7290000000374,true,פטריות שמפניון יחידה,קטיף,IL,שמפניון,יחידה,1.00,יחידה,false,0,9.90,9.90,true,1,
7290000000411,true,שום מארז יחידה,קטיף,XX,שום מארז יחידה,יחידה,1.00,יחידה,false,0,8.90,8.90,true,1,
7290000000428,true,בטטה מובחר,קטיף,IL,בטטה,קילוגרמים,0.00,"ק""ג",true,0,8.90,8.90,true,1,
7290000000435,true,סלרי עלים יחידה,קטיף,IL,סלרי עלים,יחידה,1.00,יחידה,false,0,5.90,5.90,true,1,
7290000000442,true,נבטי סיניים יחידה,קטיף,IL,נבטי סיניים יח',יחידה,1.00,יחידה,false,0,6.50,6.50,true,1,
7290000000466,true,בצל ירוק יחידה,קטיף,IL,בצל ירוק,יחידה,1.00,יחידה,false,0,5.90,5.90,true,1,
7290000000480,true,בצל יבש,קטיף,IL,בצל יבש,קילוגרמים,0.00,"ק""ג",true,0,3.90,3.90,true,1,
7290000000503,true,תפוח אדמה קטן ארוז,קטיף,IL,"תפו""א קטן ארוז",קילוגרמים,0.00,"ק""ג",true,0,3.90,3.90,true,1,
7290000000510,true,פטרוזיליה יחידה,קטיף,IL,פטרוזיליה,יחידה,1.00,יחידה,false,0,3.90,3.90,true,1,
7290000000527,true,שמיר יחידה,קטיף,IL,שמיר,יחידה,1.00,יחידה,false,0,3.90,3.90,true,1,
7290000000534,true,סלרי ראש יחידה,קטיף,IL,סלרי ראש,יחידה,1.00,יחידה,false,0,5.90,5.90,true,1,
7290000000541,true,שורש יחידה,קטיף,IL,שורש,יחידה,1.00,יחידה,false,0,5.90,5.90,true,1,
7290000000558,true,כוסברה יחידה,קטיף,IL,כוסברה,יחידה,1.00,יחידה,false,0,3.90,3.90,true,1,
7290000000565,true,נענע יחידה,קטיף,IL,נענע,יחידה,1.00,יחידה,false,0,3.90,3.90,true,1,
7290000000572,true,שומר,קטיף,IL,שומר,קילוגרמים,0.00,"ק""ג",true,0,7.90,7.90,true,1,
7290000000619,true,פלפל חריף,שותפות מזרחי,IL,פלפל חריף,קילוגרמים,0.00,"ק""ג",true,0,7.90,7.90,true,1,
7290000000626,true,ברוקולי,קטיף,IL,ברוקולי,קילוגרמים,0.00,"ק""ג",true,0,17.90,17.90,true,1,
7290000000732,true,דלורית,קטיף,IL,דלורית,קילוגרמים,0.00,"ק""ג",true,0,5.90,5.90,true,1,
7290000000848,true,תירס קלוף ארוז,קטיף,IL,תירס קלוף ארוז,קילוגרמים,0.00,"ק""ג",true,0,8.90,8.90,true,1,
7290000000855,true,פלפל צהוב,קטיף,IL,פלפל צהוב,קילוגרמים,0.00,"ק""ג",true,0,7.90,7.90,true,1,
7290000001036,true,בצל יבש אדום,קטיף,XX,בצל יבש אדום,קילוגרמים,0.00,"ק""ג",true,0,4.90,4.90,true,1,
7290000001050,true,בזילקום יחידה,קטיף,IL,בזילקום יחידה,יחידה,1.00,יחידה,false,0,5.00,5.00,true,1,
7290000001692,true,תפוח אדמה אדום ארוז,קטיף,IL,תפוא אדום ארוז,קילוגרמים,0.00,"ק""ג",true,0,5.50,5.50,true,1,
7290000001715,true,תפוח אדמה לבן ארוז,קטיף,IL,תפוח אדמה לבן,קילוגרמים,0.00,"ק""ג",true,0,3.90,3.90,true,1,
7290000002026,true,לחם אחיד 750 גרם,מאפית ברמן,IL,לחם אחיד,גרמים,750.00,100 גרם,false,0,4.90,0.65,true,1,
7290000002040,true,חלה רגילה 500 גרם,מאפית ברמן,IL,חלה רגילה,גרמים,500.00,100 גרם,false,0,4.90,0.98,true,1,
7290000018089,true,חלבה מחרום במשקל,מחרום,IL,חלבה מחרום,קילוגרמים,0.00,"ק""ג",true,0,47.00,47.00,true,1,
7290000040080,false,יוגורט יופלה אפרסק3% 150,תנובה,IL,יופלה אפרסק3%,גרמים,150.00,100 גרם,false,0,5.00,3.33,true,1,
7290000040974,false,חלב טרי 2% דל לקטוז 1 ל,תנובה,IL,חלב טרי דל לקטוז,ליטרים,1.00,ליטר,false,0,7.00,7.00,true,1,
7290000041858,false,שמנת חמוצה15% מועשרת200,יטבתה,IL,שמנת חמוצה יטבתה,מיליליטרים,200.00,"100 מ""ל",false,0,2.40,1.20,true,1,
7290000041865,false,לבן יטבתה 4.5% שומן 200מ,יטבתה,IL,לבן יטבתה4.5%,מיליליטרים,200.00,"100 מ""ל",false,0,2.00,1.00,true,1,
7290000041872,false,"לבן יטבתה 3% 200 מ""ל",יטבתה,IL,לבן יטבתה 3%,מיליליטרים,200.00,"100 מ""ל",false,0,2.00,1.00,true,1,
7290000042008,false,חלב מפוסטר 3%שקית 1 ל',תנובה,IL,חלב 3% בשקית,ליטרים,1.00,ליטר,false,0,4.90,4.90,true,1,
7290000042404,false,חלב מועשר3% יטבתה שקית1ל,יטבתה,IL,חלב 3% בשקית,ליטרים,1.00,ליטר,false,0,5.90,5.90,true,1,
7290000042435,false,חלב מפוסטר 1% בקרטון 1 ל,תנובה,IL,חלב %1 בקרטון,ליטרים,1.00,ליטר,false,0,5.40,5.40,true,1,
7290000042442,false,חלב מפוסטר 3% בקרטון 1 ל,תנובה,IL,חלב תנובה 3%,ליטרים,1.00,ליטר,false,0,5.75,5.75,true,1,
7290000042466,false,חלב מועשר 1% בקרטון 1 ל',תנובה,IL,חלב מועשר בקרטון,ליטרים,1.00,ליטר,false,0,7.90,7.90,true,1,
7290000042541,false,חלב עמיד 1% הומוגני 1 ל',תנובה,IL,חלב עמיד 1%,ליטרים,1.00,ליטר,false,0,7.60,7.60,true,1,
7290000042640,false,"חלב עמיד 3% שומן 250 מ""ל",תנובה,IL,חלב עמיד 3% שומן,מיליליטרים,250.00,"100 מ""ל",false,0,2.60,1.04,true,1,
7290000042855,false,"שוקו בשקית יוטבתה 225מ""ל",יטבתה,IL,שוקו בשקית,מיליליטרים,225.00,"100 מ""ל",false,0,2.50,1.11,true,1,
7290000043012,false,"שוקו שוק עמיד 250 מ""ל",תנובה,IL,שוקו עמיד,מיליליטרים,250.00,"100 מ""ל",false,0,4.40,1.76,true,1,
7290000043814,false,שמנת עמידה לקצפת38% 250מ,תנובה,IL,שמנת עמידה לקצפת,מיליליטרים,250.00,"100 מ""ל",false,0,5.95,2.38,true,1,
7290000043944,false,יוגורט בכד 4% 1.5 ל',תנובה,IL,יוגורט בכד 4%,ליטרים,1.50,ליטר,false,0,15.90,10.60,true,1,
7290000044743,false,פרילי אננס 500 גרם,תנובה,IL,פרילי אננס,גרמים,500.00,100 גרם,false,0,10.30,2.06,true,1,
7290000044880,false,באדי מעדן תות 3% 500 גרם,תנובה,IL,מעדן באדי תות 3%,גרמים,500.00,100 גרם,false,0,8.40,1.68,true,1,
7290000045573,false,גבינת נעמה מותכת 25*8 גר,תנובה,IL,גבינת נעמה מותכת,גרמים,200.00,100 גרם,false,0,14.50,7.25,true,1,
7290000045771,false,יוגורט בכד 4.5% 3 ל',תנובה,IL,יוגורט בכד4.5%,ליטרים,3.00,ליטר,false,0,28.70,9.57,true,1,
7290000046020,false,גב.גלבוע 22% במשקל,תנובה,IL,גבינת גלבוע 22%,קילוגרמים,0.00,"ק""ג",true,0,39.25,39.25,true,1,
7290000046327,false,גב.גלבוע פרוסות22% 200גר,תנובה,IL,גבינת גלבוע פרוס,גרמים,200.00,100 גרם,false,0,12.70,6.35,true,1,
7290000046549,false,גבינת מוצרלה,,IL,גבינת מוצרלה,קילוגרמים,0.00,"ק""ג",true,0,77.00,77.00,true,1,
7290000047027,false,גב.קולאז' גלעד 27% במשקל,תנובה,IL,גבינת גלעד,קילוגרמים,0.00,"ק""ג",true,0,120.00,120.00,true,1,
7290000047034,false,גב.קולאז' רוקפור25%במשקל,תנובה,IL,גבינת רוקפור,קילוגרמים,0.00,"ק""ג",true,0,122.00,122.00,true,1,
7290000047485,false,גב.בולגרית 24%במשקל,תנובה,IL,גבינה בולגרית,קילוגרמים,0.00,"ק""ג",true,0,58.00,58.00,true,1,
7290000047546,false,גב.כנען 5% 500 גרם,תנובה,IL,גבינת כנען 5%,גרמים,500.00,100 גרם,false,0,23.90,4.78,true,1,
7290000047621,false,גב5%.שומן כשר מהדרין250ג,תנובה,IL,גבינה %5 מהדרי,גרמים,250.00,100 גרם,false,0,4.60,1.84,true,1,
7290000048185,false,גב.לבנה רכה 5% שומן 250ג,תנובה,IL,גבינה לבנה 5%,גרמים,250.00,100 גרם,false,0,4.60,1.84,true,1,
7290000048192,false,גב.לבנה רכה 9% 250 גרם,תנובה,IL,גבינה לבנה 9%,גרמים,250.00,100 גרם,false,0,4.60,1.84,true,1,
7290000048437,false,גבי. צפתית פיראוס5% 200ג,תנובה,IL,גבינה צפתית 5%,גרמים,200.00,100 גרם,false,0,15.50,7.75,true,1,
7290000050300,false,גבינה לבנה 5%,,IL,גבינה לבנה 5%,גרמים,125.00,100 גרם,false,0,2.30,1.84,true,1,
7290000050447,false,יופלה תות 500 גרם,תנובה,IL,יופלה תות,גרמים,500.00,100 גרם,false,0,13.40,2.68,true,1,
7290000050454,false,יופלה אפרסק 500 גרם,תנובה,IL,יופלה אפרסק,גרמים,500.00,100 גרם,false,0,13.40,2.68,true,1,
7290000051352,false,חלב של פעם מלא3.6%-4% 1ל,תנובה,IL,חלב של פעם מלא,ליטרים,1.00,ליטר,false,0,7.40,7.40,true,1,
7290000052250,false,יופלהYYYפירות יער3% 500ג,תנובה,IL,יופלה YYY פ.יער,גרמים,500.00,100 גרם,false,0,13.40,2.68,true,1,
7290000052311,false,עמק 15% פרוס בקופסא 200,תנובה,IL,עמק 15% פרוס,גרמים,200.00,100 גרם,false,0,15.20,7.60,true,1,
7290000052649,false,לבנה פיראוס 5% 500 גרם,תנובה,IL,לבנה פיראוס 5%,גרמים,500.00,100 גרם,false,0,19.70,3.94,true,1,
7290000055206,false,גבינה לבנה 5%,,IL,גבינה לבנה 5%,גרמים,250.00,100 גרם,false,0,5.40,2.16,true,1,
7290000055350,false,גבינת עמק 28% חריץ במשקל,תנובה,IL,גבינת עמק 28%,קילוגרמים,0.00,"ק""ג",true,1,41.30,41.30,true,1,
7290000055428,false,משקה שקדים עמיד 1 ליטר,סויה מג'יק עפולה,IL,משקה שקדים עמיד,ליטרים,1.00,ליטר,false,1,12.90,12.90,true,1,
7290000055565,false,שלגונים מצופים 10,נסטלה,IL,שלגון שוקו בננה,גרמים,600.00,100 גרם,false,0,30.50,5.08,true,1,
7290000056081,false,פרילי טבע 6 * 200גרם,תנובה,IL,מארז פרילי טבע,קילוגרמים,1.20,"ק""ג",false,0,21.60,18.00,true,1,
7290000056845,false,חלב טרי הומוגני3% 1.5ל',תנובה,,חלב תנובה 3%,ליטרים,1.50,ליטר,false,0,8.62,5.75,true,1,
7290000056883,false,יופלה 3% טעמים 150*8גרם,תנובה,IL,יופלה 8 יח במארז,קילוגרמים,1.20,"ק""ג",false,0,29.90,24.92,true,1,
7290000056890,false,יופלה אננס/דובד%0 150*8ג,תנובה,IL,יופלה 0% 8 יח,קילוגרמים,1.20,"ק""ג",false,0,29.90,24.92,true,1,
7290000056951,false,שמנת לבישול 15%,,,שמנת לבישול 15%,מיליליטרים,500.00,"100 מ""ל",false,0,15.70,3.14,true,1,
7290000057118,false,גבינת עמק פרוסה,,,גבינת עמק פרוסה,גרמים,400.00,100 גרם,false,0,21.30,5.33,true,1,
7290000057132,false,יוגורט תנובה1.5%,,,יוגורט תנובה1.5%,גרמים,200.00,100 גרם,false,0,3.00,1.50,true,1,
7290000058030,false,8שטוזים משקה תות,,IL,8שטוזים משקה תות,מיליליטרים,800.00,"100 מ""ל",false,0,20.30,2.54,true,1,
7290000060163,false,אטריות דקות 400 גרם,אסם,IL,אטריות דקות,גרמים,400.00,100 גרם,false,0,6.90,1.73,true,1,
7290000060200,false,פתיתים אפויים קוסקוס500ג,אסם,IL,פתיתים אפויים,גרמים,500.00,100 גרם,false,0,6.90,1.38,true,1,
7290000060248,false,פסטה אסם תלתלים 500 גרם,זארה,IT,פסטה תלתלים,גרמים,500.00,100 גרם,false,0,5.70,1.14,true,1,
7290000060330,false,ספירלי פרפקטו 500 גרם,זארה,IT,ספירלי פרפקטו,גרמים,500.00,100 גרם,false,0,6.90,1.38,true,1,
7290000060408,false,פתיתים טבעות 500 גרם,אסם,IL,פתיתים טבעות,גרמים,500.00,100 גרם,false,0,6.90,1.38,true,1,
7290000060415,false,לזניה פרפקטו 500 גרם,פסטה לנסי,IT,לזניה פרפקטו,גרמים,500.00,100 גרם,false,0,14.40,2.88,true,1,
7290000060491,false,פרפקטו קיפרי ריגאטי 500ג,זארה,IT,פסטה קיפרי ריגטי,גרמים,500.00,100 גרם,false,0,6.90,1.38,true,1,
7290000060538,false,פרפקטו צדפים 500 גרם,זארה,IT,פרפקטו צדפים,גרמים,500.00,100 גרם,false,0,6.90,1.38,true,1,
7290000060576,false,"פתיתים אפויים""כוכבים500""",אסם,IL,פתיתים אפויים,גרמים,500.00,100 גרם,false,0,6.90,1.38,true,1,
7290000060781,false,פסטה מסולסלת אסם 500 גרם,זארה,IT,פסטה מסולסלת,גרמים,500.00,100 גרם,false,0,5.70,1.14,true,1,
7290000060903,false,פתיתים אפויים אורז 500 ג,אסם,IL,פתיתים אפויים,גרמים,500.00,100 גרם,false,0,6.90,1.38,true,1,
7290000060958,false,אטריות בינוניות 400 גרם,אסם,IL,אטריות בינוניות,גרמים,400.00,100 גרם,false,0,6.90,1.73,true,1,
7290000060965,false,אטריות רחבות 400 גרם,אסם,IL,אטריות רחבות,גרמים,400.00,100 גרם,false,0,6.90,1.73,true,1,
7290000061085,false,"רוטב צ'ילי מתוק 290 מ""ל",אסם,IL,רוטב צ'ילי אסם,מיליליטרים,290.00,"100 מ""ל",false,0,9.90,3.41,true,1,
7290000061108,false,"רוטב טריאקי אסם 290 מ""ל",אסם,IL,רוטב טריאקי,מיליליטרים,290.00,"100 מ""ל",false,0,9.90,3.41,true,1,
7290000061283,false,שקדי מרק 400 גרם25%+חינם,אסם,IL,שקדי מרק,גרמים,500.00,100 גרם,false,0,10.00,2.00,true,1,
7290000061450,false,פתיתים אפויים 3צבעים500ג,אסם,IL,פתיתים אפויים,גרמים,500.00,100 גרם,false,0,6.90,1.38,true,1,
7290000062242,false,דובונים שמנת בצל 40 גרם,אסם,IL,דובונים שמנת בצל,גרמים,40.00,100 גרם,false,0,4.30,10.75,true,1,
7290000062952,false,מיני קרוטונים מתובל 250ג,עינת,IL,מיני קרוטונים,גרמים,250.00,100 גרם,false,0,13.90,5.56,true,1,
7290000063140,false,שקדי מרק רכיבים טבעי400ג,אסם,IL,שקדי מרק אסם,גרמים,400.00,100 גרם,false,0,10.00,2.50,true,1,
7290000064758,false,קוסקוס בינוני 350 גרם,קוסקוס מזון,IL,קוסקוס בינוני,גרמים,350.00,100 גרם,false,0,8.50,2.43,true,1,
7290000064871,false,מנה חמה פירה בצל 56 גרם,אסם,IL,מנה חמה פירה,גרמים,56.00,100 גרם,false,0,5.90,10.54,true,1,
7290000065090,false,מיני קרוטונים מתובל400 ג,עינת,IL,מיני קרוטונים,גרמים,400.00,100 גרם,false,0,22.80,5.70,true,1,
7290000065557,false,מ.חמה קוסקוס עם ירקות 84,אסם,IL,מנה חמה קוסקוס,גרמים,84.00,100 גרם,false,0,5.90,7.02,true,1,
7290000066134,false,ביסלי פלאפל 70 גרם,אסם,IL,ביסלי פלאפל,גרמים,70.00,100 גרם,false,0,4.20,6.00,true,1,
7290000066141,false,ביסלי גריל 70 גרם,אסם,IL,ביסלי גריל,גרמים,70.00,100 גרם,false,0,4.20,6.00,true,1,
7290000066158,false,ביסלי בצל 67 גרם,אסם,IL,ביסלי בטעם בצל,גרמים,67.00,100 גרם,false,0,4.20,6.27,true,1,
7290000066165,false,ביסלי ברביקיו 67 גרם,אסם,IL,ביסלי ברביקיו,גרמים,67.00,100 גרם,false,0,4.20,6.27,true,1,
7290000066172,false,ביסלי פיצה 70 גרם,אסם,IL,ביסלי פיצה,גרמים,70.00,100 גרם,false,0,4.20,6.00,true,1,
7290000066189,false,ביסלי פלאפל 200 גרם,אסם,IL,ביסלי פלאפל,גרמים,200.00,100 גרם,false,0,7.50,3.75,true,1,
7290000066196,false,ביסלי גריל 200 גרם,אסם,IL,ביסלי גריל,גרמים,200.00,100 גרם,false,0,7.50,3.75,true,1,
7290000066202,false,ביסלי בצל 190 גרם,אסם,IL,ביסלי בטעם בצל,גרמים,190.00,100 גרם,false,0,7.50,3.95,true,1,
7290000066219,false,ביסלי ברביקיו 190 גרם,אסם,IL,ביסלי ברביקיו,גרמים,190.00,100 גרם,false,0,7.50,3.95,true,1,
7290000066295,false,במבה מתוקה 30 גרם,אסם,IL,במבה מתוקה,גרמים,30.00,100 גרם,false,0,2.80,9.33,true,1,
7290000066318,false,במבה 80 גרם,אסם,IL,במבה,גרמים,80.00,100 גרם,false,0,4.50,5.63,true,1,
7290000066332,false,אפרופו 50 גרם,אסם,IL,חטיף אפרופו,גרמים,50.00,100 גרם,false,0,5.30,10.60,true,1,
7290000067544,false,פירורית זהב 200 גרם,עינת,IL,פירורית זהב,גרמים,200.00,100 גרם,false,0,6.40,3.20,true,1,
7290000067599,false,מנה חמה ספגטי בולונז 65ג,אסם,IL,מנה חמה בולונז,גרמים,65.00,100 גרם,false,0,5.90,9.08,true,1,
7290000067735,false,"ניוקי תפו""א 500 גרם",איטלניוקי,IT,ניוקי פרפקטו,גרמים,500.00,100 גרם,false,0,11.90,2.38,true,1,
7290000068893,false,במבה נוגט 60*4 גרם,אסם,IL,במבה נוגט 4 יח',גרמים,240.00,100 גרם,false,0,17.00,7.08,true,1,
7290000069258,false,פנה ריגאטה פרפקטו 500 גר,זארה,IT,פנה ריגאטה,גרמים,500.00,100 גרם,false,0,6.90,1.38,true,1,
7290000070308,false,מרק עוף אמיתי 400 גרם,אסם,IL,מרק עוף אמיתי,גרמים,400.00,100 גרם,false,0,18.70,4.68,true,1,
7290000072227,false,"רוטב סויה סיני 290 מ""ל",אסם,IL,רוטב סויה,מיליליטרים,290.00,"100 מ""ל",false,0,9.90,3.41,true,1,
7290000072623,false,קטשופ בקבוק לחיץ 750 גרם,אסם,IL,קטשופ בקבוק לחיץ,גרמים,750.00,100 גרם,false,0,11.50,1.53,true,1,
7290000072630,false,קטשופ חריף 750 גרם,אסם,IL,קטשופ חריף,גרמים,750.00,100 גרם,false,0,13.80,1.84,true,1,
7290000072890,false,רוטב אלף האיים 2% 290מ,אסם,IL,רוטב אלף האיים,מיליליטרים,290.00,"100 מ""ל",false,0,10.90,3.76,true,1,
7290000072913,false,"רוטב שום 2% שומן 290 מ""ל",אסם,IL,רוטב שום לייט,מיליליטרים,290.00,"100 מ""ל",false,0,10.90,3.76,true,1,
7290000073125,false,מ.חמה פסטה ברוטב עגבניות,אסם,IL,מנה חמה פסטה,גרמים,62.00,100 גרם,false,0,5.90,9.52,true,1,
7290000073972,false,סלט טחינה צבר 150 גרם,צבר,IL,סלט טחינה צבר,גרמים,150.00,100 גרם,false,0,5.60,3.73,true,1,
7290000074276,false,קרקר פיקנטי 250 גרם,אסם,IL,קרקר פיקנטי אסם,גרמים,250.00,100 גרם,false,0,9.90,3.96,true,1,
7290000074375,false,קרקר זהב 150 גרם,אסם,IL,קרקר זהב אסם,גרמים,150.00,100 גרם,false,0,7.50,5.00,true,1,
7290000074962,false,עוג.מיני שוקוצ'יפס 225גר,כרמית,IL,עוגיות שוקוצ'יפס,גרמים,225.00,100 גרם,false,0,9.80,4.36,true,1,
7290000080536,false,חציל טעם כבד רפי כהן400ג,צבר,IL,חציל טעם כבד תבר,גרמים,400.00,100 גרם,false,0,15.90,3.98,true,1,
7290000081663,false,בייגלה טבעות שומשום300גר,אסם,IL,בייגלה טבעות,גרמים,300.00,100 גרם,false,0,9.90,3.30,true,1,
7290000090627,true,לחמניה מתוקה,גידרון,IL,לחמניה מתוקה,יחידה,1.00,יחידה,false,0,2.00,2.00,true,1,
7290000090832,true,בייגל אמריקאי רגיל,גידרון,IL,בייגל אמריקאי,יחידה,1.00,יחידה,false,0,3.90,3.90,true,1,
7290000091808,true,בייגל שמינייה,גידרון,IL,בייגל שמינייה,יחידה,1.00,יחידה,false,0,3.90,3.90,true,1,
7290000092218,true,"כיס תפו""ע מחיר לפי משקל",גידרון,IL,"מאפה כיס תפו""ע",קילוגרמים,0.00,"ק""ג",true,0,35.00,35.00,true,1,
7290000094199,true,לחם חצי ג'בטה,גידרון,IL,חצי ג'בטה לבן,יחידה,1.00,יחידה,false,0,3.90,3.90,true,1,
7290000096018,true,שנייק קינמון במשקל,גידרון,IL,שנייק קינמון,קילוגרמים,0.00,"ק""ג",true,0,35.00,35.00,true,1,
7290000097633,true,לחמניית קשר,גידרון,IL,לחמניית קשר,יחידה,1.00,יחידה,false,0,2.90,2.90,true,1,
7290000097657,true,לחמניית חלה,גידרון,IL,לחמניית חלה,יחידה,1.00,יחידה,false,0,3.90,3.90,true,1,
7290000098296,true,לחמניית אצבע,גידרון,IL,לחמניית אצבע,יחידה,1.00,יחידה,false,0,2.00,2.00,true,1,
7290000099255,true,בורקס תפוח אדמה מחיר לקג,גידרון,IL,"בורקס תפו""א",קילוגרמים,0.00,"ק""ג",true,0,35.00,35.00,true,1,
7290000099415,true,רוגלך במשקל,גידרון,IL,רוגלך,קילוגרמים,0.00,"ק""ג",true,0,35.00,35.00,true,1,
7290000099439,true,קרואסון קטן במשקל,גידרון,IL,קרואסונים קטני,קילוגרמים,0.00,"ק""ג",true,0,35.00,35.00,true,1,
7290000099477,true,קרואסון ביס שוקולד במשקל,גידרון,IL,קרואסון שוקולד,קילוגרמים,0.00,"ק""ג",true,0,35.00,35.00,true,1,
7290000099835,true,קוקיס שוקולד חלב במשקל,גידרון,IL,קוקיס שוקולד,קילוגרמים,0.00,"ק""ג",true,0,49.00,49.00,true,1,
7290000101965,false,פטל שחור קפוא 300גרם,תנובה,IL,פטל שחור קפוא,גרמים,300.00,100 גרם,false,1,17.90,5.97,true,1,
7290000103808,false,לקט להקפצה סיני 800גרם,סנפרוסט,IL,לקט להקפצה,גרמים,800.00,100 גרם,false,0,23.70,2.96,true,1,
7290000104676,false,אפונה ירוקה מוקפאת 800גר,סנפרוסט,IL,אפונה ירוקה קפוא,גרמים,800.00,100 גרם,false,0,18.90,2.36,true,1,
7290000104683,false,שעועית שלמה מוקפאת 800 ג,סנפרוסט,IL,שעועית שלמה-קפוא,גרמים,800.00,100 גרם,false,0,19.90,2.49,true,1,
7290000104706,false,גזר גמדי מוקפא 800 גרם,סנפרוסט,IL,גזר גמדי מוקפא,גרמים,800.00,100 גרם,false,0,18.50,2.31,true,1,
7290000104720,false,שעועית ירוקה חתוכה 800 ג,סנפרוסט,IL,שעועית ירוקה,גרמים,800.00,100 גרם,false,0,18.70,2.34,true,1,
7290000104737,false,שעועית צהובה חתוכה 800 ג,סנפרוסט,IL,שעועית צהובה,גרמים,800.00,100 גרם,false,0,19.00,2.38,true,1,
7290000104775,false,מדליוני תרד קפוא 800 גרם,סנפרוסט,IL,מדליוני תרד קפ,גרמים,800.00,100 גרם,false,0,26.20,3.28,true,1,
7290000104805,false,גרגרי חומוס מבושל 800גרם,סנפרוסט,IL,גרגרי חומוס קפוא,גרמים,800.00,100 גרם,false,0,19.70,2.46,true,1,
7290000104829,false,"קלחוני תירס 1 ק""ג",סנפרוסט,IL,קלחוני תירס קפוא,קילוגרמים,1.00,"ק""ג",false,0,19.70,19.70,true,1,
7290000104836,false,שעועית עדינה שלמה 600גרם,סנפרוסט,IL,שעועית שלמה קפוא,גרמים,600.00,100 גרם,false,0,23.90,3.98,true,1,
7290000104911,false,לקט נורמנדי 800 גרם,סנפרוסט,IL,לקט נורמנדי קפוא,גרמים,800.00,100 גרם,false,0,23.60,2.95,true,1,
7290000107295,false,תפרחות ברוקולי 800 גרם,סנפרוסט,IL,ברוקולי מוקפא,גרמים,800.00,100 גרם,false,0,26.50,3.31,true,1,
7290000107677,false,שעועית צהובה עדינה 600גר,סנפרוסט,IL,שעועית צהובה,גרמים,600.00,100 גרם,false,0,23.80,3.97,true,1,
7290000110035,false,מרגר.בלובנד לבישול 200גר,יוניליוור,IL,מרגרינה בלובנד,גרמים,200.00,100 גרם,false,0,4.30,2.15,true,1,
7290000110073,false,מרגרינה בטעם חמאה 200גר,יוניליוור,IL,מחמאה מרגרינה,גרמים,200.00,100 גרם,false,0,4.80,2.40,true,1,
7290000110844,false,כיפלי גריל 70 גרם,יוניליוור,IL,כיפלי בטעם גריל,גרמים,60.00,100 גרם,false,0,6.00,10.00,true,1,
7290000111117,false,מרכך כביסה בדין לבן 4 לי,יוניליוור,IL,מרכך כביסה בדין,ליטרים,4.00,ליטר,false,0,19.90,4.98,true,1,
7290000111186,false,מיונז אמיתי תלמה 500 גרם,יוניליוור,IL,מיונז אמיתי תלמה,גרמים,500.00,100 גרם,false,0,9.90,1.98,true,1,
7290000111353,false,"מיונז אמיתי תלמה 1 ק""ג",יוניליוור,IL,מיונז אמיתי תלמה,קילוגרמים,1.00,"ק""ג",false,0,16.50,16.50,true,1,
7290000112220,false,טחינה גולמית 100% 500 גר,רושדי תעשיות מזון,IL,טחינה גולמית,גרמים,500.00,100 גרם,false,0,10.90,2.18,true,1,
7290000112497,false,מ.עשיר עוף איטר.קנור68גר,יוניליוור,IL,מרק עוף איטריות,גרמים,68.00,100 גרם,false,0,7.90,11.62,true,1,
7290000112503,false,מרק עשיר ירקות קנור 61גר,יוניליוור,IL,מרק ירקות קנור,גרמים,61.00,100 גרם,false,0,7.90,12.95,true,1,
7290000112770,false,מרק עשיר אפונה קנור117גר,יוניליוור,IL,מרק אפונה קנור,גרמים,117.00,100 גרם,false,0,7.90,6.75,true,1,
7290000113654,false,נמס בכוס לייט ירקות17*2ג,יוניליוור,IL,נמס בכוס לייט,גרמים,34.00,100 גרם,false,0,6.90,20.29,true,1,
7290000116204,false,מרק דגש טעם עוף שקית 1קג,יוניליוור,IL,מרק דגש טעם עוף,קילוגרמים,1.00,"ק""ג",false,0,14.90,14.90,true,1,
7290000117386,false,מארז 8 חטיפי דגנים שוגי,יוניליוור,IL,חטיפי דגנים 8 יח,גרמים,208.00,100 גרם,false,0,16.90,8.13,true,1,
7290000117393,false,חט.דגנים שוקו שוגי 26*8ג,יוניליוור,IL,חטיפי דגנים 8 יח,גרמים,208.00,100 גרם,false,0,16.90,8.13,true,1,
7290000117430,false,חטיפי דגנים קוקומן 21*8ג,יוניליוור,IL,חטיפי דגנים 8 יח,גרמים,168.00,100 גרם,false,0,16.90,10.06,true,1,
7290000121147,false,גבינת מון בלאן פיקנטי120,נטו,IL,גבינת מון בלאן,גרמים,120.00,100 גרם,false,0,11.90,9.92,true,1,
7290000121154,false,מון בלאן לייט +סלמון120ג,נטו,IL,גבינת מון בלאן,גרמים,120.00,100 גרם,false,0,11.90,9.92,true,1,
7290000122700,false,סירופ מייפל 600 גרם,יוניליוור,IL,סירופ מייפל,גרמים,600.00,100 גרם,false,0,13.10,2.18,true,1,
7290000123110,false,מזולה לייט למריחה 250גרם,יוניליוור,IL,מזולה לייט,גרמים,250.00,100 גרם,false,0,9.70,3.88,true,1,
7290000123158,false,מזולה טעם חמאה 250 גרם,יוניליוור,IL,מזולה טעם חמאה,גרמים,250.00,100 גרם,false,0,10.40,4.16,true,1,
7290000123257,false,מזולה לייט+שמן זית 250גר,יוניליוור,IL,מזולה לייט,גרמים,250.00,100 גרם,false,0,10.40,4.16,true,1,
7290000134680,false,קימל שלם 40 גרם,תבליני טעם וריח,IL,קימל שלם,גרמים,40.00,100 גרם,false,0,6.80,17.00,true,1,
7290000134826,false,זעתר מעורב 100 גרם,תבליני טעם וריח,IL,זעתר מעורב,גרמים,100.00,100 גרם,false,0,11.80,11.80,true,1,
7290000134864,false,פפריקה חריפה במיכל100גרם,תבליני טעם וריח,IL,פפריקה במיכל,גרמים,100.00,100 גרם,false,0,11.80,11.80,true,1,
7290000136721,false,ג'אמפ תפוזים 1.5 ליטר,טמפו,IL,ג'אמפ תפוזים,ליטרים,1.50,ליטר,false,0,5.90,3.93,true,1,
7290000136738,false,ג'אמפ אשכוליות 1.5 ליטר,טמפו,IL,ג'אמפ אשכוליות,ליטרים,1.50,ליטר,false,0,5.90,3.93,true,1,
7290000136745,false,ג'אמפ תות בננה 1.5 ליטר,טמפו,IL,ג'אמפ תות בננה,ליטרים,1.50,ליטר,false,0,5.90,3.93,true,1,
7290000137513,false,גלידונית וניל 60יח 630גר,שטראוס,IL,גלידונית,גרמים,630.00,100 גרם,false,0,49.90,7.92,true,1,
7290000137643,false,מאגדת טעמקור משפ8'יח 50,שטראוס,IL,מאגד טעמקור משפ',גרמים,400.00,100 גרם,false,0,39.90,9.98,true,1,
7290000143187,false,"שמפו הוואי לגבר 700 מ""ל",טרופיקל דגיל,IL,שמפו הוואי לגבר,מיליליטרים,700.00,"100 מ""ל",false,0,9.90,1.41,true,1,
7290000143194,false,"שמפו + מרכך הוואי 700מ""ל",טרופיקל דגיל,IL,שמפו+מרכך הוואי,מיליליטרים,700.00,"100 מ""ל",false,0,9.90,1.41,true,1,
7290000143200,false,מרכך הוואי לשיער יבש700מ,טרופיקל דגיל,IL,מרכך שיער הוואי,מיליליטרים,700.00,"100 מ""ל",false,0,9.90,1.41,true,1,
7290000143217,false,שמפו הוואי שיער יבש 700מ,טרופיקל דגיל,IL,שמפו הוואי,מיליליטרים,700.00,"100 מ""ל",false,0,9.90,1.41,true,1,
7290000143255,false,שמפו הוואי לשיער רגיל700,טרופיקל דגיל,IL,שמפו הוואי,מיליליטרים,700.00,"100 מ""ל",false,0,9.90,1.41,true,1,
7290000143262,false,"הוואי שמפו לילדים 700מ""ל",טרופיקל דגיל,IL,הוואי שמפו ילדים,מיליליטרים,700.00,"100 מ""ל",false,0,9.90,1.41,true,1,
7290000143286,false,"הוואי מרכך ירוק 700 מ""ל",טרופיקל דגיל,IL,מרכך הוואי,מיליליטרים,700.00,"100 מ""ל",false,0,9.90,1.41,true,1,
7290000144474,false,שמן קנולה מועשר 1 ליטר,שמן תעשיות,IL,שמן קנולה,ליטרים,1.00,ליטר,false,0,15.00,15.00,true,1,
7290000146997,false,משחת טום וג'רי מסטיק 50מ,טרופיקל דגיל,IL,משחת טום וג'רי,מיליליטרים,50.00,"100 מ""ל",false,0,5.90,11.80,true,1,
7290000149905,false,טקסטיל נוזל לכביסה 1ליטר,נקה,IL,נוזל כביס טקסטיל,ליטרים,1.00,ליטר,false,0,14.10,14.10,true,1,
7290000150925,false,נקניק סלמי ירדן 600 גרם,עוף טוב,IL,נקניק סלמי ירדן,גרמים,600.00,100 גרם,false,0,27.90,4.65,true,1,
7290000150956,false,מקלוני קבנוס 160 גרם,עוף טוב,IL,מקלוני קבנוס,גרמים,160.00,100 גרם,false,0,11.60,7.25,true,1,
7290000151281,false,חזה עוף ברביקיו 300 גרם,עוף טוב,IL,חזה עוף ברביקיו,גרמים,300.00,100 גרם,false,0,25.90,8.63,true,1,
7290000151328,false,חזה הודו מעושן 300 גרם,עוף טוב,IL,חזה הודו מעושן,גרמים,300.00,100 גרם,false,0,25.90,8.63,true,1,
7290000151601,false,פסטרמה בדבש 300 גרם,עוף טוב,IL,פסטרמה בדבש,גרמים,300.00,100 גרם,false,0,25.90,8.63,true,1,
7290000152288,false,נקניקיות עוף 400 גרם,עוף טוב,IL,נקניקיות עוף,גרמים,400.00,100 גרם,false,0,15.00,3.75,true,1,
7290000152943,false,פסטרמה + סלמי 2 יח350Xגר,עוף טוב,IL,פסטרמה + סלמי,גרמים,700.00,100 גרם,false,0,28.40,4.06,true,1,
7290000153292,false,פסטרמ.ברביקיו פרוס דק140,עוף טוב,IL,פסטרמה ברביקיו,גרמים,140.00,100 גרם,false,0,15.50,11.07,true,1,
7290000155661,false,נקניקיות עוף 4יח400X'גרם,עוף טוב,IL,נקניקיות 4 יח,קילוגרמים,1.60,"ק""ג",false,0,34.10,21.31,true,1,
7290000156217,false,מקלוני קבנוס יח,עוף טוב,IL,מקלוני קבנוס,גרמים,260.00,100 גרם,false,0,20.90,8.04,true,1,
7290000156545,false,פסטרמה מקסיקנית 300גרם,עוף טוב,IL,פסטרמה מקסיקנית,גרמים,300.00,100 גרם,false,0,25.90,8.63,true,1,
7290000158105,false,שניצל דינוזאור 700גרם,עוף טוב,IL,שניצל דינוזאור,גרמים,700.00,100 גרם,false,0,37.00,5.29,true,1,
7290000158211,false,שניצל דק ענק 700גרם,עוף טוב,,שניצל דק ענק,גרמים,700.00,100 גרם,false,0,38.90,5.56,true,1,
7290000158235,false,שניצל ע.דק בציפוי 700גרם,עוף טוב,IL,שניצל דק בציפוי,גרמים,700.00,100 גרם,false,0,38.90,5.56,true,1,
7290000158273,false,שניצל אמיתי מעודן 700גרם,עוף טוב,IL,שניצל אמיתי מעוד,גרמים,700.00,100 גרם,false,0,44.50,6.36,true,1,
7290000159515,false,קבנוס מופחת שומן 120גרם,עוף טוב,IL,קבנוס מופחת שומן,גרמים,120.00,100 גרם,false,0,10.90,9.08,true,1,
7290000160771,false,"כריות וניל בד""צ 750 גרם",יוניליוור,,כריות וניל,גרמים,750.00,100 גרם,false,0,19.90,2.65,true,1,
7290000161150,false,גולדבנד גביע 250 גרם,יוניליוור,IL,מרגרינה גולדבנד,גרמים,250.00,100 גרם,false,0,9.20,3.68,true,1,
7290000161167,false,מחמאה גביע 250 גרם,יוניליוור,IL,מחמאה,גרמים,250.00,100 גרם,false,0,8.60,3.44,true,1,
7290000162805,false,בדין אקסטרה סגול 960,יוניליוור,TR,מרכך בדין960מ,מיליליטרים,960.00,"100 מ""ל",false,0,14.90,1.55,true,1,
7290000164632,false,בדין אקסטרה בייבי 960 מל,יוניליוור,TR,בדין אקסטרה,מיליליטרים,960.00,"100 מ""ל",false,0,14.90,1.55,true,1,
7290000166148,false,דאב בייבי תחליב רחצה700מ,יוניליוור,IL,תחליב רחצה דאב,מיליליטרים,700.00,"100 מ""ל",false,0,16.90,2.41,true,1,
7290000169521,false,נמס בכוס ירקות וקרוטונים,יוניליוור,IL,נמס בכוס,גרמים,56.00,100 גרם,false,0,6.90,12.32,true,1,
7290000169538,false,נמס בכוס עגבנ.וקרוטונים,יוניליוור,IL,נמס בכוס,גרמים,62.00,100 גרם,false,0,6.90,11.13,true,1,
7290000169798,false,עוגי 20% פחות סוכר 500גר,יוניליוור,IL,עוגי מופחת סוכר,גרמים,500.00,100 גרם,false,0,21.90,4.38,true,1,
7290000170053,false,שוקולד פרה חלב 100 גרם,שטראוס,IL,שוקולד פרה חלב,גרמים,100.00,100 גרם,false,0,5.50,5.50,true,1,
7290000170077,false,שוק.מריר 100 גרם,שטראוס,IL,שוקולד מריר,גרמים,100.00,100 גרם,false,0,5.50,5.50,true,1,
7290000174037,false,בפלות בטעם לימון 500 גרם,שטראוס,IL,בפלות בטעם לימון,גרמים,500.00,100 גרם,false,0,12.40,2.48,true,1,
7290000174099,false,בפלות בטעם שוקולד 500 גר,שטראוס,IL,בפלות שוקולד,גרמים,500.00,100 גרם,false,0,12.40,2.48,true,1,
7290000175027,false,ממרחית שוקולד 500 גרם,שטראוס,IL,ממרחית שוקולד,גרמים,500.00,100 גרם,false,0,9.70,1.94,true,1,
7290000176062,false,קפה טורקי בצלופן 100 גרם,עלית,IL,קפה טורקי בצלופן,גרמים,100.00,100 גרם,false,0,8.90,8.90,true,1,
7290000176147,false,קפה מוקה לפילטר 500 גרם,עלית,PL,קפה מוקה לפילטר,גרמים,500.00,100 גרם,false,0,33.90,6.78,true,1,
7290000176475,false,האג נטול קופאין 200 גרם,עלית,IL,קפה נמס האג,גרמים,200.00,100 גרם,false,0,34.90,17.45,true,1,
7290000176857,false,שוקולד לבן 100 גרם,שטראוס,IL,שוקולד לבן,גרמים,100.00,100 גרם,false,0,5.50,5.50,true,1,
7290000177694,false,קפה טורקי ואקום 200 גרם,עלית,IL,קפה טורקי ואקום,גרמים,200.00,100 גרם,false,0,18.90,9.45,true,1,
7290000178707,false,תפוציפס בטעם טבעי 50 גרם,עלית,IL,חטיף תפוצ'יפס,גרמים,50.00,100 גרם,false,0,3.90,7.80,true,1,
7290000179445,false,בזוקה בשקית 180 גרם,עלית,IL,בזוקה בשקית,גרמים,180.00,100 גרם,false,0,6.90,3.83,true,1,
7290000181103,false,ביסקויט בשוקולד חלב 200ג,שטראוס,IL,ביסקויט מצופה,גרמים,200.00,100 גרם,false,0,10.00,5.00,true,1,
7290000187860,false,40מגבוני נייר טואלט לילי,חוגלה קימברלי,IL,מגבוני נ.טואלט,יחידה,1.00,יחידה,false,0,7.80,7.80,true,1,
7290000187952,false,נ.ט.לילי טריו פרימיום32ג,חוגלה קימברלי,IL,נייר טואלט טריו,מטרים,537.00,100 מטר,false,0,46.90,8.73,true,1,
7290000188225,false,מגבוני האגיס טו גו 24*3,.,IL,מגבוני האגיס,יחידה,1.00,יחידה,false,0,9.80,9.80,true,1,
7290000188249,false,מגבת ויוה חוזק מוגבר,חוגלה קימברלי,IL,מגבת ויוה,מטרים,16.00,מטר,false,0,14.30,0.89,true,1,
7290000188270,false,קלינקס אולטרה סופט זוג,חוגלה קימברלי,IL,קלינקס אולטרה,יחידה,1.00,יחידה,false,0,15.50,15.50,true,1,
7290000188553,false,60מגני תחתון קוטקס סילקN,חוגלה קימברלי,CN,מגן תחתון קוטקס,יחידה,1.00,יחידה,false,0,17.90,17.90,true,1,
7290000188560,false,52מגני תחתון קוטקס סילקL,חוגלה קימברלי,CN,מגן תחתון קוטקס,יחידה,1.00,יחידה,false,0,17.90,17.90,true,1,
7290000189079,false,תבניות אינגליש קייק 6יח',.,IL,תבניות אינגליש,יחידה,1.00,יחידה,false,0,9.90,9.90,true,1,
7290000189192,false,ניקול מגבת רב שימושית,חוגלה קימברלי,,מטליות נייר,מטרים,18.00,מטר,false,0,16.90,0.94,true,1,
7290000189260,false,תבניות מלבניות 5יח',.,IL,תבניות מלבניות,יחידה,1.00,יחידה,false,0,9.90,9.90,true,1,
7290000189482,false,4 תבניות קרטון מרובעות,חוגלה קימברלי,IL,תבניות קרטון,יחידה,1.00,יחידה,false,0,9.90,9.90,true,1,
7290000189505,false,5 תבניות קרטון אינגליש,חוגלה קימברלי,IL,תבניות קרטון,יחידה,1.00,יחידה,false,0,9.90,9.90,true,1,
7290000189659,false,10מטליות רצפה לחות ניקול,חוגלה קימברלי,IL,מטליות רצפה לחות,יחידה,1.00,יחידה,false,0,11.50,11.50,true,1,
7290000190150,false,מפיות תלת שכבתי מודפס 20,חוגלה קימברלי,IL,מפיות תלת שכבתי,יחידה,1.00,יחידה,false,0,5.00,5.00,true,1,
7290000190532,false,מפיות דו שכבתי מודפס 50,חוגלה קימברלי,,מפיות דו שכבתי,יחידה,1.00,יחידה,false,0,3.00,3.00,true,1,
7290000191645,false,36האגיס ניו בורן עד 4 קג,חוגלה קימברלי,IL,חיתולי האגיס,יחידה,1.00,יחידה,false,0,30.90,30.90,true,1,
7290000191652,false,קלינקס מעוצב 90*3 יחידות,חוגלה קימברלי,,קלינקס מעוצב 3יח,יחידה,1.00,יחידה,false,0,9.90,9.90,true,1,
7290000193014,false,פדים לילי אינטרלוד 50 יח,חוגלה קימברלי,IL,לילי פדים,יחידה,1.00,יחידה,false,0,9.90,9.90,true,1,
7290000193953,false,תחבושות לילי נורמל24*2יח,חוגלה קימברלי,IL,זוג תחבושות לילי,יחידה,1.00,יחידה,false,0,26.80,26.80,true,1,
7290000193960,false,תח.לילי סופר פלוס 24*2יח,חוגלה קימברלי,IL,תחבושות לילי זוג,יחידה,1.00,יחידה,false,0,26.80,26.80,true,1,
7290000194837,false,שקיות מזון,,IL,שקיות מזון,יחידה,1.00,יחידה,false,0,13.90,13.90,true,1,
7290000195537,false,מגב.האגיס ללא בישום 72*4,חוגלה קימברלי,IL,מגבוני האגיס 4יח,יחידה,1.00,יחידה,false,0,19.90,19.90,true,1,
7290000195544,false,מגב.האגיס בישום עדין72*4,חוגלה קימברלי,IL,מגבוני האגיס 4יח,יחידה,1.00,יחידה,false,0,19.90,19.90,true,1,
7290000195773,false,מגבוני האגיס אלוורה 72*4,חוגלה קימברלי,IL,מגבוני האגיס 4יח,יחידה,1.00,יחידה,false,0,19.90,19.90,true,1,
7290000196039,false,מפת שולחן דמוי בד 2 יח 1,חוגלה קימברלי,IL,מפת שולחן,יחידה,1.00,יחידה,false,0,5.00,5.00,true,1,
7290000197128,false,100 האגיס מגה פק שלב3,חוגלה קימברלי,IL,חיתולי האגיס,יחידה,1.00,יחידה,false,0,77.90,77.90,true,1,
7290000197210,false,76 האגיס מגה פק שלב+4,חוגלה קימברלי,IL,חיתולי האגיס,יחידה,1.00,יחידה,false,0,77.90,77.90,true,1,
7290000197258,false,64 האגיס מגה פק שלב6,חוגלה קימברלי,IL,חיתולי האגיס,יחידה,1.00,יחידה,false,1,77.90,77.90,true,1,
7290000197326,false,זוג רדיד.אלומינ0.3*7.5.מ,חוגלה קימברלי,IL,זוג רדידי אלומינ,מטרים,15.00,מטר,false,0,10.80,0.72,true,1,
7290000197456,false,44האגיס פרידום דריי שלב4,חוגלה קימברלי,IL,חיתולי האגיס,יחידה,1.00,יחידה,false,0,39.90,39.90,true,1,
7290000199313,false,קוטקס יאנג 28 יחידות,חוגלה קימברלי,IL,קוטקס תחבושות,יחידה,1.00,יחידה,false,0,22.90,22.90,true,1,
7290000201856,false,40 טיטולים פרימיום שלב+4,חוגלה קימברלי,IL,טיטולים פרימיום,יחידה,1.00,יחידה,false,1,34.90,34.90,true,1,
7290000202495,false,סופגנים סופר פלוס שקמה L,חוגלה קימברלי,IL,סופגנים שקמה,יחידה,1.00,יחידה,false,0,52.90,52.90,true,1,
7290000204086,false,כריות קרצוף ניקול 3 יח,חוגלה קימברלי,IL,כרית קרצוף 3 יח,יחידה,1.00,יחידה,false,0,10.90,10.90,true,1,
7290000204215,false,כריות יפניות ניקול 6יח',חוגלה קימברלי,IL,כריות יפניות,יחידה,1.00,יחידה,false,0,10.80,10.80,true,1,
7290000204253,false,9 מטליות רב שימושי.ניקול,חוגלה קימברלי,IL,מטליות ניקול,יחידה,1.00,יחידה,false,0,10.50,10.50,true,1,
7290000204512,false,10מטליות לרצפה ריח לימון,חוגלה קימברלי,IL,מטליות רצפה לחות,יחידה,1.00,יחידה,false,1,11.50,11.50,true,1,
7290000204611,false,ספוגיות הקסם ניקול 6 יח',חוגלה קימברלי,IL,ספוגיות ניקול,יחידה,1.00,יחידה,false,0,10.90,10.90,true,1,
7290000205526,false,פיסגה שטיפת רצפות 2 ליטר,סנו,IL,פיסגה ניקוי רצפה,ליטרים,2.00,ליטר,false,0,9.70,4.85,true,1,
7290000207438,false,עגבניות קוביות 800 גרם,זנלכל,IL,עגבניות קוביות,גרמים,800.00,100 גרם,false,0,7.20,0.90,true,1,
7290000208008,false,חריסה 570 גרם,זנלכל,IL,חריסה יכין,גרמים,570.00,100 גרם,false,0,6.80,1.19,true,1,
7290000208022,false,עגבניות מרוסקות 800 גרם,זנלכל,IL,עגבניות מרוסקות,גרמים,800.00,100 גרם,false,0,7.20,0.90,true,1,
7290000208091,false,אפונת גינה קטנה 550 גרם,זנלכל,IL,אפונת גינה קטנה,גרמים,550.00,100 גרם,false,0,6.40,1.16,true,1,
7290000208114,false,אפונת גינה וגזר 550 גרם,זנלכל,IL,אפונת גינה וגז,גרמים,550.00,100 גרם,false,0,6.50,1.18,true,1,
7290000208312,false,תירס ואקום 400 גרם יכין,זנלכל,IL,תירס ואקום,גרמים,400.00,100 גרם,false,0,5.40,1.35,true,1,
7290000208428,false,חומוס שלם יכין 550 גרם,זנלכל,IL,חומוס שלם,גרמים,560.00,100 גרם,false,0,6.30,1.13,true,1,
7290000208534,false,תירס קיד 550 גרם,זנלכל,IL,תירס קיד,גרמים,550.00,100 גרם,false,0,6.80,1.24,true,1,
7290000208855,false,רוטב פסטה 260 גרם,זנלכל,IL,רוטב פסטה,גרמים,260.00,100 גרם,false,0,4.70,1.81,true,1,
7290000208947,false,עגבניות מרוסקות 260 גרם,זנלכל,IL,עגבניות מרוסקות,גרמים,260.00,100 גרם,false,0,4.70,1.81,true,1,
7290000209173,false,חומץ סינטטי 5% 1 ליטר,זנלכל,IL,חומץ סינטטי,ליטרים,1.00,ליטר,false,0,4.70,4.70,true,1,
7290000209944,false,בסיס לשקשוקה 260גרם,זנלכל,IL,בסיס לשקשוקה,גרמים,260.00,100 גרם,false,0,4.70,1.81,true,1,
7290000211442,false,"אורז פרסי קלאסי 1ק""ג",סוגת,IL,אורז פרסי קלאסי,קילוגרמים,1.00,"ק""ג",false,0,8.90,8.90,true,1,
7290000211985,false,"אורז עגול 1 ק""ג",סוגת,IL,אורז עגול סוגת,קילוגרמים,1.00,"ק""ג",false,0,8.50,8.50,true,1,
7290000212579,false,ופלים מצופים 20*40 גרם,מנעמים,IL,ופלים מצופים,גרמים,800.00,100 גרם,false,0,15.70,1.96,true,1,
7290000214115,false,מרק עוף בצנצנת ויטה400גר,פרי גליל,IL,מרק עוף צנצנת,גרמים,400.00,100 גרם,false,0,13.80,3.45,true,1,
7290000238029,false,"בצק עלים 1 ק""ג","מעדנות בע""מ",IL,בצק עלים מרודד,קילוגרמים,1.00,"ק""ג",false,0,22.90,22.90,true,1,
7290000238173,false,בורקס גבינה 800 גרם,"מעדנות בע""מ",IL,בורקס גבינה קפוא,גרמים,800.00,100 גרם,false,0,19.90,2.49,true,1,
7290000238180,false,"בורקס תפו""א 800 גרם","מעדנות בע""מ",IL,"בורקס תפו""א קפוא",גרמים,800.00,100 גרם,false,0,19.70,2.46,true,1,
7290000244143,false,קרם הוואי לאחר גילוח120ג,טרופיקל דגיל,IL,קרם לאחר גילוח,גרמים,120.00,100 גרם,false,0,23.90,19.92,true,1,
7290000245072,false,מרכך כביסה סוד בייבי 4 ל,הנקל סוד,IL,מרכך כביסה בייבי,ליטרים,4.00,ליטר,false,0,16.90,4.23,true,1,
7290000245294,false,א.כביסה פרסיל סופרה 2.5ק,הנקל סוד,IL,אבקת כביסה פרסיל,קילוגרמים,2.50,"ק""ג",false,0,25.90,10.36,true,1,
7290000253220,false,שוקולד צ'יפס חום 300 גרם,אופנהיימר,IL,שוקולד צ'יפס,גרמים,300.00,100 גרם,false,0,10.80,3.60,true,1,
7290000256269,false,פיצפוצית,,IL,פיצפוצית,גרמים,450.00,100 גרם,false,0,18.90,4.20,true,1,
7290000260839,false,ספרינג משקה תפוזים 1.5ל',יפאורה שותפות מובגלת לשיווק,IL,ספרינג תפוזים,ליטרים,1.50,ליטר,false,0,6.20,4.13,true,1,
7290000260853,false,ספרינג משקה מנגו 1.5 ל',יפאורה שותפות מובגלת לשיווק,IL,ספרינג מנגו,ליטרים,1.50,ליטר,false,0,6.20,4.13,true,1,
7290000264752,false,זוג רדיד.אלומ.מעוצב7*0.3,חוגלה קימברלי,IL,רדיד אלומיניום2*,מטרים,15.00,מטר,false,1,10.80,0.72,true,1,
7290000272696,false,מיץ לימון משומר-עסיס 1ל',בית השיטה,IL,מיץ לימון משומר,ליטרים,1.00,ליטר,false,0,9.50,9.50,true,1,
7290000272726,false,חומץ 5% 1 ליטר,בית השיטה,IL,חומץ 5%,ליטרים,1.00,ליטר,false,0,6.90,6.90,true,1,
7290000284316,false,קוקה קולה בקבוק 1.5 ליטר,החברה המרכזית לייצור משקאות,IL,קוקה קולה,ליטרים,1.50,ליטר,false,0,6.20,4.13,true,1,
7290000284347,false,קינלי סודה 1.5 ליטר,החברה המרכזית לייצור משקאות,IL,קינלי סודה,ליטרים,1.50,ליטר,false,0,4.00,2.67,true,1,
7290000284743,false,דיאט קולה נ.קופאין 1.5 ל,החברה המרכזית לייצור משקאות,IL,דיאט קולה,ליטרים,1.50,ליטר,false,0,6.80,4.53,true,1,
7290000285849,false,שוופס מי סודה 1.5 ליטר,יפאורה שותפות מובגלת לשיווק,IL,שוופס מי סודה,ליטרים,1.50,ליטר,false,0,3.30,2.20,true,1,
7290000286549,false,מטליות רב שימוש 9 יח',סנו,IL,מטליות לכל 9 יח,יחידה,1.00,יחידה,false,0,9.50,9.50,true,1,
7290000286761,false,ניילון נצמד 30*2 מטר,סנו,IL,צמד ניילון נצמד,מטרים,60.00,מטר,false,0,9.90,0.17,true,1,
7290000286921,false,"סנוקל רסס וכבס 750 מ""ל",סנו,IL,סנוקל רסס וכבס,מיליליטרים,750.00,"100 מ""ל",false,0,14.90,1.99,true,1,
7290000287409,false,סנובון תות 55*3 גרם,סנו,IL,סנובון לאסלה 3יח,גרמים,165.00,100 גרם,false,0,10.90,6.61,true,1,
7290000287430,false,סנובון לימון לאסלה 3 יח',סנו,IL,סנובון לאסלה 3יח,גרמים,165.00,100 גרם,false,0,10.90,6.61,true,1,
7290000287621,false,סנו אנטי קאלק לאסלות750מ,סנו,IL,סנו מנקה אסלות,מיליליטרים,750.00,"100 מ""ל",false,0,8.90,1.19,true,1,
7290000287799,false,סנופרש ענק פלורל ירוק375,סנו,IL,סנו פרש ענק,מיליליטרים,375.00,"100 מ""ל",false,0,9.80,2.61,true,1,
7290000288000,false,4 סנו ארון פרש קלאסיק,סנו,IL,סנו ארון פרש,יחידה,1.00,יחידה,false,0,20.90,20.90,true,1,
7290000288031,false,סנו אקונמיקה 4 ליטר,סנו,IL,סנו אקונמיקה,ליטרים,4.00,ליטר,false,0,10.90,2.73,true,1,
7290000288352,false,300-K קוטל חרק/.זוחל630מ,סנו,IL,300-K קוטל חרק,מיליליטרים,630.00,"100 מ""ל",false,0,20.90,3.32,true,1,
7290000288642,false,מרכך מקסימה סנסטיב 4 ל',סנו,IL,מרכך כביסה,ליטרים,4.00,ליטר,false,0,20.90,5.23,true,1,
7290000288840,false,סנו מים מזוקקים 2 ליטר,סנו,IL,סנו מים מזוקקים,ליטרים,2.00,ליטר,false,0,10.00,5.00,true,1,
7290000289069,false,סנו ג'אוול מרסס לימון 1ל,סנו,IL,סנו ג'אוול מרסס,ליטרים,1.00,ליטר,false,0,15.90,15.90,true,1,
7290000289496,false,ג'אוול ג'ל קרם לימון750מ,סנו,IL,ג'אוול ג'ל קרם,מיליליטרים,750.00,"100 מ""ל",false,0,10.90,1.45,true,1,
7290000292687,false,סנובון כחול שלישיה55*3גר,סנו,IL,סנובון כחול 3 יח,גרמים,165.00,100 גרם,false,0,15.00,9.09,true,1,
7290000293073,false,מרכך כביסה מקסימה ביו4ל',סנו,IL,מרכך כביסה,ליטרים,4.00,ליטר,false,0,20.90,5.23,true,1,
7290000293516,false,סנו סופג לחות במיכל 340ג,סנו,IL,סנו סופג לחות,גרמים,340.00,100 גרם,false,0,26.70,7.85,true,1,
7290000293561,false,"סנו מסיר עובש 750 מ""ל",סנו,IL,סנו מסיר עובש,מיליליטרים,750.00,"100 מ""ל",false,0,15.90,2.12,true,1,
7290000293943,false,סנו אנטי קאלק מרסס 1 ל',סנו,IL,סנו אנטי קאלק,ליטרים,1.00,ליטר,false,0,16.50,16.50,true,1,
7290000294391,false,סנו ג'ט לניקוי כללי 4ל,סנו,IL,סנו ג'ט,ליטרים,4.00,ליטר,false,0,15.00,3.75,true,1,
7290000294773,false,סנו ג'אוול לבנדר 4 ליטר,סנו,IL,סנו ג'אוול 4 ליט,ליטרים,4.00,ליטר,false,0,16.50,4.13,true,1,
7290000294780,false,סנו ג'אול אקונומ.סמיכה4ל,סנו,IL,סנו ג'אוול 4 ל,ליטרים,4.00,ליטר,false,0,16.50,4.13,true,1,
7290000295503,false,סושי זוג שקיות אוכל150*2,סנו,IL,שקיות אוכל צמד,יחידה,1.00,יחידה,false,0,13.50,13.50,true,1,
7290000295558,false,2רדידי אלומיניום0.3*7.5מ,סנו,IL,צמד רדידי אלומינ,מטרים,15.00,מטר,false,0,10.00,0.67,true,1,
7290000295565,false,צמד רדיד אלומינ7.5*0.45מ,סנו,IL,צמד רדידי אלומינ,מטרים,15.00,מטר,false,0,16.30,1.09,true,1,
7290000300139,false,המבורגר מן הצומח 750 גרם,טבעול,IL,המבורגר מן הצומח,גרמים,750.00,100 גרם,false,0,35.60,4.75,true,1,
7290000300689,false,שניצל ברוקולי 750 גרם,טבעול,IL,שניצל ברוקולי,גרמים,750.00,100 גרם,false,0,32.90,4.39,true,1,
7290000302027,false,טיים RED 10 יח',"דובק בע""מ",IL,טיים RED חבילה,יחידה,1.00,יחידה,false,0,254.90,254.90,false,1,
7290000302126,false,אירופה 10 יח',"דובק בע""מ",IL,אירופה חבילה,יחידה,1.00,יחידה,false,0,264.90,264.90,false,1,
7290000302898,false,גולף סילבר 100 פ.ע 10 יח,"דובק בע""מ",,גולף סילבר חב,יחידה,1.00,יחידה,false,0,274.90,274.90,false,1,
7290000303598,false,שעועית אפויה+רוטב 570 גר,פרי גליל,IL,שעועית ברוטב,גרמים,570.00,100 גרם,false,0,6.90,1.21,true,1,
7290000303604,false,חומוס שלם 550 גרם,פרי גליל,IL,חומוס שלם,גרמים,550.00,100 גרם,false,0,6.20,1.13,true,1,
7290000304663,false,"סלט טונה פיקנטי""נון160""ג",סטארקיסט,IL,סלט טונה פיקנט,גרמים,160.00,100 גרם,false,0,5.00,3.13,true,1,
7290000305882,false,אס ירקות עם דגים+רוטב120,סטארקיסט,IL,אס דגים+ירקות,גרמים,120.00,100 גרם,false,0,6.00,5.00,true,1,
7290000307015,false,אפונת גינה גדולה 550 גר',פרי גליל,IL,אפונת גינה,גרמים,550.00,100 גרם,false,0,6.80,1.24,true,1,
7290000307046,false,אפונת גינה וגזר 550 גרם,פרי גליל,IL,אפונת גינה וגזר,גרמים,550.00,100 גרם,false,0,6.50,1.18,true,1,
7290000307237,false,גרעיני תירס מתוק 550 גרם,פרי גליל,IL,גרעיני תירס,גרמים,550.00,100 גרם,false,0,6.40,1.16,true,1,
7290000307343,false,שעועית ירוקה חתוכה 550 ג,פרי גליל,IL,שעועית ירוקה,גרמים,550.00,100 גרם,false,0,6.90,1.25,true,1,
7290000313184,false,עוג.גן חיות וניל 250 גרם,אסם,IL,עוגיות גן חיות,גרמים,250.00,100 גרם,false,0,8.00,3.20,true,1,
7290000313474,false,חומוסטחינה+פלפל חריף400ג,צבר,IL,חונוסטחינה,גרמים,400.00,100 גרם,false,1,14.90,3.73,true,1,
7290000316444,false,ברנפלקס ל.תוספת סוכר500ג,יוניליוור,IL,"ברנפלקס ללת""ס",גרמים,500.00,100 גרם,false,0,24.70,4.94,true,1,
7290000318127,false,"נקניקיות ""ביס"" 380 גרם",מעדני יחיעם,IL,"נקניקיות ""ביס""",גרמים,380.00,100 גרם,false,0,11.90,3.13,true,1,
7290000318677,false,סלמי סרוולט 150 גרם,מעדני יחיעם,IL,סלמי סרוולט,גרמים,150.00,100 גרם,false,0,22.90,15.27,true,1,
7290000318684,false,סלמי פיין 85 800 גרם,מעדני יחיעם,IL,סלמי פיין 85,גרמים,800.00,100 גרם,false,0,34.30,4.29,true,1,
7290000318943,false,פסטרמה של פעם 200 גרם,מעדני יחיעם,IL,פסטרמה של פעם,גרמים,200.00,100 גרם,false,0,22.80,11.40,true,1,
7290000319520,false,סלמי צרפתי 100 גרם,מעדני יחיעם,IL,סלמי צרפתי,גרמים,100.00,100 גרם,false,0,19.90,19.90,true,1,
7290000319803,false,קבנוס קלאסי 125גרם,מעדני יחיעם,IL,קבנוס קלאסי,גרמים,125.00,100 גרם,false,5,14.90,11.92,true,1,
7290000319834,false,קבנוס פפרוני קלאסי 125גר,מעדני יחיעם,IL,קבנוס פפרוני,גרמים,125.00,100 גרם,false,5,14.90,11.92,true,1,
7290000327532,false,פפסי קולה 1.5*6 ליטר,טמפו,IL,פפסי קולה 6 יח,ליטרים,9.00,ליטר,false,0,21.90,2.43,true,1,
7290000327716,false,סודה אננס,,IL,סודה אננס,ליטרים,1.50,ליטר,false,0,4.00,2.67,true,1,
7290000334325,false,מארז ציפס למיקרו שלישיות,תפוגן,IL,ציפס למיקרו,גרמים,375.00,100 גרם,false,0,13.80,3.68,true,1,
7290000334684,false,טבעות בצל לתנור 700 גרם,תפוגן,IL,טבעות בצל לתנור,גרמים,700.00,100 גרם,false,0,17.60,2.51,true,1,
7290000334981,false,"אמריקן צ'יפס 1,2,3 750גר",תפוגן,IL,אמריקן צ'יפס,גרמים,750.00,100 גרם,false,0,23.90,3.19,true,1,
7290000336053,false,סיידר תרכיז טבעי בק330.מ,טמפו,IL,סיידר תרכיז טב,מיליליטרים,330.00,"100 מ""ל",false,0,10.00,3.03,true,1,
7290000339191,false,רן אבקת הלבנה 350 גרם,זוהר דליה,IL,רן אבקת הלבנה,גרמים,350.00,100 גרם,false,0,18.60,5.31,true,1,
7290000339566,false,מרכך כביסה בדין ורוד 4 ל,יוניליוור,IL,מרכך כביסה בדין,ליטרים,4.00,ליטר,false,0,19.90,4.98,true,1,
7290000342832,false,מרכך כביסה בדין צהוב 4 ל,יוניליוור,IL,מרכך כביסה בדין,ליטרים,4.00,ליטר,false,0,19.90,4.98,true,1,
7290000345277,false,תה ויסוצקי 50שק1.5* גרם,ויסוצקי,IL,תה ויסוצקי 50 שק,גרמים,75.00,100 גרם,false,0,12.90,17.20,true,1,
7290000346144,false,חליטה עינוגי התפוח25ש3*ג,ויסוצקי,IL,חליטת פירות,גרמים,67.00,100 גרם,false,0,16.90,25.22,true,1,
7290000346212,false,חליטת מנטה גן קסום25ש2*ג,ויסוצקי,IL,חליטת מנטה,גרמים,50.00,100 גרם,false,0,16.90,33.80,true,1,
7290000347738,false,תה ירוק עם נענע 1.5*25גר,ויסוצקי,IL,תה ירוק נענע,גרמים,37.00,100 גרם,false,0,25.90,70.00,true,1,
7290000347752,false,תה ירוק+לימונ.ולואיזה25ש,ויסוצקי,IL,תה ירוק לימונית,גרמים,37.00,100 גרם,false,0,25.90,70.00,true,1,
7290000363202,false,נקניק סלמי גליל 600 גרם,טירת צבי,IL,נקניק סלמי גליל,גרמים,600.00,100 גרם,false,0,34.60,5.77,true,1,
7290000364261,false,סלסולי כתף בקר 120 גרם,טירת צבי,IL,דקניקים כתף בקר,גרמים,120.00,100 גרם,false,0,15.90,13.25,true,1,
7290000364773,false,נקניקיות עוף תפזורת משקל,טירת צבי,IL,נקניקיות עוף,קילוגרמים,0.00,"ק""ג",true,0,23.90,23.90,true,1,
7290000364858,false,"נקניקיות עוף בואקום 1ק""ג",טירת צבי,IL,נקניקיות עוף,קילוגרמים,1.00,"ק""ג",false,0,29.90,29.90,true,1,
7290000364872,false,נקניקיות עוף 400 גרם,טירת צבי,IL,נקניקיות עוף,גרמים,400.00,100 גרם,false,0,14.10,3.53,true,1,
7290000364957,false,נקניקיות מיני מיני 700גר,טירת צבי,IL,נקניקיות מיני,גרמים,700.00,100 גרם,false,0,27.30,3.90,true,1,
7290000367590,false,פסטרמה כפרית+סלמי 400*2ג,טירת צבי,IL,צמד כפרי נקניקים,גרמים,800.00,100 גרם,false,0,34.90,4.36,true,1,
7290000379142,false,לחם עינן פרוס וארוז 750ג,מאפיית שלמה א. אנג'ל,IL,לחם עינן פרוס,גרמים,750.00,100 גרם,false,0,11.90,1.59,true,1,
7290000379203,false,לחם עינן קל 500 גרם,מאפיית שלמה א. אנג'ל,IL,לחם עינן קל,גרמים,500.00,100 גרם,false,0,15.90,3.18,true,1,
7290000379357,false,חלה קלה פרוסה 500 גרם,מאפיית שלמה א. אנג'ל,IL,חלה קלה פרוסה,גרמים,500.00,100 גרם,false,0,13.80,2.76,true,1,
7290000396224,false,תפוחי אדמה גורמה שקיל,קטיף,IL,תפוחי אדמה גורמה,קילוגרמים,0.00,"ק""ג",true,1,5.50,5.50,true,1,
7290000396439,false,עגבניה שרי מידיפלס יח,קטיף,IL,שרי מידיפלס יח,יחידה,1.00,יחידה,false,0,9.90,9.90,true,1,
7290000408316,false,יוגורט ביו 3% דנונה 200ג,שטראוס,IL,יוגורט ביו 3%,גרמים,200.00,100 גרם,false,0,3.60,1.80,true,1,
7290000408354,false,דנונה בר פצפוצים 173 גרם,שטראוס,IL,דנונה בר פצפוצים,גרמים,173.00,100 גרם,false,0,4.50,2.60,true,1,
7290000412139,false,ריצפז אורנים 3 ליטר,סנו,IL,ריצפז אורנים,ליטרים,3.00,ליטר,false,0,14.80,4.93,true,1,
7290000412481,false,"מנקה אסלות ""00"" 1 ליטר",סנו,IL,"מנקה אסלות 00""",ליטרים,1.00,ליטר,false,0,7.90,7.90,true,1,
7290000416021,false,ממרח בטעם שוקולד 500גר,השחר,IL,ממרח השחר,גרמים,500.00,100 גרם,false,0,12.90,2.58,true,1,
7290000416045,false,ממרח מובחר מריחה השחר1קג,השחר,IL,ממרח השחר,קילוגרמים,1.00,"ק""ג",false,0,23.60,23.60,true,1,
7290000416076,false,צימקאו שוקולד לבישול400ג,השחר,IL,צימקאו לאפיה,גרמים,400.00,100 גרם,false,0,11.90,2.98,true,1,
7290000416632,false,ממרח טעם שוקולד פרווה1קג,השחר,IL,ממרח שוקולד השחר,קילוגרמים,1.00,"ק""ג",false,0,23.90,23.90,true,1,
7290000416854,false,קקאו 150 גרם,השחר,IL,קקאו השחר העולה,גרמים,150.00,100 גרם,false,0,9.90,6.60,true,1,
7290000419114,false,קפה טחון טורקי לנדור200ג,קפה לנדוור,IL,קפה שחור לנדוור,גרמים,200.00,100 גרם,false,0,16.60,8.30,true,1,
7290000432120,false,נרות חנוכה,,IL,נרות חנוכה,יחידה,1.00,יחידה,false,0,2.90,2.90,true,1,
7290000432335,false,נר נשמה בכוס,,IL,נר נשמה בכוס,יחידה,1.00,יחידה,false,0,5.90,5.90,true,1,
7290000432489,false,נרות חנוכה,,IL,נרות חנוכה,יחידה,1.00,יחידה,false,0,4.90,4.90,true,1,
7290000432656,false,נרות שבת,,IL,נרות שבת,יחידה,1.00,יחידה,false,0,4.50,4.50,true,1,
7290000432670,false,נרות שבת,,IL,נרות שבת,יחידה,1.00,יחידה,false,0,4.10,4.10,true,1,
7290000432922,false,נריות,,IL,נריות,יחידה,1.00,יחידה,false,0,21.90,21.90,true,1,
7290000433684,false,פפסי קולה 1.5 ליטר,טמפו,IL,פפסי קולה,ליטרים,1.50,ליטר,false,0,5.30,3.53,true,1,
7290000433714,false,סבן אפ 1.5 ליטר,טמפו,IL,סבן אפ,ליטרים,1.50,ליטר,false,0,5.40,3.60,true,1,
7290000433745,false,מירינדה 1.5 ליטר,טמפו,IL,מירינדה תפוזים,ליטרים,1.50,ליטר,false,0,5.40,3.60,true,1,
7290000433899,false,דיאט סבן אפ 1.5 ליטר,טמפו,IL,דיאט סבן אפ,ליטרים,1.50,ליטר,false,0,5.40,3.60,true,1,
7290000433974,false,פפסי מקס 1.5 ליטר,טמפו,IL,פפסי מקס,ליטרים,1.50,ליטר,false,0,5.90,3.93,true,1,
7290000442044,false,"פמינה חמוציות 220 מ""ל",כצט,IL,פמינה חמוציות,מיליליטרים,220.00,"100 מ""ל",false,0,19.90,9.05,true,1,
7290000446127,false,פריכיות אורז,,IL,פריכיות אורז,גרמים,100.00,100 גרם,false,0,4.60,4.60,true,1,
7290000453019,false,שמרית-שמרים לחים 50 גרם,פאקא,IL,שמרית-שמרים טרי,גרמים,50.00,100 גרם,false,0,4.20,8.40,true,1,
7290000453385,false,שמרים יבשים פאקא,,,שמרים יבשים פאקא,גרמים,500.00,100 גרם,false,0,13.90,2.78,true,1,
7290000453866,false,נטורינה קוקוס 200 גרם,פאקא,IL,נטורינה קוקוס,גרמים,200.00,100 גרם,false,1,7.40,3.70,true,1,
7290000453897,false,מרגרינה בטעם חמאה 200 גר,שמרית,IL,מרגרינה,גרמים,200.00,100 גרם,false,1,4.90,2.45,true,1,
7290000461625,false,בייגלה שמיניות מלוח400גר,יוניליוור,IL,בייגלה שמיניות,גרמים,400.00,100 גרם,false,0,10.40,2.60,true,1,
7290000461656,false,בייגל אחד אחד 400 גרם,יוניליוור,IL,בייגלה מקלות,גרמים,400.00,100 גרם,false,0,10.40,2.60,true,1,
7290000461793,false,בייגל ארוך ארוך 150 גרם,יוניליוור,IL,בייגל ארוך ארוך,גרמים,150.00,100 גרם,false,0,6.30,4.20,true,1,
7290000461922,false,ביג ביג מקלות שומשום150ג,יוניליוור,IL,בייגלה ביג ביג,גרמים,150.00,100 גרם,false,0,6.30,4.20,true,1,
7290000462448,false,לימוזחוק 150 גרם,זהבי הכרם,IL,לימוזחוק,גרמים,150.00,100 גרם,false,1,8.90,5.93,true,1,
7290000463377,false,זיתים חרוזית 560 גרם,בית השיטה,IL,זיתים חרוזית,גרמים,560.00,100 גרם,false,0,9.50,1.70,true,1,
7290000466163,false,מלפ.גולן מלח 7-9 560 גרם,בית השיטה,IL,מלפפונים במלח,גרמים,560.00,100 גרם,false,0,6.30,1.13,true,1,
7290000466170,false,מלפ.גלעד 12-10מלח 560גרם,בית השיטה,IL,מלפפונים במלח,גרמים,560.00,100 גרם,false,0,7.00,1.25,true,1,
7290000466187,false,מלפפונים במלח 13-17 560ג,בית השיטה,IL,מלפפונים במלח,גרמים,560.00,100 גרם,false,0,10.00,1.79,true,1,
7290000467153,false,מלך החומוס סמיר הגדול400,צבר,IL,חומוס סמיר הגדול,גרמים,400.00,100 גרם,false,0,14.20,3.55,true,1,
7290000467177,false,מלפפון 12-10 בחומץ 560גר,בית השיטה,IL,מלפפונים בחומץ,גרמים,560.00,100 גרם,false,0,7.00,1.25,true,1,
7290000467184,false,מלפפון חומץ קטן13-17 560,בית השיטה,IL,מלפפונים בחומץ,גרמים,560.00,100 גרם,false,0,10.00,1.79,true,1,
7290000467191,false,מלפ.בחומץ18-25 560 גרם,בית השיטה,IL,מלפפונים בחומץ,גרמים,560.00,100 גרם,false,0,11.90,2.13,true,1,
7290000468006,false,כרוב כבוש בית השיטה 560ג,בית השיטה,IL,כרוב כבוש,גרמים,560.00,100 גרם,false,0,7.60,1.36,true,1,
7290000474090,false,חלב הומוגני 1% קרטון 1 ל,טרה,IL,חלב טרי טרה 1%,ליטרים,1.00,ליטר,false,0,5.40,5.40,true,1,
7290000474373,false,"שמנת חמוצה15% 200 מ""ל",טרה,IL,שמנת חמוצה15%,מיליליטרים,200.00,"100 מ""ל",false,0,2.20,1.10,true,1,
7290000474410,false,חמאה 100 גרם,טרה,IL,חמאה טרה,גרמים,100.00,100 גרם,false,0,3.80,3.80,true,1,
7290000474502,false,גבינה לבנה 5% טרה 250 גר,טרה,IL,גבינה לבנה 5%,גרמים,250.00,100 גרם,false,0,4.60,1.84,true,1,
7290000474540,false,גבי. טוב טעם 3% 250גרם,טרה,IL,גבינת טוב טעם3%,גרמים,250.00,100 גרם,false,0,10.50,4.20,true,1,
7290000480107,false,קואקר ש.שועל פח 500גרם,עלית,GB,קואקר שיבולת,גרמים,500.00,100 גרם,false,0,12.90,2.58,true,1,
7290000483139,false,מרציפן גולמי 100 גרם,המרשלג,IL,מרציפן,גרמים,100.00,100 גרם,false,0,9.80,9.80,true,1,
7290000483412,false,טפטופים לעוגה 60 גרם,המרשלג,IL,טפטופים לעוגה,גרמים,60.00,100 גרם,false,0,14.80,24.67,true,1,
7290000484747,false,"עלית הארק 700 מ""ל",יקב הגליל יוסף גולד ובניו,IL,עלית הארק,מיליליטרים,700.00,"100 מ""ל",false,1,59.90,8.56,true,1,
7290000490717,false,מאגדות גלית,גלידות פלדמן,IL,מאגדות גלית 8י,גרמים,560.00,100 גרם,false,0,27.20,4.86,true,1,
7290000497044,false,לחם ברמן אקטיב 750 גרם,מאפית ברמן,IL,לחם ברמן אקטיב,גרמים,750.00,100 גרם,false,0,14.50,1.93,true,1,
7290000497532,false,לחם ברמן לענין 750 גרם,מאפית ברמן,IL,לחם ברמן לענין,גרמים,750.00,100 גרם,false,0,10.00,1.33,true,1,
7290000497570,false,לחם דגני קלות פרוס 500גר,מאפית ברמן,IL,לחם דגני קלות,גרמים,500.00,100 גרם,false,0,13.80,2.76,true,1,
7290000506111,false,חזרת פיאו 400 גרם,פיאו,IL,חזרת פיאו,גרמים,400.00,100 גרם,false,0,11.90,2.98,true,1,
7290000518169,false,מתוק וקל 1000 טבליות,מתוק וקל,IL,מתוק וקל,גרמים,80.00,100 גרם,false,0,8.90,11.13,true,1,
7290000521411,false,"מרום גליל מרלו 750 מ""ל",יינות סגל,IL,מרום גליל מרלו,מיליליטרים,750.00,"100 מ""ל",false,0,29.90,3.99,true,1,
7290000523125,false,מלח ים יבש 250 גרם,תעשיות מלח לישראל,IL,מלח ים יבש,גרמים,250.00,100 גרם,false,0,5.90,2.36,true,1,
7290000523224,false,מלח ים דק 500 גרם,תעשיות מלח לישראל,IL,מלח ים דק,גרמים,500.00,100 גרם,false,0,7.80,1.56,true,1,
7290000530086,false,נקניק מעושן7000- 600 גרם,זוגלובק,IL,נקניק מעושן,גרמים,600.00,100 גרם,false,0,34.00,5.67,true,1,
7290000530116,false,נקניק תה בשן70- 470 גרם,זוגלובק,IL,נקניק תה בשן70-,גרמים,470.00,100 גרם,false,0,26.90,5.72,true,1,
7290000530291,false,נקניק מבשר הודו 800 גרם,זוגלובק,IL,נקניק מבשר הודו,גרמים,800.00,100 גרם,false,0,19.90,2.49,true,1,
7290000530468,false,"נקניקיות וינר 1 ק""ג",זוגלובק,IL,נקניקיות וינר,קילוגרמים,1.00,"ק""ג",false,0,32.00,32.00,true,1,
7290000530598,false,נקניקיות וינר 500 גרם,זוגלובק,IL,נקניקיות וינר,גרמים,500.00,100 גרם,false,0,15.80,3.16,true,1,
7290000530703,false,פסטרמה חרמון+תה 400+400ג,זוגלובק,IL,מארז חרמון+תה,גרמים,800.00,100 גרם,false,0,32.40,4.05,true,1,
7290000531977,false,בורקס גבינה 800 גרם,זוגלובק,IL,בורקס גבינה,גרמים,800.00,100 גרם,false,0,17.70,2.21,true,1,
7290000536743,false,קריספי סטיקס תירס 500גרם,זוגלובק,IL,קריספי סטיקסתירס,גרמים,500.00,100 גרם,false,0,17.90,3.58,true,1,
7290000537566,false,נקניקיות עוף 400 גרם,זוגלובק,IL,נקניקיות עוף,גרמים,400.00,100 גרם,false,0,14.60,3.65,true,1,
7290000537603,false,"נקניקיות עוף טריות 1 ק""ג",זוגלובק,IL,נקניקיות עוף,קילוגרמים,1.00,"ק""ג",false,0,29.20,29.20,true,1,
7290000540931,false,עוגיות פרמידה 400 גרם,האחים יצרני חטיפים,IL,עוגיות פרמידה,גרמים,400.00,100 גרם,false,1,9.90,2.48,true,1,
7290000551159,false,בשר ראש קפוא קג,שונות,IL,בשר ראש קפוא ק,קילוגרמים,0.00,"ק""ג",true,0,59.90,59.90,true,1,
7290000554457,false,גבינה צפתית5% שומן 350ג,מחלבות גד,IL,גבינה צפתית5%,גרמים,350.00,100 גרם,false,0,19.90,5.69,true,1,
7290000554815,false,מוצרלה נקניק 22% במשקל,מחלבות גד,IL,גבינת מוצרלה,גרמים,0.00,"ק""ג",true,0,59.00,59.00,true,1,
7290000554822,false,ריקוטה גד 5% שומן 250 גר,מחלבות גד,IL,גבינת ריקוטה 5%,גרמים,250.00,100 גרם,false,0,14.20,5.68,true,1,
7290000554839,false,גבינה מסקרפונה 40% 250 ג,מחלבות גד,IL,גבינה מסקרפונה,גרמים,250.00,100 גרם,false,0,20.70,8.28,true,1,
7290000560861,false,אדג' ג'ל גילוח לניקוי200,אנרג'ייזר,US,אדג' ג'ל גילוח,מיליליטרים,200.00,"100 מ""ל",false,1,14.90,7.45,true,1,
7290000599465,false,"מטליות שייני רב""ש 10 יח",נועם אורים,IL,מטליות שייני,יחידה,1.00,יחידה,false,0,4.30,4.30,true,1,
7290000611273,false,עוף טרי מוכשר תפ,עוף עוז,IL,עוף טרי שלם,קילוגרמים,0.00,"ק""ג",true,0,18.90,18.90,true,1,
7290000611624,false,עוף טרי שלם תפ,עוף עוז,IL,עוף טרי שלם,קילוגרמים,0.00,"ק""ג",true,0,18.90,18.90,true,1,
7290000612966,false,גרון הודו טרי ארוז,עוף עוז,IL,גרון הודו טרי,קילוגרמים,0.00,"ק""ג",true,0,23.90,23.90,true,1,
7290000652979,false,עוף שלם טרי ארוז דיל,תנובה,IL,עוף שלם טרי,קילוגרמים,0.00,"ק""ג",true,0,18.90,18.90,true,1,
7290000652986,false,כרעי עוף טרי ארוז דיל,תנובה,IL,כרעי עוף טרי,קילוגרמים,0.00,"ק""ג",true,0,27.90,27.90,true,1,
7290000653006,false,שוקי עוף טרי ארוז דיל,תנובה,IL,שוקיים עוף טרי,קילוגרמים,0.00,"ק""ג",true,0,32.90,32.90,true,1,
7290000653099,false,קורקבן עוף טרי ארוז דיל,תנובה,IL,קורקבן עוף טרי,קילוגרמים,0.00,"ק""ג",true,0,9.90,9.90,true,1,
7290000679631,false,קמיל בלו קלאסיק 500 גרם,פישר מעבדות פרמצבטיות,IL,קמיל בלו אלסבון,מיליליטרים,500.00,"100 מ""ל",false,0,15.90,3.18,true,1,
7290000688381,false,"מי עדן אישי 500*6 מ""ל",מי עדן,IL,מי עדן אישי 6 בק,ליטרים,3.00,ליטר,false,0,13.70,4.57,true,1,
7290000688503,false,מי עדן ספורטאים 750*6 מל,מי עדן,IL,מי עדן ספורטאים,ליטרים,4.50,ליטר,false,0,14.90,3.31,true,1,
7290000688732,false,מי עדן 6 * 1.5 ליטר,מי עדן,IL,מי עדן 6 יח,ליטרים,9.00,ליטר,false,0,11.90,1.32,true,1,
7290000692456,false,אג'קס חלונות750*2מל,קולגייט-פלמוליב,GR,אג'קס לחלונות,ליטרים,1.50,ליטר,false,0,24.90,16.60,true,1,
7290000720852,false,פרש וואנס לילד ג'מבו320י,על בד,IL,מגבוני פרש ווא,יחידה,1.00,יחידה,false,0,14.80,14.80,true,1,
7290000805795,false,"חול לחתולים 10 ק""ג",שחם גבעת עדה,IL,חול לחתולים,קילוגרמים,10.00,"ק""ג",false,0,32.20,3.22,true,1,
7290000805900,false,"לה קט טעם עוף 2.85 ק""ג",ביופט,IL,לה קט עוף לחתול,קילוגרמים,2.85,"ק""ג",false,0,56.90,19.96,true,1,
7290000805924,false,"לה קט טעם דגים 2.85 ק""ג",ביופט,IL,לה קט לחתול,קילוגרמים,2.85,"ק""ג",false,0,56.90,19.96,true,1,
7290000915883,true,טחון בקר טרי עצמי מחיר,שונות,IL,טחון בקר טרי,קילוגרמים,0.00,"ק""ג",true,0,59.90,59.90,true,1,
7290000922591,true,עוף שלם טרי תפזורת עצמי,שונות,IL,עוף שלם טרי,קילוגרמים,0.00,"ק""ג",true,0,18.90,18.90,true,1,
7290000929415,true,חזה הודו נ.טרי ת. עצמי,שופרסל,IL,חזה הודו טרי,קילוגרמים,0.00,"ק""ג",true,0,29.90,29.90,true,1,
7290000929514,true,גרון הודו נ.טרי ת.עצמי,שונות,IL,גרון הודו טרי,קילוגרמים,0.00,"ק""ג",true,0,23.90,23.90,true,1,
7290000961804,true,דלעת ארוזה,קטיף,IL,דלעת ארוזה,קילוגרמים,0.00,"ק""ג",true,0,9.90,9.90,true,1,
7290000963136,true,תפוח עץ מוזהב 65,קטיף,XX,תפוח עץ מוזהב,קילוגרמים,0.00,"ק""ג",true,0,9.90,9.90,true,1,
7290000963174,true,תפוח עץ יונתן יבוא,קטיף,XX,תפוח עץ יונתן,קילוגרמים,0.00,"ק""ג",true,0,11.90,11.90,true,1,
7290000963297,true,תפוח עץ סטרקינג 65,קטיף,XX,תפוח סטרקינג,קילוגרמים,0.00,"ק""ג",true,0,9.90,9.90,true,1,
7290000963310,true,תפוח עץ קנזי,קטיף,XX,"תפו""ע קנזי",קילוגרמים,0.00,"ק""ג",true,0,14.90,14.90,true,1,
7290000963341,true,אגס אסיאתי,קטיף,CN,אגס אסיאתי,קילוגרמים,0.00,"ק""ג",true,0,13.90,13.90,true,1,
7290000963365,true,תפוח עץ פינקריספי 65,קטיף,XX,"תפו""ע פינקריספי",קילוגרמים,0.00,"ק""ג",true,0,12.90,12.90,true,1,
7290000963419,true,תפוח עץ גאלה65,קטיף,XX,תפוח עץ גאלה,קילוגרמים,0.00,"ק""ג",true,0,12.90,12.90,true,1,
7290000963563,true,תפוח עץ סמיט65,קטיף,XX,תפוח עץ סמיט,קילוגרמים,0.00,"ק""ג",true,0,9.90,9.90,true,1,
7290000964300,true,תפוז,קטיף,IL,תפוז,קילוגרמים,0.00,"ק""ג",true,0,4.90,4.90,true,1,
7290000964362,true,פומלה לבנה,קטיף,IL,פומלה לבנה,קילוגרמים,0.00,"ק""ג",true,0,6.90,6.90,true,1,
7290000964379,true,אשכולית לבנה,קטיף,IL,אשכולית לבנה,קילוגרמים,0.00,"ק""ג",true,0,6.90,6.90,true,1,
7290000964393,true,אשכולית אדומה,קטיף,IL,אשכולית אדומה,קילוגרמים,0.00,"ק""ג",true,0,6.90,6.90,true,1,
7290000964461,true,פומלית,קטיף,IL,פומלית,קילוגרמים,0.00,"ק""ג",true,0,5.90,5.90,true,1,
7290000964492,true,לימון תפזורת,קטיף,IL,לימון,קילוגרמים,0.00,"ק""ג",true,0,7.90,7.90,true,1,
7290000964560,true,קלמנטינה,קטיף,IL,קלמנטינה,קילוגרמים,0.00,"ק""ג",true,0,5.90,5.90,true,1,
7290000964775,true,בננה,קטיף,IL,בננה,קילוגרמים,0.00,"ק""ג",true,0,5.90,5.90,true,1,
7290000964829,true,אגס ספדונה 55,קטיף,IL,אגס ספדונה,קילוגרמים,0.00,"ק""ג",true,0,9.90,9.90,true,1,
7290000964980,true,אבוקדו,קטיף,IL,אבוקדו,קילוגרמים,0.00,"ק""ג",true,0,13.90,13.90,true,1,
7290000966328,true,אפרסמון סיני65,קטיף,IL,אפרסמון סיני,קילוגרמים,0.00,"ק""ג",true,0,10.90,10.90,true,1,
7290000966564,true,רימון,קטיף,IL,רימון,קילוגרמים,0.00,"ק""ג",true,0,8.90,8.90,true,1,
7290000966663,true,קיווי,קטיף,IL,קיווי,קילוגרמים,0.00,"ק""ג",true,0,12.90,12.90,true,1,
7290000976556,true,צנובר במשקל תפזורת,דין שיווק,IL,צנובר במשקל תפזורת,גרמים,0.00,"ק""ג",true,0,199.00,199.00,true,1,
7290000976761,true,אגוזים קלופים תפזורת,,IL,אגוזים קלופים תפזורת,גרמים,0.00,"ק""ג",true,0,70.00,70.00,true,1,
7290000977478,true,בוטנים קלויים תפזורת,דין שיווק,IL,בוטנים קלויים,גרמים,0.00,"ק""ג",true,0,37.00,37.00,true,1,
7290000977980,true,אננס פלחים מסוכר תפזורת,דין שיווק,TH,אננס פלחים,גרמים,0.00,"ק""ג",true,0,40.00,40.00,true,1,
7290000978024,true,בננה צ'יפס תפזורת,,IL,בננה צ'יפס תפזורת,גרמים,0.00,"ק""ג",true,0,35.00,35.00,true,1,
7290000978383,true,תמר מהגול ענק תפזורת,,IL,תמר מהגול ענק תפזורת,גרמים,0.00,"ק""ג",true,0,50.00,50.00,true,1,
7290000978413,true,פאפיה רצועות תפזורת,דין שיווק,TH,פאפיה רצועות תפזורת,גרמים,0.00,"ק""ג",true,0,35.00,35.00,true,1,
7290000979427,true,עגבניה שרי כתום יחידה,קטיף,IL,עגבניה שרי כתום,יחידה,1.00,יחידה,false,1,9.90,9.90,true,1,
7290000979700,true,חסה לבבות יחידה,קטיף,IL,חסה לבבות,יחידה,1.00,יחידה,false,0,8.90,8.90,true,1,
7290000982939,true,לוף פרסה-יחידה,קטיף,IL,לוף פרסה-יחידה,יחידה,1.00,יחידה,false,0,9.90,9.90,true,1,
7290000986906,true,חסה עגולה ארוזה,קטיף,IL,חסה עגולה,יחידה,1.00,יחידה,false,0,6.90,6.90,true,1,
7290000989778,true,חמוציות מיובשות מסוכרות,דין שיווק,IL,חמוציות תפזורת,גרמים,0.00,"ק""ג",true,0,45.00,45.00,true,1,
7290000998251,true,תות שדה שקיל,קטיף,IL,תות שדה שקיל,גרמים,0.00,"ק""ג",true,1,39.00,39.00,true,1,
7290001012123,false,פרש וואנס קייר כחול 72*4,על בד,IL,פרש וואנס,יחידה,1.00,יחידה,false,0,17.90,17.90,true,1,
7290001045220,false,מיץ תפוזים סחוט 2 ליטר,גניר,IL,מיץ תפוזים סחוט,ליטרים,2.00,ליטר,false,0,20.00,10.00,true,1,
7290001045237,false,משקה לימון עם נענע 2ליטר,גניר,IL,משקה לימון נענע,ליטרים,2.00,ליטר,false,0,20.00,10.00,true,1,
7290001121238,false,קורנביף 180 גרם,מעדני יחיעם,IL,קורנביף,גרמים,180.00,100 גרם,false,0,23.90,13.28,true,1,
7290001121788,false,נקניקיות עוף טבעיות400גר,מעדני יחיעם,IL,נקניקיות עוף,גרמים,400.00,100 גרם,false,0,14.90,3.73,true,1,
7290001121979,false,סלמי הרץ 150 גרם,מעדני יחיעם,IL,סלמי הרץ,גרמים,150.00,100 גרם,false,0,22.90,15.27,true,1,
7290001123058,false,פילה מדומה מס6' חלק קפוא,שונות,IL,פ.מדומה מס6',קילוגרמים,0.00,"ק""ג",true,0,49.90,49.90,true,1,
7290001136287,false,"שמפו נקה 7 רגיל 750 מ""ל",אמיליה קוסמטיקס,IL,שמפו נקה 7,מיליליטרים,750.00,"100 מ""ל",false,0,10.00,1.33,true,1,
7290001158517,false,כרעי עוף טרי תפזורת עצמי,שופרסל,IL,כרעיים עוף טרי,קילוגרמים,0.00,"ק""ג",true,0,27.90,27.90,true,1,
7290001158531,false,שוקי עוף טרי תפזורת עצמי,שונות,IL,שוקיים עוף טרי,קילוגרמים,0.00,"ק""ג",true,0,32.90,32.90,true,1,
7290001158593,false,בקר טחון מבשר קפוא)עצמי(,שונות,IL,בקר טחון מקפוא,קילוגרמים,0.00,"ק""ג",true,0,42.90,42.90,true,1,
7290001199022,false,גמבה במרינדה 400 גרם,סלטי ברדה,IL,גמבה במרינדה,גרמים,400.00,100 גרם,false,0,11.80,2.95,true,1,
7290001199039,false,סלט בולגרי 450 גרם,סלטי ברדה,IL,סלט בולגרי,גרמים,450.00,100 גרם,false,0,10.10,2.24,true,1,
7290001199046,false,כרוב במלח 450 גרם,סלטי ברדה,IL,כרוב במלח,גרמים,450.00,100 גרם,false,0,7.70,1.71,true,1,
7290001199053,false,סלט חציל תאילנדי,,,סלט חציל תאילנדי,גרמים,500.00,100 גרם,false,0,14.80,2.96,true,1,
7290001199084,false,גזר בסיגנון קוריאני500גר,סלטי ברדה,IL,גזר קוריאני,גרמים,500.00,100 גרם,false,0,12.80,2.56,true,1,
7290001199107,false,סוטא אוקראיני 500 גרם,סלטי ברדה,IL,סוטא אוקראיני,גרמים,500.00,100 גרם,false,0,11.80,2.36,true,1,
7290001199237,false,סלט פיקנטי 450 גרם,סלטי ברדה,IL,סלט פיקנטי,גרמים,450.00,100 גרם,false,0,9.80,2.18,true,1,
7290001199244,false,"כרוב במלח 1 ק""ג",סלטי ברדה,IL,"כרוב במלח 1 ק""ג",קילוגרמים,1.00,"ק""ג",false,0,16.80,16.80,true,1,
7290001199350,false,חרדל 180 גרם,סלטי ברדה,IL,חרדל 180 גרם,גרמים,180.00,100 גרם,false,0,7.80,4.33,true,1,
7290001199404,false,כרוב עם חמוציות,,,כרוב עם חמוציות,קילוגרמים,1.00,"ק""ג",false,0,20.00,20.00,true,1,
7290001199435,false,חציל פיקנטי 500 גרם,סלטי ברדה,IL,חציל פיקנטי,גרמים,500.00,100 גרם,false,0,14.90,2.98,true,1,
7290001199510,false,חמוצים טעם ביתי טורשי1קג,סלטי ברדה,,חמוצים בטעם ביתי,קילוגרמים,1.00,"ק""ג",false,0,20.00,20.00,true,1,
7290001201510,false,ביצים 30 יח,,IL,ביצים 30 יח,יחידה,1.00,יחידה,false,0,26.37,26.37,true,1,
7290001208601,false,חלבה וניל במשקל עדן,"עדן תעשיות חלבה בע""מ",IL,חלבה וניל עדן,קילוגרמים,0.00,"ק""ג",true,0,42.00,42.00,true,1,
7290001215456,false,פילה מקרל מקרוסקה במשקל,מעדני מיקי,IL,פילה מקרל,קילוגרמים,0.00,"ק""ג",true,0,96.00,96.00,true,1,
7290001216040,false,טחינה גולמית 500 גרם,אגס ירוק מסחר ושירותים,IL,טחינה גולמית,גרמים,500.00,100 גרם,false,0,15.90,3.18,true,1,
7290001230234,false,כאמל סופט חפיסה,jti,CH,כאמל סופט יח',יחידה,1.00,יחידה,false,0,31.50,31.50,false,1,
7290001247006,false,גזוז בטעם קולה קריסטל 2ל,יפאורה שותפות מובגלת לשיווק,IL,קריסטל קולה,ליטרים,2.00,ליטר,false,0,3.90,1.95,true,1,
7290001247037,false,גזוז בטעם מנטה קריסטל 2ל,יפאורה שותפות מובגלת לשיווק,IL,גזוז בטעם מנטה,ליטרים,2.00,ליטר,false,0,3.90,1.95,true,1,
7290001247051,false,קריסטל למון ליים 2 ליטר,יפאורה שותפות מובגלת לשיווק,IL,גזוז לימון ליים,ליטרים,2.00,ליטר,false,0,3.90,1.95,true,1,
7290001247068,false,נקטר ספרינג תות-בננה 1ל',יפאורה שותפות מובגלת לשיווק,IL,נקטר תות בננה,ליטרים,1.00,ליטר,false,0,5.30,5.30,true,1,
7290001247082,false,נקטר עגבניות ספרינג 1 ל',יפאורה שותפות מובגלת לשיווק,IL,נקטר עגבניות,ליטרים,1.00,ליטר,false,0,5.30,5.30,true,1,
7290001247112,false,נקטר ספרינג לימונענע 1ל',יפאורה שותפות מובגלת לשיווק,IL,משקה לימונענע,ליטרים,1.00,ליטר,false,0,5.30,5.30,true,1,
7290001247129,false,נקטר ספרינג תפוזים 1ליטר,יפאורה שותפות מובגלת לשיווק,IL,נקטר ספרינג תפוז,ליטרים,1.00,ליטר,false,0,5.30,5.30,true,1,
7290001247952,false,"תפוזינה משק""ל ענבים1.5ל",יפאורה שותפות מובגלת לשיווק,IL,תפוזינה ענבים,ליטרים,1.50,ליטר,false,0,5.90,3.93,true,1,
7290001303016,false,עוף שלם טרי ארוז דיל לקג,עוף עוז,IL,עוף שלם טרי,קילוגרמים,0.00,"ק""ג",true,1,18.90,18.90,true,1,
7290001303030,false,שוקי עוף טרי ארוז דיל,עוף עוז,IL,שוקי עוף טרי,קילוגרמים,0.00,"ק""ג",true,1,32.90,32.90,true,1,
7290001303061,false,חזה עוף טרי ארוז דיל לקג,עוף עוז,IL,חזה עוף טרי,קילוגרמים,0.00,"ק""ג",true,1,31.90,31.90,true,1,
7290001303085,false,כבד עוף טרי ארוז דיל לקג,עוף עוז,IL,כבד עוף טרי,קילוגרמים,0.00,"ק""ג",true,1,17.90,17.90,true,1,
7290001303122,false,שניצל עוף טרי ארוז דיל ל,עוף עוז,IL,שניצל עוף טרי,קילוגרמים,0.00,"ק""ג",true,1,34.90,34.90,true,1,
7290001312995,false,בגט 280 גרם,גידרון,IL,באגט,יחידה,1.00,יחידה,false,0,4.20,4.20,true,1,
7290001327029,false,מאגדת מיקס 7 יחידות,שטראוס,IL,מאגדת מיקס,גרמים,440.00,100 גרם,false,0,33.90,7.70,true,1,
7290001327180,false,קרמיסימו וניל צ'יפ 1.33ל,שטראוס,IL,גלידה קרמיסימו,ליטרים,1.33,ליטר,false,0,19.90,14.96,true,1,
7290001327197,false,קרמיסימו שוקו וניל 1.33ל,שטראוס,IL,גלידה קרמיסימו,ליטרים,1.33,ליטר,false,0,19.90,14.96,true,1,
7290001327227,false,קרמיסימו ריבת חלב 1.33ל',שטראוס,IL,גלידה קרמיסימו,ליטרים,1.33,ליטר,false,0,19.90,14.96,true,1,
7290001327357,false,גל.קרמיסימו וניל 1.33ל',שטראוס,IL,גלידה קרמיסימו,ליטרים,1.33,ליטר,false,0,19.90,14.96,true,1,
7290001327791,false,גל.קרמיסימו עוגיות 1.33ל,שטראוס,IL,גלידה קרמיסימו,ליטרים,1.33,ליטר,false,0,19.90,14.96,true,1,
7290001343845,false,"גרנולה ת.בריאות1- ק""ג",דין שיווק,IL,"גרנולה ת.בריאות1- ק""ג",קילוגרמים,1.00,"ק""ג",false,0,27.00,27.00,true,1,
7290001407752,false,טחינה עם פטרוזיליה 500גר,רושדי תעשיות מזון,,טחינה גולמית,גרמים,500.00,100 גרם,false,0,15.80,3.16,true,1,
7290001407769,false,טחינה שומש.מלא בארכה500ג,רושדי תעשיות מזון,IL,טחינה שומשום,גרמים,500.00,100 גרם,false,0,10.90,2.18,true,1,
7290001462010,false,אריסה מרוקאית 250 גרם,נטו,IL,אריסה מרוקאית,גרמים,250.00,100 גרם,false,0,14.60,5.84,true,1,
7290001482506,false,חומץ בלסמי,,IT,חומץ בלסמי,מיליליטרים,500.00,"100 מ""ל",false,0,18.10,3.62,true,1,
7290001485019,false,גב.שמנת בטעם טבעי5% 200ג,טרה,IL,גבינת שמנת 5%,גרמים,200.00,100 גרם,false,0,10.80,5.40,true,1,
7290001507056,false,וופל חרוב אורגני,,IL,וופל חרוב אורגני,גרמים,200.00,100 גרם,false,0,10.60,5.30,true,1,
7290001567791,false,פםטרמה רומנית 250גרם,מעדני יחיעם,IL,פםטרמה רומנית,גרמים,250.00,100 גרם,false,1,27.90,11.16,true,1,
7290001567814,false,סלמי מעושן איטלקי 300גרם,מעדני יחיעם,IL,סלמי מעושן איטלק,גרמים,300.00,100 גרם,false,1,25.90,8.63,true,1,
7290001779965,false,שלגוני ויטמינצ'יק,נסטלה,IL,שלגוני ויטמינצ,גרמים,800.00,100 גרם,false,0,21.30,2.66,true,1,
7290001780428,false,גלידיאט שוקו+ 6יח',נסטלה,IL,מארז גלידיאט,גרמים,360.00,100 גרם,false,0,29.90,8.31,true,1,
7290001791356,false,סנופרש אוטומטי לבנדר250מ,סנו,IL,סנופרש אוטומטי,מיליליטרים,250.00,"100 מ""ל",false,0,11.90,4.76,true,1,
7290001791363,false,סנופרש אוטומטי וניל 250מ,סנו,IL,סנופרש אוטומטי,מיליליטרים,250.00,"100 מ""ל",false,0,11.90,4.76,true,1,
7290001814147,false,ממרח בטעם שוקולד פרה500ג,שטראוס,IL,ממרח בטעם שוקולד,גרמים,500.00,100 גרם,false,0,9.90,1.98,true,1,
7290001817063,false,סוכ.טופי מזל וברכות850גר,שטראוס,IL,טופי ברכות פירות,גרמים,850.00,100 גרם,false,0,15.50,1.82,true,1,
7290001902776,false,לחמנית עם דגנים קפוא,גידרון,IL,לחמנית עם דגנים,יחידה,1.00,יחידה,false,0,4.50,4.50,true,1,
7290001917077,false,אדג' ג'ל גילוח רגיש225*2,אנרג'ייזר,US,אדג' ג'ל גילוח2*,מיליליטרים,450.00,"100 מ""ל",false,0,29.90,6.64,true,1,
7290001946121,false,פפריקה בשמן,,,פפריקה בשמן,גרמים,400.00,100 גרם,false,0,17.90,4.48,true,1,
7290001946404,false,שום כתוש 250 גרם,נטו,IL,שום כתוש,גרמים,250.00,100 גרם,false,0,14.60,5.84,true,1,
7290001990094,false,"סוכר חום בצנצנת 1 ק""ג",סוגת,IL,סוכר חום קלאסי,קילוגרמים,1.00,"ק""ג",false,0,11.70,11.70,true,1,
7290001990421,false,"גרעיני תירס 1 ק""ג",סוגת,IL,"פופקורן 1 ק""ג",קילוגרמים,1.00,"ק""ג",false,0,9.80,9.80,true,1,
7290002002857,false,נייר שעווה 50 יחידות,אלסום ביגנדו,IL,נייר שעווה,יחידה,1.00,יחידה,false,0,19.90,19.90,true,1,
7290002007371,false,פירורי לחם 500 גרם,הנמל,IL,פירורי לחם,גרמים,500.00,100 גרם,false,0,5.90,1.18,true,1,
7290002007623,false,כוסות ליין 50 יחידות,הנמל,IL,כוסות יין,יחידה,1.00,יחידה,false,0,1.00,1.00,true,1,
7290002008040,false,"מקלות לשיפודים30ס""מ100יח",הנמל,IL,מקלות לשיפודים,יחידה,1.00,יחידה,false,0,3.00,3.00,true,1,
7290002008149,false,מדליק פחם מוצק 40 קוביות,הנמל,DE,מדליק פחמים,יחידה,1.00,יחידה,false,0,5.90,5.90,true,1,
7290002008187,false,קשים מתקפלים 40 יח',הנמל,IL,קשים מתקפלים,יחידה,1.00,יחידה,false,0,0.90,0.90,true,1,
7290002008309,false,100עטרות חום בקופסא מס4',הנמל,IL,עטרות בקופסה,יחידה,1.00,יחידה,false,0,4.90,4.90,true,1,
7290002008651,false,"קמח תפו""א 500 גרם",הנמל,IL,"קמח תפו""א",גרמים,500.00,100 גרם,false,0,4.90,0.98,true,1,
7290002008750,false,אבקת אפיה 10*10 גרם,הנמל,IL,אבקת אפיה,גרמים,100.00,100 גרם,false,0,3.20,3.20,true,1,
7290002008989,false,קישקשים בקופסא 225 יח',הנמל,IL,קישקשים בקופסא,יחידה,1.00,יחידה,false,0,5.90,5.90,true,1,
7290002014607,false,"חומוס 1 ק""ג",מעדני מיקי,IL,"חומוס 1 ק""ג",קילוגרמים,1.00,"ק""ג",false,0,13.50,13.50,true,1,
7290002019763,false,עגבנ.מרוסקות פרי ניר800ג,פרי ניר,IL,עגבניות מרוסקות,גרמים,800.00,100 גרם,false,0,6.70,0.84,true,1,
7290002020189,false,מיני סופגניה עם ריבה יח,גידרון,IL,סופגניה מיני,גרמים,35.00,100 גרם,false,0,2.50,7.14,true,1,
7290002022046,false,מרשמלו ורוד לבן 180 גרם,כרמית,IL,מרשמלו ורוד לבן,גרמים,180.00,100 גרם,false,0,7.80,4.33,true,1,
7290002037057,false,לחם פרוס לבן 500 גרם,מאפית ברמן,IL,לחם לבן פרוס,גרמים,500.00,100 גרם,false,0,5.80,1.16,true,1,
7290002040019,false,קוסקוס רגיל 350 גרם,קוסקוס מזון,IL,קוסקוס רגיל,גרמים,350.00,100 גרם,false,0,4.90,1.40,true,1,
7290002040095,false,קוסקוס רגיל 3 * 350 גרם,קוסקוס מזון,IL,קוסקוס רגיל 3 יח,קילוגרמים,1.05,"ק""ג",false,0,11.90,11.33,true,1,
7290002050094,false,מיקס אקזוטי וקפה בשוקולד,זארובי פיצוחי הגליל,IL,מיקס אקזוטי,גרמים,150.00,100 גרם,false,1,16.90,11.27,true,1,
7290002050131,false,קוקטייל טבע וסוכריות150ג,זארובי פיצוחי הגליל,IL,קוקטייל טבע וסוכ,גרמים,150.00,100 גרם,false,1,16.90,11.27,true,1,
7290002050711,false,מיקס אגוזים צימוקבשוקולד,זארובי פיצוחי הגליל,IL,מיקס אגוזים,גרמים,150.00,100 גרם,false,1,16.90,11.27,true,1,
7290002053095,false,אטריות ביצים מס10. 200גר,אוריינט,IL,אטריות ביצים,גרמים,200.00,100 גרם,false,0,7.20,3.60,true,1,
7290002057123,false,מנזנילו ירוק ל.גלעין540ג,קבוצת יבנה,IL,זית ללא גלעין,גרמים,540.00,100 גרם,false,0,8.90,1.65,true,1,
7290002057130,false,מנזנילו ירוק ל.גלעין1250,קבוצת יבנה,IL,זית ללא גלעין,קילוגרמים,1.25,"ק""ג",false,0,21.50,17.20,true,1,
7290002057161,false,זית חתוך במרינד 540 גרם,קבוצת יבנה,IL,זית חתוך במרינד,גרמים,540.00,100 גרם,false,0,9.00,1.67,true,1,
7290002057352,false,מלפפונים 7-9 במלח 540גרם,קבוצת יבנה,IL,מלפפון במלח 7-9,גרמים,540.00,100 גרם,false,0,6.30,1.17,true,1,
7290002057369,false,מלפפון במלח 10-12 540גרם,קבוצת יבנה,IL,מלפפונים במלח,גרמים,540.00,100 גרם,false,0,7.50,1.39,true,1,
7290002057376,false,מלפ. במלח קטן13-17 540גר,קבוצת יבנה,IL,מלפפונים במלח,גרמים,540.00,100 גרם,false,0,9.50,1.76,true,1,
7290002057468,false,מלפפון בחומץ 10-12 540גר,קבוצת יבנה,IL,מלפפון בחומץ,גרמים,540.00,100 גרם,false,0,7.50,1.39,true,1,
7290002057475,false,מלפ.בחומץ קטן13-17 540גר,קבוצת יבנה,IL,מלפפונים בחומץ,גרמים,540.00,100 גרם,false,0,9.50,1.76,true,1,
7290002057604,false,פלפל חריף שיפקה 540 גרם,קבוצת יבנה,IL,פלפל חריף שיפקה,גרמים,540.00,100 גרם,false,0,6.30,1.17,true,1,
7290002057628,false,טבעות זיתים מושחרים540גר,קבוצת יבנה,IL,טבעות זיתים,גרמים,540.00,100 גרם,false,0,9.50,1.76,true,1,
7290002065555,false,לחמניות בשקית 75*6 גרם,מאפיית שלמה א. אנג'ל,IL,6 לחמניות בשקית,גרמים,450.00,100 גרם,false,0,11.50,2.56,true,1,
7290002065616,false,לחם שיפון גרעינים 750גרם,מאפיית שלמה א. אנג'ל,IL,לחם שיפון,גרמים,750.00,100 גרם,false,0,11.50,1.53,true,1,
7290002065623,false,לחם שיפון כפרי 750 גרם,מאפיית שלמה א. אנג'ל,IL,לחם שיפון כפרי,גרמים,750.00,100 גרם,false,0,11.50,1.53,true,1,
7290002079033,false,לחם דגנים לייט 500 גרם,מאפיית דוידוביץ,IL,לחם דגנים לייט,גרמים,500.00,100 גרם,false,0,13.80,2.76,true,1,
7290002079347,false,חלה קלה פרוסה 500 גרם,מאפיית דוידוביץ,IL,חלה קלה פרוסה,גרמים,500.00,100 גרם,false,0,12.90,2.58,true,1,
7290002079996,false,לחם אחיד פרוס קל 750 גרם,מאפיית דוידוביץ,IL,לחם אחיד פרוס קל,גרמים,750.00,100 גרם,false,0,13.80,1.84,true,1,
7290002107019,false,גב.צפתית מעודנת5% 250גרם,משק צוריאל תבור,IL,צפתית מעודנת5%,גרמים,250.00,100 גרם,false,0,13.90,5.56,true,1,
7290002107071,false,פטה עיזים מעודנת16% 200ג,משק צוריאל תבור,IL,גבינת פטה עיזים,גרמים,200.00,100 גרם,false,0,22.90,11.45,true,1,
7290002107798,false,בולגרית מעודנת 5% 250 גר,משק צוריאל תבור,IL,גבינה בולגרית 5%,גרמים,250.00,100 גרם,false,0,17.90,7.16,true,1,
7290002109372,false,בורקס פילו גבינה בולגרית,"שגמור בע""מ",IL,בורקס פילו גבינה,גרמים,700.00,100 גרם,false,0,21.40,3.06,true,1,
7290002129783,false,חזה אסאדו טרי מוכשר צרפת,.,FR,חזה אסדו טרי,קילוגרמים,0.00,"ק""ג",true,1,44.90,44.90,true,1,
7290002129806,false,צלי כתף טרי מוכשר צרפת ל,.,FR,צלי כתף טרי,קילוגרמים,0.00,"ק""ג",true,1,69.90,69.90,true,1,
7290002129844,false,קשתית טרי מוכשר צרפת לקג,.,FR,קשתית טרי,קילוגרמים,0.00,"ק""ג",true,1,49.90,49.90,true,1,
7290002130567,false,דבש טהור יד מרדכי 350גרם,יד מרדכי,IL,דבש טהור,גרמים,350.00,100 גרם,false,0,19.90,5.69,true,1,
7290002130574,false,דבש מפרחי בר יד מרדכי500,יד מרדכי,IL,דבש מפרחי בר,גרמים,500.00,100 גרם,false,0,24.70,4.94,true,1,
7290002133162,false,גב.בולגרית של פעם5% 250ג,מחלבת השומרון,IL,גבינה בולגרית 5%,גרמים,250.00,100 גרם,false,0,18.90,7.56,true,1,
7290002150336,false,פלאפל 800 גרם,"אדריה בע""מ",IL,פאלפל אמיתי,גרמים,800.00,100 גרם,false,0,19.90,2.49,true,1,
7290002153818,false,אובלטים קימל 500 גרם,אם החיטה,IL,אובלטים קימל,גרמים,500.00,100 גרם,false,0,9.90,1.98,true,1,
7290002157960,false,טונה במים 4 * 140 גרם,ויליגר,IL,טונה במים 4 יח,גרמים,560.00,100 גרם,false,1,21.90,3.91,true,1,
7290002190516,false,ממרח ריבת חלב קומידה500ג,אשבל,IL,ממרח ריבת חלב,גרמים,500.00,100 גרם,false,0,11.90,2.38,true,1,
7290002253006,false,שום כתוש דורות 200 גרם,דורות,IL,שום טרי כתוש,גרמים,200.00,100 גרם,false,0,15.90,7.95,true,1,
7290002253167,false,פטרוזיליה קצוצה קפואה70ג,דורות,IL,פטרוזיליה מוקפאת,גרמים,70.00,100 גרם,false,0,9.90,14.14,true,1,
7290002253198,false,גינג'ר כתוש קפוא מגשית70,דורות,IL,גינג'ר כתוש קפוא,גרמים,70.00,100 גרם,false,0,9.90,14.14,true,1,
7290002323815,false,משקה קל תפוזים קריסטל 2ל,יפאורה שותפות מובגלת לשיווק,IL,משקה קל תפוזים,ליטרים,2.00,ליטר,false,0,3.90,1.95,true,1,
7290002323822,false,מיץ אשכוליות קריסטל2ליטר,יפאורה שותפות מובגלת לשיווק,IL,קריסטל אשכוליות,ליטרים,2.00,ליטר,false,0,3.90,1.95,true,1,
7290002323839,false,משקה קל ענבים קריסטל 2ל',יפאורה שותפות מובגלת לשיווק,IL,משקה קל ענבים,ליטרים,2.00,ליטר,false,0,3.90,1.95,true,1,
7290002323846,false,משקה קל מנגו 2 ליטר,יפאורה שותפות מובגלת לשיווק,IL,קריסטל מנגו,ליטרים,2.00,ליטר,false,0,3.90,1.95,true,1,
7290002327042,false,"בורקס תפו""א 800 גרם",אופרה,IL,"בורקס תפו""א",גרמים,800.00,100 גרם,false,0,20.00,2.50,true,1,
7290002327059,false,"בצק עלים 1 ק""ג",אופרה,IL,בצק עלים מרודד,קילוגרמים,1.00,"ק""ג",false,0,20.70,20.70,true,1,
7290002327073,false,בורקס גבינה 800 גרם,אופרה,IL,בורקס גבינה,גרמים,800.00,100 גרם,false,0,21.90,2.74,true,1,
7290002331322,false,מים מינרל.נביעות 1.5*6ל,נביעות טבע,IL,מים נביעות 6 יח,ליטרים,9.00,ליטר,false,0,10.90,1.21,true,1,
7290002332022,false,נביעות+משמש אננס 1.5ליטר,נביעות טבע,IL,נביעות+משמש אננס,ליטרים,1.50,ליטר,false,0,7.50,5.00,true,1,
7290002353836,false,סרדינ.בשמן זית רוברט125ג,נטו,PT,סרדינים בשמן זית,גרמים,115.00,100 גרם,false,0,7.20,6.26,true,1,
7290002363491,false,"יין קונדיטון 750 מ""ל",הכורמים,IL,יין קונדיטון,מיליליטרים,750.00,"100 מ""ל",false,0,30.00,4.00,true,1,
7290002371403,false,מארז פסטרמה+נקניק 600גרם,טירת צבי,IL,פסטרמה+נקניק,גרמים,600.00,100 גרם,false,0,28.40,4.73,true,1,
7290002371540,false,קורנדביף 120 גרם,טירת צבי,IL,קורנדביף,גרמים,120.00,100 גרם,false,0,15.90,13.25,true,1,
7290002371854,false,"נקניקיות עוף חריפות 1ק""ג",טירת צבי,IL,נקניקיות עוף,קילוגרמים,1.00,"ק""ג",false,0,31.10,31.10,true,1,
7290002472087,false,עוגת קצפת פס שוקולד 600ג,גידרון,IL,עוגת קצפת,גרמים,600.00,100 גרם,false,0,33.00,5.50,true,1,
7290002472117,false,פס קצפת קפוצ'ינו 600 גרם,גידרון,IL,פס קצפת קפוצ'ינו,גרמים,600.00,100 גרם,false,0,33.00,5.50,true,1,
7290002472148,false,עוגת קצפת בלק פורסט600גר,גידרון,IL,עוגת בלק פורסט,גרמים,600.00,100 גרם,false,0,33.00,5.50,true,1,
7290002485001,false,חומוס מסעדות 250גרם,סלטי שמיר,IL,סלט חומוס,גרמים,250.00,100 גרם,false,0,8.90,3.56,true,1,
7290002485056,false,חומוס אבו גוש 250גרם,סלטי שמיר,IL,חומוס אבו גוש,גרמים,250.00,100 גרם,false,0,8.90,3.56,true,1,
7290002485124,false,חציל תאילנד 250 גרם,סלטי שמיר,IL,סלט חציל תאילנדי,גרמים,250.00,100 גרם,false,0,13.80,5.52,true,1,
7290002485339,false,סלט ביצים עם אבוקדו250ג,סלטי שמיר,IL,סלט ביצים+אבוקדו,גרמים,250.00,100 גרם,false,0,17.90,7.16,true,1,
7290002485407,false,סלט תירס מקסיקני 250 גרם,סלטי שמיר,IL,סלט תירס מקסיקני,גרמים,250.00,100 גרם,false,0,13.90,5.56,true,1,
7290002507253,false,מקלות פילו פטיסייר 600גר,נטו,IL,מקלות פילו פטיסי,גרמים,600.00,100 גרם,false,1,20.90,3.48,true,1,
7290002517818,false,הל טחון 30 גרם,תבליני טעם וריח,IL,הל טחון,גרמים,30.00,100 גרם,false,0,12.80,42.67,true,1,
7290002543046,false,פרוסטיס 750 גרם,קלוג'ס,GB,פרוסטיס 750 גרם,גרמים,750.00,100 גרם,false,0,14.90,1.99,true,1,
7290002543237,false,קלוג'ס קורנפלקס 750 גרם,קלוג'ס,GB,קורנפלקס קלוגס,גרמים,750.00,100 גרם,false,0,14.90,1.99,true,1,
7290002651123,false,מלווח חמסי 5יח 1קג,חמסי,IL,מלווח חמסי,גרמים,1000.00,100 גרם,false,0,15.20,1.52,true,1,
7290002663522,false,תפוזינה משקה קל תפוז1.5ל,יפאורה שותפות מובגלת לשיווק,IL,תפוזינה תפוזים,ליטרים,1.50,ליטר,false,0,5.90,3.93,true,1,
7290002663539,false,תפוזינה אשכוליות 1.5ליטר,יפאורה שותפות מובגלת לשיווק,IL,תפוזינה אשכוליות,ליטרים,1.50,ליטר,false,0,5.90,3.93,true,1,
7290002663805,false,שוופס טוניק 1.5 ליטר,יפאורה שותפות מובגלת לשיווק,IL,שוופס מי טוניק,ליטרים,1.50,ליטר,false,0,8.90,5.93,true,1,
7290002663829,false,שוופס ביטר לימון 1.5ליטר,יפאורה שותפות מובגלת לשיווק,IL,שוופס ביטר לימון,ליטרים,1.50,ליטר,false,0,8.90,5.93,true,1,
7290002692478,false,שמן זית מעודן כ.מעולה750,שמן תעשיות,IL,שמן זית מעודן,מיליליטרים,750.00,"100 מ""ל",false,0,34.90,4.65,true,1,
7290002706830,false,סרדינים בשמן זית 125*3ג,פוסידון תעשיות,IL,סרדינים 3 יח,גרמים,375.00,100 גרם,false,0,18.70,4.99,true,1,
7290002715504,false,מג'יק נודלס,,,מג'יק נודלס,גרמים,70.00,100 גרם,false,0,4.50,6.43,true,1,
7290002730675,false,"משחת קולגייט אדום 100מ""ל",קולגייט-פלמוליב,PL,משחת שיניים,מיליליטרים,100.00,"100 מ""ל",false,0,9.90,9.90,true,1,
7290002730811,false,משחה קולגייט ג'ל 100 גרם,קולגייט-פלמוליב,PL,משחת קולגייט ג'ל,מיליליטרים,100.00,"100 מ""ל",false,0,13.10,13.10,true,1,
7290002741077,false,כריות צוקולדה 750 גרם,יוניליוור,IL,כריות צוקולדה,גרמים,750.00,100 גרם,false,0,19.90,2.65,true,1,
7290002741084,false,8חטיפי דגנ.שוגי צדף שוקו,יוניליוור,IL,חטיפי דגנים 8 יח,גרמים,184.00,100 גרם,false,0,16.90,9.18,true,1,
7290002757535,false,בור.פילו אצבעות גב700.גר,"שגמור בע""מ",IL,פילו אצבעות,גרמים,700.00,100 גרם,false,0,20.70,2.96,true,1,
7290002759126,false,מארז 10יח מיני פיתהאסלית,מעיין תעשיות מאפה,IL,מיני פיתה,גרמים,500.00,100 גרם,false,0,11.90,2.38,true,1,
7290002766056,false,עגבניה שרי תמר יחידה,קטיף,IL,עגבניה שרי תמר,יחידה,1.00,יחידה,false,1,9.90,9.90,true,1,
7290002768036,false,"מי פה תיאדנט 150מ""ל",קרליין,IL,מי פה תיאדנט,מיליליטרים,150.00,"100 מ""ל",false,0,14.90,9.93,true,1,
7290002768043,false,מי פה תיאדנט+פלאוריד150מ,קרליין,IL,מי פה תיאדנט,מיליליטרים,150.00,"100 מ""ל",false,0,14.90,9.93,true,1,
7290002787464,false,פילה ברבוניה 400 גרם,דלידג - נטו,IL,פילה ברבוניה,גרמים,400.00,100 גרם,false,1,24.90,6.23,true,1,
7290002814023,false,אסלונית לניקוי אסלות750מ,קומפלקס כימיקלים,IL,אסלונית,מיליליטרים,750.00,"100 מ""ל",false,0,7.80,1.04,true,1,
7290002814047,false,אקונומיקה קצף ניקוי750מ,קומפלקס כימיקלים,IL,אקונומיקה קצף,מיליליטרים,750.00,"100 מ""ל",false,1,6.90,0.92,true,1,
7290002814078,false,אנטרטיק לניקוי אמבטיה1ל,קומפלקס כימיקלים,IL,אנטרטיק לאמבט,ליטרים,1.00,ליטר,false,0,9.30,9.30,true,1,
7290002814214,false,"קצף ניקוי אבן 750 מ""ל",קומפלקס כימיקלים,IL,קצף ניקוי,מיליליטרים,750.00,"100 מ""ל",false,0,6.90,0.92,true,1,
7290002814252,false,נוזל רצפות אוקיינוס 2 ל',קומפלקס כימיקלים,IL,נוזל רצפות,ליטרים,2.00,ליטר,false,0,10.90,5.45,true,1,
7290002814412,false,שמפו לכלים ירוק 1.5 ליטר,קומפלקס כימיקלים,IL,שמפו לכלים,ליטרים,1.50,ליטר,false,0,13.90,9.27,true,1,
7290002814928,false,פרלמנט קצר בודד,פיליפ מוריס,IL,פרלמנט קצר בודד,יחידה,1.00,יחידה,false,0,38.00,38.00,false,1,
7290002824183,false,גב.סקי משפחתי5%שומן500ג,שטראוס,IL,גבינת סקי 5%,גרמים,500.00,100 גרם,false,0,9.20,1.84,true,1,
7290002824640,false,גב.סקי5%לבנה מעודנת250ג,שטראוס,IL,גבינת סקי 5%,גרמים,250.00,100 גרם,false,0,4.60,1.84,true,1,
7290002825722,false,כרוב אדום אחלה 500 גרם,שטראוס,IL,סלט כרוב אחלה,גרמים,500.00,100 גרם,false,0,14.20,2.84,true,1,
7290002830184,false,פילה לברק קפוא,תנובה,IL,פילה לברק,קילוגרמים,0.00,"ק""ג",true,0,44.90,44.90,true,1,
7290002830207,false,גפילטע פיש,,IL,גפילטע פיש,גרמים,520.00,100 גרם,false,0,13.90,2.67,true,1,
7290002830245,false,פילה לברק יפני קג,דלידג - נטו,IL,פילה לברק יפני,קילוגרמים,0.00,"ק""ג",true,1,44.90,44.90,true,1,
7290002833525,false,מרלבורו רד קצר בוקס חפ.,פיליפ מוריס,,מרלבורו רד חפיסה,יחידה,1.00,יחידה,false,0,35.50,35.50,false,1,
7290002842002,false,קואקר אנגלי,,GB,קואקר אנגלי,גרמים,500.00,100 גרם,false,0,11.00,2.20,true,1,
7290002842569,false,משקה חמוציות 1.89 ל',קליפסטאר,US,משקה חמוציות,ליטרים,1.89,ליטר,false,0,19.90,10.53,true,1,
7290002845122,false,ל.מ. סילבר לייבל חפיסה,פיליפ מוריס,,ל.מ. סילבר ליי,יחידה,1.00,יחידה,false,0,33.50,33.50,false,1,
7290002854528,false,ל.מ. רד לייבל קצר,פיליפ מוריס,US,ל.מ. רד לייבל,יחידה,1.00,יחידה,false,0,33.50,33.50,false,1,
7290002862000,false,אריסה תוניסאית 250 גרם,"הררית מזון בע""מ",IL,אריסה תוניסאית,גרמים,250.00,100 גרם,false,0,13.90,5.56,true,1,
7290002862031,false,אריסה חריפה 250 גרם,"הררית מזון בע""מ",,אריסה חריפה,גרמים,250.00,100 גרם,false,0,13.90,5.56,true,1,
7290002862369,false,עמבה בצנצנת,,IL,עמבה בצנצנת,גרמים,260.00,100 גרם,false,0,13.90,5.35,true,1,
7290002868996,false,קוטג' 5% רכיבים טבעי250ג,טרה,IL,קוטג' 5% 250גרם,גרמים,250.00,100 גרם,false,0,5.20,2.08,true,1,
7290002871248,false,"טובורג רד בק.חוזר 500מ""ל",קרלסברג ישראל,IL,בירה טובורג רד,מיליליטרים,500.00,"100 מ""ל",false,0,8.40,1.68,true,1,
7290002871446,false,פריגת ענבים 1.5 ליטר,פריגת,IL,פריגת ענבים,ליטרים,1.50,ליטר,false,0,6.50,4.33,true,1,
7290002871460,false,פריגת תפוזים 1.5 ליטר,פריגת,IL,פריגת תפוזים,ליטרים,1.50,ליטר,false,0,6.50,4.33,true,1,
7290002874629,false,פרלמנט ארוך RCB בלו חפ,פיליפ מוריס,,פרלמנט ארוך יח,יחידה,1.00,יחידה,false,0,38.00,38.00,false,1,
7290002881209,false,"רסק תפו""ע 700 גרם",KONSERVENFABRIEK BALTUSSEN,US,"רסק תפו""ע",גרמים,700.00,100 גרם,false,0,10.00,1.43,true,1,
7290002900566,false,פסטרמה ברביקיו מופחת360ג,טירת צבי,IL,פסטרמה ברביקיו,גרמים,360.00,100 גרם,false,0,29.90,8.31,true,1,
7290002925798,false,גם וגם ירוק,,IL,גם וגם ירוק,מיליליטרים,120.00,"100 מ""ל",false,0,16.00,13.33,true,1,
7290002958192,false,רויאל אדום פאקט,,IL,רויאל אדום פאקט,יחידה,1.00,יחידה,false,0,214.90,214.90,false,1,
7290002987963,false,"חומוס אחלה 1 ק""ג",שטראוס,IL,"חומוס אחלה 1 ק""ג",קילוגרמים,1.00,"ק""ג",false,0,13.90,13.90,true,1,
7290003015474,false,מגבונ.עבים בייבי כיף72*4,קוסמופארם,IL,מגבוני בייבי כיף,יחידה,1.00,יחידה,false,0,17.90,17.90,true,1,
7290003015641,false,סנו ריצפז פרש יסמין2ליטר,סנו,IL,ריצפז פרש,ליטרים,2.00,ליטר,false,0,18.90,9.45,true,1,
7290003023165,false,שוקו בכד יטבתה 2 ליטר,יטבתה,IL,שוקו בכד יטבתה,ליטרים,2.00,ליטר,false,0,19.90,9.95,true,1,
7290003026029,false,שמפו קמיל בלו אל דמע500מ,פישר מעבדות פרמצבטיות,,שמפו קמיל בלו,מיליליטרים,500.00,"100 מ""ל",false,0,20.90,4.18,true,1,
7290003029181,false,שוקו יטבתה בבקבוק 1 ליטר,יטבתה,IL,שוקו יטבתה,ליטרים,1.00,ליטר,false,0,11.80,11.80,true,1,
7290003029372,false,משקה חלב בננה בקבוק 1 ל',יטבתה,IL,משקה חלב בננה,ליטרים,1.00,ליטר,false,0,11.80,11.80,true,1,
7290003029532,false,מוקה יטבתה בקבוק 2% 1ל,יטבתה,IL,מוקה יטבתה בקבוק,ליטרים,1.00,ליטר,false,0,11.80,11.80,true,1,
7290003029792,false,שוקו יטבתה מארז 225*8 מל,יטבתה,IL,שקיות שוקו 8 יח',ליטרים,1.80,ליטר,false,0,18.90,10.50,true,1,
7290003029907,false,אייס קפה יטבתה 2% 1ל,יטבתה,IL,אייס קפה יטבתה,ליטרים,1.00,ליטר,false,0,11.80,11.80,true,1,
7290003054220,false,לחם שיפון פומפרניקל500גר,מסטמאכר,DE,לחם שיפון,גרמים,500.00,100 גרם,false,0,14.80,2.96,true,1,
7290003069590,false,דג סול 1קג קפוא יח,נטו,IL,דג סול,גרמים,1000.00,100 גרם,false,0,19.90,1.99,true,1,
7290003069712,false,פיצה משולש זית דק תפ' יח,שלושת האופים,IL,פיצה משולש יח,יחידה,1.00,יחידה,false,0,2.90,2.90,true,1,
7290003075553,false,לבנה רג'ב 500 גרם,מחלבת רג'ב,IL,לבנה רג'ב,גרמים,500.00,100 גרם,false,0,16.90,3.38,true,1,
7290003075607,false,"לבנה 1 ק""ג",מחלבת רג'ב,IL,לבנה,קילוגרמים,1.00,"ק""ג",false,0,29.40,29.40,true,1,
7290003075850,false,לבנה עם זעתר 250 גרם,מחלבת רג'ב,IL,לבנה עם זעתר,גרמים,250.00,100 גרם,false,0,9.80,3.92,true,1,
7290003107247,false,שמרים יבשים אינסטנט33גרם,שטיבל,IL,שמרים יבשים,גרמים,33.00,100 גרם,false,0,5.00,15.15,true,1,
7290003115600,false,כבד עוף טרי ארוז דיל,מילועוף,IL,כבד עוף טרי,קילוגרמים,0.00,"ק""ג",true,0,17.90,17.90,true,1,
7290003115655,false,פילה עוף טרי ארוז דיל,מילועוף,IL,פילה עוף טרי,קילוגרמים,0.00,"ק""ג",true,0,32.90,32.90,true,1,
7290003115662,false,קוקטייל טרי ארוז דיל,מילועוף,IL,קוקטייל עוף טרי,קילוגרמים,0.00,"ק""ג",true,0,27.90,27.90,true,1,
7290003119110,false,קוקה קולה 1.5*6 ליטר,החברה המרכזית לייצור משקאות,IL,קוקה קולה 1.5*6ל,ליטרים,9.00,ליטר,false,0,36.90,4.10,true,1,
7290003133123,false,לחם מקמח שיפון,,IL,לחם מקמח שיפון,גרמים,750.00,100 גרם,false,0,12.20,1.63,true,1,
7290003133505,false,"לחם ""שיפונטו""",,IL,"לחם ""שיפונטו""",גרמים,750.00,100 גרם,false,0,10.70,1.43,true,1,
7290003144785,false,בונ.צ'וקטה צדפות בלגי375,נאטרא,BE,בונ.צ'וקטה צדפות,גרמים,375.00,100 גרם,false,1,29.90,7.97,true,1,
7290003144815,false,חטיפי שוקולד חלב 180 גרם,נאטרא,ES,חטיפי שוקולד חלב,גרמים,180.00,100 גרם,false,1,13.90,7.72,true,1,
7290003145195,false,בונ.טראפלס קפה 160 גרם,נאטרא,BE,טראפלס קפה,גרמים,160.00,100 גרם,false,1,17.90,11.19,true,1,
7290003153831,false,שוש חטיף בוטנים 80 גרם,עלית,IL,שוש חטיף בוטנים,גרמים,80.00,100 גרם,false,0,3.90,4.88,true,1,
7290003158980,false,מארז פיתה פרנה 3יח180*גר,מאפיית אורן משי,IL,פיתה פרנה,גרמים,540.00,100 גרם,false,0,12.90,2.39,true,1,
7290003189076,false,פיצרלה מגורדת22% 500 גרם,כפיר,IL,פיצרלה מגורדת,גרמים,500.00,100 גרם,false,0,15.00,3.00,true,1,
7290003220755,false,"רוטב סויה כהה 640 מ""ל",ליאנג סאנג האנד,TH,רוטב סויה כהה,מיליליטרים,640.00,"100 מ""ל",false,0,15.90,2.48,true,1,
7290003229109,false,פסטרמה בפפריקה 400 גרם,טירת צבי,IL,פסטרמה בפפריקה,גרמים,400.00,100 גרם,false,0,31.40,7.85,true,1,
7290003229116,false,פסטרמה הודו בדבש 400 גרם,טירת צבי,IL,פסטרמה הודו בדבש,גרמים,400.00,100 גרם,false,0,31.40,7.85,true,1,
7290003229123,false,פסטרמה על גחלים 400 גרם,טירת צבי,IL,פסטרמה על גחלים,גרמים,400.00,100 גרם,false,0,31.70,7.93,true,1,
7290003229147,false,סלמי איטלקי 300 גרם,טירת צבי,IL,סלמי איטלקי,גרמים,300.00,100 גרם,false,0,28.90,9.63,true,1,
7290003229154,false,סלמי קוניאק 300 גרם,טירת צבי,IL,סלמי קוניאק,גרמים,300.00,100 גרם,false,0,28.90,9.63,true,1,
7290003229192,false,פסטרמה כתף בקר מעושן 400,טירת צבי,IL,פסטרמה כתף בקר,גרמים,400.00,100 גרם,false,0,33.50,8.38,true,1,
7290003229222,false,סלמי תה משובח 300 גרם,טירת צבי,IL,סלמי תה משובח,גרמים,300.00,100 גרם,false,0,21.20,7.07,true,1,
7290003231447,false,חטיפי דגנים כריות 150גרם,יוניליוור,IL,חטיפי כריות,גרמים,150.00,100 גרם,false,0,19.70,13.13,true,1,
7290003249206,false,חזה עוף קפוא,.,IL,חזה עוף קפוא,קילוגרמים,0.00,"ק""ג",true,0,31.90,31.90,true,1,
7290003321155,false,דנונה בר פקאן 183 גרם,שטראוס,IL,דנונה בר פקאן,גרמים,183.00,100 גרם,false,0,4.50,2.46,true,1,
7290003321292,false,גב.סקי 9% שומן 250 גרם,שטראוס,IL,גבינת סקי 9%,גרמים,250.00,100 גרם,false,0,4.60,1.84,true,1,
7290003401369,false,קרם לחות לשיער חוחובה400,קרליין,IL,קרם לחות לשיער,מיליליטרים,400.00,"100 מ""ל",false,0,19.90,4.98,true,1,
7290003401642,false,קר.לחות לתלתלים נטורל400,קרליין,IL,קרם לחות לשיער,מיליליטרים,400.00,"100 מ""ל",false,0,19.90,4.98,true,1,
7290003411238,false,שמרים יבשים 500 גרם,הנמל,BE,שמרים יבשים,גרמים,500.00,100 גרם,false,0,14.60,2.92,true,1,
7290003427154,false,"שמן זית כתית מעולה750מ""ל",זיתא,IL,שמן זית כתית,מיליליטרים,750.00,"100 מ""ל",false,0,36.90,4.92,true,1,
7290003438624,false,אריסה מתוקה עם לימון140ג,אוליביה,,אריסה מתוקה,גרמים,140.00,100 גרם,false,0,8.90,6.36,true,1,
7290003451012,false,בקלה צעיר קפוא,,IL,בקלה צעיר קפוא,קילוגרמים,0.00,"ק""ג",true,0,16.90,16.90,true,1,
7290003451050,false,פילה בקלה ארוז קפוא,בלדי,CN,פילה בקלה ארוז,קילוגרמים,0.00,"ק""ג",true,0,19.90,19.90,true,1,
7290003495030,false,מאפה שקדים במשקל,גידרון,IL,מאפה שקדים,קילוגרמים,0.00,"ק""ג",true,0,35.00,35.00,true,1,
7290003514588,false,פריכיות אורז ללא מלח100ג,מנה,IL,פריכיות אורז,גרמים,100.00,100 גרם,false,0,5.60,5.60,true,1,
7290003521210,false,סרקל מרכך לילדים 2 ליטר,פישר מעבדות פרמצבטיות,IL,מרכך שיער סרקל,ליטרים,2.00,ליטר,false,0,29.90,14.95,true,1,
7290003521395,false,קמיל ב.ס. אל סבון ורוד2ל,פישר מעבדות פרמצבטיות,IL,אל סבון לתינוק,ליטרים,2.00,ליטר,false,0,37.90,18.95,true,1,
7290003539161,false,תפוח עץ יבש 200גרם,שקדיה,IL,תפוח עץ יבש,גרמים,200.00,100 גרם,false,0,14.80,7.40,true,1,
7290003578177,false,תירס צעיר שלם,,TH,תירס צעיר שלם,גרמים,410.00,100 גרם,false,0,4.90,1.20,true,1,
7290003608089,false,ספרינג תות-בננה 1.5 ליטר,יפאורה שותפות מובגלת לשיווק,IL,ספרינג תות בננה,ליטרים,1.50,ליטר,false,0,6.20,4.13,true,1,
7290003608560,false,קולה R.C. 1.5 ליטר,יפאורה שותפות מובגלת לשיווק,IL,R.C קולה,ליטרים,1.50,ליטר,false,0,4.60,3.07,true,1,
7290003643004,false,אורז בסמטי קלאסי בשקית1ק,סוגת,IL,אורז בסמטי קלאסי,קילוגרמים,1.00,"ק""ג",false,0,11.90,11.90,true,1,
7290003643646,false,"סוכר דמררה צנצנת 1 ק""ג",סוגת,IL,"סוכר דמררה צנצנת 1 ק""ג",קילוגרמים,1.00,"ק""ג",false,0,11.50,11.50,true,1,
7290003643684,false,אפונה 500 גרם,סוגת,IL,אפונה 500 גרם,גרמים,500.00,100 גרם,false,0,5.90,1.18,true,1,
7290003667109,false,פאנטה אורנג' 1.5 ל',החברה המרכזית לייצור משקאות,IL,פאנטה אורנג',ליטרים,1.50,ליטר,false,0,6.90,4.60,true,1,
7290003667369,false,פריגת מיקס תות-בננה1.5ל,פריגת,IL,פריגת תות בננה,ליטרים,1.50,ליטר,false,0,6.50,4.33,true,1,
7290003667673,false,פנטה דיאט אורנג' 1.5ליטר,החברה המרכזית לייצור משקאות,IL,פנטה דיאט אורנג',ליטרים,1.50,ליטר,false,0,6.90,4.60,true,1,
7290003727667,false,"סלט חומוס צבר 1 ק""ג",צבר,IL,סלט חומוס צבר,קילוגרמים,1.00,"ק""ג",false,0,14.50,14.50,true,1,
7290003782376,false,מקרל מעושן שלם במשקל,מעדני מיקי,IL,מקרל מעושן שלם,קילוגרמים,0.00,"ק""ג",true,0,80.00,80.00,true,1,
7290003804252,false,תיבול.קנור לאורז-הודי72ג,יוניליוור,IL,תיבוליות קנור,גרמים,72.00,100 גרם,false,0,8.90,12.36,true,1,
7290003804368,false,תיבול.קנור בזיליקום72גרם,יוניליוור,IL,תיבוליות קנור,גרמים,72.00,100 גרם,false,0,8.90,12.36,true,1,
7290003805709,false,"כריות נוגט בד""צ 750 גרם",יוניליוור,IL,כריות נוגט,גרמים,750.00,100 גרם,false,0,24.90,3.32,true,1,
7290003805716,false,נמס בכוס ט.עוף 24*2 גרם,יוניליוור,IL,נמס בכוס ועוד,גרמים,48.00,100 גרם,false,0,6.90,14.38,true,1,
7290003805730,false,נמס בכוס עגבנ.קנור 32*2ג,יוניליוור,IL,נמס בכוס ועוד,גרמים,64.00,100 גרם,false,0,6.90,10.78,true,1,
7290003806577,false,דאו. דאב אורגינל 150מל,יוניליוור,GB,דאודורנט דאב,מיליליטרים,150.00,"100 מ""ל",false,1,14.90,9.93,true,1,
7290003806836,false,"בדין אקסטרא לילך 960 מ""ל",יוניליוור,TR,מרכך בדין אקסטרא,מיליליטרים,960.00,"100 מ""ל",false,0,14.90,1.55,true,1,
7290003807314,false,מרק עוף רכיב.טבעיים 400ג,יוניליוור,,מרק עוף,גרמים,400.00,100 גרם,false,0,26.90,6.73,true,1,
7290003807482,false,"רוטב טריאקי 300 מ""ל",יוניליוור,IL,רוטב טריאקי,מיליליטרים,300.00,"100 מ""ל",false,0,10.90,3.63,true,1,
7290003864478,false,סרדין בשמן צמח,,PH,סרדין בשמן צמח,גרמים,110.00,100 גרם,false,0,4.00,3.64,true,1,
7290003864485,false,סרדינים ברוטב,,PH,סרדינים ברוטב,גרמים,110.00,100 גרם,false,0,4.00,3.64,true,1,
7290003904389,false,שוק.פרה מריר ללא סוכר100,שטראוס,IL,שוקולד פרה דיאט,גרמים,100.00,100 גרם,false,0,9.40,9.40,true,1,
7290003905331,false,שוק.חלב+שברי אגוזים100גר,שטראוס,IL,שוק.חלב אגוזים,גרמים,100.00,100 גרם,false,0,5.50,5.50,true,1,
7290003938049,false,הפי נוזל הברקה למדיח 1 ל,אורו,DE,הפי נוזל למדיח,ליטרים,1.00,ליטר,false,0,14.90,14.90,true,1,
7290003989096,false,חציל פיקנטי אחלה 500 גרם,שטראוס,IL,חציל פיקנטי אחלה,גרמים,500.00,100 גרם,false,0,15.50,3.10,true,1,
7290003989539,false,רביולי עם גבינה 400 גרם,שטראוס,IL,רביולי גבינה,גרמים,400.00,100 גרם,false,0,17.90,4.48,true,1,
7290004030018,false,מיץ לימון לתיבול,,IL,מיץ לימון לתיבול,מיליליטרים,500.00,"100 מ""ל",false,0,6.80,1.36,true,1,
7290004030612,false,משקה תפוח קיווי,,IL,משקה תפוח קיווי,ליטרים,1.00,ליטר,false,0,13.80,13.80,true,1,
7290004064082,false,מטחנה מלח ים טבעי250גרם,מלח הארץ אילת,IL,מטחנה מלח ים,גרמים,250.00,100 גרם,false,1,13.90,5.56,true,1,
7290004078270,false,פלמוליב לכלים לימון1ליטר,קולגייט-פלמוליב,GR,פלמוליב לכלים,ליטרים,1.00,ליטר,false,0,13.90,13.90,true,1,
7290004078690,false,"אג'קס WC מרענן 750 מ""ל",קולגייט-פלמוליב,GR,אג'קס מרענן,מיליליטרים,750.00,"100 מ""ל",false,0,14.90,1.99,true,1,
7290004091033,false,אדג' ג'ל גילוח רגיל225*2,דנאגיס,US,אדג' ג'ל גילוח2*,מיליליטרים,450.00,"100 מ""ל",false,0,29.90,6.64,true,1,
7290004119133,false,יוגורט בכד6.5% 1.5 ליטר,תנובה,IL,יוגורט בכד,ליטרים,1.50,ליטר,false,0,16.90,11.27,true,1,
7290004119225,false,יופלה אננס 3% 150 גרם,תנובה,IL,יופלה אננס 3%,גרמים,150.00,100 גרם,false,0,5.00,3.33,true,1,
7290004119928,false,מעדן קרלו וניל 3% 125 גר,תנובה,IL,מעדן קרלו וניל3%,גרמים,125.00,100 גרם,false,0,2.80,2.24,true,1,
7290004120061,false,"מעדן קרלו שוניל3% 125מ""ל",תנובה,IL,מעדן קרלו שוניל,גרמים,125.00,100 גרם,false,0,2.90,2.32,true,1,
7290004120566,false,גב.בולגרית פיראוס24% 250,תנובה,IL,גבינה בולגרית24%,גרמים,250.00,100 גרם,false,0,22.90,9.16,true,1,
7290004120634,false,גב.בולגרית פיראוס5% 250ג,תנובה,IL,גבינה בולגרית5%,גרמים,250.00,100 גרם,false,0,21.90,8.76,true,1,
7290004121525,false,יופלה אפרסק+תות3% 150*8ג,תנובה,IL,יופלה 3% 8 יח',קילוגרמים,1.20,"ק""ג",false,0,29.90,24.92,true,1,
7290004121754,false,יופלה קרם גב.ותות3% 150ג,תנובה,IL,יופלה קרם גבינה,גרמים,150.00,100 גרם,false,0,5.00,3.33,true,1,
7290004122195,false,גוש חלב פרוס28% 200מהדרי,תנובה,IL,גבינה גוש חלב,גרמים,200.00,100 גרם,false,0,13.50,6.75,true,1,
7290004122270,false,עמק פרוס סגירה חוזרת 200,תנובה,IL,גבינת עמק פרוס,גרמים,200.00,100 גרם,false,0,15.20,7.60,true,1,
7290004122348,false,גב.עמק לייט9% שומן 200גר,תנובה,IL,גבינת עמק לייט,גרמים,200.00,100 גרם,false,0,15.90,7.95,true,1,
7290004122683,false,אצבעות עמק חטיף גבינה172,תנובה,IL,אצבעות עמק,גרמים,172.00,100 גרם,false,0,15.90,9.24,true,1,
7290004124847,false,קצפת צמחית השף הלבן500מל,תנובה,IL,קצפת צמחית,מיליליטרים,500.00,"100 מ""ל",false,0,16.40,3.28,true,1,
7290004125370,false,שמנת חמוצה 9% שומן 200מל,תנובה,IL,שמנת חמוצה 9%,מיליליטרים,200.00,"100 מ""ל",false,0,3.40,1.70,true,1,
7290004125400,false,"אשל מהדרין 4.5% 200 מ""ל",תנובה,IL,אשל 4.5% שומן,מיליליטרים,200.00,"100 מ""ל",false,0,1.55,0.78,true,1,
7290004125417,false,"גיל 3% מהדרין 200מ""ל",תנובה,IL,גיל לבן 3%שומן,מיליליטרים,200.00,"100 מ""ל",false,0,1.40,0.70,true,1,
7290004125455,false,שמנת תנובה 15%שומן200מל,תנובה,IL,שמנת תנובה 15%,מיליליטרים,200.00,"100 מ""ל",false,0,2.20,1.10,true,1,
7290004125462,false,שמנת חמוצה 15%שומן500מל,תנובה,IL,שמנת חמוצה 15%,מיליליטרים,500.00,"100 מ""ל",false,0,5.50,1.10,true,1,
7290004125509,false,שמנת חמוצה15% חצי מנה100,תנובה,IL,שמנת חמוצה 15%,מיליליטרים,100.00,"100 מ""ל",false,0,1.70,1.70,true,1,
7290004125585,false,משקה סויה בטעם וניל 1 לי,תנובה,IL,משקה סויה וניל,ליטרים,1.00,ליטר,false,0,10.90,10.90,true,1,
7290004125721,false,שמנת בישול-15%שף לבן250מ,תנובה,IL,שמנת לבישול15%,מיליליטרים,250.00,"100 מ""ל",false,0,8.10,3.24,true,1,
7290004125738,false,שמנת להקצפה-32%שף לבן250,תנובה,IL,שמנת להקצפה32%,מיליליטרים,250.00,"100 מ""ל",false,0,6.50,2.60,true,1,
7290004125776,false,גב.עמק פרוס% 28קופסא400ג,תנובה,IL,גבינת עמק פרוס,גרמים,400.00,100 גרם,false,0,28.90,7.23,true,1,
7290004126650,false,גבינה צפתית 5% משקל,תנובה,IL,גבינה צפתית 5%,קילוגרמים,0.00,"ק""ג",true,0,58.00,58.00,true,1,
7290004126674,false,גבינה טל העמק לייט 200גר,תנובה,IL,גבינה טל העמק,גרמים,200.00,100 גרם,false,0,17.80,8.90,true,1,
7290004127329,false,קוטג' 5% 250 גרם בעלז,תנובה,IL,קוטג' תנובה 5%,גרמים,250.00,100 גרם,false,0,5.50,2.20,true,1,
7290004127336,false,קוטג' תנובה 9% שומן 250,תנובה,IL,קוטג' תנובה 9%,גרמים,250.00,100 גרם,false,0,5.50,2.20,true,1,
7290004127800,false,גב.לבנה 5% שומן 500 גרם,תנובה,IL,גבינה לבנה 5%,גרמים,500.00,100 גרם,false,0,9.20,1.84,true,1,
7290004127862,false,גבינה לבנה 5% 750 גרם,תנובה,IL,גבינה לבנה 5%,גרמים,750.00,100 גרם,false,0,13.80,1.84,true,1,
7290004128333,false,לבנה 9% פיראוס 500 גרם,תנובה,IL,לבנה פיראוס 9%,גרמים,500.00,100 גרם,false,0,19.70,3.94,true,1,
7290004128340,false,גבינת קרם ט.טבעי 5% 200ג,תנובה,IL,גבינת שמנת,גרמים,200.00,100 גרם,false,0,10.80,5.40,true,1,
7290004128364,false,גב.שמנת עם זיתים 5% 200ג,תנובה,IL,גבינת שמנת זיתים,גרמים,200.00,100 גרם,false,0,10.80,5.40,true,1,
7290004129101,false,גב.נפולאון טעם טבעי 225ג,תנובה,IL,גבינת נפוליאון,גרמים,225.00,100 גרם,false,0,13.60,6.04,true,1,
7290004129118,false,גב.נפולאון טעם זיתים225ג,תנובה,IL,גבינת נפוליאון,גרמים,225.00,100 גרם,false,0,13.60,6.04,true,1,
7290004129545,false,גבינה למריחה 3% 250 גרם,תנובה,IL,גבינה לבנה 3%,גרמים,250.00,100 גרם,false,0,4.60,1.84,true,1,
7290004130916,false,יופלה פירות יער+שמנת150ג,תנובה,IL,יופלה פירות יער,גרמים,150.00,100 גרם,false,0,5.00,3.33,true,1,
7290004131456,false,יופלה לבן 1.5% 200 גרם,תנובה,IL,יופלה לבן 1.5%,גרמים,200.00,100 גרם,false,0,3.90,1.95,true,1,
7290004131531,false,שוקו תנובה בקבוק 1 ליטר,תנובה,IL,שוקו בקבוק,ליטרים,1.00,ליטר,false,0,10.90,10.90,true,1,
7290004132231,false,חלב פלוס לקפה 3.5% שומן,תנובה,IL,חלב פלוס לקפה,מיליליטרים,800.00,"100 מ""ל",false,0,6.50,0.81,true,1,
7290004132507,false,יופלה+מכסה דגנים מצופה,תנובה,IL,יופלה עם מכסה,גרמים,167.00,100 גרם,false,0,5.30,3.17,true,1,
7290004132552,false,משקה סויה ט.טבעי לייט 1ל,תנובה,IL,משקה סויה,ליטרים,1.00,ליטר,false,0,10.90,10.90,true,1,
7290004133108,false,יופלה לבן+מכסה גרנולה170,תנובה,IL,יופלה עם מכסה,גרמים,170.00,100 גרם,false,0,5.30,3.12,true,1,
7290004133207,false,יופלה לבן 0% שומן 200גרם,תנובה,IL,יופלה לבן 0%שומן,גרמים,200.00,100 גרם,false,0,3.80,1.90,true,1,
7290004133511,false,יופלה לבן מעוד1.5% 150*8,תנובה,IL,יופלה מעודן 8 יח,קילוגרמים,1.20,"ק""ג",false,0,19.90,16.58,true,1,
7290004133627,false,חלב על הבוקר וניל 3% 1 ל,תנובה,IL,חלב על הבוקר 3%,ליטרים,1.00,ליטר,false,0,7.90,7.90,true,1,
7290004134983,false,פרוסות גבינת עמק 5% 200ג,תנובה,IL,גבינת עמק 5%,גרמים,200.00,100 גרם,false,0,17.20,8.60,true,1,
7290004135058,false,מיני קרלו שוקולד 100*8גר,תנובה,,קרלו שוקולד 8 יח,גרמים,800.00,100 גרם,false,0,13.20,1.65,true,1,
7290004136857,false,מעדן ג'לי פטל 125 גרם,תנובה,IL,מעדן ג'לי פטל,גרמים,125.00,100 גרם,false,0,2.30,1.84,true,1,
7290004137021,false,שמנת לבישול 10%שומן250מ,תנובה,IL,שמנת לבישול10%,מיליליטרים,250.00,"100 מ""ל",false,0,8.10,3.24,true,1,
7290004219819,false,מלבין קפה,,NL,מלבין קפה,גרמים,200.00,100 גרם,false,0,9.90,4.95,true,1,
7290004225025,false,סגנון פטה,,IL,סגנון פטה,קילוגרמים,0.00,"ק""ג",true,0,29.00,29.00,true,1,
7290004225537,false,אנטריקוט מעובד מופשר קג,אלגרצ'ו,IL,אנטרי מעובדמופשר,קילוגרמים,0.00,"ק""ג",true,0,99.90,99.90,true,1,
7290004230272,false,שוארמה ביתי שגב 500גרם,שגב,IL,שוארמה ביתי,גרמים,500.00,100 גרם,false,1,39.60,7.92,true,1,
7290004230364,false,מקלות בורקס פילו צרפתי 6,שגב,IL,מקלות בורקס פילו,גרמים,600.00,100 גרם,false,0,20.90,3.48,true,1,
7290004230944,false,מקלות בורקס פילו גבינה 6,שלושת האופים,IL,מקלות בורקס,גרמים,600.00,100 גרם,false,0,20.70,3.45,true,1,
7290004324605,false,גב.מון בלאן רוקפור7% 120,מאיר עזרא ובניו,IL,גבינת מון בלאן7%,גרמים,120.00,100 גרם,false,0,11.90,9.92,true,1,
7290004423353,false,פריגת תפוחים 1.5 ליטר,פריגת,IL,פריגת תפוחים,ליטרים,1.50,ליטר,false,0,6.50,4.33,true,1,
7290004492274,false,בייגלה טבעות מלוחות 400ג,יוניליוור,IL,בייגלה טבעות,גרמים,400.00,100 גרם,false,0,10.40,2.60,true,1,
7290004492779,false,נישנושים זעתר 300 גרם,גוצ'מולר,IL,נישנושים זעתר,גרמים,300.00,100 גרם,false,0,9.90,3.30,true,1,
7290004492823,false,נישנושים שומשום 350 גרם,גוצ'מולר,IL,נישנושים שומשום,גרמים,350.00,100 גרם,false,0,9.90,2.83,true,1,
7290004494063,false,"פטיט סירה D 750 מ""ל",יקב דלתון,IL,פטיט סירה D,מיליליטרים,750.00,"100 מ""ל",false,1,49.90,6.65,true,1,
7290004494223,false,דלתון מרום אדום,,,דלתון מרום אדום,מיליליטרים,750.00,"100 מ""ל",false,0,45.40,6.05,true,1,
7290004554354,false,גל.פנטסיה שוקו-וניל חלבי,שטראוס,IL,"גלידת ""פנטסיה""",ליטרים,1.00,ליטר,false,0,23.30,23.30,true,1,
7290004554903,false,גל.פנטזיה פרווה 1 ליטר,שטראוס,IL,גל.פנטזיה פרווה,מיליליטרים,1000.00,"100 מ""ל",false,0,23.30,2.33,true,1,
7290004584528,false,יוגורט ביו 1.7%דנונה200ג,שטראוס,IL,יוגורט ביו 1.7%,גרמים,200.00,100 גרם,false,0,3.60,1.80,true,1,
7290004586119,false,נתזים סלקטד לבן יבש 750מ,יקבי כרמל,IL,יין נתזים סלקטד,מיליליטרים,750.00,"100 מ""ל",false,0,27.60,3.68,true,1,
7290004603175,false,מלח ים גס 500 גרם,תעשיות מלח לישראל,IL,מלח ים גס,גרמים,500.00,100 גרם,false,0,7.80,1.56,true,1,
7290004725600,false,גבינה סקנדינבית31% משקל,תנובה,IL,גבינה סקנדינבית,קילוגרמים,0.00,"ק""ג",true,1,73.00,73.00,true,1,
7290004737443,false,קוקטייל פירות,,CN,קוקטייל פירות,גרמים,820.00,100 גרם,false,0,7.90,0.96,true,1,
7290004737955,false,ממרח חמאה,,,ממרח חמאה,קילוגרמים,0.00,"ק""ג",true,0,37.70,37.70,true,1,
7290004810009,false,דאק לאסלה ניחוח הדרים זו,ג'ונסון,NL,דאק לאסלה זוג,ליטרים,1.50,ליטר,false,0,14.90,9.93,true,1,
7290004859664,false,עוף שלם טרי ארוז,מילועוף,IL,עוף שלם טרי ארוז,קילוגרמים,0.00,"ק""ג",true,0,18.90,18.90,true,1,
7290004859671,false,חזה עוף טרי ארוז,מילועוף,IL,חזה עוף טרי,קילוגרמים,0.00,"ק""ג",true,0,31.90,31.90,true,1,
7290004859688,false,כרעי עוף טרי ארוז,מילועוף,IL,כרעי עוף טרי,קילוגרמים,0.00,"ק""ג",true,0,27.90,27.90,true,1,
7290004869120,false,לחם אחיד קל פרוס 750 גרם,מאפיית שלמה א. אנג'ל,IL,לחם אחיד קל פרוס,גרמים,750.00,100 גרם,false,0,15.50,2.07,true,1,
7290004923099,false,עין גדי מים מינרל. 2*6 ל,עין גדי מיים מינרלים,IL,מים עין גדי 6 יח,ליטרים,12.00,ליטר,false,0,11.50,0.96,true,1,
7290005008184,false,סב.נוז.פלמוליב 2ב1- 500מ,קולגייט-פלמוליב,IT,סב.נוזלי פלמול,מיליליטרים,500.00,"100 מ""ל",false,0,13.90,2.78,true,1,
7290005008191,false,פלמולי.נוז.ארומה-סגול500,קולגייט-פלמוליב,IT,סב.נוזלי פלמוליב,מיליליטרים,500.00,"100 מ""ל",false,0,13.90,2.78,true,1,
7290005020490,false,וויסקי דיוארס,,SC,וויסקי דיוארס,מיליליטרים,700.00,"100 מ""ל",false,0,79.90,11.41,true,1,
7290005068058,false,תירס קל 550 גרם,פרי גליל,IL,תירס קל,גרמים,550.00,100 גרם,false,0,7.70,1.40,true,1,
7290005079320,false,בולגרית גלילית 24% במשקל,משק צוריאל תבור,IL,גבינה בולגרית,קילוגרמים,0.00,"ק""ג",true,1,49.00,49.00,true,1,
7290005079412,false,גבינה אמנטל נעם 30% משקל,טרה,IL,גבינת אמנטל,קילוגרמים,0.00,"ק""ג",true,1,59.00,59.00,true,1,
7290005084355,false,משח.סנסודיין דואל קייר75,דנאגיס,GB,משחת שיניים,מיליליטרים,75.00,"100 מ""ל",false,0,20.90,27.87,true,1,
7290005095238,false,טחינה משומשום טהור 500גר,"עדן תעשיות חלבה בע""מ",IL,טחינה משומשום,גרמים,500.00,100 גרם,false,0,12.90,2.58,true,1,
7290005095801,false,עמבה,,,עמבה,גרמים,500.00,100 גרם,false,0,15.10,3.02,true,1,
7290005174513,false,חציל במיונז אחלה 500 גרם,שטראוס,IL,סלט חציל מיונז,גרמים,500.00,100 גרם,false,0,15.90,3.18,true,1,
7290005174551,false,חומוס יום יום 125 גרם,שטראוס,IL,חומוס יום יום,גרמים,125.00,100 גרם,false,0,4.90,3.92,true,1,
7290005197628,false,שוקולד חלב פרה 100*6 גרם,שטראוס,IL,שוקולד חלב 6 יח,גרמים,600.00,100 גרם,false,0,24.90,4.15,true,1,
7290005201882,false,קפה טורקי בצלופן 200 גרם,עלית,IL,קפה טורקי בצלופן,גרמים,200.00,100 גרם,false,0,15.90,7.95,true,1,
7290005270000,false,עלי סיגר 500 גרם,"אדריה בע""מ",IL,עלי סיגר מרוקאי,גרמים,500.00,100 גרם,false,0,12.50,2.50,true,1,
7290005287251,false,טונה סטארקיסט במים160*4ג,סטארקיסט,IL,טונה סטארקיסט4יח,גרמים,640.00,100 גרם,false,0,24.90,3.89,true,1,
7290005287602,false,טונה סטארק.בשמן קנולה160,סטארקיסט,IL,טונה סטארקיסט,גרמים,160.00,100 גרם,false,0,7.90,4.94,true,1,
7290005287732,false,טונה5% +עשבי תיבול 160ג,סטארקיסט,IL,טונה+עשבי תיבול,גרמים,160.00,100 גרם,false,0,7.90,4.94,true,1,
7290005287749,false,טונה5% בטעם טבעי 160ג,סטארקיסט,IL,טונה 5%טעם טבעי,גרמים,160.00,100 גרם,false,0,7.90,4.94,true,1,
7290005358340,false,בשר מס. 5 מוכשר קג,שונות,XX,בשר מס5.,גרמים,0.00,"ק""ג",true,0,64.90,64.90,true,1,
7290005384943,false,בסיגנון דנאבלו,,DK,בסיגנון דנאבלו,גרמים,100.00,100 גרם,false,0,10.90,10.90,true,1,
7290005423420,false,סנו משמיד עש מבושם 2 יח',סנו,IT,סנו משמיד עש,יחידה,1.00,יחידה,false,0,21.90,21.90,true,1,
7290005423635,false,ריצפז פלוס דוחה תיקנים2ל,סנו,IL,ריצפז דוחה חרקים,ליטרים,2.00,ליטר,false,0,21.90,10.95,true,1,
7290005423734,false,מרכך מקסימה אולטרה 4 ל',סנו,IL,מרכך כביסה,ליטרים,4.00,ליטר,false,0,20.90,5.23,true,1,
7290005423918,false,מרכך מקסימה בייבי 4 ל',סנו,IL,מרכך כביסה,ליטרים,4.00,ליטר,false,0,21.90,5.48,true,1,
7290005424694,false,קרמה תח.רחצה קלאסיק 750מ,קוסמופארם,IL,קרמה תחליב רחצה,מיליליטרים,750.00,"100 מ""ל",false,0,16.90,2.25,true,1,
7290005424762,false,ריצפז+דוחה תיקנים+ווקס2ל,סנו,IL,ריצפז פלוס+ווקס,ליטרים,2.00,ליטר,false,0,26.30,13.15,true,1,
7290005425455,false,תחליב רחצה קרמה קלאסי500,קוסמופארם,IL,קרמה תחליב רחצה,מיליליטרים,500.00,"100 מ""ל",false,0,9.90,1.98,true,1,
7290005425912,false,ג'ל אוקסיג'ן 4 ליטר,סנו,IL,ג'ל אוקסיג'ן 4ל',ליטרים,4.00,ליטר,false,0,30.00,7.50,true,1,
7290005426360,false,קרמה תח.רחצה חלב ודבש750,קוסמופארם,IL,קרמה תחליב רחצ,מיליליטרים,750.00,"100 מ""ל",false,0,16.90,2.25,true,1,
7290005426575,false,ק.לחות קרמה שיער יבש400מ,קוסמופארם,IL,קרם לחות קרמה,מיליליטרים,400.00,"100 מ""ל",false,0,16.90,4.23,true,1,
7290005426803,false,מרכך מקסימה לבנדר 4 ל',סנו,IL,מרכך כביסה,ליטרים,4.00,ליטר,false,0,20.90,5.23,true,1,
7290005426940,false,300-K פלוס8 קוטל חרקי400,סנו,IL,300-K פלוס,מיליליטרים,400.00,"100 מ""ל",false,0,19.90,4.98,true,1,
7290005426964,false,סנובון כחול אפרסק 50*3ג,סנו,IL,סנובון שלישיה,גרמים,150.00,100 גרם,false,0,15.00,10.00,true,1,
7290005426971,false,סנובון כחול תפוח 50*3 גר,סנו,IL,סנובון שלישיה,גרמים,150.00,100 גרם,false,0,15.00,10.00,true,1,
7290005427572,false,שמפו כיף לשיער יבש 750מל,קוסמופארם,IL,שמפו כיף,מיליליטרים,750.00,"100 מ""ל",false,0,11.90,1.59,true,1,
7290005427602,false,"שמפו + מרכך כיף 750 מ""ל",קוסמופארם,IL,שמפו+מרכך כיף,מיליליטרים,750.00,"100 מ""ל",false,0,11.90,1.59,true,1,
7290005427787,false,ק.לחות קרמה ש.מתולתל400מ,קוסמופארם,IL,קרם לשיער קרמה,מיליליטרים,400.00,"100 מ""ל",false,0,16.90,4.23,true,1,
7290005427923,false,קרמה תח.רחצה פסיפלורה750,קוסמופארם,IL,קרמה תחליב רחצ,מיליליטרים,750.00,"100 מ""ל",false,0,16.90,2.25,true,1,
7290005427985,false,קרמה ת.רחצה לפנים+ג.פילי,קוסמופארם,IL,ת.רחצה לפנים+ג,מיליליטרים,180.00,"100 מ""ל",false,0,9.90,5.50,true,1,
7290005428999,false,בייבי כיף שמן לתינוק500מ,קוסמופארם,IL,בייבי כיף שמן,מיליליטרים,500.00,"100 מ""ל",false,0,22.90,4.58,true,1,
7290005429286,false,אבקת מקסימה קומפקט ביו6ק,סנו,IL,אבקת מקסימה קומפקט ביו6ק,קילוגרמים,6.00,"ק""ג",false,0,44.90,7.48,true,1,
7290005430602,false,אוקסיג'ן מ.כתמים,,IL,אוקסיג'ן מ.כתמים,מיליליטרים,750.00,"100 מ""ל",false,0,15.00,2.00,true,1,
7290005431630,false,עוגת גב.פירור לייט150*2ג,תנובה,IL,עוגת גבינה 2 יח,גרמים,300.00,100 גרם,false,1,12.80,4.27,true,1,
7290005477669,false,דרמפון סבון נוז+.לחות1ל',קרליין,IL,דרמפון סבון לחות,ליטרים,1.00,ליטר,false,0,17.90,17.90,true,1,
7290005509278,false,מרשמלו טוויסטר 180 גרם,כרמית,IL,מרשמלו טוויסטר,גרמים,180.00,100 גרם,false,0,7.80,4.33,true,1,
7290005559587,false,מאפה נקניקיות 800 גרם,"מעדנות בע""מ",IL,מאפה נקניקיות,גרמים,800.00,100 גרם,false,0,28.10,3.51,true,1,
7290005559907,false,פיצה משפחתית גבינה 500גר,"מעדנות בע""מ",IL,פיצה משפחתית,גרמים,500.00,100 גרם,false,0,24.60,4.92,true,1,
7290005559914,false,פיצה משפחתית זיתים 550גר,"מעדנות בע""מ",IL,פיצה משפחתית,גרמים,550.00,100 גרם,false,0,25.60,4.65,true,1,
7290005559990,false,בצק פילאס תורקי 600 גרם,"מעדנות בע""מ",IL,בצק פילאס תורכי,גרמים,600.00,100 גרם,false,0,24.00,4.00,true,1,
7290005564253,false,ספרינג אגס סברס תפוח1.5ל,יפאורה שותפות מובגלת לשיווק,IL,משקה ספרינג,ליטרים,1.50,ליטר,false,0,6.20,4.13,true,1,
7290005564680,false,תפוזינה לימונדה 1.5 ליטר,יפאורה שותפות מובגלת לשיווק,IL,תפוזינה לימונדה,ליטרים,1.50,ליטר,false,0,5.90,3.93,true,1,
7290005610059,false,תפוח אדמה לבן ארוז,קטיף,IL,תפוח אדמה לבן,קילוגרמים,0.00,"ק""ג",true,0,3.90,3.90,true,1,
7290005610066,false,תפוח אדמה אדום ארוז,קטיף,IL,תפוח אדמה אדום,קילוגרמים,0.00,"ק""ג",true,0,5.50,5.50,true,1,
7290005610509,false,צנונית יחידה,קטיף,IL,צנונית -יח',יחידה,1.00,יחידה,false,0,4.50,4.50,true,1,
7290005651427,false,מעדני בונזו בשר לכלב 3יח,SAS FIDELE,IT,מעדן בונזו בשר3*,קילוגרמים,1.20,"ק""ג",false,0,14.90,12.42,true,1,
7290005678585,false,ענב סקרלוטה ללא חרצנים,קטיף,IL,ענב סקרלוטה,קילוגרמים,0.00,"ק""ג",true,0,18.90,18.90,true,1,
7290005789359,false,30 פרש וואנס מסיר איפור,על בד,,פרש וואנס,יחידה,1.00,יחידה,false,0,10.00,10.00,true,1,
7290005838002,false,"דניאלה מעדן גבינה 150מ""ל",שטראוס,IL,מעדן דניאלה,מיליליטרים,150.00,"100 מ""ל",false,0,4.30,2.87,true,1,
7290005838613,false,סקי מעדן גבינה וניל 125ג,שטראוס,IL,סקי מעדן גבינה,גרמים,125.00,100 גרם,false,0,3.70,2.96,true,1,
7290005839108,false,גב.סימפוניה +5%זיתים200ג,שטראוס,IL,גבינת סימפוניה,גרמים,200.00,100 גרם,false,0,10.90,5.45,true,1,
7290005896835,false,מים סאן בנדטו מוגז1.5*6ל,טמפו,IT,מים מינרלים 6 יח,ליטרים,9.00,ליטר,false,0,15.90,1.77,true,1,
7290005938238,false,צ'ימיצ'ורי 220 גרם,נטו,IL,צ'ימיצ'ורי,גרמים,220.00,100 גרם,false,0,19.90,9.05,true,1,
7290005938245,false,פסטו קלאסי 220 גרם,נטו,IL,פסטו קלאסי,גרמים,220.00,100 גרם,false,0,19.90,9.05,true,1,
7290005966088,false,יין אדום הר חרמון 750 מל,יקבי רמת הגולן קצרין,IL,יין אדום חרמון,מיליליטרים,750.00,"100 מ""ל",false,0,29.90,3.99,true,1,
7290005992018,false,יוגורט עיזים מלא 3% 500מ,מחלבות גד,IL,יוגורט חלב עיזים,מיליליטרים,500.00,"100 מ""ל",false,0,11.90,2.38,true,1,
7290005992575,false,גב.בולגרית למריחה5% 250ג,מחלבות גד,IL,בולגרית למריחה,גרמים,250.00,100 גרם,false,0,15.00,6.00,true,1,
7290006199942,false,גלידל דובדבן 8יח,פלקו,IL,פרי דובדבן 8יח,גרמים,640.00,100 גרם,false,0,26.90,4.20,true,1,
7290006229069,false,ג'אמפ ענבים 1.5 ליטר,טמפו,IL,ג'אמפ ענבים,ליטרים,1.50,ליטר,false,0,5.90,3.93,true,1,
7290006235268,false,"אל סבון קמיל בלו 750 מ""ל",פישר מעבדות פרמצבטיות,,אל סבון קמיל בלו,מיליליטרים,750.00,"100 מ""ל",false,0,12.90,1.72,true,1,
7290006273239,false,עוגת שמרים שוקולד 380גרם,לחמי,IL,עוגת שוקולד,גרמים,380.00,100 גרם,false,0,17.00,4.47,true,1,
7290006322104,false,לחם רחיים קל 500 גרם,מאפיית דוידוביץ,IL,לחם רחיים קל,גרמים,500.00,100 גרם,false,0,13.20,2.64,true,1,
7290006322111,false,לחמניות ריחיים 80*6 גרם,מאפיית דוידוביץ,IL,לחמניות ריחיים,גרמים,480.00,100 גרם,false,0,10.70,2.23,true,1,
7290006322128,false,לחמניות קלות 80*6 גרם,מאפיית דוידוביץ,IL,לחמניות קלות 8יח,גרמים,480.00,100 גרם,false,0,9.90,2.06,true,1,
7290006322166,false,לחמניות רגילות 75*6 גרם,מאפיית דוידוביץ,,לחמניות 6 יחידות,גרמים,450.00,100 גרם,false,0,9.80,2.18,true,1,
7290006322470,false,לחם 9 דגנים קל 500 גרם,מאפיית דוידוביץ,IL,לחם 9 דגנים קל,גרמים,500.00,100 גרם,false,0,14.00,2.80,true,1,
7290006322630,false,לחם שפע קל 500 גרם,מאפיית דוידוביץ,IL,לחם שפע קל,גרמים,500.00,100 גרם,false,0,10.70,2.14,true,1,
7290006342645,false,טורטיות 12 יח',,,טורטיות 12 יח',גרמים,840.00,100 גרם,false,0,19.90,2.37,true,1,
7290006362209,false,"קברנה דרך ארץ 750 מ""ל",כרמי צבח סגל,IL,קברנה דרך ארץ,מיליליטרים,750.00,"100 מ""ל",false,1,34.90,4.65,true,1,
7290006362216,false,"מרלו דרך ארץ 750 מ""ל",כרמי צבח סגל,IL,מרלו דרך ארץ,מיליליטרים,750.00,"100 מ""ל",false,1,34.90,4.65,true,1,
7290006390745,false,שבלול עם צימוקים קפוא,גידרון,IL,שבלול עם צימוקים,יחידה,1.00,יחידה,false,0,3.90,3.90,true,1,
7290006391025,false,ביגלה ירושלמי,גידרון,IL,ביגלה ירושלמי,יחידה,1.00,יחידה,false,0,5.00,5.00,true,1,
7290006459107,false,מברשת לנעליים,,IL,מברשת לנעליים,יחידה,1.00,יחידה,false,0,7.00,7.00,true,1,
7290006492616,false,פרוסות גב. בולגר5%. 250ג,מחלבות גד,IL,גבינה בולגרית,גרמים,250.00,100 גרם,false,0,25.60,10.24,true,1,
7290006492913,false,ציזיקי למריחה,,IL,ציזיקי למריחה,גרמים,250.00,100 גרם,false,0,12.80,5.12,true,1,
7290006494917,false,ופלים במילוי קרם שוקו200,גילרו,IL,ופלים שוקולד,גרמים,200.00,100 גרם,false,0,9.80,4.90,true,1,
7290006511157,false,פטריות שלמות,,IN,פטריות שלמות,גרמים,400.00,100 גרם,false,0,6.90,1.73,true,1,
7290006583345,false,איקרה אדומה 220 גרם,מעדני מיקי,IL,איקרה אדומה,גרמים,220.00,100 גרם,false,0,12.80,5.82,true,1,
7290006618078,false,אסטוניש מרסס לניקוי 750מ,אסטוניש -לידס,GB,אסטוניש מרסס,מיליליטרים,750.00,"100 מ""ל",false,0,11.90,1.59,true,1,
7290006644480,false,"תפוזינה תפוז 500 מ""ל",יפאורה שותפות מובגלת לשיווק,IL,תפוזינה תפוז,מיליליטרים,500.00,"100 מ""ל",false,0,4.60,0.92,true,1,
7290006644497,false,"תפוזינה אשכוליות 500 מ""ל",יפאורה שותפות מובגלת לשיווק,IL,תפוזינה אשכול.,מיליליטרים,500.00,"100 מ""ל",false,0,4.60,0.92,true,1,
7290006644596,false,קריסטל אקזוטי מוגז 2ליטר,יפאורה שותפות מובגלת לשיווק,IL,קריסטל אקזוטי,ליטרים,2.00,ליטר,false,0,3.90,1.95,true,1,
7290006644732,false,ספרינג פירות טרופיים 1 ל,יפאורה שותפות מובגלת לשיווק,IL,נקטר ספרינג,ליטרים,1.00,ליטר,false,0,5.30,5.30,true,1,
7290006644848,false,ספרינג תפוחים דיאט 1ליטר,יפאורה שותפות מובגלת לשיווק,IL,ספרינג דיאט,ליטרים,1.00,ליטר,false,0,5.30,5.30,true,1,
7290006664037,false,סופר גמדים דגנים 100*4גר,שטראוס,IL,סופר גמדים 4 יח,גרמים,400.00,100 גרם,false,0,11.50,2.88,true,1,
7290006664051,false,"אקטימל לבן 100*14 מ""ל",שטראוס,IL,אקטימל מארז14יח',ליטרים,1.40,ליטר,false,0,29.90,21.36,true,1,
7290006664310,false,גבינת סקי3% 250 גרם,שטראוס,IL,גבינת סקי 3%,גרמים,250.00,100 גרם,false,0,4.60,1.84,true,1,
7290006664402,false,גבינת סקי5% 750 גרם,שטראוס,IL,גבינת סקי5%,גרמים,750.00,100 גרם,false,0,13.80,1.84,true,1,
7290006664532,false,דנונה תות 3% 150 גרם,שטראוס,IL,דנונה תות 3%,גרמים,150.00,100 גרם,false,0,3.90,2.60,true,1,
7290006664631,false,אקטימל תות דיסני 100*8מ,שטראוס,IL,אקטימל תות 8 יח',מיליליטרים,800.00,"100 מ""ל",false,0,20.90,2.61,true,1,
7290006664655,false,"אקטימל לבן 100*8 מ""ל",שטראוס,IL,אקטימל לבן 8 יח,מיליליטרים,800.00,"100 מ""ל",false,0,20.90,2.61,true,1,
7290006664969,false,יוגורט מת.מעודן2% 150*8ג,שטראוס,IL,יוגורט מעודן 2%,קילוגרמים,1.20,"ק""ג",false,0,18.30,15.25,true,1,
7290006664990,false,דנונה ביו 1.7% 150*8גרם,שטראוס,IL,דנונה ביו 8 יח',קילוגרמים,1.20,"ק""ג",false,0,16.90,14.08,true,1,
7290006681003,false,סורבט תות לימון קרמ1.33.,שטראוס,IL,קרמיסימו סורבט,ליטרים,1.33,ליטר,false,0,19.90,14.96,true,1,
7290006681553,false,קרמבו וניל 8 * 29 גרם,שטראוס,IL,קרמבו וניל 8 יח,גרמים,234.00,100 גרם,false,0,13.90,5.94,true,1,
7290006681577,false,אסקימו לימון דובדבן 8+2,שטראוס,IL,אסקימו לימון8+2,גרמים,700.00,100 גרם,false,0,16.90,2.41,true,1,
7290006681904,false,מאגדת מצופים 8+2יח,שטראוס,IL,מאגדת מצופים,גרמים,600.00,100 גרם,false,0,33.70,5.62,true,1,
7290006681980,false,קרמיסימו סורבה אפרסק/פסי,שטראוס,IL,קרמיסימו סורבה,ליטרים,1.33,ליטר,false,0,19.90,14.96,true,1,
7290006704658,false,ברוקולי ארוז שקיל,קטיף,IL,ברוקולי ארוז,קילוגרמים,0.00,"ק""ג",true,1,17.90,17.90,true,1,
7290006708342,false,כנפי עוף טרי ארוז דיל לק,עוף טוב,IL,כנפי עוף טרי,קילוגרמים,0.00,"ק""ג",true,1,11.90,11.90,true,1,
7290006708847,false,חזה עוף טרי חצוי ארוז קג,עוף טוב,IL,חזה עוף טרי,קילוגרמים,0.00,"ק""ג",true,1,31.90,31.90,true,1,
7290006708854,false,חזה חצוי טרי ארוז דיל,עוף טוב,IL,חזה עוף טרי,קילוגרמים,0.00,"ק""ג",true,1,31.90,31.90,true,1,
7290006732118,false,עוגיות טחינה 250 גרם,לחמי,,עוגיות טחינה,גרמים,250.00,100 גרם,false,0,18.60,7.44,true,1,
7290006736925,false,איקרה לבנה 220 גרם,מעדני מיקי,IL,איקרה לבנה,גרמים,220.00,100 גרם,false,0,12.80,5.82,true,1,
7290006738110,false,פסטרמה ברביקיו דק דק150ג,זוגלובק,IL,פסטרמה ברביקיו,גרמים,150.00,100 גרם,false,0,15.10,10.07,true,1,
7290006738127,false,חזה בקר דק דק 150 גרם,זוגלובק,IL,חזה בקר דק דק,גרמים,150.00,100 גרם,false,0,15.10,10.07,true,1,
7290006739292,false,פסטרמה חזה תבור מעושן330,זוגלובק,IL,פסטרמה תבור,גרמים,330.00,100 גרם,false,0,29.90,9.06,true,1,
7290006739414,false,סלמי קוניאק 300 גרם,זוגלובק,IL,סלמי קוניאק,גרמים,300.00,100 גרם,false,0,28.70,9.57,true,1,
7290006739544,false,כתף בקר 300 גרם,זוגלובק,IL,כתף בקר,גרמים,300.00,100 גרם,false,0,32.40,10.80,true,1,
7290006740212,false,נקניקיות ג'מבו במשקל,זוגלובק,IL,נקניקיות ג'מבו,קילוגרמים,0.00,"ק""ג",true,0,21.80,21.80,true,1,
7290006741363,false,"בורקס תפו""א בד""צ 800 גרם",זוגלובק,IL,"בורקס תפו""א",גרמים,800.00,100 גרם,false,0,15.50,1.94,true,1,
7290006764058,false,בירה נשר לבן בק.חוזר500מ,טמפו,IL,בירה נשר לבן,מיליליטרים,500.00,"100 מ""ל",false,0,5.20,1.04,true,1,
7290006764713,false,מירינדה 1.5*6 ליטר,טמפו,IL,מירינדה 6 יחידות,ליטרים,9.00,ליטר,false,0,25.90,2.88,true,1,
7290006765000,false,אורטיות 8 יח',,IL,אורטיות 8 יח',גרמים,360.00,100 גרם,false,0,12.80,3.56,true,1,
7290006788443,false,דאו.קרליין רולאון סגול75,קרליין,IL,דאודורנט קרליין,מיליליטרים,75.00,"100 מ""ל",false,0,11.90,15.87,true,1,
7290006788498,false,דאו.קרליין ספרי PURE 200,קרליין,IL,דאודורנט קרליין,מיליליטרים,200.00,"100 מ""ל",false,0,11.90,5.95,true,1,
7290006788559,false,דאו.טיטניום בלו ספריי180,קרליין,IL,דאודורנט טיטניום,מיליליטרים,180.00,"100 מ""ל",false,0,14.90,8.28,true,1,
7290006805355,false,תער.להכנת כדורי שוקו500ג,ג'נרל מילס,IL,כדורי שוקולד,גרמים,500.00,100 גרם,false,0,17.90,3.58,true,1,
7290006822857,false,מאלטי דיאט 1.5 ליטר,קרלסברג ישראל,IL,מאלטי דיאט,ליטרים,1.50,ליטר,false,0,7.40,4.93,true,1,
7290006855206,false,ברבריא שזיפים+קוקוס30*4ג,טבעית מוצרים מן הטבע,IL,חטיפי ברבריא 4יח,גרמים,120.00,100 גרם,false,0,18.90,15.75,true,1,
7290006920829,false,בנוסח צ'דר פרוס 350 גרם,תעש' מזון יבנה,IL,בנוסח צ'דר פרוס,גרמים,350.00,100 גרם,false,0,13.80,3.94,true,1,
7290006920836,false,מעושן פרוס 350 גרם,תעש' מזון יבנה,IL,מעושן פרוס 350גר,גרמים,350.00,100 גרם,false,0,14.80,4.23,true,1,
7290006920843,false,מוצרלה פרוס 350 גרם,תעש' מזון יבנה,IL,מוצרלה פרוס350גר,גרמים,350.00,100 גרם,false,0,15.80,4.51,true,1,
7290006920911,false,הולנדית פרוס 350 גרם,תעש' מזון יבנה,IL,הולנדית פרוס,גרמים,350.00,100 גרם,false,0,13.80,3.94,true,1,
7290006920935,false,פיקנטית פרוס 350 גרם,תעש' מזון יבנה,IL,פיקנטית פרוס,גרמים,350.00,100 גרם,false,0,13.80,3.94,true,1,
7290006936059,false,משחת כלים,,,משחת כלים,קילוגרמים,3.50,"ק""ג",false,0,28.50,8.14,true,1,
7290006983152,false,קרוטונים מתובלים למרק400,עינת,IL,קרוטונים מתובלים,גרמים,400.00,100 גרם,false,0,19.60,4.90,true,1,
7290006983770,false,עוגת הבית שיש אסם 400 גר,אסם,IL,עוגת שיש,גרמים,400.00,100 גרם,false,0,12.50,3.13,true,1,
7290008000246,false,"פמינה + אלוורה 220 מ""ל",כצט,IL,שטיפה + אלוורה,מיליליטרים,220.00,"100 מ""ל",false,0,19.90,9.05,true,1,
7290008000598,false,"קרם ידיים שאו 100 מ""ל",כצט,,קרם ידיים שאו,מיליליטרים,100.00,"100 מ""ל",false,0,7.10,7.10,true,1,
7290008000796,false,"משחת שיניים סופרמן 50מ""ל",כצט,IL,משחת שיניים,מיליליטרים,50.00,"100 מ""ל",false,0,10.70,21.40,true,1,
7290008018654,false,"שמפו פינוק לילדים 700מ""ל",יוניליוור,IL,שמפו פינוק,מיליליטרים,700.00,"100 מ""ל",false,0,9.90,1.41,true,1,
7290008018661,false,"מרכך פינוק לילדים 700מ""ל",יוניליוור,IL,מרכך פינוק,מיליליטרים,700.00,"100 מ""ל",false,0,9.90,1.41,true,1,
7290008021104,false,"מרכך פינוק רגיל 700 מ""ל",יוניליוור,IL,מרכך שיער פינוק,מיליליטרים,700.00,"100 מ""ל",false,0,9.90,1.41,true,1,
7290008021111,false,מרכ.פינוק יבש מאוד 700מל,יוניליוור,IL,מרכך שיער פינוק,מיליליטרים,700.00,"100 מ""ל",false,0,9.90,1.41,true,1,
7290008021142,false,שמפו פינוק 2ב1- יבש 700מ,יוניליוור,IL,שמפו ומרכך פינוק,מיליליטרים,700.00,"100 מ""ל",false,0,9.90,1.41,true,1,
7290008023542,false,סיף פנטסטיק רצפ.מרענן4ל',יוניליוור,IL,סיף שמפו לרצפות,ליטרים,4.00,ליטר,false,0,17.90,4.48,true,1,
7290008104050,false,"לקטופיל פמינה 220 מ""ל",כצט,IL,סבון פמינה,מיליליטרים,220.00,"100 מ""ל",false,0,21.70,9.86,true,1,
7290008175173,false,חמאה לורפק,,DK,חמאה לורפק,גרמים,200.00,100 גרם,false,0,14.90,7.45,true,1,
7290008175487,false,לורפק ממרח חמאה,,,לורפק ממרח חמאה,גרמים,250.00,100 גרם,false,0,15.80,6.32,true,1,
7290008175494,false,ממרח חמאה,,DK,ממרח חמאה,גרמים,250.00,100 גרם,false,0,15.80,6.32,true,1,
7290008175814,false,פטריות חתוכות,,IL,פטריות חתוכות,גרמים,400.00,100 גרם,false,0,4.50,1.13,true,1,
7290008181785,false,פרפקט קולור בלונד 1000.1,הנקל סוד,IL,פרפקט קולור,יחידה,1.00,יחידה,false,0,35.20,35.20,true,1,
7290008213493,false,משחה קולגייט להלבנה 100מ,קולגייט-פלמוליב,PL,משחה קולגייט להלבנה 100מ,מיליליטרים,100.00,"100 מ""ל",false,0,12.90,12.90,true,1,
7290008263726,false,טחינה אורג.שומשום מלא400,הרדוף,IL,טחינה אורגנית,גרמים,400.00,100 גרם,false,0,17.90,4.48,true,1,
7290008330107,false,מרכך בדין סגול4 ליטר,יוניליוור,IL,מרכך כביסה בדין,ליטרים,4.00,ליטר,false,0,19.90,4.98,true,1,
7290008333115,false,אבקת ג'לטין טהור 28 גרם,מאיר עזרא ובניו,IL,אבקת ג'לטין,גרמים,28.00,100 גרם,false,0,9.50,33.93,true,1,
7290008336772,false,גידים חלק קפוא מחיר לפי,נטו,IL,גידים קפוא,קילוגרמים,0.00,"ק""ג",true,0,39.90,39.90,true,1,
7290008340618,false,סלמון מעושן מצונן 100 גר,דלידג - נטו,IL,סלמון מעושן,גרמים,100.00,100 גרם,false,0,19.90,19.90,true,1,
7290008343558,false,סיגרים בשר 1 ק'ג שלושת,שלושת האופים,IL,סיגרים פיקנטי,קילוגרמים,1.00,"ק""ג",false,0,24.90,24.90,true,1,
7290008345170,false,מקרל חצאים במשקל,דלידג - נטו,IL,מקרל חצאים,קילוגרמים,0.00,"ק""ג",true,0,90.00,90.00,true,1,
7290008345576,false,איקרה ביתית לבנה 300 גרם,דלידג - נטו,IL,איקרה ביתית לבנה,גרמים,300.00,100 גרם,false,0,17.90,5.97,true,1,
7290008345583,false,איקרה ביתית ורודה 300 גר,דלידג - נטו,IL,איקרה ביתית,גרמים,300.00,100 גרם,false,0,17.90,5.97,true,1,
7290008409124,false,שניצל ג'ונגל 700 גרם,תנובה,IL,שניצל ג'ונגל,גרמים,700.00,100 גרם,false,0,36.90,5.27,true,1,
7290008409216,false,שניצל דק דק פריך 700 גרם,תנובה,IL,שניצל דק דק פריך,גרמים,700.00,100 גרם,false,0,42.50,6.07,true,1,
7290008409377,false,שווארמה פרגיות 400 גרם,תנובה,IL,שווארמה 400 גר,יחידה,1.00,יחידה,false,0,38.70,38.70,true,1,
7290008409407,false,שניצל דק בציפוי צ'יפס 00,תנובה,IL,שניצל דק צ'יפס,גרמים,700.00,100 גרם,false,0,42.50,6.07,true,1,
7290008409452,false,"שישליק עוף אמיתי ""מאמעוף",תנובה,IL,שישליק עוף אמי,גרמים,400.00,100 גרם,false,0,37.70,9.43,true,1,
7290008409469,false,"שווארמה אמיתי""מאמאעוף400",תנובה,IL,שווארמה אמיתי,גרמים,400.00,100 גרם,false,0,38.70,9.68,true,1,
7290008409582,false,שניצל אמיתי ביתי 700 גרם,תנובה,IL,שניצל אמיתי ביתי,גרמים,700.00,100 גרם,false,0,41.70,5.96,true,1,
7290008464000,false,סבן אפ 1.5*6 ליטר,טמפו,IL,סבן אפ 6 יחידות,ליטרים,9.00,ליטר,false,0,25.90,2.88,true,1,
7290008464369,false,"פפסי קולה בפחית 330 מ""ל",טמפו,IL,פפסי קולה פחית,מיליליטרים,330.00,"100 מ""ל",false,0,5.90,1.79,true,1,
7290008464703,false,"בירה מכבי 6 בק330* מ""ל",טמפו,IL,בירה מכבי 6 בקב.,ליטרים,1.98,ליטר,false,0,24.90,12.58,true,1,
7290008464741,false,"בירה גולדסטאר בק330*6מ""ל",טמפו,IL,גולדסטאר 6 יח',ליטרים,1.98,ליטר,false,0,35.90,18.13,true,1,
7290008464796,false,"בירה הייניקן בק330*6 מ""ל",היינקן,IL,בירה הייניקן 6יח,ליטרים,1.98,ליטר,false,0,34.90,17.63,true,1,
7290008493710,false,פירורי גריסיני זהב 200ג,מאיר את ביגל,IL,פירורי גריסיני,גרמים,200.00,100 גרם,false,1,6.20,3.10,true,1,
7290008614986,false,סרדין מרוקאי קפוא לקג,.,IL,סרדין מרוקאי קפו,יחידה,1.00,יחידה,false,1,19.90,19.90,true,1,
7290008645935,false,חומוס אחלה 750 גרם,שטראוס,IL,חומוס אחלה,גרמים,750.00,100 גרם,false,0,10.00,1.33,true,1,
7290008670012,false,קברנה סוביניון,,IL,קברנה סוביניון,מיליליטרים,750.00,"100 מ""ל",false,0,49.90,6.65,true,1,
7290008670029,false,יין רקנאטי מרלו,,IL,יין רקנאטי מרלו,מיליליטרים,750.00,"100 מ""ל",false,0,49.90,6.65,true,1,
7290008670142,false,רקנאטי יסמין,,IL,רקנאטי יסמין,מיליליטרים,750.00,"100 מ""ל",false,0,29.90,3.99,true,1,
7290008670210,false,"רקנאטי שיראז 750 מ""ל",.,IL,רקנאטי שיראז,מיליליטרים,750.00,"100 מ""ל",false,0,49.90,6.65,true,1,
7290008693134,false,דניאלה תות מוקצף5% 150מ,שטראוס,IL,דניאלה תות מוקצף,מיליליטרים,150.00,"100 מ""ל",false,0,4.30,2.87,true,1,
7290008713016,false,לחם שבעה דגנים קל 500גרם,מאפיית שלמה א. אנג'ל,IL,לחם שבעה דגנים,גרמים,500.00,100 גרם,false,0,10.90,2.18,true,1,
7290008713900,false,לחם שיפון עגול 750 גרם,מאפיית שלמה א. אנג'ל,IL,לחם שיפון עגול,גרמים,750.00,100 גרם,false,0,11.50,1.53,true,1,
7290008713917,false,לחם שיפון כהה 750 גרם,מאפיית שלמה א. אנג'ל,IL,לחם שיפון כהה,גרמים,750.00,100 גרם,false,0,11.50,1.53,true,1,
7290008745239,false,תפוצ'יפס קראנצ' טעם טבעי,עלית,IL,תפוצ'יפס קראנצ',גרמים,50.00,100 גרם,false,0,3.90,7.80,true,1,
7290008746038,false,בונ.לב בינוני חלב 162גרם,שטראוס,IL,בונבוניירה לב,גרמים,162.00,100 גרם,false,0,28.60,17.65,true,1,
7290008748384,false,שוקולד ספלנדיד מריר100גר,שטראוס,IL,שוקולד ספלנדיד,גרמים,100.00,100 גרם,false,0,10.90,10.90,true,1,
7290008749343,false,בפלות שחור לבן 400 גרם,שטראוס,IL,ופלים שחור לבן,גרמים,400.00,100 גרם,false,0,15.40,3.85,true,1,
7290008752244,false,תפוצ'יפס קראנצ' גריל 50ג,עלית,IL,תפוצ'יפס גריל,גרמים,50.00,100 גרם,false,0,3.90,7.80,true,1,
7290008753111,false,תפוצ'יפס מקסיקני 50 גרם,עלית,IL,תפוצ'יפס קראנצ',גרמים,50.00,100 גרם,false,0,3.90,7.80,true,1,
7290008753876,false,בפלות עוגת גבינה+פירו350,שטראוס,IL,בפלות פירורים,גרמים,350.00,100 גרם,false,0,15.40,4.40,true,1,
7290008754415,false,מאסט LL עדין ספירמינט28ג,שטראוס,IL,מסטיק מאסט LL,גרמים,28.00,100 גרם,false,0,4.30,15.36,true,1,
7290008754613,false,רולדת שוקולד מצופה 350גר,שטראוס,IL,רולדת שוקולד,גרמים,350.00,100 גרם,false,0,14.90,4.26,true,1,
7290008754682,false,רולדת קוקוס מצופה 350גרם,שטראוס,IL,רולדת קוקוס,גרמים,350.00,100 גרם,false,0,14.90,4.26,true,1,
7290008757010,false,"שוופס ביטר לימון 250 מ""ל",יפאורה שותפות מובגלת לשיווק,IL,שוופס ביטר לימון,מיליליטרים,250.00,"100 מ""ל",false,0,6.50,2.60,true,1,
7290008757034,false,"שוופס סודה חד פעמי250מ""ל",יפאורה שותפות מובגלת לשיווק,IL,מי סודה,מיליליטרים,250.00,"100 מ""ל",false,0,3.70,1.48,true,1,
7290008775731,false,"רוטב וינגרט קלאסי 290מ""ל",אסם,IL,רוטב ויניגרט אסם,מיליליטרים,290.00,"100 מ""ל",false,0,10.90,3.76,true,1,
7290008801843,false,קברנה סוביניון,,,קברנה סוביניון,מיליליטרים,750.00,"100 מ""ל",false,0,23.90,3.19,true,1,
7290008801850,false,אמרלד ריזלינג סלקטד750מל,יקבי כרמל,IL,אמרלד ריזלינג,מיליליטרים,750.00,"100 מ""ל",false,0,23.90,3.19,true,1,
7290008803090,false,"מרלו סדרה אזורית 750 מ""ל",יקבי כרמל,IL,יין מרלו,מיליליטרים,750.00,"100 מ""ל",false,0,44.90,5.99,true,1,
7290008804455,false,רוזה הסדרה האזורית 750מל,יקבי כרמל,IL,רוזה,מיליליטרים,750.00,"100 מ""ל",false,0,44.90,5.99,true,1,
7290008804745,false,גוורצטרמינר ס.אזורית750מ,יקבי כרמל,IL,גוורצטרמינר אזור,מיליליטרים,750.00,"100 מ""ל",false,1,44.90,5.99,true,1,
7290008805964,false,קברנה שיראז סדרה אזורית,יקבי כרמל,IL,קברנה שיראז,מיליליטרים,750.00,"100 מ""ל",false,0,44.90,5.99,true,1,
7290008806909,false,גלידה לייט שוקו וניל1.33,שטראוס,IL,גלידה לייט,ליטרים,1.33,ליטר,false,0,19.90,14.96,true,1,
7290008806961,false,קרמיסימו פרה שוקולד1.33ל,שטראוס,IL,גלידה קרמיסימו,ליטרים,1.33,ליטר,false,0,19.90,14.96,true,1,
7290008807494,false,"יוגב ארומטי 750 מ""ל",יקבי בנימינה,IL,יוגב ארומטי,מיליליטרים,750.00,"100 מ""ל",false,1,35.60,4.75,true,1,
7290008830676,false,תערובת מן הטבע,דין שיווק,IL,תערובת מן הטבע,יחידה,1.00,יחידה,false,0,5.00,5.00,true,1,
7290008830690,false,מובחרים מן הטבע,דין שיווק,IL,מובחרין מן הטבע,יחידה,1.00,יחידה,false,0,10.00,10.00,true,1,
7290008849609,false,רוטב שום דבש לעוף 330 גר,אוליביה,IL,רוטב שום דבש,גרמים,330.00,100 גרם,false,0,13.00,3.94,true,1,
7290008909167,false,פריגת ענבים מרלו 1.5 ליט,פריגת,IL,פריגת ענבים,ליטרים,1.50,ליטר,false,0,6.50,4.33,true,1,
7290008909853,false,"קוקה קולה ZERO 500 מ""ל",החברה המרכזית לייצור משקאות,IL,קוקה קולה ZERO,מיליליטרים,500.00,"100 מ""ל",false,0,6.90,1.38,true,1,
7290008909860,false,קוקה קולה ZERO 1.5 ליטר,החברה המרכזית לייצור משקאות,IL,קוקה קולה ZERO,ליטרים,1.50,ליטר,false,0,6.90,4.60,true,1,
7290008909877,false,קוקה קולה זירו 1.5*6 ל',החברה המרכזית לייצור משקאות,IL,קולה זירו 1.5*6ל,ליטרים,9.00,ליטר,false,0,36.90,4.10,true,1,
7290008981279,false,זעטר עם שומשום נחלה100גר,קפה אל נח'לה,IL,זעטר עם שומשום,גרמים,100.00,100 גרם,false,0,11.90,11.90,true,1,
7290009069679,true,שעועית קטניות,,,שעועית קטניות,קילוגרמים,0.00,"ק""ג",true,0,13.00,13.00,true,1,
7290009127492,true,אנטריקוט טרי מוכשר אנגוס,פניסקו,AR,אנטריקוט טרי מוכ,קילוגרמים,0.00,"ק""ג",true,0,139.90,139.90,true,1,
7290009127515,true,צלעות טרי מוכשר אנגוס קג,פניסקו,AR,צלעות טרי מוכשר,קילוגרמים,0.00,"ק""ג",true,0,79.90,79.90,true,1,
7290009127867,true,כתף טרי מוכשר אנגוס קג,פניסקו,AR,כתף טרי המוכשר,קילוגרמים,0.00,"ק""ג",true,0,84.90,84.90,true,1,
7290009330618,true,שריר טרי מוכשר אנגוס קג,שופרסל,IL,שריר טרי מוכשר,קילוגרמים,0.00,"ק""ג",true,1,69.90,69.90,true,1,
7290009330922,true,צוואר טרי מוכשר אנגוס קג,שופרסל,IL,צוואר טרי מוכשר,קילוגרמים,0.00,"ק""ג",true,1,59.90,59.90,true,1,
7290009391459,true,צלי כתף טרי מוכשר אנגוס,פניסקו,AR,צלי כתף טרי מוכש,קילוגרמים,0.00,"ק""ג",true,1,89.90,89.90,true,1,
7290009395037,true,כבד עוף טרי תפזורת עצמי,שונות,IL,כבד עוף טרי,קילוגרמים,0.00,"ק""ג",true,0,17.90,17.90,true,1,
7290009398137,true,מקלות בייגלה,גידרון,IL,מקלות בייגלה,יחידה,1.00,יחידה,false,0,3.50,3.50,true,1,
7290009398281,true,מארז פיתות אסלית100*10ג,מאפיית אנג'ל,IL,פיתות 10 יח,גרמים,1000.00,100 גרם,false,0,11.80,1.18,true,1,
7290009398786,true,מארז פיתות אסלית 5יח100*,מאפיית אנג'ל,IL,חמישיית פיתות,גרמים,500.00,100 גרם,false,0,6.90,1.38,true,1,
7290009399165,true,לחמניה קלה,גידרון,IL,לחמניה קלה,יחידה,1.00,יחידה,false,0,2.90,2.90,true,1,
7290009399431,true,עוגיות שיבולת שועל במשקל,גידרון,IL,עוגיות ש.שועל,קילוגרמים,0.00,"ק""ג",true,0,39.00,39.00,true,1,
7290009399493,true,עוג.עניבות קינמון משקל,גידרון,IL,עוגיות עניבות,קילוגרמים,0.00,"ק""ג",true,0,35.00,35.00,true,1,
7290009399523,true,מעמול תמרים במשקל,גידרון,,מעמול תמרים,קילוגרמים,0.00,"ק""ג",true,0,35.00,35.00,true,1,
7290009399608,true,עוג.מרוקאי ללא סוכר משקל,גידרון,IL,עוגיות מרוקאי,קילוגרמים,0.00,"ק""ג",true,0,39.00,39.00,true,1,
7290009401790,true,מארז פיתה קמח מלא 5יח,מאפיית אנג'ל,IL,פיתה קמח מלא 5יח,גרמים,500.00,100 גרם,false,0,7.90,1.58,true,1,
7290009950724,true,מיני סופגניה מצופה,גידרון,IL,סופגנ.מיני מצופה,יחידה,1.00,יחידה,false,0,3.50,3.50,true,1,
7290009951394,true,חלבה ממולאת,,,חלבה ממולאת,קילוגרמים,0.00,"ק""ג",true,0,44.00,44.00,true,1,
7290009951400,true,סוכריות גומי,,,סוכריות גומי,קילוגרמים,0.00,"ק""ג",true,0,45.00,45.00,true,1,
7290009951455,true,תבלינים,,,תבלינים,קילוגרמים,0.00,"ק""ג",true,0,74.00,74.00,true,1,
7290009951516,true,קטניות,,,קטניות,קילוגרמים,0.00,"ק""ג",true,0,11.00,11.00,true,1,
7290009952063,true,מים מינרליים500מ,,,מים מינרליים500מ,מיליליטרים,500.00,"100 מ""ל",false,0,5.30,1.06,true,1,
7290009952285,true,מארז ביס באגט 8יח',גידרון,IL,ביס באגט 8יח,יחידה,1.00,יחידה,false,0,9.90,9.90,true,1,
7290009952339,true,מארז לחמניות אצבע 8יח,גידרון,IL,8יח לחמניות אצבע,יחידה,1.00,יחידה,false,0,10.00,10.00,true,1,
7290009952377,true,מארז לחמנית קשר 5יח',גידרון,IL,לחמנית קשר 5יח,יחידה,1.00,יחידה,false,0,11.90,11.90,true,1,
7290009954241,true,נועם ג.צהובה22%חריץ משקל,"טרופיקל דגיל תעשיות קוסמטיקה בע""מ",IL,גבינת נועם 22%,קילוגרמים,0.00,"ק""ג",true,0,37.00,37.00,true,1,
7290009955309,true,גב.פרמז'ן27% שופרסל משקל,ז'נטי אס.פי.אי,IT,גבינת פרמז'ן,קילוגרמים,0.00,"ק""ג",true,1,99.00,99.00,true,1,
7290009956108,true,גב.צהובה28%שופרסל משקל,MLEKOVITA,PL,גבינה צהובה,קילוגרמים,0.00,"ק""ג",true,1,29.90,29.90,true,1,
7290009956252,true,גבינה צהובה 9% במשקל,MLEKOVITA,PL,גבינה צהובה9%,קילוגרמים,0.00,"ק""ג",true,1,50.00,50.00,true,1,
7290010002399,false,בזיליקום 40 גרם,א.ל ייצור ושיווק תבלינים,IL,בזיליקום(ריחן),גרמים,40.00,100 גרם,false,0,9.30,23.25,true,1,
7290010003075,false,פפריקה מרוקאית מתוקה400ג,א.ל ייצור ושיווק תבלינים,IL,פפריקה מרוקאית,גרמים,400.00,100 גרם,false,0,23.90,5.98,true,1,
7290010023622,false,תה קלאסי.נגיעות נענע100ש,ויסוצקי,IL,תה קלאסיק+נענע,גרמים,100.00,100 גרם,false,0,17.70,17.70,true,1,
7290010065318,false,"פרינוק ג'וניור תפו""ע190ג",רנדי,CZ,פרינוק מחית,גרמים,130.00,100 גרם,false,0,5.50,4.23,true,1,
7290010065349,false,פרינוק ג'ונ.סלט פירות190,רנדי,IL,פריניק ג'וניור,גרמים,190.00,100 גרם,false,0,5.50,2.89,true,1,
7290010066575,false,טונה במי מלח 158*4 גרם,תעשיות פילטונה,IL,טונה במי מלח 4יח,גרמים,632.00,100 גרם,false,0,26.90,4.26,true,1,
7290010116898,false,שוקולד אוורירי מריר85גרם,שטראוס,IL,שוקולד אוורירי,גרמים,85.00,100 גרם,false,0,5.50,6.47,true,1,
7290010118113,false,שוש 10 * 20 גרם,עלית,IL,שוש מארז 10 יח,גרמים,200.00,100 גרם,false,0,10.50,5.25,true,1,
7290010154012,false,לימון בלאדי 250 גרם,נטו,IL,לימון בלאדי,גרמים,250.00,100 גרם,false,0,14.60,5.84,true,1,
7290010154241,false,חזרת 250 גרם,נטו,IL,חזרת ביתית,גרמים,250.00,100 גרם,false,0,14.60,5.84,true,1,
7290010163700,false,שקד קלוף טבעי200ג שקדיה,שקדיה,IL,שקד טבעי,גרמים,200.00,100 גרם,false,0,18.90,9.45,true,1,
7290010173044,false,"מרלו הרי גליל 750 מ""ל",יקב הרי גליל,IL,מרלו הרי גליל,מיליליטרים,750.00,"100 מ""ל",false,0,29.90,3.99,true,1,
7290010173068,false,גליל קברנה סוביניון750מל,יקב הרי גליל,IL,קברנה הרי גליל,מיליליטרים,750.00,"100 מ""ל",false,0,29.90,3.99,true,1,
7290010196678,false,קוקי שקיות אפיה ענק 10יח,ש.שסטוביץ,IL,קוקי שקיות,יחידה,1.00,יחידה,false,0,21.60,21.60,true,1,
7290010237562,false,מירינדה,,IL,מירינדה,מיליליטרים,500.00,"100 מ""ל",false,0,3.90,0.78,true,1,
7290010237630,false,בירה נשר מאלט דיאט 1.5 ל,טמפו,IL,נשר מאלט דיאט,ליטרים,1.50,ליטר,false,0,6.90,4.60,true,1,
7290010237784,false,"מכבי שנדי ליים 330*6 מ""ל",טמפו,IL,מכבי שנדי 6 יח,ליטרים,1.98,ליטר,false,0,29.90,15.10,true,1,
7290010259038,false,לורפק ממרח,,DK,לורפק ממרח,גרמים,500.00,100 גרם,false,0,25.90,5.18,true,1,
7290010259045,false,לורפק לייט,,DK,לורפק לייט,גרמים,250.00,100 גרם,false,0,15.00,6.00,true,1,
7290010259366,false,נודלס ביצים,,IL,נודלס ביצים,גרמים,200.00,100 גרם,false,0,3.90,1.95,true,1,
7290010259823,false,מנת השף נודלס,,IL,מנת השף נודלס,גרמים,70.00,100 גרם,false,0,4.50,6.43,true,1,
7290010259830,false,מנת השף נודלס,,IL,מנת השף נודלס,גרמים,70.00,100 גרם,false,0,4.50,6.43,true,1,
7290010259854,false,מנת השף נודלס,,IL,מנת השף נודלס,גרמים,70.00,100 גרם,false,0,4.50,6.43,true,1,
7290010429301,false,מעדן תות 100%פרי 250 גרם,יד מרדכי,IL,מעדן תות,גרמים,250.00,100 גרם,false,0,13.70,5.48,true,1,
7290010429554,false,"שמן זית 2 קלאסי 750מ""ל",יד מרדכי,IL,שמן זית 2 קלאסי,מיליליטרים,750.00,"100 מ""ל",false,0,35.90,4.79,true,1,
7290010471669,false,דנונה בר תות קורנפ175.גר,שטראוס,IL,דנונה בר תות,גרמים,175.00,100 גרם,false,0,4.50,2.57,true,1,
7290010472390,false,דני שוקולד 125*8גרם,שטראוס,IL,דני שוקולד 8 יח',קילוגרמים,1.00,"ק""ג",false,0,15.90,15.90,true,1,
7290010546053,false,גרנולה ללא תוספת סוכר400,"מנדל סחר ושיווק בע""מ",IL,"גרנולה ללת""ס",גרמים,400.00,100 גרם,false,0,19.70,4.93,true,1,
7290010569038,false,גלידה משפחתית 5 טעמים,שטראוס,IL,גלידה משפחתית,ליטרים,2.00,ליטר,false,0,25.70,12.85,true,1,
7290010569052,false,גלידה משפחתית 5 טעמים,שטראוס,IL,גלידה משפחתית,ליטרים,2.00,ליטר,false,0,25.70,12.85,true,1,
7290010569069,false,גלידה משפ' 3טעמים פרווה,שטראוס,IL,גלידה משפחתית,ליטרים,2.00,ליטר,false,0,25.70,12.85,true,1,
7290010609079,false,טרופיקש 10 יח,,IL,טרופיקש 10 יח,ליטרים,2.00,ליטר,false,0,11.90,5.95,true,1,
7290010627844,false,טחינה מלאה ירושלים 500 ג,"טחינה ירושליים בע""מ",IL,טחינה מלאה,גרמים,500.00,100 גרם,false,1,15.90,3.18,true,1,
7290010632060,false,2מוצצי פרימה אייר קצר,LTD E.L.CO,CN,מוצץ פרימה,יחידה,1.00,יחידה,false,0,10.00,10.00,true,1,
7290010740857,false,שניצל תירס 750גרם33%+ 1ק,טבעול,IL,שניצל תירס טבעול,גרמים,1000.00,100 גרם,false,0,29.90,2.99,true,1,
7290010748853,false,ק.ידים אפקטיב קר עדין150,פישר מעבדות פרמצבטיות,IL,קרם ידיים,מיליליטרים,150.00,"100 מ""ל",false,0,9.90,6.60,true,1,
7290010827008,false,מגבונים לחים דיילי 64*12,דינמיק,IL,מגבונים לחים,יחידה,1.00,יחידה,false,1,25.90,25.90,true,1,
7290010827572,false,מגבונים לניקוי כללי50*3י,דינמיק תעשיות מגבונים,IL,מגבונים לניקוי3*,יחידה,1.00,יחידה,false,0,14.90,14.90,true,1,
7290010829385,false,מגבונים לרצפה 10 יח',דינמיק תעשיות מגבונים,IL,מגבונים לרצפה,יחידה,1.00,יחידה,false,1,8.90,8.90,true,1,
7290010838431,false,דאק לאסלה ניחוח ים זוג,ג'ונסון,NL,דאק לאסלה זוג,ליטרים,1.50,ליטר,false,0,14.90,9.93,true,1,
7290010849505,false,"למברוסקו רוסו 750 מ""ל",קאויקיולי,IT,למברוסקו רוסו,מיליליטרים,750.00,"100 מ""ל",false,0,19.90,2.65,true,1,
7290010849789,false,"קאווה די מארמו 750 מ""ל",קאויקיולי,ES,קאווה די מארמו,מיליליטרים,750.00,"100 מ""ל",false,0,32.70,4.36,true,1,
7290010883059,false,מברשת בוב ספוג חשמלית,ELECTRIC S.S.,CN,מברשת שיניים,יחידה,1.00,יחידה,false,0,39.90,39.90,true,1,
7290010945146,false,קוטג' 3%רכיבים טביעי250ג,טרה,IL,קוטג' 3% 250גר,גרמים,250.00,100 גרם,false,0,5.20,2.08,true,1,
7290010945481,false,גבינה לבנה 5% 500 גרם,טרה,IL,גבינה לבנה 5%,גרמים,500.00,100 גרם,false,0,8.20,1.64,true,1,
7290010970254,false,"חומץ יין לבן 500 מ""ל",ג.מ.טעם הארץ,IL,חומץ יין לבן,מיליליטרים,500.00,"100 מ""ל",false,0,15.20,3.04,true,1,
7290011017606,false,פאנטה לימונדה 1.5 ליטר,החברה המרכזית לייצור משקאות,IL,פאנטה לימונדה,ליטרים,1.50,ליטר,false,0,6.90,4.60,true,1,
7290011017873,false,"סליק קוקה זירו 330 מ""ל",החברה המרכזית לייצור משקאות,IL,קוקה זירו,מיליליטרים,330.00,"100 מ""ל",false,0,4.90,1.48,true,1,
7290011018924,false,"קוקה קולה דיאט 330*6 מ""ל",החברה המרכזית לייצור משקאות,IL,שישיית קולה דיאט,ליטרים,1.98,ליטר,false,0,16.90,8.54,true,1,
7290011051372,false,שוופס מוגז תפוח ליים1.5ל,יפאורה שותפות מובגלת לשיווק,IL,שוופס תפוח ליים,ליטרים,1.50,ליטר,false,0,6.50,4.33,true,1,
7290011051389,false,שוופס פירות יער מוגז1.5ל,יפאורה שותפות מובגלת לשיווק,IL,שוופס מוגז עדין,ליטרים,1.50,ליטר,false,0,6.50,4.33,true,1,
7290011051396,false,שוופס מוגז עדין אפרסק,יפאורה שותפות מובגלת לשיווק,IL,שוופס אפרסק,ליטרים,1.50,ליטר,false,0,6.50,4.33,true,1,
7290011051488,false,תה ספרינג אפרסק 1.5 ליטר,יפאורה שותפות מובגלת לשיווק,IL,ספרינג תה אפרסק,ליטרים,1.50,ליטר,false,0,5.90,3.93,true,1,
7290011051525,false,"ספרינג תה אפרסק 500 מ""ל",יפאורה שותפות מובגלת לשיווק,IL,ספרינג תה,מיליליטרים,500.00,"100 מ""ל",false,0,6.20,1.24,true,1,
7290011051976,false,R.C FREE 1.5 ליטר,יפאורה שותפות מובגלת לשיווק,IL,R.C FREE,ליטרים,1.50,ליטר,false,0,4.40,2.93,true,1,
7290011081690,false,גל.קרמיסימו צ'יפ וניל/שו,שטראוס,IL,קרמיסימו צ'יפ,ליטרים,1.33,ליטר,false,0,19.90,14.96,true,1,
7290011097134,false,נוזל לכלים קלין לימון850,קליר כימיקלים,IL,נוזל לכלים,מיליליטרים,850.00,"100 מ""ל",false,0,11.40,1.34,true,1,
7290011115258,false,סבון נקה 7 ירוק 100*4 גר,נקה,,נקה 7 סבון 4 יח,גרמים,400.00,100 גרם,false,0,10.90,2.73,true,1,
7290011131654,false,"מיזלי ביג מיקס 1 ק""ג",וויטליה,NL,מיזלי ביג מיקס,קילוגרמים,1.00,"ק""ג",false,0,19.90,19.90,true,1,
7290011194215,false,"דניאלה בננה 150 מ""ל",שטראוס,IL,דניאלה בננה,מיליליטרים,150.00,"100 מ""ל",false,0,4.30,2.87,true,1,
7290011194246,false,קוטג' 5% שומן 250 גרם,שטראוס,IL,קוטג' 5% שומן,גרמים,250.00,100 גרם,false,0,5.80,2.32,true,1,
7290011223052,false,רצועות שעווה אלוורה 16יח,VIOXOX,FR,רצועות שעווה,יחידה,1.00,יחידה,false,0,32.60,32.60,true,1,
7290011239404,false,חטיפים שונים ארוזים330ג,ממתקי מחרום,IL,חטיפים ארוזים,גרמים,330.00,100 גרם,false,0,14.90,4.52,true,1,
7290011239657,false,רחת לוקום ארוז קוביות500,ממתקי מחרום,IL,רחת לוקום ארוז,גרמים,500.00,100 גרם,false,0,14.80,2.96,true,1,
7290011308117,false,קרקר 6 דגנים 200 גרם,אפיפית,IL,קרקר 6 דגנים,גרמים,200.00,100 גרם,false,0,6.90,3.45,true,1,
7290011308872,false,נישנושים ביס בצל 60 גרם,יוניליוור,IL,נישנושים ביס,גרמים,60.00,100 גרם,false,0,3.90,6.50,true,1,
7290011378028,false,"חלבה ללת""ס שומ.מלא350",רושדי תעשיות מזון,IL,"חלבה ללת""ס",גרמים,350.00,100 גרם,false,0,15.80,4.51,true,1,
7290011378769,false,חטיפי חלבה וניל 18*7 גרם,רושדי תעשיות מזון,IL,חטיפי חלבה,גרמים,126.00,100 גרם,false,0,12.40,9.84,true,1,
7290011468057,false,"טחינה גולמית הנסיך 1 ק""ג",הנסיך,IL,טחינה גולמית,קילוגרמים,1.00,"ק""ג",false,0,25.90,25.90,true,1,
7290011499112,false,גבינה בולגרית 16% 250גרם,מחלבות גד,IL,גבינה בולגרית,גרמים,250.00,100 גרם,false,0,17.90,7.16,true,1,
7290011499129,false,קוב.בולג.מעודנת 5% 200ג,מחלבות גד,IL,קוביות בולגרית,גרמים,200.00,100 גרם,false,0,19.70,9.85,true,1,
7290011499327,false,גב.בולגרית מעודנת5% 250ג,מחלבות גד,,בולגרית מעודנת5%,גרמים,250.00,100 גרם,false,0,17.90,7.16,true,1,
7290011499341,false,גבינת קשקאבל26% 250 גרם,מחלבות גד,IL,גבינת קשקאבל,גרמים,250.00,100 גרם,false,0,29.80,11.92,true,1,
7290011499365,false,חלומי גד גב.קשה 24% 200ג,מחלבות גד,IL,חלומי גד 24%,גרמים,200.00,100 גרם,false,0,16.90,8.45,true,1,
7290011499525,false,לאבנה דרוזית 9% 500 גרם,מחלבות גד,IL,לאבנה דרוזית 9%,גרמים,500.00,100 גרם,false,0,19.60,3.92,true,1,
7290011499624,false,גבינת שמנת 30% טבעי200גר,מחלבות גד,,גבינת שמנת 30%,גרמים,200.00,100 גרם,false,0,10.00,5.00,true,1,
7290011501617,false,חמוציות דל סוכר250ג שקדי,שקדיה,IL,חמוציות דל סוכר,גרמים,250.00,100 גרם,false,0,19.70,7.88,true,1,
7290011518561,false,"אקטימל תות 100*14 מ""ל",שטראוס,IL,אקטימל מארז14יח',ליטרים,1.40,ליטר,false,0,29.90,21.36,true,1,
7290011598211,false,סנו אנטי קאלק נ.כללי700מ,סנו,IL,סנו אנטי קאלק,מיליליטרים,700.00,"100 מ""ל",false,0,16.90,2.41,true,1,
7290011598259,false,סנו פרש אוטומטי מאסק 250,סנו,IL,סנו פרש מאסק,מיליליטרים,250.00,"100 מ""ל",false,1,11.90,4.76,true,1,
7290011598402,false,מרכך מקסימה מאסק 4 ל',סנו,,מרכך כביסה,ליטרים,4.00,ליטר,false,0,20.90,5.23,true,1,
7290011607418,false,מברשת סנסודיין רכה,גלקסוסמיתקליין,,מברשת שיניים,יחידה,1.00,יחידה,false,0,17.90,17.90,true,1,
7290011615062,false,לורפק ללא מלח,,DK,לורפק ללא מלח,גרמים,500.00,100 גרם,false,0,25.90,5.18,true,1,
7290011618131,false,בייבי ביס טעם גזר 50 גרם,want-want,IL,בייבי ביס,גרמים,50.00,100 גרם,false,0,12.50,25.00,true,1,
7290011622428,false,כתמתמים חטיף בריאת לילד,אשבל,IL,חטיף בריאות,גרמים,45.00,100 גרם,false,0,5.80,12.89,true,1,
7290011622664,false,כתמטמינים טחינה 45 גרם,אשבול,IL,כתמטמינים טחינה,גרמים,45.00,100 גרם,false,1,5.80,12.89,true,1,
7290011716097,false,פנקו יפני בטעם גריל300גר,,,פנקו יפני בטעם גריל300גר,גרמים,300.00,100 גרם,false,0,7.10,2.37,true,1,
7290011743826,false,משחת אקווה פרש מבריקה100,גלקסוסמיתקליין,GB,משחת שיניים,מיליליטרים,100.00,"100 מ""ל",false,0,15.10,15.10,true,1,
7290011765408,false,שמפו+מרכ.כיף בוב ספוג750,קוסמופארם,IL,שמפו+מרכך כיף,מיליליטרים,750.00,"100 מ""ל",false,0,9.90,1.32,true,1,
7290011800642,false,סלט מטבוחה רפי כהן 400גר,צבר,IL,סלט מטבוחה,גרמים,400.00,100 גרם,false,0,15.90,3.98,true,1,
7290011800703,false,פלפלים קלויים רפי כהן400,צבר,IL,סלט פלפלים,גרמים,400.00,100 גרם,false,0,15.90,3.98,true,1,
7290011800840,false,טחינה בלאדי רפי כהן 400ג,צבר,IL,סלט טחינה בלאדי,גרמים,400.00,100 גרם,false,0,15.90,3.98,true,1,
7290011800864,false,חציל בשמן זית רפי כהן400,צבר,IL,סלט חציל צבר,גרמים,400.00,100 גרם,false,0,15.90,3.98,true,1,
7290011810252,false,חציל במיונז 250גרם,סלטי שמיר,IL,סלט חציל במיונז,גרמים,250.00,100 גרם,false,0,8.30,3.32,true,1,
7290011870720,false,סוללת פוג'י D,פוג'יקום,CN,סוללת פוגי',יחידה,1.00,יחידה,false,0,19.90,19.90,true,1,
7290011877859,false,סנו אינסטלטור 200 גרם,סנו,IL,סנו אינסטלטור,גרמים,200.00,100 גרם,false,0,13.90,6.95,true,1,
7290011877927,false,מי פה אורביטול כחול 500מ,קוסמופארם,IL,מי פה אורביטול,מיליליטרים,500.00,"100 מ""ל",false,0,20.00,4.00,true,1,
7290011947514,false,רוטב ויניגרט בלסמי 235מל,זיתא,IL,רוטב ויניגרט,מיליליטרים,235.00,"100 מ""ל",false,1,12.90,5.49,true,1,
7290011964627,false,פפריקה בשמן מיכל 400 גרם,תבליני טעם וריח,IL,פפריקה בשמן,גרמים,400.00,100 גרם,false,0,24.70,6.18,true,1,
7290012001994,false,חרדל דיז'ון ריין 350 גרם,ריין דיג'ון,FR,חרדל דיז'ון ריין,גרמים,350.00,100 גרם,false,0,11.90,3.40,true,1,
7290012019272,false,"רסק תפו""ע וקינמון 113*4ג",GROWERS CHERRY,US,"רסק תפו""ע",גרמים,452.00,100 גרם,false,0,9.90,2.19,true,1,
7290012022005,false,קריספיות טבעי,דילייט,IL,קריספיות טבעי,גרמים,60.00,100 גרם,false,0,11.90,19.83,true,1,
7290012022050,false,קריספיות מרובה דגנים 75,דילייט,IL,קריספיות דגנים,גרמים,75.00,100 גרם,false,0,13.90,18.53,true,1,
7290012022067,false,קריספיות קידס 30 גרם,דילייט,IL,קריספיות קידס,גרמים,30.00,100 גרם,false,0,10.90,36.33,true,1,
7290012028052,false,נקסט 100 10 יח',פיליפ מוריס,,נקסט 100 חבילה,יחידה,1.00,יחידה,false,0,269.90,269.90,false,1,
7290012028755,false,נקסט 100 ריסס 10יח,פיליפ מוריס,TR,סיגריות נקסט,יחידה,1.00,יחידה,false,1,269.90,269.90,false,1,
7290012086113,false,עגבניה שרי אשכולות מובחר,קטיף,IL,שרי אשכולות יח,יחידה,1.00,יחידה,false,0,9.90,9.90,true,1,
7290012116537,false,אבקת כב.מקסימה מאסק 2.5ק,סנו,IL,אבקת כביסה,קילוגרמים,2.50,"ק""ג",false,0,24.90,9.96,true,1,
7290012116551,false,"סנו אנטי קאלק רב""ש 2ליטר",סנו,IL,סנו אנטי קאלק,ליטרים,2.00,ליטר,false,0,20.90,10.45,true,1,
7290012116735,false,נ.טואלט סופט גל.כפול24גל,סנו,IL,נייר טואלט סופט,מטרים,900.00,100 מטר,false,0,34.90,3.88,true,1,
7290012116841,false,מברשת אורביטול אינטרדנטל,קוסמופארם,,מברשת שיניים,יחידה,1.00,יחידה,false,0,9.80,9.80,true,1,
7290012117039,false,"סנו""00"" לניקוי אמבטיה 1ל",סנו,IL,"סנו ""00"" לאמבטיה",ליטרים,1.00,ליטר,false,0,7.90,7.90,true,1,
7290012117091,false,אב.כביסה מקסימה,,IL,אב.כביסה מקסימה,קילוגרמים,6.00,"ק""ג",false,0,44.90,7.48,true,1,
7290012117275,false,סנוקליר שקית מילוי 750מל,סנו,IL,סנוקליר מילוי,מיליליטרים,750.00,"100 מ""ל",false,0,5.90,0.79,true,1,
7290012117534,false,מרכ.מקסימה ס.מרוכז קול1ל,סנו,IL,מקסימה ס.מרוכז,ליטרים,1.00,ליטר,false,0,15.00,15.00,true,1,
7290012117732,false,מרכך כב.מקסימה 4COOLליטר,סנו,,מרכך מקסימה COOL,ליטרים,4.00,ליטר,false,0,20.90,5.23,true,1,
7290012117831,false,מברשת אורביטול מס' 808,קוסמופארם,CN,מברשת אורביטול,יחידה,1.00,יחידה,false,0,12.90,12.90,true,1,
7290012117916,false,אינסטלטור נוזלי,,IL,אינסטלטור נוזלי,ליטרים,1.00,ליטר,false,0,29.60,29.60,true,1,
7290012173059,false,מנצ'יס 350גרם,זארובי פיצוחי הגליל,IL,מנצ'יס 350גרם,גרמים,350.00,100 גרם,false,1,10.90,3.11,true,1,
7290012193286,false,פרש וואנס קייר 72*4יח,על בד,IL,פרש וואנס,יחידה,1.00,יחידה,false,0,17.90,17.90,true,1,
7290012226021,false,סלמי מעושן פראג 400 גרם,זוגלובק,IL,סלמי מעושן פראג,גרמים,400.00,100 גרם,false,0,21.50,5.38,true,1,
7290012226120,false,קבנוס 135 גרם,זוגלובק,IL,קבנוס,גרמים,135.00,100 גרם,false,0,11.20,8.30,true,1,
7290012226922,false,קבנוס בטעם שום 135 גרם,זוגלובק,IL,קבנוס בטעם שום,גרמים,135.00,100 גרם,false,0,11.20,8.30,true,1,
7290012226946,false,קבנוס בטעם בצל 135 גרם,זוגלובק,IL,קבנוס בטעם בצל,גרמים,135.00,100 גרם,false,0,11.20,8.30,true,1,
7290012244018,false,עוג.מוס ר.חלב+שוק.לבן1קג,גידרון,IL,עוגת מוס,יחידה,1.00,יחידה,false,0,59.90,59.90,true,1,
7290012244049,false,עוגת מוס שני שוקולדים900,גידרון,IL,עוגת מוס,יחידה,1.00,יחידה,false,0,59.90,59.90,true,1,
7290012244056,false,עוגת גבינה ופירורים 900ג,גידרון,IL,עוגת גבינה,יחידה,1.00,יחידה,false,0,59.90,59.90,true,1,
7290012244643,false,מארז פיתה תימנית5יח100*ג,מאפיית אנג'ל,IL,פיתה תימנית 5יח,גרמים,500.00,100 גרם,false,0,11.40,2.28,true,1,
7290012313141,false,פרוסות מלפפונים,,,פרוסות מלפפונים,גרמים,540.00,100 גרם,false,0,6.30,1.17,true,1,
7290012404146,false,שוופס מוגז תפוחים1.5ל',יפאורה שותפות מובגלת לשיווק,IL,שוופס תפוחים,ליטרים,1.50,ליטר,false,0,6.60,4.40,true,1,
7290012404320,false,ספרינג ענבים 1.5 ליטר,יפאורה שותפות מובגלת לשיווק,IL,ספרינג ענבים,ליטרים,1.50,ליטר,false,0,6.20,4.13,true,1,
7290012404962,false,ספרינג קולקשן פ.יער 1.25,יפאורה שותפות מובגלת לשיווק,IL,ספרינג פירות יער,ליטרים,1.25,ליטר,false,0,9.90,7.92,true,1,
7290012475108,false,משקה שעורה אורגני 100גרם,.,IL,משקה שעורה,גרמים,100.00,100 גרם,false,0,14.80,14.80,true,1,
7290012645112,false,יוגורט עיזים בדלי 750גרם,מחלבת סוסיא,IL,יוגורט עיזים,גרמים,750.00,100 גרם,false,1,20.50,2.73,true,1,
7290012702631,false,מורז מגן שפתיים מנטה,מורז,US,מגן שפתים מנטה,יחידה,1.00,יחידה,false,1,14.90,14.90,true,1,
7290012823374,false,אנטי קאלק מטליות 50 יח',סנו,,מטליות אנטי קאלק,יחידה,1.00,יחידה,false,0,10.90,10.90,true,1,
7290012823404,false,סנו פרש אוטומטי כותנה250,סנו,IL,סנו פרש כותנה,מיליליטרים,250.00,"100 מ""ל",false,1,11.90,4.76,true,1,
7290012823558,false,10מטליות לחות לרצפה סושי,סנו,IL,מטליות רצפה לחות,יחידה,1.00,יחידה,false,0,10.90,10.90,true,1,
7290012823800,false,תח.רחצה כיף חלב קוקוס750,קוסמופארם,IL,תחליב רחצה כיף,מיליליטרים,750.00,"100 מ""ל",false,0,10.90,1.45,true,1,
7290012823817,false,תח.רחצה כיף חלב לבנדר750,קוסמופארם,IL,תחליב רחצה כיף,מיליליטרים,750.00,"100 מ""ל",false,0,10.90,1.45,true,1,
7290012938580,false,מש.סנסודיין הלבנה עדינ75,גלקסוסמיתקליין,,משחת סנסודיין,מיליליטרים,75.00,"100 מ""ל",false,0,20.90,27.87,true,1,
7290012938740,false,משחת סנסודיין פרש מינט75,סמית קליין,GB,משחת סנסודיין,מיליליטרים,75.00,"100 מ""ל",false,0,20.90,27.87,true,1,
7290013027399,false,לחם מלא+100%שיפון-קל750ג,מאפיית שלמה א. אנג'ל,IL,אנג'ל -100קל,גרמים,750.00,100 גרם,false,0,14.90,1.99,true,1,
7290013027535,false,לחם שיפון קל 750 גרם,מאפיית שלמה א. אנג'ל,IL,לחם שיפון קל,גרמים,750.00,100 גרם,false,0,12.80,1.71,true,1,
7290013038234,false,מים אקווה נובה 2*6 ליטר,טמפו,IL,אקווה נובה 6 בקב,ליטרים,12.00,ליטר,false,0,9.50,0.79,true,1,
7290013083661,false,מטרנה אקסטרה קר שלב1 700,נסטלה,IL,מטרנה אקסטרה קר,גרמים,700.00,100 גרם,false,0,59.90,8.56,true,1,
7290013083685,false,מטרנה אקסטרה קר שלב3 700,נסטלה,IL,מטרנה אקסטרה קר,גרמים,700.00,100 גרם,false,0,59.90,8.56,true,1,
7290013117212,false,בורקס פילו גבינה 600 גרם,"מעדנות בע""מ",IL,בורקס גבינה,גרמים,600.00,100 גרם,false,0,21.90,3.65,true,1,
7290013117229,false,"בורקס פילו תפו""א 600 גרם","מעדנות בע""מ",IL,"בורקס תפו""א",גרמים,600.00,100 גרם,false,0,21.90,3.65,true,1,
7290013117410,false,בצק פריך מתוק 450X2 900,"מעדנות בע""מ",IL,בצק פריך,גרמים,900.00,100 גרם,false,0,24.80,2.76,true,1,
7290013117526,false,בצק שמרים למאפים מתוקים,"מעדנות בע""מ",IL,בצק שמרים,גרמים,900.00,100 גרם,false,0,22.90,2.54,true,1,
7290013128058,false,תמר מג'הול 400גרם,"דוד חי ואפי שלאו בע""מ",IL,תמר מג'הול 400ג,גרמים,400.00,100 גרם,false,1,12.90,3.23,true,1,
7290013133694,false,דפילטור אורנה19,,IL,דפילטור אורנה19,גרמים,80.00,100 גרם,false,0,14.80,18.50,true,1,
7290013144232,false,פודינג וניל 80 גרם,א.ל ייצור ושיווק תבלינים,IL,פודינג וניל,גרמים,80.00,100 גרם,false,0,5.40,6.75,true,1,
7290013144355,false,וופל הולנדי מקורי 252גרם,ק.א שוקולד,NL,וופל הולנדי,גרמים,252.00,100 גרם,false,0,15.40,6.11,true,1,
7290013144614,false,סירופ מייפל 100% 236 גרם,INDUSRIES LES,,סירופ מייפל,גרמים,236.00,100 גרם,false,0,24.90,10.55,true,1,
7290013144751,false,סירופ בטעם מייפל 500גרם,גלעם,IL,סירופ טעם מייפל,גרמים,500.00,100 גרם,false,0,11.80,2.36,true,1,
7290013145178,false,קוקוס טחון לבן 100 גרם,א.ל ייצור ושיווק תבלינים,IL,קוקוס טחון לבן,גרמים,100.00,100 גרם,false,0,4.50,4.50,true,1,
7290013145215,false,שומשום 400 גרם,א.ל ייצור ושיווק תבלינים,IL,שומשום,גרמים,400.00,100 גרם,false,0,13.00,3.25,true,1,
7290013145406,false,שוקולד צ'יפס לבן 250 גרם,אינטרגטה,IL,שוקולד צ'יפס,גרמים,250.00,100 גרם,false,0,6.90,2.76,true,1,
7290013145444,false,שוקולד צ'יפס 66% 250 גרם,אינטרגטה,IL,שוקולד צ'יפס,גרמים,250.00,100 גרם,false,0,11.80,4.72,true,1,
7290013145567,false,מיני מיני עדשים 90 גרם,א.ל ייצור ושיווק תבלינים,,מיני מיני עדשים,גרמים,90.00,100 גרם,false,0,10.30,11.44,true,1,
7290013145918,false,אבקת סוכר 100 גרם,א.ל ייצור ושיווק תבלינים,IL,אבקת סוכר,גרמים,100.00,100 גרם,false,0,1.70,1.70,true,1,
7290013146120,false,תער.להכנת כדורי שוקולד1ק,א.ל.ייצור ושיווק תבלינים,IL,תערובת כדורי שוק,קילוגרמים,1.00,"ק""ג",false,1,23.90,23.90,true,1,
7290013146304,false,קורנפלור 500 גרם,א.ל ייצור ושיווק תבלינים,IL,קורנפלור,גרמים,500.00,100 גרם,false,1,6.90,1.38,true,1,
7290013153418,false,מיץ סחוט לימון נענע 1 לי,פריגת,IL,מיץ לימון נענע,ליטרים,1.00,ליטר,false,1,14.60,14.60,true,1,
7290013153425,false,מיץ סחוט לימון נענע 2ל,פריגת,IL,סחוט לימון נענע,ליטרים,2.00,ליטר,false,1,25.50,12.75,true,1,
7290013153548,false,תפוזים מתקתק 100% 2 ליטר,פריגת,IL,מיץ תפוזים מתקתק,ליטרים,2.00,ליטר,false,1,19.90,9.95,true,1,
7290013153555,false,תפוזים חמצמץ 100% 2 ליטר,פריגת,IL,מיץ תפוזים חמצמץ,ליטרים,2.00,ליטר,false,1,19.90,9.95,true,1,
7290013153593,false,מיץ תפוזים 100%מתקתק 1ל,פריגת,IL,מיץ תפוזים מתקתק,ליטרים,1.00,ליטר,false,1,11.20,11.20,true,1,
7290013169600,false,דגנ.מרובעים קינמון412*2ג,עלית,IL,דגנים מרובעים2יח,גרמים,824.00,100 גרם,false,0,35.10,4.26,true,1,
7290013215017,false,פטריות דואט -יחידה,מרינה,IL,פטריות דואט,יחידה,1.00,יחידה,false,0,15.90,15.90,true,1,
7290013262837,false,"7 תבניות עגול9""",,IL,"7 תבניות עגול9""",יחידה,1.00,יחידה,false,0,5.00,5.00,true,1,
7290013268198,false,תחליב רחצה כיף מאסק 750מ,קוסמופארם,IL,תחליב רחצה כיף,מיליליטרים,750.00,"100 מ""ל",false,0,10.90,1.45,true,1,
7290013268235,false,דאו.קרמה רול און פרח 75מ,קוסמופארם,IL,דאודורנט קרמה,מיליליטרים,75.00,"100 מ""ל",false,1,11.90,15.87,true,1,
7290013268440,false,2 מברשות שיניים בוב ספוג,סנו,IL,מברשת שיניים,יחידה,1.00,יחידה,false,1,19.90,19.90,true,1,
7290013268891,false,אוקסיג'ן ג'ל 3ליטר,סנו,,אוקסיג'ן ג'ל,ליטרים,3.00,ליטר,false,0,25.00,8.33,true,1,
7290013269003,false,מקסימה מרכך בייבי 1 ליטר,סנו,IL,מקסימה מרכך,ליטרים,1.00,ליטר,false,0,15.90,15.90,true,1,
7290013269263,false,מקסימה ג'ל,,IL,מקסימה ג'ל,ליטרים,3.00,ליטר,false,0,25.00,8.33,true,1,
7290013269287,false,ג'ל כביסה מרוכז,,IL,ג'ל כביסה מרוכז,ליטרים,3.00,ליטר,false,0,25.00,8.33,true,1,
7290013269300,false,ניילון נצמד פלוס,,IL,ניילון נצמד פלוס,מטרים,150.00,מטר,false,0,26.50,0.18,true,1,
7290013269690,false,סנובון לאסלה,,IL,סנובון לאסלה,מיליליטרים,55.00,"100 מ""ל",false,0,12.10,22.00,true,1,
7290013269706,false,סנובון ג'ל לאסלה,,IL,סנובון ג'ל לאסלה,מיליליטרים,55.00,"100 מ""ל",false,0,12.10,22.00,true,1,
7290013269867,false,זוג מפות שולחן,,IL,זוג מפות שולחן,יחידה,1.00,יחידה,false,0,5.00,5.00,true,1,
7290013284112,false,זיתים ירוקים,,,זיתים ירוקים,גרמים,560.00,100 גרם,false,0,7.90,1.41,true,1,
7290013284136,false,מלפפונים במלח,,,מלפפונים במלח,גרמים,560.00,100 גרם,false,0,6.10,1.09,true,1,
7290013284310,false,רוטב פסטה,,IL,רוטב פסטה,גרמים,240.00,100 גרם,false,0,5.50,2.29,true,1,
7290013310842,false,קוצץ ציפורניים נובי,LTD E.L.CO,CN,קוצץ ציפורניים,יחידה,1.00,יחידה,false,0,34.60,34.60,true,1,
7290013358363,false,פרורי לחם יפני מוזהב300ג,עינת,IL,פרורי לחם יפני,גרמים,300.00,100 גרם,false,0,9.80,3.27,true,1,
7290013358424,false,"רוטב סויה בהירה 500 מ""ל",קי.אר.אס. ספייסי פוד,TH,רוטב סויה,מיליליטרים,500.00,"100 מ""ל",false,1,10.00,2.00,true,1,
7290013358448,false,קרוטונים לסלט ארוכים200,עינת,IL,קרוטונים לסלט,גרמים,200.00,100 גרם,false,0,11.80,5.90,true,1,
7290013358929,false,צ'יפס בטעם טבעי מנה 45גר,FLAPER.S.A APERITIVOS,ES,צ'יפס טבעי מנה,גרמים,45.00,100 גרם,false,1,3.00,6.67,true,1,
7290013358936,false,צ'יפס גלי מנה 45 גרם,FLAPER.S.A APERITIVOS,ES,צ'יפס גלי מנה,גרמים,45.00,100 גרם,false,1,3.00,6.67,true,1,
7290013412423,false,חיתולי בייביסיטר,,IL,חיתולי בייביסיטר,יחידה,1.00,יחידה,false,0,29.90,29.90,true,1,
7290013440648,false,מאגדת אבטיח 5יח,נסטלה,IL,מאגדת אבטיח,גרמים,540.00,100 גרם,false,0,25.80,4.78,true,1,
7290013440785,false,מאגדת קרחוני לייט לימון,נסטלה,IL,מאגדת קרחוני,גרמים,560.00,100 גרם,false,0,21.70,3.88,true,1,
7290013474384,false,בייגלה דקים שמנת בצל300ג,יוניליוור,IL,בייגלה דקים,גרמים,300.00,100 גרם,false,0,7.90,2.63,true,1,
7290013531681,false,מיצמיץ סירופ פטל 1 ליטר,זנלכל,IL,מיצמיץ סירופ פטל,ליטרים,1.00,ליטר,false,1,12.90,12.90,true,1,
7290013539519,false,מסכת שיער ארגן מרוקאי500,א.ל ארמן,IL,מסכת שיער סטייל,מיליליטרים,500.00,"100 מ""ל",false,0,35.00,7.00,true,1,
7290013584175,false,ספרייט 1.5*6 ליטר,החברה המרכזית לייצור משקאות,IL,ספרייט שישייה,ליטרים,9.00,ליטר,false,0,35.90,3.99,true,1,
7290013584182,false,ספרייט 1.5 ליטר,החברה המרכזית לייצור משקאות,IL,ספרייט בקבוק,ליטרים,1.50,ליטר,false,0,6.50,4.33,true,1,
7290013584816,false,פריגת לימונענע 1.5 ליטר,פריגת,IL,"משק""ל פריגת",ליטרים,1.50,ליטר,false,0,6.50,4.33,true,1,
7290013585233,false,"ספרייט זירו 330 מ""ל",החברה המרכזית לייצור משקאות,IL,ספרייט זירו,מיליליטרים,330.00,"100 מ""ל",false,1,4.90,1.48,true,1,
7290013585240,false,ספרייט זירו 1.5 ליטר,החברה המרכזית לייצור משקאות,IL,ספרייט זירו,ליטרים,1.50,ליטר,false,1,6.90,4.60,true,1,
7290013585387,false,קולה זירו 1 ליטר,החברה המרכזית לייצור משקאות,IL,קולה זירו,ליטרים,1.00,ליטר,false,1,5.90,5.90,true,1,
7290013585967,false,ספרייט זירו פחיות 330*6מ,קוקה קולה,IL,ספרייט זירו 6 פח,ליטרים,1.98,ליטר,false,1,16.90,8.54,true,1,
7290013586551,false,פיוז תה הרבל אגס מרווה,מבשלות בירה בינלאומיות,IL,פיוז תה,ליטרים,1.50,ליטר,false,1,7.10,4.73,true,1,
7290013586575,false,פיוז תה הרבל מנגו קמומיל,מבשלות בירה בינלאומיות,IL,פיוז תה,ליטרים,1.50,ליטר,false,1,7.10,4.73,true,1,
7290013608017,false,מיץ פירות הדר100%טבעי 2ל,גניר,IL,מיץ פירות הדר,ליטרים,2.00,ליטר,false,0,20.00,10.00,true,1,
7290013608260,false,מיץ רימונים סחוט טרי 1ל',גניר,IL,מיץ רימונים,ליטרים,1.00,ליטר,false,0,22.90,22.90,true,1,
7290013608352,false,מיץ תפוזים 100% 3 ליטר,גניר,IL,מיץ תפוזים,ליטרים,3.00,ליטר,false,1,29.90,9.97,true,1,
7290013608451,false,משקה קל ענבים 1.5 ליטר,גניר,IL,משקה קל ענבים,ליטרים,1.50,ליטר,false,1,6.50,4.33,true,1,
7290013608543,false,משקה קל תפוח עץ 1.5 ליטר,גניר,IL,משקה תפוח עץ,ליטרים,1.50,ליטר,false,1,6.50,4.33,true,1,
7290013675316,false,אצבעות שניצל ללא גלוטן,מאמא עוף,IL,אצבעות שניצל,גרמים,700.00,100 גרם,false,1,35.00,5.00,true,1,
7290013675378,false,שניצל לבבות מאמא עוף 700,תנובה,IL,שניצל לבבות מאמא,גרמים,700.00,100 גרם,false,1,36.90,5.27,true,1,
7290013675408,false,שניצל קריספי 700 גרם,תנובה,IL,שניצל קריספי,גרמים,700.00,100 גרם,false,1,41.90,5.99,true,1,
7290013675415,false,שניצל קריספי שומשום 700,תנובה,IL,שניצל קריספי,גרמים,700.00,100 גרם,false,1,41.90,5.99,true,1,
7290013675439,false,שניצל אותיות 700 גרם,תנובה,IL,שניתל אותחות,גרמים,700.00,100 גרם,false,1,36.90,5.27,true,1,
7290013683625,false,עוגת קצפת ריבת חלב 1.3קג,גידרון,IL,עוגת קצפת,קילוגרמים,1.30,"ק""ג",false,0,69.90,53.77,true,1,
7290013702036,false,"שוופס אפרסק 500 מ""ל",יפאורה שותפות מובגלת לשיווק,IL,שוופס אפרסק,מיליליטרים,500.00,"100 מ""ל",false,0,5.90,1.18,true,1,
7290013702371,false,שוופס מים בטעם תפוח 1.5ל,יפאורה שותפות מובגלת לשיווק,IL,שוופס מים תפוח,ליטרים,1.50,ליטר,false,0,5.90,3.93,true,1,
7290013702388,false,"שוופס תפוח 500 מ""ל",יפאורה שותפות מובגלת לשיווק,IL,שוופס תפוח,מיליליטרים,500.00,"100 מ""ל",false,0,5.90,1.18,true,1,
7290013702463,false,שוופס מוגז למונייד 1.5 ל,יפאורה שותפות מובגלת לשיווק,IL,שוופס למונייד,ליטרים,1.50,ליטר,false,0,6.60,4.40,true,1,
7290013702494,false,שוופס מוגז למון ליים1.5ל,יפאורה שותפות מובגלת לשיווק,IL,שוופס למון ליים,ליטרים,1.50,ליטר,false,0,6.50,4.33,true,1,
7290013702883,false,שוופס לימונדה ורודה500מ,יפאורה שותפות מובגלת לשיווק,IL,שוופס לימונדה,מיליליטרים,500.00,"100 מ""ל",false,0,4.80,0.96,true,1,
7290013702999,false,שוופס מוגז גוארנה1.5ל,יפאורה שותפות מובגלת לשיווק,IL,שוופס גוארנה,ליטרים,1.50,ליטר,false,0,6.60,4.40,true,1,
7290013724762,false,גרעין חמנייה 500 גרם,דין שיווק,IL,גרעין חמנייה,גרמים,500.00,100 גרם,false,0,10.00,2.00,true,1,
7290013724779,false,זית סורי,,,זית סורי,גרמים,500.00,100 גרם,false,0,9.90,1.98,true,1,
7290013725707,false,שמן שומשום,,,שמן שומשום,מיליליטרים,150.00,"100 מ""ל",false,0,15.10,10.07,true,1,
7290013725769,false,נודלס עבה,,,נודלס עבה,גרמים,400.00,100 גרם,false,0,6.50,1.63,true,1,
7290013771261,false,בולגרית מעודנת 5% 250גרם,מחלבת השומרון,IL,בולגרית מעודנת5%,גרמים,250.00,100 גרם,false,0,12.80,5.12,true,1,
7290013771285,false,בולגרית קלאסית 5% 200גרם,מחלבת השומרון,IL,בולגרית קלאסית5%,גרמים,200.00,100 גרם,false,0,12.80,6.40,true,1,
7290013771292,false,פטאקי 16% 250 גרם,מחלבת השומרון,IL,פטאקי 16%,גרמים,250.00,100 גרם,false,0,12.80,5.12,true,1,
7290013771308,false,בולגרית קלאסית16%200גרם,מחלבת השומרון,IL,בולגרית קלאסית,גרמים,200.00,100 גרם,false,0,12.80,6.40,true,1,
7290013847157,false,טונה שמ.זית כ.מעולה110*4,סטארקיסט,IL,טונה בשמן זית4יח,גרמים,440.00,100 גרם,false,0,29.60,6.73,true,1,
7290013847652,false,סטארק.לסנדביץ חמוצים200ג,סטארקיסט,IL,סטארקיסט לסנדביץ,גרמים,200.00,100 גרם,false,1,7.90,3.95,true,1,
7290013848437,false,דאו.קרמה מן אקטיב 200מל,קוסמופארם,IL,דאו.קרמה מן,מיליליטרים,200.00,"100 מ""ל",false,0,10.00,5.00,true,1,
7290013848925,false,דאו.קרמה סטיק קלאסי65ג,קוסמופארם,IL,דאודורנט קרמה,גרמים,65.00,100 גרם,false,0,15.90,24.46,true,1,
7290013848932,false,דאו.קרמה סטיק מאסק65גר,קוסמופארם,IL,דאודורנט קרמה,גרמים,65.00,100 גרם,false,0,15.90,24.46,true,1,
7290013861566,false,אורז לסושי,,,אורז לסושי,קילוגרמים,1.00,"ק""ג",false,0,11.90,11.90,true,1,
7290013861955,false,תערובת פיצוחים 200גרם,שקדיה,IL,תערובת פיצוחים,גרמים,200.00,100 גרם,false,0,23.70,11.85,true,1,
7290013861979,false,שקד קלוף קלוי 200גרם,שקדיה,IL,שקד קלוף קלוי,גרמים,200.00,100 גרם,false,0,22.70,11.35,true,1,
7290013906212,false,"נקניקיות וינר 1 ק""ג",טירת צבי,IL,נקניקיות וינר,קילוגרמים,1.00,"ק""ג",false,0,31.90,31.90,true,1,
7290013906441,false,קבנוס 120 גרם,טירת צבי,IL,קבנוס,גרמים,120.00,100 גרם,false,0,11.80,9.83,true,1,
7290013906489,false,חטיפי קבנוס 120 גרם,טירת צבי,IL,חטיפי קבנוס,גרמים,120.00,100 גרם,false,0,11.80,9.83,true,1,
7290013906496,false,פסטרמה עגל רומני 120 גרם,טירת צבי,IL,פסטרמה עגל רומני,גרמים,120.00,100 גרם,false,0,15.90,13.25,true,1,
7290013906724,false,פסטרמה מקסיקנית 120גרם,טירת צבי,IL,פסטרמה מקסיקנית,גרמים,120.00,100 גרם,false,1,15.90,13.25,true,1,
7290013986023,false,שמפו+מרכך סרקל,,IL,שמפו+מרכך סרקל,ליטרים,1.25,ליטר,false,0,25.30,20.24,true,1,
7290014015135,false,בצלצלי פנינה לשיפודים,קטיף,IL,בצלצלי פנינה,קילוגרמים,0.00,"ק""ג",true,1,15.90,15.90,true,1,
7290014016279,false,פיצה מרגריטה,,IL,פיצה מרגריטה,גרמים,400.00,100 גרם,false,0,26.70,6.68,true,1,
7290014046016,false,פסטרמה של פעם 250גרם,מעדני יחיעם,IL,פסטרמה של פעם,גרמים,250.00,100 גרם,false,0,28.00,11.20,true,1,
7290014046436,false,נשנושי קבנוס 125 גרם,מעדני יחיעם,IL,נשנושי קבנוס,גרמים,125.00,100 גרם,false,0,13.80,11.04,true,1,
7290014046474,false,"נקניקיות עוף 1.5 ק""ג",מעדני יחיעם,IL,נקניקיות עוף,קילוגרמים,1.50,"ק""ג",false,0,29.60,19.73,true,1,
7290014083806,false,עוגיות טעם חמאה,,PT,עוגיות טעם חמאה,גרמים,350.00,100 גרם,false,0,12.50,3.57,true,1,
7290014094062,false,גרעין שחור קלוי 200גרם,שקדיה,IL,גרעין שחור קלוי,גרמים,200.00,100 גרם,false,0,7.80,3.90,true,1,
7290014094260,false,שיני שום קלופות,יאנונינגלנאגג פרודיס לטד,CN,שיני שום קלופות,יחידה,1.00,יחידה,false,1,9.90,9.90,true,1,
7290014094307,false,סילאן טבעי,,IL,סילאן טבעי,גרמים,360.00,100 גרם,false,0,14.80,4.11,true,1,
7290014094475,false,רוטב צ'ילי מתוק,,IL,רוטב צ'ילי מתוק,מיליליטרים,700.00,"100 מ""ל",false,0,9.90,1.41,true,1,
7290014094505,false,אורז בסמטי,,IL,אורז בסמטי,קילוגרמים,1.00,"ק""ג",false,0,9.90,9.90,true,1,
7290014095021,false,אגוז מלך טבעי150ג שקדיה,שקדיה,IL,אגוז מלך קלוף,גרמים,150.00,100 גרם,false,0,15.90,10.60,true,1,
7290014095496,false,חטיפי גרנולה,,IL,חטיפי גרנולה,יחידה,1.00,יחידה,false,0,10.00,10.00,true,1,
7290014095960,false,שבולת שועל עבה 500 גרם,שקדיה,IL,שיבולת שועל,גרמים,500.00,100 גרם,false,0,7.20,1.44,true,1,
7290014126077,false,"מר מאסל למטבח 500מ""ל",ג'ונסון,CN,מר מאסל למטבח,מיליליטרים,500.00,"100 מ""ל",false,0,12.90,2.58,true,1,
7290014126213,false,מר מאסל מסיר אבנית 750מל,AMBALAJ APS,TR,מר מאסל מס.אבנית,מיליליטרים,750.00,"100 מ""ל",false,0,12.90,1.72,true,1,
7290014126275,false,נוזל לרצפות פרחי בר2.5ל,AMBALAJ APS,TR,מר מאסל לרצפות,ליטרים,2.50,ליטר,false,0,15.90,6.36,true,1,
7290014126282,false,נוזל לרצפות לבנדר2.5ל,AMBALAJ APS,TR,מר מאסל לרצפות,ליטרים,2.50,ליטר,false,0,15.90,6.36,true,1,
7290014126978,false,דאק לאסלה ניחוח לבנדר,ג'ונסון,IL,דאק לאסלה זוג,מיליליטרים,1500.00,"100 מ""ל",false,0,14.90,0.99,true,1,
7290014218093,false,פיצה משפחתית קמח מלא 500,"מעדנות בע""מ",IL,פיצה משפחתית,גרמים,500.00,100 גרם,false,0,23.60,4.72,true,1,
7290014218536,false,בצק עלים מופחת שומן1קג,תנובה,IL,בצק עלים מופחת,גרמים,1000.00,100 גרם,false,1,22.90,2.29,true,1,
7290014218635,false,פיצה משפחתית עם פלפלים 4,תנובה,IL,פיצה משפחתית,גרמים,460.00,100 גרם,false,1,24.90,5.41,true,1,
7290014241589,false,מיקס אגוזים 150גרם,פיצוחי הטיב,IL,מיקס אגוזים,גרמים,150.00,100 גרם,false,0,14.80,9.87,true,1,
7290014256637,false,מוסקטו מבעבע באזז 750 מל,יקבי כרמל,IL,מוסקטו באזז,מיליליטרים,750.00,"100 מ""ל",false,0,24.90,3.32,true,1,
7290014256989,false,מיץ ענבים תירוש 1 ליטר,.,IL,מיץ ענבים תירוש,ליטרים,1.00,ליטר,false,1,17.80,17.80,true,1,
7290014397279,false,שקיות מזון,,IL,שקיות מזון,יחידה,1.00,יחידה,false,0,10.00,10.00,true,1,
7290014397453,false,מסיר כתמים 3ליטר,,IL,מסיר כתמים 3ליטר,ליטרים,3.00,ליטר,false,0,25.00,8.33,true,1,
7290014397507,false,סנופרש מאסק מעוד,,IL,סנופרש מאסק מעוד,מיליליטרים,350.00,"100 מ""ל",false,0,10.90,3.11,true,1,
7290014397712,false,סנובון ג'ל בניחוח פריחה,סנו,IL,סנובון ג'ל לאסלה,מיליליטרים,55.00,"100 מ""ל",false,0,12.10,22.00,true,1,
7290014455580,false,גב.שמנת ניו יורק 12% 200,מחלבות גד,IL,גבינת שמנת,גרמים,200.00,100 גרם,false,1,10.00,5.00,true,1,
7290014459007,false,"קוביות ת""א 700גרם",תפוגן,IL,"קוביות ת""א",גרמים,700.00,100 גרם,false,0,14.80,2.11,true,1,
7290014459267,false,"תפוגן פרוסות סלייס 1.5ק""",תפוגן,IL,תפוגן פרוסות,קילוגרמים,1.50,"ק""ג",false,10,26.90,17.93,true,1,
7290014466463,false,"מוסקטו הר חרמון 750 מ""ל",יקבי רמת הגולן קצרין,IL,הר חרמון מוסקטו,מיליליטרים,750.00,"100 מ""ל",false,0,29.90,3.99,true,1,
7290014501225,false,"הרי גליל אדום 750 מ""ל",יקב הרי גליל,IL,הרי גליל אדום,מיליליטרים,750.00,"100 מ""ל",false,1,29.90,3.99,true,1,
7290014503144,false,"כנען לבן גליל 750 מ""ל",יקב דלתון,IL,כנען לבן גליל,מיליליטרים,750.00,"100 מ""ל",false,0,34.90,4.65,true,1,
7290014525009,false,סלים פרוט יוגורט תפוח5י,סלים פרוטס,ES,חטיפי דגנים מרבה,גרמים,182.00,100 גרם,false,0,10.00,5.49,true,1,
7290014525016,false,סלים פרוט יוגורט תות 5י,סלים פרוטס,ES,חטיפי דגנים מרבה,גרמים,182.00,100 גרם,false,0,10.00,5.49,true,1,
7290014525023,false,סלים פרוט פירות יער 5יח',סלים פרוטס,ES,חטיפי דגנים מרבה,גרמים,215.00,100 גרם,false,0,10.00,4.65,true,1,
7290014525085,false,עוג.שוקוציפס ללא סוכר200,מרבה,DE,עוגיות ללא סוכר,גרמים,200.00,100 גרם,false,0,17.40,8.70,true,1,
7290014603554,false,קרמיסימו סנדיי וניל תות,שטראוס,IL,קרמיסימו סנדיי,ליטרים,1.33,ליטר,false,0,19.90,14.96,true,1,
7290014603813,false,קרמיסימו מסטיק וניל 1330,שטראוס,IL,גלידת קרמיסימו,ליטרים,1.33,ליטר,false,0,19.90,14.96,true,1,
7290014692305,false,קממבר קסטלו,,DK,קממבר קסטלו,גרמים,125.00,100 גרם,false,0,16.90,13.52,true,1,
7290014692336,false,שיני שום במי מלח,,IL,שיני שום במי מלח,גרמים,340.00,100 גרם,false,0,10.90,3.21,true,1,
7290014692565,false,גרעיני תירס מתוק,,IL,גרעיני תירס מתוק,גרמים,320.00,100 גרם,false,0,4.00,1.25,true,1,
7290014746466,false,שניצל דק מופחת מלח ע.ט.,אסם,IL,שניצל דק מופח מל,גרמים,700.00,100 גרם,false,1,39.60,5.66,true,1,
7290014746565,false,שניצל מעודן מופח מלח ע.ט,אסם,IL,שניצל מעודן,גרמים,700.00,100 גרם,false,1,44.50,6.36,true,1,
7290014747043,false,פסטרמה חזה עוף מעושן ע.ט,עוף טוב,IL,פסטרמה חזה עוף,גרמים,250.00,100 גרם,false,1,21.90,8.76,true,1,
7290014747753,false,פסטרמה רומנית דלי 240גרם,עוף טוב,IL,פסטרמה דלי,גרמים,240.00,100 גרם,false,1,23.90,9.96,true,1,
7290014747777,false,פסטרמה פולנית דלי 240גרם,עוף טוב,IL,פסטרמה דלי,גרמים,240.00,100 גרם,false,8,23.90,9.96,true,1,
7290014747791,false,פסטרמה אמרק.סטייל דלי,עוף טוב,IL,פסטרמה דלי,גרמים,240.00,100 גרם,false,8,23.90,9.96,true,1,
7290014748101,false,סלמי איטליאנו דלי 240 גר,עוף טוב,IL,סלמי דלי,גרמים,240.00,100 גרם,false,1,23.90,9.96,true,1,
7290014748132,false,קורנביף ניורקי דלי 180 ג,עוף טוב,IL,קורנביף ניורקי,גרמים,180.00,100 גרם,false,1,23.90,13.28,true,1,
7290014748149,false,כתף בקר עסיסי דלי 200 גר,עוף טוב,IL,כתף בקר עסיסי,גרמים,200.00,100 גרם,false,1,23.90,11.95,true,1,
7290014758100,false,יוגורט ביו 8 יח,,IL,יוגורט ביו 8 יח,קילוגרמים,1.20,"ק""ג",false,0,16.00,13.33,true,1,
7290014758117,false,יוגורט ביו 8 יח,,IL,יוגורט ביו 8 יח,קילוגרמים,1.20,"ק""ג",false,0,16.00,13.33,true,1,
7290014759534,false,בולגרית למריחה5%,,IL,בולגרית למריחה5%,גרמים,200.00,100 גרם,false,0,14.20,7.10,true,1,
7290014759985,false,קולאז' פרמזן,,IL,קולאז' פרמזן,גרמים,200.00,100 גרם,false,0,24.70,12.35,true,1,
7290014761056,false,יולו שוקולד חלב,,IL,יולו שוקולד חלב,גרמים,123.00,100 גרם,false,0,4.30,3.50,true,1,
7290014761063,false,יולו שוקולד מריר,,IL,יולו שוקולד מריר,גרמים,123.00,100 גרם,false,0,4.30,3.50,true,1,
7290014761070,false,יולו שוקולד לבן,,IL,יולו שוקולד לבן,גרמים,123.00,100 גרם,false,0,4.30,3.50,true,1,
7290014761773,false,משקה פרילי אפרסק 250 גרם,תנובה,IL,משקה פרילי אפרסק,גרמים,250.00,100 גרם,false,1,4.50,1.80,true,1,
7290014761858,false,"שטוזים וניל מוקצף 125מ""ל",תנובה,IL,שטוזים מוקצף,מיליליטרים,125.00,"100 מ""ל",false,1,2.70,2.16,true,1,
7290014762220,false,ג'לי בטעם ענבים 125 גרם,תנובה,IL,ג'לי בטעם ענבים,גרמים,125.00,100 גרם,false,1,2.30,1.84,true,1,
7290014762831,false,נפוליאון+חלפיניו25% 225ג,תנובה,IL,גבינת נפוליאון,גרמים,225.00,100 גרם,false,1,13.60,6.04,true,1,
7290014762947,false,לאבנה גלילית 11% 750 גרם,תנובה,IL,לאבנה גלילית 11%,גרמים,750.00,100 גרם,false,1,22.90,3.05,true,1,
7290014763081,false,"קרם צמחי לבישול 250*2מ""ל",תנובה,IL,קרם צמחי 2 יח,מיליליטרים,500.00,"100 מ""ל",false,1,14.90,2.98,true,1,
7290014763319,false,גב.שמנת עירית+בצל5% 200ג,תנובה,IL,גבינת קרם שמנת,גרמים,200.00,100 גרם,false,1,10.80,5.40,true,1,
7290014763586,false,ממ.סויה סגנ.גב.טוסקנה250,תנובה,IL,ממרח סויה,גרמים,250.00,100 גרם,false,1,9.90,3.96,true,1,
7290014791077,false,ספרינג תה ענבים 1.5 ליטר,יפאורה שותפות מובגלת לשיווק,IL,ספרינג תה ענבים,ליטרים,1.50,ליטר,false,0,5.90,3.93,true,1,
7290014791091,false,"שוופס לימונייד 500 מ""ל",יפאורה שותפות מובגלת לשיווק,IL,שוופס לימונייד,מיליליטרים,500.00,"100 מ""ל",false,0,4.80,0.96,true,1,
7290014791558,false,שוופס סודה נענע לי1.5*4ל,יפאורה שותפות מובגלת לשיווק,IL,שוופס סודה 4 יח,ליטרים,6.00,ליטר,false,0,10.90,1.82,true,1,
7290014791565,false,שוופס מוגז ענבים 1.5ליטר,יפאורה שותפות מובגלת לשיווק,IL,שוופס ענבים,ליטרים,1.50,ליטר,false,1,6.60,4.40,true,1,
7290014791589,false,תפוזינה לימונדה נענע1.5ל,יפאורה שותפות מובגלת לשיווק,IL,תפוזינה לימונדה,ליטרים,1.50,ליטר,false,0,5.90,3.93,true,1,
7290014791787,false,פרוט ווטר אננס 1.5 ליטר,יפאורה שותפות מובגלת לשיווק,IL,פרוט ווטר אננס,ליטרים,1.50,ליטר,false,1,6.90,4.60,true,1,
7290014791800,false,פרוט ווטר אפרסק 1.5 ליטר,יפאורה שותפות מובגלת לשיווק,IL,פרוט ווטר אפרסק,ליטרים,1.50,ליטר,false,1,6.90,4.60,true,1,
7290014791824,false,פרוט ווטר תות 1.5 ליטר,יפאורה שותפות מובגלת לשיווק,IL,פרוט ווטר תות,ליטרים,1.50,ליטר,false,1,6.90,4.60,true,1,
7290014855434,false,מגבו.בייביסיטר מבושם72*4,די.פי.אל,IL,מגבונים לחים 4יח,יחידה,1.00,יחידה,false,1,14.90,14.90,true,1,
7290014901988,false,משחת סנסודיין פרונמל75מל,גלקסוסמיתקליין,SI,משחת סנסודיין,מיליליטרים,75.00,"100 מ""ל",false,1,19.90,26.53,true,1,
7290014901995,false,משחה אקווה פרש קומפלט100,ג.' אס.קיו,GB,משחה אקווה פרש,מיליליטרים,100.00,"100 מ""ל",false,1,12.90,12.90,true,1,
7290014940901,false,לחם פשוט מלא 750 גרם,מאפיית שלמה א. אנג'ל,IL,לחם מלא,גרמים,750.00,100 גרם,false,1,14.50,1.93,true,1,
7290015039253,false,עלי גפן,,TR,עלי גפן,גרמים,620.00,100 גרם,false,0,9.50,1.53,true,1,
7290015138796,false,"יין אדום יבש 750 מ""ל",יקבי ירושלים,IL,יין אדום יבש,מיליליטרים,750.00,"100 מ""ל",false,1,19.90,2.65,true,1,
7290015138802,false,יין אדום יבש מרסלאן750מ,יקבי ירושלים,IL,יין אדום יבש,מיליליטרים,750.00,"100 מ""ל",false,1,34.90,4.65,true,1,
7290015139267,false,"שוק.מריר שקדים ללת""ס85גר",כרמית,IL,שוקולד מריר,גרמים,85.00,100 גרם,false,1,6.80,8.00,true,1,
7290015150118,false,עגבניות חתוכות דק400*3ג,ויסוצקי,IL,עגבניות חתוכות,קילוגרמים,1.20,"ק""ג",false,1,14.90,12.42,true,1,
7290015155878,false,חטיפטף חטיף אורז טבעי28ג,נאמצואו,TH,חטיפטף חטיף אורז,גרמים,28.00,100 גרם,false,1,7.90,28.21,true,1,
7290015176361,false,מברשת חשמלית כחול,פוג'יקום,CN,מברשת שיניים,יחידה,1.00,יחידה,false,1,39.90,39.90,true,1,
7290015176385,false,מברשת חשמלית לילדים כחול,פוג'יקום,CN,מברשת שיניים,יחידה,1.00,יחידה,false,1,39.90,39.90,true,1,
7290015257886,false,מפיות דו שכבתי לבן/קרם,.,IL,מפיות דו שכבתי,יחידה,1.00,יחידה,false,1,3.00,3.00,true,1,
7290015257909,false,מפיות תלת שכבתי מודפס,.,CN,מפיות תלת שכבתי,יחידה,1.00,יחידה,false,1,5.00,5.00,true,1,
7290015324045,false,פפריקה חריפה בשקית 80גרם,תבליני טעם וריח,IL,פפריקה חריפה,גרמים,80.00,100 גרם,false,0,5.20,6.50,true,1,
7290015324052,false,פפריקה מתוקה בשקית 80גרם,תבליני טעם וריח,IL,פפריקה מתוקה,גרמים,80.00,100 גרם,false,0,5.20,6.50,true,1,
7290015324250,false,פפריקה מתוקה בשמן250גרם,תבליני טעם וריח,IL,פפריקה בשמן,גרמים,250.00,100 גרם,false,1,9.90,3.96,true,1,
7290015324281,false,שבבי בצל מטוגן 200 גרם,תבליני טעם וריח,IL,שבבי בצל מטוגן,גרמים,200.00,100 גרם,false,1,9.90,4.95,true,1,
7290015348096,false,למברוסקו אמיליאנו רוזטו,גאטטיקו איטליה,IT,למברוסקו,מיליליטרים,750.00,"100 מ""ל",false,1,24.90,3.32,true,1,
7290015366694,false,שמפו סטייל ארגן קוקוס750,א.ל ארמן,IL,שמפו סטייל,מיליליטרים,750.00,"100 מ""ל",false,1,19.90,2.65,true,1,
7290015366915,false,2מברשות סנסודיין דואלקר,גלקסוסמיתקליין,CN,מברשות סנסודיין,יחידה,1.00,יחידה,false,1,30.00,30.00,true,1,
7290015395038,false,אורז בסמטי ארוך אהרוני1ק,.,IL,אורז בסמטי,קילוגרמים,1.00,"ק""ג",false,1,11.90,11.90,true,1,
7290015424882,false,20מגבוני פמינה TO GO,כצט,IL,מגבונים פמינה,יחידה,1.00,יחידה,false,1,12.70,12.70,true,1,
7290015597265,false,גלידת לוטוס 1 ליטר,שטראוס,IL,גלידת לוטוס,ליטרים,1.00,ליטר,false,1,21.90,21.90,true,1,
7290015597357,false,מאגדת לייט שוקולד 342 גר,שטראוס,IL,מאגדת לייט שוקול,יחידה,1.00,יחידה,false,8,31.90,31.90,true,1,
7290015597364,false,מאגדת לייט ריבת חלב 330,שטראוס,IL,מאגדת לייט,יחידה,1.00,יחידה,false,1,31.90,31.90,true,1,
7290015597548,false,קרמיסימו בננה שוקולד 1.3,שטראוס,IL,קרמיסימו בננה,יחידה,1.00,יחידה,false,1,19.90,19.90,true,1,
7290015597555,false,קרמיסימו וניל ופירות טרו,שטראוס,IL,קרמיסימו וניל ופ,יחידה,1.00,יחידה,false,1,19.90,19.90,true,1,
7290015597746,false,"גלידת טורטית 1000 מ""ל",שטראוס,IL,גלידת טורטית,מיליליטרים,1000.00,"100 מ""ל",false,1,21.90,2.19,true,1,
7290015597999,false,גלידונית שוקולד בננה 630,שטראוס,IL,גלידונית,גרמים,630.00,100 גרם,false,1,49.90,7.92,true,1,
7290015626439,false,אגוז מלך קלוף טבעי 300ג,ששון מלוינסקי,IL,א..מלך קלוף טבעי,גרמים,300.00,100 גרם,false,1,32.90,10.97,true,1,
7290015626460,false,שקד קלוף טבעי 250גרם,ששון מלוינסקי,IL,שקד קלוף טבעי,גרמים,250.00,100 גרם,false,1,29.90,11.96,true,1,
7290015626804,false,גרעין אבטיח קלוי 200גרם,ששון,IL,גרעין אבטיח קלוי,גרמים,200.00,100 גרם,false,1,13.90,6.95,true,1,
7290015626897,false,חמוציות שלמות מיובשות400,ששון מלוינסקי,IL,חמוציות שלמות,גרמים,400.00,100 גרם,false,1,22.90,5.73,true,1,
7290015642095,false,איקרה רומני 400 גרם,מעדני מיקי,IL,איקרה רומני,גרמים,400.00,100 גרם,false,0,13.40,3.35,true,1,
7290015642101,false,איקרה בלקני 400 גרם,מעדני מיקי,IL,איקרה בלקני,גרמים,400.00,100 גרם,false,0,13.40,3.35,true,1,
7290015642170,false,סלט חציל במיונז 400 גרם,מעדני מיקי,IL,סלט חציל במיונז,גרמים,400.00,100 גרם,false,0,7.30,1.83,true,1,
7290015642217,false,סלט מטבוחה 400 גרם,מעדני מיקי,IL,סלט מטבוחה,גרמים,400.00,100 גרם,false,0,7.70,1.93,true,1,
7290015642309,false,פילה מטיאס 400 גרם,מעדני מיקי,IL,פילה מטיאס,גרמים,400.00,100 גרם,false,0,18.20,4.55,true,1,
7290015642316,false,פילה הרינג כבוש 400 גרם,מעדני מיקי,IL,פילה הרינג כבוש,גרמים,400.00,100 גרם,false,0,18.90,4.73,true,1,
7290015642637,false,טרמה מעדן צרפתי 250ג,מעדני מיקי,IL,מעדן טרמה,גרמים,250.00,100 גרם,false,1,13.90,5.56,true,1,
7290015644297,false,לחמניות פשוט מלא 75*6גרם,מאפיית שלמה א. אנג'ל,IL,לחמניות 6 יח',גרמים,450.00,100 גרם,false,1,10.90,2.42,true,1,
7290015644426,false,לחם צרפתי ח.מלאה+דגנ600ג,מאפיית שלמה א. אנג'ל,IL,לחם צרפתי,גרמים,600.00,100 גרם,false,1,15.90,2.65,true,1,
7290015644433,false,לחם צרפתי100%שיפון600ג,מאפיית שלמה א. אנג'ל,IL,לחם צרפתי,גרמים,600.00,100 גרם,false,1,15.90,2.65,true,1,
7290015726405,false,עוגת גבינה ניו יורק 800ג,גידרון,IL,עוגת גבינה,גרמים,800.00,100 גרם,false,1,64.90,8.11,true,1,
7290015766005,false,שרי וויטני יח,,IL,שרי וויטני יח,יחידה,1.00,יחידה,false,0,9.90,9.90,true,1,
7290015775151,false,חמאת בוטנים 200 גרם,ג'יאנג'י,IL,חמאת בוטנים200גר,גרמים,200.00,100 גרם,false,1,10.90,5.45,true,1,
7290015804080,false,רסק עגבניות טל 100 גרם,מילוז,IL,רסק עגבניות טל,גרמים,100.00,100 גרם,false,1,1.90,1.90,true,1,
7290015995399,false,ערמונים אלטאי 100גרם,צ'נגדה שנליפוד סי או לטד,CN,ערמונים אלטאי,גרמים,100.00,100 גרם,false,1,6.90,6.90,true,1,
7290016006360,false,שוופס מוגז תות ליים 1.5ל,יפאורה שותפות מובגלת לשיווק,IL,שוופס מוגז תות,ליטרים,1.50,ליטר,false,1,6.60,4.40,true,1,
7290016006735,false,שוופס גזוז ט.תפוזים 1.5ל,יפאורה שותפות מובגלת לשיווק,IL,שוופס גזוז תפוז,ליטרים,1.50,ליטר,false,1,6.60,4.40,true,1,
7290016087123,false,רוטב עגב.מתובל קלאסי240ג,פריניר,IL,רוטב עגבניות,גרמים,240.00,100 גרם,false,1,5.50,2.29,true,1,
7290016096378,false,נתחי טונה בשמן זית158גרם,תעשיות פילטונה,IL,נתחי טונה,גרמים,158.00,100 גרם,false,1,11.90,7.53,true,1,
7290016096460,false,טונה בשמן זית 3 * 80 גרם,תעשיות פילטונה,IL,טונה בשמן זית3יח,גרמים,240.00,100 גרם,false,1,16.90,7.04,true,1,
7290016114300,false,נייר טואלט לילי כפול16י,חוגלה קימברלי,IL,נייר טואלט לילי,מטרים,588.00,100 מטר,false,1,37.90,6.45,true,1,
7290016129489,false,חטיפי 7דגנים חלבה20*15גר,רפאלס,IL,חטיפי דגנים 15יח,גרמים,300.00,100 גרם,false,1,19.90,6.63,true,1,
7290016129496,false,חטיפי7דגנים פירות20*15גר,רפאלס,IL,חטיפי דגנים 15יח,גרמים,300.00,100 גרם,false,1,19.90,6.63,true,1,
7290016129519,false,חטיפי תענוג קקאו קוקוס5י,רפאלס,IL,חטיפי תענוג 5 יח,גרמים,100.00,100 גרם,false,1,12.90,12.90,true,1,
7290016136074,false,2מברשות סנסודיין הגנה,גלקסוסמיתקליין,CN,מברשות סנסודיין,יחידה,1.00,יחידה,false,1,30.00,30.00,true,1,
7290016136333,false,ג'ל רחצה סטייל לבנדר400מ,רנקסן סונגר סאן,IL,ג'ל רחצה סטייל,מיליליטרים,400.00,"100 מ""ל",false,1,6.90,1.73,true,1,
7290016136883,false,"ספירה פרש לבנדר 300 מ""ל",רנקסן סונגר סאן,TR,ספירה פרש ספריי,מיליליטרים,300.00,"100 מ""ל",false,1,8.90,2.97,true,1,
7290016188035,false,קברנה סוביניון P.C 750 מ,יקבי כרמל,IL,קברנה סוביניון,מיליליטרים,750.00,"100 מ""ל",false,1,34.90,4.65,true,1,
7290016188042,false,"קברנה מרלו P.C 750 מ""ל",יקבי כרמל,IL,קברנה מרלו P.C,מיליליטרים,750.00,"100 מ""ל",false,1,34.90,4.65,true,1,
7290016188165,false,"מרלו סלקטד 750 מ""ל",יקבי כרמל,IL,מרלו סלקטד,מיליליטרים,750.00,"100 מ""ל",false,1,23.90,3.19,true,1,
7290016188301,false,"יין קונקורד 750 מ""ל",יקבי כרמל,IL,יין קונקורד,מיליליטרים,750.00,"100 מ""ל",false,1,20.00,2.67,true,1,
7290016197136,false,תבניות מאפינס גדולות,.,IL,תבניות מאפינס,יחידה,1.00,יחידה,false,1,3.00,3.00,true,1,
7290016197495,false,מטלית לרצפה 2יח,חוגלה קימברלי,IL,מטלית לרצפה 2יח,יחידה,1.00,יחידה,false,1,22.90,22.90,true,1,
7290016197617,false,10תחבושות דיפנד אקסטרה,חוגלה קימברלי,IL,תחבושות דיפנד,יחידה,1.00,יחידה,false,1,15.90,15.90,true,1,
7290016197624,false,8 תחבושות דיפנד סופר,חוגלה קימברלי,IL,תחבושות דיפנד,יחידה,1.00,יחידה,false,1,15.90,15.90,true,1,
7290016197853,false,50שקיות אשפה גודל S,חוגלה קימברלי,IL,שקיות אשפה,יחידה,1.00,יחידה,false,1,21.90,21.90,true,1,
7290016217711,false,איקרה לבנה 200 גרם,סלטי שמיר,IL,איקרה לבנה,גרמים,200.00,100 גרם,false,1,10.90,5.45,true,1,
7290016217728,false,איקרה אדומה 200 גרם,סלטי שמיר,IL,איקרה אדומה,גרמים,200.00,100 גרם,false,1,10.90,5.45,true,1,
7290016276275,false,זיתים פרימיום 300 גרם,קונדליסו,GR,זיתים פרימיום,גרמים,300.00,100 גרם,false,1,10.00,3.33,true,1,
7290016276701,false,קוסקוס דק 350 גרם,דין שיווק,IL,קוסקוס דק,גרמים,350.00,100 גרם,false,1,5.00,1.43,true,1,
7290016304404,false,לחם כוסמין 600 גרם,מאפיית דוידוביץ,IL,לחם כוסמין,גרמים,600.00,100 גרם,false,1,16.90,2.82,true,1,
7290016314762,false,פרובנציאל מטיאס 200 גרם,סלטי שמיר,IL,פרובנציאל מטיאס,גרמים,200.00,100 גרם,false,1,15.90,7.95,true,1,
7290016314779,false,פילה מטיאס הולנדי 200גרם,סלטי שמיר,IL,פילה מטיאס,גרמים,200.00,100 גרם,false,1,15.90,7.95,true,1,
7290016314786,false,הרינג כבוש במרינדה 220גר,סלטי שמיר,IL,הרינג כבוש,גרמים,220.00,100 גרם,false,1,15.90,7.23,true,1,
7290016314793,false,מקרל מעושן פרוס בשמן190ג,סלטי שמיר,IL,מקרל מעושן,גרמים,190.00,100 גרם,false,1,18.90,9.95,true,1,
7290016314823,false,סלט מטיאס עם מיונז 200 ג,סלטי שמיר,IL,סלט מטיאס,גרמים,200.00,100 גרם,false,1,15.90,7.95,true,1,
7290016314946,false,פילה מקרל מעושן 120 גרם,סלטי שמיר,IL,פילה מקרל מעושן,גרמים,120.00,100 גרם,false,1,17.90,14.92,true,1,
7290016319941,false,קורני שוק.חלב בננה6*2יח',Schwartauer,DE,חטיפי קורני זוג,גרמים,360.00,100 גרם,false,1,19.90,5.53,true,1,
7290016329629,false,אלכוג'ל לידיים מג'יק 100,פישר מעבדות פרמצבטיות,IL,אלכוג'ל מג'יק,מיליליטרים,100.00,"100 מ""ל",false,1,14.90,14.90,true,1,
7290016372038,false,קפסולות לימונית ולואיזה,ויסוצקי,IL,קפסולות תה 10 יח,גרמים,20.00,100 גרם,false,1,16.90,84.50,true,1,
7290016408133,false,כעכים בטעם בצל וזיתים225,אפוליה פוד,IT,כעכים בטעם בצל,גרמים,225.00,100 גרם,false,1,7.90,3.51,true,1,
7290016408164,false,כעכים בטעם שום וצ'ילי225,אפוליה פוד,IT,כעכים בטעם שום,גרמים,225.00,100 גרם,false,1,7.90,3.51,true,1,
7290016437225,false,108האגיס אקסטרה פק מידה5,חוגלה קימברלי,IL,חיתולי האגיס,יחידה,1.00,יחידה,false,1,105.00,105.00,true,1,
7290016437508,false,נייר טואלט מולט 24ג כפול,חוגלה קימברלי,IL,נייר טואלט מולט,מטרים,860.00,100 מטר,false,1,29.90,3.48,true,1,
7290016437720,false,תח.קוטקס יאנג נורמל28*2י,חוגלה קימברלי,KP,תחבושות קוטקס,יחידה,1.00,יחידה,false,1,29.90,29.90,true,1,
7290016497762,false,לחם שיפון פרוס 600 גרם,מאפ גדרון,IL,לחם שיפון פרוס,גרמים,600.00,100 גרם,false,1,12.90,2.15,true,1,
7290016497779,false,לחם חיטה מלאה פרוס 600 ג,מאפ גדרון,IL,לחם חיטה מלאה,גרמים,600.00,100 גרם,false,1,12.90,2.15,true,1,
7290016497793,false,לחם דני 1.1קג,מאפ גדרון,IL,לחם דני 1.1קג,גרמים,1100.00,100 גרם,false,1,19.90,1.81,true,1,
7290016497809,false,לחם בצל אפוי פרוס 600 גר,מאפ גדרון,IL,לחם בצל פרוס,גרמים,600.00,100 גרם,false,1,12.90,2.15,true,1,
7290016509465,false,פרסיל ג'ל בלו 4.5 ליטר,הנקל סוד,IL,פרסיל ג'ל בלו,ליטרים,4.50,ליטר,false,1,44.90,9.98,true,1,
7290016510027,false,הוואי קרם רחצה דבש 750 מ,הנקל סוד,IL,קרם רחצה הוואי,מיליליטרים,750.00,"100 מ""ל",false,1,9.90,1.32,true,1,
7290016566987,false,אוהל חוף משפחתי,.,CN,אוהל חוף,יחידה,1.00,יחידה,false,1,19.90,19.90,true,1,
7290016584073,false,גזר צבעוני מובחר,גיזרונים קיבוץ שלוחות,IL,גזר צבעוני מובחר,יחידה,1.00,יחידה,false,1,8.90,8.90,true,1,
7290016619003,false,מלפפון בייבי יחידה,קטיף,IL,מלפפון בייבי,יחידה,1.00,יחידה,false,1,9.90,9.90,true,1,
7290016621945,false,תיק חוף פסים אולטרסול יח,.,IL,תיק חוף פסים,יחידה,1.00,יחידה,false,1,13.90,13.90,true,1,
7290016717099,false,אדום חצי יבש סלקטד 750 מ,יקבי כרמל,IL,אדום חצי יבש,מיליליטרים,750.00,"100 מ""ל",false,1,25.70,3.43,true,1,
7290016823189,false,עגבניות מיובשות 125גרם,מרינה,IL,עגבניות מיובשות,גרמים,125.00,100 גרם,false,1,12.90,10.32,true,1,
7290016882780,false,קונפיטורה תפוז מר 290גרם,אנטליה יניגון,TR,קונפיטורה תפוז,גרמים,290.00,100 גרם,false,1,12.90,4.45,true,1,
7290016882841,false,קונפיטורה אבטיח 290 גרם,אנטליה יניגון,TR,קונפיטורה אבטיח,גרמים,290.00,100 גרם,false,1,12.90,4.45,true,1,
7290016912616,false,שמפו סרקל בלונד 1 ליטר,פישר מעבדות פרמצבטיות,IL,שמפו סרקל,ליטרים,1.00,ליטר,false,1,25.60,25.60,true,1,
7290016967074,false,לחם אנג'ל חיטה מלאה750ג,מאפיית שלמה א. אנג'ל,IL,אנג'ל חיטה מלאה,גרמים,750.00,100 גרם,false,1,15.90,2.12,true,1,
7290016980004,false,בטטה סגולה,קטיף,IL,בטטה סגולה,קילוגרמים,0.00,"ק""ג",true,1,9.90,9.90,true,1,
7290017023021,false,תפוזינה בוסט פומלית1.5ל,יפאורה שותפות מובגלת לשיווק,IL,תפוזינה פומלית,ליטרים,1.50,ליטר,false,1,5.90,3.93,true,1,
7290100240656,false,פתית שיפון 300 גרם,יוניליוור,IL,פתית שיפון,גרמים,300.00,100 גרם,false,0,17.50,5.83,true,1,
7290100243664,false,"בדין אקסטרה סגול 960 מ""ל",יוניליוור,TR,מרכך כביסה בדין,מיליליטרים,960.00,"100 מ""ל",false,0,14.90,1.55,true,1,
7290100244609,false,רוטב לסלט אלף האיים290מל,יוניליוור,IL,רוטב אלף האיים,מיליליטרים,290.00,"100 מ""ל",false,0,10.90,3.76,true,1,
7290100245231,false,נמס בכוס ט.עוף ש.מרק50גר,יוניליוור,IL,נמס בכוס ט.עוף,גרמים,50.00,100 גרם,false,0,6.90,13.80,true,1,
7290100247822,false,נמס בכוס פטריות אקסטרה32,יוניליוור,IL,נמס בכוס פטריות,גרמים,32.00,100 גרם,false,0,4.50,14.06,true,1,
7290100247839,false,נמס בכוס ירקות אקסטרה35ג,יוניליוור,IL,נמס בכוס ירקות,גרמים,35.00,100 גרם,false,0,4.50,12.86,true,1,
7290100249352,false,מרק טעם עוף 400 גרם,יוניליוור,IL,מרק טעם עוף,גרמים,400.00,100 גרם,false,0,12.90,3.23,true,1,
7290100249376,false,מרק בצל 400 גרם,יוניליוור,IL,מרק בצל,גרמים,400.00,100 גרם,false,0,23.70,5.93,true,1,
7290100249383,false,מרק פטריות 400 גרם,יוניליוור,IL,מרק פטריות,גרמים,400.00,100 גרם,false,0,23.70,5.93,true,1,
7290100249390,false,מרק טעם עוף ר.טבעיים400ג,יוניליוור,IL,מרק טעם עוף,גרמים,400.00,100 גרם,false,0,18.50,4.63,true,1,
7290100249475,false,מרק נמס בכוס תירס22.5*2ג,יוניליוור,IL,נמס בכוס תירס,גרמים,45.00,100 גרם,false,0,6.90,15.33,true,1,
7290100249512,false,פירה בטעם ביתי 130*2 גרם,יוניליוור,IL,פירה בטעם ביתי,גרמים,260.00,100 גרם,false,0,11.90,4.58,true,1,
7290100613658,false,גרעין חמניה קלוי וממולח,א.ע.ש. קליית ציון,IL,גרעין חמניה קלוי,גרמים,200.00,100 גרם,false,0,7.80,3.90,true,1,
7290100653609,false,ליידי ספיד סטיק24/7 ורוד,קולגייט-פלמוליב,US,דאודורנט,גרמים,45.00,100 גרם,false,0,19.90,44.22,true,1,
7290100656532,false,תח.רחצה פלמוליב זיתים500,קולגייט-פלמוליב,IT,ת.רחצה פלמוליב,מיליליטרים,500.00,"100 מ""ל",false,0,13.90,2.78,true,1,
7290100680650,false,מנה חמה נודלס תאילנדי76ג,טאי רזידנט,TH,מנה חמה אסם,גרמים,76.00,100 גרם,false,0,6.90,9.08,true,1,
7290100680889,false,קרם קרקר חיטה מלאה 300גר,אסם,IL,קרקר חיטה מלאה,גרמים,300.00,100 גרם,false,0,10.50,3.50,true,1,
7290100681015,false,אינסטנ.פודינג ריבת חלב84,אסם,IL,אינסטנט פודינג,גרמים,84.00,100 גרם,false,0,5.50,6.55,true,1,
7290100681138,false,אפרופו 50*3 גרם,אסם,IL,אפרופו 3יח במארז,גרמים,150.00,100 גרם,false,0,12.80,8.53,true,1,
7290100681640,false,לחמית חיטה מלאה ובצל230ג,אסם,IL,לחמית בצל,גרמים,230.00,100 גרם,false,0,9.50,4.13,true,1,
7290100683613,false,ויטמינצ'יק מנגו אפרסק 1ל,בית השיטה,IL,סירופ ויטמינצ'יק,ליטרים,1.00,ליטר,false,0,12.90,12.90,true,1,
7290100684306,false,"רוטב צ'לי מתוק 600 מ""ל",אסם,IL,רוטב צ'לי מתוק,מיליליטרים,600.00,"100 מ""ל",false,0,16.80,2.80,true,1,
7290100685136,false,"מרק טעם עוף פרווה 1 ק""ג",אסם,IL,מרק טעם עוף,קילוגרמים,1.00,"ק""ג",false,0,15.50,15.50,true,1,
7290100685341,false,מרק ט.עוף רכ' טבעיים400ג,אסם,IL,מרק טעם עוף,גרמים,400.00,100 גרם,false,0,15.80,3.95,true,1,
7290100686164,false,ביסלי ברביקיו 35*6 גרם,אסם,IL,ביסלי מארז 6 יח,גרמים,210.00,100 גרם,false,0,12.90,6.14,true,1,
7290100686171,false,ביסלי גריל 6 * 35 גרם,אסם,IL,ביסלי מארז 6 יח,גרמים,210.00,100 גרם,false,0,12.90,6.14,true,1,
7290100687109,false,במבה נוגט 60 גרם,אסם,IL,במבה נוגט,גרמים,60.00,100 גרם,false,0,5.10,8.50,true,1,
7290100700020,false,גריסי פנינה 500 גרם,סוגת,IL,גריסי פנינה,גרמים,500.00,100 גרם,false,0,4.90,0.98,true,1,
7290100700075,false,פירורי לחם מוזהבים200ג,סוגת,IL,פירורי לחם מוזהב,גרמים,200.00,100 גרם,false,0,4.00,2.00,true,1,
7290100700327,false,"גריסי פנינה 1 ק""ג",סוגת,IL,"גריסי פנינה 1ק""ג",קילוגרמים,1.00,"ק""ג",false,0,7.90,7.90,true,1,
7290100700396,false,"אורז יסמין קלאסי 1 ק""ג",סוגת,IL,אורז יסמין סוגת,קילוגרמים,1.00,"ק""ג",false,0,10.00,10.00,true,1,
7290100701331,false,"קמח רב תכליתי 1 ק""ג",סוגת,IL,קמח רב תכליתי,קילוגרמים,1.00,"ק""ג",false,0,6.90,6.90,true,1,
7290100701454,false,גרישה 500 גרם,סוגת,IL,גרישה 500 גרם,גרמים,500.00,100 גרם,false,0,4.90,0.98,true,1,
7290100701966,false,אפונה צהובה 500 גרם,סוגת,IL,אפונה צהובה,גרמים,500.00,100 גרם,false,1,6.90,1.38,true,1,
7290100702383,false,"קמח תופח 1 ק""ג",שטיבל,IL,"קמח תופח 1 ק""ג",קילוגרמים,1.00,"ק""ג",false,0,6.90,6.90,true,1,
7290100702628,false,פתיתים אפויים קוסקוס500ג,אסיף תעשיות מזון,IL,פתיתים סוגת,גרמים,500.00,100 גרם,false,0,4.90,0.98,true,1,
7290100850008,false,שוקולד חלב+סוכ.קופצות85ג,שטראוס,IL,שוקולד וסוכריות,גרמים,85.00,100 גרם,false,0,5.50,6.47,true,1,
7290100850411,false,מיקס חטיפים 190 גרם,שטראוס,IL,מיקס חטיפים,גרמים,190.00,100 גרם,false,0,15.90,8.37,true,1,
7290100850459,false,מיקס חטיפים 390 גרם,שטראוס,IL,מיקס חטיפים,גרמים,390.00,100 גרם,false,0,20.90,5.36,true,1,
7290100850466,false,מיקס פסק זמן 390 גרם,שטראוס,IL,מיקס פסק זמן,גרמים,390.00,100 גרם,false,0,20.90,5.36,true,1,
7290100850909,false,דוריטוס נאצ'ו מקסיקני70ג,עלית,IL,דוריטוס נאצ'ו,גרמים,70.00,100 גרם,false,0,3.60,5.14,true,1,
7290100850923,false,דוריטוס גריל 70 גרם,עלית,IL,דוריטוס גריל,גרמים,70.00,100 גרם,false,0,3.60,5.14,true,1,
7290100850930,false,דוריטוס בטעם טבעי 70 גרם,עלית,IL,חטיף דוריטוס,גרמים,70.00,100 גרם,false,0,3.60,5.14,true,1,
7290100853689,false,בראוניס שוקולד עשירה380ג,שטראוס,IL,בראוניס שוקולד,גרמים,380.00,100 גרם,false,0,16.00,4.21,true,1,
7290100858592,false,קקאו עלית 150 גרם,עלית,IL,קקאו עלית,גרמים,150.00,100 גרם,false,0,9.90,6.60,true,1,
7290100921401,false,שמפו הוואי קרטין מחזק700,טרופיקל דגיל,IL,שמפו הוואי,מיליליטרים,700.00,"100 מ""ל",false,0,9.90,1.41,true,1,
7290100921623,false,כדוריות לאסלה אקונומיקה,הנקל סוד,IL,סבון אסלה,גרמים,50.00,100 גרם,false,0,8.90,17.80,true,1,
7290100922408,false,תחליב רחצה הוואי נקטר750,טרופיקל דגיל,IL,תחליב רחצה הוואי,מיליליטרים,750.00,"100 מ""ל",false,0,9.90,1.32,true,1,
7290100923108,false,תח.הוואי יוגורט וניל750מ,טרופיקל דגיל,IL,תחליב רחצה הוואי,מיליליטרים,750.00,"100 מ""ל",false,0,9.90,1.32,true,1,
7290100923122,false,תח.רחצה הוואי יוגורט 750,טרופיקל דגיל,IL,תחליב רחצה הוואי,מיליליטרים,750.00,"100 מ""ל",false,0,9.90,1.32,true,1,
7290100923146,false,תחליב רח.הוואי שמני750מ,טרופיקל דגיל,IL,תחליב רחצה הוואי,מיליליטרים,750.00,"100 מ""ל",false,0,9.90,1.32,true,1,
7290100924594,false,סוד מרכך מרוכז ורוד900מ,הנקל סוד,IL,סוד מרכך ורוד,מיליליטרים,900.00,"100 מ""ל",false,1,12.90,1.43,true,1,
7290100924631,false,סוד מרכך מרוכז בייבי900מ,הנקל סוד,IL,סוד מרכךבייבי,מיליליטרים,900.00,"100 מ""ל",false,1,12.90,1.43,true,1,
7290100925553,false,פרסיל ג'ל לבנדר2.7ליטר,הנקל סוד,IL,פרסיל ג'ל,ליטרים,2.70,ליטר,false,1,29.90,11.07,true,1,
7290100925560,false,פרסיל ג'ל בלו 2.7 ליטר,הנקל סוד,IL,פרסיל ג'ל,ליטרים,2.70,ליטר,false,1,29.90,11.07,true,1,
7290100925577,false,פרסיל ג'ל בייבי 2.7 ליטר,הנקל סוד,IL,פרסיל ג'ל בייבי,ליטרים,2.70,ליטר,false,1,29.90,11.07,true,1,
7290100925591,false,פרסיל ג'ל 4.5 ליטר,הנקל סוד,IL,פרסיל ג'ל,ליטרים,4.50,ליטר,false,1,44.90,9.98,true,1,
7290100925669,false,קולור קאצ'ר 10 דפים,הנקל סוד,IE,קולור קאצ'ר,יחידה,1.00,יחידה,false,1,10.00,10.00,true,1,
7290100925782,false,סוד נוזל כלים לימון 1.25,הנקל סוד,IL,סוד לכלים,ליטרים,1.25,ליטר,false,1,9.90,7.92,true,1,
7290100927717,false,פרסיל קולור,,IL,פרסיל קולור,קילוגרמים,5.00,"ק""ג",false,0,34.90,6.98,true,1,
7290101110163,false,גל.וניל עוגיות 1.3 ליטר,גלידות פלדמן,IL,גל.פלדמן,ליטרים,1.30,ליטר,false,0,21.90,16.85,true,1,
7290101110460,false,גל.וניל בטעם של פעם,גלידות פלדמן,IL,גל.פלדמן,ליטרים,1.30,ליטר,false,0,21.90,16.85,true,1,
7290101111429,false,גל.שוק.וניל דובדבן1.3,גלידות פלדמן,IL,גל.פלדמן,ליטרים,1.30,ליטר,false,0,21.90,16.85,true,1,
7290101112518,false,מאגדת אייס קפה 6יח',גלידות פלדמן,IL,מאגדת אייס קפה,יחידה,1.00,יחידה,false,7,27.70,27.70,true,1,
7290101112785,false,גל משפ בליסימו וניל פרוה,גלידות פלדמן,IL,גל משפ בליסימו,גרמים,650.00,100 גרם,false,1,21.90,3.37,true,1,
7290101488323,false,ליידי ספיד סטיק סגול 65ג,קולגייט-פלמוליב,US,ליידי ספיד סטיק,גרמים,65.00,100 גרם,false,0,19.90,30.62,true,1,
7290101580089,false,יוגב קברנה סוביניון750מ,יקבי בנימינה,IL,יוגב קברנה,מיליליטרים,750.00,"100 מ""ל",false,1,29.90,3.99,true,1,
7290101863410,false,סיליט אקונומיקה ספריי750,רקיט בנקיזר,PL,סילים ספריי,מיליליטרים,750.00,"100 מ""ל",false,0,10.00,1.33,true,1,
7290101864127,false,וניש קליה ספריי 750מל,רקיט בנקיזר,PL,וניש קליה ספריי,מיליליטרים,750.00,"100 מ""ל",false,0,15.00,2.00,true,1,
7290101865261,false,"פיניש נוזל הברקה 800 מ""ל",רקיט בנקיזר,PL,פיניש נוזל הברקה,מיליליטרים,800.00,"100 מ""ל",false,0,19.90,2.49,true,1,
7290101866633,false,קליה ג'ל מסיר כתמים 3ל,רקיט בנקיזר,,וניש קליה ג'ל,ליטרים,3.00,ליטר,false,0,26.90,8.97,true,1,
7290101866787,false,וניש קליה מסיר כתמים 3ל,רקיט בנקיזר,IL,וניש לכביסה לבנה,ליטרים,3.00,ליטר,false,0,26.90,8.97,true,1,
7290101866916,false,ג'ל כביסה קולון 101,רקיט בנקיזר,IL,ג'ל קולון 101,ליטרים,3.00,ליטר,false,0,25.90,8.63,true,1,
7290101868460,false,אבקת כביסה קולון 101 8קג,רקיט בנקיזר,IL,"קולון 101 8 ק""ג",קילוגרמים,8.00,"ק""ג",false,0,39.90,4.99,true,1,
7290101868996,false,פיניש AIO הכל ב1- 60טב,רקיט בנקיזר,PL,פיניש טבליות,יחידה,1.00,יחידה,false,1,39.90,39.90,true,1,
7290101869528,false,קולון ג'ל כביסה מאסק 3ל',רקיט בנקיזר,IL,קולון ג'ל מאסק,ליטרים,3.00,ליטר,false,0,25.90,8.63,true,1,
7290101869818,false,אירויק מכשיר חלום ל.קיץ,רקיט בנקיזר,PL,אירויק מכשיר,מיליליטרים,19.00,"100 מ""ל",false,1,26.90,141.58,true,1,
7290102030330,false,תפוצ'יפס מקסיקני 200 גרם,עלית,IL,תפוצ'יפס,גרמים,200.00,100 גרם,false,0,10.00,5.00,true,1,
7290102031276,false,"אקטימל תות בננה 100*8מ""ל",שטראוס,IL,אקטימל 8 יח,מיליליטרים,800.00,"100 מ""ל",false,0,20.90,2.61,true,1,
7290102060979,false,"משחה שיניים אלמקס 100מ""ל",קולגייט-פלמוליב,DE,משחת שיניים,מיליליטרים,100.00,"100 מ""ל",false,0,14.90,14.90,true,1,
7290102302246,false,גבינת גאודה 200 גרם,הנרי ויליך,NL,גבינת גאודה,גרמים,200.00,100 גרם,false,1,19.90,9.95,true,1,
7290102390427,false,"יוגורט תות מולר 150 מ""ל",טרה,IL,יוגורט מולר תות,מיליליטרים,150.00,"100 מ""ל",false,0,5.00,3.33,true,1,
7290102390465,false,יוג.קציפת אפרסק+פסיפל150,טרה,IL,יוגורט מולר,מיליליטרים,150.00,"100 מ""ל",false,0,5.00,3.33,true,1,
7290102392094,false,חלב עיזים קרטון4.1% 1ל',משק צוריאל תבור,IL,חלב עיזים קרטון,ליטרים,1.00,ליטר,false,0,14.90,14.90,true,1,
7290102392254,false,חלב 1% בקרטון 2 ליטר,טרה,IL,חלב 1% בקרטון,ליטרים,2.00,ליטר,false,0,10.80,5.40,true,1,
7290102392636,false,שמנת מתוקה עמידה38% 250מ,טרה,IL,שמנת מתוקה עמידה,מיליליטרים,250.00,"100 מ""ל",false,0,5.95,2.38,true,1,
7290102393190,false,יוג.פירות יער+פרי3% 150ג,טרה,IL,יוגורט מולר,גרמים,150.00,100 גרם,false,0,4.90,3.27,true,1,
7290102393268,false,גבינה לבנה 5% 750 גרם,טרה,IL,גבינה לבנה 5%,גרמים,750.00,100 גרם,false,0,12.00,1.60,true,1,
7290102393947,false,יוג.סימפלי פרוט קיוי150ג,טרה,IL,יוגורט מולר קיוי,גרמים,150.00,100 גרם,false,0,4.90,3.27,true,1,
7290102394258,false,מה עז 9% שומן 180 גרם,משק צוריאל תבור,IL,מה עז9%שומן,גרמים,180.00,100 גרם,false,0,23.30,12.94,true,1,
7290102395101,false,ממרח גבינה+שוק.מו16% 200,טרה,IL,ממרח גבינה מו,גרמים,200.00,100 גרם,false,0,9.90,4.95,true,1,
7290102395231,false,יוג.מולר נטורל2.8% 150*8,טרה,IL,יוגורט ביאנקו 8י,קילוגרמים,1.20,"ק""ג",false,0,17.90,14.92,true,1,
7290102395262,false,מולר פרוט תות3% 150*8גרם,טרה,IL,מולר תות 8 יח,קילוגרמים,1.20,"ק""ג",false,0,29.60,24.67,true,1,
7290102395439,false,מולר פירות יער+קווי150*8,טרה,IL,מולר פירות 8 יח,קילוגרמים,1.20,"ק""ג",false,0,29.60,24.67,true,1,
7290102395446,false,מו וניל וקצפת 123 גרם,טרה,IL,מו וניל וקצפת,גרמים,123.00,100 גרם,false,0,2.80,2.28,true,1,
7290102395460,false,מו שוקולד אגוזים+קצפת123,טרה,IL,מו שוקולד אגוזים,גרמים,123.00,100 גרם,false,0,2.80,2.28,true,1,
7290102395477,false,מו שוקולד וקצפת 123 גרם,טרה,IL,מו שוקולד וקצפת,גרמים,123.00,100 גרם,false,0,2.80,2.28,true,1,
7290102396047,false,יוג.סימפלי אננס1.5% 150ג,טרה,IL,יוגורט אננס 1.5%,גרמים,150.00,100 גרם,false,0,4.90,3.27,true,1,
7290102396399,false,מעדן שוקולד 100*8גר,טרה,IL,מעדן שוקולד 8 יח,גרמים,800.00,100 גרם,false,0,10.90,1.36,true,1,
7290102396436,false,מעדן שוקולד מוו1.5% 125ג,טרה,IL,מעדן שוקולד,גרמים,125.00,100 גרם,false,0,2.80,2.24,true,1,
7290102396474,false,יוג.פרופ מלון בננ.תמר150,טרה,IL,יוגורט פרופ פרי,גרמים,150.00,100 גרם,false,0,5.00,3.33,true,1,
7290102396672,false,גב.צהובה נעם דק9% 360גרם,טרה,IL,גבינה צהובה נעם,גרמים,360.00,100 גרם,false,1,24.90,6.92,true,1,
7290102396719,false,יוגורט0% סימפלי תות 150ג,טרה,IL,יוגורט תות,גרמים,150.00,100 גרם,false,0,4.90,3.27,true,1,
7290102396757,false,שוקו מוו קרטון 1 ליטר,טרה,IL,שוקו מוו בקרטון,ליטרים,1.00,ליטר,false,0,9.90,9.90,true,1,
7290102397310,false,מעדן מו שוקולד+קצפת70*8ג,טרה,IL,מעדן מיני מו 8יח,גרמים,560.00,100 גרם,false,1,10.00,1.79,true,1,
7290102397358,false,יוג.סימפלי אגס1.5% 150ג,טרה,IL,יוגורט אגס 1.5%,גרמים,150.00,100 גרם,false,1,4.90,3.27,true,1,
7290102397365,false,מולר אגס+אננס1.5% 150*8ג,טרה,IL,יוגורט סימפלי8יח,קילוגרמים,1.20,"ק""ג",false,1,29.60,24.67,true,1,
7290102397617,false,מולר מיקס קליק 168 גרם,מולר,IL,מולר מיקס קליק,גרמים,168.00,100 גרם,false,1,5.90,3.51,true,1,
7290102397679,false,קוטג וחצי 5% 375 גרם,טרה,IL,קוטג וחצי 5%,גרמים,375.00,100 גרם,false,1,6.90,1.84,true,1,
7290102397730,false,אמנטל נועם פתיח.חוזרת200,טרה,IL,גבינת אמנטל נועם,גרמים,200.00,100 גרם,false,1,16.50,8.25,true,1,
7290102397846,false,מיני מיקס פצפוצים 102*3ג,טרה,IL,מיני מייקס 3 יח',גרמים,306.00,100 גרם,false,1,10.00,3.27,true,1,
7290102397860,false,משקה יוגSIP. תמר בננה250,טרה,IL,משקה יוגורט מולר,מיליליטרים,250.00,"100 מ""ל",false,1,5.20,2.08,true,1,
7290102398003,false,יוגורט0%סימפלי דובדב150ג,טרה,IL,יוגורט דובדבן,גרמים,150.00,100 גרם,false,1,4.90,3.27,true,1,
7290102398065,false,חלב 3% בקרטון מהדרין 2ל',טרה,IL,חלב 3% בקרטון,ליטרים,2.00,ליטר,false,1,10.90,5.45,true,1,
7290103120658,false,ספיד סטיק ג'ל 24/7 שחור,קולגייט-פלמוליב,US,דאודורנט,גרמים,85.00,100 גרם,false,0,19.90,23.41,true,1,
7290103124588,false,"סב.פלמוליב סגול 750 מ""ל",קולגייט-פלמוליב,TH,סבון פלמוליב,מיליליטרים,750.00,"100 מ""ל",false,0,15.90,2.12,true,1,
7290103124595,false,סב.פלמוליב ורד יסמין750מ,קולגייט-פלמוליב,TH,סבון פלמוליב,מיליליטרים,750.00,"100 מ""ל",false,0,15.90,2.12,true,1,
7290103126674,false,משחה קולגייט הרבל ג'ל100,קולגייט-פלמוליב,BR,משחת שיניים,מיליליטרים,100.00,"100 מ""ל",false,0,13.10,13.10,true,1,
7290103129392,false,ליידי ס.ס אינפיוזן סגול,קולגייט-פלמוליב,IL,ליידי ספיד סטיק,גרמים,65.00,100 גרם,false,0,19.90,30.62,true,1,
7290103129637,false,בלונס פדים אובליים 40 יח,ספטונה,IL,בלונס פרים,יחידה,1.00,יחידה,false,0,8.90,8.90,true,1,
7290103404017,false,"אנרג'י שייפ פירות ללת""ס",שטראוס,IL,חטיפי אנרג'י 6יח,גרמים,120.00,100 גרם,false,0,14.90,12.42,true,1,
7290103407209,false,תפוצ'יפס קידס 30*6 גרם,עלית,IL,תפוצ'יפס קידס6יח,גרמים,180.00,100 גרם,false,0,11.60,6.44,true,1,
7290103680046,false,"קברנה הר תבור 750 מ""ל",יקב תבור,IL,קברנה הר תבור,מיליליטרים,750.00,"100 מ""ל",false,0,29.90,3.99,true,1,
7290103680244,false,פנינים תבור רוזה מבעב750,יקב תבור,IL,פנינים רוזה,מיליליטרים,750.00,"100 מ""ל",false,0,34.90,4.65,true,1,
7290104060403,false,מסטיק מאסט בזוקה ענבים28,שטראוס,IL,מסטיק מאסט בזוקה,גרמים,28.00,100 גרם,false,0,4.30,15.36,true,1,
7290104061219,false,רבע לשבע אגוזים 120 גרם,שטראוס,IL,רבע לשבע אגוז,גרמים,120.00,100 גרם,false,0,11.90,9.92,true,1,
7290104061431,false,חומוס עם צנובר אחלה 400ג,שטראוס,IL,חומוס צנובר אחלה,גרמים,400.00,100 גרם,false,0,10.50,2.63,true,1,
7290104061448,false,חומוס עם חריף אחלה 400 ג,שטראוס,IL,חומוס חריף אחלה,גרמים,400.00,100 גרם,false,0,10.50,2.63,true,1,
7290104066016,false,"מילקי טופ עדשים 170 מ""ל",שטראוס,IL,מילקי טופ עדשים,מיליליטרים,170.00,"100 מ""ל",false,0,4.90,2.88,true,1,
7290104066566,false,טחינה אחלה 500 גרם,שטראוס,IL,טחינה אחלה 500גר,גרמים,500.00,100 גרם,false,0,14.90,2.98,true,1,
7290104068676,false,תפוצ'יפס קידס 45 גרם,עלית,IL,תפוצ'יפס קידס,גרמים,45.00,100 גרם,false,0,3.00,6.67,true,1,
7290104504228,false,מיני דובונים 20*5 גרם,אסם,IL,מיני דובונים 5יח,גרמים,100.00,100 גרם,false,0,13.90,13.90,true,1,
7290104720499,false,דני וניל 125*8 גרם,שטראוס,IL,דני וניל 8 יח',קילוגרמים,1.00,"ק""ג",false,0,15.90,15.90,true,1,
7290104721533,false,רצועות פלפלים קלויים400ג,שטראוס,IL,רצועות פלפלים,גרמים,400.00,100 גרם,false,0,15.90,3.98,true,1,
7290104722219,false,עוגת יומולדת ק.שוקולד330,שטראוס,IL,עוגת יומולדת,גרמים,330.00,100 גרם,false,0,16.20,4.91,true,1,
7290104725326,false,קוטג' 5% 400 גרם,שטראוס,IL,קוטג5%',גרמים,400.00,100 גרם,false,0,9.00,2.25,true,1,
7290104726224,false,לימבו פטל 125 גרם,שטראוס,IL,לימבו פטל,גרמים,125.00,100 גרם,false,0,2.10,1.68,true,1,
7290104726712,false,מארז מילקי ט.שוקולד170*8,שטראוס,IL,מארז מילקי 8 יח',ליטרים,1.36,ליטר,false,0,20.90,15.37,true,1,
7290104727252,false,פסטו בזיליקום ואגוז140גר,שטראוס,IL,פסטו בזיליקום,גרמים,140.00,100 גרם,false,0,11.00,7.86,true,1,
7290104727467,false,מטבל עגבניות מיובשות140ג,שטראוס,IL,עגבניות מיובשות,גרמים,140.00,100 גרם,false,0,11.00,7.86,true,1,
7290104728310,false,שמנת עמידה לקצפת38% 250מ,יטבתה,IL,שמנת עמידה לקצפת,גרמים,250.00,100 גרם,false,0,5.95,2.38,true,1,
7290104852046,false,גביעי יין לקידוש,,IL,גביעי יין לקידוש,יחידה,1.00,יחידה,false,0,2.00,2.00,true,1,
7290104852527,false,צלחות פס קטן,,IL,צלחות פס קטן,יחידה,1.00,יחידה,false,0,5.00,5.00,true,1,
7290104961243,false,תח.רחצה נקה7 קוקוס 750מ,אמיליה קוסמטיקס,IL,תחליב רחצה,מיליליטרים,750.00,"100 מ""ל",false,0,10.00,1.33,true,1,
7290104961885,false,"מרכך קרטין נטורל 400 מ""ל",קוסמופארם,IL,מרכך קרטין,מיליליטרים,400.00,"100 מ""ל",false,0,29.90,7.48,true,1,
7290104961908,false,"סרום קרטין נטורל 145 מ""ל",קוסמופארם,IL,סרום קרטין,מיליליטרים,145.00,"100 מ""ל",false,0,50.00,34.48,true,1,
7290104962578,false,דאו.קרליין אינביזל 200מל,קרליין,IL,דאו.קרליין,מיליליטרים,200.00,"100 מ""ל",false,1,11.90,5.95,true,1,
7290104963001,false,מגבונים סופטקר עדין72*4,טרופיקל דגיל,IL,מגבונים סופטקר,יחידה,1.00,יחידה,false,1,17.90,17.90,true,1,
7290104963018,false,מגבונ.סופטקר לא מבוש72*4,טרופיקל דגיל,IL,מגבונים סופטקר,יחידה,1.00,יחידה,false,1,17.90,17.90,true,1,
7290104963216,false,סופטקר אלסבון עדין 1ליטר,נקה,IL,סופטקר אלסבון,ליטרים,1.00,ליטר,false,1,14.90,14.90,true,1,
7290104963650,false,סופטקר שמפו צהוב 1ליטר,נקה,IL,סופטקר שמפו,ליטרים,1.00,ליטר,false,1,14.90,14.90,true,1,
7290104964336,false,שמפו ספריי שיער דק 200 מ,קוסמופארם,IL,שמפו נטורל ספריי,מיליליטרים,200.00,"100 מ""ל",false,1,29.90,14.95,true,1,
7290105360878,false,תפוצ'יפס 50*4 גרם,עלית,IL,תפוצ'יפס 4 יח,גרמים,200.00,100 גרם,false,0,10.50,5.25,true,1,
7290105362339,false,שמנת לבישול15%מהדרין250,יטבתה,IL,שמנת לבישול 15%,מיליליטרים,250.00,"100 מ""ל",false,0,8.40,3.36,true,1,
7290105364678,false,משקה אקטיביה אפרסק 250מל,שטראוס,IL,משקה אקטיביה,מיליליטרים,250.00,"100 מ""ל",false,0,5.00,2.00,true,1,
7290105364883,false,ביסקוויט עד חצות לבן200ג,שטראוס,IL,ביסקוויט עד חצות,גרמים,200.00,100 גרם,false,0,10.00,5.00,true,1,
7290105366023,false,חציל בטעם כבד 400 גרם,שטראוס,IL,חציל בטעם כבד,גרמים,400.00,100 גרם,false,0,15.90,3.98,true,1,
7290105366993,false,סימפוניה שיפקה חריף200,שטראוס,IL,סימפוניה פלפל,גרמים,200.00,100 גרם,false,0,10.90,5.45,true,1,
7290105368331,false,"מילקי בטעם תות 170 מ""ל",שטראוס,IL,מילקי טעם תות,מיליליטרים,170.00,"100 מ""ל",false,0,2.80,1.65,true,1,
7290105368881,false,חלב יטבתה מועשר3% 1.75ל,יטבתה,IL,חלב יטבתה מועשר,ליטרים,1.75,ליטר,false,0,13.10,7.49,true,1,
7290105368928,false,שמנת 9% יטבתה מהדרין200מ,יטבתה,IL,שמנת 9% יטבתה,מיליליטרים,200.00,"100 מ""ל",false,0,3.10,1.55,true,1,
7290105369451,false,צ'יטוס דולפינים 55 גרם,עלית,IL,צ'יטוס דולפינים,גרמים,55.00,100 גרם,false,0,3.50,6.36,true,1,
7290105439376,false,תבנית אפיה חד פעמי מתומן,.,IL,תבנית אפיה,יחידה,1.00,יחידה,false,1,2.90,2.90,true,1,
7290105439499,false,מיונז מאסטר שף 481 גרם,רמיה סי.וי.הולנד,NL,מיונז מאסטר שף,גרמים,481.00,100 גרם,false,1,9.90,2.06,true,1,
7290105439635,false,קולגייט סנסיטיב 2 * 75מל,קולגייט-פלמוליב,PL,2 משחות קולגייט,מיליליטרים,150.00,"100 מ""ל",false,1,25.90,17.27,true,1,
7290105439697,false,קולגייט טוטל קלין 75*2מל,קולגייט-פלמוליב,IL,משחת קולגייט,מיליליטרים,150.00,"100 מ""ל",false,1,24.90,16.60,true,1,
7290105500236,false,וויסקי ג'ק דניאל,,US,וויסקי ג'ק דניאל,מיליליטרים,700.00,"100 מ""ל",false,0,99.90,14.27,true,1,
7290105500953,false,וויסקי,,BE,וויסקי,מיליליטרים,700.00,"100 מ""ל",false,0,99.90,14.27,true,1,
7290105691699,false,עוג.ביס בטעם חמאה300ג,כרמית,IL,עוגיות ביס חמאה,גרמים,300.00,100 גרם,false,0,10.90,3.63,true,1,
7290105693341,false,במבה 25*10 גרם,אסם,IL,במבה 10 יח,גרמים,250.00,100 גרם,false,0,14.90,5.96,true,1,
7290105694614,false,ספגטי מהיר הכנה 500 גרם,זארה,IT,ספגטי מהיר הכנה,גרמים,500.00,100 גרם,false,0,5.50,1.10,true,1,
7290105694775,false,טריקס פירות דגני תירס480,ג'נרל מילס,US,טריקס בטעם פירות,גרמים,480.00,100 גרם,false,0,18.90,3.94,true,1,
7290105694904,false,מרק פטריות רכיבים טבעיים,אסם,IL,מרק פטריות,גרמים,220.00,100 גרם,false,0,17.60,8.00,true,1,
7290105695024,false,פתיתים אורז ואטריות500ג,אסם,IL,פתיתים אפויים,גרמים,500.00,100 גרם,false,0,6.90,1.38,true,1,
7290105695321,false,עוגת בראוניס פאדג' 380 ג,אסם,IL,עוגת בראוניס,גרמים,380.00,100 גרם,false,0,16.90,4.45,true,1,
7290105961181,false,פונץ' בננה מהדרין 1ליטר,יטבתה,IL,פונץ' בננה יטבתה,מיליליטרים,1000.00,"100 מ""ל",false,0,11.80,1.18,true,1,
7290105964564,false,חומוס אחלה 400 גרם,שטראוס,IL,סלט חומוס אחלה,גרמים,400.00,100 גרם,false,1,8.50,2.13,true,1,
7290105964755,false,בונ.ספלנדיד מיקס 216 גרם,שטראוס,IL,בונ.ספלנדיד מיקס,גרמים,216.00,100 גרם,false,0,27.70,12.82,true,1,
7290105966377,false,"משקה סחלב מהדרין 850 מ""ל",יטבתה,IL,משקה סחלב,מיליליטרים,850.00,"100 מ""ל",false,0,11.20,1.32,true,1,
7290105966469,false,"חומץ בלסמי 250 מ""ל",יד מרדכי,IL,חומץ בלסמי,גרמים,250.00,100 גרם,false,0,14.70,5.88,true,1,
7290105968098,false,סלט קולסלאו אחלה 500 גרם,שטראוס,IL,סלט קולסלאו אחלה,גרמים,500.00,100 גרם,false,0,15.90,3.18,true,1,
7290105968654,false,רביולי בטטה פרווה 400 גר,שטראוס,IL,רביולי בטטה 400ג,גרמים,400.00,100 גרם,false,0,17.90,4.48,true,1,
7290106415027,false,וופל קרם קקאו+אגוז104גרם,ס.ספיץ',AT,וופל קרם קקאו5יח,גרמים,104.00,100 גרם,false,1,7.90,7.60,true,1,
7290106504783,false,פמפרס פרימיום מידה4 20*4,פרוקטר & גמבל,IL,רביעיית פמפרס,יחידה,1.00,יחידה,false,1,79.90,79.90,true,1,
7290106506534,false,פיירי לימון לכלים385*10מ,פרוקטר & גמבל,BE,פיירי לכלים 10יח,ליטרים,3.85,ליטר,false,1,49.90,12.96,true,1,
7290106506954,false,24 אולוויז רדיאנט נורמל,פרוקטר & גמבל,HU,אולוויז רדיאנט,יחידה,1.00,יחידה,false,1,39.90,39.90,true,1,
7290106506961,false,20 אולוויז רדיאנט לונג,פרוקטר & גמבל,HU,אולוויז רדיאנט,יחידה,1.00,יחידה,false,1,39.90,39.90,true,1,
7290106520066,false,רבע לשבע 160 גרם,עלית,IL,רבע לשבע 160 גרם,גרמים,160.00,100 גרם,false,0,11.90,7.44,true,1,
7290106520288,false,דנונה פרו תות 150 גרם,שטראוס,IL,דנונה פרו תות,גרמים,150.00,100 גרם,false,1,4.90,3.27,true,1,
7290106520295,false,דנונה פרו לבן 2.9% 150גר,שטראוס,IL,דנונה פרו לבן,גרמים,150.00,100 גרם,false,1,4.90,3.27,true,1,
7290106520905,false,סלט טורקי 400 גרם,שטראוס,IL,סלט טורקי,גרמים,400.00,100 גרם,false,0,15.90,3.98,true,1,
7290106520912,false,"שמנת לבישול 9% 250 מ""ל",יטבתה,IL,שמנת לבישול 9%,מיליליטרים,250.00,"100 מ""ל",false,0,8.40,3.36,true,1,
7290106521049,false,סלט קוביות סלק 400 גרם,שטראוס,IL,סלט קוביות סלק,גרמים,400.00,100 גרם,false,0,15.90,3.98,true,1,
7290106525320,false,שוקולית לאפיה 500 גרם,עלית,IL,שוקולית לאפיה,גרמים,500.00,100 גרם,false,0,15.50,3.10,true,1,
7290106525399,false,קפסולות ברזיל 06 50 גרם,עלית,IL,קפסולות קפה,גרמים,50.00,100 גרם,false,1,15.90,31.80,true,1,
7290106527386,false,פריכיות אנרג'י שוק.חלב70,שטראוס,IL,פריכיות אנרג'י,גרמים,70.00,100 גרם,false,0,8.20,11.71,true,1,
7290106528567,false,דוריטוס גריל 185 גרם,עלית,IL,דוריטוס גריל,גרמים,185.00,100 גרם,false,1,7.40,4.00,true,1,
7290106528628,false,דוריטוס בטעם טבעי 185גרם,עלית,IL,דוריטוס,גרמים,185.00,100 גרם,false,1,7.40,4.00,true,1,
7290106571921,false,עוגיות חמוציות פיטנס180ג,אסם,IL,עוגיות פיטנס,גרמים,180.00,100 גרם,false,0,11.90,6.61,true,1,
7290106571945,false,עוג.שוקולד מריר פיטנס180,אסם,IL,עוגיות פיטנס,גרמים,180.00,100 גרם,false,1,11.90,6.61,true,1,
7290106573086,false,קוסקוס 350*2 גרם,קוסקוס מזון,IL,קוסקוס 2 יח,גרמים,700.00,100 גרם,false,0,12.80,1.83,true,1,
7290106573574,false,חומוס ירושלמי צבר 400גרם,צבר,IL,חומוס צבר,גרמים,400.00,100 גרם,false,0,11.50,2.88,true,1,
7290106573598,false,חומוס לבנוני צבר 400 גרם,צבר,IL,חומוס לבנוני צבר,גרמים,400.00,100 גרם,false,0,11.90,2.98,true,1,
7290106573628,false,חומוס עם טחינה צבר 400גר,צבר,IL,חומוס עם טחינה,גרמים,400.00,100 גרם,false,0,11.50,2.88,true,1,
7290106573642,false,חומוס צנובר צבר 400 גרם,צבר,IL,חומוס צנובר,גרמים,400.00,100 גרם,false,0,11.40,2.85,true,1,
7290106573703,false,חציל פיקנטי רפי כהןג400,צבר,IL,חציל פיקנטי צבר,גרמים,400.00,100 גרם,false,0,15.90,3.98,true,1,
7290106573819,false,חומוס אבו גוש צבר 400 גר,צבר,IL,חומוס אבו גוש,גרמים,400.00,100 גרם,false,0,11.50,2.88,true,1,
7290106574793,false,עוגת שוקו שוקוצ'יפס350ג,אסם,IL,עוגת הבית,גרמים,350.00,100 גרם,false,0,12.50,3.57,true,1,
7290106575011,false,פתיתים פלוס חיטה מלאה400,אסם,IL,פתיתים פלוס,גרמים,400.00,100 גרם,false,0,6.90,1.73,true,1,
7290106575271,false,פתיתים פלוס ירקות 400 גר,אסם,IL,פתיתים פלוס,גרמים,400.00,100 גרם,false,0,6.90,1.73,true,1,
7290106576414,false,צ'יפסי בטעם מקסיקני 50גר,אסם,IL,חטיף צ'יפסי,גרמים,50.00,100 גרם,false,0,3.40,6.80,true,1,
7290106576537,false,חומוס מסעדה צבר 700גרם,צבר,IL,חומוס מסעדה צבר,גרמים,700.00,100 גרם,false,0,8.90,1.27,true,1,
7290106576834,false,לה קרמריה פונש בננה,נסטלה,IL,לה קרמריה,ליטרים,1.40,ליטר,false,0,21.90,15.64,true,1,
7290106576858,false,לה קרמריה תותים,נסטלה,IL,לה קרמריה,ליטרים,1.40,ליטר,false,0,21.90,15.64,true,1,
7290106576919,false,לה קרמריה סורבה,נסטלה,IL,לח קרמריה,ליטרים,1.40,ליטר,false,0,21.90,15.64,true,1,
7290106576926,false,לה קרמריה שוקו וניל לייט,נסטלה,IL,לה קרמריה לייט,ליטרים,1.40,ליטר,false,0,21.90,15.64,true,1,
7290106576957,false,לה קרמריה שוקו וניל,נסטלה,IL,לה קרמריה,ליטרים,1.40,ליטר,false,0,21.90,15.64,true,1,
7290106576995,false,לה קרמריה תות מנגו לייט,נסטלה,IL,לה קרמריה לייט,ליטרים,1.40,ליטר,false,0,21.90,15.64,true,1,
7290106577039,false,לה קרמריה וניל+שוק,נסטלה,IL,לא קרמריה,ליטרים,1.40,ליטר,false,0,21.90,15.64,true,1,
7290106577282,false,טחינה צבר מרובע 400 גרם,צבר,IL,טחינה צבר,גרמים,400.00,100 גרם,false,0,12.10,3.03,true,1,
7290106577480,false,חציל על האש בטחינה400גר,צבר,IL,חציל על האש צבר,גרמים,400.00,100 גרם,false,0,12.90,3.23,true,1,
7290106577503,false,חציל במיונז מרובע 400גרם,צבר,IL,חציל במיונז צבר,גרמים,400.00,100 גרם,false,0,12.10,3.03,true,1,
7290106577527,false,סלט קולסלו מרובע צבר400ג,צבר,IL,סלט קולסלו צבר,גרמים,400.00,100 גרם,false,0,12.30,3.08,true,1,
7290106577541,false,כרוב אדום מרובע צבר400ג,צבר,IL,כרוב אדום צבר,גרמים,400.00,100 גרם,false,0,12.40,3.10,true,1,
7290106577572,false,מטבוחה מרובע צבר 400 גרם,צבר,IL,מטבוחה צבר,גרמים,400.00,100 גרם,false,0,10.40,2.60,true,1,
7290106578241,false,דובונים 100 גרם,אסם,IL,חטיף דובונים,גרמים,100.00,100 גרם,false,0,8.80,8.80,true,1,
7290106578821,false,עוגת שמרים שוקולד 350גרם,אסם,IL,עוגת שמרים,גרמים,350.00,100 גרם,false,0,17.30,4.94,true,1,
7290106656352,false,מסטיק מאסט תות מגדים28ג,שטראוס,IL,מסטיק מאסט,גרמים,28.00,100 גרם,false,0,4.30,15.36,true,1,
7290106656727,false,חיוכים שוקולד 600 גרם,שטראוס,IL,חיוכים שוקולד,גרמים,600.00,100 גרם,false,0,17.90,2.98,true,1,
7290106662186,false,רולדה טורטית 350 גרם,עלית,IL,רולדה טורטית,גרמים,350.00,100 גרם,false,1,14.90,4.26,true,1,
7290106662223,false,"אפיפיות שוקולד לל""ג400ג",שטראוס,IL,אפיפיות לל.גלוטן,גרמים,400.00,100 גרם,false,1,14.90,3.73,true,1,
7290106664548,false,רוטב שמנת4+גבינות9% 250מ,שטראוס,IL,רוטב שמנת גבינות,מיליליטרים,250.00,"100 מ""ל",false,1,10.50,4.20,true,1,
7290106664555,false,רוטב שמנת+עגבניות9% 250מ,שטראוס,IL,רוטב שמנת,מיליליטרים,250.00,"100 מ""ל",false,1,10.50,4.20,true,1,
7290106664654,false,דוריטוס ט.טבעי 40*6 גרם,עלית,IL,דוריטוס 6 יח,גרמים,240.00,100 גרם,false,1,11.80,4.92,true,1,
7290106666412,false,חטיפי אנרגי שוק.מריר26*6,עלית,IL,חטיפי אנרג'י 6יח,גרמים,156.00,100 גרם,false,1,10.90,6.99,true,1,
7290106668737,false,דנונה לשתיה דיאט תות267ג,שטראוס,IL,דנונה לשתיה,גרמים,267.00,100 גרם,false,1,5.00,1.87,true,1,
7290106669659,false,אנרג'י קידס קארס 23*6גרם,שטראוס,IL,אנרג'י ילדים 6יח,גרמים,138.00,100 גרם,false,1,10.90,7.90,true,1,
7290106669857,false,קפסולות אספרסו וניל 50גר,שטראוס,IL,קפסולות וניל,גרמים,50.00,100 גרם,false,1,15.90,31.80,true,1,
7290106669970,false,דוריטוס טאקו 70 גרם,שטראוס,IL,דוריטוס טאקו,גרמים,70.00,100 גרם,false,1,3.60,5.14,true,1,
7290106721234,false,בונ.איחולים מתוקים126גרם,שטראוס,IL,בונבונ.איחולים,גרמים,126.00,100 גרם,false,0,25.70,20.40,true,1,
7290106723634,false,עד חצות ניבס קרמל180גרם,שטראוס,IL,עד חצות,גרמים,180.00,100 גרם,false,1,10.00,5.56,true,1,
7290106725522,false,"רוטב שזיף רימון 280 מ""ל",יד מרדכי,IL,רוטב שזיף רימון,מיליליטרים,280.00,"100 מ""ל",false,1,15.50,5.54,true,1,
7290106726161,false,דנונה פרו אפרסק2.4% 150ג,שטראוס,IL,דנונה פרו אפרסק,גרמים,150.00,100 גרם,false,1,4.90,3.27,true,1,
7290106726796,false,דנונה בר עדשים 180 גרם,שטראוס,IL,דנונה בר עדשים,גרמים,180.00,100 גרם,false,1,4.50,2.50,true,1,
7290106727984,false,כיף כף פצפצים בגביע135ג,אלטינמארקה גידב סאן וה,TR,כיף כף פצפצים,גרמים,135.00,100 גרם,false,1,9.90,7.33,true,1,
7290106728127,false,חלב טבעי בקבוק3.6% 1ליטר,יטבתה,IL,חלב טבעי בקבוק,ליטרים,1.00,ליטר,false,1,7.70,7.70,true,1,
7290106729421,false,עוגת בראוניז טורטית380ג,שטראוס,IL,עוגת בראוניז,גרמים,380.00,100 גרם,false,1,16.00,4.21,true,1,
7290107280037,false,מגבונים לניקוי,,IL,מגבונים לניקוי,יחידה,1.00,יחידה,false,0,9.90,9.90,true,1,
7290107280082,false,תבניות אלומיניום לאפיה 7,.,TR,תבניות אלומיניום,יחידה,1.00,יחידה,false,1,7.90,7.90,true,1,
7290107280198,false,תחליב רחצה קרמה פרח750מ,קוסמופארם,IL,תחליב רחצה קרמה,מיליליטרים,750.00,"100 מ""ל",false,1,16.90,2.25,true,1,
7290107280389,false,מתז ג'ט לאמבט,,IL,מתז ג'ט לאמבט,מיליליטרים,750.00,"100 מ""ל",false,0,10.00,1.33,true,1,
7290107280396,false,מתז ג'ט למטבח,,IL,מתז ג'ט למטבח,מיליליטרים,750.00,"100 מ""ל",false,0,10.00,1.33,true,1,
7290107280471,false,ספארק טבליות למדיח 30 יח,סנו,IL,טבליות למדיח,יחידה,1.00,יחידה,false,0,20.00,20.00,true,1,
7290107280501,false,סנובון WAVE אורנים 45גר,סנו,PL,סנובון WAVE,גרמים,45.00,100 גרם,false,0,9.80,21.78,true,1,
7290107280563,false,אוקסיג'ן בייבי,,IL,אוקסיג'ן בייבי,ליטרים,3.00,ליטר,false,0,25.00,8.33,true,1,
7290107280570,false,ג'ל כביסה,,IL,ג'ל כביסה,ליטרים,3.00,ליטר,false,0,25.00,8.33,true,1,
7290107280587,false,סנובון דאבל אקשן פרחים,סנו,IL,סנובון דאבל אקשן,גרמים,165.00,100 גרם,false,1,9.90,6.00,true,1,
7290107280594,false,סנובון דאבל אקשן לבנדר,סנו,IL,סנובון דאבל אקשן,גרמים,155.00,100 גרם,false,1,9.90,6.39,true,1,
7290107280716,false,"ספארק מלח למדיח 2 ק""ג",סנו,IL,ספארק מלח למדיח,קילוגרמים,2.00,"ק""ג",false,1,10.00,5.00,true,1,
7290107280723,false,נוזל לכלים לימון 700מל,סנו,IL,נוזל לכלים לימון,מיליליטרים,700.00,"100 מ""ל",false,0,7.90,1.13,true,1,
7290107644365,false,תיק צידנית יח,שטראוס,IL,תיק צידנית,יחידה,1.00,יחידה,false,1,10.00,10.00,true,1,
7290107644716,false,פינוק שמפו שמן קוקוס700מ,יוניליוור,IL,שמפו פינוק,מיליליטרים,700.00,"100 מ""ל",false,1,9.90,1.41,true,1,
7290107645669,false,תה יילו לייבל+ירוק לימון,יוניליוור,RU,מארז תה ליפטון,גרמים,230.00,100 גרם,false,1,29.90,13.00,true,1,
7290107645706,false,ממרח קקאו קליק 350 גרם,יוניליוור,BE,ממרח קקאו קליק,גרמים,350.00,100 גרם,false,1,12.90,3.69,true,1,
7290107646376,false,סיף מטליות לניקוי 50יח,יוניליוור,IL,מטליות לניקוי,יחידה,1.00,יחידה,false,1,7.90,7.90,true,1,
7290107647731,false,קוקומן חום לבן 375 גרם,יוניליוור,IL,קוקומן חום לבן,גרמים,375.00,100 גרם,false,1,21.80,5.81,true,1,
7290107647854,false,שוגי מצופים סוכר 500 גרם,יוניליוור,IL,שוגי,גרמים,500.00,100 גרם,false,1,21.90,4.38,true,1,
7290107870429,false,"רוטב בסיס לבישול 580 מ""ל",אסם,IL,רוטב בסיס לבישול,מיליליטרים,580.00,"100 מ""ל",false,0,15.90,2.74,true,1,
7290107871532,false,מאגדת קרח מילון דובד750,נגה גלידות,IL,מאגדת קרח,גרמים,750.00,100 גרם,false,7,17.70,2.36,true,1,
7290107871990,false,פסטה צינורות 500 גרם,זארה,IT,פסטה צינורות,גרמים,500.00,100 גרם,false,0,5.70,1.14,true,1,
7290107873062,false,פתי בר שוקולד מריר500גרם,אסם,IL,פתיבר שוקולד,גרמים,500.00,100 גרם,false,1,10.90,2.18,true,1,
7290107873222,false,חומוס עם חריף 400 גרם,צבר,IL,חומוס עם חריף,גרמים,400.00,100 גרם,false,0,12.50,3.13,true,1,
7290107874502,false,ביסלי גריל 55*4 גרם,אסם,IL,ביסלי גריל 4 יח,גרמים,220.00,100 גרם,false,1,12.50,5.68,true,1,
7290107875271,false,ביסלי ברביקיו 55*4 גרם,אסם,IL,ביסלי ברביקיו4יח,גרמים,220.00,100 גרם,false,1,12.50,5.68,true,1,
7290107875400,false,להקרמריה פיסטוק מוקה 1.4,נסטלה,IL,להקרמריה,ליטרים,1.40,ליטר,false,0,21.90,15.64,true,1,
7290107878395,false,גל.פיטנס יוגורט תות 700מ,נסטלה,IL,גלידת פיטנס,מיליליטרים,700.00,"100 מ""ל",false,1,22.90,3.27,true,1,
7290107879583,false,מאגדת לה פרוטה בננה 6יח,נסטלה,IL,מאגדת לה פרוטה,גרמים,350.00,100 גרם,false,1,24.90,7.11,true,1,
7290107931397,false,כיף כף פצפצים 40 גרם,שולן צ'יקולטה,TR,כיף כף פצפצים,גרמים,40.00,100 גרם,false,1,4.90,12.25,true,1,
7290107932080,false,חלב מועשר3% בקבוק 1ליטר,יטבתה,IL,חלב מועשר 3%,ליטרים,1.00,ליטר,false,1,7.70,7.70,true,1,
7290107932127,false,חלב מועשר2% בקבוק 1ליטר,יטבתה,IL,חלב מועשר 2%,ליטרים,1.00,ליטר,false,1,7.70,7.70,true,1,
7290107932134,false,חלב מועשר1% בקבוק 1ליטר,יטבתה,IL,חלב מועשר 1%,ליטרים,1.00,ליטר,false,1,7.70,7.70,true,1,
7290107932226,false,שוקולד אקסטרה חלב 100גרם,שטראוס,IL,שוקולד אקסטרה,גרמים,100.00,100 גרם,false,1,6.80,6.80,true,1,
7290107932233,false,שוק.אקסטרה צימוק+אגוז100,שטראוס,IL,שוקולד אקסטרה,גרמים,100.00,100 גרם,false,1,6.80,6.80,true,1,
7290107933315,false,חלב דל לקטוז בקבוק2% 1ל,יטבתה,IL,חלבדל לקטוז 2%,ליטרים,1.00,ליטר,false,1,7.70,7.70,true,1,
7290107934473,false,דנונה אקטיביה1.5% 150*8מ,שטראוס,IL,אקטביה 1.5% 8 יח,ליטרים,1.20,ליטר,false,1,20.50,17.08,true,1,
7290107934480,false,דנונה אקטיביה 3% 150*8מ,שטראוס,IL,אקטביה 3% 8 יח,ליטרים,1.20,ליטר,false,1,20.50,17.08,true,1,
7290107936309,false,דנונה יווני לבן 7% 130גר,שטראוס,IL,דנונה יווני,גרמים,130.00,100 גרם,false,1,3.50,2.69,true,1,
7290107937504,false,חרדל דיז'ון חלק 370 גרם,אי.די.סי,FR,חרדל דיז'ון חלק,גרמים,350.00,100 גרם,false,1,12.90,3.69,true,1,
7290107937542,false,משקה אקטיביה תות1.2% 265,שטראוס,IL,משקה אקטביה תות,גרמים,265.00,100 גרם,false,1,5.00,1.89,true,1,
7290107938891,false,חצילים עם טחינה 500 גרם,שטראוס,IL,חצילים עם טחינה,גרמים,500.00,100 גרם,false,1,15.90,3.18,true,1,
7290107939942,false,דנ.פרו טריפל זרו אננס150,שטראוס,IL,דנונה פרו,גרמים,150.00,100 גרם,false,1,4.90,3.27,true,1,
7290107939966,false,דנונה פרו לבן 0% 150 גרם,שטראוס,IL,דנונה פרו,גרמים,150.00,100 גרם,false,1,4.90,3.27,true,1,
7290107940252,false,השוקו שלי ללא תוס.סוכר1ל,שטראוס,IL,השוקו שלי,ליטרים,1.00,ליטר,false,1,11.80,11.80,true,1,
7290107940474,false,אקטיביה 3% 200 גרם,שטראוס,IL,אקטיביה 3%,גרמים,200.00,100 גרם,false,1,3.80,1.90,true,1,
7290107940801,false,ספלנדיד TREATS שקדים100ג,שטראוס,IL,ספלנדיד TREATS,גרמים,100.00,100 גרם,false,1,8.90,8.90,true,1,
7290107941112,false,דבש טהור פרחי בר לחיץ230,יד מרדכי,IL,דבש טהור,גרמים,230.00,100 גרם,false,1,12.90,5.61,true,1,
7290107942072,false,דנונה בר גליליות 171 גרם,שטראוס,IL,דנונה בר,גרמים,171.00,100 גרם,false,1,4.50,2.63,true,1,
7290107942133,false,גרנולה+זרעי פשתן 400גרם,מלדר נטוראל פודס,BE,גרנולה אנרג'י,גרמים,400.00,100 גרם,false,1,13.90,3.48,true,1,
7290107942195,false,רולדה ממולדה 350 גרם,שטראוס,IL,רולדה ממולדה,גרמים,350.00,100 גרם,false,1,14.90,4.26,true,1,
7290107942324,false,מילקי שוקולד עשיר133גרם,שטראוס,IL,מילקי שוקולד,גרמים,133.00,100 גרם,false,1,3.90,2.93,true,1,
7290107942621,false,טבעות בצל 60 גרם,שטראוס,IL,טבעות בצל,גרמים,60.00,100 גרם,false,1,4.90,8.17,true,1,
7290107942676,false,באגט קראנצ עגבנ.ושמן300ג,שטראוס,IL,באגט קראנצ,גרמים,300.00,100 גרם,false,1,13.50,4.50,true,1,
7290107943185,false,שמנת לבישול 9% יטבתה500מ,שטראוס,IL,שמנת לבישול,מיליליטרים,500.00,"100 מ""ל",false,1,14.90,2.98,true,1,
7290107943192,false,שמנת חמוצ.מהערבה27% 200מ,יטבתה,IL,שמנת חמוצה 27%,מיליליטרים,200.00,"100 מ""ל",false,1,3.90,1.95,true,1,
7290107943222,false,שמנת עמידה לקצפת38% 500מ,יטבתה,IL,שמנת עמידה לקצפת,מיליליטרים,500.00,"100 מ""ל",false,1,11.90,2.38,true,1,
7290107943857,false,שוקולד פרה 2 מריר1+ 60%,עלית,IL,שוקולד מריר 3 יח,גרמים,300.00,100 גרם,false,1,15.20,5.07,true,1,
7290107944144,false,שמן זית יד מרדכי 750*2מל,יד מרדכי,IL,שמן זית 2 יח',ליטרים,1.50,ליטר,false,1,59.90,39.93,true,1,
7290107944366,false,רבע לשבע לבן 120 גרם,עלית,IL,רבע לשבע לבן,גרמים,120.00,100 גרם,false,1,11.90,9.92,true,1,
7290107944472,false,סימפוניה שום שמיר5% 200ג,שטראוס,IL,גבינת סימפוניה,גרמים,200.00,100 גרם,false,1,10.90,5.45,true,1,
7290107944540,false,רבע לשבע ארט.שוק.בננה120,שטראוס,IL,וופל רבע לשבע,גרמים,120.00,100 גרם,false,1,11.90,9.92,true,1,
7290107945295,false,השוקו שלי בקבוקונ150*6מל,יטבתה,IL,השוקו שלי 6 יח,מיליליטרים,900.00,"100 מ""ל",false,1,12.50,1.39,true,1,
7290107950053,false,דנונהתות שתיה דיסני125*4,שטראוס,IL,דנונה לשתיה 4 יח,גרמים,500.00,100 גרם,false,1,12.50,2.50,true,1,
7290107950091,false,"אקטימל רימון 100*8מ""ל",שטראוס,IL,אקטימל רימון8 יח,מיליליטרים,800.00,"100 מ""ל",false,1,20.90,2.61,true,1,
7290107950145,false,דנונה יווני תות5.8% 120ג,שטראוס,IL,דנונה יווני תות,גרמים,120.00,100 גרם,false,1,3.50,2.92,true,1,
7290107950251,false,מילקי מוס שוקולד 81 גרם,שטראוס,IL,מילקי מוס,גרמים,81.00,100 גרם,false,1,3.50,4.32,true,1,
7290107950268,false,מילקי מוס שוקולד אגוז81ג,שטראוס,IL,מילקי מוס,גרמים,81.00,100 גרם,false,1,3.50,4.32,true,1,
7290107950275,false,מילקי קצפת קפוצ'ינו133ג,שטראוס,IL,מילקי קפוצ'ינו,גרמים,133.00,100 גרם,false,1,3.90,2.93,true,1,
7290107950343,false,מילקי טופ עוגיות מרנג139,שטראוס,IL,מילקי טופ,גרמים,139.00,100 גרם,false,1,4.90,3.53,true,1,
7290107950374,false,מילקי בטעם טופי קרמל 133,שטראוס,IL,מילקי טופי קרמל,גרמים,133.00,100 גרם,false,1,2.80,2.11,true,1,
7290107950503,false,סימפוניה גב.שמנת25% 200ג,שטראוס,IL,גבינת סימפוניה,גרמים,200.00,100 גרם,false,1,12.30,6.15,true,1,
7290107950510,false,סימפוניה זיתים 9% 200גרם,שטראוס,IL,גבינת סימפוניה,גרמים,200.00,100 גרם,false,1,10.90,5.45,true,1,
7290107950527,false,סימפוניה9% קרם שמנת 200ג,שטראוס,IL,גבינת סימפוניה,גרמים,200.00,100 גרם,false,1,10.90,5.45,true,1,
7290107951067,false,משקה חלב וניל בקבוק2% 1ל,יטבתה,IL,משקה חלב וניל,ליטרים,1.00,ליטר,false,1,7.70,7.70,true,1,
7290107951104,false,בפלות שוקולד 200 גרם,שטראוס,IL,בפלות שוקולד,גרמים,200.00,100 גרם,false,1,4.90,2.45,true,1,
7290107951258,false,קונפיטורת שזיף 340 גרם,ב.א מזון,IL,קונפיטורת שזיף,גרמים,340.00,100 גרם,false,1,13.60,4.00,true,1,
7290107951494,false,ספלנדיד טרמיסו משפחתי500,שטראוס,IL,ספלנדיד טרמיסו,גרמים,500.00,100 גרם,false,1,29.90,5.98,true,1,
7290107951524,false,ספלנדיד טרמיסו 80*2 גרם,שטראוס,IL,ספלנדיד טרמיסו,גרמים,160.00,100 גרם,false,1,14.90,9.31,true,1,
7290107951739,false,עוג.קרמל שברי שוקולד100ג,שטראוס,IL,עוגיות קרמל,גרמים,100.00,100 גרם,false,1,10.00,10.00,true,1,
7290107952873,false,סוכריות גומי יין 500 גרם,טופגאם,IL,סוכריות גומי יין,גרמים,500.00,100 גרם,false,1,21.90,4.38,true,1,
7290107953788,false,טוויסט נשנושים 130 גרם,עלית,IL,טוויסט נשנושים,גרמים,130.00,100 גרם,false,1,11.90,9.15,true,1,
7290107954129,false,סימפוניה פטה 22.5% 150 ג,שטראוס,IL,סימפוניה פטה,גרמים,150.00,100 גרם,false,1,18.90,12.60,true,1,
7290107955041,false,מארז קפסולות +11 ספל50*2,עלית,IL,מארז זוג קפסולות,גרמים,100.00,100 גרם,false,1,21.90,21.90,true,1,
7290107971492,false,רוטב סרירצ'יה 450 גרם,מאסוואנג רונדור,TH,רוטב סרירצ'יה,גרמים,450.00,100 גרם,false,1,10.00,2.22,true,1,
7290107972307,false,קולגייט אופטיק ווטין 75מ,קולגייט-פלמוליב,IL,קולגייט אופטיק,מיליליטרים,75.00,"100 מ""ל",false,1,19.90,26.53,true,1,
7290107973045,false,ג'ל רח.לגבר פלמוליב הדר,קולגייט-פלמוליב,TR,ג'ל רחצה,מיליליטרים,500.00,"100 מ""ל",false,1,13.90,2.78,true,1,
7290107973052,false,פלמוליב סנסיישן DYNAMIC,קולגייט-פלמוליב,TR,פלמוליב,מיליליטרים,500.00,"100 מ""ל",false,1,13.90,2.78,true,1,
7290107973557,false,ליידי ס.סטיק אלוורה150מ,קולגייט-פלמוליב,US,ליידי ספיד סטיק,מיליליטרים,150.00,"100 מ""ל",false,1,15.00,10.00,true,1,
7290107973793,false,עגבניות שלמות 400 גרם,פראנו אנריקו ופיגלי,IT,עגבניות שלמות,גרמים,400.00,100 גרם,false,1,5.90,1.48,true,1,
7290107973809,false,קוביות עגבניות 400 גרם,פראנו אנריקו ופיגלי,IT,קוביות עגבניות,גרמים,400.00,100 גרם,false,1,5.90,1.48,true,1,
7290107973861,false,עגבניות קצוצות דק 400*3ג,קונסורזיו קאסאלאסקו,IT,עגבניות קצוצות3י,קילוגרמים,1.20,"ק""ג",false,1,14.90,12.42,true,1,
7290107973915,false,קולגייט טוטל פרו רעננה75,קולגייט-פלמוליב,PL,משחת קולגייט,מיליליטרים,75.00,"100 מ""ל",false,1,13.90,18.53,true,1,
7290107974004,false,קוסקוס דורום דק 500גרם,אגרופוד לייבל,MA,קוסקוס דורום דק,גרמים,500.00,100 גרם,false,1,8.90,1.78,true,1,
7290107974615,false,"משחת מרידול רעננה 75 מ""ל",גאבה,GB,משחת מרידול,מיליליטרים,75.00,"100 מ""ל",false,1,20.90,27.87,true,1,
7290107974646,false,מרידול מי פה רעננה 400 מ,גאבה,PL,מרידול מי פה,מיליליטרים,400.00,"100 מ""ל",false,1,29.90,7.48,true,1,
7290107974707,false,קולגייט טוטל מינט 75*3מ,קולגייט-פלמוליב,PL,משחת קולגייט,מיליליטרים,225.00,"100 מ""ל",false,1,28.90,12.84,true,1,
7290107976893,false,פלמוליב ארומה750+500מ,קולגייט-פלמוליב,TR,פלמוליב,מיליליטרים,1250.00,"100 מ""ל",false,1,25.90,2.07,true,1,
7290107978347,false,איטריות בינוניות 400 גרם,פי.פי.איג' ארטלקס,PL,איטריות בינוניות,גרמים,400.00,100 גרם,false,1,5.90,1.48,true,1,
7290108200218,false,גולד אבקה לכב.לבנה 1.35ק,רקיט בנקיזר,IT,גולד אבקה,קילוגרמים,1.35,"ק""ג",false,1,29.90,22.15,true,1,
7290108201024,false,קולון סטריפ לכביסה 32יח,רקיט בנקיזר,CA,קולון טבליות,יחידה,1.00,יחידה,false,1,19.90,19.90,true,1,
7290108350258,false,נייר טואלט סנו סופט 12גל,סנו,IL,נייר טואלט סופט,מטרים,662.00,100 מטר,false,1,27.90,4.21,true,1,
7290108350586,false,ספארק נוזל לכלים 1.5 ל',סנו,IL,ספארק נוזל לכלים,ליטרים,1.50,ליטר,false,1,13.90,9.27,true,1,
7290108350975,false,דאו.קרמה רול און הגנה 75,קוסמופארם,IL,דאודורנט קרמה,מיליליטרים,75.00,"100 מ""ל",false,1,11.90,15.87,true,1,
7290108351156,false,סנו ג'ט רצפות חומץ 1.5ל,סנו,IL,סנו ג'ט פלוס,ליטרים,1.50,ליטר,false,1,10.00,6.67,true,1,
7290108351507,false,מרכך כביסה סופט סליק 4 ל,סנו,IL,מרכך מקסימה,ליטרים,4.00,ליטר,false,1,20.90,5.23,true,1,
7290108351514,false,מרכך כביסה פריחה כחולה4ל,סנו,IL,מרכך מקסימה,ליטרים,4.00,ליטר,false,1,20.90,5.23,true,1,
7290108355000,false,שמפו נקה 7 מיניונים 750,אמיליה קוסמטיקס,IL,שמפו נקה7,מיליליטרים,750.00,"100 מ""ל",false,1,9.90,1.32,true,1,
7290108355017,false,מרכך נקה 7 מיניונים750מ,אמיליה קוסמטיקס,IL,מרכך שיער נקה 7,מיליליטרים,750.00,"100 מ""ל",false,1,9.90,1.32,true,1,
7290108355024,false,שמפו+מרכך נקה7מיניוני750,אמיליה קוסמטיקס,IL,שמפו +מרכך נקה7,מיליליטרים,750.00,"100 מ""ל",false,1,9.90,1.32,true,1,
7290109351025,false,חומוסטחינה צבר 400 גרם,צבר,IL,חומוסטחינה צבר,גרמים,400.00,100 גרם,false,1,14.90,3.73,true,1,
7290109351520,false,חט.קריספי עגב.בזיליק150ג,אסם,IL,חטיפי קריספי,גרמים,150.00,100 גרם,false,1,11.80,7.87,true,1,
7290109352640,false,סלט קרם ארטישוק 240 גרם,צבר,IL,סלט קרם ארטישוק,גרמים,240.00,100 גרם,false,1,10.70,4.46,true,1,
7290109353371,false,מאגדת לייט וניל עוגיות,נסטלה,IL,מאגדת לייט,יחידה,1.00,יחידה,false,1,27.90,27.90,true,1,
7290109354651,false,סלט קרם פלפלים 240 גרם,צבר,IL,סלט קרם פלפלים,גרמים,240.00,100 גרם,false,1,10.70,4.46,true,1,
7290109354675,false,סלט קרם חצילים 240 גרם,צבר,IL,סלט קרם חצילים,גרמים,240.00,100 גרם,false,1,10.70,4.46,true,1,
7290109355160,false,לה פרוטה משפחתיבננה 680,נסטלה,IL,לה פרוטה,מיליליטרים,680.00,"100 מ""ל",false,1,22.90,3.37,true,1,
7290109355207,false,לה פרוטה משפחתי אננס 680,נסטלה,IL,לה פרוטה,מיליליטרים,680.00,"100 מ""ל",false,1,22.90,3.37,true,1,
7290109355320,false,לה קרמריה פיסטוק וניל1.4,נסטלה,IL,לה קרמריה,מיליליטרים,1400.00,"100 מ""ל",false,1,21.90,1.56,true,1,
7290109357485,false,קריספי ברוסקטה בזיליק120,אסם,IL,קריספי ברוסקטה,גרמים,120.00,100 גרם,false,1,8.70,7.25,true,1,
7290109358567,false,ספגטי פלוס 400 גרם,אסם,IL,ספגטי פלוס,גרמים,400.00,100 גרם,false,1,5.70,1.43,true,1,
7290109358734,false,קטשופ מופחת סוכר 710 גרם,אסם,IL,קטשופ מופחת סוכר,גרמים,710.00,100 גרם,false,1,11.50,1.62,true,1,
7290110320140,false,ממרח סויה סגנ.גב.טבעי250,תנובה,IL,ממרח סויה,גרמים,250.00,100 גרם,false,1,9.90,3.96,true,1,
7290110320850,false,פתיתי עמק 28% 200 גרם,תנובה,IL,פתיתי עמק,גרמים,200.00,100 גרם,false,1,15.20,7.60,true,1,
7290110321031,false,יופלהGOמועשר בחלבון 200ג,תנובה,IL,יופלה GO יוגורט,גרמים,200.00,100 גרם,false,1,5.90,2.95,true,1,
7290110321048,false,יופלהGO מתיקות מעודנ200ג,תנובה,IL,יופלה GO יוגורט,גרמים,200.00,100 גרם,false,1,5.90,2.95,true,1,
7290110321222,false,יולו שוק.לבן פטיסייר123ג,תנובה,IL,יולו קרם פטיסייר,גרמים,123.00,100 גרם,false,1,4.30,3.50,true,1,
7290110321239,false,יולו שכבות לבן קרמל122גר,תנובה,IL,יולו שכבות שוקו.,גרמים,122.00,100 גרם,false,1,4.30,3.52,true,1,
7290111340185,false,מטליות בניחוח מרכך10יח,חוגלה קימברלי,IL,מטליות לרצפה,יחידה,1.00,יחידה,false,1,11.50,11.50,true,1,
7290111560101,false,חט.קרקר דגנ.עשבי תיבו150,אסם,IL,חטיפי קרקר,גרמים,150.00,100 גרם,false,1,11.80,7.87,true,1,
7290111560583,false,"קמח תופח30%+ח.מלאה 1 ק""ג",אסם,IL,קמח תופח פלוס,קילוגרמים,1.00,"ק""ג",false,1,10.90,10.90,true,1,
7290111561085,false,ביסלי טאקו קיץ 60 גרם,אסם,IL,ביסלי טאקו קיץ,גרמים,60.00,100 גרם,false,1,4.60,7.67,true,1,
7291008090633,false,מג'הול ישראלי 400גרם,מהדרין תנופורט,IL,מג'הול ישראלי,גרמים,400.00,100 גרם,false,1,12.90,3.23,true,1,
7296073002574,false,50 שקיות אשפה ענק.שופרסל,שופרסל,HK,שקיות אשפה,יחידה,1.00,יחידה,false,0,12.80,12.80,true,1,
7296073005926,false,עדשים אדומות שופרסל500גר,מיה,IL,עדשים אדומות,גרמים,500.00,100 גרם,false,0,5.70,1.14,true,1,
7296073006008,false,"שעועית לבנה שופרסל 1 ק""ג",מיה,IL,שעועית לבנה,קילוגרמים,1.00,"ק""ג",false,0,14.90,14.90,true,1,
7296073006077,false,שעועית מעורבת שופרסל500ג,מיה,IL,שעועית מעורבת,גרמים,500.00,100 גרם,false,0,12.80,2.56,true,1,
7296073006107,false,"אפונה ירוקה שופרסל 1 ק""ג",מיה,IL,אפונה ירוקה,קילוגרמים,1.00,"ק""ג",false,0,7.80,7.80,true,1,
7296073006138,false,"חיטה שופרסל 1 ק""ג",מיה,IL,"חיטה 1 ק""ג",קילוגרמים,1.00,"ק""ג",false,0,7.80,7.80,true,1,
7296073006176,false,"סוכר שופרסל 1 ק""ג",סוגת,IL,סוכר לבן,קילוגרמים,1.00,"ק""ג",false,0,4.40,4.40,true,1,
7296073006374,false,חרוזי זיתים ירוק.שופר560,שופרסל,,חרוזי זיתים,גרמים,560.00,100 גרם,false,0,8.80,1.57,true,1,
7296073006398,false,מנזנילו גדול ירוק 560 גר,שופרסל,IL,זיתי מנזנילו,גרמים,560.00,100 גרם,false,0,6.80,1.21,true,1,
7296073006404,false,מלפפון במלח7-9 שופר560.ג,שופרסל,IL,מלפפון במלח,גרמים,560.00,100 גרם,false,0,6.30,1.13,true,1,
7296073006411,false,מלפ.במלח 10-12שופרסל560ג,שופרסל,IL,מלפפון במלח12-,גרמים,560.00,100 גרם,false,0,6.80,1.21,true,1,
7296073006428,false,מלפ.במלח 13-17שופרסל560ג,שופרסל,IL,מלפפון במלח,גרמים,560.00,100 גרם,false,0,9.50,1.70,true,1,
7296073006497,false,גביעי גלידה שופרסל 30יח',"גילרו בע""מ",IL,גביעי גלידה,גרמים,115.00,100 גרם,false,0,9.50,8.26,true,1,
7296073009771,false,מים מינרליים שופרסל1.5*6,שופרסל,IT,מים שופרסל 6 יח,ליטרים,9.00,ליטר,false,0,9.90,1.10,true,1,
7296073011217,false,פסטה פנה ריגטה31שופר500ג,שופרסל,IT,פסטה פנה ריגטה,גרמים,500.00,100 גרם,false,0,4.90,0.98,true,1,
7296073011224,false,פסטה פוסילי36שופר 500גרם,שופרסל,IL,פסטה פוסילי,גרמים,500.00,100 גרם,false,0,4.90,0.98,true,1,
7296073020370,false,צלחות גדולות שופרסל 100,שופרסל,IL,"צלחות ח""פ גדולות",יחידה,1.00,יחידה,false,0,5.00,5.00,true,1,
7296073021568,false,"קמח לבן שופרסל 1 ק""ג",שופרסל,IL,קמח לבן,קילוגרמים,1.00,"ק""ג",false,0,3.60,3.60,true,1,
7296073021575,false,"קמח תופח שופרסל 1 ק""ג",שופרסל,IL,קמח תופח מאיליו,קילוגרמים,1.00,"ק""ג",false,0,5.90,5.90,true,1,
7296073030027,false,מפיות דו שכבתי,שופרסל,IL,מפיות דו שכבתי,יחידה,1.00,יחידה,false,0,3.00,3.00,true,1,
7296073033752,false,שמן קנולה שופרסל 1 ליטר,NV AOR,BE,שמן קנולה 1 ל',ליטרים,1.00,ליטר,false,0,7.50,7.50,true,1,
7296073048992,false,פסטרמה בדבש שופרסל 300גר,מעדני יחיעם,IL,פסטרמה בדבש,גרמים,300.00,100 גרם,false,0,20.90,6.97,true,1,
7296073049029,false,כתף בקר שופרסל 300 גרם,מעדני יחיעם,IL,כתף בקר,גרמים,300.00,100 גרם,false,0,29.60,9.87,true,1,
7296073049043,false,פסטרמה ברבקיו שופרסל300ג,שופרסל,IL,פסטרמה ברבקיו,גרמים,300.00,100 גרם,false,0,20.90,6.97,true,1,
7296073049050,false,פסטרמה רומנית שופרסל300ג,שופרסל,IL,פסטרמה רומנית,גרמים,300.00,100 גרם,false,0,26.90,8.97,true,1,
7296073049654,false,טבעות זיתים ירוקים 560גר,שופרסל,IL,טבעות זיתים,גרמים,560.00,100 גרם,false,0,8.40,1.50,true,1,
7296073053767,false,דפי לזניה שופרסל 500 גרם,שופרסל,IT,דפי לזניה,גרמים,500.00,100 גרם,false,0,13.50,2.70,true,1,
7296073058984,false,גרנולה קראנץ פירות+אג400,בריגן קי. ג'י,DE,גרנולה קראנץ,גרמים,400.00,100 גרם,false,0,14.50,3.63,true,1,
7296073059097,false,25 מגבונים להסרת איפור,שופרסל,IL,מגבונים לאיפור,יחידה,1.00,יחידה,false,0,9.90,9.90,true,1,
7296073059691,false,"50 צלחות גדול ח""פ שופרסל",שופרסל,IL,"צלחות ח""פ גדולות",יחידה,1.00,יחידה,false,0,4.00,4.00,true,1,
7296073059707,false,"צלחות קטנות ח""פ שופרסל 5",שופרסל,IL,"צלחות קטנות ח""פ",יחידה,1.00,יחידה,false,0,3.00,3.00,true,1,
7296073059998,false,מפיות תלת שכבתי מודפס,שופרסל,IL,מפיות מודפסות,יחידה,1.00,יחידה,false,0,5.00,5.00,true,1,
7296073064367,false,"בורקס תפו""א שופרסל 800 ג",שופרסל,IL,"800 בורקס תפו""א",גרמים,800.00,100 גרם,false,0,14.50,1.81,true,1,
7296073064398,false,בורקס גבינה שופרסל 800 ג,מאפ גדרון,,בורקס גבינה800,גרמים,800.00,100 גרם,false,0,15.50,1.94,true,1,
7296073074656,false,ירקות מעורב.כבושים 1.65ק,שופרסל,IL,ירקות מעורבים,קילוגרמים,1.65,"ק""ג",false,0,25.90,15.70,true,1,
7296073078555,false,בצק עלים שופרסל 1קג,שופרסל,IL,בצק עלים 1קג,קילוגרמים,1.00,"ק""ג",false,0,14.50,14.50,true,1,
7296073078609,false,"דבש טבעי שופרסל 1 ק""ג",שופרסל,IL,דבש טבעי,קילוגרמים,1.00,"ק""ג",false,0,38.90,38.90,true,1,
7296073078838,false,6 כריות יפניות שופרסל,פלסטו פוליש,IL,כריות יפניות,יחידה,1.00,יחידה,false,0,9.50,9.50,true,1,
7296073078883,false,9 מטליות ניקוי כללי שופר,שופרסל,IL,מטליות ניקוי 9יח,יחידה,1.00,יחידה,false,0,7.90,7.90,true,1,
7296073078999,false,פריכ.אורז שיבולת שופר100,שופרסל,IL,פריכיות אורז,גרמים,100.00,100 גרם,false,0,5.90,5.90,true,1,
7296073079903,false,רסק עגבניות 22%שופר100ג,פריניר,IL,רסק עגבניות,גרמים,100.00,100 גרם,false,0,1.70,1.70,true,1,
7296073080497,false,שעועית אפויה שופרסל 570ג,פרי גליל,IL,שעועית אפויה,גרמים,570.00,100 גרם,false,0,5.90,1.04,true,1,
7296073080503,false,אפונה גדולה שופרסל550גרם,פרי גליל,IL,אפונה גדולה,גרמים,550.00,100 גרם,false,0,5.40,0.98,true,1,
7296073080510,false,חומוס שלם שופרסל 560 גרם,פרי גליל,IL,חומוס שלם,גרמים,560.00,100 גרם,false,0,5.40,0.96,true,1,
7296073080534,false,תירס מתוק שופרסל 550 גרם,פרי גליל,IL,תירס גרעינים,גרמים,550.00,100 גרם,false,0,5.80,1.05,true,1,
7296073080541,false,אפונה וגזר שופרסל 550 גר,פרי גליל,IL,אפונה וגזר,גרמים,550.00,100 גרם,false,0,5.80,1.05,true,1,
7296073081494,false,ציפוי מוזהב לשניצל 400גר,שופרסל,IL,ציפוי לשניצל,גרמים,400.00,100 גרם,false,0,8.10,2.03,true,1,
7296073081661,false,מזון יבש לכלבים שופר3.קג,סנשיין מילס,US,מזון יבש לכלבים,קילוגרמים,3.00,"ק""ג",false,0,29.90,9.97,true,1,
7296073081845,false,9 כריות יפניות שופרסל,פלסטו פוליש,IL,כריות יפניות,יחידה,1.00,יחידה,false,0,9.80,9.80,true,1,
7296073087182,false,ריבת מישמש שופרסל 370גרם,LTD 99 CIMA,BG,ריבת מישמש,גרמים,370.00,100 גרם,false,0,9.50,2.57,true,1,
7296073090496,false,צמר פלדה שופרסל 100 גרם,פלסטו פוליש,IL,צמר פלדה,גרמים,100.00,100 גרם,false,0,5.90,5.90,true,1,
7296073090502,false,צמר פלדה שופרסל 350 גרם,פלסטו פוליש,IL,צמר פלדה,גרמים,350.00,100 גרם,false,0,12.40,3.54,true,1,
7296073091172,false,פופקורן למיקרו ט.טבעי600,שופרסל,US,פופקורן למיקרו,גרמים,600.00,100 גרם,false,0,13.50,2.25,true,1,
7296073091479,false,שקד קלוף קלוי200ג שופרסל,ששון,IL,שקד קלוף קלוי,גרמים,200.00,100 גרם,false,0,18.90,9.45,true,1,
7296073091493,false,גרעין שחור קלוי200גשופרס,ששון,IL,גרעין שחור קלוי,גרמים,200.00,100 גרם,false,0,6.80,3.40,true,1,
7296073091530,false,שזיף מיובש 400ג שופרסל,ששון,IL,שזיף מיובש,גרמים,400.00,100 גרם,false,0,22.90,5.73,true,1,
7296073091585,false,שקד קלוף טבעי200ג שופרסל,ששון,IL,שקד קלוף טבעי,גרמים,200.00,100 גרם,false,0,17.90,8.95,true,1,
7296073091608,false,קשיו טבעי 200ג שופרסל,ששון,IL,אגוזי קשיו טבעי,גרמים,200.00,100 גרם,false,0,23.90,11.95,true,1,
7296073093176,false,כרוב כבוש שופרסל 560 גרם,שופרסל,IL,כרוב כבוש,גרמים,560.00,100 גרם,false,0,6.90,1.23,true,1,
7296073093213,false,אבקת שוקו שופרסל 500 גרם,שופרסל,IL,אבקת שוקו,גרמים,500.00,100 גרם,false,0,10.80,2.16,true,1,
7296073094753,false,חלווה וניל שופרסל 500 גר,"אחדות בע""מ א.ת. ברקן",IL,חלווה וניל,גרמים,500.00,100 גרם,false,0,12.90,2.58,true,1,
7296073098263,false,גזר גמדי מוקפא שופרסל800,פרי גליל,IL,גזר גמדי 800גר,גרמים,800.00,100 גרם,false,0,14.50,1.81,true,1,
7296073098287,false,לקט בורגונדי שופרסל 800,פרי גליל,IL,לקט בורגונדי,גרמים,800.00,100 גרם,false,0,18.60,2.33,true,1,
7296073103813,false,תפוח אדמה לבן ארוז,שופרסל,IL,"תפו""א לבן ארוז",קילוגרמים,0.00,"ק""ג",true,0,3.90,3.90,true,1,
7296073103820,false,תפוח אדמה לטיגון ארוז,שופרסל,IL,"תפו""א לטיגון",קילוגרמים,0.00,"ק""ג",true,0,5.50,5.50,true,1,
7296073103844,false,תפוח אדמה למיקרו,קטיף,IL,"תפו""א למיקרו",יחידה,1.00,יחידה,false,0,5.90,5.90,true,1,
7296073106074,false,טליאטלה שופרסל 500 גרם,שופרסל,IT,פסטה טליאטלה,גרמים,500.00,100 גרם,false,0,9.80,1.96,true,1,
7296073106081,false,טריקולור פרפלה שופר500.ג,שופרסל,IT,טריקולור פרפלה,גרמים,500.00,100 גרם,false,0,6.80,1.36,true,1,
7296073107408,false,גרנולה שוקו.פקאן שופר400,בריגן קי ג'י,DE,גרנולה שוקולד,גרמים,400.00,100 גרם,false,0,14.50,3.63,true,1,
7296073107989,false,גרעיני תירס שופרסל 800 ג,פרי גליל,IL,גרעיני תירס,גרמים,800.00,100 גרם,false,0,15.50,1.94,true,1,
7296073108061,false,קלחי תירס שופרסל 1 קג,פרי גליל,IL,קלחי תירס 1קג,קילוגרמים,1.00,"ק""ג",false,0,17.70,17.70,true,1,
7296073108269,false,חסה ערבית שטופה250גרם,פרסקו,IL,חסה ערבית שטופה,גרמים,250.00,100 גרם,false,0,9.50,3.80,true,1,
7296073108573,false,קרם קרקר שופרסל 230 גרם,מגדנית הדר,IL,קרם קרקר,גרמים,230.00,100 גרם,false,0,7.50,3.26,true,1,
7296073112464,false,פוזילי חיטה מלא.שופר500ג,שופרסל,IT,פוזילי שופרסל,גרמים,500.00,100 גרם,false,0,7.50,1.50,true,1,
7296073115724,false,אבקת אפיה שופרסל10*10 גר,שופרסל,IL,אבקת אפיה 10יח,גרמים,100.00,100 גרם,false,0,3.00,3.00,true,1,
7296073115731,false,אבקת סוכר שופרסל 100 גרם,שופרסל,IL,אבקת סוכר,גרמים,100.00,100 גרם,false,0,1.80,1.80,true,1,
7296073115748,false,סוכר וניל שופרסל 10*10גר,שופרסל,IL,סוכר וניל 10 יח,גרמים,100.00,100 גרם,false,0,2.70,2.70,true,1,
7296073115755,false,קורנפלור שופרסל 500 גרם,שופרסל,,קורנפלור,גרמים,500.00,100 גרם,false,0,4.90,0.98,true,1,
7296073116783,false,שומשום שופרסל 100 גרם,מיה,IL,שומשום שופרסל,גרמים,100.00,100 גרם,false,0,3.50,3.50,true,1,
7296073116790,false,שומשום שופרסל 400 גרם,מיה,IL,שומשום שופרסל,גרמים,400.00,100 גרם,false,0,11.50,2.88,true,1,
7296073116820,false,"קמח תפו""א שופרסל 500 גרם",מיה,IL,"קמח תפו""א",גרמים,500.00,100 גרם,false,0,6.00,1.20,true,1,
7296073121176,false,תמר חלאוי 400ג שופרסל,הדיקלאים,IL,תמר חלאוי400גרם,גרמים,400.00,100 גרם,false,0,12.90,3.23,true,1,
7296073121190,false,תמר אמרי 400גרם שופרסל,הדיקלאים,IL,תמר אמרי 400 גרם,גרמים,400.00,100 גרם,false,0,12.90,3.23,true,1,
7296073122333,false,שקדי מרק בשקית שופר400.ג,שופרסל,IL,שקדי מרק בשקית,גרמים,400.00,100 גרם,false,0,6.90,1.73,true,1,
7296073124382,false,ספגטיני מספר 3 שופרסל500,שופרסל,IT,ספגטיני מס' 3,גרמים,500.00,100 גרם,false,0,4.90,0.98,true,1,
7296073124399,false,ספגטי מספר 5 שופרסל 500ג,שופרסל,IT,ספגטי מס' 5,גרמים,500.00,100 גרם,false,0,4.90,0.98,true,1,
7296073125334,false,מלפפונים בחומץ13-17 540ג,שופרסל,IL,מלפפונים בחומץ,גרמים,540.00,100 גרם,false,0,9.50,1.76,true,1,
7296073125341,false,מלפפונים בחומץ18-25 540ג,שופרסל,IL,מלפפונים בחומץ,גרמים,540.00,100 גרם,false,0,10.90,2.02,true,1,
7296073125952,false,"אורז יסמין שופרסל 1 ק""ג",ltd co produce Uthai,TH,אורז יסמין,קילוגרמים,1.00,"ק""ג",false,0,9.80,9.80,true,1,
7296073129516,false,נר נשמה 24 שעות שופרסל,שופרסל,IL,נר נשמה,יחידה,1.00,יחידה,false,0,2.00,2.00,true,1,
7296073129547,false,קנולה כבישה קרה שופרסל1ל,NV AOR,BE,שמן קנולה,ליטרים,1.00,ליטר,false,0,10.00,10.00,true,1,
7296073130499,false,"מיץ לימון שופרסל 200 מ""ל",סי פרווידר,IT,מיץ לימון שופרסל,מיליליטרים,200.00,"100 מ""ל",false,0,5.90,2.95,true,1,
7296073132479,false,לבבות דקל שלמים שופר400ג,אינדוסטריה אגריקולה,EC,לבבות דקל שלמים,גרמים,400.00,100 גרם,false,0,8.50,2.13,true,1,
7296073132820,false,סלק בואקום 500 גרם,שופרסל,XX,סלק בואקום 500ג,גרמים,500.00,100 גרם,false,0,8.00,1.60,true,1,
7296073132936,false,עוגת מאפין שיש שופרסל400,גידרון,IL,עוגת מאפין,גרמים,400.00,100 גרם,false,0,9.90,2.48,true,1,
7296073140184,false,עוגת מאפין תפוז שופר400ג,גידרון,IL,עוגת מאפין תפוז,גרמים,400.00,100 גרם,false,0,9.90,2.48,true,1,
7296073140672,false,ממרח קרם קקאו שופרסל750ג,שופרסל,,ממרח קרם קקאו,גרמים,750.00,100 גרם,false,0,14.90,1.99,true,1,
7296073141143,false,שוקולד חלב שופרסל100 גרם,שופרסל,CH,שוקולד חלב,גרמים,100.00,100 גרם,false,0,5.00,5.00,true,1,
7296073141150,false,שוקולד מריר שוויצרי100ג,שופרסל,CH,שוקולד מריר,גרמים,100.00,100 גרם,false,0,5.00,5.00,true,1,
7296073143727,false,פתיתים קוסקוס 3 צבעים500,אסיף תעשיות מזון,IL,פתיתים קוסקוס,גרמים,500.00,100 גרם,false,0,5.90,1.18,true,1,
7296073146933,false,שוק.אוורירי מריר שופר100,שופרסל,CH,שוקולד אוורירי,גרמים,100.00,100 גרם,false,0,5.00,5.00,true,1,
7296073150442,false,תערובת לכדורי שוקולד500ג,שופרסל,IL,תערובת לכדורים,גרמים,500.00,100 גרם,false,0,14.00,2.80,true,1,
7296073150756,false,שוקולד אגוזים3יח,,CH,שוקולד אגוזים3יח,גרמים,300.00,100 גרם,false,0,14.50,4.83,true,1,
7296073151548,false,מלח בישול גס שופרסל 1 קג,מלח הארץ אילת,IL,מלח בישול גס,קילוגרמים,1.00,"ק""ג",false,0,1.80,1.80,true,1,
7296073153238,false,גזר ארוז שופרסל,,IL,גזר ארוז שופרסל,קילוגרמים,0.00,"ק""ג",true,0,3.90,3.90,true,1,
7296073153290,false,מזון לחתול מיקס שופרסל3ק,Tuffy's,IL,מזון לחתולים,קילוגרמים,3.00,"ק""ג",false,0,48.00,16.00,true,1,
7296073153894,false,ניילון נצמד שופרסל 30*2מ,שופרסל,IL,זוג ניילון נצמד,מטרים,60.00,מטר,false,0,8.90,0.15,true,1,
7296073160670,false,פסטה גנצ'טי 3 דקות 500 ג,שופרסל,,פסטה גנצ'ט'י,גרמים,500.00,100 גרם,false,0,6.30,1.26,true,1,
7296073161509,false,שוק.חלב אגוזי לוז100*3גר,שופרסל,CH,שוקולד אגוז 3 יח,גרמים,300.00,100 גרם,false,0,15.90,5.30,true,1,
7296073161721,false,נייר אפיה שופרסל 50 דפים,שופרסל,NO,נייר אפיה שופרסל,יחידה,1.00,יחידה,false,0,9.90,9.90,true,1,
7296073161783,false,קבוקים שומשום400ג שופרסל,שופרסל,CN,קבוקים עם שומשום,גרמים,400.00,100 גרם,false,0,14.90,3.73,true,1,
7296073162520,false,ברזלית בצלינדר שופרסל6יח,פלסטו פוליש,IL,ברזלית בצלינדר,יחידה,1.00,יחידה,false,0,13.80,13.80,true,1,
7296073163084,false,נקניקיות וינר שופרסל400ג,מעדני יחיעם,IL,נקניקיות וינר,גרמים,400.00,100 גרם,false,0,9.90,2.48,true,1,
7296073163107,false,נקניקיות וינר שופרסל1.5ק,שופרסל,IL,נקניקיות וינר,קילוגרמים,1.50,"ק""ג",false,0,28.90,19.27,true,1,
7296073163114,false,נקניקיות מיני שופרסל600ג,מעדני יחיעם,IL,נקניקיות מיני,גרמים,600.00,100 גרם,false,0,15.90,2.65,true,1,
7296073169550,false,3 מטליות מיקרופייבר שופר,שופרסל,,מטליות מיקרופיבר,יחידה,1.00,יחידה,false,0,12.80,12.80,true,1,
7296073170839,false,שוקולד לבן שוויצרי 100גר,שופרסל,,שוקולד לבן,גרמים,100.00,100 גרם,false,0,5.00,5.00,true,1,
7296073170860,false,צ'יפס קלאסי שופרסל 1.5קג,תפוגן,IL,צ'יפס קלאסי,קילוגרמים,1.50,"ק""ג",false,0,23.90,15.93,true,1,
7296073170877,false,צ'יפס אמריקאי שופרסל 1.5,תפוגן,IL,צ'יפס אמריקאי,קילוגרמים,1.50,"ק""ג",false,0,23.90,15.93,true,1,
7296073173045,false,דבש טבעי לחיץ שופרסל500ג,שופרסל,,דבש לחיץ שופרסל,גרמים,500.00,100 גרם,false,0,27.60,5.52,true,1,
7296073173205,false,שעועית ירוקה עדינה שופרס,ARDO,BE,שעועית ירוקה,גרמים,600.00,100 גרם,false,0,18.90,3.15,true,1,
7296073173335,false,קמח שיפון מלא שופרסל 1קג,שופרסל,,קמח שיפון מלא,קילוגרמים,1.00,"ק""ג",false,0,6.30,6.30,true,1,
7296073174219,false,תבניות קרטון,,,תבניות קרטון,יחידה,1.00,יחידה,false,0,5.00,5.00,true,1,
7296073179689,false,עינוגי פקאן שופרסל 400גר,שופרסל,DE,עינוגי פקאן,גרמים,400.00,100 גרם,false,0,17.90,4.48,true,1,
7296073180630,false,מטליות לחות לרצפה 10יח,טרופיקל דגיל,IL,מטליות לחות,יחידה,1.00,יחידה,false,0,9.80,9.80,true,1,
7296073180944,false,מטלית רצפה,,CN,מטלית רצפה,יחידה,1.00,יחידה,false,0,8.80,8.80,true,1,
7296073187363,false,פחם דרום אמריקאי,,PY,פחם דרום אמריקאי,קילוגרמים,2.00,"ק""ג",false,0,13.90,6.95,true,1,
7296073188681,false,חטיפי קרקר,,,חטיפי קרקר,גרמים,325.00,100 גרם,false,0,8.90,2.74,true,1,
7296073188711,false,חטיפי קרקר,,,חטיפי קרקר,גרמים,350.00,100 גרם,false,0,8.90,2.54,true,1,
7296073190783,false,מדליק פחמים,,DE,מדליק פחמים,יחידה,1.00,יחידה,false,0,6.80,6.80,true,1,
7296073195115,false,דייסת קורנפלור שופרסל200,שופרסל,IL,דייסת קורנפלור,גרמים,200.00,100 גרם,false,0,9.90,4.95,true,1,
7296073195122,false,דייסת אורז שופרסל200גרם,שופרסל,IL,דייסת אורז,גרמים,200.00,100 גרם,false,0,9.90,4.95,true,1,
7296073195191,false,טחינה שומשום מלא גרין500,"אחדות בע""מ א.ת. ברקן",IL,טחינה שומשום מלא,גרמים,500.00,100 גרם,false,0,16.50,3.30,true,1,
7296073195207,false,טחינה אורגנית גרין 500גר,"אחדות בע""מ א.ת. ברקן",IL,טחינה אורגנית,גרמים,500.00,100 גרם,false,0,16.50,3.30,true,1,
7296073195894,false,אטריות דקיקות שופרסל400ג,שיבולים בני דרום,IL,אטריות דקיקות,גרמים,400.00,100 גרם,false,0,4.90,1.23,true,1,
7296073197461,false,שוקולד חלב 3 יח,,CH,שוקולד חלב 3 יח,גרמים,300.00,100 גרם,false,0,10.00,3.33,true,1,
7296073199380,false,רוטב צ'ילי מתוק שופר810ג,תאי פרידה אינדסטרי,TH,רוטב צ'ילי מתוק,גרמים,810.00,100 גרם,false,0,9.90,1.22,true,1,
7296073201427,false,סילאן 350 גרם,,IL,סילאן 350 גרם,גרמים,350.00,100 גרם,false,0,8.80,2.51,true,1,
7296073201434,false,סילאן שופרסל,,IL,סילאן שופרסל,גרמים,900.00,100 גרם,false,0,13.80,1.53,true,1,
7296073202493,false,שוקולד חלב 6 יח,,CH,שוקולד חלב 6 יח,גרמים,600.00,100 גרם,false,0,22.90,3.82,true,1,
7296073204879,false,שניצל תירס שופרסל 750גרם,תפוגן,IL,שניצל תירס,גרמים,750.00,100 גרם,false,0,19.90,2.65,true,1,
7296073205081,false,מיונז,,IL,מיונז,גרמים,500.00,100 גרם,false,0,7.90,1.58,true,1,
7296073205111,false,"ניוקי תפו""א",,IT,"ניוקי תפו""א",גרמים,500.00,100 גרם,false,0,12.90,2.58,true,1,
7296073205708,false,רוט.פסט.בזיליקום אורג350,אלת'אה אס.פי.איי,IT,רוטב פסטה,גרמים,350.00,100 גרם,false,0,13.90,3.97,true,1,
7296073206095,false,סירופ אגבה,,MX,סירופ אגבה,גרמים,330.00,100 גרם,false,0,16.90,5.12,true,1,
7296073206101,false,סירופ אגבה,,MX,סירופ אגבה,גרמים,660.00,100 גרם,false,0,28.90,4.38,true,1,
7296073208624,false,סילאן לחיץ,,IL,סילאן לחיץ,גרמים,400.00,100 גרם,false,0,11.80,2.95,true,1,
7296073211624,false,פילה אמנון קפוא קג,שופרסל,CN,פילה אמנון קפוא,קילוגרמים,0.00,"ק""ג",true,0,32.90,32.90,true,1,
7296073212096,false,מרק עוף שופרסל 400 גרם,פרי גליל,IL,מרק עוף,גרמים,400.00,100 גרם,false,0,12.80,3.20,true,1,
7296073212126,false,מרק בצל שופרסל 400 גרם,פרי גליל,IL,מרק בצל,גרמים,400.00,100 גרם,false,0,15.80,3.95,true,1,
7296073213949,false,ג'ל כביסה מרוכז,,IL,ג'ל כביסה מרוכז,ליטרים,3.00,ליטר,false,0,21.70,7.23,true,1,
7296073214113,false,חצאי משמש בסירופ,,CN,חצאי משמש בסירופ,גרמים,820.00,100 גרם,false,0,8.80,1.07,true,1,
7296073215929,false,קנמון טחון,,IL,קנמון טחון,גרמים,40.00,100 גרם,false,0,5.90,14.75,true,1,
7296073216049,false,תערוב תיבול,,IL,תערוב תיבול,גרמים,100.00,100 גרם,false,0,6.30,6.30,true,1,
7296073216117,false,אבקת קרי,,IL,אבקת קרי,גרמים,100.00,100 גרם,false,0,5.60,5.60,true,1,
7296073218159,false,תיבול לקציצות,,IL,תיבול לקציצות,גרמים,100.00,100 גרם,false,0,5.60,5.60,true,1,
7296073218234,false,סוכר חום אורגני,,IL,סוכר חום אורגני,קילוגרמים,1.00,"ק""ג",false,0,11.80,11.80,true,1,
7296073218661,false,מטליות לרצפה 3יח,,CN,מטליות לרצפה 3יח,יחידה,1.00,יחידה,false,0,19.70,19.70,true,1,
7296073218722,false,"סט אוכל עגול ח""פ",,IL,"סט אוכל עגול ח""פ",יחידה,1.00,יחידה,false,0,20.00,20.00,true,1,
7296073218807,false,בישקוטים,,IT,בישקוטים,גרמים,200.00,100 גרם,false,0,7.20,3.60,true,1,
7296073218920,false,לחם אחיד פרוס שופרסל 750,מאפיית שלמה א. אנג'ל,IL,לחם אחיד פרוס,גרמים,750.00,100 גרם,false,0,5.90,0.79,true,1,
7296073219088,false,מיונז אמיתי 1 קג,,IL,מיונז אמיתי 1 קג,קילוגרמים,1.00,"ק""ג",false,0,14.50,14.50,true,1,
7296073219118,false,אבקת כביסה,,IL,אבקת כביסה,קילוגרמים,2.50,"ק""ג",false,0,17.90,7.16,true,1,
7296073219262,false,קפה טורקי עם הל,,IL,קפה טורקי עם הל,גרמים,100.00,100 גרם,false,0,6.30,6.30,true,1,
7296073219330,false,לחם אחיד פרוס,,IL,לחם אחיד פרוס,גרמים,750.00,100 גרם,false,0,5.90,0.79,true,1,
7296073219347,false,לחם אחיד פרוס750ג שופרסל,מאפית ברמן,IL,לחם אחיד פרוס,גרמים,750.00,100 גרם,false,0,5.90,0.79,true,1,
7296073219880,false,פודינג שוקולד,,IL,פודינג שוקולד,גרמים,95.00,100 גרם,false,0,4.50,4.74,true,1,
7296073219903,false,ג'לי פטל,,IL,ג'לי פטל,גרמים,85.00,100 גרם,false,0,5.00,5.88,true,1,
7296073219910,false,ג'לי משמש,,IL,ג'לי משמש,גרמים,85.00,100 גרם,false,0,5.00,5.88,true,1,
7296073219927,false,ג'לי תות,,IL,ג'לי תות,גרמים,85.00,100 גרם,false,0,5.00,5.88,true,1,
7296073219941,false,חטיף דגנים שוקו+שוק23*6ג,back and Snack,AT,חטיף דגנים,גרמים,138.00,100 גרם,false,0,9.90,7.17,true,1,
7296073219958,false,חט.דגנים שוקו+מריר23*6ג,back and Snack,AT,חטיף דגנים,גרמים,138.00,100 גרם,false,0,9.90,7.17,true,1,
7296073219965,false,חט.דגנים שוק.חלב+בוט23*6,back and Snack,AT,חטיף בוטנים,גרמים,138.00,100 גרם,false,0,9.90,7.17,true,1,
7296073220176,false,מרשמלו ורוד לבן,,IL,מרשמלו ורוד לבן,גרמים,180.00,100 גרם,false,0,6.30,3.50,true,1,
7296073220275,false,וופל ט.שוקולד שופרסל500ג,מנעמים,IL,וופל טעם שוקולד,גרמים,500.00,100 גרם,false,0,8.90,1.78,true,1,
7296073220398,false,חטיפי קרח,,IL,חטיפי קרח,מיליליטרים,800.00,"100 מ""ל",false,0,6.90,0.86,true,1,
7296073220435,false,מיקס פירות יער קפוא 300,d.o.o Lukowa,YU,מיקס פירות יער,גרמים,300.00,100 גרם,false,0,16.90,5.63,true,1,
7296073221791,false,וופל בטעם אגוזים 400 גרם,מנעמים,IL,וופל אגוזים,גרמים,400.00,100 גרם,false,0,8.90,2.23,true,1,
7296073222200,false,פסטרמה הודו על גחלים שופ,מעדני יחיעם,IL,פסטרמה הודו,גרמים,300.00,100 גרם,false,0,20.90,6.97,true,1,
7296073222217,false,צמד חמד שופרסל 600 גרם,מעדני יחיעם,IL,צמד חמד נקניק,גרמים,600.00,100 גרם,false,0,21.90,3.65,true,1,
7296073222255,false,סלמי מעושן שופרסל 400 גר,מעדני יחיעם,IL,סלמי מעושן,גרמים,400.00,100 גרם,false,0,19.90,4.98,true,1,
7296073222279,false,נקניקיות וינר שופרסל 1קג,מעדני יחיעם,IL,נקניקיות וינר,קילוגרמים,1.00,"ק""ג",false,0,23.90,23.90,true,1,
7296073223009,false,שמן זית,,IT,שמן זית,מיליליטרים,750.00,"100 מ""ל",false,0,29.90,3.99,true,1,
7296073223115,false,תה קלאסי,,LK,תה קלאסי,גרמים,150.00,100 גרם,false,0,9.80,6.53,true,1,
7296073224037,false,מזון כלבים,,FR,מזון כלבים,גרמים,400.00,100 גרם,false,0,6.80,1.70,true,1,
7296073224044,false,מזון לכלב,,FR,מזון לכלב,גרמים,400.00,100 גרם,false,0,6.80,1.70,true,1,
7296073224525,false,שיבולת שועל,,IL,שיבולת שועל,גרמים,500.00,100 גרם,false,0,10.80,2.16,true,1,
7296073224563,false,סלט טחינה שופרסל 400 גרם,סלטי שמיר,IL,סלט טחינה,גרמים,400.00,100 גרם,false,0,8.50,2.13,true,1,
7296073224570,false,חומוס אסלי שופרסל 400גרם,סלטי שמיר,IL,חומוס אסלי,גרמים,400.00,100 גרם,false,0,7.50,1.88,true,1,
7296073224587,false,כרוב אדום שופרסל 400 גרם,סלטי שמיר,IL,סלט כרוב אדום,גרמים,400.00,100 גרם,false,0,8.50,2.13,true,1,
7296073224594,false,סלט חציל במיונז שופר400ג,סלטי שמיר,IL,סלט חצילים מיונז,גרמים,400.00,100 גרם,false,0,8.50,2.13,true,1,
7296073224600,false,"חומוס שופרסל 1 ק""ג",סלטי שמיר,IL,סלט חומוס,קילוגרמים,1.00,"ק""ג",false,0,9.90,9.90,true,1,
7296073224709,false,ביציםL שופרסל 12,,IL,ביציםL שופרסל 12,יחידה,1.00,יחידה,false,0,11.45,11.45,true,1,
7296073224716,false,ביצים XL שופרסל 12 יח,.,IL,ביציםXL שופרסל12,יחידה,1.00,יחידה,false,0,12.50,12.50,true,1,
7296073224792,false,ג'ל כביסה קפס,,IL,ג'ל כביסה קפס,יחידה,1.00,יחידה,false,0,11.90,11.90,true,1,
7296073224815,false,מרכך מרוכז כחול,,IL,מרכך מרוכז כחול,ליטרים,1.00,ליטר,false,0,9.90,9.90,true,1,
7296073224839,false,מרכך מרוכז לבן,,IL,מרכך מרוכז לבן,ליטרים,1.00,ליטר,false,0,9.90,9.90,true,1,
7296073224846,false,מרכך מרוכז סגול,,IL,מרכך מרוכז סגול,ליטרים,1.00,ליטר,false,0,9.90,9.90,true,1,
7296073224907,false,אפונה וגזר שופרסל 800גרם,ARDO,BE,אפונה וגזר,גרמים,800.00,100 גרם,false,0,13.80,1.73,true,1,
7296073224914,false,פלסטרים מבד,,IL,פלסטרים מבד,יחידה,1.00,יחידה,false,0,6.80,6.80,true,1,
7296073224921,false,פלסטרים שקופים,,IL,פלסטרים שקופים,יחידה,1.00,יחידה,false,0,6.80,6.80,true,1,
7296073225072,false,לחמניות שופרסל 75*6 גרם,מאפיית שלמה א. אנג'ל,IL,לחמניות 6 יחידות,גרמים,450.00,100 גרם,false,0,8.90,1.98,true,1,
7296073225195,false,שמ.זית אורג.כתית גרין750,OLIVENSA,ES,שמן זית אורגני,ליטרים,0.75,ליטר,false,1,44.90,59.87,true,1,
7296073225218,false,משמש מיובש 200ג שופרסל,SA AKCA OSMAN,IL,משמש מארז 200גרם,גרמים,200.00,100 גרם,false,0,12.90,6.45,true,1,
7296073225256,false,ג.חמניה ק.עפולה 200ג שופ,ששון,IL,גרעין חמנייה,גרמים,200.00,100 גרם,false,0,6.80,3.40,true,1,
7296073225492,false,רסק עגבני.מרוכז22% 260ג,פריניר,IL,רסק עגבניות,גרמים,260.00,100 גרם,false,0,3.10,1.19,true,1,
7296073225560,false,"וופל שוקולד ללת""ס200גרם",מנעמים,IL,וופל שוקולד ללתס,גרמים,200.00,100 גרם,false,0,6.90,3.45,true,1,
7296073225577,false,"וופל בלגי שוקו.ללת""ס200ג",גילרו,IL,וופל בלגי שוקולד,גרמים,200.00,100 גרם,false,0,7.80,3.90,true,1,
7296073225614,false,חטיפי קרקר,,IT,חטיפי קרקר,גרמים,150.00,100 גרם,false,0,7.80,5.20,true,1,
7296073225744,false,חצילים על האש שופרסל400ג,סלטי שמיר,IL,סלט חצילים,גרמים,400.00,100 גרם,false,0,8.50,2.13,true,1,
7296073225751,false,חציל בטחינה 400 גרם,סלטי שמיר,IL,סלט חציל בטחינה,גרמים,400.00,100 גרם,false,0,8.50,2.13,true,1,
7296073225768,false,סלט מטבוחה שופרסל 400גרם,סלטי שמיר,IL,סלט מטבוחה,גרמים,400.00,100 גרם,false,0,8.50,2.13,true,1,
7296073225775,false,רצועות סלק שופרסל 400גרם,סלטי שמיר,IL,סלט סלק שופרסל,גרמים,400.00,100 גרם,false,0,8.50,2.13,true,1,
7296073225782,false,פוקט טישיו 6 יח,,IT,פוקט טישיו 6 יח,יחידה,1.00,יחידה,false,0,9.80,9.80,true,1,
7296073226154,false,ביסקוויט שוקולד מריר125,.,DE,ביסקוויט מצופה,גרמים,125.00,100 גרם,false,0,7.80,6.24,true,1,
7296073226161,false,ביסקוויט שוקולד חלב125גר,.,DE,ביסקוויט מצופה,גרמים,125.00,100 גרם,false,0,7.80,6.24,true,1,
7296073226307,false,חיתולים שופרסל,,IL,חיתולים שופרסל,יחידה,1.00,יחידה,false,0,29.90,29.90,true,1,
7296073226529,false,וופל קוביות שוקולד 250גר,בלקוני,IT,וופל קוביות,גרמים,250.00,100 גרם,false,0,10.80,4.32,true,1,
7296073226536,false,וופל קוביות קרם אגוז250ג,בלקוני,IT,וופל קוביות,גרמים,250.00,100 גרם,false,0,10.80,4.32,true,1,
7296073226680,false,חט.דגנים שוק.חלב+ביסקויט,back and Snack,IL,חטיף דגנים,גרמים,138.00,100 גרם,false,0,9.90,7.17,true,1,
7296073226970,false,סלט חומוס+טחינה שופר400ג,סלטי שמיר,IL,חומוס עם טחינה,גרמים,400.00,100 גרם,false,0,8.50,2.13,true,1,
7296073226987,false,סלט חומוס+מסבחה שופר400ג,סלטי שמיר,IL,חומוס עם מסבחה,גרמים,400.00,100 גרם,false,0,8.50,2.13,true,1,
7296073229735,false,תחליב רח.קלאסי שופרסל750,"טרופיקל דגיל תעשיות קוסמטיקה בע""מ",IL,תחליב רחצה,מיליליטרים,750.00,"100 מ""ל",false,0,8.90,1.19,true,1,
7296073229872,false,קטשופ שופרסל 750 גרם,סוגל,PT,קטשופ,גרמים,750.00,100 גרם,false,0,8.90,1.19,true,1,
7296073230021,false,מנקה רצפות כחול 2 ליטר,קליר כימיקלים,IL,מנקה רצפות כחול,ליטרים,2.00,ליטר,false,0,13.90,6.95,true,1,
7296073230038,false,מנקה רצפות ורוד 2 ליטר,קליר כימיקלים,IL,מנקה רצפות,ליטרים,2.00,ליטר,false,0,13.90,6.95,true,1,
7296073230045,false,מנקה רצפות סגול 2 ליטר,קליר כימיקלים,IL,מנקה רצפות,ליטרים,2.00,ליטר,false,0,13.90,6.95,true,1,
7296073230090,false,חומוס 9% שומן שופרסל400ג,סלטי שמיר,IL,חומוס 9% שומן,גרמים,400.00,100 גרם,false,0,8.50,2.13,true,1,
7296073230106,false,"סלט תפו""א שופרסל 400 גרם",סלטי שמיר,IL,"סלט תפו""א",גרמים,400.00,100 גרם,false,0,8.50,2.13,true,1,
7296073230465,false,סכין שקוף עבה במיוחד 50י,.,IL,50סכין עבה,יחידה,1.00,יחידה,false,0,4.00,4.00,true,1,
7296073230519,false,ניילון נצמד 150 מטר,אופל אריזות,IL,ניילון נצמד,מטרים,150.00,מטר,false,0,23.90,0.16,true,1,
7296073230656,false,מגבות נייר שופרסל 6 גל.,שניב תעשיות נייר,IL,מגבות נייר,מטרים,63.00,מטר,false,0,8.90,0.14,true,1,
7296073230816,false,נוזל לכלים 24% לימון750מ,קליר כימיקלים,IL,נוזל לכלים לימון,מיליליטרים,750.00,"100 מ""ל",false,0,7.50,1.00,true,1,
7296073230823,false,"מסיר לק שופרסל 150 מ""ל",ש.שוורץ,IL,מסיר לק,מיליליטרים,150.00,"100 מ""ל",false,0,9.80,6.53,true,1,
7296073230885,false,גלילי וופל קרם אגוזים100,מנעמים,IL,גלילי וופל,גרמים,100.00,100 גרם,false,1,4.90,4.90,true,1,
7296073230953,false,וופל+קר.אגוז לוז גרין125,נובה אינדסטריה,IT,ופלים אגוזי לוז,גרמים,125.00,100 גרם,false,1,11.80,9.44,true,1,
7296073231240,false,חט.פריכיות שוקו חלב18*5ג,בנליין פודס,YU,חטיף פריכיות,גרמים,90.00,100 גרם,false,1,9.90,11.00,true,1,
7296073231271,false,מרכ.כביסה ורוד שופרסל 4ל,גליל כימיקלים,IL,מרכך כביסה,ליטרים,4.00,ליטר,false,1,15.50,3.88,true,1,
7296073231295,false,מרכ.כביסה כחול שופרסל 4ל,גליל כימיקלים,IL,מרכך כביסה,ליטרים,4.00,ליטר,false,1,15.50,3.88,true,1,
7296073231547,false,חלב 1% בקרטון שופרסל 1ל,מחלבות רמת הגולן,IL,חלב 1% קרטון 1ל',ליטרים,1.00,ליטר,false,1,5.10,5.10,true,1,
7296073231554,false,חלב 3% בקרטון שופרסל 1ל,מחלבות רמת הגולן,IL,חלב 3% קרטון 1ל',ליטרים,1.00,ליטר,false,1,5.30,5.30,true,1,
7296073231561,false,שמנת עמידה לקצפת38% 250ג,מחלבות רמת הגולן,IL,שמנת עמידה 38%,מיליליטרים,250.00,"100 מ""ל",false,1,5.60,2.24,true,1,
7296073231578,false,שוקו בקרטון שופרסל 1 ל',מחלבות רמת הגולן,IL,שוקו קרטון 1ליטר,ליטרים,1.00,ליטר,false,1,7.90,7.90,true,1,
7296073231691,false,חט.פריכיות שוקו תפוז18*5,בנליין פודס,YU,חטיף פריכיות,גרמים,90.00,100 גרם,false,1,9.90,11.00,true,1,
7296073232124,false,גב.פרמז'ן קשה27%שופר200ג,.,IT,משולש פרמז'ן,גרמים,200.00,100 גרם,false,1,21.90,10.95,true,1,
7296073232384,false,שוקו נטול לקטוז1%גרין1ל,מחלבת רמת-הגולן,IL,שוקו נטול לקטוז,ליטרים,1.00,ליטר,false,1,7.90,7.90,true,1,
7296073232445,false,משקה חלב מועשר 3% 1 ליטר,מחלבות רמת הגולן,IL,משקה חלב מועשר3%,ליטרים,1.00,ליטר,false,1,6.90,6.90,true,1,
7296073232629,false,מרגרינה ללא מלח 200 גרם,בסלר גידה וה קימייה סאן,TR,מרגרינה ללא מלח,גרמים,200.00,100 גרם,false,1,3.80,1.90,true,1,
7296073232636,false,מרגרינה בטעם חמאה 200 גר,בסלר גידה וה קימייה סאן,TR,מרגרינה ט.חמאה,גרמים,200.00,100 גרם,false,1,3.80,1.90,true,1,
7296073234104,false,עוגיות וניל שוקוצ'יפס600,גידרון,IL,עוגיות טעם וניל,גרמים,600.00,100 גרם,false,1,13.90,2.32,true,1,
7296073234111,false,עוגיות מרוקאיות מקלות600,גידרון,IL,עוגיות מרוקאיות,גרמים,600.00,100 גרם,false,1,13.90,2.32,true,1,
7296073235613,false,מלית תמרים 450 גרם,חצר כנרת מוצרי תמר,IL,מלית תמרים,גרמים,450.00,100 גרם,false,1,5.40,1.20,true,1,
7296073235750,false,נוזל לניקוי חלונות 750מל,קליר כימיקלים,IL,נוזל לחלונות,מיליליטרים,750.00,"100 מ""ל",false,1,5.00,0.67,true,1,
7296073235767,false,ג'ל ניקוי אסלות 750מל,קליר כימיקלים,IL,ג'ל לאסלות,מיליליטרים,750.00,"100 מ""ל",false,1,8.80,1.17,true,1,
7296073235774,false,נוזל לניקוי אסלות 1ליטר,קליר כימיקלים,IL,נוזל לאסלות,ליטרים,1.00,ליטר,false,1,5.80,5.80,true,1,
7296073236153,false,עגב.חתוכות אורגנ.גרין400,לה דוריה,IT,עגבניות חתוכות,גרמים,400.00,100 גרם,false,1,4.90,1.23,true,1,
7296073236238,false,"סכין שקוף עבה ח""פ 100 יח",.,TR,סכין שקוף עבה,יחידה,1.00,יחידה,false,1,2.00,2.00,true,1,
7296073236269,false,"כף שקוף עבה ח""פ 100 יח",.,TR,כף שקוף עבה,יחידה,1.00,יחידה,false,1,2.00,2.00,true,1,
7296073236306,false,אקונומיקה סופר מבושמת4ל,קליר כימיקלים,IL,אקונומיקה מבושמת,ליטרים,4.00,ליטר,false,1,12.50,3.13,true,1,
7296073236313,false,ג'ל אקונומיקה שופרסל 4ל,קליר כימיקלים,IL,ג'ל אקונומיקה,ליטרים,4.00,ליטר,false,1,12.50,3.13,true,1,
7296073236603,false,"שמנת לבישול 15% 250 מ""ל",מחלבת רמת-הגולן,IL,שמנת לבישול 15%,מיליליטרים,250.00,"100 מ""ל",false,1,6.50,2.60,true,1,
7296073236658,false,לקט לקוסקוס שופרסל 800גר,שופרסל,IL,לקט לקוסקוס,גרמים,800.00,100 גרם,false,12,17.90,2.24,true,1,
7296073236764,false,סירופ בטעם פטל 1 ליטר,"פרי נטו משקאות בע""מ",IL,סירופ פטל,ליטרים,1.00,ליטר,false,1,8.90,8.90,true,1,
7296073236788,false,סירופ בטעם ענבים 1 ליטר,"פרי נטו משקאות בע""מ",IL,סירופ ענבים,ליטרים,1.00,ליטר,false,1,8.90,8.90,true,1,
7296073236887,false,סלט גזר מרוקאי 400 גרם,סלטי שמיר,IL,סלט גזר מרוקאי,גרמים,400.00,100 גרם,false,1,8.50,2.13,true,1,
7296073237235,false,4 סכיני גילוח 3 להבים,אדג'וול,US,"סכין גילוח ח""פ",יחידה,1.00,יחידה,false,1,12.90,12.90,true,1,
7296073237631,false,שוק.מריר 81% 100 גרם,פריי )שוקולד(,CH,שוקולד מריר 81%,גרמים,100.00,100 גרם,false,1,9.90,9.90,true,1,
7296073237662,false,שוק72%. מריר תפוז 100גרם,פריי )שוקולד(,CH,שוקולד מריר תפוז,גרמים,100.00,100 גרם,false,1,9.90,9.90,true,1,
7296073237686,false,שוקולד חלב+אגוזי לוז100ג,פריי )שוקולד(,CH,שוקולד אגוזי לוז,גרמים,100.00,100 גרם,false,1,9.90,9.90,true,1,
7296073237747,false,חמאה הולנדית 200 גרם,SPRL MATHOT,BE,חמאה הולנדית,גרמים,200.00,100 גרם,false,1,6.80,3.40,true,1,
7296073237846,false,"אורז פרסי שופרסל 1 ק""ג",THEPTHUNGATIP,TH,אורז פרסי,קילוגרמים,1.00,"ק""ג",false,1,5.90,5.90,true,1,
7296073237877,false,קפסולות קפה שופרסל זהב,רוני רג'ואן ושות,IL,קפסולות קפה,גרמים,50.00,100 גרם,false,1,14.90,29.80,true,1,
7296073238102,false,עוג.מדליון שוק.מריר 100ג,מידור,CH,עוגיות מדליון,גרמים,100.00,100 גרם,false,1,12.50,12.50,true,1,
7296073238126,false,עוגיות קרם שקדים+שוקו100,מידור,CH,עוגיות קרם שקדים,גרמים,100.00,100 גרם,false,1,12.50,12.50,true,1,
7296073238478,false,רביעיית סוללות AAAשופרסל,פוג'יקום,CN,רביעיית סוללות,יחידה,1.00,יחידה,false,1,9.90,9.90,true,1,
7296073238508,false,שמיניית סוללות +AAרביעיה,פוג'יקום,CN,שמיניית סוללות,יחידה,1.00,יחידה,false,1,14.90,14.90,true,1,
7296073238522,false,מטען לבית לאייפון 5+6,פוג'יקום,CN,מטען לבית לאייפו,יחידה,1.00,יחידה,false,1,74.90,74.90,true,1,
7296073238560,false,מטען לרכב לאייפון 5+6,פוג'יקום,CN,מטען לרכב לאייפו,יחידה,1.00,יחידה,false,1,74.90,74.90,true,1,
7296073238836,false,כבל מוסיקה מקצועי,פוג'יקום,CN,כבל מוסיקה,יחידה,1.00,יחידה,false,1,19.90,19.90,true,1,
7296073241119,false,קרואסונים מילוי שוקולד6י,מידי,IT,קרואסונים 6 יח,גרמים,300.00,100 גרם,false,1,13.50,4.50,true,1,
7296073242277,false,תאנים יבשות 300ג שופרסל,SA AKCA OSMAN,TR,תאנים יבשות 300ג,גרמים,300.00,100 גרם,false,1,12.90,4.30,true,1,
7296073243328,false,"ניוקי תפו""א עגבנ.ל.ג500ג",צ'יימה,IT,"ניוקי תפו""א",גרמים,500.00,100 גרם,false,1,12.90,2.58,true,1,
7296073243915,false,פסטה לומקוני 800 גרם,מוטלו מקרנסיליק,TR,פסטה לומקוני,גרמים,800.00,100 גרם,false,1,4.90,0.61,true,1,
7296073243922,false,פסטה פרפלה 800 גרם,מוטלו מקרנסיליק,TR,פסטה פרפלה,גרמים,800.00,100 גרם,false,1,4.90,0.61,true,1,
7296073243939,false,פסטה ספגטי 800 גרם,מוטלו מקרנסיליק,TR,פסטה ספגטי,גרמים,800.00,100 גרם,false,1,4.90,0.61,true,1,
7296073243977,false,מסטיק תותי פרוטי 29 גרם,פריי )שוקולד(,CH,מסטיק תותי פרוטי,גרמים,29.00,100 גרם,false,1,3.90,13.45,true,1,
7296073243984,false,מסטיק פפרמינט 29 גרם,פריי )שוקולד(,CH,מסטיק פפרמינט,גרמים,29.00,100 גרם,false,1,3.90,13.45,true,1,
7296073243991,false,מסטיק ספירמינט 29 גרם,פריי )שוקולד(,CH,מסטיק ספירמינט,גרמים,29.00,100 גרם,false,1,3.90,13.45,true,1,
7296073244066,false,אבקת הבהרה לשיער 10גרם,שופרסל,IL,אבקת הבהרה לשיער,גרמים,10.00,100 גרם,false,1,4.90,49.00,true,1,
7296073244141,false,תירס מתוק אורגני גרין340,הורטיקולה אל אלבאסטה,ES,תירס מתוק אורגני,גרמים,340.00,100 גרם,false,1,7.90,2.32,true,1,
7296073244158,false,תירס אורגני ל.ס.גרין340ג,הורטיקולה אל אלבאסטה,ES,גרעיני תירס,גרמים,340.00,100 גרם,false,1,7.90,2.32,true,1,
7296073244844,false,"5 סכיני גילוח ח""פ לנשים",שופרסל,IL,סכיני גילוח נשים,יחידה,1.00,יחידה,false,1,9.90,9.90,true,1,
7296073244868,false,"5 סכיני גילוח ח""פ לגברים",שופרסל,IL,סכיני גילוח גבר,יחידה,1.00,יחידה,false,1,9.90,9.90,true,1,
7296073245421,false,שעועית אדומה בצנצנת570ג,לגומברס פנלאס,ES,שעועית אדומה,גרמים,570.00,100 גרם,false,1,6.90,1.21,true,1,
7296073245452,false,מסטיק פפרמינט 64 גרם,פריי )שוקולד(,CH,מסטיק פפרמינט,גרמים,64.00,100 גרם,false,1,8.90,13.91,true,1,
7296073245469,false,מסטיק ספירמינט 64 גרם,פריי )שוקולד(,CH,מסטיק ספירמינט,גרמים,64.00,100 גרם,false,1,8.90,13.91,true,1,
7296073246008,false,וופל בטעם אגוזים 200 גרם,מנעמים,IL,וופל אגוזים,גרמים,200.00,100 גרם,false,1,3.90,1.95,true,1,
7296073246916,false,שמן קוקוס אורגני גרין1ל,נמק אגרו אינדוסט,LK,שמן קוקוס,ליטרים,1.00,ליטר,false,1,67.90,67.90,true,1,
7296073247524,false,רביולי גבינה ופטריות300ג,פסטה נונה,IL,רביולי גבינה,גרמים,300.00,100 גרם,false,1,12.90,4.30,true,1,
7296073248255,false,בקבוק פיה רחבה קטן 180 מ,N.R.CO.LTD,CN,בקבוק פיה קטן,יחידה,1.00,יחידה,false,1,19.90,19.90,true,1,
7296073248286,false,בקבוק פיה רחבה גדול,N.R.CO.LTD,CN,בקבוק,יחידה,1.00,יחידה,false,1,24.90,24.90,true,1,
7296073248347,false,כוס אימון עם ידיות ופית,N.R.CO.LTD,CN,כוס אימון,יחידה,1.00,יחידה,false,1,19.90,19.90,true,1,
7296073248446,false,סט מברשות ומסרק לתינוק,N.R.CO.LTD,CN,סט מברשות,יחידה,1.00,יחידה,false,1,14.90,14.90,true,1,
7296073248514,false,זוג מוצצי סיליקון,GMBH NTX,DE,זוג מוצצי,יחידה,1.00,יחידה,false,1,21.90,21.90,true,1,
7296073248552,false,זוג מוצציסיליקון לילה+6,GMBH NTX,DE,זוג מוצצים,יחידה,1.00,יחידה,false,1,21.90,21.90,true,1,
7296073248583,false,זוג מוצצים סיליקון+6,GMBH NTX,DE,זוג מוצצים,יחידה,1.00,יחידה,false,1,21.90,21.90,true,1,
7296073248613,false,נשכן סיליקון פירות,N.R.CO.LTD,CN,נשכן,יחידה,1.00,יחידה,false,1,13.90,13.90,true,1,
7296073248637,false,מיכל חלוקה לאבקת חלב,N.R.CO.LTD,CN,מיכל חלוקה,יחידה,1.00,יחידה,false,1,9.90,9.90,true,1,
7296073249160,false,דאו.סטיק לגבר שופרסל 80,שופרסל,IL,דאודורנט סטיק,מיליליטרים,80.00,"100 מ""ל",false,1,14.90,18.63,true,1,
7296073249177,false,קרם לאחר גילוח שופרסל150,"א.מ.ש.י תעשיות בע""מ",IL,קרם לאר גילוח,מיליליטרים,150.00,"100 מ""ל",false,1,16.90,11.27,true,1,
7296073252252,false,עוג.דגנים צימוק.תפוז40*4,"קסטלין בע""מ",HR,עוגיות דגנים,גרמים,160.00,100 גרם,false,1,9.90,6.19,true,1,
7296073252894,false,"בקבוק גדול 250מ""ל שלב 2",D.R.PROD,IN,בקבוק גדול,יחידה,1.00,יחידה,false,1,8.90,8.90,true,1,
7296073254133,false,"שמן זית פרימיום 750 מ""ל",אליעד בית בד בגולן,IL,שמן זית פרימיום,מיליליטרים,750.00,"100 מ""ל",false,1,35.90,4.79,true,1,
7296073254522,false,אל סבון יסמין שופרסל 1 ל,אס קפקס קימיה,IL,אל סבון שופרסל,ליטרים,1.00,ליטר,false,1,7.90,7.90,true,1,
7296073255505,false,אל סבון ירוק שופרסל 2 ל,שופרסל,IL,אל סבון 2 ליטר,ליטרים,2.00,ליטר,false,1,11.90,5.95,true,1,
7296073260530,false,פטריות חתוכות קפואות 450,.,IL,פטריות חתוכות,גרמים,450.00,100 גרם,false,1,12.90,2.87,true,1,
7296073260547,false,פטריות שלמות קפוא 450 גר,.,IL,פטריות שלמות,גרמים,450.00,100 גרם,false,1,12.90,2.87,true,1,
7296073261551,false,קוקטייל פירות טרופי850ג,קיובורי,TH,קוקטייל פירות,גרמים,850.00,100 גרם,false,1,8.40,0.99,true,1,
7296073262008,false,עוגות אישיות קרם שוקו350,קסליני,IT,עוגות אישיות,גרמים,350.00,100 גרם,false,1,10.00,2.86,true,1,
7296073262152,false,גרעיני תירס מתוק 340גרם,סזאטמרי קונזרוגיאר,HU,גרעיני תירס מתוק,גרמים,340.00,100 גרם,false,1,5.00,1.47,true,1,
7296073262909,false,תרסיס שמן קנול.ללא גז150,S.L AEROLS FOOD,ES,תרסיס שמן קנולה,מיליליטרים,150.00,"100 מ""ל",false,1,11.90,7.93,true,1,
7296073262992,false,סירופ מייפל פרימיום250מל,.,CA,סירופ מייפל 100%,מיליליטרים,250.00,"100 מ""ל",false,1,24.90,9.96,true,1,
7296073263166,false,מרכך בייבי מרוכז 1ל,גליל כימיקלים,IL,מרכך בייבי מרוכז,ליטרים,1.00,ליטר,false,1,14.90,14.90,true,1,
7296073263517,false,שקיות אוכל שופרסל 150*2,WEIFANG,CN,שקיות אוכל זוג,יחידה,1.00,יחידה,false,1,7.90,7.90,true,1,
7296073263838,false,חטיף תירס ל.ג גרין 150גר,S.R.L PATA,IT,חטיף תירס לבן,גרמים,150.00,100 גרם,false,1,8.90,5.93,true,1,
7296073263845,false,קינואה שופרסל 500 גרם,הנמל,PE,קינואה שופרסל,גרמים,500.00,100 גרם,false,1,11.90,2.38,true,1,
7296073265184,false,שקיות אשפה ריחניות 40 יח,גליל כימיקלים,IL,שקיות אשפה,יחידה,1.00,יחידה,false,1,19.90,19.90,true,1,
7296073265337,false,דובדב.חמוצים מגולענים720,פנון קונסרוו,HU,דובדבנים חמוצים,גרמים,720.00,100 גרם,false,1,11.00,1.53,true,1,
7296073265344,false,חלב נטול לקטוז3%גרין 1ל,מחלבת רמת-הגולן,IL,חלב נטול לקטוז,ליטרים,1.00,ליטר,false,1,8.50,8.50,true,1,
7296073265504,false,חט.תירס צהוב ל.ג גרין120,S.R.L PATA,IT,חטיף תירס,גרמים,120.00,100 גרם,false,1,6.90,5.75,true,1,
7296073265634,false,סוכ.גומי קולה שופרסל100ג,טרולי,ES,סוכריות גומי,גרמים,100.00,100 גרם,false,1,4.90,4.90,true,1,
7296073266228,false,טחינה גולמית 500 גרם,אחדות,IL,טחינה גולמית,גרמים,500.00,100 גרם,false,1,10.00,2.00,true,1,
7296073266549,false,סוכריות גומי קולה 250גרם,טרולי,ES,סוכריות גומי,גרמים,250.00,100 גרם,false,1,8.90,3.56,true,1,
7296073266976,false,חטיף בוטנים ל.ג גרין80גר,סנקי,IL,חטיף בוטנים,גרמים,80.00,100 גרם,false,1,4.00,5.00,true,1,
7296073267171,false,100כדורי צמר גפן צבעוני,LTD CO S.T.O,CN,כדורי צמר גפן,יחידה,1.00,יחידה,false,1,9.90,9.90,true,1,
7296073268925,false,נייר טואלט 16 גליל כפול,שניב תעשיות נייר,IL,נייר טואלט,מטרים,573.00,100 מטר,false,1,28.90,5.04,true,1,
7296073270003,false,חומץ בלסמי6%אורג.גרין500,אקווניל,ES,חומץ בלסמי,מיליליטרים,500.00,"100 מ""ל",false,1,24.90,4.98,true,1,
7296073270454,false,"סכין לבן עבה ח""פ 100 יח",.,CN,סכין לבן עבה,יחידה,1.00,יחידה,false,1,2.00,2.00,true,1,
7296073271413,false,שוק.מריר שקדים ואוכמנ100,פריי )שוקולד(,CH,שוקולד מריר,גרמים,100.00,100 גרם,false,1,9.90,9.90,true,1,
7296073271420,false,שוק.מריר תאנים+אגוז מלך,פריי )שוקולד(,CH,שוקולד מריר,גרמים,100.00,100 גרם,false,1,9.90,9.90,true,1,
7296073271444,false,שוקולד מריר מנדרינה100ג,פריי )שוקולד(,CH,שוקולד מריר,גרמים,100.00,100 גרם,false,1,9.90,9.90,true,1,
7296073271499,false,סט 4 תבניות אפיה לב 2*23,.,IL,תבניות,יחידה,1.00,יחידה,false,1,5.00,5.00,true,1,
7296073271550,false,ממרח עגבניות מיובשות190ג,SPA POLLI F.LLI,IT,ממרח עגבניות,גרמים,190.00,100 גרם,false,1,10.00,5.26,true,1,
7296073271567,false,ממרח זיתים ירוקים 190 גר,SPA POLLI F.LLI,IT,ממרח זיתים ירוק,גרמים,190.00,100 גרם,false,1,10.00,5.26,true,1,
7296073271581,false,ממרח פסטו ירוק שופרסל190,SPA POLLI F.LLI,IT,ממרח פסטו,גרמים,190.00,100 גרם,false,1,10.00,5.26,true,1,
7296073271628,false,סב.נוזלי קוביה ירקרק500,שופרסל,IL,סבון נוזלי,מיליליטרים,500.00,"100 מ""ל",false,1,9.90,1.98,true,1,
7296073272410,false,קוסקוס בינוני שופרסל800ג,אסיף תעשיות מזון,IL,קוסקוס בינוני,גרמים,800.00,100 גרם,false,1,6.90,0.86,true,1,
7296073272878,false,כוסות שתיה קרה צבעוני 25,.,CN,כוסות שתיה,יחידה,1.00,יחידה,false,1,6.00,6.00,true,1,
7296073273462,false,מארז ידית + 12 סכינים,פוג'יקום,CN,מארז ידית+סכינים,יחידה,1.00,יחידה,false,1,92.00,92.00,true,1,
7296073273615,false,נוזל קוקוס אורג.גרין400מ,קונסולידת ביזניס סיסטם,LK,נוזל קוקוס,מיליליטרים,400.00,"100 מ""ל",false,1,5.90,1.48,true,1,
7296073273622,false,קרם קוקוס אורגני גרין400,קונסולידת ביזניס סיסטם,LK,קרם קוקוס אורגני,מיליליטרים,400.00,"100 מ""ל",false,1,8.90,2.23,true,1,
7296073273714,false,סילאן אורג.לחיץ גרין500ג,פוליבה,IL,סילאן אורגני,גרמים,500.00,100 גרם,false,1,18.90,3.78,true,1,
7296073273875,false,מארז שוקולד חלב10יח100*ג,שופרסל,CH,מארז שוקולד חלב,קילוגרמים,1.00,"ק""ג",false,1,29.90,29.90,true,1,
7296073273882,false,שוקולד מריר 100*10 גרם,שופרסל,CH,שוקולד מריר 10יח,קילוגרמים,1.00,"ק""ג",false,1,29.90,29.90,true,1,
7296073274421,false,קולה דיאט שופרסל 1.5ליטר,אולקר,TR,קולה דיאט שופרסל,ליטרים,1.50,ליטר,false,1,4.30,2.87,true,1,
7296073274445,false,קולה דיאט שופרסל 1.5*4 ל,אולקר,TR,קולה דיאט שופרסל,ליטרים,6.00,ליטר,false,1,14.90,2.48,true,1,
7296073274506,false,מלווח קפוא שופרסל 1קג,.,IL,מלווח 1קג,גרמים,1000.00,100 גרם,false,1,17.90,1.79,true,1,
7296073275053,false,משקפיים דגם צר ידית צבעו,שופרסל,IL,משקפיים דגם צר,יחידה,1.00,יחידה,false,1,19.90,19.90,true,1,
7296073275091,false,משקפיים ידית ומסגרת צבעו,שופרסל,IL,משקפי קריאה,יחידה,1.00,יחידה,false,1,19.90,19.90,true,1,
7296073275107,false,משקפיים דגם אף נמוך,שופרסל,IL,משקפי קריאה,יחידה,1.00,יחידה,false,1,19.90,19.90,true,1,
7296073275114,false,גבינה גאודה פרוס שופר150,ROUVEEN,NL,גבינה גאודה,גרמים,150.00,100 גרם,false,1,14.90,9.93,true,1,
7296073275121,false,גבינת פסטו אדום פרוס150ג,ROUVEEN,NL,גבינת פסטו אדום,גרמים,150.00,100 גרם,false,1,15.90,10.60,true,1,
7296073275152,false,שלישיית רדידי אלומיניום,.,CN,רדיד אלומיניום,מטרים,22.00,מטר,false,1,13.90,0.63,true,1,
7296073276906,false,ספוג לניקיון מופלא יחידה,הנמל,IL,ספוגית הפלא שופר,יחידה,1.00,יחידה,false,1,6.90,6.90,true,1,
7296073277248,false,מגבונים ללא בישום 64*5יח,דינמיק,IL,מגבונים לחים 5יח,יחידה,1.00,יחידה,false,1,19.90,19.90,true,1,
7296073277781,false,פוקאצ'ה ירקות קלוים 250,SOCICO CON S.R.L AR,IT,פוקאצ'ה ירקות קל,גרמים,250.00,100 גרם,false,1,12.90,5.16,true,1,
7296073277798,false,פוקאצ'ה עם עגבניות שרי,SOCICO CON S.R.L AR,IT,פוקאצ'ה עגבניות,גרמים,240.00,100 גרם,false,1,12.90,5.38,true,1,
7296073277804,false,פוקאצ'ה עם פטריות 240 גר,SOCICO CON S.R.L AR,IT,פוקאצ'ה פטריות,גרמים,240.00,100 גרם,false,1,12.90,5.38,true,1,
7296073280255,false,פחית קולה דיאט שופרסל250,אולקר,TR,פחית קולה שופרסל,מיליליטרים,250.00,"100 מ""ל",false,1,2.40,0.96,true,1,
7296073281672,false,"סבון קצף כחול 400 מ""ל",שופרסל,IL,סבון קצף,מיליליטרים,400.00,"100 מ""ל",false,1,7.90,1.98,true,1,
7296073281696,false,מגבוני נ.טואלט לילד,שופרסל,IL,"מגבוני נ""ט לילד",יחידה,1.00,יחידה,false,1,9.80,9.80,true,1,
7296073281702,false,מגבוני נ.טואלט למבוגרים,דינמיק תעשיות מגבונים,IL,מגבונ.נייר טואלט,יחידה,1.00,יחידה,false,1,9.90,9.90,true,1,
7296073281894,false,מרכך לשיער מוחלק 750מל,"א.מ.ש.י תעשיות בע""מ",IL,מרכך שופרסל,מיליליטרים,750.00,"100 מ""ל",false,1,19.90,2.65,true,1,
7296073281900,false,קרם לחות לשיער יבש400מל,"א.מ.ש.י תעשיות בע""מ",IL,קרם לחות לשיער,מיליליטרים,400.00,"100 מ""ל",false,1,29.90,7.48,true,1,
7296073284970,false,"משק""ל בטעם אשכוליות1.5ל",גניר,IL,"משק""ל בטעם אשכול",ליטרים,1.50,ליטר,false,1,5.50,3.67,true,1,
7296073284994,false,"משק""ל בטעם תפוח 1.5 ליטר",גניר,IL,"משק""ל בטעם תפוח",ליטרים,1.50,ליטר,false,1,5.50,3.67,true,1,
7296073285007,false,"משק""ל בטעם ענבים 1.5ליטר",גניר,IL,"משק""ל בטעם ענבים",ליטרים,1.50,ליטר,false,1,5.50,3.67,true,1,
7296073285663,false,ממרח אגוז ללא שמן דקל350,SRL NUTKAO,IT,ממרח אגוזים,גרמים,350.00,100 גרם,false,1,8.90,2.54,true,1,
7296073285670,false,ממרח אגוז ללא שמן דקל750,SRL NUTKAO,IT,ממרח אגוזים,גרמים,750.00,100 גרם,false,1,14.90,1.99,true,1,
7296073286172,false,וופלים בפח שופרסל 250גרם,FRITAG HANS,DE,וופלים בפח,גרמים,250.00,100 גרם,false,1,11.90,4.76,true,1,
7296073286455,false,מכונת תספורת עם קוצץ וטר,פוג'יקום,CN,מכונת תספורת,יחידה,1.00,יחידה,false,1,129.00,129.00,true,1,
7296073286493,false,פטריות מארז משפחתי יח,קטיף,IL,פטריות משפחתי,יחידה,1.00,יחידה,false,1,15.90,15.90,true,1,
7296073288756,false,תירס ארוז,קטיף,IL,תירס ארוז,קילוגרמים,0.00,"ק""ג",true,1,8.90,8.90,true,1,
7296073289180,false,שוקולד 2יח חלב+ 1יח אגוז,פריי )שוקולד(,CH,שוקולד 3 יחידות,גרמים,300.00,100 גרם,false,1,10.00,3.33,true,1,
7296073290728,false,מברשת לאבק יחידה,המברשת רוחמה,IL,מברשת לאבק,יחידה,1.00,יחידה,false,1,14.90,14.90,true,1,
7296073290735,false,מברשת לשטיחים יחידה,המברשת רוחמה,IL,מברשת לשטיחים,יחידה,1.00,יחידה,false,1,14.90,14.90,true,1,
7296073294238,false,שמיר יחידה,קטיף,IL,שמיר,יחידה,1.00,יחידה,false,1,4.90,4.90,true,1,
7296107000002,false,מלפפונים במלח 7-9 540גרם,פרי חן,IL,מלפפונים במלח,גרמים,540.00,100 גרם,false,0,5.50,1.02,true,1,
7501013100037,false,"נקטר ג'ומקס מנגו 500 מ""ל",.,MX,ג'ומקס נקטר מנגו,מיליליטרים,500.00,"100 מ""ל",false,1,7.90,1.58,true,1,
7501013100198,false,נקטר תפוחי עץ,,MX,נקטר תפוחי עץ,מיליליטרים,500.00,"100 מ""ל",false,0,7.90,1.58,true,1,
7501013100990,false,נקטר קוקוס אננס,,MX,נקטר קוקוס אננס,מיליליטרים,500.00,"100 מ""ל",false,0,7.90,1.58,true,1,
7501013132052,false,נקטר אפרסק,,MX,נקטר אפרסק,ליטרים,1.00,ליטר,false,0,11.90,11.90,true,1,
7501064191466,false,בירה קורונה 6 יח,,,בירה קורונה 6 יח,ליטרים,2.13,ליטר,false,0,34.90,16.38,true,1,
7610100034084,false,מיונז טומי 265 גרם,טומי,CH,מיונז טומי,גרמים,265.00,100 גרם,false,1,14.90,5.62,true,1,
7610400013840,false,שוק.לינדט גולד דארק 300ג,לינדט ושפרונגלי קילשברג,CH,שוקולד לינדט,גרמים,300.00,100 גרם,false,1,29.90,9.97,true,1,
7610400013857,false,שוק.לינדט גולד מילק300ג,לינדט ושפרונגלי קילשברג,CH,שוקולד לינדט,גרמים,300.00,100 גרם,false,1,29.90,9.97,true,1,
7610400068505,false,בונבונ.לינדור מילק 200גר,לינדט ושפרונגלי קילשברג,CH,בונבונירה לינדור,גרמים,200.00,100 גרם,false,0,22.90,11.45,true,1,
7610400068529,false,בונ.לינדור קורנה מעור200,לינדט ושפרונגלי קילשברג,CH,בונבונ.לינדור,גרמים,200.00,100 גרם,false,0,22.90,11.45,true,1,
7613031608850,false,דגני בוקר פיטנס 625 גרם,נסטלה,FR,פיטנס דגני בוקר,גרמים,625.00,100 גרם,false,0,24.90,3.98,true,1,
7613032045753,false,דגנ.בוקר פיטנס שוקולד375,נסטלה,FR,פיטנס שוקולד,גרמים,375.00,100 גרם,false,0,21.90,5.84,true,1,
7613033539121,false,מחית סלט פירות שלב2 130ג,נסטלה,PL,מחית שלב 2 מטרנה,גרמים,130.00,100 גרם,false,0,5.20,4.00,true,1,
7613033692383,false,"מחית תפו""ע+דגנ.שלב2 130ג",נסטלה,PL,מחית שלב 2 מטרנה,גרמים,130.00,100 גרם,false,0,5.20,4.00,true,1,
7613034792785,false,מולטי צ'יריוס 565 גרם,סי.פי אנגליה,GB,מולטי צ'יריוס,גרמים,565.00,100 גרם,false,0,18.90,3.35,true,1,
7613035241534,false,מולטי צ'יריוס 375 גרם,סי.פי אנגליה,GB,מולטי צ'יריוס,גרמים,375.00,100 גרם,false,1,13.90,3.71,true,1,
7613035622623,false,גרנולה שקד+דבש פיטנס300ג,נסטלה,FR,גרנולה פיטנס,גרמים,300.00,100 גרם,false,1,15.00,5.00,true,1,
7613035656932,false,מאגדת קקטוס יח',נסטלה,IL,מאגדת קקטוס,יחידה,1.00,יחידה,false,1,19.90,19.90,true,1,
7613500107105,false,50 רפידות הנקה ג'וסונס,ג'ונסון,FR,רפידות הנקה,יחידה,1.00,יחידה,false,0,29.00,29.00,true,1,
7613600003796,false,פאל מאל סופר סלים בלו10י,bat,CH,פאל מאל חבילה,יחידה,1.00,יחידה,false,0,259.90,259.90,false,1,
7613600003819,false,פאל מאל סופר סלים אורנ10,bat,CH,פאל מאל סופ10י,יחידה,1.00,יחידה,false,0,259.90,259.90,false,1,
7616500642560,false,שוקולד חלב 300 ג,,IL,שוקולד חלב 300 ג,גרמים,300.00,100 גרם,false,0,12.90,4.30,true,1,
7622210117762,false,בונ.בושה שמינייה 200 גרם,מונדלייז,BE,בונבוניירת בושה,גרמים,200.00,100 גרם,false,0,17.90,8.95,true,1,
7622210137234,false,עוג.אוראו דאבל ק.וניל170,מונדלייז,ES,עוגיות אוראו,גרמים,170.00,100 גרם,false,1,9.90,5.82,true,1,
7622300495046,false,מילקה אקסטרה קקאו 100גר,מונדלייז,DE,שוקולד מילקה,גרמים,100.00,100 גרם,false,0,7.40,7.40,true,1,
7622300617820,false,שוקולד מילקה אוראו 100 ג,מונדלייז,DE,שוקולד מילקה,גרמים,100.00,100 גרם,false,0,7.40,7.40,true,1,
7792860006218,false,בייבי דול לקקן 24 גרם,לרטייר,AR,בייבי דול לקקן,גרמים,24.00,100 גרם,false,0,2.20,9.17,true,1,
7804414000860,false,"דון חוליו קברנה 750 מ""ל",צ'ילה לואיס פיליפה אדוארדס,CL,דון חוליו קברנה,מיליליטרים,750.00,"100 מ""ל",false,0,24.90,3.32,true,1,
7804414000877,false,"דון חוליו מרלו 750 מ""ל",צ'ילה לואיס פיליפה אדוארדס,CL,דון חוליו מרלו,מיליליטרים,750.00,"100 מ""ל",false,0,24.90,3.32,true,1,
7804414000884,false,"דון חוליו שרדונה 750 מ""ל",צ'ילה לואיס פיליפה אדוארדס,CL,דון חוליו שרדו,מיליליטרים,750.00,"100 מ""ל",false,0,24.90,3.32,true,1,
8000040500012,false,וויסקי ווילד טרקי בורבון,DISTILLIN NICHOIS AUSTIN,US,וויסקי,מיליליטרים,700.00,"100 מ""ל",false,1,89.90,12.84,true,1,
8000070012783,false,קפה לוואצה אורו 250 גרם,לווצה,IT,קפה לוואצה,גרמים,250.00,100 גרם,false,0,42.30,16.92,true,1,
8000070038868,false,קפה לוואצה קרמה גוזסט250,לווצה,,קפה לוואצה,גרמים,250.00,100 גרם,false,0,30.20,12.08,true,1,
8000380003723,false,גראנד פטיסרי אגוז 100גרם,לואקר,IT,גראנד פטיסרי,גרמים,100.00,100 גרם,false,0,12.20,12.20,true,1,
8000380004669,false,וופל לואקר קקאו 200 גרם,לואקר,IT,וופל לואקר קקאו,גרמים,200.00,100 גרם,false,0,12.80,6.40,true,1,
8000380005925,false,וופל קואדרטיני קוקוס125ג,לואקר,IT,וופל קואדרטיני,גרמים,125.00,100 גרם,false,1,8.20,6.56,true,1,
8000380007219,false,ופלים לואקר ט.אגוזים175ג,לואקר,IT,ופלים לואקר,גרמים,175.00,100 גרם,false,0,11.80,6.74,true,1,
8000380007264,false,ופלים לואקר ט.קקאו 175גר,לואקר,IT,ופלים לואקר,גרמים,175.00,100 גרם,false,0,11.80,6.74,true,1,
8000380007271,false,ופלים לואקר בטעם חלב175ג,לואקר,IT,ופלים לואקר,גרמים,175.00,100 גרם,false,0,11.80,6.74,true,1,
8000380142484,false,וופל קואדרטיני מריר250גר,לואקר,IT,וופל קואדרטיני,גרמים,250.00,100 גרם,false,0,13.90,5.56,true,1,
8000380156573,false,בונ.ורד הדולמיטים 150גרם,לואקר,IT,ורד הדולומיטים,גרמים,150.00,100 גרם,false,0,13.90,9.27,true,1,
8000380180745,false,ופל קואדרטיני שוק/חלב250,לואקר,AT,וופל קואדרטיני,גרמים,250.00,100 גרם,false,1,13.90,5.56,true,1,
8000380180837,false,גרנד פטיסרי לבן קוקוס 10,לואקר,IT,גרנד פטיסרי,גרמים,100.00,100 גרם,false,1,12.20,12.20,true,1,
8000500009673,false,בונבוניירה רושה 300 גרם,פררו - אלבה,IT,בונבוניירת רושה,גרמים,300.00,100 גרם,false,0,42.90,14.30,true,1,
8000500037874,false,בונ.פררו רושה 200 גרם,פררו - אלבה,IT,בונבונירה רושר,גרמים,200.00,100 גרם,false,0,21.90,10.95,true,1,
8000500075708,false,ביצי קינדר ג'וי כחול20*3,פררו - אלבה,PL,קינדר ג'וי כחול,גרמים,60.00,100 גרם,false,0,12.90,21.50,true,1,
8000500126325,false,ביצי קינדר ג'וי ורוד20*3,פררו - אלבה,PL,קינדר ג'וי ורוד,גרמים,60.00,100 גרם,false,0,12.90,21.50,true,1,
8000500193389,false,"נוטלה ממרח שוקולד 1 ק""ג",פררו אס.פי.אי,IT,ממרח נוטלה,קילוגרמים,1.00,"ק""ג",false,1,29.90,29.90,true,1,
8000500244906,false,סוכ.טיק טק דובדבן-קולה29,פררו קנדה,CA,סוכריות טיק טק,גרמים,29.00,100 גרם,false,1,5.90,20.34,true,1,
8000500244920,false,סוכ.טיק טק אפרסק-לימונ29,פררו קנדה,CA,סוכריות טיק טק,גרמים,29.00,100 גרם,false,1,5.90,20.34,true,1,
8001090033512,false,אבקת טייד קולור 8קג,פרוקטר & גמבל,TR,אבקת כביסה טייד,קילוגרמים,8.00,"ק""ג",false,1,49.90,6.24,true,1,
8001090349019,false,אריאל ג'ל בייבי 2.27ליטר,פרוקטר & גמבל,FR,אריאל ג'ל בייבי,ליטרים,2.27,ליטר,false,1,33.90,14.93,true,1,
8001090458353,false,פיירי אנטי בקטריאלי 515,פרוקטר & גמבל,GB,פיירי א.בקטריאלי,מיליליטרים,515.00,"100 מ""ל",false,1,10.90,2.12,true,1,
8001129180507,false,פסטה פנה ריגטה 500 גרם,FERRARA GUIDO PASTIFICIO,IT,פסטה פנה ריגטה,גרמים,500.00,100 גרם,false,1,4.90,0.98,true,1,
8001160001786,false,גטורייד כחול,,IL,גטורייד כחול,מיליליטרים,500.00,"100 מ""ל",false,0,9.90,1.98,true,1,
8001359008558,false,"מרכך אובליפיחה 500 מ""ל",פאר פארם,US,מרכך לשיער,מיליליטרים,500.00,"100 מ""ל",false,0,29.90,5.98,true,1,
8001359008640,false,שמפו פרולטה לקשקשים 500מ,פאר פארם,IL,שמפו פרולטה,מיליליטרים,500.00,"100 מ""ל",false,0,29.90,5.98,true,1,
8001359008800,false,שמפו פרולטה לשיער יבש500,פאר פארם,IL,שמפו פרולטה,מיליליטרים,500.00,"100 מ""ל",false,0,29.90,5.98,true,1,
8001943543458,false,ביצי שוקולד צ'וקטה20*3 ג,ואל קור קורסניני,IT,ביצי שוקולד 3 יח,גרמים,60.00,100 גרם,false,1,7.90,13.17,true,1,
8002450206003,false,"ורדי רימונים 750 מ""ל",בוסקה,IT,ורדי רימונים,מיליליטרים,750.00,"100 מ""ל",false,0,21.90,2.92,true,1,
8002450208007,false,"ורדי גרין אפל 750 מ""ל",בוסקה,IT,ורדי גרין אפל,מיליליטרים,750.00,"100 מ""ל",false,0,21.90,2.92,true,1,
8005110060007,false,עגבניות מקולפות,,,עגבניות מקולפות,גרמים,400.00,100 גרם,false,0,6.70,1.68,true,1,
8005110170300,false,עגבניות חתוכות3*,,,עגבניות חתוכות3*,קילוגרמים,1.20,"ק""ג",false,0,16.90,14.08,true,1,
8005110171215,false,עגבניות חתוכות 690 גרם,מוטי,IT,עגבניות חתוכות,גרמים,690.00,100 גרם,false,0,14.90,2.16,true,1,
8005120203692,false,מנגו פרוס חצי מיובש 130ג,NOBERASCO,IT,מנגו פרוס מיובש,גרמים,130.00,100 גרם,false,1,18.90,14.54,true,1,
8008660210038,false,מעדן תות שדה 300 גרם,מנז אנד גאסר,IT,מעדן תות שדה,גרמים,300.00,100 גרם,false,1,12.90,4.30,true,1,
8008920990250,false,למברוסקו אדום,,IT,למברוסקו אדום,מיליליטרים,750.00,"100 מ""ל",false,0,27.70,3.69,true,1,
8015565030234,false,חטיף קרקר עם שום 175 גרם,לוריארי אס אל אר,IT,קרקר עם שום,גרמים,175.00,100 גרם,false,1,8.90,5.09,true,1,
8015565030241,false,חטיף קרקר עם מלח ים175ג,לוריארי אס אל אר,IT,קרקר עם מלח ים,גרמים,175.00,100 גרם,false,1,8.90,5.09,true,1,
8015565030258,false,חטיף קרקר טעם פיצה 175 ג,לוריארי אס אל אר,IT,קרקר טעם פיצה,גרמים,175.00,100 גרם,false,1,8.90,5.09,true,1,
8076800195019,false,ספגטי מס' 1 קפליני500גרם,ברילה,IT,ספגטי ברילה,גרמים,500.00,100 גרם,false,0,6.90,1.38,true,1,
8076800195057,false,ספגטיני מס' 5 ברילה500גר,ברילה,IT,ספגטי מס 5 ברילה,גרמים,500.00,100 גרם,false,0,6.90,1.38,true,1,
8076800315479,false,פסטה דיטלוני ריגוטוני500,ברילה,IL,פסטה מיסטה,גרמים,500.00,100 גרם,false,0,6.90,1.38,true,1,
8076808150072,false,ספגטי מס' 7 500 גרם,ברילה,IT,ספגטי ברילה,גרמים,500.00,100 גרם,false,0,6.90,1.38,true,1,
8076809513388,false,רוטב לפסטה ארביאטה400גרם,ברילה,IT,רוטב לפסטה,גרמים,400.00,100 גרם,false,0,10.00,2.50,true,1,
8076809523714,false,טליאטלה אטריות 500 גרם,ברילה,IT,טליאטלה אטריות,גרמים,500.00,100 גרם,false,0,22.90,4.58,true,1,
8076809523738,false,לזניה ברילה 500 גרם,ברילה,IT,לזניה ברילה,גרמים,500.00,100 גרם,false,0,21.70,4.34,true,1,
8410076610522,false,חט.פופקורן קרמל+ביגלה5יח,ג'נרל מילס,ES,חטיף נייטשר ואלי,גרמים,100.00,100 גרם,false,1,19.90,19.90,true,1,
8410179014814,false,שמן צמחיE+ויטמין 1ליטר,PONTU BORGES ACEITES,ES,שמן צמחי מועשר,ליטרים,1.00,ליטר,false,1,10.00,10.00,true,1,
8410179014821,false,שמן קנולה + E ויטמין 1ל,PONTU BORGES ACEITES,ES,שמן קנולה,ליטרים,1.00,ליטר,false,1,10.00,10.00,true,1,
8410644611203,false,קאווה אימבריקה,,ES,קאווה אימבריקה,מיליליטרים,750.00,"100 מ""ל",false,0,24.90,3.32,true,1,
8411277063049,false,קאווה ג'ום,,ES,קאווה ג'ום,מיליליטרים,750.00,"100 מ""ל",false,0,26.90,3.59,true,1,
8411277350118,false,קאווה ג'ום,,ES,קאווה ג'ום,מיליליטרים,750.00,"100 מ""ל",false,0,26.90,3.59,true,1,
8411640001098,false,"וודקה אננס ספיריט 275מ""ל",דסטילריאס מ.ג,ES,וודקה אננס,מיליליטרים,275.00,"100 מ""ל",false,0,9.90,3.60,true,1,
8411640001364,false,וודקה אשכוליות ספיריט275,דסטילריאס מ.ג,ES,וודקה אשכוליות,מיליליטרים,275.00,"100 מ""ל",false,0,9.90,3.60,true,1,
8423207206488,false,סלים דליס מצופה שוקולד6י,סלים דליס,ES,חטיפי דגנים מרבה,גרמים,120.00,100 גרם,false,0,10.00,8.33,true,1,
8423207206495,false,סלים דליס שוקולד מריר6י,סלים דליס,ES,חטיפי דגנים מרבה,גרמים,120.00,100 גרם,false,0,10.00,8.33,true,1,
8423207206501,false,סלים דליס רב דגנים חלב6י,סלים דליס,ES,חטיפי דגנים מרבה,גרמים,120.00,100 גרם,false,0,10.00,8.33,true,1,
8423207207362,false,סלים דליס שוקולד לבן20*6,סלים דליס,ES,סלים דליס,גרמים,120.00,100 גרם,false,0,10.00,8.33,true,1,
8423207208260,false,ס.דליס שוק.חלב ל.ג13*6גר,ביסצ'ורי,ES,חטיף דגנים,גרמים,78.00,100 גרם,false,1,14.90,19.10,true,1,
8423207208680,false,סלים דליס ילדים ש.חלב6יח,סלים דליס,ES,סלים דליס 6 יח,גרמים,120.00,100 גרם,false,1,10.00,8.33,true,1,
8423207208697,false,סלים דליס ילדים ש.לבן6יח,סלים דליס,ES,סלים דליס 6 יח,גרמים,120.00,100 גרם,false,1,10.00,8.33,true,1,
8423207208703,false,סלים דליס שוקו.מריר 6 יח,סלים דליס,ES,סלים דליס 6 יח,גרמים,120.00,100 גרם,false,1,10.00,8.33,true,1,
8690531402729,false,פלפל אדום קלוי פרוס690גר,,,פלפל אדום קלוי פרוס690גר,גרמים,690.00,100 גרם,false,0,11.00,1.59,true,1,
8690572778326,false,דאו.ספריי פה כותנה 200 מ,הנקל סוד,DE,דאודורנט פה,מיליליטרים,200.00,"100 מ""ל",false,1,9.90,4.95,true,1,
8690637622908,false,דאו.רקסונה סטיק אקסטרה50,יוניליוור,MX,דאודורנט רקסונה,גרמים,50.00,100 גרם,false,1,19.90,39.80,true,1,
8690637655968,false,סיף ג'ל אקונומיקה 750מל,יוניליוור,IL,סיף ג'ל רוח ים,מיליליטרים,750.00,"100 מ""ל",false,0,9.90,1.32,true,1,
8690637704390,false,"דאב מרכך יום יומי 600מ""ל",יוניליוור,TR,דאב מרכך שיער,מיליליטרים,600.00,"100 מ""ל",false,0,15.00,2.50,true,1,
8690637789472,false,"בדין ניחוח ורד 960 מ""ל",יוניליוור,TR,בדין אקסטרא ורד,מיליליטרים,960.00,"100 מ""ל",false,1,14.90,1.55,true,1,
8690770322598,false,שמרים יבשים 125 גרם,הנמל,,שמרים יבשים,גרמים,125.00,100 גרם,false,0,4.60,3.68,true,1,
8690777206051,false,חציל קלוי,,TR,חציל קלוי,גרמים,650.00,100 גרם,false,0,11.90,1.83,true,1,
8690777221405,false,פלפל אדום קלוי,,,פלפל אדום קלוי,גרמים,650.00,100 גרם,false,0,11.90,1.83,true,1,
8690784211505,false,גלייד אירוסול 300 מל,vaill aerosol coster,TR,גלייד מטהר אוויר,מיליליטרים,300.00,"100 מ""ל",false,0,7.90,2.63,true,1,
8690784211703,false,גליידארוסול חבצלות 300מל,vaill aerosol coster,TR,גלייד מטהר אוויר,מיליליטרים,300.00,"100 מ""ל",false,0,7.90,2.63,true,1,
8693323689018,false,סוכ.ג'לי בצורת בננה250גר,סאדאט,TR,סוכריות ג'לי,גרמים,250.00,100 גרם,false,1,7.90,3.16,true,1,
8693495037853,false,קולגייט 2מברשת סלים סופט,קולגייט-פלמוליב,CN,2 מברשות קולגייט,יחידה,1.00,יחידה,false,0,29.90,29.90,true,1,
8693495041249,false,סבון נוזלי ספורט לגבר500,קולגייט-פלמוליב,TR,סבון נוזלי,מיליליטרים,500.00,"100 מ""ל",false,1,13.90,2.78,true,1,
8693495041461,false,2מברשות סלים סופט פחם,קולגייט-פלמוליב,CN,זוג מברשות,יחידה,1.00,יחידה,false,0,29.90,29.90,true,1,
8697530910743,false,פאל מאל כחול חפיסה,bat,TR,פאל מאל חפ.,יחידה,1.00,יחידה,false,0,28.50,28.50,false,1,
8697530910750,false,פאל מאל כחול ארוך חפ.,bat,TR,פאל מאל חפ.,יחידה,1.00,יחידה,false,0,28.50,28.50,false,1,
8697530910781,false,פאל מאל אדום חפיסה,bat,TR,פאל מאל,יחידה,1.00,יחידה,false,0,28.50,28.50,false,1,
8697530910941,false,פאל מאל כחול 10 יח',bat,TR,פאל מאל,יחידה,1.00,יחידה,false,0,259.90,259.90,false,1,
8697530910958,false,פאל מאל כחול ארוך 10יח,bat,TR,פאל מאל,יחידה,1.00,יחידה,false,0,259.90,259.90,false,1,
8697530911313,false,קנט קצר 10 יח',bat,TR,קנט קצר חבילה,יחידה,1.00,יחידה,false,0,337.90,337.90,false,1,
8697826469092,false,טורטיות 8 יח',,,טורטיות 8 יח',גרמים,365.00,100 גרם,false,0,9.90,2.71,true,1,
8710466266224,false,תערוב.לפנקייק הולנדי400ר,"אמספורד ד""ר אוטקר קופמן",NL,תערובת לפנקייק,גרמים,400.00,100 גרם,false,1,10.80,2.70,true,1,
8710466266323,false,תערוב.לפנקייק6דגנים400גר,"אמספורד ד""ר אוטקר קופמן",NL,תערובת לפנקייק,גרמים,400.00,100 גרם,false,1,10.80,2.70,true,1,
8710496977527,false,פתיתי שוקולד חלב 400 גרם,דה רוטר,NL,פתיתי שוקולד,גרמים,400.00,100 גרם,false,1,19.90,4.98,true,1,
8710502064814,false,עוג.שוקוציפס מרקם רך175ג,מרבה,NL,עוגיות מרבה,גרמים,175.00,100 גרם,false,1,10.90,6.23,true,1,
8710502470028,false,עוג.שוקוצ'יפס נוגטלי160ג,מרבה,NL,עוגיות שוקוצ'יפס,גרמים,160.00,100 גרם,false,0,10.90,6.81,true,1,
8710625282164,false,"פינה קולדה 700 מ""ל",באוולנד,ES,פינה קולדה,מיליליטרים,700.00,"100 מ""ל",false,0,64.40,9.20,true,1,
8710800969460,false,סוכ.מנטוס פירותג'מבו 225,פרפטי ואן מלה,NL,מנטוס ג'מבו,גרמים,225.00,100 גרם,false,1,15.00,6.67,true,1,
8710908043338,false,שמפו ללא שטיפה טרזמה 250,יוניליוור,IL,שמפו טרזמה,מיליליטרים,250.00,"100 מ""ל",false,1,34.90,13.96,true,1,
8710908161278,false,שמפו טרזמה לאחר חפיפה500,יוניליוור,IL,שמפו טרזמה,מיליליטרים,500.00,"100 מ""ל",false,1,17.90,3.58,true,1,
8710908250996,false,רקסונה ספריי אקסטרה150,יוניליוור,AR,דאודורנט רקסונה,מיליליטרים,150.00,"100 מ""ל",false,1,14.90,9.93,true,1,
8711600765672,false,רקסונה ספריי לינן דר150,קוסטר,TR,דאו.רקסונה,מיליליטרים,150.00,"100 מ""ל",false,1,14.90,9.93,true,1,
8711842161829,false,לנדנה כמון 200 גרם,וונדרסטרר,NL,לנדנה כמון,גרמים,200.00,100 גרם,false,1,20.90,10.45,true,1,
8712000030575,false,"בירה הייניקן בקבוק330מ""ל",גרייטר אלטסטטן,NL,בירה הייניקן,מיליליטרים,330.00,"100 מ""ל",false,1,8.00,2.42,true,1,
8712400802499,false,נוטרילון שלב1- 800 גרם,נוטרישיה קאלק,NL,נוטרילון שלה1-,גרמים,800.00,100 גרם,false,0,64.90,8.11,true,1,
8712561461436,false,"אקס ג'ל רחצה גולד 400מ""ל",יוניליוור,IL,אקס ג'ל רחצה,מיליליטרים,400.00,"100 מ""ל",false,0,9.90,2.48,true,1,
8713276001177,false,פופקורן טבסקו 90 גרם,גימי פרודוכטס בי וי,NL,פופקורן טבסקו,גרמים,90.00,100 גרם,false,1,5.90,6.56,true,1,
8713276002068,false,פופקורן מלח בדלי 230 גרם,גימי פרודוכטס בי וי,NL,פופקורן מלח בדלי,גרמים,230.00,100 גרם,false,1,14.90,6.48,true,1,
8714789095653,false,"משחה קולגייט הרבל100 מ""ל",קולגייט-פלמוליב,IL,משחת שיניים,מיליליטרים,100.00,"100 מ""ל",false,0,13.10,13.10,true,1,
8714789132549,false,קולגייט הרבל להלבנה100מל,קולגייט-פלמוליב,BR,משחת שיניים,מיליליטרים,100.00,"100 מ""ל",false,0,13.10,13.10,true,1,
8714789190969,false,משחת קולגייט להלבנה 75מל,קולגייט-פלמוליב,IL,משחת שיניים,מיליליטרים,75.00,"100 מ""ל",false,0,16.90,22.53,true,1,
8714789292939,false,2 מברש.קולגייט מקס פרש S,קולגייט-פלמוליב,CN,2 מברשות שיניים,יחידה,1.00,יחידה,false,0,24.70,24.70,true,1,
8714789473970,false,קולגייט טוטל אדוונס 100מ,קולגייט-פלמוליב,PL,קולגייט טוטל אדוונס 100מ,מיליליטרים,100.00,"100 מ""ל",false,0,12.90,12.90,true,1,
8714789834467,false,פלמוליב נוזל לכלים 1.5ל',קולגייט-פלמוליב,GR,פלמוליב לכלים,ליטרים,1.50,ליטר,false,0,13.90,9.27,true,1,
8714800003384,false,משקה מאלט 0%אורגינל330מל,בוואריה,NL,משקה מאלט,מיליליטרים,330.00,"100 מ""ל",false,1,8.90,2.70,true,1,
8715700423777,false,מתבל עגב.מופחת סוכר ומלח,היינץ,NL,מתבל עגבניות,גרמים,555.00,100 גרם,false,1,11.50,2.07,true,1,
8717038900562,false,"וודקה פורטי 750 מ""ל",אוונדיס-טים פרודקטס,NL,וודקה פורטי,מיליליטרים,750.00,"100 מ""ל",false,1,99.90,13.32,true,1,
8717163456613,false,תחליב דאב שטיפה אינטימית,יוניליוור,PL,שטיפה אינטימית,מיליליטרים,250.00,"100 מ""ל",false,0,31.00,12.40,true,1,
8718158310712,false,קשים לשתייה 100 יחידות,.,CN,קשית לשתייה,יחידה,1.00,יחידה,false,1,4.00,4.00,true,1,
8718951044913,false,"משחת מרידול להלבנה 75מ""ל",גאבה,DE,משחת מרידול,מיליליטרים,75.00,"100 מ""ל",false,1,20.90,27.87,true,1,
8723400776901,false,סוכ.מנטוס פופינס פירות50,פרפטי ואן מלה,NL,סוכריות מנטוס,גרמים,50.00,100 גרם,false,1,4.90,9.80,true,1,
8727500033094,false,אבקת קקאו הולנדי 250 גרם,BV COCOA DUTCH,NL,אבקת קקאו הולנדי,גרמים,250.00,100 גרם,false,1,15.00,6.00,true,1,
8850206224135,false,"רוטב טריאקי 250 מ""ל",יאן ואל קורפוריישן גרופ,TH,רוטב טריאקי,מיליליטרים,250.00,"100 מ""ל",false,0,13.80,5.52,true,1,
8850389105825,false,סאפה אלוורה טעם ענבים 1ל,FOOD GENERAL SAPANAN,TH,סאפה ענבים,ליטרים,1.00,ליטר,false,0,11.90,11.90,true,1,
8850389105849,false,סאפה אלוורה טעם אפרסק 1ל,FOOD GENERAL SAPANAN,TH,סאפה אפרסק,ליטרים,1.00,ליטר,false,0,11.90,11.90,true,1,
8850389111666,false,משקה אלוורה בטעם אננס1ל,FOOD GENERAL SAPANAN,TH,משקה אלוורה,ליטרים,1.00,ליטר,false,1,11.90,11.90,true,1,
8850632604259,false,יוגטה חמוץ מקלות תות 50ג,סאאדת,TH,יוגטה ממתק חמוץ,גרמים,50.00,100 גרם,false,0,4.60,9.20,true,1,
8850632604266,false,יוגטה חמוץ מקלות קולה50ג,סאאדת,TH,יוגטה ממתק חמוץ,גרמים,50.00,100 גרם,false,0,4.60,9.20,true,1,
8850632604372,false,יוגטה חמוץ שטיח תות 50גר,סאאדת,TH,יוגטה ממתק חמוץ,גרמים,50.00,100 גרם,false,0,4.60,9.20,true,1,
8857101301008,false,רוטב צ'ילי,,TH,רוטב צ'ילי,מיליליטרים,700.00,"100 מ""ל",false,0,9.80,1.40,true,1,
8888021200720,false,שמינית סוללות AAA,אנרג'ייזר,US,8 סוללות AAA,יחידה,1.00,יחידה,false,0,24.90,24.90,true,1,
8888021300116,false,סוללות שלט ברכב בודד12V,אנרג'ייזר,IL,סוללות שלט לרכב,יחידה,1.00,יחידה,false,1,9.80,9.80,true,1,
8901483010505,false,קורנישון בחומץ,,,קורנישון בחומץ,גרמים,680.00,100 גרם,false,0,9.90,1.46,true,1,
9000101067309,false,סומט גולד למדיח 18טבליות,הנקל סוד,DE,סומט גולד למדיח,יחידה,1.00,יחידה,false,1,16.90,16.90,true,1,
9310072028750,false,טים טם דאבל 200 גרם,ספץ תעשיות,AU,טים טם דאבל,גרמים,200.00,100 גרם,false,1,15.90,7.95,true,1,
