code,internal_code,name,manufacturer_name,manufacture_country,manufacturer_item_description,unit_qty,quantity,unit_of_measure,weighted,qty_in_package,price,unit_of_measure_price,allow_discount,status,item_id
1,true,אבוקדו,ביכורי השדה הצפון בעמ` 1964,,,"ק""ג",1,,true,1,24.90,24.90,false,1,
2,true,לוף,ביכורי השדה הצפון בעמ` 1964,,,"ק""ג",1,,true,1,15.90,15.90,false,1,
3,true,קישוא זוקיני,ביכורי השדה הצפון בעמ` 1964,,,"ק""ג",1,,true,1,15.90,15.90,false,1,
5,true,אבטיח,ביכורי השדה הצפון בעמ` 1964,,,"ק""ג",0,"ל-100 מ""ל",true,1,9.90,9.90,false,1,
6,true,קישואים,ביכורי השדה הצפון בעמ` 1964,,,"ק""ג",1,,true,1,12.90,12.90,false,1,
7,true,תירס ארוז,ביכורי השדה הצפון בעמ` 1964,,,"ק""ג",3.50,ל-100 גרם,true,1,12.90,3.69,false,1,
10,true,אגס,ביכורי השדה הצפון בעמ` 1964,,,"ק""ג",7.50,ל-100 גרם,true,1,18.90,2.52,false,1,
11,true,מנגו,ביכורי השדה הצפון בעמ` 1964,,,"ק""ג",1,,true,1,14.90,14.90,false,1,
13,true,"קסביה\תפו""א ירושלמי",ביכורי השדה הצפון בעמ` 1964,,,'יח,1,,true,1,19.90,19.90,false,1,
14,true,אנונה,ביכורי השדה הצפון בעמ` 1964,,,"ק""ג",1,,true,1,39.90,39.90,false,1,
15,true,אבטיח אישי,ביכורי השדה הצפון בעמ` 1964,,,"ק""ג",1,,true,1,8.90,8.90,false,1,
17,true,תו זיכוי,,,,'יח,1,,false,1,4.90,4.90,false,1,
20,true,אננס,ביכורי השדה הצפון בעמ` 1964,,,'יח,1,,false,1,50,50,false,1,
22,true,גינגר,ביכורי השדה הצפון בעמ` 1964,,,'יח,1,,true,1,29.90,29.90,false,1,
30,true,אפרסמון,ביכורי השדה הצפון בעמ` 1964,,,"ק""ג",1,,true,1,24.90,24.90,false,1,
33,true,שקית,רזפול בע`מ,,,'יח,1,,false,1,0.10,0.10,false,1,
35,true,ארטישוק,ביכורי השדה הצפון בעמ` 1964,,,"ק""ג",1,,true,1,15.90,15.90,false,1,
55,true,בננה,ביכורי השדה הצפון בעמ` 1964,,,"ק""ג",1,,true,1,9.90,9.90,false,1,
58,true,לחמניה צמה/מתוקה,רוני ודני בתי מאפה בעמ`,,,'יח,1,,false,1,3,3,false,1,
60,true,בצל יבש,ביכורי השדה הצפון בעמ` 1964,,,"ק""ג",1,,true,1,6.90,6.90,false,1,
61,true,בצל יבש סגול,ביכורי השדה הצפון בעמ` 1964,,,"ק""ג",1,,true,1,9.90,9.90,false,1,
71,true,קוקוס,ביכורי השדה הצפון בעמ` 1964,,,'יח,1,,false,1,4.90,4.90,false,1,
75,true,בטטה,ביכורי השדה הצפון בעמ` 1964,,,"ק""ג",1,,true,1,12.90,12.90,false,1,
80,true,גואיבה,ביכורי השדה הצפון בעמ` 1964,,,"ק""ג",1,,true,1,19.90,19.90,false,1,
85,true,גזר ארוז,ביכורי השדה הצפון בעמ` 1964,,,"ק""ג",1,,true,1,8.90,8.90,false,1,
95,true,דלעת,ביכורי השדה הצפון בעמ` 1964,,,"ק""ג",1,,true,1,15.90,15.90,false,1,
99,true,סופגניה,אסול אוכל איכותי בעמ,,,'יח,1,,false,1,3.90,3.90,false,1,
100,true,דלורית,ביכורי השדה הצפון בעמ` 1964,,,"ק""ג",1,,true,1,7.90,7.90,false,1,
111,true,פקדון בקבוק חוזר,טמפו משקאות בע`מ,,,'יח,1,,false,1,1.20,1.20,false,1,
112,true,חצילים,ביכורי השדה הצפון בעמ` 1964,,,"ק""ג",1,,true,1,8.90,8.90,false,1,
115,true,חסה ערבית,ביכורי השדה הצפון בעמ` 1964,,,'יח,1,,false,1,6.90,6.90,false,1,
117,true,חסה עגולה,ביכורי השדה הצפון בעמ` 1964,,,'יח,1,,false,1,6.90,6.90,false,1,
118,true,פסיפלורה,ביכורי השדה הצפון בעמ` 1964,,,'יח,1,,false,1,40,40,false,1,
120,true,כרוב אדום,ביכורי השדה הצפון בעמ` 1964,,,"ק""ג",1,,true,1,9.90,9.90,false,1,
121,true,כרוב לבן,ביכורי השדה הצפון בעמ` 1964,,,"ק""ג",1,,true,1,7.90,7.90,false,1,
130,true,כרובית,ביכורי השדה הצפון בעמ` 1964,,,'יח,1,,false,1,12.90,12.90,false,1,
131,true,דלעת ערמונים,ביכורי השדה הצפון בעמ` 1964,,,"ק""ג",1,,true,1,18.90,18.90,false,1,
135,true,לימון,ביכורי השדה הצפון בעמ` 1964,,,"ק""ג",1,,true,1,12.90,12.90,false,1,
138,true,ברוקולי ארוז,ביכורי השדה הצפון בעמ` 1964,,,'יח,1,,false,1,12.90,12.90,false,1,
145,true,עגבניות מגי,ביכורי השדה הצפון בעמ` 1964,,,"ק""ג",1,,true,1,29.90,29.90,false,1,
150,true,מלון,ביכורי השדה הצפון בעמ` 1964,,,"ק""ג",1,,true,1,8.90,8.90,false,1,
155,true,מלפפון,ביכורי השדה הצפון בעמ` 1964,,,"ק""ג",1,,true,1,9.90,9.90,false,1,
205,true,סלק אדום,ביכורי השדה הצפון בעמ` 1964,,,"ק""ג",1,,true,1,7.90,7.90,false,1,
213,true,צנונית,ביכורי השדה הצפון בעמ` 1964,,,'יח,1,,false,1,9.90,9.90,false,1,
215,true,עגבניות,ביכורי השדה הצפון בעמ` 1964,,,"ק""ג",0,"ק""ג",true,1,12.90,12.90,false,1,
217,true,שום טרי ירוק,ביכורי השדה הצפון בעמ` 1964,,,"ק""ג",1,,true,1,34.90,34.90,false,1,
220,true,ענב לבן,ביכורי השדה הצפון בעמ` 1964,,,"ק""ג",1,,true,1,39.90,39.90,false,1,
222,true,פקדון בקבוק,החברה המרכזית להפצת משקאות בע`,,,'יח,1,,false,1,0.30,0.30,false,1,
224,true,פטאיה,ביכורי השדה הצפון בעמ` 1964,,,'יח,1,,false,1,20,20,false,1,
231,true,ענב שחור,ביכורי השדה הצפון בעמ` 1964,,,"ק""ג",10,ל-100 גרם,true,1,35.90,3.59,false,1,
234,true,סל רב פעמי סופר ברקת,סימה,,,'יח,10,ל-100 גרם,false,1,3.90,0.39,true,1,
245,true,פומלית,ביכורי השדה הצפון בעמ` 1964,,,"ק""ג",10,ל-100 גרם,true,1,9.90,0.99,false,1,
250,true,פומלה,ביכורי השדה הצפון בעמ` 1964,,,"ק""ג",1,,true,1,14.90,14.90,false,1,
285,true,פלפל אדום,ביכורי השדה הצפון בעמ` 1964,,,"ק""ג",1,,true,1,12.90,12.90,false,1,
290,true,פלפל ירוק כהה,ביכורי השדה הצפון בעמ` 1964,,,"ק""ג",1,,true,1,12.90,12.90,false,1,
295,true,פלפל צהוב,ביכורי השדה הצפון בעמ` 1964,,,"ק""ג",1,,true,1,12.90,12.90,false,1,
300,true,פלפל כתום,ביכורי השדה הצפון בעמ` 1964,,,"ק""ג",1,,true,1,14.90,14.90,false,1,
305,true,פלפל בהיר,ביכורי השדה הצפון בעמ` 1964,,,"ק""ג",1,,true,1,11.90,11.90,false,1,
310,true,פלפל חריף ירוק,ביכורי השדה הצפון בעמ` 1964,,,"ק""ג",1,,true,1,16.90,16.90,false,1,
333,true,פיקדון שישייה,יפאורה - שותפות מוגבלת לשיווק,,,'יח,0,'יח,false,1,1.80,1.80,false,1,
335,true,קולורבי,ביכורי השדה הצפון בעמ` 1964,,,"ק""ג",1,,true,1,12.90,12.90,false,1,
344,true,גזר בתפזורת,ביכורי השדה הצפון בעמ` 1964,,,"ק""ג",1,,true,1,8.90,8.90,false,1,
345,true,קיווי,ביכורי השדה הצפון בעמ` 1964,,,"ק""ג",1,,true,1,29.90,29.90,false,1,
360,true,קלמנטינה,ביכורי השדה הצפון בעמ` 1964,,,"ק""ג",1,,true,1,9.90,9.90,false,1,
365,true,רימון,ביכורי השדה הצפון בעמ` 1964,,,"ק""ג",1,,true,1,12.90,12.90,false,1,
374,true,פטריות שמפניון,ביכורי השדה הצפון בעמ` 1964,,,'יח,1,,false,1,8.90,8.90,false,1,
375,true,שום יבש,ביכורי השדה הצפון בעמ` 1964,,,'יח,1,,false,1,9.90,9.90,false,1,
380,true,שומר,ביכורי השדה הצפון בעמ` 1964,,,"ק""ג",1,,true,1,12.90,12.90,false,1,
396,true,אוכמניות,ביכורי השדה הצפון בעמ` 1964,,,"ק""ג",1,,false,1,18.90,18.90,false,1,
415,true,שזיף אדום,ביכורי השדה הצפון בעמ` 1964,,,"ק""ג",1,,true,1,24.90,24.90,false,1,
430,true,עגבניה שרי תפזורת מנומר,ביכורי השדה הצפון בעמ` 1964,,,"ק""ג",1,,true,1,29.90,29.90,false,1,
435,true,סלרי עלים,ביכורי השדה הצפון בעמ` 1964,,,'יח,1,,false,1,4.90,4.90,false,1,
450,true,תפוזים,ביכורי השדה הצפון בעמ` 1964,,,"ק""ג",1,,true,1,9.90,9.90,false,1,
451,true,ת. עץ פינק קריספי,ביכורי השדה הצפון בעמ` 1964,,,"ק""ג",1,,true,1,24.90,24.90,false,1,
454,true,תפוז ברשת,ביכורי השדה הצפון בעמ` 1964,,,"ק""ג",1,,true,1,7.90,7.90,false,1,
455,true,תות שדה,ביכורי השדה הצפון בעמ` 1964,,,'יח,1,,false,1,25,25,false,1,
466,true,בצל ירוק,ביכורי השדה הצפון בעמ` 1964,,,'יח,1,,false,1,4.90,4.90,false,1,
468,true,שורש פטרוזליה,ביכורי השדה הצפון בעמ` 1964,,,'יח,1,,false,1,4.90,4.90,false,1,
471,true,תפוח אדמה אדום ארוז,ביכורי השדה הצפון בעמ` 1964,,,"ק""ג",1,,true,1,7.90,7.90,false,1,
472,true,תפוח אדמה לבן,ביכורי השדה הצפון בעמ` 1964,,,"ק""ג",1,,true,1,7.90,7.90,false,1,
480,true,דוח מכר,ידיד השקעות שלמה המלך בעמ`,,,'יח,1,,false,1,3.90,3.90,false,1,
490,true,ת.עץ סמיט,ביכורי השדה הצפון בעמ` 1964,,,"ק""ג",1,,true,1,14.90,14.90,false,1,
491,true,ת.עץ זהוב,ביכורי השדה הצפון בעמ` 1964,,,"ק""ג",1,,true,1,14.90,14.90,false,1,
492,true,ת.עץ חרמון,ביכורי השדה הצפון בעמ` 1964,,,"ק""ג",1,,true,1,12.90,12.90,false,1,
555,true,פיקדון רביעייה,ברקת,,,'יח,1,,false,1,1.20,1.20,false,1,
580,true,חלה רגילה,מאפיית י.את א. ברמן בעמ,,,'יח,5,ל-100 גרם,false,1,4.90,0.98,false,1,
588,true,חלה מתוקה,אסול אוכל איכותי בעמ,,,'יח,5,ל-100 גרם,false,1,14.40,2.88,false,1,
695,true,אספרגוס,ביכורי השדה הצפון בעמ` 1964,,,'יח,1,,false,1,24.90,24.90,false,1,
777,true,זיכוי אריזה,ברקת,,,'יח,1,,true,1,0.01,0.01,false,1,
817,true,"שתיה קרה 500 מ""ל",סימה,,,'יח,5,"ל-100 מ""ל",false,1,7,1.34,false,1,
965,true,פטריות שמפניון תפ`,ביכורי השדה הצפון בעמ` 1964,,,"ק""ג",1,,true,1,39.90,39.90,false,1,
985,true,פטרוזיליה גוש קטיף,ביכורי השדה הצפון בעמ` 1964,,,'יח,1,,false,1,5.90,5.90,false,1,
1029,true,צילי חריף,ביכורי השדה הצפון בעמ` 1964,,,'יח,1,,false,1,9.90,9.90,false,1,
3343,true,משלוח,ברקת,,,'יח,1,,false,1,30,30,false,1,
6767,true,חלות מאפית ברקת,אסול אוכל איכותי בעמ,,,'יח,1,,false,1,11.10,11.10,true,1,
6770,true,לחם מחמצת,אסול אוכל איכותי בעמ,,,'יח,1,,false,1,17.90,17.90,true,1,
7993,true,מארז 5 לחמניות,אסול אוכל איכותי בעמ,,,'יח,1,,false,1,14.40,14.40,false,1,
7994,true,מארז 5 פיתות כוסמין,אסול אוכל איכותי בעמ,,,'יח,1,ל-100 גרם,false,1,17.90,17.90,false,1,
10013,true,בגט לבן ארוך,אסול אוכל איכותי בעמ,,,'יח,1,,false,1,6.20,6.20,true,1,
24523,true,מיץ ענבים תירוש של סגל 1 ליטר,טמפו משקאות בע`מ,,,'יח,10,"ל-100 מ""ל",false,1,14.90,1.46,false,1,
28401,true,פטה כבשים 5% מעד`,תנובה חלב,,,"ק""ג",1,,true,1,119,119,false,1,
29903,true,גבינה שמנת נפוליאון מעד`,תנובה חלב,,,"ק""ג",10,ל-100 גרם,true,1,49.90,4.99,false,1,
40974,true,חלב מפוסטר דל לקטוז 2%,תנובה חלב,,,'יח,10,"ל-100 מ""ל",false,1,6.90,0.69,false,1,
42367,true,חלב בבקבוק 1 ליטר 3%,תנובה חלב,,,'יח,10,"ל-100 מ""ל",false,1,6.23,0.62,false,1,
42442,true,חלב בקרטון 3% שומן+פקק,תנובה חלב,,,'יח,10,"ל-100 מ""ל",false,1,6.23,0.62,false,1,
43012,true,שוקו עמיד בקרטון תנובה 250 מל`,תנובה חלב,,,'יח,2.50,"ל-100 מ""ל",false,1,4.90,1.96,false,1,
43111,true,חמאה מפוסטרת 200 גרם,תנובה חלב,,,'יח,2,ל-100 גרם,false,1,8.90,4.45,false,1,
46327,true,גבינה צהובה גלבוע פרוס 200 גר`,תנובה חלב,,,'יח,2,ל-100 גרם,false,1,14.90,7.45,false,1,
47485,true,בולגרית 24% פיראוס,תנובה חלב,,,"ק""ג",10,ל-100 גרם,true,1,64.90,6.49,false,1,
47546,true,גבינת כנען 5% 500 גר`,תנובה חלב,,,'יח,5,ל-100 גרם,false,1,27.90,5.58,false,1,
50447,true,יופלה תות 3%,תנובה חלב,,,'יח,5,"ל-100 מ""ל",false,1,14.90,2.98,false,1,
51352,true,חלב של פעם ליטר,תנובה חלב,,,'יח,10,"ל-100 מ""ל",false,1,7.90,0.79,false,1,
55893,true,חמאה משמנת מפוסטרת 200 גרם,תנובה חלב,,,'יח,2,ל-100 גרם,false,1,8.90,4.45,false,1,
56883,true,יופלה דיאט מארז 6+2,תנובה חלב,,,'יח,8,"ל-100 מ""ל",false,1,33.90,4.24,false,1,
60781,true,פסטה מסולסלים 500 גרם,קבוצת אסם סחר,,,'יח,5,ל-100 גרם,false,1,5.90,1.18,true,1,
60880,true,פסטה ספגטי 8 500 גרם,קבוצת אסם סחר,,,'יח,5,ל-100 גרם,false,1,5.90,1.18,true,1,
60958,true,איטריות בינוניות 400 גר`,קבוצת אסם סחר,,,'יח,4,ל-100 גרם,false,1,6.90,1.73,true,1,
65557,true,מנה חמה קוסקוס 84 גרם,קבוצת אסם סחר,,,'יח,8.40,ל-100 גרם,false,1,6.90,0.82,true,1,
66431,true,פופקו חטיף תירס 80 גרם,קבוצת אסם סחר,,,'יח,0.80,ל-100 גרם,false,1,3.90,4.88,true,1,
68343,true,פרכיות אורז,קבוצת אסם סחר,,,'יח,1.40,ל-100 גרם,false,1,7.90,5.64,false,1,
69364,true,פירכונים אורז,קבוצת אסם סחר,,,'יח,1.40,ל-100 גרם,false,1,7.90,5.64,false,1,
72623,true,"קטשופ אסם 750 מ""ל",קבוצת אסם סחר,,,'יח,7.50,ל-100 גרם,false,1,11.90,1.59,true,1,
72753,true,טסטר ציויס 200 גרם,קבוצת אסם סחר,,,'יח,2,ל-100 גרם,false,1,29.90,14.95,false,1,
72968,true,סיני מיניס מפלצות 500 גר`,קבוצת אסם סחר,,,'יח,5,ל-100 גרם,false,1,19.90,3.98,true,1,
85166,true,גטניו פתי בר וניל 400 גר`,מ.ד אטיאס סוכנויות מזון בע`מ,,,'יח,4,ל-100 גרם,false,1,7.90,1.98,false,1,
85191,true,עוף טבעי שלם במגש משק ארצי,תדמיר עד הבית בעמ,,,"ק""ג",1,"ק""ג",true,1,26.90,26.90,false,1,
101132,true,לקט קטניות לחמין 800 גרם,תנובה מרכז שיתופי לשיווק תוצרת,,,'יח,8,ל-100 גרם,false,1,23.50,2.94,false,1,
101927,true,אוכמניות כחולות מוקפא,תנובה מרכז שיתופי לשיווק תוצרת,,,'יח,3,ל-100 גרם,false,1,16.90,5.63,true,1,
104201,true,אפונה עדינה קפואה 600 גרם,תנובה מרכז שיתופי לשיווק תוצרת,,,'יח,6,ל-100 גרם,false,1,17.90,2.98,true,1,
106526,true,לקט לחגיגה ירוקה להקפצה 800 גר`,תנובה מרכז שיתופי לשיווק תוצרת,,,'יח,8,ל-100 גרם,false,1,24.50,3.06,true,1,
111186,true,מיונז אמיתי תלמה 500 גרם,יוניליוור ישראל שיווק בע`מ,,,'יח,5,ל-100 גרם,false,1,9.90,1.98,false,1,
111353,true,מיונז צנצנת 1 קג`,יוניליוור ישראל שיווק בע`מ,,,'יח,10,ל-100 גרם,false,1,16.90,1.69,false,1,
112220,true,בארכה טחינה שומשום טהור 100% 500 גרם,קבוצת אסם סחר,,,'יח,5,ל-100 גרם,false,1,14.90,2.98,false,1,
116204,true,קנור מרק דגש זך בשקית 1 קג,יוניליוור ישראל שיווק בע`מ,,,'יח,10,ל-100 גרם,false,1,19.90,1.99,false,1,
118277,true,קניידל אבקה להכנת כופתאות מצה 130גר כש,יוניליוור ישראל שיווק בע`מ,,,'יח,1.30,ל-100 גרם,false,1,11.90,9.15,false,1,
120836,true,מיונז הלמנס אמיתי צנצנת 394 גרם,יוניליוור ישראל שיווק בע`מ,,,'יח,3.94,ל-100 גרם,false,1,11.90,3.02,false,1,
120874,true,מיונז הלמנס מופחת קלוריות 424 גרם,יוניליוור ישראל שיווק בע`מ,,,'יח,4.24,ל-100 גרם,false,1,11.90,2.81,false,1,
134147,true,מוסקט טחון,תבליני טעם וריח,,,'יח,1,,false,1,13.90,13.90,false,1,
134352,true,קינמון טחון,תבליני טעם וריח,,,'יח,1,,false,1,9.90,9.90,true,1,
134376,true,פפריקה בשמן,תבליני טעם וריח,,,'יח,1,,false,1,9.90,9.90,true,1,
134758,true,תיבול לתפו`א,תבליני טעם וריח,,,'יח,1,,false,1,9.90,9.90,true,1,
134826,true,זעתר מעורב,תבליני טעם וריח,,,'יח,1,,false,1,9.90,9.90,true,1,
134833,true,כמון טחון,תבליני טעם וריח,,,'יח,1,,false,1,9.90,9.90,true,1,
134864,true,פפריקה חריפה,תבליני טעם וריח,,,'יח,1,,false,1,9.90,9.90,true,1,
134871,true,פלפל שחור טחון,תבליני טעם וריח,,,'יח,1,,false,1,12.90,12.90,true,1,
134970,true,חוואי`ג במיכל 100 גרם,תבליני טעם וריח,,,'יח,1,,false,1,9.90,9.90,true,1,
134987,true,פלפל שחור גרוס,תבליני טעם וריח,,,'יח,1,,false,1,12.90,12.90,true,1,
144160,true,שמן זית כתית מעולה 750 מל עץ הזית מודג,סוגת,,,'יח,7.50,"ל-100 מ""ל",false,1,32.90,4.39,true,1,
144467,true,שמן חמניות בריאות 1 ליטר,סוגת,,,'יח,10,,false,1,16.90,1.69,false,1,
144474,true,שמן קנולה בריאות 1 ליטר,סוגת,,,'יח,10,"ל-100 מ""ל",false,1,16.90,1.69,false,1,
161358,true,מיונז אמיתי משמן קנולה 500 גרם,יוניליוור ישראל שיווק בע`מ,,,'יח,5,ל-100 גרם,false,1,12.90,2.58,false,1,
168173,true,ברנפלקס 375 גרם,יוניליוור ישראל שיווק בע`מ,,,'יח,3.75,ל-100 גרם,false,1,22.90,6.11,false,1,
185330,true,סילאן טבעי 900 גר`,תה ויסוצקי בע`מ,,,'יח,9,ל-100 גרם,false,1,23.90,2.66,true,1,
187921,true,לילי נייר טואלט לבן קלאסי 32 גלילים,חוגלה קימברלי שיווק בע`מ,,,'יח,19.69,ל-100 גרם,false,1,39.90,2.03,false,1,
187938,true,לילי נייר טואלט פסטל 32 גלילים,חוגלה קימברלי שיווק בע`מ,,,'יח,19.69,ל-100 גרם,false,1,39.90,2.03,false,1,
189598,true,ניקול מטליות רב שימושיות 50 יח`,חוגלה קימברלי שיווק בע`מ,,,'יח,1,,false,12,10.90,10.90,true,1,
189734,true,מטליות לחות לניקוי פרקטים ניקול,חוגלה קימברלי שיווק בע`מ,,,'יח,1,,false,12,11.90,11.90,false,1,
190198,true,מטליות לניקוי וחיטוי חדרי שרותים ואמבט,חוגלה קימברלי שיווק בע`מ,,,'יח,1,,false,12,10.90,10.90,true,1,
191546,true,מגבונים צבעוני לילי שלישיות,חוגלה קימברלי שיווק בע`מ,,,'יח,4.20,ל-100 גרם,false,24,10.90,2.60,false,1,
192581,true,מגבת נייר גליל כפול,חוגלה קימברלי שיווק בע`מ,,,'יח,1,ל-100 גרם,false,1,19.90,19.90,false,1,
195216,true,נייר אפייה בשקית 50 יח`,חוגלה קימברלי שיווק בע`מ,,,'יח,1,,false,24,9.90,9.90,false,1,
197326,true,רדיד אלומיניום 30 סמ*7.5מ*2,חוגלה קימברלי שיווק בע`מ,,,'יח,1,,false,12,10.90,10.90,false,1,
197753,true,ניקול ניילון נצמד אנטיבקט.30מ זוג,חוגלה קימברלי שיווק בע`מ,,,'יח,1,,false,12,10.90,10.90,false,1,
204215,true,ניקול כרית יפנית אריזת 6יח,חוגלה קימברלי שיווק בע`מ,,,'יח,1,,false,24,10.90,10.90,true,1,
204253,true,מטליות ניקול יבש 9 יח`,חוגלה קימברלי שיווק בע`מ,,,'יח,1,,false,24,10.90,10.90,true,1,
208312,true,גרעיני תירס מתוק בואקום 325 גרם,זנלכול יכין,,,'יח,3.25,ל-100 גרם,false,1,6.50,2,true,1,
208336,true,רסק עגבניות טרי 240 גרם,זנלכול יכין,,,'יח,2.60,ל-100 גרם,false,1,4.90,1.88,true,1,
209722,true,רסק עגבניות פריכוז 580 גרם,זנלכול יכין,,,'יח,5.80,ל-100 גרם,false,1,10.90,1.88,false,1,
209951,true,רוטב עגבניות לפיצה 240 גרם,זנלכול יכין,,,'יח,2.60,ל-100 גרם,false,1,5.90,2.27,true,1,
211169,true,אורז תאילנדי אחד אחד 1 קג,סוגת,,,'יח,10,ל-100 גרם,false,1,6.90,0.69,true,1,
211503,true,סוכר סוגת לבן 1 ק`ג בשקית,סוגת,,,'יח,10,ל-100 גרם,false,1,4.90,0.49,false,1,
226071,true,עמק לייט חריץ 9%,תנובה חלב,,,"ק""ג",10,ל-100 גרם,true,1,79,7.90,false,1,
238173,true,בורקס גבינה 800 גרם קפוא,תנובה מרכז שיתופי לשיווק תוצרת,,,'יח,8,ל-100 גרם,false,14,19.90,2.49,false,1,
238180,true,בורקס תפו`א 800 גרם קפוא,תנובה מרכז שיתופי לשיווק תוצרת,,,'יח,8,ל-100 גרם,false,12,19.90,2.49,false,1,
253374,true,מיני נטיפי שוקולד צ`יפס 66% 250 גר`,תה ויסוצקי בע`מ,,,'יח,2.50,ל-100 גרם,false,1,14.90,5.96,false,1,
272726,true,חומץ טבעי 1 ליטר עסיס 5% כל`פ,קבוצת אסם סחר,,,'יח,10,"ל-100 מ""ל",false,1,6.90,0.69,false,1,
283856,true,צלעות עגל בלי עצם טרי.,באסם דבאח בעמ,,,"ק""ג",1,,true,1,59.90,59.90,false,1,
288017,true,סנו JAVEL אקונומיקה בריח לימון 1 ליט,החב. הדרומית לשיווק,,,'יח,10,"ל-100 מ""ל",false,12,8.90,0.89,false,1,
288048,true,סנו Javel קצף ניקוי מונטבלאן 1 ליטר,החב. הדרומית לשיווק,,,'יח,10,"ל-100 מ""ל",false,12,18.90,1.89,true,1,
288079,true,סנו ג`אוול אקונומיקה בריח לימון 2 ליטר,החב. הדרומית לשיווק,,,'יח,2,לליטר,false,1,10.90,5.45,false,1,
288642,true,מרכך כביסה סנו מקסימה סנסיטיב ורוד 4 ל,החב. הדרומית לשיווק,,,'יח,40,"ל-100 מ""ל",false,6,22.90,0.57,false,1,
289069,true,סנו Javel קצף ניקוי לימון 1 ליטר,החב. הדרומית לשיווק,,,'יח,10,"ל-100 מ""ל",false,12,18.90,1.89,true,1,
289748,true,סנו פורטה פלוס לתנורים 750 מ``ל,החב. הדרומית לשיווק,,,'יח,7.50,"ל-100 מ""ל",false,12,14.90,1.99,true,1,
293073,true,מרכך כביסה סנו מקסימה ביו לבן 4 ליטר,החב. הדרומית לשיווק,,,'יח,40,"ל-100 מ""ל",false,6,22.90,0.57,false,1,
295404,true,רב שקית סושי אשפה בנילון 60 יח 50*70,החב. הדרומית לשיווק,,,'יח,1,,false,12,24.90,24.90,false,1,
295503,true,סנו סושי צמד שקיות אוכל קרטון2*150,החב. הדרומית לשיווק,,,'יח,1,,false,15,14.90,14.90,false,1,
295541,true,סנו רב מגבת ג`מבו 75 דפים,החב. הדרומית לשיווק,,,'יח,3.90,ל-100 גרם,false,1,20.90,5.36,false,1,
295558,true,סנו סושי רדיד אלומיניום צמד 0.30*7.5,החב. הדרומית לשיווק,,,'יח,1,,false,12,11.90,11.90,false,1,
295565,true,סנו רדידי אלומיניום צמד 0.45*7.5,החב. הדרומית לשיווק,,,'יח,1,,false,12,16.90,16.90,false,1,
307220,true,גרעיני תירס מתוק גלילי 340 גרם בדץ,ויטה פרי גליל (החדשה) בע`מ,,,'יח,3.40,ל-100 גרם,false,1,5.90,1.74,true,1,
313290,true,נודלס אטריות מסולסלות להקפצה 200 גרם,קבוצת אסם סחר,,,'יח,2,ל-100 גרם,false,1,9.90,4.95,false,1,
318349,true,פסטרמה מעדן הודו מעדניה,מעדני יחיעם ( 1993 ) בע`מ,,,"ק""ג",10,ל-100 גרם,true,1,79,7.90,true,1,
319131,true,נקניקיות עוף 400 גרם,מעדני יחיעם ( 1993 ) בע`מ,,,'יח,4,ל-100 גרם,false,1,11.90,2.98,true,1,
341071,true,מרכך כביסה בייבי בדין 2 ליטר,יוניליוור ישראל שיווק בע`מ,,,'יח,20,"ל-100 מ""ל",false,1,18.90,0.95,false,1,
353241,true,בולגרית 5% מעודנת,תנובה חלב,,,"ק""ג",10,ל-100 גרם,true,1,59.90,5.99,false,1,
364858,true,נקניקיות עוף 1קג`,תנובה מרכז שיתופי לשיווק תוצרת,,,'יח,10,ל-100 גרם,false,1,29.90,2.99,true,1,
364872,true,נקניקיות עוף 400 גרם,תנובה מרכז שיתופי לשיווק תוצרת,,,'יח,4,ל-100 גרם,false,1,12.90,3.23,false,1,
396439,true,שרי תמר ארוז,ביכורי השדה הצפון בעמ` 1964,,,'יח,1,,false,1,9.90,9.90,false,1,
408316,true,דנונה טבעי 3%,שטראוס גרופ בע`מ,,,'יח,2,"ל-100 מ""ל",false,24,3.70,1.85,false,1,
416021,true,ממרח שוקולד השחר 500 גרם,השחר העולה בעמ,,,'יח,5,ל-100 גרם,false,1,13.90,2.78,false,1,
416618,true,ממרח שוקולד 400 גרם פרווה השחר,השחר העולה בעמ,,,'יח,4,ל-100 גרם,false,1,11.90,2.98,false,1,
419374,true,קפה לנדוור טורקי 3*100 גרם בד`צ,ש. שסטוביץ בע`מ,,,'יח,3,למארז,false,1,19.90,6.63,false,1,
453408,true,בצק פיצה דק ומצונן מוכן לאפייה שמרית,שטראוס גרופ בע`מ,,,'יח,3,ל-100 גרם,false,1,15.90,5.30,false,1,
453415,true,בצק עלים מצונן ומוכן לאפייה שמרית300ג,שטראוס גרופ בע`מ,,,'יח,3,ל-100 גרם,false,1,14.90,4.97,false,1,
453422,true,בצק פילו מוכן לאפייה שמרית 300 גרם,שטראוס גרופ בע`מ,,,'יח,3,ל-100 גרם,false,1,14.90,4.97,false,1,
453781,true,שמרים יבשים 125 גרם שמרית,שטראוס גרופ בע`מ,,,'יח,1.25,ל-100 גרם,false,12,5.90,4.72,false,1,
453866,true,נטורינה קוקוס 200 לאפייה ובישול גר`,שטראוס גרופ בע`מ,,,'יח,2,ל-100 גרם,false,40,7.90,3.95,false,1,
463377,true,חרוזית זיתים ירוקים ללא חרצנים 550גר,קבוצת אסם סחר,,,'יח,5.50,ל-100 גרם,false,1,9.90,1.80,false,1,
466620,true,סקנדינבית דליקטס 31%,תנובה חלב,,,"ק""ג",10,ל-100 גרם,true,1,81,8.10,false,1,
467511,true,"ביסלי ברביקיו 55 גרם כשל""פ",קבוצת אסם סחר,,,'יח,0.55,ל-100 גרם,false,1,3.90,7.09,true,1,
467887,true,"ביסלי פיצה 55 גרם כשל""פ",קבוצת אסם סחר,,,'יח,0.55,ל-100 גרם,false,1,3.90,7.09,true,1,
468747,true,ביסלי גריל 55 גר`,קבוצת אסם סחר,,,'יח,0.55,ל-100 גרם,false,1,3.90,7.09,true,1,
468877,true,ביסלי בצל 55 גר`,קבוצת אסם סחר,,,'יח,0.55,ל-100 גרם,false,1,3.90,7.09,true,1,
474502,true,גבינה לבנה 5% 250 גרם,החברה המרכזית להפצה,,,'יח,2.50,ל-100 גרם,false,1,4.98,1.99,false,1,
480107,true,קוואקר ש.שועל פחית 500 גרם,שטראוס פריטו ליי בע`מ,,,'יח,5,ל-100 גרם,false,1,13.90,2.78,false,1,
484747,true,ארק עלית 40% 700 מ`ל עם פקק ייחודי,מ.ד אטיאס סוכנויות מזון בע`מ,,,'יח,7,"ל-100 מ""ל",false,1,59.90,8.51,false,1,
493183,true,רוטב פטריות שקית 30 גרם כשלפ,קבוצת אסם סחר,,,'יח,0.30,ל-100 גרם,false,1,4.20,14,false,1,
497044,true,לחם ברמן אקטיב 750 גר`,מאפיית י.את א. ברמן בעמ,,,'יח,7.50,ל-100 גרם,false,1,16.90,2.25,true,1,
497112,true,לחם אחיד פרוס ברמן 750 גר`,מאפיית י.את א. ברמן בעמ,,,'יח,7.50,ל-100 גרם,false,1,7.11,0.95,false,1,
497198,true,ברמן פיתות אסלי 10יח`,מאפיית י.את א. ברמן בעמ,,,'יח,1,ל-100 גרם,false,1,11.90,11.90,false,1,
497204,true,ברמן פיתות אסלי 5יח`,מאפיית י.את א. ברמן בעמ,,,'יח,1,ל-100 גרם,false,1,6.90,6.90,false,1,
497228,true,לחמניות 6 בשקית,מאפיית י.את א. ברמן בעמ,,,'יח,1,ל-100 גרם,false,1,10.90,10.90,false,1,
497273,true,לחמניות אקטיב 6 בשקית,מאפיית י.את א. ברמן בעמ,,,'יח,1,ל-100 גרם,false,1,13.90,13.90,false,1,
497303,true,לחמניות מקמח מלא 6 בשקית,מאפיית י.את א. ברמן בעמ,,,'יח,1,ל-100 גרם,false,1,12.90,12.90,false,1,
497426,true,ברמן לענין פלוס 500 גר`,מאפיית י.את א. ברמן בעמ,,,'יח,5,ל-100 גרם,false,1,15.90,3.18,false,1,
497570,true,לחם דגנים פלוס ברמן 500 גר`,מאפיית י.את א. ברמן בעמ,,,'יח,5,ל-100 גרם,false,1,15.90,3.18,false,1,
498003,true,לחם מקמח מלא E-FREE,מאפיית י.את א. ברמן בעמ,,,'יח,1,ל-100 גרם,false,1,16.90,16.90,false,1,
498256,true,לחמניות מדברות 10 בשקית,מאפיית י.את א. ברמן בעמ,,,'יח,1,ל-100 גרם,false,1,12.90,12.90,false,1,
498409,true,חלה מתוקה ברמן 500 גר`,מאפיית י.את א. ברמן בעמ,,,'יח,5,ל-100 גרם,false,1,10.90,2.18,false,1,
498478,true,חלה בגט ברמן 500 גר`,מאפיית י.את א. ברמן בעמ,,,'יח,5,ל-100 גרם,false,1,9.90,1.98,false,1,
518220,true,סוכרה דיאט 100 שקיות 80 גרם,מתוק וקל בע`מ,,,'יח,1,,false,1,26.90,26.90,false,1,
523125,true,מלח הארץ יבש 250 גרם,סוגת,,,'יח,2.50,ל-100 גרם,false,1,5.50,2.20,false,1,
523224,true,מלח הארץ שולחן מעולה 500 גרם,סוגת,,,'יח,5,ל-100 גרם,false,1,7.90,1.58,false,1,
530598,true,נקניקיות עוף ויינר טרי 500 גרם,נקניק זוגלובק נהריה,,,'יח,5,ל-100 גרם,false,1,14.90,2.98,true,1,
537566,true,נקניקיות עוף טרי 400 גר`,נקניק זוגלובק נהריה,,,'יח,4,ל-100 גרם,false,1,13.90,3.48,true,1,
554402,true,מעדן מלבי חלבי 160 גרם,מחלבות גד בעמ`,,,'יח,1.60,"ל-100 מ""ל",false,1,5.90,3.69,true,1,
554457,true,גבינה צפתית %5 שומן 350 גרם,מחלבות גד בעמ`,,,'יח,3.50,ל-100 גרם,false,1,19.90,5.69,false,1,
554532,true,גבינה צפתית מעודנת 5% 200 גרם,מחלבות גד בעמ`,,,'יח,2,ל-100 גרם,false,1,14.90,7.45,false,1,
554600,true,גבינת מוצרלה מגורדת 22% 300 גרם,מחלבות גד בעמ`,,,'יח,3,ל-100 גרם,false,1,24.90,8.30,false,1,
554624,true,מעדן ירח מתוק %3 150 מל,מחלבות גד בעמ`,,,'יח,1.50,"ל-100 מ""ל",false,1,5.90,3.93,true,1,
554686,true,גבינה לאבנה עם זעתר ושמן זית 250 גרם,מחלבות גד בעמ`,,,'יח,2.50,ל-100 גרם,false,1,13.90,5.56,false,1,
554822,true,גבינת ריקוטה 5% 250 גרם,מחלבות גד בעמ`,,,'יח,2.50,ל-100 גרם,false,1,13.90,5.56,true,1,
554839,true,גבינה מוקצפת מסקרפונה %38 250 גרם,מחלבות גד בעמ`,,,'יח,2.50,ל-100 גרם,false,1,19.90,7.96,false,1,
572208,true,חלבה וניל 100 גרם בד``צ,אחדות ביתחרושת לטחינה חלבה,,,'יח,1,ל-100 גרם,false,1,2.90,2.90,false,1,
572628,true,חלבה שומשום לייט 11*25 גרם בד`,אחדות ביתחרושת לטחינה חלבה,,,'יח,2.75,ל-100 גרם,false,1,11.90,4.33,false,1,
644783,true,סלמון מנות קפוא,תנובה מרכז שיתופי לשיווק תוצרת,,,"ק""ג",1,ל-100 גרם,true,1,84.90,84.90,false,1,
659312,true,פילה סלמון קפוא,תנובה מרכז שיתופי לשיווק תוצרת,,,"ק""ג",1,ל-100 גרם,true,1,74.90,74.90,false,1,
688374,true,מי עדן בייבי 6*330,יפאורה - שותפות מוגבלת לשיווק,,,'יח,15,"ל-100 מ""ל",false,1,14.90,0.87,false,1,
688381,true,מי עדן שקט 0.5 ליטר*6 יח` להחזרה,יפאורה - שותפות מוגבלת לשיווק,,,'יח,30,"ל-100 מ""ל",false,1,12.90,0.37,true,1,
688466,true,מי עדן GYM בקבוק 750 מ``ל,יפאורה - שותפות מוגבלת לשיווק,,,'יח,7.50,"ל-100 מ""ל",false,1,6.90,0.88,false,1,
688503,true,מי עדן GYM בקבוק 6*750 מל פיקדון,יפאורה - שותפות מוגבלת לשיווק,,,'יח,45,"ל-100 מ""ל",false,1,16.70,0.33,true,1,
692210,true,אג`קס נוזל לניקוי כללי לבנדר 2 ליטר,ש. שסטוביץ בע`מ,,,'יח,20,"ל-100 מ""ל",false,1,23.90,1.20,false,1,
692456,true,אג`קס לניקוי חלונות כחול 2*750 מל,ש. שסטוביץ בע`מ,,,'יח,15,"ל-100 מ""ל",false,1,25.90,1.73,false,1,
830050,true,צלעות עגל טרי בלי עצם,עוף ירושלים מהדרין בע`מ,,,"ק""ג",1,,true,1,69.90,69.90,false,1,
830055,true,פיקניה טרי מוכשר,בלדי בע`מ,,,"ק""ג",1,,true,1,129.90,129.90,false,1,
830061,true,שריר עגל טרי,בלדי בע`מ,,,"ק""ג",1,,true,1,59.90,59.90,false,1,
830063,true,אסאדו עגל טרי,עוף ירושלים מהדרין בע`מ,,,"ק""ג",1,,true,1,54.90,54.90,false,1,
830064,true,כתף עגל טרי,באסם דבאח בעמ,,,"ק""ג",1,,true,1,69.90,69.90,false,1,
830065,true,צלי כתף טרי,עוף ירושלים מהדרין בע`מ,,,"ק""ג",1,,true,1,99.90,99.90,false,1,
830087,true,אוסובוקו טרי,באסם דבאח בעמ,,,"ק""ג",1,,true,1,59.90,59.90,false,1,
830148,true,סינטה בקר טרי,עוף ירושלים מהדרין בע`מ,,,"ק""ג",1,,true,1,119.90,119.90,false,1,
830150,true,שייטל טרי,באסם דבאח בעמ,,,"ק""ג",10,ל-100 גרם,true,1,129.90,12.99,false,1,
830261,true,בשר טחון פרמיום טרי,באסם דבאח בעמ,,,"ק""ג",1,,true,1,65.90,65.90,false,1,
860015,true,עוף מוכשר שלם,קורניש חן (1987) בעמ,,,"ק""ג",1,,true,1,26.90,26.90,false,1,
860016,true,פילה עוף מוכשר,עוף טוב ( שאן) בעמ,,,"ק""ג",1,,true,1,44.90,44.90,false,1,
860039,true,כרעיים עוף מוכשר,קורניש חן (1987) בעמ,,,"ק""ג",1,,true,1,29.90,29.90,false,1,
860053,true,שוקיים עוף מוכשר,קורניש חן (1987) בעמ,,,"ק""ג",1,,true,1,34.90,34.90,false,1,
860060,true,כנף עוף מוכשר,קורניש חן (1987) בעמ,,,"ק""ג",1,"ק""ג",true,1,14.90,14.90,false,1,
860077,true,פרגית עוף מוכשר,קורניש חן (1987) בעמ,,,"ק""ג",1,,true,1,69.90,69.90,false,1,
860084,true,סטייק פרגית מוכשר,קורניש חן (1987) בעמ,,,"ק""ג",7.50,ל-100 גרם,true,1,54.90,7.32,false,1,
860107,true,חזה עוף שלם מוכשר,טל הל יסכה בעמ,,,"ק""ג",1,,true,1,34.90,34.90,false,1,
860114,true,שניצל עוף פרוס מוכשר,קורניש חן (1987) בעמ,,,"ק""ג",1,"ק""ג",true,1,42.90,42.90,false,1,
860121,true,טחון עוף,טל הל יסכה בעמ,,,"ק""ג",1,,true,1,31.90,31.90,false,1,
860138,true,כבד עוף טרי[לצליה בלבד לאחר הבישול},קורניש חן (1987) בעמ,,,"ק""ג",7,"ל-100 מ""ל",true,1,24.90,3.56,false,1,
860145,true,לב עוף טרי[לצליה בלבד],קורניש חן (1987) בעמ,,,"ק""ג",7,"ל-100 מ""ל",true,1,29.90,4.27,false,1,
860169,true,טחול עוף,טל הל יסכה בעמ,,,"ק""ג",0,"ק""ג",true,1,73.90,73.90,false,1,
870014,true,חזה הודו נקבה.,קורניש חן (1987) בעמ,,,"ק""ג",1,,true,1,29.90,29.90,false,1,
870038,true,שווארמה הודו,קורניש חן (1987) בעמ,,,"ק""ג",1,,true,1,69.90,69.90,false,1,
870168,true,גרון הודו זכר,קורניש חן (1987) בעמ,,,"ק""ג",1,,true,1,33.90,33.90,false,1,
986906,true,חסה עגולה,ביכורי השדה הצפון בעמ` 1964,,,'יח,1,,false,1,6.90,6.90,false,1,
993195,true,ענב לבן,ביכורי השדה הצפון בעמ` 1964,,,'יח,1,,false,1,24.90,24.90,false,1,
995410,true,נבטים סינים,ביכורי השדה הצפון בעמ` 1964,,,'יח,1,,false,1,7.90,7.90,false,1,
1121672,true,פסטרמה מעודנת בפפריקה 300 גרם,מעדני יחיעם ( 1993 ) בע`מ,,,'יח,0.30,ל-100 גרם,false,1,21.90,73,true,1,
1136287,true,נקה 7 שמפו לשיער רגיל 750 מל,החב. הדרומית לשיווק,,,'יח,7.50,"ל-100 מ""ל",false,1,11.90,1.59,true,1,
1136294,true,נקה 7 שמפו לשיער יבש 750 מל,החב. הדרומית לשיווק,,,'יח,7.50,"ל-100 מ""ל",false,1,11.90,1.59,true,1,
1136362,true,נקה תחליב רחצה ירוק אלוורה 1 ל`,החב. הדרומית לשיווק,,,'יח,10,לליטר,false,12,13.90,1.39,false,1,
1136683,true,נקה 7 מרכך לכל סוגי השיער 750 מל,החב. הדרומית לשיווק,,,'יח,7.50,"ל-100 מ""ל",false,1,11.90,1.59,true,1,
1136799,true,נקה תחליב רחצה ורוד יסמין 1 ל`,החב. הדרומית לשיווק,,,'יח,10,לליטר,false,12,13.90,1.39,false,1,
1247099,true,ספרינג נקטר מנגו קרטון 1 ליטר,יפאורה - שותפות מוגבלת לשיווק,,,'יח,10,"ל-100 מ""ל",false,1,6.90,0.69,false,1,
1247129,true,ספרינג נקטר תפוזים 1 ליטר קרטון,יפאורה - שותפות מוגבלת לשיווק,,,'יח,10,"ל-100 מ""ל",false,1,6.90,0.69,false,1,
1247143,true,ספרינג נקטר תפוחים 1 ליטר,יפאורה - שותפות מוגבלת לשיווק,,,'יח,10,"ל-100 מ""ל",false,1,6.90,0.69,false,1,
1302194,true,ביסלי פלאפל 55 גר`,קבוצת אסם סחר,,,'יח,0.55,ל-100 גרם,false,1,3.90,7.09,true,1,
1302279,true,במבה קלאסי *60,קבוצת אסם סחר,,,'יח,0.60,ל-100 גרם,false,1,3.90,6.50,true,1,
1436790,true,מרגז מיני אקסטרה חריף 500 גר`קפוא,בלדי בע`מ,,,'יח,5,ל-100 גרם,false,8,27.90,5.58,true,1,
1482186,true,חתיכות אננס בסירופ קל 565 גרם,ג. וילי-פוד אינטרנשיונל בע`מ,,,'יח,5.65,ל-100 גרם,false,1,6.90,1.22,false,1,
1567555,true,פסטרמה מעודנת עם דבש 300 גר`,מעדני יחיעם ( 1993 ) בע`מ,,,'יח,3,ל-100 גרם,false,1,21.90,7.30,true,1,
1594858,true,בירה טובורג בקבוק להחזרה 6*330 מל,החברה המרכזית להפצת משקאות בע`,,,'יח,19.80,"ל-100 מ""ל",false,4,34.90,1.67,true,1,
1594865,true,בירה קרלסברג בקבוק 6*330 מ``,החברה המרכזית להפצת משקאות בע`,,,'יח,19.80,"ל-100 מ""ל",false,4,34.90,1.67,true,1,
1670408,true,נר חימום בשקית 50 יח`,הנמל אריזות ושיווק 1984 בע`מ,,,'יח,1,,false,12,9.90,9.90,false,1,
2008989,true,קישקשים 225 יח`,הנמל אריזות ושיווק 1984 בע`מ,,,'יח,1,,false,24,8.90,8.90,false,1,
2019763,true,עגבניות מרוסקות 800 גרם פרי ניר,אבאל יזמות בעמ,,,'יח,8,ל-100 גרם,false,1,6.40,0.80,false,1,
2019787,true,רסק עגבניות טבע טרי %22 260 גרם פרי ני,מ.ד אטיאס סוכנויות מזון בע`מ,,,'יח,2.60,ל-100 גרם,false,1,3.90,1.50,true,1,
2019794,true,רסק עגבניות טבע טרי %100 100 גרם פרי,מ.ד אטיאס סוכנויות מזון בע`מ,,,'יח,1,ל-100 גרם,false,1,1.90,1.90,true,1,
2026341,true,ציפס בטטה פלאנק,מוצרי איכות אמריקאים,,,'יח,10,ל-100 גרם,false,1,16.90,1.69,false,1,
2026358,true,ציפס בטטה קרינקל,מוצרי איכות אמריקאים,,,'יח,10,ל-100 גרם,false,1,16.90,1.69,false,1,
2026365,true,טבעות בצל,מוצרי איכות אמריקאים,,,'יח,8,ל-100 גרם,false,1,11.90,1.49,false,1,
2026587,true,וופל בלגי פרווה,מוצרי איכות אמריקאים,,,'יח,7,ל-100 גרם,false,1,14.90,2.13,true,1,
2037309,true,לחמניות המבורגר 8בשקית ברמן,מאפיית י.את א. ברמן בעמ,,,'יח,1,ל-100 גרם,false,1,12.90,12.90,false,1,
2037637,true,חליה מתוקה 4 בשקית ברמן,מאפיית י.את א. ברמן בעמ,,,'יח,1,ל-100 גרם,false,1,12.90,12.90,false,1,
2057123,true,זיתים חרוזית A-2 יבנה 540 גר`,קבוצת יבנה,,,'יח,5.40,ל-100 גרם,false,1,9.90,1.83,true,1,
2057185,true,זיתים טבעות ירוקים A-2 יבנה 540 גר`,קבוצת יבנה,,,'יח,5.40,ל-100 גרם,false,1,9.90,1.83,false,1,
2057376,true,מלפפון במלח 13-17 A-2 יבנה 540 גר`,קבוצת יבנה,,,'יח,5.40,ל-100 גרם,false,1,10.90,2.02,true,1,
2057383,true,מלפפון במלח 18-25 A-2 יבנה 540 גר`,קבוצת יבנה,,,'יח,5.40,ל-100 גרם,false,1,13.90,2.57,true,1,
2057628,true,זיתים טבעות מושחר A-2 יבנה 540 גר`,קבוצת יבנה,,,'יח,5.40,ל-100 גרם,false,1,9.90,1.83,false,1,
2096009,true,דובשניות חפץ 450 גרם,מ.ד אטיאס סוכנויות מזון בע`מ,,,'יח,4.50,ל-100 גרם,false,1,10.90,2.42,false,1,
2132011,true,עוגיות מזרחיות עבאדי 400 גרם,תה ויסוצקי בע`מ,,,'יח,4,ל-100 גרם,false,1,17.90,4.48,false,1,
2139898,true,סטייק מיושן עם עצם ארוז טרי,אדום גרופ למזון שיווק והפצה בע,,,"ק""ג",1,,true,1,139.90,139.90,false,1,
2157960,true,טונה במים 140 גר`מארז רביעייה ויליגר,נטו מלינדה סחר בע`מ,,,'יח,1.40,ל-100 גרם,false,1,19.90,14.21,false,1,
2195054,true,המבורגר בלדי 400גר,בלדי בע`מ,,,'יח,4,ל-100 גרם,false,12,11.90,2.98,true,1,
2195078,true,קבב כבש בלדי 400גר,בלדי בע`מ,,,'יח,4,ל-100 גרם,false,12,11.90,2.98,true,1,
2195092,true,קבב רומני בלדי 400גר,בלדי בע`מ,,,'יח,4,ל-100 גרם,false,12,11.90,2.98,true,1,
2260059,true,במבה יום הולדת *60,קבוצת אסם סחר,,,'יח,0.60,ל-100 גרם,false,1,3.90,6.50,true,1,
2331322,true,נביעות שישייה מים מינרלים שקט 1.5 ל`,החברה המרכזית להפצת משקאות בע`,,,'יח,90,"ל-100 מ""ל",false,1,12.90,0.12,false,1,
2374640,true,שמן קנולה פלוס אומגה 3 עץ הזית,סוגת,,,'יח,10,"ל-100 מ""ל",false,1,16.90,1.69,false,1,
2409076,true,ג`חנון בצק 800 גרם,ציפור השרון יהוד 1990 בעמ,,,'יח,8,ל-100 גרם,false,1,13.90,1.74,false,1,
2409274,true,מלווח 800 גרם,ציפור השרון יהוד 1990 בעמ,,,'יח,8,ל-100 גרם,false,1,14.90,1.86,false,1,
2517290,true,קינמון טחון,תבליני טעם וריח,,,'יח,1,,false,1,6.90,6.90,false,1,
2517337,true,אורגנו עלים,תבליני טעם וריח,,,'יח,1,,false,1,5.90,5.90,false,1,
2517726,true,קינמון מקלות,תבליני טעם וריח,,,'יח,1,,false,1,6.90,6.90,false,1,
2542780,true,"בירה סטלה ארטואה שישייה 330 מ""ל",תימקו בירה בעמ`,,,'יח,19.80,"ל-100 מ""ל",false,1,36.90,1.77,true,1,
2542841,true,"בירה לף בלונד שישייה 330 מ""ל",תימקו בירה בעמ`,,,'יח,3.30,"ל-100 מ""ל",false,1,49.90,14.58,false,1,
2543046,true,קלוגס פרוסטיס 750 גר`,דיפלומט מפיצים (1968) בע`מ,,,'יח,7.50,ל-100 גרם,false,12,21.90,2.92,false,1,
2543237,true,קלוגס קורנפלקס 750 גרם,דיפלומט מפיצים (1968) בע`מ,,,'יח,7.50,ל-100 גרם,false,1,14.90,1.99,false,1,
2627357,true,פילה בקר טרי,נטו מלינדה סחר בע`מ,,,"ק""ג",1,,true,1,199.90,199.90,false,1,
2661900,true,שמיניות שומשום 6 בשקית,מאפיית י.את א. ברמן בעמ,,,'יח,1,ל-100 גרם,false,1,12.90,12.90,false,1,
2663522,true,תפוזינה תפוזים 1.5 ליטר,יפאורה - שותפות מוגבלת לשיווק,,,'יח,15,"ל-100 מ""ל",false,1,8,0.53,false,1,
2752332,true,סוכריות מנטוס פירות 37 גרם,ליימן שליסל בע`מ,,,'יח,0.3750,ל-100 גרם,false,40,2.90,7.73,false,1,
2752349,true,סוכריות מנטוס מנטה 37 גרם,ליימן שליסל בע`מ,,,'יח,0.3750,ל-100 גרם,false,40,2.90,7.73,false,1,
2766056,true,עגבניה שרי פרימיום,ביכורי השדה הצפון בעמ` 1964,,,'יח,1,,false,1,12.90,12.90,false,1,
2824183,true,גבינת סקי %5 500 גרם,שטראוס גרופ בע`מ,,,'יח,5,ל-100 גרם,false,12,9.90,1.98,false,1,
2871248,true,בירה טובורג בקבוק 500 מל,החברה המרכזית להפצת משקאות בע`,,,'יח,5,"ל-100 מ""ל",false,20,8.90,1.54,false,1,
2871361,true,1בירה קרלסברג בקבוק חוזר 500 מל,החברה המרכזית להפצת משקאות בע`,,,'יח,5,"ל-100 מ""ל",false,20,7.90,1.34,false,1,
2922117,true,עוגיות פרימיום אקלר,אקלר,,,'יח,3,ל-100 גרם,false,1,22.90,7.63,false,1,
2929642,true,טונה קנולה בשמן 4*140 גרם ויליגר,נטו מלינדה סחר בע`מ,,,'יח,5.60,ל-100 גרם,false,12,19.90,3.55,false,1,
2977001,true,סולת 1 קג`,הטחנות הגדולות של ארץ ישראל בע,,,'יח,10,ל-100 גרם,false,1,4.90,0.49,false,1,
2977032,true,סוכר 1 קג`,הטחנות הגדולות של ארץ ישראל בע,,,'יח,10,ל-100 גרם,false,1,4.90,0.49,false,1,
2977100,true,קמח לבן 1 קג`,הטחנות הגדולות של ארץ ישראל בע,,,'יח,10,ל-100 גרם,false,1,3.90,0.39,false,1,
2977278,true,קמח לבן מועשר ללא צורך בניפוי 1 קג`,הטחנות הגדולות של ארץ ישראל בע,,,'יח,1,'יח,false,1,7.90,7.90,false,1,
3047642,true,תה ליפטון יילו לייבל 100/1.5 שקיקים,יוניליוור ישראל שיווק בע`מ,,,'יח,1.50,'יח,false,1,14.90,9.93,false,1,
3054213,true,מסטמכר לחם שיפון כפרי,דיפלומט מפיצים (1968) בע`מ,,,'יח,5,ל-100 גרם,false,1,13.90,2.78,false,1,
3069705,true,פיצה בודד בד`ץ גבינה דקה קפוא,נטו מלינדה סחר בע`מ,,,'יח,2,ל-100 גרם,false,1,2.90,1.45,false,1,
3141159,true,יוגטה מרשמלו 180 גרם,ליימן שליסל בע`מ,,,'יח,1.80,ל-100 גרם,false,18,8.90,4.94,false,1,
3287956,true,פילה לברק בוואקום,בלדי בע`מ,,,"ק""ג",1,"ק""ג",true,1,44.90,44.90,false,1,
3400500,true,נאטרייג`ס חטיף קרמל עם בוטנים וחמאת,ליימן שליסל בע`מ,,,'יח,0,ל-100 גרם,false,1,4.90,4.90,false,1,
3401376,true,קרם לחות ועיצוב לשיער אלוורה 400 מ``,החב. הדרומית לשיווק,,,'יח,4,"ל-100 מ""ל",false,12,19.90,4.98,false,1,
3414406,true,ריזס נטיפים לאפייה חמאת בוטנים,ליימן שליסל בע`מ,,,'יח,6.80,ל-100 גרם,false,12,17.90,2.63,false,1,
3423909,true,קוקיז אנד קרים חטיף שוקולד לבן עם שברי,ליימן שליסל בע`מ,,,'יח,0,ל-100 גרם,false,36,4.90,4.90,false,1,
3427154,true,שמן זית זיתא כתית מעולה 750 מ``ל,תה ויסוצקי בע`מ,,,'יח,7.50,"ל-100 מ""ל",false,1,34.90,4.65,false,1,
3427178,true,שמן זית כתית 500 מ`ל,תה ויסוצקי בע`מ,,,'יח,5,"ל-100 מ""ל",false,1,29.90,5.98,true,1,
3444009,true,ריזס שוקולד חלב במילוי חמאת בוטנים,ליימן שליסל בע`מ,,,'יח,0,ל-100 גרם,false,36,3.90,3.90,false,1,
3514007,true,מנה שקדי מרק 400 גר`,ש. שסטוביץ בע`מ,,,'יח,4,ל-100 גרם,false,1,8.90,2.23,false,1,
3550753,true,טונה פוסידון בשמן 110 מארז *4,נטו מלינדה סחר בע`מ,,,'יח,4.40,ל-100 גרם,false,16,19.90,4.52,false,1,
3570164,true,מינוט שווארמה פרגית 300 גר` בלדי,בלדי בע`מ,,,'יח,3,ל-100 גרם,false,20,29.90,9.97,false,1,
3570928,true,קבב בלדי קצביה ארוז 500 גר,בלדי בע`מ,,,'יח,5,ל-100 גרם,false,8,27.90,5.58,true,1,
3578108,true,לפתן אננס חתוך בסירופ 850 גרם,ג. וילי-פוד אינטרנשיונל בע`מ,,,'יח,8.50,ל-100 גרם,false,24,8.90,1.05,false,1,
3598311,true,מינוט סטייק 300 גר`,בלדי בע`מ,,,'יח,3,ל-100 גרם,false,20,29.90,9.97,true,1,
3643004,true,אורז בסמטי הודי אחד אחד 1 קג,סוגת,,,'יח,10,ל-100 גרם,false,1,13.90,1.39,false,1,
3643769,true,עדשים אדומים 500 גרם,סוגת,,,'יח,5,ל-100 גרם,false,1,7.90,1.58,false,1,
4033705,true,הבורגריה לחמניות המבורגר ביס לוקס 6 בש,מאפיית י.את א. ברמן בעמ,,,'יח,6,ל-100 גרם,false,1,14.90,2.48,false,1,
4033729,true,לחם עננים כוסמין 750 גר`,מאפיית י.את א. ברמן בעמ,,,'יח,7.50,ל-100 גרם,false,1,16.90,2.25,true,1,
4033736,true,לחם עננים בסגנון בריוש,מאפיית י.את א. ברמן בעמ,,,'יח,1,ל-100 גרם,false,1,15.90,15.90,true,1,
4063016,true,.מלח שולחן מעולה 1 ק`ג,סוגת,,,'יח,10,ל-100 גרם,false,1,1.90,0.19,false,1,
4063115,true,מלח מטבח רגיל 1 ק``ג,סוגת,,,'יח,10,ל-100 גרם,false,1,1.90,0.19,false,1,
4064174,true,"מלח צנצנת הימלאיה דק 1 ק""ג",סוגת,,,'יח,6,ל-100 גרם,false,1,16.90,2.82,false,1,
4064389,true,מלח הימלאיה דק מלחייה 250 גר`,סוגת,,,'יח,2.50,ל-100 גרם,false,1,9.90,3.96,false,1,
4068028,true,צזיקי 500 מ`ל,מחלבות גד בעמ`,,,'יח,2,ל-100 גרם,false,1,9.90,4.95,false,1,
4068035,true,איירן 500 מ`ל,מחלבות גד בעמ`,,,'יח,2,ל-100 גרם,false,1,8.60,4.30,false,1,
4120566,true,גבינה מלוחה %24 בולגרית 250 גרם,תנובה חלב,,,'יח,2.50,ל-100 גרם,false,1,25.90,10.36,false,1,
4120634,true,גבינה מלוחה בולגרית %5 250 גרם,תנובה חלב,,,'יח,2.50,ל-100 גרם,false,1,25.90,10.36,false,1,
4125400,true,אשל מהדרין %4.5 200 מ``ל גביע,תנובה חלב,,,'יח,2,"ל-100 מ""ל",false,1,1.69,0.85,false,1,
4125417,true,גיל מהדרין %3 200 מ``ל גביע,תנובה חלב,,,'יח,2,"ל-100 מ""ל",false,1,1.51,0.76,false,1,
4125578,true,משקה סויה טרי מועשר קרטון 1 ליטר,תנובה חלב,,,'יח,10,"ל-100 מ""ל",false,1,10.90,1.09,false,1,
4125585,true,משקה סויה בטעם וניל 1 קרטון 1 ליטר,תנובה חלב,,,'יח,10,"ל-100 מ""ל",false,1,10.90,1.09,false,1,
4125738,true,"שמנת מתוקה להקצפה 32% 250 מ""ל",תנובה חלב,,,'יח,2.50,"ל-100 מ""ל",false,1,6.90,2.76,false,1,
4129736,true,יופלה White מעודן %1.5 200 גרם,תנובה חלב,,,'יח,2,"ל-100 מ""ל",false,1,4.90,2.45,false,1,
4130794,true,משקה סויה מועשר מופחת מתיקות 1 ליטר,תנובה חלב,,,'יח,10,"ל-100 מ""ל",false,1,10.90,1.09,false,1,
4131074,true,חלב שתייה טרי בקרטון מהדרין 3% 1ליטר,תנובה חלב,,,'יח,10,"ל-100 מ""ל",false,1,6.23,0.62,false,1,
4131227,true,גבינה לבנה 3% 500 גרם,תנובה חלב,,,'יח,5,ל-100 גרם,false,1,10.50,2.10,false,1,
4132552,true,משקה סויה דיאט בטעם טבעי 1 ל`קרטון,תנובה חלב,,,'יח,10,"ל-100 מ""ל",false,1,10.90,1.09,false,1,
4134945,true,יופלה בטעם מוקה 3% 150 גרם,תנובה חלב,,,'יח,1.50,"ל-100 מ""ל",false,1,5.50,3.67,false,1,
4137311,true,גבינת עמק לייט 9% נוחה לפתיחה 400גרם,תנובה חלב,,,'יח,4,ל-100 גרם,false,1,34.90,8.73,false,1,
4146986,true,נקה 7 שמפו לשיער צבוע ומובהר 750 מל,החב. הדרומית לשיווק,,,'יח,7.50,"ל-100 מ""ל",false,12,11.90,1.59,true,1,
4146993,true,נקה 7 מרכך לשיער צבוע 750 מ``ל,החב. הדרומית לשיווק,,,'יח,7.50,"ל-100 מ""ל",false,12,11.90,1.59,true,1,
4255428,true,נר נשמה מנורה בפחית 24 שעות,אבאל יזמות בעמ,,,'יח,0,'יח,false,1,1.90,1.90,false,1,
4685126,true,הארץ 5 דגנים ברמן 750 גר`,מאפיית י.את א. ברמן בעמ,,,'יח,7.50,ל-100 גרם,false,1,16.90,2.25,false,1,
4685157,true,הארץ שיפון 100% ברמן 750 גר`,מאפיית י.את א. ברמן בעמ,,,'יח,7.50,ל-100 גרם,false,1,16.90,2.25,false,1,
4685225,true,הארץ שיפון פומפרניקל ברמן,מאפיית י.את א. ברמן בעמ,,,'יח,1,ל-100 גרם,false,1,16.90,16.90,false,1,
4685430,true,הארץ כוסמין 100% ברמן 750 גר`,מאפיית י.את א. ברמן בעמ,,,'יח,7.50,ל-100 גרם,false,1,16.90,2.25,false,1,
4685447,true,לחמניות כוסמין ברמן 6 יח`,מאפיית י.את א. ברמן בעמ,,,'יח,1,ל-100 גרם,false,1,13.90,13.90,false,1,
4731519,true,מרכך ומבשם סנסיטיב לכביסה 750 מל,החב. הדרומית לשיווק,,,'יח,7.50,"ל-100 מ""ל",false,1,17.90,2.39,true,1,
4731564,true,מרכך ומבשם כביסה BLUE BLOSSOM פרש 750 מל,החב. הדרומית לשיווק,,,'יח,7.50,"ל-100 מ""ל",false,1,17.90,2.39,true,1,
4768294,true,פילה מושט ללא עור,בלדי בע`מ,,,"ק""ג",1,ל-100 גרם,true,1,34.90,34.90,false,1,
4923099,true,עין גדי מים מינרלים שישיה 2 ליטר,יפאורה - שותפות מוגבלת לשיווק,,,'יח,120,"ל-100 מ""ל",false,1,11.90,0.10,false,1,
5113222,true,מיקס זיתים+גמבה A-2,קבוצת יבנה,,,'יח,5.60,ל-100 גרם,false,1,10.90,1.95,true,1,
5201882,true,קפה טורקי שקית 200 גרם,שטראוס גרופ בע`מ,,,'יח,2.40,ל-100 גרם,false,24,15.90,6.63,true,1,
5271410,true,ביצים ארוזות L 12 יח`,גליקסמן שיווק ביצים [1994] בעמ,,,'יח,1,,false,1,12.05,12.05,false,1,
5326585,true,אוליביה פסטו בזילקום,תנובה חלב,,,'יח,1.80,ל-100 גרם,false,6,11.90,6.61,false,1,
5423567,true,סנו סושי מטלית בגליל צהוב 40 יח,החב. הדרומית לשיווק,,,'יח,1,,false,15,19.90,19.90,false,1,
5423635,true,ריצפז פלוס נוזל לרצפה דוחה חרקים 2 ל,החב. הדרומית לשיווק,,,'יח,20,"ל-100 מ""ל",false,8,22.90,1.15,false,1,
5423734,true,מרכך כביסה סנו מקסימה כחול אולטרא פרש,החב. הדרומית לשיווק,,,'יח,40,"ל-100 מ""ל",false,6,22.90,0.57,false,1,
5424847,true,סנו סופט מפיות 30*30 150 יח`,החב. הדרומית לשיווק,,,'יח,1,,false,1,8.90,8.90,false,1,
5425196,true,סנו מקסימה סנסטיב 2.5,החב. הדרומית לשיווק,,,'יח,25,ל-100 גרם,false,6,24.90,1,false,1,
5425202,true,סנו מקסימה ביו 2.5,החב. הדרומית לשיווק,,,'יח,25,ל-100 גרם,false,6,24.90,1,false,1,
5427107,true,סנו סושי מגבות נייר לבנות 6 יח`,החב. הדרומית לשיווק,,,'יח,5.70,ל-100 גרם,false,1,12.90,2.26,false,1,
5431883,true,מלבי חלבי 165 גר`,תנובה חלב,,,'יח,1.50,"ל-100 מ""ל",false,1,7.50,5,false,1,
5431906,true,קדאיף 82 גר`,תנובה חלב,,,'יח,1.50,"ל-100 מ""ל",false,1,7.50,5,false,1,
5431913,true,עוגת גבינה פירורים 92 גר`,תנובה חלב,,,'יח,1.50,"ל-100 מ""ל",false,1,7.50,5,false,1,
5431920,true,עוגת גבינה פירורים לייט 78 גר`,תנובה חלב,,,'יח,1.50,"ל-100 מ""ל",false,1,7.50,5,false,1,
5431937,true,טירמיסו 82 גר`,תנובה חלב,,,'יח,1.50,"ל-100 מ""ל",false,1,7.50,5,false,1,
5431968,true,מלבי שמנת 150 גר`,תנובה חלב,,,'יח,1.50,ל-100 גרם,false,1,8.90,5.93,false,1,
5610509,true,צנונית,ביכורי השדה הצפון בעמ` 1964,,,'יח,1,,false,1,6.90,6.90,false,1,
5678318,true,ענב לבן אוטום קריספ,ביכורי השדה הצפון בעמ` 1964,,,"ק""ג",8,ל-100 גרם,true,1,39.90,4.99,false,1,
5678905,true,כוסברה,ביכורי השדה הצפון בעמ` 1964,,,'יח,1,,false,1,3.90,3.90,false,1,
5678929,true,פטרוזליה,ביכורי השדה הצפון בעמ` 1964,,,'יח,1,,false,1,3.90,3.90,false,1,
5678974,true,עליי מנגולד,ביכורי השדה הצפון בעמ` 1964,,,'יח,1,,false,1,6.90,6.90,false,1,
5951022,true,דלעת חתוכה,ביכורי השדה הצפון בעמ` 1964,,,"ק""ג",1,,true,1,15.90,15.90,false,1,
5992575,true,גבינה בולגרית למריחה 5% 250 גרם,מחלבות גד בעמ`,,,'יח,2.50,ל-100 גרם,false,1,15.90,6.36,false,1,
5992735,true,גבינה לאבנה טבעי 250 גרם,מחלבות גד בעמ`,,,'יח,2.50,ל-100 גרם,false,1,11.90,4.76,false,1,
5996078,true,סרוולט הונגרי 125 גר`,מעדני יחיעם ( 1993 ) בע`מ,,,'יח,1.25,ל-100 גרם,false,1,24.90,19.92,false,1,
6265500,true,פטריות שמפניון ארוז,ביכורי השדה הצפון בעמ` 1964,,,'יח,1,,false,1,8.90,8.90,false,1,
6272072,true,חטיפי פיצה מרובעים אישי 24 יח 650 גר קפו,תנובה מרכז שיתופי לשיווק תוצרת,,,'יח,6.50,ל-100 גרם,false,8,29.90,4.60,false,1,
6272430,true,בצק עלים חמאה 600 גרם קפוא,תנובה מרכז שיתופי לשיווק תוצרת,,,'יח,6,ל-100 גרם,false,9,28.80,4.80,false,1,
6306296,true,רביולי גבינה לילדים 400גר,מחלבות גד בעמ`,,,'יח,3,ל-100 גרם,false,1,22.90,7.63,true,1,
6306302,true,רביולי פרמזן ריקוטה 400 גרם,מחלבות גד בעמ`,,,'יח,4,ל-100 גרם,false,1,22.90,5.73,true,1,
6481719,true,"אורז השף 1 ק""ג",מ.ד אטיאס סוכנויות מזון בע`מ,,,'יח,10,ל-100 גרם,false,1,12.90,1.29,false,1,
6492432,true,בייבי מוצרלה %18 150 גרם,מחלבות גד בעמ`,,,'יח,1.50,ל-100 גרם,false,1,12.90,8.60,false,1,
6492616,true,גבינה בולגרית מעודנת בפרוסות 5% 250ג,מחלבות גד בעמ`,,,'יח,2.50,ל-100 גרם,false,1,25.90,10.36,false,1,
6492852,true,גבינת עזים למריחה 5% 250 גרם,מחלבות גד בעמ`,,,'יח,2.50,ל-100 גרם,false,1,17.90,7.16,true,1,
6492913,true,גבינת לאבנה צזיקי למריחה 5% 250 גרם,מחלבות גד בעמ`,,,'יח,2.50,ל-100 גרם,false,1,12.90,5.16,false,1,
6764072,true,בירה גולדסטאר בקבוק 500 מל,טמפו משקאות בע`מ,,,'יח,5,"ל-100 מ""ל",false,20,7.90,1.34,false,1,
6764096,true,בירה איגל בקבוק חוזר 500 מל`,טמפו משקאות בע`מ,,,'יח,5,"ל-100 מ""ל",false,20,6.80,1.12,true,1,
6900418,true,לבבות קיסר,ביכורי השדה הצפון בעמ` 1964,,,'יח,1,,false,1,8.90,8.90,false,1,
8021043,true,שמפו פינוק לשיער רגיל 700 גרם,יוניליוור ישראל שיווק בע`מ,,,'יח,7,"ל-100 מ""ל",false,1,11.90,1.70,false,1,
8175814,true,פטריות שמפיניון חתוכות 400 גרם,ג. וילי-פוד אינטרנשיונל בע`מ,,,'יח,4,ל-100 גרם,false,24,4.90,1.23,false,1,
8409100,true,אצבעות שניצל בציפוי שומשום 700 גרם קפוא,תנובה מרכז שיתופי לשיווק תוצרת,,,'יח,7,ל-100 גרם,false,10,34.90,4.99,false,1,
8443616,true,נקה 7 מרכך לשיער יבש 750 מל,החב. הדרומית לשיווק,,,'יח,7.50,"ל-100 מ""ל",false,1,11.90,1.59,true,1,
8443647,true,נקה 7 מרכך לשיער מתולתל 750 מל,החב. הדרומית לשיווק,,,'יח,7.50,"ל-100 מ""ל",false,12,11.90,1.59,true,1,
8464130,true,בירה UF גולדסטאר 330מ`ל*6יח,טמפו משקאות בע`מ,,,'יח,19.80,"ל-100 מ""ל",false,4,39.90,1.92,false,1,
8464604,true,בירה היינקן פחית 500 מל,טמפו משקאות בע`מ,,,'יח,5,"ל-100 מ""ל",false,24,9.90,1.92,false,1,
8464734,true,שישייה גולדסטאר SLOW BREW,טמפו משקאות בע`מ,,,'יח,19.80,"ל-100 מ""ל",false,4,39.90,1.92,true,1,
8464741,true,בירה גולדסטאר בקבוק 6*330 מ`ל,טמפו משקאות בע`מ,,,'יח,19.80,"ל-100 מ""ל",false,4,36.90,1.77,true,1,
8464796,true,.בירה היינקן בקבוק 6*330 מל,טמפו משקאות בע`מ,,,'יח,19.80,"ל-100 מ""ל",false,4,39.90,1.92,true,1,
8493710,true,פרורי גרסיני זהב 200 גרם,דנאגיס בעמ,,,'יח,2,ל-100 גרם,false,16,6.90,3.45,false,1,
8644235,true,ירקות צעירי הגן עלי בייבי 120 גר`,ביכורי השדה הצפון בעמ` 1964,,,'יח,1.20,ל-100 גרם,false,1,12.90,10.75,false,1,
8754040,true,פרה ממרח בטעם שוקולד מגדים 850 גרם,שטראוס גרופ בע`מ,,,'יח,8.50,ל-100 גרם,false,6,16.90,1.99,false,1,
8835954,true,פילה מושט קפוא,בלדי בע`מ,,,"ק""ג",1,ל-100 גרם,true,1,24.90,24.90,false,1,
8835961,true,פילה מושט קפוא,בלדי בע`מ,,,"ק""ג",1,ל-100 גרם,true,1,24.90,24.90,false,1,
8849845,true,אוליביה אריסה פיקנטית,תנובה חלב,,,'יח,1.80,ל-100 גרם,false,6,12,6.67,false,1,
8909761,true,בירה קרלסברג בקבוק חדש 330מל,החברה המרכזית להפצת משקאות בע`,,,'יח,3.30,"ל-100 מ""ל",false,24,8.80,2.58,false,1,
10118328,true,תפוצ`יפס בטעם טבעי 6*40 גרם,שטראוס פריטו ליי בע`מ,,,'יח,2.40,ל-100 גרם,false,1,11.90,4.96,false,1,
10124190,true,שניצל בקר מלינסה אל מטאדור 250 גר`,בלדי בע`מ,,,'יח,2.50,ל-100 גרם,false,20,14.90,5.96,false,1,
10124213,true,סינטה בקר דק דק אל מטאדור 250 גר`,בלדי בע`מ,,,'יח,2.50,ל-100 גרם,false,20,19.90,7.96,false,1,
10259359,true,נודלס ביצים להקפצה 200 גרם,ג. וילי-פוד אינטרנשיונל בע`מ,,,'יח,2,ל-100 גרם,false,24,4.90,2.45,false,1,
10259977,true,שמן קנולה מזוכך 1 ליטר,ג. וילי-פוד אינטרנשיונל בע`מ,,,'יח,10,"ל-100 מ""ל",false,1,9.90,0.99,false,1,
10328505,true,חטיפי מיני חלווה ללא תוספת סוכר 15 יח,אחדות ביתחרושת לטחינה חלבה,,,'יח,1.50,'יח,false,1,10.90,7.27,true,1,
10472307,true,גמדים לשתיה תות בננה 8*100 מל,שטראוס גרופ בע`מ,,,'יח,8,"ל-100 מ""ל",false,6,20.40,2.55,true,1,
10546169,true,גרנולה שקדים וצימוקים 400 גר,גורי מוצרי צריכה 1991 בע`מ,,,'יח,4,ל-100 גרם,false,6,19.90,4.98,false,1,
10582037,true,סוויט בייט פלפלונים,ביכורי השדה הצפון בעמ` 1964,,,'יח,1,,false,1,9.90,9.90,false,1,
10609734,true,"אייס לי קרחונים להקפאה 8 יח` 800 מ""ל",דודו הדיל בעמ,,,'יח,1,,false,1,5.90,5.90,true,1,
11017866,true,פחית ק`ק סילק 330 מ`ל,החברה המרכזית להפצת משקאות בע`,,,'יח,3.30,"ל-100 מ""ל",false,24,4.90,1.39,true,1,
11017873,true,פחית זירו סליק 330 מ`ל,החברה המרכזית להפצת משקאות בע`,,,'יח,3.30,"ל-100 מ""ל",false,24,4.20,1.18,true,1,
11115166,true,נקה תחליב ירוק אלוורה 1 ל`,החב. הדרומית לשיווק,,,'יח,10,לליטר,false,12,13.90,1.39,false,1,
11115173,true,נקה 7 ארומה סבון נוזלי וניל שקד 1ליט,החב. הדרומית לשיווק,,,'יח,10,לליטר,false,12,13.90,1.39,false,1,
11128043,true,שורש פטרוזליה,ביכורי השדה הצפון בעמ` 1964,,,'יח,1,,false,1,4.90,4.90,false,1,
11148898,true,ברוקלי יח`,ביכורי השדה הצפון בעמ` 1964,,,'יח,1,,false,1,9.90,9.90,false,1,
11148904,true,צ`ילי חריף,ביכורי השדה הצפון בעמ` 1964,,,'יח,1,,false,1,7.90,7.90,false,1,
11235024,true,רוזמרין,ביכורי השדה הצפון בעמ` 1964,,,'יח,1,,false,1,4.90,4.90,false,1,
11235055,true,בזיליקום,ביכורי השדה הצפון בעמ` 1964,,,'יח,1,,false,1,4.90,4.90,false,1,
11235062,true,עירית,ביכורי השדה הצפון בעמ` 1964,,,'יח,1,,false,1,4.90,4.90,false,1,
11235079,true,טימין,ביכורי השדה הצפון בעמ` 1964,,,'יח,1,,false,1,4.90,4.90,false,1,
11431341,true,מזלגות,ר.שמאי יבוא שיווק בעמ`,,,'יח,1,,false,1,4.90,4.90,false,1,
11480509,true,פטרוזליה מהדרין הכפר,ביכורי השדה הצפון בעמ` 1964,,,'יח,1,,false,1,4.90,4.90,false,1,
11480516,true,שמיר מהדרין הכפר,ביכורי השדה הצפון בעמ` 1964,,,'יח,1,,false,1,4.90,4.90,false,1,
11480523,true,נענע מהדרין הכפר,ביכורי השדה הצפון בעמ` 1964,,,'יח,1,,false,1,4.90,4.90,false,1,
11480530,true,כוסברה מהדרין הכפר,ביכורי השדה הצפון בעמ` 1964,,,'יח,1,,false,1,4.90,4.90,false,1,
11480578,true,חסה,ביכורי השדה הצפון בעמ` 1964,,,'יח,1,,false,1,6.90,6.90,false,1,
11499051,true,גבינת פטה כבשים 20% 250 גרם,מחלבות גד בעמ`,,,'יח,2.50,ל-100 גרם,false,1,25.90,10.36,false,1,
11499105,true,גבינה בולגרית 5% 250 גרם,מחלבות גד בעמ`,,,'יח,2.50,ל-100 גרם,false,1,21.90,8.76,false,1,
11499129,true,גבינה בולגרית קוביות מעודנת 5% 250גר,מחלבות גד בעמ`,,,'יח,2,ל-100 גרם,false,1,21.90,10.95,false,1,
11499303,true,גבינה בולגרית עיזים מעודנת 5% 250 גר,מחלבות גד בעמ`,,,'יח,2.50,ל-100 גרם,false,1,31.90,12.76,false,1,
11499327,true,גבינה בולגרית מעודנת 5% 250 גרם,מחלבות גד בעמ`,,,'יח,2.50,ל-100 גרם,false,1,21.90,8.76,false,1,
11499341,true,גבינת קשקבל 200 גרם,מחלבות גד בעמ`,,,'יח,2,ל-100 גרם,false,1,26.90,13.45,false,1,
11499365,true,גבינת חלומי 200 גרם,מחלבות גד בעמ`,,,'יח,2,ל-100 גרם,false,1,21.90,10.95,false,1,
11499525,true,לאבנה 500 גר דרוזית,מחלבות גד בעמ`,,,'יח,5,ל-100 גרם,false,1,20.40,4.08,false,1,
11499624,true,גבינת ניו יורק טבעי 30%,מחלבות גד בעמ`,,,'יח,2,ל-100 גרם,false,1,13.90,6.95,false,1,
11499846,true,ריקוטה פרסקה 300 גר`,מחלבות גד בעמ`,,,'יח,2.50,ל-100 גרם,false,1,19.90,7.96,false,1,
11515683,true,אקסטרים וניל 6*72 גרם,נגה גלידות שותפות מוגבלת,,,'יח,0.72,ל-100 גרם,false,1,27.90,38.75,false,1,
11530525,true,שייק איט יום שלישי מארז שלישייה,בלדי בע`מ,,,'יח,4.50,ל-100 גרם,false,1,29.90,6.64,true,1,
11530549,true,שייק איט יום ראשון מארז שלישייה,בלדי בע`מ,,,'יח,4.50,ל-100 גרם,false,1,29.90,6.64,true,1,
11530945,true,קרפציו עגל בלדי,בלדי בע`מ,,,'יח,1,,false,1,39.90,39.90,false,1,
11570644,true,קמח ללחם כרגיל`ללא גלוטן,תומר ייבוא ושיווק מוצרי מזון [,,,'יח,4.50,ל-100 גרם,false,1,14.90,3.31,false,1,
11587307,true,ארטישוק תחתיות,תומר ייבוא ושיווק מוצרי מזון [,,,'יח,4,ל-100 גרם,false,24,10.60,2.65,false,1,
11598211,true,אנטי קאלק רב שימושי 4ב1 700 מל,החב. הדרומית לשיווק,,,'יח,7,"ל-100 מ""ל",false,12,17.90,2.56,true,1,
11598457,true,סופט 48 גלילים פרש לבן,החב. הדרומית לשיווק,,,'יח,30.90,ל-100 גרם,false,1,49.90,1.61,false,1,
11607180,true,קולון 101 אבקת כביסה שקית 1.25 קג,תה ויסוצקי בע`מ,,,'יח,12,ל-100 גרם,false,1,12.90,1.08,true,1,
11607197,true,"קולון 101 אבקת כביסה שקית 5 ק""ג",תה ויסוצקי בע`מ,,,'יח,50,ל-100 גרם,false,1,34.90,0.70,true,1,
11947309,true,זית סורי מבוקע עם לימון כבוש 220 גר`,תה ויסוצקי בע`מ,,,'יח,2.20,ל-100 גרם,false,1,14.90,6.77,true,1,
11947743,true,מיקס זית ירוק וזית קלמטה 215 גר` זיתא,תה ויסוצקי בע`מ,,,'יח,2.17,ל-100 גרם,false,1,14.90,6.87,true,1,
11947798,true,זית קלמטה ללא גלעין עם שמן זית זיתא,תה ויסוצקי בע`מ,,,'יח,2.17,ל-100 גרם,false,1,14.90,6.87,true,1,
11947903,true,מיקס זיתים יווני 215 גר` זיתא,תה ויסוצקי בע`מ,,,'יח,2.17,ל-100 גרם,false,1,14.90,6.87,false,1,
11964597,true,כמון טחון 400 גר`,תבליני טעם וריח,,,'יח,4,ל-100 גרם,false,1,24.90,6.23,false,1,
11964689,true,תיבול על האש,תבליני טעם וריח,,,'יח,1,,false,1,9.90,9.90,true,1,
11964702,true,תיבול לשווארמה,תבליני טעם וריח,,,'יח,1,,false,1,9.90,9.90,true,1,
11996789,true,פנקו פירורי לחם 200 גר`,טחנת האבן קואופ בעמ,,,'יח,4,ל-100 גרם,false,1,8.90,2.23,false,1,
12022272,true,קליליות קידס,דילייט 2005 בע`מ,,,'יח,1,ל-100 גרם,false,1,11.50,11.50,false,1,
12116735,true,סופט ג`מבו פרש לבן 24 גלילים,החב. הדרומית לשיווק,,,'יח,25.50,ל-100 גרם,false,1,49.90,1.96,false,1,
12117091,true,סנו מקסימה אבקת כביסה סנסטיב 6קג שקית,החב. הדרומית לשיווק,,,'יח,6,ל-100 גרם,false,3,49.90,8.32,false,1,
12117275,true,סנוקליר שקית מילוי 750 מ`ל,החב. הדרומית לשיווק,,,'יח,7.50,"ל-100 מ""ל",false,12,5.90,0.79,false,1,
12117534,true,מרכך סופר מרוכז קול 1 ל`,החב. הדרומית לשיווק,,,'יח,10,"ל-100 מ""ל",false,12,18.90,1.89,true,1,
12117541,true,מרכך סופר מרוכז זן 1 ל`,החב. הדרומית לשיווק,,,'יח,10,"ל-100 מ""ל",false,1,18.90,1.89,true,1,
12226014,true,נקניקיות וינר 800גר,נקניק זוגלובק נהריה,,,'יח,8,ל-100 גרם,false,1,21.90,2.74,false,1,
12226120,true,קבנוס זוגלובק טבעי 135 גרם,נקניק זוגלובק נהריה,,,'יח,1.35,ל-100 גרם,false,1,10.90,8.07,false,1,
12227400,true,נקניקיות עוף 800 גר`,נקניק זוגלובק נהריה,,,'יח,8,ל-100 גרם,false,1,21.90,2.74,false,1,
12227974,true,פסטרמה בדבש 120 גר` דק דק,נקניק זוגלובק נהריה,,,'יח,1.20,ל-100 גרם,false,1,14.90,12.42,true,1,
12227998,true,חזה בקר 120 גר` דק דק,נקניק זוגלובק נהריה,,,'יח,1.20,ל-100 גרם,false,1,14.90,12.42,true,1,
12404320,true,ספרינג ענבים 1.5 ליטר,יפאורה - שותפות מוגבלת לשיווק,,,'יח,15,"ל-100 מ""ל",false,1,8.60,0.55,false,1,
12823381,true,מרכך סופר מרוכז סנסטיב 1 ל`,החב. הדרומית לשיווק,,,'יח,10,"ל-100 מ""ל",false,1,18.90,1.89,true,1,
12823947,true,מרכך מקסימה פרפיום קריסטל 750 מ`ל,החב. הדרומית לשיווק,,,'יח,7.50,"ל-100 מ""ל",false,12,17.90,2.39,true,1,
12901355,true,דודלס ארוחת אטריות עם גבינה 206 גר`,מור ים מרקטינג בעמ,,,'יח,2.06,ל-100 גרם,false,1,10.90,5.29,false,1,
12983153,true,סילאן 100% טבעי ללא תוספת סוכר,תה ויסוצקי בע`מ,,,'יח,4,ל-100 גרם,false,1,16.90,4.23,true,1,
12983610,true,תמר כבוש 500 גרם,תה ויסוצקי בע`מ,,,'יח,5,ל-100 גרם,false,1,17.90,3.58,true,1,
13083661,true,מטרנה קייר שלב 1 700 גרם,קבוצת אסם סחר,,,'יח,7,ל-100 גרם,false,1,59.90,8.56,false,1,
13144171,true,תערובת לעוגת שוקולד 560 גרם,א.ל. ייצור ושיווק תבלינים בע`מ,,,'יח,5.60,ל-100 גרם,false,1,16.90,3.02,true,1,
13144218,true,תערובת עוגת וניל 560 גרם,א.ל. ייצור ושיווק תבלינים בע`מ,,,'יח,5.60,ל-100 גרם,false,1,16.90,3.02,true,1,
13144447,true,תמצית תפוז 50 גרם,א.ל. ייצור ושיווק תבלינים בע`מ,,,'יח,0.50,ל-100 גרם,false,1,9.90,19.80,false,1,
13145567,true,סוכריות מיני מיני עדשים 90 גרם,א.ל. ייצור ושיווק תבלינים בע`מ,,,'יח,9,ל-100 גרם,false,1,10.90,1.21,false,1,
13146656,true,סוכריות כוכבים תכלת ירוק לקישוט 60 גר`,א.ל. ייצור ושיווק תבלינים בע`מ,,,'יח,0.60,ל-100 גרם,false,1,10.90,18.17,true,1,
13146670,true,סוכריות לב סגול ורוד לבן לקישוט 60 גר`,א.ל. ייצור ושיווק תבלינים בע`מ,,,'יח,0.60,ל-100 גרם,false,1,10.90,18.17,true,1,
13268020,true,מרכך סופר מרוכז אולטרא פרש 1 ל`,החב. הדרומית לשיווק,,,'יח,10,"ל-100 מ""ל",false,12,18.90,1.89,true,1,
13268037,true,מרכך סופר מרוכז פצולי לבנדר 1 ל`,החב. הדרומית לשיווק,,,'יח,10,"ל-100 מ""ל",false,12,18.90,1.89,true,1,
13268242,true,רצפז פרש הום בניחוח מלון מפנק 2 ל`,החב. הדרומית לשיווק,,,'יח,20,"ל-100 מ""ל",false,1,21.90,1.10,false,1,
13268839,true,פוליויקס פרקט נוזל 2 ליטר,החב. הדרומית לשיווק,,,'יח,2,לליטר,false,1,21.90,10.95,false,1,
13268983,true,מרכך סופר מרוכז JOY 1 ל`,החב. הדרומית לשיווק,,,'יח,10,"ל-100 מ""ל",false,12,18.90,1.89,true,1,
13269003,true,מרכך סופר מרוכז בייבי 1 ל`,החב. הדרומית לשיווק,,,'יח,10,"ל-100 מ""ל",false,12,18.90,1.89,true,1,
13269621,true,סנו ריצפז פרש הום 2 ליטר,החב. הדרומית לשיווק,,,'יח,20,"ל-100 מ""ל",false,8,21.90,1.10,false,1,
13269751,true,מטליות לחות לרצפה בניחוח מלון בוטיק,החב. הדרומית לשיווק,,,'יח,1,,false,12,12.90,12.90,false,1,
13284310,true,רוטב פסטה 240 גר`פריניר,מ.ד אטיאס סוכנויות מזון בע`מ,,,'יח,2.40,ל-100 גרם,false,1,5.50,2.29,true,1,
13472199,true,ערמונים קלופים וקלויים 100 גרם,ג. וילי-פוד אינטרנשיונל בע`מ,,,'יח,1.05,ל-100 גרם,false,1,5.90,5.62,true,1,
13558916,true,פטריות שמפניון,ביכורי השדה הצפון בעמ` 1964,,,'יח,1,,false,1,8.90,8.90,false,1,
13585394,true,קוקה קולה 1 ל` פיקדון,החברה המרכזית להפצת משקאות בע`,,,'יח,10,"ל-100 מ""ל",false,12,7.20,0.69,false,1,
13675545,true,שניצל כלי תחבורה,תנובה מרכז שיתופי לשיווק תוצרת,,,'יח,7,ל-100 גרם,false,10,34.90,4.99,false,1,
13787408,true,רביולי בטטה 330 גר`,תנובה חלב,,,'יח,0,ל-100 גרם,false,1,26.90,26.90,false,1,
13847454,true,טונה סטארקיסט בשמן קנולה 4*160 גרם,דיפלומט מפיצים (1968) בע`מ,,,'יח,6.40,ל-100 גרם,false,12,24.90,3.89,false,1,
13847553,true,טונה סטארקיסט מארז רבעייה דל נטרן,דיפלומט מפיצים (1968) בע`מ,,,'יח,6.40,ל-100 גרם,false,1,25.90,4.05,false,1,
13848345,true,מארז שלישייה-מטליות לחות לחיטוי וניקוי,החב. הדרומית לשיווק,,,'יח,1,,false,1,21.90,21.90,false,1,
13848611,true,רדידי אלומיניום 61 מטר,החב. הדרומית לשיווק,,,'יח,1,,false,12,39.90,39.90,false,1,
13848758,true,ג`ל כביסה בייבי 3 ליטר,החב. הדרומית לשיווק,,,'יח,3,"ל-100 מ""ל",false,6,32.90,10.97,false,1,
13875532,true,מקל מחוזק,הום פרפקט ק.ד.מ בעמ,,,'יח,1,,false,1,6.50,6.50,false,1,
13927514,true,רוגעלך קינמון 400 גר`,אחדות ביתחרושת לטחינה חלבה,,,'יח,4,ל-100 גרם,false,1,10.90,2.73,false,1,
13927583,true,רוגעלך בטעם וניל שוקוציפס 400 גר`,אחדות ביתחרושת לטחינה חלבה,,,'יח,4,ל-100 גרם,false,1,10.90,2.73,false,1,
13927613,true,רוגעלך בטעם שוקו וניל 400 גר`,אחדות ביתחרושת לטחינה חלבה,,,'יח,4,ל-100 גרם,false,1,10.90,2.73,false,1,
14046757,true,סלמי תה`שרולה`300 גרם,מעדני יחיעם ( 1993 ) בע`מ,,,'יח,3,ל-100 גרם,false,1,21.90,7.30,true,1,
14079014,true,לבבות קיסר נספק,ביכורי השדה הצפון בעמ` 1964,,,'יח,1,,false,1,9.90,9.90,false,1,
14094895,true,אגוזי מלך קלופים 150 גרם,דין שיווק וקליה 2021 בעמ,,,'יח,1.50,ל-100 גרם,false,1,14.90,9.93,true,1,
14126473,true,בייבי ביס ניגיסי אורז לתינוק,דנאגיס בעמ,,,'יח,0.50,ל-100 גרם,false,1,12.90,25.80,false,1,
14205017,true,צלחת קטנה לבן 50 יח,ח.כהן סוכנות מזון ומשקאות,,,'יח,50,'יח,false,1,9.90,0.20,false,1,
14205062,true,כוסות שקוף 100 יח,ח.כהן סוכנות מזון ומשקאות,,,'יח,1,,false,1,7.90,7.90,false,1,
14205086,true,כוסות יין 50 יח,ח.כהן סוכנות מזון ומשקאות,,,'יח,1,,false,1,4.90,4.90,false,1,
14205154,true,קערית אובלית צבעוני 25 יח,ח.כהן סוכנות מזון ומשקאות,,,'יח,1,,false,1,5.90,5.90,false,1,
14205666,true,לבבות דקל חתוך 400 גרם,ח.כהן סוכנות מזון ומשקאות,,,'יח,4,ל-100 גרם,false,1,9.90,2.48,false,1,
14206427,true,"מיכלי אחסון 0.5 ל` 6 יח` ""שווה""",ח.כהן סוכנות מזון ומשקאות,,,'יח,1,,false,1,9.90,9.90,true,1,
14206434,true,"מיכלי אחסון 1 ל` 5 יח` ""שווה""",ח.כהן סוכנות מזון ומשקאות,,,'יח,1,,false,1,9.90,9.90,true,1,
14206441,true,"מיכלי אחסון 2 ל` 4 יח` ""שווה""",ח.כהן סוכנות מזון ומשקאות,,,'יח,1,,false,1,9.90,9.90,true,1,
14206465,true,"מיכלי אחסון 3 ל` 2 יח` ""שווה""",ח.כהן סוכנות מזון ומשקאות,,,'יח,1,,false,1,9.90,9.90,true,1,
14217003,true,פפריקה מעושנת,תבליני טעם וריח,,,'יח,1,,false,1,9.90,9.90,true,1,
14217119,true,תיבול לצ`יפס,תבליני טעם וריח,,,'יח,1,,false,1,9.90,9.90,true,1,
14217140,true,ראס אל חנות 100 גרם,תבליני טעם וריח,,,'יח,1,,false,1,9.90,9.90,true,1,
14217157,true,תיבול טוסקנה,תבליני טעם וריח,,,'יח,1,,false,1,9.90,9.90,true,1,
14217201,true,תערובת תיבול סומק,תבליני טעם וריח,,,'יח,1,,false,1,6.90,6.90,false,1,
14217225,true,גריל עוף,תבליני טעם וריח,,,'יח,1,,false,1,9.90,9.90,true,1,
14217362,true,תיבול לקציצות,תבליני טעם וריח,,,'יח,1,,false,1,9.90,9.90,true,1,
14217492,true,מיכל תיבול פילידפיה,תבליני טעם וריח,,,'יח,1,,false,1,9.90,9.90,true,1,
14217911,true,פלפל מתוק שלם 150 גרם,תבליני טעם וריח,,,'יח,1,,false,1,14.90,14.90,true,1,
14218154,true,פיצה דקה בתיבול שום,תנובה מרכז שיתופי לשיווק תוצרת,,,'יח,7,ל-100 גרם,false,1,16,2.29,false,1,
14218932,true,חטיפי פיצה בתוספת זיתים בשקית,תנובה מרכז שיתופי לשיווק תוצרת,,,'יח,7.10,ל-100 גרם,false,8,29.90,4.21,false,1,
14288058,true,להבונים 50 יחק שקית `שווה`,ח.כהן סוכנות מזון ומשקאות,,,'יח,50,'יח,false,1,9.90,0.20,true,1,
14288195,true,"מפת שולחן אל בד חלק ""שווה""",ח.כהן סוכנות מזון ומשקאות,,,'יח,1,'יח,false,1,6.90,6.90,true,1,
14288300,true,"טורטיה 8 יח` 320 גרם ""שווה""",ח.כהן סוכנות מזון ומשקאות,,,'יח,4.20,ל-100 גרם,false,1,9.90,2.36,true,1,
14288317,true,"טורטיה תירס 6 יח 420 גר` ""שווה""",ח.כהן סוכנות מזון ומשקאות,,,'יח,4.20,ל-100 גרם,false,1,9.90,2.36,true,1,
14288423,true,נר נשמה 48 ש`זכוכית,ח.כהן סוכנות מזון ומשקאות,,,'יח,1,,false,1,4.90,4.90,false,1,
14288461,true,נר נשמה פחית,ח.כהן סוכנות מזון ומשקאות,,,'יח,1,,false,1,1.90,1.90,true,1,
14288584,true,"נייר אפיה 50 יח` איכותי ""שווה""",ח.כהן סוכנות מזון ומשקאות,,,'יח,1,'יח,false,1,7.90,7.90,true,1,
14288720,true,כוסות וודקה 350CC,ח.כהן סוכנות מזון ומשקאות,,,'יח,1,,false,1,7.90,7.90,true,1,
14288843,true,נרות שבת מספרים,ח.כהן סוכנות מזון ומשקאות,,,'יח,1,,false,1,3.90,3.90,false,1,
14397170,true,סנו פרש אוטומטיק וניל 250 מל,החב. הדרומית לשיווק,,,'יח,2.50,"ל-100 מ""ל",false,1,16.90,6.76,false,1,
14397286,true,מרכך מרוכז חלב ודבש 1 ל`,החב. הדרומית לשיווק,,,'יח,10,"ל-100 מ""ל",false,12,18.90,1.89,true,1,
14435704,true,סלמון מעושן 100 גר`,סלטי שמיר,,,'יח,1,ל-100 גרם,false,1,21.90,21.90,true,1,
14435803,true,מטיאס הולנדי[פרובנציאל]עם שמן,סלטי שמיר,,,'יח,2,ל-100 גרם,false,16,18.90,9.45,false,1,
14435834,true,מקרל מעושן פרוס בשמן,סלטי שמיר,,,'יח,1.90,ל-100 גרם,false,8,24.90,13.11,false,1,
14435841,true,פילה מטיאס ולנדי בשמן,סלטי שמיר,,,'יח,2,ל-100 גרם,false,8,18.90,9.45,false,1,
14455245,true,גרנה פדנו משולש 200 גר`,מחלבות גד בעמ`,,,'יח,2,ל-100 גרם,false,1,24.90,12.45,false,1,
14455252,true,גרנה פדנו מגורד 100 גר`,מחלבות גד בעמ`,,,'יח,10,ל-100 גרם,false,1,12.90,1.29,false,1,
14692565,true,גרעיני תירס מתוק 320 גרם,ג. וילי-פוד אינטרנשיונל בע`מ,,,'יח,3.20,ל-100 גרם,false,24,5.90,1.84,false,1,
14758162,true,חלב עיזים מלא 3.6,תנובה חלב,,,'יח,10,"ל-100 מ""ל",false,1,16.90,1.69,false,1,
14758544,true,חמאה מפוסטרת 200 גרם,תנובה חלב,,,'יח,2,ל-100 גרם,false,1,8.90,4.45,false,1,
14760134,true,מעדן סויה בטעם וניל,תנובה חלב,,,'יח,1.25,ל-100 גרם,false,1,3.90,3.12,false,1,
14760141,true,משקה שקדים טרי 1 ליטר,תנובה חלב,,,'יח,10,"ל-100 מ""ל",false,1,12.90,1.29,false,1,
14761018,true,גיל טעם וניל 125 גר`,תנובה חלב,,,'יח,1.25,"ל-100 מ""ל",false,1,1.90,1.52,false,1,
14761056,true,מעדן YOLO שוקולד חלב מעולה,תנובה חלב,,,'יח,1.23,ל-100 גרם,false,1,4.90,3.98,false,1,
14761063,true,מעדן YOLO שוקולד מריר מעולה,תנובה חלב,,,'יח,1.23,ל-100 גרם,false,1,4.90,3.98,false,1,
14761070,true,מעדן YOLO שוקולד לבן מעולה,תנובה חלב,,,'יח,1.23,ל-100 גרם,false,1,4.90,3.98,false,1,
14761414,true,מעדן YOLO שכבות שוקולד חלב ולבן,תנובה חלב,,,'יח,1.23,ל-100 גרם,false,1,4.90,3.98,false,1,
14761438,true,בולגרית 24% סמי 400 גר`,תנובה חלב,,,'יח,4,ל-100 גרם,false,1,29.90,7.48,false,1,
14761612,true,מעדן YOLO שוקולד מריר ולבן,תנובה חלב,,,'יח,1.23,ל-100 גרם,false,1,4.90,3.98,false,1,
14761698,true,גבינה סמי עמק 28% 600 גר`,תנובה חלב,,,'יח,6,ל-100 גרם,false,1,34.90,5.82,false,1,
14762800,true,גביע מעדן סויה בטעם שוקולד,תנובה חלב,,,'יח,1.24,ל-100 גרם,false,1,3.90,3.15,false,1,
14763098,true,קרם גבינת שמנת 5% טוסקנה,תנובה חלב,,,'יח,2,ל-100 גרם,false,1,12.90,6.45,false,1,
14763395,true,עמק פרוס 28% 600 גר`,תנובה חלב,,,'יח,6,ל-100 גרם,false,1,34.90,5.82,false,1,
14785588,true,אטריות ראמן מוכנות 180 גר`,טחנת האבן קואופ בעמ,,,'יח,1.80,ל-100 גרם,false,1,3.90,2.17,false,1,
14785991,true,רוטב סויה ללא גלוטן 500מ`ל,טחנת האבן קואופ בעמ,,,'יח,1,,false,1,9.90,9.90,false,1,
14791336,true,מיי עדן[בודד],יפאורה - שותפות מוגבלת לשיווק,,,'יח,3.30,"ל-100 מ""ל",false,1,4.90,1.39,false,1,
14945210,true,צמרוני עץ 300,מ.א. יצור ויבוא מטליות בעמ`,,,'יח,0,ל-100 גרם,false,1,3.10,3.10,false,1,
15025959,true,מגבוני פרש וונס רביעייה קשמיר,דנאגיס בעמ,,,'יח,1,'יח,false,1,16.90,16.90,false,1,
15039246,true,רביעיית נתחי טונה בהירה בשמן 4*160 גרם,ג. וילי-פוד אינטרנשיונל בע`מ,,,'יח,6.40,ל-100 גרם,false,12,19.90,3.11,false,1,
15039338,true,רביעיית טונה במי מלח *4יח*160גר,ג. וילי-פוד אינטרנשיונל בע`מ,,,'יח,6.40,ל-100 גרם,false,12,19.90,3.11,false,1,
15155830,true,פאוץ פרינוק תפוח בננה 120 גר`,גורי מוצרי צריכה 1991 בע`מ,,,'יח,1.20,ל-100 גרם,false,1,5.90,4.92,true,1,
15155847,true,פאוץ פרינוק סלט פירות 120 גר`,גורי מוצרי צריכה 1991 בע`מ,,,'יח,1.20,ל-100 גרם,false,1,5.90,4.92,true,1,
15282000,true,איקרה אדומה 200 גר`,סלטי שמיר,,,'יח,2,ל-100 גרם,false,8,13.90,6.95,false,1,
15324007,true,פלפל שחור גרוס,תבליני טעם וריח,,,'יח,1,,false,1,10.90,10.90,false,1,
15324014,true,פלפל שחור טחון,תבליני טעם וריח,,,'יח,1,,false,1,10.90,10.90,false,1,
15324038,true,פפריקה מתוקה בשמן,תבליני טעם וריח,,,'יח,1,,false,1,5.90,5.90,false,1,
15324052,true,פפריקה מתוקה,תבליני טעם וריח,,,'יח,1,,false,1,5.90,5.90,false,1,
15324076,true,זעתר מעורב,תבליני טעם וריח,,,'יח,1,,false,1,5.90,5.90,false,1,
15324106,true,כורכום טחון,תבליני טעם וריח,,,'יח,1,,false,1,5.90,5.90,false,1,
15324113,true,בהרט,תבליני טעם וריח,,,'יח,1,,false,1,5.90,5.90,false,1,
15324120,true,שום גבישי בשקית 80 גר`,תבליני טעם וריח,,,'יח,1,,false,1,5.90,5.90,false,1,
15324151,true,חוואיג`למרק,תבליני טעם וריח,,,'יח,1,,false,1,5.90,5.90,false,1,
15324533,true,רוזמרין מיכל גדול 55 גר`,תבליני טעם וריח,,,'יח,1,,false,1,9.90,9.90,true,1,
15324540,true,טימין מיכל גדול 30 גר`,תבליני טעם וריח,,,'יח,1,,false,1,9.90,9.90,true,1,
15324571,true,פפריקה מתוקה בשמן 400 גר`,תבליני טעם וריח,,,'יח,4,ל-100 גרם,false,1,19.90,4.98,true,1,
15324663,true,צילי גרוס חריף אש 70 גר`,תבליני טעם וריח,,,'יח,0.70,ל-100 גרם,false,1,9.90,14.14,true,1,
15437431,true,רכז רימונים 420 גר`,תומר ייבוא ושיווק מוצרי מזון [,,,'יח,1,,false,1,19.90,19.90,false,1,
15719063,true,סלרי שקית מהדרין,ביכורי השדה הצפון בעמ` 1964,,,'יח,0,'יח,false,1,6.90,6.90,false,1,
15719070,true,חסה,ביכורי השדה הצפון בעמ` 1964,,,'יח,0,'יח,false,1,6.90,6.90,false,1,
15733168,true,מטרנה גולד שלב שלוש 700 גר`,קבוצת אסם סחר,,,'יח,7,ל-100 גרם,false,1,72.90,10.41,false,1,
15858106,true,ממרח פסטו ביתי עללחם 180 גר`,שטראוס גרופ בע`מ,,,'יח,1.80,ל-100 גרם,false,1,17.90,9.94,false,1,
15858113,true,ממרח עגבניות מיובשות עללחם 180 גר`,שטראוס גרופ בע`מ,,,'יח,1.80,ל-100 גרם,false,1,17.90,9.94,false,1,
15858212,true,ממרח לימון כבוש עללחם 180 גר`,שטראוס גרופ בע`מ,,,'יח,1.80,ל-100 גרם,false,1,17.90,9.94,false,1,
15858229,true,טפנד זיתי קלמטה עללחם 180 גר`,שטראוס גרופ בע`מ,,,'יח,1.80,ל-100 גרם,false,1,17.90,9.94,false,1,
16006339,true,מי עדן 1 ל`רביעייה פיקדון,יפאורה - שותפות מוגבלת לשיווק,,,'יח,4,"ל-100 מ""ל",false,1,10.10,2.23,false,1,
16006346,true,שישיית שרינק ל`שוופס סודה 0.5*6,יפאורה - שותפות מוגבלת לשיווק,,,'יח,3,"ל-100 מ""ל",false,1,15.90,4.70,false,1,
16087222,true,רוטב עגבניות מרוכז לשקשוקה 230 גר`,אבאל יזמות בעמ,,,'יח,2.40,ל-100 גרם,false,1,4.90,2.04,true,1,
16136722,true,פתיתים פנה ללא גלוטן 340 גר`,גורי מוצרי צריכה 1991 בע`מ,,,'יח,3.40,ל-100 גרם,false,1,13.90,4.09,false,1,
16136739,true,פתיתים פוזילי ללא גלוטן 340 גר`,גורי מוצרי צריכה 1991 בע`מ,,,'יח,3.40,ל-100 גרם,false,12,13.90,4.09,false,1,
16144024,true,"קמח כוסמין 100% נפלאות 1 ק""ג",תה ויסוצקי בע`מ,,,'יח,10,ל-100 גרם,false,1,14.90,1.49,false,1,
16150391,true,סלק בואקום,ביכורי השדה הצפון בעמ` 1964,,,'יח,1,,false,1,9.90,9.90,false,1,
16197488,true,מטלית קסם לשיש מארז שלישייה,חוגלה קימברלי שיווק בע`מ,,,'יח,1,,false,24,14.90,14.90,true,1,
16197495,true,מטלית קסם לרצפה מארז זוג,חוגלה קימברלי שיווק בע`מ,,,'יח,1,,false,24,15.90,15.90,false,1,
16233384,true,גפילטע פיש 7 קציצות,תומר ייבוא ושיווק מוצרי מזון [,,,'יח,5.60,ל-100 גרם,false,1,14.90,2.66,false,1,
16246452,true,בארכה טחינה מעודנת לחיץ לימון,קבוצת אסם סחר,,,'יח,0.31,ל-100 גרם,false,1,11.90,38.39,false,1,
16321678,true,מגבוני פרש וונס רביעייה נטורל קאר,דנאגיס בעמ,,,'יח,1,'יח,false,1,16.90,16.90,false,1,
16321883,true,נייר טואלט פרש וונס מתכלה שלישייה,דנאגיס בעמ,,,'יח,1,ל-100 גרם,false,1,14.90,14.90,false,1,
16334616,true,בצל ירוק,ביכורי השדה הצפון בעמ` 1964,,,'יח,1,,false,1,4.90,4.90,false,1,
16372373,true,רסק עגבניות 140*2,תה ויסוצקי בע`מ,,,'יח,2.80,ל-100 גרם,false,1,9.90,3.54,false,1,
16372489,true,חליטת ג`ינג`ר ולימון סודות הצמחים,תה ויסוצקי בע`מ,,,'יח,6,ל-100 גרם,false,1,19.90,3.32,true,1,
16400168,true,שקיות צליה 10 יח`,ח.כהן סוכנות מזון ומשקאות,,,'יח,10,'יח,false,1,4.90,0.49,false,1,
16400205,true,צלחות 100 יח גדול צבעוני,ח.כהן סוכנות מזון ומשקאות,,,'יח,1,,false,1,34.90,34.90,false,1,
16400243,true,"מפיות נייר מעוטרות 20 יח` ""שווה""",ח.כהן סוכנות מזון ומשקאות,,,'יח,1,,false,1,5.90,5.90,true,1,
16400380,true,"גפרור ארוך""שווה""",ח.כהן סוכנות מזון ומשקאות,,,'יח,1,,false,1,6.90,6.90,false,1,
16400793,true,"מפיות נייר 100 יח ""שווה""",ח.כהן סוכנות מזון ומשקאות,,,'יח,1,,false,1,5.90,5.90,true,1,
16401806,true,תבניות לחלות עבות במיוחד *4,ח.כהן סוכנות מזון ומשקאות,,,'יח,1,,false,1,9.90,9.90,false,1,
16401844,true,תבניות רוסטר גדול עבות במיוחד *2,ח.כהן סוכנות מזון ומשקאות,,,'יח,1,,false,1,9.90,9.90,false,1,
16401851,true,תבניות אובן עבות במיוחד *4,ח.כהן סוכנות מזון ומשקאות,,,'יח,1,,false,1,9.90,9.90,false,1,
16564211,true,מטליות מיקרופייבר לכל סוגי המשטחים,אלבגינו שווק וסחר בעמ`,,,'יח,1,,false,1,10.90,10.90,false,1,
16564273,true,מארז 3 מטליות לרצפה,אלבגינו שווק וסחר בעמ`,,,'יח,1,,false,1,11.90,11.90,false,1,
16617214,true,כוסברה,ביכורי השדה הצפון בעמ` 1964,,,'יח,1,,false,1,4.90,4.90,false,1,
16717754,true,יין היובל ישן נושן 750 מל`,אגודת הכורמים,,,'יח,7.50,"ל-100 מ""ל",false,1,19.90,2.61,false,1,
16866643,true,משחת שיניים פרדונטקס פרש 75 גרם,גורי ע.ע.ע. בע`מ,,,'יח,0.75,ל-100 גרם,false,1,30.90,41.20,true,1,
17023212,true,רביעיית פחיות שוופס מוגז פירות תפוח 33,יפאורה - שותפות מוגבלת לשיווק,,,'יח,13.20,"ל-100 מ""ל",false,1,13.90,0.96,false,1,
17023229,true,רביעיית פחיות שוופס מוגז פירות תות ליי,יפאורה - שותפות מוגבלת לשיווק,,,'יח,13.20,"ל-100 מ""ל",false,1,13.90,0.96,false,1,
17023809,true,"רביעיית ספרינג 250 מ""ל אגס סברס תפוח",יפאורה - שותפות מוגבלת לשיווק,,,'יח,10,"ל-100 מ""ל",false,1,13.10,1.19,false,1,
17023854,true,רביעיית שוופס סודה 250 מ`ל,יפאורה - שותפות מוגבלת לשיווק,,,'יח,10,"ל-100 מ""ל",false,1,10.90,0.97,false,1,
17065007,true,גבינת מוצרלה פרוסה גד 200 גר`,מחלבות גד בעמ`,,,'יח,2,ל-100 גרם,false,1,19.90,9.95,false,1,
17065137,true,גבינה ריקוטה למריחה 5% טבעית 200 גר`,מחלבות גד בעמ`,,,'יח,2,ל-100 גרם,false,1,9.90,4.95,false,1,
17065212,true,גבינת קרם מסקרפונה 250 גר`,מחלבות גד בעמ`,,,'יח,2.50,ל-100 גרם,false,1,19.90,7.96,false,1,
17065236,true,גבינה בולגרית מעודנת 24% 250 גרם,מחלבות גד בעמ`,,,'יח,2.50,ל-100 גרם,false,1,24.70,9.88,false,1,
17065434,true,פרוסות גאודה הולנדית 200 גר`,מחלבות גד בעמ`,,,'יח,2,ל-100 גרם,false,1,21.90,10.95,false,1,
17065441,true,פרוסות גאודה עיזים הולנדית 200 גר`,מחלבות גד בעמ`,,,'יח,2,ל-100 גרם,false,1,33.90,16.95,false,1,
17065526,true,גבינת קוואטרו פורמאג`י 300 גר`,מחלבות גד בעמ`,,,'יח,3,ל-100 גרם,false,1,29.90,9.97,false,1,
17065588,true,יוגורט יווני 600 גר`,מחלבות גד בעמ`,,,'יח,6,ל-100 גרם,false,1,16.90,2.82,false,1,
17065618,true,פקורינו פרוס 150 גר`,מחלבות גד בעמ`,,,'יח,1.50,ל-100 גרם,false,1,20.90,13.93,false,1,
17065663,true,גבינת פטה עיזים מעודנת 16% 250 גר`,מחלבות גד בעמ`,,,'יח,2.50,ל-100 גרם,false,1,31.90,12.76,false,1,
17105895,true,גרגירי חומוס מסעדות יכין 550 גר`,זנלכול יכין,,,'יח,5.50,ל-100 גרם,false,1,9.90,1.80,false,1,
17142128,true,"שמן זית קלאסי עץ הזית 750 מ""ל",סוגת,,,'יח,7.50,"ל-100 מ""ל",false,1,32.90,4.39,true,1,
17142289,true,תרסיס שמן חמניות מזוכך ללא גז,סוגת,,,'יח,1,,false,1,14.90,14.90,false,1,
17513485,true,מחית עגבניות רוסטיקה 680 גר`,תה ויסוצקי בע`מ,,,'יח,6.80,ל-100 גרם,false,1,13.90,2.04,true,1,
17513775,true,פליפז בייגלה מצופה שוקולד חלב 140 גר`,תה ויסוצקי בע`מ,,,'יח,1.40,ל-100 גרם,false,1,8.90,6.36,true,1,
17513782,true,פליפז בייגלה מצופה שוקולד מריר 140 גר`,תה ויסוצקי בע`מ,,,'יח,1.40,ל-100 גרם,false,1,8.90,6.36,true,1,
17589633,true,רזרב קברנה סטבניון gold edition 750 מ`,טמפו משקאות בע`מ,,,'יח,7.50,"ל-100 מ""ל",false,1,49.90,6.61,true,1,
17617046,true,טונה בשמן זית כתית מעולה סטארקיסט 140,דיפלומט מפיצים (1968) בע`מ,,,'יח,1.40,ל-100 גרם,false,1,27.90,19.93,false,1,
17812052,true,"אקסלנס שיראז קברנה סובניון 750 מ""ל",אגודת הכורמים,,,'יח,7.50,"ל-100 מ""ל",false,1,24.90,3.28,false,1,
17812069,true,"אקסלנס ריזלינג שרדונה 750 מ""ל",אגודת הכורמים,,,'יח,7.50,"ל-100 מ""ל",false,1,24.90,3.28,false,1,
17812571,true,תירוש מיץ ענבים טבעי 1 ליטר 100%,אגודת הכורמים,,,'יח,10,"ל-100 מ""ל",false,1,19.90,1.96,false,1,
17812588,true,תירוש לבן מענבי מוסקט 1 ליטר 100%,אגודת הכורמים,,,'יח,10,"ל-100 מ""ל",false,1,19.90,1.96,false,1,
17812618,true,מיץ ענבים תירוש רוזה 1 ליטר,אגודת הכורמים,,,'יח,10,"ל-100 מ""ל",false,1,19.90,1.96,false,1,
17871370,true,סבון ידיים פמלי יהלום -שמן אבוקדו,דנאגיס בעמ,,,'יח,1,,false,1,9.90,9.90,false,1,
17888095,true,רביעיית פחיות שוופס מוגז עדין פ.יער 33,יפאורה - שותפות מוגבלת לשיווק,,,'יח,12,"ל-100 מ""ל",false,1,13.90,1.06,false,1,
17888347,true,"בקבוק מים קטן ספורט 500 מ""ל",יפאורה - שותפות מוגבלת לשיווק,,,'יח,5,"ל-100 מ""ל",false,1,4,0.74,false,1,
17888644,true,"משקה קל אננס בננה כורכום V F 350 מ""ל",יפאורה - שותפות מוגבלת לשיווק,,,'יח,3.50,"ל-100 מ""ל",false,1,6.90,1.89,false,1,
17888729,true,שוופס סודה בבקבוק 1 ליטר,יפאורה - שותפות מוגבלת לשיווק,,,'יח,10,"ל-100 מ""ל",false,1,3.90,0.36,true,1,
17928036,true,מאיר בייגל גריסיני מקלות שומשום 200 ג,דנאגיס בעמ,,,'יח,2,ל-100 גרם,false,1,11.90,5.95,true,1,
17928616,true,מאיר בייגל שטוחלה שומשום 300 גר`,דנאגיס בעמ,,,'יח,3,ל-100 גרם,false,1,11.90,3.97,true,1,
17928821,true,מאיר בייגל גריסיני מקלות קלאסי 200 גר`,דנאגיס בעמ,,,'יח,2,ל-100 גרם,false,1,11.90,5.95,true,1,
18165010,true,יין רזרב גולד גוורצטרמינר 750 מל,טמפו משקאות בע`מ,,,'יח,7.50,"ל-100 מ""ל",false,1,49.90,6.61,true,1,
18165447,true,רזרב גולד מרלו gold edition 750 מ`,טמפו משקאות בע`מ,,,'יח,7.50,"ל-100 מ""ל",false,1,49.90,6.61,true,1,
18192023,true,מקלות סלרי,ביכורי השדה הצפון בעמ` 1964,,,'יח,1,,false,1,6.90,6.90,false,1,
18192658,true,פטריות זוג,ביכורי השדה הצפון בעמ` 1964,,,'יח,1,,false,1,15.90,15.90,false,1,
18198148,true,"תפוגן קריספי ציפס קלאסי 1.25 ק""ג",קבוצת אסם סחר,,,'יח,12.50,ל-100 גרם,false,1,26.90,2.15,false,1,
18213100,true,דלי מגבונים לניקוי וחיטוי משטחים 400יח,מ.א. יצור ויבוא מטליות בעמ`,,,'יח,1,,false,12,19.90,19.90,false,1,
18213124,true,דלי מטליות לחות לרצפה 50 יח`פוקוס,מ.א. יצור ויבוא מטליות בעמ`,,,'יח,0,'יח,false,1,29.90,29.90,false,1,
18359495,true,תירס מהשדה לל`ס יכין 550 גר`,זנלכול יכין,,,'יח,5.50,ל-100 גרם,false,1,9.90,1.80,false,1,
18359686,true,חומוס ענק יכין 550 גר`,זנלכול יכין,,,'יח,5.50,ל-100 גרם,false,1,9.90,1.80,false,1,
18440070,true,תרכיז עגבניות בשפורפרת,תה ויסוצקי בע`מ,,,'יח,5.50,ל-100 גרם,false,1,8.90,1.62,false,1,
18516348,true,פאוץ פרינוק סלט פירות וש.שועל 120 גר`,גורי מוצרי צריכה 1991 בע`מ,,,'יח,1.30,ל-100 גרם,false,1,5.90,4.54,true,1,
19056539,true,פרוט ווטר אננס1.5 ל`,יפאורה - שותפות מוגבלת לשיווק,,,'יח,15,"ל-100 מ""ל",false,1,8.90,0.57,true,1,
32147230,true,מיץ לימון משומר,דנאגיס בעמ,,,'יח,2,"ל-100 מ""ל",false,1,6.90,3.45,false,1,
40144016,true,וורטר סוכריות קשות בטעם חמאה,ליימן שליסל בע`מ,,,'יח,0.50,ל-100 גרם,false,1,3.20,6.40,false,1,
72940754,true,מילקי מעדן חלב וניל עם קצפת %5 170מל,שטראוס גרופ בע`מ,,,'יח,1.30,"ל-100 מ""ל",false,24,2.80,2.15,false,1,
72940761,true,מילקי טעם שוקולד,שטראוס גרופ בע`מ,,,'יח,1.30,"ל-100 מ""ל",false,24,2.90,2.23,false,1,
72940952,true,מילקי קצפת 2p מעדן שוקולד %10 170 מ`,שטראוס גרופ בע`מ,,,'יח,1.70,"ל-100 מ""ל",false,24,3.90,2.29,false,1,
72961506,true,פרילי תות %1.5 125 מל גביע,תנובה חלב,,,'יח,1.25,"ל-100 מ""ל",false,1,3.90,3.12,false,1,
72961520,true,פרילי אננס %1.5 125 מל גביע,תנובה חלב,,,'יח,1.25,"ל-100 מ""ל",false,1,3.90,3.12,false,1,
72961544,true,באדי תות,תנובה חלב,,,'יח,1.25,"ל-100 מ""ל",false,1,3.50,2.80,false,1,
72963104,true,חמאה מפוסטרת,תנובה חלב,,,'יח,2,ל-100 גרם,false,1,4.20,2.10,false,1,
72963753,true,שמנת של פעם %27 200 מ``ל גביע,תנובה חלב,,,'יח,2,"ל-100 מ""ל",false,1,4.90,2.45,false,1,
72964132,true,פרילי טבע עם גרנולה 200 מל גביע,תנובה חלב,,,'יח,2,"ל-100 מ""ל",false,1,5.50,2.75,false,1,
72964422,true,שלי יוגורט %4.5 200 מל גביע,תנובה חלב,,,'יח,2,"ל-100 מ""ל",false,1,3.50,1.75,false,1,
72986233,true,באדי וניל %3 125 מ``ל מהדרין,תנובה חלב,,,'יח,1.25,"ל-100 מ""ל",false,1,3.50,2.80,false,1,
72986240,true,באדי שוקו %3 125 מ``ל מהדרין,תנובה חלב,,,'יח,1.25,"ל-100 מ""ל",false,1,3.50,2.80,false,1,
72986370,true,גלידת בן & ג`ריס 500 מל` וניל,מוצרי איכות אמריקאים,,,'יח,5,ל-100 גרם,false,1,19.90,3.98,true,1,
72986424,true,גלידת בן & ג`ריס 500 מל` קרם עוגיות,מוצרי איכות אמריקאים,,,'יח,5,"ל-100 מ""ל",false,1,19.90,3.98,true,1,
72986448,true,גלידת בן & ג`ריס 500 מל` טופי קראנץ,מוצרי איכות אמריקאים,,,'יח,5,"ל-100 מ""ל",false,1,19.90,3.98,true,1,
72986455,true,גלידת בן & ג`ריס 500 מל` ניו יורק,מוצרי איכות אמריקאים,,,'יח,5,"ל-100 מ""ל",false,1,19.90,3.98,true,1,
72986479,true,גלידת בן & ג`ריס 500 מל` מאנקי,מוצרי איכות אמריקאים,,,'יח,5,"ל-100 מ""ל",false,1,19.90,3.98,true,1,
72993637,true,דני שוקולד %1.5 שומן 125 גרם,שטראוס גרופ בע`מ,,,'יח,1.25,"ל-100 מ""ל",false,24,2.70,2.16,false,1,
72994061,true,פסק זמן GOOD,שטראוס גרופ בע`מ,,,'יח,0,ל-100 גרם,false,20,5.30,5.30,false,1,
80042556,true,עגבניות חתוכות בודד 400 גרם,רסטרטו יבוא ושיווק בעמ,,,'יח,4,ל-100 גרם,false,1,5.90,1.48,false,1,
80052760,true,חטיף קינדר בואנו שוקולד 43 גרם,פרימיום חברה לדברי מתיקה ולמסח,,,'יח,0.43,ל-100 גרם,false,1,3.50,8.14,false,1,
80136194,true,קינדר Happy Hippo ופל במילוי קרם 5יח,פרימיום חברה לדברי מתיקה ולמסח,,,'יח,1.30,ל-100 גרם,false,1,12.90,9.92,false,1,
80177173,true,נוטלה קקאו ואגוזים 350 גרם,פרימיום חברה לדברי מתיקה ולמסח,,,'יח,3.50,ל-100 גרם,false,1,13.90,3.97,false,1,
80177609,true,אצבעות שוקולד קינדר 50 גרם,פרימיום חברה לדברי מתיקה ולמסח,,,'יח,0.50,ל-100 גרם,false,1,3.90,7.80,false,1,
80310167,true,קינד שוקולד מקסי מארז 6 יח`,פרימיום חברה לדברי מתיקה ולמסח,,,'יח,0,ל-100 גרם,false,1,9.90,9.90,false,1,
80773429,true,מסטיק מנטוס טעם תות,ליימן שליסל בע`מ,,,'יח,0.24,ל-100 גרם,false,24,9.90,41.25,true,1,
80773443,true,מסטיק מנטוס טעם פירות,ליימן שליסל בע`מ,,,'יח,0.24,ל-100 גרם,false,24,9.90,41.25,true,1,
80790990,true,מסטיק מנטוס טעם מנטה עדינה,ליימן שליסל בע`מ,,,'יח,0.24,ל-100 גרם,false,24,9.90,41.25,true,1,
80809265,true,לואקר טורטינה חמאת בוטנים,ליימן שליסל בע`מ,,,'יח,2,ל-100 גרם,false,1,3.90,1.95,true,1,
80843184,true,מסטיק מנטוס טעם ענבים,ליימן שליסל בע`מ,,,'יח,0.24,ל-100 גרם,false,24,9.90,41.25,true,1,
80854753,true,סוכריות מנטוס ללא סוכר clean breath,ליימן שליסל בע`מ,,,'יח,0.21,ל-100 גרם,false,1,6.90,32.86,true,1,
80896081,true,מסטיק מנטוס טעם אבטיח,ליימן שליסל בע`מ,,,'יח,0.24,ל-100 גרם,false,24,9.90,41.25,true,1,
80913467,true,מסטיק מנטוס טעם מנטה,ליימן שליסל בע`מ,,,'יח,0.24,ל-100 גרם,false,24,9.90,41.25,true,1,
80945468,true,מסטיק מנטוס מנטה מתוקה 60 גרם,ליימן שליסל בע`מ,,,'יח,6,ל-100 גרם,false,24,9.90,1.65,true,1,
80979128,true,מסטיק מנטוס טעם דובדבן,ליימן שליסל בע`מ,,,'יח,0.24,ל-100 גרם,false,1,9.90,41.25,true,1,
80995128,true,מסטיק מנטוס טעם הדרים,ליימן שליסל בע`מ,,,'יח,0.24,ל-100 גרם,false,24,9.90,41.25,true,1,
87108538,true,מנטוס תות 38גר,ליימן שליסל בע`מ,,,'יח,0.37,ל-100 גרם,false,40,2.90,7.84,false,1,
87108651,true,מנטוס רבעיות מנטה 4*37.5 גרם,ליימן שליסל בע`מ,,,'יח,1,,false,35,10.90,10.90,true,1,
87108712,true,מנטוס רביעיות פירות 4*37.5 גרם,ליימן שליסל בע`מ,,,'יח,1.50,ל-100 גרם,false,35,10.90,7.27,true,1,
87311396,true,מנטוס פירות 38גר,ליימן שליסל בע`מ,,,'יח,0.37,ל-100 גרם,false,40,2.90,7.84,false,1,
16000185517,true,פייבר וואן 555 גרם,קבוצת אסם סחר,,,'יח,5.55,ל-100 גרם,false,1,29.90,5.39,false,1,
16000281684,true,חטיף שיבולת שועל עם שבבי פקאן 5*42גרם,ליימן שליסל בע`מ,,,'יח,2.10,ל-100 גרם,false,12,19.90,9.48,true,1,
16000423534,true,חטיף שיבולת שועל עם שוקולד מריר 5*42 גרם,ליימן שליסל בע`מ,,,'יח,2.10,ל-100 גרם,false,12,19.90,9.48,true,1,
16000548404,true,חטיף שיבולת שועל עם דבש 5*42 גרם,ליימן שליסל בע`מ,,,'יח,2.10,ל-100 גרם,false,12,19.90,9.48,true,1,
16000548503,true,חטיף שיבולת שועל עם מייפל קנדי 5*42גרם,ליימן שליסל בע`מ,,,'יח,2.10,ל-100 גרם,false,12,19.90,9.48,true,1,
16000548602,true,חטיף שיבולת שועל עם קינמון 5*42 גרם,ליימן שליסל בע`מ,,,'יח,2.10,ל-100 גרם,false,12,19.90,9.48,true,1,
16229924263,true,קרם קוקוס 250 מ`ל,גורי מוצרי צריכה 1991 בע`מ,,,'יח,2.50,"ל-100 מ""ל",false,36,9.90,3.96,false,1,
18000701223,true,תערובת להכנת עוגת שוקולד 517 גרם,ליימן שליסל בע`מ,,,'יח,5,ל-100 גרם,false,1,17.90,3.58,false,1,
34000442652,true,טבלת ריזס XL,ליימן שליסל בע`מ,,,'יח,38,ל-100 גרם,false,12,8.90,0.23,false,1,
34000544028,true,ממתק טוויזלרס בטעם תות 198גר,ליימן שליסל בע`מ,,,'יח,1.50,ל-100 גרם,false,12,7.90,5.27,false,1,
34000544431,true,ממתק טוויזלרס בטעם דובדבן 172 גרם,ליימן שליסל בע`מ,,,'יח,1.72,ל-100 גרם,false,12,8.90,5.17,false,1,
37600207188,true,ממרח חמאת בוטנים קלאסי 462 גרם,דיפלומט מפיצים (1968) בע`מ,,,'יח,4.62,ל-100 גרם,false,1,19.90,4.31,false,1,
37600207256,true,ממרח חמאת בוטנים עם שברי בוטנים 462גר`,דיפלומט מפיצים (1968) בע`מ,,,'יח,4.62,ל-100 גרם,false,1,19.90,4.31,false,1,
37600207287,true,ממרח חמאת בוטנים עם דבש 462 גרם,דיפלומט מפיצים (1968) בע`מ,,,'יח,4.62,ל-100 גרם,false,12,19.90,4.31,false,1,
38000138638,true,פרינגלס פיצה 158 גר`,דיפלומט מפיצים (1968) בע`מ,,,'יח,1.58,ל-100 גרם,false,14,9.90,6.27,true,1,
38000138720,true,פרינגלס ראנץ` 158 גר`,דיפלומט מפיצים (1968) בע`מ,,,'יח,1.58,ל-100 גרם,false,1,9.90,6.27,true,1,
38000138874,true,פרינגלס חלפינו 158 גר`,דיפלומט מפיצים (1968) בע`מ,,,'יח,1.58,ל-100 גרם,false,14,9.90,6.27,true,1,
38000183928,true,פרינגלס חרדל ודבש 158 גר`,דיפלומט מפיצים (1968) בע`מ,,,'יח,1.58,ל-100 גרם,false,14,9.90,6.27,true,1,
38000202278,true,פרינגלס וייב-גלי אורגינל 130 גר`,דיפלומט מפיצים (1968) בע`מ,,,'יח,1.30,ל-100 גרם,false,1,9.90,7.62,true,1,
38000232152,true,פרינגלס ביג ברביקיו 158 גר`,דיפלומט מפיצים (1968) בע`מ,,,'יח,1.58,ל-100 גרם,false,14,9.90,6.27,true,1,
38000232176,true,פרינגלס ביג שמנת בצל 158 גר`,דיפלומט מפיצים (1968) בע`מ,,,'יח,1.58,ל-100 גרם,false,14,9.90,6.27,true,1,
38000232183,true,פרינגלס ביג אורגינל 149 גר`,דיפלומט מפיצים (1968) בע`מ,,,'יח,1.49,ל-100 גרם,false,14,9.90,6.64,true,1,
38527591053,true,קוואקר ריבועים קנמון,שטראוס פריטו ליי בע`מ,,,'יח,4.12,ל-100 גרם,false,1,22.40,5.44,true,1,
38527591060,true,קוואקר ריבועים סוכר חום,שטראוס פריטו ליי בע`מ,,,'יח,4.12,ל-100 גרם,false,1,22.40,5.44,true,1,
46214731552,true,עוגיות מרבה שוקולד צ`יפס 225 גרם,ש. שסטוביץ בע`מ,,,'יח,2.25,ל-100 גרם,false,1,9.90,4.40,true,1,
50000084500,true,פריסקיז מעדני השף 1.42 קג,שחורי אריה ואנסטסיה,,,'יח,14.20,ל-100 גרם,false,1,35.90,2.53,false,1,
50000100347,true,פריסקיז מעדני החתול מועשר בחלב 1.4קג,שחורי אריה ואנסטסיה,,,'יח,14.20,ל-100 גרם,false,1,35.90,2.53,false,1,
55369902564,true,"אפלסנקס רביעיית רסק תפו""ע",מור ים מרקטינג בעמ,,,'יח,1,ל-100 גרם,false,1,13.90,13.90,false,1,
72600062320,true,חטיף גבינה בטעם פיצה 198 ג,מור ים מרקטינג בעמ,,,'יח,1.98,ל-100 גרם,false,1,19.90,10.05,false,1,
76840002351,true,גלידת בן ג`ריס 500 מל`gimme s`more,מוצרי איכות אמריקאים,,,'יח,5,"ל-100 מ""ל",false,1,19.90,3.98,false,1,
76840002542,true,גלידת בן ג`ריס 500 מל`פיינט נטפליקס צ,מוצרי איכות אמריקאים,,,'יח,5,"ל-100 מ""ל",false,1,19.90,3.98,false,1,
76840100583,true,גלידת בן & ג`ריס 500 מל`פיינט,מוצרי איכות אמריקאים,,,'יח,5,"ל-100 מ""ל",false,1,19.90,3.98,true,1,
76840100811,true,גלידת בן & ג`ריס 500 מל`באטר קאפ,מוצרי איכות אמריקאים,,,'יח,5,"ל-100 מ""ל",false,1,19.90,3.98,true,1,
76840100989,true,גלידת בן & ג`ריס 500 מל`פיינט פיש פוד,מוצרי איכות אמריקאים,,,'יח,5,"ל-100 מ""ל",false,1,19.90,3.98,true,1,
76840620029,true,גלידת בן & ג`ריס 500 מל` פיינט תות שדה,מוצרי איכות אמריקאים,,,'יח,5,"ל-100 מ""ל",false,1,19.90,3.98,true,1,
76840620036,true,גלידת בן ג`ריס 500 מל`וניל,מוצרי איכות אמריקאים,,,'יח,5,"ל-100 מ""ל",false,1,19.90,3.98,true,1,
77245110610,true,סוכריות Must ללא סוכר בטעם מנטה 80גר`,שטראוס גרופ בע`מ,,,'יח,0.80,ל-100 גרם,false,12,7.90,9.88,false,1,
77975094631,true,בייגלה סנדוויץ גבינה צ`דר 226.8 גר`,ליימן שליסל בע`מ,,,'יח,2.26,ל-100 גרם,false,12,16.90,7.48,true,1,
77975094761,true,שברי בייגל בטעם גבינת צ`אדר 340 גר`,ליימן שליסל בע`מ,,,'יח,3.40,ל-100 גרם,false,12,16.90,4.97,true,1,
77975094778,true,"שברי בייגל בטעם בצל,חרדל ודבש 340 גר`",ליימן שליסל בע`מ,,,'יח,3.40,ל-100 גרם,false,12,16.90,4.97,true,1,
77975095157,true,סניידרס שברי בייגלה בטעם חלפיניו 318גר,ליימן שליסל בע`מ,,,'יח,3.18,ל-100 גרם,false,12,16.90,5.31,true,1,
85696607207,true,טופו רך מרינו,טחנת האבן קואופ בעמ,,,'יח,2.97,ל-100 גרם,false,1,16,5.39,false,1,
305213079004,true,וזלין תחליב גוף צהוב 600 מל`,יוניליוור ישראל שיווק בע`מ,,,'יח,6,"ל-100 מ""ל",false,1,25.90,4.32,false,1,
608614307135,true,חסה סלנובה,ביכורי השדה הצפון בעמ` 1964,,,'יח,1,,false,1,9.90,9.90,false,1,
611745285432,true,סט מגבות למטבח 3 יחידות,הום פרפקט ק.ד.מ בעמ,,,'יח,1,,false,1,14.90,14.90,true,1,
724353783822,true,תמר מג`הול,ביכורי השדה הצפון בעמ` 1964,,,'יח,1,,false,1,25.90,25.90,false,1,
728229123811,true,טרה Mediterranean חטיף צ`יפס 110 גרם,משה סידס ובנו בעמ,,,'יח,1.10,ל-100 גרם,false,1,14.90,13.55,false,1,
728229124764,true,חטיף צ`יפס מבטטה בטעם ברביקיו,משה סידס ובנו בעמ,,,'יח,1.10,ל-100 גרם,false,1,14.90,13.55,false,1,
728229130154,true,חטיף צ`יפס מבטטה וסלק,משה סידס ובנו בעמ,,,'יח,1.10,ל-100 גרם,false,1,14.90,13.55,false,1,
736040018728,true,"וודקה רוסקי סטנדרט 700 מ""ל",ברקת,,,'יח,7,"ל-100 מ""ל",false,1,64.90,9.23,false,1,
804639730167,true,אוכמניות,ביכורי השדה הצפון בעמ` 1964,,,'יח,1,,false,1,17.90,17.90,false,1,
835811001614,true,44 כוסיות שמן זית מוצק,הנמל אריזות ושיווק 1984 בע`מ,,,'יח,0,'יח,false,1,59.90,59.90,true,1,
835811002277,true,שיפודים במבוק עבים 50 יח`,הנמל אריזות ושיווק 1984 בע`מ,,,'יח,1,,false,25,5.90,5.90,false,1,
835811003458,true,מזלגות אלגנט שקוף 50 יח`,הנמל אריזות ושיווק 1984 בע`מ,,,'יח,1,,false,1,7.90,7.90,true,1,
835811003489,true,כפיות אלגנט שקוף 50 יח`,הנמל אריזות ושיווק 1984 בע`מ,,,'יח,1,,false,1,7.90,7.90,true,1,
835811004189,true,פירורי לחם מוזהבים 800 גר`,הנמל אריזות ושיווק 1984 בע`מ,,,'יח,8,ל-100 גרם,false,1,10.90,1.36,false,1,
835811004219,true,מפה שולחן בגליל עבה 8 יח`,הנמל אריזות ושיווק 1984 בע`מ,,,'יח,1,,false,1,9.90,9.90,false,1,
835811005322,true,פחם דרום אמריקאי 2 ק`ג,הנמל אריזות ושיווק 1984 בע`מ,,,'יח,1,,false,7,14.90,14.90,false,1,
835811005810,true,מגש הכסף תבנית מרובע קטן+מכסה 10 יח`,הנמל אריזות ושיווק 1984 בע`מ,,,'יח,1,,false,24,11.90,11.90,false,1,
835811005940,true,מגש הכסף תבנית אלומ`גדולה+מכסה 8 יח`,הנמל אריזות ושיווק 1984 בע`מ,,,'יח,1,,false,18,11.90,11.90,false,1,
835811006435,true,תבנית אלומיניום מלבן עמוק+מכסה 9 יח`,הנמל אריזות ושיווק 1984 בע`מ,,,'יח,1,,false,15,11.90,11.90,false,1,
835811007357,true,.סלטינות 25 יח*לבן,הנמל אריזות ושיווק 1984 בע`מ,,,'יח,1,,false,56,5.90,5.90,false,1,
835811008347,true,גפרור ענק,הנמל אריזות ושיווק 1984 בע`מ,,,'יח,1,,false,48,6.90,6.90,true,1,
835811008699,true,כפות 50 יח`עבה שקוף וקרם,הנמל אריזות ושיווק 1984 בע`מ,,,'יח,1,,false,20,15.90,15.90,false,1,
835811008958,true,כפיות 50יח שקוף/קרם,הנמל אריזות ושיווק 1984 בע`מ,,,'יח,1,,false,20,7.90,7.90,true,1,
835811008996,true,כוסות קרטון 50 יח`OZ10,הנמל אריזות ושיווק 1984 בע`מ,,,'יח,1,,false,20,23.90,23.90,true,1,
835811009436,true,צלחות ענקיות צבעוניות חד פעמי25יח`,הנמל אריזות ושיווק 1984 בע`מ,,,'יח,1,,false,20,23.90,23.90,true,1,
839762000658,true,איילנד משקה גויאבה 1 ליטר פיקדון,טמפו משקאות בע`מ,,,'יח,10,"ל-100 מ""ל",false,6,13.20,1.29,false,1,
856591000109,true,עוגיות מקלות לניגוב 400 גרם,תה ויסוצקי בע`מ,,,'יח,4,ל-100 גרם,false,1,17.90,4.48,false,1,
856591000918,true,מארז עוגיות מזרחיות בטעם טבעי 8*40 גר`,תה ויסוצקי בע`מ,,,'יח,0,ל-100 גרם,false,1,18.90,18.90,false,1,
856591000970,true,מזרחיות מקלות בטעם חריף 400 גרם,תה ויסוצקי בע`מ,,,'יח,4,ל-100 גרם,false,1,17.90,4.48,false,1,
893594002051,true,חטיף פופקורן ציפס בטעם גבינת צ`דר 32 ג,שטראוס פריטו ליי בע`מ,,,'יח,3.20,ל-100 גרם,false,1,5.90,1.84,false,1,
3046920028004,false,לינדט שוקולד אקסלנס מריר 70% 100 גר,לינדט ושפרונגלי קילשברג,,,'יח,1,ל-100 גרם,false,1,14.90,14.90,true,1,
3046920028363,false,לינדט אקסלנס 85% מוצקי קקאו 100 גרם,לינדט ושפרונגלי קילשברג,,,'יח,1,ל-100 גרם,false,1,14.90,14.90,true,1,
3073781162790,false,גבינה מותכת בייבי בל 120 גרם,א. סיימן סחר בעמ,,,'יח,1.20,ל-100 גרם,false,12,20.90,17.42,true,1,
3161911366429,false,חמאה צרפתית מלוחה רכה למריחה אלוויר 250 גר',א. סיימן סחר בעמ,,,'יח,2.50,ל-100 גרם,false,1,22.90,9.16,true,1,
3161911393210,false,חמאת נורמנדי מלוחה אלוויר 200 גרם,א.סיימן סחר בעמ,,,'יח,2,ל-100 גרם,false,1,18.90,9.45,false,1,
3178530402353,false,עוגות מיני מדלן קלאסי סאן מישל 175 גרם,סאן מישל ביסוויט,,,'יח,1.75,ל-100 גרם,false,1,13.90,7.94,true,1,
3387390525960,false,קראנץ' דגני בוקר עם שוקולד חלב נסטלה 500 גרם,קבוצת אוסם סחר שותפות מוגבלת,,,'יח,5,ל-100 גרם,false,1,19.90,3.98,true,1,
3574661329765,false,מרכך טיפות של ברק ג'ונסונס 750 גרם,גונסון אנד גונסון,,,'יח,7.50,"ל-100 מ""ל",false,1,20.90,2.79,false,1,
3574661487335,false,מגן תחתון קרפרי מקסי לונג ריחני 40 יחידות,ש. שסטוביץ בע`מ,,,'יח,1,ל-100 גרם,false,1,16.90,16.90,true,1,
3574661500355,false,קרפרי מגן תחתון מקסי לונג רגיל 40 יח',ג'ויה מעבדות לקוסמטי,,,'יח,1,ל-100 גרם,false,1,16.90,16.90,true,1,
3574661552576,false,קרפרי מגן תחתון רגיל טנגה לבן 56 יח חדש,הדקלאים אגודת שיתופי,,,'יח,1,ל-100 גרם,false,1,16.90,16.90,true,1,
3574661552804,false,מגן תחתון קרפרי אלוורה 56 יחידות,הדקלאים אגודת שיתופי,,,'יח,1,ל-100 גרם,false,1,16.90,16.90,true,1,
3574661552811,false,מגן תחתון קרפרי כותון אוורירי 56 יחידות,הדקלאים אגודת שיתופי,,,'יח,1,ל-100 גרם,false,1,16.90,16.90,true,1,
3574661554877,false,מגן תחתון קרפרי כותון מבושם 56 יחידות,הנסיך- מפעל לייצור ט,,,'יח,1,ל-100 גרם,false,1,16.90,16.90,true,1,
3574669907781,false,גונסונס בייבי שמפו לתינוק 750 מל,ש. שסטוביץ בע`מ,,,'יח,7.50,"ל-100 מ""ל",false,1,25.90,3.45,true,1,
3800020472569,false,חטיף קיט קאט צ`אנקי קרמל מלוח 42 גרם,קבוצת אוסם סחר שותפות מוגבלת,,,'יח,0.42,ל-100 גרם,false,1,3.90,9.29,false,1,
4000415040109,false,שוקולד שוגטן קרמל בראוני טבעי100ג,לודוויג שוקולד,,,'יח,1,ל-100 גרם,false,1,5.90,5.90,true,1,
4000415143800,false,שוקולד טרילוגיה טבעי שוגטן 100 גרם,לודוויג שוקולד,,,'יח,1,ל-100 גרם,false,1,5.90,5.90,true,1,
4000415440701,false,שוקו-פאן שישיות בוטנים 216 גרם,יעד ממתקים בעמ,,,'יח,1.30,ל-100 גרם,false,1,8.90,6.85,true,1,
4000415730109,false,שוקולד שוגטן מריר עם אגוזים קצוצים 100גר,לודוויג שוקולד,,,'יח,1,ל-100 גרם,false,1,5.90,5.90,true,1,
4000415749606,false,שוקולד שוגטן יום הולדת 100 גרם,לודוויג שוקולד,,,'יח,1,ל-100 גרם,false,1,5.90,5.90,true,1,
4000415851705,false,שוקולד נוגט טבעי שוגטן 100 גרם,"לודוויג שוקולד בע""\מ",,,'יח,1,ל-100 גרם,false,1,5.90,5.90,true,1,
4000607850004,false,שוקולד חלב טבעי שוגטן 100 גרם,"לודוויג שוקולד בע""\מ",,,'יח,1,ל-100 גרם,false,1,5.90,5.90,true,1,
4000607851001,false,שוקולד חלב אגוזים טבעי שוגטן 100 גרם,"לודוויג שוקולד בע""\מ",,,'יח,1,ל-100 גרם,false,1,5.90,5.90,true,1,
4000607854705,false,שוקולד תות טבעי שוגטן 100 גרם,לודוויג שוקולד,,,'יח,1,ל-100 גרם,false,1,5.90,5.90,true,1,
4002448017684,false,"סיליט באנג ספריי ניקוי כללי מסיר אבנית 750 מ""ל",רקיט בנקיזר (ניר איסט) בעמ,,,'יח,7.50,"ל-100 מ""ל",false,1,10.90,1.45,true,1,
4002590000046,false,סוכריות בטעם מנטה מרענן קלפני 150 גרם,ליימן שליסל בע`מ,,,'יח,1.50,ל-100 גרם,false,1,10.60,7.07,false,1,
4008400230726,false,ביצת הפתעה קינדר מקסי 100 גרם,פרימיום-חברה לדברי מתיקה ולמסח,,,'יח,0,ל-100 גרם,false,1,24.90,24.90,false,1,
4008496927364,false,מארז 10 סוללות VARTA AAA -חדש,ד.ש.ש אלקטרוניקה בעמ`,,,'יח,1,'יח,false,1,19.90,19.90,false,1,
4011800628512,false,חטיף קורני שוקולד חלב 6 יח 150 גר,מיוצר עי קונדיטוריית,,,'יח,1.50,ל-100 גרם,false,1,11.90,7.93,true,1,
4011800630515,false,חטיף קורני שוקולד חלב ובננה 6 יח 150 גר,מיוצר עי קונדיטוריית,,,'יח,1.50,ל-100 גרם,false,1,11.90,7.93,true,1,
4014400904277,false,סוכריות בטעם מנטה אייס פרש סטורק 425 גרם,ליימן שליסל בע`מ,,,'יח,4.25,ל-100 גרם,false,15,18.90,4.45,false,1,
4014400910063,false,סוכריות חמאה וורטרס אורגינל (135 גרם),ליימן שליסל בע`מ,,,'יח,1.35,ל-100 גרם,false,15,9.90,7.33,true,1,
4014400914696,false,וורטרס אורגינל סוכריות ללא סוכר 80 גרם,ליימן שליסל בע`מ,,,'יח,1,,false,18,9.90,9.90,true,1,
4014400920857,false,וורטר אורגינל ללא סוכר בטעם שוקולד-שקית 70 גרם,קריניציה ויטמינה אס,,,'יח,0.70,ל-100 גרם,false,18,9.90,14.14,true,1,
4014400923711,false,בונבוניירה שוקולד אגוזים טופיפי 125 גרם,ליימן שליסל בע`מ,,,'יח,1.25,ל-100 גרם,false,30,12.90,10.32,true,1,
4015400564034,false,מגן תחתון אולוויז מגה פק לונג פלוס 58 יחידות,דיפלומט מפיצים (1986) בע`מ,,,'יח,1,ל-100 גרם,false,1,19.90,19.90,true,1,
4015400681670,false,תחבושות אולוויז וליו פק לילה בטוח 18 יחידות,דיפלומט מפיצים (1986) בע`מ,,,'יח,1,ל-100 גרם,false,1,19.90,19.90,true,1,
4015400731719,false,תחבושות היגייניות אולוויז יום ולילה Day & Night,דיפלומט מפיצים (1986) בע`מ,,,'יח,1,ל-100 גרם,false,1,19.90,19.90,true,1,
4015400755487,false,תחבושות היגייניות אולוויז אולטרה לונג - 24 יח',דיפלומט מפיצים (1986) בע`מ,,,'יח,1,ל-100 גרם,false,1,19.90,19.90,true,1,
4015600762742,false,שמפו יומיומי למניעת קשקשים הנוסחה הקלאסית,דיפלומט מפיצים (1986) בע`מ,,,'יח,5,"ל-100 מ""ל",false,6,18.90,3.78,false,1,
4015600762780,false,שמפו וקונדישינר יומיומי למניעת קשקשים הנוסחה הקלאסית 2in1,דיפלומט מפיצים (1986) בע`מ,,,'יח,5,"ל-100 מ""ל",false,6,18.90,3.78,false,1,
4015600762902,false,"שמפו האד אנד שולדרס מנטול 500 מ""ל",דיפלומט מפיצים (1986) בע`מ,,,'יח,5,"ל-100 מ""ל",false,6,18.90,3.78,false,1,
4015600763022,false,שמפו יומיומי למניעת קשקשים לשיער יבש/פגום לשיער רך כמשי,דיפלומט מפיצים (1986) בע`מ,,,'יח,5,"ל-100 מ""ל",false,6,18.90,3.78,false,1,
4015600766900,false,"שמפו ומרכ ך נגד קשקשים 500 מ""ל הד אנד שולדרס",דיפלומט מפיצים (1986) בע`מ,,,'יח,5,"ל-100 מ""ל",false,6,18.90,3.78,false,1,
4025700001962,false,מילקה טבלה 100 גר' לבן 1/22 (4248023),דיפלומט מפיצים (1968) בעמ**,,,'יח,1,,false,24,5.90,5.90,false,1,
4066600999614,false,"בירה פאולנר, בירת חיטה מעוננת, בקבוק 500 מ""ל",טמפו משקאות בע`מ,,,'יח,0.50,"ל-100 מ""ל",false,20,10.90,21.20,false,1,
4084500088917,false,נוזל לניקוי כלים לימון פיירי (650 מל),דיפלומט מפיצים (1986) בע`מ,,,'יח,6.50,"ל-100 מ""ל",false,16,10.90,1.68,false,1,
4084500149526,false,טייד גל כביסה 2.48 ליטר אלפים רענן,דיפלומט מפיצים (1986) בע`מ,,,'יח,24.80,"ל-100 מ""ל",false,4,29.90,1.21,false,1,
4084500853553,false,פיירי נוזל כלים קלאסי אורגינל 650 מל,דיפלומט מפיצים (1986) בע`מ,,,'יח,6.50,"ל-100 מ""ל",false,16,10.90,1.68,false,1,
4084500853836,false,"נוזל כלים פיירי ורדים ומשי 515 מ""ל בד""צ",דיפלומט מפיצים (1986) בע`מ,,,'יח,5.15,"ל-100 מ""ל",false,1,10.90,2.12,false,1,
4084500853898,false,"נוזל כלים פיירי אלוורה ומלפפונים 515 מ""ל בד""צ",דיפלומט מפיצים (1986) בע`מ,,,'יח,5.15,"ל-100 מ""ל",false,1,10.90,2.12,false,1,
4640018993350,false,פיניש קוואנטום קפסולות ג'ל למדיח כלים לימון 30 יח',רקיט בנקיזר (ניר איסט) בעמ,,,'יח,1,'יח,false,1,41.90,41.90,true,1,
4810168051570,false,"בלינצ'ס במילוי תפו""ע וקינמון מוקפא 360 גרם",דילר בי.אם.די. פורמולה בעמ,,,'יח,3.60,ל-100 גרם,false,1,13.90,3.86,true,1,
4903001904192,false,רוטב סויה יאמאסה פרימיום 500מ`ל,הדקלאים אגודת שיתופי,,,'יח,5,"ל-100 מ""ל",false,12,18.90,3.78,false,1,
5000146057710,false,ספריי רב שימושי לחלונות ומשטחים ווינדולין Windolene,רקיט בנקיזר (ניר איסט) בעמ,,,'יח,1.50,לליטר,false,1,7.90,5.27,false,1,
5000157143365,false,מתבל בטעם מיונז וקטשופ היינץ 425 גרם,דיפלומט מפיצים (1968) בעמ**,,,'יח,1,,false,1,14.90,14.90,false,1,
5000394141209,false,שישיות סוללות AAA פלוס פאוור דורסל,דיפלומט מפיצים (1986) בע`מ,,,'יח,1,'יח,false,1,19.90,19.90,false,1,
5010182998847,false,דאק נוזל לניקוי אסלות בניחוח ים 750 מל,מיוצר עי קונדיטוריית,,,'יח,7.50,"ל-100 מ""ל",false,1,8.90,1.19,false,1,
5010182998861,false,דאק נוזל לניקוי אסלות בניחוח רענן 750 מל,מיוצר עי קונדיטוריית,,,'יח,7.50,"ל-100 מ""ל",false,1,8.90,1.19,false,1,
5010677551281,false,בריזר לימון בבקבוק בקרדי (275 מל),בקרדי בריזר Bacardi Breezer,,,'יח,2.75,"ל-100 מ""ל",false,24,13.90,4.95,true,1,
5010677554398,false,בריזר אבטיח בבקבוק בקרדי (275 מל),בקרדי בריזר Bacardi Breezer,,,'יח,2.75,"ל-100 מ""ל",false,24,13.90,4.95,true,1,
5014271350424,false,מעדן ארבעה פירות ללא תוספת סוכר 284 גרם,סאן דלפור - שמבור,,,'יח,2.84,ל-100 גרם,false,6,20.90,7.36,true,1,
5014271400426,false,"מעדן בטעם תות שדה לל""ס סאן דלפור 284 גרם",סאן דלפור - שמבור,,,'יח,2.84,ל-100 גרם,false,6,20.90,7.36,true,1,
5029053002408,false,קלינקס - נייר טואולט קליניקס לבן 9 גלילים,קימברלי קלארק ישראל שיווק בעמ,,,'יח,11.84,ל-100 גרם,false,5,29.90,2.53,false,1,
5029053535227,false,קוטקס טמפון עם מוליך נורמל 16 יחידות,קימברלי קלארק ישראל שיווק בעמ,,,'יח,0,ל-100 גרם,false,8,19.90,19.90,false,1,
5029054220085,false,האגיס - מגבוני האגיס אקסטרה קר לא מבושם 56 יח' * 4,קימברלי קלארק ישראל שיווק בעמ,,,'יח,1,'יח,false,3,19.90,19.90,false,1,
5050083559761,false,דגני בוקר קלוגס קוקו פופס שוקוס 500 גרם,קלוגס מניופקטורינג אספנה,,,'יח,5,ל-100 גרם,false,1,19.90,3.98,false,1,
5060255492185,false,אברקלין עוצמה מחוזקת בניחוח מרענן 6 ליטר,שחורי אריה ואנסטסיה,,,'יח,60,ל-100 גרם,false,1,69.90,1.17,false,1,
5410126006087,false,ביסקויט ביסקפה לוטוס בטעם קרמל 700גר`ב,דיפלומט מפיצים (1968) בעמ**,,,'יח,7,ל-100 גרם,false,7,26.90,3.84,false,1,
5410126106022,false,לוטוס ביסקויט מארז חג 2*250ג.,דיפלומט מפיצים (1968) בעמ**,,,'יח,5,ל-100 גרם,false,1,15.90,3.18,false,1,
5410126106183,false,עוגיות לוטוס 50 יחידות ארוזות בנפרד 312 גרם,דיפלומט מפיצים (1968) בעמ**,,,'יח,3.12,ל-100 גרם,false,6,16.90,5.42,false,1,
5410126726947,false,ממרח ביסקוויט קרמל קראנץ' לוטוס 380 גרם,דיפלומט מפיצים (1968) בעמ**,,,'יח,3.80,ל-100 גרם,false,12,21.90,5.76,false,1,
5410291021991,false,ממרח אגוזי לוז עם קקאו צ`וקטה (700 גרם),ש. שסטוביץ בע`מ,,,'יח,7,ל-100 גרם,false,6,18.90,2.70,false,1,
5410291022738,false,צ'וקטה ממרח חלב ואגוזי לוז עם קקאוי 350ג',ש. שסטוביץ בע`מ,,,'יח,3.50,ל-100 גרם,false,12,10.90,3.11,false,1,
5411188112709,false,"משקה קוקוס אלפרו 1 ליטר משקה שקדים לל""ס",הנסיך- מפעל לייצור ט,,,'יח,10,"ל-100 מ""ל",false,1,14.90,1.49,false,1,
5411188115472,false,משקה סויה אלפרו 1 ליטר,הנסיך- מפעל לייצור ט,,,'יח,10,"ל-100 מ""ל",false,1,15.90,1.59,false,1,
5411188121978,false,אלפרו משקה סויה עמיד מועשר בסידן 3*250,שטראוס גרופ בע`מ,,,'יח,10,"ל-100 מ""ל",false,1,14.90,1.49,false,1,
5411188124689,false,משקה אלפרו שיבולת שועל ללא סוכר 1 ליטר,שטראוס גרופ בע`מ,,,'יח,10,"ל-100 מ""ל",false,1,14.90,1.49,false,1,
5411188134985,false,אלפרו 3.5% NOT M*LK שיבולת שועל 1 ליטר בית יוסף,שטראוס גרופ בעמ/מצונן,,,'יח,10,"ל-100 מ""ל",false,1,13.90,1.39,false,1,
5411188135005,false,אלפרו 1.8% NOT M*LK שיבולת שועל 1 ליטר בית יוסף,שטראוס גרופ בעמ/מצונן,,,'יח,10,"ל-100 מ""ל",false,1,13.90,1.39,false,1,
5411188300328,false,אלפרו משקה סויה עמיד בטעם שוקו 1 ליטר,הנסיך- מפעל לייצור ט,,,'יח,10,"ל-100 מ""ל",false,1,15.90,1.59,false,1,
5469874235904,false,שלישייה גרבי גבר,הום פרפקט ק.ד.מ בעמ,,,'יח,1,,false,1,14.90,14.90,true,1,
5489742354377,false,שלישייה גרבי גבר,הום פרפקט ק.ד.מ בעמ,,,'יח,1,,false,1,14.90,14.90,true,1,
5601008200444,false,עוגיות גודיס טבעות מצופות שוקולד חלב מרבה 150 גרם,הנסיך- מפעל לייצור ט,,,'יח,1.50,ל-100 גרם,false,1,7.90,5.27,true,1,
5601008200468,false,עוגיות גודיס טבעות מצופות שוקולד לבו מרבה 150 גרם,קריניציה ויטמינה אס,,,'יח,1.50,ל-100 גרם,false,1,7.90,5.27,true,1,
5601217129420,false,וולייט דפים למניעת העברת צבע 20 יחידות,רקיט בנקיזר (ניר איסט) בעמ,,,'יח,20,ל-100 גרם,false,1,19.90,1,false,1,
5701932026964,false,"הוטפופ גרעיני תירס להכנת פופקורן במיקרוגל בטעם טבעי, בתוספת מלח, 600 גרם",ליימן שליסל בע`מ,,,'יח,6,ל-100 גרם,false,12,14.90,2.48,true,1,
5701932026971,false,הוטפופ גרעיני תירס להכנת פופקורן במיקרוגל בטעם חמאה 600 גרם,ליימן שליסל בע`מ,,,'יח,6,ל-100 גרם,false,12,14.90,2.48,true,1,
5701932026995,false,"הוטפופ גרעיני תירס להכנת פופקורן במיקרוגל בטעם טבעי מופחת שומן, 510 גרם",קריניציה ויטמינה אס,,,'יח,5.10,ל-100 גרם,false,12,14.90,2.92,true,1,
5711953106583,false,גבינת שמנת בטעם טבעי 200 גרם ארלה,שטראוס גרופ בעמ/מצונן,,,'יח,2,ל-100 גרם,false,1,15.90,7.95,false,1,
5740900403215,false,ממרח חמאה דנית לורפק עם מלח 250 גרם,שטראוס גרופ בעמ/מצונן,,,'יח,2.50,ל-100 גרם,false,1,16.90,6.76,true,1,
5740900403222,false,ממרח לורפק חמאה עם מלח מופחת שומן 250 ג,שטראוס גרופ בעמ/מצונן,,,'יח,2.80,ל-100 גרם,false,1,16.90,6.04,true,1,
5740900403239,false,ממרח חמאה דנית לורפק ללא מלח 250 גרם,שטראוס גרופ בעמ/מצונן,,,'יח,2.50,ל-100 גרם,false,1,16.90,6.76,true,1,
5740900403260,false,ממרח מחמאת לורפק ללא מלח 27% פחות שומן,שטראוס גרופ בעמ/מצונן,,,'יח,2.50,ל-100 גרם,false,1,16.90,6.76,true,1,
5740900403864,false,חמאה +מלח 200 גרם לורפק כשרות או קיי,שטראוס גרופ בעמ/מצונן,,,'יח,2,ל-100 גרם,false,1,11.90,5.95,false,1,
5900020012814,false,דגנים תפוחים בטעם שוקולד נסקוויק נסטלה 500 גרם,קבוצת אוסם סחר שותפות מוגבלת,,,'יח,5,ל-100 גרם,false,1,19.90,3.98,true,1,
5900020026552,false,דגני בוקר האני נאט צ'יריוס בטעם דבש ושקדים,קבוצת אוסם סחר שותפות מוגבלת,,,'יח,6.25,ל-100 גרם,false,1,19.90,3.18,true,1,
5900020031877,false,נסטלה האני ציריוס חטיף דגני בוקר שישייה,קבוצת אוסם סחר-שות.מוגבלת,,,'יח,1.50,ל-100 גרם,false,1,14.90,9.93,true,1,
5900020032539,false,מארז חטיף פיטנס שוקולד 8 X 23.5 גרם,קבוצת אוסם סחר שותפות מוגבלת,,,'יח,1.35,ל-100 גרם,false,1,14.90,11.04,true,1,
5900020034991,false,דגני בוקר צדפים בטעם שוקולד 450 ג' קראנץ',קבוצת אוסם סחר שותפות מוגבלת,,,'יח,4.50,ל-100 גרם,false,1,19.90,4.42,true,1,
5900020037916,false,דגני בוקר שיבולת שועל צ'ריוס 375ג',קבוצת אוסם סחר שותפות מוגבלת,,,'יח,3.75,ל-100 גרם,false,1,16,4.27,false,1,
5900352002361,false,עוגיות יזיקי קלאסיק 140 גרם,יעד ממתקים בעמ,,,'יח,1.40,ל-100 גרם,false,1,6.90,4.93,true,1,
5900352002866,false,חטיף אליבי שוקולד וקרמל 49 גרם,אליבי מקס Alibi Max,,,'יח,4.90,ל-100 גרם,false,1,2.50,0.51,true,1,
5900352004044,false,עוגיות יזיקי קוקוס 140 גרם,יעד ממתקים בעמ,,,'יח,1.40,ל-100 גרם,false,1,6.90,4.93,true,1,
5900352004457,false,עוגיות יזיקי קפה 140 גרם,יעד ממתקים בעמ,,,'יח,1.40,ל-100 גרם,false,1,6.90,4.93,true,1,
5900352006468,false,עוגיות יזיקי שרי 140 גרם,יעד ממתקים בעמ,,,'יח,1.40,ל-100 גרם,false,1,6.90,4.93,true,1,
5900352008509,false,עוגיות יזיקי אדווקט 140 גרם,יעד ממתקים בעמ,,,'יח,1.40,ל-100 גרם,false,1,6.90,4.93,true,1,
5900352012605,false,טייגר חטיף אליבי קוקוס 49 גרם,אליבי מקס Alibi Max,,,'יח,4.90,ל-100 גרם,false,1,2.50,0.51,true,1,
5900352014449,false,וופל בלגי וניל 130 גר` יעד ממתקים,יעד ממתקים בעמ,,,'יח,1.30,ל-100 גרם,false,1,3.90,3,true,1,
5900352014456,false,וופל בלגי שוקולד 130 גר` יעד ממתקים,יעד ממתקים בעמ,,,'יח,1.30,ל-100 גרם,false,1,3.90,3,true,1,
5900352014890,false,עוגיות יזיקי מריר תפוז 140 גרם,יעד ממתקים בעמ,,,'יח,1.40,ל-100 גרם,false,1,6.90,4.93,true,1,
5900352015125,false,עוגיות יזיקי קרמל מלוח 140 גרם,יעד ממתקים בעמ,,,'יח,1.40,ל-100 גרם,false,1,6.90,4.93,true,1,
5900352015576,false,וופל בלגי קרם קוקוס 130 גר` יעד ממתקים,יעד ממתקים בעמ,,,'יח,1.30,ל-100 גרם,false,1,3.90,3,true,1,
5900394009762,false,וופל אידיליה 47 גרם,יעד ממתקים בעמ,,,'יח,4.70,ל-100 גרם,false,1,2.50,0.53,true,1,
5902198160403,false,XL משקה אנרגיה מוגז ללא סוכר עד 10 קלוריות לפחית 250 מל,"טמפו משקאות בע""\מ",,,'יח,2.50,"ל-100 מ""ל",false,24,4.90,1.84,true,1,
5904941751524,false,"משקה אנרגיה BLU DAY אבטיח בודד 250 מ""ל",בני פאוזי שמשום (2009) בעמ,,,'יח,2.50,"ל-100 מ""ל",false,1,3.90,1.44,true,1,
5904941751920,false,בלו משקה אנרגיה דיי חצי מכמות הקלו250 מל,בני פאוזי שמשום (2009) בעמ,,,'יח,2.50,"ל-100 מ""ל",false,1,3.90,1.44,true,1,
5906485301012,false,משקה אנרגיה XL מוגז פחית 250 מל,טמפו משקאות בע`מ,,,'יח,2.50,"ל-100 מ""ל",false,24,4.90,1.84,true,1,
6102017501939,false,מצת להבה לגז brico {במעמד},אוהב ציון בעמ (מבצעים),,,'יח,1,,false,1,9.90,9.90,true,1,
6111094000242,false,תומר קוסקוס דארי דק 500גר,תומר ייבוא ושיווק מוצרי מזון [,,,'יח,5,ל-100 גרם,false,1,9.60,1.92,false,1,
6111094000259,false,קוסקוס להכנה מהירה דארי (500 גרם),תומר ייבוא ושיווק מוצרי מזון [,,,'יח,5,ל-100 גרם,false,18,9.90,1.98,false,1,
6937893229895,false,מארז סכיני סטייק משוננות 9 יח`,הום פרפקט ק.ד.מ בעמ,,,'יח,1,,false,1,19.90,19.90,false,1,
7271730901261,false,ווקי מאק ארוחת אטריות עם גבינה 156 גרם,ניו וורלד פסטה קומפנ,,,'יח,1.56,ל-100 גרם,false,1,10.90,6.99,false,1,
7290000023083,false,ערק אשקלון בקבוק 700,טמפו משקאות בע`מ,,,'יח,7,"ל-100 מ""ל",false,1,54.90,7.80,false,1,
7290000023816,false,קלאסיק אמרלד ריזלינג יקבי ברקן (750 מל),יקבי ברקן שיווק והפצה בע,,,'יח,7.50,"ל-100 מ""ל",false,1,31.90,4.21,true,1,
7290000023830,false,יין קברנה בלאש סמוק ברקן קלאסי,יקבי ברקן שיווק והפצה בע,,,'יח,7.50,"ל-100 מ""ל",false,1,31.90,4.21,true,1,
7290000023977,false,קלאסיק מרלו יקבי ברקן (750 מל),יקבי ברקן שיווק והפצה בע,,,'יח,7.50,"ל-100 מ""ל",false,1,31.90,4.21,true,1,
7290000040042,false,יופלה יוגורט תות %3 גביע 150 גרם,"תנובה בע""מ ***",,,'יח,1.50,"ל-100 מ""ל",false,1,5.50,3.67,false,1,
7290000040066,false,יופלה יוגורט דובדבן %3 גביע 150 גרם,תנובה מרכז שיתופי לש,,,'יח,1.50,"ל-100 מ""ל",false,1,5.50,3.67,false,1,
7290000040080,false,יופלה יוגורט אפרסק %3 גביע 150 גרם,"תנובה בע""מ ***",,,'יח,1.50,"ל-100 מ""ל",false,1,5.50,3.67,false,1,
7290000040301,false,תנובה עין גדי קממבר מחלב בקר 24% שומן,תנובה מרכז שיתופי לש,,,'יח,2,ל-100 גרם,false,1,21.90,10.95,false,1,
7290000040318,false,גבינת עדי ברי 24% קולאז` (125 גרם)קולקש,תנובה מרכז שיתופי לש,,,'יח,2,ל-100 גרם,false,1,21.90,10.95,false,1,
7290000040462,false,טוסטי גבינה בסגנון אמריקאי אדם 23% תנובה 200 גרם,תנובה מרכז שיתופי לש,,,'יח,2,ל-100 גרם,false,1,19.90,9.95,false,1,
7290000041445,false,קוטג תנובה גביע 250 גרם 5% בדצ,מיוצר עי קונדיטוריית,,,'יח,2.50,ל-100 גרם,false,1,5.60,2.24,false,1,
7290000041858,false,"שמנת חמוצה 15% מועשרת יטבתה 200 מ""ל",שטראוס גרופ בעמ/מצונן,,,'יח,2,"ל-100 מ""ל",false,20,2.40,1.20,false,1,
7290000042022,false,חלב על הבוקר1%קרט+.פקק1ל,תנובה מרכז שיתופי לש,,,'יח,10,"ל-100 מ""ל",false,1,8.90,0.89,false,1,
7290000042435,false,חלב דל שומן 1% בקרטון תנובה (1 ליטר)פיק,תנובה מרכז שיתופי לש,,,'יח,10,"ל-100 מ""ל",false,1,5.86,0.59,false,1,
7290000042503,false,חלב עמיד הומוגני 3% תנובה (1 ליטר),תנובה מרכז שיתופי לש,,,'יח,10,"ל-100 מ""ל",false,1,7.90,0.79,false,1,
7290000042541,false,חלב עמיד 1% הומוגני 1 ל',תנובה חלב,,,'יח,10,"ל-100 מ""ל",false,1,8.90,0.89,false,1,
7290000042671,false,חלב עמיד %3 קרטון 1 ל בהכשר בדצ,תנובה מרכז שיתופי לש,,,'יח,10,"ל-100 מ""ל",false,1,7.90,0.79,false,1,
7290000042855,false,"שוקו בשקית 250 מ""ל ""יטבתה""",שטראוס גרופ בעמ/מצונן,,,'יח,2.25,"ל-100 מ""ל",false,1,2.50,1.11,false,1,
7290000043814,false,השף הלבן שמנת להקצפה 38% שומן 250 מל - מוצר בפיקוח,תנובה מרכז שיתופי לש,,,'יח,2.50,"ל-100 מ""ל",false,1,6.47,2.59,false,1,
7290000043890,false,תנובה רויון לבן מחלב מפסוטר 1.5%,תנובה מרכז שיתופי לש,,,'יח,10,"ל-100 מ""ל",false,1,12.90,1.29,false,1,
7290000043944,false,כד יוגורט תנובה 4% שומן 1.5 ליטר,מיוצר עי קונדיטוריית,,,'יח,1.50,"ל-100 מ""ל",false,1,18.90,12.60,false,1,
7290000044248,false,רויון בקרטון 1.5% 500 מל,תנובה - חלב,,,'יח,5,"ל-100 מ""ל",false,1,7.90,1.58,false,1,
7290000044712,false,יוגורט עם תות 1.5% שומן 500 ג' פרילי,מיוצר עי קונדיטוריית,,,'יח,5,"ל-100 מ""ל",false,1,11.90,2.38,false,1,
7290000044880,false,יוגורט בטעם תות שדה 3% באדי (500 גרם),מיוצר עי קונדיטוריית,,,'יח,5,"ל-100 מ""ל",false,1,9.90,1.98,false,1,
7290000045573,false,גבינת מותכת משולשים 25% שומן 200 ג' נעמה,תנובה בעמ ***,,,'יח,2,ל-100 גרם,false,1,16.90,8.45,false,1,
7290000045580,false,גבינה מותכת נעמה חורש תנובה 240 גרם,תנובה מרכז שיתופי לש,,,'יח,2.40,ל-100 גרם,false,1,18.90,7.88,false,1,
7290000045917,false,תנובה פרומעז גבינה מותכת מחלב עיזים 23% שומן,תנובה בעמ ***,,,'יח,2,ל-100 גרם,false,1,27.90,13.95,false,1,
7290000046563,false,קולאג 23% פרמזן חריץ תנובה,תנובה מרכז שיתופי לש,,,"ק""ג",10,ל-100 גרם,true,1,139,13.90,false,1,
7290000047027,false,גב.קולאז' גלעד 27% במשקל,תנובה מרכז שיתופי לש,,,"ק""ג",10,ל-100 גרם,true,1,139,13.90,false,1,
7290000047621,false,גבינה לבנה רכה 5% תנובה 250ג' מהדרין,תנובה מרכז שיתופי לש,,,'יח,2.50,ל-100 גרם,false,1,4.98,1.99,false,1,
7290000047942,false,**תנובה גבינה לבנה מהדרין 9% 250ג,תנובה מרכז שיתופי לש,,,'יח,2.50,ל-100 גרם,false,1,5.20,2.08,false,1,
7290000048185,false,גבינה לבנה 5% תנובה 250 גרם מהדרין,מיוצר עי קונדיטוריית,,,'יח,2.50,ל-100 גרם,false,1,4.98,1.99,false,1,
7290000048192,false,גבינה לבנה 9% תנובה 250 גרם מהדרין,מחלבת אלון תבור,,,'יח,2.50,ל-100 גרם,false,1,5.20,2.08,false,1,
7290000048307,false,גבינת קוטג`5% עם זיתים תנובה (250 גרם),מיוצר עי קונדיטוריית,,,'יח,2.50,ל-100 גרם,false,1,5.90,2.36,false,1,
7290000048413,false,גבינה חמד (25016% גרם)פיראוס תנובה,תנובה מרכז שיתופי לש,,,'יח,2.50,ל-100 גרם,false,1,19.90,7.96,false,1,
7290000048437,false,גבינת צפתית (2005% גרם)פיראוס תנובה,פארייפאבה אגרואינדוס,,,'יח,2,ל-100 גרם,false,1,15.90,7.95,false,1,
7290000050454,false,יוגורט יופלה אפרסק 3% שומן 500 גרם,מיוצר עי קונדיטוריית,,,'יח,5,"ל-100 מ""ל",false,1,14.90,2.98,false,1,
7290000051307,false,"מארז הפסקת אוכל עם דגני עוגי ומשקה חלב עמיד בטעם וניל 150 מ""ל",תנובה מרכז שיתופי לש,,,'יח,1.50,ל-100 גרם,false,1,9.90,6.60,false,1,
7290000051376,false,יוגורט יופלה דיאט אננס 0% שומן 150 גרם,תנובה מרכז שיתופי לש,,,'יח,1.50,"ל-100 מ""ל",false,1,5.50,3.67,false,1,
7290000052304,false,שוקו מוקה 340 מל בקבוק תנובה,תנובה - חלב,,,'יח,3.40,"ל-100 מ""ל",false,1,6.90,2.03,false,1,
7290000052311,false,גבינה צהובה עמק לייט 15% שומן 200 גרם,תנובה מרכז שיתופי לש,,,'יח,2,ל-100 גרם,false,1,18.90,9.45,false,1,
7290000052649,false,לאבנה אסלית (5005% גרם)פיראוס תנובה,תנובה מרכז שיתופי לש,,,'יח,5,ל-100 גרם,false,1,21.90,4.38,false,1,
7290000052717,false,גבינת קוטג' שום שמיר 5% תנובה 250 גרם,מיוצר עי קונדיטוריית,,,'יח,2.50,ל-100 גרם,false,1,6.50,2.60,false,1,
7290000052946,false,מארז יוגורט יופלה לבן מעודן בדצ 8*150,תנובה מרכז שיתופי לש,,,'יח,12,"ל-100 מ""ל",false,1,22.90,1.91,false,1,
7290000053981,false,מאגדת יופלה 4*תות 150ג 4*אפרסק 150ג בדצ,תנובה מרכז שיתופי לש,,,'יח,8,"ל-100 מ""ל",false,1,29.90,3.74,false,1,
7290000055206,false,גבינה לבנה 5% בטעם בצל מטוגן 250 ג' תנובה,תנובה מרכז שיתופי לש,,,'יח,2.50,ל-100 גרם,false,1,6.50,2.60,false,1,
7290000055329,false,"משקה בוקר יוגורט 1.5% בטעם תות מלון יופלה 250 מ""ל",תנובה מרכז שיתופי לש,,,'יח,2.50,"ל-100 מ""ל",false,1,5.90,2.36,false,1,
7290000055336,false,"משקה יוגורט 1.5% בטעם בננה אפרסק יופלה 250 מ""ל",תנובה מרכז שיתופי לש,,,'יח,2.50,"ל-100 מ""ל",false,1,5.90,2.36,false,1,
7290000055343,false,משקה יוגורט יופלה פירות טרופיים 250 גרם,תנובה מרכז שיתופי לש,,,'יח,2.50,"ל-100 מ""ל",false,1,5.90,2.36,false,1,
7290000056272,false,גבינה לבנה 5% עם זיתים ירוקים 250 ג' תנובה,תנובה מרכז שיתופי לש,,,'יח,2.50,ל-100 גרם,false,1,6.50,2.60,false,1,
7290000056760,false,גבינה צהובה 28% מהדרין עמק (400 גרם),תנובה מרכז שיתופי לש,,,'יח,4,ל-100 גרם,false,1,33.90,8.48,false,1,
7290000056890,false,שמיניית דיאט יופלה 0% טעמים שונים 150 גרם,מיוצר עי קונדיטוריית,,,'יח,1.20,"ל-100 מ""ל",false,1,32.90,27.42,false,1,
7290000056906,false,מאגדת לבן טבעי 1.5% שומן 8 יח' * 150 ג' יופלה,מחלבת אלון תבור,,,'יח,8,"ל-100 מ""ל",false,1,18.90,2.36,false,1,
7290000056951,false,"תנובה, השף הלבן, שמנת לבישול 15% שומן 500 מל",תנובה מרכז שיתופי לש,,,'יח,5,"ל-100 מ""ל",false,1,17.90,3.58,false,1,
7290000057088,false,עמק גבינה צהובה פרוסה דק דק 28% תנובה 200 גרם,תנובה מרכז שיתופי לש,,,'יח,2,ל-100 גרם,false,1,17.90,8.95,false,1,
7290000057118,false,גבינה צהובה עמק 28% שומן ואקום 400 גרם,תנובה מרכז שיתופי לש,,,'יח,4,ל-100 גרם,false,1,24.90,6.23,false,1,
7290000057149,false,יוגורט תנובה טבעי 3% גביע 200 גרם,מיוצר עי קונדיטוריית,,,'יח,2,"ל-100 מ""ל",false,1,3.20,1.60,false,1,
7290000057552,false,יופלה דיאט עוגת גבינה ותות 0% גביע 150ג',תנובה - חלב,,,'יח,1.50,"ל-100 מ""ל",false,1,5.50,3.67,false,1,
7290000057934,false,"שוקו בבקבוק תנובה 1 ליטר בד""ץ",תנובה מרכז שיתופי לש,,,'יח,1,,false,1,13.90,13.90,false,1,
7290000058030,false,"שמיניית יופלה שטוזים משקה יוגורט תות 100 מ""ל",מיוצר עי קונדיטוריית,,,'יח,8,"ל-100 מ""ל",false,1,21.90,2.74,false,1,
7290000060071,false,אוסם - חטיפי פריכונים מאורז מלא קלוי 80גר,קבוצת אוסם סחר שותפות מוגבלת,,,'יח,1,ל-100 גרם,false,1,6.90,6.90,false,1,
7290000060156,false,פסטה אסם אטריות ביצים דקות 200גר,קבוצת אוסם סחר-שות.מוגבלת,,,'יח,2,ל-100 גרם,false,1,7.90,3.95,true,1,
7290000060200,false,פסטה אסם פתיתים אפויים קוסקוס 500גר,קבוצת אוסם סחר שותפות מוגבלת,,,'יח,5,ל-100 גרם,false,1,7.90,1.58,true,1,
7290000060217,false,פסטה מקרוני מספר 7 אסם (500 גרם),קבוצת אוסם סחר שותפות מוגבלת,,,'יח,5,ל-100 גרם,false,1,5.90,1.18,true,1,
7290000060248,false,פסטה אסם פתיתים תלתלים 500 גר',קבוצת אוסם סחר שותפות מוגבלת,,,'יח,5,ל-100 גרם,false,1,5.90,1.18,true,1,
7290000060316,false,פרפקטו ספגטי מס' 8 אסם 500 גרם,קבוצת אוסם סחר שותפות מוגבלת,,,'יח,5,ל-100 גרם,false,1,6.90,1.38,true,1,
7290000060330,false,פרפקטו פרפקטו ספיראלי גירף 500 גר,קבוצת אוסם סחר שותפות מוגבלת,,,'יח,5,ל-100 גרם,false,1,6.90,1.38,true,1,
7290000060408,false,פסטה אסם פתיתים אפויים טבעות 500 גר,קבוצת אוסם סחר שותפות מוגבלת,,,'יח,5,ל-100 גרם,false,1,7.90,1.58,true,1,
7290000060576,false,פתיתים אפויים כוכבים אסם (500 גרם),קבוצת אוסם סחר שותפות מוגבלת,,,'יח,5,ל-100 גרם,false,1,7.90,1.58,true,1,
7290000060828,false,פסטה קרניים בינוניות אסם (500 גרם),קבוצת אוסם סחר שותפות מוגבלת,,,'יח,5,ל-100 גרם,false,1,5.90,1.18,true,1,
7290000060903,false,פסטה אסם פתיתים אפויים אורז 500גר,קבוצת אוסם סחר שותפות מוגבלת,,,'יח,5,ל-100 גרם,false,1,7.90,1.58,true,1,
7290000060965,false,פסטה אסם אטריות רחבות 400גר,קבוצת אוסם סחר שותפות מוגבלת,,,'יח,4,ל-100 גרם,false,1,6.90,1.73,true,1,
7290000060972,false,פסטה אסם אטריות דקיקות 400 גרם,קבוצת אוסם סחר-שות.מוגבלת,,,'יח,4,ל-100 גרם,false,1,6.90,1.73,true,1,
7290000061061,false,קרקר חיטה עם בצל אסם,קבוצת אוסם סחר שותפות מוגבלת,,,'יח,2.50,ל-100 גרם,false,1,9.90,3.96,true,1,
7290000061085,false,"רוטב צילי מתוק 290 מ""ל-בקבוק",קבוצת אוסם סחר שותפות מוגבלת,,,'יח,2.90,"ל-100 מ""ל",false,1,12.90,4.45,true,1,
7290000061108,false,"רוטב טריאקי 290 מ""ל-בקבוק",קבוצת אוסם סחר שותפות מוגבלת,,,'יח,2.90,"ל-100 מ""ל",false,1,12.90,4.45,true,1,
7290000061214,false,פתיתים אפויים קוסקוס עם בצל אסם 500 גרם,קבוצת אסם סחר שות. מוגבלת,,,'יח,5,ל-100 גרם,false,1,7.90,1.58,true,1,
7290000061450,false,פתיתים אפויים קוסקוס 3 צבעים אסם 500 גרם,קבוצת אסם סחר שות. מוגבלת,,,'יח,5,"ל-100 מ""ל",false,1,7.90,1.58,true,1,
7290000062952,false,אוסם - מיני קרוטונים למרק ולסלט 250 גרם,קבוצת אוסם סחר שותפות מוגבלת,,,'יח,2.50,ל-100 גרם,false,1,14.90,5.96,false,1,
7290000063102,false,קמח עוגה תופח מאליו אסם 350 גרם,קבוצת אוסם סחר שותפות מוגבלת,,,'יח,3.50,ל-100 גרם,false,1,4.20,1.20,false,1,
7290000063133,false,אסם שקדי מרק רכיבים טבעיים 24*100גרם,קבוצת אוסם סחר שותפות מוגבלת,,,'יח,1,,false,1,4.50,4.50,false,1,
7290000063140,false,שקדי מרק רכיבים טבעיים בשקית 400 ג' אסם,קבוצת אוסם סחר שותפות מוגבלת,,,'יח,4,ל-100 גרם,false,1,11.90,2.98,true,1,
7290000063157,false,"קמח עוגה תופח מאליו אסם 1 ק""ג",קבוצת אוסם סחר שותפות מוגבלת,,,'יח,10,ל-100 גרם,false,1,9.90,0.99,true,1,
7290000064758,false,קוסקוס בינוני אמיתי אסם 350 ג',קבוצת אוסם סחר שותפות מוגבלת,,,'יח,3.50,ל-100 גרם,false,1,7.30,2.09,false,1,
7290000064871,false,"אוסם - מנה חמה פירה תפו""א עם בצל 56 גרם",קבוצת אוסם סחר שותפות מוגבלת,,,'יח,56,ל-100 גרם,false,1,6.90,0.12,true,1,
7290000065090,false,מיני קרוטונים מתובלים למרק ולסלט אסם 400 גרם,קבוצת אוסם סחר שותפות מוגבלת,,,'יח,4,ל-100 גרם,false,1,23.90,5.98,false,1,
7290000065335,false,אוסם - מנה חמה פירה עם ירקות 55 גרם,קבוצת אוסם סחר שותפות מוגבלת,,,'יח,5.50,ל-100 גרם,false,1,6.90,1.25,true,1,
7290000066189,false,ביסלי חטיף בטעם פלאפל אסם (200 גרם),קבוצת אוסם סחר שותפות מוגבלת,,,'יח,2,ל-100 גרם,false,1,7.90,3.95,true,1,
7290000066196,false,ביסלי חטיף בטעם גריל אסם (200 גרם),קבוצת אוסם סחר שותפות מוגבלת,,,'יח,2,ל-100 גרם,false,1,7.90,3.95,true,1,
7290000066226,false,ביסלי חטיף בטעם פיצה אסם (200 גרם),קבוצת אוסם סחר שותפות מוגבלת,,,'יח,2,ל-100 גרם,false,1,7.90,3.95,true,1,
7290000066264,false,דובונים חטיף תפוחי אדמה אסם (40 גרם),קבוצת אוסם סחר שותפות מוגבלת,,,'יח,0.40,ל-100 גרם,false,1,3.90,9.75,true,1,
7290000066295,false,במבה מתוקה מחומרים טבעיים 30 גרם,קבוצת אוסם סחר שותפות מוגבלת,,,'יח,0.30,ל-100 גרם,false,1,2.70,9,false,1,
7290000066332,false,אפרופו חטיף תירס אסם (50 גרם),קבוצת אוסם סחר שותפות מוגבלת,,,'יח,0.50,ל-100 גרם,false,1,3.90,7.80,true,1,
7290000066349,false,אפרופו חטיף תירס אסם (100 גרם),קבוצת אוסם סחר-שות.מוגבלת,,,'יח,1,ל-100 גרם,false,1,7.90,7.90,true,1,
7290000067407,false,פרורית מתובלת בשקית 200 גרם,קבוצת אוסם סחר שותפות מוגבלת,,,'יח,2,ל-100 גרם,false,1,5.90,2.95,false,1,
7290000067599,false,מנה חמה ספגטי ברוטב בולונז אסם 65 גרם,קבוצת אוסם סחר שותפות מוגבלת,,,'יח,6.50,ל-100 גרם,false,1,6.90,1.06,true,1,
7290000067735,false,פרפקטו ניוקי בצקיות תפוחי אדמה 500 ג' אסם,קבוצת אוסם סחר שותפות מוגבלת,,,'יח,5,ל-100 גרם,false,1,12.80,2.56,false,1,
7290000068138,false,אינסטנט פודינג בטעם וניל אסם 80 גרם,קבוצת אוסם סחר שותפות מוגבלת,,,'יח,8,ל-100 גרם,false,1,5.90,0.74,true,1,
7290000070308,false,אבקת מרק עוף אמיתי בשרי אסם 400 גרם,קבוצת אוסם סחר שותפות מוגבלת,,,'יח,4,ל-100 גרם,false,1,19.90,4.98,false,1,
7290000070322,false,אבקת מרק פטריות רכיבים טבעיים אסם 400 גרם,קבוצת אוסם סחר שותפות מוגבלת,,,'יח,4,ל-100 גרם,false,1,25.90,6.48,true,1,
7290000070353,false,אבקת מרק בצל רכיבים טבעיים אסם 400 גרם,קבוצת אוסם סחר שותפות מוגבלת,,,'יח,4,ל-100 גרם,false,1,25.90,6.48,true,1,
7290000072067,false,במבה חטיף בוטנים במילוי קרם חלבה 60 גרם,קבוצת אסם סחר שות. מוגבלת,,,'יח,0.60,ל-100 גרם,false,1,3.90,6.50,true,1,
7290000072241,false,"רוטב פיצה 290 מ""ל-בקבוק",קבוצת אוסם סחר שותפות מוגבלת,,,'יח,2.90,"ל-100 מ""ל",false,1,12.90,4.45,true,1,
7290000072630,false,קטשופ אסם חריף 750 גרם-בקבוק,קבוצת אוסם סחר שותפות מוגבלת,,,'יח,7.50,ל-100 גרם,false,1,11.90,1.59,true,1,
7290000072777,false,קפה נמס מגורען נטול קפאין טסטרס צ'ויס 200 גרם,קבוצת אוסם סחר שותפות מוגבלת,,,'יח,2,ל-100 גרם,false,1,39.90,19.95,false,1,
7290000073415,false,אוסם - מנה חמה פסטה ברוטב פיצה 61 גרם,קבוצת אוסם סחר שותפות מוגבלת,,,'יח,6.10,ל-100 גרם,false,1,6.90,1.13,true,1,
7290000073750,false,מנה חמה נודלס אטר+ירקות טעם עוף 70 גרם,קבוצת אוסם סחר שותפות מוגבלת,,,'יח,7,ל-100 גרם,false,1,6.90,0.99,true,1,
7290000073767,false,מנה חמה נודלס אטר.+ירקות טעם בקר 70 גרם,קבוצת אוסם סחר שותפות מוגבלת,,,'יח,7,ל-100 גרם,false,1,6.90,0.99,true,1,
7290000073774,false,מנה חמה נודלס אטר+ירקות טעם צילי 70 גרם,קבוצת אוסם סחר שותפות מוגבלת,,,'יח,7.10,ל-100 גרם,false,1,6.90,0.97,true,1,
7290000074153,false,ביסקוויט פתי בר שוקולד אסם (500 גרם),קבוצת אוסם סחר שותפות מוגבלת,,,'יח,5,ל-100 גרם,false,1,11.90,2.38,true,1,
7290000074184,false,ביסקוויט פתי בר אסם (500 גרם),קבוצת אוסם סחר שותפות מוגבלת,,,'יח,5,ל-100 גרם,false,1,10.90,2.18,true,1,
7290000074245,false,אוסם - קרם קרקר אסם 250 גרם,קבוצת אוסם סחר שותפות מוגבלת,,,'יח,2.50,ל-100 גרם,false,1,9.90,3.96,true,1,
7290000074276,false,קרקר פיקנטי טבעון 250 ג' אסם,קבוצת אוסם סחר שותפות מוגבלת,,,'יח,2.50,ל-100 גרם,false,1,9.90,3.96,true,1,
7290000074375,false,אוסם - קרקר זהב 150 גרם,קבוצת אוסם סחר שותפות מוגבלת,,,'יח,1.50,ל-100 גרם,false,1,9.90,6.60,true,1,
7290000074481,false,קרקר לחמית אגוזים אסם (160 גרם),קבוצת אסם סחר שות. מוגבלת,,,'יח,1.60,ל-100 גרם,false,1,9.90,6.19,true,1,
7290000074696,false,"קרם קרקר 1 ק""ג אוסם",קבוצת אוסם סחר שותפות מוגבלת,,,'יח,10,ל-100 גרם,false,1,24.90,2.49,true,1,
7290000074764,false,קרקר זהב אסם (900 גרם),קבוצת אוסם סחר שותפות מוגבלת,,,'יח,9,ל-100 גרם,false,1,27.90,3.10,true,1,
7290000075204,false,קרקר לחמית חיטה מלאה אסם (250 גרם),קבוצת אוסם סחר שותפות מוגבלת,,,'יח,2.50,ל-100 גרם,false,1,9.90,3.96,true,1,
7290000075693,false,עוגת הבית שמרים בריוש שוקולד אסם 360 גרם,קבוצת אסם סחר שות. מוגבלת,,,'יח,3.60,ל-100 גרם,false,1,16.90,4.69,false,1,
7290000076126,false,אוסם - בייגלה שמיניות קטנות 80 גרם,קבוצת אוסם סחר שותפות מוגבלת,,,'יח,0.80,ל-100 גרם,false,1,2.90,3.63,false,1,
7290000076133,false,בייגלה שמיניות קטנות עם מלח אסם 400 גרם,קבוצת אוסם סחר שותפות מוגבלת,,,'יח,4,ל-100 גרם,false,1,10.90,2.73,true,1,
7290000076645,false,טוסטעים פת קלויה חיטה מלאה אסם 100 גרם,קבוצת אסם סחר שות. מוגבלת,,,'יח,1,ל-100 גרם,false,1,9.90,9.90,false,1,
7290000079233,false,קרם קרקר דיאטטי דל נתרן 250 גרם,קבוצת אוסם סחר שותפות מוגבלת,,,'יח,2.50,ל-100 גרם,false,1,9.90,3.96,true,1,
7290000081663,false,"בייגלה טבעות שומשום אסם 300 גרם בד""ץ",קבוצת אוסם סחר שותפות מוגבלת,,,'יח,3,ל-100 גרם,false,1,10.90,3.63,true,1,
7290000103433,false,"לקט ירקות לתנור 800 גרם ""סנפרוסט""",תנובה מרכז שיתופי לשיווק תוצרת,,,'יח,8,ל-100 גרם,false,1,24.50,3.06,true,1,
7290000103730,false,לקט להקפצה עם פסטה פוזילי סנפרוסט 800 גרם,תנובה מרכז שיתופי לשיווק תוצרת,,,'יח,8,ל-100 גרם,false,1,24.50,3.06,true,1,
7290000103815,false,לקט להקפצה בסגנון תאילנדי סנפרוסט 800 גרם,תנובה מרכז שיתופי לשיווק תוצרת,,,'יח,8,ל-100 גרם,false,1,21.90,2.74,true,1,
7290000103822,false,לקט מוקפא לעוף סנפרוסט (800 גרם),תנובה מרכז שיתופי לשיווק תוצרת,,,'יח,8,ל-100 גרם,false,1,24.50,3.06,true,1,
7290000104188,false,שעועית אדומה מוקפאת מבושלת מוכנה לאכילה,תנובה מרכז שיתופי לשיווק תוצרת,,,'יח,8,ל-100 גרם,false,1,19.90,2.49,false,1,
7290000104218,false,סנפרוסט במיה 600 גרם,תנובה מרכז שיתופי לשיווק תוצרת,,,'יח,6,ל-100 גרם,false,1,15.90,2.65,true,1,
7290000104676,false,אפונה קפואה סנפרוסט 800 גרם,תנובה מרכז שיתופי לשיווק תוצרת,,,'יח,8,ל-100 גרם,false,1,16.90,2.11,true,1,
7290000104683,false,שעועית ירוקה שלמה סנפרוסט (800 גרם),תנובה מרכז שיתופי לשיווק תוצרת,,,'יח,8,ל-100 גרם,false,1,19.90,2.49,true,1,
7290000104690,false,גרעיני תירס מוקפאים סנפרוסט (800 גרם),תנובה מרכז שיתופי לשיווק תוצרת,,,'יח,8,ל-100 גרם,false,1,17.90,2.24,true,1,
7290000104706,false,גזר גמדי מוקפא סנפרוסט (800 גרם),תנובה מרכז שיתופי לשיווק תוצרת,,,'יח,8,ל-100 גרם,false,1,17.90,2.24,true,1,
7290000104713,false,פול ירוק קפוא סנפורסט 800 גרם,תנובה מרכז שיתופי לשיווק תוצרת,,,'יח,8,ל-100 גרם,false,1,24.90,3.11,true,1,
7290000104744,false,כרובית מוקפאת סנפרוסט (800 גרם),תנובה מרכז שיתופי לשיווק תוצרת,,,'יח,8,ל-100 גרם,false,1,24.90,3.11,true,1,
7290000104768,false,עלי תרד סנפרוסט (800 גרם),תנובה מרכז שיתופי לשיווק תוצרת,,,'יח,8,ל-100 גרם,false,1,22.90,2.86,true,1,
7290000104775,false,תרד מדליונים סנפרוסט 800 גרם,תנובה מרכז שיתופי לשיווק תוצרת,,,'יח,8,ל-100 גרם,false,1,23.90,2.99,true,1,
7290000104799,false,שעועית לבנה מבושלת סנפרוסט (800 גרם),תנובה מרכז שיתופי לשיווק תוצרת,,,'יח,8,ל-100 גרם,false,1,19.90,2.49,true,1,
7290000104805,false,גרגרי חומוס מבושלים סנפרוסט (800 גרם),תנובה מרכז שיתופי לשיווק תוצרת,,,'יח,8,ל-100 גרם,false,1,19.90,2.49,true,1,
7290000104836,false,שעועית ירוקה עדינה שלמה סנפרוסט 600 גרם,תנובה מרכז שיתופי לשיווק תוצרת,,,'יח,6,ל-100 גרם,false,1,21.90,3.65,true,1,
7290000104874,false,לקט מוקפא לקוסקוס סנפרוסט (800 גרם),תנובה מרכז שיתופי לשיווק תוצרת,,,'יח,8,ל-100 גרם,false,1,23.50,2.94,true,1,
7290000104911,false,לקט נורמנדי מוקפא סנפרוסט (800 גרם),תנובה מרכז שיתופי לשיווק תוצרת,,,'יח,8,ל-100 גרם,false,1,23.50,2.94,true,1,
7290000107165,false,חטיף סויה אדממה סנפרוסט (400 גרם),תנובה מרכז שיתופי לשיווק תוצרת,,,'יח,4,ל-100 גרם,false,1,14.90,3.73,true,1,
7290000107189,false,תחתיות ארטישוק סנפרוסט (400 גרם),תנובה מרכז שיתופי לשיווק תוצרת,,,'יח,4,ל-100 גרם,false,1,20.90,5.23,true,1,
7290000107295,false,תפרחות ברוקולי סנפרוסט 800 גרם,תנובה מרכז שיתופי לשיווק תוצרת,,,'יח,8,ל-100 גרם,false,1,24.90,3.11,true,1,
7290000110844,false,כיפלי בטעם גריל בד`צ 70 גרם .,יוניליוור ישראל שיווק בע`מ,,,'יח,0.70,ל-100 גרם,false,1,5.30,7.57,false,1,
7290000110851,false,כיפלי חטיף בטעם בצל מהדרין תלמה (70 גרם),יוניליוור ישראל שיווק בע`מ,,,'יח,0.70,ל-100 גרם,false,1,5.30,7.57,false,1,
7290000111063,false,מיונז אמיתי תלמה (250 גרם),יוניליוור ישראל שיווק בע`מ,,,'יח,2.50,ל-100 גרם,false,1,6.40,2.56,false,1,
7290000111360,false,חרדל אמיתי חריף 250 גרם בצנצנת כשלפ,יוניליוור ישראל שיווק בע`מ,,,'יח,2.50,ל-100 גרם,false,1,6.90,2.76,false,1,
7290000112619,false,אבקת מרק עוף אמיתי קנור 400 ג' כשלפ,יוניליוור ישראל שיווק בע`מ,,,'יח,4,ל-100 גרם,false,1,21.90,5.48,false,1,
7290000116921,false,"קנור רוטב צילי מתוק 300 מ""ל כשלפ",יוניליוור ישראל שיווק בע`מ,,,'יח,3,"ל-100 מ""ל",false,1,12.90,4.30,true,1,
7290000117720,false,נמס בכוס פטריות קנור 21.5 גרם מארז זוגי,יוניליוור ישראל שיווק בע`מ,,,'יח,0.43,ל-100 גרם,false,1,6.90,16.05,true,1,
7290000122830,false,"רוטב מקסיקני סצ'ואן קנור 300 מ""ל",יוניליוור ישראל שיווק בע`מ,,,'יח,3,"ל-100 מ""ל",false,1,11.90,3.97,true,1,
7290000134857,false,פפריקה מתוקה בקופ' 100 גר' טעם וריח,"תבליני טעם וריח בע""מ",,,'יח,1,,false,1,9.90,9.90,true,1,
7290000136653,false,בירה שחורה נשר מאלט דיאט בקבוק 1.5ל`,"טמפו משקאות בע""\מ",,,'יח,15,"ל-100 מ""ל",false,12,8.90,0.57,true,1,
7290000136790,false,טמפו מי סודה 6*1.5 ליטר פיקדון,"טמפו משקאות בע""\מ",,,'יח,90,"ל-100 מ""ל",false,1,17.90,0.18,false,1,
7290000136806,false,סודה בטעם לימון ליים 1.5 רביעייה רביעייה,טמפו משקאות בע`מ,,,'יח,60,"ל-100 מ""ל",false,1,12.90,0.20,true,1,
7290000136813,false,סודה בטעם אננס מארז רביעייה 1.5 ל' טמפו,טמפו משקאות בע''מn\,,,'יח,15,"ל-100 מ""ל",false,1,12.90,0.78,true,1,
7290000136851,false,סבן אפ פיקדון 1.5 ליטר,טמפו משקאות בע`מ,,,'יח,15,"ל-100 מ""ל",false,12,7.60,0.49,false,1,
7290000137513,false,גלידונית גלידה וניל בציפוי שוקולד 60 יח' קרמיסימו,"גלידת שטראוס בע""\מ, רחוב",,,'יח,7,ל-100 גרם,false,1,39.90,5.70,false,1,
7290000137643,false,שלגוני טעמקור בטעם שוקו וניל שטראוס 8*50 גרם,"גלידת שטראוס בע""\מ, רחוב",,,'יח,1,'יח,false,1,31.90,31.90,false,1,
7290000146928,false,"משחת שיניים לילדים בטעם ענבים טום וג'רי 50 מ""ל",טרופיקל דגיל קוסמטיק,,,'יח,0.60,ל-100 גרם,false,24,8.90,14.83,false,1,
7290000161631,false,קליק חטיף שוקולד מילוי קרם נוגט 38גר,יוניליוור ישראל שיווק בע`מ,,,'יח,0.38,ל-100 גרם,false,1,4.90,12.89,false,1,
7290000169538,false,"נמס בכוס עגבניות וקרוטונים מרק כשרות בד""ץ 62 ג' קנור",יוניליוור ישראל שיווק בע`מ,,,'יח,0.62,ל-100 גרם,false,1,6.40,10.32,true,1,
7290000169798,false,"עוגי מופחת סוכר 20% פצפוצי שוקו' 500ג' בד""צ",יוניליוור ישראל שיווק בע`מ,,,'יח,5,ל-100 גרם,false,1,19.90,3.98,true,1,
7290000174723,false,שוקולית אבקה להכנת משקה שוקו 500 גרם,הנסיך- מפעל לייצור ט,,,'יח,5,ל-100 גרם,false,1,13.90,2.78,false,1,
7290000176413,false,קפה נמס עלית פחית 50 גרם,הנסיך- מפעל לייצור ט,,,'יח,0.50,ל-100 גרם,false,24,8.90,17.80,false,1,
7290000176420,false,קפה נמס פחית עלית 200 גרם,פיקסל אם.גי.אם בעמ,,,'יח,2,ל-100 גרם,false,12,19.90,9.95,false,1,
7290000178707,false,חטיף צ`יפס בטעם טבעי תפוצ`יפס (50 גרם),"שטראוס פריטו ליי בע""\מ )",,,'יח,0.50,ל-100 גרם,false,1,3.90,7.80,false,1,
7290000178721,false,חטיף צ`יפס בטעם טבעי תפוצ`יפס (200 גרם),"שטראוס פריטו ליי בע""\מ )",,,'יח,2,ל-100 גרם,false,1,10.90,5.45,true,1,
7290000187860,false,מגבוני טואלט לחים לילי דיספנסר 40יח',קימברלי קלארק ישראל שיווק בעמ,,,'יח,0.59,ל-100 גרם,false,16,7.90,13.39,false,1,
7290000190150,false,מפיות מודפסות תלת שכבתיות ניקול 20 יחידות,קימברלי קלארק ישראל שיווק בעמ,,,'יח,1.02,ל-100 גרם,false,30,8.90,8.73,false,1,
7290000195537,false,האגיס - מגבוני האגיס דיילי קר לא מבושם 64 יח' * 4,קימברלי קלארק ישראל שיווק בעמ,,,'יח,1,'יח,false,6,19.90,19.90,false,1,
7290000195773,false,האגיס - מגבוני האגיס סנסטיב קר לא מבושם 64 יח' * 4,קימברלי קלארק ישראל שיווק בעמ,,,'יח,1,'יח,false,6,19.90,19.90,false,1,
7290000196763,false,"שקיות אשפה חזקות במיוחד עם שרוך 52 * 65 ס""מ ניקול 40 יחידות",קימברלי קלארק ישראל שיווק בעמ,,,'יח,1,,false,12,25.90,25.90,false,1,
7290000197432,false,שקיות אוכל סנדביצ'ון ניקול מארז 150X2יח',קימברלי קלארק ישראל שיווק בעמ,,,'יח,1,,false,18,12.90,12.90,false,1,
7290000197463,false,חיתולים פרידום דריי שלב +4 האגיס 40 יחידות,קימברלי קלארק ישראל שיווק בעמ,,,'יח,1,'יח,false,6,43.90,43.90,false,1,
7290000197548,false,חיתולים פרידום דריי שלב 5 האגיס 36 יחידות,קימברלי קלארק ישראל שיווק בעמ,,,'יח,1,'יח,false,6,43.90,43.90,false,1,
7290000197678,false,חיתולי האגיס פרידום דריי שלב 6 30 יחידות,קימברלי קלארק ישראל שיווק בעמ,,,'יח,1,'יח,false,6,43.90,43.90,false,1,
7290000197876,false,תבניות אלומיניום קטנות עם מכסה ניקול 4 יחידות,קימברלי קלארק ישראל שיווק בעמ,,,'יח,1,,false,20,8.90,8.90,false,1,
7290000197883,false,תבנית אלומיניום 100 גדולה ניקול 4 יחידות,קימברלי קלארק ישראל שיווק בעמ,,,'יח,1,,false,20,8.90,8.90,false,1,
7290000197999,false,רדיד אלומיניום עבה ניקול זוגי 30X7.5מ',קימברלי קלארק ישראל שיווק בעמ,,,'יח,1,,false,12,14.90,14.90,false,1,
7290000207063,false,רסק עגבניות פריכוז 28% 240 גרם יכין,היינץ צפון אמריקה מק,,,'יח,1,ל-100 גרם,false,1,4.90,4.90,false,1,
7290000207162,false,רוטב עגבניות מרכיב טבעי 100 ג' יכין,זנלכול יכין,,,'יח,1,ל-100 גרם,false,1,2.90,2.90,true,1,
7290000208022,false,עגבניות 2.5 A מרוסקות 850 גרם יכין,זנלכול יכין,,,'יח,8,ל-100 גרם,false,1,9.90,1.24,false,1,
7290000208077,false,אפונת גינה גדולה יכין (550 גרם),זנלכול יכין,,,'יח,5.60,ל-100 גרם,false,1,8.90,1.59,true,1,
7290000208114,false,"אפונה וגזר יכין A2 פ""ק בית יוסף",זנלכול יכין,,,'יח,5.50,ל-100 גרם,false,1,8.90,1.62,true,1,
7290000208145,false,גרעיני תירס מתוק לייט 550 גרם יכין,זנלכול יכין,,,'יח,5.50,ל-100 גרם,false,1,9.90,1.80,false,1,
7290000208213,false,שעועית לבנה אפויה A2 ברוטב עגבניות יכין 560ג',היינץ צפון אמריקה מק,,,'יח,5.80,ל-100 גרם,false,1,8.90,1.53,true,1,
7290000208220,false,שעועית צ`ילי מקסיקני חריף יכין (550 גרם),היינץ צפון אמריקה מק,,,'יח,5.50,ל-100 גרם,false,1,9.90,1.80,false,1,
7290000208329,false,גרעיני תירס מתוק יכין (550 גרם),זנלכול יכין,,,'יח,5.50,ל-100 גרם,false,1,8.90,1.62,true,1,
7290000208428,false,גרגרי חומוס שלם 550 גרם יכין,היינץ צפון אמריקה מק,,,'יח,5.60,ל-100 גרם,false,1,8.90,1.59,true,1,
7290000208855,false,רוטב לפסטה קלאסי יכין (240 גרם),זנלכול יכין,,,'יח,2.60,ל-100 גרם,false,1,5.90,2.27,true,1,
7290000208947,false,עגבניות מרוסקות יכין (240 גרם),היינץ צפון אמריקה מק,,,'יח,2.60,ל-100 גרם,false,1,5.90,2.27,false,1,
7290000209524,false,סירופ דיאט בטעם פטל יכין (1 ליטר),זנלכול יכין,,,'יח,1,,false,1,16.90,16.90,false,1,
7290000209708,false,עגבניות מרוסקות עם בזיליקום יכין 240 גרם,היינץ צפון אמריקה מק,,,'יח,2.60,ל-100 גרם,false,1,5.90,2.27,true,1,
7290000211312,false,סוגת אורז מלא פרסי אחד אחד 1 קג,האי נאם סי או אל.טי.,,,'יח,10,ל-100 גרם,false,1,8.90,0.89,false,1,
7290000211442,false,אורז בסגנון פרסי קלאסי סוגת (1 קג),האי נאם סי או אל.טי.,,,'יח,10,ל-100 גרם,false,1,10.90,1.09,false,1,
7290000211985,false,אורז עגול ריזוטו אחד אחד 1 קג,"סוגת תעשיות בע""\מ",,,'יח,10,ל-100 גרם,false,1,9.90,0.99,false,1,
7290000238029,false,"בצק עלים צרפתי מרודד מעדנות 1 ק""ג",תנובה מרכז שיתופי לשיווק תוצרת,,,'יח,10,ל-100 גרם,false,9,21.90,2.19,false,1,
7290000238036,false,מלאווח מעדנות 6 יח`700 גרם קפוא,תנובה מרכז שיתופי לשיווק תוצרת,,,'יח,7,ל-100 גרם,false,16,16.90,2.41,false,1,
7290000243566,false,שמן קנולה בריאות עץ הזית (750 מל),סוגת תעשיות בעמ,,,'יח,7.50,"ל-100 מ""ל",false,1,11.90,1.59,true,1,
7290000253220,false,שוקולדצ`יפס לאפייה 260 גר`אופנהיימר,תה ויסוצקי (ישראל) בעמ,,,'יח,2.60,ל-100 גרם,false,1,12.90,4.96,false,1,
7290000272696,false,מיץ לימון טבעי משומר 1 ליטר עסיס כלפ,קבוצת אוסם סחר שותפות מוגבלת,,,'יח,10,"ל-100 מ""ל",false,1,9.90,0.99,false,1,
7290000286228,false,ספוגיות לניקוי כללי סנו סושי 6 יחידות,החברה הדרומית לשיווק בעמ,,,'יח,1,,false,12,11.90,11.90,false,1,
7290000286297,false,"אנטי קאלק מסיר אבנית מקומקום סנו 700 מ""ל",החברה הדרומית לשיווק בעמ,,,'יח,7,"ל-100 מ""ל",false,12,9.90,1.41,false,1,
7290000286761,false,ניילון נצמד סנו סושי פלסטיק מארז 30X2 מ',החברה הדרומית לשיווק בעמ,,,'יח,1,,false,12,11.90,11.90,false,1,
7290000287195,false,"סנו רהיט ספריי עשיר בווקס להברקה 305 מ""ל",החברה הדרומית לשיווק בעמ,,,'יח,3.05,"ל-100 מ""ל",false,1,14.90,4.89,false,1,
7290000288024,false,סנו - ז'אוול אקונומיקה בריח לימון 4 ליטר,החברה הדרומית לשיווק בעמ,,,'יח,40,"ל-100 מ""ל",false,6,16.90,0.42,false,1,
7290000289472,false,סנו סושי רב שקית שקיות אשפה90*76 50י,החברה הדרומית לשיווק בעמ,,,'יח,1,,false,15,24.90,24.90,false,1,
7290000292687,false,סנובון מוצק לניקוי אסלה קלאסיק כחול סנו 3 יחידות,החברה הדרומית לשיווק בעמ,,,'יח,1.65,ל-100 גרם,false,12,14.90,9.03,false,1,
7290000293530,false,שקית מילוי לסנו סופג לחות ומונע עובש,החברה הדרומית לשיווק בעמ,,,'יח,3.40,"ל-100 מ""ל",false,12,12.90,3.79,false,1,
7290000293943,false,"מרסס לבן מסיר אבנית 1 ליטר אנטי קאלק ""סנו""",החברה הדרומית לשיווק בעמ,,,'יח,10,"ל-100 מ""ל",false,12,19.90,1.99,true,1,
7290000294780,false,אקונומיקה סמיכה בריח לימון סנו ז'אוול 4 ליטר,החברה הדרומית לשיווק בעמ,,,'יח,40,"ל-100 מ""ל",false,6,16.90,0.42,false,1,
7290000295749,false,ספוג סאקי מסאז' כיף 1 יחידה,החב. הדרומית לשיווק,,,'יח,0,ל-100 גרם,false,24,9.90,9.90,false,1,
7290000300900,false,שניצל תירס מרכיבים טבעיים טבעול 750 גרם,קבוצת אוסם סחר שותפות מוגבלת,,,'יח,7.50,ל-100 גרם,false,1,27.90,3.72,true,1,
7290000303604,false,חומוס גרגירים A2 פרי גליל 550ג',ויטה- פרי גליל (החדשה) בעמ,,,'יח,5.50,ל-100 גרם,false,1,6.90,1.25,true,1,
7290000307015,false,אפונת גינה בינונית פרי הגליל 550 גרם,ויטה- פרי גליל (החדשה) בעמ,,,'יח,5.50,ל-100 גרם,false,1,6.90,1.25,true,1,
7290000307046,false,אפונת גינה וגזר פרי הגליל 550 גרם,ויטה- פרי גליל (החדשה) בעמ,,,'יח,5.50,ל-100 גרם,false,1,6.90,1.25,true,1,
7290000307237,false,גרעיני תירס מתוק פרי הגליל 550 גרם,ויטה- פרי גליל (החדשה) בעמ,,,'יח,5.50,ל-100 גרם,false,1,6.90,1.25,true,1,
7290000307343,false,שעועית ירוקה חתוכה פרי הגליל 550 גרם,ויטה פרי גליל (החדשה) בע`מ,,,'יח,5.50,ל-100 גרם,false,1,6.90,1.25,false,1,
7290000311203,false,"וופלים בטעם שוקולד ""מן"" 200 גרם",רוקחמן בעמ מפעל לייצור ופלים ו,,,'יח,2,ל-100 גרם,false,1,4.90,2.45,false,1,
7290000313160,false,זהבה ושלושת הדובים עוגיות בטעם שוקולד אסם 350 גרם,קבוצת אוסם סחר שותפות מוגבלת,,,'יח,2.50,ל-100 גרם,false,12,7.90,3.16,true,1,
7290000313184,false,עוגיות חברים גן חיות וניל אסם 250 גר',קבוצת אוסם סחר שותפות מוגבלת,,,'יח,2.50,ל-100 גרם,false,1,7.90,3.16,false,1,
7290000315133,false,קנור ציר בקר משחתי 300ג,יוניליוור ישראל שיווק בע`מ,,,'יח,3,ל-100 גרם,false,1,26.70,8.90,false,1,
7290000318103,false,פסטרמה ברביקיו מעדניה,מעדני יחיעם ( 1993 ) בע`מ,,,"ק""ג",10,ל-100 גרם,true,1,69,6.90,true,1,
7290000318165,false,פסטרמה אמיתית צלויה על גחלים מעדניה,מעדני יחיעם ( 1993 ) בע`מ,,,"ק""ג",10,ל-100 גרם,true,1,69,6.90,true,1,
7290000318479,false,נקניק פרושוטו בקר יחיעם 100 גרם,מעדני יחיעם ( 1993 ) בע`מ,,,'יח,1,ל-100 גרם,false,1,24.90,24.90,true,1,
7290000318851,false,נקניק סלמי קוניאק מעדניה,מעדני יחיעם ( 1993 ) בע`מ,,,"ק""ג",1,,true,1,79,79,true,1,
7290000319124,false,סלמי סרוולט מאפ יחיעם 250 גרם,מעדני יחיעם ( 1993 ) בע`מ,,,'יח,2.50,ל-100 גרם,false,1,34.90,13.96,false,1,
7290000319728,false,נקניק איטלקי מפולפל מעדניה,מעדני יחיעם ( 1993 ) בע`מ,,,"ק""ג",10,ל-100 גרם,true,1,79,7.90,true,1,
7290000334745,false,"ציפס אמריקאי דקדק תפוגן 1.5 ק""ג",קבוצת אוסם סחר שותפות מוגבלת,,,'יח,15,ל-100 גרם,false,1,26.90,1.79,false,1,
7290000339191,false,רן אבקת הלבנה לכביסה 350 גרם,יוניליוור ישראל שיווק בע`מ,,,'יח,3.50,ל-100 גרם,false,1,21.90,6.26,false,1,
7290000345260,false,תה קלאסיק מעטפות ויסוצקי 25 יחידות,תה ויסוצקי (ישראל) בעמ,,,'יח,0.3750,ל-100 גרם,false,1,7.40,19.73,false,1,
7290000345284,false,תה ויסוצקי קלאסי אריזה ירוקה מרובעת (100 שקיקים),תה ויסוצקי (ישראל) בעמ,,,'יח,1.50,ל-100 גרם,false,1,16.90,11.27,false,1,
7290000345291,false,תה ארל גרי 1.5/ 25 שקיקים ויסוצקי,תה ויסוצקי (ישראל) בעמ,,,'יח,0.3750,ל-100 גרם,false,1,15.90,42.40,false,1,
7290000346120,false,חליטת קינמון הגן הקסום ויסוצקי 25 יחידות,תה ויסוצקי (ישראל) בעמ,,,'יח,0.6250,ל-100 גרם,false,1,19.90,31.84,true,1,
7290000346212,false,חליטת מנטה הגן הקסום ויסוצקי 25 יחידות,תה ויסוצקי (ישראל) בעמ,,,'יח,0.50,ל-100 גרם,false,1,19.90,39.80,true,1,
7290000346960,false,תה ויסוצקי נענע 1.7 גרם 50יח',תה ויסוצקי (ישראל) בעמ,,,'יח,0.75,ל-100 גרם,false,1,29.90,39.87,false,1,
7290000347738,false,תה ירוק בתוספת עלי נענע 25 שקיקים,תה ויסוצקי (ישראל) בעמ,,,'יח,0.3750,ל-100 גרם,false,1,22.90,61.07,true,1,
7290000347752,false,תה ירוק לימונית ולואיזה 25 שקיקים *1.5 ג'' ויסוצקי,תה ויסוצקי (ישראל) בעמ,,,'יח,0.3750,ל-100 גרם,false,1,22.90,61.07,true,1,
7290000364285,false,דקניקים סלסולי פסטרמה הודו טירת צבי 120 גרם,תנובה מרכז שיתופי לשיווק תוצרת,,,'יח,1.20,ל-100 גרם,false,1,15.90,13.25,true,1,
7290000364292,false,דקניקים סלסולי פסטרמה הודו על גחלים 1% טירת צבי 120 גרם,תנובה מרכז שיתופי לשיווק תוצרת,,,'יח,1.20,ל-100 גרם,false,1,15.90,13.25,true,1,
7290000408354,false,יוגורט עם אורז מצופה שוקולד קקאו 175 ג' דנונה,שטראוס גרופ בעמ/מצונן,,,'יח,1.75,"ל-100 מ""ל",false,24,4.60,2.63,false,1,
7290000412481,false,נוזל לניקוי אסלות 00 סנו (1 ליטר),החברה הדרומית לשיווק בעמ,,,'יח,10,"ל-100 מ""ל",false,12,7.90,0.79,false,1,
7290000420325,false,"פופסטאר פופקורן למקירוגל בטעם טבעי 5 שקיות,500 גרם",פרסטון פארמס,,,'יח,5,ל-100 גרם,false,1,14.90,2.98,false,1,
7290000420332,false,פופסטאר פופקורן למיקרוגל בטעם חמאה 5 יחידות 500 גרם,פרסטון פארמס,,,'יח,5,ל-100 גרם,false,1,14.90,2.98,false,1,
7290000450209,false,נתחי טונה בהירה בשמן פוסידון (108 גרם),נטו מלינדה סחר בע`מ,,,'יח,1,ל-100 גרם,false,1,5.50,5.50,false,1,
7290000453019,false,שמרים טריים לאפייה שקית שמרית 50 ג',שטראוס גרופ בעמ/מצונן,,,'יח,5,ל-100 גרם,false,1,4.50,0.90,false,1,
7290000453880,false,מרגרינה ללא מלח לאפיה ובישול שמרית 200גר,שטראוס גרופ בעמ (ח),,,'יח,2,ל-100 גרם,false,40,4.90,2.45,false,1,
7290000461793,false,בייגלה ארוך ארוך סידרה ירוקה בייגל בייגל 150 גרם,יוניליוור ישראל שיווק בע`מ,,,'יח,1.50,ל-100 גרם,false,1,6.40,4.27,false,1,
7290000462103,false,סחוג תימני אדום חריף עדין זהבי הכרם 150 גרם,שטראוס גרופ בעמ/מצונן,,,'יח,1.50,ל-100 גרם,false,24,8.90,5.93,false,1,
7290000462141,false,סחוג אדום תימני מקורי חריף מאוד זהבי 150 גרם,שטראוס גרופ בעמ/מצונן,,,'יח,1.50,ל-100 גרם,false,24,8.90,5.93,false,1,
7290000462172,false,סחוג זחוק ירוק תימני חריף זהבי (150 גרם),שטראוס גרופ בעמ/מצונן,,,'יח,1.50,ל-100 גרם,false,24,8.90,5.93,false,1,
7290000466170,false,מלפפונים במלח בינוני 10-12 560 גרם,בית-השיטה עסיס תעשיות מז,,,'יח,5.60,ל-100 גרם,false,1,7.90,1.41,false,1,
7290000466187,false,מלפפונים במלח קטן 13-17 320 גרם,בית-השיטה עסיס תעשיות מז,,,'יח,5.60,ל-100 גרם,false,1,9.90,1.77,false,1,
7290000474540,false,טוב טעם גבינה לבנה 3% טרה 250 גרם,החברה המרכזית טלהפצת משקאות בע,,,'יח,2.50,ל-100 גרם,false,1,11.90,4.76,false,1,
7290000480442,false,קוואקר שיבולת שועל בשקית 500 גרם,שטראוס פריטו ליי בע`מ,,,'יח,5,ל-100 גרם,false,1,12.90,2.58,false,1,
7290000493176,false,אסם אבקת רוטב צלי לבשר 22 ג',קבוצת אוסם סחר שותפות מוגבלת,,,'יח,0.22,ל-100 גרם,false,1,4.20,19.09,false,1,
7290000521008,false,יין אדום יבש של סגל (750 מל),"כרמי צבי - אחים סגל בע""\",,,'יח,7.50,"ל-100 מ""ל",false,1,21.90,2.88,true,1,
7290000521411,false,יין מרום גליל סינגל מרלו 750 מל,כרמי צבי אחים סגל בע,,,'יח,7.50,"ל-100 מ""ל",false,1,29.90,3.95,false,1,
7290000523804,false,"מלח עדין צנצנת 1 ק""ג מלח הארץ","חברת מלח הארץ אילת בע""\מ",,,'יח,10,ל-100 גרם,false,1,7.50,0.75,false,1,
7290000523811,false,"צנצנת מלח גס 1 ק""ג מלח הארץ","חברת מלח הארץ אילת בע""\מ",,,'יח,10,ל-100 גרם,false,1,7.90,0.79,false,1,
7290000525969,false,מיץ תפוזים סחוט רכיבים טבעיים פרימור 1 ליטר,שטראוס גרופ בעמ/מצונן,,,'יח,10,"ל-100 מ""ל",false,6,16.20,1.59,false,1,
7290000530086,false,נקניק סלמי מעושן 7000 זוגלובק (600 גרם),נקניק נהריה כשר זוגל,,,'יח,8,ל-100 גרם,false,1,29.90,3.74,false,1,
7290000530703,false,פסטרמה חרמון כפרית ונקניק תה מעושן זוגלובק 2*400 גרם,נקניק נהריה כשר זוגל,,,'יח,8,ל-100 גרם,false,1,29.90,3.74,false,1,
7290000536743,false,שניצלונים קריספי ט. תירס 500 גר' זוגלובק,נקניק נהריה כשר זוגל,,,'יח,5,ל-100 גרם,false,12,14.90,2.98,true,1,
7290000572543,false,חלוה בטעם שוקו וניל אחווה 400 גרם,אחדות ביתחרושת לטחינה חלבה,,,'יח,4,ל-100 גרם,false,1,11.90,2.98,false,1,
7290000652177,false,נתחי פילה נסיכה 100% דג קפוא תנובה,תנובה מרכז שיתופי לשיווק תוצרת,,,"ק""ג",1,ל-100 גרם,true,1,59.90,59.90,false,1,
7290000663036,false,פילה אמנון קפוא ללא עור 100% דג תנובה,תנובה מרכז שיתופי לשיווק תוצרת,,,"ק""ג",1,ל-100 גרם,true,1,34.90,34.90,false,1,
7290000692227,false,נוזל לניקוי כלים קלאסי פלמוליב (1 ליטר),יבואן ומשווק: ש. שסט,,,'יח,10,"ל-100 מ""ל",false,1,13.90,1.39,false,1,
7290001045633,false,פרימור מיץ לימון ונענע סחוט טרי 400מל,שטראוס גרופ בעמ/מצונן,,,'יח,4,"ל-100 מ""ל",false,8,8.20,1.98,false,1,
7290001045657,false,פרימור מיץ תפוחים סחוט מקורר 400מל,שטראוס גרופ בעמ/מצונן,,,'יח,4,"ל-100 מ""ל",false,8,8.20,1.98,false,1,
7290001045688,false,"מיץ תפוזים סחוט פרימור 400 מ""ל",שטראוס גרופ בעמ/מצונן,,,'יח,4,"ל-100 מ""ל",false,8,8.20,1.98,false,1,
7290001121238,false,קורנדביף 4% שומן יחיעם (180 גרם).,מעדני יחיעם ( 1993 ) בע`מ,,,'יח,1.80,ל-100 גרם,false,1,24.90,13.83,true,1,
7290001216040,false,טחינה גולמית שומשום טהור אל ארז 500 גרם,אגס ירוק מסחר ושירותים,,,'יח,1,'יח,false,1,15.90,15.90,false,1,
7290001216231,false,טחינה גולמית שומשום מלא אל ארז 500 גרם,אגס ירוק מסחר ושירותים,,,'יח,1,,false,1,16.90,16.90,false,1,
7290001327791,false,גלידה קרמיסימו וניל עוגיות 1.33 ליטר,"גלידת שטראוס בע""\מ, רחוב",,,'יח,13.30,"ל-100 מ""ל",false,1,19.90,1.50,false,1,
7290001407769,false,טחינה גולמית שומשום מלא בארכה 500 גרם,קבוצת אוסם סחר שותפות מוגבלת,,,'יח,5,ל-100 גרם,false,1,16.90,3.38,false,1,
7290001567814,false,סלמי מעושן בסגנון איטלקי 300 ג' יחיעם,מעדני יחיעם ( 1993 ) בע`מ,,,'יח,3,ל-100 גרם,false,1,21.90,7.30,true,1,
7290001670064,false,סכינים חד פעמי לבן 100 יח',הנמל אריזות ושיווק (1984) בעמ,,,'יח,1,,false,30,12.90,12.90,true,1,
7290001670071,false,כפות חד פעמי לבן 100 יח',הנמל אריזות ושיווק (1984) בעמ,,,'יח,1,,false,30,12.90,12.90,true,1,
7290001670873,false,"צלחות גדולות לבנות קשיח ח""פ הנמל 66יח'",הנמל אריזות ושיווק (1984) בעמ,,,'יח,1,'יח,false,10,39.90,39.90,false,1,
7290001713242,false,עלמה שקיות אשפה 25 יחידות 75*90 עם ידית,קומפלקס כימקלים בעמ`,,,'יח,1,,false,1,11.90,11.90,true,1,
7290001791349,false,אקונומיקה פיסגה ריחנית סנו (4 ליטר),החברה הדרומית לשיווק בעמ,,,'יח,4,לליטר,false,6,11.90,2.98,false,1,
7290001817728,false,צ'יטוס אפוי כאפה בטעם קטשופ 55 גרם,"שטראוס פריטו ליי בע""\מ )",,,'יח,0.55,ל-100 גרם,false,1,3.90,7.09,false,1,
7290002007234,false,אבקת סוכר הנמל 100 גרם,הנמל אריזות ושיווק 1984 בע`מ,,,'יח,1,ל-100 גרם,false,24,1.90,1.90,true,1,
7290002007371,false,פירורי לחם הנמל 500 ג',הנמל אריזות ושיווק 1984 בע`מ,,,'יח,5,ל-100 גרם,false,24,6.90,1.38,false,1,
7290002007500,false,קיסמי שיניים הנמל במבוק 500 יחידות,הנמל אריזות ושיווק 1984 בע`מ,,,'יח,0,ל-100 גרם,false,30,4.90,4.90,false,1,
7290002007982,false,מזלגות חד פעמי הנמל 100 יחידות,הנמל אריזות ושיווק (1984) בעמ,,,'יח,1,,false,1,12.90,12.90,true,1,
7290002008040,false,שיפודי במבוק הנמל 100 יחידות,הנמל אריזות ושיווק (1984) בעמ,,,'יח,1,,false,25,3.90,3.90,false,1,
7290002008507,false,נייר אפיה הנמל 50 יחידות,הנמל אריזות ושיווק (1984) בעמ,,,'יח,1,,false,24,9.90,9.90,true,1,
7290002008743,false,סוכר וניל עשירייה הנמל 100 גרם,הנמל אריזות ושיווק 1984 בע`מ,,,'יח,1,ל-100 גרם,false,50,1.90,1.90,true,1,
7290002040019,false,קוסקוס רגיל מזון קוסקוס (350 גרם),הנמל אריזות ושיווק (1984) בעמ,,,'יח,3.50,ל-100 גרם,false,24,6.90,1.97,false,1,
7290002102021,false,תחתוני בוקסר,הום פרפקט ק.ד.מ בעמ,,,'יח,1,,false,1,14.90,14.90,true,1,
7290002107385,false,גליל גבינת עיזים מה עז משק צוריאל 180 גרם,החברה המרכזית טלהפצת משקאות בע,,,'יח,1.80,ל-100 גרם,false,1,24.90,13.83,false,1,
7290002130567,false,דבש דבורים טהור פרחי בר יד מרדכי 350 גרם,מכוורת יד מרדכי שטראוס ב,,,'יח,3.50,ל-100 גרם,false,12,17.90,5.11,false,1,
7290002157953,false,מארז נתחי טונה בהירה בשמן קנולה - 4 יחידות,נטו מלינדה סחר בע`מ,,,'יח,1.40,ל-100 גרם,false,12,19.90,14.21,false,1,
7290002253006,false,שום טרי כתוש צנצנת דורות 200 גרם,קבוצת אוסם סחר-שות.מוגבלת,,,'יח,2,ל-100 גרם,false,1,16.90,8.45,false,1,
7290002253105,false,שום במגשית 20 שיניים כתושות קפוא 80,קבוצת אוסם סחר-שות.מוגבלת,,,'יח,0.80,ל-100 גרם,false,1,12.90,16.13,false,1,
7290002253150,false,קוביות בזיליקום קצוץ דורות 70 גרם,קבוצת אוסם סחר שותפות מוגבלת,,,'יח,0.70,ל-100 גרם,false,1,10.90,15.57,false,1,
7290002253198,false,ג'ינג'ר טרי כתוש במגשית 70 ג' דורות,קבוצת אוסם סחר-שות.מוגבלת,,,'יח,0.70,ל-100 גרם,false,1,12.90,18.43,false,1,
7290002253235,false,דורות רוטב פסטו דורות,קבוצת אוסם סחר שותפות מוגבלת,,,'יח,1.60,ל-100 גרם,false,1,12.90,8.06,false,1,
7290002291046,false,המבורגר מסעדות 480 גרם הקצביה בלדי,יוליניבר,,,'יח,4.80,ל-100 גרם,false,12,27.90,5.81,true,1,
7290002331360,false,"נביעות מים מינרליים טו גו מארז 500X6מ""ל",החברה המרכזית להפצת משקאות בעמ,,,'יח,30,"ל-100 מ""ל",false,4,14.90,0.44,false,1,
7290002371496,false,פרוסות שווארמה קצבים 120 גרם טירת צבי,תנובה מרכז שיתופי לשיווק תוצרת,,,'יח,1.20,ל-100 גרם,false,1,24.90,20.75,false,1,
7290002371533,false,דקניקים סלסולי פסטרמה דבש טירת צבי 120 גרם,תנובה מרכז שיתופי לשיווק תוצרת,,,'יח,1.20,ל-100 גרם,false,1,15.90,13.25,true,1,
7290002371748,false,צלעות אסאדו 120 גרם טירת צבי,תנובה מרכז שיתופי לשיווק תוצרת,,,'יח,1.20,ל-100 גרם,false,1,28.90,24.08,false,1,
7290002371939,false,סרוולד בסגנון צרפתי דליקטיב 120 גרם,תנובה מרכז שיתופי לשיווק תוצרת,,,'יח,1.20,ל-100 גרם,false,1,24.90,20.75,false,1,
7290002374268,false,שמן חמניות מזוכך ללא כולסטרול 1 ליטר,סוגת תעשיות בעמ,,,'יח,1,,false,1,9.90,9.90,false,1,
7290002517276,false,פלפל אנגלי שלם 25 גר' טעם וריח,תבליני טעם וריח בעמ,,,'יח,1,,false,1,5.90,5.90,false,1,
7290002517375,false,בזילקום עלים 30 גר' טעם וריח,"תבליני טעם וריח בע""מ",,,'יח,1,,false,1,5.90,5.90,false,1,
7290002692782,false,"תרסיס שמן זית כתית מעולה ללא תוספת גז עץ הזית 150 מ""ל",י.ב טכנולוגיות אריזה,,,'יח,1,,false,1,14.90,14.90,false,1,
7290002735014,false,מלווח ארוז יינון 800 גר`,קפוא-זן תעשיות מזון בעמ - תפוג,,,'יח,8,ל-100 גרם,false,1,14.90,1.86,false,1,
7290002735021,false,ג`חנון ארוז 750 גר`יינון,קפוא-זן תעשיות מזון בעמ - תפוג,,,'יח,7.50,ל-100 גרם,false,1,14.90,1.99,false,1,
7290002735274,false,ג'חנון אפוי ינון 600 גרם,קפוא-זן תעשיות מזון בעמ - תפוג,,,'יח,6,ל-100 גרם,false,1,17.90,2.98,false,1,
7290002735908,false,"מיני בורקס תפו""א ינון 800 גר'",קפוא זן תעשיות מזון בעמ,,,'יח,8,ל-100 גרם,false,1,15.90,1.99,false,1,
7290002757139,false,מלוואח 700 גר' שלושת האופים קהילות,נטו מלינדה סחר בע`מ,,,'יח,7,ל-100 גרם,false,12,16.90,2.41,false,1,
7290002757511,false,דלידג קציצות דג לבישול 750 גר קהילות,נטו מלינדה סחר בע`מ,,,'יח,7.50,ל-100 גרם,false,8,29.90,3.99,false,1,
7290002805151,false,סיף פנטסטיק לרצפות בניחוח סחלבים 4ל',יוניליוור ישראל שיווק בע`מ,,,'יח,4,לליטר,false,1,19.90,4.98,false,1,
7290002814016,false,"מסיר שומנים מתז 750 מ""ל סנט מוריץ כשל""פ עד""ח",קומפלקס כימיקלסבעמ ~~~,,,'יח,7.50,"ל-100 מ""ל",false,1,12.90,1.72,false,1,
7290002814481,false,עלמה שקיות מזון בקופסא 150 יח' מארז שלישיה,קומפלקס כימיקלים בעמ,,,'יח,1,'יח,false,1,11.90,11.90,true,1,
7290002824466,false,יוגורט דנונה ביו לבן 0% שומן 200 גרם,שטראוס גרופ בעמ/מצונן,,,'יח,2,"ל-100 מ""ל",false,24,3.70,1.85,false,1,
7290002824640,false,"גבינת סקי 250 גרם 5% ""שטראוס"" -מוצר בפיקוח",שטראוס גרופ בעמ/מצונן,,,'יח,2.50,ל-100 גרם,false,12,4.98,1.99,false,1,
7290002868996,false,"קוטג' 5% שומן, רכיבים טבעיים, 250 גרם",החברה המרכזית טלהפצת משקאות בע,,,'יח,2.50,ל-100 גרם,false,1,5.50,2.20,false,1,
7290002881988,false,סרדינים בשמן חמניות ולימון תומר 125 גרם,תומר ייבוא ושיווק מוצרי מזון [,,,'יח,1.25,ל-100 גרם,false,25,4.90,3.92,false,1,
7290002977155,false,"קמח מלא 100% ללא ניפוי 1 ק""ג",הטחנות הגדולות של ארץ ישראל בע,,,'יח,1,'יח,false,1,6.90,6.90,false,1,
7290002977377,false,"קמח כוסמין לבן ללא ניפוי 1 ק""ג",הטחנות הגדולות של ארץ ישראל בע,,,'יח,1,'יח,false,1,13.90,13.90,false,1,
7290002977407,false,"קמח חלה לבן מעושר ללא ניפוי 1 ק""ג",הטחנות הגדולות של ארץ ישראל בע,,,'יח,1,'יח,false,1,7.90,7.90,false,1,
7290002977490,false,קמח פיצה נאפולי ללא צורך בניפוי,הטחנות הגדולות של ארץ ישראל בע,,,'יח,1,"ק""ג",false,1,11.90,11.90,false,1,
7290003029181,false,משקה יטבתה שוקו' בקבוק 1ל מהדרין,שטראוס גרופ בעמ/מצונן,,,'יח,10,"ל-100 מ""ל",false,12,11.90,1.19,false,1,
7290003029372,false,יטבתה משקה בטעם בננה %3 בקבוק 1 ליטר,שטראוס גרופ בעמ/מצונן,,,'יח,10,"ל-100 מ""ל",false,6,11.90,1.19,false,1,
7290003029389,false,"משקה חלב בננה פקק ספורט 250 מ""ל יוטבתה",שטראוס גרופ בעמ/מצונן,,,'יח,2.50,"ל-100 מ""ל",false,9,5.70,2.28,false,1,
7290003029433,false,"משקה יטבתה שוקו פקק 250 מ""ל מהדרין",שטראוס גרופ בעמ/מצונן,,,'יח,2.50,"ל-100 מ""ל",false,12,5.50,2.20,false,1,
7290003029532,false,מוקה בבקבוק יטבתה 1 ליטר מהדרין,שטראוס גרופ בעמ/מצונן,,,'יח,10,"ל-100 מ""ל",false,6,11.90,1.19,false,1,
7290003029792,false,"משקה יטבתה שוקו שקיות מהדרין מארז 225X8מ""ל",שטראוס גרופ בעמ/מצונן,,,'יח,2.25,ל-100 גרם,false,8,18.90,8.40,false,1,
7290003029815,false,כד חלב 3% יטבתה 2 ליטר מהדרין,שטראוס גרופ בעמ/מצונן,,,'יח,20,"ל-100 מ""ל",false,6,14.90,0.75,false,1,
7290003031788,false,צמד כפרי סלמי+פסטרמה טירת צבי 400X2ג' מחפוד,תנובה מרכז שיתופי לשיווק תוצרת,,,'יח,8,ל-100 גרם,false,1,27.90,3.49,false,1,
7290003072996,false,נקנקיות כמהין ושמפניון 320 גרם,תנובה מרכז שיתופי לשיווק תוצרת,,,'יח,3.20,ל-100 גרם,false,1,25.90,8.09,false,1,
7290003229109,false,פסטרמה הודו בפפריקה טירת צבי (400 גרם),תנובה מרכז שיתופי לשיווק תוצרת,,,'יח,4,ל-100 גרם,false,1,26.90,6.73,true,1,
7290003229116,false,פסטרמה הודו בדבש שומן טירת צבי 400 גרם,תנובה מרכז שיתופי לשיווק תוצרת,,,'יח,4,ל-100 גרם,false,1,26.90,6.73,true,1,
7290003229123,false,פסטרמה הודו על גחלים 2% טירת צבי 400 גרם,תנובה מרכז שיתופי לשיווק תוצרת,,,'יח,4,ל-100 גרם,false,1,26.90,6.73,true,1,
7290003229215,false,פסטרמה איטלקית 3.5% טירת צבי 360 גרם,תנובה מרכז שיתופי לשיווק תוצרת,,,'יח,3.60,ל-100 גרם,false,1,26.90,7.47,true,1,
7290003229222,false,נקניק סלמי תה טירת צבי 300 גרם,תנובה מרכז שיתופי לשיווק תוצרת,,,'יח,3,ל-100 גרם,false,1,22.90,7.63,false,1,
7290003287284,false,קבב ביתי קצביה ארוז 600 גר`באלדי,בלדי בע`מ,,,'יח,6,ל-100 גרם,false,8,27.90,4.65,true,1,
7290003287291,false,קבב טלה וצנובר קצביה ארוז 600 ג' - 8 יח',יוליניבר,,,'יח,6,ל-100 גרם,false,8,27.90,4.65,true,1,
7290003321155,false,יוגורט בר עם פקאן מצופה שוקולד 183 ג' דנונה,שטראוס גרופ בעמ/מצונן,,,'יח,1.83,"ל-100 מ""ל",false,24,4.60,2.51,false,1,
7290003387373,false,דאודורנט ספיד סטיק בסיסי קלאסי פרש ספורט לגבר,הנסיך- מפעל לייצור ט,,,'יח,0.50,ל-100 גרם,false,1,24.90,49.80,true,1,
7290003411566,false,צמרוני עץ הנמל 200 יחידות,הנמל אריזות ושיווק (1984) בעמ,,,'יח,0,ל-100 גרם,false,1,3.90,3.90,false,1,
7290003411689,false,לפתניות פלסטיק חד פעמיות 25 יח`,הנמל אריזות ושיווק (1984) בעמ,,,'יח,1,,false,52,4.90,4.90,false,1,
7290003411696,false,מרקיות פלסטיק חד פעמיות 25 יח`,הנמל אריזות ושיווק (1984) בעמ,,,'יח,1,,false,48,8.90,8.90,false,1,
7290003411993,false,גפרורים הנמל 10 יחידות,הנמל אריזות ושיווק (1984) בעמ,,,'יח,1,,false,100,3.90,3.90,false,1,
7290003438006,false,ממרח אולביה פסטו וצנובר איטלקי 190ג',תה ויסוצקי (ישראל) בעמ,,,'יח,1.80,ל-100 גרם,false,24,13.90,7.72,true,1,
7290003438013,false,7290003אוליביה ממרח זיתים ירוקים 190 גרם,תה ויסוצקי (ישראל) בעמ,,,'יח,1.90,ל-100 גרם,false,1,13.90,7.32,true,1,
7290003438990,false,עיטורי עגבניות מיובשות וזיתים אוליביה 280 ג',תה ויסוצקי (ישראל) בעמ,,,'יח,2.80,ל-100 גרם,false,1,19.90,7.11,true,1,
7290003450602,false,חרדל אמיתי צהוב בקבוק לחיץ 255 גר,היינץ צפון אמריקה מקבוצת ה.י.היינץ,,,'יח,2.25,ל-100 גרם,false,1,9.90,4.40,false,1,
7290003578313,false,דובדבנים ללא חרצנים ויליפוד 680 גרם,ג. וילי-פוד אינטרנשיונל בע`מ,,,'יח,6.80,ל-100 גרם,false,12,9.90,1.46,false,1,
7290003643127,false,עשיריה אבקת אפיה 10*10 גרם סוגת,גוד פוד פרודקטס S.p,,,'יח,1,ל-100 גרם,false,1,2.50,2.50,false,1,
7290003643158,false,קורנפולר שקית 200 ג' סוגת,סוגת תעשיות בעמ,,,'יח,2,ל-100 גרם,false,1,3.90,1.95,false,1,
7290003643325,false,קוסקוס בינוני סוגת (350 גרם),"אסיף תעשיות מזון בע""\מ",,,'יח,3.50,ל-100 גרם,false,1,4.90,1.40,true,1,
7290003643387,false,סוכר לבן בצנצנת פלסטיק 1 ק`ג,האי נאם סי או אל.טי.,,,'יח,10,ל-100 גרם,false,1,7.90,0.79,false,1,
7290003643646,false,"סוכר דמררה קלאסי בצנצנת סוגת 1 ק""ג",האי נאם סי או אל.טי.,,,'יח,10,ל-100 גרם,false,1,12.90,1.29,false,1,
7290003643684,false,אפונה יבשה סוגת 500 גר',האי נאם סי או אל.טי.,,,'יח,5,ל-100 גרם,false,1,5.90,1.18,false,1,
7290003643707,false,גריסים סוגת (500 גרם),"סוגת תעשיות בע""מ",,,'יח,5,ל-100 גרם,false,1,4.90,0.98,false,1,
7290003643714,false,חומוס גרגירים 500 גרם סוגת,האי נאם סי או אל.טי.,,,'יח,5,ל-100 גרם,false,1,7.90,1.58,false,1,
7290003643738,false,חיטה סוגת (500 גרם),האי נאם סי או אל.טי.,,,'יח,5,ל-100 גרם,false,1,4.90,0.98,false,1,
7290003643745,false,כוסמת סוגת (500 גרם),האי נאם סי או אל.טי.,,,'יח,5,ל-100 גרם,false,1,7.90,1.58,false,1,
7290003643752,false,עדשים ירוקים יבש סוגת 500 גר',האי נאם סי או אל.טי.,,,'יח,5,ל-100 גרם,false,1,7.90,1.58,false,1,
7290003643776,false,"פופקורן גרעינים סוגת 500 ג' כשל""פ",האי נאם סי או אל.טי.,,,'יח,5,ל-100 גרם,false,1,6.90,1.38,false,1,
7290003643783,false,קוקוס טחון סוגת 100 גרם,האי נאם סי או אל.טי.,,,'יח,1,ל-100 גרם,false,1,3.90,3.90,false,1,
7290003643806,false,שעועית לבנה יבשה סוגת (500 גרם),האי נאם סי או אל.טי.,,,'יח,5,ל-100 גרם,false,1,11.90,2.38,false,1,
7290003643813,false,שעועית אדומה יבשה סוגת 500 גר',האי נאם סי או אל.טי.,,,'יח,5,ל-100 גרם,false,1,10.90,2.18,false,1,
7290003672530,false,פילה סלמון קפוא,פאר הבשר והעוף בעמ,,,"ק""ג",1,"ק""ג",true,1,74.90,74.90,false,1,
7290003804252,false,תיבוליות לאורז בנוסח הודי קנור 80גרם,יוניליוור ישראל שיווק בע`מ,,,'יח,8,ל-100 גרם,false,1,8.90,1.11,false,1,
7290003804320,false,תיבולית שום ופטרוזיליה קנור 72 גרם,יוניליוור ישראל שיווק בע`מ,,,'יח,0.72,ל-100 גרם,false,1,8.90,12.36,false,1,
7290003804382,false,תיבוליות פטריות קנור (8 יח`- 72 גרם),יוניליוור ישראל שיווק בע`מ,,,'יח,0.72,ל-100 גרם,false,1,8.90,12.36,false,1,
7290003805501,false,"פתית בסגנון שוודי תלמה בד""צ 300 גרם",יוניליוור ישראל שיווק בע`מ,,,'יח,3,ל-100 גרם,false,1,16.90,5.63,false,1,
7290003807178,false,"רוטב קנור סויה בסגנון סיני 300 מ""ל",יוניליוור ישראל שיווק בע`מ,,,'יח,3,"ל-100 מ""ל",false,1,12.90,4.30,true,1,
7290003807482,false,קנור רוטב טריאקי מופחת נתרן 370 גרם,יוניליוור ישראל שיווק בע`מ,,,'יח,3,"ל-100 מ""ל",false,1,11.90,3.97,true,1,
7290003882922,false,עלי גפן ממולאים באורז וילי פוד 360 גרם,ג. וילי-פוד אינטרנשיונל בע`מ,,,'יח,4,ל-100 גרם,false,24,9.90,2.48,true,1,
7290003903788,false,אבקת קפוצ`ינו וניל עלית (200 גרם),שטראוס גרופ בע`מ,,,'יח,2,ל-100 גרם,false,6,24.90,12.45,false,1,
7290003989096,false,סלט חצילים פיקנטי אחלה 500 גרם,שטראוס גרופ בעמ/מצונן,,,'יח,5,ל-100 גרם,false,1,17.10,3.42,false,1,
7290003989539,false,רביולי עם גבינה שטראוס (400 גרם),שטראוס גרופ בעמ/מצונן,,,'יח,4,ל-100 גרם,false,9,19.90,4.98,false,1,
7290003989553,false,פסטה טורטליני גבינה ופטריות 400 גרם,שטראוס גרופ בעמ/מצונן,,,'יח,4,ל-100 גרם,false,9,20.30,5.08,false,1,
7290004011284,false,בסיס להכנת קצפת צמחי ריץ` (212 מל),ריצ' פרודקטס קורפריי,,,'יח,2.12,"ל-100 מ""ל",false,24,9.90,4.67,true,1,
7290004033750,false,לחמניות עננים סגנון בריוש,מאפיית י.את א. ברמן בעמ,,,'יח,1,'יח,false,1,13.90,13.90,false,1,
7290004033903,false,חטיפי ברוסקטב אפויים בתיבול שום,מאפיית י.את א. ברמן בעמ,,,'יח,1.50,ל-100 גרם,false,1,13.90,9.27,true,1,
7290004033910,false,חטיפי ברוסקטב אפויים בתיבול עגבניות,מאפיית י.את א. ברמן בעמ,,,'יח,1.50,ל-100 גרם,false,1,13.90,9.27,true,1,
7290004033927,false,חטיפי פוקצה אפויים בתיבול שום,מאפיית י.את א. ברמן בעמ,,,'יח,2,ל-100 גרם,false,1,13.90,6.95,true,1,
7290004033934,false,חטיפי פוקצה אפויים בתיבול עגבניות,מאפיית י.את א. ברמן בעמ,,,'יח,2,ל-100 גרם,false,1,13.90,6.95,true,1,
7290004033972,false,חטיפי פוקצה אפויים בתיבול שום,מאפיית י.את א. ברמן בעמ,,,'יח,2,ל-100 גרם,false,1,13.90,6.95,false,1,
7290004068011,false,יוגורט כבשים בדלי 5% שומן 600 ג' גד,מחלבות גד שיווק 1992 בעמ,,,'יח,6,"ל-100 מ""ל",false,1,18.90,3.15,false,1,
7290004119010,false,גבינת שדה מותכת 25% תנובה 500 גרם,תנובה בעמ ***,,,'יח,2,ל-100 גרם,false,1,15.90,7.95,false,1,
7290004119133,false,כד יוגורט תנובה 6.5% שומן 1.5 ליטר,מיוצר עי קונדיטוריית,,,'יח,15,"ל-100 מ""ל",false,1,19.90,1.33,false,1,
7290004119225,false,יופלה יוגורט בטעם אננס %3 150 גרם,תנובה מרכז שיתופי לש,,,'יח,1.50,"ל-100 מ""ל",false,1,5.50,3.67,false,1,
7290004119928,false,מעדן חלב בטעם וניל 2% קרלו תנובה 125 גרם,מחלבת אלון תבור,,,'יח,1.25,"ל-100 מ""ל",false,1,3.50,2.80,false,1,
7290004119973,false,קרלו מעדן שוקו רביעיה גביע 1.5% 125 גרם,תנובה מרכז שיתופי לש,,,'יח,1.25,"ל-100 מ""ל",false,1,3.50,2.80,false,1,
7290004120061,false,מעדן חלב בטעם שוקו וניל שוניל 2% קרלו 125 גרם,תנובה מרכז שיתופי לש,,,'יח,1.25,"ל-100 מ""ל",false,1,3.50,2.80,false,1,
7290004120108,false,יופלה דיאט יוגורט דובדבן %0 גביע 150גרם,תנובה מרכז שיתופי לש,,,'יח,1.50,"ל-100 מ""ל",false,1,5.50,3.67,false,1,
7290004120252,false,באדי תות מעדן בדצ %3 125 מל גביע,מחלבת אלון תבור,,,'יח,1.25,"ל-100 מ""ל",false,1,3.50,2.80,false,1,
7290004120573,false,גבינה בולגרית (25016% גרם)פיראוס תנובה,תנובה מרכז שיתופי לש,,,'יח,2.50,ל-100 גרם,false,1,25.90,10.36,false,1,
7290004121488,false,יוגורט ביו דיאט 0% אפרסק יופלה (150 גרם),תנובה מרכז שיתופי לש,,,'יח,1.50,"ל-100 מ""ל",false,1,5.50,3.67,false,1,
7290004121525,false,יופלה מאגדת פרי 4 תות 4 אפרסק 3% 8 יח'*150 ג',תנובה מרכז שיתופי לש,,,'יח,1.50,ל-100 גרם,false,1,33.90,22.60,false,1,
7290004121754,false,יוגורט ביו עוגת גבינה ותות 3% יופלה 150 גרם,תנובה בעמ ***,,,'יח,1.50,"ל-100 מ""ל",false,1,5.50,3.67,false,1,
7290004121839,false,גבינת פטה כבשים (25020% גרם)פיראוס בול,תנובה מרכז שיתופי לש,,,'יח,2.50,ל-100 גרם,false,1,29.90,11.96,false,1,
7290004121853,false,גבינה בולגרית קוביות (2005% גרם)פיראוס,תנובה מרכז שיתופי לש,,,'יח,2,ל-100 גרם,false,1,22.90,11.45,false,1,
7290004122119,false,פתיתי פרמזן לפסטה 23% השף הלבן 100 גרם,"תנובה בע""מ ***",,,'יח,2.20,ל-100 גרם,false,1,14.90,6.77,false,1,
7290004122195,false,גוש חלב גבינה צהובה פרוסה 28% תנובה 200 גרם,"תנובה בע""מ ***",,,'יח,2,ל-100 גרם,false,1,14.90,7.45,false,1,
7290004122270,false,עמק קלאסית פרוסות גבינה חצי קשה 28% 200 גרם,תנובה מרכז שיתופי לש,,,'יח,2,ל-100 גרם,false,1,17.90,8.95,false,1,
7290004122348,false,גבינה צהובה מופחתת שומן 9% עמק (200 גרם),תנובה מרכז שיתופי לש,,,'יח,2,ל-100 גרם,false,1,18.90,9.45,false,1,
7290004122676,false,גבינה חמד לייט (2505% גרם)פיראוס תנובה,"תנובה,מחלבת טנא נוגה",,,'יח,2.50,ל-100 גרם,false,1,19.90,7.96,false,1,
7290004122683,false,עמק חטיף אצבעות גבינה חצי קשה 28% שומן,תנובה מרכז שיתופי לש,,,'יח,1.72,ל-100 גרם,false,1,17.90,10.41,false,1,
7290004124205,false,יופלה דיאט יוגורט תות %0 גביע 150 גרם,תנובה מרכז שיתופי לש,,,'יח,1.50,"ל-100 מ""ל",false,1,5.50,3.67,false,1,
7290004124847,false,"קצפת צמחית השף הלבן 500 מ""ל תנובה",תנובה מרכז שיתופי לש,,,'יח,5,ל-100 גרם,false,1,16.90,3.38,false,1,
7290004125370,false,"שמנת חמוצה 9% מופחתת שומן תנובה 200 מ""ל מהדרין",תנובה מרכז שיתופי לש,,,'יח,2,"ל-100 מ""ל",false,1,3.90,1.95,false,1,
7290004125455,false,"שמנת חמוצה 200 מ""ל 15% ""תנובה"" -מוצר בפיקוח",תנובה מרכז שיתופי לש,,,'יח,2,"ל-100 מ""ל",false,1,2.40,1.20,false,1,
7290004125509,false,"שמנת חמוצה 15% מועשרת תנובה 100 מ""ל",תנובה מרכז שיתופי לש,,,'יח,1,ל-100 גרם,false,1,1.80,1.80,false,1,
7290004125721,false,"השף הלבן שמנת עמידה לבישול 15% תנובה 250 מ""ל",תנובה מרכז שיתופי לש,,,'יח,2.50,"ל-100 מ""ל",false,1,8.90,3.56,false,1,
7290004125776,false,גבינה צהובה קלאסית 28% עמק (400 גרם),"תנובה בע""מ ***",,,'יח,4,ל-100 גרם,false,1,33.90,8.48,false,1,
7290004126650,false,גבינה צפתית 5% תנובה,תנובה מרכז שיתופי לש,,,"ק""ג",1,,true,1,59.90,59.90,false,1,
7290004126674,false,טל העמק פרוסות גבינה חצי קשה לייט %9 200 גרם בקופסא,תנובה מרכז שיתופי לש,,,'יח,2,ל-100 גרם,false,1,19.90,9.95,false,1,
7290004126759,false,דאיט יופלה פירות יער טו יוג פרי 150גר.,"תנובה בע""מ ***",,,'יח,1.50,"ל-100 מ""ל",false,1,5.50,3.67,false,1,
7290004126872,false,משקאות חלב תנובה שוקו בקבוק 250מל,תנובה - חלב,,,'יח,2.50,"ל-100 מ""ל",false,1,5.90,2.36,false,1,
7290004127077,false,קוטג תנובה 3% גביע 250 גרם מהדרין,מיוצר עי קונדיטוריית,,,'יח,2.50,ל-100 גרם,false,1,5.60,2.24,false,1,
7290004127329,false,קוטג תנובה גביע 250 גרם %5 ו.מהדרין,מיוצר עי קונדיטוריית,,,'יח,2.50,ל-100 גרם,false,1,5.60,2.24,false,1,
7290004127336,false,קוטג תנובה גביע 250 גרם %9 ו.מהדרין,מיוצר עי קונדיטוריית,,,'יח,2.50,ל-100 גרם,false,1,5.60,2.24,false,1,
7290004127800,false,"גבינה לבנה 500 גרם 5% ""תנובה"" -מוצר בפיקוח",מיוצר עי קונדיטוריית,,,'יח,5,ל-100 גרם,false,1,9.90,1.98,false,1,
7290004127817,false,גבינה לבנה 9% שומן 500 ג' תנובה,מיוצר עי קונדיטוריית,,,'יח,5,ל-100 גרם,false,1,10.50,2.10,false,1,
7290004127862,false,"גבינה לבנה 750 גרם 5% ""תנובה"" - מוצר בפיקוח",תנובה מרכז שיתופי לש,,,'יח,7.50,ל-100 גרם,false,1,14.90,1.99,false,1,
7290004127916,false,גבינה לבנה 0.5% שומן 500 ג' תנובה,תנובה מרכז שיתופי לש,,,'יח,5,ל-100 גרם,false,1,10.50,2.10,false,1,
7290004128333,false,לאבנה על בסיס יוגורט %9 שומן 500 ג' פיראוס,תנובה בעמ ***,,,'יח,5,ל-100 גרם,false,1,21.90,4.38,false,1,
7290004128340,false,קרם גבינת שמנת %5 בטעם טבעי 200 ג' תנובה,"תנובה בע""מ ***",,,'יח,2,ל-100 גרם,false,1,12.90,6.45,false,1,
7290004128364,false,קרם גבינת שמנת 5% עם זיתים ירוקים 200 ג' תנובה,"תנובה, מחלבת תל יוסף",,,'יח,2,ל-100 גרם,false,1,12.90,6.45,false,1,
7290004128432,false,פתיתים מיוחדים לפיצה על בסיס גבינה 500 ג',תנובה - חלב,,,'יח,5,ל-100 גרם,false,1,24.90,4.98,false,1,
7290004129101,false,גבינת שמנת 25% בטעם טבעי 225 ג' נפוליאון,תנובה מרכז שיתופי לש,,,'יח,2.25,ל-100 גרם,false,1,14.90,6.62,false,1,
7290004129118,false,גבינת שמנת 24% עם זיתים ירוקים 225 ג' נפוליאון,מחלבת אלון תבור,,,'יח,2.25,ל-100 גרם,false,1,14.90,6.62,false,1,
7290004129156,false,גבינת שמנת25% עם שום שמיר 225 ג' נפוליאון,תנובה מרכז שיתופי לש,,,'יח,2.25,ל-100 גרם,false,1,14.90,6.62,false,1,
7290004129545,false,גבינה לבנה 3% תנובה (250 גרם),מחלבת אלון תבור,,,'יח,2.50,ל-100 גרם,false,1,5.20,2.08,false,1,
7290004129767,false,"3% 'יופלה לבן מארז שמינייה 1.2 ק""ג",תנובה מרכז שיתופי לש,,,'יח,1.50,ל-100 גרם,false,1,18.90,12.60,false,1,
7290004130695,false,משקאות חלב תנובה אייס קפה בבקבוק 1ל,תנובה מרכז שיתופי לש,,,'יח,1,,false,1,13.90,13.90,false,1,
7290004130916,false,יוגורט יופלה פירות יער בשמנת 3% 150 גרם,תנובה מרכז שיתופי לש,,,'יח,1.50,"ל-100 מ""ל",false,1,5.50,3.67,false,1,
7290004131432,false,יוגורט יופלה לבן ביו 3% 200 גרם,מיוצר עי קונדיטוריית,,,'יח,2,ל-100 גרם,false,1,4.50,2.25,false,1,
7290004131456,false,יוגורט ביו 1.5% שומן 200 ג' יופלה,מיוצר עי קונדיטוריית,,,'יח,2,"ל-100 מ""ל",false,1,4.50,2.25,false,1,
7290004131531,false,שוקו 30% פחות תוספת סוכר תנובה (1 ליטר),פארייפאבה אגרואינדוס,,,'יח,10,"ל-100 מ""ל",false,1,13.90,1.39,false,1,
7290004131814,false,גבינת צפתית מעודנת (2005% גרם)פיראוס ת,פארייפאבה אגרואינדוס,,,'יח,2,ל-100 גרם,false,1,15.90,7.95,false,1,
7290004132231,false,חלב תנובה פלוס לקפה 5% 800 מל,"תנובה, מחלבת רחובות",,,'יח,8,"ל-100 מ""ל",false,1,6.90,0.86,false,1,
7290004132606,false,"קרלו מעדן חלב בטעם וניל 2% תנובה 8*100 מ""ל",תנובה מרכז שיתופי לש,,,'יח,8,"ל-100 מ""ל",false,1,14.90,1.86,false,1,
7290004132712,false,חטיף אצבעות גבינת מוצרלה 20% 172 ג' עמק,תנובה מרכז שיתופי לש,,,'יח,1.74,ל-100 גרם,false,1,17.90,10.29,false,1,
7290004132903,false,גבינה לבנה 3% מהדרין תנובה 250 גרם,תנובה מרכז שיתופי לש,,,'יח,2.50,ל-100 גרם,false,1,5.20,2.08,false,1,
7290004133511,false,יופלה מאגדת לבן 1.5% מעודן 8 יח' * 150 ג',מיוצר עי קונדיטוריית,,,'יח,1.50,ל-100 גרם,false,1,22.90,15.27,false,1,
7290004133627,false,חלב קרטון 1 ליטר 3% מועשר על הבוקר,תנובה מרכז שיתופי לש,,,'יח,10,"ל-100 מ""ל",false,1,8.90,0.89,false,1,
7290004133900,false,.השף הלבן קצפת צמחית 250 מל פרווה,תנובה בעמ ***,,,'יח,2.50,"ל-100 מ""ל",false,1,8.90,3.56,false,1,
7290004135058,false,שמיניית קרלו מיני שוקולד 100 גרם מהדרין,תנובה מרכז שיתופי לש,,,'יח,8,"ל-100 מ""ל",false,1,14.90,1.86,false,1,
7290004135072,false,"מעדן חלב מיני שוקולדה 1.5% מהדרין קרלו 8*100 מ""ל",תנובה מרכז שיתופי לש,,,'יח,8,"ל-100 מ""ל",false,1,14.90,1.86,false,1,
7290004135225,false,מעדן חלב דל קלוריות בטעם שוקולד 0.2שומ,תנובה מרכז שיתופי לש,,,'יח,1.50,"ל-100 מ""ל",false,1,4.50,3,false,1,
7290004135614,false,גבינה בולגרית מעודנת 5% פיראוס 250 גרם,"תנובה בע""מ ***",,,'יח,2.50,ל-100 גרם,false,1,25.90,10.36,false,1,
7290004136291,false,צפתית 5% מעודנת תנוב,תנובה חלב,,,"ק""ג",10,ל-100 גרם,true,1,59.90,5.99,false,1,
7290004136598,false,מארז הפסקת אוכל עם קורנפלקס ומשקה חלב עמיד בטעם וניל,פארייפאבה אגרואינדוס,,,'יח,1.50,"ל-100 מ""ל",false,1,9.90,6.60,false,1,
7290004136857,false,מעדן ג`לי בטעם פטל תנובה (125 גרם),תנובה מרכז שיתופי לש,,,'יח,1.25,"ל-100 מ""ל",false,1,2.90,2.32,false,1,
7290004136864,false,מעדן ג'לי בטעם אננס עם חתיכות תנובה 125 גרם,תנובה בעמ ***,,,'יח,1.25,"ל-100 מ""ל",false,1,2.90,2.32,false,1,
7290004136871,false,מעדן ג'לי בטעם אפרסק עם חתיכות תנובה 125 גרם,תנובה מרכז שיתופי לש,,,'יח,1.25,"ל-100 מ""ל",false,1,2.90,2.32,false,1,
7290004137021,false,"שמנת עמידה לבישול מופחת שומן 10% השף הלבן 250 מ""ל",תנובה מרכז שיתופי לש,,,'יח,2.50,"ל-100 מ""ל",false,1,8.90,3.56,false,1,
7290004137809,false,לאבנה אסלית 5% גביע (250 גרם)פיראוס תנו,"תנובה, מחלבת אלון תב",,,'יח,2.50,ל-100 גרם,false,1,14.90,5.96,false,1,
7290004219284,false,אנשובי עגול בצנצנת ויליפוד 80 גרם,ג. וילי-פוד אינטרנשיונל בע`מ,,,'יח,1.60,ל-100 גרם,false,1,9.90,6.19,false,1,
7290004219826,false,מלבין קפה הולנדי קומפלטה 400ג',ג. וילי-פוד אינטרנשיונל בע`מ,,,'יח,4,ל-100 גרם,false,12,17.90,4.48,false,1,
7290004228804,false,עלי בצק לסיגרים ואגרול שלושת האופים (450,נטו מלינדה סחר בע`מ,,,'יח,9,ל-100 גרם,false,1,12.90,1.43,false,1,
7290004239374,false,עצם מוח טרי,באסם דבאח בעמ,,,"ק""ג",1,,true,1,34.90,34.90,false,1,
7290004584351,false,גבינה לבנה סימפוניה עם תוספות 200 ג' חמישית 200,שטראוס גרופ בעמ/מצונן,,,'יח,2,ל-100 גרם,false,12,10.90,5.45,true,1,
7290004584528,false,יוגורט דנונה ביו לבן 1.7% שומן 200 גרם,שטראוס גרופ בעמ/מצונן,,,'יח,2,"ל-100 מ""ל",false,1,3.70,1.85,false,1,
7290004585907,false,דני ועדן וניל 1.5% 125ג' שטראוס,שטראוס גרופ בעמ/מצונן,,,'יח,1.30,"ל-100 מ""ל",false,24,2.70,2.08,false,1,
7290004685478,false,פיתות כוסמין 10 יח בשקית 550 גרם,מאפיית י.את א. ברמן בעמ,,,'יח,5.50,ל-100 גרם,false,1,16.90,3.07,true,1,
7290004731083,false,אל סבון נוזלי ג`ינסנג כיף (1 ליטר),החברה הדרומית לשיווק בעמ,,,'יח,1,,false,12,12.90,12.90,false,1,
7290004731472,false,"שלישיית אלסבון צבעוני כיף 500 מ""ל",החברה הדרומית לשיווק בעמ,,,'יח,1.50,לליטר,false,8,19.90,13.27,false,1,
7290005068058,false,תירס קל מופחת קלוריות 550 ג' פרי הגליל,ויטה- פרי גליל (החדשה) בעמ,,,'יח,5.50,ל-100 גרם,false,1,7.90,1.44,true,1,
7290005068447,false,"גרגרי תירס קל בוואקום ללת""ס פרי גליל 340ג'",ויטה- פרי גליל (החדשה) בעמ,,,'יח,3.40,ל-100 גרם,false,1,5.90,1.74,false,1,
7290005174551,false,סלט חומוס עם צנוברים 125 ג' אחלה,שטראוס גרופ בעמ/מצונן,,,'יח,1.25,ל-100 גרם,false,24,4.90,3.92,false,1,
7290005175428,false,"קמח תירס לל""ג ריבארה 500 ג'",ג. וילי-פוד אינטרנשיונל בע`מ,,,'יח,5,ל-100 גרם,false,20,6.40,1.28,false,1,
7290005197758,false,"עוגיות חיוכים שוקולד עלית 150 גרם בד""צ",אפיפית נצרת תעשיות ב,,,'יח,1.50,ל-100 גרם,false,12,4.90,3.27,false,1,
7290005199738,false,גומי מאסט בטעם פפרמינט ריח פה נעים פליפטופ 28 ג' עלית,שטראוס גרופ בע`מ,,,'יח,0.30,ל-100 גרם,false,16,4.40,14.67,false,1,
7290005200786,false,תפוצ'יפס בטעם שמנת בצל עלית 50 גרם,"שטראוס פריטו ליי בע""\מ )",,,'יח,0.50,ל-100 גרם,false,1,3.90,7.80,false,1,
7290005201455,false,קפה נמס מגורען ארומה קלאסי עלית 200 גרם,שטראוס גרופ בע`מ,,,'יח,2,ל-100 גרם,false,6,22.90,11.45,false,1,
7290005271762,false,ביצים חופש מידיום 12 יח',גליקסמן שיווק ביצים [1994] בעמ,,,'יח,1,,false,1,18.90,18.90,false,1,
7290005271779,false,ביצה גדול 30 יח לארג,גליקסמן שיווק ביצים [1994] בעמ,,,'יח,1,,false,1,30.12,30.12,false,1,
7290005271786,false,ביצים ארוזות Mעטוף 3,גליקסמן שיווק ביצים [1994] בעמ,,,'יח,1,,false,1,27.87,27.87,false,1,
7290005287206,false,רביעיית טונה בשמן סטארקיסט 160 גרם,דיפלומט מפיצים (1968) בעמ**,,,'יח,6.40,ל-100 גרם,false,1,24.90,3.89,false,1,
7290005287251,false,רביעיית טונה במים סטארקיסט 160 גרם,דיפלומט מפיצים (1968) בעמ**,,,'יח,6.40,ל-100 גרם,false,12,24.90,3.89,false,1,
7290005423918,false,סנו - מקסימה מרכך כביסה היפואלרגני אלוורה 4 ליטר,החברה הדרומית לשיווק בעמ,,,'יח,40,"ל-100 מ""ל",false,1,22.90,0.57,false,1,
7290005424021,false,"סנופרש הום מנטרל ריחות רעים 350 מ""ל",החברה הדרומית לשיווק בעמ,,,'יח,1,'יח,false,1,14.90,14.90,false,1,
7290005424311,false,סנו k רב קוטל זוחלים ומעופפים 475 סמ,החברה הדרומית לשיווק בעמ,,,'יח,4.75,"ל-100 מ""ל",false,12,21.90,4.61,false,1,
7290005426971,false,סנובון סבון לאסלה תפוח כחול סנו 3 יחידות,החברה הדרומית לשיווק בעמ,,,'יח,1.65,ל-100 גרם,false,12,14.90,9.03,true,1,
7290005430602,false,"סנו אוקסיג'ן ספריי להסרת כתמים עם חמצן פעיל 750 מ""ל",החברה הדרומית לשיווק בעמ,,,'יח,7.50,"ל-100 מ""ל",false,12,17.90,2.39,true,1,
7290005430671,false,פוליויקס נוזל לניקוי קרמיקה סנו 2 ליטר,החברה הדרומית לשיווק בעמ,,,'יח,20,"ל-100 מ""ל",false,8,22.90,1.15,false,1,
7290005431159,false,תותים בקצפת לייט עדן קינוחים 80 גרם,עדן קינוחים,,,'יח,4,ל-100 גרם,false,1,7.50,1.88,false,1,
7290005559907,false,פיצה משפחתית 100% גבינה מעדנות 500 גרם,תנובה מרכז שיתופי לשיווק תוצרת,,,'יח,5,ל-100 גרם,false,10,19.90,3.98,false,1,
7290005559914,false,פיצה משפחתית עם 100% גבינה בתוספת זיתים מעדנות 550 גרם,תנובה מרכז שיתופי לשיווק תוצרת,,,'יח,5.50,ל-100 גרם,false,8,19.90,3.62,false,1,
7290005559990,false,בצק עלים פילאס תורכי 600 גרם קפוא,תנובה מרכז שיתופי לשיווק תוצרת,,,'יח,6,ל-100 גרם,false,16,22.90,3.82,false,1,
7290005591761,false,דבש טהור מפרחי בר בלחיץ 400 ג' יד מרדכי,מכוורת יד מרדכי שטרא,,,'יח,4,ל-100 גרם,false,12,23.90,5.98,false,1,
7290005838002,false,מעדן גבינה ויוגורט בטעם וניל 88 ג' דניאלה,שטראוס גרופ בעמ/מצונן,,,'יח,1.50,"ל-100 מ""ל",false,24,4.30,2.87,false,1,
7290005839078,false,שמיניית יוגורט לבן 3% ביו דנונה 150 גרם,שטראוס גרופ בעמ/מצונן,,,'יח,1.50,ל-100 גרם,false,3,16.90,11.27,false,1,
7290005839108,false,גבינה לבנה סימפוניה עם תוספות 200 ג'+זיתים 5%,שטראוס גרופ בעמ/מצונן,,,'יח,2,ל-100 גרם,false,12,11.90,5.95,true,1,
7290005839313,false,מילקי Top עם שוקולדה מגולגלת 140 גרם,שטראוס גרופ בעמ/מצונן,,,'יח,1.30,"ל-100 מ""ל",false,20,4.90,3.77,false,1,
7290005938610,false,ממרח זיתים ירוקים 220 גרם,נטו מלינדה סחר בע`מ,,,'יח,2.20,ל-100 גרם,false,1,16.90,7.68,false,1,
7290005992018,false,"יוגורט עיזים לשתיה 3% מחלבות גד 500 מ""ל",מחלבות גד שיווק 1992 בעמ,,,'יח,5,"ל-100 מ""ל",false,1,13.90,2.78,false,1,
7290006241504,false,"משקה תפוזים קפוא פריגת 340 מ""ל",החברה המרכזית טלהפצת משקאות בע,,,'יח,3.40,ל-100 גרם,false,1,13.90,4.09,true,1,
7290006271648,false,מיני בורקס תפוחי אדמה מעדנות 800 גרם,תנובה מרכז שיתופי לשיווק תוצרת,,,'יח,8,ל-100 גרם,false,12,23.90,2.99,false,1,
7290006271655,false,מיני בורקס במילוי גבינה מעדנות (800 גרם),תנובה מרכז שיתופי לשיווק תוצרת,,,'יח,8,ל-100 גרם,false,12,24.90,3.11,false,1,
7290006374684,false,שמן זית כתית מעולה לתיבול מעודן 500,מכוורת יד מרדכי שטרא,,,'יח,5,"ל-100 מ""ל",false,9,26.90,5.38,false,1,
7290006374738,false,קונפיטורה תות יד מרדכי בטעם תות,אף.סי תבליני בגליל ב,,,'יח,3.40,ל-100 גרם,false,6,14.90,4.38,true,1,
7290006492685,false,גבינת לאבנה עיזים 5% גד (250 גרם),מחלבות גד שיווק 1992 בעמ,,,'יח,2.50,ל-100 גרם,false,1,17.90,7.16,false,1,
7290006498052,false,דנונה ביו יוגורט טבעי מהדרין 3% 150 ג',שטראוס גרופ בעמ/מצונן,,,'יח,1.50,"ל-100 מ""ל",false,1,2.90,1.93,false,1,
7290006546012,false,שעועית בנוסח מקסיקני בטעם חריף 580 ג' פרי הגליל,ויטה פרי גליל (החדשה) בע`מ,,,'יח,5.80,ל-100 גרם,false,1,7.90,1.36,true,1,
7290006653765,false,פרפקטו פסטה פטוצ'יני אסם 500 גרם,קבוצת אוסם סחר שותפות מוגבלת,,,'יח,5,ל-100 גרם,false,1,6.90,1.38,true,1,
7290006653819,false,קוסקוס אמיתי דק בשקית 350 גרם,קבוצת אוסם סחר שותפות מוגבלת,,,'יח,3.50,ל-100 גרם,false,1,7.90,2.26,false,1,
7290006664402,false,גבינה לבנה סקי 5% שומן 750 גרם,שטראוס גרופ בעמ/מצונן,,,'יח,7.50,ל-100 גרם,false,6,14.90,1.99,false,1,
7290006664655,false,דנונה Actimel יוגורט טבעי 8*100 מ``ל,שטראוס גרופ בעמ/מצונן,,,'יח,8,"ל-100 מ""ל",false,6,21.90,2.74,false,1,
7290006664990,false,"יוגורט דנונה ביו לבן 1.7% שומן 8*150 מ""ל",שטראוס גרופ בעמ/מצונן,,,'יח,1.50,ל-100 גרם,false,3,16.90,11.27,false,1,
7290006666307,false,חומוס אורגינל סלטי מ,כ.מ.מ שיווק סלטי משני בעמ,,,'יח,3,ל-100 גרם,false,1,12.90,4.30,false,1,
7290006666314,false,סלט טחינה משומשום טהור,כ.מ.מ שיווק סלטי משני בעמ,,,'יח,1.50,ל-100 גרם,false,1,12.90,8.60,false,1,
7290006666338,false,סלט טחינה ירוקה עם פטרוזיליה,כ.מ.מ שיווק סלטי משני בעמ,,,'יח,3,ל-100 גרם,false,1,13.90,4.63,false,1,
7290006666413,false,סלט כרוב שוודי 300 גרם,כ.מ.מ שיווק סלטי משני בעמ,,,'יח,3,ל-100 גרם,false,1,15.90,5.30,false,1,
7290006666420,false,סלט כרוב קולסלאו בסגנון אמריקאי,כ.מ.מ שיווק סלטי משני בעמ,,,'יח,3,ל-100 גרם,false,1,15.90,5.30,false,1,
7290006666437,false,סלט טורקי סלטי משני,כ.מ.מ שיווק סלטי משני בעמ,,,'יח,3,ל-100 גרם,false,1,15.90,5.30,false,1,
7290006666444,false,סלט עגבניות מטבוחה חריף,כ.מ.מ שיווק סלטי משני בעמ,,,'יח,3,ל-100 גרם,false,1,17.90,5.97,false,1,
7290006666451,false,סלט עגבניות סלסה חריף,כ.מ.מ שיווק סלטי משני בעמ,,,'יח,3,ל-100 גרם,false,1,19.90,6.63,false,1,
7290006666468,false,סלט גזר חריף במיץ לימון,כ.מ.מ שיווק סלטי משני בעמ,,,'יח,3,ל-100 גרם,false,1,19.90,6.63,false,1,
7290006666529,false,סלט פלפלים מרוקאי חריף 300 גרם,כ.מ.מ שיווק סלטי משני בעמ,,,'יח,3,ל-100 גרם,false,1,19.90,6.63,false,1,
7290006681553,false,קרמבו בטעם וניל שטראוס 8 יחידות,"גלידות שטראוס בע""מ",,,'יח,19.20,ל-100 גרם,false,1,17.90,0.93,false,1,
7290006681560,false,קרמבו בטעם מוקה שטראוס 8 יחידות,"גלידות שטראוס בע""מ",,,'יח,19.20,ל-100 גרם,false,1,17.90,0.93,false,1,
7290006712981,false,"משחת שיניים קולגייט ספיידרמן מגיל שש 50 מ""ל",הנסיך- מפעל לייצור ט,,,'יח,0.50,ל-100 גרם,false,1,11.90,23.80,false,1,
7290006739292,false,נקניק פסטרמה פרגיות ציפוי תירס,נקניק נהריה כשר זוגל,,,'יח,3.30,ל-100 גרם,false,1,26.90,8.15,true,1,
7290006739414,false,נקניק סלמי קוניאק זוגלובק 300 גרם,נקניק נהריה כשר זוגל,,,'יח,3,ל-100 גרם,false,1,26.90,8.97,true,1,
7290006739421,false,נקניק סלמי מעושן איטלקי זוגלובק 300 גרם,נקניק נהריה כשר זוגל,,,'יח,3,ל-100 גרם,false,1,26.90,8.97,true,1,
7290006739544,false,כתף בקר 3% שומן זוגלובק (300 גרם),נקניק זוגלובק נהריה,,,'יח,0.30,ל-100 גרם,false,1,31.90,106.33,true,1,
7290006742278,false,פסטרמה הודו צלויה על לבנים 330 ג' זוגלובק,נקניק נהריה כשר זוגל,,,'יח,3.30,ל-100 גרם,false,1,26.90,8.15,true,1,
7290006742292,false,פסטרמה הודו בדבש 330 ג' זוגלובק,נקניק נהריה כשר זוגל,,,'יח,3.30,ל-100 גרם,false,1,26.90,8.15,true,1,
7290006775801,false,עוגיות רוגלך שוקולד 400 גר' אחדות,אחדות ביתחרושת לטחינה חלבה,,,'יח,4,ל-100 גרם,false,1,10.90,2.73,false,1,
7290006855206,false,חטיף בר שזיפים קוקוס ואוכמניות מארז 120 גרם,טבעית מוצרים מן הטבע,,,'יח,1.20,ל-100 גרם,false,1,16.90,14.08,false,1,
7290006855251,false,ברבריא חטיף קשיו חמוציות וסילאן 120 גרם,טבעית מוצרים מן הטבע בעמ,,,'יח,1.20,ל-100 גרם,false,1,16.90,14.08,false,1,
7290006908445,false,"גרעין שחור אמריקאי ענק מלח גס, 250 גרם",בוטנת בעמ חברה לקלייה ואריזת פ,,,'יח,2.50,ל-100 גרם,false,1,11.90,4.76,false,1,
7290006983152,false,קרוטונים מתובלים למרק אסם (400 גרם),קבוצת אוסם סחר שותפות מוגבלת,,,'יח,4,ל-100 גרם,false,1,17.90,4.48,false,1,
7290006983763,false,עוגת הבית בטעם שוקולד אסם (400 גרם),קבוצת אוסם סחר שותפות מוגבלת,,,'יח,4,ל-100 גרם,false,1,12.90,3.23,false,1,
7290006983770,false,עוגת הבית שיש אסם (400 גרם),קבוצת אוסם סחר שותפות מוגבלת,,,'יח,4,ל-100 גרם,false,1,12.90,3.23,false,1,
7290006983787,false,עוגת הבית שוקולד צ'יפס אסם 400 גרם,קבוצת אוסם סחר שותפות מוגבלת,,,'יח,4,ל-100 גרם,false,1,12.90,3.23,false,1,
7290006983794,false,עוגת הבית בטעם תפוז אסם 400 גרם,קבוצת אוסם סחר שותפות מוגבלת,,,'יח,4,ל-100 גרם,false,1,12.90,3.23,false,1,
7290008000826,false,"משחת שיניים לילדים בטעם פירות לגילאים 2-6 כצט 50 מ""ל",גורי ע.ע.ע. בע`מ,,,'יח,0.70,ל-100 גרם,false,36,10.90,15.57,false,1,
7290008023542,false,שמפו לרצפות בניחוח יסמין סיף פנטסטיק 4 ליטר,יוניליוור ישראל שיווק בע`מ,,,'יח,40,"ל-100 מ""ל",false,1,19.90,0.50,false,1,
7290008175210,false,גבינת פרמזן מגורדת 90ג' ויליפוד,ג.וילי-פוד אינטרנשיונל **גבינו,,,'יח,9,ל-100 גרם,false,1,14.90,1.66,false,1,
7290008343466,false,בצק פילו שלושת האופים (500 גרם),שלושת האופים שגמור,,,'יח,5,ל-100 גרם,false,12,19.90,3.98,false,1,
7290008343558,false,סיגרים במילוי בשר פיקנטי 1 ק``ג קפוא,נטו מלינדה סחר בע`מ,,,'יח,10,ל-100 גרם,false,8,17.90,1.79,false,1,
7290008407441,false,ריאות בקר,ג.ת שווק בן בקר בע`מ,,,"ק""ג",1,'יח,true,1,24.90,24.90,false,1,
7290008409124,false,מאמא עוף קפוא שניצל ג'ונגל פריך 700 גרם,תנובה מרכז שיתופי לשיווק תוצרת,,,'יח,7,ל-100 גרם,false,10,34.90,4.99,false,1,
7290008409551,false,שניצל עוף אמיתי בציפוי מעודן 700 ג' מאמא עוף,תנובה מרכז שיתופי לשיווק תוצרת,,,'יח,7,ל-100 גרם,false,10,41.90,5.99,false,1,
7290008415576,false,צבר סלט חומוס 850 גרם,קבוצת אסם סחר,,,'יח,8.50,ל-100 גרם,false,1,12.90,1.52,false,1,
7290008461238,false,"סרדינים בשמן חמניות ופלפל חריף רוברט 84 גרם, 115 גרם",א. סיימן סחר בעמ,,,'יח,1.15,ל-100 גרם,false,50,7.90,6.87,true,1,
7290008493413,false,פירורי לחם מאיר בייגל פירורי גריסיני 200 גרם,"דנשר (1963) בע,מ",,,'יח,2,ל-100 גרם,false,16,6.90,3.45,false,1,
7290008618007,false,פילה סלמון/פרוס טרי במגש,מאסטר פוד בע`מ[דגים],,,"ק""ג",0,"ק""ג",true,1,149.90,149.90,false,1,
7290008618021,false,פילה דניס טרי פרמיום,מאסטר פוד בע`מ[דגים],,,"ק""ג",0,"ק""ג",true,1,139.90,139.90,false,1,
7290008618038,false,פילה לברק טרי פרמיום,מאסטר פוד בע`מ[דגים],,,"ק""ג",0,"ק""ג",true,1,145.90,145.90,false,1,
7290008618052,false,פילה בורי טרי במגש,מאסטר פוד בע`מ[דגים],,,"ק""ג",0,"ק""ג",true,1,119,119,false,1,
7290008644112,false,אחלה יום יום סלט מטבוחה יום יום 125 גרם,שטראוס גרופ בעמ/מצונן,,,'יח,1.25,ל-100 גרם,false,24,5.30,4.24,false,1,
7290008644945,false,סלט המושבה שטראוס 450 גר`-טעם הטבע,שטראוס בריאות ירקות טריי,,,'יח,4.50,'יח,false,1,12.90,2.87,false,1,
7290008645935,false,אחלה חומוס לניגוב 750 גרם,שטראוס גרופ בעמ/מצונן,,,'יח,7.50,ל-100 גרם,false,6,10.90,1.45,true,1,
7290008693134,false,מעדן גבינה ויוגורט בטעם תות 5% שומן 88 ג' דניאלה,שטראוס גרופ בעמ/מצונן,,,'יח,1.50,"ל-100 מ""ל",false,24,4.30,2.87,false,1,
7290008745239,false,תפוצ'יפס קראנצ' בטעם טבעי עלית 50 גרם,"שטראוס פריטו ליי בע""\מ )",,,'יח,0.55,ל-100 גרם,false,1,3.90,7.09,false,1,
7290008747547,false,תפוצ'יפס קראנץ' בטעם טבעי עלית 200 גרם,"שטראוס פריטו ליי בע""\מ )",,,'יח,2,ל-100 גרם,false,1,10.90,5.45,true,1,
7290008752244,false,תפוצ'יפס קראנץ' בטעם גריל עלית 50 גרם,"שטראוס פריטו ליי בע""\מ )",,,'יח,0.50,ל-100 גרם,false,1,3.90,7.80,false,1,
7290008753111,false,תפוצ'יפס קראנץ' בטעם מקסיקני עלית 50 גרם,"שטראוס פריטו ליי בע""\מ )",,,'יח,0.50,ל-100 גרם,false,1,3.90,7.80,false,1,
7290008754422,false,גומי מאסט בטעם פפרמינט קלאסי פליפטופ 28 ג' עלית,שטראוס גרופ בע`מ,,,'יח,0.28,ל-100 גרם,false,16,4.40,15.71,false,1,
7290008757386,false,"פחית מיץ פז ענבים 330 מ""ל",יפאורה - שותפות מוגבלת לשיווק,,,'יח,3.30,"ל-100 מ""ל",false,1,2.90,0.79,false,1,
7290008775816,false,ערגליות עוגיות במילוי שוקולד אסם 300 גרם,קבוצת אוסם סחר שותפות מוגבלת,,,'יח,3,ל-100 גרם,false,1,9.90,3.30,true,1,
7290008801843,false,סלקטד קברנה סובניון יקבי כרמל (750 מל),אגודת הכורמים בעמ,,,'יח,7.50,"ל-100 מ""ל",false,1,29.90,3.95,true,1,
7290008802895,false,יין קברנה סוביניון פרייבט קולקשן יקבי כרמל,אגודת הכורמים הקאופורטיב,,,'יח,7.50,"ל-100 מ""ל",false,1,39.90,5.28,true,1,
7290008804332,false,שיראז אדום יבש פריווט קולקשיין 750מל,אגודת הכורמים הקואופרטיב,,,'יח,7.50,"ל-100 מ""ל",false,1,39.90,5.28,true,1,
7290008849470,false,פלפל צ'ומה חריף אוליביה 185 גרם,תה ויסוצקי (ישראל)בעמ,,,'יח,1.85,ל-100 גרם,false,1,13.90,7.51,true,1,
7290008849739,false,רוטב סויה אמיתי אוליביה 310 גרם,תה ויסוצקי (ישראל)בעמ,,,'יח,2.90,"ל-100 מ""ל",false,1,13.90,4.79,false,1,
7290008975551,false,תחליף חלב מטרנה מהדרין שלב 3 חלבי 700 גרם,קבוצת אוסם סחר שותפות מוגבלת,,,'יח,7,ל-100 גרם,false,1,54.90,7.84,false,1,
7290010007042,false,לחם שיפון קלאסיק 650 גרם,מאפיית קלאסיק,,,'יח,6.50,ל-100 גרם,false,1,13.90,2.14,false,1,
7290010007059,false,לחם אחיד כהה קלאסיק 650 גרם,מאפיית קלאסיק,,,'יח,6.50,ל-100 גרם,false,1,13.90,2.14,false,1,
7290010007066,false,לחם בורודינסקי קלאסיק 650 גרם,מאפיית קלאסיק,,,'יח,6.50,ל-100 גרם,false,1,13.90,2.14,false,1,
7290010007073,false,לחם בריאות עם סובין קלאסיק 650 גרם,מאפיית קלאסיק,,,'יח,6.50,ל-100 גרם,false,1,13.90,2.14,false,1,
7290010007103,false,לחם ריז`סקי קלאסיק 650 גרם,מאפיית קלאסיק,,,'יח,6.50,ל-100 גרם,false,1,13.90,2.14,false,1,
7290010007202,false,לחם שיפון קל עם סובין קלאסיק 650 גרם,מאפיית קלאסיק,,,'יח,6.50,ל-100 גרם,false,1,13.90,2.14,false,1,
7290010007219,false,לחם דגנים קלאסיק 650 גרם,מאפיית קלאסיק,,,'יח,6.50,ל-100 גרם,false,1,13.90,2.14,false,1,
7290010116980,false,שוקולית אבקה להכנת משקה שוקו שקית 850,הנסיך- מפעל לייצור ט,,,'יח,8.50,ל-100 גרם,false,6,17.90,2.11,false,1,
7290010154005,false,סחוג תימני תבליני ביטון יוחאי (250 גרם),תבליני יוחאי ביטון,,,'יח,2.50,ל-100 גרם,false,12,12.90,5.16,false,1,
7290010154012,false,לימון בלאדי תבליני ביטון יוחאי (250 גרם),תבליני יוחאי ביטון,,,'יח,2.50,ל-100 גרם,false,12,12.90,5.16,false,1,
7290010237579,false,משקה מוגז בטעם ליים סבן אפ (500 מל),טמפו משקאות בע`מ,,,'יח,5,"ל-100 מ""ל",false,24,4.80,0.90,false,1,
7290010259830,false,מנת השף נודלס בסגנון סיני פיקנטי וילי פוד 70 גרם,ג. וילי-פוד אינטרנשיונל בע`מ,,,'יח,7,ל-100 גרם,false,1,4.90,0.70,false,1,
7290010328178,false,חלבה מסולסלת שערות אחוה 250 ג',אחדות ביתחרושת לטחינה חלבה,,,'יח,2.50,ל-100 גרם,false,1,10.90,4.36,false,1,
7290010328253,false,טחינה גולמית משומשום טבעי אחווה 500 גרם,אחדות ביתחרושת לטחינה חלבה,,,'יח,5,ל-100 גרם,false,1,10.90,2.18,true,1,
7290010471669,false,יוגורט תות עם קורנפלקס מצופה שוקולד ללא גלוטן 3.9%,שטראוס גרופ בעמ/מצונן,,,'יח,1.75,"ל-100 מ""ל",false,24,4.60,2.63,false,1,
7290010472390,false,מארז 8 יחידות מעדן דני בטעם שוקולד 1.5%,שטראוס גרופ בעמ/מצונן,,,'יח,1.28,ל-100 גרם,false,3,15.90,12.42,false,1,
7290010627004,false,טחינה גולמית מסורתית ירושלים 500 ג',תה ויסוצקי (ישראל) בעמ,,,'יח,5,ל-100 גרם,false,1,15.90,3.18,true,1,
7290010650033,false,בצלצלי שלוט מגשית 350 גר,ביכורי השדה צפון 1994 ג.ד. בעמ,,,'יח,1,,false,1,13.90,13.90,false,1,
7290010766185,false,רוטב לפסטה עגבניות ובזיליקום אוליביה 420 גרם,תה ויסוצקי בע`מ,,,'יח,4.20,ל-100 גרם,false,12,13.90,3.31,true,1,
7290011126209,false,הגן הקסום תה טעם תפוח וקינמון סיידר ויסוצקי 25 יח',תה ויסוצקי (ישראל)בעמ,,,'יח,0.55,ל-100 גרם,false,1,18.90,34.36,true,1,
7290011126452,false,הגן הקסום תה בטעם קמומיל ונענע ויסוצקי 25 יחידות,תה ויסוצקי (ישראל) בעמ,,,'יח,0.3750,ל-100 גרם,false,1,18.90,50.40,true,1,
7290011126940,false,תה ירוק ויסוצקי בתוספת מרווה 25 שקיקים,תה ויסוצקי (ישראל) בעמ,,,'יח,0.3750,ל-100 גרם,false,1,22.90,61.07,true,1,
7290011194246,false,קוטג 5% 250 גרם עם סידן שטראוס,שטראוס גרופ בעמ/מצונן,,,'יח,2.50,ל-100 גרם,false,12,5.90,2.36,false,1,
7290011223243,false,"טואלט דאק ג'ל לאסלה בניחוח לבנדר 55 מ""ל","איטיליאן פוד, אס.פי.",,,'יח,0.55,"ל-100 מ""ל",false,1,10.90,19.82,false,1,
7290011378516,false,טחינה גולמית 100% שומשום בארכה 450 ג',קבוצת אסם סחר,,,'יח,4.50,ל-100 גרם,false,1,12.90,2.87,true,1,
7290011438142,false,"משקה יטבתה אייס קפה בבקבוק אישי 350 מ""ל",שטראוס גרופ בעמ/מצונן,,,'יח,3.50,"ל-100 מ""ל",false,6,6.40,1.83,false,1,
7290011499112,false,בולגרית מסורתית 16% 250 גרם - רבנות,מחלבות גד שיווק 1992 בעמ,,,'יח,2.50,ל-100 גרם,false,1,24.70,9.88,false,1,
7290011499358,false,פטה עיזים מסורתית 20% בגביע 200 גרם - רובין,מחלבות גד שיווק 1992 בעמ,,,'יח,2,ל-100 גרם,false,1,27.90,13.95,false,1,
7290011499419,false,גבינה במרקם שמנת בטעם טבעי 5% ניו יורק,מחלבות גד שיווק 1992 בעמ,,,'יח,2,ל-100 גרם,false,1,11.90,5.95,false,1,
7290011515911,false,שלגוני לייט ריבת חלב עם סירופ 6*52 גרם,נגה גלידות שותפות מוגבלת,,,'יח,0.52,ל-100 גרם,false,1,27.90,53.65,false,1,
7290011518561,false,"אקטימל תות 1.51 ק""ג מארז 14 יחידות",שטראוס גרופ בעמ/מצונן,,,'יח,1,ל-100 גרם,false,3,29.90,29.90,false,1,
7290011570507,false,קמח נטול גלוטן-כרגיל קונדיטור,תומר ייבוא ושיווק מוצרי מזון [,,,'יח,4.50,ל-100 גרם,false,10,14.90,3.31,false,1,
7290011587598,false,פילה אנשובי בשמן תומר (45 גרם),תומר ייבוא ושיווק מוצרי מזון [,,,'יח,0.45,ל-100 גרם,false,25,4.90,10.89,false,1,
7290011765446,false,משחת שיניים לילדים בוב ספוג בטעם מיץ ענבים עם פלואוריד למניעת עששת,טרופיקל דגיל תעשיות קוסמ,,,'יח,0.70,ל-100 גרם,false,24,9.90,14.14,false,1,
7290011800642,false,מטבוחה מרוקאית רפי כהן צבר (400 גרם),קבוצת אוסם סחר-שות.מוגבלת,,,'יח,4,ל-100 גרם,false,1,17.90,4.48,false,1,
7290011800840,false,רפי כהן סלט טחינה בלאדי צבר 400 גרם,קבוצת אוסם סחר שותפות מוגבלת,,,'יח,4,ל-100 גרם,false,1,17.90,4.48,false,1,
7290011947316,false,זיתא זיתי קלמטה בשמן זית כתית מעולה 215ג,תה ויסוצקי (ישראל) בעמ,,,'יח,2.15,ל-100 גרם,false,1,14.90,6.93,true,1,
7290011964344,false,שום גבישי בקופ' 120 גר' טעם וריח,"תבליני טעם וריח בע""מ",,,'יח,1,,false,1,9.90,9.90,true,1,
7290011996000,false,טעם אסיה אטריות עגבניות 454 ג',טחנת האבן קואופ בעמ,,,'יח,4.54,ל-100 גרם,false,1,9.90,2.18,false,1,
7290011996031,false,אטריות ביצים טעמי אסיה (454 גרם),טחנת האבן קואופ בעמ,,,'יח,4.54,ל-100 גרם,false,1,9.90,2.18,false,1,
7290011996062,false,אורז לבן עגול מתאים להכנת סושי,טחנת האבן קואופ בעמ,,,'יח,10,ל-100 גרם,false,1,13.90,1.39,false,1,
7290011996109,false,רוטב צ`ילי מתוק טעמי אסיה (700 מל),טחנת האבן קואופ בעמ,,,'יח,7,"ל-100 מ""ל",false,1,9.90,1.41,false,1,
7290011996123,false,אצות לסושי נורי גולד 10 יחידות,טחנת האבן קואופ בעמ,,,'יח,10,"ל-100 מ""ל",false,1,10.90,1.09,false,1,
7290011996178,false,"רוטב סויה בסגנון יפני 300 מ""ל",טחנת האבן קואופ בעמ,,,'יח,1.60,ל-100 גרם,false,1,10.20,6.38,false,1,
7290011996185,false,חומץ אורז לבן לסושי טעמי אסיה (250 מל),טחנת האבן קואופ בעמ,,,'יח,0.25,ל-100 גרם,false,1,8.90,35.60,false,1,
7290011996222,false,מי קוקוס טעמי אסיה (400 מל),טחנת האבן קואופ בעמ,,,'יח,4,ל-100 גרם,false,1,5.90,1.48,false,1,
7290011996499,false,אטריות אורז דקות טעמי אסיה (400 גרם),טחנת האבן קואופ בעמ,,,'יח,4,ל-100 גרם,false,1,8.90,2.23,false,1,
7290011996512,false,"טעם אסיה טעם אסיה אטריות אורז 3מ""מ 400ג'",טחנת האבן קואופ בעמ,,,'יח,4.54,ל-100 גרם,false,1,7.90,1.74,false,1,
7290011996529,false,אטריות אורז 5 סמ טעמי אסיה (400 גרם),טחנת האבן קואופ בעמ,,,'יח,4.54,ל-100 גרם,false,1,7.90,1.74,false,1,
7290011996604,false,רוטב פאד תאי טעמי אסיה (300 מל),טחנת האבן קואופ בעמ,,,'יח,3,ל-100 גרם,false,1,12.90,4.30,false,1,
7290011996819,false,"מקלוני אטריות שעועית 250 גרם ""אסיה""",טחנת האבן קואופ בעמ,,,'יח,2.50,ל-100 גרם,false,1,6.90,2.76,false,1,
7290011996888,false,רוטב טריאקי טעמי אסיה (300 מל),קיי.אר.אס.ספייסי פוד,,,'יח,3,ל-100 גרם,false,1,9.90,3.30,false,1,
7290012001994,false,חרדל דיז'ון גרעינים 350 ג' ריין דיזון,דיפלומט מפיצים (1968) בעמ**,,,'יח,3.50,ל-100 גרם,false,12,12.90,3.69,false,1,
7290012019265,false,"מחית תפו""ע ללא תוספת סוכר 4*113גר",תומר ייבוא ושיווק מוצרי מזון [,,,'יח,4.52,ל-100 גרם,false,12,10.90,2.41,false,1,
7290012022203,false,פריכיות חיטה מלאה 60 גרם,דילייט 2005 בע`מ,,,'יח,0.60,ל-100 גרם,false,1,13.90,23.17,false,1,
7290012022227,false,פריכיות חיטה טבעי 60 גרם,דילייט 2005 בע`מ,,,'יח,0.60,ל-100 גרם,false,1,12.90,21.50,false,1,
7290012116537,false,"מקסימה אבקת כביסה בניחוח מאסק סנו 2.5 ק""ג",החברה הדרומית לשיווק בעמ,,,'יח,25,ל-100 גרם,false,6,24.90,1,false,1,
7290012116612,false,אורביטול מברשת שיניים סופט 4 יח`,החברה הדרומית לשיווק בעמ,,,'יח,0,ל-100 גרם,false,24,10.90,10.90,false,1,
7290012117565,false,כפפות סנו סושי לטקס S אריזת 100יח',החב. הדרומית לשיווק,,,'יח,1,,false,10,29.90,29.90,false,1,
7290012117589,false,כפפות סנו סושי לטקס L אריזת 100יח',החב. הדרומית לשיווק,,,'יח,1,,false,10,29.90,29.90,false,1,
7290012117732,false,מקסימה מרכך כביסה ארומתרפי קול סנו 4 ליטר,החברה הדרומית לשיווק בעמ,,,'יח,40,"ל-100 מ""ל",false,6,22.90,0.57,false,1,
7290012226991,false,"נקניקיות עוף באריזת ג''מבו 1.5 ק""ג זוגלובק",נקניק נהריה כשר זוגל,,,'יח,15,ל-100 גרם,false,1,29.90,1.99,false,1,
7290012227172,false,חרמן הודו בדבש וברביקיו זוג במארז 600 ג' זוגלובק,נקניק נהריה כשר זוגל,,,'יח,8,ל-100 גרם,false,1,29.90,3.74,false,1,
7290012227912,false,קבנוס מעודן זוגלובק 135 גרם,נקניק זוגלובק נהריה,,,'יח,1.10,ל-100 גרם,false,1,10.90,9.91,false,1,
7290012245176,false,וופל ציפס קריספי קפוא 700ג,קפוא זן תעשיות מזון בעמ,,,'יח,7,ל-100 גרם,false,1,14.90,2.13,false,1,
7290012245312,false,"גולד ציפס אמריקאי 1.5 ק""ג קפוא זן",קפוא-זן תעשיות מזון בעמ - תפוג,,,'יח,15,ל-100 גרם,false,1,19.90,1.33,false,1,
7290012245336,false,"גולד צ'יפס סטייק 1.5 ק""ג גולד שארית",קפוא-זן תעשיות מזון בעמ - תפוג,,,'יח,15,ל-100 גרם,false,1,19.90,1.33,false,1,
7290012384059,false,לחם כפרי אגוזים וצימ,אסול אוכל איכותי בעמ,,,'יח,1,,false,1,17.90,17.90,true,1,
7290012384073,false,לחם בצל,אסול אוכל איכותי בעמ,,,'יח,1,,false,1,17.90,17.90,true,1,
7290012384103,false,לחם דגנים וקמח מלא,אסול אוכל איכותי בעמ,,,'יח,1,,false,1,17.90,17.90,true,1,
7290012384110,false,לחם זיתים,אסול אוכל איכותי בעמ,,,'יח,1,,false,1,17.90,17.90,true,1,
7290012384134,false,לחם בתוספת כוסמין,אסול אוכל איכותי בעמ,,,'יח,1,,false,1,17.90,17.90,true,1,
7290012384752,false,מארז 5 פיתות קמח לבן,אסול אוכל איכותי בעמ,,,'יח,1,,false,1,11.90,11.90,false,1,
7290012413643,false,תה ירוק קמומיל ויסוצקי 25 יחידות,תה ויסוצקי (ישראל) בעמ,,,'יח,0.3750,ל-100 גרם,false,1,22.90,61.07,true,1,
7290012522581,false,טבעול שניצל תירס ללא גלוטן טבעול 664 גרם,קבוצת אוסם סחר-שות.מוגבלת,,,'יח,6.64,ל-100 גרם,false,1,28.90,4.35,true,1,
7290012561405,false,בצל קצוץ ומטוגן דורות (180 גרם),קבוצת אוסם סחר שותפות מוגבלת,,,'יח,16,ל-100 גרם,false,1,10.90,0.68,false,1,
7290012803765,false,טוסו שוקולד מריר ללא תוספת סוכר 100 גרם,אלטינמארקה גידה סאן,,,'יח,1,ל-100 גרם,false,1,10.90,10.90,false,1,
7290012823541,false,ריצפז פרש מטליות לחות לרצפה בניחוח לבנדר 10 יחידות,החברה הדרומית לשיווק בעמ,,,'יח,1,,false,12,12.90,12.90,false,1,
7290012823602,false,נייר טואלט סופט סילק לבן 32 גלילים סנו,החברה הדרומית לשיווק בעמ,,,'יח,25.50,ל-100 גרם,false,1,34.90,1.37,false,1,
7290012884986,false,צ`יפס לתנור עד 4% שומן תפוגן (1.5 קג),קבוצת אוסם סחר שותפות מוגבלת,,,'יח,15,ל-100 גרם,false,1,24.90,1.66,false,1,
7290012911156,false,"רוטב טריאקי שומשום 300 מ""ל ""אסיה""",קיי.אר.אס.ספייסי פוד,,,'יח,3,ל-100 גרם,false,1,12.90,4.30,false,1,
7290012911293,false,דפי אורז 22 סמ טעמי אסיה (300 גרם)-ללא,טחנת האבן קואופ בעמ,,,'יח,5,ל-100 גרם,false,1,10.90,2.18,false,1,
7290012911477,false,קרם קוקוס טעמי אסיה (400 מל),אסיאטיק אגרו אינדסטר,,,'יח,4,"ל-100 מ""ל",false,1,7.90,1.98,false,1,
7290012911644,false,רוטב סריראצ'ה- רוטב צ'ילי חריף,טחנת האבן קואופ בעמ,,,'יח,4.35,"ל-100 מ""ל",false,1,19.90,4.57,false,1,
7290012911675,false,פטריות שטאקה טעמי אסיה (85 גרם),טחנת האבן קואופ בעמ,,,'יח,1,,false,1,16.90,16.90,false,1,
7290012911804,false,שמן שומשום טעמי אסיה (150 מל),גואנגדונג גוד טייסט,,,'יח,1,,false,1,9.90,9.90,false,1,
7290012911941,false,רוטב צ'ילי מתוק ללא תוספת סוכר,טחנת האבן קואופ בעמ,,,'יח,7,"ל-100 מ""ל",false,1,13.90,1.99,false,1,
7290013083678,false,"מטרנה אקסטרה קר שלב 2 חסכון 700 גרם תמ""ל",קבוצת אוסם סחר-שות.מוגבלת,,,'יח,7,ל-100 גרם,false,1,59.90,8.56,false,1,
7290013117212,false,בורקס פילו במילוי גבינה מעדנות 600 גר,תנובה מרכז שיתופי לשיווק תוצרת,,,'יח,6,ל-100 גרם,false,10,19.90,3.32,false,1,
7290013117229,false,"בורקס פילו במילוי תפו""א מעדנות 600 גר",תנובה מרכז שיתופי לשיווק תוצרת,,,'יח,6,ל-100 גרם,false,10,19.90,3.32,false,1,
7290013117243,false,בורקס פילו בולגרית מעדנות 600 גרם,תנובה מרכז שיתופי לשיווק תוצרת,,,'יח,6,ל-100 גרם,false,10,21.90,3.65,false,1,
7290013117410,false,בצק פריך מרודד למאפים מתוקים 900 ג' מעדנות,תנובה מרכז שיתופי לשיווק תוצרת,,,'יח,9,ל-100 גרם,false,10,24.50,2.72,false,1,
7290013117526,false,בצק שמרים מרודד למאפים מתוקים מעדנות 900 גרם,תנובה מרכז שיתופי לשיווק תוצרת,,,'יח,6,ל-100 גרם,false,9,21.90,3.65,false,1,
7290013144157,false,תערובת להכנת סחלב 130גרם,א.ל. ייצור ושיווק תבלינים בע`מ,,,'יח,1.30,ל-100 גרם,false,1,9.90,7.62,true,1,
7290013144393,false,תמצית אפיה בטעם וניל מימונס (50 מל),א.ל. ייצור ושיווק תבלינים בע`מ,,,'יח,5,ל-100 גרם,false,1,4.90,0.98,false,1,
7290013144409,false,תמצית אפיה בטעם רום מימונס (50 מל),א.ל. ייצור ושיווק תבלינים בע`מ,,,'יח,5,ל-100 גרם,false,1,4.90,0.98,false,1,
7290013144416,false,"תמצית בטעם שקדים מימונס 50 מ""ל",א.ל. ייצור ושיווק תבלינים בע`מ,,,'יח,5,ל-100 גרם,false,1,4.90,0.98,false,1,
7290013144539,false,צבע מאכל אדום מימונס 50 גרם,א.ל. ייצור ושיווק תבלינים בע`מ,,,'יח,5,ל-100 גרם,false,1,3.90,0.78,false,1,
7290013144560,false,מיימונס צבע מאכל כחול 50 גרם,א.ל. ייצור ושיווק תבלינים בע`מ,,,'יח,5,ל-100 גרם,false,1,3.90,0.78,false,1,
7290013144768,false,סירופ בטעם שוקולד מימונס 500 גרם,א.ל. ייצור ושיווק תבלינים בע`מ,,,'יח,5,ל-100 גרם,false,1,13.90,2.78,true,1,
7290013144911,false,מימונס מיקס שוקולד צ'יפס מריר וחלב 250 גרם,א.ל. ייצור ושיווק תבלינים בע`מ,,,'יח,2.50,ל-100 גרם,false,1,15.90,6.36,false,1,
7290013144980,false,תרסיס שמן קנולה מימונס 170 גרם,א.ל. ייצור ושיווק תבלינים בע`מ,,,'יח,1.70,ל-100 גרם,false,1,13.90,8.18,false,1,
7290013145109,false,שקד מולבן טחון מימונס (100 גרם),א.ל. ייצור ושיווק תבלינים בע`מ,,,'יח,1,ל-100 גרם,false,1,12.90,12.90,true,1,
7290013145116,false,מיימונס שקד מולבן מקלות 100 גרם.,א.ל. ייצור ושיווק תבלינים בע`מ,,,'יח,1,ל-100 גרם,false,1,12.90,12.90,true,1,
7290013145130,false,"שקד מולבן חצוי 100 גרם ""מיימונס",א.ל. ייצור ושיווק תבלינים בע`מ,,,'יח,1,ל-100 גרם,false,1,12.90,12.90,true,1,
7290013145178,false,קוקוס לבן טחון מימונס (100 גרם),א.ל. ייצור ושיווק תבלינים בע`מ,,,'יח,1,ל-100 גרם,false,1,3.90,3.90,false,1,
7290013145246,false,גרעין חמניה מקולף מיימונס 100 גרם,א.ל. ייצור ושיווק תבלינים בע`מ,,,'יח,1,ל-100 גרם,false,1,5.90,5.90,false,1,
7290013145390,false,מימונס שוקולד צ'יפס מהדרין 250 גר,א.ל. ייצור ושיווק תבלינים בע`מ,,,'יח,2.50,ל-100 גרם,false,1,7.90,3.16,false,1,
7290013145406,false,שוקולד צ`יפס לבן מימונס (250 גרם),א.ל. ייצור ושיווק תבלינים בע`מ,,,'יח,2.50,ל-100 גרם,false,1,8.90,3.56,false,1,
7290013145574,false,ערכת קישוט לעוגות מימונס (100 גרם),א.ל. ייצור ושיווק תבלינים בע`מ,,,'יח,1,ל-100 גרם,false,1,10.90,10.90,false,1,
7290013145628,false,סוכריות צבעוניות לקישוט מימונס 200 גרם,א.ל. ייצור ושיווק תבלינים בע`מ,,,'יח,2,ל-100 גרם,false,1,8.90,4.45,false,1,
7290013145840,false,סוכר וניל מימונס 10יח בצלופן,א.ל. ייצור ושיווק תבלינים בע`מ,,,'יח,1,ל-100 גרם,false,1,1.90,1.90,false,1,
7290013145901,false,סודה לשתיה מימונס (100 גרם),א.ל. ייצור ושיווק תבלינים בע`מ,,,'יח,1,ל-100 גרם,false,1,1.90,1.90,false,1,
7290013145918,false,אבקת סוכר מימונס (100 גרם),א.ל. ייצור ושיווק תבלינים בע`מ,,,'יח,1,ל-100 גרם,false,1,1.90,1.90,false,1,
7290013145963,false,שמרים יבשים בוואקום מיימונס 125 גרם,א.ל. ייצור ושיווק תבלינים בע`מ,,,'יח,1.25,ל-100 גרם,false,1,5.90,4.72,false,1,
7290013215017,false,פטריות זוגות חוות השמפניון,ביכורי השדה צפון 1994 ג.ד. בעמ,,,'יח,1,,false,1,16.90,16.90,false,1,
7290013267665,false,סולרו מיני קלאסי - פירות טרופיים (חלבי),"מיוצר ע""\י גלידת שטראוס",,,'יח,3.54,ל-100 גרם,false,1,28.90,8.16,false,1,
7290013268884,false,"נוזל רצפות מאסק 2 ליטר ""ריצפז פרש""",החברה הדרומית לשיווק בעמ,,,'יח,20,"ל-100 מ""ל",false,8,17.90,0.90,true,1,
7290013269300,false,סושי ניילון נצמד פלוס סנו (150 מטר),החברה הדרומית לשיווק בעמ,,,'יח,1,,false,12,21.90,21.90,false,1,
7290013269638,false,ספוג הפלא אקסטרה Extra- מארז 6 יח',החברה הדרומית לשיווק בעמ,,,'יח,1,,false,12,11.90,11.90,false,1,
7290013269645,false,ריצפז פרש מטליות לחות לריצפה בניחוח מאסק 10 יחידות,החברה הדרומית לשיווק בעמ,,,'יח,1,,false,12,12.90,12.90,false,1,
7290013358356,false,פירורי לחם מוזהבים מאסטר שף (320גרם),ש. שסטוביץ בע`מ,,,'יח,3.20,ל-100 גרם,false,1,6.90,2.16,false,1,
7290013358462,false,"מיני קרוטונים למרק בתיבול שום, בצל ופטרוזיליה","עינת תעשיות מזון, אגשח ב",,,'יח,3.50,ל-100 גרם,false,1,20.30,5.80,false,1,
7290013358493,false,מנה אסייאתי קרם קוקוס פחית 400 מל מ.שף,תאי קוקונט פבליק קומפני,,,'יח,4,"ל-100 מ""ל",false,1,9.90,2.48,false,1,
7290013358530,false,מאסטר שף אסייאתי רוטב צ'ילי מתוק 700 מל כשלפ,קריניציה ויטמינה אס,,,'יח,7,"ל-100 מ""ל",false,1,13.90,1.99,false,1,
7290013358806,false,מנה מאגדת פריכיות אורז עם מלח 264 גרם,ש. שסטוביץ בע`מ,,,'יח,2.64,ל-100 גרם,false,1,12.90,4.89,true,1,
7290013389145,false,"ניוקי 500 ג' ""לה פסטה"" מיני 500 גר' 12X",תומר ייבוא ושיווק מוצרי מזון [,,,'יח,5,ל-100 גרם,false,1,6.90,1.38,false,1,
7290013492005,false,תפוח אדמה אדום למיקרו 600 ג',ביכורי השדה צפון 1994 ג.ד. בעמ,,,'יח,7,ל-100 גרם,false,1,7.90,1.13,false,1,
7290013531759,false,שעועית לבנה מבושלת במים יכין (550 גרם),זנלכול יכין,,,'יח,5.80,ל-100 גרם,false,1,9.90,1.71,false,1,
7290013585387,false,בקבוק זירו קוקה-קולה (1 ליטר),החברה המרכזית להפצת משקאות בעמ,,,'יח,10,"ל-100 מ""ל",false,12,6.80,0.65,false,1,
7290013847119,false,טונה סטארקיסט בשמן קנולה רביעיות בישול י,דיפלומט מפיצים (1968) בעמ**,,,'יח,6.40,ל-100 גרם,false,1,24.90,3.89,false,1,
7290013906212,false,"נקנקיות וינר טירת 1 ק""ג טירת צבי",תנובה מרכז שיתופי לשיווק תוצרת,,,'יח,10,ל-100 גרם,false,1,29.90,2.99,true,1,
7290014002203,false,חליטת לימונית ולואיזה הגן הקסום ויסוצקי 25 יחידות,תה ויסוצקי (ישראל) בעמ,,,'יח,0.75,ל-100 גרם,false,1,19.90,26.53,true,1,
7290014002944,false,גן קסום חליטת פירות וצמחים חמדת שקד 25 שקיקים,תה ויסוצקי (ישראל) בעמ,,,'יח,0.50,ל-100 גרם,false,1,19.90,39.80,true,1,
7290014046474,false,"נקניקיות עוף יחיעם 1.5 ק""ג",מעדני יחיעם ( 1993 ) בע`מ,,,'יח,15,ל-100 גרם,false,1,29.90,1.99,true,1,
7290014059085,false,"משחת שיניים סנסודיין 75 מ""ל פרימיום לשיקום והגנה","סמית קליין ביצ'ם בע""",,,'יח,0.75,"ל-100 מ""ל",false,1,25.90,34.53,true,1,
7290014217409,false,תערובת עשבי תיבול הרבס דה פרובנס טעם וריח 100 ג',"תבליני טעם וריח בע""מ",,,'יח,1,,false,1,9.90,9.90,false,1,
7290014256637,false,"יין מבעבע מוסקטו באזז יקבי כרמל 750 מ""ל",אגודת הכורמים -כרמל מזרחי,,,'יח,7.50,"ל-100 מ""ל",false,1,27.90,3.68,true,1,
7290014397781,false,סנו ריצפז פרש הום 2 ליטר בניחוח סבון,החברה הדרומית לשיווק בעמ,,,'יח,2,לליטר,false,8,21.90,10.95,false,1,
7290014455320,false,גבינה כדורי מוצרלה פרסקה גד 100ג',מחלבות גד שיווק 1992 בעמ,,,'יח,2,ל-100 גרם,false,1,8.90,4.45,false,1,
7290014455467,false,ירח מתוק מעדן חלב 2% ושיבולת שועל גד 150ג',מחלבות גד שיווק 1992 בעמ,,,'יח,1.60,"ל-100 מ""ל",false,1,5.90,3.69,true,1,
7290014525290,false,חטיפי סלים דליס קריספי תות מרבה 125 גרם,סלים דליס Slim Delis,,,'יח,1.25,ל-100 גרם,false,1,11.90,9.52,true,1,
7290014534650,false,"פסטה ""לה פסטה"" 400 ג' צינור 400 ג'",תומר ייבוא ושיווק מוצרי מזון [,,,'יח,4,ל-100 גרם,false,1,3.90,0.98,true,1,
7290014534667,false,"פסטה ""לה פסטה"" 400 ג' קונכיה 400 ג'",תומר ייבוא ושיווק מוצרי מזון [,,,'יח,4,ל-100 גרם,false,1,3.90,0.98,true,1,
7290014534674,false,"פסטה ""לה פסטה"" 400 ג' פרפר 400 ג'",תומר ייבוא ושיווק מוצרי מזון [,,,'יח,4,ל-100 גרם,false,1,3.90,0.98,true,1,
7290014534681,false,"פסטה ""לה פסטה"" 400 ג' בורג 400 ג'",תומר ייבוא ושיווק מוצרי מזון [,,,'יח,4,ל-100 גרם,false,1,3.90,0.98,true,1,
7290014534698,false,"פסטה ""לה פסטה"" 400 ג' תלתל 400 ג'",תומר ייבוא ושיווק מוצרי מזון [,,,'יח,4,ל-100 גרם,false,1,3.90,0.98,true,1,
7290014534704,false,"פסטה ""לה פסטה"" 400 ג' אטריות מרק 400 ג'",תומר ייבוא ושיווק מוצרי מזון [,,,'יח,4,ל-100 גרם,false,1,3.90,0.98,true,1,
7290014603776,false,קרמבו וניל 20 יח`,שטראוס גלידות,,,'יח,0,ל-100 גרם,false,1,29.90,29.90,false,1,
7290014692299,false,גבינת ברי EURO CHEESE ויליפוד 125 גרם,ג.וילי-פוד אינטרנשיונל **גבינו,,,'יח,1.25,ל-100 גרם,false,1,14.90,11.92,false,1,
7290014692305,false,גבינת קממבר EURO CHEESE ויליפוד 125 גרם,ג.וילי-פוד אינטרנשיונל **גבינו,,,'יח,1.25,ל-100 גרם,false,1,19.90,15.92,false,1,
7290014692541,false,צהובה מגורדת גולדן 500 גרם ויליפוד,ג.וילי-פוד אינטרנשיונל **גבינו,,,'יח,5,ל-100 גרם,false,1,19.90,3.98,false,1,
7290014692817,false,גבינת מוצרלה מגורדתEURO CHEESE ויליפוד 200 גרם,ג.וילי-פוד אינטרנשיונל **גבינו,,,'יח,2,ל-100 גרם,false,1,11.90,5.95,false,1,
7290014731165,false,"מזלגות ח""פ 100יח לבן שווה",ח.כהן סוכנות מזון ומשקאות בע,,,'יח,0,'יח,false,1,8.90,8.90,false,1,
7290014758100,false,מאגדת יוגורט ביו 3% שומן 8 יח' *150ג' תנובה,מיוצר עי קונדיטוריית,,,'יח,10,ל-100 גרם,false,1,16.50,1.65,false,1,
7290014758117,false,מאגדת יוגורט ביו 1.5% שומן 8 יח' *150 ג' תנובה,מיוצר עי קונדיטוריית,,,'יח,10,ל-100 גרם,false,1,16.90,1.69,false,1,
7290014759084,false,גבינת שמנת נפוליאון 16% מופחת שומן תנובה 225 גרם,תנובה מרכז שיתופי לש,,,'יח,2.25,ל-100 גרם,false,1,14.90,6.62,false,1,
7290014759534,false,גבינה בולגרית למריחה טבעי 5% 200 ג' פיראוס,"תנובה, מחלבת תל יוסף",,,'יח,2,ל-100 גרם,false,1,14.90,7.45,false,1,
7290014759909,false,פטה עיזים 5% 250 גר`גביע פיראוס תנובה,"תנובה, מחלבת טנא נוג",,,'יח,7.50,ל-100 גרם,false,1,29.90,3.99,false,1,
7290014759978,false,קצ`קאבל פלח גלעד 200 גר`קולקשיין תנובה,"תנובה בע""מ ***",,,'יח,2,ל-100 גרם,false,1,27.90,13.95,false,1,
7290014759985,false,פרמזן פלח גבע 23% 200 גר`קולקשיין תנובה,תנובה - חלב,,,'יח,2,ל-100 גרם,false,1,26.90,13.45,false,1,
7290014759992,false,פלח רוקפור גליל 26% 140 גר`קולקשיין תנו,"תנובה, מחלבת תל יוסף",,,'יח,1.40,ל-100 גרם,false,1,20.90,14.93,false,1,
7290014760448,false,גבינה צהובה גלבוע 400 גרם 22% שומן תנובה,מחלבת בית יצחק,,,'יח,4,ל-100 גרם,false,1,26.90,6.73,false,1,
7290014760912,false,גבינה צהובה 28% מהדרין גוש חלב (400 גרם),תנובה מרכז שיתופי לש,,,'יח,4,ל-100 גרם,false,1,29.90,7.48,false,1,
7290014761193,false,יוגורט עם פירות יער 1.5% שומן 125 ג' פרילי,תנובה מרכז שיתופי לש,,,'יח,5,"ל-100 מ""ל",false,1,3.90,0.78,false,1,
7290014762756,false,גבינת שמנת נפוליאון 16% עם בצל תנובה 225 גרם,תנובה - חלב,,,'יח,2.25,ל-100 גרם,false,1,14.90,6.62,false,1,
7290014762831,false,גבינת שמנת נפוליאון 16% עם פלפל חלפיניו תנובה 225 גרם,תנובה מרכז שיתופי לש,,,'יח,2.25,ל-100 גרם,false,1,14.90,6.62,false,1,
7290014762909,false,פתיתי מוצרלה השף הלבן 10% תוספת מתנה,"תנובה, מחלבת תל יוסף",,,'יח,2.20,ל-100 גרם,false,1,18.90,8.59,false,1,
7290014763272,false,יוגורט סויה BIO לשתיה תות ובננה אלטרנטיב,תות תעשיות מזון (201,,,'יח,2.50,ל-100 גרם,false,1,6.90,2.76,false,1,
7290014785069,false,מירין משובח טעמי אסיה (250 מל),טחנת האבן קואופ בעמ,,,'יח,1,,false,1,10.60,10.60,false,1,
7290014785076,false,"קרם קוקוס ללא תוספות חומר משמר 400 מ""ל",טחנת האבן קואופ בעמ,,,'יח,4.30,ל-100 גרם,false,1,7.90,1.84,false,1,
7290014789913,false,עוגיות אוראו קרם בטעם וניל מארז 176 גרם,דיפלומט מפיצים (1968) בעמ**,,,'יח,5.28,ל-100 גרם,false,1,21.90,4.15,false,1,
7290015037693,false,לבבות חסה חלסלאט אוצר הארץ,"בכורי השדה צפון1994 ג.ד. בע""מ",,,"ק""ג",0.60,ל-100 גרם,false,1,11.90,19.83,false,1,
7290015150088,false,מחית עגבניות קלה גרנד איטליה 700 גרם,תה ויסוצקי (ישראל) בעמ,,,'יח,7,ל-100 גרם,false,1,13.80,1.97,false,1,
7290015150118,false,שלישיית עגבניות חתוכות דק גרנד איטליה 400 גרם,תה ויסוצקי (ישראל) בעמ,,,'יח,4,ל-100 גרם,false,1,16.90,4.23,true,1,
7290015150590,false,תה ירוק ג'ינג'ר חריף ויסוצקי 25 יחידות,תה ויסוצקי (ישראל) בעמ,,,'יח,0.3750,ל-100 גרם,false,1,22.90,61.07,true,1,
7290015178273,false,רוטב מרינדה לעוף בגריל אוליביה 270 גר,תה ויסוצקי (ישראל)בעמ,,,'יח,0.31,"ל-100 מ""ל",false,1,13.90,44.84,false,1,
7290015320054,false,עוגיות בטעם חמאה יעד 340 גרם,יעד ממתקים בעמ,,,'יח,3.34,ל-100 גרם,false,1,11.90,3.56,false,1,
7290015324090,false,כמון טחון 80 גר' טעם וריח,"תבליני טעם וריח בע""מ",,,'יח,1,,false,1,5.90,5.90,false,1,
7290015324427,false,סודה לשתיה טעם וריח 80 גר',"תבליני טעם וריח בע""מ",,,'יח,1,,false,1,4.90,4.90,false,1,
7290015324724,false,מחית צ`ילי חריף `טעם וריח' 230 גרם,ליני קאטייאמה פודסטאפס ב,,,'יח,2.30,ל-100 גרם,false,1,14.90,6.48,false,1,
7290015366670,false,משחת שיניים בטעם מנטה אקוהפרש (100 מל),גלקסוסמיתקליין,,,'יח,1,"ל-100 מ""ל",false,1,6.90,6.90,true,1,
7290015858441,false,עללחם ממרח איולי פלפלים 295 גרם,"מדשא תעשיות מזון בע""\מ",,,'יח,2.95,ל-100 גרם,false,1,14.90,5.05,false,1,
7290015858687,false,עללחם ממרח איולי שום 295 גרם,"מדשא תעשיות מזון בע""\מ",,,'יח,2.95,ל-100 גרם,false,1,14.90,5.05,false,1,
7290015858694,false,עללחם ממרח איולי שום לימון 295 גרם,"מדשא תעשיות מזון בע""\מ",,,'יח,2.95,ל-100 גרם,false,1,14.90,5.05,false,1,
7290016144086,false,נפלאות קמח חלה מנופה 1 ק”ג,תה ויסוצקי (ישראל)בעמ,,,'יח,10,ל-100 גרם,false,1,8.90,0.89,false,1,
7290016197839,false,ניקול השקית החזקה 20 יח' XL,קימברלי קלארק ישראל שיווק בעמ,,,'יח,1,,false,12,19.90,19.90,false,1,
7290016401387,false,"פטריות חתוך שלישייה 290 גר` ""שווה""",ח.כהן סוכנות מזון ומשקאות בע,,,'יח,2.90,ל-100 גרם,false,1,10.90,3.76,false,1,
7290016440652,false,תערובת פרוסות ירקות חמוצים מעדני עופר 500 גרם,קפוא זן תעשיות מזון בעמ,,,'יח,2,ל-100 גרם,false,1,19.90,9.95,false,1,
7290016440928,false,מעדני עופר - ירקות כבושים חמוץ מתוק (סיני),קפוא זן תעשיות מזון בעמ,,,'יח,2,ל-100 גרם,false,1,19.90,9.95,false,1,
7290016564242,false,מארז 4+2 ספוגלית הפלא מבריקל,אלבגינו שווק וסחר בעמ`,,,'יח,1,,false,1,9.90,9.90,false,1,
7290016584011,false,חטיפוני גזר 350 גרם גיזרונים,קונס`-מרינה פטריות הגליל בעמ*ש,,,'יח,1,,false,1,9.90,9.90,false,1,
7290017275420,false,מיני קצפיות בטעם תות אחוה 140 גרם,אחדות ביתחרושת לטחינה חלבה,,,'יח,1.40,ל-100 גרם,false,1,8.90,6.36,false,1,
7290017275444,false,מיני קצפיות בטעם ענבים אחוה 140 גרם,אחדות ביתחרושת לטחינה חלבה,,,'יח,1.40,ל-100 גרם,false,1,8.90,6.36,false,1,
7290017275482,false,סירופ לשתיה בטעם ענבים 900 מל,אחדות ביתחרושת לטחינה חלבה,,,'יח,40,"ל-100 מ""ל",false,1,16.90,0.42,false,1,
7290017275499,false,סירופ לשתיה בטעם אננס 900 מל,אחדות ביתחרושת לטחינה חלבה,,,'יח,40,"ל-100 מ""ל",false,1,16.90,0.42,false,1,
7290017275505,false,סירופ לשתיה בטעם פטל 900 מל,אחדות ביתחרושת לטחינה חלבה,,,'יח,40,"ל-100 מ""ל",false,1,16.90,0.42,false,1,
7290017599229,false,ממתיק סוכרלוז 200 טבליות סוכרזית,שטראוס גרופ בע`מ,,,'יח,1,,false,1,19.90,19.90,false,1,
7290017599236,false,סוכרזית סיטיוויה 200 טבליות,סנו מפעלי ברונוס.,,,'יח,1,,false,1,21.90,21.90,false,1,
7290017724034,false,עוגיות סנדוויץ ריבה 250 גר`,הלל בן הלל שיווק ומסחר בעמ,,,'יח,3,ל-100 גרם,false,1,22.90,7.63,false,1,
7290017724041,false,עוגיות תותי פרוטי 200גרם,הלל בן הלל שיווק ומסחר בעמ,,,'יח,3,ל-100 גרם,false,1,22.90,7.63,false,1,
7290017724171,false,עוגיות סנדביץ ריבה ללא סוכר אקלר 200 גרם,הלל בן הלל שיווק ומסחר בעמ,,,'יח,3,ל-100 גרם,false,1,22.90,7.63,false,1,
7290017724218,false,עוגיות תמר אגוז ללא סוכר אקלר,הלל בן הלל שיווק ומסחר בעמ,,,'יח,3,ל-100 גרם,false,1,22.90,7.63,false,1,
7290017724652,false,עוגיות רולדה תמר אגוז ואבקת סוכר אקלר,אקלר,,,'יח,3,ל-100 גרם,false,1,22.90,7.63,false,1,
7290017842615,false,צלחת קטנה אריזת ענק 50 יח` מתכלה שווה,ח.כהן סוכנות מזון ומשקאות בע,,,'יח,1,,false,1,14.90,14.90,true,1,
7290017842622,false,צלחת גדולה אריזת ענק 50 יח`מתכלה שווה,ח.כהן סוכנות מזון ומשקאות בע,,,'יח,1,,false,1,19.90,19.90,false,1,
7290017842752,false,צלחת גדולה חושן מתכלה 20 יח שווה,ח.כהן סוכנות מזון ומשקאות בע,,,'יח,1,,false,1,13.90,13.90,false,1,
7290017842769,false,צלחת ענקית מתכלה חושן 20 יח`שווה,ח.כהן סוכנות מזון ומשקאות בע,,,'יח,1,,false,1,19.90,19.90,false,1,
7290017873183,false,"סבון ידיים בניחות אשכולית אדומה 500 מ""ל יהלום",דנשר (1963) בעמ,,,'יח,1,'יח,false,1,12.90,12.90,false,1,
7290017946399,false,"מרכך כביסה מרוכז ארומתרפי אדום 900 מ""ל סוד",גורי שיווק בעמ,,,'יח,9,"ל-100 מ""ל",false,12,12.90,1.43,false,1,
7290018091104,false,מאמאמיה פיצה שוק דקה 440 גרם,תנובה מרכז שיתופי לשיווק תוצרת,,,'יח,4.40,ל-100 גרם,false,1,25.90,5.89,false,1,
7290018091111,false,מאמאמיה פיצה זיתים עבה 510 גרם,תנובה מרכז שיתופי לשיווק תוצרת,,,'יח,5.10,ל-100 גרם,false,1,25.90,5.08,false,1,
7290018091302,false,מאמאמיה פיצה בלקנית דקה 440 גרם,תנובה מרכז שיתופי לשיווק תוצרת,,,'יח,4.40,ל-100 גרם,false,1,25.90,5.89,false,1,
7290018091500,false,מאמאמיה פיצה חריפה דקה 410 גרם,תנובה מרכז שיתופי לשיווק תוצרת,,,'יח,4.10,ל-100 גרם,false,1,25.90,6.32,false,1,
7290018091708,false,מאמאמיה פיצה נפוליטנה דקה 470 גרם,תנובה מרכז שיתופי לשיווק תוצרת,,,'יח,4.70,ל-100 גרם,false,1,25.90,5.51,false,1,
7290018091906,false,מאמאמיה פיצה נפוליטנה דקה 470 גרם,תנובה מרכז שיתופי לשיווק תוצרת,,,'יח,4.70,ל-100 גרם,false,1,25.90,5.51,false,1,
7290018194218,false,"סודה ספארק בטעם נענע ליים 250 מ""ל- בודד",בני פאוזי שמשום (2009) בעמ,,,'יח,2.50,"ל-100 מ""ל",false,1,3.90,1.44,false,1,
7290018294369,false,"תירוש מיץ ענבים טבעי 700 מ""ל",יקבי כרמל Carmel Winery,,,'יח,7.50,"ל-100 מ""ל",false,1,16.90,2.21,true,1,
7290018359112,false,פאסאטה מחית עגבניות איטלקיות קלה יכין690,אמיליאנה קונסרב,,,'יח,1,,false,1,9.90,9.90,false,1,
7290018380727,false,דפי בצק פילו עגולים תומר 400 גרם,תומר ייבוא ושיווק מוצרי מזון [,,,'יח,4,ל-100 גרם,false,1,14.90,3.73,true,1,
7290018380734,false,דפי בצק פילו משולשים תומר 360 גרם,תומר ייבוא ושיווק מוצרי מזון [,,,'יח,3.60,ל-100 גרם,false,1,14.90,4.14,true,1,
7290018380741,false,דפי בצק פילו עגולים תומר 500 גרם,תומר ייבוא ושיווק מוצרי מזון [,,,'יח,1,ל-100 גרם,false,1,14.90,14.90,true,1,
7290018394038,false,פטריות שיטאקה מיובשות חוות תקוע 25 גרם,ביכורי השדה צפון 1994 ג.ד. בעמ,,,'יח,1,,false,1,9.90,9.90,false,1,
7290018440223,false,תה צ'אי מסאלה 25 שקיקים ויסוצקי,תה ויסוצקי (ישראל) בעמ,,,'יח,0.50,ל-100 גרם,false,1,19.90,39.80,true,1,
7290018440438,false,Calvo טונה בשמן זית פתיחה קלה 3 * 65 גרם,תה ויסוצקי (ישראל) בעמ,,,'יח,1.90,ל-100 גרם,false,1,26.90,14.16,false,1,
7290018440445,false,טונה קאלוו בשמן זית 160 גר,תה ויסוצקי (ישראל) בעמ,,,'יח,1.60,ל-100 גרם,false,1,16.90,10.56,true,1,
7290018440483,false,פליפז בייגלה מצופה בקרמל מלוח ושוקולד מקוויטיס 140 גרם,תה ויסוצקי (ישראל) בעמ,,,'יח,1.40,ל-100 גרם,false,1,8.90,6.36,true,1,
7290018441985,false,פרצלס עם הכל בראנץ אנד קראנץ 280 ג',מוצרי איכות אמריקאיים בעמ,,,'יח,0.70,ל-100 גרם,false,1,14.90,21.29,true,1,
7290018468418,false,פסטרמה צמחונית טעם מפולפל 120 גרם טירת צבי,תנובה מרכז שיתופי לשיווק תוצרת,,,'יח,1.20,ל-100 גרם,false,1,17.90,14.92,false,1,
7290018471050,false,"ספרינג נקטר אגס תפוח סברס פחית 330 מ""ל",יפאורה - שותפות מוגבלת לשיווק,,,'יח,3.30,"ל-100 מ""ל",false,1,5.90,1.70,true,1,
7290018471920,false,שוופס מוגז פירות ענבים 1.5 ליטר פיקדון,יפאורה - שותפות מוגבלת לשיווק,,,'יח,15,"ל-100 מ""ל",false,1,8.90,0.57,true,1,
7290018471937,false,שוופס מוגז פירות תות ליים 1.5 ליטר פיקדון,יפאורה - שותפות מוגבלת לשיווק,,,'יח,15,"ל-100 מ""ל",false,1,8.90,0.57,true,1,
7290018471944,false,שוופס מוגז פירות לימונייד 1.5 ליטר פיקדון,יפאורה - שותפות מוגבלת לשיווק,,,'יח,15,"ל-100 מ""ל",false,1,8.90,0.57,true,1,
7290018703496,false,פראוד - חטיף חלבון בטעם בננה טופי 60 גרם,דיפלומט מפיצים (1968) בעמ**,,,'יח,0.60,ל-100 גרם,false,1,11.90,19.83,false,1,
7290018893258,false,צ'וקטה עוגות אישיות במילוי קרם קרמל ובציפוי בטעם שוקולד 300 גרם,פרדי קונדיטוריה אס.פ,,,'יח,3,ל-100 גרם,false,1,12.90,4.30,false,1,
7290018893418,false,שוקולד מריר 60% מארז 6 יח' *100 ג' צ'וקטה,ש. שסטוביץ בע`מ,,,'יח,1,,false,4,19.90,19.90,false,1,
7290018893807,false,צוקטה בטעם שוקולד מריר 60% 3 יח' 300 גרם,אייברקקאו אס אי. יו,,,'יח,1,'יח,false,1,14.90,14.90,false,1,
7290018893814,false,צ'וקטה חמישיית שוקולד מריר 48%,הדקלאים אגודת שיתופי,,,'יח,1,,false,4,19.90,19.90,true,1,
7290018893920,false,לוקיטוס סוכריות ג'לי בטעמי פירות 700 גרם,ש. שסטוביץ בע`מ,,,'יח,7,ל-100 גרם,false,1,18.90,2.70,false,1,
7290018925065,false,מיץ תפוזים סחוט פרימור (2 ליטר),שטראוס גרופ בעמ/מצונן,,,'יח,20,"ל-100 מ""ל",false,4,26.80,1.33,false,1,
7290019056058,false,שוופס מוגז עדין תפוח ליים 1.5 ליטר פיקדון,יפאורה - שותפות מוגבלת לשיווק,,,'יח,15,"ל-100 מ""ל",false,1,8.90,0.57,true,1,
7290019056096,false,שוופס מוגז עדין אפרסק 1.5 ליטר פיקדון,יפאורה - שותפות מוגבלת לשיווק,,,'יח,15,"ל-100 מ""ל",false,1,8.90,0.57,true,1,
7290019056164,false,שוופס סודה 1.5 ליטר רביעייה פיקדון,יפאורה - שותפות מוגבלת לשיווק,,,'יח,60,"ל-100 מ""ל",false,1,12.90,0.20,false,1,
7290019056171,false,שוופס סודה לימון 1.5 ליטר רביעייה פיקדון,יפאורה - שותפות מוגבלת לשיווק,,,'יח,60,"ל-100 מ""ל",false,1,12.90,0.20,false,1,
7290019056188,false,שוופס סודה נענע ליים 1.5 ליטר רביעייה פיקדון,יפאורה - שותפות מוגבלת לשיווק,,,'יח,60,"ל-100 מ""ל",false,1,12.90,0.20,false,1,
7290019056317,false,שוופס ראשן 1.5 ליטר פיקדון,יפאורה - שותפות מוגבלת לשיווק,,,'יח,15,"ל-100 מ""ל",false,1,12.90,0.84,false,1,
7290019056324,false,שוופס טוניק 1.5 ליטר פיקדון,יפאורה - שותפות מוגבלת לשיווק,,,'יח,15,"ל-100 מ""ל",false,1,12.90,0.84,false,1,
7290019056331,false,שוופס טוניק ללא סוכר 1.5 ליטר פיקדון,יפאורה - שותפות מוגבלת לשיווק,,,'יח,15,"ל-100 מ""ל",false,1,12.90,0.84,false,1,
7290019056430,false,משקה קל תפוזינה 1.5 ליטר תפוזים לייט,יפאורה - שותפות מוגבלת לשיווק,,,'יח,15,"ל-100 מ""ל",false,1,7.90,0.51,true,1,
7290019056508,false,פרוט ווטר ענבים 1.5 ליטר פיקדון,יפאורה - שותפות מוגבלת לשיווק,,,'יח,15,"ל-100 מ""ל",false,1,8.90,0.57,true,1,
7290019056515,false,פרוט ווטר אננס 1.5 ליטר פיקדון,יפאורה - שותפות מוגבלת לשיווק,,,'יח,15,"ל-100 מ""ל",false,1,8.90,0.57,true,1,
7290019056522,false,פרוט ווטר תות 1.5 ליטר פיקדון,יפאורה - שותפות מוגבלת לשיווק,,,'יח,15,"ל-100 מ""ל",false,1,8.90,0.57,true,1,
7290019056546,false,פרוט ווטר אבטיח 1.5 ליטר פיקדון,יפאורה - שותפות מוגבלת לשיווק,,,'יח,15,"ל-100 מ""ל",false,1,8.90,0.57,true,1,
7290019056553,false,שישיית מים מינרלים עין גדי 2 ליטר,יפאורה - שותפות מוגבלת לשיווק,,,'יח,120,"ל-100 מ""ל",false,1,13.80,0.10,false,1,
7290019056584,false,משקה קל תפוזים ספרינג 1.5 ליטר,יפאורה - שותפות מוגבלת לשיווק,,,'יח,15,"ל-100 מ""ל",false,1,8.90,0.57,true,1,
7290019056591,false,משקה קל ענבים ספרינג 1.5 ליטר,יפאורה - שותפות מוגבלת לשיווק,,,'יח,15,"ל-100 מ""ל",false,1,8.90,0.57,true,1,
7290019056638,false,משקה קל תות בננה ספרינג 1.5 ליטר,יפאורה - שותפות מוגבלת לשיווק,,,'יח,15,"ל-100 מ""ל",false,1,8.90,0.57,true,1,
7290019056768,false,קריסטל משקה קל מנגו 2 ליטר פיקדון,יפאורה - שותפות מוגבלת לשיווק,,,'יח,20,"ל-100 מ""ל",false,1,7.50,0.36,false,1,
7290019056881,false,שוופס סודה 1.5 ליטר,יפאורה - שותפות מוגבלת לשיווק,,,'יח,15,"ל-100 מ""ל",false,1,4.50,0.28,false,1,
7290019056959,false,מי עדן בקבוק מתכווץ שקט 1.5 מ``ל,יפאורה - שותפות מוגבלת לשיווק,,,'יח,15,"ל-100 מ""ל",false,1,2.90,0.17,false,1,
7290019056966,false,מי עדן בקבוק פיקדון 1.5 ליטר,תבורי-שותפות מוגבלת לשיווק,,,'יח,15,"ל-100 מ""ל",false,1,2.90,0.17,false,1,
7290019056973,false,מי עדן שישיה בק `1.5ליטר פיקדון,יפאורה - שותפות מוגבלת לשיווק,,,'יח,90,"ל-100 מ""ל",false,1,13.70,0.13,false,1,
7290019152101,false,מארז פיתות כוסמין מלא la farina,אסול אוכל איכותי בעמ,,,'יח,1,ל-100 גרם,false,1,11.90,11.90,false,1,
7290019152118,false,מארז פיתות חיטה מלאה la farina,אסול אוכל איכותי בעמ,,,'יח,1,,false,1,11.90,11.90,false,1,
7290019153078,false,שוופס ביטר למון 1.5 לייט ליטר פיקדון,יפאורה - שותפות מוגבלת לשיווק,,,'יח,15,"ל-100 מ""ל",false,1,12.90,0.84,false,1,
7290019153245,false,שוופס סודה לימון מוגז עדין 0.50,יפאורה - שותפות מוגבלת לשיווק,,,'יח,5,"ל-100 מ""ל",false,1,4.90,0.92,true,1,
7290019153252,false,שוופס סודה תפוח 1.5 ליטר רביעייה פיקדון,יפאורה - שותפות מוגבלת לשיווק,,,'יח,60,"ל-100 מ""ל",false,1,12.90,0.20,false,1,
7290019153269,false,שוופס סודה אננס 1.5 ליטר רביעייה פיקדון,יפאורה - שותפות מוגבלת לשיווק,,,'יח,60,"ל-100 מ""ל",false,1,12.90,0.20,false,1,
7290019167020,false,עוגת גבינה עם פירות יער לייט עדן קינוחים 82 גרם,"תנובה בע""מ ***",,,'יח,8.20,ל-100 גרם,false,1,7.50,0.91,false,1,
7290019167037,false,תותים בקצפת עדן קינוחים 82 גרם,תנובה בעמ ***,,,'יח,8.20,ל-100 גרם,false,1,7.50,0.91,false,1,
7290019167044,false,קצפת עם קרם בייגלה מתוק מלוח עדן קינוחים 82 גרם,תנובה בעמ ***,,,'יח,8.20,ל-100 גרם,false,1,7.50,0.91,false,1,
7290019232186,false,תה ירוק לימונית לואיזהSTAY WELL 25 שקיקים ויסוצקי,תה ויסוצקי (ישראל) בעמ,,,'יח,1,'יח,false,1,27.90,27.90,false,1,
7290019232803,false,הולגריין ביסקוויט+קרם חלב ושוקולד חלב 300 גרם רבנות,"אולקר ביסקווי סנאי, א.ס.",,,'יח,3,ל-100 גרם,false,1,10.90,3.63,true,1,
7290019232827,false,הולגריין ביסקוויט במילוי אגוזי לוז 300 גרם רבנות,"אולקר ביסקווי סנאי, א.ס.",,,'יח,3,ל-100 גרם,false,1,10.90,3.63,true,1,
7290019232834,false,פליפז בייגלה מצופה קרם עוגיות ושוקולד מקוויטיס 140 גרם,תה ויסוצקי (ישראל) בעמ,,,'יח,1.44,ל-100 גרם,false,1,8.90,6.18,true,1,
7290019233008,false,רוטב עגבניות עם קוביות ארטישוק ושמן זית 420ג ויסוצקי,תה ויסוצקי (ישראל) בעמ,,,'יח,4.20,ל-100 גרם,false,1,12.90,3.07,true,1,
7290019233015,false,רוטב שקשוקה תבשיל ירקות עם שמן זית כתית מעולה 420ג זיתא,תה ויסוצקי (ישראל) בעמ,,,'יח,4.20,ל-100 גרם,false,1,12.90,3.07,true,1,
7290019233022,false,רוטב עגבניות עם קוביות ושמן זית 420ג זיתא,תה ויסוצקי (ישראל) בעמ,,,'יח,4.20,ל-100 גרם,false,1,12.90,3.07,true,1,
7290100680650,false,מנה חמה נודלס-אטריות ירקות טעם תאילנדי אסם 76 ג',קבוצת אוסם סחר שותפות מוגבלת,,,'יח,7.60,ל-100 גרם,false,1,6.90,0.91,true,1,
7290100680728,false,פירורית רגילה שקית 350 גרם,קבוצת אוסם סחר שותפות מוגבלת,,,'יח,3.50,ל-100 גרם,false,1,6.90,1.97,false,1,
7290100681138,false,מארז אפרופו חטיף תירס 3 יחידות,קבוצת אוסם סחר שותפות מוגבלת,,,'יח,1.50,ל-100 גרם,false,1,12.90,8.60,true,1,
7290100684139,false,פסטה מיני מקרוני אסם (500 גרם),קבוצת אוסם סחר שותפות מוגבלת,,,'יח,5,ל-100 גרם,false,1,5.90,1.18,true,1,
7290100685136,false,"אבקת מרק טעם עוף 1 ק""ג 1/8 אסם",קבוצת אוסם סחר שותפות מוגבלת,,,'יח,10,ל-100 גרם,false,1,16.90,1.69,true,1,
7290100685334,false,אבקת מרק עוף אמיתי בשרי רכיבים טבעיים אסם 400 גרם,קבוצת אוסם סחר שותפות מוגבלת,,,'יח,4,ל-100 גרם,false,1,23.90,5.98,true,1,
7290100685341,false,אבקת מרק טעם עוף זך רכיבים טבעיים אסם 400 גרם,קבוצת אוסם סחר שותפות מוגבלת,,,'יח,4,ל-100 גרם,false,6,16.90,4.23,true,1,
7290100686171,false,מארז מולטיפק ביסלי גריל 6 יח 35 גר ליח,קבוצת אוסם סחר שותפות מוגבלת,,,'יח,2.10,ל-100 גרם,false,1,12.90,6.14,true,1,
7290100687109,false,במבה במילוי קרם נוגט 60ג' אסם,קבוצת אוסם סחר-שות.מוגבלת,,,'יח,0.60,ל-100 גרם,false,1,3.90,6.50,true,1,
7290100689301,false,אבקת מרק בטעם עוף זך עדיף אסם 400 גרם,קבוצת אוסם סחר שותפות מוגבלת,,,'יח,4,ל-100 גרם,false,1,15.90,3.98,true,1,
7290100700020,false,גריסי פנינה סוגת (500 גרם),האי נאם סי או אל.טי.,,,'יח,5,ל-100 גרם,false,1,5.90,1.18,false,1,
7290100700075,false,פירורי לחם מוזהבים סוגת (200 גרם),"סוגת תעשיות בע""\מ",,,'יח,2,ל-100 גרם,false,1,3.90,1.95,true,1,
7290100700273,false,קינואה לבנה 500 ג סו,האי נאם סי או אל.טי.,,,'יח,5,ל-100 גרם,false,1,12.90,2.58,false,1,
7290100700396,false,"סוגת אורז יסמין קלאסי 1 ק""ג",האי נאם סי או אל.טי.,,,'יח,10,ל-100 גרם,false,1,12.90,1.29,false,1,
7290100700587,false,בורגול סוגת (500 גרם),האי נאם סי או אל.טי.,,,'יח,5,ל-100 גרם,false,1,4.90,0.98,false,1,
7290100701454,false,בורגול דק גרישה סוגת (500 גרם),"סוגת תעשיות בע""\מ",,,'יח,5,ל-100 גרם,false,1,4.90,0.98,false,1,
7290100702260,false,קוסקוס דק סוגת 350 גרם,"אסיף תעשיות מזון בע""\מ",,,'יח,3.50,ל-100 גרם,false,1,4.90,1.40,true,1,
7290100702277,false,קוסקוס עבה סוגת 350 גרם,"אסיף תעשיות מזון בע""",,,'יח,3.50,ל-100 גרם,false,1,4.90,1.40,true,1,
7290100702741,false,"סוכר חום בהיר בצנצנת סוגת 1 ק""ג",סוגת תעשיות בעמ,,,'יח,10,ל-100 גרם,false,1,9.90,0.99,false,1,
7290100703007,false,עדשים שחורות בלוגה סוגת (500 גרם),האי נאם סי או אל.טי.,,,'יח,5,ל-100 גרם,false,1,7.90,1.58,false,1,
7290100703564,false,"פתיתי שיבולת שועל עבה 500 גרם ""סוגת""",סוגת תעשיות בעמ,,,'יח,5,ל-100 גרם,false,1,5.90,1.18,true,1,
7290100703649,false,"קמח חיטה 80% ללא צורך בניפוי סוגת 1 ק""ג",סוגת תעשיות בעמ,,,'יח,10,ל-100 גרם,false,1,7.90,0.79,true,1,
7290100703670,false,"קמח כוסמין ללא ניפוי 1 ק""ג סוגת",סוגת תעשיות בעמ,,,'יח,10,ל-100 גרם,false,1,16.90,1.69,true,1,
7290100704141,false,סוגת אבקת סודה לשתיה 100 גר`,א.ל. ייצור ושיווק תב,,,'יח,10,ל-100 גרם,false,1,2.90,0.29,false,1,
7290100704639,false,"קמח שמרים פיתה סוגת 1 ק""ג","שטיבל בע""\מ - טחנות קמח",,,'יח,10,ל-100 גרם,false,1,7.90,0.79,false,1,
7290100850909,false,חטיף תירס נאצ`ו מקסיקני דוריטוס (70 גרם),"שטראוס פריטו ליי בע""\מ",,,'יח,0.70,ל-100 גרם,false,1,3.90,5.57,true,1,
7290100850916,false,דוריטוס חמוץ חריף מעודן 70 גרם כשר לפסח,"שטראוס פריטו ליי בע""\מ )",,,'יח,0.70,ל-100 גרם,false,1,4.20,6,true,1,
7290100850923,false,חטיף תירס גריל דוריטוס (70 גרם),"שטראוס פריטו ליי בע""\מ )",,,'יח,0.70,ל-100 גרם,false,1,4.20,6,true,1,
7290100850930,false,חטיף תירס בטעם טבעי דוריטוס (70 גרם),"שטראוס פריטו ליי בע""\מ )",,,'יח,0.70,ל-100 גרם,false,1,4.20,6,true,1,
7290100858592,false,אבקת קקאו עלית שקית 150 ג',הנסיך- מפעל לייצור ט,,,'יח,1.50,ל-100 גרם,false,1,9.90,6.60,false,1,
7290100858608,false,עלית אבקת קקאו כשלפ 500 גרם,שטראוס קפה בי.ויn\.,,,'יח,5,ל-100 גרם,false,10,24.90,4.98,false,1,
7290100924464,false,כדוריות סבון נתלה לאסלה עם אקונומיקה - 3 יח',גורי שיווק בעמ,,,'יח,3,למארז,false,1,19.90,6.63,true,1,
7290100925669,false,דפים למניעת העברת צבע קולור קאצ`ר) (10,גורי שיווק בעמ,,,'יח,1,ל-100 גרם,false,1,9.90,9.90,true,1,
7290101486688,false,חטיף דגנים עם שוקולד ללא גלוטן וסוכר פרי 5*20 גרם,טבעית מוצרים מן הטבע בעמ,,,'יח,0.40,ל-100 גרם,false,1,19.20,48,false,1,
7290101500551,false,סלרי אמריקאי ארוז רבנות,ביכורי השדה הצפון בעמ` 1964,,,'יח,1,,false,1,6.90,6.90,false,1,
7290101500568,false,שורש סלרי ארוז,ביכורי השדה הצפון בעמ` 1964,,,'יח,1,,false,1,4.90,4.90,false,1,
7290101500926,false,עלי תרד ארוז רבנות,ביכורי השדה הצפון בעמ` 1964,,,'יח,1,,false,1,12.90,12.90,false,1,
7290101501138,false,כרובית ארוזה יחידה,ביכורי השדה צפון 1994 ג.ד. בעמ,,,"ק""ג",1,,true,1,10.90,10.90,false,1,
7290101501305,false,מלפפונים קטנים ארוזי,ביכורי השדה הצפון בעמ` 1964,,,'יח,1,,false,1,9.90,9.90,false,1,
7290101501374,false,עגבניות מגי,ביכורי השדה צפון 1994 ג.ד. בעמ,,,"ק""ג",1,,true,1,9.90,9.90,false,1,
7290101551300,false,סילאן טבעי ללא תוספת סוכר בקבוק לחיץ,מכוורת יד מרדכי שטראוס ב,,,'יח,0.38,ל-100 גרם,false,12,14.90,39.21,false,1,
7290101551539,false,יוגורט PRO בטעם אפרסק 0% 20 גרם חלבון בגביע,שטראוס גרופ בעמ/מצונן,,,'יח,1.50,"ל-100 מ""ל",false,12,5.90,3.93,false,1,
7290101551584,false,תפוצ'יפס קידס מארז 10 יח' * 20 ג',"שטראוס פריטו ליי בע""מ )פ",,,'יח,2,ל-100 גרם,false,1,14.90,7.45,false,1,
7290101551614,false,חטיף צ'יטוס קראנץ בטעם גבינה - מארז 8 יח',"שטראוס פריטו ליי בע""מ )פ",,,'יח,2.40,ל-100 גרם,false,1,14.90,6.21,false,1,
7290101551638,false,חטיף צ'יטוס כאפה בטעם קטשופ - מארז 10 יח',"שטראוס פריטו ליי בע""מ )פ",,,'יח,2,ל-100 גרם,false,1,13.90,6.95,true,1,
7290101863410,false,"סיליט באנג ספריי ניקוי עוצמתי מכיל אקונומיקה 750 מ""ל",רקיט בנקיזר (ניר איסט) בעמ,,,'יח,7.50,"ל-100 מ""ל",false,1,10.90,1.45,true,1,
7290101864127,false,ספריי להסרת כתמים וניש קליה (750 מל),רקיט בנקיזר (ניר איסט) בעמ,,,'יח,7.50,"ל-100 מ""ל",false,1,16.90,2.25,true,1,
7290101865261,false,נוזל הברקה למדיח כלים פיניש (800 מל),רקיט בנקיזר (ניר איסט) בעמ,,,'יח,8,"ל-100 מ""ל",false,1,21.90,2.74,true,1,
7290101866633,false,וניש קליה גל להסרת כתמים 3 ליטר אוקסיפרש,רקיט בנקיזר (ניר איסט) בעמ,,,'יח,30,"ל-100 מ""ל",false,1,29.90,1,true,1,
7290102030330,false,תפוצ`יפס אקסטרא מקסיקני 200 גרם +20 תו,"שטראוס פריטו ליי בע""\מ )",,,'יח,2,ל-100 גרם,false,1,10.90,5.45,true,1,
7290102032334,false,אבקה להכנת משקה קפה בטעם וניל,שטראוס קפה בי.וי,,,'יח,2,ל-100 גרם,false,1,24.90,12.45,false,1,
7290102300860,false,"גבינת צ'דר אנגלית לבן, 200 גרם",א. סיימן סחר בעמ,,,'יח,2,ל-100 גרם,false,1,23.90,11.95,true,1,
7290102302840,false,גאודה עיזים פרוסה 150 גר` הגבינות של נני,מיוצר עי קונדיטוריית,,,'יח,1.50,ל-100 גרם,false,1,22.90,15.27,false,1,
7290102390465,false,יוגורט ביו עם קציפת אפרסק ופסיפלורה 3% שומן 150 ג' מולר,החברה המרכזית טלהפצת משקאות בע,,,'יח,1.50,"ל-100 מ""ל",false,1,5.50,3.67,false,1,
7290102393039,false,"יוגורט ביו קרמי מיקס פצפוצי שוקולד 7.6% מולר 170 מ""ל",החברה המרכזית טלהפצת משקאות בע,,,'יח,1.50,"ל-100 מ""ל",false,1,6,4,false,1,
7290102393060,false,"יוגורט ביו קרמי מיקס גלילי ופל ואגוזים 5.9% מולר 170 מ""ל",*החברה המרכזית להפצת משקאותבעמ,,,'יח,1.50,"ל-100 מ""ל",false,1,6,4,false,1,
7290102393169,false,"יוגורט סימפלי פרוט בטעם תות 3% מולר 150 מ""ל",*החברה המרכזית להפצת משקאותבעמ,,,'יח,1.50,ל-100 גרם,false,1,5.50,3.67,true,1,
7290102393190,false,"יוגורט סימפלי פרוט בטעם פירות יער 3% מולר 150 מ""ל",*החברה המרכזית להפצת משקאותבעמ,,,'יח,1.50,ל-100 גרם,false,1,5.50,3.67,true,1,
7290102394821,false,גבינה צהובה 28% דק דק לפתיחה חוזרת 200,החברה המרכזית טלהפצת משקאות בע,,,'יח,2,ל-100 גרם,false,1,15.90,7.95,true,1,
7290102394845,false,נעם גבינה צהובה לייט פרוסה דק דק 9% טרה 200 גרם,החברה המרכזית טלהפצת משקאות בע,,,'יח,2,ל-100 גרם,false,1,17.90,8.95,true,1,
7290102395378,false,נעם גבינה צהובה פרוסה ואקום 28% טרה 360 גרם,*החברה המרכזית להפצת משקאותבעמ,,,'יח,3.60,ל-100 גרם,false,1,20.90,5.81,false,1,
7290102397204,false,"גבנ""צ דק דק נעם פתיחה חוזרת 22% 200 גרם",*החברה המרכזית להפצת משקאותבעמ,,,'יח,2.20,ל-100 גרם,false,1,17.90,8.14,true,1,
7290102397464,false,יוגורט ביו בתוספת גרעינים אגוזים וחמוציות 170 ג' מולר,החברה המרכזית טלהפצת משקאות בע,,,'יח,1.50,"ל-100 מ""ל",false,1,6,4,false,1,
7290102397600,false,מיקס יוגורט בתוספת שקדים ובוטנים מקורמלים 170 ג' מולר,החברה המרכזית טלהפצת משקאות בע,,,'יח,1.50,"ל-100 מ""ל",false,1,6,4,false,1,
7290102397730,false,פרוסות גבינה אמנטל חצי קשה 30% שומן 200 ג' נעם,החברה המרכזית טלהפצת משקאות בע,,,'יח,2,ל-100 גרם,false,1,17.90,8.95,true,1,
7290102397747,false,פרוסות גבינת מוצרלה נעם מחלב בקר 22%,החברה המרכזית טלהפצת משקאות בע,,,'יח,2,ל-100 גרם,false,1,18.90,9.45,true,1,
7290102397891,false,גבינה ניו יורק מותכת %16 4*25 גרם,החברה המרכזית טלהפצת משקאות בע,,,'יח,0.25,ל-100 גרם,false,1,7.90,31.60,false,1,
7290102398072,false,"חלב קרטון 3%-1 ליטר "" טרה"" -מוצר פיקוח",החברה המרכזית טלהפצת משקאות בע,,,'יח,10,"ל-100 מ""ל",false,1,6.23,0.62,false,1,
7290102398560,false,משקה שוקו מועשר בבקבוק 1 ליטר טרה,החברה המרכזית טלהפצת משקאות בע,,,'יח,10,"ל-100 מ""ל",false,1,11.90,1.19,false,1,
7290102399857,false,מולר אקטיב לייט 20 גרם חלבון 0% שומן עם תות 200 גרם,החברה המרכזית טלהפצת משקאות בע,,,'יח,0.20,ל-100 גרם,false,1,5.90,29.50,true,1,
7290103091460,false,אדם בייסיק דאורדורנט ספריי לגבר 200 מל,ש. שסטוביץ בע`מ,,,'יח,1,'יח,false,1,14.90,14.90,false,1,
7290103401429,false,קפה קצב ברזילאי אוריגינס 200 גר,הנסיך- מפעל לייצור ט,,,'יח,2,ל-100 גרם,false,6,27.90,13.95,true,1,
7290103404758,false,סלט כרוב אדום במיונז אחלה 120 גרם,שטראוס גרופ בעמ/מצונן,,,'יח,1.20,ל-100 גרם,false,24,5.30,4.42,false,1,
7290103409456,false,דוריטוס גריל 70 גר`,שטראוס פריטו ליי בע`מ,,,'יח,0.70,ל-100 גרם,false,1,4.20,6,false,1,
7290104061417,false,סלט חומוס עם טחינה אחלה 400 גרם,שטראוס גרופ בעמ/מצונן,,,'יח,4,ל-100 גרם,false,6,10.90,2.73,false,1,
7290104061431,false,סלט חומוס עם צנובר אחלה 400 גרם,שטראוס גרופ בעמ/מצונן,,,'יח,4,ל-100 גרם,false,6,10.90,2.73,true,1,
7290104061448,false,סלט חומוס עם חריף אחלה 400 גרם,שטראוס גרופ בעמ/מצונן,,,'יח,4,ל-100 גרם,false,6,10.90,2.73,true,1,
7290104064012,false,חטיף פסק זמן GOOD שוקולד לבן גוד 36 גרם,שולן צ'יקולטה גידה ס,,,'יח,0.36,ל-100 גרם,false,1,4.90,13.61,false,1,
7290104065187,false,אבקה להכנת משקה קפה בטעם מוקה,שטראוס גרופ בע`מ,,,'יח,2,ל-100 גרם,false,6,21.90,10.95,false,1,
7290104065934,false,עלי רוקט שטראוס 150 גר`-טעם הטבע,שטראוס בריאות ירקות טריי,,,'יח,1,,false,1,12.90,12.90,false,1,
7290104067679,false,סלט טחינה אחלה 400גר,שטראוס גרופ בעמ/מצונן,,,'יח,4,ל-100 גרם,false,6,10.90,2.73,true,1,
7290104068539,false,מאסט פליפטופ מלון ואבטיח ללא גרעינים,שטראוס גרופ בע`מ,,,'יח,1,,false,16,4.40,4.40,false,1,
7290104500572,false,אפרופו חטיף תירס איטליאנו אסם 50 גרם,קבוצת אוסם סחר-שות.מוגבלת,,,'יח,0.50,ל-100 גרם,false,1,3.90,7.80,true,1,
7290104501661,false,אינסטנט פודינג בטעם וניל צרפתי אסם 80 גרם,קבוצת אוסם סחר-שות.מוגבלת,,,'יח,0.80,ל-100 גרם,false,1,5.90,7.38,true,1,
7290104504228,false,מיני דובונים אסם 100 גרם מארז 5 יחידות,קבוצת אוסם סחר-שות.מוגבלת,,,'יח,1,ל-100 גרם,false,1,12.90,12.90,true,1,
7290104508943,false,במבה חטיף בוטנים אסם 200 גרם,קבוצת אוסם סחר-שות.מוגבלת,,,'יח,2,ל-100 גרם,false,1,9.90,4.95,true,1,
7290104721762,false,מארז שלשות קפה טורקי עלית 85 ג',שטראוס גרופ בע`מ,,,'יח,1,,false,1,20.90,20.90,false,1,
7290104722219,false,עוגת שוקולד וקרם שוקולד 330גר`,"שטראוס גרופ בע""\מ.",,,'יח,3.30,ל-100 גרם,false,8,14.90,4.52,false,1,
7290104722530,false,תפוצ'יפס בטעם שמנת בצל עלית 200 גרם,"שטראוס פריטו ליי בע""\מ )",,,'יח,2,ל-100 גרם,false,1,10.90,5.45,true,1,
7290104726262,false,רביעייה מעדן דני שוקולד דיסני לבנים 125 גרם,שטראוס גרופ בעמ/מצונן,,,'יח,5,ל-100 גרם,false,6,10.90,2.18,false,1,
7290104726712,false,מארז 8 יחידות מעדן מילקי בטעם שוקולד עם קצפת,שטראוס גרופ בעמ/מצונן,,,'יח,4,ל-100 גרם,false,3,19.90,4.98,false,1,
7290104728310,false,"שמנת מתוקה עמידה 38% שומן ""יטבתה"" -מוצר בפיקוח",שטראוס גרופ בעמ/מצונן,,,'יח,5,ל-100 גרם,false,24,6.47,1.29,true,1,
7290104729003,false,שמן זית כתית יד מרדכי 750 גרם [מוצר מדבקה],מכוורת יד מרדכי שטרא,,,'יח,7.50,"ל-100 מ""ל",false,1,34.90,4.65,true,1,
7290104961878,false,"שמפו לשיער קרטין אינטנס פורמולה 400 מ""ל נטורל",החברה הדרומית לשיווק בעמ,,,'יח,7.50,"ל-100 מ""ל",false,12,29.90,3.99,false,1,
7290104963018,false,סופטקר מגבונים לחים רביעייה ללא בישום,החברה הדרומית לשיווק בעמ,,,'יח,1,'יח,false,6,17.90,17.90,false,1,
7290104963223,false,סופטקר - אל סבון עדין לתינוק לעור רגיש 1 ליטר,החברה הדרומית לשיווק בעמ,,,'יח,10,"ל-100 מ""ל",false,12,14.90,1.49,false,1,
7290104963650,false,נקה 7 שמפו אל דמע סופטקר 1 ליטר,החברה הדרומית לשיווק בעמ,,,'יח,10,"ל-100 מ""ל",false,1,14.90,1.49,false,1,
7290105360250,false,קפסולות 09 עשיר וארומטי למכונת נספרסו עלית 10יח',הנסיך- מפעל לייצור ט,,,'יח,0.50,ל-100 גרם,false,12,16.90,33.80,true,1,
7290105360328,false,קפסולות אספרסו חזק למכונות נספרסו 10 יח',הנסיך- מפעל לייצור ט,,,'יח,0.50,ל-100 גרם,false,12,16.90,33.80,true,1,
7290105360335,false,קפסולות אספרסו למכונות נספרסו 50 גר,הנסיך- מפעל לייצור ט,,,'יח,0.50,ל-100 גרם,false,12,16.90,33.80,true,1,
7290105362339,false,"שמנת לבישול 15% 250 מ""ל יטבתה מהדרין",שטראוס גרופ בעמ/מצונן,,,'יח,2.50,ל-100 גרם,false,18,8.90,3.56,true,1,
7290105363602,false,מקלות כיף כף קלאסי עלית (40 גרם),שולן צ'\יקולטה גידה סאן.,,,'יח,0.40,ל-100 גרם,false,8,4.90,12.25,true,1,
7290105364289,false,מקלות כיף כף פצפוצים עלית 40 גרם,שולן צ'\יקולטה גידה סאן.,,,'יח,0.40,ל-100 גרם,false,8,4.90,12.25,true,1,
7290105364302,false,"עלית חטיף שוקולד כיף כף מקלות אגוזים, 40 גרם",שולן צ'\יקולטה גידה סאן.,,,'יח,0.42,ל-100 גרם,false,8,4.90,11.67,true,1,
7290105364678,false,"אקטיביה משקה יוגורט בטעם אפרסק שטראוס 250 מ""ל",שטראוס גרופ בעמ/מצונן,,,'יח,2.50,"ל-100 מ""ל",false,12,5.20,2.08,false,1,
7290105366023,false,סלט חצילים בטעם כבד אחלה 400 גרם,שטראוס גרופ בעמ/מצונן,,,'יח,4,ל-100 גרם,false,6,16.90,4.23,true,1,
7290105366993,false,סימפוניה גבינת שמנת פלפל שיפקה 5% שטראוס 200 גרם,שטראוס גרופ בעמ/מצונן,,,'יח,2,ל-100 גרם,false,12,11.90,5.95,true,1,
7290105368904,false,"שמנת מתוקה להקצפה 32% שומן 250 מ""ל יוטבתה",שטראוס גרופ בעמ/מצונן,,,'יח,2.50,ל-100 גרם,false,1,8.20,3.28,false,1,
7290105438539,false,קוקי נייר אפייה 40 דפים,ש. שסטוביץ בע`מ,,,'יח,0.40,ל-100 גרם,false,1,9.90,24.75,false,1,
7290105439499,false,מאסטר שף מאסטר שף מיונז 480 גר כשלפ,רמיה סי.וי. הולנד,,,'יח,4.81,ל-100 גרם,false,1,10.90,2.27,false,1,
7290105439581,false,מנה מאסטר שף חרדל דיזיון צרפתי 370 גר,רמיה סי.וי.הולנד,,,'יח,3.70,ל-100 גרם,false,1,11.90,3.22,false,1,
7290105691224,false,אסם חטיפי פריכונים טורטייה שום בצל 60 גרם,קבוצת אוסם סחר-שות.מוגבלת,,,'יח,0.60,ל-100 גרם,false,1,6.90,11.50,false,1,
7290105691248,false,אסם חטיפי פריכונים טורטייה תירס 60 גרם,קבוצת אוסם סחר שותפות מוגבלת,,,'יח,0.60,ל-100 גרם,false,1,6.90,11.50,false,1,
7290105691712,false,אסם עוגיות הפסקת קפה דגנים מלאים 230 גרם,קבוצת אוסם סחר שותפות מוגבלת,,,'יח,2.30,ל-100 גרם,false,12,10.90,4.74,true,1,
7290105691934,false,קמח שמרים אסם 1 קילו,קבוצת אוסם סחר שותפות מוגבלת,,,'יח,10,ל-100 גרם,false,1,10.90,1.09,true,1,
7290105693341,false,מארז עשיריית במבה אסם 25*10 גרם,קבוצת אוסם סחר שותפות מוגבלת,,,'יח,2.50,ל-100 גרם,false,1,14.90,5.96,true,1,
7290105693457,false,עוגת הבית דמקה שוקו וניל 320 גר`בחושות,קבוצת אוסם סחר שותפות מוגבלת,,,'יח,3.20,ל-100 גרם,false,1,12.90,4.03,false,1,
7290105693952,false,פירורית זהב אסם זהב שומשום 200 ג',קבוצת אוסם סחר שותפות מוגבלת,,,'יח,2,ל-100 גרם,false,1,5.90,2.95,false,1,
7290105694614,false,פסטה אוסם ספגטי מהיר הכנה 500 גרם,קבוצת אוסם סחר שותפות מוגבלת,,,'יח,5,ל-100 גרם,false,1,5.90,1.18,true,1,
7290105695024,false,פתיתים אפויים אורז עם אטריות אסם 500 גרם,קבוצת אוסם סחר שותפות מוגבלת,,,'יח,5,ל-100 גרם,false,1,7.90,1.58,true,1,
7290105695321,false,עוגת הבית בראוניס פאדג' אסם 380 גרם,קבוצת אוסם סחר שותפות מוגבלת,,,'יח,3.80,ל-100 גרם,false,1,17.10,4.50,false,1,
7290105962980,false,כרוב אדום במיונז 400 ג' אחלה,מיוצר עי קונדיטוריית,,,'יח,4,ל-100 גרם,false,6,10.90,2.73,true,1,
7290105962997,false,חצילים אחלה במיונז 400 גר',שטראוס גרופ ***בעמ,,,'יח,4,ל-100 גרם,false,6,10.90,2.73,true,1,
7290105963000,false,סלט מטבוחה 400 ג' אחלה,מיוצר עי קונדיטוריית,,,'יח,4,ל-100 גרם,false,6,10.90,2.73,true,1,
7290105964564,false,חומוס אחלה 400 גרם. שטראוס,שטראוס גרופ בעמ/מצונן,,,'יח,4,ל-100 גרם,false,6,9.90,2.48,false,1,
7290105965738,false,יוגורט לשתיה בטעם תות בננה267 ג' דנונה,שטראוס גרופ בעמ/מצונן,,,'יח,2.67,"ל-100 מ""ל",false,12,4.90,1.84,false,1,
7290105968098,false,סלט קולסלאו אחלה (500 גרם),שטראוס גרופ בעמ/מצונן,,,'יח,5,ל-100 גרם,false,6,16.90,3.38,true,1,
7290105968654,false,רביולי עם בטטה פרווה שטראוס (400 גרם),שטראוס גרופ בעמ/מצונן,,,'יח,4,ל-100 גרם,false,9,19.90,4.98,false,1,
7290106520066,false,"רבע לשבע שוקולד חלב במילוי אגוזים עלית 160 גרם בד""צ","הגביע מוצרי וופלים בע""\מ",,,'יח,1.60,ל-100 גרם,false,1,11.90,7.44,true,1,
7290106520912,false,שמנת לבישול 9% שומן 258גר מהדרין יטבתה,שטראוס גרופ בעמ/מצונן,,,'יח,2.58,ל-100 גרם,false,18,8.90,3.45,true,1,
7290106521049,false,אחלה טעמי השוק קוביות סלק 400 גר,שטראוס גרופ בעמ/מצונן,,,'יח,4,ל-100 גרם,false,6,16.90,4.23,true,1,
7290106524439,false,"תפוצ'יפס פופס 60 גרם ""עלית""","שטראוס פריטו ליי בע""\מ )",,,'יח,0.60,ל-100 גרם,false,1,3.90,6.50,false,1,
7290106525405,false,קפסולות קפה עלית נטול קפאין אספרסו) (10,שטראוס קפה בי.וי.,,,'יח,3.90,ל-100 גרם,false,1,16.90,4.33,true,1,
7290106526822,false,פריכיות אורז חום מלא תחתית שוקולד חלב 80 גרם,"טחנת האבן תעשיות בע""",,,'יח,0.70,ל-100 גרם,false,16,7.90,11.29,false,1,
7290106528628,false,חטיף תירס בטעם טבעי דוריטוס (185 גרם),"שטראוס פריטו ליי בע""\מ )",,,'יח,1.85,ל-100 גרם,false,1,8.50,4.59,false,1,
7290106528949,false,סלט ערוגות שטראוס 450 גר`-טעם הטבע,שטראוס בריאות ירקות טריי,,,'יח,3,ל-100 גרם,false,1,11.90,3.97,false,1,
7290106571921,false,פיטנס עוגיות עם חמוציות נסטלה (180 גרם),קבוצת אוסם סחר שותפות מוגבלת,,,'יח,1.80,ל-100 גרם,false,1,10.90,6.06,true,1,
7290106572065,false,חטיפי טורטיה בטעם חמוץ מתוק אסם (60 גרם),קבוצת אוסם סחר שותפות מוגבלת,,,'יח,0.60,ל-100 גרם,false,1,6.90,11.50,false,1,
7290106574793,false,עוגת הבית בטעם שוקו-שוקוצ'יפס 350 ג' אסם,קבוצת אוסם סחר שותפות מוגבלת,,,'יח,3.50,ל-100 גרם,false,1,12.90,3.69,false,1,
7290106574953,false,בייגלה שטוחים כעכים שטוחים עם שומשום,קבוצת אוסם סחר שותפות מוגבלת,,,'יח,3,ל-100 גרם,false,1,10.90,3.63,true,1,
7290106574977,false,בייגלה שטוחים טבעות עם מלח אסם (300 גרם),קבוצת אוסם סחר שותפות מוגבלת,,,'יח,3,ל-100 גרם,false,1,10.90,3.63,true,1,
7290106575011,false,פתיתים אפויים קוסקוס מחיטה מלאה אסם 400 גרם,קבוצת אוסם סחר שותפות מוגבלת,,,'יח,4,ל-100 גרם,false,1,6.90,1.73,false,1,
7290106575257,false,עוגת הבית סופלה בטעם שוקולד 340 ג' אסם,קבוצת אוסם סחר שותפות מוגבלת,,,'יח,3.40,ל-100 גרם,false,1,12.90,3.79,false,1,
7290106575431,false,עוגת הבית סופלה בטעם שוקוניל 340 ג' אסם,קבוצת אוסם סחר-שות.מוגבלת,,,'יח,3.40,ל-100 גרם,false,1,12.90,3.79,false,1,
7290106576797,false,"לה קרמריה גלידת וניל איטלקי כשל""פ 1.4ל'",נגה גלידות שותפות מוגבלת,,,'יח,14,"ל-100 מ""ל",false,1,19.90,1.42,false,1,
7290106576810,false,גלידה לה קרמריה ריבת חלב 1.4 ל' נסטלה,נגה גלידות שותפות מוגבלת,,,'יח,14,"ל-100 מ""ל",false,1,19.90,1.42,false,1,
7290106577503,false,סלט חציל במיונז צבר 400 גרם,קבוצת אוסם סחר-שות.מוגבלת,,,'יח,4,ל-100 גרם,false,1,12.90,3.23,false,1,
7290106577527,false,סלט קולסלאו כרוב לבן וגזר 400 ג' צבר,קבוצת אוסם סחר-שות.מוגבלת,,,'יח,4,ל-100 גרם,false,1,12.90,3.23,false,1,
7290106578692,false,ביסלי במבה מיקס מהדורת אליפות אסם 80 גרם,קבוצת אוסם סחר שותפות מוגבלת,,,'יח,0.80,ל-100 גרם,false,1,3.90,4.88,true,1,
7290106578821,false,עוגת הבית שמרים קלאסית שוקולד אסם 350 גרם,קבוצת אוסם סחר שותפות מוגבלת,,,'יח,3.50,ל-100 גרם,false,1,15.90,4.54,false,1,
7290106656734,false,"עוגיות חיוכים וניל עלית 600 גרם בד""צ",אפיפית נצרת תעשיות ב,,,'יח,6,ל-100 גרם,false,1,19.20,3.20,false,1,
7290106658479,false,עלית וופל בטעם טורטית אגוזים 360גר,"שטראוס גרופ בע""\מ",,,'יח,0.40,ל-100 גרם,false,30,3.90,9.75,false,1,
7290106662025,false,תפוציפס טבעי מלח ופלפל 50 גרם,שטראוס פריטו ליי בע`מ,,,'יח,0.50,ל-100 גרם,false,1,3.90,7.80,false,1,
7290106663091,false,"לאבנה 9 % עם שמן זית 500 גר' ""שטראוס""",שטראוס גרופ בעמ/מצונן,,,'יח,5,ל-100 גרם,false,1,19.20,3.84,false,1,
7290106663121,false,"עוגה אישית במילוי קרם חלב ""מילקי קייק"" שטראוס",בובארד איטליה אס.פי.איי,,,'יח,1.30,"ל-100 מ""ל",false,24,3.10,2.38,false,1,
7290106663503,false,קונפיטורת תות לייט יד מרדכי (230 גרם),אף.סי תבליני בגליל ב,,,'יח,2.30,ל-100 גרם,false,6,13.90,6.04,false,1,
7290106663558,false,"רוטב טריאקי ורימון יד מרדכי 280מ""ל",אף.סי תבליני בגליל ב,,,'יח,2.80,"ל-100 מ""ל",false,9,12.90,4.61,false,1,
7290106664067,false,לאבנה עם שמן זית וזעתר 10% שטראוס 400 ג',שטראוס גרופ בעמ/מצונן,,,'יח,4,ל-100 גרם,false,12,13.90,3.48,false,1,
7290106664562,false,רוטב שמנת עם פטריות 9% שומן 258 ג' יוטבתה,שטראוס גרופ בעמ/מצונן,,,'יח,2.50,"ל-100 מ""ל",false,18,11.90,4.76,true,1,
7290106667266,false,חטיף תירס חמוץ חריף דוריטוס (185 גרם),"שטראוס פריטו ליי בע""\מ )",,,'יח,1.85,ל-100 גרם,false,1,8.50,4.59,false,1,
7290106668577,false,"מיץ לימון טיבעי 250 מ""ל יד מרדכי",האי נאם סי או אל.טי.,,,'יח,2.50,"ל-100 מ""ל",false,12,7.90,3.16,true,1,
7290106720626,false,חטיף תירס בטעם גבינה צ`יטוס (80 גרם),"שטראוס פריטו ליי בע""\מ )",,,'יח,0.80,ל-100 גרם,false,1,4.90,6.13,false,1,
7290106721531,false,חטיף דוריטוס חמוץ מתוק 70 גרם,"שטראוס פריטו ליי בע""מ )פ",,,'יח,0.70,ל-100 גרם,false,1,4.20,6,false,1,
7290106721913,false,מסטיק מאסט MUST ללא סוכר בטעם מנטה מרעננת,שטראוס גרופ בע`מ,,,'יח,0.66,ל-100 גרם,false,12,9.90,15,true,1,
7290106723689,false,עלי תרד בייבי 200 גר`שטראוס טעם הטבע,שטראוס בריאות ירקות טריי,,,'יח,2,ל-100 גרם,false,1,12.90,6.45,false,1,
7290106725867,false,סירופ מייפל טהור ללס יד מרדכי 189 גר,שטראוס גרופ בע`מ,,,'יח,0.18,"ל-100 מ""ל",false,1,29.90,166.11,false,1,
7290106726178,false,יוגורט PRO עם פירות יער 2.4% 10 גרם חלבון בגביע,שטראוס גרופ בעמ/מצונן,,,'יח,1.50,"ל-100 מ""ל",false,12,4.90,3.27,false,1,
7290106727984,false,"כיף כף פצפצים בגביע 135 גרם ""עלית""",שולן צ'\יקולטה גידה סאן.,,,'יח,1.35,ל-100 גרם,false,24,9.90,7.33,true,1,
7290107280013,false,"חמישיית מגבונים ל.מבושם ""ליטופים""",החברה הדרומית לשיווק בעמ,,,'יח,1,'יח,false,1,19.90,19.90,false,1,
7290107280020,false,שלישיית מטליות לחות לניקוי כללי סנו סושי 50 יחידות,החברה הדרומית לשיווק בעמ,,,'יח,1,,false,8,19.90,19.90,false,1,
7290107280082,false,מארז 7 תבניות אלומיניום מוארכות לאפייה אינגליש קייק,החברה הדרומית לשיווק בעמ,,,'יח,7.50,"ל-100 מ""ל",false,24,8.90,1.19,false,1,
7290107280099,false,שלישיית מגובנים נשטפים באסלה סופט סוד 48 יחידות,החברה הדרומית לשיווק בעמ,,,'יח,1,ל-100 גרם,false,1,16.90,16.90,false,1,
7290107280570,false,סנו - מקסימה ג'ל כביסה מרוכז לכביסה צבעונית 3 ליטר,החברה הדרומית לשיווק בעמ,,,'יח,30,"ל-100 מ""ל",false,6,29.90,1,false,1,
7290107280716,false,מלח למדיח להגנה מפני אבנית סנו ספארק Spark,החברה הדרומית לשיווק בעמ,,,'יח,20,"ל-100 מ""ל",false,6,11.90,0.60,false,1,
7290107280723,false,נוזל לניקוי כלים סנו ספארק Spark בניחוח לימון רענן,החברה הדרומית לשיווק בעמ,,,'יח,7,"ל-100 מ""ל",false,12,8.90,1.27,false,1,
7290107280761,false,נוזל לניקוי כלים בניחוח לימון רענן סנו ספארק Spark,החברה הדרומית לשיווק בעמ,,,'יח,10,"ל-100 מ""ל",false,1,12.90,1.29,false,1,
7290107280822,false,סנו ריצפז פרש הום 2 ליטר בניחוח ספא,החברה הדרומית לשיווק בעמ,,,'יח,20,"ל-100 מ""ל",false,8,21.90,1.10,false,1,
7290107646147,false,"חטיף שוגי קורנפלקס תלמה 156 גרם מארז 6 יחידות בד""צ",יוניליוור ישראל שיווק בע`מ,,,'יח,1.56,ל-100 גרם,false,1,12.90,8.27,false,1,
7290107646154,false,"חטיף קוקומן פצפוצים תלמה 126 גרם מארז 6 יחידות בד""צ",יוניליוור ישראל שיווק בע`מ,,,'יח,1.56,ל-100 גרם,false,1,12.90,8.27,false,1,
7290107646826,false,"חטיף שוגי שוקו תלמה 156 גרם מארז 6 יחידות בד""צ",יוניליוור ישראל שיווק בע`מ,,,'יח,1.56,ל-100 גרם,false,1,12.90,8.27,false,1,
7290107647731,false,קוקומן חום לבן 20% פחות סוכר 375 גרם ב,יוניליוור ישראל שיווק בע`מ,,,'יח,3.75,ל-100 גרם,false,1,19.90,5.31,true,1,
7290107647816,false,"דגני ברנפלקס ללא תוספת סוכר 500 גרם בד""צ",יוניליוור ישראל שיווק בע`מ,,,'יח,5,ל-100 גרם,false,1,23.50,4.70,false,1,
7290107647854,false,"שוגי מופחת סוכר תלמה 500 ג' בד""צ",יוניליוור ישראל שיווק בע`מ,,,'יח,5,ל-100 גרם,false,1,19.90,3.98,true,1,
7290107648981,false,רוטב עגבניות קלאסי פומודורו 415 ג' קנור,יוניליוור ישראל שיווק בע`מ,,,'יח,1,,false,1,11.90,11.90,false,1,
7290107745949,false,כפיות גלידה סילבר 6 יח',הום פרפקט ק.ד.מ בעמ,,,'יח,1,,false,1,9.90,9.90,false,1,
7290107749503,false,OR581 כותש שום אלומיניום(200),הום פרפקט ק.ד.מ בעמ,,,'יח,1,'יח,false,1,14.90,14.90,false,1,
7290107871532,false,מאגדת קרחוני מלון דובדבן נסטלה 10 יחידות,נגה גלידות שותפות מוגבלת,,,'יח,0.75,ל-100 גרם,false,1,16.90,22.53,false,1,
7290107871990,false,פסטה צינורות מהדרין אסם (500 גרם),קבוצת אוסם סחר שותפות מוגבלת,,,'יח,5,ל-100 גרם,false,1,5.90,1.18,true,1,
7290107874427,false,מיני פריכונים בטעם זעתר אסם (25 גרם),קבוצת אוסם סחר שותפות מוגבלת,,,'יח,0.25,ל-100 גרם,false,1,3.80,15.20,false,1,
7290107874502,false,ביסלי גריל קדמ. מארז אחיד 10 4*55 גרם,קבוצת אוסם סחר שותפות מוגבלת,,,'יח,2.01,ל-100 גרם,false,1,12.90,6.42,true,1,
7290107875158,false,במבה קלאסי מארז 4 יח' *60ג' אסם,קבוצת אוסם סחר-שות.מוגבלת,,,'יח,2.40,ל-100 גרם,false,1,11.90,4.96,true,1,
7290107875172,false,במבה יום הולדת 6שקיות*50גרם,קבוצת אסם סחר,,,'יח,6,ל-100 גרם,false,1,15.90,2.65,false,1,
7290107875271,false,ביסלי ברביקיו קדמ. מארז אחיד10 4*55 גרם,קבוצת אוסם סחר שותפות מוגבלת,,,'יח,2.01,ל-100 גרם,false,1,12.90,6.42,true,1,
7290107876889,false,אוסם - במבה במילוי קרם נוגט 45 גרם,קבוצת אוסם סחר שותפות מוגבלת,,,'יח,0.45,ל-100 גרם,false,1,3.90,8.67,true,1,
7290107877619,false,מארז במבה במילוי קרם נוגט 5*30ג' אסם,קבוצת אוסם סחר שותפות מוגבלת,,,'יח,1.50,ל-100 גרם,false,1,12.90,8.60,true,1,
7290107879132,false,פריכיות פיטנס מיני פריכיות שוקולד חלב 22 ג',קבוצת אוסם סחר שותפות מוגבלת,,,'יח,0.22,ל-100 גרם,false,40,4.90,22.27,false,1,
7290107879569,false,קרחון לה פרוטה שרבט מנגו מאגדת 5יח',נגה גלידות שותפות מוגבלת,,,'יח,3.50,"ל-100 מ""ל",false,1,22.90,6.54,false,1,
7290107930246,false,דוריטוס רוליטוס חמוץ חריף 70 גר`,שטראוס פריטו ליי בע`מ,,,'יח,0.70,ל-100 גרם,false,1,4.20,6,false,1,
7290107932080,false,חלב מועשר יוטבתה בבקבוק 3% 1 ליטר,שטראוס גרופ בעמ/מצונן,,,'יח,10,"ל-100 מ""ל",false,12,7.70,0.77,false,1,
7290107932134,false,חלב מועשר יוטבתה בבקבוק 1% 1 ליטר,שטראוס גרופ בעמ/מצונן,,,'יח,10,"ל-100 מ""ל",false,12,7.70,0.77,false,1,
7290107936309,false,דנונה יוגורט 7% יווני לבן 130 ג',שטראוס גרופ בעמ/מצונן,,,'יח,1.30,ל-100 גרם,false,24,3.60,2.77,false,1,
7290107936958,false,עד חצות ביסקוויט אצבעות שוקולד 125 גרם,ביסקוויטס טור ד'\אלבון,,,'יח,1.25,ל-100 גרם,false,12,9.90,7.92,false,1,
7290107936965,false,עיגולים עד חצות עם שוקולד חלב 225 גר,ביסקווטרי עוגיות סנט,,,'יח,2.25,ל-100 גרם,false,16,11.90,5.29,false,1,
7290107937542,false,משקה יוגורט אקטיביה עם תות 1.2% שומן,שטראוס גרופ בעמ/מצונן,,,'יח,1.20,"ל-100 מ""ל",false,12,5.20,4.33,false,1,
7290107937641,false,צנצנת קוביות בזוקה גומי לעיסה 58גר,שטראוס גרופ בע`מ,,,'יח,1,,false,12,9.90,9.90,true,1,
7290107938396,false,שמיניית אקטימל תות דיסני בנים 108 גרם,שטראוס גרופ בעמ/מצונן,,,'יח,8,"ל-100 מ""ל",false,6,20.90,2.61,false,1,
7290107941273,false,טעם הטבע חומוס מבושל שטראוס (475 גרם),ביכורי השדה הצפון בעמ` 1964,,,'יח,1,,false,1,12.90,12.90,false,1,
7290107944243,false,אפיפיות בטעם שוקולד 200 גרם כשר לפסח,"שטראוס גרופ בע""\מ",,,'יח,2,ל-100 גרם,false,1,7.90,3.95,false,1,
7290107944472,false,סימפוניה גבינה במרקם שמנת 5% שום שמיר,שטראוס גרופ בעמ/מצונן,,,'יח,2,ל-100 גרם,false,12,10.90,5.45,true,1,
7290107950190,false,מעדן חלב דל קלוריות בטעם שוקולד מריר 0.5% שומן,שטראוס גרופ בעמ/מצונן,,,'יח,1.30,ל-100 גרם,false,24,3.50,2.69,false,1,
7290107951104,false,בפלות ופלים ארוכים בטעם שוקולד,"שטראוס גרופ בע""\מ",,,'יח,2,ל-100 גרם,false,27,4.90,2.45,false,1,
7290107951111,false,בפלות ופלים ארוכים בטעם לימון,שטראוס גרופ בע`מ,,,'יח,2,ל-100 גרם,false,27,4.90,2.45,false,1,
7290107951548,false,שוקולד בלונדי לבן קרמל ושקדים 100 גר`,"שטראוס גרופ בע""\מ",,,'יח,1,,false,12,6.90,6.90,false,1,
7290107956543,false,דבש טהור מפרחי בר 900 ג' יד מרדכי,שטראוס גרופ בע`מ,,,'יח,1,,false,6,39.90,39.90,false,1,
7290107956932,false,קפסולות אספרסו אידונזיה למכונות 50 גר,שטראוס קפה בי.וי.,,,'יח,0.50,ל-100 גרם,false,12,16.90,33.80,true,1,
7290107957069,false,"מסטיק ע""למה ""בטעם אוכניות 66 גרם צנצנת ""עלית""","שטראוס גרופ בע""\מ",,,'יח,1,,false,12,9.90,9.90,true,1,
7290107957076,false,"מסטיק ""עלמה"" בטעם ספירמנט 66 גרם צנצנת ""עלית""","שטראוס גרופ בע""\מ",,,'יח,1,,false,12,9.90,9.90,true,1,
7290107957991,false,מילקי CAKE מיניס קרם חלב בציפוי שוקולד חלב שקית 16X9ג',בובארד איטליה אס.פי.איי,,,'יח,1.44,ל-100 גרם,false,6,14.90,10.35,true,1,
7290107958813,false,רבע לשבע רולס קרם קפה120,"הגביע מוצרי וופלים בע""\מ",,,'יח,1.20,ל-100 גרם,false,1,10.90,9.08,true,1,
7290107973861,false,מאסטר שף עגבניות קצוצות דק שלישיה 400ג*3 כשלפ,קונסרזיו קאסאלאסקו ד,,,'יח,1.20,ל-100 גרם,false,1,16.90,14.08,true,1,
7290107974066,false,"עלי טורטיה קמח מלא 20ס""מ 8יח' מאסטר שף 320ג'",אלקאטי קורביישיסי גי,,,'יח,3.20,ל-100 גרם,false,1,9.90,3.09,false,1,
7290107974073,false,עלי טורטיה קמח לבן 320 גר`מנה מאסטר שף,אלקאטי קורביישיסי גי,,,'יח,3.20,ל-100 גרם,false,1,9.90,3.09,false,1,
7290107974301,false,ליידי ספיד סטיק - דאודורנט ג'ל לאישה אלוורה 45 גרם,ליידי ספיד סטיק Lady Speed Stick,,,'יח,0.45,"ל-100 מ""ל",false,1,19.90,44.22,true,1,
7290107974820,false,ממרח בטעם ספייסי מיונז מאסטר שף 250 גרם,רמיה סי.וי.הולנד,,,'יח,2.53,ל-100 גרם,false,1,8.90,3.52,true,1,
7290107978330,false,מאסטר שף איטריות דקות 400 גרם,הדקלאים אגודת שיתופי,,,'יח,4,ל-100 גרם,false,1,6.90,1.73,true,1,
7290107978637,false,"מרידול משחת שיניים 75 מ""ל כשל""פ-מרכז",קולגייט פלמוליב,,,'יח,0.75,ל-100 גרם,false,1,19.90,26.53,false,1,
7290108350128,false,סנו סושי שקיות אשפה חזקות במיוחד 40 יח',החברה הדרומית לשיווק בעמ,,,'יח,1,,false,12,23.90,23.90,false,1,
7290108350210,false,סנו סושי 30 שקיות אשפה XL חזקות במיוחד,החברה הדרומית לשיווק בעמ,,,'יח,30,ל-100 גרם,false,10,24.90,0.83,false,1,
7290108350555,false,נוזל כלים סנו ספארק Spark היפואלרגני פריחת השקד,החברה הדרומית לשיווק בעמ,,,'יח,10,"ל-100 מ""ל",false,1,12.90,1.29,false,1,
7290108350616,false,סנו - מקסימה מרכך כביסה מרוכז פריחה כחולה 1 ליטר,החברה הדרומית לשיווק בעמ,,,'יח,7.50,"ל-100 מ""ל",false,12,18.90,2.52,true,1,
7290108350623,false,מרכך כביסה סופר מרוכז סופט סילק מקסימה 1 ל' סנו,החברה הדרומית לשיווק בעמ,,,'יח,10,"ל-100 מ""ל",false,12,18.90,1.89,true,1,
7290108351149,false,ג'ל ניקוי כללי בתוספת אבקת סודה ריח כביסה סנו ג'ט 1.5 ליטר,החברה הדרומית לשיווק בעמ,,,'יח,1.50,לליטר,false,12,13.90,9.27,true,1,
7290108351156,false,ג'ל ניקוי כללי בתוספת חומץ בריח לבנדר סנו ג'ט 1.5 ליטר,החברה הדרומית לשיווק בעמ,,,'יח,1.50,לליטר,false,12,13.90,9.27,true,1,
7290108351507,false,מרכך כביסה אינספרישיין סנו מקסימה 4 ליטר,החברה הדרומית לשיווק בעמ,,,'יח,40,"ל-100 מ""ל",false,1,22.90,0.57,false,1,
7290108351514,false,מרכך כביסה בלו בלוסום סנו מקסימה 4 ליטר,החברה הדרומית לשיווק בעמ,,,'יח,40,"ל-100 מ""ל",false,1,22.90,0.57,false,1,
7290108351552,false,"סנו - ג'ט לניקוי כללי בתוספת חומץ בניחוח לבנדר 750 מ""ל",החברה הדרומית לשיווק בעמ,,,'יח,7.50,"ל-100 מ""ל",false,12,13.90,1.85,true,1,
7290108351583,false,"סנו - ג'ט פלוס חומץ ג'ל לניקוי אסלות לבנדר 750 מ""ל",החברה הדרומית לשיווק בעמ,,,'יח,7.50,"ל-100 מ""ל",false,12,10.90,1.45,true,1,
7290108351613,false,סנו ריצפז פרש הום 2 ליטר בניחוח מלון חלומי,החברה הדרומית לשיווק בעמ,,,'יח,20,"ל-100 מ""ל",false,8,21.90,1.10,false,1,
7290108351699,false,סנו - ג'ט מטליות לחות לניקוי כללי בתוספת חומץ לבנדר שלישיה,החברה הדרומית לשיווק בעמ,,,'יח,1,,false,8,19.90,19.90,false,1,
7290108351804,false,מרכך כביסה סופר מרוכז Gentl Breeze סנו מקסימה 1 ליטר,החברה הדרומית לשיווק בעמ,,,'יח,10,"ל-100 מ""ל",false,12,18.90,1.89,true,1,
7290108351996,false,"חיטוי בייבי 99.9% לחיטוי וניקוי בסביבת תינוקות 750 מ""ל",החברה הדרומית לשיווק בעמ,,,'יח,10,ל-100 גרם,false,1,14.90,1.49,true,1,
7290108352207,false,מקסימה 40 קפסולות לכביסה בניחוח fresh burst,החברה הדרומית לשיווק בעמ,,,'יח,12,ל-100 גרם,false,1,34.90,2.91,false,1,
7290108352252,false,נוזל לניקוי כלים מתאים לניקוי ירקות ופירות סנו ספארק,החברה הדרומית לשיווק בעמ,,,'יח,10,"ל-100 מ""ל",false,1,12.90,1.29,false,1,
7290108352290,false,שלישיית מטליות לחיטוי ולניקוי יסודי לחדר האמבטיה סדרת 99.9%,החברה הדרומית לשיווק בעמ,,,'יח,1,,false,1,19.90,19.90,false,1,
7290108352344,false,"פרש מבשם אויר אוטומטי בניחוח לבנדר סנו 250 מ""ל",החברה הדרומית לשיווק בעמ,,,'יח,1,,false,1,16.90,16.90,false,1,
7290108352450,false,ריצפז פרש הום בניחוח מרכך כביסה בלו בלוסום,החברה הדרומית לשיווק בעמ,,,'יח,1,,false,1,21.90,21.90,false,1,
7290108352511,false,"מקסימה לניקוי וחיטוי מכונת כביסה שקית 500 מ""ל",החברה הדרומית לשיווק בעמ,,,'יח,7.50,ל-100 גרם,false,1,13.90,1.85,false,1,
7290108352801,false,"שקיות אשפה לפחים קטנים 45 * 56 ס""מ סנו סושי 100 יחידות",החברה הדרומית לשיווק בעמ,,,'יח,1.14,"ק""ג",false,12,18.90,16.58,false,1,
7290108352825,false,ספוג הפלא נירוסטה סנו סושי 3יח',החברה הדרומית לשיווק בעמ,,,'יח,1,,false,12,11.90,11.90,false,1,
7290108352849,false,שלישיית מטליות הפלא לניקוי כללי דקור סנו סושי,החברה הדרומית לשיווק בעמ,,,'יח,1,,false,12,14.90,14.90,false,1,
7290108352863,false,סנו סושי שקיות צלייה 20יח' מידה L,החברה הדרומית לשיווק בעמ,,,'יח,1,,false,12,8.90,8.90,false,1,
7290108352870,false,סנו סושי שקיות צלייה 10יח' מידה XL,החברה הדרומית לשיווק בעמ,,,'יח,1,,false,12,8.90,8.90,false,1,
7290108352900,false,מגבות נייר בגליל כפול סנו סושי 12=6 גלילים,החברה הדרומית לשיווק בעמ,,,'יח,25.50,ל-100 גרם,false,1,23.90,0.94,false,1,
7290108353006,false,סנו סושי - שקיות אוכל נקשרות 250 יחידות XL,החברה הדרומית לשיווק בעמ,,,'יח,1,,false,24,11.90,11.90,false,1,
7290108353075,false,מפיות אירוח גדולות ועבות סנו סושי 50 יחידות,החברה הדרומית לשיווק בעמ,,,'יח,1,,false,1,11.90,11.90,false,1,
7290108353099,false,ממחטות אף במארז ניילון סנו סופט 5 יח' * 100 דף,החברה הדרומית לשיווק בעמ,,,'יח,1,ל-100 גרם,false,1,14.90,14.90,false,1,
7290108353518,false,"תבניות אלומיניום עם ידיות אחיזה 34*29 ס""מ",החברה הדרומית לשיווק בעמ,,,'יח,1,,false,1,11.90,11.90,false,1,
7290108353532,false,"שקיות אשפה חזקות עם שרוך לארג' 54 * 65 ס""מ סנו סושי 100 יחידות",החברה הדרומית לשיווק בעמ,,,'יח,1,,false,1,29.90,29.90,false,1,
7290108353549,false,נייר אפיה 100 דפים סנו סושי,החברה הדרומית לשיווק בעמ,,,'יח,1,,false,1,22.90,22.90,false,1,
7290108353556,false,נייר טואלט סנו סופט שלוש שכבות 32 גלילים,החברה הדרומית לשיווק בעמ,,,'יח,1,ל-100 גרם,false,1,47.90,47.90,false,1,
7290108353839,false,סושי כפפות ניטריל שחורות 80 יחידות M,החברה הדרומית לשיווק בעמ,,,'יח,1,,false,1,24.90,24.90,false,1,
7290108354270,false,מרכך כביסה מרוכז בבישום עוצמתי 1 ל' סנו מקסימה,החברה הדרומית לשיווק בעמ,,,'יח,10,"ל-100 מ""ל",false,6,19.90,1.99,true,1,
7290108354447,false,"מרכך כיף לשיקום והזנה שמן קוקוס וקרטין 700 מ""ל",החברה הדרומית לשיווק בעמ,,,'יח,7,"ל-100 מ""ל",false,1,12.90,1.84,false,1,
7290108354485,false,"קרליין מרכך 10 לשיער שמן ארגן 700 מ""ל",החברה הדרומית לשיווק בעמ,,,'יח,7,"ל-100 מ""ל",false,1,12.90,1.84,true,1,
7290108354492,false,"קרליין שמפו 10 לשיער שמן ארגן 700 מ""ל",החברה הדרומית לשיווק בעמ,,,'יח,7,"ל-100 מ""ל",false,1,12.90,1.84,true,1,
7290108354607,false,"שמפו בניחוח מי קקטוס ושמן באבאסו 750 מ""ל נקה 7",החברה הדרומית לשיווק בעמ,,,'יח,7.50,"ל-100 מ""ל",false,1,11.90,1.59,true,1,
7290108354751,false,"סנו - ג'ט מרסס לניקוי כללי בתוספת אבקת סודה 750 מ""ל",החברה הדרומית לשיווק בעמ,,,'יח,7.50,"ל-100 מ""ל",false,12,13.90,1.85,true,1,
7290108356007,false,"כיף תחליב רחצה בניחות גלידת מרשמ""לו 700 מ""ל",החב. הדרומית לשיווק,,,'יח,7,"ל-100 מ""ל",false,12,12.90,1.84,false,1,
7290108356519,false,קרליין שמפו 10למניעת קשקשים 700מל,החברה הדרומית לשיווק בעמ,,,'יח,7,"ל-100 מ""ל",false,1,12.90,1.84,true,1,
7290108356809,false,סבון בוטני ורד ומרווה לניקוי וטיפוח הידיים טבעוני 1 ל' כיף,החברה הדרומית לשיווק בעמ,,,'יח,1,'יח,false,1,14.90,14.90,false,1,
7290108356854,false,מגבוני בייבי כיף בניוח עדין מארז חמישייה,החברה הדרומית לשיווק בעמ,,,'יח,1,'יח,false,1,19.90,19.90,false,1,
7290108357189,false,"מבשם ומרכך למייבש הכביסה מקסימה פלורל 750 מ""ל סנו",החברה הדרומית לשיווק בעמ,,,'יח,7.50,"ל-100 מ""ל",false,1,17.90,2.39,true,1,
7290108357202,false,סנוקליר לניקוי בניחוח בלו בלוסום 1 ליטר,החברה הדרומית לשיווק בעמ,,,'יח,10,"ל-100 מ""ל",false,12,10.90,1.09,false,1,
7290108357264,false,"פרש אוטומטי מילוי בניחוח מרכך הכביסה אולטרה 375 מ""ל סנו",החברה הדרומית לשיווק בעמ,,,'יח,1,,false,1,14.90,14.90,false,1,
7290108357288,false,אקונומיקה ז'אוול בניחוח פריחה לבנה 4 ל' סנו,החברה הדרומית לשיווק בעמ,,,'יח,40,"ל-100 מ""ל",false,6,16.90,0.42,false,1,
7290108357653,false,סנובון ג'ל לאסלה שלישיה בניחוח אוקיינוס,החברה הדרומית לשיווק בעמ,,,'יח,1,'יח,false,1,14.90,14.90,false,1,
7290108357660,false,סנובון Bubbles שלישיית כדוריות ג'ל אסלה ניחוח לבנדר,החברה הדרומית לשיווק בעמ,,,'יח,1,'יח,false,1,14.90,14.90,false,1,
7290108357707,false,"כיף שמפו לשיער רגיל- תפוח זרעי צ'יה 700 מ""ל",החברה הדרומית לשיווק בעמ,,,'יח,7,"ל-100 מ""ל",false,1,12.90,1.84,false,1,
7290108357776,false,"כיף מרכך לשיער יבש -רימונים ושמן ארגן 700 מ""ל",החברה הדרומית לשיווק בעמ,,,'יח,7,"ל-100 מ""ל",false,12,12.90,1.84,false,1,
7290108357837,false,כיף אל סבון 1 ליטר ג'נסינג שקית מילוי + פקק,החברה הדרומית לשיווק בעמ,,,'יח,1,'יח,false,1,8.90,8.90,false,1,
7290108357844,false,כיף אל סבון 1 ליטר אצות ים שקית מילוי + פקק,החברה הדרומית לשיווק בעמ,,,'יח,1,'יח,false,1,8.90,8.90,false,1,
7290108359015,false,סושי שקיות זיפר עם סליידר 20 יח מדיום,החברה הדרומית לשיווק בעמ,,,'יח,1,'יח,false,1,14.90,14.90,false,1,
7290108359039,false,שקיות אשפה עם ידיות סנו סושי לפחים 30 יחידות,החברה הדרומית לשיווק בעמ,,,'יח,30,ל-100 גרם,false,10,19.90,0.66,false,1,
7290108359077,false,סנו - סופט לושן ממחטות אף בקופסא 3 שכבות 120 יח',החברה הדרומית לשיווק בעמ,,,'יח,1,ל-100 גרם,false,1,14.90,14.90,false,1,
7290108359091,false,סנו סושי כיסוי ניילון עם גומי 30 יחידות L,החברה הדרומית לשיווק בעמ,,,'יח,1,'יח,false,1,9.90,9.90,false,1,
7290108359145,false,סנו סושי דפי ספוג הפלא 12 יח`,החברה הדרומית לשיווק בעמ,,,'יח,1,,false,12,10.90,10.90,false,1,
7290108359985,false,סנו - ז'אוול מרסס קצף לניקוי וחינו בניחוח פריחה לבנה 1 ליטר,החברה הדרומית לשיווק בעמ,,,'יח,10,"ל-100 מ""ל",false,12,18.90,1.89,true,1,
7290108501346,false,גבינה מגורדת גאודה 28% שומן EURO CHEESE ויליפוד 500 גרם,ג.וילי-פוד אינטרנשיונל **גבינו,,,'יח,5,ל-100 גרם,false,1,24.90,4.98,false,1,
7290108501360,false,גבינת צ`דר בשלה 200 גר`matured orange ו,ג.וילי-פוד אינטרנשיונל **גבינו,,,'יח,2,ל-100 גרם,false,1,17.90,8.95,false,1,
7290108502336,false,גבינת גורגונזולה איטלקית 150 גרם 29% שומן,ג. וילי-פוד אינטרנשיונל בע`מ,,,'יח,1.50,ל-100 גרם,false,1,23.90,15.93,true,1,
7290108502541,false,גבינת שמנת טעם טבעי ויליפוד 200 גרם,ג.וילי-פוד אינטרנשיונל **גבינו,,,'יח,2,ל-100 גרם,false,1,11.90,5.95,false,1,
7290108502596,false,גבינת שמנת לייט שום 200 גר`EURO CHEESE,ג.וילי-פוד אינטרנשיונל **גבינו,,,'יח,2,ל-100 גרם,false,1,11.90,5.95,false,1,
7290108502725,false,גבינת גאודה פרוסות ויליפוד 400 גרם,ג.וילי-פוד אינטרנשיונל **גבינו,,,'יח,4,ל-100 גרם,false,1,19.90,4.98,false,1,
7290108503043,false,תפוחונים חטיף פלחים מיובשים מארז 22X4ג',ג. וילי-פוד אינטרנשיונל בע`מ,,,'יח,0.35,ל-100 גרם,false,36,14.90,42.57,false,1,
7290108503067,false,פרמז'נו משולש ויליפוד 150 גרם,ג.וילי-פוד אינטרנשיונל **גבינו,,,'יח,1.50,ל-100 גרם,false,1,15.90,10.60,false,1,
7290108503999,false,פרוסות גבינה בטעם גאודה לכריכים וטוסטים ויליפוד 150 גרם,ג.וילי-פוד אינטרנשיונל **גבינו,,,'יח,1.50,ל-100 גרם,false,1,9.90,6.60,true,1,
7290108504378,false,גבינת שמנת עם זיתים ויליפוד 200 גרם,ג.וילי-פוד אינטרנשיונל **גבינו,,,'יח,2,ל-100 גרם,false,1,11.90,5.95,false,1,
7290108505719,false,גבינת מוצרלה מגורדת EURO CHEESE ויליפוד 200 גרם,ג.וילי-פוד אינטרנשיונל **גבינו,,,'יח,2,ל-100 גרם,false,1,13.90,6.95,false,1,
7290108505726,false,אצבעות גבינת חצי קשה EURO CHEESE ויליפוד 200 גרם,ג.וילי-פוד אינטרנשיונל **גבינו,,,'יח,2,ל-100 גרם,false,1,13.90,6.95,false,1,
7290108505733,false,צמות -גבינה חצי קשה 25% שומן ( 200 גר) ו,ג.וילי-פוד אינטרנשיונל **גבינו,,,'יח,2,ל-100 גרם,false,1,13.90,6.95,false,1,
7290108506709,false,גבינת פרמג`אנו ר`גיאנו 150 גר וילי פוד,ג.וילי-פוד אינטרנשיונל **גבינו,,,'יח,1.50,ל-100 גרם,false,1,21.90,14.60,false,1,
7290108508765,false,קונכיות פתיתים 400 גרם וילי פוד,ג. וילי-פוד אינטרנשיונל בע`מ,,,'יח,4,ל-100 גרם,false,1,5.90,1.48,false,1,
7290108508789,false,רבעי ארטישוק בשמן ותבלינים 580 גר`,ג. וילי-פוד אינטרנשיונל בע`מ,,,'יח,5.80,ל-100 גרם,false,1,22.90,3.95,false,1,
7290108509182,false,גבינה פטה 17% EUROויליפוד 250 גרם,ג.וילי-פוד אינטרנשיונל **גבינו,,,'יח,2,ל-100 גרם,false,1,12.90,6.45,false,1,
7290108509199,false,גבינת פטה 17% שומן יורו 500 ג',ג.וילי-פוד אינטרנשיונל **גבינו,,,'יח,2.50,ל-100 גרם,false,1,21.90,8.76,true,1,
7290108509250,false,"אנטיפסטי ארטישוק+עגבניות מיובשות וצלפים בשמן חמניות 380 מ""ל",ג. וילי-פוד אינטרנשיונל בע`מ,,,'יח,5.30,ל-100 גרם,false,1,21.90,4.13,false,1,
7290108509359,false,פופקורן בציפוי בטעם קרמל ויליפוד 90 גרם,ג. וילי-פוד אינטרנשיונל בע`מ,,,'יח,0.90,ל-100 גרם,false,1,6.90,7.67,true,1,
7290108509755,false,EURO גבינת חלומי 23% שומן 250 גרם,ג.וילי-פוד אינטרנשיונל **גבינו,,,'יח,2.50,ל-100 גרם,false,1,23.90,9.56,false,1,
7290108509816,false,גבינת בייבי מוצרלה EURO CHEESE ויליפוד 200 גרם,ג.וילי-פוד אינטרנשיונל **גבינו,,,'יח,2,ל-100 גרם,false,1,13.90,6.95,false,1,
7290108509915,false,"מנת השף בשקית-איטריות בטעם סיני פיקנטי 85 ג' חתם סופר ב""ב",ג. וילי-פוד אינטרנשיונל בע`מ,,,'יח,8.50,ל-100 גרם,false,1,3.90,0.46,true,1,
7290108509922,false,מנתהשף אטריות להכנה מהירה טעם עוף ויליפוד 85 גרם,ג. וילי-פוד אינטרנשיונל בע`מ,,,'יח,8.50,ל-100 גרם,false,1,3.90,0.46,true,1,
7290109358482,false,עוגיות קרמוגית במילוי קרם בטעם חלבה,קבוצת אוסם סחר שותפות מוגבלת,,,'יח,2,ל-100 גרם,false,1,10.90,5.45,true,1,
7290109358765,false,דגני בוקר קראנץ' רולס נוגט 450 גרם,קבוצת אוסם סחר-שות.מוגבלת,,,'יח,4.50,ל-100 גרם,false,1,19.90,4.42,true,1,
7290109580043,false,"שניצל תירס קלאסי זוגלובק 1.75 ק""ג",נקניק זוגלובק נהריה,,,'יח,17.50,ל-100 גרם,false,1,49.90,2.85,false,1,
7290109580135,false,קורנדביף פרימיום 180 גרם זוגלובק,נקניק זוגלובק נהריה,,,'יח,1.80,ל-100 גרם,false,1,26.90,14.94,false,1,
7290109580210,false,נקנקיות ריינהולד'ס הצרפתיה זוגלובק 300 ג',נקניק זוגלובק נהריה,,,'יח,3,ל-100 גרם,false,1,19.90,6.63,false,1,
7290109580227,false,נקניקיות עוף ובקר בסגנון ברלינאי קאריוורסט,נקניק זוגלובק נהריה,,,'יח,3,ל-100 גרם,false,1,19.90,6.63,false,1,
7290109580432,false,פסטרמה חזה הודו מעושן דק דק זוגלובק 120 גרם,נקניק זוגלובק נהריה,,,'יח,1.20,ל-100 גרם,false,1,14.90,12.42,true,1,
7290110110659,false,"ספרייט לימון ליים פחית 330מ""ל",החברה המרכזית להפצת משקאות בעמ,,,'יח,3.30,"ל-100 מ""ל",false,24,4.90,1.39,true,1,
7290110114787,false,נביעות+ מים מינרליים בטעם תפוח 1.5 ליטר,החברה המרכזית להפצת משקאות בעמ,,,'יח,15,"ל-100 מ""ל",false,12,9.90,0.64,false,1,
7290110114800,false,נביעות+ מים מינרליים בטעם ענבים 1.5 ליטר,החברה המרכזית להפצת משקאות בעמ,,,'יח,15,"ל-100 מ""ל",false,12,9.90,0.64,false,1,
7290110114855,false,"נביעות מים מינרליים, שישיה 6 * 1.5 ליטר פקדון",החברה המרכזית להפצת משקאות בעמ,,,'יח,90,"ל-100 מ""ל",false,1,12.90,0.12,false,1,
7290110114961,false,משקה קל בטעם תפוזים פריגת (1.5 ליטר),החברה המרכזית להפצת משקאות בעמ,,,'יח,15,"ל-100 מ""ל",false,12,9.50,0.61,false,1,
7290110114985,false,משקה קל בטעם אשכוליות פריגת (1.5 ליטר),החברה המרכזית להפצת משקאות בעמ,,,'יח,15,"ל-100 מ""ל",false,12,9.50,0.61,false,1,
7290110115005,false,משקה קל בטעם ענבים פריגת (1.5 ליטר),החברה המרכזית להפצת משקאות בעמ,,,'יח,15,"ל-100 מ""ל",false,12,9.50,0.61,false,1,
7290110115036,false,משקה קל בטעם מנגו פריגת (1.5 ליטר),החברה המרכזית להפצת משקאות בעמ,,,'יח,15,"ל-100 מ""ל",false,12,9.50,0.61,false,1,
7290110115043,false,משקה קל בטעם לימונענע פריגת (1.5 ליטר),החברה המרכזית להפצת משקאות בעמ,,,'יח,15,"ל-100 מ""ל",false,12,9.50,0.61,false,1,
7290110115050,false,משקה קל בטעם תות בננה פריגת (1.5 ליטר),החברה המרכזית להפצת משקאות בעמ,,,'יח,15,"ל-100 מ""ל",false,12,9.50,0.61,false,1,
7290110115111,false,פריגת צלול אננס 1.5 ליטר פיקדון,החברה המרכזית להפצת משקאות בעמ,,,'יח,15,"ל-100 מ""ל",false,12,7.90,0.51,false,1,
7290110115180,false,נביעות מים מינרלים שקט 1.5 ליטר פיקדון,החברה המרכזית להפצת משקאות בעמ,,,'יח,15,"ל-100 מ""ל",false,12,4.90,0.31,false,1,
7290110115203,false,קוקה קולה 1.5 ליטר פיקדון,החברה המרכזית להפצת משקאות בעמ,,,'יח,15,"ל-100 מ""ל",false,12,8.90,0.57,false,1,
7290110115210,false,קוקה קולה דיאט 1.5 ליטר פיקדון,החברה המרכזית להפצת משקאות בעמ,,,'יח,10,"ל-100 מ""ל",false,12,8.40,0.81,false,1,
7290110115227,false,קוקה קולה Zero בקבוק 1.5 ליטר פיקדון,החברה המרכזית להפצת משקאות בעמ,,,'יח,15,"ל-100 מ""ל",false,1,8.40,0.54,false,1,
7290110115265,false,ספרייט לימון ליים 1.5 ליטר-,החברה המרכזית להפצת משקאות בעמ,,,'יח,15,"ל-100 מ""ל",false,12,8.90,0.57,true,1,
7290110115272,false,ZERO ספרייט 1.5 ליטר פיקדון,החברה המרכזית להפצת משקאות בעמ,,,'יח,15,"ל-100 מ""ל",false,12,8.80,0.57,true,1,
7290110115296,false,גזוז בטעם תפוז פאנטה 1.5 ליטר פיקדון,החברה המרכזית להפצת משקאות בעמ,,,'יח,15,"ל-100 מ""ל",false,12,8.90,0.57,false,1,
7290110115319,false,פאנטה אקזוטי פירות טרופיים 1.5ל פיקדון,החברה המרכזית להפצת משקאות בעמ,,,'יח,15,"ל-100 מ""ל",false,12,8.90,0.57,false,1,
7290110115364,false,שישייה קוקה קולה 1.5 ליטר פיקדון,החברה המרכזית להפצת משקאות בעמ,,,'יח,90,"ל-100 מ""ל",false,1,51.90,0.56,false,1,
7290110115371,false,דיאט קוקה קולה שישיות 1.5 ליטר פיקדון,החברה המרכזית להפצת משקאות בעמ,,,'יח,15,"ל-100 מ""ל",false,1,49.90,3.21,false,1,
7290110115418,false,קוקה קולה זירו 1.5 ליטר מארז שישייה,החברה המרכזית להפצת משקאות בעמ,,,'יח,90,"ל-100 מ""ל",false,1,49.90,0.53,false,1,
7290110115463,false,פיוז-טי תה אפרסק 1.5 ליטר פיקדון,החברה המרכזית להפצת משקאות בעמ,,,'יח,15,"ל-100 מ""ל",false,12,8.90,0.57,false,1,
7290110116323,false,קוקה קולה זירו 1.5 ליטר מארז שישייה חג ש,החברה המרכזית להפצת משקאות בעמ,,,'יח,90,"ל-100 מ""ל",false,1,49.90,0.53,false,1,
7290110116484,false,פריגת סחוט מיקס תות בננה 1ליטר,*החברה המרכזית להפצת משקאותבעמ,,,'יח,1,לליטר,false,1,17.90,17.90,false,1,
7290110116491,false,פריגת סחוט מיקס אפרסק משמש 1ליטר,*החברה המרכזית להפצת משקאותבעמ,,,'יח,1,לליטר,false,1,17.90,17.90,false,1,
7290110116552,false,ספרייט לימון היט 1.5 ליטר LIME פיקדון,החברה המרכזית להפצת משקאות בעמ,,,'יח,15,"ל-100 מ""ל",false,12,8.90,0.57,true,1,
7290110116576,false,ספרייט זירו לימון היט בקבוק 0.5,החברה המרכזית להפצת משקאות בעמ,,,'יח,5,"ל-100 מ""ל",false,24,5.80,1.10,false,1,
7290110320591,false,גבינה בולגרית במרקם מעודן 16% פיראוס,"תנובה בע""מ ***",,,'יח,2.50,ל-100 גרם,false,1,25.90,10.36,false,1,
7290110320683,false,שמיניית משקה יוגורט 1.5% טעם תות יופלה 107 גרם,מיוצר עי קונדיטוריית,,,'יח,8,"ל-100 מ""ל",false,1,18.90,2.36,false,1,
7290110320850,false,פתיתים גבינה חצי קשה מגורדת 28% שומן,תנובה מרכז שיתופי לש,,,'יח,2,ל-100 גרם,false,1,17.90,8.95,false,1,
7290110320867,false,פתיתים גבינה חצי קשה מגורדת 28% שומן,תנובה מרכז שיתופי לש,,,'יח,2,ל-100 גרם,false,1,39.90,19.95,false,1,
7290110320935,false,פרוסות מוצרלה 150 גר`קולקשיין תנובה,תנובה מרכז שיתופי לש,,,'יח,1.50,ל-100 גרם,false,1,16.90,11.27,false,1,
7290110321031,false,מעדן חלב GO יוגורט מועשר בחלבון טבעי 200 ג' יופלה,"תנובה, מחלבת אלון תב",,,'יח,2,ל-100 גרם,false,1,5.90,2.95,false,1,
7290110321604,false,קוביות פיראוס בולגרית מעודנת 5% 200 גרם - רבנות,"תנובה בע""מ ***",,,'יח,2,ל-100 גרם,false,1,22.90,11.45,false,1,
7290110321680,false,יוגורט GO בטעם תות 20 גרם חלבון בגביע,מיוצר עי קונדיטוריית,,,'יח,2,ל-100 גרם,false,1,5.90,2.95,false,1,
7290110321697,false,יוגורט GO בטעם אפרסק 20 גרם חלבון בגביע,מיוצר עי קונדיטוריית,,,'יח,2,ל-100 גרם,false,1,5.90,2.95,false,1,
7290110321703,false,יוגורט עם פירות יער בתוספת חלבוני חלב 2% שומן,מיוצר עי קונדיטוריית,,,'יח,1.50,ל-100 גרם,false,1,5.90,3.93,false,1,
7290110321789,false,גבינת מסקרפונה 38% שומן 250 גר`השף הלבן,"תנובה בע""מ ***",,,'יח,2.50,ל-100 גרם,false,1,21.90,8.76,false,1,
7290110322014,false,טופו בטעם טבעי תנובה ALTERNATIVE,שוורצקוף& הנקל דיסלד,,,'יח,3,ל-100 גרם,false,1,12.90,4.30,false,1,
7290110322021,false,"תנובה טופו בזיליקום 300 גר' בד""צ",שוורצקוף& הנקל דיסלד,,,'יח,3,ל-100 גרם,false,1,12.90,4.30,false,1,
7290110322038,false,טופו בטעם פיקנטי 300 גר`תנובה,"תנובה בע""מ ***",,,'יח,3,ל-100 גרם,false,1,12.90,4.30,false,1,
7290110322946,false,יופלה טיוב יוגורט במרקם חלק בטעם תות בננה כשרות רבנות 348 ג',תנובה - חלב,,,'יח,3.48,ל-100 גרם,false,1,14.90,4.28,false,1,
7290110323066,false,משקה יוגורט גו מועשר בחלבון בננה אפרסק,תנובה חלב,,,'יח,2.50,"ל-100 מ""ל",false,1,6.90,2.76,false,1,
7290110323073,false,"משקה יוגורט יופלה גו תות פטל 250 מ""ל - רבנות",מיוצר עי קונדיטוריית,,,'יח,2.50,"ל-100 מ""ל",false,1,6.90,2.76,false,1,
7290110323097,false,מעדן גבינה עם מחית תות-תאומים 80 גר`,"תנובה בע""מ ***",,,'יח,0.80,ל-100 גרם,false,1,2.90,3.63,false,1,
7290110323301,false,טל העמק בסגנון אמנטל 32% שומן 200 גרם,"תנובה בע""מ ***",,,'יח,2,ל-100 גרם,false,1,19.90,9.95,false,1,
7290110323585,false,יופלה יוגורט עם דובדבן מופחת קלוריות 200 ג' GO,"תנובה בע""מ ***",,,'יח,2,ל-100 גרם,false,1,5.90,2.95,false,1,
7290110323592,false,יופלה יוגורט עם אפרסק מופחת קלוריות 200 ג' GO,תנובה בעמ ***,,,'יח,2,ל-100 גרם,false,1,5.90,2.95,false,1,
7290110323714,false,משקה קוקוס שקדים תנובה E אלטרנטיב,מיוצר עי קונדיטוריית,,,'יח,10,"ל-100 מ""ל",false,1,12.90,1.29,false,1,
7290110323998,false,מאגדת שמינייה מיני קרלו קצפת 8*77 ג',תנובה מרכז שיתופי לש,,,'יח,6.32,ל-100 גרם,false,1,13.90,2.20,false,1,
7290110324070,false,גבינת חלומי מחלב בקר (30% 200 גר`)פירא,"תנובה בע""\מ",,,'יח,2,ל-100 גרם,false,1,21.90,10.95,false,1,
7290110324353,false,יוגורט GO לייט בטעם אננס 20 גרם חלבון בגביע,מיוצר עי קונדיטוריית,,,'יח,1.70,ל-100 גרם,false,1,5.90,3.47,false,1,
7290110324551,false,יופלה טיוב יוגורט במרקם חלק תות כשרות מהדרין,"תנובה בע""מ ***",,,'יח,3.48,"ל-100 מ""ל",false,1,14.90,4.28,false,1,
7290110324711,false,ממרח סויה 9% שומן בטעם טבעי תנובה 250 גרם,מיוצר עי קונדיטוריית,,,'יח,2.50,ל-100 גרם,false,1,9.90,3.96,false,1,
7290110324728,false,ממרח סויה 9% שומן עם שום שמיר תנובה 250 גרם,מיוצר עי קונדיטוריית,,,'יח,2.50,ל-100 גרם,false,1,9.90,3.96,false,1,
7290110324841,false,מעדן שקדים עם שוקולד מריר תנובה 125 גרם,מיוצר עי קונדיטוריית,,,'יח,1.25,"ל-100 מ""ל",false,1,4.90,3.92,false,1,
7290110324858,false,מעדן שקדים בטעם אגוזי לוז תנובה 125 גרם,מיוצר עי קונדיטוריית,,,'יח,1.25,ל-100 גרם,false,1,4.90,3.92,false,1,
7290110324872,false,גבינה צהובה גלבוע (5% 200 גר`)תנובה,גלבוע - תנובה,,,'יח,2,ל-100 גרם,false,1,19.90,9.95,false,1,
7290110324926,false,משקה סויה ללא תוספת סוכר E אלטרנטיב,תנובה מרכז שיתופי לש,,,'יח,10,"ל-100 מ""ל",false,1,10.90,1.09,false,1,
7290110325114,false,"משקה יוגורט יופלה גו לייט תות בננה 250 מ""ל - רבנות",מיוצר עי קונדיטוריית,,,'יח,2.50,"ל-100 מ""ל",false,1,6.90,2.76,false,1,
7290110325121,false,"משקה יוגורט יופלה גו לייט מנגו אננס 250 מ""ל",תנובה בעמ ***,,,'יח,2.50,"ל-100 מ""ל",false,1,6.90,2.76,false,1,
7290110325169,false,פרוסות גאודה 170 גר`קולקשיין תנובה,תנובה בעמ ***,,,'יח,1.70,ל-100 גרם,false,1,19.90,11.71,false,1,
7290110325305,false,יופלה GO סויה 20 גרם חלבון במתיקות מעודנת תנובה 200 גרם,מיוצר עי קונדיטוריית,,,'יח,2,ל-100 גרם,false,1,6.90,3.45,false,1,
7290110325312,false,יופלה GO סויה 20 גרם חלבון בטעם תות תנובה 200 גרם,תנובה בעמ ***,,,'יח,0.20,ל-100 גרם,false,1,6.90,34.50,false,1,
7290110325428,false,גבינה לבנה למריחה 5% שומן בתוספת קרקרים,מיוצר עי קונדיטוריית,,,'יח,1.45,ל-100 גרם,false,1,5.90,4.07,false,1,
7290110325510,false,יופלה טיוב יוגורט במרקם חלק בטעם וניל-יוניקור,"תנובה בע""מ ***",,,'יח,3.48,ל-100 גרם,false,1,14.90,4.28,false,1,
7290110325619,false,משקה שיבולת שועל תנובה E אלטרנטיב,מיוצר עי קונדיטוריית,,,'יח,10,"ל-100 מ""ל",false,1,12.90,1.29,false,1,
7290110325626,false,משקה שקדים ללא תוספת סוכר 1 ליטר,תנובה - חלב,,,'יח,10,"ל-100 מ""ל",false,1,12.90,1.29,false,1,
7290110325701,false,פיראוס צזיקי יווני 9% שומן בשיטת יצור מסורתית על בסיס יוגורט,גוד פוד פרודקטס S.p,,,'יח,2.50,ל-100 גרם,false,1,13.90,5.56,false,1,
7290110325893,false,משקה חלב GO מועשר בחלבון בטעם אייס קפה,מיוצר עי קונדיטוריית,,,'יח,3.50,"ל-100 מ""ל",false,1,7.90,2.26,false,1,
7290110326210,false,יופלה און טופ פצפוצים תנובה 157 גרם,מיוצר עי קונדיטוריית,,,'יח,1.57,"ל-100 מ""ל",false,1,5.50,3.50,false,1,
7290110326234,false,יופלה און טופ כוכבים תנובה 157 גרם,מיוצר עי קונדיטוריית,,,'יח,1.57,"ל-100 מ""ל",false,1,5.50,3.50,false,1,
7290110326333,false,פרוסות גבינה סקנדינבית 170 גר`קולקשיין,"תנובה בע""מ ***",,,'יח,2,ל-100 גרם,false,1,19.90,9.95,false,1,
7290110326784,false,פתיתי עמק 28% 600 גרם,תנובה - חלב,,,'יח,6,ל-100 גרם,false,1,44.90,7.48,false,1,
7290110326982,false,משקה חלב עם שוקולד קלאסי יולו 1 ליטר,תנובה מרכז שיתופי לש,,,'יח,10,"ל-100 מ""ל",false,1,13.90,1.39,false,1,
7290110327033,false,משקה סויה תנובה גו מועשר בחלבון במתיקות מופחתת,מיוצר עי קונדיטוריית,,,'יח,10,"ל-100 מ""ל",false,1,12.90,1.29,false,1,
7290110327125,false,פטה 21% מחלב צאן במי מלח תנובה 200 גרם,תנובה בעמ ***,,,'יח,2,ל-100 גרם,false,1,24.90,12.45,false,1,
7290110327279,false,גבינת נפוליאון טוסקנה (24% 225 גר`),"תנובה בע""\מ",,,'יח,2.25,ל-100 גרם,false,1,14.90,6.62,false,1,
7290110327316,false,גבינה לבנה למריחה 5% שומן בתוספת פריכיות,מיוצר עי קונדיטוריית,,,'יח,1.45,ל-100 גרם,false,1,5.90,4.07,false,1,
7290110327514,false,alternative משקה שיבולת שועל בטעם אגוזי לוז תנובה 1 ליטר,תנובה מרכז שיתופי לש,,,'יח,10,"ל-100 מ""ל",false,1,12.90,1.29,false,1,
7290110328016,false,משקה סויה מועשר בחלבון בטעם אגוזי לוז 250 גרם,תנובה מרכז שיתופי לש,,,'יח,10,"ל-100 מ""ל",false,1,6.90,0.69,false,1,
7290110328023,false,משקה סויה מועשר בחלבון בטעם קפה 250 גרם,תנובה בעמ ***,,,'יח,10,"ל-100 מ""ל",false,1,6.90,0.69,false,1,
7290110328092,false,פיראוס פטה יוונית קוביות 21% שומן 150 גרם,דודוני תעשיית החלב החקלא,,,'יח,1.50,ל-100 גרם,false,1,19.90,13.27,false,1,
7290110328436,false,פלח גאודה עיזים בטעם מועדן 29% 150 גר`,"תנובה בע""\מ",,,'יח,1.50,ל-100 גרם,false,1,22.90,15.27,false,1,
7290110328474,false,פלח פרמג`יאנו רג`יאנו 150 גר`קולקשיין ת,מנדלז סי.אר. פרודקשן,,,'יח,1.50,ל-100 גרם,false,1,29.90,19.93,false,1,
7290110328481,false,פתיתי פרמג'יאנו רג'יאנו מחלב בקר 30%,ברטינלי גיאני א.,,,'יח,1.50,ל-100 גרם,false,1,15.90,10.60,false,1,
7290110328504,false,טריו - מיקס גבינות מוצרלה סקנדינבית וגאודה 300 גרם,מיוצר עי קונדיטוריית,,,'יח,3,ל-100 גרם,false,1,27.90,9.30,false,1,
7290110328627,false,יוגורט יופלה GO במרקם סמיך בטעם בננה קרמל 0%,מיוצר עי קונדיטוריית,,,'יח,2,ל-100 גרם,false,1,5.90,2.95,false,1,
7290110328641,false,טופו טבעי 500 גר`אלטרנטיב 2*250 גר`,"תנובה בע""מ ***",,,'יח,5,ל-100 גרם,false,1,19.90,3.98,false,1,
7290110328764,false,יוגורט יופלה GO במרקם סמיך עם תות 0%,מיוצר עי קונדיטוריית,,,'יח,2,ל-100 גרם,false,1,5.90,2.95,false,1,
7290110328771,false,יוגורט יופלה GO במרקם סמיך עם פירות יער 0%,מיוצר עי קונדיטוריית,,,'יח,2,ל-100 גרם,false,1,5.90,2.95,false,1,
7290110328788,false,יוגורט יופלה GO במרקם סמיך בטעם אפרסק 0%,תנובה מרכז שיתופי לש,,,'יח,2,ל-100 גרם,false,1,5.90,2.95,false,1,
7290110329136,false,מעדן חלב מעושר בחלבון בטעם שוקולד 120 ג' GO,תנובה מרכז שיתופי לש,,,'יח,1.50,ל-100 גרם,false,1,4.90,3.27,false,1,
7290110329273,false,יוגורט תנובה מחלב עיזים מלא 750 גרם,תנובה בעמ ***,,,'יח,7.50,ל-100 גרם,false,1,22.90,3.05,false,1,
7290110329303,false,פרוסות בטעם צהובה קלאסית אלטרנטיב 200 גר,תנובה Alternative,,,'יח,2,ל-100 גרם,false,1,22.90,11.45,false,1,
7290110329686,false,משקה GO חלב בטעם עוגיות 27 גר`חלבון,מיוצר עי קונדיטוריית,,,'יח,3.50,"ל-100 מ""ל",false,1,7.90,2.26,false,1,
7290110329716,false,משקה חלב קר בטעם קפוצ'ינו 230 גרם תנובה,תנובה מרכז שיתופי לש,,,'יח,2.30,ל-100 גרם,false,1,7.90,3.43,false,1,
7290110329792,false,יוגורט סויה BIO Alternative אפרסק 150 ג' תנובה,מיוצר עי קונדיטוריית,,,'יח,1.50,ל-100 גרם,false,1,4.90,3.27,false,1,
7290110329808,false,יוגורט סויה BIO Alternative תות 150 ג' תנובה,מיוצר עי קונדיטוריית,,,'יח,1.50,ל-100 גרם,false,1,4.90,3.27,false,1,
7290110329815,false,סויה BIO מתיקות מעודנת גביע 150 גרם אלטרנטיב,מיוצר עי קונדיטוריית,,,'יח,1.50,ל-100 גרם,false,1,4.90,3.27,false,1,
7290110329822,false,יוגורט סויה BIO Alternative פירות יער 150 ג' תנובה,מיוצר עי קונדיטוריית,,,'יח,1.50,ל-100 גרם,false,1,4.90,3.27,false,1,
7290110329839,false,פרוסות צהובה בטעם זיתים 200 ג' אלטרנטיב אלטרנטיב,מיוצר עי קונדיטוריית,,,'יח,2,ל-100 גרם,false,1,22.90,11.45,false,1,
7290110329846,false,יוגורט סויה BIO Alternative בטעם טבעי 150 ג' תנובה,מיוצר עי קונדיטוריית,,,'יח,1.50,ל-100 גרם,false,1,4.90,3.27,false,1,
7290110550219,false,מטבעות שוקולד לבן לאפיה 400 גרם עלית,שטראוס גרופ בע`מ,,,'יח,4,ל-100 גרם,false,1,27.90,6.98,false,1,
7290110550226,false,מטבעות שוקולד מריר לאפיה 400 גרם עלית,שטראוס גרופ בע`מ,,,'יח,4,ל-100 גרם,false,1,27.90,6.98,false,1,
7290110550363,false,"פריכיות משולשות תירס, אורז שיבולת שועל, קינואה",אנרג'י Energy - שטראוס,,,'יח,0.65,ל-100 גרם,false,10,8.90,13.69,true,1,
7290110550370,false,פריכיות משולשות קינואה ופלפל שחור 65 גרם,שטראוס גרופ בע`מ,,,'יח,0.65,ל-100 גרם,false,10,8.90,13.69,true,1,
7290110552220,false,יוגורט PRO בטעם תות 0% סוכר לבן 20 גרם חלבון בגביע,שטראוס גרופ בעמ/מצונן,,,'יח,1.55,"ל-100 מ""ל",false,12,5.90,3.81,false,1,
7290110552237,false,יוגורט פרו בטעם אפרסק מנגו ללא סוכר 200 ג' דנונה,שטראוס גרופ בעמ/מצונן,,,'יח,1.55,"ל-100 מ""ל",false,12,5.90,3.81,false,1,
7290110553036,false,קריספס-פריכיות עם אפונה ובטטה סגולה בטעם בצל מקורמל,"פרח תעשיו מזון בע""מ",,,'יח,0.60,ל-100 גרם,false,10,8.90,14.83,true,1,
7290110553173,false,אנרגי פריכיות אורז בטעם קרמל 50 גרם,שטראוס גרופ בע`מ,,,'יח,0.40,ל-100 גרם,false,1,5.90,14.75,true,1,
7290110554583,false,מארז חטיפי צ'יטוס פאפס בטעם גבינה - 10 יחידות,"שטראוס פריטו ליי בע""\מ )",,,'יח,2,ל-100 גרם,false,1,13.90,6.95,false,1,
7290110556242,false,"שוקולד מריר פרווה 100 גר' בד""ץ תוצרת חוץ","שטראוס גרופ בע""מ.",,,'יח,1,ל-100 גרם,false,1,5.90,5.90,true,1,
7290110557027,false,חומוס עשיר 50% טחינה גולמית 400 ג' אחלה,שטראוס גרופ בעמ/מצונן,,,'יח,4,ל-100 גרם,false,6,14.90,3.73,true,1,
7290110557102,false,מעדן חלב עם שוקולד מועשר בחלבון 150 ג' שטראוס,שטראוס גרופ בעמ/מצונן,,,'יח,1.50,ל-100 גרם,false,24,5.90,3.93,true,1,
7290110557133,false,מעדן הגולן וניל 125 ג' שטראוס,שטראוס גרופ בעמ/מצונן,,,'יח,1.25,ל-100 גרם,false,1,2.90,2.32,true,1,
7290110557478,false,חומוס גלילי במרקם מעודן 600 גרם,שטראוס גרופ בעמ/מצונן,,,'יח,6,ל-100 גרם,false,1,12.90,2.15,true,1,
7290110558253,false,דנונה שייק נונה ריפרש בננה אננס וצ'יה,שטראוס גרופ בעמ/מצונן,,,'יח,2.50,ל-100 גרם,false,1,5.90,2.36,false,1,
7290110558284,false,דנונה ביו מולטי שטראוס 200 גרם,שטראוס גרופ בעמ/מצונן,,,'יח,2,ל-100 גרם,false,3,4.90,2.45,false,1,
7290110558314,false,דנונה פרו 20 גרם חלבון ללא סוכר פיסטוק 200 גרם,שטראוס גרופ בעמ/מצונן,,,'יח,1.50,"ל-100 מ""ל",false,12,5.90,3.93,false,1,
7290110558338,false,דנונה פרו 25 ג' חלבון 200 ג' שטראוס,שטראוס גרופ בעמ/מצונן,,,'יח,1.50,ל-100 גרם,false,1,6.30,4.20,false,1,
7290110558666,false,מעדן גבינה בטעם תפוח 88 ג' דניאלה,שטראוס גרופ בעמ/מצונן,,,'יח,1.50,"ל-100 מ""ל",false,24,4.30,2.87,false,1,
7290110559007,false,"שועועית חומה טעם הטבע קופסה, 380 גרם",שטראוס גרופ בע`מ,,,'יח,3.80,ל-100 גרם,false,1,6.90,1.82,true,1,
7290110560300,false,"הפריכיות הטעימות חומוס, עדשים שחורות, קינואה ופלפל שחור",אנרג'י Energy - שטראוס,,,'יח,0.30,ל-100 גרם,false,24,4.90,16.33,false,1,
7290110560317,false,"הפריכיות הטעימות חומוס, עדשים שחורות, קינואה ומלח ים","פרח תעשיו מזון בע""מ",,,'יח,0.30,ל-100 גרם,false,24,4.90,16.33,false,1,
7290110560324,false,"הפריכיות הטעימות תפו""א, אורז, אפונה ומלח ים","פרח תעשיו מזון בע""מ",,,'יח,0.30,ל-100 גרם,false,24,4.90,16.33,false,1,
7290110561352,false,דנונה יוגורט ביו פרוביוטי 3% דל לקטוז 150ג',שטראוס גרופ בעמ/מצונן,,,'יח,2,"ל-100 מ""ל",false,24,3.70,1.85,false,1,
7290110563431,false,"משקה קפה קר בסגנון קלאסי 230 מ""ל 1.6% יוטבתה",שטראוס גרופ בעמ/מצונן,,,'יח,2.30,"ל-100 מ""ל",false,1,7.90,3.43,true,1,
7290110563462,false,חלב 2% דל לקטוז בבקבוק יטבתה 1 ליטר.,שטראוס גרופ בעמ/מצונן,,,'יח,10,"ל-100 מ""ל",false,12,7.90,0.79,false,1,
7290110564339,false,חומוס אחלה הסידרה המובחר 30% טחינה 400 גר',שטראוס גרופ בעמ/מצונן,,,'יח,4,ל-100 גרם,false,6,14.90,3.73,true,1,
7290110564360,false,חומוס אחלה הסידרה המובחר 40% טחינה 400 גר',שטראוס גרופ בעמ/מצונן,,,'יח,4,ל-100 גרם,false,6,14.90,3.73,true,1,
7290110564414,false,חומוס אחלה הסידרה המובחר 30% טחינה 600 גר',שטראוס גרופ בעמ/מצונן,,,'יח,6,ל-100 גרם,false,6,15.90,2.65,false,1,
7290110564742,false,"משקה קפה קר בסגנון חזק 230 מ""ל 1.2% יוטבתה",שטראוס גרופ בעמ/מצונן,,,'יח,2.30,"ל-100 מ""ל",false,10,7.90,3.43,true,1,
7290110565527,false,יוגורט PRO פרו 1.5% 20 גרם חלבון בגביע,שטראוס גרופ בעמ/מצונן,,,'יח,1.50,"ל-100 מ""ל",false,12,5.90,3.93,false,1,
7290110568238,false,"קצפת צמחית 21% שומן 250 מ""ל יוטבתה",שטראוס גרופ בעמ/מצונן,,,'יח,2.50,"ל-100 מ""ל",false,18,7.90,3.16,false,1,
7290110568276,false,"משקה יוטבתה פרו וניל לשתיה 350מ""ל",שטראוס גרופ בעמ/מצונן,,,'יח,3.50,"ל-100 מ""ל",false,6,6.40,1.83,false,1,
7290110568498,false,קונפיטורית תות במתיקות מעודנת 265 גר' יד מרדכי,שטראוס גרופ בע`מ,,,'יח,3.40,ל-100 גרם,false,1,14.90,4.38,true,1,
7290110568504,false,קונפיטורת משמש במתיקות מעודנת יד מרדכי 265 גרם,שטראוס גרופ בע`מ,,,'יח,0.2650,ל-100 גרם,false,1,14.90,56.23,true,1,
7290110571184,false,עדשים חומות 380 גר` טעם הטבע שטראוס,שטראוס גרופ בע`מ,,,'יח,3.80,ל-100 גרם,false,1,6.90,1.82,true,1,
7290110571382,false,מעדן חלב בטעם וניל מעושר בחלבון 150 ג' שטראוס,שטראוס גרופ בעמ/מצונן,,,'יח,1.50,ל-100 גרם,false,24,5.90,3.93,true,1,
7290110571405,false,עלית - מיני פינוקיות בגביע פסק זמן 180 גרם,שטראוס גרופ בע`מ,,,'יח,1.80,ל-100 גרם,false,1,9.90,5.50,false,1,
7290110572884,false,"קפסולות קפה מספר 20 למכונת אספרס אספרסו, 50 גרם",שטראוס קפה בי.וי.,,,'יח,3.90,ל-100 גרם,false,1,16.90,4.33,true,1,
7290110572969,false,כיף כף פצפצים עלית קרם לבן (40 גר`),שולן צ'\יקולטה גידה סאן.,,,'יח,0.40,ל-100 גרם,false,12,4.90,12.25,true,1,
7290110572976,false,כיף כף פצפצים בגביע במילוי קרם בטעם שוקולד לבן,שולן צ'יקולטה גידה ס,,,'יח,1.35,ל-100 גרם,false,24,9.90,7.33,true,1,
7290110576318,false,מאגדת שלישיית שוקולד אגוז לבן 300 ג' עלית,שטראוס גרופ בע`מ,,,'יח,3,ל-100 גרם,false,1,21.90,7.30,true,1,
7290110576356,false,"שוקולד ספלנדיד מריר 64% - חלבי , מפולי קקאו מפרו",שטראוס גרופ בע`מ,,,'יח,1,,false,1,8.90,8.90,true,1,
7290110576370,false,מארז שלישייה שוקולד מריר חלבי עם אגוזי לוז,שטראוס גרופ בע`מ,,,'יח,3,ל-100 גרם,false,1,21.90,7.30,true,1,
7290110576387,false,מאגדת שלישיית שוקולד אגוז חלב 300 ג' עלית,שטראוס גרופ בע`מ,,,'יח,3,ל-100 גרם,false,1,21.90,7.30,true,1,
7290110576752,false,טבלאות שוקולד ספלנדיד מריר 70% 100 ג' עלית,שטראוס גרופ בע`מ,,,'יח,1,,false,12,11.90,11.90,false,1,
7290110576776,false,טבלאות שוקולד ספלנדיד מריר 85% 100 ג' עלית,שטראוס גרופ בע`מ,,,'יח,1,,false,12,11.90,11.90,false,1,
7290110576868,false,רבעיית גמדים סלט פירוט * 100 ג' שטראוס,שטראוס גרופ בעמ/מצונן,,,'יח,4,"ל-100 מ""ל",false,12,11.90,2.98,true,1,
7290110577230,false,משקה חלב בטעם פיסטוק בבקבוק יטבתה 1 ליטר,שטראוס גרופ בעמ/מצונן,,,'יח,10,"ל-100 מ""ל",false,12,11.90,1.19,false,1,
7290110577247,false,"יטבתה משקה חלב-פיסטוק בבקבוק 350 מ""ל",שטראוס גרופ בעמ/מצונן,,,'יח,3.50,"ל-100 מ""ל",false,6,6.40,1.83,false,1,
7290111340178,false,מטליות לחות ניקול לניקוי כללי בניחוח מרכך כביסה 50 יח',קימברלי קלארק ישראל שיווק בעמ,,,'יח,1,,false,12,10.90,10.90,true,1,
7290111340956,false,ניקול מטליות לחות לרצפה בניחוח פריחה לבנה,קימברלי קלארק ישראל שיווק בעמ,,,'יח,1,,false,1,11.90,11.90,true,1,
7290111341984,false,לילי - מגבוני נייר טואלט לח פיור רביעייה,קימברלי קלארק ישראל שיווק בעמ,,,'יח,1,ל-100 גרם,false,1,19.90,19.90,false,1,
7290111342523,false,מפיות אירוח לשימוש יומיומי ניקול 100 יח,קימברלי קלארק ישראל שיווק בעמ,,,'יח,1,,false,24,8.50,8.50,false,1,
7290111344206,false,האגיס נטורל קר מגבונים לחים בבישום עדין רביעייה,קימברלי קלארק ישראל שיווק בעמ,,,'יח,1,'יח,false,6,19.90,19.90,false,1,
7290111344503,false,חיתולי האגיס אקסטרה קייר מידה +4 36 יח',קימברלי קלארק ישראל שיווק בעמ,,,'יח,1,'יח,false,1,44.90,44.90,false,1,
7290111344626,false,ניקול מגבות מטבח אנטיבקטרילי,קימברלי קלארק ישראל שיווק בעמ,,,'יח,1,,false,1,19.90,19.90,false,1,
7290111344701,false,ניקול שקיות אוכל סנדויצון מניונים 250 יחידות,קימברלי קלארק ישראל שיווק בעמ,,,'יח,1,'יח,false,1,12.90,12.90,false,1,
7290111344732,false,קלינקס - טיישו אלרג'י קומפורט ניילון זוגות 140 דף,קימברלי קלארק ישראל שיווק בעמ,,,'יח,1,ל-100 גרם,false,1,10.90,10.90,false,1,
7290111346118,false,האגיס מגבונים בישום עדין רביעייה מהדורה,קימברלי קלארק ישראל שיווק בעמ,,,'יח,1,'יח,false,1,19.90,19.90,false,1,
7290111352942,false,יוגטה סוכריות טופי ללא גלוטן 850 ג',ליימן שליסל בע`מ,,,'יח,8.50,ל-100 גרם,false,1,19.90,2.34,false,1,
7290111352966,false,יוגטה סוכריות ממולאות בטעם פירות 250 גרם ללא ג'לטין,ליימן שליסל בע`מ,,,'יח,2.50,ל-100 גרם,false,30,6.90,2.76,false,1,
7290111353550,false,חמאת בוטנים טבעית קליית גת 300 גרם,ליימן שליסל בע`מ,,,'יח,3,ל-100 גרם,false,1,14.90,4.97,false,1,
7290111560910,false,אוסם וופל טעם שוקולד אקסרט מילוי 200 ג,קבוצת אוסם סחר-שות.מוגבלת,,,'יח,2,ל-100 גרם,false,1,4.40,2.20,true,1,
7290111564727,false,עוגיות אסם קרמוגית וקרם אגוזים אסם 200ג',קבוצת אוסם סחר שותפות מוגבלת,,,'יח,2,ל-100 גרם,false,1,10.90,5.45,true,1,
7290111566127,false,מאגדת אוראו מיני סנדוויץ' 6 יח' נסטלה,נגה גלידות שותפות מוגבלת,,,'יח,1,ל-100 גרם,false,1,21.90,21.90,false,1,
7290111566271,false,טבעול חטיפי תירס 657 גרם קפוא,קבוצת אוסם סחר שותפות מוגבלת,,,'יח,6.57,ל-100 גרם,false,1,26.90,4.09,true,1,
7290111566318,false,שניצל דק מן הצומח בטעם ביתי 700 גרם,קבוצת אוסם סחר שותפות מוגבלת,,,'יח,5.64,ל-100 גרם,false,1,27.90,4.95,true,1,
7290111566547,false,טבעול חזה בגריל צמחוני 99 קלוריות 560ג',קבוצת אוסם סחר שותפות מוגבלת,,,'יח,5.60,ל-100 גרם,false,1,27.90,4.98,true,1,
7290111566561,false,"שניצל ברוקולי 99 קלוריות 560 גר' ""טבעול""",קבוצת אוסם סחר שותפות מוגבלת,,,'יח,6.93,ל-100 גרם,false,1,27.90,4.03,true,1,
7290111566585,false,"שניצל צמחוני 99 קלוריות 650 גר' ""טבעול""",קבוצת אוסם סחר שותפות מוגבלת,,,'יח,6.50,ל-100 גרם,false,1,27.90,4.29,true,1,
7290111566752,false,טבעול שניצל תירס 99 קלוריות 693 גרם,קבוצת אוסם סחר שותפות מוגבלת,,,'יח,6.93,ל-100 גרם,false,1,27.90,4.03,true,1,
7290111566776,false,"נקניקיות קוקטייל מן הצומח 680 גרם ""טבעול""",קבוצת אוסם סחר שותפות מוגבלת,,,'יח,6.80,ל-100 גרם,false,1,27.90,4.10,true,1,
7290111568206,false,ביסלי פארטי מיקס אסם 150 גר',קבוצת אוסם סחר שותפות מוגבלת,,,'יח,1.50,ל-100 גרם,false,1,7.90,5.27,true,1,
7290111568275,false,אטריות נודלס אורז רחבות אסם אסייתי 300גרם,קבוצת אוסם סחר שותפות מוגבלת,,,'יח,3,ל-100 גרם,false,1,9.90,3.30,false,1,
7290111930898,false,חטיף פוף כוכבים גריל אמריקאי 40 גרם,ש. שסטוביץ בע`מ,,,'יח,0.40,ל-100 גרם,false,1,3.90,9.75,true,1,
7290111930904,false,חטיף פוף כוכבים בצל 40 גרם,ש. שסטוביץ בע`מ,,,'יח,0.40,ל-100 גרם,false,1,3.90,9.75,true,1,
7290111930911,false,חטיף פוף לבבות קלאסי 40 גרם,ש. שסטוביץ בע`מ,,,'יח,0.40,ל-100 גרם,false,1,3.90,9.75,true,1,
7290111930928,false,חטיף פוף לבבות גריל 40 גרם,ש. שסטוביץ בע`מ,,,'יח,0.40,ל-100 גרם,false,1,3.90,9.75,true,1,
7290111933462,false,"רוטב צ'ילי מתוק מאסטר שף 300 מ""ל",ש. שסטוביץ בע`מ,,,'יח,0.30,ל-100 גרם,false,1,9.90,33,false,1,
7290111933554,false,שלישייה עגבניות קוביות מאסטר שף 400 גרם,קונסוריזיו קאסאלסקו,,,'יח,1.20,ל-100 גרם,false,1,16.90,14.08,true,1,
7290111936296,false,"פלמוליב סבון נוזלי בניחוח סנסיישן מסאז' ,750 מ""ל",קולגייט פלמוליב,,,'יח,7.50,"ל-100 מ""ל",false,1,19.90,2.65,true,1,
7290112001122,false,פיניש 52 טבליות למדיח בקופסא AIO,תה ויסוצקי בע`מ,,,'יח,1,,false,1,34.90,34.90,true,1,
7290112002099,false,קולון גל כביסה מרוכז 2.5 ליטר קלאסי,רקיט בנקיזר (ניר איסט) בעמ,,,'יח,25,"ל-100 מ""ל",false,1,24.90,1,true,1,
7290112002129,false,ג'ל כביסה מרוכז קולון 101 בניחוח פריחה מרענן,רקיט בנקיזר (ניר איסט) בעמ,,,'יח,25,"ל-100 מ""ל",false,1,24.90,1,true,1,
7290112002136,false,ג'ל כביסה מרוכז קולון 101 קלאסי,רקיט בנקיזר (ניר איסט) בעמ,,,'יח,40,"ל-100 מ""ל",false,1,34.90,0.87,true,1,
7290112004413,false,"ספריי וניש קליה להסרת כתמים לבגדים לבנים 750 מ""ל",רקיט בנקיזר (ניר איסט) בעמ,,,'יח,7.50,"ל-100 מ""ל",false,1,16.90,2.25,true,1,
7290112005045,false,וניש מסיר כתמים אבקה לכביסה לבנה 480 גרם,רקיט בנקיזר (ניר איסט) בעמ,,,'יח,4.80,ל-100 גרם,false,1,16.90,3.52,false,1,
7290112005083,false,וניש תוסף כביסה רב תכליתי לכביסה צבעונית,רקיט בנקיזר (ניר איסט) בעמ,,,'יח,1,'יח,false,1,39.90,39.90,false,1,
7290112330352,false,"יוגורט PRO בטעם וניל 0% , 20 גרם חלבון בגביע",שטראוס גרופ בעמ/מצונן,,,'יח,2,"ל-100 מ""ל",false,12,5.90,2.95,false,1,
7290112330390,false,דנונה פרו פירות יער 20 גרם חלבון 0% שומן 200 גרם,שטראוס גרופ בעמ/מצונן,,,'יח,2,"ל-100 מ""ל",false,12,5.90,2.95,false,1,
7290112330420,false,דנונה פרו לבן 2.9% שומן בודד 150גר,שטראוס גרופ בעמ/מצונן,,,'יח,1.50,"ל-100 מ""ל",false,24,4.90,3.27,false,1,
7290112332585,false,פריכיות משולש תפוא אורז בתיבול סלק ומלח ים אנרג'י 30 גרם,"פרח תעשיו מזון בע""מ",,,'יח,0.30,ל-100 גרם,false,24,4.90,16.33,false,1,
7290112332691,false,פינוקיות עוגיות קרם פסק זמן אגוזים 200 גרם,"הגביע מוצרי וופלים בע""\מ",,,'יח,2,ל-100 גרם,false,1,9.90,4.95,false,1,
7290112332899,false,עלית - צנצנת בזוקה פופים קלאסי 58 גרם,שטראוס גרופ בע`מ,,,'יח,0.66,ל-100 גרם,false,12,9.90,15,true,1,
7290112334749,false,קפה טורקי בצלופן עלית 200 גרם+ 10% תוספת,שטראוס קפה בי.וי,,,'יח,2.40,ל-100 גרם,false,24,15.90,6.63,true,1,
7290112335487,false,הפריכיות הטעימות קצח ודגנים אנרג'י 135 גרם,אנרג'י Energy - שטראוס,,,'יח,1.35,ל-100 גרם,false,1,11.90,8.81,false,1,
7290112335494,false,הפריכיות הטעימות תפוחי אדמה בטעם פוטטוס,"פרח תעשיות מזון בע""\מ",,,'יח,1.35,ל-100 גרם,false,1,11.90,8.81,false,1,
7290112335500,false,"פרכיות אנרג'י חומוס,אורז,עדשים שחורות וקינואה 135 גרם","פרח תעשיות מזון בע""\מ",,,'יח,1.35,ל-100 גרם,false,1,11.90,8.81,false,1,
7290112336613,false,עד חצות עוגיות סנדוויץ במילוי שוקולד חלב,שטראוס גרופ בע`מ,,,'יח,2,ל-100 גרם,false,1,9.90,4.95,false,1,
7290112336637,false,סוכריות מאסט Must ללא סוכר יוגורט תות ואוכניות,שטראוס גרופ בע`מ,,,'יח,0.80,ל-100 גרם,false,12,7.90,9.88,false,1,
7290112336651,false,סוכריות מאסט ללא סוכר ריבת חלב 80 ג' עלית,שטראוס גרופ בע`מ,,,'יח,0.80,ל-100 גרם,false,12,7.90,9.88,false,1,
7290112336712,false,יוגורט PRO לבן 0% 21 גרם חלבון בגביע,שטראוס גרופ בעמ/מצונן,,,'יח,2,"ל-100 מ""ל",false,12,5.90,2.95,false,1,
7290112338877,false,מעדן גבינה בטעם תות 3% 125ג' סקי,שטראוס גרופ בעמ/מצונן,,,'יח,1.25,ל-100 גרם,false,24,3.90,3.12,true,1,
7290112339171,false,מעדן מוס שוקולד 81 גר`מילקי,שטראוס גרופ בעמ/מצונן,,,'יח,0.81,"ל-100 מ""ל",false,24,4,4.94,false,1,
7290112339867,false,גמדים לדרך גבינה לבנה עם מחית תות,שטראוס גרופ בעמ/מצונן,,,'יח,1,ל-100 גרם,false,7,5.90,5.90,false,1,
7290112339874,false,גמדים לדרך גבינה לבנה עם מחיות תות ובננה,שטראוס גרופ בעמ/מצונן,,,'יח,2,ל-100 גרם,false,7,5.90,2.95,false,1,
7290112340122,false,הפריכיות הטעימות 3 דגנים אנרג'י 135 גרם,"פרח תעשיות מזון בע""\מ",,,'יח,1.35,ל-100 גרם,false,1,11.90,8.81,false,1,
7290112340245,false,מסטיק מאסט צנצנת בטעם דובדבן 66 גר` מגדי,"שטראוס גרופ בע""\מ",,,'יח,0.58,ל-100 גרם,false,1,9.90,17.07,true,1,
7290112341679,false,אקטיביה יוגורט 3% דנונה (200 גרם),שטראוס גרופ בעמ/מצונן,,,'יח,2,"ל-100 מ""ל",false,24,4,2,true,1,
7290112341686,false,שמינייה יוגורט לבן אקטיביה 3% דנונה 150 גרם.,שטראוס גרופ בעמ/מצונן,,,'יח,1.50,ל-100 גרם,false,3,23.50,15.67,false,1,
7290112342102,false,סימפוניה גבינה במרקם שמנת בצל מקורמל 5%,שטראוס גרופ בעמ/מצונן,,,'יח,2,ל-100 גרם,false,12,10.90,5.45,true,1,
7290112343260,false,"יטבתה רוטב שמנת קלאסי 9% שומן 260 מ""ל",שטראוס גרופ בעמ/מצונן,,,'יח,2.50,"ל-100 מ""ל",false,18,11.90,4.76,true,1,
7290112343420,false,"משקה חלב עם דגנים מלאים ובננה פרו יטבתה 350מ""ל",שטראוס גרופ בעמ/מצונן,,,'יח,3.50,"ל-100 מ""ל",false,6,6.90,1.97,false,1,
7290112343499,false,חטיף צ'יטוס פאפס אפוי בטעם גבינה,"שטראוס פריטו ליי בע""\מ )",,,'יח,0.55,ל-100 גרם,false,1,3.90,7.09,false,1,
7290112343512,false,צ'יטוס puffs בטעם גבינה 180 גרם,"שטראוס פריטו ליי בע""\מ )",,,'יח,1.60,ל-100 גרם,false,1,7.90,4.94,false,1,
7290112344724,false,מילקי בטעם שוקולד בלונדי עם קצפת 133גר,שטראוס גרופ בעמ/מצונן,,,'יח,1.35,ל-100 גרם,false,1,4,2.96,false,1,
7290112344755,false,מילקי עם 26% פחות סוכר 135 גר}שטראוס{,שטראוס גרופ בעמ/מצונן,,,'יח,1.30,"ל-100 מ""ל",false,24,2.90,2.23,false,1,
7290112346360,false,בפלות אחת אחת ופל בטעם שוקולד מצופה שוקולד,הגביע מוצרי וופלים ב,,,'יח,1.25,ל-100 גרם,false,1,11.90,9.52,false,1,
7290112346629,false,דנונה בר יוגורט+קורנפלקס מצופה שוקולד חלב ולבן 172 גרם,שטראוס גרופ בעמ/מצונן,,,'יח,1.83,"ל-100 מ""ל",false,24,4.60,2.51,false,1,
7290112346827,false,שמיניית אקטימל ויטמין C פטל 108 גרם,שטראוס גרופ בעמ/מצונן,,,'יח,8,"ל-100 מ""ל",false,6,21.90,2.74,false,1,
7290112347008,false,גמדים לדרך גבינה לבנה עם מחית תות ושיבולת שועל,שטראוס גרופ בעמ/מצונן,,,'יח,5,ל-100 גרם,false,7,5.90,1.18,false,1,
7290112348999,false,הפריכיות הטעימות תירס דקות אנרג'י 135 גרם,שטראוס גרופ בע`מ,,,'יח,1.35,ל-100 גרם,false,1,11.90,8.81,false,1,
7290112349606,false,מעדן גבינה ויוגורט תות בננה 88 ג' דניאלה,שטראוס גרופ בעמ/מצונן,,,'יח,0.88,"ל-100 מ""ל",false,1,4.30,4.89,false,1,
7290112349750,false,פיצה רוטב עגבניות לפיצה יד מרדכי 350 גרם,אמיליאנה קונסרב סוסייטה,,,'יח,3.50,ל-100 גרם,false,1,10.90,3.11,true,1,
7290112350312,false,קפסולות 15 קפה יותר למכונות נספרסו עלית 10יח',הנסיך- מפעל לייצור ט,,,'יח,0.50,ל-100 גרם,false,12,16.90,33.80,true,1,
7290112351104,false,שוקולד פרה ממולא פיצפוצי אורז 100 ג' עלית,"שטראוס גרופ בע""\מ",,,'יח,1,,false,12,5.90,5.90,false,1,
7290112351128,false,שוקולד פרה סוכריות קופצות וועסטהייים,"שטראוס גרופ בע""\מ",,,'יח,1,,false,12,5.90,5.90,false,1,
7290112353412,false,"פריכיות תפו""א, אורז, תירס, אפונה ירוקה, סלק, מלח ים","פרח תעשיו מזון בע""מ",,,'יח,0.30,ל-100 גרם,false,24,4.90,16.33,false,1,
7290112354235,false,ברקטה פיצה - 2 יחידות במארז,קפוא-זן תעשיות מזון בעמ - תפוג,,,'יח,3,ל-100 גרם,false,1,25.90,8.63,false,1,
7290112355027,false,דנונה פרו 20 גרם חלבון בטעם קרמל מלוח 200 גרם,שטראוס גרופ בעמ/מצונן,,,'יח,2,"ל-100 מ""ל",false,12,5.90,2.95,false,1,
7290112355102,false,גמדים סקוויז 100 גרם פאוץ סלט פירות 100 גרם,שטראוס גרופ בעמ/מצונן,,,'יח,2,ל-100 גרם,false,7,5.90,2.95,false,1,
7290112355812,false,מילקי טופ קורנפלקס 141 ג' שטראוס,שטראוס גרופ בעמ/מצונן,,,'יח,1.08,"ל-100 מ""ל",false,1,4.90,4.54,false,1,
7290112357113,false,גרגרי חומוס בקופסה 380 גר' טעם הטבע,שטראוס גרופ בע`מ,,,'יח,3.80,ל-100 גרם,false,1,6.90,1.82,true,1,
7290112357892,false,שלישיית סוכריות מאסט FRESH מנטה 45 גרם,"הליקון גידה בע""\מ",,,'יח,0.45,ל-100 גרם,false,1,7.90,17.56,false,1,
7290112358004,false,פסק זמן חטיף קראנץ עלית( 32 גר`),שולן צ'\יקולטה גידה סאן.,,,'יח,0.32,ל-100 גרם,false,24,5.30,16.56,false,1,
7290112358219,false,רוטב צ`ילי מתוק יד מרדכי (300 גר`),אף.סי תבליני בגליל ב,,,'יח,3,"ל-100 מ""ל",false,1,12.90,4.30,false,1,
7290112358431,false,עד חצות דאבל ביסקוויט עם שוקולד חלב -8 אריזות אישיות,ביסקוויטס טור ד'\אלבון,,,'יח,2,ל-100 גרם,false,1,11.90,5.95,false,1,
7290112358554,false,מארז קפה נמס מנות אישיות לדרך 50.4 גר,שטראוס גרופ בע`מ,,,'יח,0.50,ל-100 גרם,false,1,9.90,19.80,false,1,
7290112490032,false,"נמס בכוס טעם תירס קנור 31 גרם מארז זוגי בד""צ",יוניליוור ישראל שיווק בע`מ,,,'יח,0.64,ל-100 גרם,false,1,6.40,10,true,1,
7290112490216,false,מרק נמס בכוס בטעם עוף קנור 100% רכיבים טבעיים,יוניליוור ישראל שיווק בע`מ,,,'יח,0.64,ל-100 גרם,false,1,6.40,10,true,1,
7290112490230,false,מרק נמס בכוס אפונה קנור 100% רכיבים טבעיים,יוניליוור ישראל שיווק בע`מ,,,'יח,0.64,ל-100 גרם,false,1,6.40,10,true,1,
7290112490582,false,חרדל דיג'וןן צרפתי הלמנס 350 גר,יוניליוור ישראל שיווק בע`מ,,,'יח,0.54,ל-100 גרם,false,1,14.90,27.59,false,1,
7290112490650,false,קונפיטורה תות שדה 340 גרם-צנצנת,יוניליוור ישראל שיווק בע`מ,,,'יח,3.40,ל-100 גרם,false,1,13.90,4.09,false,1,
7290112490759,false,מרק עשיר עוף עם אטריות רכיבים טבעיים 74 ג' קנור,יוניליוור ישראל שיווק בע`מ,,,'יח,10,ל-100 גרם,false,1,12.90,1.29,true,1,
7290112491695,false,קונפיטורה משמש לייט 50%778פרי 260 גר',יוניליוור ישראל שיווק בע`מ,,,'יח,1,,false,1,13.90,13.90,false,1,
7290112492456,false,"שמפו פינוק לשיער יבש/פגום 700 מ""ל",יוניליוור ישראל שיווק בע`מ,,,'יח,7,"ל-100 מ""ל",false,1,11.90,1.70,false,1,
7290112492463,false,"שמפו ומרכך 2 ב-1 לשיער רגיל פינוק 700 מ""ל.",יוניליוור ישראל שיווק בע`מ,,,'יח,7,"ל-100 מ""ל",false,1,11.90,1.70,false,1,
7290112492500,false,פינוק שמפו לשיער עם שמן קוקוס 700 מל,יוניליוור ישראל שיווק בע`מ,,,'יח,7,"ל-100 מ""ל",false,1,11.90,1.70,false,1,
7290112492531,false,"פינוק קונדישנר לשיער רגיל 700מ""ל",יוניליוור ישראל שיווק בע`מ,,,'יח,7,"ל-100 מ""ל",false,1,11.90,1.70,false,1,
7290112492548,false,"מרכך פינוק עם שמן חוחובה 700 מ""ל",יוניליוור ישראל שיווק בע`מ,,,'יח,7,"ל-100 מ""ל",false,1,11.90,1.70,false,1,
7290112492593,false,תחליב רחצה פינוק בניחוח פינוק קלאסי 700,יוניליוור ישראל שיווק בע`מ,,,'יח,7,"ל-100 מ""ל",false,1,10.90,1.56,false,1,
7290112492609,false,"תחליב רחצה פינוק 700 מ""ל לבנדר ווניל",יוניליוור ישראל שיווק בע`מ,,,'יח,7,"ל-100 מ""ל",false,1,10.90,1.56,false,1,
7290112492630,false,"שמפו ג'ל רחצה וסבון פנים 3 ב-1 לגבר פינוק 700 מ""ל",יוניליוור ישראל שיווק בע`מ,,,'יח,7,"ל-100 מ""ל",false,1,11.90,1.70,false,1,
7290112492722,false,"2ב-1 שמפו ומרכך פינוק אל דמע לסירוק קל לילדים 700 מ""ל",יוניליוור ישראל שיווק בע`מ,,,'יח,7,"ל-100 מ""ל",false,1,13.90,1.99,false,1,
7290112492746,false,"פינוק מרכך ללא דמעות לסירוק קל לילדים 700 מ""ל",יוניליוור ישראל שיווק בע`מ,,,'יח,7,"ל-100 מ""ל",false,1,13.90,1.99,false,1,
7290112492982,false,"אבקת מרק פטריות כשל""פ 100% רכיבים טבעיים 400 גרם",יוניליוור ישראל שיווק בע`מ,,,'יח,4,ל-100 גרם,false,1,24.90,6.23,false,1,
7290112493095,false,נמס בכוס מרק עגבניות חריף רכיבים טבעיים קנור 48 ג',יוניליוור ישראל שיווק בע`מ,,,'יח,0.64,ל-100 גרם,false,1,6.40,10,true,1,
7290112493316,false,מרק היום אפונה 100% רכיבים טביעיים קנור,יוניליוור ישראל שיווק בע`מ,,,'יח,10,ל-100 גרם,false,1,12.90,1.29,true,1,
7290112494221,false,חטיף ביסקויט שוקולד חלב קליק (65 גרם),יוניליוור ישראל שיווק בע`מ,,,'יח,0.65,ל-100 גרם,false,1,5.90,9.08,true,1,
7290112494238,false,חטיף כדורים שוקולד חלב קליק (65 גרם),יוניליוור ישראל שיווק בע`מ,,,'יח,0.65,ל-100 גרם,false,1,5.90,9.08,true,1,
7290112494276,false,קליק כריות בתפזורת כשר לפסח,יוניליוור ישראל שיווק בע`מ,,,'יח,0.65,ל-100 גרם,false,1,5.90,9.08,true,1,
7290112494283,false,חטיף כדורים מעורב חום לבו 65 גר`קליק,יוניליוור ישראל שיווק בע`מ,,,'יח,0.65,ל-100 גרם,false,1,5.90,9.08,true,1,
7290112494313,false,קליק - קורנפלקס תפזורת 65 גרם,יוניליוור ישראל שיווק בע`מ,,,'יח,0.65,ל-100 גרם,false,1,5.90,9.08,true,1,
7290112494580,false,דומסטוס ג'ל לניקוי וחיטוי אסלות עם אקונומיקה בניחוח פרחים,יוניליוור ישראל שיווק בע`מ,,,'יח,7.50,"ל-100 מ""ל",false,1,11.90,1.59,false,1,
7290112494832,false,תרחיץ פנים לכל סוגי העור מכיל 25% קרם לחות,יוניליוור ישראל שיווק בע`מ,,,'יח,1.80,"ל-100 מ""ל",false,1,17.90,9.94,false,1,
7290112495006,false,כריות דגנים במילוי נוגט בדצ 686 גרם,יוניליוור ישראל שיווק בע`מ,,,'יח,6.86,ל-100 גרם,false,1,24.90,3.63,false,1,
7290112495105,false,נשנושים טעם שמנת בצל בייגל בייגל 260 גרם,יוניליוור ישראל שיווק בע`מ,,,'יח,2.60,ל-100 גרם,false,1,12.90,4.96,true,1,
7290112495112,false,נשנושים טעם זעתר בייגל בייגל 260 גרם,יוניליוור ישראל שיווק בע`מ,,,'יח,2.60,ל-100 גרם,false,1,12.90,4.96,true,1,
7290112495228,false,קורנפלקס נגיעות דבש תלמה 448 גרם,יוניליוור ישראל שיווק בע`מ,,,'יח,4.48,ל-100 גרם,false,1,17.90,4,true,1,
7290112495280,false,ברנפלקס ריבועי קינמון תלמה (400 גרם),יוניליוור ישראל שיווק בע`מ,,,'יח,4,ל-100 גרם,false,1,23.50,5.88,false,1,
7290112495433,false,דגני דליפקאן תוספת אגוזי פקאן ושקדים 400 גר,יוניליוור ישראל שיווק בע`מ,,,'יח,4,ל-100 גרם,false,1,21.90,5.48,false,1,
7290112495761,false,רוטב לסלט אלף האיים לייט הלמנס (305 מל),יוניליוור ישראל שיווק בע`מ,,,'יח,3.05,ל-100 גרם,false,1,11.90,3.90,false,1,
7290112495785,false,רוטב לסלט שום (300 גרם)הלמנס,יוניליוור ישראל שיווק בע`מ,,,'יח,3,ל-100 גרם,false,1,10.90,3.63,false,1,
7290112495792,false,רוטב הלמנס שום לייט לסלט 305גר כשלפ,יוניליוור ישראל שיווק בע`מ,,,'יח,3,ל-100 גרם,false,1,11.90,3.97,false,1,
7290112495822,false,כריות BLACK בטעם שוקולד וניל תלמה 686 גרם,יוניליוור ישראל שיווק בע`מ,,,'יח,6.86,ל-100 גרם,false,1,24.90,3.63,false,1,
7290112496034,false,"סירופ מייפל לחיץ 580 מ""ל כשל""פ אפיכל",יוניליוור ישראל שיווק בע`מ,,,'יח,6,"ל-100 מ""ל",false,1,15.90,2.65,false,1,
7290112497031,false,קנור רוטב עגבניות לקציצות 415 גרם,יוניליוור ישראל שיווק בע`מ,,,'יח,4.15,ל-100 גרם,false,1,11.90,2.87,false,1,
7290112497994,false,"גרנולה תלמה פרוטאין בתוספת חלבון ואגוזים, 300 גרם",יוניליוור ישראל שיווק בע`מ,,,'יח,3,ל-100 גרם,false,1,15.90,5.30,false,1,
7290112498007,false,גרנולה פרוטאין בתוספת חלבון שקדים וחמוציות תלמה 300 ג',יוניליוור ישראל שיווק בע`מ,,,'יח,3,ל-100 גרם,false,1,15.90,5.30,false,1,
7290112498267,false,פינוק אל סבון לידיים בניחוח פינוק קלאסי,יוניליוור ישראל שיווק בע`מ,,,'יח,1,'יח,false,1,11.90,11.90,false,1,
7290112499226,false,גלידונית פיסטוק ובננהבקלקר 60 יח 700 גרם,"גלידת שטראוס בע""\מ, רחוב",,,'יח,7,ל-100 גרם,false,1,39.90,5.70,false,1,
7290112499462,false,פינוק תחליב רחצה 700 בתוספת שמן קוקוס,יוניליוור ישראל שיווק בע`מ,,,'יח,7,"ל-100 מ""ל",false,1,10.90,1.56,false,1,
7290112499844,false,מאגדת מיני מגנום דואט שוקולד עם נוגט שטראוס 310 גרם,"מיוצר ע""\י גלידת שטראוס",,,'יח,1,ל-100 גרם,false,1,26.90,26.90,false,1,
7290112961266,false,בייגלה כפיות פיזור איטלקי אסם 300 גרם,קבוצת אוסם סחר שותפות מוגבלת,,,'יח,3,ל-100 גרם,false,1,10.90,3.63,true,1,
7290112961372,false,פיטנס חטיפי פריכיות דקות קינמון 60 גרם,קבוצת אוסם סחר שותפות מוגבלת,,,'יח,0.60,ל-100 גרם,false,1,7.90,13.17,false,1,
7290112961440,false,פיטנס חטיפי פריכיות שוקולד מריר 84 גרם,קבוצת אוסם סחר שותפות מוגבלת,,,'יח,0.84,ל-100 גרם,false,1,13.80,16.43,false,1,
7290112961464,false,פיטנס חטיפי פריכיות דגנים וחומוס מתובלות,קבוצת אוסם סחר שותפות מוגבלת,,,'יח,0.60,ל-100 גרם,false,1,7.90,13.17,false,1,
7290112961754,false,עוגיות שוקולד ציפס עם קרם בטעם אגוזים 220 גר',קבוצת אוסם סחר שותפות מוגבלת,,,'יח,2.20,ל-100 גרם,false,1,10.90,4.95,true,1,
7290112962287,false,טבעול שווארמה טבעונית 6*450 גרם,קבוצת אוסם סחר שותפות מוגבלת,,,'יח,4.50,ל-100 גרם,false,1,27.90,6.20,false,1,
7290112963321,false,גריסיני בייגלה שטוח ללא גלוטן אסם 300גרם,קבוצת אוסם סחר שותפות מוגבלת,,,'יח,3,ל-100 גרם,false,1,14.90,4.97,false,1,
7290112963918,false,פיטנס חטיפי קרקר דק רוזמרין 140 גרם,קבוצת אוסם סחר שותפות מוגבלת,,,'יח,1.40,ל-100 גרם,false,1,11.90,8.50,true,1,
7290112965264,false,אבקת מרק נמס אפונה אסם בדצ 52 גרם מארז זוגי,קבוצת אוסם סחר שותפות מוגבלת,,,'יח,1.20,ל-100 גרם,false,1,5.90,4.92,true,1,
7290112965585,false,פרפקטו פסטה קסרצה אסם 500 גרם,קבוצת אוסם סחר שותפות מוגבלת,,,'יח,5,ל-100 גרם,false,1,6.90,1.38,true,1,
7290112965660,false,פיטנס - חטיף מולטיגריין מלח פלפל 25 גרם,קבוצת אוסם סחר שותפות מוגבלת,,,'יח,0.25,ל-100 גרם,false,1,4.90,19.60,false,1,
7290112965707,false,פיטנס - חטיף מולטיגריין צילי מעודן 25 גרם,קבוצת אוסם סחר שותפות מוגבלת,,,'יח,0.25,ל-100 גרם,false,1,4.90,19.60,false,1,
7290112965868,false,קרם קרקר במתיקות מעודנת אסם 250 גרם,קבוצת אוסם סחר שותפות מוגבלת,,,'יח,2.50,ל-100 גרם,false,1,9.90,3.96,true,1,
7290112965905,false,בייגלה שמיניות במליחות מעודנת אסם 400 גרם,קבוצת אוסם סחר שותפות מוגבלת,,,'יח,4,ל-100 גרם,false,1,10.90,2.73,true,1,
7290112966247,false,לחמית כוסמין אסם 200 גרם,קבוצת אוסם סחר שותפות מוגבלת,,,'יח,2,ל-100 גרם,false,1,9.90,4.95,true,1,
7290112966445,false,במבה מתוקה אריזה גדולה 100 גר`אסם,קבוצת אוסם סחר שותפות מוגבלת,,,'יח,1,ל-100 גרם,false,1,7.90,7.90,true,1,
7290112966704,false,צבר טחינה עשבי תיבול ונענע 350 גר`,קבוצת אסם סחר,,,'יח,3.50,ל-100 גרם,false,1,17.90,5.11,false,1,
7290112966803,false,אינסטנט פודינג בטעם שוקולד אסם (88 גרם),קבוצת אוסם סחר שותפות מוגבלת,,,'יח,0.95,ל-100 גרם,false,1,5.90,6.21,true,1,
7290112967114,false,פיטנס חטיפי פריכיות קטניות ופלפל 60 גרם,קבוצת אוסם סחר שותפות מוגבלת,,,'יח,0.60,ל-100 גרם,false,1,7.90,13.17,false,1,
7290112967572,false,"אסם רוטב ברביקיו 290 מ""ל אסם",קבוצת אוסם סחר שותפות מוגבלת,,,'יח,2.90,ל-100 גרם,false,1,12.90,4.45,true,1,
7290112967749,false,פרפקטו פסטה נוציאולה 500 גר`אסם,קבוצת אוסם סחר-שות.מוגבלת,,,'יח,5,ל-100 גרם,false,1,6.90,1.38,false,1,
7290112968807,false,80018416694פיטנס חטיפי קרקר דק סלק 150גר,קבוצת אוסם סחר שותפות מוגבלת,,,'יח,1.40,ל-100 גרם,false,1,11.90,8.50,true,1,
7290112968821,false,חטיפי קרקר דק בטטה 140 גר` פיטנס,קבוצת אוסם סחר שותפות מוגבלת,,,'יח,1.40,ל-100 גרם,false,1,11.90,8.50,true,1,
7290112969903,false,נאגטס ירקות לבנים ( 500 גר`) טבעול,קבוצת אוסם סחר-שות.מוגבלת,,,'יח,5,ל-100 גרם,false,1,27.90,5.58,true,1,
7290113192331,false,זיתים ירוקים מנזנילו 340 גר' בית השיטה,קבוצת אוסם סחר שותפות מוגבלת,,,'יח,5.60,ל-100 גרם,false,1,10.90,1.95,false,1,
7290113192348,false,בית השיטה זיתים ירוקים גדול מאודבטעם שום,קבוצת אוסם סחר-שות.מוגבלת,,,'יח,5.60,ל-100 גרם,false,1,9.90,1.77,false,1,
7290113192355,false,חרוזית זיתים ירוקים ללא גלעין 275 ג' בית השיטה,קבוצת אוסם סחר שותפות מוגבלת,,,'יח,5.50,ל-100 גרם,false,1,10.90,1.98,false,1,
7290113192362,false,זיתים ירוקים טבעות A2 בית השיטה 280 גרם,קבוצת אוסם סחר שותפות מוגבלת,,,'יח,5.60,ל-100 גרם,false,1,11.90,2.13,false,1,
7290113192386,false,בית השיטה זיתים ירוקים סורי מבוקע 340גרם,קבוצת אוסם סחר שותפות מוגבלת,,,'יח,5.60,ל-100 גרם,false,1,11.90,2.13,false,1,
7290113192393,false,בית השיטה קוקטייל זיתים א2 336 גרם,קבוצת אוסם סחר שותפות מוגבלת,,,'יח,5.40,ל-100 גרם,false,1,12.90,2.39,false,1,
7290113192478,false,בית השיטה מלפפונים במלח בינוני 10-12 320 גרם,קבוצת אוסם סחר שותפות מוגבלת,,,'יח,5.60,ל-100 גרם,false,1,8.90,1.59,false,1,
7290113192485,false,בית השיטה מלפפונים בחומץ בינוני 10-12 290 גרם,קבוצת אוסם סחר שותפות מוגבלת,,,'יח,5.60,ל-100 גרם,false,1,8.90,1.59,false,1,
7290113192492,false,בית השיטה מלפפונים בחומץ קטנים 1317 290 גרם,קבוצת אוסם סחר שותפות מוגבלת,,,'יח,5.60,ל-100 גרם,false,1,11.90,2.13,false,1,
7290113192508,false,בית השיטה מלפפונים במלח קטן 1317 320 גרם,קבוצת אוסם סחר שותפות מוגבלת,,,'יח,3.20,ל-100 גרם,false,1,11.90,3.72,false,1,
7290113192515,false,בית השיטה מלפפונים במלח קטן מאוד 1825 320 גרם,קבוצת אוסם סחר שותפות מוגבלת,,,'יח,5.60,ל-100 גרם,false,1,12.90,2.30,false,1,
7290113192522,false,בית השיטה מלפפונים בחומץ קטן מאוד 1825 290 גרם,קבוצת אוסם סחר שותפות מוגבלת,,,'יח,5.60,ל-100 גרם,false,1,12.90,2.30,false,1,
7290113192539,false,בית השיטה מלפפונים במלח גדול 79 320 גרם,קבוצת אוסם סחר שותפות מוגבלת,,,'יח,5.60,ל-100 גרם,false,1,6.90,1.23,true,1,
7290113192546,false,"מלפפונים בחומץ רכיבים טבעיים 7-9 ""בית השיטה""",קבוצת אוסם סחר שותפות מוגבלת,,,'יח,5.60,ל-100 גרם,false,1,6.90,1.23,true,1,
7290113192553,false,מלפפונים במלח 13-17 פיקנטי בית השיטה 320 גרם,קבוצת אוסם סחר-שות.מוגבלת,,,'יח,5.60,ל-100 גרם,false,1,10.90,1.95,false,1,
7290113192560,false,פלפל חריף כבוש שיפקה בית השיטה (430 גר`),קבוצת אוסם סחר שותפות מוגבלת,,,'יח,5.60,ל-100 גרם,false,1,7.90,1.41,false,1,
7290113192577,false,בית השיטה כרוב כבוש א2 12*430גרם חדש,קבוצת אוסם סחר שותפות מוגבלת,,,'יח,5.60,ל-100 גרם,false,1,8.90,1.59,false,1,
7290113192997,false,בית השיטה חזית מרוקאי 340 גר`,קבוצת אוסם סחר שותפות מוגבלת,,,'יח,3.40,ל-100 גרם,false,1,14.90,4.38,false,1,
7290113193321,false,שמן זית כתית מעולה בית השיטה 750 מייל,קבוצת אוסם סחר שותפות מוגבלת,,,'יח,7.50,"ל-100 מ""ל",false,1,29.90,3.99,false,1,
7290113194090,false,בית השיטה טבעות זיתים קלמטה 280 גרם,קבוצת אוסם סחר שותפות מוגבלת,,,'יח,2.80,ל-100 גרם,false,1,14.90,5.32,false,1,
7290113197800,false,פלפל קלוי קלוי 400 גרם בית השיטה,קבוצת אוסם סחר שותפות מוגבלת,,,'יח,4,ל-100 גרם,false,1,12.90,3.23,false,1,
7290113197824,false,לבבות דקל בית השיטה 220 גרם,קבוצת אוסם סחר-שות.מוגבלת,,,'יח,2.20,ל-100 גרם,false,1,9.90,4.50,false,1,
7290113197855,false,תירס גמדי בית השיטה 230 גרם,קבוצת אוסם סחר-שות.מוגבלת,,,'יח,2.30,ל-100 גרם,false,1,9.90,4.30,false,1,
7290113302365,false,חטיפי בונזו ברווז בצורת סושי 80 גר,שחורי אריה ואנסטסיה,,,'יח,0.80,ל-100 גרם,false,1,12.90,16.13,false,1,
7290113305823,false,סופרים כבש לכלב 400 גרם,שחורי אריה ואנסטסיה,,,'יח,4,ל-100 גרם,false,1,4,1,false,1,
7290113305854,false,סופרים בקר לחתול 400 גרם,שחורי אריה ואנסטסיה,,,'יח,4,ל-100 גרם,false,1,4,1,false,1,
7290114310673,false,לאבנה מחלב בקר 9% שומן 250 גרם,החברה המרכזית טלהפצת משקאות בע,,,'יח,2.50,ל-100 גרם,false,1,12.90,5.16,false,1,
7290114311359,false,יוגורט עם קציפת מנגו 3% שומן פרופ 150 ג' מולר,החברה המרכזית טלהפצת משקאות בע,,,'יח,1.50,"ל-100 מ""ל",false,1,5.20,3.47,false,1,
7290114311434,false,מולר אקטיב יוגורט חלבון קרמל מלוח 200 גרם,החברה המרכזית טלהפצת משקאות בע,,,'יח,2,ל-100 גרם,false,1,5.90,2.95,true,1,
7290114311441,false,מולר אקטיב יוגורט חלבון עוגיות חמאה 200 גרם,החברה המרכזית טלהפצת משקאות בע,,,'יח,2,ל-100 גרם,false,1,5.90,2.95,true,1,
7290114311458,false,חלב קרטון 3% מועשר ויטמין די 1 ליטר,החברה המרכזית טלהפצת משקאות בע,,,'יח,10,ל-100 גרם,false,1,7.90,0.79,false,1,
7290114600941,false,מאסטר שף מיונז הולנדי לחיץ 435 גרם,ש. שסטוביץ בע`מ,,,'יח,4.35,ל-100 גרם,false,1,13.90,3.20,false,1,
7290114600996,false,מאסטר שף רוטב שום 256 גרם,ש. שסטוביץ בע`מ,,,'יח,2.50,ל-100 גרם,false,1,9.90,3.96,false,1,
7290114603591,false,PLAY חטיף פוף בטעם קטשופ 40 גרם,ש. שסטוביץ בע`מ,,,'יח,0.40,ל-100 גרם,false,1,3.90,9.75,true,1,
7290114604871,false,קוסקוס סולת בינוני מאסטר שף 350 גרם,ש. שסטוביץ בע`מ,,,'יח,3.50,ל-100 גרם,false,1,5.90,1.69,false,1,
7290114604895,false,מאסטר שף מיונז ספייסי לחיץ 446 גרם,ש. שסטוביץ בע`מ,,,'יח,4.35,ל-100 גרם,false,1,13.90,3.20,false,1,
7290114604901,false,ממרח שום לחיץ מאסטר שף 444 גרם,ש. שסטוביץ בע`מ,,,'יח,4.35,ל-100 גרם,false,1,13.90,3.20,false,1,
7290114604963,false,פירורי לחם מתובלים מאסטר שף 230 גרם,ש. שסטוביץ בע`מ,,,'יח,2.30,ל-100 גרם,false,1,6.90,3,false,1,
7290114606530,false,רוטב בטעם מיונז וקטשופ מאסטר שף 515 גרם,ש. שסטוביץ בע`מ,,,'יח,4.35,ל-100 גרם,false,1,13.90,3.20,false,1,
7290115200003,false,פתי בר פינוקי וניל אסם 220 גרם,קבוצת אוסם סחר שותפות מוגבלת,,,'יח,2.20,ל-100 גרם,false,1,10.90,4.95,true,1,
7290115200881,false,בייגלה שטוחים שומשום מליחות מעודנת אסם 300 גרם,קבוצת אוסם סחר שותפות מוגבלת,,,'יח,3,ל-100 גרם,false,1,10.90,3.63,true,1,
7290115201680,false,ביסלי חטיף בטעם ברביקין אסם (70 גרם),קבוצת אוסם סחר שותפות מוגבלת,,,'יח,0.70,ל-100 גרם,false,1,3.90,5.57,true,1,
7290115201703,false,ביסלי חטיף בטעם ברביקין אסם (200 גרם),קבוצת אוסם סחר שותפות מוגבלת,,,'יח,2,ל-100 גרם,false,1,7.90,3.95,true,1,
7290115201727,false,ביסלי חטיף בטעם בצל אסם (200 גרם),קבוצת אוסם סחר-שות.מוגבלת,,,'יח,2,ל-100 גרם,false,1,7.90,3.95,true,1,
7290115202250,false,טופו קראנצי`ם צ`ילי פיקנטי 470 גרם טבעול,קבוצת אוסם סחר שותפות מוגבלת,,,'יח,4.70,ל-100 גרם,false,1,31.90,6.79,true,1,
7290115202762,false,מיני ניוקי טריקולור 500 גרם פרפקטו אסם,קבוצת אוסם סחר-שות.מוגבלת,,,'יח,5,ל-100 גרם,false,1,11.90,2.38,false,1,
7290115202786,false,מנה חמה פאוצ' נדלס.אטר.טעם בקר 70 גרם,קבוצת אוסם סחר שותפות מוגבלת,,,'יח,7,ל-100 גרם,false,1,4.90,0.70,false,1,
7290115202816,false,מנה חמה פאוץ נודלס אטריות טעם עוף 70 גרם,קבוצת אוסם סחר שותפות מוגבלת,,,'יח,7,ל-100 גרם,false,1,4.90,0.70,false,1,
7290115202847,false,מנה חמה פאוצ' נדלס ספייסי אסם 70 ג',קבוצת אוסם סחר שותפות מוגבלת,,,'יח,7,ל-100 גרם,false,1,4.90,0.70,false,1,
7290115203134,false,חטיף פופקו פופקורן במבה אסם (80 גרם),קבוצת אוסם סחר שותפות מוגבלת,,,'יח,0.80,ל-100 גרם,false,1,3.90,4.88,true,1,
7290115203172,false,במבה PRO מכיל 18 גרם חלבון בשקית,קבוצת אוסם סחר שותפות מוגבלת,,,'יח,0.80,ל-100 גרם,false,1,4.50,5.63,true,1,
7290115203486,false,פירורית טעם ביסלי גריל אסם (200 גרם),קבוצת אוסם סחר שותפות מוגבלת,,,'יח,2,ל-100 גרם,false,1,5.90,2.95,false,1,
7290115204056,false,"קטשופ מופחת סוכר אסם 690 גרם כשל""פ",קבוצת אוסם סחר שותפות מוגבלת,,,'יח,7.50,ל-100 גרם,false,1,11.90,1.59,true,1,
7290115205251,false,פריכיות קרמל מלוח פיטנס בר 84 גרם,קבוצת אוסם סחר שותפות מוגבלת,,,'יח,0.84,ל-100 גרם,false,1,13.80,16.43,false,1,
7290115205312,false,קרקר פיטנס דק עם זיתי קלמטה ועשבי תיבול,קבוצת אוסם סחר שותפות מוגבלת,,,'יח,1.40,ל-100 גרם,false,1,11.90,8.50,true,1,
7290115206173,false,אסם פתי בר קרמל 500 גרם חדש,קבוצת אוסם סחר שותפות מוגבלת,,,'יח,5,ל-100 גרם,false,1,11.90,2.38,true,1,
7290115207682,false,אסם רוטב בסגנון סויה סיני 9*290מל חדש,קבוצת אוסם סחר שותפות מוגבלת,,,'יח,2.90,"ל-100 מ""ל",false,1,10.90,3.76,true,1,
7290115207941,false,סירופ אננס ויטמינצ'יק 1 ליטר,קבוצת אוסם סחר שותפות מוגבלת,,,'יח,10,"ל-100 מ""ל",false,1,20.90,2.09,true,1,
7290115207965,false,סירופ מנגו אפרסק ויטמינצ'יק 1 ליטר,קבוצת אוסם סחר שותפות מוגבלת,,,'יח,10,"ל-100 מ""ל",false,1,20.90,2.09,true,1,
7290115208009,false,סירופ ענבים ויטמינצ'יק 1 ליטר,קבוצת אוסם סחר שותפות מוגבלת,,,'יח,10,"ל-100 מ""ל",false,1,20.90,2.09,true,1,
7290115208047,false,סירופ פטל ויטמינצ`יק (1 ליטר),קבוצת אוסם סחר שותפות מוגבלת,,,'יח,10,"ל-100 מ""ל",false,1,20.90,2.09,true,1,
7290115208061,false,סירופ תפוח ויטמינצ'יק 1 ליטר,קבוצת אוסם סחר שותפות מוגבלת,,,'יח,10,"ל-100 מ""ל",false,1,20.90,2.09,true,1,
7290115209174,false,במבה אורירית קלאסי 60 גר',קבוצת אוסם סחר-שות.מוגבלת,,,'יח,6,ל-100 גרם,false,1,3.90,0.65,true,1,
7290115209198,false,במבה אוורירית אסם 80 גרם,קבוצת אוסם סחר שותפות מוגבלת,,,'יח,0.80,ל-100 גרם,false,1,3.90,4.88,true,1,
7290115209235,false,ביסקוויט פתי בר קפה אסם (500 גרם),קבוצת אוסם סחר שותפות מוגבלת,,,'יח,5,ל-100 גרם,false,1,11.90,2.38,true,1,
7290115209358,false,במבה במילוי בראוניז אסם (60 גרם),קבוצת אוסם סחר שותפות מוגבלת,,,'יח,0.60,ל-100 גרם,false,1,3.90,6.50,true,1,
7290115209372,false,במבה במילוי בראוניז 150 גרם אוסם,קבוצת אוסם סחר שותפות מוגבלת,,,'יח,1.50,ל-100 גרם,false,1,9.90,6.60,true,1,
7290115671346,false,מיני פינוקיות טופי קרמל מלוח עלית 180 גרם,"הגביע מוצרי ופלים בע""\מ",,,'יח,2,ל-100 גרם,false,1,9.90,4.95,false,1,
7290115675559,false,מארז קפה טורקי לדרך 10 יחידות,שטראוס קפה בי.וי.,,,'יח,1.40,ל-100 גרם,false,1,7.90,5.64,false,1,
7290115675696,false,דגני בוקר קראנצ'ים שיבולת שועל עם אגוזים ושקדים,שטראוס פריטו ליי בע`מ,,,'יח,3.75,ל-100 גרם,false,1,22.40,5.97,true,1,
7290115675986,false,דנונה יוגורט בר עם אגוזים מקורמלים 173 גרם,שטראוס גרופ בעמ/מצונן,,,'יח,1.80,"ל-100 מ""ל",false,24,4.60,2.56,false,1,
7290115676082,false,משקה דנונה פרו 20 יוגורט תות 255 ג' רבנות,שטראוס גרופ בעמ/מצונן,,,'יח,2.25,ל-100 גרם,false,1,6.90,3.07,false,1,
7290115676273,false,אבקת קקאו עלית 500 גרם+ 10% תוספת,שטראוס קפה בי.וי.,,,'יח,5,ל-100 גרם,false,10,24.90,4.98,false,1,
7290115677362,false,"נודלס טריאקי ""דלישס"" שטראוס",קפוא-זן תעשיות מזון בעמ - תפוג,,,'יח,3.50,ל-100 גרם,false,1,26.90,7.69,false,1,
7290115677409,false,אורז קארי צהוב עם ירקות ברוטב קארי וקרם קוקוס,קפוא זן תעשיות מזון בעמ,,,'יח,3.50,ל-100 גרם,false,1,26.90,7.69,false,1,
7290115677966,false,ממרח אבוקדו טעם הטבע 200 גרם,שטראוס גרופ בעמ/מצונן,,,'יח,2,ל-100 גרם,false,1,14.90,7.45,false,1,
7290115678376,false,מעדן הגולן שוקולד 125 גרם,שטראוס גרופ בעמ/מצונן,,,'יח,1.25,ל-100 גרם,false,1,2.90,2.32,true,1,
7290115678383,false,מעדן הגולן שוקולד מריר בודד 125גר,שטראוס גרופ בעמ/מצונן,,,'יח,1.25,ל-100 גרם,false,1,2.90,2.32,true,1,
7290116053868,false,רשת צלייה XL,ד.ג.ש ייבוא ושיווק בעמ,,,'יח,1,,false,1,19.90,19.90,false,1,
7290116530161,false,"תחליב רחצה בניחוח שייק אננס, מלון וחלב שיבולת שועל",יוניליוור ישראל שיווק בע`מ,,,'יח,7,"ל-100 מ""ל",false,1,10.90,1.56,false,1,
7290116530185,false,"קורנפלקס דלישקד קרמל מלוח 400 גרם בד""ץ",יוניליוור ישראל שיווק בע`מ,,,'יח,4,ל-100 גרם,false,1,21.90,5.48,false,1,
7290116530482,false,תלמה מארז קורנפלקס אלופים 30 גרם*5 יחידו,יוניליוור ישראל שיווק בע`מ,,,'יח,1.50,ל-100 גרם,false,1,11.90,7.93,false,1,
7290116531090,false,בייגל בייגל דג דג במליחות עדינה 250 גרם,יוניליוור ישראל שיווק בע`מ,,,'יח,2.50,ל-100 גרם,false,1,9.90,3.96,false,1,
7290116531328,false,"קליק בלאק אנד וויט חטיף שוקולד חלב 35 גרם כשל""פ",יוניליוור ישראל שיווק בע`מ,,,'יח,0.35,ל-100 גרם,false,1,4.90,14,false,1,
7290116531663,false,"תחליב רחצה פינוק בניחוח תפוח 700 מ""ל",יוניליוור ישראל שיווק בע`מ,,,'יח,7,"ל-100 מ""ל",false,1,10.90,1.56,false,1,
7290116531779,false,דפים ריחניים למייבש כביסה בדין כחול 40 יחידות,יוניליוור ישראל שיווק בע`מ,,,'יח,1,ל-100 גרם,false,1,18.90,18.90,false,1,
7290116532011,false,קליק אוקיי נוגט בציפוי שוקולד חלב 35 גרם,יוניליוור ישראל שיווק בע`מ,,,'יח,0.35,ל-100 גרם,false,1,4.80,13.71,false,1,
7290116532264,false,גודיז פרי אפרסק – שלגון מופחת קלוריות עם יוגורט בציפוי בטעם אפרסק,"גלידת שטראוס בע""\מ, רחוב",,,'יח,3.30,ל-100 גרם,false,1,27.90,8.45,false,1,
7290116532394,false,"אל סבון ידיים נוזלי חמאת קקאו 950 מ""ל פינוק",יוניליוור ישראל שיווק בע`מ,,,'יח,1,'יח,false,1,11.90,11.90,false,1,
7290116532585,false,דגני בוקר ברנפלקס קרנצ'ים בטעם דבש וקינמון,יוניליוור ישראל שיווק בע`מ,,,'יח,3.75,ל-100 גרם,false,1,22.90,6.11,false,1,
7290116532622,false,"מרכך לשיער בתוספת תמצית גוג'י ברי פינוק 700 מ""ל.",יוניליוור ישראל שיווק בע`מ,,,'יח,7,"ל-100 מ""ל",false,1,11.90,1.70,false,1,
7290116532882,false,נישנושים איירביס טעם בצל 155 גר`,יוניליוור ישראל שיווק בע`מ,,,'יח,1.55,ל-100 גרם,false,1,12.90,8.32,true,1,
7290116533117,false,"פינוק - תחליב רחצה בניחוח ורדים לבנים 700 מ""ל",יוניליוור ישראל שיווק בע`מ,,,'יח,7,"ל-100 מ""ל",false,1,10.90,1.56,false,1,
7290116533216,false,"קנור מרק תיבול ירקות 235 מ""ל",יוניליוור ישראל שיווק בע`מ,,,'יח,2.25,ל-100 גרם,false,1,17.90,7.96,false,1,
7290116930435,false,יופלה גו במרקם סמיך עם דובדבן 0% 200מל,תנובה מרכז שיתופי לש,,,'יח,2,ל-100 גרם,false,1,5.90,2.95,false,1,
7290116930497,false,פלח גבינה כחולה 100 גרם,"פיקוס דה אירופה ס.ל. , פ",,,'יח,1,ל-100 גרם,false,1,15.90,15.90,false,1,
7290116930701,false,מעדן חלב GO מועשר בחלבון בטעם קרמל מלוח,תנובה מרכז שיתופי לש,,,'יח,1.20,ל-100 גרם,false,1,4.90,4.08,false,1,
7290116930718,false,מעדן תנובה דיאט בטעם שוקולד וקרמל מלוח 0% 150ג' תנובה,"תנובה בע""\מ",,,'יח,1.50,"ל-100 מ""ל",false,1,4.50,3,false,1,
7290116930725,false,סויה BIO קוקוס גביע 150 גרם אלטרנטיב,תנובה בעמ ***,,,'יח,2,ל-100 גרם,false,1,4.90,2.45,false,1,
7290116930954,false,יוגורט טעם פאי תפוחים 3% 150 ג' יופלה,תנובה בעמ ***,,,'יח,1.50,"ל-100 מ""ל",false,1,5.50,3.67,false,1,
7290116931012,false,יופלה דיאט יוגורט תפוח וקינמו %0 150 ג,תנובה בעמ ***,,,'יח,1.50,"ל-100 מ""ל",false,1,5.50,3.67,false,1,
7290116931074,false,צהובה פרוסות טל העמק 32% 300 גר,"תנובה בע""מ ***",,,'יח,3,ל-100 גרם,false,1,29.90,9.97,false,1,
7290116931081,false,מעדן סויה - טופי קרמל 125 גרם אלטרנטיב,תנובה מרכז שיתופי לש,,,'יח,1.50,ל-100 גרם,false,1,3.90,2.60,false,1,
7290116931104,false,יופלה GO במרקם סמיך עם אננס 0% תנובה 200 גרם,"תנובה בע""מ ***",,,'יח,2,ל-100 גרם,false,1,5.90,2.95,false,1,
7290116931159,false,יופלה דיאט יוגורט תות בננה %0 150 גרם,תנובה בעמ ***,,,'יח,1.50,"ל-100 מ""ל",false,1,5.50,3.67,false,1,
7290117030752,false,תבניות ארוז *7 (R31/105) מרובעות שווה,ח.כהן סוכנות מזון ומשקאות בע,,,'יח,1,'יח,false,1,8.90,8.90,true,1,
7290117030769,false,תבניות ארוז (R2/90)*7 מלבן ארוך שווה ח,ח.כהן סוכנות מזון ומשקאות בע,,,'יח,1,'יח,false,1,8.90,8.90,true,1,
7290117030776,false,תבניות ארוז מלבן עמוק *7 (R64/80A) שוו,ח.כהן סוכנות מזון ומשקאות בע,,,'יח,1,'יח,false,1,8.90,8.90,true,1,
7290117030783,false,תבניות ארוז *4 (R99/210) ענקיות חדש ש,ח.כהן סוכנות מזון ומשקאות בע,,,'יח,1,'יח,false,1,8.90,8.90,true,1,
7290117030806,false,תבניות ארוז *10 טוסטר (R29 B8) שווה חד,ח.כהן סוכנות מזון ומשקאות בע,,,'יח,1,'יח,false,1,8.90,8.90,true,1,
7290117031506,false,כוסות נייר 40 יחי` 8B שרול שקוף (25בק,ח.כהן סוכנות מזון ומשקאות בע,,,'יח,1,,false,1,8.90,8.90,true,1,
7290117031513,false,כוסות נייר גודל 10 שווה 40 יח (25 בקרט,ח.כהן סוכנות מזון ומשקאות בע,,,'יח,1,,false,1,12.90,12.90,false,1,
7290117031537,false,כוסות נייר גודל 16 שווה 40 יח (25 בקר,ח.כהן סוכנות מזון ומשקאות בע,,,'יח,1,,false,1,18.90,18.90,false,1,
7290117031568,false,כוסות נייר גודל 9OZ איכותית 40 יח` שוו,ח.כהן סוכנות מזון ומשקאות בע,,,'יח,1,'יח,false,1,11.90,11.90,false,1,
7290117032008,false,מזלגונים איכותי 40יח קרם שווה,ח.כהן סוכנות מזון ומשקאות בע,,,'יח,1,'יח,false,1,5.90,5.90,true,1,
7290117032060,false,כפות איכותיות 40יח קרם שווה*,ח.כהן סוכנות מזון ומשקאות בע,,,'יח,1,'יח,false,1,5.90,5.90,true,1,
7290117032091,false,כפיות איכותיות 40יח קרם שווה*,ח.כהן סוכנות מזון ומשקאות בע,,,'יח,1,'יח,false,1,5.90,5.90,true,1,
7290117032107,false,כפיות איכותיות 40יח שקוף שווה*,ח.כהן סוכנות מזון ומשקאות בע,,,'יח,1,'יח,false,1,9.90,9.90,true,1,
7290117032541,false,צלחת קטנה אריזה משפחתית 75יח שווה,ח.כהן סוכנות מזון ומשקאות בע,,,'יח,1,,false,1,24.90,24.90,true,1,
7290117032589,false,צלחת גדולה אריזה משפחתית 60יח שווה,ח.כהן סוכנות מזון ומשקאות בע,,,'יח,1,'יח,false,1,24.90,24.90,true,1,
7290117032602,false,צלחת ענקית אריזה משפחתית 35יח שווה,ח.כהן סוכנות מזון ומשקאות בע,,,'יח,1,,false,1,24.90,24.90,false,1,
7290117032619,false,צלחת ענקית אריזה משפחתית 35יח שווה,ח.כהן סוכנות מזון ומשקאות בע,,,'יח,1,,false,1,24.90,24.90,false,1,
7290117260449,false,גבינה בולגרית מעודנת למריחה בטעם טבעי 5% שומן 200 ג' יורו,ג.וילי-פוד אינטרנשיונל **גבינו,,,'יח,2,ל-100 גרם,false,1,10.90,5.45,false,1,
7290117260470,false,גבינה בולגרית מעודנת למריחה עם שום 5% שומן 200 ג' יורו,ג.וילי-פוד אינטרנשיונל **גבינו,,,'יח,2,ל-100 גרם,false,1,10.90,5.45,false,1,
7290117260562,false,חמאה כפרית מסורתית בגביע,ג.וילי-פוד אינטרנשיונל **גבינו,,,'יח,2.25,ל-100 גרם,false,1,16.90,7.51,false,1,
7290117260890,false,פופקורן בציפוי בטעם קוקוס 90 גרם,ג. וילי-פוד אינטרנשיונל בע`מ,,,'יח,0.90,ל-100 גרם,false,1,6.90,7.67,true,1,
7290117261088,false,בוראטה גבינת מוצרלה רכה 18% שומן 125 גר`,ג.וילי-פוד אינטרנשיונל **גבינו,,,'יח,1.25,ל-100 גרם,false,1,19.90,15.92,false,1,
7290117261354,false,גבינת ריקוטה 200 גרם 5%שומן מחלבת אירופה,ג.וילי-פוד אינטרנשיונל **גבינו,,,'יח,2,ל-100 גרם,false,1,9.90,4.95,true,1,
7290117261569,false,סלמון אטלנטי מעושן בשמן קנולה 120 גרם ויליפוד,ג. וילי-פוד אינטרנשיונל בע`מ,,,'יח,1.20,ל-100 גרם,false,1,11.90,9.92,true,1,
7290117261705,false,חמאת עיזים 200 גרם ויליפוד,ג.וילי-פוד אינטרנשיונל **גבינו,,,'יח,2,ל-100 גרם,false,1,13.90,6.95,false,1,
7290117261927,false,גבינת פקורינו מחלב כבשים צ'אנק 150 EURO CHEESE,ג.וילי-פוד אינטרנשיונל **גבינו,,,'יח,1.50,ל-100 גרם,false,1,19.90,13.27,false,1,
7290117380147,false,"רוטב לסלט חרדל ודבש מאסטר שף 260 מ""ל",ש. שסטוביץ בע`מ,,,'יח,2.60,ל-100 גרם,false,1,9.90,3.81,false,1,
7290117380192,false,חטיף פוף קראנץ בטעם גריל 60 גרם,ש. שסטוביץ בע`מ,,,'יח,0.60,ל-100 גרם,false,1,3.90,6.50,true,1,
7290117381236,false,פוף פריכיות מצופות שוקולד מריר 70 גרם,ש. שסטוביץ בע`מ,,,'יח,0.70,ל-100 גרם,false,1,7.90,11.29,true,1,
7290117382332,false,סלים דליס - חטיף חלבון מצופה שוקולד בטעם עוגיות 60 גרם,"י. מרבה ישראל בע""\מ",,,'יח,1,ל-100 גרם,false,1,12.90,12.90,true,1,
7290117860137,false,"הוואי קרם רחצה יוגורט בניחוח פרח הקמליה 700 מ""ל","טרופיקל גליל בע""מ",,,'יח,1.50,לליטר,false,1,14.90,9.93,true,1,
7290117860182,false,"הוואי - תחליב רחצה בניחוח מגנוליה ושמן שקדים 700 מ""ל","טרופיקל דגיל בע""\מ",,,'יח,0.70,"ל-100 מ""ל",false,1,14.90,21.29,true,1,
7290117860335,false,"הוואי ג'ל רחצה לגבר בניחוח מעורר 700 מ""ל","טרופיקל דגיל בע""\מ",,,'יח,0.70,"ל-100 מ""ל",false,1,14.90,21.29,true,1,
7290117860892,false,"הוואי - תחליב רחצה יוגורט בניחוח וניל ודבש 700 מ""ל","טרופיקל דגיל בע""\מ",,,'יח,1.50,לליטר,false,1,14.90,9.93,true,1,
7290117860946,false,"תחליב רחצה יוגורט בניחוח קוקוס 700 מ""ל הוואי","טרופיקל דגיל בע""\מ",,,'יח,0.70,"ל-100 מ""ל",false,1,14.90,21.29,true,1,
7290117860991,false,"תחליב רחצה יוגורט בניחוח שקדים 700 מ""ל הוואי","טרופיקל דגיל בע""\מ",,,'יח,0.70,"ל-100 מ""ל",false,1,14.90,21.29,true,1,
7290118072959,false,חנוכייה ציון,ד.ג.ש ייבוא ושיווק בעמ,,,'יח,1,,false,1,69.90,69.90,false,1,
7290118072966,false,חנוכייה אורות,ד.ג.ש ייבוא ושיווק בעמ,,,'יח,1,,false,1,99.90,99.90,false,1,
7290118073802,false,חגורה נמתחת,ד.ג.ש ייבוא ושיווק בעמ,,,'יח,1,,false,1,24.90,24.90,false,1,
7290118074281,false,רשת צלייה M,ד.ג.ש ייבוא ושיווק בעמ,,,'יח,1,,false,1,19.90,19.90,false,1,
7290118074625,false,צינור אמבט מתכת 2 מטר,ד.ג.ש ייבוא ושיווק בעמ,,,'יח,1,,false,1,29.90,29.90,false,1,
7290118078722,false,נטלה מעוצבת - שחור,ד.ג.ש ייבוא ושיווק בעמ,,,'יח,1,,false,1,19.90,19.90,false,1,
7295682698567,false,גרביי אלגנט,הום פרפקט ק.ד.מ בעמ,,,'יח,1,,false,1,12.90,12.90,true,1,
7296073377214,false,חסה לבבות קיסר,ביכורי השדה הצפון בעמ` 1964,,,'יח,1,,false,1,9.90,9.90,false,1,
7296102100523,false,מטאטא GOLD,הום פרפקט ק.ד.מ בעמ,,,'יח,1,,false,1,14.90,14.90,false,1,
7296102108260,false,מתקן כביסה מתכת,הום פרפקט ק.ד.מ בעמ,,,'יח,1,,false,1,59.90,59.90,false,1,
7296102210703,false,סט קופסאות מלבן 4 יח`,הום פרפקט ק.ד.מ בעמ,,,'יח,1,,false,1,12.90,12.90,true,1,
7296102256121,false,מתלה כביסה פלסטיק,הום פרפקט ק.ד.מ בעמ,,,'יח,1,,false,1,119,119,false,1,
7296102401200,false,דלי פיה (0130),הום פרפקט ק.ד.מ בעמ,,,'יח,1,,false,1,10,10,false,1,
7297461004408,false,שמיכה פליז כרבולית,הום פרפקט ק.ד.מ בעמ,,,'יח,1,,false,1,14.90,14.90,true,1,
7297478008857,false,שלישייה גרבי בובה ארוך לבנות,הום פרפקט ק.ד.מ בעמ,,,'יח,1,,false,1,14.90,14.90,false,1,
7298484166119,false,תאנים 300 גרם,פיצוחי ויטורי,,,'יח,2,ל-100 גרם,false,1,17.90,8.95,false,1,
7298484166144,false,שומשום 250 גרם,פיצוחי ויטורי,,,'יח,2.50,ל-100 גרם,false,1,8.90,3.56,false,1,
7298484166148,false,תערובת בריאות 250 גרם,פיצוחי ויטורי,,,'יח,2.50,ל-100 גרם,false,1,19.90,7.96,false,1,
7298484166175,false,ירקות מטוגנים 200 גר`,פיצוחי ויטורי,,,'יח,2,ל-100 גרם,false,1,24.90,12.45,false,1,
7298484166177,false,צנוברים 150 גרם,פיצוחי ויטורי,,,'יח,1.50,ל-100 גרם,false,1,34.90,23.27,false,1,
7298484166178,false,קוקוס טבעי 200 גר`,פיצוחי ויטורי,,,'יח,2,ל-100 גרם,false,1,15.90,7.95,false,1,
7298484166182,false,תמר מג`הול 500 גרם,פיצוחי ויטורי,,,'יח,2,ל-100 גרם,false,1,24.90,12.45,false,1,
7298484166192,false,בננה צ`יפס 200 גרם,פיצוחי ויטורי,,,'יח,2,ל-100 גרם,false,1,9.90,4.95,false,1,
7298484166337,false,גרעיני חמניה מקולף 200 גרם,פיצוחי ויטורי,,,'יח,2,ל-100 גרם,false,1,9.90,4.95,false,1,
7298484166558,false,גרעיני דלעת מקולף 200 גרם,פיצוחי ויטורי,,,'יח,2,ל-100 גרם,false,1,11.90,5.95,false,1,
7298484166784,false,מקדמיה טבעי 150 גרם,פיצוחי ויטורי,,,'יח,2,ל-100 גרם,false,1,26.90,13.45,false,1,
7298484166992,false,מקדמיה קלוי 200 גרם,פיצוחי ויטורי,,,'יח,0,'יח,false,1,34.90,34.90,false,1,
7298484167257,false,שקד מולבן פרוס 150 גרם,פיצוחי ויטורי,,,'יח,1.50,ל-100 גרם,false,1,17.90,11.93,false,1,
7298484167549,false,שקד מולבן משובב 200 גרם,פיצוחי ויטורי,,,'יח,2,ל-100 גרם,false,1,18.90,9.45,false,1,
7298484208149,false,חמוציות ברכז טבעי 200 גרם,פיצוחי ויטורי,,,'יח,2,ל-100 גרם,false,1,11.90,5.95,false,1,
7298484482117,false,משמש אוזבקי 300 גרם,פיצוחי ויטורי,,,'יח,2,ל-100 גרם,false,1,17.90,8.95,false,1,
7298484601649,false,אפונה וואסבי 180 גרם,פיצוחי ויטורי,,,'יח,2,ל-100 גרם,false,1,13.90,6.95,false,1,
7298484603361,false,בוטן אסיאתי 200 גרם,פיצוחי ויטורי,,,'יח,2,ל-100 גרם,false,1,13.90,6.95,false,1,
7298484603568,false,מיקס טקסס שקד פקאן מתובל 200 גרם,פיצוחי ויטורי,,,'יח,0,'יח,false,1,24.90,24.90,false,1,
7298484603772,false,קרנצ`י צ`ילי 180 גרם,פיצוחי ויטורי,,,'יח,1.80,ל-100 גרם,false,1,17.90,9.94,false,1,
7298484603846,false,תמר אגוז 250 גרם,פיצוחי ויטורי,,,'יח,2.50,ל-100 גרם,false,1,24.90,9.96,false,1,
7298484604178,false,פפריקס טוויסט 150 גרם,פיצוחי ויטורי,,,'יח,1.80,ל-100 גרם,false,1,13.90,7.72,false,1,
7298484604427,false,בוטנים מטוגנים 300 גרם,פיצוחי ויטורי,,,'יח,3,ל-100 גרם,false,1,16.90,5.63,false,1,
7298484605179,false,חטיף אורז פלפל שחור 120 גרם,פיצוחי ויטורי,,,'יח,1.20,ל-100 גרם,false,1,11.90,9.92,false,1,
7298484607027,false,פקאן סיני מסוכר 200 גר`,פיצוחי ויטורי,,,'יח,2,ל-100 גרם,false,1,19.90,9.95,false,1,
7298484607033,false,בוטנים קלויים 250 גר`,פיצוחי ויטורי,,,'יח,2.50,ל-100 גרם,false,1,13.90,5.56,false,1,
7298484607034,false,בונדוק אגוזי לוז 200 גר`,פיצוחי ויטורי,,,'יח,2,ל-100 גרם,false,1,17.90,8.95,false,1,
7298484607041,false,פקאן מלוח ענק 180 גר`,מ.מ.ד שיווק והפצה,,,'יח,1.80,ל-100 גרם,false,1,21.90,12.17,false,1,
7298484607045,false,קבוקים 200 גרם,פיצוחי ויטורי,,,'יח,2,ל-100 גרם,false,1,7.90,3.95,false,1,
7298484607047,false,חומוס קלוי 200 גר`,פיצוחי ויטורי,,,'יח,2,ל-100 גרם,false,1,10.90,5.45,false,1,
7298484607049,false,גרעינים לבנים דלעת 180 גר`,פיצוחי ויטורי,,,'יח,1.80,ל-100 גרם,false,1,13.90,7.72,false,1,
7298484607055,false,אפונה ירוקה קלוי 200 גר`,פיצוחי ויטורי,,,'יח,2,ל-100 גרם,false,1,11.90,5.95,false,1,
7298484607056,false,גרעיני אבטיח מחבת 250 גר`,פיצוחי ויטורי,,,'יח,2.50,ל-100 גרם,false,1,16.90,6.76,false,1,
7298484607059,false,מיאסי תירס 200 גר`,פיצוחי ויטורי,,,'יח,2,ל-100 גרם,false,1,13.90,6.95,false,1,
7298484607063,false,מאנצ`ס אורז עגול 120 גר`,פיצוחי ויטורי,,,'יח,1.20,ל-100 גרם,false,1,11.90,9.92,false,1,
7298484607065,false,פיסטוק אפגני 180 גרם,פיצוחי ויטורי,,,'יח,1.80,ל-100 גרם,false,1,19.90,11.06,false,1,
7298484607067,false,רביולי 200 גרם,פיצוחי ויטורי,,,'יח,2,ל-100 גרם,false,1,17.90,8.95,false,1,
7298484607071,false,קשיו קלוי 200 גר`,פיצוחי ויטורי,,,'יח,2,ל-100 גרם,false,1,19.90,9.95,false,1,
7298484607072,false,בוטנים אמריקאים 300 גר`,פיצוחי ויטורי,,,'יח,3,ל-100 גרם,false,1,11.90,3.97,false,1,
7298484607077,false,שקד קלוי 200 גר`,מ.מ.ד שיווק והפצה,,,'יח,2,ל-100 גרם,false,1,21.90,10.95,false,1,
7298484607078,false,גרעיני אבטיח תנור 250 גר`,פיצוחי ויטורי,,,'יח,2.50,ל-100 גרם,false,1,17.90,7.16,false,1,
7298484607082,false,מאנצ`ס 200 גר`,פיצוחי ויטורי,,,'יח,2,ל-100 גרם,false,1,13.90,6.95,false,1,
7298484607097,false,פול קלוי 200 גרם,פיצוחי ויטורי,,,'יח,2,ל-100 גרם,false,1,13.90,6.95,false,1,
7298484607117,false,חטיף סויה קריספי 180 גרם,פיצוחי ויטורי,,,'יח,1.80,ל-100 גרם,false,1,17.90,9.94,false,1,
7298484607122,false,צימוק בהיר 200 גרם,פיצוחי ויטורי,,,'יח,2,ל-100 גרם,false,1,10.90,5.45,false,1,
7298484607133,false,אגוזי מלך 200 גרם,פיצוחי ויטורי,,,'יח,2,ל-100 גרם,false,1,15.90,7.95,false,1,
7298484607144,false,פיסטוק טבעי 200 גרם,פיצוחי ויטורי,,,'יח,2,ל-100 גרם,false,1,17.90,8.95,false,1,
7298484607149,false,משמש מיובש 200 גרם,פיצוחי ויטורי,,,'יח,2,ל-100 גרם,false,1,19.90,9.95,false,1,
7298484607156,false,קשיו טבעי 200 גר`,פיצוחי ויטורי,,,'יח,2,ל-100 גרם,false,1,18.90,9.45,false,1,
7298484607172,false,צימוק כהה 200 גרם,פיצוחי ויטורי,,,'יח,2,ל-100 גרם,false,1,9.90,4.95,false,1,
7298484607197,false,שקד טבעי 200 גר`,פיצוחי ויטורי,,,'יח,2,ל-100 גרם,false,1,18.90,9.45,false,1,
7298484607265,false,גרעינים שחורים מלח 300 גר`בשקית,פיצוחי ויטורי,,,'יח,3,ל-100 גרם,false,1,11.90,3.97,false,1,
7298484607289,false,בוטן בקליפה שקית 200 גרם,פיצוחי ויטורי,,,'יח,2,ל-100 גרם,false,1,11.90,5.95,false,1,
7298484607489,false,פיסטוק מקולף 200 גר`,פיצוחי ויטורי,,,'יח,2,ל-100 גרם,false,1,27.90,13.95,false,1,
7298484607757,false,שזיף מגולען אמריקאי 300 גרם,פיצוחי ויטורי,,,'יח,2.50,ל-100 גרם,false,1,17.90,7.16,false,1,
7298484607898,false,מאנצ`ס ריזוטו 120 גרם,פיצוחי ויטורי,,,'יח,1.20,ל-100 גרם,false,1,11.90,9.92,false,1,
7298484978274,false,אגוזי ברזיל 250 גרם,פיצוחי ויטורי,,,'יח,2.50,ל-100 גרם,false,1,29.90,11.96,false,1,
7312040017683,false,מארז אבסולוט רגיל(וודקה {}{700 עם כוס,טמפו משקאות בע`מ,,,'יח,7,"ל-100 מ""ל",false,1,69.90,9.94,false,1,
7394376615825,false,אוטלי משקה שיבולת שועל מועשר בסידן וויטמינים 1 ליטר,ש. שסטוביץ בע`מ,,,'יח,10,"ל-100 מ""ל",false,1,14.90,1.49,false,1,
7394376616778,false,אוטלי משקה שיבולת שועל להקצפה בריסטה 1 ליטר,ש. שסטוביץ בע`מ,,,'יח,10,"ל-100 מ""ל",false,1,15.90,1.59,false,1,
7501013138184,false,משקה חמוציות יוניקו פרסקו ג'ומקס קרטונית 1 ליטר,חומקס קומר קומרסאליזדורה,,,'יח,10,"ל-100 מ""ל",false,1,11.90,1.19,false,1,
7501064191398,false,שישיית בירה קורונה אקסטרא *355 מל,קריניציה ויטמינה אס,,,'יח,19.80,"ל-100 מ""ל",false,1,39.90,1.92,true,1,
7610100034084,false,מיונז טומי בשפורפרת 265 גרם,ליימן שליסל בע`מ,,,'יח,2.65,ל-100 גרם,false,20,13.90,5.25,false,1,
7610113011652,false,בריזר - משקה כוהלי מוגז בטעם תפוח,בקרדי בריזר Bacardi Breezer,,,'יח,2.75,"ל-100 מ""ל",false,24,13.90,4.95,true,1,
7610400075787,false,לינדט לה גרנד שוקולד חלב אגוז 150 גרם,לינדט ושפרונגלי קילשברג,,,'יח,1.50,ל-100 גרם,false,1,24.90,16.60,true,1,
7610400091060,false,שוקולד מריר לינדט אקסלנס בתוספת תפוז ושקדים,לינדט ושפרונגלי קילש,,,'יח,1,ל-100 גרם,false,1,14.90,14.90,true,1,
7613032045753,false,פיטנס דגנים מחיטה מלאה שוקולד 375גרם,קבוצת אוסם סחר שותפות מוגבלת,,,'יח,3.75,ל-100 גרם,false,1,19.90,5.31,true,1,
7613035809109,false,פרפקטו רוטב עגבניות ובזיליקום אסם 400 גרם,קבוצת אוסם סחר שותפות מוגבלת,,,'יח,4,ל-100 גרם,false,1,8.90,2.23,false,1,
7613035809857,false,פרפקטו רוטב עגבניות לפסטה ולבישול אסם 400 גרם,קבוצת אוסם סחר שותפות מוגבלת,,,'יח,4,ל-100 גרם,false,1,8.90,2.23,false,1,
7613036520492,false,פרפקטו רוטב עגבניות לפיצה אסם 400 גרם,קבוצת אוסם סחר-שות.מוגבלת,,,'יח,4,ל-100 גרם,false,1,8.90,2.23,false,1,
7613036976695,false,פריסקיז - פאוץ בקר ברוטב 85 גרם,קבוצת אוסם סחר שותפות מוגבלת,,,'יח,0.85,ל-100 גרם,false,1,4.90,5.76,false,1,
7613037686906,false,פיטנס שקדים ודבש 355 גרם מופחת סוכר,קבוצת אוסם סחר שותפות מוגבלת,,,'יח,3.55,ל-100 גרם,false,1,19.90,5.61,true,1,
7613038268262,false,דגני בוקר צ'יריוס דבש ושקדים במתיקות מעודנת,קבוצת אוסם סחר שותפות מוגבלת,,,'יח,4.10,ל-100 גרם,false,1,19.90,4.85,true,1,
7613038451954,false,דגני בוקר שוקולד מופחת סוכר 410 ג' קראנץ',קבוצת אוסם סחר-שות.מוגבלת,,,'יח,4.10,ל-100 גרם,false,1,19.90,4.85,true,1,
7613287394323,false,דגני בוקר מולטי צ'יריוס 600 גרם,קבוצת אוסם סחר שותפות מוגבלת,,,'יח,6,ל-100 גרם,false,1,24.90,4.15,false,1,
7613287476678,false,דגני בוקר סינימיניס צ'ורוס נסטלה 360 ג',קבוצת אוסם סחר שותפות מוגבלת,,,'יח,3.60,ל-100 גרם,false,1,19.90,5.53,true,1,
7613287821348,false,נתחוני עוף טבעוני סנסשיונל טבעול 350 גרם,קבוצת אוסם סחר-שות.מוגבלת,,,'יח,3.50,ל-100 גרם,false,1,31.90,9.11,false,1,
7622010001858,false,עוגיות אוראו ממולאות קרם וניל 176 גרם.,דיפלומט מפיצים (1968) בעמ**,,,'יח,1.76,ל-100 גרם,false,1,8.90,5.06,true,1,
7622201050757,false,מילקה שוקולד חלב במילוי קרם קרמל 100 ג,דיפלומט מפיצים (1968) בעמ**,,,'יח,1,,false,23,5.90,5.90,false,1,
7622201401900,false,עוגיות סנסיישן אוראו מילקה 156 גרם,דיפלומט מפיצים (1968) בעמ**,,,'יח,2,ל-100 גרם,false,16,10.90,5.45,false,1,
7622201521493,false,גבינת פילדלפיה שום ועשבי תיבול 150 גר` (,מיודלז אספניה פרודוק,,,'יח,1.50,ל-100 גרם,false,1,13.90,9.27,true,1,
7622201798154,false,גבינת שמנת לייט מופחתת שומן 13% שומן,מיודלז אספניה פרודוק,,,'יח,1.50,ל-100 גרם,false,1,13.90,9.27,true,1,
7622201801809,false,מילקה שוקולד חלב עם אגוזים 100 גרם חדש,מנדלז דויצ'\לנד סנקס פרו,,,'יח,1,'יח,false,22,5.90,5.90,false,1,
7622201802363,false,מילקה טבלת שוקולד חלב וצימוקים ואגוזים 100ג',מנדלז דויצ'\לנד סנקס פרו,,,'יח,1,,false,22,5.90,5.90,false,1,
7622201802394,false,שוקולד מילקה חלב מסרונים 100 גרם,מנדלז דויצ'\לנד סנקס פרו,,,'יח,1,,false,24,5.90,5.90,false,1,
7622201809188,false,מילקה ביסקויט מצופה שוקולד 150 גר`,מונדלז פרנס ביסקוויט פרו,,,'יח,1.50,ל-100 גרם,false,14,11.90,7.93,false,1,
7622201813390,false,עוגיות מילקה וואפל במילוי קרם קקאו 150 ג,דיפלומט מפיצים (1968) בעמ**,,,'יח,2,ל-100 גרם,false,14,10.90,5.45,false,1,
7622201823733,false,עוגיות מילקה ת`ינס דקות 151 גרם,דיפלומט מפיצים (1968) בע`מ,,,'יח,1.51,ל-100 גרם,false,14,10.90,7.22,false,1,
7622210078131,false,שוקולד חלב עם שבבי קרמל מילקה דיים 100 גרם,מנדלז דויצ'\לנד סנקס פרו,,,'יח,1,,false,22,5.90,5.90,false,1,
7622210163899,false,שוקולד חלב במילוי סוכריות עדשים,דיפלומט מפיצים (1968) בעמ**,,,'יח,1,,false,22,5.90,5.90,false,1,
7622210635105,false,עוגיות אוראו במילוי תות 154 גרם,דיפלומט מפיצים (1968) בעמ**,,,'יח,1.54,ל-100 גרם,false,1,8.90,5.78,false,1,
7622210637994,false,מיני עוגיות אוראו קראנצ'י בייטס אורגינל,דיפלומט מפיצים (1968) בעמ**,,,'יח,1.10,ל-100 גרם,false,1,7.90,7.18,false,1,
7622210638021,false,מיני עוגיות אוראו קראנצ'י בייטס מצופים,דיפלומט מפיצים (1968) בעמ**,,,'יח,1.10,ל-100 גרם,false,1,7.90,7.18,false,1,
7622210826053,false,מילקה שוקולד אוראו סנדוויץ 100 גרם,דיפלומט מפיצים (1968) בעמ**,,,'יח,1,,false,22,5.90,5.90,false,1,
7622210835338,false,אוראו עוגיות ממולאות טעם בראוניז 176 גרם,דיפלומט מפיצים (1968) בעמ**,,,'יח,0.1760,ל-100 גרם,false,12,8.90,50.57,true,1,
7622300315283,false,אוראו עוגיות ממולאות קרם וניל 154 גרם,דיפלומט מפיצים (1968) בעמ**,,,'יח,1,ל-100 גרם,false,1,8.90,8.90,false,1,
7622300489427,false,עוגיות אוראו בציפוי בטעם שוקולד לבן 246 גרם,דיפלומט מפיצים (1968) בעמ**,,,'יח,0.2460,ל-100 גרם,false,10,17.90,72.76,true,1,
7622300495046,false,מילקה שוקולד חלב עם אקסטרה קקאו 100 גרם,מנדלז דויצ'\לנד סנקס פרו,,,'יח,1,,false,23,5.90,5.90,false,1,
7622300617820,false,מילקה שוקולד חלב במילוי קרם חלב ווניל ושבבי עוגיות אוראו 100 גרם,מנדלז דויצ'\לנד סנקס פרו,,,'יח,1,,false,22,5.90,5.90,false,1,
7630477891592,false,סטארבקס קפסולות קפה האוס בלנד 10 יחידות,קבוצת אוסם סחר שותפות מוגבלת,,,'יח,0.57,ל-100 גרם,false,1,21.90,38.42,true,1,
7630477891615,false,סטארבקס קפסולות קפה סומטרה 10 יחידות,קבוצת אוסם סחר שותפות מוגבלת,,,'יח,0.57,ל-100 גרם,false,1,21.90,38.42,true,1,
7630477891691,false,קפסולות קפה קולומביה (10 יח) סטארבקס ( 5,קבוצת אוסם סחר שותפות מוגבלת,,,'יח,0.57,ל-100 גרם,false,1,21.90,38.42,true,1,
7630477891714,false,סטארבקס קפסולות קפה אספרסו 10 יחידות,קבוצת אוסם סחר שותפות מוגבלת,,,'יח,0.57,ל-100 גרם,false,1,21.90,38.42,true,1,
7630477891738,false,סטארבקס קפסולות קפה אספרסו בלונד 10 יחיד,קבוצת אוסם סחר שותפות מוגבלת,,,'יח,0.57,ל-100 גרם,false,1,21.90,38.42,true,1,
7638900248357,false,סוללות אנרג`ייזר ליתיום 2032 זוג ריפרש,דנשר (1963) בעמ,,,'יח,1,,false,1,17.90,17.90,false,1,
7702174066631,false,לקקן יוגטה פין פופ במילוי מסטיק 170 גר,קומסטיבלס לה רוזה אס.איי,,,'יח,1.80,ל-100 גרם,false,20,8.90,4.94,false,1,
7702174068826,false,יוגטה מבחר סוכריות לקקן קשות ממולאות טופי בטעמי יוגורט ופירות 204 גרם,הדקלאים אגודת שיתופי,,,'יח,2.16,ל-100 גרם,false,16,10.90,5.05,false,1,
7702174068833,false,יוגטה סוכריות קשות על מקל ממולאות טופי בטעמי גלידת פירות 12 יח' 204 גרם,הדקלאים אגודת שיתופי,,,'יח,2.16,ל-100 גרם,false,1,10.90,5.05,false,1,
7702174070201,false,יוגטה לקקן בטעם מסטיק ממולא טופי בטעם תות 12 יח' 204 גרם,הדקלאים אגודת שיתופי,,,'יח,2.16,ל-100 גרם,false,16,10.90,5.05,false,1,
7702174073783,false,סוכריות על מקל בטעם קולה במילוי גומי לעיסה,הדקלאים אגודת שיתופי,,,'יח,1,,false,20,8.90,8.90,false,1,
7792860006218,false,סוכריות לקקן בייבי דול לריטייר (24 גרם),גוד פוד פרודקטס S.p,,,'יח,1,'יח,false,1,2,2,true,1,
7804632390255,false,אוכמניות טרי 125 גר,בראשית - אגודה שיתופית*שיק 45,,,'יח,1,,false,1,17.90,17.90,false,1,
8000380003723,false,וופלים גרנד פטיסרי במילוי קרם אגוזים 100,קריניציה ויטמינה אס,,,'יח,1,ל-100 גרם,false,18,12.90,12.90,true,1,
8000380004911,false,קוביות וופל קואדרטיני Quadratini קרם אגוזים,קריניציה ויטמינה אס,,,'יח,2.50,ל-100 גרם,false,18,14.90,5.96,false,1,
8000380004942,false,וופל לואקר קוארדטיני קוביות ווניל 250ג',ליימן שליסל בע`מ,,,'יח,2.50,ל-100 גרם,false,1,14.90,5.96,false,1,
8000380004966,false,וופל קוארדטיני לואקר קוביות שוקולד 250ג',קריניציה ויטמינה אס,,,'יח,2.50,ל-100 גרם,false,1,14.90,5.96,false,1,
8000380005598,false,מארז וופל שוקולד טורטינה Tortina שוקולד מריר,א. לואקר אס. פי. אי-אי.,,,'יח,1.25,ל-100 גרם,false,24,16.90,13.52,false,1,
8000380007219,false,וופל לואקר ממולא קרם אגוזים 175 גרם,ליימן שליסל בע`מ,,,'יח,1.75,ל-100 גרם,false,18,10.90,6.23,false,1,
8000380007257,false,וופל גרדנה במילוי קרם אגוזים מצופה,קריניציה ויטמינה אס,,,'יח,2,ל-100 גרם,false,10,14.90,7.45,true,1,
8000380007264,false,וופל לואקר ממולא קרם קקאו 175 גרם,קריניציה ויטמינה אס,,,'יח,1.75,ל-100 גרם,false,18,10.90,6.23,false,1,
8000380007271,false,וופל במילוי קרם חלב לואקר (175 גרם),ליימן שליסל בע`מ,,,'יח,1.75,ל-100 גרם,false,1,10.90,6.23,false,1,
8000380180745,false,וופל קוביות קקאו במילוי קרם חלב לואקר 250 גרם,"א. לואקר, קונפקט ג'י",,,'יח,2.50,ל-100 גרם,false,1,14.90,5.96,false,1,
8000380192250,false,וופלים מלבנים פריכיים בטעם שוקולד 200 גר,ליימן שליסל בע`מ,,,'יח,2,ל-100 גרם,false,1,13.90,6.95,false,1,
8000380201396,false,שוקולד חלב ממולא קרם קרמל ועלי וופל פריכ,ליימן שליסל בע`מ,,,'יח,1.25,ל-100 גרם,false,24,16.90,13.52,false,1,
8000380206896,false,וופל גרדנה במילוי חמאת בוטנים 200 גרם,ליימן שליסל בע`מ,,,'יח,2,ל-100 גרם,false,10,14.90,7.45,true,1,
8000500018828,false,שלישיית קינדר שוקולד חצי מטר 100 גרם,פרימיום-חברה לדברי מתיקה ולמסח,,,'יח,3,ל-100 גרם,false,1,19.90,6.63,false,1,
8000500023624,false,חטיפי הפי היפו Happy Hippo במילוי קרם חלב וקקאו,פרימיום-חברה לדברי מתיקה ולמסח,,,'יח,1.30,ל-100 גרם,false,1,12.90,9.92,false,1,
8000500023976,false,בונבוניירת רפאלו פררו (150 גרם),פרימיום-חברה לדברי מתיקה ולמסח,,,'יח,1.50,ל-100 גרם,false,1,17.90,11.93,false,1,
8000500026731,false,ביצי שוקולד קינדר מארז 3 יח סופרייז,פרימיום-חברה לדברי מתיקה ולמסח,,,'יח,0.60,ל-100 גרם,false,1,14.90,24.83,false,1,
8000500028124,false,קינדר גוי ביצת הפתעה מארז שלישיה,פרימיום-חברה לדברי מתיקה ולמסח,,,'יח,1,למארז,false,1,14.90,14.90,false,1,
8000500029350,false,מארז וופל מצופה 3יח' *43 גרם קינדר בואנו,פרימיום-חברה לדברי מתיקה ולמסח,,,'יח,0.43,ל-100 גרם,false,1,10.90,25.35,true,1,
8000500071083,false,אצבעות שוקולד קינדר Kinder שש עשרה יחידות,פרימיום-חברה לדברי מתיקה ולמסח,,,'יח,2,ל-100 גרם,false,1,11.90,5.95,false,1,
8000500126325,false,ביצי שוקולד הפתעה קינדר ג'וי ורוד בנות שלישיה,פרימיום-חברה לדברי מתיקה ולמסח,,,'יח,0.60,ל-100 גרם,false,1,14.90,24.83,false,1,
8000500167656,false,קינדר שוקולד עם דגנים סיריאל 94 ג',פרימיום-חברה לדברי מתיקה ולמסח,,,'יח,0,ל-100 גרם,false,1,7.90,7.90,false,1,
8000500227848,false,נוטלה - בי רדי אצבעות ביסקוויט במילוי שוקולד 6 יח' * 22 גרם,פרימיום-חברה לדברי מתיקה ולמסח,,,'יח,1.32,ל-100 גרם,false,1,11.90,9.02,true,1,
8000500249352,false,קינדר בואנו מיני מיקס שקית 205 ג',פרימיום-חברה לדברי מתיקה ולמסח,,,'יח,0,ל-100 גרם,false,1,18.90,18.90,false,1,
8000500267103,false,קינדר דליס עוגת ספוג קקאו במילוי חלבי*10,פרימיום-חברה לדברי מתיקה ולמסח,,,'יח,0.35,ל-100 גרם,false,1,19.90,56.86,true,1,
8000500269169,false,קינדר קארדס Kinder Cards - חמישייה,פרימיום-חברה לדברי מתיקה ולמסח,,,'יח,12.80,ל-100 גרם,false,1,13.90,1.09,false,1,
8000500294345,false,רושר איש שלג שוקולד חלב ואגוזי לוז 90 גר,פרימיום-חברה לדברי מתיקה ולמסח,,,'יח,0.90,ל-100 גרם,false,1,14.90,16.56,false,1,
8000500386941,false,נוטלה ממרח קקאו עם אגוזי לוז 900 גר`,פרימיום-חברה לדברי מתיקה ולמסח,,,'יח,10,ל-100 גרם,false,1,30.90,3.09,false,1,
8000700000050,false,סבון DOVE מוצק לבן רביעיה 4*100 גרם,יוניליוור ישראל שיווק בע`מ,,,'יח,4,ל-100 גרם,false,1,17.90,4.48,false,1,
8001090721129,false,אריאל קפסולות גל לכביסה 3ב1 קולור 27 יח,דיפלומט מפיצים (1986) בע`מ,,,'יח,1,ל-100 גרם,false,1,34.90,34.90,false,1,
8001090745903,false,אבקת כביסה טייד פרש אלפיין 4 קג,דיפלומט מפיצים (1986) בע`מ,,,'יח,40,"ל-100 מ""ל",false,3,29.90,0.75,false,1,
8001090802385,false,קפסולות גל לכביסה טייד בניחוח לנור 26 יח,דיפלומט מפיצים (1986) בע`מ,,,'יח,4.50,ל-100 גרם,false,3,29.90,6.64,false,1,
8001090832450,false,"שמפו פנטן הנוסחה הקלאסית 660 מ""ל",דיפלומט מפיצים (1986) בע`מ,,,'יח,6.60,"ל-100 מ""ל",false,6,18.90,2.86,false,1,
8001090832696,false,"פנטן שמפו לתלתלים מושלמים 660 מ""ל",דיפלומט מפיצים (1986) בע`מ,,,'יח,6.60,"ל-100 מ""ל",false,6,18.90,2.86,false,1,
8001090832818,false,מרכך פנטן הנוסחה הקלאסית לשיער רגיל ומעורב,דיפלומט מפיצים (1986) בע`מ,,,'יח,6.60,"ל-100 מ""ל",false,6,18.90,2.86,false,1,
8001090833167,false,גל כביסה אריאל בניחוח הרים 2.365 ליטר,דיפלומט מפיצים (1986) בע`מ,,,'יח,2.3650,"ל-100 מ""ל",false,4,29.90,12.64,false,1,
8001090833198,false,אריאל נוזל כביסה 2.47 ליטר ניחוח מרענן,דיפלומט מפיצים (1986) בע`מ,,,'יח,2.3650,"ל-100 מ""ל",false,4,29.90,12.64,false,1,
8001090899255,false,תחבושות אולוויז פלטינום לילה 16 יחידות,דיפלומט מפיצים (1986) בע`מ,,,'יח,0,ל-100 גרם,false,1,19.90,19.90,false,1,
8001841625188,false,סבון כלים פלטינום לימון X3 פעולות להסרת שומנים,דיפלומט מפיצים (1986) בע`מ,,,'יח,5.15,"ל-100 מ""ל",false,1,10.90,2.12,false,1,
8001841625461,false,סבון כלים פלטינום X3 פעולות להסרת שומנים,דיפלומט מפיצים (1986) בע`מ,,,'יח,5.15,"ל-100 מ""ל",false,1,10.90,2.12,false,1,
8001841958460,false,פיירי טבליות למדיח אורגינל הכל באחד - מארז 48 יח',דיפלומט מפיצים (1986) בע`מ,,,'יח,1,,false,1,34.90,34.90,false,1,
8001841960081,false,פיירי טבליות למדיח פלטינום הכל באחד - מארז 37 יח',דיפלומט מפיצים (1986) בע`מ,,,'יח,1,,false,1,34.90,34.90,false,1,
8004030022010,false,ירקות גינה עם טונה ריו מרה אינסלטיסימי 160 ג',"בולטון אלימנטרי בע""\מ",,,'יח,1.60,ל-100 גרם,false,1,17.90,11.19,false,1,
8004030177000,false,ריו מארה טונה בשמן זית עם צ`לי שלישיות 8,ש. שסטוביץ בע`מ,,,'יח,2.40,ל-100 גרם,false,1,25.90,10.79,false,1,
8004030344938,false,"ריו מרה טונה בשמן זית 3X80 גרם מתכון חדש כשל""פ","בולטון אלימנטרי בע""\מ",,,'יח,2.40,ל-100 גרם,false,1,25.90,10.79,false,1,
8005110002243,false,רכז עגבניות Doppio Concentr בשפופרת 185 ג' MUTTI,רסטרטו יבוא ושיווק בעמ*אין החז,,,'יח,1.85,ל-100 גרם,false,1,7.90,4.27,false,1,
8005110170300,false,עגבניות מרוסקות חתוכות מוטי MUTTI שלישיה *400,רסטרטו יבוא ושיווק בעמ*אין החז,,,'יח,4,ל-100 גרם,false,1,18.90,4.73,true,1,
8005110171215,false,עגבניות חתוכות 690 POLPAPEZZI ג' (כחול) MUTTI,רסטרטו יבוא ושיווק בעמ,,,'יח,6.90,ל-100 גרם,false,1,13.90,2.01,false,1,
8005110550508,false,עגבניות שרי MUTTI 400 גרם,רסטרטו יבוא ושיווק בעמ,,,'יח,4,ל-100 גרם,false,1,10.90,2.73,false,1,
8005110551253,false,רוטב לפיצה להכנת פיצה איטלקית קלאסית,רסטרטו יבוא ושיווק בעמ*אין החז,,,'יח,1,'יח,false,1,9.90,9.90,false,1,
8006540112854,false,"מרכך כביסה מרוכז בניחוח סחלב לנור 900 מ""ל",דיפלומט מפיצים (1986) בע`מ,,,'יח,9,"ל-100 מ""ל",false,1,16.90,1.88,false,1,
8006540425930,false,אריאל קפסולות לכביסה ג'ל 24 יח' לכתמים קשים,דיפלומט מפיצים (1986) בע`מ,,,'יח,1,ל-100 גרם,false,3,34.90,34.90,false,1,
8008660210038,false,מעדן ריבה מנץ אנד גאססר תות שדה 300 גר,תה ויסוצקי (ישראל) בעמ,,,'יח,3,ל-100 גרם,false,1,15.90,5.30,true,1,
8032880800243,false,פיקניק הפתעה - אגוזי לוז ומקלות אפויים,"הוסטה איטליה, ס.ר.ל.",,,'יח,0.50,ל-100 גרם,false,24,7.90,15.80,false,1,
8076800195033,false,ברילה - צ.א ספגטיני מס3 חדש 500 גרם,ברילה גי.אי.אר פרטלי ס.פ,,,'יח,5,ל-100 גרם,false,1,7.90,1.58,true,1,
8076800195057,false,ברילה - צ.א ספגטי מס5 חדש 500 גרם,ברילה גי.אי.אר פרטלי ס.פ,,,'יח,5,ל-100 גרם,false,1,7.90,1.58,true,1,
8076800195132,false,ברילה - צ.א בבטה מס13 500 גרם,ברילה גי.אי.אר פרטלי ס.פ,,,'יח,5,ל-100 גרם,false,1,7.90,1.58,true,1,
8076800315097,false,פסטה מקרוני בוקטיני מספר 9 ברילה 500 גרם,ברילה גי.אי.אר פרטלי ס.פ,,,'יח,5,ל-100 גרם,false,1,7.90,1.58,true,1,
8076802085738,false,ברילה צ.ק פנה רגטה מס' 73 500 גרם,ברילה גי.אי.אר פרטלי ס.פ,,,'יח,5,ל-100 גרם,false,1,7.90,1.58,true,1,
8076802085837,false,ברילה - צ.ק טורטליוני מס83 500 גרם,הנסיך- מפעל לייצור ט,,,'יח,5,ל-100 גרם,false,1,7.90,1.58,true,1,
8076802085936,false,ברילה פסטה צ.ק. קונצילה ריגטה חדש,ברילה גי.אי.אר פרטלי ס.פ,,,'יח,5,ל-100 גרם,false,1,7.90,1.58,true,1,
8076802085981,false,ברילה - צ.ק פוזילי חדש 500 גרם,ברילה גי.אי.אר פרטלי ס.פ,,,'יח,5,ל-100 גרם,false,1,7.90,1.58,true,1,
8076808050440,false,פסטה מקרוני מספר 44 ברילה 500 גרם,ש. שסטוביץ בע`מ,,,'יח,5,ל-100 גרם,false,1,7.90,1.58,true,1,
8076808060654,false,פסטה פרפלה מספר 65 ברילה 500 גרם,ברילה גי.אי.אר פרטלי ס.פ,,,'יח,5,ל-100 גרם,false,1,7.90,1.58,true,1,
8076808150072,false,ברילה - צ.א ספגטוני מס7 חדש 500 גרם,ברילה גי.אי.אר פרטלי ס.פ,,,'יח,5,ל-100 גרם,false,1,7.90,1.58,true,1,
8076809501415,false,ברילה קנלוני/פנה 500 ג' מצה פנה טרקולור 500 גרם,"ש. שסטוביץ בע""\מ",,,'יח,5,ל-100 גרם,false,1,12.90,2.58,false,1,
8076809512268,false,פסטה גירנדולה טורסדס מספר 34 ברילה 500 גרם,ברילה גי.אי.אר פרטלי ס.פ,,,'יח,5,ל-100 גרם,false,1,7.90,1.58,true,1,
8076809513395,false,ברילה פומודורו רוטב עגבניות קלאסי 400 גר,ברילה גי.אי.אר פרטלי ס.פ,,,'יח,4,ל-100 גרם,false,1,14.90,3.73,false,1,
8076809513654,false,בסיס רוטב עגבניות לבולונז ברילה 400 גרם,ברילה גי.אי.אר פרטלי ס.פ,,,'יח,4,ל-100 גרם,false,1,14.90,3.73,false,1,
8076809513692,false,רוטב עגבניות נפולטנה בתוספת ירקות,ברילה גי.אי.אר פרטלי ס.פ,,,'יח,4,ל-100 גרם,false,1,14.90,3.73,false,1,
8076809513739,false,ברילה רוטב עגבניות עם בזיליקום 400 גרם,ברילה גי.אי.אר פרטלי ס.פ,,,'יח,4,ל-100 גרם,false,1,14.90,3.73,false,1,
8076809514774,false,ברילה פפרדלה איטריות ביצים 250 גרם,ברילה גי.אי.אר פרטלי ס.פ,,,'יח,2.50,ל-100 גרם,false,1,18.90,7.56,false,1,
8076809523738,false,דפי לזניה ברילה 500 גרם,ברילה גי.אי.אר פרטלי ס.פ,,,'יח,5,'יח,false,1,24.90,4.98,false,1,
8076809545440,false,ספגטי מספר 5 ללא גלוטן ברילה (400 גרם),ברילה ג'.אי.אר פרטלי,,,'יח,4,ל-100 גרם,false,1,14.90,3.73,false,1,
8076809545457,false,ברילה אטריות ללא גלוטן 400 ג' צינורות 400 ג',ברילה ג'.אי.אר פרטלי,,,'יח,4,ל-100 גרם,false,1,14.90,3.73,false,1,
8076809547956,false,פסטה ברילה קיפרי 500 גרם,ברילה ג'.אי.אר פרטלי,,,'יח,5,ל-100 גרם,false,1,7.90,1.58,true,1,
8410076600622,false,חטיפי גרנולה קראנצ'י עם שוקולד מריר נייצ'ר ואלי 210 גרם,ג'נרל מילס סאן אדריאן,,,'יח,2.10,ל-100 גרם,false,1,19.90,9.48,true,1,
8410104035112,false,פיניש נוזל הברקה למדיח כלים400 מ``ל,רקיט בנקיזר (ניר איסט) בעמ,,,'יח,4,"ל-100 מ""ל",false,1,15.90,3.98,true,1,
8410104045111,false,"פיניש מלח למדיח כלים 2ק""ג",רקיט בנקיזר (ניר איסט) בעמ,,,'יח,0,ל-100 גרם,false,1,14.90,14.90,true,1,
8423207206488,false,סלים דליס חטיף דגנים מצופה שוקולד חלב מרבה 6*20 גרם,אף.סי תבליני בגליל ב,,,'יח,1.20,ל-100 גרם,false,1,11.90,9.92,true,1,
8423207206495,false,סלים דליס חטיף דגנים מצופה שוקולד מריר מרבה 6*20 גרם,אף.סי תבליני בגליל ב,,,'יח,1.20,ל-100 גרם,false,1,11.90,9.92,true,1,
8423207206501,false,סלים דליס חטיף דגנים עם שוקולד חלב מרבה 6*13 גרם,סלים דליס Slim Delis,,,'יח,0.78,ל-100 גרם,false,1,11.90,15.26,true,1,
8423207207362,false,חטיפי סלים דליס שוקולד לבן מרבה 6 יחידות,ביסנצ'ורי אס.אל.יו,,,'יח,1.20,ל-100 גרם,false,1,11.90,9.92,true,1,
8423207208680,false,חטיף דגנים שוקולד סלים דליס לילדים מרבה 6 יחידות,ביסנצ'ורי אס.אל.יו,,,'יח,1.10,ל-100 גרם,false,1,11.90,10.82,true,1,
8423207208697,false,חטיפי סלים דליס לילדים שוקולד לבן מרבה 6 יחידות,ביסנצ'ורי אס.אל.יו,,,'יח,1.10,ל-100 גרם,false,1,11.90,10.82,true,1,
8423207208871,false,פריכיות תירס בטעם טבעי סלים דליס 130 גרם,גורי מוצרי צריכה (1991) בעמ,,,'יח,1.30,ל-100 גרם,false,1,9.90,7.62,false,1,
8423207208895,false,פריכיות תירס בטעם זיתים ועירית סלים דליס 123 ג',גורי מוצרי צריכה (1991) בעמ,,,'יח,1.30,ל-100 גרם,false,1,9.90,7.62,false,1,
8423207210287,false,מרבה סלים דליס שוקולד לבן בטעם יוגורט 120 ג',סלים דליס Slim Delis,,,'יח,1.20,ל-100 גרם,false,1,11.90,9.92,true,1,
8423207210928,false,חטיף דגנים מצופה שוקולד חלב ואגוזי לוז - 5 במארז,נוטרישן אנד סנטה קוב,,,'יח,1.10,ל-100 גרם,false,1,11.90,10.82,false,1,
8424842050030,false,צ'יפס בטעם מלח הימלאי 125 גרם רביו,א. סיימן סחר בעמ,,,'יח,1.25,ל-100 גרם,false,1,11.90,9.52,true,1,
8435495805199,false,אבקת כביסה תינוקלין- 66 כביסות (3 קג),מולינו ניקולי s.p.a,,,'יח,30,ל-100 גרם,false,6,39.90,1.33,false,1,
8435495819363,false,תינוקלין מרכך כביסה היפואלרגני 1 ליטר,ליימן שליסל בע`מ,,,'יח,10,"ל-100 מ""ל",false,1,19.90,1.99,false,1,
8683130025574,false,"מרכך כביסה מרוכז אקסטרה לבנדר בדין 960 מ""ל",יוניליוור ישראל שיווק בע`מ,,,'יח,9.60,"ל-100 מ""ל",false,1,15.90,1.66,false,1,
8683130025581,false,"מרכך כביסה מרוכז אקסטרה ענבר בדין 960 מ""ל",יוניליוור ישראל שיווק בע`מ,,,'יח,96,"ל-100 מ""ל",false,1,15.90,0.17,false,1,
8683323063024,false,יוגטה שטיחים בטעם תותי פרוטי 220 גרם,ליימן שליסל בע`מ,,,'יח,2.20,ל-100 גרם,false,30,6.90,3.14,false,1,
8690120060170,false,וופל נאמבר 1 שוקולד חלב 35 גרם,רויאל קנדיס בעמ,,,'יח,3.50,ל-100 גרם,false,1,2.90,0.83,true,1,
8690120060408,false,וופל נאמבר 1 שוקולד אגוזים 35 גרם,רויאל קנדיס בעמ,,,'יח,3.50,ל-100 גרם,false,1,2.90,0.83,true,1,
8690120139968,false,וופל נאמבר 1 שוקולד מריר 35 גרם,רויאל קנדיס בעמ,,,'יח,3.50,ל-100 גרם,false,1,2.90,0.83,true,1,
8690120160177,false,מארז וופל נאמבר וואן 24 יחידות,רויאל קנדיס בעמ,,,'יח,3.50,ל-100 גרם,false,1,34.90,9.97,false,1,
8690120160405,false,וופל נאמבר וואן ירוק 24 יחידות,רויאל קנדיס בעמ,,,'יח,3.50,ל-100 גרם,false,1,34.90,9.97,false,1,
8690120566139,false,וופל מצופה שוקולד מריר 35ג'*24 יח' NO1,רויאל קנדיס בעמ,,,'יח,3.50,ל-100 גרם,false,1,34.90,9.97,false,1,
8690504153740,false,גודייבה שוקולד מריר במילוי קרם גנאש 86 גרם,תה ויסוצקי (ישראל) בעמ,,,'יח,0.86,ל-100 גרם,false,1,14.90,17.33,true,1,
8690637503856,false,ממרח הלמנס כ- 40% פחות שומן לעומת מיונז,יוניליוור ישראל שיווק בע`מ,,,'יח,3.85,ל-100 גרם,false,1,13.90,3.61,false,1,
8690637866654,false,תה ירוק קלאסי בדצ 50 מעטפות ללא קפאין,יוניליוור ישראל שיווק בע`מ,,,'יח,32,ל-100 גרם,false,1,29.90,0.93,false,1,
8690637871245,false,הלמנס מיונז אמיתי 395 גר' בקבוק לחיץ.,יוניליוור ישראל שיווק בע`מ,,,'יח,3.85,ל-100 גרם,false,1,13.90,3.61,false,1,
8690637946318,false,"מרכך כביסה בדין מרוכז אקסטרה בייבי טלק 960 מ""ל",יוניליוור ישראל שיווק בע`מ,,,'יח,96,"ל-100 מ""ל",false,1,15.90,0.17,false,1,
8690766156374,false,גודייבה שוקולד מריר מעולה 72% מוצקי קקאו 72גרם,תה ויסוצקי (ישראל) בעמ,,,'יח,0.90,ל-100 גרם,false,1,14.90,16.56,true,1,
8690766156381,false,גודייבה שוקולד מריר 90% מוצקי קקאו 90 גרם,תה ויסוצקי (ישראל) בעמ,,,'יח,0.90,ל-100 גרם,false,1,14.90,16.56,true,1,
8690777206051,false,חציל קלוי על האש סרה ויליפוד 650 גרם,ג. וילי-פוד אינטרנשיונל בע`מ,,,'יח,6.50,ל-100 גרם,false,12,12.90,1.98,false,1,
8690777221405,false,פלפל אדום קלוי על האש 650 גר` ויליפוד,ג. וילי-פוד אינטרנשיונל בע`מ,,,'יח,6.20,ל-100 גרם,false,12,12.90,2.08,false,1,
8699073291273,false,פלפל כבוש חריף 640 גרם MELIS כשרות K,ג. וילי-פוד אינטרנשיונל בע`מ,,,'יח,6.40,ל-100 גרם,false,1,10.90,1.70,false,1,
8710502060021,false,מרבה פטיסרי עוגיות מאפין רכות 210 גרם,ש. שסטוביץ בע`מ,,,'יח,2,ל-100 גרם,false,1,11.90,5.95,true,1,
8710502139017,false,עוגיות טריפל שוקולד צ`יפס מרבה (180 גרם),בנקטבקריי מרבה בי.וי,,,'יח,1.80,ל-100 גרם,false,1,9.90,5.50,true,1,
8710502279010,false,מרבה עוגיות שוקולד צ'יפס מצופות שוקולד 175 גרם,"י.מרבה ישראל בע""מ",,,'יח,1.75,ל-100 גרם,false,1,9.90,5.66,true,1,
8710502470028,false,עוגיות שוקולד צ'יפס ממולאות בקרם נוגט,קריניציה ויטמינה אס,,,'יח,1.60,ל-100 גרם,false,1,9.90,6.19,true,1,
8711000371183,false,ג'ייקובס קפסולות קפה אספרסו אינטסו עוצמה 10,ג'ייקובס דאו אגברטס צרפת,,,'יח,0.52,ל-100 גרם,false,1,15.90,30.58,false,1,
8711327475618,false,מגנום פיינט וניל קלאסיק 260 גר`,"מפעל גלידות בווספרם, רחו",,,'יח,2.60,ל-100 גרם,false,1,21.90,8.42,false,1,
8712000051099,false,"שישיית בירה היינקן 0% אלכוהל בקבוק 330 מ""ל","מבשלת היינקן, ריטבלדנברג",,,'יח,3.30,"ל-100 מ""ל",false,4,34.90,10.03,true,1,
8712400802536,false,תרכובת מזון המשך לפעוטות על בסיס חלב שלב 3,דיפלומט מפיצים (1968) בעמ**,,,'יח,8,ל-100 גרם,false,12,59.90,7.49,false,1,
8712561594608,false,"דאב תחליב רחיצה להזנה עמוקה 750 מ""ל",יוניליוור ישראל שיווק בע`מ,,,'יח,7.50,"ל-100 מ""ל",false,1,19.90,2.65,false,1,
8712561611411,false,"תחליב רחצה בניחוח מלפפון ותה ירוק דאב 750 מ""ל",יוניליוור ישראל שיווק בע`מ,,,'יח,7.50,"ל-100 מ""ל",false,1,19.90,2.65,false,1,
8714599513781,false,"קפה נמס מיובש בהקפאה זהב צנצנת ג'ייקובס 200 גרם לל""ס",דיפלומט מפיצים (1968) בעמ**,,,'יח,2,ל-100 גרם,false,6,29.90,14.95,false,1,
8714599513835,false,גי'קובס קרונונג נייט אנד דיי - נטול קופיאין,דיפלומט מפיצים (1968) בעמ**,,,'יח,2,ל-100 גרם,false,6,34.90,17.45,false,1,
8714599513866,false,"קפה נמס מיובש בהקפאה קרונג צנצנת ג'ייקובס 200 גרם לל""ס",דיפלומט מפיצים (1968) בעמ**,,,'יח,2,ל-100 גרם,false,6,29.90,14.95,false,1,
8714789402918,false,נוזל לניקוי כללי ורצפות בניחוח פרחי בר אג'קס 1.5 ליטר,הנסיך- מפעל לייצור ט,,,'יח,15,"ל-100 מ""ל",false,1,19.90,1.33,false,1,
8714789450315,false,פלמוליב נוזל כלים לימון 1.5 ליטר,הנסיך- מפעל לייצור ט,,,'יח,15,"ל-100 מ""ל",false,1,14.90,0.99,false,1,
8714789834467,false,פלמוליב נוזל לניקוי כלים קלאסי 1.5 ליטר,קולגייט-פלמוליב,,,'יח,15,"ל-100 מ""ל",false,1,14.90,0.99,false,1,
8715700110141,false,מיונז קרמי היינץ צנצנת 460ג',דיפלומט מפיצים (1968) בעמ**,,,'יח,4.60,ל-100 גרם,false,8,12.90,2.80,true,1,
8715700115641,false,ממרח מיונז לחיץ לייט במרקם קרמי 420 ג' היינץ,דיפלומט מפיצים (1968) בעמ**,,,'יח,4.20,ל-100 גרם,false,1,14.90,3.55,false,1,
8715700118925,false,היינץ מתבל עגבניות חריף 460 גר`,דיפלומט מפיצים (1968) בע`מ,,,'יח,1,,false,1,12.90,12.90,false,1,
8715700419732,false,מתבל עגבניות היינץ (700 גרם),דיפלומט מפיצים (1968) בעמ**,,,'יח,7,ל-100 גרם,false,10,11.90,1.70,true,1,
8715700422473,false,ממרח לכריכים וסלטים ללא ח. משמרים היינץ 395 גרם,דיפלומט מפיצים (1968) בעמ**,,,'יח,3.95,ל-100 גרם,false,1,16.90,4.28,false,1,
8717163630105,false,"שמפו טרזמה להחלקה וצבע 400 מ""ל",יוניליוור ישראל שיווק בע`מ,,,'יח,5,"ל-100 מ""ל",false,1,19.90,3.98,false,1,
8717163647226,false,"אקס דאודורנט ספריי גוף בלאק 150 מ""ל",יוניליוור ישראל שיווק בע`מ,,,'יח,1.50,"ל-100 מ""ל",false,1,14.90,9.93,false,1,
8717163647264,false,"אקס דאודורנט ספריי גוף אייס צ'יל 150 מ""ל",יוניליוור ישראל שיווק בע`מ,,,'יח,1.50,"ל-100 מ""ל",false,1,14.90,9.93,false,1,
8717677338436,false,שוקולד חלב עם אגוזי לוז טוניס' שוקולונלי 180 גרם,ליימן שליסל בע`מ,,,'יח,1.80,ל-100 גרם,false,1,18.90,10.50,false,1,
8718114734484,false,ממרח מיוני מיילי 320 גרם,א. סיימן סחר בעמ,,,'יח,3.20,ל-100 גרם,false,1,15.90,4.97,true,1,
8718951030206,false,"קולגייט סנסיטיב פרוטקשן משחת שיניים לשיניים רגישות 75 מ""ל",קולגייט-פלמוליב,,,'יח,0.75,ל-100 גרם,false,1,17.90,23.87,true,1,
8718951166288,false,"משחת שיניים קולגייט מקס וייט 125 מ""ל",הנסיך- מפעל לייצור ט,,,'יח,1.25,"ל-100 מ""ל",false,1,19.90,15.92,false,1,
8718951236790,false,"קולגייט טוטאל משחת שיניים קלין מינט לפה בריא 100 מ""ל",קולגייט פלמוליב,,,'יח,1,"ל-100 מ""ל",false,1,16.90,16.90,true,1,
8718951236813,false,"קולגייט טוטאל משחת שיניים ניקוי מתקדם לפה בריא יותר 100 מ""ל",קולגייט פלמוליב,,,'יח,1,ל-100 גרם,false,1,16.90,16.90,true,1,
8718951240742,false,"קולגייט טוטאל משחת שיניים פסים מרעננים 100 מ""ל",איינשטיין-צור יבוא-יצוא וסחר ב,,,'יח,1,ל-100 גרם,false,1,16.90,16.90,true,1,
8718951315303,false,"קולגייט אדומה משחת שיניים להגנה מפני עששת 2*100 מ""ל",קולגייט-פלמוליב,,,'יח,2,"ל-100 מ""ל",false,1,19.90,9.95,false,1,
8718951381292,false,"משחת שיניים מקס דיטוקס פואם קולגייט 125 מ""ל",ש. שסטוביץ בע`מ,,,'יח,1.25,"ל-100 מ""ל",false,1,19.90,15.92,false,1,
8718951385290,false,אג`קס ניקוי כללי עוצמת ב -7כחול 2 ליטר,קולגייט פלמוליב,,,'יח,20,"ל-100 מ""ל",false,1,23.90,1.20,false,1,
8719200998001,false,מרגרינה לאפיה ובישול בלי מלח 200 ג' בלו בנד,יוניליוור ישראל מזון בע\,,,'יח,2,ל-100 גרם,false,1,4.50,2.25,false,1,
8719200998018,false,מחמאה מרגרינה בטעם חמאה בלובנד 200 גרם,"מיוצר ע""\י יוניליוור ישר",,,'יח,2,ל-100 גרם,false,1,4.90,2.45,false,1,
8719200998032,false,"מרגרינה מזולה גלורי טעם חמאה 250גר 8 יחידות - כשל""פ","מיוצר ע""\י יוניליוור ישר",,,'יח,2.50,ל-100 גרם,false,1,10.70,4.28,false,1,
8719200998049,false,"מרגרינה מזולה גלורי רגיל 250גר 8 יחידות -כשל""פ","מיוצר ע""\י יוניליוור ישר",,,'יח,2.50,ל-100 גרם,false,1,10.70,4.28,false,1,
8720181045912,false,"אקס דאודורנט ספריי גוף אפריקה 150 מ""ל",יוניליוור ישראל שיווק בע`מ,,,'יח,1.50,"ל-100 מ""ל",false,1,14.90,9.93,false,1,
8720181090219,false,תחליב רחצה רימונים ותמצית פרח היביסקוס,יוניליוור ישראל שיווק בע`מ,,,'יח,7.50,"ל-100 מ""ל",false,1,19.90,2.65,false,1,
8802241131664,false,חטיף אצות קלויות עם מלח ים Laverland Crunch,טחנת האבן קואופ בעמ,,,'יח,2,ל-100 גרם,false,1,22.90,11.45,false,1,
8850389105832,false,סאפה משקה אלוורה בטעם תפוח עם קוביות אלוורה 1 ליטר,סאפה פובליק קומפני לימיט,,,'יח,10,"ל-100 מ""ל",false,12,12.90,1.26,false,1,
8850632604259,false,"יוגטה, חיספוסים, ממתק חמוץ בצורת מקלות בטעם תות שדה,50 גרם",ליימן שליסל בע`מ,,,'יח,1,,false,1,4.90,4.90,false,1,
8850632604372,false,"יוגטה, חיספוסים בצורת שטיח בטעם תות שדה 50 גרם",ליימן שליסל בע`מ,,,'יח,1,,false,1,4.90,4.90,false,1,
8850632606390,false,"יוגטה, חיספוסים, ממתק חמוץ בצורת שטיח בטעם אבטיח, 50 גרם",ליימן שליסל בע`מ,,,'יח,1,,false,1,4.90,4.90,false,1,
8851613101385,false,"חלב קוקוס ארוי-די קרטון 500מ""ל",גורי מוצרי צריכה (1991) בעמ,,,'יח,5,"ל-100 מ""ל",false,1,12.90,2.58,false,1,
8858744800064,false,מחית קארי אדום 50 גרם כשר,קנוקוואן פוד פרודקטס,,,'יח,1,,false,1,5.90,5.90,false,1,
8888021200720,false,סוללות אנרג'ייזר AAA מקס 8 יחידות,יצרן: אנרג'ייזר סינג,,,'יח,1,,false,1,24.90,24.90,false,1,
8900052762005,false,מכשיר לבישול ואפייה,ד.ש.ש אלקטרוניקה בעמ`,,,'יח,1,'יח,false,1,199,199,false,1,
8901537024014,false,"אורז בסמטי מובחר 1 ק""ג - דוואט) יורה דיעה",ג. וילי-פוד אינטרנשיונל בע`מ,,,'יח,10,ל-100 גרם,false,1,12.90,1.29,true,1,
9001148803103,false,שיני שום קלופות 170,ביכורי השדה הצפון בעמ` 1964,,,'יח,1,,false,1,11.90,11.90,false,1,
9002975393812,false,סוכריות גילי הריבו האפי צירי 70 גרם,"האריבו , ג'\י.אם.בי.אייץ",,,'יח,1,'יח,false,1,6.90,6.90,true,1,
9002975393829,false,סוכריות גילי הריבו פיציס 70 גרם,"האריבו , ג'\י.אם.בי.אייץ",,,'יח,1,'יח,false,1,6.90,6.90,true,1,
9002975393836,false,סוכריות גילי הריבו האפי קולה 70 גרם,"האריבו , ג'\י.אם.בי.אייץ",,,'יח,1,'יח,false,1,6.90,6.90,true,1,
9002975393843,false,סוכריות גילי הריבו גולדברס 70 גרם,"האריבו , ג'\י.אם.בי.אייץ",,,'יח,1,'יח,false,1,6.90,6.90,true,1,
9002975393850,false,סוכריות גילי הריבו וורמס 70 גרם,"האריבו , ג'\י.אם.בי.אייץ",,,'יח,1,'יח,false,1,6.90,6.90,true,1,
72901108071952,true,חנוכייה מעוצבת חגיגית,ד.ג.ש ייבוא ושיווק בעמ,,,'יח,1,,false,1,59.90,59.90,false,1,
