code,internal_code,name,manufacturer_name,manufacture_country,manufacturer_item_description,unit_qty,quantity,unit_of_measure,weighted,qty_in_package,price,unit_of_measure_price,allow_discount,status,item_id
8989909,false,סירופ תפוחים,,,סירופ תפוחים,ליטרים,1.20,ליטר,false,0,18.90,15.75,true,1,
32147230,false,"מיץ לימון משומר 200 מ""ל",סידג,CH,מיץ לימון משומר,מיליליטרים,200.00,"100 מ""ל",false,0,5.90,2.95,true,1,
50120000,false,דאודורנט רול-און אינביזי,יוניליוור אנגליה,GB,דאו רול אינביזיב,מיליליטרים,50.00,"100 מ""ל",false,1,14.90,29.80,true,1,
59013662,false,דאו.דאב רול און קקאו  50,"יוניליוור אנגליה, דרך קו",GB,דאודורנט דאב,מיליליטרים,50.00,"100 מ""ל",false,1,14.90,29.80,true,1,
59013891,false,דאו.דאב רול און לוטוס50מ,"יוניליוור אנגליה, דרך קו",GB,דאודורנט דאב,מיליליטרים,50.00,"100 מ""ל",false,1,14.90,29.80,true,1,
59079798,false,רקסונה רול.שאוור פרש50מל,"יוניליוור אנגליה, דרך קו",GB,דאו.רקסונה,מיליליטרים,50.00,"100 מ""ל",false,1,13.90,27.80,true,1,
59079811,false,דאו.רקסונה רול און טלק50,"יוניליוור אנגליה, דרך קו",GB,דאו.רקסונה,מיליליטרים,50.00,"100 מ""ל",false,1,13.90,27.80,true,1,
59082637,false,רקסונה מן רול און קול50מ,,GB,רקסונה רול און,מיליליטרים,50.00,"100 מ""ל",false,1,13.90,27.80,true,1,
59085645,false,דאו.דאב רול און אסאי 50,"יוניליוור אנגליה, דרך קו",GB,דאודורנט דאב,מיליליטרים,50.00,"100 מ""ל",false,1,14.90,29.80,true,1,
72909799,false,חטיף קליק נוגט 35 גרם,תות תעשיות מזון (2014) ב,IL,חטיף קליק נוגט,גרמים,35.00,100 גרם,false,0,3.90,11.14,true,1,
72940754,false,"מילקי בטעם וניל 170 מ""ל","שטראוס גרופ בע""\מ",IL,מילקי טעם וניל,מיליליטרים,170.00,"100 מ""ל",false,0,2.70,1.59,true,1,
72940761,false,"מילקי בטעם שוקולד 170מ""ל","שטראוס גרופ בע""\מ",IL,מילקי טעם שוקולד,מיליליטרים,170.00,"100 מ""ל",false,0,2.70,1.59,true,1,
72940952,false,"מילקי אקסטרה קצפת 170מ""ל","שטראוס גרופ בע""\מ",IL,מילקי אקסטרה,מיליליטרים,170.00,"100 מ""ל",false,0,3.50,2.06,true,1,
72945308,false,קוביות שמרים לחים אפיה50,"פאקא תעשיות בע""\מ",IL,קוביות שמרים,גרמים,50.00,100 גרם,false,0,2.90,5.80,true,1,
72961209,false,"שמנית חמוצה 15% 200 מ""ל",תנובה,IL,שמנית תנובה 15%,מיליליטרים,200.00,"100 מ""ל",false,0,2.20,1.10,true,1,
72961216,false,"אשד 200 מ""ל",מחלבת אלון תבור,IL,"אשד 200 מ""ל",מיליליטרים,200.00,"100 מ""ל",false,0,1.50,0.75,true,1,
72961223,false,גילה 3%,,IL,גילה 3%,מיליליטרים,200.00,"100 מ""ל",false,0,1.30,0.65,true,1,
72961506,false,פרילי תות 1.5% 125 גרם,מחלבת אלון תבור,IL,פרילי תות,גרמים,125.00,100 גרם,false,0,2.90,2.32,true,1,
72961513,false,"פרילי משמש 125 מ""ל",מחלבת אלון תבור,IL,פרילי משמש,מיליליטרים,125.00,"100 מ""ל",false,0,2.90,2.32,true,1,
72961520,false,פרילי אננס 1.5% 125 גרם,מחלבת אלון תבור,IL,פרילי אננס 1.5%,גרמים,125.00,100 גרם,false,0,2.90,2.32,true,1,
72961544,false,באדי תות 3% 125 גרם,מחלבת אלון תבור,IL,מעדן באדי תות 3%,גרמים,125.00,100 גרם,false,0,2.60,2.08,true,1,
72963128,false,חמאה מהדרין 100 גרם,,IL,חמאה מהדרין,גרמים,100.00,100 גרם,false,0,3.60,3.60,true,1,
72963753,false,שמ.של פעם חמוצה27% 200ג,תנובה,IL,שמנת חמוצה תנובה,גרמים,200.00,100 גרם,false,0,3.90,1.95,true,1,
72964132,false,פרילי טבע גרנולה 200 גרם,מחלבת אלון תבור,IL,פרילי טבע גרנולה,גרמים,200.00,100 גרם,false,0,4.50,2.25,true,1,
72964422,false,"יוגורט תנובה 4.5% 200מ""ל",תנובה,IL,יוגורט תנובה4.5%,מיליליטרים,200.00,"100 מ""ל",false,0,2.50,1.25,true,1,
72983225,false,מעדן מילקי הפוך 11% 170מ,"שטראוס גרופ בע""\מ",IL,מעדן מילקי הפוך,מיליליטרים,170.00,"100 מ""ל",false,0,3.50,2.06,true,1,
72986233,false,באדי וניל 2%שומן 125 גרם,תנובה,IL,מעדן באדי וניל,גרמים,125.00,100 גרם,false,0,2.50,2.00,true,1,
72986240,false,באדי שוקו 2%שומן 125 גרם,תנובה,IL,מעדן באדי שוקו,גרמים,125.00,100 גרם,false,0,2.50,2.00,true,1,
72986370,false,"גל.וניל צרפתי כשל""פ",מוצרי איכות אמריקאיים,IL,גלידה בן & ג'ריס,מיליליטרים,500.00,"100 מ""ל",false,0,17.90,3.58,true,1,
72986424,false,"גל.קרם עוגיות 500 מ""ל",מוצרי איכות אמריקאיים בע,IL,גלידה בן & ג'ר,מיליליטרים,500.00,"100 מ""ל",false,0,17.90,3.58,true,1,
72989425,false,גלידה שוקולד בראוניס 500,מוצרי איכות אמריקאיים בע,IL,גלידה בן & ג'ר,מיליליטרים,500.00,"100 מ""ל",false,0,17.90,3.58,true,1,
72991008,false,פסק זמן חלב מגדים 45 גרם,עלית,IL,פסק זמן חלב,גרמים,45.00,100 גרם,false,0,4.90,10.89,true,1,
72991886,false,גלידת דולצ'ה דה לצ'ה,מוצרי איכות אמריקאיים בע,IL,גלידה בן & ג'ר,מיליליטרים,500.00,"100 מ""ל",false,0,17.90,3.58,true,1,
72993637,false,דני שוקולד 1.5% 125 גרם,"שטראוס גרופ בע""\מ",IL,דני שוקולד 1.5%,גרמים,125.00,100 גרם,false,0,2.40,1.92,true,1,
80176800,false,ממרח נוטלה 750 גרם,פררו,IT,ממרח נוטלה,גרמים,750.00,100 גרם,false,0,19.90,2.65,true,1,
80768890,false,מסטיק מנטוס מנטה עדינה,פרפטי ואן מלה,TR,מסטיק מנטוס,גרמים,105.00,100 גרם,false,1,15.90,15.14,true,1,
80769699,false,מנטוס וויט פירות מנטה60ג,פרפטי ואן מלה,TR,מנטוס וויט,גרמים,60.00,100 גרם,false,0,9.90,16.50,true,1,
80773429,false,מסטיק מנטוס בקבוק תות60ג,"פרפטי ואן מלה ג'ידה,סאן",TR,מנטוס בקבוק,גרמים,60.00,100 גרם,false,1,9.90,16.50,true,1,
80773443,false,מסטיק  מנטה עדינה בקבוק,"פרפטי ואן מלה ג'ידה,סאן",TR,מסטיק מנטוס,גרמים,60.00,100 גרם,false,1,9.90,16.50,true,1,
80790990,false,מסטיק פירות מנטה בקבוק,"פרפטי ואן מלה ג'ידה,סאן",TR,מסטיק מנטוס,גרמים,60.00,100 גרם,false,1,9.90,16.50,true,1,
80828174,false,מנטוס וויט מנטה מתוקה60ג,פרפטי ואן מלה,TR,מנטוס וויט,גרמים,60.00,100 גרם,false,0,9.90,16.50,true,1,
80850885,false,מנטוס וויט מנטה עדינה60ג,פרפטי ואן מלה,TR,מנטוס וויט,גרמים,60.00,100 גרם,false,0,9.90,16.50,true,1,
80896081,false,מסטיק מנטוס אבטיח60גרם,"פרפטי ואן מלה ג'ידה,סאן",TR,מנטוס בקבוק,גרמים,60.00,100 גרם,false,1,9.90,16.50,true,1,
80913467,false,מסטיק מנטוס מנטה בקבוק60,פרפטי ואן מלה,TR,מסטיק מנטוס,גרמים,60.00,100 גרם,false,1,9.90,16.50,true,1,
87108651,false,מנטוס מנטה 4יח37.5X'גרם,פרפטי ואן מלה ברדה,NL,מנטוס מנטה 4 יח',גרמים,150.00,100 גרם,false,0,9.90,6.60,true,1,
87108712,false,מנטוס טעם פירות4יח37.5Xג,פרפטי ואן מלה,NL,מנטוס פירות 4,גרמים,150.00,100 גרם,false,0,9.90,6.60,true,1,
87342802,false,דאו.אקס רול און גולד 50מ,"יוניליוור אנגליה, דרך קו",GB,דאודורנט אקס,מיליליטרים,50.00,"100 מ""ל",false,1,14.90,29.80,true,1,
9073102314,false,סורבט שרונס קוקוס 473 מ,,IL,סורבט קוקוס473,מיליליטרים,473.00,"100 מ""ל",false,0,17.90,3.78,true,1,
11182700930,false,שעועית אדומה כהה 439 גרם,הנובר פודס,US,שעועית אדומה439ג,גרמים,439.00,100 גרם,false,1,9.90,2.26,true,1,
11182700954,false,שעועית שחורה 439 גרם,האנאובר פודס קורפורשיין,US,שעועית שחורה439ג,גרמים,439.00,100 גרם,false,1,9.90,2.26,true,1,
11210000094,false,"רוטב טבסקו 60 מ""ל",ניצן,US,רוטב טבסקו,מיליליטרים,60.00,"100 מ""ל",false,0,9.90,16.50,true,1,
16000423534,false,קראנצי שיבולת ושוקולד5יח,ג'נרל מילס,ES,חטיף נייצ'ר ואלי,גרמים,210.00,100 גרם,false,0,12.90,6.14,true,1,
16000548404,false,חטיף נייטשר ואלי ש.שועל5,ג'נרל מילס,ES,חטיף נייטשר ואלי,גרמים,210.00,100 גרם,false,0,12.90,6.14,true,1,
16000548503,false,נייטשר וואלי מייפל 5יח,ג'נרל מילס,ES,חטיף נייטשר ואלי,גרמים,210.00,100 גרם,false,0,12.90,6.14,true,1,
16000548602,false,נייטשר וואלי קינמון 5יח,ג'נרל מילס,ES,חטיף נייטשר ואלי,גרמים,210.00,100 גרם,false,0,12.90,6.14,true,1,
16000548909,false,נייטשר וואלי גרנולה 5יח',ג'נרל מילס,ES,חטיף נייטשר ואלי,גרמים,210.00,100 גרם,false,0,12.90,6.14,true,1,
18000701223,false,תערובת לעוגת שוקולד500גר,ג'נרל מילס,IL,תערובת לעוגה,גרמים,500.00,100 גרם,false,0,14.90,2.98,true,1,
18000703494,false,תערובת לעוגת וניל 500גרם,ג'נרל מילס,IL,תערובת לעוגה,גרמים,500.00,100 גרם,false,0,14.90,2.98,true,1,
18000703517,false,תערובת לעוגת שיש 550 גרם,ג'נרל מילס,IL,תערובת לעוגה,גרמים,550.00,100 גרם,false,0,14.90,2.71,true,1,
18176783108,false,שוקולד חלב,,,שוקולד חלב,גרמים,100.00,100 גרם,false,0,12.90,12.90,true,1,
18176783207,false,שוקולד מריר,,,שוקולד מריר,גרמים,100.00,100 גרם,false,0,12.90,12.90,true,1,
18176784105,false,שוקולד לבן,,IL,שוקולד לבן,גרמים,100.00,100 גרם,false,0,9.90,9.90,true,1,
18176784907,false,שוקולד טורינו,,,שוקולד טורינו,גרמים,500.00,100 גרם,false,0,16.90,3.38,true,1,
18176785003,false,שוקולד טורינו,,IL,שוקולד טורינו,גרמים,138.00,100 גרם,false,0,18.90,13.70,true,1,
18176785508,false,שוקולד טורינו,,IL,שוקולד טורינו,גרמים,100.00,100 גרם,false,0,9.90,9.90,true,1,
18787765166,false,סבון נוזלי מנטה אורגני,דר ברונר,US,סבון נוזלי מנטה,מיליליטרים,472.00,"100 מ""ל",false,0,39.90,8.45,true,1,
18787767160,false,סבון נוזלי פריחת הדובדבן,דר ברונר,US,סבון נוזלי ברונר,מיליליטרים,472.00,"100 מ""ל",false,1,39.90,8.45,true,1,
18787777169,false,סבון נוזלי תפוז,דר ברונר,US,סבון נוזלי תפוז,מיליליטרים,472.00,"100 מ""ל",false,0,39.90,8.45,true,1,
18787779163,false,סב.נוזלי תה ירוק אורגני,דר ברונר,US,סבון נוזלי,מיליליטרים,472.00,"100 מ""ל",false,0,39.90,8.45,true,1,
18787787052,false,סבון מוצק תפוז דר' ברונר,דר ברונר,US,סבון מוצק תפוז,גרמים,140.00,100 גרם,false,0,18.90,13.50,true,1,
18787792056,false,סבון מוצק יסמין סנדלווד,דר ברונר,US,סבון מוצק ברונר,גרמים,140.00,100 גרם,false,1,18.90,13.50,true,1,
21859040481,false,תערובת לקניידלך 127 גרם,אימפריאל פודס אינק,US,תערובת לקניידלך,גרמים,127.00,100 גרם,false,1,9.70,7.64,true,1,
21859046254,false,דגני בוקר פירות 425 גרם,גליסטר,US,דגני בוקר פירות,גרמים,425.00,100 גרם,false,1,22.90,5.39,true,1,
22200956932,false,ספיד סטיק ג'ל 24/7 כחול,קולגייט פלמוליב,US,דאודורנט ג'ל,גרמים,85.00,100 גרם,false,0,17.90,21.06,true,1,
22200956949,false,ספיד סטיק ג'ל24/7- כתום,קולגייט פלמוליב,US,דאודורנט,גרמים,85.00,100 גרם,false,0,17.90,21.06,true,1,
23005001445,false,מחית דובדבנים לפאי 595 ג,,US,מחית דובדבנים,גרמים,595.00,100 גרם,false,1,19.90,3.34,true,1,
23005004767,false,מחית דובדבנים לפאי לייט,,US,מחית דובדבנים,גרמים,567.00,100 גרם,false,1,19.90,3.51,true,1,
25215494123,false,אוזניות כפתור +מיק' כחול,,IL,אוזניות כפתור,יחידה,1.00,יחידה,false,1,19.90,19.90,true,1,
25675015050,false,פריכיות אורז,,,פריכיות אורז,גרמים,140.00,100 גרם,false,0,5.90,4.21,true,1,
25675015159,false,פריכיות,,,פריכיות,גרמים,155.00,100 גרם,false,0,5.90,3.81,true,1,
25675015289,false,פריכיות דגנים,,,פריכיות דגנים,גרמים,140.00,100 גרם,false,0,5.90,4.21,true,1,
25675015357,false,פריכיות כוסמין,,,פריכיות כוסמין,גרמים,155.00,100 גרם,false,0,5.90,3.81,true,1,
25675094703,false,לקקן טופי דובדבן,,,לקקן טופי דובדבן,גרמים,540.00,100 גרם,false,0,15.90,2.94,true,1,
25675120020,false,םרג 100 לטפ םעטב םיצוצמח,ירוג,NL,חמצוצים פטל,גרמים,100.00,100 גרם,false,0,6.90,6.90,true,1,
25675120037,false,םרג 100 תות םעטב םיצוצמח,ירוג,NL,חמצוצים תות,גרמים,100.00,100 גרם,false,0,6.90,6.90,true,1,
25675120068,false,םרג100 הלוק םעטב םיצוצמח,ירוג,NL,חמצוצים קולה,גרמים,100.00,100 גרם,false,0,6.90,6.90,true,1,
25675125889,false,מיני מילק מאנץ שקית 250,נטרא אונאטי,ES,מיני מילק,גרמים,250.00,100 גרם,false,1,16.90,6.76,true,1,
25675950313,false,סוכ.אודלס בטעם תות 224 ג,צאוזי גונדילונג פוד,CN,סוכרית אודלס224ג,גרמים,224.00,100 גרם,false,1,12.90,5.76,true,1,
25675950351,false,סוכ.אודלס בטעם דובדבן,צאוזי גונדילונג פוד,CN,סוכרית אודלס224ג,גרמים,224.00,100 גרם,false,1,12.90,5.76,true,1,
25675950405,false,"סוכ.אודלס תפו""ע ירוק224ג",צאוזי גונדילונג פוד,CN,סוכרית אודלס224ג,גרמים,224.00,100 גרם,false,1,12.90,5.76,true,1,
25700005650,false,זיפלוק שקיות הקפאה 14 יח,תאי גריפטק קו,TH,שקיות הקפאה,יחידה,1.00,יחידה,false,1,11.90,11.90,true,1,
25700005698,false,זיפלוק שקיות אחסון 24 יח,,US,שקיות אחסון,יחידה,1.00,יחידה,false,1,11.90,11.90,true,1,
27000390146,false,רוטב עגבניות  426 ג,קונאגרה פודס,US,רוטב עגבניות,גרמים,426.00,100 גרם,false,1,7.90,1.85,true,1,
36000183399,false,12 האגיס חיתולי שחיה S,חוגלה קימברלי,CZ,חיתול שחיה האגיס,יחידה,1.00,יחידה,false,0,34.90,34.90,true,1,
41152232017,false,רוטב ג'לי חמוציות 397 גר,גולד פיור פוד,US,רוטב חמוציות,גרמים,397.00,100 גרם,false,1,10.90,2.75,true,1,
41152282012,false,רוטב חמוציות שלמות 397 ג,קלמנט פאפס,US,רוטב חמוציות,גרמים,397.00,100 גרם,false,1,10.90,2.75,true,1,
41190045600,false,דגני בוקר פצפוצי אורז340,ווקפרן פוד,US,דגני בוקר,גרמים,340.00,100 גרם,false,0,18.30,5.38,true,1,
41844000016,false,חמאה 250 גרם,קואופרטיב לטיטורי,FR,חמאה,גרמים,250.00,100 גרם,false,1,19.90,7.96,true,1,
43427000345,false,פריכיות אורז דגנים 90גרם,KZP,PL,פריכיות אורז 90ג,גרמים,90.00,100 גרם,false,1,4.90,5.44,true,1,
43427001489,false,"קמח שקדים כשל""פ 400 גרם",,US,קמח שקדים,גרמים,400.00,100 גרם,false,1,49.90,12.48,true,1,
43427001496,false,רוטב ספייסי מיו 454 גרם,אם אס אר,TH,רוטב ספייסי מיו,גרמים,454.00,100 גרם,false,1,14.90,3.28,true,1,
43427001878,false,שערות סבתא 22 גרם ליברס,סנרייז,US,שערות סבתא,גרמים,22.00,100 גרם,false,1,4.90,22.27,true,1,
43427001991,false,מגה קנדי בוטנס 57 גרם,סנרייז,US,מגה קנדי בוטנס,גרמים,56.00,100 גרם,false,1,12.90,23.04,true,1,
43427002424,false,חומץ יין לבן,אקוביאנל,ES,חומץ יין לבן,מיליליטרים,500.00,"100 מ""ל",false,1,12.90,2.58,true,1,
43427002899,false,חומץ תפוחים טבעי ליברס,אסיטיס יבארה,ES,חומץ תפוחים טבעי,מיליליטרים,500.00,"100 מ""ל",false,1,9.90,1.98,true,1,
43427003919,false,שקיות רשת לבישול 8 יח',,IL,שקיות לבישול 8יח,יחידה,1.00,יחידה,false,1,9.90,9.90,true,1,
43427004619,false,רוטב ברווז חמוץ מתוק 793,אם אס ער,TH,רוטב ברווז חמוץ.,גרמים,793.00,100 גרם,false,1,14.90,1.88,true,1,
43427006743,false,מלפפון חמוצים בינוני 720,קיי איי פי,IN,מלפפון חמוצים,מיליליטרים,720.00,"100 מ""ל",false,1,13.90,1.93,true,1,
43427007870,false,"חומץ בלסמי אורגני כשל""פ",אקוביאנל,ES,חומץ בלסמי,מיליליטרים,500.00,"100 מ""ל",false,1,19.90,3.98,true,1,
43427007887,false,חומץ יין אדום כשלפ 500מל,אקוביאנל,ES,חומץ יין אדום,מיליליטרים,500.00,"100 מ""ל",false,1,12.90,2.58,true,1,
43427011525,false,"פרוסות פלפל חריף 473 מ""ל",,US,פרוסות פלפל חריף,מיליליטרים,473.00,"100 מ""ל",false,1,19.90,4.21,true,1,
43427017107,false,רסק תפוחים ממותק שישיות,אינדיאן סאמר,IL,רסק תפוחים ממותק,גרמים,680.00,100 גרם,false,1,14.90,2.19,true,1,
43427022309,false,"מיץ חמוציות""ליברס1.89""ל",,US,מיץ חמוציות,ליטרים,1.89,ליטר,false,1,19.90,10.53,true,1,
43427101332,false,סירופ תירס בהיר 340 גרם,,US,סירופ תירס 340 ם,מיליליטרים,355.00,"100 מ""ל",false,1,14.90,4.20,true,1,
43427111102,false,סוכריות כפתורים חמוץ מתו,סנרייז,US,סוכריות כפתורים,גרמים,56.00,100 גרם,false,1,12.90,23.04,true,1,
43427111898,false,מלפפונים חמוצים קטן מאוד,קיי איי פי,IN,מלפפונים חמוצים,מיליליטרים,720.00,"100 מ""ל",false,1,16.90,2.35,true,1,
43427127011,false,תחתית פאי אפויה 170 גרם,,IL,תחתית פאי אפויה,גרמים,170.00,100 גרם,false,1,8.50,5.00,true,1,
43427130516,false,קרקר מלוח סנקרס 388 גרם,ביי וואלי פודס,US,קרקר מלוח ליברס,גרמים,388.00,100 גרם,false,1,19.90,5.13,true,1,
43427170161,false,עוגיות שוקו.ציפס 397 גרם,ביי וואלי פודס,US,עוגיות שוקו.ציפס,גרמים,397.00,100 גרם,false,0,18.90,4.76,true,1,
43427176002,false,"שמן אבוקדו ""ליברס"" 500מל",ווברס,US,שמן אבוקדו,מיליליטרים,500.00,"100 מ""ל",false,1,39.90,7.98,true,1,
43427180009,false,צאו מיין נודלס עבים 283,,US,נודלס עבים,גרמים,283.00,100 גרם,false,1,11.90,4.20,true,1,
43427180016,false,"רסק תפוחים ללת""ס 680 גרם",אינדיאן סאמר,US,"רסק תפוחים  ללת""",גרמים,680.00,100 גרם,false,1,14.90,2.19,true,1,
43427201483,false,רוטב סריראצה 454 גרם,אם אס אר,TH,רוטב סריראצה,גרמים,454.00,100 גרם,false,1,14.90,3.28,true,1,
43427205009,false,פלחי מנדרינות ליברס312גר,נינגבו הייטוונג פוד,CN,פלחי מנדרינות,גרמים,312.00,100 גרם,false,1,4.90,1.57,true,1,
43427211383,false,עוגיות מיני בציפוי שוקול,פרימרט,PL,עוגיות מיני בציפ,גרמים,150.00,100 גרם,false,1,11.90,7.93,true,1,
43427221528,false,"מיץ תפוחים טבעי""ליברס""",,US,מיץ תפוחים טבעי,ליטרים,1.89,ליטר,false,1,21.90,11.59,true,1,
43427222143,false,פרורי תירס 340 גרם,סנטי,PL,פרורי תירס 340 ג,גרמים,340.00,100 גרם,false,1,12.90,3.79,true,1,
43427245005,false,מחית תפוחים פאוץ ממותק,,IL,מחית תפוחים ממות,גרמים,360.00,100 גרם,false,1,11.90,3.31,true,1,
43427246002,false,"מחית תפוחים לל""ס 90*4 גר",,IL,"מחית תפוחים לל""ס",גרמים,360.00,100 גרם,false,1,11.90,3.31,true,1,
43427333122,false,זיתים מנזלינו מגולענים,ס.א.י.,ES,זיתים מנזלינו מג,גרמים,226.00,100 גרם,false,1,11.90,5.27,true,1,
43427560023,false,ממתק קנדי קורן ליברס 120,סאנרייז,MX,ממתק קנדי קורן,גרמים,120.00,100 גרם,false,1,9.90,8.25,true,1,
43427612005,false,שימורי רוטב עגבניות 425,רד גולד אינק',US,שימורי רוטב עגבנ,גרמים,425.00,100 גרם,false,1,5.50,1.29,true,1,
43427660013,false,ממרח חרדל 397 גרם,וואברס מנפקטורינג קומפני,US,ממרח חרדל,גרמים,397.00,100 גרם,false,1,7.90,1.99,true,1,
43427663403,false,בייגלה 340 גרם,בנזל פודס,US,בייגלה,גרמים,340.00,100 גרם,false,1,8.90,2.62,true,1,
43427780018,false,רסק תפוחים ממותק 1.36 קג,אינדיאן סאמר,US,רסק תפוחים ממותק,קילוגרמים,1.36,"ק""ג",false,1,18.90,13.90,true,1,
43427790017,false,"רסק תפוחים 1.3 ק""ג",אינדיאן סאמר,US,רסק תפוחים,קילוגרמים,1.30,"ק""ג",false,1,18.90,14.54,true,1,
43427890007,false,זיתים מנזלינו ממולאים,,ES,זיתים ממולאים,גרמים,283.00,100 גרם,false,1,12.90,4.56,true,1,
44164102385,false,"נרונים 4 שעות ""ש",,IL,"נרונים 4 שעות ""ש",יחידה,1.00,יחידה,false,0,24.90,24.90,true,1,
44164102453,false,"נרונים 6 שעות ""ש",,IL,"נרונים 6 שעות ""ש",יחידה,1.00,יחידה,false,0,29.90,29.90,true,1,
44164341142,false,נר זיכרון 7 ימים,,IL,נר זיכרון 7 ימים,יחידה,1.00,יחידה,false,1,7.90,7.90,true,1,
44164385221,false,נר זיכרון 3 ימים,,IL,נר זיכרון 3 ימים,יחידה,1.00,יחידה,false,1,4.90,4.90,true,1,
46676131525,false,טונה דגים בשמן 140 גרם,,IL,טונה דגים בשמן,גרמים,140.00,100 גרם,false,1,5.90,4.21,true,1,
46676132522,false,"טונה דגים במים כשל""פ 140",,IL,טונה דגים במים,גרמים,140.00,100 גרם,false,1,5.90,4.21,true,1,
50702530022,false,עוגיות סנדויץ,,IL,עוגיות סנדויץ,גרמים,300.00,100 גרם,false,0,4.90,1.63,true,1,
51063800014,false,ממתק לדר משמש 21 גרם,ג'וריי,US,ממתק לדר משמש,גרמים,21.00,100 גרם,false,1,3.90,18.57,true,1,
51063800021,false,ממתק לדר תות 21 גרם,ג'וריי,US,ממתק לדר תות,גרמים,21.00,100 גרם,false,1,3.90,18.57,true,1,
51063800038,false,ממתק לדר פטל 21 גרם,ג'וריי,US,ממתק לדר פטל,גרמים,21.00,100 גרם,false,1,3.90,18.57,true,1,
51063800069,false,ממתק לדר תפוח 21 גרם,ג'וריי,US,ממתק לדר תפוח,גרמים,21.00,100 גרם,false,1,3.90,18.57,true,1,
51063800076,false,ממתק לדר פירות 21 גרם,ג'וריי,US,ממתק לדר פירות,גרמים,21.00,100 גרם,false,1,3.90,18.57,true,1,
55369900386,false,"מחית תפו""ע678 ל""ס גרם",ליהי אורצ'רד,US,"מחית תפו""ע678גרם",גרמים,678.00,100 גרם,false,1,18.90,2.79,true,1,
55369903295,false,מחית תפוחי עץ 625 גרם,ליהי אורצ'רד,US,"מחית תפו""ע625גרם",גרמים,625.00,100 גרם,false,1,12.90,2.06,true,1,
64144090013,false,תרסיס שמן טעם חמאה 148מל,קונגרה,US,תרסיס שמן,מיליליטרים,148.00,"100 מ""ל",false,0,15.90,10.74,true,1,
64144090020,false,"תרסיס שמן זית 148 מ""ל",קונגרה,US,תרסיס שמן זית,מיליליטרים,148.00,"100 מ""ל",false,0,15.90,10.74,true,1,
64144090051,false,"תרסיס שמן קנולה 148 מ""ל",קונגרה,US,תרסיס שמן קנולה,מיליליטרים,148.00,"100 מ""ל",false,0,15.90,10.74,true,1,
72392947492,false,איגלו ויילרס פירות יער,,IL,איגלו ויילרס,יחידה,1.00,יחידה,false,1,49.90,49.90,true,1,
72392948499,false,איגלו ויילרס אורגינל,,IL,איגלו ויילרס,יחידה,1.00,יחידה,false,1,49.90,49.90,true,1,
73490130410,false,מיץ ענבים קדם לייט 1.89ל,קדם פוד פרודקטסn\,US,מיץ ענבים לייט ק,ליטרים,1.89,ליטר,false,8,24.90,13.17,true,1,
73490153419,false,מיץ ענבים קדם אדום 1.89,קדם פוד פרודקטסn\,US,מיץ ענבים 1.89 ל,ליטרים,1.89,ליטר,false,8,24.90,13.17,true,1,
73490154317,false,מיץ ענבים קדם לבן 1.89,קדם פוד פרודקטסn\,US,מיץ ענבים קדם לב,ליטרים,1.89,ליטר,false,8,25.90,13.70,true,1,
76840400027,false,גלידה בטעם שוקולד,מוצרי איכות אמריקאיים בע,IL,גלידת בן & ג'ר,מיליליטרים,500.00,"100 מ""ל",false,0,17.90,3.58,true,1,
76840620029,false,"גלידה תות 500 מ""ל",מוצרי איכות אמריקאיים בע,IL,גלידה בן & ג'ר,מיליליטרים,500.00,"100 מ""ל",false,0,17.90,3.58,true,1,
77245110610,false,סוכריות מאסט מנטה 80 גרם,עלית,PL,סוכריות מאסט,גרמים,80.00,100 גרם,false,0,6.90,8.63,true,1,
78328031006,false,דגני בוקר פ.אורז taanug,,IL,פצפוצי אורז,גרמים,340.00,100 גרם,false,1,17.90,5.26,true,1,
78328171801,false,דגני בוקר ריבועי taanug,,IL,ריבועי חיטה ודגנ,גרמים,368.00,100 גרם,false,1,19.90,5.41,true,1,
80432402931,false,וויסקי שיבס,,GB,וויסקי שיבס,מיליליטרים,700.00,"100 מ""ל",false,0,119.90,17.13,true,1,
85000019498,false,וודקה ניו אמסטרדם 750 מל,יקבי אי'\ ג'\י גאלו,US,וודקה נ.אמסטרדם,מיליליטרים,750.00,"100 מ""ל",false,1,54.90,7.32,true,1,
87752001363,false,טרדיטיונל קידוש,,IL,טרדיטיונל קידוש,מיליליטרים,750.00,"100 מ""ל",false,0,19.90,2.65,true,1,
87752002544,false,יין זינפנדל בר.הרצוג750מ,הרצוג,US,יין זינפנדל לב,מיליליטרים,750.00,"100 מ""ל",false,0,37.90,5.05,true,1,
87752005644,false,יין ברטנורה מוסקטו 750מל,יקב פסגות,IT,יין מוסקטו,מיליליטרים,750.00,"100 מ""ל",false,0,49.90,6.65,true,1,
87752007228,false,יין קרים לבן  מתוק 750 מ,,IL,יין קרים לבן,יחידה,1.00,יחידה,false,1,19.90,19.90,true,1,
87752014271,false,ברטנורא רוסו טוסקנו750מ,ברטנורא,IT,ברטנורא טוסקנו,מיליליטרים,750.00,"100 מ""ל",false,0,37.90,5.05,true,1,
87752016206,false,בורדו שאטו לה ריגאן אדום,שאטו לה ריגאן,FR,יין בורדו,מיליליטרים,750.00,"100 מ""ל",false,1,54.90,7.32,true,1,
87752017227,false,ליקר שוקולד שמרלינג 750מ,שמרלינג,IT,ליקר שוקולד שמרל,מיליליטרים,750.00,"100 מ""ל",false,1,89.90,11.99,true,1,
87752017234,false,"ליקר קפה שמרלינג 750 מ""ל",שמרלינג,IT,ליקר קפה שמרלינג,מיליליטרים,750.00,"100 מ""ל",false,1,89.90,11.99,true,1,
87752026458,false,ליקר שוקולד לבן שמרלינג,שמרלינג,IT,ליקר שוקולד לבן,מיליליטרים,750.00,"100 מ""ל",false,1,89.90,11.99,true,1,
97643044546,false,שוקולד מריר100גר,,,שוקולד מריר100גר,גרמים,100.00,100 גרם,false,0,10.90,10.90,true,1,
97643051445,false,שוק.רוזמרי קפוצ'ינו100ג,שמרלינג,,שוק.רוזמרי,גרמים,100.00,100 גרם,false,0,10.90,10.90,true,1,
97643070040,false,שוק.לבן+שקדים 100 גרם,שמרלינג,,שוקלד לבן+שקדי,גרמים,100.00,100 גרם,false,0,10.90,10.90,true,1,
97643070248,false,שוקולד רוזמרי הרמוני100ג,שמרלינג,,שוקולד רוזמרי,גרמים,100.00,100 גרם,false,0,10.90,10.90,true,1,
97643082142,false,שוקולד רוזמרי קידס 100גר,שמרלינג,,שוקולד רוזמרי,גרמים,100.00,100 גרם,false,0,10.90,10.90,true,1,
97643082449,false,"שוק.רוזמרי לת""ס 100 גרם",שמרלינג,,שוקלד רוזמרי,גרמים,100.00,100 גרם,false,0,10.90,10.90,true,1,
97643082548,false,שוק.רוזמרי מריר 100 גרם,שמרלינג,,שוק.רוזמרי מרי,גרמים,100.00,100 גרם,false,0,10.90,10.90,true,1,
97643083040,false,שוקולד רוזמרי חלב 100 גר,שמרלינג,,שוקולד רוזמרי,גרמים,100.00,100 גרם,false,0,10.90,10.90,true,1,
97643083859,false,שוקולד רוזמרי קרמל 100 ג,שמרלינג,IL,שוקולד רוזמרי,גרמים,100.00,100 גרם,false,1,10.90,10.90,true,1,
97643084047,false,שוקולד רוזמרי ספליט100גר,שמרלינג,,שוקולד רוזמרי,גרמים,100.00,100 גרם,false,0,10.90,10.90,true,1,
97643090345,false,"שוקולד חלב לל""ס",,IL,"שוקולד חלב לל""ס",גרמים,100.00,100 גרם,false,0,13.90,13.90,true,1,
97643090444,false,שוקולד רוזמרין,,IL,שוקולד רוזמרין,גרמים,100.00,100 גרם,false,0,13.90,13.90,true,1,
142486605109,false,חטיף גרנולה עם שוקוציפס,גראב 1,US,חטיף גרנולה,גרמים,186.00,100 גרם,false,1,19.90,10.70,true,1,
142486605123,false,חטיף גרנולה+חמאת בוטנים,גראב 1,US,חטיף גרנולה חמאת,גרמים,186.00,100 גרם,false,1,19.90,10.70,true,1,
142486605130,false,חטיף גרנולה שוקוציפס ללס,גראב 1,US,"חטיף גרנולה לל""ס",גרמים,155.00,100 גרם,false,1,19.90,12.84,true,1,
142486605185,false,חטיף גרנולה+ח.בוטנים ללס,גראב 1,US,חטיף גרנולה ללס,גרמים,155.00,100 גרם,false,1,19.90,12.84,true,1,
608614254125,false,ביסבס חריף אש 120 גרם,LAM,IL,ביסבס חריף אש,גרמים,120.00,100 גרם,false,1,10.90,9.08,true,1,
608614254132,false,ביסבס חריף עדין 120 גרם,LAM,IL,ביסבס חריף עדין,גרמים,120.00,100 גרם,false,1,10.90,9.08,true,1,
608614254149,false,ביסבס חריף פיקנטי 120 גר,LAM,IL,ביסבס חריף,גרמים,120.00,100 גרם,false,1,10.90,9.08,true,1,
608614254156,false,ביסבס פסטו כוסברה 115גרם,LAM,IL,פסטו כוסברה,גרמים,115.00,100 גרם,false,1,10.90,9.48,true,1,
608614254163,false,ביסבס פסטו בזיליקום,LAM,IL,ביסבס פסטו,גרמים,115.00,100 גרם,false,1,11.90,10.35,true,1,
608614323845,false,"מגבת רחצה 125*65 ס""מ",,IL,מגבת רחצה,יחידה,1.00,יחידה,false,1,24.90,24.90,true,1,
608614323869,false,"מגבת פנים 90*45 ס""מ",,IL,מגבת פנים,יחידה,1.00,יחידה,false,1,12.90,12.90,true,1,
608614328475,false,"מצות יד מצה שמורה 1 ק""ג",,IL,מצות יד,קילוגרמים,1.00,"ק""ג",false,1,119.00,119.00,true,1,
608614328499,false,מצות יד מצה שמורה 3 יח,,IL,מצה שמורה,יחידה,1.00,יחידה,false,1,27.90,27.90,true,1,
608614329175,false,מטלית לניקוי כלי כסף .,רוחמה,IL,מטלית ניקוי,יחידה,1.00,יחידה,false,1,22.90,22.90,true,1,
633016004016,false,ברוקולי חתוך 680 גרם,עתרן,IL,ברוקולי,גרמים,680.00,100 גרם,false,0,21.90,3.22,true,1,
633016004023,false,ברוקולי פרחים 680 גרם,עתרן,EC,ברוקולי פרחים,גרמים,680.00,100 גרם,false,0,22.90,3.37,true,1,
633016004030,false,מיני ברוקולי קפוא 680 גר,פרודאפרוט,EC,מיני ברוקולי680ג,גרמים,680.00,100 גרם,false,1,20.90,3.08,true,1,
633016004047,false,כרובית 680 גרם,עתרן,IL,כרובית 680 גרם,גרמים,680.00,100 גרם,false,0,22.90,3.37,true,1,
633016004061,false,לקט קליפורניה 680 גרם,עתרן,IL,לקט קליפורניה,גרמים,680.00,100 גרם,false,0,22.90,3.37,true,1,
633016004108,false,מיני כרובית 680 גרם,פרודאפרוט,EC,מיני כרובית,גרמים,680.00,100 גרם,false,0,20.90,3.08,true,1,
633016041707,false,תות שדה מוקפא 454 גרם,,IL,תות שדה מוקפא,גרמים,454.00,100 גרם,false,1,22.90,5.04,true,1,
644209307494,false,תערובת להכנת עוגה432גר,פיניקל פודס גרופ,US,תערובת לעוגה,גרמים,432.00,100 גרם,false,1,17.90,4.14,true,1,
644209307579,false,תערובת לעוגת שוקולד432גר,פיניקל פודס גרופ,US,תערובת לעוגה,גרמים,432.00,100 גרם,false,1,17.90,4.14,true,1,
644209311316,false,תערובת להכנת בראוניז520ג,פיניקל פודס גרופ,US,תערובת לבראוניז,גרמים,520.00,100 גרם,false,1,19.90,3.83,true,1,
644209405923,false,קרם מוקצף וניל 397 גרם,,US,קרם מוקצף וניל,גרמים,397.00,100 גרם,false,1,17.90,4.51,true,1,
644209405930,false,קרם מוקצף 397 גרם,פיניקל פודס גרופ,US,קרם מוקצף,גרמים,397.00,100 גרם,false,1,17.90,4.51,true,1,
644209420957,false,תע.הכנת פאדג בראוניז 517,פיניקל פודס גרופ,US,תערובת לבראוניז,גרמים,515.00,100 גרם,false,0,19.90,3.86,true,1,
645692555966,false,עוג.מצה עשירה פרח גדו400,"אחים פפושדו ובניהם בע""\מ",IL,עוג.מצה עשירה,גרמים,400.00,100 גרם,false,0,7.90,1.98,true,1,
645692555973,false,עוג.מצה עשירה שרון400גרם,"אחים פפושדו ובניהם בע""\מ",IL,עוג.מצה עשירה,גרמים,400.00,100 גרם,false,0,7.90,1.98,true,1,
651080647519,false,36קיסם +חוט מנטה ג'ורדן,קלרו,US,קיסם עם חוט,יחידה,1.00,יחידה,false,1,9.90,9.90,true,1,
670875262102,false,פאזל עבדו את ה בשמחה,סופר בול,IL,פאזל,יחידה,1.00,יחידה,false,1,29.90,29.90,true,1,
670875262942,false,משחק הרכבה באבלס & בלוק,,CN,משחק הרכבה באבלס,יחידה,1.00,יחידה,false,24,69.90,69.90,true,1,
670875263116,false,משחק צוללות,,CN,משחק צוללות,יחידה,1.00,יחידה,false,1,24.90,24.90,true,1,
670875263574,false,משחק קשיות תלת מימד,,CN,משחק קשיות תלת מ,יחידה,1.00,יחידה,false,24,69.90,69.90,true,1,
689076444668,false,פסטה ספגטי ללא גלוטן 454,גולדבאומס פוד,CA,"פסטה ספגטי לל""ג",גרמים,454.00,100 גרם,false,1,16.90,3.72,true,1,
689423004989,false,"חטיף תפו""א בגליל 150 גרם",,US,"חטיף תפו""א בגליל",גרמים,150.00,100 גרם,false,0,12.90,8.60,true,1,
689423005009,false,"חטיף תפו""א בטעם בצל ושום",,US,"חטיף תפו""א בגליל",גרמים,150.00,100 גרם,false,0,12.90,8.60,true,1,
693493015110,false,ביסבס שום כתוש 120 גרם,LAM,IL,ביסבס שום כתוש,גרמים,120.00,100 גרם,false,1,6.90,5.75,true,1,
693493015134,false,ביסבס-חזרת 360 גרם,,IL,ביסבס-חזרת 360גר,גרמים,360.00,100 גרם,false,1,12.90,3.58,true,1,
693493022125,false,שקיות אוכל נשלפות 200יח',,CN,שקיות אוכל200יח,יחידה,1.00,יחידה,false,1,2.90,2.90,true,1,
693493082679,false,בייגלה חיטה מלאה שומשום,אם החיטה,IL,בייגלה חיטה מלאה,גרמים,300.00,100 גרם,false,1,6.90,2.30,true,1,
693493142854,false,עשיריה פיתות כוסמין קלות,,IL,10 פיתות כוסמין,יחידה,1.00,יחידה,false,1,14.90,14.90,true,1,
700580593175,false,עיתון הציבור החרדי שבועי,אס. אי. לספרה,IL,עיתון הציבור החר,יחידה,1.00,יחידה,false,1,12.00,12.00,true,1,
710069026520,false,ספריי שמן סויה לאפיה142ג,,US,ספריי שמן לאפיה,גרמים,142.00,100 גרם,false,1,18.90,13.31,true,1,
710069075351,false,"רוטב חמוץ מתוק 1.13 ק""ג",,IL,רוטב חמוץ מתוק,גרמים,1130.00,100 גרם,false,1,18.90,1.67,true,1,
710069082212,false,חרדל צהוב 255 גרם,,IL,חרדל צהוב,גרמים,255.00,100 גרם,false,1,5.90,2.31,true,1,
710069082229,false,ממרח חרדל 340 גרם,,IL,ממרח חרדל,גרמים,340.00,100 גרם,false,1,8.90,2.62,true,1,
710069105157,false,"רסק תפו""ע טבעי",,IL,"רסק תפו""ע טבעי",גרמים,680.00,100 גרם,false,0,15.90,2.34,true,1,
710069305168,false,"רסק תפו""ע",,IL,"רסק תפו""ע",גרמים,680.00,100 גרם,false,0,15.90,2.34,true,1,
710069306516,false,ספריי שמן זית 142 גרם,,IT,ספריי שמן זית,גרמים,142.00,100 גרם,false,1,19.90,14.01,true,1,
710069312111,false,שפורפרת עגבניות 200 גרם,,IL,שפורפרת עגבניות,גרמים,200.00,100 גרם,false,1,9.90,4.95,true,1,
710069404335,false,"שברי שקדים מסוכרים כשל""פ",אוניו נאטס,ES,שקדים מסוכרים,גרמים,227.00,100 גרם,false,1,22.90,10.09,true,1,
710069404342,false,שברי אגוז לוז מסוכרים,אוניו נאטס,ES,שברי אגוז לוז,גרמים,227.00,100 גרם,false,1,22.90,10.09,true,1,
710069811225,false,נתחי טונה לבנה בשמן 99 ג,"טרופיגל קנינג בע""מ",TH,נתחי טונה בשמן,גרמים,99.00,100 גרם,false,1,11.90,12.02,true,1,
710069811232,false,נתחי טונה לבנה במים 99 ג,"טרופיגל קנינג בע""מ",TH,נתחי טונה במים,גרמים,99.00,100 גרם,false,1,11.90,12.02,true,1,
710069811454,false,קרנברי ג'לי,,IL,קרנברי ג'לי,גרמים,454.00,100 גרם,false,0,9.90,2.18,true,1,
710069811461,false,קרנברי שלם,,IL,קרנברי שלם,גרמים,454.00,100 גרם,false,0,9.90,2.18,true,1,
710069812031,false,רוטב פיצה קדם,,IL,רוטב פיצה קדם,גרמים,737.00,100 גרם,false,0,12.90,1.75,true,1,
710069812048,false,רוטב פיצה 737גרם,,IL,רוטב פיצה 737גרם,גרמים,737.00,100 גרם,false,0,12.90,1.75,true,1,
712963002969,false,שוקולד לבן,,IL,שוקולד לבן,גרמים,100.00,100 גרם,false,0,6.90,6.90,true,1,
712963002983,false,שוקולד מריר קרם,,IL,שוקולד מריר קרם,גרמים,100.00,100 גרם,false,0,6.90,6.90,true,1,
712963003027,false,שוקולד חלב עם אג,,IL,שוקולד חלב עם אג,גרמים,100.00,100 גרם,false,0,6.90,6.90,true,1,
712963003034,false,שוקולד מריר אגוז,,IL,שוקולד מריר אגוז,גרמים,100.00,100 גרם,false,0,6.90,6.90,true,1,
712963003744,false,בונבוניירה סקואר מנטה 20,,IL,בונבוניירה סקואר,גרמים,200.00,100 גרם,false,1,11.90,5.95,true,1,
712963003751,false,בונבוניירה סקואר תפוז 20,,IL,בונבוניירה סקואר,גרמים,200.00,100 גרם,false,1,11.90,5.95,true,1,
712963003836,false,"חטיף קרמל בד""ץ 250 גרם",,HR,חטיף קרמל,גרמים,250.00,100 גרם,false,1,14.90,5.96,true,1,
712963003843,false,"חטיף חלבי בד""ץ 250 גרם",,HR,חטיף חלבי,גרמים,250.00,100 גרם,false,1,14.90,5.96,true,1,
712963003850,false,"חטיף בוטנים בד""ץ 250 גרם",,HR,חטיף בוטנים,גרמים,250.00,100 גרם,false,1,14.90,5.96,true,1,
712963003867,false,"חטיף קוקוס בד""ץ 250 גרם",,HR,חטיף קוקוס,גרמים,250.00,100 גרם,false,1,14.90,5.96,true,1,
712963004390,false,עוגיות שוקו שוקו 300 גרם,בורגרב ניהאוס גרמניה,DE,עוגיות שוקו שוקו,גרמים,300.00,100 גרם,false,1,8.90,2.97,true,1,
712963004406,false,עוגיות וניל בציפוי שוקלד,בורגרב ניהאוס גרמניה,DE,עוגיות וניל,גרמים,300.00,100 גרם,false,1,8.90,2.97,true,1,
712963004413,false,עוגיות וניל שוקולד מריר,בורגרב ניהאוס גרמניה,DE,עוגיות וניל שוקו,גרמים,300.00,100 גרם,false,1,8.90,2.97,true,1,
712963004420,false,עוגיות וניל 300 גרם,בורגרב ניהאוס גרמניה,DE,עוגיות וניל,גרמים,300.00,100 גרם,false,1,8.90,2.97,true,1,
712963004444,false,שוקולד חלב עם פצפוצי,גווסקו,GB,שוקולד חלב,גרמים,90.00,100 גרם,false,1,5.90,6.56,true,1,
712963004475,false,שוקולד מריר עם עדשים 100,גווסקו,HR,שוקולד מריר,גרמים,100.00,100 גרם,false,1,5.90,5.90,true,1,
712963004529,false,חטיף אגוזי קראנץ 250 גרם,גווסקו,HR,חטיף אגוזי קראנץ,גרמים,250.00,100 גרם,false,1,14.90,5.96,true,1,
712963004611,false,שוק.מריר פרווה לאפיה300ג,אלפרוז,CH,שוקולד לאפיה,גרמים,300.00,100 גרם,false,1,18.90,6.30,true,1,
712963004758,false,שוקו.חלב ממולא קרם קרמל,זווסקו ד.ד תעשיות מזון,HR,שוק.חלב ממולא,גרמים,100.00,100 גרם,false,1,5.90,5.90,true,1,
712963004772,false,שוקולד חלב ממולא קרם תות,זווסקו ד.ד תעשיות מזון,HR,שוק.חלב ממולא,גרמים,100.00,100 גרם,false,1,5.90,5.90,true,1,
712963004796,false,שוקו.חלב ממולא קרם פטל,זווסקו ד.ד תעשיות מזון,HR,שוק.חלב ממולא,גרמים,100.00,100 גרם,false,1,5.90,5.90,true,1,
712963004932,false,דקיקי שוקולד במילוי פטל,,IL,דקיקי שוקולד פטל,גרמים,200.00,100 גרם,false,1,11.90,5.95,true,1,
712963004956,false,שוקולד חלב גרוס 90 גרם,,IL,שוקולד חלב,גרמים,90.00,100 גרם,false,1,4.90,5.44,true,1,
712963004963,false,שוקולד מריר גרוס 90 גרם,,IL,שוקולד מריר גרוס,גרמים,90.00,100 גרם,false,1,4.90,5.44,true,1,
712963004970,false,שוקולד מריר 60% גרוס 90ג,,IL,שוקולד מריר 60%,גרמים,90.00,100 גרם,false,1,4.90,5.44,true,1,
712963004987,false,שוקולד לבן גרוס 90 גרם,,IL,שוקולד לבן,גרמים,90.00,100 גרם,false,1,4.90,5.44,true,1,
712963005410,false,שוקו go במילוי קרם חלב 8,GROSS,HR,שוקו go במילוי,גרמים,80.00,100 גרם,false,1,6.90,8.63,true,1,
712963005472,false,שוקו go במילוי מוס 80 גר,GROSS,HR,שוקו go,גרמים,80.00,100 גרם,false,1,6.90,8.63,true,1,
718122911004,false,"משקה אורז טבעי 946 מ""ל",,ES,משקה אורז טבעי,מיליליטרים,960.00,"100 מ""ל",false,1,9.90,1.03,true,1,
718122911202,false,"משקה שקדים וניל 946 מ""ל",,ES,משקה שקדים וניל,מיליליטרים,946.00,"100 מ""ל",false,1,9.90,1.04,true,1,
718122911301,false,"משקה שקדים טבעי 946 מ""ל",,ES,משקה שקדים טבעי,מיליליטרים,946.00,"100 מ""ל",false,1,9.90,1.04,true,1,
718122911400,false,פסטה מסולסל ללא גלוטן,,IL,"פסטה מסולסל לל""ג",גרמים,454.00,100 גרם,false,1,16.90,3.72,true,1,
718122911509,false,פסטה קרניים ללא גלוטן,גולדבאומס פוד,CA,"פסטה קרניים לל""ג",גרמים,454.00,100 גרם,false,1,16.90,3.72,true,1,
718122911608,false,פסטה פנה ללא גלוטן 454 ג,גולדבאומס פוד,CA,"פסטה פנה לל""ג",גרמים,454.00,100 גרם,false,1,16.90,3.72,true,1,
718122912902,false,פסטה שלז ללא גלוטן 454 ג,גולדבאומס פוד,CA,"פסטה שלז לל""ג",גרמים,454.00,100 גרם,false,1,16.90,3.72,true,1,
732973006009,false,ווייט פיש אוישן 624 גרם,אושן גורמה,US,ווייט פיש אוישן,גרמים,624.00,100 גרם,false,0,28.80,4.62,true,1,
732973126004,false,ווייט פיש אוישן 624 גרם,אושן גורמה,US,ווייט פיש אוישן,יחידה,1.00,יחידה,false,1,28.80,28.80,true,1,
735375609908,false,מרק נודלס בטעם עוף,אמפוריאל פודס,US,מרק נודלס,גרמים,65.00,100 גרם,false,1,4.90,7.54,true,1,
735375609915,false,מרק נודלס בטעם ירקות,אמפוריאל פודס,US,מרק נודלס,גרמים,65.00,100 גרם,false,1,4.90,7.54,true,1,
735375609922,false,מרק נודלס בטעם עוף,אמפוריאל פודס,US,מרק נודלס,גרמים,65.00,100 גרם,false,1,4.90,7.54,true,1,
735375609939,false,מרק נודלס מופחת נתרן,אמפוריאל פודס,US,מרק נודלס,גרמים,65.00,100 גרם,false,1,4.90,7.54,true,1,
744664088034,false,פפריקה מעושנת 71 גרם,פרימה,US,פפריקה מעושנת,גרמים,71.00,100 גרם,false,1,11.90,16.76,true,1,
744664092000,false,עלי בזיליקום 17 גרם,פרימה,US,עלי בזיליקום,גרמים,17.00,100 גרם,false,1,11.90,70.00,true,1,
744664092017,false,תערובת תבלינים  גרם43,פרימה,US,תערובת תבלינים,גרמים,43.00,100 גרם,false,1,14.90,34.65,true,1,
744664092109,false,תבלין פלפל קאיין 71 גרם,פרימה,US,תבלין פלפל קאיין,גרמים,71.00,100 גרם,false,1,14.90,20.99,true,1,
744664092123,false,מקלות קינמון 37 גרם,פרימה,US,מקלות קינמון,גרמים,37.00,100 גרם,false,1,13.90,37.57,true,1,
744664092192,false,תערובת תיבול פלפל ולימון,פרימה,US,תערובת לתיבול,גרמים,85.00,100 גרם,false,1,14.90,17.53,true,1,
744664092208,false,תערובת לשווארמה 85 גרם,פרימה,US,תערובת לשווארמה,גרמים,85.00,100 גרם,false,1,14.90,17.53,true,1,
744664092383,false,תערובת לתיבול דגים 85 גר,פרימה,US,תערובת לתיבול דג,גרמים,85.00,100 גרם,false,1,14.90,17.53,true,1,
744664092901,false,פתיתי פטרוזיליה 9 גרם,פרימה,US,פתיתי פטרוזיליה,גרמים,9.00,100 גרם,false,1,11.90,132.22,true,1,
744664092925,false,תבלין אבקת בצל 85 גרם,פרימה,US,תבלין אבקת בצל,גרמים,85.00,100 גרם,false,1,11.90,14.00,true,1,
744664092932,false,גבישי שום 99 גרם,פרימה,US,גבישי שום,גרמים,99.00,100 גרם,false,1,16.90,17.07,true,1,
744664092949,false,גבישי בצל 65 גרם,פרימה,US,גבישי בצל,גרמים,65.00,100 גרם,false,1,11.90,18.31,true,1,
744664092956,false,אבקת שום 99 גרם,פרימה,US,אבקת שום,גרמים,99.00,100 גרם,false,1,16.90,17.07,true,1,
744664092994,false,תבלין פלפל שחור טחון  71,פרימה,US,תבלין פלפל שחור,גרמים,71.00,100 גרם,false,1,11.90,16.76,true,1,
744664093021,false,תבלין שמיר 20 גרם,פרימה,US,תבלין שמיר,גרמים,20.00,100 גרם,false,1,11.90,59.50,true,1,
744664093076,false,תערובת תיבול לסטייק 85 ג,פרימה,US,תערובת תיבול,גרמים,85.00,100 גרם,false,1,15.90,18.71,true,1,
744664093083,false,תערובת לחלות 227 גרם,פרימה,US,תערובת לחלות,גרמים,227.00,100 גרם,false,1,15.90,7.00,true,1,
753182231761,false,"בלו ללא סוכר 250 מ""ל",אקו - ביט,PL,משקה אנרגיה,מיליליטרים,250.00,"100 מ""ל",false,0,2.90,1.16,true,1,
753406143061,false,פרנטל 1 ליום 60 כמוסות .,HEALTH MAXI,IL,פרנטל 60 כמוסות,יחידה,1.00,יחידה,false,1,92.90,92.90,true,1,
753406351015,false,אבקת חלבון מי גבינה .,,IL,אבקת חלבון גבינה,יחידה,1.00,יחידה,false,1,195.00,195.00,true,1,
768404001640,false,"גלידה בטעם קפה 500 מ""ל",מוצרי איכות אמריקאיים בע,IL,גלידת בן & ג'ריס,מיליליטרים,500.00,"100 מ""ל",false,0,17.90,3.58,true,1,
768668000212,false,תות שדה מוקפא,,US,תות שדה מוקפא,גרמים,454.00,100 גרם,false,0,25.90,5.70,true,1,
768668000557,false,אוכמניות קפואות,,IL,אוכמניות קפואות,גרמים,340.00,100 גרם,false,0,25.90,7.62,true,1,
768668003558,false,ברוקולי פרחים 680 גרם,,US,ברוקולי פרחים,גרמים,680.00,100 גרם,false,1,19.90,2.93,true,1,
768668003565,false,כרובית פרחים 680 גרם,,US,כרובית פרחים,גרמים,680.00,100 גרם,false,1,19.90,2.93,true,1,
768668003619,false,תרד בודק 680 גרם,,US,תרד בודק 680 גרם,גרמים,680.00,100 גרם,false,1,19.90,2.93,true,1,
768668003626,false,לקט קליפורניה 680 גרם,,US,לקט קליפורניה,גרמים,680.00,100 גרם,false,1,19.90,2.93,true,1,
769904000645,false,"שקדי מרק כשל""פ 200 גרם",משובח תעשיות מזון,IL,שקדי מרק,גרמים,200.00,100 גרם,false,0,11.90,5.95,true,1,
769904001116,false,פתיתים קוסקוס,,,פתיתים קוסקוס,גרמים,200.00,100 גרם,false,0,9.90,4.95,true,1,
807405068013,false,שקיות לבישול איטי 10 יח,פנטסטיק,CN,שקיות לבישול,יחידה,1.00,יחידה,false,1,9.90,9.90,true,1,
807405068020,false,שקיות לבישול איטי 10 יח,פנטסטיק,CN,שקיות בישול איטי,יחידה,1.00,יחידה,false,1,9.90,9.90,true,1,
807405129134,false,מפיות נייר תלת שכבתי 40,פנטסטיק,CN,מפיות תלת שכבתי,יחידה,1.00,יחידה,false,1,8.90,8.90,true,1,
811146030161,false,טינגלרס ממולא תות 12*24,,IL,טינגלרס ממולא בט,גרמים,288.00,100 גרם,false,1,9.90,3.44,true,1,
811146030185,false,טינגלרס ממולא דובדבן *12,,IL,טינגלרס ממולא דו,גרמים,288.00,100 גרם,false,1,9.90,3.44,true,1,
811146030284,false,אודלס ספר תורה שקית 190,,CN,אודלס ספר תורה,גרמים,190.00,100 גרם,false,1,12.90,6.79,true,1,
811146030383,false,לקקן בצורת ספינר 120 גרם,,CN,לקקן בצורת ספינר,גרמים,120.00,100 גרם,false,1,11.90,9.92,true,1,
811146030390,false,לקקן בצורת שבשבת 144 גרם,קיומי שנגיואנג פודס,CN,לקקן בצורת שבשבת,גרמים,144.00,100 גרם,false,1,11.90,8.26,true,1,
811146030420,false,דאזלרז תות שקית 170 גרם,,IL,דאזלרז תות שקית,גרמים,170.00,100 גרם,false,1,9.90,5.82,true,1,
811146030437,false,דאזלרז פטל שקית 170 גרם,פרימיום פודס,CN,דאזלרז פטל,גרמים,170.00,100 גרם,false,1,9.90,5.82,true,1,
811146030741,false,סוכ.על מקל טעמי פירות,צ'או אן צ'אנגטאי,CN,סוכ.על מקל,גרמים,144.00,100 גרם,false,1,11.90,8.26,true,1,
839066008251,false,חמאה 125 גרם,קואופרטיב לטיטורי,FR,חמאה,גרמים,125.00,100 גרם,false,1,9.90,7.92,true,1,
839762000641,false,נקטר מנגו איילנד 1 ליטר,אדיר,EG,נקטר איילנד,ליטרים,1.00,ליטר,false,0,8.90,8.90,true,1,
839762000658,false,נקטר גויאבה איילנד 1 ל',אדיר,EG,נקטר איילנד,ליטרים,1.00,ליטר,false,0,8.90,8.90,true,1,
840762018017,false,תבנית לפאי 170גר,,,תבנית לפאי 170גר,גרמים,170.00,100 גרם,false,0,8.90,5.24,true,1,
840762811403,false,פטריות שמפניון חתוכות 22,גרינירד,NL,פטריות שמפניון,גרמים,227.00,100 גרם,false,1,4.90,2.16,true,1,
844510013101,false,קברנה סובניון ג'רוזלם הי,,IL,קברנה סוביניון,מיליליטרים,750.00,"100 מ""ל",false,1,39.90,5.32,true,1,
844510013125,false,מרלו ג'רוזלם הילז,,IL,מרלו ג'רוזלם היל,מיליליטרים,750.00,"100 מ""ל",false,1,39.90,5.32,true,1,
856591000062,false,עוגיות מזרחיות מלח400גרם,מאפיית יוסף ושמחה עבאדי,IL,עוגיות מזרחיות,גרמים,400.00,100 גרם,false,0,14.90,3.73,true,1,
856591000109,false,עוגיות מזרחיות פריכות400,מאפיית יוסף ושמחה עבאדי,IL,עוגיות מזרחיות,גרמים,400.00,100 גרם,false,0,14.90,3.73,true,1,
856591000949,false,קטנטנים של עבאדי 350 גרם,,IL,קטנטנים של 350 ג,גרמים,350.00,100 גרם,false,1,12.90,3.69,true,1,
893022001137,false,מגבונים לחים 80 יח' לשבת,,IL,מגבונים לשבת,יחידה,1.00,יחידה,false,1,4.90,4.90,true,1,
893033002031,false,מפיות נייר מקופל 100 יחי,,CN,מפיות נייר,יחידה,1.00,יחידה,false,1,9.90,9.90,true,1,
1003201632543,false,טוסטר לחיצה קטן,,CN,טוסטר לחיצה,יחידה,1.00,יחידה,false,1,59.00,59.00,true,1,
1020505020104,false,מגבת מטבח אדום,פנדה,IL,מגבת מטבח אדום,יחידה,1.00,יחידה,false,1,12.90,12.90,true,1,
1020505020609,false,מגבת מטבח כחול,פנדה,IL,מגבת מטבח כחול,יחידה,1.00,יחידה,false,1,12.90,12.90,true,1,
1047910668509,false,עגלת משא מתקפלת,,CN,עגלת משא,יחידה,1.00,יחידה,false,1,99.00,99.00,true,1,
1047950995801,false,עגלת קניות,,CN,עגלת קניות,יחידה,1.00,יחידה,false,2,199.00,199.00,true,1,
3035542004206,false,ליקר תפוזים קואנטרו700מל,פיטר הירינג,FR,ליקר קואנטרו,מיליליטרים,700.00,"100 מ""ל",false,1,119.90,17.13,true,1,
3059940007768,false,אירויק ספריי וניל 240 מל,רקיט בנקיזר,GB,אירויק ספריי,מיליליטרים,240.00,"100 מ""ל",false,0,7.90,3.29,true,1,
3059943015128,false,אירוויק נטול גז לבנדר345,רקיט בנקיזר,PL,אירוויק מבשם,מיליליטרים,345.00,"100 מ""ל",false,0,9.90,2.87,true,1,
3059943016569,false,אירויק ספריי יסמין 240מל,רקיט בנקיזר,GB,אירויק ספריי,מיליליטרים,240.00,"100 מ""ל",false,0,7.90,3.29,true,1,
3059944025003,false,20רצועות שעווה לעור רגיל,רקיט בנקיזר,FR,20רצועות שעווה,יחידה,1.00,יחידה,false,1,34.90,34.90,true,1,
3141360054405,false,פיניש מפיץ ריח לימון,רקיט בנקיזר,HU,מפיץ ריח למדיח,יחידה,1.00,יחידה,false,1,14.90,14.90,true,1,
3227134010201,false,אמנטל מגורד 200 גרם,,FR,אמנטל מגורד,גרמים,200.00,100 גרם,false,1,26.90,13.45,true,1,
3267031070663,false,קממבר גרנד תרוואר 250 גר,פרומאגי' ליס דהאור,FR,קממבר גרנד,גרמים,250.00,100 גרם,false,1,24.90,9.96,true,1,
3267031070670,false,קממבר פיו נורמנד 250 גרם,פרומאגי' ליס דהאור,FR,קממבר פיו נורמנד,גרמים,250.00,100 גרם,false,1,24.90,9.96,true,1,
3267031330217,false,פלט נורמנד 150 גרם,גלות,FR,פלט נורמנד,גרמים,150.00,100 גרם,false,1,16.90,11.27,true,1,
3267031330514,false,קממבר צרפתי 150 גרם,גילוט,FR,קממבר צרפתי,גרמים,150.00,100 גרם,false,1,16.90,11.27,true,1,
3267682136176,false,וויסקי היילנד קווין 1ל,היילנד,GB,וויסקי היילנד,ליטרים,1.00,ליטר,false,1,79.90,79.90,true,1,
3270220000341,false,צבעי קיריון ביג קידס,,IL,מארז 12 צבעי פסט,יחידה,1.00,יחידה,false,1,8.90,8.90,true,1,
3277599095121,false,גבינה כחולה 125 גרם,סוסיאט לאטיאר לאקיי,FR,גבינה כחולה,גרמים,125.00,100 גרם,false,1,17.90,14.32,true,1,
3277599395061,false,גבינה כחולה עם עובש 250ג,סוסיאט לאטיאר לאקיי,FR,גבינה כחולה,גרמים,250.00,100 גרם,false,1,29.90,11.96,true,1,
3387390320244,false,דגני בוקר פיטנס+פירות375,סי. פי. צרפת,FR,דגני פיטנס,גרמים,375.00,100 גרם,false,0,19.90,5.31,true,1,
3387390730852,false,דגני בוקר פיטנס 375 גרם,סי. פי. צרפת,FR,דגני פיטנס,גרמים,375.00,100 גרם,false,0,19.90,5.31,true,1,
3427000824257,false,מטלית קירצוף מכותנה,,IL,מטלית קירצוף מכו,יחידה,1.00,יחידה,false,1,12.90,12.90,true,1,
3427000824332,false,רשת כביסה צפוף גדול .,,IL,רשת כביסה,יחידה,1.00,יחידה,false,1,14.90,14.90,true,1,
3427000824349,false,רשת כביסה,,IL,רשת כביסה,יחידה,1.00,יחידה,false,1,10.90,10.90,true,1,
3427000824363,false,רשת כביסה גדול,,IL,רשת כביסה,יחידה,1.00,יחידה,false,1,12.90,12.90,true,1,
3427000824387,false,רשת כביסה מקצועי,,IL,רשת כביסה,יחידה,1.00,יחידה,false,1,19.90,19.90,true,1,
3427000895349,false,רשת כביסה צפוף .,,IL,רשת כביסה,יחידה,1.00,יחידה,false,1,12.90,12.90,true,1,
3428681000961,false,"קוניאק VS דופוי 700 מ""ל",גודה,FR,קוניאק דופוי VS,מיליליטרים,700.00,"100 מ""ל",false,1,119.90,17.13,true,1,
3574660089547,false,טמפוני או בה נורמל 32 יח,ג'\ונסון אנד ג'\ונסון,GR,טמפוני או בה,יחידה,1.00,יחידה,false,0,19.90,19.90,true,1,
3574660115154,false,32 טמפוני או בה סופר,ג'\ונסון אנד ג'\ונסון,GR,טמפוני או בה,יחידה,1.00,יחידה,false,0,19.90,19.90,true,1,
3574660239973,false,32או בה פרוקומפורט נורמל,"ש. שסטוביץ בע""\מ",GR,טמפוני או בה,יחידה,1.00,יחידה,false,0,19.90,19.90,true,1,
3574660464429,false,76 קרפרי אוורירי מגה פק,ג'\ונסון אנד ג'\ונסון,GR,מגן תחתון קרפרי,יחידה,1.00,יחידה,false,0,19.90,19.90,true,1,
3574669908665,false,ג'ונסון אלסבון ל.שינה750,ג'ונסון,IT,ג'ונסון אל סבון,מיליליטרים,750.00,"100 מ""ל",false,1,19.90,2.65,true,1,
3600521720219,false,פעולה משולשת קרם לילה,"קרלסרו, גרמניה",DE,קרם לילה,מיליליטרים,50.00,"100 מ""ל",false,0,44.90,89.80,true,1,
3600522344032,false,מסכת אלביב טוטל ריפיר300,KARLSRUHE,DE,מסכת אלביב,מיליליטרים,300.00,"100 מ""ל",false,0,19.90,6.63,true,1,
3600522550129,false,ק.יום45אייג ספשיאליסט50מ,"קרלסרו, גרמניה",DE,קרם יום,מיליליטרים,50.00,"100 מ""ל",false,1,59.90,119.80,true,1,
3600522550204,false,קרם יום ALIST SPECI AGE,"קרלסרו, גרמניה",DE,קרם יום,מיליליטרים,50.00,"100 מ""ל",false,1,59.90,119.80,true,1,
3600523605972,false,קרם לשיער אלביב קוקוס,kozmetik canan,DK,מסכה אלביב,מיליליטרים,300.00,"100 מ""ל",false,1,19.90,6.63,true,1,
3600523651870,false,שמפו אלביב ארג'ינין500מל,קוסמטיקס,TR,אלביב שמפו,מיליליטרים,550.00,"100 מ""ל",false,1,14.90,2.71,true,1,
3600523651900,false,מרכך  אלביב ארג'ינין,קוסמטיקס,TR,אלביב מרכך,מיליליטרים,550.00,"100 מ""ל",false,1,14.90,2.71,true,1,
3600523652242,false,"שמפו אלביב קולור 550 מ""ל",קוסמטיקס,TR,אלביב שמפו,מיליליטרים,550.00,"100 מ""ל",false,1,14.90,2.71,true,1,
3600523652259,false,מרכך אלביב קולור פרוטקט,קוסמטיקס,TR,אלביב מרכך,מיליליטרים,550.00,"100 מ""ל",false,1,14.90,2.71,true,1,
3600523652273,false,שמפו אלביב חימר,קוסמטיקס,TR,אלביב שמפו,מיליליטרים,550.00,"100 מ""ל",false,1,14.90,2.71,true,1,
3600523652280,false,שמפו אלביב 6 שמנים,קוסמטיקס,TR,אלביב שמפו,מיליליטרים,550.00,"100 מ""ל",false,1,14.90,2.71,true,1,
3600523652297,false,מרכך אלביב 6 שמנים,קוסמטיקס,TR,אלביב מרכך,מיליליטרים,550.00,"100 מ""ל",false,1,14.90,2.71,true,1,
3600523755806,false,שמפו אלביב שמן קוקוס,קוסמטיקס,TR,שמפו אלביב,מיליליטרים,550.00,"100 מ""ל",false,1,14.90,2.71,true,1,
3600523756322,false,מרכך אלביב קוקוס,קוסמטיקס,TR,מרכך אלביב,מיליליטרים,550.00,"100 מ""ל",false,1,14.90,2.71,true,1,
3600523782567,false,שמפו אלביב דרים לונג500מ,קוסמטיקס,FR,אלביב שמפו,מיליליטרים,500.00,"100 מ""ל",false,1,14.90,2.98,true,1,
3600523782574,false,מסכה אלביב דרים לונג,קוסמטיקס,DE,מסכה לשיער אלביב,מיליליטרים,300.00,"100 מ""ל",false,1,19.90,6.63,true,1,
3600523782581,false,מרכך אלביב דרים לונג,קוסמטיקס,FR,אלביב מרכך,מיליליטרים,500.00,"100 מ""ל",false,1,14.90,2.98,true,1,
3600523816699,false,ACTIVE TRIPLE ג'ל קרם50מ,"קרלסרו, גרמניה",DE,קרם לחות,מיליליטרים,50.00,"100 מ""ל",false,1,44.90,89.80,true,1,
3600523880829,false,קרם עיניים פעולה משולשת,לוריאל,DE,ACTIVE TRIPLE לע,מיליליטרים,15.00,"100 מ""ל",false,1,44.90,299.33,true,1,
3600541029323,false,ESSENTIALS מסיר איפור,סופרויאל,FR,ESSENTIALS מסיר,מיליליטרים,200.00,"100 מ""ל",false,0,19.90,9.95,true,1,
3600541033399,false,דאו ספריי אינביזי קול,לוריאל ישראל קוסמטיקס בע,FR,דאו.גרנייה,מיליליטרים,150.00,"100 מ""ל",false,0,11.90,7.93,true,1,
3600541382930,false,"מים מיסלריים 400 מ""ל","קוסמופול, פולין",PL,מים מיסלריים,מיליליטרים,400.00,"100 מ""ל",false,0,29.90,7.48,true,1,
3600541402270,false,"דאודורנט ספריי פרש 150מ""",סופרוקוס,FR,דאו.גרנייה,מיליליטרים,150.00,"100 מ""ל",false,0,11.90,7.93,true,1,
3600541740006,false,דאו ספריי אקשן קונטרול,סופרוקוס,FR,דאו.גרנייה,מיליליטרים,150.00,"100 מ""ל",false,1,11.90,7.93,true,1,
3600541928275,false,CLEANSING MICELAR מים,"קוסמופול, פולין",PL,MICELAR מים,מיליליטרים,400.00,"100 מ""ל",false,1,29.90,7.48,true,1,
3600541937475,false,גרנייה פיור 3ב1ניקוי150מ,לוריאל,FR,גרנייה פיור ניקו,מיליליטרים,150.00,"100 מ""ל",false,1,29.90,19.93,true,1,
3600541952720,false,PURE פחם ג'ל גרגירים,סופרויאל,FR,PURE פחם ג'ל,מיליליטרים,150.00,"100 מ""ל",false,1,29.90,19.93,true,1,
3600541956223,false,ACTIVE PUREג'ל ניקוי150מ,"קרלסרו, גרמניה",DE,ג'ל ניקוי עמוק,מיליליטרים,150.00,"100 מ""ל",false,1,29.90,19.93,true,1,
3600542232036,false,"סקין נט אלו ג'לי 50 מ""ל",לוריאל,DE,סקין נט אלו ג'ל,מיליליטרים,50.00,"100 מ""ל",false,1,39.90,79.80,true,1,
3600542326339,false,גרנייה מיסלר ורדים 400 מ,קוסמופול,PL,גרנייה מיסלר ורד,מיליליטרים,400.00,"100 מ""ל",false,1,29.90,7.48,true,1,
3600542365710,false,"PURE ג'ל ניקוי 200 מ""ל",לוריאל,PL,PURE ג'ל ניקוי,מיליליטרים,200.00,"100 מ""ל",false,1,29.90,14.95,true,1,
3600542365758,false,בוטניקל מי פנים ענבי200מ,"קוסמופול, פולין",PL,מי פנים ענבים,מיליליטרים,200.00,"100 מ""ל",false,1,23.90,11.95,true,1,
3600542365796,false,בוטניקל ג'ל ניקוי 200 מל,לוריאל,PL,בוטניקל ג'ל ניקו,מיליליטרים,200.00,"100 מ""ל",false,1,23.90,11.95,true,1,
3600542366113,false,סקין נטורל קרם ענבים50מל,לוריאל,DE,סקין נטורל קרם ע,מיליליטרים,50.00,"100 מ""ל",false,1,37.90,75.80,true,1,
3600542375801,false,פיור אקטיב 3 ב1 פחם150מל,גרנייה,FR,פיור אקטיב 3 ב 1,מיליליטרים,150.00,"100 מ""ל",false,1,29.90,19.93,true,1,
3600542398206,false,"תרחיץ אלוורה 200 מ""ל","קוסמופול, פולין",PL,תרחיץ אלוורה,מיליליטרים,200.00,"100 מ""ל",false,1,21.90,10.95,true,1,
3607345264356,false,ספריי גוף דינמיק פולס150,COLEPCCL,PL,ספריי גוף אדידס,מיליליטרים,150.00,"100 מ""ל",false,0,12.90,8.60,true,1,
3607345264912,false,ספריי גוף אייס דייב 150מ,COLEPCCL,ES,ספריי גוף אדידס,מיליליטרים,150.00,"100 מ""ל",false,0,12.90,8.60,true,1,
3607345265117,false,ספריי גוף אדידס טים150מל,COLEPCCL,PL,ספריי גוף אדידס,מיליליטרים,150.00,"100 מ""ל",false,0,12.90,8.60,true,1,
3661163970448,false,דאו.אדידס A3 פרש לגבר200,COLEPCCL,PT,דאודורנט אדידס,מיליליטרים,200.00,"100 מ""ל",false,0,14.90,7.45,true,1,
3831020117280,false,מג ליברטי,,SI,מג ליברטי,יחידה,1.00,יחידה,false,0,4.90,4.90,true,1,
3831020118133,false,מאג אנגלו,,SI,מאג אנגלו,יחידה,1.00,יחידה,false,0,4.90,4.90,true,1,
3831020124943,false,מאג מונקו,,SI,מאג מונקו,יחידה,1.00,יחידה,false,0,4.90,4.90,true,1,
3831020128125,false,מאג יוליוס 36CL,,SI,מאג יוליוס,יחידה,1.00,יחידה,false,0,4.90,4.90,true,1,
4008287051032,false,בירה קרומבאכר פחית 500 מ,קרומבאכר,DE,בירה קרומבאכר,מיליליטרים,500.00,"100 מ""ל",false,1,9.90,1.98,true,1,
4008287058161,false,"בירה קרומבאכר 330*6 מ""ל",קרומבאכר,DE,בירה קרומבאכר6יח,ליטרים,1.98,ליטר,false,1,29.90,15.10,true,1,
4008287762020,false,בירה קרומבאכר חיטה בק500,קרומבאכר,DE,בירה קרומבאכר,מיליליטרים,500.00,"100 מ""ל",false,0,9.90,1.98,true,1,
4008287905786,false,בירה קרומבאכר חיטה פח500,קרומבאכר,DE,בירה קרומבאכר,מיליליטרים,500.00,"100 מ""ל",false,1,9.90,1.98,true,1,
4009832412476,false,סכינים גרמני ביג,,IL,סכינים גרמני,יחידה,1.00,יחידה,false,1,16.90,16.90,true,1,
4009900013581,false,מסטיק סטיקס ספירמינט 5יח,ריגלי צרפת,FR,מסטיק סטיקס,גרמים,65.00,100 גרם,false,0,9.90,15.23,true,1,
4009900385824,false,מסטיק סטיקס פפרמינט 5 יח,ריגלי צרפת,FR,מסטיק סטיקס,גרמים,65.00,100 גרם,false,0,9.90,15.23,true,1,
4009900402965,false,אורביט וייט פירות 64גרם,ריגלי פולין,PL,אורביט בקבוקון,גרמים,64.00,100 גרם,false,0,9.90,15.47,true,1,
4009900403023,false,מסטיק אורביט ויט מנטה64ג,ריגלי פולין,PL,אורביט בקבוקון,גרמים,64.00,100 גרם,false,0,9.90,15.47,true,1,
4009900420129,false,אורביט פפרמינט בקבוקון64,,PL,אורביט פפרמינט,גרמים,64.00,100 גרם,false,1,9.90,15.47,true,1,
4009900426039,false,מסטיק איירוויבז מנטה64ג,ריגלי פולין,PL,מסטיק איירוויבז,גרמים,64.00,100 גרם,false,1,8.90,13.91,true,1,
4009900426121,false,מסטיק איירוויבז אוכמנ64ג,ריגלי פולין,PL,מסטיק איירוויבז,גרמים,64.00,100 גרם,false,1,8.90,13.91,true,1,
4009900479998,false,אורביט אוכמניות בקבוק64ג,ריגלי פולין,PL,אורביט בקבוקון,גרמים,64.00,100 גרם,false,0,9.90,15.47,true,1,
4009900482417,false,אורביט באבל מינט בקבוק64,ריגלי פולין,PL,אורביט באבל מינט,גרמים,64.00,100 גרם,false,0,9.90,15.47,true,1,
4009900487283,false,מסטיק סטיקס פירות 5 יח',ריגלי צרפת,FR,מסטיק סטיקס,גרמים,65.00,100 גרם,false,0,9.90,15.23,true,1,
4009900504218,false,אורביט תפוז בקבוקון64ג,ריגלי,PL,אורביט בקבוקון,גרמים,64.00,100 גרם,false,1,9.90,15.47,true,1,
4009900512329,false,מסטיק 5 בוקס ספירמינט69ג,ריגלי,RU,מסטיק פייב,גרמים,69.00,100 גרם,false,1,8.90,12.90,true,1,
4009900512350,false,מסטיק 5 בוקס אבטיח69ג,ריגלי,RU,מסטיק פייב,גרמים,69.00,100 גרם,false,1,8.90,12.90,true,1,
4009900523288,false,מסטיק 5 בוקס תות 69 גרם,מרס,RU,מסטיק פייב,גרמים,69.00,100 גרם,false,1,8.90,12.90,true,1,
4009900531122,false,מסטיק אורביט ספירמינט64ג,,PL,אורביט ספירמינט,גרמים,64.00,100 גרם,false,1,9.90,15.47,true,1,
4009900534581,false,איירוויבז מנטה ודובדבן64,,IL,מסטיק איירוויבז,גרמים,64.00,100 גרם,false,1,8.90,13.91,true,1,
4009900534611,false,איירויבז מנטה+מלון64גרם,,IL,מסטיק אייוויבז,גרמים,64.00,100 גרם,false,1,8.90,13.91,true,1,
4009900536288,false,אורביט רפרשרס פפרמינט67ג,ריגלי,PL,אורביט רפרשרס,גרמים,67.00,100 גרם,false,1,10.90,16.27,true,1,
4009900536486,false,אורביט רפרשרס באבלמינט67,,PL,אורביט רפרשרס,גרמים,67.00,100 גרם,false,1,10.90,16.27,true,1,
4012520602028,false,סכין שיניים גרמני,אליבו,CN,סכין שיניים,יחידה,1.00,יחידה,false,1,8.90,8.90,true,1,
4015000280372,false,דאו.רול און FA ספורט 50,הנקל סוד,DE,דאודורנט FA,מיליליטרים,50.00,"100 מ""ל",false,0,10.90,21.80,true,1,
4015000519915,false,דאו.ספריי פינק פשיין 200,הנקל סוד,TR,דאודורנט FA,מיליליטרים,200.00,"100 מ""ל",false,0,9.90,4.95,true,1,
4015000615891,false,דאו.ספריי FA אקווה 200מל,הנקל סוד,DE,דאודורנט FA,מיליליטרים,200.00,"100 מ""ל",false,0,9.90,4.95,true,1,
4015000615921,false,דאו.ספרי FA ספורט גבר200,הנקל סוד,TR,דאודורנט FA,מיליליטרים,200.00,"100 מ""ל",false,0,9.90,4.95,true,1,
4015400564034,false,מגן תח.אולוייז +L מגה פק,פרוקטר אנד גמבל,DE,מגן תחתון אולויז,יחידה,1.00,יחידה,false,0,19.90,19.90,true,1,
4015400564454,false,68מגני תח.אולוייז מגה L,פרוקטר אנד גמבל,DE,מגן תחתון אולויז,יחידה,1.00,יחידה,false,0,19.90,19.90,true,1,
4015400598329,false,56אולוויז קוואטרו נורמל+,פרוקטר אנד גמבל,UA,תחבושות אולוויז,יחידה,1.00,יחידה,false,0,29.90,29.90,true,1,
4015400598381,false,48 אולוויז קוואטרו לונג+,פרוקטר אנד גמבל,UA,תחבושות אולוויז,יחידה,1.00,יחידה,false,0,29.90,29.90,true,1,
4015400598411,false,40 אולוויז קוואטרו לילה,פרוקטר אנד גמבל,UA,תחבושות אולוויז,יחידה,1.00,יחידה,false,0,29.90,29.90,true,1,
4015400681670,false,18תחב.אולוייז לילה בטוח,פרוקטר אנד גמבל,UA,תחבושות אולוייז,יחידה,1.00,יחידה,false,1,21.90,21.90,true,1,
4015400731719,false,20 תח.אולוייז דואו לילה,פרוקטר אנד גמבל,UA,תחבושות אולוייז,יחידה,1.00,יחידה,false,1,21.90,21.90,true,1,
4015400746812,false,80מגני תח.אולוייז מגה פק,פרוקטר אנד גמבל,UA,מגן תחתון אולויז,יחידה,1.00,יחידה,false,1,19.90,19.90,true,1,
4015400755241,false,28תח.אולוייז דואו נורמל+,פרוקטר אנד גמבל,UA,תחבושות אולוייז,יחידה,1.00,יחידה,false,1,21.90,21.90,true,1,
4015400755487,false,24 תח.אולוייז דואו לונג,פרוקטר אנד גמבל,UA,תחבושות אולוייז,יחידה,1.00,יחידה,false,1,21.90,21.90,true,1,
4015400833826,false,86פמפרס מגה פק שלב4,פרוקטר אנד גמבל,DE,פמפרס מגה פק,יחידה,1.00,יחידה,false,1,67.90,67.90,true,1,
4015400834113,false,80פמפרס מגה פק שלב+4,פרוקטר אנד גמבל,DE,פמפרס מגה פק,יחידה,1.00,יחידה,false,1,67.90,67.90,true,1,
4015400834366,false,74פמפרס מגה פק שלב5,פרוקטר אנד גמבל,DE,פמפרס מגה פק,יחידה,1.00,יחידה,false,1,67.90,67.90,true,1,
4015400834960,false,68פמפרס מגה פק שלב6,פרוקטר אנד גמבל,DE,פמפרס מגה פק,יחידה,1.00,יחידה,false,1,67.90,67.90,true,1,
4015400990543,false,אב.כביסה אריאל קולור 8קג,פרוקטור אנד גמבל,TR,אבקת אריאל קולור,קילוגרמים,8.00,"ק""ג",false,1,54.90,6.86,true,1,
4015600763251,false,שמפו הד&שולדרס קלאסי600מ,פרוקטר אנד גמבל,RO,שמפו הד&שולדרס,מיליליטרים,600.00,"100 מ""ל",false,0,22.90,3.82,true,1,
4015600763299,false,"הד&שולדרס 2ב1- 600 מ""ל",פרוקטר אנד גמבל,RO,שמפו הד&שולדרס,מיליליטרים,600.00,"100 מ""ל",false,0,22.90,3.82,true,1,
4015600763411,false,שמפו הד&שולדרס מנטול 600,פרוקטר אנד גמבל,RO,שמפו הד&שולדרס,מיליליטרים,600.00,"100 מ""ל",false,0,22.90,3.82,true,1,
4015600763459,false,שמפו הד&שולדרס תפוח600מל,פרוקטר אנד גמבל,RO,שמפו הד&שולדרס,מיליליטרים,600.00,"100 מ""ל",false,0,22.90,3.82,true,1,
4015600763534,false,הד&שולדרס מגע משי 600מ,פרוקטר אנד גמבל,RO,שמפו הד&שולדרס,מיליליטרים,600.00,"100 מ""ל",false,0,22.90,3.82,true,1,
4015600810849,false,דאו.קליר ג'ל פאוייר70מ,פרוקטר אנד גמבל,PL,דאודורנט קליר,מיליליטרים,70.00,"100 מ""ל",false,0,15.90,22.71,true,1,
4044925007320,false,פותחן טופ .,,IL,פותחן טופ,יחידה,1.00,יחידה,false,1,7.90,7.90,true,1,
4045236336208,false,זוג מתלים למגבות,,IL,זוג מתלים למגבות,יחידה,1.00,יחידה,false,0,11.90,11.90,true,1,
4047129463091,false,סט סכינים 4 יחידות,YANAGXI,CN,סט סכינים,יחידה,1.00,יחידה,false,0,11.90,11.90,true,1,
4047224248227,false,הופכן נירוסטה,YANAGXI,CN,הופכן נירוסטה,יחידה,1.00,יחידה,false,1,16.90,16.90,true,1,
4047225984117,false,מועך נירוסטה,YANAGXI,CN,מועך נירוסטה,יחידה,1.00,יחידה,false,1,16.90,16.90,true,1,
4047254558228,false,מצקת נירוסטה,YANAGXI,CN,מצקת נירוסטה,יחידה,1.00,יחידה,false,1,16.90,16.90,true,1,
4047265484875,false,קולפן נירוסטה סופר,YANAGXI,CN,קולפן נירוסטה,יחידה,1.00,יחידה,false,0,9.90,9.90,true,1,
4047293484922,false,סכין מדורגת,,IL,סכין מדורגת,יחידה,1.00,יחידה,false,1,18.90,18.90,true,1,
4047295585573,false,חולץ פקקים נירוסטה,YANAGXI,CN,חולץ פקקים,יחידה,1.00,יחידה,false,1,17.90,17.90,true,1,
4047299375811,false,פומפיה מרובעת,YANAGXI,CN,פומפיה מרובעת,יחידה,1.00,יחידה,false,1,21.90,21.90,true,1,
4047505700239,false,תפוחן קישואן,אליבו,IL,תפוחן קישואן,יחידה,1.00,יחידה,false,1,11.90,11.90,true,1,
4047532115457,false,מקלף כרוב,אליבו,CN,מקלף כרוב,יחידה,1.00,יחידה,false,1,14.90,14.90,true,1,
4047558822315,false,פותחן שימורים מהודר,אליבו,CN,פותחן שימורים,יחידה,1.00,יחידה,false,1,21.90,21.90,true,1,
4047559620224,false,כף עוגה נירוסטה .,,IL,כף עוגה נירוסטה,יחידה,1.00,יחידה,false,1,10.90,10.90,true,1,
4047592521540,false,כף גלידה נירוסטה .,,IL,כף גלידה,יחידה,1.00,יחידה,false,1,10.90,10.90,true,1,
4047778012480,false,פותחן מלצרים נירוסטה,,IL,פותחן מלצרים,יחידה,1.00,יחידה,false,1,10.90,10.90,true,1,
4047783896723,false,כף סינון נירוסטה,,IL,כף סינון נירוסטה,יחידה,1.00,יחידה,false,1,16.90,16.90,true,1,
4047847488291,false,סכין כוכב נירוסטה .,,IL,סכין נירוסטה,יחידה,1.00,יחידה,false,1,9.90,9.90,true,1,
4047875566596,false,כף הגשה נירוסטה,YANAGXI,CN,כף הגשה,יחידה,1.00,יחידה,false,1,16.90,16.90,true,1,
4047889384872,false,פורס ביצה דאבל קוצינה,YANAGXI,CN,פורס ביצה,יחידה,1.00,יחידה,false,0,9.90,9.90,true,1,
4048852554841,false,סט מזלגות קוצינה 6 יחידו,YANAGXI,CN,סט מזלגות,יחידה,1.00,יחידה,false,0,11.90,11.90,true,1,
4048852589119,false,סט כפיות מילקשיק 6 יחידו,YANAGXI,IL,כפיות מילקשייק,יחידה,1.00,יחידה,false,0,11.90,11.90,true,1,
4048852589898,false,סט כפות קוצינה 6 יחידות,YANAGXI,CN,סט כפות,יחידה,1.00,יחידה,false,0,11.90,11.90,true,1,
4048855858892,false,סט כפיות קוצינה 6 יחידות,YANAGXI,CN,סט כפיות קוצינה,יחידה,1.00,יחידה,false,0,9.90,9.90,true,1,
4048875996345,false,סט סכינים קוצינה 3 יחידו,YANAGXI,CN,סט סכינים קוצינה,יחידה,1.00,יחידה,false,0,9.90,9.90,true,1,
4052197000017,false,"בירה בנדיקטינר 500 מ""ל",בנדיקטינר וויצבראו,DE,בירה בנדיקטינר,מיליליטרים,500.00,"100 מ""ל",false,0,10.90,2.18,true,1,
4052197000925,false,"בירה בנדיקטינר כהה500מ""ל",בנדיקטינר וויצבראו,DE,בירה בנדיקטינר,מיליליטרים,500.00,"100 מ""ל",false,0,10.90,2.18,true,1,
4053700288205,false,קרם להסרת שיער רגיש100מל,רקיט בנקיזר,FR,קרם להסרת שיער,מיליליטרים,100.00,"100 מ""ל",false,0,18.90,18.90,true,1,
4053700292455,false,ויט 12רצועות שעווה צמחית,רקיט בנקיזר,FR,רצועות שעווה ויט,יחידה,1.00,יחידה,false,0,24.90,24.90,true,1,
4062400543125,false,טקילה סיירה זהב רפסדו700,מזקקת סיארה אונידס,MX,טקילה סיירה,מיליליטרים,700.00,"100 מ""ל",false,0,94.90,13.56,true,1,
4084500088917,false,פיירי לכלים לימון650מל,פרוקטר אנד גמבל,GB,פיירי נוזל לכלים,מיליליטרים,650.00,"100 מ""ל",false,0,9.90,1.52,true,1,
4084500371422,false,"אריאל שושן צחור8 ק""ג",פרוקטר & גמבל,CZ,אריאל שושן צחור,קילוגרמים,8.00,"ק""ג",false,0,54.90,6.86,true,1,
4084500371453,false,"אבקת כביסה טייד 8 ק""ג",פרוקטר אנד גמבל,TR,אבקת כביסה טייד,קילוגרמים,8.00,"ק""ג",false,0,39.90,4.99,true,1,
4084500854048,false,פיירי לימון 1.24ל,פרוקטר אנד גמבל,GB,נוזל כלים פיירי,ליטרים,1.24,ליטר,false,1,14.90,12.02,true,1,
4210201176718,false,4 ראשים חשמלי סנסטיב,בראון,DE,ראש חשמלי 4 יח,יחידה,1.00,יחידה,false,1,69.90,69.90,true,1,
4210201181538,false,4 ראשי מילוי- מכוניות,בראון,DE,ראש חשמלי 4 יח,יחידה,1.00,יחידה,false,0,69.90,69.90,true,1,
4210201244486,false,מברשת נטענת-ילדים מכוניו,בראון,DE,מברשת אורל בי,יחידה,1.00,יחידה,false,1,89.90,89.90,true,1,
4210201262183,false,מברשת חשמלית נטענת-מבוגר,בראון,DE,מברשת נטענת,יחידה,1.00,יחידה,false,1,89.90,89.90,true,1,
4602486002071,false,וודקה בלנקאיה גולד 700מל,מזקקת גאורגייבסקי,RU,וודקה בלנקאיה,מיליליטרים,700.00,"100 מ""ל",false,1,54.90,7.84,true,1,
4605561010305,false,הרינג עם שמיר בשמן 500 ג,LTD BREMOR SANTA SD,BY,הרינג עם שמיר,גרמים,500.00,100 גרם,false,1,19.90,3.98,true,1,
4605561010312,false,הרינג עם שמיר בשמן 200 ג,LTD BREMOR SANTA SD,BY,הרינג עם שמיר,גרמים,200.00,100 גרם,false,1,8.90,4.45,true,1,
4605561010343,false,חתיכות פילה הרינג בשמן,LTD BREMOR SANTA SD,BY,פילה הרינג בשמן,גרמים,500.00,100 גרם,false,1,19.90,3.98,true,1,
4605561010350,false,חתיכות הרינג בשמן,LTD BREMOR SANTA SD,BY,הרינג בשמן,גרמים,200.00,100 גרם,false,1,8.90,4.45,true,1,
4605561011975,false,הרינג בשמן 150 גרם,LTD BREMOR SANTA SD,BY,הרינג בשמן,גרמים,150.00,100 גרם,false,1,6.50,4.33,true,1,
4605561012613,false,הרינג בשמן 400 גרם,LTD BREMOR SANTA SD,BY,הרינג בשמן,גרמים,400.00,100 גרם,false,1,13.90,3.48,true,1,
4605561013009,false,פילה הרינג בשמן 400 גרם,LTD BREMOR SANTA SD,BY,פילה הרינג בשמן,גרמים,400.00,100 גרם,false,1,13.90,3.48,true,1,
4605561013566,false,הרינג בשמן 230 גרם,LTD BREMOR SANTA SD,BY,הרינג בשמן,גרמים,230.00,100 גרם,false,1,9.90,4.30,true,1,
4610028130052,false,וודקה לגנד אוף קרמלין700,"איטאר בע""מ קלינינגרד",RU,וודקה לגנד,מיליליטרים,700.00,"100 מ""ל",false,1,99.90,14.27,true,1,
4640018993404,false,פיניש קוואנטום למדיח75טב,רקיט בנקיזר,PL,פיניש 75 טבליות,יחידה,1.00,יחידה,false,1,59.90,59.90,true,1,
4770237056816,false,גלידת שמנת וניל ללא גלוט,,LT,גלידת שמנת,גרמים,255.00,100 גרם,false,1,17.90,7.02,true,1,
4800888150080,false,דאו.דאב רול און ירוק 50,יוניליוור,PH,דאודורנט דאב,מיליליטרים,50.00,"100 מ""ל",false,0,14.90,29.80,true,1,
4800888150103,false,דאו.דאב רול און כחול 50,יוניליוור,PH,דאודורנט דאב,מיליליטרים,50.00,"100 מ""ל",false,0,14.90,29.80,true,1,
4800888190529,false,דאו.דאב סטיק טלק סופט50,יוניליוור,PH,דאודורנט דאב,גרמים,50.00,100 גרם,false,1,15.90,31.80,true,1,
4800888209368,false,דאו.רקסונה סטיק אקסטרה50,יוניליוור,PH,דאודורנט רקסונה,גרמים,50.00,100 גרם,false,1,14.90,29.80,true,1,
4800888209405,false,דאו.רקסונה סטיק קובלט 50,יוניליוור,PH,דאודורנט רקסונה,גרמים,50.00,100 גרם,false,1,14.90,29.80,true,1,
4800888209429,false,דאו.רקסונה סטיק כותנה 50,יוניליוור,PH,דאודורנט רקסונה,גרמים,50.00,100 גרם,false,1,14.90,29.80,true,1,
4800888214904,false,דאו.דאב סטיק קקאו 50 גרם,יוניליוור,PH,דאודורנט דאב,מיליליטרים,150.00,"100 מ""ל",false,1,15.90,10.60,true,1,
4800888219510,false,"דאו סטיק מלפפונים50 מ""ל",יוניליוור,PH,דאודורנט דאב,גרמים,50.00,100 גרם,false,1,15.90,31.80,true,1,
4800888219534,false,דאודורנט סטיק אורגינל 50,יוניליוור,PH,דאו.דאב,מיליליטרים,50.00,"100 מ""ל",false,1,15.90,31.80,true,1,
4810168000011,false,חתיכות הרינג מלוח מצונן,LTD BREMOR SANTA SD,BY,הרינג מלוח,גרמים,250.00,100 גרם,false,1,11.90,4.76,true,1,
4810168000066,false,הרינג מלוח מצונן+תבלין,LTD BREMOR SANTA SD,BY,הרינג מלוח מצונן,גרמים,250.00,100 גרם,false,1,11.90,4.76,true,1,
4810168000998,false,הרינג מלוח עם בצל 260 גר,LTD BREMOR SANTA SD,BY,הרינג עם בצל,גרמים,260.00,100 גרם,false,1,14.90,5.73,true,1,
4810168001056,false,הרינג מלוח חתיכות מצונן,LTD BREMOR SANTA SD,BY,הרינג מלוח,גרמים,260.00,100 גרם,false,1,14.90,5.73,true,1,
4810168018795,false,חתיכות פילה הרינג מלוח,LTD BREMOR SANTA SD,BY,פילה הרינג מלוח,גרמים,200.00,100 גרם,false,1,9.90,4.95,true,1,
4810168019051,false,הרינג מלוח מצונן+תבלין,LTD BREMOR SANTA SD,BY,הרינג מלוח מצונן,גרמים,200.00,100 גרם,false,1,9.90,4.95,true,1,
4810168024512,false,הרינג מלוח מצונן+תבלין,LTD BREMOR SANTA SD,BY,הרינג מלוח מצונן,גרמים,260.00,100 גרם,false,1,14.90,5.73,true,1,
4810168045562,false,פילה דג סלמון מעושן קפוא,LTD BREMOR SANTA SD,BY,פילה דג סלמון,גרמים,100.00,100 גרם,false,1,14.90,14.90,true,1,
4810168045586,false,פילה דג פורל מעושן קפוא,LTD BREMOR SANTA SD,BY,פילה דג פורל,גרמים,100.00,100 גרם,false,1,14.90,14.90,true,1,
4810168055875,false,"פילה הרינג מתובל 1.2ק""ג",,BY,פילה הרינג מתובל,קילוגרמים,1.20,"ק""ג",false,1,29.90,24.92,true,1,
4810168055882,false,חתיכות פילה דג הרינג 1.2,,BY,הרינג ממלוח,קילוגרמים,1.20,"ק""ג",false,1,29.90,24.92,true,1,
4810168055899,false,"הרינג ממולח בשמן 1.2 ק""ג",,BY,הרינג ממולח בשמן,קילוגרמים,1.20,"ק""ג",false,1,29.90,24.92,true,1,
4810168055905,false,הרינג סקנדינבי ממולח 1.2,,BY,הרינג סקנדינבי,קילוגרמים,1.20,"ק""ג",false,1,29.90,24.92,true,1,
4823077632440,false,"חמאה רושן בד""ץ 200 גרם",ROSHEN,BY,"חמאה רושן בד""ץ",גרמים,200.00,100 גרם,false,1,7.40,3.70,true,1,
4891199027598,false,רביעיית סוללות AA G.P,סמיקום,CN,רביעיית סוללות,יחידה,1.00,יחידה,false,0,8.90,8.90,true,1,
4891199027659,false,רביעיית סוללות AAA אלקלי,סמיקום,CN,רביעיית סוללות,יחידה,1.00,יחידה,false,0,8.90,8.90,true,1,
4891228308025,false,היידרו סילק ידית4+סכינים,ארץ ייצור סכינים: ארהבn\,US,היידרו סילק מארז,יחידה,1.00,יחידה,false,1,59.90,59.90,true,1,
4891228430061,false,10 סכיני גילוח עם אלוורה,"ש. שסטוביץ בע""\מ",CN,סכיני גילוח 10יח,יחידה,1.00,יחידה,false,0,24.90,24.90,true,1,
4891228430092,false,4סכינ.גילוח אקסטרים3 אשה,שיק,CN,סכיני גילוח,יחידה,1.00,יחידה,false,0,19.90,19.90,true,1,
4895060592307,false,43גFN סוכריות חלב בבקבוק,איתן-מזון,CN,סוכריות בבקבוק,גרמים,43.00,100 גרם,false,0,6.90,16.05,true,1,
5000146048671,false,סילבו מטליות לכלי כסף,רקיט בנקיזר,PT,מטליות ניקוי,גרמים,75.00,100 גרם,false,1,14.90,19.87,true,1,
5000159376655,false,סוכריות סקיטלס פירות38ג,ריגלי ממתקים,CZ,סוכריות סקיטלס,גרמים,38.00,100 גרם,false,0,2.90,7.63,true,1,
5000159376792,false,סוכריות סקיטלס חמוץ 38 ג,ריגלי ממתקים,CZ,סוכריות סקיטלס,גרמים,38.00,100 גרם,false,0,2.90,7.63,true,1,
5000204048711,false,קיווי להגנת נעלי ספורט,,NL,קיווי לנעל ספורט,מיליליטרים,200.00,"100 מ""ל",false,1,14.90,7.45,true,1,
5000204048742,false,קיווי לבישום נעלי ספורט,,NL,קיווי לנעל ספורט,מיליליטרים,100.00,"100 מ""ל",false,1,14.90,14.90,true,1,
5000204048803,false,קיווי לניקוי נעלי ספורט,,PL,קיווי לניקוי נעל,מיליליטרים,75.00,"100 מ""ל",false,1,14.90,19.87,true,1,
5000204133509,false,זיפלוק שקיות אחסון 19 יח,,US,שקיות אחסון,יחידה,1.00,יחידה,false,1,11.90,11.90,true,1,
5000204142891,false,זיפלוק שקיות סנדוויץ 100,תאי גריפטק קו,TH,שקיות לסנדוויץ,יחידה,1.00,יחידה,false,1,11.90,11.90,true,1,
5000204657913,false,קיווי משחה שחורה50מל,ג'ונסון,ID,קיווי משחה בשחור,מיליליטרים,50.00,"100 מ""ל",false,0,5.90,11.80,true,1,
5000204658064,false,קיווי ספוג הברקה שחור,ג'ונסון,HN,קיווי ספוג הברקה,יחידה,1.00,יחידה,false,0,13.90,13.90,true,1,
5000204658125,false,קיווי נוזל נעליים חום75מ,ג'ונסון,PL,קיווי נוזל,מיליליטרים,75.00,"100 מ""ל",false,0,13.90,18.53,true,1,
5000204658187,false,קיווי נוזל נעליים שחור75,ג'ונסון,PL,קיווי נוזל,מיליליטרים,75.00,"100 מ""ל",false,0,13.90,18.53,true,1,
5000204661392,false,"קיווי משחה שחורה 100 מ""ל",ג'ונסון,ID,קיווי משחה שחורה,מיליליטרים,100.00,"100 מ""ל",false,1,8.90,8.90,true,1,
5000213000359,false,"בירה גינס 330 מ""ל",תשלובת גינס,IE,בירה גינס,מיליליטרים,330.00,"100 מ""ל",false,1,12.90,3.91,true,1,
5000213014905,false,"בירה גינס פחית 440 מ""ל",קרלסברג ישראל,IE,בירה גינס פחית,מיליליטרים,440.00,"100 מ""ל",false,0,13.90,3.16,true,1,
5000267014234,false,וויסקי ג'וני ווקר אדום,ג'\ון ווקר ובניו,GB,ג'וני ווקר אדום,מיליליטרים,700.00,"100 מ""ל",false,0,79.90,11.41,true,1,
5000267024233,false,וויסקי ג'וני ווקר שחור,ג'\וני ווקר ובניו,GB,ויסקי ג'וני ווקר,מיליליטרים,700.00,"100 מ""ל",false,0,119.90,17.13,true,1,
5000267117560,false,גוני ווקר גולד ריזרב700מ,ג'\ון ווקר ובניו,GB,וויסקי גוני ווקר,מיליליטרים,700.00,"100 מ""ל",false,1,169.90,24.27,true,1,
5000394002463,false,סוללות דורסל סימפלי AAA8,דורסל,BE,סוללות דורסל סימ,יחידה,1.00,יחידה,false,1,19.90,19.90,true,1,
5000394017764,false,8 סוללות דורסל AA,פרוקטר & גמבל,IL,8 סוללות דורסל,יחידה,1.00,יחידה,false,1,19.90,19.90,true,1,
5000394018549,false,8 סוללות דורסל AAA,פרוקטר & גמבל,IL,8 סוללות דורסל,יחידה,1.00,יחידה,false,1,19.90,19.90,true,1,
5000488108422,false,ספאטון מים המכילים ברזל,(LAPIDOT (LUXEMBURG,GB,ספאטון תוסף ברזל,מיליליטרים,560.00,"100 מ""ל",false,0,74.90,13.38,true,1,
5000488109481,false,ספאטון תפוח 700 מל,(LAPIDOT (LUXEMBURG,GB,ספאטון תפוח,מיליליטרים,700.00,"100 מ""ל",false,1,78.90,11.27,true,1,
5010327000046,false,"וויסקי גרנטס 700 מ""ל","וויליאם גראנט ובניו בע""\",GB,וויסקי גרנט'ס,מיליליטרים,700.00,"100 מ""ל",false,0,74.90,10.70,true,1,
5010677850100,false,"וודקה גריי גוס 700 מ""ל",גריי גוס,FR,וודקה גריי גוס,מיליליטרים,700.00,"100 מ""ל",false,1,104.90,14.98,true,1,
5011417547885,false,מקלות ריחנים ניחוח כביסה,רקיט בנקיזר,NL,מקלות ריחניים,יחידה,1.00,יחידה,false,0,14.90,14.90,true,1,
5011417552247,false,אירוויק נטול גז לילך345מ,רקיט בנקיזר,PL,אירוויק מבשם,מיליליטרים,345.00,"100 מ""ל",false,0,9.90,2.87,true,1,
5011417563908,false,אירוויק פיור וניל 250מל,רקיט בנקיזר,GB,איירוויק וניל,מיליליטרים,250.00,"100 מ""ל",false,1,9.90,3.96,true,1,
5011417565414,false,אירוויק פיור לבנדר 250מל,רקיט בנקיזר,GB,איירוויק לבנדר,מיליליטרים,250.00,"100 מ""ל",false,1,9.90,3.96,true,1,
5011417565421,false,אירוויק פיור כותנה 250מל,רקיט בנקיזר,GB,איירוויק כותנה,מיליליטרים,250.00,"100 מ""ל",false,1,9.90,3.96,true,1,
5016616000520,false,טופי חלבי עם חמאה 200 גר,פי אנד די,GR,טופי חלבי,גרמים,200.00,100 גרם,false,1,9.90,4.95,true,1,
5016616201187,false,סוכריות קשות פירות הדר,אי אל סימפקין,GB,סוכריות בקופסא,גרמים,200.00,100 גרם,false,1,14.90,7.45,true,1,
5016616201194,false,סוכריות קשות בטעמי פירות,אי אל סימפקין,GB,סוכריות קשות,גרמים,200.00,100 גרם,false,1,14.90,7.45,true,1,
5016616201200,false,סוכריות קשות פירות יער,אי אל סימפקין,GB,סוכריות קשות,גרמים,200.00,100 גרם,false,1,14.90,7.45,true,1,
5016616201217,false,סוכריות קשות פירות טרופי,אי אל סימפקין,GB,סוכריות בקופסא,גרמים,200.00,100 גרם,false,1,14.90,7.45,true,1,
5016616300248,false,טופי שוקולד ומנטה 150 גר,פי אנד די,GR,טופי שוקולד ומנט,גרמים,150.00,100 גרם,false,1,9.90,6.60,true,1,
5016616300255,false,טופי ענבים ופטל 150  גר,פי אנד די,GR,טופי ענבים ופטל,גרמים,150.00,100 גרם,false,1,9.90,6.60,true,1,
5016616300262,false,טופי קוקוס ואננס 150  גר,פי אנד די,GR,טופי קוקוס ואננס,גרמים,150.00,100 גרם,false,1,9.90,6.60,true,1,
5016616300279,false,טופי תפוז ולימון 150  גר,פי אנד די,GR,טופי תפוז ולימון,גרמים,150.00,100 גרם,false,1,9.90,6.60,true,1,
5021349701019,false,"ויסקי טומינטול 750 מ""ל",,GB,וויסקי טומינטול,מיליליטרים,750.00,"100 מ""ל",false,0,169.90,22.65,true,1,
5024546366609,false,וויסקי לאודרס,,GB,וויסקי לאודרס,מיליליטרים,700.00,"100 מ""ל",false,0,79.90,11.41,true,1,
5024546366838,false,ויסקי לאודרס ספיישל 1 ל,מקדוף אנטרנשונל,GB,ויסקי לאודרס,ליטרים,1.00,ליטר,false,1,129.90,129.90,true,1,
5029053510811,false,קוטקס תחבושות נורמל 30יח,חוגלה קימברלי,CZ,תחבושות קוטקס,יחידה,1.00,יחידה,false,0,15.90,15.90,true,1,
5029053510828,false,קוטקס תחבושות סופר 22 יח,חוגלה קימברלי,CZ,תחבושות קוטקס,יחידה,1.00,יחידה,false,0,15.90,15.90,true,1,
5029053523446,false,קוטקס תחבושות נייט 20 יח,חוגלה קימברלי,CZ,תחבושות נייט קוט,יחידה,1.00,יחידה,false,0,15.90,15.90,true,1,
5029053527574,false,10תח.ספיגה לילה בנים4-7,חוגלה קימברלי,CZ,10 תחתוני ספיגה,יחידה,1.00,יחידה,false,0,29.90,29.90,true,1,
5029053527598,false,9תח.ספיגה לילה בנים8-15,חוגלה קימברלי,CZ,תחתוני ספיגה האג,יחידה,1.00,יחידה,false,0,29.90,29.90,true,1,
5029053538426,false,11 חיתולי שחיה האגיס L,האגיס בגדי ים,CZ,חיתולי האגיס,יחידה,1.00,יחידה,false,0,34.90,34.90,true,1,
5060258920197,false,שקיות לבישול 10 יחידות,KOSHER GLOBAL,GB,שקיות לבישול,יחידה,1.00,יחידה,false,1,3.90,3.90,true,1,
5060258920241,false,שקיות לצלייה ואפייה 10 י,KOSHER GLOBAL,GB,שקיות צליה ואפיה,יחידה,1.00,יחידה,false,1,3.90,3.90,true,1,
5060491530337,false,ויסקי בן איידן סינגל 700,,GB,ויסקי סקוטי בן א,מיליליטרים,700.00,"100 מ""ל",false,1,159.00,22.71,true,1,
5099864006377,false,סימילאק שלב 1 מהדרין900ג,ABBOT,IE,סימילאק שלב 1,גרמים,900.00,100 גרם,false,0,69.90,7.77,true,1,
5099864006384,false,סימילאק שלב 2 מהדרין900ג,ABBOT,IE,סימילאק שלב 2,גרמים,900.00,100 גרם,false,0,69.90,7.77,true,1,
5099864006391,false,סימילאק שלב 3 מהדרין900ג,ABBOT,IE,סימילאק שלב 3,גרמים,900.00,100 גרם,false,0,69.90,7.77,true,1,
5099873006504,false,"ג'ק דניאלס פייר 700 מ""ל",בראון פורמן,BE,וויסקי ג'ק דניאל,מיליליטרים,700.00,"100 מ""ל",false,1,104.90,14.99,true,1,
5099873017623,false,"ג'ק דניאלס תפוח 700 מ""ל",בראון,BE,ג'ק דניאלס תפוח,מיליליטרים,700.00,"100 מ""ל",false,1,104.90,14.99,true,1,
5132318516524,false,זוג מותחן סדינים מקצועי,נוי שיווק,CN,זוג מותחן סדינים,יחידה,1.00,יחידה,false,1,9.90,9.90,true,1,
5290615002611,false,סולם 5 שלבים,,CN,סולם 5 שלבים,יחידה,1.00,יחידה,false,1,199.00,199.00,true,1,
5373876897858,false,מארז 10 דפי מדבק,,CN,מארז 10 דפי מדבק,יחידה,1.00,יחידה,false,1,14.90,14.90,true,1,
5410091648176,false,דאו.רול און FA פינק50מ,הנקל סוד,DE,דאודורנט FA,מיליליטרים,50.00,"100 מ""ל",false,0,10.90,21.80,true,1,
5410103161518,false,ACTIVE TRIPLE קרם לחות,"קרלסרו, גרמניה",DE,קרם לחות,מיליליטרים,50.00,"100 מ""ל",false,0,44.90,89.80,true,1,
5410103161617,false,ACTIVE TRIPLE קרם לחות,"קרלסרו, גרמניה",DE,קרם לחות עור יבש,מיליליטרים,50.00,"100 מ""ל",false,0,44.90,89.80,true,1,
5410126106183,false,ביסקוויט לוטוס ארוז 50יח,לוטוס ביקרי,BE,ביסקוויט לוטוס,גרמים,312.00,100 גרם,false,0,14.90,4.78,true,1,
5410126716016,false,ביסקוויט לוטוס ט.קרמל250,לוטוס ביקרי,BE,ביסקויט לוטוס,גרמים,250.00,100 גרם,false,0,9.90,3.96,true,1,
5410126726947,false,ממרח עוג.לוטוס קראנץ380ג,לוטוס ביקרי,BE,ממרח עוגיות,גרמים,380.00,100 גרם,false,0,19.90,5.24,true,1,
5410228144755,false,בירה סטלה ארטואה 330*6מל,מבשלות בירה בינלאומיות ב,IL,בירה סטלה 6 יח',ליטרים,1.98,ליטר,false,0,32.90,16.62,true,1,
5410316994019,false,וודקה סמירנוף,,US,וודקה סמירנוף,מיליליטרים,700.00,"100 מ""ל",false,0,59.90,8.56,true,1,
5410458252152,false,מלבין טליתות 300 גרם,,IL,מלבין טליתות,גרמים,300.00,100 גרם,false,0,48.90,16.30,true,1,
5411188080268,false,משקה סויה אורגני אלפרו1ל,אלפרו C.V.A,BE,משקה סויה אורגני,ליטרים,1.00,ליטר,false,0,11.90,11.90,true,1,
5411188081852,false,משקה סויה בטעם וניל 1 ל,אלפרו C.V.A,BE,משקה סויה וניל,ליטרים,1.00,ליטר,false,0,11.90,11.90,true,1,
5411188106159,false,משקה סויה מופחת שומן 1 ל,אלפרו C.V.A,BE,משקה סויה אלפרו,ליטרים,1.00,ליטר,false,0,11.90,11.90,true,1,
5411188110835,false,משקה שקדים אלפרו 1 ליטר,אלפרו C.V.A,BE,משקה שקדים אלפרו,ליטרים,1.00,ליטר,false,0,11.90,11.90,true,1,
5411188110842,false,משקה אגוזי לוז אלפרו 1 ל,אלפרו C.V.A,BE,משקה אגוזי לוז,ליטרים,1.00,ליטר,false,0,11.90,11.90,true,1,
5411188112549,false,משקה אורז אלפרו 1 ליטר,אלפרו C.V.A,BE,משקה אורז אלפרו,ליטרים,1.00,ליטר,false,0,11.90,11.90,true,1,
5411188112709,false,"משקה שקדים ללת""ס אלפרו1ל",אלפרו C.V.A,BE,משקה שקדים אלפרו,ליטרים,1.00,ליטר,false,0,11.90,11.90,true,1,
5411188115366,false,משקה שיבולת שועל אלפרו1ל,אלפרו C.V.A,BE,משקה שיבולת שועל,ליטרים,1.00,ליטר,false,0,11.90,11.90,true,1,
5411188115472,false,משקה סויה אלפרו 1 ליטר,אלפרו C.V.A,BE,משקה סויה אלפרו,ליטרים,1.00,ליטר,false,1,11.90,11.90,true,1,
5411188116592,false,משקה קוקוס אורז אלפרו 1ל,אלפרו C.V.A,BE,משקה קוקוס אורז,ליטרים,1.00,ליטר,false,0,11.90,11.90,true,1,
5411188118732,false,משקה קוקוס שקדים אלפרו1ל,אלפרו C.V.A,BE,משקה קוקוס שקדים,ליטרים,1.00,ליטר,false,1,11.90,11.90,true,1,
5411188120742,false,משקה שקדים טעם וניל 1 ל,אלפרו C.V.A,BE,משקה שקדים וניל,ליטרים,1.00,ליטר,false,1,11.90,11.90,true,1,
5411188122661,false,"משקה שקד.לא קלוי ללת""ס1ל",אלפרו C.V.A,BE,משקה שקדים אלפרו,ליטרים,1.00,ליטר,false,1,11.90,11.90,true,1,
5411188124689,false,"משקה ש.שועל ללת""ס1 ליטר",אלפרו C.V.A,BE,משקה ש.שועל,ליטרים,1.00,ליטר,false,1,11.90,11.90,true,1,
5411188124726,false,משקה ש.שועל שקדים 1 ל,אלפרו C.V.A,BE,משקה שיבולת שועל,ליטרים,1.00,ליטר,false,1,11.90,11.90,true,1,
5411188134985,false,משקה שיבולת שועל3.5% 1 ל,אלפרו C.V.A,BE,משקה שיבולת שועל,ליטרים,1.00,ליטר,false,1,12.90,12.90,true,1,
5411188135005,false,משקה שיבולת שועל 1.8% 1ל,אלפרו C.V.A,BE,משקה שיבולת שועל,ליטרים,1.00,ליטר,false,1,12.90,12.90,true,1,
5411188300328,false,משקה סויה ט.שוקולד 1ל,אלפרו C.V.A,BE,משקה סויה שוקו,ליטרים,1.00,ליטר,false,0,11.90,11.90,true,1,
5411188543398,false,"משקה סויה לל""ס אלפרו 1 ל",אלפרו C.V.A,BE,משקה סויה אלפרו,ליטרים,1.00,ליטר,false,1,11.90,11.90,true,1,
5413149922907,false,א.כ אריאל קולור וסטייל5ק,פרוקטר אנד גמבל,CZ,"אריאל קולור 5ק""ג",קילוגרמים,5.00,"ק""ג",false,1,44.90,8.98,true,1,
5525485298056,false,כף עץ סיליקון עגולה .,,IL,כף עץ סיליקון,יחידה,1.00,יחידה,false,1,12.90,12.90,true,1,
5525485298063,false,כף עץ סיליקון שטוחה .,,IL,כף עץ סיליקון,יחידה,1.00,יחידה,false,1,12.90,12.90,true,1,
5601217129420,false,וולייט 20דפי שומרי צבע,רקיט בנקיזר,IT,וולייט דפים,יחידה,1.00,יחידה,false,1,17.90,17.90,true,1,
5625646303220,false,אוזניה קטנה לסלולרי,,IL,אוזניה לסלולרי,יחידה,1.00,יחידה,false,1,14.90,14.90,true,1,
5701049326254,false,עדשים שוקולד 150 גרם,קרלטי,DK,עדשים שוקולד,גרמים,150.00,100 גרם,false,1,7.90,5.27,true,1,
5701049326261,false,עדשים מיני 150 גרם,קרלטי,DK,עדשים מיני,גרמים,150.00,100 גרם,false,1,7.90,5.27,true,1,
5701049326278,false,עדשים שוקולד מנטה 150 גר,קרלטי,DK,עדשים שוקולד,גרמים,150.00,100 גרם,false,1,7.90,5.27,true,1,
5701049326285,false,פולי שוקולד בטעם קפה,קרלטי,DK,פולי קפה טעם קפה,גרמים,150.00,100 גרם,false,1,8.90,5.93,true,1,
5701049342469,false,ליקריץ 150 גרם,קרלטי,DK,ליקריץ,גרמים,150.00,100 גרם,false,1,6.90,4.60,true,1,
5701932026964,false,הוטפופ טעם טבעי100*6ג,פופז,US,פופקורן הוטפופ,גרמים,600.00,100 גרם,false,0,14.90,2.48,true,1,
5701932026971,false,הוטפופ טעם חמאה100*6גר,פופז,US,הוטפופ טעם חמאה,גרמים,600.00,100 גרם,false,0,14.90,2.48,true,1,
5701932026995,false,הוטפופ ט.טבעי מופחת שומן,פופז,US,הוטפופ טעם טבעי,גרמים,510.00,100 גרם,false,0,14.90,2.92,true,1,
5706516110039,false,הוטפופ מופ.שומן+נתרן90*6,,US,פופקורן מופחת,גרמים,540.00,100 גרם,false,1,14.90,2.76,true,1,
5900020026552,false,האני נאט צ'יריוס 625גרם,סי. פי. צרפת,FR,האני נאט צ'יריוס,גרמים,625.00,100 גרם,false,1,19.90,3.18,true,1,
5904941750312,false,"בלו מוחיטו 250 מ""ל",אקו - ביט,PL,בלו מוחיטו,מיליליטרים,250.00,"100 מ""ל",false,0,2.90,1.16,true,1,
5904941751302,false,"משקה אנרגיה בלו 250 מ""ל",אקו - ביט,PL,משקה אנרגיה,מיליליטרים,250.00,"100 מ""ל",false,0,2.90,1.16,true,1,
5904941751524,false,"בלו בטעם אבטיח 250 מ""ל",אקו - ביט,PL,בלו אבטיח,מיליליטרים,250.00,"100 מ""ל",false,0,2.90,1.16,true,1,
5904941751920,false,בלו דיי משקה אנרגיה250מ,אקו - ביט,PL,בלו דיי משקה,מיליליטרים,250.00,"100 מ""ל",false,0,2.90,1.16,true,1,
5997321770307,false,ויט 12 רצועות לעור רגיש,רקיט בנקיזר,FR,ויט רצעות,יחידה,1.00,יחידה,false,1,24.90,24.90,true,1,
6009684860973,false,חטיף דגנים 6יח',,IL,חטיף דגנים 6יח',גרמים,168.00,100 גרם,false,0,9.90,5.89,true,1,
6102017501939,false,מצת מהודר 1 יחידה,,CN,מצת מהודר,יחידה,1.00,יחידה,false,1,8.90,8.90,true,1,
6112012100051,false,סט תפירה גדול,YIWU-KAI-WUN,CN,סט תפירה גדול,יחידה,1.00,יחידה,false,1,13.90,13.90,true,1,
6112012100341,false,קרחונית 1 יח,YIWU-KAI-WUN,CN,קרחונית 1 יח,יחידה,1.00,יחידה,false,1,9.90,9.90,true,1,
6112012100358,false,סט 6 קולבים,,CN,סט 6 קולבים,יחידה,1.00,יחידה,false,0,9.90,9.90,true,1,
6112012100372,false,רשת לצליה קטן 1 יח,YIWU-KAI-WUN,CN,רשת לצליה קטן,יחידה,1.00,יחידה,false,1,14.90,14.90,true,1,
6112012100389,false,מסמר לכיסא,,CN,מסמר לכיסא,יחידה,1.00,יחידה,false,0,12.90,12.90,true,1,
6112012100563,false,ידית לסיר תואם סולתם,,CN,ידית לסיר תואם,יחידה,1.00,יחידה,false,0,10.90,10.90,true,1,
6112012100693,false,משטח לייבוש כלים 1 יחידה,YIWU-KAI-WUN,CN,משטח לייבוש כלים,יחידה,1.00,יחידה,false,1,13.90,13.90,true,1,
6112012100808,false,פינגן גדול 10 1 יחידה,YIWU-KAI-WUN,CN,פינגן גדול,יחידה,1.00,יחידה,false,1,19.90,19.90,true,1,
6112012100853,false,מלקחיים גדול,YIWU-KAI-WUN,CN,מלקחיים גדול,יחידה,1.00,יחידה,false,1,7.90,7.90,true,1,
6112012100884,false,וואקום כוס יח,,IL,וואקום כוס,יחידה,1.00,יחידה,false,1,6.90,6.90,true,1,
6112012100891,false,וואקום סבונייה יח,,IL,וואקום סבוניה,יחידה,1.00,יחידה,false,1,8.90,8.90,true,1,
6112012100990,false,כפיות קטנות 1 יחידה,YIWU-KAI-WUN,CN,כפיות,יחידה,1.00,יחידה,false,1,8.90,8.90,true,1,
6112013100104,false,רביעיית מותחנים,,CN,רביעיית מותחנים,יחידה,1.00,יחידה,false,0,13.90,13.90,true,1,
6112013100128,false,קולפן נירוסטה,YIWU-KAI-WUN,CN,קולפן,יחידה,1.00,יחידה,false,1,5.90,5.90,true,1,
6112013100265,false,תחתית לסיר מלמין גדול יח,YIWU-KAI-WUN,CN,תחתית לסיר,יחידה,1.00,יחידה,false,1,9.90,9.90,true,1,
6112013100388,false,פותחן ליין 1 יחידה,YIWU-KAI-WUN,CN,פותחן,יחידה,1.00,יחידה,false,1,9.90,9.90,true,1,
6112013100777,false,שלישיית פקקי אמבטיה יחיד,YIWU-KAI-WUN,CN,פקקי אמבטיה,יחידה,1.00,יחידה,false,1,8.90,8.90,true,1,
6112013100999,false,סוגרים לשקיות,YIWU-KAI-WUN,CN,סוגרים לשקיות,יחידה,1.00,יחידה,false,1,9.90,9.90,true,1,
6112014100233,false,כיסוי קרש גיהוץ עבה יחיד,YIWU-KAI-WUN,CN,כיסוי קרש גיהוץ,יחידה,1.00,יחידה,false,1,49.90,49.90,true,1,
6112014100561,false,דבק דו צדדי רחב יחידה,YIWU-KAI-WUN,CN,דבק דו צדדי רחב,יחידה,1.00,יחידה,false,1,9.90,9.90,true,1,
6112014100868,false,זוג מותחנים לסדין,YIWU-KAI-WUN,CN,זוג מותחנים לסדי,יחידה,1.00,יחידה,false,1,9.90,9.90,true,1,
6112015100157,false,זוג מתלים למגבת 1 יחידה,YIWU-KAI-WUN,CN,זוג מתלים למגבת,יחידה,1.00,יחידה,false,1,8.90,8.90,true,1,
6112016100194,false,אזיקונים,,,אזיקונים,יחידה,1.00,יחידה,false,0,13.90,13.90,true,1,
6112016100200,false,אזיקון 100 יח,,,אזיקון 100 יח,יחידה,1.00,יחידה,false,0,16.90,16.90,true,1,
6112016100712,false,סוגרים לשקיות 12 יחידות,,IL,סוגרים לשקיות,יחידה,1.00,יחידה,false,1,9.90,9.90,true,1,
6112016100873,false,שלישיית סוגרים לשקית,,IL,סוגרים לשקית,יחידה,1.00,יחידה,false,1,11.90,11.90,true,1,
6112017101541,false,מעמד לכוסות תחרה .,,IL,מעמד לכוסות,יחידה,1.00,יחידה,false,1,9.90,9.90,true,1,
6112017101886,false,קופסא גדולה שלישייה .,,IL,שלישייה קופסא,יחידה,1.00,יחידה,false,1,11.90,11.90,true,1,
6112017101893,false,קופסא בינונית שלישייה .,,IL,שלישייה קופסא,יחידה,1.00,יחידה,false,1,9.90,9.90,true,1,
6112017103897,false,שלישיית סכינים .,,CN,שלישיית סכינים .,יחידה,1.00,יחידה,false,1,9.90,9.90,true,1,
6112017106416,false,סט צנצנות סמארט 1.5 ל,,IL,סט צנצנות,יחידה,1.00,יחידה,false,1,9.90,9.90,true,1,
6112017106430,false,סט צנצנות סמארט,,,סט צנצנות סמארט,יחידה,1.00,יחידה,false,0,9.90,9.90,true,1,
6201601120027,false,נר הבדלה דונג,,CN,נר הבדלה דונג,יחידה,1.00,יחידה,false,1,5.90,5.90,true,1,
6201601120034,false,נר הבדלה דקורטיב,,IL,נר הבדלה דקורטיב,יחידה,1.00,יחידה,false,1,14.90,14.90,true,1,
6392021588488,false,סט חוטי תפירה,,IL,סט חוטי תפירה,יחידה,1.00,יחידה,false,0,8.90,8.90,true,1,
6424687005228,false,גליל גומי,אליבו,IL,גליל גומי,יחידה,1.00,יחידה,false,1,9.90,9.90,true,1,
6424687009639,false,משקל מטבח דיגיטלי,,IL,משקל מטבח,יחידה,1.00,יחידה,false,1,59.90,59.90,true,1,
6424687010697,false,כפות מדידה,,IL,כפות מדידה .,יחידה,1.00,יחידה,false,1,8.90,8.90,true,1,
6424687014121,false,קליפסים לאטימה,אליבו,CN,קליפסים לאטימה,יחידה,1.00,יחידה,false,1,6.90,6.90,true,1,
6424687030480,false,מתקן לסקוטש  ואקום,YANAGXI,CN,מתקן לסקוטש,יחידה,1.00,יחידה,false,1,8.90,8.90,true,1,
6424687030589,false,מתקן כוסות,,IL,מתקן כוסות,יחידה,1.00,יחידה,false,1,11.90,11.90,true,1,
6424687032002,false,זוג סוגרי יין .,,IL,זוג סוגרי יין,יחידה,1.00,יחידה,false,1,8.90,8.90,true,1,
6424687032170,false,מחזיק מפות,,IL,מחזיק מפות,יחידה,1.00,יחידה,false,1,5.90,5.90,true,1,
6424687033573,false,קליפסים לסגירת שקיות L .,,IL,קליפסים לשקיות,יחידה,1.00,יחידה,false,1,8.90,8.90,true,1,
6868548678778,false,מארז 18 דפי מדבק,,CN,מארז 18 דפי מדבק,יחידה,1.00,יחידה,false,1,14.90,14.90,true,1,
6900650260394,false,"סקוויזר 650 מ""ל",,IL,סקוויזר,יחידה,1.00,יחידה,false,1,8.90,8.90,true,1,
6900863317205,false,תבנית לביצים מפלסטיק .,,IL,תבנית לביצים,יחידה,1.00,יחידה,false,1,9.90,9.90,true,1,
6901119005716,false,כף עץ עגולה,אליבו,IL,כף עץ עגולה,יחידה,1.00,יחידה,false,1,6.90,6.90,true,1,
6901119006492,false,כף עץ יחידה,אליבו,IL,כף עץ,יחידה,1.00,יחידה,false,1,6.90,6.90,true,1,
6901119801608,false,שקיות זילוף,,,שקיות זילוף,יחידה,1.00,יחידה,false,0,13.90,13.90,true,1,
6902417552186,false,משקל מטבח,,CN,משקל מטבח,יחידה,1.00,יחידה,false,1,29.90,29.90,true,1,
6903215652184,false,כפפות ויניל שחורות S 100,,CN,כפפות ויניל100יח,יחידה,1.00,יחידה,false,1,24.90,24.90,true,1,
6903215652276,false,כפפות ויניל שחורות M 100,,CN,כפפות ויניל100יח,יחידה,1.00,יחידה,false,1,24.90,24.90,true,1,
6903215652368,false,כפפות ויניל שחורות L 100,,CN,כפפות ויניל100יח,יחידה,1.00,יחידה,false,1,24.90,24.90,true,1,
6903215652450,false,כפפות ויניל שחורותXL 100,,CN,כפפות ויניל100יח,יחידה,1.00,יחידה,false,1,24.90,24.90,true,1,
6912345678902,false,סט מכסים קופסאות שימורים,,IL,סט מכסים,יחידה,1.00,יחידה,false,1,9.90,9.90,true,1,
6912537235067,false,זוג מסנני כיור .,,IL,זוג מסנני כיור .,יחידה,1.00,יחידה,false,1,7.90,7.90,true,1,
6913245100685,false,מנורת לד לילה,,IL,מנורת לד לשקע,יחידה,1.00,יחידה,false,1,19.90,19.90,true,1,
6915654258650,false,גלגל פיצה גמבו,,,גלגל פיצה גמבו,יחידה,1.00,יחידה,false,0,12.90,12.90,true,1,
6916219723125,false,סט כפות מזיגה .,,IL,סט כפות מזיגה .,יחידה,1.00,יחידה,false,1,11.90,11.90,true,1,
6920154899524,false,מגש,,CN,מגש,יחידה,1.00,יחידה,false,1,9.90,9.90,true,1,
6920166220019,false,מטרפה נירוסטה,,IL,מטרפה נירוסטה,יחידה,1.00,יחידה,false,1,12.90,12.90,true,1,
6920166220026,false,מנדולינה לפריסה,,,מנדולינה לפריסה,יחידה,1.00,יחידה,false,0,24.90,24.90,true,1,
6920166220057,false,מסננת 12 ידית יחידה,אליבו,IL,מסננת,יחידה,1.00,יחידה,false,1,10.90,10.90,true,1,
6920166220064,false,מסננת 16 יחידה,אליבו,IL,מסננת,יחידה,1.00,יחידה,false,1,12.90,12.90,true,1,
6920166920056,false,מסננת +12ידית .,,IL,מסננת +12ידית,יחידה,1.00,יחידה,false,1,11.90,11.90,true,1,
6920172201002,false,דבק דו צדדי 2 יח,.,IL,דבק דו צדדי 2 סל,יחידה,1.00,יחידה,false,1,3.90,3.90,true,1,
6920190410066,false,שיפודי במבוק 70 יח,INTEMATIONAL FOCUS NEW,CN,שיפודי במבוק,יחידה,1.00,יחידה,false,1,1.90,1.90,true,1,
6920315489557,false,קופסה מחולקת עם מזלג,,CN,קופסא מחולקת,יחידה,1.00,יחידה,false,1,7.90,7.90,true,1,
6920902691967,false,צבעי מים בקופ',,IL,צבעי מים בקופ',יחידה,1.00,יחידה,false,1,5.90,5.90,true,1,
6921080162676,false,גוזז ציפורניים מהודר,נוי שיווק,CN,גוזז ציפורניים,יחידה,1.00,יחידה,false,1,10.90,10.90,true,1,
6921489003891,false,קולב הדבקה 3 יחידות,,IL,קולב הדבקה,יחידה,1.00,יחידה,false,1,8.90,8.90,true,1,
6921489006861,false,סט 12 קליפסים,,IL,סט 12 קליפסים,יחידה,1.00,יחידה,false,0,9.90,9.90,true,1,
6921489008438,false,קולב ואקום 4 יחידות,נוי שיווק,CN,קולב ואקום,יחידה,1.00,יחידה,false,1,9.90,9.90,true,1,
6921850620344,false,לד A60לבן אור יום  13.5W,,IL,לד לבן אור יום,יחידה,1.00,יחידה,false,1,24.90,24.90,true,1,
6921850620504,false,שלישיית נורות לד 15W לבן,,IL,שלישיית נורות לד,יחידה,1.00,יחידה,false,1,29.90,29.90,true,1,
6921850622300,false,כבל טעינה USB,,IL,כבל טעינה USB,יחידה,1.00,יחידה,false,1,12.90,12.90,true,1,
6921850647822,false,מארז 2 נורות לד 10W FSL,נוי שיווק,CN,מארז 2 נורות לד,יחידה,1.00,יחידה,false,1,14.90,14.90,true,1,
6925374202437,false,מתלים פלסטיק,,,מתלים פלסטיק,יחידה,1.00,יחידה,false,0,8.90,8.90,true,1,
6925454151662,false,שעון שבת,,IL,שעון שבת,יחידה,1.00,יחידה,false,0,19.90,19.90,true,1,
6925454152492,false,אוזניית דיבורית לאייפון,,IL,אוזניית דיבורית,יחידה,1.00,יחידה,false,1,28.90,28.90,true,1,
6925454152515,false,אוזניות דיבורית לסמסונג,,IL,אוזניות לדיבורית,יחידה,1.00,יחידה,false,1,24.90,24.90,true,1,
6926964100270,false,דשא סינטטי,,CN,דשא סינטטי,יחידה,1.00,יחידה,false,1,34.90,34.90,true,1,
6926964120155,false,סט קופסאות עגול 4 יח',,CN,סט קופסאות עגול,יחידה,1.00,יחידה,false,1,19.90,19.90,true,1,
6926964121367,false,סט קופסאות מרובע 4 יח',,CN,סט קופסאות,יחידה,1.00,יחידה,false,1,19.90,19.90,true,1,
6927072155237,false,מצקת נירוסטה נמוך,,IL,מצקת נירוסטה נמו,יחידה,1.00,יחידה,false,1,9.90,9.90,true,1,
6929113703612,false,סט קופסאות איחסון,,CN,סט קופסאות,יחידה,1.00,יחידה,false,1,19.90,19.90,true,1,
6929133700028,false,"סיר 4 ליטר 24 ס""מ",,CN,סיר 4 ליטר,יחידה,1.00,יחידה,false,1,69.00,69.00,true,1,
6929133700042,false,מראה לבית,,CN,מראה לבית,יחידה,1.00,יחידה,false,1,49.00,49.00,true,1,
6929133700059,false,קערה 3 קומות,,CN,קערת ליל הסדר 3,יחידה,1.00,יחידה,false,1,499.00,499.00,true,1,
6929133700066,false,קערת ליל הסדר גדולה,,CN,קערת ליל הסדר,יחידה,1.00,יחידה,false,1,99.00,99.00,true,1,
6929133700073,false,"סיר סוטאז 28 ס""מ",,CN,סיר סוטאז,יחידה,1.00,יחידה,false,1,89.00,89.00,true,1,
6929133702053,false,סטנדר מוכסף,,CN,סטנדר מוכסף,יחידה,1.00,יחידה,false,1,99.00,99.00,true,1,
6929133703616,false,סל כביסה,,CN,סל כביסה,יחידה,1.00,יחידה,false,1,19.90,19.90,true,1,
6930251284109,false,רשת כביסה איכותי רוי יח,YANAGXI,CN,רשת כביסה,יחידה,1.00,יחידה,false,0,9.90,9.90,true,1,
6930518909936,false,שדכן מיני + סיכות,,IL,שדכן מיני + סיכו,יחידה,1.00,יחידה,false,1,5.90,5.90,true,1,
6930518914749,false,סט 10 טושים דו צ,,IL,סט 10 טושים דו צ,יחידה,1.00,יחידה,false,1,8.90,8.90,true,1,
6930528582846,false,סט שלגונים 6 יח,,IL,סט שלגונים,יחידה,1.00,יחידה,false,1,14.90,14.90,true,1,
6931191500076,false,מספריים לדגים/בשר 1 יחיד,YIWU-KAI-WUN,CN,מספריים לדגים,יחידה,1.00,יחידה,false,1,11.90,11.90,true,1,
6931191500267,false,פותחן פלדה שלישייה 1 יחי,YIWU-KAI-WUN,CN,פותחן,יחידה,1.00,יחידה,false,1,5.90,5.90,true,1,
6931191500632,false,ספוג רשת,,IL,ספוג רשת,יחידה,1.00,יחידה,false,0,9.90,9.90,true,1,
6931191500762,false,אקדח גינה גדול,,,אקדח גינה גדול,יחידה,1.00,יחידה,false,0,19.90,19.90,true,1,
6932141501020,false,קופסת 12 צבעים,,IL,קופסת 12 צבעים,יחידה,1.00,יחידה,false,1,2.90,2.90,true,1,
6934091451264,false,סקרפר מקצועי יחידה,אליבו,IL,סקרפר מקצועי,יחידה,1.00,יחידה,false,1,11.90,11.90,true,1,
6934720014150,false,שטיח אמבטיה,,CN,שטיח אמבטיה,יחידה,1.00,יחידה,false,1,12.90,12.90,true,1,
6934720015010,false,שטיח דלת כניסה,,CN,שטיח דלת כניסה,יחידה,1.00,יחידה,false,1,14.90,14.90,true,1,
6934930759902,false,אשפתונים שקיות אשפה 25יח,טופ פלסט,IL,אשפתונים 25 יח,יחידה,1.00,יחידה,false,1,13.90,13.90,true,1,
6934931267932,false,"כפפות ח""פ מידהM",MOTI-EU,CN,"כפפות ח""פ מידהM",יחידה,1.00,יחידה,false,1,5.90,5.90,true,1,
6934931268090,false,"כפפות ח""פ מידהL",MOTI-EU,CN,"כפפות ח""פ מידהL",יחידה,1.00,יחידה,false,1,5.90,5.90,true,1,
6934931268168,false,"כפפות ח""פ מידה XL",MOTI-EU,CN,"כפפות ח""פ XL",יחידה,1.00,יחידה,false,1,5.90,5.90,true,1,
6935487561246,false,מארז 50 מסכות צבעוניות,,IL,מארז 50 מסכות צב,יחידה,1.00,יחידה,false,1,9.90,9.90,true,1,
6936347004248,false,תבנית קרח עם מכסה .,,IL,תבנית קרח,יחידה,1.00,יחידה,false,1,11.90,11.90,true,1,
6936900001202,false,משטח פי וי סי,,CN,משטח פי וי סי,יחידה,1.00,יחידה,false,1,8.90,8.90,true,1,
6939456721983,false,מסכות צבעוניות לנוער50יח,,IL,מסכות צבעוניות,יחידה,1.00,יחידה,false,1,9.90,9.90,true,1,
6939584900922,false,תרמוס 1 ליטר,,CN,תרמוס 1 ליטר,יחידה,1.00,יחידה,false,1,19.90,19.90,true,1,
6944217207101,false,מטרפה נירוסטה 1 יחידה,YANAGXI,CN,מטרפה נירוסטה,יחידה,1.00,יחידה,false,1,12.90,12.90,true,1,
6944843112985,false,מספריים למטבח,YANAGXI,CN,מספריים למטבח,יחידה,1.00,יחידה,false,1,12.90,12.90,true,1,
6945305614047,false,מתלים ניקול,,,מתלים ניקול,יחידה,1.00,יחידה,false,0,9.90,9.90,true,1,
6945678908521,false,סט פקקים אונברסלי .,,IL,סט פקקים,יחידה,1.00,יחידה,false,1,12.90,12.90,true,1,
6945678908590,false,זוג מתלים צבעוני .,,IL,זוג מתלים,יחידה,1.00,יחידה,false,1,8.90,8.90,true,1,
6950269332807,false,קומקום צעצוע,,CN,קומקום צעצוע,יחידה,1.00,יחידה,false,1,39.90,39.90,true,1,
6950269332814,false,מגהץ צעצוע,KAIMING,CN,מגהץ צעצוע,יחידה,1.00,יחידה,false,1,39.90,39.90,true,1,
6950269332821,false,מיקסר צעצוע,KAIMING,CN,מיקסר צעצוע,יחידה,1.00,יחידה,false,48,39.90,39.90,true,1,
6950269332838,false,3ב1- שחמט שש בש ודמקה,,CN,שחמט שש בש ודמקה,יחידה,1.00,יחידה,false,1,9.90,9.90,true,1,
6950269332845,false,טרקטור צעצוע,,CN,טרקטור צעצוע,יחידה,1.00,יחידה,false,1,39.90,39.90,true,1,
6951758338041,false,כבל USB לאייפון,,IL,כבל USB לאייפון,יחידה,1.00,יחידה,false,1,19.90,19.90,true,1,
6951758341102,false,כבל מיקרו TPE USB אפור,,IL,כבל מיקרו,יחידה,1.00,יחידה,false,1,16.90,16.90,true,1,
6951758346022,false,כבל טעינה והעברת נתונים,,CN,כבל טעינה,יחידה,1.00,יחידה,false,1,27.90,27.90,true,1,
6952060210049,false,לקקן מקצועי .,,IL,לקקן מקצועי .,יחידה,1.00,יחידה,false,1,8.90,8.90,true,1,
6952060266046,false,לקקן מקצועי גמבו .,,IL,לקקן מקצועי,יחידה,1.00,יחידה,false,1,13.90,13.90,true,1,
6952415521486,false,כבל מאריך 3 מטר,,IL,כבל מאריך 3 מטר,יחידה,1.00,יחידה,false,0,19.90,19.90,true,1,
6952415521493,false,כבל מאריך 4 מטר,YIWU-KAI-WUN,CN,כבל מאריך 4 מטר,יחידה,1.00,יחידה,false,1,24.90,24.90,true,1,
6952415521592,false,רב שקע 4 עם מפסק,,IL,רב שקע 4 עם מפסק,יחידה,1.00,יחידה,false,0,22.90,22.90,true,1,
6952415521639,false,רב שקע 5 עם מפסק,,,רב שקע 5 עם מפסק,יחידה,1.00,יחידה,false,0,24.90,24.90,true,1,
6953415200982,false,מנורת לילה לד,,IL,מנורת לילה לד,יחידה,1.00,יחידה,false,1,12.90,12.90,true,1,
6954132398259,false,דבק 3 שניות 5 יחידות,,CN,דבק 3 שניות,יחידה,1.00,יחידה,false,1,6.90,6.90,true,1,
6955107669206,false,סופר גלו 20 גרם,,,סופר גלו 20 גרם,יחידה,1.00,יחידה,false,0,9.90,9.90,true,1,
6955194207725,false,עיפרון סיליקון לעיצוב .,,IL,עיפרון סיליקון,יחידה,1.00,יחידה,false,1,9.90,9.90,true,1,
6956989689788,false,ערכה למנה אישית במיקרו,YANAGXI,CN,ערכה למנה אישית,יחידה,1.00,יחידה,false,1,12.90,12.90,true,1,
6968425610607,false,שקית זילוף רב פעמית .,,IL,שקית זילוף,יחידה,1.00,יחידה,false,1,12.90,12.90,true,1,
6970011910237,false,מצית לגז אקדח גדול,,IL,מצית לגז אקדח גד,יחידה,1.00,יחידה,false,1,8.90,8.90,true,1,
6970825678910,false,גלילי סלוטייפ 4,,CN,מתקן סלוטייפ + 4,יחידה,1.00,יחידה,false,1,9.90,9.90,true,1,
6979583422643,false,סימר ידית עץ .,,IL,סימר ידית עץ,יחידה,1.00,יחידה,false,1,9.90,9.90,true,1,
6985425120011,false,מסנן כיור פרפר,,,מסנן כיור פרפר,יחידה,1.00,יחידה,false,0,7.90,7.90,true,1,
6985425120028,false,רביעיית ספוגים,,,רביעיית ספוגים,יחידה,1.00,יחידה,false,0,9.90,9.90,true,1,
6985425120035,false,פקק לאמבטיה,,,פקק לאמבטיה,יחידה,1.00,יחידה,false,0,5.90,5.90,true,1,
6985425120073,false,חבל כביסה ברזל,,,חבל כביסה ברזל,יחידה,1.00,יחידה,false,0,11.90,11.90,true,1,
6985425120103,false,סלוטייפ שקוף,,,סלוטייפ שקוף,יחידה,1.00,יחידה,false,0,9.90,9.90,true,1,
6985425120110,false,סלוטייפ נייר,,,סלוטייפ נייר,יחידה,1.00,יחידה,false,0,14.90,14.90,true,1,
6985425120134,false,מזלף מטר,,,מזלף מטר,יחידה,1.00,יחידה,false,0,29.90,29.90,true,1,
6985425120295,false,אטבי כביסה 24 יחידות,,IL,אטבי כביסה,יחידה,1.00,יחידה,false,0,7.90,7.90,true,1,
6985425120387,false,סט אקדחי גינה,,,סט אקדחי גינה,יחידה,1.00,יחידה,false,0,20.90,20.90,true,1,
6985425120394,false,דבק בד,,,דבק בד,יחידה,1.00,יחידה,false,0,19.90,19.90,true,1,
6985425120462,false,מנעול אופניים,,,מנעול אופניים,יחידה,1.00,יחידה,false,0,19.90,19.90,true,1,
6985425120950,false,ידית  לסיר,,,ידית  לסיר,יחידה,1.00,יחידה,false,0,9.90,9.90,true,1,
6985668810328,false,מסננת קוטר '20,אליבו,IL,מסננת,יחידה,1.00,יחידה,false,1,16.90,16.90,true,1,
7160589856238,false,אביזרים לבית,,IL,אביזרים לבית,יחידה,1.00,יחידה,false,0,3.90,3.90,true,1,
7180589856540,false,אביזרים לבית,,IL,אביזרים לבית,יחידה,1.00,יחידה,false,0,3.90,3.90,true,1,
7225120233623,false,כותש שום אלומיניום,YANAGXI,CN,כותש שום,יחידה,1.00,יחידה,false,1,17.90,17.90,true,1,
7270137700194,false,מדליק פחמים מוצק 48 קובי,,DE,מדליק פחמים,יחידה,1.00,יחידה,false,1,4.90,4.90,true,1,
7290000000022,true,עגבניה,קטיף.,IL,עגבניה,קילוגרמים,0.00,"ק""ג",true,0,4.90,4.90,true,1,
7290000000046,true,מלפפון,קטיף.,IL,מלפפונים,קילוגרמים,0.00,"ק""ג",true,0,4.90,4.90,true,1,
7290000000053,true,קישואים,קטיף.,IL,קישואים,קילוגרמים,0.00,"ק""ג",true,0,6.90,6.90,true,1,
7290000000084,true,פלפל ירוק בהיר,שותפות מזרחי,IL,פלפל ירוק בהיר,קילוגרמים,0.00,"ק""ג",true,0,7.90,7.90,true,1,
7290000000091,true,פלפל אדום,קטיף.,IL,פלפל אדום,קילוגרמים,0.00,"ק""ג",true,0,7.90,7.90,true,1,
7290000000107,true,פלפל ירוק כהה,קטיף.,IL,פלפל ירוק כהה,קילוגרמים,0.00,"ק""ג",true,0,6.90,6.90,true,1,
7290000000114,true,חציל,קטיף.,IL,חצילים,קילוגרמים,0.00,"ק""ג",true,0,4.90,4.90,true,1,
7290000000138,true,כרוב לבן,קטיף.,IL,כרוב לבן,קילוגרמים,0.00,"ק""ג",true,0,2.90,2.90,true,1,
7290000000145,true,כרוב אדום,קטיף.,IL,כרוב אדום,קילוגרמים,0.00,"ק""ג",true,0,4.90,4.90,true,1,
7290000000176,true,כרובית,קטיף.,IL,כרובית,קילוגרמים,0.00,"ק""ג",true,0,7.90,7.90,true,1,
7290000000183,true,סלק,קטיף.,IL,סלק,קילוגרמים,0.00,"ק""ג",true,0,4.90,4.90,true,1,
7290000000213,true,צנונית -יח,קטיף.,IL,צנונית -יח,יחידה,1.00,יחידה,false,0,5.90,5.90,true,1,
7290000000220,true,קולורבי,קטיף.,IL,קולורבי,קילוגרמים,0.00,"ק""ג",true,0,6.90,6.90,true,1,
7290000000275,true,פול,קטיף.,IL,פול,קילוגרמים,0.00,"ק""ג",true,0,9.90,9.90,true,1,
7290000000374,true,פטריות שמפניון,קטיף.,IL,שמפניון,גרמים,220.00,100 גרם,false,0,8.90,4.05,true,1,
7290000000411,true,שום מארז,קטיף.,XX,שום מארז,גרמים,190.00,100 גרם,false,0,6.90,3.63,true,1,
7290000000428,true,בטטה מובחר,קטיף.,IL,בטטה,קילוגרמים,0.00,"ק""ג",true,0,9.90,9.90,true,1,
7290000000480,true,בצל יבש,קטיף.,IL,בצל יבש,קילוגרמים,0.00,"ק""ג",true,0,3.90,3.90,true,1,
7290000000541,true,שורש  פטרוזיליה,,IL,שורש,יחידה,1.00,יחידה,false,0,4.90,4.90,true,1,
7290000000572,true,שומר,קטיף.,IL,שומר,קילוגרמים,0.00,"ק""ג",true,0,7.90,7.90,true,1,
7290000000589,true,תפוח אדמה ירושלמי,קטיף.,IL,תפוא ירושלמי,קילוגרמים,0.00,"ק""ג",true,0,9.90,9.90,true,1,
7290000000596,true,תפוח אדמה לבן תפזורת,קטיף.,IL,תפוח אדמה תפזורת,קילוגרמים,0.00,"ק""ג",true,0,4.90,4.90,true,1,
7290000000619,true,פלפל חריף,שותפות מזרחי,IL,פלפל חריף,קילוגרמים,0.00,"ק""ג",true,0,6.90,6.90,true,1,
7290000000732,true,דלורית,קטיף.,IL,דלורית,קילוגרמים,0.00,"ק""ג",true,0,3.90,3.90,true,1,
7290000000855,true,פלפל צהוב,קטיף.,IL,פלפל צהוב,קילוגרמים,0.00,"ק""ג",true,0,7.90,7.90,true,1,
7290000000961,true,חציל ננסי,קטיף.,IL,חציל ננסי,קילוגרמים,0.00,"ק""ג",true,0,11.90,11.90,true,1,
7290000001036,true,בצל יבש אדום,קטיף.,XX,בצל יבש אדום,קילוגרמים,0.00,"ק""ג",true,0,4.90,4.90,true,1,
7290000001722,true,תפוח אדמה אדום תפזורת,קטיף.,IL,"תפו""א אדום תפז'",קילוגרמים,0.00,"ק""ג",true,0,5.90,5.90,true,1,
7290000002026,true,לחם אחיד 750 גרם,מאפית ברמן,IL,לחם אחיד,גרמים,750.00,100 גרם,false,0,4.70,0.63,true,1,
7290000002040,true,חלה רגילה 500 גרם,מאפית ברמן,IL,חלה רגילה,גרמים,500.00,100 גרם,false,0,4.90,0.98,true,1,
7290000003993,true,באגט כפרי,גידרון,IL,באגט כפרי,יחידה,1.00,יחידה,false,0,3.90,3.90,true,1,
7290000009988,true,משלוח,,IL,משלוח,יחידה,1.00,יחידה,false,0,35.00,35.00,false,1,
7290000023083,false,"ערק אשקלון 700 מ""ל","יקבי ברקן בע""\מ",IL,ערק אשקלון,מיליליטרים,700.00,"100 מ""ל",false,0,49.90,7.13,true,1,
7290000023809,false,"ברקן קלאסיק קברנה 750מ""ל",יקבי ברקן שיווק והפצה בע,IL,קברנה קלאסיק,מיליליטרים,750.00,"100 מ""ל",false,0,24.90,3.32,true,1,
7290000023816,false,ברקן קלאסיק א.ריזלינג750,יקבי ברקן שיווק והפצה בע,IL,ריזלינג קלאסיק,מיליליטרים,750.00,"100 מ""ל",false,0,24.90,3.32,true,1,
7290000023977,false,"ברקן קלאסיק מרלו 750 מ""ל",יקבי ברקן שיווק והפצה בע,IL,מרלו קלאסיק,מיליליטרים,750.00,"100 מ""ל",false,0,24.90,3.32,true,1,
7290000040042,false,יוגורט יופלה תות3% 150גר,תנובה בעמ,IL,יופלה תות 3%,גרמים,150.00,100 גרם,false,0,4.70,3.13,true,1,
7290000040066,false,יופלה דובדבן3% 150 גרם,תנובה בעמ,IL,יופלה דובדבן3%,גרמים,150.00,100 גרם,false,0,4.70,3.13,true,1,
7290000040080,false,יוגורט יופלה אפרסק3% 150,תנובה בעמ,IL,יופלה אפרסק3%,גרמים,150.00,100 גרם,false,0,4.70,3.13,true,1,
7290000040318,false,גבי. עדי ברי רכה24% 125ג,תנובה,IL,גבינת עדי ברי24%,גרמים,125.00,100 גרם,false,0,17.90,14.32,true,1,
7290000040462,false,טוסטי גבינה 23% 200 גרם,תנובה,IL,טוסטי,גרמים,200.00,100 גרם,false,0,16.90,8.45,true,1,
7290000041407,false,"גיל בד""ץ מועשר 3% 125מל",מחלבת אלון תבור,IL,גיל מועשר 3%,מיליליטרים,125.00,"100 מ""ל",false,0,0.80,0.64,true,1,
7290000041445,false,גבינת קוטג5'%מהדרין250גר,מחלבת אלון תבור,IL,קוטג' תנובה 5%,גרמים,250.00,100 גרם,false,0,5.50,2.20,true,1,
7290000041452,false,קוטג' מהדרין 9% 250 גרם,מחלבת אלון תבור,IL,קוטג' 9% מהדרין,גרמים,250.00,100 גרם,false,0,5.50,2.20,true,1,
7290000041858,false,שמנת חמוצה15% מועשרת200,מחלבת יטבתה,IL,שמנת חמוצה יטבתה,מיליליטרים,200.00,"100 מ""ל",false,0,2.30,1.15,true,1,
7290000041865,false,לבן יטבתה 4.5% שומן 200מ,מחלבת יטבתה,IL,לבן יטבתה4.5%,מיליליטרים,200.00,"100 מ""ל",false,0,1.90,0.95,true,1,
7290000041872,false,"לבן יטבתה 3% 200 מ""ל",מחלבת יטבתה,IL,לבן יטבתה 3%,מיליליטרים,200.00,"100 מ""ל",false,0,1.90,0.95,true,1,
7290000042015,false,חלב 3% מהדרין שקית 1 ל',,IL,חלב 3% שקית,ליטרים,1.00,ליטר,false,0,4.50,4.50,true,1,
7290000042022,false,חלב על הבוקר 1% קרטון 1ל,תנובה,IL,חלב על הבוקר 1%,ליטרים,1.00,ליטר,false,0,7.80,7.80,true,1,
7290000042367,false,חלב טרי3% שומן בקבוק 1ל,,IL,חלב טרי 3%,ליטרים,1.00,ליטר,false,0,5.70,5.70,true,1,
7290000042404,false,חלב מועשר3% יטבתה שקית1ל,מחלבת יטבתה,IL,חלב 3% בשקית,ליטרים,1.00,ליטר,false,0,5.50,5.50,true,1,
7290000042671,false,חלב עמיד 3%,,IL,חלב עמיד 3%,ליטרים,1.00,ליטר,false,0,5.90,5.90,true,1,
7290000043012,false,"שוקו שוק עמיד 250 מ""ל",תנובה,IL,שוקו עמיד,מיליליטרים,250.00,"100 מ""ל",false,0,4.30,1.72,true,1,
7290000043890,false,רויון 1.5% בקרטון 1ל,תנובה,IL,רויון בקרטון1.5%,ליטרים,1.00,ליטר,false,0,9.90,9.90,true,1,
7290000044248,false,רויון בקרטון 1.5% 500 מל,תנובה,IL,רויון בקרטון,מיליליטרים,500.00,"100 מ""ל",false,0,6.10,1.22,true,1,
7290000044712,false,פרילי+תות שדה1.5% 500ג,מחלבת אלון תבור,IL,פרילי תות-שדה,גרמים,500.00,100 גרם,false,0,9.70,1.94,true,1,
7290000044743,false,פרילי אננס 500 גרם,מחלבת אלון תבור,IL,פרילי אננס,גרמים,500.00,100 גרם,false,0,9.70,1.94,true,1,
7290000044880,false,באדי מעדן תות 3% 500 גרם,מחלבת אלון תבור,IL,מעדן באדי תות 3%,גרמים,500.00,100 גרם,false,0,7.90,1.58,true,1,
7290000045399,false,גבינה מותכת 26% שומן200ג,טנא נוגה,IL,גבינה מותכת,גרמים,200.00,100 גרם,false,0,13.40,6.70,true,1,
7290000046020,false,גב.גלבוע 22% במשקל,תנובה,IL,גבינת גלבוע 22%,קילוגרמים,0.00,"ק""ג",true,0,38.90,38.90,true,1,
7290000046549,false,גבינת מוצרלה,,IL,גבינת מוצרלה,קילוגרמים,0.00,"ק""ג",true,0,69.00,69.00,true,1,
7290000047485,false,גב.בולגרית 24%במשקל,תנובה,IL,גבינה בולגרית,קילוגרמים,0.00,"ק""ג",true,0,55.00,55.00,true,1,
7290000047546,false,גב.כנען 5% 500 גרם,תנובה,IL,גבינת כנען 5%,גרמים,500.00,100 גרם,false,0,21.90,4.38,true,1,
7290000047621,false,גב5%.שומן כשר מהדרין250ג,מחלבת אלון תבור,IL,גבינה %5 מהדרי,גרמים,250.00,100 גרם,false,0,4.50,1.80,true,1,
7290000047942,false,גב9%.שומן כשר מהדרין250ג,מחלבת אלון תבור,IL,גבינה9%מהדרין,גרמים,250.00,100 גרם,false,0,4.50,1.80,true,1,
7290000048185,false,גב.לבנה רכה 5% שומן 250ג,מחלבת אלון תבור,IL,גבינה לבנה 5%,גרמים,250.00,100 גרם,false,0,4.50,1.80,true,1,
7290000048307,false,קוטג' 5% עם זיתים 250 גר,מחלבת אלון תבור,IL,קוטג' עם זיתים5%,גרמים,250.00,100 גרם,false,0,5.70,2.28,true,1,
7290000048413,false,גב.חמד פיראוס16% 250 גר,תנובה,IL,גבינה מלוחה 16%,גרמים,250.00,100 גרם,false,0,16.90,6.76,true,1,
7290000048437,false,גב.צפתית 5% פיראוס 200גר,תנובה,IL,גבינה צפתית 5%,גרמים,200.00,100 גרם,false,0,13.90,6.95,true,1,
7290000048451,false,גב.חרמון 16% 250 גרם,תנובה בעמ,IL,גבינת חרמון,גרמים,250.00,100 גרם,false,0,16.90,6.76,true,1,
7290000050300,false,גבינה לבנה 5%,,IL,גבינה לבנה 5%,גרמים,125.00,100 גרם,false,0,2.30,1.84,true,1,
7290000050447,false,יופלה תות 500 גרם,תנובה בעמ,IL,יופלה תות,גרמים,500.00,100 גרם,false,0,12.60,2.52,true,1,
7290000050454,false,יופלה אפרסק 500 גרם,תנובה בעמ,IL,יופלה אפרסק,גרמים,500.00,100 גרם,false,0,12.60,2.52,true,1,
7290000050966,false,גבינה לבנה 5% 850 גרם,מחלבת אלון תבור,IL,גבינה לבנה 850 ג,גרמים,850.00,100 גרם,false,0,14.90,1.75,true,1,
7290000051376,false,יופלה דיאט אננס 0% 150גר,תנובה בעמ,IL,יופלה דיאט אננס,גרמים,150.00,100 גרם,false,0,4.70,3.13,true,1,
7290000051772,false,מעדן דיאט שוק.קוקוס 150ג,תנובה,IL,מעדן דיאט שוקולד,גרמים,150.00,100 גרם,false,0,3.50,2.33,true,1,
7290000052250,false,יופלהYYYפירות יער3% 500ג,תנובה בעמ,IL,יופלה YYY פ.יער,גרמים,500.00,100 גרם,false,0,12.60,2.52,true,1,
7290000052298,false,משקה מוקה בקבוק 1 ליטר,תנובה,IL,משקה מוקה בקבוק,מיליליטרים,1000.00,"100 מ""ל",false,0,11.90,1.19,true,1,
7290000052304,false,"משקה מוקה בקבוק 340 מ""ל",תנובה,IL,משקה מוקה בקבוק,מיליליטרים,340.00,"100 מ""ל",false,0,5.90,1.74,true,1,
7290000052649,false,לאבנה פיראוס 5% 500 גרם,תנובה,IL,לאבנה פיראוס 5%,גרמים,500.00,100 גרם,false,0,17.80,3.56,true,1,
7290000052717,false,קוטג' +שום שמיר,,IL,קוטג' +שום שמיר,גרמים,250.00,100 גרם,false,0,5.70,2.28,true,1,
7290000052946,false,"יופלה מעודן 150*8גר בד""ץ",מחלבת אלון תבור,IL,יופלה מעודן 8 יח,קילוגרמים,1.20,"ק""ג",false,0,19.90,16.58,true,1,
7290000053981,false,יופלה פרי 150*8 גרם,מחלבת אלון תבור,IL,יופלה פרי 8 יח,קילוגרמים,1.20,"ק""ג",false,0,23.90,19.92,true,1,
7290000053998,false,יופלה לבן 1.5% 150*8 גרם,מחלבת אלון תבור,IL,יופלה לבן 8 יח,קילוגרמים,1.20,"ק""ג",false,0,15.90,13.25,true,1,
7290000055015,false,פטה כבשים 5% פיראוס 250ג,תנובה,IL,פטה כבשים פיראוס,גרמים,250.00,100 גרם,false,0,24.90,9.96,true,1,
7290000055206,false,גבינה לבנה 5%,,IL,גבינה לבנה 5%,גרמים,250.00,100 גרם,false,0,5.30,2.12,true,1,
7290000055329,false,משקה יוגורט תות-מלון250ג,תנובה בעמ,IL,משקה יוגורט,גרמים,250.00,100 גרם,false,0,4.90,1.96,true,1,
7290000055336,false,משקה יוגורט בננ.אפרסק250,תנובה בעמ,IL,משקה יוגורט,גרמים,250.00,100 גרם,false,0,4.90,1.96,true,1,
7290000055343,false,משקה יוגורט טרופי 250גרם,תנובה בעמ,IL,משקה יוגורט,גרמים,250.00,100 גרם,false,0,4.90,1.96,true,1,
7290000055565,false,שלגונים מצופים 10,גלידות נסטלה,IL,שלגון שוקו בננה,גרמים,600.00,100 גרם,false,0,26.90,4.48,true,1,
7290000055756,false,גבינה לבנה5% 850*2גר,מחלבת אלון תבור,IL,זוג גבינה לבנה,גרמים,1700.00,100 גרם,false,0,26.90,1.58,true,1,
7290000055893,false,חמאה מהדרין 200 גרם,,IL,חמאה מהדרין,גרמים,200.00,100 גרם,false,0,7.20,3.60,true,1,
7290000056081,false,פרילי טבע 6 * 200גרם,מחלבת אלון תבור,IL,מארז פרילי טבע,קילוגרמים,1.20,"ק""ג",false,0,19.90,16.58,true,1,
7290000056272,false,גבינה לבנה 5%,,IL,גבינה לבנה 5%,גרמים,250.00,100 גרם,false,0,5.30,2.12,true,1,
7290000056753,false,גבינה עמק 200 גר,,IL,גבינה עמק 200 גר,גרמים,200.00,100 גרם,false,0,13.90,6.95,true,1,
7290000056760,false,גבינה עמק 400 גר,,IL,גבינה עמק 400 גר,גרמים,400.00,100 גרם,false,0,26.90,6.73,true,1,
7290000056883,false,יופלה 3% טעמים 150*8גרם,תנובה בעמ,IL,יופלה 8 יח במארז,קילוגרמים,1.20,"ק""ג",false,0,27.90,23.25,true,1,
7290000056890,false,יופלה אננס/דובד0% 150*8ג,תנובה בעמ,IL,יופלה 0% 8 יח,קילוגרמים,1.20,"ק""ג",false,0,27.90,23.25,true,1,
7290000056906,false,יופלה לבן 1.5% 150*8גרם,מחלבת אלון תבור,IL,יופלה לבן 1.5%,קילוגרמים,1.20,"ק""ג",false,0,15.90,13.25,true,1,
7290000057088,false,גבינת עמק דק דק 28% 200ג,תנובה,IL,עמק דק28% 200גרם,גרמים,200.00,100 גרם,false,0,13.90,6.95,true,1,
7290000057477,false,חלב טרי הומוגני3% 1.5ל',,IL,חלב טרי הומוגני,ליטרים,1.50,ליטר,false,0,8.50,5.67,true,1,
7290000057552,false,יופלה עוגת גבינה,,IL,יופלה עוגת גבינה,גרמים,150.00,100 גרם,false,0,4.70,3.13,true,1,
7290000057934,false,שוקו תנובה 1 ליטר,תנובה,IL,שוקו 1 ליטר,ליטרים,1.00,ליטר,false,0,11.90,11.90,true,1,
7290000058030,false,8שטוזים משקה תות,,IL,8שטוזים משקה תות,מיליליטרים,800.00,"100 מ""ל",false,0,18.90,2.36,true,1,
7290000058047,false,משמנת +38%פקק,,IL,משמנת +38%פקק,מיליליטרים,500.00,"100 מ""ל",false,0,10.90,2.18,true,1,
7290000058276,false,מיני קרלו טעם תות 100*8ג,מחלבת אלון תבור,IL,מיני קרלו 8 יח',גרמים,800.00,100 גרם,false,0,11.90,1.49,true,1,
7290000058979,false,גיל בטעם תות125ג,,IL,גיל בטעם תות125ג,גרמים,125.00,100 גרם,false,0,1.30,1.04,true,1,
7290000060088,false,בייגלה מקלות מלוחים400גר,"אסם השקעות בע""\מ",IL,בייגלה מקלות,גרמים,400.00,100 גרם,false,0,8.90,2.23,true,1,
7290000060163,false,אטריות דקות 400 גרם,"אסם השקעות בע""מ",IL,אטריות דקות,גרמים,400.00,100 גרם,false,0,6.30,1.58,true,1,
7290000060200,false,פתיתים אפויים קוסקוס500ג,"אסם השקעות בע""מ",IL,פתיתים אפויים,גרמים,500.00,100 גרם,false,0,6.40,1.28,true,1,
7290000060217,false,פסטה מקרוני 7 500 גרם,פסטה זארה,IT,פסטה מקרוני 7,גרמים,500.00,100 גרם,false,0,5.70,1.14,true,1,
7290000060248,false,פסטה אסם תלתלים 500 גרם,פסטה זארה,IT,פסטה תלתלים,גרמים,500.00,100 גרם,false,0,5.70,1.14,true,1,
7290000060408,false,פתיתים טבעות 500 גרם,"אסם השקעות בע""\מ",IL,פתיתים טבעות,גרמים,500.00,100 גרם,false,0,6.40,1.28,true,1,
7290000060415,false,לזניה פרפקטו 500 גרם,פסטה לנסי,IT,לזניה פרפקטו,גרמים,500.00,100 גרם,false,0,12.90,2.58,true,1,
7290000060781,false,פסטה מסולסלת אסם 500 גרם,פסטה זארה,IT,פסטה מסולסלת,גרמים,500.00,100 גרם,false,0,5.70,1.14,true,1,
7290000060828,false,פסטה קרניים בינוניות500ג,פסטה זארה,IT,פסטה קרניים,גרמים,500.00,100 גרם,false,0,5.70,1.14,true,1,
7290000060842,false,פסטה צדפים גדולים 500 גר,פסטה זארה,IT,פסטה צדפים אסם,גרמים,500.00,100 גרם,false,0,5.70,1.14,true,1,
7290000060859,false,פסטה צדפים אסם 500 גרם,פסטה זארה,IT,פסטה צדפים,גרמים,500.00,100 גרם,false,0,5.70,1.14,true,1,
7290000060880,false,פסטה ספגטי מס 8 אסם 500ג,פסטה זארה,IT,ספגטי מס' 8,גרמים,500.00,100 גרם,false,0,5.70,1.14,true,1,
7290000060903,false,פתיתים אפויים אורז 500 ג,"אסם השקעות בע""\מ",IL,פתיתים אפויים,גרמים,500.00,100 גרם,false,0,6.40,1.28,true,1,
7290000060958,false,אטריות בינוניות 400 גרם,"אסם השקעות בע""\מ",IL,אטריות בינוניות,גרמים,400.00,100 גרם,false,0,6.30,1.58,true,1,
7290000060965,false,אטריות רחבות 400 גרם,"אסם השקעות בע""\מ",IL,אטריות רחבות,גרמים,400.00,100 גרם,false,0,6.30,1.58,true,1,
7290000060972,false,אטריות דקיקות אסם 400 גר,פסטה זארה,IT,אטריות דקיקות,גרמים,400.00,100 גרם,false,0,6.30,1.58,true,1,
7290000061061,false,קרקר בטעם בצל 250 גרם,"אסם השקעות בע""\מ",IL,קרקר בטעם בצל,גרמים,250.00,100 גרם,false,0,8.80,3.52,true,1,
7290000061085,false,"רוטב צ'ילי מתוק 290 מ""ל","אסם השקעות בע""\מ",IL,רוטב צ'ילי אסם,מיליליטרים,290.00,"100 מ""ל",false,0,8.90,3.07,true,1,
7290000061108,false,"רוטב טריאקי אסם 290 מ""ל","אסם השקעות בע""\מ",IL,רוטב טריאקי,מיליליטרים,290.00,"100 מ""ל",false,0,8.90,3.07,true,1,
7290000061283,false,שקדי מרק 400 גרם25%+חינם,"אסם השקעות בע""\מ",IL,שקדי מרק,גרמים,500.00,100 גרם,false,0,9.90,1.98,true,1,
7290000061764,false,נסקפה רד מאג 200 גרם,נסטלה ספרד,ES,נסקפה רד מאג,גרמים,200.00,100 גרם,false,0,21.90,10.95,true,1,
7290000061771,false,נסקפה רד מאג 50 גרם,נסטלה,ES,נסקפה רד מאג,גרמים,50.00,100 גרם,false,0,6.90,13.80,true,1,
7290000062129,false,"אינסטנט פודינג וניל 1ק""ג","אסם השקעות בע""מ",IL,אינסטנט פודינג,קילוגרמים,1.00,"ק""ג",false,0,23.90,23.90,true,1,
7290000062242,false,דובונים שמנת בצל 40 גרם,"אסם השקעות בע""\מ",IL,דובונים שמנת בצל,גרמים,40.00,100 גרם,false,0,3.90,9.75,true,1,
7290000063300,false,סירופ ויטמינצ'יק פטל 2ל',בית-השיטה עסיס תעשיות מז,IL,ויטמינצ'יק פטל,ליטרים,2.00,ליטר,false,0,18.90,9.45,true,1,
7290000064871,false,מנה חמה פירה בצל 56 גרם,"אסם השקעות בע""מ",IL,מנה חמה פירה,גרמים,56.00,100 גרם,false,0,5.90,10.54,true,1,
7290000065090,false,מיני קרוטונים מתובל400 ג,עינת תעשיות,IL,מיני קרוטונים,גרמים,400.00,100 גרם,false,0,19.90,4.98,true,1,
7290000065335,false,מנה חמה פירה עם ירקות55ג,"אסם השקעות בע""מ",IL,מנה חמה פירה,גרמים,55.00,100 גרם,false,0,5.90,10.73,true,1,
7290000065557,false,מ.חמה קוסקוס עם ירקות 84,"אסם השקעות בע""מ",IL,מנה חמה קוסקוס,גרמים,84.00,100 גרם,false,0,5.90,7.02,true,1,
7290000065717,false,סירופ ויטמינצ'יק פטל 1ל',בית-השיטה עסיס תעשיות מז,IL,ויטמינצ'יק פטל,ליטרים,1.00,ליטר,false,0,11.00,11.00,true,1,
7290000065724,false,סירופ ויטמינצ'יק לימון1ל,בית-השיטה עסיס תעשיות מז,IL,ויטמינצ'יק לימון,ליטרים,1.00,ליטר,false,0,11.00,11.00,true,1,
7290000065748,false,סירופ ויטמינצ'יק אננס 1ל,בית-השיטה עסיס תעשיות מז,IL,ויטמינצ'יק אננס,ליטרים,1.00,ליטר,false,0,11.00,11.00,true,1,
7290000066141,false,ביסלי גריל 70 גרם,"אסם השקעות בע""\מ",IL,ביסלי גריל,גרמים,70.00,100 גרם,false,0,3.80,5.43,true,1,
7290000066196,false,ביסלי גריל 200 גרם,"אסם השקעות בע""\מ",IL,ביסלי גריל,גרמים,200.00,100 גרם,false,0,6.50,3.25,true,1,
7290000066264,false,דובונים-חטיפים מלוחים40ג,"אסם השקעות בע""\מ",IL,חטיפי דובונים,גרמים,40.00,100 גרם,false,0,3.90,9.75,true,1,
7290000066318,false,במבה 80 גרם,"אסם השקעות בע""\מ",IL,במבה,גרמים,80.00,100 גרם,false,0,3.90,4.88,true,1,
7290000066332,false,אפרופו 50 גרם,"אסם השקעות בע""\מ",IL,חטיף אפרופו,גרמים,50.00,100 גרם,false,0,4.90,9.80,true,1,
7290000066431,false,פופקו בטעם חמאה ודבש80גר,"אסם השקעות בע""\מ",IL,חטיף פופקו,גרמים,80.00,100 גרם,false,0,4.90,6.13,true,1,
7290000066950,false,"ויטמינצ'יק סירופ תפו""ע1ל",בית-השיטה עסיס תעשיות מז,IL,"ויטמינצ'יק תפו""ע",ליטרים,1.00,ליטר,false,0,11.00,11.00,true,1,
7290000067131,false,"ג'לי בטעם תות כשל""פ 90ג","אסם השקעות בע""\מ",IL,ג'לי בטעם תות,גרמים,90.00,100 גרם,false,0,5.90,6.56,true,1,
7290000067599,false,מנה חמה ספגטי בולונז 65ג,"אסם השקעות בע""\מ",IL,מנה חמה בולונז,גרמים,65.00,100 גרם,false,0,5.90,9.08,true,1,
7290000068138,false,אינסטנט פודינג וניל 80גר,"אסם השקעות בע""מ",IL,אינסטנט פודינג,גרמים,80.00,100 גרם,false,0,4.90,6.13,true,1,
7290000068190,false,ג'לי בטעם תות 90 גרם,"אסם השקעות בע""\מ",IL,ג'לי בטעם תות,גרמים,90.00,100 גרם,false,0,5.90,6.56,true,1,
7290000068237,false,ג'לי בטעם פטל 85 גרם,"אסם השקעות בע""\מ",IL,ג'לי בטעם פטל,גרמים,85.00,100 גרם,false,0,5.90,6.94,true,1,
7290000068251,false,ג'לי בטעם אננס 85 גרם,"אסם השקעות בע""\מ",IL,ג'לי בטעם אננס,גרמים,85.00,100 גרם,false,0,5.90,6.94,true,1,
7290000068343,false,פריכונים מאורז מלא 140גר,"פרח תעשיות מזון בע""מ.",IL,פריכונים מאורז,גרמים,140.00,100 גרם,false,0,5.90,4.21,true,1,
7290000069364,false,פריכונים-אורז דל נתרן140,"פרח תעשיות מזון בע""מ.",IL,פריכונים מאורז,גרמים,140.00,100 גרם,false,0,5.90,4.21,true,1,
7290000070308,false,מרק עוף אמיתי 400 גרם,"אסם השקעות בע""\מ",IL,מרק עוף אמיתי,גרמים,400.00,100 גרם,false,0,18.90,4.73,true,1,
7290000070322,false,מרק פטריות ר.טבעיים400גר,"אסם השקעות בע""\מ",IL,מרק פטריות אסם,גרמים,400.00,100 גרם,false,0,21.90,5.48,true,1,
7290000070353,false,מרק בצל רכיבים טבעיים400,"אסם השקעות בע""\מ",IL,מרק בצל אסם,גרמים,400.00,100 גרם,false,0,21.90,5.48,true,1,
7290000072227,false,"רוטב סויה סיני 290 מ""ל","אסם השקעות בע""\מ",IL,רוטב סויה,מיליליטרים,290.00,"100 מ""ל",false,0,8.90,3.07,true,1,
7290000072241,false,"רוטב פיצה 290 מ""ל","אסם השקעות בע""\מ",IL,רוטב לפיצה אסם,מיליליטרים,290.00,"100 מ""ל",false,0,8.90,3.07,true,1,
7290000072623,false,קטשופ בקבוק לחיץ 750 גרם,"אסם השקעות בע""מ",IL,קטשופ בקבוק לחיץ,גרמים,750.00,100 גרם,false,0,9.90,1.32,true,1,
7290000072630,false,קטשופ חריף 750 גרם,"אסם השקעות בע""מ",IL,קטשופ חריף,גרמים,750.00,100 גרם,false,0,11.90,1.59,true,1,
7290000072753,false,נסקפה טסטר'ס צ'ויס200ג,לוטה נסטלה קוריאה,KR,נסקפה טסטרס צויס,גרמים,200.00,100 גרם,false,0,29.90,14.95,true,1,
7290000072777,false,טסטרס צ'ויס נט.קפאין200,לוטה נסטלה קוריאה,KR,קפה טסטרס צויס,גרמים,200.00,100 גרם,false,0,35.90,17.95,true,1,
7290000073125,false,מ.חמה פסטה ברוטב עגבניות,"אסם השקעות בע""\מ",IL,מנה חמה פסטה,גרמים,62.00,100 גרם,false,0,5.90,9.52,true,1,
7290000073415,false,מ.חמה פסטה ברוטב פיצה,"אסם השקעות בע""\מ",IL,מנה חמה פסטה,גרמים,61.00,100 גרם,false,0,5.90,9.67,true,1,
7290000074184,false,ביסקוויט פתי בר 500 גרם,"אסם השקעות בע""\מ",IL,ביסקוויט פתי בר,גרמים,500.00,100 גרם,false,0,10.70,2.14,true,1,
7290000074245,false,קרם קרקר 250 גרם,"אסם השקעות בע""\מ",IL,קרם קרקר אסם,גרמים,250.00,100 גרם,false,0,7.80,3.12,true,1,
7290000074276,false,קרקר פיקנטי 250 גרם,"אסם השקעות בע""\מ",IL,קרקר פיקנטי אסם,גרמים,250.00,100 גרם,false,0,8.90,3.56,true,1,
7290000074481,false,לחמית אגוזים 160 גרם,"אסם השקעות בע""\מ",IL,לחמית אגוזים,גרמים,160.00,100 גרם,false,0,8.90,5.56,true,1,
7290000074696,false,"קרם קרקר 1 ק""ג","אסם השקעות בע""\מ",IL,קרם קרקר,קילוגרמים,1.00,"ק""ג",false,0,24.90,24.90,true,1,
7290000074962,false,עוג.מיני שוקוצ'יפס 225גר,כרמית,IL,עוגיות שוקוצ'יפס,גרמים,225.00,100 גרם,false,0,8.90,3.96,true,1,
7290000075204,false,לחמית חיטה מלאה 250 גרם,"אסם השקעות בע""\מ",IL,לחמית חיטה מלאה,גרמים,250.00,100 גרם,false,0,7.50,3.00,true,1,
7290000076133,false,בייגלה שמיניות קטנות400ג,"אסם השקעות בע""\מ",IL,בייגלה שמיניות,גרמים,400.00,100 גרם,false,0,8.90,2.23,true,1,
7290000076645,false,טוסטעים חיטה מלאה 100גרם,ון דר מולן,NL,טוסטעיםחיטה מלאה,גרמים,100.00,100 גרם,false,0,7.90,7.90,true,1,
7290000077017,false,קרמוגית ממולא שוקו200.גר,"אסם השקעות בע""\מ",IL,קרמוגית שוקולד,גרמים,200.00,100 גרם,false,0,9.90,4.95,true,1,
7290000077253,false,לחמית כפרית 190 גרם,"אסם השקעות בע""\מ",IL,לחמית כפרית,גרמים,190.00,100 גרם,false,0,8.90,4.68,true,1,
7290000077925,false,טוסטעים צנימים עגולים125,ון דר מולן,NL,טוסטעים צנימים,גרמים,125.00,100 גרם,false,0,7.90,6.32,true,1,
7290000078762,false,חטיפי פריכונים עם דבש80ג,הרטו,GB,חטיפי פריכונים,גרמים,80.00,100 גרם,false,0,6.90,8.63,true,1,
7290000080758,false,טוסטעים פת קלויה 100 גרם,ון דר מולן,NL,טוסטעים פת קלוי,גרמים,100.00,100 גרם,false,0,7.90,7.90,true,1,
7290000080765,false,טוסטעים פת קלוי+שומשו100,ון דר מולן,NL,טוסטעים +שומשו,גרמים,100.00,100 גרם,false,0,7.90,7.90,true,1,
7290000081663,false,בייגלה טבעות שומשום300גר,"אסם השקעות בע""\מ",IL,בייגלה טבעות,גרמים,300.00,100 גרם,false,0,8.90,2.97,true,1,
7290000090030,true,מאפה נפולאון משקל,גידרון,IL,נפוליאון חלבי,קילוגרמים,0.00,"ק""ג",true,0,29.00,29.00,true,1,
7290000090627,true,לחמניה מתוקה,גידרון,IL,לחמניה מתוק עגול,יחידה,1.00,יחידה,false,0,2.00,2.00,true,1,
7290000090832,true,בייגל אמריקאי רגיל,גידרון,IL,בייגל אמריקאי,יחידה,1.00,יחידה,false,0,3.90,3.90,true,1,
7290000092201,true,כיס גבינה וצימוקים,גידרון,IL,כיס גבינה וצימוק,קילוגרמים,0.00,"ק""ג",true,0,29.00,29.00,true,1,
7290000092218,true,"כיס תפו""ע מחיר לפי משקל",גידרון,IL,מאפה כיס תפוח עץ,קילוגרמים,0.00,"ק""ג",true,0,29.00,29.00,true,1,
7290000093031,true,לחם ג'בטה,גידרון,IL,לחם ג'בטה,יחידה,1.00,יחידה,false,0,5.90,5.90,true,1,
7290000094168,true,בייגל אמריקאי כפרי,גידרון,IL,בייגל אמריקאי כפ,יחידה,1.00,יחידה,false,0,3.90,3.90,true,1,
7290000094199,true,לחם חצי ג'בטה,גידרון,IL,חצי ג'בטה לבן,יחידה,1.00,יחידה,false,0,3.90,3.90,true,1,
7290000094373,true,לחם חצי ג'בטה כפרי,גידרון,IL,לחם חצי ג'בטה,יחידה,1.00,יחידה,false,0,3.90,3.90,true,1,
7290000096018,true,שנק קינמון,גידרון,IL,שנק קינמון,קילוגרמים,0.00,"ק""ג",true,0,29.00,29.00,true,1,
7290000096032,true,חצי בגט,גידרון,IL,חצי בגט,יחידה,1.00,יחידה,false,0,2.90,2.90,true,1,
7290000096414,true,סופגניה גדולה רגילה80*6ג,גידרון,IL,סופגניה רגילה6יח,גרמים,480.00,100 גרם,false,6,14.90,3.10,true,1,
7290000097633,true,לחמניית קשר,גידרון,IL,לחמניית קשר,יחידה,1.00,יחידה,false,0,2.70,2.70,true,1,
7290000097657,true,לחמניית חלה,גידרון,IL,לחמניית חלה,יחידה,1.00,יחידה,false,0,3.90,3.90,true,1,
7290000098296,true,לחמניית אצבע,גידרון,IL,לחמניית אצבע,יחידה,1.00,יחידה,false,0,2.00,2.00,true,1,
7290000099248,true,בורקס גבינה חלבי במשקל,גידרון,IL,בורקס גבינה חלבי,קילוגרמים,0.00,"ק""ג",true,0,29.00,29.00,true,1,
7290000099255,true,בורקס תפוח אדמה מחיר לקג,גידרון,IL,בורקס תפוח אדמה,קילוגרמים,0.00,"ק""ג",true,0,29.00,29.00,true,1,
7290000099385,true,גביניות  חלבי במשקל,גידרון,IL,גביניות חלבי,קילוגרמים,0.00,"ק""ג",true,0,29.00,29.00,true,1,
7290000099392,true,מאפה פרג במשקל,גידרון,IL,מאפה פרג,קילוגרמים,0.00,"ק""ג",true,0,29.00,29.00,true,1,
7290000099415,true,רוגלך במשקל,גידרון,IL,רוגלך במשקל,קילוגרמים,0.00,"ק""ג",true,0,29.00,29.00,true,1,
7290000099439,true,קרואסון קטן במשקל,גידרון,IL,קרואסון קטן ריק,קילוגרמים,0.00,"ק""ג",true,0,29.00,29.00,true,1,
7290000099477,true,קרואסון ביס שוקולד במשקל,גידרון,IL,קרואסון שוקולד,קילוגרמים,0.00,"ק""ג",true,0,29.00,29.00,true,1,
7290000099927,true,בורקיטס במשקל,גידרון,IL,בורקיטס חלבי,קילוגרמים,0.00,"ק""ג",true,0,29.00,29.00,true,1,
7290000100197,false,לקט אפונה תירס וגזר700ג,"סנפרוסט בע""\מ",IL,לקט סנפרוסט700ג,גרמים,700.00,100 גרם,false,1,12.90,1.84,true,1,
7290000100265,false,"ברוקולי בד""צ 600 גרם","סנפרוסט בע""\מ",IL,"ברוקולי בד""צ600ג",גרמים,600.00,100 גרם,false,1,32.90,5.48,true,1,
7290000100272,false,"כרובית בד""צ 600 גרם","סנפרוסט בע""\מ",IL,"כרובית בד""צ600ג",גרמים,600.00,100 גרם,false,1,29.90,4.98,true,1,
7290000100289,false,"לקט השדה בד""צ 700 גרם","סנפרוסט בע""\מ",IL,"לקט השדה בד""צ",גרמים,700.00,100 גרם,false,1,19.90,2.84,true,1,
7290000100562,false,"מיני כרובית בד""צ 600 גרם","סנפרוסט בע""\מ",IL,מיני כרובית 600ג,גרמים,600.00,100 גרם,false,1,24.90,4.15,true,1,
7290000100975,false,שעועית ירוקה עדינה 600 ג,"סנפרוסט בע""\מ",IL,שעועית ירוקה600ג,גרמים,600.00,100 גרם,false,1,15.90,2.65,true,1,
7290000101132,false,לקט קטניות לחמין 800גרם,"סנפרוסט בע""\מ",IL,לקט קטניות לחמין,גרמים,800.00,100 גרם,false,1,16.90,2.11,true,1,
7290000103495,false,"אפונת גינה בד""צ 700 גרם","סנפרוסט בע""\מ",IL,אפונת גינה,גרמים,700.00,100 גרם,false,0,12.90,1.84,true,1,
7290000103501,false,שעועית ירוקה חתוכה 700 ג,"סנפרוסט בע""\מ",IL,שעועית ירוקה חתו,גרמים,700.00,100 גרם,false,0,12.90,1.84,true,1,
7290000103518,false,שעועית ירוקה שלמה 700 גר,"סנפרוסט בע""\מ",IL,שעועית ירוקה שלמ,גרמים,700.00,100 גרם,false,0,14.90,2.13,true,1,
7290000103525,false,"גזר גמדי  בד""צ700 גרם","סנפרוסט בע""\מ",IL,גזר גמדי,גרמים,700.00,100 גרם,false,0,12.90,1.84,true,1,
7290000103532,false,"גרעיני תירס בד""צ 700 גרם","סנפרוסט בע""\מ",IL,גרעיני תירס,גרמים,700.00,100 גרם,false,0,12.90,1.84,true,1,
7290000103549,false,אפונה עדינה שלמה 600 גרם,"סנפרוסט בע""\מ",IL,אפונה עדינה שלמה,גרמים,600.00,100 גרם,false,0,15.90,2.65,true,1,
7290000103556,false,"גרגירי חומוס בד""צ700 גרם","סנפרוסט בע""\מ",IL,גרגירי חומוס,גרמים,700.00,100 גרם,false,0,12.90,1.84,true,1,
7290000104713,false,פול ירוק מוקפא 800 גרם,"סנפרוסט בע""\מ",IL,פול ירוק מוקפא,גרמים,800.00,100 גרם,false,0,19.90,2.49,true,1,
7290000104799,false,שעועית לבנה מבושלת 800גר,"סנפרוסט בע""\מ",IL,שעועית לבנה,גרמים,800.00,100 גרם,false,0,18.90,2.36,true,1,
7290000107189,false,ארטישוק תחתיות 400 גרם,"סנפרוסט בע""\מ",IL,תחתיות ארטישוק,גרמים,400.00,100 גרם,false,0,15.90,3.98,true,1,
7290000110844,false,חטיף כיפלי בטעם גריל70ג,יוניליוור,IL,כיפלי בטעם גריל,גרמים,70.00,100 גרם,false,0,4.90,7.00,true,1,
7290000110851,false,חטיף כיפלי בטעם בצל 70גר,יוניליוור,IL,כיפלי בטעם בצל,גרמים,70.00,100 גרם,false,0,4.90,7.00,true,1,
7290000111117,false,מרכך כביסה בדין לבן 4 לי,יוניליור ישראל טיפוח איש,IL,מרכך כביסה בדין,ליטרים,4.00,ליטר,false,0,19.90,4.98,true,1,
7290000111186,false,מיונז אמיתי תלמה 500 גרם,יוניליוור ישראל מזון בע\,IL,מיונז אמיתי תלמה,גרמים,500.00,100 גרם,false,0,8.90,1.78,true,1,
7290000111353,false,"מיונז אמיתי תלמה 1 ק""ג",יוניליוור ישראל מזון בע\,IL,מיונז אמיתי תלמה,קילוגרמים,1.00,"ק""ג",false,0,15.90,15.90,true,1,
7290000111360,false,חרדל אמיתי תלמה 250 גרם,יוניליוור,IL,חרדל אמיתי תלמה,גרמים,250.00,100 גרם,false,0,4.90,1.96,true,1,
7290000112220,false,טחינה גולמית 100% 500 גר,"רושדי תעשיות מזון בע""\מ",IL,טחינה גולמית,גרמים,500.00,100 גרם,false,0,12.90,2.58,true,1,
7290000113203,false,חטיף צ'יפס בטעם קטשופ50ג,יוניליוור ישראל מזון בעמ,IL,כיפלי צ'יפס,גרמים,50.00,100 גרם,false,0,4.90,9.80,true,1,
7290000116884,false,רוטב ברביקיו קנור350 גרם,יוניליוור ישראל מזון בע\,IL,רוטב ברביקיו,גרמים,350.00,100 גרם,false,0,9.90,2.83,true,1,
7290000116945,false,"רוטב סויה קנור 300 מ""ל",יוניליוור ישראל מזון בע\,IL,רוטב סויה קלאסי,מיליליטרים,300.00,"100 מ""ל",false,0,9.90,3.30,true,1,
7290000117720,false,מרק נמס בכוס פטריות 43גר,יוניליוור ישראל מזון בע\,IL,מרק נמס בכוס,גרמים,43.00,100 גרם,false,0,5.90,13.72,true,1,
7290000121239,false,מיוקל5% ללא כולסטרול500ג,יוניליוור ישראל מזון בע\,IL,מיוקל 5% שומן,גרמים,500.00,100 גרם,false,0,11.90,2.38,true,1,
7290000122830,false,רוטב סצ'ואן סיני קנור300,יוניליוור ישראל מזון בע\,IL,רוטב סצ'ואן סיני,גרמים,370.00,100 גרם,false,0,9.90,2.68,true,1,
7290000129457,false,רוטב פטריות 28 גרם,יוניליוור ישראל מזון בע\,IL,רוטב פטריות,גרמים,28.00,100 גרם,false,0,3.80,13.57,true,1,
7290000129785,false,מרכך כביסה בדין ירוק 4 ל,יוניליור ישראל טיפוח איש,IL,מרכך כביסה בדין,ליטרים,4.00,ליטר,false,0,19.90,4.98,true,1,
7290000133645,false,מ.ש.אורביטול סודה145*3ג,טרופיקל דגיל תעשיות קוסמ,IL,משחת שיניים 3 יח,גרמים,435.00,100 גרם,false,0,14.90,3.43,true,1,
7290000133904,false,דואו פרש פסיפלור.תפוז300,"סנו מפעלי ברונוס בע""מ",IL,סנו דואו פרש,מיליליטרים,300.00,"100 מ""ל",false,0,9.90,3.30,true,1,
7290000135137,false,סודה בנגיעות ט.אפרס1.5*4,טמפו,IL,סודה טעם אפרסק4י,ליטרים,6.00,ליטר,false,1,9.90,1.65,true,1,
7290000135168,false,פפסי מקס ליים פחית330*6מ,אלפא \n S.A,AL,פפסי מקס ליים6יח,ליטרים,1.98,ליטר,false,1,14.90,7.53,true,1,
7290000135250,false,פפסי מקס ליים 1.5*4 ליטר,"טמפו משקאות בע""\מ",IL,פפסי מקס ליים4יח,ליטרים,6.00,ליטר,false,1,18.90,3.15,true,1,
7290000135465,false,"סודה טמפו 500*12 מ""ל","טמפו משקאות בע""\מ",IL,מי סודה 12 בקבוק,ליטרים,6.00,ליטר,false,1,24.90,4.15,true,1,
7290000135595,false,פפסי מקס דובדבן 1.5 ליטר,"טמפו משקאות בע""\מ",IL,פפסי מקס דובדבן,ליטרים,1.50,ליטר,false,1,5.40,3.60,true,1,
7290000136721,false,ג'אמפ תפוזים 1.5 ליטר,טמפו,IL,ג'אמפ תפוזים,ליטרים,1.50,ליטר,false,0,5.30,3.53,true,1,
7290000136738,false,ג'אמפ אשכוליות 1.5 ליטר,טמפו,IL,ג'אמפ אשכוליות,ליטרים,1.50,ליטר,false,0,5.30,3.53,true,1,
7290000136745,false,ג'אמפ תות בננה 1.5 ליטר,"טמפו משקאות בע""מ",IL,ג'אמפ תות בננה,ליטרים,1.50,ליטר,false,0,5.30,3.53,true,1,
7290000137513,false,גלידונית וניל 60יח 630גר,"גלידת שטראוס בע""\מ",IL,גלידונית,גרמים,630.00,100 גרם,false,0,39.90,6.33,true,1,
7290000137643,false,מאגדת טעמקור משפ8'יח 52,"גלידת שטראוס בע""\מ",IL,מאגד טעמקור משפ',גרמים,400.00,100 גרם,false,0,36.90,9.23,true,1,
7290000139104,false,שלווה בשקית 230 גרם,שופרסל,IL,שלווה בשקית,גרמים,230.00,100 גרם,false,0,7.50,3.26,true,1,
7290000139180,false,שלווה בשקית,,IL,שלווה בשקית,גרמים,140.00,100 גרם,false,0,7.50,5.36,true,1,
7290000139227,false,דגן תפוח ממותק,,IL,דגן תפוח ממותק,גרמים,150.00,100 גרם,false,0,7.50,5.00,true,1,
7290000139234,false,דגן תפוח,,IL,דגן תפוח,גרמים,150.00,100 גרם,false,0,7.50,5.00,true,1,
7290000139241,false,מולטי דגנים שוקו וניל,אשבול,IL,מולטי שוקו וניל,גרמים,420.00,100 גרם,false,1,6.90,1.64,true,1,
7290000139258,false,שלווה טבע + סוכר חום200ג,שופרסל,IL,שלווה טבע,גרמים,200.00,100 גרם,false,0,7.50,3.75,true,1,
7290000139265,false,מולטי טבעות דבש 420 גרם,אשבול,IL,טבעות דבש420גר,גרמים,420.00,100 גרם,false,0,6.90,1.64,true,1,
7290000139272,false,מולטי טבעות דגנים פירות,אשבול,IL,מולטי פירות420גר,גרמים,420.00,100 גרם,false,1,6.90,1.64,true,1,
7290000139289,false,מולטי כדורי שוקולד 420גר,אשבול,IL,כדורי שוקולד420ג,גרמים,420.00,100 גרם,false,0,6.90,1.64,true,1,
7290000139296,false,מולטי דגנים מלאים כוכבים,אשבול,IL,מולטי כוכבים420ג,גרמים,420.00,100 גרם,false,0,6.90,1.64,true,1,
7290000139333,false,מאגדת שאשי 10*20 גרם,אשבול,IL,מאגת שאשי10*20גר,גרמים,200.00,100 גרם,false,1,7.90,3.95,true,1,
7290000139609,false,פיצפוצי אורז 375 גרם,אשבול,IL,פיצפוצי אורז375ג,גרמים,375.00,100 גרם,false,0,9.90,2.64,true,1,
7290000139616,false,פיצפוצי אורז מלא 450 גרם,אשבול,IL,פיצפוצי אורז מלא,גרמים,450.00,100 גרם,false,0,9.90,2.20,true,1,
7290000139623,false,פיצפוצי אורז לייט 450 גר,אשבול,IL,פיצפוצי אורז ליי,גרמים,450.00,100 גרם,false,1,9.90,2.20,true,1,
7290000139678,false,צ'יפס סטיק טעם טבעי 45 ג,אשבול,IL,ציפס סטיק 45 גרם,גרמים,45.00,100 גרם,false,1,1.90,4.22,true,1,
7290000139685,false,צ'יפס סטיק טעם קטשופ45ג,אשבול,IL,ציפס סטיק 45 גרם,גרמים,45.00,100 גרם,false,1,1.90,4.22,true,1,
7290000139692,false,צ'יפסטיקס ברביקיו 45 גרם,אשבול,IL,צ'יפסטיקס,גרמים,45.00,100 גרם,false,1,1.90,4.22,true,1,
7290000139715,false,קרמים בטעם נוגט 474 גרם,אשבול,IL,קרמים בטעם נוגט,גרמים,474.00,100 גרם,false,1,9.90,2.09,true,1,
7290000139753,false,קרמים בטעם שוקולד 474 גר,,IL,קרמים בטעם שוקול,גרמים,474.00,100 גרם,false,1,9.90,2.09,true,1,
7290000139777,false,קרמים בטעם וניל עוגיות,,IL,קרמים בטעם וניל,גרמים,474.00,100 גרם,false,1,9.90,2.09,true,1,
7290000139906,false,חטיף פאף בטעם בצל 60 גרם,אשבול,IL,חטיף פאף טעם בצל,גרמים,60.00,100 גרם,false,1,1.90,3.17,true,1,
7290000139913,false,חטיף פאף בטעם ברביקיו 60,אשבול,IL,פאף טעם ברביקיו,גרמים,60.00,100 גרם,false,1,1.90,3.17,true,1,
7290000139920,false,חטיף פאף בטעם שום בצל 60,אשבול,IL,חטיף פאף בטעם שו,גרמים,60.00,100 גרם,false,1,1.90,3.17,true,1,
7290000139968,false,דגנים מלאים נוגט קרמלי,אשבול,IL,דגנים קרמלי6 יח,גרמים,168.00,100 גרם,false,1,7.90,4.70,true,1,
7290000139975,false,דגנים מלאים שוקולד 6 יח,אשבול,IL,טורבו דגנים שוקו,גרמים,168.00,100 גרם,false,1,7.90,4.70,true,1,
7290000139982,false,דגנים מלאים קרמלי חלבה,אשבול,IL,דגנים מלאים קרמל,גרמים,168.00,100 גרם,false,1,7.90,4.70,true,1,
7290000143187,false,"שמפו הוואי לגבר 700 מ""ל",טרופיקל דגיל,IL,שמפו הוואי לגבר,מיליליטרים,700.00,"100 מ""ל",false,0,8.90,1.27,true,1,
7290000143194,false,"שמפו + מרכך הוואי 700מ""ל",טרופיקל דגיל בעמ,IL,שמפו+מרכך הוואי,מיליליטרים,700.00,"100 מ""ל",false,0,8.90,1.27,true,1,
7290000143200,false,מרכך הוואי לשיער יבש700מ,טרופיקל דגיל,IL,מרכך שיער הוואי,מיליליטרים,700.00,"100 מ""ל",false,0,8.90,1.27,true,1,
7290000143217,false,שמפו הוואי שיער יבש 700מ,טרופיקל דגיל,IL,שמפו הוואי,מיליליטרים,700.00,"100 מ""ל",false,0,8.90,1.27,true,1,
7290000143255,false,שמפו הוואי לשיער רגיל700,טרופיקל דגיל,IL,שמפו הוואי,מיליליטרים,700.00,"100 מ""ל",false,0,8.90,1.27,true,1,
7290000143262,false,"הוואי שמפו לילדים 700מ""ל",טרופיקל דגיל,IL,הוואי שמפו ילדים,מיליליטרים,700.00,"100 מ""ל",false,0,8.90,1.27,true,1,
7290000143279,false,"הוואי שמפו אדום 700 מ""ל",טרופיקל דגיל,IL,שמפו הוואי,מיליליטרים,700.00,"100 מ""ל",false,0,8.90,1.27,true,1,
7290000143286,false,"הוואי מרכך ירוק 700 מ""ל",טרופיקל דגיל,IL,מרכך הוואי,מיליליטרים,700.00,"100 מ""ל",false,0,8.90,1.27,true,1,
7290000143293,false,הוואי מרכך שיער לילד700מ,הנקל סוד,IL,הוואי מרכך שיער,מיליליטרים,700.00,"100 מ""ל",false,0,8.90,1.27,true,1,
7290000144160,false,שמן זית כתית ארומתי750מל,שמן תעשיות בעמ,IT,שמן זית,מיליליטרים,750.00,"100 מ""ל",false,0,32.90,4.39,true,1,
7290000144474,false,שמן קנולה+נוגדי חימצון1ל,שמן תעשיות בעמ,EE,שמן קנולה,ליטרים,1.00,ליטר,false,0,12.90,12.90,true,1,
7290000146645,false,סבון הוואי שחור 100*4גרם,טרופיקל דגיל,IL,סבון הוואי 4 יח,גרמים,400.00,100 גרם,false,0,10.90,2.73,true,1,
7290000146652,false,סבון הוואי ורוד 100*4גרם,טרופיקל דגיל,PL,סבון הוואי 4 יח,גרמים,400.00,100 גרם,false,0,10.90,2.73,true,1,
7290000146669,false,סבון הוואי כחול 100*4 גר,טרופיקל דגיל,IL,סבון הוואי 4 יח,גרמים,400.00,100 גרם,false,0,10.90,2.73,true,1,
7290000146676,false,סבון הוואי לגבר 100*4גרם,טרופיקל דגיל,PL,סבון הוואי 4 יח,גרמים,400.00,100 גרם,false,0,10.90,2.73,true,1,
7290000146683,false,סב.הוואי אפקט דאו100*4.,טרופיקל דגיל,PL,סבון הוואי 4 יח,גרמים,400.00,100 גרם,false,0,10.90,2.73,true,1,
7290000146928,false,משחת טום וג'רי ענבים 50מ,טרופיקל דגיל,IL,משחת טום וג'רי,מיליליטרים,50.00,"100 מ""ל",false,0,7.50,15.00,true,1,
7290000146997,false,משחת טום וג'רי מסטיק 50מ,טרופיקל דגיל,IL,משחת טום וג'רי,מיליליטרים,50.00,"100 מ""ל",false,0,7.50,15.00,true,1,
7290000148298,false,מיץ תפוזים סחוט קלאסי2ל,גת,IL,מיץ תפוזים סחוט,ליטרים,2.00,ליטר,false,0,21.90,10.95,true,1,
7290000149615,false,סבון נקה 7 לתינוק100*4 ג,נקה,IL,נקה 7 סבון 4 יח,גרמים,400.00,100 גרם,false,0,8.90,2.23,true,1,
7290000149851,false,סינטבון כפול לנקיון 460ג,נקה,IL,סינטבון נקה כפול,גרמים,460.00,100 גרם,false,0,8.90,1.93,true,1,
7290000149905,false,טקסטיל נוזל לכביסה 1ליטר,סנו מפעלי ברונוס בעמ,IL,נוזל כביס טקסטיל,ליטרים,1.00,ליטר,false,0,12.90,12.90,true,1,
7290000155821,false,פסטרמה מעושנת מהדרין300ג,מוצרי עוף טוב (2001) בע\,IL,פסטרמה מעושנת,גרמים,300.00,100 גרם,false,0,18.90,6.30,true,1,
7290000161631,false,קליק IN במילוי נוגט38גרם,יוניליוור ישראל מזון בע\,IL,קליק IN נוגט,גרמים,38.00,100 גרם,false,0,3.90,10.26,true,1,
7290000161648,false,קליק IN במילוי קרם חלב38,יוניליוור ישראל מזון בע\,IL,קליק IN קרם חלב,גרמים,38.00,100 גרם,false,0,3.90,10.26,true,1,
7290000169538,false,נמס בכוס עגבנ.וקרוטונים,יוניליוור ישראל מזון בע\,IL,נמס בכוס,גרמים,62.00,100 גרם,false,0,5.90,9.52,true,1,
7290000169798,false,עוגי 20% פחות סוכר 500גר,יוניליוור ישראל מזון בע\,IL,עוגי מופחת סוכר,גרמים,500.00,100 גרם,false,0,19.90,3.98,true,1,
7290000170053,false,שוקולד פרה חלב 100 גרם,"שטראוס גרופ בע""\מ.",IL,שוקולד פרה חלב,גרמים,100.00,100 גרם,false,0,4.90,4.90,true,1,
7290000170077,false,שוק.מריר 100 גרם,"שטראוס גרופ בע""\מ.",IL,שוקולד מריר,גרמים,100.00,100 גרם,false,0,4.90,4.90,true,1,
7290000174099,false,בפלות בטעם שוקולד 500 גר,עלית,IL,בפלות טעם שוקולד,גרמים,500.00,100 גרם,false,0,10.90,2.18,true,1,
7290000176420,false,קפה נמס 200 גרם,שטראוס קפה בי.וי,IL,קפה נמס,גרמים,200.00,100 גרם,false,0,19.90,9.95,true,1,
7290000176475,false,האג נטול קופאין 200 גרם,עלית,VN,קפה נמס האג,גרמים,200.00,100 גרם,false,0,33.80,16.90,true,1,
7290000178707,false,תפוצ'יפס בטעם טבעי 50 גר,"שטראוס פריטו ליי בע""\מ )",IL,חטיף תפוצ'יפס,גרמים,50.00,100 גרם,false,0,3.50,7.00,true,1,
7290000178721,false,תפוצי'פס טבעי 200 גרם,"שטראוס פריטו ליי בע""\מ )",IL,תפוצי'פס טבעי,גרמים,200.00,100 גרם,false,0,8.80,4.40,true,1,
7290000181103,false,ביסקויט בשוקולד חלב 200ג,עלית,IL,ביסקויט מצופה,גרמים,200.00,100 גרם,false,0,11.90,5.95,true,1,
7290000188560,false,קוטקס מגן תחתון לארג',חוגלה קימברלי,VN,מגן תחתון קוטקס,יחידה,1.00,יחידה,false,0,15.90,15.90,true,1,
7290000191225,false,האגיס אקסטרה קר מידה 2,חוגלה קימברלי,IL,האגיס ליטל בייבי,יחידה,1.00,יחידה,false,1,28.90,28.90,true,1,
7290000191645,false,האגיס אקסטרה קר מידה NB,חוגלה קימברלי,US,חיתולי האגיס,יחידה,1.00,יחידה,false,0,28.90,28.90,true,1,
7290000193014,false,אינטרלוד מגן תחתון,חוגלה קימברלי,CZ,לילי פדים,יחידה,1.00,יחידה,false,0,9.90,9.90,true,1,
7290000193083,false,תחבושות נובה לי 28 יח',חוגלה קימברלי,CZ,תחבושות נובה לי,יחידה,1.00,יחידה,false,0,8.90,8.90,true,1,
7290000193205,false,20 תחבושות לילי ללילה,חוגלה קימברלי,BE,תחבושות לילי,יחידה,1.00,יחידה,false,0,12.90,12.90,true,1,
7290000193472,false,לילי מגן תחתון נורמל,חוגלה קימברלי,ES,פדיות לילי,יחידה,1.00,יחידה,false,0,11.90,11.90,true,1,
7290000193540,false,לילי מגן תחתון לונג,חוגלה קימברלי,ES,פדיות לילי,יחידה,1.00,יחידה,false,0,11.90,11.90,true,1,
7290000193618,false,62 פדיות נטורל LIGHT,חוגלה קימברלי,ES,פדיות לילי נטורל,יחידה,1.00,יחידה,false,0,11.90,11.90,true,1,
7290000193649,false,24 תחבושות לילי נורמל+,חוגלה קימברלי,ES,תחבושות לילי,יחידה,1.00,יחידה,false,0,12.90,12.90,true,1,
7290000193656,false,לילי תחבושות סופר פלוס,חוגלה קימברלי,ES,תחבושות לילי,יחידה,1.00,יחידה,false,0,12.90,12.90,true,1,
7290000193793,false,24 לילי נטורל נורמל,חוגלה קימברלי,ES,תחבושות לילי,יחידה,1.00,יחידה,false,0,12.90,12.90,true,1,
7290000193953,false,תחבושות לילי נורמל24*2יח,חוגלה קימברלי,ES,זוג תחבושות לילי,יחידה,1.00,יחידה,false,0,24.90,24.90,true,1,
7290000193960,false,תח.לילי סופר פלוס 24*2יח,חוגלה קימברלי,ES,תחבושות לילי זוג,יחידה,1.00,יחידה,false,0,24.90,24.90,true,1,
7290000195537,false,מגב.האגיס ללא בישום 64*4,חוגלה קימברלי,IL,מגבונים האגיס 4י,יחידה,1.00,יחידה,false,0,17.90,17.90,true,1,
7290000195544,false,מגב.האגיס בישום עדין64*4,חוגלה קימברלי,IL,מגבונים האגיס 4י,יחידה,1.00,יחידה,false,0,17.90,17.90,true,1,
7290000195773,false,מגבוני האגיס אלוורה 64*4,חוגלה קימברלי,IL,מגבונים האגיס 4י,יחידה,1.00,יחידה,false,0,17.90,17.90,true,1,
7290000197128,false,100 האגיס מגה פק שלב3,,IL,חיתולי האגיס,יחידה,1.00,יחידה,false,0,69.90,69.90,true,1,
7290000197197,false,84 האגיס מגה פק שלב4,,IL,חיתולי האגיס,יחידה,1.00,יחידה,false,0,69.90,69.90,true,1,
7290000197227,false,72 האגיס מגה פק שלב5,,IL,חיתולי האגיס,יחידה,1.00,יחידה,false,0,69.90,69.90,true,1,
7290000197258,false,64 האגיס מגה פק שלב6,,IL,חיתולי האגיס,יחידה,1.00,יחידה,false,1,69.90,69.90,true,1,
7290000201818,false,52טיטולים פרימיום שלב 2,חוגלה קימברלי,IL,טיטולים פרימיום,יחידה,1.00,יחידה,false,1,29.90,29.90,true,1,
7290000201832,false,50טיטולים פרימיום שלב 3,חוגלה קימברלי,IL,טיטולים פרימיום,יחידה,1.00,יחידה,false,1,29.90,29.90,true,1,
7290000201849,false,40 טיטולים פרימיום שלב 4,חוגלה קימברלי,IL,טיטולים פרימיום,יחידה,1.00,יחידה,false,1,29.90,29.90,true,1,
7290000201856,false,38 טיטולים פרימיום שלב+4,חוגלה קימברלי,IL,טיטולים פרימיום,יחידה,1.00,יחידה,false,1,29.90,29.90,true,1,
7290000201863,false,34טיטולים פרימיום שלב 5,חוגלה קימברלי,IL,טיטולים פרימיום,יחידה,1.00,יחידה,false,1,29.90,29.90,true,1,
7290000201870,false,30 טיטולים פרימיום שלב 6,,IL,טיטולים פרימיום,יחידה,1.00,יחידה,false,1,29.90,29.90,true,1,
7290000211312,false,"אורז מלא ארוך ""סוגת"" 1קג","סוגת תעשיות בע""\מ",IL,אורז מלא ארוך,קילוגרמים,1.00,"ק""ג",false,0,8.90,8.90,true,1,
7290000211442,false,"אורז פרסי קלאסי 1ק""ג","סוגת תעשיות בע""\מ",IL,אורז פרסי קלאסי,קילוגרמים,1.00,"ק""ג",false,0,7.90,7.90,true,1,
7290000211985,false,"אורז עגול 1 ק""ג","סוגת תעשיות בע""\מ",IL,אורז עגול סוגת,קילוגרמים,1.00,"ק""ג",false,0,7.90,7.90,true,1,
7290000212401,false,מצופית 400 גרם,"מנעמים תעשיות מזון בע""\מ",IL,מצופית 400 גרם,גרמים,400.00,100 גרם,false,0,6.90,1.73,true,1,
7290000212579,false,ופלים מצופים 20*40 גרם,מנעמים,IL,ופלים מצופים,גרמים,800.00,100 גרם,false,0,12.90,1.61,true,1,
7290000218502,false,חמין ויטה 568 גרם,פרי גליל,IL,חמין,גרמים,568.00,100 גרם,false,0,6.90,1.21,true,1,
7290000226514,false,עוגת דובוש ריבת חלב 450ג,תופינים מקבוצת קפולסקי,IL,עוגת ריבת חלב,גרמים,450.00,100 גרם,false,0,32.90,7.31,true,1,
7290000226613,false,דובוש מצופה ט.שוקולד450ג,תופינים מקבוצת קפולסקי,IL,דובוש מצופה450גר,גרמים,450.00,100 גרם,false,0,32.90,7.31,true,1,
7290000238029,false,"בצק עלים 1 ק""ג","מעדנות בע""\מ",IL,בצק עלים מרודד,קילוגרמים,1.00,"ק""ג",false,0,15.90,15.90,true,1,
7290000238036,false,מלווח מעדנות 700 גרם,"מעדנות בע""\מ",IL,מלווח מעדנית,גרמים,700.00,100 גרם,false,0,12.90,1.84,true,1,
7290000238173,false,בורקס גבינה 800 גרם,"מעדנות בע""\מ",IL,בורקס גבינה קפוא,גרמים,800.00,100 גרם,false,0,17.90,2.24,true,1,
7290000238180,false,"בורקס תפו""א 800 גרם","מעדנות בע""\מ",IL,"בורקס תפו""א קפוא",גרמים,800.00,100 גרם,false,0,15.90,1.99,true,1,
7290000253558,false,חלה מרציפן 40גרם,,IL,חלה מרציפן,גרמים,40.00,100 גרם,false,0,3.90,9.75,true,1,
7290000260839,false,ספרינג משקה תפוזים 1.5ל',"יפאורה תבורי בע""\מ",IL,ספרינג תפוזים,ליטרים,1.50,ליטר,false,0,5.90,3.93,true,1,
7290000260853,false,ספרינג משקה מנגו 1.5 ל',"יפאורה תבורי בע""\מ",IL,ספרינג מנגו,ליטרים,1.50,ליטר,false,0,5.90,3.93,true,1,
7290000260860,false,ספרינג משקה אפרסק 1.5 ל',"יפאורה תבורי בע""\מ",IL,ספרינג אפרסק,ליטרים,1.50,ליטר,false,0,5.90,3.93,true,1,
7290000260969,false,ספרינג אשכולית/אננס לייט,"יפאורה תבורי בע""\מ",IL,ספרינג לייט,ליטרים,1.50,ליטר,false,0,5.90,3.93,true,1,
7290000262239,false,נייר טואלט מולט 48גלילים,חוגלה קימברלי,IL,נייר טואלט מולט,מטרים,843.00,100 מטר,false,0,34.90,4.14,true,1,
7290000263359,false,האגיס אקסטרה קר שלב1,חוגלה קימברלי,IL,חיתולי האגיס,יחידה,1.00,יחידה,false,0,28.90,28.90,true,1,
7290000272443,false,סירופ תפוז דיאט 1 ליטר,בית-השיטה עסיס תעשיות מז,IL,סירופ דיאט תפוז,ליטרים,1.00,ליטר,false,0,9.90,9.90,true,1,
7290000272467,false,סירופ פטל דיאט 1 ליטר,בית-השיטה עסיס תעשיות מז,IL,סירופ פטל דיאט,ליטרים,1.00,ליטר,false,0,9.90,9.90,true,1,
7290000272726,false,חומץ 5% 1 ליטר,בית-השיטה עסיס תעשיות מז,IL,חומץ 5%,ליטרים,1.00,ליטר,false,0,5.90,5.90,true,1,
7290000284361,false,קולה דיאט בקבוק 1.5 ל',החברה המרכזית לייצור משק,IL,קוקה קולה דיאט,ליטרים,1.50,ליטר,false,0,6.20,4.13,true,1,
7290000286228,false,ספוגיות לניקוי כלים 6 יח,סנו מפעלי ברונו בעמ,IL,ספוגיות לכלים6יח,יחידה,1.00,יחידה,false,0,9.90,9.90,true,1,
7290000286297,false,סנו אנטיקאלק מסיר אבן700,סנו מפעלי ברונוס בעמ,IL,סנו מסיר אבן,מיליליטרים,700.00,"100 מ""ל",false,0,9.90,1.41,true,1,
7290000286488,false,ספוג כיף פיראט 1 יחידה,קוסמופארם,IL,ספוג כיף פיראט,יחידה,1.00,יחידה,false,0,4.90,4.90,true,1,
7290000286525,false,ספוג כיף רחצה פרינה 1 יח,קוסמופארם,IL,ספוג רחצה,יחידה,1.00,יחידה,false,0,8.90,8.90,true,1,
7290000286549,false,מטליות רב שימוש 9 יח',סנו מפעלי ברונו בעמ,IL,מטליות לכל 9 יח,יחידה,1.00,יחידה,false,0,8.90,8.90,true,1,
7290000286594,false,סנוX- לימון 600 גרם,סנו מפעלי ברונוס בעמ,IL,סנוX- קרם לניק,גרמים,600.00,100 גרם,false,0,8.90,1.48,true,1,
7290000286761,false,ניילון נצמד 30*2 מטר,סנו,CN,צמד ניילון נצמד,מטרים,60.00,מטר,false,0,9.90,0.17,true,1,
7290000286921,false,"סנוקל רסס וכבס 750 מ""ל",סנו מפעלי ברונוס בעמ,IL,סנוקל רסס וכבס,מיליליטרים,750.00,"100 מ""ל",false,0,9.90,1.32,true,1,
7290000286945,false,"סנו רהיט מרסס 500 מ""ל","סנו מפעלי ברונוס בע""\מ",IL,סנו רהיט מרסס,מיליליטרים,500.00,"100 מ""ל",false,0,25.90,5.18,true,1,
7290000287102,false,סנו שמפו לשטיחים 540 גרם,סנו מפעלי ברונוס בעמ,IL,סנו שמפו לשטיחים,גרמים,540.00,100 גרם,false,0,17.90,3.31,true,1,
7290000287195,false,סנורהיט מבריק רהיטים305ג,סנו מפעלי ברונוס בעמ,IL,סנו רהיט מרסס,מיליליטרים,305.00,"100 מ""ל",false,0,12.90,4.23,true,1,
7290000287362,false,פוליויקס סנרייז 4 ליטר,סנו,IL,פוליויקס סנרייז,ליטרים,4.00,ליטר,false,0,34.90,8.73,true,1,
7290000287409,false,סנובון תות 55*3 גרם,סנו מפעלי ברונוס בעמ,IL,סנובון לאסלה 3יח,גרמים,165.00,100 גרם,false,0,9.90,6.00,true,1,
7290000287430,false,סנובון לימון לאסלה 3 יח',סנו מפעלי ברונו בעמ,IL,סנובון לאסלה 3יח,גרמים,165.00,100 גרם,false,0,9.90,6.00,true,1,
7290000287485,false,סנובון לובר 55*3 גרם,סנו מפעלי ברונו בעמ,IL,סנובון בריח לובר,גרמים,165.00,100 גרם,false,0,9.90,6.00,true,1,
7290000287492,false,סנובון נוזלי לימון 750מל,"סנו מפעלי ברונוס בע""מ",IL,סנובון נוזלי,מיליליטרים,750.00,"100 מ""ל",false,0,7.90,1.06,true,1,
7290000287621,false,סנו אנטי קאלק לאסלות750מ,סנו מפעלי ברונוס בעמ,IL,סנו מנקה אסלות,מיליליטרים,750.00,"100 מ""ל",false,0,9.90,1.32,true,1,
7290000288024,false,סנו ג'אוול לימון 4 ליטר,"סנו מפעלי ברונוס בע""מ",IL,סנו JAVEL אקונומ,ליטרים,4.00,ליטר,false,0,15.90,3.98,true,1,
7290000288048,false,סנו ג'אוול מרסס לבנדר 1ל,"סנו מפעלי ברונוס בע""מ",IL,סנו ג'אוול לבנדר,ליטרים,1.00,ליטר,false,0,13.90,13.90,true,1,
7290000288086,false,סנו ג'אוול אבק,,IL,סנו ג'אוול אבק,גרמים,600.00,100 גרם,false,0,9.90,1.65,true,1,
7290000288352,false,300-K קוטל חרק/.זוחל630מ,"סנו מפעלי ברונוס בע""מ",IL,300-K קוטל חרק,מיליליטרים,630.00,"100 מ""ל",false,0,17.90,2.84,true,1,
7290000288383,false,500-K תרס.נגד נמלים 400מ,סנו מפעלי ברונוס בעמ,IL,סנו 500-K תרסיס,מיליליטרים,400.00,"100 מ""ל",false,0,18.90,4.73,true,1,
7290000288390,false,600-K יבש קוטל חרקים500מ,"סנו מפעלי ברונוס בע""מ",IL,סנו 600-K תרסיס,מיליליטרים,500.00,"100 מ""ל",false,0,19.90,3.98,true,1,
7290000288413,false,"סנו די כדורי 50 מ""ל",קוסמופארם,IL,סנו די כדורי,מיליליטרים,50.00,"100 מ""ל",false,0,17.90,35.80,true,1,
7290000288420,false,סנו די תרסיס דוחה יתושים,סנו,IL,תרסיס סנו די,מיליליטרים,175.00,"100 מ""ל",false,0,17.90,10.23,true,1,
7290000288642,false,מרכך מקסימה סנסטיב 4 ל',סנו,IL,מרכך כביסה,ליטרים,4.00,ליטר,false,0,19.80,4.95,true,1,
7290000288659,false,סנו די ג'ונגל רול און 50,סנו,IL,סנו די רול און,מיליליטרים,50.00,"100 מ""ל",false,1,17.90,35.80,true,1,
7290000288840,false,סנו מים מזוקקים 2 ליטר,סנו,IL,סנו מים מזוקקים,ליטרים,2.00,ליטר,false,0,11.90,5.95,true,1,
7290000289052,false,פוליויקס סחלבים 4 ליטר,סנו,IL,פוליויקס לריצפה,ליטרים,4.00,ליטר,false,0,34.90,8.73,true,1,
7290000289069,false,סנו ג'אוול מרסס לימון 1ל,"סנו מפעלי ברונוס בע""מ",IL,סנו ג'אוול מרסס,ליטרים,1.00,ליטר,false,0,13.90,13.90,true,1,
7290000289236,false,K3 קוטל נמלים פיתיון,"סנו מפעלי ברונוס בע""\מ",IL,K3 קוטל נמלים,גרמים,12.00,100 גרם,false,1,47.90,399.17,true,1,
7290000289380,false,"ג'ל לאסלה ג'אוול 750 מ""ל",סנו מפעלי ברונוס בעמ,IL,ג'ל לאסלה ג'אוול,מיליליטרים,750.00,"100 מ""ל",false,0,9.90,1.32,true,1,
7290000289496,false,ג'אוול ג'ל קרם לימון750מ,סנו,IL,ג'אוול ג'ל קרם,מיליליטרים,750.00,"100 מ""ל",false,0,9.90,1.32,true,1,
7290000289595,false,אורביטול קיד תות 145 גרם,טרופיקל דגיל תעשיות קוסמ,IL,משחת שיניים,גרמים,145.00,100 גרם,false,0,6.90,4.76,true,1,
7290000289748,false,"סנו פורטה שומנים 750 מ""ל","סנו מפעלי ברונוס בע""\מ",IL,סנו פורטה,מיליליטרים,750.00,"100 מ""ל",false,0,13.90,1.85,true,1,
7290000291932,false,סנובון נוזלי לבנדר 750מל,"סנו מפעלי ברונוס בע""מ",IL,סנובון נוזלי,מיליליטרים,750.00,"100 מ""ל",false,0,7.90,1.06,true,1,
7290000292007,false,K3 ג'ל פיתיון לתיקנים10ג,סנו מפעלי ברונוס בעמ,IL,3K ג'ל פיתיון,גרמים,10.00,100 גרם,false,1,47.90,479.00,true,1,
7290000292137,false,"סנו לניקוי עור 500 מ""ל",סנו מפעלי ברונוס בעמ,IL,סנו לניקוי עור,מיליליטרים,500.00,"100 מ""ל",false,0,28.90,5.78,true,1,
7290000292311,false,פוליויקס סחלבים 2 ליטר,סנו,IL,סנו פוליויקס,ליטרים,2.00,ליטר,false,0,17.90,8.95,true,1,
7290000292502,false,"K800 קוטל נמלים 300 מ""ל","סנו מפעלי ברונוס בע""מ",IL,K800 קוטל נמלים,מיליליטרים,300.00,"100 מ""ל",false,1,15.90,5.30,true,1,
7290000292557,false,סנומט נוזלי45לילות-מילוי,סנו,IT,נוזל מילוי סנו,מיליליטרים,35.00,"100 מ""ל",false,0,14.90,42.57,true,1,
7290000292564,false,"2000-K אינסקטל 750 מ""ל",סנו מפעלי ברונוס בעמ,IL,סנו 2000-K תרסיס,מיליליטרים,750.00,"100 מ""ל",false,0,28.90,3.85,true,1,
7290000292595,false,סנו סופר פוליש 2 ליטר,סנו,IL,סנו סופר פוליש,ליטרים,2.00,ליטר,false,0,39.90,19.95,true,1,
7290000292687,false,סנובון כחול שלישיה55*3גר,סנו מפעלי ברונו בעמ,IL,סנובון כחול 3 יח,גרמים,165.00,100 גרם,false,0,14.90,9.03,true,1,
7290000292915,false,"סנו רסס ונגב מרסס 750מ""ל","סנו מפעלי ברונוס בע""\מ",IL,סנו רסס נגב מרסס,מיליליטרים,750.00,"100 מ""ל",false,0,12.90,1.72,true,1,
7290000293073,false,מרכך כביסה מקסימה ביו4ל',סנו,IL,מרכך כביסה,ליטרים,4.00,ליטר,false,0,19.80,4.95,true,1,
7290000293561,false,"סנו מסיר עובש 750 מ""ל","סנו מפעלי ברונוס בע""\מ",IL,סנו מסיר עובש,מיליליטרים,750.00,"100 מ""ל",false,0,15.90,2.12,true,1,
7290000293820,false,שמפו וג'ל רחצה קרמה 700,קוסמופארם,IL,שמפו וג'ל רחצה,מיליליטרים,700.00,"100 מ""ל",false,1,14.90,2.13,true,1,
7290000293837,false,דאו. ג'ל קרבון פאוור 70,קוסמופארם,IL,דאו.ג'ל קרבון,מיליליטרים,70.00,"100 מ""ל",false,1,12.90,18.43,true,1,
7290000293943,false,סנו אנטי קאלק מרסס 1 ל',סנו מפעלי ברונוס בעמ,IL,סנו אנטי קאלק,ליטרים,1.00,ליטר,false,0,14.90,14.90,true,1,
7290000294391,false,סנו ג'ט לניקוי כללי 4ל,סנו מפעלי ברונוס בעמ,IL,סנו ג'ט,ליטרים,4.00,ליטר,false,0,14.90,3.73,true,1,
7290000294773,false,סנו ג'אוול לבנדר 4 ליטר,"סנו מפעלי ברונוס בע""\מ",IL,סנו ג'אוול 4 ליט,ליטרים,4.00,ליטר,false,0,15.90,3.98,true,1,
7290000294780,false,סנו ג'אול אקונומ.סמיכה4ל,"סנו מפעלי ברונוס בע""מ",IL,סנו ג'אוול 4 ל,ליטרים,4.00,ליטר,false,0,15.90,3.98,true,1,
7290000295299,false,סנו סושי כרית יפנית 4 יח,סנו מפעלי ברונו בעמ,IL,כרית יפנית,יחידה,1.00,יחידה,false,0,8.90,8.90,true,1,
7290000295336,false,אבקת מקסימה סנסטיב 1.25ק,סנו,IL,אבקת כביסה,קילוגרמים,1.25,"ק""ג",false,0,12.90,10.32,true,1,
7290000295589,false,בייבי כיף טלק 200 גרם,קוסמופארם,IL,טלק בייבי כיף,גרמים,200.00,100 גרם,false,0,13.90,6.95,true,1,
7290000295749,false,ספוג כיף סאקי מסאז' 1 יח,קוסמופארם,IL,ספוג סאקי מסג',יחידה,1.00,יחידה,false,0,8.90,8.90,true,1,
7290000295824,false,סושי אלומ.חסכונ0.3 100*מ,סנו,TR,רדיד אלומיניום,מטרים,100.00,מטר,false,0,47.90,0.48,true,1,
7290000309101,false,מטאטא עץ בוק משובח + מקל,רוחמה,IL,מטאטא עץ בוק משו,יחידה,1.00,יחידה,false,1,24.90,24.90,true,1,
7290000309248,false,מגב דיסקברי+מקל,אליבו,IL,מגב דיסקברי+מקל,יחידה,1.00,יחידה,false,1,29.90,29.90,true,1,
7290000309422,false,מטאטא ניל + מקל,רוחמה,IL,מטאטא ניל + מקל,יחידה,1.00,יחידה,false,1,19.90,19.90,true,1,
7290000309682,false,מטאטא שיער מעורב + מקל,אליבו,CN,מטאטא שיער מעורב,יחידה,1.00,יחידה,false,1,22.90,22.90,true,1,
7290000309699,false,מטאטא זנב סוס עם מקל,המברשת רוחמה,IL,מטאטא עם מקל,יחידה,1.00,יחידה,false,0,36.90,36.90,true,1,
7290000311067,false,מיני ופלים משובחים 200 ג,רוקחמן,IL,מיני ופלים,גרמים,200.00,100 גרם,false,0,5.90,2.95,true,1,
7290000311128,false,עוגיות חמאה מן 300 גרם,רוקחמן,IL,עוגיות חמאה מן,גרמים,300.00,100 גרם,false,0,5.70,1.90,true,1,
7290000311135,false,עוג. גרנולה שוקולד 250 ג,רוקחמן,IL,עוג. גרנולה בטעם,גרמים,250.00,100 גרם,false,0,5.70,2.28,true,1,
7290000311180,false,מארז ופלית בטעם שוקולד,רוקחמן,IL,מארז ופלית,גרמים,250.00,100 גרם,false,0,5.90,2.36,true,1,
7290000311203,false,ופלים מן בטעם שוקולד200ג,רוקחמן,IL,ופלים טעם שוקולד,גרמים,200.00,100 גרם,false,0,3.90,1.95,true,1,
7290000311210,false,ופלים מן בטעם לימון 200ג,רוקחמן,IL,וופלים לימון,גרמים,200.00,100 גרם,false,0,3.90,1.95,true,1,
7290000311227,false,ופל מן בטעם קפה 200 גרם,רוקחמן,IL,ופל מן בטעם קפה,גרמים,200.00,100 גרם,false,0,3.90,1.95,true,1,
7290000311234,false,ופל מן וניל,,IL,ופל מן וניל,גרמים,200.00,100 גרם,false,0,3.90,1.95,true,1,
7290000311258,false,וופלים מצופים טעם שוקולד,,IL,וופלים מצופים,גרמים,250.00,100 גרם,false,1,5.90,2.36,true,1,
7290000311272,false,ופל מן במילוי חלבה 180 ג,רוקחמן,IL,ופל חלבה,גרמים,180.00,100 גרם,false,0,3.90,2.17,true,1,
7290000311357,false,מארז וופל אגוזית 10 יחיד,רוקחמן,IL,מארז וופל אגוזית,גרמים,280.00,100 גרם,false,0,8.90,3.18,true,1,
7290000311425,false,ופלים מצופים כחול 22*10ג,רוקחמן,IL,ופלים מצופים,גרמים,220.00,100 גרם,false,0,5.90,2.68,true,1,
7290000311500,false,וופלים בטעם שוקולד 500גר,רוקחמן,IL,וופלים בטעם שוקו,גרמים,500.00,100 גרם,false,0,7.90,1.58,true,1,
7290000311708,false,עוגיות מחיטה מלאה מן300ג,רוקחמן,IL,עוגיות חיטה מלאה,גרמים,300.00,100 גרם,false,0,5.70,1.90,true,1,
7290000311715,false,עוג. כוכבים שוקולד 300 ג,רוקחמן,IL,עוגיות שוקולד,גרמים,300.00,100 גרם,false,0,5.70,1.90,true,1,
7290000311722,false,עוגיות כוכבים וניל 300 ג,רוקחמן,IL,עוגיות כוכבים,גרמים,300.00,100 גרם,false,0,5.70,1.90,true,1,
7290000311746,false,עוגיות בטעם קרמל 300 גרם,,IL,עוגיות בטעם קרמל,גרמים,300.00,100 גרם,false,1,5.70,1.90,true,1,
7290000311753,false,עו. חיטה מלאה חלווה 250ג,רוקחמן,IL,עוגיות חלוה,גרמים,250.00,100 גרם,false,1,5.70,2.28,true,1,
7290000311845,false,"עוגיות קמח מלא ללת""ס",רוקחמן,IL,עוגיות קמח מלא,גרמים,200.00,100 גרם,false,1,7.90,3.95,true,1,
7290000311869,false,"וופל מן שוקולד ללת""ס180ג",רוקחמן,IL,וופל שוקולד,גרמים,180.00,100 גרם,false,1,6.90,3.83,true,1,
7290000311876,false,"וופל מן וניל ללת""ס 180 ג",רוקחמן,IL,וופל מן וניל,גרמים,180.00,100 גרם,false,1,6.90,3.83,true,1,
7290000311883,false,"עוגיות גרנולה ללת""ס200ג",רוקחמן,IL,עוגיות גרנולה,גרמים,200.00,100 גרם,false,0,7.90,3.95,true,1,
7290000311890,false,"וופלים טעם לימון לל""ס",רוקחמן,IL,וופלים טעם לימון,גרמים,180.00,100 גרם,false,1,6.90,3.83,true,1,
7290000311920,false,וופלים בטעם שוקולד 200X7,רוקחמן,IL,וופלים שוקולד,קילוגרמים,1.40,"ק""ג",false,1,24.90,17.79,true,1,
7290000313160,false,עוגיות שוקולד זהבה 250גר,"הגביע מוצרי וופלים בע""\מ",IL,עוגיות זהבה,גרמים,250.00,100 גרם,false,0,6.90,2.76,true,1,
7290000313184,false,עוג.גן חיות וניל 250 גרם,"הגביע מוצרי וופלים בע""\מ",IL,עוגיות גן חיות,גרמים,250.00,100 גרם,false,0,6.90,2.76,true,1,
7290000313283,false,נודלס אטריות ביצים 300גר,פסטה זארה,IT,אטריות נודלס,גרמים,300.00,100 גרם,false,0,8.90,2.97,true,1,
7290000327372,false,ג'אמפ אשכוליות דיאט1.5ל',טמפו,IL,ג'אמפ דיאט,ליטרים,1.50,ליטר,false,0,5.30,3.53,true,1,
7290000327440,false,ג'אמפ מנגו פסיפלורה 1.5ל,טמפו משקאות בעמ,IL,ג'אמפ מנגו,ליטרים,1.50,ליטר,false,0,5.30,3.53,true,1,
7290000327532,false,פפסי קולה 1.5*6 ליטר,"טמפו משקאות בע""\מ",IL,פפסי קולה 6 יח,ליטרים,9.00,ליטר,false,0,24.90,2.77,true,1,
7290000339566,false,מרכך כביסה בדין ורוד 4 ל,יוניליור ישראל טיפוח איש,IL,מרכך כביסה בדין,ליטרים,4.00,ליטר,false,0,19.90,4.98,true,1,
7290000341071,false,מרכך כביסה בדין בייבי 2ל,יוניליור ישראל טיפוח איש,IL,מרכך כביסה בייבי,ליטרים,2.00,ליטר,false,0,14.90,7.45,true,1,
7290000342856,false,מרכך כביסה בדין כחול 4 ל,יוניליור ישראל טיפוח איש,IL,מרכך כביסה בדין,ליטרים,4.00,ליטר,false,0,19.90,4.98,true,1,
7290000345277,false,תה ויסוצקי 50שק1.5* גרם,תה ויסוצקי,IL,תה ויסוצקי 50 שק,גרמים,75.00,100 גרם,false,0,9.90,13.20,true,1,
7290000345307,false,תה ארל גריי 50 שק1.5*גרם,תה ויסוצקי,IL,תה ארל גריי 50שק,גרמים,75.00,100 גרם,false,0,24.90,33.20,true,1,
7290000346120,false,חליטת קסם הקינמון25ש2.5*,ויסוצקי,IL,חליטת קינמון,גרמים,62.00,100 גרם,false,0,15.90,25.65,true,1,
7290000346137,false,הילולי פירות הגן25שק2.5*,ויסוצקי,IL,חליטת פירות,גרמים,62.00,100 גרם,false,0,15.90,25.65,true,1,
7290000346199,false,תה פירות יער 25שק2.7*גר,ויסוצקי,IL,חליטת פירות היער,גרמים,67.00,100 גרם,false,0,15.90,23.73,true,1,
7290000346205,false,חל.קמומיל-גן קסום25ש1.5*,ויסוצקי,IL,חליטת קמומיל,גרמים,37.00,100 גרם,false,0,15.90,42.97,true,1,
7290000346212,false,חליטת מנטה גן קסום25ש2*ג,ויסוצקי,IL,חליטת מנטה,גרמים,50.00,100 גרם,false,0,15.90,31.80,true,1,
7290000346960,false,תה נענע 50 שקיק1.5* גרם,בית ויסוצקי,IL,תה נענע 50 שקיק.,גרמים,75.00,100 גרם,false,0,26.80,35.73,true,1,
7290000347738,false,תה ירוק עם נענע 1.5*25גר,ויסוצקי,IL,תה ירוק נענע,גרמים,37.00,100 גרם,false,0,21.90,59.19,true,1,
7290000355405,false,עגבניות מרוסקות+בצל800ג,מילוז,IL,עגבנית מרוסקות,גרמים,800.00,100 גרם,false,1,5.90,0.74,true,1,
7290000355412,false,עגבנ.מרוסקות עם שום 800ג,מילוז,IL,רסק עגבניות+שום,גרמים,800.00,100 גרם,false,0,5.90,0.74,true,1,
7290000355757,false,עגבנ.מרוסקות טל וטרי800ג,מילוז,IL,עגבניות מרוסקות,גרמים,800.00,100 גרם,false,0,5.90,0.74,true,1,
7290000379104,false,לחם פרוס אחיד 750גר 207,מאפיית אנג'\ל אורנים מאפ,IL,לחם אחיד פרוס,גרמים,750.00,100 גרם,false,0,6.50,0.87,true,1,
7290000379203,false,לחם עינן קל 500 גרם,מאפיית שלמה א. אנג'\ל בע,IL,לחם עינן קל,גרמים,500.00,100 גרם,false,0,12.90,2.58,true,1,
7290000408316,false,יוגורט ביו 3% דנונה 200ג,"שטראוס בריאות בע""\מ",IL,יוגורט ביו 3%,גרמים,200.00,100 גרם,false,0,3.30,1.65,true,1,
7290000408354,false,דנונה בר פצפוצים 173 גרם,"שטראוס בריאות בע""\מ",IL,דנונה בר פצפוצים,גרמים,173.00,100 גרם,false,0,4.30,2.49,true,1,
7290000412481,false,"מנקה אסלות ""00"" 1 ליטר",סנו מפעלי ברונוס בעמ,IL,"מנקה אסלות 00""",ליטרים,1.00,ליטר,false,0,6.90,6.90,true,1,
7290000416021,false,ממרח בטעם שוקולד 500גר,השחר העולה,IL,ממרח השחר,גרמים,500.00,100 גרם,false,0,11.90,2.38,true,1,
7290000416076,false,צימקאו שוקולד לבישול400ג,השחר העולה,IL,צימקאו לאפיה,גרמים,400.00,100 גרם,false,0,9.90,2.48,true,1,
7290000416618,false,"ממרח טעם שוקולד בד""ץ400ג",השחר,IL,ממרח בטעם שוקולד,גרמים,400.00,100 גרם,false,0,9.90,2.48,true,1,
7290000416632,false,ממרח טעם שוקולד פרווה1קג,השחר העולה,IL,ממרח שוקולד השחר,קילוגרמים,1.00,"ק""ג",false,0,19.90,19.90,true,1,
7290000416861,false,ממרח השחר קלאסי 750 גרם,השחר העולה,IL,ממרח השחר קלאסי,גרמים,750.00,100 גרם,false,1,18.90,2.52,true,1,
7290000426143,false,"ברוקולי פרחים בד""ץ 600 ג","מטר ארצכם בע""מ",IL,ברוקולי פרחים,גרמים,600.00,100 גרם,false,1,27.90,4.65,true,1,
7290000426150,false,"כרובית פרחים בד""ץ 600 גר","מטר ארצכם בע""מ",IL,כרובית פרחים,גרמים,600.00,100 גרם,false,1,24.90,4.15,true,1,
7290000426198,false,תרד בודק 680 גרם,,IL,תרד 680 גרם בודק,גרמים,680.00,100 גרם,false,1,19.90,2.93,true,1,
7290000432588,false,נר הבדלה קצר דונ,,IL,נר הבדלה קצר דונ,יחידה,1.00,יחידה,false,0,5.90,5.90,true,1,
7290000435251,false,עדשים 500 גרם,הנמל,IL,מיני משמחים,גרמים,500.00,100 גרם,false,0,14.90,2.98,true,1,
7290000436203,false,עוגיות שוקוצ'יפס 200 גרם,ברמן שוקולד ועוגיות,IL,עוגיות שוקוצ'יפס,גרמים,200.00,100 גרם,false,0,3.90,1.95,true,1,
7290000446127,false,פריכיות אורז,,IL,פריכיות אורז,גרמים,100.00,100 גרם,false,0,3.90,3.90,true,1,
7290000446394,false,דייסת שיבולת,,IL,דייסת שיבולת,גרמים,200.00,100 גרם,false,0,8.50,4.25,true,1,
7290000446547,false,חמאת בוטנים,,IL,חמאת בוטנים,גרמים,350.00,100 גרם,false,0,11.90,3.40,true,1,
7290000446714,false,שמן שומשום,,IL,שמן שומשום,מיליליטרים,500.00,"100 מ""ל",false,0,34.90,6.98,true,1,
7290000446745,false,חמאת שקדים 350 גרם,בטר אנד דיפרנט,IL,חמאת שקדים,גרמים,350.00,100 גרם,false,0,39.90,11.40,true,1,
7290000446752,false,ממרח שומשום מלא,,IL,ממרח שומשום מלא,גרמים,350.00,100 גרם,false,0,11.90,3.40,true,1,
7290000446790,false,גרנולה + צימוק,,IL,גרנולה + צימוק,גרמים,400.00,100 גרם,false,0,11.90,2.98,true,1,
7290000446806,false,דייסת דגנים מעורבים 200ג,השדה מוצרים אורגניים,IL,דייסת דגנים,גרמים,200.00,100 גרם,false,0,8.50,4.25,true,1,
7290000446851,false,ממרח חלבה עם דבש,,IL,ממרח חלבה עם דבש,גרמים,350.00,100 גרם,false,0,8.90,2.54,true,1,
7290000446936,false,ציפוי עדיף דק,,IL,ציפוי עדיף דק,גרמים,300.00,100 גרם,false,0,7.90,2.63,true,1,
7290000446943,false,פריכיות כוסמת,,IL,פריכיות כוסמת,גרמים,100.00,100 גרם,false,0,3.90,3.90,true,1,
7290000449128,false,פנטסטיק רגיל 4 ליטר,יוניליוור ישראל טיפוח אי,IL,פנטסטיק לניקוי,ליטרים,4.00,ליטר,false,0,18.90,4.73,true,1,
7290000453019,false,שמרית-שמרים לחים 50 גרם,"פאקא תעשיות בע""\מ",IL,שמרית-שמרים טרי,גרמים,50.00,100 גרם,false,0,3.90,7.80,true,1,
7290000453125,false,שמרית+משפר אפיה ביתית100,"פאקא תעשיות בע""\מ",IL,שמרית+ משפר אפיה,גרמים,100.00,100 גרם,false,0,6.90,6.90,true,1,
7290000453385,false,שמרים יבשים פאקא,,GB,שמרים יבשים פאקא,גרמים,500.00,100 גרם,false,0,11.90,2.38,true,1,
7290000453408,false,בצק פיצה דק מצונן 415 גר,,FR,בצק פיצה מצונן,גרמים,415.00,100 גרם,false,1,13.90,3.35,true,1,
7290000453422,false,בצק פילו לאפייה מצונן300,,GR,בצק פילו מצונן,גרמים,300.00,100 גרם,false,1,13.90,4.63,true,1,
7290000453439,false,בצק פריך לאפייה מצונן280,,FR,בצק פריך מצונן,גרמים,280.00,100 גרם,false,1,13.90,4.96,true,1,
7290000453866,false,נטורינה קוקוס 200 גרם,פאקא,DK,נטורינה קוקוס,גרמים,200.00,100 גרם,false,1,6.90,3.45,true,1,
7290000453880,false,מרגרינה ללא מלח 200 גרם,שמרית,DK,מרגרינה,גרמים,200.00,100 גרם,false,1,3.90,1.95,true,1,
7290000453897,false,מרגרינה בטעם חמאה 200 גר,שמרית,DK,מרגרינה,גרמים,200.00,100 גרם,false,1,3.90,1.95,true,1,
7290000461625,false,בייגלה שמיניות עם מלח400,בייגל את בייגל מזון 198),IL,בייגלה שמיניות,גרמים,400.00,100 גרם,false,0,6.90,1.73,true,1,
7290000462103,false,סחוג זהבי אדום 150 גרם,זהבי הכרם,IL,סחוג זהבי אדום,גרמים,150.00,100 גרם,false,0,6.90,4.60,true,1,
7290000462141,false,זחוק אדום חריף מאוד 150ג,זהבי הכרם,IL,זחוק אדום חריף,גרמים,150.00,100 גרם,false,0,6.90,4.60,true,1,
7290000462172,false,סחוג זהבי ירוק 150 גרם,זהבי הכרם,IL,סחוג זהבי ירוק,גרמים,150.00,100 גרם,false,0,6.90,4.60,true,1,
7290000467153,false,מלך החומוס סמיר הגדול400,סלטי צבר,IL,חומוס סמיר הגדול,גרמים,400.00,100 גרם,false,0,11.90,2.98,true,1,
7290000467191,false,מלפ.בחומץ18-25 560 גרם,בית-השיטה עסיס תעשיות מז,IL,מלפפונים בחומץ,גרמים,560.00,100 גרם,false,0,9.90,1.77,true,1,
7290000469638,false,"מריטו ענק 500 מ""ל",בולטון,IT,מריטו לגיהוץ קל,מיליליטרים,500.00,"100 מ""ל",false,0,16.90,3.38,true,1,
7290000474021,false,חלב 3% מפוסטר שקית 1 ל',טרה,IL,חלב 3% בשקית 1 ל,ליטרים,1.00,ליטר,false,0,4.50,4.50,true,1,
7290000474076,false,חלב הומוגני בקרטון3% 1ל,טרה,IL,חלב טרי טרה 3%,ליטרים,1.00,ליטר,false,0,4.90,4.90,true,1,
7290000474090,false,חלב הומוגני 1% קרטון 1 ל,מילקו תעשיות בעמ,IL,חלב טרי טרה 1%,ליטרים,1.00,ליטר,false,0,5.00,5.00,true,1,
7290000474250,false,"לבן עוז 3% 125 מ""ל",טרה,IL,לבן עוז טרה,מיליליטרים,125.00,"100 מ""ל",false,0,0.80,0.64,true,1,
7290000474373,false,"שמנת חמוצה15% 200 מ""ל",טרה,IL,שמנת חמוצה15%,מיליליטרים,200.00,"100 מ""ל",false,0,2.20,1.10,true,1,
7290000474502,false,גבינה לבנה 5% טרה 250 גר,טרה,IL,גבינה לבנה 5%,גרמים,250.00,100 גרם,false,0,4.50,1.80,true,1,
7290000474540,false,גבי. טוב טעם 3% 250גרם,טרה,IL,גבינת טוב טעם3%,גרמים,250.00,100 גרם,false,0,9.80,3.92,true,1,
7290000474830,false,גבינה צהובה מגורדת 500גר,מילקו תעשיות בעמ,IL,צהובה מגורדת,גרמים,500.00,100 גרם,false,0,29.90,5.98,true,1,
7290000480442,false,קוואקר באריזת אלומינ500ג,עלית,IL,קוואקר,גרמים,500.00,100 גרם,false,0,11.50,2.30,true,1,
7290000481043,false,פיתות כוסמין 10 * 70 גרם,דגנית עין בר תעשיות מזון,IL,פיתות כוסמין10יח,גרמים,700.00,100 גרם,false,1,12.90,1.84,true,1,
7290000481531,false,לחמניות חיטה מלאה75*10גר,דגנית עין בר תעשיות מזון,IL,10לחמניות ח.מלאה,גרמים,750.00,100 גרם,false,0,9.90,1.32,true,1,
7290000481883,false,לחמניות אצבע 75*10 גרם,דגנית עין בר תעשיות מזון,IL,לחמניות אצבע10יח,גרמים,750.00,100 גרם,false,0,9.90,1.32,true,1,
7290000481944,false,לחם דגנים קל 500 גרם,מאפ. דגנית עין-בר,IL,לחם דגנים קל,גרמים,500.00,100 גרם,false,0,11.90,2.38,true,1,
7290000484747,false,"עלית הארק 700 מ""ל",יקב הגליל יוסף גולד ובני,IL,עלית הארק,מיליליטרים,700.00,"100 מ""ל",false,1,54.90,7.84,true,1,
7290000490601,false,גלידל וניל 8 יחידות,פלקו בעמ,IL,גלידל וניל 8יח,גרמים,400.00,100 גרם,false,0,29.90,7.48,true,1,
7290000490625,false,מאגדת בטעם שוקו 8יח',פלקו בעמ,IL,מאגדת בטעם שוקו,יחידה,1.00,יחידה,false,1,19.90,19.90,true,1,
7290000490717,false,מאגדות גלית,פלקו בעמ,IL,מאגדות גלית 8י,גרמים,560.00,100 גרם,false,0,23.90,4.27,true,1,
7290000490762,false,גלידל שוקו 8 יחי,פלקו בעמ,IL,גלידל שוקו 8יח,גרמים,400.00,100 גרם,false,0,29.90,7.48,true,1,
7290000493176,false,רוטב צלי לבשר בשקית22ג,"אסם השקעות בע""\מ",IL,רוטב צלי לבשר,גרמים,22.00,100 גרם,false,0,3.90,17.73,true,1,
7290000493183,false,רוטב פטריות לבשר-אבקה30ג,"אסם השקעות בע""\מ",IL,רוטב פטריות,גרמים,30.00,100 גרם,false,0,3.70,12.33,true,1,
7290000494531,false,קפה כתר 150 גרם,רוני רג'ואן ושות,IL,קפה כתר 150 גרם,גרמים,150.00,100 גרם,false,1,6.90,4.60,true,1,
7290000504025,false,סוכרזית 300 טבליות פטריה,"ביסקול בע""מ",IL,סוכרזית פטריה,גרמים,24.00,100 גרם,false,0,7.90,32.92,true,1,
7290000504049,false,סוכרזית 1200 טבליות,"ביסקול בע""מ",IL,סוכרזית טבליות,גרמים,98.00,100 גרם,false,0,17.90,18.27,true,1,
7290000504209,false,"נוזל של סוכרזית 220 מ""ל","ביסקול בע""מ",IL,נוזל של סוכרזית,מיליליטרים,220.00,"100 מ""ל",false,0,14.90,6.77,true,1,
7290000504278,false,סוכרזית פטנט 700 טבליות,"ביסקול בע""מ",IL,סוכרזית טבליות,גרמים,57.00,100 גרם,false,0,13.90,24.39,true,1,
7290000521008,false,יין אדום יבש של סגל750מל,"כרמי צבי - אחים סגל בע""\",IL,יין סגל אדום,מיליליטרים,750.00,"100 מ""ל",false,0,16.90,2.25,true,1,
7290000521015,false,"יין לבן יבש של סגל750מ""ל",יינות סגל,IL,יין לבן של סגל,מיליליטרים,750.00,"100 מ""ל",false,0,16.90,2.25,true,1,
7290000521022,false,יין סגל לבן רג.ח.יבש750מ,יינות סגל,IL,יין לבן חצי יבש,מיליליטרים,750.00,"100 מ""ל",false,0,16.90,2.25,true,1,
7290000523125,false,מלח ים יבש 250 גרם,"חברת מלח הארץ אילת בע""\מ",IL,מלח ים יבש,גרמים,250.00,100 גרם,false,0,3.90,1.56,true,1,
7290000523224,false,מלח ים דק 500 גרם,"חברת מלח הארץ אילת בע""\מ",IL,מלח ים דק,גרמים,500.00,100 גרם,false,0,6.90,1.38,true,1,
7290000523514,false,מלח יבש דל נתרן 250 גרם,תעשיות מלח לישראל,IL,מלח דל נתרן,גרמים,250.00,100 גרם,false,0,7.90,3.16,true,1,
7290000523804,false,"מלח הארץ עדין צנצנת 1ק""ג","חברת מלח הארץ אילת בע""\מ",IL,מלח הארץ עדין,קילוגרמים,1.00,"ק""ג",false,0,5.90,5.90,true,1,
7290000523811,false,"מלח הארץ גס צנצנת 1 ק""ג","חברת מלח הארץ אילת בע""\מ",IL,מלח הארץ גס,קילוגרמים,1.00,"ק""ג",false,0,5.90,5.90,true,1,
7290000525969,false,מיץ תפוזים סחוט 1 ליטר,גניר,IL,מיץ תפוזים סחוט,ליטרים,1.00,ליטר,false,0,13.80,13.80,true,1,
7290000530024,false,נקניק תה מעושן רחב במשקל,זוגלובק,IL,נקניק תה מעושן,קילוגרמים,0.00,"ק""ג",true,0,48.00,48.00,true,1,
7290000530048,false,סלמי פפרוני במשקל,זוגלובק,IL,סלמי פפרוני,גרמים,0.00,"ק""ג",true,0,54.00,54.00,true,1,
7290000530260,false,נקניק מרטדלה רחב במשקל,זוגלובק,IL,נקניק מרטדלה,קילוגרמים,0.00,"ק""ג",true,0,32.00,32.00,true,1,
7290000531977,false,בורקס גבינה 800 גרם,זוגלובק,IL,בורקס גבינה,גרמים,800.00,100 גרם,false,0,13.90,1.74,true,1,
7290000533353,false,"בצק עלים 1 ק""ג",זוגלובק,IL,בצק עלים,גרמים,1000.00,100 גרם,false,0,13.90,1.39,true,1,
7290000533377,false,פסטרמה חזה עוף בגריל,זוגלובק,IL,פסטרמה חזה עוף ב,קילוגרמים,0.00,"ק""ג",true,0,79.00,79.00,true,1,
7290000534718,false,חזה הודו תבור דל שומן מש,זוגלובק,IL,חזה הודו תבור,קילוגרמים,0.00,"ק""ג",true,0,79.00,79.00,true,1,
7290000536316,false,שניצל מן הצומח 1 קג,זוגלובק,IL,שניצל מן הצומח,גרמים,1000.00,100 גרם,false,0,27.90,2.79,true,1,
7290000536743,false,קריספי סטיקס תירס 500גרם,זוגלובק,IL,קריספי סטיקסתירס,גרמים,500.00,100 גרם,false,0,14.90,2.98,true,1,
7290000536774,false,"נקניקיה מןהצומח בד""צ 1 ק",זוגלובק,IL,נקניקיה מן הצומח,גרמים,1000.00,100 גרם,false,0,29.90,2.99,true,1,
7290000536781,false,"קבב מן הצומח בד""צ 1 קג",זוגלובק,IL,קבב מן הצומח,גרמים,1000.00,100 גרם,false,0,29.90,2.99,true,1,
7290000540009,false,מדליק פחמים 108 גרם,",S.M.P.L שיבקי",IN,מדליק פחמים,גרמים,108.00,100 גרם,false,1,4.90,4.54,true,1,
7290000540139,false,דובשניות מיני 300 גרם,האחים,IL,דובשניות מיני,גרמים,300.00,100 גרם,false,0,7.90,2.63,true,1,
7290000553634,false,סטייק עין עם עצם קהילות,טיבון ויל,IL,סטייק עין,קילוגרמים,0.00,"ק""ג",true,1,109.00,109.00,true,1,
7290000554402,false,מלבי 160 גרם,"מיוצר ע""\י קוד יצרן EDNK",IL,מלבי,גרמים,160.00,100 גרם,false,0,4.90,3.06,true,1,
7290000554471,false,גבינת מוצרלה 22% 180 גרם,"מחלבות גד בע""\מ",IL,גבינת מוצרלה 22%,גרמים,180.00,100 גרם,false,0,14.90,8.28,true,1,
7290000554600,false,גבי.מוצרלה מגורדת22% 300,מחלבות גד,IL,מוצרלה מגורדת,גרמים,300.00,100 גרם,false,0,19.90,6.64,true,1,
7290000554624,false,ירח מתוק מעד.חלב+אורז150,"מיוצר ע""\י קוד יצרן EDNK",IL,מעדן חלב ואורז,גרמים,150.00,100 גרם,false,0,4.90,3.27,true,1,
7290000554822,false,ריקוטה גד 5% שומן 250 גר,מחלבות גד,IL,גבינת ריקוטה 5%,גרמים,250.00,100 גרם,false,0,11.90,4.76,true,1,
7290000554839,false,גבינה מסקרפונה 40% 250 ג,מחלבות גד,IL,גבינה מסקרפונה,גרמים,250.00,100 גרם,false,0,15.90,6.36,true,1,
7290000554891,false,גב.בולגרית %16 במשקל,מחלבות גד,IL,גבינה בולגרית,קילוגרמים,0.00,"ק""ג",true,0,59.00,59.00,true,1,
7290000554969,false,גב.שמנת 30%שומן במשקל,מחלבות גד,IL,גבינת שמנת 30%,קילוגרמים,0.00,"ק""ג",true,0,39.00,39.00,true,1,
7290000554990,false,כדורי מוצרלה 19%במשקל,מחלבות גד,IL,כדורי מוצרלה 19%,קילוגרמים,0.00,"ק""ג",true,0,69.00,69.00,true,1,
7290000571119,false,גבינה גאודה 30% משקל,תנובה,IL,גבינת גאודה,קילוגרמים,0.00,"ק""ג",true,0,75.00,75.00,true,1,
7290000571126,false,גאודה כמון,,IL,גאודה כמון,קילוגרמים,0.00,"ק""ג",true,0,75.00,75.00,true,1,
7290000571188,false,גב.גאודה תום עיזים משקל,תנובה,IL,גבינת עיזים,קילוגרמים,0.00,"ק""ג",true,0,110.00,110.00,true,1,
7290000571232,false,גבינת גאודה פרוסה 200 גר,גבינות משק אחים מאיר בית,IL,גבינה גאודה,גרמים,200.00,100 גרם,false,0,17.90,8.95,true,1,
7290000571294,false,גאודה מעושנת,,IL,גאודה מעושנת,קילוגרמים,0.00,"ק""ג",true,0,75.00,75.00,true,1,
7290000571386,false,יוגורמה מחלב כבשים5% 850,גבינות משק אחים מאיר בית,IL,יוגורמה 5%,גרמים,850.00,100 גרם,false,0,19.90,2.34,true,1,
7290000571393,false,יוגורמה,,IL,יוגורמה,גרמים,140.00,100 גרם,false,0,6.50,4.64,true,1,
7290000571935,false,יוגורמה כבשים גרנולה142ג,גבינות משק אחים מאיר בית,IL,יוגורמה כבשים,גרמים,142.00,100 גרם,false,1,5.90,4.15,true,1,
7290000574059,false,לחמניות חיטה מלאה 8 יח,דגנית עין בר תעשיות מזון,IL,מארז לחמניות 8יח,יחידה,1.00,יחידה,false,1,9.90,9.90,true,1,
7290000574066,false,לחם מלא פלוס שיפון 750 ג,דגנית עין בר תעשיות מזון,IL,לחם מלא,גרמים,750.00,100 גרם,false,0,10.90,1.45,true,1,
7290000574141,false,לחם חיטה מלא 750 גרם,דגנית עין בר תעשיות מזון,IL,לחם חיטה מלא,גרמים,750.00,100 גרם,false,0,9.90,1.32,true,1,
7290000574172,false,לחם קל מחיטה מלאה 750גרם,דגנית עין בר תעשיות מזון,IL,לחם קל חיטה מלאה,גרמים,750.00,100 גרם,false,0,9.90,1.32,true,1,
7290000574257,false,לחם שחור קל פרוס 750 גרם,מאפ. דגנית עין-בר,IL,לחם שחור קל פר,גרמים,750.00,100 גרם,false,0,10.90,1.45,true,1,
7290000574370,false,לחם שיפון קל 750 גרם,דגנית עין בר תעשיות מזון,IL,לחם שיפון קל,גרמים,750.00,100 גרם,false,0,10.90,1.45,true,1,
7290000574455,false,לחם חיטה מלא +כוסמין750ג,,IL,לחם חיטה מלא,גרמים,750.00,100 גרם,false,1,10.90,1.45,true,1,
7290000598017,false,קמח מצה שמורה לעוגות500ג,מצות יהודה,IL,קמח מצה לעוגה,גרמים,500.00,100 גרם,false,0,19.90,3.98,true,1,
7290000598116,false,מצות קרטון(חמץ,,IL,מצות קרטון(חמץ,קילוגרמים,1.50,"ק""ג",false,0,22.90,15.27,true,1,
7290000598130,false,מצות (חמץ) 400,,IL,מצות (חמץ) 400,גרמים,400.00,100 גרם,false,0,13.90,3.48,true,1,
7290000598147,false,קמח מצה חמץ,,IL,קמח מצה חמץ,גרמים,500.00,100 גרם,false,0,4.90,0.98,true,1,
7290000598680,false,פתיבר,,IL,פתיבר,קילוגרמים,1.80,"ק""ג",false,0,19.90,11.06,true,1,
7290000598741,false,מצה עשירה 300 גר לפסח,מצות יהודה,IL,מצה עשירה 300 גר,גרמים,300.00,100 גרם,false,0,16.90,5.63,true,1,
7290000598895,false,עוגיות שוקוצ'י,,IL,עוגיות שוקוצ'י,גרמים,600.00,100 גרם,false,0,9.90,1.65,true,1,
7290000598918,false,עוגיות,,IL,עוגיות,קילוגרמים,1.50,"ק""ג",false,0,21.90,14.60,true,1,
7290000598949,false,מצות מקמח מלא,,,מצות מקמח מלא,גרמים,300.00,100 גרם,false,0,13.90,4.63,true,1,
7290000606873,false,"תמרים לחים בד""ץ 500גרם",הדיקלאים,IL,תמרים לחים500ג,גרמים,500.00,100 גרם,false,0,11.90,2.38,true,1,
7290000630076,false,עוף קפוא מס' 2 עטרה מחיר,עטרה,IL,עוף קפוא מס' 2,קילוגרמים,0.00,"ק""ג",true,0,21.90,21.90,true,1,
7290000631035,false,כבד עוף קפוא עטרה מחיר ל,שונות,IL,כבד עוף קפוא,קילוגרמים,0.00,"ק""ג",true,0,29.90,29.90,true,1,
7290000631226,false,כבד עוף טרי עטרה מחיר לפ,שונות,IL,כבד עוף טרי עטרה,קילוגרמים,0.00,"ק""ג",true,0,34.90,34.90,true,1,
7290000632209,false,חזה עוף קפוא עטרה מחיר ל,,IL,חזה עוף קפוא,קילוגרמים,0.00,"ק""ג",true,0,29.90,29.90,true,1,
7290000632391,false,כרעיים עוף קפוא עטרה מחי,שונות,IL,כרעיים עוף קפוא,קילוגרמים,0.00,"ק""ג",true,0,24.90,24.90,true,1,
7290000632599,false,ירכיים פטם קפוא עטרה מחי,שונות,IL,ירכיים פטם קפוא,קילוגרמים,0.00,"ק""ג",true,0,24.90,24.90,true,1,
7290000632698,false,שוקיים עוף קפוא עטרה מחי,שונות,IL,שוקיים עוף קפוא,קילוגרמים,0.00,"ק""ג",true,0,34.90,34.90,true,1,
7290000633800,false,כנפיים עוף קפוא עטרה מחי,שונות,IL,כנפיים עוף קפוא,קילוגרמים,0.00,"ק""ג",true,0,14.90,14.90,true,1,
7290000688381,false,מים מינרליים מי עדן500*6,"מופק ממקור בזלתי עדן ,1",IL,מי עדן אישי 6 בק,ליטרים,3.00,ליטר,false,0,12.70,4.23,true,1,
7290000688503,false,מים מינרליים מי עדן750*6,"מופק ממקור בזלתי עדן ,1",IL,"מי עדן 6*750 מ""ל",ליטרים,4.50,ליטר,false,0,14.90,3.31,true,1,
7290000688732,false,מים מינרליים מי עדן1.5*6,"מופק ממקור בזלתי עדן ,1",IL,מי עדן 6 יח,ליטרים,9.00,ליטר,false,0,10.90,1.21,true,1,
7290000692203,false,אג'קס נוזל כללי לימון 2ל,קולגייט פלמוליב,GR,אג'קס ניקוי כללי,ליטרים,2.00,ליטר,false,0,19.90,9.95,true,1,
7290000692210,false,אג'קס נוזל כללי לבנדר 2ל,קולגייט פלמוליב,GR,אג'קס ניקוי כללי,ליטרים,2.00,ליטר,false,0,19.90,9.95,true,1,
7290000692227,false,פלמוליב לשטיפת כלים 1 ל',קולגייט-פלמוליב,GR,פלמוליב לכלים,ליטרים,1.00,ליטר,false,0,11.90,11.90,true,1,
7290000803067,false,"משחת אלמקס ילדים 75 מ""ל",קולגייט פלמוליב,PL,משחת שיניים,מיליליטרים,75.00,"100 מ""ל",false,0,9.90,13.20,true,1,
7290000803180,false,שטיפה דנטלית מרידול 400מ,קולגייט פלמוליב,CH,שטיפה מרידול,מיליליטרים,400.00,"100 מ""ל",false,0,24.90,6.23,true,1,
7290000841557,false,סטרילי נוזל לח,,IL,סטרילי נוזל לח,מיליליטרים,500.00,"100 מ""ל",false,0,11.90,2.38,true,1,
7290000907031,true,פלטת שבת וחג 6 סירים,,IL,פלטת שבת וחג,יחידה,1.00,יחידה,false,1,119.00,119.00,true,1,
7290000922782,true,שיפודי אנטריקוט שקיל,לי אדרת,IL,שיפודי אנטריקוט,קילוגרמים,0.00,"ק""ג",true,1,99.90,99.90,true,1,
7290000923017,true,בוטנים קלויים,,IL,בוטנים קלויים,קילוגרמים,0.00,"ק""ג",true,1,36.00,36.00,true,1,
7290000923024,true,בוטנים קלויים עם קליפה,,IL,בוטנים קלויים,קילוגרמים,0.00,"ק""ג",true,1,32.00,32.00,true,1,
7290000923031,true,בוטנים מסוכרים,,IL,בוטנים מסוכרים,קילוגרמים,0.00,"ק""ג",true,1,36.00,36.00,true,1,
7290000923055,true,אגוז בונדוק קלוי,,IL,אגוז בונדוק קלוי,קילוגרמים,0.00,"ק""ג",true,1,88.00,88.00,true,1,
7290000923079,true,גרעיני אבטיח קלויים,,IL,גרעיני אבטיח,קילוגרמים,0.00,"ק""ג",true,1,55.00,55.00,true,1,
7290000923086,true,גרעיני חמניה קלויים,,IL,גרעיני חמניה,קילוגרמים,0.00,"ק""ג",true,1,26.00,26.00,true,1,
7290000923123,true,חומוס קלוי,,IL,חומוס קלוי,קילוגרמים,0.00,"ק""ג",true,1,38.00,38.00,true,1,
7290000923130,true,ג.חמניה פיקנטי,,IL,ג.חמניה פיקנטי,קילוגרמים,0.00,"ק""ג",true,1,44.00,44.00,true,1,
7290000923154,true,מעורב ירושלמי,,IL,מעורב ירושלמי,קילוגרמים,0.00,"ק""ג",true,1,44.00,44.00,true,1,
7290000923161,true,מעורב פיצוחים,,IL,מעורב פיצוחים,קילוגרמים,0.00,"ק""ג",true,1,80.00,80.00,true,1,
7290000923178,true,מקדמיה קלוי,,IL,מקדמיה קלוי,קילוגרמים,0.00,"ק""ג",true,1,160.00,160.00,true,1,
7290000923185,true,פיסטוק קלוי,,IL,פיסטוק קלוי,קילוגרמים,0.00,"ק""ג",true,1,80.00,80.00,true,1,
7290000923192,true,פקאן קלוי עם קליפה,,IL,פקאן עם קליפה,קילוגרמים,0.00,"ק""ג",true,1,84.00,84.00,true,1,
7290000923208,true,פקאן מקולף קלוי,,IL,פקאן מקולף,קילוגרמים,0.00,"ק""ג",true,1,110.00,110.00,true,1,
7290000923222,true,פקאן סיני,,IL,פקאן סיני,קילוגרמים,0.00,"ק""ג",true,1,94.00,94.00,true,1,
7290000923239,true,קשיו קלוי,,IL,קשיו קלוי,קילוגרמים,0.00,"ק""ג",true,1,80.00,80.00,true,1,
7290000923246,true,קבוקים,,IL,קבוקים,קילוגרמים,0.00,"ק""ג",true,1,24.00,24.00,true,1,
7290000923253,true,קרוקנט בוטנים,,IL,קרוקנט בוטנים,קילוגרמים,0.00,"ק""ג",true,1,38.00,38.00,true,1,
7290000923376,true,קרנצוס פינאטס,,IL,קרנצוס פינאטס,קילוגרמים,0.00,"ק""ג",true,1,38.00,38.00,true,1,
7290000923390,true,קאשיו מסוכר,,IL,קאשיו מסוכר,קילוגרמים,0.00,"ק""ג",true,1,84.00,84.00,true,1,
7290000923413,true,שקד קלוי עם קליפה,,IL,שקד קלוי,קילוגרמים,0.00,"ק""ג",true,1,58.00,58.00,true,1,
7290000923451,true,שקד מסוכר,,IL,שקד מסוכר,קילוגרמים,0.00,"ק""ג",true,1,84.00,84.00,true,1,
7290000923475,true,שקד קלוי,,IL,שקד קלוי,קילוגרמים,0.00,"ק""ג",true,1,84.00,84.00,true,1,
7290000923697,true,אננס מיובש טבעי,,IL,אננס מיובש טבעי,קילוגרמים,0.00,"ק""ג",true,1,70.00,70.00,true,1,
7290000923703,true,אננס מיובש מסוכר,,IL,אננס מיובש מסוכר,קילוגרמים,0.00,"ק""ג",true,1,34.00,34.00,true,1,
7290000923802,true,דובדבן מיובש,,IL,דובדבן מיובש,קילוגרמים,0.00,"ק""ג",true,1,78.00,78.00,true,1,
7290000923826,true,זנגוויל דל סוכר,,IL,זנגוויל דל סוכר,קילוגרמים,0.00,"ק""ג",true,1,38.00,38.00,true,1,
7290000923840,true,חמוציות מיובשות ללא סוכר,,IL,חמוציות מיובשות,קילוגרמים,0.00,"ק""ג",true,1,48.00,48.00,true,1,
7290000923857,true,חמוציות מיובשות מסוכרות,,IL,חמוציות מיובשות,קילוגרמים,0.00,"ק""ג",true,1,28.00,28.00,true,1,
7290000923871,true,לדר משמש,,IL,לדר משמש,קילוגרמים,0.00,"ק""ג",true,1,88.00,88.00,true,1,
7290000923932,true,מנגו מיובש 100% טבעי,,IL,מנגו מיובש,קילוגרמים,0.00,"ק""ג",true,1,98.00,98.00,true,1,
7290000923949,true,מנגו מיובש דל קלוריות,,IL,מנגו מיובש,קילוגרמים,0.00,"ק""ג",true,1,68.00,68.00,true,1,
7290000923987,true,משמש מיובש,,IL,משמש מיובש,קילוגרמים,0.00,"ק""ג",true,1,36.00,36.00,true,1,
7290000924014,true,פפאיה מיובשת,,IL,פפאיה מיובשת,קילוגרמים,0.00,"ק""ג",true,1,38.00,38.00,true,1,
7290000924052,true,צימוק לבן גדול,,IL,צימוק לבן גדול,קילוגרמים,0.00,"ק""ג",true,1,36.00,36.00,true,1,
7290000924069,true,צימוק לבן קטן,,IL,צימוק לבן קטן,קילוגרמים,0.00,"ק""ג",true,1,32.00,32.00,true,1,
7290000924083,true,צימוק כהה,,IL,צימוק כהה,קילוגרמים,0.00,"ק""ג",true,1,30.00,30.00,true,1,
7290000924120,true,קוקוס טחון,,IL,קוקוס טחון,קילוגרמים,0.00,"ק""ג",true,1,20.00,20.00,true,1,
7290000924168,true,רצועות קוקוס טבעי,,IL,רצועות קוקוס,קילוגרמים,0.00,"ק""ג",true,1,74.00,74.00,true,1,
7290000924212,true,שזיף מיובש אמריקאי,,IL,שזיף מיובש,קילוגרמים,0.00,"ק""ג",true,1,38.00,38.00,true,1,
7290000924229,true,תאנים מיובשים,,IL,תאנים מיובשים,קילוגרמים,0.00,"ק""ג",true,1,50.00,50.00,true,1,
7290000924243,true,תמר יהלום שחור,,IL,תמר יהלום שחור,קילוגרמים,0.00,"ק""ג",true,1,58.00,58.00,true,1,
7290000924267,true,תמר מגהול זהב,,IL,תמר מגהול זהב,קילוגרמים,0.00,"ק""ג",true,1,44.00,44.00,true,1,
7290000924274,true,תמר מהג'ול  גדול,,IL,תמר מהגו'ל,קילוגרמים,0.00,"ק""ג",true,1,38.00,38.00,true,1,
7290000924328,true,אגוז לוז מולבן,,IL,אגוז לוז מולבן,קילוגרמים,0.00,"ק""ג",true,1,88.00,88.00,true,1,
7290000924342,true,אגוז מלך צילאני טבעי,,IL,אגוז מלך צילאני,קילוגרמים,0.00,"ק""ג",true,1,58.00,58.00,true,1,
7290000924359,true,אגוז מלך מקולף טבעי,,IL,אגוז מלך מקולף,קילוגרמים,0.00,"ק""ג",true,1,48.00,48.00,true,1,
7290000924373,true,בוטן טבעי גדול,,IL,בוטן טבעי גדול,קילוגרמים,0.00,"ק""ג",true,1,28.00,28.00,true,1,
7290000924397,true,בוטנים טבעיים,,IL,בוטנים טבעיים,קילוגרמים,0.00,"ק""ג",true,1,24.00,24.00,true,1,
7290000924427,true,בוטנים מולבנים חצאים,,IL,בוטנים מולבנים,קילוגרמים,0.00,"ק""ג",true,1,28.00,28.00,true,1,
7290000924441,true,בונדוק טבעי,,IL,בונדוק טבעי,קילוגרמים,0.00,"ק""ג",true,1,58.00,58.00,true,1,
7290000924458,true,גרעיני דלעת מקולפים טבעי,,IL,ג. דלעת מקולפים,קילוגרמים,0.00,"ק""ג",true,1,34.00,34.00,true,1,
7290000924465,true,גרעיני חמניה קלופים,,IL,ג.חמניה קלופים,קילוגרמים,0.00,"ק""ג",true,1,18.00,18.00,true,1,
7290000924472,true,אגוזי מקדמיה טבעי,,IL,אגוזי מקדמיה,קילוגרמים,0.00,"ק""ג",true,1,130.00,130.00,true,1,
7290000924489,true,מעורב טבעי,,IL,מעורב טבעי,קילוגרמים,0.00,"ק""ג",true,1,70.00,70.00,true,1,
7290000924496,true,פיסטוק בקליפה טבעי,,IL,פיסטוק בקליפה,קילוגרמים,0.00,"ק""ג",true,1,59.00,59.00,true,1,
7290000924502,true,פיסטוק טבעי גדול-בקליפה,,IL,פיסטוק טבעי,קילוגרמים,0.00,"ק""ג",true,1,69.00,69.00,true,1,
7290000924533,true,פקאן טבעי מקולף,,IL,פקאן טבעי מקולף,קילוגרמים,0.00,"ק""ג",true,1,94.00,94.00,true,1,
7290000924557,true,צנובר,,IL,צנובר,קילוגרמים,0.00,"ק""ג",true,1,160.00,160.00,true,1,
7290000924564,true,קאשיו טבעי,,IL,קאשיו טבעי,קילוגרמים,0.00,"ק""ג",true,1,59.00,59.00,true,1,
7290000924571,true,שקד אמריקאי טבעי,,IL,שקד אמריקאי טבעי,קילוגרמים,0.00,"ק""ג",true,1,58.00,58.00,true,1,
7290000924588,true,שקד טבעי קטן,,IL,שקד טבעי קטן,קילוגרמים,0.00,"ק""ג",true,1,49.00,49.00,true,1,
7290000924595,true,שקד ישראל גדול טבעי,,IL,שקד ישראל גדול,קילוגרמים,0.00,"ק""ג",true,1,68.00,68.00,true,1,
7290000924601,true,שקד קלוף מולבן שלם,,IL,שקד קלוף מולבן,קילוגרמים,0.00,"ק""ג",true,1,74.00,74.00,true,1,
7290000924625,true,בורגול,,IL,בורגול,קילוגרמים,0.00,"ק""ג",true,1,8.00,8.00,true,1,
7290000924649,true,גריסי פנינה,,IL,גריסי פנינה,קילוגרמים,0.00,"ק""ג",true,1,8.00,8.00,true,1,
7290000924656,true,גריש,,IL,גריש,קילוגרמים,0.00,"ק""ג",true,1,8.00,8.00,true,1,
7290000924687,true,חומוס הדס,,IL,חומוס הדס,קילוגרמים,0.00,"ק""ג",true,1,11.00,11.00,true,1,
7290000924694,true,חומוס מקסיקני גדול,,IL,חומוס מקסיקני,קילוגרמים,0.00,"ק""ג",true,1,16.00,16.00,true,1,
7290000924700,true,חיטה,,IL,חיטה,קילוגרמים,0.00,"ק""ג",true,1,8.00,8.00,true,1,
7290000924717,true,כוסמת,,IL,כוסמת,קילוגרמים,0.00,"ק""ג",true,1,12.00,12.00,true,1,
7290000924755,true,בהרת לקובה,,IL,בהרת לקובה,קילוגרמים,0.00,"ק""ג",true,1,58.00,58.00,true,1,
7290000924762,true,עדשים ירוקות,,IL,עדשים ירוקות,קילוגרמים,0.00,"ק""ג",true,1,10.00,10.00,true,1,
7290000924793,true,צ'יה,,IL,צ'יה,קילוגרמים,0.00,"ק""ג",true,1,22.00,22.00,true,1,
7290000924823,true,קוואקר שיבולת שועל מלא,,IL,קוואקר,קילוגרמים,0.00,"ק""ג",true,1,6.00,6.00,true,1,
7290000925370,true,שומשום חום,,IL,שומשום חום,קילוגרמים,0.00,"ק""ג",true,1,14.00,14.00,true,1,
7290000925509,true,שומשום לבן,,IL,שומשום לבן,קילוגרמים,0.00,"ק""ג",true,1,15.00,15.00,true,1,
7290000925516,true,שומשום שחור,,IL,שומשום שחור,קילוגרמים,0.00,"ק""ג",true,1,40.00,40.00,true,1,
7290000925523,true,שעועית אדומה,,IL,שעועית אדומה,קילוגרמים,0.00,"ק""ג",true,1,14.00,14.00,true,1,
7290000925684,true,שעועית בובסלימה,,IL,שעועית בובסלימה,קילוגרמים,0.00,"ק""ג",true,1,20.00,20.00,true,1,
7290000925707,true,שעועית לבנה ארגנטינית,,IL,שעועית לבנה,קילוגרמים,0.00,"ק""ג",true,1,10.00,10.00,true,1,
7290000927442,true,אורגנו,,IL,אורגנו,קילוגרמים,0.00,"ק""ג",true,1,78.00,78.00,true,1,
7290000927626,true,פופקורן גדול,,IL,פופקורן גדול,יחידה,1.00,יחידה,false,1,5.00,5.00,true,1,
7290000927749,true,שניצל עוף טרי פרימיום דק,,IL,שניצל עוף טרי,קילוגרמים,0.00,"ק""ג",true,1,44.90,44.90,true,1,
7290000938899,true,דג סלמון שלם טרי,,TR,דג סלמון שלם טרי,קילוגרמים,0.00,"ק""ג",true,1,69.90,69.90,true,1,
7290000939087,true,אמנון   שלם טרי,,IL,אמנון שלם טרי,קילוגרמים,0.00,"ק""ג",true,1,34.90,34.90,true,1,
7290000939094,true,דג בורי שלם טרי,,IL,בורי שלם טרי,קילוגרמים,0.00,"ק""ג",true,1,45.90,45.90,true,1,
7290000939117,true,בקר טחון מקפוא קהילות שק,,IL,בקר טחון קהילות,קילוגרמים,0.00,"ק""ג",true,1,49.90,49.90,true,1,
7290000950020,true,זנגוויל גינגר טחון,,IL,זנגוויל,קילוגרמים,0.00,"ק""ג",true,1,58.00,58.00,true,1,
7290000950037,true,זעתר מעורב,,IL,זעתר מעורב,קילוגרמים,0.00,"ק""ג",true,1,56.00,56.00,true,1,
7290000950266,true,חאווג לקפה,,IL,חאווג לקפה,קילוגרמים,0.00,"ק""ג",true,1,78.00,78.00,true,1,
7290000950273,true,חוויג' למרק,,IL,חוויג' למרק,קילוגרמים,0.00,"ק""ג",true,1,58.00,58.00,true,1,
7290000950303,true,חילבה טחון/שלם,,IL,חילבה טחון/שלם,קילוגרמים,0.00,"ק""ג",true,1,20.00,20.00,true,1,
7290000951126,true,פילדלפיה,,IL,פילדלפיה,קילוגרמים,0.00,"ק""ג",true,1,80.00,80.00,true,1,
7290000951133,true,"גומילי בד""ץ",,IL,"גומילי בד""ץ",קילוגרמים,0.00,"ק""ג",true,1,58.00,58.00,true,1,
7290000951140,true,המתוקים של פינאטס,,IL,המתוקים  פינאטס,קילוגרמים,0.00,"ק""ג",true,1,24.00,24.00,true,1,
7290000951157,true,המתוקים של פינאטס ל.סוכר,,IL,המתוקים פינאטאס,קילוגרמים,0.00,"ק""ג",true,1,24.00,24.00,true,1,
7290000951195,true,שוקולדים,,IL,שוקולדים,קילוגרמים,0.00,"ק""ג",true,1,58.00,58.00,true,1,
7290000951225,true,כוסברה יבשה,,IL,כוסברה יבשה,קילוגרמים,0.00,"ק""ג",true,1,96.00,96.00,true,1,
7290000951287,true,פופקורן קטן,,IL,פופקורן קטן,יחידה,1.00,יחידה,false,1,4.00,4.00,true,1,
7290000951355,true,כוסברה גרגירים,,IL,כוסברה גרגירים,קילוגרמים,0.00,"ק""ג",true,1,40.00,40.00,true,1,
7290000952253,true,כנף עוף טרי חצוי,לי אדרת,IL,כנף עוף טרי חצוי,קילוגרמים,0.00,"ק""ג",true,1,19.90,19.90,true,1,
7290000952369,true,"עוף שלם ""יש"" קפוא",גלאט עוף,IL,עוף שלם קפוא,קילוגרמים,0.00,"ק""ג",true,1,24.90,24.90,true,1,
7290000952376,true,כמון טחון / שלם,,IL,כמון טחון,קילוגרמים,0.00,"ק""ג",true,1,58.00,58.00,true,1,
7290000952420,true,"כרעיים עוף ""יש"" קפוא",גלאט עוף,IL,כרעיים עוף קפוא,קילוגרמים,0.00,"ק""ג",true,1,37.90,37.90,true,1,
7290000952451,true,"ירכיים עוף ""יש"" קפוא",גלאט עוף,IL,ירכיים עוף קפוא,קילוגרמים,0.00,"ק""ג",true,1,34.90,34.90,true,1,
7290000952468,true,"שוקיים עוף ""יש"" קפוא",גלאט עוף,IL,שוקיים עוף קפוא,קילוגרמים,0.00,"ק""ג",true,1,42.90,42.90,true,1,
7290000952475,true,"חזה עוף ""יש"" קפוא",גלאט עוף,IL,חזה עוף קפוא,קילוגרמים,0.00,"ק""ג",true,1,37.90,37.90,true,1,
7290000952581,true,"שניצל עוף ""יש"" קפוא",גלאט עוף,IL,שניצל עוף קפוא,קילוגרמים,0.00,"ק""ג",true,1,39.90,39.90,true,1,
7290000952642,true,"פרגיות עוף ""יש"" קפוא",גלאט עוף,IL,"פרגיות עוף ""יש""",קילוגרמים,0.00,"ק""ג",true,1,79.90,79.90,true,1,
7290000952680,true,"כנפיים עוף ""יש"" קפוא",גלאט עוף,IL,כנפיים עוף קפוא,קילוגרמים,0.00,"ק""ג",true,1,14.90,14.90,true,1,
7290000952697,true,"גרונות עוף ""יש"" קפוא",גלאט עוף,IL,גרונות עוף קפוא,קילוגרמים,0.00,"ק""ג",true,1,8.90,8.90,true,1,
7290000952703,true,"עצמות עוף ""יש"" קפוא",גלאט עוף,IL,"עצמות עוף ""יש""",קילוגרמים,0.00,"ק""ג",true,1,6.90,6.90,true,1,
7290000952857,true,לימון פרסי,,IL,לימון פרסי,קילוגרמים,0.00,"ק""ג",true,1,48.00,48.00,true,1,
7290000952970,true,כרעיים עוף טרי מקוצב,,IL,כרעיים עוף טרי,קילוגרמים,0.00,"ק""ג",true,1,36.90,36.90,true,1,
7290000953076,true,מקלות קינמון,,IL,מקלות קינמון,קילוגרמים,0.00,"ק""ג",true,1,58.00,58.00,true,1,
7290000953083,true,סודה לשתיה,,IL,סודה לשתיה,קילוגרמים,0.00,"ק""ג",true,1,16.00,16.00,true,1,
7290000953397,true,"סטייק פרגית עוף טרי ע""ע",לי אדרת,IL,סטייק פרגית עוף,קילוגרמים,0.00,"ק""ג",true,1,69.90,69.90,true,1,
7290000953588,true,צלעות אונטריפ טרי ברשת,,IL,צלעות אונטריפ,קילוגרמים,0.00,"ק""ג",true,1,79.90,79.90,true,1,
7290000953618,true,פלענקאן טרי,,IL,פלענקאן טרי,קילוגרמים,0.00,"ק""ג",true,1,84.90,84.90,true,1,
7290000953687,true,פלפל מתוק שלם,,IL,פלפל מתוק שלם,קילוגרמים,0.00,"ק""ג",true,1,48.00,48.00,true,1,
7290000953694,true,פלפל שחור,,IL,פלפל שחור,קילוגרמים,0.00,"ק""ג",true,1,80.00,80.00,true,1,
7290000953755,true,פפריקה חריפה,,IL,פפריקה חריפה,קילוגרמים,0.00,"ק""ג",true,1,38.00,38.00,true,1,
7290000953762,true,"בשר לחמין ע""ע טרי",,IL,"בשר לחמין ע""ע",קילוגרמים,0.00,"ק""ג",true,1,79.90,79.90,true,1,
7290000953793,true,פרגיות עוף טרי מקוצב,,IL,פרגית עוף טרי,קילוגרמים,0.00,"ק""ג",true,1,79.90,79.90,true,1,
7290000953847,true,פפריקה מתוקה,,IL,פפריקה מתוקה,קילוגרמים,0.00,"ק""ג",true,1,36.00,36.00,true,1,
7290000954080,true,טימין,,IL,טימין,קילוגרמים,0.00,"ק""ג",true,1,78.00,78.00,true,1,
7290000954103,true,בוטנים מטוגנים,,IL,בוטנים מטוגנים,קילוגרמים,0.00,"ק""ג",true,1,38.00,38.00,true,1,
7290000954127,true,מעורב מסוכרים,,IL,מעורב מסוכרים,קילוגרמים,0.00,"ק""ג",true,1,88.00,88.00,true,1,
7290000954394,true,פפריקה מתוקה מעושנת,,IL,פפריקה מתוקה,קילוגרמים,0.00,"ק""ג",true,1,48.00,48.00,true,1,
7290000954400,true,פרג שלם,,IL,פרג שלם,קילוגרמים,0.00,"ק""ג",true,1,36.00,36.00,true,1,
7290000954479,true,ציפורן שלם/טחון,,IL,ציפורן שלם/טחון,קילוגרמים,0.00,"ק""ג",true,1,120.00,120.00,true,1,
7290000954486,true,קארי,,IL,קארי,קילוגרמים,0.00,"ק""ג",true,1,67.00,67.00,true,1,
7290000954493,true,גרעיני דלעת קלויים,,IL,גרעיני דלעת קלוי,קילוגרמים,0.00,"ק""ג",true,1,50.00,50.00,true,1,
7290000954691,true,קינמון טחון,,IL,קינמון טחון,קילוגרמים,0.00,"ק""ג",true,1,50.00,50.00,true,1,
7290000954738,true,קצח,,IL,קצח,קילוגרמים,0.00,"ק""ג",true,1,44.00,44.00,true,1,
7290000954745,true,ראס אל חנות,,IL,ראס אל חנות,קילוגרמים,0.00,"ק""ג",true,1,68.00,68.00,true,1,
7290000954769,true,שאטה גרוס,,IL,שאטה גרוס,קילוגרמים,0.00,"ק""ג",true,1,97.00,97.00,true,1,
7290000954783,true,שבבי בצל יבש,,IL,שבבי בצל יבש,קילוגרמים,0.00,"ק""ג",true,1,58.00,58.00,true,1,
7290000954844,true,אבקת שום,,IL,אבקת שום,קילוגרמים,0.00,"ק""ג",true,1,58.00,58.00,true,1,
7290000954882,true,שמיר יבש,,IL,שמיר יבש,קילוגרמים,0.00,"ק""ג",true,1,95.00,95.00,true,1,
7290000955278,true,תבלין גריל עוף,,IL,תבלין גריל עוף,קילוגרמים,0.00,"ק""ג",true,1,64.00,64.00,true,1,
7290000955506,true,תבלין לדגים,,IL,תבלין לדגים,קילוגרמים,0.00,"ק""ג",true,1,68.00,68.00,true,1,
7290000956282,true,תבלין שווארמה,,IL,תבלין שווארמה,קילוגרמים,0.00,"ק""ג",true,1,68.00,68.00,true,1,
7290000956305,true,תיבול אורז,,IL,תיבול אורז,קילוגרמים,0.00,"ק""ג",true,1,78.00,78.00,true,1,
7290000956428,true,תיבול אורז מדגסטר,,IL,תיבול אורז,קילוגרמים,0.00,"ק""ג",true,1,78.00,78.00,true,1,
7290000961309,true,פלפל רמירו,,IL,פלפל רמירו,קילוגרמים,0.00,"ק""ג",true,0,8.90,8.90,true,1,
7290000961392,true,פלפל שישקה אדום מתוק,קטיף.,,פ.שישקה אדום,קילוגרמים,0.00,"ק""ג",true,0,9.90,9.90,true,1,
7290000961552,true,פלפל כתום,קטיף.,IL,פלפל כתום,קילוגרמים,0.00,"ק""ג",true,0,9.90,9.90,true,1,
7290000961606,true,שורש גינגר,קטיף.,XX,שורש גינגר,קילוגרמים,0.00,"ק""ג",true,0,29.90,29.90,true,1,
7290000962474,true,חציל בלדי,קטיף.,IL,חציל בלדי,קילוגרמים,0.00,"ק""ג",true,0,4.90,4.90,true,1,
7290000963419,true,תפוח עץ גאלה 65,קטיף.,XX,תפוח עץ גאלה,קילוגרמים,0.00,"ק""ג",true,0,9.90,9.90,true,1,
7290000965031,true,אבטיח במיכל,קטיף.,IL,אבטיח,קילוגרמים,0.00,"ק""ג",true,0,5.90,5.90,true,1,
7290000965055,true,מלון מובחר,קטיף.,IL,מלון מובחר,קילוגרמים,0.00,"ק""ג",true,0,4.90,4.90,true,1,
7290000965833,true,אננס ראש תפזורת,,IL,אננס ראש,יחידה,1.00,יחידה,false,1,24.90,24.90,true,1,
7290000966564,true,רימון,קטיף.,IL,רימון,קילוגרמים,0.00,"ק""ג",true,0,5.90,5.90,true,1,
7290000977027,true,פיסטוק קלוי,דין שיווק,IL,פיסטוק ענק קלוי,גרמים,0.00,"ק""ג",true,0,88.00,88.00,true,1,
7290000977102,true,תערובת פיצוחים קלויים,דין שיווק,IL,תערובת פיצוחים,גרמים,0.00,"ק""ג",true,0,85.00,85.00,true,1,
7290000977478,true,בוטנים קלויים,דין שיווק,IL,בוטנים קלויים,גרמים,0.00,"ק""ג",true,0,15.00,15.00,true,1,
7290000978574,true,מטבעות שוקולד חלב,דין שיווק,IT,מטבעות שוקולד,גרמים,0.00,"ק""ג",true,0,75.00,75.00,true,1,
7290000978734,true,סוכריות גומי דובונים,דין שיווק,IL,סוכריות גומי,גרמים,0.00,"ק""ג",true,0,36.00,36.00,true,1,
7290000978789,true,תבלינים,,IL,תבלינים,קילוגרמים,0.00,"ק""ג",true,0,40.00,40.00,true,1,
7290000978796,true,תבלינים,,IL,תבלינים,קילוגרמים,0.00,"ק""ג",true,0,65.00,65.00,true,1,
7290000978802,true,עשבי תיבול,,IL,עשבי תיבול,קילוגרמים,0.00,"ק""ג",true,0,78.00,78.00,true,1,
7290000978895,true,פ.טרופיים/ חמוציות שלמות,דין שיווק,IL,פ.טרופיים/חמוציו,גרמים,0.00,"ק""ג",true,0,69.00,69.00,true,1,
7290000987804,true,אבוקדו ברשת,,IL,אבוקדו ברשת,קילוגרמים,0.00,"ק""ג",true,0,6.90,6.90,true,1,
7290000989778,true,חמוציות מיובשות מסוכרות,דין שיווק,IL,חמוציות תפזורת,גרמים,0.00,"ק""ג",true,0,40.00,40.00,true,1,
7290000990101,true,כתף מרכזי טרי,,IL,כתף מרכזי טרי,קילוגרמים,0.00,"ק""ג",true,1,69.90,69.90,true,1,
7290000990477,true,אמנון טרי שלם לפילה,שוק הדגים,IL,אמנון טרי שלם.,קילוגרמים,0.00,"ק""ג",true,1,29.90,29.90,true,1,
7290000991443,true,סלמון 4-5 טרי שלם לפילה,שוק הדגים,NO,סלמון שלם לפילה,קילוגרמים,0.00,"ק""ג",true,1,69.90,69.90,true,1,
7290000991788,true,אוסבוקו טרי,,IL,אוסבוקו טרי,קילוגרמים,0.00,"ק""ג",true,1,74.90,74.90,true,1,
7290000991863,true,צלעות בקר טרי,,IL,צלעות בקר טרי,קילוגרמים,0.00,"ק""ג",true,1,64.90,64.90,true,1,
7290000991870,true,פילה מדומה טרי,,IL,פילה מדומה טרי,קילוגרמים,0.00,"ק""ג",true,0,84.90,84.90,true,1,
7290000991894,true,צלי כתף טרי,,IL,צלי כתף טרי,קילוגרמים,0.00,"ק""ג",true,0,109.00,109.00,true,1,
7290000991962,true,עצמות מח טרי,,IL,עצמות מח טרי,קילוגרמים,0.00,"ק""ג",true,0,37.90,37.90,true,1,
7290000991979,true,אסאדו טרי,,IL,אסאדו טרי,קילוגרמים,0.00,"ק""ג",true,0,79.90,79.90,true,1,
7290000992044,true,חזה בריסקט טרי,,IL,חזה בריסקט טרי,קילוגרמים,0.00,"ק""ג",true,0,69.90,69.90,true,1,
7290000992143,true,שריר הזרוע טרי,,IL,שריר הזרוע טרי,קילוגרמים,0.00,"ק""ג",true,0,79.90,79.90,true,1,
7290000992174,true,לשון בקר טרי,,IL,לשון בקר טרי,קילוגרמים,0.00,"ק""ג",true,0,99.00,99.00,true,1,
7290000992563,true,דלעת ערמונים,קטיף.,IL,דלעת ערמונים,קילוגרמים,0.00,"ק""ג",true,0,9.90,9.90,true,1,
7290000992822,true,שריר אשפר שקיל,,IL,שריר אשפר שקיל,קילוגרמים,0.00,"ק""ג",true,1,39.90,39.90,true,1,
7290000992976,true,ברמונדי טרי שלם,,IL,ברמונדי טרי שלם,קילוגרמים,0.00,"ק""ג",true,1,59.90,59.90,true,1,
7290000992983,true,מכסה הצלע מס  7אשפר,,IL,מכסה הצלע,קילוגרמים,0.00,"ק""ג",true,1,34.90,34.90,true,1,
7290000993034,true,צלי כתף מס 5 אשפר שקיל,,IL,צלי כתף מס 5,קילוגרמים,0.00,"ק""ג",true,1,69.90,69.90,true,1,
7290000993096,true,כתף מרכזי מס 4 אשפר שקיל,,IL,כתף מס 4,קילוגרמים,0.00,"ק""ג",true,1,32.90,32.90,true,1,
7290000993164,true,צלעות מס 2 אשפר,,IL,צלעות מס 2 אשפר,קילוגרמים,0.00,"ק""ג",true,1,33.90,33.90,true,1,
7290000993270,true,דג דניס xl,שוק הדגים,IL,דג דניס xl,קילוגרמים,0.00,"ק""ג",true,1,59.90,59.90,true,1,
7290000993461,true,עגבניה שרי צהוב,קטיף.,IL,עגבניה שרי צהובה,גרמים,460.00,100 גרם,false,0,8.90,1.93,true,1,
7290000993690,true,בשר אדום טרי,,IL,בשר אדום טרי,קילוגרמים,0.00,"ק""ג",true,1,59.90,59.90,true,1,
7290000993829,true,פילה סלמון טרי,,IL,פילה סלמון,קילוגרמים,0.00,"ק""ג",true,1,99.90,99.90,true,1,
7290000993850,true,סלמון נורווגי שקיל,,IL,סלמון נורווגי,קילוגרמים,0.00,"ק""ג",true,1,72.90,72.90,true,1,
7290000993935,true,רצועות לטחינה,,IL,רצועות לטחינה,קילוגרמים,0.00,"ק""ג",true,1,39.90,39.90,true,1,
7290000994338,true,שעועית ירוקה במשקל,קטיף.,IL,שעועית ירוקה,קילוגרמים,0.00,"ק""ג",true,0,9.90,9.90,true,1,
7290000994352,true,כנף הודו טרי,,IL,כנף הודו טרי,קילוגרמים,0.00,"ק""ג",true,1,19.90,19.90,true,1,
7290000994413,true,צלעות כבש טרי,,IL,צלעות כבש טרי,קילוגרמים,0.00,"ק""ג",true,1,189.00,189.00,true,1,
7290000994437,true,כתף כבש טרי,,,כתף כבש טרי,קילוגרמים,0.00,"ק""ג",true,0,119.00,119.00,true,1,
7290000994468,true,דג בס ענק טרי,שוק הדגים,IL,דג בס ענק,קילוגרמים,0.00,"ק""ג",true,1,44.90,44.90,true,1,
7290000994475,true,שוק הודו טרי,,IL,שוקהודו טרי,קילוגרמים,0.00,"ק""ג",true,1,32.90,32.90,true,1,
7290000994499,true,דג קרפיון טרי,שוק הדגים,IL,דג קרפיון טרי,קילוגרמים,0.00,"ק""ג",true,1,34.90,34.90,true,1,
7290000994550,true,צוואר כבש טרי,,IL,צוואר כבש טרי,קילוגרמים,0.00,"ק""ג",true,1,54.90,54.90,true,1,
7290000994574,true,חזה עוף טרי פרוס,,IL,חזה עוף טרי פרוס,קילוגרמים,0.00,"ק""ג",true,1,42.90,42.90,true,1,
7290000994581,true,פרגית עוף טרי,,IL,פרגית עוף טרי,קילוגרמים,0.00,"ק""ג",true,1,69.90,69.90,true,1,
7290000994611,true,שווארמה הודו טרי,,IL,שווארמה הודו,קילוגרמים,0.00,"ק""ג",true,1,59.90,59.90,true,1,
7290000994697,true,פילה עוף טרי,,IL,פילה עוף טרי,קילוגרמים,0.00,"ק""ג",true,1,42.90,42.90,true,1,
7290000995199,true,רצועות עוף סיני,,IL,רצועות עוף סיני,קילוגרמים,0.00,"ק""ג",true,1,42.90,42.90,true,1,
7290000995298,true,טחון עוף טרי,,IL,טחון עוף טרי,קילוגרמים,0.00,"ק""ג",true,1,35.90,35.90,true,1,
7290000995397,true,חזה בקר טרי,,IL,חזה בקר טרי,קילוגרמים,0.00,"ק""ג",true,1,79.90,79.90,true,1,
7290000995410,true,נבטים בחבילה,נבטי העמק,IL,נבטים בחבילה-יח',יחידה,1.00,יחידה,false,0,5.90,5.90,true,1,
7290000995601,true,דג לברק טרי,שוק הדגים,IL,דג לברק טרי,קילוגרמים,0.00,"ק""ג",true,1,64.90,64.90,true,1,
7290000995779,true,נתחי הודו טרי,,IL,נתחי הודו טרי,קילוגרמים,0.00,"ק""ג",true,1,35.90,35.90,true,1,
7290000995786,true,פילה סלמון שקיל,,IL,פילה סלמון שקיל,קילוגרמים,0.00,"ק""ג",true,1,69.90,69.90,true,1,
7290000995793,true,אמנון טרי שלם,שוק הדגים,IL,אמנון טרי שלם,קילוגרמים,0.00,"ק""ג",true,1,29.90,29.90,true,1,
7290000995816,true,פילה סלמון טרי,שוק הדגים,NO,פילה סלמון טרי,קילוגרמים,0.00,"ק""ג",true,1,99.90,99.90,true,1,
7290000995885,true,בורי ג'מבו טרי שלם,שוק הדגים,IL,בורי ג'מבו טרי,קילוגרמים,0.00,"ק""ג",true,1,44.90,44.90,true,1,
7290000995991,true,באס טרי שלם לפילה,שוק הדגים,IL,באס טרי לפילה,קילוגרמים,0.00,"ק""ג",true,1,49.90,49.90,true,1,
7290000996134,true,"אסאדו שלם ע""ע היימיט{9}",דאבח,IL,"אסאדו שלם ע""ע 9",קילוגרמים,0.00,"ק""ג",true,1,79.90,79.90,true,1,
7290000996226,true,"עצמות מח פרוס ""היימיט""",דאבח,IL,עצמות מח פרוס,קילוגרמים,0.00,"ק""ג",true,1,39.90,39.90,true,1,
7290000996233,true,"עצמות עגל מקומי ""היימיט""",דאבח,IL,עצמות עגל מקומי,קילוגרמים,0.00,"ק""ג",true,1,29.90,29.90,true,1,
7290000996356,true,מארז פיתות 5 יחידות,מאפיית המכבים,IL,מארז פיתות 5יח,יחידה,1.00,יחידה,false,1,3.50,3.50,true,1,
7290000996639,true,אמנון טרי שלם לפילה שקיל,שוק הדגים,IL,אמנון טרי שלם,קילוגרמים,0.00,"ק""ג",true,1,29.90,29.90,true,1,
7290000996646,true,סלמון 2-3 טרי שלם לפילה,שוק הדגים,NO,סלמון טרי שלם,קילוגרמים,0.00,"ק""ג",true,1,69.90,69.90,true,1,
7290000996653,true,סלמון 5-6 טרי לפילה שקיל,שוק הדגים,NO,סלמון טרי לפילה,קילוגרמים,0.00,"ק""ג",true,1,69.90,69.90,true,1,
7290000996660,true,קרפיון טרי שלם לרצועות ש,שוק הדגים,IL,קרפיון טרי שלם,קילוגרמים,0.00,"ק""ג",true,1,29.90,29.90,true,1,
7290000996677,true,בורי ג'מבו טרי שלם לפילה,שוק הדגים,IL,בורי ג'מבו טרי,קילוגרמים,0.00,"ק""ג",true,1,44.90,44.90,true,1,
7290000996684,true,דניס XL טרי שלם לפילה שק,שוק הדגים,IL,דניס טרי שלם,קילוגרמים,0.00,"ק""ג",true,1,59.90,59.90,true,1,
7290000996707,true,באס ענק טרי שלם לפילה שק,שוק הדגים,IL,באס ענק טרי שלם,קילוגרמים,0.00,"ק""ג",true,1,49.90,49.90,true,1,
7290000996721,true,לברק טרי שלם לפילה שקיל,שוק הדגים,IL,לברק טרי שלם,קילוגרמים,0.00,"ק""ג",true,1,64.90,64.90,true,1,
7290000996745,true,דג ברמונדי טרי שלם שקיל,שוק הדגים,IL,דג ברמונדי טרי,קילוגרמים,0.00,"ק""ג",true,1,59.90,59.90,true,1,
7290000996776,true,עוף טרי מפורק לפרגית,לי אדרת,IL,עוף טרי מפורק,קילוגרמים,0.00,"ק""ג",true,1,32.90,32.90,true,1,
7290000996783,true,"פילה אמנון ""יש"" 5-7 קפוא",,CN,"פילה אמנון ""יש""",קילוגרמים,0.00,"ק""ג",true,1,24.90,24.90,true,1,
7290000996974,true,סטייק אנטריקוט פרימיום,,IL,סטייק אנטריקוט,קילוגרמים,0.00,"ק""ג",true,1,139.00,139.00,true,1,
7290000996981,true,אנטריקוט עגלה,,IL,אנטריקוט עגלה,קילוגרמים,0.00,"ק""ג",true,1,159.00,159.00,true,1,
7290000996998,true,פרגית עוף ארוכה טרי,,IL,פרגית ארוכה טרי,קילוגרמים,0.00,"ק""ג",true,1,69.90,69.90,true,1,
7290000997308,true,"כתף בקר ""היימיט""  {4}",דאבח,IL,כתף בקר היימיט 4,קילוגרמים,0.00,"ק""ג",true,1,79.90,79.90,true,1,
7290000997315,true,"צלי כתף בקר ""היימיט"" {5}",דאבח,IL,צלי כתף {5},קילוגרמים,0.00,"ק""ג",true,1,94.90,94.90,true,1,
7290000997322,true,"פילה מדומה""היימיט{6}""",דאבח,IL,פילה מדומה {6},קילוגרמים,0.00,"ק""ג",true,1,89.90,89.90,true,1,
7290000997346,true,"מכסה הצלע ""היימיט"" {7} ש",דאבח,IL,מכסה הצלע {7},קילוגרמים,0.00,"ק""ג",true,1,59.90,59.90,true,1,
7290000997353,true,"שריר הזרוע ""היימיט"" {8#}",דאבח,IL,שריר הזרוע  {8},קילוגרמים,0.00,"ק""ג",true,1,79.90,79.90,true,1,
7290000997360,true,"פלאנקען קשתית ""היימיט{9}",דאבח,IL,פלאנקען קשתית{9},קילוגרמים,0.00,"ק""ג",true,1,89.90,89.90,true,1,
7290000997407,true,"צוואר בקר ""היימיט{10}""",דאבח,IL,צוואר בקר {10},קילוגרמים,0.00,"ק""ג",true,1,59.90,59.90,true,1,
7290000997582,true,עוף טרי מחולק,,IL,עוף טרי מחולק,קילוגרמים,0.00,"ק""ג",true,1,26.90,26.90,true,1,
7290000997667,true,עוף טרי מפורק לשניצל,,IL,עוף טרי מחולק,קילוגרמים,0.00,"ק""ג",true,1,29.90,29.90,true,1,
7290000997704,true,בקר טחון טרי,,IL,בקר טחון טרי,קילוגרמים,0.00,"ק""ג",true,1,59.90,59.90,true,1,
7290000997728,true,טחון הודו טרי,,IL,טחון הודו טרי,קילוגרמים,0.00,"ק""ג",true,1,34.90,34.90,true,1,
7290000997834,true,כרעיים עוף טרי,,IL,כרעיים עוף טרי,קילוגרמים,0.00,"ק""ג",true,1,32.90,32.90,true,1,
7290000997940,true,ירכיים עוף טרי,,IL,ירכיים עוף טרי,קילוגרמים,0.00,"ק""ג",true,1,29.90,29.90,true,1,
7290000997988,true,עצמות בקר טרי,,IL,עצמות בקר טרי,קילוגרמים,0.00,"ק""ג",true,1,22.90,22.90,true,1,
7290000998107,true,"תפו""ע מוזהב ברשת",,IL,"תפו""ע מוזהב ברשת",קילוגרמים,0.00,"ק""ג",true,1,5.90,5.90,true,1,
7290000998282,true,שוקיים עוף טרי,,IL,שוקיים עוף טרי,קילוגרמים,0.00,"ק""ג",true,1,36.90,36.90,true,1,
7290000998329,true,מנגו,קטיף,XX,מנגו,קילוגרמים,0.00,"ק""ג",true,1,9.90,9.90,true,1,
7290000998336,true,כנפיים עוף טרי,,IL,כנפיים עוף טרי,קילוגרמים,0.00,"ק""ג",true,1,13.90,13.90,true,1,
7290000998367,true,קיווי,קטיף,IL,קיווי במשקל,קילוגרמים,0.00,"ק""ג",true,1,18.90,18.90,true,1,
7290000998442,true,רגל בקר טרי,,IL,רגל בקר טרי,קילוגרמים,0.00,"ק""ג",true,1,34.90,34.90,true,1,
7290000998466,true,חזה עוף טרי,,IL,חזה עוף טרי,קילוגרמים,0.00,"ק""ג",true,1,34.90,34.90,true,1,
7290000998503,true,גולש בקר טרי,,IL,גולש בקר טרי,קילוגרמים,0.00,"ק""ג",true,1,64.90,64.90,true,1,
7290000998657,true,גרון עוף טרי,,IL,גרון עוף טרי,קילוגרמים,0.00,"ק""ג",true,1,6.90,6.90,true,1,
7290000998671,true,עוף שלם טרי,,IL,עוף טרי שלם,קילוגרמים,0.00,"ק""ג",true,1,23.90,23.90,true,1,
7290000998701,true,סטייק פריים ריב ללא עצם,,IL,סטייק פריים ריב,קילוגרמים,0.00,"ק""ג",true,1,129.00,129.00,true,1,
7290000998787,true,עצמות עוף טרי,,IL,עצמות עוף טרי,קילוגרמים,0.00,"ק""ג",true,1,6.90,6.90,true,1,
7290000998862,true,סלמון טרי שלם,שוק הדגים,NO,סלמון טרי שלם,קילוגרמים,0.00,"ק""ג",true,1,69.90,69.90,true,1,
7290000998886,true,פילה סלמון טרי,שוק הדגים,NO,פילה סלמון,קילוגרמים,0.00,"ק""ג",true,1,99.90,99.90,true,1,
7290000998954,true,צוואר בקר טרי,,IL,צוואר בקר טרי,קילוגרמים,0.00,"ק""ג",true,1,69.90,69.90,true,1,
7290000998961,true,אמנון טרי שלם,שוק הדגים,IL,אמנון טרי שלם,קילוגרמים,0.00,"ק""ג",true,1,29.90,29.90,true,1,
7290000998992,true,דג דניס טרי שלם,שוק הדגים,IL,דג דניס,קילוגרמים,0.00,"ק""ג",true,1,59.90,59.90,true,1,
7290000999036,true,דג לברק טרי שלם,שוק הדגים,IL,דג לברק טרי,קילוגרמים,0.00,"ק""ג",true,1,64.90,64.90,true,1,
7290000999043,true,דג קרפיון טרי שלם,שוק הדגים,IL,דג קרפיון טרי,קילוגרמים,0.00,"ק""ג",true,1,29.90,29.90,true,1,
7290000999135,true,"צלעות בקר ""היימיט{2}""",,IL,צלעות בקר היימיט,קילוגרמים,0.00,"ק""ג",true,1,69.90,69.90,true,1,
7290000999142,true,"חזה בקר ""היימיט{3}"" שקיל",דאבח,IL,חזה בקר {3},קילוגרמים,0.00,"ק""ג",true,1,59.90,59.90,true,1,
7290000999159,true,אבוקדו אוצר בית דין,קטיף,IL,אבוקדו,קילוגרמים,0.00,"ק""ג",true,1,7.90,7.90,true,1,
7290000999173,true,אפרסמון,קטיף.,IL,אפרסמון,קילוגרמים,0.00,"ק""ג",true,1,11.90,11.90,true,1,
7290000999180,true,קלמנטינה,,IL,קלמנטינה,קילוגרמים,0.00,"ק""ג",true,1,4.90,4.90,true,1,
7290000999197,true,תפוז,,IL,תפוז,קילוגרמים,0.00,"ק""ג",true,1,4.90,4.90,true,1,
7290000999296,true,אגס נאשי,,IL,אגס נאשי,קילוגרמים,0.00,"ק""ג",true,1,13.90,13.90,true,1,
7290000999388,true,ענבים בהירים,קטיף,IL,ענבים בהירים,קילוגרמים,0.00,"ק""ג",true,1,29.90,29.90,true,1,
7290000999432,true,ענבים שחורים,,IL,ענבים שחורים,קילוגרמים,0.00,"ק""ג",true,1,24.90,24.90,true,1,
7290000999456,true,שום במארז,קטיף,IL,שום במארז,יחידה,1.00,יחידה,false,1,6.90,6.90,true,1,
7290000999500,true,חזה הודו טרי,,IL,חזה הודו טרי,קילוגרמים,0.00,"ק""ג",true,1,34.90,34.90,true,1,
7290000999517,true,פורל שלם טרי שקיל,,IL,פורל שלם טרי,קילוגרמים,0.00,"ק""ג",true,1,64.90,64.90,true,1,
7290000999548,true,דלעת ארוזה במשקל,קטיף,IL,דלעת ארוזה,קילוגרמים,0.00,"ק""ג",true,1,7.90,7.90,true,1,
7290000999562,true,גזר ארוז במשקל,קטיף,IL,גזר ארוז,קילוגרמים,0.00,"ק""ג",true,1,4.90,4.90,true,1,
7290000999579,true,"תפו""א לבן ארוז במשקל",קטיף,IL,"תפו""א לבן ארוז",קילוגרמים,0.00,"ק""ג",true,1,3.90,3.90,true,1,
7290000999586,true,"תפו""א אדום ארוז במשקל",קטיף,IL,"תפו""א אדום ארוז",קילוגרמים,0.00,"ק""ג",true,1,4.90,4.90,true,1,
7290000999593,true,תפוח אדמה קטן ארוז ברשת,קטיף.,IL,תפוח אדמה קטן אר,קילוגרמים,0.00,"ק""ג",true,1,6.90,6.90,true,1,
7290000999616,true,גרון הודו טרי,,IL,גרון הודו טרי,קילוגרמים,0.00,"ק""ג",true,1,27.90,27.90,true,1,
7290000999708,true,אשכולית לבנה,,IL,אשכולית לבנה,קילוגרמים,0.00,"ק""ג",true,1,4.90,4.90,true,1,
7290000999715,true,אשכולית אדומה,,IL,אשכולית אדומה,קילוגרמים,0.00,"ק""ג",true,1,4.90,4.90,true,1,
7290000999722,true,פומלה לבנה,,IL,פומלה לבנה,קילוגרמים,0.00,"ק""ג",true,1,7.90,7.90,true,1,
7290000999739,true,פומלית,,IL,פומלית,קילוגרמים,0.00,"ק""ג",true,1,4.90,4.90,true,1,
7290000999746,true,עגבניות שרי במשקל,קטיף,IL,עגבניות שרי,קילוגרמים,0.00,"ק""ג",true,1,13.90,13.90,true,1,
7290000999814,true,"תפו""ע סטרקינג",קטיף,IL,תפוח עץ סטרקינג,קילוגרמים,0.00,"ק""ג",true,1,9.90,9.90,true,1,
7290000999821,true,"תפו""ע סמיט",קטיף,IL,תפוח עץ סמיט,קילוגרמים,0.00,"ק""ג",true,1,9.90,9.90,true,1,
7290000999838,true,"תפו""ע מוזהב",קטיף,IL,תפוח עץ מוזהב,קילוגרמים,0.00,"ק""ג",true,1,9.90,9.90,true,1,
7290000999845,true,"תפו""ע ענה",קטיף.,IL,"תפו""ע ענה",קילוגרמים,0.00,"ק""ג",true,1,9.90,9.90,true,1,
7290000999852,true,"תפו""ע פינקריספי",קטיף,IL,תפוח עץ פינקריספ,קילוגרמים,0.00,"ק""ג",true,1,15.90,15.90,true,1,
7290000999876,true,אפרסק אוצר בית דין,קטיף,IL,אפרסק,קילוגרמים,0.00,"ק""ג",true,1,12.90,12.90,true,1,
7290000999883,true,נקטרינה אוצר בית דין,קטיף,IL,נקטרינה,קילוגרמים,0.00,"ק""ג",true,1,12.90,12.90,true,1,
7290000999937,true,בננה אוצר בית דין,קטיף,IL,בננה,קילוגרמים,0.00,"ק""ג",true,1,7.90,7.90,true,1,
7290000999951,true,לימון אוצר בית דין,קטיף,IL,לימון,קילוגרמים,0.00,"ק""ג",true,1,6.90,6.90,true,1,
7290000999999,true,אגס אוצר בית דין,קטיף,IL,אגס,קילוגרמים,0.00,"ק""ג",true,1,9.90,9.90,true,1,
7290001041017,false,חוואיג' תימני 50 גרם,מיה תעשיות מזון מ.ת.מ. ב,IL,חוואיג' תימני,גרמים,50.00,100 גרם,false,0,5.70,11.40,true,1,
7290001041024,false,תבלין לקבב 50 גרם,מיה תעשיות מזון מ.ת.מ. ב,IL,תבלין לקבב,גרמים,50.00,100 גרם,false,0,5.70,11.40,true,1,
7290001041031,false,תבלין לקציצות 50 גרם,מיה תעשיות מזון מ.ת.מ. ב,IL,תבלין לקציצות,גרמים,50.00,100 גרם,false,0,5.70,11.40,true,1,
7290001041048,false,תבלין על האש 50 גרם,מיה תעשיות מזון מ.ת.מ. ב,IL,תבלין על האש50גר,גרמים,50.00,100 גרם,false,0,5.70,11.40,true,1,
7290001041123,false,שקד מולבן פרוס 100ג מיה,מיה תעשיות מזון מ.ת.מ. ב,IL,שקד מולבן,גרמים,100.00,100 גרם,false,0,9.90,9.90,true,1,
7290001041130,false,ממרח תמרים 450 גרם,מיה תעשיות מזון מ.ת.מ. ב,IL,ממרח תמרים.,גרמים,450.00,100 גרם,false,0,5.90,1.31,true,1,
7290001041147,false,"חומוס גדול יבש 1 ק""ג",מיה תעשיות מזון מ.ת.מ. ב,IL,חומוס גדול יבש,קילוגרמים,1.00,"ק""ג",false,0,9.90,9.90,true,1,
7290001041154,false,"גריסים 1 ק""ג",מיה תעשיות מזון מ.ת.מ. ב,IL,גריסים,קילוגרמים,1.00,"ק""ג",false,0,6.90,6.90,true,1,
7290001041161,false,"שעועית לבנה 1 ק""ג",מיה תעשיות מזון מ.ת.מ. ב,IL,שעועית לבנה,קילוגרמים,1.00,"ק""ג",false,0,13.90,13.90,true,1,
7290001041178,false,"אפונה יבשה 1 ק""ג",מיה תעשיות מזון מ.ת.מ. ב,IL,אפונה יבשה,קילוגרמים,1.00,"ק""ג",false,0,7.90,7.90,true,1,
7290001041185,false,"פופקורן 1 ק""ג",מיה תעשיות מזון מ.ת.מ. ב,IL,פופקורן,קילוגרמים,1.00,"ק""ג",false,0,8.90,8.90,true,1,
7290001041192,false,"עדשים אדומים 1 ק""ג",מיה תעשיות מזון מ.ת.מ. ב,IL,עדשים אדומים,קילוגרמים,1.00,"ק""ג",false,0,10.90,10.90,true,1,
7290001041208,false,"עדשים ירוקים 1 ק""ג",מיה תעשיות מזון מ.ת.מ. ב,IL,עדשים ירוקים,קילוגרמים,1.00,"ק""ג",false,0,10.90,10.90,true,1,
7290001041215,false,"חיטה 1 ק""ג",מיה תעשיות מזון מ.ת.מ. ב,IL,חיטה,קילוגרמים,1.00,"ק""ג",false,0,7.90,7.90,true,1,
7290001041222,false,"חומוס לבן ענק יבש 1 ק""ג",מיה תעשיות מזון מ.ת.מ. ב,IL,חומוס לבן ענק,קילוגרמים,1.00,"ק""ג",false,0,14.90,14.90,true,1,
7290001041260,false,שומשום 400 גרם,מיה תעשיות מזון מ.ת.מ. ב,IL,שומשום,גרמים,400.00,100 גרם,false,0,8.90,2.23,true,1,
7290001041284,false,לקקנים בטעם תות 220 גרם,מיה תעשיות מזון מ.ת.מ. ב,IL,לקקנים בטעם תות,גרמים,160.00,100 גרם,false,0,6.50,4.06,true,1,
7290001041291,false,לקקנים 600 גרם,מיה תעשיות מזון מ.ת.מ. ב,IL,לקקנים,גרמים,900.00,100 גרם,false,0,16.90,1.88,true,1,
7290001041482,false,זנגוויל 50 גרם,מיה תעשיות מזון מ.ת.מ. ב,IL,זנגוויל 50 גרם,גרמים,50.00,100 גרם,false,0,5.50,11.00,true,1,
7290001041673,false,"אורז פרסי עממי 1 ק""ג",מיה תעשיות מזון מ.ת.מ. ב,IL,אורז פרסי עממי,קילוגרמים,1.00,"ק""ג",false,0,4.90,4.90,true,1,
7290001041833,false,אגוזים טחונים 250גרם,מיה תעשיות מזון מ.ת.מ. ב,IL,אגוזי מלך טחונים,גרמים,250.00,100 גרם,false,0,19.90,7.96,true,1,
7290001041840,false,שקדים טחונים 250גרם,מיה תעשיות מזון מ.ת.מ. ב,IL,שקדים טחונים,גרמים,250.00,100 גרם,false,0,17.90,7.16,true,1,
7290001041888,false,פפריקה מתוקה צנצנת 300גר,מיה תעשיות מזון מ.ת.מ. ב,IL,פפריקה מתוקה,גרמים,300.00,100 גרם,false,0,14.90,4.97,true,1,
7290001041895,false,פלפל שחור צנצנת 300 גרם,מיה תעשיות מזון מ.ת.מ. ב,IL,פלפל שחור,גרמים,300.00,100 גרם,false,0,27.90,9.30,true,1,
7290001041987,false,"סוכר חום צנצנת 1 ק""ג",מיה תעשיות מזון מ.ת.מ. ב,IL,סוכר חום,קילוגרמים,1.00,"ק""ג",false,0,11.90,11.90,true,1,
7290001041994,false,"סוכר זהב 1ק""ג",מיה תעשיות מזון מ.ת.מ. ב,IL,"סוכר זהב 1 ק""ג",קילוגרמים,1.00,"ק""ג",false,0,9.90,9.90,true,1,
7290001045220,false,מיץ תפוזים סחוט 2 ליטר,גניר,IL,מיץ תפוזים סחוט,ליטרים,2.00,ליטר,false,0,23.90,11.95,true,1,
7290001045237,false,משקה לימון עם נענע 2ליטר,גניר,IL,משקה לימון נענע,ליטרים,2.00,ליטר,false,0,23.90,11.95,true,1,
7290001100080,false,סט קופסאות מלבן,,IL,סט קופסאות מלבן,יחידה,1.00,יחידה,false,0,7.90,7.90,true,1,
7290001133231,false,"כנפיים הודיות קפוא עד""ח",,IL,כנפיים הודיות,קילוגרמים,0.00,"ק""ג",true,1,15.90,15.90,true,1,
7290001133439,false,"בשר הודו טחון קפוא עד""ח","בלדי בע""\ם",IL,בשר הודו טחון,גרמים,500.00,100 גרם,false,1,16.90,3.38,true,1,
7290001136287,false,"שמפו נקה 7 רגיל 750 מ""ל",אמיליה קוסמטיקס,IL,שמפו נקה 7,מיליליטרים,750.00,"100 מ""ל",false,0,8.90,1.19,true,1,
7290001136294,false,שמפו נקה 7 יבש/צבוע750מל,קוסמופארם,IL,שמפו נקה 7,מיליליטרים,750.00,"100 מ""ל",false,0,8.90,1.19,true,1,
7290001136683,false,"מרכך נקה 7 ס""ש 750 מ""ל",אמיליה קוסמטיקס בעמ,IL,קונדישינר נקה 7,מיליליטרים,750.00,"100 מ""ל",false,0,8.90,1.19,true,1,
7290001158500,false,כנפי עוף טרי תפזורת עצמי,שונות,IL,כנפיים עוף טרי,קילוגרמים,0.00,"ק""ג",true,0,11.90,11.90,true,1,
7290001158531,false,שוקי עוף טרי תפזורת עצמי,שונות,IL,שוקיים עוף טרי,קילוגרמים,0.00,"ק""ג",true,0,27.90,27.90,true,1,
7290001193549,false,ערכת נרות חנוכה שמן מוצק,שלהבת,IL,ערכת נרות חנוכה,יחידה,1.00,יחידה,false,0,39.90,39.90,true,1,
7290001201589,false,ביצים ארוזות L 12 יחידות,שופרסל,IL,ביצים L 12 יח',יחידה,1.00,יחידה,false,0,10.90,10.90,true,1,
7290001201596,false,ביצים ארוזות M 12 יחידות,שופרסל,IL,ביצים M 12 יח',יחידה,1.00,יחידה,false,0,10.30,10.30,true,1,
7290001208403,false,ח מ צ ו צ י ם,,IL,ח מ צ ו צ י ם,גרמים,0.00,"ק""ג",true,0,50.00,50.00,true,1,
7290001209189,false,נקניקיות חריפות 400 גרם,מעדני הטלה והעגל,IL,נקניקיות  חריפות,גרמים,400.00,100 גרם,false,0,11.90,2.98,true,1,
7290001209295,false,פרגיות קפוא,,IL,פרגיות קפוא,קילוגרמים,0.00,"ק""ג",true,0,67.90,67.90,true,1,
7290001209349,false,עוף טרי ארוז עטרה,שונות,IL,עוף טרי עטרה,קילוגרמים,0.00,"ק""ג",true,0,23.90,23.90,true,1,
7290001209363,false,שניצל עוף טרי ארוז עטרה,שונות,IL,שניצל ע.טרי עטרה,קילוגרמים,0.00,"ק""ג",true,0,35.90,35.90,true,1,
7290001209370,false,ירכיים עוף טרי ארוז עטרה,שונות,IL,ירכיים ע.טרי עטר,קילוגרמים,0.00,"ק""ג",true,0,24.90,24.90,true,1,
7290001209387,false,שוקיים עוף טרי ארוז עטרה,שונות,IL,שוקיים עוף טרי ע,קילוגרמים,0.00,"ק""ג",true,0,36.90,36.90,true,1,
7290001209394,false,כנפיים עוף טרי ארוז עטרה,שונות,IL,כנפיים ע.טרי עטר,קילוגרמים,0.00,"ק""ג",true,0,8.90,8.90,true,1,
7290001209509,false,סטייק עוף 800 גרם,טיבון ויל אחזקות בעמ,IL,סטייק עוף 800גרם,גרמים,800.00,100 גרם,false,0,24.90,3.11,true,1,
7290001209547,false,פילה עוף עטרה,עוף הארץ,IL,פילה עוף עטרה,קילוגרמים,0.00,"ק""ג",true,1,34.90,34.90,true,1,
7290001209646,false,פילה עוף טרי קהילות,נטו,IL,פילה עוף טרי,קילוגרמים,0.00,"ק""ג",true,0,36.90,36.90,true,1,
7290001216040,false,טחינה גולמית אל ארז 500ג,אגס ירוק מסחר ושירותים,IL,טחינה גולמית,גרמים,500.00,100 גרם,false,0,13.90,2.78,true,1,
7290001230930,false,מהדקי גרביים,,IL,מהדקי גרביים,יחידה,1.00,יחידה,false,1,7.90,7.90,true,1,
7290001230961,false,מגן ציצית לכביסה,,IL,מגן ציצית לכביסה,יחידה,1.00,יחידה,false,1,22.90,22.90,true,1,
7290001245699,false,אקונומיקה סמיכה טאצ' 4,,IL,אקונומיקה סמיכה,ליטרים,4.00,ליטר,false,1,11.90,2.98,true,1,
7290001246139,false,חיטוי פירות וירקות טאצ',,IL,חיטוי פירות וירק,ליטרים,1.00,ליטר,false,1,11.90,11.90,true,1,
7290001247006,false,גזוז בטעם קולה קריסטל 2ל,"יפאורה תבורי בע""\מ",IL,קריסטל קולה,ליטרים,2.00,ליטר,false,0,3.30,1.65,true,1,
7290001247020,false,קריסטל אורנג' 2 ליטר,"יפאורה תבורי בע""\מ",IL,קריסטל אורנג',ליטרים,2.00,ליטר,false,0,3.30,1.65,true,1,
7290001247037,false,גזוז בטעם מנטה קריסטל 2ל,"יפאורה תבורי בע""\מ",IL,גזוז בטעם מנטה,ליטרים,2.00,ליטר,false,0,3.30,1.65,true,1,
7290001247044,false,קריסטל תות מוגז 2 ליטר,"יפאורה תבורי בע""\מ",IL,קריסטל מוגז תות,ליטרים,2.00,ליטר,false,0,3.30,1.65,true,1,
7290001247051,false,קריסטל למון ליים 2 ליטר,"יפאורה תבורי בע""\מ",IL,גזוז לימון ליים,ליטרים,2.00,ליטר,false,0,3.30,1.65,true,1,
7290001247068,false,נקטר ספרינג תות-בננה 1ל',"יפאורה תבורי בע""\מ",IL,נקטר תות בננה,ליטרים,1.00,ליטר,false,0,4.80,4.80,true,1,
7290001247082,false,נקטר עגבניות ספרינג 1 ל',"יפאורה תבורי בע""\מ",IL,נקטר עגבניות,ליטרים,1.00,ליטר,false,0,4.80,4.80,true,1,
7290001247099,false,נקטר ספרינג מנגו 1 ליטר,"יפאורה תבורי בע""\מ",IL,נקטר ספרינג מנגו,ליטרים,1.00,ליטר,false,0,4.80,4.80,true,1,
7290001247105,false,נקטר ספרינג אפרסק 1 ליטר,"יפאורה תבורי בע""\מ",IL,נקטר אפרסק,ליטרים,1.00,ליטר,false,0,4.80,4.80,true,1,
7290001247112,false,נקטר ספרינג לימונענע 1ל',"יפאורה תבורי בע""\מ",IL,משקה לימונענע,ליטרים,1.00,ליטר,false,0,4.80,4.80,true,1,
7290001247129,false,נקטר ספרינג תפוזים 1ליטר,"יפאורה תבורי בע""\מ",IL,נקטר ספרינג תפוז,ליטרים,1.00,ליטר,false,0,4.80,4.80,true,1,
7290001247143,false,נקטר ספרינג תפוחים 1ליטר,"יפאורה תבורי בע""\מ",IL,נקטר ספרינג תפוח,ליטרים,1.00,ליטר,false,0,4.80,4.80,true,1,
7290001247211,false,קריסטל ענבים מוגז 2 ליטר,"יפאורה תבורי בע""\מ",IL,קריסטל ענבים,ליטרים,2.00,ליטר,false,0,3.30,1.65,true,1,
7290001247952,false,"תפוזינה משק""ל ענבים1.5ל","יפאורה תבורי בע""\מ",IL,תפוזינה ענבים,ליטרים,1.50,ליטר,false,0,5.90,3.93,true,1,
7290001258101,false,גאודה 28% במשקל,גבינות משק יעקבס,IL,גאודה בטעמים,קילוגרמים,0.00,"ק""ג",true,0,89.00,89.00,true,1,
7290001258262,false,משולש גאודה ע.תיבול משקל,גבינות משק יעקבס,IL,גאודה עשבי תיבול,קילוגרמים,0.00,"ק""ג",true,0,89.00,89.00,true,1,
7290001258682,false,"יוגורט עיזים 500 מ""ל",משק יעקבס,IL,יוגורט עיזים,מיליליטרים,500.00,"100 מ""ל",false,0,12.90,2.58,true,1,
7290001258729,false,לאבנה עיזים 250 גרם,משק יעקבס,IL,לאבנה עיזים,גרמים,250.00,100 גרם,false,0,13.90,5.56,true,1,
7290001258804,false,גבינה קשקבל 180 גרם,משק יעקבס,IL,גבינה קשקבל,גרמים,180.00,100 גרם,false,0,22.90,12.72,true,1,
7290001258903,false,גאודה כמון  משקל,גבינות משק יעקבס,IL,גבינה גאודה כמון,קילוגרמים,0.00,"ק""ג",true,1,89.00,89.00,true,1,
7290001274422,false,מאגדת מצופה בטעם בננה 8,פלקו בעמ,IL,מאגדת בליסימו,יחידה,1.00,יחידה,false,0,19.90,19.90,true,1,
7290001274934,false,גלידל פרי לימון דייט,פלקו בעמ,IL,גלידל פרי לימון,גרמים,640.00,100 גרם,false,0,23.90,3.73,true,1,
7290001274941,false,גלידל פרי דיאטטי פטל,פלקו בעמ,IL,גלידל פרי פטל,גרמים,640.00,100 גרם,false,0,23.90,3.73,true,1,
7290001312995,false,באגט,גידרון,IL,באגט,יחידה,1.00,יחידה,false,0,3.90,3.90,true,1,
7290001322314,false,תחתיות ארטישוק 400 גרם,.,IL,תחתיות ארטישוק,גרמים,400.00,100 גרם,false,1,9.90,2.48,true,1,
7290001327180,false,קרמיסימו בטעם וניל צ'יפ,"גלידת שטראוס בע""\מ",IL,קרמיסימו בטעם ונ,ליטרים,1.33,ליטר,false,0,17.90,13.46,true,1,
7290001327197,false,קרמיסימו שוקו וניל 1.33ל,"גלידת שטראוס בע""\מ, רח'\",IL,גל קרמיסימו,ליטרים,1.33,ליטר,false,0,17.90,13.46,true,1,
7290001327227,false,קרמיסימו ריבת חלב 1.33ל',"גלידת שטראוס בע""\מ",IL,גלידה קרמיסימו,ליטרים,1.33,ליטר,false,0,17.90,13.46,true,1,
7290001327357,false,גל.קרמיסימו וניל 1.33ל',"גלידת שטראוס בע""\מ",IL,גלידה קרמיסימו,ליטרים,1.33,ליטר,false,0,17.90,13.46,true,1,
7290001327791,false,קרמיסימו טעם וניל עוגיות,"גלידת שטראוס בע""\מ",IL,קרמיסימו טעם וני,ליטרים,1.33,ליטר,false,0,17.90,13.46,true,1,
7290001338100,false,"תחליב הגנה SPF50 250 מ""ל",מיוצר עי : אמיליה קוסמטי,IL,תחליב הגנה SPF50,מיליליטרים,250.00,"100 מ""ל",false,0,34.90,13.96,true,1,
7290001342350,false,מטיאס הולנדי+בצל,,,מטיאס הולנדי+בצל,גרמים,700.00,100 גרם,false,0,29.90,4.27,true,1,
7290001343845,false,גרנולה עם פירות,דין שיווק,MK,גרנולה מעורבת,קילוגרמים,1.00,"ק""ג",false,0,19.90,19.90,true,1,
7290001369623,false,חזה בקר 3 אגודים,,IL,חזה בקר 3 אגודים,קילוגרמים,0.00,"ק""ג",true,0,39.90,39.90,true,1,
7290001369630,false,כתף בקר 4 אגודים,,IL,כתף בקר,קילוגרמים,0.00,"ק""ג",true,1,54.90,54.90,true,1,
7290001369654,false,פילה מדומה מספר 6 אגודים,לחוביץ,IL,פילה מדומה מספר,קילוגרמים,0.00,"ק""ג",true,1,69.90,69.90,true,1,
7290001369661,false,.מכסה הצלע  7 אגודים,,IL,מכסה הצלע 7,קילוגרמים,0.00,"ק""ג",true,1,49.90,49.90,true,1,
7290001369715,false,צוואר בקר 10 אגודים .,,UY,צוואר בקר 10,קילוגרמים,0.00,"ק""ג",true,1,49.90,49.90,true,1,
7290001419779,false,ופלים ט.שוקולד,,IL,ופלים ט.שוקולד,גרמים,200.00,100 גרם,false,0,2.90,1.45,true,1,
7290001427033,false,מיץ סחוט תפוחים,,IL,מיץ סחוט תפוחים,ליטרים,1.00,ליטר,false,0,14.90,14.90,true,1,
7290001427453,false,פינק ליידי מיץ תפוחיםל1,פריניב,IL,מיץ תפוחים,ליטרים,1.00,ליטר,false,1,18.90,18.90,true,1,
7290001436028,false,בשר לחמין שקיל,בלאדי,IL,בשר לחמין,קילוגרמים,0.00,"ק""ג",true,1,69.90,69.90,true,1,
7290001436356,false,סטייק סלמון נורבגי בוואק,בלדי,NO,סטייק סלמון נורב,קילוגרמים,0.00,"ק""ג",true,1,39.90,39.90,true,1,
7290001436479,false,נתחי פילה טונה שקיל,,VN,נתחי פילה טונה,קילוגרמים,0.00,"ק""ג",true,1,19.90,19.90,true,1,
7290001436752,false,עצמות צוואר בקר לפי שקיל,הובלצ'יק,IL,עצמות צוואר בקר,גרמים,0.00,"ק""ג",true,1,19.90,19.90,true,1,
7290001455043,false,כתף 4 שקיל,בלאדי,IL,כתף 4,קילוגרמים,0.00,"ק""ג",true,1,89.90,89.90,true,1,
7290001455081,false,שריר 8 שקיל,BEEF MCEEN,PL,שריר 8,קילוגרמים,0.00,"ק""ג",true,1,87.90,87.90,true,1,
7290001455739,false,עצמות מח פרוס,BEEF MCEEN,PL,עצמות מח פרוס,קילוגרמים,0.00,"ק""ג",true,1,49.90,49.90,true,1,
7290001455746,false,"פילה מדומה בד""צ",הובלצ'יק,PL,פילה מדומה בלדי,קילוגרמים,0.00,"ק""ג",true,1,89.90,89.90,true,1,
7290001482421,false,הבולגריה 22%,,,הבולגריה 22%,קילוגרמים,0.00,"ק""ג",true,0,39.00,39.00,true,1,
7290001485019,false,גב.שמנת בטעם טבעי5% 200ג,טרה,IL,גבינת שמנת 5%,גרמים,200.00,100 גרם,false,0,9.90,4.95,true,1,
7290001485026,false,גב.שמנת עם זיתים 5% 200ג,טרה,IL,גבינת שמנת+זיתים,גרמים,200.00,100 גרם,false,0,9.90,4.95,true,1,
7290001485033,false,גב.שמנת שום שמיר5% 200ג,טרה,IL,גבינת שמנת 5%,גרמים,200.00,100 גרם,false,0,9.90,4.95,true,1,
7290001491096,false,תה ירוק לימונ+לואיזה50שק,ויסוצקי,IL,תה ירוק לימונית,גרמים,75.00,100 גרם,false,0,38.90,51.87,true,1,
7290001507360,false,אובלטים ק.כוסמין אורג100,אם החיטה,IL,אובלטים כוסמין,גרמים,100.00,100 גרם,false,0,9.90,9.90,true,1,
7290001598122,false,לחם מיוחד שיפון מלא 550ג,מאפית יוסף בראון,IL,לחם מיוחד שיפון,גרמים,550.00,100 גרם,false,1,11.90,2.16,true,1,
7290001598191,false,לחם קל מקמח שיפון מלא550,מאפיית יוסף ברון בעמ,IL,לחם קל שיפון מלא,גרמים,550.00,100 גרם,false,1,11.90,2.16,true,1,
7290001598269,false,לחם 7 דגנים קל 550 גרם,מאפית יוסף בראון,IL,לחם 7 דגנים,גרמים,550.00,100 גרם,false,1,11.90,2.16,true,1,
7290001664100,false,עוף טחון איכות למהדרין,בלדי,IL,"עוף טחון  ק""ג",קילוגרמים,1.00,"ק""ג",false,0,30.90,30.90,true,1,
7290001664223,false,רצועות מיני אסאדו איכות,,IL,מיני אסאדו פרוס,קילוגרמים,0.00,"ק""ג",true,1,74.90,74.90,true,1,
7290001714621,false,אסאדו טרי ארוז שקיל,,IL,אסאדו טרי ארוז,קילוגרמים,0.00,"ק""ג",true,1,64.90,64.90,true,1,
7290001714638,false,שריר טרי ארוז חלק שקיל,תנובה,IL,שריר טרי ארוז,קילוגרמים,0.00,"ק""ג",true,1,79.90,79.90,true,1,
7290001714652,false,צלי כתף טרי ארוז חלק שקי,תנובה,IL,צלי כתף ארוז,קילוגרמים,0.00,"ק""ג",true,1,89.90,89.90,true,1,
7290001714669,false,פילה מדומה טרי ארוז חלק,תנובה,IL,פילה מדומה טרי,קילוגרמים,0.00,"ק""ג",true,1,84.90,84.90,true,1,
7290001714676,false,קוביות גולש טרי ארוז חלק,תנובה,IL,קוביות גולש טרי,קילוגרמים,0.00,"ק""ג",true,1,69.90,69.90,true,1,
7290001714683,false,בשר עם עצם לחמין טרי שקי,תנובה,IL,בשר עם עצם,קילוגרמים,0.00,"ק""ג",true,1,49.90,49.90,true,1,
7290001714690,false,מארז כתף חלק שקיל,תנובה,IL,מארז כתף חלק,קילוגרמים,0.00,"ק""ג",true,1,79.90,79.90,true,1,
7290001780428,false,גלידיאט שוקו+ 6יח',גלידות נסטלה )נגה גלידות,IL,מארז גלידיאט,גרמים,360.00,100 גרם,false,0,22.90,6.36,true,1,
7290001791356,false,פרש אוטומטי בלו אייר250,סנו מפעלי ברונוס בעמ,IL,סנופרש אוטומטי,מיליליטרים,250.00,"100 מ""ל",false,0,11.90,4.76,true,1,
7290001791363,false,סנופרש אוטומטי וניל 250מ,סנו מפעלי ברונוס בעמ,IL,סנופרש אוטומטי,מיליליטרים,250.00,"100 מ""ל",false,0,11.90,4.76,true,1,
7290001791776,false,סנו די רול און אלוורה50מ,קוסמופארם,IL,סנו די רול און,מיליליטרים,50.00,"100 מ""ל",false,0,17.90,35.80,true,1,
7290001813454,false,חיוכים סנדויץ שוקולד900ג,שטראוס,IL,חיוכים שוקו,גרמים,900.00,100 גרם,false,0,18.90,2.10,true,1,
7290001813478,false,חיוכים סנדויץ וניל900ג,שטראוס,IL,חיוכים בטעם וניל,גרמים,900.00,100 גרם,false,0,18.90,2.10,true,1,
7290001817377,false,ציטוס איקס עיגול פיצה60ג,"שטראוס פריטו ליי בע""\מ )",IL,צ'יטוס איקס,גרמים,60.00,100 גרם,false,0,2.90,4.83,true,1,
7290001817728,false,צ'יטוס כאפה 55 גרם,"שטראוס פריטו ליי בע""\מ )",IL,צ'יטוס כפאה,גרמים,55.00,100 גרם,false,0,2.90,5.27,true,1,
7290001820254,false,מרק בטעם עוף צנצנת 350גר,מתבל תעשיות מזון,IL,מרק בטעם עוף,גרמים,350.00,100 גרם,false,0,10.90,3.11,true,1,
7290001820261,false,אבקת מרק פטריות צנצנת400,מתבל תעשיות מזון,IL,מרק פטריות,גרמים,400.00,100 גרם,false,0,14.90,3.73,true,1,
7290001820278,false,אבקת מרק בצל טבעי 400 ג',מתבל תעשיות מזון,IL,אבקת מרק בצל,גרמים,400.00,100 גרם,false,0,14.90,3.73,true,1,
7290001820285,false,אבקת מרק ירקות טבעי 400ג,מתבל תעשיות מזון,IL,אבקת מרק ירקות,גרמים,400.00,100 גרם,false,0,14.90,3.73,true,1,
7290001820698,false,ג'לי טעם תות 80 גרם,מתבל,IL,ג'לי תות,גרמים,80.00,100 גרם,false,1,3.90,4.88,true,1,
7290001820803,false,"מצות יד בד""ץעד""ח",,IL,"מצות יד בד""ץעד""ח",גרמים,1000.00,100 גרם,false,0,119.00,11.90,true,1,
7290001820926,false,ליקר שוקולד לחי,,,ליקר שוקולד לחי,מיליליטרים,700.00,"100 מ""ל",false,0,49.90,7.13,true,1,
7290001865439,false,סבון פמלי לבן +משאבה 1ל',אינטרקוסמא,IL,סבון נוזלי פמלי,ליטרים,1.00,ליטר,false,0,11.90,11.90,true,1,
7290001865453,false,סבון פמלי סגול+משאבה 1ל',אינטרקוסמא,TR,סבון נוזלי פמלי,ליטרים,1.00,ליטר,false,0,11.90,11.90,true,1,
7290001901724,false,רולדה ווייטפיש דלישס,,IL,ווייטפיש דלישס,גרמים,500.00,100 גרם,false,1,22.90,4.58,true,1,
7290001902134,false,לחם איטלקי 290 גרם,גידרון,IL,לחם איטלקי,יחידה,1.00,יחידה,false,0,5.90,5.90,true,1,
7290001902301,false,חלה מתוקה קלועה 450 גרם,גידרון,IL,חלה מתוקה קלוע,יחידה,1.00,יחידה,false,0,9.90,9.90,true,1,
7290001902318,false,חלה מתוקה קלוע+צימוקקפוא,גידרון,IL,חלה מתוקה קלוע,יחידה,1.00,יחידה,false,0,9.90,9.90,true,1,
7290001902325,false,חלה קלועה  שופרסל,גידרון,IL,חלה קלועה שופרסל,יחידה,1.00,יחידה,false,0,9.90,9.90,true,1,
7290001902776,false,לחמנית עם דגנים קפוא,גידרון,IL,לחמנית עם דגנים,יחידה,1.00,יחידה,false,0,3.90,3.90,true,1,
7290001902783,false,לחמנית המבורגר,גידרון,IL,לחמנית המבורגר,יחידה,1.00,יחידה,false,0,2.90,2.90,true,1,
7290001946121,false,פפריקה בשמן,,IL,פפריקה בשמן,גרמים,400.00,100 גרם,false,0,17.90,4.48,true,1,
7290001989746,false,מקרל מעושן שלם משקל,סלטי שמיר,IL,מקרל מעושן,קילוגרמים,0.00,"ק""ג",true,1,99.00,99.00,true,1,
7290001990148,false,"סוכר גולדן קלאסי 1 ק""ג","סוגת תעשיות בע""\מ",IL,סוכר גולדן,קילוגרמים,1.00,"ק""ג",false,0,8.90,8.90,true,1,
7290002000136,false,שעוות הדבש משי מיקרו500ג,"ש. שוורץ )באר שבע( בע""\מ",IL,שעוות מגע משי,גרמים,500.00,100 גרם,false,0,15.90,3.18,true,1,
7290002003168,false,"קרם ידיים  פנג'ל 80*3מ""ל",אינטרקוסמא,IL,קרם יד.פנג'ל 3יח,מיליליטרים,240.00,"100 מ""ל",false,0,13.90,5.79,true,1,
7290002019114,false,תרכיז עגבנ.פ.ניר28% 580ג,פרי ניר,IL,תרכיז עגבניות,גרמים,580.00,100 גרם,false,0,5.90,1.02,true,1,
7290002019763,false,עגבנ.מרוסקות פרי ניר800ג,פרי ניר,IL,עגבניות מרוסקות,גרמים,800.00,100 גרם,false,0,5.90,0.74,true,1,
7290002019787,false,רוטב עגבניות מרוכז260גר,פרי ניר,IL,רוטב עגבניות,גרמים,260.00,100 גרם,false,0,2.90,1.12,true,1,
7290002019794,false,רוטב עגבניות מרוכז100גר,פרי ניר,IL,רוטב עגבניות,גרמים,100.00,100 גרם,false,0,1.50,1.50,true,1,
7290002022923,false,לקקן פופ תות 50 יחידות,כרמית,TR,לקקן פופ תות,גרמים,450.00,100 גרם,false,0,14.90,3.31,true,1,
7290002026341,false,ציפס בטטה 500 גרם,מוצרי איכות אמריקאיים,CA,ציפס בטטה,גרמים,500.00,100 גרם,false,12,16.90,3.38,true,1,
7290002026358,false,ציפס בטטה זיג זג 500 גרם,מוצרי איכות אמריקאיים,CA,ציפס בטטה זיג זג,גרמים,500.00,100 גרם,false,1,16.90,3.38,true,1,
7290002026365,false,טבעות בצל 500 גרם,מוצרי איכות אמריקאיים,BE,טבעות בצל,גרמים,500.00,100 גרם,false,20,9.90,1.98,true,1,
7290002026402,false,בלינצ'ס גבינה קפוא 350גר,מוצרי איכות אמריקאיים בע,IL,בלינצ'ס גבינה,גרמים,350.00,100 גרם,false,0,14.90,4.26,true,1,
7290002026440,false,פרצלס קפוא 280 גרם,מוצרי איכות אמריקאיים בע,IL,פרצלס קפוא 280גר,גרמים,280.00,100 גרם,false,0,14.90,5.32,true,1,
7290002026587,false,וופל בלגי חם מהמקפיא,ביסקוטר ת.ס הרנטיס,BE,וופל בלגי חם,גרמים,280.00,100 גרם,false,1,14.90,5.32,true,1,
7290002026914,false,מאגדת קלאסיק מיקס יח',מוצרי איכות אמריקאיים בע,IL,מאגדת קלאסיק מיק,מיליליטרים,400.00,"100 מ""ל",false,1,24.90,6.23,true,1,
7290002035121,false,מטיאס אמיתי בש,,IL,מטיאס אמיתי בש,גרמים,300.00,100 גרם,false,0,29.90,9.97,true,1,
7290002035138,false,מקרל מעושן,,IL,מקרל מעושן,קילוגרמים,0.00,"ק""ג",true,0,99.00,99.00,true,1,
7290002035183,false,סלמון נורבגי,,IL,סלמון נורבגי,גרמים,100.00,100 גרם,false,0,19.90,19.90,true,1,
7290002035312,false,טונה מעושנת,,IL,טונה מעושנת,קילוגרמים,0.00,"ק""ג",true,0,129.00,129.00,true,1,
7290002035336,false,מטיאס הולנדי,,IL,מטיאס הולנדי,גרמים,300.00,100 גרם,false,0,19.90,6.63,true,1,
7290002035879,false,דג הרינג כבוש,,,דג הרינג כבוש,גרמים,700.00,100 גרם,false,0,29.90,4.27,true,1,
7290002035886,false,מטיאס הולנדי+בצל,,IL,מטיאס הולנדי+בצל,גרמים,300.00,100 גרם,false,0,19.90,6.63,true,1,
7290002040064,false,קוסקוס דק 350 גרם,קוסקוס מזון,IL,קוסקוס דק,גרמים,350.00,100 גרם,false,0,3.90,1.11,true,1,
7290002040071,false,קוסקוס עבה 350 גרם,קוסקוס מזון,IL,קוסקוס עבה,גרמים,350.00,100 גרם,false,0,3.90,1.11,true,1,
7290002040088,false,קוסקוס מלא 350 גרם,קוסקוס מזון,IL,קוסקוס מלא,גרמים,350.00,100 גרם,false,0,5.50,1.57,true,1,
7290002040095,false,קוסקוס רגיל 3 * 350 גרם,קוסקוס מזון,IL,קוסקוס רגיל 3 יח,קילוגרמים,1.05,"ק""ג",false,0,11.90,11.33,true,1,
7290002044628,false,שומן כבש עטרה 200 גרם,טיבון ויל אחזקות בעמ,IL,שומן כבש,גרמים,200.00,100 גרם,false,0,24.90,12.45,true,1,
7290002057291,false,פלפל חריף שיפקה 540 גרם,קבוצת יבנה,IL,פלפל חריף שיפקה,גרמים,540.00,100 גרם,false,1,4.90,0.91,true,1,
7290002075035,false,אובלטים מלוחים,,IL,אובלטים מלוחים,גרמים,500.00,100 גרם,false,0,13.90,2.78,true,1,
7290002077268,false,מיני קציצות דג לבישול 00,דלידג בעמ,IL,קציצות דג,גרמים,500.00,100 גרם,false,0,18.90,3.78,true,1,
7290002079033,false,לחם דגנים לייט 500 גרם,מאפיית דוידוביץ ובניו בע,IL,לחם דגנים לייט,גרמים,500.00,100 גרם,false,0,9.90,1.98,true,1,
7290002079361,false,לחמניות המבורגר 2+6,מאפיית דוידוביץ,IL,לחמניות המבורגר,יחידה,1.00,יחידה,false,0,10.90,10.90,true,1,
7290002079477,false,לחם אחיד פרוס 750 גרם,מאפיית דוידוביץ ובניו בע,IL,לחם אחיד פרוס,גרמים,750.00,100 גרם,false,0,5.70,0.76,true,1,
7290002079927,false,לחם דגנים מלא 750 גרם,מאפיית דוידוביץ,IL,לחם דגנים מלא,גרמים,750.00,100 גרם,false,0,9.90,1.32,true,1,
7290002079996,false,לחם אחיד פרוס קל 750 גרם,מאפיית דוידוביץ,IL,לחם אחיד פרוס קל,גרמים,750.00,100 גרם,false,0,9.90,1.32,true,1,
7290002096498,false,דובשניות 600 גרם,חפץ אליקים,IL,דובשניות 600 גרם,גרמים,600.00,100 גרם,false,0,9.90,1.65,true,1,
7290002107019,false,גב.צפתית מעודנת5% 250גרם,משק צוריאל,IL,צפתית מעודנת5%,גרמים,250.00,100 גרם,false,0,16.90,6.76,true,1,
7290002107316,false,גבינת טבורוג 5% משקל,משק צוריאל תבור,IL,גבינת טבורוג 5%,קילוגרמים,0.00,"ק""ג",true,0,39.00,39.00,true,1,
7290002107385,false,מה-עז גב.עיזים בגליל180ג,משק צוריאל,IL,גבינת עיזים,גרמים,180.00,100 גרם,false,0,19.90,11.06,true,1,
7290002107422,false,גבינה בולגרית5% במשקל,משק צוריאל תבור,IL,גבינה בולגרית5%,קילוגרמים,0.00,"ק""ג",true,0,49.00,49.00,true,1,
7290002107491,false,גב.עיזים5% למריחה 250 גר,משק צוריאל,IL,גבינת עיזים 5%,גרמים,250.00,100 גרם,false,0,13.90,5.56,true,1,
7290002107743,false,צפתית מעודנת5%משק צוריאל,משק צוריאל תבור,IL,גבינה צפתית 5%,קילוגרמים,0.00,"ק""ג",true,0,49.00,49.00,true,1,
7290002107798,false,בולגרית מעודנת 5% 250 גר,משק צוריאל,IL,גבינה בולגרית 5%,גרמים,250.00,100 גרם,false,0,17.90,7.16,true,1,
7290002107965,false,גב. טבורוג 5% 500ג,משק צוריאל,IL,גבינת טבורוג,גרמים,500.00,100 גרם,false,0,19.90,3.98,true,1,
7290002109402,false,גבינה מותכת 120ג,,IL,גבינה מותכת 120ג,גרמים,120.00,100 גרם,false,0,11.90,9.92,true,1,
7290002109419,false,גבינה מותכת 120ג,,IL,גבינה מותכת 120ג,גרמים,120.00,100 גרם,false,0,11.90,9.92,true,1,
7290002109426,false,גבינה מותכת 120ג,,IL,גבינה מותכת 120ג,גרמים,120.00,100 גרם,false,0,11.90,9.92,true,1,
7290002109433,false,גבינה מותכת 120ג,,IL,גבינה מותכת 120ג,גרמים,120.00,100 גרם,false,0,11.90,9.92,true,1,
7290002129431,false,שניצלוני דג מצופים 600 ג,דלידג בעמ,IL,שניצלוני דג,גרמים,600.00,100 גרם,false,1,19.90,3.32,true,1,
7290002129462,false,זוג פיצה משפחתית 640 גרם,סוילה אס.אר.אל,IT,זוג פיצה משפחתית,גרמים,640.00,100 גרם,false,1,15.90,2.48,true,1,
7290002130574,false,דבש מפרחי בר יד מרדכי500,מכוורת יד מרדכי שטראוס ב,IL,דבש מפרחי בר,גרמים,500.00,100 גרם,false,0,23.90,4.78,true,1,
7290002130581,false,דבש בצנצנת יד מרדכי 1ק,מכוורת יד מרדכי שטראוס ב,IL,דבש טהור,קילוגרמים,1.00,"ק""ג",false,0,39.90,39.90,true,1,
7290002131250,false,כרעיים ע.טרי היד,,,כרעיים ע.טרי היד,קילוגרמים,0.00,"ק""ג",true,0,42.90,42.90,true,1,
7290002131267,false,חזה עוף הידורים,,,חזה עוף הידורים,קילוגרמים,0.00,"ק""ג",true,0,42.90,42.90,true,1,
7290002131274,false,כנפיים עוף,,,כנפיים עוף,קילוגרמים,0.00,"ק""ג",true,0,17.90,17.90,true,1,
7290002131281,false,שוקיים עוף,,,שוקיים עוף,קילוגרמים,0.00,"ק""ג",true,0,48.90,48.90,true,1,
7290002131298,false,ירכיים עוף הידור,,,ירכיים עוף הידור,קילוגרמים,0.00,"ק""ג",true,0,39.90,39.90,true,1,
7290002131311,false,עוף טרי הידורים,,,עוף טרי הידורים,קילוגרמים,0.00,"ק""ג",true,0,27.90,27.90,true,1,
7290002131328,false,שניצל עוף הידור,,,שניצל עוף הידור,קילוגרמים,0.00,"ק""ג",true,0,44.90,44.90,true,1,
7290002131748,false,קשתית בקר עטרה,,FR,קשתית בקר,קילוגרמים,0.00,"ק""ג",true,1,64.90,64.90,true,1,
7290002131908,false,צלעות אונטריפ,,,צלעות אונטריפ,קילוגרמים,0.00,"ק""ג",true,0,55.90,55.90,true,1,
7290002132011,false,עוגיות מזרחיות שומשום400,מאפיית יוסף ושמחה עבאדי,IL,עוגיות מזרחיות,גרמים,400.00,100 גרם,false,0,14.90,3.73,true,1,
7290002133063,false,גב.צפתית קשה 29%במשקל,מחלבת השומרון,IL,גבינה צפתית,קילוגרמים,0.00,"ק""ג",true,0,66.00,66.00,true,1,
7290002133070,false,גב.קשקבל טורקי צאן22%משק,מחלבת השומרון,IL,גבינת קשקבל,קילוגרמים,0.00,"ק""ג",true,0,103.00,103.00,true,1,
7290002133087,false,גבינה בולגרית צאן20%משקל,מחלבת השומרון,,גב. בולגרית צאן,גרמים,0.00,"ק""ג",true,0,83.00,83.00,true,1,
7290002133094,false,ברינזה צאן 20% במשקל,מחלבת השומרון,IL,גבינה ברינזה צאן,קילוגרמים,0.00,"ק""ג",true,0,85.00,85.00,true,1,
7290002133117,false,בולגרית מעודנת 5% במשקל,מחלבת השומרון,IL,גבינה בולגרית 5%,קילוגרמים,0.00,"ק""ג",true,0,55.00,55.00,true,1,
7290002133148,false,צפתית רכה 5% במשקל,מחלבת השומרון,IL,גבינה צפתית 5%,קילוגרמים,0.00,"ק""ג",true,0,56.00,56.00,true,1,
7290002133193,false,גבינה בולגרית 5% משקל,מחלבת השומרון,IL,גבינה בולגרית 5%,קילוגרמים,0.00,"ק""ג",true,0,56.00,56.00,true,1,
7290002139645,false,מארז שניצל עגל חלק א.אדו,תנובה,IL,מארז שניצל עגל א,קילוגרמים,0.00,"ק""ג",true,0,89.90,89.90,true,1,
7290002139904,false,סטייק עם עצם טרי ארוז שק,תנובה,IL,סטייק עם עצם,קילוגרמים,0.00,"ק""ג",true,1,119.90,119.90,true,1,
7290002153238,false,"מצה שמורה הלפרין 2 ק""ג",אם החיטה,IL,מצה שמורה,קילוגרמים,2.00,"ק""ג",false,1,64.90,32.45,true,1,
7290002153245,false,"מצה 2.5 ק""ג",אם החיטה,IL,"מצה  2.5 ק""ג",קילוגרמים,2.50,"ק""ג",false,0,23.90,9.56,true,1,
7290002157694,false,כבד עוף צלוי עטרה 200גרם,נטו,IL,כבד עוף צלוי200ג,גרמים,200.00,100 גרם,false,1,24.90,12.45,true,1,
7290002190141,false,ריבת חלב קונדיטור 450גרם,"אשבל בע""\מ",IL,ריבת חלב קונדיטו,גרמים,450.00,100 גרם,false,0,12.90,2.87,true,1,
7290002190516,false,ממרח ריבת חלב קומידה500ג,אשבל מזון פונקציונלי בע\,IL,ממרח ריבת חלב,גרמים,500.00,100 גרם,false,0,12.90,2.58,true,1,
7290002200529,false,סט 12 צבעי פסטל אסטרא,,IL,סט 12 צבעי פסטל,יחידה,1.00,יחידה,false,1,7.90,7.90,true,1,
7290002206583,false,בשר לחמין קהילות עם עצם,טיבון ויל,PL,בשר לחמין,קילוגרמים,0.00,"ק""ג",true,1,59.90,59.90,true,1,
7290002206644,false,קוקטייל עוף טרי אר' עטרה,נטו,IL,קוקטייל עוף טרי,קילוגרמים,0.00,"ק""ג",true,1,37.90,37.90,true,1,
7290002206682,false,שניצל פרימ' טרי אר' קהיל,נטו,IL,שניצל פרימיום,קילוגרמים,0.00,"ק""ג",true,1,42.90,42.90,true,1,
7290002206729,false,עצמות מוח פרוס שקיל,זבישקו,PL,עצמות מוח פרוס,קילוגרמים,0.00,"ק""ג",true,1,39.90,39.90,true,1,
7290002206736,false,עצמות עגל קהילות,טיבון ויל,IL,עצמות עגל קהילות,קילוגרמים,0.00,"ק""ג",true,1,12.90,12.90,true,1,
7290002206743,false,רגל בקר פרוסה קהילות,טיבון ויל,IL,רגל בקר פרוסה,קילוגרמים,0.00,"ק""ג",true,1,49.90,49.90,true,1,
7290002206750,false,שריר הזרוע מקומי קהילות,דאבח,IL,שריר זרוע מקומי,קילוגרמים,0.00,"ק""ג",true,1,74.90,74.90,true,1,
7290002210009,false,חלבה וניל בלוק 500 גרם,עדן,IL,חלבה וניל בלוק,גרמים,500.00,100 גרם,false,1,8.90,1.78,true,1,
7290002210115,false,חלבה עם שקד ואגוז 500 גר,עדן,IL,חלבה שקד ואגוז,גרמים,500.00,100 גרם,false,1,10.90,2.18,true,1,
7290002210412,false,חלבה וניל 100 גרם,עדן,IL,חלבה וניל,גרמים,100.00,100 גרם,false,1,2.90,2.90,true,1,
7290002210429,false,חלבה מצופה 80 גרם,עדן,IL,חלבה מצופה,גרמים,80.00,100 גרם,false,1,2.90,3.63,true,1,
7290002247838,false,שלישיית סכינים,,,שלישיית סכינים,יחידה,1.00,יחידה,false,0,16.90,16.90,true,1,
7290002251200,false,סט כפיות קוצינה 6 יחידות,YANAGXI,CN,סט כפיות קוצינה,יחידה,1.00,יחידה,false,1,9.90,9.90,true,1,
7290002251217,false,סט כפות קוצינה 6 יחידות,YANAGXI,CN,סט כפות קוצינה 6,יחידה,1.00,יחידה,false,1,11.90,11.90,true,1,
7290002251224,false,סט מזלגות קוצינה 6 יחידו,YANAGXI,CN,סט מזלגות קוצינה,יחידה,1.00,יחידה,false,1,11.90,11.90,true,1,
7290002253006,false,שום כתוש דורות 200 גרם,דורות,IL,שום טרי כתוש,גרמים,200.00,100 גרם,false,0,12.90,6.45,true,1,
7290002253013,false,ראשום דורות 400 גרם,מוצרי שום ותיבול דורות,IL,ראשום דורות,גרמים,400.00,100 גרם,false,1,22.90,5.73,true,1,
7290002253105,false,דורות שום במגשית 80 גרם,דורות,IL,שום כתוש קפוא,גרמים,80.00,100 גרם,false,0,8.90,11.13,true,1,
7290002253150,false,דורותבזיליקום קצוץ מגשית,דורות,IL,דורות בזיליקום,גרמים,70.00,100 גרם,false,0,8.90,12.71,true,1,
7290002253167,false,דורות פטרוזיליה קצוצה 70,דורות,IL,דורותפטרוזיליה,גרמים,70.00,100 גרם,false,0,8.90,12.71,true,1,
7290002253174,false,דורות שמיר קצוץ מגשית 70,דורות,IL,דורות שמיר מגשית,גרמים,70.00,100 גרם,false,0,8.90,12.71,true,1,
7290002253181,false,דורות כוסברה קצוצה מגשית,דורות,IL,דורות כוסברה,גרמים,70.00,100 גרם,false,0,8.90,12.71,true,1,
7290002253198,false,דורות ג'ינג'ר כתוש מגשית,דורות,IL,גינג'ר כתוש קפוא,גרמים,70.00,100 גרם,false,0,8.90,12.71,true,1,
7290002253235,false,דורות רוטב פסטו 160גרם,דורות,IL,דורות רוטב פסטו,גרמים,160.00,100 גרם,false,16,10.90,6.81,true,1,
7290002253495,false,דורות תיבול לטחינה 70 גר,דורות,IL,דורות תיבול טחינ,גרמים,70.00,100 גרם,false,1,8.90,12.71,true,1,
7290002259664,false,רדיד אלומיניום,,US,רדיד אלומיניום,מטרים,60.00,מטר,false,0,39.90,0.67,true,1,
7290002278528,false,כרית כלים לשבת,,IL,כרית כלים לשבת,יחידה,1.00,יחידה,false,0,6.90,6.90,true,1,
7290002279211,false,חלה מתוקה 500,,IL,חלה מתוקה 500,גרמים,500.00,100 גרם,false,0,6.90,1.38,true,1,
7290002281467,false,מארז פיצה משפחתית 3 יח,,IL,מארז פיצה 3 יח,קילוגרמים,1.29,"ק""ג",false,1,23.90,18.53,true,1,
7290002281498,false,צהובה מגורדת ריצ' 500 גר,שלושת האופים בעמ,PL,צהובה מגורדת,גרמים,500.00,100 גרם,false,1,17.90,3.58,true,1,
7290002285069,false,קבב חריף אש עטרה 500 גרם,טיבון ויל אחזקות בעמ,IL,קבב חריף אש,גרמים,500.00,100 גרם,false,0,19.90,3.98,true,1,
7290002285816,false,שניצל פרימ' טרי אר' עטרה,נטו,IL,שניצל פרימיום טר,קילוגרמים,0.00,"ק""ג",true,1,39.90,39.90,true,1,
7290002285830,false,פילה עוף,,,פילה עוף,קילוגרמים,0.00,"ק""ג",true,0,36.90,36.90,true,1,
7290002304203,false,קונפ.תות שדה לייט 600גרם,ענבי ציון,IL,קונפיטורה תות,גרמים,600.00,100 גרם,false,0,19.90,3.32,true,1,
7290002316084,false,גרבי ברך לנשים 4,,IL,גרבי ברך לנשים 4,יחידה,1.00,יחידה,false,0,9.90,9.90,true,1,
7290002316251,false,גרבי ברך לנשים 4,,IL,גרבי ברך לנשים 4,יחידה,1.00,יחידה,false,0,10.90,10.90,true,1,
7290002316596,false,גרבי כותנה לגב,,IL,גרבי כותנה לגב,יחידה,1.00,יחידה,false,0,10.90,10.90,true,1,
7290002316800,false,קמילה 4X 4-זוג,,IL,קמילה 4X 4-זוג,יחידה,1.00,יחידה,false,0,19.90,19.90,true,1,
7290002316916,false,גרבי ירך לנשים 6,,IL,גרבי ירך לנשים 6,יחידה,1.00,יחידה,false,0,21.90,21.90,true,1,
7290002317005,false,טבעות זיתים מושחרים 560,שימורי מוטולה בעמ,IL,טבעות זיתים מושח,גרמים,560.00,100 גרם,false,1,7.90,1.41,true,1,
7290002317081,false,זיתים ירוקים ל.גלעין 670,שימורי מוטולה בעמ,IL,זיתים ירוקים,גרמים,670.00,100 גרם,false,1,7.90,1.18,true,1,
7290002317128,false,מלפפונים במלח 10-12 560,שימורי מוטולה בעמ,IL,מלפפונים במלח,גרמים,560.00,100 גרם,false,1,6.90,1.23,true,1,
7290002317135,false,מלפפונים במלח 13-17 560,שימורי מוטולה בעמ,IL,מלפפונים במלח,גרמים,560.00,100 גרם,false,1,8.90,1.59,true,1,
7290002317142,false,מלפפונים במלח 18-25 560,שימורי מוטולה בעמ,IL,מלפפונים במלח,גרמים,560.00,100 גרם,false,1,9.90,1.77,true,1,
7290002317166,false,מלפפון בחומץ 10-12 560 ג,שימורי מוטולה בעמ,IL,מלפפון בחומץ,גרמים,560.00,100 גרם,false,1,6.90,1.23,true,1,
7290002317173,false,מלפפונים בחומץ 13-17 560,שימורי מוטולה בעמ,IL,מלפפונים בחומץ,גרמים,560.00,100 גרם,false,1,8.90,1.59,true,1,
7290002317180,false,מלפפונים בחומץ 18-25 560,שימורי מוטולה בעמ,IL,מלפפונים בחומץ,גרמים,560.00,100 גרם,false,1,9.90,1.77,true,1,
7290002317203,false,זיתים ירוקים מנזנילו 560,שימורי מוטולה בעמ,IL,זיתים ירוקים,גרמים,560.00,100 גרם,false,1,7.90,1.41,true,1,
7290002317234,false,זיתים מושחרים 15-17 560,שימורי מוטולה בעמ,IL,זיתים מושחרים,גרמים,560.00,100 גרם,false,1,8.90,1.59,true,1,
7290002317265,false,מלפפון במלח 7-9 670 גרם,שימורי מוטולה בעמ,IL,מלפפון במלח,גרמים,670.00,100 גרם,false,1,5.90,0.88,true,1,
7290002317289,false,חצילים מוחמצים 560 גרם,שימורי מוטולה בעמ,IL,חצילים מוחמצים,גרמים,560.00,100 גרם,false,1,5.90,1.05,true,1,
7290002317296,false,פלפל חריף שיפקה 550 גרם,שימורי מוטולה בעמ,IL,פלפל חריף שיפקה,גרמים,550.00,100 גרם,false,1,5.90,1.07,true,1,
7290002317319,false,מלפפונים בחומץ 7-9 670 ג,שימורי מוטולה בעמ,IL,מלפפון בחומץ 7-9,גרמים,670.00,100 גרם,false,1,5.90,0.88,true,1,
7290002317326,false,זיתים ירוקים מנזנילו 670,שימורי מוטולה בעמ,IL,זיתים מנזנילו,גרמים,670.00,100 גרם,false,1,6.90,1.03,true,1,
7290002317371,false,זיתים שחורים ל.גלעין 560,שימורי מוטולה בעמ,IL,חרוזית מושחר,גרמים,560.00,100 גרם,false,1,7.90,1.41,true,1,
7290002317432,false,זיתים ירוקים נטולי גלעין,שימורי מוטולה בעמ,IL,זיתים ירוקים,קילוגרמים,3.00,"ק""ג",false,1,29.90,9.97,true,1,
7290002317456,false,רצועות פלפל אדום מוחמץ 5,שימורי מוטולה בעמ,IL,פלפל מוחמץ,גרמים,560.00,100 גרם,false,1,5.90,1.05,true,1,
7290002317500,false,מלפפונים במלח 30-36 3 קג,שימורי מוטולה בעמ,IL,מלפפונים במלח,קילוגרמים,3.00,"ק""ג",false,1,17.90,5.97,true,1,
7290002317531,false,מלפפונים בחומץ 30-36 3קג,שימורי מוטולה בעמ,IL,מלפפונים בחומץ,קילוגרמים,3.00,"ק""ג",false,1,17.90,5.97,true,1,
7290002317579,false,טבעות זיתים ירוקים 560 ג,שימורי מוטולה בעמ,IL,טבעות זיתים ירוק,גרמים,560.00,100 גרם,false,1,7.90,1.41,true,1,
7290002317609,false,כרוב לבן כבוש 560 גרם,שימורי מוטולה בעמ,IL,כרוב לבן כבוש,גרמים,560.00,100 גרם,false,1,5.90,1.05,true,1,
7290002317616,false,זיתים חתוכים מרינט 560 ג,שימורי מוטולה בעמ,IL,זיתים חתוכים,גרמים,560.00,100 גרם,false,1,8.90,1.59,true,1,
7290002317661,false,זיתים ירוק מנזנילו 560ג,שימורי מוטולה בעמ,IL,זיתים ירוקים,גרמים,560.00,100 גרם,false,1,8.90,1.59,true,1,
7290002317678,false,זיתים ירוק נטול גלעין560,שימורי מוטולה בעמ,IL,זיתים נטול גלעין,גרמים,560.00,100 גרם,false,1,8.90,1.59,true,1,
7290002317746,false,זיתים שחורים גדול גרם560,שימורי מוטולה בעמ,IL,זיתים שחורים,גרמים,560.00,100 גרם,false,1,8.90,1.59,true,1,
7290002317814,false,חצילים מוחמצים צנצנת700ג,שימורי מוטולה בעמ,IL,חצילים מוחמצים,גרמים,700.00,100 גרם,false,1,8.90,1.27,true,1,
7290002317852,false,מלפפון ביתי במלח בצנצנת,שימורי מוטולה בעמ,IL,מלפפון ביתי במלח,קילוגרמים,1.65,"ק""ג",false,1,23.90,14.48,true,1,
7290002319047,false,אגוז מלך 100גרם מיה,מיה תעשיות מזון מ.ת.מ. ב,IL,אגוזי המלך 100גר,גרמים,100.00,100 גרם,false,0,9.90,9.90,true,1,
7290002319054,false,פרג טחון 100 גרם,מיה תעשיות מזון מ.ת.מ. ב,IL,פרג טחון,גרמים,100.00,100 גרם,false,0,4.90,4.90,true,1,
7290002319061,false,קוקוס טחון 100 גרם,מיה תעשיות מזון מ.ת.מ. ב,IL,קוקוס טחון,גרמים,100.00,100 גרם,false,0,3.80,3.80,true,1,
7290002319092,false,קמח תפוחי אדמה 500 גרם,מיה תעשיות מזון מ.ת.מ. ב,IL,קמח תפוחי אדמה,גרמים,500.00,100 גרם,false,0,3.90,0.78,true,1,
7290002319115,false,חומוס גדול 500 גר,מיה תעשיות מזון מ.ת.מ. ב,IL,גרעיני חומוס,גרמים,500.00,100 גרם,false,0,6.90,1.38,true,1,
7290002319122,false,גריסים 500 גרם,מיה תעשיות מזון מ.ת.מ. ב,IL,גריסים,גרמים,500.00,100 גרם,false,0,4.90,0.98,true,1,
7290002319139,false,שעועית לבנה 500גר,מיה תעשיות מזון מ.ת.מ. ב,IL,שעועית לבנה,גרמים,500.00,100 גרם,false,0,7.90,1.58,true,1,
7290002319146,false,שעועית אדומה 500 גרם,מיה תעשיות מזון מ.ת.מ. ב,IL,שעועית אדומה,גרמים,500.00,100 גרם,false,0,8.90,1.78,true,1,
7290002319160,false,אפונה ירוקה 500 גרם,מיה תעשיות מזון מ.ת.מ. ב,IL,אפונה ירוקה,גרמים,500.00,100 גרם,false,0,4.90,0.98,true,1,
7290002319177,false,פופקורן 500 גרם,מיה תעשיות מזון מ.ת.מ. ב,IL,גרעיני פופקורן,גרמים,500.00,100 גרם,false,0,4.90,0.98,true,1,
7290002319184,false,עדשים אדומים 500 גרם,מיה תעשיות מזון מ.ת.מ. ב,IL,עדשים אדומים,גרמים,500.00,100 גרם,false,0,6.90,1.38,true,1,
7290002319191,false,עדשים ירוקים 500ג,מיה תעשיות מזון מ.ת.מ. ב,IL,עדשים ירוקים,גרמים,500.00,100 גרם,false,0,5.90,1.18,true,1,
7290002319207,false,כוסמת 500 גרם,מיה תעשיות מזון מ.ת.מ. ב,IL,כוסמת,גרמים,500.00,100 גרם,false,0,6.90,1.38,true,1,
7290002319214,false,קווקר 200 גרם,מיה תעשיות מזון מ.ת.מ. ב,IL,קווקר,גרמים,200.00,100 גרם,false,0,2.60,1.30,true,1,
7290002319221,false,חיטה 500 גרם,מיה תעשיות מזון מ.ת.מ. ב,IL,חיטה,גרמים,500.00,100 גרם,false,0,4.90,0.98,true,1,
7290002319313,false,"אורז מלא 1 ק""ג",מיה תעשיות מזון מ.ת.מ. ב,IL,אורז מלא,קילוגרמים,1.00,"ק""ג",false,0,7.90,7.90,true,1,
7290002319337,false,תמרים שקית 200גרם,מיה תעשיות מזון מ.ת.מ. ב,IL,תמרים שקית,גרמים,200.00,100 גרם,false,0,5.90,2.95,true,1,
7290002319344,false,שקד טבעי 100גרם מיה,מיה תעשיות מזון מ.ת.מ. ב,IL,שקדים טבעי 100ג,גרמים,100.00,100 גרם,false,0,11.90,11.90,true,1,
7290002319405,false,קינמון 80 גרם,מיה תעשיות מזון מ.ת.מ. ב,IL,קינמון,גרמים,80.00,100 גרם,false,0,5.70,7.13,true,1,
7290002319412,false,פפריקה חריפה 80 גרם,מיה תעשיות מזון מ.ת.מ. ב,IL,פפריקה חריפה,גרמים,80.00,100 גרם,false,0,5.70,7.13,true,1,
7290002319429,false,פפריקה מתוקה 80 גרם,מיה תעשיות מזון מ.ת.מ. ב,IL,פפריקה מתוקה,גרמים,80.00,100 גרם,false,0,5.80,7.25,true,1,
7290002319436,false,פלפל שחור טחון 70 גרם,מיה תעשיות מזון מ.ת.מ. ב,IL,פלפל שחור,גרמים,70.00,100 גרם,false,0,8.90,12.71,true,1,
7290002319443,false,כמון 80 גרם,מיה תעשיות מזון מ.ת.מ. ב,IL,כמון,גרמים,80.00,100 גרם,false,0,5.70,7.13,true,1,
7290002319450,false,כרכום 80 גרם,מיה,IL,כרכום,גרמים,80.00,100 גרם,false,0,5.70,7.13,true,1,
7290002319467,false,אורגנו 35 גרם,מיה תעשיות מזון מ.ת.מ. ב,IL,אורגנו,גרמים,35.00,100 גרם,false,0,5.70,16.29,true,1,
7290002319474,false,אבקת שום 80 גרם,מיה תעשיות מזון מ.ת.מ. ב,IL,אבקת שום,גרמים,80.00,100 גרם,false,0,7.90,9.88,true,1,
7290002319597,false,כוסברה 80 גרם,מיה תעשיות מזון מ.ת.מ. ב,IL,כוסברה 80 גרם,גרמים,80.00,100 גרם,false,0,5.70,7.13,true,1,
7290002319603,false,בוטנים טחונים100,,IL,בוטנים טחונים100,גרמים,100.00,100 גרם,false,0,3.90,3.90,true,1,
7290002319610,false,שקדים טחונים 100גרם מיה,מיה תעשיות מזון מ.ת.מ. ב,IL,שקדים טחונים,גרמים,100.00,100 גרם,false,0,9.90,9.90,true,1,
7290002319627,false,ציפורן טחון 50 גרם,מיה תעשיות מזון מ.ת.מ. ב,IL,ציפורן טחון,גרמים,50.00,100 גרם,false,0,11.90,23.80,true,1,
7290002319641,false,גריל עוף 80 גרם,מיה תעשיות מזון מ.ת.מ. ב,IL,גריל עוף,גרמים,80.00,100 גרם,false,0,5.70,7.13,true,1,
7290002319658,false,תבלין לסטייק הר נוף 80ג,מיה תעשיות מזון מ.ת.מ. ב,IL,תבלין לסטייק,גרמים,80.00,100 גרם,false,0,5.70,7.13,true,1,
7290002319689,false,סודה לשתיה 150 גרם,מיה תעשיות מזון מ.ת.מ. ב,IL,סודה לשתיה,גרמים,150.00,100 גרם,false,0,5.80,3.87,true,1,
7290002319696,false,פלפל לבן 70 גרם,מיה תעשיות מזון מ.ת.מ. ב,IL,פלפל לבן,גרמים,70.00,100 גרם,false,0,8.90,12.71,true,1,
7290002319740,false,אגוז מלך טחון 100גרם מיה,מיה תעשיות מזון מ.ת.מ. ב,IL,אגוז מלך טחון,גרמים,100.00,100 גרם,false,0,9.90,9.90,true,1,
7290002319764,false,משמש מיובש 200גרם-מיה,מיה תעשיות מזון מ.ת.מ. ב,IL,משמש מיובש,גרמים,200.00,100 גרם,false,0,8.90,4.45,true,1,
7290002319771,false,"תמצית אפיה וניל 55 מ""ל",מיה תעשיות מזון מ.ת.מ. ב,IL,תמצית אפיה וניל,מיליליטרים,55.00,"100 מ""ל",false,0,2.90,5.27,true,1,
7290002319788,false,"תמצית אפיה רום 55 מ""ל",מיה תעשיות מזון מ.ת.מ. ב,IL,תמצית אפיה רום,מיליליטרים,50.00,"100 מ""ל",false,0,2.90,5.80,true,1,
7290002319795,false,תמצית אפיה בטעם שקדים55ג,,IL,תמצית אפיה שקדים,מיליליטרים,55.00,"100 מ""ל",false,0,3.90,7.09,true,1,
7290002319801,false,שבבי בצל 50 גרם,מיה תעשיות מזון מ.ת.מ. ב,IL,שבבי בצל,גרמים,50.00,100 גרם,false,0,5.70,11.40,true,1,
7290002319825,false,אבקת סוכר 100 גרם,מיה תעשיות מזון מ.ת.מ. ב,IL,אבקת סוכר,גרמים,100.00,100 גרם,false,0,1.70,1.70,true,1,
7290002319849,false,שזיפים יבשים200גרם-מיה,מיה תעשיות מזון מ.ת.מ. ב,IL,שזיפים יבשים,גרמים,200.00,100 גרם,false,0,7.90,3.95,true,1,
7290002320463,false,"מעדן 100% תות ללת""ס284גר",בית יצחק,IL,מעדן תות שדה,גרמים,284.00,100 גרם,false,0,14.90,5.25,true,1,
7290002320487,false,"מעדן 100% מישמש ללת""ס284",בית יצחק,IL,מעדן מישמש,גרמים,284.00,100 גרם,false,0,14.90,5.25,true,1,
7290002323198,false,ספרינג מיץ תפוחים 1.5 ל',"יפאורה תבורי בע""\מ",IL,ספרינג תפוחים,ליטרים,1.50,ליטר,false,0,5.90,3.93,true,1,
7290002323204,false,ספרינג תפוחים לייט 1.5 ל,"יפאורה תבורי בע""\מ",IL,ספרינג תפוח לייט,ליטרים,1.50,ליטר,false,0,5.90,3.93,true,1,
7290002323815,false,משקה קל תפוזים קריסטל 2ל,"יפאורה תבורי בע""\מ",IL,משקה קל תפוזים,ליטרים,2.00,ליטר,false,0,3.30,1.65,true,1,
7290002323822,false,מיץ אשכוליות קריסטל2ליטר,"יפאורה תבורי בע""\מ",IL,קריסטל אשכוליות,ליטרים,2.00,ליטר,false,0,3.30,1.65,true,1,
7290002323839,false,משקה קל ענבים קריסטל 2ל',"יפאורה תבורי בע""\מ",IL,משקה קל ענבים,ליטרים,2.00,ליטר,false,0,3.30,1.65,true,1,
7290002323846,false,משקה קל מנגו 2 ליטר,"יפאורה תבורי בע""\מ",IL,קריסטל מנגו,ליטרים,2.00,ליטר,false,0,3.30,1.65,true,1,
7290002327028,false,ג'חנון 650 גרם,אופרה,IL,ג'חנון 650 גרם,גרמים,650.00,100 גרם,false,0,14.90,2.29,true,1,
7290002327059,false,"בצק עלים 1 ק""ג",אופרה,IL,בצק עלים מרודד,קילוגרמים,1.00,"ק""ג",false,0,16.90,16.90,true,1,
7290002331117,false,נביעות+טעם ענבים 1.5ליטר,"נביעות טבע הגליל בע""\מ",IL,נביעות+ענבים,ליטרים,1.50,ליטר,false,0,6.90,4.60,true,1,
7290002331148,false,נביעות+טעם תפוח 1.5 ליטר,נביעות טבע הגליל בעמ,IL,נביעות+תפוח,ליטרים,1.50,ליטר,false,0,6.90,4.60,true,1,
7290002331155,false,נביעות ט.אפרסק עדין 500מ,נביעות טבע הגליל בעמ,IL,נביעות אפרסק,מיליליטרים,500.00,"100 מ""ל",false,0,4.90,0.98,true,1,
7290002331179,false,נביעות+טעם אפרסק 1.5ליטר,"נביעות טבע הגליל בע""\מ ,",IL,נביעות+אפרסק,ליטרים,1.50,ליטר,false,0,6.90,4.60,true,1,
7290002331322,false,מים מינרל.נביעות 1.5*6ל,נביעות טבע הגליל בעמ,IL,מים נביעות 6 יח,ליטרים,9.00,ליטר,false,0,9.80,1.09,true,1,
7290002331360,false,נביעות פקק טו גו 500*6מל,נביעות טבע,IL,נביעות ספורט 6יח,ליטרים,3.00,ליטר,false,0,14.80,4.93,true,1,
7290002331421,false,נביעות פקק טו גו 6 755*מ,נביעות טבע הגליל בעמ,IL,נביעות פקק טו גו,ליטרים,4.53,ליטר,false,0,16.70,3.69,true,1,
7290002331711,false,"נביעות טעם ענבים 500 מ""ל",נביעות טבע הגליל בעמ,IL,נביעות ענבים,מיליליטרים,500.00,"100 מ""ל",false,0,4.90,0.98,true,1,
7290002332220,false,פילה אמנון ישראלי קפוא ג,דגת הארץ,IL,פילה אמנון ג'מבו,קילוגרמים,0.00,"ק""ג",true,0,29.90,29.90,true,1,
7290002332237,false,פילה אמנון ישראלי קפוא ל,דגת הארץ,IL,פילה אמנון קפוא,קילוגרמים,0.00,"ק""ג",true,1,29.90,29.90,true,1,
7290002336983,false,אסדו עגל פרוס שקיל,,IL,אסדו עגל פרוס,קילוגרמים,0.00,"ק""ג",true,1,69.90,69.90,true,1,
7290002349709,false,מצע לשמירת טריות,אליבו,IL,מצע לשמירת טריות,יחידה,1.00,יחידה,false,1,12.90,12.90,true,1,
7290002385424,false,בולגרית מעודנת שקיל,מחלבות גד,IL,בולגרית מעודנת,קילוגרמים,0.00,"ק""ג",true,0,59.00,59.00,true,1,
7290002385448,false,גב.בולגרית 5%שומן משקל,מחלבות גד,IL,גבינה בולגרית5%,גרמים,0.00,"ק""ג",true,0,59.00,59.00,true,1,
7290002385455,false,בולגרית מעודנת 24% במשקל,מחלבות גד,IL,בולגרית מעודנת,קילוגרמים,0.00,"ק""ג",true,1,59.00,59.00,true,1,
7290002385479,false,גב.צפתית רכה 5% משקל,מחלבות גד,IL,גב.צפתית רכה5%,גרמים,0.00,"ק""ג",true,0,58.00,58.00,true,1,
7290002385486,false,גב.שמנת 30% שומן במשקל,מחלבות גד,IL,גבינת שמנת,קילוגרמים,0.00,"ק""ג",true,0,39.00,39.00,true,1,
7290002385493,false,גב.שמנת זיתים 30% במשקל,מחלבות גד,IL,גבינת שמנת זיתים,קילוגרמים,0.00,"ק""ג",true,0,39.00,39.00,true,1,
7290002385509,false,גב.שמנת שום שמיר 30%משקל,מחלבות גד,IL,גב.שמנת שום שמיר,קילוגרמים,0.00,"ק""ג",true,0,39.00,39.00,true,1,
7290002385530,false,מוצרלה בלוק 22% שקיל,מחלבות גד,IL,מוצרלה 22%,קילוגרמים,0.00,"ק""ג",true,1,72.00,72.00,true,1,
7290002385585,false,גב.לבנה זיתים 5%,,IL,גב.לבנה זיתים 5%,קילוגרמים,0.00,"ק""ג",true,0,25.00,25.00,true,1,
7290002385608,false,גבינה לבנה 5% במשקל,מחלבות גד,IL,גבינה לבנה 5%,קילוגרמים,0.00,"ק""ג",true,0,35.00,35.00,true,1,
7290002385738,false,מנצ'גו משולש,,,מנצ'גו משולש,קילוגרמים,0.00,"ק""ג",true,0,129.00,129.00,true,1,
7290002386834,false,נקניקיות עוף קהילות 400,מעדני הטלה והעגל,IL,נקניקיות עוף,גרמים,400.00,100 גרם,false,0,11.90,2.98,true,1,
7290002386841,false,רולדה הודו אדום קהילות,נטו,IL,רולדה הודו,קילוגרמים,0.00,"ק""ג",true,0,48.90,48.90,true,1,
7290002391012,false,חזה מעושן 250 גרם,"ש.ב.מטעם בע""מ",IL,חזה מעושן,גרמים,250.00,100 גרם,false,0,27.90,11.16,true,1,
7290002391029,false,רוסטביף 250 גרם,"ש.ב.מטעם בע""מ",IL,רוסטביף,גרמים,250.00,100 גרם,false,0,39.90,15.96,true,1,
7290002391043,false,חזה על גחלים 250 גרם,"ש.ב.מטעם בע""מ",IL,חזה על גחלים,גרמים,250.00,100 גרם,false,0,27.90,11.16,true,1,
7290002391050,false,סלמי בקר/קבנוס 250 גרם,"ש.ב.מטעם בע""מ",IL,סלמי בקר/קבנוס,גרמים,250.00,100 גרם,false,0,27.90,11.16,true,1,
7290002391067,false,סלמי 350-400 גרם,"ש.ב.מטעם בע""מ",IL,סלמי,גרמים,400.00,100 גרם,false,0,39.90,9.98,true,1,
7290002391074,false,פסטרמי בקר 250 גרם,"ש.ב.מטעם בע""מ",IL,פסטרמי בקר,גרמים,250.00,100 גרם,false,0,39.90,15.96,true,1,
7290002391081,false,קורנביף 250 גרם,"ש.ב.מטעם בע""מ",IL,קורנביף,גרמים,250.00,100 גרם,false,0,39.90,15.96,true,1,
7290002391104,false,כתף מפולפל 250 גר',"ש.ב.מטעם בע""מ",IL,כתף מפולפל,גרמים,250.00,100 גרם,false,0,39.90,15.96,true,1,
7290002391111,false,נקניקיות בקר 370 גרם,"ש.ב.מטעם בע""מ",IL,נקניקיות בקר,גרמים,370.00,100 גרם,false,0,27.90,7.54,true,1,
7290002391135,false,חזה בדבש 250 גרם,"ש.ב.מטעם בע""מ",IL,חזה בדבש,גרמים,250.00,100 גרם,false,0,27.90,11.16,true,1,
7290002391159,false,נקניקיות קרנץ 400 גרם,"ש.ב.מטעם בע""מ",IL,נקניקיות קרנץ,גרמים,400.00,100 גרם,false,0,27.90,6.98,true,1,
7290002391166,false,חזה מקסיקני 250 גרם,"ש.ב.מטעם בע""מ",IL,חזה מקסיקני,גרמים,250.00,100 גרם,false,0,27.90,11.16,true,1,
7290002391180,false,קורנביף מעושן 250 גר',"ש.ב.מטעם בע""מ",IL,קורנביף מעושן,גרמים,250.00,100 גרם,false,0,39.90,15.96,true,1,
7290002391203,false,נקניקיות קנקרס 370 גרם,"ש.ב.מטעם בע""מ",IL,נקניקיות קנקרס,גרמים,370.00,100 גרם,false,1,27.90,7.54,true,1,
7290002391227,false,בשר לחמין קטן,,IL,בשר לחמין קטן,קילוגרמים,0.00,"ק""ג",true,1,79.90,79.90,true,1,
7290002391364,false,סטייק אנטריקוט מיושן,,IL,אנטריקוט מיושן,קילוגרמים,0.00,"ק""ג",true,1,123.90,123.90,true,1,
7290002391371,false,שניצל עגל,"ש.ב מטעם בע""מ",IL,שניצל עגל,קילוגרמים,0.00,"ק""ג",true,0,84.90,84.90,true,1,
7290002391388,false,גולש לחמין,,IL,בשר לחמין קג,קילוגרמים,0.00,"ק""ג",true,0,79.90,79.90,true,1,
7290002391395,false,רולדה עגל,,,רולדה עגל,קילוגרמים,0.00,"ק""ג",true,0,79.90,79.90,true,1,
7290002391425,false,סטייקונים 400 גרם,"ש.ב.מטעם בע""מ",IL,סטייקונים,גרמים,400.00,100 גרם,false,0,42.90,10.73,true,1,
7290002391456,false,המבורגר בקר לפי משקל,"ש.ב.מטעם בע""מ",IL,המבורגר בקר,קילוגרמים,0.00,"ק""ג",true,0,61.90,61.90,true,1,
7290002391470,false,בשר כבוש רובין לפי משקל,,IL,בשר כבוש רובין,גרמים,0.00,"ק""ג",true,0,82.90,82.90,true,1,
7290002391487,false,לשון בקר כבוש לפי משקל,,IL,לשון בקר כבוש,קילוגרמים,0.00,"ק""ג",true,0,99.90,99.90,true,1,
7290002391500,false,קשקע בקר 500גרם,"ש.ב.מטעם בע""מ",IL,קשקע בקר 500גרם,גרמים,500.00,100 גרם,false,0,18.90,3.78,true,1,
7290002391517,false,בשר טחון 500 גרם,,IL,בשר טחון 500גרם,גרמים,450.00,100 גרם,false,0,37.90,8.42,true,1,
7290002391692,false,הודו טחון 500גרם,,IL,הודו טחון 500גרם,גרמים,500.00,100 גרם,false,0,18.90,3.78,true,1,
7290002391760,false,קבב עגל 440 גרם,"ש.ב.מטעם בע""מ",IL,קבב עגל,גרמים,440.00,100 גרם,false,0,28.90,6.57,true,1,
7290002391784,false,כתף מעושן 250 גרם,"ש.ב.מטעם בע""מ",IL,כתף מעושן,גרמים,250.00,100 גרם,false,0,39.90,15.96,true,1,
7290002391791,false,רולדה חזה מתובל,,IL,רולדה חזה מתובל,קילוגרמים,0.00,"ק""ג",true,0,42.90,42.90,true,1,
7290002391814,false,עוף טחון 500 גרם,,IL,עוף טחון 500 גרם,גרמים,500.00,100 גרם,false,0,18.90,3.78,true,1,
7290002391852,false,נקניקיות עוף 370 גרם,"ש.ב.מטעם בע""מ",IL,נקניקיות עוף,גרמים,370.00,100 גרם,false,0,15.90,4.30,true,1,
7290002391869,false,נקניקיות ג'מבו 400 גרם,"ש.ב.מטעם בע""מ",IL,נקניקיות ג'מבו,גרמים,400.00,100 גרם,false,0,15.90,3.98,true,1,
7290002391876,false,נקניקיות מרגז 320 גרם,"ש.ב.מטעם בע""מ",IL,נקניקיות מרגז,גרמים,320.00,100 גרם,false,0,28.90,9.03,true,1,
7290002391883,false,נקניקיות צ'וריסו 400 גרם,"ש.ב.מטעם בע""מ",IL,נקניקיות צוריסוס,גרמים,400.00,100 גרם,false,0,27.90,6.98,true,1,
7290002404576,false,יין מוריה לייט,,IL,יין מוריה לייט,מיליליטרים,750.00,"100 מ""ל",false,0,14.90,1.99,true,1,
7290002404583,false,"יין קברנה בראשית 750 מ""ל",יקבי ארזה,IL,יין קברנה בראשית,מיליליטרים,750.00,"100 מ""ל",false,1,32.90,4.39,true,1,
7290002404590,false,"יין מרלו בראשית 750 מ""ל",יקבי ארזה,IL,יין מרלו בראשית,מיליליטרים,750.00,"100 מ""ל",false,1,32.90,4.39,true,1,
7290002404606,false,"שיראז בראשית 750 מ""ל",יקבי ארזה,IL,שיראז בראשית 750,מיליליטרים,750.00,"100 מ""ל",false,1,32.90,4.39,true,1,
7290002404613,false,"קברנה וירטאוזו 750 מ""ל",יקבי ארזה,IL,קברנה וירטאוזו,מיליליטרים,750.00,"100 מ""ל",false,1,42.90,5.72,true,1,
7290002404620,false,"מרלו וירטאוזו 750מ""ל",יקבי ארזה,IL,מרלו וירטאוזו750,מיליליטרים,750.00,"100 מ""ל",false,1,42.90,5.72,true,1,
7290002404637,false,"שיראז וירטאוזו 750מ""ל",יקבי ארזה,IL,שיראז וירטאוזו 7,מיליליטרים,750.00,"100 מ""ל",false,1,42.90,5.72,true,1,
7290002404958,false,יין גינוסר,,IL,יין גינוסר,ליטרים,1.00,ליטר,false,0,14.90,14.90,true,1,
7290002404965,false,יין מוריה ישן נושן 750מל,יקבי ארזה,IL,יין מוריה,מיליליטרים,750.00,"100 מ""ל",false,0,14.90,1.99,true,1,
7290002435112,false,רסק עגבנ22% 570גר ט.טוב,מילוז,IL,רסק עגבניות22%,גרמים,570.00,100 גרם,false,0,4.90,0.86,true,1,
7290002472186,false,עוגת מאפין שוקו צ'יפס550,,IL,עוגת מאפין שוק,יחידה,1.00,יחידה,false,0,19.90,19.90,true,1,
7290002472193,false,עוגת מאפין שוקו 550 גרם,,IL,עוגת מאפין שוק,יחידה,1.00,יחידה,false,0,19.90,19.90,true,1,
7290002472209,false,מאפין שוקו וניל 550 גרם,,IL,מאפין שוקו וני,יחידה,1.00,יחידה,false,0,19.90,19.90,true,1,
7290002472223,false,עוגת מאפין תפוז 550 גרם,,IL,עוג.מאפין תפוז,יחידה,1.00,יחידה,false,0,19.90,19.90,true,1,
7290002472254,false,עוגת מאפין אגוזים 550גרם,,IL,מאפין אגוזים,יחידה,1.00,יחידה,false,0,19.90,19.90,true,1,
7290002472629,false,עוגת שמרים שוקולד,,IL,עוג.שמרים שוקולד,יחידה,1.00,יחידה,false,0,17.90,17.90,true,1,
7290002472636,false,"עוגת שמרים תפו""ע",,IL,"עוגת שמרים תפו""ע",יחידה,1.00,יחידה,false,0,17.90,17.90,true,1,
7290002472759,false,עוגת מאפין דבש,,IL,עוגת מאפין דבש,יחידה,1.00,יחידה,false,0,14.90,14.90,true,1,
7290002472841,false,עוגת סבתא שוקולד 850 גרם,,IL,עוגת סבתא שוקו,יחידה,1.00,יחידה,false,0,19.90,19.90,true,1,
7290002475033,false,פרוסות קרפיון 390 גרם,דג טעים,IL,פרוסות קרפיון,גרמים,390.00,100 גרם,false,0,14.90,3.82,true,1,
7290002475101,false,גפילטע פיש ללא סוכר 510ג,דג טעים,IL,גפילטע פיש,גרמים,510.00,100 גרם,false,0,14.90,2.92,true,1,
7290002490036,false,"תמר מהגו'ל1-ק""ג",,IL,"תמר מהגו'ל1-ק""ג",קילוגרמים,1.00,"ק""ג",false,0,17.90,17.90,true,1,
7290002505013,false,כרעיים עוף קהילות מחיר ל,שונות,IL,כרעיים עוף,קילוגרמים,0.00,"ק""ג",true,0,35.90,35.90,true,1,
7290002505037,false,ירכיים עוף,,IL,ירכיים עוף,קילוגרמים,0.00,"ק""ג",true,0,34.90,34.90,true,1,
7290002505044,false,חזה עוף קהילות מחיר לפי,שונות,IL,חזה עוף,קילוגרמים,0.00,"ק""ג",true,0,35.90,35.90,true,1,
7290002505051,false,כנפיים עוף קהילות קפוא מ,שונות,IL,כנפיים עוף,קילוגרמים,0.00,"ק""ג",true,0,16.90,16.90,true,1,
7290002505105,false,עוף טרי ארוז קהילות משקל,נטו,IL,עוף טרי קהילות,קילוגרמים,0.00,"ק""ג",true,0,19.90,19.90,true,1,
7290002505112,false,שוקיים עוף ארוז קהילות,שונות,IL,שוקיים ע.טרי קהי,קילוגרמים,0.00,"ק""ג",true,0,39.90,39.90,true,1,
7290002505129,false,ירכיים עוף ארוז קהילות,שונות,IL,ירכיים ע.טרי קהי,קילוגרמים,0.00,"ק""ג",true,0,34.90,34.90,true,1,
7290002505136,false,כנפיים עוף ארוז קהילות,שונות,IL,כנפיים ע.ט קהילו,קילוגרמים,0.00,"ק""ג",true,0,9.90,9.90,true,1,
7290002505143,false,שניצל עוף ארוז קהילות מח,שונות,IL,שניצל ע.טרי קהיל,קילוגרמים,0.00,"ק""ג",true,0,37.90,37.90,true,1,
7290002505167,false,גרון עוף ארוז קהילות טרי,שונות,IL,גרון עוף טרי קהי,קילוגרמים,0.00,"ק""ג",true,0,8.90,8.90,true,1,
7290002505198,false,פרגיות עוף קהילות קפוא מ,הוד חפר,IL,פרגיות עוף,קילוגרמים,0.00,"ק""ג",true,0,69.90,69.90,true,1,
7290002505204,false,פרגיות עוף ארוז קהילות,שונות,IL,פרגיות ע.טרי קהי,קילוגרמים,0.00,"ק""ג",true,0,74.90,74.90,true,1,
7290002505273,false,חזה עוף חצוי קהילות קפוא,עוף עוז,IL,חזה עוף,קילוגרמים,0.00,"ק""ג",true,0,19.90,19.90,true,1,
7290002505297,false,עוף מס2' קהילות קפוא מחי,שונות,IL,עוף מס' 2,קילוגרמים,0.00,"ק""ג",true,0,23.90,23.90,true,1,
7290002505303,false,עוף מס3' קפוא קהילות מחי,קהילות,IL,עוף קפוא,קילוגרמים,0.00,"ק""ג",true,0,23.90,23.90,true,1,
7290002505433,false,כבד עוף צלוי קהילות טרי,שונות,IL,כבד עוף צלוי טרי,גרמים,200.00,100 גרם,false,0,24.90,12.45,true,1,
7290002505440,false,כבד עוף צלוי קפוא 250ג,,IL,כבד צלוי קפוא,גרמים,250.00,100 גרם,false,0,29.90,11.96,true,1,
7290002505464,false,כרעיים עוף ארוז קהילות,שונות,IL,כרעיים ע.טרי קהי,קילוגרמים,0.00,"ק""ג",true,0,29.90,29.90,true,1,
7290002505471,false,חזה עוף ארוז קהילות מחיר,שונות,IL,חזה עוף טרי קהיל,קילוגרמים,0.00,"ק""ג",true,0,35.90,35.90,true,1,
7290002505617,false,כנף הודו קהילות קפוא מחי,,IL,כנף הודו,קילוגרמים,0.00,"ק""ג",true,0,14.90,14.90,true,1,
7290002505624,false,שוק הודו קהילות קפוא מחי,הוד חפר,IL,שוק הודו,קילוגרמים,0.00,"ק""ג",true,0,28.90,28.90,true,1,
7290002505938,false,חזה הודו ארוז קהילות טרי,שונות,IL,חזה הודו טרי,קילוגרמים,0.00,"ק""ג",true,0,36.90,36.90,true,1,
7290002507284,false,שניצל דג מצופה 700 גרם,דלידג בעמ,IL,שניצל דג 700 גרם,גרמים,700.00,100 גרם,false,1,19.90,2.84,true,1,
7290002507451,false,קציצות דג סלמון לבשול 75,דלידג בעמ,IL,קציצות דג סלמון,גרמים,750.00,100 גרם,false,1,29.90,3.99,true,1,
7290002538110,false,קרמבו-ימבו 32 יח,גלידות קולרדו,IL,קרמבו-ימבו 32 יח,גרמים,800.00,100 גרם,false,1,28.90,3.61,true,1,
7290002538158,false,ימבו גלידה חמה,גלידות קולרדו,IL,ימבו גלידה חמה,גרמים,225.00,100 גרם,false,1,15.90,7.07,true,1,
7290002538899,false,קרמבו קרמבולי 12 יחידות,גלידות קולרדו,IL,קרמבולי 12 יח,גרמים,300.00,100 גרם,false,0,7.90,2.63,true,1,
7290002552260,false,קרחונים ללא סוכר 8 יח',ריאו,IL,קרחונים ללא סוכר,גרמים,720.00,100 גרם,false,0,14.90,2.07,true,1,
7290002552284,false,גולד עוגת גבינה תות שדה,"ריאו נתניה ביח""\ר לגלידה",IL,גלידה גולד1.4ליט,ליטרים,1.40,ליטר,false,0,14.90,10.64,true,1,
7290002552345,false,שלגונים גלי גל פרווה 8יח,ריאו,IL,שלגונים גליגל 8X,גרמים,600.00,100 גרם,false,0,12.90,2.15,true,1,
7290002552352,false,גולד וניל ריבת חלב 1.4,"ריאו נתניה ביח""\ר לגלידה",IL,גלידה1.4 ליטר,ליטרים,1.40,ליטר,false,0,14.90,10.64,true,1,
7290002552406,false,טילון שוקו 75 גרם,ריאו,IL,טילון שוקו 75 גר,יחידה,1.00,יחידה,false,0,3.90,3.90,true,1,
7290002552468,false,שלגון גליגל חלבי 75 גרם,ריאו,IL,שלגון גליגל,גרמים,75.00,100 גרם,false,1,2.90,3.87,true,1,
7290002552499,false,שמניות פרי תות/מנגו,ריאו,IL,שלגוני פרי מנגו,גרמים,720.00,100 גרם,false,0,14.90,2.07,true,1,
7290002552772,false,עשיריית ארטיק קרח,ריאו,IL,קרחונים 10X,גרמים,900.00,100 גרם,false,0,9.90,1.10,true,1,
7290002552901,false,גולד קפה אקספרסו ושוקו.,ריאו,IL,גלידה 1.4 ליטר,ליטרים,1.40,ליטר,false,0,14.90,10.64,true,1,
7290002603634,false,פיצה אישי משולש 80 גרם,שלושת האופים,IL,פיצה אישית משולש,גרמים,80.00,100 גרם,false,1,1.90,2.38,true,1,
7290002612001,false,נקניקיות קנקרס 500 גרם,טיבון ויל,IL,נקניקיות קנקרס,גרמים,500.00,100 גרם,false,1,14.90,2.98,true,1,
7290002612735,false,"טחון הודו אדום 1 ק""ג.",טיבון ויל,IL,טחון הודו אדום1ק,קילוגרמים,1.00,"ק""ג",false,1,34.90,34.90,true,1,
7290002623007,false,גבינת אמנטל,פרומאגי' ליס דהאור,FR,גבינת אמנטל,קילוגרמים,0.00,"ק""ג",true,1,139.00,139.00,true,1,
7290002623021,false,גבינת גרויור,אוברניי לי.,FR,גבינת גרויור,קילוגרמים,0.00,"ק""ג",true,1,139.00,139.00,true,1,
7290002623311,false,גבינת ברי שקיל,גלות,FR,גבינת ברי,קילוגרמים,0.00,"ק""ג",true,1,99.00,99.00,true,1,
7290002623373,false,גבינת עיזים עם עובש לבן,קואופרטיב לטיטורי,FR,גבינת עיזים,קילוגרמים,0.00,"ק""ג",true,1,139.00,139.00,true,1,
7290002623441,false,גבינה בלו עדין,סוסיאט לאטיאר לאקיי,FR,גהינה בלו עדין,קילוגרמים,0.00,"ק""ג",true,1,129.00,129.00,true,1,
7290002651116,false,ג'חנון חמסי 5יח 1קג,חמסי,IL,ג'חנון חמסי,גרמים,1000.00,100 גרם,false,0,14.90,1.49,true,1,
7290002651123,false,מלווח חמסי 5יח 1קג,חמסי,IL,מלווח חמסי,גרמים,1000.00,100 גרם,false,0,14.90,1.49,true,1,
7290002651253,false,גחנון אפוי חמסי 600 גרם,חמסי,IL,גחנון אפוי חמסי,גרמים,600.00,100 גרם,false,1,14.90,2.48,true,1,
7290002663522,false,תפוזינה משקה קל תפוז1.5ל,"יפאורה תבורי בע""\מ",IL,תפוזינה תפוזים,ליטרים,1.50,ליטר,false,0,5.90,3.93,true,1,
7290002663539,false,תפוזינה אשכוליות 1.5ליטר,"יפאורה תבורי בע""\מ",IL,תפוזינה אשכוליות,ליטרים,1.50,ליטר,false,0,5.90,3.93,true,1,
7290002663805,false,שוופס טוניק 1.5 ליטר,"יפאורה תבורי בע""\מ",IL,שוופס מי טוניק,ליטרים,1.50,ליטר,false,0,7.90,5.27,true,1,
7290002663812,false,שוופס ג'ינג'ר 1.5 ליטר,"יפאורה תבורי בע""\מ",IL,שוופס ג'ינג'ר,ליטרים,1.50,ליטר,false,0,7.90,5.27,true,1,
7290002663829,false,שוופס ביטר לימון 1.5ליטר,"יפאורה תבורי בע""\מ",IL,שוופס ביטר לימון,ליטרים,1.50,ליטר,false,0,7.90,5.27,true,1,
7290002663881,false,תפוזינה אשכוליות לייט1.5,"יפאורה תבורי בע""\מ",IL,אשכוליות לייט,ליטרים,1.50,ליטר,false,0,5.90,3.93,true,1,
7290002664987,false,שוקונית,,IL,שוקונית,גרמים,500.00,100 גרם,false,0,11.90,2.38,true,1,
7290002674238,false,"מ.אקווה פרש מנטול125מ""ל",MICLEN DE,SK,משחת אקווה פרש,מיליליטרים,125.00,"100 מ""ל",false,0,7.90,6.32,true,1,
7290002701026,false,"פארפל ""משובח""",,IL,"פארפל ""משובח""",גרמים,400.00,100 גרם,false,0,6.90,1.73,true,1,
7290002703068,false,דבש טהור בצנצנת,,IL,דבש טהור בצנצנת,קילוגרמים,1.00,"ק""ג",false,0,39.90,39.90,true,1,
7290002703143,false,דבש מפרחי בר,,,דבש מפרחי בר,גרמים,950.00,100 גרם,false,0,50.30,5.29,true,1,
7290002703358,false,צנצנת דבש זכוכית,,IL,צנצנת דבש זכוכית,גרמים,350.00,100 גרם,false,0,14.90,4.26,true,1,
7290002715504,false,מג'יק נודלס,,SG,מג'יק נודלס,גרמים,70.00,100 גרם,false,0,3.80,5.43,true,1,
7290002715511,false,מג'יק אטריות,,SG,מג'יק אטריות,גרמים,70.00,100 גרם,false,0,3.80,5.43,true,1,
7290002715580,false,מג'יק נודלס,,SG,מג'יק נודלס,גרמים,70.00,100 גרם,false,0,3.80,5.43,true,1,
7290002716068,false,אגוז מלך מקולף,,IL,אגוז מלך מקולף,גרמים,100.00,100 גרם,false,0,9.90,9.90,true,1,
7290002716082,false,קוקוס דרומה,,IL,קוקוס דרומה,גרמים,100.00,100 גרם,false,0,2.90,2.90,true,1,
7290002716112,false,שקד טבעי קלוף,,IL,שקד טבעי קלוף,גרמים,100.00,100 גרם,false,0,11.90,11.90,true,1,
7290002716198,false,"קמח תפו""א דרומה",,IL,"קמח תפו""א דרומה",גרמים,500.00,100 גרם,false,0,3.90,0.78,true,1,
7290002716211,false,פפריקה מתוקה 80 גרם,דרומה,IL,פפריקה מתוקה,גרמים,80.00,100 גרם,false,0,4.90,6.13,true,1,
7290002716242,false,פלפל לבן דרומה 50 גרם,דרומה,IL,פלפל לבן דרומה,גרמים,50.00,100 גרם,false,1,8.90,17.80,true,1,
7290002716280,false,"שביבי תפו""א",,IL,"שביבי תפו""א",גרמים,500.00,100 גרם,false,0,9.90,1.98,true,1,
7290002716372,false,אבקת פלאפל,,IL,אבקת פלאפל,גרמים,250.00,100 גרם,false,0,6.90,2.76,true,1,
7290002716402,false,אגוז מקולף,,IL,אגוז מקולף,גרמים,400.00,100 גרם,false,0,27.80,6.95,true,1,
7290002716419,false,שקד קלוף / טחון,,IL,שקד קלוף / טחון,גרמים,400.00,100 גרם,false,0,29.90,7.48,true,1,
7290002716426,false,קוקוס,,IL,קוקוס,גרמים,400.00,100 גרם,false,0,9.90,2.48,true,1,
7290002716464,false,אב' סוכר לפסח,,IL,אב' סוכר לפסח,גרמים,100.00,100 גרם,false,0,2.80,2.80,true,1,
7290002716600,false,דבש דבורים טהור,,IL,דבש דבורים טהור,גרמים,500.00,100 גרם,false,0,19.90,3.98,true,1,
7290002716853,false,קורנפלור,,IL,קורנפלור,גרמים,500.00,100 גרם,false,0,3.90,0.78,true,1,
7290002716877,false,קקאו,,IL,קקאו,גרמים,500.00,100 גרם,false,0,14.90,2.98,true,1,
7290002716945,false,שוקונית,,IL,שוקונית,קילוגרמים,1.00,"ק""ג",false,0,12.90,12.90,true,1,
7290002730354,false,12 תחבושות הגיינה וניה,,BE,תחבושות הגיינה,יחידה,1.00,יחידה,false,0,22.90,22.90,true,1,
7290002730958,false,סב.פלמוליב ירוק 90*4 גרם,"ש. שסטוביץ בע""\מ",TR,סבון פלמוליב 4יח,גרמים,360.00,100 גרם,false,0,14.90,4.14,true,1,
7290002739159,false,רולדה בקר,,,רולדה בקר,קילוגרמים,0.00,"ק""ג",true,0,59.90,59.90,true,1,
7290002739173,false,גולש עגל,,,גולש עגל,קילוגרמים,0.00,"ק""ג",true,0,59.90,59.90,true,1,
7290002739685,false,נקניקיות מרגז 400 גרם,טיבון ויל אחזקות בעמ,IL,נקניקיות מרגז,גרמים,400.00,100 גרם,false,1,19.90,4.98,true,1,
7290002739692,false,נקניקיות צוריסוס 500 גרם,טיבון ויל אחזקות בעמ,IL,נקניקיות צוריסוס,גרמים,500.00,100 גרם,false,1,24.90,4.98,true,1,
7290002739845,false,בשר לחמין קהילות קג,נטו,PL,בשר לחמין,קילוגרמים,0.00,"ק""ג",true,0,59.90,59.90,true,1,
7290002739890,false,עצמות עוף טרי קהילות,קהילות,IL,עצמות עוף טרי,קילוגרמים,0.00,"ק""ג",true,1,9.90,9.90,true,1,
7290002739920,false,צלי בקר כתף,,,צלי בקר כתף,קילוגרמים,0.00,"ק""ג",true,0,59.90,59.90,true,1,
7290002753223,false,סוכ.טיק טק תפוז 16*4 גרם,פררו,ZA,סוכריות טיק טק,גרמים,64.00,100 גרם,false,0,9.90,15.47,true,1,
7290002757139,false,מלווח 700 גרם,אופרה,IL,מלווח 700 גרם,גרמים,700.00,100 גרם,false,0,12.90,1.84,true,1,
7290002757511,false,קציצות דג לבישול 750 גרם,דלידג בעמ,IL,קציצות דג,גרמים,750.00,100 גרם,false,0,24.90,3.32,true,1,
7290002759393,false,סופגניה מיני רגילה 8יח',גידרון,IL,סופגניות מיני 8י,יחידה,1.00,יחידה,false,0,14.90,14.90,true,1,
7290002759409,false,סופגניה מיני מצופה 8יח',גידרון,IL,סופג.מיני מצופה8,יחידה,1.00,יחידה,false,0,20.00,20.00,true,1,
7290002768036,false,"מי פה תיאדנט 150מ""ל",קוסמופארם בעמ,IL,מי פה תיאדנט,מיליליטרים,150.00,"100 מ""ל",false,0,13.90,9.27,true,1,
7290002768043,false,מי פה תיאדנט+פלאוריד150מ,אמיליה קוסמטיקס בע'\'\מ,IL,מי פה תיאדנט,מיליליטרים,150.00,"100 מ""ל",false,0,13.90,9.27,true,1,
7290002768074,false,דרמפון סבון ללא סבון 1 ל,קוסמופארם בע'\'\מ,IL,דרמפון אל סבון,ליטרים,1.00,ליטר,false,0,14.90,14.90,true,1,
7290002768159,false,בת אורן סבון נוזלי 500מל,קרליין,IL,סבון אמבט בת אור,מיליליטרים,500.00,"100 מ""ל",false,0,17.90,3.58,true,1,
7290002771104,false,קפה אל נח'לה עם הל 500גר,קפה אל נח'לה,IL,קפה עם הל,גרמים,500.00,100 גרם,false,0,29.90,5.98,true,1,
7290002771111,false,קפה אל נח'לה עם הל250גרם,קפה אל נח'לה,IL,קפה עם הל,גרמים,250.00,100 גרם,false,0,14.90,5.96,true,1,
7290002771128,false,קפה אל נח'לה בלי הל 250ג,קפה אל נח'לה,IL,קפה בלי הל,גרמים,250.00,100 גרם,false,0,14.90,5.96,true,1,
7290002782759,false,"קרם גוף מס2' פנינה340מ""ל",א.ל ארמן,IL,קרם גוף פנינה,מיליליטרים,340.00,"100 מ""ל",false,0,19.90,5.85,true,1,
7290002804758,false,"כרעיים עוף קפוא חב""ד קג",,IL,כרעיים עוף חבד,קילוגרמים,0.00,"ק""ג",true,0,24.90,24.90,true,1,
7290002804772,false,"כנפיים עוף קפוא חב""ד קג",,IL,כנפיים עוף חבד,קילוגרמים,0.00,"ק""ג",true,0,9.90,9.90,true,1,
7290002804802,false,"ירכיים עוף חב""ד",,IL,"ירכיים עוף חב""ד",קילוגרמים,0.00,"ק""ג",true,0,24.90,24.90,true,1,
7290002804819,false,שניצל עוף קפוא דליקטסו ק,עוף הבירה,IL,שניצל עוף קפוא,קילוגרמים,0.00,"ק""ג",true,0,29.90,29.90,true,1,
7290002804833,false,סטייק פרגית דליקטסו קפוא,עוף הבירה,IL,סטייק פרגית קפוא,קילוגרמים,0.00,"ק""ג",true,1,59.90,59.90,true,1,
7290002814023,false,אסלונית לניקוי אסלות750מ,קומפלקס כימיקלים בעמ,IL,אסלונית,מיליליטרים,750.00,"100 מ""ל",false,0,5.90,0.79,true,1,
7290002814054,false,אנטרטיק מרסס 1 ליטר,קומפלקס כימיקלים בעמ,IL,אנטרטיק מרסס,ליטרים,1.00,ליטר,false,1,8.90,8.90,true,1,
7290002814078,false,אנטרטיק לניקוי אמבטיה1ל,קומפלקס כימיקלים,IL,אנטרטיק לאמבט,ליטרים,1.00,ליטר,false,0,6.90,6.90,true,1,
7290002814160,false,מסיר שומנים סנט מוריץ 1ל,קומפלקס כימיקלים בעמ,IL,מסיר שומנים,ליטרים,1.00,ליטר,false,1,16.90,16.90,true,1,
7290002814290,false,קצף אקונומיקה בלאנקו 1 ל,קומפלקס כימיקלים בעמ,IL,קצף אקונומיקה,ליטרים,1.00,ליטר,false,1,11.90,11.90,true,1,
7290002814498,false,נוזל ניקוי כללי חומץ750מ,קומפלקס כימיקלים,TR,נוזל ניקוי כללי,מיליליטרים,750.00,"100 מ""ל",false,1,7.90,1.05,true,1,
7290002814528,false,נוזל לאסלה מס' 1 1 ליטר,קומפלקס כימיקלים בעמ,IL,נוזל לאסלה מס' 1,ליטרים,1.00,ליטר,false,0,5.90,5.90,true,1,
7290002814610,false,מסיר שומנים לימון1ליטר,קומפלקס כימיקלים בעמ,IL,מסיר שומנים,ליטרים,1.00,ליטר,false,0,11.90,11.90,true,1,
7290002814870,false,מסיר שומנים קר מבושם 750,קומפלקס כימיקלים בעמ,IL,מסיר שומנים קר,מיליליטרים,750.00,"100 מ""ל",false,1,13.90,1.85,true,1,
7290002824183,false,גב.סקי משפחתי5%שומן500ג,"שטראוס בריאות בע""\מ",IL,גבינת סקי 5%,גרמים,500.00,100 גרם,false,0,8.90,1.78,true,1,
7290002824466,false,יוגורט ביו 0% דנונה 200ג,"שטראוס בריאות בע""\מ",IL,יוגורט ביו 0%,גרמים,200.00,100 גרם,false,0,3.30,1.65,true,1,
7290002824640,false,גב.סקי5%לבנה מעודנת250ג,"שטראוס בריאות בע""\מ",IL,גבינת סקי 5%,גרמים,250.00,100 גרם,false,0,4.50,1.80,true,1,
7290002825722,false,כרוב אדום אחלה 500 גרם,"שטראוס גרופ בע""\מ",IL,סלט כרוב אחלה,גרמים,500.00,100 גרם,false,0,13.90,2.78,true,1,
7290002842002,false,קוואקר אנגלי,,GB,קוואקר אנגלי,גרמים,500.00,100 גרם,false,0,9.90,1.98,true,1,
7290002862000,false,אריסה תוניסאית 250 גרם,הררית מזון בעמ,IL,אריסה תוניסאית,גרמים,250.00,100 גרם,false,0,11.90,4.76,true,1,
7290002862017,false,שום כתוש 250 גרם,הררית מזון בעמ,IL,שום כתוש,גרמים,250.00,100 גרם,false,0,11.90,4.76,true,1,
7290002862031,false,אריסה חריפה 250 גרם,הררית מזון בעמ,IL,אריסה חריפה,גרמים,250.00,100 גרם,false,0,11.90,4.76,true,1,
7290002862055,false,לימון כבוש,,IL,לימון כבוש,גרמים,250.00,100 גרם,false,0,11.90,4.76,true,1,
7290002862093,false,חזרת 250 גרם,"הררית מזון בע""מ",IL,חזרת,גרמים,250.00,100 גרם,false,0,12.90,5.16,true,1,
7290002862123,false,סחוג ירוק 150 גרם,הררית מזון בעמ,IL,סחוג ירוק,גרמים,150.00,100 גרם,false,0,8.90,5.93,true,1,
7290002862277,false,לימון כבוש 200 גרם,הררית מזון בעמ,IL,לימון כבוש,גרמים,200.00,100 גרם,false,0,9.90,4.95,true,1,
7290002862338,false,סחוג אדום 150 גרם,הררית מזון בעמ,IL,סחוג אדום,גרמים,150.00,100 גרם,false,0,8.90,5.93,true,1,
7290002862369,false,עמבה בצנצנת,,IL,עמבה בצנצנת,גרמים,250.00,100 גרם,false,0,11.90,4.76,true,1,
7290002862376,false,מעדן עגבניות מיובשות200ג,הררית מזון בעמ,IL,מעדן עגבנ.מיובש,גרמים,200.00,100 גרם,false,1,14.90,7.45,true,1,
7290002862406,false,סחוג תימני,,IL,סחוג תימני,גרמים,250.00,100 גרם,false,0,11.90,4.76,true,1,
7290002862802,false,אריסה בתוספת לימון 250 ג,הררית מזון בעמ,IL,אריסה,גרמים,250.00,100 גרם,false,1,11.90,4.76,true,1,
7290002868996,false,קוטג' 5% רכיבים טבעי250ג,טרה,IL,קוטג' 5% 250גרם,גרמים,250.00,100 גרם,false,0,4.90,1.96,true,1,
7290002871248,false,"טובורג רד בק.חוזר 500מ""ל",מבשלות בירה בינלאומיות ב,IL,בירה טובורג רד,מיליליטרים,500.00,"100 מ""ל",false,0,7.90,1.58,true,1,
7290002871361,false,בירה קרלסברג בק.חוזר500מ,מבשלות בירה בינלאומיות ב,IL,בירה קרלסברג,מיליליטרים,500.00,"100 מ""ל",false,0,7.90,1.58,true,1,
7290002871446,false,פריגת ענבים 1.5 ליטר,מבשלות בירה בינלאומיות ב,IL,פריגת ענבים,ליטרים,1.50,ליטר,false,0,6.20,4.13,true,1,
7290002871460,false,פריגת תפוזים 1.5 ליטר,מבשלות בירה בינלאומיות ב,IL,פריגת תפוזים,ליטרים,1.50,ליטר,false,0,6.20,4.13,true,1,
7290002871477,false,פריגת אשכוליות 1.5 ליטר,מבשלות בירה בינלאומיות ב,IL,פריגת אשכוליות,ליטרים,1.50,ליטר,false,0,6.20,4.13,true,1,
7290002871491,false,פריגת אשכוליות לייט 1.5,מבשלות בירה בינלאומיות ב,IL,פריגת  אשכוליות,ליטרים,1.50,ליטר,false,0,6.20,4.13,true,1,
7290002881865,false,פטריות חתוך 400 גרם,,NL,פטריות חתוך,גרמים,400.00,100 גרם,false,1,3.90,0.98,true,1,
7290002904694,false,דאו.טיטניום תרסיס 180 מל,אמיליה קוסמטיקס בעמ,IL,דאודורנט טיטניום,מיליליטרים,180.00,"100 מ""ל",false,0,14.90,8.28,true,1,
7290002909880,false,פולי סויה-אדממה 400 גר',,CN,פולי סויה-אדממה,גרמים,400.00,100 גרם,false,1,8.90,2.23,true,1,
7290002922643,false,המבורגר 100% בקר קהילות,נטו,IL,המבורגר 400 גרם,גרמים,400.00,100 גרם,false,1,23.90,5.98,true,1,
7290002922797,false,חזה הודו ארוז עטרה,שונות,IL,חזה הודו טרי,קילוגרמים,0.00,"ק""ג",true,0,36.90,36.90,true,1,
7290002922865,false,קבב מובחר טאק טורו 500 ג,טיבון ויל אחזקות בעמ,IL,קבב מובחר,גרמים,500.00,100 גרם,false,0,12.90,2.58,true,1,
7290002922872,false,המבורגר מובחר טאק טורו 0,,IL,המבורגר מובחר,גרמים,500.00,100 גרם,false,0,12.90,2.58,true,1,
7290002925798,false,גם וגם ירוק,,IL,גם וגם ירוק,מיליליטרים,120.00,"100 מ""ל",false,0,12.90,10.75,true,1,
7290002930235,false,בשר לחמין עטרה שקיל,טיבון ויל,IL,בשר לחמין,קילוגרמים,0.00,"ק""ג",true,1,45.90,45.90,true,1,
7290002930945,false,גרון עוף טרי עטר,,,גרון עוף טרי עטר,קילוגרמים,0.00,"ק""ג",true,0,6.90,6.90,true,1,
7290002939054,false,שניצל עוף אמיתי 600 גרם,טיבון ויל אחזקות בעמ,IL,שניצל עוף אמיתי,גרמים,600.00,100 גרם,false,0,18.90,3.15,true,1,
7290002939078,false,נגיסי עוף 600 גרם,טיבון ויל אחזקות בעמ,IL,נגיסי עוף,גרמים,600.00,100 גרם,false,0,15.90,2.65,true,1,
7290002939108,false,חזה עוף טרי ארוז עטרה לק,שונות,IL,חזה עוף טרי עטרה,קילוגרמים,0.00,"ק""ג",true,0,33.90,33.90,true,1,
7290002939122,false,פרגית ע.טרי עטרה,,,פרגית ע.טרי עטרה,קילוגרמים,0.00,"ק""ג",true,0,69.90,69.90,true,1,
7290002939139,false,כנף הודו טרי ארוז עטרה,שונות,IL,כנף הודו טרי,קילוגרמים,0.00,"ק""ג",true,0,18.90,18.90,true,1,
7290002939146,false,שוק הודו טרי ארוז עטרה ל,שונות,IL,שוק הודו טרי,גרמים,0.00,"ק""ג",true,0,28.90,28.90,true,1,
7290002939160,false,בשר אדום טרי ארוז,שונות,IL,בשר אדום טרי,קילוגרמים,0.00,"ק""ג",true,0,54.90,54.90,true,1,
7290002939177,false,גרון הודו טרי ארוז עטרה,שונות,IL,גרון הודו טרי,קילוגרמים,0.00,"ק""ג",true,0,28.90,28.90,true,1,
7290002939450,false,שניצל אמריקאי 600 גרם,טיבון ויל אחזקות בעמ,IL,שניצל אמריקאי,גרמים,600.00,100 גרם,false,0,14.90,2.48,true,1,
7290002939474,false,טבעות עוף 600 גרם,עטרה,IL,טבעות עוף,גרמים,600.00,100 גרם,false,0,17.90,2.98,true,1,
7290002939498,false,בשר מס8' שריר עטרה קפוא,עטרה,IL,בשר מס8' שריר,קילוגרמים,0.00,"ק""ג",true,0,49.90,49.90,true,1,
7290002939504,false,בשר צוואר מס10' עטרה קפו,עטרה,IL,בשר מס10' צוואר,קילוגרמים,0.00,"ק""ג",true,0,29.90,29.90,true,1,
7290002939528,false,גידים קפוא לקג,,IL,גידים קפוא לקג,גרמים,0.00,"ק""ג",true,0,49.90,49.90,true,1,
7290002939535,false,בשר ראש קפוא,,IL,בשר ראש קפוא,גרמים,0.00,"ק""ג",true,0,69.90,69.90,true,1,
7290002939542,false,לשון בקר קפוא ב.יוסף קג,עטרה,PY,לשון בקר קפוא,קילוגרמים,0.00,"ק""ג",true,0,59.90,59.90,true,1,
7290002946700,false,מצית פחם נוזלי,,IL,מצית פחם נוזלי,מיליליטרים,200.00,"100 מ""ל",false,0,8.90,4.45,true,1,
7290002972006,false,קמח חיטה לבן,שטיבל בעמ,IL,קמח לבן בהיר,קילוגרמים,1.00,"ק""ג",false,1,6.90,6.90,true,1,
7290002972365,false,שטיבל 13 - קמח תופח,שטיבל בעמ,IL,קמח תופח,קילוגרמים,1.00,"ק""ג",false,1,6.90,6.90,true,1,
7290002972426,false,קמח חיטה 80% מהגרעין 1 ק,שטיבל בעמ,IL,קמח חיטה,קילוגרמים,1.00,"ק""ג",false,1,6.90,6.90,true,1,
7290002973669,false,"קמח לחם 1 ק""ג","שטיבל בע""\מ",IL,קמח לחם,קילוגרמים,1.00,"ק""ג",false,1,6.90,6.90,true,1,
7290002973676,false,"קמח חלה 1 ק""ג",שטיבל בעמ,IL,קמח חלה,קילוגרמים,1.00,"ק""ג",false,1,6.90,6.90,true,1,
7290002977032,false,"סוכר  בד""ץ עד""ח 1 ק""ג",,IL,"סוכר 1 ק""ג",קילוגרמים,1.00,"ק""ג",false,1,3.90,3.90,true,1,
7290002987963,false,"חומוס אחלה 1 ק""ג","שטראוס גרופ בע""\מ",IL,"חומוס אחלה 1 ק""ג",קילוגרמים,1.00,"ק""ג",false,0,13.90,13.90,true,1,
7290003009572,false,סירופ תפוזים פריגת 1.5ל',גת גבעת חיים,IL,סירופ תפוזים,ליטרים,1.50,ליטר,false,0,18.90,12.60,true,1,
7290003009619,false,סירופ ענבים פריגת 1.5 ל',גת,IL,סירופ ענבים,ליטרים,1.50,ליטר,false,0,18.90,12.60,true,1,
7290003009633,false,סירופ לימונים פריגת 1.5ל,גת גבעת חיים,IL,סירופ לימונים,ליטרים,1.50,ליטר,false,0,18.90,12.60,true,1,
7290003009640,false,מיץ תפוזים סחוט 1 ליטר,גת,IL,מיץ תפוזים סחוט,ליטרים,1.00,ליטר,false,0,13.90,13.90,true,1,
7290003013005,false,פתיליות,,IL,פתיליות,יחידה,1.00,יחידה,false,0,2.90,2.90,true,1,
7290003013036,false,צינורית הזהב,שלהבת,IL,צינורית הזהב,יחידה,1.00,יחידה,false,0,5.90,5.90,true,1,
7290003013128,false,פתיל צף גדול מתו,,IL,פתיל צף גדול מתו,יחידה,1.00,יחידה,false,0,3.90,3.90,true,1,
7290003013227,false,כוסיות+צינוריו,,IL,כוסיות+צינוריו,יחידה,1.00,יחידה,false,0,13.90,13.90,true,1,
7290003015627,false,סנו ריצפז פרש אפרסק2ליטר,סנו,IL,ריצפז פרש,ליטרים,2.00,ליטר,false,0,14.90,7.45,true,1,
7290003023165,false,שוקו בכד יטבתה 2 ליטר,מחלבת יטבתה,IL,שוקו בכד יטבתה,ליטרים,2.00,ליטר,false,0,18.90,9.45,true,1,
7290003026036,false,אל סבון סנסיטיב קמיל 1 ל,פישר מעבדות פרמצבטיות בע,IL,אל סבון קמיל בלו,ליטרים,1.00,ליטר,false,0,22.90,22.90,true,1,
7290003026319,false,משחה לתינוק קמיל בלו,פישר מעבדות פרמצבטיות בע,IL,משחת החתלה סנסטי,גרמים,120.00,100 גרם,false,0,18.90,15.75,true,1,
7290003029181,false,שוקו יטבתה בבקבוק 1 ליטר,מחלבת יטבתה,IL,שוקו יטבתה,ליטרים,1.00,ליטר,false,0,10.90,10.90,true,1,
7290003029372,false,משקה חלב בננה בקבוק 1 ל',מחלבת יטבתה,IL,משקה חלב בננה,ליטרים,1.00,ליטר,false,0,10.90,10.90,true,1,
7290003029389,false,משקה בננה יטבתה+פקק 250מ,מחלבת יטבתה,IL,משקה בננה,מיליליטרים,250.00,"100 מ""ל",false,0,4.90,1.96,true,1,
7290003029433,false,שוקו יטבתה+פקק נשלף 250מ,מחלבת יטבתה,IL,שוקו יטבתה,מיליליטרים,250.00,"100 מ""ל",false,0,4.90,1.96,true,1,
7290003029532,false,מוקה יטבתה בקבוק 2% 1ל,מחלבת יטבתה,IL,מוקה יטבתה בקבוק,ליטרים,1.00,ליטר,false,0,10.90,10.90,true,1,
7290003029617,false,"שמנת מנה אישית 100 מ""ל",מחלבת יטבתה,IL,שמנת מנה אישית,מיליליטרים,100.00,"100 מ""ל",false,0,1.90,1.90,true,1,
7290003029792,false,שוקו יטבתה מארז 225*8 מל,מחלבת יטבתה,IL,שקיות שוקו 8 יח',ליטרים,1.80,ליטר,false,0,17.50,9.72,true,1,
7290003029815,false,חלב מועשר יטבתה 3%כד 2ל',מחלבת יטבתה,IL,חלב מועשר יטבתה,ליטרים,2.00,ליטר,false,0,14.90,7.45,true,1,
7290003029884,false,"משקה מוקה שקיות 250X6מ""ל",מחלבת יטבתה,IL,משקה מוקה 6X,ליטרים,1.50,ליטר,false,0,14.90,9.93,true,1,
7290003029907,false,אייס קפה יטבתה 2% 1ל,מחלבת יטבתה,IL,אייס קפה יטבתה,ליטרים,1.00,ליטר,false,0,10.90,10.90,true,1,
7290003031702,false,"נקניקיות הודו חלק 1 ק""ג",טיב טירת צבי 2000,IL,נקניקיות הודו,קילוגרמים,1.00,"ק""ג",false,0,24.90,24.90,true,1,
7290003031733,false,פסטרמה על גחלים 400 גרם,טיב טירת צבי 2000,IL,פסטרמה על גחלים,גרמים,400.00,100 גרם,false,0,24.90,6.23,true,1,
7290003031740,false,פסטרמה הודו בדבש 400 גרם,טיב טירת צבי 2000,IL,פסטרמה הודו בדבש,גרמים,400.00,100 גרם,false,0,24.90,6.23,true,1,
7290003031757,false,פסטרמה הודו בפפריקה400גר,טיב טירת צבי 2000,IL,פסטרמה בפפריקה,גרמים,400.00,100 גרם,false,0,18.90,4.73,true,1,
7290003031788,false,פסטרמה הודו+סלמי 800 גרם,טיב טירת צבי 2000,IL,פסטרמה+סלמי מארז,גרמים,800.00,100 גרם,false,0,24.90,3.11,true,1,
7290003031818,false,פסטרמה שום וצילי 400 גרם,טיב טירת צבי 2000,IL,פסטרמה שום וצילי,גרמים,400.00,100 גרם,false,0,24.90,6.23,true,1,
7290003031849,false,צמד כפרית ברביקיו ודבש 6,טיב טירת צבי 2000,IL,צמד כפרית,גרמים,600.00,100 גרם,false,1,22.90,3.82,true,1,
7290003069705,false,פיצה אישית גבינה דקה תפ',נטו,IL,פיצה אישית יח,יחידה,1.00,יחידה,false,0,1.90,1.90,true,1,
7290003072521,false,פסטרמה כתף בקר מעושנת,טיב טירת צבי 2000,IL,כתף בקר מעושנת,גרמים,300.00,100 גרם,false,1,29.90,9.97,true,1,
7290003107247,false,שמרים יבשים אינסטנט33גרם,שטיבל,IL,שמרים יבשים,גרמים,33.00,100 גרם,false,0,4.90,14.85,true,1,
7290003107353,false,משפר אפייה ביתי 30 גרם,שטיבל,IL,משפר אפייה ביתי,גרמים,30.00,100 גרם,false,0,4.90,16.33,true,1,
7290003107360,false,קמח לבן בהיר ללא ניפוי1ק,"שטיבל בע""\מ",IL,קמח לבן בהיר,קילוגרמים,1.00,"ק""ג",false,1,7.90,7.90,true,1,
7290003119110,false,קוקה קולה 1.5*6 ליטר,החברה המרכזית לייצור משק,IL,קוקה קולה 1.5*6ל,ליטרים,9.00,ליטר,false,0,33.90,3.77,true,1,
7290003121083,false,ארוחת נודלס ט.בשר מגיק85,טאט הוי פוד,SG,ארוחת נודלס,גרמים,85.00,100 גרם,false,0,2.90,3.41,true,1,
7290003121106,false,ארוחת נודלס,,SG,ארוחת נודלס,גרמים,85.00,100 גרם,false,0,2.90,3.41,true,1,
7290003126712,false,יוגורט עיזים ביו 3% 150ג,משק צוריאל,IL,יוגורט ביו 3%,גרמים,150.00,100 גרם,false,0,5.70,3.80,true,1,
7290003153831,false,שוש חטיף בוטנים 80 גרם,"שטראוס פריטו ליי בע""\מ )",IL,שוש חטיף בוטנים,גרמים,80.00,100 גרם,false,0,3.50,4.38,true,1,
7290003203086,false,גרונות הודיות,,IL,גרונות הודיות,קילוגרמים,0.00,"ק""ג",true,0,34.90,34.90,true,1,
7290003203550,false,"שווארמה הודיות עד""ח לפי",,IL,שווארמה הודיות,גרמים,0.00,"ק""ג",true,1,53.90,53.90,true,1,
7290003203581,false,רצועות פלאנקן לחמין במגש,,IL,פלאנקן בקר לחמין,קילוגרמים,0.00,"ק""ג",true,1,74.90,74.90,true,1,
7290003220502,false,"מי קוקוס 400 מ""ל",תאי קוקונאט,TH,מי קוקוס,מיליליטרים,400.00,"100 מ""ל",false,0,4.90,1.23,true,1,
7290003220533,false,"רוטב צ'ילי מתוק 700 מ""ל",תאי פרידה אינדסטרי,TH,רוטב צ'ילי מתוק,מיליליטרים,700.00,"100 מ""ל",false,0,10.90,1.56,true,1,
7290003220588,false,"רוטב צ'ילי ללת""ס",,TH,"רוטב צ'ילי ללת""ס",מיליליטרים,700.00,"100 מ""ל",false,0,14.90,2.13,true,1,
7290003220595,false,"אורז לסושי 1 ק""ג",,IL,אורז לסושי,קילוגרמים,1.00,"ק""ג",false,0,9.90,9.90,true,1,
7290003220717,false,אצות נורי לסושי 22 גרם,ג'י וואן גלובול נאט,KR,אצות נורי לסושי,גרמים,22.00,100 גרם,false,0,8.90,40.45,true,1,
7290003220755,false,"רוטב סויה כהה 640 מ""ל",ליאנג סאנג האנד,TH,רוטב סויה כהה,מיליליטרים,640.00,"100 מ""ל",false,0,10.90,1.70,true,1,
7290003220779,false,מקלות אורז עובי 3 400גרם,אסיאן סופירה פודס,TH,מקלות אורז,גרמים,400.00,100 גרם,false,0,7.90,1.98,true,1,
7290003220786,false,מקלות אורז עובי 5 400גרם,אסיאן סופירה פודס,TH,מקלות אורז,גרמים,400.00,100 גרם,false,0,7.90,1.98,true,1,
7290003220946,false,דפי אורז 400 גרם,,TH,דפי אורז,גרמים,400.00,100 גרם,false,0,9.90,2.48,true,1,
7290003220977,false,ביסקוויט חצי ירח מצופ175,הגביע,IL,חצי ירח מצופה,גרמים,175.00,100 גרם,false,1,5.90,3.37,true,1,
7290003222049,false,פיתה ביס מקמח מלא50*12גר,מאפית מכבים,IL,פיתות ביס 12 יח,גרמים,600.00,100 גרם,false,1,9.90,1.65,true,1,
7290003222070,false,פיתות חומרים טבעי100*13ג,מאפית מכבים,IL,פיתות 13 יח,קילוגרמים,1.30,"ק""ג",false,1,8.90,6.85,true,1,
7290003222094,false,פיתות ביס 11 * 50 גרם,מאפית מכבים,IL,פיתות ביס 11 יח,גרמים,550.00,100 גרם,false,1,8.90,1.62,true,1,
7290003222780,false,פיתות כפרי.קמח מלא100*5ג,מאפית מכבים,IL,פיתה כפרית 5 יח,גרמים,500.00,100 גרם,false,0,5.90,1.18,true,1,
7290003222797,false,פיתות כוסמין 10 יח,,IL,פיתות כוסמין,יחידה,1.00,יחידה,false,1,12.90,12.90,true,1,
7290003244331,false,עגבניות קוביות,,IL,עגבניות קוביות,גרמים,800.00,100 גרם,false,0,5.90,0.74,true,1,
7290003268245,false,"חלה ""המיוחדת של עינת""",דגנית עין בר תעשיות מזון,IL,המיוחדת של עינת,גרמים,500.00,100 גרם,false,1,9.90,1.98,true,1,
7290003268252,false,לחם חיטה מלא לילדים750ג,דגנית עין בר תעשיות מזון,IL,לחם חיטה מלא,גרמים,750.00,100 גרם,false,1,11.90,1.59,true,1,
7290003268429,false,לחם ירוק מקמח מלא 750 גר,דגנית עין בר תעשיות מזון,IL,לחם ירוק קמח מלא,גרמים,750.00,100 גרם,false,0,11.90,1.59,true,1,
7290003268641,false,"חלה ""המיוחדת של עינת""",דגנית עין בר תעשיות מזון,IL,המיוחדת של עינת,גרמים,500.00,100 גרם,false,1,9.90,1.98,true,1,
7290003283286,false,עוף קפוא שלם אגודים,מילועוף,IL,עוף קפוא שלם,קילוגרמים,0.00,"ק""ג",true,1,19.90,19.90,true,1,
7290003283293,false,כרעיים קפוא ארוז אגודים,מילועוף,IL,כרעיים ארוז קפוא,קילוגרמים,0.00,"ק""ג",true,1,24.90,24.90,true,1,
7290003283309,false,ירכיים קפוא ארוז אגודים,מילועוף,IL,ירכיים קפוא ארוז,קילוגרמים,0.00,"ק""ג",true,1,24.90,24.90,true,1,
7290003283316,false,חזה חצוי קפוא ארוז,מילועוף,IL,חזה חצוי קפוא,קילוגרמים,0.00,"ק""ג",true,1,24.90,24.90,true,1,
7290003283330,false,שוקיים קפוא ארוז אגודים,מילועוף,IL,שוקיים קפוא ארוז,קילוגרמים,0.00,"ק""ג",true,1,24.90,24.90,true,1,
7290003283347,false,כנפיים קפוא ארוז אגודים,מילועוף,IL,כנפיים ארוז קפוא,קילוגרמים,0.00,"ק""ג",true,1,12.90,12.90,true,1,
7290003283378,false,שניצל קפוא ארוז אגודים,מילועוף,IL,שניצל קפוא ארוז,קילוגרמים,0.00,"ק""ג",true,1,34.90,34.90,true,1,
7290003283385,false,שווארמה קפוא ארוז אגודים,מילועוף,IL,שווארמה קפוא,קילוגרמים,0.00,"ק""ג",true,1,64.90,64.90,true,1,
7290003283392,false,גרון קפוא ארוז אגודים,מילועוף,IL,גרון קפוא ארוז,קילוגרמים,0.00,"ק""ג",true,1,7.90,7.90,true,1,
7290003283668,false,כבד צלוי קפוא אגודים250ג,מילועוף,IL,כבד צלוי קפוא,גרמים,250.00,100 גרם,false,1,24.90,9.96,true,1,
7290003287420,false,פילה סלמון מעושן 100 גרם,,PL,פילה סלמון מעושן,גרמים,100.00,100 גרם,false,1,14.90,14.90,true,1,
7290003310555,false,מאגדת טילון קרם עוגיות,מוצרי איכות אמריקאיים,IL,מאגדת טילון קרם,גרמים,400.00,100 גרם,false,0,24.90,6.23,true,1,
7290003318100,false,ופלים בטעם שוקו 200 גרם,מנעמים,IL,ופלים שוקו,גרמים,200.00,100 גרם,false,0,2.90,1.45,true,1,
7290003318131,false,ופלים בטעם אגוזים 200 גר,מנעמים,IL,ופלים שוקו,גרמים,200.00,100 גרם,false,0,2.90,1.45,true,1,
7290003318155,false,ופלים בטעם לימון 200 גרם,מנעמים,IL,ופלים לימון,גרמים,200.00,100 גרם,false,0,2.90,1.45,true,1,
7290003318599,false,ופלים בטעם וניל 200 גרם,מנעמים,IL,ופלים וניל,גרמים,200.00,100 גרם,false,0,2.90,1.45,true,1,
7290003321155,false,דנונה בר פקאן 183 גרם,"שטראוס בריאות בע""\מ",IL,דנונה בר פקאן,גרמים,183.00,100 גרם,false,0,4.30,2.35,true,1,
7290003321292,false,גב.סקי 9% שומן 250 גרם,"שטראוס בריאות בע""\מ",IL,גבינת סקי 9%,גרמים,250.00,100 גרם,false,0,4.50,1.80,true,1,
7290003331444,false,מפות שולחן ניילון 18 יח',טופ פלסט,IL,מפת שולחן ניילון,יחידה,1.00,יחידה,false,0,14.90,14.90,true,1,
7290003331468,false,רדיד אלומיניום,,IL,רדיד אלומיניום,יחידה,1.00,יחידה,false,0,16.90,16.90,true,1,
7290003331611,false,מפת שולחן ניילון,,IL,מפת שולחן ניילון,יחידה,1.00,יחידה,false,0,14.90,14.90,true,1,
7290003331666,false,נייר אפייה ביתי 50 יח',טופ פלסט,IL,נייר אפיה,יחידה,1.00,יחידה,false,1,7.90,7.90,true,1,
7290003331796,false,נייר ארונות לבן66X84 10י,,IL,נייר ארונות,יחידה,1.00,יחידה,false,0,2.90,2.90,true,1,
7290003387205,false,דאו.ספיד סטיק לגבר 56 גר,קולגייט פלמוליב,US,דאודורנט סטיק,גרמים,56.00,100 גרם,false,0,16.90,30.18,true,1,
7290003397136,false,בדית תחבושות 18 יחידות,כ.כיפות שיווק וסחר,IL,בדית תחבושות 8,יחידה,1.00,יחידה,false,0,6.90,6.90,true,1,
7290003427154,false,"שמן זית כתית מעולה750מ""ל",זיתא תעשיות שמן זיתt\,IL,שמן זית כתית,מיליליטרים,750.00,"100 מ""ל",false,0,29.90,3.99,true,1,
7290003457991,false,חטיפי גל.קורנטו קלאסיקו,"גלידת שטראוס בע""\מ",IL,חטיפי קורנטו,גרמים,300.00,100 גרם,false,0,31.90,10.63,true,1,
7290003478002,false,סחוג אדום של רומיה 150ג,הסחוג הביתי של רומיה,IL,סחוג אדום 150גרם,גרמים,150.00,100 גרם,false,1,9.90,6.60,true,1,
7290003478019,false,סחוג ירוק של רומיה 150 ג,הסחוג הביתי של רומיה,IL,סחוג ירוק 150גרם,גרמים,150.00,100 גרם,false,1,9.90,6.60,true,1,
7290003478040,false,עמבה  של רומיה 250 גרם,הסחוג הביתי של רומיה,IL,עמבה 250גר,גרמים,250.00,100 גרם,false,1,9.90,3.96,true,1,
7290003478132,false,פלפל צ'ומה של רומיה 250,הסחוג הביתי של רומיה,IL,פלפל צ'ומה 250גר,גרמים,250.00,100 גרם,false,1,9.90,3.96,true,1,
7290003478149,false,אריסה של רומיה 250גרם,הסחוג הביתי של רומיה,IL,אריסה 250גרם,גרמים,250.00,100 גרם,false,1,9.90,3.96,true,1,
7290003478156,false,השום הכתוש  של רומיה 250,הסחוג הביתי של רומיה,IL,שום כתוש 250גרם,גרמים,250.00,100 גרם,false,1,11.90,4.76,true,1,
7290003478200,false,לימון בלאדי של רומיה250ג,הסחוג הביתי של רומיה,IL,לימון בלאדי250גר,גרמים,250.00,100 גרם,false,1,9.90,3.96,true,1,
7290003495030,false,מאפה שקדים במשקל,גידרון,IL,מאפה שקדים,קילוגרמים,0.00,"ק""ג",true,0,29.00,29.00,true,1,
7290003514571,false,פריכיות אורז עם מלח 100ג,מנה,IL,פריכיות אורז,גרמים,100.00,100 גרם,false,0,4.90,4.90,true,1,
7290003521340,false,אל סבון קמיל בלו קלאסיק,פישר מעבדות פרמצבטיות בע,IL,אל סבון קמיל בלו,ליטרים,2.00,ליטר,false,0,36.90,18.45,true,1,
7290003521395,false,אל סבון קמיל בלו,פישר מעבדות פרמצבטיות בע,IL,אל סבון לתינוק,ליטרים,2.00,ליטר,false,0,36.90,18.45,true,1,
7290003521463,false,שמפו אל דמע קמיל בלו,פישר מעבדות פרמצבטיות בע,IL,שמפו ללא דמעות,ליטרים,2.00,ליטר,false,0,36.90,18.45,true,1,
7290003525461,false,סלט טונה פיקנטי,,IL,סלט טונה פיקנטי,גרמים,160.00,100 גרם,false,0,4.90,3.06,true,1,
7290003525478,false,סלט טונה,,IL,סלט טונה,גרמים,160.00,100 גרם,false,0,4.90,3.06,true,1,
7290003570423,false,בשר בקר טחון טהור 500 גר,"בלדי בע""\ם",IL,בשר בקר טחון,גרמים,500.00,100 גרם,false,1,34.90,6.98,true,1,
7290003570577,false,"גרון הודו קפוא עד""ח לפי",,IL,"גרון הודו עד""ח",קילוגרמים,0.00,"ק""ג",true,1,32.90,32.90,true,1,
7290003570591,false,"שוקיים הודו קפוא עד""ח לפ",,IL,שוקיים הודו קפוא,קילוגרמים,0.00,"ק""ג",true,1,22.90,22.90,true,1,
7290003570676,false,רולדה הודו אדום קפוא שקי,,IL,רולדה הודו אדום,קילוגרמים,0.00,"ק""ג",true,1,39.90,39.90,true,1,
7290003570782,false,"גרון הודיות קפוא עד""ח לפ",,IL,גרון הודיות קפוא,קילוגרמים,0.00,"ק""ג",true,1,32.90,32.90,true,1,
7290003571086,false,שריר הזרוע 88 מובחר,,IL,שריר הזרוע,קילוגרמים,0.00,"ק""ג",true,1,87.90,87.90,true,1,
7290003571093,false,עצם ברך לחמין,בלדי,IL,עצם ברך לחמין,קילוגרמים,0.00,"ק""ג",true,1,17.90,17.90,true,1,
7290003578061,false,לבבות דקל שלם,,EC,לבבות דקל שלם,גרמים,400.00,100 גרם,false,0,8.90,2.23,true,1,
7290003578177,false,תירס צעיר שלם,,TH,תירס צעיר שלם,גרמים,410.00,100 גרם,false,0,4.50,1.10,true,1,
7290003582181,false,כד מים + מכסה,אליבו,IL,כד מים + מכסה,יחידה,1.00,יחידה,false,0,14.90,14.90,true,1,
7290003582211,false,סכומון מדורג יח,YANAGXI,CN,סכומון מדורג,יחידה,1.00,יחידה,false,0,13.90,13.90,true,1,
7290003582228,false,שירותון גבוה רגיל,אליבו,IL,שירותון,יחידה,1.00,יחידה,false,1,19.90,19.90,true,1,
7290003582365,false,שטיח רשת לכיור,אליבו,CN,שטיח רשת לכיור,יחידה,1.00,יחידה,false,1,7.90,7.90,true,1,
7290003582372,false,מגש מצות מפלסטיק,אליבו,IL,מגש מצות פלסטי,יחידה,1.00,יחידה,false,0,7.90,7.90,true,1,
7290003582396,false,סכומית מגירה גדולה,אליבו,IL,סכומית,יחידה,1.00,יחידה,false,0,10.90,10.90,true,1,
7290003582440,false,מלחיה קפיץ,אליבו,IL,מלחיה קפיץ,יחידה,1.00,יחידה,false,0,4.90,4.90,true,1,
7290003582464,false,מסחטת מיץ,אליבו,IL,מסחטת מיץ,יחידה,1.00,יחידה,false,0,7.90,7.90,true,1,
7290003582532,false,שטיח רשת למקרר,אליבו,CN,שטיח רשת למקרר,יחידה,1.00,יחידה,false,1,7.90,7.90,true,1,
7290003582556,false,סכומית מגירה,אליבו,IL,סכומית מגירה,יחידה,1.00,יחידה,false,0,8.90,8.90,true,1,
7290003582624,false,אלמגוב לכלים 1 יחידה,אליבו,IL,אלמגוב לכלים,יחידה,1.00,יחידה,false,0,6.90,6.90,true,1,
7290003582679,false,קערה בינונית,YANAGXI,CN,קערה בינונית,יחידה,1.00,יחידה,false,0,5.90,5.90,true,1,
7290003582686,false,סכומון,אליבו,IL,סכומון,יחידה,1.00,יחידה,false,0,8.90,8.90,true,1,
7290003583140,false,נטלה גבוהה לנטילת ידיים,אליבו,CN,נטלה גבוהה,יחידה,1.00,יחידה,false,1,5.90,5.90,true,1,
7290003583300,false,צלחת עמוקה עגולה,אליבו,IL,צלחת עמוקה,יחידה,1.00,יחידה,false,0,4.90,4.90,true,1,
7290003583317,false,צלחת שטוחה עדן,אליבו,IL,צלחת,יחידה,1.00,יחידה,false,0,4.90,4.90,true,1,
7290003583362,false,לוח חיתוך בינוני עבה,אליבו,IL,לוח חיתוך בינוני,יחידה,1.00,יחידה,false,1,18.90,18.90,true,1,
7290003583478,false,קערה גדולה יח,,CN,קערה גדולה,יחידה,1.00,יחידה,false,0,7.90,7.90,true,1,
7290003583560,false,קערה גדולה 1 יחידה,אליבו,IL,קערה גדולה,יחידה,1.00,יחידה,false,1,7.90,7.90,true,1,
7290003583577,false,קערה 28 1 יחידה,אליבו,CN,קערה 28,יחידה,1.00,יחידה,false,1,8.90,8.90,true,1,
7290003583584,false,"קערה עגולה 32 ס""מ",אליבו,CN,קערה עגולה,יחידה,1.00,יחידה,false,0,10.90,10.90,true,1,
7290003583645,false,חמוצון,YANAGXI,CN,חמוצון,יחידה,1.00,יחידה,false,0,16.90,16.90,true,1,
7290003583669,false,סלסלה סופר פתוחה,אליבו,IL,סלסלה סופר פתוחה,יחידה,1.00,יחידה,false,0,7.90,7.90,true,1,
7290003583737,false,סלסלת כל בו קטנה,אליבו,IL,סלסלת כל בו קטנה,יחידה,1.00,יחידה,false,1,4.90,4.90,true,1,
7290003583898,false,נטלה קטנה,אליבו,IL,נטלה קטנה,יחידה,1.00,יחידה,false,1,3.90,3.90,true,1,
7290003584192,false,שירותון ראטן 1 יחידה,,IL,שירותון ראטן,יחידה,1.00,יחידה,false,1,22.90,22.90,true,1,
7290003584215,false,סלסלת דנטל,אליבו,IL,סלסלת דנטל,יחידה,1.00,יחידה,false,1,6.90,6.90,true,1,
7290003584703,false,לוח חיתוך גדול,,CN,לוח חיתוך,יחידה,1.00,יחידה,false,1,12.90,12.90,true,1,
7290003593149,false,בשר מס 4 צרכני אשפר חלק,,UY,בשר מס 4,קילוגרמים,0.00,"ק""ג",true,1,32.90,32.90,true,1,
7290003598472,false,מנות סלמון קפוא נורבגי,בלדי,NO,מנות סלמון קפוא,קילוגרמים,0.00,"ק""ג",true,1,74.90,74.90,true,1,
7290003608089,false,ספרינג תות-בננה 1.5 ליטר,"יפאורה תבורי בע""\מ",IL,ספרינג תות בננה,ליטרים,1.50,ליטר,false,0,5.90,3.93,true,1,
7290003608546,false,תפוזינה תות בננה 1.5ליטר,"יפאורה תבורי בע""\מ",IL,תפוזינה תות בננה,ליטרים,1.50,ליטר,false,0,5.90,3.93,true,1,
7290003608621,false,קולה RC מארז 1.5*6 ליטר,"יפאורה תבורי בע""\מ",IL,RC קולה 6 יח',ליטרים,9.00,ליטר,false,0,21.90,2.43,true,1,
7290003608898,false,תפוזינה תפוזים לייט1.5ל,"יפאורה תבורי בע""\מ",IL,תפוזינה לייט,ליטרים,1.50,ליטר,false,0,5.90,3.93,true,1,
7290003643004,false,אורז בסמטי קלאסי בשקית1ק,"סוגת תעשיות בע""\מ",IL,אורז בסמטי קלאסי,קילוגרמים,1.00,"ק""ג",false,0,12.90,12.90,true,1,
7290003643646,false,"סוכר דמררה צנצנת 1 ק""ג","סוגת תעשיות בע""\מ",IL,סוכר דמררה,קילוגרמים,1.00,"ק""ג",false,0,8.90,8.90,true,1,
7290003648344,false,מטיאס הולנדי בשמן 550 גר,סלטי שמיר,IL,מטיאס הולנדי,גרמים,550.00,100 גרם,false,0,27.90,5.07,true,1,
7290003667109,false,פאנטה בטעם אורנג' 1.5 ל',החברה המרכזית לייצור משק,IL,פאנטה בטעם אורנג,ליטרים,1.50,ליטר,false,0,6.20,4.13,true,1,
7290003667369,false,פריגת מיקס תות-בננה1.5ל,מבשלות בירה בינלאומיות ב,IL,פריגת תות בננה,ליטרים,1.50,ליטר,false,0,6.20,4.13,true,1,
7290003670802,false,"כבד עוף צלוי בד""ץ 250 גר",,IL,כבד עוף צלוי,גרמים,250.00,100 גרם,false,1,27.90,11.16,true,1,
7290003681006,false,צימוקים לבנים 200גרם,מיה,IL,צימוק לבן 200ג,גרמים,200.00,100 גרם,false,0,7.90,3.95,true,1,
7290003681174,false,צמוקים שחורים200גרם-שקית,מיה תעשיות מזון מ.ת.מ. ב,IL,צמוקים שחורים,גרמים,200.00,100 גרם,false,0,7.90,3.95,true,1,
7290003681211,false,'צנובר 80 גר',מיה תעשיות מזון מ.ת.מ. ב,IL,צנובר,גרמים,80.00,100 גרם,false,0,19.90,24.88,true,1,
7290003681228,false,עלי דפנה 10 גרם,מיה תעשיות מזון מ.ת.מ. ב,IL,עלי דפנה,גרמים,10.00,100 גרם,false,0,5.70,57.00,true,1,
7290003681235,false,פלפל אנגלי 50 גרם,מיה תעשיות מזון מ.ת.מ. ב,IL,פלפל אנגלי,גרמים,50.00,100 גרם,false,0,5.90,11.80,true,1,
7290003681242,false,זעתר 50 גרם,מיה תעשיות מזון מ.ת.מ. ב,IL,זעתר,גרמים,50.00,100 גרם,false,0,5.70,11.40,true,1,
7290003681259,false,שביבי שום 50 גרם,מיה תעשיות מזון מ.ת.מ. ב,IL,שביבי שום,גרמים,50.00,100 גרם,false,0,7.90,15.80,true,1,
7290003681303,false,שעועית מעורבת 500 גרם,מיה תעשיות מזון מ.ת.מ. ב,IL,שעועית מעורבת,גרמים,500.00,100 גרם,false,0,7.90,1.58,true,1,
7290003681334,false,קוקוס מיה 400 גרם,מיה תעשיות מזון מ.ת.מ. ב,IL,קוקוס,גרמים,400.00,100 גרם,false,0,9.90,2.48,true,1,
7290003681341,false,קונפיטורה תות 340 גרם,מיה תעשיות מזון מ.ת.מ. ב,IL,קונפיטורה תות,גרמים,340.00,100 גרם,false,0,8.90,2.62,true,1,
7290003681365,false,קישוט עוגה שוק/צבע.צנצ70,מיה תעשיות מזון מ.ת.מ. ב,IL,קישוטי עוגה,גרמים,70.00,100 גרם,false,0,3.90,5.57,true,1,
7290003681532,false,דובדבנים מסוכרים יח,מיה תעשיות מזון מ.ת.מ. ב,IL,דובדבנים מסוכרים,גרמים,80.00,100 גרם,false,0,6.90,8.63,true,1,
7290003681693,false,חומוס לבן ענק 500 גרם,מיה תעשיות מזון מ.ת.מ. ב,IL,חומוס לבן ענק,גרמים,500.00,100 גרם,false,0,8.90,1.78,true,1,
7290003681716,false,גריסי פנינה 500 גרם,מיה תעשיות מזון מ.ת.מ. ב,IL,גריסי פנינה,גרמים,500.00,100 גרם,false,0,4.90,0.98,true,1,
7290003681723,false,תבלין לפיצה 80 גרם,מיה תעשיות מזון מ.ת.מ. ב,IL,תבלין לפיצה,גרמים,80.00,100 גרם,false,0,5.70,7.13,true,1,
7290003681730,false,גריל דג 80 גרם,מיה תעשיות מזון מ.ת.מ. ב,IL,תבלין גריל דג,גרמים,80.00,100 גרם,false,0,5.70,7.13,true,1,
7290003681747,false,גריל בשר 80 גרם,מיה תעשיות מזון מ.ת.מ. ב,IL,תבלין גריל בשר,גרמים,80.00,100 גרם,false,0,5.70,7.13,true,1,
7290003681754,false,אבקת קארי 80 גרם,מיה תעשיות מזון מ.ת.מ. ב,IL,קארי,גרמים,80.00,100 גרם,false,0,5.70,7.13,true,1,
7290003681761,false,גבישי שום 80 גרם,מיה תעשיות מזון מ.ת.מ. ב,IL,גבישי שום,גרמים,80.00,100 גרם,false,0,7.90,9.88,true,1,
7290003681785,false,"אורז פרסי זהב 1 ק""ג",מיה תעשיות מזון מ.ת.מ. ב,IL,אורז פרסי,קילוגרמים,1.00,"ק""ג",false,0,7.90,7.90,true,1,
7290003681792,false,סוכריות טופי ט.פירות850ג,מיה תעשיות מזון מ.ת.מ. ב,IL,סוכריות טופי,גרמים,850.00,100 גרם,false,0,13.70,1.61,true,1,
7290003681945,false,"מיץ לימון 100% 500 מ""ל",מיה,IL,מיץ לימון 100%,מיליליטרים,500.00,"100 מ""ל",false,0,8.90,1.78,true,1,
7290003718610,false,במיה 400 גרם,בלדי,IL,במיה 400 גרם,גרמים,400.00,100 גרם,false,1,9.90,2.48,true,1,
7290003726141,false,טופו משק גאיה 300 גרם,משק ויילר,IL,טופו משק גאיה,גרמים,300.00,100 גרם,false,0,9.90,3.30,true,1,
7290003726592,false,טופו ויילר בטעם פסטו300ג,"משק ויילר בע""\מ",IL,טופו בטעם פסטו,גרמים,300.00,100 גרם,false,1,9.90,3.30,true,1,
7290003726615,false,טופו ויילר 300 גרם,"משק ווילר בע""\מ",IL,טופו ויילר,גרמים,300.00,100 גרם,false,1,9.90,3.30,true,1,
7290003726684,false,טופו חומוס בטעם טבעי300ג,"משק ויילר בע""\מ",IL,טופו חומוס,גרמים,300.00,100 גרם,false,1,11.90,3.97,true,1,
7290003726691,false,טופו חומוס בטעם מעושן300,"משק ויילר בע""\מ",IL,טופו חומוס מעושן,גרמים,300.00,100 גרם,false,1,11.90,3.97,true,1,
7290003727667,false,"סלט חומוס צבר 1 ק""ג",סלטי צבר,IL,סלט חומוס צבר,קילוגרמים,1.00,"ק""ג",false,0,13.90,13.90,true,1,
7290003751112,false,"עוף טחון עד""ח 500 גרם",גלאט עוף,IL,"עוף טחון עד""ח",גרמים,500.00,100 גרם,false,0,21.90,4.38,true,1,
7290003751211,false,בשר בקר טחון,,IL,בשר בקר טחון,גרמים,500.00,100 גרם,false,0,36.90,7.38,true,1,
7290003751242,false,הודו טחון   500 גרם,,IL,הודו טחון  500גר,גרמים,500.00,100 גרם,false,0,21.90,4.38,true,1,
7290003751372,false,"עצמות מח עד""ח שקיל",,IL,עצמות מח,גרמים,0.00,"ק""ג",true,1,49.90,49.90,true,1,
7290003751556,false,"לב הצוואר לומבה עד""ח לפי",גלאט עוף,IL,"לב הצוואר עד""ח",גרמים,0.00,"ק""ג",true,1,79.00,79.00,true,1,
7290003751563,false,"גרון הודו עד""ח",,IL,"גרון הודו עד""ח",קילוגרמים,0.00,"ק""ג",true,0,34.90,34.90,true,1,
7290003751693,false,צלעות בקר קפוא,,IL,צלעות בקר קפוא,קילוגרמים,0.00,"ק""ג",true,0,69.00,69.00,true,1,
7290003751709,false,כתף בקר קפוא (4),,IL,כתף בקר קפוא (4),גרמים,0.00,"ק""ג",true,0,79.00,79.00,true,1,
7290003751723,false,"שריר הזרוע עד""ח",,IL,"שריר הזרוע עד""ח",קילוגרמים,0.00,"ק""ג",true,0,89.00,89.00,true,1,
7290003751730,false,צוואר קפוא (10),,IL,צוואר קפוא (10),גרמים,0.00,"ק""ג",true,0,69.00,69.00,true,1,
7290003751761,false,בשר פלאנקען (9),,IL,בשר פלאנקען (9),גרמים,0.00,"ק""ג",true,0,78.90,78.90,true,1,
7290003751945,false,צלי כתף לא מעובד,,IL,צלי כתף לא מעובד,קילוגרמים,0.00,"ק""ג",true,0,109.00,109.00,true,1,
7290003805501,false,פתית חסכוני שוודית 300גר,יוניליוור ישראל מזון בע\,IL,פתית קרקר שוודי,גרמים,300.00,100 גרם,false,0,14.90,4.97,true,1,
7290003805587,false,פתית קרקר חיטה מלאה250גר,יוניליוור ישראל מזון בע\,IL,פתית חיטה מלאה,גרמים,250.00,100 גרם,false,0,14.90,5.96,true,1,
7290003806591,false,דאו. דאב מלפפונים150מ,יוניליוור,GB,דאודורנט דאב,מיליליטרים,150.00,"100 מ""ל",false,1,14.90,9.93,true,1,
7290003807178,false,רוטב סויה סגנון סיני300מ,יוניליוור ישראל מזון בע\,IL,רוטב סויה,מיליליטרים,300.00,"100 מ""ל",false,0,9.90,3.30,true,1,
7290003807482,false,רוטב טריאקי 370 גרם,יוניליוור ישראל מזון בע\,IL,רוטב טריאקי,גרמים,300.00,100 גרם,false,0,9.90,3.30,true,1,
7290003882922,false,עלי גפן ממולאים,,CN,עלי גפן ממולאים,גרמים,400.00,100 גרם,false,0,7.90,1.98,true,1,
7290003893027,false,פילה מרלוזה קפוא מחיר לפ,ג.עופר,AR,פילה מרלוזה,קילוגרמים,0.00,"ק""ג",true,0,29.90,29.90,true,1,
7290003893232,false,נילוס פרוס עדה חרדית מחי,ג.עופר,TZ,נילוס פרוס,קילוגרמים,0.00,"ק""ג",true,1,49.90,49.90,true,1,
7290003893386,false,פילה אמנון 3-5 קפוא,ג.עופר,CN,פילה אמנון קפוא,קילוגרמים,0.00,"ק""ג",true,0,29.90,29.90,true,1,
7290003893645,false,מקרל ארוז שקיל,וינר פוד,NO,מקרל ארוז שקיל,קילוגרמים,0.00,"ק""ג",true,1,18.00,18.00,true,1,
7290003893690,false,"פילה אמנון קפוא 5-7 בד""ץ",,IL,פילה אמנון 5-7,קילוגרמים,0.00,"ק""ג",true,1,29.90,29.90,true,1,
7290003893706,false,סול הולנדי בוואקום,,NL,סול הולנדי,קילוגרמים,0.00,"ק""ג",true,1,49.90,49.90,true,1,
7290003893737,false,פ. סלמון נורבגי ללא עור,ג.עופר,NO,פילה סלמון,קילוגרמים,0.00,"ק""ג",true,1,79.90,79.90,true,1,
7290003893751,false,"פילה זהבון 1 ק""ג",,CN,פילה זהבון,קילוגרמים,1.00,"ק""ג",false,1,11.90,11.90,true,1,
7290003893782,false,פילה סלמון נורבגי1.4-1.8,אינקה א.ס.,IL,פילה סלמון,קילוגרמים,0.00,"ק""ג",true,0,74.90,74.90,true,1,
7290003893836,false,פילה סול סיני מובחר ארוז,,CN,פילה סול סיני,קילוגרמים,0.00,"ק""ג",true,1,27.90,27.90,true,1,
7290003893843,false,פילה אמנון ללא עור,ג.עופר,CN,פילה אמנון,קילוגרמים,0.00,"ק""ג",true,1,34.90,34.90,true,1,
7290003893850,false,"פילה סלמון נורבגי בד""ץ",,NO,פילה סלמון,קילוגרמים,0.00,"ק""ג",true,1,69.90,69.90,true,1,
7290003893867,false,פילה סלמון נורבגי,,NO,פילה סלמון נורבג,קילוגרמים,0.00,"ק""ג",true,1,69.90,69.90,true,1,
7290003893911,false,נילוס פרוס בואקום XXL,איסט אפריקן סיפוד,KE,נילוס פרוס,קילוגרמים,0.00,"ק""ג",true,1,64.90,64.90,true,1,
7290003893966,false,פילה אמנון עם פס עור 5-7,,CN,פילה אמנון,קילוגרמים,0.00,"ק""ג",true,1,34.90,34.90,true,1,
7290003893980,false,ממרח אבוקדו קפוא250גרם,,MX,ממרח אבוקדו קפוא,גרמים,250.00,100 גרם,false,1,14.90,5.96,true,1,
7290003903955,false,שוקולד קרם חלב 100 גרם,עלית,IL,שוקולד קרם חלב,גרמים,100.00,100 גרם,false,0,4.90,4.90,true,1,
7290003976287,false,"די תוש טאצ' 630 מ""ל",סאסא טק,IL,די תוש טאצ',מיליליטרים,630.00,"100 מ""ל",false,1,12.90,2.05,true,1,
7290003976294,false,די תיקן פורטה טאצ' 630 מ,סאסא טק,IL,די תיקן פורטה,מיליליטרים,630.00,"100 מ""ל",false,1,12.90,2.05,true,1,
7290003989096,false,חציל פיקנטי אחלה 500 גרם,"שטראוס גרופ בע""\מ",IL,חציל פיקנטי אחלה,גרמים,500.00,100 גרם,false,0,14.90,2.98,true,1,
7290003989539,false,רביולי עם גבינה 400 גרם,"שטראוס גרופ בע""\מ",IL,רביולי גבינה,גרמים,400.00,100 גרם,false,0,18.90,4.73,true,1,
7290003989553,false,טורטליני פטריות 400 גרם,"שטראוס גרופ בע""\מ",IL,טורטליני פטריות,גרמים,400.00,100 גרם,false,0,18.90,4.73,true,1,
7290004011260,false,"ריצ' להעשרת קפה 427 מ""ל",נטו,US,ריצ' להעשרת קפה,מיליליטרים,427.00,"100 מ""ל",false,0,9.90,2.32,true,1,
7290004011284,false,"ריצ' להכנת קצפת 212 מ""ל",נטו,US,ריצ' להכנת קצפת,מיליליטרים,212.00,"100 מ""ל",false,0,7.90,3.73,true,1,
7290004011345,false,קצפת מתוקה,,IT,קצפת מתוקה,גרמים,250.00,100 גרם,false,0,9.90,3.96,true,1,
7290004011352,false,בסיס לקצפת 3 יח,,,בסיס לקצפת 3 יח,מיליליטרים,636.00,"100 מ""ל",false,0,17.90,2.81,true,1,
7290004023041,false,לחם מחמצת שיפון,,IL,לחם מחמצת שיפון,גרמים,750.00,100 גרם,false,0,13.90,1.85,true,1,
7290004023553,false,חלה מקמח כוסמין מלא450גר,המאפה של דר' מארק,IL,חלה מקמח מלא,גרמים,450.00,100 גרם,false,1,13.90,3.09,true,1,
7290004030018,false,מיץ לימון לתיבול,,IL,מיץ לימון לתיבול,מיליליטרים,500.00,"100 מ""ל",false,0,6.90,1.38,true,1,
7290004030025,false,מיץ תפוזים סחוט שמוטי2ל,,IL,מיץ תפוזים סחוט,ליטרים,2.00,ליטר,false,0,23.90,11.95,true,1,
7290004030032,false,מיץ תפוזים סחוט ולנסיה2ל,,IL,מיץ תפוזים סחוט,ליטרים,2.00,ליטר,false,0,23.90,11.95,true,1,
7290004030100,false,מיץ תפוזים ולנסיה 1 ליטר,,IL,מיץ תפוזי ולנסיה,ליטרים,1.00,ליטר,false,1,13.90,13.90,true,1,
7290004030216,false,נקטר חמוציות 1 ליטר,פריניב,IL,נקטר חמוציות,ליטרים,1.00,ליטר,false,1,10.90,10.90,true,1,
7290004030445,false,מיץ תפוזים סחוט,,IL,מיץ תפוזים סחוט,ליטרים,1.00,ליטר,false,0,10.90,10.90,true,1,
7290004030612,false,משקה תפוח קיווי,,IL,משקה תפוח קיווי,ליטרים,1.00,ליטר,false,0,12.90,12.90,true,1,
7290004030698,false,נקטר חמוציות 2 ליטר,פריניב בעמ,IL,נקטר חמוציות,ליטרים,2.00,ליטר,false,0,12.90,6.45,true,1,
7290004030704,false,מיץ תפוזים טבעי  2 ליטר,פרי ניב,IL,מיץ תפוזים טבעי,ליטרים,2.00,ליטר,false,0,16.90,8.45,true,1,
7290004030810,false,מיץ תפוז בננה פסיפלורה1ל,פריניב,IL,מיץ פריניב,מיליליטרים,1000.00,"100 מ""ל",false,1,13.90,1.39,true,1,
7290004030834,false,מיץ רימונים,,IL,מיץ רימונים,ליטרים,1.00,ליטר,false,0,16.90,16.90,true,1,
7290004030957,false,משקה קל מצנון 2ל,,IL,משקה קל מצנון 2ל,ליטרים,2.00,ליטר,false,0,15.90,7.95,true,1,
7290004063016,false,"מלח שולחן מעולה 1 ק""ג",מלחי סלית עתלית,IL,מלח שולחן,קילוגרמים,1.00,"ק""ג",false,0,1.30,1.30,true,1,
7290004063115,false,"מלח מטבח גס לבישול 1 ק""ג",מלחי סלית עתלית,IL,מלח מטבח גס,קילוגרמים,1.00,"ק""ג",false,0,1.30,1.30,true,1,
7290004064099,false,מטחנה מלח הרי ההימלאיה,"חברת מלח הארץ אילת בע""\מ",IL,מטחנה מלח,גרמים,250.00,100 גרם,false,1,14.90,5.96,true,1,
7290004064174,false,"מלח דק הימלאיה 1 ק""ג","חברת מלח הארץ אילת בע""\מ",PK,מלח דק הימלאיה,קילוגרמים,1.00,"ק""ג",false,1,16.90,16.90,true,1,
7290004064297,false,מלח מועשר ביוד צנצנת 1קג,"חברת מלח הארץ אילת בע""\מ",IL,מלח מועשר ביוד,קילוגרמים,1.00,"ק""ג",false,1,8.90,8.90,true,1,
7290004068011,false,יוגורט כבשים,,IL,יוגורט כבשים,גרמים,600.00,100 גרם,false,0,15.90,2.65,true,1,
7290004068035,false,אירן משקה יוגורט,,IL,אירן משקה יוגורט,מיליליטרים,500.00,"100 מ""ל",false,0,7.90,1.58,true,1,
7290004068172,false,יוגורט עזים בדלי,,IL,יוגורט עזים בדלי,גרמים,600.00,100 גרם,false,0,15.90,2.65,true,1,
7290004068424,false,גבינת גאודה,,IL,גבינת גאודה,קילוגרמים,0.00,"ק""ג",true,0,109.00,109.00,true,1,
7290004068578,false,פרמז'ן  גרנה פדנו,גרנה פדני איטליה,IT,פרמז'ן גרנה,קילוגרמים,0.00,"ק""ג",true,1,99.00,99.00,true,1,
7290004078225,false,מי פה קולג.פלקס ירוק500מ,קולגייט- פלמוליב,PL,מי פה קולגייט,מיליליטרים,500.00,"100 מ""ל",false,0,24.90,4.98,true,1,
7290004078270,false,פלמוליב לכלים לימון1ליטר,קולגייט-פלמוליב,GR,פלמוליב לכלים,ליטרים,1.00,ליטר,false,0,11.90,11.90,true,1,
7290004078690,false,"אג'קס  WC מרענן 750 מ""ל",קולגייט פלמוליב,FR,אג'קס מרענן,מיליליטרים,750.00,"100 מ""ל",false,0,13.90,1.85,true,1,
7290004078942,false,ליידי ס.סטיק ג'ל מרענן,קולגייט פלמוליב,US,דאודורנט,גרמים,65.00,100 גרם,false,0,17.90,27.54,true,1,
7290004084110,false,סוכר קוביות,,IL,סוכר קוביות,גרמים,500.00,100 גרם,false,0,8.90,1.78,true,1,
7290004091217,false,גודרס להברקת כלי כסף125ג,COLEPCCL,PT,נוזל ניקוי כסף,מיליליטרים,125.00,"100 מ""ל",false,0,14.90,11.92,true,1,
7290004091248,false,וזלין טהור 106 גרם,יוניליוור,US,וזלין טהור,גרמים,106.00,100 גרם,false,0,12.90,12.17,true,1,
7290004093006,false,עוף הכפר שלם טרי ארוז,נטו,IL,עוף הכפר טרי שלם,קילוגרמים,0.00,"ק""ג",true,1,18.90,18.90,true,1,
7290004093013,false,כרעיים עוף הכפר טרי ארוז,נטו,IL,כרעיים עוף הכפר,קילוגרמים,0.00,"ק""ג",true,1,24.90,24.90,true,1,
7290004093020,false,חזה עוף הכפר טרי ארוז,נטו,IL,חזה עוף הכפר,קילוגרמים,0.00,"ק""ג",true,1,27.90,27.90,true,1,
7290004093037,false,כנפיים עוף הכפר טרי ארוז,נטו,IL,כנפיים עוף הכפר,קילוגרמים,0.00,"ק""ג",true,1,9.90,9.90,true,1,
7290004093044,false,שוקיים עוף הכפר טרי ארוז,נטו,IL,שוקיים עוף הכפר,קילוגרמים,0.00,"ק""ג",true,1,25.90,25.90,true,1,
7290004093051,false,ירכיים עוף הכפר טרי ארוז,נטו,IL,ירכיים עוף הכפר,קילוגרמים,0.00,"ק""ג",true,1,24.90,24.90,true,1,
7290004093068,false,שניצל עוף הכפר טרי ארוז,נטו,IL,שניצל עוף הכפר,קילוגרמים,0.00,"ק""ג",true,1,29.90,29.90,true,1,
7290004093082,false,כבד עוף הכפר טרי ארוז,נטו,IL,כבד עוף טרי,קילוגרמים,0.00,"ק""ג",true,1,24.90,24.90,true,1,
7290004093198,false,סטייק פרגית עוף הכפר,נטו,IL,סטייק פרגית טרי,קילוגרמים,0.00,"ק""ג",true,1,59.90,59.90,true,1,
7290004093518,false,פילה עוף קפוא דליקטסו שק,,IL,פילה עוף קפוא,קילוגרמים,0.00,"ק""ג",true,1,29.90,29.90,true,1,
7290004119225,false,יופלה אננס 3% 150 גרם,תנובה בעמ,IL,יופלה אננס 3%,גרמים,150.00,100 גרם,false,0,4.70,3.13,true,1,
7290004119928,false,מעדן קרלו וניל 3% 125 גר,מחלבת אלון תבור,IL,מעדן קרלו וניל3%,גרמים,125.00,100 גרם,false,0,2.50,2.00,true,1,
7290004119973,false,מעדן קרלו שוקולד1.5% 125,מחלבת אלון תבור,IL,קרלו שוקולדה,גרמים,125.00,100 גרם,false,0,2.50,2.00,true,1,
7290004120061,false,"מעדן קרלו שוניל3% 125מ""ל",מחלבת אלון תבור,IL,מעדן קרלו שוניל,גרמים,125.00,100 גרם,false,0,2.50,2.00,true,1,
7290004120108,false,יופלה דובדבן 0% 150 גרם,תנובה בעמ,IL,יופלה דיאט 0%,גרמים,150.00,100 גרם,false,0,4.70,3.13,true,1,
7290004120252,false,באדי תות כשר למהדרין125מ,מחלבת אלון תבור,IL,באדי תות,מיליליטרים,125.00,"100 מ""ל",false,0,2.60,2.08,true,1,
7290004120283,false,שוקו בשקית,,IL,שוקו בשקית,מיליליטרים,225.00,"100 מ""ל",false,0,2.50,1.11,true,1,
7290004120566,false,גב.בולגרית פיראוס24% 250,תנובה,IL,גבינה בולגרית24%,גרמים,250.00,100 גרם,false,0,19.90,7.96,true,1,
7290004120573,false,גב.בולגרית פיראוס16% 250,תנובה,IL,גבינה בולגרית16%,גרמים,250.00,100 גרם,false,0,19.90,7.96,true,1,
7290004120634,false,גב.בולגרית פיראוס5% 250ג,תנובה,IL,גבינה בולגרית5%,גרמים,250.00,100 גרם,false,0,19.90,7.96,true,1,
7290004120832,false,חלב שתיה 3%,,IL,חלב שתיה 3%,ליטרים,2.00,ליטר,false,0,10.90,5.45,true,1,
7290004121488,false,יופלה דיאט אפרסק 150 גרם,תנובה בעמ,IL,יופלה דיאט אפרסק,גרמים,150.00,100 גרם,false,0,4.70,3.13,true,1,
7290004121754,false,יופלה קרם גב.ותות3% 150ג,תנובה בעמ,IL,יופלה קרם גבינה,גרמים,150.00,100 גרם,false,0,4.70,3.13,true,1,
7290004121853,false,פיראוס קוב.בולגרית5% 200,תנובה,IL,קוביות בולגרית5%,גרמים,200.00,100 גרם,false,0,19.90,9.95,true,1,
7290004122195,false,גוש חלב פרוס28% 200מהדרי,תנובה,IL,גבינה גוש חלב,גרמים,200.00,100 גרם,false,0,12.90,6.45,true,1,
7290004122348,false,גבינת עמק 9% פרוס 200 גר,תנובה,IL,גבינת עמק 9%,גרמים,200.00,100 גרם,false,0,15.90,7.95,true,1,
7290004122676,false,גבינת חמד לייט 5% 250 גר,תנובה,IL,גבינת חמד לייט5%,גרמים,250.00,100 גרם,false,0,16.90,6.76,true,1,
7290004122683,false,אצבעות עמק חטיף גבינה172,תנובה,IL,אצבעות עמק,גרמים,172.00,100 גרם,false,0,14.90,8.66,true,1,
7290004124205,false,יופלה דיאט תות0% 150 גר,תנובה בעמ,IL,יופלה דיאט תות0%,גרמים,150.00,100 גרם,false,0,4.70,3.13,true,1,
7290004124847,false,קצפת צמחית השף הלבן500מל,סוי מג'יק,IL,קצפת צמחית,מיליליטרים,500.00,"100 מ""ל",false,0,14.90,2.98,true,1,
7290004124892,false,יופלה פירות יבשים4% 150ג,תנובה בעמ,IL,יופלה פירות יבש.,גרמים,150.00,100 גרם,false,0,4.70,3.13,true,1,
7290004125370,false,שמנת חמוצה 9% שומן 200מל,תנובה,IL,שמנת חמוצה 9%,מיליליטרים,200.00,"100 מ""ל",false,0,3.30,1.65,true,1,
7290004125400,false,"אשל מהדרין 4.5% 200 מ""ל",תנובה,IL,אשל 4.5% שומן,מיליליטרים,200.00,"100 מ""ל",false,0,1.50,0.75,true,1,
7290004125417,false,"גיל 3% מהדרין 200מ""ל",תנובה,IL,גיל לבן 3%שומן,מיליליטרים,200.00,"100 מ""ל",false,0,1.30,0.65,true,1,
7290004125455,false,שמנת תנובה 15%שומן200מל,תנובה,IL,שמנת תנובה 15%,מיליליטרים,200.00,"100 מ""ל",false,0,2.20,1.10,true,1,
7290004125462,false,שמנת חמוצה 15%שומן500מל,תנובה,IL,שמנת חמוצה 15%,מיליליטרים,500.00,"100 מ""ל",false,0,4.90,0.98,true,1,
7290004125509,false,שמנת חמוצה15% חצי מנה100,תנובה,IL,שמנת חמוצה 15%,מיליליטרים,100.00,"100 מ""ל",false,0,1.60,1.60,true,1,
7290004125578,false,משקה סויה מועשר בסידן1ל,סוי מג'יק,IL,משקה סויה,ליטרים,1.00,ליטר,false,0,9.90,9.90,true,1,
7290004125585,false,משקה סויה בטעם וניל 1 לי,סוי מג'יק,IL,משקה סויה וניל,ליטרים,1.00,ליטר,false,0,9.90,9.90,true,1,
7290004125738,false,שמנת להקצפה-32%שף לבן250,תנובה,IL,שמנת להקצפה32%,מיליליטרים,250.00,"100 מ""ל",false,0,5.90,2.36,true,1,
7290004126650,false,גבינה צפתית 5% משקל,תנובה,IL,גבינה צפתית 5%,קילוגרמים,0.00,"ק""ג",true,0,55.00,55.00,true,1,
7290004126674,false,גבינה טל העמק לייט 200גר,תנובה,IL,גבינה טל העמק,גרמים,200.00,100 גרם,false,0,17.90,8.95,true,1,
7290004126759,false,יופלה פירות יער0% 150 גר,תנובה בעמ,IL,יופלה דיאט,גרמים,150.00,100 גרם,false,0,4.70,3.13,true,1,
7290004126872,false,"שוקו תנובה בקבוק 250 מ""ל",תנובה,IL,שוקו בקבוק,מיליליטרים,250.00,"100 מ""ל",false,0,5.10,2.04,true,1,
7290004127077,false,קוטג' תנובה 3% שומן 250,מחלבת אלון תבור,IL,קוטג' 3% שומן,גרמים,250.00,100 גרם,false,0,5.50,2.20,true,1,
7290004127329,false,קוטג' 5% 250 גרם בעלז,מחלבת אלון תבור,IL,קוטג' תנובה 5%,גרמים,250.00,100 גרם,false,0,5.50,2.20,true,1,
7290004127336,false,קוטג' תנובה 9% שומן 250ג,מחלבת אלון תבור,IL,קוטג' תנובה 9%,גרמים,250.00,100 גרם,false,0,5.50,2.20,true,1,
7290004127800,false,גב.לבנה 5% שומן 500 גרם,מחלבת אלון תבור,IL,גבינה לבנה 5%,גרמים,500.00,100 גרם,false,0,8.90,1.78,true,1,
7290004127817,false,גב.לבנה 9% שומן 500 גרם,מחלבת אלון תבור,IL,גבינה לבנה 9%,גרמים,500.00,100 גרם,false,0,8.90,1.78,true,1,
7290004127862,false,גבינה לבנה 5% 750 גרם,מחלבת אלון תבור,IL,גבינה לבנה 5%,גרמים,750.00,100 גרם,false,0,12.90,1.72,true,1,
7290004127916,false,גבינה תנובה0.5%שומן 500ג,מחלבת אלון תבור,IL,גבינה 0.5%,גרמים,500.00,100 גרם,false,0,8.90,1.78,true,1,
7290004128401,false,פטה פיראוס 20%,,IL,פטה פיראוס 20%,קילוגרמים,0.00,"ק""ג",true,0,99.00,99.00,true,1,
7290004129101,false,גב.נפולאון טעם טבעי 225ג,מחלבת אלון תבור,IL,גבינת נפוליאון,גרמים,225.00,100 גרם,false,0,11.90,5.29,true,1,
7290004129118,false,גב.נפולאון טעם זיתים225ג,מחלבת אלון תבור,IL,גבינת נפוליאון,גרמים,225.00,100 גרם,false,0,11.90,5.29,true,1,
7290004129156,false,גב.נפולאון שום-שמיר 225ג,מחלבת אלון תבור,IL,גבינת נפוליאון,גרמים,225.00,100 גרם,false,0,11.90,5.29,true,1,
7290004129545,false,גבינה למריחה 3% 250 גרם,מחלבת אלון תבור,IL,גבינה לבנה 3%,גרמים,250.00,100 גרם,false,0,4.50,1.80,true,1,
7290004129569,false,נפוליאון שום שמיר25%משקל,תנובה,IL,גבינת שמנת+שום,קילוגרמים,0.00,"ק""ג",true,0,39.00,39.00,true,1,
7290004129576,false,נפול.שמנת+זיתים25% משקל,תנובה,IL,גבינת שמנת,קילוגרמים,0.00,"ק""ג",true,0,39.00,39.00,true,1,
7290004129767,false,יופלה לבן 3% 150*8גרם,מחלבת אלון תבור,IL,יופלה לבן  3%,קילוגרמים,1.20,"ק""ג",false,0,15.90,13.25,true,1,
7290004130695,false,משקה אייס קפה בקבוק1ליטר,תנובה,IL,משקה אייס קפה,ליטרים,1.00,ליטר,false,0,11.80,11.80,true,1,
7290004130794,false,משקה סויה במתיקות מופחתת,סוי מג'יק,IL,משקה סויה,ליטרים,1.00,ליטר,false,0,9.90,9.90,true,1,
7290004130916,false,יופלה פירות יער+שמנת150ג,תנובה בעמ,IL,יופלה פירות יער,גרמים,150.00,100 גרם,false,0,4.70,3.13,true,1,
7290004131074,false,חלב בקרטון 3% שומן 1 ל',,IL,חלב בקרטון 3%,ליטרים,1.00,ליטר,false,0,5.70,5.70,true,1,
7290004131227,false,גבינה לבנה3% 500 גרם,מחלבת אלון תבור,IL,גבינה לבנה 3%,גרמים,500.00,100 גרם,false,0,8.90,1.78,true,1,
7290004131432,false,יופלה ביו לבן 3% 200 גרם,מחלבת אלון תבור,IL,יופלה לבן 3%,גרמים,200.00,100 גרם,false,0,3.70,1.85,true,1,
7290004131456,false,יופלה לבן 1.5% 200 גרם,מחלבת אלון תבור,IL,יופלה לבן 1.5%,גרמים,200.00,100 גרם,false,0,3.70,1.85,true,1,
7290004131814,false,צפתית מעודנת5%פיראוס200ג,תנובה,IL,צפתית 5% פיראוס,גרמים,200.00,100 גרם,false,0,13.90,6.95,true,1,
7290004132231,false,"משקה חלב לקפה 800 מ""ל",תנובה,IL,משקה חלב לקפה,מיליליטרים,800.00,"100 מ""ל",false,0,6.70,0.84,true,1,
7290004132552,false,משקה סויה לייט 1ל,סוי מג'יק,IL,משקה סויה,ליטרים,1.00,ליטר,false,0,9.90,9.90,true,1,
7290004132712,false,אצבעות גב.מוצרלה 21.5*8ג,תנובה,IL,אצבעות מוצרלה,גרמים,172.00,100 גרם,false,0,13.80,8.02,true,1,
7290004132903,false,גבינה לבנה 3%,,IL,גבינה לבנה 3%,גרמים,250.00,100 גרם,false,0,4.50,1.80,true,1,
7290004133207,false,יופלה לבן 0% שומן 200גרם,מחלבת אלון תבור,IL,יופלה לבן 0%שומן,גרמים,200.00,100 גרם,false,0,3.70,1.85,true,1,
7290004133627,false,חלב על הבוקר וניל 3% 1 ל,תנובה,IL,חלב על הבוקר 3%,ליטרים,1.00,ליטר,false,0,7.80,7.80,true,1,
7290004133900,false,קצפת צמחית השף הלבן250מל,סוי מג'יק,IL,קצפת צמחית,מיליליטרים,250.00,"100 מ""ל",false,0,8.90,3.56,true,1,
7290004134198,false,"משקה בננה בקבוק 250 מ""ל",תנובה,IL,משקה בננה בקבוק,מיליליטרים,250.00,"100 מ""ל",false,0,5.10,2.04,true,1,
7290004134945,false,יופלה מוקה 3% שומן 150 ג,תנובה בעמ,IL,יופלה מוקה 3%,גרמים,150.00,100 גרם,false,0,4.70,3.13,true,1,
7290004135058,false,מיני קרלו שוקולד 100*8גר,מחלבת אלון תבור,IL,קרלו שוקולד 8 יח,גרמים,800.00,100 גרם,false,0,11.90,1.49,true,1,
7290004135072,false,מעדן קרלו מיני שוק100*8ג,מחלבת אלון תבור,IL,קרלו מיני 8 יח,גרמים,800.00,100 גרם,false,0,11.90,1.49,true,1,
7290004135119,false,מעדן קרלו מיני וניל100*8,מחלבת אלון תבור,IL,קרלו מיני 8 יח,גרמים,800.00,100 גרם,false,0,11.90,1.49,true,1,
7290004135225,false,מעדן דיאט שוקולד0.2% 150,מחלבת אלון תבור,IL,מעדן דיאט שוקולד,גרמים,150.00,100 גרם,false,0,3.50,2.33,true,1,
7290004135324,false,פיראוס בולגרית מע5%משקל,תנובה,IL,פיראוס בולגרית,קילוגרמים,0.00,"ק""ג",true,0,56.00,56.00,true,1,
7290004136154,false,משקה אייס קפה בקבוק340מל,תנובה,IL,משקה אייס קפה,מיליליטרים,340.00,"100 מ""ל",false,0,6.40,1.88,true,1,
7290004136598,false,מארז הפסקת אוכל,תנובה,IL,חלב עם דגנים,יחידה,1.00,יחידה,false,0,8.60,8.60,true,1,
7290004136857,false,מעדן ג'לי פטל 125 גרם,סוי מג'יק,IL,מעדן ג'לי פטל,גרמים,125.00,100 גרם,false,0,1.90,1.52,true,1,
7290004136864,false,מעדן ג'לי אננס+חתיכות125,סוי מג'יק,IL,מעדן ג'לי אננס,גרמים,125.00,100 גרם,false,0,1.90,1.52,true,1,
7290004136871,false,מעדן ג'לי אפרסק+חתיכ125.,סוי מג'יק,IL,מעדן ג'לי אפרסק,גרמים,125.00,100 גרם,false,0,1.90,1.52,true,1,
7290004137021,false,שמנת לבישול 10%שומן250מ,תנובה,IL,שמנת לבישול10%,מיליליטרים,250.00,"100 מ""ל",false,0,7.80,3.12,true,1,
7290004170080,false,עוגת קרנץ' קינמון,,IL,עוגת קראנץ,גרמים,500.00,100 גרם,false,1,19.90,3.98,true,1,
7290004170097,false,עוגת קרנץ' שוקולד,,IL,עוגת קרנץ שוקולד,גרמים,500.00,100 גרם,false,1,19.90,3.98,true,1,
7290004170103,false,עוגת קרנץ' נוגט,,IL,עוגת קרנץ' נוגט,גרמים,500.00,100 גרם,false,1,19.90,3.98,true,1,
7290004170110,false,עוגת קראנץ חלבה שוקו500ג,,IL,עוגת קראנץ,גרמים,500.00,100 גרם,false,1,19.90,3.98,true,1,
7290004193768,false,עוף מחולק טרי לנדא,נטו,IL,עוף מחולק טרי,קילוגרמים,0.00,"ק""ג",true,1,29.90,29.90,true,1,
7290004220013,false,טחון בקר 1קג קהילות,טיבון ויל אחזקות בעמ,IL,טחון בקר,גרמים,1000.00,100 גרם,false,0,34.90,3.49,true,1,
7290004220037,false,סטייק אנטריקוט עטרה 800ג,טיבון ויל אחזקות בעמ,IL,סטייק אנטריקוט,גרמים,800.00,100 גרם,false,0,49.90,6.24,true,1,
7290004220044,false,קציצות ביתיות עטרה 400גר,עטרה,IL,קציצות בתיות,גרמים,400.00,100 גרם,false,0,21.90,5.48,true,1,
7290004220105,false,שניצלוני עוף עטרה 600 גר,טיבון ויל אחזקות בעמ,IL,שניצלוני עוף,גרמים,600.00,100 גרם,false,1,18.90,3.15,true,1,
7290004220136,false,כבד עוף ארוז דליקטסו,נטו,IL,כבד עוף ארוז,קילוגרמים,0.00,"ק""ג",true,1,24.90,24.90,true,1,
7290004220259,false,עוף טרי ארוז דליקטסו שקי,נטו,IL,עוף טרי ארוז,קילוגרמים,0.00,"ק""ג",true,1,19.90,19.90,true,1,
7290004220266,false,כרעיים טרי ארוז דליקטסו,נטו,IL,כרעיים עוף טרי,קילוגרמים,0.00,"ק""ג",true,1,24.90,24.90,true,1,
7290004220273,false,חזה עוף טרי ארוז דליקטסו,נטו,IL,חזה עוף טרי,קילוגרמים,0.00,"ק""ג",true,1,28.90,28.90,true,1,
7290004220280,false,כנפיים עוף טרי דליקטסו ש,נטו,IL,כנפיים עוף טרי,קילוגרמים,0.00,"ק""ג",true,1,10.90,10.90,true,1,
7290004220297,false,שוקיים טרי ארוז דליקטסו,נטו,IL,שוקיים טרי,קילוגרמים,0.00,"ק""ג",true,1,25.90,25.90,true,1,
7290004220310,false,ירכיים טרי ארוז דליקטסו,נטו,IL,ירכיים טרי,קילוגרמים,0.00,"ק""ג",true,1,24.90,24.90,true,1,
7290004220327,false,שניצל עוף ארוז דליקטסו,נטו,IL,שניצל עוף ארוז ד,קילוגרמים,0.00,"ק""ג",true,1,29.90,29.90,true,1,
7290004220334,false,פרגיות עוף ארוז דליקטסו,נטו,IL,פרגיות עוף ארוז,קילוגרמים,0.00,"ק""ג",true,1,59.90,59.90,true,1,
7290004220761,false,קבב כבש עטרה 500 גרם,טיבון ויל אחזקות בעמ,IL,קבב כבש,גרמים,500.00,100 גרם,false,0,24.00,4.80,true,1,
7290004220778,false,המבורגר קהילות 500גרם,טיבון ויל אחזקות בעמ,IL,המבורגר קהילות,גרמים,500.00,100 גרם,false,0,22.90,4.58,true,1,
7290004220815,false,קישקע קהילות,,IL,קישקע קהילות,גרמים,500.00,100 גרם,false,0,19.90,3.98,true,1,
7290004220822,false,שניצל עוף קהילות 600 גרם,טיבון ויל אחזקות בעמ,IL,שניצל אמיתי,גרמים,600.00,100 גרם,false,0,18.90,3.15,true,1,
7290004220846,false,שניצלוני שומשום קהילות,טיבון ויל אחזקות בעמ,IL,שניצלוני שומשום,גרמים,600.00,100 גרם,false,0,18.90,3.15,true,1,
7290004257132,false,אנטריקוט דק דק 250 גרם,טיבון ויל,IL,אנטריקוט דק דק,גרמים,250.00,100 גרם,false,1,34.90,13.96,true,1,
7290004257422,false,טחון חזה עוף 100% קהילות,"טיבון ויל אחזקות בע""\מ",IL,טחון חזה עוף,קילוגרמים,1.00,"ק""ג",false,1,37.90,37.90,true,1,
7290004257439,false,"טחון הודו  100%  1ק""ג","טיבון ויל אחזקות בע""\מ",IL,טחון הודו,קילוגרמים,1.00,"ק""ג",false,1,37.90,37.90,true,1,
7290004257446,false,טחון בקר קהילות 100% 1 ק,טיבון ויל אחזקות בעמ,IL,טחון בקר,קילוגרמים,1.00,"ק""ג",false,1,49.90,49.90,true,1,
7290004257477,false,טחון חזה עוף100% עטרה1קג,"טיבון ויל אחזקות בע""\מ",IL,טחון חזה עוף,קילוגרמים,1.00,"ק""ג",false,1,34.90,34.90,true,1,
7290004257484,false,"טחון הודו 100% עטרה 1 ק""","טיבון ויל אחזקות בע""\מ",IL,טחון הודו,קילוגרמים,1.00,"ק""ג",false,1,34.90,34.90,true,1,
7290004257491,false,"טחון בקר 100% עטרה 1 ק""ג",טיבון ויל אחזקות בעמ,IL,טחון בקר,קילוגרמים,1.00,"ק""ג",false,1,39.90,39.90,true,1,
7290004263027,false,קבב בקר בית יוסף 500 גרם,טיבון ויל אחזקות בעמ,IL,קבב בקר ב.יוסף,גרמים,500.00,100 גרם,false,0,17.90,3.58,true,1,
7290004263041,false,גולש בקר מחיר לפי משקל,עטרה,IL,גולש בקר,קילוגרמים,0.00,"ק""ג",true,0,39.90,39.90,true,1,
7290004263096,false,צלי כתף מעובד יוסף מחיר,עטרה,IL,צלי כתף מעובד,קילוגרמים,0.00,"ק""ג",true,0,48.90,48.90,true,1,
7290004263195,false,חצי ראש כבש,,IL,חצי ראש כבש,יחידה,1.00,יחידה,false,0,39.90,39.90,true,1,
7290004263393,false,קשקע ירושלמי 500 גרם,טיבון ויל אחזקות בעמ,IL,קשקע ירושלמי,גרמים,500.00,100 גרם,false,0,12.90,2.58,true,1,
7290004263485,false,בשר מס2' צלעות קפוא עטרה,עטרה,IL,בשר מס2' צלעות,קילוגרמים,0.00,"ק""ג",true,0,46.90,46.90,true,1,
7290004263553,false,בשר מס3' חזה קפוא עטרה ק,עטרה,PY,בשר מס3' חזה,קילוגרמים,0.00,"ק""ג",true,0,29.90,29.90,true,1,
7290004263621,false,בשר מס' 4 כתף קפוא עטרה,עטרה,IL,בשר מס 4 כתף,קילוגרמים,0.00,"ק""ג",true,0,54.90,54.90,true,1,
7290004263652,false,נקניקיות עוף 400 גרם,מעדני הטלה והעגל,IL,נקניקיות עוף,גרמים,400.00,100 גרם,false,0,11.90,2.98,true,1,
7290004263799,false,צלי כתף מס5 עטרה קפוא קג,עטרה,IL,צלי כתף מס' 5,קילוגרמים,0.00,"ק""ג",true,0,74.90,74.90,true,1,
7290004263867,false,בשר מס6 פילה מדומה עטרה,עטרה,IL,פילה מדומה מס',קילוגרמים,0.00,"ק""ג",true,0,59.90,59.90,true,1,
7290004263935,false,בשרמס7 מכסה הצלע עטרה קפ,עטרה,IL,מכסה הצלע מס' 7,קילוגרמים,0.00,"ק""ג",true,0,29.90,29.90,true,1,
7290004267049,false,עוגיות מיני -ריבועיות 18,ברמן שוקולד ועוגיות,IL,עוגיות מיני 180ג,גרמים,180.00,100 גרם,false,0,3.90,2.17,true,1,
7290004267124,false,עוגיות ממולא תות 200 גרם,ברמן שוקולד ועוגיות,IL,עוגיות ממולאות,גרמים,200.00,100 גרם,false,0,3.90,1.95,true,1,
7290004267209,false,עוגיות לקפה 200 גרם,ברמן שוקולד ועוגיות,IL,עוגיות לקפה 200ג,גרמים,200.00,100 גרם,false,0,3.90,1.95,true,1,
7290004267216,false,עוגיות בטעם ריבה 200 גרם,ברמן שוקולד ועוגיות,IL,עוג.בטעם ריבה,גרמים,200.00,100 גרם,false,0,3.90,1.95,true,1,
7290004267230,false,פריכיות אורז מצופות 80גר,ברמן שוקולד ועוגיות,IL,פריכיות מצופות,גרמים,80.00,100 גרם,false,0,5.90,7.38,true,1,
7290004267759,false,עוגיות במילוי שוקולד 180,ברמן שוקולד ועוגיות,IL,עוגיות ברמן,גרמים,180.00,100 גרם,false,1,3.90,2.17,true,1,
7290004329006,false,הודו אדום קפוא מעובד,,IL,הודו אדום קפוא,קילוגרמים,0.00,"ק""ג",true,1,39.90,39.90,true,1,
7290004329013,false,"גולש הודו קפוא מעובד ע""ח",,IL,גולש הודו קפוא,קילוגרמים,0.00,"ק""ג",true,1,45.90,45.90,true,1,
7290004329457,false,רולדה כתף בקר מעובד,,IL,רולדה כתף בקר,קילוגרמים,0.00,"ק""ג",true,1,69.90,69.90,true,1,
7290004329976,false,קישקע ממולא 500 גרם,,IL,קישקע איכות למהד,גרמים,500.00,100 גרם,false,1,12.90,2.58,true,1,
7290004336356,false,סט כפות קוצינה 6 יחידות,YANAGXI,CN,סט כפות קוצינה 6,יחידה,1.00,יחידה,false,1,11.90,11.90,true,1,
7290004336363,false,סט מזלגות קוצינה 6 יחידו,YANAGXI,CN,סט מזלגות קוצינה,יחידה,1.00,יחידה,false,1,11.90,11.90,true,1,
7290004344207,false,סלייסר לירקות,אליבו,CN,סלייסר לירקות,יחידה,1.00,יחידה,false,1,29.90,29.90,true,1,
7290004352349,false,רשת מיוחד לבישול .,,IL,רשת מיוחד לבישול,יחידה,1.00,יחידה,false,1,24.90,24.90,true,1,
7290004436025,false,"בשר מס' 5,6 מחיר לפי משק",א.בקר 2009,IL,"בשר מס 5,6",קילוגרמים,0.00,"ק""ג",true,1,94.90,94.90,true,1,
7290004436056,false,גולש לחמין לא מעובד שקיל,א.הקר 2009,IL,גולש לחמין,קילוגרמים,0.00,"ק""ג",true,1,69.90,69.90,true,1,
7290004436063,false,עצמות מח פרוס,א.הקר 2009,IL,עצמות מח הקר,קילוגרמים,0.00,"ק""ג",true,1,44.90,44.90,true,1,
7290004436094,false,בשר לחמין לא מעובד מחיר,א.הקר 2009,IL,בשר לחמין,קילוגרמים,0.00,"ק""ג",true,1,74.90,74.90,true,1,
7290004436117,false,כתף מס 4 שקילה,א.הקר 2009,IL,כתף מס 4,קילוגרמים,0.00,"ק""ג",true,1,84.90,84.90,true,1,
7290004436124,false,בשר בקר טחון קפוא,א.הקר 2009,IL,בשר בקר טחון,קילוגרמים,0.00,"ק""ג",true,1,69.90,69.90,true,1,
7290004436179,false,נק' בקר 400 גר,,IL,נק' בקר 400 גר,גרמים,400.00,100 גרם,false,0,21.90,5.48,true,1,
7290004436186,false,המבורגר בקר 500 גרם,א.הקר 2009,IL,המבורגר בקר 500ג,גרמים,500.00,100 גרם,false,1,17.90,3.58,true,1,
7290004436193,false,שריר הזרוע מס 8 שקילה,א.הקר 2009,IL,שריר הזרוע מס 8,קילוגרמים,0.00,"ק""ג",true,1,74.90,74.90,true,1,
7290004436209,false,נקניקיות אקסטרא 400גרם,א.הקר 2009,IL,נקניקיות אקסטרא,גרמים,400.00,100 גרם,false,1,14.90,3.73,true,1,
7290004436216,false,קבב בקר 500 גרם,א.הקר 2009,IL,קבב בקר 500 גרם,גרמים,500.00,100 גרם,false,1,17.90,3.58,true,1,
7290004436223,false,סטייק עין מס 18,א.הקר 2009,IL,סטייק עין מס 18,קילוגרמים,0.00,"ק""ג",true,1,89.90,89.90,true,1,
7290004436261,false,קישקע 500 גרם,א.הקר 2009,IL,קישקע 500 גרם,גרמים,500.00,100 גרם,false,1,16.90,3.38,true,1,
7290004436285,false,רולדה עוף מתובלת שקילה,א.הקר 2009,IL,רולדה עוף,קילוגרמים,0.00,"ק""ג",true,1,39.90,39.90,true,1,
7290004436551,false,בשר כבוש שקילה,א.הקר 2009,IL,בשר כבוש שקילה,קילוגרמים,0.00,"ק""ג",true,1,68.90,68.90,true,1,
7290004436568,false,רולדת עגל  מתובל שקילה,א.הקר 2009,IL,רולדת עגל  מתובל,קילוגרמים,0.00,"ק""ג",true,1,68.90,68.90,true,1,
7290004436650,false,עוף טחון 500 גרם,א.הקר 2009,IL,עוף טחון 500 גרם,גרמים,500.00,100 גרם,false,1,17.90,3.58,true,1,
7290004436698,false,נקניקיות מרגז 400 גרם,א.הקר 2009,IL,נקניקיות מרגז,גרמים,400.00,100 גרם,false,1,21.90,5.48,true,1,
7290004436711,false,עצמות בקר .,א.הקר 2009,IL,עצמות בקר .,קילוגרמים,0.00,"ק""ג",true,1,49.80,49.80,true,1,
7290004436728,false,עצמות בשר לחמין ומרק,א.הקר 2009,IL,עצמות בשר,קילוגרמים,0.00,"ק""ג",true,1,29.90,29.90,true,1,
7290004436735,false,"סטיק ע""ע ""הקר"" שקיל",א.הקר 2009,IL,"סטיק ע""ע",קילוגרמים,0.00,"ק""ג",true,1,89.90,89.90,true,1,
7290004436742,false,אסאדו עם עצם פרוס,א.הקר 2009,IL,אסאדו עם עצם,קילוגרמים,0.00,"ק""ג",true,1,69.90,69.90,true,1,
7290004456177,false,רולדה חזה הודו,בלדי,IL,רולדה חזה הודו,קילוגרמים,0.00,"ק""ג",true,1,45.90,45.90,true,1,
7290004456184,false,"הודו אדום ארוז כשל""פ",,IL,"הודו אדום כשל""פ",קילוגרמים,0.00,"ק""ג",true,1,49.90,49.90,true,1,
7290004456702,false,המבורגר איכות למהדרין,בלדי,IL,המבורגר,גרמים,400.00,100 גרם,false,1,15.90,3.98,true,1,
7290004456719,false,קבב איכות למהדרין 400 גר,בלדי,IL,קבב,גרמים,400.00,100 גרם,false,0,15.90,3.98,true,1,
7290004492274,false,בייגלה טבעות מלוחות 400ג,יוניליוור,IL,בייגלה טבעות,גרמים,400.00,100 גרם,false,0,6.90,1.73,true,1,
7290004492762,false,נישנושים תירס 325 גרם,בייגל את בייגל מזון 198),IL,נישנושים תירס,גרמים,325.00,100 גרם,false,0,9.90,3.05,true,1,
7290004504700,false,מאפה יווני פיצה לקג,גידרון,IL,יווני פיצה חלבי,קילוגרמים,0.00,"ק""ג",true,1,29.00,29.00,true,1,
7290004532024,false,גרעין שחור קלוף טבעי200ג,פיצוחי הטיב,IL,גרעין שחור 200גר,גרמים,200.00,100 גרם,false,0,4.90,2.45,true,1,
7290004532031,false,שקדים קלויים 200 גרם,פיצוחי הטיב,IL,שקדים קלויים,גרמים,200.00,100 גרם,false,0,19.90,9.95,true,1,
7290004532048,false,גרעין לבן קלוי 200 גרם,פיצוחי הטיב,IL,גרעין לבן קלוי,גרמים,200.00,100 גרם,false,0,7.90,3.95,true,1,
7290004532062,false,גרעין אבטיח קלוי 200 גרם,פיצוחי הטיב,IL,גרעין אבטיח קלוי,גרמים,200.00,100 גרם,false,0,11.90,5.95,true,1,
7290004532086,false,קאשיו קלוי 200 גרם,פיצוחי הטיב,IL,200 קאשיו קלוי,גרמים,200.00,100 גרם,false,0,17.90,8.95,true,1,
7290004532123,false,פיסטוק חלבי קלוי 200 גרם,פיצוחי הטיב,IL,פיסטוק חלבי,גרמים,200.00,100 גרם,false,0,19.90,9.95,true,1,
7290004532130,false,בוטן אמריקאי קלוי 200גרם,פיצוחי הטיב,IL,בוטן אמריקאי,גרמים,200.00,100 גרם,false,0,5.90,2.95,true,1,
7290004532260,false,משמש יבש 200גרם פ.הטיב,פיצוחי הטיב,IL,משמש יבש 200גרם,גרמים,200.00,100 גרם,false,0,8.90,4.45,true,1,
7290004532383,false,אגוזי פקאן טבעיים 200 גר,"גי אנד גי בע""מ",IL,אגוזי פקאן,גרמים,200.00,100 גרם,false,1,22.90,11.45,true,1,
7290004532390,false,אגוז מלך טבעי200ג-פ.הטיב,פיצוחי הטיב,IL,אגוז מלך טבעי,גרמים,200.00,100 גרם,false,0,17.90,8.95,true,1,
7290004532437,false,שקד פרוס מולבן 100גרם,"ג'אנדגי בע""מ",IL,שקד מולבן פרוס,גרמים,100.00,100 גרם,false,0,9.90,9.90,true,1,
7290004532444,false,שקד טבעי 200 גרם-פ.הטיב,פיצוחי הטיב,IL,שקד טבעי 200 גרם,גרמים,200.00,100 גרם,false,0,19.90,9.95,true,1,
7290004532574,false,גרעין שחור 200גרם,פיצוחי הטיב,IL,גרעין שחור 200ג',גרמים,200.00,100 גרם,false,0,5.90,2.95,true,1,
7290004532581,false,בוטן קלוף קלוי 200 גרם,פיצוחי הטיב,IL,בוטן קלוף קלוי,גרמים,200.00,100 גרם,false,0,6.90,3.45,true,1,
7290004551018,false,תמצית אפיה רום,,IL,תמצית אפיה רום,מיליליטרים,56.00,"100 מ""ל",false,0,1.90,3.39,true,1,
7290004551193,false,קמח מצה,,IL,קמח מצה,גרמים,400.00,100 גרם,false,0,4.50,1.13,true,1,
7290004551445,false,פלפל שחור שקית 50 גרם,"חב' המשווק טיפנברון בע""מ",IL,פלפל שחור,גרמים,50.00,100 גרם,false,0,5.50,11.00,true,1,
7290004551469,false,שום גבישי שקית,,IL,שום גבישי שקית,גרמים,50.00,100 גרם,false,0,3.50,7.00,true,1,
7290004551513,false,פקאן סיני 100 גרם,דרומה,IL,פקאן סיני,גרמים,100.00,100 גרם,false,1,13.90,13.90,true,1,
7290004551575,false,שומשום,,,שומשום,גרמים,400.00,100 גרם,false,0,8.90,2.23,true,1,
7290004551605,false,פפריקה מתוקה בשקית 80 ג',"חב' המשווק טיפנברון בע""מ",IL,פפריקה מתוקה בשק,גרמים,80.00,100 גרם,false,0,3.50,4.38,true,1,
7290004551728,false,צפורן שלם 50 גרם,דרומה,IL,צפורן שלם 50 גרם,גרמים,50.00,100 גרם,false,1,8.90,17.80,true,1,
7290004551926,false,אבקת פלאפל,,IL,אבקת פלאפל,קילוגרמים,1.00,"ק""ג",false,0,18.90,18.90,true,1,
7290004554354,false,גל.פנטסיה שוקו-וניל חלבי,"גלידת שטראוס בע""\מ",IL,"גלידת ""פנטסיה""",ליטרים,1.00,ליטר,false,0,19.90,19.90,true,1,
7290004554903,false,גל.פנטזיה פרווה 1 ליטר,"גלידת שטראוס בע""\מ",IL,גל.פנטזיה פרווה,מיליליטרים,1000.00,"100 מ""ל",false,0,19.90,1.99,true,1,
7290004575007,false,טילונים 4+1חינם,ריאו,IL,מארז טילונים,גרמים,350.00,100 גרם,false,0,14.90,4.26,true,1,
7290004575069,false,מיניס חטיפי גל.טופו 700ג,ריאו,IL,חטיפי גלידה טופו,גרמים,600.00,100 גרם,false,0,29.90,4.98,true,1,
7290004575229,false,מארז  סנקור 5 יח,"ריאו נתניה ביח""\ר לגלידה",IL,מארז סנקור5יח,גרמים,500.00,100 גרם,false,1,19.90,3.98,true,1,
7290004575335,false,שלגוני מיני מגי'ק 8 יח',ריאו,IL,שלגוני מיני,גרמים,360.00,100 גרם,false,0,17.90,4.97,true,1,
7290004575373,false,מאגדת ש.מצופים,ריאו,IL,שלגונים מצופים,גרמים,480.00,100 גרם,false,0,14.90,3.10,true,1,
7290004575397,false,גל.חלבי/ילדודס 1.8 ליטר,ריאו,IL,גלידה בטעמים,ליטרים,1.80,ליטר,false,0,16.90,9.39,true,1,
7290004575403,false,גל.פרווה בטעמים 1.8 ליטר,ריאו,IL,גלידה בטעמים,ליטרים,1.80,ליטר,false,0,16.90,9.39,true,1,
7290004575502,false,שמיניות גליגל חלבי 600מל,ריאו,IL,שמיניות גליגל,מיליליטרים,600.00,"100 מ""ל",false,1,14.90,2.48,true,1,
7290004575540,false,קרחונים במבחר טעמים יח,ריאו,IL,קרחונים במבחר,יחידה,1.00,יחידה,false,0,1.50,1.50,true,1,
7290004575564,false,שלגון גליגל פרוה 75 גרם,ריאו,IL,שלגון גליגל,גרמים,75.00,100 גרם,false,1,2.90,3.87,true,1,
7290004575571,false,טילון וניל 75 גרם,ריאו,IL,טילון וניל 75 גר,יחידה,1.00,יחידה,false,0,3.90,3.90,true,1,
7290004575588,false,טילון ריבת חלב 75 גרם,ריאו,IL,טילון ריבת חלב 7,יחידה,1.00,יחידה,false,0,3.90,3.90,true,1,
7290004575625,false,מאגדת פרווה קראנצ' 6 יח',ריאו,IL,פרווה קראנצ' 6 י,יחידה,1.00,יחידה,false,0,12.90,12.90,true,1,
7290004575632,false,קרמבו בטעם וניל 16 * 25,ריאו,IL,קרמבו 16 יח',גרמים,400.00,100 גרם,false,0,14.90,3.73,true,1,
7290004575823,false,מאגדת פרח 8 יח',ריאו,IL,מאגדת פרח 8 יח',יחידה,1.00,יחידה,false,0,12.90,12.90,true,1,
7290004584306,false,סופר גמדים תות בננה100*4,"שטראוס בריאות בע""\מ",IL,סופר גמדים 4 יח,גרמים,400.00,100 גרם,false,0,9.90,2.48,true,1,
7290004584351,false,גב.סימפוניה 5% 200 גרם,"שטראוס בריאות בע""\מ",IL,גבינת סימפוניה,גרמים,200.00,100 גרם,false,0,9.90,4.95,true,1,
7290004584528,false,יוגורט ביו 1.7%דנונה200ג,"שטראוס בריאות בע""\מ",IL,יוגורט ביו 1.7%,גרמים,200.00,100 גרם,false,0,3.30,1.65,true,1,
7290004585907,false,דני וניל 1.5% שומן 125 ג,"שטראוס גרופ בע""\מ",IL,דני וניל 1.5%,גרמים,125.00,100 גרם,false,0,2.40,1.92,true,1,
7290004645052,false,פילה אמנון 100%עם פס עור,,IL,פילה אמנון,קילוגרמים,0.00,"ק""ג",true,0,39.90,39.90,true,1,
7290004645069,false,דג הליבוט פרוס בלי עור ל,"ש.רוזנרס בע""מ",NO,הליבוט פרוס בלי,קילוגרמים,0.00,"ק""ג",true,0,79.90,79.90,true,1,
7290004645106,false,סלמון פילה מנות לפי משקל,,IL,סלמון פילה מנות,קילוגרמים,0.00,"ק""ג",true,1,84.90,84.90,true,1,
7290004645120,false,פילה בקלה מרלוזה,,IL,פילה בקלה מרלוזה,קילוגרמים,0.00,"ק""ג",true,0,29.90,29.90,true,1,
7290004645137,false,טונה בהירה לפי משקל,,IL,טונה בהירה,קילוגרמים,0.00,"ק""ג",true,0,49.90,49.90,true,1,
7290004645175,false,דג טונה פרוס,,IL,דג טונה פרוס,גרמים,0.00,"ק""ג",true,0,39.90,39.90,true,1,
7290004645199,false,סטייק סלמון,רוזנרס,IL,סטייק סלמון,קילוגרמים,0.00,"ק""ג",true,1,64.90,64.90,true,1,
7290004645267,false,נילוס פרוס L,,IL,נילוס פרוס L,קילוגרמים,0.00,"ק""ג",true,0,59.90,59.90,true,1,
7290004645328,false,פילה סלמון שלם,,IL,פילה סלמון שלם,קילוגרמים,0.00,"ק""ג",true,0,79.90,79.90,true,1,
7290004645410,false,נתחי טונה שקיל,רוזנרס,IL,נתחי טונה,קילוגרמים,0.00,"ק""ג",true,1,19.90,19.90,true,1,
7290004645434,false,פילה סלמון מנות ללא עור,רוזנרס,IL,פילה סלמון קפוא,קילוגרמים,0.00,"ק""ג",true,1,89.90,89.90,true,1,
7290004645519,false,רצועות פילה נסיכת הנילוס,,IL,דג נסיכת הנילוס,קילוגרמים,0.00,"ק""ג",true,1,29.90,29.90,true,1,
7290004645526,false,פילה פורל ים,,NO,פילה פורל ים,קילוגרמים,0.00,"ק""ג",true,1,69.90,69.90,true,1,
7290004645625,false,דג סול הולנדי,,IL,סול הולנדי רוזנר,קילוגרמים,0.00,"ק""ג",true,1,59.90,59.90,true,1,
7290004645748,false,פילה אמנון קפוא ללא עור,רוזנרס,IL,פילה אמנון קפוא,קילוגרמים,0.00,"ק""ג",true,1,39.90,39.90,true,1,
7290004645793,false,הליבוט גרינלנדי עם עור,,IL,הליבוט עם עור,קילוגרמים,0.00,"ק""ג",true,1,69.90,69.90,true,1,
7290004658946,false,יין לבן שרדונה P.C 750 מ,יקבי כרמל,IL,יין לבו שרדונה,מיליליטרים,750.00,"100 מ""ל",false,0,32.90,4.39,true,1,
7290004658953,false,"סוביניון בלאן P.C 750מ""ל",יקבי כרמל,IL,סוביניון בלאן,מיליליטרים,750.00,"100 מ""ל",false,0,32.90,4.39,true,1,
7290004658960,false,"אמרלד ריזלינג P.C 750מ""ל",אגודת הכורמים הקואופרטיב,IL,אמרלד ריזלינג,מיליליטרים,750.00,"100 מ""ל",false,0,32.90,4.39,true,1,
7290004725426,false,גבינת עמק 28% במשקל,תנובה,IL,גבינת עמק,קילוגרמים,0.00,"ק""ג",true,1,39.90,39.90,true,1,
7290004725600,false,גבינה סקנדינבית31% משקל,תנובה,IL,גבינה סקנדינבית,קילוגרמים,0.00,"ק""ג",true,1,69.00,69.00,true,1,
7290004731076,false,אל סבון כיף אלוורה 1ליטר,קוסמופארם בע'\'\מ,IL,אל סבון כיף,ליטרים,1.00,ליטר,false,0,9.90,9.90,true,1,
7290004731083,false,אל סבון כיף ג'ינסנג1ליטר,קוסמופארם בע'\'\מ,IL,אל סבון כיף,ליטרים,1.00,ליטר,false,0,9.90,9.90,true,1,
7290004731090,false,אל סבון כיף קמומיל 1ליטר,קוסמופארם בע'\'\מ,IL,אל סבון כיף,ליטרים,1.00,ליטר,false,0,9.90,9.90,true,1,
7290004731410,false,סנו סושי3כרית קרצוף,סנו,IL,כריות קרצוף,יחידה,1.00,יחידה,false,0,7.90,7.90,true,1,
7290004731519,false,מקסימה למייבש סנסטיב750מ,,IL,מקסימה למייבש,מיליליטרים,750.00,"100 מ""ל",false,0,14.90,1.99,true,1,
7290004731564,false,מקסימה למייבש בלוסום750מ,,IL,מקסימה למייבש,מיליליטרים,750.00,"100 מ""ל",false,1,14.90,1.99,true,1,
7290004731670,false,דואו פרש פצ'ולי לבנדר300,"סנו מפעלי ברונוס בע""\מ",IL,סנו דואו פרש,מיליליטרים,300.00,"100 מ""ל",false,0,9.90,3.30,true,1,
7290004731984,false,משחת אורביטול מלבינה145ג,טרופיקל דגיל תעשיות קוסמ,IL,משחת אורביטול,גרמים,145.00,100 גרם,false,1,13.90,9.59,true,1,
7290004829421,false,נפה משי לקמח '26,אליבו,IL,נפה משי,יחידה,1.00,יחידה,false,1,24.90,24.90,true,1,
7290004923099,false,עין גדי מים מינרל. 2*6 ל,עין גדי מיים מינרלים,IL,מים עין גדי 6 יח,ליטרים,12.00,ליטר,false,0,10.50,0.88,true,1,
7290004932305,false,מארז ממחטות אף,,IL,מארז ממחטות אף,יחידה,1.00,יחידה,false,0,9.90,9.90,true,1,
7290004932312,false,מפיות טישו 100יח,,IL,מפיות טישו 100יח,יחידה,1.00,יחידה,false,0,3.90,3.90,true,1,
7290004933074,false,לקסי קר 60 כמוסות,מרשל,,לקסי קר 60 כמ,יחידה,1.00,יחידה,false,0,43.90,43.90,true,1,
7290004939168,false,קבנוס 4 יח,"ש.ב.מטעם בע""מ",IL,קבנוס 4 יח' .,יחידה,1.00,יחידה,false,1,27.90,27.90,true,1,
7290004939182,false,רצועות לחמין,,IL,רצועות לחמין,קילוגרמים,0.00,"ק""ג",true,1,79.90,79.90,true,1,
7290004939298,false,מינוט סטייק רובין 300 גר,"ש.ב מטעם בע""מ",IL,מינוט סטייק רובי,גרמים,300.00,100 גרם,false,1,39.90,13.30,true,1,
7290004942083,false,גרעיני חומוס,,IL,גרעיני חומוס,גרמים,500.00,100 גרם,false,0,9.90,1.98,true,1,
7290004942274,false,זרעי פשתן 200 גרם,"ע.רן שיווק כיטוב בע""מ",IL,זרעי פשתן,גרמים,200.00,100 גרם,false,1,7.90,3.95,true,1,
7290004942281,false,שעועית שחורה 500 גרם,"ע.רן שיווק כיטוב בע""מ",IL,שעועית שחורה,גרמים,500.00,100 גרם,false,1,10.90,2.18,true,1,
7290004942298,false,עדשים שחורים 500 גרם,"ע.רן שיווק כיטוב בע""מ",IL,עדשים שחורים,גרמים,500.00,100 גרם,false,1,10.90,2.18,true,1,
7290004944032,false,חומוס  אסלי 400 גרם,סלטי שמיר,IL,חומוס אסלי,גרמים,400.00,100 גרם,false,0,9.90,2.48,true,1,
7290004944056,false,חציל במיונז אסלי 400 גרם,סלטי שמיר,IL,חציל במיונז,גרמים,400.00,100 גרם,false,0,9.90,2.48,true,1,
7290004944063,false,תורכי אסלי 400 גרם,סלטי שמיר,IL,תורכי אסלי,גרמים,400.00,100 גרם,false,0,9.90,2.48,true,1,
7290004944070,false,כרוב אדום אסלי 400 גרם,סלטי שמיר,IL,כרוב אדום,גרמים,400.00,100 גרם,false,0,9.90,2.48,true,1,
7290005008481,false,דאו.ספיד סטיק ג'ל ספורט,קולגייט פלמוליב,US,ספיד סטיק ג'ל,גרמים,85.00,100 גרם,false,0,17.90,21.06,true,1,
7290005011405,false,עמבה הודית,,IL,עמבה הודית,גרמים,500.00,100 גרם,false,0,8.90,1.78,true,1,
7290005079221,false,בולגרית מעודנת5% משקל,משק צוריאל תבור,IL,בולגרית מעודנת5%,קילוגרמים,0.00,"ק""ג",true,0,49.00,49.00,true,1,
7290005079238,false,בולגרית עיזים 16%משקל,משק צוריאל תבור,IL,בולגרית עיזים,קילוגרמים,0.00,"ק""ג",true,0,99.00,99.00,true,1,
7290005079290,false,נעם גבינה צהובה15% משקל,טרה,IL,גב.צהובה נעם15%,קילוגרמים,0.00,"ק""ג",true,1,59.00,59.00,true,1,
7290005079320,false,גבינה בולגרית 24% משקל,משק צוריאל תבור,IL,גבינה בולגרית,קילוגרמים,0.00,"ק""ג",true,1,49.00,49.00,true,1,
7290005079344,false,מוצרלה נעם 22% במשקל,טרה,IL,מוצרלה נעם,קילוגרמים,0.00,"ק""ג",true,1,69.00,69.00,true,1,
7290005079412,false,גבינה אמנטל נעם 30% משקל,טרה,IL,גבינת אמנטל,קילוגרמים,0.00,"ק""ג",true,1,59.00,59.00,true,1,
7290005082979,false,חלה דגנים קלועה 560 גרם,גידרון,IL,חלה דגנים קלועה,גרמים,560.00,100 גרם,false,0,9.90,1.77,true,1,
7290005084355,false,משח.סנסודיין דואל קייר75,MICLEN DE,GB,משחת שיניים,מיליליטרים,75.00,"100 מ""ל",false,0,18.90,25.20,true,1,
7290005095146,false,רצועות שווארמה 450גרם,שפעמן המבושל,IL,רצועות שווארמה .,גרמים,450.00,100 גרם,false,1,24.90,5.53,true,1,
7290005095207,false,מנגל גדול,,IL,מנגל גדול,יחידה,1.00,יחידה,false,0,99.00,99.00,true,1,
7290005095405,false,נר נשמה 72 שעות,סין,CN,נר נשמה 72שעות,יחידה,1.00,יחידה,false,0,4.50,4.50,true,1,
7290005095443,false,נר נשמה 48 שעות,,IL,נר נשמה 48 שעות,יחידה,1.00,יחידה,false,0,3.90,3.90,true,1,
7290005095641,false,חיטה תפוחה מתוקה 230 גרם,מפעלי דגן,IL,חיטה תפוחה מתוקה,גרמים,230.00,100 גרם,false,0,6.90,3.00,true,1,
7290005095658,false,תפיחוני תירס,,IL,תפיחוני תירס,גרמים,150.00,100 גרם,false,0,6.90,4.60,true,1,
7290005095702,false,חיטה תפוחה בציפוי דבש210,מפעלי דגן,IL,חיטה תפוחה בדבש,גרמים,210.00,100 גרם,false,0,6.90,3.29,true,1,
7290005095719,false,חיטה תפוחה טבעי140 גרם,מפעלי דגן,IL,חיטה תפוחה,גרמים,140.00,100 גרם,false,0,6.90,4.93,true,1,
7290005113802,false,"מלפפונים במלח 18-25 בד""ץ",קבוצת יבנה,IL,מלפפון במלח18-25,גרמים,540.00,100 גרם,false,1,8.90,1.65,true,1,
7290005113871,false,זיתים מבוקעים 540גרם,קבוצת יבנה,IL,זית מבוקע 540 גר,גרמים,540.00,100 גרם,false,1,6.90,1.28,true,1,
7290005168253,false,יין מתוק אדום קליל 750מל,יקבי ציון,IL,יין מתוק אדום,מיליליטרים,750.00,"100 מ""ל",false,0,13.90,1.85,true,1,
7290005168284,false,"יין גן עדן עתיק 750 מ""ל",יקבי ציון,IL,יין גו עדן עתי,מיליליטרים,750.00,"100 מ""ל",false,0,19.90,2.65,true,1,
7290005168314,false,יין אצילים אדום מתוק750מ,יקבי ציון,IL,אצילים מתוק אד,מיליליטרים,750.00,"100 מ""ל",false,0,13.90,1.85,true,1,
7290005168420,false,בית סבא אדום 1 ליטר,יקבי ציון,IL,בית סבא אדום,ליטרים,1.00,ליטר,false,0,16.90,16.90,true,1,
7290005168475,false,תירוש אדום מובחר 100% 1ל,יקבי ציון,IL,תירוש אדום מובחר,ליטרים,1.00,ליטר,false,0,16.90,16.90,true,1,
7290005168666,false,ברנדי דיפלומט,,IL,ברנדי דיפלומט,מיליליטרים,700.00,"100 מ""ל",false,0,79.90,11.41,true,1,
7290005174513,false,חציל במיונז אחלה 500 גרם,"שטראוס גרופ בע""\מ",IL,סלט חציל מיונז,גרמים,500.00,100 גרם,false,0,14.90,2.98,true,1,
7290005199288,false,מסטיק פטל לימון מגדים28ג,עלית,IL,מסטיק מאסט,גרמים,28.00,100 גרם,false,0,3.90,13.93,true,1,
7290005199622,false,עד חצות מריר 200 גרם,עלית,IL,עד חצות מריר,גרמים,200.00,100 גרם,false,0,11.90,5.95,true,1,
7290005200786,false,תפוצ'יפס ט.שמנת ובצל50גר,"שטראוס פריטו ליי בע""\מ )",IL,תפוצ'יפס שמנת,גרמים,50.00,100 גרם,false,0,3.50,7.00,true,1,
7290005201455,false,קפה נמס ארומה 200 גרם,עלית,PL,קפה נמס ארומה,גרמים,200.00,100 גרם,false,0,22.90,11.45,true,1,
7290005271410,false,ביצים L 12יח',,,ביצים L 12יח',יחידה,1.00,יחידה,false,0,10.90,10.90,true,1,
7290005271427,false,ביצים M 12 יח',,,ביצים M 12 יח',יחידה,1.00,יחידה,false,0,9.90,9.90,true,1,
7290005271618,false,ביצים אומגה M 3,,,ביצים אומגה M 3,יחידה,1.00,יחידה,false,0,39.90,39.90,true,1,
7290005271779,false,ביצים ארוז30יח L,,IL,ביצים ארוז30יח L,יחידה,1.00,יחידה,false,0,27.90,27.90,true,1,
7290005271786,false,ביצים ארוז30יח M,,IL,ביצים ארוז30יח M,יחידה,1.00,יחידה,false,0,25.90,25.90,true,1,
7290005271793,false,ביצים ארוזות 30 יח XL,גליקסמן,IL,ביצים ארוזות,יחידה,1.00,יחידה,false,1,29.90,29.90,true,1,
7290005271816,false,ביצים רגילות S  30 יח,גליקסמן,IL,ביצים רגילות,יחידה,1.00,יחידה,false,1,19.90,19.90,true,1,
7290005277115,false,מארז בלונים גדולים 50 יח,,IL,מארז בלונים,יחידה,1.00,יחידה,false,1,11.90,11.90,true,1,
7290005287657,false,ממרח טונה סטארקיסט160גרם,סטארקיסט,TH,ממרח טונה,גרמים,160.00,100 גרם,false,0,5.90,3.69,true,1,
7290005296260,false,"אסטוניש רסס ונגב 750 מ""ל",אסטוניש,GB,אסטוניש רסס נגב,מיליליטרים,750.00,"100 מ""ל",false,0,9.90,1.32,true,1,
7290005384899,false,בסגנון פטה 21%,,IL,בסגנון פטה 21%,קילוגרמים,0.00,"ק""ג",true,0,38.00,38.00,true,1,
7290005416095,false,גבינת עזים 5% טל,,IL,גבינת עזים 5% טל,גרמים,200.00,100 גרם,false,0,12.90,6.45,true,1,
7290005416262,false,יוגורט עיזים תות,,IL,יוגורט עיזים תות,מיליליטרים,500.00,"100 מ""ל",false,0,12.90,2.58,true,1,
7290005416279,false,יוגורט עיזים,,IL,יוגורט עיזים,מיליליטרים,500.00,"100 מ""ל",false,0,12.90,2.58,true,1,
7290005416286,false,יוגורט עיזים,,IL,יוגורט עיזים,מיליליטרים,500.00,"100 מ""ל",false,0,12.90,2.58,true,1,
7290005416293,false,יוגורט עיזים,,IL,יוגורט עיזים,מיליליטרים,500.00,"100 מ""ל",false,0,12.90,2.58,true,1,
7290005416491,false,יוגורט מחלב עיזי,,IL,יוגורט מחלב עיזי,מיליליטרים,750.00,"100 מ""ל",false,0,14.90,1.99,true,1,
7290005423253,false,"מקסימה למייבש פרש 750מ""ל","סנו מפעלי ברונוס בע""\מ",IL,מקסימה למייבש,מיליליטרים,750.00,"100 מ""ל",false,0,14.90,1.99,true,1,
7290005423369,false,"סנו די קידס תחליב 100מ""ל","קוסמופארם בע""\מ",IL,סנו די תחליב,מיליליטרים,100.00,"100 מ""ל",false,1,17.90,17.90,true,1,
7290005423420,false,סנו משמיד עש מבושם 2 יח',סנו,BG,סנו משמיד עש,יחידה,1.00,יחידה,false,0,19.90,19.90,true,1,
7290005423505,false,"מי פה אורביטול 500 מ""ל",קוסמופארם,IL,מי פה אורביטול,מיליליטרים,500.00,"100 מ""ל",false,0,17.90,3.58,true,1,
7290005423543,false,משחת אורביטול להלבנה145ג,קוסמופארם,IL,משחת שיניים,גרמים,145.00,100 גרם,false,0,7.90,5.45,true,1,
7290005423635,false,ריצפז פלוס דוחה תיקנים2ל,סנו מפעלי ברונוס בעמ,IL,ריצפז דוחה חרקים,ליטרים,2.00,ליטר,false,0,17.90,8.95,true,1,
7290005423734,false,מרכך מקסימה אולטרה 4 ל',סנו,IL,מרכך כביסה,ליטרים,4.00,ליטר,false,0,19.80,4.95,true,1,
7290005423833,false,פוליויקס פרקט 2 ליטר,"סנו מפעלי ברונוס בע""\מ",IL,פוליויקס פרקט,ליטרים,2.00,ליטר,false,0,19.90,9.95,true,1,
7290005423871,false,משחת אורביטול145*3ג,טרופיקל דגיל תעשיות קוסמ,IL,משחת שיניים,גרמים,435.00,100 גרם,false,0,14.90,3.43,true,1,
7290005423918,false,מרכך מקסימה בייבי 4 ל',סנו,IL,מרכך כביסה,ליטרים,4.00,ליטר,false,0,19.30,4.83,true,1,
7290005424311,false,סנו K רב קוטל בריח פרחים,סנו מפעלי ברונוס בעמ,IL,סנו K רב קוטל,מיליליטרים,500.00,"100 מ""ל",false,0,19.90,3.98,true,1,
7290005424403,false,אל סבון כיף אצות ים1ליטר,קוסמופארם בע'\'\מ,IL,אל סבון כיף,ליטרים,1.00,ליטר,false,0,9.90,9.90,true,1,
7290005424700,false,סנו פורטה פלוס 1 ליטר,סנו,IL,סנו פורטה פלוס,ליטרים,1.00,ליטר,false,1,14.90,14.90,true,1,
7290005424755,false,מטליות לרצפה דוחה תיקנים,סנו מפעלי ברונו בעמ,IL,מטליות לחות לרצפ,יחידה,1.00,יחידה,false,1,13.90,13.90,true,1,
7290005424762,false,ריצפז+דוחה תיקנים+ווקס2ל,"סנו מפעלי ברונוס בע""\מ",IL,ריצפז פלוס+ווקס,ליטרים,2.00,ליטר,false,0,24.90,12.45,true,1,
7290005424847,false,מפיות חד שכבתי 150יח *30,סנו,IL,מפיות דו שכבתי,יחידה,1.00,יחידה,false,0,5.90,5.90,true,1,
7290005424991,false,סנו פרש בייבי פאודר250מל,סנו מפעלי ברונוס בעמ,IL,סנו פרש בייבי,מיליליטרים,250.00,"100 מ""ל",false,1,11.90,4.76,true,1,
7290005425110,false,מחטא ומשמיד חיידקים750,"סנו מפעלי ברונוס בע""\מ",IL,מחטא משטחים סנו,מיליליטרים,750.00,"100 מ""ל",false,1,14.90,1.99,true,1,
7290005425127,false,מחטא ומנקה אבנית/שומנ750,"סנו מפעלי ברונוס בע""\מ",IL,מחטא/מנקה שומנים,מיליליטרים,750.00,"100 מ""ל",false,1,14.90,1.99,true,1,
7290005425646,false,סנוקליר ניקוי חלונות 1ל',"סנו מפעלי ברונוס בע""\מ",IL,סנוקליר 1 ליטר,ליטרים,1.00,ליטר,false,0,8.90,8.90,true,1,
7290005425745,false,משחה אורביטול להלבנה145ג,קוסמופארם,IL,משחת שיניים,גרמים,145.00,100 גרם,false,0,7.90,5.45,true,1,
7290005425912,false,ג'ל אוקסיג'ן 4 ליטר,סנו,IL,ג'ל אוקסיג'ן 4ל',ליטרים,4.00,ליטר,false,0,29.90,7.48,true,1,
7290005426018,false,אל סבון בייבי כיף 2 ליטר,קוסמופארם בע'\'\מ,IL,אל סבון ביבי כיף,ליטרים,2.00,ליטר,false,0,22.90,11.45,true,1,
7290005426193,false,ספוג הפלא סנו סושי 6 יח',סנו מפעלי ברונו בעמ,IL,ספוג סנו סושי,יחידה,1.00,יחידה,false,0,8.90,8.90,true,1,
7290005426568,false,ק.לחות קרמה שיער רגיל400,קוסמופארם בע'\'\מ,IL,קרם לחות קרמה,מיליליטרים,400.00,"100 מ""ל",false,0,16.90,4.23,true,1,
7290005426575,false,ק.לחות קרמה שיער יבש400מ,קוסמופארם בע'\'\מ,IL,קרם לחות קרמה,מיליליטרים,400.00,"100 מ""ל",false,0,16.90,4.23,true,1,
7290005426735,false,אבקת מקסימה BLACK 1.25קג,סנו,IL,אבקת כביסה,קילוגרמים,1.25,"ק""ג",false,0,12.90,10.32,true,1,
7290005426803,false,מרכך מקסימה לבנדר 4 ל',סנו,IL,מרכך כביסה,ליטרים,4.00,ליטר,false,0,19.80,4.95,true,1,
7290005426865,false,משחה אורביטול מסטיק 70 ג,טרופיקל דגיל תעשיות קוסמ,IL,משחת שיניים,גרמים,70.00,100 גרם,false,0,6.90,9.86,true,1,
7290005426940,false,300-K פלוס8 קוטל חרקי400,סנו,IL,300-K פלוס,מיליליטרים,400.00,"100 מ""ל",false,0,17.90,4.48,true,1,
7290005426964,false,סנובון כחול אפרסק 55*3ג,סנו מפעלי ברונו בעמ,IL,סנובון שלישיה,גרמים,165.00,100 גרם,false,0,14.90,9.03,true,1,
7290005426971,false,סנובון כחול תפוח 55*3 גר,סנו מפעלי ברונו בעמ,IL,סנובון שלישיה,גרמים,165.00,100 גרם,false,0,14.90,9.03,true,1,
7290005427107,false,מגבות נייר סנו סושי 6 גל,סנו מפעלי ברונוס בעמ,IL,מגבות נייר סנו,מטרים,63.00,מטר,false,0,8.90,0.14,true,1,
7290005427633,false,ג'ל כיף אקסטרים כחול 1קג,קוסמופארם,IL,ג'ל כיף לשיער,קילוגרמים,1.00,"ק""ג",false,0,19.90,19.90,true,1,
7290005427749,false,אלסבון כיף אצות ים 2ליטר,קוסמופארם בע'\'\מ,IL,אלסבון כיף,ליטרים,2.00,ליטר,false,0,17.90,8.95,true,1,
7290005427763,false,אלסבון כיף ג'ינסינג 2 ל',,IL,אלסבון כיף,ליטרים,2.00,ליטר,false,0,17.90,8.95,true,1,
7290005427787,false,ק.לחות קרמה ש.מתולתל400מ,קוסמופארם בע'\'\מ,IL,קרם לשיער קרמה,מיליליטרים,400.00,"100 מ""ל",false,0,16.90,4.23,true,1,
7290005427978,false,קרמה תחליב רחצה לפנים180,קוסמופארם בעמ,IL,תחליב רחצה לפנים,מיליליטרים,180.00,"100 מ""ל",false,0,12.90,7.17,true,1,
7290005428852,false,מגבוני סופט פסטל100*5 יח,,IL,מגבוני סופט מארז,יחידה,1.00,יחידה,false,0,12.90,12.90,true,1,
7290005430602,false,אוקסיג'ן מ.כתמים,,IL,אוקסיג'ן מ.כתמים,מיליליטרים,750.00,"100 מ""ל",false,0,14.90,1.99,true,1,
7290005430671,false,סנו פוליויקס קרמיקה 2 ל',סנו מפעלי ברונו בעמ,IL,פוליויקס קרמיקה,ליטרים,2.00,ליטר,false,0,17.90,8.95,true,1,
7290005431975,false,מארז תותים בקצפת 4 יח,עדן קינוחים,IL,מארז תותים בקצפת,גרמים,240.00,100 גרם,false,1,10.90,4.54,true,1,
7290005431982,false,מארז עוגת גבינה פירורים,עדן קינוחים,IL,מארז עוגת גבינה,יחידה,1.00,יחידה,false,1,10.90,10.90,true,1,
7290005437168,false,שמן זית,,ES,שמן זית,ליטרים,1.00,ליטר,false,0,35.90,35.90,true,1,
7290005437632,false,שמן קנולה,,BE,שמן קנולה,ליטרים,1.00,ליטר,false,0,6.90,6.90,true,1,
7290005477669,false,דרמפון סבון נוז+.לחות1ל',קוסמופארם בע'\'\מ,IL,דרמפון סבון לחות,ליטרים,1.00,ליטר,false,0,14.90,14.90,true,1,
7290005489099,false,תרכיז תפוזים 1.2 ליטר,"פרי קטיף מזון בע""מ",IL,תרכיז תפוזים,ליטרים,1.20,ליטר,false,0,19.90,16.58,true,1,
7290005489129,false,סירופ אננס פרי קטיף 1.2ל,"פרי קטיף מזון בע""מ",IL,סירופ אננס,ליטרים,1.20,ליטר,false,0,19.90,16.58,true,1,
7290005509445,false,מיני קוקיס חמאה צנצנ600ג,כרמית,IL,מיני קוקיס,גרמים,600.00,100 גרם,false,0,14.90,2.48,true,1,
7290005540783,false,מיחם נירוסטה חשמ,,CN,מיחם נירוסטה חשמ,יחידה,1.00,יחידה,false,0,249.00,249.00,true,1,
7290005559990,false,בצק פילאס תורקי 600 גרם,"מעדנות בע""\מ",IL,בצק פילאס תורכי,גרמים,600.00,100 גרם,false,0,17.90,2.98,true,1,
7290005564253,false,ספרינג אגס סברס תפוח1.5ל,"יפאורה תבורי בע""\מ",IL,משקה ספרינג,ליטרים,1.50,ליטר,false,0,5.90,3.93,true,1,
7290005564680,false,תפוזינה לימונדה ורודה1.5,"יפאורה תבורי בע""\מ",IL,תפוזינה לימונדה,ליטרים,1.50,ליטר,false,0,5.90,3.93,true,1,
7290005564970,false,"קריסטל תפו""ע מוגז 2 ליטר","יפאורה תבורי בע""\מ",IL,גזוז בטעם תפוח,ליטרים,2.00,ליטר,false,0,3.30,1.65,true,1,
7290005579783,false,פלטה שבת ענק,,IL,פלטה שבת ענק,יחידה,1.00,יחידה,false,0,99.00,99.00,true,1,
7290005589027,false,סוכריות לקקן,,IL,סוכריות לקקן,יחידה,1.00,יחידה,false,0,8.90,8.90,true,1,
7290005604133,false,פריגת מנגו 1.5 ליטר,מבשלות בירה בינלאומיות ב,IL,פריגת מנגו,ליטרים,1.50,ליטר,false,0,6.20,4.13,true,1,
7290005605901,false,פאנטה בטעם אקזוטי 1.5 לי,החברה המרכזית לייצור משק,IL,פאנטה טעם אקזוטי,ליטרים,1.50,ליטר,false,0,6.20,4.13,true,1,
7290005610110,false,צנונית,,IL,צנונית,יחידה,1.00,יחידה,false,1,5.90,5.90,true,1,
7290005610158,false,תפוחי אדמה קטנים לאפיה,חבל מעון,IL,תפוחי אדמה קטנים,קילוגרמים,0.00,"ק""ג",true,0,6.90,6.90,true,1,
7290005610448,false,גזר חבל מעון,קטיף.,IL,גזר חבל מעון,קילוגרמים,0.00,"ק""ג",true,0,4.90,4.90,true,1,
7290005610509,false,צנונית יחידה,קטיף.,IL,צנונית -יח',יחידה,1.00,יחידה,false,0,5.90,5.90,true,1,
7290005678585,false,ענבים סקרלוטה ללא חרצן,מושב לכיש,IL,ענבים סקרלוטה,קילוגרמים,0.00,"ק""ג",true,0,24.90,24.90,true,1,
7290005680052,false,טמפוני או-בה סופר + 32יח,ג'ונסון,GR,טמפוני או-בה,יחידה,1.00,יחידה,false,0,19.90,19.90,true,1,
7290005718021,false,שטרודל גבינה,,IL,שטרודל גבינה,יחידה,1.00,יחידה,false,0,17.90,17.90,true,1,
7290005718038,false,"שטרודל תפו""ע",,IL,"שטרודל תפו""ע",יחידה,1.00,יחידה,false,0,17.90,17.90,true,1,
7290005741548,false,פינג'אן נירוסטה גדול 1 ל,אליבו,IL,פינג'אן נירוסטה,יחידה,1.00,יחידה,false,0,32.90,32.90,true,1,
7290005741654,false,פינג'אן טפלון 0.9 ל',אליבו,IL,פינג'אן טפלון,יחידה,1.00,יחידה,false,1,29.90,29.90,true,1,
7290005756061,false,כנפיים הודו - ברקאי,.,IL,כנפיים הודו קפוא,גרמים,0.00,"ק""ג",true,1,17.90,17.90,true,1,
7290005756078,false,כנפיים הודיות - ברקאי,.,IL,כנפיים הודיות,גרמים,0.00,"ק""ג",true,1,17.90,17.90,true,1,
7290005756122,false,שוקיים עוף במגש קפוא לקג,גלאט עוף,IL,שוקיים עוף ברקאי,קילוגרמים,0.00,"ק""ג",true,0,42.90,42.90,true,1,
7290005756139,false,ירכיים עוף במגש ברקאי,גלאט עוף,IL,ירכיים עוף ברקאי,קילוגרמים,0.00,"ק""ג",true,0,39.90,39.90,true,1,
7290005756184,false,כנפיים עוף ברקאי,,IL,כנפיים עוף ברקאי,קילוגרמים,0.00,"ק""ג",true,1,18.90,18.90,true,1,
7290005756214,false,שוקיים הודיות במגש ברקאי,.,IL,שוקיים הודיות במ,גרמים,0.00,"ק""ג",true,1,22.90,22.90,true,1,
7290005756627,false,רולדה הודו לפסח שקיל,,IL,"רולדה הודו כשל""פ",גרמים,0.00,"ק""ג",true,1,42.90,42.90,true,1,
7290005811074,false,"קרקר כשל""פ 250 גרם",,IL,"קרקר כשל""פ",גרמים,250.00,100 גרם,false,1,18.90,7.56,true,1,
7290005811111,false,בייגלה כוסמין 300 גרם,אם החיטה,IL,בייגלה כוסמין,גרמים,300.00,100 גרם,false,1,10.90,3.63,true,1,
7290005811128,false,בייגלה כוסמין שומשום 300,,IL,בייגלה כוסמין שו,גרמים,300.00,100 גרם,false,1,10.90,3.63,true,1,
7290005811135,false,בייגלה חיטה מלח 300גרם,אם החיטה,IL,בייגלה חיטה מלח,גרמים,300.00,100 גרם,false,1,4.90,1.63,true,1,
7290005811142,false,בייגלה חיטה שומשום 300גר,אם החיטה,IL,בייגלה חיטה 300ג,גרמים,300.00,100 גרם,false,1,4.90,1.63,true,1,
7290005838002,false,דניאלה מעדן גבינה 88 גרם,"שטראוס גרופ בע""\מ",IL,מעדן דניאלה,גרמים,88.00,100 גרם,false,0,3.90,4.43,true,1,
7290005838613,false,סקי מעדן גבינה וניל 125ג,"שטראוס בריאות בע""\מ",IL,סקי מעדן גבינה,גרמים,125.00,100 גרם,false,0,3.70,2.96,true,1,
7290005839078,false,דנונה ביו 3% 150*8 גרם,"שטראוס בריאות בע""\מ",IL,דנונה ביו 8 יח,קילוגרמים,1.20,"ק""ג",false,0,15.90,13.25,true,1,
7290005839108,false,גב.סימפוניה +5%זיתים200ג,"שטראוס בריאות בע""\מ",IL,גבינת סימפוניה,גרמים,200.00,100 גרם,false,0,9.90,4.95,true,1,
7290005896439,false,בירה מכבי,,IL,בירה מכבי,מיליליטרים,500.00,"100 מ""ל",false,0,6.90,1.38,true,1,
7290005896453,false,בירה מכבי7.9%בק.חוזר500מ,טמפו,IL,בירה מכבי 7.9%,מיליליטרים,500.00,"100 מ""ל",false,1,6.90,1.38,true,1,
7290005896828,false,מים מינרל.סאן בנדטו1.5*6,אקווה מינרלה סאן בנדטו ב,IT,מים סן בנדטו 6יח,ליטרים,9.00,ליטר,false,0,14.90,1.66,true,1,
7290005896972,false,פפסי מקס 1.5*6 ליטר,טמפו,IL,פפסי מקס 6 יח',ליטרים,9.00,ליטר,false,0,27.90,3.10,true,1,
7290005966033,false,"יין לבן הר חרמון 750 מ""ל",יקבי רמת הגולן קצרין,IL,יין לבן חרמון,מיליליטרים,750.00,"100 מ""ל",false,0,29.90,3.99,true,1,
7290005966088,false,יין אדום הר חרמון 750 מל,יקב רמת הגולן,IL,יין אדום חרמון,מיליליטרים,750.00,"100 מ""ל",false,0,29.90,3.99,true,1,
7290005992018,false,יוגורט עיזים מלא 3% 500מ,"מיוצר ע""\י קוד יצרן MKN",IL,יוגורט חלב עיזים,מיליליטרים,500.00,"100 מ""ל",false,0,11.90,2.38,true,1,
7290005992957,false,פטה עזים 20% במשקל,,IL,פטה עזים,קילוגרמים,0.00,"ק""ג",true,0,109.00,109.00,true,1,
7290005992964,false,פטה כבשים 20%,,IL,פטה כבשים 20%,קילוגרמים,0.00,"ק""ג",true,0,89.00,89.00,true,1,
7290006079671,false,"קרם ידיים ד""ר גרין",,IL,קרם ידים,יחידה,1.00,יחידה,false,1,7.90,7.90,true,1,
7290006199027,false,שלגון וניל מצופה תות,פלקו בעמ,IL,שלגוני וניל מצופ,גרמים,600.00,100 גרם,false,0,29.90,4.98,true,1,
7290006199218,false,גלידל קפוצ'ינו 8יח,פלקו בעמ,IL,גלידל קפוצ'ינו,גרמים,400.00,100 גרם,false,0,29.90,7.48,true,1,
7290006199942,false,גלידל  דובדבן 8יח,פלקו בעמ,IL,פרי דובדבן 8יח,גרמים,640.00,100 גרם,false,0,23.90,3.73,true,1,
7290006220301,false,גולש בקר אגודים,,UY,גולש בקר אגודים,קילוגרמים,0.00,"ק""ג",true,0,49.90,49.90,true,1,
7290006229069,false,ג'אמפ ענבים 1.5 ליטר,טמפו,IL,ג'אמפ ענבים,ליטרים,1.50,ליטר,false,0,5.30,3.53,true,1,
7290006229076,false,ג'אמפ צלול אפרסק 1.5 ל,"טמפו משקאות בע""\מ",IL,ג'אמפ אפרסק,ליטרים,1.50,ליטר,false,1,5.30,3.53,true,1,
7290006251589,false,תה ירוק נענע 50שק1.5*גרם,בית ויסוצקי,IL,תה ירוק נענע,גרמים,75.00,100 גרם,false,0,38.90,51.87,true,1,
7290006271181,false,ג'חנון אפוי מעדנות 750גר,"מעדנות בע""\מ",IL,ג'חנון אפוי,גרמים,750.00,100 גרם,false,0,17.90,2.39,true,1,
7290006306296,false,רביולי גבינה לילדים 400ג,פסטה נונה,IL,רביולי גבינה,גרמים,400.00,100 גרם,false,0,18.90,4.73,true,1,
7290006306302,false,רביולי פרמזן ריקוטה400גר,פסטה נונה,IL,רביולי גבינה,גרמים,400.00,100 גרם,false,0,18.90,4.73,true,1,
7290006306319,false,רביולי בטטה 400 גרם,פסטה נונה,IL,רביולי בטטה,גרמים,400.00,100 גרם,false,0,18.90,4.73,true,1,
7290006306326,false,רביולי פטריות 400 גרם,פסטה נונה,IL,רביולי פטריות,גרמים,400.00,100 גרם,false,0,18.90,4.73,true,1,
7290006306357,false,רביולי גבינת עיזים 400גר,פסטה נונה,IL,רביולי גבינה,גרמים,400.00,100 גרם,false,0,18.90,4.73,true,1,
7290006322104,false,לחם רחיים קל 500 גרם,מאפיית דוידוביץ ובניו בע,IL,לחם רחיים קל,גרמים,500.00,100 גרם,false,0,7.90,1.58,true,1,
7290006322166,false,לחמניות רגילות 75*6 גרם,מאפיית דוידוביץ ובניו בע,IL,לחמניות 6 יחידות,גרמים,450.00,100 גרם,false,0,5.90,1.31,true,1,
7290006322470,false,לחם 9 דגנים קל 500 גרם,מאפיית דוידוביץ ובניו בע,IL,לחם 9 דגנים קל,גרמים,500.00,100 גרם,false,0,9.90,1.98,true,1,
7290006322661,false,לחם כנעני,,IL,לחם כנעני,גרמים,750.00,100 גרם,false,0,9.90,1.32,true,1,
7290006322838,false,לחם קמח מלא 100% 750 גרם,מאפיית דוידוביץ ובניו בע,IL,לחם קמח מלא,גרמים,750.00,100 גרם,false,0,9.90,1.32,true,1,
7290006322968,false,"לחם זיץ ברויט 1.25 ק""ג",מאפיית דוידוביץ,IL,לחם זיץ ברויט,קילוגרמים,1.25,"ק""ג",false,0,12.90,10.32,true,1,
7290006342645,false,טורטיות 12 יח',,TR,טורטיות 12 יח',גרמים,840.00,100 גרם,false,0,19.90,2.37,true,1,
7290006366856,false,גרון הודו ארוז קהילות מח,שונות,IL,גרון הודו טרי,קילוגרמים,0.00,"ק""ג",true,0,29.90,29.90,true,1,
7290006366863,false,שוק הודו טרי,,,שוק הודו טרי,גרמים,0.00,"ק""ג",true,0,32.90,32.90,true,1,
7290006366870,false,כנף הודו ארוז קהילות טרי,שונות,IL,כנף הודו טרי,קילוגרמים,0.00,"ק""ג",true,0,19.90,19.90,true,1,
7290006374738,false,קונפיטורה תות 340 גרם,"ב.א. מזון בע""\מ",IL,קונפיטורה תות,גרמים,340.00,100 גרם,false,0,12.90,3.79,true,1,
7290006390745,false,שבלול עם צימוקים,גידרון,IL,שבלול עם צימוקים,יחידה,1.00,יחידה,false,0,3.90,3.90,true,1,
7290006448033,false,נפוליאון שמנת זית24%משקל,תנובה,IL,גבינת נפוליאון,קילוגרמים,0.00,"ק""ג",true,1,39.00,39.00,true,1,
7290006448040,false,נפוליאון שום שמיר25%משקל,תנובה,IL,גבינת נפוליאון,קילוגרמים,0.00,"ק""ג",true,1,39.00,39.00,true,1,
7290006459008,false,חלבה פ.יבשים קשיו במשקל,"עדן תעשיות חלבה בע""מ",,חלבה  עדן,קילוגרמים,0.00,"ק""ג",true,0,39.00,39.00,true,1,
7290006459022,false,חלבה 3 שכבות עדן במשקל,עדן,IL,חלבה3 שכבות עדן,קילוגרמים,0.00,"ק""ג",true,0,39.00,39.00,true,1,
7290006459039,false,חלבה פ.יבשים ושקד במשקל,"עדן תעשיות חלבה בע""מ",IL,חלבה שקדים עדן,קילוגרמים,0.00,"ק""ג",true,0,39.00,39.00,true,1,
7290006459046,false,חלבה וניל עדן במשקל,עדן,IL,חלבה וניל עדן,קילוגרמים,0.00,"ק""ג",true,0,39.00,39.00,true,1,
7290006459442,false,מנגל פח+רשת,,IL,מנגל פח+רשת,יחידה,1.00,יחידה,false,1,24.90,24.90,true,1,
7290006459497,false,פחם גריל,,ZA,פחם גריל,קילוגרמים,2.00,"ק""ג",false,0,24.90,12.45,true,1,
7290006492432,false,גבינה מוצרלה בייבי 150גר,מחלבות גד,IL,גבינה מוצרלה,גרמים,150.00,100 גרם,false,0,13.90,9.27,true,1,
7290006492685,false,לאבנה עיזים 5%שומן 250גר,מחלבות גד,IL,לאבנה עיזים גד,גרמים,250.00,100 גרם,false,0,15.90,6.36,true,1,
7290006492852,false,גבינה לבנה 5% עיזים 250ג,מחלבות גד,IL,גבינת עיזים גד,גרמים,250.00,100 גרם,false,0,15.90,6.36,true,1,
7290006494924,false,ופלים בטעם לימון 200 גרם,גילרו,IL,ופלים טוסו,גרמים,200.00,100 גרם,false,1,7.80,3.90,true,1,
7290006497130,false,קישקע פרווה,,IL,קישקע פרווה,גרמים,450.00,100 גרם,false,0,15.90,3.53,true,1,
7290006511157,false,פטריות שלמות,,PL,פטריות שלמות,גרמים,400.00,100 גרם,false,0,6.90,1.73,true,1,
7290006550972,false,טחון בקר ארוז 1 קג,טיבון ויל אחזקות בעמ,IL,טחון בקר 1קג,גרמים,1000.00,100 גרם,false,0,24.90,2.49,true,1,
7290006582669,false,גרנולה אגוזים,דין שיווק,IL,תערובת בריאות,גרמים,800.00,100 גרם,false,0,14.90,1.86,true,1,
7290006582751,false,גרנולה פירות יבשים,דין שיווק,IL,תערובת בריאות,גרמים,800.00,100 גרם,false,0,14.90,1.86,true,1,
7290006618078,false,אסטוניש מרסס למטבח 750מ,אסטוניש,GB,אסטוניש מרסס,מיליליטרים,750.00,"100 מ""ל",false,0,9.90,1.32,true,1,
7290006618146,false,הפי מדליק פחם נוזלי 500מ,פרייק,NL,הפי מדליק פחם,מיליליטרים,500.00,"100 מ""ל",false,0,12.90,2.58,true,1,
7290006644589,false,משקה קל אשכוליות דיאט 2ל,"יפאורה תבורי בע""\מ",IL,אשכוליות דיאט,ליטרים,2.00,ליטר,false,0,3.30,1.65,true,1,
7290006644596,false,קריסטל אקזוטי מוגז 2ליטר,"יפאורה תבורי בע""\מ",IL,קריסטל אקזוטי,ליטרים,2.00,ליטר,false,0,3.30,1.65,true,1,
7290006644626,false,ספרינג פירות טרופיים1.5ל,"יפאורה תבורי בע""\מ",IL,משקה ספרינג,ליטרים,1.50,ליטר,false,0,5.90,3.93,true,1,
7290006664037,false,גמדים תות בננה/תפ100*4גר,"שטראוס בריאות בע""\מ",IL,מארז גמדים 4 יח,גרמים,400.00,100 גרם,false,0,9.90,2.48,true,1,
7290006664051,false,"אקטימל לבן 100*14 מ""ל","שטראוס בריאות בע""\מ",IL,אקטימל מארז14יח',ליטרים,1.40,ליטר,false,0,28.90,20.64,true,1,
7290006664310,false,גבינת סקי3% 250 גרם,"שטראוס בריאות בע""\מ",IL,גבינת סקי 3%,גרמים,250.00,100 גרם,false,0,4.50,1.80,true,1,
7290006664402,false,גבינת סקי5% 750 גרם,"שטראוס בריאות בע""\מ",IL,גבינת סקי5%,גרמים,750.00,100 גרם,false,0,12.90,1.72,true,1,
7290006664532,false,דנונה תות 3% 150 גרם,"שטראוס גרופ בע""\מ",IL,דנונה תות 3%,גרמים,150.00,100 גרם,false,0,3.50,2.33,true,1,
7290006664655,false,"אקטימל לבן 100*8 מ""ל","שטראוס גרופ בע""\מ",IL,אקטימל לבן 8 יח,מיליליטרים,800.00,"100 מ""ל",false,0,19.90,2.49,true,1,
7290006664693,false,דנונה אפרסק 3% 150 גרם,"שטראוס גרופ בע""\מ",IL,דנונה אפרסק %3,גרמים,150.00,100 גרם,false,0,3.50,2.33,true,1,
7290006664990,false,דנונה ביו 1.7% 150*8גרם,"שטראוס גרופ בע""\מ",IL,דנונה ביו 8 יח',קילוגרמים,1.20,"ק""ג",false,0,15.90,13.25,true,1,
7290006681003,false,קרמיסימו פרווה תות לימון,"גלידת שטראוס בע""\מ",IL,קרמיסימו פרווה ת,ליטרים,1.33,ליטר,false,0,17.90,13.46,true,1,
7290006681089,false,גל.לייט מיני סנדוויץ 10י,"גלידת שטראוס בע""\מ",IL,גלידה לייט,גרמים,250.00,100 גרם,false,0,27.90,11.16,true,1,
7290006681553,false,קרמבו וניל 8 * 29 גרם,"גלידת שטראוס בע""\מ",IL,קרמבו וניל 8 יח,גרמים,234.00,100 גרם,false,0,12.90,5.51,true,1,
7290006681577,false,מאגדתאסקימו לימון דובדבן,שטראוס,IL,מאגדת אסקימו,גרמים,700.00,100 גרם,false,0,15.90,2.27,true,1,
7290006681843,false,גלידה לייט פרי 6 יחידות,"גלידת שטראוס בע""\מ",IL,מאגדת גלידה לייט,גרמים,300.00,100 גרם,false,0,23.90,7.97,true,1,
7290006681980,false,קרמיסימו סורבה אפרסק/פסי,"גלידת שטראוס בע""\מ",IL,קרמיסימו סורבה,ליטרים,1.33,ליטר,false,0,17.90,13.46,true,1,
7290006704788,false,מלפפון בייבי,קטיף.,IL,מלפפון בייבי,גרמים,350.00,100 גרם,false,0,8.90,2.54,true,1,
7290006707123,false,כבד עוף קפוא קג,עוף טוב,IL,כבד עוף קפוא,קילוגרמים,0.00,"ק""ג",true,0,14.90,14.90,true,1,
7290006707161,false,כנפיים עוף קפוא קג,עוף טוב,IL,כנף עוף קפוא ק,קילוגרמים,0.00,"ק""ג",true,0,9.90,9.90,true,1,
7290006707277,false,גרון הודו קפוא קג,עוף טוב,IL,גרון הודוקפוא,קילוגרמים,0.00,"ק""ג",true,0,17.90,17.90,true,1,
7290006707352,false,שניצל עוף טרי ארוז,עוף טוב,IL,שניצל עוף טרי,קילוגרמים,0.00,"ק""ג",true,0,34.90,34.90,true,1,
7290006707376,false,ירכי עוף טרי ארוז,עוף טוב,IL,ירכיים עוף טרי,קילוגרמים,0.00,"ק""ג",true,0,24.90,24.90,true,1,
7290006707390,false,פרגיות עוף טרי ארוז,עוף טוב,IL,פרגיות עוף טרי,קילוגרמים,0.00,"ק""ג",true,0,54.90,54.90,true,1,
7290006707451,false,לב עוף טרי ארוז,עוף טוב,IL,לב עוף טרי,קילוגרמים,0.00,"ק""ג",true,0,21.90,21.90,true,1,
7290006707468,false,כבד עוף טרי ארוז,עוף טוב,IL,כבד עוף טרי,קילוגרמים,0.00,"ק""ג",true,0,19.90,19.90,true,1,
7290006707543,false,פילה עוף טרי ארוז,עוף טוב,IL,פילה עוף טרי,קילוגרמים,0.00,"ק""ג",true,0,32.90,32.90,true,1,
7290006708069,false,גרון הודו נ.טרי ארוז,עוף טוב,IL,גרון הודו טרי,קילוגרמים,0.00,"ק""ג",true,0,23.90,23.90,true,1,
7290006708137,false,קוקטייל טרי ארוז,עוף טוב,IL,קוקטייל עוף טרי,קילוגרמים,0.00,"ק""ג",true,0,24.90,24.90,true,1,
7290006719256,false,פרגית טרי ארוז אנש,,IL,פרגית טרי ארוז,קילוגרמים,0.00,"ק""ג",true,1,59.90,59.90,true,1,
7290006719430,false,חזה עוף טרי ארוז אנש,,IL,חזה עוף טרי,קילוגרמים,0.00,"ק""ג",true,1,27.90,27.90,true,1,
7290006719447,false,ירכיים עוף טרי ארוז אנש,,IL,ירכיים עוף טרי,קילוגרמים,0.00,"ק""ג",true,1,23.90,23.90,true,1,
7290006737014,false,מקלות סוכר,,IL,מקלות סוכר,יחידה,1.00,יחידה,false,0,8.90,8.90,true,1,
7290006737151,false,עדשים הכי מתוק 80 גרם,הנמל,IL,כפתורים הכי מתוק,גרמים,80.00,100 גרם,false,0,3.90,4.88,true,1,
7290006737618,false,טורטיות מקמח חיטה 6 יח',,TR,טורטיות מקמח חיט,גרמים,390.00,100 גרם,false,1,7.90,2.03,true,1,
7290006737625,false,טורטיות חיטה מלאה 6 יח',,TR,טורטיות מקמח חיט,גרמים,390.00,100 גרם,false,1,7.90,2.03,true,1,
7290006737632,false,טורטיה מזונות 8 יחידות,,TR,טורטיה מזונות,גרמים,320.00,100 גרם,false,1,6.90,2.16,true,1,
7290006737755,false,טורטיות מקמח חיטה 8 יח',,TR,טורטיות מקמח חיט,גרמים,320.00,100 גרם,false,1,6.90,2.16,true,1,
7290006737854,false,מרשמלו צבעוני,,IL,מרשמלו צבעוני,גרמים,150.00,100 גרם,false,0,3.90,2.60,true,1,
7290006739131,false,בצק פילו 500 גרם,זוגלובק,IL,בצק פילו 500 גרם,גרמים,500.00,100 גרם,false,1,12.90,2.58,true,1,
7290006739247,false,פסטרמה איטלקית במשקל,זוגלובק,IL,פסטרמה איטלקית,קילוגרמים,0.00,"ק""ג",true,0,79.00,79.00,true,1,
7290006739407,false,שניצל תירס 630 גרם,זוגלובק,IL,שניצל תירס,גרמים,630.00,100 גרם,false,0,26.90,4.27,true,1,
7290006741363,false,"בורקס תפו""א בד""צ 800 גרם",זוגלובק,IL,"בורקס תפו""א",גרמים,800.00,100 גרם,false,0,13.90,1.74,true,1,
7290006764126,false,פקדון חוזר שישיית בירה,,IL,פקדון 6בירה חוזר,יחידה,1.00,יחידה,false,1,7.20,7.20,true,1,
7290006764713,false,מירינדה 1.5*6 ליטר,"טמפו משקאות בע""\מ",IL,מירינדה 6 יחידות,ליטרים,9.00,ליטר,false,0,24.90,2.77,true,1,
7290006765000,false,אורטיות 8 יח',,TR,אורטיות 8 יח',גרמים,540.00,100 גרם,false,0,11.90,2.20,true,1,
7290006775016,false,עוגה תפוז אחוה 450 גרם,"אחדות ביח""ר לטחינה",IL,עוגה תפוז,גרמים,450.00,100 גרם,false,0,8.90,1.98,true,1,
7290006775023,false,עוגה אנגלית אחוה 450 גרם,"אחדות ביח""ר לטחינה",IL,עוגה אנגלית,גרמים,450.00,100 גרם,false,0,8.90,1.98,true,1,
7290006775030,false,עוגת שוקו צ'יפס אחוה450ג,"אחדות ביח""ר לטחינה",IL,עוגת שוקולד ציפס,גרמים,450.00,100 גרם,false,0,8.90,1.98,true,1,
7290006775047,false,עוגת שוקולד 450 גרם,"אחדות ביח""ר לטחינה",IL,עוגת שוקולד,גרמים,450.00,100 גרם,false,0,8.90,1.98,true,1,
7290006775054,false,עוגת שיש 450 גרם,"אחדות ביח""ר לטחינה",IL,עוגת שיש,גרמים,450.00,100 גרם,false,0,8.90,1.98,true,1,
7290006784865,false,מרסס למטבח סנט מוריץ 1 ל,קומפלקס כימיקלים בעמ,IL,מרסס למטבח,ליטרים,1.00,ליטר,false,1,9.90,9.90,true,1,
7290006788009,false,"שמפו ""10"" לשיער רגיל700מ",מיוצר עי : אמיליה קוסמטי,IL,שמפו 10 לשיער,מיליליטרים,700.00,"100 מ""ל",false,0,9.90,1.41,true,1,
7290006788016,false,"שמפו ""10"" לשיער יבש 700מ",מיוצר עי : אמיליה קוסמטי,IL,שמפו 10 לשיער,מיליליטרים,700.00,"100 מ""ל",false,0,9.90,1.41,true,1,
7290006788030,false,"שמפו ""10"" לשיער מתותל700",מיוצר עי : אמיליה קוסמטי,IL,שמפו 10 לשיער,מיליליטרים,700.00,"100 מ""ל",false,0,9.90,1.41,true,1,
7290006788061,false,"מרכך ""10"" לשיער רגיל700מ",מיוצר עי : אמיליה קוסמטי,IL,מרכך קרליין,מיליליטרים,700.00,"100 מ""ל",false,0,9.90,1.41,true,1,
7290006788078,false,"מרכך ""10"" לשיער יבש 700מ",מיוצר עי : אמיליה קוסמטי,IL,מרכך 10 לשיער,מיליליטרים,700.00,"100 מ""ל",false,0,9.90,1.41,true,1,
7290006788092,false,"מרכך ""10"" לשיער מתותל700",מיוצר עי : אמיליה קוסמטי,IL,מרכך קרליין,מיליליטרים,700.00,"100 מ""ל",false,0,9.90,1.41,true,1,
7290006788375,false,דאו.קרליין סטיק PURE 50,מיוצר עי : אמיליה קוסמטי,IL,דאודורנט קרליין,מיליליטרים,50.00,"100 מ""ל",false,0,13.90,27.80,true,1,
7290006788405,false,דאו.קרליין רולאון בורדו,מיוצר עי : אמיליה קוסמטי,IL,דאודורנט קרליין,מיליליטרים,75.00,"100 מ""ל",false,0,11.90,15.87,true,1,
7290006788429,false,דאו.קרליין רולאון כתום75,אמיליה קוסמטיקס בעמ,IL,דאודורנט קרליין,מיליליטרים,75.00,"100 מ""ל",false,0,11.90,15.87,true,1,
7290006788436,false,דאו.קרליין רולאון ורוד75,קרליין,IL,דאודורנט קרליין,מיליליטרים,75.00,"100 מ""ל",false,0,11.90,15.87,true,1,
7290006788443,false,דאו.קרליין רולאון סגול75,אמיליה קוסמטיקס בעמ,IL,דאודורנט קרליין,מיליליטרים,75.00,"100 מ""ל",false,0,11.90,15.87,true,1,
7290006788467,false,דאו.קרליין ספרי אקטיב200,מיוצר עי : אמיליה קוסמטי,IL,דאודורנט קרליין,מיליליטרים,200.00,"100 מ""ל",false,0,11.90,5.95,true,1,
7290006788481,false,דאו.קרליין 200SUNRISE,מיוצר עי : אמיליה קוסמטי,IL,דאודורנט קרליין,מיליליטרים,200.00,"100 מ""ל",false,0,11.90,5.95,true,1,
7290006788498,false,דאו.קרליין ספרי PURE 200,מיוצר עי : אמיליה קוסמטי,IL,דאודורנט קרליין,מיליליטרים,200.00,"100 מ""ל",false,0,11.90,5.95,true,1,
7290006788504,false,דאו.קרליין ספריי סגול200,מיוצר עי : אמיליה קוסמטי,IL,דאודורנט קרליין,מיליליטרים,200.00,"100 מ""ל",false,0,11.90,5.95,true,1,
7290006788672,false,"שמפו ""10"" נגד קשקשים700מ",מיוצר עי : אמיליה קוסמטי,IL,שמפו 10 לשיער,מיליליטרים,700.00,"100 מ""ל",false,0,9.90,1.41,true,1,
7290006789617,false,"קרם ""10"" לחות לתלתל 400מ",מיוצר עי : אמיליה קוסמטי,IL,קרליין קרם לשיער,מיליליטרים,400.00,"100 מ""ל",false,0,12.90,3.23,true,1,
7290006789631,false,"קרם ""10"" שיער רגיל400מ""ל",מיוצר עי : אמיליה קוסמטי,IL,קרם לחות לשיער,מיליליטרים,400.00,"100 מ""ל",false,0,12.90,3.23,true,1,
7290006822192,false,אושן ספריי חמוציות דיאט,מבשלות בירה בינלאומיות ב,IL,אושן ספריי,ליטרים,1.00,ליטר,false,0,8.90,8.90,true,1,
7290006822840,false,מאלטי 1.5 ליטר,מבשלות בירה בינלאומיות ב,IL,בירה מאלטי,ליטרים,1.50,ליטר,false,0,6.90,4.60,true,1,
7290006920447,false,פיצרלה 500 גרם,צי תעשיות מזון יבנה,IL,פיצרלה 500 גרם,גרמים,500.00,100 גרם,false,0,18.90,3.78,true,1,
7290006920546,false,הולנדי פרוס 400 גרם,צי תעשיות מזון יבנה,IL,הולנדי פרוס,גרמים,400.00,100 גרם,false,0,14.90,3.73,true,1,
7290006920638,false,גבינת שמנת זיתים,,IL,גבינת שמנת זיתים,גרמים,500.00,100 גרם,false,0,17.90,3.58,true,1,
7290006920737,false,גבינת שמנת,,IL,גבינת שמנת,גרמים,500.00,100 גרם,false,0,17.90,3.58,true,1,
7290006920744,false,גבינת שמנת שום,,IL,גבינת שמנת שום,גרמים,500.00,100 גרם,false,0,17.90,3.58,true,1,
7290006920966,false,הולנדית %5 קלאסית 200 גר,צי תעשיות מזון יבנה,IL,הולנדית קלאסית,גרמים,200.00,100 גרם,false,0,9.90,4.95,true,1,
7290006942043,false,רפידת נוחות אנטיבקטריאלי,גופיקס,IL,רפידת נוחות אנ,יחידה,1.00,יחידה,false,0,16.90,16.90,true,1,
7290006973948,false,שניצל טרי ארוז אנש,,IL,שניצל טרי ארוז,קילוגרמים,0.00,"ק""ג",true,1,28.90,28.90,true,1,
7290006973955,false,כנפיים טרי ארוז אנש,,IL,כנפיים טרי ארוז,קילוגרמים,0.00,"ק""ג",true,1,9.90,9.90,true,1,
7290006973979,false,כרעיים טרי ארוז,,IL,כרעיים טרי ארוז,קילוגרמים,0.00,"ק""ג",true,1,24.90,24.90,true,1,
7290006983152,false,קרוטונים מתובלים למרק400,עינת תעשיות,IL,קרוטונים מתובלים,גרמים,400.00,100 גרם,false,0,16.90,4.23,true,1,
7290006983176,false,לחמית שיפון 230 גרם,"אסם השקעות בע""\מ",IL,לחמית שיפון אסם,גרמים,230.00,100 גרם,false,0,7.50,3.26,true,1,
7290006983763,false,עוגה בטעם שוקולד 400 גרם,"אסם השקעות בע""\מ",IL,עוגת שוקולד,גרמים,400.00,100 גרם,false,0,10.90,2.73,true,1,
7290006983770,false,עוגת הבית שיש אסם 400 גר,"אסם השקעות בע""\מ",IL,עוגת שיש,גרמים,400.00,100 גרם,false,0,10.90,2.73,true,1,
7290006983787,false,עוגת שוקולד צ'יפס 400 גר,"אסם השקעות בע""\מ",IL,עוגת שוקוצ'יפס,גרמים,400.00,100 גרם,false,0,10.90,2.73,true,1,
7290006989055,false,מברשת לאבק עץ אורן לכה,המברשת רוחמה,IL,מברשת לאבק,יחידה,1.00,יחידה,false,0,12.90,12.90,true,1,
7290006989062,false,מטאטא ג'וליה + מקל,YANAGXI,CN,מטאטא ג'וליה + מ,יחידה,1.00,יחידה,false,1,8.90,8.90,true,1,
7290006989093,false,מברשת מגהץ,,IL,מברשת מגהץ,יחידה,1.00,יחידה,false,1,7.90,7.90,true,1,
7290006989123,false,יעה עם פס גומי,YANAGXI,CN,יעה,יחידה,1.00,יחידה,false,1,5.90,5.90,true,1,
7290006989253,false,מטאטא חום עם מקל,אליבו,CN,מטאטא חום עם מקל,יחידה,1.00,יחידה,false,1,18.90,18.90,true,1,
7290006989680,false,מטאטא שרובר,אליבו,IL,מטאטא שרובר,יחידה,1.00,יחידה,false,1,9.90,9.90,true,1,
7290006992161,false,דייסת קורנפלור 200 גרם,מטרנה תעשיות ש.מ,IL,דייסת מטרנה,גרמים,200.00,100 גרם,false,0,12.90,6.45,true,1,
7290006992185,false,דייסת אורז מטרנה 200 גרם,מטרנה תעשיות ש.מ,IL,דייסת אורז,גרמים,200.00,100 גרם,false,0,12.90,6.45,true,1,
7290006992192,false,דייסת סולת 200 גרם,מטרנה תעשיות ש.מ,IL,דייסת סולת מטרנה,גרמים,200.00,100 גרם,false,0,12.90,6.45,true,1,
7290006992208,false,דייסת מטרנה 8 דגנים 200ג,מטרנה תעשיות ש.מ,IL,דייסת מטרנה,גרמים,200.00,100 גרם,false,0,12.90,6.45,true,1,
7290006992390,false,דייסת וניל מטרנה 200 גרם,מטרנה תעשיות ש.מ,IL,דייסת וניל מטרנה,גרמים,200.00,100 גרם,false,0,12.90,6.45,true,1,
7290008023542,false,סיף פנטסטיק רצפ.מרענן4ל',יוניליוור ישראל טיפוח אי,IL,סיף שמפו לרצפות,ליטרים,4.00,ליטר,false,0,16.70,4.18,true,1,
7290008104050,false,תחליב רחצה קלאסיק220מל,כצט,IL,תחליב פמינה,מיליליטרים,220.00,"100 מ""ל",false,0,21.90,9.95,true,1,
7290008166010,false,לקט פיצוחים מובחר200גרם,פיצוחי הטיב,IL,לקט פיצוחים,גרמים,200.00,100 גרם,false,0,14.90,7.45,true,1,
7290008166751,false,חמוציות 200 גרם,,IL,חמוציות 200 גרם,גרמים,200.00,100 גרם,false,0,8.90,4.45,true,1,
7290008166775,false,200 בוטן מטוגן,,IL,200 בוטן מטוגן,גרמים,200.00,100 גרם,false,0,7.90,3.95,true,1,
7290008169080,false,עוף טרי ארוז אנש,,IL,עוף טרי ארוז אנש,קילוגרמים,0.00,"ק""ג",true,1,19.90,19.90,true,1,
7290008190633,false,לקקן 110 יח',כרמית,TR,לקקן,יחידה,1.00,יחידה,false,0,19.90,19.90,true,1,
7290008190909,false,מיני קוקיס שוק.צ'יפס600ג,כרמית,IL,מיני קוקיס,גרמים,600.00,100 גרם,false,0,14.90,2.48,true,1,
7290008190985,false,לקקן בטעם גלידה 50 יח',כרמית,TR,לקקן טעם גלידה,גרמים,450.00,100 גרם,false,0,14.90,3.31,true,1,
7290008257138,false,פטמות שלישיה,אריסטוקרט,CN,פטמות שלישיה,יחידה,1.00,יחידה,false,0,3.80,3.80,true,1,
7290008257169,false,פלסטרים,,IL,פלסטרים,יחידה,1.00,יחידה,false,0,6.90,6.90,true,1,
7290008257459,false,אלכוהול רפואי 70% 100 סמ,אריסטוקרט,IL,אלכוהול רפואי,מיליליטרים,100.00,"100 מ""ל",false,0,4.90,4.90,true,1,
7290008257503,false,רפידות הנקה,,IL,רפידות הנקה,יחידה,1.00,יחידה,false,0,9.50,9.50,true,1,
7290008300087,false,שקיות אשפה,,,שקיות אשפה,יחידה,1.00,יחידה,false,0,11.90,11.90,true,1,
7290008300094,false,אשפתון עם ידית,,,אשפתון עם ידית,יחידה,1.00,יחידה,false,0,11.90,11.90,true,1,
7290008300100,false,שקיות להקפאה,,,שקיות להקפאה,יחידה,1.00,יחידה,false,0,9.90,9.90,true,1,
7290008300452,false,200שק.אוכל נשלף 18X24 HD,,IL,שקיות אוכל,יחידה,1.00,יחידה,false,0,4.90,4.90,true,1,
7290008300483,false,200שקיות סנדויץ 17X27 LD,בריזה,IL,שקיות סנדויץ,יחידה,1.00,יחידה,false,0,8.90,8.90,true,1,
7290008300490,false,אשפתון+90*75ידיות 40 יח,בריזה,IL,אשפתון 40 יח,יחידה,1.00,יחידה,false,1,19.90,19.90,true,1,
7290008300773,false,100שק.הקפאת מזון25X35 HD,,IL,שקיות להקפאה,יחידה,1.00,יחידה,false,0,4.90,4.90,true,1,
7290008330107,false,מרכך בדין סגול4 ליטר,יוניליור ישראל טיפוח איש,IL,מרכך כביסה בדין,ליטרים,4.00,ליטר,false,0,19.90,4.98,true,1,
7290008330381,false,דפים למייבש ורוד 40יח,קלינטסט,US,בדין דפים למייבש,יחידה,1.00,יחידה,false,0,13.90,13.90,true,1,
7290008330398,false,דפים למייבש כחול 40יח,קלינטסט,US,בדין דפים למייבש,יחידה,1.00,יחידה,false,0,13.90,13.90,true,1,
7290008347211,false,אצבעות דג 700 גרם,דלידג - נטו,IL,אצבעות דג,גרמים,700.00,100 גרם,false,0,19.90,2.84,true,1,
7290008407816,false,פילה סלמון נורבגי .1.4-1,שה סיוול פירטשאלס,DK,פילה סלמון,קילוגרמים,0.00,"ק""ג",true,1,69.90,69.90,true,1,
7290008443616,false,מרכך נקה 7 לשיר יבש 750מ,אמיליה קוסמטיקס בעמ,IL,קונדישנר נקה 7,מיליליטרים,750.00,"100 מ""ל",false,0,8.90,1.19,true,1,
7290008443630,false,שמפו נקה7 שיער מתולתל750,אמיליה קוסמטיקס בע'\'\מ,IL,שמפו נקה 7,מיליליטרים,750.00,"100 מ""ל",false,0,8.90,1.19,true,1,
7290008443647,false,מרכך נקה7 שיער מתולתל750,אמיליה קוסמטיקס בעמ,IL,קונדישנר נקה 7,מיליליטרים,750.00,"100 מ""ל",false,0,8.90,1.19,true,1,
7290008455800,false,עוף שלם טרי לנדא לפי משק,,IL,עוף שלם טרי לנדא,קילוגרמים,0.00,"ק""ג",true,1,26.90,26.90,true,1,
7290008455824,false,כרעיים טרי לנדא לפי משקל,,IL,כרעיים טרי לנדא,קילוגרמים,0.00,"ק""ג",true,1,37.90,37.90,true,1,
7290008455831,false,חזה עוף טרי לנדא לפי משק,,IL,חזה טרי לנדא,קילוגרמים,0.00,"ק""ג",true,1,39.90,39.90,true,1,
7290008455862,false,כנפיים עוף טרי לנדא לפי,,IL,כנפיים טרי לנדא,קילוגרמים,0.00,"ק""ג",true,1,16.90,16.90,true,1,
7290008455916,false,שניצל פרימיום טרי לנדא,,IL,שניצל פרימ.לנדא,קילוגרמים,0.00,"ק""ג",true,1,49.90,49.90,true,1,
7290008464000,false,סבן אפ 1.5*6 ליטר,טמפו,IL,סבן אפ 6 יחידות,ליטרים,9.00,ליטר,false,0,24.90,2.77,true,1,
7290008464017,false,סבן אפ דיאט 1.5*6 ליטר,"טמפו משקאות בע""\מ",IL,סבן אפ דיאט 6 יח,ליטרים,9.00,ליטר,false,0,24.90,2.77,true,1,
7290008464130,false,בירה גולדסטאר6יח,,IL,בירה גולדסטאר6יח,ליטרים,1.98,ליטר,false,0,31.90,16.11,true,1,
7290008464611,false,"הסודה של טמפו 275 מ""ל",טמפו משקאות בעמ,IL,הסודה של טמפו,מיליליטרים,275.00,"100 מ""ל",false,1,3.90,1.42,true,1,
7290008464741,false,"בירה גולדסטאר בק330*6מ""ל","טמפו משקאות בע""\מ",IL,גולדסטאר 6 יח',ליטרים,1.98,ליטר,false,0,29.90,15.10,true,1,
7290008464857,false,סודה בנגיעות ט.אננס1.5*4,טמפו,IL,סודה טעם אננס4יח,ליטרים,6.00,ליטר,false,1,9.90,1.65,true,1,
7290008464864,false,סודה ט.פירות יער 1.5*4 ל,טמפו,IL,סודה פירות יער4י,ליטרים,6.00,ליטר,false,1,9.90,1.65,true,1,
7290008464987,false,סודה טמפו 1.5*6 ליטר,"טמפו משקאות בע""מ",IL,סודה טמפו שישיה,ליטרים,9.00,ליטר,false,0,13.90,1.54,true,1,
7290008470759,false,מסטיק אורביט ספירמינט104,ריגלי,FR,מסטיק אורביט 8יח,גרמים,104.00,100 גרם,false,0,14.00,13.46,true,1,
7290008470766,false,מסטיק אורביט פפרמינט13*8,ריגלי צרפת,FR,מסטיק אורביט,גרמים,104.00,100 גרם,false,0,14.00,13.46,true,1,
7290008589970,false,נרות שבת מס 10,לייברט,CN,נרות שבת מס 10,יחידה,1.00,יחידה,false,1,2.90,2.90,true,1,
7290008589987,false,נרות שבת 16 יח',לייברט,CN,נרות שבת 16 יח',יחידה,1.00,יחידה,false,1,2.90,2.90,true,1,
7290008589994,false,נרות שבת 20 יח',לייברט,CN,נרות שבת 20 יח',יחידה,1.00,יחידה,false,1,2.90,2.90,true,1,
7290008590006,false,נרות שבת 12 יח',לייברט,CN,נרות שבת 12 יח',יחידה,1.00,יחידה,false,1,2.90,2.90,true,1,
7290008590013,false,נרות שבת 8 יח',לייברט,CN,נרות שבת 8 יח',יחידה,1.00,יחידה,false,1,2.90,2.90,true,1,
7290008590020,false,נרות שבת 4 יח',לייברט,CN,נרות שבת 4 יח',יחידה,1.00,יחידה,false,1,2.90,2.90,true,1,
7290008590167,false,נרות שבת 6 יח',לייברט,CN,נרות שבת 6 יח',יחידה,1.00,יחידה,false,1,2.90,2.90,true,1,
7290008597906,false,אורז יסמין,,,אורז יסמין,קילוגרמים,5.00,"ק""ג",false,0,44.90,8.98,true,1,
7290008636193,false,כמון צנצנת 300 גרם,מיה תעשיות מזון מ.ת.מ. ב,IL,כמון צנצנת,גרמים,300.00,100 גרם,false,0,14.90,4.97,true,1,
7290008636209,false,כורכום צנצנת 300 גרם,מיה תעשיות מזון מ.ת.מ. ב,IL,כורכום צנצנת,גרמים,300.00,100 גרם,false,0,14.90,4.97,true,1,
7290008636216,false,אבקת שום צנצנת 300 גרם,מיה תעשיות מזון מ.ת.מ. ב,IL,אבקת שום צנצנת,גרמים,300.00,100 גרם,false,0,24.90,8.30,true,1,
7290008636636,false,מיץ תפוזים  טבעי 1 ליטר,מיה,IL,מיץ תפוזים1 ליטר,ליטרים,1.00,ליטר,false,0,14.90,14.90,true,1,
7290008636704,false,קונפיטורה משמש 340 גרם,מיה תעשיות מזון מ.ת.מ. ב,IL,קונפיטורה מישמש,גרמים,340.00,100 גרם,false,0,8.90,2.62,true,1,
7290008636926,false,קקאו הולנדי שקית 500 גרם,מיה תעשיות מזון מ.ת.מ. ב,IL,אבקת קקאו,גרמים,500.00,100 גרם,false,0,12.90,2.58,true,1,
7290008636933,false,אגוז מלך גרוס100גרם מיה,מיה תעשיות מזון מ.ת.מ. ב,IL,אגוז מלך גרוס,גרמים,100.00,100 גרם,false,0,9.90,9.90,true,1,
7290008636957,false,שקד מולבן גרוס 100ג מיה,מיה תעשיות מזון מ.ת.מ. ב,IL,שקד מולבן גרוס,גרמים,100.00,100 גרם,false,0,11.90,11.90,true,1,
7290008636964,false,שקד מולבן משובב 100ג מיה,מיה תעשיות מזון מ.ת.מ. ב,IL,שקד מולבן משוב,גרמים,100.00,100 גרם,false,0,11.90,11.90,true,1,
7290008636988,false,10' גרעיני חמניה קלופים,מיה תעשיות מזון מ.ת.מ. ב,IL,גרעיני חמניה,גרמים,100.00,100 גרם,false,0,3.00,3.00,true,1,
7290008636995,false,גרעיני דלעת קלופים 100 ג,מיה תעשיות מזון מ.ת.מ. ב,IL,גרעיני דלעת קלוף,גרמים,100.00,100 גרם,false,0,6.90,6.90,true,1,
7290008645935,false,חומוס אחלה 750 גרם,"שטראוס גרופ בע""\מ",IL,חומוס אחלה,גרמים,750.00,100 גרם,false,0,9.90,1.32,true,1,
7290008670142,false,רקנאטי יסמין,,IL,רקנאטי יסמין,מיליליטרים,750.00,"100 מ""ל",false,0,32.90,4.39,true,1,
7290008670159,false,רקנאטי יסמין,,IL,רקנאטי יסמין,מיליליטרים,750.00,"100 מ""ל",false,0,32.90,4.39,true,1,
7290008690713,false,אושן ספריי חמוציות 1ליטר,מבשלות בירה בינלאומיות ב,IL,אושן ספריי,ליטרים,1.00,ליטר,false,0,8.90,8.90,true,1,
7290008693134,false,דניאלה תות מוקצף5% 88גרם,"שטראוס גרופ בע""\מ",IL,דניאלה תות מוקצף,גרמים,88.00,100 גרם,false,0,3.90,4.43,true,1,
7290008713016,false,לחם שבעה דגנים קל 500גרם,מאפיית שלמה א. אנג'\ל בע,IL,לחם שבעה דגנים,גרמים,500.00,100 גרם,false,0,12.90,2.58,true,1,
7290008745239,false,תפוצ'יפס קראנצ' טעם טבעי,"שטראוס פריטו ליי בע""\מ )",IL,תפוצ'יפס קראנצ',גרמים,50.00,100 גרם,false,0,3.50,7.00,true,1,
7290008745345,false,ממרח ט.שוקלד פרה מגד500ג,שטראוס,IL,ממרח בטעם שוקולד,גרמים,500.00,100 גרם,false,0,9.90,1.98,true,1,
7290008747547,false,תפוציפס קראנצ' ט.טבעי200,"שטראוס פריטו ליי בע""\מ )",IL,תפוצ'יפס קראנצ',גרמים,200.00,100 גרם,false,0,8.80,4.40,true,1,
7290008748384,false,שוקולד ספלנדיד מריר100גר,עלית,IL,שוקולד ספלנדיד,גרמים,100.00,100 גרם,false,0,9.90,9.90,true,1,
7290008749343,false,בפלות שחור לבן 400 גרם,עלית,IL,בפלות שחור לבן,גרמים,400.00,100 גרם,false,0,13.90,3.48,true,1,
7290008750264,false,מסטיק דובדבן מגדים 28גרם,עלית,IL,מסטיק מאסט,גרמים,28.00,100 גרם,false,0,3.90,13.93,true,1,
7290008750400,false,שוקולד לבן+עוגיות100 גרם,עלית,IL,שוקולדלבן עוגיות,גרמים,100.00,100 גרם,false,0,4.90,4.90,true,1,
7290008750677,false,"שוק.במילוי תות בד""צ100גר",עלית,IL,שוקולד חלב,גרמים,100.00,100 גרם,false,0,4.90,4.90,true,1,
7290008753111,false,תפוצ'יפס מקסיקני 50 גרם,"שטראוס פריטו ליי בע""\מ )",IL,תפוצ'יפס קראנצ',גרמים,50.00,100 גרם,false,0,3.50,7.00,true,1,
7290008753982,false,שוקולד חלב אוורירי 85גרם,עלית,IL,שוקולד אוורירי,גרמים,85.00,100 גרם,false,0,4.90,5.76,true,1,
7290008754040,false,ממרח שוקולד פרה מגדים850,עלית,IL,ממרח בטעם שוקולד,גרמים,850.00,100 גרם,false,0,13.90,1.64,true,1,
7290008754415,false,מאסט LL עדין ספירמינט28ג,עלית,IL,מסטיק מאסט LL,גרמים,28.00,100 גרם,false,0,3.90,13.93,true,1,
7290008754422,false,LL MUST קלאסי פפרמינט28ג,עלית,IL,מסטיק LL MUST,גרמים,28.00,100 גרם,false,0,3.90,13.93,true,1,
7290008756143,false,שמן פרפין,,CN,שמן פרפין,יחידה,1.00,יחידה,false,1,29.90,29.90,true,1,
7290008757980,false,נקטר ספרינג רימונים 1 ל',"יפאורה תבורי בע""\מ",IL,נקטר רימונים,ליטרים,1.00,ליטר,false,0,4.80,4.80,true,1,
7290008761956,false,קבב בקר קהילות 500 גרם,טיבון ויל אחזקות בעמ,IL,קבב בקר 500 גרם,גרמים,500.00,100 גרם,false,0,24.90,4.98,true,1,
7290008775816,false,ערגליות שוקו 300 גרם,"אסם השקעות בע""\מ",IL,ערגליות שוקו,גרמים,300.00,100 גרם,false,0,9.90,3.30,true,1,
7290008775823,false,ערגליות תות 300 גרם,"אסם השקעות בע""\מ",IL,ערגליות תות,גרמים,300.00,100 גרם,false,0,9.90,3.30,true,1,
7290008801010,false,קברנה מרלו P.C,,IL,קברנה מרלו P.C,מיליליטרים,750.00,"100 מ""ל",false,0,32.90,4.39,true,1,
7290008801522,false,"יין קונקורד 750מ""ל",אגודת הכורמים הקואופרטיב,IL,יין קונקורד,מיליליטרים,750.00,"100 מ""ל",false,0,17.90,2.39,true,1,
7290008801539,false,קינג דיוויד כרמל120 750מ,אגודת הכורמים הקואופרטיב,IL,קינג דיוויד,מיליליטרים,750.00,"100 מ""ל",false,0,17.90,2.39,true,1,
7290008801546,false,"מוסקט קינג דיווד 750 מ""ל",אגודת הכורמים הקואופרטיב,IL,מוסקט קינג דיווד,מיליליטרים,750.00,"100 מ""ל",false,0,17.90,2.39,true,1,
7290008802291,false,"מרלו P.C 750 מ""ל",אגודת הכורמים הקואופרטיב,IL,מרלו P.C,מיליליטרים,750.00,"100 מ""ל",false,0,32.90,4.39,true,1,
7290008802512,false,"יין אדום יבש וינו 750מ""ל",יקבי כרמל,IL,יין אדום יבש,מיליליטרים,750.00,"100 מ""ל",false,0,18.90,2.52,true,1,
7290008802529,false,"וינו לבן חצי יבש 750 מ""ל",יקבי כרמל,IL,יין לבן יבש וינו,מיליליטרים,750.00,"100 מ""ל",false,0,18.90,2.52,true,1,
7290008802895,false,קברנה סוביניוןP.C. 750מל,אגודת הכורמים הקאופורטיב,IL,קברנה סוביניון,מיליליטרים,750.00,"100 מ""ל",false,0,32.90,4.39,true,1,
7290008804332,false,"שיראז אדום יבש 750P.Cמ""ל",אגודת הכורמים הקואופרטיב,IL,שיראז אדום יבש,מיליליטרים,750.00,"100 מ""ל",false,0,32.90,4.39,true,1,
7290008804462,false,"מוסקט קינוח P.C 500 מ""ל",אגודת הכורמים הקואופרטיב,IL,מוסקט קינוח,מיליליטרים,500.00,"100 מ""ל",false,0,32.90,6.58,true,1,
7290008806961,false,קרמיסימו טעם שוקולד צ'יפ,"גלידת שטראוס בע""\מ",IL,קרמיסימו שוקולד,ליטרים,1.33,ליטר,false,0,17.90,13.46,true,1,
7290008806985,false,נשנושי שוקווניל פרווה60י,"גלידת שטראוס בע""\מ",IL,נשנושי שוקווניל,גרמים,630.00,100 גרם,false,0,39.90,6.33,true,1,
7290008807319,false,"ליקר וישניאק 750 מ""ל",יקבי בנימינה,IL,ליקר וישניאק,מיליליטרים,750.00,"100 מ""ל",false,0,49.90,6.65,true,1,
7290008807326,false,"ליקר אמרטו 750 מ""ל",יקבי בנימינה,IL,ליקר אמרטו,מיליליטרים,750.00,"100 מ""ל",false,0,49.90,6.65,true,1,
7290008807333,false,"ליקר בננה 750 מ""ל",יקבי בנימינה,IL,ליקר בננה,מיליליטרים,750.00,"100 מ""ל",false,0,49.90,6.65,true,1,
7290008807562,false,"ליקר לימונצ'לו 750 מ""ל",יקבי בנימינה,IL,ליקר לימונצ'לו,מיליליטרים,750.00,"100 מ""ל",false,0,49.90,6.65,true,1,
7290008830676,false,תערובת מן הטבע יחידה,דין שיווק,IL,תערובת מן הטבע,יחידה,1.00,יחידה,false,0,4.90,4.90,true,1,
7290008830690,false,מובחרים מן הטבע יחידה,דין שיווק,IL,מובחרין מן הטבע,יחידה,1.00,יחידה,false,0,10.00,10.00,true,1,
7290008837866,false,תירוש ענבים,,IL,תירוש ענבים,ליטרים,1.00,ליטר,false,0,15.90,15.90,true,1,
7290008867399,false,פירורים לציפוי עוגת שוקו,,IL,פירורים לעוגה,גרמים,250.00,100 גרם,false,1,7.90,3.16,true,1,
7290008909167,false,פריגת ענבים מרלו 1.5 ליט,פריגת,IL,פריגת ענבים,ליטרים,1.50,ליטר,false,0,6.20,4.13,true,1,
7290008909440,false,פאנטה אורנג' מנגו 1.5 ל',החברה המרכזית לייצור משק,IL,פאנטה אורנג מנגו,ליטרים,1.50,ליטר,false,0,6.20,4.13,true,1,
7290008909877,false,קוקה קולה זירו 1.5*6 ל',החברה המרכזית לייצור משק,IL,קולה זירו 1.5*6ל,ליטרים,9.00,ליטר,false,0,33.90,3.77,true,1,
7290008926867,false,גרון הודו נ.טרי ארוז,מילועוף,IL,גרון הודו טרי,קילוגרמים,0.00,"ק""ג",true,0,23.90,23.90,true,1,
7290008975551,false,מטרנה מהדרין שלב3 700גרם,מטרנה תעשיות ש.מ,IL,מטרנה מהדרין 3,גרמים,700.00,100 גרם,false,0,49.90,7.13,true,1,
7290008989015,false,דייסת אורז,,IL,דייסת אורז,גרמים,400.00,100 גרם,false,0,14.90,3.73,true,1,
7290008989022,false,דייסת סולת,,IL,דייסת סולת,גרמים,400.00,100 גרם,false,0,14.90,3.73,true,1,
7290008989039,false,דייסת קורנפלור,,IL,דייסת קורנפלור,גרמים,400.00,100 גרם,false,0,14.90,3.73,true,1,
7290008989053,false,דייסת דגנים,,IL,דייסת דגנים,גרמים,400.00,100 גרם,false,0,14.90,3.73,true,1,
7290008989299,false,גרנולה 350 גר,,IL,גרנולה 350 גר,גרמים,350.00,100 גרם,false,0,11.90,3.40,true,1,
7290008989305,false,שבבי סויה,,,שבבי סויה,גרמים,200.00,100 גרם,false,0,5.90,2.95,true,1,
7290008989312,false,גולש סויה,,,גולש סויה,גרמים,200.00,100 גרם,false,0,5.90,2.95,true,1,
7290008989473,false,ממרח חרובים,,IL,ממרח חרובים,גרמים,350.00,100 גרם,false,0,10.90,3.11,true,1,
7290008989572,false,ממרח חלבה וניל,,IL,ממרח חלבה וניל,גרמים,350.00,100 גרם,false,0,11.90,3.40,true,1,
7290008989671,false,ציפוי עדיף פריך,,IL,ציפוי עדיף פריך,גרמים,250.00,100 גרם,false,0,7.90,3.16,true,1,
7290008989695,false,ח.מלאה תפוחה בדבש400גרם,,IL,חיטה מלאה תפוחה,גרמים,400.00,100 גרם,false,0,11.90,2.98,true,1,
7290008989749,false,פריכיות קינואה,,IL,פריכיות קינואה,גרמים,200.00,100 גרם,false,0,9.90,4.95,true,1,
7290008989848,false,חמאת בוטנים,,IL,חמאת בוטנים,גרמים,350.00,100 גרם,false,0,11.90,3.40,true,1,
7290008989855,false,פריכוני אורז,,IL,פריכוני אורז,גרמים,80.00,100 גרם,false,0,3.90,4.88,true,1,
7290008989947,false,סירופ דובדבן,,,סירופ דובדבן,ליטרים,1.20,ליטר,false,0,18.90,15.75,true,1,
7290009068825,true,אגוז קלוף,דין שיווק,IL,אגוז קלוף,גרמים,0.00,"ק""ג",true,0,70.00,70.00,true,1,
7290009068894,true,גרעין לבן קלוי,,IL,גרעין לבן קלוי,גרמים,0.00,"ק""ג",true,0,39.00,39.00,true,1,
7290009068917,true,גרעין שחור קלוי,דין שיווק,IL,גרעין שחור קלו,קילוגרמים,0.00,"ק""ג",true,0,20.00,20.00,true,1,
7290009068931,true,דלעת מקולפת,,IL,דלעת מקולפת,גרמים,0.00,"ק""ג",true,0,55.00,55.00,true,1,
7290009068962,true,מנצ'ס במשקל,דין שיווק,IL,מנצ'ס במשקל,גרמים,0.00,"ק""ג",true,0,47.00,47.00,true,1,
7290009069068,true,פקאן סיני במשקל,דין שיווק,IL,פקאן סיני במשק,גרמים,0.00,"ק""ג",true,0,95.00,95.00,true,1,
7290009069112,true,קשיו קלוי,,IL,קשיו קלוי,גרמים,0.00,"ק""ג",true,0,88.00,88.00,true,1,
7290009069143,true,שקד טבעי ענק,,IL,שקד טבעי ענק,גרמים,0.00,"ק""ג",true,0,85.00,85.00,true,1,
7290009069181,true,שקד ספרדי קלוי,,IL,שקד ספרדי קלוי,גרמים,0.00,"ק""ג",true,0,90.00,90.00,true,1,
7290009069259,true,קבוקים במשקל,,IL,קבוקים במשקל,גרמים,0.00,"ק""ג",true,0,25.00,25.00,true,1,
7290009069273,true,משמש במשקל,,IL,משמש במשקל,גרמים,0.00,"ק""ג",true,0,54.00,54.00,true,1,
7290009069280,true,צימוק חום,,IL,צימוק חום,גרמים,0.00,"ק""ג",true,0,28.00,28.00,true,1,
7290009069303,true,צימוק לבן,,IL,צימוק לבן,גרמים,0.00,"ק""ג",true,0,37.00,37.00,true,1,
7290009069334,true,שזיפים ללא גרע,,IL,שזיפים ללא גרע,קילוגרמים,0.00,"ק""ג",true,0,47.00,47.00,true,1,
7290009069341,true,תמר מג'הול גדול,,IL,תמר מג'הול גדול,גרמים,0.00,"ק""ג",true,0,45.00,45.00,true,1,
7290009069440,true,בננה צ'יפס,,IL,בננה צ'יפס,גרמים,0.00,"ק""ג",true,0,33.00,33.00,true,1,
7290009069501,true,תמר מג'הול ענק,דין שיווק,IL,תמר מג'הול ענק,גרמים,0.00,"ק""ג",true,0,45.00,45.00,true,1,
7290009099461,true,פפריקה במשקל,,IL,פפריקה במשקל,קילוגרמים,0.00,"ק""ג",true,0,55.00,55.00,true,1,
7290009397642,true,חמישיית מאפין שוקו 200גר,,IL,חמישיית מאפין,גרמים,200.00,100 גרם,false,0,7.90,3.95,true,1,
7290009397697,true,מאפין שוקו צ'יפס5יח200'ג,,IL,חמישיית מאפין,גרמים,200.00,100 גרם,false,0,7.90,3.95,true,1,
7290009398021,true,לחמניית ביס באגט,גידרון,IL,לחמניית ביס באגט,יחידה,1.00,יחידה,false,0,1.50,1.50,true,1,
7290009398618,true,סופגניה גדולה רגילה יח',גידרון,IL,סופגניה רגילה,גרמים,80.00,100 גרם,false,0,2.90,3.63,true,1,
7290009398687,true,דונאט,גידרון,IL,דונטס,יחידה,1.00,יחידה,false,0,5.90,5.90,true,1,
7290009398786,true,מארז פיתות אסליות,,IL,פיתות אסליות 5יח,גרמים,500.00,100 גרם,false,0,5.90,1.18,true,1,
7290009399868,true,לחמניית חלה קלה,גידרון,IL,לחמניה חלה קלה,יחידה,1.00,יחידה,false,0,3.90,3.90,true,1,
7290009399875,true,סופגניה גדולה ללא ריבה,גידרון,IL,סופגניה ללא ריבה,גרמים,80.00,100 גרם,false,0,2.90,3.63,true,1,
7290009951479,true,תבלינים,,,תבלינים,קילוגרמים,0.00,"ק""ג",true,0,159.00,159.00,true,1,
7290009951486,true,תבלינים,,,תבלינים,קילוגרמים,0.00,"ק""ג",true,0,84.00,84.00,true,1,
7290009951639,true,סופגניה גדולה מצופה 6יח',גידרון,IL,סופגניה מצופה6יח,יחידה,1.00,יחידה,false,0,20.00,20.00,true,1,
7290009952254,true,משלוח,,IL,משלוח,יחידה,1.00,יחידה,false,0,75.00,75.00,false,1,
7290009952261,true,משלוח,,IL,משלוח,יחידה,1.00,יחידה,false,0,120.00,120.00,false,1,
7290009952278,true,משלוח חשמל גדולל,,IL,משלוח חשמל גדולל,יחידה,1.00,יחידה,false,0,170.00,170.00,false,1,
7290009954234,true,נועם גב.צהובה9%חריץ משקל,טרה,IL,גבינת נועם 9%,קילוגרמים,0.00,"ק""ג",true,0,69.00,69.00,true,1,
7290009954241,true,נועם ג.צהובה22%חריץ משקל,טרופיקל דגיל תעשיות קוסמ,IL,גבינת נועם 22%,קילוגרמים,0.00,"ק""ג",true,0,38.90,38.90,true,1,
7290009954258,true,נועם ג.צהובה28%חריץ משקל,י. מלכי מוצרים,IL,גבינת נועם 28%,קילוגרמים,0.00,"ק""ג",true,0,39.90,39.90,true,1,
7290010023141,false,חל.לימונענע גן קסום25שק',ויסוצקי,IL,חליטת לימונענע,גרמים,55.00,100 גרם,false,0,15.90,28.91,true,1,
7290010068005,false,פופקורן בוואקום,,IL,פופקורן בוואקום,גרמים,500.00,100 גרם,false,0,8.90,1.78,true,1,
7290010068036,false,עדשים ירוקים,,IL,עדשים ירוקים,גרמים,500.00,100 גרם,false,0,8.90,1.78,true,1,
7290010068043,false,עדשים אדומים,,IL,עדשים אדומים,גרמים,500.00,100 גרם,false,0,10.90,2.18,true,1,
7290010068074,false,שעועית לבנה,,IL,שעועית לבנה,גרמים,500.00,100 גרם,false,0,9.90,1.98,true,1,
7290010068081,false,כוסמת קלויה,,IL,כוסמת קלויה,גרמים,500.00,100 גרם,false,0,8.90,1.78,true,1,
7290010068098,false,חיטה,,IL,חיטה,גרמים,500.00,100 גרם,false,0,7.90,1.58,true,1,
7290010068104,false,שעועית אדומה,,IL,שעועית אדומה,גרמים,500.00,100 גרם,false,0,9.90,1.98,true,1,
7290010068111,false,גריסי פנינה,,IL,גריסי פנינה,גרמים,500.00,100 גרם,false,0,7.90,1.58,true,1,
7290010068128,false,אפונה יבשה,,IL,אפונה יבשה,גרמים,500.00,100 גרם,false,0,7.90,1.58,true,1,
7290010068159,false,קוואקר,,IL,קוואקר,גרמים,320.00,100 גרם,false,0,6.90,2.16,true,1,
7290010068166,false,חיטה מלאה 500 גרם,"ע.רן שיווק כיטוב בע""מ",IL,חיטה מלאה,גרמים,500.00,100 גרם,false,0,7.90,1.58,true,1,
7290010068173,false,בורגול,,IL,בורגול,גרמים,500.00,100 גרם,false,0,7.90,1.58,true,1,
7290010068180,false,שומשום,,IL,שומשום,גרמים,200.00,100 גרם,false,0,7.90,3.95,true,1,
7290010068197,false,שעועית מעורבת,,IL,שעועית מעורבת,גרמים,500.00,100 גרם,false,0,9.90,1.98,true,1,
7290010068203,false,אורז בסמטי,,,אורז בסמטי,גרמים,500.00,100 גרם,false,0,8.90,1.78,true,1,
7290010068227,false,קינואה,,,קינואה,גרמים,300.00,100 גרם,false,0,12.90,4.30,true,1,
7290010068234,false,שומשום מלא,,,שומשום מלא,גרמים,200.00,100 גרם,false,0,8.90,4.45,true,1,
7290010068241,false,גרעיני חמניות,,IL,גרעיני חמניות,גרמים,200.00,100 גרם,false,0,8.90,4.45,true,1,
7290010068258,false,כוסמת טבעית 500 גרם,"ע.רן שיווק כיטוב בע""מ",IL,כוסמת טבעית,גרמים,500.00,100 גרם,false,0,10.90,2.18,true,1,
7290010068265,false,חומוס לבן,,,חומוס לבן,גרמים,500.00,100 גרם,false,0,11.90,2.38,true,1,
7290010068289,false,פרג נקי,,IL,פרג נקי,גרמים,150.00,100 גרם,false,0,9.90,6.60,true,1,
7290010068357,false,אורז לבן פרסי,,IL,אורז לבן פרסי,קילוגרמים,2.00,"ק""ג",false,0,23.90,11.95,true,1,
7290010068456,false,שעועית בובס,,IL,שעועית בובס,גרמים,400.00,100 גרם,false,0,10.90,2.73,true,1,
7290010068463,false,שעועית מש 500 גרם,"ע.רן שיווק כיטוב בע""מ",IL,שעועית מש,גרמים,500.00,100 גרם,false,0,10.90,2.18,true,1,
7290010068500,false,אורז פרסי,,IL,אורז פרסי,גרמים,1000.00,100 גרם,false,0,12.90,1.29,true,1,
7290010068524,false,אורז עממי בואקום,,IL,אורז עממי בואקום,גרמים,1000.00,100 גרם,false,0,8.90,0.89,true,1,
7290010068555,false,גרעיני דלעת,,IL,גרעיני דלעת,גרמים,200.00,100 גרם,false,0,13.90,6.95,true,1,
7290010068708,false,קוואקר שקית,,IL,קוואקר שקית,גרמים,500.00,100 גרם,false,0,9.90,1.98,true,1,
7290010068753,false,קוסקוס נקי בוואקום 350 ג,,IL,קוסקוס,גרמים,350.00,100 גרם,false,1,7.90,2.26,true,1,
7290010068784,false,אורז בסמטי,,IL,אורז בסמטי,גרמים,1000.00,100 גרם,false,0,14.90,1.49,true,1,
7290010068852,false,אורז לבן יסמין,,IL,אורז לבן יסמין,קילוגרמים,1.00,"ק""ג",false,0,13.90,13.90,true,1,
7290010068876,false,גריסים,,IL,גריסים,קילוגרמים,1.00,"ק""ג",false,0,13.90,13.90,true,1,
7290010068890,false,שעועית לבנה,,,שעועית לבנה,גרמים,1000.00,100 גרם,false,0,17.90,1.79,true,1,
7290010068906,false,אורז מלא,,,אורז מלא,קילוגרמים,1.00,"ק""ג",false,0,14.90,14.90,true,1,
7290010116348,false,מיקס חטיפים מגדים 390 גר,עלית,IL,מיקס חטיפים עלית,גרמים,390.00,100 גרם,false,0,19.90,5.10,true,1,
7290010116355,false,מיני פסק זמן מגדים 400גר,עלית,IL,מיני פסק זמן,גרמים,400.00,100 גרם,false,0,19.90,4.98,true,1,
7290010116386,false,מיני מקופלת מגדים 400 גר,עלית,IL,מיני מקופלת,גרמים,400.00,100 גרם,false,0,19.90,4.98,true,1,
7290010116980,false,שוקולית 850 גרם,שטראוס קפה בי.וי.,IL,שוקולית עלית,גרמים,850.00,100 גרם,false,0,14.90,1.75,true,1,
7290010119240,false,תפוצ'יפס טבעי 12יח18Xגרם,"שטראוס פריטו ליי בע""\מ )",IL,תפוצ'יפס 12 יח,גרמים,216.00,100 גרם,false,0,14.90,6.90,true,1,
7290010124084,false,סטיק מינוט איכותי מהדרין,בלאדי,IL,סטייק מינוט,גרמים,300.00,100 גרם,false,1,39.90,13.30,true,1,
7290010131679,false,סיר לחץ Straight ברק 8 ל,סולתם רדד,CN,סיר לחץ 7 ל',יחידה,1.00,יחידה,false,0,179.00,179.00,true,1,
7290010153503,false,שעועית ענק 400 גרם,מיה תעשיות מזון מ.ת.מ. ב,IL,שעועית ענק,גרמים,400.00,100 גרם,false,0,7.50,1.88,true,1,
7290010153510,false,בורגול 500 גרם,מיה תעשיות מזון מ.ת.מ. ב,IL,בורגול,גרמים,500.00,100 גרם,false,0,4.90,0.98,true,1,
7290010153527,false,ג'ריש 500 גרם,מיה תעשיות מזון מ.ת.מ. ב,IL,ג'ריש,גרמים,500.00,100 גרם,false,0,4.90,0.98,true,1,
7290010153534,false,קמח תירס 400 גרם,מיה תעשיות מזון מ.ת.מ. ב,IL,קמח תירס,גרמים,400.00,100 גרם,false,0,4.90,1.23,true,1,
7290010153541,false,שיבולת שועל קוואקר 500גר,מיה תעשיות מזון מ.ת.מ. ב,IL,שיבולת שועל,גרמים,500.00,100 גרם,false,0,5.90,1.18,true,1,
7290010153688,false,חומץ טבעי %5 1 ליטר,מיה,IL,חומץ טבעי,מיליליטרים,1000.00,"100 מ""ל",false,0,5.90,0.59,true,1,
7290010153725,false,קונפיטורה דובדבן 340 גרם,מיה תעשיות מזון מ.ת.מ. ב,IL,קונפיטורה דובדבן,גרמים,340.00,100 גרם,false,0,8.90,2.62,true,1,
7290010153770,false,ציפוי לשניצל פיקנטי500גר,מיה תעשיות מזון מ.ת.מ. ב,IL,ציפוי לשניצל,גרמים,500.00,100 גרם,false,0,7.90,1.58,true,1,
7290010153787,false,ציפוי לשניצל עם שום500גר,מיה תעשיות מזון מ.ת.מ. ב,IL,ציפוי לשניצל,גרמים,500.00,100 גרם,false,0,7.90,1.58,true,1,
7290010153794,false,ציפוי שניצל+עש.תיבול500ג,מיה תעשיות מזון מ.ת.מ. ב,IL,ציפוי לשניצל,גרמים,500.00,100 גרם,false,0,7.90,1.58,true,1,
7290010153800,false,ציפוי שניצל+תיב.עדין500ג,מיה תעשיות מזון מ.ת.מ. ב,IL,ציפוי לשניצל,גרמים,500.00,100 גרם,false,0,7.90,1.58,true,1,
7290010153817,false,ריבת חלב 400 גרם,מיה תעשיות מזון מ.ת.מ. ב,IL,ריבת חלב,גרמים,400.00,100 גרם,false,0,9.90,2.48,true,1,
7290010153848,false,פפריקה מרוקאית בשמן 80 ג,מיה תעשיות מזון מ.ת.מ. ב,IL,פפריקה בשמן,גרמים,80.00,100 גרם,false,0,5.70,7.13,true,1,
7290010153855,false,פפריקה מתוקה מרוקאי 300ג,מיה תעשיות מזון מ.ת.מ. ב,IL,פפריקה מרוקאית,גרמים,300.00,100 גרם,false,0,14.90,4.97,true,1,
7290010153862,false,פלפל שחור גרוס 70 גרם,מיה תעשיות מזון מ.ת.מ. ב,IL,פלפל שחור גרוס,גרמים,70.00,100 גרם,false,0,8.90,12.71,true,1,
7290010153879,false,ריבת חלב טעם שמנת 400גר,מיה תעשיות מזון מ.ת.מ. ב,IL,ריבת חלב ט.שמנת,גרמים,400.00,100 גרם,false,0,9.90,2.48,true,1,
7290010153909,false,"אורז בסמטי הודי 1 ק""ג",מיה תעשיות מזון מ.ת.מ. ב,IL,אורז בסמטי,קילוגרמים,1.00,"ק""ג",false,0,8.90,8.90,true,1,
7290010153916,false,"אורז ריזוטו עגול 1 ק""ג",מיה תעשיות מזון מ.ת.מ. ב,IL,אורז ריזוטו,קילוגרמים,1.00,"ק""ג",false,0,7.90,7.90,true,1,
7290010153978,false,קונפיטורה שזיפים 340 גרם,מיה תעשיות מזון מ.ת.מ. ב,IL,קונפיטורה שזיפים,גרמים,340.00,100 גרם,false,0,8.90,2.62,true,1,
7290010173044,false,"יין בר מרלו 750 מ""ל",יקב הרי גליל,IL,יין בר מרלו,מיליליטרים,750.00,"100 מ""ל",false,0,29.90,3.99,true,1,
7290010173068,false,קברנה סוביניון בר 750 מל,יקב הרי גליל,IL,קברנה בר,מיליליטרים,750.00,"100 מ""ל",false,0,29.90,3.99,true,1,
7290010173334,false,"יין בר סירה 750 מ""ל",יקב הרי גליל,IL,יין בר סירה,מיליליטרים,750.00,"100 מ""ל",false,0,29.90,3.99,true,1,
7290010175048,false,מיץ לימון משומר 1 ליטר,,IL,מיץ לימון משומר 1 ליטר,ליטרים,1.00,ליטר,false,0,3.90,3.90,true,1,
7290010175840,false,לבבות דקל שלם,,EC,לבבות דקל שלם,גרמים,400.00,100 גרם,false,0,8.90,2.23,true,1,
7290010175857,false,לבבות דקל פרוס 400 גרם,טעמן,EC,לבבות דקל פרוס,גרמים,400.00,100 גרם,false,0,7.90,1.98,true,1,
7290010176014,false,מיץ לימון,,IT,מיץ לימון,ליטרים,1.00,ליטר,false,0,12.90,12.90,true,1,
7290010193035,false,"כבד עוף עד""ח 250",,IL,"כבד עוף עד""ח 250",גרמים,250.00,100 גרם,false,0,29.90,11.96,true,1,
7290010193288,false,"קישקע ממולא עד""ח 500 גרם",גלאט עוף,IL,קישקע קפוא 500 ג,גרמים,500.00,100 גרם,false,0,14.90,2.98,true,1,
7290010193387,false,תה מעושן 400 גרם,גלאט עוף,IL,תה מעושן,גרמים,400.00,100 גרם,false,0,19.90,4.98,true,1,
7290010193431,false,סלמי מובחר 200 גרם,גלאט עוף,IL,סלמי מובחר200גרם,גרמים,200.00,100 גרם,false,0,12.90,6.45,true,1,
7290010193448,false,פסטרמה רומנית 400 גרם,גלאט עוף,IL,פסטרמה רומנית,גרמים,400.00,100 גרם,false,0,29.90,7.48,true,1,
7290010193479,false,מעדן שווארמה 200 גרם,גלאט עוף,IL,מעדן שווארמה200ג,גרמים,200.00,100 גרם,false,0,13.90,6.95,true,1,
7290010193486,false,חזה הודו מעושן 400 גרם,גלאט עוף,IL,חזה הודו מעושן,גרמים,400.00,100 גרם,false,0,28.90,7.23,true,1,
7290010193523,false,פסטרמה מעודנת 400 גרם,גלאט עוף,IL,פסטרמה מעודנת,גרמים,400.00,100 גרם,false,0,21.90,5.48,true,1,
7290010193530,false,קבנוס 180 גרם,ברקאי,IL,קבנוס 180 גרם,גרמים,180.00,100 גרם,false,0,12.90,7.17,true,1,
7290010193608,false,נקניקיות עוף 3יח300*גרם,גלאט עוף,IL,נקניקיות עוף,גרמים,900.00,100 גרם,false,0,19.90,2.21,true,1,
7290010193615,false,נקניק תה + פסטרמה 600 גר,גלאט עוף,IL,נקניק תה+פסטרמה,גרמים,600.00,100 גרם,false,0,22.90,3.82,true,1,
7290010193837,false,"נגיסי עוף 2 ק""ג",גלאט עוף,IL,נגיסי עוף,קילוגרמים,2.00,"ק""ג",false,0,59.90,29.95,true,1,
7290010193844,false,"טבעות עוף 1.8 ק""ג",גלאט עוף,IL,טבעות עוף,קילוגרמים,1.80,"ק""ג",false,0,59.90,33.28,true,1,
7290010193875,false,נקניקיות עוף גלאט עוף,גלאט עוף,IL,נקניקיות עוף,קילוגרמים,1.50,"ק""ג",false,0,29.90,19.93,true,1,
7290010193929,false,שניצלונים בשומשום 1.3 קג,גלאט עוף,IL,שניצלונים שומשום,קילוגרמים,1.30,"ק""ג",false,1,59.90,46.08,true,1,
7290010193981,false,נקניק הודו 400 גרם,,IL,נקניק הודו 400גר,גרמים,400.00,100 גרם,false,1,24.90,6.23,true,1,
7290010193998,false,קישקע פרווה 700 גרם,גלאט עוף,IL,קישקע פרווה,גרמים,700.00,100 גרם,false,1,17.90,2.56,true,1,
7290010237531,false,פפסי בקבוק,,IL,פפסי בקבוק,מיליליטרים,500.00,"100 מ""ל",false,0,2.90,0.58,true,1,
7290010237562,false,מירינדה,,IL,מירינדה,מיליליטרים,500.00,"100 מ""ל",false,0,2.90,0.58,true,1,
7290010237579,false,סבנ אפ,,IL,סבנ אפ,מיליליטרים,500.00,"100 מ""ל",false,0,2.90,0.58,true,1,
7290010237586,false,סבנ אפ דיאט,,IL,סבנ אפ דיאט,מיליליטרים,500.00,"100 מ""ל",false,0,2.90,0.58,true,1,
7290010237784,false,"מכבי שנדי ליים 330*6 מ""ל","טמפו משקאות בע""\מ",IL,מכבי שנדי 6 יח,ליטרים,1.98,ליטר,false,0,29.90,15.10,true,1,
7290010259953,false,עוגיות בישקוטים 400 גרם,,PT,עוגיות בישקוטים,גרמים,400.00,100 גרם,false,0,9.90,2.48,true,1,
7290010329984,false,שוק. צ'יפס מריר60% 250ג,כרמית תעשיות ממתקים בעמ,IL,שוקולד צ'יפס,גרמים,250.00,100 גרם,false,0,8.90,3.56,true,1,
7290010429301,false,מעדן תות 100%פרי 250 גרם,"ב.א. מזון בע""\מ",IL,מעדן תות,גרמים,250.00,100 גרם,false,0,11.90,4.76,true,1,
7290010429554,false,"שמן זית 2 קלאסי 750מ""ל",מכוורת יד מרדכי שטראוס ב,IL,שמן זית 2 קלאסי,מיליליטרים,750.00,"100 מ""ל",false,0,32.90,4.39,true,1,
7290010471669,false,דנונה בר תות קורנפ175.גר,"שטראוס בריאות בע""\מ",IL,דנונה בר תות,גרמים,175.00,100 גרם,false,0,4.30,2.46,true,1,
7290010472307,false,גמדים לשתיה תות בננ100*8,"שטראוס בריאות בע""\מ",IL,גמדים לשתיה 8 יח,מיליליטרים,800.00,"100 מ""ל",false,0,19.90,2.49,true,1,
7290010472390,false,דני שוקולד 125*8גרם,"שטראוס גרופ בע""\מ",IL,דני שוקולד 8 יח',קילוגרמים,1.00,"ק""ג",false,0,14.90,14.90,true,1,
7290010569052,false,גלידה משפחתית 5 טעמים,"גלידת שטראוס בע""\מ",IL,גלידה משפחתית,ליטרים,2.00,ליטר,false,0,19.90,9.95,true,1,
7290010609956,false,מרשמלו ורוד לבן 150 גרם,"טחנת האבן תעשיות בע""מ",IL,מרשמלו 150גרם,גרמים,150.00,100 גרם,false,1,3.90,2.60,true,1,
7290010617104,false,מהדקי כביסה,,IL,מהדקי כביסה,יחידה,1.00,יחידה,false,0,4.90,4.90,true,1,
7290010617241,false,מוצץ פרח זוג בינוני,אריסטוקרט,TH,מוצץ פרח זוג,יחידה,1.00,יחידה,false,0,15.90,15.90,true,1,
7290010617258,false,מוצץ פרח זוג קטן,אריסטוקרט,TH,מוצץ פרח זוג,יחידה,1.00,יחידה,false,0,15.90,15.90,true,1,
7290010617906,false,מברשת לניקוי בקבוקים,אריסטוקרט,IL,מברשת לניקוי,יחידה,1.00,יחידה,false,0,12.90,12.90,true,1,
7290010617968,false,קסמי שיניים דנטלים,אריסטוקרט,,קסמי שיניים דנטלים,יחידה,1.00,יחידה,false,0,8.90,8.90,true,1,
7290010748525,false,מרכך לילדים סרקל פורטה,פישר מעבדות פרמצבטיות בע,IL,מרכך סרקל פורטה,מיליליטרים,750.00,"100 מ""ל",false,0,22.90,3.05,true,1,
7290010827886,false,מגבונים לתינוק 72 דף,דינמיק,IL,מגבונים לתינוק,יחידה,1.00,יחידה,false,1,1.90,1.90,true,1,
7290010838219,false,ממתיק סטיביה 100שק,"קיפל טבליות וממתיקים בע""",IL,ממתיק מרמולייט,גרמים,100.00,100 גרם,false,0,29.90,29.90,true,1,
7290010838424,false,"דאק לאסלה רענן 750*2 מ""ל",ג'ונסון,NL,דאק לאסלה זוג,ליטרים,1.50,ליטר,false,0,16.90,11.27,true,1,
7290010838431,false,דאק לאסלה ניחוח ים750*2מ,אס.סי.ג'\ונסון מידרכט,NL,דאק לאסלה זוג,ליטרים,1.50,ליטר,false,0,16.90,11.27,true,1,
7290010883042,false,סנובון נוזלי רענן 750 מל,סנו מפעלי ברונוס בעמ,IL,סנובון נוזלי,מיליליטרים,750.00,"100 מ""ל",false,0,7.90,1.06,true,1,
7290010883356,false,סנו סושי כפפות אלוורה XL,סנו,IL,סנו סושי כפפות,יחידה,1.00,יחידה,false,0,8.90,8.90,true,1,
7290010883370,false,סנו סושי כפפות אלוורה M,סנו,CN,סנו סוש כפפות,יחידה,1.00,יחידה,false,0,8.90,8.90,true,1,
7290010931330,false,סלט מטבוחה 500 גרם,"שטראוס גרופ בע""\מ",IL,סלט מטבוחה אחלה,גרמים,500.00,100 גרם,false,0,14.90,2.98,true,1,
7290010945146,false,קוטג' 3%רכיבים טביעי250ג,טרה,IL,קוטג'  3%  250גר,גרמים,250.00,100 גרם,false,0,4.90,1.96,true,1,
7290010945306,false,חלב 3% בקרטון 2 ליטר,טרה,IL,חלב 3%  בקרטון,ליטרים,2.00,ליטר,false,0,9.90,4.95,true,1,
7290010945450,false,גבינה לבנה 3% 250 גרם,טרה,IL,גבינה לבנה3%,גרמים,250.00,100 גרם,false,0,4.50,1.80,true,1,
7290010945481,false,גבינה לבנה 5% 500 גרם,טרה,IL,גבינה לבנה 5%,גרמים,500.00,100 גרם,false,0,8.90,1.78,true,1,
7290010963706,false,סט כפות מעץ 3 יחידות,,IL,סט כפות מעץ,יחידה,1.00,יחידה,false,0,7.90,7.90,true,1,
7290011018184,false,פיוז תה אפרסק,,IL,פיוז תה אפרסק,מיליליטרים,500.00,"100 מ""ל",false,0,4.90,0.98,true,1,
7290011018191,false,פיוז תה אפרסק,,IL,פיוז תה אפרסק,מיליליטרים,500.00,"100 מ""ל",false,0,4.90,0.98,true,1,
7290011018252,false,תה מנגו אננס,,IL,תה מנגו אננס,ליטרים,1.50,ליטר,false,0,6.90,4.60,true,1,
7290011018283,false,פיוז תה אפרסק,,IL,פיוז תה אפרסק,ליטרים,1.50,ליטר,false,0,6.90,4.60,true,1,
7290011018306,false,פיוז תה אפרסק,,IL,פיוז תה אפרסק,ליטרים,1.50,ליטר,false,0,6.90,4.60,true,1,
7290011018313,false,פיוז תה אפרסק4יח,,IL,פיוז תה אפרסק4יח,ליטרים,6.00,ליטר,false,0,24.90,4.15,true,1,
7290011018580,false,פיוז תה ענבים,,IL,פיוז תה ענבים,ליטרים,1.50,ליטר,false,0,6.90,4.60,true,1,
7290011018832,false,"קוקה קולה 330*6 מ""ל",החברה המרכזית לייצור משק,IL,קוקה קולה 6פחיות,ליטרים,1.98,ליטר,false,0,18.90,9.55,true,1,
7290011018917,false,"קוקה קולה זירו 330*6 מ""ל",החברה המרכזית לייצור משק,IL,קוקה קולה זירו6י,ליטרים,1.98,ליטר,false,0,18.90,9.55,true,1,
7290011051136,false,שוופס סודה 1.5*4 ליטר,"יפאורה תבורי בע""\מ",IL,שוופס סודה 4 יח',ליטרים,6.00,ליטר,false,0,9.90,1.65,true,1,
7290011051341,false,שוופס סודה לימון 1.5*4 ל,"יפאורה תבורי בע""\מ",IL,סודה לימון 4 יח,ליטרים,6.00,ליטר,false,0,9.90,1.65,true,1,
7290011051372,false,שוופס מ.עדין תפו.ליים1.5,"יפאורה תבורי בע""\מ",IL,שוופס תפוח ליים,ליטרים,1.50,ליטר,false,0,6.00,4.00,true,1,
7290011051389,false,שוופס מ.עדין פ.יער 1.5 ל,"יפאורה תבורי בע""\מ",IL,שוופס פירות יער,ליטרים,1.50,ליטר,false,0,6.00,4.00,true,1,
7290011051396,false,שוופס מ.עדין אפרסק 1.5 ל,"יפאורה תבורי בע""\מ",IL,שוופס אפרסק,ליטרים,1.50,ליטר,false,0,6.00,4.00,true,1,
7290011051488,false,תה ספרינג אפרסק 1.5 ליטר,"יפאורה תבורי בע""\מ",IL,ספרינג תה אפרסק,ליטרים,1.50,ליטר,false,0,5.90,3.93,true,1,
7290011051495,false,תה ספרינג ירוק לימון1.5ל,"יפאורה תבורי בע""\מ",IL,תה ספרינג ירוק,ליטרים,1.50,ליטר,false,0,5.90,3.93,true,1,
7290011051518,false,תה ספרינג דיאט אפרסק1.5ל,"יפאורה תבורי בע""\מ",IL,תה ספרינג דיאט,ליטרים,1.50,ליטר,false,0,5.90,3.93,true,1,
7290011051655,false,שוופס מ.עדין ריזלינג 1.5,"יפאורה תבורי בע""\מ",IL,שוופס ריזלינג,ליטרים,1.50,ליטר,false,0,6.00,4.00,true,1,
7290011051938,false,תפוזינה תפוח רענן 1.5 ל',"יפאורה תבורי בע""\מ",IL,תפוזינה תפוח,ליטרים,1.50,ליטר,false,0,5.90,3.93,true,1,
7290011081492,false,קרמיסימו שלושה שוקולדים,"גלידת שטראוס בע""\מ",IL,קרמיסימו שוקולדי,ליטרים,1.33,ליטר,false,0,17.90,13.46,true,1,
7290011081690,false,קרמיסימו פרווה שוקו/וניל,"גלידת שטראוס בע""\מ",IL,קרמיסימו פרווה ש,ליטרים,1.33,ליטר,false,0,17.90,13.46,true,1,
7290011108717,false,"גזר 1 ק""ג קטיף הארץ",,IL,"גזר מגורד בד""ץ 1",גרמים,1000.00,100 גרם,false,1,17.90,1.79,true,1,
7290011108724,false,"כרוב לבן 1 ק""ג קטיף הארץ",,IL,"כרוב לבן 1 ק""ג ק",גרמים,1000.00,100 גרם,false,1,17.90,1.79,true,1,
7290011108731,false,"כרוב אדום 1 ק""ג קטיף האר",,IL,"כרוב אדום 1 ק""ג",גרמים,1000.00,100 גרם,false,1,17.90,1.79,true,1,
7290011108748,false,"סלט קולסלאו 1 ק""ג קטיף ה",,IL,"סלט קולסלאו 1 ק""",גרמים,1000.00,100 גרם,false,1,17.90,1.79,true,1,
7290011108779,false,גזר 400 גר' קטיף הארץ,,IL,"גזר מגורד בד""ץ 4",גרמים,400.00,100 גרם,false,1,11.90,2.98,true,1,
7290011108786,false,כרוב לבן  400  קטיף הארץ,,IL,"כרוב לבן בד""ץ 40",גרמים,400.00,100 גרם,false,1,11.90,2.98,true,1,
7290011108793,false,כרוב אדום 400 גר' קטיף ה,,IL,"כרוב אדום בד""ץ 4",גרמים,400.00,100 גרם,false,1,11.90,2.98,true,1,
7290011108809,false,סלט קולסלאו 400 גר' קטיף,,IL,סלט קולסלאו 400,גרמים,400.00,100 גרם,false,1,11.90,2.98,true,1,
7290011115159,false,סבון נקה 7 מועשר 4*100גר,גליל כימיקלים בעמ,IL,סבון נקה 4X 7,גרמים,400.00,100 גרם,false,0,8.90,2.23,true,1,
7290011115203,false,סבון נקה 7 ורוד 100*4 גר,קוסמופארם בע'\'\מ,IL,סבון נקה 7 4 יח,גרמים,400.00,100 גרם,false,0,8.90,2.23,true,1,
7290011115241,false,סבון נקה 7 ורוד100X4גרם,,IL,סבון נקה 4X 7,גרמים,400.00,100 גרם,false,0,8.90,2.23,true,1,
7290011126452,false,חליטת קמומיל+נענע25ש1.5*,ויסוצקי,IL,חליטת קמומיל,גרמים,37.00,100 גרם,false,0,15.90,42.97,true,1,
7290011133252,false,סודה למון ליים 1.5*4ליטר,טמפו משקאות בעמ,IL,סודה למון 4 יח,ליטרים,6.00,ליטר,false,1,9.90,1.65,true,1,
7290011133368,false,"מכבי שנדי תפוח 330*6 מ""ל","טמפו משקאות בע""מ",IL,מכבי שנדי 6 יח,ליטרים,1.98,ליטר,false,0,29.90,15.10,true,1,
7290011133375,false,"מכבי שנדי אפרסק 330*6מ""ל","טמפו משקאות בע""מ",IL,מכבי שנדי 6 יח,ליטרים,1.98,ליטר,false,0,29.90,15.10,true,1,
7290011148904,false,פלפל צילי חריף יחידה,ירקט,IL,פלפל צילי חריף,יחידה,1.00,יחידה,false,0,5.90,5.90,true,1,
7290011154028,false,תרכיז תפו'ע,,IL,תרכיז תפו'ע,ליטרים,1.20,ליטר,false,0,32.90,27.42,true,1,
7290011154035,false,"תרכיז תפוחים סחוט 500מ""ל",,IL,תרכיז תפוחים,מיליליטרים,500.00,"100 מ""ל",false,1,14.90,2.98,true,1,
7290011154042,false,"ממרח תמרים בד""ץ 450 גרם",,IL,"ממרח תמרים בד""ץ",גרמים,450.00,100 גרם,false,1,5.90,1.31,true,1,
7290011154080,false,"תרכיז תפוחים צלול 500מ""ל",,IL,תרכיז תפוחים,מיליליטרים,500.00,"100 מ""ל",false,0,14.90,2.98,true,1,
7290011154103,false,"רסק תפו""ע",,IL,"רסק תפו""ע",גרמים,560.00,100 גרם,false,0,6.90,1.23,true,1,
7290011154110,false,"רסק תפו""ע",,IL,"רסק תפו""ע",גרמים,560.00,100 גרם,false,0,6.90,1.23,true,1,
7290011154134,false,סילאן צנצנת,,IL,סילאן צנצנת,גרמים,900.00,100 גרם,false,0,13.90,1.54,true,1,
7290011154301,false,ממרח תמרים 450 ג,,IL,ממרח תמרים 450 ג,גרמים,450.00,100 גרם,false,0,5.90,1.31,true,1,
7290011154318,false,סילאן טבעי ללא סוכר 900,טעמי הגליל,IL,סילאן טבעי,גרמים,900.00,100 גרם,false,1,19.90,2.21,true,1,
7290011174118,false,חומוס גרגירים ויטה 580גר,פרי הגליל בעמ,IL,חומוס גרגירים,גרמים,580.00,100 גרם,false,0,4.90,0.84,true,1,
7290011174156,false,תירס גרעינים ויטה 550גרם,פרי הגליל בעמ,IL,תירס גרעינים,גרמים,550.00,100 גרם,false,0,4.90,0.89,true,1,
7290011174187,false,אפונה גינה ויטה 580 גרם,פרי גליל,IL,אפונה גינה,גרמים,580.00,100 גרם,false,0,4.90,0.84,true,1,
7290011174194,false,אפונה גינה וגזר ויטה550ג,פרי גליל,IL,אפונה וגזר,גרמים,550.00,100 גרם,false,0,4.90,0.89,true,1,
7290011174392,false,שעועית לבנה אפויה 570 גר,פרי הגליל בעמ,IL,שעועית אפויה,גרמים,570.00,100 גרם,false,0,4.90,0.86,true,1,
7290011174491,false,תירס לייט ויטה 550 גרם,פרי הגליל בעמ,IL,תירס לייט,גרמים,550.00,100 גרם,false,0,5.90,1.07,true,1,
7290011194215,false,דניאלה בננה 88 גרם,"שטראוס גרופ בע""\מ",IL,דניאלה בננה,גרמים,88.00,100 גרם,false,0,3.90,4.43,true,1,
7290011194246,false,קוטג' 5% שומן 250 גרם,"שטראוס בריאות בע""\מ",IL,קוטג' 5% שומן,גרמים,250.00,100 גרם,false,0,5.60,2.24,true,1,
7290011202019,false,גרעיני חמניה קלופים 100,דרומה,IL,גרעיני חמניה,גרמים,100.00,100 גרם,false,1,4.00,4.00,true,1,
7290011202026,false,שקד מולבן פרוס,,IL,שקד מולבן פרוס,גרמים,100.00,100 גרם,false,0,11.90,11.90,true,1,
7290011202316,false,גריל עוף 80 גרם,,IL,גריל עוף 80 גרם,גרמים,80.00,100 גרם,false,0,3.50,4.38,true,1,
7290011202323,false,פפריקה חריפה80ג,,IL,פפריקה חריפה80ג,גרמים,80.00,100 גרם,false,0,3.50,4.38,true,1,
7290011202330,false,כמון בשקית50גרם,,IL,כמון בשקית50גרם,גרמים,50.00,100 גרם,false,0,3.50,7.00,true,1,
7290011202354,false,כורכום בשקית80גר,,IL,כורכום בשקית80גר,גרמים,80.00,100 גרם,false,0,3.50,4.38,true,1,
7290011202361,false,אורגנו בשקית,,,אורגנו בשקית,גרמים,30.00,100 גרם,false,0,3.50,11.67,true,1,
7290011202378,false,קינמון 80 גרם,,IL,קינמון 80 גרם,גרמים,80.00,100 גרם,false,0,3.50,4.38,true,1,
7290011202385,false,מלח לימון בשקית,,,מלח לימון בשקית,גרמים,80.00,100 גרם,false,0,3.50,4.38,true,1,
7290011202408,false,שביבי בצל בשקית,,IL,שביבי בצל בשקית,גרמים,40.00,100 גרם,false,0,3.50,8.75,true,1,
7290011202415,false,סודה לשתיה,,,סודה לשתיה,גרמים,200.00,100 גרם,false,0,3.50,1.75,true,1,
7290011202620,false,פלפל שחור,,IL,פלפל שחור,גרמים,80.00,100 גרם,false,0,8.90,11.13,true,1,
7290011202637,false,פפריקה חריפה 80 גרם,דרומה,IL,פפריקה חריפה,גרמים,80.00,100 גרם,false,0,4.90,6.13,true,1,
7290011202644,false,קינמון 80 גרם,דרומה,IL,קינמון,גרמים,80.00,100 גרם,false,0,4.90,6.13,true,1,
7290011202668,false,סודה לשתיה,,IL,סודה לשתיה,גרמים,150.00,100 גרם,false,0,4.90,3.27,true,1,
7290011202675,false,מלח לימון,,IL,מלח לימון,גרמים,80.00,100 גרם,false,0,4.90,6.13,true,1,
7290011202682,false,כמון דרומה 80 גרם,דרומה,IL,כמון דרומה,גרמים,1000.00,100 גרם,false,1,4.90,0.49,true,1,
7290011202699,false,שום גביש - דרומה 80 גרם,דרומה,IL,שום גביש - דרומה,גרמים,80.00,100 גרם,false,1,4.90,6.13,true,1,
7290011202705,false,אבקת שום 80 גרם,דרומה,IL,אבקת שום,גרמים,80.00,100 גרם,false,1,4.90,6.13,true,1,
7290011202729,false,כורכום 80 גרם,דרומה,IL,כורכום,גרמים,80.00,100 גרם,false,1,4.90,6.13,true,1,
7290011202750,false,עלי דפנה 20 גרם,דרומה,IL,עלי דפנה,גרמים,20.00,100 גרם,false,1,4.90,24.50,true,1,
7290011202781,false,שביבי בצל 50 גרם,דרומה,IL,שביבי בצל,גרמים,50.00,100 גרם,false,1,4.90,9.80,true,1,
7290011202835,false,פפריקה מתוקה קופסה 300 ג,,IL,פפריקה מתוקה קופסה 300 ג,גרמים,300.00,100 גרם,false,0,11.90,3.97,true,1,
7290011202842,false,פלפל שחור,,IL,פלפל שחור,גרמים,300.00,100 גרם,false,0,19.90,6.63,true,1,
7290011202859,false,פפריקה חריפה,,IL,פפריקה חריפה,גרמים,300.00,100 גרם,false,0,11.90,3.97,true,1,
7290011202866,false,מלח לימון צנצנת,,IL,מלח לימון צנצנת,גרמים,300.00,100 גרם,false,0,11.90,3.97,true,1,
7290011202873,false,סודה לשתיה 600 גרם,דרומה,IL,סודה לשתיה,גרמים,600.00,100 גרם,false,0,11.90,1.98,true,1,
7290011202880,false,קינמון קופסה,,IL,קינמון קופסה,גרמים,300.00,100 גרם,false,0,11.90,3.97,true,1,
7290011202897,false,אבקת שום 300 גרם,דרומה,IL,אבקת שום,גרמים,300.00,100 גרם,false,0,11.90,3.97,true,1,
7290011202910,false,כורכום 300 גרם,דרומה,IL,כורכום,גרמים,300.00,100 גרם,false,0,11.90,3.97,true,1,
7290011231620,false,4 סוללות אלקליין AA,,CN,4 סוללות אלקליין,יחידה,1.00,יחידה,false,1,7.50,7.50,true,1,
7290011231637,false,4 סוללות אלקליין AAA,,CN,4 סוללות אלקליין,יחידה,1.00,יחידה,false,1,7.50,7.50,true,1,
7290011236397,false,שמן זית כתית,,ES,שמן זית כתית,ליטרים,1.00,ליטר,false,0,29.90,29.90,true,1,
7290011239213,false,חטיפים מתוקים -מחרום,בני ריאד מחרום,IL,חטיפים מתוקים,יחידה,1.00,יחידה,false,0,6.00,6.00,true,1,
7290011239404,false,חטיפים שונים ארוזים330ג,בני ריאד מחרום,IL,חטיפים ארוזים,גרמים,330.00,100 גרם,false,0,13.90,4.21,true,1,
7290011240134,false,בית סבא מוסקט לבן 1 ליטר,יקבי ציון,IL,בית סבא מוסקט,ליטרים,1.00,ליטר,false,1,16.90,16.90,true,1,
7290011240141,false,דיפלומט תפוזים,,,דיפלומט תפוזים,מיליליטרים,700.00,"100 מ""ל",false,0,79.90,11.41,true,1,
7290011240332,false,תירוש ענבים אדום 1ל',יקבי ציון,IL,תירוש ענבים,ליטרים,1.00,ליטר,false,0,12.90,12.90,true,1,
7290011240868,false,"מוסקטו אדום 750 מ""ל",יקבי ציון,IL,מוסקטו אדום,מיליליטרים,750.00,"100 מ""ל",false,0,24.90,3.32,true,1,
7290011240905,false,"מוסקטו לבן 750 מ""ל",יקבי ציון,IL,מוסקטו לבן,מיליליטרים,750.00,"100 מ""ל",false,0,24.90,3.32,true,1,
7290011249748,false,רולים בטעם שוקו,,IL,רולים בטעם שוקו,גרמים,100.00,100 גרם,false,0,3.90,3.90,true,1,
7290011249755,false,רולים טעם אגוז,,IL,רולים טעם אגוז,גרמים,100.00,100 גרם,false,0,3.90,3.90,true,1,
7290011254018,false,שעועית מש 500 גרם,מיה תעשיות מזון מ.ת.מ. ב,IL,שעועית מש,גרמים,500.00,100 גרם,false,0,6.90,1.38,true,1,
7290011254025,false,דוחן 500 גרם,מיה תעשיות מזון מ.ת.מ. ב,IL,דוחן,גרמים,500.00,100 גרם,false,0,7.90,1.58,true,1,
7290011254063,false,עדשים שחורים 500 גרם,מיה תעשיות מזון מ.ת.מ. ב,IL,עדשים שחורים,גרמים,500.00,100 גרם,false,0,7.90,1.58,true,1,
7290011254070,false,פלפל שחור שקית 50 גרם,מיה תעשיות מזון מ.ת.מ. ב,IL,פלפל שחור שקית,גרמים,50.00,100 גרם,false,0,6.90,13.80,true,1,
7290011254087,false,קינמון שקית 80 גרם,מיה תעשיות מזון מ.ת.מ. ב,IL,קינמון שקית,גרמים,80.00,100 גרם,false,0,3.90,4.88,true,1,
7290011254094,false,כמון בשקית 80 גרם,מיה תעשיות מזון מ.ת.מ. ב,IL,כמון בשקית,גרמים,80.00,100 גרם,false,0,3.90,4.88,true,1,
7290011254100,false,כרכום שקית 80 גרם,מיה תעשיות מזון מ.ת.מ. ב,IL,כרכום שקית,גרמים,80.00,100 גרם,false,0,3.90,4.88,true,1,
7290011254117,false,פפריקה מתוקה שקית 80 גרם,מיה תעשיות מזון מ.ת.מ. ב,IL,פפריקה מתוקה,גרמים,80.00,100 גרם,false,0,3.90,4.88,true,1,
7290011254124,false,פפריקה חריפה בשקית 80 גר,מיה תעשיות מזון מ.ת.מ. ב,IL,פפריקה חריפה,גרמים,80.00,100 גרם,false,0,3.90,4.88,true,1,
7290011254131,false,אורגנו 20 גרם,מיה תעשיות מזון מ.ת.מ. ב,IL,אורגנו,גרמים,20.00,100 גרם,false,0,3.90,19.50,true,1,
7290011254148,false,אבקת שום שקית 80 גרם,מיה תעשיות מזון מ.ת.מ. ב,IL,אבקת שום שקית,גרמים,80.00,100 גרם,false,0,6.90,8.63,true,1,
7290011254155,false,מלח לימון שקית 80 גרם,מיה תעשיות מזון מ.ת.מ. ב,IL,מלח לימון,גרמים,80.00,100 גרם,false,0,3.90,4.88,true,1,
7290011254162,false,פלפל לבן שקית 50גרם,מיה תעשיות מזון מ.ת.מ. ב,IL,פלפל לבן,גרמים,50.00,100 גרם,false,0,7.90,15.80,true,1,
7290011254179,false,גריל עוף שקית 80 גרם,מיה תעשיות מזון מ.ת.מ. ב,IL,גריל עוף שקית,גרמים,80.00,100 גרם,false,0,3.90,4.88,true,1,
7290011254193,false,שבבי שום 50 גרם,מיה תעשיות מזון מ.ת.מ. ב,IL,שבבי שום,גרמים,50.00,100 גרם,false,0,6.90,13.80,true,1,
7290011254209,false,גבישי שום שקית 80 גרם,מיה תעשיות מזון מ.ת.מ. ב,IL,גבישי שום,גרמים,80.00,100 גרם,false,0,6.90,8.63,true,1,
7290011254230,false,מארז תן צ'אפ טבעות 15X8ג,מיה תעשיות מזון מ.ת.מ. ב,IL,מארז תן צ'אפ,גרמים,120.00,100 גרם,false,0,7.90,6.58,true,1,
7290011254247,false,תן צאפ בטעם ברביקי15X8ג,מיה,IL,חטיף תן צ'אפ,גרמים,120.00,100 גרם,false,0,7.90,6.58,true,1,
7290011254346,false,"קינואה 1 ק""ג",מיה תעשיות מזון מ.ת.מ. ב,IL,קינואה,קילוגרמים,1.00,"ק""ג",false,0,19.90,19.90,true,1,
7290011254452,false,סוכריות ללא סוכר מנטה80ג,מיה תעשיות מזון מ.ת.מ. ב,IL,סוכריות ללא סוכר,גרמים,80.00,100 גרם,false,0,5.80,7.25,true,1,
7290011254469,false,סוכ.ללא סוכר לימון 80גרם,מיה תעשיות מזון מ.ת.מ. ב,IL,סוכריות ללא סוכר,גרמים,80.00,100 גרם,false,0,5.80,7.25,true,1,
7290011254476,false,סוכ.ללא סוכר תפוח/דוב80.,מיה תעשיות מזון מ.ת.מ. ב,IL,סוכריות ללא סוכר,גרמים,80.00,100 גרם,false,0,5.80,7.25,true,1,
7290011254483,false,סוכ.ללא סוכר אפרסק 80 גר,מיה תעשיות מזון מ.ת.מ. ב,IL,סוכריות ללא סוכר,גרמים,80.00,100 גרם,false,0,5.80,7.25,true,1,
7290011254490,false,סוכ.ללא סוכר פירות יער80,מיה תעשיות מזון מ.ת.מ. ב,IL,סוכריות ללא סוכר,גרמים,80.00,100 גרם,false,0,5.80,7.25,true,1,
7290011254582,false,חמוציות חתוכות 150 גרם,מיה תעשיות מזון מ.ת.מ. ב,IL,חמוציות,גרמים,150.00,100 גרם,false,0,7.90,5.27,true,1,
7290011254698,false,"שמן זית 750 מ""ל",מיה,ES,שמן זית,מיליליטרים,750.00,"100 מ""ל",false,0,29.90,3.99,true,1,
7290011254728,false,ג'לטין טהור מיה 25 גרם,מיה תעשיות מזון מ.ת.מ. ב,IL,ג'לטין טהור,גרמים,25.00,100 גרם,false,0,9.90,39.60,true,1,
7290011254759,false,שעועית שחורה 500 גרם,מיה תעשיות מזון מ.ת.מ. ב,IL,שעועית שחורה,גרמים,500.00,100 גרם,false,0,6.90,1.38,true,1,
7290011254766,false,שעועית לוביה 400 גרם,מיה תעשיות מזון מ.ת.מ. ב,IL,שעועית לוביה,גרמים,400.00,100 גרם,false,0,6.90,1.73,true,1,
7290011254773,false,שעועית ארגנטינאית 500 גר,מיה תעשיות מזון מ.ת.מ. ב,IL,שעועית ארגנטינאי,גרמים,500.00,100 גרם,false,0,8.90,1.78,true,1,
7290011254780,false,"שעועית ארגנטינאית 1 ק""ג",מיה תעשיות מזון מ.ת.מ. ב,IL,"שעועית 1 ק""ג",קילוגרמים,1.00,"ק""ג",false,0,16.90,16.90,true,1,
7290011254803,false,סוכריות גלי טבעות 125 גר,מיה תעשיות מזון מ.ת.מ. ב,IL,סיכריות גלי125ג,גרמים,125.00,100 גרם,false,0,4.90,3.92,true,1,
7290011254810,false,סוכריות ג'לי פירות 125 ג,מיה תעשיות מזון מ.ת.מ. ב,IL,סוכריות גלי 125ג,גרמים,125.00,100 גרם,false,0,4.90,3.92,true,1,
7290011254827,false,סוכריות גלי פלחי הדר125ג,מיה תעשיות מזון מ.ת.מ. ב,IL,סוכריות גלי 125ג,גרמים,125.00,100 גרם,false,0,4.90,3.92,true,1,
7290011254858,false,סוכריות ג'לי טרופי 125 ג,מיה תעשיות מזון מ.ת.מ. ב,IL,סוכריות ג'לי בטע,יחידה,1.00,יחידה,false,1,4.90,4.90,true,1,
7290011254964,false,סוכריות ג'לי טבעי 25ג10*,מיה,IL,סוכריות גלי10*25,גרמים,250.00,100 גרם,false,0,9.90,3.96,true,1,
7290011256999,false,כסא פלסטיק,,IL,כסא פלסטיק,יחידה,1.00,יחידה,false,1,29.90,29.90,true,1,
7290011296360,false,קטלן מקצועי 360-SE,סלמור סחר חשמל,CN,קטלן 360-SE,יחידה,1.00,יחידה,false,0,119.00,119.00,true,1,
7290011296667,false,פלטת שבת ענקית 67-SE,,IL,פלטת שבת 67-SE,יחידה,1.00,יחידה,false,0,129.00,129.00,true,1,
7290011369224,false,מערכת למקלחת,,,מערכת למקלחת,יחידה,1.00,יחידה,false,0,59.90,59.90,true,1,
7290011369279,false,צינור למקלחת,,,צינור למקלחת,יחידה,1.00,יחידה,false,0,30.90,30.90,true,1,
7290011369460,false,מזלף למקלחת,,,מזלף למקלחת,יחידה,1.00,יחידה,false,0,19.90,19.90,true,1,
7290011369736,false,מזלף למקלחת,,,מזלף למקלחת,יחידה,1.00,יחידה,false,0,27.90,27.90,true,1,
7290011372002,false,בדי בדיקה יהודית,אריסטוקרט,IL,בדי בדיקה,יחידה,1.00,יחידה,false,0,7.90,7.90,true,1,
7290011431341,false,מזלג איכותי חד פעמי 100,,TR,מזלג  חד פעמי,יחידה,1.00,יחידה,false,1,7.50,7.50,true,1,
7290011431358,false,כפיות איכותי חד פעמי 100,,TR,כפיות חד פעמי,יחידה,1.00,יחידה,false,1,5.90,5.90,true,1,
7290011431365,false,סכין איכותי חד פעמי 100,,TR,סכין חד פעמי,יחידה,1.00,יחידה,false,1,7.50,7.50,true,1,
7290011447014,false,דייסת סלט פירות 200 גרם,מטרנה תעשיות ש.מ,IL,דייסת מטרנה,גרמים,200.00,100 גרם,false,0,12.90,6.45,true,1,
7290011447120,false,מטרנה מהדרין ללא שלב700ג,מטרנה תעשיות ש.מ,IL,מטרנה מהדרין,גרמים,700.00,100 גרם,false,0,47.90,6.84,true,1,
7290011447359,false,מטרנה מהדרין שלב 1 700גר,מטרנה תעשיות ש.מ,IL,מטרנה מהדרין,גרמים,700.00,100 גרם,false,0,49.90,7.13,true,1,
7290011447373,false,מטרנה מהדרין שלב 2 700גר,מטרנה תעשיות ש.מ,IL,מטרנה מהדרין,גרמים,700.00,100 גרם,false,0,49.90,7.13,true,1,
7290011457051,false,"ליקר שוקולד 500 מ""ל",ישראליקר,IL,ליקר שוקולד,מיליליטרים,500.00,"100 מ""ל",false,0,29.90,5.98,true,1,
7290011457068,false,"ליקר וניל 500 מ""ל",ישראליקר,IL,ליקר וניל,מיליליטרים,500.00,"100 מ""ל",false,0,29.90,5.98,true,1,
7290011473464,false,סובין אורגני,,GB,סובין אורגני,גרמים,400.00,100 גרם,false,0,9.90,2.48,true,1,
7290011473662,false,אגוזי קשיו אורגני 150 גר,תבואות,VN,אגוזי קשיו,גרמים,150.00,100 גרם,false,0,24.90,16.60,true,1,
7290011498962,false,שקד לבן בכבישה קרה 300 ג,מרכז השקד,IL,שקד לבן כבישה קר,גרמים,300.00,100 גרם,false,0,29.90,9.97,true,1,
7290011499051,false,פטה כבשים 20% 250ג,מחלבות גד,IL,פטה כבשים,גרמים,250.00,100 גרם,false,0,22.90,9.16,true,1,
7290011499334,false,גבינת קממבר צאן 125 גרם,מחלבות גד,IL,גבינת קממבר,גרמים,125.00,100 גרם,false,0,17.90,14.32,true,1,
7290011499358,false,פטה עיזים 20% שומן 200 ג,מחלבות גד,IL,פטה עיזים20%,גרמים,200.00,100 גרם,false,0,22.90,11.45,true,1,
7290011499365,false,חלומי גד גב.קשה 24% 200ג,"מחלבות גד בע""\מ",IL,חלומי גד 24%,גרמים,200.00,100 גרם,false,0,15.90,7.95,true,1,
7290011499419,false,גב.שמנת ט.טבעי5% 200גרם,מחלבות גד,IL,גבינת שמנת גד5%,גרמים,200.00,100 גרם,false,0,10.90,5.45,true,1,
7290011499686,false,גבינה צפתית 5% שומן 350ג,מחלבות גד,IL,גבינה צפתית,גרמים,350.00,100 גרם,false,0,19.90,5.69,true,1,
7290011499709,false,לאבנה שמן זית+זעתר5% 250,מחלבות גד,IL,לאבנה בשמן זית,גרמים,250.00,100 גרם,false,0,14.90,5.96,true,1,
7290011499723,false,פרוסות גב.בולגרית5% 250ג,מחלבות גד,IL,גבינה בולגרית,גרמים,250.00,100 גרם,false,0,24.90,9.96,true,1,
7290011499730,false,גבינה בולגרית 5% 250 גרם,מחלבות גד,IL,גבינה בולגרית 5%,גרמים,250.00,100 גרם,false,0,21.90,8.76,true,1,
7290011499822,false,גבינה בולגרית 5%,,IL,גבינה בולגרית 5%,גרמים,250.00,100 גרם,false,0,20.90,8.36,true,1,
7290011499846,false,ריקוטה פרסקה 9%,,IL,ריקוטה פרסקה 9%,גרמים,300.00,100 גרם,false,0,14.90,4.96,true,1,
7290011499853,false,גבינת שמנת,,IL,גבינת שמנת,גרמים,200.00,100 גרם,false,0,9.90,4.95,true,1,
7290011501563,false,מיץ חמוציות,,US,מיץ חמוציות,ליטרים,1.89,ליטר,false,0,17.90,9.47,true,1,
7290011501570,false,מיץ שזיפים,,US,מיץ שזיפים,מיליליטרים,946.00,"100 מ""ל",false,0,19.90,2.10,true,1,
7290011501594,false,תערובת גרנולה מוזלי,דין שיווק,IL,תערובת בריאות,גרמים,800.00,100 גרם,false,0,14.90,1.86,true,1,
7290011514105,false,מסנן כיור,,,מסנן כיור,יחידה,1.00,יחידה,false,0,14.90,14.90,true,1,
7290011514167,false,ג'ילדה לרכב,,,ג'ילדה לרכב,יחידה,1.00,יחידה,false,0,13.90,13.90,true,1,
7290011514273,false,ואקום למטבח,,,ואקום למטבח,יחידה,1.00,יחידה,false,0,8.90,8.90,true,1,
7290011514280,false,וואקום לכיור,,,וואקום לכיור,יחידה,1.00,יחידה,false,0,6.90,6.90,true,1,
7290011514440,false,קולב על דלת,,,קולב על דלת,יחידה,1.00,יחידה,false,0,29.90,29.90,true,1,
7290011514464,false,גומיות,,,גומיות,יחידה,1.00,יחידה,false,0,7.90,7.90,true,1,
7290011514501,false,שקית ואקום,,,שקית ואקום,יחידה,1.00,יחידה,false,0,13.90,13.90,true,1,
7290011514525,false,דבק דו צדדי,,,דבק דו צדדי,יחידה,1.00,יחידה,false,0,4.90,4.90,true,1,
7290011514594,false,זוג מסננים לכיור,YIWU-KAI-WUN,CN,זוג מסננים לכיור,יחידה,1.00,יחידה,false,0,7.90,7.90,true,1,
7290011514617,false,גוניות לרכב 3X,,,גוניות לרכב 3X,יחידה,1.00,יחידה,false,0,9.90,9.90,true,1,
7290011514648,false,מתקן מפוצל לכיור,,,מתקן מפוצל לכיור,יחידה,1.00,יחידה,false,0,9.90,9.90,true,1,
7290011514716,false,סט סכינים לגילוף,,,סט סכינים לגילוף,יחידה,1.00,יחידה,false,0,9.90,9.90,true,1,
7290011514877,false,סט מסמרי כיסא,,,סט מסמרי כיסא,יחידה,1.00,יחידה,false,0,11.90,11.90,true,1,
7290011515683,false,מאגדת אקסטרים וניל 6יח,גלידות נסטלה,IL,מאגדת אקסטרים,גרמים,432.00,100 גרם,false,0,19.90,4.60,true,1,
7290011515911,false,מאגדת לייט ריבת חלב,גלידות נסטלה )נגה גלידות,IL,מאגדת לייט,גרמים,312.00,100 גרם,false,0,22.90,7.34,true,1,
7290011518561,false,"אקטימל תות 100*14 מ""ל","שטראוס בריאות בע""\מ",IL,אקטימל מארז14יח',ליטרים,1.40,ליטר,false,0,28.90,20.64,true,1,
7290011570132,false,"קמח נטול גלוטן 1 ק""ג",גלעם,IL,קמח נטול גלוטן,קילוגרמים,1.00,"ק""ג",false,0,3.90,3.90,true,1,
7290011570507,false,קמח רב תכליתי ל.גלוטן450,אשבל מזון פונקציונלי בע\,IL,קמח רב תכליתי,גרמים,450.00,100 גרם,false,1,14.90,3.31,true,1,
7290011570644,false,קמח לחם ללא גלוטן 500 גר,אשבל מזון פונקציונלי בע\,IL,קמח לחם,גרמים,500.00,100 גרם,false,1,14.90,2.98,true,1,
7290011570798,false,כרגיל תע.עוגת שוקולד450ג,אשבל מזון פונקציונלי בע\,IL,תערובת לעוגה,גרמים,450.00,100 גרם,false,1,14.90,3.31,true,1,
7290011598211,false,סנו אנטי קאלק נ.כללי700מ,סנו מפעלי ברונוס בעמ,IL,סנו אנטי קאלק,מיליליטרים,700.00,"100 מ""ל",false,0,14.90,2.13,true,1,
7290011598372,false,מטלית רצפה פרופשיונל,סנו,IL,מטלית לרצפה,יחידה,1.00,יחידה,false,0,9.90,9.90,true,1,
7290011598402,false,מרכך מקסימה מאסק 4 ל',סנו,IL,מרכך כביסה,ליטרים,4.00,ליטר,false,0,19.80,4.95,true,1,
7290011599836,false,משפר אפיה 100 גרם,"סופר קמח רובינפלד בע""מ",IL,משפר אפיה,גרמים,100.00,100 גרם,false,1,9.90,9.90,true,1,
7290011622428,false,כתמטמינים חטיף בריאות45ג,אשבל,IL,חטיף בריאות,גרמים,45.00,100 גרם,false,0,4.90,10.89,true,1,
7290011765095,false,ג'ל גילוח לעור עדין 200מ,אביאפ,TR,ג'ל גילוח קרמה,מיליליטרים,200.00,"100 מ""ל",false,0,12.90,6.45,true,1,
7290011765118,false,קצף גילוח לעור עדין 200מ,קוסמופארם,TR,קצף גילוח עדין,מיליליטרים,200.00,"100 מ""ל",false,0,9.90,4.95,true,1,
7290011765217,false,ג'ל לניקוי ידיים אלוורה,קוסמופארם,IL,ג'ל לניקוי ידיים,מיליליטרים,100.00,"100 מ""ל",false,0,9.90,9.90,true,1,
7290011765392,false,שמ.כיף ילדים בוב ספוג750,קוסמופארם בע'\'\מ,IL,שמפו כיף ילדים,מיליליטרים,750.00,"100 מ""ל",false,0,9.90,1.32,true,1,
7290011765415,false,מרכ כיף ילד בוב ספוג750מ,קוסמופארם,IL,מרכך כיף,מיליליטרים,750.00,"100 מ""ל",false,0,9.90,1.32,true,1,
7290011765422,false,אלסבון כיף בוב ספוג750מל,קוסמופארם בע'\'\מ,IL,אלסבון כיף,מיליליטרים,750.00,"100 מ""ל",false,0,7.90,1.05,true,1,
7290011765446,false,משחה אורביטול ענבים 70 ג,טרופיקל דגיל תעשיות קוסמ,IL,משחת שיניים,גרמים,70.00,100 גרם,false,0,6.90,9.86,true,1,
7290011800840,false,טחינה בלאדי רפי כהן 400ג,סלטי צבר,IL,סלט טחינה בלאדי,גרמים,400.00,100 גרם,false,0,14.90,3.73,true,1,
7290011860271,false,ביסבול טבעי 700 גרם,"תעשיות תפוגן בע""\מ",IL,ביסבול טבעי,גרמים,700.00,100 גרם,false,0,11.90,1.70,true,1,
7290011860301,false,ביסבול תירס 700 גרם,"תעשיות תפוגן בע""\מ",IL,ביסבול תירס,גרמים,700.00,100 גרם,false,0,11.90,1.70,true,1,
7290011877446,false,בייבי כיף קרם נגד גירוד,קוסמופארם בע'\'\מ,IL,בייבי כיף קרם,מיליליטרים,100.00,"100 מ""ל",false,0,9.80,9.80,true,1,
7290011877859,false,סנו אינסטלטור 200 גרם,סנו מפעלי ברונוס בעמ,IL,סנו אינסטלטור,גרמים,200.00,100 גרם,false,0,13.50,6.75,true,1,
7290011877927,false,מי פה אורביטול כחול 500מ,קוסמופארם בע'\'\מ,IL,מי פה אורביטול,מיליליטרים,500.00,"100 מ""ל",false,0,21.90,4.38,true,1,
7290011885175,false,שזיף מגולען 200ג פ.הטיב,פיצוחי הטיב,IL,שזיף מגולען,גרמים,200.00,100 גרם,false,0,11.90,5.95,true,1,
7290011889869,false,גלידה משפ' 2טעמים פרווה,שטראוס,IL,גל.משפחתית,ליטרים,2.00,ליטר,false,0,19.90,9.95,true,1,
7290011931162,false,"סוכרלוז נוזלי 220 מ""ל","ביסקול בע""מ",IL,סוכרלוז נוזלי,מיליליטרים,220.00,"100 מ""ל",false,0,24.90,11.32,true,1,
7290011963002,false,"פטרוזיליה כשר בד""ץ - יח'",משק ימיני,IL,פטרוזיליה כשר,יחידה,1.00,יחידה,false,30,4.90,4.90,true,1,
7290011963019,false,"כוסברה כשר בד""ץ - יח'",משק ימיני,IL,"כוסברה כשר בד""ץ",יחידה,1.00,יחידה,false,0,4.90,4.90,true,1,
7290011963033,false,"שמיר כשר בד""ץ - יחי'",משק ימיני,IL,"שמיר כשר בד""ץ",יחידה,1.00,יחידה,false,0,4.90,4.90,true,1,
7290011963040,false,"סלרי עלים כשר בד""ץ -יחי'",משק ימיני,IL,"סלרי כשר בד""ץ",יחידה,1.00,יחידה,false,0,5.90,5.90,true,1,
7290011963064,false,"חסה כשר בד""ץ - יחי'",משק ימיני,IL,"חסה כשר בד""ץ",יחידה,1.00,יחידה,false,0,5.90,5.90,true,1,
7290011963071,false,"כרוב לבן כשר בד""ץ",משק ימיני,IL,"כרוב לבן כשר בד""",קילוגרמים,0.00,"ק""ג",true,0,12.90,12.90,true,1,
7290011963088,false,"כרוב אדום כשר בד""ץ",משק ימיני,IL,כרוב אדום כשר בד,קילוגרמים,0.00,"ק""ג",true,1,12.90,12.90,true,1,
7290011963095,false,"בצל ירוק כשר בד""ץ - יחי'",משק ימיני,IL,"בצל ירוק כשר בד""",יחידה,1.00,יחידה,false,0,5.90,5.90,true,1,
7290011963231,false,חסה לבבות כשר - יח',משק ימיני,IL,חסה לבבות כשר,יחידה,1.00,יחידה,false,10,9.90,9.90,true,1,
7290011966218,false,קומקום חשמלי נירוסטה,,CN,קומקום חשמלי,יחידה,1.00,יחידה,false,1,49.90,49.90,true,1,
7290011966409,false,שואב אבק יבש רטוב,,CN,שואב אבק יבש,יחידה,1.00,יחידה,false,1,299.00,299.00,true,1,
7290011967307,false,מסחטת מיץ,,CN,מסחטת מיץ,יחידה,1.00,יחידה,false,1,59.00,59.00,true,1,
7290011967512,false,מיחם 40 כוסות+צומת,,IL,מיחם+צומת,יחידה,1.00,יחידה,false,1,179.00,179.00,true,1,
7290011967543,false,טוסטר לחיצה,,CN,טוסטר לחיצה,יחידה,1.00,יחידה,false,1,59.90,59.90,true,1,
7290011977627,false,סרדינים בשמן,,MA,סרדינים בשמן,גרמים,125.00,100 גרם,false,0,3.90,3.12,true,1,
7290011977634,false,סרדינים עם חריף,,,סרדינים עם חריף,גרמים,125.00,100 גרם,false,0,3.90,3.12,true,1,
7290011977641,false,סרדינים שמן לימו,,,סרדינים שמן לימו,גרמים,125.00,100 גרם,false,0,3.90,3.12,true,1,
7290011977665,false,סרדינים ברוטב,,,סרדינים ברוטב,גרמים,125.00,100 גרם,false,0,3.90,3.12,true,1,
7290012008634,false,יומי ויטמין C בטעם פטל,אלטמן,IL,יומיC בטעם פטל,יחידה,1.00,יחידה,false,0,49.90,49.90,true,1,
7290012022005,false,קריספיות טבעי,דילייט,IL,קריספיות טבעי,גרמים,60.00,100 גרם,false,0,11.90,19.83,true,1,
7290012022050,false,קריספיות מרובה דגנים 75ג,דילייט,IL,קריספיות דגנים,גרמים,75.00,100 גרם,false,0,11.90,15.87,true,1,
7290012022067,false,קריספיות קידס 30 גרם,דילייט,IL,קריספיות קידס,גרמים,30.00,100 גרם,false,0,10.90,36.33,true,1,
7290012025822,false,סלט סלק 400 גרם,סלטי שמיר,IL,סלט סלק,גרמים,400.00,100 גרם,false,1,9.90,2.48,true,1,
7290012025839,false,מטבוחה אסלי 400 גרם,סלטי שמיר,IL,מטבוחה אסלי,גרמים,400.00,100 גרם,false,0,9.90,2.48,true,1,
7290012052316,false,גרנולה תענוג שפע פירות1ק,רפאלס,IL,גרנולה,קילוגרמים,1.00,"ק""ג",false,1,22.90,22.90,true,1,
7290012052323,false,"גרנ.תענוג מיזלי מיקס1ק""ג",רפאלס,IL,גרנולה תענוג,קילוגרמים,1.00,"ק""ג",false,1,22.90,22.90,true,1,
7290012052330,false,גרנולה תענוג חלבה ותמר1ק,רפאלס,IL,גרנולה,קילוגרמים,1.00,"ק""ג",false,1,22.90,22.90,true,1,
7290012052347,false,גרנולה תענוג צימוק/שקד1ק,רפאלס,IL,גרנולה,קילוגרמים,1.00,"ק""ג",false,1,22.90,22.90,true,1,
7290012052460,false,תערובת פינוק לסלט 250גרם,רפאלס,IL,תערובת לסלט,גרמים,250.00,100 גרם,false,1,14.90,5.96,true,1,
7290012052477,false,תערובת לסלט עשבי תיבול 2,רפאלס,IL,תערובת לסלט,גרמים,250.00,100 גרם,false,1,14.90,5.96,true,1,
7290012071003,false,משחה לתינוק,,IL,משחה לתינוק,גרמים,200.00,100 גרם,false,0,19.90,9.95,true,1,
7290012086113,false,עגבניה שרי אשכולות מובחר,,IL,שרי אשכולות,גרמים,460.00,100 גרם,false,0,8.90,1.93,true,1,
7290012116551,false,"סנו אנטי קאלק רב""ש 2ליטר",סנו מפעלי ברונוס בעמ,IL,סנו אנטי קאלק,ליטרים,2.00,ליטר,false,0,19.90,9.95,true,1,
7290012116612,false,4 מברשות שיניים אורביטול,קוסמופארם,CN,4 מברשות שיניים,יחידה,1.00,יחידה,false,0,9.90,9.90,true,1,
7290012116629,false,סנו די לתינוקות לילדים50,סנו מפעלי ברונוס בעמ,IL,סנו די לתינוקות,מיליליטרים,50.00,"100 מ""ל",false,0,17.90,35.80,true,1,
7290012116674,false,"דאו.ג'ל אקטיב קול 70 מ""ל",,IL,דאו.ג'ל קול,מיליליטרים,70.00,"100 מ""ל",false,0,12.90,18.43,true,1,
7290012116735,false,נ.טואלט סופט גל.כפול24גל,סנו מפעלי ברונוס בעמ,IL,נייר טואלט סופט,מטרים,900.00,100 מטר,false,0,32.90,3.66,true,1,
7290012117039,false,"סנו""00"" לניקוי אמבטיה 1ל",סנו מפעלי ברונוס בעמ,IL,"סנו ""00"" לאמבטיה",ליטרים,1.00,ליטר,false,0,6.90,6.90,true,1,
7290012117275,false,סנוקליר שקית מילוי 750מל,סנו מפעלי ברונו בעמ,IL,סנוקליר מילוי,מיליליטרים,750.00,"100 מ""ל",false,0,5.90,0.79,true,1,
7290012117350,false,סנו ריצפז פרש לילך 2ליטר,"סנו מפעלי ברונוס בע""\מ",IL,סנו ריצפז,ליטרים,2.00,ליטר,false,0,14.90,7.45,true,1,
7290012117534,false,מרכ.מקסימה ס.מרוכז קול1ל,"סנו מפעלי ברונוס בע""\מ",IL,מקסימה ס.מרוכז,ליטרים,1.00,ליטר,false,0,14.90,14.90,true,1,
7290012117558,false,מרכ.מקסימה ס.מרוכז מסק1ל,"סנו מפעלי ברונוס בע""\מ",IL,מקסימה ס.מרוכז,ליטרים,1.00,ליטר,false,0,14.90,14.90,true,1,
7290012117732,false,מרכך כב.מקסימה 4COOLליטר,סנו,IL,מרכך מקסימה COOL,ליטרים,4.00,ליטר,false,0,19.80,4.95,true,1,
7290012117916,false,אינסטלטור נוזלי,,IL,אינסטלטור נוזלי,ליטרים,1.00,ליטר,false,0,23.90,23.90,true,1,
7290012172021,false,רשתות זוג לכיור נירוסטה,.,IL,זוג מסננות כיור יח,יחידה,1.00,יחידה,false,0,7.90,7.90,true,1,
7290012172137,false,סט סכיני אוניברסל 6 יח',,IL,סט סכיני אוניברס,יחידה,1.00,יחידה,false,1,16.90,16.90,true,1,
7290012172274,false,"מסננת רגל נירוסטה 28 ס""מ",,IL,מסננת נירוסטה,יחידה,1.00,יחידה,false,1,24.90,24.90,true,1,
7290012172458,false,סופר גלו איכותי יח,.,IL,סופר גלו איכותי יח,יחידה,1.00,יחידה,false,0,6.90,6.90,true,1,
7290012193163,false,סבון פמילי ורוד משאבה1ל,אינטרקוסמא,TR,סבון פמילי,ליטרים,1.00,ליטר,false,0,11.90,11.90,true,1,
7290012212055,false,קוקטייל זיתים ישראלי 560,שימורי מוטולה בעמ,IL,קוקטייל זיתים,גרמים,560.00,100 גרם,false,1,9.90,1.77,true,1,
7290012212062,false,"טבעות זיתים 3 ק""ג",שימורי מוטולה בעמ,IL,טבעות זיתים,קילוגרמים,3.00,"ק""ג",false,1,34.90,11.63,true,1,
7290012227592,false,זוג כפרית חרמון+תה350*2ג,זוגלובק,IL,זוג חרמון+תה,גרמים,700.00,100 גרם,false,0,24.90,3.56,true,1,
7290012227608,false,חרמון+ברביקיו 300*2 גרם,זוגלובק,IL,חרמון+ברביקיו,גרמים,600.00,100 גרם,false,0,24.90,4.15,true,1,
7290012227615,false,נקניקיות עוף 800 גרם,זוגלובק,IL,נקניקיות עוף800ג,גרמים,800.00,100 גרם,false,0,18.90,2.36,true,1,
7290012227622,false,חרמון כפרית דבש 400 גרם,זוגלובק,IL,חרמון כפרית דבש,גרמים,400.00,100 גרם,false,0,18.90,4.73,true,1,
7290012227738,false,סלמי תה מעושן מחפוד370ג,זוגלובק,IL,סלמי תה מעושן,גרמים,370.00,100 גרם,false,1,19.90,5.38,true,1,
7290012227769,false,פסטרמה ברביקיו מחפוד 400,זוגלובק,IL,פסטרמה ברביקיו,גרמים,400.00,100 גרם,false,1,18.90,4.73,true,1,
7290012227783,false,תה מעושן מחפוד 400 גרם,זוגלובק,IL,תה מעושן,גרמים,400.00,100 גרם,false,1,17.90,4.48,true,1,
7290012228407,false,"נקניקיות ג'מבו 1.5 ק""ג",זוגלובק,IL,נקניקיות גמבו,קילוגרמים,1.50,"ק""ג",false,1,29.90,19.93,true,1,
7290012228766,false,קבנוס מחפוד 120 גרם,,IL,קבנוס 120 גרם,גרמים,120.00,100 גרם,false,1,9.90,8.25,true,1,
7290012309885,false,חלבה בטעם מלבי,,IL,חלבה בטעם מלבי,גרמים,500.00,100 גרם,false,0,10.90,2.18,true,1,
7290012313462,false,מלפפון במלח 7-9 20%+ 650,קבוצת יבנה,IL,מלפפון במלח,גרמים,650.00,100 גרם,false,1,5.90,0.91,true,1,
7290012313479,false,מלפפון במלח 10-12 20%+ 6,קבוצת יבנה,IL,מלפפון במלח,גרמים,650.00,100 גרם,false,1,6.90,1.06,true,1,
7290012313486,false,מלפפון במלח 13-17 20%+,קבוצת יבנה מוצרי מזון,IL,מלפפון במלח,גרמים,650.00,100 גרם,false,1,7.90,1.22,true,1,
7290012313493,false,מלפפון בחומץ 7-9 20%+ 65,קבוצת יבנה,IL,מלפפון בחומץ,גרמים,650.00,100 גרם,false,1,5.90,0.91,true,1,
7290012313509,false,מלפפון בחומץ 10-12 20%+,קבוצת יבנה,IL,מלפפון בחומץ,גרמים,650.00,100 גרם,false,1,6.90,1.06,true,1,
7290012367700,false,ק.גוף אפקטיב קר שיבול700,פישר מעבדות פרמצבטיות בע,IL,קרם גוף,מיליליטרים,700.00,"100 מ""ל",false,0,25.90,3.70,true,1,
7290012372100,false,"קמח חיטה 80% 1 ק""ג","סופר קמח רובינפלד בע""מ",IL,קמח חיטה,קילוגרמים,1.00,"ק""ג",false,0,9.90,9.90,true,1,
7290012372117,false,קמח חיטה 100% 1קג,"סופר קמח רובינפלד בע""מ",IL,קמח חיטה,קילוגרמים,1.00,"ק""ג",false,0,9.90,9.90,true,1,
7290012372124,false,"קמח כוסמין 100% 1 ק""ג","סופר קמח רובינפלד בע""מ",IL,קמח כוסמין,קילוגרמים,1.00,"ק""ג",false,1,15.90,15.90,true,1,
7290012372155,false,"קמח כוסמין 80% 1 ק""ג","סופר קמח רובינפלד בע""מ",IL,קמח כוסמין,קילוגרמים,1.00,"ק""ג",false,1,15.90,15.90,true,1,
7290012372209,false,"קמח חיטה לבן מנופה 1 ק""ג",,IL,"קמח לבן 1 ק""ג",קילוגרמים,1.00,"ק""ג",false,1,5.90,5.90,true,1,
7290012372247,false,"קמח כוסמין לבן 1 ק""ג","סופר קמח רובינפלד בע""מ",IL,קמח כוסמין,קילוגרמים,1.00,"ק""ג",false,1,15.90,15.90,true,1,
7290012404146,false,שוופס מוגז תפוחים1.5ל',"יפאורה תבורי בע""\מ",IL,שוופס תפוחים,ליטרים,1.50,ליטר,false,0,6.00,4.00,true,1,
7290012404160,false,שוופס מוגז אשכולית אדומה,"יפאורה תבורי בע""\מ",IL,שוופס אשכולית,ליטרים,1.50,ליטר,false,0,6.00,4.00,true,1,
7290012404238,false,שוופס ראש'ן 1.5 ליטר,"יפאורה תבורי בע""\מ",IL,שוופס ראש'ן,ליטרים,1.50,ליטר,false,0,7.90,5.27,true,1,
7290012404283,false,תפוזינה מנגו עסיס 1.5 ל',"יפאורה תבורי בע""\מ",IL,תפוזינה מנגו,ליטרים,1.50,ליטר,false,0,5.90,3.93,true,1,
7290012404320,false,ספרינג ענבים 1.5 ליטר,"יפאורה תבורי בע""\מ",IL,ספרינג ענבים,ליטרים,1.50,ליטר,false,0,5.90,3.93,true,1,
7290012404863,false,ספרינג תה מנגו אפרסק1.5ל,"יפאורה תבורי בע""\מ",IL,ספרינג תה מנגו,ליטרים,1.50,ליטר,false,0,5.90,3.93,true,1,
7290012454172,false,סוכריות ללא סוכר תות 80ג,מיה תעשיות מזון מ.ת.מ. ב,IL,סוכריות ללא סוכר,גרמים,80.00,100 גרם,false,0,5.80,7.25,true,1,
7290012454189,false,סוכ.ללא סוכר אפרסק 80גרם,מיה,IL,סוכריות ללא סוכר,גרמים,80.00,100 גרם,false,0,5.80,7.25,true,1,
7290012454196,false,סוכ.ללא סוכר קפוצינו80גר,מיה תעשיות מזון מ.ת.מ. ב,IL,סוכריות ללא סוכר,גרמים,80.00,100 גרם,false,0,5.80,7.25,true,1,
7290012454257,false,שזיף מיובש ללא גלעין 200,מיה תעשיות מזון מ.ת.מ. ב,IL,שזיף מיובש,גרמים,200.00,100 גרם,false,0,10.90,5.45,true,1,
7290012454561,false,קישוט לעוגה,,IL,קישוט לעוגה,גרמים,70.00,100 גרם,false,0,3.90,5.57,true,1,
7290012454578,false,קישוט לעוגה,,IL,קישוט לעוגה,גרמים,70.00,100 גרם,false,0,3.90,5.57,true,1,
7290012454592,false,סוכ.דבש לימון ללאסוכר80ג,מיה תעשיות מזון מ.ת.מ. ב,IL,סוכ.ללא סוכר,גרמים,80.00,100 גרם,false,0,5.80,7.25,true,1,
7290012454943,false,150 חמוציות שלמות בשקית,מיה תעשיות מזון מ.ת.מ. ב,IL,חמוציות שלמות,גרמים,150.00,100 גרם,false,0,12.90,8.60,true,1,
7290012522581,false,שניצל תירס טבעול ל.גלוטן,טבעול,IL,שניצל תירס,גרמים,664.00,100 גרם,false,0,19.90,3.00,true,1,
7290012557675,false,טורטיות מהדרין,,TR,טורטיות מהדרין,גרמים,360.00,100 גרם,false,0,5.90,1.64,true,1,
7290012557910,false,טורטייה גדול,,TR,טורטייה גדול,גרמים,420.00,100 גרם,false,0,5.90,1.40,true,1,
7290012557927,false,טורטייה קמח מלא,,TR,טורטייה קמח מלא,גרמים,420.00,100 גרם,false,0,5.90,1.40,true,1,
7290012561405,false,דורות בצל חצי מטוגן 180,דורות,IL,בצל חצי מטוגן,גרמים,180.00,100 גרם,false,0,8.90,4.94,true,1,
7290012645020,false,יוגורט עיזים 500 גרם,מחלבת סוסיא,IL,יוגורט עיזים,גרמים,500.00,100 גרם,false,0,10.90,2.18,true,1,
7290012645051,false,יוגורט עיזים 350 גרם,,IL,יוגורט עיזים,גרמים,350.00,100 גרם,false,0,8.90,2.54,true,1,
7290012645068,false,ישראלה גב.מותכת 16% 180ג,חלב הארץ,IL,ישראלה גב.מותכת,גרמים,180.00,100 גרם,false,1,19.90,11.05,true,1,
7290012645075,false,יוגורט כבשים יווני 350 ג,,IL,יוגורט יווני,גרמים,350.00,100 גרם,false,0,8.90,2.54,true,1,
7290012645082,false,יוגורט חצי חצי 350 גרם,חלב הארץ,IL,יוגורט חצי חצי,גרמים,350.00,100 גרם,false,1,8.90,2.54,true,1,
7290012645112,false,יוגורט עיזים בדלי 750גרם,מחלבת סוסיא,IL,יוגורט עיזים,גרמים,750.00,100 גרם,false,1,17.90,2.39,true,1,
7290012645129,false,יוגורט כבשים בדלי 750גרם,מחלבת סוסיא,IL,יוגורט כבשים,גרמים,750.00,100 גרם,false,0,17.90,2.39,true,1,
7290012645297,false,יוגורט עיזים ביו 150 גרם,מחלבת סוסיא,IL,יוגורט עיזים,גרמים,150.00,100 גרם,false,0,5.90,3.93,true,1,
7290012645389,false,יוגורט עיזים לשתיה 1 ל',מחלבת סוסיא,IL,יוגורט עיזים,ליטרים,1.00,ליטר,false,0,19.90,19.90,true,1,
7290012697081,false,סוכרזית סטיוויה 100 שק',"ביסקול בע""מ",IL,סוכרזית סטיוויה,גרמים,100.00,100 גרם,false,0,27.90,27.90,true,1,
7290012738081,false,מצות מצופות+סוכריות170גר,מצות יהודה,IL,מצות מצופות,גרמים,170.00,100 גרם,false,0,11.90,7.00,true,1,
7290012738098,false,מצות מצופות עם קוקוס170ג,מצות יהודה,IL,מצות מצופות,גרמים,170.00,100 גרם,false,0,11.90,7.00,true,1,
7290012738241,false,מצה בריי קלאסי 400 גרם,מצות יהודה,IL,מצה בריי קלאסי,גרמים,400.00,100 גרם,false,1,14.90,3.73,true,1,
7290012738258,false,מצה בריי קמח מלא 350 גרם,מצות יהודה,IL,מצה בריי קמח מלא,גרמים,350.00,100 גרם,false,1,14.90,4.26,true,1,
7290012738524,false,מצות מקמח כוסמין 300 גרם,,IL,מצות מקמח כוסמין 300 גרם,גרמים,300.00,100 גרם,false,0,18.90,6.30,true,1,
7290012738531,false,קמח מצה דק 400 גרם,מצות יהודה,IL,קמח מצה דק,גרמים,400.00,100 גרם,false,1,4.90,1.23,true,1,
7290012738593,false,מצות מחיטה מלאה 900 גרם,מצות יהודה,IL,מצות מחיטה מלאה,גרמים,900.00,100 גרם,false,1,44.90,4.99,true,1,
7290012738814,false,ביסקוויט ספארי 600 גרם,מצות יהודה,IL,ביסקוויט ספארי,גרמים,600.00,100 גרם,false,0,9.90,1.65,true,1,
7290012738821,false,עוגיות קקאו 600 גרם,מצות יהודה,IL,עוגיות קקאו,גרמים,600.00,100 גרם,false,0,9.90,1.65,true,1,
7290012738845,false,ביסקוויט,,IL,ביסקוויט,קילוגרמים,1.20,"ק""ג",false,0,16.90,14.08,true,1,
7290012738852,false,ביסקוויט מעורב 600 גרם,מצות יהודה,IL,ביסקוויט מעורב,גרמים,600.00,100 גרם,false,0,9.90,1.65,true,1,
7290012760204,false,"אומגה 3 בד""צ 90 כמוסות",LTD .AMBROZIA,IL,"אומגה 3 בד""צ",יחידה,1.00,יחידה,false,0,41.90,41.90,true,1,
7290012760761,false,ויטמין D3-1000,LTD .AMBROZIA,IL,ויטמין D3-1000,יחידה,1.00,יחידה,false,0,29.90,29.90,true,1,
7290012760808,false,"ברזל קומפלקס בד""ץ 90כמ",LTD .AMBROZIA,IL,ברזל קומפלקס,יחידה,1.00,יחידה,false,0,44.90,44.90,true,1,
7290012803055,false,סוכרלוז 100 שקיות,"קיפל טבליות וממתיקים בע""",IL,סוכרלוז,גרמים,100.00,100 גרם,false,0,17.90,17.90,true,1,
7290012803215,false,"ופל בלגי ט.שוק.ללת""ס200ג","גילרו בע""\מ",IL,וופל בלגי,גרמים,200.00,100 גרם,false,0,7.80,3.90,true,1,
7290012818035,false,חטיף בוטנים ספיידר25*10ג,"10 ברוס ע.ט בע""מ",IL,ספיידר במארז,גרמים,250.00,100 גרם,false,1,5.90,2.36,true,1,
7290012818073,false,צ'יק צ'אק בצל 190 גרם,"10 ברוס ע.ט בע""מ",IL,צ'יק צ'אק בצל,גרמים,190.00,100 גרם,false,1,2.90,1.53,true,1,
7290012818080,false,ספיידר חטיף בוטנים 80 גר,"10 ברוס ע.ט בע""מ",IL,ספיידר בוטנים,גרמים,80.00,100 גרם,false,1,1.90,2.38,true,1,
7290012818219,false,צ'יק צ'אק גריל 190 גרם,"10 ברוס ע.ט בע""מ",IL,צ'יק צ'אק גריל,גרמים,190.00,100 גרם,false,1,2.90,1.53,true,1,
7290012818523,false,צ'יק צ'אק ברבקיו 190 גרם,"10 ברוס ע.ט בע""מ",IL,צ'יק צ'אק ברבקיו,גרמים,190.00,100 גרם,false,1,2.90,1.53,true,1,
7290012818530,false,צ'יק צ'אק פיצה 190 גרם,"10 ברוס ע.ט בע""מ",IL,צ'יק צ'אק פיצה,גרמים,190.00,100 גרם,false,1,2.90,1.53,true,1,
7290012823374,false,אנטי קאלק מטליות 50 יח',סנו מפעלי ברונוס בעמ,IL,מטליות אנטי קאלק,יחידה,1.00,יחידה,false,0,8.90,8.90,true,1,
7290012823381,false,מקסימה ס.מרוכז סנסטיב 1ל,"סנו מפעלי ברונוס בע""\מ",IL,מרכך כביסה,ליטרים,1.00,ליטר,false,0,14.90,14.90,true,1,
7290012823398,false,מטליות ריצפז ניחוח מרכך,סנו מפעלי ברונו בעמ,IL,מטליות ריצפז,יחידה,1.00,יחידה,false,1,9.90,9.90,true,1,
7290012823541,false,מטליות ריצפז ניחוח לונדר,"סנו מפעלי ברונוס בע""\מ",IL,מטליות ריצפז,יחידה,1.00,יחידה,false,0,9.90,9.90,true,1,
7290012823602,false,נייר טואלט סופט לבן 32גל,מפעלי ברונוס בעמ,IL,נ.טואלט סופט לבן,מטרים,588.00,100 מטר,false,0,28.90,4.91,true,1,
7290012823794,false,אל סבון כיף יסמין 2 ליטר,,IL,אל סבון כיף,ליטרים,2.00,ליטר,false,0,17.90,8.95,true,1,
7290012823916,false,מקסימה ג'ל כביסה 5ל,"סנו מפעלי ברונוס בע""\מ",IL,מקסימה ג'ל,ליטרים,5.00,ליטר,false,0,34.90,6.98,true,1,
7290012823923,false,מ.מקסימה פרפיום גולדן750,סנו מפעלי ברונוס בעמ,IL,מקסימה פרפיום,מיליליטרים,750.00,"100 מ""ל",false,0,14.90,1.99,true,1,
7290012823947,false,מ.מקסימה פרפיום קריסט750,סנו מפעלי ברונוס בעמ,IL,מקסימה פרפיום,מיליליטרים,750.00,"100 מ""ל",false,0,14.90,1.99,true,1,
7290012864025,false,נבטים אלפלפא יחידה,נבטי העמק,IL,נבטים אלפלפא,יחידה,1.00,יחידה,false,0,5.90,5.90,true,1,
7290012888014,false,סט 2 קופסאות,,CN,סט 2 קופסאות,יחידה,1.00,יחידה,false,0,11.90,11.90,true,1,
7290012888052,false,סט 2 קופ' סמארט,,,סט 2 קופ' סמארט,יחידה,1.00,יחידה,false,0,11.90,11.90,true,1,
7290012901256,false,"חומץ תפוחים 946 מ""ל",הנדריקס פודס,US,חומץ תפוחים946מל,מיליליטרים,946.00,"100 מ""ל",false,1,11.90,1.26,true,1,
7290012929779,false,פסטה ספירלה,,TR,פסטה ספירלה,גרמים,500.00,100 גרם,false,0,3.90,0.78,true,1,
7290012929786,false,פסטה צינורות,,TR,פסטה צינורות,גרמים,500.00,100 גרם,false,0,3.90,0.78,true,1,
7290012929793,false,ספגטי חיטה מלאה,,TR,ספגטי חיטה מלאה,גרמים,500.00,100 גרם,false,0,3.90,0.78,true,1,
7290012938405,false,רדיד אלומיניום רחב דיימו,ריינולדס,US,רדיד אלומיניום,מטרים,7.00,מטר,false,0,13.90,1.99,true,1,
7290012938740,false,משחת סנסודיין פרש מינט75,MICLEN DE,GB,משחת סנסודיין,מיליליטרים,75.00,"100 מ""ל",false,0,18.90,25.20,true,1,
7290012969171,false,תבנית 210 5 יחידות,"אופל אריזות ב""מ",IL,תבנית 210,יחידה,1.00,יחידה,false,1,6.90,6.90,true,1,
7290012969188,false,תבניות 105 10 יחידות,"אופל אריזות ב""מ",IL,תבניות 105,יחידה,1.00,יחידה,false,1,6.90,6.90,true,1,
7290012969195,false,תבנית 90 10 יחידות,"אופל אריזות ב""מ",IL,תבנית 90,יחידה,1.00,יחידה,false,1,6.90,6.90,true,1,
7290012969218,false,תבניות 8B 15 יחידות,"אופל אריזות ב""מ",IL,תבניות 8B,יחידה,1.00,יחידה,false,1,6.90,6.90,true,1,
7290012969225,false,תבנית אינגליש  15 יח,"אופל אריזות ב""מ",IL,תבנית אינגליש,יחידה,1.00,יחידה,false,1,6.90,6.90,true,1,
7290012969232,false,תבנית C10 8 יחידות,"אופל אריזות ב""מ",IL,תבנית C10,יחידה,1.00,יחידה,false,1,6.90,6.90,true,1,
7290012975745,false,צלחות 25 יח,,CN,צלחות 25 יח,יחידה,1.00,יחידה,false,1,19.90,19.90,true,1,
7290012975806,false,צלחת צבעוני קטן -קרם25יח,,IL,צלחת צבעוני קטן,יחידה,1.00,יחידה,false,1,9.90,9.90,true,1,
7290012975868,false,צלחת צבעוני קטן -כסף,,IL,צלחת צבעוני קטן,יחידה,1.00,יחידה,false,1,9.90,9.90,true,1,
7290012975936,false,צלחת צבעונית גדולה 25 יח,,IL,צלחת צבעונית.,יחידה,1.00,יחידה,false,1,19.90,19.90,true,1,
7290012975981,false,צלחת צבעונית גדולה 25 יח,,IL,צלחת צבעונית,יחידה,1.00,יחידה,false,1,19.90,19.90,true,1,
7290012982057,false,שניצל דג 700 גרם,,CN,שניצל דג,גרמים,700.00,100 גרם,false,1,24.90,3.56,true,1,
7290012982538,false,"פילה סלמון מנות כשל""פ שק",,NO,פילה סלמון,קילוגרמים,0.00,"ק""ג",true,1,79.90,79.90,true,1,
7290012982569,false,קציצות דג 700 גרם,,CN,קציצות דג,גרמים,700.00,100 גרם,false,1,27.90,3.99,true,1,
7290012982873,false,"פילה אמנון קפוא 7-9 בד""ץ",ג.עופר,IL,פילה אמנון 7-9,קילוגרמים,0.00,"ק""ג",true,1,29.90,29.90,true,1,
7290012982927,false,פילה לברק 7-5,,CN,פילה לברק 7-5,קילוגרמים,0.00,"ק""ג",true,1,39.90,39.90,true,1,
7290012982941,false,פילה סלמון פילה,,IL,פילה סלמון פילה,קילוגרמים,0.00,"ק""ג",true,0,72.90,72.90,true,1,
7290013038005,false,ג'אמפ תפוחים 1.5 ליטר,טמפו,IL,ג'אמפ תפוחים,ליטרים,1.50,ליטר,false,0,5.30,3.53,true,1,
7290013038234,false,מים אקווה נובה 2*6 ליטר,"טמפו משקאות בע""\מ",IL,אקווה נובה 6 בקב,ליטרים,12.00,ליטר,false,0,8.90,0.74,true,1,
7290013117212,false,בורקס פילו גבינה 600 גרם,"מעדנות בע""\מ",IL,בורקס גבינה,גרמים,600.00,100 גרם,false,0,15.90,2.65,true,1,
7290013117229,false,"בורקס פילו תפו""א 600 גרם","מעדנות בע""\מ",IL,"בורקס תפו""א",גרמים,600.00,100 גרם,false,0,15.90,2.65,true,1,
7290013117410,false,בצק פריך מתוק 450X2 900,"מעדנות בע""\מ",IL,בצק פריך,גרמים,900.00,100 גרם,false,0,17.90,1.99,true,1,
7290013117427,false,בצק פריך מלוח 450X2גרם 0,"מעדנות בע""\מ",IL,בצק פריך,גרמים,900.00,100 גרם,false,0,17.90,1.99,true,1,
7290013117526,false,בצק שמרים למאפים מתוקים,"מעדנות בע""\מ",IL,בצק שמרים,גרמים,900.00,100 גרם,false,0,15.90,1.77,true,1,
7290013121028,false,לחם לבן ל.גלוטן,,IL,לחם לבן ל.גלוטן,גרמים,500.00,100 גרם,false,0,14.90,2.98,true,1,
7290013121752,false,לחם לבן ביתי,,IL,לחם לבן ביתי,גרמים,700.00,100 גרם,false,0,19.90,2.84,true,1,
7290013128003,false,"תמר מג'הול 1 ק""ג-דוד חי","דוד חי ואפי שלאו בע""מ",IL,"תמר מהג'ול 1ק""ג",קילוגרמים,1.00,"ק""ג",false,0,19.90,19.90,true,1,
7290013145178,false,קוקוס טחון לבן 100 גרם,א.ל ייצור ושיווק תבלינים,IL,קוקוס טחון לבן,גרמים,100.00,100 גרם,false,0,3.90,3.90,true,1,
7290013145277,false,עלים לקרמשניט 300 גרם,SRL MARISTELLA,IT,עלים לקרמשניט,גרמים,300.00,100 גרם,false,1,14.90,4.97,true,1,
7290013146007,false,מלית פרג 400 גרם,א.ל ייצור ושיווק תבלינים,IL,מלית פרג,גרמים,400.00,100 גרם,false,0,13.90,3.48,true,1,
7290013146014,false,מלית אוכמניות50% פרי400ג,אינטרגטה,IL,מלית אוכמניות,גרמים,400.00,100 גרם,false,0,13.90,3.48,true,1,
7290013146021,false,"מלית תפו""ע 70%פרי 400 גר",אינטרגטה,IL,"מלית תפו""ע",גרמים,400.00,100 גרם,false,0,13.90,3.48,true,1,
7290013146038,false,מלית דובדבנים 70%פרי400ג,א.ל ייצור ושיווק תבלינים,IL,מלית דובדבנים,גרמים,400.00,100 גרם,false,0,13.90,3.48,true,1,
7290013153425,false,מיץ סחוט לימון נענע 2ל,גת,IL,סחוט לימון נענע,ליטרים,2.00,ליטר,false,1,21.90,10.95,true,1,
7290013153548,false,תפוזים מתקתק 100% 2 ליטר,גת,IL,מיץ תפוזים מתקתק,ליטרים,2.00,ליטר,false,1,16.90,8.45,true,1,
7290013153555,false,תפוזים חמצמץ 100% 2 ליטר,גת,IL,מיץ תפוזים חמצמץ,ליטרים,2.00,ליטר,false,1,16.90,8.45,true,1,
7290013153562,false,מיץ הדרים מתקתק 100% 2 ל,גת,IL,מיץ הדרים מתקתק,ליטרים,2.00,ליטר,false,1,16.90,8.45,true,1,
7290013153593,false,מיץ תפוזים 100%מתקתק 1ל,פריגת,IL,מיץ תפוזים מתקתק,ליטרים,1.00,ליטר,false,1,8.90,8.90,true,1,
7290013153609,false,מיץ הדרים 100% מתקתק 1 ל,פריגת,IL,מיץ הדרים מתקתק,ליטרים,1.00,ליטר,false,1,8.90,8.90,true,1,
7290013153647,false,מיץ הדרים חמצמץ 100% 2 ל,גת,IL,מיץ הדרים חמצמץ,ליטרים,2.00,ליטר,false,1,16.90,8.45,true,1,
7290013153692,false,פריגת תפוז+גזר וגינג'ר1ל,גת,IL,פריגת תפוז+גזר,מיליליטרים,1000.00,"100 מ""ל",false,1,19.90,1.99,true,1,
7290013153708,false,פריגת רימון תפוז אדום1ל,גת,IL,פריגת רימון תפוז,מיליליטרים,1000.00,"100 מ""ל",false,1,19.90,1.99,true,1,
7290013189288,false,מגב קסם עם מקל,המברשת רוחמה,IL,מגב קסם עם מקל,יחידה,1.00,יחידה,false,0,18.90,18.90,true,1,
7290013189790,false,מצע לשמירת טריות,אליבו,IL,מצע לשמירת טריות,יחידה,1.00,יחידה,false,1,12.90,12.90,true,1,
7290013195159,false,דג נילוס טחון 500 גרם,רוזנרס,IL,דג נילוס טחון500,גרמים,500.00,100 גרם,false,0,24.90,4.98,true,1,
7290013195272,false,געפילטע הונגרי,,IL,געפילטע הונגרי,גרמים,500.00,100 גרם,false,0,19.90,3.98,true,1,
7290013195289,false,געפילטע פיש ירוש,,IL,געפילטע פיש ירוש,גרמים,500.00,100 גרם,false,0,19.90,3.98,true,1,
7290013195296,false,וייט פיש רוזנר'ס,,IL,וייט פיש רוזנר'ס,גרמים,500.00,100 גרם,false,0,27.90,5.58,true,1,
7290013195302,false,זוג ראשי דג קרפיון,רוזנרס,IL,זוג ראשי דג קרפי,יחידה,1.00,יחידה,false,0,9.90,9.90,true,1,
7290013215017,false,פטריות דואט,מרינה,IL,פטריות דואט,גרמים,420.00,100 גרם,false,0,14.90,3.55,true,1,
7290013220042,false,מיקס טרופי קפוא 500 גרם,HLADNIYA RON,PL,מיקס טרופי500גרם,גרמים,500.00,100 גרם,false,1,19.90,3.98,true,1,
7290013220080,false,בננה חתיכות 500 גרם,א.מ.שרון,PL,בננה חתיכות,גרמים,500.00,100 גרם,false,1,19.90,3.98,true,1,
7290013220103,false,דובדבן ללא חרצן קפוא500ג,HLADNIYA RON,PL,דובדבן ללא חרצן,גרמים,500.00,100 גרם,false,1,19.90,3.98,true,1,
7290013220127,false,דומדומנית שחורה קפוא500ג,HLADNIYA RON,PL,דומדומנית 500גרם,גרמים,500.00,100 גרם,false,1,24.90,4.98,true,1,
7290013220134,false,מיקס פירות שדה קפוא500ג,HLADNIYA RON,PL,מיקס פירות שדה,גרמים,500.00,100 גרם,false,1,24.90,4.98,true,1,
7290013220172,false,תמר ללא חרצן -קפוא 500 ג,,IL,תמר ללא חרצן,גרמים,500.00,100 גרם,false,1,19.90,3.98,true,1,
7290013220318,false,חמוציות  קפואות 400 גרם,HLADNIYA RON,PL,חמוציות קפואות,גרמים,400.00,100 גרם,false,1,19.90,4.98,true,1,
7290013220899,false,תות שדה קפוא 500 גרם,HLADNIYA RON,PL,תות שדה קפוא,גרמים,500.00,100 גרם,false,1,19.90,3.98,true,1,
7290013221001,false,אננס חתוך קפוא 500 גרם,HLADNIYA RON,PL,אננס חתוך קפוא,גרמים,500.00,100 גרם,false,1,19.90,3.98,true,1,
7290013221018,false,מנגו חתוך קפוא 500 גרם,HLADNIYA RON,PL,מנגו חתוך קפוא,גרמים,500.00,100 גרם,false,1,19.90,3.98,true,1,
7290013221032,false,מלון 500 גרם,א.מ.שרון,PL,מלון 500 גרם,גרמים,500.00,100 גרם,false,1,19.90,3.98,true,1,
7290013221056,false,אפרסק 500 גרם,א.מ.שרון,PL,אפרסק 500 גרם,גרמים,500.00,100 גרם,false,1,19.90,3.98,true,1,
7290013221063,false,ליצי 400 גרם,א.מ.שרון,PL,ליצי 400 גרם,גרמים,400.00,100 גרם,false,1,19.90,4.98,true,1,
7290013221070,false,קיווי 500 גרם,א.מ.שרון,PL,קיווי,גרמים,500.00,100 גרם,false,1,19.90,3.98,true,1,
7290013221087,false,שייקמיקס קיווי פסיפלורה,א.מ.שרון,PL,שייקמיקס,גרמים,500.00,100 גרם,false,1,19.90,3.98,true,1,
7290013221094,false,שייקמיקס מלון בננה אפרסק,א.מ.שרון,PL,שייקמיקס,גרמים,500.00,100 גרם,false,1,19.90,3.98,true,1,
7290013221100,false,מיקסשייק מנגו אננס 500 ג,א.מ.שרון,PL,מיקסשייק,גרמים,500.00,100 גרם,false,1,19.90,3.98,true,1,
7290013261014,false,סן פולין 200 גרם,מאיטרס לאיטרס,FR,סן פולין,גרמים,200.00,100 גרם,false,1,22.90,11.45,true,1,
7290013261038,false,קממבר צרפתי 250 גרם,פרומאגי' ליס דהאור,FR,קממבר צרפתי,גרמים,250.00,100 גרם,false,1,24.90,9.96,true,1,
7290013267665,false,מאגדת מיני סולרו טרופי,"גלידת שטראוס בע""\מ",IL,מאגדת מיני סולרו,גרמים,295.00,100 גרם,false,0,19.90,6.74,true,1,
7290013268020,false,מקסימה סופר מרוכז פרש 1ל,"סנו מפעלי ברונוס בע""\מ",IL,מרכך כביסה,ליטרים,1.00,ליטר,false,0,14.90,14.90,true,1,
7290013268037,false,מקסימה ס.מרוכז לבנדר 1ל',"סנו מפעלי ברונוס בע""\מ",IL,מרכך כביסה,ליטרים,1.00,ליטר,false,0,14.90,14.90,true,1,
7290013268204,false,20מגבונ.לחיטוי מושב אסלה,סנו,IL,מגבונים לאסלה,יחידה,1.00,יחידה,false,1,7.90,7.90,true,1,
7290013268839,false,פוליויקס פרקט מלון 2 ל',סנו,IL,פוליויקס פרקט,ליטרים,2.00,ליטר,false,1,19.90,9.95,true,1,
7290013268884,false,סנו ריצפז פרש מאסק 2ליטר,סנו מפעלי ברונוס בעמ,IL,ריצפז פרש לרצפות,ליטרים,2.00,ליטר,false,0,14.90,7.45,true,1,
7290013268907,false,מקסימה ג'ל לכביסה 3ל,סנו,IL,מקסימה ג'ל,ליטרים,3.00,ליטר,false,0,24.90,8.30,true,1,
7290013268938,false,סנובון מאסק 3 יח,,,סנובון מאסק 3 יח,גרמים,165.00,100 גרם,false,0,9.90,6.00,true,1,
7290013268983,false,מרכך בישום עוצמתי ג'וי1ל,"סנו מפעלי ברונוס בע""\מ",IL,מרכך מרוכז ג'וי,ליטרים,1.00,ליטר,false,1,14.90,14.90,true,1,
7290013269003,false,מקסימה מרכך בייבי 1 ליטר,"סנו מפעלי ברונוס בע""\מ",IL,מקסימה מרכך,ליטרים,1.00,ליטר,false,0,18.90,18.90,true,1,
7290013269096,false,מטליות ניקוי עור,,IL,מטליות ניקוי עור,יחידה,1.00,יחידה,false,0,18.90,18.90,true,1,
7290013269287,false,מקסימה ג'ל כביסה מאסק3ל,"סנו מפעלי ברונוס בע""\מ",IL,ג'ל כביסה מרוכז,ליטרים,3.00,ליטר,false,0,24.90,8.30,true,1,
7290013269300,false,ניילון נצמד פלוס,,IL,ניילון נצמד פלוס,מטרים,150.00,מטר,false,0,24.90,0.17,true,1,
7290013269348,false,K3 תחנת פיתיון לתיקנים,סנו  ח.צ 520032988 מפעלי,IL,K3 תחנת פיתיון,יחידה,1.00,יחידה,false,1,47.90,47.90,true,1,
7290013269638,false,ספוג הפלא אקסטרה,,US,ספוג הפלא אקסטרה,יחידה,1.00,יחידה,false,0,8.90,8.90,true,1,
7290013269645,false,מטליות ריצפז,,IL,מטליות ריצפז,יחידה,1.00,יחידה,false,0,9.90,9.90,true,1,
7290013269652,false,פוליויקס מאסק,,IL,פוליויקס מאסק,ליטרים,2.00,ליטר,false,0,19.90,9.95,true,1,
7290013269669,false,ריצפז פנטזיה,,IL,ריצפז פנטזיה,ליטרים,3.00,ליטר,false,0,9.90,3.30,true,1,
7290013269911,false,סנו K333,,IL,סנו K333,מיליליטרים,750.00,"100 מ""ל",false,0,28.90,3.85,true,1,
7290013284310,false,רוטב פסטה,,IL,רוטב פסטה,גרמים,240.00,100 גרם,false,0,4.90,2.04,true,1,
7290013284662,false,רוטב פיצה פיתה,,IL,רוטב פיצה פיתה,גרמים,240.00,100 גרם,false,0,4.90,2.04,true,1,
7290013302656,false,פילה סרדין125 גר,,MA,פילה סרדין125 גר,גרמים,125.00,100 גרם,false,0,7.90,6.32,true,1,
7290013310163,false,מדליק פחם מוצק 40 יחידות,BX.P,DE,מדליק פחם מוצק,יחידה,1.00,יחידה,false,0,4.90,4.90,true,1,
7290013358547,false,"רוטב צ'ילי חריף 700 מ""ל",קי.אר.אס. ספייסי פוד,TH,רוטב צ'ילי חריף,מיליליטרים,700.00,"100 מ""ל",false,1,9.90,1.41,true,1,
7290013389855,false,נודלס בטעם ירקות 65 גרם,,CN,נודלס בטעם ירקות,גרמים,65.00,100 גרם,false,1,3.90,6.00,true,1,
7290013389862,false,נודלס מנה חמה -עוף 65 גר,,CN,נודלס בטעם עוף,גרמים,65.00,100 גרם,false,1,3.90,6.00,true,1,
7290013389879,false,נודלס טעם סיני חמוץ מתוק,,CN,נודלס מנה חמה,גרמים,65.00,100 גרם,false,1,3.90,6.00,true,1,
7290013389886,false,נודלס מנה חמה-בקר 65 גרם,,CN,נודלס מנה חמה,גרמים,65.00,100 גרם,false,1,3.90,6.00,true,1,
7290013440648,false,מאגדת אבטיח 5יח,גלידות נסטלה )נגה גלידות,IL,מאגדת אבטיח,גרמים,540.00,100 גרם,false,0,22.90,4.24,true,1,
7290013464248,false,מגנזיום ציטראט B6 60 טבל,אמברוזיה,IL,מגנזיום ציטראט,יחידה,1.00,יחידה,false,0,39.90,39.90,true,1,
7290013464309,false,ויטמין D טיפות לילדים 20,LTD .AMBROZIA,IL,ויטמין D לילדים,מיליליטרים,20.00,"100 מ""ל",false,0,19.90,99.50,true,1,
7290013465030,false,סופרהב ויטמין 400-E 90כמ,LTD .AMBROZIA,IL,ויטמין 400-E,יחידה,1.00,יחידה,false,0,67.90,67.90,true,1,
7290013465726,false,"קיו 10 100 מ""ג שלישיה .",LTD .AMBROZIA,IL,"קיו 10 100 מ""ג",יחידה,1.00,יחידה,false,1,250.00,250.00,true,1,
7290013516305,false,סלט חזרת ללא תוספת סוכר,שפע מן המבושל,IL,חזרת 300 גרם,גרמים,300.00,100 גרם,false,1,12.90,4.30,true,1,
7290013516411,false,חזרת ביתית שפעמן 500 גרם,שפע מן המבושל,IL,חזרת 500 גרם,גרמים,500.00,100 גרם,false,1,14.90,2.98,true,1,
7290013525796,false,סחוג תימני 150 גרם,סלטי שמיר,IL,סחוג תימני,גרמים,150.00,100 גרם,false,0,7.90,5.27,true,1,
7290013525802,false,סחוג אדום 150 גרם,סלטי שמיר,IL,סחוג אדום,גרמים,150.00,100 גרם,false,0,7.90,5.27,true,1,
7290013525819,false,שום כתוש 150 גרם,סלטי שמיר,IL,שום כתוש 150 גרם,גרמים,150.00,100 גרם,false,0,7.90,5.27,true,1,
7290013534057,false,צ'יפס בטטה טבעי,מיה תעשיות מזון מ.ת.מ. ב,IL,צ'יפס בטטה טבעי,גרמים,100.00,100 גרם,false,0,7.90,7.90,true,1,
7290013536266,false,פיתות כוסמין 99 קלוריות,,IL,פיתות כוסמין,יחידה,1.00,יחידה,false,1,11.90,11.90,true,1,
7290013536273,false,לחמניות קמח מלא 99 קלורי,,IL,לחמניות קמח מלא,גרמים,320.00,100 גרם,false,1,9.90,3.09,true,1,
7290013536280,false,לחמניות כוסמין 99 קלו' .,,IL,לחמניות כוסמין,גרמים,252.00,100 גרם,false,1,9.90,3.93,true,1,
7290013536372,false,לחמניות כוסמין מזונות,מאפיית יוסף ברון בעמ,IL,לחמניות כוסמין,גרמים,315.00,100 גרם,false,1,13.90,4.41,true,1,
7290013571113,false,ויטמין C 500 100 כמוסות,NATURAL MARSHAL,IL,ויטמין C 500,יחידה,1.00,יחידה,false,0,45.90,45.90,true,1,
7290013580252,false,"סטייק אנטריקוט פרוס עד""ח",,IL,סטייק אנטריקוט,קילוגרמים,0.00,"ק""ג",true,1,129.90,129.90,true,1,
7290013580290,false,מיני אסאדו עם עצם,בלאדי,IL,"מיני אסאדו ע""ע",קילוגרמים,0.00,"ק""ג",true,1,69.90,69.90,true,1,
7290013584175,false,ספרייט 1.5*6 ליטר,החברה המרכזית לייצור משק,IL,ספרייט שישייה,ליטרים,9.00,ליטר,false,0,35.90,3.99,true,1,
7290013584816,false,פריגת לימונענע 1.5 ליטר,מבשלות בירה בינלאומיות ב,IL,"משק""ל פריגת",ליטרים,1.50,ליטר,false,0,6.20,4.13,true,1,
7290013585240,false,ספרייט זירו 1.5 ליטר,החברה המרכזית לייצור משק,IL,ספרייט זירו,ליטרים,1.50,ליטר,false,1,6.20,4.13,true,1,
7290013585271,false,ספרייט זירו 1.5*6 ליטר,החברה המרכזית לייצור משק,IL,ספרייט זירו 6 יח,ליטרים,9.00,ליטר,false,1,35.90,3.99,true,1,
7290013585387,false,קולה זירו 1 ליטר,החברה המרכזית לייצור משק,IL,קולה זירו,ליטרים,1.00,ליטר,false,1,5.50,5.50,true,1,
7290013585394,false,קוקה קולה 1 ליטר,החברה המרכזית לייצור משק,IL,קוקה קולה,ליטרים,1.00,ליטר,false,1,5.50,5.50,true,1,
7290013585554,false,קינלי סודה 1.5*6 ליטר,החברה המרכזית לייצור משק,IL,קינלי סודה 6 יח,ליטרים,9.00,ליטר,false,1,12.90,1.43,true,1,
7290013586605,false,ויסוצקי ICE נענע 1.5ליטר,מבשלות בירה ישראל,IL,ויסוצקי ICE,ליטרים,1.50,ליטר,false,1,7.50,5.00,true,1,
7290013608260,false,מיץ רימונים סחוט טרי 1ל',גניר,IL,מיץ רימונים,ליטרים,1.00,ליטר,false,0,19.90,19.90,true,1,
7290013608864,false,משקה פירות הדר סחוט 1 לי,פרימור,IL,משקה פירות הדר,ליטרים,1.00,ליטר,false,1,13.80,13.80,true,1,
7290013625212,false,פילה מרל בשמן,,MA,פילה מרל בשמן,גרמים,125.00,100 גרם,false,0,6.90,5.52,true,1,
7290013625458,false,פטריות שלמות 400 גרם,פרוצ'אמפ בי.וי,NL,פטריות שלמות400ג,גרמים,400.00,100 גרם,false,1,5.90,1.48,true,1,
7290013625700,false,חצאי משמש בסירופ,,GR,חצאי משמש בסירופ,גרמים,820.00,100 גרם,false,0,7.90,0.96,true,1,
7290013639578,false,שקד מולבן שבבים,,IL,שקד מולבן שבבים,גרמים,400.00,100 גרם,false,0,24.90,6.23,true,1,
7290013645265,false,"נשיקות לל""ג 100 גרם","מוצרי הכט בע""מ",IL,"נשיקות לל""ג 100ג",גרמים,100.00,100 גרם,false,1,17.90,17.90,true,1,
7290013645586,false,"פיצה מרגריטה לל""ג 400 גר","מוצרי הכט בע""מ",IL,"פיצה לל""ג 400גרם",גרמים,400.00,100 גרם,false,1,24.90,6.23,true,1,
7290013645623,false,"מקלות מלוחים לל""ג 230 גר","מוצרי הכט בע""מ",IL,מקלות מלוחים ללג,גרמים,230.00,100 גרם,false,1,17.90,7.78,true,1,
7290013645647,false,"עוגיות סנדוויץ לל""ג250ג","מוצרי הכט בע""מ",IL,"עוגיות לל""ג 250ג",גרמים,250.00,100 גרם,false,1,17.90,7.16,true,1,
7290013645944,false,"עוג.שוקלד ציפס לל""ג200ג","מוצרי הכט בע""מ",IL,"עוגיות לל""ג200גר",גרמים,200.00,100 גרם,false,1,17.90,8.95,true,1,
7290013645975,false,"עוג.רולדה לל""ג ללא לקטוז","מוצרי הכט בע""מ",IL,"רולדה לל""ג 450 ג",גרמים,450.00,100 גרם,false,1,24.90,5.53,true,1,
7290013677259,false,זעתר בשקית 50 גרם,מיה,IL,זעתר בשקית 50 גר,גרמים,50.00,100 גרם,false,0,3.90,7.80,true,1,
7290013677266,false,תבלין לפיצה בשקית 80 גרם,מיה תעשיות מזון מ.ת.מ. ב,IL,תבלין לפיצה שקית,גרמים,80.00,100 גרם,false,0,3.90,4.88,true,1,
7290013677273,false,גריל דג שקית 80 גרם,מיה תעשיות מזון מ.ת.מ. ב,IL,גריל דג שקית 80ג,גרמים,80.00,100 גרם,false,0,3.90,4.88,true,1,
7290013677280,false,ציפורן שלם בשקית 40 גרם,מיה,IL,ציפורן שלם בשקית,גרמים,40.00,100 גרם,false,0,3.90,9.75,true,1,
7290013677297,false,אבקת בצל שקית 80 גרם,מיה תעשיות מזון מ.ת.מ. ב,IL,אבקת בצל שקית,גרמים,80.00,100 גרם,false,0,3.90,4.88,true,1,
7290013677303,false,חוויג' תימני בשקית 50 גר,מיה תעשיות מזון מ.ת.מ. ב,IL,חוויג תימני 50גר,גרמים,50.00,100 גרם,false,0,3.90,7.80,true,1,
7290013677310,false,גריל בשר בשקית 80 גרם,מיה תעשיות מזון מ.ת.מ. ב,IL,גריל בשר בשקית,גרמים,80.00,100 גרם,false,0,3.90,4.88,true,1,
7290013677327,false,אבקת קארי בשקית 80 גרם,מיה תעשיות מזון מ.ת.מ. ב,IL,אבקת קארי בשקית,גרמים,80.00,100 גרם,false,0,3.90,4.88,true,1,
7290013677334,false,תבלין על האש 50 גרם,מיה תעשיות מזון מ.ת.מ. ב,IL,תבלין על האש 50ג,גרמים,50.00,100 גרם,false,0,3.90,7.80,true,1,
7290013677341,false,ג'לי בינס תות 100 גרם,מיה תעשיות מזון מ.ת.מ. ב,IL,ג'לי בינס תות,גרמים,100.00,100 גרם,false,0,4.90,4.90,true,1,
7290013677358,false,ג'לי בינס קולהלימון 100ג,מיה תעשיות מזון מ.ת.מ. ב,IL,ג'לי בינס קולה,גרמים,100.00,100 גרם,false,0,4.90,4.90,true,1,
7290013677365,false,ג'לי בינס תפוזלימון 100ג,מיה תעשיות מזון מ.ת.מ. ב,IL,ג'לי בינס תפוז,גרמים,100.00,100 גרם,false,0,4.90,4.90,true,1,
7290013677389,false,ג'לי בינסמיקס פירות 100ג,מיה,IL,ג'לי בינס פירות,גרמים,100.00,100 גרם,false,0,4.90,4.90,true,1,
7290013677679,false,סודה לשתיה בשקית 80 גרם,מיה תעשיות מזון מ.ת.מ. ב,IL,סודה לשתיה שקית,גרמים,80.00,100 גרם,false,0,3.90,4.88,true,1,
7290013677686,false,פפריקה מרוקאית בשקית80ג,מיה תעשיות מזון מ.ת.מ. ב,IL,פפריקה מרוקאית,גרמים,80.00,100 גרם,false,0,3.90,4.88,true,1,
7290013677693,false,פלפל שחור גרוס,,IL,פלפל שחור גרוס,גרמים,50.00,100 גרם,false,0,6.90,13.80,true,1,
7290013677747,false,אבקת שוקו 500 גרם,מיה תעשיות מזון מ.ת.מ. ב,IL,אבקת שוקו,גרמים,500.00,100 גרם,false,0,5.90,1.18,true,1,
7290013677808,false,"אורז יסמין 1 ק""ג",מיה,IL,"אורז יסמין 1 ק""ג",קילוגרמים,1.00,"ק""ג",false,0,7.90,7.90,true,1,
7290013677822,false,"גריסי פנינה 1 ק""ג",מיה תעשיות מזון מ.ת.מ. ב,IL,גריסי פנינה 1 ק,קילוגרמים,1.00,"ק""ג",false,0,8.90,8.90,true,1,
7290013677839,false,בורגול,,IL,בורגול,קילוגרמים,1.00,"ק""ג",false,0,7.90,7.90,true,1,
7290013677846,false,"כוסמת 1 ק""ג",מיה תעשיות מזון מ.ת.מ. ב,IL,"כוסמת 1 ק""ג",קילוגרמים,1.00,"ק""ג",false,0,11.90,11.90,true,1,
7290013702005,false,מים טעם פירות יער 1.5 ל,"יפאורה תבורי בע""\מ",IL,מים פירות יער,ליטרים,1.50,ליטר,false,0,5.50,3.67,true,1,
7290013702029,false,שוופס מים טעם אפרסק 1.5ל,יפאורה תבורי בעמ,IL,שוופס מים אפרסק,ליטרים,1.50,ליטר,false,0,5.50,3.67,true,1,
7290013702043,false,שוופס מים טעם ענבים 1.5ל,יפאורה תבורי בעמ,IL,מים בטעם ענבים,ליטרים,1.50,ליטר,false,0,5.50,3.67,true,1,
7290013702371,false,שוופס מים בטעם תפוח 1.5ל,יפאורה תבורי בעמ,IL,שוופס מים תפוח,ליטרים,1.50,ליטר,false,0,5.50,3.67,true,1,
7290013702463,false,שוופס מוגז לימונייד 1.5ל,"יפאורה תבורי בע""\מ",IL,שוופס לימונייד,ליטרים,1.50,ליטר,false,0,6.00,4.00,true,1,
7290013702470,false,שוופס לימונדה ורודה1.5ל,"יפאורה תבורי בע""\מ",IL,שוופס לימונדה,ליטרים,1.50,ליטר,false,0,6.00,4.00,true,1,
7290013702555,false,שוופס מוגז עדין אננס1.5ל,יפאורה תבורי בעמ,IL,שוופס אננס,ליטרים,1.50,ליטר,false,0,6.00,4.00,true,1,
7290013719140,false,צ'יה 350 גרם,"ע.רן שיווק כיטוב בע""מ",IL,צ'יה,גרמים,350.00,100 גרם,false,1,17.90,5.11,true,1,
7290013719201,false,קינואה אדומה 400 גרם,"ע.רן שיווק כיטוב בע""מ",IL,קינואה אדומה,גרמים,400.00,100 גרם,false,1,14.90,3.73,true,1,
7290013719324,false,שומשום שחור 150 גרם,"ע.רן שיווק כיטוב בע""מ",IL,שומשום שחור,גרמים,150.00,100 גרם,false,1,14.90,9.93,true,1,
7290013724762,false,גרעין שחור 500 גרם,דין שיווק,IL,גרעין חמנייה,גרמים,500.00,100 גרם,false,0,10.00,2.00,true,1,
7290013724779,false,זיתים,,,זיתים,גרמים,400.00,100 גרם,false,0,10.00,2.50,true,1,
7290013725646,false,צ'ילי מתוק 700 גרם,,TH,צ'ילי מתוק,גרמים,700.00,100 גרם,false,0,9.90,1.41,true,1,
7290013725653,false,קרם קוקוס גולד,,TH,קרם קוקוס גולד,מיליליטרים,400.00,"100 מ""ל",false,0,6.90,1.73,true,1,
7290013725707,false,"שמן שומשום 150 מ""ל",,CN,שמן שומשום,מיליליטרים,150.00,"100 מ""ל",false,0,14.90,9.93,true,1,
7290013725752,false,נודלס דק להכנה מהירה400ג,,CN,נודלס דק,גרמים,400.00,100 גרם,false,0,6.90,1.73,true,1,
7290013725769,false,נודלס עבה הכנה מהירה400ג,,CN,נודלס עבה,גרמים,400.00,100 גרם,false,0,6.90,1.73,true,1,
7290013756220,false,ביודרים טיפות הרגעה 50מל,אלטמן,IL,ביודרים ט.הרגעה,מיליליטרים,50.00,"100 מ""ל",false,0,48.90,97.80,true,1,
7290013847379,false,טונה סטארקיסט בשמן140*6ג,סטארקיסט,IL,טונה סטארקיסט6יח,גרמים,840.00,100 גרם,false,1,29.90,3.56,true,1,
7290013847492,false,טונה סטארקיסט במים140*6ג,סטארקיסט,IL,טונה סטארקיסט6יח,גרמים,840.00,100 גרם,false,1,29.90,3.56,true,1,
7290013848017,false,מנקה/מבריק נירוסטה 500מל,"סנו מפעלי ברונוס בע""מ",IL,סנו נירוסטה,מיליליטרים,500.00,"100 מ""ל",false,1,19.90,3.98,true,1,
7290013848345,false,מטליות לחיטוי 50*3 יח',סנו מפעלי ברונוס בעמ,IL,מטליות ניקוי 3יח,יחידה,1.00,יחידה,false,1,18.90,18.90,true,1,
7290013848383,false,קרמה מן גל רחצה אקטיב700,קוסמופארם בע'\'\מ,IL,ג'ל רחצה קרמה מן,מיליליטרים,700.00,"100 מ""ל",false,0,14.90,2.13,true,1,
7290013848420,false,דאו.ג'ל אקטיב ספורט 70 מ,קוסמופארם בעמ,IL,דאו.ג'ל ספורט,מיליליטרים,70.00,"100 מ""ל",false,0,12.90,18.43,true,1,
7290013848727,false,סנופרש מכשיר+מילוי בוטיק,"יצרן מכשיר: זובלה, שנזן,",CN,סנופרש מארז,מיליליטרים,250.00,"100 מ""ל",false,1,34.90,13.96,true,1,
7290013848925,false,דאו.קרמה סטיק קלאסי65ג,אמיליה קוסמטיקס בעמ,IL,דאודורנט קרמה,גרמים,65.00,100 גרם,false,0,12.90,19.85,true,1,
7290013848932,false,דאו.קרמה סטיק מאסק65גר,קוסמופארם,IL,דאודורנט קרמה,גרמים,65.00,100 גרם,false,0,12.90,19.85,true,1,
7290013848970,false,דאו.קרמה ספריי קלאס150מ,מיוצר עי : אמיליה קוסמטי,IL,דאודורנט קרמה,מיליליטרים,150.00,"100 מ""ל",false,0,10.90,7.27,true,1,
7290013861412,false,חטיפי קוקוס 250גרם,דין שיווק,IL,חטיפי קוקוס,גרמים,250.00,100 גרם,false,0,9.90,3.96,true,1,
7290013861443,false,חטיפי בוטנים 250גרם,דין שיווק,IL,חטיפי בוטנים,גרמים,250.00,100 גרם,false,0,9.90,3.96,true,1,
7290013883407,false,"דזיטול מרסס 750 מ""ל",מרקה,ES,דזיטול מרסס,מיליליטרים,750.00,"100 מ""ל",false,0,14.90,1.99,true,1,
7290013906250,false,סלמי מהדרין קהילות 200 ג,טיב טירת צבי 2000,IL,סלמי מהדרין,גרמים,200.00,100 גרם,false,1,9.90,4.95,true,1,
7290013906267,false,כפרית מהדרין קהילות200ג,טיב טירת צבי 2000,IL,כפרית מהדרין200ג,גרמים,200.00,100 גרם,false,1,9.90,4.95,true,1,
7290013906281,false,"נקניקיות מהדרין 1 ק""ג",טיב טירת צבי 2000,IL,נקניקיות מהדרין,קילוגרמים,1.00,"ק""ג",false,0,24.90,24.90,true,1,
7290013906304,false,פסטרמה גחלים קהילות 400ג,טיב טירת צבי 2000,IL,פסטרמה 400 גרם,גרמים,400.00,100 גרם,false,0,26.90,6.73,true,1,
7290013906311,false,פסטרמה מעושנת קהילות400ג,טיב טירת צבי 2000,IL,פסטרמה 400 גרם,גרמים,400.00,100 גרם,false,0,26.90,6.73,true,1,
7290013906335,false,צמד נקניק מהדרין 600 גרם,טיב טירת צבי 2000,IL,צמד נקניק 600 גר,גרמים,600.00,100 גרם,false,0,19.90,3.32,true,1,
7290013906700,false,"נקניקיות הודו 1.5 ק""ג -",טיב טירת צבי 2000,IL,נקני הודו #1.5 ק,קילוגרמים,1.50,"ק""ג",false,1,29.90,19.93,true,1,
7290013906908,false,קציצות עוף ובקר מחפוד,טיב טירת צבי 2000,IL,קציצות עוף ובקר,גרמים,500.00,100 גרם,false,1,29.90,5.98,true,1,
7290013906922,false,נקניקיות הודו חריפות 1 ק,טיב טירת צבי 2000,IL,נקניקיות חריפות,גרמים,1000.00,100 גרם,false,1,24.90,2.49,true,1,
7290013906939,false,קורנדביף 120 גרם,טיב טירת צבי 2000,IL,קורנדביף 120 גרם,גרמים,120.00,100 גרם,false,1,16.90,14.08,true,1,
7290013906984,false,סלמי תה מחפוד 300 גרם,טיב טירת צבי 2000,IL,סלמי תה מחפוד,גרמים,300.00,100 גרם,false,1,18.90,6.30,true,1,
7290013906991,false,סלמי מהדרין 400 גרם,טיב טירת צבי 2000,IL,סלמי מהדרין,גרמים,400.00,100 גרם,false,1,14.90,3.73,true,1,
7290013927392,false,סירופ בטעם אננס 4 ליטר,"אחדות ביח""ר לטחינה",IL,סירופ בטעם אננס,קילוגרמים,4.00,"ק""ג",false,1,19.90,4.98,true,1,
7290013927408,false,סירופ בטעם ענבים 4 ליטר,"אחדות ביח""ר לטחינה",IL,סירופ בטעם ענבים,קילוגרמים,4.00,"ק""ג",false,1,19.90,4.98,true,1,
7290013927439,false,סירופ בטעם לימון 4 ליטר,"אחדות ביח""ר לטחינה",IL,סירופ בטעם לימון,קילוגרמים,4.00,"ק""ג",false,1,19.90,4.98,true,1,
7290014002197,false,חליטת קמומיל ולימונית25ש,ויסוצקי,IL,חליטת קמומיל,גרמים,75.00,100 גרם,false,0,15.90,21.20,true,1,
7290014002203,false,חליטת לימונית לואיזה 25ש,ויסוצקי,IL,חליטת לימונית,גרמים,75.00,100 גרם,false,0,15.90,21.20,true,1,
7290014083806,false,עוגיות טעם חמאה,,PT,עוגיות טעם חמאה,גרמים,350.00,100 גרם,false,0,11.90,3.40,true,1,
7290014087385,false,מארז קופסאות איחסון,,IL,מארז קופסאות,יחידה,1.00,יחידה,false,1,14.90,14.90,true,1,
7290014090040,false,אפונה 1.5קג,,,אפונה 1.5קג,קילוגרמים,1.50,"ק""ג",false,0,14.90,9.93,true,1,
7290014090057,false,שעועית שלמה,,IL,שעועית שלמה,קילוגרמים,1.50,"ק""ג",false,0,14.90,9.93,true,1,
7290014090064,false,שעועית חתוכה,,IL,שעועית חתוכה,קילוגרמים,1.50,"ק""ג",false,0,14.90,9.93,true,1,
7290014090071,false,שעועית צהובה,,IL,שעועית צהובה,קילוגרמים,1.50,"ק""ג",false,0,14.90,9.93,true,1,
7290014090088,false,אפונה וגזר,,IL,אפונה וגזר,קילוגרמים,1.50,"ק""ג",false,0,14.90,9.93,true,1,
7290014090095,false,ירקות העונה,,IL,ירקות העונה,קילוגרמים,1.50,"ק""ג",false,0,14.90,9.93,true,1,
7290014090460,false,שעועית שלמה עדינה 600 גר,הוראפרוסט,BE,שעועית שלמה 600ג,גרמים,600.00,100 גרם,false,1,11.90,1.98,true,1,
7290014090477,false,גרעיני תירס מוקפ,,IL,גרעיני תירס מוקפ,קילוגרמים,1.50,"ק""ג",false,0,14.90,9.93,true,1,
7290014090514,false,אפונה עדינה מאוד 600 גרם,הוראפרוסט,BE,אפונה עדינה 600ג,גרמים,600.00,100 גרם,false,1,11.90,1.98,true,1,
7290014090538,false,שערות קדאיף 400 גרם,,IL,שערות קדאיף,גרמים,400.00,100 גרם,false,0,16.90,4.23,true,1,
7290014090576,false,פולי סויה 450 גרם,עט רן,IL,פולי סויה,גרמים,450.00,100 גרם,false,0,8.90,1.98,true,1,
7290014090613,false,טורטיה 400 גרם,,IL,טורטיה 400 גרם,גרמים,400.00,100 גרם,false,0,12.90,3.23,true,1,
7290014090620,false,תחתיות  ארטישוק 600גרם,,IL,תחתיות  ארטישוק,גרמים,600.00,100 גרם,false,15,14.90,2.48,true,1,
7290014090644,false,"גרגירי חומוס 1 ק""ג",הוראפוסט,BE,גרגירי חומוס,קילוגרמים,1.00,"ק""ג",false,1,11.90,11.90,true,1,
7290014090651,false,"פול ירוק 1 ק""ג",הוראפוסט,BE,פול ירוק,קילוגרמים,1.00,"ק""ג",false,1,12.90,12.90,true,1,
7290014094307,false,סילאן טבעי,,IL,סילאן טבעי,גרמים,360.00,100 גרם,false,0,14.90,4.14,true,1,
7290014094567,false,שמן זית,,IL,שמן זית,מיליליטרים,750.00,"100 מ""ל",false,0,29.90,3.99,true,1,
7290014095458,false,חטיפי גרנולה,,MK,חטיפי גרנולה,גרמים,300.00,100 גרם,false,0,9.90,3.30,true,1,
7290014095472,false,חטיפי גרנולה,,IL,חטיפי גרנולה,יחידה,1.00,יחידה,false,0,9.90,9.90,true,1,
7290014205000,false,צלחות גדולות 50 יח,,IL,צלחות גדולות,יחידה,1.00,יחידה,false,1,14.90,14.90,true,1,
7290014205017,false,צלחות קטנות לבן 50 יח,,TR,צלחות קטנות לבן,יחידה,1.00,יחידה,false,1,6.90,6.90,true,1,
7290014205048,false,צלחות מרק 'שווה' .,,IL,צלחות מרק 'שווה',יחידה,1.00,יחידה,false,1,7.50,7.50,true,1,
7290014205062,false,כוסות שקוף עובי1.7 100יח,,IL,כוסות שקוף 100יח,יחידה,1.00,יחידה,false,1,7.90,7.90,true,1,
7290014205659,false,לבבות דקל שלמים 400 גרם,CANNING INTERNATIONAL,MA,לבבות דקל שלמים,גרמים,400.00,100 גרם,false,1,5.90,1.48,true,1,
7290014205666,false,לבבות דקל פרוס 400 גרם,CANNING INTERNATIONAL,MA,לבבות דקל פרוס,גרמים,400.00,100 גרם,false,1,4.90,1.23,true,1,
7290014205697,false,אננס חתוך בסירופ קל 565,,TH,אננס חתוך בסירופ,גרמים,565.00,100 גרם,false,1,6.90,1.22,true,1,
7290014218482,false,חטיפי פיצה גבינה בדצ 650,"מעדנות בע""\מ",IL,חטיפי פיצה,גרמים,650.00,100 גרם,false,1,24.90,3.83,true,1,
7290014218505,false,"מארז פיצות בד""צ 3 יחידות","מעדנות בע""\מ",IL,מארז פיצות,יחידה,1.00,יחידה,false,1,29.90,29.90,true,1,
7290014218536,false,בצק עלים מופחת שומן1קג,"מעדנות בע""\מ",IL,בצק עלים מופחת,גרמים,1000.00,100 גרם,false,1,15.90,1.59,true,1,
7290014236370,false,תבניות אלומיניום 18יח,,CN,תבניות אלומיניום,יחידה,1.00,יחידה,false,1,6.90,6.90,true,1,
7290014236387,false,תבניות אלומיניום 18יח,,CN,תבניות אלומיניום,יחידה,1.00,יחידה,false,1,6.90,6.90,true,1,
7290014236486,false,תבניות אלומיניום 8יח,,CN,תבניות אלומיניום,יחידה,1.00,יחידה,false,1,6.90,6.90,true,1,
7290014241589,false,מיקס אגוזים 150גרם,פיצוחי הטיב,IL,מיקס אגוזים,גרמים,150.00,100 גרם,false,0,14.90,9.93,true,1,
7290014241619,false,בוטנים מצופים מתובל200ג,"גי אנד גי בע""מ",IL,בוטנים מצופים,גרמים,200.00,100 גרם,false,1,6.90,3.45,true,1,
7290014241763,false,קשיו טבעי 200גרם,פיצוחי הטיב,IL,קשיו טבעי 200גרם,גרמים,200.00,100 גרם,false,0,17.90,8.95,true,1,
7290014256620,false,קריניאנו מבעבע באזז750מ,יקבי כרמל,IL,קריניאנו באזז,מיליליטרים,750.00,"100 מ""ל",false,0,22.90,3.05,true,1,
7290014256637,false,מוסקטו מבעבע באזז 750 מל,יקבי כרמל,IL,מוסקטו באזז,מיליליטרים,750.00,"100 מ""ל",false,0,22.90,3.05,true,1,
7290014258716,false,מטרנה צמחית 700 גרם,מטרנה תעשיות ש.מ,IL,מטרנה צמחי,גרמים,700.00,100 גרם,false,0,47.90,6.84,true,1,
7290014258877,false,מטרנה ספיישל מהדרין700ג,מטרנה,IL,מטרנה מהדרין700ג,גרמים,700.00,100 גרם,false,1,67.90,9.70,true,1,
7290014281196,false,"מצות מכונה ש.שועל לל""ג",טיב השיבולת,IL,מצות שיבולת שועל,גרמים,400.00,100 גרם,false,1,89.00,22.25,true,1,
7290014314924,false,יעה עם מקל מתקפל,רוחמה,IL,יעה+מקל,יחידה,1.00,יחידה,false,1,14.90,14.90,true,1,
7290014325036,false,סוכריות גלי שמחות 600 גר,מיה תעשיות מזון מ.ת.מ. ב,IL,סוכריות גלי,גרמים,600.00,100 גרם,false,0,18.90,3.15,true,1,
7290014325043,false,"פודינג בטעם וניל 1 ק""ג",מיה תעשיות מזון מ.ת.מ. ב,IL,פודינג טעם וניל,קילוגרמים,1.00,"ק""ג",false,0,13.90,13.90,true,1,
7290014325050,false,קורנפלור 500 גרם,מיה תעשיות מזון מ.ת.מ. ב,IL,קורנפלור,גרמים,500.00,100 גרם,false,0,3.90,0.78,true,1,
7290014325067,false,מארז תן צ'אפ כריות טבעי,מיה,IL,מארז תן צ'אפ,גרמים,96.00,100 גרם,false,0,7.90,8.23,true,1,
7290014325111,false,לקקנים בטעם קולה,,IL,לקקנים בטעם קולה,יחידה,1.00,יחידה,false,0,6.50,6.50,true,1,
7290014325128,false,לקקנים ט. פירות טרופים,מיה תעשיות מזון מ.ת.מ. ב,IL,לקקנים טעם פירות,גרמים,220.00,100 גרם,false,0,6.50,2.95,true,1,
7290014325135,false,קונפיטורה אוכמניות 340 ג,מיה תעשיות מזון מ.ת.מ. ב,IL,קונפיטורה,גרמים,340.00,100 גרם,false,0,8.90,2.62,true,1,
7290014325265,false,תן צ'אפ טבעות8יח,,IL,תן צ'אפ טבעות8יח,גרמים,125.00,100 גרם,false,0,7.90,6.32,true,1,
7290014325272,false,תן צ'אפ גלגלים,,IL,תן צ'אפ גלגלים,גרמים,125.00,100 גרם,false,0,7.90,6.32,true,1,
7290014325531,false,חמאת בוטנים 500 גרם,מיה תעשיות מזון מ.ת.מ. ב,IL,חמאת בוטנים,גרמים,500.00,100 גרם,false,0,11.90,2.38,true,1,
7290014355651,false,תפרחות ברוקולי מוקפאות,,EC,תפרחות ברוקולי,גרמים,800.00,100 גרם,false,1,16.90,2.11,true,1,
7290014355699,false,המבורגר גלאטשף 400 גרם,גלאט עוף,IL,המבורגר גלאטשף,גרמים,400.00,100 גרם,false,1,29.90,7.48,true,1,
7290014355705,false,קבב מקסיקני גלאטשף 400 ג,,IL,קבב מקסיקני גלאט,גרמים,400.00,100 גרם,false,1,29.90,7.48,true,1,
7290014355712,false,סטייק אנטריקוט גלאטשף,,IL,סטייק גלאטשף,גרמים,500.00,100 גרם,false,1,57.90,11.58,true,1,
7290014355729,false,נקניקיות קנקרס קפוא 375,גלאט עוף,IL,נקניקיות קנקרס ק,גרמים,375.00,100 גרם,false,1,27.90,7.44,true,1,
7290014355736,false,נקניקיות קראנץ' קפוא,גלאט עוף,IL,נקניקיות קראנץ',גרמים,375.00,100 גרם,false,1,19.90,5.31,true,1,
7290014355743,false,פסטרמה הודו חרדל ודבש,גלאט עוף,IL,פסטרמה הודו חרדל,גרמים,180.00,100 גרם,false,1,19.90,11.06,true,1,
7290014355750,false,פסטרמה הודו פילדלפיה,גלאט עוף,IL,פסטרמה הודו180ג,גרמים,180.00,100 גרם,false,1,19.90,11.06,true,1,
7290014355767,false,פסטרמה קורנביף 180 גרם,גלאט עוף,IL,פסטרמה קורנביף,גרמים,180.00,100 גרם,false,1,27.90,15.50,true,1,
7290014355774,false,פסטרמה רוסטביף 180 גרם,גלאט עוף,IL,פסטרמה רוסטביף,גרמים,180.00,100 גרם,false,1,27.90,15.50,true,1,
7290014355781,false,נקניקיות קנקרס חריפות 37,גלאט עוף,IL,נקניקיות קנקרס ח,גרמים,375.00,100 גרם,false,1,27.90,7.44,true,1,
7290014355798,false,נקניקיות צ'וריסוס קפו3,גלאט עוף,IL,נקניקיות צ'וריסו,גרמים,375.00,100 גרם,false,1,27.90,7.44,true,1,
7290014355811,false,קבב עגל גלאטשף 400 גרם,,IL,קבב גלאטשף,גרמים,400.00,100 גרם,false,1,29.90,7.48,true,1,
7290014397163,false,סנו פרש מילוי פלורל250מל,סנו מפעלי ברונוס בעמ,IL,סנו פרש פלורל,מיליליטרים,250.00,"100 מ""ל",false,1,11.90,4.76,true,1,
7290014397170,false,סנו פרש מילוי סופט 250מל,סנו מפעלי ברונוס בעמ,IL,סנו פרש סופט,מיליליטרים,250.00,"100 מ""ל",false,1,11.90,4.76,true,1,
7290014397279,false,שקיות מזון,,CN,שקיות מזון,יחידה,1.00,יחידה,false,0,8.90,8.90,true,1,
7290014397286,false,מרכך מרוכז חלב ודבש 1ל,סנו-מקסימה,IL,מרכך כביסה מרוכז,ליטרים,1.00,ליטר,false,0,14.90,14.90,true,1,
7290014397293,false,מרכך מרוכז פריחה לבנה1ל,סנו-מקסימה,IL,מרכך כביסה מרוכז,ליטרים,1.00,ליטר,false,0,14.90,14.90,true,1,
7290014397453,false,מסיר כתמים 3ליטר,,IL,מסיר כתמים 3ליטר,ליטרים,3.00,ליטר,false,0,24.90,8.30,true,1,
7290014397491,false,סנופרש ונ.קוקוס,,IL,סנופרש ונ.קוקוס,מיליליטרים,350.00,"100 מ""ל",false,0,9.90,2.83,true,1,
7290014397507,false,סנופרש מאסק מעוד,,IL,סנופרש מאסק מעוד,מיליליטרים,350.00,"100 מ""ל",false,0,9.90,2.83,true,1,
7290014397514,false,סנופרש כותנה,,IL,סנופרש כותנה,מיליליטרים,350.00,"100 מ""ל",false,0,9.90,2.83,true,1,
7290014397521,false,סנופרש לבנדר,,IL,סנופרש לבנדר,מיליליטרים,350.00,"100 מ""ל",false,0,9.90,2.83,true,1,
7290014397767,false,ריצפז פרש הום,,IL,ריצפז פרש הום,ליטרים,2.00,ליטר,false,0,17.90,8.95,true,1,
7290014397781,false,ריצפז פרש הום,,IL,ריצפז פרש הום,ליטרים,2.00,ליטר,false,0,17.90,8.95,true,1,
7290014397842,false,סנומט סמארט 90 לילות,סנו,IT,סנומט סמארט,יחידה,1.00,יחידה,false,1,39.90,39.90,true,1,
7290014397873,false,מרכך כביסה ג'נטל בריז 4ל,סנו מפעלי ברונוס בעמ,IL,מרכך מקסימה,ליטרים,4.00,ליטר,false,1,19.80,4.95,true,1,
7290014426061,false,משחת שיניים הלו קיטי50מ,(SALA  (CTS,IL,משחת שיניים,מיליליטרים,50.00,"100 מ""ל",false,0,10.90,21.80,true,1,
7290014434080,false,מקלות בטעם תות 20 גרם,,TR,מקלות בטעם תות,גרמים,20.00,100 גרם,false,1,1.50,7.50,true,1,
7290014434103,false,מקלות בטעם פטל 20 גרם,,TR,מקלות בטעם פטל,גרמים,20.00,100 גרם,false,1,1.50,7.50,true,1,
7290014434622,false,"פרילדה סוכריות גלי 1 ק""ג",קונפכטיז פי אנד די,GR,פרילדה סוכריות,קילוגרמים,1.00,"ק""ג",false,1,29.90,29.90,true,1,
7290014434837,false,סוכ. קטנות פרמידה 120גרם,"סוויט טיים פודסטופ בע""מ",CN,סוכ.קטנות פרמידה,גרמים,120.00,100 גרם,false,1,9.90,8.25,true,1,
7290014434929,false,שטיחים בטעם תות 20 גרם,,TR,שטיחים בטעם תות,גרמים,20.00,100 גרם,false,1,1.50,7.50,true,1,
7290014455245,false,גרנה פדנו משולש 200 גרם,גרנה פדני איטליה,IT,גבינה גרנה פדנו,גרמים,200.00,100 גרם,false,1,17.90,8.95,true,1,
7290014455252,false,גרנה פדנו מגורדת 100 גרם,,IT,גבינה גרנה פדנו,גרמים,100.00,100 גרם,false,1,8.90,8.90,true,1,
7290014455320,false,כדור מוצרלה פרסקה 100גרם,מחלבות גד,IL,מוצרלה פרסקה,גרמים,100.00,100 גרם,false,1,7.90,7.90,true,1,
7290014455467,false,מעדן שיבולת שועל 150 גרם,מחלבות גד,IL,מעדן שיבולת שועל,גרמים,150.00,100 גרם,false,1,4.90,3.27,true,1,
7290014455610,false,יוגורט עיזים +תות 125גרם,מחלבות גד,IL,יוגורט עיזים,גרמים,125.00,100 גרם,false,1,5.90,4.72,true,1,
7290014455627,false,יוגורט עיזים +דובדבן125ג,מחלבות גד,IL,יוגורט עיזים,גרמים,125.00,100 גרם,false,1,5.90,4.72,true,1,
7290014466463,false,"מוסקטו הר חרמון 750 מ""ל",יקב רמת הגולן,IL,הר חרמון מוסקטו,מיליליטרים,750.00,"100 מ""ל",false,0,29.90,3.99,true,1,
7290014466609,false,"גמלא מרלו 750 מ""ל",יקב רמת הגולן,IL,גמלא מרלו,מיליליטרים,750.00,"100 מ""ל",false,1,54.90,7.32,true,1,
7290014471412,false,"מוזלי בוטן לוז ושקד1ק""ג",דין שיווק,MK,מוזלי אגוזים,קילוגרמים,1.00,"ק""ג",false,0,19.90,19.90,true,1,
7290014471429,false,"מוזלי פירות יבשים 1 ק""ג",דין שיווק,MK,מוזלי פירות יבש,קילוגרמים,1.00,"ק""ג",false,0,19.90,19.90,true,1,
7290014471436,false,מוזלי צימוק תפוח וקינמון,דין שיווק,MK,מוזלי צימוק תפוח,יחידה,1.00,יחידה,false,0,19.90,19.90,true,1,
7290014471443,false,"גרנולה אגוזים 1 ק""ג",דין שיווק,MK,גרנולה אגוזים,קילוגרמים,1.00,"ק""ג",false,0,19.90,19.90,true,1,
7290014477049,false,פילה ברבוניה 400 גרם,בלדי,IL,פילה ברבוניה,גרמים,400.00,100 גרם,false,0,24.90,6.23,true,1,
7290014477407,false,פילה בקלה בלי עור,,CN,פילה בקלה,קילוגרמים,0.00,"ק""ג",true,1,15.90,15.90,true,1,
7290014536814,false,"עוגיות בוטנים כשל""פ",גידרון,IL,עוגיות בוטנים,גרמים,500.00,100 גרם,false,1,17.90,3.58,true,1,
7290014536913,false,"רולדה תמרים כשל""פ 500 גר",גידרון,IL,רולדה תמרים,גרמים,500.00,100 גרם,false,1,19.90,3.98,true,1,
7290014546134,false,קומפלקס ביופלבנואידים,,IL,קומפלקס ביופלבנו,יחידה,1.00,יחידה,false,1,43.90,43.90,true,1,
7290014546400,false,מורינגה 60 כמוסות,LTD .AMBROZIA,IL,מורינגה,יחידה,1.00,יחידה,false,1,49.90,49.90,true,1,
7290014562226,false,גרנולה,,IL,גרנולה,גרמים,400.00,100 גרם,false,0,11.90,2.98,true,1,
7290014562318,false,קינופלקס טבעי,,IL,קינופלקס טבעי,גרמים,200.00,100 גרם,false,0,14.90,7.45,true,1,
7290014562370,false,פריכוני כוסמת,,IL,פריכוני כוסמת,גרמים,50.00,100 גרם,false,0,3.90,7.80,true,1,
7290014562387,false,גרגרים נמסים קמו,,IL,גרגרים נמסים קמו,גרמים,200.00,100 גרם,false,0,17.90,8.95,true,1,
7290014562394,false,גרגרים נמסים שומ,,IL,גרגרים נמסים שומ,גרמים,200.00,100 גרם,false,0,17.90,8.95,true,1,
7290014562462,false,תרכיז תפוחים,,IL,תרכיז תפוחים,מיליליטרים,650.00,"100 מ""ל",false,0,18.90,2.91,true,1,
7290014562547,false,טחינה עינן 100%,,IL,טחינה עינן 100%,גרמים,700.00,100 גרם,false,0,19.90,2.84,true,1,
7290014562585,false,דייסה בטעם וניל,,IL,דייסה בטעם וניל,גרמים,200.00,100 גרם,false,0,8.50,4.25,true,1,
7290014562660,false,גרנולה קוקוס 400,,IL,גרנולה קוקוס 400,גרמים,400.00,100 גרם,false,0,11.90,2.98,true,1,
7290014562684,false,פריכיות אורז מרובעות130ג,בטר אנד דיפרנט,IL,פריכיות אורז,גרמים,130.00,100 גרם,false,1,6.90,5.31,true,1,
7290014562691,false,פריכיות תירס 130 גרם,בטר אנד דיפרנט,IL,פריכיות תירס,גרמים,130.00,100 גרם,false,1,6.90,5.31,true,1,
7290014581005,false,מארז פחמי הדרים-להבה 2קג,פחמי הלהבה,IL,מארז פחמי הדרים,קילוגרמים,2.00,"ק""ג",false,1,11.90,5.95,true,1,
7290014581531,false,מארז פחמים 100% עץ טבעי,פחמי הלהבה,IL,מארז פחמים,קילוגרמים,2.00,"ק""ג",false,1,11.90,5.95,true,1,
7290014651920,false,קבוקים שומשום בוטנים200ג,פיצוחי הטיב,IL,קבוקים 200גרם,גרמים,200.00,100 גרם,false,1,4.90,2.45,true,1,
7290014651944,false,שקדים שבביים מולבנים 100,"ג'אנדגי בע""מ",IL,שקדיים שבביים,גרמים,100.00,100 גרם,false,1,9.90,9.90,true,1,
7290014692541,false,צהובה מגורדת,,IL,צהובה מגורדת,גרמים,500.00,100 גרם,false,0,14.90,2.98,true,1,
7290014712225,false,גבינת שמנת בטעם טבעי200ג,גבינות הכפר בעמ,IL,גבינת שמנת,גרמים,200.00,100 גרם,false,1,7.90,3.95,true,1,
7290014712232,false,גבינת שמנת שום שמיר 200ג,גבינות הכפר בעמ,IL,גבינת שמנת,גרמים,200.00,100 גרם,false,1,7.90,3.95,true,1,
7290014712249,false,גבינת שמנת זיתים 200 גרם,גבינות הכפר בעמ,IL,גבינת שמנת זיתים,גרמים,200.00,100 גרם,false,1,7.90,3.95,true,1,
7290014712294,false,בייבי מוצרלה 150 גרם,גבינות הכפר בעמ,IL,בייבי מוצרלה,גרמים,150.00,100 גרם,false,1,9.90,6.60,true,1,
7290014712317,false,כדור מוצרלה 135 גרם,גבינות הכפר בעמ,IL,כדור מוצרלה,גרמים,135.00,100 גרם,false,1,8.90,6.60,true,1,
7290014712379,false,יוגורט אפרסק בקבוק 500מל,בת הרים,IL,יוגורט אפרסק,מיליליטרים,500.00,"100 מ""ל",false,1,14.90,2.98,true,1,
7290014712409,false,כדורי לבאנה בשמן 320 גרם,,IL,כדורי לבאנה בשמן,גרמים,320.00,100 גרם,false,1,26.90,8.41,true,1,
7290014712485,false,גבינה בסגנון הולנדית200ג,,IL,גבינה הולנדית,גרמים,200.00,100 גרם,false,1,8.90,4.45,true,1,
7290014712492,false,גבינה הולנדית מעושנת200ג,,IL,גבינה הולנדית,גרמים,200.00,100 גרם,false,1,8.90,4.45,true,1,
7290014712508,false,גבינה בסגנון מוצרלה 200,,IL,גבינה סג. מוצרלה,גרמים,200.00,100 גרם,false,1,8.90,4.45,true,1,
7290014712515,false,גבינה הולנדית פיקנטי200ג,,IL,גבינה הולנדית,גרמים,200.00,100 גרם,false,1,8.90,4.45,true,1,
7290014712539,false,יוגורט  תות שדה שתיה500מ,בת הרים,IL,יוגורט תות שדה,גרמים,500.00,100 גרם,false,1,14.90,2.98,true,1,
7290014712546,false,יוגורט שתיה פירות יער500,בת הרים,IL,יוגורט פירות יער,מיליליטרים,500.00,"100 מ""ל",false,1,14.90,2.98,true,1,
7290014712560,false,גבינת שמנת בצל מטוגן200ג,גבינות הכפר בעמ,IL,גבינת שמנת בצל,גרמים,200.00,100 גרם,false,1,7.90,3.95,true,1,
7290014725294,false,סוכרזית סוכרלוז 100שקיות,"ביסקול בע""מ",IL,סוכרזית סוכרלוז,גרמים,100.00,100 גרם,false,0,16.90,16.90,true,1,
7290014725348,false,סוכרזית קלאסי 100 שקיות,"ביסקול בע""מ",IL,סוכרזית קלאסי,גרמים,130.00,100 גרם,false,0,12.90,9.92,true,1,
7290014758117,false,יוגורט ביו 8 יח,,IL,יוגורט ביו 8 יח,קילוגרמים,1.20,"ק""ג",false,0,14.90,12.42,true,1,
7290014758148,false,גבינת גלבוע,,IL,גבינת גלבוע,גרמים,400.00,100 גרם,false,0,17.90,4.48,true,1,
7290014758162,false,חלב עיזים מלא 1ל,,IL,חלב עיזים מלא 1ל,ליטרים,1.00,ליטר,false,0,14.90,14.90,true,1,
7290014758544,false,"חמאה בד""ץ",,IL,"חמאה בד""ץ",גרמים,200.00,100 גרם,false,0,7.20,3.60,true,1,
7290014758681,false,קוטג 1% שומן,,IL,קוטג 1% שומן,גרמים,250.00,100 גרם,false,0,5.50,2.20,true,1,
7290014759084,false,גבינת נפוליאון,,IL,גבינת נפוליאון,גרמים,225.00,100 גרם,false,0,11.90,5.29,true,1,
7290014759701,false,יופלה וניל 8 יח,,IL,יופלה וניל 8 יח,קילוגרמים,1.20,"ק""ג",false,0,19.90,16.58,true,1,
7290014760134,false,מעדן סויה בטעם וניל 125ג,,IL,מעדן סויה וניל,גרמים,125.00,100 גרם,false,1,3.90,3.12,true,1,
7290014760141,false,משקה שקדים טרי 1 ליטר,סוי מג'יק,IL,משקה שקדים,ליטרים,1.00,ליטר,false,1,11.50,11.50,true,1,
7290014760516,false,גבינה צפתית 5%,,IL,גבינה צפתית 5%,גרמים,240.00,100 גרם,false,0,13.90,5.79,true,1,
7290014761056,false,יולו שוקולד חלב,,IL,יולו שוקולד חלב,גרמים,123.00,100 גרם,false,0,3.90,3.17,true,1,
7290014761063,false,יולו שוקולד מריר,,IL,יולו שוקולד מריר,גרמים,123.00,100 גרם,false,0,3.90,3.17,true,1,
7290014761070,false,יולו שוקולד לבן,,IL,יולו שוקולד לבן,גרמים,123.00,100 גרם,false,0,3.90,3.17,true,1,
7290014761193,false,פרילי פירות יער 125 גרם,מחלבת אלון תבור,IL,פרילי פירות יער,גרמים,125.00,100 גרם,false,0,2.90,2.32,true,1,
7290014761254,false,יוגורט 8 יחידות,,IL,יוגורט 8 יחידות,קילוגרמים,1.20,"ק""ג",false,0,14.90,12.42,true,1,
7290014761414,false,יולו שכבות שוקו.,,IL,יולו שכבות שוקו.,גרמים,123.00,100 גרם,false,0,3.90,3.17,true,1,
7290014761438,false,גבינה בולגרית,,IL,גבינה בולגרית,גרמים,400.00,100 גרם,false,0,24.90,6.23,true,1,
7290014761612,false,יולו שכבות שוקו.מריר122ג,מחלבת אלון תבור,IL,יולו שכבות שוקו.,גרמים,122.00,100 גרם,false,1,3.90,3.20,true,1,
7290014761698,false,"גב.צהובה סמי28% בד""צ600ג",,IL,גבינה צהובה סמי,גרמים,600.00,100 גרם,false,1,26.90,4.48,true,1,
7290014762756,false,נפוליאון 16%עם בצל 225ג,תנובה,IL,גבינת נפוליאון,גרמים,225.00,100 גרם,false,1,11.90,5.29,true,1,
7290014762770,false,מעדן סויה טעם אפרסק125גר,סוי מג'יק,IL,מעדן סויה,גרמים,125.00,100 גרם,false,1,3.90,3.12,true,1,
7290014762787,false,מעדן סויה בטעם תות 125גר,סוי מג'יק,IL,מעדן סויה ט.תות,גרמים,125.00,100 גרם,false,1,3.90,3.12,true,1,
7290014762794,false,מעדן סויה מתיק.מעודנת125,סוי מג'יק,IL,מעדן סויה,גרמים,125.00,100 גרם,false,1,3.90,3.12,true,1,
7290014762800,false,מעדן סויה טעם שוקולד125ג,סוי מג'יק,IL,מעדן סויה ט.שוקו,גרמים,125.00,100 גרם,false,1,3.90,3.12,true,1,
7290014762831,false,נפוליאון+חלפיניו25% 225ג,תנובה,IL,גבינת נפוליאון,גרמים,225.00,100 גרם,false,1,11.90,5.29,true,1,
7290014762848,false,פתיתי גלבוע 22% 500 גרם,,IL,פתיתי גלבוע,גרמים,500.00,100 גרם,false,1,29.90,5.98,true,1,
7290014762954,false,מאגדת יופלה פרי150*4גרם,מחלבת אלון תבור,IL,מאגדת יופלה,גרמים,600.00,100 גרם,false,1,14.90,2.48,true,1,
7290014763272,false,משקה סויה ביו תות בנ250מ,סוי מג'יק,IL,משקה סויה ביו,מיליליטרים,250.00,"100 מ""ל",false,1,4.90,1.96,true,1,
7290014763418,false,יוגורט כד4% מהדרין 1.5ל,מחלבת אלון תבור,IL,יוגורט כד 1.5 ל',ליטרים,1.50,ליטר,false,1,15.90,10.60,true,1,
7290014763579,false,מעדן סויה ביו פ.יער125גר,,IL,מעדן סויה ביו,גרמים,125.00,100 גרם,false,1,3.90,3.12,true,1,
7290014763890,false,משקה חלב אגוז לוז1% 800מ,תנובה,IL,משקה חלב,מיליליטרים,800.00,"100 מ""ל",false,1,6.70,0.84,true,1,
7290014775442,false,מגנזיום UP אלטמן בדצ75כמ,ALT TEVA TAAM    (ALTMAN,IL,מגנזיום UP אלטמן,יחידה,1.00,יחידה,false,0,60.90,60.90,true,1,
7290014791237,false,שוופס מים 0קלור.אפרסק1.5,יפאורה שותפות מובגלת לשי,IL,שוופס מים אפרסק,ליטרים,1.50,ליטר,false,0,5.50,3.67,true,1,
7290014791558,false,שוופס סודה נענע לי1.5*4ל,"יפאורה תבורי בע""\מ",IL,שוופס סודה 4 יח,ליטרים,6.00,ליטר,false,0,9.90,1.65,true,1,
7290014791565,false,שוופס מוגז ענבים 1.5ליטר,"יפאורה תבורי בע""\מ",IL,שוופס ענבים,ליטרים,1.50,ליטר,false,1,6.00,4.00,true,1,
7290014791589,false,תפוזינה לימונדה נענע1.5ל,"יפאורה תבורי בע""\מ",IL,תפוזינה לימונדה,ליטרים,1.50,ליטר,false,0,5.90,3.93,true,1,
7290014791770,false,פרוט ווטר ענבים 1.5 ליטר,"יפאורה תבורי בע""\מ",IL,פרוט ווטר ענבים,ליטרים,1.50,ליטר,false,1,6.90,4.60,true,1,
7290014791787,false,פרוט ווטר אננס 1.5 ליטר,"יפאורה תבורי בע""\מ",IL,פרוט ווטר אננס,ליטרים,1.50,ליטר,false,1,6.90,4.60,true,1,
7290014791800,false,פרוט ווטר אפרסק 1.5 ליטר,"יפאורה תבורי בע""\מ",IL,פרוט ווטר אפרסק,ליטרים,1.50,ליטר,false,1,6.90,4.60,true,1,
7290014791817,false,פרוט ווטר אבטיח 1.5 ליטר,"יפאורה תבורי בע""\מ",IL,פרוט ווטר אבטיח,ליטרים,1.50,ליטר,false,1,6.90,4.60,true,1,
7290014791824,false,פרוט ווטר תות 1.5 ליטר,"יפאורה תבורי בע""\מ",IL,פרוט ווטר תות,ליטרים,1.50,ליטר,false,1,6.90,4.60,true,1,
7290014832725,false,חמוציות ללא סכר 100 גרם,,IL,חמוציות ללא סוכר,גרמים,100.00,100 גרם,false,1,8.90,8.90,true,1,
7290014832824,false,חמוציות ללא סוכר 170 גרם,,IL,חמוציות ללא סוכר,גרמים,170.00,100 גרם,false,1,11.90,7.00,true,1,
7290014856042,false,"מורדובה פרימיום 750 מ""ל","פלורנטינה בר קפה בע""מ",IL,מורדובה פרימיום,מיליליטרים,750.00,"100 מ""ל",false,1,99.90,13.32,true,1,
7290014856059,false,מורדובה בטעם בזיליקום750,"פלורנטינה בר קפה בע""מ",IL,מורדובה בזיליקום,מיליליטרים,750.00,"100 מ""ל",false,1,99.90,13.32,true,1,
7290014867130,false,שום גבישי דרומה 300 גרם,דרומה,IL,שום גבישי דרומה,גרמים,300.00,100 גרם,false,0,11.90,3.97,true,1,
7290014867178,false,תבלין לפיצה בשקית 80 גרם,דרומה,IL,תבלין לפיצה,גרמים,80.00,100 גרם,false,1,3.50,4.38,true,1,
7290014867246,false,שביבי בצל צנצנת,,IL,שביבי בצל צנצנת,גרמים,140.00,100 גרם,false,1,11.90,8.50,true,1,
7290014867253,false,אגוז טחון 400 גרם,"טיפנברון בע""מ",IL,אגוז טחון,גרמים,400.00,100 גרם,false,1,29.90,7.48,true,1,
7290014867321,false,שקד טחון 400 גרם,דרומה,IL,שקד טחון,גרמים,400.00,100 גרם,false,1,29.90,7.48,true,1,
7290014867338,false,שקד מולבן טחון 400 גרם,דרומה,IL,שקד מולבן,גרמים,400.00,100 גרם,false,1,29.90,7.48,true,1,
7290014867345,false,שקד מולבן פרוס 400 גרם,דרומה,IL,שקד מולבן פרוס,גרמים,400.00,100 גרם,false,1,34.90,8.73,true,1,
7290014867369,false,שקד מולבן שביבים 400 גרם,דרומה,IL,שקד מולבן,גרמים,400.00,100 גרם,false,1,34.90,8.73,true,1,
7290014867376,false,"מיץ תפוחים כשל""פ 1.89 לי",,US,"מיץ תפוחים כשל""פ",ליטרים,1.89,ליטר,false,1,15.90,8.41,true,1,
7290014890145,false,גבינת שמנת 25% 225 גרם,משק יעקבס,IL,גבינת שמנת,גרמים,225.00,100 גרם,false,1,9.90,4.40,true,1,
7290014890152,false,גבינת שמנת זיתים25% 225ג,משק יעקבס,IL,גבינת שמנת,גרמים,225.00,100 גרם,false,1,9.90,4.40,true,1,
7290014890176,false,ריקוטה סגנון איטלק5% 250,משק יעקבס,IL,גבינת ריקוטה,גרמים,250.00,100 גרם,false,1,10.90,4.36,true,1,
7290014907027,false,נילוס ארוז מחיר לפי משקל,ג.עופר,TZ,נילוס ארוז,קילוגרמים,0.00,"ק""ג",true,1,39.90,39.90,true,1,
7290014907195,false,סטייק טונה אלבקור שקיל,,VN,סטייק טונה,קילוגרמים,0.00,"ק""ג",true,1,44.90,44.90,true,1,
7290014907508,false,פילה נסיכת הנילוס שקיל,ג.עופר,TZ,נסיכת הנילוס,קילוגרמים,0.00,"ק""ג",true,1,39.90,39.90,true,1,
7290014907737,false,פילה לברק9-7 שקיל,יאנגגינג סיפורט,CN,פילה לברק,קילוגרמים,0.00,"ק""ג",true,1,39.90,39.90,true,1,
7290014940093,false,הלחמניה הקלה 54*6 גרם,מאפיית שלמה א. אנג'\ל בע,IL,הלחמניה הקלה 6יח,גרמים,324.00,100 גרם,false,0,11.90,3.67,true,1,
7290014940901,false,לחם פשוט מלא 750 גרם,מאפיית שלמה א. אנג'\ל בע,IL,לחם מלא,גרמים,750.00,100 גרם,false,1,12.90,1.72,true,1,
7290014949768,false,"אוטן אפטר בייט 25 מ""ל",ג'ונסון,IT,אוטן אפטר בייט,מיליליטרים,25.00,"100 מ""ל",false,0,14.90,59.60,true,1,
7290014974593,false,גביעי גלידה ללא גלוטן132,גילרו,IL,גביעי גלידה,גרמים,132.00,100 גרם,false,1,11.90,9.02,true,1,
7290014975408,false,מגן תחתון שחור 40 יחידות,,CN,מגן תחתון שחור,יחידה,1.00,יחידה,false,1,16.90,16.90,true,1,
7290015006491,false,"שמיכת קיץ 200*150 ס""מ",,CN,שמיכת קיץ,יחידה,1.00,יחידה,false,1,49.90,49.90,true,1,
7290015008655,false,כפות שקוף 50 יח' .,,TR,כפות שקוף 50 יח',יחידה,1.00,יחידה,false,1,7.90,7.90,true,1,
7290015008662,false,מזלג שקוף 50 יח,,TR,מזלג שקוף 50 יח',יחידה,1.00,יחידה,false,1,7.90,7.90,true,1,
7290015008679,false,סכין שקוף 50 יח',,TR,סכין שקוף 50 יח',יחידה,1.00,יחידה,false,1,7.90,7.90,true,1,
7290015008686,false,כפיות שקוף 50 יח,,TR,כפות שקוף 50 יח',יחידה,1.00,יחידה,false,1,5.90,5.90,true,1,
7290015012393,false,אנגלית משפחה חג,,IL,אנגלית משפחה חג,יחידה,1.00,יחידה,false,0,40.00,40.00,true,1,
7290015139465,false,מיקס בייגלה מצופה ש.חלב,כרמית תעשיות ממתקים בעמ,IL,מיקס בייגלה55גרם,גרמים,55.00,100 גרם,false,1,3.90,7.09,true,1,
7290015139519,false,מיני וופל מצופה שוקולד55,כרמית,IL,מיני וופל מצופה,גרמים,55.00,100 גרם,false,1,3.90,7.09,true,1,
7290015139526,false,וופל בציפוי שוקולד 125 ג,כרמית,IL,וופל ציפוי שוקול,גרמים,125.00,100 גרם,false,1,9.90,7.92,true,1,
7290015139533,false,וופל לימון 200 גרם,"כרמית תעשיות ממתקים בע""\",IL,וופל לימון,גרמים,200.00,100 גרם,false,1,9.90,4.95,true,1,
7290015139557,false,וופל  שוקולד 200 גרם,"כרמית תעשיות ממתקים בע""\",IL,וופל שוקולד,גרמים,200.00,100 גרם,false,1,9.90,4.95,true,1,
7290015155311,false,שישיית פרינוק,,CZ,שישיית פרינוק,קילוגרמים,1.14,"ק""ג",false,0,19.90,17.46,true,1,
7290015155328,false,שישיית פרינוק,,CZ,שישיית פרינוק,קילוגרמים,1.14,"ק""ג",false,0,19.90,17.46,true,1,
7290015155335,false,שישיית פרינוק,,CZ,שישיית פרינוק,קילוגרמים,1.14,"ק""ג",false,0,19.90,17.46,true,1,
7290015155342,false,שישיית פרינוק,,CZ,שישיית פרינוק,קילוגרמים,1.14,"ק""ג",false,0,19.90,17.46,true,1,
7290015193832,false,ארומה קרקר שומשום 300 גר,פפושדו,IL,קרקר שומשום,גרמים,300.00,100 גרם,false,1,5.90,1.97,true,1,
7290015193849,false,ארומה קרקר מלח 300 גרם,פפושדו,IL,קרקר מלח,גרמים,300.00,100 גרם,false,1,5.90,1.97,true,1,
7290015193962,false,WOK דפים מקמח אורז 200 ג,,VN,דפים מקמח אורז,גרמים,200.00,100 גרם,false,1,5.90,2.95,true,1,
7290015194013,false,מארז פאף פיקנטי 10*16 גר,אשבול,IL,מארז פאף פיקנטי,גרמים,160.00,100 גרם,false,1,7.90,4.94,true,1,
7290015194044,false,מארז שאשא תות בננה 10*16,אשבול,IL,מארז שאשא תות,גרמים,160.00,100 גרם,false,1,7.90,4.94,true,1,
7290015194068,false,מארז שאשא תות 10*16גרם,אשבול,IL,מארז שאשא,גרמים,160.00,100 גרם,false,1,7.90,4.94,true,1,
7290015194082,false,מארז שאשא בטעם תות וניל,אשבול,IL,מארז שאשא,גרמים,160.00,100 גרם,false,1,7.90,4.94,true,1,
7290015194365,false,מאגדת פאף בצל 20X10 גרם,אשבול,IL,מאגדת פאף בצל,גרמים,200.00,100 גרם,false,1,8.90,4.45,true,1,
7290015194372,false,מאגדת פאף ברביקיו 20X10,אשבול,IL,מאגדת פאף,גרמים,200.00,100 גרם,false,1,8.90,4.45,true,1,
7290015194389,false,מאגדת פאף שום בצל 20*10,אשבול,IL,מאגדת פאף,גרמים,200.00,100 גרם,false,1,8.90,4.45,true,1,
7290015194396,false,מאגדת פאף על האש 20X10 ג,אשבול,IL,מאגדת פאף על האש,גרמים,200.00,100 גרם,false,1,8.90,4.45,true,1,
7290015194532,false,קרמלי נוגט 70 גרם,אשבול,IL,קרמלי נוגט,גרמים,70.00,100 גרם,false,1,2.90,4.14,true,1,
7290015194549,false,קרמלי שוקולד 70 גרם,אשבול,IL,קרמלי שוקולד,גרמים,70.00,100 גרם,false,1,2.90,4.14,true,1,
7290015194556,false,קרמלי חלבה 70 גרם,אשבול,IL,קרמלי חלבה,גרמים,70.00,100 גרם,false,1,2.90,4.14,true,1,
7290015194563,false,קרמלי תות 70 גרם,אשבול,IL,קרמלי תות,גרמים,70.00,100 גרם,false,1,2.90,4.14,true,1,
7290015194648,false,שלווה חיטה תפוחה ומתוקה,אשבול,IL,שלווה חיטה תפוחה,גרמים,40.00,100 גרם,false,1,1.90,4.75,true,1,
7290015194686,false,דגן תירס תפוח מתוק 30 גר,אשבול,IL,דגן תירס תפוח,גרמים,30.00,100 גרם,false,1,1.90,6.33,true,1,
7290015219327,false,מסנן כיור סיליקון,נוי שיווק,CN,מסנן כיור,יחידה,1.00,יחידה,false,1,12.90,12.90,true,1,
7290015219464,false,נטלה נירוסטה לנטילת ידים,,IL,נטלה נירוסטה,יחידה,1.00,יחידה,false,1,12.90,12.90,true,1,
7290015219556,false,לקקן סיליקון קראט .,,IL,לקקן סיליקון,יחידה,1.00,יחידה,false,1,9.90,9.90,true,1,
7290015219563,false,מברשת ביצה סיליקון קראט,,IL,מברשת ביצה,יחידה,1.00,יחידה,false,1,9.90,9.90,true,1,
7290015282581,false,חומוס אבו גוש+חריף 200 ג,סלטי שמיר,IL,חומוס אבו גוש,גרמים,200.00,100 גרם,false,0,6.90,3.45,true,1,
7290015282598,false,חומוס מסעדות 200 גרם,סלטי שמיר,IL,חומוס,גרמים,200.00,100 גרם,false,0,6.90,3.45,true,1,
7290015282604,false,טחינה מיוחדת 200 גרם,סלטי שמיר,IL,טחינה מיוחדת,גרמים,200.00,100 גרם,false,0,6.90,3.45,true,1,
7290015282628,false,חציל בטעם כבד 200 גרם,סלטי שמיר,IL,חציל בטעם כבד,גרמים,200.00,100 גרם,false,0,6.90,3.45,true,1,
7290015282635,false,חומוס מסבחה 200 גרם,סלטי שמיר,IL,חומוס מסבחה,גרמים,200.00,100 גרם,false,0,6.90,3.45,true,1,
7290015282642,false,חומוס אבו גוש 200 גרם,סלטי שמיר,IL,חומוס אבו גוש,גרמים,200.00,100 גרם,false,0,6.90,3.45,true,1,
7290015282673,false,חציל במיונז ביתי 200 גרם,סלטי שמיר,IL,חציל במיונז,גרמים,200.00,100 גרם,false,0,6.90,3.45,true,1,
7290015282680,false,קישוא בטעם כבד 200 גרם,סלטי שמיר,IL,קישוא בטעם כבד,גרמים,200.00,100 גרם,false,0,6.90,3.45,true,1,
7290015282697,false,כרוב אדום 200 גרם,סלטי שמיר,IL,כרוב אדום,גרמים,200.00,100 גרם,false,0,6.90,3.45,true,1,
7290015282710,false,קוביות סלק 200 גרם,סלטי שמיר,IL,קוביות סלק,גרמים,200.00,100 גרם,false,0,6.90,3.45,true,1,
7290015282727,false,גזר מרוקאי 200 גרם,סלטי שמיר,IL,גזר מרוקאי,גרמים,200.00,100 גרם,false,0,6.90,3.45,true,1,
7290015282734,false,מטבוחה 200 גרם,סלטי שמיר,IL,מטבוחה 200 גרם,גרמים,200.00,100 גרם,false,0,6.90,3.45,true,1,
7290015310000,false,סט סכינים יחידה,אליבו,IL,סט סכינים,יחידה,1.00,יחידה,false,1,22.90,22.90,true,1,
7290015328579,false,מגולגלת במילוי שוקולד,הגביע,IL,מגולגלת 115גרם,גרמים,115.00,100 גרם,false,1,5.90,5.13,true,1,
7290015328593,false,מגולגלות במילוי קרם אגוז,הגביע,IL,מגולגלות 115גרם,גרמים,115.00,100 גרם,false,1,5.90,5.13,true,1,
7290015347280,false,מעדן תות 280 גרם,,BG,מעדן תות,גרמים,280.00,100 גרם,false,1,11.90,4.25,true,1,
7290015347297,false,מעדן דובדבנים 280 גרם,,BG,מעדן דובדבנים,גרמים,280.00,100 גרם,false,1,11.90,4.25,true,1,
7290015347303,false,מעדן אוכמניות 280 גרם,,BG,מעדן אוכמניות,גרמים,280.00,100 גרם,false,1,11.90,4.25,true,1,
7290015347310,false,מעדן משמש 280 גרם,,BG,מעדן משמש,גרמים,280.00,100 גרם,false,1,11.90,4.25,true,1,
7290015347358,false,סודה לשתיה בקרטון 50 גרם,מיה תעשיות מזון מ.ת.מ. ב,IL,סודה לשתיה,גרמים,50.00,100 גרם,false,1,1.50,3.00,true,1,
7290015347426,false,"סוכריות קולה לימון לל""ס",מיה תעשיות מזון מ.ת.מ. ב,IL,סוכריות קולה,גרמים,80.00,100 גרם,false,1,5.80,7.25,true,1,
7290015347433,false,"סוכריות פינה קולדה לל""ס",מיה תעשיות מזון מ.ת.מ. ב,IL,סוכריות פינה קול,גרמים,80.00,100 גרם,false,1,5.80,7.25,true,1,
7290015347464,false,קינואה מעורבת 400 גרם,מיה תעשיות מזון מ.ת.מ. ב,IL,קינואה מעורבת,גרמים,400.00,100 גרם,false,1,19.90,4.98,true,1,
7290015347488,false,"סוכר דמררה בשקית 1 ק""ג",מיה תעשיות מזון מ.ת.מ. ב,IL,סוכר דמררה,קילוגרמים,1.00,"ק""ג",false,0,7.90,7.90,true,1,
7290015347525,false,צ'יפס בטטה עם שום 80 גרם,מיה תעשיות מזון מ.ת.מ. ב,IL,צ'יפס בטטה,גרמים,80.00,100 גרם,false,1,7.90,9.88,true,1,
7290015347532,false,צ'יפס בטטה+שמן זית 80 גר,מיה,IL,צ'יפס בטטה,גרמים,80.00,100 גרם,false,1,7.90,9.88,true,1,
7290015347556,false,גבישי שום 300 גרם,מיה,IL,גבישי שום300גרם,גרמים,300.00,100 גרם,false,1,24.90,8.30,true,1,
7290015347679,false,"צילי גרוס בצנצנת כשל""פ 7",מיה תעשיות מזון מ.ת.מ. ב,IL,צילי גרוס,גרמים,70.00,100 גרם,false,1,7.90,11.29,true,1,
7290015347686,false,"צילי גרוס בשקית כשל""פ 50",מיה תעשיות מזון מ.ת.מ. ב,IL,צילי גרוס,גרמים,50.00,100 גרם,false,1,5.90,11.80,true,1,
7290015347761,false,סוכריות ג'לי כוכבים מיה,מיה תעשיות מזון מ.ת.מ. ב,IL,ג'לי כוכבים,גרמים,125.00,100 גרם,false,1,4.90,3.92,true,1,
7290015347778,false,סוכריות ג'לי דגים 125 גר,מיה תעשיות מזון מ.ת.מ. ב,IL,ג'לי דגים,גרמים,125.00,100 גרם,false,1,4.90,3.92,true,1,
7290015347785,false,סוכריות ג'לי לבבות 125 ג,מיה תעשיות מזון מ.ת.מ. ב,IL,ג'לי לבבות,גרמים,125.00,100 גרם,false,1,4.90,3.92,true,1,
7290015347990,false,מארז עדשי שוקולד 20*8 ג,מיה,IL,עדשי שוקולד מארז,גרמים,160.00,100 גרם,false,1,9.90,6.19,true,1,
7290015350150,false,אדום חצי יבש של סגל750מל,"כרמי צבי - אחים סגל בע""\",IL,יין אדום חצי יבש,מיליליטרים,750.00,"100 מ""ל",false,1,16.90,2.25,true,1,
7290015366663,false,משחה אקווה פרש עדין100,MICLEN DE,SK,משחה אקווה פרש,מיליליטרים,100.00,"100 מ""ל",false,1,6.90,6.90,true,1,
7290015366670,false,משחה אקווה פרש מנטה 100,MICLEN DE,SK,משחה אקווה פרש,מיליליטרים,100.00,"100 מ""ל",false,1,6.90,6.90,true,1,
7290015493130,false,נביעות+ רכיב.ט.מנגו1.5ל,"נביעות טבע הגליל בע""מ",IL,נביעות+ טעם מנגו,ליטרים,1.50,ליטר,false,1,7.90,5.27,true,1,
7290015493154,false,נביעות+רכ.פרי ט.אבטיח1.5,"נביעות טבע הגליל בע""מ",IL,נביעות+טעם אבטיח,ליטרים,1.50,ליטר,false,1,7.90,5.27,true,1,
7290015493161,false,נביעות+ פרי ט.אננס 1.5ל',"נביעות טבע הגליל בע""מ",IL,נביעות+ טעם אננס,ליטרים,1.50,ליטר,false,1,7.90,5.27,true,1,
7290015573061,false,"מי פה כשר לפסח 120 מ""ל",,IL,מי פה כשר לפסח,מיליליטרים,120.00,"100 מ""ל",false,1,9.90,8.25,true,1,
7290015597210,false,מאגדת קורנטו וניל 378 גר,שטראוס,IL,מאגדת קורנטו וני,גרמים,378.00,100 גרם,false,1,31.90,8.44,true,1,
7290015597326,false,מאגדת אייס לייט 312גרם,"גלידת שטראוס בע""\מ",IL,מאגדת אייס לייט,גרמים,312.00,100 גרם,false,1,23.90,7.66,true,1,
7290015597548,false,קרמיסימו בננה שוקולד 1.3,"גלידת שטראוס בע""\מ",IL,קרמיסימו בננה,יחידה,1.00,יחידה,false,1,17.90,17.90,true,1,
7290015616591,false,תה שחור קלאסי 25 שקיקים,תה עדנים,IL,תה שחור קלאסי,גרמים,25.00,100 גרם,false,1,4.90,19.60,true,1,
7290015644297,false,לחמניות פשוט מלא 75*6גרם,מאפיית שלמה א. אנג'\ל בע,IL,לחמניות 6 יח',גרמים,450.00,100 גרם,false,1,9.90,2.20,true,1,
7290015652544,false,גריל עוף ארומטי אהרונ130,נווה התבלין,IL,גריל עוף ארומטי,גרמים,130.00,100 גרם,false,1,14.90,11.46,true,1,
7290015674249,false,מארז 24 מקלות חמוצים פטל,,CN,מקלות חמוצים פטל,גרמים,480.00,100 גרם,false,1,29.90,6.23,true,1,
7290015674881,false,סוכריות טופי חלבי 230 גר,פ&ד מוזיקסשוגארי פרודאקט,GR,סוכ.טופי חלבי,גרמים,230.00,100 גרם,false,1,9.90,4.30,true,1,
7290015690072,false,צ'יק צ'אק פלאפל 190 גרם,"10 ברוס ע.ט בע""מ",IL,צ'יק צ'אק פלאפל,גרמים,190.00,100 גרם,false,1,2.90,1.53,true,1,
7290015726788,false,עוגת גבינה פירור ללתס400,גידרון,IL,עוגת גבינה פירור,גרמים,400.00,100 גרם,false,1,29.90,7.48,true,1,
7290015733205,false,מטרנה מהדרין אקסטרה שלב,נסטלה,IL,מטרנה אקסטרה,גרמים,700.00,100 גרם,false,1,59.90,8.56,true,1,
7290015733229,false,מטרנה אקסטרה מהדרין שלב2,מטרנה,IL,מטרנה אקסטרה,גרמים,700.00,100 גרם,false,1,59.90,8.56,true,1,
7290015733243,false,מטרנה מהדרין אקסטרה שלב3,נסטלה,IL,מטרנה אקסטרה,גרמים,700.00,100 גרם,false,1,59.90,8.56,true,1,
7290015745284,false,מתלה כביסה מתכת,,CN,מתלה כביסה מתכת,יחידה,1.00,יחידה,false,1,39.90,39.90,true,1,
7290015765619,false,"ברזל פלוס בד""צ",אלטמן,IL,"ברזל פלוס בד""צ",יחידה,1.00,יחידה,false,0,62.90,62.90,true,1,
7290015765688,false,"פרנטל בד""צ",אלטמן,IL,"פרנטל בד""צ",יחידה,1.00,יחידה,false,0,57.90,57.90,true,1,
7290015781008,false,"יין ויז'ן מרלו 750 מ""ל","יקב טפרברג 1870 בע""מ",IL,יין ויז'ן מרלו,מיליליטרים,750.00,"100 מ""ל",false,1,28.90,3.86,true,1,
7290015781015,false,"יין ויז'ן מלבק 750 מ""ל","יקב טפרברג 1870 בע""מ",IL,יין ויז'ין מלבק,מיליליטרים,750.00,"100 מ""ל",false,1,28.90,3.86,true,1,
7290015781046,false,יין ויז'ן לבן חצי יבש750,"יקב טפרברג 1870 בע""מ",IL,יין ויז'ן לבן,מיליליטרים,750.00,"100 מ""ל",false,1,28.90,3.86,true,1,
7290015781053,false,יין ויז'ן לבן יבש 750 מל,"יקב טפרברג 1870 בע""מ",IL,יין ויז'ן לבן,מיליליטרים,750.00,"100 מ""ל",false,1,28.90,3.86,true,1,
7290015781091,false,"קברנה ויז'ן 750 מ""ל","יקב טפרברג 1870 בע""מ",IL,קברנה ויז'ן,מיליליטרים,750.00,"100 מ""ל",false,1,28.90,3.86,true,1,
7290015781107,false,יין סנג'ובזה אימפרשן750מ,"יקב טפרברג 1870 בע""מ",IL,יין סנג'ובזה,מיליליטרים,750.00,"100 מ""ל",false,1,38.90,5.19,true,1,
7290015781114,false,"מרלו אימפרשן 750 מ""ל","יקב טפרברג 1870 בע""מ",IL,יין מרלו,מיליליטרים,750.00,"100 מ""ל",false,1,38.90,5.19,true,1,
7290015781121,false,"קברנה אימפרשן 750 מ""ל","יקב טפרברג 1870 בע""מ",IL,יין קברנה,מיליליטרים,750.00,"100 מ""ל",false,1,38.90,5.19,true,1,
7290015781145,false,"ריזלינג אימפרשן 500 מ""ל","יקב טפרברג 1870 בע""מ",IL,יין ריזלינג,מיליליטרים,500.00,"100 מ""ל",false,1,38.90,7.78,true,1,
7290015781169,false,יין חצי יבש אימפרשן 750,"יקב טפרברג 1870 בע""מ",IL,יין חצי יבש,מיליליטרים,750.00,"100 מ""ל",false,1,38.90,5.19,true,1,
7290015781268,false,"מוסקטו אדום מתוק750 מ""ל","יקב טפרברג 1870 בע""מ",IL,מוסקטו אדום מתוק,מיליליטרים,750.00,"100 מ""ל",false,1,29.90,3.99,true,1,
7290015781275,false,"מוסקטו לבן מתוק 750 מ""ל","יקב טפרברג 1870 בע""מ",IL,מוסקטו לבן מתוק,מיליליטרים,750.00,"100 מ""ל",false,1,29.90,3.99,true,1,
7290015781282,false,גוורצטרמינר אימפרשן750מ,,IL,יין גוורצטרמינר,מיליליטרים,750.00,"100 מ""ל",false,1,38.90,5.19,true,1,
7290015781299,false,"יין ויז'ן שיראז 750 מ""ל","יקב טפרברג 1870 בע""מ",IL,יין ויז'ן שיראז,מיליליטרים,750.00,"100 מ""ל",false,1,28.90,3.86,true,1,
7290015781305,false,"סירה אימפרשן 750 מ""ל","יקב טפרברג 1870 בע""מ",IL,יין סירה,מיליליטרים,750.00,"100 מ""ל",false,1,38.90,5.19,true,1,
7290015821483,false,נרות חנוכה 44 יחידות,,CN,נרות חנוכה 44 יח,יחידה,1.00,יחידה,false,1,2.90,2.90,true,1,
7290015836173,false,מזגן עיליP 15300BTU 1.75,,CN,מזגן עילי 1.75 כ,יחידה,1.00,יחידה,false,1,2099.00,2099.00,true,1,
7290015837958,false,מקרר2דלתות 302ליטר,,TR,מקרר 302 ליטר,יחידה,1.00,יחידה,false,1,1399.00,1399.00,true,1,
7290015839006,false,שטרודל במילוי תפוחים500ג,"נתי שטרודל וינאי בע""מ",IL,שטרודל 500 גרם,גרמים,500.00,100 גרם,false,1,24.90,4.98,true,1,
7290015839013,false,שטרודל במילוי גבינה500ג,"נתי שטרודל וינאי בע""מ",IL,שטרודל 500 גרם,גרמים,500.00,100 גרם,false,1,24.90,4.98,true,1,
7290015839020,false,שטרודל במילוי פרג 500 גר,"נתי שטרודל וינאי בע""מ",IL,שטרודל 500 גרם,גרמים,500.00,100 גרם,false,1,24.90,4.98,true,1,
7290015839051,false,"שטרודל תפוחים ללת""ס 500","נתי שטרודל וינאי בע""מ",IL,שטרודל 500 גרם,גרמים,500.00,100 גרם,false,1,24.90,4.98,true,1,
7290015839068,false,"שטרודל פרג ללת""ס 500 גרם","נתי שטרודל וינאי בע""מ",IL,"שטרודל ללת""ס",גרמים,500.00,100 גרם,false,1,24.90,4.98,true,1,
7290015839075,false,"שטרודל גבינה ללת""ס 500 ג","נתי שטרודל וינאי בע""מ",IL,שטרודל 500 גרם,גרמים,500.00,100 גרם,false,1,24.90,4.98,true,1,
7290015839082,false,שטרודל במילוי גב.אכמניות,"נתי שטרודל וינאי בע""מ",IL,שטרודל 500 גרם,גרמים,500.00,100 גרם,false,1,24.90,4.98,true,1,
7290015839099,false,שטרודל במילוי גבינה שוקו,"נתי שטרודל וינאי בע""מ",IL,שטרודל 500 גרם,גרמים,500.00,100 גרם,false,1,24.90,4.98,true,1,
7290015839105,false,"שטרודל ממולא תפו""א ובטטה","נתי שטרודל וינאי בע""מ",IL,שטרודל 500 גרם,גרמים,500.00,100 גרם,false,1,24.90,4.98,true,1,
7290015848862,false,אולטרסול SPF50 תחליב250מ,פישר מעבדות פרמצבטיות בע,IL,אולטרסול תחליב,מיליליטרים,250.00,"100 מ""ל",false,1,54.90,21.96,true,1,
7290015848886,false,אולטרסול קידסSPF50תחל250,פישר מעבדות פרמצבטיות בע,IL,אולטרסול קידס,מיליליטרים,250.00,"100 מ""ל",false,1,54.90,21.96,true,1,
7290015848909,false,אולטרסול SPF30 קידס250מל,פישר מעבדות פרמצבטיות בע,IL,אולטרסול קידס,מיליליטרים,250.00,"100 מ""ל",false,1,39.90,15.96,true,1,
7290015848923,false,אולטרסול SPF30תחליב250מל,פישר מעבדות פרמצבטיות בע,IL,אולטרסול תחליב,מיליליטרים,250.00,"100 מ""ל",false,1,39.90,15.96,true,1,
7290015848947,false,אולטרסול תחליב250SPF50מל,פישר מעבדות פרמצבטיות בע,IL,אולטרסול,מיליליטרים,250.00,"100 מ""ל",false,1,54.90,21.96,true,1,
7290015848978,false,אולטרסול קרם פנים SPF30,פישר מעבדות פרמצבטיות בע,IL,אולטרסול,מיליליטרים,75.00,"100 מ""ל",false,1,29.90,39.87,true,1,
7290015848992,false,אולטרסול ק.פנים קידSPF50,פישר מעבדות פרמצבטיות בע,IL,אולטרסול לפנים,מיליליטרים,75.00,"100 מ""ל",false,1,39.90,53.20,true,1,
7290015856836,false,חצי מצופה תירוש הדר 700,אפיפית,IL,חצי מצופה תירוש,גרמים,700.00,100 גרם,false,1,15.90,2.27,true,1,
7290015879705,false,תערובת לאפייה ל.גלוטן500,,IT,תערובת לאפיה,גרמים,500.00,100 גרם,false,1,14.90,2.98,true,1,
7290015879729,false,תערובת לאפיה ל.גלוטן500ג,,IT,תערובת לאפיה,גרמים,500.00,100 גרם,false,1,14.90,2.98,true,1,
7290015968249,false,מטאטא מיליציה איכותי+מקל,,IL,מטאטא מיליציה +,יחידה,1.00,יחידה,false,1,21.90,21.90,true,1,
7290015990066,false,סט מזוודות ABS,KARUIGI,CN,סט 3 מזוודות,יחידה,1.00,יחידה,false,1,299.00,299.00,true,1,
7290016006292,false,ספרינג מנגו בננה מלון1ל,"יפאורה תבורי בע""\מ",IL,נקטר ספרינג,ליטרים,1.00,ליטר,false,1,4.80,4.80,true,1,
7290016006339,false,מים מינרליים מי עדן 1*4ל,"מופק ממקור בזלתי עדן ,1",IL,מי עדן 4 יח',ליטרים,4.00,ליטר,false,1,9.90,2.48,true,1,
7290016006346,false,"שוופס סודה 500*6 מ""ל",יפאורה תבורי בעמ,IL,שוופס סודה,ליטרים,3.00,ליטר,false,1,13.90,4.63,true,1,
7290016006360,false,שוופס מוגז תות ליים 1.5ל,"יפאורה תבורי בע""\מ",IL,שוופס מוגז תות,ליטרים,1.50,ליטר,false,1,6.00,4.00,true,1,
7290016006865,false,ספרינג אננס בננה1.5 ליטר,"יפאורה תבורי בע""\מ",IL,ספרינג אננס בננה,ליטרים,1.50,ליטר,false,1,5.90,3.93,true,1,
7290016034141,false,מאפינס קטן בשרינק 50 יחי,,IL,מאפינס קטן,יחידה,1.00,יחידה,false,1,6.90,6.90,true,1,
7290016034158,false,מאפינס גדול בשרינק 50 יח,,IL,מאפינס גדול,יחידה,1.00,יחידה,false,1,7.90,7.90,true,1,
7290016087123,false,רוטב עגב.מתובל קלאסי240ג,פריניר,IL,רוטב עגבניות,גרמים,240.00,100 גרם,false,1,4.90,2.04,true,1,
7290016087147,false,רוטב עגב.מתובל לפיצה240ג,פריניר,IL,רוטב עגבניות,גרמים,240.00,100 גרם,false,1,4.90,2.04,true,1,
7290016087192,false,עגב.מרוסקות מרוכזות230ג,פריניר,IL,עגבניות מרוסקות,גרמים,230.00,100 גרם,false,1,3.90,1.70,true,1,
7290016087208,false,עגב.מרוסקות+בזיליקום230ג,פריניר,IL,עגבניות מרוסקות,גרמים,230.00,100 גרם,false,1,3.90,1.70,true,1,
7290016087215,false,עגבניות מרוסקות+שום230ג,פריניר,IL,עגבניות מרוסקות,גרמים,230.00,100 גרם,false,1,3.90,1.70,true,1,
7290016087239,false,רוטב עגב.שקשוקה פיקנ230ג,פריניר,IL,רוטב עגבניות,גרמים,230.00,100 גרם,false,1,4.90,2.13,true,1,
7290016087499,false,עגבניות חתוכות דק 400*3ג,פרי ניר,IL,עגבניות חתוכ3.יח,קילוגרמים,1.20,"ק""ג",false,1,9.90,8.25,true,1,
7290016094008,false,אולטרסול קרם פניםSPF50,פישר מעבדות פרמצבטיות בע,IL,אולטרסול,מיליליטרים,75.00,"100 מ""ל",false,1,39.90,53.20,true,1,
7290016094015,false,אולטרסול קרם פניםSPF30,פישר מעבדות פרמצבטיות בע,IL,אולטרסול,מיליליטרים,75.00,"100 מ""ל",false,1,29.90,39.87,true,1,
7290016094022,false,אולטרסול ספריי שקוףSPF50,פישר מעבדות פרמצבטיות בע,IL,אולטרסול ספריי,מיליליטרים,200.00,"100 מ""ל",false,1,54.90,27.45,true,1,
7290016094039,false,אולטרסול ספריי שקוףSPF50,פישר מעבדות פרמצבטיות בע,IL,אולטרסול ספריי,מיליליטרים,200.00,"100 מ""ל",false,1,54.90,27.45,true,1,
7290016096507,false,טונה בשמן קנולה80*3 גרם,תעשיות פילטונה,IL,3טונה בשמן קנולה,גרמים,240.00,100 גרם,false,1,9.90,4.13,true,1,
7290016096811,false,ממרח טונה 160*4 גרם,פילטונה,IL,ממרח טונה 4 יח,גרמים,640.00,100 גרם,false,1,19.90,3.11,true,1,
7290016096934,false,סלט טונה פילטונה 160*2ג,תעשיות פילטונה,IL,סלט טונה 2 יח,גרמים,320.00,100 גרם,false,1,11.90,3.72,true,1,
7290016104073,false,"רוטב צ'ילי 600 מ""ל",פוליבה בעמ,IL,רוטב צ'ילי 600מל,מיליליטרים,600.00,"100 מ""ל",false,1,7.90,1.32,true,1,
7290016104363,false,"תמצית אפייה וניל 50 מ""ל",פוליבה,IL,תמצית אפייה,מיליליטרים,50.00,"100 מ""ל",false,1,2.90,5.80,true,1,
7290016104370,false,"תמצית אפייה רום 50 מ""ל",פוליבה,IL,תמצית אפייה,מיליליטרים,50.00,"100 מ""ל",false,1,2.90,5.80,true,1,
7290016104684,false,"רוטב סויה 500 מ""ל",פוליבה בעמ,IL,"רוטב סויה 500מ""ל",מיליליטרים,500.00,"100 מ""ל",false,1,9.90,1.98,true,1,
7290016104998,false,"רוטב טריאקי 500 מ""ל",פוליבה בעמ,IL,רוטב טריאקי 500מ,מיליליטרים,500.00,"100 מ""ל",false,1,9.90,1.98,true,1,
7290016106220,false,נייר לבן לארונות 10 גל,טעמן,IL,נייר לבן לארונות,יחידה,1.00,יחידה,false,1,4.90,4.90,true,1,
7290016106343,false,רדיד אלומיניום משטח רגיל,טעמן,IL,רדיד אלומיניום,יחידה,1.00,יחידה,false,1,11.90,11.90,true,1,
7290016106367,false,רדיד אלומיניום משטח רגיל,טעמן,IL,רדיד אלומיניום,יחידה,1.00,יחידה,false,1,16.90,16.90,true,1,
7290016106374,false,רדיד אלומיניום למשטח עבה,טעמן,IL,רדיד אלומיניום,יחידה,1.00,יחידה,false,1,21.90,21.90,true,1,
7290016106381,false,פילה אנשובי במלח עם שמן,,IL,פילה אנשובי במלח,גרמים,50.00,100 גרם,false,1,4.90,9.80,true,1,
7290016106411,false,פרוסות מנגו בסירופ קל 42,,IL,פרוסות מנגו,גרמים,425.00,100 גרם,false,1,6.90,1.62,true,1,
7290016120257,false,מארז כוסיות ענק פלסטיק,,IL,מארז  כוסיות,יחידה,1.00,יחידה,false,1,17.90,17.90,true,1,
7290016120271,false,זוג כוסיות עגולות פלסטיק,,IL,זוג כוסיות,יחידה,1.00,יחידה,false,1,7.90,7.90,true,1,
7290016123166,false,קולפן מקצועי 4 סכינים,,IL,קולפן מקצועי,יחידה,1.00,יחידה,false,1,26.90,26.90,true,1,
7290016124965,false,המקרן היהודי,,IL,המקרן היהודי,יחידה,1.00,יחידה,false,1,39.90,39.90,true,1,
7290016126037,false,רדיאטור 11 צלעות PLR011,,CN,רדיאטור 11 צלעות,יחידה,1.00,יחידה,false,1,249.00,249.00,true,1,
7290016128468,false,מקרר 435ליטר לבן NOFROST,,TR,מקרר 435ל' לבן,יחידה,1.00,יחידה,false,1,1999.00,1999.00,true,1,
7290016132137,false,דלי שטיפה,,CN,דלי שטיפה,יחידה,1.00,יחידה,false,1,11.90,11.90,true,1,
7290016144000,false,"קמח חיטה 80% 1 ק""ג",קמח מלכים,IL,קמח חיטה,קילוגרמים,1.00,"ק""ג",false,1,9.90,9.90,true,1,
7290016144017,false,"קמח חיטה מלאה 100% 1 ק""ג",קמח מלכים,IL,קמח חיטה מלאה,קילוגרמים,1.00,"ק""ג",false,1,9.90,9.90,true,1,
7290016144024,false,קמח כוסמין 100% מנופה1קג,קמח מלכים,IL,קמח כוסמין,קילוגרמים,1.00,"ק""ג",false,1,14.90,14.90,true,1,
7290016144031,false,"קמח לבן מנופה 1 ק""ג",קמח מלכים,IL,קמח לבן מנופה,קילוגרמים,1.00,"ק""ג",false,1,5.90,5.90,true,1,
7290016144048,false,"קמח כוסמין לבן 1 ק""ג",קמח מלכים,IL,קמח כוסמין,קילוגרמים,1.00,"ק""ג",false,1,17.90,17.90,true,1,
7290016144055,false,"קמח כוסמין 80% מנופה1ק""ג",קמח מלכים,IL,קמח כוסמין 80%,קילוגרמים,1.00,"ק""ג",false,1,14.90,14.90,true,1,
7290016144307,false,פתיתים מקמח 80% נפלאות,קמח מלכים,IL,פתיתים מקמח,גרמים,400.00,100 גרם,false,1,6.90,1.73,true,1,
7290016144314,false,פתיתים מכוסמין 80%נפלאות,קמח מלכים,IL,פתיתים מכוסמין,גרמים,400.00,100 גרם,false,1,11.90,2.98,true,1,
7290016176025,false,שעון קיר,,CN,שעון קיר,יחידה,1.00,יחידה,false,1,49.00,49.00,true,1,
7290016176032,false,מנגל חד פעמי,,IL,מנגל חד פעמי,יחידה,1.00,יחידה,false,1,9.90,9.90,true,1,
7290016178951,false,מטאטא סטנדרט+מקל,,IL,מטאטא +מקל,יחידה,1.00,יחידה,false,1,7.90,7.90,true,1,
7290016197600,false,דיפנד תחבושות נורמל12יח,קימברלי קלארק,VN,תחבושות דיפנד,יחידה,1.00,יחידה,false,1,17.90,17.90,true,1,
7290016197617,false,דיפנד תחבושות  אקסטרה10י,קימברלי קלארק,VN,תחבושות דיפנד,יחידה,1.00,יחידה,false,1,17.90,17.90,true,1,
7290016197624,false,דיפנד תחבושות סופר8יח,קימברלי קלארק,VN,תחבושות דיפנד,יחידה,1.00,יחידה,false,1,17.90,17.90,true,1,
7290016217643,false,חמוצים סיני 400 גרם,סלטי שמיר,IL,חמוצים סיני,גרמים,400.00,100 גרם,false,1,9.90,2.48,true,1,
7290016276169,false,טחינה אהרוני,"אחדות ביח""ר לטחינה",IL,טחינה שומשום,גרמים,500.00,100 גרם,false,1,10.00,2.00,true,1,
7290016276534,false,שמן קוקוס,פיביטי,LK,שמן קוקוס,מיליליטרים,500.00,"100 מ""ל",false,1,29.90,5.98,true,1,
7290016304015,false,לחמנ.מקמח מלא 75*10 גרם,מאפיית דוידוביץ,IL,10 לחמנ.קמח מלא,גרמים,750.00,100 גרם,false,1,11.90,1.59,true,1,
7290016304022,false,מארז 10 לחמניות בשקית 10,איסטרוניקס,IL,מארז 10 לחמניות,יחידה,1.00,יחידה,false,1,9.90,9.90,true,1,
7290016304404,false,לחם כוסמין 600 גרם,מאפיית דוידוביץ ובניו בע,IL,לחם כוסמין,גרמים,600.00,100 גרם,false,1,11.90,1.98,true,1,
7290016304596,false,לחמניות לסנדביץ' 10 יח,מאפיית דוידוביץ,IL,לחמניות לסנדביץ',גרמים,750.00,100 גרם,false,1,9.90,1.32,true,1,
7290016304640,false,לחמניות כוסמין 60*6 גרם,מאפיית דוידוביץ,IL,6 לחמניות כוסמין,גרמים,360.00,100 גרם,false,1,8.90,2.47,true,1,
7290016304688,false,לחם כוסמין מלא 100% 500,מאפיית דוידוביץ ובניו בע,IL,לחם כוסמין מלא,גרמים,500.00,100 גרם,false,1,9.90,1.98,true,1,
7290016313000,false,קוגל אטריות 650גרם,,IL,קוגל אטריות,גרמים,650.00,100 גרם,false,1,12.90,1.98,true,1,
7290016313017,false,"קוגל תפו""א 650גרם",,IL,"קוגל תפו""א 650 ג",גרמים,650.00,100 גרם,false,1,12.90,1.98,true,1,
7290016313055,false,קוגל אטריות משולש 650 גר,,IL,קוגל אטריות משול,גרמים,650.00,100 גרם,false,1,12.90,1.98,true,1,
7290016313406,false,ארבעס 200 גרם,,IL,ארבעס 200 גרם,גרמים,200.00,100 גרם,false,1,7.90,3.95,true,1,
7290016313901,false,פס שמרים שוקולד 400 גרם,"ד.מ.בע""מ",IL,פס שמרים,גרמים,400.00,100 גרם,false,1,10.90,2.73,true,1,
7290016313925,false,רוגלך 500 גרם,"ד.מ.בע""מ",IL,רוגלך,גרמים,500.00,100 גרם,false,1,13.90,2.78,true,1,
7290016313932,false,פס גבינה שמרים כ400- גרם,"ד.מ.בע""מ",IL,פס גבינה שמרים,גרמים,400.00,100 גרם,false,1,16.90,4.23,true,1,
7290016314762,false,פרובנציאל מטיאס 200 גרם,,IL,פרובנציאל מטיאס,גרמים,200.00,100 גרם,false,1,15.90,7.95,true,1,
7290016314779,false,פילה מטיאס הולנדי 200גרם,,IL,פילה מטיאס,גרמים,200.00,100 גרם,false,1,15.90,7.95,true,1,
7290016314786,false,הרינג כבוש במרינדה 220גר,,IL,הרינג כבוש,גרמים,220.00,100 גרם,false,1,15.90,7.23,true,1,
7290016314809,false,סלט סלמון עם מיונז 200 ג,,IL,סלט סלמון,גרמים,200.00,100 גרם,false,1,15.90,7.95,true,1,
7290016314816,false,סלט הרינג עם מיונז 200 ג,,IL,סלט הרינג,גרמים,200.00,100 גרם,false,1,15.90,7.95,true,1,
7290016314823,false,סלט מטיאס עם מיונז 200 ג,,IL,סלט מטיאס,גרמים,200.00,100 גרם,false,1,15.90,7.95,true,1,
7290016314830,false,גרבדלקס סלמון 100 גרם,,IL,גרבדלקס סלמון,גרמים,100.00,100 גרם,false,1,19.90,19.90,true,1,
7290016314847,false,סלמון מובחר 100גרם,,IL,סלמון מובחר,גרמים,100.00,100 גרם,false,1,19.90,19.90,true,1,
7290016314878,false,מקרל מעושן פרוס 100 גרם,,IL,מקרל מעושן פרוס,גרמים,100.00,100 גרם,false,1,12.90,12.90,true,1,
7290016314939,false,טונה מעושנת 100 גרם,,IL,טונה מעושנת,גרמים,100.00,100 גרם,false,1,17.90,17.90,true,1,
7290016314946,false,פילה מקרל מעושן 120 גרם,,IL,פילה מקרל מעושן,גרמים,120.00,100 גרם,false,1,16.90,14.08,true,1,
7290016319194,false,"עוג.סנדויץ ללת""ס וניל300",אפיפית,IL,עוגיות סנדוויץ,גרמים,300.00,100 גרם,false,1,15.90,5.30,true,1,
7290016319309,false,אל סבון פמלי מאסק 1 ליטר,אקסן קוסמטיק,TR,אל סבון פמלי,ליטרים,1.00,ליטר,false,1,11.90,11.90,true,1,
7290016320343,false,דאק לאסלה לבנדר 750*2 מל,אס. סי. ג'\ונסון מידרכט,NL,דאק לאסלה זוג,ליטרים,1.50,ליטר,false,1,16.90,11.27,true,1,
7290016347364,false,גליל גומי,אליבו,IL,גליל גומי,יחידה,1.00,יחידה,false,1,9.90,9.90,true,1,
7290016358025,false,"מצנם מהדרין בד""ץ",,CN,"מצנם מהדרין בד""ץ",יחידה,1.00,יחידה,false,1,59.00,59.00,true,1,
7290016358032,false,טוסטר סנדוויץ פסים,,CN,טוסטר פסים,יחידה,1.00,יחידה,false,1,59.00,59.00,true,1,
7290016358339,false,"בלנדר מקל איכותי בד""ץ",,IL,בלנדר מקל,יחידה,1.00,יחידה,false,1,49.00,49.00,true,1,
7290016370010,false,זיתים טבעות מוגדל 650 גר,קבוצת יבנה,IL,זיתים טבעות,גרמים,650.00,100 גרם,false,1,8.50,1.31,true,1,
7290016370027,false,זית חרוזית מוגדלת 650 גר,קבוצת יבנה,IL,זית חרוזית,גרמים,650.00,100 גרם,false,1,8.50,1.31,true,1,
7290016370232,false,תערובת ירקות כבושים 300,S.A KOZAT,GR,ירקות כבושים,גרמים,300.00,100 גרם,false,1,9.90,3.30,true,1,
7290016370331,false,פלפל קלוי על האש 540 גרם,,IL,פלפל קלוי על האש,גרמים,540.00,100 גרם,false,1,9.90,1.83,true,1,
7290016370348,false,חציל קלוי על האש 530גרם,,IL,חציל קלוי על האש,גרמים,530.00,100 גרם,false,1,9.90,1.87,true,1,
7290016373035,false,ליצ'י שלם מקולף 567 גרם,,IL,ליצ'י שלם מקולף,גרמים,567.00,100 גרם,false,1,7.90,1.39,true,1,
7290016373639,false,פסים חמוצים תפוח 275 גרם,קרבאן,TR,פסים חמוצים,גרמים,275.00,100 גרם,false,1,8.90,3.24,true,1,
7290016373646,false,פסים חמוצים פטל 275 גרם,קרבאן,TR,פסים חמוצים,גרמים,275.00,100 גרם,false,1,8.90,3.24,true,1,
7290016373653,false,פסים חמוצים תות275 גר,קרבאן,TR,פסים חמוצים,גרמים,275.00,100 גרם,false,1,8.90,3.24,true,1,
7290016373721,false,פסים חמוצים תות275 גר,קרבאן,TR,פסים חמוצים,גרמים,275.00,100 גרם,false,1,3.90,1.42,true,1,
7290016373738,false,פסים חמוצים תותי פרוטי,קרבאן,TR,פסים חמוצים,גרמים,275.00,100 גרם,false,1,3.90,1.42,true,1,
7290016400021,false,"תבניות אלומיניום ח""פ R64",,CN,תבניות אלומיניום,יחידה,1.00,יחידה,false,1,6.90,6.90,true,1,
7290016400045,false,תבניות אלומיניום אינגליש,,CN,תבניות אלומיניום,יחידה,1.00,יחידה,false,1,6.90,6.90,true,1,
7290016400052,false,"תבניות אלומיניום ח""פ R29",,CN,תבניות אלומיניום,יחידה,1.00,יחידה,false,1,6.90,6.90,true,1,
7290016401776,false,כוסות נייר 50 יחידות8B,,CN,כוסות נייר,יחידה,1.00,יחידה,false,1,9.90,9.90,true,1,
7290016408720,false,מיקס בייגלה מצופה חלב 55,כרמית תעשיות ממתקים בעמ,IL,מיקס בייגלה,גרמים,55.00,100 גרם,false,1,3.90,7.09,true,1,
7290016408744,false,מרשמלו טוויסטר 150 גרם,"כרמית תעשיות ממתקים בע""\",IL,מרשמלו טוויסטר,גרמים,150.00,100 גרם,false,1,4.90,3.27,true,1,
7290016408836,false,מאגדת שוקולד חלב ללס 85X,כרמית,IL,מאגדת שוקולד ללס,גרמים,170.00,100 גרם,false,1,9.90,5.82,true,1,
7290016408843,false,מאגדת שוקולד מריר ללס 85,כרמית,IL,מאגדת שוקולד ללס,גרמים,170.00,100 גרם,false,1,9.90,5.82,true,1,
7290016416961,false,מוס גבינה תות שדה 400 ג,קפולסקי,IL,מוס גבינה תות,גרמים,400.00,100 גרם,false,1,29.90,7.48,true,1,
7290016416992,false,עוגת דובוש ביסקויטים400ג,תופינים מקבוצת קפולסקי,IL,עוגת דובוש,גרמים,400.00,100 גרם,false,1,29.90,7.48,true,1,
7290016496208,false,פתיל צף מוכן,שלהבת,CN,פתיל פקק צף עגול,יחידה,1.00,יחידה,false,1,4.90,4.90,true,1,
7290016496345,false,פתיל צף המוכן עגול קטן,,IL,פתיל צף מוכן,יחידה,1.00,יחידה,false,1,9.90,9.90,true,1,
7290016509304,false,סבון אסלה סוד לבנדר 50 ג,הנקל,RS,סבון אסלה סוד,גרמים,50.00,100 גרם,false,1,7.90,15.80,true,1,
7290016509342,false,סבון אסלה כחול אקטיב50*3,הנקל,HU,סבון אסלה 3 יח,גרמים,150.00,100 גרם,false,1,14.90,9.93,true,1,
7290016509786,false,ג'ל כביסה פרסיל 2.5 ליטר,"הנקל סוד בע""\מ",IL,ג'ל כביסה פרסיל,ליטרים,2.50,ליטר,false,1,29.90,11.96,true,1,
7290016509793,false,ג'ל כביסה פרסיל 4 ליטר,"הנקל סוד בע""\מ",IL,ג'ל כביסה פרסיל,ליטרים,4.00,ליטר,false,1,39.90,9.98,true,1,
7290016509809,false,ג'ל כב.פרסיל קולור 2.5 ל,"הנקל סוד בע""\מ",IL,ג'ל כביסה פרסיל,ליטרים,2.50,ליטר,false,1,29.90,11.96,true,1,
7290016509816,false,ג'ל כביסה פרסיל קולור 4ל,"הנקל סוד בע""\מ",IL,ג'ל פרסיל קולור,ליטרים,4.00,ליטר,false,1,39.90,9.98,true,1,
7290016509847,false,פרסיל ג'ל בלאק 2.5 ליטר,"הנקל סוד בע""\מ",IL,פרסיל ג'ל בלאק,ליטרים,2.50,ליטר,false,1,29.90,11.96,true,1,
7290016510096,false,שמפו הוואי מי קוקוס700מל,טרופיקל דגיל בעמ,IL,שמפו הוואי,מיליליטרים,700.00,"100 מ""ל",false,1,8.90,1.27,true,1,
7290016510102,false,מרכך הוואי מי קוקוס700מל,טרופיקל דגיל בעמ,IL,מרכך הוואי,מיליליטרים,700.00,"100 מ""ל",false,1,8.90,1.27,true,1,
7290016510225,false,ג'ל רחצה הוואי וניל 700מ,טרופיקל דגיל בעמ,IL,ג'ל רחצה הוואי,מיליליטרים,700.00,"100 מ""ל",false,1,8.90,1.27,true,1,
7290016510232,false,תחליב רחצ.הוואי קוקוס700,טרופיקל דגיל בעמ,IL,תחליב רחצה הוואי,מיליליטרים,700.00,"100 מ""ל",false,1,8.90,1.27,true,1,
7290016510249,false,תחליב רח.הוואי יוגורט700,טרופיקל דגיל בעמ,IL,תחליב רחצה הוואי,מיליליטרים,700.00,"100 מ""ל",false,1,8.90,1.27,true,1,
7290016510263,false,תח.רח.הוואי רגע יוקר700מ,טרופיקל דגיל בעמ,IL,תחליב רחצה הוואי,מיליליטרים,700.00,"100 מ""ל",false,1,8.90,1.27,true,1,
7290016510287,false,תח.רח.הוואי קרם דבש 700,טרופיקל דגיל בעמ,IL,תחליב רחצה הוואי,מיליליטרים,700.00,"100 מ""ל",false,1,8.90,1.27,true,1,
7290016510317,false,תח.רח.הוואי לגבר פול700,טרופיקל דגיל בעמ,IL,תחליב רחצה הוואי,מיליליטרים,700.00,"100 מ""ל",false,1,8.90,1.27,true,1,
7290016510324,false,תחליב רח.הוואי לגבר700מל,טרופיקל דגיל בעמ,IL,תחליב רחצה הוואי,מיליליטרים,700.00,"100 מ""ל",false,1,8.90,1.27,true,1,
7290016510430,false,תח רח.הוואי מגנוליה700,טרופיקל דגיל בעמ,IL,תחליב רחצה הוואי,מיליליטרים,700.00,"100 מ""ל",false,1,8.90,1.27,true,1,
7290016510683,false,סבון נוזלי הוואי 1 ליטר,טרופיקל דגיל בעמ,IL,סבון נוזלי הוואי,ליטרים,1.00,ליטר,false,1,9.90,9.90,true,1,
7290016510768,false,תחליב רח.הוואי יוגורט700,טרופיקל דגיל בעמ,IL,תחליב רחצה הוואי,מיליליטרים,700.00,"100 מ""ל",false,1,8.90,1.27,true,1,
7290016510775,false,קרם רחצה הוואי שמימיי700,טרופיקל דגיל בעמ,IL,קרם רחצה הוואי,מיליליטרים,700.00,"100 מ""ל",false,1,8.90,1.27,true,1,
7290016510898,false,שמפו הוואי פרחי דובדב700,טרופיקל דגיל,IL,שמפו הוואי,מיליליטרים,700.00,"100 מ""ל",false,1,8.90,1.27,true,1,
7290016510904,false,מרכך הוואי פרחי דובדב700,טרופיקל דגיל,IL,מרכך הוואי,מיליליטרים,700.00,"100 מ""ל",false,1,8.90,1.27,true,1,
7290016524871,false,מיני במיה קפואה 500 גרם,,EG,מיני במיה קפואה,גרמים,500.00,100 גרם,false,1,12.90,2.58,true,1,
7290016621341,false,אל סבון צהוב קמיל 1ליטר,פישר מעבדות פרמצבטיות בע,IL,אל סבון קמיל,ליטרים,1.00,ליטר,false,1,11.90,11.90,true,1,
7290016621358,false,אל סבון ורוד קמיל 1ליטר,פישר מעבדות פרמצבטיות בע,IL,אל סבון קמיל,ליטרים,1.00,ליטר,false,1,11.90,11.90,true,1,
7290016621365,false,אל סבון כחול קמיל 1ליטר,פישר מעבדות פרמצבטיות בע,IL,אל סבון קמיל,ליטרים,1.00,ליטר,false,1,11.90,11.90,true,1,
7290016621495,false,אולטרסול קידס SPF50 250,פישר מעבדות פרמצבטיות,IL,אולטרסול,מיליליטרים,250.00,"100 מ""ל",false,1,54.90,21.96,true,1,
7290016622294,false,כפפות L ללא טלק 100יח,,IL,כפפות מידהL,יחידה,1.00,יחידה,false,1,29.90,29.90,true,1,
7290016682182,false,שייק תמר בננ.פחות סוכרל1,פריניב,IL,שייק תמר בננה,מיליליטרים,1000.00,"100 מ""ל",false,1,12.90,1.29,true,1,
7290016682199,false,שייק תות בננ.פחות סוכר1ל,פריניב,IL,שייק תות בננה,מיליליטרים,1000.00,"100 מ""ל",false,1,12.90,1.29,true,1,
7290016682243,false,מיץ 100%אשכולית אדומה 1ל,,IL,מיץ אשכולית אדומ,ליטרים,1.00,ליטר,false,1,12.90,12.90,true,1,
7290016693041,false,אמירים רזרב קברנה ס.,יקבי ארזה,IL,אמירים רזרב קברנ,מיליליטרים,750.00,"100 מ""ל",false,1,16.90,2.25,true,1,
7290016693058,false,אמירים רזרב מרלו,יקבי ארזה,IL,אמירים רזרב מרלו,מיליליטרים,750.00,"100 מ""ל",false,1,16.90,2.25,true,1,
7290016693065,false,אמירים רזרב אמרלד רוזה,יקבי ארזה,IL,אמירים רזרב א.רו,מיליליטרים,750.00,"100 מ""ל",false,1,16.90,2.25,true,1,
7290016693072,false,אמירים רזרב אמרלד ר.,יקבי ארזה,IL,אמירים  אמרלד ר.,מיליליטרים,750.00,"100 מ""ל",false,1,16.90,2.25,true,1,
7290016693140,false,"שרדונה וירטאוזו 750 מ""ל",יקבי ארזה,IL,שרדונה וירטאוזו,מיליליטרים,750.00,"100 מ""ל",false,1,42.90,5.72,true,1,
7290016693287,false,גוורצטרמינר וירטאוזו 750,יקבי ארזה,IL,גוורצטרמינר וירט,מיליליטרים,750.00,"100 מ""ל",false,1,42.90,5.72,true,1,
7290016693294,false,"יין רוזה בראשית 750 מ""ל",יקבי ארזה,IL,יין רוזה בראשית,יחידה,1.00,יחידה,false,1,32.90,32.90,true,1,
7290016693300,false,יין שרדונה בראשית 750 מל,יקבי ארזה,IL,יין שרדונה בראשי,יחידה,1.00,יחידה,false,1,32.90,32.90,true,1,
7290016693546,false,"עונות קברנה ס. 750 מ""ל",יקבי ארזה,IL,קברנה סוביניון,מיליליטרים,750.00,"100 מ""ל",false,1,29.90,3.99,true,1,
7290016693553,false,"עונות מרלו 750 מ""ל",יקבי ארזה,IL,מרלו,מיליליטרים,750.00,"100 מ""ל",false,1,29.90,3.99,true,1,
7290016693560,false,"עונות מרלו קברנה 750 מ""ל",יקבי ארזה,IL,מרלו קברנה,מיליליטרים,750.00,"100 מ""ל",false,1,29.90,3.99,true,1,
7290016693577,false,"עונות א. ריזלינג 750 מ""ל",יקבי ארזה,IL,אמרלד ריזלינג,מיליליטרים,750.00,"100 מ""ל",false,1,29.90,3.99,true,1,
7290016693584,false,"עונות שיראז 750 מ""ל",יקבי ארזה,IL,שיראז,מיליליטרים,750.00,"100 מ""ל",false,1,29.90,3.99,true,1,
7290016693799,false,"יין מוסקטו רוזה 750 מ""ל",קנטינה סנט,IT,יין מוסקטו רוזה,מיליליטרים,750.00,"100 מ""ל",false,1,34.90,4.65,true,1,
7290016693898,false,יין פטי ורדו בראשית 750,יקבי ארזה,IL,יין פטי ורדו,מיליליטרים,750.00,"100 מ""ל",false,1,32.90,4.39,true,1,
7290016717044,false,"באזז מנגו 750 מ""ל",יקבי כרמל,IL,"באזז מנגו 750מ""ל",מיליליטרים,750.00,"100 מ""ל",false,1,22.90,3.05,true,1,
7290016717617,false,תירוש כרמל אדום 1.2 ליטר,יקבי כרמל,IL,מיץ ענבים תירוש,ליטרים,1.20,ליטר,false,1,19.90,16.58,true,1,
7290016717631,false,"מוסקטו P.C 750 מ""ל",אגודת הכורמים הקואופרטיב,IL,מוסקטו P.C,מיליליטרים,750.00,"100 מ""ל",false,1,32.90,4.39,true,1,
7290016717754,false,"יין ישן נושן 750 מ""ל",אגודת הכורמים הקואופרטיב,IL,יין ישן נושן,מיליליטרים,750.00,"100 מ""ל",false,1,16.90,2.25,true,1,
7290016717976,false,"אפרסק מבעבע באזז 750 מ""ל",,IL,ספארקלינג אפרסק,מיליליטרים,750.00,"100 מ""ל",false,1,22.90,3.05,true,1,
7290016770681,false,סטייק הליבוט בוואקום,גופו,CN,סטייק הליבוט,קילוגרמים,0.00,"ק""ג",true,1,74.90,74.90,true,1,
7290016770858,false,"פילה אמנון 5-7 כשל""פ שקי",ג.עופר,CN,פילה אמנון,קילוגרמים,0.00,"ק""ג",true,1,39.90,39.90,true,1,
7290016770889,false,"פילה סלמון בד""צ וינר פוד",,CL,פילה סלמון,קילוגרמים,0.00,"ק""ג",true,1,69.90,69.90,true,1,
7290016866643,false,"משחה פרודונטקס פרש 75מ""ל",MICLEN DE,SK,משחה פרודונטקס,מיליליטרים,75.00,"100 מ""ל",false,1,27.90,37.20,true,1,
7290016866650,false,מש.פרודונטקס אוריגינל75מ,MICLEN DE,SK,משחה פרודונטקס,מיליליטרים,75.00,"100 מ""ל",false,1,27.90,37.20,true,1,
7290016866674,false,משחה פרודונטקס מלבינה75מ,MICLEN DE,SK,משחה פרודונטקס,מיליליטרים,75.00,"100 מ""ל",false,1,27.90,37.20,true,1,
7290016867008,false,לחם מחמצת כוסמין 750 גרם,המאפה של דר' מארק,IL,לחם מחמצת,גרמים,750.00,100 גרם,false,1,17.90,2.39,true,1,
7290016867039,false,פיתות קלות כוסמין+מחמצ6י,,IL,פיתות כוסמין 6יח,גרמים,324.00,100 גרם,false,1,14.90,4.60,true,1,
7290016867046,false,פיתות קלות כוסמין 6 יח',,IL,פיתות קלות 6 יח,גרמים,303.00,100 גרם,false,1,14.90,4.92,true,1,
7290016867053,false,לחם קל כוסמין+מחמצת450ג,,IL,לחם קל כוסמין,גרמים,450.00,100 גרם,false,1,18.90,4.20,true,1,
7290016867060,false,לחמניות שיפון+מחמצת 6 יח,,IL,לחמניות שיפון6יח,גרמים,327.00,100 גרם,false,1,14.90,4.56,true,1,
7290016867121,false,לחמנ.קלות מקמח מלא68*6גר,המאפה של דר' מארק,IL,6לחמניות קמח מלא,גרמים,408.00,100 גרם,false,1,11.90,2.92,true,1,
7290016867138,false,לחמנ.קלות קמח כוסמין66*5,המאפה של דר' מארק,IL,5 לחמניות כוסמין,גרמים,330.00,100 גרם,false,1,11.90,3.61,true,1,
7290016867176,false,לחמ.קלות שומ.כוסמין 351ג,,IL,לחמניות קלות,גרמים,351.00,100 גרם,false,1,13.90,3.96,true,1,
7290016867237,false,לחם קל כוסמין במתיקות400,,IL,לחם קל כוסמין,גרמים,400.00,100 גרם,false,1,18.90,4.73,true,1,
7290016867244,false,6לחמנ.מחמצת כוסמין400ג,המאפה של דר' מארק,IL,לחמניות מחמצת6יח,גרמים,400.00,100 גרם,false,1,14.90,3.73,true,1,
7290016867268,false,6 פיתות קלות שיפון 315 ג,,IL,פיתות קלות 6 יח,גרמים,315.00,100 גרם,false,1,15.90,5.05,true,1,
7290016867350,false,פיתות קלות כוסמין מארז,המאפה של דר' מארק,IL,פיתות קלות 5יח,גרמים,350.00,100 גרם,false,1,13.90,3.97,true,1,
7290016967074,false,לחם אנג'ל חיטה מלאה750ג,מאפיית שלמה א. אנג'\ל בע,IL,אנג'ל חיטה מלאה,גרמים,750.00,100 גרם,false,1,12.90,1.72,true,1,
7290017008721,false,בשר מס 2 אשפר,,BR,בשר מס 2,קילוגרמים,0.00,"ק""ג",true,1,33.90,33.90,true,1,
7290017008776,false,בשר מס 5 צלי כתף חלק .,וינר פוד,BR,צלי כצף מס 5,קילוגרמים,0.00,"ק""ג",true,1,69.90,69.90,true,1,
7290017008783,false,בשר מס 6 חלק אשפר שקיל,,BR,בשר מס 6,קילוגרמים,0.00,"ק""ג",true,1,34.90,34.90,true,1,
7290017008790,false,מכסה הצלע מס 7 אשפר שקיל,,BR,מכסה הצלע,קילוגרמים,0.00,"ק""ג",true,1,34.90,34.90,true,1,
7290017008813,false,בשר מס 8 שריר זרוע שקיל,וינר פוד,BR,בשר מס 8 שריר,קילוגרמים,0.00,"ק""ג",true,1,39.90,39.90,true,1,
7290017008868,false,אצבעות אנטריקוט חלק,פריגורפיקו,AR,אצבעות אנטריקוט,קילוגרמים,0.00,"ק""ג",true,1,59.90,59.90,true,1,
7290017008882,false,לשון חלק אשפר שקיל,,UY,לשון חלק,קילוגרמים,0.00,"ק""ג",true,1,39.90,39.90,true,1,
7290017008929,false,בשר ראש אשפר שקיל,ג.עופר,TZ,בשר ראש אשפר,קילוגרמים,0.00,"ק""ג",true,1,59.90,59.90,true,1,
7290017023045,false,R.C קולה 1+5 מארז 1.5*6ל,"יפאורה תבורי בע""\מ",IL,R.C קולה 1+5,ליטרים,9.00,ליטר,false,1,17.90,1.99,true,1,
7290017023212,false,"שוופס מוגז תפוח 330*4מ""ל",יפאורה תבורי בעמ,IL,שוופס מוגז4פחיות,ליטרים,1.32,ליטר,false,1,9.90,7.50,true,1,
7290017023229,false,שוופס מוגז תות ליים330*4,יפאורה תבורי בעמ,IL,שוופס מוגז4פחיות,ליטרים,1.32,ליטר,false,1,9.90,7.50,true,1,
7290017023236,false,"שוופס מוגז ענבים330*4מ""ל",יפאורה תבורי בעמ,IL,שוופס מוגז4פחיות,ליטרים,1.32,ליטר,false,1,9.90,7.50,true,1,
7290017023441,false,ספרינג אגס תפ.סברס1.5*4ל,"יפאורה תבורי בע""\מ",IL,4ספרינג אגס תפוח,ליטרים,6.00,ליטר,false,1,19.90,3.32,true,1,
7290017023519,false,שוופס ללא סוכר תפוח1.5ל,"יפאורה תבורי בע""\מ",IL,שוופס ללא סוכר,ליטרים,1.50,ליטר,false,1,6.00,4.00,true,1,
7290017023663,false,שוופס מוגז למונייד330*4מ,יפאורה,IL,שוופס 4 פחיות,ליטרים,1.32,ליטר,false,1,9.90,7.50,true,1,
7290017023687,false,שוופס אננס ללא סוכר 1.5ל,יפאורה תבורי,IL,שוופס אננס,ליטרים,1.50,ליטר,false,1,6.00,4.00,true,1,
7290017023717,false,שוופס טוניק ללא סוכר1.5ל,יפאורה תבורי בעמ,IL,מי טוניק ל.סוכר,ליטרים,1.50,ליטר,false,1,7.90,5.27,true,1,
7290017023809,false,ספרינג תפ.אגס סברס250*4מ,"יפאורה תבורי בע""\מ",IL,ספרינג משקה 4 יח,ליטרים,1.00,ליטר,false,1,9.90,9.90,true,1,
7290017023816,false,ספרינג פירות טרופ250*4.מ,"יפאורה תבורי בע""\מ",IL,ספרינג משקה 4 יח,ליטרים,1.00,ליטר,false,1,9.90,9.90,true,1,
7290017023823,false,ספרינג תות בננה 250*4מל,"יפאורה תבורי בע""\מ",IL,ספרינג משקה 4 יח,ליטרים,1.00,ליטר,false,1,9.90,9.90,true,1,
7290017023854,false,שוופס סודה זכוכית250*4מל,יפאורה תבורי בעמ,IL,שוופס סודה 4 יח,ליטרים,1.00,ליטר,false,1,9.90,9.90,true,1,
7290017023861,false,שוופס סודה לימון250*4מל,יפאורה תבורי בעמ,IL,שוופס סודה 4 יח,ליטרים,1.00,ליטר,false,1,9.90,9.90,true,1,
7290017023878,false,שוופס סודה נענע 250*4מל,יפאורה תבורי בעמ,IL,שוופס סודה 4 יח,ליטרים,1.00,ליטר,false,1,9.90,9.90,true,1,
7290017023922,false,שוופס סודה למ.גראס1.5*4ל,"יפאורה תבורי בע""\מ",IL,שוופס סודה 4 יח,ליטרים,6.00,ליטר,false,1,9.90,1.65,true,1,
7290017065007,false,מוצרלה פרוסות22% 150 גרם,מחלבות גד,IL,מוצרלה פרוסות,גרמים,150.00,100 גרם,false,1,16.90,11.27,true,1,
7290017065137,false,ריקוטה למריחה 5% 200 גרם,מחלבות גד,IL,ריקוטה למריחה,גרמים,200.00,100 גרם,false,1,7.90,3.95,true,1,
7290017065144,false,ריקוטה בזיליקום5% 200גרם,מחלבות גד,IL,ריקוטה למריחה,גרמים,200.00,100 גרם,false,1,7.90,3.95,true,1,
7290017065175,false,גבינת מנצ'גו פרוסה 150 ג,QUESERIAS,ES,גבינת מנצ'גו,גרמים,150.00,100 גרם,false,1,16.90,11.27,true,1,
7290017065212,false,קרם מסקרפונה 38% 250 גרם,מחלבות גד,IL,קרם מסקרפונה,גרמים,250.00,100 גרם,false,1,16.90,6.76,true,1,
7290017065304,false,שמנת ניו יורק 30% טבעית,מחלבות גד,IL,שמנת ניו יורק,גרמים,200.00,100 גרם,false,1,9.90,4.95,true,1,
7290017065373,false,פטה למריחה 9% 250 גרם,מחלבות גד,IL,פטה למריחה,גרמים,250.00,100 גרם,false,1,16.90,6.76,true,1,
7290017065380,false,גרנה פדנו שבבים 100 גרם,,IT,גרנה פדנו שבבים,גרמים,100.00,100 גרם,false,1,10.90,10.90,true,1,
7290017065434,false,פרוסות גאודה בקר 200,סי.זד ראובן,NL,פרוסות גאודה,גרמים,200.00,100 גרם,false,1,22.90,11.45,true,1,
7290017065588,false,יוגורט יווני 10% 600 גרם,"מיוצר ע""\י קוד יצרן MKN",IL,יוגורט יווני,גרמים,600.00,100 גרם,false,1,14.90,2.48,true,1,
7290017065618,false,פקורינו פרוס 34% 150גר,,ES,פקורינו פרוס,גרמים,150.00,100 גרם,false,1,16.90,11.27,true,1,
7290017065649,false,קרם פטיסייר 250 גרם,"מחלבות גד בע""\מ",IL,קרם פטיסייר,גרמים,250.00,100 גרם,false,1,14.90,5.96,true,1,
7290017068015,false,מארז ג'לי חנוכה 200 גרם,מיה,IL,מארז ג'לי חנוכה,גרמים,200.00,100 גרם,false,1,11.90,5.95,true,1,
7290017068121,false,שקדים מולבנים פרוסים 250,מיה,IL,שקדים מולבנים,גרמים,250.00,100 גרם,false,1,22.90,9.16,true,1,
7290017068138,false,שקדים מולבנים 250 גרם,מיה,IL,שקדים מולבנים,גרמים,250.00,100 גרם,false,1,22.90,9.16,true,1,
7290017068206,false,צימוקים בהירים 350 גרם,,IL,צימוקים בהירים,גרמים,350.00,100 גרם,false,1,14.90,4.26,true,1,
7290017068213,false,חמוציות חתוכות 350 גרם,,IL,חמוציות חתוכות,גרמים,350.00,100 גרם,false,1,14.90,4.26,true,1,
7290017068220,false,משמשים 350 גרם,מיה,IL,משמשים 350 גרם,גרמים,350.00,100 גרם,false,1,14.90,4.26,true,1,
7290017068237,false,שזיפים ללא גלעין 350 גרם,,IL,שזיפים ללא גלעין,גרמים,350.00,100 גרם,false,1,14.90,4.26,true,1,
7290017068343,false,חמוציות מיובשות 150 גרם,מיה,IL,חמוציות חתוכות,גרמים,150.00,100 גרם,false,1,19.90,13.27,true,1,
7290017068367,false,שמרים בואקום 125 גרם,,CN,שמרים 125 גרם,גרמים,125.00,100 גרם,false,1,3.90,3.12,true,1,
7290017068374,false,שמרים בוואקום 500 גרם,,CN,שמרים 500 גרם,גרמים,500.00,100 גרם,false,1,8.90,1.78,true,1,
7290017068381,false,ריבת משמש 370 גרם,,BG,ריבת משמש,גרמים,370.00,100 גרם,false,1,6.90,1.86,true,1,
7290017068398,false,ריבת תות 370 גרם,,BG,ריבת תות,גרמים,370.00,100 גרם,false,1,6.90,1.86,true,1,
7290017068404,false,ריבת מיקס פירות 370 גרם,,BG,ריבת מיקס,גרמים,370.00,100 גרם,false,1,6.90,1.86,true,1,
7290017068466,false,שקדים טחונים 300 גרם,,IL,שקדים טחונים,גרמים,300.00,100 גרם,false,1,20.90,6.97,true,1,
7290017068473,false,אגוזי מלך קלופים 300 גרם,,IL,אגוזי מלך קלופים,גרמים,400.00,100 גרם,false,1,27.90,6.98,true,1,
7290017068848,false,סוכריות צבעוניות לקישוט,,IL,סוכריות צבעוניות,גרמים,200.00,100 גרם,false,1,6.90,3.45,true,1,
7290017068862,false,חמאת בוטנים קראנץ 510 גר,,IL,חמאת בוטנים 510ג,גרמים,510.00,100 גרם,false,1,11.90,2.33,true,1,
7290017068886,false,ג'לי דובונים 350 גרם,,IL,ג'לי דובונים,גרמים,350.00,100 גרם,false,1,14.90,4.26,true,1,
7290017068893,false,ג'לי דגיגים 350 גרם,,IL,ג'לי דגיגים,גרמים,350.00,100 גרם,false,1,14.90,4.26,true,1,
7290017068909,false,ג'לי לבבות 350 גרם,,IL,ג'לי לבבות,גרמים,350.00,100 גרם,false,1,14.90,4.26,true,1,
7290017068916,false,ג'לי טבעות 350 גרם,,IL,ג'לי טבעות,גרמים,350.00,100 גרם,false,1,14.90,4.26,true,1,
7290017068923,false,ג'לי בינס קרנבל 375 גרם,,IL,ג'לי בינס קרנבל,גרמים,375.00,100 גרם,false,1,14.90,3.97,true,1,
7290017068930,false,ג'לי בינס חמוצמוץ 375 גר,,IL,ג'לי בינס חמוצמו,גרמים,375.00,100 גרם,false,1,14.90,3.97,true,1,
7290017068992,false,ערמונים קלופים 100 גרם,,CN,ערמונים,גרמים,100.00,100 גרם,false,1,4.90,4.90,true,1,
7290017079769,false,"מחית תפו""ע ובננה 120 גרם",פרוטה פודיוין איי.אס,CZ,"מחית תפו""ע ובננה",גרמים,120.00,100 גרם,false,1,3.90,3.25,true,1,
7290017079776,false,מחית סלט פירות 120 גרם,פרוטה פודיוין איי.אס,CZ,מחית סלט פירות,גרמים,120.00,100 גרם,false,1,3.90,3.25,true,1,
7290017079783,false,מחית תפוח עץ 120 גרם,פרוטה פודיוין איי.אס,CZ,מחית תפוח עץ,גרמים,120.00,100 גרם,false,1,3.90,3.25,true,1,
7290017079790,false,מחית פירות מעורבים 120 ג,פרוטה פודיוין איי.אס,CZ,מחית פירות,גרמים,120.00,100 גרם,false,1,3.90,3.25,true,1,
7290017084558,false,טופי מרובע תות 20 יח,,CN,טופי מרובע 20יח,גרמים,340.00,100 גרם,false,1,19.90,5.85,true,1,
7290017084565,false,טופי מרובע ענבים 20 יח,,CN,טופי מרובע 20יח,גרמים,340.00,100 גרם,false,1,19.90,5.85,true,1,
7290017084572,false,טופי מרובע תפוח 20 יח,,CN,טופי מרובע,גרמים,340.00,100 גרם,false,1,19.90,5.85,true,1,
7290017084893,false,פרילדה סוכריות גלי דאבל,קונפכטיז פי אנד די,GR,"סוכריות גלי 1ק""ג",קילוגרמים,1.00,"ק""ג",false,1,29.90,29.90,true,1,
7290017084985,false,בצל קצוץ מטוגן 390 גרם,אירוסיבולס,ES,בצל קצוץ מטוגן,גרמים,390.00,100 גרם,false,1,9.90,2.54,true,1,
7290017094830,false,סלט גזר פיקנטי 400 גרם,,IL,גזר פיקנטי אסלי,גרמים,400.00,100 גרם,false,1,9.90,2.48,true,1,
7290017094847,false,"סלט תפו""א אסלי 400 גרם",,IL,"סלט תפו""א אסלי",גרמים,400.00,100 גרם,false,1,9.90,2.48,true,1,
7290017094854,false,קולסלאו אסלי 400 גרם,,IL,קולסלאו אסלי,גרמים,400.00,100 גרם,false,1,9.90,2.48,true,1,
7290017094861,false,חומוס מסבחה אסלי 400 גרם,,IL,חומוס אסלי מסבחה,גרמים,400.00,100 גרם,false,1,9.90,2.48,true,1,
7290017129235,false,מאגדת שוקולד לבן ללס 85X,כרמית,IL,מאגדת שוקולד ללס,גרמים,170.00,100 גרם,false,1,9.90,5.82,true,1,
7290017129310,false,פניני צנימים עם חיטה מלא,ניולט פוד,IT,פניני צנימים,גרמים,100.00,100 גרם,false,1,4.90,4.90,true,1,
7290017129334,false,פניני צנימים בטעם טבעי,ניולט פוד,IT,פניני צנימים100ג,גרמים,100.00,100 גרם,false,1,4.90,4.90,true,1,
7290017129495,false,אגו מיקס כ.תירס 55 גרם,כרמית תעשיות ממתקים בעמ,IL,אגו מיקס כ.תירס,גרמים,55.00,100 גרם,false,1,3.90,7.09,true,1,
7290017129501,false,אגו מיקס כ.תירס מצופה55ג,כרמית,IL,אגו מיקס 55 גרם,גרמים,55.00,100 גרם,false,1,3.90,7.09,true,1,
7290017129518,false,אגו מיקס חלב ולבן 55 גר',כרמית,IL,אגו מיקסים,גרמים,55.00,100 גרם,false,1,3.90,7.09,true,1,
7290017129532,false,לקקן בטעם תות 90 גרם,כרמית,TR,לקקן בטעם תות,גרמים,90.00,100 גרם,false,1,2.90,3.22,true,1,
7290017129549,false,לקקן בטעם גלידה 90 גרם,כרמית,TR,לקקן גלידה,גרמים,90.00,100 גרם,false,1,2.90,3.22,true,1,
7290017129624,false,לקקן תפוח ענבים 50 יח',כרמית,TR,לקקן תפוח ענבים,גרמים,450.00,100 גרם,false,1,14.90,3.31,true,1,
7290017129754,false,שוקולד מריר מעולה 70% בד,"כרמית תעשיות ממתקים בע""\",IL,שוקולד מריר מעול,גרמים,100.00,100 גרם,false,1,6.90,6.90,true,1,
7290017129846,false,מיני קוקיס בטעם קרמל600ג,כרמית,IL,עוגיות בטעם קרמל,גרמים,600.00,100 גרם,false,1,14.90,2.48,true,1,
7290017129877,false,מיקס לקקנים שטוחים 40 יח,כרמית,TR,מיקס לקקנים,גרמים,300.00,100 גרם,false,1,9.90,3.30,true,1,
7290017129884,false,מארז שוקולד מריר 85*5 גר,"כרמית תעשיות ממתקים בע""\",IL,מארז שוקולד,גרמים,425.00,100 גרם,false,1,12.90,3.04,true,1,
7290017129983,false,שוקוצ'יפס לבן לאפיה250ג,כרמית,IL,שוקוציפס לבן250ג,גרמים,250.00,100 גרם,false,1,8.90,3.56,true,1,
7290017153148,false,חלב מרוכז 300 גרם,פוליבה בעמ,IL,חלב מרוכז 300גרם,גרמים,300.00,100 גרם,false,1,12.90,4.30,true,1,
7290017187044,false,תרכיז תפוחים 100% 1.2 ל',"פרי קטיף מזון בע""מ",IL,תרכיז תפוחים ללס,ליטרים,1.20,ליטר,false,1,26.90,22.42,true,1,
7290017217239,false,קליפסים לסגירת שקיות .,נוי שיווק,CN,קליפסים לשקיות,יחידה,1.00,יחידה,false,1,9.90,9.90,true,1,
7290017239101,false,סלמון אטלנטי מעושן מצונן,סלטי שמיר,IL,סלמון אטלנטי,גרמים,100.00,100 גרם,false,1,19.90,19.90,true,1,
7290017239118,false,גרבלקס סלמון אטלנטי,סלטי שמיר,IL,גרבלקס סלמון,גרמים,100.00,100 גרם,false,1,19.90,19.90,true,1,
7290017239187,false,מעדן מקרל פרוס 250 גרם,סלטי שמיר,IL,מקרל פרוס 250גרם,גרמים,250.00,100 גרם,false,1,28.90,11.56,true,1,
7290017239941,false,מקרל בעישון חם +תבלינים,סלטי שמיר,IL,מקרל בעישון חם,גרמים,200.00,100 גרם,false,1,34.90,17.45,true,1,
7290017240015,false,לקט שורשים - יח',פאר לי,IL,לקט שורשים - יח',יחידה,1.00,יחידה,false,1,9.90,9.90,true,1,
7290017240022,false,שורש גינגר,,IL,שורש גינגר,קילוגרמים,0.00,"ק""ג",true,1,29.90,29.90,true,1,
7290017240039,false,דלעת ארוזה שקיל,,IL,דלעת ארוזה,קילוגרמים,0.00,"ק""ג",true,1,7.90,7.90,true,1,
7290017240053,false,לוף ארוז,,IL,לוף ארוז,קילוגרמים,0.00,"ק""ג",true,1,14.90,14.90,true,1,
7290017240077,false,פלפלון ארוז יחידה,.,IL,פלפלונים ארוזים,יחידה,1.00,יחידה,false,1,5.90,5.90,true,1,
7290017240084,false,פלפל צ'ילי חריף,,XX,פלפל צ'ילי חריף,גרמים,100.00,100 גרם,false,1,5.90,5.90,true,1,
7290017240176,false,מלפפון ביבי,,XX,מלפפון ביבי,גרמים,400.00,100 גרם,false,1,8.90,2.23,true,1,
7290017243214,false,LRביו 25 60 קפסולות,LTD .AMBROZIA,IL,LRביו 25,יחידה,1.00,יחידה,false,1,194.90,194.90,true,1,
7290017243238,false,כורכמין ליקווד ג'ל60כמוס,LTD .AMBROZIA,IL,כורכמין,יחידה,1.00,יחידה,false,1,130.00,130.00,true,1,
7290017252315,false,עוגל'ה  270 גרם,,IL,עוגל'ה 270 גרם,גרמים,270.00,100 גרם,false,1,3.90,1.44,true,1,
7290017252322,false,עוגל'ה עוגת שיש 270 גרם,,IL,עוגל'ה עוגת שיש,גרמים,270.00,100 גרם,false,1,3.90,1.44,true,1,
7290017252520,false,עוגל'ה שוקוציפס 270 גרם,,IL,עוגל'ה שוקוציפס,גרמים,270.00,100 גרם,false,1,3.90,1.44,true,1,
7290017252636,false,עוגל'ה עוגת דבש 270 גרם,"אס.אף.אס מאפים בע""מ",IL,עוגל'ה עוגה בטעם,גרמים,270.00,100 גרם,false,1,5.90,2.19,true,1,
7290017252834,false,עוגת שמרים שוקולד 240 גר,,IL,עוגת שמרים 240גר,גרמים,240.00,100 גרם,false,1,4.90,2.04,true,1,
7290017252902,false,מאפה רוגלך,,IL,מאפה רוגלך,גרמים,400.00,100 גרם,false,1,5.90,1.48,true,1,
7290017266312,false,עלמה וופל AIR שוקו 150 ג,,IL,עלמה וופל AIR,גרמים,150.00,100 גרם,false,1,2.90,1.93,true,1,
7290017266398,false,גלילי וופל למילוי 150 גר,,IL,גלילי ופל למילוי,גרמים,150.00,100 גרם,false,1,15.90,10.60,true,1,
7290017266503,false,"גליל ופל ללת""ס עלמה 100ג",,IL,"גליל ופל ללת""ס",גרמים,100.00,100 גרם,false,1,5.90,5.90,true,1,
7290017285702,false,"סרקל קרם רוזמרין 325 מ""ל",פישר מעבדות פרמצבטיות בע,IL,סרקל קרם רוזמרין,מיליליטרים,325.00,"100 מ""ל",false,1,20.90,6.43,true,1,
7290017285726,false,סרקל מרכך לילדים 1 ליטר,פישר מעבדות פרמצבטיות בע,IL,סרקל מרכך לילדים,ליטרים,1.00,ליטר,false,1,26.90,26.90,true,1,
7290017285733,false,סרקל מרכך לילדים 2 ליטר,פישר מעבדות פרמצבטיות בע,IL,סרקל מרכך לילדים,ליטרים,2.00,ליטר,false,1,38.90,19.45,true,1,
7290017285740,false,סרקל שמפו לילדים 1 ליטר,פישר מעבדות פרמצבטיות בע,IL,סרקל שמפו לילדים,ליטרים,1.00,ליטר,false,1,26.90,26.90,true,1,
7290017285757,false,סרקל שמפו+מרכך לילדים 1ל,פישר מעבדות פרמצבטיות בע,IL,סרקל שמפו+מרכך,ליטרים,1.00,ליטר,false,1,26.90,26.90,true,1,
7290017285764,false,סרקל שמפו לילדים 2 ליטר,פישר מעבדות פרמצבטיות בע,IL,סרקל שמפו לילדים,ליטרים,2.00,ליטר,false,1,38.90,19.45,true,1,
7290017289090,false,קברנה סוביניון מ.יהודה75,טפרברג,IL,קברנה סוביניון,מיליליטרים,750.00,"100 מ""ל",false,1,24.90,3.32,true,1,
7290017289106,false,"מרלו ממלכת יהודה 750 מ""ל",טפרברג,IL,מרלו,מיליליטרים,750.00,"100 מ""ל",false,1,24.90,3.32,true,1,
7290017289113,false,"שיראז ממלכת יהודה 750 מ""",טפרברג,IL,שיראז,מיליליטרים,750.00,"100 מ""ל",false,1,24.90,3.32,true,1,
7290017289120,false,מרלו פטיט סירה מ.יהודה75,טפרברג,IL,מרלו פטיט סירה,מיליליטרים,750.00,"100 מ""ל",false,1,24.90,3.32,true,1,
7290017289137,false,זינפנדל ממלכת יהודה 750,טפרברג,IL,זינפנדל,מיליליטרים,750.00,"100 מ""ל",false,1,24.90,3.32,true,1,
7290017289144,false,סוביניון מ. יהודה 750 מל,"יקב טפרברג 1870 בע""מ",IL,סוביניון בלאן,מיליליטרים,750.00,"100 מ""ל",false,1,24.60,3.28,true,1,
7290017289151,false,"ריזלינג מ. יהודה 750 מ""ל",טפרברג,IL,אמרלד ריזלינג,מיליליטרים,750.00,"100 מ""ל",false,1,24.60,3.28,true,1,
7290017289168,false,"ישראלי אדום יבש 750 מ""ל",,IL,ישראלי אדום,מיליליטרים,750.00,"100 מ""ל",false,1,18.90,2.52,true,1,
7290017289175,false,"ישראלי פטיט סירה 750 מ""ל",,IL,ישראלי פתית סירה,מיליליטרים,750.00,"100 מ""ל",false,1,18.90,2.52,true,1,
7290017289182,false,ישראלי לבן חצי יבש 750מל,,IL,לבן חצי יבש,מיליליטרים,750.00,"100 מ""ל",false,1,18.90,2.52,true,1,
7290017289199,false,"ישראלי לבן יבש 750 מ""ל",,IL,ישראלי לבן יבש,מיליליטרים,750.00,"100 מ""ל",false,1,18.90,2.52,true,1,
7290017289205,false,ישראלי קברנה סוביניון 75,,IL,קברנה סוביניון,מיליליטרים,750.00,"100 מ""ל",false,1,18.90,2.52,true,1,
7290017289595,false,אינספייר בלנד אדום 750מל,,IL,יין אינספייר,מיליליטרים,750.00,"100 מ""ל",false,1,64.90,8.65,true,1,
7290017289601,false,פרנץ קולומבר אימפרשן750מ,,IL,פרנץ קולומבר,מיליליטרים,750.00,"100 מ""ל",false,1,38.90,5.19,true,1,
7290017289618,false,פטיט סירה אימפרשן 750 מל,,IL,פטיט סירה,מיליליטרים,750.00,"100 מ""ל",false,1,38.90,5.19,true,1,
7290017304885,false,לחם שיפון מלא פרוס 750גר,מאפיית שלמה א. אנג'\ל בע,IL,לחם שיפון מלא,גרמים,750.00,100 גרם,false,1,12.90,1.72,true,1,
7290017426341,false,תבניות נייר מלבן גדול 5,HQP,CN,תבניות נייר,יחידה,1.00,יחידה,false,1,9.90,9.90,true,1,
7290017426358,false,תבניות נייר אינגליש 8 יח,HQP,CN,תבניות נייר,יחידה,1.00,יחידה,false,1,9.90,9.90,true,1,
7290017426365,false,תבניות נייר אינגליש קטן,HQP,CN,תבניות נייר,יחידה,1.00,יחידה,false,1,9.90,9.90,true,1,
7290017426372,false,תבניות נייר חלה גדול 5יח,HQP,CN,תבניות נייר חלה,יחידה,1.00,יחידה,false,1,9.90,9.90,true,1,
7290017426464,false,אוזני המן 700 גרם,,IL,אוזני המן,גרמים,700.00,100 גרם,false,1,12.90,1.84,true,1,
7290017426969,false,"פחמים 2 ק""ג",,PY,"פחמים 2 ק""ג",קילוגרמים,2.00,"ק""ג",false,1,9.90,4.95,true,1,
7290017426990,false,אוזני המן בטעם שוקולד,ש.א אנטקוביץ השקעות,IL,אוזני המן700גרם,גרמים,700.00,100 גרם,false,1,12.90,1.84,true,1,
7290017440934,false,קמיל בלו קלאסי אל סבון,CHEMIPAL  FISHER (BIO,IL,אל סבון 1 ליטר,ליטרים,1.00,ליטר,false,1,24.90,24.90,true,1,
7290017457574,false,סבון אסלה סוד פרחים50*3ג,,RS,סבון אסלה 3 יח,גרמים,150.00,100 גרם,false,1,14.90,9.93,true,1,
7290017457802,false,קפס.ג'ל לכביסה פרסיל56יח,הנקל סוד,HU,קפסולות פרסיל,יחידה,1.00,יחידה,false,1,54.90,54.90,true,1,
7290017457895,false,מרכך סופרים רומנס 1.2ל,הנקל,AT,מרכך סוד סופרים,ליטרים,1.20,ליטר,false,1,14.90,12.42,true,1,
7290017457901,false,מרכך סופרים אלגנס 1.2ל,הנקל,AT,מרכך סוד סופרים,ליטרים,1.20,ליטר,false,1,14.90,12.42,true,1,
7290017457918,false,מרכך סופרים אטרקשן 1.2 ל,הנקל,AT,מרכך סוד סופרים,ליטרים,1.20,ליטר,false,1,14.90,12.42,true,1,
7290017457925,false,מרכך פרש ורוד 900 מל,,IL,סוד מרכך ורוד,מיליליטרים,900.00,"100 מ""ל",false,1,11.90,1.32,true,1,
7290017457932,false,מרכך פרש כחול 900מל,,IL,סוד מרכך כחול,מיליליטרים,900.00,"100 מ""ל",false,1,11.90,1.32,true,1,
7290017476278,false,אגוזי מלך בקופסא 200 גרם,,IL,אגוזי מלך בקופסא,גרמים,200.00,100 גרם,false,1,17.90,8.95,true,1,
7290017476780,false,שקד טבעי 150 גרם,,IL,שקד טבעי,גרמים,150.00,100 גרם,false,1,12.90,8.60,true,1,
7290017476797,false,אגוז פקאן 150 גרם,,IL,אגוז פקאן,גרמים,150.00,100 גרם,false,1,17.90,11.93,true,1,
7290017476810,false,שזיף מגולען 180 גרם,,IL,שזיף מגולען,גרמים,180.00,100 גרם,false,1,7.90,4.39,true,1,
7290017476827,false,משמש מיובש 180 גרם,,IL,משמש מיובש,גרמים,180.00,100 גרם,false,1,7.90,4.39,true,1,
7290017476858,false,גרעין חמניה 150 גרם,,IL,גרעין חמניה,גרמים,150.00,100 גרם,false,1,3.90,2.60,true,1,
7290017476889,false,שקד קלוי 150 גרם,,IL,שקד קלוי,גרמים,150.00,100 גרם,false,1,14.90,9.93,true,1,
7290017476896,false,קאשיו קלוי 150 גרם,,IL,קאשיו קלוי,גרמים,150.00,100 גרם,false,1,13.90,9.27,true,1,
7290017476926,false,תערובת פיצוחים מובחרת 15,,IL,תערובת פיצוחים,גרמים,150.00,100 גרם,false,1,13.90,9.27,true,1,
7290017522968,false,מפיות תלת שכבתי חג שמח,G.T.M.I,PL,מפיות תלת שכבתי,יחידה,1.00,יחידה,false,1,4.90,4.90,true,1,
7290017522975,false,מפיות תלת שכבתי,G.T.M.I,PL,מפיות תלת שכבתי,יחידה,1.00,יחידה,false,1,4.90,4.90,true,1,
7290017522982,false,מפיות תלת שכבתי שחור,G.T.M.I,PL,מפיות תלת שכבתי,יחידה,1.00,יחידה,false,1,4.90,4.90,true,1,
7290017522999,false,מפיות תלת שכבתי,G.T.M.I,PL,מפיות תלת שכבתי,יחידה,1.00,יחידה,false,1,4.90,4.90,true,1,
7290017589565,false,גוורצטרמינר קלאסיק 750 מ,יקבי ברקן,IL,גוורצטרמינר קלאס,מיליליטרים,750.00,"100 מ""ל",false,1,24.90,3.32,true,1,
7290017589633,false,"קברנה רזרב גולד 750 מ""ל",יקבי ברקן,IL,קברנה רזרב גולד,מיליליטרים,750.00,"100 מ""ל",false,1,32.90,4.39,true,1,
7290017595047,false,זוג כוסיות לנרונים שלהבת,שלהבת,IL,זוג כוסיות שלהבת,יחידה,1.00,יחידה,false,1,13.90,13.90,true,1,
7290017595054,false,זוג כוסיות לנרונים,,IL,זוג כוסיות לנרונ,יחידה,1.00,יחידה,false,1,5.90,5.90,true,1,
7290017595061,false,זוג כוסיות לנרונים 2 יח',,IL,זוג כוסיות לנרונ,יחידה,1.00,יחידה,false,1,4.90,4.90,true,1,
7290017615011,false,"אגרול סיני  בד""צ ארוז",,IL,אגרול סיני,גרמים,600.00,100 גרם,false,1,16.90,2.82,true,1,
7290017615028,false,פסטלים תפוחי אדמה800 גרם,,IL,"פסטלים תפו""א",גרמים,800.00,100 גרם,false,1,16.90,2.11,true,1,
7290017615042,false,קובה בטעם בשר,,IL,קובה בטעם בשר,גרמים,600.00,100 גרם,false,1,16.90,2.82,true,1,
7290017615059,false,פלאפל 800 גרם,,IL,פלאפל 800 גרם,גרמים,800.00,100 גרם,false,1,17.90,2.24,true,1,
7290017615066,false,"עלים לסיגרים בד""צ 500 גר",סיגרו,IL,עלים לסיגרים500ג,גרמים,500.00,100 גרם,false,1,12.90,2.58,true,1,
7290017615189,false,בשר  מס  10 צוואר צרכני,,UY,בשר מס 10 צוואר,קילוגרמים,0.00,"ק""ג",true,1,34.90,34.90,true,1,
7290017615196,false,בשר מס 3 צרכני אשפר חלק,,UY,בשר מס 3,קילוגרמים,0.00,"ק""ג",true,1,29.90,29.90,true,1,
7290017615288,false,אגרול סיני 8 יחידות,,IL,אגרול סיני,יחידה,1.00,יחידה,false,1,16.90,16.90,true,1,
7290017615295,false,קובה בטעם בשר 10 יחידות,,IL,קובה בטעם בשר,יחידה,1.00,יחידה,false,1,16.90,16.90,true,1,
7290017615301,false,"פסטלים במילוי תפו""א700גר",,IL,פסטלים 700 גרם,גרמים,700.00,100 גרם,false,1,16.90,2.41,true,1,
7290017615318,false,"סיגרים תפו""א 700 גרם",,IL,"סיגרים תפו""א",גרמים,800.00,100 גרם,false,1,16.90,2.11,true,1,
7290017615332,false,סיגרים בטעם בשר 500 גרם,,IL,סיגרים בטעם בשר,גרמים,500.00,100 גרם,false,1,16.90,3.38,true,1,
7290017615356,false,כדורי פלאפל 700 גרם,,IL,כדורי פלאפל,גרמים,700.00,100 גרם,false,1,16.90,2.41,true,1,
7290017615875,false,פילה סול סיני מובחר ארוז,גופו,CN,פילה סול,קילוגרמים,0.00,"ק""ג",true,1,27.90,27.90,true,1,
7290017615882,false,סטייק טונה בואקום,,VN,סטייק טונה,קילוגרמים,0.00,"ק""ג",true,1,39.90,39.90,true,1,
7290017615950,false,סיגר בטעם בשר 800 גרם,,IL,סיגר בטעם בשר,גרמים,800.00,100 גרם,false,1,16.90,2.11,true,1,
7290017641119,false,שוקולד מריר מעולה %\85 מ,כרמית תעשיות ממתקים בעמ,IL,אגו שוקולד %\85,גרמים,100.00,100 גרם,false,1,6.90,6.90,true,1,
7290017641263,false,פרוטיז סוכריות פירות 15,,TR,סוכריות פירות,גרמים,15.00,100 גרם,false,1,0.90,6.00,true,1,
7290017641379,false,מארז שוקולד חלב 85*5 גרם,"כרמית תעשיות ממתקים בע""\",IL,מארז שוקולד חלב,גרמים,425.00,100 גרם,false,1,12.90,3.04,true,1,
7290017641409,false,"טופי בטעם תות בד""ץ 800 ג",,TR,טופי בטעם תות,גרמים,800.00,100 גרם,false,1,11.90,1.49,true,1,
7290017641584,false,פרוטיז סוכ.בטעמי פירות,דורקאן,TR,פרוטיז סוכריות,גרמים,180.00,100 גרם,false,1,9.90,5.50,true,1,
7290017641591,false,מרשמלו ורוד לבן 30 גרם,"כרמית תעשיות ממתקים בע""\",IL,מרשמלו ורוד לבן,גרמים,30.00,100 גרם,false,1,1.30,4.33,true,1,
7290017641676,false,מארז שלישייה שוקולד מריר,"כרמית תעשיות ממתקים בע""\",IL,מארז שוקולד מריר,גרמים,255.00,100 גרם,false,1,9.90,3.88,true,1,
7290017641690,false,שוקולד חלבי עם אגוז 85X3,"כרמית תעשיות ממתקים בע""\",IL,מארז שוקולד חלבי,גרמים,255.00,100 גרם,false,1,9.90,3.88,true,1,
7290017641720,false,שוקולד שקד פרימיום 100 ג,"כרמית תעשיות ממתקים בע""\",IL,שוקולד שקד,גרמים,100.00,100 גרם,false,1,6.90,6.90,true,1,
7290017641737,false,שוקולד אגוז פרימיום 100,"כרמית תעשיות ממתקים בע""\",IL,שוקולד אגוז,גרמים,100.00,100 גרם,false,1,6.90,6.90,true,1,
7290017641829,false,טופי ממולא טעמי פירות,שוגבי סקרלמה גידה אינסט,TR,טופי 600 גרם,גרמים,600.00,100 גרם,false,1,11.90,1.98,true,1,
7290017641836,false,סוכריות טופי בטעמי פירות,שוגבי סקרלמה גידה אינסט,TR,סוכריות טופי800ג,גרמים,800.00,100 גרם,false,1,11.90,1.49,true,1,
7290017641843,false,טופי בטעם תות 200 גרם,,TR,טופי בטעם תות,גרמים,200.00,100 גרם,false,1,4.90,2.45,true,1,
7290017647425,false,גמלא קברנה סובניון 750 מ,יקב רמת הגולן,IL,קברנה סוביניון,מיליליטרים,750.00,"100 מ""ל",false,1,59.90,7.99,true,1,
7290017659725,false,מגב סיליקון 40,רוחמה,IL,מגב סיליקון,יחידה,1.00,יחידה,false,1,22.90,22.90,true,1,
7290017659732,false,מגב סילקון 50,רוחמה,IL,מגב סילקון,יחידה,1.00,יחידה,false,1,24.90,24.90,true,1,
7290017659756,false,"מגב רצפה 40 ס""מ",רוחמה,IL,"מגב רצפה 40 ס""מ",יחידה,1.00,יחידה,false,1,8.90,8.90,true,1,
7290017659763,false,מגב רצפה 50 .,רוחמה,IL,מגב רצפה,יחידה,1.00,יחידה,false,1,12.90,12.90,true,1,
7290017687148,false,"דבק רחב שקוף כשל""פ 2 יח'",,IL,דבק רחב שקוף,יחידה,1.00,יחידה,false,1,11.90,11.90,true,1,
7290017687155,false,"דבק רחב לבן כשל""פ 2 יח'",,IL,דבק רחב לבן,יחידה,1.00,יחידה,false,1,14.90,14.90,true,1,
7290017687162,false,גליונות נייר לבן לפסח,,IL,גליונות נייר לבן,יחידה,1.00,יחידה,false,1,4.90,4.90,true,1,
7290017746029,false,לחמניות מזונות 75*6גרם,מאפיית אלומות מקבוצת דוו,IL,6לחמניות מזונות,גרמים,450.00,100 גרם,false,1,9.90,2.20,true,1,
7290017746036,false,4 לחמניות קלועות שומשום,מאפיית דוידוביץ ובניו בע,IL,לחמניות קלועות,גרמים,480.00,100 גרם,false,1,7.90,1.65,true,1,
7290017746258,false,פרנה לחם מרוקאי 400 גרם,מאפיית דוראל,IL,פרנה לחם מרוקאי,גרמים,400.00,100 גרם,false,1,11.90,2.98,true,1,
7290017812052,false,שיראז-קברנה אקסלנס 750מל,יקבי כרמל,IL,שיראז-קברנה,מיליליטרים,750.00,"100 מ""ל",false,1,24.90,3.32,true,1,
7290017812069,false,ריזלינג-שרדונה אקסלנס750,יקבי כרמל,IL,ריזלינג-שרדונה,מיליליטרים,750.00,"100 מ""ל",false,1,24.90,3.32,true,1,
7290017812168,false,"יין קדמון 900 מ""ל",יקבי כרמל,IL,יין קדמון 900,מיליליטרים,900.00,"100 מ""ל",false,1,39.90,4.43,true,1,
7290017812229,false,"מרלו סלקטד 900 מ""ל",יקבי כרמל,IL,מרלו סלקטד,מיליליטרים,900.00,"100 מ""ל",false,1,24.90,2.77,true,1,
7290017812236,false,אמרלד ריזלינג סלקטד 900,יקבי כרמל,IL,אמרלד ריזלינג,מיליליטרים,900.00,"100 מ""ל",false,1,24.90,2.77,true,1,
7290017812243,false,"קברנה מרלו סלקטד 900 מ""ל",יקבי כרמל,IL,קברנה מרלו,מיליליטרים,900.00,"100 מ""ל",false,1,24.90,2.77,true,1,
7290017812281,false,מרלו .P.C מגנום 1.5 ליטר,אגודת הכורמים הקואופרטיב,IL,מרלו .P.C מגנום,ליטרים,1.50,ליטר,false,1,79.90,53.27,true,1,
7290017812304,false,קברנה שירז אזורית 900 מל,יקבי כרמל,IL,קברנה שירז סדרה,מיליליטרים,900.00,"100 מ""ל",false,1,49.90,5.54,true,1,
7290017812311,false,"מרלו סדרה אזורית 900 מ""ל",אגודת הכורמים הקואופרטיב,IL,מרלו סדרה אזורית,מיליליטרים,900.00,"100 מ""ל",false,1,49.90,5.54,true,1,
7290017812595,false,יין ישן נושן לייט 750 מל,יקבי כרמל,IL,ישן נושן לייט,מיליליטרים,750.00,"100 מ""ל",false,1,16.90,2.25,true,1,
7290017812649,false,תירוש כרמל לבן 1.2 ליטר,יקבי כרמל,IL,תירוש כרמל לבן,ליטרים,1.20,ליטר,false,1,19.90,16.58,true,1,
7290017812656,false,כרמל תירוש מבעבע אדום750,ג'\קובז'\י איי.אי פיגלי,IL,תירוש מבעבע אדום,מיליליטרים,750.00,"100 מ""ל",false,1,19.90,2.65,true,1,
7290017812663,false,כרמל תירוש מבעבע לבן750מ,ג'\קובז'\י איי.אי פיגלי,IL,תירוש מבעבע לבן,מיליליטרים,750.00,"100 מ""ל",false,1,19.90,2.65,true,1,
7290017812830,false,רוזה פרייבט קולקשן 750 מ,יקבי כרמל,IL,יין רוזה יבש,מיליליטרים,750.00,"100 מ""ל",false,1,32.90,4.39,true,1,
7290017812861,false,"יין וינו לבן יבש 750 מ""ל",יקבי כרמל,IL,יין וינו לבן יבש,מיליליטרים,750.00,"100 מ""ל",false,1,18.90,2.52,true,1,
7290017812878,false,"רוזה אקסלנס 750 מ""ל",יקבי כרמל,IL,רוזה אקסלנס,מיליליטרים,750.00,"100 מ""ל",false,1,24.90,3.32,true,1,
7290017812885,false,סוב.בלאן גוורצטרמינר750מ,יקבי כרמל,IL,סוביניון גוורצטר,מיליליטרים,750.00,"100 מ""ל",false,1,32.90,4.39,true,1,
7290017812977,false,"באזז בטעם אננס 750 מ""ל",יקבי כרמל,IL,באזז בטעם אננס,מיליליטרים,750.00,"100 מ""ל",false,1,22.90,3.05,true,1,
7290017871462,false,ח.פצ.אורז שוקולד21*5כשלפ,תות תעשיות מזון (2014) ב,IL,חטיף פצפוצי אורז,גרמים,105.00,100 גרם,false,1,14.90,14.19,true,1,
7290017871707,false,חטיף פצ.אורז+קוקוס 21*5ג,תות תעשיות מזון (2014) ב,IL,חטיף פצפוצי אורז,גרמים,105.00,100 גרם,false,1,14.90,14.19,true,1,
7290017872001,false,פרש וואנס קרם החתלה 100מ,,IL,פרש וואנס קרם הח,מיליליטרים,100.00,"100 מ""ל",false,1,11.90,11.90,true,1,
7290017872018,false,פרש וואנס- קרם החתלה לתי,,IL,פרש וואנס קרם הח,מיליליטרים,100.00,"100 מ""ל",false,1,11.90,11.90,true,1,
7290017872056,false,פמלי אלסבון לבנה 500*3,אברנסל קוסמטיקס,TR,אל סבון פמלי,ליטרים,1.50,ליטר,false,1,14.90,9.93,true,1,
7290017872063,false,פמלי אלסבון ארומתי500*3,אברנסל קוסמטיקס,TR,אל סבון פמלי,ליטרים,1.50,ליטר,false,1,14.90,9.93,true,1,
7290017872162,false,"עוג.אגוזי לוז ללת""ס200גר","הגביע מוצרי וופלים בע""\מ",IL,עוגיות אגוזי לוז,גרמים,200.00,100 גרם,false,1,14.80,7.40,true,1,
7290017872179,false,"עוגיות טחינה ללת""ס200ג","הגביע מוצרי וופלים בע""\מ",IL,עוגיות טחינה,גרמים,200.00,100 גרם,false,1,14.80,7.40,true,1,
7290017872186,false,"עוגיות פקאן ללת""ס200ג","הגביע מוצרי וופלים בע""\מ",IL,עוגיות פקאן,גרמים,200.00,100 גרם,false,1,14.80,7.40,true,1,
7290017872193,false,עוג.שקד.וקינמון ללתס200,"הגביע מוצרי וופלים בע""\מ",IL,עוגיות שקדים,גרמים,200.00,100 גרם,false,1,14.80,7.40,true,1,
7290017883045,false,קשקש ממתק חמוץ טעם פירות,,CN,קשקש ממתק חמוץ,גרמים,160.00,100 גרם,false,1,9.90,6.19,true,1,
7290017883243,false,אצבעות טופי תות צילינדר,,TR,אצבעות טופי תות,גרמים,368.00,100 גרם,false,1,8.90,2.42,true,1,
7290017883250,false,אצבעות טופי תפוח צילינדר,,TR,אצבעות טופי תפוח,גרמים,368.00,100 גרם,false,1,8.90,2.42,true,1,
7290017883267,false,אצבעות טופי ענבים צילינד,,TR,אצבעות טופי ענבי,גרמים,368.00,100 גרם,false,1,8.90,2.42,true,1,
7290017883274,false,אצבעות טופי דובדבן צילינ,,TR,אצבעות טופי דובד,גרמים,368.00,100 גרם,false,1,8.90,2.42,true,1,
7290017883304,false,סוכריות על מקל טעם פירות,,TR,סוכריות על מקל,קילוגרמים,1.10,"ק""ג",false,1,19.90,18.09,true,1,
7290017883342,false,סוכריות קופצות ענבים 12י,,TR,סוכריות קופצות,גרמים,48.00,100 גרם,false,1,9.90,20.63,true,1,
7290017883359,false,סוכריות קופצות תות 12 יח,,TR,סוכריות קופצות,גרמים,48.00,100 גרם,false,1,9.90,20.63,true,1,
7290017883366,false,סוכריות קופצות פטל 12 יח,,TR,סוכריות קופצות,גרמים,48.00,100 גרם,false,1,9.90,20.63,true,1,
7290017888651,false,שוופס מוגז תפוחים1.5*4ל,"יפאורה תבורי בע""\מ",IL,שוופס תפוחים 4יח,ליטרים,6.00,ליטר,false,1,19.90,3.32,true,1,
7290017888668,false,שוופס מוגז למונייד1.5*4ל,"יפאורה תבורי בע""\מ",IL,שוופס למונייד4יח,ליטרים,6.00,ליטר,false,1,19.90,3.32,true,1,
7290017888682,false,שוופס מוגז ענבים 1.5*4 ל,"יפאורה תבורי בע""\מ",IL,שוופס ענבים 4 יח,ליטרים,6.00,ליטר,false,1,19.90,3.32,true,1,
7290017888729,false,סודה שוופס 1 ליטר,"יפאורה תבורי בע""\מ",IL,סודה שוופס,ליטרים,1.00,ליטר,false,1,3.90,3.90,true,1,
7290017888781,false,שופס מ.עדין ליים נענע1.5,"יפאורה תבורי בע""\מ",IL,שוופס ליים נענע,ליטרים,1.50,ליטר,false,1,6.00,4.00,true,1,
7290017888934,false,תפוזינה תפוזים 1.5*4 ל,"יפאורה תבורי בע""\מ",IL,תפוזינה תפוז 4יח,ליטרים,6.00,ליטר,false,1,19.90,3.32,true,1,
7290017888941,false,תפוזינה ענבים 1.5*4ל,"יפאורה תבורי בע""\מ",IL,תפוזינה ענבים4יח,ליטרים,6.00,ליטר,false,1,19.90,3.32,true,1,
7290017888958,false,תפוזינה לימונענע 1.5*4ל,"יפאורה תבורי בע""\מ",IL,תפוזינה 4 יח,ליטרים,6.00,ליטר,false,1,19.90,3.32,true,1,
7290017888989,false,שוופס למונייד ל.סוכר1.5ל,יפאורה תבורי,IL,שוופס למונייד,ליטרים,1.50,ליטר,false,1,6.00,4.00,true,1,
7290017946474,false,הוואי ג'ל רח.פולינזיה700,טרופיקל דגיל בעמ,IL,הוואי ג'ל רחצה,מיליליטרים,700.00,"100 מ""ל",false,1,8.90,1.27,true,1,
7290017946979,false,פרסיל ג'ל מנטרל ריחות2.4,"הנקל סוד בע""\מ",IL,פרסיל ג'ל כביסה,ליטרים,2.40,ליטר,false,1,32.90,13.71,true,1,
7290017947105,false,לחם בסגנון אמריקה 500 גר,מאפיית שלמה א. אנג'\ל בע,IL,לחם סגנון אמריקה,גרמים,500.00,100 גרם,false,1,11.90,2.38,true,1,
7290017947488,false,לחם מחמצת איטלקי500ג,מאפיית שלמה,IL,לחם מחמצת,גרמים,500.00,100 גרם,false,1,14.90,2.98,true,1,
7290017947891,false,לחם כוסמין+חיטה מלאה750ג,מאפיית שלמה א. אנג'\ל בע,IL,אנג'ל  כוסמין,גרמים,750.00,100 גרם,false,1,12.90,1.72,true,1,
7290017947921,false,לחמנ.המבורגר אמריקה75*6ג,מאפיית שלמה א. אנג'\ל בע,IL,לחמניות המבורגר,גרמים,450.00,100 גרם,false,1,11.90,2.64,true,1,
7290017947938,false,לחמנ.מיני המבורגר8יח400ג,מאפיית שלמה א. אנג'\ל בע,IL,לחמניות המבורגר,גרמים,400.00,100 גרם,false,1,11.90,2.98,true,1,
7290017978031,false,גלידת גולד וניל פצ.שוקול,ריאו,IL,גלידת גולד,מיליליטרים,1400.00,"100 מ""ל",false,1,14.90,1.06,true,1,
7290017978246,false,קרחוני לייט פרווה שרבט,ריאו,IL,קרחוניים 8 יח,יחידה,1.00,יחידה,false,1,14.90,14.90,true,1,
7290018045879,false,אוראו הדור הבא 311 גרם,,US,אוראו הדור הבא,גרמים,311.00,100 גרם,false,1,19.90,6.40,true,1,
7290018050392,false,אגוזי מקדמיה קלופים טבעי,גי אנד גי פקאנס,IL,אגוזי מקדמיה,גרמים,120.00,100 גרם,false,1,19.90,16.58,true,1,
7290018050408,false,אגוזי פיסטוק קלויים160גר,גי אנד גי פקאנס,IL,אגוזי פיסטוק,גרמים,160.00,100 גרם,false,1,12.90,8.06,true,1,
7290018050415,false,אגוזי פקאן טבעי 160 גרם,גי אנד גי פקאנס,IL,אגוזי פקאן טבעי,גרמים,160.00,100 גרם,false,1,14.90,9.31,true,1,
7290018050422,false,פקאן סיני 160 גרם,גי אנד גי פקאנס,IL,פקאן סיני,גרמים,160.00,100 גרם,false,1,14.90,9.31,true,1,
7290018050439,false,אגוזי פקאן קלוי וממולח,גי אנד גי פקאנס,IL,אגוזי פקאן קלוי,גרמים,140.00,100 גרם,false,1,14.90,10.64,true,1,
7290018050446,false,צנובר 120 גרם,גי אנד גי פקאנס,IL,צנובר,גרמים,120.00,100 גרם,false,1,19.90,16.58,true,1,
7290018050453,false,אגוזי קשיו טבעיים 220 גר,גי אנד גי פקאנס,IL,אגוזי קשיו טבעי,גרמים,220.00,100 גרם,false,1,14.90,6.77,true,1,
7290018050460,false,אגוזי קשיו קלויים וממולח,גי אנד גי פקאנס,IL,אגוזי קשיו קלוי,גרמים,200.00,100 גרם,false,1,14.90,7.45,true,1,
7290018050477,false,אגוזי ברזיל טבעיים 180 ג,גי אנד גי פקאנס,IL,אגוזי ברזיל טבעי,גרמים,180.00,100 גרם,false,1,9.90,5.50,true,1,
7290018050484,false,אגוזי מלך קלופים טבעיים,גי אנד גי פקאנס,IL,אגוזי מלך טבעיים,גרמים,150.00,100 גרם,false,1,9.90,6.60,true,1,
7290018050491,false,אלמנדוס חטיף בוטנים220ג,גי אנד גי פקאנס,IL,אלמנדוס,גרמים,220.00,100 גרם,false,1,9.90,4.50,true,1,
7290018050514,false,בוטנים מטוגנים וממולחים,גי אנד גי פקאנס,IL,בוטנים מטוגנים,גרמים,240.00,100 גרם,false,1,9.90,4.13,true,1,
7290018050521,false,אגוזי לוז טבעי 150 גרם,גי אנד גי פקאנס,IL,אגוזי לוז טבעי,גרמים,150.00,100 גרם,false,1,9.90,6.60,true,1,
7290018050545,false,גרעיני אבטיח קלויים 140,גי אנד גי פקאנס,IL,גרעיני אבטיח,גרמים,140.00,100 גרם,false,1,9.90,7.07,true,1,
7290018050552,false,גרעיני דלעת קלופים טבעי,גי אנד גי פקאנס,IL,גרעיני דלעת,גרמים,240.00,100 גרם,false,1,9.90,4.13,true,1,
7290018050569,false,גרעיני חמניה קלופים טבעי,גי אנד גי פקאנס,IL,גרעיני חמניה,גרמים,400.00,100 גרם,false,1,9.90,2.48,true,1,
7290018050576,false,גרעיני דלעת קלויים 170 ג,גי אנד גי פקאנס,IL,גרעיני דלעת קלוי,גרמים,170.00,100 גרם,false,1,9.90,5.82,true,1,
7290018050583,false,חמוציות ברכז פרי 180 גרם,גי אנד גי פקאנס,IL,חמוציות ברכז פרי,גרמים,180.00,100 גרם,false,1,9.90,5.50,true,1,
7290018050606,false,משמש מיובש 250 גרם,גי אנד גי פקאנס,IL,משמש מיובש,גרמים,250.00,100 גרם,false,1,9.90,3.96,true,1,
7290018050613,false,צימוקים כהים 300 גרם,גי אנד גי פקאנס,IL,צימוקים כהים,גרמים,300.00,100 גרם,false,1,9.90,3.30,true,1,
7290018050620,false,צימוקים בהירים 220 גרם,גי אנד גי פקאנס,IL,צימוקים בהירים,גרמים,220.00,100 גרם,false,1,9.90,4.50,true,1,
7290018050637,false,בוטנים אמריקאים מצופים,גי אנד גי פקאנס,IL,בוטנים אמריקאים,גרמים,300.00,100 גרם,false,1,9.90,3.30,true,1,
7290018050644,false,קבוקים בוטנים מצופים300ג,גי אנד גי פקאנס,IL,קבוקים בוטנים,גרמים,300.00,100 גרם,false,1,9.90,3.30,true,1,
7290018050651,false,קרנץ ישראלי בוטנים מצופה,גי אנד גי פקאנס,IL,קרנץ ישראלי,גרמים,200.00,100 גרם,false,1,9.90,4.95,true,1,
7290018050675,false,שקדים קלויים וממולחים,גי אנד גי פקאנס,IL,שקדים קלויים,גרמים,210.00,100 גרם,false,1,14.90,7.10,true,1,
7290018050682,false,שקדים חצאים מולבנים130גר,גי אנד גי פקאנס,IL,שקדים מולבנים,גרמים,130.00,100 גרם,false,1,9.90,7.62,true,1,
7290018050699,false,שקדים טבעיים 230 גרם,גי אנד גי פקאנס,IL,שקדים טבעיים,גרמים,230.00,100 גרם,false,1,14.90,6.48,true,1,
7290018050705,false,שבבי שקדים מולבנים 130 ג,גי אנד גי פקאנס,IL,שבבי שקדים,גרמים,130.00,100 גרם,false,1,9.90,7.62,true,1,
7290018050712,false,שקדים פרוסים מולבנים130ג,גי אנד גי פקאנס,IL,שקדים פרוסים,גרמים,130.00,100 גרם,false,1,9.90,7.62,true,1,
7290018050736,false,תערובת אגוזים ושקדים150ג,גי אנד גי פקאנס,IL,תערובת אגוזים,גרמים,150.00,100 גרם,false,1,9.90,6.60,true,1,
7290018050750,false,מיקס אגוזים וחמוציות130ג,גי אנד גי פקאנס,IL,מיקס אגוזים,גרמים,130.00,100 גרם,false,1,9.90,7.62,true,1,
7290018050835,false,בוטנים קלויים ומומלחים,גי אנד גי פקאנס,IL,בוטנים קלויים,גרמים,250.00,100 גרם,false,1,9.90,3.96,true,1,
7290018050842,false,שקדים בקרמל 200 גרם,גי אנד גי פקאנס,IL,שקדים בקרמל,גרמים,200.00,100 גרם,false,1,14.90,7.45,true,1,
7290018050859,false,אגוזי קשיו בקרמל 200 גרם,גי אנד גי פקאנס,IL,אגוזי קשיו בקרמל,גרמים,200.00,100 גרם,false,1,14.90,7.45,true,1,
7290018050866,false,בוטנים בקרמל 200 גרם,גי אנד גי פקאנס,IL,בוטנים בקרמל,גרמים,200.00,100 גרם,false,1,9.90,4.95,true,1,
7290018077658,false,חצי באגט צרפתי .,גידרון,IL,חצי באגט צרפתי,יחידה,1.00,יחידה,false,1,2.90,2.90,true,1,
7290018091029,false,מקלות פילו תפוחי אדמה,"מעדנות בע""\מ",IL,מקלותפילו ת.אדמה,גרמים,450.00,100 גרם,false,1,21.90,4.87,true,1,
7290018091418,false,מקלות פילו פלפלים וגבינה,"מעדנות בע""\מ",IL,מקלותפילו פלפלים,גרמים,450.00,100 גרם,false,1,21.90,4.87,true,1,
7290018091616,false,מקלות פילו גבינה 450 גרם,"מעדנות בע""\מ",IL,מקלות פילו גבינה,גרמים,450.00,100 גרם,false,1,21.90,4.87,true,1,
7290018091647,false,בצק פריך עם שקדים,"מעדנות בע""\מ",IL,בצק פריך עם שקדי,גרמים,500.00,100 גרם,false,1,15.90,3.18,true,1,
7290018091814,false,מקלות פילו חצילים וגבינה,"מעדנות בע""\מ",IL,מקלות פילו חצילי,גרמים,450.00,100 גרם,false,1,21.90,4.87,true,1,
7290018091845,false,בצק פריך עם שוקולד,"מעדנות בע""\מ",IL,בצק פריך עם שוקו,גרמים,500.00,100 גרם,false,1,15.90,3.18,true,1,
7290018098011,false,קוביות אננס קפוא 350 גרם,,IL,קוביות אננס קפוא,גרמים,350.00,100 גרם,false,1,14.90,4.26,true,1,
7290018098028,false,קוביות מנגו קפוא 350 גרם,,IL,קוביות מנגו קפוא,גרמים,350.00,100 גרם,false,1,14.90,4.26,true,1,
7290018098035,false,בננה קפוא  350גרם,,IL,בננה קפוא 350גרם,גרמים,350.00,100 גרם,false,1,14.90,4.26,true,1,
7290018098042,false,מיקס אננס מנגו בננה 350ג,,IL,מיקס אננס מנגו,גרמים,350.00,100 גרם,false,1,14.90,4.26,true,1,
7290018098417,false,מיקס פירות יער קפוא 400,אופק מן הטבע,IL,מיקס פירות יער,גרמים,400.00,100 גרם,false,1,14.90,3.73,true,1,
7290018098455,false,תות שדה קפוא 400 גרם,אופק מן הטבע,IL,תות שדה קפוא,גרמים,400.00,100 גרם,false,1,14.90,3.73,true,1,
7290018098622,false,פיצה ביס אישית 10 יחידות,"אופק מן הטבע בע""מ",IL,מארז פיצה אישית,קילוגרמים,1.00,"ק""ג",false,1,14.90,14.90,true,1,
7290018098660,false,מארז חיסכון פיצה 500*3 ג,,IL,פיצה500*3 גרם,קילוגרמים,1.50,"ק""ג",false,1,24.90,16.60,true,1,
7290018098844,false,"שווארמה צמחית 1 ק""ג",,IL,שווארמה צמחית 1,קילוגרמים,1.00,"ק""ג",false,1,19.90,19.90,true,1,
7290018099001,false,פיתות 10 יח,,IL,פיתות 10 יח,יחידה,1.00,יחידה,false,1,9.90,9.90,true,1,
7290018099223,false,פיתות עבודת יד 5 יחידות,,IL,פיתות עבודת יד,יחידה,1.00,יחידה,false,1,5.90,5.90,true,1,
7290018131039,false,מאגדת שוקו וניל עוגיות,גלידות נסטלה )נגה גלידות,IL,מאגדת שוקו וניל,גרמים,270.00,100 גרם,false,1,23.90,8.85,true,1,
7290018131053,false,מאגדת קרחוני לימון אננס,גלידות נסטלה )נגה גלידות,IL,מאגדת קרחוני לימ,גרמים,700.00,100 גרם,false,1,19.90,2.84,true,1,
7290018131312,false,להקרמריה שוקווניל כשרלפס,גלידות נסטלה )נגה גלידות,IL,לה קרמריה שוקו ו,ליטרים,1.40,ליטר,false,1,14.90,10.64,true,1,
7290018131343,false,להקרמריה שוקווניל כשרלפס,גלידות נסטלה )נגה גלידות,IL,לה קרמריה שוקו ו,ליטרים,1.40,ליטר,false,1,14.90,10.64,true,1,
7290018131756,false,מאגדת וניל מצופה תות 440,גלידות נסטלה )נגה גלידות,IL,מאגדת וניל מצופה,גרמים,440.00,100 גרם,false,1,19.90,4.52,true,1,
7290018131855,false,מאגדת אקסטרים בראוניז,גלידות נסטלה )נגה גלידות,IL,מאגדת אקסטרים בר,גרמים,432.00,100 גרם,false,1,19.90,4.60,true,1,
7290018131893,false,מאגדת אקסטרים פקאן 432 ג,גלידות נסטלה )נגה גלידות,IL,מאגדת אקסטרים,גרמים,432.00,100 גרם,false,1,19.90,4.60,true,1,
7290018131954,false,מאגדת להפרוטה תות שוקולד,נגה גלידות שותפות מוגבלת,IL,מאגדת להפרוטה תו,גרמים,350.00,100 גרם,false,1,24.90,7.11,true,1,
7290018165027,false,"רוזה רזרב גולד 750 מ""ל",יקבי ברקן שיווק והפצה בע,IL,רוזה רזרב גולד,מיליליטרים,750.00,"100 מ""ל",false,1,32.90,4.39,true,1,
7290018165447,false,"מרלו רזרב גולד 750 מ""ל",יקבי ברקן שיווק והפצה בע,IL,מרלו רזרב גולד,מיליליטרים,750.00,"100 מ""ל",false,1,32.90,4.39,true,1,
7290018192658,false,פטריות דואט יח,,IL,צמד פטריות,יחידה,1.00,יחידה,false,1,14.90,14.90,true,1,
7290018194485,false,מאפינס בטעם שוקולד 40*6ג,"אס.אף.אס מאפים בע""מ",IL,מאפינס 6 יח,גרמים,40.00,100 גרם,false,1,5.90,14.75,true,1,
7290018194492,false,מאפינס בטעם וניל 40*6 ג',"אס.אף.אס מאפים בע""מ",IL,מאפינס 6 יח,גרמים,40.00,100 גרם,false,1,5.90,14.75,true,1,
7290018194508,false,מאפינס שוקוצ'יפס 40*6 ג',"אס.אף.אס מאפים בע""מ",IL,מאפינס 6 יח,גרמים,40.00,100 גרם,false,1,5.90,14.75,true,1,
7290018194683,false,עוגיות בטעם חמאה 170 גרם,,IL,עוגיות בטעם חמאה,גרמים,170.00,100 גרם,false,1,6.90,4.06,true,1,
7290018195055,false,לדר פירות-תות שדה 100 גר,,TR,לדר פירות,גרמים,100.00,100 גרם,false,1,16.90,16.90,true,1,
7290018195062,false,לדר פירות-אפרסק 100גרם,,TR,לדר פירות 100 גר,גרמים,100.00,100 גרם,false,1,16.90,16.90,true,1,
7290018195079,false,לדר פירות-דובדבן 100גרם,,TR,לדר פירות,גרמים,100.00,100 גרם,false,1,16.90,16.90,true,1,
7290018282854,false,ג'ל אלכוהול ויש משאבה,"טרופיקל דגיל בע""מ",IL,ג'ל אלכוהול,מיליליטרים,75.00,"100 מ""ל",false,1,4.90,6.53,true,1,
7290018294000,false,"קינג דויד רוזה 750 מ""ל",יקבי כרמל,IL,קינג דויד רוזה,מיליליטרים,750.00,"100 מ""ל",false,1,17.90,2.39,true,1,
7290018294055,false,תירוש כרמל רוזה 1.2 ליטר,יקבי כרמל,IL,תירוש כרמל רוזה,ליטרים,1.20,ליטר,false,1,19.90,16.58,true,1,
7290018294345,false,סלקטד אדום ישראלי 900 מל,יקבי כרמל,IL,סלקטד אדום 900מל,מיליליטרים,900.00,"100 מ""ל",false,1,24.60,2.73,true,1,
7290018333082,false,אגו מיקס קורנפלקס מצופה,"כרמית תעשיות ממתקים בע""\",IL,אגו מיקס 55גרם,גרמים,55.00,100 גרם,false,1,3.90,7.09,true,1,
7290018333099,false,אגו מיקס כדורים מצופים,"כרמית תעשיות ממתקים בע""\",IL,אגו מיקס מצופים,גרמים,55.00,100 גרם,false,1,3.90,7.09,true,1,
7290018333112,false,סוכריות טופי אצבעות מיקס,,TR,סוכריות טופי אצב,גרמים,402.00,100 גרם,false,1,9.90,2.46,true,1,
7290018333242,false,אריזת טופי אצבעות מיקס,שוגבי,TR,סוכריות טופי,גרמים,40.00,100 גרם,false,1,1.30,3.25,true,1,
7290018333440,false,מיני קוקיס חמאת בוטנים,כרמית,IL,מיני קוקיס 560גר,גרמים,560.00,100 גרם,false,1,14.90,2.66,true,1,
7290018333457,false,מיני קוקיס שקדים ולימון,כרמית,IL,מיני קוקיס 560גר,גרמים,540.00,100 גרם,false,1,14.90,2.76,true,1,
7290018333945,false,חטיף אגוזים רפאלס שקד,רפאלס,IL,חטיף אגוזים5 יח,גרמים,150.00,100 גרם,false,1,14.90,9.93,true,1,
7290018333952,false,חטיף אגוז רפאלס וחמוציות,רפאלס,IL,חטיף אגוזים5 יח,גרמים,150.00,100 גרם,false,1,14.90,9.93,true,1,
7290018333969,false,חטיף גרנולה רפאלס שקדים,רפאלס,IL,חטיף גרנולה 5יח,גרמים,150.00,100 גרם,false,1,14.90,9.93,true,1,
7290018333976,false,חטיף גרנולה ראפלס קשיו,רפאלס,IL,חטיף גרנולה 5 יח,גרמים,150.00,100 גרם,false,1,14.90,9.93,true,1,
7290018400203,false,לקט ירקות צבעוניים 700 ג,v colourful fry and Stir,IL,לקט ירקות צבעוני,גרמים,700.00,100 גרם,false,1,17.90,2.56,true,1,
7290018400616,false,לקט ירקות ירוקים 700 גרם,veget green fry and Stir,IL,לקט ירקות ירוקים,גרמים,700.00,100 גרם,false,1,17.90,2.56,true,1,
7290018441916,false,תות שדה מהדרין קפוא 300,ל.ל.סי גלנבריס,GE,תות שדה קפוא,גרמים,300.00,100 גרם,false,1,8.90,2.97,true,1,
7290018471029,false,שוופס סודה לימון 500*6מל,יפאורה תבורי בעמ,IL,שוופס סודה 6 יח,ליטרים,3.00,ליטר,false,1,13.90,4.63,true,1,
7290018471067,false,שוופס ליים מוחיטו 1.5 ל,"יפאורה תבורי בע""\מ",IL,שוופס ליים מוחיט,ליטרים,1.50,ליטר,false,1,6.90,4.60,true,1,
7290018471180,false,פרוט&ווג אננס תפוח גזר1ל,יפאורה תבורי בעמ,IL,מיץ פרוט & ווג',ליטרים,1.00,ליטר,false,1,9.90,9.90,true,1,
7290018471197,false,פרוט&וג תפוח בננ.מלון1ל,יפאורה תבורי בעמ,IL,מיץ פרוט & ווג',ליטרים,1.00,ליטר,false,1,9.90,9.90,true,1,
7290018471210,false,ספרינג אגס תפוח סברס 1 ל,"יפאורה תבורי בע""\מ",IL,ספרינג 1 ליטר,ליטרים,1.00,ליטר,false,1,4.80,4.80,true,1,
7290018471296,false,ספרינג תפוז בננ.גרנד1.5ל,"יפאורה תבורי בע""\מ",IL,ספרינג תפוז בננה,ליטרים,1.50,ליטר,false,1,5.90,3.93,true,1,
7290018471395,false,פרוט& ווג תפ.רימון סלק1ל,יפאורה תבורי בעמ,IL,מיץ פרוט & ווג',ליטרים,1.00,ליטר,false,1,9.90,9.90,true,1,
7290018471401,false,פרוט&ווג אננ.בננ.כורכו1ל,יפאורה תבורי בעמ,IL,מיץ פרוט & ווג',ליטרים,1.00,ליטר,false,1,9.90,9.90,true,1,
7290018471449,false,ספרינג בננה תמר תפוז 1 ל,"יפאורה תבורי בע""\מ",IL,ספרינג שייק,ליטרים,1.00,ליטר,false,1,9.90,9.90,true,1,
7290018471456,false,ספרינג אננ.מנגו פסיפל1.ל,"יפאורה תבורי בע""\מ",IL,ספרינג שייק,ליטרים,1.00,ליטר,false,1,9.90,9.90,true,1,
7290018471463,false,תפוזינה enjoy תפוז מנג1ל,"יפאורה תבורי בע""\מ",IL,תפוזינה enjoy,ליטרים,1.00,ליטר,false,1,5.50,5.50,true,1,
7290018471470,false,תפוזינה תפוז פסיפלורה1ל,"יפאורה תבורי בע""\מ",IL,תפוזינה enjoy,ליטרים,1.00,ליטר,false,1,5.50,5.50,true,1,
7290018471487,false,תפוזינה תפוז אננס 1 ליטר,"יפאורה תבורי בע""\מ",IL,תפוזינה תפוז אננ,ליטרים,1.00,ליטר,false,1,5.50,5.50,true,1,
7290018471494,false,תפוזינה enjoy תפוז+גזר1ל,"יפאורה תבורי בע""\מ",IL,תפוזינה תפוז גזר,ליטרים,1.00,ליטר,false,1,5.50,5.50,true,1,
7290018471548,false,"ספרינג ענבים 4 * 250 מ""ל","יפאורה תבורי בע""\מ",IL,משקה ספרינג 4יח,ליטרים,1.00,ליטר,false,1,9.90,9.90,true,1,
7290018471562,false,שוופ.סודה פירות יער1.5*4,"יפאורה תבורי בע""\מ",IL,שוופס סודה 4 יח,ליטרים,6.00,ליטר,false,1,9.90,1.65,true,1,
7290018471692,false,ספרינג אנ.קוקוס פ.יער1ל,"יפאורה תבורי בע""\מ",IL,ספרינג שייק,ליטרים,1.00,ליטר,false,1,9.90,9.90,true,1,
7290018508053,false,קסרול קרם 25 יח,,IL,קסרול קרם,יחידה,1.00,יחידה,false,1,7.90,7.90,true,1,
7290018508091,false,קסרול זהב 25 יח,,CN,קסרול זהב 25 יח,יחידה,1.00,יחידה,false,1,7.90,7.90,true,1,
7290018508114,false,קסרול כסף  25 יחידות,,IL,קסרול,יחידה,1.00,יחידה,false,1,7.90,7.90,true,1,
7290018508176,false,לפתניה קרם 25 יח,,CN,לפתניה קרם 25 יח,יחידה,1.00,יחידה,false,1,5.90,5.90,true,1,
7290018508220,false,לפתניה זהב 25 יח,,CN,לפתניה זהב 25 יח,יחידה,1.00,יחידה,false,1,5.90,5.90,true,1,
7290018508244,false,לפתניה כסף 25 יח,,CN,לפתניה כסף 25 יח,יחידה,1.00,יחידה,false,1,5.90,5.90,true,1,
7290018508657,false,מגש שטוח 25 יחידות,,CN,מגש שטוח,יחידה,1.00,יחידה,false,1,17.90,17.90,true,1,
7290018508701,false,מגש שטוח 25 יחידות,,CN,מגש שטוח,יחידה,1.00,יחידה,false,1,17.90,17.90,true,1,
7290018508794,false,צלחת גדולה קרם 25 יח,,CN,צלחת גדולה 25יח,יחידה,1.00,יחידה,false,1,14.90,14.90,true,1,
7290018508848,false,"צלחת גדולה זהב ""9 25 יח",,IL,צלחת גדולה זהב,יחידה,1.00,יחידה,false,1,14.90,14.90,true,1,
7290018508862,false,"צלחת גדולה כסף ""9",,IL,צלחת גדולה כסף,יחידה,1.00,יחידה,false,1,14.90,14.90,true,1,
7290018508930,false,מרקיות קרם 25 יח,,CN,מרקיות קרם 25 יח,יחידה,1.00,יחידה,false,1,9.90,9.90,true,1,
7290018563267,false,"תרכיז תפוחים ללת""ס 1לי","פ.קטיף מזון בע""מ",IL,תרכיז תפוחים,ליטרים,1.00,ליטר,false,1,22.90,22.90,true,1,
7290018563274,false,תרכיז תפוחים פרי קטיף,"פ.קטיף מזון בע""מ",IL,תרכיז תפוחים,ליטרים,1.00,ליטר,false,1,16.90,16.90,true,1,
7290018563601,false,תרכיז מנגו פרי קטיף1.2ל,,IL,תרכיז מנגו1.2לי,קילוגרמים,1.20,"ק""ג",false,1,19.90,16.58,true,1,
7290018571002,false,פלפל שחור 100 גרם,מיה,IL,פלפל שחור 100גרם,גרמים,100.00,100 גרם,false,1,9.90,9.90,true,1,
7290018571019,false,ג'לי חנוכה 350 גרם,מיה,IL,ג'לי חנוכה 350 ג,גרמים,350.00,100 גרם,false,1,14.90,4.26,true,1,
7290018571064,false,מקלוני טופי 450 גרם,,TR,מקלוני טופי,גרמים,450.00,100 גרם,false,1,13.90,3.09,true,1,
7290018571071,false,טופי פספסים 450 גרם,,TR,טופי פספסים,גרמים,450.00,100 גרם,false,1,13.90,3.09,true,1,
7290018571088,false,טופי חמוצמוץ 600 גרם,,TR,טופי חמוצמוץ,גרמים,600.00,100 גרם,false,1,13.90,2.32,true,1,
7290018571095,false,טופי ממולא בטעמי פירות,,TR,טופי ממולא,גרמים,600.00,100 גרם,false,1,13.90,2.32,true,1,
7290018571101,false,אגוזי מלך 200 גרם,,IL,אגוזי מלך 200 ג,גרמים,200.00,100 גרם,false,1,14.90,7.45,true,1,
7290018571118,false,שקדים טבעי 200 גרם,,IL,שקדים טבעי 200 ג,גרמים,200.00,100 גרם,false,1,14.90,7.45,true,1,
7290018571125,false,אגוזי פקאן 200 גרם,מיה,IL,אגוזי פקאן 200 ג,גרמים,200.00,100 גרם,false,1,19.90,9.95,true,1,
7290018571132,false,פקאן מסוכר 200 גרם,מיה,IL,פקאן מסוכר 200 ג,גרמים,200.00,100 גרם,false,1,19.90,9.95,true,1,
7290018571149,false,שקד מולבן פרוס 200 גרם,מיה,IL,שקד מולבן פרוס,גרמים,200.00,100 גרם,false,1,14.90,7.45,true,1,
7290018571156,false,שקד מולבן שבבים 200 גרם,מיה,IL,שקד מולבן שבבים,גרמים,200.00,100 גרם,false,1,14.90,7.45,true,1,
7290018571279,false,שקדים קלויים,מיה,IL,שקדים קלויים,גרמים,200.00,100 גרם,false,1,19.90,9.95,true,1,
7290018571286,false,פיסטוקים קלויים,מיה,IL,פיסטוקים קלויים,גרמים,200.00,100 גרם,false,1,19.90,9.95,true,1,
7290018571293,false,קשיו קלוי,מיה,IL,קשיו קלוי,גרמים,200.00,100 גרם,false,1,19.90,9.95,true,1,
7290018571309,false,תערובת אגוזים ושקדים 200,מיה,IL,תערובת אגוזים,גרמים,200.00,100 גרם,false,1,19.90,9.95,true,1,
7290018571408,false,לקקנים בטעם תות 20יח,מיה,IL,לקקנים בטעם תות,גרמים,220.00,100 גרם,false,1,6.50,2.95,true,1,
7290018571415,false,לקקנים בטעם תות בננה20יח,מיה,IL,לקקנים בטעם תות,גרמים,220.00,100 גרם,false,1,6.50,2.95,true,1,
7290018651001,false,לחם פרנה 400 גרם,,IL,לחם פרנה 400 גרם,גרמים,400.00,100 גרם,false,1,12.90,3.23,true,1,
7290018651018,false,פרנה מקלות 400 גרם,,IL,פרנה מקלות400 גר,גרמים,400.00,100 גרם,false,1,12.90,3.23,true,1,
7290018651025,false,פרנה זעתר 400 גרם,,IL,פרנה זעתר 400גר,גרמים,400.00,100 גרם,false,1,12.90,3.23,true,1,
7290018651032,false,פרנה שומשום 400 גרם,,IL,פרנה שומשום400גר,גרמים,400.00,100 גרם,false,1,12.90,3.23,true,1,
7290018651049,false,פרנה שום 400 גרם,,IL,פרנה שןם 400גר,גרמים,400.00,100 גרם,false,1,12.90,3.23,true,1,
7290018720011,false,ביסקוויט קרנבל החיות250ג,הגביע,IL,קרנבל החיות,גרמים,250.00,100 גרם,false,1,4.90,1.96,true,1,
7290018720028,false,עוגיות קרנבל אותיות250ג,,IL,קרנבל אותיות,גרמים,250.00,100 גרם,false,1,4.90,1.96,true,1,
7290018720103,false,"אפיפיות ללת""סט.שוקולד250","א.ג גילרו בע""\מ",IL,אפיפיות ללא סוכר,גרמים,250.00,100 גרם,false,1,6.90,2.76,true,1,
7290018720110,false,יאמי עוגיות ממולאות קרם,,IL,יאמי עוגיות150 ג,גרמים,150.00,100 גרם,false,1,6.90,4.60,true,1,
7290018720127,false,יאמי עוג.ממולאות קרם,,IL,יאמי עוגיות150 ג,גרמים,150.00,100 גרם,false,1,6.90,4.60,true,1,
7290018742006,false,מפיות תלת שכבתי זהב,G.T.M.I,PL,מפיות תלת שכבתי,יחידה,1.00,יחידה,false,1,4.90,4.90,true,1,
7290018742013,false,מפיות תלת שכבתי שבת שלום,G.T.M.I,PL,מפיות תלת שכבתי,יחידה,1.00,יחידה,false,1,4.90,4.90,true,1,
7290018742020,false,מפיות תלת שכבתי שבת שלום,G.T.M.I,PL,מפיות תלת שכבתי,יחידה,1.00,יחידה,false,1,4.90,4.90,true,1,
7290018742037,false,מפיות תלת שכבתי,G.T.M.I,PL,מפיות תלת שכבתי,יחידה,1.00,יחידה,false,1,4.90,4.90,true,1,
7290018742044,false,מפיות תלת שכבתי פרחים,G.T.M.I,PL,מפיות תלת שכבתי,יחידה,1.00,יחידה,false,1,4.90,4.90,true,1,
7290018742051,false,מפיות תלת שכבתי שחור,G.T.M.I,PL,מפיות תלת שכבתי,יחידה,1.00,יחידה,false,1,4.90,4.90,true,1,
7290018742082,false,מפיות תלת שכבתי צבעוני,G.T.M.I,PL,מפיות תלת שכבתי,יחידה,1.00,יחידה,false,1,4.90,4.90,true,1,
7290018742099,false,מפיות תלת שכבתי פרחוני,G.T.M.I,PL,מפיות תלת שכבתי,יחידה,1.00,יחידה,false,1,4.90,4.90,true,1,
7290018742105,false,מפיות תלת שכבתי,G.T.M.I,PL,מפיות תלת שכבתי,יחידה,1.00,יחידה,false,1,4.90,4.90,true,1,
7290018742112,false,מפיות תלת שכבתי צבעוני,G.T.M.I,PL,מפיות תלת שכבתי,יחידה,1.00,יחידה,false,1,4.90,4.90,true,1,
7290018742136,false,מפיות תלת שכבתי פרחים,G.T.M.I,PL,מפיות תלת שכבתי,יחידה,1.00,יחידה,false,1,4.90,4.90,true,1,
7290018742143,false,מפיות תלת שכבתי צבעוני,G.T.M.I,PL,מפיות תלת שכבתי,יחידה,1.00,יחידה,false,1,4.90,4.90,true,1,
7290018742150,false,מפיות תלת שכבתי עיגולים,G.T.M.I,PL,מפיות תלת שכבתי,יחידה,1.00,יחידה,false,1,4.90,4.90,true,1,
7290018742167,false,מפיות תלת שכבתי צבעוני,G.T.M.I,PL,מפיות תלת שכבתי,יחידה,1.00,יחידה,false,1,4.90,4.90,true,1,
7290018742174,false,מפיות תלת שכבתי זהב,G.T.M.I,PL,מפיות תלת שכבתי,יחידה,1.00,יחידה,false,1,4.90,4.90,true,1,
7290018742198,false,מפיות תלת שכבתי  פרחוני,G.T.M.I,PL,מפיות תלת שכבתי,יחידה,1.00,יחידה,false,1,4.90,4.90,true,1,
7290018879856,false,טופי שטוח ענבים פטל 400,דורקאן,TR,טופי 400 גרם,גרמים,400.00,100 גרם,false,1,9.90,2.48,true,1,
7290018928103,false,חלה לשבת ללא גלוטן 500 ג,גידרון,IL,"חלה לשבת לל""ג",גרמים,500.00,100 גרם,false,1,24.90,4.98,true,1,
7290018928110,false,3 לחמניות חלה ללא גלוטן,גידרון,IL,לחמניות חלה 3יח,גרמים,390.00,100 גרם,false,1,24.90,6.38,true,1,
7290018928127,false,מיני באגט ללא גלוטן 2יח,גידרון,IL,מיני באגט 2יח,גרמים,240.00,100 גרם,false,1,17.90,7.46,true,1,
7290018928134,false,לחמניות ללא גלוטן 3 יח,גידרון,IL,"לחמניות לל""ג",גרמים,300.00,100 גרם,false,1,17.90,5.97,true,1,
7290018940006,false,זוג יינות וירטאוזו+פותחן,יקבי ארזה,IL,זוג יינות וירטאו,ליטרים,1.50,ליטר,false,1,100.00,66.67,true,1,
7290018940013,false,זוג יינות וירטאוזו+פותחן,יקבי ארזה,IL,זוג יינות וירטאו,ליטרים,1.50,ליטר,false,1,100.00,66.67,true,1,
7290018940037,false,מארז יינות בראשית +פותחן,יקבי ארזה,IL,מארז יינות בראשי,ליטרים,2.25,ליטר,false,1,100.00,44.44,true,1,
7290018940082,false,"רונדו וירטאוזו 750 מ""ל",יקבי ארזה,IL,רונדו חצי יבש וי,מיליליטרים,750.00,"100 מ""ל",false,1,42.90,5.72,true,1,
7290018963616,false,מפיות תלת שכבתי כסוף,G.T.M.I,CN,מפיות תלת שכבתי,יחידה,1.00,יחידה,false,1,4.90,4.90,true,1,
7290018963623,false,מפיות תלת שכבתי זהב,G.T.M.I,CN,מפיות תלת שכבתי,יחידה,1.00,יחידה,false,1,4.90,4.90,true,1,
7290018963630,false,מפיות תלת שכבתי כסוף,G.T.M.I,CN,מפיות תלת שכבתי,יחידה,1.00,יחידה,false,1,4.90,4.90,true,1,
7290018963647,false,מפיות תלת שכבתי זהב,G.T.M.I,CN,מפיות תלת שכבתי,יחידה,1.00,יחידה,false,1,4.90,4.90,true,1,
7290018963654,false,מפיות תלת שכבתי שבת שלום,G.T.M.I,CN,מפיות תלת שכבתי,יחידה,1.00,יחידה,false,1,4.90,4.90,true,1,
7290018963661,false,מפיות תלת שכבתי,,,מפיות תלת שכבתי,יחידה,1.00,יחידה,false,0,4.90,4.90,true,1,
7290018963678,false,מפיות תלת שכבתי עיטור,G.T.M.I,CN,מפיות תלת שכבתי,יחידה,1.00,יחידה,false,1,4.90,4.90,true,1,
7290018963685,false,מפיות יום הולדת,G.T.M.I,CN,מפיות תלת שכבתי,יחידה,1.00,יחידה,false,1,4.90,4.90,true,1,
7290018963692,false,מפיות תלת שכבתי בלונים,G.T.M.I,CN,מפיות תלת שכבתי,יחידה,1.00,יחידה,false,1,4.90,4.90,true,1,
7290018963708,false,מפיות תלת שכבתי לב אדום,G.T.M.I,CN,מפיות תלת שכבתי,יחידה,1.00,יחידה,false,1,4.90,4.90,true,1,
7290019038504,false,שמן סויה מזוכך 1 ליטר,סאן אוויל עיבוד,IL,שמן סויה 1ליטר,ליטרים,1.00,ליטר,false,1,8.90,8.90,true,1,
7290019297161,false,טורטיות ראפ,,TR,טורטיות ראפ,יחידה,1.00,יחידה,false,0,8.90,8.90,true,1,
7290019297208,false,חטיפי דגנים,,MK,חטיפי דגנים,גרמים,175.00,100 גרם,false,0,9.90,5.66,true,1,
7290019297420,false,מעדן תות שדה100%פרי284ג,,CN,מעדן תות שדה,גרמים,284.00,100 גרם,false,1,9.90,3.49,true,1,
7290019297512,false,רוטב רימונים 340 גרם,,TR,רוטב רימונים,גרמים,340.00,100 גרם,false,0,14.90,4.38,true,1,
7290055090702,false,איגלושלוקי 60י 2.030 מל,"כרמית מזון בע""\מ",IL,איגלושלוקי,ליטרים,2.03,ליטר,false,0,9.90,4.88,true,1,
7290090956070,false,בירה פירוק בודדי,,,בירה פירוק בודדי,יחידה,1.00,יחידה,false,0,30.10,30.10,true,1,
7290100240632,false,פתית קרקר 6 דגנים 250גרם,יוניליוור ישראל מזון בע\,IL,פתית 6 דגנים,גרמים,250.00,100 גרם,false,0,14.90,5.96,true,1,
7290100240656,false,פתית קרקר שיפון 300 גרם,יוניליוור ישראל מזון בע\,IL,פתית קרקר שיפון,גרמים,300.00,100 גרם,false,0,14.90,4.97,true,1,
7290100243671,false,"בדין אקסטרה כחול 960 מ""ל",יוניליוור,TR,מרכך כביסה בדין,מיליליטרים,960.00,"100 מ""ל",false,0,14.90,1.55,true,1,
7290100249598,false,רוטב לעוף שום ודבש320גרם,יוניליוור ישראל מזון בע\,IL,רוטב לעוף,גרמים,320.00,100 גרם,false,0,9.90,3.09,true,1,
7290100249659,false,רוטב לעוף צ'ילי שום320גר,יוניליוור ישראל מזון בע\,IL,רוטב לעוף,גרמים,320.00,100 גרם,false,0,9.90,3.09,true,1,
7290100378168,false,שעון שבת מכני,,IL,שעון שבת מכני,יחידה,1.00,יחידה,false,0,19.90,19.90,true,1,
7290100659090,false,חטיף FREE תמר+קינמון 5יח,טבעית מוצרים מן הטבע בעמ,IL,חטיף FREE תמרים,גרמים,110.00,100 גרם,false,0,14.90,13.55,true,1,
7290100680711,false,פירורית זהב,עינת תעשיות,IL,פירורית זהב אסם,גרמים,350.00,100 גרם,false,0,7.90,2.26,true,1,
7290100680728,false,פירורית רגילה 350 גרם,"אסם השקעות בע""\מ",IL,פירורית אסם,גרמים,350.00,100 גרם,false,0,6.90,1.97,true,1,
7290100681015,false,אינסטנ.פודינג ריבת חלב84,"אסם השקעות בע""מ",IL,אינסטנט פודינג,גרמים,84.00,100 גרם,false,0,4.90,5.83,true,1,
7290100681114,false,רוטב סויה סיני גדול600גר,"אסם השקעות בע""\מ",IL,רוטב סויה גדול,מיליליטרים,600.00,"100 מ""ל",false,0,14.90,2.48,true,1,
7290100681138,false,אפרופו 50*3 גרם,"אסם השקעות בע""\מ",IL,אפרופו 3יח במארז,גרמים,150.00,100 גרם,false,0,11.80,7.87,true,1,
7290100681510,false,סירופ אשכ.אדומה דיאט 1ל',בית-השיטה עסיס תעשיות מז,IL,סירופ דיאט,ליטרים,1.00,ליטר,false,0,9.90,9.90,true,1,
7290100683217,false,"ויטמינצ'יק תפו""ע 2 ליטר",בית-השיטה עסיס תעשיות מז,IL,"ויטמינצ'יק תפו""ע",ליטרים,2.00,ליטר,false,0,18.90,9.45,true,1,
7290100683613,false,ויטמינצ'יק מנגו אפרסק 1ל,בית-השיטה עסיס תעשיות מז,IL,סירופ ויטמינצ'יק,ליטרים,1.00,ליטר,false,0,11.00,11.00,true,1,
7290100684306,false,"רוטב צ'לי מתוק 600 מ""ל","אסם השקעות בע""\מ",IL,רוטב צ'לי מתוק,מיליליטרים,600.00,"100 מ""ל",false,0,14.90,2.48,true,1,
7290100685136,false,"מרק טעם עוף פרווה 1 ק""ג","אסם השקעות בע""\מ",IL,מרק טעם עוף,קילוגרמים,1.00,"ק""ג",false,0,11.90,11.90,true,1,
7290100685341,false,מרק ט.עוף רכ' טבעיים400ג,"אסם השקעות בע""\מ",IL,מרק טעם עוף,גרמים,400.00,100 גרם,false,0,13.90,3.48,true,1,
7290100687109,false,במבה נוגט 60 גרם,"אסם השקעות בע""\מ",IL,במבה נוגט,גרמים,60.00,100 גרם,false,0,4.90,8.17,true,1,
7290100689301,false,מרק בטעם עוף זך 400גר,"אסם השקעות בע""\מ",IL,מרק בטעם עוף זך,גרמים,400.00,100 גרם,false,0,13.90,3.48,true,1,
7290100700242,false,"אורז מלא עגול סוגת 1 ק""ג","סוגת תעשיות בע""\מ",IL,אורז מלא עגול,קילוגרמים,1.00,"ק""ג",false,0,7.90,7.90,true,1,
7290100700396,false,"אורז יסמין קלאסי 1 ק""ג","סוגת תעשיות בע""\מ",IL,אורז יסמין סוגת,קילוגרמים,1.00,"ק""ג",false,0,9.90,9.90,true,1,
7290100850411,false,מיקס חטיפים 190 גרם,עלית,IL,מיקס חטיפים,גרמים,190.00,100 גרם,false,0,12.90,6.79,true,1,
7290100850916,false,דוריטוס חמוץ חריף 70 גרם,"שטראוס פריטו ליי בע""\מ )",IL,דוריטוס חמוץ ח,גרמים,70.00,100 גרם,false,0,2.90,4.14,true,1,
7290100850923,false,דוריטוס גריל 70 גרם,"שטראוס פריטו ליי בע""\מ )",IL,דוריטוס גריל,גרמים,70.00,100 גרם,false,0,2.90,4.14,true,1,
7290100850930,false,דוריטוס בטעם טבעי 70 גרם,"שטראוס פריטו ליי בע""\מ )",IL,חטיף דוריטוס,גרמים,70.00,100 גרם,false,0,2.90,4.14,true,1,
7290100852576,false,שוק.פרה מריר 100*3 גרם,שטראוס,IL,שוקולד מריר 3 יח,גרמים,300.00,100 גרם,false,0,11.90,3.97,true,1,
7290100852606,false,קפה טורקי 100*4 גרם,שטראוס קפה בי.ויn\.,IL,קפה טורקי 4 יח,גרמים,400.00,100 גרם,false,0,29.50,7.38,true,1,
7290100853689,false,בראוניז שוקולד עשירה380ג,עלית,IL,בראוניז שוקולד,גרמים,380.00,100 גרם,false,0,14.90,3.92,true,1,
7290100857045,false,שוק.ספלנדיד מריר קפה100ג,עלית,IL,שוקולד ספלנדיד,גרמים,100.00,100 גרם,false,0,9.90,9.90,true,1,
7290100858608,false,קקאו עלית 500 גרם,שטראוס קפה בי.וי.,IL,קקאו עלית,גרמים,500.00,100 גרם,false,0,21.90,4.38,true,1,
7290100903667,false,קנקן מים לשתיה,YANAGXI,CN,קנקן מים לשתיה,יחידה,1.00,יחידה,false,1,12.90,12.90,true,1,
7290100921401,false,שמפו הוואי קרטין מחזק700,טרופיקל דגיל,IL,שמפו הוואי,מיליליטרים,700.00,"100 מ""ל",false,0,8.90,1.27,true,1,
7290100921418,false,מרכך הוואי קרטין מחזק700,טרופיקל דגיל בעמ,IL,מרכך הוואי,מיליליטרים,700.00,"100 מ""ל",false,0,8.90,1.27,true,1,
7290100921593,false,סבון אסלה סוד לימון 50 ג,"הנקל סוד בע""\מ",RS,סבון אסלה סוד,גרמים,50.00,100 גרם,false,0,7.90,15.80,true,1,
7290100921616,false,סבון אסלה סוד אורנים 50ג,הנקל,RS,סבון אסלה סוד,גרמים,50.00,100 גרם,false,0,7.90,15.80,true,1,
7290100921760,false,"שמפו הוואי ספורט 700 מ""ל",טרופיקל דגיל בעמ,IL,שמפו הוואי,מיליליטרים,700.00,"100 מ""ל",false,0,8.90,1.27,true,1,
7290100922569,false,קרם ידיים ולווטה 100*3מל,טרופיקל דגיל,IL,קרם ידיים ולווטה,מיליליטרים,300.00,"100 מ""ל",false,0,14.90,4.97,true,1,
7290100922651,false,הוואי סבון מי קוקוס100*4,פוליבה,IL,סבון הוואי 4 יח,גרמים,400.00,100 גרם,false,1,10.90,2.73,true,1,
7290100924204,false,אבקת כביסה פרסיל,,IL,אבקת כביסה פרסיל,קילוגרמים,8.00,"ק""ג",false,0,49.90,6.24,true,1,
7290100924464,false,סבון אסלה אקונומיקה50*3ג,הנקל,HU,סבון אסלה 3 יח,גרמים,150.00,100 גרם,false,1,14.90,9.93,true,1,
7290100925676,false,קולור קאצ'ר 20 דפים,"הנקל סוד בע""\מ",IE,דפי קולור קאצ'ר,יחידה,1.00,יחידה,false,1,19.90,19.90,true,1,
7290101110149,false,גל.וניל עם נטיפי שוקולד,פלקו בעמ,IL,גל.פלדמן,ליטרים,1.30,ליטר,false,0,18.90,14.54,true,1,
7290101110163,false,גל.וניל עוגיות 1.3 ליטר,פלקו בעמ,IL,גל.פלדמן,ליטרים,1.30,ליטר,false,0,18.90,14.54,true,1,
7290101110279,false,גל.שוקולד פקאן 1.3,פלקו בעמ,IL,גל.פלדמן,ליטרים,1.30,ליטר,false,0,18.90,14.54,true,1,
7290101110460,false,גל.וניל בטעם של פעם,פלקו בעמ,IL,גל.פלדמן,ליטרים,1.30,ליטר,false,0,18.90,14.54,true,1,
7290101110811,false,גלידל ו.פסיפלורה 8יח,פלקו בעמ,IL,גלידל פסיפלורה,גרמים,600.00,100 גרם,false,0,29.90,4.98,true,1,
7290101111085,false,גל.שוקולד חלב מריר,פלקו בעמ,IL,גל.פלדמן,ליטרים,1.30,ליטר,false,0,18.90,14.54,true,1,
7290101112228,false,מאגדת גלידל פרי אננס 8יח,פלקו בעמ,IL,מאגדת גלידל פרי,גרמים,640.00,100 גרם,false,48,23.90,3.73,true,1,
7290101112518,false,מאגדת אייס קפה 480 גרם,פלקו בעמ,IL,מאגדת אייס קפה,גרמים,480.00,100 גרם,false,7,27.90,5.81,true,1,
7290101112600,false,משפ.מילק שייק קפוצ'ינו,פלקו בעמ,IL,גלקפוצ'ינו ונילה,מיליליטרים,1300.00,"100 מ""ל",false,1,18.90,1.45,true,1,
7290101113157,false,מאגדת גלידל וניל עוגיות,"פלקו בע""\מ, חברה ישראלית",IL,מאגדת גלידל וניל,גרמים,312.00,100 גרם,false,1,26.90,8.62,true,1,
7290101113362,false,מאגדת יוגורט סורבה אננס,הגלידות של פלדמן,IL,מאגדת יוגורט סור,גרמים,350.00,100 גרם,false,1,22.90,6.54,true,1,
7290101113379,false,מאגדת יוגורט סורבה תות 3,פלקו בעמ,IL,מאגדת יוגורט סור,גרמים,350.00,100 גרם,false,1,22.90,6.54,true,1,
7290101113386,false,מאגדת יוגורט סורבה מנגו,,IL,מאגדת יוגורט סור,גרמים,350.00,100 גרם,false,1,22.90,6.54,true,1,
7290101113393,false,מאגדת יוגורט פירות יער 4,פלקו בעמ,IL,מאגדת יוגורט פיר,גרמים,400.00,100 גרם,false,1,22.90,5.73,true,1,
7290101113409,false,מאגדת יוגורט תות 400 גרם,פלקו בעמ,IL,מאגדת יוגורט תות,גרמים,400.00,100 גרם,false,1,22.90,5.73,true,1,
7290101113584,false,מאגדת טילון יולו לבן,הגלידות של פלדמן,IL,מאגדת טילון יולו,גרמים,400.00,100 גרם,false,1,19.90,4.98,true,1,
7290101412847,false,סט קופסאות עגול,,,סט קופסאות עגול,יחידה,1.00,יחידה,false,0,4.90,4.90,true,1,
7290101486688,false,חטיף FREE עם שוקולד 5יח',טבעית מוצרים מן הטבע בעמ,IL,חטיף FREE 5 יח',גרמים,100.00,100 גרם,false,0,14.90,14.90,true,1,
7290101488286,false,ליידי ס.סטיק 24/7ורוד150,קולגייט פלמוליב,RU,ליידי ספיד סטיק,מיליליטרים,150.00,"100 מ""ל",false,0,12.90,8.60,true,1,
7290101488323,false,ליידי ספיד סטיק סגול 65ג,קולגייט פלמוליב,US,ליידי ספיד סטיק,גרמים,65.00,100 גרם,false,0,17.90,27.54,true,1,
7290101551027,false,"קפסולות מס' 14 כשל""פ50ג",שטראוס קפה בי.וי,IL,קפסולות מס' 14,גרמים,50.00,100 גרם,false,1,14.90,29.80,true,1,
7290101551263,false,"סילאן  טבעי ללת""ס 700 גר","פוליבה בע""\מ",IL,סילאן טבעי,גרמים,700.00,100 גרם,false,1,19.90,2.84,true,1,
7290101551539,false,דנונה פרו+חלבון אפרסק200,"שטראוס בריאות בע""מ",IL,דנונה פרו אפרסק,גרמים,200.00,100 גרם,false,1,5.90,2.95,true,1,
7290101551584,false,תפוצ'יפס קידס 20*10 גרם,"שטראוס פריטו ליי בע""מ )פ",IL,תפוצ'יפס קידס10*,גרמים,200.00,100 גרם,false,1,12.90,6.45,true,1,
7290101551607,false,שוש מארז 10 * 25 גרם,"שטראוס פריטו ליי בע""מ )פ",IL,שוש מארז 10 יח',גרמים,250.00,100 גרם,false,1,11.90,4.76,true,1,
7290101551638,false,צ'יטוס כאפה מארז 20*10 ג,"שטראוס פריטו ליי בע""מ )פ",IL,צ'יטוס כאפה 10יח,גרמים,200.00,100 גרם,false,1,11.90,5.95,true,1,
7290101551645,false,צ'יטוס איקס עיגול20*10ג,"שטראוס פריטו ליי בע""מ )פ",IL,צ'יטוס 10 יח',גרמים,200.00,100 גרם,false,1,11.90,5.95,true,1,
7290101666134,false,סיר לחץ 12ליטר,,CN,סיר לחץ 12ליטר,יחידה,1.00,יחידה,false,0,249.00,249.00,true,1,
7290101821151,false,דבק מגע הרקולס,.,IL,דבק מגע הרקולס,יחידה,1.00,יחידה,false,1,3.90,3.90,true,1,
7290101864127,false,מסיר כתמים קליה750מ,רקיט בנקיזר,IL,קליה ספריי,מיליליטרים,750.00,"100 מ""ל",false,0,14.90,1.99,true,1,
7290101865216,false,"אבקת כביסה קולון 9 ק""ג",רקיט בנקיזר,IL,אבקת כביסה קולון,קילוגרמים,9.00,"ק""ג",false,0,44.90,4.99,true,1,
7290101865261,false,"פיניש נוזל הברקה 800 מ""ל",רקיט בנקיזר,PL,פיניש נוזל הברקה,מיליליטרים,800.00,"100 מ""ל",false,0,19.90,2.49,true,1,
7290101866633,false,מסיר כתמים ג'ל וניש קליה,רקיט בנקיזר,IL,מסיר כתמים וניש,ליטרים,3.00,ליטר,false,0,24.90,8.30,true,1,
7290101866787,false,מסיר כתמים ג'ל קליה לבן,רקיט בנקיזר,IL,וניש לכביסה לבנה,ליטרים,3.00,ליטר,false,0,24.90,8.30,true,1,
7290101868958,false,פיניש נוזל הברקה 800מל,,PL,פיניש נוזל הברקה,מיליליטרים,800.00,"100 מ""ל",false,0,19.90,2.49,true,1,
7290101869726,false,פיניש ג'ל למדיח 1ל,רקיט בנקיזר,PL,פיניש ג'ל למדיח,ליטרים,1.00,ליטר,false,1,34.90,34.90,true,1,
7290101869733,false,פיניש ג'ל למדיח 1ל,רקיט בנקיזר,PL,פיניש ג'ל למדיח,ליטרים,1.00,ליטר,false,1,34.90,34.90,true,1,
7290101869764,false,אירויק מכשיר חלום קיץ250,רקיט בנקיזר,CN,אירויק מכשיר,מיליליטרים,250.00,"100 מ""ל",false,1,39.90,15.96,true,1,
7290101869788,false,איירוויק מילוי 250מל,רקיט בנקיזר,GB,אירוויק מילוי,מיליליטרים,250.00,"100 מ""ל",false,1,14.90,5.96,true,1,
7290101869795,false,איירוויק מילוי 250מל,רקיט בנקיזר,GB,אירוויק מילוי,מיליליטרים,250.00,"100 מ""ל",false,1,14.90,5.96,true,1,
7290101869917,false,איירוויק מילוי 250מל,רקיט בנקיזר,GB,אירוויק מילוי,מיליליטרים,250.00,"100 מ""ל",false,1,14.90,5.96,true,1,
7290101869962,false,מפיץ ריח מקלות ליל קיץ,,HU,מפיץ ריח מקלות,יחידה,1.00,יחידה,false,1,14.90,14.90,true,1,
7290102031276,false,"אקטימל תות בננה 100*8מ""ל","שטראוס גרופ בע""\מ",IL,אקטימל 8 יח,מיליליטרים,800.00,"100 מ""ל",false,0,19.90,2.49,true,1,
7290102035007,false,מסטיק מאסט בטעם בזוקה28ג,עלית,IL,מסטיק מאסט,גרמים,28.00,100 גרם,false,0,3.90,13.93,true,1,
7290102060764,false,2 מברשות שיניים מרידול,גאבה,CH,2 מברשות שיניים,יחידה,1.00,יחידה,false,0,29.90,29.90,true,1,
7290102060979,false,"משחה שיניים אלמקס 100מ""ל",קולגייט- פלמוליב,PL,משחת שיניים,מיליליטרים,100.00,"100 מ""ל",false,0,14.90,14.90,true,1,
7290102062195,false,"משחת אלמקס ג'וניור 75מ""ל",קולגייט- פלמוליב,PE,משחת אלמקס,מיליליטרים,75.00,"100 מ""ל",false,0,9.90,13.20,true,1,
7290102390427,false,"יוגורט תות מולר 150 מ""ל",טרה,IL,יוגורט מולר תות,מיליליטרים,150.00,"100 מ""ל",false,0,4.70,3.13,true,1,
7290102390465,false,יוג.קציפת אפרסק+פסיפל150,טרה,IL,יוגורט מולר,מיליליטרים,150.00,"100 מ""ל",false,0,4.70,3.13,true,1,
7290102390489,false,"יוגורט לימון מולר 150מ""ל",טרה,IL,יוגורט לימון,מיליליטרים,150.00,"100 מ""ל",false,0,4.70,3.13,true,1,
7290102391844,false,יוגורט מולר פירות יער150,טרה,IL,יוגורט מולר,מיליליטרים,150.00,"100 מ""ל",false,0,4.70,3.13,true,1,
7290102392049,false,תבור גבינה לאפיה5% 500ג,משק צוריאל,IL,תבור גבינה לאפיה,גרמים,500.00,100 גרם,false,0,19.90,3.98,true,1,
7290102392094,false,חלב עיזים קרטון4.1% 1ל',מילקו תעשיות בעמ,IL,חלב עיזים קרטון,ליטרים,1.00,ליטר,false,0,14.90,14.90,true,1,
7290102392636,false,שמנת מתוקה עמידה38% 250מ,מילקו תעשיות בעמ,IL,שמנת מתוקה עמידה,מיליליטרים,250.00,"100 מ""ל",false,0,5.90,2.36,true,1,
7290102393039,false,יוג.מולר מיקס פצפוצים150,טרה,IL,יוגורט מולר מיקס,גרמים,150.00,100 גרם,false,0,5.30,3.53,true,1,
7290102393060,false,יוג.מולר מיקס גליליות150,טרה,IL,יוגורט מולר מיקס,גרמים,150.00,100 גרם,false,0,5.30,3.53,true,1,
7290102393169,false,יוג.תות+חתיכות פרי3% 150,טרה,IL,יוגורט מולר תות,גרמים,150.00,100 גרם,false,0,4.60,3.07,true,1,
7290102393176,false,יוגורט+חתיכ.אפרסק3% 150ג,מילקו תעשיות בעמ,IL,יוגורט אפרסק,גרמים,150.00,100 גרם,false,0,4.60,3.07,true,1,
7290102393190,false,יוג.פירות יער+פרי3% 150ג,מילקו תעשיות בעמ,IL,יוגורט מולר,גרמים,150.00,100 גרם,false,0,4.60,3.07,true,1,
7290102393268,false,גבינה לבנה 5% 750 גרם,טרה,IL,גבינה לבנה 5%,גרמים,750.00,100 גרם,false,0,12.90,1.72,true,1,
7290102393299,false,יוגורט עיזים לשתייה500גר,משק צוריאל תבור,IL,יוגורט עיזים,גרמים,500.00,100 גרם,false,0,10.90,2.18,true,1,
7290102393718,false,חלומי בקר 200 גרם,משק צוריאל,IL,חלומי בקר,גרמים,200.00,100 גרם,false,0,16.90,8.45,true,1,
7290102393848,false,יוגורט עיזים עם תות 150ג,טרה,IL,יוגורט עיזים,גרמים,150.00,100 גרם,false,0,5.50,3.67,true,1,
7290102393855,false,יוגורט עיזים+אפרסק 150גר,משק צוריאל,IL,יוגורט עיזים,גרמים,150.00,100 גרם,false,0,5.50,3.67,true,1,
7290102393947,false,יוג.סימפלי פרוט קיוי150ג,מילקו תעשיות בעמ,IL,יוגורט מולר קיוי,גרמים,150.00,100 גרם,false,0,4.60,3.07,true,1,
7290102394081,false,מולר מיקס קורנפ.מצופה180,טרה,IL,יוגורט מולר מיקס,גרמים,180.00,100 גרם,false,0,5.30,2.94,true,1,
7290102394258,false,מה עז 9% שומן 180 גרם,משק צוריאל,IL,מה עז9%שומן,גרמים,180.00,100 גרם,false,0,20.90,11.61,true,1,
7290102394463,false,ג.צהובה נעם ואקום28% 500,טרה,IL,גבינה צהובה 28%,גרמים,500.00,100 גרם,false,0,24.90,4.98,true,1,
7290102394814,false,חמאה 200 גרם,טרה,IL,חמאה,גרמים,200.00,100 גרם,false,0,7.20,3.60,true,1,
7290102394821,false,ג.צהובה נעם קלאסי28% 200,מילקו תעשיות בעמ,IL,גבינה צהובה,גרמים,200.00,100 גרם,false,0,14.90,7.45,true,1,
7290102394845,false,גב.צהובה נעם דק דק9% 200,מילקו תעשיות בעמ,IL,גבינה צהובה דק9%,גרמים,200.00,100 גרם,false,0,14.90,7.45,true,1,
7290102395101,false,ממרח גבינה+שוק.מו16% 200,מילקו תעשיות בעמ,IL,ממרח גבינה מו,גרמים,200.00,100 גרם,false,0,9.90,4.95,true,1,
7290102395217,false,יוג.מולר1.2%מעודן150*8ג',טרה,IL,יוגורט מולר 8י,קילוגרמים,1.20,"ק""ג",false,0,16.90,14.08,true,1,
7290102395224,false,יוג.מולר נטורל1.7% 150*8,טרה,IL,יוגורט ביאנקו 8י,קילוגרמים,1.20,"ק""ג",false,0,15.90,13.25,true,1,
7290102395231,false,יוג.מולר נטורל2.8% 150*8,טרה,IL,יוגורט ביאנקו 8י,קילוגרמים,1.20,"ק""ג",false,0,15.90,13.25,true,1,
7290102395262,false,סימפלי תות+אפרסק3% 150*8,טרה,IL,מולר תות אפרסק8י,קילוגרמים,1.20,"ק""ג",false,0,27.90,23.25,true,1,
7290102395408,false,נועם גב.צהובה 28% במשקל,טרה,IL,גבינת נועם 28%,קילוגרמים,0.00,"ק""ג",true,0,39.90,39.90,true,1,
7290102395415,false,נועם גב.צהובה9%חריץ משקל,טרה,IL,גבינת נועם 9%,קילוגרמים,0.00,"ק""ג",true,0,69.00,69.00,true,1,
7290102395422,false,ג.נועם צהובה22%חריץ משקל,טרה,IL,גבינת נועם 22%,קילוגרמים,0.00,"ק""ג",true,0,38.90,38.90,true,1,
7290102395439,false,מולר פירות יער+קווי150*8,מילקו תעשיות בעמ,IL,מולר פירות 8 יח,קילוגרמים,1.20,"ק""ג",false,0,27.90,23.25,true,1,
7290102395446,false,מו וניל וקצפת 123 גרם,טרה,IL,מו וניל וקצפת,גרמים,123.00,100 גרם,false,0,2.70,2.20,true,1,
7290102395477,false,מו שוקולד וקצפת 123 גרם,טרה,IL,מו שוקולד וקצפת,גרמים,123.00,100 גרם,false,0,2.70,2.20,true,1,
7290102395521,false,"שמנת לבישול פקק 500 מ""ל",מילקו תעשיות בעמ,IL,שמנת לבישול,מיליליטרים,500.00,"100 מ""ל",false,0,14.90,2.98,true,1,
7290102396047,false,יוג.סימפלי אננס1.5% 150ג,מילקו תעשיות בעמ,IL,יוגורט אננס 1.5%,גרמים,150.00,100 גרם,false,0,4.60,3.07,true,1,
7290102396399,false,מעדן שוקולד 100*8גר,טרה,IL,מעדן שוקולד 8 יח,גרמים,800.00,100 גרם,false,0,12.90,1.61,true,1,
7290102396405,false,מעדן וניל 100*8גרם,טרה,IL,מעדן וניל 8 יח,גרמים,800.00,100 גרם,false,0,12.90,1.61,true,1,
7290102396436,false,מעדן שוקולד מוו1.5% 125ג,מילקו תעשיות בעמ,IL,מעדן שוקולד,גרמים,125.00,100 גרם,false,0,2.90,2.32,true,1,
7290102396443,false,מעדן וניל מוו1.5% 125גרם,מילקו תעשיות בעמ,IL,מעדן וניל,גרמים,125.00,100 גרם,false,0,2.90,2.32,true,1,
7290102396498,false,מעדן יוגורט תות מוו 125ג,מילקו תעשיות בעמ,IL,מעדן יוגורט תות,גרמים,125.00,100 גרם,false,0,2.90,2.32,true,1,
7290102396580,false,מעדן מו שוק+.מוס שוק123ג,טרה,IL,מעדן מו שוקולד,גרמים,123.00,100 גרם,false,0,2.70,2.20,true,1,
7290102396597,false,מעדן מו וניל+מוס שוק123ג,טרה,IL,מעדן מו וניל,גרמים,123.00,100 גרם,false,0,2.70,2.20,true,1,
7290102396665,false,גב.צהובה נעם דק 15% 200ג,מילקו תעשיות בעמ,IL,גבינה צהובה נעם,גרמים,200.00,100 גרם,false,1,14.90,7.45,true,1,
7290102396672,false,גב.צהובה נעם דק9% 360גרם,מילקו תעשיות בעמ,IL,גבינה צהובה נעם,גרמים,360.00,100 גרם,false,1,24.90,6.92,true,1,
7290102396719,false,יוגורט0% סימפלי תות 150ג,טרה,IL,יוגורט תות,גרמים,150.00,100 גרם,false,0,4.60,3.07,true,1,
7290102396726,false,יוגורט0%סימפלי אפרסק150ג,טרה,IL,יוגורט אפרסק,גרמים,150.00,100 גרם,false,0,4.60,3.07,true,1,
7290102396740,false,מולר סימפלי0%תות/אפ150*8,מילקו תעשיות בעמ,IL,מולר סימפלי 8 יח,קילוגרמים,1.20,"ק""ג",false,0,27.90,23.25,true,1,
7290102396795,false,"שוקו מוו שקית 200*6 מ""ל",טרה,IL,שוקו מוו 6 שקיות,ליטרים,1.20,ליטר,false,0,12.90,10.75,true,1,
7290102396979,false,יוגורט סימפלי אננס0% 150,טרה,IL,יוגורט אננס,גרמים,150.00,100 גרם,false,1,4.60,3.07,true,1,
7290102397204,false,גב.צהובה נעם דק 22% 200ג,מילקו תעשיות בעמ,IL,גבינה צהובה נעם,גרמים,200.00,100 גרם,false,1,14.90,7.45,true,1,
7290102397310,false,מעדן מו שוקולד+קצפת70*8ג,מילקו תעשיות בעמ,IL,מעדן מיני מו 8יח,גרמים,560.00,100 גרם,false,1,11.90,2.13,true,1,
7290102397334,false,גבינה בולגרית 5% 250 גרם,משק צוריאל תבור,IL,גבינה בולגרית5%,גרמים,250.00,100 גרם,false,1,17.90,7.16,true,1,
7290102397341,false,גבינה בולגרית24% 250 גרם,משק צוריאל,IL,גבינה בולגרית24%,גרמים,250.00,100 גרם,false,1,17.90,7.16,true,1,
7290102397464,false,"ביאנקו פלוס+פקאן,גרע170ג",טרה,IL,ביאנקו פלוס+פקאן,גרמים,170.00,100 גרם,false,1,5.30,3.12,true,1,
7290102397600,false,מולר מיקס שקד+בוטנים168ג,מולר,IL,מולר מיקס,גרמים,168.00,100 גרם,false,1,5.30,3.15,true,1,
7290102397617,false,מולר מיקס כדורי דגנים168,טרה,IL,מולר מיקס,גרמים,168.00,100 גרם,false,1,5.30,3.15,true,1,
7290102397679,false,קוטג וחצי 5% 375 גרם,טרה,IL,קוטג וחצי 5%,גרמים,375.00,100 גרם,false,1,6.90,1.84,true,1,
7290102397730,false,אמנטל נועם פתיח.חוזרת200,טרה,IL,גבינת אמנטל נועם,גרמים,200.00,100 גרם,false,1,14.90,7.45,true,1,
7290102397747,false,מוצרלה נעם 200 גרם,,IL,מוצרלה נעם 200גר,גרמים,200.00,100 גרם,false,1,16.90,8.45,true,1,
7290102397891,false,גבינה מותכת 4 * 25 גרם,משק צוריאל,IL,גבינה מותכת,גרמים,100.00,100 גרם,false,1,6.90,6.90,true,1,
7290102397990,false,גבינה צפתית 5% 200 גרם,משק צוריאל,IL,גבינה צפתית,גרמים,200.00,100 גרם,false,1,13.90,6.95,true,1,
7290102398287,false,יוגורט פרופ תות 150ג,,IL,יוגורט מולר תות,גרמים,150.00,100 גרם,false,1,4.70,3.13,true,1,
7290102398294,false,יוגורט פרופ מנגו 150 גרם,,IL,יוגורט מולר מנגו,גרמים,150.00,100 גרם,false,1,4.70,3.13,true,1,
7290102398331,false,חלב מועשר דל לקטוז2% 1ל',טרה,IL,חלב דל לקטוז,ליטרים,1.00,ליטר,false,1,6.90,6.90,true,1,
7290102398348,false,מולר מיקס מיני ריבוע170ג,טרה,IL,מולר מיקס,גרמים,170.00,100 גרם,false,1,5.30,3.12,true,1,
7290102398393,false,מעדן חלב+אורז תפוח קי170,טרה,IL,מעדן חלב ואורז,גרמים,170.00,100 גרם,false,1,4.80,2.82,true,1,
7290102398416,false,גב.שמנת בצל קלוי5% 200גר,,IL,גבינת שמנת 5%,גרמים,200.00,100 גרם,false,1,9.90,4.95,true,1,
7290102398478,false,לבנה 9% 500 גרם,טרה,IL,לאבנה 9%,גרמים,500.00,100 גרם,false,1,15.90,3.18,true,1,
7290102398508,false,"שמנת מתוקה38%בד""צ250מ",טרה,IL,שמנת מתוקה 38%,מיליליטרים,250.00,"100 מ""ל",false,1,5.90,2.36,true,1,
7290102398560,false,שוקו מועשר בבקבוק 1 ליטר,מילקו תעשיות בעמ,IL,שוקו מועשר בקבוק,ליטרים,1.00,ליטר,false,1,10.90,10.90,true,1,
7290102398577,false,שוקו מועשר טרה בקבוק250מ,מילקו תעשיות בעמ,IL,שוקו בבקבוק טרה,מיליליטרים,250.00,"100 מ""ל",false,1,4.90,1.96,true,1,
7290102398669,false,אייס קפוצ'ינו 1 ליטר,מילקו תעשיות בעמ,IL,אייס קפוצ'ינו,ליטרים,1.00,ליטר,false,1,10.90,10.90,true,1,
7290102398874,false,שוקו כשלפ טרה בקבוק1ל,מילקו תעשיות בעמ,IL,שוקו כשלפ,מיליליטרים,1000.00,"100 מ""ל",false,1,10.90,1.09,true,1,
7290102398904,false,מולר אקטיב מועשר+תות150ג,טרה,IL,מולר אקטיב,גרמים,150.00,100 גרם,false,1,4.80,3.20,true,1,
7290102398911,false,מולר אקטיב מועשר+פ.יע150,טרה,IL,מולר אקטיב,גרמים,150.00,100 גרם,false,1,4.80,3.20,true,1,
7290102399048,false,קשקבל פרוסות 200 גרם,טרה,IL,קשקבל פרוס,גרמים,200.00,100 גרם,false,1,19.90,9.95,true,1,
7290102399130,false,משקה יוג.אקטיב מלון250ג,טרה,IL,משקה יוגורט,גרמים,250.00,100 גרם,false,1,6.50,2.60,true,1,
7290102399635,false,מולר פרופ קוקוס ואננס150,טרה,IL,יוגורט מולר פרופ,מיליליטרים,150.00,"100 מ""ל",false,1,4.70,3.13,true,1,
7290102399642,false,מולר פרופ פסיפל.תפוז150מ,טרה,IL,יוגורט מולר פרופ,מיליליטרים,150.00,"100 מ""ל",false,1,4.70,3.13,true,1,
7290102399697,false,סימפלי מנגו1.5% 150גרם,מילקו תעשיות בעמ,IL,יוגורט מנגו,גרמים,150.00,100 גרם,false,1,4.60,3.07,true,1,
7290102399703,false,מולר מנגו+אננס 150*8 גרם,טרה,IL,יוגורט סימפלי8יח,קילוגרמים,1.20,"ק""ג",false,1,27.90,23.25,true,1,
7290102399796,false,מולר אקטיב חלבון לבן200ג,טרה,IL,מולר אקטיב,גרמים,200.00,100 גרם,false,1,4.90,2.45,true,1,
7290102399802,false,מולר אקטיב תות מועשר200ג,טרה,IL,מולר אקטיב מועשר,גרמים,200.00,100 גרם,false,1,5.50,2.75,true,1,
7290102399819,false,מולר אקטיב פ.יער מועש200,טרה,IL,מולר אקטיב מועשר,גרמים,200.00,100 גרם,false,1,5.50,2.75,true,1,
7290102399826,false,מולר אקטיב אננס מועשר200,טרה,IL,מולר אקטיב מועשר,גרמים,200.00,100 גרם,false,1,5.50,2.75,true,1,
7290102399857,false,מולר אקטיב לייט תות 200ג,טרה,IL,מולר אקטיב לייט,גרמים,200.00,100 גרם,false,1,5.50,2.75,true,1,
7290102399864,false,מולר אקטיב לייט אפרסק200,טרה,IL,מולר אקטיב מועשר,גרמים,200.00,100 גרם,false,1,5.50,2.75,true,1,
7290102586479,false,מפצל חשמל ל3- שק,,IL,מפצל חשמל ל3- שק,יחידה,1.00,יחידה,false,0,7.90,7.90,true,1,
7290102589906,false,כבל מאריך 5 מטר,,IL,כבל מאריך 5 מטר,יחידה,1.00,יחידה,false,1,29.90,29.90,true,1,
7290102611904,false,כפות אמריקאי חד פעמי 100,,CN,כפות חד פעמי,יחידה,1.00,יחידה,false,1,7.50,7.50,true,1,
7290102840175,false,פודינג וניל פרווה 85 גרם,מיה תעשיות מזון מ.ת.מ. ב,IL,פודינג וניל,גרמים,85.00,100 גרם,false,0,1.90,2.23,true,1,
7290102840182,false,פודינג שוקולד פרווה 85גר,מיה תעשיות מזון מ.ת.מ. ב,IL,פודינג שוקולד,גרמים,85.00,100 גרם,false,0,1.90,2.23,true,1,
7290102840199,false,ג'לי משמש פרווה 85 גרם,מיה תעשיות מזון מ.ת.מ. ב,IL,ג'לי משמש,גרמים,90.00,100 גרם,false,0,2.90,3.22,true,1,
7290102840205,false,ג'לי תות 85 גרם,מיה תעשיות מזון מ.ת.מ. ב,IL,ג'לי תות,גרמים,85.00,100 גרם,false,0,2.90,3.41,true,1,
7290103124601,false,פלמוליב חלב ודבש משאב750,קולגייט פלמוליב,TR,סבון פלמוליב,מיליליטרים,750.00,"100 מ""ל",false,0,14.90,1.99,true,1,
7290103129408,false,ליידי ספיד סטיק פרש אסנס,קולגייט פלמוליב,US,ליידי ספיד סטיק,גרמים,65.00,100 גרם,false,0,17.90,27.54,true,1,
7290103203405,false,"ליקר שוקולד תפוז 500 מ""ל",ישראליקר,IL,ליקר שוקולד תפוז,מיליליטרים,500.00,"100 מ""ל",false,0,29.90,5.98,true,1,
7290103203412,false,"ליקר שוקולד מנטה 500 מ""ל",ישראליקר,IL,ליקר שוקולד מנטה,מיליליטרים,500.00,"100 מ""ל",false,0,29.90,5.98,true,1,
7290103203436,false,ליקר דובדבן,,IL,ליקר דובדבן,מיליליטרים,500.00,"100 מ""ל",false,0,29.90,5.98,true,1,
7290103203443,false,"ליקר בננה 500 מ""ל",ישראליקר,IL,ליקר בננה,מיליליטרים,500.00,"100 מ""ל",false,0,29.90,5.98,true,1,
7290103203450,false,"ליקר אמרטו 500 מ""ל",ישראליקר,IL,ליקר אמרטו,מיליליטרים,500.00,"100 מ""ל",false,0,29.90,5.98,true,1,
7290103205409,false,דיסק DVD,,,דיסק DVD,יחידה,1.00,יחידה,false,0,19.90,19.90,true,1,
7290103401429,false,קפה פלטינום ברזילאי 200,עלית,IL,קפה פלטינום,גרמים,200.00,100 גרם,false,0,24.90,12.45,true,1,
7290103402853,false,אצבעות שוקולד מגדים 96 ג,עלית,IL,אצבעות שוקולד,גרמים,96.00,100 גרם,false,0,6.90,7.19,true,1,
7290103650759,false,מושב אסלה איתי יח,,IL,מושב אסלה איתי,יחידה,1.00,יחידה,false,0,36.90,36.90,true,1,
7290103700041,false,מארז מטליות טאצ 9 יחידות,שניב,IL,מארז מטליות,יחידה,1.00,יחידה,false,1,8.90,8.90,true,1,
7290103700072,false,טאצ  מטליות זיגזג 3 יחיד,שניב,IL,טאצ מטליות זיגזג,יחידה,1.00,יחידה,false,1,8.90,8.90,true,1,
7290103700386,false,טאצ כריות קרצוף 6 יחידות,שניב תעשיות נייר,IL,טאצ כריות קרצוף,יחידה,1.00,יחידה,false,1,8.90,8.90,true,1,
7290103700652,false,טאצ ספוג הפלא מארז 6 יחי,שניב תעשיות נייר,IL,טאצ ספוג הפלא,יחידה,1.00,יחידה,false,1,8.90,8.90,true,1,
7290103700997,false,נייר טואלט לאבלי 40 גליל,,IL,נ.ט לאבלי 40גליל,יחידה,1.00,יחידה,false,0,29.90,29.90,true,1,
7290103701093,false,מיקרופייבר לריצפה טאצ',שניב,IL,מיקרופייבר לרצפה,יחידה,1.00,יחידה,false,1,15.90,15.90,true,1,
7290103701130,false,מיקרופייבר לניקוי כללי,שניב,IL,טאץ לניקוי כללי,יחידה,1.00,יחידה,false,1,15.90,15.90,true,1,
7290103701178,false,טאצ ספוג הפלא בלוק 1 יחי,שניב תעשיות נייר,IL,טאצ ספוג הפלא,יחידה,1.00,יחידה,false,1,3.90,3.90,true,1,
7290103702779,false,מפיות טאצ 150 יח,שניב,IL,מפיות טאצ 150 יח,יחידה,1.00,יחידה,false,1,5.90,5.90,true,1,
7290103703455,false,טאצ' ספוג מבריק הפלא,שניב תעשיות נייר,IL,טאצ' ספוג מבריק,יחידה,1.00,יחידה,false,1,9.90,9.90,true,1,
7290104060403,false,מסטיק מאסט בזוקה ענבים28,עלית,IL,מסטיק מאסט בזוקה,גרמים,28.00,100 גרם,false,0,3.90,13.93,true,1,
7290104060984,false,אצבעות שוקולד+סוכריות96ג,עלית,IL,אצבעות שוקולד,גרמים,96.00,100 גרם,false,0,6.90,7.19,true,1,
7290104061417,false,חומוס עם טחינה אחלה 400ג,"שטראוס גרופ בע""\מ",IL,חומוס טחינה אחלה,גרמים,400.00,100 גרם,false,0,9.90,2.48,true,1,
7290104061424,false,חומוס עם זעתר אחלה 400 ג,"שטראוס גרופ בע""\מ",IL,חומוס זעתר אחלה,גרמים,400.00,100 גרם,false,0,9.90,2.48,true,1,
7290104061431,false,חומוס עם צנובר אחלה 400ג,"שטראוס גרופ בע""\מ",IL,חומוס צנובר אחלה,גרמים,400.00,100 גרם,false,0,9.90,2.48,true,1,
7290104061448,false,חומוס עם חריף אחלה 400 ג,"שטראוס גרופ בע""\מ",IL,חומוס חריף אחלה,גרמים,400.00,100 גרם,false,0,9.90,2.48,true,1,
7290104062599,false,גמדים תות בננה 100*8 גרם,"שטראוס בריאות בע""\מ",IL,גמדים תות בננה,גרמים,800.00,100 גרם,false,0,17.90,2.24,true,1,
7290104066016,false,"מילקי טופ עדשים 170 מ""ל","שטראוס גרופ בע""\מ",IL,מילקי טופ עדשים,מיליליטרים,170.00,"100 מ""ל",false,0,4.30,2.53,true,1,
7290104066566,false,טחינה אחלה 500 גרם,"שטראוס גרופ בע""\מ",IL,טחינה אחלה 500גר,גרמים,500.00,100 גרם,false,0,14.90,2.98,true,1,
7290104067198,false,ספלנדיד מריר 70%תפוז100ג,עלית,IL,שוקולד ספלנדיד,גרמים,100.00,100 גרם,false,0,9.90,9.90,true,1,
7290104068539,false,מאסט LL מלון ואבטיח 28גר,עלית,IL,מסטיק מאסט,גרמים,28.00,100 גרם,false,0,3.90,13.93,true,1,
7290104360619,false,מצית גז 1 יחידה,אליבו,CN,מצית גז,יחידה,1.00,יחידה,false,0,11.90,11.90,true,1,
7290104500572,false,אפרופו איטליאנו 50 גרם,"אסם השקעות בע""\מ",IL,אפרופו איטליאנו,גרמים,50.00,100 גרם,false,0,4.90,9.80,true,1,
7290104504228,false,מיני דובונים 20*5 גרם,"אסם השקעות בע""\מ",IL,מיני דובונים 5יח,גרמים,100.00,100 גרם,false,0,11.90,11.90,true,1,
7290104720499,false,דני וניל 125*8 גרם,"שטראוס גרופ בע""\מ",IL,דני וניל 8 יח',קילוגרמים,1.00,"ק""ג",false,0,14.90,14.90,true,1,
7290104720536,false,שוקולד חלב פרה 100*3גרם,עלית,IL,שוקולד חלב 3 יח,גרמים,300.00,100 גרם,false,1,11.90,3.97,true,1,
7290104721533,false,סלט פלפלים קלויים 400 גר,"שטראוס גרופ בע""\מ",IL,פלפלים קלויים,גרמים,400.00,100 גרם,false,0,14.90,3.73,true,1,
7290104722219,false,עוגת יומולדת ק.שוקולד330,"שטראוס גרופ בע""\מ.",IL,עוגת יומולדת,גרמים,330.00,100 גרם,false,0,13.90,4.21,true,1,
7290104722530,false,תפוצ'יפס שמנת בצל 200גרם,"שטראוס פריטו ליי בע""\מ )",IL,תפוצ'יפס שמנת,גרמים,200.00,100 גרם,false,0,8.80,4.40,true,1,
7290104724718,false,שוק.במילוי קרם נוגט100גר,עלית,IL,שוקולד קרם נוגט,גרמים,100.00,100 גרם,false,0,4.90,4.90,true,1,
7290104725326,false,קוטג' 5% 400 גרם,"שטראוס בריאות בע""\מ",IL,קוטג' 5% 400 גרם,גרמים,400.00,100 גרם,false,0,8.90,2.23,true,1,
7290104726262,false,דני שלוק שוקולד 125*4גרם,"שטראוס גרופ בע""\מ",IL,דני שלוק 4 יח,גרמים,500.00,100 גרם,false,0,9.90,1.98,true,1,
7290104726712,false,מארז מילקי ט.שוקולד170*8,"שטראוס גרופ בע""\מ",IL,מארז מילקי 8 יח',ליטרים,1.36,ליטר,false,0,19.90,14.63,true,1,
7290104727726,false,שוקולד מריר100ג5*יח,עלית,IL,שוקולד מריר 5 יח,גרמים,500.00,100 גרם,false,0,18.90,3.78,true,1,
7290104728310,false,שמנת עמידה לקצפת38% 250מ,מחלבת יטבתה,IL,שמנת עמידה לקצפת,גרמים,250.00,100 גרם,false,0,5.90,2.36,true,1,
7290104729010,false,לבן בטעם תות 100 גרם,מחלבת יטבתה,IL,לבן בטעם תות,גרמים,100.00,100 גרם,false,0,1.20,1.20,true,1,
7290104729492,false,שוקולד חלב 100*5 גרם,שטראוס,IL,מארז שוקולד חלב,גרמים,500.00,100 גרם,false,0,18.90,3.78,true,1,
7290104960239,false,סבון נקה7 ארומה לבן 750מ,טרופיקל דגיל תעשיות קוסמ,IL,תחליב רחצה נקה 7,מיליליטרים,750.00,"100 מ""ל",false,0,9.90,1.32,true,1,
7290104960246,false,תחליב רח.נקה 7  ורוד 750,טרופיקל דגיל תעשיות קוסמ,IL,תחליב רחצה נקה 7,מיליליטרים,750.00,"100 מ""ל",false,0,9.90,1.32,true,1,
7290104961205,false,תח.רחצה נקה7 מלפפו750מ,טרופיקל דגיל תעשיות קוסמ,IL,תחליב רחצה נקה,מיליליטרים,750.00,"100 מ""ל",false,0,9.90,1.32,true,1,
7290104961243,false,תח.רחצה נקה7 קוקוס 750מ,טרופיקל דגיל תעשיות קוסמ,IL,תחליב רחצה,מיליליטרים,750.00,"100 מ""ל",false,0,9.90,1.32,true,1,
7290104961250,false,תחליב רחצה נקה7 וניל 750,טרופיקל דגיל תעשיות קוסמ,IL,תחליב רחצה נקה,מיליליטרים,750.00,"100 מ""ל",false,0,9.90,1.32,true,1,
7290104961403,false,קרם פנים ילדים  60SPF50מ,סקין גארד-שיזוף,IL,סקין גארד,מיליליטרים,60.00,"100 מ""ל",false,0,34.90,58.17,true,1,
7290104961526,false,טיטניום ספריי קלאסי150מ,קרליין,IL,טיטניום ספריי,מיליליטרים,150.00,"100 מ""ל",false,0,9.90,6.60,true,1,
7290104961533,false,טיטניום ספריי בלק 150מ,קרליין,IL,טיטניום ספריי,מיליליטרים,150.00,"100 מ""ל",false,0,9.90,6.60,true,1,
7290104961540,false,טיטניום ספריי מטאל 150מ,קרליין,IL,טיטניום ספריי,מיליליטרים,150.00,"100 מ""ל",false,0,9.90,6.60,true,1,
7290104962073,false,דאו.טיטניום,,IL,דאו.טיטניום,מיליליטרים,180.00,"100 מ""ל",false,0,14.90,8.28,true,1,
7290104962110,false,"דאו.קרליין  לנערות200מ""ל",מיוצר עי : אמיליה קוסמטי,IL,ספריי נושם,מיליליטרים,200.00,"100 מ""ל",false,0,11.90,5.95,true,1,
7290104962660,false,דאו.נושם ללא אלומיניו200,אמיליה קוסמטיקס בעמ,IL,ספריי נושם,מיליליטרים,200.00,"100 מ""ל",false,0,11.90,5.95,true,1,
7290104962745,false,סקינגארד ספריי שקוףSPF30,מיוצר עי : אמיליה קוסמטי,IL,סקינגארד ספריי,מיליליטרים,300.00,"100 מ""ל",false,0,39.90,13.30,true,1,
7290104963216,false,סופטקר אל סבון עדין 1 ל',קוסמופארם בע'\'\מ,IL,סופטקר אל סבון,ליטרים,1.00,ליטר,false,1,14.90,14.90,true,1,
7290104963223,false,סופטקר אל סבון קלאסי 1 ל,קוסמופארם בע'\'\מ,IL,סופטקר אל סבון,ליטרים,1.00,ליטר,false,1,14.90,14.90,true,1,
7290104963667,false,סופטקר 2ב1- סגול 1 ליטר,קוסמופארם בע'\'\מ,IL,סופטקר 2ב1-,ליטרים,1.00,ליטר,false,1,14.90,14.90,true,1,
7290104964008,false,ספריי תחליב SPF30 לילדים,מיוצר עי : אמיליה קוסמטי,IL,סקינגארד ספריי,מיליליטרים,300.00,"100 מ""ל",false,1,39.90,13.30,true,1,
7290104964022,false,סקינגארד ספוג ווט SPF50,מיוצר עי : אמיליה קוסמטי,IL,סקינגארד,מיליליטרים,300.00,"100 מ""ל",false,1,39.90,13.30,true,1,
7290104964756,false,"תיאדנט מי פה ענבים150מ""ל",אמיליה קוסמטיקס בע'\'\מ,IL,תיאדנט מי פה,מיליליטרים,150.00,"100 מ""ל",false,1,13.90,9.27,true,1,
7290105180179,false,"בקבוק צר לתינוק 125 מ""ל",אריסטוקרט,IL,בקבוק צר לתינוק,יחידה,1.00,יחידה,false,0,5.90,5.90,true,1,
7290105180193,false,"בקבוק צר 125מ""ל",אריסטוקרט,IL,בקבוק לתינוק,יחידה,1.00,יחידה,false,0,5.90,5.90,true,1,
7290105180209,false,שלישיית בקבוקים,,,שלישיית בקבוקים,יחידה,1.00,יחידה,false,0,16.90,16.90,true,1,
7290105180216,false,פלסטרים שקופים,,,פלסטרים שקופים,יחידה,1.00,יחידה,false,0,9.90,9.90,true,1,
7290105180353,false,סכין גילוח 10 יח,אריסטוקרט,IL,סכין גילוח 10 יח,יחידה,1.00,יחידה,false,0,7.90,7.90,true,1,
7290105180384,false,3מוצ.סיליקון צבעוני גדול,אריסטוקרט,TH,מוצץ סיליקון 3יח,יחידה,1.00,יחידה,false,0,15.90,15.90,true,1,
7290105360250,false,קפסולות קפה מס' 9 50 גרם,שטראוס קפה בי.וי.,IL,קפסולות קפה,גרמים,50.00,100 גרם,false,0,14.90,29.80,true,1,
7290105360328,false,קפסולות מס' 10 50 גרם,שטראוס קפה בי.וי.,IL,קפסולות מס' 10,גרמים,50.00,100 גרם,false,0,14.90,29.80,true,1,
7290105360335,false,קפסולות מס' 7 50 גרם,שטראוס קפה בי.וי.,IL,קפסולות מס' 7,גרמים,50.00,100 גרם,false,0,14.90,29.80,true,1,
7290105362339,false,שמנת לבישול15%מהדרין250,מחלבת יטבתה,IL,שמנת לבישול 15%,מיליליטרים,250.00,"100 מ""ל",false,0,7.60,3.04,true,1,
7290105364883,false,ביסקוויט עד חצות לבן200ג,עלית,IL,ביסקוויט עד חצות,גרמים,200.00,100 גרם,false,0,11.90,5.95,true,1,
7290105366023,false,חציל בטעם כבד 400 גרם,"שטראוס גרופ בע""\מ",IL,חציל בטעם כבד,גרמים,400.00,100 גרם,false,0,14.90,3.73,true,1,
7290105366047,false,טחינה לבנה 400 גרם,"שטראוס גרופ בע""\מ",IL,טחינה לבנה,גרמים,400.00,100 גרם,false,0,14.90,3.73,true,1,
7290105366054,false,טחינה עם פטרוזיליה 400גר,"שטראוס גרופ בע""\מ",IL,טחינה+פטרוזיליה,גרמים,400.00,100 גרם,false,0,14.90,3.73,true,1,
7290105366993,false,סימפוניה שיפקה חריף200,שטראוס,IL,סימפוניה פלפל,גרמים,200.00,100 גרם,false,0,9.90,4.95,true,1,
7290105368225,false,חומוס עם פלפל שיפקה 400ג,שטראוס,IL,חומוס עם פלפל,גרמים,400.00,100 גרם,false,0,9.90,2.48,true,1,
7290105368331,false,"מילקי בטעם תות 170 מ""ל",שטראוס,IL,מילקי טעם תות,מיליליטרים,170.00,"100 מ""ל",false,0,2.70,1.59,true,1,
7290105368904,false,"שמנת מתוקה 32% 250 מ""ל",מחלבת יטבתה,IL,שמנת מתוקה32%,מיליליטרים,250.00,"100 מ""ל",false,0,6.90,2.76,true,1,
7290105368928,false,שמנת 9% יטבתה מהדרין200מ,מחלבת יטבתה,IL,שמנת 9% יטבתה,מיליליטרים,200.00,"100 מ""ל",false,0,2.90,1.45,true,1,
7290105368959,false,פונץ בננה+פקק מהדרין250מ,מחלבת יטבתה,IL,משקה פונץ' בננה,מיליליטרים,250.00,"100 מ""ל",false,0,4.90,1.96,true,1,
7290105430441,false,סב.פלמוליב סחלב שחור750מ,קולגייט פלמוליב,TR,סבון פלמוליב,מיליליטרים,750.00,"100 מ""ל",false,0,14.90,1.99,true,1,
7290105430458,false,סבון פלמוליב שקדים 750 מ,קולגייט פלמוליב,TR,סבון פלמוליב,מיליליטרים,750.00,"100 מ""ל",false,0,14.90,1.99,true,1,
7290105430502,false,דאו.ספיד ס.סטיינגארד50ג,"ש. שסטוביץ בע""\מ",US,דאו.ספיד סטיק,גרמים,50.00,100 גרם,false,0,17.90,35.80,true,1,
7290105431950,false,ליידי ספיד סטיק אבטיח150,קולגייט פלמוליב,RU,ליידי ספיד סטיק,מיליליטרים,150.00,"100 מ""ל",false,0,12.90,8.60,true,1,
7290105433985,false,ליידי ספיד סטיק פרס סטיק,קולגייט פלמוליב,US,ליידי ספיד סטיק,גרמים,65.00,100 גרם,false,0,17.90,27.54,true,1,
7290105434029,false,ספיד סטיק נוטרו ספריי150,קולגייט פלמוליב,RU,דאו. ספיד סטיק,מיליליטרים,150.00,"100 מ""ל",false,0,12.90,8.60,true,1,
7290105439499,false,מיונז מאסטר שף 481 גרם,רמיה סי.וי.הולנד,NL,מיונז מאסטר שף,גרמים,481.00,100 גרם,false,1,9.90,2.06,true,1,
7290105439581,false,חרדל דיז'ון צרפתי 370גרם,רמיה סי.וי.הולנד,FR,חרדל דיז'ון,גרמים,370.00,100 גרם,false,1,11.90,3.22,true,1,
7290105439598,false,חרדל דיז'ון גרגירים370ג,סאס קווינור צרפת,FR,חרדל דיז'ון,גרמים,370.00,100 גרם,false,1,11.90,3.22,true,1,
7290105500151,false,וודקה פינלנדיה,,FI,וודקה פינלנדיה,מיליליטרים,700.00,"100 מ""ל",false,0,59.90,8.56,true,1,
7290105500236,false,וויסקי ג'ק דניאל,,US,וויסקי ג'ק דניאל,מיליליטרים,700.00,"100 מ""ל",false,0,104.90,14.99,true,1,
7290105500953,false,וויסקי,,BE,וויסקי,מיליליטרים,700.00,"100 מ""ל",false,0,104.90,14.99,true,1,
7290105691224,false,קריספי טורטיה שום בצל60ג,"פרח תעשיות מזון בע""מ.",IL,קריספי טורטיה,גרמים,60.00,100 גרם,false,0,6.90,11.50,true,1,
7290105691248,false,קריספי טורטיה תירס 60 גר,"פרח תעשיות מזון בע""מ.",IL,קריספי טורטיה,גרמים,60.00,100 גרם,false,0,6.90,11.50,true,1,
7290105693341,false,במבה 25*10 גרם,"אסם השקעות בע""\מ",IL,במבה 10 יח,גרמים,250.00,100 גרם,false,0,14.90,5.96,true,1,
7290105695024,false,פתיתים אורז ואטריות500ג,"אסם השקעות בע""\מ",IL,פתיתים אפויים,גרמים,500.00,100 גרם,false,0,6.40,1.28,true,1,
7290105695895,false,עוגת דמקה דבש 320 גרם,"אסם השקעות בע""מ",IL,עוגת דבש דמקה,גרמים,320.00,100 גרם,false,0,10.90,3.41,true,1,
7290105961181,false,פונץ' בננה מהדרין 1ליטר,מחלבת יטבתה,IL,פונץ' בננה יטבתה,מיליליטרים,1000.00,"100 מ""ל",false,0,10.90,1.09,true,1,
7290105961525,false,שוק.ספלנדיד מריר85% 100ג,"שטראוס גרופ בע""\מ",IL,שוקולד ספלנדיד,גרמים,100.00,100 גרם,false,0,9.90,9.90,true,1,
7290105962331,false,סחוג חריף מאוד זהבי220ג,"זהבי הכרם בע""\מ",IL,סחוג חריף זהבי,גרמים,220.00,100 גרם,false,0,9.90,4.50,true,1,
7290105965493,false,ספלנדיד 62% מריר+מוס105ג,עלית,IL,שוקולד ספלנדיד,גרמים,105.00,100 גרם,false,1,9.90,9.43,true,1,
7290105965509,false,שוק.מריר62% +מוס גאנדויה,עלית,IL,שוקולד ספלנדיד,גרמים,105.00,100 גרם,false,1,9.90,9.43,true,1,
7290105965516,false,ספלנדיד חלב מוס אספרס105,עלית,IL,שוקולד ספלנדיד,גרמים,105.00,100 גרם,false,1,9.90,9.43,true,1,
7290105965738,false,דנונה לשתיה תות בננה267ג,"שטראוס גרופ בע""\מ",IL,דנונה לשתיה,גרמים,267.00,100 גרם,false,0,3.90,1.46,true,1,
7290105966469,false,"חומץ בלסמי 250 מ""ל",יד מרדכי,IT,חומץ בלסמי,גרמים,250.00,100 גרם,false,0,13.90,5.56,true,1,
7290105968098,false,סלט קולסלאו אחלה 500 גרם,"שטראוס גרופ בע""\מ",IL,סלט קולסלאו אחלה,גרמים,500.00,100 גרם,false,0,14.90,2.98,true,1,
7290105968654,false,רביולי בטטה פרווה 400 גר,"שטראוס גרופ בע""\מ",IL,רביולי בטטה 400ג,גרמים,400.00,100 גרם,false,0,18.90,4.73,true,1,
7290105968777,false,פריכיות תחתית שוק.מריר70,"שטראוס גרופ בע""\מ",IL,פריכיות + שוקולד,גרמים,70.00,100 גרם,false,0,6.90,9.86,true,1,
7290106510005,false,רוגלך בטעם שוקולד 600 גר,עיני,IL,רוגלך 600 גרם,גרמים,600.00,100 גרם,false,1,14.90,2.48,true,1,
7290106510012,false,שנק בטעם וניל 600 גרם,עיני,IL,שנק בטעם וניל,גרמים,600.00,100 גרם,false,1,14.90,2.48,true,1,
7290106510029,false,שנק בטעם שוקולד 600 גרם,עיני,IL,שנק בטעם  שוקולד,גרמים,600.00,100 גרם,false,1,14.90,2.48,true,1,
7290106511026,false,עוגיות אצבע שוקולד 600 ג,עיני,IL,עוגיות אצבע 600ג,גרמים,600.00,100 גרם,false,1,14.90,2.48,true,1,
7290106511033,false,עוגיות אצבע חלבה 600 ג,עיני,IL,עוגיות אצבע 600ג,גרמים,600.00,100 גרם,false,1,14.90,2.48,true,1,
7290106511040,false,רוגלך שוקולד 600 גרם,עיני,IL,רוגלך 600 גרם,גרמים,600.00,100 גרם,false,1,14.90,2.48,true,1,
7290106511088,false,כעכים מלוחים 600 גרם,עיני,IL,כעכים מלוחים,גרמים,600.00,100 גרם,false,1,14.90,2.48,true,1,
7290106511163,false,שומשומית 600 גרם,עיני,IL,שומשומית 600 גרם,גרמים,600.00,100 גרם,false,1,14.90,2.48,true,1,
7290106520066,false,רבע לשבע גלילית אגוז160ג,"הגביע מוצרי וופלים בע""\מ",IL,רבע לשבע 160 גרם,גרמים,160.00,100 גרם,false,0,10.90,6.81,true,1,
7290106520288,false,יוגורט דנונה WOW תות150ג,"שטראוס גרופ בע""\מ",IL,דנונה WOW תות,גרמים,150.00,100 גרם,false,1,4.50,3.00,true,1,
7290106520813,false,תפוצ'יפס בטעם טבעי 50*6ג,"שטראוס פריטו ליי בע""\מ )",IL,תפוצ'יפס 6 יח,גרמים,300.00,100 גרם,false,0,14.90,4.97,true,1,
7290106520905,false,סלט טורקי 400 גרם,"שטראוס גרופ בע""\מ",IL,סלט טורקי,גרמים,400.00,100 גרם,false,0,14.90,3.73,true,1,
7290106520912,false,"שמנת לבישול 9% 250 מ""ל",מחלבת יטבתה,IL,שמנת לבישול 9%,מיליליטרים,250.00,"100 מ""ל",false,0,7.60,3.04,true,1,
7290106521049,false,סלט קוביות סלק 400 גרם,"שטראוס גרופ בע""\מ",IL,סלט קוביות סלק,גרמים,400.00,100 גרם,false,0,14.90,3.73,true,1,
7290106521612,false,מאגדת טורטית 40*4 גרם,עלית,IL,טורטית 4 יחידות,גרמים,160.00,100 גרם,false,0,9.90,6.19,true,1,
7290106523937,false,תפוצ'יפס טבעי 30*7 גרם,שטראוס,IL,תפוצ'יפס 7 יח,גרמים,210.00,100 גרם,false,0,11.90,5.67,true,1,
7290106524439,false,תפוצ'יפס פופס טבעי 60גרם,"שטראוס פריטו ליי בע""\מ )",IL,תפוצ'יפס פופס,גרמים,60.00,100 גרם,false,1,3.50,5.83,true,1,
7290106525399,false,קפסולות ברזיל 06 50 גרם,שטראוס קפה בי.וי.,IL,קפסולות קפה,גרמים,50.00,100 גרם,false,1,14.90,29.80,true,1,
7290106528567,false,דוריטוס גריל 185 גרם,"שטראוס פריטו ליי בע""\מ )",IL,דוריטוס גריל,גרמים,185.00,100 גרם,false,1,6.90,3.73,true,1,
7290106528628,false,דוריטוס Dippas טבעי185ג,"שטראוס פריטו ליי בע""\מ )",IL,דוריטוס Dippas,גרמים,185.00,100 גרם,false,1,6.90,3.73,true,1,
7290106571037,false,מאגדת גומיגם 5יח,גלידות נסטלה )נגה גלידות,IL,מאגדת גומיגם,גרמים,450.00,100 גרם,false,0,22.90,5.09,true,1,
7290106571907,false,עוגיות שוקולד צ'יפס180ג,אסם,IL,עוגיות פיטנס,גרמים,180.00,100 גרם,false,0,9.90,5.50,true,1,
7290106571921,false,עוגיות חמוציות פיטנס180ג,אסם,IL,עוגיות פיטנס,גרמים,180.00,100 גרם,false,0,9.90,5.50,true,1,
7290106571945,false,עוג.שוקולד מריר פיטנס180,אסם,IL,עוגיות פיטנס,גרמים,180.00,100 גרם,false,1,9.90,5.50,true,1,
7290106572027,false,לחמית חמישה דגנים 190גרם,"אסם השקעות בע""\מ",IL,לחמית 5 דגנים,גרמים,190.00,100 גרם,false,0,7.50,3.95,true,1,
7290106573574,false,חומוס ירושלמי צבר 400גרם,סלטי צבר,IL,חומוס צבר,גרמים,400.00,100 גרם,false,0,10.90,2.73,true,1,
7290106573628,false,חומוס עם טחינה צבר 400גר,סלטי צבר,IL,חומוס עם טחינה,גרמים,400.00,100 גרם,false,0,10.90,2.73,true,1,
7290106573642,false,חומוס צנובר צבר 400 גרם,סלטי צבר,IL,חומוס צנובר,גרמים,400.00,100 גרם,false,0,10.90,2.73,true,1,
7290106573819,false,חומוס אבו גוש 400 גרם,סלטי צבר,IL,חומוס אבו גוש,גרמים,400.00,100 גרם,false,0,10.90,2.73,true,1,
7290106574793,false,עוגת שוקו שוקוצ'יפס350ג,"אסם השקעות בע""\מ",IL,עוגת הבית,גרמים,350.00,100 גרם,false,0,10.90,3.11,true,1,
7290106574953,false,בייגלה שטוחים שומשום300ג,"אסם השקעות בע""\מ",IL,בייגלה שטוחים,גרמים,300.00,100 גרם,false,0,9.90,3.30,true,1,
7290106574977,false,בייגלה שטוחים מלח300גרם,"אסם השקעות בע""\מ",IL,בייגלה שטוחים,גרמים,300.00,100 גרם,false,0,9.90,3.30,true,1,
7290106575257,false,עוגת סופלה טעם שוקולד340,"אסם השקעות בע""\מ",IL,עוגת סופלה הבית,גרמים,340.00,100 גרם,false,0,10.90,3.21,true,1,
7290106575332,false,פתיתים פלוס בורגול 400 ג,קוסקוס מזון,IL,פתיתים פלוס,גרמים,400.00,100 גרם,false,0,6.40,1.60,true,1,
7290106576513,false,חומוס צבר 400 גרם,סלטי צבר,IL,חומוס צבר,גרמים,400.00,100 גרם,false,0,8.90,2.23,true,1,
7290106576537,false,חומוס מסעדה צבר 700גרם,סלטי צבר,IL,חומוס מסעדה צבר,גרמים,700.00,100 גרם,false,0,10.80,1.54,true,1,
7290106576797,false,לה קרמריה וניל איטלקי,גלידות נסטלה,IL,לה קרמריה וניל,ליטרים,1.40,ליטר,false,0,14.90,10.64,true,1,
7290106576810,false,לה קרמריה צמחי ריבת,גלידות נסטלה,IL,לה קרמריה צמחי,ליטרים,1.40,ליטר,false,0,14.90,10.64,true,1,
7290106576834,false,לה קרמריה פונש בננה,גלידות נסטלה,IL,לה קרמריה,ליטרים,1.40,ליטר,false,0,14.90,10.64,true,1,
7290106576858,false,לה קרמריה תותים,,IL,לה קרמריה,ליטרים,1.40,ליטר,false,0,14.90,10.64,true,1,
7290106576919,false,לה קרמריה סורבה,גלידות נסטלה )נגה גלידות,IL,לח קרמריה,ליטרים,1.40,ליטר,false,0,14.90,10.64,true,1,
7290106576957,false,לה קרמריה שוקו וניל,גלידות נסטלה,IL,לה קרמריה,ליטרים,1.40,ליטר,false,0,14.90,10.64,true,1,
7290106576971,false,לה קרמריה צמחי שוק,גלידות נסטלה,IL,לה קרמריה,ליטרים,1.40,ליטר,false,0,14.90,10.64,true,1,
7290106576995,false,לה קרמריה תות מנגו לייט,גלידות נסטלה )נגה גלידות,IL,לה קרמריה לייט,ליטרים,1.40,ליטר,false,0,14.90,10.64,true,1,
7290106577039,false,לה קרמריה וניל+שוק,גלידות נסטלה,IL,לא קרמריה,ליטרים,1.40,ליטר,false,0,14.90,10.64,true,1,
7290106577282,false,טחינה צבר מרובע 400 גרם,סלטי צבר,IL,טחינה צבר,גרמים,400.00,100 גרם,false,0,10.90,2.73,true,1,
7290106577503,false,חציל במיונז מרובע 400גרם,סלטי צבר,IL,חציל במיונז צבר,גרמים,400.00,100 גרם,false,0,10.90,2.73,true,1,
7290106577848,false,נסטי אפרסק 1.5*6 ליטר,סן-פלגרינו,IT,נסטי אפרסק6יח,ליטרים,9.00,ליטר,false,0,29.90,3.32,true,1,
7290106651265,false,"פ""ז קלאסי מגדים45*3 גרם","שטראוס גרופ בע""\מ",IL,"פ""ז קלאסי מגדים",גרמים,135.00,100 גרם,false,0,9.90,7.33,true,1,
7290106656260,false,פופקורן בטעם טבעי 65 גרם,"שטראוס פריטו ליי בע""\מ )",IL,פופקורן טבעי,גרמים,65.00,100 גרם,false,1,3.90,6.00,true,1,
7290106656512,false,בפלות טורטית 360 גרם,שטראוס גרופ,IL,בפלות טורטית,גרמים,360.00,100 גרם,false,0,13.90,3.86,true,1,
7290106658127,false,בונבונירה לב  מגדים 50גר,"שטראוס גרופ בע""\מ",IL,בונבונירה לב 50ג,גרמים,50.00,100 גרם,false,0,9.90,19.80,true,1,
7290106658479,false,טורטית מגדים 40 גרם,"שטראוס גרופ בע""\מ",IL,טורטית מגדים,גרמים,40.00,100 גרם,false,1,3.50,8.75,true,1,
7290106660410,false,רביולי תרד וגבינה 400גרם,"שטראוס גרופ בע""\מ",IL,רביולי תרד גבינה,גרמים,400.00,100 גרם,false,0,18.90,4.73,true,1,
7290106660649,false,ציטוס בוטנים 80 גרם,"שטראוס פריטו ליי בע""\מ )",IL,ציטוס בוטנים,גרמים,80.00,100 גרם,false,1,3.90,4.88,true,1,
7290106662025,false,תפוצ'יפס ט.מלח ופלפל 50ג,עלית,IL,תפוציפס מלח פלפל,גרמים,50.00,100 גרם,false,1,3.50,7.00,true,1,
7290106662230,false,"בפלות טוב טעם בד""צ 445גר","שטראוס גרופ בע""\מ",IL,בפלות טוב טעם,גרמים,445.00,100 גרם,false,1,13.90,3.12,true,1,
7290106663091,false,לאבנה 9% 500 גרם,"מחלבות בר בכפר בע""\מ",IL,לאבנה 9%,גרמים,500.00,100 גרם,false,1,16.90,3.38,true,1,
7290106663404,false,בזוקה מגדים 5 יח 140 גרם,"שטראוס גרופ בע""\מ",IL,בזוקה מגדים,גרמים,140.00,100 גרם,false,1,14.90,10.64,true,1,
7290106663503,false,קונפיט.תות שדה לייט230ג,"ב.א. מזון בע""\מ",IL,קונפיטורה תות,גרמים,230.00,100 גרם,false,0,12.90,5.61,true,1,
7290106664067,false,לאבנה ש.זית וזעתר10% 400,"מחלבות בר בכפר בע""\מ",IL,לאבנה שמן זית,גרמים,400.00,100 גרם,false,1,13.90,3.48,true,1,
7290106664555,false,רוטב שמנת+עגבניות9% 250מ,יטבתה,IL,רוטב שמנת,מיליליטרים,250.00,"100 מ""ל",false,1,9.70,3.88,true,1,
7290106664562,false,רוטב שמנת+פטריות 9% 200מ,יטבתה,IL,רוטב שמנת פטריות,מיליליטרים,250.00,"100 מ""ל",false,1,9.70,3.88,true,1,
7290106667266,false,דוריטוס חמוץ חריף 185גרם,"שטראוס פריטו ליי בע""\מ )",IL,דוריטוס,גרמים,185.00,100 גרם,false,1,6.90,3.73,true,1,
7290106668577,false,"מיץ לימון 250 מ""ל",יורופוד ס.ר.ל,IT,מיץ לימון,גרמים,250.00,100 גרם,false,1,7.90,3.16,true,1,
7290106668713,false,דנונה פירות יער 3% 150גר,"שטראוס גרופ בע""\מ",IL,דנונה פירות יער,גרמים,150.00,100 גרם,false,1,3.50,2.33,true,1,
7290106669406,false,רבע לשבע מוס אגוזים100ג,"הגביע מוצרי וופלים בע""\מ",IL,רבע לשבע מוס,גרמים,100.00,100 גרם,false,1,12.90,12.90,true,1,
7290106721906,false,מסטיק בזוקה צ'יקלט 66גרם,עלית,IL,מסטיק בזוקה,גרמים,66.00,100 גרם,false,1,8.90,13.48,true,1,
7290106721913,false,מסטיק מרעננת מגדים 66גרם,עלית,IL,מסטיק מרעננת,גרמים,66.00,100 גרם,false,1,8.90,13.48,true,1,
7290106721920,false,מסטיק ספירמינט צ'יקלט66ג,עלית,IL,מסטיק ספירמינט,גרמים,66.00,100 גרם,false,1,8.90,13.48,true,1,
7290106725874,false,"סירופ מייפל טבעי 236 מ""ל",יד מרדכי,CA,סירופ מייפל,מיליליטרים,236.00,"100 מ""ל",false,1,38.90,16.48,true,1,
7290106726178,false,דנונה WOW פירות יער150ג,"שטראוס גרופ בע""\מ",IL,דנונה WOW פ.יער,גרמים,150.00,100 גרם,false,1,4.50,3.00,true,1,
7290106726796,false,דנונה בר עדשים 180 גרם,"שטראוס בריאות בע""\מ",IL,דנונה בר עדשים,גרמים,180.00,100 גרם,false,1,4.30,2.39,true,1,
7290106729421,false,עוגת בראוניז טורטית380ג,"שטראוס גרופ בע""\מ",IL,עוגת בראוניז,גרמים,380.00,100 גרם,false,1,14.90,3.92,true,1,
7290106770577,false,ממרח חלבה 350 גרם,,IL,ממרח חלבה 350גרם,גרמים,350.00,100 גרם,false,1,11.90,3.40,true,1,
7290106772472,false,ממרח אגוזי לוז עם קקאו,אלמנדוס,IL,ממרח אגוזי לוז,גרמים,350.00,100 גרם,false,1,11.90,3.40,true,1,
7290106774445,false,חמאת בוטנים טבעית 700 גר,,AR,חמאת בוטנים,גרמים,700.00,100 גרם,false,1,14.90,2.13,true,1,
7290106857995,false,הזמנות יום הולדת סמי הכב,,IL,הזמנות סמי הכבאי,יחידה,1.00,יחידה,false,1,4.90,4.90,true,1,
7290107280020,false,מטליות לחות מארז,,IL,מטליות לחות מארז,יחידה,1.00,יחידה,false,0,14.90,14.90,true,1,
7290107280389,false,מתז ג'ט לאמבט,,IL,מתז ג'ט לאמבט,מיליליטרים,750.00,"100 מ""ל",false,0,9.90,1.32,true,1,
7290107280396,false,מתז ג'ט למטבח,,IL,מתז ג'ט למטבח,מיליליטרים,750.00,"100 מ""ל",false,0,9.90,1.32,true,1,
7290107280402,false,ג'ט לניקוי כללי,,IL,ג'ט לניקוי כללי,ליטרים,2.00,ליטר,false,0,9.90,4.95,true,1,
7290107280518,false,מקסימה ג'אוול 8קג,סנו,IL,מקסימה ג'אוול,קילוגרמים,8.00,"ק""ג",false,0,49.90,6.24,true,1,
7290107280563,false,אוקסיג'ן בייבי,,IL,אוקסיג'ן בייבי,ליטרים,3.00,ליטר,false,0,24.90,8.30,true,1,
7290107280570,false,ג'ל כביסה,,IL,ג'ל כביסה,ליטרים,3.00,ליטר,false,0,24.90,8.30,true,1,
7290107280587,false,סנובון דאבל אקשן פרחים,סנו מפעלי ברונו בעמ,IL,סנובון דאבל אקשן,גרמים,165.00,100 גרם,false,1,9.90,6.00,true,1,
7290107280594,false,סנובון דאבל אקשן לבנדר,סנו מפעלי ברונוס בעמ,IL,סנובון דאבל אקשן,גרמים,155.00,100 גרם,false,1,9.90,6.39,true,1,
7290107280600,false,ספארק טבליות למדיח 100יח,גרופה אינקו,PL,ספארק טב' למדיח,יחידה,1.00,יחידה,false,1,49.90,49.90,true,1,
7290107280631,false,מקסימה ביו 8קג,סנו,IL,מקסימה ביו,קילוגרמים,8.00,"ק""ג",false,0,49.90,6.24,true,1,
7290107280648,false,מקסימה מאסק 8קג,סנו,IL,מקסימה מאסק,קילוגרמים,8.00,"ק""ג",false,0,49.90,6.24,true,1,
7290107280655,false,מקסימה בייבי,,IL,מקסימה בייבי,קילוגרמים,3.25,"ק""ג",false,0,29.90,9.20,true,1,
7290107280709,false,ספארק נוזל הברקה 700מל,,IL,נוזל הברקה למדיח,מיליליטרים,700.00,"100 מ""ל",false,1,14.90,2.13,true,1,
7290107280716,false,"ספארק מלח למדיח 2 ק""ג",סנו,IL,ספארק מלח למדיח,קילוגרמים,2.00,"ק""ג",false,1,9.90,4.95,true,1,
7290107280761,false,ספארק לימון+משאבה 1ל,סנו מפעלי ברונוס בעמ,IL,נוזל כלים לימון,ליטרים,1.00,ליטר,false,0,9.90,9.90,true,1,
7290107280815,false,"K301 קוטל זוחלים 300 מ""ל","סנו מפעלי ברונוס בע""מ",IL,K301 קוטל זוחלים,מיליליטרים,300.00,"100 מ""ל",false,1,14.90,4.97,true,1,
7290107280822,false,ריצפז פרש הום ספא 2 ליטר,"סנו מפעלי ברונוס בע""\מ",IL,ריצפז פרש הום,ליטרים,2.00,ליטר,false,0,17.90,8.95,true,1,
7290107645591,false,מרק טעם עוף ר.טבעיים400ג,יוניליוור ישראל מזון בע\,IL,מרק טעם עוף,גרמים,400.00,100 גרם,false,1,14.90,3.73,true,1,
7290107646147,false,חטיף שוגי קורנפלקס 26*6ג,יוניליוור ישראל מזון בעמ,IL,חטיפי שוגי 6 יח,גרמים,156.00,100 גרם,false,1,12.90,8.27,true,1,
7290107646154,false,חטיפי קוקומן פצפוצ 21*6ג,יוניליוור ישראל מזון בעמ,IL,חטיפי קוקומן 6יח,גרמים,126.00,100 גרם,false,1,12.90,10.24,true,1,
7290107646826,false,חטיפי שוגי שוקו 26*6גרם,יוניליוור ישראל מזון בעמ,IL,חטיפי שוגי 6 יח,גרמים,156.00,100 גרם,false,1,12.90,8.27,true,1,
7290107646833,false,חטיפי שוגי שוק.לבן 23*6ג,יוניליוור ישראל מזון בעמ,IL,חטיפי שוגי 6 יח,גרמים,138.00,100 גרם,false,1,12.90,9.35,true,1,
7290107646895,false,רוטב עגבניות נפוליטנה415,קונסורזיו קאסאלאסקו דל פ,IT,רוטב נפוליטנה,גרמים,415.00,100 גרם,false,1,9.90,2.39,true,1,
7290107646918,false,רוטב עגבניות לשקשוקה415ג,קונסורזיו קאסאלאסקו דל פ,IT,רוטב לשקשוקה,גרמים,415.00,100 גרם,false,1,9.90,2.39,true,1,
7290107646925,false,ברנפלקס אקסטרה פייבר410ג,יוניליוור ישראל מזון בע\,IL,ברנפלקס אקסטרה,גרמים,410.00,100 גרם,false,1,21.90,5.34,true,1,
7290107647625,false,מאגדת קורנטו וניל כשר לפ,"גלידת שטראוס בע""\מ, רח'\",IL,מאגדת קטרנטו כשר,גרמים,330.00,100 גרם,false,1,31.90,9.67,true,1,
7290107647656,false,מאגדת מיני סולרו קוקוס א,"גלידת שטראוס בע""\מ",IL,מאגדת מיני סולרו,גרמים,245.00,100 גרם,false,1,19.90,8.12,true,1,
7290107647748,false,שוגי פיצי 500 גרם,יוניליוור ישראל מזון בעמ,IL,שוגי פיצי,גרמים,500.00,100 גרם,false,1,16.90,3.38,true,1,
7290107647816,false,"ברנפלקס ללת""ס 500 גרם",יוניליוור ישראל מזון בעמ,IL,"ברנפלקס ללת""ס",גרמים,500.00,100 גרם,false,1,19.90,3.98,true,1,
7290107648981,false,רוטב פומודורו לפסטה415גר,יוניליוור,IT,רוטב פומודורו,גרמים,415.00,100 גרם,false,1,9.90,2.39,true,1,
7290107649100,false,בייגלה טבעות+שומשום300ג,בייגל את בייגל מזון 198),IL,בייגלה טבעות,גרמים,300.00,100 גרם,false,1,6.90,2.30,true,1,
7290107649605,false,שוק. קורנפלקס+פיצפוצים85,יוניליוור ישראל מזון בעמ,IL,שוקולד קליק,גרמים,85.00,100 גרם,false,1,4.90,5.76,true,1,
7290107649728,false,גלידה משפ' 3טעמים פרווה,שטראוס,IL,גלידנה משפ' 3 טע,ליטרים,2.00,ליטר,false,1,19.90,9.95,true,1,
7290107649735,false,גלידה משפחתית 5 טעמים 2,"גלידת שטראוס בע""\מ",IL,גלידה משפחתית,ליטרים,2.00,ליטר,false,1,19.90,9.95,true,1,
7290107649803,false,מאגדת מצופים שוקו בננה 6,שטראוס,IL,מאגדת מצופים,גרמים,600.00,100 גרם,false,1,29.90,4.98,true,1,
7290107740227,false,זוג מסננות פרפרו,אליבו,IL,מסננות פרפרו,יחידה,1.00,יחידה,false,1,6.90,6.90,true,1,
7290107741217,false,בקבוק זילוף לשמן,,CN,בקבוק זילוף לשמן,יחידה,1.00,יחידה,false,1,5.90,5.90,true,1,
7290107871990,false,פסטה צינורות 500 גרם,פסטה זארה,IT,פסטה צינורות,גרמים,500.00,100 גרם,false,0,5.70,1.14,true,1,
7290107874502,false,ביסלי גריל 55*4 גרם,"אסם השקעות בע""\מ",IL,ביסלי גריל 4 יח,גרמים,220.00,100 גרם,false,1,11.90,5.41,true,1,
7290107875004,false,פופקו חמאה ודבש 20*12 ג',אסם,IL,פופקו חמאה ודבש,גרמים,240.00,100 גרם,false,1,17.90,7.46,true,1,
7290107875271,false,ביסלי ברביקיו 55*4 גרם,"אסם השקעות בע""\מ",IL,ביסלי ברביקיו4יח,גרמים,220.00,100 גרם,false,1,11.90,5.41,true,1,
7290107875400,false,להקרמריה פיסטוק מוקה 1.4,גלידות נסטלה,IL,להקרמריה,ליטרים,1.40,ליטר,false,0,14.90,10.64,true,1,
7290107877619,false,במבה מילוי קרם נוגט30*5ג,"אסם השקעות בע""\מ",IL,במבה נוגט 5 יח,גרמים,150.00,100 גרם,false,1,12.90,8.60,true,1,
7290107879521,false,מאגדת לה פרוטה תות 5יח,גלידות נסטלה )נגה גלידות,IL,מאגדת לה פרוטה,גרמים,350.00,100 גרם,false,1,19.90,5.69,true,1,
7290107879569,false,מאגדת לה פרוטה מנגו 5יח,גלידות נסטלה )נגה גלידות,IL,מאגדת לה פרוטה,גרמים,350.00,100 גרם,false,1,19.90,5.69,true,1,
7290107879798,false,מארז במבה יומולדת10X15ג,"אסם השקעות בע""\מ",IL,במבה יומולדת,גרמים,150.00,100 גרם,false,1,7.90,5.27,true,1,
7290107930321,false,קונפיטורה דובדבן 340 גרם,"ב.א. מזון בע""\מ",IL,קונפיטורה דובדבן,גרמים,340.00,100 גרם,false,1,12.90,3.79,true,1,
7290107931465,false,פריכיות תחתית שוק.לבן70ג,"שטראוס גרופ בע""\מ",IL,פריכיות + שוקולד,גרמים,70.00,100 גרם,false,1,6.90,9.86,true,1,
7290107932080,false,חלב מועשר3% בקבוק 1ליטר,מחלבת יטבתה,IL,חלב מועשר 3%,ליטרים,1.00,ליטר,false,1,6.90,6.90,true,1,
7290107932134,false,חלב מועשר1% בקבוק 1ליטר,מחלבת יטבתה,IL,חלב מועשר 1%,ליטרים,1.00,ליטר,false,1,6.90,6.90,true,1,
7290107933315,false,חלב דל לקטוז בקבוק2% 1ל,מחלבת יטבתה,IL,חלבדל לקטוז 2%,ליטרים,1.00,ליטר,false,1,6.90,6.90,true,1,
7290107934473,false,יוג.אקטיביה1.5% 150*8מ,"שטראוס גרופ בע""\מ",IL,אקטביה 1.5% 8 יח,ליטרים,1.20,ליטר,false,1,19.90,16.58,true,1,
7290107936309,false,יוגורט יווני לבן6.5% 130,"שטראוס גרופ בע""\מ",IL,יוגורט יווני,גרמים,130.00,100 גרם,false,1,2.90,2.23,true,1,
7290107937498,false,חרדל דיז'ון+גרגירים350ג,אי.די.סי,FR,חרדל דיז'ון,גרמים,350.00,100 גרם,false,1,9.90,2.83,true,1,
7290107937504,false,חרדל דיז'ון חלק 370 גרם,אי.די.סי,FR,חרדל דיז'ון חלק,גרמים,350.00,100 גרם,false,1,9.90,2.83,true,1,
7290107937856,false,קפסולות מס' 11 50 גרם,שטראוס קפה בי.וי,IL,קפסולות עלית,גרמים,50.00,100 גרם,false,1,14.90,29.80,true,1,
7290107938396,false,"מארז אקטימל תות 100*8מ""ל","שטראוס בריאות בע""\מ",IL,אקטימל תות 8יח',מיליליטרים,800.00,"100 מ""ל",false,1,19.90,2.49,true,1,
7290107939959,false,דנ.פרו טריפל זירו תות150,"שטראוס גרופ בע""\מ",IL,דנונה פרו,גרמים,150.00,100 גרם,false,1,4.50,3.00,true,1,
7290107940252,false,השוקו שלי ללא תוס.סוכר1ל,מחלבת יטבתה,IL,השוקו שלי,ליטרים,1.00,ליטר,false,1,10.90,10.90,true,1,
7290107942232,false,מעדן ספלנדיד שוק.חלב130ג,"שטראוס גרופ בע""\מ",IL,מעדן ספלנדיד,גרמים,130.00,100 גרם,false,1,2.90,2.23,true,1,
7290107942249,false,מעדן ספלנדיד שוק.לבן130ג,"שטראוס גרופ בע""\מ",IL,מעדן ספלנדיד,גרמים,130.00,100 גרם,false,1,2.90,2.23,true,1,
7290107942256,false,מעדן ספלנדיד שוק.מריר130,"שטראוס גרופ בע""\מ",IL,מעדן ספלנדיד,גרמים,130.00,100 גרם,false,1,2.90,2.23,true,1,
7290107942324,false,מילקי שוקולד עשיר133גרם,"שטראוס גרופ בע""\מ",IL,מילקי שוקולד,גרמים,133.00,100 גרם,false,1,3.50,2.63,true,1,
7290107943192,false,שמנת חמוצ.מהערבה27% 200מ,מחלבת יטבתה,IL,שמנת חמוצה 27%,מיליליטרים,200.00,"100 מ""ל",false,1,3.90,1.95,true,1,
7290107944366,false,רבע לשבע לבן 120 גרם,"הגביע מוצרי וופלים בע""\מ",IL,רבע לשבע לבן,גרמים,120.00,100 גרם,false,1,10.90,9.08,true,1,
7290107944472,false,סימפוניה שום שמיר5% 200ג,"שטראוס בריאות בע""\מ",IL,גבינת סימפוניה,גרמים,200.00,100 גרם,false,1,9.90,4.95,true,1,
7290107944717,false,מיני טורטית 390 גרם,"שטראוס גרופ בע""\מ",IL,מיני טורטית,גרמים,390.00,100 גרם,false,1,19.90,5.10,true,1,
7290107945165,false,קונפיטורת משמש 340 גרם,"ב.א. מזון בע""\מ",IL,קונפיטורת משמש,גרמים,340.00,100 גרם,false,1,12.90,3.79,true,1,
7290107947466,false,אנרג'י מצופה טעמי 24*6ג,"שטראוס גרופ בע""\מ",IL,חטיפי אנרגי 6 יח,גרמים,144.00,100 גרם,false,1,11.90,8.26,true,1,
7290107947473,false,אנרגי תחתית פסק זמן24*6ג,"שטראוס גרופ בע""\מ",IL,חטיפי אנרגי 6 יח,גרמים,144.00,100 גרם,false,1,11.90,8.26,true,1,
7290107947480,false,אנרג'י מצופה שוקולד24*6ג,"שטראוס גרופ בע""\מ",IL,חטיפי אנרג'י 6יח,גרמים,144.00,100 גרם,false,1,11.90,8.26,true,1,
7290107948265,false,עדשים מיני מיני חלבי170ג,"שטראוס גרופ בע""\מ",IL,עדשים מיני,גרמים,170.00,100 גרם,false,1,12.90,7.59,true,1,
7290107950190,false,מעדן דיאט שוקולד מריר130,"שטראוס גרופ בע""\מ",IL,מעדן דיאט שוקולד,גרמים,130.00,100 גרם,false,1,2.90,2.23,true,1,
7290107950206,false,מעדן דיאט שוקולד 130 גרם,"שטראוס גרופ בע""\מ",IL,מעדן דיאט שוקולד,גרמים,130.00,100 גרם,false,1,2.90,2.23,true,1,
7290107950275,false,מילקי קצפת קפוצ'ינו133ג,"שטראוס גרופ בע""\מ",IL,מילקי קפוצ'ינו,גרמים,133.00,100 גרם,false,1,3.50,2.63,true,1,
7290107951104,false,בפלות בטעם שוקולד 200גרם,"א.ג. גילרו בע""\מ",IL,בפלות טעם שוקולד,גרמים,200.00,100 גרם,false,1,3.90,1.95,true,1,
7290107951111,false,בפלות בטעם לימון 200 גרם,"א.ג. גילרו בע""\מ",IL,בפלות בטעם לימון,גרמים,200.00,100 גרם,false,1,3.90,1.95,true,1,
7290107954457,false,בראוניז פסק זמן 380 גרם,"שטראוס גרופ בע""\מ",IL,בראוניז פסק זמן,גרמים,380.00,100 גרם,false,1,14.90,3.92,true,1,
7290107954709,false,קונפיטורת פירות יער340גר,"ב.א. מזון בע""\מ",IL,קונפיטורה פירות,גרמים,340.00,100 גרם,false,1,12.90,3.79,true,1,
7290107955768,false,"שוקולד פרה חלב ללת""ס100ג","שטראוס גרופ בע""\מ.",IL,"שוקולד פרה ללת""ס",גרמים,100.00,100 גרם,false,1,6.90,6.90,true,1,
7290107956710,false,מיני מילקי שרינק 70*16גר,"שטראוס גרופ בע""\מ",IL,מיני מילקי 16 יח,קילוגרמים,1.12,"ק""ג",false,1,19.90,17.77,true,1,
7290107956826,false,עוגיות שוקוצ'יפס לבן180ג,"שטראוס גרופ בע""\מ",IL,עוגיות שוקוצ'יפס,גרמים,180.00,100 גרם,false,1,7.90,4.39,true,1,
7290107956833,false,עוגיות שוקוצ'יפס חלב180ג,"שטראוס גרופ בע""\מ",IL,עוגיות שוקוצ'יפס,גרמים,180.00,100 גרם,false,1,7.90,4.39,true,1,
7290107956925,false,קפסולות אוגנדה 13 50 גרם,שטראוס קפה בי.וי.,IL,קפסולות קפה,גרמים,50.00,100 גרם,false,1,14.90,29.80,true,1,
7290107956932,false,קפסולות אינדונזיה מס12,שטראוס קפה בי.וי.,IL,קפסולות אינדונזי,גרמים,50.00,100 גרם,false,1,14.90,29.80,true,1,
7290107956963,false,מארז דנונה תות 100X12 גר,שטראוס מחלבות,IL,מארז דנונה תות,קילוגרמים,1.20,"ק""ג",false,1,17.90,14.92,true,1,
7290107958035,false,דנונה מתיקות מעודנת150*8,"שטראוס בריאות בע""\מ",IL,דנונה מעודן 8 יח,קילוגרמים,1.20,"ק""ג",false,1,17.90,14.92,true,1,
7290107958523,false,רבע לשבע מוס חלבה 100גרם,"הגביע מוצרי וופלים בע""\מ",IL,רבע לשבע מוס,גרמים,100.00,100 גרם,false,1,12.90,12.90,true,1,
7290107958639,false,מטבוחה מרוקאית חריפה400ג,"שטראוס גרופ בע""\מ",IL,מטבוחה,גרמים,400.00,100 גרם,false,1,14.90,3.73,true,1,
7290107958677,false,אצבעות שוקולד קרם חלב ו,"שטראוס גרופ בע""\מ",IL,אצבעות שוקולד,גרמים,96.00,100 גרם,false,1,6.90,7.19,true,1,
7290107959049,false,מעדן SOOM שומשום וניל125,"שטראוס גרופ בע""\מ",IL,מעדן שומשום SOOM,גרמים,125.00,100 גרם,false,1,3.90,3.12,true,1,
7290107959056,false,מעדן SOOMשומשום שוק125.ג,"שטראוס גרופ בע""\מ",IL,מעדן שומשום SOOM,גרמים,125.00,100 גרם,false,1,3.90,3.12,true,1,
7290107971522,false,חטיףFREEבוטנ+שקד+שוק140ג,"ש. שסטוביץ בע""\מ",CZ,חטיף FREE,גרמים,140.00,100 גרם,false,1,14.90,10.64,true,1,
7290107971744,false,"מי פה טוטל ירוק 500 מ""ל",קולגייט-פלמוליב,PL,מי פה קולגייט,מיליליטרים,500.00,"100 מ""ל",false,1,24.90,4.98,true,1,
7290107971751,false,"מי פה טוטל כחול 500 מ""ל",קולגייט- פלמוליב,PL,מי פה קולגייט,מיליליטרים,500.00,"100 מ""ל",false,1,24.90,4.98,true,1,
7290107972307,false,קולגייט אופטיקוייט 75מל,קולגייט פלמוליב,PL,קולגייט אופטיק,מיליליטרים,75.00,"100 מ""ל",false,1,24.90,33.20,true,1,
7290107973311,false,2מברשות קולגייט 360 פחם,קולגייט פלמוליב,CH,מברשות קולגייט,יחידה,1.00,יחידה,false,1,24.90,24.90,true,1,
7290107974301,false,ליידי ס.סטיק אלוורה ג'ל,קולגייט פלמוליב,US,ליידי ספיד סטיק,גרמים,45.00,100 גרם,false,1,17.90,39.78,true,1,
7290107975346,false,ספיד סטיק כוח הטבע-ג'ל,קולגייט-פלמוליב,US,ספיד סטיק,גרמים,65.00,100 גרם,false,1,17.90,27.54,true,1,
7290107977456,false,ג'ל רחצה פלמוליב לגבר750,,TR,ג'ל רחצה פלמוליב,מיליליטרים,750.00,"100 מ""ל",false,1,14.90,1.99,true,1,
7290107978019,false,מ.שיניים קולגייט 75*4 גר,,PL,מ.שיניים קולגייט,גרמים,300.00,100 גרם,false,1,29.90,9.97,true,1,
7290107978101,false,אופטיק וייט אקסטרה 75מל,קולגייט,PL,משחת אופטיק וייט,מיליליטרים,75.00,"100 מ""ל",false,1,24.90,33.20,true,1,
7290108192537,false,מארז 12 סוללות,,CN,מארז סוללות,יחידה,1.00,יחידה,false,1,9.90,9.90,true,1,
7290108192544,false,12 סוללותAAA מארז,,CN,12 סוללות AAA,יחידה,1.00,יחידה,false,1,9.90,9.90,true,1,
7290108192711,false,ערכת מדבקות יצירה אוספים,,CN,ערכת מדבקות,יחידה,1.00,יחידה,false,1,5.90,5.90,true,1,
7290108192810,false,דילגית חבל קפיצה לילדות,,CN,דילגית,יחידה,1.00,יחידה,false,1,6.90,6.90,true,1,
7290108193602,false,שקיות גופיה קטנות,,IL,שקיות גופיה,יחידה,1.00,יחידה,false,1,9.90,9.90,true,1,
7290108193619,false,שקיות גופיה גדולות,,IL,שקיות גופיה,יחידה,1.00,יחידה,false,1,9.90,9.90,true,1,
7290108193787,false,מדבקות ג'לי בצורות,,CN,מדבקות ג'לי בצור,יחידה,1.00,יחידה,false,1,6.90,6.90,true,1,
7290108193824,false,דבק שקוף איכותי 135 מטר,,IL,דבק שקוף,יחידה,1.00,יחידה,false,1,14.90,14.90,true,1,
7290108194173,false,דף מדבקות עם צורות,,IL,דף מדבקות עם צור,יחידה,1.00,יחידה,false,1,2.90,2.90,true,1,
7290108194616,false,צימרוני אוזניים עץ100יח,,CN,צימרוני אוזניים,יחידה,1.00,יחידה,false,1,1.20,1.20,true,1,
7290108194623,false,מקלונים מעץ 300 יח,,CN,מקלונים מעץ,יחידה,1.00,יחידה,false,1,2.90,2.90,true,1,
7290108194647,false,צימרוני אוזניים פלסטיק,,CN,צימרוני אוזניים,יחידה,1.00,יחידה,false,1,3.90,3.90,true,1,
7290108194654,false,מקלות אוזניים פלסטיק 300,,CN,מקלות אוזניים,יחידה,1.00,יחידה,false,1,5.50,5.50,true,1,
7290108194661,false,מקלוני אוזניים לתינוק 55,,CN,מקלוני אוזניים,יחידה,1.00,יחידה,false,1,5.50,5.50,true,1,
7290108194678,false,צמר גפן 100 גרם,,CN,צמר גפן 100 גרם,גרמים,100.00,100 גרם,false,1,3.90,3.90,true,1,
7290108194876,false,דבק נוזלי שקוף 3 יח,,CN,3יח דבק שקוף,יחידה,1.00,יחידה,false,1,6.90,6.90,true,1,
7290108194890,false,2 יח' דבק סטיק+דבק פלסטי,,CN,דבק סטיק\פלסטיק,יחידה,1.00,יחידה,false,1,7.90,7.90,true,1,
7290108194906,false,3יח טוש מחיק+ספוג מחיקה,,CN,טוש מחיק+ספוג,יחידה,1.00,יחידה,false,1,9.90,9.90,true,1,
7290108194913,false,דבק סלוטייפ 4 יח,,CN,דבק סלוטייפ 4 יח,יחידה,1.00,יחידה,false,1,4.90,4.90,true,1,
7290108194951,false,מעטפות בשרינק 25 יחידות,,IL,מעטפות בשרינק,יחידה,1.00,יחידה,false,1,5.50,5.50,true,1,
7290108194968,false,מעטפות מאורכות 20 יחידות,,IL,מעטפות מאורכות,יחידה,1.00,יחידה,false,1,5.50,5.50,true,1,
7290108194975,false,סט עטים  תיק תק 5 יחידות,,IL,סט עטים,יחידה,1.00,יחידה,false,1,6.90,6.90,true,1,
7290108194982,false,סט עטים תיק תק 5 יחידות,,IL,סט עטים,יחידה,1.00,יחידה,false,1,5.90,5.90,true,1,
7290108194999,false,סט עטים צבעוניים .,,IL,סט עטים צבעוניים,יחידה,1.00,יחידה,false,1,5.90,5.90,true,1,
7290108195002,false,צבעי שעווה כחול .,,CN,קופסת 12 צבעים,יחידה,1.00,יחידה,false,1,2.90,2.90,true,1,
7290108195088,false,מספרים לילדים .,,IL,מספרים לילדים,יחידה,1.00,יחידה,false,1,3.90,3.90,true,1,
7290108195095,false,מספרים גדולות .,,IL,מספרים גדולות,יחידה,1.00,יחידה,false,1,7.90,7.90,true,1,
7290108195101,false,מספרים קטנות וגדולות .,,IL,מארז מספרים קטן,יחידה,1.00,יחידה,false,1,9.90,9.90,true,1,
7290108195118,false,מספרים לילדים זיגזג,,CN,מספרים לילדים,יחידה,1.00,יחידה,false,1,3.90,3.90,true,1,
7290108195156,false,שדכן+סיכות,,CN,שדכן + סיכות,יחידה,1.00,יחידה,false,1,4.90,4.90,true,1,
7290108195194,false,מתקן סלוטייפ +סלילים .,,IL,מיני סלוטייפ+גלי,יחידה,1.00,יחידה,false,1,8.90,8.90,true,1,
7290108195200,false,מארז סימניות דגלונים 100,,IL,מארז סימניות,יחידה,1.00,יחידה,false,1,6.90,6.90,true,1,
7290108195224,false,10יח סלוטייפ צבעוני,,CN,גלילי סלוטייפ צב,יחידה,1.00,יחידה,false,1,5.90,5.90,true,1,
7290108195248,false,דבק שקוף  PVC 35 מטר,,IL,דבק שקוף PVC,יחידה,1.00,יחידה,false,1,3.90,3.90,true,1,
7290108195255,false,סט מכחולים 6 יחידות,,IL,סט מכחולים,יחידה,1.00,יחידה,false,1,3.90,3.90,true,1,
7290108195309,false,מארז עפרונות מחדד ומחק .,,IL,מארז עפרונות,יחידה,1.00,יחידה,false,1,7.90,7.90,true,1,
7290108195347,false,דפי ממו סטיק צהוב .,,IL,דפי ממו סטיק,יחידה,1.00,יחידה,false,1,2.90,2.90,true,1,
7290108195354,false,דף ממו סטיק 3 גדלים,,IL,דף ממו סטיק,יחידה,1.00,יחידה,false,1,3.90,3.90,true,1,
7290108195408,false,נרות יום הולדת .,,IL,נרות יום הולדת .,יחידה,1.00,יחידה,false,1,5.90,5.90,true,1,
7290108195439,false,נרות ומספרים כחול .,,IL,נרות מספרים כחול,יחידה,1.00,יחידה,false,1,6.90,6.90,true,1,
7290108196122,false,דבק מגע,,IL,דבק מגע,יחידה,1.00,יחידה,false,1,4.90,4.90,true,1,
7290108196146,false,מארז עטים 0.5 ג',,IL,מארז עטים 0.5 ג',יחידה,1.00,יחידה,false,1,6.90,6.90,true,1,
7290108196191,false,מארז גומיות איכו,,IL,מארז גומיות איכו,יחידה,1.00,יחידה,false,1,6.90,6.90,true,1,
7290108196207,false,מארז גומיות צבעוניות קטנ,,IL,גומיות צבעוניות,יחידה,1.00,יחידה,false,1,4.90,4.90,true,1,
7290108196214,false,גומיות צבעוניות,,IL,גומיות צבעוניות,יחידה,1.00,יחידה,false,1,4.90,4.90,true,1,
7290108196221,false,מגנטים צבעונים,,IL,מגנטים צבעונים,יחידה,1.00,יחידה,false,1,4.90,4.90,true,1,
7290108196283,false,קליפסים צבעוניים,,,קליפסים צבעוניים,יחידה,1.00,יחידה,false,1,4.90,4.90,true,1,
7290108196290,false,סרטי מדידה צבעונ,,IL,סרטי מדידה צבעונ,יחידה,1.00,יחידה,false,1,4.90,4.90,true,1,
7290108196306,false,מארז מרקרים מעוד,,IL,מארז מרקרים מעוד,יחידה,1.00,יחידה,false,1,6.90,6.90,true,1,
7290108196313,false,גומי לבן לקפיצה,,IL,גומי לבן לקפיצה,יחידה,1.00,יחידה,false,1,7.90,7.90,true,1,
7290108196412,false,דפי ממו צבעוניים 250 יח',,IL,דפי ממו,יחידה,1.00,יחידה,false,1,3.50,3.50,true,1,
7290108196436,false,עפרון שפיצים+חב' עופרת 3,,IL,עפרון שפיצים,יחידה,1.00,יחידה,false,1,7.90,7.90,true,1,
7290108196474,false,מארז 3 דבק סטיק קטן,,IL,מארז דבק סטיק,יחידה,1.00,יחידה,false,1,4.90,4.90,true,1,
7290108196566,false,מארז מגנטים צבעוניים 12,,IL,מארז מגנטים צבעו,יחידה,1.00,יחידה,false,1,4.90,4.90,true,1,
7290108196627,false,מארז עטי ג'ל נוצ,,IL,מארז עטי ג'ל נוצ,יחידה,1.00,יחידה,false,1,5.90,5.90,true,1,
7290108196634,false,מארז 8 עטי ג'ל נוצצים,,IL,מארז 8 עטי ג'ל נ,יחידה,1.00,יחידה,false,1,7.90,7.90,true,1,
7290108196665,false,3 אריזות עופרת ל,,IL,3 אריזות עופרת ל,יחידה,1.00,יחידה,false,1,4.90,4.90,true,1,
7290108196924,false,סכין יפני מברזל,,IL,סכין יפני מברזל,יחידה,1.00,יחידה,false,1,3.90,3.90,true,1,
7290108197129,false,כוהל 95,,IL,כוהל 95,מיליליטרים,500.00,"100 מ""ל",false,1,79.90,15.98,true,1,
7290108197136,false,מארז גלילי סלוטייפ שקוף,,IL,רביעייה סלוטייפ,יחידה,1.00,יחידה,false,1,3.90,3.90,true,1,
7290108197204,false,מארז 50 בלונים איכותיים,,,מארז בלונים איכו,יחידה,1.00,יחידה,false,1,9.90,9.90,true,1,
7290108197211,false,מארז 100 בלונים איכותיים,,,מארז בלונים איכו,יחידה,1.00,יחידה,false,1,11.90,11.90,true,1,
7290108197440,false,מארז 24בלונים עם איחולים,,,מארז בלונים עם א,יחידה,1.00,יחידה,false,1,9.90,9.90,true,1,
7290108197457,false,מארז 12בלונים עם איחולים,,,מארז בלונים עם א,יחידה,1.00,יחידה,false,1,6.90,6.90,true,1,
7290108197884,false,מנג'טים צבעוניים מספר 2,"השלושה טריימארט בע""מ",CN,מנג'טים צבעוניים,יחידה,1.00,יחידה,false,1,4.50,4.50,true,1,
7290108197891,false,מנגטים צבעוניים מס 3,"השלושה טריימארט בע""מ",CN,מנג'טים צבעוני,יחידה,1.00,יחידה,false,1,4.50,4.50,true,1,
7290108197907,false,מנג'טים צבעוניים מס 4,"השלושה טריימארט בע""מ",CN,מנג'טים צבעוניים,יחידה,1.00,יחידה,false,1,5.90,5.90,true,1,
7290108197914,false,מנג'טים צבעוניים מידה 5,"השלושה טריימארט בע""מ",CN,מנג'טים מידה 5,יחידה,1.00,יחידה,false,1,5.90,5.90,true,1,
7290108198935,false,פדים להסרת איפור 80*2יח,,CN,פדים להסרת איפור,יחידה,1.00,יחידה,false,1,11.90,11.90,true,1,
7290108201857,false,גולד אבקה 1.35 קג + 20%,רקיט בנקיזר,IT,גולד אבקה + 20%,קילוגרמים,1.62,"ק""ג",false,1,29.90,18.46,true,1,
7290108277036,false,מנג'טים צבעוניים מס' 2,,CN,מנג'טים צבעוניים,יחידה,1.00,יחידה,false,1,4.50,4.50,true,1,
7290108277043,false,מנג'טים צבעוניים מס' 3,,CN,מנג'טים צבעוניים,יחידה,1.00,יחידה,false,1,4.50,4.50,true,1,
7290108277050,false,מנג'טים צבעוניים מס' 4,,CN,מנג'טים צבעוניים,יחידה,1.00,יחידה,false,1,5.90,5.90,true,1,
7290108350531,false,ספארק לכלים קלאסי+משאבה,סנו מפעלי ברונוס בעמ,IL,ספארק לכלים,ליטרים,1.00,ליטר,false,1,9.90,9.90,true,1,
7290108350555,false,ספארק לעור רגיש+משאבה 1ל,סנו,IL,ספארק לכלים,ליטרים,1.00,ליטר,false,1,9.90,9.90,true,1,
7290108350616,false,מרכך מקסימה בלו 1 ליטר,"סנו מפעלי ברונוס בע""\מ",IL,מרכך מקסימה,ליטרים,1.00,ליטר,false,1,14.90,14.90,true,1,
7290108350623,false,מרכך מקסימה סופט סילק1ל,"סנו מפעלי ברונוס בע""\מ",IL,מרכך מקסימה,ליטרים,1.00,ליטר,false,1,14.90,14.90,true,1,
7290108350739,false,מ.שיניים סוכריות ג'לי70ג,טרופיקל דגיל תעשיות קוסמ,IL,משחה אורביטול,גרמים,70.00,100 גרם,false,1,6.90,9.86,true,1,
7290108351118,false,K4000 קוטל זבובים/יתושים,סנו מפעלי ברונוס בעמ,IL,קוטל זבוב/יתוש,מיליליטרים,750.00,"100 מ""ל",false,1,28.90,3.85,true,1,
7290108351149,false,סנו ג'ט בתוספת סודה 1.5ל,"סנו מפעלי ברונוס בע""\מ",IL,סנו ג'ט פלוס,מיליליטרים,1500.00,"100 מ""ל",false,1,9.90,0.66,true,1,
7290108351156,false,סנו ג'ט רצפות חומץ 1.5ל,"סנו מפעלי ברונוס בע""\מ",IL,סנו ג'ט פלוס,ליטרים,1.50,ליטר,false,1,9.90,6.60,true,1,
7290108351491,false,אוקסיג'ן אבקה 720 גרם,סנו,IL,אוקסיג'ן אבקה,גרמים,720.00,100 גרם,false,1,18.90,2.63,true,1,
7290108351507,false,מרכך כביסה סופט סליק 4 ל,סנו,IL,מרכך מקסימה,ליטרים,4.00,ליטר,false,1,19.80,4.95,true,1,
7290108351514,false,מרכך כביסה פריחה כחולה4ל,סנו,IL,מרכך מקסימה,ליטרים,4.00,ליטר,false,1,19.80,4.95,true,1,
7290108351538,false,מבשם אוויר בלו בלוסום200,סנו מפעלי ברונוס בעמn,IL,מבשם אוויר לבית,מיליליטרים,200.00,"100 מ""ל",false,1,9.90,4.95,true,1,
7290108351545,false,מבשם אוויר סופט סילק200מ,סנו מפעלי ברונוס בעמn,IL,מבשם אוויר סילק,מיליליטרים,200.00,"100 מ""ל",false,1,9.90,4.95,true,1,
7290108351552,false,סנו ג'ט בתוספת חומץ750מל,"סנו מפעלי ברונוס בע""\מ",IL,סנו ג'ט עם חומץ,מיליליטרים,750.00,"100 מ""ל",false,1,9.90,1.32,true,1,
7290108351569,false,מקסימה למייבש בייבי750מל,"סנו מפעלי ברונוס בע""\מ",IL,מקסימה למייבש,מיליליטרים,750.00,"100 מ""ל",false,1,14.90,1.99,true,1,
7290108351583,false,סנו ג'ט מנקה אסלות 750מל,סנו מפעלי ברונו בעמ,IL,סנו ג'ט לאסלות,מיליליטרים,750.00,"100 מ""ל",false,1,9.90,1.32,true,1,
7290108351590,false,"סנופרש הום בלוסם 350 מ""ל",,IL,סנופרש בלוסם,מיליליטרים,350.00,"100 מ""ל",false,1,9.90,2.83,true,1,
7290108351606,false,סנופרש הום סופט סילק 350,סנו מפעלי ברונוס בעמ,IL,סנופרש הום,מיליליטרים,350.00,"100 מ""ל",false,1,9.90,2.83,true,1,
7290108351613,false,ריצפז פרש הום בית מלון2ל,"סנו מפעלי ברונוס בע""\מ",IL,ריצפז פרש הום,ליטרים,2.00,ליטר,false,1,17.90,8.95,true,1,
7290108351637,false,"א.כ.מקסימה סמארט 5 ק""ג",סנו,IL,אבקת כביסה,קילוגרמים,5.00,"ק""ג",false,1,44.90,8.98,true,1,
7290108351675,false,מקסימה ג'ל מיקס&ווש 5 ל',סנו מפעלי ברונוס בעמ,IL,מקסימה ג'ל,ליטרים,5.00,ליטר,false,1,34.90,6.98,true,1,
7290108351682,false,מקסימה ג'ל ביו 5 ליטר,סנו,IL,מקסימה ג'ל,ליטרים,5.00,ליטר,false,1,34.90,6.98,true,1,
7290108351699,false,סנו ג'ט מטליות ניקוי50*3,סנו,IL,סנו ג'ט מטליות3*,יחידה,1.00,יחידה,false,1,21.90,21.90,true,1,
7290108351804,false,מרכך כביסה ג'נטל בריז 1ל,סנו מפעלי ברונוס בעמ,IL,מרכך מקסימה,ליטרים,1.00,ליטר,false,1,14.90,14.90,true,1,
7290108351811,false,מרכך כביסה פלורל טאצ1ל,סנו מפעלי ברונוס בעמ,IL,מרכך מקסימה,ליטרים,1.00,ליטר,false,1,14.90,14.90,true,1,
7290108351835,false,מרכך כביסה פלורל טאץ' 4ל,סנו מפעלי ברונוס בעמ,IL,מרכך מקסימה,ליטרים,4.00,ליטר,false,1,19.80,4.95,true,1,
7290108351903,false,אורביטול שטיפת פה 20*12,קוסמופארם בע'\'\מ,IL,אורביטול שטיפה,מיליליטרים,240.00,"100 מ""ל",false,1,18.90,7.88,true,1,
7290108351941,false,רינגס סב.אסלה-יערות40*3ג,SWARZEDZ DRAMERSSA,PL,סבון אסלה 3 יח,גרמים,120.00,100 גרם,false,1,12.90,10.75,true,1,
7290108351958,false,רינגס סב.אסלה-אוקיינוס3י,סנו מפעלי ברונוס בעמ,PL,סבון אסלה 3 יח,גרמים,120.00,100 גרם,false,1,12.90,10.75,true,1,
7290108351965,false,ג'ט סבון לאסלה 3 * 55 גר,סנו מפעלי ברונוס בעמ,IL,ג'ט סבון אסלה3יח,גרמים,165.00,100 גרם,false,1,9.90,6.00,true,1,
7290108351989,false,מבשם לבית מלון מפנק200מל,סנו מפעלי ברונוס בעמ,IL,מבשם אוויר לבית,מיליליטרים,200.00,"100 מ""ל",false,1,9.90,4.95,true,1,
7290108351996,false,מתז בייבי 99% חיטוי 750מ,"סנו מפעלי ברונוס בע""\מ",IL,מתז בייבי מחטא,מיליליטרים,750.00,"100 מ""ל",false,1,14.90,1.99,true,1,
7290108352078,false,אורביטול שטיפה פרוטקט500,קוסמופארם בע'\'\מ,IL,אורביטול שטיפה,מיליליטרים,500.00,"100 מ""ל",false,1,17.90,3.58,true,1,
7290108352085,false,אורביטול שטיפת פה פרש500,קוסמופארם בע'\'\מ,IL,אורביטול שטיפה,מיליליטרים,500.00,"100 מ""ל",false,1,18.90,3.78,true,1,
7290108352092,false,מש.אורביטול פרוטקטיב145ג,טרופיקל דגיל תעשיות קוסמ,IL,משחת אורביטול,גרמים,145.00,100 גרם,false,1,16.90,11.66,true,1,
7290108352108,false,משחת אורביטול פרש 145 גר,טרופיקל דגיל תעשיות קוסמ,IL,משחת אורביטול,גרמים,145.00,100 גרם,false,1,13.90,9.59,true,1,
7290108352146,false,סנובון נוזלי מגנוליה750,סנו מפעלי ברונוס בעמ,IL,סנובון נוזלי,מיליליטרים,750.00,"100 מ""ל",false,1,9.90,1.32,true,1,
7290108352153,false,סנובון נוזלי לוטוס750מל,סנו מפעלי ברונוס בעמ,IL,סנובון נוזלי,מיליליטרים,750.00,"100 מ""ל",false,1,9.90,1.32,true,1,
7290108352207,false,מקסימה קפסולות פלורל40יח,"גליל כימיקלים, א.ת. צפונ",IL,מקסימה קפסולות,יחידה,1.00,יחידה,false,1,29.90,29.90,true,1,
7290108352214,false,מקסימה קפסולות פרש 40יח,סנו,IL,קפסולות לכביסה,יחידה,1.00,יחידה,false,1,29.90,29.90,true,1,
7290108352221,false,סנופרש הום מלון מפנק 350,סנו מפעלי ברונוס בעמ,IL,סנו פרש הום,מיליליטרים,350.00,"100 מ""ל",false,1,9.90,2.83,true,1,
7290108352252,false,ספארק ללא צבע+משאבה1ל,"סנו מפעלי ברונוס בע""\מ",IL,ספארק נוזל כלים,ליטרים,1.00,ליטר,false,1,9.90,9.90,true,1,
7290108352269,false,מטליות לחיטוי דלי 400 יח,סנו,IL,מטליות לחיטוי,יחידה,1.00,יחידה,false,1,27.90,27.90,true,1,
7290108352276,false,מטליות לחיטוי רצפות 10יח,"סנו מפעלי ברונס בע""\מ",IL,מטליות לרצפה,יחידה,1.00,יחידה,false,1,14.90,14.90,true,1,
7290108352283,false,נוזל חיטוי+ניקוי רצפות2ל,"סנו מפעלי ברונוס בע""\מ",IL,נוזל לחיטוי רצפה,ליטרים,2.00,ליטר,false,1,18.90,9.45,true,1,
7290108352320,false,פרש הום מלון בוטיק 350מ,סנו מפעלי ברונוס בעמ,IL,סנופרש הום,מיליליטרים,350.00,"100 מ""ל",false,1,9.90,2.83,true,1,
7290108352337,false,סנן  פרש מילוי 250מל,סנו מפעלי ברונוס בעמ,IL,סנו פרש מילוי,מיליליטרים,250.00,"100 מ""ל",false,1,11.90,4.76,true,1,
7290108352344,false,סנו פרש מילוי 250מל,סנו מפעלי ברונוס בעמ,IL,סנו פרש מילוי,מיליליטרים,250.00,"100 מ""ל",false,1,11.90,4.76,true,1,
7290108352405,false,מבשם לבית ולטקסטיל 300 מ,סנו מפעלי ברונוס בעמ,IL,מבשם לבית,מיליליטרים,300.00,"100 מ""ל",false,1,12.50,4.17,true,1,
7290108352412,false,מבשם לבית ולטקסטיל 300 מ,סנו מפעלי ברונוס בעמ,IL,מבשם לבית,מיליליטרים,300.00,"100 מ""ל",false,1,12.50,4.17,true,1,
7290108352429,false,מבשם לבית ולטקסטיל 300 מ,סנו מפעלי ברונוס בעמ,IL,מבשם  לבית,מיליליטרים,300.00,"100 מ""ל",false,1,12.50,4.17,true,1,
7290108352443,false,סנובון מוצק לוטוס/סחלב 3,סנו מפעלי ברונוס בעמ,IL,סנובון מוצק,גרמים,165.00,100 גרם,false,1,14.90,9.03,true,1,
7290108352450,false,ריצפז פרש הום ריח מרכך2ל,סנו מפעלי ברונוס בעמ,IL,ריצפז פרש הום,ליטרים,2.00,ליטר,false,1,17.90,8.95,true,1,
7290108352474,false,סנומוד ליידי קוקו 150מל,"סנו מפעלי ברונוס בע""\מ",IL,סנומוד ליידי קוק,מיליליטרים,150.00,"100 מ""ל",false,1,9.90,6.60,true,1,
7290108352481,false,סנומוד נרסיסוס 150מל,"סנו מפעלי ברונוס בע""\מ",IL,סנומוד נרסיסוס,מיליליטרים,150.00,"100 מ""ל",false,1,9.90,6.60,true,1,
7290108352498,false,סנו פרש ניחוח מלון,"יצרן מכשיר: זובלה,  יצרן",CN,סנו פרש אוטמטי,מיליליטרים,250.00,"100 מ""ל",false,1,34.90,13.96,true,1,
7290108352511,false,מנקה מכ.כביסה מקסימה500מ,"סנו מפעלי ברונוס בע""\מ",IL,מנקה מכונת כביסה,מיליליטרים,500.00,"100 מ""ל",false,1,11.90,2.38,true,1,
7290108352641,false,מטלית הפלא 3 יחידות,,CN,מטליות הפלא 3 יח,יחידה,1.00,יחידה,false,1,14.90,14.90,true,1,
7290108352672,false,מטליות לרצפה סנו סושי2יח,,CN,מטליות לרצפה 2יח,יחידה,1.00,יחידה,false,1,18.90,18.90,true,1,
7290108352788,false,שקיות מזון L זיפר 20 יח',פיין ונטג,CN,שקיות מזון זיפר,יחידה,1.00,יחידה,false,1,9.90,9.90,true,1,
7290108352795,false,שקיות מזון M זיפר 50 יח',פיין ונטג,CN,שקיות מזון זיפר,יחידה,1.00,יחידה,false,1,9.90,9.90,true,1,
7290108352818,false,מטלית במבוק לניקוי,צ'\נצ'\גן גולי מוצרי צרי,CN,מטלית במבוק,יחידה,1.00,יחידה,false,1,7.90,7.90,true,1,
7290108352825,false,ספוג הפלא לנירוסטה 3יח,ltdn s.k.a.tסנו מפעלי בר,CN,ספוג הפלא נירוסט,יחידה,1.00,יחידה,false,1,9.90,9.90,true,1,
7290108352863,false,20שקיות צלייה סנו סושי L,סנו מפעלי ברונוס בעמ . ח,TR,שקיות צלייה,יחידה,1.00,יחידה,false,1,8.90,8.90,true,1,
7290108353068,false,2כרית קרצוף סיבי נירוסטה,פושן קלינינג,CN,כריות קרצוף 2 יח,יחידה,1.00,יחידה,false,1,9.90,9.90,true,1,
7290108353075,false,מפיות אירוח איכותיות 50,האנק טישו,PL,מפיות אירוח איכו,יחידה,1.00,יחידה,false,1,9.90,9.90,true,1,
7290108353334,false,כיף שמפו למניעת קשקש700מ,קוסמופארם,IL,כיף שמפו,מיליליטרים,700.00,"100 מ""ל",false,1,9.90,1.41,true,1,
7290108353341,false,כיף מרכך למניעת קשקש700מ,קוסמופארם בעמ,IL,כיף מרכך שיער,מיליליטרים,700.00,"100 מ""ל",false,1,9.90,1.41,true,1,
7290108353402,false,2מברשות אורביטולcharcoal,קוסמופארם,CN,מברשות שיניים,יחידה,1.00,יחידה,false,1,18.90,18.90,true,1,
7290108353419,false,2מברשות אורביטו whiteing,קוסמופארם,CN,מברשות שיניים,יחידה,1.00,יחידה,false,1,18.90,18.90,true,1,
7290108353433,false,שטיפת פה פרוטקט&פרש 500מ,"קוסמופארם בע""\מ",IL,שטיפת פה פרוטקט,מיליליטרים,500.00,"100 מ""ל",false,1,19.90,3.98,true,1,
7290108353440,false,2 מב.שיניים 12000 סיבים,Plastic Z.H.T,CN,מברשות שיניים2יח,יחידה,1.00,יחידה,false,1,29.90,29.90,true,1,
7290108353471,false,דיזיין סבון אסלה-ספא 55ג,סנו מפעלי ברונוס בעמ,IL,סבון אסלה דיזיין,גרמים,55.00,100 גרם,false,1,6.90,12.55,true,1,
7290108353488,false,דיזיין סבון אסלה-מרכך55ג,סנו מפעלי ברונוס בעמ,IL,סבון אסלה דיזיין,גרמים,55.00,100 גרם,false,1,6.90,12.55,true,1,
7290108353549,false,דפי נייר אפייה 100יח' 38,"טופ פלסט 2002 בע""\מ",IL,סנו סושי נייר,יחידה,1.00,יחידה,false,1,19.90,19.90,true,1,
7290108353648,false,שקיות אוכל מנייר 70 יחיד,איי טיי אריזות טורקיה,TR,שקיות אוכל מנייר,יחידה,1.00,יחידה,false,1,8.90,8.90,true,1,
7290108353778,false,תחליב רח.פינטגו750מ,קוסמופארם בע'\'\מ,IL,תחליב רח.פינטגו,מיליליטרים,750.00,"100 מ""ל",false,1,9.90,1.32,true,1,
7290108353785,false,תחליב רח.נקה7טונקה750מ,קוסמופארם בע'\'\מ,IL,תחליב רחצה,מיליליטרים,750.00,"100 מ""ל",false,1,9.90,1.32,true,1,
7290108353792,false,נקה 7 תחליב רחצה יפן 750,קוסמופארם בע'\'\מ,IL,תחליב רחצה בניחו,מיליליטרים,750.00,"100 מ""ל",false,1,9.90,1.32,true,1,
7290108353808,false,"תחליב רחצה מדגסקר750מ""ל",קוסמופארם בע'\'\מ,IL,תחליב רחצה בניחו,מיליליטרים,750.00,"100 מ""ל",false,1,9.90,1.32,true,1,
7290108354034,false,סבון ידיים קרמה שיאה300מ,"קוסמופארם בע""\מ",IL,סבון ידיים קרמה,מיליליטרים,300.00,"100 מ""ל",false,1,8.90,2.97,true,1,
7290108354140,false,קרליין20 מגבוני דאו.ורוד,עלבד,IL,מגבוני דאודורנט,יחידה,1.00,יחידה,false,1,9.90,9.90,true,1,
7290108354157,false,קרליין 20מגבוני דאו.כתום,עלבד,IL,מגבוני דאודורנט,יחידה,1.00,יחידה,false,1,9.90,9.90,true,1,
7290108354355,false,סנו מדיק מגבונים היגייני,דן - מור חומרי טבע וכימי,IL,סנו מדיק מגבונים,יחידה,1.00,יחידה,false,1,9.90,9.90,true,1,
7290108354362,false,אל סבון סנו מדיק 500מל,קוסמופארם בעמ,IL,אל סבון היגייני,מיליליטרים,500.00,"100 מ""ל",false,1,8.90,1.78,true,1,
7290108354430,false,שמפו שמן קוקוס קרטין700מ,קוסמופארם בעמ,IL,שמפו כיף,מיליליטרים,700.00,"100 מ""ל",false,1,9.90,1.41,true,1,
7290108354447,false,מרכך שמן קוקוס קרטין700מ,קוסמופארם בעמ,IL,מרכך שיער כיף,מיליליטרים,700.00,"100 מ""ל",false,1,9.90,1.41,true,1,
7290108354751,false,סנו ג'ט בתוספת סודה750מל,"סנו מפעלי ברונוס בע""\מ",IL,סנו ג'ט עם סודה,מיליליטרים,750.00,"100 מ""ל",false,1,9.90,1.32,true,1,
7290108354799,false,שמן גוף ורד ווניל 150 מל,פאר פארם בעמ,IL,שמן גוף קרמה,מיליליטרים,150.00,"100 מ""ל",false,1,18.90,12.60,true,1,
7290108354805,false,שמן גוף נרולי+מגנוליה150,פאר פארם בעמ,IL,שמן גוף קרמה,מיליליטרים,150.00,"100 מ""ל",false,1,18.90,12.60,true,1,
7290108354829,false,קרם יד.ורד ווניל קרמה100,,IL,קרמה קרם ידיים,מיליליטרים,100.00,"100 מ""ל",false,1,6.90,6.90,true,1,
7290108354836,false,קר.יד.מרוכז בישום עדין50,,IL,קרם ידיים מרוכז,מיליליטרים,50.00,"100 מ""ל",false,1,14.90,29.80,true,1,
7290108354973,false,סב.ידיים קרמה ורד 300מל,"קוסמופארם בע""\מ",IL,סבון ידיים קרמה,מיליליטרים,300.00,"100 מ""ל",false,1,8.90,2.97,true,1,
7290108354980,false,קרם יד.מרוכז לל.בישום50מ,,IL,קרם ידיים מרוכז,מיליליטרים,50.00,"100 מ""ל",false,1,14.90,29.80,true,1,
7290108355000,false,שמפו נקה 7 מיניונים 750,אמיליה קוסמטיקס,IL,שמפו נקה7,מיליליטרים,750.00,"100 מ""ל",false,1,9.90,1.32,true,1,
7290108355017,false,מרכך נקה 7 מיניונים750מ,קוסמופארם בעמ,IL,מרכך שיער נקה 7,מיליליטרים,750.00,"100 מ""ל",false,1,9.90,1.32,true,1,
7290108355024,false,שמפו+מרכך נקה7מיניוני750,קוסמופארם בע'\'\מ,IL,שמפו +מרכך נקה7,מיליליטרים,750.00,"100 מ""ל",false,1,9.90,1.32,true,1,
7290108355031,false,אל סבון נקה7 מיניונים750,קוסמופארם בע'\'\מ,IL,אל סבון נקה7,מיליליטרים,750.00,"100 מ""ל",false,1,9.90,1.32,true,1,
7290108355116,false,בייבי כיף לפני שינה750מל,קוסמופארם,IL,בייבי כיף אלסבון,מיליליטרים,750.00,"100 מ""ל",false,1,17.90,2.39,true,1,
7290108355130,false,בייבי כיף שמן לפ.שינה500,קוסמופארם,IL,בייבי כיף שמן,מיליליטרים,500.00,"100 מ""ל",false,1,24.90,4.98,true,1,
7290108355147,false,תחליב רחצה שמני הזנה 750,טרופיקל דגיל תעשיות קוסמ,IL,תחליב רחצה נקה 7,מיליליטרים,750.00,"100 מ""ל",false,1,9.90,1.32,true,1,
7290108355154,false,שמפו נקה 7 שמני הזנה 750,קוסמופארם בעמ,IL,שמפו נקה 7,מיליליטרים,750.00,"100 מ""ל",false,1,8.90,1.19,true,1,
7290108355161,false,מרכך נקה 7 שמני הזנה 750,קוסמופארם בעמ,IL,מרכך נקה 7,מיליליטרים,750.00,"100 מ""ל",false,1,8.90,1.19,true,1,
7290108355253,false,נקה -7ג'ל רחצה לגבר 750,קוסמופארם,IL,נקה -7ג'ל רחצה,מיליליטרים,750.00,"100 מ""ל",false,1,8.90,1.19,true,1,
7290108355260,false,נקה7שמפו+גל רחצה+סבון750,קוסמופארם,IL,נקה7 שמפו/לרחצה,מיליליטרים,750.00,"100 מ""ל",false,1,8.90,1.19,true,1,
7290108355277,false,נקה 7שמפו/מרכך 2ב1- 750,קוסמופארם,IL,נקה 7 2ב1-,מיליליטרים,750.00,"100 מ""ל",false,1,8.90,1.19,true,1,
7290108355802,false,תח.רחצה קרמה ורד וניל700,קוסמופארם בעמ,IL,תחליב רחצה קרמה,מיליליטרים,700.00,"100 מ""ל",false,1,14.90,2.13,true,1,
7290108356007,false,כיף תחליב רחצה מרשמלו700,קוסמופארם,IL,כיף תחליב רחצה,מיליליטרים,700.00,"100 מ""ל",false,1,12.90,1.84,true,1,
7290108356021,false,כיף תחליב רחצה עוגיות700,קוסמופארם,IL,כיף תחליב רחצה,מיליליטרים,700.00,"100 מ""ל",false,1,12.90,1.84,true,1,
7290108356045,false,כיף תחליב רחצה גלידה 700,קוסמופארם,IL,כיף תחליב רחצה,מיליליטרים,700.00,"100 מ""ל",false,1,12.90,1.84,true,1,
7290108356052,false,כיף תחליב רחצה מנטה 700מ,קוסמופארם,IL,כיף תחליב רחצה,מיליליטרים,700.00,"100 מ""ל",false,1,12.90,1.84,true,1,
7290108356069,false,כיף תחליב רחצה מרנג700מ,קוסמופארם,IL,כיך תחליב רחצה,מיליליטרים,700.00,"100 מ""ל",false,1,12.90,1.84,true,1,
7290108356076,false,כיף תחליב רחצה קרמל 700מ,קוסמופארם,IL,כיף תחליב רחצה,מיליליטרים,700.00,"100 מ""ל",false,1,12.90,1.84,true,1,
7290108356083,false,כיף תחליב רחצה סורבה700,קוסמופארם,IL,כיף תחליב רחצה,מיליליטרים,700.00,"100 מ""ל",false,1,12.90,1.84,true,1,
7290108356090,false,תרחיץ לשטיפה אינטימ220מל,קוסמופארם בעמ,IL,תרחיץ שטיפה קרמה,מיליליטרים,220.00,"100 מ""ל",false,1,19.90,9.05,true,1,
7290108356106,false,כיף תחליב רחצה שקדים700מ,קוסמופארם,IL,כיף תחליב רחצה,מיליליטרים,700.00,"100 מ""ל",false,1,9.90,1.41,true,1,
7290108356113,false,כיף תחליב רח.חלב ודבש700,קוסמופארם,IL,כיף תחליב רחצה,מיליליטרים,700.00,"100 מ""ל",false,1,9.90,1.41,true,1,
7290108356120,false,כיף תחליב רחצה קוקוס700,קוסמופארם,IL,כיף תחליב רחצה,מיליליטרים,700.00,"100 מ""ל",false,1,9.90,1.41,true,1,
7290108356137,false,כיף תחליב רחצה לבנדר700מ,קוסמופארם,IL,כיף תחליב רחצה,מיליליטרים,700.00,"100 מ""ל",false,1,9.90,1.41,true,1,
7290108356151,false,כיף תחליב רחצה מאסק700מ,קוסמופארם,IL,כיף תחליב רחצה,מיליליטרים,700.00,"100 מ""ל",false,1,9.90,1.41,true,1,
7290108356168,false,כיף תחליב רח.אוקיינוס700,קוסמופארם,IL,כיף תחליב רחצה,מיליליטרים,700.00,"100 מ""ל",false,1,9.90,1.41,true,1,
7290108356175,false,אל סבון כיף אבטיח 1 ליטר,קוסמופארם בע'\'\מ,IL,אל סבון כיף,ליטרים,1.00,ליטר,false,1,9.90,9.90,true,1,
7290108356182,false,אל סבון כיף תאנה 1 ליטר,קוסמופארם בע'\'\מ,IL,אל סבון כיף,ליטרים,1.00,ליטר,false,1,9.90,9.90,true,1,
7290108356199,false,אל סבון כיף אפרסק 1 ליטר,קוסמופארם בע'\'\מ,IL,אל סבון כיף,ליטרים,1.00,ליטר,false,1,9.90,9.90,true,1,
7290108356229,false,"ג'ל גילוח מטהר,קרבון 200",אביאפ,TR,ג'ל גילוח מטהר,מיליליטרים,200.00,"100 מ""ל",false,1,12.90,6.45,true,1,
7290108357004,false,כיף שמפו מועשר בשמן 700מ,"קוסמופארם בע""\מ",IL,שמפו כיף,מיליליטרים,700.00,"100 מ""ל",false,1,9.90,1.41,true,1,
7290108357011,false,כיף מרכך מועשר בשמן700מל,"קוסמופארם בע""\מ",IL,מרכך שיער כיף,מיליליטרים,700.00,"100 מ""ל",false,1,9.90,1.41,true,1,
7290108357028,false,כיף תחליב רחצה+שמן700מל,קוסמופארם בעמ,IL,כיף תחליב רחצה,מיליליטרים,700.00,"100 מ""ל",false,1,9.90,1.41,true,1,
7290108357189,false,"מקסימה למייבש  750מ""ל","סנו מפעלי ברונוס בע""\מ",IL,מקסימה למייבש,מיליליטרים,750.00,"100 מ""ל",false,1,14.90,1.99,true,1,
7290108357202,false,סנו קליר בלוסום 1ל,"סנו מפעלי ברונוס בע""\מ",IL,סנו קליר,ליטרים,1.00,ליטר,false,1,8.90,8.90,true,1,
7290108357394,false,תחליב רח.קרמה חלב ודב700,קוסמופארם בע'\'\מ,IL,תחליב רחצה קרמה,מיליליטרים,700.00,"100 מ""ל",false,1,14.90,2.13,true,1,
7290108357400,false,תח.רחצה קרמה לבנדר700מ,קוסמופארם בעמ,IL,תחליב רחצה קרמה,מיליליטרים,700.00,"100 מ""ל",false,1,14.90,2.13,true,1,
7290108357417,false,קרמה ק.גוף ורד וניל500מל,קוסמופארם בע'\'\מ,IL,קרם גוף ורד ווני,מיליליטרים,500.00,"100 מ""ל",false,1,19.90,3.98,true,1,
7290108357431,false,קרמה קרם גוף בריזת ים500,קוסמופארם בע'\'\מ,IL,קרם גוף בריזת ים,מיליליטרים,500.00,"100 מ""ל",false,1,19.90,3.98,true,1,
7290108357448,false,קרמה קרם גוף לבנדר500,קוסמופארם בע'\'\מ,IL,קרם גוף לבנדר,מיליליטרים,500.00,"100 מ""ל",false,1,19.90,3.98,true,1,
7290108357509,false,קרם גוף וניל ופלפל 500מל,קוסמופארם בע'\'\מ,IL,קרם גוף קרמה,מיליליטרים,500.00,"100 מ""ל",false,1,19.90,3.98,true,1,
7290108357707,false,כיף שמפו לשיער רגיל 700מ,קוסמופארם,IL,כיף שמפו,מיליליטרים,700.00,"100 מ""ל",false,1,9.90,1.41,true,1,
7290108357714,false,כיף שמפו לשיער יבש700מ,קוסמופארם,IL,כיף שמפו,מיליליטרים,700.00,"100 מ""ל",false,1,9.90,1.41,true,1,
7290108357721,false,כיף שמפו לשיער דק 700מל,קוסמופארם,IL,כיף שמפו,מיליליטרים,700.00,"100 מ""ל",false,1,9.90,1.41,true,1,
7290108357745,false,"כיף 2ב1 שמפו ומרכך 700מ""",קוסמופארם,IL,כיף 2in1 שמפו,מיליליטרים,700.00,"100 מ""ל",false,1,9.90,1.41,true,1,
7290108357752,false,כיף שמפו לשיער מעוצב 700,קוסמופארם,IL,כיף שמפו,מיליליטרים,700.00,"100 מ""ל",false,1,9.90,1.41,true,1,
7290108357769,false,כיף מרכך לשיער רגיל700מל,קוסמופארם,IL,כיף מרכך שיער,מיליליטרים,700.00,"100 מ""ל",false,1,9.90,1.41,true,1,
7290108357776,false,כיף מרכך לשיער יבש 700מל,קוסמופארם,IL,כיף מרכך שיער,מיליליטרים,700.00,"100 מ""ל",false,1,9.90,1.41,true,1,
7290108357783,false,"כיף מרכך לשיער דק 700מ""ל",קוסמופארם בעמ,IL,כיף מרכך שיער,מיליליטרים,700.00,"100 מ""ל",false,1,9.90,1.41,true,1,
7290108357806,false,כיף מרכך לשיער מעוצב 700,קוסמופארם,IL,כיף מרכך שיער,מיליליטרים,700.00,"100 מ""ל",false,1,9.90,1.41,true,1,
7290108359060,false,סנו סושי - כריות ניקוי ל,סנו מפעלי ברונו בעמ,IL,כריות ניקוי לשבת,יחידה,1.00,יחידה,false,1,9.90,9.90,true,1,
7290108359855,false,בייבי כיף שמפו אלדמע750מ,קוסמופארם,IL,שמפו בייבי כיף,מיליליטרים,750.00,"100 מ""ל",false,1,17.90,2.39,true,1,
7290108359879,false,בייבי כיף אל סבון 750מ,קוסמופארם,IL,בייבי כיף אלסבון,מיליליטרים,750.00,"100 מ""ל",false,1,17.90,2.39,true,1,
7290108359961,false,אורביטול פרוטקט 145*3ג,טרופיקל דגיל תעשיות קוסמ,IL,משחת אורביטול3יח,גרמים,435.00,100 גרם,false,1,19.90,4.57,true,1,
7290108359978,false,מש.אורביטול ריח פה145*3מ,טרופיקל דגיל תעשיות קוסמ,IL,משחת אורביטול3יח,גרמים,435.00,100 גרם,false,1,19.90,4.57,true,1,
7290108501346,false,גב.גאודה מגורדת 28% 500ג,איווארצ'יז,IL,גאודה מגורדת,גרמים,500.00,100 גרם,false,1,16.90,3.38,true,1,
7290108501490,false,גבינת מוצרלה פרוסות150ג,ג.וילי פוד אינטרנשיונל ב,IL,גבינת מוצרלה,גרמים,150.00,100 גרם,false,1,9.90,6.60,true,1,
7290108502725,false,גבינת גאודה פרוסות 400 ג,ג.וילי פוד אינטרנשיונל ב,IL,גבינת גאודה,גרמים,400.00,100 גרם,false,1,14.90,3.73,true,1,
7290108503647,false,"אורז בסמטי מהדרין 1 ק""ג",אל.טי.פודס בעמ,IN,אורז בסמטי,קילוגרמים,1.00,"ק""ג",false,1,12.90,12.90,true,1,
7290108506693,false,גאודה סטייל פרוסות 400 ג,ג.וילי פוד אינטרנשיונל ב,LT,גאודה סטייל פרוס,גרמים,400.00,100 גרם,false,1,12.90,3.23,true,1,
7290108620023,false,יין קפיטל קברנה סוביניון,יקבי ציון,IL,יין קפיטל קברנה,מיליליטרים,750.00,"100 מ""ל",false,1,54.90,7.32,true,1,
7290108620030,false,"יין קפיטל מרלו 750 מ""ל",יקבי ציון,IL,יין קפיטל מרלו,מיליליטרים,750.00,"100 מ""ל",false,1,54.90,7.32,true,1,
7290108620054,false,יין אסטייט קברנה סוביניו,יקבי ציון,IL,יין אסטייט קברנה,מיליליטרים,750.00,"100 מ""ל",false,1,36.90,4.92,true,1,
7290108620061,false,"יין אסטייט שיראז 750 מ""ל",יקבי ציון,IL,יין אסטייט שיראז,מיליליטרים,750.00,"100 מ""ל",false,1,36.90,4.92,true,1,
7290108620078,false,"יין אסטייט מרלו 750 מ""ל",יקבי ציון,IL,יין אסטייט מרלו,מיליליטרים,750.00,"100 מ""ל",false,1,36.90,4.92,true,1,
7290108620085,false,"יין אסטייט שרדונה 750 מ""",יקבי ציון,IL,יין אסטייט שרדונ,מיליליטרים,750.00,"100 מ""ל",false,1,36.90,4.92,true,1,
7290108620108,false,יין אימפריאל קברנה סובינ,יקבי ציון,IL,יין אימפריאל קבר,מיליליטרים,750.00,"100 מ""ל",false,1,26.90,3.59,true,1,
7290108620115,false,"יין אימפריאל מרלו 750 מ""",יקבי ציון,IL,יין אימפריאל מרל,מיליליטרים,750.00,"100 מ""ל",false,1,26.90,3.59,true,1,
7290108620122,false,יין אימפריאל קברנה מרלו,יקבי ציון,IL,יין אימפריאל קבר,מיליליטרים,750.00,"100 מ""ל",false,1,26.90,3.59,true,1,
7290108620153,false,יין אסטייט קברנה חצי מתו,יקבי ציון,IL,יין אסטייט קברנה,מיליליטרים,750.00,"100 מ""ל",false,1,36.90,4.92,true,1,
7290108620160,false,יין אימפריאל סוביניון בל,יקבי ציון,IL,יין אימפריאל סוב,מיליליטרים,750.00,"100 מ""ל",false,1,26.90,3.59,true,1,
7290108620177,false,יין פאלאס בלנד אדום 750,יקבי ציון,IL,יין פאלאס בלנד א,מיליליטרים,750.00,"100 מ""ל",false,1,22.90,3.05,true,1,
7290108620191,false,"יין אסטייט מוסקט 750 מ""ל",יקבי ציון,IL,יין אסטייט מוסקט,מיליליטרים,750.00,"100 מ""ל",false,1,36.90,4.92,true,1,
7290108620207,false,יין אימפריאל גוורצטרמינר,יקבי ציון,IL,יין אימפריאל ריז,מיליליטרים,750.00,"100 מ""ל",false,1,26.90,3.59,true,1,
7290108620214,false,יין פאלאס בלנד לבן 750 מ,יקבי ציון,IL,יין פאלאס בלנד ל,מיליליטרים,750.00,"100 מ""ל",false,1,22.90,3.05,true,1,
7290108620245,false,תירוש לבן מובחר 100% 1לי,יקבי ציון,IL,תירוש לבן מובחר,ליטרים,1.00,ליטר,false,1,16.90,16.90,true,1,
7290108620924,false,"דיפלומט קפה 700 מ""ל",יקבי ציון,IL,דיפלומט קפה,מיליליטרים,700.00,"100 מ""ל",false,1,79.90,11.41,true,1,
7290108620931,false,"דיפלומט אוכמניות 700 מ""ל",יקבי ציון,IL,דיפלומט אוכמניות,מיליליטרים,700.00,"100 מ""ל",false,1,79.90,11.41,true,1,
7290108620948,false,"דיפלומט שוקולד 700 מ""ל",יקבי ציון,IL,דיפלומט שוקולד,מיליליטרים,700.00,"100 מ""ל",false,1,79.90,11.41,true,1,
7290109351025,false,חומוסטחינה צבר 400 גרם,סלטי צבר,IL,חומוסטחינה צבר,גרמים,400.00,100 גרם,false,1,11.90,2.98,true,1,
7290109351971,false,פיטנס פריכיות שוק.חלב84ג,CA,IL,פיטנס בר פריכיות,גרמים,84.00,100 גרם,false,1,11.90,14.17,true,1,
7290109354019,false,מנה חמה קוסקוס+עדשים87ג,אסם,IL,מנה חמה קוסקוס,גרמים,87.00,100 גרם,false,1,5.90,6.78,true,1,
7290109354057,false,מאגדת לה פרוטה תפוז אננס,נסטלה,IL,מאגדת לה פרוטה,גרמים,350.00,100 גרם,false,1,19.90,5.69,true,1,
7290109354101,false,לחמית ללא גלוטן 200 גרם,אסם,IL,לחמית ללא גלוטן,גרמים,200.00,100 גרם,false,1,7.90,3.95,true,1,
7290109354972,false,פתי בר ל.גלוטן קלאסי200ג,"אסם השקעות בע""\מ",IL,פתי בר ללא גלוטן,גרמים,200.00,100 גרם,false,1,6.90,3.45,true,1,
7290109354996,false,פתי בר לל.גלוטן שוקו200ג,"אסם השקעות בע""\מ",IL,פתי בר ללא גלוטן,גרמים,200.00,100 גרם,false,1,6.90,3.45,true,1,
7290109355184,false,לה פרוטה תות פירותאדומים,נגה גלידות,IL,לה פרוטה תות,מיליליטרים,680.00,"100 מ""ל",false,1,19.90,2.93,true,1,
7290109355207,false,לה פרוטה אננס מנגו,נגה גלידות,IL,לה פרוטה אננס,מיליליטרים,680.00,"100 מ""ל",false,1,19.90,2.93,true,1,
7290109358116,false,ויטמינצ'יק אננס 2 ליטר,בית השיטה עסיס תעשיות מז,IL,ויטמינצ'יק אננס,ליטרים,2.00,ליטר,false,1,18.90,9.45,true,1,
7290109358130,false,מאגדת להפרוטה אננסיוגורט,גלידות נסטלה )נגה גלידות,IL,מאגדת להפרוטהאננ,גרמים,300.00,100 גרם,false,1,19.90,6.63,true,1,
7290109358765,false,קראנץ' רולס 450 גרם,"אסם השקעות בע""\מ",IL,קראנץ' רולס,גרמים,450.00,100 גרם,false,1,19.90,4.42,true,1,
7290109498430,false,סכיני מטבח רב שימושיים,,IL,סכיני מטבח,יחידה,1.00,יחידה,false,1,8.90,8.90,true,1,
7290109498447,false,סכין רב שימושית בשרי .,,IL,סכין רב שימושית,יחידה,1.00,יחידה,false,1,9.90,9.90,true,1,
7290109498454,false,סכין רב שימושית חלבי .,,IL,סכין רב שימושית,יחידה,1.00,יחידה,false,1,9.90,9.90,true,1,
7290109499475,false,מערוך סיליקון שף,,IL,מערוך סיליקון,יחידה,1.00,יחידה,false,1,26.90,26.90,true,1,
7290109499499,false,סט משטחי חיתוך 4 יח,,IL,סט משטחי חיתוך,יחידה,1.00,יחידה,false,1,19.90,19.90,true,1,
7290109499574,false,פורס ביצה כפול,,IL,פורס ביצה,יחידה,1.00,יחידה,false,1,12.90,12.90,true,1,
7290109499659,false,פורס תפוחים .,,IL,פורס תפוחים,יחידה,1.00,יחידה,false,1,9.90,9.90,true,1,
7290109499666,false,משטח חיתוך מתקפל,,IL,משטח חיתוך,יחידה,1.00,יחידה,false,1,9.90,9.90,true,1,
7290109499697,false,כפפת תנור .,,IL,כפפת תנור .,יחידה,1.00,יחידה,false,1,26.90,26.90,true,1,
7290109580043,false,שניצל תירס 1.75 קג בדצ,,IL,שניצל תירס 1.75ק,קילוגרמים,1.75,"ק""ג",false,1,49.90,28.51,true,1,
7290109580142,false,נקניקיות מן הצומח 1.75ק,,IL,נקניקיות מן הצומ,קילוגרמים,1.75,"ק""ג",false,1,49.90,28.51,true,1,
7290109580173,false,נקניקיות עוף 800 גרם,זוגלובק,IL,נקניקיות עוף,גרמים,800.00,100 גרם,false,1,22.90,2.86,true,1,
7290109640020,false,גוש טבעוני טעם מוצרלה300,ויגרדן,IL,גוש טבעוני,גרמים,300.00,100 גרם,false,1,19.90,6.63,true,1,
7290109640198,false,מגורדת לפיצה ואפיה 200 ג,ויגרדן,IL,מגורדת לפיצה,גרמים,200.00,100 גרם,false,1,19.90,9.95,true,1,
7290109640389,false,"ממרח קלאסי ע""ב קוקוס200ג",גן שמואל-תעשיות בריאות,IL,"ממרח ע""ב קוקוס",גרמים,200.00,100 גרם,false,1,15.90,7.95,true,1,
7290109640396,false,"ממ.שום שמיר ע""ב קוקוס200",גן שמואל-תעשיות בריאות,IL,"ממרח ע""ב קוקוס",גרמים,200.00,100 גרם,false,1,15.90,7.95,true,1,
7290109640402,false,"ממרח ט.טבעי ע""ב קוקוס200",גן שמואל-תעשיות בריאות,IL,"ממרח ע""ב קוקוס",גרמים,200.00,100 גרם,false,1,15.90,7.95,true,1,
7290109920580,false,אסטוניש מרסס+אקונומיק750,אסטוניש,GB,אסטוניש מרסס,מיליליטרים,750.00,"100 מ""ל",false,1,9.90,1.32,true,1,
7290109920597,false,אסטוניש מרסס למקלחון750מ,אסטוניש,GB,מרסס למקלחון,מיליליטרים,750.00,"100 מ""ל",false,1,9.90,1.32,true,1,
7290109920627,false,אסטוניש עם אקונומיקה 500,אסטוניש,GB,אסטוניש אקונומיק,מיליליטרים,500.00,"100 מ""ל",false,1,9.90,1.98,true,1,
7290109920849,false,אסטוניש מרסס רב תכלית750,אסטוניש,GB,אסטוניש רב תכלית,מיליליטרים,750.00,"100 מ""ל",false,1,9.90,1.32,true,1,
7290110000165,false,שמן קוקוס 900 גרם,בטר אנד דיפרנט,IL,שמן קוקוס,גרמים,900.00,100 גרם,false,1,24.90,2.77,true,1,
7290110000288,false,מיצוי מימי של שזיפים946מ,היל ויו פאקינג קומפני,XX,"מיץ שזיפים946מ""ל",מיליליטרים,946.00,"100 מ""ל",false,1,21.90,2.32,true,1,
7290110000806,false,ממרח קשיו 200 גרם,בטר אנד דיפרנט,IL,ממרח קשיו 200גרם,גרמים,200.00,100 גרם,false,1,17.90,8.95,true,1,
7290110001025,false,ממרח בוטנים מתוק 350 גרם,בטר אנד דיפרנט,IL,ממרח בוטנים,גרמים,350.00,100 גרם,false,1,11.90,3.40,true,1,
7290110001032,false,"ממרח בוטנים 1 ק""ג",בטר אנד דיפרנט,IL,ממרח בוטנים,קילוגרמים,1.00,"ק""ג",false,1,24.90,24.90,true,1,
7290110001438,false,אטריות דקיקות כוסמין מלא,,IL,אטריות דקיקות,גרמים,200.00,100 גרם,false,1,8.90,4.45,true,1,
7290110001445,false,אטריות דקות כוסמין200ג,בטר אנד דיפרנט,IL,אטריות דקות200ג,גרמים,200.00,100 גרם,false,1,8.90,4.45,true,1,
7290110001452,false,אטריות רחבות כוסמין מלא,בטר אנד דיפרנט,IL,אטריות רחבות כוס,גרמים,200.00,100 גרם,false,1,8.90,4.45,true,1,
7290110001841,false,חמאת בוטנים טבעית 760 גר,בטר אנד דיפרנט,IL,תמאת בוטנים טבעי,גרמים,760.00,100 גרם,false,1,18.90,2.49,true,1,
7290110001865,false,חומץ תפוחים 6% חומציות 2,בטר אנד דיפרנט,IL,חומץ תפוחים,מיליליטרים,250.00,"100 מ""ל",false,1,7.90,3.16,true,1,
7290110001872,false,פיצפוצי אורז 380 גרם,"תירפז בע""מ",IL,פיצפוצי אורז,גרמים,380.00,100 גרם,false,1,12.90,3.39,true,1,
7290110001889,false,פיצפוצי אורז מלא 345 גרם,"תירפז בע""מ",IL,פיצפוצי אורז מלא,גרמים,345.00,100 גרם,false,1,12.90,3.74,true,1,
7290110001896,false,"פיצפוצי אורז מלא לל""ס 34","תירפז בע""מ",IL,פיצפוצי אורז,גרמים,345.00,100 גרם,false,1,12.90,3.74,true,1,
7290110001902,false,חמאת בוטנים מתוקה 760 גר,בטר אנד דיפרנט,IL,חמאת בוטנים,גרמים,760.00,100 גרם,false,1,18.90,2.49,true,1,
7290110110017,false,פאנטה בטעם תות 1.5 ליטר,החברה המרכזית לייצור משק,IL,פאנטה בטעם תות,ליטרים,1.50,ליטר,false,1,6.20,4.13,true,1,
7290110110277,false,"סומרסבי סיידר 330*4מ""ל",קרלסברג ישראל,HR,סומרסבי 4 יח',ליטרים,1.32,ליטר,false,1,28.90,21.89,true,1,
7290110110369,false,קרלסברג לומה 6בק* 330מל,מבשלות בירה בינלאומיות ב,IL,קרלסברג לומה 6יח,ליטרים,1.98,ליטר,false,1,39.90,20.15,true,1,
7290110110420,false,פריגת צלול תפוחים1.5ליטר,"מבשלות בירה לישראל בע""\מ",IL,פריגת צלול תפוח,ליטרים,1.50,ליטר,false,1,6.50,4.33,true,1,
7290110110581,false,קולה זירו נטול קפאין1.5ל,החברה המרכזית לייצור משק,IL,קולה זירו נטול,ליטרים,1.50,ליטר,false,1,6.20,4.13,true,1,
7290110110598,false,קולה זירו לימון 1.5 ליטר,החברה המרכזית לייצור משק,IL,קולה זירו לימון,ליטרים,1.50,ליטר,false,1,6.20,4.13,true,1,
7290110110611,false,ספרייט ליים 1.5 ליטר,החברה המרכזית לייצור משק,IL,ספרייט ליים,ליטרים,1.50,ליטר,false,1,6.20,4.13,true,1,
7290110110628,false,ספרייט ליים 1.5*6 ליטר,החברה המרכזית לייצור משק,IL,ספרייט ליים 6 יח,ליטרים,9.00,ליטר,false,1,35.90,3.99,true,1,
7290110110703,false,ספרייט ליים פחיות330*6מל,החברה המרכזית לייצור משק,IL,ספרייט ליים 6 פח,ליטרים,1.98,ליטר,false,1,18.90,9.55,true,1,
7290110113452,false,קולה זירו מנגו 1.5 ליטר,החברה המרכזית לייצור משק,IL,קולה זירו מנגו,ליטרים,1.50,ליטר,false,1,6.20,4.13,true,1,
7290110113483,false,פיוז תה אפרסק19 קלור1.5.,מבשלות בירה בינלאומיות ב,IL,פיוז תה אפרסק,ליטרים,1.50,ליטר,false,1,6.90,4.60,true,1,
7290110113681,false,פריגת דובדבן 1.5 ליטר,מבשלות בירה בינלאומיות ב,IL,פריגת דובדבן,ליטרים,1.50,ליטר,false,1,6.20,4.13,true,1,
7290110113933,false,פאנטה זירו ט.אורנג' 1.5ל,החברה המרכזית לייצור משק,IL,פאנטה זירו אורנג,ליטרים,1.50,ליטר,false,1,6.20,4.13,true,1,
7290110113957,false,פאנטה זירו טעם תפוח 1.5ל,החברה המרכזית לייצור משק,IL,פאנטה זירו תפוח,ליטרים,1.50,ליטר,false,1,6.20,4.13,true,1,
7290110114046,false,פריגת ענבים מופחת סוכ1.5,מבשלות בירה בינלאומיות ב,IL,פריגת ענבים,ליטרים,1.50,ליטר,false,1,6.50,4.33,true,1,
7290110114275,false,פריגת תפוזים מופחת 1.5 ל,מבשלות בירה בינלאומיות ב,IL,פריגת תפוזים,ליטרים,1.50,ליטר,false,1,6.50,4.33,true,1,
7290110114282,false,פריגת אשכולית מופ.סוכ1.5,מבשלות בירה בינלאומיות ב,IL,פריגת אשכוליות,ליטרים,1.50,ליטר,false,1,6.50,4.33,true,1,
7290110114466,false,ספרייט19קל.לימון נענע1.5,החברה המרכזית לייצור משק,IL,ספרייט נענע,ליטרים,1.50,ליטר,false,1,6.20,4.13,true,1,
7290110114572,false,נביעות תפוח פירות יער1.5,"נביעות טבע הגליל בע""\מ",IL,מי נביעות תפוח,ליטרים,1.50,ליטר,false,1,7.90,5.27,true,1,
7290110114589,false,נביעות תפוח אגס 1.5 ליטר,"נביעות טבע הגליל בע""\מ",IL,נביעות תפוח אגס,ליטרים,1.50,ליטר,false,1,7.90,5.27,true,1,
7290110320775,false,משקה יוגורט קלאסי 107*8ג,מחלבת אלון תבור,IL,משקה יוגורט 8 יח,גרמים,856.00,100 גרם,false,1,15.90,1.86,true,1,
7290110320867,false,פתיתי עמק 28% 500גרם,תנובה,IL,פתיתי עמק,גרמים,500.00,100 גרם,false,1,32.90,6.58,true,1,
7290110320935,false,פרוסות מוצרלה 150 גרם,תנובה,IL,פרוסות מוצרלה,גרמים,150.00,100 גרם,false,1,15.90,10.60,true,1,
7290110321246,false,פרילי אפרסק 1.5% 125 גרם,מחלבת אלון תבור,IL,פרילי אפרסק,גרמים,125.00,100 גרם,false,1,2.90,2.32,true,1,
7290110321277,false,קוטג' בקטנה 5% 100 גרם,תנובה,IL,קוטג' בקטנה 5%,גרמים,100.00,100 גרם,false,1,2.60,2.60,true,1,
7290110321284,false,קוטג' בקטנה 9% 100 גרם,תנובה,IL,קוטג' בקטנה 9%,גרמים,100.00,100 גרם,false,1,2.60,2.60,true,1,
7290110321505,false,יופלה קוקוס דיאט 150 גרם,"תנובה בע""מ",IL,יופלה דיאט,גרמים,150.00,100 גרם,false,1,4.70,3.13,true,1,
7290110322014,false,טופו בטעם טבעי 300 גרם,א.י.ן תעשיות,IL,טופו טבעי300 גרם,גרמים,300.00,100 גרם,false,1,11.80,3.93,true,1,
7290110322021,false,טופו בזיליקום 300 גרם,א.י.ן תעשיות,IL,טופו בזיליקום,גרמים,300.00,100 גרם,false,1,11.80,3.93,true,1,
7290110322038,false,טופו פיקנטי 300 גרם,א.י.ן תעשיות,IL,טופו פיקנטי,גרמים,300.00,100 גרם,false,1,11.80,3.93,true,1,
7290110322946,false,יופלה טיוב תות בננה58*6ג,תנובה בעמ,IL,יופלה טיוב 6 יח,גרמים,348.00,100 גרם,false,1,11.90,3.42,true,1,
7290110323097,false,תאומים גביע 80 גרם,תנובה בעמ,IL,תאומים גביע 80גר,גרמים,80.00,100 גרם,false,1,1.90,2.38,true,1,
7290110323714,false,משקה קוקוס שקדים 1 ליטר,תנובה בעמ,IL,משקה קוקוס שקדים,ליטרים,1.00,ליטר,false,1,11.50,11.50,true,1,
7290110323998,false,מארז מיני קרלו קצפת77*8ג,תנובה בעמ,IL,מאגדת מיני קרלו,גרמים,616.00,100 גרם,false,1,11.90,1.93,true,1,
7290110324070,false,גבינת חלומי 30% 200גרם,"תנובה בע""\מ",IL,גבינת חלומי,גרמים,200.00,100 גרם,false,1,19.90,9.95,true,1,
7290110324636,false,יוגורט2%פירות יער+קש200ג,"תנובה בע""\מ",IL,יוגורט עם קש,גרמים,200.00,100 גרם,false,1,5.40,2.70,true,1,
7290110324711,false,ממרח סויה9% טעם טבעי250ג,"תנובה בע""\מ",IL,ממרח סויה 9%,גרמים,250.00,100 גרם,false,1,8.90,3.56,true,1,
7290110324728,false,ממרח סויה 9%שום שמיר250ג,"תנובה בע""\מ",IL,ממרח סויה 9%,גרמים,250.00,100 גרם,false,1,8.90,3.56,true,1,
7290110324841,false,מעדן שקדים שוקולד מריר12,תנובה בעמ,IL,מעדן שקדים,גרמים,125.00,100 גרם,false,1,3.90,3.12,true,1,
7290110324858,false,מעדן שקדים אגוזי לוז125ג,תנובה בעמ,IL,מעדן שקדים,גרמים,125.00,100 גרם,false,1,3.90,3.12,true,1,
7290110324926,false,"משקה סויה ללת""ס 1 ליטר","תנובה בע""\מ",IL,"משקה סויה ללת""ס",ליטרים,1.00,ליטר,false,1,9.90,9.90,true,1,
7290110325169,false,פרוסות גאודה 170 גרם,,IL,פרוסות גאודה,גרמים,170.00,100 גרם,false,1,18.90,11.12,true,1,
7290110325305,false,מעדן גו סויה מעודן 200 ג,"תנובה בע""\מ",IL,מעדן גו סויה,גרמים,200.00,100 גרם,false,1,5.90,2.95,true,1,
7290110325312,false,מעדן סויה ביו טעם תות200,"תנובה בע""\מ",IL,מעדן סויה ביו,גרמים,200.00,100 גרם,false,1,5.90,2.95,true,1,
7290110325428,false,גבינה לבנה5% עם קרקר145ג,מחלבת אלון תבור,IL,גבינה לבנה+קרקר,גרמים,145.00,100 גרם,false,1,4.90,3.38,true,1,
7290110325510,false,יופלה טיוב וניל 6יח58*גר,"תנובה בע""\מ",IL,יופלה טיוב וניל,גרמים,348.00,100 גרם,false,1,11.90,3.42,true,1,
7290110325619,false,משקה שיבולת שועל 1 ליטר,"תנובה בע""\מ",IL,משקה שיבולת שועל,ליטרים,1.00,ליטר,false,1,11.50,11.50,true,1,
7290110325626,false,"משקה שקדים ללת""ס 1 ליטר",תנובה,IL,"משקה שקדים ללת""ס",ליטרים,1.00,ליטר,false,1,11.50,11.50,true,1,
7290110325701,false,פיראוס צזיקי יווני9% 250,מחלבת הרדוף,IL,צזיקי יווני,גרמים,250.00,100 גרם,false,1,11.90,4.76,true,1,
7290110326210,false,יופלה און טופ פצפוצים157,מחלבת אלון תבור,IL,יופלה און טופ,גרמים,157.00,100 גרם,false,1,4.70,2.99,true,1,
7290110326227,false,יופלה און טופ קורנפלק157,מחלבת אלון תבור,IL,יופלה און טופ,גרמים,157.00,100 גרם,false,1,4.70,2.99,true,1,
7290110326234,false,יופלה און טופ כוכבים157ג,מחלבת אלון תבור,IL,יופלה און טופ,גרמים,157.00,100 גרם,false,1,4.70,2.99,true,1,
7290110326241,false,יופלה און טופ גרנולה157ג,מחלבת אלון תבור,IL,יופלה און טופ,גרמים,157.00,100 גרם,false,1,4.70,2.99,true,1,
7290110326456,false,יופלה דיאט בננה קרמל150ג,תנובה,IL,יופלה דיאט,גרמים,150.00,100 גרם,false,1,4.70,3.13,true,1,
7290110326982,false,יולו משקה חלב +שוקולד 1ל,תנובה,IL,יולו משקה חלב,ליטרים,1.00,ליטר,false,1,11.90,11.90,true,1,
7290110326999,false,יולו משקה חלב+שוקולד340מ,תנובה,IL,יולו משקה חלב,מיליליטרים,340.00,"100 מ""ל",false,1,6.50,1.91,true,1,
7290110327033,false,משקה סויה מועשר חלבון 1ל,תנובה בעמ,IL,משקה סויה מועשר,ליטרים,1.00,ליטר,false,1,11.50,11.50,true,1,
7290110327279,false,נפוליאון 24% טוסקנה 225ג,הרדוף,IL,נפוליאון טוסקנה,גרמים,225.00,100 גרם,false,1,11.90,5.29,true,1,
7290110327880,false,חלב1%מהדרין רמת הגולן 1ל,מחלבת רמת הגולן,IL,חלב 1% 1 ליטר,ליטרים,1.00,ליטר,false,1,5.40,5.40,true,1,
7290110328016,false,משקה סויה טעם אגוזי לוז,תנובה,IL,משקה סויה,מיליליטרים,250.00,"100 מ""ל",false,1,5.90,2.36,true,1,
7290110328054,false,מעדן סויה תות ש.שועל170ג,"תנובה בע""\מ",IL,מעדן גו סויה,גרמים,170.00,100 גרם,false,1,6.90,4.06,true,1,
7290110328061,false,מעדן+בחלבון אפרסק170ג,"תנובה בע""\מ",IL,מעדן סויה אפרסק,גרמים,170.00,100 גרם,false,1,6.90,4.06,true,1,
7290110328221,false,יוגורט נטול לקטוז 200גרם,תנובה בעמ,IL,יוגורט תנובה,גרמים,200.00,100 גרם,false,1,3.90,1.95,true,1,
7290110328238,false,חלב נטול לקטוז וניל3% ל1,תנובה בעמ,IL,חלב נטול לקטוז,ליטרים,1.00,ליטר,false,1,7.80,7.80,true,1,
7290110328337,false,"אייס קפה ש.שועל 250 מ""ל",תנובה בעמ,IL,אייס קפה ש.שועל,מיליליטרים,250.00,"100 מ""ל",false,1,5.50,2.20,true,1,
7290110328627,false,יוג.גו קרמי בננה קרמל200,תנובה בעמ,IL,יוגורט גו קרמי,גרמים,200.00,100 גרם,false,1,5.50,2.75,true,1,
7290110328764,false,יוגורט גו קרמי תות0% 200,תנובה בעמ,IL,יוגורט גו קרמי,גרמים,200.00,100 גרם,false,1,5.50,2.75,true,1,
7290110328771,false,יוגורט גו קרמי פ.יער200ג,תנובה בעמ,IL,יוגורט גו קרמי,גרמים,200.00,100 גרם,false,1,5.50,2.75,true,1,
7290110328788,false,יוג.גו קרמי אפרסק0% 200ג,תנובה בעמ,IL,יוגורט גו סמיך,גרמים,200.00,100 גרם,false,1,5.50,2.75,true,1,
7290110328900,false,נפוליאון גב.שמנת25% משקל,"תנובה בע""\מ",IL,גבינת נפוליאון,קילוגרמים,0.00,"ק""ג",true,1,39.00,39.00,true,1,
7290110328917,false,נפוליאון שמנת זית24%משקל,"תנובה בע""\מ",IL,גבינת נפוליאון,קילוגרמים,0.00,"ק""ג",true,1,39.00,39.00,true,1,
7290110329266,false,יוגורט עיזים מלא140גרם,,IL,יוגורט עיזים מלא,גרמים,140.00,100 גרם,false,1,5.50,3.93,true,1,
7290110410810,false,פינג'אן נירוסטה גדול 1 ל,אליבו,IL,פינג'ן נירוסטה,יחידה,1.00,יחידה,false,1,32.90,32.90,true,1,
7290110414092,false,מגב מתכת גדול,אליבו,IL,מגב מתכת גדול,יחידה,1.00,יחידה,false,1,12.90,12.90,true,1,
7290110418823,false,מועך שום איכותי,,IL,מועך שום איכותי,יחידה,1.00,יחידה,false,1,19.90,19.90,true,1,
7290110550349,false,דוריטוס אקסטרים ספייסי70,"שטראוס פריטו ליי בע""\מ )",IL,דוריטוס אקסטרים,גרמים,70.00,100 גרם,false,1,2.90,4.14,true,1,
7290110550394,false,פרפקט בייט קרם+שברי אגוז,"שטראוס גרופ בע""\מ",IL,מיני פרפקט בייט,גרמים,234.00,100 גרם,false,1,17.90,7.65,true,1,
7290110551612,false,ספלנדיד חלב אגוז+שקד95ג,"שטראוס גרופ בע""\מ",IL,שוקולד ספלנדיד,גרמים,95.00,100 גרם,false,1,11.90,12.53,true,1,
7290110551629,false,ספלנדיד מריר אגוז+שקד95ג,"שטראוס גרופ בע""\מ",IL,שוקולד ספלנדיד,גרמים,95.00,100 גרם,false,1,11.90,12.53,true,1,
7290110560300,false,פריכיות פלפל שחור30 גרם,פרח,IL,פריכיות אנרג'י,גרמים,30.00,100 גרם,false,1,4.90,16.33,true,1,
7290110560317,false,פריכיות משולש מלח ים30גר,פרח,IL,פריכיות אנרג'י,גרמים,30.00,100 גרם,false,1,4.90,16.33,true,1,
7290110560324,false,פריכיות משולשות+אפונה30ג,פרח,IL,פריכיות אנרג'י,גרמים,30.00,100 גרם,false,1,4.90,16.33,true,1,
7290110560829,false,מילקי בטעם טורטית 133 גר,"שטראוס גרופ בע""\מ",IL,מילקי טעם טורטית,גרמים,133.00,100 גרם,false,1,2.70,2.03,true,1,
7290110560836,false,מילקי בטעם פסק זמן 133 ג,"שטראוס גרופ בע""\מ",IL,מילקי פסק זמן,גרמים,133.00,100 גרם,false,1,2.70,2.03,true,1,
7290110561352,false,דנונה דל לקטוז 200 גרם,"שטראוס בריאות בע""\מ",IL,דנונה דל לקטוז,גרמים,200.00,100 גרם,false,1,3.30,1.65,true,1,
7290110561543,false,פרו טריפל זירו וניל 150ג,"שטראוס בריאות בע""\מ",IL,דנונה פרו,גרמים,150.00,100 גרם,false,1,4.50,3.00,true,1,
7290110563462,false,חלב נטול לקטוז 2% 1 ליטר,מחלבת יטבתה,IL,חלב נטול לקטוז,ליטרים,1.00,ליטר,false,1,7.80,7.80,true,1,
7290110563851,false,אנרגי תחתית שוק.חלב24*6ג,"שטראוס גרופ בע""\מ",IL,חטיפי אנרגי 6 יח,גרמים,144.00,100 גרם,false,1,11.90,8.26,true,1,
7290110563912,false,אנרג'י מיקס אגוזים 24*6ג,"שטראוס גרופ בע""\מ",IL,חטיפי אנרגי 6 יח,גרמים,144.00,100 גרם,false,1,11.90,8.26,true,1,
7290110564339,false,חומוס עשיר ב30% טחינה400,"שטראוס גרופ בע""\מ",IL,חומוס בטחינה,גרמים,400.00,100 גרם,false,1,12.90,3.23,true,1,
7290110564346,false,שוק.בלונדי ק.בראוניז100ג,"שטראוס גרופ בע""\מ",IL,שוקולד בלונדי,גרמים,100.00,100 גרם,false,1,6.90,6.90,true,1,
7290110564353,false,בלונדי קרם אגוזי לוז100ג,"שטראוס גרופ בע""\מ",IL,שוקולד בלונדי,גרמים,100.00,100 גרם,false,1,6.90,6.90,true,1,
7290110564360,false,חומוס עשיר ב40% טחינה400,"שטראוס גרופ בע""\מ",IL,חומוס בטחינה,גרמים,400.00,100 גרם,false,1,12.90,3.23,true,1,
7290110564414,false,חומוס עשיר ב30%טחינה600ג,"שטראוס גרופ בע""\מ",IL,חומוס 30% טחינה,גרמים,600.00,100 גרם,false,1,14.90,2.48,true,1,
7290110565435,false,לימבו פטל קו חלבי 125גרם,"שטראוס גרופ בע""\מ",IL,לימבו פטל,גרמים,125.00,100 גרם,false,1,1.90,1.52,true,1,
7290110565527,false,דנונה פרו 20ג חלבון 200ג,"שטראוס גרופ בע""\מ",IL,דנונה פרו חלבון,גרמים,200.00,100 גרם,false,1,5.90,2.95,true,1,
7290110565572,false,קפה טורקי+הל לדרך7*24גרם,שטראוס קפה בי.וי.,IL,קפה טורקי לדרך,גרמים,168.00,100 גרם,false,1,17.90,10.65,true,1,
7290110565664,false,עוגת בראוניז מריר+קרם380,"שטראוס גרופ בע""\מ",IL,עוגת בראוניז,גרמים,380.00,100 גרם,false,1,14.90,3.92,true,1,
7290110566975,false,דנונ.פרו20ג חלבון תות200,"שטראוס בריאות בע""\מ",IL,דנונה פרו חלבון,גרמים,200.00,100 גרם,false,1,5.90,2.95,true,1,
7290110567309,false,פסק זמן בלונדי קרם חלב45,"שטראוס גרופ בע""\מ",IL,פסק זמן בלונדי,גרמים,45.00,100 גרם,false,1,4.90,10.89,true,1,
7290110568238,false,קצפת צמחית יטבתה21% 250מ,מחלבת יטבתה,IL,קצפת צמחית יטבתה,מיליליטרים,250.00,"100 מ""ל",false,1,7.90,3.16,true,1,
7290110568498,false,קונפיטורה תות מעודנת265ג,בייר,FR,קונפיטורה תות,גרמים,265.00,100 גרם,false,1,12.90,4.87,true,1,
7290110568504,false,קונפיטורה משמש מעודנת265,בייר,FR,קונפיטורה משמש,גרמים,265.00,100 גרם,false,1,12.90,4.87,true,1,
7290110568559,false,דוריטוס חמוץ חריף 25*10ג,"שטראוס פריטו ליי בע""מ )פ",IL,דוריטוס 10 יח,גרמים,250.00,100 גרם,false,1,11.90,4.76,true,1,
7290110568566,false,דוריטוס גריל 25*10 גרם,"שטראוס פריטו ליי בע""מ )פ",IL,דוריטוס 10 יח,גרמים,250.00,100 גרם,false,1,11.90,4.76,true,1,
7290110780432,false,"מכונת כביסה 8 ק""ג",,TR,מכונת כביסה,יחידה,1.00,יחידה,false,1,1399.00,1399.00,true,1,
7290110782559,false,מייבש כביסה8קג+קונדסור P,,CN,מייבש +קונדסור8,יחידה,1.00,יחידה,false,1,1499.00,1499.00,true,1,
7290110783211,false,תאורת חירום נידת 24 לדים,,CN,תאורת חירום 24 ל,יחידה,1.00,יחידה,false,1,69.00,69.00,true,1,
7290111341984,false,לילי לח פיור מארז 4,עלבד,IL,נייר טואלט לח4יח,יחידה,1.00,יחידה,false,1,18.90,18.90,true,1,
7290111342738,false,לילי לח קידס מארז 4,,IL,נייר טואלט לח4יח,יחידה,1.00,יחידה,false,1,18.90,18.90,true,1,
7290111344077,false,מטליות לחיטוי+ניקוי50*3י,,IL,מטליות לחיטוי,יחידה,1.00,יחידה,false,1,19.90,19.90,true,1,
7290111344459,false,תחבושות נייט א.לונג 18יח,חוגלה קימברלי,CN,תחבושות נייט,יחידה,1.00,יחידה,false,1,15.90,15.90,true,1,
7290111353376,false,מנטוס שמחות מנטה 250 גרם,,NL,מנטוס שמחות,גרמים,250.00,100 גרם,false,1,13.90,5.56,true,1,
7290111353383,false,מנטוס שמחות תות 250 גרם,,NL,מנטוס שמחות,גרמים,250.00,100 גרם,false,1,13.90,5.56,true,1,
7290111353475,false,יוגטה שטיחים חמוצים200גר,,TR,יוגטה שטיחים,גרמים,200.00,100 גרם,false,1,5.90,2.95,true,1,
7290111353482,false,יוגוטה מקלות חמוצים200ג,,TR,יוגטה מקלות 200ג,גרמים,200.00,100 גרם,false,1,5.90,2.95,true,1,
7290111534157,false,פחזניות וניל 180 גרם,תופינים מקבוצת קפולסקי,IL,פחזניות וניל,גרמים,180.00,100 גרם,false,1,14.90,8.28,true,1,
7290111535604,false,עוגת מוס יער שחור 900 גר,קפולסקי,IL,"עוגת מוס כשל""פ",גרמים,900.00,100 גרם,false,1,59.90,6.66,true,1,
7290111560606,false,מנה חמה קוסקוס עגבניות87,אסם,IL,מנה חמה,גרמים,87.00,100 גרם,false,1,5.90,6.78,true,1,
7290111563492,false,סלט מטבוחה חריפה צבר400ג,סלטי צבר,IL,סלט מטבוחה צבר,גרמים,400.00,100 גרם,false,1,10.90,2.73,true,1,
7290111564192,false,לה פרוטה מנגו 470,גלידות נסטלה )נגה גלידות,IL,לה פרוטה מנגו,גרמים,470.00,100 גרם,false,1,19.90,4.23,true,1,
7290111564215,false,לה פרוטה קוקוס אננס,גלידות נסטלה )נגה גלידות,IL,לה פרוטה קוקוס,גרמים,490.00,100 גרם,false,1,19.90,4.06,true,1,
7290111564239,false,"מאגדת מיני קראנץ 275 ג""ר",גלידות נסטלה )נגה גלידות,IL,מאגדת מיני קראנץ,גרמים,275.00,100 גרם,false,1,24.90,9.05,true,1,
7290111564277,false,פריכיות דק.פיטנס3דגנ120ג,פרח תעשיות בעמ,IL,פריכיות פיטנס,גרמים,120.00,100 גרם,false,1,9.90,8.25,true,1,
7290111564291,false,פריכיות דקות+קינואה120גר,פרח תעשיות בעמ,IL,פריכיות פיטנס,גרמים,120.00,100 גרם,false,1,9.90,8.25,true,1,
7290111564666,false,כדורי בשר צמחוניים500 ג,טבעול,IL,כדורי בשר צמחוני,גרמים,500.00,100 גרם,false,1,29.90,5.98,true,1,
7290111565038,false,לה קרמריה קוקילידה 1.4 ל,גלידות נסטלה,IL,להקרמריה קוקיליד,ליטרים,1.40,ליטר,false,1,14.90,10.64,true,1,
7290111565182,false,קציצות דלורית אדממה 525,טבעול,IL,קציצות דלורית,גרמים,525.00,100 גרם,false,1,29.90,5.70,true,1,
7290111566240,false,שניצל דק בטעם צילי חריף,טבעול,IL,שניצל דק בטעם צי,גרמים,564.00,100 גרם,false,1,29.90,5.30,true,1,
7290111566271,false,חטיפי תירס טבעול 657 גרם,טבעול,IL,חטיפי תירס טבעול,גרמים,657.00,100 גרם,false,1,29.90,4.55,true,1,
7290111566318,false,שניצל דק מן הצומח 564 גר,טבעול,IL,שניצל דק מן הצומ,גרמים,564.00,100 גרם,false,1,29.90,5.30,true,1,
7290111566332,false,נקניקיות וינר צמחונית680,טבעול,IL,נקנ' וינר צמחוני,גרמים,680.00,100 גרם,false,1,29.90,4.40,true,1,
7290111566547,false,חזה בגריל צמחוני99קלוריו,טבעול,IL,חזה בגריל צמחוני,גרמים,560.00,100 גרם,false,1,29.90,5.34,true,1,
7290111566714,false,המבורגר צמחוני 99קלוריות,טבעול,IL,המבורגר צמחוני,גרמים,600.00,100 גרם,false,1,29.90,4.98,true,1,
7290111566752,false,שניצל תירס 99 קלוריות 69,טבעול,IL,שניצל תירס 99,גרמים,693.00,100 גרם,false,1,29.90,4.31,true,1,
7290111568206,false,ביסלי פארטי מיקס 150 גרם,אסם,IL,ביסלי פארטי מיקס,גרמים,150.00,100 גרם,false,1,6.50,4.33,true,1,
7290111568251,false,נודלס אטריות להקפצה 350ג,אסם,TH,נודלס להקפצה,גרמים,350.00,100 גרם,false,1,8.90,2.54,true,1,
7290111568275,false,נודלס אטריות אורז רחב300,תאי פרזידנט,TH,נודלס אטריות,גרמים,300.00,100 גרם,false,1,8.90,2.97,true,1,
7290111664960,false,קיסמי שיניים עץ 300 יח',CGAI,CN,קיסמי שיניים,יחידה,1.00,יחידה,false,1,1.90,1.90,true,1,
7290111936296,false,סבון פלמוליב סנסיישן 750,קולגייט פלמוליב,TR,סבון פלמוליב,מיליליטרים,750.00,"100 מ""ל",false,1,14.90,1.99,true,1,
7290111936852,false,חטיפי פרי תמר+חמוציות5יח,"טבעית מוצרים מהטבע בע""\מ",IL,חטיפי פרי 5 יח,גרמים,125.00,100 גרם,false,1,14.90,11.92,true,1,
7290111937248,false,חטיפ.פרי תמר+קשיו+לוז5יח,"טבעית מוצרים מהטבע בע""\מ",IL,חטיפי פרי 5 יח,גרמים,125.00,100 גרם,false,1,14.90,11.92,true,1,
7290111937255,false,חטיפ.פרי תמר+בוטנ+לוז5יח,"טבעית מוצרים מהטבע בע""\מ",IL,חטיפי פרי 5 יח,גרמים,125.00,100 גרם,false,1,14.90,11.92,true,1,
7290111937262,false,חטיפ.פרי תמר+אגוז+קקאו5י,"טבעית מוצרים מהטבע בע""\מ",IL,חטיפי פרי 5 יח,גרמים,125.00,100 גרם,false,1,14.90,11.92,true,1,
7290111938801,false,ג'ל רחצה מיסלרי כותנה750,קולגייט פלמוליב,TR,ג'ל רחצה,מיליליטרים,750.00,"100 מ""ל",false,1,14.90,1.99,true,1,
7290111938818,false,ג'ל רחצה מיסלרי ורדים750,קולגייט פלמוליב,TR,ג'ל רחצה,מיליליטרים,750.00,"100 מ""ל",false,1,14.90,1.99,true,1,
7290111939143,false,קוקי נייר אפייה עגול קוט,,IL,נייר אפייה,יחידה,1.00,יחידה,false,1,6.90,6.90,true,1,
7290111939181,false,קוקי ניילון נצמד עם גומי,,CN,ניילון נצמד,יחידה,1.00,יחידה,false,1,8.90,8.90,true,1,
7290111970504,false,תחתית לסיר סיליקון מרובע,,IL,תחתית לסיר,יחידה,1.00,יחידה,false,1,12.90,12.90,true,1,
7290111970511,false,תחתית לסיר סיליקון עגול,,IL,תחתית לסיר,יחידה,1.00,יחידה,false,1,11.90,11.90,true,1,
7290111970580,false,מרית 100% סיליקון כחול,,IL,מרית סיליקון,יחידה,1.00,יחידה,false,1,13.90,13.90,true,1,
7290111970597,false,מברשת 100% סיליקון סגול,,IL,מברשת סיליקון,יחידה,1.00,יחידה,false,1,13.90,13.90,true,1,
7290111973734,false,מתלה זוג ואקום גדול .,נוי שיווק,CN,מתלה זוג,יחידה,1.00,יחידה,false,1,8.90,8.90,true,1,
7290111973765,false,מסנן מטבח נירוסטה,,IL,מסנן מטבח,יחידה,1.00,יחידה,false,1,11.90,11.90,true,1,
7290111974755,false,משטח ייבוש כוסות פרימיום,נוי שיווק,CN,משטח ייבוש כוסות,יחידה,1.00,יחידה,false,1,9.90,9.90,true,1,
7290111974984,false,סכין משוננת עגולה .,נוי שיווק,CN,סכין משוננת,יחידה,1.00,יחידה,false,1,16.90,16.90,true,1,
7290111976421,false,קישואן ארוך מקצועי .,נוי שיווק,CN,קישואן ארוך,יחידה,1.00,יחידה,false,1,10.90,10.90,true,1,
7290111976469,false,פומפיה שטוחה נירוסטה דק,נוי שיווק,CN,פומפיה שטוחה,יחידה,1.00,יחידה,false,1,12.90,12.90,true,1,
7290111976476,false,פומפיה שטוחה נירוסטה .,נוי שיווק,CN,פומפיה שטוחה,יחידה,1.00,יחידה,false,1,12.90,12.90,true,1,
7290111976513,false,מפצח אגוזים .,נוי שיווק,CN,מפצח אגוזים,יחידה,1.00,יחידה,false,1,17.90,17.90,true,1,
7290111977206,false,מסננת כיור סיליקון,נוי שיווק,CN,מסננת כיור,יחידה,1.00,יחידה,false,1,12.90,12.90,true,1,
7290111977220,false,מתקן נצמד לסקוטש ספיר .,נוי שיווק,CN,מתקן נצמד לסקוטש,יחידה,1.00,יחידה,false,1,11.90,11.90,true,1,
7290111977244,false,מסננת כיור+פקק כפתור .,נוי שיווק,CN,מסננת כיור,יחידה,1.00,יחידה,false,1,10.90,10.90,true,1,
7290111977251,false,תבנית קוביות קרח +מכסה .,נוי שיווק,CN,תבנית קוביות קרח,יחידה,1.00,יחידה,false,1,9.90,9.90,true,1,
7290111977336,false,קליפסים למפת שולחן .,נוי שיווק,CN,קליפסים למפה,יחידה,1.00,יחידה,false,1,7.90,7.90,true,1,
7290111977435,false,"מסננת מתקפלת 24.5 ס""מ",נוי שיווק,CN,מסננת מתקפלת,יחידה,1.00,יחידה,false,1,11.90,11.90,true,1,
7290111977589,false,"קערה נירוסטה עמוקה ""30",נוי שיווק,CN,קערה נירוסטה,יחידה,1.00,יחידה,false,1,24.90,24.90,true,1,
7290111977770,false,זוג מתלים למגבות,,CN,זוג מתלים למגבות,יחידה,1.00,יחידה,false,1,11.90,11.90,true,1,
7290112001030,false,אירוויק פיור מילוי למכשי,"יצרן המכשיר: זובלה, שנזן",GB,ארוויק מילוי,מיליליטרים,250.00,"100 מ""ל",false,1,14.90,5.96,true,1,
7290112001436,false,מנקה מדיח לימון 250מל,רקיט בנקיזר,PL,פיניש מנקה מדיח,מיליליטרים,250.00,"100 מ""ל",false,1,14.90,5.96,true,1,
7290112001641,false,"מסיר כתמים קליה 950 מ""ל",רקיט בנקיזר,IL,קליה מסיר כתמים,מיליליטרים,950.00,"100 מ""ל",false,1,14.90,1.57,true,1,
7290112002235,false,אירוויק פחית ניחוח ורדים,,CN,אירוויק פחית,יחידה,1.00,יחידה,false,1,6.60,6.60,true,1,
7290112003980,false,וניש אבקה לכב.לבנה1.35קג,רקיט בנקיזר,IT,מסיר כתמים אבקה,קילוגרמים,1.35,"ק""ג",false,1,34.90,25.85,true,1,
7290112041913,false,זוג כוסיות קריסטל קטן,,IL,זוג כוסיות קריסט,יחידה,1.00,יחידה,false,1,10.90,10.90,true,1,
7290112045027,false,מגילת אסתר - שטרות דולר,,IL,מגילת אסתר,יחידה,1.00,יחידה,false,1,9.90,9.90,true,1,
7290112192561,false,פרודונטקס הגנה מלבינה75מ,DEMICLEN,IE,משחה פרודונטקס,מיליליטרים,75.00,"100 מ""ל",false,1,29.90,39.87,true,1,
7290112192578,false,משחת פרודונטקס הגנה 75מל,DEMICLEN,IE,משחת פרודונטקס,מיליליטרים,75.00,"100 מ""ל",false,1,29.90,39.87,true,1,
7290112330352,false,דנונה פרו 20 וניל0% 200ג,"שטראוס בריאות בע""\מ",IL,דנונה פרו20 וניל,גרמים,200.00,100 גרם,false,1,5.90,2.95,true,1,
7290112330390,false,דנונה פרו 20פ.יער0% 200ג,"שטראוס בריאות בע""\מ",IL,דנונה פרו 0%,גרמים,200.00,100 גרם,false,1,5.90,2.95,true,1,
7290112330420,false,דנונה פרו לבן 2.9% 150גר,"שטראוס בריאות בע""\מ",IL,דנונה פרו לבן,גרמים,150.00,100 גרם,false,1,4.50,3.00,true,1,
7290112331946,false,רבע לשבע טורטית120גרם,"הגביע מוצרי וופלים בע""\מ",IL,רבע לשבע טורטית,גרמים,120.00,100 גרם,false,1,10.90,9.08,true,1,
7290112332158,false,בלונדי קרם שמנת 100 גרם,"שטראוס גרופ בע""\מ",IL,בלונדי קרם שמנת,גרמים,100.00,100 גרם,false,1,6.90,6.90,true,1,
7290112332585,false,"פריכיות תפו""א,אורז30 גרם",פרח,IL,"פריכיות תפו""א",גרמים,30.00,100 גרם,false,1,4.90,16.33,true,1,
7290112332691,false,פינוקיות קרם פסק זמן200ג,"הגביע מוצרי וופלים בע""\מ",IL,פינוקיות פסק זמן,גרמים,200.00,100 גרם,false,1,9.90,4.95,true,1,
7290112332899,false,בזוקה פופים קלאסי58גרם,אסקום קונפקשיין,DE,מסטיק בזוקה,גרמים,58.00,100 גרם,false,1,8.90,15.34,true,1,
7290112334305,false,סלט כרובית בטחינה 330 גר,"שטראוס גרופ בע""\מ",IL,סלט כרובית טחינה,גרמים,330.00,100 גרם,false,1,14.90,4.52,true,1,
7290112335111,false,מאסט קוביות בטעם בזוקה86,אסקום קונפקשיין,DE,מאסט קוביות,גרמים,86.00,100 גרם,false,1,12.90,15.00,true,1,
7290112335487,false,הפריכיות הטעימות קצח135ג,פרח,IL,הפריכיות הטעימות,גרמים,135.00,100 גרם,false,1,9.90,7.33,true,1,
7290112335494,false,פריכיות טעימות פוטטוס135,פרח,IL,הפריכיות הטעימות,גרמים,135.00,100 גרם,false,1,9.90,7.33,true,1,
7290112335500,false,פריכיות טעימות חלבון135ג,"פרח תעשיות מזון בע""\מ",IL,פריכיות טעימות,גרמים,135.00,100 גרם,false,1,9.90,7.33,true,1,
7290112336286,false,גמדים א.בוקר וניל 100*4ג,"שטראוס בריאות בע""\מ",IL,גמדים ארוחת בוקר,גרמים,400.00,100 גרם,false,1,9.90,2.48,true,1,
7290112336637,false,סוכ.מאסט יוגורט תות 80גר,מיישקו,PL,סוכריות מאסט,גרמים,80.00,100 גרם,false,1,6.90,8.63,true,1,
7290112336644,false,סוכריות מאסט לימון 80גרם,מיישקו,PL,סוכריות מאסט,גרמים,80.00,100 גרם,false,1,6.90,8.63,true,1,
7290112336651,false,סוכריות מאסט ריבת חלב80ג,מיישקו,PL,סוכריות מאסט,גרמים,80.00,100 גרם,false,1,6.90,8.63,true,1,
7290112337474,false,סוכריות מאסט פטל לימון80,מיישקו,PL,סוכריות מאסט,גרמים,80.00,100 גרם,false,1,6.90,8.63,true,1,
7290112337481,false,סוכריות מאסט קפוצ'ינו80ג,מיישקו,PL,סוכריות מאסט,גרמים,80.00,100 גרם,false,1,6.90,8.63,true,1,
7290112338877,false,סקי תות 125 גרם,"שטראוס בריאות בע""\מ",IL,סקי תות,גרמים,125.00,100 גרם,false,1,3.70,2.96,true,1,
7290112338884,false,סקי אפרסק 125 גרם,"שטראוס בריאות בע""\מ",IL,סקי אפרסק,גרמים,125.00,100 גרם,false,1,3.70,2.96,true,1,
7290112339553,false,סקי וניל צרפתי 125 גרם,"שטראוס בריאות בע""\מ",IL,סקי וניל צרפתי,גרמים,125.00,100 גרם,false,1,3.70,2.96,true,1,
7290112339867,false,גמדים סקוויז לדרך תות100,"שטראוס בריאות בע""\מ",IL,גמדים לדרך,גרמים,100.00,100 גרם,false,1,5.90,5.90,true,1,
7290112339874,false,גמדים לדרך תות בננה100ג,"שטראוס בריאות בע""\מ",IL,גמדים לדרך,גרמים,100.00,100 גרם,false,1,5.90,5.90,true,1,
7290112340122,false,פריכיות טעימות 3דגנים135,פרח,IL,פריכיות טעימות,גרמים,135.00,100 גרם,false,1,9.90,7.33,true,1,
7290112340245,false,מסטיק דובדבן צנצנת 66גרם,"שטראוס גרופ בע""\מ",IL,מסטיק דובדבן,גרמים,66.00,100 גרם,false,1,8.90,13.48,true,1,
7290112340276,false,פינוקיות קרם קפה נמס200ג,"הגביע מוצרי וופלים בע""\מ",IL,פינוקיות קרם קפה,גרמים,200.00,100 גרם,false,1,9.90,4.95,true,1,
7290112341112,false,משקה חלב מוקה בקבוק350מ,מחלבת יטבתה,IL,משקה חלב מוקה,מיליליטרים,350.00,"100 מ""ל",false,1,5.90,1.69,true,1,
7290112341686,false,אקטיביה 3% מארז 150*8 גר,"שטראוס בריאות בע""\מ",IL,אקטיביה מארז 8יח,קילוגרמים,1.20,"ק""ג",false,1,19.90,16.58,true,1,
7290112342270,false,פלטינום אינטנס 10% 125ג,שטראוס קפה בי.וי,IL,קפה פלטינום,גרמים,125.00,100 גרם,false,1,16.90,13.52,true,1,
7290112343260,false,רוטב שמנת קלאסי 260 גרם,מחלבת יטבתה,IL,רוטב שמנת קלאסי,גרמים,260.00,100 גרם,false,1,9.70,3.73,true,1,
7290112343451,false,בונ.פינוק מתוקים מריר,שניידרס,ES,בונבוניירה פינוק,גרמים,100.00,100 גרם,false,1,11.90,11.90,true,1,
7290112344564,false,רביולי גבינה קידס 400 גר,"שטראוס גרופ בע""\מ",IL,רביולי גבינה,גרמים,400.00,100 גרם,false,1,18.90,4.73,true,1,
7290112344724,false,מילקי בלונדי 133 גרם,"שטראוס גרופ בע""\מ",IL,מילקי בלונדי,גרמים,133.00,100 גרם,false,1,3.30,2.48,true,1,
7290112344786,false,קפה פלטינום קלאסיק200גרם,שטראוס קפה בי.וי.,IL,קפה נמס פלטינום,גרמים,200.00,100 גרם,false,1,24.90,12.45,true,1,
7290112344816,false,מילקי מתוק מלוח אגוז143ג,"שטראוס גרופ בע""\מ",IL,מילקי מתוק מלוח,גרמים,143.00,100 גרם,false,1,4.30,3.01,true,1,
7290112344847,false,מילקי טופ קרם אגוזים170מ,"שטראוס גרופ בע""\מ",IL,מילקי טופ,מיליליטרים,170.00,"100 מ""ל",false,1,4.30,2.53,true,1,
7290112344854,false,מילקי טופ קרם שוקולד170מ,"שטראוס גרופ בע""\מ",IL,מילקי טופ,גרמים,157.00,100 גרם,false,1,4.30,2.74,true,1,
7290112344991,false,דנונה לייט בטעם תות150ג,"שטראוס בריאות בע""\מ",IL,דנונה לייט,גרמים,150.00,100 גרם,false,1,4.50,3.00,true,1,
7290112346537,false,פינוקיות בטעם טורטית200ג,"הגביע מוצרי ופלים בע""\מ",IL,פינוקיות טורטית,גרמים,200.00,100 גרם,false,1,9.90,4.95,true,1,
7290112346575,false,אקטיביה עם שכבת תות150ג,"שטראוס בריאות בע""\מ",IL,אקטיביה עם תות,גרמים,150.00,100 גרם,false,1,3.90,2.60,true,1,
7290112346735,false,דנונה יווני מנגו+אפרס130,"שטראוס בריאות בע""\מ",IL,דנונה יווני,גרמים,130.00,100 גרם,false,1,2.90,2.23,true,1,
7290112346742,false,דנונה לייט עם קוקוס150ג,"שטראוס בריאות בע""\מ",IL,דנונה לייט קוקוס,גרמים,150.00,100 גרם,false,1,4.50,3.00,true,1,
7290112346766,false,דנונה לייט בננה קרמל150ג,"שטראוס בריאות בע""\מ",IL,דנונה לייט,גרמים,150.00,100 גרם,false,1,4.50,3.00,true,1,
7290112346780,false,אקטיביה ש.שועל תפוח150גר,"שטראוס בריאות בע""\מ",IL,אקטיביה תפוח,גרמים,150.00,100 גרם,false,1,3.90,2.60,true,1,
7290112346865,false,דנונה פרו15 פירות יער205,"שטראוס בריאות בע""\מ",IL,דנונה פרו,גרמים,205.00,100 גרם,false,1,5.90,2.88,true,1,
7290112346889,false,דנונה פרו 15גר+אפרסק205ג,"שטראוס בריאות בע""\מ",IL,דנונה פרו אפרסק,גרמים,205.00,100 גרם,false,1,5.90,2.88,true,1,
7290112347008,false,גמדים ארוחת בוקר תות100ג,"שטראוס בריאות בע""\מ",IL,גמדים ארוחת בוקר,גרמים,100.00,100 גרם,false,1,5.90,5.90,true,1,
7290112347220,false,סקי מעדן גבינה+מנגו 125ג,"שטראוס בריאות בע""\מ",IL,סקי עם מנגו,גרמים,125.00,100 גרם,false,1,3.70,2.96,true,1,
7290112347473,false,דנונה לייט תות/אפרס150*8,"שטראוס בריאות בע""\מ",IL,דנונה לייט 8 יח,קילוגרמים,1.20,"ק""ג",false,1,26.90,22.42,true,1,
7290112348142,false,שעועית לבנה 380 גרם,קונסרב איטליה,IT,שעועית לבנה,גרמים,380.00,100 גרם,false,1,5.90,1.55,true,1,
7290112348234,false,פסק זמן פטיסרי קרם פטל35,"שטראוס גרופ בע""\מ",IL,פסק זמן פטיסרי,גרמים,35.00,100 גרם,false,1,4.90,14.00,true,1,
7290112348999,false,פריכ.טעימות תירס דקות135,פרח,IL,פריכיות תירס,גרמים,135.00,100 גרם,false,1,9.90,7.33,true,1,
7290112349125,false,בונבוניירה לב חלב 50 גרם,תות תעשיות מזון (2014) ב,IL,בונבוניירה לב,גרמים,50.00,100 גרם,false,1,9.90,19.80,true,1,
7290112349538,false,קפה עלית טורקי 160 גרם,שטראוס קפה בי.וי.,IL,קפה עלית טורקי,גרמים,160.00,100 גרם,false,1,11.90,7.44,true,1,
7290112349668,false,שוקולד ספלנדיד 90% 100גר,"שטראוס גרופ בע""\מ",IL,שוקולד ספלנדיד,גרמים,100.00,100 גרם,false,1,9.90,9.90,true,1,
7290112349699,false,פסאטה מחית עגבניות 350 ג,אמיליאנה קונסרב סוסייטה,IT,מחית עגבניות,גרמים,350.00,100 גרם,false,1,6.90,1.97,true,1,
7290112349705,false,פומודורו רוטב לפסטה350גר,אמיליאנה קונסרב סוסייטה,IT,רוטב לפסטה,גרמים,350.00,100 גרם,false,1,10.90,3.11,true,1,
7290112349736,false,רוט.עגב.בזיליקום פסטה350,אמיליאנה קונסרב סוסייטה,IT,רוטב עגבניות,גרמים,350.00,100 גרם,false,1,10.90,3.11,true,1,
7290112349743,false,רוטב עגבנ.פיקנטי פסטה350,אמיליאנה קונסרב סוסייטה,IT,רוטב עגבניות,גרמים,350.00,100 גרם,false,1,10.90,3.11,true,1,
7290112349750,false,רוטב עגבניות לפיצה 350גר,אמיליאנה קונסרב סוסייטה,IT,רוטב עגבניות,גרמים,350.00,100 גרם,false,1,10.90,3.11,true,1,
7290112350275,false,קפסולות 55 גרם LUNGO,שטראוס קפה בי.וי,IL,קפסולות עלית,גרמים,55.00,100 גרם,false,1,14.90,27.09,true,1,
7290112350350,false,פסק זמן פטיסרי ק.אגוזי35,"שטראוס גרופ בע""\מ",IL,פסק זמן פטיסרי,גרמים,35.00,100 גרם,false,1,4.90,14.00,true,1,
7290112351197,false,שוקולד מיקס עוגיות+שקד95,"שטראוס גרופ בע""\מ",IL,שוקולד פרה,גרמים,95.00,100 גרם,false,1,4.90,5.16,true,1,
7290112351210,false,שוקולד מיקס וופל+קוקוס95,"שטראוס גרופ בע""\מ",IL,שוקולד פרה,גרמים,95.00,100 גרם,false,1,4.90,5.16,true,1,
7290112351463,false,"סוכ.טעם פטל לימון לל""ס45","הליקון גידה בע""\מ",TR,"סוכריות לל""ס",גרמים,45.00,100 גרם,false,1,7.90,17.56,true,1,
7290112351470,false,"סוכ.טעם רימון תות לל""ס45","הליקון גידה בע""\מ",TR,"סוכריות לל""ס",גרמים,45.00,100 גרם,false,1,7.90,17.56,true,1,
7290112352057,false,בונ.איחולים מתוקים137גרם,תופינית,IL,בונבונ.איחולים,גרמים,137.00,100 גרם,false,1,19.90,14.53,true,1,
7290112353214,false,מאגדת שלישיית פסק זמן,"שטראוס גרופ בע""\מ",IL,שלישיית פסק זמן,גרמים,120.00,100 גרם,false,1,9.90,8.25,true,1,
7290112353221,false,שלישיית פסק זמן סדרת הפט,"שטראוס גרופ בע""\מ",IL,פסק זמן פטיסרי ק,גרמים,105.00,100 גרם,false,1,9.90,9.43,true,1,
7290112353238,false,מאגדת שלישיית פסק זמן 4P,"שטראוס גרופ בע""\מ",IL,מאגדת שלישיית פס,גרמים,120.00,100 גרם,false,1,9.90,8.25,true,1,
7290112353412,false,"פריכ.תפו""א אפונה סלק30ג",פרח,IL,"פריכיות תפו""א",גרמים,30.00,100 גרם,false,1,4.90,16.33,true,1,
7290112354747,false,דנונה בר בננ+קורנפלקס172,"שטראוס בריאות בע""\מ",IL,דנונה בר,גרמים,172.00,100 גרם,false,1,4.30,2.50,true,1,
7290112355027,false,דנונה פרו20 קרמל מלוח200,"שטראוס בריאות בע""\מ",IL,דנונה פרו קרמל,גרמים,200.00,100 גרם,false,1,5.90,2.95,true,1,
7290112355034,false,דנונה פרו20 חמאת בוטנ200,"שטראוס בריאות בע""\מ",IL,דנונה פרו 20,גרמים,200.00,100 גרם,false,1,5.90,2.95,true,1,
7290112355058,false,דנונה פרו 20 רימון 200 ג,"שטראוס בריאות בע""\מ",IL,דנונה פרו רימון,גרמים,200.00,100 גרם,false,1,5.90,2.95,true,1,
7290112355102,false,גמדים לדרך סלט פירות100ג,"שטראוס בריאות בע""\מ",IL,גמדים לדרך,גרמים,100.00,100 גרם,false,1,5.90,5.90,true,1,
7290112355256,false,רוטב שמנת 4גבינות9% 262ג,מחלבת יטבתה,IL,רוטב שמנת,גרמים,262.00,100 גרם,false,1,9.70,3.70,true,1,
7290112355317,false,רביולי במילוי רוטב פיצה,"שטראוס גרופ בע""\מ",IL,רביולי רוטב פיצה,גרמים,400.00,100 גרם,false,1,18.90,4.73,true,1,
7290112355461,false,חומוס בסגנון ירושלמי,"שטראוס גרופ בע""\מ",IL,חומוס בסגנון ירו,גרמים,400.00,100 גרם,false,1,9.90,2.48,true,1,
7290112355881,false,דנונה לייט פריי תות150גר,"שטראוס בריאות בע""\מ",IL,דנונה לייט תות,גרמים,150.00,100 גרם,false,1,4.50,3.00,true,1,
7290112357045,false,עגבנ.איטלקיות מרוסקות390,קונסרב איטליה,IT,עגבניות מרוסקות,גרמים,390.00,100 גרם,false,1,5.90,1.51,true,1,
7290112357069,false,מחית עגבניות איטלקיות500,קונסרב איטליה,IT,מחית עגבניות,גרמים,500.00,100 גרם,false,1,5.90,1.18,true,1,
7290112357083,false,אפונה ירוקה 380 גרם,קונסרב איטליה,IT,אפונה ירוקה,גרמים,380.00,100 גרם,false,1,5.90,1.55,true,1,
7290112357106,false,שעועית אדומה 380 גרם,קונסרב איטליה,IT,שעועית אדומה,גרמים,380.00,100 גרם,false,1,5.90,1.55,true,1,
7290112357113,false,גרגרי חומוס 380 גרם,קונסרב איטליה,IT,גרגרי חומוס,גרמים,380.00,100 גרם,false,1,5.90,1.55,true,1,
7290112357175,false,קפסולות 50 גרם BOOST,שטראוס קפה בי.וי,IL,קפסולות BOOST,גרמים,50.00,100 גרם,false,1,14.90,29.80,true,1,
7290112358110,false,דנונה פרו 20ג +קפאין200ג,"שטראוס בריאות בע""\מ",IL,דנונה פרו קפאין,גרמים,200.00,100 גרם,false,1,5.90,2.95,true,1,
7290112358127,false,דנונה פרו20ג+מגנזיום200ג,"שטראוס בריאות בע""\מ",IL,דנונ.פרו+מגנזיום,גרמים,200.00,100 גרם,false,1,5.90,2.95,true,1,
7290112358219,false,רוטב צילי מתוק 300 גרם,"ב.א. מזון בע""\מ",IL,רוטב צ'ילי מתוק,גרמים,300.00,100 גרם,false,1,11.90,3.97,true,1,
7290112358240,false,רוטב גריל 300 גרם,"ב.א. מזון בע""\מ",IL,רוטב גריל,גרמים,300.00,100 גרם,false,1,11.90,3.97,true,1,
7290112358257,false,רוטב לעוף עם שזיפים300גר,"ב.א. מזון בע""\מ",IL,רוטב לעוף,גרמים,300.00,100 גרם,false,1,11.90,3.97,true,1,
7290112358523,false,חומוס סלק 235 גרם,"שטראוס גרופ בע""\מ",IL,חומוס סלק 235 גר,גרמים,235.00,100 גרם,false,1,9.90,4.21,true,1,
7290112358561,false,קפה פלטינום קלאסיק 47 גר,"אינסטנטבה בע""\מ",PL,קפה פלטינום קלאס,גרמים,47.00,100 גרם,false,1,6.90,14.68,true,1,
7290112358844,false,שוקולד חלב שברי אגוז100ג,"שטראוס גרופ בע""\מ",IL,שוקולד פרה אגוז,גרמים,100.00,100 גרם,false,1,4.90,4.90,true,1,
7290112359063,false,משקה שומשום טעם טבעי1ל,"משק ווילר בע""\מ",IL,משקה טעם טבעי,ליטרים,1.00,ליטר,false,1,10.90,10.90,true,1,
7290112359070,false,"משקה שומשום ללת""ס1 ליטר","משק ווילר בע""\מ",IL,"משקה סום ללת""ס",ליטרים,1.00,ליטר,false,1,10.90,10.90,true,1,
7290112359087,false,משקה שומשום בטעם וניל 1ל,"משק ווילר בע""\מ",IL,משקה בטעם וניל,ליטרים,1.00,ליטר,false,1,10.90,10.90,true,1,
7290112359674,false,דוריטוס פלמין הוט לימו70,"שטראוס פריטו ליי בע""\מ )",IL,דוריטוס פלמין,גרמים,70.00,100 גרם,false,1,2.90,4.14,true,1,
7290112359711,false,דוריטוס פלמין הוט 70 גרם,"שטראוס פריטו ליי בע""\מ )",IL,דוריטוס פלמין,גרמים,70.00,100 גרם,false,1,2.90,4.14,true,1,
7290112490117,false,שוקולד קליק וופל ואגוז85,יוניליוור ישראל מזון בעמ,IL,שוקולד קליק,גרמים,85.00,100 גרם,false,1,4.90,5.76,true,1,
7290112490209,false,נמס בכוס עגבניות ר. טבעי,יוניליוור ישראל מזון בעמ,IL,מרק נמס בכוס,גרמים,56.00,100 גרם,false,1,5.90,10.54,true,1,
7290112490216,false,נמס בכוס ט.עוף ר. טבעיים,יוניליוור ישראל מזון בעמ,IL,מרק נמס בכוס,גרמים,48.00,100 גרם,false,1,5.90,12.29,true,1,
7290112490230,false,נמס בכוס אפונה ר. טבעיים,יוניליוור ישראל מזון בעמ,IL,מרק נמס בכוס,גרמים,50.00,100 גרם,false,1,5.90,11.80,true,1,
7290112490896,false,רוטב צ'ילי חריף 370 גרם,יוניליוור,IL,רוטב צ'ילי חריף,גרמים,370.00,100 גרם,false,1,9.90,2.68,true,1,
7290112491527,false,רוטב  טריאקי שומשום310גר,יוניליוור ישראל מזון בע\,IL,רוטב  טריאקי,גרמים,310.00,100 גרם,false,1,9.90,3.19,true,1,
7290112491794,false,בייגלה דקים שמנת ובצל300,בייגל את בייגל מזון 198),IL,בייגלה דקים,גרמים,300.00,100 גרם,false,1,6.90,2.30,true,1,
7290112492449,false,שמפו לשיער רגיל700מ,יוניליוור ישראל טיפוח אי,IL,שמפו לשיער רגיל,מיליליטרים,700.00,"100 מ""ל",false,1,9.90,1.41,true,1,
7290112492456,false,שמפו פינוק יבש /פגום 700,יוניליוור ישראל טיפוח אי,IL,שמפו לשיער יבש,מיליליטרים,700.00,"100 מ""ל",false,1,9.90,1.41,true,1,
7290112492463,false,שמפו ומרכך 2 ב1- רגיל700,יוניליוור,IL,פינוק שמפו+מרכך,מיליליטרים,700.00,"100 מ""ל",false,0,9.90,1.41,true,1,
7290112492487,false,שמפו עם שמן מרוקאי700,יוניליוור ישראל טיפוח אי,IL,שמפו פינוק,מיליליטרים,700.00,"100 מ""ל",false,1,9.90,1.41,true,1,
7290112492500,false,פינוק שמפו שמן קוקוס700מ,יוניליוור,IL,שמפו פינוק,מיליליטרים,700.00,"100 מ""ל",false,1,9.90,1.41,true,1,
7290112492531,false,"מרכך פינוק רגיל 700 מ""ל",יוניליוור,IL,מרכך לשיער רגיל,מיליליטרים,700.00,"100 מ""ל",false,1,9.90,1.41,true,1,
7290112492548,false,מרכך פינוק יבש/פגום 700,יוניליוור,IL,מרכך פינוק,מיליליטרים,700.00,"100 מ""ל",false,1,9.90,1.41,true,1,
7290112492579,false,פינוק מרכך שמן קוקוס700מ,יוניליוור ישראל טיפוח אי,IL,מרכך פינוק,מיליליטרים,700.00,"100 מ""ל",false,1,9.90,1.41,true,1,
7290112492593,false,תח.רחצה פינוק קלאסי700מ,יוניליוור ישראל טיפוח אי,IL,תחליב רחצה פינוק,מיליליטרים,500.00,"100 מ""ל",false,1,9.90,1.98,true,1,
7290112492609,false,תח.פינוק לבנדר וניל 700מ,יוניליוור ישראל טיפוח אי,IL,תחליב רחצה פינוק,מיליליטרים,700.00,"100 מ""ל",false,1,9.90,1.41,true,1,
7290112492616,false,תחליב פינוק שמן מרוקא700,יוניליוור ישראל טיפוח אי,IL,תחליב רחצה פינוק,מיליליטרים,700.00,"100 מ""ל",false,1,9.90,1.41,true,1,
7290112492623,false,פינוק רחצה שמן קוקוס700מ,יוניליוור,IL,פינוק תחליב רחצה,מיליליטרים,700.00,"100 מ""ל",false,1,9.90,1.41,true,1,
7290112492630,false,פינוק רחצה לגבר3ב1 700מל,יוניליוור ישראל טיפוח אי,IL,פינוק 3 ב1- לגבר,מיליליטרים,700.00,"100 מ""ל",false,1,9.90,1.41,true,1,
7290112492647,false,"פינוק 3 ב1- לגבר 700 מ""ל",יוניליוור ישראל טיפוח אי,IL,פינוק רחצה לגבר,מיליליטרים,700.00,"100 מ""ל",false,1,9.90,1.41,true,1,
7290112492715,false,שמפו פינוק לסירוק קל700מ,יוניליוור ישראל טיפוח אי,IL,שמפו פינוק ילדים,מיליליטרים,700.00,"100 מ""ל",false,1,11.90,1.70,true,1,
7290112492722,false,פינוק לסירוק קל2ב1 700מל,יוניליוור ישראל טיפוח אי,IL,פינוק שמפו ומרכך,מיליליטרים,700.00,"100 מ""ל",false,1,11.90,1.70,true,1,
7290112492746,false,מרכך פינוק לסירוק קל700מ,יוניליוור ישראל טיפוח אי,IL,מרכך פינוק ילדים,מיליליטרים,700.00,"100 מ""ל",false,1,11.90,1.70,true,1,
7290112492753,false,אל סבון פינוק ילדים 700מ,יוניליוור ישראל טיפוח אי,IL,אל סבון לילדים,מיליליטרים,700.00,"100 מ""ל",false,1,11.90,1.70,true,1,
7290112493293,false,נמס בכוס ירקות ר.טבעי44ג,יוניליוור ישראל מזון בעמ,IL,נמס בכוס,גרמים,44.00,100 גרם,false,1,5.90,13.41,true,1,
7290112493873,false,דגדג חטיף אפוי מלוח400ג,בייגל את בייגל מזון 198),IL,דגדג חטיף אפוי,גרמים,400.00,100 גרם,false,1,11.50,2.88,true,1,
7290112493927,false,קרמיסימו ריבת חלב 1.33 ל,"גלידת שטראוס בע""\מ",IL,קרמיסימו ריבת חל,ליטרים,1.33,ליטר,false,1,17.90,13.46,true,1,
7290112493934,false,קרמיסימו וניל צרפתי 1.33,"גלידת שטראוס בע""\מ",IL,קרמיסימו וניל צר,ליטרים,1.33,ליטר,false,1,17.90,13.46,true,1,
7290112493965,false,קרמיסימו מסטיגם 1.33 ליט,"גלידת שטראוס בע""\מ",IL,קרמיסימו מסטיגם,ליטרים,1.33,ליטר,false,1,17.90,13.46,true,1,
7290112494221,false,קליק ביסקוויט 65 גרם,יוניליוור ישראל מזון בע\,IL,קליק ביסקוויט,גרמים,65.00,100 גרם,false,1,4.90,7.54,true,1,
7290112494238,false,קליק כדורים 65 גרם,יוניליוור ישראל מזון בע\,IL,קליק כדורים,גרמים,65.00,100 גרם,false,1,4.90,7.54,true,1,
7290112494276,false,קליק כריות 65 גרם,יוניליוור ישראל מזון בע\,IL,קליק כריות,גרמים,65.00,100 גרם,false,1,4.90,7.54,true,1,
7290112494283,false,קליק חום לבן 65 גרם,יוניליוור ישראל מזון בע\,IL,קליק חום לבן,גרמים,65.00,100 גרם,false,1,4.90,7.54,true,1,
7290112494313,false,קליק קורנפלקס 65 גרם,יוניליוור ישראל מזון בע\,IL,קליק קורנפלקס,גרמים,65.00,100 גרם,false,1,4.90,7.54,true,1,
7290112494351,false,קורנפלקס אלופים בדץ 850ג,"יוניליוור שפע ישראל בע""\",IL,קורנפלקס אלופים,גרמים,850.00,100 גרם,false,1,15.90,1.87,true,1,
7290112494993,false,כריות וניל 686 גרם,"יוניליוור שפע ישראל בע""\",IL,כריות וניל,גרמים,686.00,100 גרם,false,1,21.90,3.19,true,1,
7290112495006,false,כריות נוגט 686 גרם,"יוניליוור שפע ישראל בע""\",IL,כריות נוגט,גרמים,686.00,100 גרם,false,1,21.90,3.19,true,1,
7290112495020,false,כריות צ'וקולדה 686 גרם,"יוניליוור שפע ישראל בע""\",IL,כריות צ'וקולדה,גרמים,686.00,100 גרם,false,1,21.90,3.19,true,1,
7290112495037,false,קוקומן כדורים 375 גרם,יוניליוור שפע ישראל בעמ,IL,קוקומן כדורים,גרמים,375.00,100 גרם,false,1,16.90,4.51,true,1,
7290112495044,false,קוקומן פצפוצים 375 גרם,"יוניליור שפע ישראל בע""\מ",IL,קוקומן פצפוצים,גרמים,375.00,100 גרם,false,1,16.90,4.51,true,1,
7290112495105,false,נשנושים ט.שמנת+בצל260ג,בייגל את בייגל מזון 198),IL,נשנושים שמנת בצל,גרמים,260.00,100 גרם,false,1,9.90,3.81,true,1,
7290112495112,false,נשנושים זעתר 260 גרם,בייגל את בייגל מזון 198),IL,נשנושים זעתר,גרמים,260.00,100 גרם,false,1,9.90,3.81,true,1,
7290112495143,false,נשנושים קוקטייל מלוח300ג,בייגל את בייגל מזון 198),IL,נשנושי קרקר,גרמים,300.00,100 גרם,false,1,11.50,3.83,true,1,
7290112495150,false,נשנושי קרקר מלוח 300 גרם,בייגל את בייגל מזון 198),IL,נשנושי קרקר,גרמים,300.00,100 גרם,false,1,11.50,3.83,true,1,
7290112495167,false,נשנושי קרקר שומשום300ג,בייגל את בייגל מזון 198),IL,נשנושי קרקר משול,גרמים,300.00,100 גרם,false,1,11.50,3.83,true,1,
7290112495174,false,נשנושים קוקטייל שומשו300,בייגל את בייגל מזון 198),IL,נשנושי קרקר,גרמים,300.00,100 גרם,false,1,11.50,3.83,true,1,
7290112495228,false,קורנפלקס דבש 448 גרם,"יוניליוור שפע ישראל בע""\",IL,קורנפלקס דבש,גרמים,448.00,100 גרם,false,1,16.90,3.77,true,1,
7290112495235,false,קורנפלקס וניל 448 גרם,"יוניליוור שפע ישראל בע""\",IL,קורנפלקס וניל,גרמים,448.00,100 גרם,false,1,16.90,3.77,true,1,
7290112495242,false,קורנפלקס מייפל 448 גרם,"יוניליוור שפע ישראל בע""\",IL,קורנפלקס מייפל,גרמים,448.00,100 גרם,false,1,16.90,3.77,true,1,
7290112495433,false,דליפקאן 400 גרם,"יוניליור שפע ישראל בע""\מ",IL,דליפקאן,גרמים,400.00,100 גרם,false,1,19.90,4.98,true,1,
7290112495747,false,רוט.צילי מתוק70%פחות340ג,יוניליוור ישראל מזון בע\,IL,רוטב צ'ילי מתוק,גרמים,340.00,100 גרם,false,1,9.90,2.91,true,1,
7290112495754,false,רוטב לסלט אלף האיים305גר,יוניליוור ישראל מזון בע\,IL,רוטב אלף האיים,גרמים,305.00,100 גרם,false,1,9.90,3.25,true,1,
7290112495761,false,רוטב אלף האיים לייט305ג,יוניליוור ישראל מזון בע\,IL,רוטב אלף האיים,גרמים,305.00,100 גרם,false,1,9.90,3.25,true,1,
7290112495785,false,רוטב שום לסלט 300 גרם,יוניליוור ישראל מזון בע\,IL,רוטב שום לסלט,גרמים,300.00,100 גרם,false,1,9.90,3.30,true,1,
7290112495808,false,רוטב לסלט חרדל ודבש305גר,יוניליוור ישראל מזון בע\,IL,רוטב חרדל ודבש,גרמים,305.00,100 גרם,false,1,9.90,3.25,true,1,
7290112495815,false,רוטב חרדל ודבש לייט305גר,יוניליוור ישראל מזון בעמ,IL,רוטב חרדל ודבש,גרמים,305.00,100 גרם,false,1,9.90,3.25,true,1,
7290112495822,false,כריות בלאק 686 גרם,"יוניליוור שפע ישראל בע""\",IL,כריות בלאק,גרמים,686.00,100 גרם,false,1,21.90,3.19,true,1,
7290112496027,false,סירופ בטעם שוקולד 580 גר,יוניליוור ישראל מזון בע\,IL,סירופ בטעם שוקול,גרמים,580.00,100 גרם,false,1,10.90,1.88,true,1,
7290112496034,false,סירופ בטעם מייפל 580 גרם,יוניליוור ישראל מזון בע\,IL,סירופ בטעם מייפל,גרמים,580.00,100 גרם,false,1,10.90,1.88,true,1,
7290112496270,false,"פתית צ'יפס עם תפו""א 22ג",JLM גלובל פודסn37\ דרך א,GB,פתית צ'יפס,גרמים,22.00,100 גרם,false,1,3.90,17.73,true,1,
7290112496287,false,פתית צ'יפס+בטטה טבעי21ג,JLM גלובל פודסn37\ דרך א,GB,פתית צ'יפס,גרמים,21.00,100 גרם,false,1,3.90,18.57,true,1,
7290112496294,false,פתית צ'יפס עם אפונה 22גר,JLM גלובל פודסn37\ דרך א,GB,פתית צ'יפס,גרמים,22.00,100 גרם,false,1,3.90,17.73,true,1,
7290112496331,false,קורנפלקס בטעם בננה 448גר,"יוניליוור שפע ישראל בע""\",IL,קורנפלקס בננה,גרמים,448.00,100 גרם,false,1,16.90,3.77,true,1,
7290112497369,false,דאו דאב רול און טלק 50מל,"יוניליוור אנגליה, דרך קו",GB,דאו דאב רול און,מיליליטרים,50.00,"100 מ""ל",false,1,14.90,29.80,true,1,
7290112497826,false,דגני בוקר שוגי 850 גרם,"יוניליוור שפע ישראל בע""\",IL,דגני בוקר שוגי,גרמים,850.00,100 גרם,false,1,24.90,2.93,true,1,
7290112498267,false,אל סבון ידיים קלאסי 950,יוניליוור,TR,אל סבון פינוק,מיליליטרים,950.00,"100 מ""ל",false,1,11.90,1.25,true,1,
7290112498274,false,אל סבון ידיים לבנדר 950,יוניליוור,TR,אל סבון פינוק,מיליליטרים,950.00,"100 מ""ל",false,1,11.90,1.25,true,1,
7290112498281,false,אלסב.ידיים שמן קוקוס950מ,יוניליוור,TR,אל סבון פינוק,מיליליטרים,950.00,"100 מ""ל",false,1,11.90,1.25,true,1,
7290112498298,false,אלסב..ידיים שמן מרוק950,יוניליוור,TR,אל סבון פינוק,מיליליטרים,950.00,"100 מ""ל",false,1,11.90,1.25,true,1,
7290112498434,false,רוטב גריל אסייתי 370 גרם,יוניליוור ישראל מזון בע\,IL,רוטב גריל אסייתי,גרמים,370.00,100 גרם,false,1,9.90,2.68,true,1,
7290112498441,false,רוטב אסייתי למוקפץ 370 ג,יוניליוור ישראל מזון בע\,IL,רוטב אסייתי,גרמים,370.00,100 גרם,false,1,9.90,2.68,true,1,
7290112498526,false,פתית צ'יפס+בטטה סגולה22ג,JLM גלובל פודסn37\ דרך א,GB,פתית צ'יפס בטטה,גרמים,22.00,100 גרם,false,1,3.90,17.73,true,1,
7290112498533,false,פתית צ'יפס עם חומוס 21 ג,JLM גלובל פודסn37\ דרך א,GB,פתית צ'יפס+חומוס,גרמים,21.00,100 גרם,false,1,3.90,18.57,true,1,
7290112498540,false,רקסונה מן ספריי ספורט150,"ארנסט, רחוב קומבינצקיה 6",RU,דאו ספריי מן ספו,מיליליטרים,150.00,"100 מ""ל",false,1,13.90,9.27,true,1,
7290112498632,false,מאגדת מיני קרצופים 250 ג,"גלידת שטראוס בע""\מ, רח'\",IL,מאגדת מיני קרצופ,גרמים,250.00,100 גרם,false,1,28.90,11.56,true,1,
7290112498748,false,סולרו מיני תות 5יחידות,"מיוצר ע""\י גלידת שטראוס",IL,מאגדת סולרו מיני,גרמים,350.00,100 גרם,false,1,19.90,5.69,true,1,
7290112498816,false,גלידונית בטעם פיסטוק 60,"גלידת שטראוס בע""\מ, רח'\",IL,גלידונית בטעם פי,גרמים,630.00,100 גרם,false,1,39.90,6.33,true,1,
7290112498885,false,מאגדת גודיז תות שוקלדלבן,"גלידת שטראוס בע""\מ, רח'\",IL,מאגדת גודיז,גרמים,235.00,100 גרם,false,1,21.90,9.32,true,1,
7290112498908,false,מאגדת קורנטו בננהשוקוציפ,"מיוצר ע""\י גלידת שטראוס",IL,מארז קורנטו בננה,גרמים,390.00,100 גרם,false,1,31.90,8.18,true,1,
7290112498915,false,מאגדת מיני מגנום שקדים מ,"מיוצר ע""\י גלידת שטראוס",IL,מיני מגנום שקדים,גרמים,250.00,100 גרם,false,1,22.90,9.16,true,1,
7290112498922,false,מאגדת מיני מגנום לבן 5 י,"מיוצר ע""\י גלידת שטראוס",IL,מאגדת מיני מגנום,גרמים,250.00,100 גרם,false,1,22.90,9.16,true,1,
7290112499448,false,פינוק מרכך + שמן מרוקאי,יוניליוור ישראל טיפוח אי,IL,מרכך שיער פינוק,מיליליטרים,700.00,"100 מ""ל",false,1,9.90,1.41,true,1,
7290112499455,false,תחליב רחצה בתוספת שמן700,יוניליוור ישראל טיפוח אי,IL,תחליב רחצה פינוק,מיליליטרים,700.00,"100 מ""ל",false,1,9.90,1.41,true,1,
7290112499462,false,פינוק רחצה+שמן קוקוס700מ,יוניליוור ישראל טיפוח אי,IL,תחליב רחצה פינוק,מיליליטרים,700.00,"100 מ""ל",false,1,9.90,1.41,true,1,
7290112499479,false,"שמפו פינוק קרטין 700 מ""ל",יוניליוור ישראל טיפוח אי,IL,שמפו פינוק,מיליליטרים,700.00,"100 מ""ל",false,1,9.90,1.41,true,1,
7290112499486,false,"מרכך פינוק קרטין 700מ""ל",יוניליוור ישראל טיפוח אי,IL,מרכך פינוק,מיליליטרים,700.00,"100 מ""ל",false,1,9.90,1.41,true,1,
7290112499622,false,שוקו עוגיות וניל צ'יפס,שטראוס,IL,שוקו עוגיות וני,ליטרים,2.00,ליטר,false,1,19.90,9.95,true,1,
7290112499691,false,מאגדת מיני מגנום לבן+שקד,"גלידת שטראוס בע""\מ רח'\",IL,מאגדת מיני מגנו,גרמים,250.00,100 גרם,false,1,22.90,9.16,true,1,
7290112499776,false,מאגדת גודיז 3 שוקולדים 2,"גלידת שטראוס בע""\מ, רח'\",IL,מאגדת גודיז 3 שו,גרמים,240.00,100 גרם,false,1,21.90,9.13,true,1,
7290112499790,false,גלידת פסק זמן נוגט 520 מ,"מיוצר ע""\י גלידת שטראוס",IL,גלידת פסק זמן,מיליליטרים,520.00,"100 מ""ל",false,1,17.90,3.44,true,1,
7290112499806,false,גלידת פסק זמן ריבת חלב,"מיוצר ע""\י גלידת שטראוס",IL,גלידה פסק זמן,מיליליטרים,520.00,"100 מ""ל",false,1,17.90,3.44,true,1,
7290112499844,false,מאגדת מיני מגנום דואט יח,"גלידת שטראוס בע""\מ, רח'\",IL,מאגדת מגנום מיני,גרמים,310.00,100 גרם,false,1,22.90,7.39,true,1,
7290112499868,false,מאגדת מיני מגנום טבעוני,"גלידת שטראוס בע""\מ, רח'\",IL,מאגדת מיני מגנו,גרמים,250.00,100 גרם,false,1,22.90,9.16,true,1,
7290112499943,false,מאגדת מיני מגנום קלאסיק,"גלידות שטראוס בע""\מ, רח\",IL,מאגדת מיני מגנום,גרמים,250.00,100 גרם,false,1,22.90,9.16,true,1,
7290112499974,false,מאגדת מיני שלגון פסק זמן,"גלידת שטראוס בע""\מ, רח'\",IL,מאגדת מיני שלגון,גרמים,280.00,100 גרם,false,1,23.90,8.54,true,1,
7290112960986,false,מאגדת דובדבן אננס 700 גר,גלידות נסטלה )נגה גלידות,IL,מאגדת דובדבן אננ,גרמים,700.00,100 גרם,false,1,14.90,2.13,true,1,
7290112961143,false,נתחים צמחוניים בסגנון,טבעול,IL,נתחים צמחוניים ב,גרמים,470.00,100 גרם,false,1,29.90,6.36,true,1,
7290112961372,false,פיטנס פריכיות קינמון,"פרח תעשיות מזון בע""\מ",IL,פיטנס פריכיות,גרמים,60.00,100 גרם,false,1,7.90,13.17,true,1,
7290112961464,false,חטיפי פריכיות מתובלות60ג,"פרח תעשיות מזון בע""\מ",IL,חטיפי פריכיות,גרמים,60.00,100 גרם,false,1,7.90,13.17,true,1,
7290112962225,false,פסטה בצורות חיות 400 גרם,פסטה זארה,IT,פסטה צורות חיות,גרמים,400.00,100 גרם,false,1,5.70,1.43,true,1,
7290112962249,false,טבעול לביבות בטטה 99 קלו,טבעול,IL,לביבות בטטה,גרמים,500.00,100 גרם,false,1,29.90,5.98,true,1,
7290112962546,false,לה פרוטה מלון תפוח 350 ג,נגה גלידות,IL,מאגדת לה פרוטה,גרמים,350.00,100 גרם,false,1,19.90,5.69,true,1,
7290112963529,false,אקסטרים שוקו וניל פרווה,גלידות נסטלה )נגה גלידות,IL,מאגדת אקסטרים ש,גרמים,444.00,100 גרם,false,1,19.90,4.48,true,1,
7290112963895,false,קרקר דק כפרי פיטנס 150גר,אסם,IL,קרקר דק פיטנס,גרמים,150.00,100 גרם,false,1,10.90,7.27,true,1,
7290112963918,false,קרקר דק רוזמרין פיטנס140,אסם,IL,קרקר דק פיטנס,גרמים,140.00,100 גרם,false,1,10.90,7.79,true,1,
7290112964410,false,רוטב אלף האיים 290 גרם,אסם,IL,רוטב אלף האיים,גרמים,290.00,100 גרם,false,1,8.90,3.07,true,1,
7290112964434,false,רוטב קיסר לסלט 295 גרם,אסם,IL,רוטב קיסר לסלט,גרמים,295.00,100 גרם,false,1,8.90,3.02,true,1,
7290112964502,false,רוטב אלף האיים 600 גרם,אסם,IL,רוטב אלף האיים,גרמים,600.00,100 גרם,false,1,14.90,2.48,true,1,
7290112964564,false,רוטב אלף האיים לייט295ג,אסם,IL,רוטב אלף האיים,גרמים,295.00,100 גרם,false,1,8.90,3.02,true,1,
7290112964700,false,רוטב חרדל ודבש לסלט295גר,אסם,IL,רוטב חרדל ודבש,גרמים,295.00,100 גרם,false,1,8.90,3.02,true,1,
7290112964724,false,המבורגר צמחוני 580 גרם,טבעול,IL,המבורגר צמחוני,גרמים,580.00,100 גרם,false,1,29.90,5.16,true,1,
7290112965165,false,מרק נמס פטריות 2 * 24גרם,אסם,IL,זוג מרק נמס,גרמים,48.00,100 גרם,false,1,4.90,10.21,true,1,
7290112965264,false,מרק נמס אפונה 2 * 26 גרם,אסם,IL,זוג מרק נמס,גרמים,52.00,100 גרם,false,1,4.90,9.42,true,1,
7290112965288,false,מרק נמס ירקות 2 * 28 גרם,אסם,IL,זוג מרק נמס,גרמים,56.00,100 גרם,false,1,4.90,8.75,true,1,
7290112965301,false,מרק נמס טעם עוף 26*2גרם,אסם,IL,זוג מרק נמס,גרמים,52.00,100 גרם,false,1,4.90,9.42,true,1,
7290112965448,false,ויטמינצ.פטל פחות סוכר500,עסיס תעשיות מזון,IL,ויטמינצ'יק פטל,מיליליטרים,500.00,"100 מ""ל",false,1,14.90,2.98,true,1,
7290112965608,false,פסטה לבבות 400 גרם,ניולט פוד ס.פ.א,IT,פסטה לבבות,גרמים,400.00,100 גרם,false,1,5.70,1.43,true,1,
7290112965660,false,חטיף פיטנס מלח+פלפל25גר,"אסם השקעות בע""\מ",IL,חטיף פיטנס מלח,גרמים,25.00,100 גרם,false,1,4.50,18.00,true,1,
7290112965684,false,חטיף פיטנס עשבי תיבול25ג,"אסם השקעות בע""\מ",IL,חטיף פיטנס,גרמים,25.00,100 גרם,false,1,4.50,18.00,true,1,
7290112965707,false,חטיף פיטנס צ'ילי 25 גרם,"אסם השקעות בע""\מ",IL,חטיף פיטנס צ'ילי,גרמים,25.00,100 גרם,false,1,4.50,18.00,true,1,
7290112965745,false,ביסלי פריסטייל בצל מעו60,"אסם השקעות בע""\מ",IL,ביסלי פריסטייל,גרמים,60.00,100 גרם,false,1,3.80,6.33,true,1,
7290112965783,false,ביסלי פריסטייל על האש60ג,"אסם השקעות בע""\מ",IL,ביסלי פריסטייל,גרמים,60.00,100 גרם,false,1,3.80,6.33,true,1,
7290112965806,false,ביסלי פריסטייל חמוץ חר60,,IL,ביסלי פריסטייל,גרמים,60.00,100 גרם,false,1,3.80,6.33,true,1,
7290112965905,false,בייגלה שמינ.מלח מעודן400,"אסם השקעות בע""\מ",IL,בייגלה שמיניות,גרמים,400.00,100 גרם,false,1,8.90,2.23,true,1,
7290112966070,false,לחמית כוסמין+גרע.דלעת160,יקנעם,IL,לחמית כוסמין,גרמים,160.00,100 גרם,false,1,7.50,4.69,true,1,
7290112966247,false,לחמית כוסמין 200 גרם,אסם יקנעם,IL,לחמית כוסמין,גרמים,200.00,100 גרם,false,1,7.50,3.75,true,1,
7290112966445,false,במבה תות 100 גרם,"אסם השקעות בע""\מ",IL,במבה תות,גרמים,100.00,100 גרם,false,1,6.90,6.90,true,1,
7290112966827,false,פודינג אינסט.שוק.כשלפ90ג,"אסם השקעות בע""\מ",IL,פודינג שוקולד,גרמים,90.00,100 גרם,false,1,4.90,5.44,true,1,
7290112966841,false,פודינג ט.שוקולד מריר90גר,"אסם השקעות בע""\מ",IL,פודינג שוקולד,גרמים,90.00,100 גרם,false,1,4.90,5.44,true,1,
7290112967138,false,"בייגלה שמיניות לל""ג 250ג","אסם השקעות בע""\מ",IL,בייגלה שמיניות,גרמים,250.00,100 גרם,false,1,9.90,3.96,true,1,
7290112967206,false,מארז במבה מתוקה 10 יחידו,"אסם השקעות בע""\מ",IL,מארז במבה מתוקה,גרמים,150.00,100 גרם,false,1,11.90,7.93,true,1,
7290112967848,false,ג'לי ט.תות מופחת סוכר68ג,"אסם השקעות בע""\מ",IL,ג'לי מופחת סוכר,גרמים,68.00,100 גרם,false,1,5.90,8.68,true,1,
7290112968203,false,סלט טחינה בלאדי 250 גרם,צבר,IL,סלט טחינה בלאדי,גרמים,250.00,100 גרם,false,1,9.90,3.96,true,1,
7290112968340,false,חומוס גרוס גס גס 400 גרם,צבר,IL,חומוס גרוס גס גס,גרמים,400.00,100 גרם,false,1,11.90,2.98,true,1,
7290112968401,false,חומוס גרגירים רכים 400 ג,צבר,IL,חומוס גרגירים,גרמים,400.00,100 גרם,false,1,11.90,2.98,true,1,
7290112968524,false,חומוס סמיר 250 גרם,צבר,IL,חומוס סמיר,גרמים,250.00,100 גרם,false,1,9.90,3.96,true,1,
7290112968685,false,חומוס גרגרים בתטבילה400ג,צבר,IL,חומוס גרגרים,גרמים,400.00,100 גרם,false,1,11.90,2.98,true,1,
7290112968708,false,"טבעול שניצל תירס 1.3 ק""ג","טבעול תעשיות מזון בע""\מ",IL,טבעול שניצל תירס,קילוגרמים,1.30,"ק""ג",false,1,39.90,30.69,true,1,
7290112968722,false,טבעול נקניקיה מן הצומח,"טבעול תעשיות מזון בע""\מ",IL,נקניקיה מן הצומח,קילוגרמים,1.20,"ק""ג",false,1,39.90,33.25,true,1,
7290112968807,false,קרקר דק פיטנס סלק 140גרם,אסם,IL,קרקר דק פיטנס,גרמים,140.00,100 גרם,false,1,10.90,7.79,true,1,
7290112968821,false,קרקר דק פיטנס בטטה 140גר,אסם,IL,קרקר דק פיטנס,גרמים,140.00,100 גרם,false,1,10.90,7.79,true,1,
7290113193321,false,שמן זית כתית בית השיטה,אצטס אבסה אס. איי. יו.,ES,שמן זית,מיליליטרים,750.00,"100 מ""ל",false,1,29.90,3.99,true,1,
7290113196568,false,תערובת פיצוחים בגביע 250,,IL,תערובת פיצוחים,גרמים,250.00,100 גרם,false,1,19.90,7.96,true,1,
7290113196575,false,שקד קלוי בגביע 250 גרם,,IL,שקד קלוי בגביע,גרמים,250.00,100 גרם,false,1,19.90,7.96,true,1,
7290113196582,false,בוטנים קלויים בגביע 300,,IL,בוטנים קלויים,גרמים,300.00,100 גרם,false,1,14.90,4.97,true,1,
7290113196599,false,משמש 330 גרם,,IL,משמש,גרמים,330.00,100 גרם,false,1,14.90,4.52,true,1,
7290113196605,false,שזיף ללא גלעין 330 גרם,,IL,שזיף ללא גלעין,גרמים,330.00,100 גרם,false,1,14.90,4.52,true,1,
7290113196612,false,חמוציות 330 גרם,,IL,חמוציות,גרמים,330.00,100 גרם,false,1,14.90,4.52,true,1,
7290113196629,false,צימוק לבן 330 גרם,,IL,צימוק לבן,גרמים,330.00,100 גרם,false,1,14.90,4.52,true,1,
7290113196636,false,צימוק חום 330 גרם,,IL,צימוק חום,גרמים,330.00,100 גרם,false,1,14.90,4.52,true,1,
7290113196643,false,קשיו טבעי 200 גרם,,IL,קשיו טבעי,גרמים,200.00,100 גרם,false,1,14.90,7.45,true,1,
7290113196650,false,אגוזי מלך 200 גרם,,IL,אגוזי מלך,גרמים,200.00,100 גרם,false,1,14.90,7.45,true,1,
7290113196667,false,שקד טבעי 200 גרם,,IL,שקד טבעי,גרמים,200.00,100 גרם,false,1,14.90,7.45,true,1,
7290113196674,false,שקד פרוס 200 גרם,,IL,שקד פרוס,גרמים,200.00,100 גרם,false,1,14.90,7.45,true,1,
7290113196698,false,דלעת מקולפת 250 גרם,,IL,דלעת מקולפת,גרמים,250.00,100 גרם,false,1,14.90,5.96,true,1,
7290113196704,false,חמניות קלופות 300 גרם,,IL,חמניות קלופות,גרמים,300.00,100 גרם,false,1,14.90,4.97,true,1,
7290113196711,false,שקד משובב 200 גרם,,IL,שקד משובב,גרמים,200.00,100 גרם,false,1,14.90,7.45,true,1,
7290113196728,false,שקד טחון 200 גרם,,IL,שקד טחון,גרמים,200.00,100 גרם,false,1,14.90,7.45,true,1,
7290113790773,false,רב שקע+מפסק 3 שקעים 1מ .,,IL,רב שקע 3 עם מפסק,יחידה,1.00,יחידה,false,1,19.90,19.90,true,1,
7290113791053,false,שעון שבת מכני קטן .,,IL,שעון שבת,יחידה,1.00,יחידה,false,1,19.90,19.90,true,1,
7290114310215,false,שמנת מתוקה38% בקבוק250מל,מילקו תעשיות בעמ,IL,שמנת מתוקה 38%,מיליליטרים,250.00,"100 מ""ל",false,1,5.90,2.36,true,1,
7290114310345,false,מעדן יוגורט תות1.5% 125ג,מילקו תעשיות בעמ,IL,מו מעדן תות,גרמים,125.00,100 גרם,false,1,2.90,2.32,true,1,
7290114310352,false,Heaven תפוח ופטל 6% 120,טרה,IL,יוגורט Heaven,גרמים,120.00,100 גרם,false,1,4.90,4.08,true,1,
7290114310369,false,Heaven תות אננס 6% 120 ג,טרה,IL,Heaven תות אננס,גרמים,120.00,100 גרם,false,1,4.90,4.08,true,1,
7290114310376,false,Heaven מנגו פסיפלורה120ג,טרה,IL,יוגורט Heaven,גרמים,120.00,100 גרם,false,1,4.90,4.08,true,1,
7290114310475,false,נעם פרוס בטעם פיקנטי200ג,מילקו תעשיות בעמ,IL,נעם בטעם פיקנטי,גרמים,200.00,100 גרם,false,1,19.90,9.95,true,1,
7290114310482,false,נעם פרוס בטעם מעושן200ג,מילקו תעשיות בעמ,IL,נעם בטעם מעושן,גרמים,200.00,100 גרם,false,1,19.90,9.95,true,1,
7290114310499,false,מולר מיקס פקאן מצופה185ג,טרה,IL,יוגורט מולר מיקס,גרמים,185.00,100 גרם,false,1,5.30,2.86,true,1,
7290114310505,false,מולר מיקס תות קורנפל185ג,טרה,IL,יוגורטמולר מיקס,גרמים,185.00,100 גרם,false,1,5.30,2.86,true,1,
7290114310529,false,מולר מיקס טבעות מצופות,טרה,IL,"מולר מיקס כשל""פ",מיליליטרים,170.00,"100 מ""ל",false,1,5.30,3.12,true,1,
7290114310536,false,מולר אקטיב לייט וניל200ג,טרה,IL,מולר אקטיב מועשר,גרמים,200.00,100 גרם,false,1,5.50,2.75,true,1,
7290114310543,false,מולר אקטיב קפוצ'ינו 200ג,טרה,IL,מולר אקטיב מועשר,גרמים,200.00,100 גרם,false,1,5.50,2.75,true,1,
7290114310574,false,קרם שמנת עיזים5% 200 גרם,משק צוריאל,IL,קרם שמנת עיזים,גרמים,200.00,100 גרם,false,1,12.90,6.45,true,1,
7290114310628,false,משקה חלב וניל עוגיות 1 ל,מילקו תעשיות בעמ,IL,משקה חלב,מיליליטרים,1000.00,"100 מ""ל",false,1,10.90,1.09,true,1,
7290114310932,false,יוגורט תפוז רימון3% 150ג,טרה,IL,יוגורט מולר פרופ,גרמים,150.00,100 גרם,false,1,4.70,3.13,true,1,
7290114310949,false,יוג.מולר תפוח קינמון150ג,טרה,IL,יוגורט מולר פרופ,גרמים,150.00,100 גרם,false,1,4.70,3.13,true,1,
7290114310956,false,חלב 3% בבקבוק בדצ 1 ליטר,טרה,IL,חלב 3% בבקבוק,ליטרים,1.00,ליטר,false,1,4.90,4.90,true,1,
7290114659949,false,מסכת פנים חד פעמי 50 יח',,CN,מסכת פנים חד פעמ,יחידה,1.00,יחידה,false,1,9.90,9.90,true,1,
7290115073676,false,מסכת פנים חד פעמי 50 יח',,CN,מסכת פנים חד פעמ,יחידה,1.00,יחידה,false,1,9.90,9.90,true,1,
7290115077131,false,מסכת פנים חד פעמי ילד40י,,CN,מסכת פנים חד פעמ,יחידה,1.00,יחידה,false,1,9.90,9.90,true,1,
7290115200188,false,מרק נמס עגבניות 25*2גרם,אסם,IL,זוג מרק נמס,גרמים,50.00,100 גרם,false,1,4.90,9.80,true,1,
7290115200676,false,קרמוגית קרמל מלוח 200גרם,"הגביע מוצרי וופלים בע""\מ",IL,קרמוגית קרמל,גרמים,200.00,100 גרם,false,1,9.90,4.95,true,1,
7290115200713,false,במבה קלאסי 5 * 50 ג,"אסם השקעות בע""\מ",IL,במבה קלאסי 5 יח,גרמים,250.00,100 גרם,false,1,11.90,4.76,true,1,
7290115201680,false,ביסלי ברביקיו 70 גרם,"אסם השקעות בע""\מ",IL,ביסלי ברביקיו,גרמים,70.00,100 גרם,false,1,3.80,5.43,true,1,
7290115201703,false,ביסלי ברביקיו 200 גרם,אסם,IL,ביסלי ברביקיו,גרמים,200.00,100 גרם,false,1,6.50,3.25,true,1,
7290115201727,false,ביסלי בצל 200 גרם,אסם,IL,ביסלי בצל,גרמים,200.00,100 גרם,false,1,6.50,3.25,true,1,
7290115201741,false,ביסלי בצל 70 גרם,"אסם השקעות בע""\מ",IL,ביסלי בצל,גרמים,70.00,100 גרם,false,1,3.80,5.43,true,1,
7290115202434,false,חומוס עם זעתר צבר 375 גר,מפעל צבר,IL,חומוס עם זעתר צב,גרמים,375.00,100 גרם,false,1,11.90,3.17,true,1,
7290115202687,false,חומוס עם חריף חדש צבר 3,מפעל צבר,IL,צבר חומוס עם חרי,גרמים,375.00,100 גרם,false,1,11.90,3.17,true,1,
7290115202748,false,קטשופ על האש 710 גרם,אסם,IL,קטשופ על האש,גרמים,710.00,100 גרם,false,1,9.90,1.39,true,1,
7290115203608,false,אינסטנט פודינג שוק.לבן80,"אסם השקעות בע""\מ",IL,אינסטנט פודינג,גרמים,80.00,100 גרם,false,1,4.90,6.13,true,1,
7290115204056,false,קטשופ מופחת סוכר 690 גרם,אסם,IL,קטשופ מופחת סוכר,גרמים,690.00,100 גרם,false,1,9.90,1.43,true,1,
7290115204698,false,בייגלה שטוח שומ.ביסלי300,"אסם השקעות בע""\מ",IL,בייגלה שטוחים,גרמים,300.00,100 גרם,false,1,9.90,3.30,true,1,
7290115205022,false,שקדי מרק מקלונים 350 גרם,אסם,IL,שקדי מרק,גרמים,350.00,100 גרם,false,1,9.90,2.83,true,1,
7290115206531,false,קרמוגית מילוי ק.בייגל200,אסם-נסטלה,IL,קרמוגית,גרמים,200.00,100 גרם,false,1,9.90,4.95,true,1,
7290115230031,false,מטאטא אקסטרה +מקל,ARIA YINHAI,CN,מטאטא אקסטרה,יחידה,1.00,יחידה,false,1,14.90,14.90,true,1,
7290115405057,false,פס מוס גבינה אוכמניות,קפולסקי,IL,פס מוס גבינה,גרמים,300.00,100 גרם,false,1,19.90,6.63,true,1,
7290115670561,false,ממרחית בטעם חלב 500 גרם,"שטראוס גרופ בע""\מ",IL,ממרחית חלב,גרמים,500.00,100 גרם,false,1,9.90,1.98,true,1,
7290115670578,false,ממרחית בטעם שוקולד 500 ג,"שטראוס גרופ בע""\מ",IL,ממרחית שוקולד,גרמים,500.00,100 גרם,false,1,9.90,1.98,true,1,
7290115670868,false,"כיף כף ללת""ס שקית 200ג","שטראוס גרופ בע""\מ",IL,מיני כיף כף שקית,גרמים,200.00,100 גרם,false,1,17.90,8.95,true,1,
7290115671025,false,רבע לשבע מוס קרמל מלו100,"הגביע מוצרי וופלים בע""\מ",IL,רבע לשבע מוס,גרמים,100.00,100 גרם,false,1,12.90,12.90,true,1,
7290115671063,false,אצבע.שוק.ארטיק מסטיק96ג,"שטראוס גרופ בע""\מ",IL,אצבעות שוקולד,גרמים,96.00,100 גרם,false,1,6.90,7.19,true,1,
7290115671339,false,מיני פינוקיות בייגל180ג,"הגביע מוצרי ופלים בע""\מ",IL,מיני פינוקיות,גרמים,180.00,100 גרם,false,1,9.90,5.50,true,1,
7290115671346,false,מיני פינוקיות טופי180גרם,"הגביע מוצרי ופלים בע""\מ",IL,מיני פינוקיות,גרמים,180.00,100 גרם,false,1,9.90,5.50,true,1,
7290115671612,false,פרפקט בייט קרמל+בייגל234,"שטראוס גרופ בע""\מ",IL,מיני פרפקט בייט,גרמים,234.00,100 גרם,false,1,17.90,7.65,true,1,
7290115671629,false,אצבע.שוק.ארטיק שוקו/בננה,"שטראוס גרופ בע""\מ",IL,אצבעות שוקולד,גרמים,96.00,100 גרם,false,1,6.90,7.19,true,1,
7290115673777,false,פסק זמן פטיסרי קרמל 35גר,"שטראוס גרופ בע""\מ.",IL,פסק זמן פטיסרי,גרמים,35.00,100 גרם,false,1,4.90,14.00,true,1,
7290115673975,false,ספלנדיד בלונדי אגוז/שק95,"שטראוס גרופ בע""\מ",IL,שוקולד ספלנדיד,גרמים,95.00,100 גרם,false,1,11.90,12.53,true,1,
7290115674156,false,שוק.מיקס עוגיות+עדשים95ג,"שטראוס גרופ בע""\מ",IL,שוקולד מיקס,גרמים,95.00,100 גרם,false,1,4.90,5.16,true,1,
7290115674187,false,רבע לשבע מוס פטל 100 גרם,"הגביע מוצרי וופלים בע""\מ",IL,רבע לשבע מוס,גרמים,100.00,100 גרם,false,1,12.90,12.90,true,1,
7290115675603,false,חטיף בוטנים וקוואקר20*8ג,"שטראוס פריטו ליי בע""\מ )",IL,מארז חטיף בוטנים,גרמים,160.00,100 גרם,false,1,9.90,6.19,true,1,
7290115675733,false,קפסולות אספרסו עם הל55ג,שטראוס קפה בי.וי.,IL,קפסולות אספרסו,גרמים,55.00,100 גרם,false,1,14.90,27.09,true,1,
7290115675986,false,דנונה בר אגוזים קרמל173ג,"שטראוס בריאות בע""\מ",IL,יוגורט בר,גרמים,173.00,100 גרם,false,1,4.30,2.49,true,1,
7290115676037,false,יוגורט תות דומדמניות250ג,"שטראוס בריאות בע""\מ",IL,יוגורט דנונה,גרמים,250.00,100 גרם,false,1,4.90,1.96,true,1,
7290115676044,false,יוגורט+אפרסק+מנגו250גרם,"שטראוס בריאות בע""\מ",IL,יוגורט דנונה,גרמים,250.00,100 גרם,false,1,4.90,1.96,true,1,
7290115676990,false,תפוצ'יפס מלח&חומץ 50 גרם,"שטראוס פריטו ליי בע""\מ )",IL,חטיף תפוצ'יפס,גרמים,50.00,100 גרם,false,1,3.50,7.00,true,1,
7290115677089,false,קונפיטורה תפוח וקינמון,"ב.א מזון בע""\מ",IL,קונפיטורה תפוח,גרמים,340.00,100 גרם,false,1,12.90,3.79,true,1,
7290115677478,false,צ'יטוס פופקורן פלמין 60ג,"שטראוס פריטו ליי בע""\מ )",IL,צ'יטוס פופקורן,גרמים,60.00,100 גרם,false,1,2.90,4.83,true,1,
7290115677676,false,חומוס 40% טחינה עם חריף,"שטראוס גרופ בע""\מ",IL,חומוס 40% טחינה,גרמים,400.00,100 גרם,false,1,12.90,3.23,true,1,
7290115677720,false,כרוב לבן ותירס במיונז,"שטראוס גרופ בע""\מ",IL,כרוב לבן ותירס,גרמים,500.00,100 גרם,false,1,14.90,2.98,true,1,
7290115677799,false,דנונה יוגורט יווני 700 ג,"שטראוס בריאות בע""\מ",IL,יוגורט יווני דלי,גרמים,700.00,100 גרם,false,1,15.90,2.27,true,1,
7290115677904,false,חומוס פלפלים חריף 235גרם,"שטראוס גרופ בע""\מ",IL,חומוס פלפלים חרי,גרמים,235.00,100 גרם,false,1,9.90,4.21,true,1,
7290115677997,false,חומוס 40%טחינה עם שום,"שטראוס גרופ בע""\מ",IL,חומוס 40%טחינה ע,גרמים,400.00,100 גרם,false,1,12.90,3.23,true,1,
7290115678017,false,דנונה במתיקות מעודנת12יח,"שטראוס גרופ בע""\מ",IL,מארז  דנונה 12יח,קילוגרמים,1.20,"ק""ג",false,1,17.90,14.92,true,1,
7290115678048,false,טחינה קרם חציל 235 גרם,"שטראוס גרופ בע""\מ",IL,טחינה קרם חציל,גרמים,235.00,100 גרם,false,1,9.90,4.21,true,1,
7290115678109,false,דנונה WOW אלפחורס 150 גר,"שטראוס בריאות בע""\מ",IL,דנונה WOWאלפחורס,גרמים,150.00,100 גרם,false,1,4.50,3.00,true,1,
7290115678130,false,טחינה סלק 235 גרם,"שטראוס גרופ בע""\מ",IL,טחינה סלק 235 גר,גרמים,235.00,100 גרם,false,1,9.90,4.21,true,1,
7290115678376,false,מעדן הגולן שוקולד 125 גר,"שטראוס בריאות בע""\מ",IL,מעדן הגולן,גרמים,125.00,100 גרם,false,1,2.80,2.24,true,1,
7290115678383,false,מעדן הגולן שוק.מריר125גר,"שטראוס בריאות בע""\מ",IL,מעדן הגולן,גרמים,125.00,100 גרם,false,1,2.80,2.24,true,1,
7290115678536,false,דנונהWOWשטרודל תפוח150ג,"שטראוס בריאות בע""\מ",IL,דנונה WOW,גרמים,150.00,100 גרם,false,1,4.50,3.00,true,1,
7290115678543,false,דנונה WOW פאי לימון150גר,"שטראוס בריאות בע""\מ",IL,דנונה WOW,גרמים,150.00,100 גרם,false,1,4.50,3.00,true,1,
7290115678550,false,דנונה פרו 20 פיסטוק 200ג,"שטראוס בריאות בע""\מ",IL,דנונה פרו פיסטוק,גרמים,200.00,100 גרם,false,1,5.90,2.95,true,1,
7290115678970,false,"סוכריות בטעם בזוקה לל""ס","הליקון גידה בע""\מ",IL,"סוכריות לל""ס",גרמים,45.00,100 גרם,false,1,7.90,17.56,true,1,
7290115679847,false,דוריטוס פלמין הוט 185גרם,"שטראוס פריטו ליי בע""\מ )",IL,דוריטוס פלמין,גרמים,185.00,100 גרם,false,1,6.90,3.73,true,1,
7290115679960,false,צ'יטוס פופקורן ט.טבעי60ג,"שטראוס פריטו ליי בע""\מ )",IL,צ'יטוס פופקורן,גרמים,60.00,100 גרם,false,1,2.90,4.83,true,1,
7290115720037,false,דאבל לק טעם דובדבן 135 ג,CREST,NL,דאבל לק דובדבן,גרמים,135.00,100 גרם,false,1,11.90,8.81,true,1,
7290115720044,false,דאבל לק בטעם אפרסק 135 ג,CREST,NL,דאבל לק אפרסק,גרמים,135.00,100 גרם,false,1,11.90,8.81,true,1,
7290115720051,false,דאבל לק בטעם קולה 135 גר,CREST,NL,דאבל לק קולה,גרמים,135.00,100 גרם,false,1,11.90,8.81,true,1,
7290115720280,false,סוכריות לגו 216 גרם,GROSS,CN,סוכריות לגו,גרמים,216.00,100 גרם,false,1,18.90,8.75,true,1,
7290115720358,false,סוכריות טבעת 225 גרם,GROSS,CN,סוכריות טבעת,גרמים,225.00,100 גרם,false,1,18.90,8.40,true,1,
7290115720464,false,סוכריית מוצץ 18 יח',גרוסליין,BE,סוכריית מוצץ18יח,גרמים,105.00,100 גרם,false,1,18.90,18.00,true,1,
7290115720471,false,סוכריית משרוקית18 יח',גרוסליין,BE,סוכריית משרוקית,גרמים,170.00,100 גרם,false,1,18.90,11.12,true,1,
7290115720488,false,סוכריית ליפסטיק 18יחידות,גרוסליין,BE,סוכריית ליפסטיק,גרמים,170.00,100 גרם,false,1,18.90,11.12,true,1,
7290115720648,false,ג'ואל פופ סוכריות סביבון,GROSS,CN,סוכריות סביבון,יחידה,1.00,יחידה,false,1,9.90,9.90,true,1,
7290115731354,false,מיני סירי אלומיניום,,CN,סירי אלומיניום,יחידה,1.00,יחידה,false,1,9.90,9.90,true,1,
7290115731842,false,קיסמי שיניים כ500- יחידו,CGAI,CN,קיסמי שיניים,יחידה,1.00,יחידה,false,1,1.90,1.90,true,1,
7290116530062,false,רוטב לסלט ויניגרט 295 גר,יוניליוור ישראל מזון בע\,IL,רוטב ויניגרט,גרמים,295.00,100 גרם,false,1,9.90,3.36,true,1,
7290116530109,false,חטיף קליק נוגט+לבן35גרם,תות תעשיות מזון (2014) ב,IL,חטיף קליק,גרמים,35.00,100 גרם,false,1,3.90,11.14,true,1,
7290116530147,false,תחליב רחצה פירות יער700מ,יוניליוור ישראל טיפוח אי,IL,תחליב רחצה פינוק,מיליליטרים,700.00,"100 מ""ל",false,1,9.90,1.41,true,1,
7290116530154,false,פינוק ת.רחצה מנגו+שקד700,יוניליוור ישראל טיפוח אי,IL,תחליב רחצה פינוק,מיליליטרים,700.00,"100 מ""ל",false,1,9.90,1.41,true,1,
7290116530161,false,תחליב רח.אננס מלון700מ,יוניליוור ישראל טיפוח אי,IL,תחליב רחצה פינוק,מיליליטרים,700.00,"100 מ""ל",false,1,9.90,1.41,true,1,
7290116530178,false,פינוק תחליב קוקוס+הדר700,יוניליוור ישראל טיפוח אי,IL,תחליב רחצה פינוק,מיליליטרים,700.00,"100 מ""ל",false,1,9.90,1.41,true,1,
7290116530185,false,דגני בוקר דלישקד קרמל400,"יוניליוור שפע ישראל בע""\",IL,דלישקד קרמל,גרמים,400.00,100 גרם,false,1,19.90,4.98,true,1,
7290116530321,false,קליק כריות בלאק לבן65גרם,יוניליוור ישראל מזון בע\,IL,קליק כריות דאבל,גרמים,65.00,100 גרם,false,1,4.90,7.54,true,1,
7290116530901,false,מרכך בדין פינוק כחול 4 ל,יוניליוור ישראל טיפוח אי,IL,מרכך כביסה בדין,ליטרים,4.00,ליטר,false,1,19.90,4.98,true,1,
7290116531168,false,קליק עוגיות שוקולד חלב40,יוניליוור ישראל מזון בע\,IL,חטיף קליק,גרמים,40.00,100 גרם,false,1,3.90,9.75,true,1,
7290589856775,false,אביזרים לבית,,IL,אביזרים לבית,יחידה,1.00,יחידה,false,0,5.90,5.90,true,1,
7291021378220,false,לוח חיתוך גדול,אליבו,IL,לוח חיתוך,יחידה,1.00,יחידה,false,1,12.90,12.90,true,1,
7291021378275,false,מסננת רב שימושית 23,,IL,מסננת רב שימושית,יחידה,1.00,יחידה,false,1,12.90,12.90,true,1,
7291021378282,false,מסננת רב שימושית,,IL,מסננת רב שימושית,יחידה,1.00,יחידה,false,1,9.90,9.90,true,1,
7291021379272,false,קערה נירוסטה,YANAGXI,CN,קערה נירוסטה,יחידה,1.00,יחידה,false,1,12.90,12.90,true,1,
7291021381145,false,סבוניה תא כפול+משאבה .,,IL,סבוניה,יחידה,1.00,יחידה,false,1,12.90,12.90,true,1,
7291044026245,false,זוג EL-SPIRAL,,,זוג EL-SPIRAL,יחידה,1.00,יחידה,false,0,28.90,28.90,true,1,
7291044043785,false,נורה אקו חצי ספירל X2,,IL,נורה אקו,יחידה,1.00,יחידה,false,1,38.90,38.90,true,1,
7291044050066,false,נורה אקו T2 ספירל20W* 2,,IL,נורה אקו 20W,יחידה,1.00,יחידה,false,1,18.90,18.90,true,1,
7291044050103,false,נורה אקו T2 ספירל 23W X2,,IL,נורה אקו 23W,יחידה,1.00,יחידה,false,1,24.90,24.90,true,1,
7291044057195,false,נורה אקו חצי ספירל X2 .,,IL,נורה אקו,יחידה,1.00,יחידה,false,1,26.90,26.90,true,1,
7291044077216,false,מטען רכב 2.4A מיקרו USB,,IL,מטען רכב,יחידה,1.00,יחידה,false,1,34.90,34.90,true,1,
7291044078008,false,מנורת לילה לד פשוש WW,,CN,מנורת לילה לד פש,יחידה,1.00,יחידה,false,1,12.90,12.90,true,1,
7291044081268,false,זוג נורות לד safety 10W,,IL,זוג נורות לד 10W,יחידה,1.00,יחידה,false,1,18.90,18.90,true,1,
7291044083606,false,פנס ראש אנקור ירוק,,IL,פנס ראש,יחידה,1.00,יחידה,false,1,19.90,19.90,true,1,
7291044087369,false,מעמד רכב לסלולר מגנטי .,,IL,מעמד רכב לסלולר,יחידה,1.00,יחידה,false,1,39.90,39.90,true,1,
7291044087390,false,מטען קיר USB טעינה מהירה,,IL,מטען קיר USB טעי,יחידה,1.00,יחידה,false,1,29.90,29.90,true,1,
7291044087406,false,מטען קיר  MICRO +כבל .,,IL,מטען קיר,יחידה,1.00,יחידה,false,1,29.90,29.90,true,1,
7291044087413,false,מטען קיר  IPHONE +כבל .,,IL,מטען קיר,יחידה,1.00,יחידה,false,1,29.90,29.90,true,1,
7291044089585,false,כבל 19P 4K 1.5M .,,IL,כבל,יחידה,1.00,יחידה,false,1,27.90,27.90,true,1,
7291044089783,false,כבל אודיו MM 3.5 1M .,,IL,כבל אודיו,יחידה,1.00,יחידה,false,1,8.90,8.90,true,1,
7291044091960,false,שעון שבת .,,IL,שעון שבת,יחידה,1.00,יחידה,false,1,19.90,19.90,true,1,
7291044094336,false,זוג נורות לד SAFE 15W DL,,CN,זוג נורות לד 15W,יחידה,1.00,יחידה,false,1,24.90,24.90,true,1,
7291044100549,false,אוזניות כפתור,,IL,אוזניות כפתור,יחידה,1.00,יחידה,false,1,16.90,16.90,true,1,
7291044100556,false,אוזניות כפתור,,IL,אוזניות כפתור,יחידה,1.00,יחידה,false,1,16.90,16.90,true,1,
7296015024046,false,מארז מחברות חשבון 10 יח,,CN,מחברות חשבון,יחידה,1.00,יחידה,false,1,7.90,7.90,true,1,
7296015033727,false,מארז מחברות שורות 10 יח,,CN,מחברות שורות,יחידה,1.00,יחידה,false,1,7.90,7.90,true,1,
7296015034908,false,מארז מחברות שורות 10 יח,,CN,מחברות שורות,יחידה,1.00,יחידה,false,1,7.90,7.90,true,1,
7296015044808,false,מארז מחברות 10יח,,IL,מארז 10 מחברות,יחידה,1.00,יחידה,false,1,7.90,7.90,true,1,
7296034000014,false,כרית נוצות טבע,,,כרית נוצות טבע,יחידה,1.00,יחידה,false,0,59.00,59.00,true,1,
7296034000199,false,זוג כריות שינה,,,זוג כריות שינה,יחידה,1.00,יחידה,false,0,69.00,69.00,true,1,
7296073126713,false,אובלטים קימל,,IL,אובלטים קימל,גרמים,300.00,100 גרם,false,0,7.90,2.63,true,1,
7296073126720,false,אובלטים שומשום,,IL,אובלטים שומשום,גרמים,300.00,100 גרם,false,0,7.90,2.63,true,1,
7296073126737,false,אובלטים מלוחים,,IL,אובלטים מלוחים,גרמים,300.00,100 גרם,false,0,7.90,2.63,true,1,
7296073126751,false,שקיות אשפה,,IL,שקיות אשפה,יחידה,1.00,יחידה,false,0,15.90,15.90,true,1,
7296073126768,false,זוג שקיות אשפה,,IL,זוג שקיות אשפה,יחידה,1.00,יחידה,false,0,22.90,22.90,true,1,
7296073126775,false,שקיות אשפה,,IL,שקיות אשפה,יחידה,1.00,יחידה,false,0,24.90,24.90,true,1,
7296073126799,false,מארז שקיות אוכל,,IL,מארז שקיות אוכל,יחידה,1.00,יחידה,false,0,12.90,12.90,true,1,
7296073126812,false,שקיות הקפאה,,IL,שקיות הקפאה,יחידה,1.00,יחידה,false,0,9.90,9.90,true,1,
7296073127932,false,"פריכיות אורז ""יש"" 340גרם",בטר אנד דיפרנט,IL,פריכיות אורז34גר,גרמים,340.00,100 גרם,false,0,11.90,3.50,true,1,
7296073128175,false,"נייר טואלט פרימ"".יש32""גל",שניב תעשיות נייר,IL,נייר טואלט,מטרים,589.00,100 מטר,false,0,22.90,3.89,true,1,
7296073128182,false,"נייר טואלט ""יש"" 48גלילים",שניב תעשיות נייר,IL,נייר טואלט,מטרים,883.00,100 מטר,false,0,29.90,3.39,true,1,
7296073128755,false,"וופל בלגי ""יש"" 150 גרם",גילרו,IL,וופל בלגי,גרמים,150.00,100 גרם,false,0,2.90,1.93,true,1,
7296073128847,false,עוגיות סנדוויץ שוקו150גר,מגדנית הדר,IL,עוגיות סנדוויץ,גרמים,150.00,100 גרם,false,0,2.90,1.93,true,1,
7296073128854,false,עוגיות סנדוויץ תות 150גר,מגדנית הדר,IL,עוגיות סנדוויץ,גרמים,150.00,100 גרם,false,0,2.90,1.93,true,1,
7296073128861,false,עוגיות סנדוויץ וניל150גר,מגדנית הדר,IL,עוגיות סנדוויץ,גרמים,150.00,100 גרם,false,0,2.90,1.93,true,1,
7296073128908,false,"מיץ ענבים ""יש"" 1 ליטר",יקבי ארזה,IL,"מיץ ענבים ""יש""",ליטרים,1.00,ליטר,false,0,9.90,9.90,true,1,
7296073128915,false,"יין לקידוש ""יש"" 1 ליטר",יקבי ארזה,IL,יין אדום לקידוש,ליטרים,1.00,ליטר,false,0,12.90,12.90,true,1,
7296073129974,false,"חומוס מזרחי ""יש"" 1קג",סלטי שמיר,IL,חומוס מזרחי,קילוגרמים,1.00,"ק""ג",false,0,9.90,9.90,true,1,
7296073132103,false,פתיתים אורז,,IL,פתיתים אורז,גרמים,500.00,100 גרם,false,0,2.90,0.58,true,1,
7296073132110,false,פתיתים קוסקוס,,IL,פתיתים קוסקוס,גרמים,500.00,100 גרם,false,0,2.90,0.58,true,1,
7296073133780,false,קמח יש,,IL,קמח יש,קילוגרמים,1.00,"ק""ג",false,0,2.90,2.90,true,1,
7296073133797,false,סולת,,IL,סולת,קילוגרמים,1.00,"ק""ג",false,0,2.90,2.90,true,1,
7296073133926,false,שמן קנולה,,BE,שמן קנולה,ליטרים,1.00,ליטר,false,0,6.90,6.90,true,1,
7296073133933,false,ספגטי,,TR,ספגטי,גרמים,500.00,100 גרם,false,0,2.90,0.58,true,1,
7296073133940,false,ספגטיני,,TR,ספגטיני,גרמים,500.00,100 גרם,false,0,2.90,0.58,true,1,
7296073133964,false,צינורות,,IL,צינורות,גרמים,500.00,100 גרם,false,0,2.90,0.58,true,1,
7296073133971,false,קונכיות,,TR,קונכיות,גרמים,500.00,100 גרם,false,0,2.90,0.58,true,1,
7296073133988,false,"ספירלה ""יש500""גר",,TR,"ספירלה ""יש500""גר",גרמים,500.00,100 גרם,false,0,2.90,0.58,true,1,
7296073133995,false,שמן זית כתית,,ES,שמן זית כתית,מיליליטרים,750.00,"100 מ""ל",false,0,27.90,3.72,true,1,
7296073134107,false,"מארז ממחטות ""יש"" צץ רץ",שניב תעשיות נייר,IL,"ממחטות אף ""יש""",יחידה,1.00,יחידה,false,0,9.90,9.90,true,1,
7296073134121,false,נייר חתוך לשבת 100*10 יח,שניב תעשיות נייר,IL,נייר חתוך לשבת,יחידה,1.00,יחידה,false,0,11.90,11.90,true,1,
7296073134152,false,מפיות חד שכבתי יש 100 יח,שניב תעשיות נייר,IL,מפיות חד שכבתי,יחידה,1.00,יחידה,false,0,3.90,3.90,true,1,
7296073134503,false,"דבש ""יש"" 1 ק""ג",מכוורת עמק חפר,IL,דבש יש,קילוגרמים,1.00,"ק""ג",false,0,37.90,37.90,true,1,
7296073140511,false,"גביעי גלידה ""יש"" 105 גרם",גילרו,IL,גביעי גלידה,גרמים,105.00,100 גרם,false,0,6.90,6.57,true,1,
7296073141105,false,בורקס גבינה יש 800 גרם,גידרון,IL,בורקס גבינה,גרמים,800.00,100 גרם,false,0,10.90,1.36,true,1,
7296073141129,false,"בורקס תפו""א יש 800 גרם",גידרון,IL,"בורקס תפו""א",גרמים,800.00,100 גרם,false,0,9.90,1.24,true,1,
7296073142447,false,פטריות חתוכות,,NL,פטריות חתוכות,גרמים,400.00,100 גרם,false,0,3.90,0.98,true,1,
7296073142478,false,צ'יפס קלאסי יש 2.2קג,תפוגן,IL,צ'יפס קלאסי,קילוגרמים,2.20,"ק""ג",false,0,19.90,9.05,true,1,
7296073160960,false,מטיות ריצפה 4 יח,,IL,מטיות ריצפה 4 יח,יחידה,1.00,יחידה,false,0,7.90,7.90,true,1,
7296073160977,false,מטליות לניקוי,,IL,מטליות לניקוי,יחידה,1.00,יחידה,false,0,7.90,7.90,true,1,
7296073160984,false,גליל מטליות כללי,,IL,גליל מטליות כללי,יחידה,1.00,יחידה,false,0,14.90,14.90,true,1,
7296073160991,false,ננס כריות מתכת,,,ננס כריות מתכת,יחידה,1.00,יחידה,false,0,4.90,4.90,true,1,
7296073161004,false,צמר פלדה 5 יח,,IL,צמר פלדה 5 יח,יחידה,1.00,יחידה,false,0,3.50,3.50,true,1,
7296073161011,false,ספוג סקוטש 10 יח,,IL,ספוג סקוטש 10 יח,יחידה,1.00,יחידה,false,0,4.90,4.90,true,1,
7296073161042,false,סקוטש משובח 3 יח,,IL,סקוטש משובח 3 יח,יחידה,1.00,יחידה,false,0,5.90,5.90,true,1,
7296073161059,false,כרית יפנית 6 יח,,IL,כרית יפנית 6 יח,יחידה,1.00,יחידה,false,0,5.90,5.90,true,1,
7296073161066,false,ספוג פלא 6יח,,IL,ספוג פלא 6יח,יחידה,1.00,יחידה,false,0,6.90,6.90,true,1,
7296073162124,false,"קרקר שומשום ""יש"" 600 גרם",מגדנית הדר,IL,קרקר בקרטון 600ג,גרמים,600.00,100 גרם,false,0,9.90,1.65,true,1,
7296073162131,false,"קרקר בקרטון מלח""יש600""ג",מגדנית הדר,IL,קרקר 600 גרם,גרמים,600.00,100 גרם,false,0,9.90,1.65,true,1,
7296073187707,false,"פסטה מסולסלת""יש",,IL,"פסטה מסולסלת""יש",גרמים,500.00,100 גרם,false,0,2.90,0.58,true,1,
7296073190158,false,"אטבי כביסה ""יש"" 50 יח'",HOP,CN,אטבי כביסה 50 יח,יחידה,1.00,יחידה,false,0,8.90,8.90,true,1,
7296073225447,false,"קפה נמס ""יש""",,IL,"קפה נמס ""יש""",גרמים,200.00,100 גרם,false,0,12.90,6.45,true,1,
7296073236092,false,תרמוס צבעוני 1 ליטר,,CN,תרמוס נירוסטה,יחידה,1.00,יחידה,false,1,14.90,14.90,true,1,
7296073237280,false,"חומוס מזרחי ""יש400"" גרם",סלטי שמיר,IL,חומוס מזרחי 400ג,גרמים,400.00,100 גרם,false,1,5.90,1.48,true,1,
7296073237297,false,"חציל במיונז ""יש"" 400 גרם",סלטי שמיר,IL,חציל במיונז 400,גרמים,400.00,100 גרם,false,1,6.90,1.73,true,1,
7296073237303,false,"כרוב אדום""יש"" 400 גרם",סלטי שמיר,IL,כרוב אדום 400גרם,גרמים,400.00,100 גרם,false,1,6.90,1.73,true,1,
7296073237327,false,"טחינה ביתית ""יש"" 400 גרם",סלטי שמיר,IL,טחינה ביתית 400ג,גרמים,400.00,100 גרם,false,1,6.90,1.73,true,1,
7296073237334,false,"סלט תפו""א ""יש"" 400 גרם",סלטי שמיר,IL,"סלט תפו""א 400גרם",גרמים,400.00,100 גרם,false,1,6.90,1.73,true,1,
7296073237341,false,"מטבוחה ""יש"" 400 גרם",סלטי שמיר,IL,מטבוחה 400 גרם,גרמים,400.00,100 גרם,false,1,6.90,1.73,true,1,
7296073237358,false,"חציל על האש ""יש"" 400 גרם",סלטי שמיר,IL,חציל על האש 400ג,גרמים,400.00,100 גרם,false,1,6.90,1.73,true,1,
7296073237365,false,"חומוס עם מסבחה ""יש"" 400ג",סלטי שמיר,IL,חומוס עם מסבחה,גרמים,400.00,100 גרם,false,1,5.90,1.48,true,1,
7296073237372,false,"סלט סלק מגורד ""יש"" 400 ג",סלטי שמיר,IL,סלט סלק מגורד,גרמים,400.00,100 גרם,false,1,6.90,1.73,true,1,
7296073237389,false,"סלט גזר מרוקאי ""יש"" 400ג",סלטי שמיר,IL,סלט גזר מרוקאי,גרמים,400.00,100 גרם,false,1,6.90,1.73,true,1,
7296073237396,false,"סלט קולסלאו ""יש"" 400 גרם",סלטי שמיר,IL,סלט קולסלאו,גרמים,400.00,100 גרם,false,1,6.90,1.73,true,1,
7296073237402,false,חומוס עם הרבה טחינה400ג,סלטי שמיר,IL,חומוס עם טחינה,גרמים,400.00,100 גרם,false,1,6.90,1.73,true,1,
7296073237419,false,"חציל במיונז ""יש"" 900 גרם",סלטי שמיר,IL,חציל במיונז,גרמים,900.00,100 גרם,false,1,11.90,1.32,true,1,
7296073237433,false,"טחינה ""יש"" 900 גרם",סלטי שמיר,IL,טחינה 900 גרם,גרמים,900.00,100 גרם,false,1,11.90,1.32,true,1,
7296073249207,false,מטלית מיקרופייבר 4 יח,מ.א. ייצור ןיבוא מטליות,CN,מטלית מיקרופייבר,יחידה,1.00,יחידה,false,1,4.90,4.90,true,1,
7296073249214,false,מטלית מיקרופייבר לריצפה,מ.א. ייצור ןיבוא מטליות,CN,מטלית מיקרופייבר,יחידה,1.00,יחידה,false,1,13.90,13.90,true,1,
7296073260950,false,"קמח חיטה מנופה ""יש"" 1 קג",שטיבל,IL,"קמח מנופה1ק""ג",קילוגרמים,1.00,"ק""ג",false,1,4.90,4.90,true,1,
7296073271277,false,שקית קופה עצמאית,,IL,שקית קופה,יחידה,1.00,יחידה,false,1,0.10,0.10,false,1,
7296073272014,false,שקית אל בד דגם שמש ישחסד,,IL,שקית אל בד,יחידה,1.00,יחידה,false,1,2.90,2.90,false,1,
7296073272939,false,"אטריות דקות ""יש"" 400 גרם",שיבולים בני דרום,IL,"אטריות דקות""יש""",גרמים,400.00,100 גרם,false,1,3.90,0.98,true,1,
7296073272946,false,"אטריות בינוניות ""יש400""ג",שיבולים בני דרום,IL,אטריות בנוניות,גרמים,400.00,100 גרם,false,1,3.90,0.98,true,1,
7296073290216,false,"קוסקוס ""יש"" בינוני 350ג",חטיפים מן הטבע,IL,"קוסקוס אמיתי ""יש",גרמים,350.00,100 גרם,false,1,2.90,0.83,true,1,
7296073295839,false,"איטריות דקיקות""יש"" 400ג'",שיבולים בני דרום,IL,איטריות דקיקות,גרמים,400.00,100 גרם,false,1,3.90,0.98,true,1,
7296073297116,false,"נוזל כלים ""יש"" צהוב 750","סאסאטק אגש""ח בע""מ",IL,נ.כלים צהוב,מיליליטרים,750.00,"100 מ""ל",false,1,5.90,0.79,true,1,
7296073297123,false,"נוזל כלים ""יש"" ירוק 750","סאסאטק אגש""ח בע""מ",IL,נ.כלים תפוח ירוק,מיליליטרים,750.00,"100 מ""ל",false,1,5.90,0.79,true,1,
7296073297130,false,"נוזל כלים ""יש"" ירוק 4 ל'","סאסאטק אגש""ח בע""מ",IL,נוזל כלים יש 4ל',ליטרים,4.00,ליטר,false,1,19.90,4.98,true,1,
7296073297147,false,שמפו רצפות סחלבים יש 4ל',"סאסאטק אגש""ח בע""מ",IL,שמפו רצפות 4ליטר,ליטרים,4.00,ליטר,false,1,9.90,2.48,true,1,
7296073297154,false,שמפו רצפות אורנים יש 4ל',"סאסאטק אגש""ח בע""מ",IL,שמפו רצפות 4ליטר,ליטרים,4.00,ליטר,false,1,9.90,2.48,true,1,
7296073297161,false,שמפו רצפות אוקיינוס יש 4,"סאסאטק אגש""ח בע""מ",IL,שמפו רצפות 4ליטר,ליטרים,4.00,ליטר,false,1,9.90,2.48,true,1,
7296073297178,false,אקונומיקה מבושמת יש 4 ל',"סאסאטק אגש""ח בע""מ",IL,אקונומיקה יש 4 ל,ליטרים,4.00,ליטר,false,1,6.90,1.73,true,1,
7296073297185,false,סבון נוזלי לידיים כחול,סאסא קוסמטיקס,IL,סבון נוזלי,מיליליטרים,1500.00,"100 מ""ל",false,1,9.90,0.66,true,1,
7296073297192,false,סבון נוזלי לידיים ורוד,סאסא קוסמטיקס,IL,סבון נוזלי,מיליליטרים,1500.00,"100 מ""ל",false,1,9.90,0.66,true,1,
7296073297208,false,סבון נוזלי לידיים לבן,סאסא קוסמטיקס,IL,סבון נוזלי,מיליליטרים,1500.00,"100 מ""ל",false,1,9.90,0.66,true,1,
7296073322856,false,"כפפות ויניל ""יש"" M100",,CN,כפפות ויניל M,יחידה,1.00,יחידה,false,1,14.90,14.90,true,1,
7296073322863,false,"כפפות ויניל ""יש"" L100",,CN,כפפות ויניל L,יחידה,1.00,יחידה,false,1,14.90,14.90,true,1,
7296073323815,false,מרכך כביסה כחול 4 ליטר,סאסאטק,IL,מרכך כביסה 4ליטר,ליטרים,4.00,ליטר,false,1,12.90,3.23,true,1,
7296073323822,false,מרכך כביסה ורוד 4 ליטר,סאסאטק,IL,מרכך כביסה4 ליטר,ליטרים,4.00,ליטר,false,1,12.90,3.23,true,1,
7296073323839,false,מרכך כביסה לבן 4 ליטר,סאסאטק,IL,מרכך כביסה 4ליטר,ליטרים,4.00,ליטר,false,1,12.90,3.23,true,1,
7296073323846,false,מ.כביסה מרוכז יש כחול 1ל,סאסאטק,IL,מ.כביסה מרוכז 1ל,ליטרים,1.00,ליטר,false,1,8.90,8.90,true,1,
7296073323853,false,מ.כביסה מרוכז יש ורוד 1ל,סאסאטק,IL,מ.כביסה מרוכז 1ל,ליטרים,1.00,ליטר,false,1,8.90,8.90,true,1,
7296073323860,false,מ.כביסה מרוכז יש סגול 1ל,סאסאטק,IL,מ.כביסה מרוכז,ליטרים,1.00,ליטר,false,1,8.90,8.90,true,1,
7296073323884,false,"עוג.בטעם שוקולד כשל""פ","געשמאק בע""מ",IL,עוג.בטעם שוקולד,גרמים,600.00,100 גרם,false,1,19.90,3.32,true,1,
7296073323891,false,"עוג. קוקוס כשל""פ 600 גרם","געשמאק בע""מ",IL,עוג.קוקוס 600גרם,גרמים,600.00,100 גרם,false,1,19.90,3.32,true,1,
7296073323914,false,"עוגיות תפו""א 600גרם","געשמאק בע""מ",IL,"עוג.תפו""א 600גרם",גרמים,600.00,100 גרם,false,1,19.90,3.32,true,1,
7296073324881,false,"8 מפות ניילון ח""פ יש עבה",טופ פלסט,IL,מפות ניילון 8 יח,יחידה,1.00,יחידה,false,1,8.90,8.90,true,1,
7296073324898,false,"6 מפות ניילון ח""פ יש עבה",טופ פלסט,IL,מפות ניילון 6 יח,יחידה,1.00,יחידה,false,1,8.90,8.90,true,1,
7296073328834,false,"טרופיקס ""יש"" 40 יחידות",דודו הדיל,IL,"טרופיקס ""יש"" 40",ליטרים,8.00,ליטר,false,1,19.90,2.49,true,1,
7296073328841,false,משקה הקפאה 8 יח,דודו הדיל,IL,משקה הקפאה 8 יח,מיליליטרים,800.00,"100 מ""ל",false,1,2.90,0.36,true,1,
7296073329527,false,"מפות ניילון ח""פ ""יש"" 6יח",טופ פלסט,IL,מפת ניילון 6יח,יחידה,1.00,יחידה,false,1,4.90,4.90,true,1,
7296073329534,false,"מפות ניילון ח""פ ""יש"" 8יח",טופ פלסט,IL,מפת ניילון 8 יח,יחידה,1.00,יחידה,false,1,4.90,4.90,true,1,
7296073339922,false,מרכך כביסה סגול 4 ליטר,סאסאטק,IL,מרכך כביסה 4ליטר,ליטרים,4.00,ליטר,false,1,12.90,3.23,true,1,
7296073339939,false,מ.כביסה מרוכז יש שחור 1ל,סאסאטק,IL,מרכך כביסה 1ליטר,ליטרים,1.00,ליטר,false,1,8.90,8.90,true,1,
7296073340980,false,מפת ניילון יש 45*1.35מטר,טופ פלסט,IL,"גליל מפה ""יש"" 45",מטרים,45.00,מטר,false,1,29.90,0.66,true,1,
7296073342151,false,"רדיד אלומיניום רחב ""יש""",טופ פלסט,IL,רדיד אלומיניום ר,מטרים,25.00,מטר,false,1,15.90,0.64,true,1,
7296073342168,false,"רדיד אלומיניום צר ""יש""",טופ פלסט,IL,רדיד אלומיניום,מטרים,30.00,מטר,false,1,14.90,0.50,true,1,
7296073345275,false,פירורי לחם מוזהבים יש550,מיה,IL,פירורי לחם מוזהב,גרמים,550.00,100 גרם,false,1,4.90,0.89,true,1,
7296073346807,false,"שמן זית למאור ""יש1""ליטר",מיה,IL,שמן זית למאור,ליטרים,1.00,ליטר,false,1,16.90,16.90,true,1,
7296073347996,false,"נר נשמה שבועי ""יש""",HOP,CN,נר נשמה שבועי,יחידה,1.00,יחידה,false,1,7.90,7.90,true,1,
7296073348108,false,מטבעות שוקולד חלב ברשת,כרמית,IL,מטבעות שוקולד,גרמים,432.00,100 גרם,false,1,29.90,6.92,true,1,
7296073348337,false,מגבוני נייר טואלט יש60*3,,IL,מגבוני נ.טואלט,יחידה,1.00,יחידה,false,1,11.90,11.90,true,1,
7296073349389,false,"מנקה חלונות ""יש"" 1 ליטר",קומפלקס כימיקלים,IL,מנקה חלונות 1 לי,ליטרים,1.00,ליטר,false,1,4.90,4.90,true,1,
7296073359210,false,"נרות חימום 100 ""יש"" יח'",,CN,נרות חימום 100יח,יחידה,1.00,יחידה,false,1,14.90,14.90,true,1,
7296073361466,false,מפת ניילון יש 50*1.52מטר,,IL,גליל מפת ניילון,מטרים,50.00,מטר,false,1,29.90,0.60,true,1,
7296073361992,false,"תמר מג'הול ""יש"" 400 גרם",משק צור מושב עין יהב,IL,"תמר ""יש"" 400 גרם",גרמים,400.00,100 גרם,false,1,9.90,2.48,true,1,
7296073362005,false,"תמר מג'הול ""יש"" 1 ק""ג",משק צור מושב עין יהב,IL,"תמר ""יש"" 1 ק""ג",קילוגרמים,1.00,"ק""ג",false,1,19.90,19.90,true,1,
7296073365273,false,"נר נשמה ""יש"" 26 שעות",HOP,CN,נר נשמה 26 שעות,יחידה,1.00,יחידה,false,1,1.20,1.20,true,1,
7296073365334,false,שקית קופה ענקית יש חסד,,IL,שקית ענק ממותגת,יחידה,1.00,יחידה,false,1,0.70,0.70,false,1,
7296073365723,false,"טחינה ""יש"" 500 גרם",הנסיך,IL,"טחינה ""יש500""גרם",גרמים,500.00,100 גרם,false,1,8.90,1.78,true,1,
7296073367680,false,"מסיר שומנים ""יש"" 1 ליטר",קומפלקס כימיקלים בעמ,IL,"מסיר שומנים""יש",ליטרים,1.00,ליטר,false,1,11.90,11.90,true,1,
7296073369332,false,"קמח מלא מנופה ""יש"" 1 ק""ג",שטיבל,IL,קמח מלא,קילוגרמים,1.00,"ק""ג",false,1,5.90,5.90,true,1,
7296073369349,false,קמח כוסמין מנופה יש 1 קג,שטיבל,IL,קמח כוסמין,קילוגרמים,1.00,"ק""ג",false,1,7.90,7.90,true,1,
7296073369998,false,"גפרורים ענקיים ""יש""",,SE,"גפרורים ענקיים """,יחידה,1.00,יחידה,false,1,3.90,3.90,true,1,
7296073370000,false,"מארז גפרורים ""יש"" 10 יח'",,SE,גפרורים יש,יחידה,1.00,יחידה,false,1,2.90,2.90,true,1,
7296073380177,false,מארז שקיות אוכל יש 150*2,בריזה,IL,מארז שקיות אוכל,יחידה,1.00,יחידה,false,1,5.90,5.90,true,1,
7296073389293,false,גפילטע פיש ירושלמי 560 ג,דג טעים,IL,גפילטעפיש 560 גר,גרמים,560.00,100 גרם,false,1,12.90,2.30,true,1,
7296073389309,false,גפילטע פיש הונגרי560 ג,דג טעים,IL,גפילטעפיש 560 גר,גרמים,560.00,100 גרם,false,1,12.90,2.30,true,1,
7296073389835,false,"צ'יפס אמריקאי ""יש 1.8ק""ג",תפוגן,IL,ציפס אמריקאי,קילוגרמים,1.80,"ק""ג",false,1,19.90,11.06,true,1,
7296073389842,false,"צ'יפס זיגזג ""יש"" 1.8 ק""ג",תפוגן,IL,"צ'יפס זיגזג ""יש""",קילוגרמים,1.80,"ק""ג",false,1,19.90,11.06,true,1,
7296073390121,false,"סוכר ""יש"" 1 ק""ג",,PL,"סוכר ""יש"" 1 ק""ג",קילוגרמים,1.00,"ק""ג",false,1,3.90,3.90,true,1,
7296073391845,false,שלישיית מברשות שיניים יש,באנאט,TR,מארז מברשות שיני,יחידה,1.00,יחידה,false,1,5.90,5.90,true,1,
7296073392804,false,סילאן טבעי 100% 900 גרם,משק צור,IL,סילאן טבעי,גרמים,900.00,100 גרם,false,1,17.90,1.99,true,1,
7296073392811,false,סילאן לחיץ 350 גרם,משק צור,IL,סילאן לחיץ,גרמים,350.00,100 גרם,false,1,12.90,3.69,true,1,
7296073395904,false,מברשת שיניים פרימיום יש,באנאט,TR,מברשת שיניים,יחידה,1.00,יחידה,false,1,5.90,5.90,true,1,
7296073395911,false,מברשת שיניים פרימיום יש,באנאט,IL,מברשת שיניים,יחידה,1.00,יחידה,false,1,5.90,5.90,true,1,
7296073396512,false,"פתי בר וניל ""יש"" 2 ק""ג",הדר,IL,"פתי בר וניל ""יש""",קילוגרמים,2.00,"ק""ג",false,1,19.90,9.95,true,1,
7296073396529,false,"פתי בר שוקו ""יש"" 2 ק""ג",הדר,IL,"פתי בר שוקו ""יש""",קילוגרמים,2.00,"ק""ג",false,1,19.90,9.95,true,1,
7296073397571,false,טונה במים יש 140*4 גרם,פילטונה,IL,נתחי טונה 4יח,גרמים,560.00,100 גרם,false,1,17.90,3.20,true,1,
7296073397588,false,טונה בשמן יש 140*4 גרם,פילטונה,IL,טונה בהירה4יח,גרמים,560.00,100 גרם,false,1,17.90,3.20,true,1,
7296073397595,false,טונה בשמן קנולה 140*4גרם,פילטונה,IL,טונה בשמן קנולה,גרמים,560.00,100 גרם,false,1,17.90,3.20,true,1,
7296073398899,false,"שלוקונים חטיפי משקה ""יש""",דודו הדיל,IL,שלוקונים חטיפי מ,ליטרים,2.10,ליטר,false,1,6.90,3.29,true,1,
7296073399902,false,טונה בשמן זית 140*4 גרם,פילטונה,IL,טונה בשמן זית,גרמים,560.00,100 גרם,false,1,21.90,3.91,true,1,
7296073400578,false,"מאפה רוגלך ""יש"" 910 גרם",גידרון,IL,"מאפה רוגלך ""יש""",גרמים,910.00,100 גרם,false,1,14.90,1.64,true,1,
7296073400585,false,"עוג.פרפריות ""יש"" 910גרם",גידרון,IL,עוגיות פרפריות,גרמים,910.00,100 גרם,false,1,14.90,1.64,true,1,
7296073400592,false,עוגיות מקלות מרוקאיות,גידרון,IL,עוג.מקלות מרוקאי,גרמים,910.00,100 גרם,false,1,14.90,1.64,true,1,
7296073400608,false,"עוג.מקלות מרוקאיות לל""ס",גידרון,IL,עוג.מקלות מרוקאי,גרמים,910.00,100 גרם,false,1,14.90,1.64,true,1,
7296073400639,false,עוג.כתר במילוי תות910ג,גידרון,IL,עוגיות  כתר,גרמים,910.00,100 גרם,false,1,14.90,1.64,true,1,
7296073400646,false,עוג.כעכים מלוחים 910ג,גידרון,IL,כעכים מלוחים,גרמים,910.00,100 גרם,false,1,14.90,1.64,true,1,
7296073400653,false,עוגיות לבבות 910 גרם,גידרון,IL,עוגיות לבבות,גרמים,910.00,100 גרם,false,1,14.90,1.64,true,1,
7296073401247,false,גבינה צהובה 28% 500 גרם,SPOLDZIELNIA,PL,גבינה צהובה 500,גרמים,500.00,100 גרם,false,1,14.90,2.98,true,1,
7296073401346,false,"מרסס מסיר אבנית ""יש"" 1ל",סאסאטק,IL,מסיר אבנית 1 ליט,ליטרים,1.00,ליטר,false,1,7.90,7.90,true,1,
7296073401353,false,"מרסס מסיר עובש ""יש"" 1 לי",סאסאטק,IL,מסיר עובש 1ליטר,ליטרים,1.00,ליטר,false,1,7.90,7.90,true,1,
7296073401360,false,"מרסס אקונומיקה""יש"" 1ליטר",סאסאטק,IL,מרסס אקונומיקה,ליטרים,1.00,ליטר,false,1,7.90,7.90,true,1,
7296073401377,false,"ניקוי כללי ""יש"" 1 ליטר",סאסאטק,IL,ניקוי כללי 1 ליט,ליטרים,1.00,ליטר,false,1,7.90,7.90,true,1,
7296073401582,false,מארז קפה שחור יש 100*4 ג,רוני רג'ואן ושות,IL,קפה שחור 4יח,גרמים,400.00,100 גרם,false,1,17.90,4.48,true,1,
7296073402275,false,"דבש לחיץ ""יש"" 250 גרם",מכוורת עמק חפר,IL,דבש לחיץ250גרם,גרמים,250.00,100 גרם,false,1,12.90,5.16,true,1,
7296073402930,false,"שקיות אשפה יש 90*75 ס""מ",טופ פלסט,IL,שקיות אשפה,יחידה,1.00,יחידה,false,1,9.90,9.90,true,1,
7296073402947,false,"שקיות אשפה יש 70*55 ס""מ",טופ פלסט,IL,שקיות אשפה,יחידה,1.00,יחידה,false,1,9.90,9.90,true,1,
7296073403289,false,"לחם לבן לל""ג יש 500 גרם",גידרון,IL,"לחם לבן לל""ג",גרמים,500.00,100 גרם,false,1,4.90,0.98,true,1,
7296073403296,false,"לחם כפרי לל""ג יש 500גרם",גידרון,IL,"לחם כפרי לל""ג",גרמים,500.00,100 גרם,false,1,9.90,1.98,true,1,
7296073403319,false,"לחם גרעינים לל""ג יש 500",גידרון,IL,"לחם גרעינים לל""ג",גרמים,500.00,100 גרם,false,1,9.90,1.98,true,1,
7296073403326,false,ג'בטות ללא גלוטן יש 360ג,גידרון,IL,ג'בטות ללא גלוטן,גרמים,360.00,100 גרם,false,1,9.90,2.75,true,1,
7296073403333,false,"לחמניות המבורגר לל""ג יש",גידרון,IL,לחמניות להמבורגר,גרמים,360.00,100 גרם,false,1,9.90,2.75,true,1,
7296073403340,false,"לחמניות באגט לל""ג יש 3יח",גידרון,IL,"לחמניות בגט לל""ג",גרמים,360.00,100 גרם,false,1,9.90,2.75,true,1,
7296073403357,false,"לחמניות אצבע לל""ג יש4יח",גידרון,IL,"לחמנ. אצבע לל"" ג",גרמים,360.00,100 גרם,false,1,4.90,1.36,true,1,
7296073403364,false,"לחמניות ביס לל""ג יש 8 יח",גידרון,IL,"לחמניות ביס לל""ג",גרמים,360.00,100 גרם,false,1,9.90,2.75,true,1,
7296073403371,false,בסיסי פיצה ללא גלוטן,גידרון,IL,"בסיסי פיצה לל""ג",גרמים,360.00,100 גרם,false,1,9.90,2.75,true,1,
7296073403395,false,"מגבות נייר ""יש"" 6 גלילים",שניב,IL,מגבות יש,מטרים,21.00,מטר,false,1,14.90,0.71,true,1,
7296073407058,false,גרעיני תירס מתוק 550 גרם,,IL,גרעיני תירס מתוק,גרמים,550.00,100 גרם,false,1,4.50,0.82,true,1,
7296073407065,false,גרעיני תירס מתוק 340 גרם,,IL,גרעיני תירס מתוק,גרמים,340.00,100 גרם,false,1,3.90,1.15,true,1,
7296073407072,false,גרעיני תירס קל 550 גרם,,IL,גרעיני תירס קל,גרמים,550.00,100 גרם,false,1,4.50,0.82,true,1,
7296073407089,false,אפונת גינה 550 גרם,,IL,אפונת גינה,גרמים,550.00,100 גרם,false,1,4.50,0.82,true,1,
7296073407096,false,אפונה גינה וגזר 550 גרם,,IL,אפונה גינה וגזר,גרמים,550.00,100 גרם,false,1,4.50,0.82,true,1,
7296073407102,false,שעועית לבנה ברוטב 580 גר,"פרי הגליל בע""מ",IL,שעועית לבנה,גרמים,580.00,100 גרם,false,1,4.50,0.78,true,1,
7296073407119,false,גרגרי חומוס שלמים 550 גר,,IL,גרגרי חומוס,גרמים,550.00,100 גרם,false,1,4.50,0.82,true,1,
7296073407126,false,רסק עגבניות BX22 100 גרם,,IL,רסק עגבניות 100ג,גרמים,100.00,100 גרם,false,1,1.20,1.20,true,1,
7296073407133,false,רסק עגבניות BX22 260 גרם,,IL,רסק עגבניות260גר,גרמים,260.00,100 גרם,false,1,2.50,0.96,true,1,
7296073407751,false,ג'ל הגייני לידיים יש 500,,TR,"ג'ל ידיים 500 מ""",מיליליטרים,500.00,"100 מ""ל",false,1,19.90,3.98,true,1,
7296073408857,false,"שקדי מרק ""יש"" 600 גרם",מנה,IL,"שקדי מרק ""יש""",גרמים,600.00,100 גרם,false,1,8.80,1.47,true,1,
7296073413547,false,"נוזל כלים 24% לימון ""יש""",סאסא טק,IL,נוזל כלים1.6ליטר,ליטרים,1.60,ליטר,false,1,9.90,6.19,true,1,
7296073413554,false,"נוזל כלים24% תפוח ""יש""",סאסא טק,IL,נוזל כלים1.6ליטר,ליטרים,1.60,ליטר,false,1,9.90,6.19,true,1,
7296073413561,false,"נוזל כלים 24% לבנדר ""יש""",סאסא טק,IL,נוזל כלים1.6ליטר,ליטרים,1.60,ליטר,false,1,9.90,6.19,true,1,
7296073413790,false,ממרח שוקולד 850 גרם,אר גי אם תעשיות,IL,ממרח שוקולד 850ג,גרמים,850.00,100 גרם,false,1,9.90,1.16,true,1,
7296073413813,false,שוקולד צ'יפס יש 500 גרם,מיה,IL,שוקולד ציפס500ג,גרמים,500.00,100 גרם,false,1,12.90,2.58,true,1,
7296073414742,false,מיץ ענבים אדום 1 ליטר,כרם מהדרין,IL,מיץ ענבים 1 ליטר,ליטרים,1.00,ליטר,false,1,11.90,11.90,true,1,
7296073415190,false,"שעועית בואקום ""יש"" 1 ק""ג",מיה,IL,שעועית בואקום1קג,קילוגרמים,1.00,"ק""ג",false,1,14.90,14.90,true,1,
7296073415206,false,גריסי פנינה בואקום יש 1ק,מיה,IL,"גריסי פנינה 1ק""ג",קילוגרמים,1.00,"ק""ג",false,1,11.90,11.90,true,1,
7296073415213,false,חומוס גדול בואקום יש 1קג,מיה,IL,"חומוס גדול 1 ק""ג",קילוגרמים,1.00,"ק""ג",false,1,14.90,14.90,true,1,
7296073415220,false,"אורז פרסי בואקום 1 ק""ג",מיה,IL,"אורז פרסי  1 ק""ג",קילוגרמים,1.00,"ק""ג",false,1,9.90,9.90,true,1,
7296073415237,false,אורז בסמטי בואקום יש 1קג,מיה,IL,"אורז בסמטי 1 ק""ג",קילוגרמים,1.00,"ק""ג",false,1,12.90,12.90,true,1,
7296073415855,false,לחם אחיד פרוס 750 גרם,דגנית עין בר,IL,לחם אחיד פרוס,גרמים,750.00,100 גרם,false,1,4.90,0.65,true,1,
7296073415862,false,"מארז פיתות ""יש"" 10יחידות",דגנית עין בר,IL,פיתות 10יחידות,יחידה,1.00,יחידה,false,1,7.90,7.90,true,1,
7296073416135,false,"נ.טואלט""יש"" תלת שכבתי 32",שניב,IL,נייר טואלט אפרסק,יחידה,1.00,יחידה,false,1,29.90,29.90,true,1,
7296073416142,false,מב.שיניים ורוד ילדים 2-5,,TR,מב.שיניים ורוד ל,יחידה,1.00,יחידה,false,1,3.90,3.90,true,1,
7296073416159,false,מב.שיניים כחול ילדים 2-5,,IL,מב.שיניים כחול י,יחידה,1.00,יחידה,false,1,3.90,3.90,true,1,
7296073416166,false,מב.שיניים ורוד לילדים +5,,TR,מב.שיניים ורוד ל,יחידה,1.00,יחידה,false,1,4.90,4.90,true,1,
7296073416173,false,מב.שיניים כחול לילדים +5,,TR,מב.שיניים כחול ל,יחידה,1.00,יחידה,false,1,4.90,4.90,true,1,
7296073416685,false,"סוכר וניל ""יש"" 10*10 גרם",א.ל ייצור ושיווק תבלינים,IL,"סוכר וניל ""יש""",גרמים,100.00,100 גרם,false,1,1.50,1.50,true,1,
7296073416739,false,"אבקת אפיה ""יש"" 10*10 גרם",א.ל ייצור ושיווק תבלינים,IL,אבקת אפיה,גרמים,100.00,100 גרם,false,1,1.50,1.50,true,1,
7296073417002,false,"חטיף תפו""א טעם בצל 50גרם",חטיפי העמק,IL,"חטיף תפו""א 50גרם",גרמים,50.00,100 גרם,false,1,1.90,3.80,true,1,
7296073417019,false,"חטיף תפו""א טעם טבעי 50 ג",חטיפי העמק,IL,"חטיף תפו""א 50 גר",גרמים,50.00,100 גרם,false,1,1.90,3.80,true,1,
7296073417026,false,"חטיף תפו""א טעם ברביקיו",חטיפי העמק,IL,"חטיף תפו""א",גרמים,50.00,100 גרם,false,1,1.90,3.80,true,1,
7296073417033,false,"חטיף תפו""א טעם קטשופ יש",חטיפי העמק,IL,"חטיף תפו""א 50 גר",גרמים,50.00,100 גרם,false,1,1.90,3.80,true,1,
7296073417040,false,מארז חטיף חיטה בטעם בצל,חטיפי העמק,IL,מארז חטיף חיטה ב,גרמים,400.00,100 גרם,false,1,7.90,1.98,true,1,
7296073417057,false,מארז חטיף חיטה גריל,חטיפי העמק,IL,חטיף טעם גריל,גרמים,400.00,100 גרם,false,1,7.90,1.98,true,1,
7296073417101,false,מארז  חטיף חיטה ברביקיו,חטיפי העמק,IL,חטיף טעם ברביקיו,גרמים,400.00,100 גרם,false,1,7.90,1.98,true,1,
7296073419006,false,"אלכוג'ל לידיים 100 מ""ל",,TR,"אלכוג'ל 100מ""ל",מיליליטרים,100.00,"100 מ""ל",false,1,5.90,5.90,true,1,
7296073420736,false,חליטת קמומיל 25 שקיקים,תה עדנים,IL,חליטת קמומיל,גרמים,32.00,100 גרם,false,1,9.90,30.94,true,1,
7296073420743,false,חליטת לימונית לואיזה 25,תה עדנים,IL,חליטת לימונית,גרמים,37.00,100 גרם,false,1,9.90,26.76,true,1,
7296073420750,false,חליטת פירות יער 25 שק,תה עדנים,IL,חליטת פירות יער,יחידה,1.00,יחידה,false,1,9.90,9.90,true,1,
7296073420767,false,חליטת קמומיל נענע 25 שק,תה עדנים,IL,קמומיל נענע,גרמים,37.00,100 גרם,false,1,9.90,26.76,true,1,
7296073420774,false,חליטת כורכום וג'ינג'ר 25,תה עדנים,IL,חליטת  כורכום,יחידה,1.00,יחידה,false,1,9.90,9.90,true,1,
7296073420781,false,תה ירוק נענע 25 שקיקים,תה עדנים,IL,תה ירוק נענע,יחידה,1.00,יחידה,false,1,12.90,12.90,true,1,
7296073420798,false,תה ירוק לימונית לואיזה 2,תה עדנים,IL,תה ירוק לימונית,יחידה,1.00,יחידה,false,1,12.90,12.90,true,1,
7296073420804,false,תה נענע 25 שקיקים,תה עדנים,IL,תה נענע,גרמים,37.00,100 גרם,false,1,9.90,26.76,true,1,
7296073420811,false,תה ארל גריי יש 1.5*50גרם,תה עדנים,IL,תה ארל גריי,גרמים,75.00,100 גרם,false,1,12.90,17.20,true,1,
7296073420828,false,תה קלאסיק יש 1.5*100 גרם,תה עדנים,IL,"תה קלאסיק ""יש""",גרמים,150.00,100 גרם,false,1,9.90,6.60,true,1,
7296073426257,false,אבקת כביסה צבעוני יש 8קג,גליל כימיקלים,IL,"אבקת כביסה 8 ק""ג",קילוגרמים,8.00,"ק""ג",false,1,29.90,3.74,true,1,
7296073426264,false,אבקת כביסה רגילה יש 8 קג,גליל כימיקלים,IL,"א.כביסה 8 ק""ג",קילוגרמים,8.00,"ק""ג",false,1,29.90,3.74,true,1,
7296073426271,false,"ג'ל כביסה לבן ""יש"" 5 ל'",גליל כימיקלים,IL,ג'ל כביסה 5 ליטר,ליטרים,5.00,ליטר,false,1,24.90,4.98,true,1,
7296073426288,false,"ג'ל כביסה רגיל ""יש"" 5 ל'",גליל כימיקלים,IL,ג'ל כביסה 5 ליטר,ליטרים,5.00,ליטר,false,1,24.90,4.98,true,1,
7296073426295,false,ג'ל כביסה צבעונית יש 5 ל,גליל כימיקלים,IL,ג'ל כביסה 5 ליטר,ליטרים,5.00,ליטר,false,1,24.90,4.98,true,1,
7296073426301,false,נוזל לניקוי רצפות 4 ליטר,גליל כימיקלים,IL,נוזל רצפות,ליטרים,4.00,ליטר,false,1,12.90,3.23,true,1,
7296073427032,false,מארז מגבונים 72*6 דף,"טרופיקל דגיל בע""מ",IL,מארז מגבונים,יחידה,1.00,יחידה,false,1,19.90,19.90,true,1,
7296073427049,false,מטליות לחות לריצפה 10 יח,"טרופיקל דגיל בע""מ",IL,מט. לחות לריצפה,יחידה,1.00,יחידה,false,1,6.90,6.90,true,1,
7296073427063,false,"מטליות לחות לניקוי ""יש""","טרופיקל דגיל בע""מ",IL,מטליות לחות 50יח,יחידה,1.00,יחידה,false,1,4.90,4.90,true,1,
7296073441298,false,שוקולד חלב יש 100*5 גרם,כרמית,IL,שוקולד חלב,גרמים,500.00,100 גרם,false,1,11.90,2.38,true,1,
7296073441304,false,שוקולד מריר יש 100*5 גרם,כרמית,IL,מאגדת שוקולד,גרמים,500.00,100 גרם,false,1,11.90,2.38,true,1,
7296073441540,false,"צ'יפס פלחים 1.8 ק""ג",תפוגן,IL,צ'יפס פלחים,קילוגרמים,1.80,"ק""ג",false,1,19.90,11.06,true,1,
7296073441557,false,"צ'יפס קוביות""יש"" 1.8 ק""ג",תפוגן,IL,צ'יפס קוביות,קילוגרמים,1.80,"ק""ג",false,1,19.90,11.06,true,1,
7296073441564,false,"סטייק צ'יפס ""יש"" 1.8 ק""ג",תפוגן,IL,סטייק צ'יפס,קילוגרמים,1.80,"ק""ג",false,1,19.90,11.06,true,1,
7296073445425,false,תבניות אפיה לחלה 4 יח,טופ פלסט,IL,תבניות אפיה 4יח,יחידה,1.00,יחידה,false,1,8.90,8.90,true,1,
7296073445432,false,"תבניות אפיה גדולות ח""פ",טופ פלסט,IL,תבניות אפיה 2יח,יחידה,1.00,יחידה,false,1,8.90,8.90,true,1,
7296073445449,false,תבניות אפיה בינוניות 3יח,טופ פלסט,IL,תבניות אפיה 3יח,יחידה,1.00,יחידה,false,1,8.90,8.90,true,1,
7296073445456,false,תבניות אפיה משפחתיות 4יח,טופ פלסט,IL,תבניות אפיה 4יח,יחידה,1.00,יחידה,false,1,8.90,8.90,true,1,
7296073445609,false,קרקר מלוח 110 גרם,פפושדו,IL,קרקר מלוח,גרמים,110.00,100 גרם,false,1,2.90,2.64,true,1,
7296073445616,false,קרקר עם שומשום 110 גרם,פפושדו,IL,קרקר שומשום,גרמים,110.00,100 גרם,false,1,2.90,2.64,true,1,
7296073445623,false,"פתיבר וניל ""יש"" 110 גרם",פפושדו,IL,פתיבר וניל110גרם,גרמים,110.00,100 גרם,false,1,2.90,2.64,true,1,
7296073445630,false,"פתיבר שוקו ""יש"" 110 גרם",פפושדו,IL,פתיבר שוקו 110ג,גרמים,110.00,100 גרם,false,1,2.90,2.64,true,1,
7296073447078,false,טחינה שומשום מלא 500 גרם,אר גי אם תעשיות,IL,טחינה שומשום500ג,גרמים,500.00,100 גרם,false,1,9.90,1.98,true,1,
7296073447085,false,"טחינה שומשום 1 ק""ג",אר גי אם תעשיות,IL,"טחינה שומשום 1ק""",קילוגרמים,1.00,"ק""ג",false,1,15.90,15.90,true,1,
7296073449584,false,מלפפון במלח  560 גרם7-9,בית השיטה,IL,מלפפון במלח,גרמים,560.00,100 גרם,false,1,4.90,0.88,true,1,
7296073449591,false,מלפפון חומץ  560 ג 7-9,בית השיטה,IL,מלפפון בחומץ,גרמים,560.00,100 גרם,false,1,4.90,0.88,true,1,
7296073449607,false,מלפפון במלח 560 גרם10-12,בית השיטה,IL,מלפפון במלח,גרמים,560.00,100 גרם,false,1,5.90,1.05,true,1,
7296073449614,false,מלפפון חומץ  560 גר10-12,בית השיטה,IL,מלפפון בחומץ,גרמים,560.00,100 גרם,false,1,5.90,1.05,true,1,
7296073449621,false,מלפפון במלח560גר,בית השיטה,IL,מלפפונים במלח,גרמים,560.00,100 גרם,false,1,7.70,1.38,true,1,
7296073449638,false,מלפפון בחומץ  560  13-17,בית השיטה,IL,מלפפון בחומץ,גרמים,560.00,100 גרם,false,1,7.70,1.38,true,1,
7296073449645,false,מלפפון במלח 560 גרם18-25,,IL,מלפפונים המלח,גרמים,560.00,100 גרם,false,1,8.80,1.57,true,1,
7296073449652,false,מלפפון בחומץ 560ג 18-25,בית השיטה,IL,מלפפון בחומץ,גרמים,560.00,100 גרם,false,1,8.80,1.57,true,1,
7296073450221,false,"פתי בר שוקו ""יש"" 500 גרם",אם החיטה,IL,פתי בר 500 גרם,גרמים,500.00,100 גרם,false,1,7.90,1.58,true,1,
7296073450238,false,"פתי בר וניל ""יש"" 500 גרם",אם החיטה,IL,פתי בר 500 גרם,גרמים,500.00,100 גרם,false,1,7.90,1.58,true,1,
7296073473930,false,ערכת נרות שמן מוצק 44 יח,"אשוש חצב בע""מ",IL,ערכת נרות,יחידה,1.00,יחידה,false,1,39.90,39.90,true,1,
7296073473947,false,ערכת נרות שמן נוזלי 44יח,"אשוש חצב בע""מ",IL,ערכת נרות,יחידה,1.00,יחידה,false,1,39.90,39.90,true,1,
7296102061848,false,מטאטא לוגאנו ל,,IL,מטאטא לוגאנו + מ,יחידה,1.00,יחידה,false,1,19.90,19.90,true,1,
7296102061855,false,מטאטא ביאנקו + מ,,IL,מטאטא ביאנקו + מ,יחידה,1.00,יחידה,false,1,22.90,22.90,true,1,
7296102111871,false,יעה עם מקל מתקפל,,CN,יעה עם מקל מתקפל,יחידה,1.00,יחידה,false,1,14.90,14.90,true,1,
7296102119402,false,מטאטא טורקיז + מ,,IL,מטאטא טורקיז + מ,יחידה,1.00,יחידה,false,1,19.90,19.90,true,1,
7296155149937,false,כיור קטן,אליבו,CN,כיור קטן,יחידה,1.00,יחידה,false,1,29.90,29.90,true,1,
7296155150155,false,כיור גדול 1 יחידה,אליבו,CN,כיור גדול,יחידה,1.00,יחידה,false,1,39.90,39.90,true,1,
7296155152623,false,כיור גדול,,CN,כיור גדול,יחידה,1.00,יחידה,false,1,39.90,39.90,true,1,
7296168013454,false,קיסמי אוזניים מעץ 300יח,איתן ספקים       E,IL,קיסמי אוזניים,יחידה,1.00,יחידה,false,0,3.90,3.90,true,1,
7296168018060,false,צמר גפן קוסמטי 100 גרם,איתן כללי,IL,צמר גפן קוסמטי 1,גרמים,100.00,100 גרם,false,0,3.90,3.90,true,1,
7297070000051,false,גרבי ברך לנשים 3,,IL,גרבי ברך לנשים 3,יחידה,1.00,יחידה,false,0,9.90,9.90,true,1,
7297070000327,false,גרבי ירך לנשים 2,,IL,גרבי ירך לנשים 2,יחידה,1.00,יחידה,false,0,10.90,10.90,true,1,
7297070000334,false,גרבי ירך לנשים,,IL,גרבי ירך לנשים,יחידה,1.00,יחידה,false,0,11.90,11.90,true,1,
7297070000341,false,גרבי ברך לנשים 2,,IL,גרבי ברך לנשים 2,יחידה,1.00,יחידה,false,0,7.90,7.90,true,1,
7297070000358,false,גרבי ברך לנשים 4,,IL,גרבי ברך לנשים 4,יחידה,1.00,יחידה,false,0,8.90,8.90,true,1,
7297070000396,false,גרבי מכנס לנשים,,IL,גרבי מכנס לנשים,יחידה,1.00,יחידה,false,0,19.90,19.90,true,1,
7297070001225,false,גרביון נשים מדיצ,,IL,גרביון נשים מדיצ,יחידה,1.00,יחידה,false,0,9.90,9.90,true,1,
7297070001232,false,גרבי נשים,,IL,גרבי נשים,יחידה,1.00,יחידה,false,0,9.90,9.90,true,1,
7297070001249,false,גרבי נשים,,IL,גרבי נשים,יחידה,1.00,יחידה,false,0,11.90,11.90,true,1,
7297070001492,false,גרבי גברים 3 זוג,,IL,גרבי גברים 3 זוג,יחידה,1.00,יחידה,false,0,9.90,9.90,true,1,
7297070001614,false,תחתון נשים ללא תפר,,IL,תחתון נשים ללא ת,יחידה,1.00,יחידה,false,1,9.90,9.90,true,1,
7297070001669,false,חמישיית תחתוני בנות,,CN,חמישיית תחתוני ב,יחידה,1.00,יחידה,false,1,19.90,19.90,true,1,
7297070001676,false,חמישיית תחתוני בנים,,CN,חמישיית תחתוני ב,יחידה,1.00,יחידה,false,1,19.90,19.90,true,1,
7297070001706,false,גרבוני ילדות מדוגם 70 דנ,,IL,גרבוני ילדות מדו,יחידה,1.00,יחידה,false,1,16.90,16.90,true,1,
7297070001751,false,זוג בוקסרים לגבר כותנה,,IL,זוג בוקסרים לגבר,יחידה,1.00,יחידה,false,1,19.90,19.90,true,1,
7297070001799,false,גרביים לנוער 3 זוגות,,IL,גרביים לנוער 3 ז,יחידה,1.00,יחידה,false,1,9.90,9.90,true,1,
7297070001829,false,חמישיית תחתוני נשים,,CN,חמישיית תחתוני נ,יחידה,1.00,יחידה,false,1,24.90,24.90,true,1,
7297070001867,false,זוג בוקסרים לגבר כותנה,,IL,זוג בוקסרים לגבר,יחידה,1.00,יחידה,false,1,19.90,19.90,true,1,
7297070002116,false,גרביון נשים מחטב 20 דניי,,IL,גרביון נשים מחטב,יחידה,1.00,יחידה,false,1,14.90,14.90,true,1,
7297070002130,false,גרביון נשים מיקרופ 120 ד,,IL,גרביון נשים מיקר,יחידה,1.00,יחידה,false,1,17.90,17.90,true,1,
7297082100206,false,כרית שינה 70*50,,IL,כרית שינה 70*50,יחידה,1.00,יחידה,false,0,16.90,16.90,true,1,
7297174000230,false,גרבי גברים איכותיות,,IL,גרבי איכות גברים,יחידה,1.00,יחידה,false,1,6.90,6.90,true,1,
7297174000544,false,בוקסר לגבר 100% כותנה,,IL,בוקסר לגבר 100%,יחידה,1.00,יחידה,false,1,12.90,12.90,true,1,
7297174000643,false,גרבי מכנס ליקירה,,IL,גרבי מכנס ליקירה,יחידה,1.00,יחידה,false,0,21.90,21.90,true,1,
7297174000704,false,גרבי ברך לנשים 2,,IL,גרבי ברך לנשים 2,יחידה,1.00,יחידה,false,0,9.90,9.90,true,1,
7297174000711,false,גרבי ירך לנשים 3,,IL,גרבי ירך לנשים 3,יחידה,1.00,יחידה,false,0,18.90,18.90,true,1,
7297174000735,false,גרבי מכנס לבנות,,IL,גרבי מכנס לבנות,יחידה,1.00,יחידה,false,0,21.90,21.90,true,1,
7297174001077,false,מכנס טייץ נשים מד'יצי,,IL,מכנס טייץ נשים מ,יחידה,1.00,יחידה,false,1,11.90,11.90,true,1,
7297174001084,false,מכנס טייץ נשים ג'ורג'יו,,IL,מכנס טייץ נשים כ,יחידה,1.00,יחידה,false,1,13.90,13.90,true,1,
7297268080025,false,טלית קטן מוכן 2,,IL,טלית קטן מוכן 2,יחידה,1.00,יחידה,false,0,16.90,16.90,true,1,
7297268080032,false,טלית קטן מוכן 3,,IL,טלית קטן מוכן 3,יחידה,1.00,יחידה,false,0,16.90,16.90,true,1,
7297268080049,false,טלית קטן מוכן 4,,IL,טלית קטן מוכן 4,יחידה,1.00,יחידה,false,0,18.90,18.90,true,1,
7297268080056,false,טלית קטן מוכן 5,,IL,טלית קטן מוכן 5,יחידה,1.00,יחידה,false,0,18.90,18.90,true,1,
7297268080063,false,טלית קטן מוכן 6,,IL,טלית קטן מוכן 6,יחידה,1.00,יחידה,false,0,19.90,19.90,true,1,
7297268080070,false,טלית קטן מוכן 7,,IL,טלית קטן מוכן 7,יחידה,1.00,יחידה,false,0,19.90,19.90,true,1,
7297268080087,false,טלית קטן מוכן 8,,IL,טלית קטן מוכן 8,יחידה,1.00,יחידה,false,0,22.90,22.90,true,1,
7297268080094,false,טלית קטן מוכן 9,,IL,טלית קטן מוכן 9,יחידה,1.00,יחידה,false,0,22.90,22.90,true,1,
7297268303032,false,גופיה-ציצית,,IL,גופיה-ציצית,יחידה,1.00,יחידה,false,0,27.90,27.90,true,1,
7297292000037,false,קטיפה 6 חלקים   רדרוי,,,קטיפה 6 חלקים   רדרוי,יחידה,1.00,יחידה,false,0,16.00,16.00,true,1,
7297292000051,false,קטיפה עבודת יד,,,קטיפה עבודת יד,יחידה,1.00,יחידה,false,0,25.00,25.00,true,1,
7297292000310,false,סריגית (בדית) 18 יחידות,כ.כיפות שיווק וסחר,IL,סריגית (בדית),יחידה,1.00,יחידה,false,0,6.90,6.90,true,1,
7297292000426,false,בדי טהרה היגיינים 18 יחי,,IL,בדי טהרה,יחידה,1.00,יחידה,false,1,8.90,8.90,true,1,
7297307070222,false,"מגבת פנים 90*50 ס""מ",,CN,מגבת פנים 90*50,יחידה,1.00,יחידה,false,1,12.90,12.90,true,1,
7297307070239,false,"מגבת רחצה 130*65 ס""מ",,CN,מגבת 130*65,יחידה,1.00,יחידה,false,1,24.90,24.90,true,1,
7297307110065,false,סט מצעים לקיץ ציפית+סדין,,CN,סט קיץ יחיד 90/190,יחידה,1.00,יחידה,false,1,39.90,39.90,false,1,
7297307320204,false,שמיכת פוך הולופייבר,,IL,שמיכת פוך הולופי,יחידה,1.00,יחידה,false,1,69.00,69.00,true,1,
7297395000026,false,בדית שלישייה,,IL,בדית שלישייה,יחידה,1.00,יחידה,false,0,13.50,13.50,true,1,
7297395000231,false,קנקומט,,IL,קנקומט,יחידה,1.00,יחידה,false,0,10.90,10.90,true,1,
7297488099890,false,פרוסות קלאסי 9% 200 גרם,ויגרדן,IL,פרוסות קלאסי,גרמים,200.00,100 גרם,false,1,19.90,9.95,true,1,
7297488099906,false,פרוסות קלאסי 18% 200 גרם,ויגרדן,IL,פרוסות קלאסי,גרמים,200.00,100 גרם,false,1,19.90,9.95,true,1,
7297488099968,false,מלוחה 16% 250 גרם,ויגרדן,IL,מלוחה 16%,גרמים,250.00,100 גרם,false,1,19.90,7.96,true,1,
7297507980000,false,רפידות הנקה אוליטה 30 יח,"מיס שריתה בע""מ",TH,רפידות הנקה,יחידה,1.00,יחידה,false,1,14.90,14.90,true,1,
7297507980017,false,רפידות הנקה אוליטה 30 יח,"מיס שריתה בע""מ",TH,רפידות הנקה,יחידה,1.00,יחידה,false,1,9.90,9.90,true,1,
7297507980024,false,בדי בדיקה לבן 18 יחידות,"מיס שריתה בע""מ",TH,בדי בדיקה,יחידה,1.00,יחידה,false,1,8.90,8.90,true,1,
7297507980062,false,פטמות רחבות X 2 יחידות,"מיס שריתה בע""מ",TH,פטמות רחבות,יחידה,1.00,יחידה,false,1,11.90,11.90,true,1,
7297507980079,false,"בקבוק רחב לתינוק 250 מ""ל","מיס שריתה בע""מ",TH,בקבוק לתינוק,מיליליטרים,250.00,"100 מ""ל",false,1,18.90,7.56,true,1,
7297507980086,false,"בקבוק שתיה לתינוק 240 מ""","מיס שריתה בע""מ",TH,בקבוק שתיה,מיליליטרים,240.00,"100 מ""ל",false,1,8.90,3.71,true,1,
7297507980093,false,ליפה רחצה 1 יחידה,"מיס שריתה בע""מ",TH,ליפה רחצה,יחידה,1.00,יחידה,false,1,8.90,8.90,true,1,
7297507980116,false,מחזיק מוצץ טבעת סיליקון,"מיס שריתה בע""מ",TH,מחזיק מוצץ,יחידה,1.00,יחידה,false,1,12.90,12.90,true,1,
7297507980161,false,סדין ניילון למיטת נוער,"מיס שריתה בע""מ",TH,סדין ניילון,יחידה,1.00,יחידה,false,1,17.90,17.90,true,1,
7297507980178,false,סדין ניילון למיטת נוער,"מיס שריתה בע""מ",TH,סדין ניילון,יחידה,1.00,יחידה,false,1,24.90,24.90,true,1,
7297507980185,false,סדין ניילון למיטת תינוק,"מיס שריתה בע""מ",TH,סדין ניילון,יחידה,1.00,יחידה,false,1,14.90,14.90,true,1,
7297507980239,false,פלסטרים מבד 100 יחידות,"מיס שריתה בע""מ",TH,פלסטרים,יחידה,1.00,יחידה,false,1,6.90,6.90,true,1,
7297507980246,false,פלסטרים שקופים 100 יחידו,"מיס שריתה בע""מ",TH,פלסטרים שקופים,יחידה,1.00,יחידה,false,1,10.90,10.90,true,1,
7297507980253,false,פלסטרים שקופים 50 יחידות,"מיס שריתה בע""מ",TH,פלסטרים שקופים,יחידה,1.00,יחידה,false,1,6.90,6.90,true,1,
7297507980277,false,פלסטרים מיקס 7 גדלים,"מיס שריתה בע""מ",TH,פלסטרים,יחידה,1.00,יחידה,false,1,10.90,10.90,true,1,
7297507980291,false,"משחת נעליים שחור 60 מ""ל","מיס שריתה בע""מ",TH,משחת נעליים,מיליליטרים,60.00,"100 מ""ל",false,1,3.90,6.50,true,1,
7297507980314,false,"נוזל נעליים שחור 80 מ""ל","מיס שריתה בע""מ",TH,נוזל נעליים,יחידה,1.00,יחידה,false,1,3.90,3.90,true,1,
7297507980352,false,משחת נעליים + 2 ספוג 200,"מיס שריתה בע""מ",TH,משחת נעליים,מיליליטרים,200.00,"100 מ""ל",false,1,9.90,4.95,true,1,
7297507980369,false,משחת נעליים שפורפרת 75 מ,"מיס שריתה בע""מ",TH,משחת נעליים,מיליליטרים,75.00,"100 מ""ל",false,1,8.90,11.87,true,1,
7297507980376,false,מבריק נעליים דו צדדי 1 י,"מיס שריתה בע""מ",TH,מבריק נעליים,יחידה,1.00,יחידה,false,1,5.90,5.90,true,1,
7297507980390,false,בקבוק שתיה לתינוק+ידית 3,"מיס שריתה בע""מ",TH,בקבוק לתינוק,יחידה,1.00,יחידה,false,1,15.90,15.90,true,1,
7297507980406,false,"בקבוק שתיה לתינוק 250 מ""","מיס שריתה בע""מ",TH,בקבוק לתינוק,מיליליטרים,250.00,"100 מ""ל",false,1,6.90,2.76,true,1,
7297507980420,false,מסרק לסילוק כינים,"מיס שריתה בע""מ",TH,מסרק לכינים,יחידה,1.00,יחידה,false,1,11.90,11.90,true,1,
7297507980444,false,ממרקות פלסטיק 6 יחידות,"מיס שריתה בע""מ",TH,ממרקות פלסטיק,יחידה,1.00,יחידה,false,1,4.90,4.90,true,1,
7297507980468,false,ספוג רחצה 3 יחידות,"מיס שריתה בע""מ",TH,ספוג רחצה,יחידה,1.00,יחידה,false,1,7.90,7.90,true,1,
7297507980475,false,ספוג רחצה חצי מסאג 1 יחי,"מיס שריתה בע""מ",TH,ספוג רחצה,יחידה,1.00,יחידה,false,1,3.90,3.90,true,1,
7297507980499,false,מוצץ סימטרי יהלום M 2 יח,"מיס שריתה בע""מ",TH,מוצץ,יחידה,1.00,יחידה,false,1,19.90,19.90,true,1,
7297507980505,false,מוצץ סימטרי יהלום L 2 יח,"מיס שריתה בע""מ",TH,מוצץ,יחידה,1.00,יחידה,false,1,19.90,19.90,true,1,
7297507980574,false,מוצץ אורטודנטי ספיר S 2י,"מיס שריתה בע""מ",TH,מוצץ אורטודנטי,יחידה,1.00,יחידה,false,1,10.90,10.90,true,1,
7297507980598,false,מוצץ אורטודנטי ספיר L 2י,"מיס שריתה בע""מ",TH,מוצץ אורטודנטי,יחידה,1.00,יחידה,false,1,10.90,10.90,true,1,
7297507980604,false,מוצץ אורטודנטי אופל S 2י,"מיס שריתה בע""מ",TH,מוצץ,יחידה,1.00,יחידה,false,1,14.90,14.90,true,1,
7297507980628,false,מוצץ אורטודנטי אופל L 2י,"מיס שריתה בע""מ",TH,מוצץ אורטודנטי,יחידה,1.00,יחידה,false,1,14.90,14.90,true,1,
7297507980680,false,סכיני גילוח אלוורה 5 יחי,.,IL,סכיני גילוח,יחידה,1.00,יחידה,false,1,4.50,4.50,true,1,
7297507980697,false,קיסמי שיניים דנטליים 1 י,"מיס שריתה בע""מ",TH,קיסמי שיניים,יחידה,1.00,יחידה,false,1,8.90,8.90,true,1,
7297507980703,false,"כוס אימון עם ידית ""ולס""","מיס שריתה בע""מ",TH,כוס אימון,יחידה,1.00,יחידה,false,1,17.90,17.90,true,1,
7297507980734,false,בקבוק ספורט עם קש מתקפל,"מיס שריתה בע""מ",TH,בקבוק ספורט,מיליליטרים,250.00,"100 מ""ל",false,1,18.90,7.56,true,1,
7297507980765,false,פטמה צרה לבקבוק 3 יחידות,"מיס שריתה בע""מ",TH,פטמה צרה,יחידה,1.00,יחידה,false,1,4.90,4.90,true,1,
7297507980772,false,פטמה צרה חור עיגול 3 יחי,"מיס שריתה בע""מ",TH,פטמה צרה,יחידה,1.00,יחידה,false,1,4.90,4.90,true,1,
7297507980796,false,מברשת לניקוי בקבוק,"מיס שריתה בע""מ",TH,מברשת ניקוי,יחידה,1.00,יחידה,false,1,4.90,4.90,true,1,
7297507980802,false,מברשת ניקוי בקבוק ופטמות,"מיס שריתה בע""מ",TH,מברשת ניקוי בקבו,יחידה,1.00,יחידה,false,1,12.90,12.90,true,1,
7297507980833,false,מברשת מסרק לתינוק 1 יחיד,"מיס שריתה בע""מ",TH,מברשת לתינוק,יחידה,1.00,יחידה,false,1,7.60,7.60,true,1,
7297507980857,false,"מתז לניקוי התינוק 150 מ""","מיס שריתה בע""מ",TH,מתז לניקוי תינוק,מיליליטרים,150.00,"100 מ""ל",false,1,11.90,7.93,true,1,
7297507980970,false,סינר מגבת,"מיס שריתה בע""מ",TH,סינר מגבת,יחידה,1.00,יחידה,false,1,14.90,14.90,true,1,
7297507981038,false,אלכוהול 70% אוליטה 100 מ,"מיס שריתה בע""מ",TH,אלכוהול,מיליליטרים,100.00,"100 מ""ל",false,1,4.90,4.90,true,1,
7297507981045,false,"אציטון אוליטה 100 מ""ל","מיס שריתה בע""מ",TH,אציטון,מיליליטרים,100.00,"100 מ""ל",false,1,2.60,2.60,true,1,
7297507981175,false,פטמות רחבות רב שלבי 2 יח,"מיס שריתה בע""מ",TH,פטמות רחבות,יחידה,1.00,יחידה,false,1,11.90,11.90,true,1,
7297507981182,false,"בקבוק שתיה לתינוק 240 מ""","מיס שריתה בע""מ",TH,בקבוק שתיה,מיליליטרים,240.00,"100 מ""ל",false,1,7.90,3.29,true,1,
7297507981199,false,בקבוק שתיה לתינוק120 מל,"מיס שריתה בע""מ",TH,בקבוק לתינוק,מיליליטרים,120.00,"100 מ""ל",false,1,7.90,6.58,true,1,
7297507981236,false,בקבוק שתיה לתינוק 3 יח,"מיס שריתה בע""מ",TH,שלישיית בקבוקים,יחידה,1.00,יחידה,false,1,16.90,16.90,true,1,
7297507981267,false,מדחום אקולוגי גאליום,"מיס שריתה בע""מ",CN,מדחום אקולוגי,יחידה,1.00,יחידה,false,1,19.90,19.90,true,1,
7297507981298,false,שפתון וזלין 10 גרם,,IL,שפתון וזלין,גרמים,10.00,100 גרם,false,1,5.90,59.00,true,1,
7297507981359,false,מוצץ אורטודנטי קרט M 4יח,"מיס שריתה בע""מ",TH,מוצץ אורטודנטי,יחידה,1.00,יחידה,false,1,20.90,20.90,true,1,
7297507981366,false,מוצץ אורטודנטי קרט L 4יח,"מיס שריתה בע""מ",TH,מוצץ אורטודנטי,יחידה,1.00,יחידה,false,1,20.90,20.90,true,1,
7297507981397,false,רפידות הנקה 60 יח,,CN,רפידות הנקה 60יח,יחידה,1.00,יחידה,false,1,18.90,18.90,true,1,
7297507981410,false,ספוג רחצה חצי מסאג' גדול,מיס שריתה,CN,ספוג רחצה,יחידה,1.00,יחידה,false,1,7.90,7.90,true,1,
7297507981427,false,קיסמי שיניים עם חוט דנטל,,CN,קיסמי שיניים,יחידה,1.00,יחידה,false,1,9.90,9.90,true,1,
7297507981465,false,"ג'ל פטרולאום 100 מ""ל",מיס שריתה,IL,ג'ל פטרולאום,מיליליטרים,100.00,"100 מ""ל",false,1,5.90,5.90,true,1,
7297507981496,false,סכיני גילוח 3יח,.,CN,סכיני גילוח 3יח,יחידה,1.00,יחידה,false,1,14.90,14.90,true,1,
7297507981526,false,רשת כביסה,,IL,רשת כביסה,יחידה,1.00,יחידה,false,1,12.90,12.90,true,1,
7297507981533,false,רשת כביסה צפופה,,IL,רשת כביסה צפופה,יחידה,1.00,יחידה,false,1,14.90,14.90,true,1,
7297507981557,false,"בקבוק רחב לתינוק 125 מ""ל",מיס שריתה,TH,בקבוק רחב לתינוק,מיליליטרים,125.00,"100 מ""ל",false,1,19.90,15.92,true,1,
7297507981564,false,"בקבוק רחב לתינוק 250 מ""ל",מיס שריתה,TH,בקבוק לתינוק,מיליליטרים,250.00,"100 מ""ל",false,1,19.90,7.96,true,1,
7297507981571,false,"בקבוק רחב לתינוק 360 מ""ל",מיס שריתה,TH,בקבוק לתינוק,מיליליטרים,360.00,"100 מ""ל",false,1,21.90,6.08,true,1,
7297507981588,false,כוס אימון רב כיווני 240,מיס שריתה,TH,כוס אימון,מיליליטרים,240.00,"100 מ""ל",false,1,24.90,10.38,true,1,
7297507981656,false,"שמן לתינוק אוליטה 400 מ""","מיס שריתה בע""מ",IL,שמן לתינוק,מיליליטרים,400.00,"100 מ""ל",false,1,15.90,3.98,true,1,
7297507981663,false,טלק לתינוק אוליטה 200 גר,"מיס שריתה בע""מ",IL,טלק לתינוק,גרמים,200.00,100 גרם,false,1,11.90,5.95,true,1,
7297507981700,false,מברשת שיניים סיליקון .,"מיס שריתה בע""מ",TH,מברשת שיניים,יחידה,1.00,יחידה,false,1,17.90,17.90,true,1,
7297593004512,false,מגבת מטבח תפוח טורקיז,פנדה,IL,מגבת מטבח,יחידה,1.00,יחידה,false,1,12.90,12.90,true,1,
7312040017683,false,וודקה אבסולוט,,SE,וודקה אבסולוט,מיליליטרים,700.00,"100 מ""ל",false,0,64.90,9.27,true,1,
7350041950103,false,"ליקר שרי הרינג 700 מ""ל",פיטר הירינג,SE,ליקר שרי הרינג,מיליליטרים,700.00,"100 מ""ל",false,1,99.90,14.27,true,1,
7380580005255,false,אביזרים לבית,,IL,אביזרים לבית,יחידה,1.00,יחידה,false,0,7.90,7.90,true,1,
7412952888705,false,קליפסים אטימה 13 יחידות,,IL,סט קליפסים אטימה,יחידה,1.00,יחידה,false,1,10.90,10.90,true,1,
7415963252107,false,פקק כיור אוניברסלי,YANAGXI,CN,פקק כיור אוניברס,יחידה,1.00,יחידה,false,1,5.90,5.90,true,1,
7480588956563,false,אביזרים לבית,,IL,אביזרים לבית,יחידה,1.00,יחידה,false,0,9.90,9.90,true,1,
7501064191398,false,"בירה קורונה 6 * 355 מ""ל",סרבסריה מודלו,MX,בירה קורונה 6 יח,ליטרים,2.13,ליטר,false,1,34.90,16.38,true,1,
7509546666846,false,משחת שיניים טוטאל פחם 75,,MX,טוטאל פחם,מיליליטרים,75.00,"100 מ""ל",false,1,19.90,26.53,true,1,
7569523988842,false,"מסננת נירוסטה  12 ס""מ",YANAGXI,CN,מסננת נירוסטה,יחידה,1.00,יחידה,false,1,10.90,10.90,true,1,
7610008040590,false,שוקולד לבן במילוי אגוזים,,IL,שוקולד לבן במילו,יחידה,1.00,יחידה,false,1,9.90,9.90,true,1,
7610008056874,false,חטיף שוקולד במילוי 100 ג,,CH,חטיף שוקולד,גרמים,100.00,100 גרם,false,1,14.90,14.90,true,1,
7610100034084,false,מיונז טומי 265 גרם,טומי,CH,מיונז טומי,גרמים,265.00,100 גרם,false,1,9.90,3.74,true,1,
7610251129882,false,מקלף שוויצרי קיסאג,אליבו,IL,מקלף שוויצרי קיס,יחידה,1.00,יחידה,false,1,24.90,24.90,true,1,
7610652001114,false,מקלף ירקות שוויצרי רקס,,CH,מקלף ירקות שוו,יחידה,1.00,יחידה,false,0,12.90,12.90,true,1,
7610652001312,false,קולפן רפיד אדום פלסטיק ש,,CH,קולפן רפיד,יחידה,1.00,יחידה,false,0,11.90,11.90,true,1,
7613035548374,false,דגני בוקר גולדן מיניס570,סי. פי. צרפת,FR,דגני גולדן מיניס,גרמים,570.00,100 גרם,false,1,19.90,3.49,true,1,
7613036880534,false,מחית מרק ירקות 190 גרם,נסטלה פולסקה אס.איי,PL,מחית מרק ירקות,גרמים,190.00,100 גרם,false,1,4.90,2.58,true,1,
7613036880855,false,מחית תפוח עץ ובננה 190גר,נסטלה פולסקה אס.איי,PL,מחית תפוח ובננה,גרמים,190.00,100 גרם,false,1,4.90,2.58,true,1,
7613037054279,false,גרבר מחית תפוח בננה 190,נסטלה פולסקה אס.איי,PL,מחית תפוח בננה,גרמים,190.00,100 גרם,false,1,4.90,2.58,true,1,
7613037686906,false,פיטנס שקדים ודבש 355 גרם,סי. פי. צרפת,FR,פיטנס שקדים ודבש,גרמים,355.00,100 גרם,false,1,19.90,5.61,true,1,
7613037687132,false,פיטנס שקדים ודבש 585 גרם,סי. פי. צרפת,FR,פיטנס שקדים ודבש,גרמים,585.00,100 גרם,false,1,25.90,4.43,true,1,
7613039879382,false,גרבר מחית תפוח עץ 190גרם,נסטלה פולסקה אס.איי,PL,גרבר מחי תפוח עץ,גרמים,190.00,100 גרם,false,1,4.90,2.58,true,1,
7613039880807,false,גרבר מחית תפוח גזר 190ג,נסטלה פולסקה אס.איי,PL,גרבר תפוח גזר,גרמים,190.00,100 גרם,false,1,4.90,2.58,true,1,
7613039881521,false,גרבר מחית מנגו 190 גרם,נסטלה פולסקה אס.איי,PL,גרבר מנגו,גרמים,190.00,100 גרם,false,1,4.90,2.58,true,1,
7613039881965,false,גרבר גזר תפוח מנגו 190 ג,נסטלה פולסקה אס.איי,PL,גרבר גזר תפוח,גרמים,190.00,100 גרם,false,1,4.90,2.58,true,1,
7614100548206,false,קירש דובדבנים ברגהוף 500,,IL,קירש דובדבנים בר,מיליליטרים,500.00,"100 מ""ל",false,6,129.90,25.98,true,1,
7616805698965,false,קולפן ירקות ירוק CLASINO,,CH,קולפן ירקות,יחידה,1.00,יחידה,false,1,19.90,19.90,true,1,
7616805699474,false,קולפן ירקות לבןCLASINO,,CH,קולפן ירקות,יחידה,1.00,יחידה,false,1,19.90,19.90,true,1,
7690589856667,false,אביזרים לבית,,IL,אביזרים לבית,יחידה,1.00,יחידה,false,0,12.90,12.90,true,1,
7701002301289,false,מברשת לצפורניים 2 יחידות,YANAGXI,CN,מברשת לציפורניים,יחידה,1.00,יחידה,false,1,6.90,6.90,true,1,
7702018978106,false,"דאו.קליר ג'ל A.L 70 מ""ל",פרוקטר אנד גמבל,PL,דאו.קליר ג'ל,מיליליטרים,70.00,"100 מ""ל",false,0,15.90,22.71,true,1,
7702018978120,false,"דאו.קליר ג'ל C.W 70 מ""ל",פרוקטר אנד גמבל,PL,דאו.קליר ג'ל,מיליליטרים,70.00,"100 מ""ל",false,0,15.90,22.71,true,1,
7705236252874,false,סט תפירה מחטים,,IL,סט תפירה מחטים,יחידה,1.00,יחידה,false,0,6.90,6.90,true,1,
7705239995204,false,סט 8 מהדקים גדולים יח,,IL,סט 8 מהדקים גדולים יח,יחידה,1.00,יחידה,false,0,10.90,10.90,true,1,
7705288874413,false,"מסננת נירוסטה 7 ס""מ",YANAGXI,CN,מסננת נירוסטה,יחידה,1.00,יחידה,false,1,8.90,8.90,true,1,
7705288874420,false,"מסננת נירוסטה 18 ס""מ .",,IL,מסננת נירוסטה,יחידה,1.00,יחידה,false,1,16.90,16.90,true,1,
7705288874437,false,"מסננת נירוסטה 22 ס""מ",YANAGXI,CN,מסננת נירוסטה,יחידה,1.00,יחידה,false,1,21.90,21.90,true,1,
7705558030518,false,סט 3 סכיני מטבח,YANAGXI,CN,סט 3 סכיני מטבח,יחידה,1.00,יחידה,false,1,11.90,11.90,true,1,
7705623999863,false,סט סיכות ביטחון,,IL,סט סיכות ביטחון,יחידה,1.00,יחידה,false,0,7.90,7.90,true,1,
7740205954564,false,דבק דו צדדי .,,IL,דבק דו צדדי .,יחידה,1.00,יחידה,false,1,7.90,7.90,true,1,
7754617037517,false,מארז 2 נורות לד 15W FSL,נוי שיווק,CN,מארז 2 נורות לד,יחידה,1.00,יחידה,false,1,24.90,24.90,true,1,
7759855540126,false,קופסה מיוחדת לביצים,נוי שיווק,CN,קופסה לביצים,יחידה,1.00,יחידה,false,1,19.90,19.90,true,1,
7759855540157,false,מהדקי מזרון פטנט,נוי שיווק,CN,מהדקי מזרון,יחידה,1.00,יחידה,false,1,19.90,19.90,true,1,
7759855540232,false,זוז סכין מדורגת משונן .,,IL,סכין מדורגת,יחידה,1.00,יחידה,false,1,24.90,24.90,true,1,
7759855540430,false,שקית בד מקצועית,,,שקית בד מקצועית,יחידה,1.00,יחידה,false,0,14.90,14.90,true,1,
7759855540744,false,מערוך עץ איכותי,,IL,מערוך עץ איכותי,יחידה,1.00,יחידה,false,1,29.90,29.90,true,1,
7759855540843,false,גליל פי וי סי 3 מטר,YANAGXI,CN,גליל פי וי סי,מטרים,3.00,מטר,false,1,24.90,8.30,true,1,
7759855540874,false,חולץ פקקים ג'מבו .,,IL,חולץ פקקים,יחידה,1.00,יחידה,false,1,29.90,29.90,true,1,
7759855540898,false,תחתית עץ לסירים,YANAGXI,CN,תחתית לסירים,יחידה,1.00,יחידה,false,1,14.90,14.90,true,1,
7759855540904,false,מאריך ברז קצר,אליבו,CN,מאריך ברז,יחידה,1.00,יחידה,false,1,10.90,10.90,true,1,
7759855540911,false,מאריך ברז ארוך,YANAGXI,CN,מאריך ברז,יחידה,1.00,יחידה,false,1,14.90,14.90,true,1,
7759855540928,false,רולר לבגדים 60 דף,,IL,רולר לבגדים,יחידה,1.00,יחידה,false,1,9.90,9.90,true,1,
7759855540980,false,מקטין להבה סט 2 .,,IL,מקטין להבה,יחידה,1.00,יחידה,false,1,8.90,8.90,true,1,
7759855540997,false,מספריים עם מכסה,YANAGXI,CN,מספריים,יחידה,1.00,יחידה,false,1,13.90,13.90,true,1,
7777999905557,false,מצית ברביקיו גדול,YANAGXI,CN,מצית ברביקיו,יחידה,1.00,יחידה,false,1,14.90,14.90,true,1,
7790580315986,false,סוכריות ממולאות,,AR,סוכריות ממולאות,גרמים,470.00,100 גרם,false,0,14.90,3.17,true,1,
7790580412654,false,בון בון צהוב 270,,MX,בון בון צהוב270ג,גרמים,270.00,100 גרם,false,1,15.90,5.89,true,1,
7851220222368,false,סט קופסאות עגול 8 יח,,IL,סט קופסאות,יחידה,1.00,יחידה,false,1,4.90,4.90,true,1,
7851220222375,false,סט קופסאות עגול 5יחידות,,IL,סט קופסאות עגול,יחידה,1.00,יחידה,false,1,4.90,4.90,true,1,
7851220222382,false,סט קופסאות מלבן 3יחידות,,IL,סט קופסאות3 יח,יחידה,1.00,יחידה,false,1,7.90,7.90,true,1,
7851220222399,false,סט קופסאות מלבן 2 יחידות,,IL,סט קופסאות מלבן,יחידה,1.00,יחידה,false,1,7.90,7.90,true,1,
7851220222405,false,סט קופסאות מלבן 2יחידות,,IL,סט קופסאות,יחידה,1.00,יחידה,false,1,7.90,7.90,true,1,
7891024124826,false,קולגייט אופטיק וייט 75מל,קולגייט פלמוליב,BR,משחת קולגייט,מיליליטרים,75.00,"100 מ""ל",false,0,14.90,19.87,true,1,
7891024130063,false,פלקס שטיפה ל.אלכוהול500,קולגייט- פלמוליב,BR,פלקס שטיפה,מיליליטרים,500.00,"100 מ""ל",false,0,21.90,4.38,true,1,
7899050528755,false,מספריים איכותיות בינוני,,IL,מספריים בינוניות,יחידה,1.00,יחידה,false,1,3.90,3.90,true,1,
7899294428521,false,כיסא מנהלים מפואר,,IL,כיסא מנהלים,יחידה,1.00,יחידה,false,1,499.00,499.00,true,1,
7900250001006,false,אביזרים לבית,,IL,אביזרים לבית,יחידה,1.00,יחידה,false,0,15.90,15.90,true,1,
7900250001013,false,אביזרים לבית,,IL,אביזרים לבית,יחידה,1.00,יחידה,false,0,19.90,19.90,true,1,
8000070003774,false,קפסולות קפה אינטנסו 13,,IT,קפסולות קפה,גרמים,120.00,100 גרם,false,1,27.90,23.25,true,1,
8000070003811,false,קפסולות קפה פסיונלה 11 1,,IT,קפסולות קפה,גרמים,120.00,100 גרם,false,1,27.90,23.25,true,1,
8000070003842,false,קפסולות קרמוסו7 נ.קופאין,,IT,קפסולות קפה,גרמים,120.00,100 גרם,false,1,27.90,23.25,true,1,
8000070003958,false,קפסולות קפה טיירה 9 120ג,,IT,קפסולות לוואצה,גרמים,120.00,100 גרם,false,1,27.90,23.25,true,1,
8000070003972,false,קפסולות קפה סואבה 5 112,,IT,קפסולות קפה,גרמים,112.00,100 גרם,false,1,27.90,24.91,true,1,
8000215204219,false,משקה אורז אורגני,,IT,משקה אורז אורגני,ליטרים,1.00,ליטר,false,0,12.90,12.90,true,1,
8000215204240,false,משקה שקדים ואורז 1 ליטר,אלינור,IT,משקה שקדים ואורז,ליטרים,1.00,ליטר,false,0,12.90,12.90,true,1,
8000380192243,false,וופל אגוז לוזי מקסי200גר,א. לואקר,AT,וופל אגוז לואקר,גרמים,200.00,100 גרם,false,1,11.90,5.95,true,1,
8000380192250,false,וופל  שוקולד מקסי 200גרם,א. לואקר,AT,וופל שוקולד,גרמים,200.00,100 גרם,false,1,11.90,5.95,true,1,
8000380198221,false,וופל דאבל שוקולד מקסי200,א. לואקר,AT,וופל דאבל שוקולד,גרמים,200.00,100 גרם,false,1,11.90,5.95,true,1,
8000500353738,false,סוכ.טיק טק מנטה חזקה16*4,,ZA,סוכריות טיק טק,גרמים,64.00,100 גרם,false,1,9.90,15.47,true,1,
8001090016003,false,פיירי טבליות הכל ב1 84יח,פרוקטר אנד גמבל,BE,פיירי טבליות,יחידה,1.00,יחידה,false,1,44.90,44.90,true,1,
8001090033512,false,אבקת טייד קולור 8קג,פרוקטור אנד גמבל,TR,אבקת כביסה טייד,קילוגרמים,8.00,"ק""ג",false,1,39.90,4.99,true,1,
8001090268617,false,100פמפרס מגה פק  שלב3,פרוקטר אנד גמבל,DE,פמפרס מגה פק,יחידה,1.00,יחידה,false,1,67.90,67.90,true,1,
8001090458322,false,"פיירי ורדים ומשי 1015 מ""",פרוקטר אנד גמבל,GB,פיירי ורדים ומשי,ליטרים,1.05,ליטר,false,1,14.90,14.19,true,1,
8001090802385,false,טייד קפסולות ג'ל 26 יחיד,פרוקטר אנד גמבל,FR,טייד קפסולות ג'ל,יחידה,1.00,יחידה,false,1,23.90,23.90,true,1,
8001090832450,false,"שמפו פנטן קלאסי 660 מ""ל",פרוקטר & גמבל,RO,שמפו פנטן,מיליליטרים,660.00,"100 מ""ל",false,1,19.90,3.02,true,1,
8001090832535,false,שמפו פנטן שמן מרוקאי660מ,פרוקטר אנד גמבל,RO,שמפו פנטן,מיליליטרים,660.00,"100 מ""ל",false,1,19.90,3.02,true,1,
8001090832573,false,שמפו פנטן לחות מוגברת660,פרוקטר אנד גמבל,RO,שמפו פנטן,מיליליטרים,660.00,"100 מ""ל",false,1,19.90,3.02,true,1,
8001090832610,false,"שמפו פנטן מגע משי 660מ""ל",פרוקטר אנד גמבל,RO,שמפו פנטן,מיליליטרים,660.00,"100 מ""ל",false,1,19.90,3.02,true,1,
8001090832818,false,"מרכך פנטן קלאסי 660 מ""ל",פרוקטר אנד גמבל,RO,מרכך פנטן,מיליליטרים,660.00,"100 מ""ל",false,1,19.90,3.02,true,1,
8001090832856,false,מרכך פנטן שמן מרוקאי660מ,פרוקטר אנד גמבל,RO,מרכך פנטן,מיליליטרים,660.00,"100 מ""ל",false,1,19.90,3.02,true,1,
8001090832894,false,מרכך פנטן לחות מוגברת660,פרוקטר אנד גמבל,RO,מרכך פנטן,מיליליטרים,660.00,"100 מ""ל",false,1,19.90,3.02,true,1,
8001090832931,false,"מרכך פנטן מגע משי660 מ""ל",פרוקטר אנד גמבל,RO,מרכך פנטן,מיליליטרים,660.00,"100 מ""ל",false,1,19.90,3.02,true,1,
8001090833280,false,אריאל ג'ל כביסה5.005לי,פרוקטור אנד גמבל,FR,אריאל ג'ל כביסה,ליטרים,5.00,ליטר,false,1,47.90,9.58,true,1,
8001090992338,false,פיירי פלטינום פלוס 50 טב,פרוקטר אנד גמבל,BE,פיירי טב' למדיח,יחידה,1.00,יחידה,false,1,44.90,44.90,true,1,
8001841053646,false,14תחב.אולוויז עבה נורמל+,פרוקטר אנד גמבל )ראה קוד,UA,תחבושות אולוויז,יחידה,1.00,יחידה,false,1,9.90,9.90,true,1,
8001841053684,false,12תחב.אולוויז עבה לונג+,פרוקטר אנד גמבל )ראה קוד,UA,תחבושות אולוויז,יחידה,1.00,יחידה,false,1,9.90,9.90,true,1,
8001841053806,false,9תחבוש.אולוויז עבות לילה,פרוקטר אנד גמבל,DE,תחבושות אולוויז,יחידה,1.00,יחידה,false,1,9.90,9.90,true,1,
8001841062624,false,מגבוני פמפרס סנסיטיב52*4,פרוקטר אנד גמבל,DE,מגבוני פמפרס 4יח,יחידה,1.00,יחידה,false,1,15.90,15.90,true,1,
8001841077949,false,מגבוני פמפרס פרש 52*4 יח,פרוקטר אנד גמבל,DE,מגבוני פמפרס 4יח,יחידה,1.00,יחידה,false,1,15.90,15.90,true,1,
8001841625287,false,פיירי פלטינום לימון החדש,פרוקטר אנד גמבל,GB,פיירי פלטינום לי,ליטרים,1.01,ליטר,false,1,14.90,14.75,true,1,
8001841640204,false,קפסולות בניחוח לנור58יח,"פרוקטר אנד גמבל, אמינס,",FR,טייד קפסולות ג'ל,יחידה,1.00,יחידה,false,1,49.90,49.90,true,1,
8002522332203,false,מועך שום איכותי,,IL,מועך שום איכותי,יחידה,1.00,יחידה,false,0,19.90,19.90,true,1,
8002522427503,false,סט פותחים,,IL,סט פותחים,יחידה,1.00,יחידה,false,0,6.90,6.90,true,1,
8002522581007,false,מקלף נירוסטה,,,מקלף נירוסטה,יחידה,1.00,יחידה,false,0,10.90,10.90,true,1,
8003440997857,false,מסטיק פיורפרש מנטה 200גר,,TR,מסטיק מנטוס,גרמים,200.00,100 גרם,false,1,18.90,9.45,true,1,
8003440997871,false,מסטיק פיורפרש תות 200גרם,,TR,מסטיק מנטוס,גרמים,200.00,100 גרם,false,1,18.90,9.45,true,1,
8005200496525,false,נסטי בטעם אפרסק 1.5 ליטר,סן-פלגרינו,IT,נסטי בטעם אפרסק,ליטרים,1.50,ליטר,false,0,5.90,3.93,true,1,
8005200516520,false,נסטי דיאט טעם אפרסק 1.5ל,סן-פלגרינו,IT,נסטי דיאט אפרסק,ליטרים,1.50,ליטר,false,0,5.90,3.93,true,1,
8005200536528,false,נסטי מנגו אננס 1.5 ליטר,סן-פלגרינו,IT,נסטי מנגו אננס,ליטרים,1.50,ליטר,false,0,5.90,3.93,true,1,
8006540009512,false,מרכך לנור בייבי 897מל,פרוקטר אנד גמבל,FR,מרכך לנור בייבי,מיליליטרים,897.00,"100 מ""ל",false,1,14.90,1.66,true,1,
8006540112793,false,לנור מרכך יסמין 900מל,פרוקטר אנד גמבל,FR,לנור מרכך מרוכז,מיליליטרים,900.00,"100 מ""ל",false,1,14.90,1.66,true,1,
8006540112854,false,לנור מרכך ניחוח סחלב900,פרוקטר אנד גמבל,FR,לנור מרכך מרוכז,מיליליטרים,900.00,"100 מ""ל",false,1,14.90,1.66,true,1,
8008220031950,false,סכינים קאמינו שישייה .,,IL,סכיני קאימנו למט,יחידה,1.00,יחידה,false,1,39.90,39.90,true,1,
8013304007035,false,מברשת צלחות לונה .,,IL,מברשת צלחות,יחידה,1.00,יחידה,false,1,9.90,9.90,true,1,
8013304012473,false,זוג מסננות פרפר לכיור,נוי שיווק,CN,זוג מסננות פרפר,יחידה,1.00,יחידה,false,0,6.90,6.90,true,1,
8032573170035,false,יין מוסקטו,,IT,יין מוסקטו,מיליליטרים,750.00,"100 מ""ל",false,0,34.90,4.65,true,1,
8076800195057,false,ספגטיני מס' 5 ברילה500גר,ברילה,IT,ספגטי מס 5 ברילה,גרמים,500.00,100 גרם,false,0,5.90,1.18,true,1,
8076800315097,false,ספגטי בוקטיני מס9' 500גר,ברילה גי.אי.אר פרטלי ס.פ,IT,ספגטי בוקטיני,גרמים,500.00,100 גרם,false,0,5.90,1.18,true,1,
8076802085738,false,פנה ריגטה מס73' 500 גרם,ברילה,IT,פנה ריגטה ברילה,גרמים,500.00,100 גרם,false,0,5.90,1.18,true,1,
8076802085981,false,פסטה פוזילי מס98' 500גרם,ברילה,IT,פוזילי ברילה,גרמים,500.00,100 גרם,false,0,5.90,1.18,true,1,
8076808060654,false,פסטה פרפלה מס65' 500 גרם,ברילה,IL,פסטה פרפלה ברילה,גרמים,500.00,100 גרם,false,0,5.90,1.18,true,1,
8076808150072,false,ספגטי מס' 7 500 גרם,ברילה,IT,ספגטי ברילה,גרמים,500.00,100 גרם,false,0,5.90,1.18,true,1,
8076809512268,false,פסטה גירנדולה מס34' 500ג,ברילה,IT,פסטה גירנדולה,גרמים,500.00,100 גרם,false,0,5.90,1.18,true,1,
8076809513388,false,רוטב פיקנטי לפסטה 400גרם,ברילה,IT,רוטב לפסטה,גרמים,400.00,100 גרם,false,0,12.90,3.23,true,1,
8076809513395,false,רוטב פומודורו ברילה 400ג,ברילה,IT,רוטב עגבניות,גרמים,400.00,100 גרם,false,0,12.90,3.23,true,1,
8076809523738,false,לזניה ברילה 500 גרם,ברילה גי.אי.אר פרטלי ס.פ,IT,לזניה ברילה,גרמים,500.00,100 גרם,false,0,18.90,3.78,true,1,
8410076600622,false,קראנץ שבבי שוקולד 210ג,ג'נרל מילס,ES,נייצר וואלי שוקו,גרמים,210.00,100 גרם,false,0,12.90,6.14,true,1,
8410104039134,false,"פיניש לניקוי מדיח 250מ""ל",רקיט בנקיזר,PL,פיניש ניקוי מדיח,מיליליטרים,250.00,"100 מ""ל",false,0,14.90,5.96,true,1,
8410104045111,false,"פיניש מלח למדיח 2 ק""ג",רקיט בנקיזר,IL,מלח למדיח,קילוגרמים,2.00,"ק""ג",false,0,12.90,6.45,true,1,
8410104425906,false,"ויט שעווה חמה 250 מ""ל",רקיט בנקיזר,FR,שעווה חמה ויט,מיליליטרים,250.00,"100 מ""ל",false,0,24.90,9.96,true,1,
8412131100511,false,ידית נשיאה רב שימושית,,IL,ידית נשיאה,יחידה,1.00,יחידה,false,1,18.90,18.90,true,1,
8437004395092,false,ערכת הריון,,,ערכת הריון,יחידה,1.00,יחידה,false,0,29.90,29.90,true,1,
8437004395634,false,ערכת ביוץ,,,ערכת ביוץ,יחידה,1.00,יחידה,false,0,44.90,44.90,true,1,
8565255625245,false,כף גלידה נירוסטה- פטנט,,IL,כף גלידה,יחידה,1.00,יחידה,false,1,17.90,17.90,true,1,
8565255690700,false,מסננת ידית סיליקון 7 סמ,,IL,מסננת ידית,יחידה,1.00,יחידה,false,1,11.90,11.90,true,1,
8565255691400,false,מסננת ידית סיליקון 14 סמ,,IL,מסננת ידית,יחידה,1.00,יחידה,false,1,19.90,19.90,true,1,
8565255692001,false,מסננת ידית סיליקון 20 סמ,,IL,מסננת ידית,יחידה,1.00,יחידה,false,1,23.90,23.90,true,1,
8595198800553,false,שליבוביץ גולד 3 שנים 700,,IL,שליבוביץ 3 שנים,מיליליטרים,700.00,"100 מ""ל",false,6,128.90,18.41,true,1,
8659110577487,false,משחיז סכינים רוי .,,IL,משחיז סכינים,יחידה,1.00,יחידה,false,1,23.90,23.90,true,1,
8690531032377,false,פלפלים צהובים,,TR,פלפלים צהובים,גרמים,350.00,100 גרם,false,0,9.90,2.83,true,1,
8690531410311,false,עגבניות מיובשות,,TR,עגבניות מיובשות,גרמים,350.00,100 גרם,false,0,17.00,4.86,true,1,
8690572778326,false,דאו.ספריי פה כותנה 200 מ,הנקל סוד,TR,דאודורנט פה,מיליליטרים,200.00,"100 מ""ל",false,1,9.90,4.95,true,1,
8690637505607,false,מרכך כביסה פינוק960מל,יוניליוור סנאיי וי טיקאר,TR,מרכך כביסה בדין,מיליליטרים,960.00,"100 מ""ל",false,1,14.90,1.55,true,1,
8690637505614,false,מרכך בדין קוקוס960,יוניליוור סנאיי וי טיקאר,TR,מרכך כביסה בדין,מיליליטרים,960.00,"100 מ""ל",false,1,14.90,1.55,true,1,
8690637555084,false,מרכך בדין פריחת התפוז960,יוניליוור,TR,מרכך בדין אקסטרא,מיליליטרים,960.00,"100 מ""ל",false,0,14.90,1.55,true,1,
8690637704277,false,דאב שמפו  יומי 2ב1- 600מ,יוניליוור,TR,שמפו דאב,מיליליטרים,600.00,"100 מ""ל",false,0,15.90,2.65,true,1,
8690637704291,false,"דאב שמפו משקם 600 מ""ל",יוניליוור,TR,דאב שמפו משקם,מיליליטרים,600.00,"100 מ""ל",false,0,15.90,2.65,true,1,
8690637704376,false,"דאב שמפו יום יומי 600מ""ל",יוניליוור סנאיי וי טיקאר,TR,שמפו דאב,מיליליטרים,600.00,"100 מ""ל",false,0,15.90,2.65,true,1,
8690637704413,false,"דאב מרכך משקם 600 מ""ל",יוניליוור,TR,דאב מרכך משקם,מיליליטרים,600.00,"100 מ""ל",false,0,15.90,2.65,true,1,
8690637704437,false,דאב שמפו שמני הזנה 600 מ,יוניליוור סנאיי וי טיקאר,TR,שמפו דאב,מיליליטרים,600.00,"100 מ""ל",false,0,15.90,2.65,true,1,
8690637704451,false,דאב מרכך שמני הזנה 600 מ,יוניליוור,TR,דאב מרכך,מיליליטרים,600.00,"100 מ""ל",false,0,15.90,2.65,true,1,
8690637866753,false,מרכך בדין  מרוכז סגול960,יוניליוור,TR,בדין אקסטרא,מיליליטרים,960.00,"100 מ""ל",false,1,14.90,1.55,true,1,
8690637871061,false,שמפו דאב שמן אבוקדו 600מ,יוניליוור,TR,שמפו דאב,מיליליטרים,600.00,"100 מ""ל",false,1,15.90,2.65,true,1,
8690637935701,false,בדין אקסטרה דובדב+שקד960,יוניליוור סנאיי וי טיקאר,TR,מרכך כביסה בדין,מיליליטרים,960.00,"100 מ""ל",false,1,14.90,1.55,true,1,
8690637946301,false,מרכך בדין  בייבי 960מל9,יוניליוור סנאיי וי טיקאר,TR,בדין מרכך בייבי,מיליליטרים,960.00,"100 מ""ל",false,1,14.90,1.55,true,1,
8690637946318,false,מרכך בדין בייבי צהוב 960,יוניליוור סנאיי וי טיקאר,TR,מרכך בדין בייבי,מיליליטרים,960.00,"100 מ""ל",false,1,14.90,1.55,true,1,
8690637971310,false,בדין מרכך יערת הדבש960מל,יוניליוור סנאיי וי טיקאר,TR,בדין מרכך אקסטרה,מיליליטרים,960.00,"100 מ""ל",false,1,14.90,1.55,true,1,
8690637976995,false,בדין מרכך ורוד 960מל,יוניליוור סנאיי וי טיקאר,TR,בדין אקסטרה ורוד,מיליליטרים,960.00,"100 מ""ל",false,1,14.90,1.55,true,1,
8690637987441,false,בדין מרכך כותנה 960מל,יוניליוור סנאיי וי טיקאר,TR,בדין מרכך  וניל,מיליליטרים,960.00,"100 מ""ל",false,1,14.90,1.55,true,1,
8690784614665,false,דאק סבון לאסלה ניחוח ים,"פול הון ,(#POL-hUN) קולו",PL,דאק סבון אסלה,יחידה,1.00,יחידה,false,1,7.90,7.90,true,1,
8690784616775,false,דאק סבון אסלה אקווה בלו,,RS,דאק סבון אסלה,גרמים,80.00,100 גרם,false,1,7.90,9.88,true,1,
8693495041461,false,2מברשות סלים סופט פחם,קולגייט פלמוליב,CN,זוג מברשות,יחידה,1.00,יחידה,false,0,21.90,21.90,true,1,
8693495051002,false,מברשת קולגייט מיניונים+6,קולגייט פלמוליב,CN,מברשת קולגייט,יחידה,1.00,יחידה,false,1,9.90,9.90,true,1,
8693495052177,false,סבון פלמוליב זיתים 750 מ,קולגייט פלמוליב,TR,סבון פלמוליב,מיליליטרים,750.00,"100 מ""ל",false,1,14.90,1.99,true,1,
8693495052191,false,סבון פלמוליב אפרסק 750מל,קולגייט פלמוליב,TR,סבון פלמוליב,מיליליטרים,750.00,"100 מ""ל",false,1,14.90,1.99,true,1,
8696287302481,false,סט קופסאות איחסון 3 יח,,IL,קופסאות איחסון,יחידה,1.00,יחידה,false,1,14.90,14.90,true,1,
8697425880090,false,מגב חלון פלורה,,IL,מגב חלון פלורה,יחידה,1.00,יחידה,false,0,5.90,5.90,true,1,
8697428650393,false,מארז מחברות צבעוניות,,IL,מארז 10 מחברות,יחידה,1.00,יחידה,false,1,7.90,7.90,true,1,
8697512622947,false,מב.אפייה סיליקון אקריל,YANAGXI,CN,מברשת אפיה,יחידה,1.00,יחידה,false,0,12.90,12.90,true,1,
8697826469092,false,טורטיות 12יח',,TR,טורטיות 12יח',גרמים,540.00,100 גרם,false,0,8.90,1.65,true,1,
8710002569468,false,מלקחיים קטן,,IL,מלקחיים קטן,יחידה,1.00,יחידה,false,1,7.90,7.90,true,1,
8710447284117,false,"אקס ג'ל רחצה בלק 400 מ""ל",יוניליוור גרמניה,DE,אקס ג'ל רחצה בלק,מיליליטרים,400.00,"100 מ""ל",false,1,9.90,2.48,true,1,
8710447320662,false,דאו.דאב0%אלומ.אפרסק150מ,יוניליוור,IT,דאודורנט דאב,מיליליטרים,150.00,"100 מ""ל",false,1,14.90,9.93,true,1,
8710502194825,false,עוג.שוקוציפס מהדרין 150ג,מרבה,NL,עוגיות שוקוצ'יפס,גרמים,150.00,100 גרם,false,1,6.90,4.60,true,1,
8710800961310,false,מנטוס טעם תות 4יח37.5X'ג,פרפטי ואן מלה,NL,מנטוס תות 4 יח,גרמים,150.00,100 גרם,false,0,9.90,6.60,true,1,
8710847860829,false,רקסונה רולאון כותנה 50 מ,יוניליוור,GB,דאו.רקסונה,מיליליטרים,50.00,"100 מ""ל",false,1,13.90,27.80,true,1,
8710847898853,false,רקסונה מן אקסטרה קול150מ,"יוניליוור אנגליה, דרך קו",GB,דאו.רקסונה ספריי,מיליליטרים,150.00,"100 מ""ל",false,1,13.90,9.27,true,1,
8710847908446,false,אקס אנטיפרספירנט בלאק150,יוניליוור,GB,דאודורנט אקס,מיליליטרים,150.00,"100 מ""ל",false,1,14.90,9.93,true,1,
8710847973970,false,תחליב רחצה דאב אלוורה750,"יוניליוור גרמניה, Gmbh &",DE,תחליב רחצה דאב,מיליליטרים,750.00,"100 מ""ל",false,1,15.90,2.12,true,1,
8710847985041,false,דאו. דאב ספריי קקאו150מ,"יוניליוור אנגליה, דרך קו",GB,דאודורנט דאב,יחידה,1.00,יחידה,false,1,14.90,14.90,true,1,
8710908326691,false,דאב תחליב רח.אדמונית750,יוניליוור,DE,תחליב רחצה דאב,מיליליטרים,750.00,"100 מ""ל",false,1,15.90,2.12,true,1,
8710908404184,false,דאו.דאב 0% אלומיניום150מ,יוניליוור,IT,דאודורנט דאב,מיליליטרים,150.00,"100 מ""ל",false,1,14.90,9.93,true,1,
8711700665834,false,סבון מוצק דאב 100*6 גרם,יוניליוור,DE,סבון דאב שישייה,גרמים,600.00,100 גרם,false,0,14.90,2.48,true,1,
8712561594608,false,תח.רחצה להזנה עמוקה 750מ,"יוניליוור גרמניה, Gmbh &",DE,תחליב רחצה דאב,מיליליטרים,750.00,"100 מ""ל",false,1,15.90,2.12,true,1,
8712561611411,false,תח.רחצה דאב תה ירוק 750מ,יוניליוור,DE,תחליב רחצה דאב,מיליליטרים,750.00,"100 מ""ל",false,1,15.90,2.12,true,1,
8714789402918,false,אג'קס חג.פרחים אדום 1.5ל,קולגייט פלמוליב,GR,אג'קס לניקוי,ליטרים,1.50,ליטר,false,0,15.90,10.60,true,1,
8714789402932,false,אג'קס חגיגת פרחי.ורוד1.5,קולגייט פלמוליב,GR,אג'קס לניקוי,ליטרים,1.50,ליטר,false,0,15.90,10.60,true,1,
8714789450315,false,פלמוליב לכלים לימון1.5ל',קולגייט פלמוליב,GR,פלמוליב לכלים,ליטרים,1.50,ליטר,false,0,12.90,8.60,true,1,
8714789529561,false,קולגייט פרו ריליף+הלבנ75,קולגייט פלמוליב,BR,משחת קולגייט,מיליליטרים,75.00,"100 מ""ל",false,0,22.90,30.53,true,1,
8714789582764,false,מרסס לניקוי חלונות 750 מ,"ש. שסטוביץ בע""\מ",GR,מרסס לחלונות,מיליליטרים,750.00,"100 מ""ל",false,0,14.90,1.99,true,1,
8714789831275,false,2מברשות קולגייט 360 וייט,קולגייט פלמוליב,CN,מברשות קולגייט,יחידה,1.00,יחידה,false,0,24.90,24.90,true,1,
8714789834467,false,פלמוליב נוזל לכלים 1.5ל',קולגייט פלמוליב,GR,פלמוליב לכלים,ליטרים,1.50,ליטר,false,0,12.90,8.60,true,1,
8714789930848,false,משחת אופטיק וייט אינסט75,קולגייט פלמוליב,PL,משחת קולגייט,מיליליטרים,75.00,"100 מ""ל",false,0,12.90,17.20,true,1,
8717163647196,false,אקס ספריי גוף אנרכי150,יוניליוור אנגליה,GB,אקס ספריי נשים,מיליליטרים,150.00,"100 מ""ל",false,1,9.90,6.60,true,1,
8717163647202,false,אקס ספריי גוף אנרכי 150מ,יוניליוור אנגליה,GB,אקס ספריי,מיליליטרים,150.00,"100 מ""ל",false,1,9.90,6.60,true,1,
8717163647226,false,אקס ספריי גוף בלאק 150מל,יוניליוור אנגליה,RU,אקס ספריי,מיליליטרים,150.00,"100 מ""ל",false,1,9.90,6.60,true,1,
8717163647233,false,אקס ספרי בלאק נייט 150מ,יוניליוור אנגליה,RU,אקס ספריי,מיליליטרים,150.00,"100 מ""ל",false,1,9.90,6.60,true,1,
8717163647240,false,אקס ספריי גוף שוקולד150מ,יוניליוור אנגליה,GB,אקס ספריי,מיליליטרים,150.00,"100 מ""ל",false,1,9.90,6.60,true,1,
8717163647257,false,אקס ספריי גוף גולד 150 מ,יוניליוור אנגליה,RU,אקס ספריי,מיליליטרים,150.00,"100 מ""ל",false,1,9.90,6.60,true,1,
8717163647264,false,אקס ספריי גוף אייס 150מ,יוניליוור אנגליה,RU,אקס ספריי,מיליליטרים,150.00,"100 מ""ל",false,1,9.90,6.60,true,1,
8717163647295,false,אקס.ספריי צ'ארג אפ 150מל,יוניליוור אנגליה,GB,אקס ספריי,מיליליטרים,150.00,"100 מ""ל",false,1,14.90,9.93,true,1,
8717163647301,false,אקס דאו.ספריי גולד 150מל,יוניליוור אנגליה,GB,אקס ספריי,מיליליטרים,150.00,"100 מ""ל",false,1,14.90,9.93,true,1,
8717163647318,false,אקס דאו. ספריי אורבן150מ,יוניליוור אנגליה,GB,אקס ספריי,מיליליטרים,150.00,"100 מ""ל",false,1,14.90,9.93,true,1,
8717163655764,false,דאו.רקסונה שאוור פרש 150,יוניליוור אנגליה,GB,דאודורנט רקסונה,מיליליטרים,150.00,"100 מ""ל",false,1,13.90,9.27,true,1,
8717163655825,false,דאודורנט רקסונה כותנה150,יוניליוור אנגליה,GB,דאודורנט רקסונה,מיליליטרים,150.00,"100 מ""ל",false,1,13.90,9.27,true,1,
8717163663493,false,רקסונה מן קובלט דריי150,"יוניליוור אנגליה, דרך קו",GB,דאו.רקסונה,מיליליטרים,150.00,"100 מ""ל",false,1,13.90,9.27,true,1,
8717163666753,false,אקס.ספריי אייס צ'יל 150מ,"יוניליוור אנגליה, דרך קו",GB,אקס ספריי,מיליליטרים,150.00,"100 מ""ל",false,1,14.90,9.93,true,1,
8717163859759,false,רקסונה ספרי וורקאאוט150מ,"יוניליוור אנגליה, דרך קו",GB,דאודורנט רקסונה,מיליליטרים,150.00,"100 מ""ל",false,1,13.90,9.27,true,1,
8717163891735,false,רקסונה ספרי וורקאאוט150מ,"יוניליוור אנגליה, דרך קו",GB,דאודורנט רקסונה,מיליליטרים,150.00,"100 מ""ל",false,1,13.90,9.27,true,1,
8717163947692,false,אקס ג'ל רח.פרש ברגמוט400,יוניליוור,DE,אקס ג'ל רחצה,מיליליטרים,400.00,"100 מ""ל",false,1,9.90,2.48,true,1,
8718114047249,false,סבון מוצק דאב 100*6 גרם,יוניליוור,DE,סבון דאב שישייה,גרמים,600.00,100 גרם,false,0,14.90,2.48,true,1,
8718692619470,false,בר משקאותSPIRIT אדום+מיכ,,IL,ספיריט אדום,יחידה,1.00,יחידה,false,1,499.00,499.00,true,1,
8718951076372,false,"משחה קולגייט הרבל 100מ""ל",,PL,משחת קולגייט,מיליליטרים,100.00,"100 מ""ל",false,1,8.90,8.90,true,1,
8718951159808,false,3 מברשות קולגייט 360,קולגייט-פלמוליב,CN,3 מברשות קולגייט,יחידה,1.00,יחידה,false,1,28.90,28.90,true,1,
8718951166288,false,מש.קולגייט מקס וייט125מל,קולגייט פלמוליב,PL,משחת קולגייט מקס,מיליליטרים,125.00,"100 מ""ל",false,1,14.90,11.92,true,1,
8718951166561,false,קולגייט מקס פרש כחול125מ,קולגייט פלמוליב,PL,משחת קולגייט מקס,מיליליטרים,125.00,"100 מ""ל",false,1,14.90,11.92,true,1,
8718951170445,false,קולגייט סמיילס ילדים50מל,,PL,קולגייט סמיילס,מיליליטרים,50.00,"100 מ""ל",false,1,9.90,19.80,true,1,
8718951187115,false,2מב.שיניים אלמקס לילד3-6,אלמקס,CN,מברשות אלמקס 2יח,יחידה,1.00,יחידה,false,1,22.90,22.90,true,1,
8718951187122,false,2מב.שיניים אלמקס לילד0-3,,DE,מברשות אלמקס,יחידה,1.00,יחידה,false,1,22.90,22.90,true,1,
8718951236790,false,קולגייט טוטל קלין 100 מל,קולגייט פלמוליב,PL,קולגייט טוטל,מיליליטרים,100.00,"100 מ""ל",false,1,14.90,14.90,true,1,
8718951236806,false,קולגייט טוטל להלבנה 100מ,,PL,קולגייט טוטל,מיליליטרים,100.00,"100 מ""ל",false,1,14.90,14.90,true,1,
8718951240742,false,קולגייט טוטל פסים 100 מל,קולגייט פלמוליב,PL,קולגייט טוטל,מיליליטרים,100.00,"100 מ""ל",false,1,14.90,14.90,true,1,
8718951264618,false,"אופטיק וייט פחם 75 מ""ל",קולגייט פלמוליב,PL,משחת קולגייט,מיליליטרים,75.00,"100 מ""ל",false,1,24.90,33.20,true,1,
8718951315303,false,משחת קולגייט אדום 100*2מ,קולגייט פלמוליב,PL,משחת קולגייט 2יח,מיליליטרים,200.00,"100 מ""ל",false,1,16.90,8.45,true,1,
8718951319806,false,ג'ל רחצה מרענן לגבר 750מ,קולגייט,TR,ג'ל רחצה לגבר,מיליליטרים,750.00,"100 מ""ל",false,1,14.90,1.99,true,1,
8718951370135,false,סבון פלמוליב סנסיישן750מ,קולגייט פלמוליב,TR,סבון פלמוליב,מיליליטרים,750.00,"100 מ""ל",false,1,14.90,1.99,true,1,
8718951382718,false,"סבון פלמוליב חימר 750 מ""",קולגייט פלמוליב,TR,סבון פמוליב,מיליליטרים,750.00,"100 מ""ל",false,1,14.90,1.99,true,1,
8718951409798,false,2 מברשת שיניים וייט פחם,"ש. שסטוביץ בע""\מ",CN,מברשת שיניים פחם,יחידה,1.00,יחידה,false,1,24.90,24.90,true,1,
8718951415836,false,קולגייט מי פה פחם 500 מל,,PL,קולגייט מי פה,מיליליטרים,500.00,"100 מ""ל",false,1,29.90,5.98,true,1,
8719200998001,false,"מרגרינה בלובנד ללת""מ200ג",יוניליוור ישראל מזון בע\,IL,מרגרינה בלובנד,גרמים,200.00,100 גרם,false,1,4.20,2.10,true,1,
8719200998018,false,מרגרינה בטעם חמאה200גרם,"מיוצר ע""\י יוניליוור ישר",IL,מחמאה מרגרינה,גרמים,200.00,100 גרם,false,1,4.30,2.15,true,1,
8719200998032,false,מזולה בטעם חמאה 250 גרם,"מיוצר ע""\י יוניליוור ישר",IL,מזולה טעם חמאה,גרמים,250.00,100 גרם,false,1,9.80,3.92,true,1,
8719200998049,false,מזולה בטעם טבעי 250 גרם,"מיוצר ע""\י יוניליוור ישר",IL,מזולה מרגרינה,גרמים,250.00,100 גרם,false,1,8.70,3.48,true,1,
8720181043093,false,אקס דאו.ספריי אפולו 150מ,"יוניליוור אנגליה, דרך קו",GB,אקס דאו.ספריי גו,מיליליטרים,150.00,"100 מ""ל",false,1,9.90,6.60,true,1,
8720181045639,false,דאב דאו.ספריי טלק 150 מל,"יוניליוור אנגליה, דרך קו",GB,דאו ספריי דאב,מיליליטרים,150.00,"100 מ""ל",false,1,14.90,9.93,true,1,
8720181045912,false,אקס ספריי גוף אפריקה150,"יוניליוור אנגליה, דרך קו",GB,אקס ספריי,מיליליטרים,150.00,"100 מ""ל",false,1,9.90,6.60,true,1,
8720181046605,false,דאו.דאב ספריי אורגינל150,"יוניליוור אנגליה, דרך קו",RU,דאודורנט דאב,מיליליטרים,150.00,"100 מ""ל",false,1,14.90,9.93,true,1,
8720181046612,false,דאב רול און אורגינל 50מל,"יוניליוור אנגליה, דרך קו",GB,דאב רול און,מיליליטרים,50.00,"100 מ""ל",false,1,14.90,29.80,true,1,
8720181090202,false,ת.רחצה דאב+שמן זית 700מל,"יוניליוור גרמניה, Gmbh &",DE,תחליב רחצה דאב,מיליליטרים,750.00,"100 מ""ל",false,1,15.90,2.12,true,1,
8720181090219,false,תחל.רחצה דאב רימונים750מ,"יוניליוור גרמניה, Gmbh &",DE,תחליב רחצה דאב,מיליליטרים,750.00,"100 מ""ל",false,1,15.90,2.12,true,1,
8801055709427,false,טסטר'ס צ'וייס אלטה100גרם,לוטה נסטלה קוריאה,KR,קפה טסטר'ס צ'ויס,גרמים,100.00,100 גרם,false,1,24.90,24.90,true,1,
8801055709434,false,טסטר'ס צ'וייס קולומבי100,לוטה נסטלה קוריאה,KR,קפה טסטר'ס צ'ויס,גרמים,100.00,100 גרם,false,1,24.90,24.90,true,1,
8801055709441,false,טסטר'ס צ'וייס סומטרה100ג,לוטה נסטלה קוריאה,KR,קפה טסטר'ס צ'ויס,גרמים,100.00,100 גרם,false,1,24.90,24.90,true,1,
8804179120321,false,"קופסה ""קסוניק"" 530 מ""ל",נוי שיווק,KP,"קופסה ""קסוניק""",מיליליטרים,530.00,"100 מ""ל",false,1,11.90,2.25,true,1,
8804179120512,false,"קופסה ""קסוניק"" 1 ליטר",נוי שיווק,KP,"קופסה ""קסוניק""",ליטרים,1.00,ליטר,false,1,15.90,15.90,true,1,
8804179120635,false,"קופסה ""קסוניק"" 3.7 ליטר",נוי שיווק,KP,"קופסה ""קסוניק""",יחידה,1.00,יחידה,false,1,28.90,28.90,true,1,
8805652163255,false,מארז מחקים מעוצב,,IL,מארז מחקים מעוצב,יחידה,1.00,יחידה,false,1,3.90,3.90,true,1,
8850389105825,false,סאפה אלוורה טעם ענבים 1ל,FOOD GENERAL SAPANAN,TH,סאפה ענבים,ליטרים,1.00,ליטר,false,0,9.90,9.90,true,1,
8850389105832,false,סאפה אלוורה ט.תפוחים 1ל,FOOD GENERAL SAPANAN,TH,סאפה תפוחים,ליטרים,1.00,ליטר,false,0,9.90,9.90,true,1,
8850389105849,false,סאפה אלוורה טעם אפרסק 1ל,FOOD GENERAL SAPANAN,TH,סאפה אפרסק,ליטרים,1.00,ליטר,false,0,9.90,9.90,true,1,
8850389115336,false,משקה אלוורה מלון 1 ליטר,FOOD GENERAL SAPANAN,TH,משקה אלוורה,ליטרים,1.00,ליטר,false,1,9.90,9.90,true,1,
8888021200256,false,שמינית סוללות AA,אנרג'ייזר,SG,שמינית סוללות,יחידה,1.00,יחידה,false,0,21.90,21.90,true,1,
8888021200720,false,שמינית סוללות AAA,אנרג'ייזר,SG,8 סוללות AAA,יחידה,1.00,יחידה,false,0,21.90,21.90,true,1,
9000133236735,false,מיני בול 100 גרם,"שרייבר אנד רופ בע""מ",AT,מיני בול,גרמים,100.00,100 גרם,false,1,18.90,18.90,true,1,
9000133236926,false,מיני קרים 120 גרם,שרייבר&רופ,AT,מיני קרים,גרמים,120.00,100 גרם,false,1,15.90,13.25,true,1,
9000133251752,false,גבינה מותכת למריחה 150 ג,שרייבר&רופ,AT,גבינה מותכת,גרמים,150.00,100 גרם,false,1,16.90,11.27,true,1,
9310088007015,false,8 תחבושות דיפנד לילה,חוגלה קימברלי,CN,תחבושות  דיפנד,יחידה,1.00,יחידה,false,0,17.90,17.90,true,1,
9721525380132,false,משטח ג'ל לעכבר צבעוני,,IL,משטח ג'ל לעכבר,יחידה,1.00,יחידה,false,1,24.90,24.90,true,1,
9770793921004,false,עיתון יתד ערב שבת שבועון,.,IL,עיתון יתד נאמן ש,יחידה,1.00,יחידה,false,1,18.00,18.00,true,1,
9770793961000,false,עיתון משפחה אנגלית,.,IL,משפחה אנגלית שבו,יחידה,1.00,יחידה,false,0,24.90,24.90,true,1,
9770793963004,false,עיתון משפחה שבוע,,IL,עיתון משפחה שבוע,יחידה,1.00,יחידה,false,0,22.90,22.90,true,1,
9770793999003,false,מגזין כדור .,,IL,מגזין כדור,יחידה,1.00,יחידה,false,1,28.90,28.90,true,1,
9771080075004,false,מגזין זמן בעברית,,,מגזין זמן בעברית,יחידה,1.00,יחידה,false,0,29.90,29.90,true,1,
9771565018007,false,קטיפה לבית יח,.,CN,מגזין קטיפה לבית,יחידה,1.00,יחידה,false,1,10.00,10.00,true,1,
9771565089007,false,עיתון המודיע ערב שבת,.,IL,עיתון המודיע שבו,יחידה,1.00,יחידה,false,1,18.00,18.00,true,1,
9771565140005,false,העולם החרדי יח,.,CN,העולם החרדי,יחידה,1.00,יחידה,false,1,14.90,14.90,true,1,
9771565703002,false,עיתון בקהילה שבו,,IL,עיתון בקהילה שבו,יחידה,1.00,יחידה,false,0,24.90,24.90,true,1,
9771565771001,false,עיתון הדרך שבועי,,,עיתון הדרך שבועי,יחידה,1.00,יחידה,false,0,14.90,14.90,true,1,
9771565971005,false,עיתון כל העלונים יח,.,IL,חוברת כל העלונים,יחידה,1.00,יחידה,false,1,12.50,12.50,true,1,
9780510964818,false,מיחם 40 כוסות,,IL,מיחם 40 כוסות,יחידה,1.00,יחידה,false,1,189.00,189.00,true,1,
9781403712783,false,3 מצות יד ש. שועל 160ג,טיב השיבולת,IL,3 מצות יד,יחידה,1.00,יחידה,false,1,99.00,99.00,true,1,
9782898754104,false,קומקום זכוכית 1.3 ליטר,,CN,קומקום זכוכית,יחידה,1.00,יחידה,false,1,69.00,69.00,true,1,
9785201363208,false,קומקום שבת,,CN,קומקום שבת,יחידה,1.00,יחידה,false,1,199.00,199.00,true,1,
9786975123517,false,"משאית צעצוע ""יש חסד""",,IL,משאית צעצוע,יחידה,1.00,יחידה,false,1,39.90,39.90,true,1,
9789655204131,false,חדשות בקהילה,תפוצה,IL,יומן ווינקס 2008,יחידה,1.00,יחידה,false,1,5.00,5.00,true,1,
9789655204261,false,באר הפרשה,,IL,באר הפרשה,יחידה,1.00,יחידה,false,1,3.00,3.00,true,1,
9789655204346,false,מגזין קראט )הבית שלנו(,,IL,מגזין קראט,יחידה,1.00,יחידה,false,1,10.00,10.00,true,1,
9789655204353,false,מקיף-חג .,,IL,מגזין מקיף לחג,יחידה,1.00,יחידה,false,1,35.00,35.00,true,1,
9842019072910,false,פתילות נר מיוחדות 100 יח,,IL,פתילות נר,יחידה,1.00,יחידה,false,1,5.90,5.90,true,1,
9843022871248,false,מארז שמשים לחנוכה 8 יחיד,,IL,מארז שמשים,יחידה,1.00,יחידה,false,1,9.90,9.90,true,1,
9843022871576,false,פתיל צמר גפן,,IL,פתיל צמר גפן,יחידה,1.00,יחידה,false,1,3.50,3.50,true,1,
