code,internal_code,name,manufacturer_name,manufacture_country,manufacturer_item_description,unit_qty,quantity,unit_of_measure,weighted,qty_in_package,price,unit_of_measure_price,allow_discount,status,item_id
300,false,פיתה פרינה,,,פיתה ש.י.שאשא,Unknown,0.00,Unknown,false,1,1.70,1.70,true,1,
442,false,בצל לבן,,,בצל לבן,Unknown,0.00,"ק""ג",true,0,7.90,7.90,true,1,
602,false,בצל יבש,,,בצל יבש,Unknown,0.00,"ק""ג",true,0,5.90,5.90,true,1,
619,false,פלפל אדום,,,פלפל אדום,Unknown,0.00,"ק""ג",true,0,14.90,14.90,true,1,
671,false,קרמבולה,,,קרמבולה,Unknown,0.00,"ק""ג",true,0,49.90,49.90,true,1,
678,false,ברוקולי,,,ברוקולי,Unknown,0.00,Unknown,false,1,14.90,14.90,true,1,
5942,false,"תפו""ע קריספי",,,"תפו""ע קריספי",Unknown,0.00,"ק""ג",true,0,21.90,21.90,true,1,
47485,false,בולגרית פיראוס 24% במשקל,,,בולגרית פיראוס 24% ב,Unknown,0.00,"ק""ג",true,0,62.00,62.00,true,1,
53219,false,גבינה חריץ טל העמק 32% במשקל,,,גבינה טל העמק 32%,Unknown,0.00,"ק""ג",true,0,67.00,67.00,true,1,
90207,false,שום במשקל,,,שום במשקל,Unknown,0.00,"ק""ג",true,0,29.90,29.90,true,1,
304050,false,מסיכה כירורגית 1 יחידה,,,מסיכה כירורגית 1 יחי,Unknown,0.00,Unknown,false,1,0.50,0.50,true,1,
363486,false,נקניק תה טירת צבי במשקל,,,נקניק תה טירת צבי,Unknown,0.00,"ק""ג",true,0,60.00,60.00,true,1,
554655,false,מוצרלה נקניק מעושן במשקל,,,מוצרלה נקניק מעושן,Unknown,0.00,"ק""ג",true,0,110.00,110.00,true,1,
554754,false,מוצרלה במים קטן במשקל,,,מוצרלה קטן במשקל,Unknown,0.00,"ק""ג",true,0,96.00,96.00,true,1,
554815,false,מוצרלה טבעית במשקל,,,מוצרלה טבעית במשקל,Unknown,0.00,"ק""ג",true,0,95.00,95.00,true,1,
554969,false,גבינת שמנת 30% טבעי,,,גבינת שמנת 30% טבעי,Unknown,0.00,"ק""ג",true,0,52.00,52.00,true,1,
554990,false,מוצרלה כדורים גדולים במשקל,,,כדורי מוצרלה במשקל,Unknown,0.00,"ק""ג",true,0,105.00,105.00,true,1,
569710,false,גבינת תום מונפורט עיזים במשקל,,,גבינת תום מונפורט עי,Unknown,0.00,"ק""ג",true,0,199.00,199.00,true,1,
615714,false,תמר מגהול,,,תמר מגהול,Unknown,0.00,"ק""ג",true,0,20.00,20.00,true,1,
644783,false,פילה סלמון קפוא מנות תנובה,,,פילה סלמון קפוא מנות,Unknown,0.00,"ק""ג",true,0,99.90,99.90,true,1,
843582,false,אנונה,,,אנונה,Unknown,0.00,"ק""ג",true,0,49.90,49.90,true,1,
1356234,false,מקרל מעושן בוואקום,,,מקרל מעושן בוואקום,Unknown,0.00,"ק""ג",true,0,97.00,97.00,true,1,
1401859,false,בוט מורטודלה מעושן,,,בוט מורטודלה מעושן,Unknown,0.00,"ק""ג",true,0,99.00,99.00,true,1,
2345879,false,פרמזנו רגאנו במשקל,,IT,פרמזנו רגאנו במשקל,Unknown,0.00,"ק""ג",true,0,178.00,178.00,true,1,
2617471,false,גבינת צדר אנגלית מיושנת במשקל,,,גבינת צדר אנגלית,Unknown,0.00,"ק""ג",true,0,131.00,131.00,true,1,
2617495,false,גבינת צדר אנגלית עם וויסקי במשקל,,,גבינת צדר אנגלית,Unknown,0.00,"ק""ג",true,0,168.00,168.00,true,1,
2617501,false,גבינת צדר עם חמוציות במשקל,,,גבינת צדר עם חמוציות,Unknown,0.00,"ק""ג",true,0,174.00,174.00,true,1,
2812530,false,גאודה הולנדי עשבי תיבול במשקל,,,גאודה עשבי תיבול,Unknown,0.00,"ק""ג",true,0,107.00,107.00,true,1,
2812540,false,גאודה הולנדית חרדל במשקל,,,גאודה הולנדית חרדל,Unknown,0.00,"ק""ג",true,0,144.00,144.00,true,1,
3006120,false,טאפס שכונתי במשקל,,,טאפס שכונתי במשקל,Unknown,0.00,"ק""ג",true,0,184.00,184.00,true,1,
3131266,false,גרעיני חמניה במשקל,,,גרעיני חמניה במשקל,Unknown,0.00,"ק""ג",true,0,40.00,40.00,true,1,
3131358,false,שזיף מגולען,,,שזיף מגולען,Unknown,0.00,"ק""ג",true,0,50.00,50.00,true,1,
3192014,false,פקאן במשקל,,,פקאן במשקל,Unknown,0.00,"ק""ג",true,0,119.00,119.00,true,1,
3192564,false,תמר מגהול ענק,,,תמר מגהול ענק,Unknown,0.00,"ק""ג",true,0,70.00,70.00,true,1,
3192748,false,צימוק לבן ענק,,,צימוק לבן ענק,Unknown,0.00,"ק""ג",true,0,59.00,59.00,true,1,
3213344,false,חמוציות במשקל,,,חמוציות במשקל,Unknown,0.00,"ק""ג",true,0,80.00,80.00,true,1,
3213375,false,שקד טבעי,,,שקד טבעי,Unknown,0.00,"ק""ג",true,0,89.00,89.00,true,1,
3213382,false,אגוז מלך,,,אגוז מלך,Unknown,0.00,"ק""ג",true,0,89.00,89.00,true,1,
3213399,false,אגוז ברזיל,,,אגוז ברזיל,Unknown,0.00,"ק""ג",true,0,99.00,99.00,true,1,
3213764,false,פקאן מסוכר,,,פקאן מסוכר,Unknown,0.00,"ק""ג",true,0,120.00,120.00,true,1,
3345731,false,כרעיים ללא עור ושומן,,,כרעיים ללא עור ושומן,Unknown,0.00,"ק""ג",true,0,29.90,29.90,true,1,
3464562,false,סטייק סינטה עגל טרי,,,סטייק סינטה עגל,Unknown,0.00,"ק""ג",true,0,109.90,109.90,true,1,
3800001,false,כנפיים טרי לוקס,,,כנפיים טרי לוקס,Unknown,0.00,"ק""ג",true,0,21.90,21.90,true,1,
3800513,false,פילה עוף טרי,,,פילה עוף טרי,Unknown,0.00,"ק""ג",true,0,41.90,41.90,true,1,
4050283,false,פפרוני עגל במשקל,,,פפרוני עגל במשקל,Unknown,0.00,"ק""ג",true,0,175.00,175.00,true,1,
4050443,false,בייקון במשקל,,,בייקון במשקל,Unknown,0.00,"ק""ג",true,0,210.00,210.00,true,1,
4050597,false,פרושוטו,,,פרושוטו,Unknown,0.00,"ק""ג",true,0,320.00,320.00,true,1,
4050658,false,סוסוצקי גנומיקי,,,סטייק צוואר לבן טרי,Unknown,0.00,"ק""ג",true,0,86.90,86.90,true,1,
4050801,false,לשון בקר איטלקי,,,לשון בקר איטלקי,Unknown,0.00,"ק""ג",true,0,140.00,140.00,true,1,
4050894,false,נקניק סלמי כפרי,,,נקניק סלמי כפרי,Unknown,0.00,"ק""ג",true,0,182.00,182.00,true,1,
4051006,false,קישקע ארוז קפוא מזרע,,,קישקע קפוא מזרע,Unknown,0.00,"ק""ג",true,0,46.90,46.90,true,1,
4051013,false,בלוק פטה כבד עוף,,,בלוק פטה כבד עוף,Unknown,0.00,"ק""ג",true,0,90.00,90.00,true,1,
4051082,false,קורנביף במשקל,,,קורנביף במשקל,Unknown,0.00,"ק""ג",true,0,125.00,125.00,true,1,
4051112,false,חזה הודו מעושן במשקל,,,חזה הודו מעושן במשקל,Unknown,0.00,"ק""ג",true,0,85.00,85.00,true,1,
4051174,false,סרוולט אוסטרי במשקל,,,סרוולט אוסטרי,Unknown,0.00,"ק""ג",true,0,180.00,180.00,true,1,
4051204,false,פסטרמה הודו עם אווז,,,פסטרמה הודו עם אווז,Unknown,0.00,"ק""ג",true,0,140.00,140.00,true,1,
4051402,false,צוואר מעושן במשקל,,,צוואר מעושן במשקל,Unknown,0.00,"ק""ג",true,0,180.00,180.00,true,1,
4051464,false,נקניק סלמי מילאנו,,,נקניק סלמי מילאנו,Unknown,0.00,"ק""ג",true,0,160.00,160.00,true,1,
4051785,false,מורטדלה איטלקית,,,מורטדלה איטלקית,Unknown,0.00,"ק""ג",true,0,75.00,75.00,true,1,
4051877,false,שיפודי פרגיות קפוא מזרע,,,שיפודי פרגיות קפואים,Unknown,0.00,"ק""ג",true,0,65.90,65.90,true,1,
4052034,false,נקניק מוסקובסקיה -מזרע,,,נקניק מוסקובסקיה,Unknown,0.00,"ק""ג",true,0,120.00,120.00,true,1,
4052065,false,גרודינקה בייקון,,,גרודינקה בייקון,Unknown,0.00,"ק""ג",true,0,230.00,230.00,true,1,
4052119,false,חטיפי קבנוס רו,,,חטיפי קבנוס רו,Unknown,0.00,"ק""ג",true,0,185.00,185.00,true,1,
4052188,false,חזה הודו מעושן בגריל במשקל,,,חזה הודו מעושן בגריל,Unknown,0.00,"ק""ג",true,0,85.00,85.00,true,1,
4052386,false,פסטרמה אסאדו לבן במשקל,,,פסטרמה אסאדו לבן במש,Unknown,0.00,"ק""ג",true,0,150.00,150.00,true,1,
4052423,false,ברזאולה,,,ברזאולה,Unknown,0.00,"ק""ג",true,0,300.00,300.00,true,1,
4052652,false,רו בייקון במשקל,,,רו בייקון במשקל,Unknown,0.00,"ק""ג",true,0,270.00,270.00,true,1,
4052973,false,רוסטביף ללא חומר משמר במשקל,,,רוסטביף,Unknown,0.00,"ק""ג",true,0,205.00,205.00,true,1,
4053000,false,נקניק רו סרוולט,,,נקניק רו סרוולט,Unknown,0.00,"ק""ג",true,0,175.00,175.00,true,1,
4053024,false,נקניק פפרוני,,,נקניק פפרוני,Unknown,0.00,"ק""ג",true,0,175.00,175.00,true,1,
4053215,false,פסטרמה על האש,,,פסטרמה על האש,Unknown,0.00,"ק""ג",true,0,145.00,145.00,true,1,
4053246,false,בסטרומה ארמנית דל שומןמזרע,,,"בסטרומה ארמנית ד""ש",Unknown,0.00,"ק""ג",true,0,220.00,220.00,true,1,
4053710,false,פסטרמה חזה הודו מקסיקני,,,פסטרמה חזה הודו,Unknown,0.00,"ק""ג",true,0,85.00,85.00,true,1,
4054014,false,שינקן מעושן במשקל,,,שינקן מעושן במשקל,Unknown,0.00,"ק""ג",true,0,135.00,135.00,true,1,
4054021,false,שינקן פולני פולני חצי במשקל,,,שינקן פולני במשקל,Unknown,0.00,"ק""ג",true,0,125.00,125.00,true,1,
4054397,false,פרושוטו רוסי,,,פרושוטו רוסי,Unknown,0.00,"ק""ג",true,0,225.00,225.00,true,1,
4054960,false,נקניק סבינייה,,,נקניק סבינייה,Unknown,0.00,"ק""ג",true,0,200.00,200.00,true,1,
4055479,false,פסטרמה בקר בפלפל,,,פסטרמה בקר בפלפל,Unknown,0.00,"ק""ג",true,0,130.00,130.00,true,1,
4055769,false,נקניק לוביטליסקיה,,,נקניק לוביטליסקיה,Unknown,0.00,"ק""ג",true,0,110.00,110.00,true,1,
4055813,false,נקניק טורו מבשר בקר,,,נקניק טורו מבשר בקר,Unknown,0.00,"ק""ג",true,0,140.00,140.00,true,1,
4055943,false,לקס עגל,,,לקס עגל,Unknown,0.00,"ק""ג",true,0,230.00,230.00,true,1,
4128401,false,פטה פיראוס 20% במשקל,,,פטה פיראוס 20% במשקל,Unknown,0.00,"ק""ג",true,0,136.00,136.00,true,1,
4135324,false,בולגרית פיראוס מעודנת 5% במשקל,,,בולגרית פיראוס מעודנ,Unknown,0.00,"ק""ג",true,0,52.00,52.00,true,1,
4412135,false,לוף,,,לוף,Unknown,0.00,"ק""ג",true,0,19.90,19.90,true,1,
4412166,false,אשכולית אדומה,,,אשכולית אדומה,Unknown,0.00,"ק""ג",true,0,9.90,9.90,true,1,
4412227,false,"תפו""א אדום",,,תפוא אדום,Unknown,0.00,"ק""ג",true,0,6.90,6.90,true,1,
4412234,false,מלון שרנטל,,,מלון שרנטל,Unknown,0.00,"ק""ג",true,0,7.90,7.90,true,1,
4412241,false,סברס,,,סברס,Unknown,0.00,"ק""ג",true,0,39.90,39.90,true,1,
4412289,false,תפוזינה,,,תפוזינה,Unknown,0.00,"ק""ג",true,0,9.90,9.90,true,1,
4412319,false,בטטה,,,בטטה,Unknown,0.00,"ק""ג",true,0,13.90,13.90,true,1,
4412326,false,פטריות יער,,,פטריות יער,Unknown,0.00,"ק""ג",true,0,49.90,49.90,true,1,
4412340,false,קלמנטינה,,,קלמנטינה,Unknown,0.00,"ק""ג",true,0,12.90,12.90,true,1,
4412357,false,רימון,,,רימון,Unknown,0.00,"ק""ג",true,0,13.90,13.90,true,1,
4412388,false,שומר,,,שומר,Unknown,0.00,"ק""ג",true,0,9.90,9.90,true,1,
4412395,false,תפוז ברשת,,,תפוז ברשת,Unknown,0.00,"ק""ג",true,0,12.90,12.90,true,1,
4412418,false,קיווי,,,קיווי,Unknown,0.00,"ק""ג",true,0,29.90,29.90,true,1,
4412425,false,גויבות,,,גויבות,Unknown,0.00,"ק""ג",true,0,29.90,29.90,true,1,
4412432,false,תפוזים,,,תפוזים,Unknown,0.00,"ק""ג",true,0,10.90,10.90,true,1,
4412456,false,"תפו""ע חרמון",,,תפוע חרמון,Unknown,0.00,"ק""ג",true,0,14.90,14.90,true,1,
4412463,false,"תפו""ע מוזהב",,,תפוע מוזהב,Unknown,0.00,"ק""ג",true,0,15.90,15.90,true,1,
4412470,false,"תפו""ע סמיט",,,תפוע סמיט,Unknown,0.00,"ק""ג",true,0,14.90,14.90,true,1,
4412487,false,שזיף אדום,,,שזיף אדום,Unknown,0.00,"ק""ג",true,0,23.90,23.90,true,1,
4412500,false,בצל אדום,,,בצל אדום,Unknown,0.00,"ק""ג",true,0,7.90,7.90,true,1,
4412524,false,פומלית,,,פומלית,Unknown,0.00,"ק""ג",true,0,9.90,9.90,true,1,
4412531,false,ענבים ירוקים,,,ענבים ירוקים,Unknown,0.00,"ק""ג",true,0,34.90,34.90,true,1,
4412548,false,ענבים שחורים,,,ענבים שחורים,Unknown,0.00,"ק""ג",true,0,28.90,28.90,true,1,
4412579,false,מנגו,,,מנגו,Unknown,0.00,"ק""ג",true,0,19.90,19.90,true,1,
4412586,false,לימון,,,לימון,Unknown,0.00,"ק""ג",true,0,12.90,12.90,true,1,
4412616,false,בננות,,,בננות,Unknown,0.00,"ק""ג",true,0,11.90,11.90,true,1,
4412623,false,אגסים,,,אגסים,Unknown,0.00,"ק""ג",true,0,17.90,17.90,true,1,
4412630,false,אשכוליות,,,אשכוליות,Unknown,0.00,"ק""ג",true,0,9.90,9.90,true,1,
4412647,false,אבוקדו,,,אבוקדו,Unknown,0.00,"ק""ג",true,0,22.90,22.90,true,1,
4412654,false,אפרסמון,,,אפרסמון,Unknown,0.00,"ק""ג",true,0,24.90,24.90,true,1,
4412678,false,"תפו""א לבן",,,תפוא לבן,Unknown,0.00,"ק""ג",true,0,5.90,5.90,true,1,
4412685,false,פומלה,,,פומלה,Unknown,0.00,"ק""ג",true,0,14.90,14.90,true,1,
4412708,false,קולרבי,,,קולורבי,Unknown,0.00,"ק""ג",true,0,9.90,9.90,true,1,
4412715,false,קשואים,,,קישואים,Unknown,0.00,"ק""ג",true,0,10.90,10.90,true,1,
4412722,false,פרסה,,,פרסה,Unknown,0.00,"ק""ג",true,0,19.90,19.90,true,1,
4412739,false,פטריות במשקל,,,פטריות במשקל,Unknown,0.00,"ק""ג",true,0,49.90,49.90,true,1,
4412746,false,פלפל חריף,,,פלפל חריף,Unknown,0.00,"ק""ג",true,0,12.90,12.90,true,1,
4412760,false,פלפל ירוק,,,פלפל ירוק,Unknown,0.00,"ק""ג",true,0,12.90,12.90,true,1,
4412777,false,פלפל צהוב,,,פלפל צהוב,Unknown,0.00,"ק""ג",true,0,14.90,14.90,true,1,
4412784,false,עגבניות,,,עגבניות,Unknown,0.00,"ק""ג",true,0,11.90,11.90,true,1,
4412791,false,סלק,,,סלק,Unknown,0.00,"ק""ג",true,0,7.90,7.90,true,1,
4412807,false,מלון,,,מלון,Unknown,0.00,"ק""ג",true,0,10.90,10.90,true,1,
4412814,false,מלפפונים,,,מלפפונים,Unknown,0.00,"ק""ג",true,0,11.90,11.90,true,1,
4412838,false,כרובית,,,כרובית,Unknown,0.00,"ק""ג",true,0,13.90,13.90,true,1,
4412852,false,כרוב לבן,,,כרוב לבן,Unknown,0.00,"ק""ג",true,0,5.90,5.90,true,1,
4412869,false,חצילים,,,חצילים,Unknown,0.00,"ק""ג",true,0,9.90,9.90,true,1,
4412876,false,דלעת,,,דלעת,Unknown,0.00,"ק""ג",true,0,8.90,8.90,true,1,
4412883,false,גזר,,,גזר,Unknown,0.00,"ק""ג",true,0,6.90,6.90,true,1,
4412906,false,אבטיח,,,אבטיח,Unknown,0.00,"ק""ג",true,0,7.90,7.90,true,1,
4412937,false,פטריות בתפזורת,,,פטריות בתפזורת,Unknown,0.00,"ק""ג",true,0,49.90,49.90,true,1,
4412999,false,קישוא זוקיני צהוב,,,קישוא זוקיני צהוב,Unknown,0.00,"ק""ג",true,0,12.90,12.90,true,1,
4467180,false,שניצל עוף דק דק שירות עצמי,,,שניצל עוף דק דק,Unknown,0.00,"ק""ג",true,0,49.90,49.90,true,1,
4530044,false,אמנטל צרפתי במשקל,,,אמנטל צרפתי במשקל,Unknown,0.00,"ק""ג",true,0,120.00,120.00,true,1,
4535209,false,סטייק צוואר פרוס טרי,,,סטייק צוואר פרוס טרי,Unknown,0.00,"ק""ג",true,0,94.90,94.90,true,1,
4535490,false,סטייק צלע לבן פרוס טרי,,,סטייק צלע לבן פרוס ט,Unknown,0.00,"ק""ג",true,0,86.90,86.90,true,1,
4725600,false,גבינה צהובה סקנדינבית 31% במשקל,,,גבינה צהובה סקנדינבי,Unknown,0.00,"ק""ג",true,0,78.00,78.00,true,1,
5678400,false,ענבים ראד גלוב חרצנים,,,ענבים ראד גלוב חרצני,Unknown,0.00,"ק""ג",true,0,49.90,49.90,true,1,
5697104,false,תום מונפורט עיזים גלילי במשקל,,,תום מונפורט עיזים,Unknown,0.00,"ק""ג",true,0,216.00,216.00,true,1,
5697166,false,קממבר עיזים במשקל גלילי,,,קממבר עיזים גלילי,Unknown,0.00,"ק""ג",true,0,179.00,179.00,true,1,
5697197,false,פרובנס עיזים במשקל גלילי,,,פרובנס עיזים הגלילי,Unknown,0.00,"ק""ג",true,0,200.00,200.00,true,1,
5697210,false,גבינת סנט מור במשקל גלילי,,,גבינת סנט מור במשקל,Unknown,0.00,"ק""ג",true,0,205.00,205.00,true,1,
5697241,false,גבינת קממבר בקר במשקל גלילי,,,גבינת קממבר בקר,Unknown,0.00,"ק""ג",true,0,136.00,136.00,true,1,
5697289,false,תום מורבייה עיזים מנות שקיל,,,תום מורבייה עיזים,Unknown,0.00,"ק""ג",true,0,221.00,221.00,true,1,
5697296,false,תום עיזים בורדו מנות שקיל,,,תום עיזים בורדו מנות,Unknown,0.00,"ק""ג",true,0,249.00,249.00,true,1,
5697340,false,ברי עיזים מנות שקיל,,,ברי עיזים מנות שקיל,Unknown,0.00,"ק""ג",true,0,198.00,198.00,true,1,
5697357,false,ולנסי עיזים מנות שקיל,,,ולנסי עיזים מנות שקי,Unknown,0.00,"ק""ג",true,0,221.00,221.00,true,1,
5697364,false,פרובנס עיזים מנות שקיל,,,פרובנס עיזים מנות,Unknown,0.00,"ק""ג",true,0,221.00,221.00,true,1,
5697371,false,קממבר כמהין מנות שקיל גלילי,,,קממבר כמהין גלילי,Unknown,0.00,"ק""ג",true,0,221.00,221.00,true,1,
5697395,false,ברי גלילי מנות במשקל,,,ברי גלילי מנות במשקל,Unknown,0.00,"ק""ג",true,0,159.00,159.00,true,1,
5992858,false,פטה 5% מעודנת במשקל,,,פטה 5% מעודנת במשקל,Unknown,0.00,"ק""ג",true,0,134.00,134.00,true,1,
5992889,false,גבינת שמנת 30% שמיר,,,גבינת שמנת 30% שמיר,קילוגרמים,0.00,"ק""ג",true,0,52.00,52.00,true,1,
6188663,false,חזה הודו ברביקיו דל שומן מזרע,,,חזה הודו דל שומן,Unknown,0.00,"ק""ג",true,0,85.00,85.00,true,1,
6188717,false,חזה הודו רומני דל שומן מזרע,,,חזה הודו רומני דל.ש,Unknown,0.00,"ק""ג",true,0,90.00,90.00,true,1,
6189073,false,קופה איטליאנה נתח בעישון קר,,IL,קופה איטליאנה נתח בע,Unknown,0.00,"ק""ג",true,0,270.00,270.00,true,1,
6191915,false,גבינה מגורדת,,,גבינה מגורדת,Unknown,0.00,"ק""ג",true,0,57.00,57.00,true,1,
6194190,false,קצוות נקניק,,,קצוות נקניק,Unknown,0.00,"ק""ג",true,0,33.00,33.00,true,1,
6452382,false,זנגויל לא מסוכר,,,זנגויל לא מסוכר,Unknown,0.00,"ק""ג",true,0,76.00,76.00,true,1,
6519511,false,פריזר עוף מזרע,,,פריזר עוף,Unknown,0.00,"ק""ג",true,0,36.00,36.00,true,1,
6519566,false,פריזר אדום גדול,,,פריזר אדום גדול,Unknown,0.00,"ק""ג",true,0,60.00,60.00,true,1,
6520340,false,שיפודי פרגיות טרי,,,שיפודי פרגיות טרי,Unknown,0.00,"ק""ג",true,0,69.90,69.90,true,1,
6520388,false,שניצל חזה עוף פרוס טרי,,,שניצל חזה עוף פרוס,Unknown,0.00,"ק""ג",true,0,41.90,41.90,true,1,
6837509,false,גבינת דנאבלו דנמרק במשקל,,,גבינת דנאבלו דנמרק,Unknown,0.00,"ק""ג",true,0,131.00,131.00,true,1,
6843944,false,עוף שלם טרי,,,עוף שלם טרי,Unknown,0.00,"ק""ג",true,0,18.90,18.90,true,1,
6843951,false,גרון/גב/עצמות עוף טרי,,,גרון/גב/עצמות עוף טר,Unknown,0.00,"ק""ג",true,0,6.90,6.90,true,1,
8403627,false,גבינה בימסטר איידג במשקל,,,גבינה בימסטר איידג ב,Unknown,0.00,"ק""ג",true,0,185.00,185.00,true,1,
8433426,false,פילה הייק קפוא,,,פילה הייק קפוא,Unknown,0.00,"ק""ג",true,0,55.90,55.90,true,1,
8433853,false,כתף בקר מעושן מזרע,,,כתף בקר מעושנת מזרע,Unknown,0.00,"ק""ג",true,0,135.00,135.00,true,1,
8434683,false,צדר אדום גרמני במשקל,,,צדר אדום גרמני במשקל,Unknown,0.00,"ק""ג",true,0,90.00,90.00,true,1,
8434799,false,צדר לבן גרמני במשקל,,,צדר לבן גרמני במשקל,Unknown,0.00,"ק""ג",true,0,100.00,100.00,true,1,
8438667,false,פסטרמה כתף רומני מזרע,,,פסטרמה כתף רומני,Unknown,0.00,"ק""ג",true,0,125.00,125.00,true,1,
8439428,false,פסטרמה לבנה מעודנת רומנית מזרע,,,פסטרמה לבנה מעודנת,Unknown,0.00,"ק""ג",true,0,140.00,140.00,true,1,
8439510,false,פסטרמה הודו בדבש מזרע,,,פסטרמה הודו בדבש,Unknown,0.00,"ק""ג",true,0,75.00,75.00,true,1,
8439541,false,פסטרמה הודו על האש,,,פסטרמה הודו על האש,Unknown,0.00,"ק""ג",true,0,75.00,75.00,true,1,
8439572,false,פסטרמה הודו פרפר רומני מזרע,,,פסטרמה הודו פרפר,Unknown,0.00,"ק""ג",true,0,79.00,79.00,true,1,
8439756,false,פסטרמה הודו פלפל מזרע,,,פסטרמה הודו פלפל,Unknown,0.00,"ק""ג",true,0,75.00,75.00,true,1,
8439787,false,פסטרמה לבנה רומנית מזרע,,,פסטרמה לבנה רומנית,Unknown,0.00,"ק""ג",true,0,125.00,125.00,true,1,
8441056,false,זלץ מזרע,,,זלץ,Unknown,0.00,"ק""ג",true,0,85.00,85.00,true,1,
8442060,false,נקניק קבנוס מזרע,,,נקניק קבנוס מזרע,Unknown,0.00,"ק""ג",true,0,95.00,95.00,true,1,
8498210,false,גבינת כבשים עם פטריות כמהין במשקל,,,גבינת כבשים עם פטריו,Unknown,0.00,"ק""ג",true,0,330.00,330.00,true,1,
8618007,false,פילה סלמון פרוס טרי סקין,,IL,פילה סלמון פרוס טרי,Unknown,0.00,"ק""ג",true,0,119.90,119.90,true,1,
8618021,false,פילה דניס טרי סקין,,IL,פילה דניס טרי,Unknown,0.00,"ק""ג",true,0,134.90,134.90,true,1,
8713438,false,גאודה מיושנת גלגל במשקל D DAIRY,,,גאודה הולנדית מיושנת,Unknown,0.00,"ק""ג",true,0,136.00,136.00,true,1,
8776066,false,סטייק סינטה עגל,,,סטייק סינטה עגל,Unknown,0.00,"ק""ג",true,0,114.90,114.90,true,1,
8776127,false,אוסובוקו עגל טרי,,,אוסובוקו עגל טרי,Unknown,0.00,"ק""ג",true,0,49.90,49.90,true,1,
8776820,false,קוביות שריר לקדירה טרי,,,קוביות שריר לקדירה,Unknown,0.00,"ק""ג",true,0,59.90,59.90,true,1,
8776875,false,סטייק ניו יורק,,,סטייק ניו יורק,Unknown,0.00,"ק""ג",true,0,119.90,119.90,true,1,
8940153,false,קרים ציז פילדפיה במשקל,,,קרים ציז פילדפיה במש,Unknown,0.00,"ק""ג",true,0,72.00,72.00,true,1,
9441017,false,עגבניות שרי,,,עגבניות שרי,Unknown,0.00,"ק""ג",true,0,29.90,29.90,true,1,
9441024,false,עגבניות תמר,,,עגבניות שרי,Unknown,0.00,"ק""ג",true,0,29.90,29.90,true,1,
40084107,false,קינדר ביצת הפתעה,,,קינדר ביצת הפתעה,Unknown,0.00,Unknown,false,1,6.90,6.90,true,1,
40111216,false,חטיף באונטי 57 גרם,,,חטיף באונטי 57 גרם,גרמים,57.00,100 גרם,false,1,4.90,8.60,true,1,
40111445,false,מ&מס פינאטס 45 גרם,,,מ&מס פינאטס 45 גרם,גרמים,45.00,100 גרם,false,1,5.50,12.22,true,1,
40111490,false,מ&מס שוקולד 45 גרם,,,מ&מס שוקולד 45 גרם,גרמים,45.00,100 גרם,false,1,5.50,12.22,true,1,
40144061,false,קנופרס חטיף וופל 25 גרם 24 יח,,DE,קנופרס חטיף וופל 25,גרמים,25.00,100 גרם,false,1,3.90,15.60,true,1,
40786179,false,בירה לוונבראו פחית 500 מל,,,בירה לוונבראו פחית 5,מיליליטרים,500.00,"100 מ""ל",false,1,12.90,2.58,true,1,
41001356,false,"בירה בקס פחית 500 מ""ל",,,"בירה בקס פחית 500 מ""",מיליליטרים,500.00,"100 מ""ל",false,1,12.90,2.58,true,1,
42138105,false,ווינסטון סופר סלימס כחול חפיסה,,,ווינסטון סופר סלימס,Unknown,0.00,Unknown,false,1,33.00,33.00,true,1,
42138129,false,ווינסטון סופר סלימס נטוראל חפיסה,,,ווינסטון סופר סלימס,Unknown,0.00,Unknown,false,1,33.00,33.00,true,1,
42154662,false,אורביט באריזת מעטפה ספירמינט מסטיק,,,אורביט באריזת מעטפה,Unknown,0.00,Unknown,false,1,7.90,7.90,true,1,
42182115,false,אורביט פייב ספירמינט 12 סטיקס 29 גר,,,אורביט פייב ספירמינט,Unknown,0.00,Unknown,false,1,7.50,7.50,true,1,
42306788,false,איירוייבז אוכמניות ומנטה בקופסה 25 יח HP,,,איירוייבז אוכמניות ו,Unknown,0.00,Unknown,false,1,7.90,7.90,true,1,
54051157,false,אלפרו מעדן סויה בטעם שוקו 125 גר * 4 יח,,,אלפרו מעדן סויה בטעם,גרמים,500.00,100 גרם,false,1,19.80,3.96,true,1,
59039549,false,ווג פריזון מנטול חפיסה,,,ווג פריזון מנטול חפי,Unknown,0.00,Unknown,false,1,38.00,38.00,true,1,
59068914,false,פאל מאל סילבר דמי סלימס חפיסה,,,פאל מאל סילבר דמי סל,Unknown,0.00,Unknown,false,1,26.00,26.00,true,1,
59455233,false,ווג סופרסלימס כחול,,,ווג סופרסלימס כחול,יחידה,1.00,יחידה,false,1,38.00,38.00,true,1,
72940754,false,מילקי וניל 130 גרם,,,מילקי וניל 130 גרם,גרמים,130.00,100 גרם,false,1,2.90,2.23,true,1,
72940761,false,מילקי שוקולד 130 גרם,,,מילקי שוקולד 130 גרם,גרמים,130.00,100 גרם,false,1,2.90,2.23,true,1,
72940952,false,מילקי פי 2 קצפת 104 גרם,,,מילקי פי 2 קצפת 104,גרמים,104.00,100 גרם,false,1,4.10,3.94,true,1,
72986370,false,"בן אנד גריס גלידת וניל 500 מ""ל",,,בן אנד גריס גלידת ונ,מיליליטרים,500.00,"100 מ""ל",false,1,25.90,5.18,true,1,
72986424,false,"בן אנד גריס גלידת קרם עוגיות 500 מ""ל",,,בן אנד גריס גלידת קר,מיליליטרים,500.00,"100 מ""ל",false,1,25.90,5.18,true,1,
72986448,false,"בן אנד גריס גלידת טופי קראנץ 500 מ""ל",,,בן אנד גריס גלידת טו,מיליליטרים,800.00,"100 מ""ל",false,1,25.90,3.24,true,1,
72986455,false,"בן אנד גריס גלידת ניו יורק סופר 500 מ""ל",,,בן אנד גריס גלידת ני,מיליליטרים,500.00,"100 מ""ל",false,1,25.90,5.18,true,1,
72986479,false,"בן אנד גריס גלידת צאקי מנקי 500 מ""ל",,,בן אנד גריס גלידת צא,מיליליטרים,500.00,"100 מ""ל",false,1,25.90,5.18,true,1,
72989425,false,"בן אנד גריס שוקולד בראוניס 500 מ""ל",,,בן אנד גריס שוקולד ב,מיליליטרים,500.00,"100 מ""ל",false,1,25.90,5.18,true,1,
72991886,false,"בן אנד גריס גלידת דולצה 500 מ""ל",,,בן אנד גריס 500,מיליליטרים,500.00,"100 מ""ל",false,1,25.90,5.18,true,1,
72994061,false,פסק זמן טו גוד 36 גר,,,פסק זמן טו גוד 36 גר,גרמים,36.00,100 גרם,false,1,5.90,16.39,true,1,
76136184,false,פאל מאל סופרסלימס כחול,,,פאל מאל סופרסלימס כח,Unknown,0.00,Unknown,false,1,30.00,30.00,true,1,
80043645,false,קארי טחון אורגני 52 גר קנהמלה,,,קארי טחון אורגני 52,Unknown,0.00,Unknown,false,1,16.90,16.90,true,1,
80044062,false,ציפורן אורגני 32 גר קנהמלה,,,ציפורן אורגני 32 גר,Unknown,0.00,Unknown,false,1,16.90,16.90,true,1,
80044079,false,קינמון טחון אורגני 42 גר קנהמלה,,,קינמון טחון אורגני 4,Unknown,0.00,Unknown,false,1,16.90,16.90,true,1,
80083696,false,גנדולה עוגיות דגנים ופירות אורגני 250,,IT,גנדולה עוגיות דגנים,גרמים,250.00,100 גרם,false,1,15.90,6.36,true,1,
80136194,false,קינדר הפי היפו אגוזי לוז חמישייה 103.5 ג,,,קינדר הפי היפו אגוזי,גרמים,104.00,100 גרם,false,1,14.90,14.33,true,1,
80176800,false,ממרח שוקולד נוטלה 750 גרם,,,ממרח שוקולד נוטלה 75,גרמים,750.00,100 גרם,false,1,27.90,3.72,true,1,
80177173,false,ממרח נוטלה 350 גרם,,,ממרח נוטלה 350 גרם,גרמים,350.00,100 גרם,false,1,15.90,4.54,true,1,
80177616,false,טבלת שוקולד קינדר 100 גרם,,,טבלת שוקולד קינדר 10,גרמים,100.00,100 גרם,false,1,9.20,9.20,true,1,
80310167,false,קינדר מקסי שישייה 126 גר,,,קינדר מקסי שישייה 12,גרמים,126.00,100 גרם,false,1,12.10,9.60,true,1,
80310549,false,קינדר הפי היפו אגוזי לוז 35 גר,,,קינדר הפי היפו אגוזי,גרמים,35.00,100 גרם,false,1,4.20,12.00,true,1,
80473206,false,פפריקה מתוקה אורגנית 50 גרם קנהמלה,,,פפריקה מתוקה אורגנית,גרמים,50.00,100 גרם,false,1,16.90,33.80,true,1,
80525264,false,Agnesi רוטב עגבניות ובזיל 400 גר,,IT,רוטב עגבניות,גרמים,400.00,100 גרם,false,0,15.60,3.90,true,1,
80525288,false,Agnesi רוטב עגבניות וזיתים 400 גר,,IT,Agnesi רוטב עגבניות,גרמים,400.00,100 גרם,false,0,15.60,3.90,true,1,
80525424,false,Agnesi רוטב עגבניות אראביאטה 400 גר,,IT,Agnesi רוטב עגבניות,גרמים,400.00,100 גרם,false,0,15.60,3.90,true,1,
80541776,false,אורגנו אורגני 14 גר קנהמלה,,,אורגנו אורגני 14 גר,Unknown,0.00,Unknown,false,1,16.90,16.90,true,1,
80655404,false,שום גבישי אורגני 70 גר קנהמלה,,,שום גבישי אורגני 70,Unknown,0.00,Unknown,false,1,16.90,16.90,true,1,
80761761,false,קינדר בואנו לבן בודד 39 גר,,,קינדר בואנו לבן בודד,גרמים,39.00,100 גרם,false,1,4.90,12.56,true,1,
80762362,false,מסטיק מנטוס וויט מנטה אקליפטוס 60 גר,,TR,מסטיק מנטוס וויט מנט,גרמים,60.00,100 גרם,false,1,10.90,18.17,true,1,
80773443,false,מנטוס בבקבוק מעוגל טעם מנטה עדינה 60 גר,,,מנטוס בבקבוק מעוגל ט,Unknown,0.00,Unknown,false,1,10.90,10.90,true,1,
80790990,false,מנטוס בבקבוק מעוגל טעם פירוט מנטה 60 גר,,,מנטוס בבקבוק מעוגל ט,Unknown,0.00,Unknown,false,1,10.90,10.90,true,1,
80828761,false,מנטוס מסטיק אייר 56 גרם,,NL,מנטוס מסטיק אייר 56,גרמים,56.00,100 גרם,false,1,11.90,21.25,true,1,
80864295,false,מסטיק מנטוס וייט מנטה עדינה 60 גרם,,,מסטיק מנטוס וייט מנט,גרמים,60.00,100 גרם,false,1,10.90,18.17,true,1,
80896081,false,מנטוס בבקבוק בינוני פיור פרש אבטיח 60 גר,,,מנטוס בבקבוק בינוני,Unknown,0.00,Unknown,false,1,10.90,10.90,true,1,
80974482,false,ביצה קינדר גוי כחול,,,ביצה קינדר גוי כחול,גרמים,20.00,100 גרם,false,1,6.90,34.50,true,1,
80979128,false,מנטוס בבקבוק פיור בטעם דובדבן 60 גר,,,מנטוס בבקבוק פיור בט,גרמים,60.00,100 גרם,false,1,10.90,18.17,true,1,
85966611,false,נייר גלגול גדול  כולל פילטר PIH,,,נייר גלגול גדול  כול,יחידה,1.00,יחידה,false,1,6.50,6.50,true,1,
87108538,false,מנטוס תות שדה,,,מנטוס תות שדה,Unknown,0.00,Unknown,false,1,3.60,3.60,true,1,
87221503,false,מיונז גאודס הולנדי אמיתי 650 גר,,NL,מיונז גאודס הולנדי א,גרמים,650.00,100 גרם,false,1,24.90,3.83,true,1,
87311396,false,מנטוס RAINBOW,,,מנטוס RAINBOW,Unknown,0.00,Unknown,false,1,3.60,3.60,true,1,
90087974,false,חומץ טבעי מתפוחים 750 מל,,,חומץ טבעי מתפוחים 75,מיליליטרים,750.00,"100 מ""ל",false,1,15.90,2.12,true,1,
90162602,false,"משקה רד בול מוגז פחית 250 מ""ל",,,משקה רד בול מוגז פחי,מיליליטרים,250.00,"100 מ""ל",false,1,7.90,3.16,true,1,
90446269,false,"משקה רד בול אבטיח מוגז פחית 250 מ""ל",,,משקה רד בול אבטיח מו,מיליליטרים,250.00,"100 מ""ל",false,1,7.90,3.16,true,1,
8112100298,false,שמן שומשום 185 מל,,,"שמן שומשום 185 מ""ל",מיליליטרים,185.00,"100 מ""ל",false,1,15.90,8.59,true,1,
11182700923,false,שעועית אדומה בהירה 454 גרם,,,שעועית אדומה בהירה 4,גרמים,454.00,100 גרם,false,1,12.80,2.82,true,1,
11210006508,false,רוטב פלפל הבנרו חריף טבסקו 60 מל,,,רוטב פלפל הבנרו חריף,מיליליטרים,60.00,"100 מ""ל",false,1,17.70,29.50,true,1,
11210618503,false,"רוטב טבסקו סקורפיון 60 מ""ל",,,רוטב טבסקו סקורפיון,מיליליטרים,60.00,"100 מ""ל",false,1,17.70,29.50,true,1,
12086322211,false,יין דרוהין שבלי 750 מל צרפתי,,,יין דרוהין שבלי 750,Unknown,0.00,Unknown,false,1,109.90,109.90,true,1,
13409128442,false,רוטב באפלו חריף לכנפיים 473 גרם,,US,רוטב באפלו חריף לכנפ,גרמים,473.00,100 גרם,false,1,25.50,5.39,true,1,
13409341155,false,רוטב ברביקיו דבש 510 גר סוויט בייבי רייס,,,רוטב ברביקיו דבש 510,גרמים,510.00,100 גרם,false,1,25.50,5.00,true,1,
14100074120,false,עוגיות פפרידג פארם מילנו 198 גרם,,,עוגיות פפרידג פארם,גרמים,198.00,100 גרם,false,1,25.90,13.08,true,1,
14100077084,false,עוגיות פפרידג פארם פקאן 206 גר,,,עוגיות פפרידג פארם,גרמים,206.00,100 גרם,false,1,25.90,12.57,true,1,
14100077121,false,עוגיות פפרידג פארם אגוזי מקדמיה 206 גר,,,עוגיות פפרידג פארם א,גרמים,206.00,100 גרם,false,1,25.90,12.57,true,1,
16000185517,false,פייבר וואן 555 גרם,,,פייבר וואן 555 גרם,גרמים,555.00,100 גרם,false,1,32.90,5.93,true,1,
16000423534,false,קראנצי שיבולת שועל ושוקולד מריר 210 גר,,,קראנצי שיבולת שועל ו,גרמים,210.00,100 גרם,false,1,19.90,9.48,true,1,
16000548503,false,קראנצי בטעם מייפל וסוכר חום 210 גר,,,קראנצי בטעם מייפל,גרמים,210.00,100 גרם,false,1,19.90,9.48,true,1,
16229918354,false,"רוטב קארי אדום 250 מ""ל",,TH,רוטב קארי אדום 250 מ,מיליליטרים,250.00,"100 מ""ל",false,1,11.90,4.76,true,1,
18000701223,false,תערובת לעוגת שוקולד 517 גרם פילסבורי,,,תערובת לעוגת שוקולד,גרמים,517.00,100 גרם,false,1,19.90,3.85,true,1,
18787111116,false,תרסיס אורגני להיגיינת הידיים בניחוח לבנד,,,תרסיס אורגני להיגיינ,קילוגרמים,0.00,"ק""ג",false,1,29.90,29.90,true,1,
21723339994,false,רוטב דגים 300מ`ל,,,רוטב דגים 300מ`ל,מיליליטרים,300.00,"100 מ""ל",false,1,11.00,3.67,true,1,
21723758887,false,רוטב דגים טיפארוס 700 מל,,,רוטב דגים טיפארוס,מיליליטרים,700.00,"100 מ""ל",false,1,14.90,2.13,true,1,
22224500722,false,פופקורן מתוק מלוח עם בצק עוגה 156 גרם,,US,פופקורן מתוק מלוח עם,גרמים,156.00,100 גרם,false,1,24.90,15.96,true,1,
23243007476,false,סבון ירדן שלישיה 300,,,סבון ירדן שלישיה 300,Unknown,0.00,Unknown,false,1,49.90,49.90,true,1,
24100204113,false,סנשיין קרקר ציז איט אורגינל 198 גר,,,סנשיין קרקר ציז איט,גרמים,198.00,100 גרם,false,1,18.40,9.29,true,1,
24100226429,false,סנשיין קרקר ציז איט אורגינל קטן 127 גרם,,,סנשיין קרקר ציז איט,גרמים,127.00,100 גרם,false,1,12.70,10.00,true,1,
24100315345,false,סנשיין קרקר צ`יז צ`דר לבן בשקית 85 גר,,,סנשיין קרקר צ`יז צ`ד,גרמים,85.00,100 גרם,false,1,7.90,9.29,true,1,
24100577163,false,סנשיין ציז איט סנאק מיקס 127 גרם,,,סנשיין ציז איט סנאק,גרמים,127.00,100 גרם,false,1,19.10,15.04,true,1,
24463061071,false,ממרח פלפל צילי חריף 226 גר,,,ממרח פלפל צילי חריף,גרמים,226.00,100 גרם,false,1,25.50,11.28,true,1,
24463061095,false,רוטב פלפל צילי חריף 435 גר סריראצה,,,רוטב פלפל צילי חריף,גרמים,435.00,100 גרם,false,1,36.90,8.48,true,1,
24463061163,false,סריראצה-רוטב פלפל צילי חריף  793 גר,,,"סריראצה-רוטב פלפל צ""",גרמים,793.00,100 גרם,false,1,58.90,7.43,true,1,
25675120068,false,מקלות חמצוצים קולה 100 גרם,,,מקלות חמצוצים קולה 1,גרמים,100.00,100 גרם,false,1,9.90,9.90,true,1,
25675121034,false,חמצוצים רחב תות 115 גרם,,,חמצוצים רחב 115 גר ת,גרמים,115.00,100 גרם,false,1,9.90,8.61,true,1,
25675121058,false,חמצוצים רחב תפוח 115 גרם,,,חמצוצים רחב תפוח 115,גרמים,115.00,100 גרם,false,1,12.60,10.96,true,1,
30000315958,false,קוואקר פרוטאין בננה אגוזים 366 גר,,US,קוואקר פרוטאין בננה,גרמים,366.00,100 גרם,false,1,25.90,7.08,true,1,
30000315989,false,קוואקר פרוטאין חמוציות ושקדים 372 גר,,US,קוואקר פרוטאין חמוצי,גרמים,372.00,100 גרם,false,1,25.90,6.96,true,1,
30100472414,false,סנדוויץ קרקר קלאב צדר 311 גרם,,,סנדוויץ קרקר קלאב צד,גרמים,311.00,100 גרם,false,1,29.30,9.42,true,1,
30100487180,false,קיבלר 8 סנדוויץ קרקר גבינה וצדר 311 גרם,,,קיבלר 8 סנדוויץ קרקר,גרמים,31100.00,100 גרם,false,1,29.30,0.09,true,1,
31290140237,false,שוקולד חלב 90 גר Godiva sticks,,TR,שוקולד חלב 90 גר God,גרמים,90.00,100 גרם,false,1,15.90,17.67,true,1,
31290142613,false,גודייבה פרלינים ש. מריר במילוי גנאש 78 ג,,,גודייבה פרלינים ש. מ,גרמים,65.00,100 גרם,false,1,15.90,24.46,true,1,
33200147701,false,פרש&סופט דפים למייבש בניחוח טרופי 100 יח,,,פרש&סופט דפים למייבש,Unknown,0.00,Unknown,false,1,32.50,32.50,true,1,
33617000026,false,ואזה קמח מלא 260 גר,,,ואזה קמח מלא 260 גר,גרמים,260.00,100 גרם,false,1,14.90,5.73,true,1,
33617340610,false,ואזה מקמח שיפון 275 גר,,,ואזה מקמח שיפון 250,גרמים,275.00,100 גרם,false,1,14.90,5.42,true,1,
34000148301,false,הרשי נטיפי שוקולד מריר לאפייה 340 גר,,,הרשי נטיפי שוקולד מר,גרמים,340.00,100 גרם,false,1,20.90,6.15,true,1,
34000214617,false,תערובת בייגל דיפ פרע,,US,תערובת בייגל דיפ פרע,Unknown,1.00,Unknown,false,1,22.90,22.90,true,1,
34000446001,false,חטיפי שוקולד ריזס מיניאטורס 150 גרם,,,חטיפי שוקולד ריזס מי,גרמים,150.00,100 גרם,false,1,10.90,7.27,true,1,
37600297967,false,מטבל סלסה בחריפות עדינה צי צי 439 גר,,US,מטבל סלסה בחריפות עד,גרמים,439.00,100 גרם,false,1,22.90,5.22,true,1,
38000138638,false,פרינגלס פיצה 158 גרם,,,פרינגלס פיצה 158 גרם,גרמים,158.00,100 גרם,false,1,10.90,6.90,true,1,
38000138720,false,פרינגלס ראנץ 158 גרם,,,פרינגלס ראנץ 158 גרם,גרמים,158.00,100 גרם,false,1,10.90,6.90,true,1,
38000183928,false,פרינגלס חרדל ודבש 158 גרם,,US,פרינגלס חרדל ודבש 15,גרמים,158.00,100 גרם,false,1,10.90,6.90,true,1,
38000232152,false,פרינגלס ברביקיו 158 גרם,,,פרינגלס ברביקיו 158,גרמים,158.00,100 גרם,false,1,10.90,6.90,true,1,
38000232176,false,פרינגלס שמנת בצל 158 גרם,,,פרינגלס שמנת בצל 158,גרמים,158.00,100 גרם,false,1,10.90,6.90,true,1,
38000232183,false,פרינגלס אוריגינל 149 גרם,,,פרינגלס אוריגינל 149,גרמים,149.00,100 גרם,false,1,10.90,7.32,true,1,
38000845253,false,פרינגלס מידי שמנת בצל 71  גרם,,,פרינגלס מידי שמנת בצ,גרמים,71.00,100 גרם,false,1,5.90,8.31,true,1,
38527591053,false,דגני בוקר מרובעים קינמון 411 גרם קוואקר,,,דגני בוקר מרובעים קי,גרמים,411.00,100 גרם,false,1,22.90,5.57,true,1,
38527591060,false,דגני בוקר מרובעים  411 גרם קוואקר,,,דגני בוקר מרובעים  4,גרמים,411.00,100 גרם,false,1,22.90,5.57,true,1,
39000008006,false,אורטגה טאקו SHELL מקסיקני 164 גרם,,,אורטגה טאקו SHELL מק,גרמים,164.00,100 גרם,false,1,26.50,16.16,true,1,
39000010351,false,פלפל חלפיניו בצנצנת אורטגה 340 גרם,,,פלפל חלפיניו בצנצנת,גרמים,340.00,100 גרם,false,1,21.90,6.44,true,1,
39047001152,false,ווקרס עוגיות חמאה פינגרס 150 גרם,,,ווקרס עוגיות חמאה פי,גרמים,150.00,100 גרם,false,1,20.90,13.93,true,1,
39047005426,false,ווקרס ביסקוויט גינגר 150 גרם,,,ווקרס ביסקוויט עם גי,גרמים,150.00,100 גרם,false,1,20.90,13.93,true,1,
39047010215,false,"ווקרס עוגיות חמאה ש.ציפס לל""ג 140 גרם",,,ווקרס עוגיות חמאה ש.,Unknown,0.00,Unknown,false,1,23.90,23.90,true,1,
41190052035,false,שופרייט חרדל צהוב לחיץ 397 גרם,,US,שופרייט חרדל צהוב לח,גרמים,397.00,100 גרם,false,1,12.90,3.25,true,1,
41190069477,false,שופרייט רוטב שום לפסטה 680 גרם,,US,שופרייט רוטב שום לפס,גרמים,680.00,100 גרם,false,1,18.90,2.78,true,1,
41224700260,false,צלפים מיניאטורים בחומץ 90 ג,,,צלפים מיניאטורים בחו,Unknown,0.00,Unknown,false,1,21.60,21.60,true,1,
41331124027,false,גויה שעועית קידני אדומה 439 גרם,,,גויה שעועית קידני אד,גרמים,439.00,100 גרם,false,1,12.90,2.94,true,1,
41331124379,false,שעועית פינטו 439 גרם,,,שעועית פינטו 439 גרם,גרמים,439.00,100 גרם,false,1,12.90,2.94,true,1,
41331124430,false,שעועית לבנה חמאה  439 גרם,,,שעועית לבנה חמאה,גרמים,439.00,100 גרם,false,1,14.60,3.33,true,1,
41331124669,false,גויה שעועית שחורה 439 גרם,,,גויה שעועית שחורה 43,גרמים,439.00,100 גרם,false,1,12.90,2.94,true,1,
41390001079,false,"רוטב סויה מופחת נתרן קיקומן 444 מ""ל",,US,רוטב סויה מופחת נתרן,מיליליטרים,444.00,"100 מ""ל",false,1,25.10,5.65,true,1,
41390010309,false,"רוטב טריאקי קיקומן 444 מ""ל",,,רוטב טריאקי קיקומן 4,מיליליטרים,444.00,"100 מ""ל",false,1,25.10,5.65,true,1,
41500220222,false,חטיף בצל מטוגן פרנציס 79 גרם,,,חטיף בצל מטוגן פרנצי,גרמים,79.00,100 גרם,false,1,21.70,27.47,true,1,
41500805016,false,"רוטב רד הוט פלפל 148 מ""ל",,,רוטב רד הוט פלפל 148,מיליליטרים,148.00,"100 מ""ל",false,1,17.70,11.96,true,1,
41500805023,false,"רוטב רד הוט 355 מ""ל",,,"רוטב רד הוט 355 מ""ל",מיליליטרים,355.00,"100 מ""ל",false,1,30.90,8.70,true,1,
41570113080,false,משקה שקדים בטעם וניל ללא תוספת סוכר 1 ל,,ZA,משקה שקדים בטעם וניל,ליטרים,0.00,ליטר,false,1,21.90,21.90,true,1,
42400108153,false,דגני פוסט טוטי פרוטי 354 גר,,US,דגני פוסט טוטי פרוטי,גרמים,354.00,100 גרם,false,1,23.70,6.69,true,1,
46214372250,false,"עוגיות  שטרודל תפו""ע  וצימוקים 225 גר",,,"עוגיות  שטרודל תפו""ע",גרמים,225.00,100 גרם,false,1,10.90,4.84,true,1,
46214382259,false,עוגיות בראוניס 200 גר,,,עוגיות בראוניס 200 ג,גרמים,200.00,100 גרם,false,1,10.90,5.45,true,1,
46214731552,false,עוגיות מרבה שוקולד ציפס 225 גר,,,עוגיות מרבה שוקולד צ,גרמים,225.00,100 גרם,false,1,10.90,4.84,true,1,
47997123213,false,מגיק תערובת תבול דגים 64 גר,,,מגיק תע תבול דגים 64,גרמים,64.00,100 גרם,false,1,21.60,33.75,true,1,
48327203513,false,"שמן זית כתית מעולה 750 מ""ל YBARRA",,ES,שמן זית כתית מעולה 7,מיליליטרים,750.00,"100 מ""ל",false,1,39.90,5.32,true,1,
50000015474,false,פריסקיז דגים 1.40 קג,,,פריסקיז מעדני הים 1.,קילוגרמים,0.00,"ק""ג",false,1,34.90,34.90,true,1,
50000100347,false,פריסקיז מעדני חתול 1.43 גרם,,,פריסקיז מעדני החתול,קילוגרמים,0.00,"ק""ג",false,1,34.90,34.90,true,1,
50000429349,false,פנסי פיסט פטה פירות ים,,,פנסי פיסט פטה פירות,גרמים,85.00,100 גרם,false,1,5.90,6.94,true,1,
50000429646,false,פנסי פיסט דגי אוקיינוס 85 גרם,,,פנסי פיסט דגי אוקיינ,גרמים,85.00,100 גרם,false,1,5.90,6.94,true,1,
50000574988,false,פנסי פיסט חתלתולים,,,פנסי פיסט חתלתולים,גרמים,85.00,100 גרם,false,1,5.90,6.94,true,1,
52100006765,false,תבלין פלפל אדום 42 גר,,US,תבלין פלפל אדום 42 ג,גרמים,42.00,100 גרם,false,1,18.90,45.00,true,1,
52100006987,false,עלי דפנה 3 גר,,US,עלי דפנה 3 גר,גרמים,3.00,100 גרם,false,1,18.90,630.00,true,1,
52100034898,false,"תמצית ליים טהורה 29 מ""ל",,US,תמצית ליים טהורה 29,מיליליטרים,29.00,"100 מ""ל",false,1,18.90,65.17,true,1,
52100070643,false,תמצית טעם שקדים 29 גר,,US,תמצית טעם שקדים 29 ג,גרמים,29.00,100 גרם,false,1,10.90,37.59,true,1,
52100070995,false,תמצית טעם וניל 59 גר,,US,תמצית טעם וניל 59 גר,גרמים,59.00,100 גרם,false,1,11.90,20.17,true,1,
52100071121,false,עלי בזיליקום מיובשים 24 גר,,US,עלי בזיליקום מיובשים,גרמים,24.00,100 גרם,false,1,30.90,128.75,true,1,
52100746043,false,תערובת פלפלים במטחנה 24 גר,,FR,תערובת תיבול פלפלים,גרמים,24.00,100 גרם,false,1,18.90,78.75,true,1,
52600751219,false,פלאף- ממרח מרשמלו בטעם וניל 213 גרם,,US,פלאף- ממרח מרשמלו בט,גרמים,213.00,100 גרם,false,1,18.90,8.87,true,1,
54100006769,false,"פרוסות חלפיניו חריף ולאסיק 355 מ""ל",,US,פרוסות חלפיניו חריף,מיליליטרים,355.00,"100 מ""ל",false,1,19.90,5.61,true,1,
55369902564,false,"רסק תפו""ע ללת""ס רביעיות 113 גרם",,,"רסק תפו""ע ללת""ס רביע",גרמים,113.00,100 גרם,false,1,17.50,15.49,true,1,
55369903295,false,"אפלסנק רסק תפו""ע ללת""ס 652 גרם",,,"אפלסנק רסק תפו""ע ללת",גרמים,652.00,100 גרם,false,1,17.70,2.71,true,1,
63517877145,false,פרנקיז חטיף צדר אורז קינואה אורגני 113,,,פרנקיז חטיף צדר אורז,גרמים,113.00,100 גרם,false,1,23.00,20.35,true,1,
63517877152,false,חטיף חלפיניו אורז קינואה אורגני 113,,,חטיף חלפיניו אורז קי,גרמים,113.00,100 גרם,false,1,23.00,20.35,true,1,
63517877169,false,חטיף ברביקיו אורז קינואה אורגני 113,,,חטיף ברביקיו אורז קי,גרמים,113.00,100 גרם,false,1,23.00,20.35,true,1,
64144090013,false,"ספריי שמן PAM בטעם חמאה 141 מ""ל",,,ספריי שמן PAM בטעם ח,גרמים,141.00,100 גרם,false,1,21.90,15.53,true,1,
64144090020,false,"ספריי שמן PAM בטעם שמן זית 141 מ""ל",,,ספריי שמן PAM בטעם ש,מיליליטרים,141.00,"100 מ""ל",false,1,21.90,15.53,true,1,
64144090051,false,"ספריי שמן PAM קנולה אורגינל 148 מ""ל",,,ספריי שמן PAM קנולה,מיליליטרים,148.00,"100 מ""ל",false,1,21.90,14.80,true,1,
70080000016,false,חרדל צהוב רגיל 297 גרם,,,חרדל צהוב רגיל 297 ג,גרמים,297.00,100 גרם,false,1,12.60,4.24,true,1,
70080126099,false,ממרח חרדל דלי דיזון מעודן 311 גרם,,,ממרח חרדל דלי דיזון,גרמים,311.00,100 גרם,false,1,12.90,4.15,true,1,
70177077563,false,תה ארל גריי 25 שקיות טוינינגס 50 גר,,,תה ארל גריי 25 שקיות,גרמים,50.00,100 גרם,false,1,20.90,41.80,true,1,
70177077693,false,תה אנגליש ברקפסט 25 שקיות טוינינגס 50 גר,,,תה אנגליש ברקפסט 25,גרמים,50.00,100 גרם,false,1,20.90,41.80,true,1,
70177078904,false,תה אנגליש ברקפסט 50 שקיות טוינינגס,,PL,תה אינגליש ברקפסט 50,גרמים,100.00,100 גרם,false,1,39.90,39.90,true,1,
70177173166,false,תה יסמין ירוק 25 שקיקים TWININGS,,PL,תה גרין יסמין 45 גרם,Unknown,0.00,Unknown,false,1,22.90,22.90,true,1,
70177177737,false,חליטה פיור קמומיל 20 גרם טווינינג,,PL,חליטה פיור קמומיל 20,Unknown,0.00,Unknown,false,1,19.80,19.80,true,1,
70177177744,false,חליטה פיור פפרמינט 40 גרם טווינינג,,PL,חליטה פיור פפרמינט 4,Unknown,0.00,Unknown,false,1,19.80,19.80,true,1,
70734529382,false,חליטת תה צאי הודי 20 שקיקים של 3.05 גר,,,חליטת תה צאי הודי 20,Unknown,0.00,Unknown,false,1,17.60,17.60,true,1,
70970471254,false,סוכריות מייק אנד אייק פירות טרופיים 141,,,סוכריות מייק אנד איי,גרמים,141.00,100 גרם,false,1,11.90,8.44,true,1,
71570001667,false,גלי בלי סוכריות 20 טעמים 70 גרם,,,גלי בלי סוכריות 20 ט,גרמים,70.00,100 גרם,false,1,14.90,21.29,true,1,
72600005846,false,הר טורטיה דיפר מתירס לבן 383 גרם,,,הר טורטיה דיפר מתירס,גרמים,383.00,100 גרם,false,1,28.00,7.31,true,1,
72600009257,false,הר חטיפי טורטיה תירס לבן 255 גרם,,,הר חטיפי טורטיה תירס,גרמים,255.00,100 גרם,false,1,24.90,9.76,true,1,
72600062290,false,הר חטיף בטעם גבינה חריף  198 גרם,,,הר חטיף בטעם גבינה ח,גרמים,198.00,100 גרם,false,1,25.90,13.08,true,1,
72600062313,false,הר חטיף גבינה בפאלו גבינה כחולה 198 גר,,,הר חטיף גבינה בפאלו,גרמים,198.00,100 גרם,false,1,25.90,13.08,true,1,
72600062870,false,חטיף תפוח אדמה קטל דבש סרירצה 142 גרם,,,חטיף תפוח אדמה קטל ד,גרמים,142.00,100 גרם,false,1,25.50,17.96,true,1,
74570004003,false,גלידה האגן דאז וניל,,,גלידה האגן דאז וניל,גרמים,417.00,100 גרם,false,1,26.90,6.45,true,1,
74570174003,false,גלידה האגן דאז מקדמיה,,,גלידה האגן דאז מקדמי,מיליליטרים,473.00,"100 מ""ל",false,1,26.90,5.69,true,1,
74570274000,false,גלידה האגן דאז קרם עוגיות,,,גלידה האגן דאז,מיליליטרים,473.00,"100 מ""ל",false,1,26.90,5.69,true,1,
74570610051,false,גלידה האגן דאז שוקולד בלגי,,,גלידה האגן דאז שוקול,גרמים,417.00,100 גרם,false,1,26.90,6.45,true,1,
75039008013,false,מריה רוטב ספגטי איטלקי 680 גרם,,,מריה רוטב ספגטי איטל,גרמים,680.00,100 גרם,false,1,18.90,2.78,true,1,
76808009347,false,עוגיות בטעם חמאה 180 גרם,,,עוגיות בטעם חמאה 180,גרמים,180.00,100 גרם,false,1,16.70,9.28,true,1,
76808009354,false,עוגיות קקאו שוקולד חלב ומריר 200 גרם,,,עוגיות קקאו שוקולד ח,גרמים,180.00,100 גרם,false,1,16.70,9.28,true,1,
76808009361,false,עוגיות לב ושבבי שוקולד מריר 200 גרם,,,עוגיות לב ושבבי שוקו,גרמים,180.00,100 גרם,false,1,16.70,9.28,true,1,
76840100156,false,"בן אנד גריס גלידת צרי גרסיה 500 מ""ל",,US,גלידת צרי גרסיה בן,גרמים,441.00,100 גרם,false,1,25.90,5.87,true,1,
76840100583,false,"בן אנד גריס וניל עם בצק עוגיות 500 מ""ל",,,בן אנד גריס וניל עם,גרמים,500.00,100 גרם,false,1,25.90,5.18,true,1,
76840400218,false,"בן אנד גריס עוגת גבינה עם תות 473 מ""ל",,,בן אנד גריס עוגת גבי,מיליליטרים,473.00,"100 מ""ל",false,1,25.90,5.48,true,1,
77245110610,false,סוכריות מאסט מנטה ללא סוכר 80 גר,,PL,"סוכריות מאסט לל""ס מנ",Unknown,80.00,Unknown,false,1,10.90,0.14,true,1,
77428105402,false,"TULIPS בונבוניירה 200 גרם - ד""ר",,NL,דרוסטה מארז שוקולד ט,גרמים,175.00,100 גרם,false,1,34.90,19.94,true,1,
77975093085,false,בייגלה סניידרס בציפוי שוקולד חלב 141 גר,,,בייגלה סניידרס בציפו,גרמים,141.00,100 גרם,false,1,17.90,12.70,true,1,
77975093108,false,בייגלה סניידרס בציפוי שוקולד לבן 141 גר,,,בייגלה סניידרס בציפו,גרמים,141.00,100 גרם,false,1,17.90,12.70,true,1,
77975094624,false,סניידרס שברי בייגלה חמאת בוטנים 270 גר,,,סניידרס שברי בייגלה,גרמים,270.00,100 גרם,false,1,17.70,6.56,true,1,
77975094631,false,סניידרס סנדוויץ בייגלה קרם צידר 283 גר,,,סניידרס סנדוויץ בייג,גרמים,283.00,100 גרם,false,1,17.70,6.25,true,1,
77975094778,false,שברי בייגלה סניידרס בטעם דבש חרדל 340 גר,,,שברי בייגלה סניידרס,גרמים,340.00,100 גרם,false,1,17.70,5.21,true,1,
78522007289,false,גייסון משחת שיניים לילדים בטעם תות,,,גייסון משחת שיניים ל,Unknown,0.00,Unknown,false,1,29.90,29.90,true,1,
78522015154,false,גייסון משחת שיניים עץ התה,,,גייסון משחת שיניים ע,Unknown,0.00,Unknown,false,1,39.90,39.90,true,1,
78522040163,false,גל אלוורה גייסון להקלה מיידית בעור 113 ג,,,גל אלוורה גייסון להק,גרמים,113.00,100 גרם,false,1,49.90,44.16,true,1,
80432402931,false,"וויסקי שיבאס רגאל 12 שנה 700 מ""ל",,,וויסקי שיבאס רגאל 12,מיליליטרים,700.00,"100 מ""ל",false,1,119.90,17.13,true,1,
82184090442,false,וויסקי גק דניאלס 1 ליטר,,,וויסקי גק דניאלס 1 ל,מיליליטרים,1000.00,"100 מ""ל",false,1,141.90,14.19,true,1,
84213017420,false,מיסלי אורגני אגוזים/צימוקים 500 גרם,,,מיסלי אורגני אגוזים/,גרמים,500.00,100 גרם,false,1,20.90,4.18,true,1,
84380958342,false,סאנט דלפור מנגו אננס 284 גרם,,,סאנט דלפור מנגו אננס,גרמים,284.00,100 גרם,false,1,22.90,8.06,true,1,
89397344300,false,רוטב פסטה עגבניות בזיליקום 680 גרם,,,רוטב פסטה עגבניות בז,מיליליטרים,680.00,"100 מ""ל",false,1,18.90,2.78,true,1,
89832910466,false,יין שיין גוורצטרמינר  750 מל,,,יין שיין גוורצטרמינר,Unknown,0.00,Unknown,false,1,46.90,46.90,true,1,
90341232321,false,"וירגיל דובדובן קרים סודה 355 מ""ל",,,וירגיל דובדובן קרים,מיליליטרים,355.00,"100 מ""ל",false,1,16.90,4.76,true,1,
93133737325,false,רוטב טריאקי שומשום עברית 566 גרם,,,רוטב טריאקי שומשום ע,גרמים,566.00,100 גרם,false,1,45.50,8.04,true,1,
142486201820,false,"חטיף חלבון חמאת בוטנים ללת""ס  4*50 גרם",,,חטיף חלבון חמאת בוטנ,גרמים,200.00,100 גרם,false,1,49.90,24.95,true,1,
308910525744,false,אטריות אורז דקות 454 גרם,,,אטריות אורז דקות 454,גרמים,454.00,100 גרם,false,1,11.90,2.62,true,1,
608614307135,false,חסה סלנובה  160 גר,,,חסה סלנובה  160 גר,גרמים,160.00,100 גרם,false,1,14.90,9.31,true,1,
608614342631,false,פרסבורגר פרג,,,פרסבורגר פרג,Unknown,0.00,Unknown,false,1,39.90,39.90,true,1,
608614342648,false,שמרים גבינה דובדבן,,,שמרים גבינה דובדבן,Unknown,0.00,Unknown,false,1,39.90,39.90,true,1,
608614342655,false,קראנץ אגוזים,,,קראנץ אגוזים,Unknown,0.00,Unknown,false,1,39.90,39.90,true,1,
608614342662,false,קראנץ שוקולד,,,קראנץ שוקולד,Unknown,0.00,Unknown,false,1,39.90,39.90,true,1,
608614342693,false,קראנץ חלבה,,,קראנץ חלבה,Unknown,0.00,Unknown,false,1,39.90,39.90,true,1,
608614342754,false,עוגיות פרימיום,,,עוגיות פרימיום,Unknown,0.00,Unknown,false,1,37.90,37.90,true,1,
608614342815,false,מארז לחמניות,,,מארז לחמניות,Unknown,0.00,Unknown,false,1,16.90,16.90,true,1,
608614342921,false,חלת שמרים,,,חלת שמרים,Unknown,0.00,Unknown,false,1,15.90,15.90,true,1,
608614342990,false,חצי עוגת שמרים,,,חצי עוגת שמרים,Unknown,0.00,Unknown,false,1,24.90,24.90,true,1,
608614343065,false,חצי לחם מחמצת,,,חצי לחם מחמצת,Unknown,0.00,Unknown,false,1,12.90,12.90,true,1,
608614343072,false,לחם שיפון 100% קוביה,,,מארז בגט,Unknown,0.00,Unknown,false,1,16.90,16.90,true,1,
613008753320,false,"אריזונה גינסנג ודבש 450 מ""ל",,BG,אריזונה גינסנג ודבש,מיליליטרים,450.00,"100 מ""ל",false,1,7.90,1.76,true,1,
621683920555,false,טינקיאדה אלבו פסטה ארוז ללא גלוטן 454 גר,,,טינקיאדה אלבו פסטה א,גרמים,454.00,100 גרם,false,1,27.50,6.06,true,1,
621683920654,false,פוזילי אורז חום ללא גלוטן ול. חיטה 454 ג,,,פוזילי אורז חום 454,גרמים,454.00,100 גרם,false,1,23.90,5.26,true,1,
621683921255,false,טינקיאדה ספירל פסטה ארוז ללא גלוטן 454,,,טינקיאדה ספירל פסטה,גרמים,454.00,100 גרם,false,1,27.50,6.06,true,1,
638102201010,false,חטיף זון קלסיק שוקולד חמאת בוטנים 50 גר,,,חטיף זון קלסיק שוקול,גרמים,50.00,100 גרם,false,1,13.90,27.80,true,1,
638102203090,false,חטיף זון קלסיק פאדג 50 גר,,,חטיף זון קלסיק פאדג,גרמים,50.00,100 גרם,false,1,13.90,27.80,true,1,
638102532817,false,חטיף זון דארק דאבל שוקולד 45 גר,,,חטיף זון דארק דאבל ש,גרמים,45.00,100 גרם,false,1,13.90,30.89,true,1,
638102582737,false,חטיף זון קלסיק רול קינמון 50 גר,,,חטיף זון קלסיק רול ק,גרמים,50.00,100 גרם,false,1,13.90,27.80,true,1,
644209420957,false,דנקן היינס תערובת בראוני כהה 561 גר,,,דנקן היינס תערובת,גרמים,561.00,100 גרם,false,1,25.90,4.62,true,1,
645173995663,false,רוטב פלפלים חמלי-סומלי אימרטי 370 גר,,,רוטב פלפלים חמלי-סומ,גרמים,370.00,100 גרם,false,1,12.60,3.41,true,1,
649660432020,false,היל ויו שזיפים מיובשים מגולענים 567 גרם,,,היל ויו שזיפים מיובש,גרמים,567.00,100 גרם,false,1,31.90,5.63,true,1,
673879000602,false,"קאברד ברידג חטיף תפו""א מלח ים חומץ 170 ג",,,קאברד ברידג חטיף תפו,גרמים,170.00,100 גרם,false,1,20.90,12.29,true,1,
693493065672,false,טחינה מלאה הר כנען 100% שומשום 500 גר,,IL,טחינה מלאה הר כנען 1,גרמים,500.00,100 גרם,false,1,16.90,3.38,true,1,
693493095532,false,עוגיות אלפחורס ממולא,,,עוגיות אלפחורס ממולא,Unknown,0.00,Unknown,false,1,37.90,37.90,true,1,
693493095617,false,עוגיות שוקולד ציפס,,,עוגיות שוקולד ציפס,Unknown,0.00,Unknown,false,1,37.90,37.90,true,1,
693493095624,false,עוגיות טבעוניות,,,עוגיות טבעוניות,Unknown,0.00,Unknown,false,1,37.90,37.90,true,1,
693493095914,false,מארז שנק וניל,,,מארז שנק וניל,Unknown,0.00,Unknown,false,1,26.90,26.90,true,1,
693493095921,false,מארז רוגלך בטעמים,,,מארז רוגלך בטעמים,Unknown,0.00,Unknown,false,1,26.90,26.90,true,1,
693493095983,false,עוגת דבש ואגוזים,,,עוגת דבש ואגוזים,Unknown,0.00,Unknown,false,1,39.90,39.90,true,1,
707595100206,false,מלפפונים חמוצים 355 גרם,,GR,מלפפונים חמוצים 355,גרמים,355.00,100 גרם,false,1,15.60,4.39,true,1,
728229123590,false,חטיף ציפס  טרה אורגינל 110 גרם,,,חטיף ציפס  טרה אורגי,גרמים,110.00,100 גרם,false,1,16.90,15.36,true,1,
728229123613,false,ציפס 110 גרם טרה כחול,,,ציפס 110 גרם טרה כחו,גרמים,110.00,100 גרם,false,1,16.90,15.36,true,1,
728229123811,false,ציפס 110 גרם טרה בטטה,,,ציפס 110 גרם טרה בטט,גרמים,110.00,100 גרם,false,1,16.90,15.36,true,1,
728229124764,false,חטיף ציפס בטטה עם מלח ים 110 גרם,,US,חטיף ציפס בטטה עם מל,גרמים,110.00,100 גרם,false,1,16.90,15.36,true,1,
728229130154,false,חטיף ציפס מבטטה וסלק  110 גרם,,,חטיף ציפס מבטטה וסלק,גרמים,110.00,100 גרם,false,1,16.90,15.36,true,1,
728229130444,false,חטיף ציפס מירקות כחולים עם מלח 110 גרם,,,חטיף ציפס מירקות כחו,גרמים,110.00,100 גרם,false,1,16.90,15.36,true,1,
732494000524,false,קרטורס פופקורן שיקגו קרמל 213 גרם,,,קרטורס פופקורן שיקגו,גרמים,213.00,100 גרם,false,1,31.50,14.79,true,1,
732494000609,false,קרטורס פופקורן גבינה 184 גרם,,,קרטורס פופקורן גבינה,גרמים,184.00,100 גרם,false,1,31.50,17.12,true,1,
734756002024,false,רוטב מרינדה לעוף 340 גרם,,US,רוטב מרינדה לעוף 340,גרמים,340.00,100 גרם,false,1,29.90,8.79,true,1,
769904000997,false,שקדי מרק דגש  200 גרם,,,"שקדי מרק דג""ש  200 ג",גרמים,200.00,100 גרם,false,1,15.90,7.95,true,1,
786560000864,false,מטרקס חטיף חלבון דגנים פירות 100 גר,,US,מטרקס חטיף חלבון דגנ,גרמים,100.00,100 גרם,false,1,18.90,18.90,true,1,
786560050012,false,מטרקס חטיף חלבון שוקו ציפס 100 גרם,,US,מטרקס חטיף חלבון שוק,גרמים,100.00,100 גרם,false,1,18.90,18.90,true,1,
786560153126,false,מטרקס חטיף חלבון עוגיות 100 גרם,,US,מטרקס חטיף חלבון עוג,גרמים,100.00,100 גרם,false,1,18.90,18.90,true,1,
810019370151,false,סאנט דלפור תפוח קינמון 284 גרם,,,סאנט דלפור תפוח קינמ,גרמים,284.00,100 גרם,false,1,22.90,8.06,true,1,
810019370205,false,סאנט דלפור מנגו ופסיפלורה 284 גרם,,,סאנט דלפור מנגו ופסי,גרמים,284.00,100 גרם,false,1,22.90,8.06,true,1,
819046001274,false,אינקה ציפס ירקות שורש טרופיים 142 גר,,,אינקה ציפס ירקות שור,גרמים,142.00,100 גרם,false,1,19.90,14.01,true,1,
833949000264,false,"סירופ מייפל אמיתי 100% אורגני 250 מ""ל",,,סירופ מייפל אמיתי,מיליליטרים,250.00,"100 מ""ל",false,1,33.90,13.56,true,1,
837524000960,false,נסטי - סבון טבעי פילוסופיה 250 גר,,,נסטי - סבון טבעי פיל,Unknown,0.00,Unknown,false,1,24.90,24.90,true,1,
837524001257,false,נסטי - סבון טבעי פילוסופיה 250 גר,,,נסטי - סבון טבעי פיל,Unknown,0.00,Unknown,false,1,24.90,24.90,true,1,
837524002537,false,סבון נסטי א. ביונטורה גנסנג שעורה 250 גר,,,סבון נסטי א. ביונטור,גרמים,250.00,100 גרם,false,1,27.90,11.16,true,1,
837524002544,false,סבון נסטי א. ביונטורה ארגן חציר בר 250 ג,,,סבון נסטי א. ביונטור,גרמים,250.00,100 גרם,false,1,27.90,11.16,true,1,
837524002667,false,סבון נסטי לוקסורי שחור/פחם אורגני 250 גר,,IT,סבון נסטי לוקסורי שח,גרמים,250.00,100 גרם,false,1,27.90,11.16,true,1,
837524003695,false,סבון נסטי אמבר 250 גר,,,סבון נסטי אמבר 250 ג,גרמים,250.00,100 גרם,false,1,27.90,11.16,true,1,
839762000641,false,משקה איילנד מנגו 1 ליטר,,,משקה איילנד מנגו 1 ל,מיליליטרים,1000.00,"100 מ""ל",false,1,15.90,1.59,true,1,
839762000658,false,משקה איילנד גויאבה 1 ליטר,,,משקה איילנד גויאבה 1,מיליליטרים,1000.00,"100 מ""ל",false,1,15.90,1.59,true,1,
839762002379,false,"איילנד מנגו 350 מ""ל",,,"איילנד מנגו 350 מ""ל",מיליליטרים,350.00,"100 מ""ל",false,1,6.90,1.97,true,1,
851621000043,false,"בירה 1664 Blanc בקבוק 330 מ""ל",,,בירה 1664 Blanc בקבו,מיליליטרים,330.00,"100 מ""ל",false,1,10.50,3.18,true,1,
851621000050,false,"שישיית בירה 1664 Blanc בקבוק 330 מ""ל",,,שישיית בירה 1664 Bla,מיליליטרים,1980.00,"100 מ""ל",false,1,49.90,2.52,true,1,
856134000719,false,מרמלדה לימון ותפוז 265 גר Kharkovchanka,,UA,מרמלדה לימון ותפוז 2,גרמים,265.00,100 גרם,false,1,15.90,6.00,true,1,
856591000109,false,עבאדי עוגיות מזרחיות פריך במיוחד 400 גרם,,,עבאדי עוגיות מזרחיות,גרמים,400.00,100 גרם,false,1,21.90,5.48,true,1,
857777004218,false,RX  חטיף חלבון קוקוס ושוקולד 52 גרם,,US,RX  חטיף חלבון קוקוס,גרמים,52.00,100 גרם,false,1,15.90,30.58,true,1,
884912002372,false,דגני סלקט קרנברי 369 גרם פוסט,,,דגני סלקט קרנברי 369,גרמים,369.00,100 גרם,false,1,27.90,7.56,true,1,
884912102102,false,דגני סלקט עם אוכמניות 382 גרם פוסט,,,דגני סלקט עם אוכמניו,גרמים,382.00,100 גרם,false,1,27.90,7.30,true,1,
884912111715,false,דגני פוסט האני קומב 354 גר,,US,דגני פוסט האני קומב,גרמים,354.00,100 גרם,false,1,23.70,6.69,true,1,
884912116505,false,דגני סלקט בננה 369 גרם פוסט,,,דגני סלקט בננה 369 ג,גרמים,369.00,100 גרם,false,1,27.90,7.56,true,1,
884912180629,false,דגנים שרדד וויט  464 גרם,,,דגנים שרדד וויט  464,גרמים,464.00,100 גרם,false,1,34.90,7.52,true,1,
884912342737,false,דגני פוסט וואפל קריספ 326 גר,,,דגני פוסט וואפל קריס,גרמים,326.00,100 גרם,false,1,23.70,7.27,true,1,
884912349439,false,דגני בוקר פוסט קרמל,,US,דגני בוקר פוסט קרמל,Unknown,1.00,Unknown,false,1,35.90,35.90,true,1,
884912359155,false,האני באנצס רוסטד 340 גר,,,האני באנצס רוסטד 340,גרמים,340.00,100 גרם,false,1,24.90,7.32,true,1,
884912359162,false,האני באנצס קינמון 340 גר,,,האני באנצס עם שקדים,גרמים,340.00,100 גרם,false,1,24.90,7.32,true,1,
884912359414,false,האני באנצס עם קינמון 340 גר,,US,האני באנצס עם קינמון,גרמים,340.00,100 גרם,false,1,24.90,7.32,true,1,
884912365217,false,דגני בוקר אוראו הדור הבא 311 גר,,US,דגני בוקר אוראו הדור,גרמים,311.00,100 גרם,false,1,23.90,7.68,true,1,
898193001252,false,חליטת קמומיל 28 גרם בונומלי,,,חליטת קמומיל 28 גרם,Unknown,0.00,Unknown,false,1,16.90,16.90,true,1,
3014260287030,false,סכיני גילוח חד פעמי חמישיה gullette,,,סכיני גילוח חד פעמי,Unknown,0.00,Unknown,false,1,11.50,11.50,true,1,
3014260293253,false,סכין בלו 2 פלוס עשיריה נשים  GILLETTE,,,סכין בלו 2 פלוס עשיר,יחידה,1.00,יחידה,false,1,22.90,22.90,true,1,
3045206360609,false,דזיטול נוזל מחטא בגדים בכביסה 1 ליטר,,,דזיטול נוזל מחטא בגד,יחידה,1.00,יחידה,false,1,25.90,25.90,true,1,
3046920010856,false,לינדט שוקולד אקסלנס לימון גינגיר 100 גר,,CH,לינדט שוקולד אקסלנס,גרמים,100.00,100 גרם,false,1,17.90,17.90,true,1,
3046920016377,false,לינדט שוקולד אקסלנס מריר 100% קקאו 50 גר,,FR,לינדט שוקולד אקסלנס,גרמים,50.00,100 גרם,false,1,17.90,35.80,true,1,
3046920028004,false,לינדט שוקולד אקסלנס מריר 70% 100 גר,,,לינדט שוקולד אקסלנס,גרמים,100.00,100 גרם,false,1,17.90,17.90,true,1,
3046920028363,false,לינדט אקסלנס 85% 100 גרם,,,לינדט אקסלנס 85% 100,גרמים,100.00,100 גרם,false,1,17.90,17.90,true,1,
3046920028752,false,לינדט אקסלנס מינט 100 גרם,,,לינדט אקסלנס מינט 10,גרמים,100.00,100 גרם,false,1,17.90,17.90,true,1,
3046920029674,false,לינדט אקס סולט 100 גר,,,לינדט אקס סולט 100 ג,גרמים,100.00,100 גרם,false,1,17.90,17.90,true,1,
3046920029681,false,לינדט שוקולד אקסלנס מילד 85% קקאו 100 גר,,DE,לינדט שוקולד אקסלנס,גרמים,100.00,100 גרם,false,1,17.90,17.90,true,1,
3046920029759,false,"לינדט אקס 90%, 100 גרם",,,"לינדט אקס 90%, 100 ג",גרמים,100.00,100 גרם,false,1,17.90,17.90,true,1,
3049197110076,false,"קוניאק קורבזייה 700 מ""ל V.S",,FR,קוניאק קורבזייה 700,מיליליטרים,700.00,"100 מ""ל",false,1,157.90,22.56,true,1,
3073781162790,false,בייבי בל אדם 120 גר,,,בייבי בל אדם 120 גר,גרמים,120.00,100 גרם,false,1,21.90,18.25,true,1,
3080216034508,false,"בירה רגינברג בלונד 330 מ""ל",,,בירה רגינברג בלונד 3,מיליליטרים,330.00,"100 מ""ל",false,1,7.90,2.39,true,1,
3080216034645,false,"בירה רגינברג אמברה 330 מ""ל",,,בירה רגינברג אמברה 3,מיליליטרים,330.00,"100 מ""ל",false,1,10.90,3.30,true,1,
3107874905145,false,"ברון דה לירונדאו חצי מתוק 750 מ""ל",,,ברון דה לירונדאו חצי,Unknown,0.00,Unknown,false,1,33.90,33.90,true,1,
3142706305007,false,יין שאטו לה גורדון רוזה וריט טרוא 750 מל,,,יין שאטו לה גורדון ר,Unknown,0.00,Unknown,false,1,89.90,89.90,true,1,
3161911229199,false,אלוויר חמאה רכה 250 גר,,,אלוויר חמאה רכה 250,גרמים,250.00,100 גרם,false,1,23.90,9.56,true,1,
3161911366429,false,אלוויר חמאה רכה מלוחה 250 גר,,,אלוויר חמאה רכה מלוח,גרמים,250.00,100 גרם,false,1,23.90,9.56,true,1,
3175460000017,false,גבינת בורסאן שום ועשבי תיבול 150 גר,,,גבינת בורסאן שום 150,גרמים,150.00,100 גרם,false,1,24.90,16.60,true,1,
3175529633934,false,יין לבן ויו פאפ שרדונה קולומברד 750 מל,,FR,יין לבן ויו פאפ שרדו,Unknown,0.00,Unknown,false,1,43.90,43.90,true,1,
3175529633941,false,"יין אדום ויו פאפ מרלו סירה 750 מ""ל",,FR,יין אדום ויו פאפ מרל,Unknown,0.00,Unknown,false,1,43.90,43.90,true,1,
3175529653062,false,יין רוזה ויו פאפ גראנש מרלו 750 מל,,FR,יין רוזה ויו פאפ גרא,Unknown,0.00,Unknown,false,1,43.90,43.90,true,1,
3178530402353,false,מיני מדליינס סאן מישל 175 גרם,,,מיני מדליינס סאן מיש,גרמים,175.00,100 גרם,false,1,12.90,7.37,true,1,
3178530407938,false,מיני מדליין 175 גר,,,מיני מדליין 175 גר,גרמים,175.00,100 גרם,false,1,14.90,8.51,true,1,
3178530411478,false,ביסקוויט סאן מישל גדול 150 גר,,,ביסקוויט סאן מישל גד,גרמים,150.00,100 גרם,false,1,13.90,9.27,true,1,
3178530412703,false,דונאט עם שוקולד 180 גרם,,,דונאט עם שוקולד 180,גרמים,180.00,100 גרם,false,1,15.90,8.83,true,1,
3179730011017,false,"מים מינרלים פירייה 750 מ""ל זכוכית",,,מים מינרלים פירייה 7,מיליליטרים,750.00,"100 מ""ל",false,1,12.90,1.72,true,1,
3179730011024,false,מים מינרלים פרייה 330 מל,,,מים מינרלים פרייה 33,מיליליטרים,330.00,"100 מ""ל",false,1,6.50,1.97,true,1,
3179732348913,false,מים מינרלים פרייה 1 ליטר,,,מים מינרלים פרייה 1,מיליליטרים,1000.00,"100 מ""ל",false,1,9.90,0.99,true,1,
3179732348944,false,שישיית מים מינרלים פרייה 1 ליטר,,,שישיית מים מינרלים פ,ליטרים,0.01,ליטר,false,1,60.90,6090.00,true,1,
3187460801136,false,ברנדי דה ולקור VSOP נפוליאון 700 מל מאז,,,ברנדי דה ולקור VSOP,מיליליטרים,700.00,"100 מ""ל",false,1,87.90,12.56,true,1,
3211200008049,false,"יין לאודלה רוזה 750 מ""ל",,FR,יין לאודלה רוזה 750,מיליליטרים,750.00,"100 מ""ל",false,1,49.90,6.65,true,1,
3211200108756,false,"יין מיזון קסטל מרלו רוזה 750 מ""ל",,,יין מיזון קסטל מרלו,Unknown,0.00,Unknown,false,1,48.90,48.90,true,1,
3211201046439,false,מיזון קסטל קברנה סוביניון 750 מל,,,מיזון קסטל קברנה סוב,Unknown,0.00,Unknown,false,1,48.90,48.90,true,1,
3211201046460,false,"מיזון קסטל מרלו  750 מ""ל",,,מיזון קסטל מרלו  750,Unknown,0.00,Unknown,false,1,48.90,48.90,true,1,
3211201046613,false,מיזון קסטל בורדו מרלו 750 מל,,,מיזון קסטל בורדו מרל,Unknown,0.00,Unknown,false,1,52.90,52.90,true,1,
3211203429315,false,ברון דה לסטאק בלאן בורדו 750 מל,,,ברון דה לסטאק בלאן,Unknown,0.00,Unknown,false,1,65.90,65.90,true,1,
3211203433220,false,ברון דה לסטאק בורדו 750 מל,,,ברון דה לסטאק בורדו,Unknown,0.00,Unknown,false,1,65.90,65.90,true,1,
3211203444103,false,מיזון קסטל גרנד רזרב ק. סוביניון 750 מ,,,מיזון קסטל גרנד רזרב,Unknown,0.00,Unknown,false,1,52.90,52.90,true,1,
3211203444141,false,מיזון קסטל גרנד רזרב סירה 750 מל,,,מיזון קסטל גרנד רזרב,Unknown,0.00,Unknown,false,1,52.90,52.90,true,1,
3211209117902,false,"יין  מיזון קסטל מוסקט לבן חצי 750  מ""ל",,,יין  מיזון קסטל מוסק,Unknown,0.00,Unknown,false,1,48.90,48.90,true,1,
3211209117964,false,"מיזון קסטל קוט דה פרובנס רוזה 750 מ""ל",,,מיזון קסטל קוט דה פר,Unknown,0.00,Unknown,false,1,67.90,67.90,true,1,
3211209133544,false,"יין שאטו גואלן 750 מ""ל",,FR,יין שאטו גואלן 750 מ,מיליליטרים,750.00,"100 מ""ל",false,1,73.90,9.85,true,1,
3211209134510,false,"יין שאטו דה הוט קולון 750 מ""ל",,FR,יין שאטו דה הוט קולו,מיליליטרים,750.00,"100 מ""ל",false,1,142.90,19.05,true,1,
3211209139232,false,שאטו דארסין קרו בורזואה הו מדוק 750 מל,,,שאטו דארסין קרו,Unknown,0.00,Unknown,false,1,120.90,120.90,true,1,
3211209149897,false,יין ברון דה לסטאק רוזה בורדו 750 מל,,,יין ברון דה לסטאק רו,Unknown,0.00,Unknown,false,1,65.90,65.90,true,1,
3211209194507,false,מיזון קסטל שרדונה 750 מל,,,מיזון קסטל שרדונה 75,Unknown,0.00,Unknown,false,1,48.90,48.90,true,1,
3211209217602,false,מיזון רוזה דאנזו חצי מתוק 750 מל,,,מיזון רוזה דאנזו חצי,Unknown,0.00,Unknown,false,1,52.90,52.90,true,1,
3211209265900,false,"יין פמלי קסטל ברוט מבעבע 750 מ""ל",,,יין מיזון קסטל ברוט,Unknown,0.00,Unknown,false,1,65.90,65.90,true,1,
3211209282167,false,"מיזון קסטל ברוט רוזה מבעבע 750 מ""ל",,,מיזון קסטל ברוט רוזה,Unknown,0.00,Unknown,false,1,65.90,65.90,true,1,
3211209719342,false,שאטו דו בוסקה קוט דה בורג 750 מל,,,שאטו דו בוסקה קוט דה,Unknown,0.00,Unknown,false,1,86.90,86.90,true,1,
3211209968009,false,יין קמברה מרלו  1 ליטר,קמברה,,יין קמברה מרלו  1 לי,Unknown,0.00,Unknown,false,1,39.90,39.90,true,1,
3211209968030,false,יין קמברה שרדונה 1 ליטר,קמברה,,יין קמברה שרדונה 1 ל,Unknown,0.00,Unknown,false,1,39.90,39.90,true,1,
3211209968832,false,"יין מיזון קסטל ויוניה 750 מ""ל",,,יין מיזון קסטל ויוני,Unknown,0.00,Unknown,false,1,48.90,48.90,true,1,
3211209970859,false,יין קמברה קברנה סוביניון 1 ליטר,קמברה,,יין קמברה קברנה סובי,Unknown,0.00,Unknown,false,1,39.90,39.90,true,1,
3211209972174,false,"יין לה קלנדיירס 750 מ""ל",,,יין לה קלנדיירס 750,Unknown,0.00,Unknown,false,1,41.90,41.90,true,1,
3211209973348,false,"יין לאודלה מרסלן סירה 750 מ""ל",,FR,יין לאודלה מרסלן סיר,מיליליטרים,750.00,"100 מ""ל",false,1,49.90,6.65,true,1,
3211209987550,false,שאטו קבלייר רוזה קוט דה פרובאנס 750,,,שאטו קבלייר רוזה קוט,Unknown,0.00,Unknown,false,1,70.90,70.90,true,1,
3211209990826,false,"יין לאודלה שרדונה 750 מ""ל",,FR,יין לאודלה שרדונה 75,מיליליטרים,750.00,"100 מ""ל",false,1,49.90,6.65,true,1,
3211209990833,false,"יין לאודלה לה פטיט לבן 750 מ""ל",,FR,יין לאודלה לה פטיט ל,מיליליטרים,750.00,"100 מ""ל",false,1,38.90,5.19,true,1,
3211209999553,false,"יין לאודלה קברנה סוביניון 750 מ""ל",,FR,יין לאודלה קברנה סוב,מיליליטרים,750.00,"100 מ""ל",false,1,49.90,6.65,true,1,
3211209999584,false,"יין לאודלה מרלו 750 מ""ל",,FR,יין לאודלה מרלו 750,מיליליטרים,750.00,"100 מ""ל",false,1,49.90,6.65,true,1,
3256760106408,false,פלשארד בסגנון פטה 500 גר,,,פלשארד בסגנון פטה 50,גרמים,500.00,100 גרם,false,1,13.50,2.70,true,1,
3256761201003,false,פלשארד בסגנון פטה מעודנת 500 גר קרטונית,,,פלשארד בסגנון פטה מע,גרמים,500.00,100 גרם,false,1,13.50,2.70,true,1,
3257150100204,false,"קוניאק צרפתי מיוקוב 700 מ""ל V.S",,,קוניאק צרפתי מיוקוב,מיליליטרים,700.00,"100 מ""ל",false,1,157.90,22.56,true,1,
3257150101119,false,"מארז קוניאק מיוקוב 5 כוכבים 700 מ""ל",,,מארז קוניאק מיוקוב 5,מיליליטרים,700.00,"100 מ""ל",false,1,178.90,25.56,true,1,
3257150102017,false,"ליקר קוניאק מיוקוב אקספרסו 700 מ""ל",,,ליקר קוניאק מיוקוב א,מיליליטרים,700.00,"100 מ""ל",false,1,129.90,18.56,true,1,
3263280106429,false,"קוארפו קוקטייל מוחיטו 750 מ""ל",,,קוארפו קוקטייל מוחיט,מיליליטרים,750.00,"100 מ""ל",false,1,68.90,9.19,true,1,
3272770003148,false,שברו עיזים טבעי 150 גר,,,שברו עיזים טבעי 150,גרמים,150.00,100 גרם,false,1,27.90,18.60,true,1,
3276210001114,false,"יין דומיין לה פרייר סאנסר 750 מ""ל",,FR,יין דומיין לה פרייר,מיליליטרים,750.00,"100 מ""ל",false,1,109.90,14.65,true,1,
3276210810105,false,יין לה פטיט פרייר סוביניון בלאן 750 מל,,,יין לה פטיט פרייר סו,Unknown,0.00,Unknown,false,1,52.90,52.90,true,1,
3276210811102,false,יין אדום יבש פינו נואר 750 מל,,,יין לה פטיט פרייר יב,Unknown,0.00,Unknown,false,1,52.90,52.90,true,1,
3276210812109,false,יין לה פטיט פרייר פינו נואר רוזה 750 מל,,,יין לה פטיט פרייר פי,Unknown,0.00,Unknown,false,1,52.90,52.90,true,1,
3335121604934,false,חרדל דיגון 370 גרם (חלק),,,חרדל דיגון 370 גרם (,גרמים,370.00,100 גרם,false,1,11.90,3.22,true,1,
3335121614933,false,חרדל דיגון 370 גרם (גרגירים),,,חרדל דיגון 370 גרם (,גרמים,370.00,100 גרם,false,1,15.30,4.14,true,1,
3412290023640,false,אמנטל צרפתי ארוז 250 גר,,,אמנטל צרפתי ארוז 250,גרמים,250.00,100 גרם,false,1,29.30,11.72,true,1,
3415581114126,false,גלידה האגן דאז קרמל מלוח 430 גרם,,,גלידה האגן דאז קרמל,גרמים,430.00,100 גרם,false,1,26.90,6.26,true,1,
3415581117110,false,"האגן דאז שמנת קרמל ובסקוויטים 500 מ""ל",,,גלידה האגן דאז שמנת,מיליליטרים,500.00,"100 מ""ל",false,1,26.90,5.38,true,1,
3445850070778,false,"מלח ים אטלנטי טבעי אורגני 1 ק""ג",,,מלח ים אטלנטי טבעי א,גרמים,1000.00,100 גרם,false,1,27.80,2.78,true,1,
3451276001012,false,"יין גופרואה פטיט שאבלי 750 מ""ל",,FR,יין גופרואה פטיט שאב,מיליליטרים,750.00,"100 מ""ל",false,1,94.90,12.65,true,1,
3504105027179,false,מוסטלה קרם הפעולה הכפולה לסימני מתיחה,,,מוסטלה קרם הפעולה הכ,Unknown,0.00,Unknown,false,1,129.90,129.90,true,1,
3523230025652,false,מיני בושה עם שום ועשי תיבול 125 גר,,,גבינה מיני בושה,גרמים,125.00,100 גרם,false,1,25.90,20.72,true,1,
3523230026826,false,גבינה עיזים למריחה פירמידה 140 גר,,,גבינה עיזים למריחה פ,גרמים,140.00,100 גרם,false,1,25.90,18.50,true,1,
3563490014898,false,חרדל לחיץ ריין דיזיון 265 גרם,,,חרדל לחיץ ריין דיזיו,גרמים,265.00,100 גרם,false,1,15.40,5.81,true,1,
3574661552811,false,מגן תחתון קרפרי כותון אוורירי 56 יח,,IT,מגן תחתון קרפרי כותו,Unknown,0.00,Unknown,false,1,26.50,26.50,true,1,
3608580075646,false,קונפיטורה בטעם שזיפים 370 גר BONNE MAMAN,,,קונפיטורה בטעם שזיפי,גרמים,370.00,100 גרם,false,1,21.90,5.92,true,1,
3608580730231,false,קונפיטורה בטעם תות 370 גר BONNE MAMAN,,,קונפיטורה בטעם תות 3,גרמים,370.00,100 גרם,false,1,21.90,5.92,true,1,
3608580730255,false,קונפיטורה בטעם משמש 370 גר BONNE MAMAN,,,קונפיטורה בטעם משמש,גרמים,370.00,100 גרם,false,1,21.90,5.92,true,1,
3608580730279,false,מרמלדת תפוזים 370 גר BONNE MAMAN,,,מרמלדת תפוזים 370 גר,גרמים,370.00,100 גרם,false,1,21.90,5.92,true,1,
3608580730286,false,קונפיטורה ארבע פירות 370 גר BONNE MAMAN,,FR,קונפיטורה ארבע פירות,גרמים,370.00,100 גרם,false,1,21.90,5.92,true,1,
3608580730323,false,קונפיטורה בטעם פטל 370 גר BONNE MAMAN,,,קונפיטורה בטעם פטל 3,גרמים,370.00,100 גרם,false,1,21.90,5.92,true,1,
3760291950145,false,"יין שאטו פיגודה רוזה לה שאפל 750 מ""ל",,,יין שאטו פיגודה רוזה,מיליליטרים,750.00,"100 מ""ל",false,1,76.90,10.25,true,1,
3800020411957,false,נסטלה-קיט קט צאנקי רביעייה 4*40 גר,,,נסטלה-קיט קט צאנקי ר,גרמים,160.00,100 גרם,false,1,12.50,7.81,true,1,
3800093581243,false,טימס לחמניות באנס ריבת דובדבנים  300 גרם,,BG,טימס לחמניות באנס רי,גרמים,270.00,100 גרם,false,1,11.90,4.41,true,1,
4000161050209,false,נידרגר מרציפן מצופה שוקולד 75 גר,,,נידרגר מרציפן מצופה,גרמים,75.00,100 גרם,false,1,26.70,35.60,true,1,
4000161050223,false,נידרגר מרציפן מצופה שוקולד 75 גר,,,נידרגר מרציפן מצופה,גרמים,75.00,100 גרם,false,1,26.70,35.60,true,1,
4000161050728,false,נידרגר מרציפן במילוי נוגט ואגוזים 75 גר,,,נידרגר מרציפן במילוי,גרמים,75.00,100 גרם,false,1,26.70,35.60,true,1,
4000161060116,false,נידרגר שוקולד מריר במילוי מרציפן 110 גר,,,נידרגר שוקולד מריר ב,גרמים,110.00,100 גרם,false,1,21.90,19.91,true,1,
4000161060147,false,נידרגר שוקולד חלב במילוי מרציפן 110 גר,,,נידרגר שוקולד חלב במ,גרמים,110.00,100 גרם,false,1,21.90,19.91,true,1,
4000161060161,false,נידרגר שוק.מריר וגינגיר מילוי מרציפן 110,,,נידרגר שוק.מריר וגינ,גרמים,110.00,100 גרם,false,1,21.90,19.91,true,1,
4000161060260,false,נידרגר שוק.מריר במילוי מרציפן תפוז 110 ג,,,נידרגר שוק.מריר במיל,גרמים,110.00,100 גרם,false,1,21.90,19.91,true,1,
4000161060901,false,נידרגר מרציפן שחור&לבן 110 ג,,,נידרגר מרציפן שחור&ל,גרמים,110.00,100 גרם,false,1,21.90,19.91,true,1,
4000161090106,false,נידרגר לבבות מרציפן בציפוי שוקולד 125 גר,J.G Niederegger Gmbh.Co.Kg,DE,נידרגר לבבות מרציפן,גרמים,125.00,100 גרם,false,1,39.90,31.92,true,1,
4000161200116,false,נידרגר מרציפן קלאסי בטעמים 100 גרם,,DE,נידרגר מרציפן בטעמים,גרמים,100.00,100 גרם,false,1,33.90,33.90,true,1,
4000161210214,false,נידרגר-לבבות שוקולד חלב נוגט 125 גר,J.G Niederegger Gmbh.Co.Kg,DE,נידרגר-לבבות שוקולד,גרמים,125.00,100 גרם,false,1,39.90,31.92,true,1,
4000161850335,false,נידרגר-אבקת שוקו בטעם מרציפן 250 גר,J.G Niederegger Gmbh.Co.Kg,DE,נידרגר-אבקת שוקו בטע,גרמים,250.00,100 גרם,false,1,39.90,15.96,true,1,
4000417019004,false,שוקולד RITTER SPORT אגוזים 100 גרם,,,שוקולד RITTER SPORT,גרמים,400.00,100 גרם,false,1,11.90,2.98,true,1,
4000417025005,false,שוקולד ריטר ספורט מרצפן 100 גרם,,,שוקולד RITTER SPORT,גרמים,100.00,100 גרם,false,1,9.90,9.90,true,1,
4000417026002,false,שוקולד ריטר ספורט נוגט 100 גרם,,,שוקולד ריטר ספורט נו,גרמים,100.00,100 גרם,false,1,9.90,9.90,true,1,
4000417211002,false,ריטר ספורט מוס קרמל ושברי שקדים 100 גרם,,,ריטר ספורט מוס קרמל,גרמים,100.00,100 גרם,false,1,9.90,9.90,true,1,
4000417212009,false,שוקולד ריטר ספורט שקדים וקליפות תפוז 100,,DE,שוקולד ריטר ספורט שק,גרמים,100.00,100 גרם,false,1,9.90,9.90,true,1,
4000417224002,false,שוקולד RITTER SPORT מריר אגוזים  100 גרם,,,שוקולד RITTER SPORT,גרמים,100.00,100 גרם,false,1,11.90,11.90,true,1,
4000417294005,false,שוקולד ריטר ספורט מוס קקאו 100 גרם,,,שוקולד RITTER SPORT,גרמים,100.00,100 גרם,false,1,9.90,9.90,true,1,
4000417707000,false,שוקולד RITTER SPORT שקדים 100 גרם,,,ריטר ספורט חלב קשיו,גרמים,100.00,100 גרם,false,1,11.90,11.90,true,1,
4000417708007,false,ריטר ספורט מריר שקד,,,ריטר ספורט מריר שקד,גרמים,100.00,100 גרם,false,1,11.90,11.90,true,1,
4000504149324,false,גבינת רוגט גרמני 125 גרם,,DE,גבינת רוגט גרמני 125,גרמים,125.00,100 גרם,false,0,24.00,19.20,true,1,
4000504149423,false,גבינת קמבוזולה 125 גרם,,DE,גבינת קמבוזולה 125 ג,גרמים,125.00,100 גרם,false,1,23.00,18.40,true,1,
4000512363729,false,טרולי גלוזר ממתק גלי ממולא 75 גרם,,,טרולי גלוזר ממתק גלי,גרמים,75.00,100 גרם,false,1,15.90,21.20,true,1,
4000539280726,false,שוקולד לינדט אקסלנס מילד 70% 100 גר,,DE,שוקולד לינדט אקסלנס,גרמים,100.00,100 גרם,false,1,10.00,10.00,true,1,
4000539280740,false,שוקולד לינדט אקסלנס 78% 100 גר,,DE,שוקולד לינדט אקסלנס,גרמים,100.00,100 גרם,false,1,17.90,17.90,true,1,
4000539363108,false,שוקולד לינדור סטיקס 38 גרם,,,שוקולד לינדור סטיקס,גרמים,38.00,100 גרם,false,1,8.30,21.84,true,1,
4000799110641,false,פולי קפה בריסטה אורגני מאונט האגן 500 ג,,DE,פולי קפה בריסטה אורג,גרמים,500.00,100 גרם,false,1,79.90,15.98,true,1,
4000799136894,false,קפה נמס אורגני מ.בהקפה 100 גר מאנט האגן,,,קפה נמס אורגני מ.בהק,גרמים,100.00,100 גרם,false,1,36.90,36.90,true,1,
4001518003800,false,מקלות פריכים מלח ופלפל 125 גר TOURINOS,,,מקלות פריכים מלח ופל,גרמים,125.00,100 גרם,false,1,18.60,14.88,true,1,
4001638088381,false,וולדה שפתון Everon,,,וולדה שפתון Everon,Unknown,0.00,Unknown,false,1,35.90,35.90,true,1,
4001638095235,false,דאודורנט לימון 24 שע,,,דאודורנט לימון 24 שע,מיליליטרים,50.00,"100 מ""ל",false,1,41.90,83.80,true,1,
4001638096614,false,קרם לחות קלנדולה לתי,,,קרם לחות קלנדולה לתי,מיליליטרים,50.00,"100 מ""ל",false,1,47.90,95.80,true,1,
4001638098946,false,סבון קלנדולה 100 גרם,,,סבון קלנדולה 100 גרם,גרמים,100.00,100 גרם,false,1,34.90,34.90,true,1,
4002103250487,false,"בירה ארדינגר בהירה 500 מ""ל בקבוק",,,בירה ארדינגר בהירה 5,מיליליטרים,500.00,"100 מ""ל",false,1,12.90,2.58,true,1,
4002103289449,false,בירה ארדינגר ללא אלכוהול 330 מל,,,בירה ארדינגר 0% אלכו,מיליליטרים,330.00,"100 מ""ל",false,1,6.90,2.09,true,1,
4004591131316,false,"בירה קייזרדום חיטה 6*330 מ""ל בקבוק",,,בירה קייזרדום חיטה,מיליליטרים,1980.00,"100 מ""ל",false,1,37.90,1.91,true,1,
4004666042004,false,מלרוד מרסס לעובש,,,מלרוד מרסס לעובש,Unknown,0.00,Unknown,false,1,33.50,33.50,true,1,
4006298014206,false,"בירה טוכר הלס הפוויצן פחית 500 מ""ל",,DE,בירה טוכר הלס הפוויצ,מיליליטרים,500.00,"100 מ""ל",false,1,11.90,2.38,true,1,
4006298207912,false,"בירה סבאלדוס 500 מ""ל",,,"בירה סבאלדוס 500 מ""ל",מיליליטרים,500.00,"100 מ""ל",false,1,14.90,2.98,true,1,
4006387085407,false,פילטר מקסטרה+ שלישייה,,,פילטר מקסטרה+ שלישיי,Unknown,0.00,Unknown,false,1,139.00,139.00,true,1,
4006387097370,false,קנקן בריטה סטייל,,DE,קנקן בריטה סטייל,Unknown,0.00,Unknown,false,1,169.00,169.00,true,1,
4007745058804,false,מיונז אורגני 350 גרם,,,מיונז אורגני 350 גרם,גרמים,350.00,100 גרם,false,1,23.90,6.83,true,1,
4008287051032,false,"בירה קרובמאכר 500מ""ל",,DE,בירה קרומבאכר פילס,מיליליטרים,500.00,"100 מ""ל",false,1,10.90,2.18,true,1,
4009300002291,false,הרבה תיוני תה היביסקוס 20 יח 30 גר,,,הרבה תיוני תה היביסק,גרמים,30.00,100 גרם,false,1,7.90,26.33,true,1,
4009300522935,false,פומפדור תה ירוק עם לימונית ולואיזה,,,פומפדור תה ירוק עם ל,Unknown,0.00,Unknown,false,1,24.50,24.50,true,1,
4009300524588,false,תה חליטת פומפדור פירות יער 20 יח,,,תה חליטת פומפדור פיר,Unknown,0.00,Unknown,false,1,18.90,18.90,true,1,
4009300524625,false,תה צאי מסאלה 20 יח,,,תה צאי מסאלה 20 יח,Unknown,0.00,Unknown,false,1,16.90,16.90,true,1,
4009300525684,false,תה חליטת פומפדור לימון וגינגיר 20 יח,,,תה חליטת פומפדור לימ,Unknown,0.00,Unknown,false,1,18.90,18.90,true,1,
4009300528845,false,"פומפדור  תה ירוק עם לימונית דבש 30 מ""ל",,,פומפדור  תה ירוק עם,מיליליטרים,30.00,"100 מ""ל",false,1,24.50,81.67,true,1,
4009300530107,false,פומפדור חליטה קרה תות שדה ותפוז 45 גרם,,,פומפדור חליטה קרה תו,גרמים,45.00,100 גרם,false,1,16.90,37.56,true,1,
4009300530121,false,פומפדור חליטה קרה אפרסק פסיפלורה 45 גר,,,פומפדור חליטה קרה אפ,גרמים,45.00,100 גרם,false,1,16.90,37.56,true,1,
4009309114346,false,"מלפפונים ללת""ס אורגניים בחומץ 670 גר",,,"מלפפונים ללת""ס אורגנ",גרמים,670.00,100 גרם,false,1,25.50,3.81,true,1,
4009309114407,false,מלפפונים אורגניים בחומץ 670 גר,,,מלפפונים אורגניים,גרמים,670.00,100 גרם,false,1,25.50,3.81,true,1,
4009309742426,false,רסק תפוח מנגו אורגני 700 גר נטורפוד,,,רסק תפוח מנגו אורגני,גרמים,700.00,100 גרם,false,1,19.90,2.84,true,1,
4009900379564,false,הובה בובה טייפ פירות,,,הובה בובה טייפ פירות,Unknown,0.00,Unknown,false,1,9.10,9.10,true,1,
4009900403023,false,מסטיק אורביט WHITE בטעם מנטה,,,מסטיק אורביט WHITE ב,Unknown,0.00,Unknown,false,1,11.90,11.90,true,1,
4009900420129,false,מסטיק אורביט פרופשיונל פפרמינט בקבוקון,,PL,מסטיק אורביט פרופשיו,Unknown,0.00,Unknown,false,1,11.90,11.90,true,1,
4009900455299,false,סקיטלס פירות 174 גרם,,,סקיטלס פירות 174 גרם,גרמים,174.00,100 גרם,false,1,10.90,6.26,true,1,
4009900465304,false,סקיטלס פירות חמוצים 174 גרם,,,סקיטלס פירות חמוצים,גרמים,174.00,100 גרם,false,1,10.90,6.26,true,1,
4009900482417,false,מסטיק אורביט באבל מינט בקבוקון,,,מסטיק אורביט באבל מי,Unknown,0.00,Unknown,false,1,11.90,11.90,true,1,
4009900531122,false,מסטיק אורביט פרופשיונל ספירמינט בקבוקון,,PL,מסטיק אורביט פרופשיו,Unknown,0.00,Unknown,false,1,11.90,11.90,true,1,
4009900535519,false,אורביט רפרשרס ספירמינט  אישית   15.6 גר,,PL,אורביט רפרשרס ספירמי,גרמים,16.00,100 גרם,false,1,4.50,28.13,true,1,
4009900539340,false,סקיטלס גיינט סאוור 141 גר,,,סקיטלס גיינט סאוור 1,גרמים,141.00,100 גרם,false,1,10.90,7.73,true,1,
4009900539685,false,מסטיק פייב באונס מנטה בקבוקון 61.8 גר,,,מסטיק פייב באונס מנט,גרמים,62.00,100 גרם,false,1,12.90,20.81,true,1,
4009900539746,false,מסטיק פייב באונס אבטיח בקבוקון 61.8 גר,,,מסטיק פייב באונס אבט,גרמים,62.00,100 גרם,false,1,12.90,20.81,true,1,
4010442413357,false,פארמרס רצועות מנגו אורגני מיובשות 200 גר,,DE,פארמרס רצועות מנגו,גרמים,100.00,100 גרם,false,1,26.90,26.90,true,1,
4010492052629,false,אתנה סטיק רך לחתול עם עופות וכבד 10יח,,,אתנה סטיק רך לחתול ע,גרמים,50.00,100 גרם,false,1,15.90,31.80,true,1,
4010492961723,false,אתנה סטיק סלמון,,,אתנה סטיק סלמון,Unknown,0.00,Unknown,false,1,15.90,15.90,true,1,
4011800290030,false,חטיף חלבון קורני שוקו 50 גר,,CZ,חטיף חלבון קורני שוק,גרמים,50.00,100 גרם,false,1,8.90,17.80,true,1,
4011800290054,false,חטיף חלבון קורני קוקוס 50 גר,,CZ,חטיף חלבון קורני קוק,גרמים,50.00,100 גרם,false,1,8.90,17.80,true,1,
4011800528416,false,קורני בייס סויט & סולט 6 יח 150 גר,,DE,קורני בייס סויט & סו,גרמים,150.00,100 גרם,false,1,13.90,9.27,true,1,
4011800567613,false,קורני מילק דארק וואיט 4 יח 120 גר,,DE,קורני מילק דארק וואי,גרמים,120.00,100 גרם,false,1,13.90,11.58,true,1,
4011800568610,false,קורני מילק קלאסיק 4 יח 120 גר,,DE,קורני מילק קלאסיק 4,גרמים,120.00,100 גרם,false,1,13.90,11.58,true,1,
4011800617615,false,קורני ביג שוקו 50 גר,,DE,קורני ביג שוקו 50 גר,גרמים,50.00,100 גרם,false,1,5.50,11.00,true,1,
4011800618315,false,קורני ביג דארק & וואיט 40 גר,,DE,קורני ביג דארק & ווא,גרמים,50.00,100 גרם,false,1,5.50,11.00,true,1,
4011800628512,false,חטיף קורני שוקולד חלב 6 יח 150 גר,,DE,חטיף קורני שוקולד חל,גרמים,150.00,100 גרם,false,1,13.90,9.27,true,1,
4011800629519,false,קורני בייס נאטס 150 גר 6 יח 150 גר,,DE,קורני בייס נאטס 150,גרמים,150.00,100 גרם,false,1,13.90,9.27,true,1,
4011800630515,false,חטיף קורני שוקולד חלב ובננה 6 יח 150 גר,,DE,חטיף קורני שוקולד חל,גרמים,150.00,100 גרם,false,1,13.90,9.27,true,1,
4014303119983,false,הלורן-בונ. פרלין ק. קרמל ומלח ים 125 גרם,,,הלורן-בונ. פרלין ק.,גרמים,125.00,100 גרם,false,1,10.00,8.00,true,1,
4014400901191,false,בונבוניירה מרסי 250 גרם,,,בונבוניירה מרסי 250,גרמים,250.00,100 גרם,false,1,31.90,12.76,true,1,
4014400907902,false,סוכריות וורטר בוקס ללא סוכר 42 גר,,,סוכריות וורטר בוקס ל,Unknown,0.00,Unknown,false,1,8.50,8.50,true,1,
4014400910063,false,סוכריות וורטר אורגינל שקית 135 גרם,,,סוכריות וורטר אורגינ,גרמים,135.00,100 גרם,false,1,14.60,10.81,true,1,
4014400914252,false,מרסי שוקולד חלב אגוזי לוז ושקדים 100 גר,,,מרסי שוקולד חלב אגוז,גרמים,100.00,100 גרם,false,1,11.90,11.90,true,1,
4014400914269,false,מרסי שוקולד חלב עם קפה ושוקול לבן 100 גר,,,מרסי שוקולד חלב עם ק,גרמים,100.00,100 גרם,false,1,11.90,11.90,true,1,
4014400914276,false,טבלת מרסי שוקולד מריר מעולה 100 גרם,,,טבלת מרסי שוקולד מרי,גרמים,100.00,100 גרם,false,1,11.90,11.90,true,1,
4014400914696,false,סוכריות חמאה וורטר אור ללא סוכר 80 גרם,,,סוכריות חמאה וורטר א,Unknown,0.00,Unknown,false,1,10.90,10.90,true,1,
4014400923711,false,טופיפי 125 גרם כשלפ,,,טופיפי 125 גרם,גרמים,125.00,100 גרם,false,1,13.90,11.12,true,1,
4014400925319,false,וורטר פופקורן קרמל 140 גר,,DE,וורטר פופקורן קרמל 1,גרמים,140.00,100 גרם,false,1,16.90,12.07,true,1,
4015000031394,false,"ספטיל להסרת כתמים 200 מ""ל",,,ספטיל להסרת כתמים 20,מיליליטרים,200.00,"100 מ""ל",false,1,19.80,9.90,true,1,
4015400564034,false,אולדייז מגה פק לונג פלוס 58 יח,,,אולדייז מגה פק לונג,Unknown,0.00,Unknown,false,1,19.90,19.90,true,1,
4015400690405,false,טמפונים פרל סופר טמפקס קומפאק 18 יח,,,טמפונים פרל סופר טמפ,Unknown,0.00,Unknown,false,1,29.50,29.50,true,1,
4015400690498,false,טמפונים פרל סופר פלוס טמפקס קומפאק 18 יח,,,טמפונים פרל סופר פלו,Unknown,0.00,Unknown,false,1,29.50,29.50,true,1,
4015400731719,false,תחבושות אולוויז כפול לילה 20 יח,,,תחבושות אולוויז כפול,Unknown,0.00,Unknown,false,1,21.90,21.90,true,1,
4015400755241,false,תחבושות אולוויז וליו פק נורמל+ 28 יח,,,תחבושות אולוויז וליו,Unknown,0.00,Unknown,false,1,21.90,21.90,true,1,
4015400755487,false,תחבושות אולוויז וליו פק לונג+  24 יח,,,תחבושות אולוויז וליו,Unknown,0.00,Unknown,false,1,21.90,21.90,true,1,
4015600762780,false,"הד&שולדרס 2 ב 1 קלאסי 500 מ""ל",,,הד&שולדרס 2 ב 1 500,מיליליטרים,500.00,"100 מ""ל",false,1,24.90,4.98,true,1,
4015600807436,false,דאו גל 75 מל CW-PB,,,דאו גילט גל לגבר 75,מיליליטרים,75.00,"100 מ""ל",false,1,22.90,30.53,true,1,
4018722102656,false,ספגטי כוסמין אורגני 500 גרם,,,ספגטי כוסמין אורגני,גרמים,500.00,100 גרם,false,1,17.90,3.58,true,1,
4018722303459,false,מקרוני כוסמין אורגני 250 גרם,,,מקרוני כוסמין אורגני,גרמים,250.00,100 גרם,false,1,13.80,5.52,true,1,
4022025000137,false,יין בלו נאן גוורצטרמינר 750 מל,,,יין בלו נאן גוורצטרמ,Unknown,0.00,Unknown,false,1,52.90,52.90,true,1,
4022025372036,false,"בלו נאן מבעבע יבש מהדורת הזהב 750 מ""ל",,,בלו נאן זהב מבעבע 75,Unknown,0.00,Unknown,false,1,52.90,52.90,true,1,
4022025379035,false,"בלו נאן רוזה מבעבע 750 מ""ל",,,בלו נאן רוזה מבעבע 7,Unknown,0.00,Unknown,false,1,52.90,52.90,true,1,
4023800122105,false,מרציפן לא מצופה 82 גרם,,DE,מרציפן לא מצופה 82 ג,גרמים,82.00,100 גרם,false,1,8.50,10.37,true,1,
4023800201909,false,שוקולד מריר מרציפן שלוקוורדר 100 גר,,,שוקולד מריר מרציפן ש,גרמים,100.00,100 גרם,false,1,8.90,8.90,true,1,
4023800601907,false,שוקולד חלב קרם קפה שלוקוורדר 100 גר,,,שוקולד חלב קרם קפה ש,גרמים,100.00,100 גרם,false,1,8.90,8.90,true,1,
4025700001962,false,שוקולד לבן מילקה 100 ג,,,שוקולד לבן מילקה 100,גרמים,100.00,100 גרם,false,1,7.90,7.90,true,1,
4030300022064,false,וויקס סוכריות עם דובדבן ואוקליפ ללא סוכר,,,וויקס סוכריות עם דוב,גרמים,72.00,100 גרם,false,1,13.90,19.31,true,1,
4030300022088,false,וויקס סוכריות לימון ומנטה ללא סוכר,,,וויקס סוכריות לימון,גרמים,72.00,100 גרם,false,1,13.90,19.31,true,1,
4032900112824,false,כאמל קומפקט תכלת חפיסה,,,כאמל קומפקט תכלת חפי,Unknown,0.00,Unknown,false,1,26.50,26.50,true,1,
4032900124254,false,ווינסטון קומפלקט ברי PP חפיסה,,,ווינסטון קומפלקט ברי,Unknown,0.00,Unknown,false,1,28.50,28.50,true,1,
4033100014529,false,LD  סלימס,,,LD  סלימס בודד,Unknown,0.00,Unknown,false,1,25.90,25.90,true,1,
4033100024146,false,ווינסטון CODE חפיסה,,,ווינסטון CODE חפיסה,יחידה,1.00,יחידה,false,1,30.90,30.90,true,1,
4033100024252,false,ווינסטון AQUA חפיסה,,,ווינסטון AQUA חפיסה,יחידה,1.00,יחידה,false,1,30.90,30.90,true,1,
4044889000054,false,ויואני-שוקולד אורגני מריר 85% 100 גר,,,ויואני-שוקולד אורגני,גרמים,100.00,100 גרם,false,1,19.90,19.90,true,1,
4044889000078,false,ויואני שוק.חלב אגוזים שלמים אורגני 100 ג,,,ויואני שוק.חלב אגוזי,גרמים,100.00,100 גרם,false,1,23.90,23.90,true,1,
4044889002119,false,ויואני אורגני מריר 70% עם חמוציות 100 גר,,,ויואני אורגני מריר 7,גרמים,100.00,100 גרם,false,1,22.90,22.90,true,1,
4044889002522,false,ויואני בר שוקולד מריר עם דובדבן שחור,,,ויואני בר שוקולד מרי,גרמים,35.00,100 גרם,false,1,10.50,30.00,true,1,
4044889002539,false,ויואני בר שוקולד אורגני תפוז שקד 35 גר,,,ויואני בר שוקולד אור,גרמים,35.00,100 גרם,false,1,9.90,28.29,true,1,
4044889002546,false,ויואני בר שוקולד לבן אורגני עם נוגט 35 ג,,,ויואני בר שוקולד לבן,גרמים,35.00,100 גרם,false,1,10.50,30.00,true,1,
4044889002553,false,ויואני בר שוק.מריר אורגני נוגט קרוקנט 35,,,ויואני בר שוק.מריר א,גרמים,35.00,100 גרם,false,1,9.90,28.29,true,1,
4049366002613,false,"ארנסט לודוויג ריזלינג מתוק 750 מ""ל",,,ארנסט לודוויג ריזלינ,Unknown,0.00,Unknown,false,1,48.90,48.90,true,1,
4049366002620,false,"ארנסט לודוויג ריזלינג מתוק 750 מ""ל",,,ארנסט לודוויג ריזלינ,Unknown,0.00,Unknown,false,1,46.90,46.90,true,1,
4049366003429,false,ארנסט לודוויג גוורצטרמינר 750 מל,,,ארנסט לודוויג גוורצט,Unknown,0.00,Unknown,false,1,48.90,48.90,true,1,
4052197000017,false,"בירה בנדיקטינר חיטה לא מסוננת 500 מ""ל",,,בירה בנדיקטינר חיטה,מיליליטרים,500.00,"100 מ""ל",false,1,12.90,2.58,true,1,
4052197000369,false,שישיית בירה בנדיקטינר חיטה 330 מל*6,,,שישיית בירה בנדיקטינ,מיליליטרים,1980.00,"100 מ""ל",false,1,50.90,2.57,true,1,
4052197002806,false,"מארז בירה בנדיקטינר 4*500 מ""ל פחית",,,מארז בירה בנדיקטינר,מיליליטרים,2000.00,"100 מ""ל",false,1,37.90,1.90,true,1,
4052197004466,false,"מארז בירה בנדיקטינר דונקל 4*500 מ""ל פחית",,,מארז בירה בנדיקטינר,מיליליטרים,2000.00,"100 מ""ל",false,1,37.90,1.90,true,1,
4056489379508,false,קונטיננטל-ביסקויט סנדוויץ עם קרם חלב 250,,,קונטיננטל-ביסקויט סנ,גרמים,250.00,100 גרם,false,1,5.90,2.36,true,1,
4056489379515,false,קונטיננטל-ביסקויט סנדוויץ עם קרם שוק 250,,,קונטיננטל-ביסקויט סנ,גרמים,250.00,100 גרם,false,1,5.90,2.36,true,1,
4061445096726,false,קפה דוידוף מגורען 100 גר RICH AROMA,,CO,קפה דווידוף ריץ ארומ,גרמים,100.00,100 גרם,false,1,23.90,23.90,true,1,
4062400543125,false,"טקילה סיירה רפוסאדו 700 מ""ל",,,טקילה סיירה רפוסאדו,מיליליטרים,700.00,"100 מ""ל",false,1,99.90,14.27,true,1,
4062432001709,false,זנטיס מרציפן במילוי קרם שקדים 40 גרם,,DE,זנטיס מרציפן במילוי,Unknown,40.00,Unknown,false,1,6.90,0.17,true,1,
4066600601920,false,"בירה פאולנר 500 מ""ל פחית",,DE,"בירה פאולנר 500 מ""ל",מיליליטרים,500.00,"100 מ""ל",false,1,12.90,2.58,true,1,
4066600612049,false,"בירה פאולנר אורטובר פאסט 500 מ""ל בקובק",,,בירה פאולנר אורטובר,מיליליטרים,500.00,"100 מ""ל",false,1,11.90,2.38,true,1,
4066600999614,false,"בירה פאולנר חיטה 500 מ""ל בקובק",,,בירה פאולנר חיטה 500,מיליליטרים,500.00,"100 מ""ל",false,1,12.90,2.58,true,1,
4067700014849,false,"יוגרמייסטר 700 מ""ל",,,"ייגרמייסטר 700 מ""ל",מיליליטרים,700.00,"100 מ""ל",false,1,94.90,13.56,true,1,
4072700001188,false,"בירה פרנסיסקאנר כהה בקבוק 500 מ""ל",,,בירה פרנסיסקאנר כהה,מיליליטרים,500.00,"100 מ""ל",false,1,13.90,2.78,true,1,
4084500088917,false,"נוזל כלים פיירי לימון 650 מ""ל",,,נוזל כלים פיירי לימו,מיליליטרים,650.00,"100 מ""ל",false,1,10.90,1.68,true,1,
4084500149526,false,גל כביסה טייד 2.48 ליטר,,,גל כביסה טייד 2.48 ל,ליטרים,0.00,ליטר,false,1,28.20,28.20,true,1,
4100130937163,false,בירה בקס שישייה 6*275 מל,,,בירה בקס שישייה 6*27,ליטרים,0.00,ליטר,false,1,34.90,34.90,true,1,
4101940131628,false,"בירה 500 מ""ל STEPHANS BRAU WEISBER",,,"בירה 500 מ""ל STEPHAN",מיליליטרים,500.00,"100 מ""ל",false,1,8.50,1.70,true,1,
4102430003418,false,בירה ביטבורגר פחית  מארז רביעיה 4*500 מ,,DE,בירה ביטבורגר פחית,מיליליטרים,2000.00,"100 מ""ל",false,1,32.90,1.65,true,1,
4105120623941,false,"בירה ויינשטפן  500 מ""ל בקבוק",,,בירה ויינשטפן  500 מ,מיליליטרים,330.00,"100 מ""ל",false,1,13.90,4.21,true,1,
4105120624412,false,"בירה ויינשטפן ויטוס 500 מ""ל",,IL,בירה ויינשטפן ויטוס,מיליליטרים,500.00,"100 מ""ל",false,1,13.90,2.78,true,1,
4250231139956,false,הלורן-רויאל טינס דפדפי פטל 200 גרם,,,הלורן-רויאל טינס דפד,גרמים,200.00,100 גרם,false,1,18.40,9.20,true,1,
4250231139970,false,הלורן-רויאל טינס דפדפי מנגו 200 גרם,,,הלורן-רויאל טינס דפד,גרמים,200.00,100 גרם,false,1,18.40,9.20,true,1,
4250231139994,false,הלורן-רויאל טינס דפדפי דומדמניות 200 גרם,,,הלורן-רויאל טינס דפד,גרמים,200.00,100 גרם,false,1,18.40,9.20,true,1,
4260134390194,false,"בירה קירין איציבאן 330 מ""ל",,,בירה קירין איציבאן 3,מיליליטרים,330.00,"100 מ""ל",false,1,9.90,3.00,true,1,
4260651480019,false,אטריות אדממה אורגני 250 גרם,,,אטריות אדממה אורגני,גרמים,250.00,100 גרם,false,1,21.90,8.76,true,1,
4260651480057,false,אטריות שעועית שחורה אורגני 250 גרם,,,אטריות שעועית שחורה,גרמים,250.00,100 גרם,false,1,21.90,8.76,true,1,
4333465053769,false,יין פרנאווי-סוביניון בלאן ניו זילנד 750,,,יין פרנאווי-סוביניון,Unknown,0.00,Unknown,false,1,88.90,88.90,true,1,
4600068009043,false,קוואס אוצקובסקי 2 ליטר,,,קוואס אוצקובסקי 2 לי,ליטרים,0.00,ליטר,false,1,25.90,25.90,true,1,
4600068009883,false,"קוואס אוצקובסקי 500 מ""ל פחית",,,קוואס אוצקובסקי 500,מיליליטרים,500.00,"100 מ""ל",false,1,9.90,1.98,true,1,
4600080298470,false,שוקולד חלב עם אגוזי לוז 90 גר ALIONKA,,RU,שוקולד חלב עם אגוזי,גרמים,90.00,100 גרם,false,1,8.30,9.22,true,1,
4600080310400,false,סוכריות גריליאז 200 גרם,,,סוכריות גריליאז,גרמים,200.00,100 גרם,false,1,23.90,11.95,true,1,
4600300000739,false,קקאו זולוטוי ירליק 100 גרם,,,קקאו זולוטוי ירליק,גרמים,100.00,100 גרם,false,1,12.90,12.90,true,1,
4600300086863,false,ממתק וופל מצופה מישקה קוס 200 גרם,,,ממתק וופל מצופה,גרמים,200.00,100 גרם,false,1,23.90,11.95,true,1,
4600300088577,false,ממתק שוקולד קארטושקה רוט פרונט 250 גר,,,ממתק שוקולד קארטושקה,גרמים,250.00,100 גרם,false,1,12.50,5.00,true,1,
4600508712762,false,ממתק שוקולד נסלזידניי ממולא קרמל 250 גר,,,ממתק שוקולד נסלזידני,גרמים,250.00,100 גרם,false,1,16.90,6.76,true,1,
4600528359077,false,רוטב מיונז שום שמנת 233 גר ASTORIA,,RU,רוטב מיונז שום שמנת,גרמים,233.00,100 גרם,false,1,10.90,4.68,true,1,
4600528359084,false,רוטס מיונז שמנת פטריות 233 גר ASTORIA,,RU,רוטס מיונז שמנת פטרי,גרמים,233.00,100 גרם,false,1,10.90,4.68,true,1,
4600823197336,false,שוקולד DARX עם אגוזי לוז וצימוקים 100 גר,,,שוקולד DARX עם אגוזי,גרמים,100.00,100 גרם,false,1,9.50,9.50,true,1,
4600823525047,false,סוכריות בלוצקה 200 גרם,,,סוכריות בלוצקה,גרמים,200.00,100 גרם,false,1,23.90,11.95,true,1,
4600851011604,false,מיונז פרובנסל זיתים 390 גרם,,,מיונז פרובנסל זיתים,גרמים,390.00,100 גרם,false,1,11.90,3.05,true,1,
4600851013288,false,"מיונז פרובנסל קלסאסי 800 מ""ל",,,מיונז פרובנסל קלסאסי,גרמים,800.00,100 גרם,false,1,22.90,2.86,true,1,
4601216012991,false,גלידת שמנת שרבט עם אבטיח ומלון בגביע 80,,,גלידת שמנת שרבט,גרמים,80.00,100 גרם,false,1,8.30,10.38,true,1,
4601513007997,false,רולדה קורובקה בטעם חלב מבושל 200 גר,,,רולדה קורובקה בטעם ח,גרמים,200.00,100 גרם,false,1,10.40,5.20,true,1,
4601576004094,false,מיונז מצטה חוזייקי קלאסי רוטב לסלט 466 ג,,,מיונז מצטה חוזייקי ק,מיליליטרים,480.00,"100 מ""ל",false,1,13.50,2.81,true,1,
4601713001054,false,קרקרים בטעם גבינה בצורת דגים 400 גר,,RU,קרקרים בטעם גבינה בצ,גרמים,400.00,100 גרם,false,1,12.90,3.23,true,1,
4601713001719,false,דובשניות טולסקיי פריאניק בטעם חלב 140 גר,,,דובשניות טולסקיי פרי,גרמים,140.00,100 גרם,false,1,7.50,5.36,true,1,
4601713005755,false,מרמלדה תפוח תפוז מלון 250 גר ציודו יגודה,,,מרמלדה תפוח תפוז מלו,גרמים,250.00,100 גרם,false,1,9.50,3.80,true,1,
4601713006813,false,קרקרים וסיולי קליידוסקופ 400 גר,,RU,קרקרים וסיולי קליידו,גרמים,400.00,100 גרם,false,1,12.90,3.23,true,1,
4603928000976,false,"וודקה בלוגה נובל 700 מ""ל",,RU,וודקה בלוגה נובל 700,מיליליטרים,700.00,"100 מ""ל",false,1,134.90,19.27,true,1,
4605246002014,false,תה ויסוקוגורניי ליסט פרינצסה נורי 100 שק,,,תה נסיכה נורי הרים,Unknown,0.00,Unknown,false,1,19.90,19.90,true,1,
4605246004278,false,תה גרינפילד שחור ארל גריי 25 שקי 50 גר,,RU,תה גרינפילד שחור ארל,גרמים,50.00,100 גרם,false,1,13.20,26.40,true,1,
4605246005251,false,תה גרינפילד שחור ספרינג מלודי 25 שקי,,RU,תה גרינפילד שחור ספר,גרמים,38.00,100 גרם,false,1,13.20,34.74,true,1,
4605246007729,false,קפה קלוי שחור לפינזאן  גוקיי 100 גר,,,קפה קלוי שחור לפינזא,גרמים,100.00,100 גרם,false,1,9.90,9.90,true,1,
4605246007842,false,תה טאס פורסט דרים 20 שקיות 1.8 גר,,,תה טאס פורסט דרים 20,Unknown,0.00,Unknown,false,1,14.90,14.90,true,1,
4605246007859,false,תה שלור טס ברי בר 20 שקיקים,,RU,תה שלור טס ברי בר 20,גרמים,36.00,100 גרם,false,1,14.90,41.39,true,1,
4605246007880,false,תה ירוק טאס גינגר מוחיטו 20 שקיות 1.8 גר,,,תה ירוק טאס גינגר מו,Unknown,0.00,Unknown,false,1,14.90,14.90,true,1,
4605246010088,false,תה שלור טס קוסמופוליטן פרטי 20 שקיקים,,RU,תה שלור טס קוסמופולי,גרמים,40.00,100 גרם,false,1,14.90,37.25,true,1,
4605246015274,false,תה שלור טס בלוברי טארט 20 שקיקים,,RU,תה שלור טס בלוברי טא,גרמים,36.00,100 גרם,false,1,14.90,41.39,true,1,
4605504512378,false,עוגיות שמנת 200 גר סורמובסקויה,,,עוגיות שמנת 200 גר ס,גרמים,200.00,100 גרם,false,1,6.50,3.25,true,1,
4605504512620,false,עוגיות ריבת חלב 200 גר סורמובסקויה,,,עוגיות ריבת חלב 200,גרמים,200.00,100 גרם,false,1,6.50,3.25,true,1,
4605504518646,false,זפיר לבן ורוד אקסטרה 280 גרם,,,זפיר לבן ורוד אקסטרה,גרמים,280.00,100 גרם,false,1,12.50,4.46,true,1,
4605561010312,false,חתיכות פילה הרינג עם שמיר בשמן 200 גרם,,,חתיכות פילה הרינג עם,גרמים,200.00,100 גרם,false,1,12.50,6.25,true,1,
4605561011975,false,חתיכות פילה הרינג בשמן 150 גרם,,,חתיכות פילה הרינג בש,גרמים,200.00,100 גרם,false,1,8.90,4.45,true,1,
4605561012613,false,פילה הרינג (קצוץ) בשמן 400 גרם,,,פילה הרינג (קצוץ) בש,גרמים,400.00,100 גרם,false,1,18.80,4.70,true,1,
4605561013009,false,פילה הרינג בשמן 400 גרם,,,פילה הרינג בשמן 400,גרמים,400.00,100 גרם,false,1,18.80,4.70,true,1,
4606598001335,false,תבלין לפלוב מגיה ווסטוקה  15 גרם,,,תבלין לפלוב מגיה ווס,Unknown,0.00,Unknown,false,1,3.90,3.90,true,1,
4606598001427,false,תבלין חמלי-סונלי מגיה ווסטוקה  15 גרם,,,תבלין חמלי-סונלי מגי,Unknown,0.00,Unknown,false,1,3.90,3.90,true,1,
4606598002745,false,תבלין לסולומון מגיה ווסטוקה 15 גרם,,,תבלין לסולומון מגיה,Unknown,0.00,Unknown,false,1,3.90,3.90,true,1,
4606598003612,false,תבלין לכרעיים מגיה ווסטוקה  15 גרם,,,תבלין לכרעיים מגיה ו,Unknown,0.00,Unknown,false,1,3.90,3.90,true,1,
4606598007054,false,תבלין פלפל שחור טחון מגיה ווסטוקה 10 גר,,,תבלין פלפל שחור טחון,Unknown,0.00,Unknown,false,1,3.90,3.90,true,1,
4606598007559,false,תבלין ציפורן שלם מגיה ווסטוקה 10 גר,,,תבלין ציפורן שלם מגי,Unknown,0.00,Unknown,false,1,5.90,5.90,true,1,
4606599009880,false,חלב מרוכז ממותק בתוספת שומן צמחי 1 ליטר,,,חלב מרוכז ממותק בתוס,גרמים,1000.00,100 גרם,false,1,19.60,1.96,true,1,
4607002991235,false,אסורטי עגבניות ומלפפונים 1.8ל דאדיה וניה,,RU,אסורטי עגבניות ומלפפ,ליטרים,0.00,ליטר,false,1,29.90,29.90,true,1,
4607002995752,false,אסורטי עגבניות/מלפפונים דיאדיה וניה 680,,,אסורטי עגבניות/מלפפו,גרמים,680.00,100 גרם,false,1,14.90,2.19,true,1,
4607002999323,false,ממרח חצילים דיאדיה וניה 460 גר,,RU,ממרח חצילים דיאדיה ו,גרמים,460.00,100 גרם,false,1,12.90,2.80,true,1,
4607005409829,false,שוקולד חלב 36% קקאו ללא סוכר 100 גר,,RU,שוקולד חלב 36% קקאו,גרמים,100.00,100 גרם,false,1,9.90,9.90,true,1,
4607012351005,false,גרעיני חמניות מרטין ללא מלח 200 גרם,,,גרעיני חמניות מרטין,גרמים,200.00,100 גרם,false,1,12.90,6.45,true,1,
4607012351999,false,גרעיני חמניות מרטין עם מלח 200 גרם,,,גרעיני חמניות מרטין,גרמים,200.00,100 גרם,false,1,12.90,6.45,true,1,
4607012352095,false,גרעיני חמניות מרטין עם מלח 500 גרם,,,גרעיני חמניות מרטין,גרמים,500.00,100 גרם,false,1,31.50,6.30,true,1,
4607014780551,false,שמן חמניות  מזוכך בלגו 1 ל,,,שמן חמניות  מזוכך בל,מיליליטרים,1000.00,"100 מ""ל",false,1,21.90,2.19,true,1,
4607014782111,false,שמן חמניות לא מזוכך בלגו 1 ל,,,שמן חמניות לא מזוכך,מיליליטרים,1000.00,"100 מ""ל",false,1,21.90,2.19,true,1,
4607014788014,false,שמן קנולה 1 ליטר בית יוסף,,RU,שמן קנולה 1 ליטר בית,מיליליטרים,1000.00,"100 מ""ל",false,1,12.90,1.29,true,1,
4607016240398,false,סולת 700 גרם,,,סולת 700 גרם,גרמים,700.00,100 גרם,false,1,10.90,1.56,true,1,
4607016240893,false,כוסמת אובלקה 800 גרם,,RU,כוסמת אובלקה 800 גרם,גרמים,80000.00,100 גרם,false,1,17.90,0.02,true,1,
4607016245485,false,תבשיל כוסמת אובלקה 5*80 גר,,,תבשיל כוסמת אובלקה 5,גרמים,400.00,100 גרם,false,1,13.90,3.48,true,1,
4607016245805,false,דייסת ש.שועל עם תערובת פירות יער 5*40גר,,,דייסת ש.שועל עם תערו,גרמים,200.00,100 גרם,false,1,14.90,7.45,true,1,
4607025280026,false,קמח חיטה 1 קג,,,"קמח חיטה 1 ק""ג",גרמים,1000.00,100 גרם,false,1,11.90,1.19,true,1,
4607029348166,false,סט עוגות אישיות אישיות מוראווניק 420 גרם,,,סט עוגות אישיות אישי,גרמים,420.00,100 גרם,false,1,25.90,6.17,true,1,
4607037431225,false,זפיר ורוד-לבן 420 גרם NEVA,,,זפיר ורוד-לבן 420 גר,גרמים,420.00,100 גרם,false,1,19.90,4.74,true,1,
4607037431300,false,זפיר וניל 420 גרם NEVA,,,זפיר וניל 420 גרם NE,גרמים,420.00,100 גרם,false,1,19.90,4.74,true,1,
4607037439962,false,זפיר וניל על פרוקטוזה 200 גרם,,,זפיר וניל על פרוקטוז,גרמים,200.00,100 גרם,false,1,19.90,9.95,true,1,
4607041230852,false,צנימים עם צימוקים וסוכר 300 גר POSOLSKIE,,,צנימים עם צימוקים וס,גרמים,300.00,100 גרם,false,1,11.90,3.97,true,1,
4607041232672,false,כעכים מצופים 200 גרם MALUTKA,,,כעכים מצופים 200 גרם,גרמים,200.00,100 גרם,false,1,5.90,2.95,true,1,
4607041232689,false,כעכים עם פרג 200 גרם MALUTKA,,,כעכים עם פרג 200 גרם,גרמים,200.00,100 גרם,false,1,5.90,2.95,true,1,
4607051158672,false,תה פירות יער 20 שקיקים CURTIS,,,תה פירות יער 20 שקיק,Unknown,0.00,Unknown,false,1,15.40,15.40,true,1,
4607065411343,false,פטריות אסורטי פוסולסקי דבור 680 גר,,CN,פטריות אסורטי פוסולס,גרמים,680.00,100 גרם,false,1,17.60,2.59,true,1,
4607065580070,false,איטריות להכנה מהירה קויסטי בקר 70 גר קוי,,,איטריות להכנה מהירה,גרמים,70.00,100 גרם,false,1,3.90,5.57,true,1,
4607084352931,false,עוגיות 360 גר CHOCO-PIE  APPLE,,RU,עוגיות 360 גר CHOCO-,גרמים,360.00,100 גרם,false,1,15.90,4.42,true,1,
4607117890690,false,סוכריות רומשקי 250 גרם,,,סוכריות רומשקי 250 ג,גרמים,250.00,100 גרם,false,1,15.90,6.36,true,1,
4607117890843,false,סוכריות רקוביה שייקה 250 גרם,,,סוכריות רקוביה שייקה,גרמים,250.00,100 גרם,false,1,14.90,5.96,true,1,
4607117891802,false,סוכריות קראקום 250 גרם,,,סוכריות קראקום 250 ג,גרמים,250.00,100 גרם,false,1,20.90,8.36,true,1,
4610082860056,false,דייסה 5 דגנים עם דבש ואגוזים 200 גרם,,,דייסה 5 דגנים עם דבש,גרמים,200.00,100 גרם,false,1,14.90,7.45,true,1,
4620015851884,false,תה ירוק ריצירד רויאל ליימ מינט 20 שקיקים,,,תה ירוק ריצירד רויאל,Unknown,0.00,Unknown,false,1,15.40,15.40,true,1,
4620015852973,false,תה פירות ריצירד 20 שקיקים ROYAL RED,,RU,תה פירות ריצירד 20 ש,Unknown,0.00,Unknown,false,1,15.40,15.40,true,1,
4631143923657,false,שוקולטיה חטיף דגנים ושקדים (תכלת) 200 גר,,RU,שוקולטיה חטיף דגנים,Unknown,200.00,Unknown,false,1,29.90,0.15,true,1,
4660011135120,false,סט עוגות אישיות אישיות ריבת חלב 300 גרם,,,סט עוגות אישיות אישי,גרמים,300.00,100 גרם,false,1,25.90,8.63,true,1,
4699302736920,false,חטיפי פיתה אזאר לבשיקי נקניקיות שום 100ג,אזארוב,,חטיפי פיתה אזאר לבשי,גרמים,100.00,100 גרם,false,1,9.50,9.50,true,1,
4710068001692,false,"מאסטר קפה לאטה 240 מ""ל",,,מאסטר קפה לאטה 240 מ,מיליליטרים,240.00,"100 מ""ל",false,1,8.20,3.42,true,1,
4710068001715,false,"מאסטר קפה טירמיסו 240 מ""ל",,,מאסטר קפה טירמיסו 24,מיליליטרים,240.00,"100 מ""ל",false,1,8.20,3.42,true,1,
4710068002798,false,"מאסטר קפה וונילה 240 מ""ל",,,מאסטר קפה וניל 240 מ,מיליליטרים,240.00,"100 מ""ל",false,1,8.20,3.42,true,1,
4710068002811,false,"מאסטר קפה וונילה  240 מ""ל",,,מאסטר קפה וונילה  24,מיליליטרים,240.00,"100 מ""ל",false,1,8.20,3.42,true,1,
4710068003313,false,"מאסטר קפה אמריקנו 240 מ""ל",,,מאסטר קפה אמריקנו 24,מיליליטרים,240.00,"100 מ""ל",false,1,8.20,3.42,true,1,
4710964170799,false,שומשום שחור קלוי 91 גרם,,,שומשום שחור קלוי 91,גרמים,91.00,100 גרם,false,1,17.90,19.67,true,1,
4711476002813,false,"קפה קר פיפו מוקצינו 240 מ""ל",,TW,קפה קר פיפו מוקצינו,מיליליטרים,240.00,"100 מ""ל",false,1,8.60,3.58,true,1,
4740098079316,false,"סיידר ""FIZZ"" תות שדה 500 מ""ל",,,"סיידר ""FIZZ"" תות שדה",מיליליטרים,500.00,"100 מ""ל",false,1,9.00,1.80,true,1,
4740098098331,false,"קוקטייל בלו לגון אה לה קוק 330 מ""ל",,,קוקטייל בלו לגון אה,מיליליטרים,330.00,"100 מ""ל",false,1,12.90,3.91,true,1,
4740098098393,false,"קוקטייל און דה ביץ  אה לה קוק 330 מ""ל",,,קוקטייל און דה ביץ,מיליליטרים,330.00,"100 מ""ל",false,1,12.90,3.91,true,1,
4750001814743,false,בונבוניירה ורדים אדומים 470 גר LAIMA,,,בונבוניירה ורדים אדו,גרמים,470.00,100 גרם,false,1,43.90,9.34,true,1,
4750001948127,false,אסורטי שוקולד מריר 215 גרם LAIMA,,,אסורטי שוקולד מריר 2,גרמים,215.00,100 גרם,false,1,26.90,12.51,true,1,
4750001951592,false,שוקולד מריר 87% קקאו 100 גר לאימה,,EE,שוקולד מריר 87% קקאו,גרמים,100.00,100 גרם,false,1,10.90,10.90,true,1,
4750010492826,false,שפרוטים מעושנים ריגה בצנצנת 250 גר,,LV,שפרוטים מעושנים ריגה,גרמים,250.00,100 גרם,false,1,16.40,6.56,true,1,
4750011814511,false,סוכ.ג`לי מצופה שוקולד טעם לימון תפוז 190,,,סוכ.ג`לי מצופה שוקול,גרמים,190.00,100 גרם,false,1,17.90,9.42,true,1,
4750011849063,false,סוכ.ג`לי מצופה שוקולד טעם חמוציות 190 ג,,,סוכ.ג`לי מצופה שוקול,גרמים,190.00,100 גרם,false,1,17.90,9.42,true,1,
4750011850809,false,אוכמניות מצופה שוקולד מריר 140 גר ליימה,,,אוכמניות מצופה שוקול,גרמים,140.00,100 גרם,false,1,17.90,12.79,true,1,
4750012025855,false,דיווה קוסמופוליטן-שיכר תפוח 750 מל,,,דיווה קוסמופוליטן,Unknown,0.00,Unknown,false,1,24.90,24.90,true,1,
4750012026852,false,דיווה קוסמופוליטן שיכר פרי יער 750 מל,,,דיווה קוסמופוליטן,Unknown,0.00,Unknown,false,1,24.90,24.90,true,1,
4750021201295,false,"וודקה ריגה בלאק 500 מ""ל",,,וודקה ריגה בלאק 500,מיליליטרים,500.00,"100 מ""ל",false,1,43.90,8.78,true,1,
4750021201592,false,וודקה 1 ליור RIGA BLACK,,,וודקה 1 ליטר RIGA BL,מיליליטרים,1000.00,"100 מ""ל",false,1,87.90,8.79,true,1,
4750021221361,false,"וודקה 700 מ""ל RIGA BLACK",,,"וודקה 700 מ""ל RIGA B",מיליליטרים,700.00,"100 מ""ל",false,1,52.90,7.56,true,1,
4750024001137,false,חטיפי תירס טאפל שמנת חמוצה ובצל 190 גר,,LV,חטיפי תירס טאפל שמנת,גרמים,190.00,100 גרם,false,1,19.90,10.47,true,1,
4750024001144,false,חטיפי תירס טאפל כדורי גבינה נאציוס 190 ג,,LV,חטיפי תירס טאפל כדור,גרמים,190.00,100 גרם,false,1,19.90,10.47,true,1,
4750024002196,false,"טוגני תפ""א בטעם גבינה שמנת 130 גר TAFFEL",,LV,"טוגני תפ""א בטעם גבינ",גרמים,130.00,100 גרם,false,1,16.90,13.00,true,1,
4750042000150,false,משקה פירות שדה  1.5 ליטר פרוטו,,,משקה פירות שדה  1.5,ליטרים,0.00,ליטר,false,1,15.90,15.90,true,1,
4750042000167,false,משקה פירות 1.5 ליטר פרוטו,,,משקה פירות 1.5 ליטר,ליטרים,0.00,ליטר,false,1,15.90,15.90,true,1,
4750042000181,false,נקטר תפוחים 1.5 ליטר פרוטו,,,נקטר תפוחים 1.5 ליטר,ליטרים,0.00,ליטר,false,1,15.90,15.90,true,1,
4750042300878,false,מיץ עגבניות עם מלח ים 1 ליטר CIDO,,,מיץ עגבניות עם מלח י,מיליליטרים,1000.00,"100 מ""ל",false,1,15.90,1.59,true,1,
4750042303947,false,נקטר דובדובנים 35% 1 ליטר CIDO,,,נקטר דובדובנים 35% 1,מיליליטרים,1000.00,"100 מ""ל",false,1,15.90,1.59,true,1,
4750042804505,false,נקטר דומדמנית שחורה 28% ותפו 1 ליטר CIDO,,,נקטר דומדמנית שחורה,מיליליטרים,1000.00,"100 מ""ל",false,1,15.90,1.59,true,1,
4750042884668,false,נקטר שזיפים 35% 1 ליטר CIDO,,,נקטר שזיפים 35% 1 לי,מיליליטרים,1000.00,"100 מ""ל",false,1,15.90,1.59,true,1,
4750050000128,false,חטיף שוקולד לבן 38 גר,,LV,חטיף שוקולד לבן 38 ג,גרמים,38.00,100 גרם,false,1,5.30,13.95,true,1,
4750050341405,false,חטיף שוקלד טעם וניל,,,חטיף שוקלד טעם וניל,גרמים,60.00,100 גרם,false,1,5.50,9.17,true,1,
4750050341511,false,חטיף שוקלד עם גבינה +שבבי שוקולד,,,חטיף שוקלד עם גבינה,גרמים,60.00,100 גרם,false,1,5.50,9.17,true,1,
4750142003426,false,"בירה פילזנר אקסטרה 500 מ""ל",,RU,בירה פילזנר אקסטרה 5,מיליליטרים,500.00,"100 מ""ל",false,1,7.90,1.58,true,1,
4750142004980,false,"בירה פרימיום צסו 568 מ""ל",,,בירה פרימיום צסו 568,מיליליטרים,568.00,"100 מ""ל",false,1,8.90,1.57,true,1,
4750142005000,false,"בירה כהה בוהמיין צסו 568 מ""ל",,,בירה כהה בוהמיין צסו,מיליליטרים,568.00,"100 מ""ל",false,1,8.90,1.57,true,1,
4750142005062,false,"בירה ברוזה לא מסוננת צסו 568 מ""ל",,,בירה ברוזה לא מסוננת,מיליליטרים,568.00,"100 מ""ל",false,1,8.90,1.57,true,1,
4750142016518,false,בירה צסו לא מסוננת 5.4% 568 מל,,,בירה צסו לא מסוננת 5,מיליליטרים,568.00,"100 מ""ל",false,1,8.90,1.57,true,1,
4750142021505,false,"בירה PILSENER בהירה 4.7% פחית 500 מ""ל",,,בירה PILSENER בהירה,מיליליטרים,500.00,"100 מ""ל",false,1,7.90,1.58,true,1,
4750616002276,false,קילקה עם צילי במיץ עגבניות 240 גר,,,קילקה עם צילי במיץ ע,גרמים,240.00,100 גרם,false,1,7.50,3.13,true,1,
4750616002344,false,קילקה עם ירקות במיץ עגבניות 240 גר,,,קילקה עם ירקות במיץ,גרמים,240.00,100 גרם,false,1,7.50,3.13,true,1,
4750616006564,false,סרדינים על הגריל בשמן זית 190 גר,,,סרדינים על הגריל בשמ,גרמים,190.00,100 גרם,false,1,12.90,6.79,true,1,
4750817032003,false,סלט סלומון עם ירקות בטעם אסיאתי 240 גר,,LV,סלט סלומון עם ירקות,גרמים,240.00,100 גרם,false,1,7.90,3.29,true,1,
4750817032010,false,סלט סלומון עם ירקות בטעם מקסיקני 240 גר,,LV,סלט סלומון עם ירקות,גרמים,240.00,100 גרם,false,1,7.90,3.29,true,1,
4750817032027,false,סלט סלומון עם ירקות בטעם איטלקי 240 גר,,LV,סלט סלומון עם ירקות,גרמים,240.00,100 גרם,false,1,7.90,3.29,true,1,
4750817111005,false,פילה סלומון במיץ טבעי 200 ג BEST OF RIGA,,LV,פילה סלומון במיץ טבע,גרמים,200.00,100 גרם,false,1,12.00,6.00,true,1,
4750817133120,false,סרדינה בשמן 240 גר BEST OF RIGA,,LV,סרדינה בשמן 240 גר B,גרמים,240.00,100 גרם,false,1,8.50,3.54,true,1,
4750817136619,false,קילקה ברוטב עגבניות 240 גר BEST OF RIGA,,LV,קילקה ברוטב עגבניות,גרמים,240.00,100 גרם,false,1,5.90,2.46,true,1,
4750817137111,false,מקרל ברוטב עגבניות 240 גר BEST OF RIGA,,LV,מקרל ברוטב עגבניות 2,גרמים,240.00,100 גרם,false,1,9.90,4.13,true,1,
4751005700551,false,AMBERFISH שפרוטים מעושנים ברוטב עגבניות 280 גר,,LV,שפרוטים מעושנים ברוט,גרמים,280.00,100 גרם,false,1,17.90,6.39,true,1,
4751005703569,false,שפרוטים מעושנים בשמן 250 גר AMBERFISH,,LV,שפרוטים מעושנים בשמן,גרמים,250.00,100 גרם,false,1,17.90,7.16,true,1,
4751007730488,false,שימירי טונה עם ירקות איטלקי 185 גר,,,שימורי טונה עם ירקות,גרמים,185.00,100 גרם,false,1,11.90,6.43,true,1,
4751007732758,false,פילה סלמון (סיומגה) במיץ טבעי 170 גר,,,פילה סלמון (סיומגה),גרמים,170.00,100 גרם,false,1,13.20,7.76,true,1,
4751007732833,false,פילה סלמון ברוטב עגבניות 170 גרם,,,פילה סלמון ברוטב עגב,גרמים,170.00,100 גרם,false,1,11.90,7.00,true,1,
4751007732864,false,שימורי פילה סלמון ברוטב חרדל 200 גר,,,שימורי פילה סלמון בר,גרמים,200.00,100 גרם,false,1,11.90,5.95,true,1,
4751007732970,false,סלט איטלקי עם סלומון 170 גרם,,,סלט איטלקי עם סלומון,גרמים,170.00,100 גרם,false,1,11.90,7.00,true,1,
4751007733007,false,סלט צרפתי עם סלומון 170 גרם,,,סלט צרפתי עם סלומון,גרמים,170.00,100 גרם,false,1,11.90,7.00,true,1,
4751007737111,false,שימורי במי מלח 240 גר,,LV,שימורי במי מלח 240 ג,גרמים,240.00,100 גרם,false,1,7.90,3.29,true,1,
4751007738163,false,צדפות מעושנות ברוטב שום 120 גר SEA FOOD,,LV,צדפות מעושנות ברוטב,גרמים,120.00,100 גרם,false,1,13.90,11.58,true,1,
4751007738385,false,קילקה ברוטב עגבניות 240 גר KARAVELA,,,קילקה ברוטב עגבניות,גרמים,240.00,100 גרם,false,1,4.50,1.88,true,1,
4751007739542,false,שימורי במרינדה עם פטרוזיליה 160 ג SURIMI,,,שימורי במרינדה עם פט,גרמים,160.00,100 גרם,false,1,21.90,13.69,true,1,
4751007739559,false,שימורי בשמן לפתית  160 ג SURIMI,,,שימורי בשמן לפתית  1,גרמים,160.00,100 גרם,false,1,21.90,13.69,true,1,
4751007739924,false,נתחי דג סלמון ברוטב עגבניות תומר 185 גרם,,,נתחי דג סלמון ברוטב,גרמים,185.00,100 גרם,false,1,10.90,5.89,true,1,
4751008660821,false,ממתק ללא סוכר עם אגוזי לוז סטיביה 90 ג,,,ממתק ללא סוכר עם אגו,גרמים,90.00,100 גרם,false,1,7.50,8.33,true,1,
4751017941195,false,רודולפס-ממרח אורגני תות ודומדמניות 245,,LV,רודולפס-ממרח אורגני,גרמים,245.00,100 גרם,false,1,15.90,6.49,true,1,
4751033540235,false,שוקולד מריר 72% קקאו ללא סוכר 100 גר,,,שוקולד מריר 72% קקאו,גרמים,100.00,100 גרם,false,1,11.90,11.90,true,1,
4760013403644,false,וופלים בטעם חלב 200 גר SLADOK,,,וופלים בטעם חלב 200,גרמים,200.00,100 גרם,false,1,5.90,2.95,true,1,
4760018504735,false,ריבה דובדבן לבן 400 גרם BIZIM TARLA,,AZ,ריבה דובדבן לבן 400,גרמים,400.00,100 גרם,false,1,17.90,4.48,true,1,
4760018504773,false,ריבה אגוזים 400 גרם BIZIM TARLA,,AZ,ריבה אגוזי מלך 400 ג,גרמים,400.00,100 גרם,false,1,17.90,4.48,true,1,
4760065708964,false,עגבניות אדומות קלופות חתוכות במיץ 660 גר,,AZ,עגבניות אדומות קלופו,גרמים,660.00,100 גרם,false,1,12.90,1.95,true,1,
4760068001710,false,ריבת תות שדה 400 גרם  ביזים טארלה,אזרסטאן קאנד,AZ,ריבת תות שדה 400 גרם,גרמים,400.00,100 גרם,false,1,15.90,3.98,true,1,
4760068002274,false,ריבת חבושים 400 גרם  ביזים טארלה,אזרסטאן קאנד,AZ,ריבת חבושים 400 גרם,גרמים,400.00,100 גרם,false,1,15.90,3.98,true,1,
4760074601072,false,גלידת שמנת וניל בציפו שוקולד ואגוזי לוז,,,גלידת שמנת וניל בציפ,גרמים,75.00,100 גרם,false,1,8.30,11.07,true,1,
4760074601324,false,גלידת שמנת בטעם שוקולד ובציפוי קקאו לקומ,,,גלידת שמנת בטעם שוקו,גרמים,90.00,100 גרם,false,1,8.30,9.22,true,1,
4760074601331,false,גלידת שמנת בטעם וניל בציפוי קקאו לקומקה,,,גלידת שמנת בטעם וניל,גרמים,90.00,100 גרם,false,1,8.30,9.22,true,1,
4760074601669,false,גלידת שמנת וניל בגביע וופל פלומביר 80 גר,,,גלידת שמנת וניל בגבי,גרמים,80.00,100 גרם,false,1,8.30,10.38,true,1,
4760127706983,false,עוגיות ממולאות בטעם תפוז 200 ג DELIZI,,,עוגיות ממולאות בטעם,גרמים,200.00,100 גרם,false,1,8.90,4.45,true,1,
4770265045264,false,דייסת שיבולת שועל 200 גר,,,דייסת שיבולת שועל,גרמים,200.00,100 גרם,false,1,8.30,4.15,true,1,
4770265046452,false,גבינה מותכת 28% סבליה 185 גר,,LT,גבינה מותכת 28% סבלי,גרמים,185.00,100 גרם,false,1,20.90,11.30,true,1,
4770265046568,false,דייסת אורז עם משמש 200 גר,,,דייסת אורז עם משמש,גרמים,200.00,100 גרם,false,1,8.30,4.15,true,1,
4770265046575,false,דייסת סולת עם תותי בר 200 גר,,,דייסת סולת תותי בר,גרמים,200.00,100 גרם,false,1,8.30,4.15,true,1,
4770265213786,false,משקה חלב ריזנקה 500 מל,,,משקה חלבי ריזנקה 500,מיליליטרים,500.00,"100 מ""ל",false,1,11.90,2.38,true,1,
4770265214752,false,יוגורט יווני 200 גר,,,יוגורט יווני 200 גר,גרמים,200.00,100 גרם,false,1,10.90,5.45,true,1,
4770265214776,false,יוגורט יווני עם תאינים 150 גר,,,יוגורט יווני עם תאינ,גרמים,150.00,100 גרם,false,1,10.90,7.27,true,1,
4770265219535,false,גבינה אנגולי מעושנת 150 גר גורמן,,,גבינה אנגולי מעושנת,גרמים,150.00,100 גרם,false,1,12.90,8.60,true,1,
4770275048309,false,גבינת קוטג עם תבלינים 15% סבליה 130 גר,,LT,גבינת קוטג עם תבליני,גרמים,130.00,100 גרם,false,1,12.90,9.92,true,1,
4770275048316,false,גבינת קוטג עם מלפפון ושמיר 15% סבליה 130,,LT,גבינת קוטג עם מלפפון,גרמים,130.00,100 גרם,false,1,12.90,9.92,true,1,
4770275049580,false,טבורוג 5% סבליה 370 גר,,,טבורוג אנלוגי סבליה,גרמים,370.00,100 גרם,false,1,20.90,5.65,true,1,
4770275049597,false,טבורוג 5% סבליה 900 גר,,,טבורוג אנלוגי סבליה,גרמים,900.00,100 גרם,false,1,43.90,4.88,true,1,
4770275049603,false,טבורוג 9% סבליה 370 גר,,,טבורוג אנלוגי 9% סבל,גרמים,370.00,100 גרם,false,1,20.90,5.65,true,1,
4770337047264,false,גבינה 200 גר AGED GOUDA,,IL,גבינה 200 גר AGED GO,גרמים,200.00,100 גרם,false,1,26.50,13.25,true,1,
4770337047431,false,תחליף גבינה 150 גר SVALIA,,,גבינה אנלוגי  150 גר,גרמים,150.00,100 גרם,false,1,12.90,8.60,true,1,
4770337047448,false,תחליף גבינה 150 גר DRAVO,,,גבינה אנלוגי  150 גר,גרמים,150.00,100 גרם,false,1,12.90,8.60,true,1,
4770337047455,false,תחליף גבינה רוסיסקי 150 גר,,,גבינה אנלוגי רוסיסקי,גרמים,150.00,100 גרם,false,1,12.90,8.60,true,1,
4770337047530,false,תחליף גבינה סבליה 240 גר,,,SVALIA גבינה אנלוגי,גרמים,240.00,100 גרם,false,1,18.90,7.88,true,1,
4770337048124,false,תחליף גבינה דברו 240 גר,,LT,DVARO  גבינה אנלוגי,גרמים,240.00,100 גרם,false,1,18.90,7.88,true,1,
4770337048131,false,תחליף גבינה רוסייסקי 240 גר,,LT,גבינה אנלוגי רוסייסק,גרמים,240.00,100 גרם,false,1,18.90,7.88,true,1,
4779020987689,false,כבד שיבוט 240 גר BEST OF RIGA,,,כבד שיבוט 240 גר BES,גרמים,240.00,100 גרם,false,1,21.90,9.13,true,1,
4779020987788,false,כבד שיבוט מכסה שקוף 230 גר BEST OF RIGA,,,כבד שיבוט מכסה שקוף,גרמים,230.00,100 גרם,false,1,22.90,9.96,true,1,
4779027471143,false,חטיף גבינה לבנה בטעם חלב מרוכז 43 גרם,,,חטיף גבינה לבנה בטעם,גרמים,43.00,100 גרם,false,1,5.50,12.79,true,1,
4779027471150,false,חטיף גבינה לבנה בטעם פלומביר 43 גרם,,,חטיף גבינה לבנה בטעם,גרמים,43.00,100 גרם,false,1,5.50,12.79,true,1,
4779027471181,false,חטיף גבינה במילוי דובדבנים בציפוי קקאו,,,חטיף גבינה במילוי דו,גרמים,43.00,100 גרם,false,1,5.50,12.79,true,1,
4779036940852,false,עוגיות 60 גר GRIBOCHKI,,LT,עוגיות 60 גר GRIBOCH,גרמים,60.00,100 גרם,false,1,5.50,9.17,true,1,
4780030690063,false,AGROMIRתערובת עגבניות שרי ומלפפונים 720,,,AGROMIRתערובת עגבניו,גרמים,720.00,100 גרם,false,1,15.90,2.21,true,1,
4780030690292,false,AGROMIRמלפפונים בחומץ עם שום ושמיר 720מ,,,AGROMIRמלפפונים בחומ,גרמים,750.00,100 גרם,false,1,14.90,1.99,true,1,
4780037060104,false,AGROMIR ממרח חצילים 500 גר,,,AGROMIR ממרח חצילים,גרמים,500.00,100 גרם,false,1,13.90,2.78,true,1,
4780047500515,false,ZULYA BARAKA עלי גפן טריים מעוכרים 1 ל,,,ZULYA BARAKA עלי גפן,גרמים,720.00,100 גרם,false,1,17.90,2.49,true,1,
4780047500799,false,ZULYA BARAKA פלפל חריף בחומץ 320 ג,,,ZULYA BARAKA פלפל חר,גרמים,320.00,100 גרם,false,1,13.90,4.34,true,1,
4780048900819,false,כמון שלם 45 גרם,,,כמון שלם 45 גרם,גרמים,45.00,100 גרם,false,1,17.90,39.78,true,1,
4792032060454,false,"גרין קוקו - מי קוקוס אורגניים 330 מ""ל",,,גרין קוקו - מי קוקוס,מיליליטרים,330.00,"100 מ""ל",false,1,10.50,3.18,true,1,
4792252001152,false,"תה שחור ""גולד"" 100 גרם",,,"תה שחור ""גולד"" 100 ג",גרמים,100.00,100 גרם,false,1,19.90,19.90,true,1,
4792252002746,false,תה שחור באזילור קלאסי אסורטי 2 גר* 20 שק,,,תה שחור באזילור קלאס,Unknown,0.00,Unknown,false,1,19.90,19.90,true,1,
4792252100220,false,תה ירוק חלב אולונג  100 גרם,,,תה ירוק חלב אולונג,גרמים,100.00,100 גרם,false,1,23.90,23.90,true,1,
4800888190529,false,דאב דאו סטיק טאלק סופט לאשה 50 גר,,,דאב דאו סטיק טאלק סו,גרמים,50.00,100 גרם,false,1,27.90,55.80,true,1,
4810065006987,false,חלב מרוכז ממותק דוי פק רוגציוב 380 גרם,,BY,חלב מרוכז ממותק דוי,גרמים,380.00,100 גרם,false,1,14.90,3.92,true,1,
4810065013121,false,חלב מרוכז ממותק דוי פק רוגציוב 280 גרם,,BY,חלב מרוכז ממותק דוי,גרמים,280.00,100 גרם,false,1,15.90,5.68,true,1,
4810168000011,false,פילה הרינג מלוח 250 גר,,,פילה הרינג מלוח 250,גרמים,250.00,100 גרם,false,1,15.60,6.24,true,1,
4810168000103,false,פילה הרינג מטיאס 250גר,,BY,פילה הרינג מלוח מעוש,גרמים,250.00,100 גרם,false,1,15.60,6.24,true,1,
4810168000998,false,חתיכות פילה הרינג מלוח מצונן בצל 260 גר,,,חתיכות פילה הרינג,גרמים,260.00,100 גרם,false,1,19.80,7.62,true,1,
4810168001056,false,חתיכות פילה הרינג מלוח מצונן 260 גר,,,חתיכות פילה הרינג,גרמים,260.00,100 גרם,false,1,19.80,7.62,true,1,
4810168001933,false,מקלות סורימי בטעם סרטן קפוא 200 גרם,,,מקלות סורימי בטעם סר,גרמים,200.00,100 גרם,false,1,7.70,3.85,true,1,
4810168001964,false,נתחי סורימי בטעם סרטן קפוא 200 גרם,,,נתחי סורימי בטעם סרט,גרמים,200.00,100 גרם,false,1,7.70,3.85,true,1,
4810168004132,false,ביצי דג טרוטונית אטלנטי מומלח מצונן 180,,,ביצי דג טרוטונית אטל,גרמים,180.00,100 גרם,false,1,18.80,10.44,true,1,
4810168004156,false,ביצי דג טרוטונית אטלנטי סלמון מעושן 180ג,,,ביצי דג טרוטונית אטל,גרמים,180.00,100 גרם,false,1,18.80,10.44,true,1,
4810168018795,false,חתיכות פילה הרינג מלוח 200 גר,,,חתיכות פילה הרינג מל,גרמים,200.00,100 גרם,false,1,15.60,7.80,true,1,
4810168019051,false,פילה הרינג מלוח עם תבלין 200 גר,,BY,פילה הרינג מלוח עם ת,גרמים,200.00,100 גרם,false,1,15.60,7.80,true,1,
4810168020309,false,אצות ים מוחמצות 150 גר,,,אצות ים מוחמצות 150,גרמים,150.00,100 גרם,false,1,7.70,5.13,true,1,
4810168020361,false,אצות ים מוחמצות עם חצילים 150 גר,,,אצות ים מוחמצות עם ח,גרמים,150.00,100 גרם,false,1,7.70,5.13,true,1,
4810168020392,false,אצות ים מוחמצות גזר 150 גר,,,אצות ים מוחמצות גזר,גרמים,150.00,100 גרם,false,1,7.70,5.13,true,1,
4810168024512,false,חתיכות פילה הרינג מלוח מצונן תבלין 260גר,,,חתיכות פילה הרינג,גרמים,260.00,100 גרם,false,1,19.80,7.62,true,1,
4810168025793,false,ביצי דג זהבנון מומלח מצונן 130 גר,,,ביצי דג זהבנון מומלח,גרמים,130.00,100 גרם,false,1,17.70,13.62,true,1,
4810168031794,false,ביצי דג הרינג אטלנטי מומלח מצונן 110 גר,,,ביצי דג הרינג אטלנטי,גרמים,110.00,100 גרם,false,1,17.70,16.09,true,1,
4810168035785,false,ממרח עם קריל 150 גר,,BY,ממרח עם קריל 150 גר,גרמים,150.00,100 גרם,false,1,15.60,10.40,true,1,
4810168035792,false,ממרח עם קריל מעושן 150 גר,,BY,ממרח עם קריל מעושן 1,גרמים,150.00,100 גרם,false,1,15.60,10.40,true,1,
4810168035808,false,ממרח עם קריל ברוטב שמנת ושום 150 גר,,BY,ממרח עם קריל ברוטב ש,גרמים,150.00,100 גרם,false,1,15.60,10.40,true,1,
4810168049966,false,בלינצס במילוי דובדבן מוקפא 360 גרם,,BY,בלינצס במילוי דובדבן,גרמים,360.00,100 גרם,false,1,15.40,4.28,true,1,
4810168052270,false,עלי בלינצס מוקפאים 320 גרם,,BY,עלי בלינצס מוקפאים,גרמים,320.00,100 גרם,false,1,11.00,3.44,true,1,
4810168055028,false,כיסונים במילוי דובדבנים מוקפאים 450 גר (,,BY,כיסונים במילוי,גרמים,450.00,100 גרם,false,1,21.90,4.87,true,1,
4810168055059,false,כיסונים במילוי גבינת ריקוטה ותרד מוקפא,,BY,כיסונים במילוי גבינת,גרמים,450.00,100 גרם,false,1,21.90,4.87,true,1,
4810168055165,false,לביבות גבינת טבורוג מוקפאות 450 גרם,,BY,לביבות גבינת טבורוג,גרמים,450.00,100 גרם,false,1,21.90,4.87,true,1,
4810168057435,false,חתיכות פילה הרינג מלוח בשמן XXL 500 גרם,,RU,חתיכות פילה הרינג מל,גרמים,500.00,100 גרם,false,1,31.50,6.30,true,1,
4810168057510,false,חתיכות פילה הרינג מתובל מלוח בשמן 400 גר,,,חתיכות פילה הרינג מת,גרמים,400.00,100 גרם,false,1,31.50,7.88,true,1,
4810168058975,false,חתיכות פילה דג הרינג סקנדינבי מלוח מצונן,,,חתיכות פילה דג הרינג,גרמים,260.00,100 גרם,false,1,19.80,7.62,true,1,
4810168058982,false,חתיכות פילה דג הרינג סקנדינבי מלוח בשמן,,RU,חתיכות פילה דג הרינג,גרמים,400.00,100 גרם,false,1,31.50,7.88,true,1,
4810278003568,false,חליטת צמחים20 שקיקים  CHAMOMILE,,BY,חליטת צמחים20 שקיקים,גרמים,20.00,100 גרם,false,1,11.00,55.00,true,1,
4810278003612,false,חליטת צמחים  20 שקיקים HERBS,,BY,חליטת צמחים  20 שקיק,גרמים,20.00,100 גרם,false,1,11.00,55.00,true,1,
4820003689325,false,נקטר מולטיפרוט 1.93 ליטר נאש סוק,,UA,נקטר מולטיפרוט 1.93,ליטרים,0.00,ליטר,false,1,24.90,24.90,true,1,
4820003689387,false,נקטר דובדבן 1.93 ליטר נאש סוק,,,נקטר דובדבן 1.93 ליט,ליטרים,0.00,ליטר,false,1,24.90,24.90,true,1,
4820016250604,false,"נקטר מולטיויטמין 200 מ""ל נאש סוק",,UA,נקטר מולטיויטמין 200,מיליליטרים,200.00,"100 מ""ל",false,1,3.90,1.95,true,1,
4820030561380,false,ממרח קישואים קייץ 500 גרם דרי באבושקה,,,ממרח קישואים קייץ 50,גרמים,500.00,100 גרם,false,1,12.90,2.58,true,1,
4820030561526,false,שימורי אפונה ירוקה 510 גרם באבושקה,,,שימורי אפונה ירוקה 5,מיליליטרים,500.00,"100 מ""ל",false,1,13.90,2.78,true,1,
4820061980174,false,דגי ביצקי מטוגנים ברוטב עגבניות 250 גר,,,דגי ביצקי מטוגנים בר,גרמים,250.00,100 גרם,false,1,9.50,3.80,true,1,
4820171991664,false,ורניק לסקה תפוח אדמה 900 גר,,,ורניק לסקה תפוח אדמה,גרמים,900.00,100 גרם,false,1,20.90,2.32,true,1,
4820171991688,false,ורניק לסקה כרוב 900 גר,,,ורניק לסקה כרוב 900,גרמים,900.00,100 גרם,false,1,20.90,2.32,true,1,
4820171993279,false,"קרפלך תפו""א ופטריות 900 גר",,,"קרפלך תפו""א ופטריות",גרמים,900.00,100 גרם,false,1,20.90,2.32,true,1,
4820193551990,false,כוס וליקן משמש דובדבן 70 גר,,,כוס וליקן משמש דובדב,גרמים,70.00,100 גרם,false,1,5.90,8.43,true,1,
4820217240114,false,חמאה 82.5% פרמה 200 גר,,UA,חמאה 82.5% פרמה 200,גרמים,200.00,100 גרם,false,1,7.80,3.90,true,1,
4823006801862,false,איקרה קישואים נזין 450 גרם,,,איקרה קישואים נזין 4,גרמים,450.00,100 גרם,false,1,16.90,3.76,true,1,
4823006802050,false,שימורי עגבניות ומלפפונים בתחמיץ920 NEZEN,,UA,שימורי עגבניות ומלפפ,גרמים,920.00,100 גרם,false,1,22.90,2.49,true,1,
4823006802128,false,שימורי מלפפונים כבושים פאנזנסקי920 NEZEN,,UA,שימורי מלפפונים כבוש,גרמים,920.00,100 גרם,false,1,22.90,2.49,true,1,
4823077604379,false,"סוכריות ראצקי 1 ק""ג  רושן",,,"סוכריות ראצקי 1 ק""ג",גרמים,1000.00,100 גרם,false,1,24.90,2.49,true,1,
4823077608513,false,סוכריות קורובקה 205 גרם רושן,,,סוכריות קורובקה 205,גרמים,205.00,100 גרם,false,1,6.90,3.37,true,1,
4823077611308,false,עוגה נפולאון רושן 1 קג,,,עוגה נפולאון רושן,גרמים,1000.00,100 גרם,false,1,75.90,7.59,true,1,
4823077613203,false,שוקולד רושן מריר + פונדוק שלם 90 גר רושן,,,שוקולד רושן מריר + פ,גרמים,90.00,100 גרם,false,1,7.90,8.78,true,1,
4823077614675,false,ביסקוויט חלב 185 גר רושן,,,ביסקוויט חלב 185 גר,גרמים,185.00,100 גרם,false,1,3.90,2.11,true,1,
4823077614699,false,ביסקוויט וניל 185 גר רושן,,,ביסקוויט וניל 185 גר,גרמים,185.00,100 גרם,false,1,3.90,2.11,true,1,
4823077614767,false,שוקולד רושן חלב נוגט בטעם אגוזי לוז 90 ג,,,שוקולד רושן חלב נוגט,גרמים,90.00,100 גרם,false,1,4.90,5.44,true,1,
4823077615757,false,בונבוניירה סטרלה 200 גר רושן,,,בונבוניירה סטרלה 200,גרמים,200.00,100 גרם,false,1,25.90,12.95,true,1,
4823077618918,false,בונבוניירה שוטרס ברנדי ליקר 150 גר,,,בונבוניירה שוטרס ברנ,גרמים,150.00,100 גרם,false,1,14.90,9.93,true,1,
4823077621659,false,וופל רושן בטעם אגוז  72 גר,,,וופל רושן בטעם אגוז,גרמים,72.00,100 גרם,false,1,3.90,5.42,true,1,
4823077623684,false,קרמל רושן טיפת חלב 150 גר,,UA,קרמל רושן טיפת חלב 1,גרמים,150.00,100 גרם,false,1,4.90,3.27,true,1,
4823077624223,false,גילי בוני פרוט 200 גר SUMMER MIX,,,גילי בוני פרוט 200 ג,גרמים,200.00,100 גרם,false,1,6.90,3.45,true,1,
4823077624247,false,גילי בוני פרוט 200 גר CITRUS MIX,,,גילי בוני פרוט 200 ג,גרמים,200.00,100 גרם,false,1,6.90,3.45,true,1,
4823077624261,false,גילי בוני פרוט 200 גר BERRY MIX,,,גילי בוני פרוט 200 ג,גרמים,200.00,100 גרם,false,1,6.90,3.45,true,1,
4823077624391,false,"רושן סוכריות טופי ""מינקי בינקי"" 185 גר",,,"רושן סוכריות טופי ""מ",גרמים,185.00,100 גרם,false,1,6.90,3.73,true,1,
4823077625145,false,בונבוניירה רושן דובדבן בליקר דובדבן 155,,UA,בונבוניירה רושן דובד,גרמים,155.00,100 גרם,false,1,14.90,9.61,true,1,
4823077625589,false,וופל וואפרס חלב רושן 216 גר,,UA,וופל וואפרס חלב רושן,גרמים,216.00,100 גרם,false,1,6.90,3.19,true,1,
4823077625602,false,וופל וואפרס שוקולד רושן 216 גר,,UA,וופל וואפרס שוקולד ר,גרמים,216.00,100 גרם,false,1,6.90,3.19,true,1,
4823077625626,false,וופל וואפרס אגוז רושן 216 גר,,UA,וופל וואפרס אגוז רוש,גרמים,216.00,100 גרם,false,1,6.90,3.19,true,1,
4823077626227,false,שוקולד אורירי חלב 80 גר רושן,,UA,שוקולד אורירי חלב 80,גרמים,80.00,100 גרם,false,1,6.90,8.63,true,1,
4823077626364,false,שוקולד אורירי לבן 80 גר רושן,,UA,שוקולד אורירי לבן 80,גרמים,80.00,100 גרם,false,1,6.90,8.63,true,1,
4823077631467,false,קרקר עם מלח ים רושן 168 גר,,,קרקר עם מלח ים רושן,גרמים,168.00,100 גרם,false,1,4.90,2.92,true,1,
4823077631474,false,קרקר קלאסי רושן 168 גר,,,קרקר קלאסי רושן 168,גרמים,168.00,100 גרם,false,1,4.90,2.92,true,1,
4823077632570,false,שוקולד רושן מריר 85 גר BRUT,,UA,שוקולד רושן מריר 85,גרמים,85.00,100 גרם,false,1,6.90,8.12,true,1,
4823077632594,false,שוקולד רושן חלב עם אגוז שלם  90 גר LACMI,,,שוקולד רושן חלב עם א,גרמים,90.00,100 גרם,false,1,7.90,8.78,true,1,
4823077633317,false,עוגיות שוקולד עם חתיכות שוקולד 150 גר,,,עוגיות שוקולד עם חתי,גרמים,150.00,100 גרם,false,1,6.90,4.60,true,1,
4823077633324,false,עוגיות רושן עם חתיכות שוקולד 150 גר,,,עוגיות שוקוציפס  עם,גרמים,150.00,100 גרם,false,1,6.90,4.60,true,1,
4823077633348,false,עוגיות רושן עם חתיכות בוטנים 150 גר,,,עוגיות רושן עם חתיכו,גרמים,150.00,100 גרם,false,1,6.90,4.60,true,1,
4823077634178,false,עוגיות עם מילוי תפוח קינמון 168 גר LOVIT,,,עוגיות עם מילוי תפוח,גרמים,168.00,100 גרם,false,1,6.90,4.11,true,1,
4823077634192,false,עוגיות עם מילוי דובדבן וניל 168 גר LOVIT,,,עוגיות עם מילוי דובד,גרמים,168.00,100 גרם,false,1,6.90,4.11,true,1,
4823077634246,false,עוגיות פטל 135 גר LOVITA,,,עוגיות פטל 135 גר LO,גרמים,135.00,100 גרם,false,1,6.90,5.11,true,1,
4823077634277,false,עוגיות תות שדה 135 גר LOVITA,,,עוגיות תות שדה 135 ג,גרמים,135.00,100 גרם,false,1,6.90,5.11,true,1,
4823077634413,false,"עוגות אישיות תות שדה 270 גר""TOO COOL""",,,עוגות אישיות תות שדה,גרמים,270.00,100 גרם,false,1,14.90,5.52,true,1,
4823077634741,false,עוגיות עם מילוי תות שדה  168 גר LOVITA,,,עוגיות עם מילוי תות,גרמים,168.00,100 גרם,false,1,6.90,4.11,true,1,
4823077636059,false,עוגיות קקאו דובדבן  420 גר LOVITA,,UA,עוגיות קקאו דובדבן,גרמים,420.00,100 גרם,false,1,18.90,4.50,true,1,
4823077636172,false,וופל רושן בטעם לימון 216 גר,,UA,וופל רושן בטעם לימון,גרמים,216.00,100 גרם,false,1,6.20,2.87,true,1,
4823077636578,false,סוכריות טופי כוס חלב 325 גר ROSHEN,,,סוכריות טופי כוס חלב,גרמים,325.00,100 גרם,false,1,11.90,3.66,true,1,
4823102500980,false,פרנדי בצורת פרה עוגי,,NL,פרנדי בצורת פרה עוגי,Unknown,1.00,Unknown,false,1,9.50,9.50,true,1,
4823105400713,false,חצילים ברוטב סלסה 500 גרם,"טי.או בי. ""ויז'י פרודקשן""",,חצילים ברוטב סלסה 50,גרמים,500.00,100 גרם,false,1,15.90,3.18,true,1,
4823105400737,false,לצו בסגנון בולגרי 500 גרם,"טי.או בי. ""ויז'י פרודקשן""",,לצו בסגנון בולגרי 50,גרמים,500.00,100 גרם,false,1,14.90,2.98,true,1,
4823105400805,false,אפונה במי מלח 510 גרם,,,אפונה במי מלח 510 גר,גרמים,510.00,100 גרם,false,1,13.90,2.73,true,1,
4823105402618,false,חרדל בסגנון רוסי חריף 190 גרם,,,חרדל בסגנון רוסי חרי,גרמים,190.00,100 גרם,false,1,7.90,4.16,true,1,
4823105402991,false,פלפל שחור שלם 20 גרם,"טי.או בי. ""ויז'י פרודקשן""",,פלפל שחור שלם 20 גרם,גרמים,20.00,100 גרם,false,1,3.90,19.50,true,1,
4823105403622,false,עלי דפנה 7 גרם  וורס,"טי.או בי. ""ויז'י פרודקשן""",,עלי דפנה 7 גרם  וורס,גרמים,7.00,100 גרם,false,1,3.90,55.71,true,1,
4840008000987,false,סושקה וניל 500 גרם FRANZELUTA,,,סושקה וניל 500 גרם F,גרמים,500.00,100 גרם,false,1,11.00,2.20,true,1,
4840008001199,false,מיני סושקה וניל 500 גרם FRANZELUTA,,,מיני סושקה וניל 500,גרמים,500.00,100 גרם,false,1,11.00,2.20,true,1,
4840008001205,false,מיני סושקה עם פרג 500 גרם FRANZELUTA,,,מיני סושקה עם פרג 50,גרמים,500.00,100 גרם,false,1,11.00,2.20,true,1,
4840008012812,false,לחם שיפון בורוינסקי 450 גרם,,,לחם שיפון בורוינסקי,גרמים,450.00,100 גרם,false,1,10.90,2.42,true,1,
4840008030243,false,לחם שיפון טאלין פרוס 500 גרם,,,לחם שיפון טאלין פרוס,גרמים,500.00,100 גרם,false,1,10.90,2.18,true,1,
4860019001414,false,"מים בורגומי 750 מ""ל",,,"מים בורגומי 750 מ""ל",מיליליטרים,750.00,"100 מ""ל",false,1,9.20,1.23,true,1,
4903001904192,false,"רוטב סויה יאמסה פרימיום 500 מ""ל",,,רוטב סויה יאמסה 500,מיליליטרים,500.00,"100 מ""ל",false,1,18.80,3.76,true,1,
4903001925784,false,"רוטב סויה יאמאסה פרמיום דל מלח 500 מ""ל",,,רוטב סויה יאמאסה פרמ,מיליליטרים,500.00,"100 מ""ל",false,1,18.80,3.76,true,1,
4903001930993,false,"רוטב טריאקי יאמאסה 500 מ""ל",,,רוטב טריאקי יאמאסה 5,מיליליטרים,500.00,"100 מ""ל",false,1,18.80,3.76,true,1,
5000108478119,false,קוואקר 500 גרם,,,קוואקר 500 גרם,גרמים,500.00,100 גרם,false,1,15.60,3.12,true,1,
5000127163195,false,דגני ספיישל קיי 500 גרם,,,דגני ספיישל קיי 500,גרמים,500.00,100 גרם,false,1,27.20,5.44,true,1,
5000127533196,false,קלוגס וורייטי שמינייה 191 גרם,,,קלוגס וורייטי שמיניי,גרמים,191.00,100 גרם,false,1,24.90,13.04,true,1,
5000146401568,false,וולייט קולור פרוטקשן,,,וולייט קולור פרוטקשן,Unknown,0.00,Unknown,false,1,15.90,15.90,true,1,
5000157143365,false,"מתבל בטעם מיונז וקטשופ 425 מ""ל",,PL,מתבל בטעם מיונז וקטש,מיליליטרים,425.00,"100 מ""ל",false,1,15.90,3.74,true,1,
5000159020312,false,מלטיזרס 37 גרם,,,מלטיזרס 37 גרם,גרמים,37.00,100 גרם,false,1,5.50,14.86,true,1,
5000159304245,false,מ&מס קריספי 36 גרם,,,מ&מס קריספי 36 גרם,גרמים,36.00,100 גרם,false,1,5.50,15.28,true,1,
5000159376655,false,סקיטלס פירות 38 גרם,,,סקיטלס פירות 38 גרם,גרמים,38.00,100 גרם,false,1,3.60,9.47,true,1,
5000159376792,false,סקיטלס חמוץ 38 גרם,,,סקיטלס חמוץ 38 גרם,גרמים,38.00,100 גרם,false,1,3.60,9.47,true,1,
5000159382694,false,מארס עשירייה 450 גרם,,NL,מארס עשירייה 450 גרם,גרמים,450.00,100 גרם,false,1,27.90,6.20,true,1,
5000159382731,false,סניקרס 10*50 גרם,,,סניקרס 10*50 גרם,גרמים,500.00,100 גרם,false,1,27.90,5.58,true,1,
5000159382786,false,טוויקס  10*50 גרם,,,טוויקס  10*50 גרם,גרמים,500.00,100 גרם,false,1,27.90,5.58,true,1,
5000159407236,false,חטיף מארס 51 גרם,,,חטיף מארס 51 גרם,גרמים,51.00,100 גרם,false,1,4.90,9.61,true,1,
5000159459228,false,חטיף טוויקס 50 גרם,,,חטיף טוויקס 50 גרם,גרמים,50.00,100 גרם,false,1,4.90,9.80,true,1,
5000159461122,false,חטיף סניקרס 50 גרם,,,חטיף סניקרס 50 גרם,גרמים,50.00,100 גרם,false,1,4.90,9.80,true,1,
5000159471794,false,אם אנד אם שוקולד 220 גרם,,BE,אם אנד אם שוקולד 220,גרמים,220.00,100 גרם,false,1,17.60,8.00,true,1,
5000159472029,false,אם אנד אם קריספי 213 גרם,,FR,אם אנד אם קריספי 213,גרמים,213.00,100 גרם,false,1,20.90,9.81,true,1,
5000159500258,false,מארז סלבריישן 186 גרם,,,מארז סלבריישן 186 גר,גרמים,186.00,100 גרם,false,1,28.90,15.54,true,1,
5000159503617,false,מלטיזרס 68 גרם,,,מלטיזרס 68 גרם,גרמים,68.00,100 גרם,false,1,10.90,16.03,true,1,
5000168199245,false,שוקולד חלב מעולה בתוספת קרמל מלוח,,TR,שוקולד חלב מעולה בתו,גרמים,90.00,100 גרם,false,1,15.90,17.67,true,1,
5000204151053,false,"מרסס פלדג רהיטים קלאסי 250 מ""ל",,NL,מרסס פלדג רהיטים קלא,מיליליטרים,250.00,"100 מ""ל",false,1,19.90,7.96,true,1,
5000213000359,false,בירה גינס בקבוק 330 מל,,,בירה גינס בקבוק 330,מיליליטרים,330.00,"100 מ""ל",false,1,15.90,4.82,true,1,
5000213014905,false,בירה גינס 440 מל פחית,,,"בירה גינס 440 מ""ל פח",מיליליטרים,440.00,"100 מ""ל",false,1,17.90,4.07,true,1,
5000232902450,false,שעועית אפויה 420 גר HP,,,שעועית אפויה 420 גר,גרמים,420.00,100 גרם,false,1,8.80,2.10,true,1,
5000267014234,false,"גוני ווקר אדום 700 מ""ל",,,מארז גוני ווקר אדום,מיליליטרים,750.00,"100 מ""ל",false,1,79.90,10.65,true,1,
5000267116303,false,מארז וויסקי גוני ווקר דאבל בלק 700 מל,,,מארז וויסקי גוני ווק,מיליליטרים,700.00,"100 מ""ל",false,1,162.90,23.27,true,1,
5000289925440,false,"גין גורדון 700 מ""ל",,,"גין גורדון 700 מ""ל",מיליליטרים,700.00,"100 מ""ל",false,1,89.90,12.84,true,1,
5000312000700,false,אבקת קקאו קדבורי 250 גרם,,,אבקת קקאו קדבורי 250,גרמים,250.00,100 גרם,false,1,36.50,14.60,true,1,
5000328637327,false,דוריטוס רוטב דיפ שמנת ועירית שום 300 גר,,GB,דוריטוס רוטב דיפ שמנ,גרמים,300.00,100 גרם,false,1,19.90,6.63,true,1,
5000328697796,false,דוריטוס-דיפ סלסה חריפות בינונית 300 גרם,,GB,דוריטוס-דיפ סלסה חרי,גרמים,300.00,100 גרם,false,1,19.90,6.63,true,1,
5000329002193,false,"גין ביפאיטר 700 מ""ל",,,"גין ביפאיטר 700 מ""ל",מיליליטרים,700.00,"100 מ""ל",false,1,99.90,14.27,true,1,
5000394137516,false,מארז *4 סוללות דורסל אופטימום AAA,,BE,מארז *4 סוללות דורסל,Unknown,0.00,Unknown,false,1,21.90,21.90,true,1,
5000394140820,false,סוללות דורסל פלוס פאוור AA שישיית,,BE,סוללות דורסל פלוס פא,יחידה,1.00,יחידה,false,1,18.60,18.60,true,1,
5000394141209,false,סוללות דורסל פלוס פאוור AAA שישיית,,BE,סוללות דורסל פלוס פא,יחידה,1.00,יחידה,false,1,18.60,18.60,true,1,
5000396037548,false,מקוויטיס ביסקוויט מצופה שוקולד מריר 200,,,מקוויטיס ביסקוויט מצ,גרמים,200.00,100 גרם,false,1,13.20,6.60,true,1,
5010029201246,false,"מוזלי שקדים וצימוקים ללת""ס 560 גר ALPEN",,GB,מוזלי שקדים וצימוקים,גרמים,560.00,100 גרם,false,1,28.20,5.04,true,1,
5010029217940,false,וויטביקס-משקה על בסיס חלב שוקו 250 מל,Weetabix Food Company,UA,וויטביקס-משקה על בסי,מיליליטרים,250.00,"100 מ""ל",false,1,11.90,4.76,true,1,
5010029220001,false,וויטביקס-משקה על בסיס חלב בננה 250 מל,Weetabix Food Company,UA,וויטביקס-משקה על בסי,מיליליטרים,250.00,"100 מ""ל",false,1,11.90,4.76,true,1,
5010029221084,false,דגנים מלאים עם פרוטאין וויטביקס 450 גר,,,דגנים מלאים עם פרוטא,גרמים,450.00,100 גרם,false,1,32.50,7.22,true,1,
5010035068369,false,פוקס-עוגיות שוקולד ציפס משוקולד לבן 180,,,פוקס-עוגיות שוקולד צ,גרמים,180.00,100 גרם,false,1,12.50,6.94,true,1,
5010038454831,false,בירה בלו מון 330 מל בקבוק,,,בירה בלו מון 330 מל,מיליליטרים,330.00,"100 מ""ל",false,1,13.90,4.21,true,1,
5010103800259,false,"וויסקי גיי אנד בי 700 מ""ל",,,וויסקי גיי אנד בי 70,מיליליטרים,700.00,"100 מ""ל",false,1,79.90,11.41,true,1,
5010123703585,false,"מי פה קולמינט ליסטרין 500 מ""ל",,,מי פה ליסטרין קולמינ,מיליליטרים,500.00,"100 מ""ל",false,1,19.90,3.98,true,1,
5010182996799,false,ט.דאק גל אסלה,,,ט.דאק גל אסלה,Unknown,0.00,Unknown,false,1,13.80,13.80,true,1,
5010182997338,false,"ט.ד.ס. אסלה גל 55 מ""ל",,,"ט.ד.ס. אסלה גל 55 מ""",מיליליטרים,55.00,"100 מ""ל",false,1,13.80,25.09,true,1,
5010265002911,false,רייויטה פת פריכה מקמח שיפון מלא 250 גרם,,,רייויטה פת פריכה מקמ,גרמים,250.00,100 גרם,false,1,13.90,5.56,true,1,
5010327000176,false,"וויסקי גלנפידיך מולט 12 שנה 700 מ""ל",,,וויסקי גלנפידיך מולט,מיליליטרים,700.00,"100 מ""ל",false,1,157.90,22.56,true,1,
5010327399614,false,"גלנפידיך 12 אמריקן אווק כשר 700 מ""ל",וויליאם גרנטס ובניו,GB,גלנפידיך 12 אמריקן א,מיליליטרים,700.00,"100 מ""ל",false,1,189.90,27.13,true,1,
5010327658544,false,"בירה אינס אנד גון אוריגינל 330 מ""ל",,,בירה אינס אנד גון או,מיליליטרים,330.00,"100 מ""ל",false,1,14.90,4.52,true,1,
5010677551281,false,"בקרדי בריזר לימון 275 מ""ל",,,בקרדי בריזר לימון,מיליליטרים,275.00,"100 מ""ל",false,1,16.80,6.11,true,1,
5010677554398,false,"בקרדי בריזר אבטיח 275 מ""ל",,,בקרדי בריזר אבטיח,מיליליטרים,275.00,"100 מ""ל",false,1,16.80,6.11,true,1,
5010677714006,false,"גין בומבאי ספייר 700 מ""ל",,,גין בומביי ספייר 700,מיליליטרים,700.00,"100 מ""ל",false,1,119.90,17.13,true,1,
5010677850100,false,"וודקה גריי גוס 700 מ""ל",,FR,וודקה גריי גוס 700 מ,מיליליטרים,700.00,"100 מ""ל",false,1,114.90,16.41,true,1,
5010909006121,false,היילנד עוגיות חמאה סקוטיות משולשות 125 ג,,GB,היילנד עוגיות חמאה ס,גרמים,125.00,100 גרם,false,1,6.90,5.52,true,1,
5010994582368,false,צעצוע כולל,,,צעצוע כולל,Unknown,0.00,Unknown,false,1,16.90,16.90,true,1,
5011013100132,false,"אייריש קרים בייליס 750 מ""ל",,,אייריש קרים בייליס 7,מיליליטרים,750.00,"100 מ""ל",false,1,94.90,12.65,true,1,
5011157730271,false,"אורז יסמין טילדה 1 ק""ג",,,אורז יסמין טילדה 1 ק,גרמים,1000.00,100 גרם,false,1,27.20,2.72,true,1,
5011308001977,false,פטקס משחת קארי טיקה 300 גרם,,,פטקס משחת קארי טיקה,גרמים,300.00,100 גרם,false,1,18.90,6.30,true,1,
5011348002910,false,"בירה אולד אמפייר אי.פי.איי 500 מ""ל",,GB,בירה אולד אמפייר אי.,מיליליטרים,500.00,"100 מ""ל",false,1,18.90,3.78,true,1,
5011348010335,false,"בירה גינגר בירד 4.2% 500 מ""ל",,,בירה גינגר בירד 4.2%,מיליליטרים,500.00,"100 מ""ל",false,1,18.90,3.78,true,1,
5011348017112,false,"בירה הובגובלין פחית 500 מ""ל",,GB,בירה הובגובלין פחית,מיליליטרים,500.00,"100 מ""ל",false,1,17.90,3.58,true,1,
5011348023458,false,"בירה הובגובלין אי.פי.איי. פחית 500 מ""ל",,GB,בירה הובגובלין אי.פי,מיליליטרים,500.00,"100 מ""ל",false,1,17.90,3.58,true,1,
5011885003500,false,בירה פולרס לונדון פרייד 330 מל,,,בירה פולרס לונדון פר,מיליליטרים,330.00,"100 מ""ל",false,1,15.90,4.82,true,1,
5013387205826,false,פרואט-חטיף ללא גלוטן שוקולד 100 גרם,,GB,פרואט-חטיף ללא גלוטן,גרמים,100.00,100 גרם,false,1,16.90,16.90,true,1,
5013414333119,false,"בירה תורנברידג - איי.אם.פי.אם 330 מ""ל",,GB,בירה תורנברידג - איי,מיליליטרים,330.00,"100 מ""ל",false,1,16.90,5.12,true,1,
5013965948428,false,משחת שיניים אורל בי פרואקספרט מנטה 75 מל,,DE,משחת שיניים אורל בי,מיליליטרים,75.00,"100 מ""ל",false,1,15.90,21.20,true,1,
5013967004016,false,"וויסקי גון באאר רזרב 700 מ""ל",,GB,וויסקי גון באאר רזרב,מיליליטרים,700.00,"100 מ""ל",false,1,98.90,14.13,true,1,
5014201701623,false,ווסטונס אינגליש וינטג סיידר 750 מל,,,ווסטונס אינגליש וינט,מיליליטרים,750.00,"100 מ""ל",false,1,28.90,3.85,true,1,
5014271310428,false,מעדן סאנט דלפור דובדבנים ש 284 גר,,,מעדן סאנט דלפור דובד,גרמים,284.00,100 גרם,false,1,22.90,8.06,true,1,
5014271330426,false,מעדן סאנט דלפור אוכמניות כחולות 284 גר,,,מעדן סאנט דלפור אוכמ,גרמים,284.00,100 גרם,false,1,22.90,8.06,true,1,
5014271350424,false,מעדן סאנט דלפור ארבע פירות 284 גר,,,מעדן סאנט דלפור ארבע,גרמים,284.00,100 גרם,false,1,22.90,8.06,true,1,
5014271360423,false,מעדן סאנט דלפור תפוז 284 גר,,,מעדן סאנט דלפור תפוז,גרמים,284.00,100 גרם,false,1,22.90,8.06,true,1,
5014271400426,false,מעדן סאנט דלפור תות שדה 284 גר,,,מעדן סאנט דלפור תות,גרמים,284.00,100 גרם,false,1,22.90,8.06,true,1,
5014271795980,false,מעדן סאנט דלפור אוכמניות וחמוציות 284 גר,,,מעדן סאנט דלפור אוכמ,גרמים,284.00,100 גרם,false,1,22.90,8.06,true,1,
5014379009972,false,בירה לאגר באדוויזר פחית 500 מל,,GB,בירה לאגר באדוויזר פ,מיליליטרים,500.00,"100 מ""ל",false,1,9.50,1.90,true,1,
5018357006779,false,תערובת דגנים 50% פירות ואגוז+חמוציות 540,,,תערובת דגנים 50% פיר,גרמים,540.00,100 גרם,false,1,38.50,7.13,true,1,
5018357006816,false,תערובת דגנים 30% פירות ואגוזים 620 גרם,,,תערובת דגנים 30% פיר,גרמים,620.00,100 גרם,false,1,26.90,4.34,true,1,
5018357011858,false,גרנולה ברי 500 גר דורסט סיריאלס,,,גרנולה ברי 500 גר דו,גרמים,500.00,100 גרם,false,1,34.50,6.90,true,1,
5018481100213,false,"טומאטין סינגל מאלט 12 שנים 700 מ""ל",,,טומאטין סינגל מאלט 1,מיליליטרים,700.00,"100 מ""ל",false,1,178.90,25.56,true,1,
5024546356600,false,"וויסקי 700 מ""ל GRAND MACNISH SCOTCH",,,"וויסקי 700 מ""ל GRAND",מיליליטרים,700.00,"100 מ""ל",false,1,94.90,13.56,true,1,
5029053002408,false,נ.טואלט קלינקס לבן 9 גל,,,נ.טואלט קלינקס לבן 9,מטרים,275.00,מטר,false,1,38.90,0.14,true,1,
5029053002439,false,נ.טואלט קלינקס צהוב 9 גלילים,,,נ.טואלט קלינקס צהוב,מטרים,275.00,מטר,false,1,38.90,0.14,true,1,
5029053032658,false,ממחטות נייר קלינקס שמינייה,,,ממחטות נייר קלינקס א,Unknown,0.00,Unknown,false,1,11.60,11.60,true,1,
5029054220085,false,מגבוני האגיס רך נולד 4 יח,,IL,מגבוני האגיס רך נולד,Unknown,0.00,Unknown,false,1,33.80,33.80,true,1,
5029396000727,false,"פנטימנס גינגר ביר 200 מ""ל זכוכית",,GB,פנטימנס גינגר ביר 20,מיליליטרים,200.00,"100 מ""ל",false,1,9.50,4.75,true,1,
5030544902121,false,גבינה מעושנת DORSET RED במשקל,,,גבינה מעושנת DORSET,Unknown,0.00,"ק""ג",true,0,147.00,147.00,true,1,
5030544902992,false,גבינת צדר אנגלי 190 גר,,,גבינת צדר אנגלי 190,גרמים,190.00,100 גרם,false,1,35.50,18.68,true,1,
5030544903654,false,גבינת צדר עם בצל מקורמל Farmers Cheese 190 גרם,,,גבינת צדר עם בצל מקו,גרמים,190.00,100 גרם,false,1,27.20,14.32,true,1,
5035766044673,false,"סיידר תפוחים סטרונגבאו בודד 330 מ""ל",,,סיידר תפוחים סטרונגב,מיליליטרים,330.00,"100 מ""ל",false,1,8.50,2.58,true,1,
5035766060253,false,מרפיס פחית 500 מל,,,"מרפיס פחית 500 מ""ל",מיליליטרים,500.00,"100 מ""ל",false,1,14.90,2.98,true,1,
5050083302862,false,קלוגס-דגני בוקר באסס פופס עם דבש 375 גר,,ES,קלוגס-דגני בוקר באסס,גרמים,375.00,100 גרם,false,1,21.90,5.84,true,1,
5051225005726,false,גבינת צדר 360 גרם,,,גבינת צדר 360 גרם,גרמים,360.00,100 גרם,false,1,38.90,10.81,true,1,
5053827193368,false,קלוגס בראנפלקס 500 גרם,,,קלוגס בראנפלקס 500 ג,גרמים,500.00,100 גרם,false,1,25.10,5.02,true,1,
5053827201568,false,"קלוגס-""שוקו קריספיס"" דגני בוקר 330ג",,ES,"קלוגס-""שוקו קריספיס""",גרמים,330.00,100 גרם,false,1,21.90,6.64,true,1,
5053827207102,false,קלוגס-דגני בוקר שוקו קריספיס 330 גר,,ES,קלוגס-דגני בוקר שוקו,גרמים,330.00,100 גרם,false,1,21.90,6.64,true,1,
5060017740011,false,"גין ברוקרס 700 מ""ל",,,"גין ברוקרס 700 מ""ל",מיליליטרים,700.00,"100 מ""ל",false,1,115.90,16.56,true,1,
5060122034401,false,"משקה מארס 350 מ""ל",,GB,"משקה מארס 350 מ""ל",מיליליטרים,350.00,"100 מ""ל",false,1,13.90,3.97,true,1,
5060123607772,false,לונדון חליטת מנטה 20 שקיקים,,,לונדון חליטת מנטה 20,Unknown,0.00,Unknown,false,1,17.90,17.90,true,1,
5060123608397,false,לונדון חליטת תפוז חדש  20 שקיקים,,,לונדון חליטת תפוז חד,Unknown,0.00,Unknown,false,1,17.90,17.90,true,1,
5060190560741,false,"בירה אינס אנד גון רום פיניש 330 מ""ל",,,בירה אינס אנד גון רו,מיליליטרים,330.00,"100 מ""ל",false,1,14.90,4.52,true,1,
5060229017680,false,תה ירוק תותי בר 85 גרם,,,תה ירוק תותי בר 85 ג,Unknown,0.00,Unknown,false,1,31.90,31.90,true,1,
5060309490136,false,דיאבלו סוכריות ללא סוכר תות 75 גרם,,GB,דיאבלו סוכריות ללא ס,גרמים,75.00,100 גרם,false,1,10.90,14.53,true,1,
5060309490150,false,דיאבלו סוכריות ללא סוכר קפוצינו  75 גרם,,GB,דיאבלו סוכריות ללא ס,גרמים,75.00,100 גרם,false,1,10.90,14.53,true,1,
5060319120078,false,תה איבנינג אורגני 40 גרם הייר ליבינג,,,תה איבנינג אורגני 40,Unknown,0.00,Unknown,false,1,18.90,18.90,true,1,
5060319120122,false,תה צאי ירוק אורגני 40 גרם הייר ליבינג,,,תה צאי ירוק אורגני,גרמים,40.00,100 גרם,false,1,18.90,47.25,true,1,
5060323903933,false,הילפילד שעועית צ`ילי 400 גר,,,הילפילד שעועית צ`ילי,גרמים,400.00,100 גרם,false,1,9.10,2.28,true,1,
5060326870850,false,"חטיף חומוס, בטטה, אפונה בטעם מלוח85 ג",,GB,"חטיף חומוס, בטטה, אפ",גרמים,85.00,100 גרם,false,1,10.40,12.24,true,1,
5060326870898,false,חטיף ציפס חלבון בטעם ברביקיו מתוק85 ג,,GB,חטיף ציפס חלבון בטעם,גרמים,85.00,100 גרם,false,1,10.40,12.24,true,1,
5060412214124,false,אוור קלין צהוב חדש 6,,,אוור קלין צהוב חדש 6,Unknown,0.00,Unknown,false,1,59.90,59.90,true,1,
5060433631887,false,"בירה סאונדוויב 330 מ""ל סרין",,GB,בירה סאונדוויב 330 מ,מיליליטרים,330.00,"100 מ""ל",false,1,18.90,5.73,true,1,
5060462260539,false,אצבעות וופל קרם אגוזים שוקולד 45 גרם,,ES,אצבעות וופל קרם אגוז,גרמים,45.00,100 גרם,false,1,16.90,37.56,true,1,
5060462260683,false,אצבעות וופל קרם אגוזים ש. לבן 45 גרם,,ES,אצבעות וופל קרם אגוז,גרמים,45.00,100 גרם,false,1,16.90,37.56,true,1,
5060462260713,false,אצבעות וופל קרם קרמל מלוח מ.קרמל 45 גרם,,ES,אצבעות וופל קרם קרמל,גרמים,45.00,100 גרם,false,1,16.90,37.56,true,1,
5060462261475,false,חטיף קאפס קרם בוטנים ציפוי שוקולד 34 גרם,,ES,חטיף קאפס קרם בוטנים,גרמים,34.00,100 גרם,false,1,16.90,49.71,true,1,
5060462261628,false,חטיף קאפס קרם בוטנים מ.שוקולד לבן 34 גרם,,ES,חטיף קאפס קרם בוטנים,גרמים,34.00,100 גרם,false,1,16.90,49.71,true,1,
5060517886516,false,"מונסטר אנרגי זירו פח 500 מ""ל",,RS,מונסטר אנרגי זירו פח,מיליליטרים,500.00,"100 מ""ל",false,1,7.90,1.58,true,1,
5060639129102,false,"Mango Loco מונסטר 500 מ""ל",,,Mango Loco מונסטר 50,מיליליטרים,500.00,"100 מ""ל",false,1,7.90,1.58,true,1,
5060671000063,false,מיקסרים  מיוון בטעם אשכולית ורודה 200 מל,,,מיקסרים  מיוון בטעם,מיליליטרים,200.00,"100 מ""ל",false,1,9.50,4.75,true,1,
5060671000124,false,מיקסרים החדש מיוון בטעם טוניק לימון 200,,,מיקסרים החדש מיוון ב,מיליליטרים,200.00,"100 מ""ל",false,1,9.50,4.75,true,1,
5099873017623,false,"וויסקי גק דניאלס טנסי אפל 700 מ""ל",,,וויסקי גק דניאלס טנס,מיליליטרים,700.00,"100 מ""ל",false,1,109.90,15.70,true,1,
5200029961824,false,"גין בפטר 700 מ""ל",,,"גין בפטר 700 מ""ל",מיליליטרים,700.00,"100 מ""ל",false,1,119.90,17.13,true,1,
5200132560150,false,"יין דומיין סבאניס, פייר ווינד רוזה 750",,GR,"יין דומיין סבאניס, פ",Unknown,0.00,Unknown,false,1,39.90,39.90,true,1,
5200132560167,false,"יין דומיין סבאניס, פייר ווינד לבן 750",,GR,"יין דומיין סבאניס, פ",Unknown,0.00,Unknown,false,1,39.90,39.90,true,1,
5201004021328,false,גליליות ממולאות קרם אגוזים 115 גר,,GR,גליליות קפריס רולס ק,גרמים,115.00,100 גרם,false,1,10.30,8.96,true,1,
5201340003392,false,טונה מעושנת בלימון 160 גרם,,GR,טונה מעושנת בלימון 1,גרמים,160.00,100 גרם,false,1,16.90,10.56,true,1,
5201940010110,false,זיתים שחורים מזן קלמטה בפח 454  גרם,,,זיתים שחורים מזן קלמ,גרמים,454.00,100 גרם,false,1,17.90,3.94,true,1,
5202175001515,false,נאצ`וס בטעם מלוח 225 גר,,,נאצ`וס בטעם מלוח 225,גרמים,225.00,100 גרם,false,1,12.50,5.56,true,1,
5202390016325,false,צהובה טבעונית טעם מעושן 200 גר,,,צהובה טבעונית טעם מע,גרמים,200.00,100 גרם,false,1,24.90,12.45,true,1,
5202390019319,false,מוצרלה טבעונית מגורדת לפיצה 200 גר,,,מוצרלה טבעונית לפיצה,גרמים,200.00,100 גרם,false,1,24.90,12.45,true,1,
5202390020407,false,בסגנון פטה טבעוני 200 גר,,GR,בסגנון פטה טבעוני 20,גרמים,200.00,100 גרם,false,1,27.90,13.95,true,1,
5202390021121,false,קרמי אוריגינל טבעוני ויולייף 150 גר,,GR,קרמי אוריגינל טבעוני,גרמים,150.00,100 גרם,false,1,19.90,13.27,true,1,
5202413007019,false,"אוזו פלומארי 700 מ""ל",,,"אוזו פלומארי 700 מ""ל",מיליליטרים,700.00,"100 מ""ל",false,1,79.90,11.41,true,1,
5208049001841,false,פאל מאל דמי קפסולה חפיסה,,,פאל מאל דמי קפסולה ח,Unknown,0.00,Unknown,false,1,26.00,26.00,true,1,
5214000101369,false,"שמן זית יווני כתית מעולה 750 מ""ל Oleum",Oleum,,שמן זית יווני כתית מ,מיליליטרים,750.00,"100 מ""ל",false,1,54.90,7.32,true,1,
5391500600650,false,"בירה אוהרס - אייריש פייל אייל 330 מ""ל",,IE,בירה אוהרס - אייריש,מיליליטרים,330.00,"100 מ""ל",false,1,14.90,4.52,true,1,
5400265020693,false,בונ קופידו שוקולד סטיקס מנטה 125 גרם,,,בונ קופידו שוקולד סט,גרמים,125.00,100 גרם,false,1,21.60,17.28,true,1,
5400265022796,false,המלט- שוקוליס דפדפי קריספי  125 גר,,,המלט- שוקוליס דפדפי,גרמים,125.00,100 גרם,false,1,18.40,14.72,true,1,
5400265022826,false,המלט- שוקוליס דפדפי תפוז קריספי  125 גר,,,המלט- שוקוליס דפדפי,גרמים,125.00,100 גרם,false,1,18.40,14.72,true,1,
5400265026138,false,המלט - באריזת מתנה 250 גרם מודרני,,,המלט - באריזת מתנה 2,גרמים,250.00,100 גרם,false,1,46.50,18.60,true,1,
5400265035918,false,המלט פרלינים אקסלסיום זהב 180 גרם,,,המלט פרלינים אקסלסיו,גרמים,180.00,100 גרם,false,1,14.90,8.28,true,1,
5410126006087,false,ביסקוויט לוטוס קרמל 700 גרם,,,ביסקוויט לוטוס קרמל,גרמים,700.00,100 גרם,false,1,33.50,4.79,true,1,
5410126026962,false,"סירופ בטעם ביסקוויט לוטוס 1 ק""ג",,DE,סירופ בטעם ביסקוויט,גרמים,1000.00,100 גרם,false,1,69.90,6.99,true,1,
5410126116953,false,ממרח עוגיות לוטוס קרמל 400 גר,,,ממרח עוגיות לוטוס קר,גרמים,400.00,100 גרם,false,1,25.90,6.48,true,1,
5410126666038,false,עוגיות לוטוס 279 גרם,,BE,עוגיות לוטוס 279 גרם,גרמים,279.00,100 גרם,false,1,14.60,5.23,true,1,
5410126716016,false,ביסקויט קרמל לוטוס 250 גר,,,ביסקויט קרמל לוטוס 2,גרמים,250.00,100 גרם,false,1,12.90,5.16,true,1,
5410228141266,false,"בירה סטלה ארטואה 330 מ""ל",,,בירה סטלה ארטואה 330,מיליליטרים,330.00,"100 מ""ל",false,1,6.90,2.09,true,1,
5410228142089,false,"לף בלונד 330 מ""ל",,,"לף בלונד 330 מ""ל",מיליליטרים,330.00,"100 מ""ל",false,1,9.90,3.00,true,1,
5410228144755,false,"בירה סטלה ארטואה שישייה בקבוק 330 מ""ל",,,שישיית סטלה ארטואה,מיליליטרים,1980.00,"100 מ""ל",false,1,36.90,1.86,true,1,
5410316983693,false,"סמירנוף אייס בודד 275 מ""ל",,,סמירנוף אייס בודד 27,מיליליטרים,275.00,"100 מ""ל",false,1,13.90,5.05,true,1,
5410316994019,false,"סמירנוף אדום 700 מ""ל",,,"סמירנוף אדום 700 מ""ל",מיליליטרים,700.00,"100 מ""ל",false,1,59.90,8.56,true,1,
5410358452805,false,הריבו ריינבו מרשמלו צבעוני 175 גרם,,BE,הריבו ריינבו מרשמלו,גרמים,175.00,100 גרם,false,1,8.30,4.74,true,1,
5410358453116,false,הריבו- מרשמלו מיקס 175 גרם,,BE,הריבו- מרשמלו מיקס 1,גרמים,175.00,100 גרם,false,1,9.30,5.31,true,1,
5410358459347,false,הריבו מרשמלו ברביקיו 175 גרם,,BE,הריבו מרשמלו ברביקיו,גרמים,175.00,100 גרם,false,1,8.30,4.74,true,1,
5410481080166,false,קרלייר-נוגט וניל עם שקדים 100 גר,,BE,קרלייר-נוגט וניל עם,גרמים,100.00,100 גרם,false,1,16.40,16.40,true,1,
5410481080173,false,קרלייר-נוגט שקדים ווניל 100 גר,,BE,קרלייר-נוגט שקדים וו,גרמים,100.00,100 גרם,false,1,16.40,16.40,true,1,
5410481080180,false,קרלייר-נוגט תות פיסטוק וקקאו 100 גר,,BE,קרלייר-נוגט תות פיסט,גרמים,100.00,100 גרם,false,1,16.40,16.40,true,1,
5410769200088,false,"בירה מק שוף 330 מ""ל בקבוק",,,"בירה מק שוף 330 מ""ל",מיליליטרים,330.00,"100 מ""ל",false,1,17.90,5.42,true,1,
5410769200095,false,"בקבוק מק שוף 750 מ""ל בקבוק",,,"בקבוק מק שוף 750 מ""ל",מיליליטרים,750.00,"100 מ""ל",false,1,31.90,4.25,true,1,
5410769800097,false,"בירה לה  צרי שוף 8% 330 מ""ל בקבוק",,,בירה לה  צרי שוף 8%,מיליליטרים,330.00,"100 מ""ל",false,1,17.90,5.42,true,1,
5410976821014,false,גיליאן שוקולד מריר 50% ללא סוכר 100 גרם,,BE,גיליאן שוקולד מריר 5,גרמים,100.00,100 גרם,false,1,17.90,17.90,true,1,
5410976823018,false,גיליאן-שוקולד מריר פטל 100 גר,,BE,גיליאן-שוקולד מריר פ,גרמים,100.00,100 גרם,false,1,15.90,15.90,true,1,
5410976826019,false,שוקולד מריר 72% 100 גר גיליאן,,BE,שוקולד מריר 72% 100,גרמים,100.00,100 גרם,false,1,15.90,15.90,true,1,
5411081000523,false,"בירה קסטיל כהה 330 מ""ל",,,בירה קסטיל כהה 330 מ,מיליליטרים,330.00,"100 מ""ל",false,1,12.90,3.91,true,1,
5411081003654,false,"בירה קסטיל רוז 330 מ""ל",,,בירה קסטיל רוז 330 מ,מיליליטרים,330.00,"100 מ""ל",false,1,12.90,3.91,true,1,
5411081003661,false,"בירה קסטיל רוז 750 מ""ל",,,בירה קסטיל רוז 750 מ,מיליליטרים,750.00,"100 מ""ל",false,1,38.90,5.19,true,1,
5411081005696,false,"בירה קסטיל שוקולד (בריסטה) 330 מ""ל",,,בירה קסטיל שוקולד (ב,מיליליטרים,330.00,"100 מ""ל",false,1,12.90,3.91,true,1,
5411081008192,false,"בירה קסטיל רוז 330 מ""ל פחית",,,בירה קסטיל רוז 330 מ,מיליליטרים,330.00,"100 מ""ל",false,1,12.90,3.91,true,1,
5411188094159,false,אלפרו מעדן סויה בטעם שוקו בלגי 125 גר*4,,,אלפרו מעדן סויה בטעם,גרמים,500.00,100 גרם,false,1,19.80,3.96,true,1,
5411188110835,false,אלפרו משקה שקדים 1 ליטר,,,אלפרו משקה שקדים 1 ל,מיליליטרים,1000.00,"100 מ""ל",false,1,14.90,1.49,true,1,
5411188112549,false,אלפרו משקה אורז 1 ליטר,,,אלפרו משקה אורז 1 לי,מיליליטרים,1000.00,"100 מ""ל",false,1,14.90,1.49,true,1,
5411188112709,false,אלפרו משקה שקדים ללא סוכר 1 ליטר,,,אלפרו משקה שקדים ללא,מיליליטרים,1000.00,"100 מ""ל",false,1,14.90,1.49,true,1,
5411188115366,false,אלפרו משקה שיבולת שועל 1 ליטר,,,אלפרו משקה שיבולת שו,מיליליטרים,1000.00,"100 מ""ל",false,1,15.90,1.59,true,1,
5411188115434,false,אלפרו משקה בריסטה סויה 1ל,,BE,אלפרו משקה בריסטה סו,מיליליטרים,1000.00,"100 מ""ל",false,1,16.90,1.69,true,1,
5411188115472,false,אלפרו משקה סויה 1 ליטר,,BE,אלפרו משקה סויה 1 לי,מיליליטרים,1000.00,"100 מ""ל",false,1,14.90,1.49,true,1,
5411188120742,false,אלפרו משקה שקדים בטעם וניל 1 ליטר,,,אלפרו משקה שקדים בטע,מיליליטרים,1000.00,"100 מ""ל",false,1,15.90,1.59,true,1,
5411188120957,false,"אלפרו קוקוס לבישול 14% שומן 250 מ""ל",,,אלפרו קוקוס לבישול 1,מיליליטרים,250.00,"100 מ""ל",false,1,10.90,4.36,true,1,
5411188121923,false,"שלישיות סויה סידן 750 מ""ל",,,שלישיות אלפרו סויה ב,מיליליטרים,750.00,"100 מ""ל",false,1,15.90,2.12,true,1,
5411188121978,false,"שלישיות סויה סידן 750 מ""ל",,,שלישיות אלפרו סויה ש,מיליליטרים,750.00,"100 מ""ל",false,1,15.90,2.12,true,1,
5411188122586,false,"אלפרו משקה שקדים 250 מ""ל",,,אלפרו משקה שקדים 250,מיליליטרים,250.00,"100 מ""ל",false,1,6.90,2.76,true,1,
5411188124689,false,"אלפרו משקה שיבולת שועל לל""ס 1 ליטר",,,אלפרו משקה שיבולת שו,מיליליטרים,1000.00,"100 מ""ל",false,1,15.90,1.59,true,1,
5411188124726,false,אלפרו משקה שיבולת שועל שקדים 1 ליטר,,,אלפרו משקה שיבולת שו,מיליליטרים,1000.00,"100 מ""ל",false,1,15.90,1.59,true,1,
5411188126195,false,אלפרו משקה שקדים אורגני 1 ליטר,,BE,אלפרו משקה שקדים,מיליליטרים,1000.00,"100 מ""ל",false,1,15.90,1.59,true,1,
5411188127697,false,אלפרו בריסטה משקה שיבולת שועל 1 ליטר,,BE,אלפרו בריסטה משקה שי,מיליליטרים,1000.00,"100 מ""ל",false,1,16.90,1.69,true,1,
5411188129899,false,אלפרו בריסטה משקה שקדים 1 ליטר,,BE,אלפרו בריסטה משקה שק,מיליליטרים,1000.00,"100 מ""ל",false,1,16.90,1.69,true,1,
5411188300328,false,אלפרו סויה בטעם שוקו 1 ליטר,,,אלפרו סויה בטעם שוקו,מיליליטרים,1000.00,"100 מ""ל",false,1,17.50,1.75,true,1,
5411188543398,false,אלפרו משקה סויה ללא סוכר 1 ליטר,,BE,אלפרו משקה סויה ללא,מיליליטרים,1000.00,"100 מ""ל",false,1,14.90,1.49,true,1,
5411223030081,false,"בירה לינדמנס קריק דובדבנים 250 מ""ל",,,בירה לינדמנס דובדבני,מיליליטרים,250.00,"100 מ""ל",false,1,15.90,6.36,true,1,
5411223100579,false,"בירה לינדמנס אפל תפוח 250 מ""ל",,,בירה לינדמנס אפל תפו,מיליליטרים,250.00,"100 מ""ל",false,1,15.90,6.36,true,1,
5411223100920,false,בירה לינדמנס קריק דובדבנים 750 מל,,,בירה לינדמנס קריק דו,מיליליטרים,750.00,"100 מ""ל",false,1,39.90,5.32,true,1,
5411676175148,false,"בירת ברבר כהה 750 מ""ל בקבוק",,BE,"בירת ברבר כהה 750 מ""",מיליליטרים,750.00,"100 מ""ל",false,1,35.90,4.79,true,1,
5411676301356,false,"בירת ברבר בוק (כהה) 330 מ""ל",,,בירת ברבר בוק (כהה),מיליליטרים,330.00,"100 מ""ל",false,1,16.90,5.12,true,1,
5411686700118,false,"בירה לינדמנס פרוטס 250 מ""ל",,,בירה לינדמנס פרוטס 2,מיליליטרים,250.00,"100 מ""ל",false,1,15.90,6.36,true,1,
5411718911963,false,"סיידר תפוחים סטרונגבואו רוזה 330 מ""ל",,,סיידר תפוחים סטרונגב,מיליליטרים,330.00,"100 מ""ל",false,1,8.50,2.58,true,1,
5412514931889,false,עלי קורדיטס 272 ג SOFT TACO,,,עלי קורדיטס 272 ג SO,גרמים,272.00,100 גרם,false,1,20.40,7.50,true,1,
5412514999919,false,פוקו-לוקו סלסה מקסיקנית 325 גרם,,,פוקו-לוקו סלסה מקסיק,גרמים,325.00,100 גרם,false,1,30.50,9.38,true,1,
5412514999957,false,סלסה גוואקמולה  300 גרם,,,סלסה גוואקמולה  300,גרמים,300.00,100 גרם,false,1,38.90,12.97,true,1,
5412533001617,false,נוזל לניקוי כלים אלוורה ולימון 1 ליטר,,,נוזל לניקוי כלים אלו,מיליליטרים,1000.00,"100 מ""ל",false,1,19.90,1.99,true,1,
5412533003857,false,נוזל ניקוי אסלות גלי-ים (פקק כחול) 750 מ,,,נוזל ניקוי אסלות גלי,מיליליטרים,750.00,"100 מ""ל",false,1,19.90,2.65,true,1,
5412533419566,false,נוזל לכביסה עדינה בניחוח נופר  750 מל,,,נוזל לכביסה עדינה בנ,מיליליטרים,750.00,"100 מ""ל",false,1,25.50,3.40,true,1,
5412533420364,false,נוזל כביסה פורמולה מרוכזת 1 ליטר,,,נוזל כביסה פורמולה מ,מיליליטרים,1000.00,"100 מ""ל",false,1,44.90,4.49,true,1,
5413121355082,false,שוקולד בלגי מריר משובח 72 פרסטיז 100 גרם,,,שוקולד בלגי מריר משו,גרמים,100.00,100 גרם,false,1,14.50,14.50,true,1,
5413121355099,false,שוקולד בלגי מריר קפה פרסטיז 100 גרם,,,שוקולד בלגי מריר קפה,גרמים,100.00,100 גרם,false,1,14.50,14.50,true,1,
5413121356829,false,שוקולד חלב 100 גר ללתס,,,שוקולד חלב 100 גר,גרמים,100.00,100 גרם,false,1,18.50,18.50,true,1,
5413121358694,false,שוקולד בלגי מריר משובח 85%פרסטיז 100 גרם,,,שוקולד בלגי מריר משו,גרמים,100.00,100 גרם,false,1,14.50,14.50,true,1,
5413121359981,false,"בלגיאן שוקולד ללת""ס חלב אגוזים  100 גר",,,"בלגיאן שוקולד ללת""ס",גרמים,100.00,100 גרם,false,1,22.90,22.90,true,1,
5413121359998,false,"שוקולד מריר שקד ללת""ס בלגיאן 100 גר",,,"שוקולד מריר שקד ללת""",גרמים,100.00,100 גרם,false,1,22.90,22.90,true,1,
5413149655522,false,"אריאל שושן צחור 1.25 ק""ג",,,אריאל שושן צחור 1.25,קילוגרמים,0.00,"ק""ג",false,1,23.90,23.90,true,1,
5414145035622,false,וויסקי בורבון קנטקי גק 1 ליטר,,,וויסקי בורבון קנטקי,מיליליטרים,1000.00,"100 מ""ל",false,1,130.90,13.09,true,1,
5420066330210,false,ביאנקה טרופל קקאו באריזת כסף 175 גר,,,ביאנקה טרופל קקאו בא,גרמים,175.00,100 גרם,false,1,14.90,8.51,true,1,
5420066370032,false,טראפל בלגי מריר 150 גרם,,,טראפל בלגי מריר 150,גרמים,150.00,100 גרם,false,1,11.90,7.93,true,1,
5420066370384,false,טראפל בלגי אגוזים 150 גרם,,,טראפל בלגי אגוזים 15,גרמים,150.00,100 גרם,false,1,11.90,7.93,true,1,
5600787049008,false,"משקה אורגני ע""ב קמבוצה ותה ירוק 400 מל",,PT,"משקה אורגני ע""ב קמבו",מיליליטרים,400.00,"100 מ""ל",false,1,21.90,5.48,true,1,
5600787049022,false,"משקה אורגני ע""ב קמבוצה ותה ירוק 400 מל",,PT,"משקה אורגני ע""ב קמבו",מיליליטרים,400.00,"100 מ""ל",false,1,21.90,5.48,true,1,
5600787049046,false,"משקה אורגני ע""ב קמבוצה ותה ירוק 400 מ",,PT,"משקה אורגני ע""ב קמבו",מיליליטרים,400.00,"100 מ""ל",false,1,21.90,5.48,true,1,
5600787049213,false,"משקה אורגני ע""ב קמבוצה ותה ירוק עם 400",,PT,"משקה אורגני ע""ב קמבו",מיליליטרים,400.00,"100 מ""ל",false,1,21.90,5.48,true,1,
5601007001615,false,"יין פורט פריירה רובי 750 מ""ל",,,יין פורט פריירה רובי,Unknown,0.00,Unknown,false,1,67.90,67.90,true,1,
5601010211070,false,סרדין במים  125 גר רמירז,,,סרדין במים  125 גר ר,גרמים,125.00,100 גרם,false,1,11.90,9.52,true,1,
5601045300022,false,משקה גוארנה  אנטרטיקה פחית 355 מל,,,משקה גוארנה  אנטרטיק,מיליליטרים,356.00,"100 מ""ל",false,1,6.90,1.94,true,1,
5601055317225,false,עדשי שוקולד פינטרולס 200 גרם,פינטרולס,PT,עדשי שוקולד פינטרולס,גרמים,200.00,100 גרם,false,1,14.90,7.45,true,1,
5601083653104,false,יין סנדמאן פורט פאונדרס רזרב 750 מל,,,סנדמאן פורט פאונדרס,Unknown,0.00,Unknown,false,1,78.90,78.90,true,1,
5601996023780,false,"יין פורטה 6 רוזה 750 מ""ל",,PT,יין פורטה 6 רוזה 750,Unknown,0.00,Unknown,false,1,49.90,49.90,true,1,
5601996669872,false,"יין פורטה 6 וינו ורדה 750 מ""ל",,PT,יין פורטה 6 וינו ורד,Unknown,0.00,Unknown,false,1,49.90,49.90,true,1,
5604912415041,false,סרדינים בשמן חמניה פורטוס 125 גרם,,PT,סרדינים בשמן חמניה פ,גרמים,125.00,100 גרם,false,1,7.50,6.00,true,1,
5604912415058,false,סרדינים בשמן חמניה חריף פורטוס 125 גרם,,PT,סרדינים בשמן חמניה ח,גרמים,125.00,100 גרם,false,1,7.50,6.00,true,1,
5604912425057,false,מקרלים בשמן חמניה חריף פורטוס 125 גרם,,PT,מקרלים בשמן חמניה חר,גרמים,125.00,100 גרם,false,1,7.50,6.00,true,1,
5608933004376,false,"שישיית בירה עלמה לאגר כהה 2003 330 מ""ל",,PT,שישיית בירה עלמה לאג,מיליליטרים,1980.00,"100 מ""ל",false,1,39.90,2.02,true,1,
5694230223312,false,כבד דג במיץ טבעי 121 גר BRIVAIS VILNIS,,IS,כבד דג במיץ טבעי 121,גרמים,121.00,100 גרם,false,1,10.90,9.01,true,1,
5701932026971,false,הוטפופ חמאה 600 גרם,,,הוטפופ חמאה 600 גרם,גרמים,600.00,100 גרם,false,1,16.90,2.82,true,1,
5701932026995,false,פופקורן הוט פופ טבעי לייט 510 ג,,,פופקורן הופ פופ טבעי,גרמים,510.00,100 גרם,false,1,16.90,3.31,true,1,
5708776001232,false,"סירופ מייפל אורגני 250 מ""ל Manna",,DK,סירופ מייפל אורגני 2,מיליליטרים,250.00,"100 מ""ל",false,1,31.50,12.60,true,1,
5711953106583,false,גבינת שמנת טבעי ארלה 200 גר,,IL,גבינת שמנת טבעי ארלה,גרמים,200.00,100 גרם,false,1,17.90,8.95,true,1,
5740900403215,false,ממרח לורפק עם מלח 250 גר,,DK,ממרח לורפק עם מלח 25,גרמים,250.00,100 גרם,false,1,17.90,7.16,true,1,
5740900403222,false,ממרח לורפק עם מלח מופחת שומן 250 גר,,DK,ממרח לורפק עם מלח מו,גרמים,250.00,100 גרם,false,1,19.90,7.96,true,1,
5740900403239,false,ממרח לורפק ללא מלח 250 גר,,DK,ממרח לורפק ללא מלח 2,גרמים,250.00,100 גרם,false,1,19.90,7.96,true,1,
5740900403864,false,לורפק חמאה עם מלח 200 גרם,,DK,לורפק חמאה עם מלח,גרמים,200.00,100 גרם,false,1,11.90,5.95,true,1,
5774540133904,false,אנטון ברג-מיני טאבלטס מיקס 100 גר,,,אנטון ברג-מיני טאבלט,גרמים,100.00,100 גרם,false,1,24.90,24.90,true,1,
5774540984056,false,אנטון ברג-מרציפן תות שדה ושמפניה 220 גר,,,אנטון ברג-מרציפן תות,גרמים,220.00,100 גרם,false,1,43.90,19.95,true,1,
5774540990057,false,אנטון ברג-מרציפן אוכמניות בוודקה  220 גר,,,אנטון ברג-מרציפן אוכ,גרמים,220.00,100 גרם,false,1,43.90,19.95,true,1,
5900020012814,false,דגנים נסקוויק מלחמת הכוכבים 500 גרם,,,דגנים נסקוויק 500 גר,גרמים,375.00,100 גרם,false,1,28.90,7.71,true,1,
5900020018908,false,פיטנס חטיף דגנים קרם עוגיות 141 גרם,,,פיטנס חטיף דגנים קרם,גרמים,141.00,100 גרם,false,1,18.90,13.40,true,1,
5900020020741,false,חטיפי דגנים נסקוויק בר שוקו שוקו 6*25 גר,,,חטיפי דגנים נסקוויק,גרמים,150.00,100 גרם,false,1,17.90,11.93,true,1,
5900020024770,false,פיטנס בר דליס שוקולד אגוז  6*22.5 גרם,,,פיטנס בר דליס שוקולד,גרמים,135.00,100 גרם,false,1,18.90,14.00,true,1,
5900020026552,false,האני נאט ציריוס מלחמת הכוכבים 625 גרם,,,האני נאט ציריוס מלחמ,גרמים,625.00,100 גרם,false,1,27.90,4.46,true,1,
5900020033314,false,ליון חטיף דגנים 150 גרם,,PL,ליון חטיף דגנים 150,גרמים,150.00,100 גרם,false,1,17.90,11.93,true,1,
5900020034021,false,פיטנס בר דליס שוקולד בננה  8*23.5 גרם,,PL,פיטנס בר דליס שוקולד,גרמים,188.00,100 גרם,false,1,18.90,10.05,true,1,
5900020037916,false,צריוס שיבולת שועל 375 גרם,,FR,צריוס שיבולת שועל 37,גרמים,375.00,100 גרם,false,1,20.90,5.57,true,1,
5900020039132,false,ציריוס שיבולת שועל תפוח קינמון 320 גרם,,,ציריוס שיבולת שועל ת,גרמים,320.00,100 גרם,false,1,21.90,6.84,true,1,
5900951291593,false,אם אנד אם קרמל מלוח 70 גרם,,,אם אנד אם קרמל מלוח,גרמים,175.00,100 גרם,false,1,10.90,6.23,true,1,
5900951293610,false,אם אנד אם בראוניז 70 גרם,,,אם אנד אם בראוניז 70,גרמים,175.00,100 גרם,false,1,10.90,6.23,true,1,
5901008001585,false,שימורי פרוסות סלק כבוש 710 גר POLAN,,,שימורי פרוסות סלק,גרמים,710.00,100 גרם,false,1,13.10,1.85,true,1,
5901008990100,false,פרוסות מלפפון ופלפל 850 גר POLAN,,PL,פרוסות מלפפון ופלפל,גרמים,850.00,100 גרם,false,1,13.90,1.64,true,1,
5901008990292,false,סלט כרוב וגזר כבוש 900 גרם Polan,,PL,סלט כרוב וגזר כבוש 9,גרמים,900.00,100 גרם,false,1,14.60,1.62,true,1,
5901008990322,false,שימורי פטיסונים מוחמצים 860 גר POLAN,,,שימורי פטיסונים מוחמ,גרמים,860.00,100 גרם,false,1,18.60,2.16,true,1,
5901008990339,false,פרוסות מלפפונים מוחמצים 660 גר POLAN,,,פרוסות מלפפונים מוחמ,גרמים,660.00,100 גרם,false,1,16.30,2.47,true,1,
5901008990407,false,שימורי מלפפונים מוחמצים 860 גר POLAN,,,שימורי מלפפונים מוחמ,גרמים,860.00,100 גרם,false,1,18.80,2.19,true,1,
5901008990445,false,ריבועי פלפל אדום 680 גר POLAN,,,ריבועי פלפל אדום 680,גרמים,680.00,100 גרם,false,1,17.90,2.63,true,1,
5901008990452,false,כרוב כבוש 900 גר POLAN,,,כרוב כבוש 900 גר POL,גרמים,900.00,100 גרם,false,1,17.90,1.99,true,1,
5901008990599,false,מלפפונים קורנישונים מוחמצים 860 גר POLAN,,,מלפפונים קורנישונים,גרמים,860.00,100 גרם,false,1,19.80,2.30,true,1,
5901041003003,false,"וודקה בלוודר 700 מ""ל",,,"וודקה בלוודר 700 מ""ל",מיליליטרים,700.00,"100 מ""ל",false,1,109.90,15.70,true,1,
5901046990315,false,חזרת אדומה 180 גר POLAN,,,חזרת אדומה 180 גר PO,גרמים,180.00,100 גרם,false,1,10.90,6.06,true,1,
5901330075063,false,חטיף חלבון בטעם אגוזי לוז 60 גרם,,PL,חטיף חלבון בטעם אגוז,גרמים,60.00,100 גרם,false,1,17.90,29.83,true,1,
5901669485663,false,ברון שוקולד מריר תפוז 100 גרם,,PL,ברון שוקולד מריר תפו,גרמים,100.00,100 גרם,false,1,9.90,9.90,true,1,
5902198160403,false,"XL TEN משקה אנרגיה ללא סוכר 250 מ""ל",,,XL TEN משקה אנרגיה,מיליליטרים,250.00,"100 מ""ל",false,1,4.90,1.96,true,1,
5902808786696,false,"טורטילאב-דפי טורטייה 25 ס""מ 360 גרם",,PL,טורטילאב-דפי טורטייה,גרמים,360.00,100 גרם,false,1,11.50,3.19,true,1,
5904358560047,false,ברון שוקולד מריר עם קרמל ומלח ים 126 גרם,,PL,ברון שוקולד מריר עם,גרמים,126.00,100 גרם,false,1,13.90,11.03,true,1,
5904603190883,false,עגבניות ירוקות 980 מל,,,עגבניות ירוקות כבושו,גרמים,880.00,100 גרם,false,1,13.90,1.58,true,1,
5904603192054,false,מלפפונים בחומץ ברוטב חרדל 700 גר,,,מלפפונים בחומץ ברוטב,גרמים,700.00,100 גרם,false,1,14.90,2.13,true,1,
5906485301012,false,"משקה אנרגיה XL פחית 250 מ""ל",,,משקה אנרגיה XL פחית,מיליליטרים,250.00,"100 מ""ל",false,1,4.90,1.96,true,1,
5941021001674,false,היידי 85% 80ג,,,היידי 85% 80ג,Unknown,0.00,Unknown,false,1,11.40,11.40,true,1,
5941021002190,false,טבלת היידי גראנדור לבן אגוז 100 גר,,,טבלת היידי גראנדור ל,גרמים,100.00,100 גרם,false,1,11.00,11.00,true,1,
5941021007577,false,טבלת היידי גראנדור פיסטוק  80 גר,היידי שוקולד,,טבלת היידי גראנדור פ,Unknown,0.00,Unknown,false,1,9.90,9.90,true,1,
6001030003126,false,רוטב ולינגטונס ווסטר 250 גר,,,רוטב ולינגטונס ווסטר,גרמים,250.00,100 גרם,false,1,18.90,7.56,true,1,
6001108045171,false,"שישיה סיידר סוואנה  6% אלכוהול 330 מ""ל",,ZA,שישיה סיידר סוואנה,מיליליטרים,1980.00,"100 מ""ל",false,1,52.90,2.67,true,1,
6001495062591,false,"ליקר אמרולה 750 מ""ל",,,ליקר אמרולה,מיליליטרים,750.00,"100 מ""ל",false,1,93.90,12.52,true,1,
6003770003091,false,רוטב נאנדוס פרי פרי מיילד 250 גרם,,,רוטב נאנדוס פרי פרי,גרמים,250.00,100 גרם,false,1,24.90,9.96,true,1,
6006507005016,false,טקסס סטייקי 100 גרם CAPE HERBS,,,טקסס סטייקי 100 גרם,גרמים,100.00,100 גרם,false,1,25.40,25.40,true,1,
6009893614206,false,"יין קייפ גואל גוורצטרמינר ריזרב 750 מ""ל",,ZA,יין קייפ גואל גוורצט,Unknown,0.00,Unknown,false,1,48.90,48.90,true,1,
6009900532745,false,"יין קייפ גואל מרלו ריזרב 750 מ""ל",,ZA,יין קייפ גואל מרלו ר,Unknown,0.00,Unknown,false,1,48.90,48.90,true,1,
6009900532783,false,"יין גואל קברנה סוביניון ריזרב 750 מ""ל",,ZA,יין קייפ גואל קברנה,Unknown,0.00,Unknown,false,1,48.90,48.90,true,1,
6411401037320,false,פייזר סאלמיאקי מיקס לקריץ,,,פייזר סאלמיאקי מיקס,יחידה,1.00,יחידה,false,1,14.90,14.90,true,1,
6414100894003,false,תחבושת יומיומית- 100% תאית צמחית 26 יח,,,תחבושת יומיומית- 100,Unknown,0.00,Unknown,false,1,22.90,22.90,true,1,
6416453435636,false,פייזר מריאנה שוקולד במילוי מנטה,,,פייזר מריאנה שוקולד,יחידה,1.00,יחידה,false,1,11.90,11.90,true,1,
6912977000140,false,אטריות שעועית דקות 250 גרם,,,אטריות שעועית דקות 2,גרמים,250.00,100 גרם,false,1,9.90,3.96,true,1,
6921052701001,false,אצות ווקאמה 40 גרם,,,אצות ווקאמה 40 גרם,גרמים,40.00,100 גרם,false,1,10.50,26.25,true,1,
6922276100083,false,מחית וואסבי - חזרת 43 גרם דליאן,,,מחית וואסבי - חזרת 4,גרמים,43.00,100 גרם,false,1,10.50,24.42,true,1,
6933960500089,false,קנפיו 100 גרם-רצועות דלעת לסושי,,,קנפיו 100 גרם-רצועות,גרמים,100.00,100 גרם,false,1,13.50,13.50,true,1,
6934731200078,false,אטריות טריות דקות 200 גרם,,CN,אטריות טריות דקות 20,גרמים,200.00,100 גרם,false,1,8.30,4.15,true,1,
6936613888667,false,שום,,,שום,Unknown,0.00,Unknown,false,1,6.90,6.90,true,1,
6936745600462,false,מירין דאניינג 500 מל,,,מירין דאניינג,מיליליטרים,500.00,"100 מ""ל",false,1,23.90,4.78,true,1,
6936745600783,false,חומץ אורז מיצוקאן 500 מל,,,חומץ אורז מיצוקאן 50,מיליליטרים,500.00,"100 מ""ל",false,1,17.90,3.58,true,1,
6944027000725,false,תה ירוק עם יסמין 100 גר,,CN,תה ירוק עם יסמין 100,גרמים,100.00,100 גרם,false,1,10.90,10.90,true,1,
6970533670510,false,מקרונס גל,,,מקרונס גל,Unknown,0.00,Unknown,false,1,24.90,24.90,true,1,
6987968600029,false,נר מספר,,,נר מספר,Unknown,0.00,Unknown,false,1,5.90,5.90,true,1,
7271730901261,false,פסטה עם גבינה הכנה מהירה 156 גרם,,,פסטה עם גבינה הכנה מ,גרמים,156.00,100 גרם,false,1,12.90,8.27,true,1,
7290000000374,false,פטריות,,,פטריות,Unknown,0.00,Unknown,false,1,12.90,12.90,true,1,
7290000000603,false,בצל ירוק,,,בצל ירוק,Unknown,0.00,Unknown,false,1,5.90,5.90,true,1,
7290000000632,false,שום,,,שום ברשת,Unknown,0.00,Unknown,false,1,12.90,12.90,true,1,
7290000000636,false,תירס ארוז,,,תירס ארוז,Unknown,0.00,"ק""ג",true,0,14.90,14.90,true,1,
7290000000641,false,אננס טרי,,,אננס טרי,Unknown,0.00,Unknown,false,1,44.90,44.90,true,1,
7290000000669,false,חסה עגולה,,,חסה עגולה,Unknown,0.00,Unknown,false,1,7.90,7.90,true,1,
7290000000695,false,אספרגוס,,,אספרגוס,Unknown,0.00,Unknown,false,1,29.90,29.90,true,1,
7290000000707,false,פטל,,,פטל,Unknown,0.00,Unknown,false,1,29.90,29.90,true,1,
7290000000751,false,שום ברשת,,,שום ברשת,Unknown,0.00,Unknown,false,1,12.90,12.90,true,1,
7290000000858,false,אגס נשי,,,אגס נשי,Unknown,0.00,"ק""ג",true,0,24.90,24.90,true,1,
7290000001104,false,פטריות פרטובלה,,,פטריות פרטובלה,Unknown,0.00,Unknown,false,1,11.90,11.90,true,1,
7290000040042,false,יופלה תות 3% 150 גר,,,יופלה תות 3% 150 גרם,גרמים,150.00,100 גרם,false,1,5.40,3.60,true,1,
7290000040066,false,יופלה דובדבן 3%  150 גר,,,יופלה דובדבן 3%  150,גרמים,150.00,100 גרם,false,1,5.40,3.60,true,1,
7290000040080,false,יופלה אפרסק 3% 150 גר,,,יופלה אפרסק 3% 150 ג,גרמים,150.00,100 גרם,false,1,5.40,3.60,true,1,
7290000040301,false,קולאז קממבר עין גדי 125 גרם,,,קולאז קממבר עין גדי,גרמים,125.00,100 גרם,false,1,22.20,17.76,true,1,
7290000040318,false,קולאז ברי בחפיסה 125 גרם,,,קולאז ברי בחפיסה 125,גרמים,125.00,100 גרם,false,1,21.60,17.28,true,1,
7290000040462,false,טוסטי עמק אמריקאי אדם 200 גרם,,,טוסטי עמק אמריקאי אד,גרמים,200.00,100 גרם,false,1,20.10,10.05,true,1,
7290000040974,false,חלב טרי דל לקטוז 1 ל,,,חלב טרי דל לקטוז 1 ל,מיליליטרים,1000.00,"100 מ""ל",false,1,7.20,0.72,true,1,
7290000041445,false,גבינת קוטג מהדרין 5% 250 גרם,,,גבינת קוטג מהדרין 5%,גרמים,250.00,100 גרם,false,1,5.70,2.28,true,1,
7290000041858,false,"שמנת חמוצה 15% 200 מ""ל",,,שמנת חמוצה 15% 200 מ,מיליליטרים,200.00,"100 מ""ל",false,1,2.90,1.45,true,1,
7290000042435,false,חלב דל שומן בקרטון+פקק 1 ליטר 1%,,,חלב דל שומן בקרטון,מיליליטרים,1000.00,"100 מ""ל",false,1,5.86,0.59,true,1,
7290000042640,false,"חלב עמיד 3% 250 מ""ל",,,"חלב עמיד 3% 250 מ""ל",מיליליטרים,250.00,"100 מ""ל",false,1,2.90,1.16,true,1,
7290000042855,false,"שוקו שקית 225 מ""ל",,,"שוקו שקית 225 מ""ל",מיליליטרים,225.00,"100 מ""ל",false,1,2.70,1.20,true,1,
7290000043111,false,חמאה 200 גרם,,,חמאה 200 גרם,גרמים,200.00,100 גרם,false,1,7.80,3.90,true,1,
7290000043814,false,"שמנת עמידה להקצפה 38% 250 מ""ל",,,שמנת עמידה להקצפה 38,גרמים,250.00,100 גרם,false,1,6.47,2.59,true,1,
7290000043890,false,רויון 1.5% 1 ליטר,,,רויון 1.5% 1 ליטר,מיליליטרים,1000.00,"100 מ""ל",false,1,12.00,1.20,true,1,
7290000045573,false,גבינה מותכת נעמה 200 גרם,,,גבינה מותכת נעמה 200,גרמים,200.00,100 גרם,false,1,15.90,7.95,true,1,
7290000046327,false,גבינת גלבוע פרוס 200 גרם,,,גבינת גלבוע פרוס 200,גרמים,200.00,100 גרם,false,1,14.50,7.25,true,1,
7290000047546,false,גבינת כנען 5% 500 גרם,,,גבינת כנען 5% 500 גר,גרמים,500.00,100 גרם,false,1,26.10,5.22,true,1,
7290000047621,false,גבינה למריחה 5% מהדרין 250 גרם,,,גבינה למריחה 5% מהדר,גרמים,250.00,100 גרם,false,1,4.98,1.99,true,1,
7290000047942,false,גבינה לבנה  5%  250 גר בדצ,,,גבינה לבנה 5% 250 גר,גרמים,250.00,100 גרם,false,1,4.98,1.99,true,1,
7290000048185,false,גבינה לבנה 5% 250 גר,,,גבינה לבנה 5% 250 גר,גרמים,250.00,100 גרם,false,1,4.98,1.99,true,1,
7290000048192,false,גבינה למריחה 9% 250 גרם,,,גבינה למריחה 9% 250,גרמים,250.00,100 גרם,false,1,4.98,1.99,true,1,
7290000048413,false,גבינה חמד פיראוס 250 גרם,,,גבינה חמד פיראוס 250,גרמים,250.00,100 גרם,false,1,19.10,7.64,true,1,
7290000050447,false,יופלה תות 3% 500גר,,,יופלה תות 3% 500גר,גרמים,500.00,100 גרם,false,1,14.90,2.98,true,1,
7290000050454,false,יופלה אפרסק 3% 500 גר,,,יופלה אפרסק 3% 500 ג,גרמים,500.00,100 גרם,false,1,14.90,2.98,true,1,
7290000051352,false,חלב של פעם 3.5% 1 ל,,,חלב של פעם 3.5% 1 ל,מיליליטרים,1000.00,"100 מ""ל",false,1,8.30,0.83,true,1,
7290000051376,false,יופלה דיאט אננס ספורטיבי 0% 150גר,,,יופלה דיאט אננס ספור,גרמים,150.00,100 גרם,false,1,5.40,3.60,true,1,
7290000052311,false,עמק פרוס בקופסא 200 גר 15% שומן,,,עמק פרוס בקופסא 200,גרמים,200.00,100 גרם,false,1,16.40,8.20,true,1,
7290000055015,false,פיראוס פטה כבשים 5% 250 גר,,,פיראוס פטה כבשים 5%,גרמים,250.00,100 גרם,false,1,29.40,11.76,true,1,
7290000055206,false,גבינה לבנה בטעם בצל מטוגן 5% 250 גר,,,גבינה לבנה בטעם בצל,גרמים,250.00,100 גרם,false,1,5.90,2.36,true,1,
7290000055329,false,משקה יוגורט יופלה בטעם תות-מלון 250 גר,,,משקה יוגורט יופלה בט,גרמים,250.00,100 גרם,false,1,5.70,2.28,true,1,
7290000055336,false,משקה יוגורט יופלה בטעם בננה אפרסק 250 גר,,,משקה יוגורט יופלה בט,גרמים,250.00,100 גרם,false,1,5.70,2.28,true,1,
7290000055343,false,משקה יוגורט יופלה בטעם טרופי 250 גר,,,משקה יוגורט יופלה בט,גרמים,250.00,100 גרם,false,1,5.70,2.28,true,1,
7290000055350,false,גבינה צהובה חריץ עמק 28% במשקל,,,גבינה צהובה עמק 28%,Unknown,0.00,"ק""ג",true,0,44.79,44.79,true,1,
7290000055893,false,חמאה מהדרין 200 גר,,,חמאה מהדרין 200 גר,גרמים,200.00,100 גרם,false,1,7.80,3.90,true,1,
7290000056845,false,חלב קרטון 3% תנובה 1.5 ליטר,,,חלב קרטון 3% תנובה,ליטרים,0.00,ליטר,false,1,9.34,9.34,true,1,
7290000056951,false,"שמנת 15% באריזה עם פקק 500 מ""ל",,,שמנת 15% באריזה עם פ,מיליליטרים,500.00,"100 מ""ל",false,1,18.50,3.70,true,1,
7290000057088,false,עמק דק 200 גרם,,,עמק דק 200 גרם,גרמים,200.00,100 גרם,false,1,16.90,8.45,true,1,
7290000057149,false,יוגורט תנובה 3% 200 גר,,,יוגורט תנובה 3% 200,גרמים,200.00,100 גרם,false,1,3.30,1.65,true,1,
7290000057552,false,דיאט יופלה ע.גבינה תות 0% 150גר,,,דיאט יופלה ע.גבינה,גרמים,150.00,100 גרם,false,1,5.40,3.60,true,1,
7290000058047,false,"שמנת 38% עם פקק 500 מ""ל",,IL,שמנת 38% עם פקק 500,מיליליטרים,500.00,"100 מ""ל",false,1,12.94,2.59,true,1,
7290000058580,false,קוקילידה וניל,,,קוקילידה וניל,Unknown,0.00,Unknown,false,1,10.00,10.00,true,1,
7290000060088,false,בייגלה מקלות מלוחים 400 גרם,,,בייגלה מקלות מלוחים,גרמים,400.00,100 גרם,false,1,13.90,3.48,true,1,
7290000060156,false,אטריות ביצים דקות 200 גרם,,,אטריות ביצים דקות 20,גרמים,200.00,100 גרם,false,1,8.50,4.25,true,1,
7290000060217,false,פסטה מקרוני מס 7 500 גר,,,פסטה מקרוני מס 7 500,גרמים,500.00,100 גרם,false,1,6.90,1.38,true,1,
7290000060248,false,פסטה תלתלים (61) 500 גרם,,,פסטה תלתלים (61) 500,גרמים,500.00,100 גרם,false,1,6.90,1.38,true,1,
7290000060316,false,פסטה ספגטי פרפקטו 500 גרם,,,פסטה ספגטי פרפקטו 50,גרמים,500.00,100 גרם,false,1,8.30,1.66,true,1,
7290000060330,false,פסטה פרפקטו ספירלי 500 גרם,,,פסטה פרפקטו ספירלי 5,גרמים,500.00,100 גרם,false,1,8.30,1.66,true,1,
7290000060408,false,פתיתים אפויים טבעות 500 גרם,,,פתיתים אפויים טבעות,גרמים,500.00,100 גרם,false,1,7.90,1.58,true,1,
7290000060415,false,פרפקטו לזניה 500 גרם,,,פרפקטו לזניה 500 גרם,גרמים,500.00,100 גרם,false,1,16.90,3.38,true,1,
7290000060576,false,פתיתים אפויים כוכבים 500 גרם,,,פתיתים אפויים כוכבים,גרמים,500.00,100 גרם,false,1,7.90,1.58,true,1,
7290000060781,false,פסטה מסולסלים (57) 500 גרם,,,פסטה מסולסלים (57) 5,גרמים,500.00,100 גרם,false,1,6.90,1.38,true,1,
7290000060828,false,פסטה קרניים בינוניות (55) 500 גרם,,,פסטה קרניים בינוניות,גרמים,500.00,100 גרם,false,1,6.90,1.38,true,1,
7290000060842,false,פסטה צדפים גדולים (56) 500 גרם,,,פסטה צדפים גדולים (5,גרמים,500.00,100 גרם,false,1,6.90,1.38,true,1,
7290000060859,false,פסטה צדפים קטנים (24) 500 גרם,,,פסטה צדפים קטנים (24,גרמים,500.00,100 גרם,false,1,6.90,1.38,true,1,
7290000060880,false,ספגטי (3) 500 גרם,,,ספגטי (3) 500 גרם,גרמים,500.00,100 גרם,false,1,6.90,1.38,true,1,
7290000060903,false,פתיתים אפויים אורז 500 גרם,,,פתיתים אפויים אורז 5,גרמים,500.00,100 גרם,false,1,7.90,1.58,true,1,
7290000060958,false,אטריות בינוניות 400 גרם,,,אטריות בינוניות 400,גרמים,400.00,100 גרם,false,1,8.50,2.13,true,1,
7290000060965,false,אטריות  רחבות 400 גרם,,,אטריות  רחבות 400 גר,גרמים,400.00,100 גרם,false,1,8.50,2.13,true,1,
7290000061245,false,עוגיות שוקוציפס ממולאות שוקולד 220 גרם,,,עוגיות שוקוציפס ממול,גרמים,220.00,100 גרם,false,1,12.90,5.86,true,1,
7290000061450,false,פתיתים קוסקוס 3 צבעים 500 גר,,,פתיתים קוסקוס 3 צבעי,גרמים,500.00,100 גרם,false,1,7.90,1.58,true,1,
7290000062952,false,מיני קרוטונים למרק וסלט 250 גר,,,מיני קרוטונים למרק ו,גרמים,250.00,100 גרם,false,1,17.90,7.16,true,1,
7290000063133,false,שקדי מרק 100 גרם -טבעי,,,שקדי מרק 100 גרם -טב,גרמים,100.00,100 גרם,false,1,6.50,6.50,true,1,
7290000063140,false,שקדי מרק 400 גרם -שקית,,,שקדי מרק 400 גרם -שק,גרמים,400.00,100 גרם,false,1,12.90,3.23,true,1,
7290000063157,false,"קמח עוגה תופח מאליו 1 ק""ג",,,קמח עוגה תופח מאליו,גרמים,1000.00,100 גרם,false,1,10.90,1.09,true,1,
7290000064758,false,קוסקוס אמיתי בשקית 350 גרם,,,קוסקוס אמיתי בשקית 3,גרמים,350.00,100 גרם,false,1,9.90,2.83,true,1,
7290000064871,false,"מנה חמה פירה תפו""א ובצל 56 גרם",,,"מנה חמה פירה תפו""א ו",גרמים,56.00,100 גרם,false,1,8.80,15.71,true,1,
7290000065328,false,חלה מתוקה שאשא,,,חלה מתוקה שאשא,Unknown,0.00,Unknown,false,1,17.90,17.90,true,1,
7290000065335,false,"מנה חמה פירה תפו""א  עם ירקות 55 גרם",,,"מנה חמה פירה תפו""א",גרמים,55.00,100 גרם,false,1,8.80,16.00,true,1,
7290000065557,false,מנה חמה קוסקוס עם ירקות 62 גר,,,מנה חמה קוסקוס עם יר,גרמים,62.00,100 גרם,false,1,8.80,14.19,true,1,
7290000066141,false,ביסלי בטעם גריל 70 גרם,,,ביסלי בטעם גריל 70 ג,גרמים,70.00,100 גרם,false,1,4.70,6.71,true,1,
7290000066172,false,ביסלי בטעם פיצה 70 גרם,,,ביסלי בטעם פיצה 70 ג,גרמים,70.00,100 גרם,false,1,4.70,6.71,true,1,
7290000066189,false,ביסלי בטעם פלאפל 200 גרם,,,ביסלי בטעם פלאפל 200,גרמים,200.00,100 גרם,false,1,8.90,4.45,true,1,
7290000066196,false,ביסלי בטעם גריל 200 גרם,,,ביסלי בטעם גריל 200,גרמים,200.00,100 גרם,false,1,8.90,4.45,true,1,
7290000066318,false,במבה 80 גרם,,,במבה 80 גרם,גרמים,80.00,100 גרם,false,1,4.90,6.13,true,1,
7290000066332,false,חטיף אפרופו 50 גרם,,,חטיף אפרופו 50 גרם,גרמים,50.00,100 גרם,false,1,5.90,11.80,true,1,
7290000066431,false,פופקו חטיף תירס בטעם חמאה ודבש 80 גרם,,,פופקו חטיף תירס בטעם,גרמים,80.00,100 גרם,false,1,5.50,6.88,true,1,
7290000068138,false,פודינג אינסטנט בטעם וניל,,,פודינג אינסטנט בטעם,גרמים,80.00,100 גרם,false,1,5.90,7.38,true,1,
7290000068770,false,במבה יום הולדת 80 גרם,,,במבה יום הולדת 80 גר,גרמים,80.00,100 גרם,false,1,4.90,6.13,true,1,
7290000069258,false,פסטה פרפקטו פנה ריגטה 500 גרם,,,פסטה פרפקטו פנה ריגט,גרמים,500.00,100 גרם,false,1,8.30,1.66,true,1,
7290000070308,false,אבקת מרק  עוף אמיתי 400 גרם-מיכל,,,אבקת מרק עוף אמיתי,גרמים,400.00,100 גרם,false,1,23.90,5.98,true,1,
7290000070322,false,אבקת מרק פטריות 400 גרם-מיכל,,,אבקת מרק פטריות 400,גרמים,400.00,100 גרם,false,1,28.90,7.23,true,1,
7290000070353,false,אבקת מרק בצל 400 גרם-מיכל,,,אבקת מרק בצל 400 גרם,גרמים,400.00,100 גרם,false,1,28.90,7.23,true,1,
7290000071008,false,בייגלה שטוחים עם מלח 60 גרם,,,בייגלה שטוחים עם מלח,גרמים,60.00,100 גרם,false,1,3.90,6.50,true,1,
7290000072067,false,במבה במילוי חלווה 60 גרם,,,במבה במילוי חלווה 60,גרמים,60.00,100 גרם,false,1,4.90,8.17,true,1,
7290000072623,false,קטשופ אסם בקבוק לחיץ 750 גרם,,,קטשופ אסם בקבוק לחיץ,גרמים,750.00,100 גרם,false,1,12.90,1.72,true,1,
7290000072753,false,נסקפה טייסטרס צויס 200 גר,,,נסקפה טייסטרס צויס,גרמים,200.00,100 גרם,false,1,32.90,16.45,true,1,
7290000072760,false,נסקפה טייסטרס צויס 100 גר אוריגנל,,,נסקפה טייסטרס צויס,גרמים,100.00,100 גרם,false,1,28.20,28.20,true,1,
7290000072784,false,נסקפה טייסטרס צויס 100 ג.נטול,,,נסקפה טייסטרס צויס,גרמים,100.00,100 גרם,false,1,31.50,31.50,true,1,
7290000072968,false,דגנים סיני מיניס מלחמת הכוכבים  500 גרם,,,דגנים סיני מיניס מלח,גרמים,375.00,100 גרם,false,1,28.90,7.71,true,1,
7290000073415,false,מנה חמה פסטה ברוטב פיצה 61 גרם,,,מנה חמה פסטה ברוטב פ,גרמים,61.00,100 גרם,false,1,8.80,14.43,true,1,
7290000073750,false,מנה חמה נודלס אטר+ירקות טעם עוף 70 גרם,,,מנה חמה נודלס אטר+יר,גרמים,70.00,100 גרם,false,1,7.50,10.71,true,1,
7290000073767,false,מנה חמה נודלס אטר.+ירקות טעם בקר 70 גרם,,,מנה חמה נודלס אטר.+י,גרמים,70.00,100 גרם,false,1,7.50,10.71,true,1,
7290000074184,false,פתי בר וניל 500 גרם,,,פתי בר וניל 500 גרם,גרמים,500.00,100 גרם,false,1,12.50,2.50,true,1,
7290000074252,false,קרקר שומשום 250 גרם,,,קרקר שומשום 250 גרם,גרמים,250.00,100 גרם,false,1,11.90,4.76,true,1,
7290000074276,false,קרקר קלאסי 250 גרם אסם,,IL,קרקר קלאסי 250 גרם א,גרמים,250.00,100 גרם,false,1,11.90,4.76,true,1,
7290000074375,false,קרקר זהב 150 גרם,,,קרקר זהב 150 גרם,גרמים,150.00,100 גרם,false,1,8.50,5.67,true,1,
7290000074481,false,לחמית אגוזים 160 גרם,,,לחמית כפרית 190 גרם,גרמים,160.00,100 גרם,false,1,11.90,7.44,true,1,
7290000075204,false,לחמית חיטה מלאה 250 גרם,,,לחמית חיטה מלאה 250,גרמים,250.00,100 גרם,false,1,11.00,4.40,true,1,
7290000076126,false,בייגלה שמיניות קטנות 80 גרם,,,בייגלה שמיניות קטנות,גרמים,80.00,100 גרם,false,1,3.90,4.88,true,1,
7290000076133,false,בייגלה שמיניות קטנות 400 גרם,,,בייגלה שמיניות קטנות,גרמים,400.00,100 גרם,false,1,13.90,3.48,true,1,
7290000076645,false,טוסטעים חיטה מלאה 100 גרם,,,טוסטעים חיטה מלאה 10,גרמים,100.00,100 גרם,false,1,11.90,11.90,true,1,
7290000077017,false,עוגיות קרמוגית במילוי שוקולד 200 גרם,,,עוגיות קרמוגית במילו,גרמים,200.00,100 גרם,false,1,13.90,6.95,true,1,
7290000077253,false,לחמית כפרית 190 גרם,,,לחמית כפרית 190 גרם,גרמים,190.00,100 גרם,false,1,11.90,6.26,true,1,
7290000078212,false,קרוטונים מתובלים 250 גרם,,,קרוטונים מתובלים 250,גרמים,250.00,100 גרם,false,1,16.90,6.76,true,1,
7290000079233,false,קרם קרקר דיאטטי דל נתרן 250 גרם,,,קרם קרקר דיאטטי דל נ,גרמים,250.00,100 גרם,false,1,13.50,5.40,true,1,
7290000080758,false,טוסטעים פת קלויה 100 גרם,,,טוסטעים פת קלויה 100,גרמים,100.00,100 גרם,false,1,11.90,11.90,true,1,
7290000100128,false,תות קפוא סנפרוסט 300 גרם,,IL,תות קפוא סנפרוסט 300,גרמים,300.00,100 גרם,false,1,19.90,6.63,true,1,
7290000100135,false,פירות קפואים סנפרוסט דובדבן 300 גר,,IL,פירות קפואים דובדבן,גרמים,300.00,100 גרם,false,1,20.90,6.97,true,1,
7290000100609,false,קוביות אנטיפסטי להקפצה 600 גרם,,IL,קוביות אנטיפסטי להקפ,גרמים,600.00,100 גרם,false,0,28.20,4.70,true,1,
7290000101927,false,אוכמניות כחולות מוקפאות סנפרוסט 300 גרם,,,אוכמניות כחולות מוקפ,גרמים,300.00,100 גרם,false,1,19.90,6.63,true,1,
7290000101941,false,אננס מוקפא סנפרוסט 300 גרם,,,אננס מוקפא סנפרוסט,גרמים,300.00,100 גרם,false,1,19.90,6.63,true,1,
7290000103433,false,לקט ירקות סנפרוסט לתנור 800 גר,,,לקט ירקות סנפרוסט לת,גרמים,800.00,100 גרם,false,1,25.90,3.24,true,1,
7290000104201,false,אפונה עדינה 600 גר סנפרוסט,,,אפונה עדינה 600 גר,גרמים,600.00,100 גרם,false,1,19.90,3.32,true,1,
7290000104690,false,תירס גרעינים 800 גרם סנפרוסט,,,תירס גרעינים 800 גרם,גרמים,800.00,100 גרם,false,1,19.90,2.49,true,1,
7290000104720,false,שעועית ירוקה חתוכה 800גר סנפרוסט,,,שעועית ירוקה חתוכה 8,גרמים,800.00,100 גרם,false,1,20.90,2.61,true,1,
7290000104744,false,כרובית 800 גר סנפרוסט,,,כרובית 800גר סנפרוסט,גרמים,800.00,100 גרם,false,1,28.50,3.56,true,1,
7290000104775,false,מדליוני תרד 800 גר סנפרוסט,,,מדליוני תרד סנפרוסט,גרמים,800.00,100 גרם,false,1,30.50,3.81,true,1,
7290000104799,false,שעועית לבנה 800 גר סנפרוסט,,,שעועית לבנה 800 גרם,גרמים,800.00,100 גרם,false,1,21.70,2.71,true,1,
7290000104829,false,"קלחוני תירס 1 ק""ג סנפרוסט",,,"קלחוני תירס 1 ק""ג סנ",גרמים,1000.00,100 גרם,false,1,22.90,2.29,true,1,
7290000104836,false,שעועית עדינה שלמה 600 גר סנפרוסט,,,שעועית עדינה שלמה 60,גרמים,600.00,100 גרם,false,1,25.90,4.32,true,1,
7290000104881,false,אפונה וגזר 800גר סנפרוסט,,,אפונה וגזר 800 גר,גרמים,800.00,100 גרם,false,1,18.90,2.36,true,1,
7290000104904,false,ירקות מעורבים 800גר-סנפרוסט,,,ירקות מעורבים 800גר-,גרמים,800.00,100 גרם,false,1,24.90,3.11,true,1,
7290000107189,false,תחתיות ארטישוק 400 גרם סנפרוסט,,,תחתיות ארטישוק 400 ג,גרמים,400.00,100 גרם,false,1,24.90,6.23,true,1,
7290000107295,false,ברוקולי 800 גרם סנפרוסט,,,ברוקולי 800 גרם סנפר,גרמים,800.00,100 גרם,false,1,28.90,3.61,true,1,
7290000110844,false,"כפלי גריל בד""צ 70 גרם",,,"כפלי גריל בד""צ 70 גר",גרמים,70.00,100 גרם,false,1,6.90,9.86,true,1,
7290000111000,false,שתיה קרה בודד,,,שתיה קרה בודד,Unknown,0.00,Unknown,false,1,1.00,1.00,true,1,
7290000111063,false,מיונז תלמה 250 גרם,,,מיונז תלמה 250 גרם,גרמים,250.00,100 גרם,false,1,7.90,3.16,true,1,
7290000111186,false,מיונז תלמה 500 גרם-צנצנת,,,מיונז תלמה 500 גרם-צ,גרמים,500.00,100 גרם,false,1,11.90,2.38,true,1,
7290000111360,false,חרדל תלמה 250 גרם-צנצנת,,,חרדל תלמה 250 גרם-צנ,גרמים,250.00,100 גרם,false,1,7.50,3.00,true,1,
7290000112220,false,טחינה 500 גר בארכה,,,טחינה 500 גר בארכה,גרמים,500.00,100 גרם,false,1,10.90,2.18,true,1,
7290000112497,false,מרק עשיר עוף אטריות קנור 75 גרם - שקיות,,,מרק עשיר עוף אטריות,גרמים,75.00,100 גרם,false,1,13.90,18.53,true,1,
7290000112619,false,אבקת מרק עוף קנור 400 גרם-צנצנת,,,אבקת מרק עוף קנור,גרמים,400.00,100 גרם,false,1,22.90,5.73,true,1,
7290000116921,false,"רוטב קנור צילי מתוק 300 מ""ל",,,רוטב קנור צילי מתוק,מיליליטרים,300.00,"100 מ""ל",false,1,13.90,4.63,true,1,
7290000116945,false,"רוטב קנור סויה 300 מ""ל",,,רוטב קנור סויה 300 מ,מיליליטרים,300.00,"100 מ""ל",false,1,14.90,4.97,true,1,
7290000117171,false,מרק טעם עוף דל קלוריות 48 גרם-קופסא,,,מרק טעם עוף דל קלורי,גרמים,48.00,100 גרם,false,1,9.10,18.96,true,1,
7290000117720,false,מרק נמס בכוס פטריות 43 גרם- קנור,,,מרק נמס בכוס פטריות,גרמים,43.00,100 גרם,false,1,8.50,19.77,true,1,
7290000118277,false,קניידלך  130 גרם-קופסא,,,קניידלך  130 גרם-קופ,גרמים,130.00,100 גרם,false,1,12.00,9.23,true,1,
7290000120836,false,מיונז הלמנס 394 גרם,,,מיונז הלמנס 394 גרם,גרמים,433.00,100 גרם,false,1,10.00,2.31,true,1,
7290000120874,false,מיונז הלמנס לייט 424 גרם,,,מיונז הלמנס לייט 424,גרמים,476.00,100 גרם,false,1,10.00,2.10,true,1,
7290000122243,false,"תמצית רום 50 מ""ל-בקבוק",,,"תמצית רום 50 מ""ל-בקב",מיליליטרים,50.00,"100 מ""ל",false,1,7.20,14.40,true,1,
7290000129457,false,קנור רוטב פטריות באבקה 29 גרם,,,קנור רוטב פטריות באב,גרמים,29.00,100 גרם,false,1,5.50,18.97,true,1,
7290000135045,false,"XL TEN משקה אנרגיה פתוח ללא סוכר 250 מ""ל",,,XL TEN משקה אנרגיה פ,מיליליטרים,250.00,"100 מ""ל",false,1,4.90,1.96,true,1,
7290000135052,false,"XL TEN משקה אנרגיה מנגו ללא סוכר 250 מ""ל",,,XL TEN משקה אנרגיה מ,מיליליטרים,250.00,"100 מ""ל",false,1,4.90,1.96,true,1,
7290000135113,false,"פחית XL TEN נענע ליים 250 מ""ל",,,פחית XL TEN נענע ליי,מיליליטרים,250.00,"100 מ""ל",false,1,4.90,1.96,true,1,
7290000135151,false,"סודה נגיעות לימון 275 מ""ל",,IL,סודה נגיעות לימון 27,מיליליטרים,250.00,"100 מ""ל",false,1,4.30,1.72,true,1,
7290000135182,false,"שישייה פחיות פפסי מקס 330 מ""ל",,,שישייה 7 אפ פרי פחיו,ליטרים,0.00,ליטר,false,1,19.90,19.90,true,1,
7290000135342,false,"מי סודה 500 מ""ל בקבוק",,,"מי סודה 500 מ""ל בקבו",מיליליטרים,500.00,"100 מ""ל",false,1,2.90,0.58,true,1,
7290000135663,false,"שישיית פפסי מקס דובדבן פחית צרה 330 מ""ל",,,שישיית פפסי מקס דובד,ליטרים,0.00,ליטר,false,1,19.90,19.90,true,1,
7290000135670,false,"פפסי מקס דובדבן פחית צרה 330 מ""ל",,,פפסי מקס דובדבן פחית,מיליליטרים,330.00,"100 מ""ל",false,1,3.90,1.18,true,1,
7290000136653,false,דיאט נשר מאלט 1.5 ליטר,,IL,דיאט נשר מאלט 1.5 לי,ליטרים,0.00,ליטר,false,1,9.90,9.90,true,1,
7290000136660,false,מי סודה 1.5 ליטר,,IL,מי סודה 1.5 ליטר,ליטרים,0.00,ליטר,false,1,3.70,3.70,true,1,
7290000136677,false,פפסי קולה 1.5 ליטר,,IL,פפסי קולה 1.5 ליטר,ליטרים,0.00,ליטר,false,1,8.90,8.90,true,1,
7290000136684,false,פפסי מקס 1.5 ליטר,,IL,פפסי מקס 1.5 ליטר,ליטרים,0.00,ליטר,false,1,8.10,8.10,true,1,
7290000136707,false,מירינדה 1.5 ליטר,,IL,מירינדה 1.5 ליטר,ליטרים,0.00,ליטר,false,1,8.90,8.90,true,1,
7290000136790,false,שישיית סודה 1.5 ליטר,,IL,שישיית סודה 1.5 ליטר,ליטרים,0.01,ליטר,false,1,20.70,2070.00,true,1,
7290000136851,false,סבן אפ 1.5 ליטר,,IL,סבן אפ 1.5 ליטר,ליטרים,0.00,ליטר,false,1,8.90,8.90,true,1,
7290000136868,false,שישיית מים סאן בנדטו 1.5 ליטר,,IL,שישיית מים סאן בנדטו,ליטרים,0.01,ליטר,false,1,19.70,1970.00,true,1,
7290000136875,false,שישיית סאן בנדטו מוגז  1.5 ליטר,,IL,שישיית סאן בנדטו מוג,ליטרים,0.01,ליטר,false,1,19.90,1990.00,true,1,
7290000136936,false,סבן אפ דיאט 1.5 ליטר,,IL,סבן אפ דיאט 1.5 ליטר,ליטרים,0.00,ליטר,false,1,8.50,8.50,true,1,
7290000137513,false,גלידונית 60 יחידות,,,גלידונית 60 יחידות,גרמים,700.00,100 גרם,false,1,49.90,7.13,true,1,
7290000143200,false,"מרכך הוואי לשיער יבש 700 מ""ל",,,מרכך הוואי לשיער יבש,מיליליטרים,700.00,"100 מ""ל",false,1,12.90,1.84,true,1,
7290000143255,false,"שמפו הוואי רגיל 700 מ""ל ירוק",,,שמפו הוואי רגיל 700,מיליליטרים,700.00,"100 מ""ל",false,1,12.90,1.84,true,1,
7290000144160,false,שמן זית כתית מעולה בטעם מודגש 750 מל,,,שמן זית כתית מעולה ב,מיליליטרים,750.00,"100 מ""ל",false,1,34.90,4.65,true,1,
7290000144474,false,שמן עץ הזית קנולה 1 ליטר בריאות מהטבע,,,שמן עץ הזית קנולה 1,מיליליטרים,1000.00,"100 מ""ל",false,1,16.90,1.69,true,1,
7290000149905,false,טקסטיל שמפו לכביסה 1 ליטר,,,טקסטיל שמפו לכביסה 1,מיליליטרים,1000.00,"100 מ""ל",false,1,18.60,1.86,true,1,
7290000168173,false,ברנפלקס קרנצים 375 גרם,,,ברנפלקס קרנצים 375 ג,גרמים,375.00,100 גרם,false,1,25.90,6.91,true,1,
7290000169538,false,מרק נמס בכוס עגבניות וקרוטונים 56 ג קנור,,,מרק נמס בכוס עגבניות,גרמים,56.00,100 גרם,false,1,8.50,15.18,true,1,
7290000174723,false,שוקולית 500 גרם,,,שוקולית 500 גרם,גרמים,500.00,100 גרם,false,1,15.90,3.18,true,1,
7290000176062,false,קפה עלית טורקי 100 גרם,,,קפה עלית טורקי 100 ג,גרמים,100.00,100 גרם,false,1,9.50,9.50,true,1,
7290000176079,false,קפה עלית טורקי עם הל 100 גרם,,,קפה עלית טורקי עם הל,גרמים,100.00,100 גרם,false,1,10.90,10.90,true,1,
7290000176413,false,קפה נמס עלית 50 גרם,,,קפה נמס עלית 50 גרם,גרמים,50.00,100 גרם,false,1,13.90,27.80,true,1,
7290000176420,false,קפה נמס עלית 200 גרם,,,קפה נמס עלית 200 גרם,גרמים,200.00,100 גרם,false,1,21.90,10.95,true,1,
7290000176468,false,האג נמס אבקתי 50 גרם,,,האג נמס אבקתי 50 גרם,גרמים,50.00,100 גרם,false,1,13.30,26.60,true,1,
7290000178707,false,תפוציפס טבעי 50 גרם,,,תפוציפס טבעי 50 גרם,גרמים,50.00,100 גרם,false,1,4.90,9.80,true,1,
7290000178721,false,תפוציפס טבעי 200 גרם,,,תפוציפס טבעי 200 גרם,גרמים,200.00,100 גרם,false,1,10.90,5.45,true,1,
7290000187860,false,מגבוני טואלט לחים  לילי דיספנסר 40 יח,,IL,נייר טואלט לח לילי פ,Unknown,0.00,Unknown,false,1,9.50,9.50,true,1,
7290000187938,false,לילי פסטל 32 גלילים,,,לילי פסטל 32 גלילים,מטרים,588.00,מטר,false,1,39.90,0.07,true,1,
7290000187952,false,לילי טריו 32 גלילים,,,לילי טריו ורוד 32 גל,מטרים,537.28,מטר,false,1,44.90,0.08,true,1,
7290000189116,false,תבניות אינגליש קייק 6 יח,,,תבניות אינגליש קייק,Unknown,0.00,Unknown,false,1,14.90,14.90,true,1,
7290000189659,false,ניקול מטליות לחות לרצפה,,,ניקול מטליות לחות לר,Unknown,0.00,Unknown,false,1,14.90,14.90,true,1,
7290000189734,false,מטליות לחות לפרקטים,,,מטליות לחות לפרקטים,Unknown,0.00,Unknown,false,1,17.90,17.90,true,1,
7290000190150,false,20 מפיות מודפסת,,PL,מפיות ניקול מודפסות,יחידה,1.00,יחידה,false,1,8.90,8.90,true,1,
7290000190198,false,מטלית ניקול לניקוי חדרי שירותים ואמבט,,,מטלית ניקול לניקוי ח,Unknown,0.00,Unknown,false,1,14.90,14.90,true,1,
7290000190853,false,לילי פיור נייר טואלט דו שכבתי 30 גלילים,,,לילי פיור נייר טואלט,מטרים,588.00,מטר,false,1,43.90,0.07,true,1,
7290000191652,false,קלינקס ממחטות מארז שלישייה 90 יח,,,קלינקס שלישייה,Unknown,0.00,Unknown,false,1,12.90,12.90,true,1,
7290000191966,false,נייר טואלט לח סנסטיב,,IL,נייר טואלט לח לילי נ,Unknown,0.00,Unknown,false,1,9.50,9.50,true,1,
7290000195216,false,נייר אפיה 50 יח,,,נייר אפייה ניקול,Unknown,0.00,Unknown,false,1,11.90,11.90,true,1,
7290000195537,false,מגבוני האגיס רביעיה ללא בישום,,,מגבוני האגיס רביעיה,Unknown,0.00,Unknown,false,1,24.90,24.90,true,1,
7290000196343,false,מפות ניקול סטייל,,,מפת ניקול סטייל 1 יח,Unknown,0.00,Unknown,false,1,18.80,18.80,true,1,
7290000197326,false,רדיד אלומיניום ניקול קצר זוג,,,רדיד אלומיניום ניקול,מטרים,15.00,מטר,false,1,13.90,0.93,true,1,
7290000197654,false,אשפתון ניקול ענק 50,,,אשפתון ניקול ענק 45,Unknown,0.00,Unknown,false,1,25.10,25.10,true,1,
7290000197678,false,האגיס פרידום דריי שלב 6 34 יחידות,,,האגיס פרידום דריי של,Unknown,0.00,Unknown,false,1,45.90,45.90,true,1,
7290000197753,false,זוג ניילון נצמד ניקול,,,זוג ניילון נצמד ניקו,מטרים,60.00,מטר,false,1,13.90,0.23,true,1,
7290000197876,false,מגשית חד פעמית 26 ניקול,,,מגשית חד פעמית ניקול,Unknown,0.00,Unknown,false,1,11.90,11.90,true,1,
7290000199313,false,קוטקס לנערות 28 יח,,,קוטקס לנערות 28 יח,Unknown,0.00,Unknown,false,1,25.90,25.90,true,1,
7290000204253,false,מטליות ניקול 9 יח,,,מטליות ניקול 9 יח,Unknown,0.00,Unknown,false,1,13.90,13.90,true,1,
7290000204611,false,ספוגית הקסם ניקול שישייה,,,ספוגית הקסם ניקול שי,Unknown,0.00,Unknown,false,1,13.90,13.90,true,1,
7290000207063,false,פריכוז 260 גרם,,,פריכוז 240 גר,גרמים,240.00,100 גרם,false,1,5.40,2.25,true,1,
7290000207162,false,רוטב עגבניות יכין 100 גרם,,IL,רוטב עגבניות יכין 10,גרמים,100.00,100 גרם,false,1,2.90,2.90,true,1,
7290000207438,false,עגבניות 2.5 A קוביות 850 גרם יכין,,,עגבניות 2.5 A קוביות,גרמים,850.00,100 גרם,false,1,10.90,1.28,true,1,
7290000208077,false,אפונת גינה רגילה 550 גרם יכין,,,אפונת גינה רגילה 550,גרמים,550.00,100 גרם,false,1,8.90,1.62,true,1,
7290000208114,false,אפונה וגזר יכין 550 גר,,,אפונה וגזר יכין 550,גרמים,550.00,100 גרם,false,1,8.90,1.62,true,1,
7290000208145,false,תירס לייט יכין 550 גרם A2,,,תירס לייט יכין 550 ג,גרמים,550.00,100 גרם,false,1,10.90,1.98,true,1,
7290000208176,false,תפוחי אדמה מקולפים A2,,,תפוחי אדמה מקולפים,גרמים,550.00,100 גרם,false,1,10.90,1.98,true,1,
7290000208213,false,שעועית יכין אפויה 580 גר A/2,,,שעועית יכין אפויה 58,גרמים,580.00,100 גרם,false,1,9.90,1.71,true,1,
7290000208220,false,שעועית צלי חריף A2,,,שעועית צלי חריף A2,גרמים,550.00,100 גרם,false,1,10.90,1.98,true,1,
7290000208244,false,בסיס לשקשוקה יכין 570 גר,,,בסיס לשקשוקה יכין 57,גרמים,570.00,100 גרם,false,1,10.50,1.84,true,1,
7290000208251,false,שעועית ירוקה יכין 560 גרם,,,שעועית ירוקה יכין 56,גרמים,560.00,100 גרם,false,1,10.90,1.95,true,1,
7290000208268,false,שעועית צהובה 560 גר יכין,,,שעועית צהובה 560 גר,גרמים,560.00,100 גרם,false,1,10.90,1.95,true,1,
7290000208312,false,תירס ואקום 400 גרם יכין,,IL,תירס מתוק יכין 400 ג,גרמים,400.00,100 גרם,false,1,7.90,1.98,true,1,
7290000208329,false,תירס גרעינים 550 גר A2 יכין,,,תירס גרעינים 550 גר,גרמים,550.00,100 גרם,false,1,8.90,1.62,true,1,
7290000208350,false,עגבניות מרוסקות בצל 850 גר יכין A 2.5,,,עגבניות מרוסקות בצל,גרמים,800.00,100 גרם,false,1,10.90,1.36,true,1,
7290000208367,false,עגבניות מרוסקות בזיליקום יכין 850  A 2.5,,,עגבניות מרוסקות בזיל,גרמים,800.00,100 גרם,false,1,10.90,1.36,true,1,
7290000208404,false,פול יכין 560 גרם,,,פול יכין 560 גרם,גרמים,560.00,100 גרם,false,1,8.90,1.59,true,1,
7290000208428,false,חומוס יכין שלם 550 גר A/2,,,חומוס יכין שלם 550 ג,גרמים,550.00,100 גרם,false,1,8.90,1.62,true,1,
7290000208459,false,לקט תפוחי אדמה A2 יכין 550 גר,,,לקט תפוחי אדמה A2 יכ,גרמים,550.00,100 גרם,false,1,10.90,1.98,true,1,
7290000208534,false,תירס קיד יכין 550 גר,,,תירס קיד יכין 550 גר,גרמים,550.00,100 גרם,false,1,10.90,1.98,true,1,
7290000208800,false,תירס ואקום קיד 400 גרם יכין,,,תירס ואקום קיד 400 ג,גרמים,400.00,100 גרם,false,1,7.90,1.98,true,1,
7290000208855,false,רוטב לפסטה 260 גרם יכין,,,רוטב לפסטה 260 גרם י,מיליליטרים,260.00,"100 מ""ל",false,1,6.90,2.65,true,1,
7290000208893,false,תירס ואקום לייט 400 גרם יכין,,,תירס ואקום לייט 400,גרמים,400.00,100 גרם,false,1,7.90,1.98,true,1,
7290000208930,false,עגבניות +שום 260 גרם יכין,,,עגבניות +שום 260 גרם,גרמים,260.00,100 גרם,false,1,6.90,2.65,true,1,
7290000208947,false,עגבניות מרוסקות 260 גרם יכין,,,עגבניות מרוסקות 260,גרמים,260.00,100 גרם,false,1,6.90,2.65,true,1,
7290000209012,false,חומץ הדרים 1 ליטר,,,חומץ הדרים 1 ליטר,מיליליטרים,1000.00,"100 מ""ל",false,1,6.90,0.69,true,1,
7290000209371,false,שלישיית תירס יכין 165 גר OZ 6,,,שלישיית תירס יכין 16,גרמים,165.00,100 גרם,false,1,15.90,9.64,true,1,
7290000209388,false,שלישיית תירס לייט יכין 165 גר OZ 6,,,שלישיית תירס לייט יכ,גרמים,165.00,100 גרם,false,1,15.90,9.64,true,1,
7290000209708,false,עגבניות +בזיליקום 260 גרם יכין,,,עגבניות +בזיליקום 26,גרמים,260.00,100 גרם,false,1,6.90,2.65,true,1,
7290000209913,false,עגבניות קוביות 260 גרם יכין,,,עגבניות קוביות 260 ג,גרמים,260.00,100 גרם,false,1,6.90,2.65,true,1,
7290000209944,false,רוטב  עגבניות לשקשוקה 260 גרם יכין,,,רוטב  עגבניות לשקשוק,גרמים,260.00,100 גרם,false,1,6.90,2.65,true,1,
7290000210469,false,עגבניות 2.5 A שלמות 850 גר יכין,,,עגבניות 2.5 A שלמות,גרמים,850.00,100 גרם,false,1,9.90,1.16,true,1,
7290000211169,false,"אורז תאילנדי 1 ק""ג",,,"אורז תאילנדי 1 ק""ג",קילוגרמים,0.00,"ק""ג",false,1,8.30,8.30,true,1,
7290000211374,false,"קמח מלא 1 ק""ג סוגת",,,"קמח מלא 1 ק""ג סוגת",גרמים,1000.00,100 גרם,false,1,7.90,0.79,true,1,
7290000211442,false,"אורז פרסי 1 ק""ג סוגת",,,"אורז פרסי 1 ק""ג  סוג",גרמים,1000.00,100 גרם,false,1,10.90,1.09,true,1,
7290000211503,false,"סוכר לבן 1 ק""ג",,,"סוכר לבן 1 ק""ג",קילוגרמים,0.00,"ק""ג",false,1,4.80,4.80,true,1,
7290000211985,false,אורז עגול 1 קג,,,אורז עגול 1 קג,גרמים,1000.00,100 גרם,false,1,9.90,0.99,true,1,
7290000238029,false,"בצק עלים מרודד 1 ק""ג מעדנות",,,"בצק עלים מרודד 1 ק""ג",גרמים,1000.00,100 גרם,false,1,24.90,2.49,true,1,
7290000238036,false,מלאווח 700גר מעדנות,,,מלאווח מעדנות 700 גר,גרמים,700.00,100 גרם,false,1,18.90,2.70,true,1,
7290000245270,false,"אב.כביסה פרסיל 1.25 ק""ג",,,אב.כביסה פרסיל 1.25,קילוגרמים,0.00,"ק""ג",false,1,20.30,20.30,true,1,
7290000245515,false,"א.כ סוד קומפקט ביואקטיב פרפריום 1.25 ק""ג",,,א.כ סוד קומפקט ביואק,קילוגרמים,0.00,"ק""ג",false,1,10.90,10.90,true,1,
7290000262031,false,נייר טואלט מולט 32 גלילים,,,נייר טואלט מולט 32 ג,מטרים,588.80,מטר,false,1,32.90,0.06,true,1,
7290000267043,false,שקד מולבן פרוס 100 גרם,,,שקד מולבן פרוס 100 ג,גרמים,100.00,100 גרם,false,1,13.90,13.90,true,1,
7290000267050,false,שקד מולבן טחון 100 גרם,,,שקד מולבן טחון 100 ג,גרמים,100.00,100 גרם,false,1,13.90,13.90,true,1,
7290000267586,false,חמניות קלופיות 150 גר,,,חמניות קלופיות 150 ג,גרמים,150.00,100 גרם,false,1,5.50,3.67,true,1,
7290000267678,false,גרעין דלעת טבעי קלוף 150 גרם,,,גרעין דלעת טבעי קלוף,גרמים,150.00,100 גרם,false,1,14.50,9.67,true,1,
7290000272696,false,מיץ לימון עסיס משומר 1 ליטר-בקבוק,,,מיץ לימון עסיס משומר,מיליליטרים,1000.00,"100 מ""ל",false,1,12.90,1.29,true,1,
7290000272726,false,חומץ טבעי עסיס 5% -1 ליטר,,,חומץ טבעי עסיס 5% -1,מיליליטרים,1000.00,"100 מ""ל",false,1,7.30,0.73,true,1,
7290000286549,false,סנו סושי מטלית לכל 9 יח,,,סנו סושי מטלית לכל 9,Unknown,0.00,Unknown,false,1,13.90,13.90,true,1,
7290000287492,false,סנובון  נוזלי לימון 750 מל,,,סנובון  נוזלי לימון,מיליליטרים,750.00,"100 מ""ל",false,1,11.90,1.59,true,1,
7290000288024,false,סנו זאוול לימון 4 ליטר,,,סנו זאוול לימון 4 לי,ליטרים,0.00,ליטר,false,1,17.90,17.90,true,1,
7290000288390,false,K600,,,K600,מיליליטרים,500.00,"100 מ""ל",false,1,24.90,4.98,true,1,
7290000292687,false,סנובון כחול שלישייה,,,סנובון כחול שלישייה,Unknown,0.00,Unknown,false,1,17.90,17.90,true,1,
7290000293820,false,"גל רחצה קרמה מן אקטיב 700 מ""ל",,,גל רחצה קרמה מן אקטי,מיליליטרים,700.00,"100 מ""ל",false,1,21.90,3.13,true,1,
7290000293943,false,סנו אנטי קאלק מרסס,,,מרסס סנו אנטי קאלק 1,מיליליטרים,1000.00,"100 מ""ל",false,1,18.90,1.89,true,1,
7290000294575,false,סנו רב מגבת,,,סנו רב מגבת,Unknown,0.00,Unknown,false,1,15.90,15.90,true,1,
7290000295336,false,סנו מקסימה סנסטיב שקית 1.25קג,,,סנו מקסימה סנסטיב שק,קילוגרמים,0.00,"ק""ג",false,1,16.90,16.90,true,1,
7290000295404,false,סנו סושי אשפה  60 שקיות 50/70,,,סנו סושי אשפה  60 שק,Unknown,0.00,Unknown,false,1,23.90,23.90,true,1,
7290000295503,false,סנו סושי 150 שקיות בקרטון צמד,,,סנו סושי 150 שקיות ב,Unknown,0.00,Unknown,false,1,15.50,15.50,true,1,
7290000300900,false,שניצל תירס 750 גרם טבעול,,,שניצל תירס 750 גרם,גרמים,750.00,100 גרם,false,1,27.90,3.72,true,1,
7290000304663,false,סלט טונה פיקנטי יונה 170 גרם,,,סלט טונה פיקנטי יונה,גרמים,170.00,100 גרם,false,1,8.90,5.24,true,1,
7290000313160,false,עוגיות חברים זהבה 3 הדובים שוקו 250 גרם,,,עוגיות חברים זהבה 3,גרמים,250.00,100 גרם,false,1,10.00,4.00,true,1,
7290000313290,false,נודלס אטריות מסולסלות 200 גרם,,,נודלס אטריות מסולסלו,גרמים,200.00,100 גרם,false,1,11.90,5.95,true,1,
7290000315126,false,ציר עוף 300 גרם קנור,,,ציר עוף 300 גרם קנור,גרמים,300.00,100 גרם,false,1,27.80,9.27,true,1,
7290000315140,false,קורנפלקס מלא 500 גרם בדץ,,,קורנפלקס מלא 500 גרם,גרמים,500.00,100 גרם,false,1,22.40,4.48,true,1,
7290000327037,false,מירינדה פחית צרה 330 שישייה,,,מירינדה פחית צרה 330,ליטרים,0.00,ליטר,false,1,19.90,19.90,true,1,
7290000334684,false,טבעות בצל 700 גרם תפוגן,,,טבעות בצל 700 גרם תפ,גרמים,700.00,100 גרם,false,1,20.40,2.91,true,1,
7290000342856,false,בדין 4 ליטר כחול,,,בדין 4 ליטר כחול,ליטרים,0.00,ליטר,false,1,24.90,24.90,true,1,
7290000345260,false,תה ויסוצקי 25 שקיקים 1.5 גרם,,,תה ויסוצקי 25 שקיקים,Unknown,0.00,Unknown,false,1,8.80,8.80,true,1,
7290000345284,false,תה קלאסיק 100 שקיקים * 1.5 גרם,,IL,תה קלאסיק 100 שקיקים,גרמים,150.00,100 גרם,false,1,18.90,12.60,true,1,
7290000345307,false,תה ארל גריי 50 שקיקים 1.5 גרם,,,תה ארל גריי 50 שקיקי,Unknown,0.00,Unknown,false,1,20.90,20.90,true,1,
7290000345536,false,תה נענע 25 שקיקים 1.5 גרם,,,תה נענע 25 שקיקים 1.,Unknown,0.00,Unknown,false,1,22.90,22.90,true,1,
7290000346137,false,חליטת הילולי פירות 25 שקיקים גן קסום,,,חליטת הילולי פירות,Unknown,0.00,Unknown,false,1,19.90,19.90,true,1,
7290000346199,false,חליטת פירות היער 25 שקיקים גן קסום,,,חליטת פירות היער 25,Unknown,0.00,Unknown,false,1,19.90,19.90,true,1,
7290000363363,false,קבנוס מיוחד 160 גרםטירת צבי,,,קבנוס מיוחד 160 גרם,גרמים,160.00,100 גרם,false,1,21.90,13.69,true,1,
7290000363899,false,נקניקיות פיקנטיות 400 גרםטירת צבי,,,נקניקיות פיקנטיות,גרמים,400.00,100 גרם,false,1,14.90,3.73,true,1,
7290000364261,false,סלסולי כתף בקר 120גר טירת צבי,,,סלסולי כתף בקר 120גר,גרמים,120.00,100 גרם,false,1,17.90,14.92,true,1,
7290000364278,false,סלסולי סלמי איטלקי משובח  120גרטירת צבי,,,סלסולי סלמי איטלקי,גרמים,120.00,100 גרם,false,1,17.90,14.92,true,1,
7290000364285,false,סלסולי פסטרמה הודו  120גרטירת צבי,,,סלסולי פסטרמה הודו,גרמים,120.00,100 גרם,false,1,17.90,14.92,true,1,
7290000364292,false,סלסולי גחלים 120גר טירת צבי,,,סלסולי גחלים 120גר,גרמים,120.00,100 גרם,false,1,17.90,14.92,true,1,
7290000364803,false,נקניקיות קרנץ אמריקאי 500 גרם,,,נקניקיות קרנץ אמריקא,גרמים,500.00,100 גרם,false,1,32.10,6.42,true,1,
7290000364810,false,נקניקיות עגל 500 גרםטירת צבי,,,נקניקיות עגל 500 גרם,גרמים,500.00,100 גרם,false,1,31.10,6.22,true,1,
7290000364872,false,נקניקיות עוף 400 גרםטירת צבי,,,נקניקיות עוף 400 גרם,גרמים,400.00,100 גרם,false,1,14.90,3.73,true,1,
7290000367590,false,צמד כפרי טירת צבי 800 גרם,,,צמד כפרי טירת צבי,גרמים,800.00,100 גרם,false,1,30.90,3.86,true,1,
7290000369037,false,קוביות בולגרית מתובלות 200 גר,,,קוביות בולגרית מתובל,גרמים,200.00,100 גרם,false,1,17.90,8.95,true,1,
7290000369617,false,כדורי פטה מתובלים 150 גר,,,כדורי פטה מתובלים 15,גרמים,150.00,100 גרם,false,1,20.90,13.93,true,1,
7290000390963,false,סלרי אמריקאי כשר,,,סלרי אמריקאי כשר,Unknown,0.00,Unknown,false,1,5.90,5.90,true,1,
7290000408316,false,יוגורט דנונה דל לקטוז 200 גרם,,,דנונה דל לקטוז,גרמים,200.00,100 גרם,false,1,3.70,1.85,true,1,
7290000416021,false,ממרח השחר 500 גרם,,,ממרח השחר 500 גרם,גרמים,500.00,100 גרם,false,1,12.90,2.58,true,1,
7290000419220,false,מארז קפה לנדוור לבוקר 3 יח 100 גרם,,,מארז קפה לנדוור לבוק,גרמים,300.00,100 גרם,false,1,25.10,8.37,true,1,
7290000419909,false,קפה לנדוור טעם אקספרסו טחון טורקי 100ג,,,קפה לנדוור טעם אקספר,גרמים,100.00,100 גרם,false,1,8.90,8.90,true,1,
7290000430102,false,"קוביות קרח 2 ק""ג",,,"קוביות קרח 2 ק""ג",קילוגרמים,0.00,"ק""ג",false,1,10.90,10.90,true,1,
7290000446547,false,חמאת בוטנים ב.ד 350 גרם,,,חמאת בוטנים טבעית בט,גרמים,350.00,100 גרם,false,1,15.60,4.46,true,1,
7290000446554,false,חמאת בוטנים טבעית בט,,,חמאת בוטנים טבעית בט,גרמים,1000.00,100 גרם,false,1,33.90,3.39,true,1,
7290000453385,false,שמרים יבשים פארא אינסטנט 500 גרם עלית,,,שמרים יבשים פארא אינ,גרמים,500.00,100 גרם,false,1,15.50,3.10,true,1,
7290000461625,false,בייגלה שמיניות מלוח 400 גרם,,,בייגלה שמיניות מלוח,גרמים,400.00,100 גרם,false,1,13.90,3.48,true,1,
7290000462141,false,זחוק אדום מריף מאוד 150גר,,,זחוק אדום מריף מאוד,גרמים,350.00,100 גרם,false,1,10.90,3.11,true,1,
7290000474502,false,גבינה לבנה 5% 250 גר,,,גבינה לבנה 5%,גרמים,250.00,100 גרם,false,1,4.98,1.99,true,1,
7290000474540,false,טוב טעם 250 גרם,,,טוב טעם 250 גרם,גרמים,250.00,100 גרם,false,1,11.70,4.68,true,1,
7290000480107,false,קוואקר שיבולת שועל פחית 500 גר,,,קוואקר שיבולת שועל פ,גרמים,500.00,100 גרם,false,1,14.90,2.98,true,1,
7290000480442,false,קוואקר 500 גרם שקית,,,קוואקר 500 גרם שקית,גרמים,500.00,100 גרם,false,1,14.80,2.96,true,1,
7290000482033,false,קוקי ענק שקיות לצליה 5 יח,,,קוקי ענק שקיות לצליה,Unknown,0.00,Unknown,false,1,11.50,11.50,true,1,
7290000483139,false,מרציפן גולמי המרשלג 100 גרם,,,מרציפן גולמי המרשלג,גרמים,100.00,100 גרם,false,1,10.90,10.90,true,1,
7290000483641,false,מרציפן חלה המרשלג 75 גרם,,,מרציפן חלה המרשלג 75,גרמים,75.00,100 גרם,false,1,10.60,14.13,true,1,
7290000484747,false,"ערק עלית 40% 700 מ""ל",,,"ערק עלית 40% 700 מ""ל",מיליליטרים,700.00,"100 מ""ל",false,1,59.90,8.56,true,1,
7290000497044,false,לחם ברמן אקטיב 750 גר,,,לחם ברמן אקטיב 750 ג,גרמים,750.00,100 גרם,false,1,17.90,2.39,true,1,
7290000497112,false,אחיד פרוס ברמן,,,אחיד פרוס ברמן,גרמים,750.00,100 גרם,false,1,7.11,0.95,true,1,
7290000497204,false,פיתות אסלי ברמן 5 יח,,,פיתות אסלי ברמן 5 יח,גרמים,500.00,100 גרם,false,1,7.50,1.50,true,1,
7290000497358,false,חלומית ארוזה ברמן 500 גרם,,IL,חלומית ארוזה ברמן 50,גרמים,500.00,100 גרם,false,1,15.90,3.18,true,1,
7290000504025,false,סוכרזית פטריה 300 טבליות,,,סוכרזית פטריה 300 טב,גרמים,300.00,100 גרם,false,1,11.50,3.83,true,1,
7290000504278,false,סוכרזית פטנט 700 טבליות,,,סוכרזית פטנט 700 טבל,גרמים,574.00,100 גרם,false,1,22.90,3.99,true,1,
7290000518251,false,מתוק וקל זהב 100 שקיות,,,מתוק וקל זהב 100 שקי,Unknown,0.00,Unknown,false,1,17.40,17.40,true,1,
7290000523125,false,מלח הארץ ים יבש  250 גרם,,,מלח הארץ ים יבש  250,גרמים,250.00,100 גרם,false,1,6.70,2.68,true,1,
7290000523514,false,מלח ים יבש מופחת נתרן 250 גר,,,מלח ים יבש מופחת נתר,גרמים,250.00,100 גרם,false,1,12.90,5.16,true,1,
7290000523521,false,מלח הארץ מועשר ביוד 250 גרם,,,מלח הארץ מועשר ביוד,גרמים,250.00,100 גרם,false,1,7.50,3.00,true,1,
7290000523804,false,מלח עדין 1 קג צנצנת,,,"מלח עדין 1 ק""ג צנצנת",גרמים,1000.00,100 גרם,false,1,8.50,0.85,true,1,
7290000525969,false,מיץ תפוזים סחוט 1 ל פרימור,,,מיץ תפוזים סחוט 1 ל,מיליליטרים,1000.00,"100 מ""ל",false,1,17.90,1.79,true,1,
7290000529875,false,תה צאי מאסלה אורגני עדנים,,,תה צאי מאסלה אורגני,Unknown,0.00,Unknown,false,1,17.90,17.90,true,1,
7290000554402,false,מעדן מלבי 160 גר,,,מעדן מלבי 160 גר,גרמים,160.00,100 גרם,false,1,6.20,3.88,true,1,
7290000554457,false,צפתית מיני 5% 350 גרם,,,צפתית מיני 5% 350 גר,גרמים,350.00,100 גרם,false,1,25.50,7.29,true,1,
7290000554471,false,מוצרלה 180 גרם,,,מוצרלה 180 גרם,גרמים,180.00,100 גרם,false,1,18.90,10.50,true,1,
7290000554532,false,צפתית מעודנת 5% במלח ים טבעי 200גר,,,צפתית מעודנת 5% במלח,גרמים,200.00,100 גרם,false,1,15.90,7.95,true,1,
7290000554600,false,מוצרלה מגורדת 300 גרם,,,מוצרלה מגורדת 300 גר,גרמים,300.00,100 גרם,false,1,25.50,8.50,true,1,
7290000554624,false,מעדן ירח מתוק 150 גר,,,מעדן ירח מתוק 150 גר,גרמים,150.00,100 גרם,false,1,6.10,4.07,true,1,
7290000554686,false,לבנה בשמן זית וזעתר 250 גר,,,לבנה בשמן זית וזעתר,גרמים,250.00,100 גרם,false,1,16.90,6.76,true,1,
7290000554822,false,ריקוטה 250 גרם,,,ריקוטה 250 גרם,גרמים,250.00,100 גרם,false,1,15.90,6.36,true,1,
7290000554839,false,גבינת מסקרפונה 250 גרם,,,גבינת מסקרפונה 250 ג,גרמים,250.00,100 גרם,false,1,21.90,8.76,true,1,
7290000555505,false,פיקדון זוג,,,פיקדון זוג,Unknown,0.00,Unknown,false,1,0.60,0.60,true,1,
7290000571812,false,פרמזן מגורד המחלבה 200 גר,,,פרמזן מגורד המחלבה 2,גרמים,200.00,100 גרם,false,1,24.50,12.25,true,1,
7290000652177,false,נתחי פילה נסיכת הנילוס קפוא,,,נתחי פילה נסיכת הניל,Unknown,0.00,"ק""ג",true,0,69.90,69.90,true,1,
7290000652542,false,פילה אמנון קפוא,,,פילה אמנון קפוא,Unknown,0.00,"ק""ג",true,0,36.90,36.90,true,1,
7290000662817,false,סלמון מעושן 100 גרם,,IL,סלמון מעושן 100 גרם,גרמים,100.00,100 גרם,false,0,25.90,25.90,true,1,
7290000663135,false,קוביות סלמון 100% דג קפוא 300 גרם,,,קוביות סלמון 100% דג,גרמים,300.00,100 גרם,false,0,39.90,13.30,true,1,
7290000679570,false,דאו ספריי פדיסול אנטיפרספירנט 200 גר,,IL,דאו ספריי פדיסול אנט,גרמים,200.00,100 גרם,false,1,30.90,15.45,true,1,
7290000688176,false,"מי עדן בייבי 250 מ""ל",,,"מי עדן בייבי 250 מ""ל",מיליליטרים,250.00,"100 מ""ל",false,1,3.50,1.40,true,1,
7290000688374,false,שישיית מי עדן בייבי 250 מל,,,שישיית מי עדן בייבי,ליטרים,0.00,ליטר,false,1,17.90,17.90,true,1,
7290000688503,false,שישיית מים ספורט 750 מל,,,שישיית מים ספורט 750,מיליליטרים,4500.00,"100 מ""ל",false,1,18.90,0.42,true,1,
7290000690536,false,לבבות חסה שטופה,,,לבבות חסה שטופה,Unknown,0.00,Unknown,false,1,11.90,11.90,true,1,
7290000982113,false,עגבניית טעם,,,עגבניית טעם,Unknown,0.00,"ק""ג",true,0,19.90,19.90,true,1,
7290000993461,false,שרי צהוב,,,שרי צהוב,Unknown,0.00,Unknown,false,1,12.90,12.90,true,1,
7290000993560,false,שרי מנומר,,,שרי מנומר,Unknown,0.00,Unknown,false,1,14.90,14.90,true,1,
7290000995410,false,נבטים סינים,,,נבטים סינים,Unknown,0.00,Unknown,false,1,11.90,11.90,true,1,
7290001045633,false,"לימונענע 400 מ""ל פרימור",,,לימונענע 400 מ פרימו,מיליליטרים,400.00,"100 מ""ל",false,1,11.90,2.98,true,1,
7290001045688,false,"תפוזים סחוט 400 מ""ל פרימור",,,"תפוזים סחוט 400 מ""ל",מיליליטרים,400.00,"100 מ""ל",false,1,11.90,2.98,true,1,
7290001047934,false,פטל שחור קפוא 300 גר,,,פטל שחור קפוא 300 גר,גרמים,300.00,100 גרם,false,1,17.40,5.80,true,1,
7290001111500,false,לחם מחמצת בטעמים 700 גרם,,,לחם מחמצת בטעמים 700,גרמים,700.00,100 גרם,false,1,18.50,2.64,true,1,
7290001216040,false,טחינה 500 גרם טחינת אל-ארז,,,טחינה 500 גרם טחינת,גרמים,500.00,100 גרם,false,1,18.90,3.78,true,1,
7290001216231,false,טחינה מלאה 500 גרם טחינת אל-ארז,,,טחינה מלאה 500 גרם ט,גרמים,500.00,100 גרם,false,1,19.90,3.98,true,1,
7290001230331,false,כאמל בוקס חפיסה,,,כאמל בוקס חפיסה,Unknown,0.00,Unknown,false,1,30.90,30.90,true,1,
7290001230739,false,כאמל כחול חפיסה,,,כאמל כחול חפיסה,Unknown,0.00,Unknown,false,1,30.90,30.90,true,1,
7290001231932,false,ווינסטון כחול בוקס חפיסה,,,ווינסטון כחול בוקס ח,Unknown,0.00,Unknown,false,1,33.00,33.00,true,1,
7290001246146,false,מסיר אבן 1 ליטר טאצ,,,מסיר אבן 1 ליטר טאצ,Unknown,0.00,Unknown,false,1,13.90,13.90,true,1,
7290001246535,false,ת. נירוסטה 400 מל טאצ,,,ת. נירוסטה 400 מל טא,Unknown,0.00,Unknown,false,1,18.90,18.90,true,1,
7290001247068,false,קרטונית נקטר ספרינג תות בננה 1 ליטר,,,קרטונית נקטר ספרינג,מיליליטרים,1000.00,"100 מ""ל",false,1,7.40,0.74,true,1,
7290001247082,false,קרטונית נקטר ספרינג עגבניות 1 ליטר,,,קרטונית נקטר ספרינג,מיליליטרים,1000.00,"100 מ""ל",false,1,7.60,0.76,true,1,
7290001247105,false,קרטונית נקטר ספרינג אפרסק 1 ליטר,,,קרטונית נקטר ספרינג,מיליליטרים,1000.00,"100 מ""ל",false,1,7.40,0.74,true,1,
7290001247112,false,קרטונית נקטר ספרינג לימונענע 1 ליטר,,,קרטונית נקטר ספרינג,מיליליטרים,1000.00,"100 מ""ל",false,1,7.40,0.74,true,1,
7290001247129,false,קרטונית נקטר ספרינג תפוזים,,,קרטונית נקטר ספרינג,מיליליטרים,1000.00,"100 מ""ל",false,1,7.40,0.74,true,1,
7290001247143,false,קרטונית נקטר ספרינג תפוחים,,,קרטונית נקטר ספרינג,מיליליטרים,1000.00,"100 מ""ל",false,1,7.40,0.74,true,1,
7290001342848,false,קרם פפריקה הונגרית מתוקה בשפופרת 160 גרם,,HU,קרם פפריקה הונגרית מ,גרמים,160.00,100 גרם,false,1,27.90,17.44,true,1,
7290001343845,false,"גרנולה פירות 1 ק""ג ורוד שקדיה",,,"גרנולה פירות 1 ק""ג ו",גרמים,1000.00,100 גרם,false,1,22.90,2.29,true,1,
7290001356166,false,סלמון מעושן 100 גרם,,,סלמון מעושן 100 גרם,גרמים,100.00,100 גרם,false,1,25.00,25.00,true,1,
7290001356173,false,סלמון פרוס 200 גרם,,,סלמון פרוס 200 גרם,גרמים,200.00,100 גרם,false,1,47.00,23.50,true,1,
7290001356562,false,פילה הרינג בטעמים 160 גר,,,פילה הרינג בטעמים 16,גרמים,160.00,100 גרם,false,1,18.50,11.56,true,1,
7290001361016,false,עוגה גינגית  600 גרם,,,עוגה גינגית  600 גרם,גרמים,600.00,100 גרם,false,1,47.90,7.98,true,1,
7290001361054,false,אקלרים וניל 600 גרם,,,אקלרים וניל 600 גרם,גרמים,600.00,100 גרם,false,1,45.90,7.65,true,1,
7290001361061,false,פחזניות בציפוי שוקולד 600 גרם,,,פחזניות בציפוי שוקול,גרמים,600.00,100 גרם,false,1,49.90,8.32,true,1,
7290001361085,false,עוגת נפוליאון,,,עוגת נפוליאון,גרמים,600.00,100 גרם,false,1,47.90,7.98,true,1,
7290001361092,false,עוגת פיצוץ 400 גר,,,עוגת פיצוץ,גרמים,400.00,100 גרם,false,1,49.90,12.48,true,1,
7290001361344,false,עוגת מוזה פס 400 גר,,,עוגת מוזה פס 400 גר,גרמים,400.00,100 גרם,false,1,52.90,13.23,true,1,
7290001361436,false,פס שמנת סמנטיק 550 גרם,,,פס שמנת סמנטיק 550 ג,גרמים,550.00,100 גרם,false,1,49.90,9.07,true,1,
7290001361931,false,פחזניות במילוי גבינה 350גר,,,פחזניות במילוי גבינה,גרמים,450.00,100 גרם,false,1,38.90,8.64,true,1,
7290001407547,false,טחינה משומשום מלא פי 6 500 גרם,,,טחינה משומשום מלא פי,גרמים,500.00,100 גרם,false,1,18.50,3.70,true,1,
7290001427019,false,"מיץ תפוז קשת 500 מ""ל",,,"מיץ תפוז קשת 500 מ""ל",מיליליטרים,500.00,"100 מ""ל",false,1,18.90,3.78,true,1,
7290001427033,false,מיץ תפוחים 1 ליטר,,,מיץ תפוחים 1 ליטר,מיליליטרים,1000.00,"100 מ""ל",false,1,19.90,1.99,true,1,
7290001427095,false,"מיץ סלק 500 מ""ל",,,"מיץ סלק 500 מ""ל",מיליליטרים,500.00,"100 מ""ל",false,1,15.50,3.10,true,1,
7290001427132,false,"מיץ רימונים 500 מ""ל",,,"מיץ רימונים 500 מ""ל",מיליליטרים,500.00,"100 מ""ל",false,1,25.90,5.18,true,1,
7290001427255,false,קשת מיץ תפוחים טבעי,,,קשת מיץ תפוחים טבעי,מיליליטרים,1000.00,"100 מ""ל",false,1,20.90,2.09,true,1,
7290001427323,false,מיץ סלק ותפוח פט 1 ליטר חדש,,,מיץ סלק ותפוח פט 1 ל,מיליליטרים,1000.00,"100 מ""ל",false,1,23.90,2.39,true,1,
7290001482186,false,אננס חתוך בסירופ קל וילי פוד 565 גר,,TH,אננס חתוך בסירופ קל,גרמים,565.00,100 גרם,false,1,7.90,1.40,true,1,
7290001507360,false,חטיף אובלטים אורגניים עם כוסמין 100 גר,,,חטיף אובלטים אורגניי,גרמים,100.00,100 גרם,false,1,12.90,12.90,true,1,
7290001507667,false,מצות מקמח כוסמין אורגני 300 גר,"אם החיטה בע""מ",,מצות מקמח כוסמין אור,גרמים,300.00,100 גרם,false,1,22.90,7.63,true,1,
7290001588352,false,אבוקדו אורגני,,,אבוקדו אורגני,Unknown,0.00,"ק""ג",true,0,38.90,38.90,true,1,
7290001588406,false,בצל יבש  אורגני,,,בצל יבש אורי  אורגני,קילוגרמים,0.00,"ק""ג",true,0,18.90,18.90,true,1,
7290001588437,false,מלפפון אורגני,,,מלפפון אורגני שדות,Unknown,0.00,"ק""ג",true,0,14.90,14.90,true,1,
7290001588444,false,עגבניה אורגנית,,,עגבניה אורגנית שדות,Unknown,0.00,"ק""ג",true,0,14.90,14.90,true,1,
7290001588475,false,פלפל אדום אורגני,,,פלפל אדום אורגני שדו,Unknown,0.00,"ק""ג",true,0,16.90,16.90,true,1,
7290001588567,false,תפוח עץ אורגני אדום,,,תפוח עץ אורגני אדום,Unknown,0.00,"ק""ג",true,0,29.90,29.90,true,1,
7290001588604,false,לימון  אורגני,,,לימון  אורגני שדות,Unknown,0.00,"ק""ג",true,0,19.90,19.90,true,1,
7290001594025,false,קוקה קולה קלאסי 350 מל,,,קוקה קולה קלאסי 350,מיליליטרים,350.00,"100 מ""ל",false,1,6.60,1.89,true,1,
7290001594155,false,"קוקה קולה 500 מ""ל",,,"קוקה קולה 500 מ""ל",מיליליטרים,500.00,"100 מ""ל",false,1,8.50,1.70,true,1,
7290001594230,false,קינלי סודה 250 מל,,,"קינלי סודה 250 מ""ל",מיליליטרים,250.00,"100 מ""ל",false,1,4.00,1.60,true,1,
7290001594377,false,"פריגת תפוזים 500 מ""ל",,,"פריגת תפוזים 500 מ""ל",מיליליטרים,500.00,"100 מ""ל",false,1,5.90,1.18,true,1,
7290001594391,false,פריגת ענבים 500,,,פריגת ענבים 500,מיליליטרים,500.00,"100 מ""ל",false,1,5.90,1.18,true,1,
7290001594568,false,"קרלסברג פחית 500 מ""ל",,,"קרלסברג פחית 500 מ""ל",מיליליטרים,500.00,"100 מ""ל",false,1,9.90,1.98,true,1,
7290001594575,false,"טובורג 500 מ""ל",,,"בירה טובורג 500 מ""ל",מיליליטרים,500.00,"100 מ""ל",false,1,9.90,1.98,true,1,
7290001594858,false,"טובורג רד שישייה בקבוק 330 מ""ל",,,טובורג רד שישייה בקב,מיליליטרים,1980.00,"100 מ""ל",false,1,39.90,2.02,true,1,
7290001594865,false,"קרלסברג שישיה בקבוק 330 מ""ל",,,קרלסברג שישיה בקבוק,מיליליטרים,1980.00,"100 מ""ל",false,1,36.90,1.86,true,1,
7290001780800,false,קראנץ ליבת נוגט,,,קראנץ ליבת נוגט,Unknown,0.00,Unknown,false,1,10.90,10.90,true,1,
7290001791776,false,"סנו די רולאון פלוס אלוורה 50 מ""ל",,,סנו די רולאון פלוס,מיליליטרים,50.00,"100 מ""ל",false,1,23.90,47.80,true,1,
7290001817377,false,ציטוס איקס עיגול 60 גרם,,,ציטוס איקס עיגול 60,Unknown,0.00,Unknown,false,1,4.90,4.90,true,1,
7290001817728,false,ציטוס כאפה עידן הקרח 55 גרם,,,ציטוס כאפה עידן הקרח,גרמים,55.00,100 גרם,false,1,4.90,8.91,true,1,
7290001835388,false,פרמיו סטריפס חטיף רך 85גרם,,,פרמיו סטריפס חטיף לכ,גרמים,85.00,100 גרם,false,1,9.90,11.65,true,1,
7290001865439,false,פמילי אל סבון נוזלי 1 ליטר,,,פמילי אל סבון נוזלי,מיליליטרים,1000.00,"100 מ""ל",false,1,15.90,1.59,true,1,
7290001975992,false,"בירה ויינשטפן 330 מ""ל",,,"בירה ויינשטפן 330 מ""",מיליליטרים,330.00,"100 מ""ל",false,1,14.90,4.52,true,1,
7290001990148,false,סוכר גולדן קלאסי צנצנת 1 קג,,,סוכר גולדן קלאסי צנצ,גרמים,1000.00,100 גרם,false,1,12.90,1.29,true,1,
7290002019763,false,עגבניות מרוסקות פריניר 800 גר,,,עגבניות מרוסקות 800,גרמים,800.00,100 גרם,false,1,6.70,0.84,true,1,
7290002026358,false,ציפס בטטה קרינקל 500 גר,,,ציפס בטטה קרינקל 500,גרמים,500.00,100 גרם,false,1,21.90,4.38,true,1,
7290002026914,false,מאגדת קלאסיק מיקס בן&גריס *4,,,מאגדת קלאסיק מיקס בן,Unknown,0.00,Unknown,false,1,29.90,29.90,true,1,
7290002037569,false,שישיית לחמניות באניס,,,שישיית לחמניות באניס,גרמים,450.00,100 גרם,false,1,14.90,3.31,true,1,
7290002037637,false,מארז 4 חליות מתוקות,,,מארז 4 חליות מתוקות,גרמים,360.00,100 גרם,false,1,14.50,4.03,true,1,
7290002043096,false,פריכוני אורז חום מלא שוקולד לבן 70 גרם,,,פריכוני אורז חום מלא,גרמים,70.00,100 גרם,false,0,9.50,13.57,true,1,
7290002043379,false,ציפס אורז חום מלא עדשים שחורות 60 גרם,,BG,ציפס אורז חום מלא עד,גרמים,60.00,100 גרם,false,0,8.50,14.17,true,1,
7290002043829,false,פריכיות מלח הימלאיה אריזת חיסכון 200 גרם,,BG,פריכיות מלח הימלאיה,גרמים,200.00,100 גרם,false,0,16.90,8.45,true,1,
7290002073505,false,מנצגו כבשים דותן במשקל,,,מנצגו כבשים דותן,גרמים,0.00,"ק""ג",true,0,205.00,205.00,true,1,
7290002073628,false,גאודה אגוזים הולנדי במשקל,,,גאודה אגוזים הולנדי,Unknown,0.00,"ק""ג",true,0,147.00,147.00,true,1,
7290002073635,false,גאודה פסטו הולנדי במשקל,,,גאודה פסטו הולנדי במ,Unknown,0.00,"ק""ג",true,0,139.00,139.00,true,1,
7290002073680,false,גבינה קברה ביין ספרדי עיזים במשקל,,,גבינה קברה ביין ספרד,Unknown,0.00,"ק""ג",true,0,231.00,231.00,true,1,
7290002107385,false,עז מה גבינת עיזים 180 גר,,,עז מה גבינת עיזים,גרמים,180.00,100 גרם,false,1,25.90,14.39,true,1,
7290002107491,false,גבינת עיזים למריחה 5% צוריאל 250 גר,,,גבינת עיזים למריחה 5,גרמים,250.00,100 גרם,false,1,16.90,6.76,true,1,
7290002107965,false,צוריאל גבינה טבורוג 5% 500 גר,,,צוריאל גבינה טבורוג,גרמים,500.00,100 גרם,false,1,26.90,5.38,true,1,
7290002130567,false,דבש טהור יד מרדכי 350 גרם,,,דבש טהור יד מרדכי 35,גרמים,350.00,100 גרם,false,1,21.90,6.26,true,1,
7290002130574,false,דבש טהור 500 גר יד מרדכי זכוכית,,,דבש טהור יד מרדכי500,גרמים,500.00,100 גרם,false,1,29.90,5.98,true,1,
7290002133162,false,בולגרית % 5 בגביע 250 גר,,,בולגרית % 5 בגביע 25,גרמים,200.00,100 גרם,false,1,20.90,10.45,true,1,
7290002204220,false,אוכמניות,,,אוכמניות,Unknown,0.00,Unknown,false,1,19.90,19.90,true,1,
7290002208464,false,קשקבל כבשים משק דותן 200 גרם,,,קשקבל כבשים משק דותן,גרמים,200.00,100 גרם,false,1,42.90,21.45,true,1,
7290002208495,false,תום כבשים משק דותן 200 גרם,,,תום כבשים משק דותן 2,גרמים,200.00,100 גרם,false,1,42.90,21.45,true,1,
7290002253006,false,שום כתוש בצנצנת 200 גר דורות,,,שום כתוש בצנצנת 200,גרמים,200.00,100 גרם,false,1,19.90,9.95,true,1,
7290002253105,false,מגשית שום טרי דורות 80ג,,,מגשית שום טרי דורות,גרמים,80.00,100 גרם,false,1,16.90,21.13,true,1,
7290002263562,false,"מיץ לימון משומר 200 מ""ל",,,מיץ לימון משומר 200,מיליליטרים,200.00,"100 מ""ל",false,0,7.50,3.75,true,1,
7290002331018,false,נביעות 500 מל,,,"נביעות 500 מ""ל",מיליליטרים,500.00,"100 מ""ל",false,1,4.90,0.98,true,1,
7290002331025,false,נביעות 500 מל פקק ספורט,,,"נביעות 500 מ""ל",מיליליטרים,500.00,"100 מ""ל",false,1,5.90,1.18,true,1,
7290002331490,false,מים נביעות 1 ליטר,,,מים נביעות 1 ליטר,מיליליטרים,1000.00,"100 מ""ל",false,1,2.90,0.29,true,1,
7290002333463,false,שעועית מש אורגנית 500 גר,,,שעועית מש אורגנית 50,גרמים,500.00,100 גרם,false,1,15.90,3.18,true,1,
7290002333968,false,עדשים צהובות חצויות אורגני 500 גר,,,עדשים צהובות חצויות,גרמים,500.00,100 גרם,false,1,13.90,2.78,true,1,
7290002353836,false,סרדינים רוברט בשמן זית 120 גר,,,סרדינים רוברט בשמן,גרמים,120.00,100 גרם,false,1,8.90,7.42,true,1,
7290002360155,false,תה חליטת פומפדור שומר 20 שקיות,,,תה חליטת פומפדור שומ,Unknown,0.00,Unknown,false,1,18.90,18.90,true,1,
7290002360285,false,תה חליטת פומפדור קמומיל 20 יח,,,תה חליטת קמומיל 20 י,Unknown,0.00,Unknown,false,1,18.90,18.90,true,1,
7290002371526,false,סלסולי פסטרמה שום וצילי 120 גר טירת צבי,,,סלסולי פסטרמה שום,גרמים,120.00,100 גרם,false,1,17.90,14.92,true,1,
7290002371533,false,סלסולי פסטרמה ודבש 120 גר טירת צבי,,,סלסולי פסטרמה ודבש 1,גרמים,120.00,100 גרם,false,1,17.90,14.92,true,1,
7290002371540,false,קורנביף 120 גר טירת מבי,,,קורנביף 120 גר,גרמים,120.00,100 גרם,false,1,17.90,14.92,true,1,
7290002374268,false,שמן חמניות 1 ליטר,,,שמן חמניות 1 ליטר,מיליליטרים,1000.00,"100 מ""ל",false,1,13.50,1.35,true,1,
7290002374312,false,שמן קנולה 1 ליטר,,,שמן קנולה 1 ליטר,מיליליטרים,1000.00,"100 מ""ל",false,1,12.90,1.29,true,1,
7290002374640,false,שמן קנולה פלוס אומגה 3 1 ליטר עץ הזית,,,שמן קנולה פלוס אומגה,מיליליטרים,1000.00,"100 מ""ל",false,1,16.90,1.69,true,1,
7290002400455,false,פילה מדומה סקין פריים,,IL,פילה מדומה סקין פריי,Unknown,0.00,"ק""ג",true,0,69.90,69.90,true,1,
7290002421115,false,כדורי לאבנה בקר 400 גרם,,,כדורי לאבנה בקר 400,גרמים,400.00,100 גרם,false,1,40.90,10.23,true,1,
7290002421122,false,כדורי לאבנה עיזים 200 גרם,,,כדורי לאבנה עיזים,גרמים,200.00,100 גרם,false,1,46.90,23.45,true,1,
7290002421443,false,גבינת צדר 180 גרם,,,גבינת צדר 180 גרם,גרמים,180.00,100 גרם,false,1,32.40,18.00,true,1,
7290002460060,false,"קמח 1 ק""ג",,,"קמח 1 ק""ג",קילוגרמים,0.00,"ק""ג",false,1,5.10,5.10,true,1,
7290002460084,false,סולת 1 קג,,,סולת 1 קג,גרמים,1000.00,100 גרם,false,1,5.10,0.51,true,1,
7290002477556,false,כבד עוף טרי,,,כבד עוף טרי,Unknown,0.00,"ק""ג",true,0,22.90,22.90,true,1,
7290002485025,false,חומוס מסעדות 500גר,,,חומוס מסעדות 500גר,גרמים,500.00,100 גרם,false,1,16.70,3.34,true,1,
7290002485049,false,חומוס מסבחה 500גר,,,חומוס מסבחה 500גר,גרמים,500.00,100 גרם,false,1,16.70,3.34,true,1,
7290002485063,false,חומוס אבו גוש 500גר,,,חומוס אבו גוש 500גר,גרמים,500.00,100 גרם,false,1,16.70,3.34,true,1,
7290002488422,false,תמר מגהול פרימיום 600 גרם,,IL,תמר מגהול פרימיום 60,גרמים,600.00,100 גרם,false,1,20.90,3.48,true,1,
7290002543046,false,קלוגס פרוסטיס 750 גרם,,,קלוגס פרוסטיס 750 גר,גרמים,750.00,100 גרם,false,1,24.90,3.32,true,1,
7290002543237,false,קלוגס קורן פלקס 750 גרם,,,קלוגס קורן פלקס 750,גרמים,750.00,100 גרם,false,1,17.90,2.39,true,1,
7290002551003,false,טונה סטארקיסט בשמן 160 גרם,,,טונה סטארקיסט בשמן,גרמים,160.00,100 גרם,false,1,8.20,5.13,true,1,
7290002551010,false,טונה סטארקיסט במים 160 גרם,,,טונה סטארקיסט במים,גרמים,160.00,100 גרם,false,1,8.20,5.13,true,1,
7290002616207,false,גאודה הולנדית עם כמון במשקל,,,גאודה הולנדית כמון,Unknown,0.00,"ק""ג",true,0,134.00,134.00,true,1,
7290002617013,false,מונטניולו גרמני במשקל,,,מונטניולו גרמני במשק,Unknown,0.00,"ק""ג",true,0,177.00,177.00,true,1,
7290002617709,false,"שרימפס מקולף גמבו 1 ק""ג קפוא 16/20",,,שרימפס מקולף גמבו 1,קילוגרמים,0.00,"ק""ג",false,1,143.50,143.50,true,1,
7290002617723,false,"שרימפס מקולף 1 ק""ג גדול קפוא 26/30",,,שרימפס מקולף גדול,קילוגרמים,0.00,"ק""ג",false,1,111.50,111.50,true,1,
7290002692393,false,שמן קנולה עץ הזית 1 ל מועשר,,,שמן קנולה עץ הזית 1,מיליליטרים,1000.00,"100 מ""ל",false,1,16.90,1.69,true,1,
7290002692478,false,שמן זית כתית מעולה בטעם מעודן 750 מל,,,שמן זית כתית מעולה ב,מיליליטרים,750.00,"100 מ""ל",false,1,34.90,4.65,true,1,
7290002697114,false,10 פיתות עבודת יד,,,10 פיתות עבודת יד,גרמים,500.00,100 גרם,false,1,17.90,3.58,true,1,
7290002697176,false,פיתה תימנית 5 יחידות עבודת יד,,,פיתה תימנית 5 יחידות,גרמים,500.00,100 גרם,false,1,8.90,1.78,true,1,
7290002715504,false,מרק עוף מגיק בכוס 70 גרם,,,מרק עוף מגיק בכוס 70,גרמים,70.00,100 גרם,false,1,5.50,7.86,true,1,
7290002715511,false,מרק בשר מגיק בכוס 70 גרם,,,מרק בשר מגיק בכוס 70,גרמים,70.00,100 גרם,false,1,5.50,7.86,true,1,
7290002715528,false,מרק ירקות מגיק בכוס 70 גרם,,,מרק ירקות מגיק בכוס,גרמים,70.00,100 גרם,false,1,5.50,7.86,true,1,
7290002715580,false,מרק סיני מגיק בכוס 70 גרם,,,מרק סיני מגיק בכוס 7,גרמים,70.00,100 גרם,false,1,5.50,7.86,true,1,
7290002730521,false,צמרונים קופסא מרובעת,,,צמרונים בלונס קופסא,Unknown,0.00,Unknown,false,1,8.30,8.30,true,1,
7290002730675,false,"משחת שיניים קולגייט משפחתי 100 מ""ל",,,משחת שיניים קולגייט,Unknown,0.00,Unknown,false,1,10.90,10.90,true,1,
7290002730811,false,משחת שיניים קולגייט משפחתי גל,,,משחת שיניים קולגייט,גרמים,150.00,100 גרם,false,1,14.90,9.93,true,1,
7290002730958,false,סבון מוצק פלמוליב ירוק זית,,,סבון מוצק פלמוליב יר,גרמים,400.00,100 גרם,false,1,22.50,5.63,true,1,
7290002752332,false,מנטוס פירות,,,מנטוס פירות,גרמים,37.00,100 גרם,false,1,3.60,9.73,true,1,
7290002771111,false,קפה עם הל 250 גרם,,,קפה עם הל 250 גרם,גרמים,250.00,100 גרם,false,1,19.90,7.96,true,1,
7290002771128,false,קפה בלי הל 250 גרם,,,קפה בלי הל 250 גרם,גרמים,250.00,100 גרם,false,1,19.90,7.96,true,1,
7290002793311,false,שירות והחלפה מילוי גז 60,,,שירות והחלפה מילוי ג,Unknown,0.00,Unknown,false,1,59.90,59.90,true,1,
7290002824183,false,סקי משפחתי 5% 500 גרם,,,סקי משפחתי 5% 500 גר,גרמים,500.00,100 גרם,false,1,9.96,1.99,true,1,
7290002824466,false,יוגורט דנונה ביו 0% 200 גרם,,,יוגורט דנונה ביו 0%,מיליליטרים,200.00,"100 מ""ל",false,1,3.70,1.85,true,1,
7290002824640,false,גבינת סקי 5% 250 גרם,,IL,גבינת סקי 5% 250 גרם,גרמים,250.00,100 גרם,false,1,4.98,1.99,true,1,
7290002842309,false,סרדין מינרבה בשמן 120 גרם,,,סרדין מינרבה בשמן 12,גרמים,120.00,100 גרם,false,1,9.80,8.17,true,1,
7290002862208,false,ממרח צמיצורי 190 גרם,,,ממרח צמיצורי 190 גרם,גרמים,190.00,100 גרם,false,1,21.90,11.53,true,1,
7290002868996,false,קוטג 5% מועשר 250 גרם,,,קוטג 5% מועשר 250 גר,גרמים,250.00,100 גרם,false,1,6.20,2.48,true,1,
7290002879237,false,סומבררו ברבקיו 200 גר,,,סומבררו ברבקיו 200 ג,מיליליטרים,200.00,"100 מ""ל",false,1,18.90,9.45,true,1,
7290002879282,false,סומבררו-תירס טבעי 200 גרם,,,סומבררו-תירס טבעי 20,גרמים,200.00,100 גרם,false,1,18.90,9.45,true,1,
7290002881254,false,קוקטייל טרופי  תומר 850 גרם,,,קוקטייל טרופי  תומר,גרמים,850.00,100 גרם,false,1,12.90,1.52,true,1,
7290002881278,false,אפרסק חצאים 820 גרם,,,אפרסק חצאים 820 גרם,גרמים,820.00,100 גרם,false,1,8.90,1.09,true,1,
7290002881940,false,סרדין מרוקאי בשמן 125 גר,,,סרדין מרוקאי בשמן 12,גרמים,125.00,100 גרם,false,1,6.90,5.52,true,1,
7290002881957,false,סרדין מרוקאי חריף 125 גר,,,סרדין מרוקאי חריף 12,גרמים,125.00,100 גרם,false,1,6.90,5.52,true,1,
7290002887812,false,מצה 100% קמח מלא 400 גרם,,,מצה 100% קמח מלא 400,גרמים,400.00,100 גרם,false,1,15.90,3.98,true,1,
7290002921240,false,שמפוזר קרבונה אדום,,,שמפוזר קרבונה אדום,מיליליטרים,650.00,"100 מ""ל",false,1,34.90,5.37,true,1,
7290002921349,false,סופר גלו 3 זוגי,,,סופר גלו 3 זוגי,Unknown,0.00,Unknown,false,1,14.90,14.90,true,1,
7290002966012,false,קוויאר שחור מאצות ים 100גר,,,קוויאר שחור מאצות ים,גרמים,100.00,100 גרם,false,1,13.90,13.90,true,1,
7290002971009,false,"קמח לבן שטיבל 1 ק""ג",,,"קמח לבן שטיבל 1 ק""ג",גרמים,1000.00,100 גרם,false,1,4.80,0.48,true,1,
7290002971955,false,"קמח שטיבל 650 ללא ניפוי 1 ק""ג",,,קמח שטיבל 650 ללא ני,גרמים,1000.00,100 גרם,false,1,9.50,0.95,true,1,
7290002972006,false,"קמח שטיבל 405 ללא ניפוי 1 ק""ג",,,קמח שטיבל 405 ללא ני,גרמים,1000.00,100 גרם,false,1,9.50,0.95,true,1,
7290002973676,false,"קמח שטיבל לחלה 18 ללא ניפוי 1 ק""ג",,,קמח שטיבל לחלה 18 לל,גרמים,1000.00,100 גרם,false,1,9.50,0.95,true,1,
7290002986652,false,פתי בר שוקו 470 גר,,,פתי בר שוקו,גרמים,470.00,100 גרם,false,1,11.00,2.34,true,1,
7290003009640,false,סחוט טרי תפוז 1 ליטר,,,סחוט טרי תפוז 1 ליטר,מיליליטרים,1000.00,"100 מ""ל",false,1,19.90,1.99,true,1,
7290003024001,false,גבינה ברי צרפתי במשקל,,,גבינה ברי צרפתי,Unknown,0.00,"ק""ג",true,0,189.00,189.00,true,1,
7290003024605,false,פורם דאמברט במשקל,,,פורם דאמברט במשקל,Unknown,0.00,"ק""ג",true,0,180.00,180.00,true,1,
7290003029181,false,שוקו 1ליטר בקבוק,,IL,שוקו בקבוק יטבתה,מיליליטרים,1000.00,"100 מ""ל",false,1,12.50,1.25,true,1,
7290003029372,false,משקה חלב בננה 1 ליטר בקבוק,,,משקה חלב בננה 1 ליטר,מיליליטרים,1000.00,"100 מ""ל",false,1,12.50,1.25,true,1,
7290003029389,false,"משקה בננה פקק 250 מ""ל",,,"בננה פקק 250 מ""ל",מיליליטרים,250.00,"100 מ""ל",false,1,5.70,2.28,true,1,
7290003029433,false,"שוקו פקק יטבתה 250 מ""ל",,,שוקו פקק יטבתה 250 מ,מיליליטרים,250.00,"100 מ""ל",false,1,5.70,2.28,true,1,
7290003029532,false,מוקה בקבוק 1 ליטר,,,מוקה בקבוק 1 ליטר,מיליליטרים,1000.00,"100 מ""ל",false,1,12.50,1.25,true,1,
7290003029815,false,חלב יטבתה 3% מועשר 2 ליטר,,,חלב יטבתה 3% מועשר 2,ליטרים,0.00,ליטר,false,1,15.90,15.90,true,1,
7290003029907,false,קפה יטבתה 1 ליטר,,,קפה יטבתה 1ליטר,מיליליטרים,1000.00,"100 מ""ל",false,1,12.50,1.25,true,1,
7290003047642,false,תה ליפטון ילו לייבל 100 שקיקים 150 גרם,,,תה ליפטון ילו לייבל,גרמים,150.00,100 גרם,false,1,17.90,11.93,true,1,
7290003054060,false,אבקת חרדל קולמנס אנגלי 113 גרם,,,אבקת חרדל קולמנס אנג,גרמים,113.00,100 גרם,false,1,27.90,24.69,true,1,
7290003054176,false,לחם שיפון פומפרניקל 500 גרם,,,לחם שיפון פומפרניקל,גרמים,500.00,100 גרם,false,1,15.90,3.18,true,1,
7290003054206,false,לחם שיפון חמניות 500 גרם,,,לחם שיפון חמניות 500,גרמים,500.00,100 גרם,false,1,15.90,3.18,true,1,
7290003072606,false,מיני נקניקיות עוף טירת צבי 350 גר,,IL,מיני נקניקיות עוף טי,גרמים,350.00,100 גרם,false,1,14.90,4.26,true,1,
7290003072804,false,פסטרמה של פעם 200 גרם,,IL,פסטרמה של פעם 200 גר,גרמים,200.00,100 גרם,false,1,24.90,12.45,true,1,
7290003072965,false,קבנוס חריף מעושן טירת צבי 120 גרם,,,קבנוס חריף מעושן טיר,גרמים,120.00,100 גרם,false,1,12.90,10.75,true,1,
7290003126712,false,"משק צוריאל יוגורט עיזים 3% ביו 140מ""ל",,,משק צוריאל יוגורט עי,גרמים,140.00,100 גרם,false,1,6.70,4.79,true,1,
7290003126958,false,טופו גולמי 300גר,,,טופו גולמי 300גר,גרמים,300.00,100 גרם,false,1,14.70,4.90,true,1,
7290003208579,false,וודקה גריי גוס 1 ליטר,,,וודקה גריי גוס 1 ליט,מיליליטרים,1000.00,"100 מ""ל",false,1,157.90,15.79,true,1,
7290003208586,false,"וורמוט מרטיני לבן 750 מ""ל",,,וורמוט מרטיני לבן 75,Unknown,0.00,Unknown,false,1,54.90,54.90,true,1,
7290003229109,false,פסטרמה בפפריקה 400 גרםטירת צבי,,,פסטרמה בפפריקה 400 ג,גרמים,400.00,100 גרם,false,1,30.90,7.73,true,1,
7290003229116,false,פסטרמה בדבש 400 גרםטירת צבי,,,פסטרמה בדבש 400 גרם,גרמים,400.00,100 גרם,false,1,30.90,7.73,true,1,
7290003229123,false,פסטרמה על גחלים 400 גרםטירת צבי,,,פסטרמה על גחלים,גרמים,400.00,100 גרם,false,1,30.90,7.73,true,1,
7290003229192,false,כתף בקר מעושן 400 גרםטירת צבי,,,כתף בקר מעושן 400 גר,גרמים,400.00,100 גרם,false,1,32.90,8.23,true,1,
7290003229208,false,פסטרמה ספרדית 360 גרטירת צבי,,,פסטרמה ספרדית 360 גר,גרמים,360.00,100 גרם,false,1,33.50,9.31,true,1,
7290003321155,false,דנונה בר פקאן 183 גר,,,דנונה בר פקאן 183 גר,גרמים,183.00,100 גרם,false,1,4.80,2.62,true,1,
7290003400500,false,חטיף הרשי ריזס נאטרייגיס 47 גרם,,,חטיף הרשי ריזס,גרמים,47.00,100 גרם,false,1,5.90,12.55,true,1,
7290003402809,false,חטיף הרשי ריזס שוקולד לבן 39 גר,,US,חטיף הרשי ריזס שוקול,גרמים,39.00,100 גרם,false,1,3.90,10.00,true,1,
7290003414406,false,ריזס נטיפי לאפייה 283 גרם,,,ריזס נטיפי לאפייה 28,גרמים,283.00,100 גרם,false,1,19.80,7.00,true,1,
7290003423909,false,חטיף הרשי קוקיס קרם לבן 43 גרם,,,חטיף הרשי קוקיס קרם,Unknown,0.00,Unknown,false,1,5.50,5.50,true,1,
7290003438006,false,ממרח פסטו איטלקי אוליביה 180 גרם,,,ממרח פסטו איטלקי,גרמים,180.00,100 גרם,false,1,14.90,8.28,true,1,
7290003438013,false,ממרח זיתים ירוקים אוליביה 190 גרם,,,ממרח זיתים ירוקים,גרמים,190.00,100 גרם,false,1,14.90,7.84,true,1,
7290003457861,false,סולרו פירות טרופיים,,,סולרו פירות טרופיים,Unknown,0.00,Unknown,false,1,11.00,11.00,true,1,
7290003464883,false,אגוז טרי,,,אגוז עגל טרי,Unknown,0.00,"ק""ג",true,0,69.90,69.90,true,1,
7290003578290,false,מקלוני אורז 300 גרם,,,מקלוני אורז 300 גרם,גרמים,1000.00,100 גרם,false,1,6.50,0.65,true,1,
7290003610129,false,בשר טחון טרי לקבב/המבורגר,,,בשר טחון טרי,Unknown,0.00,"ק""ג",true,0,39.90,39.90,true,1,
7290003643004,false,"אורז בסמטי 1 ק""ג",,,"אורז בסמטי 1 ק""ג",גרמים,1000.00,100 גרם,false,1,14.90,1.49,true,1,
7290003643134,false,סוכר וניל 10*10 גרם,,,סוכר וניל 10*10 גרם,גרמים,100.00,100 גרם,false,1,2.90,2.90,true,1,
7290003643158,false,קורנפלור 200 גרם,,,קורנפלור 200 גרם,גרמים,200.00,100 גרם,false,1,3.90,1.95,true,1,
7290003643172,false,אבקת סוכר 100 גרם,,,אבקת סוכר 100 גרם,גרמים,100.00,100 גרם,false,1,2.40,2.40,true,1,
7290003643387,false,סוכר לבן בצנצנת 1 קג,,,"סוכר לבן בצנצנת 1 ק""",גרמים,1000.00,100 גרם,false,1,8.90,0.89,true,1,
7290003643646,false,"סוכר חום דמררה צנצנת 1 ק""ג",,,סוכר חום דמררה צנצנת,גרמים,1000.00,100 גרם,false,1,14.20,1.42,true,1,
7290003643684,false,אפונה 500 גרם,,,אפונה 500 גרם,גרמים,500.00,100 גרם,false,1,7.90,1.58,true,1,
7290003643738,false,חיטה 500 גרם,,,חיטה 500 גרם,גרמים,500.00,100 גרם,false,1,4.80,0.96,true,1,
7290003643745,false,כוסמת 500 גרם,,,כוסמת 500 גרם,גרמים,500.00,100 גרם,false,1,7.90,1.58,true,1,
7290003643752,false,עדשים ירוקים 500 גרם,,,עדשים ירוקים 500 גרם,גרמים,500.00,100 גרם,false,1,8.50,1.70,true,1,
7290003643776,false,פופקורן 500 גרם,,,פופקורן 500 גרם,גרמים,500.00,100 גרם,false,1,6.50,1.30,true,1,
7290003643783,false,קוקוס 100 גרם,,,קוקוס 100 גרם,גרמים,100.00,100 גרם,false,1,4.70,4.70,true,1,
7290003643806,false,שעועית לבנה 500 גרם,,,שעועית לבנה 500 גרם,גרמים,500.00,100 גרם,false,1,12.90,2.58,true,1,
7290003643813,false,שעועית אדומה 500 גרם,,,שעועית אדומה 500 גרם,גרמים,500.00,100 גרם,false,1,12.90,2.58,true,1,
7290003643820,false,חומוס ענק 500 גרם,,,חומוס ענק 500 גר,גרמים,500.00,100 גרם,false,1,11.40,2.28,true,1,
7290003713950,false,סלסה מקסיקנה 210 גרם,,IL,סלסה מקסיקנה 210 גרם,גרמים,200.00,100 גרם,false,1,19.50,9.75,true,1,
7290003726592,false,טופו וילר בטעם פסטו 300 גר,,,טופו וילר בטעם פסטו,גרמים,300.00,100 גרם,false,1,13.90,4.63,true,1,
7290003726615,false,טופו וילר 300 גר,,,טופו וילר 300 גר,גרמים,300.00,100 גרם,false,1,13.00,4.33,true,1,
7290003779093,false,סלרי עלים,,,סלרי עלים,Unknown,0.00,Unknown,false,1,5.90,5.90,true,1,
7290003781065,false,מלפפונים בסגנון צרפת,,VN,מלפפונים בסגנון צרפת,ליטרים,0.68,ליטר,false,1,11.90,17.50,true,1,
7290003804320,false,תיבולית שום קנור 72 גרם,,,תיבולית שום קנור 72,גרמים,95.00,100 גרם,false,1,12.30,12.95,true,1,
7290003804368,false,תיבולית בזיליקום קנור 72 גרם,,,תיבולית בזיליקום קנו,גרמים,72.00,100 גרם,false,1,12.30,17.08,true,1,
7290003804382,false,תיבולית פטריות קנור 72 גרם,,,תיבולית פטריות קנור,גרמים,72.00,100 גרם,false,1,12.30,17.08,true,1,
7290003805501,false,"פתית שוודי חסכוני בד""צ 300 גרם",,,פתית שוודי חסכוני בד,גרמים,300.00,100 גרם,false,1,19.90,6.63,true,1,
7290003805587,false,"פתית חיטה מלאה בד""צ 250 גרם-קופסא",,,"פתית חיטה מלאה בד""צ",גרמים,250.00,100 גרם,false,1,19.90,7.96,true,1,
7290003807178,false,"רוטב קנור סויה בסגנון סיני 300 מ""ל",,,רוטב קנור סויה בסגנו,מיליליטרים,300.00,"100 מ""ל",false,1,13.90,4.63,true,1,
7290003864485,false,סרדינים ברוטב עגבניות 100 גרם פתח -קל,,,סרדינים ברוטב עגבניו,גרמים,110.00,100 גרם,false,1,5.50,5.00,true,1,
7290003864492,false,סרדינים בשמן צמחי חריף 100 גרם פתח -קל,,,סרדינים בשמן צמחי חר,גרמים,110.00,100 גרם,false,1,5.50,5.00,true,1,
7290003882922,false,עלי גפן ממולאות באורז 400 גרם,,,עלי גפן ממולאות באור,גרמים,400.00,100 גרם,false,1,9.90,2.48,true,1,
7290003976447,false,נוזל רצפות לבנדר גרין קר 2 ליטר,,,נוזל רצפות לבנדר גרי,מיליליטרים,750.00,"100 מ""ל",false,1,10.90,1.45,true,1,
7290003976454,false,נוזל רצפות פרחים גרין קר 2 ליטר,,,נוזל רצפות פרחים גרי,מיליליטרים,750.00,"100 מ""ל",false,1,10.90,1.45,true,1,
7290004011338,false,ריץ קצפת במיכל 250 גר חלבי,,,ריץ קצפת במיכל 250 ג,גרמים,250.00,100 גרם,false,1,14.90,5.96,true,1,
7290004030100,false,מיץ תפוזים סחוט ולנסיה 1 ליטר,,,מיץ תפוזים סחוט ולנס,מיליליטרים,1000.00,"100 מ""ל",false,1,19.90,1.99,true,1,
7290004030445,false,מיץ תפוזים 1 ליטר,,,מיץ תפוזים 1 ליטר,מיליליטרים,1000.00,"100 מ""ל",false,1,16.90,1.69,true,1,
7290004030544,false,משקה קל לימונענע 1 ליטר,,,משקה קל לימונענע 1 ל,מיליליטרים,1000.00,"100 מ""ל",false,1,15.90,1.59,true,1,
7290004033736,false,לחם עננים בסגנון בריוש 750 גרם,,IL,לחם עננים בסגנון ברי,גרמים,750.00,100 גרם,false,1,16.90,2.25,true,1,
7290004050788,false,בייקון 170 גר,,,בייקון 170 גר,גרמים,170.00,100 גרם,false,1,52.00,30.59,true,1,
7290004050856,false,סלמי מילאנו פרוס 170 גר,,,סלמי מילאנו פרוס 170,גרמים,170.00,100 גרם,false,1,35.00,20.59,true,1,
7290004050863,false,סלמי הרץ 170 גר,,,סלמי הרץ 170 גר,גרמים,170.00,100 גרם,false,1,35.00,20.59,true,1,
7290004050870,false,שינקן פולני פרוס 200 גר,,,שינקן פולני פרוס 200,גרמים,200.00,100 גרם,false,1,35.00,17.50,true,1,
7290004050887,false,פרושוטו 120 גר,,,פרושוטו 120 גר,גרמים,120.00,100 גרם,false,1,41.90,34.92,true,1,
7290004050948,false,סלמי כפרית פרוס 170 גר,,,סלמי כפרית פרוס 170,גרמים,170.00,100 גרם,false,1,36.00,21.18,true,1,
7290004050955,false,פטה כבד עוף 170 גר,,,פטה כבד עוף 170 גר,גרמים,170.00,100 גרם,false,1,17.90,10.53,true,1,
7290004050986,false,רו בייקון 170 גר,,,רו בייקון 170 גר,גרמים,170.00,100 גרם,false,1,59.90,35.24,true,1,
7290004051068,false,שינקן מעושן פרוס 200 גר,,,שינקן מעושן פרוס 200,גרמים,200.00,100 גרם,false,1,33.50,16.75,true,1,
7290004051136,false,סלמי צרפתי פרוס 170 גר,,,סלמי צרפתי פרוס,גרמים,170.00,100 גרם,false,1,36.50,21.47,true,1,
7290004051334,false,פפרוני עגל 170 גר,,,פפרוני עגל 170 גר,גרמים,170.00,100 גרם,false,1,32.90,19.35,true,1,
7290004051365,false,קרפצו 120 גר,,,קרפצו 120 גר,גרמים,120.00,100 גרם,false,1,36.90,30.75,true,1,
7290004051419,false,ממרח כבד מיני 220 גר,,,ממרח כבד מיני 220 גר,גרמים,220.00,100 גרם,false,1,19.90,9.05,true,1,
7290004051792,false,נקניקיות קוקטייל 900 גר,,,נקניקיות קוקטייל 900,גרמים,900.00,100 גרם,false,1,55.90,6.21,true,1,
7290004052225,false,חזה הודו מעושן בגריל 200 גר,,,חזה הודו מעושן בגריל,גרמים,200.00,100 גרם,false,1,22.90,11.45,true,1,
7290004052256,false,חזה הודו מעושן פרוס 200 גר,,,חזה הודו מעושן 200 ג,גרמים,200.00,100 גרם,false,1,22.90,11.45,true,1,
7290004052317,false,סלמי פפרוני 170 גר,,,סלמי פפרוני 170 גר,גרמים,170.00,100 גרם,false,1,36.50,21.47,true,1,
7290004052690,false,נקניקיות פרגית 600 גר,,,נקניקיות פרגית 600 ג,גרמים,600.00,100 גרם,false,1,23.90,3.98,true,1,
7290004053192,false,נקניקיות עגל 600 גר,,,נקניקיות עגל 600 גר,גרמים,600.00,100 גרם,false,1,26.90,4.48,true,1,
7290004053291,false,קרפלך עגל בטעם ביתי 600 גר,,,קרפלך עגל בטעם ביתי,גרמים,600.00,100 גרם,false,1,23.00,3.83,true,1,
7290004054236,false,גיוזה עוף 320 גר,,,גיוזה עוף 320 גר,גרמים,320.00,100 גרם,false,1,36.90,11.53,true,1,
7290004054267,false,נקניקיות פרנקפורטר 900 גר,,,נקניקיות פרנקפורטר,גרמים,900.00,100 גרם,false,1,56.90,6.32,true,1,
7290004054885,false,נקניקיות איטלקיות עם גבינה 400 גר,,,נקניקיות איטלקיות עם,גרמים,400.00,100 גרם,false,1,29.90,7.48,true,1,
7290004055271,false,פניני קבנוס 150 גר,,,פניני קבנוס 150 גר,גרמים,150.00,100 גרם,false,1,34.90,23.27,true,1,
7290004055745,false,נקניקיות סליווצניה 600 גר,,,נקניקיות סליווצניה,גרמים,600.00,100 גרם,false,1,34.50,5.75,true,1,
7290004063016,false,"מלח דק 1 ק""ג",,,"מלח דק 1 ק""ג",גרמים,1000.00,100 גרם,false,1,2.07,0.21,true,1,
7290004063115,false,"מלח מטבח רגיל 1 ק""ג",,,"מלח מטבח גס 1 ק""ג",גרמים,1000.00,100 גרם,false,1,2.07,0.21,true,1,
7290004064099,false,מטחנה מלח מהרי ההימלאיה 250 ג מלח הארץ,,,מטחנה מלח מהרי ההימל,גרמים,250.00,100 גרם,false,1,18.90,7.56,true,1,
7290004064174,false,"מלח הימלאיה דק בצנצנת 1 ק""ג",,,מלח הימלאיה דק בצנצנ,גרמים,1000.00,100 גרם,false,1,20.90,2.09,true,1,
7290004068011,false,יוגורט כבשים 600 גר,,,יוגורט כבשים 600 גר,גרמים,600.00,100 גרם,false,1,19.90,3.32,true,1,
7290004068028,false,ציזקי 3.5% 500 מל,,,ציזקי 3.5% 500 מל,גרמים,500.00,100 גרם,false,1,11.50,2.30,true,1,
7290004068035,false,"יוגורט איירן 500 מ""ל",,,"יוגורט איירן 500 מ""ל",מיליליטרים,500.00,"100 מ""ל",false,1,8.90,1.78,true,1,
7290004068172,false,יוגורט עיזים דלי 600 גר 5%,,,יוגורט עיזים דלי 600,גרמים,600.00,100 גרם,false,1,19.90,3.32,true,1,
7290004119225,false,יופלה אננס 3% 150 גר,,,יופלה אננס 3% 150 גר,גרמים,150.00,100 גרם,false,1,5.40,3.60,true,1,
7290004120108,false,דיאט יופלה דובדבן 150 גר,,,דיאט יופלה דובדבן 15,גרמים,150.00,100 גרם,false,1,5.40,3.60,true,1,
7290004120566,false,גבינה בולגרית פיראוס 24% 250 גרם,,,גבינה בולגרית פיראוס,גרמים,250.00,100 גרם,false,1,24.90,9.96,true,1,
7290004120573,false,גבינה בולגרית פיראוס 16% 250 גרם,,,גבינה בולגרית פיראוס,גרמים,250.00,100 גרם,false,1,24.90,9.96,true,1,
7290004120634,false,גבינה פיראוס בולגרית 5%  250 גרם,,,גבינה פיראוס בולגרית,גרמים,250.00,100 גרם,false,1,24.90,9.96,true,1,
7290004121488,false,דיאט יופלה אפרסק 150 גר,,,דיאט יופלה אפרסק 150,מיליליטרים,150.00,"100 מ""ל",false,1,5.40,3.60,true,1,
7290004121754,false,יופלה עוגת גבינה ותות 3% 150 גר,,,יופלה עוגת גבינה,גרמים,150.00,100 גרם,false,1,5.40,3.60,true,1,
7290004121839,false,גבינה פטה פיראוס 250 גרם,,,גבינה פטה פיראוס 250,גרמים,250.00,100 גרם,false,1,29.50,11.80,true,1,
7290004121853,false,גבינה בולגרית פיראוס 5% קוביות 200 גרם,,,גבינה בולגרית פיראוס,גרמים,200.00,100 גרם,false,1,23.90,11.95,true,1,
7290004122195,false,גבינה צהובה גוש חלב 200 גרם,,,גבינה צהובה גוש חלב,גרמים,200.00,100 גרם,false,1,15.50,7.75,true,1,
7290004122270,false,גבינה עמק פרוס בקופסה 28% 200 גרם,,,גבינה עמק פרוס בקופס,גרמים,200.00,100 גרם,false,1,16.90,8.45,true,1,
7290004122348,false,גבינת עמק לייט פרוס בקופסא 200 גרם,,,גבינת עמק לייט פרוס,גרמים,200.00,100 גרם,false,1,16.80,8.40,true,1,
7290004122676,false,חמד לייט 5% גביע 250גר,,,חמד לייט 5% גביע 250,גרמים,250.00,100 גרם,false,1,20.90,8.36,true,1,
7290004122683,false,אצבעות עמק 172 גר,,,אצבעות עמק 172 גר,גרמים,172.00,100 גרם,false,1,16.90,9.83,true,1,
7290004124205,false,דיאט יופלה תות 150 גר,,,דיאט יופלה תות 150 ג,גרמים,150.00,100 גרם,false,1,5.40,3.60,true,1,
7290004125400,false,"שלי אשל 200 מ""ל",,,"שלי אשל 200 מ""ל",מיליליטרים,200.00,"100 מ""ל",false,1,1.69,0.85,true,1,
7290004125417,false,"שלי גיל 200 מ""ל",,,"שלי גיל 200 מ""ל",מיליליטרים,200.00,"100 מ""ל",false,1,1.50,0.75,true,1,
7290004125455,false,"שמנת חמוצה 15% 200 מ""ל",,,שמנת חמוצה 15% 200 מ,גרמים,200.00,100 גרם,false,1,2.40,1.20,true,1,
7290004125462,false,"שמנת חמוצה 15% 500 מ""ל",,,שמנת חמוצה 15% 500 מ,מיליליטרים,500.00,"100 מ""ל",false,1,6.00,1.20,true,1,
7290004125509,false,"שמנת חמוצה 100 מ""ל",,,"שמנת חמוצה 100 מ""ל",מיליליטרים,100.00,"100 מ""ל",false,1,1.70,1.70,true,1,
7290004125578,false,משקה סויה מועשר 1 ליטר,,,משקה סויה מועשר 1 לי,מיליליטרים,1000.00,"100 מ""ל",false,1,12.50,1.25,true,1,
7290004125585,false,משקה סויה על הבוקר 1 ליטר,,,משקה סויה על הבוקר 1,מיליליטרים,1000.00,"100 מ""ל",false,1,12.50,1.25,true,1,
7290004125721,false,"שמנת לבישול 15% השף הלבן 250 מ""ל",,,שמנת לבישול 15% השף,גרמים,250.00,100 גרם,false,1,8.30,3.32,true,1,
7290004125738,false,"שמנת מתוקה להקצפה 32% 250 מ""ל",,,שמנת מתוקה להקצפה 32,גרמים,250.00,100 גרם,false,1,6.90,2.76,true,1,
7290004125776,false,עמק פרוס בקופסה 400גר 28%,,,עמק פרוס בקופסה 400ג,גרמים,400.00,100 גרם,false,1,30.30,7.58,true,1,
7290004126674,false,טל העמק לייט 200 גרם,,,טל העמק לייט 200 גרם,גרמים,200.00,100 גרם,false,1,18.80,9.40,true,1,
7290004127329,false,גבינת קוטג  5% 250 גרם,,,גבינת קוטג 5% 250 גר,גרמים,250.00,100 גרם,false,1,5.70,2.28,true,1,
7290004127336,false,גבינת קוטג 9% 250 גרם,,,גבינת קוטג 9% 250 גר,גרמים,250.00,100 גרם,false,1,5.70,2.28,true,1,
7290004127800,false,גבינה לבנה למריחה 5% 500 גר,,,גבינה לבנה למריחה 5%,גרמים,500.00,100 גרם,false,1,9.96,1.99,true,1,
7290004127817,false,גבינה למריחה 9% 500 גרם,,,גבינה למריחה 9% 500,גרמים,500.00,100 גרם,false,1,9.96,1.99,true,1,
7290004127916,false,גבינה למריחה 0.5% 500 גרם,,,גבינה למריחה 0.5%,גרמים,500.00,100 גרם,false,1,9.96,1.99,true,1,
7290004128432,false,פתיתים מיוחדים לפיצה על בסיס גבינה 500 ג,,,פתיתים מיוחדים לפיצה,גרמים,500.00,100 גרם,false,1,24.50,4.90,true,1,
7290004129101,false,נפוליאון טבעי 225 גרם,,,נפוליאון טבעי 225 גר,גרמים,225.00,100 גרם,false,1,15.00,6.67,true,1,
7290004129156,false,נפוליאון שום שמיר 225 גרם,,,נפוליאון שום שמיר 22,גרמים,225.00,100 גרם,false,1,15.00,6.67,true,1,
7290004130794,false,משקה סויה טבעי מתיקות מופחתת 1ל,,,משקה סויה טבעי מתיקו,מיליליטרים,1000.00,"100 מ""ל",false,1,12.50,1.25,true,1,
7290004130916,false,יופלה פירות יער בשמנת 150 גר,,,יופלה פירות יער בשמנ,גרמים,150.00,100 גרם,false,1,5.40,3.60,true,1,
7290004131074,false,חלב קרטון+פקק 3% תנובה 1 ליטר,,,חלב קרטון+פקק 3% תנו,מיליליטרים,1000.00,"100 מ""ל",false,1,6.23,0.62,true,1,
7290004131432,false,יופלה לבן 3% 200 גר,,,יופלה לבן 3% 200 גר,גרמים,200.00,100 גרם,false,1,5.90,2.95,true,1,
7290004131456,false,יופלה לבן 1.5% 200 גר,,,יופלה לבן 1.5% 200 ג,מיליליטרים,200.00,"100 מ""ל",false,1,4.80,2.40,true,1,
7290004132552,false,דיאט סויה טבעי 1 ליטר,,,דיאט סויה טבעי 1 ליט,מיליליטרים,1000.00,"100 מ""ל",false,1,12.50,1.25,true,1,
7290004132712,false,אצבעות מוצרלה 172 גר,,,אצבעות מוצרלה 172 גר,גרמים,172.00,100 גרם,false,1,16.90,9.83,true,1,
7290004135225,false,"מעדן שוקולד דיאט 0% 150 מ""ל",,,מעדן שוקולד דיאט 0%,מיליליטרים,150.00,"100 מ""ל",false,1,4.30,2.87,true,1,
7290004135614,false,פיראוס בולגרית מעודנת 5% 250 גר,,,פיראוס בולגרית מעודנ,גרמים,250.00,100 גרם,false,1,24.90,9.96,true,1,
7290004136857,false,גלי פטל 125גר,,,גלי פטל 125גר,גרמים,125.00,100 גרם,false,1,2.60,2.08,true,1,
7290004136864,false,גלי אננס עם חתיכות אננס 125גר,,,גלי אננס עם חתיכות א,גרמים,125.00,100 גרם,false,1,3.00,2.40,true,1,
7290004136871,false,גלי אפרסק עם חתיכות אפרסק 125גר,,,גלי אפרסק עם חתיכות,גרמים,150.00,100 גרם,false,1,3.00,2.00,true,1,
7290004137021,false,"שמנת לבישול 10%-השף הלבן 250 מ""ל",,,שמנת לבישול 10%-השף,גרמים,250.00,100 גרם,false,1,8.30,3.32,true,1,
7290004137311,false,עמק לייט פרוס 9% 400 גר,,,עמק לייט פרוס 9% 400,גרמים,400.00,100 גרם,false,1,31.90,7.98,true,1,
7290004150112,false,חומוס מזרחי פיקנטי פרימיום 300 גרם,,IL,חומוס מזרחי פיקנטי פ,גרמים,300.00,100 גרם,false,1,16.90,5.63,true,1,
7290004150129,false,טחינה פיקנטי פרימיום 300 גרם,,IL,טחינה פיקנטי פרימיום,גרמים,300.00,100 גרם,false,1,16.90,5.63,true,1,
7290004150143,false,חציל במיונז פיקנטי פרימיום 300 גרם,,IL,חציל במיונז פיקנטי פ,גרמים,300.00,100 גרם,false,1,16.90,5.63,true,1,
7290004150150,false,חציל בטחינה פיקנטי פרימיום 300 גרם,,IL,חציל בטחינה פיקנטי פ,גרמים,300.00,100 גרם,false,1,16.90,5.63,true,1,
7290004150204,false,מטבוחה  300 גרם פיקנטי פרימיום,,IL,מטבוחה  300 גרם פיקנ,גרמים,300.00,100 גרם,false,1,16.90,5.63,true,1,
7290004150211,false,תורכי איסטנבול 300 גרם פיקנטי פרימיום,,IL,תורכי איסטנבול 300 ג,גרמים,300.00,100 גרם,false,1,16.90,5.63,true,1,
7290004150235,false,חומוס עם חריף 300 גרם פיקנטי פרימיום,,IL,חומוס עם חריף 300 גר,גרמים,300.00,100 גרם,false,1,16.90,5.63,true,1,
7290004150266,false,סלט קטניות צבעוני 300 גרם פיקנטי פרימיום,,IL,סלט קטניות צבעוני 30,גרמים,300.00,100 גרם,false,1,16.90,5.63,true,1,
7290004150358,false,חומוס סלק פיקנטי פרימיום 300 גרם,,IL,חומוס סלק פיקנטי פרי,גרמים,300.00,100 גרם,false,1,16.90,5.63,true,1,
7290004150372,false,חומוס ווסאבי פיקנטי פרימיום 300 גרם,,IL,חומוס ווסאבי פיקנטי,גרמים,300.00,100 גרם,false,1,16.90,5.63,true,1,
7290004199241,false,נרות חימום חסידים 50 יח,,,נרות חימום חסידים 50,Unknown,0.00,Unknown,false,1,11.50,11.50,true,1,
7290004200930,false,זוג זיקוק 15 בשקית,,,זוג זיקוק 15 בשקית,Unknown,0.00,Unknown,false,1,10.50,10.50,true,1,
7290004339173,false,המבורגר קינואה טבע דלי 400 גר,,,המבורגר קינואה טבע ד,גרמים,400.00,100 גרם,false,1,25.90,6.48,true,1,
7290004339401,false,המבורגר אורז עדשים טבע דלי 400 גר,,,המבורגר אורז עדשים ט,גרמים,400.00,100 גרם,false,1,25.90,6.48,true,1,
7290004339425,false,שווארמה מהצומח טבע דלי 350 גר,,,שווארמה מהצומח טבע ד,גרמים,350.00,100 גרם,false,1,25.90,7.40,true,1,
7290004339784,false,המבורגר על הגריל טבע דלי 400 גר,,,המבורגר על הגריל טבע,גרמים,400.00,100 גרם,false,1,25.90,6.48,true,1,
7290004494315,false,יין כנען מוסקטו דלתון 750 מל,,,יין כנען מוסקטו דלתו,Unknown,0.00,Unknown,false,1,42.90,42.90,true,1,
7290004494377,false,"יין אדום שיראז סדרת דלתון 750 מ""ל",,,יין אדום שיראז סדרת,Unknown,0.00,Unknown,false,1,68.90,68.90,true,1,
7290004502690,false,וודקה פינלנדיה 1 ליטר,,,וודקה פינלנדיה 1 ל,מיליליטרים,1000.00,"100 מ""ל",false,1,99.90,9.99,true,1,
7290004554330,false,אסקימו דובדבן,,,אסקימו דובדבן,Unknown,0.00,Unknown,false,1,3.00,3.00,true,1,
7290004584306,false,גמדים סופר תות -בננה 200גר,,,גמדים סופר תות -בננה,גרמים,200.00,100 גרם,false,1,12.90,6.45,true,1,
7290004584351,false,סימפוניה 5% 200 גרם,,,סימפוניה 5% 200 גרם,גרמים,200.00,100 גרם,false,1,12.90,6.45,true,1,
7290004584528,false,יוגורט דנונה ביו טבעי 1.7% 200 גרם,,,יוגורט דנונה ביו טבע,גרמים,200.00,100 גרם,false,1,3.70,1.85,true,1,
7290004685089,false,לחם חמניות 500 גרם,,,לחם חמניות 500 גרם,גרמים,500.00,100 גרם,false,1,18.50,3.70,true,1,
7290004685126,false,לחם 5 דגנים 750 גרם,,,לחם 5 דגנים 750 גרם,גרמים,750.00,100 גרם,false,1,18.50,2.47,true,1,
7290004685157,false,לחם שיפון 100%,,,לחם שיפון 100%,גרמים,750.00,100 גרם,false,1,17.90,2.39,true,1,
7290004685201,false,לחם אגוזים,,,לחם אגוזים,גרמים,500.00,100 גרם,false,1,17.90,3.58,true,1,
7290004685225,false,לחם שיפון פומפרניקל מקמח שיפון,,,לחם שיפון פומפרניקל,גרמים,750.00,100 גרם,false,1,17.90,2.39,true,1,
7290004685430,false,לחם כוסמין 100% 500 גר,,,לחם כוסמין 100% 500,גרמים,500.00,100 גרם,false,1,17.90,3.58,true,1,
7290004685447,false,שישיית לחמניות כוסמין,,IL,שישיית לחמניות כוסמי,Unknown,0.00,Unknown,false,1,16.50,16.50,true,1,
7290004731076,false,אלסבון כיף 1 ליטר,,,אלסבון כיף 1 ליטר,ליטרים,0.00,ליטר,false,1,16.00,16.00,true,1,
7290004982355,false,טריפל צדר במשקל,,,טריפל צדר במשקל,Unknown,0.00,"ק""ג",true,0,140.00,140.00,true,1,
7290005020162,false,"וויסקי בלנטייניס 700 מ""ל",,,וויסקי בלנטיינס 700,מיליליטרים,700.00,"100 מ""ל",false,1,89.90,12.84,true,1,
7290005020346,false,"רום בקרדי לבן 750 מ""ל",,,"רום בקרדי לבן 750 מ""",מיליליטרים,750.00,"100 מ""ל",false,1,115.90,15.45,true,1,
7290005053054,false,שמנת 42% מיוחד 300גר,,,שמנת 42% מיוחד 300,גרמים,300.00,100 גרם,false,1,12.60,4.20,true,1,
7290005053085,false,שמנת חמוצה 15% 500 גרם,,,שמנת חמוצה 15% 500 ג,גרמים,500.00,100 גרם,false,1,12.30,2.46,true,1,
7290005053115,false,גבינת טבורג 500 5% גרם,,,גבינת טבורג 500 5% ג,גרמים,500.00,100 גרם,false,1,16.00,3.20,true,1,
7290005053214,false,טבורוג דובדבן 500 גר,,,טבורוג דובדבן 500 גר,גרמים,500.00,100 גרם,false,1,17.00,3.40,true,1,
7290005053221,false,טבורוג עם משמש 500,,,טבורוג עם משמש 500,גרמים,500.00,100 גרם,false,1,17.00,3.40,true,1,
7290005053238,false,טבורוג צימוקים 5% 500 גר,,,טבורוג צימוקים 5%,גרמים,500.00,100 גרם,false,1,17.00,3.40,true,1,
7290005053269,false,"קאפיר 500 מ""ל",,,"קאפיר 500 מ""ל",מיליליטרים,500.00,"100 מ""ל",false,1,8.90,1.78,true,1,
7290005053276,false,ריזינקה 0.5ל,,,"ריזינקה 500 מ""ל",מיליליטרים,500.00,"100 מ""ל",false,1,7.90,1.58,true,1,
7290005095207,false,מנגל גדול 78*30,,,מנגל גדול 78*30,Unknown,0.00,Unknown,false,1,146.90,146.90,true,1,
7290005095573,false,מצת קליפר,,,מצת קליפר,Unknown,0.00,Unknown,false,1,7.20,7.20,true,1,
7290005095801,false,"עמבה 500 גרם ""תמר""",,,"עמבה 500 גרם ""תמר""",גרמים,500.00,100 גרם,false,1,14.50,2.90,true,1,
7290005174575,false,טחינה יום יום 125 גרם,,,טחינה יום יום 125 גר,גרמים,125.00,100 גרם,false,1,5.80,4.64,true,1,
7290005197758,false,חיוכים שוקו 150 גרם,,,חיוכים שוקו 150 גרם,גרמים,150.00,100 גרם,false,1,7.20,4.80,true,1,
7290005200786,false,תפוציפס שמנת ובצל 50 גרם,,,תפוציפס שמנת ובצל 50,גרמים,50.00,100 גרם,false,1,4.90,9.80,true,1,
7290005287206,false,טונה סטארקיסט בשמן רביעיות 4*160 גר,,,טונה סטארקיסט בשמן ר,גרמים,640.00,100 גרם,false,1,25.90,4.05,true,1,
7290005287251,false,טונה סטארקיסט במים רביעיות 4*160 גר,,,טונה סטארקיסט במים ר,גרמים,640.00,100 גרם,false,1,25.90,4.05,true,1,
7290005287510,false,טונה בשמן עם פלפל חריף 160 גרם פ.ק,,,טונה בשמן עם פלפל חר,גרמים,160.00,100 גרם,false,1,9.40,5.88,true,1,
7290005287527,false,טונה בשמן עם לימון 160 גרם פ.ק,,,טונה בשמן עם לימון 1,גרמים,160.00,100 גרם,false,1,9.40,5.88,true,1,
7290005296246,false,"פותח סתימות 946 מ""ל",,,פותח סתימות,מיליליטרים,946.00,"100 מ""ל",false,1,31.50,3.33,true,1,
7290005326585,false,פסטו בזיליקום אוליביה 180 גר,,IL,פסטו בזיליקום אוליבי,גרמים,180.00,100 גרם,false,1,16.40,9.11,true,1,
7290005358241,false,לשון בקר קפוא,,,לשון בקר קפואה,Unknown,0.00,"ק""ג",true,0,38.90,38.90,true,1,
7290005423567,false,סנו סושי מטליות בגליל צהוב 30 יח,,,סנו סושי מטליות בגלי,Unknown,0.00,Unknown,false,1,23.90,23.90,true,1,
7290005423635,false,רצפז דוחה חרקים 2 ליטר,,,רצפז דוחה חרקים 2 לי,ליטרים,0.00,ליטר,false,1,25.90,25.90,true,1,
7290005424403,false,אלסבון כיף 1 ליטר,,,אלסבון כיף 1 ליטר,מיליליטרים,1000.00,"100 מ""ל",false,1,16.00,1.60,true,1,
7290005424809,false,סנו סושי סקוטש ענק,,,סנו סושי סקוטש ענק,Unknown,0.00,Unknown,false,1,11.90,11.90,true,1,
7290005425646,false,סנוקליר אקדח 1 ליטר,,,סנוקליר אקדח 1 ליטר,מיליליטרים,1000.00,"100 מ""ל",false,1,12.90,1.29,true,1,
7290005426230,false,סושי מטלית הפלא לרצפה,,,סושי מטלית הפלא לרצפ,Unknown,0.00,Unknown,false,1,14.50,14.50,true,1,
7290005426940,false,K-300 פלוס 8,,,K-300 פלוס 8,מיליליטרים,400.00,"100 מ""ל",false,1,24.90,6.23,true,1,
7290005431883,false,מלבי חלבי 165 גר,,IL,מלבי חלבי 165 גר,גרמים,165.00,100 גרם,false,1,7.90,4.79,true,1,
7290005431968,false,מלבי שמנת 150 גרם,,IL,מלבי שמנת 150 גרם,גרמים,150.00,100 גרם,false,1,8.50,5.67,true,1,
7290005555100,false,פיקדון רביעייה,,,פיקדון רביעייה,Unknown,0.00,Unknown,false,1,1.20,1.20,true,1,
7290005555101,false,פיקדון שישייה,,,פיקדון שישייה,Unknown,0.00,Unknown,false,1,1.80,1.80,true,1,
7290005555127,false,פיקדון 30 אג,,,פיקדון 30 אג,Unknown,0.00,Unknown,false,1,0.30,0.30,true,1,
7290005555777,false,"פיקדון חוזר 1.2 ש""ח בק 500 מ""ל",,,"פיקדון חוזר 1.2 ש""ח",Unknown,0.00,Unknown,false,1,1.20,1.20,true,1,
7290005559914,false,פיצה משפחתית זיתים מעדנות 550 גר,,,פיצה משפחתית זיתים מ,גרמים,550.00,100 גרם,false,1,25.90,4.71,true,1,
7290005559990,false,בצק פילאס תורכי מעדנות 600 גר,,,בצק פילאס תורכי מעדנ,גרמים,600.00,100 גרם,false,1,27.90,4.65,true,1,
7290005571046,false,כתף בקר מרכזי טרי,,,כתף בקר מרכזי טרי,Unknown,0.00,"ק""ג",true,0,69.90,69.90,true,1,
7290005571176,false,ויסבארטן טרי,,,ויסבארטן טרי,Unknown,0.00,"ק""ג",true,0,69.90,69.90,true,1,
7290005571183,false,שייטל בקר שלם,,,שייטל שלם,Unknown,0.00,"ק""ג",true,0,89.90,89.90,true,1,
7290005571909,false,אנטריקוט עגל טרי ללא עצם,,,אנטריקוט עגל טרי,Unknown,0.00,"ק""ג",true,0,169.90,169.90,true,1,
7290005591761,false,דבש טהור לחיץ פרחי בר 400 גרם,,,דבש טהור לחיץ פרחי ב,גרמים,400.00,100 גרם,false,1,24.90,6.23,true,1,
7290005610509,false,צנונית,,,צנונית,Unknown,0.00,Unknown,false,1,9.90,9.90,true,1,
7290005651427,false,בונזו מולטיפק 3*400 גר,,,בונזו מולטיפק 3*400,גרמים,400.00,100 גרם,false,1,17.90,4.48,true,1,
7290005678318,false,אוטום קריספ,,,ענבי אוטום קריספ,Unknown,0.00,"ק""ג",true,0,34.90,34.90,true,1,
7290005678585,false,סקרלוטה ללא חרצנים,,,סקרלוטה ללא חרצנים,Unknown,0.00,"ק""ג",true,0,39.90,39.90,true,1,
7290005697517,false,"יוגורט עיזים טבעי ביו 500 מ""ל",,,יוגורט עיזים טבעי בי,מיליליטרים,500.00,"100 מ""ל",false,1,18.90,3.78,true,1,
7290005697630,false,"יוגורט עיזים ביו תאנים 500 מ""ל",,,יוגורט עיזים ביו תאנ,מיליליטרים,500.00,"100 מ""ל",false,1,18.90,3.78,true,1,
7290005697708,false,יוגורט עיזים טבעי מחלבת גלילי 1 ליטר,,,יוגורט עיזים טבעי מח,מיליליטרים,1000.00,"100 מ""ל",false,1,16.90,1.69,true,1,
7290005838002,false,דניאלה 88 גרם,,,דניאלה וניל 100 גרם,גרמים,88.00,100 גרם,false,1,4.30,4.89,true,1,
7290005839078,false,מולטיפק יוגורט דנונה טבעי 3%,,,מולטיפק יוגורט דנונה,ליטרים,0.00,ליטר,false,1,17.90,17.90,true,1,
7290005839108,false,סימפוניה 5% עם זיתים 200 גרם,,,סימפוניה 5% עם זיתים,גרמים,200.00,100 גרם,false,1,12.90,6.45,true,1,
7290005839313,false,מילקי טופ מגולגלת 130 גרם,,,מילקי טופ מגולגלת 13,גרמים,130.00,100 גרם,false,1,5.30,4.08,true,1,
7290005854613,false,אסקימו לימון,,IL,שלגון אסקימו תותי פר,גרמים,75.00,100 גרם,false,1,3.00,4.00,true,1,
7290005896415,false,"בירה איגל לאגר פרימיום 5% 500 מ""ל פחית",,,בירה איגל לאגר פרימי,מיליליטרים,500.00,"100 מ""ל",false,1,6.90,1.38,true,1,
7290005896620,false,מים סאן בנדטו 1.5 ל מוגז,,,מים סאן בנדטו 1.5 ל,ליטרים,0.00,ליטר,false,1,3.60,3.60,true,1,
7290005896637,false,מים סאן בנדיטו 1.5 ליטר,,IL,מים סאן בנדיטו 1.5 ל,ליטרים,0.00,ליטר,false,1,4.00,4.00,true,1,
7290005992018,false,יוגורט עיזים 500 מל,,,יוגורט עיזים 500 מל,גרמים,500.00,100 גרם,false,1,13.90,2.78,true,1,
7290005992575,false,בולגרית למריחה 250 גר,,,בולגרית למריחה 250 ג,גרמים,250.00,100 גרם,false,1,20.50,8.20,true,1,
7290005992735,false,גבינה לבנה טבעית 250 גר,,,גבינה לבנה טבעית 250,גרמים,250.00,100 גרם,false,1,13.50,5.40,true,1,
7290006189028,false,מיני פריזר עגל 480 גרם,,IL,מיני פריזר עגל 480 ג,גרמים,480.00,100 גרם,false,1,22.90,4.77,true,1,
7290006189358,false,סטייק אנטריקוט מוצר בשר מעובד מופשר,,,אנטריקוט מעובד מופשר,Unknown,0.00,"ק""ג",true,0,109.90,109.90,true,1,
7290006190741,false,פיקורינו פפאטו עם פלפל במשקל,,,פיקורינו פפאטו פלפל,Unknown,0.00,"ק""ג",true,0,231.00,231.00,true,1,
7290006190765,false,גבינת גרוייר רזרב שוויצרי במשקל,,,גבינת גרוייר רזרב,Unknown,0.00,"ק""ג",true,0,241.00,241.00,true,1,
7290006194008,false,גבינת פקורינו רומנו איטלקי שקיל,,,גבינת פקורינו רומנו,Unknown,0.00,"ק""ג",true,0,175.00,175.00,true,1,
7290006229427,false,שישיית מים מינרלים סאן בנדטו 500 מל,,,שישיית מים מינרלים ס,ליטרים,0.02,ליטר,false,1,14.90,745.00,true,1,
7290006241214,false,שקד טבעי 200 ג שקית,,,שקד טבעי 200 ג שקית,גרמים,200.00,100 גרם,false,1,21.90,10.95,true,1,
7290006251268,false,תה ירוק תפוח וקינמון 25 שקיקים 1.5 גר,,,תה ירוק תפוח וקינמון,Unknown,0.00,Unknown,false,1,26.90,26.90,true,1,
7290006251275,false,תה ירוק סיני 25 שקיקים של 1.5 ג,,,תה ירוק סיני 25 שקיק,Unknown,0.00,Unknown,false,1,26.90,26.90,true,1,
7290006251282,false,ניפלאות הקרנברי 25 שקיקים גן קסום,,,ניפלאות הקרנברי 25 ש,Unknown,0.00,Unknown,false,1,19.90,19.90,true,1,
7290006251343,false,פסיפלורה מנגו 25 שקיקים גן קסום,,,פסיפלורה מנגו 25 שק,Unknown,0.00,Unknown,false,1,19.90,19.90,true,1,
7290006251374,false,תה ירוק לימונית וגינגר 25 שקיקים,,,תה ירוק לימונית וגינ,Unknown,0.00,Unknown,false,1,26.90,26.90,true,1,
7290006265500,false,פטריות שמפיניון ארוז,,,פטריות שמפיניון ארוז,Unknown,0.00,Unknown,false,1,12.90,12.90,true,1,
7290006271174,false,גחנון בצק 700גר מעדנות,,,גחנון בצק מעדנות,גרמים,700.00,100 גרם,false,1,21.90,3.13,true,1,
7290006271181,false,גחנון אפוי 750גר מעדנות,,,גחנון אפוי 750 גר,גרמים,750.00,100 גרם,false,1,28.70,3.83,true,1,
7290006272430,false,בצק עלים חמאה 600גר,,,בצק עלים חמאה מעדנות,גרמים,600.00,100 גרם,false,1,31.90,5.32,true,1,
7290006306319,false,רביולי בטטה 400 גר,,,רביולי בטטה 400 גר,גרמים,400.00,100 גרם,false,1,27.90,6.98,true,1,
7290006306326,false,רביולי פטריות 400 גר,,,רביולי פטריות 400 גר,גרמים,400.00,100 גרם,false,1,27.90,6.98,true,1,
7290006342065,false,בוטן קלויים 200 גרם ששון הקולה,,,בוטן קלויים 200 גרם,גרמים,200.00,100 גרם,false,1,7.90,3.95,true,1,
7290006342089,false,גרעין שחור 200 גרם ששון הקולה,,,גרעין שחור 200 גרם ש,גרמים,200.00,100 גרם,false,1,7.00,3.50,true,1,
7290006342553,false,קבוקים 200 גרם ששון וקולה,,,קבוקים 200 גרם ששון,גרמים,200.00,100 גרם,false,1,5.90,2.95,true,1,
7290006355065,false,קשקבליו איטלקי במשקל,,,קשקבליו איטלקי במשקל,Unknown,0.00,"ק""ג",true,0,204.00,204.00,true,1,
7290006355119,false,קשקבליו איטלקי מעושן במשקל,,,קשקבליו איטלקי מעושן,Unknown,0.00,"ק""ג",true,0,204.00,204.00,true,1,
7290006374615,false,דבש מזון מלכות 340 גרם,,,דבש מזון מלכות 340 ג,גרמים,340.00,100 גרם,false,1,56.90,16.74,true,1,
7290006374738,false,קונפיטורת יד מרדכי תות 340 גרם,,,קונפיטורת יד מרדכי ת,גרמים,340.00,100 גרם,false,1,15.90,4.68,true,1,
7290006459947,false,"פחמים גריל פרימיום שקד 2 ק""ג",,דרום אמריקה,פחמים גריל פרימיום ש,קילוגרמים,0.00,"ק""ג",false,1,21.90,21.90,true,1,
7290006459961,false,קרקר אובלטים קלאסי עם קימל 282 גר,,,קרקר אובלטים קלאסי ע,גרמים,282.00,100 גרם,false,1,11.90,4.22,true,1,
7290006459978,false,קרקר אובלטים קלאסי עם שומשום 282 גר,,,קרקר אובלטים קלאסי ע,גרמים,282.00,100 גרם,false,1,11.90,4.22,true,1,
7290006492432,false,מוצרלה בייבי 150 גרם,,,מוצרלה בייבי 150 גרם,גרמים,170.00,100 גרם,false,1,15.30,9.00,true,1,
7290006492616,false,בולגרית בפרוסות 5% 250 גר,,,בולגרית בפרוסות 5% 2,גרמים,250.00,100 גרם,false,1,28.30,11.32,true,1,
7290006492647,false,מטבעות גבינת עיזים 150גר,,,מטבעות גבינת עיזים 1,גרמים,150.00,100 גרם,false,1,28.90,19.27,true,1,
7290006492685,false,לבנה עיזים 3% 250 גרם,,,לבנה עיזים 3% 250 גר,גרמים,250.00,100 גרם,false,1,19.90,7.96,true,1,
7290006492852,false,גבינה לבנה עיזים 250 גרם,,,גבינה לבנה עיזים 250,גרמים,250.00,100 גרם,false,1,18.20,7.28,true,1,
7290006492913,false,לבנה ציזיקי 250 גרם,,,לבנה ציזיקי 250 גרם,גרמים,250.00,100 גרם,false,1,15.50,6.20,true,1,
7290006520500,false,שוקיים עוף טרי,,,שוקיים עוף טרי,Unknown,0.00,"ק""ג",true,0,29.90,29.90,true,1,
7290006577160,false,יוגורט טבעי 3.6% אורגני 1 ליטר מחלבת גלילי,,,יוגורט טבעי 3.6% אור,מיליליטרים,1000.00,"100 מ""ל",false,1,31.50,3.15,true,1,
7290006618078,false,אסטוניש מרסס ניקוי כללי 750 מל,,,אסטוניש מרסס ניקוי כ,מיליליטרים,750.00,"100 מ""ל",false,1,19.90,2.65,true,1,
7290006660138,false,אקופרינד-מרכך כביסה מרוכז פריחת העמק,,,אקופרינד-מרכך כביסה,מיליליטרים,1000.00,"100 מ""ל",false,1,19.90,1.99,true,1,
7290006660411,false,בוטני מגבונים טבעיים ואקולוגיים,,,בוטני מגבונים טבעיים,Unknown,0.00,Unknown,false,1,9.90,9.90,true,1,
7290006660596,false,קמח עדשים אדומות ללא גלוטן 500 גרם,,IL,קמח עדשים אדומות ללא,גרמים,500.00,100 גרם,false,1,19.90,3.98,true,1,
7290006664655,false,אקטימל טבעי שמינייה,,,אקטימל טבעי שמינייה,מיליליטרים,800.00,"100 מ""ל",false,1,22.70,2.84,true,1,
7290006664990,false,מארז ביו 1.7% 2+6 150 גר*8,,,מארז ביו 1.7% 2+6 15,ליטרים,0.00,ליטר,false,1,17.90,17.90,true,1,
7290006681065,false,טעמקור XL,,,טעמקור XL,גרמים,70.00,100 גרם,false,1,8.80,12.57,true,1,
7290006681553,false,שטראוס קרמבו וניל 8 יח,,,שטראוס קרמבו וניל 8,Unknown,0.00,Unknown,false,1,17.90,17.90,true,1,
7290006704832,false,אוכמניות טריות יחידה,,,אוכמניות טריות יחידה,Unknown,0.00,Unknown,false,1,19.90,19.90,true,1,
7290006719058,false,חלה רגילה,,,חלה רגילה,גרמים,500.00,100 גרם,false,1,5.17,1.03,true,1,
7290006724458,false,"דפי אורז וטפיוקה עגולים 22 ס""מ לל""ג 270",,VN,דפי אורז וטפיוקה עגו,גרמים,270.00,100 גרם,false,1,12.90,4.78,true,1,
7290006724465,false,"דפי אורז טפיוקה מרובעים 22 ס""מ לל""ג 270",,VN,דפי אורז מרובעים 22,גרמים,270.00,100 גרם,false,1,12.90,4.78,true,1,
7290006724779,false,ממרח עגבניות מיובשות 185 גרם,,IL,ממרח עגבניות מיובשות,גרמים,185.00,100 גרם,false,1,25.10,13.57,true,1,
7290006724793,false,ממרח לימון כבוש 185 גרם,,IL,ממרח לימון כבוש 185,גרמים,185.00,100 גרם,false,1,25.10,13.57,true,1,
7290006724809,false,ממרח ארטישוק 185 גרם,,IL,ממרח ארטישוק 185 גרם,גרמים,185.00,100 גרם,false,1,25.10,13.57,true,1,
7290006764072,false,"בירה גולדסטאר בק חוזר 500 מ""ל",,,"בירה גולדסטאר 500 מ""",מיליליטרים,500.00,"100 מ""ל",false,1,7.90,1.58,true,1,
7290006765895,false,בוטן בקליפה 200 גרם שושן הקולה,,,בוטן בקליפה 200 גרם,גרמים,200.00,100 גרם,false,1,8.90,4.45,true,1,
7290006822192,false,נקטר פריגת דיאט חמוציות 1 ליטר,,,נקטר פריגת דיאט חמוצ,מיליליטרים,1000.00,"100 מ""ל",false,1,13.90,1.39,true,1,
7290006833822,false,נקניקיות עוף 600 גר מזרע,,,נקניקיות עוף 600 גר,גרמים,600.00,100 גרם,false,1,23.90,3.98,true,1,
7290006834539,false,גבינת קומבוזולה גרמנית במשקל,,,גבינת קומבוזולה,Unknown,0.00,"ק""ג",true,0,199.00,199.00,true,1,
7290006834546,false,גבינת שמברי גרמנית במשקל,,,גבינת שמברי גרמנית,Unknown,0.00,"ק""ג",true,0,210.00,210.00,true,1,
7290006835321,false,קבנוס עגל 250 גר,,,קבנוס עגל 250 גר,גרמים,250.00,100 גרם,false,1,23.90,9.56,true,1,
7290006855244,false,ברבריא חטיף אגוזים שקדים וצימוקים 30*4,,,ברבריא חטיף אגוזים ש,גרמים,120.00,100 גרם,false,1,19.80,16.50,true,1,
7290006899316,false,תה סרמוני  סנצה יפני 20 שקיות,,,תה סרמוני  סנצה יפני,Unknown,0.00,Unknown,false,1,19.90,19.90,true,1,
7290006899354,false,תה סרמוני קמומיל 20 שק`,,,תה סרמוני קמומיל 20,Unknown,0.00,Unknown,false,1,19.90,19.90,true,1,
7290006983152,false,קרוטונים מתובלים למרק 400 גרם,,,קרוטונים מתובלים למר,גרמים,400.00,100 גרם,false,1,21.90,5.48,true,1,
7290006983763,false,עוגת שוקולד 400 גרם,,,עוגת שוקולד 400 גרם,גרמים,400.00,100 גרם,false,1,13.40,3.35,true,1,
7290006983770,false,עוגת שיש 400 גרם,,,עוגת שיש 400 גרם,גרמים,400.00,100 גרם,false,1,13.40,3.35,true,1,
7290006983787,false,עוגת שוקוציפס 400 גרם,,,עוגת שוקוציפס 400 גר,גרמים,400.00,100 גרם,false,1,13.40,3.35,true,1,
7290006983794,false,עוגת תפוז 400 גרם,,,עוגת תפוז 400 גרם,גרמים,400.00,100 גרם,false,1,13.40,3.35,true,1,
7290008175173,false,לורפק חמאה 200 גר,,,חמאה ללא תוספת מלח 2,גרמים,200.00,100 גרם,false,1,14.90,7.45,true,1,
7290008175210,false,פרמזן מגורדת 90 גר,,,פרמזן מגורדת 90 גר,Unknown,0.00,Unknown,false,1,17.90,17.90,true,1,
7290008263597,false,קוואקר אורגני הרדוף 500 גר,,,קוואקר אורגני הרדוף,גרמים,500.00,100 גרם,false,1,11.90,2.38,true,1,
7290008329286,false,כפיות לבנות  100,,TR,כפיות לבנות  100,Unknown,0.00,Unknown,false,1,8.90,8.90,true,1,
7290008329309,false,מזלגות פרמיום שקוף/ק,,TR,מזלגות פרמיום שקוף/ק,Unknown,1.00,Unknown,false,1,9.50,9.50,true,1,
7290008343466,false,בצק פילו 500 גר,,,בצק פילו 500 גר,גרמים,500.00,100 גרם,false,1,23.90,4.78,true,1,
7290008409124,false,שניצל גונגל 700 גרם,,,שניצל גונגל מאמא עוף,גרמים,700.00,100 גרם,false,1,37.90,5.41,true,1,
7290008409216,false,שניצל דק דק פריך 700 גר,,,שניצל דק דק פריך 700,גרמים,700.00,100 גרם,false,1,42.90,6.13,true,1,
7290008409544,false,שניצל עוף אמיתי בציפוי פריך 700 גרם,,,שניצל עוף אמיתי בציפ,גרמים,700.00,100 גרם,false,1,44.50,6.36,true,1,
7290008409551,false,שניצל עוף אמיתי בציפוי מעודן-700 גרם,,,שניצל עוף אמיתי בציפ,גרמים,700.00,100 גרם,false,1,44.50,6.36,true,1,
7290008425193,false,זיתים נבאלי 400 גרם,,,זיתים נבאלי 400 גרם,גרמים,400.00,100 גרם,false,1,23.90,5.98,true,1,
7290008425704,false,נקטר שזיף 1 ליטר אורגני,,,נקטר שזיף 1 ליטר אור,מיליליטרים,1000.00,"100 מ""ל",false,1,25.90,2.59,true,1,
7290008425728,false,נקטר קוקטייל 1 ליטר אורגני,,,נקטר קוקטייל 1 ליטר,מיליליטרים,1000.00,"100 מ""ל",false,1,25.90,2.59,true,1,
7290008437011,false,שריר טרי,,,שריר בקר טרי,Unknown,0.00,"ק""ג",true,0,49.90,49.90,true,1,
7290008437127,false,רגל עגל חלב קפוא מזרע,,,רגל עגל קפוא מזרע,Unknown,0.00,"ק""ג",true,0,36.90,36.90,true,1,
7290008437646,false,שקית גופיה טיב טעם,,,שקית גופיה,Unknown,0.00,Unknown,false,1,0.10,0.10,true,1,
7290008438285,false,גבינה אמנטל שוויצרי במשקל,,,גבינה אמנטל שוויצרי,Unknown,0.00,"ק""ג",true,0,220.00,220.00,true,1,
7290008461221,false,סרדין רוברט בשמן חמניות 120 גרם,,,סרדין רוברט בשמן חמנ,גרמים,120.00,100 גרם,false,1,7.90,6.58,true,1,
7290008462204,false,חרדל דיזיון מקורי 380 גרם,,,חרדל דיזיון מקורי 38,גרמים,380.00,100 גרם,false,1,18.90,4.97,true,1,
7290008462259,false,חרדל דיזיון גרגירים 345 גרם,,,חרדל דיזיון גרגירים,גרמים,345.00,100 גרם,false,1,19.90,5.77,true,1,
7290008464109,false,"בירה גולדסטאר 330 מ""ל UNFILTERED",,,"בירה גולדסטאר 330 מ""",מיליליטרים,330.00,"100 מ""ל",false,1,8.90,2.70,true,1,
7290008464130,false,"שישיית בירה גולדסטאר 330 מ""ל UNFILTERED",,,שישיית בירה גולדסטאר,מיליליטרים,1980.00,"100 מ""ל",false,1,37.90,1.91,true,1,
7290008464208,false,"בירה מכבי 7.9% 330 מ""ל",,,בירה מכבי 7.9% 330 מ,מיליליטרים,330.00,"100 מ""ל",false,1,8.90,2.70,true,1,
7290008464222,false,"בירה מכבי  7.9% פחית 500 מ""ל",,,בירה מכבי  7.9% פחית,מיליליטרים,500.00,"100 מ""ל",false,1,8.90,1.78,true,1,
7290008464338,false,בירה מכבי בקבוק 330 מל,,,בירה מכבי בקבוק 330,מיליליטרים,330.00,"100 מ""ל",false,1,6.90,2.09,true,1,
7290008464345,false,בירה גולדסטאר בקבוק 330 מל,,,בירה גולדסטאר בקבוק,מיליליטרים,330.00,"100 מ""ל",false,1,7.90,2.39,true,1,
7290008464376,false,"מירנדה פחית 330 מ""ל",,,"מירנדה פחית 330 מ""ל",מיליליטרים,330.00,"100 מ""ל",false,1,3.90,1.18,true,1,
7290008464383,false,"סבן אפ פחית 330 מ""ל",,,"סבן אפ פחית 330 מ""ל",מיליליטרים,330.00,"100 מ""ל",false,1,5.90,1.79,true,1,
7290008464406,false,"פחית פפסי מקס 330 מ""ל",,,"פחית פפסי מקס 330 מ""",מיליליטרים,330.00,"100 מ""ל",false,1,4.30,1.30,true,1,
7290008464468,false,"גולדסטאר פחית 500 מ""ל",,,"גולדסטאר פחית 500 מ""",מיליליטרים,500.00,"100 מ""ל",false,1,9.90,1.98,true,1,
7290008464475,false,"בירה מכבי פחית 500 מ""ל",,,בירה מכבי פחית 500 מ,מיליליטרים,500.00,"100 מ""ל",false,1,9.90,1.98,true,1,
7290008464505,false,"מים סאן בנדטו 500 מ""ל",,,"מים סאן בנדטו 500 מ""",מיליליטרים,500.00,"100 מ""ל",false,1,2.90,0.58,true,1,
7290008464604,false,"היינקן פחית 500 מ""ל",,,"היינקן פחית 500 מ""ל",מיליליטרים,500.00,"100 מ""ל",false,1,10.90,2.18,true,1,
7290008464611,false,מי סודה 275 מל,,IL,מי סודה 275 מל,מיליליטרים,275.00,"100 מ""ל",false,1,3.20,1.16,true,1,
7290008464673,false,"בירה גולדסטאר SLOW BREW פחית 500 מ""ל",,IL,בירה גולדסטאר SLOW B,מיליליטרים,500.00,"100 מ""ל",false,1,10.90,2.18,true,1,
7290008464697,false,"שישיית בירה מכבי 7.9% 330 מ""ל",,,שישיית בירה מכבי 7.9,מיליליטרים,1980.00,"100 מ""ל",false,1,38.90,1.96,true,1,
7290008464703,false,"שישיית בקבוקי מכבי 330 מ""ל",,,שישיית בקבוקי מכבי 3,מיליליטרים,1980.00,"100 מ""ל",false,1,37.90,1.91,true,1,
7290008464734,false,"שישיית גולדסטאר  330 מ""ל SLOW BREW",,,שישיית גולדסטאר 330,מיליליטרים,1980.00,"100 מ""ל",false,1,41.90,2.12,true,1,
7290008464741,false,"שישיית בקבוקי גולדסטאר 330 מ""ל",,,שישיית בקבוקי גולדסט,מיליליטרים,1980.00,"100 מ""ל",false,1,32.90,1.66,true,1,
7290008464796,false,"שישיית הייניקן בקבוק 330 מ""ל",,,שישיית הייניקן בקבוק,מיליליטרים,1980.00,"100 מ""ל",false,1,38.90,1.96,true,1,
7290008644235,false,עלי בייבי אחלה טבע,,,עלי בייבי אחלה טבע,גרמים,120.00,100 גרם,false,1,12.90,10.75,true,1,
7290008644839,false,חסה אחלה טבע,,,חסה אחלה טבע,גרמים,300.00,100 גרם,false,1,10.90,3.63,true,1,
7290008644945,false,סלט המושבה אחלה טבע,,,סלט המושבה אחלה טבע,גרמים,450.00,100 גרם,false,1,12.90,2.87,true,1,
7290008645935,false,חומוס אחלה 750 גר,,,חומוס אחלה 750 גרם,גרמים,750.00,100 גרם,false,1,11.90,1.59,true,1,
7290008670142,false,רקנאטי יסמין אדום 750 מל,,,רקנאטי יסמין אדום 75,Unknown,0.00,Unknown,false,1,39.90,39.90,true,1,
7290008670159,false,רקנאטי יסמין לבן 750 מל,,,רקנאטי יסמין לבן 201,Unknown,0.00,Unknown,false,1,39.90,39.90,true,1,
7290008670852,false,רקנאטי יונתן אדום 750 מל,,IL,רקנאטי יונתן אדום 75,Unknown,0.00,Unknown,false,1,43.90,43.90,true,1,
7290008670913,false,רקנאטי גליל עליון קברנה סובניון 750 מל,,,רקנאטי גליל עליון קב,Unknown,0.00,Unknown,false,1,67.90,67.90,true,1,
7290008690713,false,נקטר אושן ספריי חמוציות 1 ל,,,נקטר אושן ספריי 1 ל,מיליליטרים,1000.00,"100 מ""ל",false,1,13.90,1.39,true,1,
7290008693134,false,דניאלה תות 88 גרם,,,דניאלה תות 88 גרם,גרמים,88.00,100 גרם,false,1,4.30,4.89,true,1,
7290008745239,false,תפוציפס אקסטרא טבעי 50 גרם,,,תפוציפס אקסטרא טבעי,גרמים,50.00,100 גרם,false,1,4.90,9.80,true,1,
7290008747547,false,תפוציפס קראנץ טבעי 200 גרם,,,תפוציפס קראנץ טבעי 2,גרמים,200.00,100 גרם,false,1,10.90,5.45,true,1,
7290008750264,false,מסטיק מאסט LL פליפ.דובדבן מגדים 28 גר,,,מסטיק מאסט LL פליפ.ד,Unknown,0.00,Unknown,false,1,4.90,4.90,true,1,
7290008752244,false,תפוציפס קראנצי גריל 50 גרם,,IL,תפוציפס קראנצי גריל,גרמים,50.00,100 גרם,false,1,4.90,9.80,true,1,
7290008753111,false,תפוציפס קראנצי מקסיקני 50 גרם,,,תפוציפס קראנצי מקסיק,גרמים,50.00,100 גרם,false,1,4.90,9.80,true,1,
7290008753364,false,דוריטוס גריל 55 גר,,,דוריטוס גריל 55 גר,גרמים,55.00,100 גרם,false,1,4.30,7.82,true,1,
7290008753371,false,דוריטוס נאצו מקסיקני 55 גר,,IL,דוריטוס נאצו 55 גר,גרמים,55.00,100 גרם,false,1,4.30,7.82,true,1,
7290008753388,false,דוריטוס טבעי 55 גר,,,דוריטוס טבעי 55 גר,גרמים,55.00,100 גרם,false,1,4.30,7.82,true,1,
7290008754415,false,מסטיק מאסט מגדים ספירמינט עדין ללס 28 גר,,IL,מסטיק מאסט מגדים ספי,Unknown,0.00,Unknown,false,1,4.90,4.90,true,1,
7290008754422,false,מסטיק מאסט מגדים פפרמינט 28 גרם,,IL,מסטיק מאסט מגדים פפר,Unknown,0.00,Unknown,false,1,4.90,4.90,true,1,
7290008757034,false,שוופס סודה 250 מל זכוכית,,,"שוופס סודה 250 מ""ל ז",מיליליטרים,250.00,"100 מ""ל",false,1,4.90,1.96,true,1,
7290008776028,false,המבורגר קלאסי קפוא,,,המבורגר קלאסי קפוא,גרמים,300.00,100 גרם,false,0,31.50,10.50,true,1,
7290008776103,false,קוביות לגולש עגל טרי,,,קוביות לגולש עגל טרי,Unknown,0.00,"ק""ג",true,0,69.90,69.90,true,1,
7290008801157,false,מרלו אדום יבש 750 מל סלקטד,,,"מרלו אדום יבש 750 מ""",Unknown,0.00,Unknown,false,1,32.90,32.90,true,1,
7290008801843,false,קברנה סוביניון אדום יבש 750 מל סלקטד,,,קברנה סוביניון אדום,Unknown,0.00,Unknown,false,1,32.90,32.90,true,1,
7290008801850,false,סלקטד אמרלד ריזלינג לבן חצי יבש 750 מל,,,סלקטד אמרלד ריזלינג,Unknown,0.00,Unknown,false,1,29.90,29.90,true,1,
7290008828581,false,חסה פקצוי,,,חסה פקצוי,Unknown,0.00,Unknown,false,1,11.90,11.90,true,1,
7290008835992,false,פילה נסיכת הנילוס קפוא בלדי,,,פילה נסיכת הנילוס,Unknown,0.00,"ק""ג",true,0,78.90,78.90,true,1,
7290008849845,false,אריסה פיקנטית אוליביה 185 גר,,IL,אריסה פיקנטית אוליבי,גרמים,185.00,100 גרם,false,1,16.40,8.86,true,1,
7290008909853,false,"קוקה קולה 500  מ""ל ZERO",,,"קוקה קולה 500  מ""ל Z",מיליליטרים,500.00,"100 מ""ל",false,1,8.50,1.70,true,1,
7290008909884,false,קוקה קולה ZERO קלאסי 350 מל-,,,קוקה קולה ZERO קלאסי,מיליליטרים,350.00,"100 מ""ל",false,1,6.50,1.86,true,1,
7290008961127,false,טושיונקה בקר רוסית 400 גרם,,,טושיונקה בקר רוסית 4,גרמים,400.00,100 גרם,false,1,25.10,6.28,true,1,
7290010002023,false,כורכום הודי טחון 100 גרם,,,כורכום הודי טחון 100,גרמים,100.00,100 גרם,false,1,12.90,12.90,true,1,
7290010002061,false,פלפל לבן טחון 100 גרם,,,פלפל לבן טחון 120 גר,גרמים,100.00,100 גרם,false,1,19.90,19.90,true,1,
7290010002078,false,פלפל שחור טחון 100 גרם,,,פלפל שחור טחון 120 ג,גרמים,100.00,100 גרם,false,1,16.90,16.90,true,1,
7290010002092,false,פלפל שחור גס דק 90 גרם,,,פלפל שחור גס דק 90 ג,גרמים,90.00,100 גרם,false,1,16.90,18.78,true,1,
7290010002108,false,פלפל שחור גרוס גס 90 גרם,,,פלפל שחור גרוס גס 90,גרמים,90.00,100 גרם,false,1,16.90,18.78,true,1,
7290010002139,false,פפריקה הונגרית חריפה 100 גרם,,,פפריקה הונגרית חריפה,גרמים,100.00,100 גרם,false,1,12.90,12.90,true,1,
7290010002146,false,פפריקה מרוקאית מתוקה 100 גרם,,,פפריקה מרוקאית מתוקה,גרמים,100.00,100 גרם,false,1,12.90,12.90,true,1,
7290010002153,false,פפריקה מרוקאית חריפה 100 גרם,,,פפריקה מרוקאית חריפה,גרמים,100.00,100 גרם,false,1,12.90,12.90,true,1,
7290010002191,false,מקלות קינמון 50 גרם,,,מקלות קינמון 50 גרם,גרמים,50.00,100 גרם,false,1,12.90,25.80,true,1,
7290010002207,false,קינמון טחון 100 גרם,,,קינמון טחון 100 גרם,גרמים,100.00,100 גרם,false,1,10.50,10.50,true,1,
7290010002214,false,צילי מקסיקני גרוס 70 גרם,,,צילי מקסיקני גרוס 70,Unknown,0.00,Unknown,false,1,12.90,12.90,true,1,
7290010002283,false,תבלין על האש 100 גרם,,,תבלין על האש 100 גרם,גרמים,100.00,100 גרם,false,1,12.90,12.90,true,1,
7290010002290,false,תערובת לשווארמה טורקית  100 גרם,,,תערובת לשווארמה טורק,גרמים,100.00,100 גרם,false,1,12.90,12.90,true,1,
7290010002320,false,תבלין גריל עוף 100 גרם,,,תבלין גריל עוף 130 ג,גרמים,100.00,100 גרם,false,1,12.90,12.90,true,1,
7290010002368,false,תערובת חווג למרק 100 גרם,,,תערובת חווג למרק 100,גרמים,100.00,100 גרם,false,1,12.90,12.90,true,1,
7290010002375,false,מדרס קארי 100 גרם,,,מדרס קארי 100 גרם,גרמים,100.00,100 גרם,false,1,12.90,12.90,true,1,
7290010002382,false,אורגנו 40 גרם,,,אורגנו 40 גרם,Unknown,0.00,Unknown,false,1,10.50,10.50,true,1,
7290010002429,false,עלי דפנה 20 גרם,,,עלי דפנה 20 גרם,Unknown,0.00,Unknown,false,1,10.50,10.50,true,1,
7290010002436,false,פטרוזיליה 25 גרם,,,פטרוזיליה 25 גרם,Unknown,0.25,Unknown,false,1,10.50,42.00,true,1,
7290010002450,false,שמיר 25 גרם,,,שמיר 25 גרם,Unknown,0.00,Unknown,false,1,10.50,10.50,true,1,
7290010002481,false,שום טחון 100 גרם,,,שום טחון 100 גרם,גרמים,100.00,100 גרם,false,1,16.40,16.40,true,1,
7290010002696,false,אקסטרה ציפס אורז חום מלא שמנת בצל 60 גרם,,BG,אקסטרה ציפס אורז חום,גרמים,60.00,100 גרם,false,1,7.50,12.50,true,1,
7290010002726,false,תבלין לפרגיות 100 גר,,,תבלין לפרגיות 100 גר,גרמים,100.00,100 גרם,false,1,12.90,12.90,true,1,
7290010003051,false,פפריקה הונגרית מתוקה 400 גרם,,,פפריקה הונגרית מתוקה,גרמים,400.00,100 גרם,false,1,28.50,7.13,true,1,
7290010003693,false,פפריקה מתוקה 80 גרם שקית,,,פפריקה מתוקה 80 גרם,Unknown,0.00,Unknown,false,1,6.90,6.90,true,1,
7290010003754,false,כמון חטון 50 גרם שקית,,,כמון טחון 50 גרם,Unknown,0.00,Unknown,false,1,6.90,6.90,true,1,
7290010003792,false,מלח לימון שקית 100 גרם,,,מלח לימון שקית 100 ג,גרמים,100.00,100 גרם,false,1,6.90,6.90,true,1,
7290010003846,false,אורגנו 20 גרם שקית,,,אורגנו 20 גרם שקית,Unknown,0.00,Unknown,false,1,6.90,6.90,true,1,
7290010045051,false,עוגיות מלבן שקדים 200 גרם  לחמי,,,עוגיות מלבן שקדים 20,גרמים,200.00,100 גרם,false,1,19.90,9.95,true,1,
7290010117857,false,דוריטוס חמוץ אש 55 גרם-,,IL,דוריטוס חריף אש 55 ג,גרמים,55.00,100 גרם,false,1,4.30,7.82,true,1,
7290010117970,false,סבבה בוטנים אמריקאים 50 גרם,,,סבבה בוטנים אמריקאים,Unknown,0.00,Unknown,false,1,3.30,3.30,true,1,
7290010119950,false,דוריטוס חמוץ חריף 55 גרם-סטריפ,,,דוריטוס חמוץ חריף 55,גרמים,55.00,100 גרם,false,1,4.30,7.82,true,1,
7290010124190,false,שניצל בקר מלינסה 250 גרם,,,שניצל בקר מלינסה 250,גרמים,250.00,100 גרם,false,1,15.60,6.24,true,1,
7290010124503,false,שומן כבש 200 גרם קפוא בלדי,,,שומן כבש 200 גרם קפו,גרמים,200.00,100 גרם,false,1,13.90,6.95,true,1,
7290010154241,false,חזרת 250 גר,,,סלט חזרת 250 גר,גרמים,250.00,100 גרם,false,1,15.90,6.36,true,1,
7290010154425,false,סחוג ירוק 120 גר,,,סחוג ירוק 120 גר,גרמים,120.00,100 גרם,false,1,10.90,9.08,true,1,
7290010154685,false,שום כתוש 250 גר,,,סלט שום כתוש 250 גר,גרמים,250.00,100 גרם,false,1,15.90,6.36,true,1,
7290010237548,false,"פפסי מקס דל קלוריות 500 מ""ל בקבוק",,,פפסי מקס דל קלוריות,מיליליטרים,500.00,"100 מ""ל",false,1,4.90,0.98,true,1,
7290010237685,false,"בירה הייניקן 330 מ""ל פחית",,,"בירה הייניקן 330 מ""ל",מיליליטרים,330.00,"100 מ""ל",false,1,10.90,3.30,true,1,
7290010237890,false,"היינקן בק חוזר 500 מ""ל",,,"בירה היינקן  500 מ""ל",מיליליטרים,500.00,"100 מ""ל",false,1,9.90,1.98,true,1,
7290010259823,false,מרק עם נודלס טעם עוף מנת השף  70 גר,,,מרק עם נודלס טעם עוף,גרמים,70.00,100 גרם,false,1,6.00,8.57,true,1,
7290010259854,false,מרק עם נודלס טעם פטריות מנת השף 70 גר,,,מרק עם נודלס טעם פטר,גרמים,70.00,100 גרם,false,1,6.00,8.57,true,1,
7290010259861,false,מרק עם נודלס טעם ירקות מנת השף  70 גר,,,מרק עם נודלס טעם ירק,גרמים,70.00,100 גרם,false,1,6.00,8.57,true,1,
7290010259977,false,שמן קנולה וילי פוד 1 ליטר,,,שמן קנולה וילי פוד 1,מיליליטרים,1000.00,"100 מ""ל",false,1,11.90,1.19,true,1,
7290010259991,false,צנימים וילי פוד 250 גרם,,GR,צנימים וילי פוד 250,גרמים,250.00,100 גרם,false,1,9.30,3.72,true,1,
7290010294596,false,פלסטר פלוס קידס,,,פלסטר פלוס קידס,Unknown,0.00,Unknown,false,1,19.90,19.90,true,1,
7290010429554,false,שמן זית כתית מעולה 2 קלאסי 750 יד מרדכי,,,שמן זית כתית מעולה 2,מיליליטרים,750.00,"100 מ""ל",false,1,37.90,5.05,true,1,
7290010471669,false,דנונה בר תות קורנפלקס 175 גר,,,דנונה בר תות קורנפלק,גרמים,175.00,100 גרם,false,1,4.80,2.74,true,1,
7290010513703,false,צופסטיקס 20 יח חד פעמי,,,צופסטיקס 20 יח חד פע,Unknown,0.00,Unknown,false,1,7.90,7.90,true,1,
7290010513727,false,פירורי לחם קינגדאו פנקו 200 גר,,,פירורי לחם קינגדאו פ,גרמים,200.00,100 גרם,false,1,9.30,4.65,true,1,
7290010517480,false,יין פלם בלאן 2017 750 מל,,,יין פלם בלאן 2018 75,Unknown,0.00,Unknown,false,1,109.90,109.90,true,1,
7290010582037,false,חטיף פלפלון,,,חטיף פלפלון,Unknown,0.00,Unknown,false,1,9.90,9.90,true,1,
7290010613526,false,דלי מטליות לניקוי וח,,,דלי מטליות לניקוי וח,Unknown,0.00,Unknown,false,6,21.90,21.90,true,1,
7290010650019,false,אנדי בלגי,,,אנדי בלגי,Unknown,0.00,Unknown,false,1,13.90,13.90,true,1,
7290010650033,false,בצלצלי שאלוט,,,בצלצלי שאלוט,Unknown,0.00,Unknown,false,1,9.90,9.90,true,1,
7290010650101,false,עגבניות מיובשות,,,עגבניות מיובשות,Unknown,0.00,Unknown,false,1,9.90,9.90,true,1,
7290010650415,false,עגבניות לחות במגשית 200 גר,,,עגבניות לחות במגשית,Unknown,0.00,Unknown,false,1,13.90,13.90,true,1,
7290010657704,false,פילה מקרל בשמן זית 125 ג  קזבלנקה,,,פילה מקרל בשמן זית 1,גרמים,125.00,100 גרם,false,1,13.90,11.12,true,1,
7290010766307,false,רוטב לפסטה בולונז 420 גרם,,,רוטב לפסטה בולונז 42,גרמים,420.00,100 גרם,false,1,14.90,3.55,true,1,
7290010766697,false,רוטב שקשוקה אוליביה 415 גר,,,רוטב שקשוקה אוליביה,גרמים,415.00,100 גרם,false,1,14.90,3.59,true,1,
7290010766734,false,רוטב פיצה אוליביה 415 גרם,,,רוטב פיצה אוליביה,גרמים,415.00,100 גרם,false,1,14.90,3.59,true,1,
7290010777006,false,מארז לחמניות כוסמין 360 גרם,,IL,מארז לחמניות כוסמים,גרמים,360.00,100 גרם,false,1,16.90,4.69,true,1,
7290010777051,false,מארז לחמניות המבורגר 5 יח,,,מארז לחמניות המבורגר,Unknown,0.00,Unknown,false,1,15.90,15.90,true,1,
7290010777068,false,מארז לחמניות מתוקות/קלועות 5 יח,,,מארז לחמניות מתוקות/,Unknown,0.00,Unknown,false,1,15.90,15.90,true,1,
7290010777136,false,לחמנייה שמיניה 5 יח,,,לחמניה קלועה 5 יח,Unknown,0.00,Unknown,false,1,15.50,15.50,true,1,
7290010777150,false,פיתה בריבוע חיטה מלאה 8 יח,,,פיתה בריבוע חיטה מלא,Unknown,0.00,Unknown,false,1,17.90,17.90,true,1,
7290010777297,false,פיתה ביס לבן,,,פיתה ביס לבן,גרמים,500.00,100 גרם,false,1,17.90,3.58,true,1,
7290010777358,false,מארז שמיניית פיתות 100% כוסמין מלא,,,מארז שמיניית פיתות 1,גרמים,400.00,100 גרם,false,1,17.90,4.48,true,1,
7290010777488,false,מארז פיתות 100% מחמצת קמח מלא 500 גרם,,IL,מארז פיתות 100% מחמצ,גרמים,500.00,100 גרם,false,1,18.90,3.78,true,1,
7290010777525,false,מארז פיתות כוסמין 6 יח,,,מארז פיתות כוסמין 6,Unknown,0.00,Unknown,false,1,19.90,19.90,true,1,
7290010883370,false,כפפות אלוורה סנו סושי גדול בינוני,,,כפפות אלוורה סנו סוש,Unknown,0.00,Unknown,false,1,12.20,12.20,true,1,
7290010945146,false,קוטג 3% מועשר 250 גרם,,,קוטג 3% מועשר 250 גר,גרמים,250.00,100 גרם,false,1,6.50,2.60,true,1,
7290010970537,false,שמן קנולה בתרסיס 200 גרם טעמים,,,שמן קנולה בתרסיס 200,גרמים,200.00,100 גרם,false,1,21.90,10.95,true,1,
7290011017873,false,"פחית סליק זירו 330 מ""ל",,,פחית סליק זירו 330 מ,מיליליטרים,330.00,"100 מ""ל",false,1,5.90,1.79,true,1,
7290011017880,false,"פחית סליק ד. ק""ק 330 מ""ל",,,"פחית סליק ד. ק""ק 330",מיליליטרים,330.00,"100 מ""ל",false,1,5.90,1.79,true,1,
7290011018184,false,"תה פיוז אפרסק 500 מ""ל",,,"תה פיוז אפרסק 500 מ""",מיליליטרים,500.00,"100 מ""ל",false,1,8.80,1.76,true,1,
7290011018443,false,"סליק פאנטה אורנג 330 מ""ל",,,סליק פאנטה אורנג 330,מיליליטרים,330.00,"100 מ""ל",false,1,5.90,1.79,true,1,
7290011018924,false,ק.קולה דיאט פרידגפק סליק 330 מל שישייה,,,ק.קולה דיאט פרידגפק,ליטרים,0.00,ליטר,false,1,24.90,24.90,true,1,
7290011064099,false,טאפס שכונתי 125 גר,,,טאפס שכונתי 125 גר,גרמים,125.00,100 גרם,false,1,22.90,18.32,true,1,
7290011065423,false,מלח ים מטחנה 130 גרם,,,מלח ים מטחנה 130 גרם,גרמים,130.00,100 גרם,false,1,19.90,15.31,true,1,
7290011065447,false,תבלין לפיצה מטחנה 50 גרם,,,תבלין לפיצה מטחנה 50,גרמים,50.00,100 גרם,false,1,19.90,39.80,true,1,
7290011126469,false,חליטת קמומיל ודבש 25 שקיקים גן קסום,,,חליטת קמומיל ודבש 25,Unknown,0.00,Unknown,false,1,19.90,19.90,true,1,
7290011131050,false,"גרנולה גרין פקאן 1 ק""ג",,,גרנולה גרין פקאן 1 ק,גרמים,1000.00,100 גרם,false,1,32.30,3.23,true,1,
7290011131371,false,"מיזלי קראנץ אלמונ 1 ק""ג",,,מיזלי קראנץ אלמונ 1,גרמים,1000.00,100 גרם,false,1,27.90,2.79,true,1,
7290011131968,false,"גרנולה אגוזים 1 ק""ג",,,"גרנולה אגוזים 1 ק""ג",קילוגרמים,0.00,"ק""ג",false,1,32.30,32.30,true,1,
7290011132507,false,מים סאן בנדטו מוגז עדין 500 מל,,,סאן בנדטו מוגז 50 מל,מיליליטרים,500.00,"100 מ""ל",false,1,4.90,0.98,true,1,
7290011133634,false,"שישייה פחיות פפסי מקס 330 מ""ל",,,שישייה פחיות פפסי מק,ליטרים,0.00,ליטר,false,1,19.90,19.90,true,1,
7290011142001,false,לחם דואט 550 גר,,,לחם דואט 550 גר,גרמים,550.00,100 גרם,false,1,13.90,2.53,true,1,
7290011142148,false,מארז שישית לחמניות,,,מארז שישית לחמניות,גרמים,450.00,100 גרם,false,1,13.90,3.09,true,1,
7290011142193,false,4 לחמניות מתוקות,,,4 לחמניות מתוקות,Unknown,0.00,Unknown,false,1,13.90,13.90,true,1,
7290011142315,false,פרנה מאורך רביעיה 550 גר,,,פרנה מאורך רביעיה 55,Unknown,0.00,Unknown,false,1,15.90,15.90,true,1,
7290011142650,false,לחם 100% שיפון 900 גר,,,לחם 100% שיפון 900 ג,גרמים,900.00,100 גרם,false,1,18.90,2.10,true,1,
7290011148898,false,גבעולי ברוקולי משקל 400 גר,,,גבעולי ברוקולי 400 ג,קילוגרמים,0.00,"ק""ג",false,1,14.90,14.90,true,1,
7290011148935,false,מלפפון בייבי,,,מלפפון בייבי,Unknown,0.00,Unknown,false,1,14.90,14.90,true,1,
7290011154080,false,"תרכיז תפוחים צלול טעמי הגליל 500 מ""ל",,IL,תרכיז תפוחים צלול טע,מיליליטרים,500.00,"100 מ""ל",false,1,26.10,5.22,true,1,
7290011154882,false,"תרכיז תפוזים טבעי 500 מ""ל",,,תרכיז תפוזים טבעי 50,מיליליטרים,500.00,"100 מ""ל",false,1,28.90,5.78,true,1,
7290011166359,false,רול און אבן קריסטל לאישה,,,רול און אבן קריסטל ל,Unknown,0.00,Unknown,false,1,27.00,27.00,true,1,
7290011166762,false,סאן דאורדורנט אבן קריסטל לנערים,,,סאן דאורדורנט אבן קר,Unknown,0.00,Unknown,false,1,27.00,27.00,true,1,
7290011194246,false,קוטג 5% 250 גר,,,קוטג 5% 250 גר,גרמים,250.00,100 גרם,false,1,5.90,2.36,true,1,
7290011235024,false,רוזמרין,,,רוזמרין,Unknown,0.00,Unknown,false,1,5.90,5.90,true,1,
7290011235031,false,בזיליקום,,,רוקולה,Unknown,0.00,Unknown,false,1,5.90,5.90,true,1,
7290011235055,false,בזיליקום,,,בזיליקום,Unknown,0.00,Unknown,false,1,5.90,5.90,true,1,
7290011235062,false,עירית,,,עירית,Unknown,0.00,Unknown,false,1,5.90,5.90,true,1,
7290011235079,false,רוזמרין,,,קורנית,Unknown,0.00,Unknown,false,1,5.90,5.90,true,1,
7290011312381,false,סטייק פורטבלה,,,סטייק פורטבלה,Unknown,0.00,Unknown,false,1,17.90,17.90,true,1,
7290011426521,false,"שמן פשתן אורגני 400 מ""ל",,IL,שמן פשתן אורגני 400,מיליליטרים,400.00,"100 מ""ל",false,1,49.90,12.48,true,1,
7290011438142,false,"משקה חלב בטעם קפה 350מ""ל בקבוק",,IL,משקה חלב בטעם קפה,מיליליטרים,350.00,"100 מ""ל",false,1,7.30,2.09,true,1,
7290011473204,false,עדשים ירוקים אורגני 500 גרם,,,עדשים ירוקים אורגני,גרמים,500.00,100 גרם,false,1,12.90,2.58,true,1,
7290011473327,false,שעועית מש אורגנית 500 גרם,,,שעועית מש אורגנית 50,גרמים,500.00,100 גרם,false,1,15.90,3.18,true,1,
7290011473488,false,קמח אורז מלא טבעי 500 גר,,,קמח אורז מלא טבעי 50,גרמים,500.00,100 גרם,false,1,11.90,2.38,true,1,
7290011474379,false,קמח כוסמת טבעי 500 גר,,,קמח כוסמת טבעי 500 ג,גרמים,500.00,100 גרם,false,1,11.90,2.38,true,1,
7290011498160,false,שמן קוקוס 100% שקד תבור 1 ליטר,,,שמן קוקוס אורגני טהו,מיליליטרים,1000.00,"100 מ""ל",false,1,56.90,5.69,true,1,
7290011498283,false,אגוזי אדמה חמאה בוטנים 700 גר,,,אגוזי אדמה חמאה בוטנ,גרמים,700.00,100 גרם,false,1,27.20,3.89,true,1,
7290011498405,false,שמן קוקוס 100% 350 מל,,,שמן קוקוס 100% 350 מ,מיליליטרים,350.00,"100 מ""ל",false,1,22.90,6.54,true,1,
7290011498412,false,חמאת קקאו 200 גרם,,,חמאת קקאו 200 גרם,גרמים,200.00,100 גרם,false,1,23.90,11.95,true,1,
7290011498511,false,ממרח חלבה מלאה 350 גר,,,ממרח חלבה מלאה 350 ג,גרמים,350.00,100 גרם,false,1,15.90,4.54,true,1,
7290011498740,false,שקד מלא 300 גרם,,,שקד מלא 300 גרם,גרמים,300.00,100 גרם,false,1,34.90,11.63,true,1,
7290011498887,false,חטיף תמרים במילוי חמאת קוקוס 150 גרם,,,חטיף תמרים במילוי חמ,גרמים,150.00,100 גרם,false,1,16.90,11.27,true,1,
7290011498917,false,חטיף תמר במילוי חמאת קוקוס מצופה 150 גרם,,,חטיף תמר במילוי חמאת,גרמים,150.00,100 גרם,false,1,19.80,13.20,true,1,
7290011498948,false,חטיף תמרים בציפוי שוקולד 150 גרם,,,חטיף תמרים בציפוי שו,גרמים,150.00,100 גרם,false,1,18.90,12.60,true,1,
7290011498955,false,אגוזי אדמה 300 גרם,,,אגוזי אדמה 300 גרם,גרמים,300.00,100 גרם,false,1,14.60,4.87,true,1,
7290011498979,false,שקד לבן בתוספת סיבים 300 גרם,,,שקד לבן בתוספת סיבים,גרמים,300.00,100 גרם,false,1,36.90,12.30,true,1,
7290011499051,false,פטה כבשים מסורתית  250 גר,,,פטה כבשים מסורתית  2,גרמים,250.00,100 גרם,false,1,28.90,11.56,true,1,
7290011499105,false,בולגרית 5% 250גר,,,בולגרית 5% 250גר,גרמים,250.00,100 גרם,false,1,26.90,10.76,true,1,
7290011499112,false,בולגרית 16% 250גר,,,בולגרית 16% 250גר,גרמים,250.00,100 גרם,false,1,24.90,9.96,true,1,
7290011499129,false,קוביות בולגרית מעודנת  5% 200 גר,,,קוביות בולגרית מעודנ,גרמים,200.00,100 גרם,false,1,24.90,12.45,true,1,
7290011499303,false,גבינה בולגרית מעודנת עיזים 5% 250 גר,,,גבינה בולגרית מעודנת,גרמים,250.00,100 גרם,false,1,33.50,13.40,true,1,
7290011499327,false,גבינה בולגרית מעודנת חלב בקר 250 גר,,,גבינה בולגרית מעודנת,גרמים,250.00,100 גרם,false,1,24.90,9.96,true,1,
7290011499365,false,גבינת חלומי 200 גר,,,גבינת חלומי 200 גר,גרמים,200.00,100 גרם,false,1,24.90,12.45,true,1,
7290011499419,false,גבינת במרקם שמנת 5% טבעי 200 גר,,,גבינה במרקם שמנת 5%,גרמים,200.00,100 גרם,false,1,12.90,6.45,true,1,
7290011499525,false,לאבנה 500גר 9%,,,לאבנה 500גר 9%,גרמים,500.00,100 גרם,false,1,22.50,4.50,true,1,
7290011499624,false,גבינת שמנת 30% טבעי 200 גר,,,גבינת שמנת 30% טבעי,גרמים,200.00,100 גרם,false,1,13.40,6.70,true,1,
7290011499846,false,ריקוטה פרסקה 9% 300 גר,,,ריקוטה פרסקה 9% 300,גרמים,150.00,100 גרם,false,1,19.90,13.27,true,1,
7290011501556,false,קיווי 160 גרם,,,קיווי 160 גרם,גרמים,160.00,100 גרם,false,1,14.90,9.31,true,1,
7290011501617,false,חמוציות ברכז תפוחים ללא סוכר 250 גרם,,,חמוציות תפוחים ללא ס,גרמים,250.00,100 גרם,false,1,19.90,7.96,true,1,
7290011502867,false,גרנולה אגוזים 500 גרם שקדיה,,,גרנולה אגוזים 500 גר,גרמים,500.00,100 גרם,false,1,16.50,3.30,true,1,
7290011530488,false,שייק איט 450 גר saturday מיקס פירות קפוא,,IL,שייק איט 450 גר satu,גרמים,450.00,100 גרם,false,1,33.50,7.44,true,1,
7290011530549,false,שייק איט יום ראשון,,IL,שייק איט 450 גרם,גרמים,450.00,100 גרם,false,1,33.50,7.44,true,1,
7290011587307,false,ארטישוק תחתיות,,,ארטישוק תחתיות,גרמים,400.00,100 גרם,false,1,13.10,3.28,true,1,
7290011587444,false,מוזלי קראנצ פרות 600 גר,,,מוזלי קראנצ פרות 600,מיליליטרים,600.00,"100 מ""ל",false,1,17.30,2.88,true,1,
7290011587642,false,מקרל מרוקאי חריף 125 גר,,,מקרל מרוקאי חריף 125,גרמים,125.00,100 גרם,false,1,8.70,6.96,true,1,
7290011587833,false,עגבניות מיובשות בשמן 340 גר,,,עגבניות מיובשות בשמן,גרמים,340.00,100 גרם,false,1,17.70,5.21,true,1,
7290011607180,false,"אבקת כביסה קולון 101 1.25 ק""ג",,,אבקת כביסה קולון 101,קילוגרמים,0.00,"ק""ג",false,1,16.90,16.90,true,1,
7290011644000,false,מקלות תירס ממותקים 80 גרם,,,מקלות תירס ממותקים 8,גרמים,90.00,100 גרם,false,1,5.70,6.33,true,1,
7290011728007,false,נאצוס תירס טבעי טרז פזוס 180 גרם,,IL,נאצוס תירס טבעי טרז,גרמים,180.00,100 גרם,false,1,20.80,11.56,true,1,
7290011728335,false,סלסה פלפל אדום וצ`יפוטלה 330 גרם,,IL,סלסה פלפל אדום וצ`יפ,גרמים,330.00,100 גרם,false,1,26.90,8.15,true,1,
7290011765200,false,גל לניקוי ידיים ללא מים אלוורה 300 מל,,,גל לניקוי ידיים ללא,מיליליטרים,300.00,"100 מ""ל",false,1,24.20,8.07,true,1,
7290011800840,false,טחינה בלאדי רפי כהן 400 גר,,,טחינה בלאדי רפי כהן,גרמים,400.00,100 גרם,false,1,18.90,4.73,true,1,
7290011830007,false,סוכר קנים אורגני חום 1 קג,,,סוכר קנים אורגני חום,גרמים,1000.00,100 גרם,false,1,14.20,1.42,true,1,
7290011830168,false,פירורי לחם כוסמין אורגניים 200 גר,,,פירורי לחם כוסמין או,גרמים,200.00,100 גרם,false,1,14.90,7.45,true,1,
7290011830243,false,אטריות אורג. ללא גלוטן מאורז תאילנדי 250,,,אטריות אורג. ללא גלו,גרמים,250.00,100 גרם,false,1,17.90,7.16,true,1,
7290011830250,false,אטריות אורגניות ללא גלוטן 100% כוסמת 250,,,אטריות אורגניות ללא,גרמים,100.00,100 גרם,false,1,19.90,19.90,true,1,
7290011876388,false,מאמא עוף קציצות עוף ובקר 600 גרם,,,מאמא עוף קציצות עוף,גרמים,600.00,100 גרם,false,1,40.90,6.82,true,1,
7290011877859,false,"סנו אינסטלטור פותח סתימות 200 מ""ל",,,סנו אינסטלטור פותח ס,מיליליטרים,200.00,"100 מ""ל",false,1,17.90,8.95,true,1,
7290011878351,false,תמרים מגהול 400 גרם אורגני,,,תמרים מגהול 400 גרם,גרמים,400.00,100 גרם,false,1,28.90,7.23,true,1,
7290011878375,false,תמרים דקל נור 400 גרם,,,תמרים דקל נור 400 גר,גרמים,40000.00,100 גרם,false,1,18.90,0.05,true,1,
7290011878702,false,חטיף אורגני תמר קוקוס 30 גרם נאות סמדר,,,חטיף אורגני תמר קוקו,גרמים,30.00,100 גרם,false,1,7.90,26.33,true,1,
7290011878924,false,חטיף אורגני שזיף 30 גרם נאות סמדר,,,חטיף אורגני שזיף 30,גרמים,30.00,100 גרם,false,1,7.90,26.33,true,1,
7290011878931,false,חטיף אורגני משמש 30 גרם נאות סמדר,,,חטיף אורגני משמש 30,גרמים,30.00,100 גרם,false,1,7.90,26.33,true,1,
7290011923082,false,גבינה פרוסות בסגנון מוצרלה טבעוני 200 ג,,GR,גבינה פרוסות בסגנון,גרמים,200.00,100 גרם,false,1,21.90,10.95,true,1,
7290011923273,false,טופו אורגני 300 גרם ליב,,,טופו אורגני 300 גרם,גרמים,300.00,100 גרם,false,1,13.90,4.63,true,1,
7290011923303,false,טופו טבעי ליב 300 גר,,,טופו טבעי ליב 300 גר,גרמים,300.00,100 גרם,false,1,11.90,3.97,true,1,
7290011947316,false,זיתי קלמטה  215 גרם,,,זיתי קלמטה  215 גרם,גרמים,215.00,100 גרם,false,1,14.90,6.93,true,1,
7290011947521,false,"שמן זית כתית מעולה מודגש זיתא 750 מ""ל",,IL,שמן זית כתית מעולה מ,מיליליטרים,750.00,"100 מ""ל",false,1,36.90,4.92,true,1,
7290011947781,false,מיקס זית ירוק/קלמטה ללא גלעין זיתא 190 ג,,IL,מיקס זית ירוק/קלמטה,גרמים,190.00,100 גרם,false,0,14.90,7.84,true,1,
7290011947798,false,זית קלמטה ללא גלעין זיתא 190 גר,,IL,זית קלמטה ללא גלעין,גרמים,190.00,100 גרם,false,0,14.90,7.84,true,1,
7290011947873,false,זית קלמטה בפח 440 גר,,IL,זית קלמטה בפח 440 גר,גרמים,440.00,100 גרם,false,1,21.90,4.98,true,1,
7290011947903,false,מיקס זיתים יווני 215 גר,,,מיקס זיתים יווני 215,גרמים,215.00,100 גרם,false,1,14.90,6.93,true,1,
7290012001994,false,חרדל דיזיון  350 גרם,,,חרדל דיזיון  350 גרם,גרמים,350.00,100 גרם,false,1,13.90,3.97,true,1,
7290012019265,false,"רסק תפו""ע דיאט  4 יח 113 גר",,,"רסק תפו""ע דיאט  4 יח",גרמים,113.00,100 גרם,false,1,13.90,12.30,true,1,
7290012022005,false,פריכיות חיטה 60 גרם,,,פריכיות חיטה 70 גרם,גרמים,70.00,100 גרם,false,1,12.90,18.43,true,1,
7290012022050,false,פריכיות חיטה מלאה 100 גרם,,,פריכיות חיטה מלאה,גרמים,100.00,100 גרם,false,1,13.90,13.90,true,1,
7290012022067,false,קריספיות קידס,,IL,קריספיות קידס 30 גרם,גרמים,30.00,100 גרם,false,1,10.90,36.33,true,1,
7290012040481,false,טבק לגלגול סוגריות מלברו גולד 30 גר בודד,,,טבק לגלגול סוגריות מ,יחידה,1.00,יחידה,false,1,74.90,74.90,true,1,
7290012040511,false,טבק נקסט פיין PP חפיסה,,,טבק נקסט פיין PP חפי,יחידה,1.00,יחידה,false,1,76.50,76.50,true,1,
7290012052163,false,רפאל-גרנולה אגוזים ופירות 350 גר,,,רפאל-גרנולה אגוזים ו,גרמים,350.00,100 גרם,false,1,17.90,5.11,true,1,
7290012052170,false,רפאל-גרנולה ללא סוכר 350 גר,,,רפאל-גרנולה ללא סוכר,גרמים,350.00,100 גרם,false,1,17.90,5.11,true,1,
7290012052187,false,רפאל-גרנולה חלבה תמר ושקד 350 גר,,,רפאל-גרנולה חלבה תמר,גרמים,350.00,100 גרם,false,1,17.90,5.11,true,1,
7290012052194,false,רפאל-גרנולה פירות יער וקשיו 350 גר,,,רפאל-גרנולה פירות יע,גרמים,350.00,100 גרם,false,1,17.90,5.11,true,1,
7290012052354,false,גרנולה רפאל-שוקולד ואגוזי לוז 350 גר,,,גרנולה רפאל-שוקולד ו,גרמים,350.00,100 גרם,false,1,17.90,5.11,true,1,
7290012052361,false,רפאל-מוזלי שקדים פ.יער 350 גר,,,רפאל-מוזלי שקדים פ.י,גרמים,350.00,100 גרם,false,1,17.90,5.11,true,1,
7290012116360,false,סנו פוליויקס גרניט פורצלן 2 ליטר,,,סנו פוליויקס גרניט פ,ליטרים,0.00,ליטר,false,1,23.90,23.90,true,1,
7290012117572,false,סנו סושי כפפות לטקס 100 יח M,,,סנו סושי כפפות לטקס,Unknown,0.00,Unknown,false,1,43.90,43.90,true,1,
7290012117916,false,סנו אינסטלטור נוזלי 1 ליטר,,,סנו אינסטלטור נוזלי,מיליליטרים,1000.00,"100 מ""ל",false,1,33.90,3.39,true,1,
7290012132261,false,סבון לוליס לבנדר 400 מ`ל,,,סבון לוליס לבנדר 400,Unknown,0.00,Unknown,false,1,37.00,37.00,true,1,
7290012159275,false,מיונז אמיתי 430 גרם LINA,,,מיונז אמיתי 430 גרם,גרמים,430.00,100 גרם,false,1,11.00,2.56,true,1,
7290012208591,false,סודה לשתייה ללא אלומיניום 600 גרם,,IL,סודה לשתייה ללא אלומ,גרמים,600.00,100 גרם,false,1,18.90,3.15,true,1,
7290012245183,false,ציפס קריספי קלאסי 700 גרם,,IL,ציפס קריספי קלאסי 70,גרמים,700.00,100 גרם,false,1,22.90,3.27,true,1,
7290012245312,false,"גולד ציפס אמריקאי 1.5 ק""ג",,IL,גולד ציפס אמריקאי 1.,גרמים,1500.00,100 גרם,false,1,22.90,1.53,true,1,
7290012251047,false,קבנוס כפרי 250 גרם מזרע,,,קבנוס כפרי 250 גרם,גרמים,250.00,100 גרם,false,1,18.90,7.56,true,1,
7290012251092,false,פילה סלמון מנות ללא עור 800 גרם קפוא,,NO,פילה סלמון ללא עור,גרמים,800.00,100 גרם,false,1,91.50,11.44,true,1,
7290012251108,false,סלמי טורו 170 גרם,,,סלמי טורו 170 גרם,גרמים,170.00,100 גרם,false,1,32.50,19.12,true,1,
7290012251146,false,מיני קופצקי סרוולט 280 גרם,,,מיני קופצקי סרוולט,גרמים,280.00,100 גרם,false,1,33.50,11.96,true,1,
7290012251177,false,מיני סרוולט איטלקי 400 גר,,,מיני סרוולט איטלקי,גרמים,400.00,100 גרם,false,1,49.90,12.48,true,1,
7290012251276,false,תיק בד טיב טעם,,,תיק רב פעמי ממוחזר,Unknown,0.00,Unknown,false,1,5.90,5.90,true,1,
7290012251320,false,גיוזה בקר 320 גר קפוא מזרע,,,גיוזה בקר 320 גר,גרמים,320.00,100 גרם,false,1,36.90,11.53,true,1,
7290012251351,false,דים סאם אורז פטריות 360 גר קפוא,,,דים סאם אורז פטריות,גרמים,360.00,100 גרם,false,1,44.90,12.47,true,1,
7290012251412,false,"קרפלך עוף מזרע 1 ק""ג",,,"קרפלך עוף מזרע 1 ק""ג",גרמים,1000.00,100 גרם,false,1,38.50,3.85,true,1,
7290012251474,false,שרימפס מקולף 500 גר קפוא XL,,,שרימפס מקולף 500 גר,גרמים,500.00,100 גרם,false,1,51.50,10.30,true,1,
7290012251481,false,שרימפס מקולף 500 גר קפוא L,,,שרימפס מקולף 500 גר,גרמים,500.00,100 גרם,false,1,52.50,10.50,true,1,
7290012251498,false,שרימפס מקולף 500 גר קפוא M,,,שרימפס מקולף 500 גר,גרמים,500.00,100 גרם,false,1,52.50,10.50,true,1,
7290012251528,false,נקניקיות בוואריה עם גבינה 700 גר מזרע,,,נקניקיות בוואריה,גרמים,700.00,100 גרם,false,1,67.90,9.70,true,1,
7290012251535,false,שרימפס מבושל 750 גר קפוא,,,שרימפס מבושל קפוא,גרמים,750.00,100 גרם,false,1,61.90,8.25,true,1,
7290012251542,false,"שרימפס לא מקולף גדול 1 ק""ג קפוא 26/30",,,שרימפס לא מקולף גדול,קילוגרמים,0.00,"ק""ג",false,1,110.50,110.50,true,1,
7290012251672,false,חמאה צרפתית 200 גר,,,חמאה צרפתית 200 גר,גרמים,200.00,100 גרם,false,1,7.80,3.90,true,1,
7290012251993,false,ממרח חמאה פטריות כמהין Farmers cheese,,IL,ממרח חמאה פטריות כמה,גרמים,150.00,100 גרם,false,1,13.90,9.27,true,1,
7290012252891,false,נקניקיות אוסטריות מצוננות 600 גרם,,IL,נקניקיות אוסטריות מצ,גרמים,600.00,100 גרם,false,1,32.90,5.48,true,1,
7290012252914,false,נקניקיות בלקניות מצוננות 600 גרם,,IL,נקניקיות בלקניות מצו,גרמים,600.00,100 גרם,false,1,25.90,4.32,true,1,
7290012306532,false,פריכיות כוסמת עם מלח 150 גרם,,,פריכיות כוסמת עם מלח,גרמים,150.00,100 גרם,false,1,12.90,8.60,true,1,
7290012413612,false,תה ירוק חמוציות 25 שקיקים ויסוצקי,,,תה ירוק חמוציות 25 ש,Unknown,0.00,Unknown,false,1,26.90,26.90,true,1,
7290012459788,false,קפה שחור שלישייה 75 גרם *3,,,קפה שחור שלישייה 75,גרמים,225.00,100 גרם,false,1,11.60,5.16,true,1,
7290012525049,false,קרחון אבטיח 108 גר,,IL,קרחון אבטיח 108 גר,גרמים,108.00,100 גרם,false,1,6.90,6.39,true,1,
7290012642845,false,פלפל אדום בחומץ 520 גר,,,פלפל אדום בחומץ 520,גרמים,520.00,100 גרם,false,1,17.40,3.35,true,1,
7290012645112,false,יוגורט עיזים בדלי 750 מל,,,יוגורט עיזים בדלי 75,מיליליטרים,750.00,"100 מ""ל",false,1,21.90,2.92,true,1,
7290012645129,false,יוגורט כבשים  בדלי 750 מל,,,יוגורט כבשים  בדלי 7,מיליליטרים,750.00,"100 מ""ל",false,1,21.90,2.92,true,1,
7290012759529,false,טראפלס טחינה ושקדים,,IL,טראפלס טחינה ושקדים,גרמים,280.00,100 גרם,false,1,35.50,12.68,true,1,
7290012823398,false,מט.לחות לריצפה בניחוח מרכך כביסה רצפז 10,,,מט.לחות לריצפה בניחו,Unknown,0.00,Unknown,false,1,14.90,14.90,true,1,
7290012823787,false,"סנו רסס ונגב שקית מילוי 750 מ""ל",,,סנו רסס ונגב שקית מי,מיליליטרים,750.00,"100 מ""ל",false,1,12.20,1.63,true,1,
7290012823947,false,"מרכך כביסה מקסימה פרפיום 750 מ""ל CRYSTAL",,,מרכך כביסה מקסימה פר,מיליליטרים,750.00,"100 מ""ל",false,1,20.90,2.79,true,1,
7290012864001,false,נבטי חמניה,,,נבטי חמניה,Unknown,0.00,Unknown,false,1,14.90,14.90,true,1,
7290012864025,false,נבטי אלפלפא,,,נבטי אלפלפא,Unknown,0.00,Unknown,false,1,9.90,9.90,true,1,
7290012864032,false,נבטוטים,,,נבטוטים,Unknown,0.00,Unknown,false,1,11.90,11.90,true,1,
7290012884986,false,ציפס לתנור עד 4% שומן 1.5 קג,,,ציפס לתנור עד 4% שומ,קילוגרמים,0.00,"ק""ג",false,1,29.90,29.90,true,1,
7290012901355,false,פולד מקרוני & ציז 206 גרם,,,פולד מקרוני & ציז 20,גרמים,206.00,100 גרם,false,1,12.90,6.26,true,1,
7290012901959,false,אטריות עם גבינה מסולסלים 156 גרם,,US,אטריות עם גבינה מסול,גרמים,156.00,100 גרם,false,1,13.50,8.65,true,1,
7290012921025,false,"בירה מלכה בהירה 330 מ""ל",,,בירה מלכה בהירה 330,מיליליטרים,330.00,"100 מ""ל",false,1,16.90,5.12,true,1,
7290012921032,false,"בירה מלכה אדמונית 330 מ""ל",,,בירה מלכה אדמונית 33,מיליליטרים,330.00,"100 מ""ל",false,1,16.90,5.12,true,1,
7290012921063,false,"בירה מלכה הינדי 330 מ""ל",,,בירה מלכה הינדי 330,מיליליטרים,330.00,"100 מ""ל",false,1,16.90,5.12,true,1,
7290012936890,false,תבלינים קצח בצנצנות זכוכית 50 גרם,,,תבלינים קצח בצנצנות,Unknown,0.00,Unknown,false,1,12.90,12.90,true,1,
7290012936913,false,תבלינים סומק בצנצנת 40 גרם,,,תבלינים סומק בצנצנת,Unknown,0.00,Unknown,false,1,12.90,12.90,true,1,
7290012936937,false,תבלינים בהרט בצנצנת 40 גרם,,,תבלינים בהרט בצנצנת,Unknown,0.00,Unknown,false,1,12.90,12.90,true,1,
7290012936944,false,תבלינים אגוז מוסקט טחון 40 גרם,,,תבלינים אגוז מוסקט ט,Unknown,0.00,Unknown,false,1,16.40,16.40,true,1,
7290012958014,false,ביצי דגים 113 גר זכוכית,,,ביצי דגים 113 גר זכו,גרמים,113.00,100 גרם,false,1,57.90,51.24,true,1,
7290012958052,false,ביצי דגים 250 גר בזכוכית,,,ביצי דגים 250 גר בזכ,גרמים,250.00,100 גרם,false,1,146.90,58.76,true,1,
7290012996610,false,טבליית הפלא לאסלה הפי 16 יח,,,טבליית הפלא לאסלה הפ,Unknown,0.00,Unknown,false,1,15.90,15.90,true,1,
7290013117212,false,בורקס פילו במילוי גבינה מעדנות 600 גר,,,בורקס פילו במילוי גב,גרמים,600.00,100 גרם,false,1,23.90,3.98,true,1,
7290013117243,false,בורקס פילו בולגרית 600 גר,,,בורקס פילו בולגרית 6,גרמים,600.00,100 גרם,false,1,23.90,3.98,true,1,
7290013144171,false,תערובת עוגת שוקולד 560 גר,,,תערובת עוגת שוקולד 5,גרמים,560.00,100 גרם,false,1,19.90,3.55,true,1,
7290013144201,false,תערובת פנקייק 400 גר,,,תערובת פנקייק 400 גר,גרמים,400.00,100 גרם,false,1,18.40,4.60,true,1,
7290013144232,false,פודינג וניל 85 גר,,,פודינג וניל 85 גר,גרמים,85.00,100 גרם,false,1,6.60,7.76,true,1,
7290013144393,false,"תמצית וניל 50 מ""ל",,,"תמצית וניל 50 מ""ל",מיליליטרים,50.00,"100 מ""ל",false,1,5.50,11.00,true,1,
7290013144416,false,"תמצית שקדים 50 מ""ל",,,"תמצית שקדים 50 מ""ל",מיליליטרים,50.00,"100 מ""ל",false,1,5.50,11.00,true,1,
7290013144515,false,"צבע מאכל צהוב 50 מ""ל",,,"צבע מאכל צהוב 50 מ""ל",מיליליטרים,50.00,"100 מ""ל",false,1,5.30,10.60,true,1,
7290013144539,false,"צבע מאכל אדום 50 מ""ל",,,"צבע מאכל אדום 50 מ""ל",מיליליטרים,50.00,"100 מ""ל",false,1,5.30,10.60,true,1,
7290013145017,false,אגוז מלך קלוף 100 גר,,,אגוז מלך קלוף 100 גר,גרמים,100.00,100 גרם,false,1,16.10,16.10,true,1,
7290013145093,false,שקד מולבן גרוס 100 גר,,,שקד מולבן גרוס 100 ג,גרמים,100.00,100 גרם,false,1,16.90,16.90,true,1,
7290013145109,false,שקד מולבן טחון 100 גר,,,שקד מולבן טחון 100 ג,גרמים,100.00,100 גרם,false,1,16.90,16.90,true,1,
7290013145116,false,שקד מולבן מקלות 100 גר,,,שקד מולבן מקלות 100,גרמים,100.00,100 גרם,false,1,16.90,16.90,true,1,
7290013145123,false,שקד מולבן פרוס 100 גר,,,שקד מולבן פרוס 100 ג,גרמים,100.00,100 גרם,false,1,16.90,16.90,true,1,
7290013145130,false,שקד מולבן חצוי 100 גר,,,שקד מולבן חצוי 100 ג,גרמים,100.00,100 גרם,false,1,16.90,16.90,true,1,
7290013145178,false,קוקוס טחון לבן 100 גר,,,קוקוס טחון לבן 100 ג,גרמים,100.00,100 גרם,false,1,5.90,5.90,true,1,
7290013145390,false,שוקולד ציפס 250 גר,,,שוקולד ציפס 250 גר,גרמים,250.00,100 גרם,false,1,11.30,4.52,true,1,
7290013145406,false,שוקולד ציפס לבן 250 גר,,,שוקולד ציפס לבן 250,גרמים,250.00,100 גרם,false,1,10.90,4.36,true,1,
7290013145437,false,שוקולד ציפס 48% 250 גרם,,,שוקולד ציפס 48% 250,גרמים,250.00,100 גרם,false,1,16.50,6.60,true,1,
7290013145451,false,קקאו 150 גר,,,קקאו 150 גר,גרמים,150.00,100 גרם,false,1,11.00,7.33,true,1,
7290013145529,false,סוכריות צבעוניות לקישוט 90 גר,,,סוכריות צבעוניות לקי,גרמים,90.00,100 גרם,false,1,7.10,7.89,true,1,
7290013145567,false,מיני מיני עדשים 90 גר,,,מיני מיני עדשים 90 ג,גרמים,90.00,100 גרם,false,1,14.00,15.56,true,1,
7290013145628,false,סוכריות צבעוניות 200 גרם,,,סוכריות צבעוניות 200,גרמים,200.00,100 גרם,false,1,10.50,5.25,true,1,
7290013145840,false,סוכר וניל 10 יח בצלופן,,,סוכר וניל 10 יח בצלו,Unknown,0.00,Unknown,false,1,2.70,2.70,true,1,
7290013145857,false,אבקת אפיה 10 יח בצלופן,,,אבקת אפיה 10 יח בצלו,Unknown,0.00,Unknown,false,1,2.70,2.70,true,1,
7290013145918,false,אבקת סוכר 100 גר,,,אבקת סוכר 100 גר,גרמים,100.00,100 גרם,false,1,2.00,2.00,true,1,
7290013145956,false,שמרים יבשים בואקום 500 גרם,,,שמרים יבשים בואקום 5,גרמים,500.00,100 גרם,false,1,15.90,3.18,true,1,
7290013145963,false,שמרים יבשים בואקום 125 גרם,,,שמרים יבשים בואקום 1,גרמים,125.00,100 גרם,false,1,6.60,5.28,true,1,
7290013145970,false,קורנפלור 200 גרם,,,קורנפלור 200 גרם,גרמים,200.00,100 גרם,false,1,4.20,2.10,true,1,
7290013146304,false,קורנפלור 500 גרם,,,קורנפלור 500 גרם,גרמים,500.00,100 גרם,false,1,6.50,1.30,true,1,
7290013146663,false,אטריות צבעוניות לקישוט 55 גרם,,,אטריות צבעוניות לקיש,גרמים,55.00,100 גרם,false,1,12.90,23.45,true,1,
7290013146809,false,בישקוטים 200 גרם,,,בישקוטים 200 גרם,גרמים,200.00,100 גרם,false,1,20.90,10.45,true,1,
7290013187482,false,"אוזו פלומארי 700 מ""ל במארז כוס גבוה",,,"אוזו פלומארי 700 מ""ל",מיליליטרים,700.00,"100 מ""ל",false,1,87.90,12.56,true,1,
7290013187765,false,ברוקולי טבעפרוסט 800 גר,,,ברוקולי טבעפרוסט 800,גרמים,800.00,100 גרם,false,1,19.90,2.49,true,1,
7290013187772,false,אפונה ירוקה עדינה טבעפרוסט 800 גר,,,אפונה ירוקה עדינה טב,גרמים,800.00,100 גרם,false,1,19.90,2.49,true,1,
7290013187789,false,אפונה ירוקה טבעפרוסט 800 גר,,,אפונה ירוקה טבעפרוסט,גרמים,800.00,100 גרם,false,1,16.70,2.09,true,1,
7290013187796,false,שעועית ירוקה שלמה טבעפרוסט 800 גר,,,שעועית ירוקה שלמה טב,גרמים,800.00,100 גרם,false,1,16.90,2.11,true,1,
7290013187802,false,שעועית ירוקה עדינה טבעפרוסט 800 גר,,,שעועית ירוקה עדינה ט,גרמים,800.00,100 גרם,false,1,16.90,2.11,true,1,
7290013187819,false,שעועית ירוקה חתוכה טבעפרוסט 800 גר,,,שעועית ירוקה חתוכה ט,גרמים,800.00,100 גרם,false,1,16.90,2.11,true,1,
7290013187826,false,כרוב ניצנים טבעפרוסט 800 גר,,,כרוב ניצנים טבעפרוסט,גרמים,800.00,100 גרם,false,1,16.90,2.11,true,1,
7290013187833,false,כרובית טבעפרוסט 800 גר,,,כרובית טבעפרוסט 800,גרמים,800.00,100 גרם,false,1,16.90,2.11,true,1,
7290013187840,false,גזר גמדי טבעפרוסט 800 גר,,,גזר גמדי טבעפרוסט 80,גרמים,800.00,100 גרם,false,1,16.90,2.11,true,1,
7290013187857,false,תרד טבעפרוסט 800 גר,,,תרד טבעפרוסט 800 גר,גרמים,800.00,100 גרם,false,1,16.90,2.11,true,1,
7290013187871,false,סרוולט אוסטרי 170 גר,,,סרוולט אוסטרי 170 גר,גרמים,170.00,100 גרם,false,1,35.90,21.12,true,1,
7290013187949,false,סרוולט איטלקי 170 גר,,,סרוולט איטלקי 170 גר,גרמים,170.00,100 גרם,false,1,24.90,14.65,true,1,
7290013215017,false,פיטריות דואט,,,פיטריות דואט,Unknown,0.00,Unknown,false,1,17.90,17.90,true,1,
7290013215024,false,מגה פורטבלה,,,מגה פורטבלה,Unknown,0.00,Unknown,false,1,18.90,18.90,true,1,
7290013253149,false,"המבורגר 1 ק""ג אבי נחום",,IL,"המבורגר 1 ק""ג אבי נח",גרמים,100.00,100 גרם,false,1,73.50,73.50,true,1,
7290013268297,false,מברשת שיניים אורביטול לילדים 0-2,,IL,מברשת שיניים אורביטו,Unknown,0.00,Unknown,false,1,12.90,12.90,true,1,
7290013269096,false,סנו מטליות לטיפול בעור,,,סנו מטליות לטיפול בע,Unknown,0.00,Unknown,false,1,17.90,17.90,true,1,
7290013269751,false,מט.לחות לרצפה סנו ריצפז פרש מלו בוטיק 10,,IL,מט.לחות לרצפה סנו רי,Unknown,0.00,Unknown,false,1,14.90,14.90,true,1,
7290013269850,false,סנו סושי נייר אפיה אקולוגי,,,סנו סושי נייר אפיה א,Unknown,0.00,Unknown,false,1,18.80,18.80,true,1,
7290013276124,false,"בירה נגב אמבר אייל 330 מ""ל",,,בירה נגב אמבר אייל 3,מיליליטרים,330.00,"100 מ""ל",false,1,16.90,5.12,true,1,
7290013276131,false,"בירה נגב פורטר אלון 330 מ""ל",,,בירה נגב פורטר אלון,מיליליטרים,330.00,"100 מ""ל",false,1,16.90,5.12,true,1,
7290013284310,false,רוטב פסטה לילדים 240 גרם פריניר,,,רוטב פסטה לילדים 240,גרמים,240.00,100 גרם,false,1,5.90,2.46,true,1,
7290013329363,false,סוכר קוקוס אורגני כרם - 500 גר,,,סוכר קוקוס אורגני כר,גרמים,500.00,100 גרם,false,1,25.90,5.18,true,1,
7290013329653,false,"סוכר קנים אורגני 1 ק""ג כרם",,,סוכר קנים אורגני 1 ק,גרמים,1000.00,100 גרם,false,1,10.90,1.09,true,1,
7290013358356,false,מאסטר שף פירורי לחם מוזהבים 320 גרם,,,מאסטר שף פירורי לחם,גרמים,320.00,100 גרם,false,1,8.30,2.59,true,1,
7290013358363,false,פירורי לחם פנקו 300 גרם מנה,,,פירורי לחם פנקו 300,גרמים,300.00,100 גרם,false,1,13.90,4.63,true,1,
7290013358370,false,פירורי לחם פנקו מוזהבים שום  300 גרם מנה,,,פירורי לחם פנקו מוזה,גרמים,300.00,100 גרם,false,1,13.90,4.63,true,1,
7290013358417,false,מנה אסייאתי רוטב טריאקי 300 מל מאסטר שף,,,מנה אסייאתי רוטב טרי,מיליליטרים,300.00,"100 מ""ל",false,1,13.90,4.63,true,1,
7290013358462,false,מנה קרוטונים למרק שום בצל פטרוזיליה 350ג,,,מנה קרוטונים למרק שו,גרמים,350.00,100 גרם,false,1,17.90,5.11,true,1,
7290013358486,false,מאסטר שף פירורי לחם ללא צורך בביצה 300 ג,,,מאסטר שף פירורי לחם,גרמים,300.00,100 גרם,false,1,10.90,3.63,true,1,
7290013358493,false,מנה אסייאתי קרם קוקוס פחית 400 מל מ.שף,,,מנה אסייאתי קרם קוקו,מיליליטרים,400.00,"100 מ""ל",false,1,10.90,2.73,true,1,
7290013358523,false,מאסטר שף שבבי בצל מטוגן 150 גרם,,,מאסטר שף שבבי בצל מט,גרמים,150.00,100 גרם,false,1,16.10,10.73,true,1,
7290013358547,false,"רוטב צילי חריף  700 מ""ל מ.שף",,,רוטב צילי חריף  700,מיליליטרים,700.00,"100 מ""ל",false,1,15.90,2.27,true,1,
7290013358578,false,מנה אסייאתי אטריות אורז רחבות 400 ג מ.שף,,,מנה אסייאתי אטריות א,גרמים,400.00,100 גרם,false,1,10.90,2.73,true,1,
7290013366108,false,אספרגוס,,,אספרגוס,Unknown,0.00,Unknown,false,1,29.90,29.90,true,1,
7290013366634,false,חסה ראשים 200 גר,,,חסה ראשים 200 גר,גרמים,200.00,100 גרם,false,1,11.90,5.95,true,1,
7290013366658,false,חסה סנלובה 200 גר,,,חסה סנלובה 200 גר,גרמים,200.00,100 גרם,false,1,14.90,7.45,true,1,
7290013389138,false,ניוקי שלושה צבעים 500 גרם,,,ניוקי שלושה צבעים 50,גרמים,500.00,100 גרם,false,1,13.50,2.70,true,1,
7290013430090,false,"בירה אלכסנדר אמברה 330 מ""ל",,,בירה אלכסנדר אמברה 3,מיליליטרים,330.00,"100 מ""ל",false,1,14.90,4.52,true,1,
7290013430250,false,"בירה אלכסנדר חיטה ישראלית 330 מ""ל",,,בירה אלכסנדר חיטה יש,מיליליטרים,330.00,"100 מ""ל",false,1,14.90,4.52,true,1,
7290013430403,false,"בירה אלכסנדר בלייז 330 מ""ל",,,בירה אלכסנדר בלייז 3,מיליליטרים,330.00,"100 מ""ל",false,1,14.90,4.52,true,1,
7290013472199,false,ערמונים קלופים וקלויים 105 גרם,,,ערמונים קלופים וקלוי,גרמים,105.00,100 גרם,false,1,7.90,7.52,true,1,
7290013492005,false,תפוחוני אדמה למיקרוגל,,,תפוחוני אדמה למיקרו,גרמים,700.00,100 גרם,false,1,9.90,1.41,true,1,
7290013493002,false,בירה בזלת פילזנר 750 מל,,,בירה בזלת פילזנר 750,מיליליטרים,750.00,"100 מ""ל",false,1,29.90,3.99,true,1,
7290013521224,false,"ספגטי כוסמת לל""ג אורגני 250 גרם",,,"ספגטי כוסמת לל""ג אור",גרמים,250.00,100 גרם,false,1,14.90,5.96,true,1,
7290013521842,false,ציפס תפוח אדמה אפוי 65 גרם,,SK,ציפס תפוח אדמה אפוי,גרמים,65.00,100 גרם,false,1,12.90,19.85,true,1,
7290013521873,false,סוכר קוקוס אורגני 300 גרם,,,סוכר קוקוס אורגני,גרמים,300.00,100 גרם,false,1,16.90,5.63,true,1,
7290013531117,false,רוטב לפסטה קידס 260 גר יכין,,,רוטב לפסטה קידס 260,מיליליטרים,260.00,"100 מ""ל",false,1,6.90,2.65,true,1,
7290013531759,false,שעועית לבנה במים 550 גרם,,,שעועית לבנה במים 550,גרמים,550.00,100 גרם,false,1,10.90,1.98,true,1,
7290013542144,false,כוס נייר 4OZ  לאספרס,,CN,כוס נייר 4OZ  לאספרס,Unknown,1.00,Unknown,false,1,6.50,6.50,true,1,
7290013542458,false,קיסמי שיניים מלחיה 3,,CN,קיסמי שיניים מלחיה 3,Unknown,0.00,Unknown,false,1,1.90,1.90,true,1,
7290013542571,false,תבניות אלומיניום 764,,CN,תבניות אלומיניום 764,Unknown,1.00,Unknown,false,1,10.00,10.00,true,1,
7290013542649,false,קוקוטים (מאפינס)  50,,CN,קוקוטים (מאפינס)  50,Unknown,1.00,Unknown,false,1,9.50,9.50,true,1,
7290013542847,false,כוס בירה 500 מל ארוז,,TR,כוס בירה 500 מל ארוז,Unknown,1.00,Unknown,false,1,21.90,21.90,true,1,
7290013558855,false,לבבות קיסר,,,לבבות קיסר,Unknown,0.00,Unknown,false,1,10.90,10.90,true,1,
7290013581648,false,מינוט סטייק 250 גרם,,IL,מינוט סטייק 250 גרם,Unknown,0.00,Unknown,false,1,26.10,26.10,true,1,
7290013585233,false,"ספרייט ZERO פחית סליק 330 מ""ל",,,ספרייט ZERO פחית סלי,מיליליטרים,330.00,"100 מ""ל",false,1,5.90,1.79,true,1,
7290013608260,false,מיץ רימונים 100% סחוט טרי פרימור 1 ל,,,מיץ רימונים 100% סחו,מיליליטרים,1000.00,"100 מ""ל",false,1,26.90,2.69,true,1,
7290013608864,false,משקה פירות הדר בתוספת ויטמין C 1 ל,,,משקה פירות הדר בתוספ,מיליליטרים,1000.00,"100 מ""ל",false,1,17.90,1.79,true,1,
7290013675828,false,חגיגה אסייתית להקפצה 450 גר,,IL,חגיגה אסייתית להקפצה,גרמים,450.00,100 גרם,false,1,26.50,5.89,true,1,
7290013675835,false,חגיגה אסייתית להקפצה 450 גר,,IL,ירוק גלילי להקפצה,גרמים,450.00,100 גרם,false,1,26.50,5.89,true,1,
7290013720436,false,קרפלך בטעם ביתי קפוא 600 גר,,,קרפלך בטעם ביתי קפוא,גרמים,600.00,100 גרם,false,1,21.90,3.65,true,1,
7290013720498,false,פיין שרימפס מבושל 750 גר M,,,פיין שרימפס מבושל,גרמים,750.00,100 גרם,false,1,63.90,8.52,true,1,
7290013720818,false,קלמרי 1 קג קפוא,,,קלמרי 1 קג קפוא,קילוגרמים,0.00,"ק""ג",false,1,92.90,92.90,true,1,
7290013720924,false,ממרח פטה אווז 140 גר,,,ממרח פטה אווז 140 גר,גרמים,140.00,100 גרם,false,1,14.90,10.64,true,1,
7290013724946,false,שקדים בשוקולד מריר 140 גר שקדיה,,,שקדים בשוקולד מריר 1,גרמים,140.00,100 גרם,false,1,14.20,10.14,true,1,
7290013724977,false,צימוקים בשוקולד מריר 140 גר שקדיה,,,צימוקים בשוקולד מריר,גרמים,140.00,100 גרם,false,1,14.20,10.14,true,1,
7290013764027,false,סיידר תפוחים יבש 330 מל,,,סיידר תפוחים יבש 330,מיליליטרים,330.00,"100 מ""ל",false,1,14.90,4.52,true,1,
7290013764041,false,סיידר תפוחים מתוק 330 מל,,,סיידר תפוחים מתוק 33,מיליליטרים,330.00,"100 מ""ל",false,1,14.90,4.52,true,1,
7290013764140,false,שיכר לימונדה חמוציות 330 מל,,,שיכר לימונדה חמוציות,מיליליטרים,330.00,"100 מ""ל",false,1,14.90,4.52,true,1,
7290013787392,false,רביולי גבינות 330 גרם,,,רביולי גבינות 330 גר,גרמים,330.00,100 גרם,false,1,28.20,8.55,true,1,
7290013787415,false,רביולי ריקוטה תרד 330 גרם,,,רביולי ריקוטה תרד 33,גרמים,330.00,100 גרם,false,1,28.20,8.55,true,1,
7290013816917,false,שוקולד מריר אורגני קמינו ורדה הולי 100%,,IL,שוקולד מריר אורגני ק,גרמים,100.00,100 גרם,false,1,21.90,21.90,true,1,
7290013847119,false,סטארקיסט טונה בשמן קנולה 4*160 גר,,VN,טונה סטארקיסט בשמן ק,גרמים,640.00,100 גרם,false,1,25.90,4.05,true,1,
7290013847386,false,ס.ק לייט טונה 4% שומן בטעם טבעי 140 גרם,,,ס.ק לייט טונה 4% שומ,גרמים,140.00,100 גרם,false,1,8.90,6.36,true,1,
7290013847454,false,טונה סטארקיסט שמן קנולה רביעיות 4*160 גר,,,טונה סטארקיסט שמן קנ,גרמים,640.00,100 גרם,false,1,25.90,4.05,true,1,
7290013847553,false,סטארקיסט טונה רביעייה דלת נתרן מים 4*160,,,סטארקיסט טונה 4*160,גרמים,640.00,100 גרם,false,1,25.90,4.05,true,1,
7290013847812,false,טונה ילופין בשמן זית כתית מעולה 140 גרם,,,טונה ילופין בשמן זית,גרמים,140.00,100 גרם,false,1,11.40,8.14,true,1,
7290013847867,false,מארז זוגות טונה בשמן סויה 2* 140 גר,,,טונה סטארקיסט בשמן ס,גרמים,280.00,100 גרם,false,1,13.90,4.96,true,1,
7290013861412,false,המתוקים של ששון קוקוס 250 גרם,,,המתוקים של ששון קוקו,גרמים,250.00,100 גרם,false,1,14.00,5.60,true,1,
7290013861443,false,המתוקים של ששון בוטנים 250 גרם,,,המתוקים של ששון בוטנ,גרמים,250.00,100 גרם,false,1,14.00,5.60,true,1,
7290013861566,false,אורז לסושי 1 קג,,,"אורז לסושי 1 ק""ג",גרמים,1000.00,100 גרם,false,1,13.50,1.35,true,1,
7290013903044,false,רסק תפוחי עץ אורגני 452 גרם,,,רסק תפוחי עץ אורגני,גרמים,452.00,100 גרם,false,1,17.90,3.96,true,1,
7290013903266,false,תערובת פירות יער אורגני מוקפא 300 גר,,RS,תערובת פירות יער אור,גרמים,300.00,100 גרם,false,1,26.50,8.83,true,1,
7290013903273,false,אדממה אורגני קפוא 400 גר,,CN,אדממה אורגני קפוא 40,גרמים,400.00,100 גרם,false,1,13.20,3.30,true,1,
7290013903310,false,טופו אורגני 2 יח 500 גר,,IL,טופו אורגני 2 יח 500,גרמים,500.00,100 גרם,false,1,20.90,4.18,true,1,
7290013903327,false,טופו טבעי 2 יח 500 גר,,IL,טופו טבעי 2 יח 500 ג,גרמים,500.00,100 גרם,false,1,18.80,3.76,true,1,
7290013903815,false,קציצות בטטה טבעוני 400 גרם,,IL,קציצות בטטה טבעוני 4,גרמים,400.00,100 גרם,false,1,27.20,6.80,true,1,
7290013906052,false,נקניקיות פרגיות 300 גרםטירת צבי,,,נקניקיות פרגיות,גרמים,300.00,100 גרם,false,1,14.90,4.97,true,1,
7290013906441,false,קבנוס טירת צבי 120 גר,,,קבנוס טירת צבי 120 ג,גרמים,120.00,100 גרם,false,1,12.90,10.75,true,1,
7290013906489,false,חטיפי קבנוס טירת צבי 120 גר,,,חטיפי קבנוס טירת צבי,גרמים,120.00,100 גרם,false,1,12.90,10.75,true,1,
7290013906496,false,פסטרמה עגל בסגנון רומני טירת צבי 120 גר,,,פסטרמה עגל בסגנון רו,גרמים,120.00,100 גרם,false,1,19.90,16.58,true,1,
7290013906519,false,פרושוטו בקר טירת צבי 100 גר,,,פרושוטו בקר טירת צבי,גרמים,100.00,100 גרם,false,1,34.90,34.90,true,1,
7290013994028,false,אורז חום מלא עגול  אורגני 500 גר הרדוף,,,אורז חום מלא עגול  א,גרמים,500.00,100 גרם,false,1,10.90,2.18,true,1,
7290013994042,false,זרעי פשתן אורגני 300 גר,,,זרעי פשתן אורגני 300,גרמים,300.00,100 גרם,false,1,9.90,3.30,true,1,
7290013994219,false,עדשים חומות אורגניות 500 גר הרדוף,,,עדשים חומות אורגניות,גרמים,500.00,100 גרם,false,1,11.90,2.38,true,1,
7290013994585,false,גרעיני דלעת קלופים אורגנים 300 גר הרדוף,,,גרעיני דלעת קלופים א,גרמים,300.00,100 גרם,false,1,18.90,6.30,true,1,
7290013994684,false,אפונה ירוקה חצויה אורגנית 500 גר,,,אפונה ירוקה חצויה או,גרמים,500.00,100 גרם,false,1,11.90,2.38,true,1,
7290013994929,false,קוסקוס מלא אורגני 350 גרם,,,קוסקוס מלא אורגני 35,גרמים,350.00,100 גרם,false,1,9.90,2.83,true,1,
7290014002197,false,חליטת קמומיל ולימונית 25 שק הגן הקסום,,,חליטת קמומיל ולימוני,Unknown,0.00,Unknown,false,1,19.90,19.90,true,1,
7290014002203,false,חליטת קמומיל ולואיזה 25 שק הגן הקסום,,,חליטת קמומיל ולואיזה,Unknown,0.00,Unknown,false,1,19.90,19.90,true,1,
7290014002579,false,תה ירוק וניל 25 שקיקים 1.5,,,תה ירוק וניל 25 שקיק,Unknown,0.00,Unknown,false,1,26.90,26.90,true,1,
7290014002944,false,גן קסום חליטת םירות וצמחים חמדת שקד 25 ש,,,גן קסום חליטת םירות,Unknown,0.00,Unknown,false,1,19.90,19.90,true,1,
7290014056008,false,"בירה שפירא פייל אייל 330 מ""ל",,IL,בירה שפירא פייל אייל,מיליליטרים,330.00,"100 מ""ל",false,1,16.90,5.12,true,1,
7290014056039,false,"בירה שפירא חיטה 330 מ""ל",,IL,בירה שפירא חיטה 330,מיליליטרים,330.00,"100 מ""ל",false,1,16.90,5.12,true,1,
7290014056053,false,"בירה שפירא אי פי אי 330 מ""ל",,IL,בירה שפירא אי פי אי,מיליליטרים,330.00,"100 מ""ל",false,1,16.90,5.12,true,1,
7290014066366,false,לנדוור קפסולות אספרסו ריסטרטו 10 יח,,,לנדוור קפסולות אספרס,Unknown,0.00,Unknown,false,1,17.90,17.90,true,1,
7290014066380,false,לנדוור קפסולות אספרסו סופרימו 10 יח,,,לנדוור קפסולות אספרס,Unknown,0.00,Unknown,false,1,17.90,17.90,true,1,
7290014066441,false,לנדוור קפסולות אספרסו נטול קפאין 10 יח,,,לנדוור קפסולות אספרס,Unknown,0.00,Unknown,false,1,17.90,17.90,true,1,
7290014066526,false,לנדוור קפסולות אספרסו תערובת הבית 10 יח,,,לנדוור קפסולות אספרס,Unknown,0.00,Unknown,false,1,17.90,17.90,true,1,
7290014079014,false,לבבות קיסר,,,לבבות קיסר,Unknown,0.00,Unknown,false,1,11.90,11.90,true,1,
7290014079236,false,פטריות פורטבלו,,,פטריות פורטבלו,Unknown,0.00,Unknown,false,1,11.90,11.90,true,1,
7290014083806,false,עוגיות בטעם חמאה 350 גרם בפח,,,עוגיות בטעם חמאה 350,גרמים,350.00,100 גרם,false,1,15.50,4.43,true,1,
7290014094338,false,דלעת מקולפת 250 גר,,,דלעת מקולפת 250 גר,גרמים,250.00,100 גרם,false,1,25.50,10.20,true,1,
7290014094383,false,משמש 330 גר,,,משמש 330 גר,גרמים,330.00,100 גרם,false,1,28.90,8.76,true,1,
7290014094390,false,חמוציות 330 גר,,,חמוציות 330 גר,גרמים,330.00,100 גרם,false,1,17.10,5.18,true,1,
7290014094628,false,פקאן טבעי 200 גר,,,פקאן טבעי 200 גר,גרמים,200.00,100 גרם,false,1,32.50,16.25,true,1,
7290014094642,false,קשיו טבעי גדול  250 גר,,,קשיו טבעי גדול 250 ג,גרמים,250.00,100 גרם,false,1,30.90,12.36,true,1,
7290014094659,false,בונדוק טבעי 250 גר,,,בונדוק טבעי 250 גר,גרמים,250.00,100 גרם,false,1,33.50,13.40,true,1,
7290014094864,false,פיסטוק קלוי 170 גר עם קליפה ששון הקולה,,,פיסטוק קלוי 170 גר,גרמים,170.00,100 גרם,false,1,19.90,11.71,true,1,
7290014094895,false,אגוזים מלך קלופים 150 גרם ששון הקולה,,,אגוזים מלך קלופים 15,גרמים,150.00,100 גרם,false,1,13.90,9.27,true,1,
7290014094901,false,פקאן טבעי 150 גרם ששון הקולה,,,פקאן טבעי 150 גרם שש,גרמים,150.00,100 גרם,false,1,24.50,16.33,true,1,
7290014095861,false,שיבולת שועל דקה 500 גרם קוואקר,,,שיבולת שועל דקה 500,גרמים,500.00,100 גרם,false,1,7.90,1.58,true,1,
7290014265974,false,יין יתיר רוזה 2019 750 מל,,,יין יתיר רוזה 2019 7,Unknown,0.00,Unknown,false,1,109.60,109.60,true,1,
7290014318090,false,מיני ניוקי ללא גלוטן 500 גרם,,,מיני ניוקי ללא גלוטן,גרמים,500.00,100 גרם,false,1,22.90,4.58,true,1,
7290014318663,false,"חומץ תפוחים אורגני 750 מ""ל",,,חומץ תפוחים אורגני,מיליליטרים,750.00,"100 מ""ל",false,1,19.90,2.65,true,1,
7290014318878,false,"מיץ תפוח וגינגר אורגני 750 מ""ל",,IT,מיץ תפוח וגינגר אורג,מיליליטרים,750.00,"100 מ""ל",false,1,20.90,2.79,true,1,
7290014318885,false,"מיץ תפוח ואוכמניות כחולות אורגני 750 מ""ל",,IT,מיץ תפוח ואוכמניות כ,מיליליטרים,750.00,"100 מ""ל",false,1,20.90,2.79,true,1,
7290014440463,false,"יין מדבר שרדונה  סדרה 22 750 מ""ל",,IL,יין מדבר שרדונה  סדר,מיליליטרים,750.00,"100 מ""ל",false,1,52.90,7.05,true,1,
7290014440470,false,"יין מדבר סוביניון בלאן  סדרה 22 750 מ""ל",,IL,יין מדבר סוביניון בל,מיליליטרים,750.00,"100 מ""ל",false,1,52.90,7.05,true,1,
7290014440487,false,"יקב מדבר סדרה 22 סוביניון 750 מ""ל",,IL,יקב מדבר סדרה 22 סוב,מיליליטרים,750.00,"100 מ""ל",false,1,52.90,7.05,true,1,
7290014440494,false,"יין מדבר רוזה  סדרה 22 750 מ""ל",,IL,יין מדבר רוזה  סדרה,מיליליטרים,750.00,"100 מ""ל",false,1,52.90,7.05,true,1,
7290014440548,false,"יקב מדבר סדרה 22 קברנה פרנק 750 מ""ל",,IL,יקב מדבר סדרה 22 קבר,מיליליטרים,750.00,"100 מ""ל",false,1,52.90,7.05,true,1,
7290014455252,false,גבינה גרנהפדנו מגורד 100 גר,,,גבינה גרנה פדנו,גרמים,100.00,100 גרם,false,1,13.90,13.90,true,1,
7290014455320,false,כדור מוצרלה פרסקה 100 גר,,,כדור מוצרלה פרסקה 10,גרמים,100.00,100 גרם,false,1,10.20,10.20,true,1,
7290014455627,false,יוגורט עיזים דובדבן אמרנה 125 גר,,,יוגורט עיזים דובדבן,גרמים,125.00,100 גרם,false,1,6.90,5.52,true,1,
7290014466609,false,יין מרלו גמלא 2020 750 מל,,,יין מרלו גמלא 2020 7,Unknown,0.00,Unknown,false,1,69.90,69.90,true,1,
7290014472136,false,גרעין שחור קלוי 150 ג ששון הקולה,,,גרעין שחור קלוי 150,גרמים,150.00,100 גרם,false,1,5.30,3.53,true,1,
7290014472488,false,שקד קלוי ענק 250 גרם פרימיום ששון הקולה,,,שקד קלוי ענק 250 גרם,גרמים,250.00,100 גרם,false,1,24.90,9.96,true,1,
7290014472495,false,קשיו קלוי ענק 250 גר פרימיום ששון הקולה,,,קשיו קלוי ענק 250 גר,גרמים,250.00,100 גרם,false,1,22.90,9.16,true,1,
7290014472518,false,בוטן קלוי ענק 250 גר פרימיום ששון הקולה,,,בוטן קלוי ענק 250 גר,גרמים,250.00,100 גרם,false,1,12.90,5.16,true,1,
7290014472525,false,תערובת מובחרת 250 גר פרימיום ששון הקולה,,,תערובת מובחרת 250 גר,גרמים,250.00,100 גרם,false,1,24.90,9.96,true,1,
7290014472990,false,ממרח 100% שקדים 300 גרם,,,ממרח 100% שקדים 300,גרמים,300.00,100 גרם,false,1,41.90,13.97,true,1,
7290014503830,false,"יין שרדונה אסטייט דלתון 750 מ""ל",,,יין שרדונה אסטייט דל,Unknown,0.00,Unknown,false,1,68.90,68.90,true,1,
7290014525023,false,חטיף בריאות יוגורט במילוי פירות יער 182ג,,,חטיף בריאות יוגורט ב,גרמים,182.00,100 גרם,false,1,13.90,7.64,true,1,
7290014525290,false,חטיף מרבה סלים דליס קריספי תות 125 גר,,,חטיף מרבה סלים דליס,גרמים,125.00,100 גרם,false,1,13.90,11.12,true,1,
7290014648371,false,פלסטרים פארמה איד שקופים 40 יח,,,פלסטרים PHARMA AID ש,יחידה,1.00,יחידה,false,1,8.50,8.50,true,1,
7290014673021,false,פלפל שחור שלם 100 גרם,,,פלפל שחור שלם 100 גר,גרמים,100.00,100 גרם,false,1,16.40,16.40,true,1,
7290014673137,false,תערובת עשבי תיבול לפיצה 100 גרם,,IL,תערובת עשבי תיבול לפ,גרמים,100.00,100 גרם,false,1,11.90,11.90,true,1,
7290014674004,false,קריספ מלח ים ושומשום 300 גרם,,IL,קריספ מלח ים ושומשום,גרמים,300.00,100 גרם,false,0,8.90,2.97,true,1,
7290014692299,false,גבינת ברי 125 גר,,,גבינת ברי 125 גר,גרמים,125.00,100 גרם,false,1,21.90,17.52,true,1,
7290014692305,false,גבינת קממבר 125 גר,,,גבינת קממבר 125 גר,גרמים,125.00,100 גרם,false,1,21.90,17.52,true,1,
7290014692541,false,אמה מגורדת 500 גר,,,צהובה מגורדת גולדן 5,גרמים,500.00,100 גרם,false,1,24.90,4.98,true,1,
7290014692749,false,"שמן זית כתית מעולה 750 מ""ל",,ES,שמן זית כתית מעולה 7,מיליליטרים,750.00,"100 מ""ל",false,1,34.90,4.65,true,1,
7290014749245,false,צונגו רצועות שניצל שומשום 600 גרם,,,צונגו רצועות שניצל ש,גרמים,600.00,100 גרם,false,1,39.90,6.65,true,1,
7290014758100,false,שמיניית מאגדת BIO יוגורט 3% 150 גרם,,,שמיניית מאגדת BIO,גרמים,150.00,100 גרם,false,1,17.20,11.47,true,1,
7290014758117,false,שמיניית יוגורט ביו 1.5% 150 גרם,,,שמיניית יוגורט ביו,קילוגרמים,0.00,"ק""ג",false,1,18.10,18.10,true,1,
7290014759084,false,נפוליאון מופחת שומן 16% 225 גר,,,נפוליאון מופחת שומן,גרמים,225.00,100 גרם,false,1,15.00,6.67,true,1,
7290014759534,false,פיראוס בולגרית למריחה 5% 200 גר,,,פיראוס בולגרית למריח,גרמים,200.00,100 גרם,false,1,17.70,8.85,true,1,
7290014759909,false,גבינה פטה עזים פיראוס 5% 250 גרם,,,גבינה פטה עזים פיראו,גרמים,250.00,100 גרם,false,1,30.50,12.20,true,1,
7290014759978,false,קולאז קשקבל גלעד פלח 200 גר,,,קולאז קשקבל גלעד פלח,גרמים,200.00,100 גרם,false,1,21.90,10.95,true,1,
7290014759985,false,קולאז פרמזן גבע פלח 200 גר,,,קולאז פרמזן גבע פלח,גרמים,200.00,100 גרם,false,1,27.80,13.90,true,1,
7290014759992,false,קולאז רוקפור גליל פלח 140 גר,,,קולאז רוקפור גליל פל,גרמים,140.00,100 גרם,false,1,20.40,14.57,true,1,
7290014760134,false,מעדן סויה וניל 125 גר,,,מעדן סויה וניל,גרמים,125.00,100 גרם,false,1,4.70,3.76,true,1,
7290014760141,false,משקה שקדים טרי 1 ליטר,,,משקה שקדים טרי 1 ליט,מיליליטרים,1000.00,"100 מ""ל",false,1,14.90,1.49,true,1,
7290014761056,false,יולו שוקולד חלב מעולה 123 גר,,,יולו שוקולד חלב,גרמים,123.00,100 גרם,false,1,5.00,4.07,true,1,
7290014761063,false,יולו שוקולד מריר מעולה 123 גר,,,יולו שוקולד מריר,גרמים,123.00,100 גרם,false,1,5.00,4.07,true,1,
7290014761070,false,YOLO שוקולד לבן מעולה 123 ג,,,YOLO שוקולד לבן מעול,גרמים,123.00,100 גרם,false,1,5.00,4.07,true,1,
7290014762756,false,נפוליאון 16%בטעם בצל 225 גר,,,נפוליאון 16%בטעם בצל,גרמים,225.00,100 גרם,false,1,15.00,6.67,true,1,
7290014762831,false,גבינת שמנת נפוליאו 25% חלפיניו 225 גר,,,גבינת שמנת נפוליאו 2,גרמים,225.00,100 גרם,false,1,15.00,6.67,true,1,
7290014763272,false,משקה סויה ביו תות בננה 250 מל,,,משקה סויה ביו תות בנ,מיליליטרים,250.00,"100 מ""ל",false,1,6.90,2.76,true,1,
7290014791831,false,"FRUT WATER ענבים 500 מ""ל",,,FRUT WATER ענבים 500,מיליליטרים,500.00,"100 מ""ל",false,1,6.90,1.38,true,1,
7290014791848,false,"FRUT WATER אננס 500 מ""ל",,,FRUT WATER אננס 500,מיליליטרים,500.00,"100 מ""ל",false,1,6.90,1.38,true,1,
7290014860063,false,מקלוני אורז ללא גלוטן 454 גר,,,מקלוני אורז ללא גלוט,גרמים,454.00,100 גרם,false,1,10.40,2.29,true,1,
7290014860100,false,"מקלות אורז ללא גלוטן 1 מ""מ 454 גרם",,,מקלות אורז ללא גלוטן,גרמים,454.00,100 גרם,false,1,11.90,2.62,true,1,
7290014860155,false,"מחצלת במבו שטוחה 24*24 ס""מ",,,מחצלת במבו שטוחה 24*,Unknown,0.00,Unknown,false,1,9.90,9.90,true,1,
7290014905207,false,"הפי גל לאסלות 750 מ""ל",,,"הפי גל לאסלות 750 מ""",מיליליטרים,750.00,"100 מ""ל",false,1,11.10,1.48,true,1,
7290014905696,false,"הפי נוזל כלים צהוב לימון 750 מ""ל",,,הפי נוזל כלים צהוב ל,מיליליטרים,750.00,"100 מ""ל",false,1,12.50,1.67,true,1,
7290015009119,false,עלי טורטייה מקמח תירס 360 גרם,,,עלי טורטייה מקמח תיר,גרמים,360.00,100 גרם,false,1,16.50,4.58,true,1,
7290015009126,false,עלי טורטייה מקמח מלא 420 גר 25 סמ,,,עלי טורטייה מקמח מלא,גרמים,420.00,100 גרם,false,1,16.50,3.93,true,1,
7290015009188,false,"ניוקי תפוח""א עם דלעת 300 גרם",,,"ניוקי תפוח""א עם דלעת",גרמים,300.00,100 גרם,false,1,10.90,3.63,true,1,
7290015009300,false,עלי טורטייה מקמח תירס 360 גרם,,,עלי טורטייה מקמח תיר,גרמים,360.00,100 גרם,false,1,16.70,4.64,true,1,
7290015009331,false,נאצ`וס חריף 200 גרם,,,נאצ`וס חריף 200 גרם,גרמים,200.00,100 גרם,false,1,13.90,6.95,true,1,
7290015009447,false,זיתים שחורים מזן קלמטה 440 גרם,,GR,זיתים שחורים מזן קלמ,גרמים,440.00,100 גרם,false,1,20.90,4.75,true,1,
7290015009508,false,סירופ מייפל טהור 250 מל,,,סירופ מייפל טהור 250,מיליליטרים,250.00,"100 מ""ל",false,1,49.50,19.80,true,1,
7290015039246,false,רביעית טונה בהירה בשמן וילי פוד 4*160 גר,,TH,רביעית טונה בהירה בש,גרמים,640.00,100 גרם,false,1,22.90,3.58,true,1,
7290015039338,false,רביעית טונה במי מלח וילי פוד 4*160 גר,,TH,רביעית טונה במי מלח,גרמים,640.00,100 גרם,false,1,22.90,3.58,true,1,
7290015054836,false,"פיור וואי פרימיום גלידת וניל 2.3 ק""ג",,,פיור וואי פרימיום גל,קילוגרמים,0.00,"ק""ג",false,1,299.90,299.90,true,1,
7290015127530,false,זית סורי אורגני 180 גרם,,IL,זית סורי אורגני 180,גרמים,180.00,100 גרם,false,1,15.90,8.83,true,1,
7290015129145,false,סקיני פסטה ספגטי 270 גרם,,,סקיני פסטה ספגטי 270,גרמים,270.00,100 גרם,false,1,12.90,4.78,true,1,
7290015129220,false,איטריות קונגאק ללא גלוטן 270 גרם skinny,,,איטריות קונגאק ללא ג,גרמים,270.00,100 גרם,false,1,12.90,4.78,true,1,
7290015129251,false,איטריות קונגאק ללא גלוטן 270 גרם skinny,,,איטריות קונגאק ללא ג,גרמים,270.00,100 גרם,false,1,12.90,4.78,true,1,
7290015129312,false,סקיני סופ תבשיל מרק בטעם עוף 214 גרם,,CN,סקיני סופ תבשיל מרק,גרמים,214.00,100 גרם,false,1,22.90,10.70,true,1,
7290015129657,false,סקיני פסטה פנה 270 גרם,,,סקיני פסטה פנה 270 ג,גרמים,270.00,100 גרם,false,1,12.90,4.78,true,1,
7290015129763,false,סקיני פסטה שיבולת שועל פתיתים 270 גרם,,CN,סקיני פסטה שיבולת שו,גרמים,270.00,100 גרם,false,1,12.90,4.78,true,1,
7290015150088,false,מחית עגבניות גראנד איטליה 700 גרם,,,מחית עגבניות גראנד א,גרמים,700.00,100 גרם,false,1,12.90,1.84,true,1,
7290015150118,false,עגבניות חתוכות דק 3*400 גרם,,,עגבניות חתוכות דק בל,גרמים,1200.00,100 גרם,false,1,18.90,1.58,true,1,
7290015150200,false,עגבניות חתובות דק 400 גר,,,עגבניות חתובות דק 40,גרמים,400.00,100 גרם,false,1,7.50,1.88,true,1,
7290015164856,false,רוטב קארי אדומה 400 גרם SUREE כשר,,,רוטב קארי אדומה 400,מיליליטרים,400.00,"100 מ""ל",false,1,21.90,5.48,true,1,
7290015178174,false,פסטו בטעם פרמזן אוליביה 180 גר,,IL,פסטו בטעם פרמזן אולי,גרמים,180.00,100 גרם,false,1,16.40,9.11,true,1,
7290015178198,false,ממרח חצילים שרופים אוליביה 180 גר,,IL,ממרח חצילים שרופים א,גרמים,180.00,100 גרם,false,1,16.40,9.11,true,1,
7290015178204,false,עגבניות מיובשות עם לימון אוליביה 180 גר,,IL,עגבניות מיובשות עם ל,גרמים,180.00,100 גרם,false,1,16.40,9.11,true,1,
7290015282581,false,חומוס אבו גוש עם חריף 200 גר,,,חומוס אבו גוש עם חרי,גרמים,200.00,100 גרם,false,1,11.60,5.80,true,1,
7290015282598,false,חומוס מסעדות 200 גר,,,חומוס מסעדות 200 גר,גרמים,200.00,100 גרם,false,1,11.60,5.80,true,1,
7290015282604,false,טחינה מיוחדת 200 גר,,,טחינה מיוחדת 200 גר,גרמים,200.00,100 גרם,false,1,11.60,5.80,true,1,
7290015282628,false,חציל בטעם כבד 200 גר,,,חציל בטעם כבד 200 גר,גרמים,200.00,100 גרם,false,1,13.90,6.95,true,1,
7290015282635,false,חומוס מסבחה 200 גר,,,חומוס מסבחה 200 גר,גרמים,200.00,100 גרם,false,1,11.60,5.80,true,1,
7290015282642,false,חומוס אבו גוש 200 גר,,,חומוס אבו גוש 200 גר,גרמים,200.00,100 גרם,false,1,11.60,5.80,true,1,
7290015282666,false,סלט טונה עם ירקות 200 גר,,,סלט טונה עם ירקות 20,גרמים,200.00,100 גרם,false,1,19.80,9.90,true,1,
7290015282673,false,חציל במיונז ביתי 200 גר,,,חציל במיונז ביתי 200,גרמים,200.00,100 גרם,false,1,11.60,5.80,true,1,
7290015282680,false,קישואא בטעם כבד 200 גר,,,קישוא בטעם כבד 200 ג,גרמים,200.00,100 גרם,false,1,13.90,6.95,true,1,
7290015282697,false,כרוב אדום 200 גר,,,כרוב אדום 200 גר,גרמים,200.00,100 גרם,false,1,13.90,6.95,true,1,
7290015282710,false,קוביות סלק 200 גר,,,קוביות סלק 200 גר,גרמים,200.00,100 גרם,false,1,11.60,5.80,true,1,
7290015282734,false,מטבוחה ביתית 200 גר,,,מטבוחה ביתית 200 גר,גרמים,200.00,100 גרם,false,1,13.90,6.95,true,1,
7290015282741,false,חציל תאילנדי 200 גר,,,חציל תאילנדי 200 גר,גרמים,200.00,100 גרם,false,1,13.90,6.95,true,1,
7290015282796,false,תפוח אדמה 200 גר,,,תפוח אדמה 200 גר,גרמים,200.00,100 גרם,false,1,13.90,6.95,true,1,
7290015284011,false,מרכך לכל סוגי השיער ירקות ירוקים ECOLOVE,,,מרכך לכל סוגי השיער,גרמים,500.00,100 גרם,false,1,32.90,6.58,true,1,
7290015284028,false,סבון גוף  ירקות ירוקים 500 מל ECOLOVE,,,סבון גוף  ירקות ירוק,מיליליטרים,500.00,"100 מ""ל",false,1,32.90,6.58,true,1,
7290015284042,false,שמפו לשיער רגיל/שמן ירקות אדומים ECOLOVE,,,שמפו לשיער רגיל/שמן,גרמים,500.00,100 גרם,false,1,32.90,6.58,true,1,
7290015284134,false,מסכה לשיער רגיל-יבש ירקות כתומים ECOLOVE,,,מסכה לשיער רגיל-יבש,מיליליטרים,350.00,"100 מ""ל",false,1,44.90,12.83,true,1,
7290015284202,false,ECOLOVE שמפו לשיער צבוע ויבש מאוד 500 מל,,,ECOLOVE שמפו לשיער צ,מיליליטרים,500.00,"100 מ""ל",false,1,32.90,6.58,true,1,
7290015284233,false,ECOLOVE סבון ידיים לעור יבש 500 מל,,,ECOLOVE סבון ידיים ל,מיליליטרים,500.00,"100 מ""ל",false,1,25.90,5.18,true,1,
7290015284677,false,מרכך שיער שעבר החלקה ללא מלח אקולאב 500מ,,,מרכך שיער שעבר החלקה,מיליליטרים,500.00,"100 מ""ל",false,1,36.90,7.38,true,1,
7290015284769,false,"גל ניקוי פנים אקולאב 150 מ""ל",,IL,גל ניקוי פנים אקולאב,מיליליטרים,150.00,"100 מ""ל",false,1,49.90,33.27,true,1,
7290015289009,false,"בירה הרצל שש אחוז כפרה 330 מ""ל",בירה הרצל,IL,בירה הרצל שש אחוז כפ,מיליליטרים,330.00,"100 מ""ל",false,1,14.90,4.52,true,1,
7290015289023,false,"וזה I.P.A.בירה הרצל  330 מ""ל",,IL,בירה וזה I.P.A. הרצל,מיליליטרים,330.00,"100 מ""ל",false,1,14.90,4.52,true,1,
7290015294652,false,משקה אלו ורה,,,משקה אלו ורה,מיליליטרים,473.00,"100 מ""ל",false,1,84.90,17.95,true,1,
7290015341516,false,קראנץ שמרים 500 גרם,,IL,קראנץ שמרים 500 גרם,גרמים,500.00,100 גרם,false,1,18.90,3.78,true,1,
7290015354899,false,חרדל דיזון מעודן 350 גרם,,FR,חרדל דיזון מעודן 350,גרמים,350.00,100 גרם,false,1,15.60,4.46,true,1,
7290015395021,false,גרגירי גוגי 180 גרם בקופסא,,,גרגירי גוגי 180 גרם,גרמים,180.00,100 גרם,false,1,27.20,15.11,true,1,
7290015395045,false,קינואה 400 גרם חתם סופר,,,קינואה 400 גרם חתם ס,גרמים,400.00,100 גרם,false,1,14.90,3.73,true,1,
7290015417136,false,עגבנית שרי אורגנית ארוז,,,עגבנית שרי אורגנית,גרמים,400.00,100 גרם,false,1,14.90,3.73,true,1,
7290015417167,false,פלפל ביס אורגני,,,פלפל ביס אורגני,גרמים,200.00,100 גרם,false,1,11.90,5.95,true,1,
7290015417242,false,מלפפון מיני אורגני ארוז,,,מלפפון מיני אורגני א,גרמים,350.00,100 גרם,false,1,12.90,3.69,true,1,
7290015417365,false,גינגר אורגני,,,גינגר אורגני,קילוגרמים,0.00,"ק""ג",false,1,16.90,16.90,true,1,
7290015458719,false,סבון גוף הדרים,,,סבון גוף הדרים,Unknown,0.00,Unknown,false,1,69.90,69.90,true,1,
7290015550765,false,דאודורנט  אבן מינרלי נטורל,,,דאודורנט  אבן מינרלי,מיליליטרים,100.00,"100 מ""ל",false,1,49.90,49.90,true,1,
7290015599061,false,צהובה טבעונית בטעם מוצרלה 200 גרם,,,צהובה טבעונית 200 ג,גרמים,200.00,100 גרם,false,1,24.50,12.25,true,1,
7290015603195,false,איטריות בתוספת תרד 454 גרם,,,איטריות בתוספת תרד 4,גרמים,454.00,100 גרם,false,1,11.90,2.62,true,1,
7290015603201,false,אטריות מחיטה מלאה 454 גרם,,,אטריות מחיטה מלאה 45,גרמים,454.00,100 גרם,false,1,11.90,2.62,true,1,
7290015603225,false,איטריות בתוספת גזר 454 גרם,,,איטריות בתוספת גזר 4,גרמים,454.00,100 גרם,false,1,11.90,2.62,true,1,
7290015603522,false,נוזל אגוזי קוקוס 5-7% 400 מל,,,נוזל אגוזי קוקוס 5-7,מיליליטרים,400.00,"100 מ""ל",false,1,7.90,1.98,true,1,
7290015603546,false,שימורי קרם קוקוס 17-19% 400 מל ASIATIC,,,שימורי קרם קוקוס 17-,מיליליטרים,400.00,"100 מ""ל",false,1,10.90,2.73,true,1,
7290015603560,false,"שימורי קרם קוקוס 20-22% 400 מ""ל",,,שימורי קרם קוקוס 20-,מיליליטרים,400.00,"100 מ""ל",false,1,10.90,2.73,true,1,
7290015603584,false,גינגר לבן כבוש ללא מונוסודיום 160 גרם,,,גינגר לבן כבוש ללא מ,גרמים,160.00,100 גרם,false,1,8.90,5.56,true,1,
7290015603591,false,גינגר כבוש וורוד 160 גרם,,,גינגר כבוש וורוד 160,גרמים,160.00,100 גרם,false,1,8.90,5.56,true,1,
7290015634120,false,יין עמק האלה אוורד לבן 2015 750 מל,,,יין עמק האלה אוורד ל,Unknown,0.00,Unknown,false,1,46.90,46.90,true,1,
7290015634137,false,"יין עמק האלה סוביניון בלאן 2015 750 מ""ל",,,יין עמק האלה סוביניו,Unknown,0.00,Unknown,false,1,87.90,87.90,true,1,
7290015634144,false,יין עמק האלה סירה - פטיט סירה 2013 750 מ,,,יין עמק האלה סירה -,Unknown,0.00,Unknown,false,1,133.90,133.90,true,1,
7290015634151,false,"עמק האלה קברנה סוביניון 2012 750 מ""ל",,,יין עמק האלה קברנה א,Unknown,0.00,Unknown,false,1,87.90,87.90,true,1,
7290015634175,false,עמק האלה אוור רד ק.סוביניון 2015 750 מל,,,עמק האלה אוור רד קבר,Unknown,0.00,Unknown,false,1,46.90,46.90,true,1,
7290015634182,false,עמק האלה אוורד קברנה/ מרלו 2015 750 מל,,,עמק האלה אוורד אדום,Unknown,0.00,Unknown,false,1,46.90,46.90,true,1,
7290015652070,false,קשיו קלוי 150 גרם ששון הקולה,,,קשיו קלוי 150 גרם שש,גרמים,150.00,100 גרם,false,1,13.90,9.27,true,1,
7290015652087,false,תערובת פיצוחים 150 גרם ששון הקולה,,,תערובת פיצוחים 150 ג,גרמים,150.00,100 גרם,false,1,13.90,9.27,true,1,
7290015652278,false,תערובת פיצוחים 250 גרם ששון הקולה,,,תערובת פיצוחים 250 ג,גרמים,250.00,100 גרם,false,1,20.00,8.00,true,1,
7290015652285,false,אגוזים קלופים 250 גרם ששון הקולה,,,אגוזים קלופים 250 גר,גרמים,250.00,100 גרם,false,1,20.00,8.00,true,1,
7290015652308,false,מנצס 300 גרם ששון הקולה,,,מנצס 300 גרם ששון הק,גרמים,300.00,100 גרם,false,1,10.00,3.33,true,1,
7290015652384,false,"קמח תירס הכנה מהירה ללא גלוטן 1 ק""ג",,,קמח תירס הכנה מהירה,גרמים,1000.00,100 גרם,false,1,14.50,1.45,true,1,
7290015652407,false,פיסטוק קלוי 250 גר דין שיווק,,,פיסטוק קלוי 250 גר ד,גרמים,250.00,100 גרם,false,1,21.50,8.60,true,1,
7290015662031,false,ספירולינה טריה simpli good 140 גרם,,IL,ספירולינה טריה 140 ג,גרמים,140.00,100 גרם,false,1,49.90,35.64,true,1,
7290015663052,false,מרק כפרי ביתי 400 גרם JEREMY GOURMET,,,מרק כפרי ביתי 400 גר,גרמים,400.00,100 גרם,false,1,27.70,6.93,true,1,
7290015673167,false,קציצות אוקרה פטריות וציה 400 גר,,,קציצות אוקרה פטריות,גרמים,400.00,100 גרם,false,1,24.50,6.13,true,1,
7290015673181,false,בורגר מהצומח עם ברוקולי קליפורניה 400 גר,,,בורגר מהצומח עם ברוק,גרמים,400.00,100 גרם,false,1,26.90,6.73,true,1,
7290015673198,false,בורגר מהצומח עם פטריות טקסס 400 גר,,,בורגר מהצומח עם פטרי,גרמים,400.00,100 גרם,false,1,26.90,6.73,true,1,
7290015673280,false,סייטן עדשים וקינואה קפוא 500 גר,,,סייטן עדשים וקינואה,גרמים,500.00,100 גרם,false,1,20.90,4.18,true,1,
7290015673570,false,קריספי טופו מוכנים לאכילה 350 גר,,IL,קריספי טופו מוכנים ל,גרמים,350.00,100 גרם,false,1,27.90,7.97,true,1,
7290015673587,false,קריספי טופו ברוטב אסייתי 350 גר,,IL,קריספי טופו ברוטב אס,גרמים,350.00,100 גרם,false,1,28.50,8.14,true,1,
7290015673594,false,קריספי טופו ברוטב בוטנים קארי 350 גר,,IL,קריספי טופו ברוטב בו,גרמים,350.00,100 גרם,false,1,28.50,8.14,true,1,
7290015673662,false,שניצלוני טופו  טבע דלי 400 גר,,IL,שניצלוני טופו טבע,גרמים,400.00,100 גרם,false,1,36.50,9.13,true,1,
7290015781008,false,יין VISION מרלו  750 מל,,,יין VISION מרלו  750,Unknown,0.00,Unknown,false,1,42.90,42.90,true,1,
7290015781046,false,יין VISION לבן חצי יבש 750 מל,,,יין VISION לבן חצי י,Unknown,0.00,Unknown,false,1,42.90,42.90,true,1,
7290015781053,false,יין VISION לבן  יבש 750 מל,,,יין VISION לבן  יבש,Unknown,0.00,Unknown,false,1,42.90,42.90,true,1,
7290015781138,false,יין IMPRES שרדונה 750 מל,,,יין IMPRES שרדונה 75,Unknown,0.00,Unknown,false,1,44.90,44.90,true,1,
7290015781275,false,יין MOSCATO מוסקטו לבן 750 מל,,,יין MOSCATO מוסקטו ל,Unknown,0.00,Unknown,false,1,42.90,42.90,true,1,
7290015781282,false,יין IMPRES גוורצטרמינר 750 מל,,,יין IMPRES גוורצטרמי,Unknown,0.00,Unknown,false,1,49.90,49.90,true,1,
7290015781305,false,יין IMPRES סירה 750 מל,,,יין IMPRES סירה 750,Unknown,0.00,Unknown,false,1,44.90,44.90,true,1,
7290015790000,false,גרעיני רימון,,,גרעיני רימון,קילוגרמים,0.00,"ק""ג",false,1,17.90,17.90,true,1,
7290015809214,false,"פלאפל לל""ג דגש 180 גרם",,,"פלאפל לל""ג דגש 180 ג",גרמים,180.00,100 גרם,false,1,13.90,7.72,true,1,
7290015856713,false,סנקסו חטיף אפונה אפוי עם אריסה 50 גרם,,IL,סנקסו חטיף אפונה אפו,גרמים,50.00,100 גרם,false,1,6.90,13.80,true,1,
7290015856720,false,סנקסו חטיף אפונה אפוי עם זעתר 50 גרם,,IL,סנקסו חטיף אפונה אפו,גרמים,50.00,100 גרם,false,1,6.90,13.80,true,1,
7290015858106,false,ממרח פסטו ביתי 180 גר,,,מצונן פסטו ביתי 180,גרמים,180.00,100 גרם,false,1,22.90,12.72,true,1,
7290015858229,false,ממרח טפנד זיתים קלמטה 180 גר,,,מצונן טפנד זיתים,גרמים,180.00,100 גרם,false,1,22.90,12.72,true,1,
7290015858328,false,איולי פסטו עללחם 295 גרם,,IL,איולי פסטו עללחם 295,גרמים,295.00,100 גרם,false,1,17.90,6.07,true,1,
7290015858441,false,איולי פלפלים עללחם 295 גרם,,IL,איולי פלפלים עללחם 2,גרמים,295.00,100 גרם,false,1,17.90,6.07,true,1,
7290015858687,false,איולי שום עללחם 295 גרם,,IL,איולי שום עללחם 295,גרמים,295.00,100 גרם,false,1,17.90,6.07,true,1,
7290015979559,false,חסה עגולה,,,חסה ערבית,Unknown,0.00,Unknown,false,1,7.90,7.90,true,1,
7290015979665,false,חסה עגולה,,,חסה עגולה,Unknown,0.00,Unknown,false,1,7.90,7.90,true,1,
7290015996983,false,סוכרזית סוכרלוז 0 קלוריות 130 גר,,,סוכרזית סוכרלוז 0 קל,גרמים,136.00,100 גרם,false,1,36.90,27.13,true,1,
7290016006025,false,"שוופס סודה שרינק 500 מ""ל",,,שוופס סודה שרינק 500,מיליליטרים,500.00,"100 מ""ל",false,1,2.90,0.58,true,1,
7290016006292,false,קרטונית נקטר ספרינג מנגו בננה מלון 1 ל,,,קרטונית נקטר ספרינג,מיליליטרים,1000.00,"100 מ""ל",false,1,7.40,0.74,true,1,
7290016006346,false,שישיית שרינק 500 מל שוופס סודה,,,שישיית שוופס סודה 50,מיליליטרים,1500.00,"100 מ""ל",false,1,17.30,1.15,true,1,
7290016006377,false,"שוופס FRUITS תות ליים 330 מ""ל",,,שוופס FRUITS תות ליי,מיליליטרים,330.00,"100 מ""ל",false,1,6.20,1.88,true,1,
7290016028836,false,קש מתקפל צבעוני 150 יח,,CN,קשית מתקפלת צבעונית,Unknown,0.00,Unknown,false,1,8.80,8.80,true,1,
7290016077766,false,היינץ שעועית אפויה 453 גרם,,,היינץ שעועית אפויה 4,גרמים,453.00,100 גרם,false,1,10.90,2.41,true,1,
7290016080551,false,מתבל עגבניות אורגני 580 גרם היינץ,,,מתבל עגבניות אורגני,גרמים,580.00,100 גרם,false,1,18.80,3.24,true,1,
7290016144031,false,"נפלאות קמח חיטה לבן מנופה 1 ק""ג",,IL,נפלאות קמח חיטה לבן,גרמים,1000.00,100 גרם,false,1,7.90,0.79,true,1,
7290016146103,false,סילאן טבעי לחיץ 500 גרם,,,סילאן טבעי לחיץ 500,גרמים,500.00,100 גרם,false,1,14.90,2.98,true,1,
7290016150391,false,סלק ואקום 500 גרם,,,סלק ואקום 500 גרם,Unknown,0.00,Unknown,false,1,7.90,7.90,true,1,
7290016197877,false,שקית לפחי אשפה קטנים 80 יח M,,,שקית לפחי אשפה קטנים,Unknown,0.00,Unknown,false,1,27.20,27.20,true,1,
7290016217735,false,חציל על אש 200 גר,,,חציל על אש 200 גר,גרמים,200.00,100 גרם,false,1,11.60,5.80,true,1,
7290016217742,false,חציל על אש בטחינה 200 גר,,,חציל על אש בטחינה 20,גרמים,200.00,100 גרם,false,1,11.60,5.80,true,1,
7290016217759,false,חציל מרוקאי 200 גר,,,חציל מרוקאי 200 גר,גרמים,200.00,100 גרם,false,1,13.90,6.95,true,1,
7290016246445,false,בארכה טחינה מעודנת שומשום מלא 310 גרם,,,בארכה טחינה מעודנת ש,גרמים,310.00,100 גרם,false,1,14.50,4.68,true,1,
7290016270570,false,מלפפון בייבי,,,מלפפון בייבי,Unknown,0.00,Unknown,false,1,14.90,14.90,true,1,
7290016276169,false,טחינה  אהרוני משומשום טבעי 500 גרם,,,טחינה  אהרוני משומשו,גרמים,500.00,100 גרם,false,1,17.70,3.54,true,1,
7290016277562,false,אגוזים קלופים ששון הקולה 300 גרם,,IL,אגוזים קלופים ששון ה,גרמים,300.00,100 גרם,false,1,24.00,8.00,true,1,
7290016277647,false,בננה מסוכרת 250 גרם ששון- קופסא,,,בננה מסוכרת 250 גרם,גרמים,250.00,100 גרם,false,1,13.50,5.40,true,1,
7290016277678,false,שקד מולבן חצאים 200 גרם ששון - קופסא,,,שקד מולבן חצאים 200,גרמים,200.00,100 גרם,false,1,33.20,16.60,true,1,
7290016334616,false,בצל ירוק,,,בצל ירוק,Unknown,0.00,Unknown,false,1,5.90,5.90,true,1,
7290016381047,false,חמאת שקדים מלאה - כרם  300 גר,,,חמאת שקדים מלאה - כר,גרמים,300.00,100 גרם,false,1,46.40,15.47,true,1,
7290016381443,false,סילאן לחיץ טבעי כרם 350 גר,,,סילאן לחיץ טבעי כרם,גרמים,350.00,100 גרם,false,1,20.70,5.91,true,1,
7290016381474,false,סילאן לחיץ אורגני כרם 350 גר,,,סילאן לחיץ אורגני כר,גרמים,350.00,100 גרם,false,1,20.90,5.97,true,1,
7290016381962,false,משקה אורז  שקדים אורגני כרם 1 ליטר,,,משקה אורז  שקדים אור,מיליליטרים,1000.00,"100 מ""ל",false,1,11.90,1.19,true,1,
7290016505023,false,שוקולד פנדה קרם נוגט טבעוני  100 גרם,,,שוקולד פנדה קרם נוגט,גרמים,100.00,100 גרם,false,1,21.90,21.90,true,1,
7290016509786,false,גל פרסיל ירוק 2.5 ל,,,גל פרסיל ירוק 2.5 ל,ליטרים,0.00,ליטר,false,1,35.90,35.90,true,1,
7290016509823,false,גל פרסיל בלו 2.5 ל,,,גל פרסיל בלו 2.5 ל,ליטרים,0.00,ליטר,false,1,35.90,35.90,true,1,
7290016513240,false,אוכמניות כחולות 250 גר,,,אוכמניות כחולות 250,גרמים,250.00,100 גרם,false,1,17.70,7.08,true,1,
7290016513264,false,חמוציות בר 250 גר,,,חמוציות בר 250 גר,גרמים,250.00,100 גרם,false,1,18.80,7.52,true,1,
7290016513288,false,פטל אדום 250 גר,,,פטל אדום 250 גר,גרמים,250.00,100 גרם,false,1,22.90,9.16,true,1,
7290016513301,false,דומדומית שחורה 250 גר,,,דומדומית שחורה 250 ג,גרמים,250.00,100 גרם,false,1,12.50,5.00,true,1,
7290016513325,false,דובדבן 250 גר,,,דובדבן 250 גר,גרמים,250.00,100 גרם,false,1,12.50,5.00,true,1,
7290016513332,false,מיקס פירות 250 גר,,,מיקס פירות 250 גר,גרמים,250.00,100 גרם,false,1,12.50,5.00,true,1,
7290016513349,false,תות שדה 250 גר,,,תות שדה 250 גר,גרמים,250.00,100 גרם,false,1,12.10,4.84,true,1,
7290016584011,false,חטיפוני גזר 350 גרם,,,חטיפוני גזר 350 גרם,גרמים,350.00,100 גרם,false,1,10.90,3.11,true,1,
7290016607772,false,"יין רוזה גליל דלתון 750 מ""ל",,,יין רוזה גליל דלתון,Unknown,0.00,Unknown,false,1,64.60,64.60,true,1,
7290016682038,false,מיץ תפוזים פריניב 400 מל,,,מיץ תפוזים פריניב 40,מיליליטרים,400.00,"100 מ""ל",false,1,10.90,2.73,true,1,
7290016682052,false,מיץ לימונענע פריניב 400 מל,,,מיץ לימונענע פריניב,מיליליטרים,400.00,"100 מ""ל",false,1,10.90,2.73,true,1,
7290016682342,false,מיץ תפוז וולנסיה 100% 2 ליטר,,,מיץ תפוז וולנסיה 100,ליטרים,0.00,ליטר,false,1,29.90,29.90,true,1,
7290016682359,false,מיץ תפוז שמוטי 100% 2 ליטר פריניב,,,מיץ תפוז שמוטי 100%,ליטרים,0.00,ליטר,false,1,29.90,29.90,true,1,
7290016682366,false,סחוט טרי תפוח צלול 2 ליטר,,,סחוט טרי תפוח צלול 2,ליטרים,0.00,ליטר,false,1,32.90,32.90,true,1,
7290016682380,false,סחוט טרי תפוח צלול 2 ליטר,,,מיץ לימונדה לואיזה פ,ליטרים,0.00,ליטר,false,1,32.90,32.90,true,1,
7290016867152,false,פיתות קלות כוסמין 5 יחידות 330 גר,,,פיתות קלות כוסמין 5,גרמים,330.00,100 גרם,false,1,14.90,4.52,true,1,
7290017023861,false,"שוופס סודה לימון 250 מ""ל רביעייה",,,שוופס סודה לימון 250,מיליליטרים,1000.00,"100 מ""ל",false,1,16.90,1.69,true,1,
7290017058511,false,ממרח זיתים שחורים 200 גרם,,,ממרח זיתים שחורים 20,גרמים,200.00,100 גרם,false,1,14.90,7.45,true,1,
7290017058795,false,תירס גמדי שלם במי מלח בצנצנת 340 גרם,,,תירס גמדי שלם במי מל,גרמים,340.00,100 גרם,false,1,8.90,2.62,true,1,
7290017062693,false,מרכך כביסה מרוכז לבן 1*5 ליטר טאצ,,,מרכך כביסה מרוכז לבן,Unknown,0.00,Unknown,false,12,12.90,12.90,true,1,
7290017062723,false,מרכך כביסה מרוכז ירוק 1*5 ליטר טאצ,,,מרכך כביסה מרוכז ירו,Unknown,0.00,Unknown,false,12,12.90,12.90,true,1,
7290017065007,false,פרוסות מוצרלה גד 200 גרם,,,פרוסות מוצרלה גד 200,גרמים,200.00,100 גרם,false,1,21.90,10.95,true,1,
7290017065137,false,ריקוטה למריחה 5% טבעית 200 גר,,,ריקוטה למריחה 5% טבע,גרמים,200.00,100 גרם,false,1,11.90,5.95,true,1,
7290017065144,false,ריקוטה למריחה 5% בזיליקום 200 גר,,,ריקוטה למריחה 5% בזי,גרמים,200.00,100 גרם,false,1,11.50,5.75,true,1,
7290017065168,false,גבינה כחולה 100 גר,,,גבינה כחולה 100 גר,גרמים,100.00,100 גרם,false,1,18.90,18.90,true,1,
7290017065236,false,גבינה בולגרית מעודנת 24% 250 גר,,,גבינה בולגרית מעודנת,גרמים,250.00,100 גרם,false,1,27.90,11.16,true,1,
7290017065434,false,פרוסות גאודה בקר 200 גר,,IL,פרוסות גאודה בקר 200,גרמים,200.00,100 גרם,false,1,23.90,11.95,true,1,
7290017065441,false,פרוסות גאודה עיזים 200 גר,,IL,פרוסות גאודה עיזים 2,גרמים,200.00,100 גרם,false,1,35.90,17.95,true,1,
7290017065526,false,גבינה קוואטרו פורמאגי 300 גר,,IL,גבינה קוואטרו פורמאג,גרמים,300.00,100 גרם,false,1,30.90,10.30,true,1,
7290017065588,false,יוגורט יווני 10% 600 גר,,IL,יוגורט יווני 10% 600,גרמים,600.00,100 גרם,false,1,17.90,2.98,true,1,
7290017065731,false,גבינת שמנת עם כמהין 30%,,IL,גבינת שמנת עם כמהין,גרמים,200.00,100 גרם,false,1,14.90,7.45,true,1,
7290017065786,false,צדר 210 גרם,,,צדר 210 גרם,גרמים,210.00,100 גרם,false,1,24.50,11.67,true,1,
7290017105086,false,שימורי יכין שעועית צילי 200 גר,,,שימורי יכין שעועית צ,גרמים,200.00,100 גרם,false,1,4.90,2.45,true,1,
7290017141053,false,בירה אש ניפה 330 מל,,,בירה אש ניפה 330 מל,מיליליטרים,330.00,"100 מ""ל",false,1,14.90,4.52,true,1,
7290017141176,false,"וודקה עם חמוציות אוק אנד אש  330 מ""ל",,IL,וודקה עם חמוציות אוק,מיליליטרים,330.00,"100 מ""ל",false,1,14.90,4.52,true,1,
7290017142128,false,"שמן זית כתית מעולה קלאסי עץ הזית 750 מ""ל",,,שמן זית כתית מעולה ק,מיליליטרים,750.00,"100 מ""ל",false,1,34.90,4.65,true,1,
7290017142180,false,פילה טונה פרוס בשמן זית לימון פלפל 120 ג,,,פילה טונה פרוס בשמן,גרמים,120.00,100 גרם,false,1,15.90,13.25,true,1,
7290017142418,false,טונה עם אורז ועדשים בשמן זית 160 גר,,TH,טונה עם אורז ועדשים,גרמים,160.00,100 גרם,false,1,14.90,9.31,true,1,
7290017180281,false,מיונז טבעוני 260 גרם,,IL,מיונז טבעוני 260 גרם,גרמים,260.00,100 גרם,false,1,19.90,7.65,true,1,
7290017181363,false,רוטב לשקשוקה דודה ברטה 700 גרם,,IL,רוטב לשקשוקה דודה בר,גרמים,700.00,100 גרם,false,1,24.90,3.56,true,1,
7290017189543,false,"עוגיות כוסמין מלא גרנולה ללת""ס 250 גר",,IL,עוגיות כוסמין מלא גר,גרמים,250.00,100 גרם,false,1,18.90,7.56,true,1,
7290017310411,false,"שמן אתרי לבנדר צרפתי 10 מ""ל",,,שמן אתרי לבנדר צרפתי,מיליליטרים,10.00,"100 מ""ל",false,1,34.90,349.00,true,1,
7290017310497,false,"שמן אתרי עץ התה 10 מ""ל",,,שמן אתרי עץ התה 10 מ,מיליליטרים,10.00,"100 מ""ל",false,1,34.90,349.00,true,1,
7290017310510,false,"שמן אתרי גרניום 10 מ""ל",,,שמן אתרי גרניום 10 מ,מיליליטרים,10.00,"100 מ""ל",false,1,39.90,399.00,true,1,
7290017325347,false,מקלות בייגלה מכוסמין מלא אורגני 200 גרם,,IL,מקלות בייגלה מכוסמין,גרמים,200.00,100 גרם,false,1,17.90,8.95,true,1,
7290017325613,false,משקה שיבולת שועל אורגני 1 ליטר הרדוף,,ES,משקה שיבולת שועל אור,מיליליטרים,1000.00,"100 מ""ל",false,1,11.90,1.19,true,1,
7290017325682,false,פריכיות כוסמת אורגני הרדוף 160 גרם,,IL,פריכיות כוסמת אורגני,גרמים,160.00,100 גרם,false,1,13.90,8.69,true,1,
7290017325750,false,"קמח חומוס לל""ג אורגני 500 גרם",,IL,"קמח חומוס לל""ג אורגנ",גרמים,500.00,100 גרם,false,1,18.90,3.78,true,1,
7290017325798,false,"קוואקר לל""ג אורגני הרדוף 500 גרם",,,"קוואקר לל""ג אורגני ה",גרמים,500.00,100 גרם,false,1,18.90,3.78,true,1,
7290017325804,false,"קוואקר עדין לל""ג אורגני הרדוף 500 גרם",,,"קוואקר עדין לל""ג אור",גרמים,500.00,100 גרם,false,1,18.90,3.78,true,1,
7290017386157,false,"קמח כוסמין לבן  כרם - 1 ק""ג",,IL,קמח כוסמין לבן  כרם,גרמים,1000.00,100 גרם,false,1,14.90,1.49,true,1,
7290017386164,false,"קמח כוסמין לבן  כרם - 1 ק""ג",,IL,קמח כוסמין מלא אורגנ,גרמים,1000.00,100 גרם,false,1,18.90,1.89,true,1,
7290017386942,false,"קרם קוקוס אורגני 20-22% שומן 400 מ""ל",,VN,קרם קוקוס אורגני 20-,מיליליטרים,400.00,"100 מ""ל",false,1,11.90,2.98,true,1,
7290017389028,false,אננס מיובש ללא סוכר 160 גרם קופסא,,,אננס מיובש ללא סוכר,גרמים,160.00,100 גרם,false,1,21.90,13.69,true,1,
7290017460062,false,פירורי לחם קייגון 400 גרם,,IL,פירורי לחם קייגון 40,גרמים,400.00,100 גרם,false,1,14.60,3.65,true,1,
7290017460086,false,פירורי לחם קלאסי זהב 400 גרם,,IL,פירורי לחם קלאסי זהב,גרמים,400.00,100 גרם,false,1,11.90,2.98,true,1,
7290017477275,false,גרעיני חמניה קלופים קלויים 200 גרם,,IL,גרעיני חמניה קלופים,גרמים,200.00,100 גרם,false,1,10.90,5.45,true,1,
7290017477299,false,געלה 200 גרם,,IL,געלה 200 גרם,גרמים,200.00,100 גרם,false,1,11.40,5.70,true,1,
7290017477305,false,זרעי ציה 250 גרם,,IL,זרעי ציה 250 גרם,גרמים,250.00,100 גרם,false,1,10.90,4.36,true,1,
7290017477367,false,מטבעות שוקולד לבן לאפיה 300 גרם,,IL,מטבעות שוקולד לבן לא,גרמים,300.00,100 גרם,false,1,16.70,5.57,true,1,
7290017477596,false,תמר מגהול פרימיום 400 גרם,,IL,תמר מגהול פרימיום 40,גרמים,400.00,100 גרם,false,1,20.90,5.23,true,1,
7290017513775,false,בייגלה פליפז מצופה בשוקולד חלב 140 גר,,TR,בייגלה פליפז מצופה ב,גרמים,140.00,100 גרם,false,1,9.90,7.07,true,1,
7290017516066,false,חטיף פנגיאה קינואה שוקולד,,,חטיף פנגיאה קינואה ש,Unknown,0.00,Unknown,false,1,8.50,8.50,true,1,
7290017516295,false,חטיף חלבון פרוטאין אגוז לוז שוקולד 50 גר,,,חטיף חלבון פרוטאין א,גרמים,50.00,100 גרם,false,1,11.50,23.00,true,1,
7290017516448,false,"פנגיאה שוקולד קוקוס תמרים,שקדים 300 גרם",,IL,פנגיאה שוקולד קוקוס,גרמים,300.00,100 גרם,false,1,35.90,11.97,true,1,
7290017599229,false,סוכרזית סוכרלוז 200 טבליות,,IL,סוכרזית סוכרלוז 200,Unknown,0.00,Unknown,false,1,25.90,25.90,true,1,
7290017617046,false,רביעיית טונה בשמן זית כתית  4*140 גר,,,רביעיית טונה בשמן זי,גרמים,560.00,100 גרם,false,1,29.90,5.34,true,1,
7290017617084,false,סטארקיסט מיקס טו גו טונה ושעועית 185 גרם,,,סטארקיסט מיקס טו גו,גרמים,185.00,100 גרם,false,1,13.90,7.51,true,1,
7290017617435,false,טונה סטארקיסט סלמון עדשים קינואה וירק160,,PL,טונה סטארקיסט סלמון,גרמים,160.00,100 גרם,false,1,16.90,10.56,true,1,
7290017647425,false,יין גמלא קברנה סוביניון 2019 750 מל,,,יין גמלא קברנה סובינ,Unknown,0.00,Unknown,false,1,67.90,67.90,true,1,
7290017647852,false,"יין ירדן מרלו 2019 750 מ""ל",,,יין ירדן מרלו 2019 7,Unknown,0.00,Unknown,false,1,104.90,104.90,true,1,
7290017676098,false,חמאת גוף אורגנית 100 מל,,,חמאת גוף אורגנית 100,מיליליטרים,100.00,"100 מ""ל",false,1,41.90,41.90,true,1,
7290017677804,false,"רוטב סויה קיקומן 444 מ""ל",,,רוטב סויה קיקומן 444,מיליליטרים,444.00,"100 מ""ל",false,1,25.10,5.65,true,1,
7290017712215,false,פרמיו שימורי מזון מל,,,פרמיו שימורי מזון מל,Unknown,0.00,Unknown,false,1,4.90,4.90,true,1,
7290017712246,false,פרמיו שימורי מזון מל,,,פרמיו שימורי מזון מל,Unknown,0.00,Unknown,false,1,5.90,5.90,true,1,
7290017712260,false,פרמיו פטה סלמון לכלב,,,פרמיו פטה סלמון לכלב,Unknown,0.00,Unknown,false,1,5.90,5.90,true,1,
7290017712277,false,פרמיו שימורי מזון מל,,,פרמיו שימורי מזון מל,Unknown,0.00,Unknown,false,1,5.90,5.90,true,1,
7290017712727,false,פרמיו גור בקר וכבד 1,,,פרמיו גור בקר וכבד 1,Unknown,0.00,Unknown,false,1,4.90,4.90,true,1,
7290017712734,false,פרמיו גור עוף וכבד 1,,,פרמיו גור עוף וכבד 1,Unknown,0.00,Unknown,false,1,4.90,4.90,true,1,
7290017791142,false,קרקר כוסמין מלא שקית,,IL,קרקר כוסמין מלא שקית,גרמים,225.00,100 גרם,false,1,27.90,12.40,true,1,
7290017812571,false,יין תירוש אדום 100%ה טבעי 1 ליטר,,,יין תירוש אדום 100%,Unknown,0.00,Unknown,false,1,21.90,21.90,true,1,
7290017812670,false,"יין יתיר דרום אדום 750 מ""ל",,IL,יין יתיר דרום אדום 7,Unknown,0.00,Unknown,false,1,87.90,87.90,true,1,
7290017812830,false,"יין רוזה 750 מ""ל P.C",,,"יין רוזה 750 מ""ל P.C",Unknown,0.00,Unknown,false,1,42.90,42.90,true,1,
7290017816135,false,פריכיות כוסמין מקור הכוסמין 90 גר,זן-בר,IL,פריכיות כוסמין מקור,גרמים,90.00,100 גרם,false,1,10.90,12.11,true,1,
7290017871363,false,סבון ידיים פמלי יהלום שמן זית מקדמיה 500,,TR,סבון ידיים פמלי יהלו,מיליליטרים,500.00,"100 מ""ל",false,1,11.90,2.38,true,1,
7290017888026,false,"פרוט & וג אננס תפוח גזר 350 מ""ל",,IL,פרוט & וג אננס תפוח,מיליליטרים,350.00,"100 מ""ל",false,1,8.90,2.54,true,1,
7290017888088,false,"שוופס מוגז עדין אפרסק 330 מ""ל פחית",,IL,שוופס מוגז עדין אפרס,מיליליטרים,330.00,"100 מ""ל",false,1,4.90,1.48,true,1,
7290017888347,false,מי עדן אישי 500 מל,,IL,מי עדן אישי 500 מל,מיליליטרים,500.00,"100 מ""ל",false,1,2.90,0.58,true,1,
7290017888354,false,מים ספורט 750 מל,,,מים ספורט 750 מל,מיליליטרים,750.00,"100 מ""ל",false,1,3.00,0.40,true,1,
7290017888644,false,"פרוט & וג בננה מלון נענע 350 מ""ל",,IL,פרוט & וג בננה מלון,מיליליטרים,350.00,"100 מ""ל",false,1,8.90,2.54,true,1,
7290017888729,false,שוופס סודה 1 ליטר,,IL,שוופס סודה 1 ליטר,מיליליטרים,1000.00,"100 מ""ל",false,1,4.90,0.49,true,1,
7290017888972,false,מי עדן פקק ספורט 1 ליטר,,IL,מי עדן פקק ספורט 1 ל,מיליליטרים,1000.00,"100 מ""ל",false,1,4.50,0.45,true,1,
7290017894010,false,מי קוקוס אורגני עם אננס גרין קוקו 1 ליטר,,VN,מי קוקוס אורגני עם א,מיליליטרים,1000.00,"100 מ""ל",false,1,21.90,2.19,true,1,
7290017894089,false,קמח שיבולת שועל דגש 400 גרם,,IL,קמח שיבולת שועל דגש,גרמים,400.00,100 גרם,false,1,22.90,5.73,true,1,
7290017894096,false,ממרח בטעם מיונז טבעוני אורגני 350 גרם,,DE,ממרח בטעם מיונז טבעו,גרמים,350.00,100 גרם,false,1,23.90,6.83,true,1,
7290017894126,false,פוזילי טריקולור דגש 400 גרם,,IL,פוזילי טריקולור דגש,גרמים,400.00,100 גרם,false,1,11.90,2.98,true,1,
7290017894140,false,נייר טואלט אקולוגי,,,נייר טואלט אקולוגי,Unknown,0.00,Unknown,false,1,46.90,46.90,true,1,
7290017894171,false,"קרם קוקוס אורגני גרין קוקו 250 מ""ל",,LK,קרם קוקוס אורגני גרי,מיליליטרים,250.00,"100 מ""ל",false,1,10.90,4.36,true,1,
7290017894218,false,גרנולה ש.שועל מלאה ופירות דגש 250 גרם,,IL,גרנולה ש.שועל מלאה ו,גרמים,250.00,100 גרם,false,1,21.90,8.76,true,1,
7290017894287,false,שקיות אוכל מנייר אקולוגי 50 יח,,IL,שקיות אוכל מנייר אקו,Unknown,0.00,Unknown,false,1,15.90,15.90,true,1,
7290017894300,false,גנדולה עוגיות כוסמין לימון אורגני 250,,IT,גנדולה עוגיות כוסמין,גרמים,250.00,100 גרם,false,1,15.90,6.36,true,1,
7290017894317,false,גנדולה עוגיות כוסמין ש.ציפס אורגני 250,,IT,גנדולה עוגיות כוסמין,גרמים,250.00,100 גרם,false,1,15.90,6.36,true,1,
7290017894348,false,חמאת אגוזי נמר שקדים ופיסטוק 350 גרם,,IT,חמאת אגוזי נמר שקדים,גרמים,350.00,100 גרם,false,1,34.90,9.97,true,1,
7290017924014,false,מארז ציפס תפוחי עץ כרם 4*22 גרם,,,מארז ציפס תפוחי עץ כ,גרמים,88.00,100 גרם,false,1,18.90,21.48,true,1,
7290017924724,false,גרגירי חומוס אורגני 500 גרם,,IL,גרגירי חומוס אורגני,גרמים,500.00,100 גרם,false,1,11.90,2.38,true,1,
7290017928210,false,בייגלה גדול שומשום 250 גרם,,IL,בייגלה גדול שומשום 2,גרמים,250.00,100 גרם,false,1,12.90,5.16,true,1,
7290017932088,false,בסיס פאי אפוי 170 גר,,,בסיס פאי אפוי 170 גר,גרמים,170.00,100 גרם,false,1,17.30,10.18,true,1,
7290017932231,false,"סירופ מייפל טהור גאלה 250 מ""ל",,,סירופ מייפל טהור גאל,מיליליטרים,250.00,"100 מ""ל",false,1,33.90,13.56,true,1,
7290017973975,false,רצועות קלמרי מיובש ומומלח עם פלפל צילי,,,רצועות קלמרי מיובש ו,גרמים,90.00,100 גרם,false,1,15.40,17.11,true,1,
7290017973982,false,פרוסות דג שיבוט אלבין מיובש עם צילי 100,,,פרוסות דג שיבוט אלבי,גרמים,100.00,100 גרם,false,1,14.60,14.60,true,1,
7290017973999,false,פרוסות דג שיבוט אלבין מיובש ומומלח 100 ג,,,פרוסות דג שיבוט אלבי,גרמים,100.00,100 גרם,false,1,14.60,14.60,true,1,
7290018045084,false,דגניםבמילוי קרם טעם בראוניז 480 גרם,,DE,דגניםבמילוי קרם טעם,מטרים,0.00,מטר,false,1,25.50,25.50,true,1,
7290018080313,false,מגבון חיטוי וניקוי העור 60 מגבונים,,,מגבון חיטוי וניקוי ה,Unknown,0.00,Unknown,false,1,13.90,13.90,true,1,
7290018080320,false,מגבון חיטוי וניקוי העור 24 מגבונים,,,מגבון חיטוי וניקוי ה,Unknown,0.00,Unknown,false,1,19.90,19.90,true,1,
7290018091074,false,בצק עוגיות שוקולד ציפס מעדנות 300 גרם,,IL,בצק עוגיות שוקולד צי,גרמים,300.00,100 גרם,false,1,19.90,6.63,true,1,
7290018091272,false,בצק עוגיות קקאו טריפל שוקולד ציפס  מעדנו,,IL,בצק עוגיות קקאו טריפ,גרמים,300.00,100 גרם,false,1,19.90,6.63,true,1,
7290018091470,false,גלילת ביסקווטים בטעם שוקולד מעדנות 300 ג,,IL,גלילת ביסקווטים בטעם,גרמים,300.00,100 גרם,false,1,17.90,5.97,true,1,
7290018131978,false,טילון אוראו 70 גרם,,,טילון אוראו 70 גרם,גרמים,70.00,100 גרם,false,1,10.90,15.57,true,1,
7290018285145,false,קוסקוס איטלקי דר שקשוקה 500 גרם,,,קוסקוס איטלקי דר שקש,גרמים,500.00,100 גרם,false,1,10.90,2.18,true,1,
7290018338193,false,כורכום טחון אורגני 90 גרם,,IN,כורכום טחון אורגני 9,Unknown,0.00,Unknown,false,1,15.90,15.90,true,1,
7290018338216,false,פלפל שחור גרוס אורגני 80 גרם,,IN,פלפל שחור גרוס אורגנ,גרמים,80.00,100 גרם,false,1,15.90,19.88,true,1,
7290018338278,false,אבקת קארי אורגני 90 גרם,,IN,אבקת קארי אורגני 90,גרמים,90.00,100 גרם,false,1,15.90,17.67,true,1,
7290018338292,false,מולסה אורגנית 500 גרם,,CZ,מולסה אורגנית 500 גר,גרמים,500.00,100 גרם,false,1,27.90,5.58,true,1,
7290018359686,false,חומוס ענק יכין 550 ג A2,,IL,חומוס ענק יכין 550 ג,גרמים,550.00,100 גרם,false,1,10.90,1.98,true,1,
7290018367322,false,שומשום בטעם רוטב סויה 100 גרם,,TW,שומשום בטעם רוטב סוי,גרמים,100.00,100 גרם,false,1,19.90,19.90,true,1,
7290018371183,false,זיתי קלמטה שלמים אורגני 300 גרם,,GR,זיתי קלמטה שלמים אור,גרמים,300.00,100 גרם,false,1,16.90,5.63,true,1,
7290018380505,false,"אורז פרסי לבן ארוך 1 ק""ג",,TH,אורז פרסי לבן ארוך 1,גרמים,1000.00,100 גרם,false,1,7.90,0.79,true,1,
7290018380543,false,"סקוויז מחית תפו""ע 100 גרם",,,"סקוויז מחית תפו""ע 10",גרמים,100.00,100 גרם,false,1,6.50,6.50,true,1,
7290018380574,false,"סקוויז מחית תפו""ע ואגס 100 גרם",,,"סקוויז מחית תפו""ע וא",גרמים,100.00,100 גרם,false,1,6.50,6.50,true,1,
7290018394038,false,פיטריות שיטאקי מיובשות חוות תקוע,,,פיטריות שיטאקי מיובש,Unknown,0.00,Unknown,false,1,10.90,10.90,true,1,
7290018440223,false,צאי מסאלה  25 שקיקים 50 גר,,,צאי מסאלה  25 שקיקים,גרמים,50.00,100 גרם,false,1,22.90,45.80,true,1,
7290018440438,false,טונה קאלוו איזי פליפ בשמן 65 גר*3,קאלוו,ES,טונה קאלוו איזי פליפ,גרמים,195.00,100 גרם,false,1,26.90,13.79,true,1,
7290018440483,false,140  בייגלה מצופה בקרמל מלוח ושוקולד גר,,,140  בייגלה מצופה בק,גרמים,140.00,100 גרם,false,1,9.90,7.07,true,1,
7290018440490,false,סלט טונה קאלוו עם קוסקוס 150 גר,,,סלט טונה קאלוו עם קו,גרמים,150.00,100 גרם,false,1,14.90,9.93,true,1,
7290018440513,false,סלט קליפורנייה קאלוו עם טונה 150 גר,,,סלט קליפורנייה קאלוו,גרמים,150.00,100 גרם,false,1,14.90,9.93,true,1,
7290018440520,false,סלט טונה קאלוו מקסיקני 150 גר,קאלוו,,סלט טונה קאלוו מקסיק,גרמים,150.00,100 גרם,false,1,14.90,9.93,true,1,
7290018468319,false,נקניקיה טבעונית בסגנון צוריסוס טירת צבי 400 גרם,,IL,נקניקיה טבעונית בסגנ,גרמים,400.00,100 גרם,false,1,42.90,10.73,true,1,
7290018468326,false,נקניקיה טבעונית בסגנון אמריקאי טירת צבי 400 גרם,,IL,נקניקיה טבעונית בסגנ,גרמים,400.00,100 גרם,false,1,42.90,10.73,true,1,
7290018468418,false,פסטרמה צמחונית בטעם מפולפל 100 ג טירת צב,,IL,פסטרמה צמחונית בטעם,גרמים,100.00,100 גרם,false,1,20.90,20.90,true,1,
7290018468425,false,נקניק טבעוני בטעם פקנטי 100 גרם טירת צבי,,IL,נקניק טבעוני בטעם פק,גרמים,100.00,100 גרם,false,1,20.90,20.90,true,1,
7290018468432,false,נקניק טבעוני בטעם מעושן 100 גרם טירת צבי,,IL,נקניק טבעוני בטעם מע,גרמים,100.00,100 גרם,false,1,20.90,20.90,true,1,
7290018471029,false,שישיית שוופס סודה לימון 500 מל,,,שישיית שוופס סודה לי,מיליליטרים,1500.00,"100 מ""ל",false,1,17.30,1.15,true,1,
7290018471036,false,"שוופס סודה לימון 500 מ""ל",,,שוופס סודה לימון 500,מיליליטרים,500.00,"100 מ""ל",false,1,2.90,0.58,true,1,
7290018471210,false,קרטונית נקטר ספרינג תפוח סברס 1 ליטר,,,קרטונית נקטר ספרינג,מיליליטרים,1000.00,"100 מ""ל",false,1,7.40,0.74,true,1,
7290018471463,false,תפוזינה תפוז מנגו 1 ל קרטונית enjoy,,,תפוזינה תפוז מנגו 1,מיליליטרים,1000.00,"100 מ""ל",false,1,8.00,0.80,true,1,
7290018471470,false,תפוזינה תפוז פסיפלורה 1 ל קרטונית enjoy,,,תפוזינה תפוז פסיפלור,מיליליטרים,1000.00,"100 מ""ל",false,1,8.00,0.80,true,1,
7290018471494,false,תפוזינה תפוז גזר 1 ל קרטונית enjoy,,,תפוזינה תפוז גזר 1 ל,מיליליטרים,1000.00,"100 מ""ל",false,1,8.00,0.80,true,1,
7290018471951,false,שוופס מוגז אשכולית אדומה 1.5 ל,,IL,שוופס מוגז אשכולית א,ליטרים,0.00,ליטר,false,1,9.30,9.30,true,1,
7290018516065,false,פרמיו דליקט טונה וסל,,,פרמיו דליקט טונה וסל,Unknown,1.00,Unknown,false,1,9.90,9.90,true,1,
7290018593295,false,קשיו פסטו חצי קשה טבעוני פלנטי 200 גרם,,IL,קשיו פסטו חצי קשה טב,גרמים,200.00,100 גרם,false,1,30.90,15.45,true,1,
7290018593301,false,קשיו כמהין חצי קשה טבעוני פלנטי 200 גרם,,IL,קשיו כמהין חצי קשה ט,גרמים,200.00,100 גרם,false,1,30.90,15.45,true,1,
7290018677070,false,"קרם קוקוס אורגני 330 מ""ל",,LK,קרם קוקוס אורגני 330,מיליליטרים,330.00,"100 מ""ל",false,1,14.20,4.30,true,1,
7290018681763,false,גרנולה שוקולד כרם 444 גרם,,IL,גרנולה שוקולד כרם 44,גרמים,444.00,100 גרם,false,1,19.90,4.48,true,1,
7290018681770,false,גרנולה שקדים כרם 444 גרם,,IL,גרנולה שקדים כרם 444,גרמים,444.00,100 גרם,false,1,19.90,4.48,true,1,
7290018681930,false,פריכיות שיבולת שועל כרם 100 גרם,,,פריכיות שיבולת שועל,גרמים,100.00,100 גרם,false,1,7.90,7.90,true,1,
7290018703229,false,חטיף חלבון שוקולד אגוזים פראוד 60 גרם,,,חטיף חלבון שוקולד אג,גרמים,60.00,100 גרם,false,1,13.90,23.17,true,1,
7290018724804,false,זרעי ציה 230 גרם NATURALE,,IL,זרעי ציה 230 גרם NAT,גרמים,230.00,100 גרם,false,1,14.90,6.48,true,1,
7290018889305,false,עוגת רד וולוט חלבי נטלי*5 225 גרם,,,עוגת רד וולוט חלבי נ,גרמים,225.00,100 גרם,false,1,22.90,10.18,true,1,
7290018889404,false,עוגת פס רד וולוט חלבי נטלי 550 גרם,,,עוגת פס רד וולוט חלב,גרמים,550.00,100 גרם,false,1,43.90,7.98,true,1,
7290018889473,false,מוס גבינה מצופה פררו רושה נטלי *5,,,מוס גבינה מצופה פררו,גרמים,155.00,100 גרם,false,1,22.90,14.77,true,1,
7290018921654,false,אפקטיב קר ת. רחצה מועשר בתמצית לבנ 700 מ,,,אפקטיב קר ת. רחצה מו,יחידה,1.00,יחידה,false,1,17.90,17.90,true,1,
7290018921852,false,אפקטיב קר ת. רחצה מועשר בשמן ארגן 700 מ,,,אפקטיב קר ת. רחצה מו,יחידה,1.00,יחידה,false,1,17.90,17.90,true,1,
7290018925065,false,מיץ תפוזים סחוט 2 ל פרימור,,IL,מיץ תפוזים סחוט 2 ל,מיליליטרים,2000.00,"100 מ""ל",false,1,28.90,1.45,true,1,
7290018925072,false,משקה קל לימונים ונענע 2 ל פרימור,,IL,משקה קל לימונים ונענ,ליטרים,2.00,ליטר,false,1,28.90,14.45,true,1,
7290018925416,false,מיץ לימון ופסיפלורה 410 מל פרימור,,,מיץ לימון ופסיפלורה,מיליליטרים,410.00,"100 מ""ל",false,1,11.90,2.90,true,1,
7290018949009,false,גרופר משקה קל מוגז אורגני תפוזזה   330 מ,,PL,גרופר משקה קל מוגז א,מיליליטרים,330.00,"100 מ""ל",false,1,9.50,2.88,true,1,
7290018949016,false,"גרופר משקה קל מוגז אורגני תפוחחה  330 מ""",,PL,גרופר משקה קל מוגז א,מיליליטרים,330.00,"100 מ""ל",false,1,9.50,2.88,true,1,
7290018972779,false,נודלס מנה חמה בקר תומר 72 גרם,,,נודלס מנה חמה בקר תו,גרמים,72.00,100 גרם,false,1,6.50,9.03,true,1,
7290018972786,false,נודלס מנה חמה ירקות תומר 72 גרם,,,נודלס מנה חמה ירקות,גרמים,72.00,100 גרם,false,1,6.50,9.03,true,1,
7290019056027,false,שוופס מוגז פירות ללא סוכר תפוח 1.5 ל,,IL,שוופס מוגז פירות,ליטרים,0.00,ליטר,false,1,8.80,8.80,true,1,
7290019056034,false,שוופס מוגז אננס ללא סוכר  1.5 ל,,IL,שוופס מוגז אננס ללא,ליטרים,0.00,ליטר,false,1,8.80,8.80,true,1,
7290019056041,false,שוופס מוגז  ללא סוכר למונייד 1.5 ל,,IL,שוופס מוגז  ללא סוכר,ליטרים,0.00,ליטר,false,1,8.80,8.80,true,1,
7290019056072,false,שוופס מוגז עדין אננס 1.5 ליטר,,IL,שוופס מוגז עדין אננס,ליטרים,0.00,ליטר,false,1,9.90,9.90,true,1,
7290019056089,false,שוופס מוגז עדין ריזלינג 1.5 ליטר,,IL,שוופס מוגז עדין ריזל,ליטרים,0.00,ליטר,false,1,9.90,9.90,true,1,
7290019056096,false,שוופס מוגז עדין אפרסק  1.5 ליטר,,IL,שוופס מוגז עדין אפרס,ליטרים,0.00,ליטר,false,1,9.90,9.90,true,1,
7290019056164,false,רביעיית שוופס סודה 1.5 לי,,IL,רביעיית שוופס סודה 1,ליטרים,0.00,ליטר,false,1,13.10,13.10,true,1,
7290019056201,false,שוופס סודה פירות יער 1.5 ליטר,,IL,שוופס סודה פירות יער,ליטרים,0.00,ליטר,false,1,13.10,13.10,true,1,
7290019056232,false,שוופס ליים מוחיטו 1.5 ליטר,,IL,שוופס ליים מוחיטו 1.,ליטרים,0.00,ליטר,false,1,11.90,11.90,true,1,
7290019056256,false,שוופס WATER תפוח 1.5 ליטר,,IL,שוופס WATER תפוח 1.5,ליטרים,0.00,ליטר,false,1,9.90,9.90,true,1,
7290019056294,false,שוופס גינגר 1.5 ליטר,,IL,שוופס גינגר 1.5 ליטר,ליטרים,0.00,ליטר,false,1,12.70,12.70,true,1,
7290019056300,false,שוופס ביטר 1.5 ליטר,,IL,שוופס ביטר 1.5 ליטר,ליטרים,0.00,ליטר,false,1,12.70,12.70,true,1,
7290019056317,false,משקה 1.5 ל  SCHWEPPES RUSSCHIAN,,IL,משקה  שוופס ראשן 1.5,ליטרים,0.00,ליטר,false,1,12.70,12.70,true,1,
7290019056324,false,שוופס טוניק 1.5 ליטר,,IL,שוופס טוניק 1.5 ליטר,ליטרים,0.00,ליטר,false,1,12.70,12.70,true,1,
7290019056331,false,שוופס טוניק ללא סוכר 1.5 ליטר,,IL,שוופס טוניק ללא סוכר,ליטרים,0.00,ליטר,false,1,12.70,12.70,true,1,
7290019056423,false,תפוזינה תפוח רענן 1.5 ליטר,,IL,תפוזינה תפוח רענן 1.,ליטרים,0.00,ליטר,false,1,9.50,9.50,true,1,
7290019056485,false,משקה ספרינג טי לימון לואיזה   1.5 ליטר,,IL,משקה ספרינג טי לימון,ליטרים,0.00,ליטר,false,1,8.90,8.90,true,1,
7290019056492,false,משקה ספרינג טי טעם נולד  1.5 ליטר,,IL,ספרינג תה מנגו אפרסק,ליטרים,0.00,ליטר,false,1,8.90,8.90,true,1,
7290019056553,false,שישיית מים עין גדי 2 ליטר,,IL,שישיית מים עין גדי 2,ליטרים,0.01,ליטר,false,1,13.80,1380.00,true,1,
7290019056591,false,ספרינג ענבים 1.5 ליטר,,IL,ספרינג ענבים 1.5 ליט,ליטרים,0.00,ליטר,false,1,9.50,9.50,true,1,
7290019056638,false,ספרינג תות בננה 1.5 ליטר,,IL,ספרינג תות בננה 1.5,ליטרים,0.00,ליטר,false,1,9.50,9.50,true,1,
7290019056652,false,ספרינג אננס בננה 1.5 ליטר,,IL,ספרינג אננס בננה 1.5,ליטרים,0.00,ליטר,false,1,9.50,9.50,true,1,
7290019056881,false,שוופס סודה 1.5 ליטר,,,שוופס סודה 1.5 ליטר,ליטרים,0.00,ליטר,false,1,4.00,4.00,true,1,
7290019056898,false,שוופס סודה לימון 1.5 ליטר,,IL,שוופס סודה לימון 1.5,ליטרים,0.00,ליטר,false,1,3.90,3.90,true,1,
7290019056904,false,שוופס סודה תפוח 1.5 ל,,IL,שוופס סודה תפוח 1.5,ליטרים,0.00,ליטר,false,1,3.90,3.90,true,1,
7290019056942,false,מי עין גדי 2 ל,,IL,מי עין גדי 2 ל,ליטרים,0.00,ליטר,false,1,3.00,3.00,true,1,
7290019056966,false,מי עדן 1.5 ליטר,,IL,מי עדן 1.5 ליטר,ליטרים,0.00,ליטר,false,1,5.20,5.20,true,1,
7290019056973,false,שישיית מי עדן 1.5 ליטר משפחתי,,IL,שישיית מי עדן 1.5 לי,ליטרים,0.01,ליטר,false,1,14.90,1490.00,true,1,
7290019108610,false,פומאז- מעדן שוקולד ואמרנה 120 גרם,,,פומאז- מעדן שוקולד ו,גרמים,120.00,100 גרם,false,1,10.90,9.08,true,1,
7290019153078,false,שוופס ביטר למון לייט 1.5 ל,,,שוופס ביטר למון לייט,ליטרים,0.00,ליטר,false,1,12.70,12.70,true,1,
7290019153085,false,שוופס לייםמוחיטו ללא סוכר 1.5 ל,,,שוופס ליים מוחיטו לל,ליטרים,0.00,ליטר,false,1,10.90,10.90,true,1,
7290019153283,false,שוופס סודה אננס 1.5 ל,,IL,שוופס סודה אננס 1.5,ליטרים,0.00,ליטר,false,1,3.90,3.90,true,1,
7290019153306,false,שוופס סודה פתוח 1.5 ליטר,,IL,שוופס סודה תפוח 1.5,ליטרים,0.00,ליטר,false,1,4.00,4.00,true,1,
7290019153344,false,תפוזינה סנגרייה 1.5 ל,,IL,תפוזינה סנגרייה 1.5,ליטרים,0.00,ליטר,false,1,9.50,9.50,true,1,
7290019153351,false,תפוזינה פינק אוזו 1.5 ל,,IL,תפוזינה פינק אוזו 1.,ליטרים,0.00,ליטר,false,1,9.50,9.50,true,1,
7290019153375,false,תפוזינה מוחיטו 1.5 ל,,IL,תפוזינה מוחיטו 1.5 ל,ליטרים,0.00,ליטר,false,1,9.50,9.50,true,1,
7290019167020,false,עוגת גבינה עם פירות יער לייט 80 גרם,,,עוגת גבינה עם פירות,גרמים,80.00,100 גרם,false,1,7.90,9.88,true,1,
7290019167037,false,תותים בקצפת 80 גרם,,,תותים בקצפת 80 גרם,גרמים,80.00,100 גרם,false,1,7.90,9.88,true,1,
7290019167044,false,קצפת עם קרם בייגלה מתוק מלוח 80 גרם,,,קצפת עם קרם בייגלה מ,גרמים,80.00,100 גרם,false,1,7.90,9.88,true,1,
7290019232155,false,תה ויסוצקי חליטת לילה טוב קמומיל לבנדר25,,,תה ויסוצקי חליטת ליל,יחידה,1.00,יחידה,false,1,26.90,26.90,true,1,
7290019297239,false,צימוק חום 330 גר,,,צימוק חום 330 גר,גרמים,330.00,100 גרם,false,1,15.40,4.67,true,1,
7290019297451,false,"מי ורדים 500 מ""ל",,,"מי ורדים 500 מ""ל",מיליליטרים,500.00,"100 מ""ל",false,1,22.50,4.50,true,1,
7290019297512,false,"רוטב רימונים שקדיה 340 מ""ל בדץ",,,רוטב רימונים שקדיה 3,מיליליטרים,340.00,"100 מ""ל",false,1,13.70,4.03,true,1,
7290019297536,false,חמאת בוטנים עם שברי בוטנים 510 גרם,,,חמאת בוטנים עם שברי,גרמים,510.00,100 גרם,false,1,16.40,3.22,true,1,
7290019297543,false,חמאת בוטנים 510 גרם,,,חמאת בוטנים 510 גרם,גרמים,510.00,100 גרם,false,1,16.40,3.22,true,1,
7290019297550,false,בוטנים מטוגנים בקוספא 185 גרם,,,בוטנים מטוגנים בקוספ,גרמים,185.00,100 גרם,false,1,10.90,5.89,true,1,
7290019297635,false,שקד קלויים 150 גרם ששון הקולה,,,שקד קלויים 150 גרם ש,גרמים,150.00,100 גרם,false,1,17.90,11.93,true,1,
7290022005562,false,קריספ שום 300 גרם,,IL,קריספ שום 300 גרם,גרמים,300.00,100 גרם,false,0,8.90,2.97,true,1,
7290067642005,false,"בירה גולדסטאר 10% 330 מ""ל SLOW BREW",,,בירה גולדסטאר 10% 33,מיליליטרים,1980.00,"100 מ""ל",false,1,8.50,0.43,true,1,
7290089617074,false,פטריות  מסליאטה מוחמצות 680 ג,,CN,פטריות  מסליאטה מוחמ,גרמים,680.00,100 גרם,false,1,17.60,2.59,true,1,
7290089617142,false,פטריות  אופיאטה מוחמצפוסולסקי דבור 680 ג,,CN,פטריות  אופיאטה מוחמ,גרמים,680.00,100 גרם,false,1,17.60,2.59,true,1,
7290100245231,false,מרק נמס בכוס ועוד ט.עוף שקדי מרק - קנור,,,מרק נמס בכוס ועוד ט.,גרמים,50.00,100 גרם,false,1,8.50,17.00,true,1,
7290100249598,false,קנור רוטב שום ודבש 320 גרם,,,קנור רוטב שום ודבש 3,גרמים,320.00,100 גרם,false,1,14.90,4.66,true,1,
7290100321775,false,חזה עוף טרי,,,חזה עוף טרי,Unknown,0.00,"ק""ג",true,0,35.90,35.90,true,1,
7290100323038,false,כרעיים עוף טרי,,,כרעיים עוף טרי,Unknown,0.00,"ק""ג",true,0,24.90,24.90,true,1,
7290100412831,false,תח.רחצה אנטי איגינג וניל טרופי דר עור700,,,תח.רחצה אנטי איגינג,מיליליטרים,700.00,"100 מ""ל",false,1,23.20,3.31,true,1,
7290100570074,false,אבזרי מטבח,,,אבזרי מטבח,Unknown,0.00,Unknown,false,1,4.90,4.90,true,1,
7290100570234,false,אבזרי מטבח,,,אבזרי מטבח,Unknown,0.00,Unknown,false,1,12.90,12.90,true,1,
7290100570562,false,אבזרי מטבח,,,אבזרי מטבח,יחידה,1.00,יחידה,false,1,45.90,45.90,true,1,
7290100572368,false,אבזרי מטבח,,,אבזרי מטבח,Unknown,0.00,Unknown,false,1,19.90,19.90,true,1,
7290100572702,false,אביזרי מטבח,,,אביזרי מטבח,Unknown,0.00,Unknown,false,1,10.90,10.90,true,1,
7290100573396,false,אביזרי מטבח,,,אביזרי מטבח,Unknown,0.00,Unknown,false,1,9.90,9.90,true,1,
7290100573716,false,אביזרי מטבח,,,אביזרי מטבח,Unknown,0.00,Unknown,false,1,14.90,14.90,true,1,
7290100575086,false,אבזרי מטבח,,,אבזרי מטבח,Unknown,0.00,Unknown,false,1,6.90,6.90,true,1,
7290100653463,false,"סבון נוזלי פלמוליב ספא מסג  500 מ""ל",,,סבון נוזלי פלמוליב ס,מיליליטרים,500.00,"100 מ""ל",false,1,21.90,4.38,true,1,
7290100658338,false,"פלמוליב אוקסי פלוס כחול 750 מ""ל שקוף",,,פלמוליב אוקסי פלוס כ,מיליליטרים,750.00,"100 מ""ל",false,1,13.90,1.85,true,1,
7290100680728,false,פירורית 350 גרם,,,פירורית 350 גרם,גרמים,350.00,100 גרם,false,1,8.90,2.54,true,1,
7290100685600,false,פירורית חיטה מלאה 200 גרם,,,פירורית חיטה מלאה 20,גרמים,200.00,100 גרם,false,1,10.10,5.05,true,1,
7290100685938,false,עוגת הבית דבש ותפוח עץ עם פירורים 400 גר,,,עוגת הבית דבש ותפוח,גרמים,400.00,100 גרם,false,1,18.90,4.73,true,1,
7290100687109,false,במבה במילוי נוגת 60 גרם,,,במבה במילוי נוגת 60,גרמים,60.00,100 גרם,false,1,4.90,8.17,true,1,
7290100689301,false,מרק טעם עוף זך עדיף  400 גרם,,,מרק טעם עוף זך עדיף,גרמים,400.00,100 גרם,false,1,18.80,4.70,true,1,
7290100700020,false,גריסי פנינה 500 גרם,,,גריסי פנינה 500 גרם,גרמים,200.00,100 גרם,false,1,6.50,3.25,true,1,
7290100700075,false,פירורי לחם מוזהבים 200 גרם,,,פירורי לחם מוזהבים 2,גרמים,200.00,100 גרם,false,1,4.40,2.20,true,1,
7290100700242,false,אורז מלא עגול 1 קג,,,"אורז מלא עגול 1 ק""ג",גרמים,1000.00,100 גרם,false,1,11.90,1.19,true,1,
7290100700273,false,קינואה 500 גרם,,,קינואה 500 גרם,גרמים,500.00,100 גרם,false,1,15.90,3.18,true,1,
7290100700297,false,עדשים מנומרות 500 גרם,,,עדשים מנומרות 500 גר,גרמים,500.00,100 גרם,false,1,8.80,1.76,true,1,
7290100700372,false,אורז בסמטי מלא 1 קג,,,"אורז בסמטי מלא 1 ק""ג",גרמים,1000.00,100 גרם,false,1,13.90,1.39,true,1,
7290100700389,false,אורז  אדום 1 קג,,,"אורז  אדום 1 ק""ג",גרמים,1000.00,100 גרם,false,1,16.70,1.67,true,1,
7290100700396,false,אורז יסמין קלאסי 1 קג,,,אורז יסמין קלאסי 1 ק,גרמים,1000.00,100 גרם,false,1,12.90,1.29,true,1,
7290100700563,false,אורז מיקס 1 קג,,,"אורז מיקס 1 ק""ג",גרמים,1000.00,100 גרם,false,1,15.90,1.59,true,1,
7290100700587,false,בורגול 500 גרם,,,בורגול 500 גרם,גרמים,500.00,100 גרם,false,1,4.80,0.96,true,1,
7290100701140,false,אורז ריזוטו ארבוריו 1 קג,,,אורז ריזוטו ארבוריו,גרמים,1000.00,100 גרם,false,1,15.90,1.59,true,1,
7290100701157,false,אורז סושי 1 קג,,,"אורז סושי 1 ק""ג",גרמים,1000.00,100 גרם,false,1,15.50,1.55,true,1,
7290100701300,false,קינואה אדומה 500 גר סוגת,,,קינואה אדומה 500 גר,גרמים,500.00,100 גרם,false,1,15.90,3.18,true,1,
7290100701331,false,"קמח רב תכליתי 1 ק""ג סוגת",,,"קמח רב תכליתי 1 ק""ג",גרמים,1000.00,100 גרם,false,1,7.90,0.79,true,1,
7290100701454,false,גרישה 500 גר,,,גרישה 500 גר,גרמים,500.00,100 גרם,false,1,4.80,0.96,true,1,
7290100701577,false,"קמח לחם 1 ק""ג סוגת",,,"קמח לחם 1 ק""ג סוגת",גרמים,1000.00,100 גרם,false,1,7.90,0.79,true,1,
7290100701881,false,"קמח פיצה ופוקצה 1 ק""ג סוגת",,,"קמח פיצה ופוקצה 1 ק""",גרמים,1000.00,100 גרם,false,1,7.90,0.79,true,1,
7290100702260,false,קוסקוס דק 350 גרם,,,קוסקוס דק 350 גרם,גרמים,350.00,100 גרם,false,1,5.90,1.69,true,1,
7290100702277,false,קוסקוס עבה 350 גרם,,,קוסקוס עבה 350 גרם,גרמים,350.00,100 גרם,false,1,5.90,1.69,true,1,
7290100702741,false,סוכר חום בהיר 1 קג בצנצנת,,,"סוכר חום בהיר 1 ק""ג",גרמים,1000.00,100 גרם,false,1,14.60,1.46,true,1,
7290100703007,false,עדשים שחורות בלוגה 500 גר,,,עדשים שחורות בלוגה 5,גרמים,500.00,100 גרם,false,1,9.90,1.98,true,1,
7290100703632,false,"קמח מלא ללא ניפוי 1 ק""ג",,,קמח מלא ללא ניפוי 1,גרמים,1000.00,100 גרם,false,1,9.30,0.93,true,1,
7290100704660,false,קינואה מיקס 500 גרם,,,קינואה מיקס 500 גרם,גרמים,500.00,100 גרם,false,1,14.90,2.98,true,1,
7290100850909,false,דוריטוס נאצו מקסיקני 70 גרם,,IL,דוריטוס נאצו מקסיקני,גרמים,70.00,100 גרם,false,1,4.90,7.00,true,1,
7290100858592,false,קקאו 150 גרם,,,קקאו 150 גרם,גרמים,150.00,100 גרם,false,1,11.90,7.93,true,1,
7290101486688,false,חטיף פרי אנרגיה דגנים עם שוקולד חמישייה,,,חטיף פרי אנרגיה דגני,גרמים,100.00,100 גרם,false,1,19.90,19.90,true,1,
7290101500025,false,בייבי מיקס 300 גרם,,,בייבי מיקס 300 גרם,גרמים,300.00,100 גרם,false,1,11.90,3.97,true,1,
7290101500131,false,מיקס חסה נספק,,,מיקס חסה,Unknown,0.00,Unknown,false,1,11.90,11.90,true,1,
7290101500193,false,חסה רומית נספק,,,חסה רומית,Unknown,0.00,Unknown,false,1,11.90,11.90,true,1,
7290101500506,false,פטרוזיליה ארוזה,,,פטרוזיליה ארוזה,Unknown,0.00,Unknown,false,1,5.90,5.90,true,1,
7290101500513,false,שמיר ארוז,,,שמיר ארוז,Unknown,0.00,Unknown,false,1,5.90,5.90,true,1,
7290101500520,false,כוסברה ארוזה,,,כוסברה ארוזה,Unknown,0.00,Unknown,false,1,5.90,5.90,true,1,
7290101500537,false,נענע ארוזה,,,נענע ארוזה,Unknown,0.00,Unknown,false,1,4.90,4.90,true,1,
7290101500551,false,סלרי אמריקאי ארוז,,,סלרי אמריקאי ארוז,Unknown,0.00,Unknown,false,1,7.90,7.90,true,1,
7290101500568,false,סלרי ראש ארוז,,,סלרי ראש ארוז,Unknown,0.00,Unknown,false,1,5.90,5.90,true,1,
7290101500926,false,תרד ארוז רכות,,,תרד ארוז רכות,Unknown,0.00,Unknown,false,1,12.90,12.90,true,1,
7290101501176,false,פלפל טינקרבל,,,פלפל טינקרבל,Unknown,0.00,Unknown,false,1,12.90,12.90,true,1,
7290101501237,false,עגבניות מגי,,,עגבניות מגי,Unknown,0.00,"ק""ג",true,0,19.90,19.90,true,1,
7290101501305,false,מלפפוני טעם,,,מלפפוני טעם,Unknown,0.00,Unknown,false,1,14.90,14.90,true,1,
7290101501589,false,גינגר טבעי,,,גינגר טבעי,Unknown,0.00,Unknown,false,1,11.90,11.90,true,1,
7290101551027,false,קפסולות 14 חזק במיוחד למכונות נספרסו 50,,IL,קפסולות 14 חזק במיוח,גרמים,50.00,100 גרם,false,1,18.90,37.80,true,1,
7290101551263,false,סילאן טבעי 700 גרם יד מרדכי,,,סילאן טבעי 700 גרם י,גרמים,700.00,100 גרם,false,1,29.90,4.27,true,1,
7290101551300,false,סילאן טבעי לחיץ יד מרדכי 380 גרם,,,סילאן טבעי לחיץ יד מ,גרמים,700.00,100 גרם,false,1,16.90,2.41,true,1,
7290101551539,false,דנונה פרו 20 גרם חלבון אפרסק 200 גר,,IL,דנונה פרו 20 גרם חלב,גרמים,200.00,100 גרם,false,1,6.20,3.10,true,1,
7290101863410,false,סיליט באנג ספריי אקונומיקה לניקוי 1.5 ל,,,סיליט באנג ספריי אקו,מיליליטרים,750.00,"100 מ""ל",false,1,17.90,2.39,true,1,
7290101864127,false,קליה אוקסי ספריי 750 מל,,,קליה אוקסי ספריי 750,מיליליטרים,500.00,"100 מ""ל",false,1,19.90,3.98,true,1,
7290101866633,false,קליה גל 3 ל,,,קליה גל 3 ל,ליטרים,0.00,ליטר,false,1,29.90,29.90,true,1,
7290101869702,false,"גל AIO פיניש  600 מ""ל",,,"גל AIO פיניש  600 מ""",מיליליטרים,600.00,"100 מ""ל",false,1,37.50,6.25,true,1,
7290101952176,false,קבנוס ציידים 200 גרם,,,קבנוס ציידים 200 גרם,גרמים,200.00,100 גרם,false,1,26.90,13.45,true,1,
7290101952497,false,גרגרי חומוס טבעפרוסט 800 כר,,,גרגרי חומוס טבעפרוסט,גרמים,800.00,100 גרם,false,1,19.80,2.48,true,1,
7290101952510,false,לקט פרובנס טבעפרוסט 800 גר,,,לקט פרובנס טבעפרוסט,גרמים,800.00,100 גרם,false,1,19.80,2.48,true,1,
7290101952527,false,לקט בסגנון אסייתי טבעפרוסט 800 גר,,,לקט בסגנון אסייתי טב,גרמים,800.00,100 גרם,false,1,19.80,2.48,true,1,
7290101952565,false,מחבת מלבני 21X33,,IL,מיני פריזר ילדים,גרמים,400.00,100 גרם,false,1,37.90,9.48,true,1,
7290101999652,false,נרות מטה כוכבים מיקי,,,נרות מטה כוכבים מיקי,Unknown,0.00,Unknown,false,1,6.90,6.90,true,1,
7290102006441,false,זר יום הולדת לראש עם פרחים-לבן,,CN,זר יום הולדת לראש עם,Unknown,0.00,Unknown,false,24,9.90,9.90,true,1,
7290102030330,false,תפוציפס קראנצ מקסיקני 200 גרם,,,תפוציפס קראנצ מקסיקנ,גרמים,200.00,100 גרם,false,1,10.90,5.45,true,1,
7290102031276,false,אקטימל תות בננה,,,אקטימל תות בננה,גרמים,850.00,100 גרם,false,1,22.70,2.67,true,1,
7290102300822,false,צדר אנגלית כתומה 200 גר,,,צדר אנגלית כתומה 200,גרמים,200.00,100 גרם,false,1,25.90,12.95,true,1,
7290102300860,false,צדר אנגלי 200 גרם,,,צדר אנגלי 200 גרם,גרמים,200.00,100 גרם,false,1,25.90,12.95,true,1,
7290102301881,false,גבינת טרטר עשבי תיבול 150 גר,,,גבינת טרטר עשבי תיבו,גרמים,150.00,100 גרם,false,1,25.90,17.27,true,1,
7290102302246,false,גבינת גאודה הולנדית 200 גרם,,,גבינת גאודה הולנדית,גרמים,200.00,100 גרם,false,0,24.90,12.45,true,1,
7290102302253,false,גבינת עיזים 200 גרם,,,גבינת עיזים 200 גרם,גרמים,200.00,100 גרם,false,1,36.90,18.45,true,1,
7290102302833,false,גבינת גאודה הולנדית 150 גרם,,,גבינת גאודה הולנדית,גרמים,150.00,100 גרם,false,0,21.90,14.60,true,1,
7290102302840,false,גבינת עיזים 150 גרם,,,גבינת עיזים 150 גרם,גרמים,150.00,100 גרם,false,1,27.90,18.60,true,1,
7290102302864,false,גבינת גאודה פסטו ירוק 200 גרם,,NL,גבינת גאודה פסטו ירו,גרמים,200.00,100 גרם,false,1,36.90,18.45,true,1,
7290102302888,false,גבינת גאודה כמון 200 גרם,,NL,גבינת גאודה כמון 200,גרמים,200.00,100 גרם,false,1,36.90,18.45,true,1,
7290102303878,false,אלוויר חמאה נורמנדי 200 גר,,,אלוויר חמאה נורמנדי,גרמים,200.00,100 גרם,false,1,21.90,10.95,true,1,
7290102303984,false,גוש טונה במים רוברט 140 גרם,,PT,גוש טונה במים רוברט,גרמים,140.00,100 גרם,false,1,11.90,8.50,true,1,
7290102390427,false,יוגורט מולר פרופ בטעם תות 150גר,,,יוגורט מולר פרופ בטע,גרמים,150.00,100 גרם,false,1,5.40,3.60,true,1,
7290102390465,false,"פרופ אפרסק פסיפלורה מולר 150 מ""ל",,,פרופ אפרסק פסיפלורה,מיליליטרים,150.00,"100 מ""ל",false,1,5.40,3.60,true,1,
7290102390489,false,"פרופ לימון מולר 150 מ""ל",,,פרופ לימון מולר 150,מיליליטרים,150.00,"100 מ""ל",false,1,5.40,3.60,true,1,
7290102391844,false,"פרופ  מולר פירות יער 150 מ""ל",,,פרופ  מולר פירות יער,גרמים,150.00,100 גרם,false,1,5.40,3.60,true,1,
7290102392094,false,חלב עיזים בקרטון 1ל,,,חלב עיזים בקרטון 1ל,מיליליטרים,1000.00,"100 מ""ל",false,1,18.50,1.85,true,1,
7290102393039,false,מולר מיקס יוגורט קרמי עם פצפוצים 150ג,,,מולר מיקס יוגורט,גרמים,150.00,100 גרם,false,1,6.10,4.07,true,1,
7290102393169,false,SIMPLY FRUIT מולר בטעם תות 3% 150 גר,,,SIMPLY FRUIT מולר בט,מיליליטרים,150.00,"100 מ""ל",false,1,5.40,3.60,true,1,
7290102393176,false,SIMPLY FRUIT מולר בטעם אפרסק 3% 150 גר,,,SIMPLY FRUIT מולר בט,מיליליטרים,150.00,"100 מ""ל",false,1,5.40,3.60,true,1,
7290102393190,false,SIMPLY FRUIT מולר בטעם פירות יער 3%,,,SIMPLY FRUIT מולר בט,מיליליטרים,150.00,"100 מ""ל",false,1,5.40,3.60,true,1,
7290102393299,false,יוגורט עיזים לשתיה 500גר,,,יוגורט עיזים לשתיה 5,גרמים,500.00,100 גרם,false,1,11.40,2.28,true,1,
7290102393848,false,"משק צוריאל יוגורט עיזים תות 3% 140 מ""ל",,,משק צוריאל יוגורט עי,מיליליטרים,140.00,"100 מ""ל",false,1,6.90,4.93,true,1,
7290102393855,false,"משק צוריאל יוגורט עיזים אפרסק 3% 140 מ""ל",,,משק צוריאל יוגורט עי,מיליליטרים,140.00,"100 מ""ל",false,1,6.50,4.64,true,1,
7290102394821,false,"נעם גבינה צהובה דק דק פ""ח 28% 200 גר",,,נעם גבינה צהובה דק ד,גרמים,200.00,100 גרם,false,1,18.90,9.45,true,1,
7290102397310,false,מאגדת מעדן מיני מוו שוקולדת קצפת 8 יח,,,מאגדת מעדן מיני מוו,גרמים,560.00,100 גרם,false,1,14.60,2.61,true,1,
7290102397464,false,מולר נטורל+ פקאן גרעינים וחמוציות 170 גר,,,מולר נטורל+ פקאן גרע,גרמים,170.00,100 גרם,false,1,6.50,3.82,true,1,
7290102397730,false,גבינת אמנטל נעם 200 גרם,,,גבינת אמנטל נעם 200,גרמים,200.00,100 גרם,false,1,19.90,9.95,true,1,
7290102397747,false,מוצרלה נעם רכיבים טבעיים 200 גרם,,,מוצרלה נעם רכיבים,גרמים,200.00,100 גרם,false,1,19.50,9.75,true,1,
7290102399048,false,קשקבל נעם 200 גר,,IL,קשקבל נעם 200 גר,גרמים,200.00,100 גרם,false,1,26.90,13.45,true,1,
7290102399796,false,מולר אקטיב יוגורט חלבון לבן 200 גרם,,IL,מולר אקטיב יוגורט חל,גרמים,200.00,100 גרם,false,1,6.90,3.45,true,1,
7290102399819,false,מולר אקטיב יוגורט חלבון פירות 200 גרם,,IL,מולר אקטיב יוגורט,גרמים,200.00,100 גרם,false,1,6.50,3.25,true,1,
7290102611836,false,להבונים בשקית 50 יח,,CN,להבונים בשקית 50 יח,Unknown,1.00,Unknown,false,1,12.50,12.50,true,1,
7290103401429,false,קפה קצב ברזילאי אוריגינס 200 גר,,,קפה קצב ברזילאי אורי,גרמים,200.00,100 גרם,false,1,29.90,14.95,true,1,
7290103404758,false,כרוב אדום 120 גר,,,כרוב אדום 120 גר,גרמים,125.00,100 גרם,false,1,5.80,4.64,true,1,
7290103408206,false,עלי חסה שטופים בקופסה 250גר,,,עלי חסה שטופים בקופס,גרמים,250.00,100 גרם,false,1,11.90,4.76,true,1,
7290104059117,false,הרשי סירופ שוקולד 680 גרם,,,הרשי סירופ שוקולד,גרמים,680.00,100 גרם,false,1,22.50,3.31,true,1,
7290104061431,false,חומוס צנובר 400 גר,,,חומוס צנובר 400 גר,גרמים,400.00,100 גרם,false,1,13.50,3.38,true,1,
7290104061448,false,חומוס חריף 400 גרם,,,חומוס חריף 400 גרם,גרמים,400.00,100 גרם,false,1,13.50,3.38,true,1,
7290104064012,false,חטיף פסק זמן שוקולד לבן 36 גר 2GOOD,,,חטיף פסק זמן שוקולד,גרמים,36.00,100 גרם,false,1,5.90,16.39,true,1,
7290104065187,false,קפה נמס בטעם מוקה 200 גר,,,קפה נמס בטעם מוקה 20,גרמים,200.00,100 גרם,false,1,26.90,13.45,true,1,
7290104065934,false,עלי רוקט 150גר,,,עלי רוקט 150גר,גרמים,150.00,100 גרם,false,1,10.90,7.27,true,1,
7290104068539,false,מסטיק MUST LL  פליפטופ מלון ואבטיח  28 ג,,,מסטיק MUST LL  פליפט,Unknown,0.00,Unknown,false,1,4.90,4.90,true,1,
7290104068546,false,מסטיק מאסט פליפטופ קולה 28 גר,,,מסטיק מאסט פליפטופ ק,Unknown,0.00,Unknown,false,1,4.90,4.90,true,1,
7290104570513,false,"תמר מגהול 1 ק""ג",,,"תמר מגהול 1 ק""ג",קילוגרמים,0.00,"ק""ג",false,1,29.90,29.90,true,1,
7290104615214,false,צמחים,,,צמחים,Unknown,0.00,Unknown,false,1,25.00,25.00,true,1,
7290104615252,false,צמחים,,,צמחים,Unknown,0.00,Unknown,false,1,40.00,40.00,true,1,
7290104615276,false,צמחים,,,צמחים,Unknown,0.00,Unknown,false,1,65.00,65.00,true,1,
7290104615337,false,צמחים,,,צמחים,Unknown,0.00,Unknown,false,1,45.00,45.00,true,1,
7290104615344,false,צמחים,,,צמחים,Unknown,0.00,Unknown,false,1,50.00,50.00,true,1,
7290104615436,false,צמחים,,,צמחים,Unknown,0.00,Unknown,false,1,15.00,15.00,true,1,
7290104615498,false,צמחים,,,צמחים,Unknown,0.00,Unknown,false,1,21.00,21.00,true,1,
7290104615641,false,חבילת פרחים,,,חבילת פרחים,Unknown,0.00,Unknown,false,1,34.00,34.00,true,1,
7290104615740,false,צמחים,,,צמחים,Unknown,0.00,Unknown,false,1,35.00,35.00,true,1,
7290104615849,false,צמחים,,,צמחים,Unknown,0.00,Unknown,false,1,45.00,45.00,true,1,
7290104615894,false,צמחים,,,צמחים,Unknown,0.00,Unknown,false,1,50.00,50.00,true,1,
7290104615948,false,צמחים,,,צמחים,Unknown,0.00,Unknown,false,1,55.00,55.00,true,1,
7290104615993,false,עציצים,,,עציצים,Unknown,0.00,Unknown,false,1,75.00,75.00,true,1,
7290104618222,false,צמחים,,,צמחים,Unknown,0.00,Unknown,false,1,70.00,70.00,true,1,
7290104618239,false,צמחים,,,צמחים,Unknown,0.00,Unknown,false,1,75.00,75.00,true,1,
7290104721762,false,מארז קפה טורקי עלית 3*85 גר,,,מארז קפה טורקי עלית,גרמים,255.00,100 גרם,false,1,24.90,9.76,true,1,
7290104722530,false,תפוציפס שמנת בצל 200 גרם,,,תפוציפס שמנת בצל 200,גרמים,200.00,100 גרם,false,1,10.90,5.45,true,1,
7290104728310,false,"שמנת עמידה לקצפת 38% 250 מ""ל",,,שמנת עמידה לקצפת 38%,מיליליטרים,250.00,"100 מ""ל",false,1,6.47,2.59,true,1,
7290104729003,false,"שמן זית כתית מעולה יד מרדכי 750 מ""ל",,IL,שמן זית כתית מעולה י,מיליליטרים,750.00,"100 מ""ל",false,1,34.90,4.65,true,1,
7290104963124,false,מי מיסלריים להסרת איפור,,,מי מיסלריים להסרת אי,מיליליטרים,260.00,"100 מ""ל",false,1,34.90,13.42,true,1,
7290104964718,false,ספיי הגנה סקינגארד SPF50 ווט סקין 300 מל,,,ספיי הגנה סקינגארד S,מיליליטרים,300.00,"100 מ""ל",false,1,47.90,15.97,true,1,
7290105360250,false,קפסולות מקיאטו למכונות נספרסו 50 גר,,,קפסולות מקיאטו למכונ,גרמים,50.00,100 גרם,false,1,18.90,37.80,true,1,
7290105360328,false,קפסולות אספרסו חזק למכונות נספרסו 50 גר,,,קפסולות אספרסו חזק ל,Unknown,0.00,Unknown,false,1,18.90,18.90,true,1,
7290105360335,false,קפסולות אספרסו למכונות נספרסו 50 גר,,,קפסולות אספרסו למכונ,גרמים,50.00,100 גרם,false,1,18.90,37.80,true,1,
7290105363602,false,כיף כף מקלות קלאסי 40 גרם,,,כיף כף מקלות קלאסי 4,Unknown,0.00,Unknown,false,1,5.50,5.50,true,1,
7290105364289,false,כיף כף מקלות פצפוצים 40 גרם,,,כיף כף מקלות פצפוצים,Unknown,0.00,Unknown,false,1,5.50,5.50,true,1,
7290105364302,false,כיף כף מקלות אגוזים 42 גרם,,,כיף כף מקלות אגוזים,גרמים,42.00,100 גרם,false,1,5.50,13.10,true,1,
7290105366993,false,סימפוניה פלפל שיפקה חריף 5% 200 גר,,,סימפוניה פלפל שיפקה,גרמים,200.00,100 גרם,false,1,12.90,6.45,true,1,
7290105369130,false,סימפוניה בצל ירוק 5% 200 גרם,,,סימפוניה בצל ירוק 3%,גרמים,200.00,100 גרם,false,1,12.90,6.45,true,1,
7290105431868,false,"פלמוליב ספא קוקוס גרגרים נוזלי 500 מ""ל",,,פלמוליב ספא קוקוס,מיליליטרים,500.00,"100 מ""ל",false,1,21.90,4.38,true,1,
7290105436382,false,חטיף מארז פרי אנרגיה תמרים עם קשיו 125,,,חטיף מארז פרי אנרגיה,גרמים,125.00,100 גרם,false,1,19.90,15.92,true,1,
7290105438546,false,נייר אפי פרימיום קוקי,,,נייר אפי פרימיום קוק,Unknown,0.00,Unknown,false,1,12.10,12.10,true,1,
7290105439581,false,מנה מאסטר שף חרדל דיזיון צרפתי 370 גר,,,מנה מאסטר שף חרדל די,גרמים,370.00,100 גרם,false,1,13.90,3.76,true,1,
7290105500151,false,"וודקה פינלנדיה 700 מ""ל",,,וודקה פינלנדיה 700 מ,מיליליטרים,700.00,"100 מ""ל",false,1,59.90,8.56,true,1,
7290105500953,false,"וויסקי גק דניאלס דבש 700 מ""ל",,,וויסקי גק דניאלס דבש,מיליליטרים,700.00,"100 מ""ל",false,1,109.90,15.70,true,1,
7290105691934,false,קמח שמרים 1 קג,,,"קמח שמרים 1 ק""ג",גרמים,1000.00,100 גרם,false,1,11.90,1.19,true,1,
7290105694614,false,ספגטי מהיר הכנה 500 גרם אסם,,,ספגטי מהיר הכנה 500,גרמים,500.00,100 גרם,false,1,8.70,1.74,true,1,
7290105695024,false,פתיתים אפויים אורז עם אטריות 500 גרם,,,פתיתים אפויים אורז ע,גרמים,500.00,100 גרם,false,1,7.90,1.58,true,1,
7290105965738,false,"משקה בוקר תות בננה 267 מ""ל",,,משקה בוקר תות בננה 2,מיליליטרים,267.00,"100 מ""ל",false,1,5.60,2.10,true,1,
7290105966469,false,חומץ בלסמי יד מרדכי 250 מל,,,חומץ בלסמי יד מרדכי,מיליליטרים,250.00,"100 מ""ל",false,1,16.90,6.76,true,1,
7290105968777,false,פריכיות אנרגי תחתית שוקולד מריר 70 גרם,,,פריכיות אנרגי תחתית,גרמים,70.00,100 גרם,false,1,8.90,12.71,true,1,
7290106520066,false,אצבעות וופל רבע לשבע  160 גר,,,אצבעות וופל רבע לשבע,גרמים,160.00,100 גרם,false,1,13.50,8.44,true,1,
7290106524439,false,תפוציפס פופס 60 גרם,,,תפוציפס פופס 60 גרם,גרמים,60.00,100 גרם,false,1,4.90,8.17,true,1,
7290106525368,false,גלילי וופל רבע לשבע אין סייד אוט 125 גר,,IL,גלילי וופל רבע לשבע,גרמים,125.00,100 גרם,false,1,13.50,10.80,true,1,
7290106525399,false,קפסולות ברזיל 06 למכונות נספרסו 50 גר,,,קפסולות ברזיל 06 למכ,גרמים,50.00,100 גרם,false,1,18.90,37.80,true,1,
7290106525405,false,קפסולות  נטול למכונות נספרסו,,,קפסולות  נטול למכונו,Unknown,0.00,Unknown,false,1,18.90,18.90,true,1,
7290106526822,false,פריכיות אנרגי תחתית חלב 80 גרם,,,פריכיות אנרגי תחתית,גרמים,80.00,100 גרם,false,1,8.90,11.13,true,1,
7290106528567,false,חטיף דוריטוס גריל 185 גרם,,,חטיף דוריטוס גריל 18,גרמים,185.00,100 גרם,false,1,8.90,4.81,true,1,
7290106528628,false,חטיף דוריטוס טבעי 185 גרם,,,Dippas חטיף דוריטוס,גרמים,185.00,100 גרם,false,1,8.90,4.81,true,1,
7290106528949,false,לקט ערוגות,,,לקט ערוגות,Unknown,0.00,Unknown,false,1,12.90,12.90,true,1,
7290106571921,false,עוגיות חמוציות 180 גרם פיטנס,,,עוגיות חמוציות 180 ג,גרמים,180.00,100 גרם,false,1,13.90,7.72,true,1,
7290106572027,false,לחמית חמישה דגנים 190 גרם,,,לחמית חמישה דגנים 19,גרמים,190.00,100 גרם,false,1,11.00,5.79,true,1,
7290106574977,false,בייגלה שטוחים עם מלח 300 גרם,,,בייגלה שטוחים עם מלח,גרמים,300.00,100 גרם,false,1,11.90,3.97,true,1,
7290106576537,false,חומוס מסעדה צבר 700 גר,,,חומוס מסעדה צבר 700,גרמים,700.00,100 גרם,false,1,14.50,2.07,true,1,
7290106577282,false,טחינה 400 גר,,,טחינה 400 גרם,גרמים,400.00,100 גרם,false,1,14.90,3.73,true,1,
7290106577541,false,סלט כרוב אדום 400 גר,,,סלט כרוב אדום 400 גר,גרמים,400.00,100 גרם,false,1,14.90,3.73,true,1,
7290106578692,false,ביסלי במבה גריל מיקס  80 גרם,,,ביסלי במבה גריל מיקס,גרמים,80.00,100 גרם,false,1,4.90,6.13,true,1,
7290106653504,false,סבבה בוטנים אמריקאים ברביקיו 50 גרם,,,סבבה בוטנים אמריקאים,גרמים,50.00,100 גרם,false,1,3.30,6.60,true,1,
7290106653689,false,לקט לסלט אסייתי 350 גר,,,לקט לסלט אסייתי 350,גרמים,350.00,100 גרם,false,1,12.90,3.69,true,1,
7290106662025,false,תפוציפס טבעי מלח ופלפל 50 גרם,,,תפוציפס טבעי מלח ופל,גרמים,50.00,100 גרם,false,1,4.90,9.80,true,1,
7290106663121,false,עוגה אישית מילקי 34 גר CAKE,,,עוגה אישית מילקי 34,גרמים,34.00,100 גרם,false,1,3.30,9.71,true,1,
7290106663183,false,ציטוס בטעם גבינה 65 גר,,,ציטוס בטעם גבינה 65,גרמים,65.00,100 גרם,false,1,4.70,7.23,true,1,
7290106663503,false,קונפיטורת לייט תות 230 גר,,,קונפיטורת לייט תות 2,גרמים,230.00,100 גרם,false,1,15.90,6.91,true,1,
7290106663558,false,רוטב טריאקי יד מרדכי 320 גרם,,IL,רוטב טריאקי רימון 28,גרמים,320.00,100 גרם,false,1,14.90,4.66,true,1,
7290106667266,false,חטיף דוריטוס חמוץ חריף 185 גרם,,,חטיף דוריטוס חמוץ חר,גרמים,185.00,100 גרם,false,1,8.90,4.81,true,1,
7290106668577,false,"מיץ לימון 250 מ""ל יד מרדכי",,,"מיץ לימון 250 מ""ל יד",מיליליטרים,250.00,"100 מ""ל",false,1,9.90,3.96,true,1,
7290106669857,false,קפסולות אספרסו בטעם וניל 50 גר,,,קפסולות אספרסו בטעם,גרמים,50.00,100 גרם,false,1,18.90,37.80,true,1,
7290106721913,false,צנצנת מסטיקים ריח פה ציקלט 66 גרם,,,צנצנת מסטיקים ריח פה,Unknown,0.00,Unknown,false,1,11.50,11.50,true,1,
7290106721920,false,צנצנת מסטיקים ספירמינט מגדים ציקלט 66 גר,,,צנצנת מסטיקים ספירמי,Unknown,0.00,Unknown,false,1,11.50,11.50,true,1,
7290106723689,false,תרד בייבי  200 גר,,,תרד בייבי  200 גר,גרמים,200.00,100 גרם,false,1,12.90,6.45,true,1,
7290106724488,false,דנונה טבעי 1.7% 150 גר-פריט החזרות,,,דנונה טבעי 1.7% 150,גרמים,150.00,100 גרם,false,1,2.30,1.53,true,1,
7290106727984,false,כיף כף גביע פצפצים 135 גרם,,,כיף כף גביע פצפצים 1,גרמים,135.00,100 גרם,false,1,11.90,8.81,true,1,
7290106775091,false,מחית פיסטוק 200 גרם,,IL,מחית פיסטוק 200 גרם,גרמים,200.00,100 גרם,false,1,39.90,19.95,true,1,
7290107280341,false,מט.לחות לרצפה סנו רצפז פרש מלון מפנק 10,,IL,מט.לחות לרצפה סנו רצ,Unknown,0.00,Unknown,false,1,14.90,14.90,true,1,
7290107280709,false,נוזל הברקה למדיח סנו ספארק 900 מל,,,נוזל הברקה למדיח סנו,מיליליטרים,900.00,"100 מ""ל",false,1,16.90,1.88,true,1,
7290107280716,false,מלח למדיח סנו בפארק 2 קג,,,מלח למדיח סנו ספארק,קילוגרמים,0.00,"ק""ג",false,1,15.20,15.20,true,1,
7290107280723,false,נוזל כלים סנו ספארק לימון 700 מל,,,נוזל כלים סנו ספארק,מיליליטרים,700.00,"100 מ""ל",false,1,10.50,1.50,true,1,
7290107280747,false,נוזל כלים סנו ספארק קלאסי 700 מל,,,נוזל כלים סנו ספארק,מיליליטרים,700.00,"100 מ""ל",false,1,10.50,1.50,true,1,
7290107280761,false,ספארק נוזל כלים בניחוח לימון 1 ליטר,,,ספארק נוזל כלים בניח,מיליליטרים,1000.00,"100 מ""ל",false,1,15.40,1.54,true,1,
7290107645584,false,מרק עוף אמיתי רכיבים טבעיים 400 גרם,,,מרק עוף אמיתי רכיבים,גרמים,400.00,100 גרם,false,1,26.90,6.73,true,1,
7290107645591,false,מרק טעם עוף קנור רכיבים טבעיים 400 גרם,,,מרק טעם עוף קנור רכי,גרמים,400.00,100 גרם,false,1,20.90,5.23,true,1,
7290107646918,false,קנור רוטב שקשוקה 415 גרם,,,קנור רוטב שקשוקה 415,גרמים,415.00,100 גרם,false,1,13.90,3.35,true,1,
7290107646963,false,ממרח ספייסי מיו תלמה 250 גרם,,,ממרח ספייסי מיו תלמה,גרמים,250.00,100 גרם,false,1,9.90,3.96,true,1,
7290107646970,false,ממרח איולי שום תלמה 250 גרם,,,ממרח איולי שום תלמה,גרמים,250.00,100 גרם,false,1,9.90,3.96,true,1,
7290107647731,false,קוקומן חום לבן 20% פחות סוכר 375 גרם,,,קוקומן חום לבן 20% פ,גרמים,375.00,100 גרם,false,1,23.90,6.37,true,1,
7290107647816,false,"דגני ברנפלקס ללא תוספת סוכר 500 גרם בד""צ",,,דגני ברנפלקס ללא תוס,גרמים,500.00,100 גרם,false,1,25.90,5.18,true,1,
7290107647854,false,שוגי 20% פחות סוכר 500 גרם,,,שוגי 20% פחות סוכר 5,גרמים,500.00,100 גרם,false,1,26.50,5.30,true,1,
7290107649858,false,טילון מגנום לבן 100 גר,,,טילון מגנום לבן 100,גרמים,100.00,100 גרם,false,1,11.90,11.90,true,1,
7290107871990,false,פסטה צינורות 500 גר אסם,,,פסטה צינורות 500 גר,גרמים,500.00,100 גרם,false,1,6.90,1.38,true,1,
7290107879668,false,גלידה לה פרוטה תות 70 גר,,,גלידה לה פרוטה תות 7,Unknown,0.00,Unknown,false,1,6.90,6.90,true,1,
7290107931397,false,כיף כף פצפוצים במילוי שוקולד 40 גרם,,,כיף כף פצפוצים במילו,Unknown,0.00,Unknown,false,1,6.30,6.30,true,1,
7290107932080,false,חלב מועשר יוטבתה בבקבוק 3% 1 ליטר,,,חלב מועשר יוטבתה בבק,מיליליטרים,1000.00,"100 מ""ל",false,1,7.90,0.79,true,1,
7290107933155,false,לקט סלנובה 200 גר,,,לקט סלנובה 200 גר,גרמים,200.00,100 גרם,false,1,13.90,6.95,true,1,
7290107934473,false,מארז מיוחד אקטיביה שמיניה 1.5% 150ג יח,,,מארז מיוחד אקטיביה,גרמים,1200.00,100 גרם,false,1,23.00,1.92,true,1,
7290107936309,false,דנונה יווני לבן 5.8% 120 גר,,,דנונה יווני לבן 5.8%,גרמים,120.00,100 גרם,false,1,3.50,2.92,true,1,
7290107936958,false,אצבעות עד חצות עם שוקולד חלב 125 גר,,IL,אצבעות עד חצות עם ש,גרמים,125.00,100 גרם,false,1,12.90,10.32,true,1,
7290107937542,false,משקה אקטיביה תות 1.2% 265 מל,,,משקה אקטיביה תות 1.2,מיליליטרים,265.00,"100 מ""ל",false,1,6.40,2.42,true,1,
7290107937856,false,קפסולות אספרסו 11 למכונות נספרסו 50 גר,,,קפסולות אספרסו 11 למ,Unknown,0.00,Unknown,false,1,18.90,18.90,true,1,
7290107938396,false,שמיניית אקטימל תות בנים 864 גר,,,שמיניית אקטימל תות 8,גרמים,864.00,100 גרם,false,1,22.70,2.63,true,1,
7290107941259,false,עדשים ירוקות מבושלות,,,עדשים ירוקות מבושלות,גרמים,475.00,100 גרם,false,1,12.90,2.72,true,1,
7290107941266,false,שעועית אדומה מבושלת,,,שעועית אדומה מבושלת,גרמים,475.00,100 גרם,false,1,14.90,3.14,true,1,
7290107941273,false,חומוס מבושל,,,חומוס מבושל,גרמים,475.00,100 גרם,false,1,11.90,2.51,true,1,
7290107943192,false,"שמנת חמוצה מהערבה 27% 200 מ""ל",,,שמנת חמוצה מהערבה,מיליליטרים,200.00,"100 מ""ל",false,1,4.50,2.25,true,1,
7290107943369,false,קוואקר שיבולת שועל ללא גלוטן 511 גר,,,קוואקר שיבולת שועל ל,גרמים,511.00,100 גרם,false,1,19.90,3.89,true,1,
7290107945165,false,קונפיטורת  יד מרדכי משמש 340 גר,,,קונפיטורת  יד מרדכי,גרמים,340.00,100 גרם,false,1,15.90,4.68,true,1,
7290107950190,false,מעדן דיאט שוקולד מריר 0.5% 130 גר,,,מעדן דיאט שוקולד מרי,גרמים,130.00,100 גרם,false,1,3.60,2.77,true,1,
7290107951104,false,בפלות שוקולד 200 גרם,,,בפלות שוקולד 200 גרם,גרמים,200.00,100 גרם,false,1,6.20,3.10,true,1,
7290107951715,false,מאסט צנצנת קוביות ענבים 58 גרם,,,מאסט צנצנת קוביות ענ,Unknown,0.00,Unknown,false,1,11.50,11.50,true,1,
7290107954709,false,קונפיטורת  פירות יער 340 גר יד מרדכי,,,קונפיטורת  פירות יער,גרמים,340.00,100 גרם,false,1,15.90,4.68,true,1,
7290107954976,false,משקה פרו קפה יטבתה 350 מל,,,משקה פרו קפה יטבתה 3,מיליליטרים,350.00,"100 מ""ל",false,1,7.20,2.06,true,1,
7290107956642,false,"תרסיס שמן זית יד מרדכי 150 מ""ל",,,תרסיס שמן זית יד מרד,מיליליטרים,150.00,"100 מ""ל",false,1,19.90,13.27,true,1,
7290107956895,false,קפסולות אספרסו בטעם קרמל 50 גר,,,קפסולות אספרסו בטעם,Unknown,0.00,Unknown,false,1,18.90,18.90,true,1,
7290107956901,false,קפסולות בטעם אגוזים למכונות נספרסו 50 גר,,,קפסולות בטעם אגוזים,גרמים,50.00,100 גרם,false,1,18.90,37.80,true,1,
7290107956925,false,קפסולות אוגנדה 13 למכונות נספרסו 50 גר,,IL,קפסולות אוגנדה 13 למ,גרמים,50.00,100 גרם,false,1,18.90,37.80,true,1,
7290107956932,false,קפסולות אספרסו אידונזיה למכונות 50 גר,,,קפסולות אספרסו אידונ,גרמים,50.00,100 גרם,false,1,18.90,37.80,true,1,
7290107957076,false,צנצנת עלמה בטעם ספירמינט 66 גר,,,צנצנת עלמה בטעם ספיר,Unknown,0.00,Unknown,false,1,11.50,11.50,true,1,
7290107957991,false,מילקי CAKE מינייס 144 גר,,IT,מילקי CAKE מינייס 14,גרמים,144.00,100 גרם,false,1,17.60,12.22,true,1,
7290107973038,false,פלמוליב סבון ידיים אקווריום 300 מל,,,פלמוליב סבון ידיים א,מיליליטרים,300.00,"100 מ""ל",false,1,12.90,4.30,true,1,
7290107973793,false,מנה עגבניות שלמות 400 גר מאסטר שף,,,מנה עגבניות שלמות 40,גרמים,400.00,100 גרם,false,1,7.90,1.98,true,1,
7290107974073,false,מנה עלי טורטיה קמח לבן מ.שף 20 סמ 320 גר,,,מנה עלי טורטיה קמח ל,גרמים,320.00,100 גרם,false,1,11.90,3.72,true,1,
7290107974080,false,מנה עלי טורטיה קמח לבן מ.שף 25 סמ 840 גר,,,מנה עלי טורטיה קמח ל,גרמים,840.00,100 גרם,false,1,18.90,2.25,true,1,
7290107974806,false,"מנה אורז בסמטי 1 ק""ג",,,"מנה אורז בסמטי 1 ק""ג",גרמים,1000.00,100 גרם,false,1,14.90,1.49,true,1,
7290107977456,false,"גל רחצה ושמפו לגבר פלמוליב ספורט 750 מ""ל",,,גל רחצה ושמפו לגבר פ,מיליליטרים,750.00,"100 מ""ל",false,1,21.90,2.92,true,1,
7290107978330,false,מאסטר שף איטריות דקות 400 גר,,,מאסטר שף איטריות דקו,גרמים,400.00,100 גרם,false,1,6.90,1.73,true,1,
7290108070309,false,שקית בלונים פסטל מעו,,,שקית בלונים פסטל מעו,Unknown,0.00,Unknown,false,1,27.90,27.90,true,1,
7290108073362,false,זר סוכריות קשות,,,זר סוכריות קשות,Unknown,0.00,Unknown,false,1,13.00,13.00,true,1,
7290108350128,false,סנו סושי 40 שקיות אשפה חזקות במיוחד,,,סנו סושי 40 שקיות אש,Unknown,0.00,Unknown,false,1,29.90,29.90,true,1,
7290108350210,false,סנו סושי שקיות אשפה 30 יח XL,,,סנו סושי שקיות אשפה,Unknown,0.00,Unknown,false,1,28.50,28.50,true,1,
7290108350531,false,ספארק נוזל כלים קלאסי+משאבה 1 ל,,,ספארק נוזל כלים קלאס,מיליליטרים,1000.00,"100 מ""ל",false,1,15.40,1.54,true,1,
7290108350616,false,מרכך כביסה מקסימה סופר מרוכ bluo blossom,,,מרכך כביסה מקסימה סו,מיליליטרים,1000.00,"100 מ""ל",false,1,18.90,1.89,true,1,
7290108350685,false,"מנקה למדיח כלים סנו ספארק 250 מ""ל",,,מנקה למדיח כלים סנו,מיליליטרים,250.00,"100 מ""ל",false,1,15.80,6.32,true,1,
7290108351149,false,נוזל לנ.כללי ורצפות+סודה סנו גט+ 1.5 ל,,,נוזל לנ.כללי ורצפות+,ליטרים,0.00,ליטר,false,1,13.90,13.90,true,1,
7290108351514,false,מרכך כביסה BLUE BLOSSOM סנו מקסימה 4 ל,,,מרכך כביסה BLUE BLOS,ליטרים,0.00,ליטר,false,1,22.90,22.90,true,1,
7290108351590,false,מטהר אוויר סופט סילק סנו פרש הום 350 מל,,,מטהר אוויר סופט סילק,מיליליטרים,350.00,"100 מ""ל",false,1,16.90,4.83,true,1,
7290108351842,false,בושם מרוכז לכביסה סנו מקסימה כחול 600 מל,,IL,בושם מרוכז לכביסה סנ,מיליליטרים,600.00,"100 מ""ל",false,1,24.50,4.08,true,1,
7290108351934,false,סבון מוצק סנובון לימון RINGS שלישייה,,IL,סבון מוצק סנובון לימ,Unknown,0.00,Unknown,false,1,16.90,16.90,true,1,
7290108352009,false,קפסולות גל למדיח סנו ספארק 50 יח,,IL,קפסולות גל למדיח סנו,Unknown,0.00,Unknown,false,1,55.50,55.50,true,1,
7290108352153,false,גל ניקוי אסלות סנובון לוטוס וסחלב 750 מל,,,סנובון מוצק בניחוח ל,מיליליטרים,0.00,"100 מ""ל",false,1,12.90,12.90,true,1,
7290108352207,false,קפסולות לכביסה סנו מקסימה פלורל 40 יח,,IL,קפסולות לכביסה סנו מ,יחידה,1.00,יחידה,false,1,47.50,47.50,true,1,
7290108352382,false,מגבונים לחים סנו 99.9% אישיות 20 יח,,IL,מגבונים לחים סנו 99.,יחידה,1.00,יחידה,false,1,12.90,12.90,true,1,
7290108352399,false,נוזל רצפות ריצפז פרש הום טאצ 2 ל,,IL,נוזל רצפות ריצפז פרש,ליטרים,0.00,ליטר,false,1,22.90,22.90,true,1,
7290108352436,false,סנובון מוצק בניחוח נגוליה ונרולי שלישייה,,IL,סנובון מוצק בניחוח נ,יחידה,1.00,יחידה,false,1,17.90,17.90,true,1,
7290108352511,false,נוזל מקסימה לשטיפת מכונת כביסה,,,נוזל מקסימה לשטיפה,מיליליטרים,500.00,"100 מ""ל",false,1,15.90,3.18,true,1,
7290108352689,false,סקוטש ברייט סנו סושי 9 יח,,,סקוטש ברייט סנו סושי,Unknown,0.00,Unknown,false,1,12.90,12.90,true,1,
7290108352801,false,שקיות אשפה סנו סושי לפחים קטנים 100 יח,,,שקיות אשפה סנו סושי,Unknown,0.00,Unknown,false,1,22.90,22.90,true,1,
7290108352870,false,שקיות צלייה סנו סושי 10 יח XL,,IL,שקיות צלייה סנו סושי,Unknown,0.00,Unknown,false,1,10.50,10.50,true,1,
7290108353075,false,מפיות סנו סושי גדולות ועבות 50 יח,,IL,מפיות סנו סושי גדולו,יחידה,1.00,יחידה,false,1,13.80,13.80,true,1,
7290108353402,false,מברשות שיניים אורביטול CHARCOAL זוג,,IL,מברשות שיניים אורביט,Unknown,0.00,Unknown,false,1,19.90,19.90,true,1,
7290108353662,false,XL סושי מפת שולחן מוטבעת,,,XL סושי מפת שולחן מו,יחידה,1.00,יחידה,false,1,10.90,10.90,true,1,
7290108353686,false,סושי מטלית לרצפה חלומית,,IL,סושי מטלית לרצפה חלו,Unknown,0.00,Unknown,false,1,14.50,14.50,true,1,
7290108353709,false,שחורות כפפות סנו סושי S ניטריל 80 יח,,,שחורות כפפות סנו סוש,Unknown,0.00,Unknown,false,1,29.90,29.90,true,1,
7290108354164,false,"אל סבון כיף שמן קטיפתי שלישייה 3*500 מ""ל",,IL,אל סבון כיף שמן קטיפ,ליטרים,0.00,ליטר,false,1,22.90,22.90,true,1,
7290108354270,false,CALMמרכך כביסה מקסימה מרוכז 1 ל,,,CALMמרכך כביסה מקסימ,מיליליטרים,1000.00,"100 מ""ל",false,1,18.90,1.89,true,1,
7290108354430,false,שמפו כיף לשיקום והזנה שמן קוקוס 700 מל,,IL,שמפו כיף לשיקום והזנ,מיליליטרים,700.00,"100 מ""ל",false,1,13.90,1.99,true,1,
7290108354447,false,מרכך כיף לשיקום והזנה שמן קוקוס 700 מל,,IL,מרכך כיף לשיקום והזנ,מיליליטרים,700.00,"100 מ""ל",false,1,13.90,1.99,true,1,
7290108354614,false,נקה ביו מרכך  750 מל,,,נקה ביו מרכך  750 מל,מיליליטרים,750.00,"100 מ""ל",false,1,14.90,1.99,true,1,
7290108354751,false,"מרסס סנו גט בתוספת סודה 750 מ""ל",,IL,מרסס סנו גט בתוספת ס,מיליליטרים,750.00,"100 מ""ל",false,1,14.90,1.99,true,1,
7290108356373,false,גל ניקוי לידיים סנו מדיק דמויות 30 גר,,,גל ניקוי לידיים סנו,גרמים,30.00,100 גרם,false,1,9.90,33.00,true,1,
7290108356519,false,קרוליין 10 שמפו לשיער רגיל 700 מל,,IL,קרוליין 10 שמפו לשיע,יחידה,1.00,יחידה,false,1,14.90,14.90,true,1,
7290108357042,false,"קרליין דאו. רולאון נושם 75מ""ל  CITRUS",,,קרליין דאו. רולאון נ,Unknown,0.00,Unknown,false,1,12.00,12.00,true,1,
7290108357202,false,סנוקליר לניקוי בניחוח בלו בלוסום 1 ליטר,,IL,סנוקליר לניקוי בניחו,ליטרים,0.00,ליטר,false,1,12.90,12.90,true,1,
7290108357295,false,סנו אוקסיגן מסיר כתמים קשים כ.לבנה 75 מל,,,סנו אוקסיגן מסיר כתמ,מיליליטרים,750.00,"100 מ""ל",false,1,20.90,2.79,true,1,
7290108357660,false,סנובון שלישיה בניחוח לבנדר,,,סנובון שלישיה בניחוח,Unknown,0.00,Unknown,false,1,17.90,17.90,true,1,
7290108357837,false,כיף אלסבון שקית מילוי + פקק 1 ליטר גנסי,,IL,כיף אלסבון שקית מילו,Unknown,0.00,Unknown,false,1,10.90,10.90,true,1,
7290108359015,false,M סנו שקית זיפר 20 יח,,IL,M סנו שקית זיפר 20 י,יחידה,1.00,יחידה,false,1,17.10,17.10,true,1,
7290108359114,false,סושי חמגשית + מכסה 10 יח,,,סושי חמגשית + מכסה 1,יחידה,1.00,יחידה,false,1,11.90,11.90,true,1,
7290108359985,false,סנו זאוול מרסס פריחה לבנה 1 ליטר,,,סנו זאוול מרסס פריחה,מיליליטרים,1000.00,"100 מ""ל",false,1,19.90,1.99,true,1,
7290108500264,false,נתחי טונה בהירה בשמן וילי פוד 95 גר,,TH,נתחי טונה בהירה בשמן,גרמים,95.00,100 גרם,false,1,4.50,4.74,true,1,
7290108500677,false,כבד דג שיבוט בשמן הדג 115 גרם,,,כבד דג שיבוט בשמן הד,גרמים,115.00,100 גרם,false,1,11.90,10.35,true,1,
7290108501346,false,גבינה גאודה מגורדת 28% 500 גר,,,גבינה גאודה מגורדת 2,גרמים,500.00,100 גרם,false,1,26.10,5.22,true,1,
7290108501353,false,פילה אנשובי אמיתי ארוך בשמן וילי פוד 45,,,פילה אנשובי אמיתי אר,גרמים,45.00,100 גרם,false,1,7.90,17.56,true,1,
7290108501360,false,גבינת צדר בשלה 200 גרם,,,גבינת צדר בשלה 200 ג,גרמים,200.00,100 גרם,false,1,21.90,10.95,true,1,
7290108502329,false,רביעית טונה בשמן זית וילי פוד 4*160 גר,,TH,רביעית טונה בשמן זית,גרמים,640.00,100 גרם,false,1,28.90,4.52,true,1,
7290108502725,false,גבינת גאודה פרוסות 400 גר,,IL,גבינת גאודה פרוסות 4,גרמים,400.00,100 גרם,false,1,25.10,6.28,true,1,
7290108502862,false,מלפפונים כבושים במלח 18-25 קטנים  600 גר,,,מלפפונים כבושים במלח,גרמים,600.00,100 גרם,false,1,10.90,1.82,true,1,
7290108503067,false,פרמזנו משולש 150 גרם,,,פרמזנו משולש 150 גרם,גרמים,150.00,100 גרם,false,1,17.70,11.80,true,1,
7290108503814,false,גבינה מותכת למריחה 200 גר,,FI,גבינה מותכת ויאולה,גרמים,200.00,100 גרם,false,1,13.50,6.75,true,1,
7290108504699,false,רביעית טונה בשמן קנולה וילי פוד 4*160 גר,,TH,רביעית טונה בשמן קנו,גרמים,640.00,100 גרם,false,1,22.90,3.58,true,1,
7290108505153,false,יוגורט יווני 10% שומן 150 גרם,,GR,יוגורט בטעם טבעי,גרמים,150.00,100 גרם,false,1,6.60,4.40,true,1,
7290108505177,false,יוגורט עם אננס 0% שומן 150 גרם,,GR,יוגורט עם אננס 0% שו,גרמים,150.00,100 גרם,false,1,6.60,4.40,true,1,
7290108505191,false,יוגורט עם פצפוצי שוקולד 5% שומן 150 גרם,,GR,יוגורט עם פצפוצי שוק,גרמים,150.00,100 גרם,false,1,6.60,4.40,true,1,
7290108505207,false,יוגורט ען אוכמניות 0% שומן 150 גרם,,GR,יוגורט עם אוכמניות,גרמים,150.00,100 גרם,false,1,6.60,4.40,true,1,
7290108505603,false,שלישיית טונה בהירה בשמן וילי פוד 3*80 גר,,TH,שלישיית טונה בהירה ב,גרמים,240.00,100 גרם,false,1,12.90,5.38,true,1,
7290108505719,false,גבינת קשקבל חצי קשה 25% 200 גרם,,TR,גבינת קשקבל חצי קשה,גרמים,200.00,100 גרם,false,0,16.90,8.45,true,1,
7290108505740,false,גבינת קשקבל חצי קשה 25% 200 גרם,,TR,גבינת קשקבל חצי קשה,גרמים,200.00,100 גרם,false,0,16.90,8.45,true,1,
7290108506532,false,גלילי וופל וקרם אגוזי לוז פינוקים 400 גר,,GR,גלילי וופל וקרם אגוז,גרמים,400.00,100 גרם,false,1,17.90,4.48,true,1,
7290108506662,false,רביולי פטריות 250 גרם,,IT,רביולי פטריות 250 גר,גרמים,250.00,100 גרם,false,1,15.90,6.36,true,1,
7290108506679,false,רביולי חצילים ומוצרלה 250 גרם,,IT,רביולי חצילים ומוצרל,גרמים,250.00,100 גרם,false,1,15.90,6.36,true,1,
7290108507058,false,ביסקויט פריך בשוקולד חלב 100 גרם,,TR,ביסקויט פריך בשוקולד,גרמים,100.00,100 גרם,false,1,6.90,6.90,true,1,
7290108507065,false,גבינת פרמגיאנו רגיאנו מגורדת 100 גרם,,IT,גבינת פרמגיאנו רגיאנ,גרמים,100.00,100 גרם,false,1,17.60,17.60,true,1,
7290108507645,false,ביסקויט פריך בשוקולד מריר 100 גרם,,TR,ביסקויט פריך בשוקולד,גרמים,100.00,100 גרם,false,1,6.90,6.90,true,1,
7290108508499,false,"איירן משקה יוגורט בסגנון טורקי 293 מ""ל",,TR,איירן משקה יוגורט בס,מיליליטרים,293.00,"100 מ""ל",false,1,6.50,2.22,true,1,
7290108509120,false,גבינה בולגרית מעודנת 500 גרם,,,גבינה בולגרית מעודנת,גרמים,500.00,100 גרם,false,1,23.90,4.78,true,1,
7290108509137,false,גבינה בולגרית מעודנת 5% שומן 250 גרם,,,גבינה בולגרית מעודנת,גרמים,250.00,100 גרם,false,1,12.90,5.16,true,1,
7290108509250,false,"אנטיפסטי ארטישוק בשמן חמניות  380מ""ל",,,אנטיפסטי ארטישוק בשמ,מיליליטרים,380.00,"100 מ""ל",false,1,25.10,6.61,true,1,
7290108509625,false,זיתים ירוקים ופלפל על הגריל מגולענ 730 ג,,TR,זיתים ירוקים ופלפל ע,גרמים,730.00,100 גרם,false,1,24.90,3.41,true,1,
7290108509793,false,גלילי וופל במילוי שוקולד מריר 400 גר,,GR,גלילי וופל במילוי שו,גרמים,400.00,100 גרם,false,1,17.90,4.48,true,1,
7290108509939,false,פרוסות פילה טונה 120 גרם,,,פרוסות פילה טונה 120,גרמים,120.00,100 גרם,false,1,13.90,11.58,true,1,
7290108509960,false,נתחי טונה בהירה בשמן זית 3*80 גרם,,,נתחי טונה בהירה בשמן,גרמים,240.00,100 גרם,false,1,15.90,6.63,true,1,
7290109353494,false,פרפקטו פארפאלה  500 גרם,,,פרפקטו פארפאלה  500,גרמים,500.00,100 גרם,false,1,8.30,1.66,true,1,
7290109354996,false,פתי בר ללא גלוטן שוקו 200 גרם אסם,,,פתי בר ללא גלוטן שוק,גרמים,200.00,100 גרם,false,1,12.00,6.00,true,1,
7290109358260,false,נקניקיות עם חלבון טבעול 600 גר,,,נקניקיות עם חלבון טב,גרמים,600.00,100 גרם,false,1,38.50,6.42,true,1,
7290109358284,false,שניצל תירס עם חלבון טבעול 664 גר,,,שניצל תירס עם חלבון,גרמים,664.00,100 גרם,false,1,38.50,5.80,true,1,
7290109640020,false,גוש טבעוני בטעם מוצרלה 300 גר,,,גוש טבעוני בטעם מוצר,גרמים,300.00,100 גרם,false,1,23.90,7.97,true,1,
7290109640198,false,מגורדת לפיצה ואפיה 20% שומן משומשו 200 ג,,IL,מגורדת לפיצה ואפיה 2,גרמים,200.00,100 גרם,false,1,22.90,11.45,true,1,
7290109920146,false,דורגול מסיר אבנית 750 מל,,,דורגול מסיר אבנית 75,מיליליטרים,750.00,"100 מ""ל",false,1,23.90,3.19,true,1,
7290109920580,false,"מרסס עם אקונומיקה אסטוניש 750 מ""ל",,,מרסס עם אקונומיקה אס,מיליליטרים,750.00,"100 מ""ל",false,1,19.90,2.65,true,1,
7290109920627,false,קרם ניקוי אסטוניש לאמבט+אקונומיקה 500,,,קרם ניקוי אסטוניש לא,מיליליטרים,500.00,"100 מ""ל",false,1,19.90,3.98,true,1,
7290109921303,false,סופג לחות טורבול slim יח 2,,SE,סופג לחות טורבול sli,Unknown,0.00,Unknown,false,1,33.50,33.50,true,1,
7290110059545,false,בקבוק נירוסטה ספידרמ,,,בקבוק נירוסטה ספידרמ,Unknown,0.00,Unknown,false,1,29.90,29.90,true,1,
7290110110277,false,"סומרסבי סיידר תפוחים אלכוהולי 4*300 מ""ל",,,סומרסבי סיידר תפוחים,מיליליטרים,1320.00,"100 מ""ל",false,1,38.90,2.95,true,1,
7290110110369,false,שישיית בירה קרלסברג LUMA בקבוק 330 מל,,IL,שישיית בירה קרלסברג,מיליליטרים,1980.00,"100 מ""ל",false,1,39.90,2.02,true,1,
7290110110659,false,"ספרייט סליק חדש 330 מ""ל",,,ספרייט סליק חדש 330,מיליליטרים,330.00,"100 מ""ל",false,1,5.90,1.79,true,1,
7290110111557,false,פאוורייד משקה ספורט איזוט בטעם פירות 500,,,פאוור אייד מאונטן בל,מיליליטרים,500.00,"100 מ""ל",false,1,12.90,2.58,true,1,
7290110111809,false,"פאנטה אוגנל סליק 330 מ""ל שישייה",,,שישיית פאנטה אורנג,ליטרים,0.00,ליטר,false,1,24.90,24.90,true,1,
7290110113261,false,נקטר אושן ספריי חמוציות 19 קלוריות 1 ל,,,נקטר אושן ספריי חמוצ,מיליליטרים,1000.00,"100 מ""ל",false,1,13.90,1.39,true,1,
7290110113421,false,בירה קרלסברג LUMA בקבוק 330 מל,,IL,בירה קרלסברג LUMA בק,מיליליטרים,330.00,"100 מ""ל",false,1,7.90,2.39,true,1,
7290110113490,false,"תה פיוז אפרסק 19 קל 500 מ""ל",,,תה פיוז אפרסק 19 קל,מיליליטרים,500.00,"100 מ""ל",false,1,8.80,1.76,true,1,
7290110114787,false,מים נביעות  בטעם תפו,,IL,מים נביעות  בטעם תפו,ליטרים,0.00,ליטר,false,1,10.40,10.40,true,1,
7290110114794,false,מים נביעות 1.5 ליטר,,IL,מים נביעות 1.5 ליטר,ליטרים,0.00,ליטר,false,1,10.40,10.40,true,1,
7290110114855,false,שישיית מים נביעות,,IL,שישיית מים נביעות,ליטרים,0.01,ליטר,false,1,13.90,1390.00,true,1,
7290110114961,false,פריגת תפוזים 1.5 ליט,,IL,פריגת תפוזים 1.5 ליט,ליטרים,0.00,ליטר,false,1,9.90,9.90,true,1,
7290110114985,false,פריגת אשכוליות 1.5 ל,,IL,פריגת אשכוליות 1.5 ל,ליטרים,0.00,ליטר,false,1,9.90,9.90,true,1,
7290110115005,false,פריגת ענבים 1.5 ליטר,,IL,פריגת ענבים 1.5 ליטר,ליטרים,0.00,ליטר,false,1,9.90,9.90,true,1,
7290110115029,false,פריגת תפוחים 1.5 ליט,,IL,פריגת תפוחים 1.5 ליט,ליטרים,0.00,ליטר,false,1,9.90,9.90,true,1,
7290110115043,false,פריגת לימונענע 1.5 ל,,IL,פריגת לימונענע 1.5 ל,ליטרים,0.00,ליטר,false,1,9.90,9.90,true,1,
7290110115050,false,פריגת מיקס תות בננה,,IL,פריגת מיקס תות בננה,ליטרים,0.00,ליטר,false,1,9.90,9.90,true,1,
7290110115203,false,קוקה קולה 1.5 ליטר,,IL,קוקה קולה 1.5 ליטר,ליטרים,0.00,ליטר,false,1,9.00,9.00,true,1,
7290110115210,false,קוקה קולה דיאט 1.5 ל,,IL,קוקה קולה דיאט 1.5 ל,ליטרים,0.00,ליטר,false,1,9.00,9.00,true,1,
7290110115227,false,קוקה קולה  1.5 ליטר,,IL,קוקה קולה  1.5 ליטר,ליטרים,0.00,ליטר,false,1,9.50,9.50,true,1,
7290110115234,false,קולה ZERO נטול 1.5 ל,,IL,קולה ZERO נטול 1.5 ל,ליטרים,0.00,ליטר,false,1,9.50,9.50,true,1,
7290110115241,false,קולה ZERO לימון 1.5,,IL,קולה ZERO לימון 1.5,ליטרים,0.00,ליטר,false,1,9.50,9.50,true,1,
7290110115258,false,קוקה קולה ZERO מנגו,,IL,קוקה קולה ZERO מנגו,ליטרים,0.00,ליטר,false,1,9.50,9.50,true,1,
7290110115265,false,ספרייט לימון- ליים 1,,IL,ספרייט לימון- ליים 1,ליטרים,0.00,ליטר,false,1,9.00,9.00,true,1,
7290110115296,false,פאנטה אורנג 1.5 ליטר,,IL,פאנטה אורנג 1.5 ליטר,ליטרים,0.00,ליטר,false,1,10.00,10.00,true,1,
7290110115302,false,פאנטה ZERO אורנג 1.5,,IL,פאנטה ZERO אורנג 1.5,ליטרים,0.00,ליטר,false,1,10.00,10.00,true,1,
7290110115326,false,פאנטה אורנג מנגו  1.,,IL,פאנטה אורנג מנגו  1.,ליטרים,0.00,ליטר,false,1,10.00,10.00,true,1,
7290110115333,false,פאנטה תות 1.5 ליטר,,IL,פאנטה תות 1.5 ליטר,ליטרים,0.00,ליטר,false,1,10.00,10.00,true,1,
7290110115364,false,קוקה קולה שישייה 1.5,,IL,קוקה קולה שישייה 1.5,ליטרים,0.01,ליטר,false,1,52.90,5290.00,true,1,
7290110115395,false,ספרייט ZERO שישייה 1,,IL,ספרייט ZERO שישייה 1,ליטרים,0.01,ליטר,false,1,48.90,4890.00,true,1,
7290110115418,false,קוקה קולה דיאט ZERO,,IL,קוקה קולה דיאט ZERO,ליטרים,0.01,ליטר,false,1,49.90,4990.00,true,1,
7290110115463,false,תה פיוז אפרסק 1.5 לי,,IL,תה פיוז אפרסק 1.5 לי,ליטרים,0.00,ליטר,false,1,9.90,9.90,true,1,
7290110115494,false,תה פיוז ענבים 1.5 לי,,IL,תה פיוז ענבים 1.5 לי,ליטרים,0.00,ליטר,false,1,9.90,9.90,true,1,
7290110115593,false,פריגת אשכוליות 19 קל,,IL,פריגת אשכוליות 19 קל,ליטרים,0.00,ליטר,false,1,8.70,8.70,true,1,
7290110115616,false,פיוז טי זירו גרין אננס 1.5 ליטר,,IL,פיוז טי זירו גרין אנ,ליטרים,0.00,ליטר,false,1,9.90,9.90,true,1,
7290110115623,false,פיוז טי זירו אפרסק 1.5 ליטר,,IL,פיוז טי זירו אפרסק 1,ליטרים,0.00,ליטר,false,1,9.90,9.90,true,1,
7290110115777,false,נביעות 1.5 ליטר,,,נביעות 1.5 ליטר,ליטרים,0.00,ליטר,false,1,3.90,3.90,true,1,
7290110115821,false,ספרייט לימון- ליים 1.5 ליטר,,,ספרייט לימון- ליים 1,ליטרים,0.00,ליטר,false,1,9.00,9.00,true,1,
7290110115838,false,ספרייט לימון- ליים 1.5 ליטר,,IL,ספרייט זירו לימון- ל,ליטרים,0.00,ליטר,false,1,8.90,8.90,true,1,
7290110115845,false,קוקה קולה 1.5 ליטר,,,קוקה קולה 1.5 ליטר,ליטרים,0.00,ליטר,false,1,9.00,9.00,true,1,
7290110115869,false,קוקה קולה  1.5 ליטר ZERO,,IL,קוקה קולה  1.5 ליטר,ליטרים,0.00,ליטר,false,1,9.50,9.50,true,1,
7290110115913,false,"פאוורייד זירו בטעם אננס 500 מ""ל",,IT,פאוורייד זירו בטעם א,מיליליטרים,500.00,"100 מ""ל",false,1,12.90,2.58,true,1,
7290110116064,false,פאנטה זירו פירות ירוק 1.5 ליטר,,IL,פאנטה זירו פירות ירו,ליטרים,0.00,ליטר,false,1,10.00,10.00,true,1,
7290110116217,false,נביעות+ סדרת 0 קלוריות אשכוליות 1.5 ליטר,,,נביעות+ סדרת 0 קלורי,ליטרים,0.00,ליטר,false,1,8.50,8.50,true,1,
7290110116385,false,"סליק סטפאני זירו 330 מ""ל",,,סליק סטפאני זירו 330,מיליליטרים,330.00,"100 מ""ל",false,1,5.90,1.79,true,1,
7290110116552,false,ספרייט למון היט 1.5 ליטר,,IL,ספרייט למון היט 1.5,ליטרים,0.00,ליטר,false,1,9.00,9.00,true,1,
7290110320591,false,פיראוס בולגרית מעודנת 16% 250 גר,,,פיראוס בולגרית מעודנ,גרמים,250.00,100 גרם,false,1,24.90,9.96,true,1,
7290110320850,false,פתיתי עמק 200 גר,,,פתיתי עמק 200 גר,גרמים,200.00,100 גרם,false,1,17.90,8.95,true,1,
7290110320867,false,פתיתי עמק למאפים 28% 500 גר,,,פתיתי עמק למאפים 28%,גרמים,500.00,100 גרם,false,1,39.90,7.98,true,1,
7290110320935,false,פרוסות מוצרלה 150 גר,,,פרוסות מוצרלה 150 גר,גרמים,150.00,100 גרם,false,1,19.50,13.00,true,1,
7290110321031,false,יופלה 200 מל GO,,,יופלה 200 מל GO,מיליליטרים,200.00,"100 מ""ל",false,1,6.20,3.10,true,1,
7290110321284,false,קוטג בקטנה 9% 100 גר,,,קוטג בקטנה 9% 100 גר,גרמים,100.00,100 גרם,false,1,2.80,2.80,true,1,
7290110321604,false,קוביות בולגרית מעודנת 5% 200 גר,,IL,קוביות בולגרית 5% מע,גרמים,200.00,100 גרם,false,1,24.50,12.25,true,1,
7290110321680,false,יופלה תות 200 מל GO,,,יופלה גו תות חלבון,מיליליטרים,200.00,"100 מ""ל",false,1,6.20,3.10,true,1,
7290110321697,false,יופלה אפרסק 200 מל GO,,,יופלה אפרסק GO,מיליליטרים,200.00,"100 מ""ל",false,1,6.20,3.10,true,1,
7290110322014,false,טופו טבעי 300 גר,,,טופו טבעי 300 גר,גרמים,300.00,100 גרם,false,1,12.90,4.30,true,1,
7290110322021,false,טופו בזיליקום 300 גר,,,טופו בזיליקום 300 גר,גרמים,300.00,100 גרם,false,1,12.90,4.30,true,1,
7290110322038,false,טופו פיקנטי 300 גר,,,טופו פיקנטי 300 גר,גרמים,300.00,100 גרם,false,1,12.90,4.30,true,1,
7290110323073,false,משקה יוגורט מועשר בחלבון תות פטל 1% 250מ,,IL,משקה יוגורט מועשר בח,מיליליטרים,250.00,"100 מ""ל",false,1,6.90,2.76,true,1,
7290110323301,false,גבינה טל העמק 32% 200 גר,,IL,גבינה טל העמק 32% 20,גרמים,200.00,100 גרם,false,1,20.90,10.45,true,1,
7290110323585,false,יוגורט עם דובדבן מופחת שומן 200 מל GO,,IL,יוגורט עם דובדבן מופ,מיליליטרים,200.00,"100 מ""ל",false,1,6.20,3.10,true,1,
7290110323714,false,משקה קוקוס שקדים 1 ליטר,,IL,משקה קוקוס שקדים 1 ל,מיליליטרים,1000.00,"100 מ""ל",false,1,14.90,1.49,true,1,
7290110324353,false,יופלה אננס לייט 200 מל GO,,IL,יופלה גו אננס לייט,מיליליטרים,200.00,"100 מ""ל",false,1,6.20,3.10,true,1,
7290110324711,false,ממרח סויה טבעי 9% 250 גר,,IL,ממרח סויה טבעי 9% 25,גרמים,250.00,100 גרם,false,1,11.00,4.40,true,1,
7290110324728,false,ממרח סויה שום שמיר 9% 250 גר,,IL,ממרח סויה שום שמיר 9,גרמים,250.00,100 גרם,false,1,11.00,4.40,true,1,
7290110324841,false,מעדן שקדים עם שוקולד מריר 125 גרם,,IL,מעדן שקדים עם שוקולד,גרמים,125.00,100 גרם,false,1,5.30,4.24,true,1,
7290110324858,false,מעדן שקדים בטעם אגוזי לוז 125 גרם,,IL,מעדן שקדים בטעם אגוז,גרמים,125.00,100 גרם,false,1,5.30,4.24,true,1,
7290110324872,false,גלבוע 5% 200 גרם,,,גלבוע 5% 200 גרם,גרמים,200.00,100 גרם,false,1,18.50,9.25,true,1,
7290110324926,false,משקה סויה ללא תוספת סוכר 1 ליטר,,,משקה סויה ללא תוספת,מיליליטרים,1000.00,"100 מ""ל",false,1,12.50,1.25,true,1,
7290110325114,false,משקה יוגורט גו לייט תות בננה 250 מל,,IL,משקה יוגורט גו לייט,מיליליטרים,250.00,"100 מ""ל",false,1,6.90,2.76,true,1,
7290110325305,false,מעדן סויה גו 20 גר חלבון במתיקות  מעודנת,,IL,מעדן סויה גו 200 גרם,גרמים,200.00,100 גרם,false,1,6.20,3.10,true,1,
7290110325312,false,מעדן סויה גו 20 גר חלבון תות 200 גר,,IL,מעדן סויה גו 20 גר ח,גרמים,200.00,100 גרם,false,1,6.20,3.10,true,1,
7290110325619,false,מאגדת זוג משקה שקדים 2*1 ליטר,,IL,משקה שיבולת שועל 1 ל,ליטרים,0.00,ליטר,false,1,14.90,14.90,true,1,
7290110325879,false,פתיתי גאודה 200 גרם,,IL,פתיתי גאודה 200 גרם,גרמים,200.00,100 גרם,false,1,19.90,9.95,true,1,
7290110325893,false,"אייס קפה  GO 340 מ""ל",,IL,"אייס קפה GO 340 מ""ל",גרמים,340.00,100 גרם,false,1,8.90,2.62,true,1,
7290110326210,false,יופלה און טופ פצפוצים 157 גרם,,,יופלה און טופ פצפוצי,גרמים,157.00,100 גרם,false,1,5.80,3.69,true,1,
7290110326227,false,יופלה און טופ קורנפלקס 157 גרם,,,יופלה און טופ קורנפל,גרמים,157.00,100 גרם,false,1,5.80,3.69,true,1,
7290110326234,false,יופלה און טופ פצפוצים 157 גרם,,,יופלה און טופ כוכבים,גרמים,157.00,100 גרם,false,1,5.80,3.69,true,1,
7290110326241,false,ייופלה און טופ גרנולה 157 גרם,,,יופלה און טופ גרנולה,גרמים,157.00,100 גרם,false,1,5.80,3.69,true,1,
7290110326333,false,גבינה סקנדינבית פרוסות 170 גרם,,IL,גבינה סקנדינבית פרוס,גרמים,170.00,100 גרם,false,0,20.90,12.29,true,1,
7290110327033,false,משקה סויה גו מועשר מתיקות מופחתת 1 ליטר,,,משקה סויה גו מועשר מ,מיליליטרים,1000.00,"100 מ""ל",false,1,14.90,1.49,true,1,
7290110327064,false,משקה קפה שיבולת שועל 1 ליטר,,,משקה קפה שיבולת שועל,מיליליטרים,1000.00,"100 מ""ל",false,1,14.90,1.49,true,1,
7290110327514,false,משקה שיבולת שועל בטעם אגוזי לוז 1 ליטר,,,משקה שיבולת שועל בטע,מיליליטרים,1000.00,"100 מ""ל",false,1,14.90,1.49,true,1,
7290110328504,false,טריו מיקס- מוצרלה סקנדינבית וגאודה 300 ג,,IL,טריו מיקס- מוצרלה סק,גרמים,300.00,100 גרם,false,1,29.90,9.97,true,1,
7290110328610,false,משקה אורז ושקדים בריסטה alternative 1 לי,,,משקה אורז ושקדים ברי,ליטרים,1.00,ליטר,false,1,14.90,14.90,true,1,
7290110328627,false,יוגורט סמיך בננה קרמל 0% 200 מל GO,,,יוגורט גו סמיך בננה,מיליליטרים,200.00,"100 מ""ל",false,1,6.20,3.10,true,1,
7290110328764,false,יוגורט סמיך תות 0% 200 מל GO,,,יוגורט גו סמיך תות,מיליליטרים,200.00,"100 מ""ל",false,1,6.20,3.10,true,1,
7290110328788,false,יוגורט סמיך אפרסק 0% 200 מל GO,,,יוגורט גו סמיך אפרסק,מיליליטרים,200.00,"100 מ""ל",false,1,6.20,3.10,true,1,
7290110329136,false,מעדן חלב go בטעם שוקולד 12 ג חלבון 120 ג,,,מעדן חלב go בטעם שוק,גרמים,120.00,100 גרם,false,1,5.40,4.50,true,1,
7290110329143,false,מעדן חלב go בטעם וניל 12 ג חלבון 120 גרם,,,מעדן חלב go בטעם וני,גרמים,120.00,100 גרם,false,1,5.40,4.50,true,1,
7290110329266,false,יוגורט תנובה מחלב עיזים מלא 150 גרם,,,יוגורט תנובה מחלב עי,גרמים,150.00,100 גרם,false,1,6.90,4.60,true,1,
7290110329303,false,פרוסות בטעם צהובה קלאסית אלטרנטיב 200 גר,,,פרוסות בטעם צהובה קל,גרמים,200.00,100 גרם,false,1,23.90,11.95,true,1,
7290110329426,false,טופו טבעי 250 גרם עם רוטב קר alternative,,,טופו טבעי 250 גרם עם,ליטרים,0.31,ליטר,false,1,14.90,48.06,true,1,
7290110329433,false,טופו טבעי 250 גרם עם רוטב סצוalternative,,,טופו טבעי 250 גרם עם,ליטרים,0.31,ליטר,false,1,14.90,48.06,true,1,
7290110329686,false,"משקה חלב גו בטעם עוגיות 340 מ""ל",,,משקה חלב גו בטעם עוג,מיליליטרים,340.00,"100 מ""ל",false,1,8.90,2.62,true,1,
7290110329716,false,"משקה קפה קר בטעם קפוצינו 230 מ""ל",,IL,משקה קפה קר בטעם קפו,מיליליטרים,230.00,"100 מ""ל",false,1,7.90,3.43,true,1,
7290110329730,false,משקה חלב עם שוקולד וקפה לאטה 230 גרם,,IL,משקה חלב עם שוקולד ו,מיליליטרים,230.00,"100 מ""ל",false,1,7.90,3.43,true,1,
7290110329792,false,סויה BIO אפרסק גביע Alternative 150 גרם,,IL,סויה BIO אפרסק גביע,גרמים,150.00,100 גרם,false,1,5.10,3.40,true,1,
7290110329808,false,סויה BIO תות גביע 150 גרם Alternative,,IL,סויה BIO תות גביע 15,גרמים,150.00,100 גרם,false,1,5.10,3.40,true,1,
7290110329815,false,מעדן סויה ביו מתיקות מעודנת alternative,,IL,מעדן סויה ביו מתיקות,גרמים,150.00,100 גרם,false,1,5.10,3.40,true,1,
7290110329822,false,מעדן סויה ביו פירות יער alternative 150,,IL,מעדן סויה ביו פירות,גרמים,150.00,100 גרם,false,1,5.10,3.40,true,1,
7290110329846,false,סויה BIO טבעי גביע Alternative 150 גרם,,IL,סויה BIO טבעי גביע A,גרמים,150.00,100 גרם,false,1,5.10,3.40,true,1,
7290110550363,false,משולשות קינואה ומלח ים 65 גרם,,IL,משולשות קינואה ומלח,גרמים,65.00,100 גרם,false,1,12.80,19.69,true,1,
7290110552220,false,דנונה פרו תות 20 ג חלבון ללא סוכר 200 גר,,,דנונה פרו תות 20 ג ח,גרמים,200.00,100 גרם,false,1,6.20,3.10,true,1,
7290110552237,false,דנונה פרו אפרסק מנגו 20 ג ללא סוכר 200 ג,,,דנונה פרו אפרסק מנגו,גרמים,200.00,100 גרם,false,1,6.20,3.10,true,1,
7290110553029,false,פריכיות חלבון קייל חומוס ומלח 60 ג,,IL,פריכיות חלבון קייל ח,גרמים,60.00,100 גרם,false,1,12.80,21.33,true,1,
7290110553098,false,אנרגי מיקס צימוקים אגוזים וש. חלב 100 גר,,,אנרגי מיקס צימוקים א,גרמים,100.00,100 גרם,false,1,19.90,19.90,true,1,
7290110553104,false,קפוצינו סטיק קלאסי 130 גר,,IL,קפוצינו סטיק קלאסי 1,גרמים,130.00,100 גרם,false,1,18.90,14.54,true,1,
7290110553173,false,אנרגי פריכיות בטעם קרמל 40גר,,,אנרגי פריכיות בטעם ק,גרמים,40.00,100 גרם,false,1,7.90,19.75,true,1,
7290110553180,false,אנרגי פריכיות בטעם תפוח קינמון 40גר,,,אנרגי פריכיות בטעם ת,גרמים,40.00,100 גרם,false,1,7.90,19.75,true,1,
7290110554422,false,רוטב עגבניות ופלפלים לשקשוקה 350 גרם,,IT,רוטב עגבניות ופלפלים,גרמים,350.00,100 גרם,false,1,13.90,3.97,true,1,
7290110554460,false,ציטוס קראנץ צדר חלפיניו 65 גר,,,ציטוס קראנץ צדר חלפי,גרמים,65.00,100 גרם,false,1,4.70,7.23,true,1,
7290110554712,false,"קפסולות שת""פ קפה נחת  נספרסו 50 גר",,,"קפסולות שת""פ קפה נחת",גרמים,50.00,100 גרם,false,1,19.90,39.80,true,1,
7290110554729,false,קפסולות אספרסו  04 למכונות נספרסו 50 גר,,,קפסולות אספרסו  04 ל,גרמים,50.00,100 גרם,false,1,18.90,37.80,true,1,
7290110555306,false,רבע לשבע טבעוני סינמון באן 125 גר,,IL,רבע לשבע טבעוני סינמ,גרמים,125.00,100 גרם,false,1,13.50,10.80,true,1,
7290110556242,false,שוקולד מריר פרווה  חדש 100 גרם,,,שוקולד מריר פרווה  ח,גרמים,100.00,100 גרם,false,1,6.00,6.00,true,1,
7290110557102,false,מעדן חלב עם שוקולד מועשר בחלבון 150 גרם,,IL,מעדן חלב עם שוקולד,גרמים,150.00,100 גרם,false,1,5.50,3.67,true,1,
7290110558253,false,דנונה ריפרש בננה אננס וציה 250 גרם,,IL,דנונה ריפרש בננה אננ,מיליליטרים,250.00,"100 מ""ל",false,1,6.50,2.60,true,1,
7290110558284,false,דנונה ביו מולטי 200 גרם,,,דנונה ביו מולטי 200,גרמים,200.00,100 גרם,false,1,4.80,2.40,true,1,
7290110558307,false,דנונה פרו 20 ג חלבון עם שיבולת שועל 200,,IL,דנונה פרו 20 ג חלבון,גרמים,200.00,100 גרם,false,1,6.50,3.25,true,1,
7290110558314,false,דנונה פרו פיסטוק 20 ג ללא סוכר 200 ג,,,דנונה פרו פיסטוק 20,גרמים,200.00,100 גרם,false,1,5.90,2.95,true,1,
7290110558338,false,דנונה פרו 25 ג חלבון 200 גרם,,IL,דנונה פרו 25 ג חלבון,גרמים,200.00,100 גרם,false,1,6.20,3.10,true,1,
7290110559014,false,שעועית שחורה 380 גר שטראוס טעם הטבע,,,שעועית שחורה 380 גר,גרמים,380.00,100 גרם,false,1,7.50,1.97,true,1,
7290110560300,false,פריכיות משולשות אנרגי פלפל שחור 30 גר,,IL,פריכיות משולשות אנרג,גרמים,30.00,100 גרם,false,1,5.90,19.67,true,1,
7290110560317,false,פריכיות משולשות אנרגי מלח ים 30 גר,,IL,פריכיות משולשות אנרג,גרמים,30.00,100 גרם,false,1,5.90,19.67,true,1,
7290110560324,false,פריכיות משולשות אנרגי אפונה ירוקה 30 גר,,IL,פריכיות משולשות אנרג,גרמים,30.00,100 גרם,false,1,5.90,19.67,true,1,
7290110561352,false,דנונה דל לקטוז 200 גרם,,,דנונה דל לקטוז,גרמים,200.00,100 גרם,false,1,3.70,1.85,true,1,
7290110563462,false,חלב נטול לקטוז 2% בבקבוק 1 ליטר,,IL,חלב נטול לקטוז 2% בב,ליטרים,0.00,ליטר,false,1,9.20,9.20,true,1,
7290110564742,false,משקה קפה קר 1.2% חזק 230 מל,,IL,משקה קפה קר 1.2% חזק,מיליליטרים,230.00,"100 מ""ל",false,1,8.90,3.87,true,1,
7290110565527,false,דנונה פרו 20 גרם חלבון 1.5% 200 גר,,,דנונה פרו 20 גרם חלב,גרמים,200.00,100 גרם,false,1,6.20,3.10,true,1,
7290110565572,false,מארז טורקי לדרך עם הל 168 גר,,IL,מארז טורקי לדרך עם ה,גרמים,168.00,100 גרם,false,1,21.90,13.04,true,1,
7290110566623,false,קפסולות קולומביה 08 למכונות נספרסו 50 גר,,IL,קפסולות קולומביה 08,גרמים,50.00,100 גרם,false,1,18.90,37.80,true,1,
7290110566975,false,דנונה פרו תות 20 גרם 12 יח,,,דנונה פרו תות 20 גרם,גרמים,200.00,100 גרם,false,1,6.20,3.10,true,1,
7290110570224,false,"משקה קפה קר בטעם עוגיות 230 מ""ל",,AT,משקה קפה קר בטעם עוג,מיליליטרים,230.00,"100 מ""ל",false,1,8.90,3.87,true,1,
7290110571184,false,עדשים חומות 380 גר שטראוס טעם הטבע,,,עדשים חומות 380 גר ש,גרמים,380.00,100 גרם,false,1,7.50,1.97,true,1,
7290110571375,false,אנרגי מיקס צימוקים תמרים טופי ופקאן 100,,,אנרגי מיקס צימוקים ת,גרמים,100.00,100 גרם,false,1,19.90,19.90,true,1,
7290110571382,false,מעדן חלב בטעם וניל מועשר בחלבון 150 גרם,,IL,מעדן חלב בטעם וניל מ,גרמים,150.00,100 גרם,false,1,5.50,3.67,true,1,
7290110571405,false,מיני פינוקיות בגביע פסק זמן 180 גר,,,מיני פינוקיות בגביע,גרמים,180.00,100 גרם,false,1,12.90,7.17,true,1,
7290110571412,false,מיני פינוקיות בגביע פאדג  180 גר,,,מיני פינוקיות בגביע,גרמים,180.00,100 גרם,false,1,12.90,7.17,true,1,
7290110572129,false,כיף כף מקלות שוקולד לבן 40 גר,,,כיף כף מקלות שוקולד,Unknown,0.00,Unknown,false,1,5.50,5.50,true,1,
7290110572884,false,קפסולות 20 למכונות NESPRESSO,,,קפסולות 20 למכונות N,גרמים,50.00,100 גרם,false,1,18.90,37.80,true,1,
7290110572969,false,כיף כף פצפצים קרם לבן 40 גר,,,כיף כף פצפצים קרם לב,גרמים,40.00,100 גרם,false,1,6.30,15.75,true,1,
7290110576318,false,מארז שלישיית אגוז לבן  3*100 גר,,,מארז שלישיית אגוז לב,גרמים,300.00,100 גרם,false,1,26.90,8.97,true,1,
7290110576363,false,ספלנדיד שוקולד מריר אוגנדה 80% 100 גר,,,ספלנדיד שוקולד מריר,גרמים,100.00,100 גרם,false,1,9.90,9.90,true,1,
7290110576370,false,מארז שלישיית אגוז מריר  3*100 גר,,,מארז שלישיית אגוז מר,גרמים,300.00,100 גרם,false,1,26.90,8.97,true,1,
7290110576387,false,מארז שלישיית אגוז חלב  3*100 גר,,FR,מארז שלישיית אגוז חל,גרמים,300.00,100 גרם,false,1,27.90,9.30,true,1,
7290110576752,false,ספלנדיד מריר 70% 22 100 גר,,,ספלנדיד מריר 70% 22,גרמים,100.00,100 גרם,false,1,12.90,12.90,true,1,
7290110576776,false,ספלנדיד מריר 85% 100 גר,,,ספלנדיד מריר 85% 100,גרמים,100.00,100 גרם,false,1,12.90,12.90,true,1,
7290111098703,false,מארז מסכות פנים 50 יח,,CN,מארז מסכות פנים 50 י,יחידה,1.00,יחידה,false,1,10.90,10.90,true,1,
7290111340178,false,מטל.לחות לניקוי כללי בנ.מרכך כביסה 50 יח,,,מטל.לחות לניקוי כללי,Unknown,0.00,Unknown,false,1,15.60,15.60,true,1,
7290111340185,false,מטליות לחות לנ.רצפה בנ.מרכך כביסה 10 יח,,,מטליות לחות לנ.רצפה,Unknown,0.00,Unknown,false,1,14.90,14.90,true,1,
7290111340956,false,מט.לחות ניקול לנ.רצפה פריחה לבנה 10 יח,,,מט.לחות ניקול לנ.רצפ,Unknown,0.00,Unknown,false,1,15.90,15.90,true,1,
7290111341373,false,לילי נייר פסטל 30 גלילים,,,לילי נייר פסטל 30 גל,מטרים,588.00,מטר,false,1,35.90,0.06,true,1,
7290111341984,false,נייר טואלט לילי לח מארז רביעייה,,IL,נייר טואלט לילי לח מ,Unknown,0.00,Unknown,false,1,24.00,24.00,true,1,
7290111342004,false,נייר טואלט לח לילי קידס 56 דפים,,IL,נייר טואלט לח לילי ק,Unknown,0.00,Unknown,false,1,9.50,9.50,true,1,
7290111342042,false,כריות יפניות ניקול לניקוי אנטיבקטריאלי 4,,IL,כריות יפניות ניקול ל,Unknown,0.00,Unknown,false,1,14.90,14.90,true,1,
7290111342059,false,מט.לחות ניקול לחיט משטחים אנטיבקטריאלי50,,IL,מט.לחות ניקול לחיט מ,Unknown,0.00,Unknown,false,1,15.90,15.90,true,1,
7290111342738,false,נייר טואלט לילי לח קידס מארז רביעייה,,IL,נייר טואלט לילי לח ק,Unknown,0.00,Unknown,false,1,24.00,24.00,true,1,
7290111343797,false,מטליות לחות ניקול לניקוי חלונות 48 יח,,IL,מטליות לחות ניקול לנ,יחידה,1.00,יחידה,false,1,14.90,14.90,true,1,
7290111343858,false,מטליות לחות ניקול לרצפה אנטיבקטריאלי 10,,IL,מטליות לחות ניקול לר,Unknown,0.00,Unknown,false,1,15.90,15.90,true,1,
7290111344565,false,ניקול שקיות זיפר מארז משולב מידות,,CN,ניקול שקיות זיפר מאר,יחידה,1.00,יחידה,false,1,14.90,14.90,true,1,
7290111344930,false,מט.לחות ניקול לנ.רצפה מרכך כביסה 10 יח,,,מט.לחות ניקול לנ.רצפ,Unknown,0.00,Unknown,false,1,14.90,14.90,true,1,
7290111345821,false,נייר טואלט לילי לבן גמבו 16 גל=32 גל,,,נייר טואלט לילי לבן,מטרים,588.80,מטר,false,1,39.90,0.07,true,1,
7290111346293,false,מגבות ניקול שישייה מהדורה חגיגית,,,מגבות ניקול שישייה מ,Unknown,0.00,Unknown,false,1,12.90,12.90,true,1,
7290111350665,false,דבש לחיץ קליית גת 350 גר,,,דבש לחיץ קליית גת 35,גרמים,350.00,100 גרם,false,1,25.10,7.17,true,1,
7290111350726,false,חטיף נאצוס הוטפופ בסגנון מקסיקני 322 גר,,US,חטיף נאצוס הוטפופ בס,גרמים,322.00,100 גרם,false,1,17.90,5.56,true,1,
7290111351747,false,טורטיות מקמח חיטה צוקטה 320 גר,,DE,טורטיות מקמח חיטה צו,גרמים,320.00,100 גרם,false,1,10.90,3.41,true,1,
7290111564291,false,פריכיות פיטנס דקות עם קינואה 120 גר,,,פריכיות פיטנס דקות ע,גרמים,120.00,100 גרם,false,1,11.90,9.92,true,1,
7290111566226,false,שניצל ברוקולי טבעול 667 גר,,,שניצל ברוקולי טבעול,גרמים,667.00,100 גרם,false,1,38.50,5.77,true,1,
7290111566240,false,שניצל דק  בטעם צילי חריף טבעול 564 גר,,,שניצל דק  בטעם צילי,גרמים,564.00,100 גרם,false,1,38.50,6.83,true,1,
7290111566332,false,נקניקיות וינר צמחוניות טבעול 680 גר,,,נקניקיות וינר צמחוני,גרמים,680.00,100 גרם,false,1,38.50,5.66,true,1,
7290111566417,false,טחון צמחוני טבעול 500 גר,,,טחון צמחוני טבעול 50,גרמים,500.00,100 גרם,false,1,38.50,7.70,true,1,
7290111566547,false,חזה בגריל צמחוני טבעול 560 גר,,,חזה בגריל צמחוני טבע,גרמים,560.00,100 גרם,false,1,34.90,6.23,true,1,
7290111566561,false,שניצל ברוקולי 99 קלוריות טבעול 560 גר,,,שניצל ברוקולי 99 קלו,גרמים,560.00,100 גרם,false,1,38.50,6.88,true,1,
7290111566585,false,שניצל צמחוני 99 קלוריות טבעול 650 גר,,,שניצל צמחוני 99 קלור,גרמים,650.00,100 גרם,false,1,38.50,5.92,true,1,
7290111566660,false,קציצות עדשים כתומות טבעול 530 גר,,,קציצות עדשים כתומות,גרמים,530.00,100 גרם,false,1,38.50,7.26,true,1,
7290111568206,false,ביסלי פארטי מיקס 150 גרם,,,ביסלי פארטי מיקס 150,גרמים,150.00,100 גרם,false,1,9.90,6.60,true,1,
7290111568961,false,בייגלה טבעות מלח 400 גרם,,,בייגלה טבעות מלח 400,גרמים,400.00,100 גרם,false,1,13.90,3.48,true,1,
7290111872969,false,נרות גמבו כוכבים  כו,,CN,נרות גמבו כוכבים  כו,Unknown,1.00,Unknown,false,12,6.90,6.90,true,1,
7290111930911,false,חטיף פוף לבבות קלאסי 40 גרם,,,חטיף פוף לבבות קלאסי,גרמים,40.00,100 גרם,false,1,4.60,11.50,true,1,
7290111933554,false,מנה עגבניות קוביות שלישיה 400 גר מ.שף,,IT,מנה עגבניות קוביות ש,קילוגרמים,0.00,"ק""ג",false,1,18.80,18.80,true,1,
7290111934827,false,"סבון ידיים פלמוליב היגיינה 300 מ""ל",,,סבון ידיים פלמוליב ה,מיליליטרים,300.00,"100 מ""ל",false,1,12.90,4.30,true,1,
7290111936784,false,פרי מארז חטיף תמרים ואגוזי לוז 5*25 גרם,,IL,פרי מארז חטיף תמרים,גרמים,125.00,100 גרם,false,1,19.90,15.92,true,1,
7290111937231,false,פרי מארז חטיף תמרים וקוקוס 5*25 גרם,,IL,פרי מארז חטיף תמרים,גרמים,125.00,100 גרם,false,1,19.90,15.92,true,1,
7290111937248,false,פרי מארז חטיף תמרים קשיו ולוז 5*25 גרם,,IL,פרי מארז חטיף תמרים,גרמים,125.00,100 גרם,false,1,19.90,15.92,true,1,
7290112000408,false,"תרסיס דטול לניקוי כללי 750 מ""ל",,GB,תרסיס דטול לניקוי כל,מיליליטרים,750.00,"100 מ""ל",false,1,18.00,2.40,true,1,
7290112002099,false,גל כביסה קולון מרוכז כחול 2.5 ל,,IL,גל כביסה קולון מרוכז,ליטרים,0.00,ליטר,false,1,29.90,29.90,true,1,
7290112005045,false,וניש אבקת כביסה לבנה 480 גרם,,IT,וניש אבקת כביסה לבנה,יחידה,1.00,יחידה,false,1,18.80,18.80,true,1,
7290112192875,false,מש.שיניים סנסודיין רגישות בחניכיים 75 מל,,GB,מש.שיניים סנסודיין ר,מיליליטרים,75.00,"100 מ""ל",false,1,39.90,53.20,true,1,
7290112330352,false,דנונה פרו וניל 20 גרם חלבון 0% 200 גר,,IL,דנונה פרו וניל 20 גר,גרמים,200.00,100 גרם,false,1,6.20,3.10,true,1,
7290112330390,false,דנונה פרו פירות יער 20 גרם חלבון 0% 200ג,,IL,דנונה פרו פירות יער,גרמים,200.00,100 גרם,false,1,6.20,3.10,true,1,
7290112332585,false,"פריכיות תפו""א, אורז,סלק ומלח ים 30 גר",,IL,"פריכיות תפו""א, אורז,",גרמים,30.00,100 גרם,false,1,5.90,19.67,true,1,
7290112332691,false,עוגיית קרם פסק זמן אגוזים 200 גרם,,IL,עוגיית קרם פסק זמן א,גרמים,200.00,100 גרם,false,1,12.90,6.45,true,1,
7290112334749,false,קפה עלית טורקי 200 גרם + 10% תוספת,,,קפה עלית טורקי 200 ג,גרמים,220.00,100 גרם,false,1,17.90,8.14,true,1,
7290112335050,false,מרשמלו וניל עלית 150 גרם,,IL,מרשמלו וניל עלית 150,גרמים,150.00,100 גרם,false,1,7.90,5.27,true,1,
7290112335111,false,מסטיק מאסט קוביות בזוקה ללא גלוטן 86 גר,,DE,מסטיק מאסט קוביות בז,גרמים,86.00,100 גרם,false,1,16.70,19.42,true,1,
7290112335487,false,פריכיות הטעימות קצח ודגנים אנרגי 135 גר,,IL,פריכיות הטעימות קצח,גרמים,135.00,100 גרם,false,1,12.90,9.56,true,1,
7290112335494,false,פריכיות הטעימות פוטטוס אנרגי 135 גר,,IL,פריכיות הטעימות פוטט,גרמים,135.00,100 גרם,false,1,12.90,9.56,true,1,
7290112335500,false,פריכיות הטעימות חלבון אנרגי 135 גר,,IL,פריכיות הטעימות חלבו,גרמים,135.00,100 גרם,false,1,12.90,9.56,true,1,
7290112336613,false,עד חצות עוגיות סנדוויץ שוקולד חלב 135 גר,,FR,עד חצות עוגיות סנדוו,גרמים,135.00,100 גרם,false,1,12.90,9.56,true,1,
7290112336637,false,"סוכריות מאסט לל""ס יוגורט תות אוכמניות 80",,PL,"סוכריות מאסט לל""ס יו",גרמים,80.00,100 גרם,false,1,10.90,13.63,true,1,
7290112336644,false,"סוכריות מאסט לל""ס לימון 80 גר",,PL,"סוכריות מאסט לל""ס לי",גרמים,80.00,100 גרם,false,1,10.90,13.63,true,1,
7290112336712,false,דנונה פרו 21 גרם חלבון 0% 200 גר,,IL,דנונה פרו 21 גרם חלב,גרמים,200.00,100 גרם,false,1,6.20,3.10,true,1,
7290112339867,false,גמדים סקוויז תות 100 גר,,IL,גמדים סקוויז תות 100,גרמים,100.00,100 גרם,false,1,6.50,6.50,true,1,
7290112339874,false,גמדים סקוויז תות בננה 100 גר,,IL,גמדים סקוויז תות,גרמים,100.00,100 גרם,false,1,6.50,6.50,true,1,
7290112340122,false,פריכיות טעימות 3 דגנים אנרגי 135 גר,,IL,פריכיות טעימות 3 דגנ,גרמים,135.00,100 גרם,false,1,12.90,9.56,true,1,
7290112340245,false,צנצנת מאסט בטעם דובדבן 66 גר,,IL,צנצנת מאסט בטעם דובד,גרמים,66.00,100 גרם,false,1,11.50,17.42,true,1,
7290112340252,false,צנצנת מאסט בטעם אבטיח מלון 66 גר,,IL,צנצנת מאסט בטעם אבטי,גרמים,66.00,100 גרם,false,1,11.50,17.42,true,1,
7290112341679,false,יוגורט אקטיביה  3% 200 גר,,IL,יוגורט אקטיביה  3% 2,גרמים,200.00,100 גרם,false,1,4.10,2.05,true,1,
7290112343420,false,"משקה חלב עם דגנים ובננה 350 מ""ל",,IL,משקה חלב עם דגנים וב,מיליליטרים,350.00,"100 מ""ל",false,1,8.50,2.43,true,1,
7290112343499,false,ציטוס 55 גרם 48 יחידות  puffs,,,ציטוס 55 גרם 48 יחיד,גרמים,55.00,100 גרם,false,1,4.90,8.91,true,1,
7290112343512,false,ציטוס  160 גרם 9 יחידות puffs,,,ציטוס  160 גרם 9 יחי,גרמים,160.00,100 גרם,false,1,8.90,5.56,true,1,
7290112344755,false,מילקי מופחת סוכר 133 גרם,,,מילקי מופחת סוכר 133,גרמים,133.00,100 גרם,false,1,2.90,2.18,true,1,
7290112344953,false,סימפוניה חציל קלוי 5% 200 גרם,,,סימפוניה חציל קלוי 5,גרמים,200.00,100 גרם,false,1,12.90,6.45,true,1,
7290112346629,false,יוגורט עם קורנפלקס מצופה שוקולד 172 גר,,IL,יוגורט עם קורנפלקס מ,גרמים,172.00,100 גרם,false,1,4.80,2.79,true,1,
7290112346773,false,דנונה לייט אנד פריי וניל עם חלבון 150 גר,,IL,דנונה לייט אנד פריי,גרמים,150.00,100 גרם,false,1,5.70,3.80,true,1,
7290112347008,false,גמדים סקוויז תות בננה 100 גר,,IL,גמדים סקוויז תות בננ,גרמים,100.00,100 גרם,false,1,6.20,6.20,true,1,
7290112348142,false,שעועית לבנה טעם הטבע קופסה 380 גר,,IT,שעועית לבנה טעם הטבע,גרמים,380.00,100 גרם,false,1,7.50,1.97,true,1,
7290112348616,false,קפה נמס עלית אגוזי לוז 100 גר,,IL,קפה נמס עלית אגוזי ל,גרמים,100.00,100 גרם,false,1,16.50,16.50,true,1,
7290112349316,false,מסטיק בזוקה ביג פופים בטעם תות 86 גר,,DE,מסטיק בזוקה ביג פופי,גרמים,86.00,100 גרם,false,1,16.70,19.42,true,1,
7290112349606,false,דניאלה תות בננה 88 גרם,,,דניאלה תות בננה 88 ג,גרמים,88.00,100 גרם,false,1,4.30,4.89,true,1,
7290112349736,false,רוטב עגבניות לפסטה בזיליקום יד מרדכי 350,,IT,רוטב עגבניות לפסטה ב,גרמים,350.00,100 גרם,false,1,13.90,3.97,true,1,
7290112349750,false,רוטב עגבניות לפיצה יד מרדכי 350 גר,,IT,רוטב עגבניות לפיצה י,גרמים,350.00,100 גרם,false,1,13.90,3.97,true,1,
7290112349897,false,מסטיק מאסט קוביות מנטה ללא גלוטן 86 גר,,DE,מסטיק מאסט קוביות מנ,גרמים,86.00,100 גרם,false,1,16.70,19.42,true,1,
7290112350275,false,קפסולות לונגו למכונות נספרסו 55 גר,,IL,קפסולות לונגו למכונו,גרמים,55.00,100 גרם,false,1,18.90,34.36,true,1,
7290112351067,false,סילאן טבעי לחיץ יד מרדכי 630 גרם,,IL,סילאן טבעי לחיץ יד מ,גרמים,630.00,100 גרם,false,1,31.50,5.00,true,1,
7290112351258,false,עוגיית קקאו פינוקיות שחור לבן 200 גר,,IL,עוגיית קקאו פינוקיות,גרמים,200.00,100 גרם,false,1,12.90,6.45,true,1,
7290112354204,false,ספגטי עגבניות דלישס 280 גרם,,IT,ספגטי עגבניות דלישס,גרמים,280.00,100 גרם,false,1,24.50,8.75,true,1,
7290112354211,false,פיצה מרגריטה דלישס 400 גרם,,IT,פיצה מרגריטה דלישס 4,קילוגרמים,0.28,"ק""ג",false,1,27.90,99.64,true,1,
7290112355027,false,דנונה פרו 20 גרם חלבון קרמל מלוח 200 גרם,,,דנונה פרו 20 גרם חלב,גרמים,200.00,100 גרם,false,1,6.20,3.10,true,1,
7290112356536,false,קקאו עלית 150 גרם + 10%,,IL,קקאו עלית 150 גרם +,גרמים,165.00,100 גרם,false,1,11.90,7.21,true,1,
7290112357045,false,עגבניות איטלקיות מרוסקות טעם הטבע 390 גר,,IT,עגבניות איטלקיות מרו,גרמים,390.00,100 גרם,false,1,7.50,1.92,true,1,
7290112357069,false,מחית עגבניות איטלקיות טעם הטבע 500 גר,,IT,מחית עגבניות איטלקיו,גרמים,500.00,100 גרם,false,1,7.50,1.50,true,1,
7290112357113,false,גרגרי חומוס טעם הטבע קופסה 380 גר,,IT,גרגרי חומוס טעם הטבע,גרמים,380.00,100 גרם,false,1,7.50,1.97,true,1,
7290112358004,false,פסק זמן קראנץ 32 גר,,IL,פסק זמן קראנץ 32 גר,גרמים,45.00,100 גרם,false,1,5.90,13.11,true,1,
7290112358127,false,דנונה פרו 20 ג חלבון עם מגנזיום 200 גרם,,IL,דנונה פרו 20 ג חלבון,גרמים,200.00,100 גרם,false,1,6.90,3.45,true,1,
7290112490032,false,מרק קנור נמס בכוס תירס  45 גרם,,IL,מרק קנור נמס בכוס תי,גרמים,45.00,100 גרם,false,1,8.50,18.89,true,1,
7290112490209,false,מרק נמס בכוס עגבניות 56 גרם,,IL,מרק נמס בכוס עגבניות,גרמים,56.00,100 גרם,false,1,8.50,15.18,true,1,
7290112490582,false,הלמנס חרדל דיזון 350 גרם,,FR,הלמנס חרדל דיזון 350,גרמים,350.00,100 גרם,false,1,16.90,4.83,true,1,
7290112490728,false,מרק עשיר ירקות עם בורגול 95 גרם,,IL,מרק עשיר ירקות עם בו,גרמים,72.00,100 גרם,false,1,14.90,20.69,true,1,
7290112490735,false,מרק עגבניות עם פסטה 100% רכיבים טבעיים,,IL,מרק עגבניות עם פסטה,גרמים,105.00,100 גרם,false,1,14.90,14.19,true,1,
7290112490759,false,מרק עוף עם אטריות 100% רכיבים טבעיים,,IL,מרק עוף עם אטריות,גרמים,74.00,100 גרם,false,1,14.90,20.14,true,1,
7290112491701,false,ברנפלקס אקסטרה פרוטאין 375 גרם,,IL,ברנפלקס אקסטרה פרוטא,גרמים,375.00,100 גרם,false,1,25.90,6.91,true,1,
7290112491794,false,בייגלה דקים דקים בטעם שמנת בצל 300 גרם,,,בייגלה דקים דקים בטע,גרמים,400.00,100 גרם,false,1,13.90,3.48,true,1,
7290112492456,false,"שמפו פינוק לשיער יבש/פגום 700 מ""ל",,IL,שמפו פינוק לשיער יבש,מיליליטרים,700.00,"100 מ""ל",false,1,12.90,1.84,true,1,
7290112492593,false,תחליב רחצה פינוק בניחוח פינוק קלאסי 700,,IL,תחליב רחצה פינוק בני,מיליליטרים,700.00,"100 מ""ל",false,1,15.90,2.27,true,1,
7290112492609,false,"תחליב רחצה פינוק לבנדר וניל 700 מ""ל",,IL,תחליב רחצה פינוק לבנ,מיליליטרים,700.00,"100 מ""ל",false,1,15.90,2.27,true,1,
7290112493316,false,מרק היום אפונה 117 גרם,,IL,מרק היום אפונה 117 ג,גרמים,117.00,100 גרם,false,1,14.90,12.74,true,1,
7290112494221,false,קליק ביסקוויט 65 גרם,,,קליק ביסקוויט 65 גרם,גרמים,65.00,100 גרם,false,1,6.90,10.62,true,1,
7290112494238,false,קליק כדורי חלב 65 גרם,,,קליק כדורי חלב 65 גר,גרמים,65.00,100 גרם,false,1,6.90,10.62,true,1,
7290112494382,false,פירה בטעם ביתי 260 גרם-קופסא,,,פירה בטעם ביתי 260 ג,גרמים,260.00,100 גרם,false,1,14.90,5.73,true,1,
7290112494801,false,"גל כביסה בדין בניחוח בדין ורוד 2.5 ק""ג",,IL,גל כביסה בדין בניחוח,קילוגרמים,0.00,"ק""ג",false,1,38.50,38.50,true,1,
7290112495006,false,כריות נוגט 686 גרם - קופסא,,,כריות נוגט 686 גרם -,גרמים,686.00,100 גרם,false,1,27.90,4.07,true,1,
7290112495105,false,נשנושים תפוא בצל 260 גרם,,,נשנושים תפוא בצל 260,גרמים,260.00,100 גרם,false,1,14.90,5.73,true,1,
7290112495143,false,קרקרים קוקטייל מלוח 300 גרם,,,קרקרים קוקטייל מלוח,גרמים,300.00,100 גרם,false,1,15.90,5.30,true,1,
7290112495228,false,קורנפלקס דבש 448 גרם,,,קורנפלקס דבש 448 גרם,גרמים,448.00,100 גרם,false,1,20.90,4.67,true,1,
7290112495280,false,ריבועי ברנפלקס קינמון 400 גרם,,,ריבועי ברנפלקס קינמו,גרמים,400.00,100 גרם,false,1,25.90,6.48,true,1,
7290112495433,false,דליפקאן 400 גרם,,,דליפקאן 400 גרם,גרמים,400.00,100 גרם,false,1,23.90,5.98,true,1,
7290112495754,false,"הלמנס לסלט אלף האיים 305 מ""ל",,,הלמנס לסלט אלף האיים,מיליליטרים,305.00,"100 מ""ל",false,1,15.40,5.05,true,1,
7290112495976,false,פריכיות אורז מצופות שוקולד חלב 35 גרם,,PL,פריכיות אורז מצופות,גרמים,35.00,100 גרם,false,1,6.50,18.57,true,1,
7290112496430,false,נמס בכוס אקסטרה עגבניות ואטריות קנור 37,,,נמס בכוס אקסטרה עגבנ,גרמים,37.00,100 גרם,false,1,4.90,13.24,true,1,
7290112496447,false,נמס בכוס אקסטרה טעם עוף ואטריות קנור 27,,,נמס בכוס אקסטרה טעם,גרמים,27.00,100 גרם,false,1,4.90,18.15,true,1,
7290112497994,false,גרנולה פרוטאין בתוספת חלבון ואגוזים 300,,,גרנולה פרוטאין בתוספ,גרמים,300.00,100 גרם,false,1,20.90,6.97,true,1,
7290112498007,false,גרנולה פרוטאין ת.חלבון שקדים חמוציות 300,,,גרנולה פרוטאין ת.חלב,גרמים,300.00,100 גרם,false,1,20.90,6.97,true,1,
7290112498069,false,קוקומן ללא גלוטן 375 גרם,,,קוקומן ללא גלוטן 375,גרמים,375.00,100 גרם,false,1,25.90,6.91,true,1,
7290112499127,false,שלגון גלידה שוקולד לבן ותות 77 גרם,,IL,שלגון גלידה שוקולד ל,גרמים,77.00,100 גרם,false,1,11.90,15.45,true,1,
7290112499639,false,טילון סופר מגנום חום ADRE,,,טילון סופר מגנום חום,גרמים,110.00,100 גרם,false,1,11.90,10.82,true,1,
7290112499646,false,קורנטו סופר פקאן,,IL,קורנטו סופר פקאן,גרמים,108.00,100 גרם,false,1,11.90,11.02,true,1,
7290112499677,false,מגנום וניל בציפוי שוקולד לבן,,,מגנום וניל בציפוי שו,Unknown,0.00,Unknown,false,1,10.10,10.10,true,1,
7290112499813,false,אסקימו אבטיח 84 גר,,IL,אסקימו אבטיח 84 גר,גרמים,84.00,100 גרם,false,1,3.00,3.57,true,1,
7290112499929,false,מגנום שוקולד,,,מגנום שוקולד אימפאלס,גרמים,85.00,100 גרם,false,1,11.90,14.00,true,1,
7290112499936,false,מגנום שקדים,,,מגנום שקדים,Unknown,0.00,Unknown,false,1,11.90,11.90,true,1,
7290112708151,false,חצאית שולחן מטאלית פ,,CN,חצאית שולחן מטאלית פ,Unknown,1.00,Unknown,false,12,21.90,21.90,true,1,
7290112960856,false,גלידה אקסטרים מטבע שוקולד וריבת חלב 115ג,,IL,גלידה אקסטרים מטבע ש,גרמים,115.00,100 גרם,false,1,11.00,9.57,true,1,
7290112961327,false,בייגלה כפיות פיזור כפרי 300 גרם,,,בייגלה כפיות פיזור כ,גרמים,300.00,100 גרם,false,1,11.90,3.97,true,1,
7290112963918,false,פיטנס קרקר דק רוזמרין 140 גרם,,IL,פיטנס קרקר דק רוזמרי,גרמים,140.00,100 גרם,false,1,13.90,9.93,true,1,
7290112964724,false,טבעול המבורגר טבעוני 580 גרם,,,טבעול המבורגר טבעוני,גרמים,580.00,100 גרם,false,1,38.50,6.64,true,1,
7290112965264,false,זוג מרק נמס סוף אפונה  52 גרם,,IL,זוג מרק נמס סוף אפונ,גרמים,52.00,100 גרם,false,1,5.90,11.35,true,1,
7290112965288,false,זוג מרק נמס סוף ירקות 30 גרם,,IL,אסם זוג מרק נמס ירקו,גרמים,56.00,100 גרם,false,1,5.90,10.54,true,1,
7290112965660,false,פיטנס חטיף מולטיגריין מלח פלפל 25 גרם,,IL,פיטנס חטיף מולטיגריי,גרמים,25.00,100 גרם,false,1,5.50,22.00,true,1,
7290112965684,false,פיטנס חטיף מולטיגריין ע.תיבול 25 גרם,,IL,פיטנס חטיף מולטיגריי,גרמים,25.00,100 גרם,false,1,5.50,22.00,true,1,
7290112966445,false,במבה מתוקה אריזה גדולה 100 גרם,,IL,במבה מתוקה אריזה גדו,גרמים,100.00,100 גרם,false,1,8.30,8.30,true,1,
7290112967114,false,פיטנס חטיפי פריכיות קטניות ופלפל 60 גרם,,,פיטנס חטיפי פריכיות,גרמים,60.00,100 גרם,false,1,9.90,16.50,true,1,
7290112967138,false,בייגלה שמיניות ללא גלוטן 250 גרם אסם,,,בייגלה שמיניות ללא ג,גרמים,250.00,100 גרם,false,1,15.90,6.36,true,1,
7290112967381,false,פיטנס חטיפי פריכיות קטניות ומלח ים 60 גר,,,פיטנס חטיפי פריכיות,גרמים,60.00,100 גרם,false,1,9.90,16.50,true,1,
7290112968203,false,סלט טחינה בלדי 250 גרם,,IL,סלט טחינה בלדי 250 ג,גרמים,250.00,100 גרם,false,1,12.50,5.00,true,1,
7290112968807,false,פיטנס קרקר דק סלק 140 גרם,,,פיטנס קרקר דק סלק 14,גרמים,140.00,100 גרם,false,1,13.90,9.93,true,1,
7290112968821,false,פיטנס קרקר דק בטטה 140 גרם,,,פיטנס קרקר דק בטטה 1,גרמים,140.00,100 גרם,false,1,13.90,9.93,true,1,
7290112969248,false,אסם בישולים רוטב סילאן ובצל 335 גרם,,,אסם בישולים רוטב סיל,גרמים,335.00,100 גרם,false,1,18.90,5.64,true,1,
7290113192157,false,אגוזי ברזיל קלופים 150 גרם,,IL,אגוזי ברזיל קלופים 1,גרמים,150.00,100 גרם,false,1,18.80,12.53,true,1,
7290113192164,false,אגוזי קשיו קלופים 150 גרם,,IL,אגוזי קשיו קלופים 15,גרמים,150.00,100 גרם,false,1,17.90,11.93,true,1,
7290113192171,false,מיקס אגוזים שקדים וחמוציות 150 גרם,,IL,מיקס אגוזים שקדים וח,גרמים,150.00,100 גרם,false,1,17.90,11.93,true,1,
7290113192348,false,זית ירוק  17-19 2A בית השיטה 340 גרם,,IL,זית ירוק  17-19 2A ב,גרמים,340.00,100 גרם,false,1,12.90,3.79,true,1,
7290113192355,false,זית חרוזית ירוק A2 בית השיטה 275 גרם,,,זית חרוזית ירוק A2 ב,גרמים,275.00,100 גרם,false,1,10.90,3.96,true,1,
7290113192362,false,זיתים ירוקים טבעות A2 בית השיטה 280 גרם,,IL,זיתים ירוקים טבעות A,גרמים,280.00,100 גרם,false,1,13.50,4.82,true,1,
7290113192393,false,קוקטייל זיתים A2 בית השיטה 336 גרם,,IL,קוקטייל זיתים A2 בית,גרמים,336.00,100 גרם,false,1,13.90,4.14,true,1,
7290113192478,false,מלפפונים במלח 10-12 בית השטה 320 גרם,,IL,מלפפונים במלח 10-12,גרמים,320.00,100 גרם,false,1,9.50,2.97,true,1,
7290113192485,false,מלפפונים בחומץ 10-12 בית השטה 320 גרם,,IL,מלפפונים בחומץ 10-12,גרמים,320.00,100 גרם,false,1,9.50,2.97,true,1,
7290113192492,false,מלפפון בחומץ 17-13 בית השיטה 290 גרם,,IL,מלפפון בחומץ 17-13 ב,גרמים,290.00,100 גרם,false,1,12.90,4.45,true,1,
7290113192515,false,מלפפון במלח 18-25 320 גרם בית השיטה,,IL,מלפפון במלח 18-25 32,גרמים,320.00,100 גרם,false,1,13.90,4.34,true,1,
7290113192522,false,מלפפון בחומץ 18-25 290 גרם בית השיטה,,IL,מלפפון בחומץ 18-25 2,גרמים,290.00,100 גרם,false,1,13.90,4.79,true,1,
7290113192546,false,מלפפון בחומץ  7-9 בית השיטה 290 גר,,IL,מלפפון בחומץ  7-9 בי,גרמים,290.00,100 גרם,false,1,7.90,2.72,true,1,
7290113192560,false,פלפל שיפקה  A2 בית השיטה 230 גרם,,IL,פלפל שיפקה  A2 בית ה,גרמים,230.00,100 גרם,false,1,8.80,3.83,true,1,
7290113192577,false,כרוב כבוש A2 בית השיטה 430 גרם,,IL,כרוב כבוש A2 בית השי,גרמים,430.00,100 גרם,false,1,9.90,2.30,true,1,
7290113193017,false,קוקטייל זיתים 275 גרם בית השיטה,,IL,קוקטייל זיתים 275 גר,גרמים,275.00,100 גרם,false,1,15.90,5.78,true,1,
7290113193888,false,חצילים מוחמצים 320 גרם בית השיטה,,IL,חצילים מוחמצים 320 ג,גרמים,320.00,100 גרם,false,1,13.90,4.34,true,1,
7290113195080,false,חלבה טורקית בטעם שוקו וניל 400 גרם,,,חלבה טורקית בטעם שוק,גרמים,400.00,100 גרם,false,1,13.90,3.48,true,1,
7290113195264,false,ממרח פלפלים קלויים 360 גרם,,MK,ממרח פלפלים קלויים 3,גרמים,360.00,100 גרם,false,1,12.90,3.58,true,1,
7290113195356,false,שמן קנולה מזוכך זית השיטה 1 ליטר,,,שמן קנולה מזוכך זית,מיליליטרים,1000.00,"100 מ""ל",false,1,13.90,1.39,true,1,
7290113195363,false,שמן חמניות מזוכך זית השיטה 1 ליטר,,,שמן חמניות מזוכך זית,מיליליטרים,1000.00,"100 מ""ל",false,1,14.90,1.49,true,1,
7290113195967,false,שיבולת שועל פחית 500 גרם,,,שיבולת שועל פחית 500,גרמים,500.00,100 גרם,false,1,9.90,1.98,true,1,
7290113196513,false,פריכיות כוסמת בתוספת שקדים 150 גרם,,IL,פריכיות כוסמת בתוספת,גרמים,150.00,100 גרם,false,1,12.00,8.00,true,1,
7290113196896,false,"תרסיס שמן זית 170 מ""ל",,TR,"תרסיס שמן זית 170 מ""",מיליליטרים,170.00,"100 מ""ל",false,1,12.90,7.59,true,1,
7290113302266,false,חטיף בונזו סטריפים ב,,,חטיף בונזו סטריפים ב,Unknown,0.00,Unknown,false,1,9.90,9.90,true,1,
7290113302396,false,שיפוד כבש ודג בקלה 8,,,שיפוד כבש ודג בקלה 8,Unknown,0.00,Unknown,false,1,9.90,9.90,true,1,
7290113595507,false,כובעים ליום הולדת 6,,CN,כובעים ליום הולדת 6,Unknown,1.00,Unknown,false,12,9.90,9.90,true,1,
7290113670327,false,נוזל כביסה 1 ליטר,,,נוזל כביסה 1 ליטר,מיליליטרים,1000.00,"100 מ""ל",false,1,16.90,1.69,true,1,
7290114151566,false,"שמפו לכל סוגי השיער בוטני 500 מ""ל",,IL,שמפו לכל סוגי השיער,מיליליטרים,500.00,"100 מ""ל",false,1,25.90,5.18,true,1,
7290114310222,false,חלב מועשר בסידן וויטמין D 3% 1.5 ל,,IL,חלב מועשר בסידן וויט,מיליליטרים,1500.00,"100 מ""ל",false,1,12.50,0.83,true,1,
7290114310536,false,מולר אקטיב לייט יוגורט 25 ג חלבון 0% שו,,IL,מולר אקטיב לייט,גרמים,200.00,100 גרם,false,1,6.50,3.25,true,1,
7290114310901,false,גבינה לבנה 5% 250 גר,,,גבינה לבנה טרה 5%,גרמים,250.00,100 גרם,false,1,4.98,1.99,true,1,
7290114311359,false,יוגורט מולר פרופ בטעם מנגו 3% 150 גרם,,IL,יוגורט מולר פרופ בטע,גרמים,150.00,100 גרם,false,1,5.40,3.60,true,1,
7290114600941,false,מיונז לחיץ מאסטר שף 435 גרם,,NL,מיונז לחיץ מאסטר שף,גרמים,435.00,100 גרם,false,1,14.60,3.36,true,1,
7290114603508,false,"רוטב להקפצה מאסטר שף 300 מ""ל",,TH,רוטב להקפצה מאסטר שף,מיליליטרים,300.00,"100 מ""ל",false,1,11.90,3.97,true,1,
7290114604925,false,"קרם קוקוס לייט מאסטר שף 400 מ""ל",,,קרם קוקוס לייט מאסטר,מיליליטרים,400.00,"100 מ""ל",false,1,9.90,2.48,true,1,
7290114606387,false,"משחת שיניים אופטיק וויט פחם מארז  75 מ""ל",,,משחת שיניים אופטיק ו,מיליליטרים,150.00,"100 מ""ל",false,1,55.50,37.00,true,1,
7290114606547,false,מיונז פטריות כמהין לחיץ מאסטר שף 242 גרם,,NL,מיונז פטריות כמהין ל,גרמים,242.00,100 גרם,false,1,14.60,6.03,true,1,
7290114606554,false,מיונז לייט לחיץ מאסטר שף 470 גרם,,NL,מיונז לייט לחיץ מאסט,גרמים,470.00,100 גרם,false,1,13.90,2.96,true,1,
7290114606561,false,מנה אסייאתי אטריות אורז דקות 400 ג מ.שף,,,מנה אסייאתי אטריות א,גרמים,400.00,100 גרם,false,1,10.90,2.73,true,1,
7290114606578,false,שקדי מרק מאסטר שף 400 גרם,,IL,שקדי מרק מאסטר שף 40,גרמים,400.00,100 גרם,false,1,10.00,2.50,true,1,
7290114608640,false,קרוטונים לסלט כוסמין מאסטר שף 260 גרם,,IL,קרוטונים לסלט כוסמין,גרמים,260.00,100 גרם,false,1,22.90,8.81,true,1,
7290114651561,false,באנר אותיות יום הולד,,CN,באנר אותיות יום הולד,Unknown,1.00,Unknown,false,12,9.90,9.90,true,1,
7290114655316,false,שקית חבל ממותג קטן מ,,CN,שקית חבל ממותג קטן מ,Unknown,1.00,Unknown,false,12,10.90,10.90,true,1,
7290114656245,false,כרזת HBD  שחור כוכבי,,CN,כרזת HBD  שחור כוכבי,Unknown,1.00,Unknown,false,5,4.90,4.90,true,1,
7290114659949,false,מסכה לפנים חד פעמי 50 יח,,,מסכה לפנים חד פעמי 5,יחידה,1.00,יחידה,false,1,10.90,10.90,true,1,
7290115072952,false,דינוזאור מקל ארוך עם סוכריות 5גר,,CN,דינוזאור מקל ארוך עם,גרמים,5.00,100 גרם,false,1,10.90,218.00,true,1,
7290115180251,false,יחידות טבק לחימום אמבר PP קרטוש,,,יחידות טבק לחימום אמ,Unknown,0.00,Unknown,false,1,26.50,26.50,true,1,
7290115180268,false,יחידות טבק לחימום צהוב PP,,,יחידות טבק לחימום צה,Unknown,0.00,Unknown,false,1,26.50,26.50,true,1,
7290115180275,false,יחידות טבק לחימום טורקיז PP,,,יחידות טבק לחימום טו,Unknown,0.00,Unknown,false,1,26.50,26.50,true,1,
7290115180688,false,יחידות טבק לחימום סגול PP,,,יחידות טבק לחימום סג,Unknown,0.00,Unknown,false,1,26.50,26.50,true,1,
7290115190014,false,מרלבורו רד קצר בוקס חפיסה,,,מרלבורו רד קצר בוקס,Unknown,0.00,Unknown,false,1,35.90,35.90,true,1,
7290115190076,false,מרלבורו גולד 100 חפיסה,,,מרלבורו גולד 100 חפי,Unknown,0.00,Unknown,false,1,35.90,35.90,true,1,
7290115190090,false,מרלבורו גולד קצר,,,מרלבורו גולד קצר,Unknown,0.00,Unknown,false,1,35.90,35.90,true,1,
7290115190137,false,מלבורו פיין טאצ 7.1 חפיסה,,,מלבורו פיין טאצ 7.1,יחידה,1.00,יחידה,false,1,31.90,31.90,true,1,
7290115190151,false,מלבורו גולד טאצ 7.1 חפיסה,,,מלבורו גולד טאצ 7.1,יחידה,1.00,יחידה,false,1,31.90,31.90,true,1,
7290115190175,false,פרלמנט סופר סלימס חפיסה,,,פרלמנט סופר סלימס חפ,Unknown,0.00,Unknown,false,1,41.00,41.00,true,1,
7290115190199,false,פרלמנט ארוך RCB חפיסה,,,פרלמנט ארוך RCB חפיס,Unknown,0.00,Unknown,false,1,41.00,41.00,true,1,
7290115190212,false,פרלמנט ארוך בלו RCB חפיסה,,,פרלמנט ארוך בלו RCB,Unknown,0.00,Unknown,false,1,41.00,41.00,true,1,
7290115190236,false,פרלמנט קצר בלו חפיסה,,,פרלמנט קצר בלו חפיסה,Unknown,0.00,Unknown,false,1,41.00,41.00,true,1,
7290115190359,false,L&M בלו לייבל קצר-חפיסה,,,L&M בלו לייבל קצר-חפ,Unknown,0.00,Unknown,false,1,31.90,31.90,true,1,
7290115190373,false,ל.מ.פורוורד חפיסה,,,ל.מ.פורוורד חפיסה,Unknown,0.00,Unknown,false,1,31.90,31.90,true,1,
7290115190472,false,נקסט  פיין ארג חפיסה,,,נקסט  פיין ארג חפיסה,Unknown,0.00,Unknown,false,1,24.90,24.90,true,1,
7290115190496,false,נקסט פיין 100 חפיסה PP,,,נקסט פיין 100 חפיסה,Unknown,0.00,Unknown,false,1,29.90,29.90,true,1,
7290115190557,false,נקסט ריסס חפיסה,,,נקסט ריסס חפיסה,Unknown,0.00,Unknown,false,1,25.90,25.90,true,1,
7290115190595,false,נקסט FF חפיסה,,,נקסט FF חפיסה,Unknown,0.00,Unknown,false,1,29.90,29.90,true,1,
7290115190892,false,מרלבורו פיוזן קפסולה חפיסה,,,מרלבורו פיוזן קפסולה,Unknown,0.00,Unknown,false,1,26.90,26.90,true,1,
7290115191035,false,מרלבורו סאמר ספלאש חפיסה,,,מרלבורו סאמר ספלאש ח,יחידה,1.00,יחידה,false,1,28.90,28.90,true,1,
7290115191073,false,נקסט ריסס ריץ חפיסה,,,נקסט ריסס ריץ חפיסה,Unknown,0.00,Unknown,false,1,25.90,25.90,true,1,
7290115201680,false,ביסלי ברביקיו 70 גרם,,IL,ביסלי ברביקיו 70 גרם,גרמים,70.00,100 גרם,false,1,4.70,6.71,true,1,
7290115201703,false,ביסלי ברביקיו 200 גרם,,IL,ביסלי ברביקיו 200 גר,גרמים,200.00,100 גרם,false,1,8.90,4.45,true,1,
7290115201727,false,ביסלי בצל 200 גרם,,IL,ביסלי בצל 200 גרם,גרמים,200.00,100 גרם,false,1,8.90,4.45,true,1,
7290115202434,false,חומוס עם זעתר צבר 375 גרם,,IL,חומוס עם זעתר צבר 37,גרמים,375.00,100 גרם,false,1,15.50,4.13,true,1,
7290115202816,false,מנה חמה פאוצ נדלס.אטר.טעם עוף 70 גרם,,,מנה חמה פאוצ נדלס.אט,גרמים,70.00,100 גרם,false,1,5.80,8.29,true,1,
7290115202939,false,מנה חמה רייס נודלס עוף פטריות 50 גר,,,מנה חמה רייס נודלס ע,גרמים,50.00,100 גרם,false,1,9.90,19.80,true,1,
7290115203134,false,פופקו פופקורן במבה 80 גרם,,,פופקו פופקורן במבה 8,גרמים,80.00,100 גרם,false,1,5.50,6.88,true,1,
7290115203172,false,במבה פרו 80 גרם,,,במבה פרו 80 גרם,גרמים,80.00,100 גרם,false,1,4.90,6.13,true,1,
7290115203295,false,פרפקטו פסטה ריציאולי מהדורה  500 גרם,,,פרפקטו פסטה ריציאולי,גרמים,500.00,100 גרם,false,1,13.90,2.78,true,1,
7290115204056,false,קטשופ אסם מופחת סוכר 690 גרם,,IL,קטשופ אסם מופחת סוכר,גרמים,690.00,100 גרם,false,1,11.90,1.72,true,1,
7290115204186,false,צבר פסטו 190 גרם,,,צבר פסטו 190 גרם,יחידה,1.00,יחידה,false,1,20.90,20.90,true,1,
7290115204247,false,צבר עגבניות מיובשות 190 גרם,,,צבר עגבניות מיובשות,יחידה,1.00,יחידה,false,1,19.90,19.90,true,1,
7290115204957,false,לחמית איטלקית 160 גרם,,IL,לחמית איטלקית 160 גר,גרמים,160.00,100 גרם,false,1,11.90,7.44,true,1,
7290115205176,false,פיטנס קרקר כפרי 140 גרם,,IL,פיטנס קרקר כפרי 140,גרמים,140.00,100 גרם,false,1,13.90,9.93,true,1,
7290115205312,false,פיטנס קרקר זיתים 140 גרם,,IL,פיטנס קרקר זיתים 140,גרמים,140.00,100 גרם,false,1,13.90,9.93,true,1,
7290115205527,false,פיטנס חטיף מולטגריין עם עדשים 25 גרם,,,פיטנס חטיף מולטגריין,גרמים,25.00,100 גרם,false,1,5.50,22.00,true,1,
7290115205541,false,פיטנס חטיף מולטיגריין עם חומוס 25גרם,,,פיטנס חטיף מולטיגריי,גרמים,25.00,100 גרם,false,1,5.50,22.00,true,1,
7290115206852,false,ביסלי ציזי סטיקס חדש 70 גר,,,ביסלי ציזי סטיקס חדש,גרמים,70.00,100 גרם,false,1,4.70,6.71,true,1,
7290115207507,false,צבר סלט טורקי 360 גרם,,,צבר סלט טורקי 360 גר,גרמים,360.00,100 גרם,false,1,19.30,5.36,true,1,
7290115208009,false,סירופ ויטמינציק ענבים 1 ליטר,,,סירופ ויטמינציק ענבי,מיליליטרים,1000.00,"100 מ""ל",false,1,23.90,2.39,true,1,
7290115208047,false,סירופ ויטמינציק פטל 1 ליטר,,,סירופ ויטמינציק פטל,מיליליטרים,1000.00,"100 מ""ל",false,1,23.90,2.39,true,1,
7290115208344,false,אסם בייגלה כפיות שמנת בצל 300 גרם,,,אסם בייגלה כפיות שמנ,גרמים,300.00,100 גרם,false,1,11.90,3.97,true,1,
7290115209174,false,במבה אוורירית 80 גרם,,,במבה אוורירית 80 גרם,גרמים,80.00,100 גרם,false,1,3.80,4.75,true,1,
7290115250503,false,קרקר כוסמין שום ועשבי תיבול שקית 225 גרם,,IL,קרקר כוסמין שום ועשב,גרמים,225.00,100 גרם,false,1,27.90,12.40,true,1,
7290115250527,false,קרקר חומוס 225 גרם,,IL,קרקר חומוס 225 גרם,גרמים,225.00,100 גרם,false,1,27.90,12.40,true,1,
7290115252330,false,וירו מנת קינואה ספרדי 470 גרם,,,וירו מנת קינואה ספרד,גרמים,470.00,100 גרם,false,1,15.90,3.38,true,1,
7290115252354,false,וירו מנת קינואה ים תיכוני 470 גרם,,,וירו מנת קינואה ים ת,גרמים,470.00,100 גרם,false,1,15.90,3.38,true,1,
7290115252378,false,וירו מנת קינואה אקזוטי 470 גרם,,,וירו מנת קינואה אקזו,גרמים,470.00,100 גרם,false,1,15.90,3.38,true,1,
7290115254716,false,סוכריות גוי מאגדת כחול 160 גרם,,,סוכריות גוי מאגדת כח,גרמים,160.00,100 גרם,false,1,22.90,14.31,true,1,
7290115254723,false,סוכריות גוי מאגדת ורוד 160 גרם,,,סוכריות גוי מאגדת ור,גרמים,160.00,100 גרם,false,1,22.90,14.31,true,1,
7290115259209,false,טופי לבנדר בעבודת יד 100 גרם,,IL,טופי לבנדר בעבודת יד,גרמים,100.00,100 גרם,false,1,23.00,23.00,true,1,
7290115670684,false,גרנולה אגוזים אנרגי 400 גרם,,CZ,גרנולה אגוזים אנרגי,גרמים,400.00,100 גרם,false,1,17.70,4.43,true,1,
7290115671223,false,מאסט פאן אבטיח מנגו 58 גרם,,,מאסט פאן אבטיח מנגו,גרמים,58.00,100 גרם,false,1,11.50,19.83,true,1,
7290115671346,false,מיני פינוקיות טופי קרמל מלוח 180 ג,,IL,מיני פינוקיות טופי ק,גרמים,180.00,100 גרם,false,1,12.90,7.17,true,1,
7290115676051,false,משקה אקטיביה ש. שועל 1.2% 265 גרם,,IL,משקה אקטיביה ש. שועל,גרמים,265.00,100 גרם,false,1,6.40,2.42,true,1,
7290115676082,false,משקה דנונה פרו 20 תות 265 מל,,IL,משקה דנונה פרו 20 תו,מיליליטרים,265.00,"100 מ""ל",false,1,8.30,3.13,true,1,
7290115677409,false,אורז קארי צהוב דלישס 350 גרם,,IT,אורז קארי צהוב דלישס,גרמים,350.00,100 גרם,false,1,28.90,8.26,true,1,
7290115678376,false,מעדן הגולן שוקולד 125 גרם,,,מעדן הגולן שוקולד,גרמים,125.00,100 גרם,false,1,3.20,2.56,true,1,
7290115679960,false,ציטוס פופקורן בטעם טבעי 60 ג 24 יח,,,ציטוס פופקורן בטעם ט,גרמים,60.00,100 גרם,false,1,4.50,7.50,true,1,
7290116530062,false,הלמנס רוטב ויניגרט לסלט 295 גרם,,,הלמנס רוטב ויניגרט ל,גרמים,295.00,100 גרם,false,1,15.40,5.22,true,1,
7290116530871,false,נשנושים חטיף מיקס 240 גרם,,,נשנושים חטיף מיקס 24,גרמים,240.00,100 גרם,false,1,14.90,6.21,true,1,
7290116531069,false,מרק בצל קנור 225 גרם,,IL,מרק בצל קנור 225 גרם,גרמים,225.00,100 גרם,false,1,19.90,8.84,true,1,
7290116531076,false,מרק פטריות קנור 225 גרם,,IL,מרק פטריות קנור 225,גרמים,225.00,100 גרם,false,1,19.90,8.84,true,1,
7290116531496,false,קינמונים 375 גרם,,,קינמונים 375 גרם,גרמים,375.00,100 גרם,false,1,21.90,5.84,true,1,
7290116531885,false,מיונז טבעוני הלמנס 500 גרם,,IL,מיונז טבעוני הלמנס 5,גרמים,500.00,100 גרם,false,1,15.90,3.18,true,1,
7290116532219,false,קורנפלקס בטעם תות 448 גרם,,,קורנפלקס בטעם תות 44,גרמים,448.00,100 גרם,false,1,20.90,4.67,true,1,
7290116532486,false,גלידת שמנת קליק בטעם וניל קרמל מלו 384 ג,,IL,גלידת שמנת קליק בטעם,גרמים,384.00,100 גרם,false,1,21.90,5.70,true,1,
7290116532585,false,ברנפלקס קרנצים דבש וקינמון 375 גרם,,,ברנפלקס קרנצים דבש ו,גרמים,375.00,100 גרם,false,1,24.90,6.64,true,1,
7290116532738,false,הלמנס רוטב איטלקי 295 גרם,,,הלמנס רוטב איטלקי 29,גרמים,295.00,100 גרם,false,1,15.40,5.22,true,1,
7290116532769,false,גרנולה פרוטאין ת.חלבון תפוח קינמון 300 ג,,,גרנולה פרוטאין ת.חלב,גרמים,300.00,100 גרם,false,1,20.90,6.97,true,1,
7290116532905,false,נשנושים איירביס ברביקיו 155 גרם,,,נשנושים איירביס ברבי,גרמים,155.00,100 גרם,false,1,14.90,9.61,true,1,
7290116533063,false,דגני בוקר שוגי קרטיב ענבים 400 גרם,,IL,דגני בוקר שוגי קרטיב,גרמים,400.00,100 גרם,false,1,22.90,5.73,true,1,
7290116930282,false,ארוחה בקטנה עם קרקרים 150 גרם,,,ארוחה בקטנה לאבנה עם,גרמים,150.00,100 גרם,false,1,8.50,5.67,true,1,
7290116930435,false,"יוגורט גו סמיך דובדבן 0% 200 מ""ל",,IL,יוגורט גו סמיך דובדב,מיליליטרים,200.00,"100 מ""ל",false,1,6.20,3.10,true,1,
7290116930442,false,"יופלה שייק בננה מנגו תפוז גזר ציה 230 מ""",,,יופלה שייק בננה מנגו,מיליליטרים,230.00,"100 מ""ל",false,1,8.90,3.87,true,1,
7290116930466,false,"יופלה שייק מנגו בננה פסיפלורה והל 230 מ""",,,יופלה שייק מנגו בננה,מיליליטרים,230.00,"100 מ""ל",false,1,8.90,3.87,true,1,
7290116930626,false,ארוחה בקטנה ציזיקי עם קרקרים 150 גרם,,,ארוחה בקטנה ציזיקי ע,גרמים,150.00,100 גרם,false,1,8.50,5.67,true,1,
7290116930701,false,מעדן חלב go בטעם קרמל מלוח 120 גרם,,,מעדן חלב go בטעם קרמ,גרמים,120.00,100 גרם,false,1,5.40,4.50,true,1,
7290116930725,false,סויה BIO קוקוס גביע Alternative 150 גרם,,,סויה BIO קוקוס גביע,גרמים,150.00,100 גרם,false,1,5.10,3.40,true,1,
7290116931081,false,מעדן סויה בטעם טופי קרמל 125 גרם,,,מעדן סויה בטעם טופי,גרמים,125.00,100 גרם,false,1,4.70,3.76,true,1,
7290116931104,false,"יוגורט גו סמיך עם אננס 0% 200 מ""ל",,,יוגורט גו סמיך עם אנ,מיליליטרים,200.00,"100 מ""ל",false,1,6.20,3.10,true,1,
7290117260050,false,קונפיטורה חבושים 380 גרם,,TR,קונפיטורה חבושים 380,גרמים,380.00,100 גרם,false,1,9.90,2.61,true,1,
7290117260227,false,קפה טורקי אמיתי מטורקיה 100 גרם,,,קפה טורקי אמיתי מטור,גרמים,100.00,100 גרם,false,1,5.90,5.90,true,1,
7290117260579,false,חטיף קראנצי על בסיס קמח עדשים שמנת ובצל,,,חטיף קראנצי על בסיס,גרמים,80.00,100 גרם,false,1,10.50,13.13,true,1,
7290117260586,false,חטיף קראנצי על בסיס קמח עדשים פלפל וליים,,,חטיף קראנצי על בסיס,גרמים,80.00,100 גרם,false,1,10.50,13.13,true,1,
7290117260593,false,חטיף קראנצי על בסיס קמח עדשים צדר 80 גר,,,חטיף קראנצי על בסיס,גרמים,80.00,100 גרם,false,1,10.50,13.13,true,1,
7290117260685,false,תן בו וניל ציפויים בטעמים שונים 230 גרם,,,תן בו וניל ציפויים ב,גרמים,230.00,100 גרם,false,1,21.90,9.52,true,1,
7290117260920,false,קרקרים וילי פוד ללא גלוטן 125 גר,,,קרקרים וילי פוד ללא,גרמים,125.00,100 גרם,false,1,9.90,7.92,true,1,
7290117260944,false,מיני גריסיני וילי פוד ללא גלוטן 125גר,,,מיני גריסיני וילי פו,גרמים,125.00,100 גרם,false,1,9.90,7.92,true,1,
7290117260975,false,זיתי קלמטה מגולענים במי מלח וילי פוד350,,TR,זיתי קלמטה מגולענים,גרמים,350.00,100 גרם,false,1,9.90,2.83,true,1,
7290117260982,false,זיתים שחור מגולענים במי מלח וילי פוד300,,TR,זיתים שחור מגולענים,גרמים,300.00,100 גרם,false,1,9.90,3.30,true,1,
7290117261002,false,זיתי קלמטה במי מלח וילי פוד 350 גר,,TR,זיתי קלמטה במי מלח ו,גרמים,350.00,100 גרם,false,1,9.90,2.83,true,1,
7290117261019,false,זיתים ירוק ממולאים מחית פלפלים אדומים300,,TR,זיתים ירוק ממולאים מ,גרמים,300.00,100 גרם,false,1,9.90,3.30,true,1,
7290117261033,false,זיתים שחורים מיובשים וילי פוד 200 גר,,TR,זיתים שחורים מיובשים,גרמים,200.00,100 גרם,false,1,9.90,4.95,true,1,
7290117261415,false,יוגורט פרוביוטי 2.7% שומן 125 גרם,,,יוגורט פרוביוטי 2.7%,גרמים,125.00,100 גרם,false,1,3.90,3.12,true,1,
7290117261422,false,יוגורט פרוביוטי עם תות 2.7% שומן 125 גרם,,,יוגורט פרוביוטי עם ת,גרמים,125.00,100 גרם,false,1,3.90,3.12,true,1,
7290117261439,false,יוגורט פרוביוטי עם פירות יער 2.7% שומן,,,יוגורט פרוביוטי עם פ,גרמים,125.00,100 גרם,false,1,3.90,3.12,true,1,
7290117261446,false,יוגורט פרוביוטי עם אפרסק ומשמש 2.7% שומן,,,יוגורט פרוביוטי עם א,גרמים,125.00,100 גרם,false,1,3.90,3.12,true,1,
7290117261590,false,סרדינים בריסלינג מעושנים בשמן זית 185 ג,,LV,סרדינים בריסלינג מעו,גרמים,185.00,100 גרם,false,1,14.90,8.05,true,1,
7290117262061,false,וופל קקאו ואגוזי לוז וילי פוד 200 גר,,GR,וופל קקאו ואגוזי לוז,גרמים,200.00,100 גרם,false,1,12.90,6.45,true,1,
7290117262221,false,משקה יוגורט פרוביוטי עם אננס 200מל 2.3% שומן,,TR,משקה יוגורט פרוביוטי,מיליליטרים,200.00,"100 מ""ל",false,1,6.60,3.30,true,1,
7290117262238,false,משקה יוגורט פרוביוטי עם תות שדה 200מל 2.3% שומן,,TR,משקה יוגורט עם תות ש,מיליליטרים,200.00,"100 מ""ל",false,1,6.60,3.30,true,1,
7290117380215,false,חטיף פוף קראנץ בטעם טאקו 60 גרם,,,חטיף פוף קראנץ בטעם,גרמים,60.00,100 גרם,false,1,4.60,7.67,true,1,
7290117382318,false,חטיף חלבון מ.שוקולד מריר סלים דליס 60 גר,,IT,חטיף חלבון מ.שוקולד,גרמים,60.00,100 גרם,false,1,13.90,23.17,true,1,
7290117382332,false,חטיף חלבון מ.שוקו עוגיות סלים דליס 60 גר,,IT,חטיף חלבון מ.שוקו עו,גרמים,60.00,100 גרם,false,1,13.90,23.17,true,1,
7290117383711,false,פלמוליב חלב ודבש 750 מל מארז זוג,,TR,פלמוליב חלב ודבש 750,Unknown,0.00,Unknown,false,1,30.00,30.00,true,1,
7290117900963,false,בוטנים קלויים 270 גרם,,IL,בוטנים קלויים 270 גר,גרמים,270.00,100 גרם,false,1,10.90,4.04,true,1,
7290117900987,false,אגוזי פקאן קלוף 140 גרם,,IL,אגוזי פקאן קלוף 140,גרמים,140.00,100 גרם,false,1,16.90,12.07,true,1,
7290117900994,false,פקאן סיני מסוכר 140 גרם,,IL,פקאן סיני מסוכר 140,גרמים,140.00,100 גרם,false,1,15.90,11.36,true,1,
7290117901021,false,קבוקים בוטנים מצופים שומשום 220 גרם,,IL,קבוקים בוטנים מצופים,גרמים,220.00,100 גרם,false,1,10.90,4.95,true,1,
7290117901045,false,בוטן רביולי 200 גרם,,IL,בוטן רביולי 200 גרם,גרמים,200.00,100 גרם,false,1,15.90,7.95,true,1,
7290117901052,false,שקדים קלופים 180 גרם,,IL,שקדים קלופים 180 גרם,גרמים,180.00,100 גרם,false,1,15.90,8.83,true,1,
7290118350361,false,כוסות לשתיה קרה 50 יחידות,,,כוסות לשתיה קרה 50 י,Unknown,0.00,Unknown,false,1,5.90,5.90,true,1,
7296082000066,false,ביצה פלוס 12 יח L,,,ביצה פלוס 12 יח L,Unknown,0.00,Unknown,false,1,19.90,19.90,true,1,
7296082000080,false,ביצי חופש 12 יח,,,ביצי חופש 12 יח,Unknown,0.00,Unknown,false,1,21.90,21.90,true,1,
7296082000134,false,ביצים רגילות 12 יח L,,,ביצים רגילות 12 יח L,Unknown,0.00,Unknown,false,1,12.05,12.05,true,1,
7296082000141,false,ביצים רגילות  12 יח M,,,ביצים רגילות  12 יח,Unknown,0.00,Unknown,false,1,11.15,11.15,true,1,
7296082000165,false,ביצים אורגניות 12 יח,,,ביצים אורגניות 12 יח,Unknown,0.00,Unknown,false,1,25.90,25.90,true,1,
7297488098220,false,קמח תפוא 500 גרם,,,"קמח תפו""א 500 גרם",גרמים,500.00,100 גרם,false,1,12.90,2.58,true,1,
7297488098688,false,"פצפוצי אורז מלא ללת""ס דגש 450 גרם",,,"פצפוצי אורז מלא ללת""",גרמים,450.00,100 גרם,false,1,26.50,5.89,true,1,
7312220011272,false,אנאס עוגיות דקות בטעם גינגר 150 גר,Annas Pepparkakor,SE,אנאס עוגיות דקות בטע,גרמים,150.00,100 גרם,false,1,12.90,8.60,true,1,
7312220016277,false,אנאס עוגיות דקות בטעם שקדים 150 גר,Annas Pepparkakor,SE,אנאס עוגיות דקות בטע,גרמים,150.00,100 גרם,false,1,12.90,8.60,true,1,
7312220023398,false,אנאס עוגיות דקות בטעם קפוצינו 150 גר,Annas Pepparkakor,SE,אנאס עוגיות דקות בטע,גרמים,150.00,100 גרם,false,1,12.90,8.60,true,1,
7312220035735,false,אנאס עוגיות דקות בטעם תפוז 150 גר,Annas Pepparkakor,SE,אנאס עוגיות דקות בטע,גרמים,150.00,100 גרם,false,1,12.90,8.60,true,1,
7350075690280,false,מברשת שיניים HUMBLE BRUSH  סופט פחם,,,מברשת שיניים HUMBLE,יחידה,1.00,יחידה,false,1,23.20,23.20,true,1,
7393714508102,false,"קופרברג סיידר אגסים 4.5% בקבוק 330 מ""ל",,SE,קופרברג סיידר אגסים,מיליליטרים,330.00,"100 מ""ל",false,1,9.50,2.88,true,1,
7394376123337,false,משקה ש.שועל אורגני 1 ליטר,,,משקה ש.שועל אורגני 1,מיליליטרים,1000.00,"100 מ""ל",false,1,15.90,1.59,true,1,
7394376615825,false,משקה ש.שועל מועשר בסידן וויטמינים 1 ליטר,,,משקה ש.שועל מועשר בס,מיליליטרים,1000.00,"100 מ""ל",false,1,15.90,1.59,true,1,
7394376615832,false,משקה ש.שועל בטעם שוקולד 1 ליטר,,,משקה ש.שועל בטעם שוק,מיליליטרים,1000.00,"100 מ""ל",false,1,16.90,1.69,true,1,
7394376616778,false,משקה ש.שועל להקצפה בריסטה 1 ליטר,,,משקה ש.שועל להקצפה ב,מיליליטרים,1000.00,"100 מ""ל",false,1,16.90,1.69,true,1,
7441000720599,false,לבבות דקל(פח)400 גרם,,EC,לבבות דקל(פח)400 גרם,גרמים,400.00,100 גרם,false,1,12.90,3.23,true,1,
7501013101348,false,"גומקס נקטר מנגו 473 מ""ל",,,גומקס נקטר מנגו 473,מיליליטרים,473.00,"100 מ""ל",false,1,9.90,2.09,true,1,
7501013101393,false,"גומקס  משקה אננס 473 מ""ל",,,גומקס  משקה אננס 473,מיליליטרים,473.00,"100 מ""ל",false,1,9.90,2.09,true,1,
7501013122053,false,גומקס נקטר אפרסק קרטונית 1 ליטר,,,גומקס נקטר אפרסק קרט,מיליליטרים,1000.00,"100 מ""ל",false,1,11.70,1.17,true,1,
7501013122114,false,גומקס משקה אננס קרטונית 1 ליטר,,,גומקס משקה אננס קרטו,מיליליטרים,1000.00,"100 מ""ל",false,1,11.70,1.17,true,1,
7501013122190,false,גומקס משקה תפוחים קרטונית 1 ליטר,,,גומקס משקה תפוחים קר,מיליליטרים,1000.00,"100 מ""ל",false,1,11.70,1.17,true,1,
7501013122992,false,גומקס משקה קוקוס אננס קרטונית 1 ליטר,,,גומקס משקה קוקוס אננ,מיליליטרים,1000.00,"100 מ""ל",false,1,11.70,1.17,true,1,
7501013138184,false,נקטר חמוציות 1 ליטר JAMEX,,,יוניקו פרסקו משקה חמ,מיליליטרים,1000.00,"100 מ""ל",false,1,13.20,1.32,true,1,
7501049936945,false,"בירה  סול שישייה בקבוק 330 מ""ל",,NL,בירה  סול שישייה בקב,מיליליטרים,1980.00,"100 מ""ל",false,1,39.90,2.02,true,1,
7503012779306,false,סירופ אגבה כחולה 100% 330 גרם נטורפוד,,,סירופ אגבה כחולה 100,גרמים,330.00,100 גרם,false,1,23.20,7.03,true,1,
7610008059097,false,טבלת שוקולד רגוסה בלונד עם שקדים 100 גר,,CH,טבלת שוקולד רגוסה בל,גרמים,100.00,100 גרם,false,1,18.90,18.90,true,1,
7610023050215,false,מיזלי קראנצ איקס 500 גרם בשקית,,,מיזלי קראנצ איקס 500,גרמים,500.00,100 גרם,false,1,29.30,5.86,true,1,
7610113011652,false,"בקרדי בריזר תפוח 275 מ""ל",,,בקרדי בריזר תפוח 275,מיליליטרים,275.00,"100 מ""ל",false,1,16.80,6.11,true,1,
7610211130903,false,הרמזית 800+200 טבליות,,CH,הרמזית 800+200 טבליו,יחידה,1.00,יחידה,false,1,29.90,29.90,true,1,
7610243004463,false,דורגול  מרסס 500 מל,,,דורגול  מרסס 600 מל,מיליליטרים,600.00,"100 מ""ל",false,1,27.50,4.58,true,1,
7610400068369,false,לינדט שוקולד אגוזים 100 גרם,,,לינדט שוקולד אגוזים,גרמים,100.00,100 גרם,false,1,16.90,16.90,true,1,
7610400070577,false,לינדט אקסלנס צילי  100 גרם,,,לינדט אקסלנס צילי  1,גרמים,100.00,100 גרם,false,1,17.90,17.90,true,1,
7610400075770,false,לינדט לה גרנד מריר אגוז 150 גר,,,לינדט לה גרנד מריר א,גרמים,150.00,100 גרם,false,1,24.90,16.60,true,1,
7610400075787,false,לינדט לה גרנד חלב אגוזים 150 גר,,,לינדט לה גרנד חלב אג,גרמים,150.00,100 גרם,false,1,24.90,16.60,true,1,
7610400075794,false,לינדט לה גרנד לבן שקד 150 גר,,,לינדט לה גרנד לבן שק,גרמים,150.00,100 גרם,false,1,24.90,16.60,true,1,
7610400085946,false,לינדט לגרנד דארק אלמונד סולט 150 גרם,,,לינדט לגרנד דארק אלמ,גרמים,150.00,100 גרם,false,1,24.90,16.60,true,1,
7610400091060,false,לינדט שוקולד אקסלנס אורנגי 100 גרם,,,לינדט שוקולד אקסלנס,גרמים,100.00,100 גרם,false,1,17.90,17.90,true,1,
7610563108377,false,אמנטל שוויצרי פרוס 150 גר,,,אמנטל שוויצרי פרוס,גרמים,150.00,100 גרם,false,1,40.90,27.27,true,1,
7610563208374,false,גרוייר שוויצרי פרוס 150 גר,,,גרוייר שוויצרי פרוס,גרמים,150.00,100 גרם,false,1,42.90,28.60,true,1,
7610700002681,false,ריקולה ללא ת.סוכר צמחים 50 גרם,,CH,סוכריות ריקולה ללא ס,גרמים,50.00,100 גרם,false,1,13.90,27.80,true,1,
7610700010778,false,סוכריות ריקולה ללא סוכר פטל חמוציות 50 ג,,,סוכריות ריקולה ללא ס,גרמים,50.00,100 גרם,false,1,13.90,27.80,true,1,
7610700607046,false,סוכריות ריקולה דיאט לימון 50 גרם,,,סוכריות ריקולה דיאט,גרמים,50.00,100 גרם,false,1,13.90,27.80,true,1,
7613031241576,false,אפטר אייט מקלות שוקולד מנטה 125 גרם,,,אפטר אייט מקלות שוקו,גרמים,125.00,100 גרם,false,1,18.90,15.12,true,1,
7613033548192,false,דגני בוקר פיטנס שוקולד מריר 375 גרם,,,דגני בוקר פיטנס שוקו,גרמים,375.00,100 גרם,false,1,22.90,6.11,true,1,
7613035622623,false,פיטנס גרנולה שקדים ודבש 300 גרם,,,פיטנס גרנולה שקדים ו,גרמים,300.00,100 גרם,false,1,17.90,5.97,true,1,
7613035635845,false,פיטנס גרנולה שוקולד 300 גרם,,,פיטנס גרנולה שוקולד,גרמים,300.00,100 גרם,false,1,17.90,5.97,true,1,
7613035809109,false,פרפקטו רוטב עגבניות ובזיליקום 400 גרם,,,פרפקטו רוטב עגבניות,גרמים,400.00,100 גרם,false,1,11.90,2.98,true,1,
7613035809857,false,פרפקטו רוטב עגבניות לפסטה ולבישול 400 ג,,,פרפקטו רוטב עגבניות,גרמים,400.00,100 גרם,false,1,11.90,2.98,true,1,
7613035975897,false,רביעיית מים מינרלים פרייה 330 *4,,,רביעיית מים מינרלים,ליטרים,0.00,ליטר,false,1,28.90,28.90,true,1,
7613036286015,false,פרייה אנד גוס אננס מנגו - רביעיית פחיות,,FR,פרייה אנד גוס אננס מ,מיליליטרים,1000.00,"100 מ""ל",false,1,27.90,2.79,true,1,
7613036314114,false,נס קפה גולד 200 גרם,,,נס קפה גולד 200 גרם,גרמים,200.00,100 גרם,false,1,52.50,26.25,true,1,
7613036387798,false,דגני פיטנס יוגורט 350 גרם,,,דגני פיטנס יוגורט 35,גרמים,350.00,100 גרם,false,1,22.90,6.54,true,1,
7613036723701,false,נסטלה דולצה שוקולד חלב 100 גרם,,,נסטלה דולצה שוקולד ח,גרמים,100.00,100 גרם,false,1,8.50,8.50,true,1,
7613036976671,false,פאוץ פריסקיז עוף 85,,,פאוץ פריסקיז עוף 85,Unknown,0.00,Unknown,false,1,4.90,4.90,true,1,
7613036976718,false,פאוץ פריסקיז ברווז 8,,,פאוץ פריסקיז ברווז 8,Unknown,0.00,Unknown,false,1,4.90,4.90,true,1,
7613037686906,false,דגני בוקר פיטנס שקדים ודבש  355 גרם,,,דגני בוקר פיטנס שקדי,גרמים,375.00,100 גרם,false,1,22.90,6.11,true,1,
7613287008497,false,סטארבקס פולי קפה פייק פלייס 450גרם,,PT,סטארבקס פולי קפה פיי,גרמים,450.00,100 גרם,false,1,55.50,12.33,true,1,
7613287186928,false,סטארבקס קפסולות ברקפסט רוסט 56 ג,,CH,סטארבקס קפסולות ברקפ,גרמים,56.00,100 גרם,false,1,22.90,40.89,true,1,
7613287302373,false,קפסולות סטארבקס איטלאן סטייל רוסט  56 ג,,CH,קפסולות סטארבקס איטל,גרמים,55.00,100 גרם,false,1,22.90,41.64,true,1,
7613287394323,false,מולטי ציריוס 600 גרם 2021,,GB,מולטי ציריוס 600 גרם,גרמים,600.00,100 גרם,false,1,26.90,4.48,true,1,
7613287457486,false,אפטר אייט מוחיטו ומנטה 200 גר,,,אפטר אייט מוחיטו ומנ,גרמים,200.00,100 גרם,false,1,16.90,8.45,true,1,
7613287525758,false,"פרייה מים מוגזים 500 מ""ל",,,פרייה מים מוגזים 500,מיליליטרים,500.00,"100 מ""ל",false,1,4.90,0.98,true,1,
7613287525789,false,"שישיית פרייה מים מוגזים 500 מ""ל",,,שישיית פרייה מים מוג,מיליליטרים,3000.00,"100 מ""ל",false,1,28.90,0.96,true,1,
7613287855640,false,סטארבקס קפסולות גוואטמלה 52 גרם,,,סטארבקס קפסולות גווא,גרמים,57.00,100 גרם,false,1,22.90,40.18,true,1,
7614500010310,false,טובלרון לבן 100 גר,,,טובלרון לבן 100 גר,גרמים,100.00,100 גרם,false,1,11.00,11.00,true,1,
7614500010617,false,טובלרון מריר 100 גרם,,,טובלרון מריר 100 גרם,גרמים,100.00,100 גרם,false,1,11.00,11.00,true,1,
7617400098358,false,עוגיות סוויס דליס טרופינו חלב 100 גר,,,טרופינו שוויץ-וופל ק,גרמים,100.00,100 גרם,false,1,12.90,12.90,true,1,
7622010001858,false,אוראו ממולאות קרם וניל באטמן 176 גרם,,,אוראו ממולאות קרם ונ,גרמים,176.00,100 גרם,false,1,10.90,6.19,true,1,
7622200009084,false,מילקה שוקולד חלב ובסקוויט 300 גרם,,,מילקה שוקולד חלב ובס,גרמים,300.00,100 גרם,false,1,20.80,6.93,true,1,
7622201050757,false,שוקולד חלב עם קרמל מילקה  100 גרם,,,שוקולד חלב עם קרמל מ,גרמים,100.00,100 גרם,false,1,7.90,7.90,true,1,
7622201401900,false,עוגיות מילקה סנסיישן אוראו 156 גרם,,PL,עוגיות מילקה סנסיישן,גרמים,156.00,100 גרם,false,1,12.90,8.27,true,1,
7622201802363,false,שוקולד מילקה  צימוק 100 גרם,,,שוקולד מילקה  צימוק,גרמים,100.00,100 גרם,false,1,7.90,7.90,true,1,
7622201813390,false,עוגיות מילקה וואפל במילוי קרם קקאו 150 ג,,,עוגיות מילקה וואפל ב,גרמים,150.00,100 גרם,false,1,12.90,8.60,true,1,
7622201819170,false,מילקה דרק שקדים 85  גרם,,DE,מילקה דרק שקדים 85,גרמים,85.00,100 גרם,false,1,8.50,10.00,true,1,
7622201819408,false,מילקה דרק קרמל 85 גרם,,DE,מילקה דרק קרמל 85 גר,גרמים,85.00,100 גרם,false,1,8.50,10.00,true,1,
7622201819552,false,מילקה דרק  85 גרם,,DE,מילקה דרק  85 גרם,גרמים,85.00,100 גרם,false,1,8.50,10.00,true,1,
7622201823412,false,מוצרט מטבעות שוקולד ומרציפן 120 גרם,,AT,מוצרט מטבעות שוקולד,גרמים,120.00,100 גרם,false,1,29.90,24.92,true,1,
7622210078131,false,שוקולד חלב עם דאיים מילקה 100 גרם,,,שוקולד חלב עם דאיים,גרמים,100.00,100 גרם,false,1,7.90,7.90,true,1,
7622210137234,false,עוגיות אוראו עם דאבל קרים וניל 170 גר,,,עוגיות אוראו עם דאבל,גרמים,170.00,100 גרם,false,1,12.50,7.35,true,1,
7622210163899,false,שוקולד חלב עם עדשים מילקה 100 גר,,DE,שוקולד חלב עם עדשים,גרמים,100.00,100 גרם,false,1,7.90,7.90,true,1,
7622210240200,false,מילקה שוקולד חלב ועוגיות אוריאו 300 גרם,,,מילקה שוקולד חלב ועו,גרמים,300.00,100 גרם,false,1,20.80,6.93,true,1,
7622210275516,false,מילקה שוקולד ביסקוויטים 300 גרם,,DE,מילקה שוקולד ביסקווי,גרמים,300.00,100 גרם,false,1,20.80,6.93,true,1,
7622210453327,false,עוגיות מילקה סנסיישן 156 גרם,,,מילקה סנסיישן 156 גר,גרמים,100.00,100 גרם,false,1,12.90,12.90,true,1,
7622210464729,false,אוראו גולדן 154 גרם,,UA,אוראו גולדן 154 גרם,גרמים,154.00,100 גרם,false,1,8.90,5.78,true,1,
7622210597915,false,מילקה לבבות פרלינים 110 גרם,,BG,מילקה לבבות פרלינים,גרמים,110.00,100 גרם,false,1,12.90,11.73,true,1,
7622210637994,false,אוראו ביס קראנצי אורגינל 110 גרם,,ES,אוראו ביס קראנצי אור,גרמים,110.00,100 גרם,false,1,8.90,8.09,true,1,
7622210638021,false,אוראו ביס קראנצי ציפוי שוקולד 110 גרם,,ES,אוראו ביס קראנצי ציפ,גרמים,110.00,100 גרם,false,1,8.90,8.09,true,1,
7622210664150,false,עוגיות אוראו וניל 396 גר,,CZ,עוגיות אוראו וניל 39,גרמים,396.00,100 גרם,false,1,17.90,4.52,true,1,
7622210826053,false,שוקולד מילקה אוראו סנדביץ 92 גר,,DE,שוקולד מילקה אוראו ס,גרמים,92.00,100 גרם,false,1,7.90,8.59,true,1,
7622210835338,false,אוראו בראוניז 176 גר,,,אוראו בראוניז 176 גר,גרמים,176.00,100 גרם,false,1,10.90,6.19,true,1,
7622300134532,false,שוקולד מילקה קרם חלב אגוזי לוז וקרמל 300,,,שוקולד מילקה קרם חלב,גרמים,300.00,100 גרם,false,1,20.80,6.93,true,1,
7622300270506,false,עוגיות ש.שועל מצופות שוקולד 168 גר מילקה,,,עוגיות ש.שועל מצופות,גרמים,168.00,100 גרם,false,1,12.90,7.68,true,1,
7622300340292,false,גבינת פילדלפיה 11% 175 גר,,,גבינת פילדלפיה 11%,גרמים,175.00,100 גרם,false,1,17.90,10.23,true,1,
7622300434373,false,מילקה עוגיות שוקו גאפה פטל 147 ג,,CZ,מילקה עוגיות שוקו גא,גרמים,147.00,100 גרם,false,1,9.30,6.33,true,1,
7622300434472,false,מילקה עוגיות גאפה שוקו מוס 128 ג,,CZ,מילקה עוגיות גאפה שו,גרמים,128.00,100 גרם,false,1,9.30,7.27,true,1,
7622300489434,false,אוראו פאדג שוקולד חלב 246 גרם,,,אוראו פאדג שוקולד חל,גרמים,246.00,100 גרם,false,1,19.90,8.09,true,1,
7622300498429,false,שוקולד מילקה קרם תות 100 גרם,,,שוקולד מילקה קרם תות,גרמים,100.00,100 גרם,false,1,7.90,7.90,true,1,
7622300503079,false,ביסקוויט מצופה שוקולד חלב 200 גר מילקה,,,ביסקוויט מצופה שוקול,גרמים,200.00,100 גרם,false,1,12.90,6.45,true,1,
7622300617820,false,שוקולד מילקה אוראו 100 גרם,,,שוקולד מילקה אוראו 1,גרמים,100.00,100 גרם,false,1,7.90,7.90,true,1,
7622300756413,false,גבינת פילדלפיה 20% עם תבלינים 175 גר,,,גבינת פילדלפיה 20%,גרמים,175.00,100 גרם,false,1,17.90,10.23,true,1,
7622400005190,false,שוקולד חלב נגיעות שוקולד לבן מילקה 100 ג,,,שוקולד חלב נגיעות שו,גרמים,100.00,100 גרם,false,1,7.90,7.90,true,1,
7622400424335,false,מוצרט טבלת שוקולד ומרציפן 100 גרם,,AT,מוצרט טבלת שוקולד ומ,גרמים,100.00,100 גרם,false,1,17.90,17.90,true,1,
7622400904608,false,מילקה שוק.חלב עם קרם יוגורט קריספי 300 ג,,,מילקה שוקולד חלב עם,גרמים,300.00,100 גרם,false,1,20.80,6.93,true,1,
7630311507016,false,סטארבקס קפסולות סאני דיי 57 ג,,,סטארבקס קפסולות סאני,גרמים,57.00,100 גרם,false,1,22.90,40.18,true,1,
7630477891615,false,סטארבקס קפסולות סומטרה 55 גרם,,,סטארבקס קפסולות סומט,גרמים,55.00,100 גרם,false,1,22.90,41.64,true,1,
7630477891639,false,סטארבקס קפסולות ורונה 55 גרם,,,סטארבקס קפסולות ורונ,גרמים,55.00,100 גרם,false,1,22.90,41.64,true,1,
7630477891691,false,סטארבקס קפסולות קולומביה 57 גרם,,,סטארבקס קפסולות קולו,גרמים,57.00,100 גרם,false,1,22.90,40.18,true,1,
7702018404643,false,"גל גילוח גילט סירייס מועשר בלחות 200 מ""ל",,,גל גילוח גילט סירייס,מיליליטרים,200.00,"100 מ""ל",false,1,15.90,7.95,true,1,
7790240017045,false,טרפיצה מלבק 750 מל-יין אדום,,,"טרפיצה מלבק 750 מ""ל-",Unknown,0.00,Unknown,false,1,46.90,46.90,true,1,
7790240020052,false,יין אדום טרפיצה סירה סדרת OAK CASK,,,יין אדום טרפיצה סירה,Unknown,0.00,Unknown,false,1,61.90,61.90,true,1,
7790240072150,false,טרפיצה קברנה סובניון 750 מל-יין אדום,,,טרפיצה קברנה סובניון,Unknown,0.00,Unknown,false,1,46.90,46.90,true,1,
7790240072792,false,טרפיצה Oak Cask שרדונה 750 מל,,,טרפיצה Oak Cask שרדו,Unknown,0.00,Unknown,false,1,61.90,61.90,true,1,
7790240090154,false,יין טרפיצה ברוקל מלבק  750 מל,,,יין טרפיצה ברוקל מלב,Unknown,0.00,Unknown,false,1,72.90,72.90,true,1,
7790240090680,false,יין טרפיצה ויונייה 750 מל,,,יין טרפיצה ויונייה 7,Unknown,0.00,Unknown,false,1,46.90,46.90,true,1,
7790240094442,false,"יין טרפיצה פיור מלבק 750 מ""ל",,AR,יין טרפיצה פיור מלבק,מיליליטרים,750.00,"100 מ""ל",false,1,60.90,8.12,true,1,
7790240096675,false,"יין פיור סוביניון בלאן750 מ""ל",,AR,יין פיור סוביניון בל,מיליליטרים,750.00,"100 מ""ל",false,1,60.90,8.12,true,1,
7790762000679,false,סנטה אנה מרלו 750 מל,,,סנטה אנה מרלו 750 מל,Unknown,0.00,Unknown,false,1,41.90,41.90,true,1,
7790762000686,false,סנטה אנה שיראז 750 מל,,,סנטה אנה שיראז 750 מ,Unknown,0.00,Unknown,false,1,41.90,41.90,true,1,
7790762000693,false,סנטה אנה שרדונה 750 מל,,,סנטה אנה שרדונה 750,Unknown,0.00,Unknown,false,1,41.90,41.90,true,1,
7790762001287,false,סנטה אנה קברנה סובניון 750 מל,,,סנטה אנה קברנה,Unknown,0.00,Unknown,false,1,41.90,41.90,true,1,
7790762001348,false,סנטה אנה מלבק 750 מל,,,סנטה אנה מלבק 750 מל,Unknown,0.00,Unknown,false,1,41.90,41.90,true,1,
7790762050117,false,סנטה אנה לה מסקוטה ק.סוביניון 750 מל,,,סנטה אנה לה מסקוטה,Unknown,0.00,Unknown,false,1,73.90,73.90,true,1,
7790762050124,false,סנטה אנה לה מסקוטה מלבק 750 מל,,,סנטה אנה לה מסקוטה,Unknown,0.00,Unknown,false,1,73.90,73.90,true,1,
7804625340014,false,"מול שחור מבושל 1 ק""ג קפוא",,,"מול שחור מבושל 1 ק""ג",קילוגרמים,0.00,"ק""ג",false,1,55.50,55.50,true,1,
7891024027998,false,קולגייט מי פה טוטל כחול פפרמינט 500 מל,,,קולגייט מי פה טוטל א,מיליליטרים,500.00,"100 מ""ל",false,1,34.90,6.98,true,1,
8000040000802,false,קמפרי 1 ליטר,,,קמפרי 1 ליטר,מיליליטרים,1000.00,"100 מ""ל",false,1,109.90,10.99,true,1,
8000040001106,false,"קמפרי 700 מ""ל",,,"קמפרי 700 מ""ל",מיליליטרים,700.00,"100 מ""ל",false,1,89.90,12.84,true,1,
8000070012783,false,קפה לוואצה קלוי וטחון חוזק 5 אורו 250 גר,,IT,קפה לוואצה קלוי וטחו,גרמים,250.00,100 גרם,false,1,39.90,15.96,true,1,
8000070032835,false,קפה לוואצה קלוי וטחון חוזק 10 מטינו 250 גר,,IT,קפה לוואצה קלוי וטחו,גרמים,250.00,100 גרם,false,1,31.50,12.60,true,1,
8000070035980,false,קפה לוואצה קלוי וטחון חוזק 5 רוסה 250 גר,,IT,קפה לוואצה קלוי וטחו,גרמים,250.00,100 גרם,false,1,36.90,14.76,true,1,
8000070038868,false,קפה לוואצה קלוי וטחון חוזק 8 קלאסיקו 250 גר,,IT,לוואצה חוזק 8 קרמה ג,גרמים,250.00,100 גרם,false,1,35.90,14.36,true,1,
8000070053465,false,קפסולות לוואצה אורו חוזק 8 10 יח,,IT,קפסולות לוואצה אורו,יחידה,1.00,יחידה,false,1,22.90,22.90,true,1,
8000070053472,false,קפסולות לוואצה קרמה גוסטו קלאסיקו חוזק12,,IT,קפסולות לוואצה קרמה,יחידה,1.00,יחידה,false,1,22.90,22.90,true,1,
8000070053526,false,קפסולות לוואצה רוסה חוזק 10 10 יח,,IT,קפסולות לוואצה רוסה,יחידה,1.00,יחידה,false,1,22.90,22.90,true,1,
8000070055254,false,קפסולות לוואצה קרמה גוסטו פורטה חוזק 13,,IT,קפסולות לוואצה קרמה,יחידה,1.00,יחידה,false,1,22.90,22.90,true,1,
8000139000102,false,גרופלו פסטה מפאלדה 500 גרם,,IT,גרופלו פסטה מפאלדה 5,גרמים,500.00,100 גרם,false,1,16.90,3.38,true,1,
8000139000942,false,פסטה גרפולו לומצינה 500 גרם,,,פסטה גרפולו לומקינה,גרמים,500.00,100 גרם,false,1,14.20,2.84,true,1,
8000139002021,false,פסטה גרפולו קלמרטה 500 גרם,,,פסטה גרפולו קלמרטה 5,גרמים,500.00,100 גרם,false,1,15.40,3.08,true,1,
8000139910142,false,פסטה גרפולו ספגטי 500 גרם,,,פסטה גרפולו ספגטי 50,גרמים,500.00,100 גרם,false,1,14.20,2.84,true,1,
8000139910159,false,פסטה גרפולו לינגוין 500 גרם,,,פסטה גרפולו לינגוין,גרמים,500.00,100 גרם,false,1,14.20,2.84,true,1,
8000139910203,false,פסטה גרפולו קוצי סארדי 500 גרם,,,פסטה גרפולו קוצי סאר,גרמים,500.00,100 גרם,false,1,14.20,2.84,true,1,
8000139910227,false,פסטה גרפולו פוזילי 500 גרם,,,פסטה גרפולו פוזילי 5,גרמים,500.00,100 גרם,false,1,14.20,2.84,true,1,
8000139910234,false,פסטה גרפולו פנה ריגטה 500 גר,,,פסטה גרפולו פנה ריגט,גרמים,500.00,100 גרם,false,1,14.20,2.84,true,1,
8000139910241,false,פסטה פארפאלה גרפולו 500 גרם,,,פסטה פארפאלה גרפולו,גרמים,500.00,100 גרם,false,1,14.20,2.84,true,1,
8000139910265,false,פסטה ראדיאטורי גרפולו 500 גר,,,פסטה ראדיאטורי גרפול,גרמים,500.00,100 גרם,false,1,14.20,2.84,true,1,
8000139910272,false,פסטה גרפולו פפרדלה נידו 500 גר,,,פסטה גרפולו פפרדלה נ,גרמים,500.00,100 גרם,false,1,15.40,3.08,true,1,
8000139910289,false,פסטה טליאטלה גרפולו 500 גר,,,פסטה גרפולו טליאטלה,גרמים,500.00,100 גרם,false,1,15.40,3.08,true,1,
8000139910357,false,פסטה לומאקוני גרפולו 500 גרם,,,פסטה לומאקוני גארופא,גרמים,500.00,100 גרם,false,1,15.40,3.08,true,1,
8000139910371,false,פסטה גרפולו פרימוורה 500 גרם,,,פסטה גרפולו פרימוורה,גרמים,500.00,100 גרם,false,1,15.40,3.08,true,1,
8000139910753,false,פסטה קאזארסה גרפולו 500 גר,,,פסטה גרפולו קסרצה,גרמים,500.00,100 גרם,false,1,14.20,2.84,true,1,
8000139910852,false,לזניה גרפולו 500 גרם,,,לזניה גרפולו 500 גרם,גרמים,500.00,100 גרם,false,1,18.60,3.72,true,1,
8000139920875,false,ניוקי תפוח אדמה גרפולו 500 גרם,,,ניוקי תפוח אדמה גרפו,גרמים,500.00,100 גרם,false,1,15.40,3.08,true,1,
8000139929748,false,פנה ללא גלוטן 400 גר,,,פנה ללא גלוטן 400 גר,גרמים,400.00,100 גרם,false,1,16.70,4.18,true,1,
8000193000452,false,"אורז ריזוטו איטלקי 1 ק""ג",,,אורז ריזוטו איטלקי 1,גרמים,1000.00,100 גרם,false,1,31.50,3.15,true,1,
8000215202413,false,מעדן אורז בטעם וניל אורגני 400 גרם,,,מעדן אורז בטעם וניל,גרמים,400.00,100 גרם,false,1,16.90,4.23,true,1,
8000215204219,false,משקה אורז - אורגני 1 ליטר,,,משקה אורז - אורגני 1,מיליליטרים,1000.00,"100 מ""ל",false,1,15.90,1.59,true,1,
8000215204240,false,משקה שקדים ואורז - אורגני 1 ליטר,,,משקה שקדים ואורז - א,מיליליטרים,1000.00,"100 מ""ל",false,1,14.90,1.49,true,1,
8000215204271,false,ויטריז - משקה שקדים ואורז אישי 200 גר,,,ויטריז - משקה שקדים,מיליליטרים,200.00,"100 מ""ל",false,1,4.90,2.45,true,1,
8000215204370,false,ויטריז לבישול  תחל. שמנת צמחי אורגני 200,,,ויטריז לבישול  תחל.,מיליליטרים,200.00,"100 מ""ל",false,1,6.90,3.45,true,1,
8000215204653,false,VITASI משקה סויה 1 ליטר,,,VITASI משקה סויה 1 ל,מיליליטרים,1000.00,"100 מ""ל",false,1,13.90,1.39,true,1,
8000215204677,false,משקה ש.שועל בריסטה אורגני 1 ליטר ויטריז,,,משקה ש.שועל בריסטה א,מיליליטרים,1000.00,"100 מ""ל",false,1,14.90,1.49,true,1,
8000320010026,false,עגבניות תמר מקולפות CIRIO 400 גר,,IT,עגבניות תמר מקולפות,גרמים,400.00,100 גרם,false,1,7.90,1.98,true,1,
8000320010088,false,רסק עגבניות CIRIO בקבוק 680 גר,,IT,פסאטה במרקם גס 680 מ,מיליליטרים,680.00,"100 מ""ל",false,1,14.60,2.15,true,1,
8000320414855,false,עגבניות מרוסקות 400 גר CIRIO,,,עגבניות מרוסקותCIRIO,גרמים,400.00,100 גרם,false,1,6.90,1.73,true,1,
8000380004676,false,וופל וניל 200 גרם,,,וופל וניל 200 גרם,גרמים,200.00,100 גרם,false,1,15.90,7.95,true,1,
8000380004966,false,וופל קוארדטיני קקאו 250 גרם,,,וופל קוארדטיני קקאו,גרמים,250.00,100 גרם,false,1,15.90,6.36,true,1,
8000380007219,false,וופל לואקר אגוז 175 גרם,,,וופל לואקר אגוז 175,גרמים,175.00,100 גרם,false,1,12.90,7.37,true,1,
8000380007257,false,וופל גרדנה אגוז 200 גרם,,,וופל גרדנה אגוז 200,גרמים,200.00,100 גרם,false,1,15.90,7.95,true,1,
8000380007264,false,וופל לואקר קקאו 175 גרם,,,וופל לואקר קקאו 175,גרמים,175.00,100 גרם,false,1,12.90,7.37,true,1,
8000380106028,false,טורטינה אורגינל 1/6 125 גר לואקר,,,טורטינה אורגינל 1/6,גרמים,125.00,100 גרם,false,1,18.90,15.12,true,1,
8000380142484,false,קואדרטיני שוקולד מריר 250 גר,,,קואדרטיני שוקולד מרי,גרמים,250.00,100 גרם,false,1,15.90,6.36,true,1,
8000380144044,false,וופל גרדנה שוקולד 200 גרם,,,וופל גרדנה שוקולד 20,גרמים,200.00,100 גרם,false,1,15.90,7.95,true,1,
8000380156849,false,שוקולד לואקר מריר 87 גרם,,IT,שוקולד לואקר מריר 87,גרמים,87.00,100 גרם,false,1,8.90,10.23,true,1,
8000380192199,false,וופל לואקר דאבל שוקולד 175 גרם,,AT,וופל לואקר דאבל שוקו,גרמים,175.00,100 גרם,false,1,12.90,7.37,true,1,
8000380205400,false,וופל לואקר קואדרטיני חמאת בוטנים 250 גר,,AT,וופל לואקר קואדרטיני,גרמים,250.00,100 גרם,false,1,15.90,6.36,true,1,
8000380206896,false,וופל לואקר גרדנה חמאת בוטנים 200 גר,,IT,וופל לואקר גרדנה חמא,גרמים,200.00,100 גרם,false,1,15.90,7.95,true,1,
8000380207183,false,שוקולד לואקר טורטינה חמאת בוטנים 126 גר,,IT,שוקולד לואקר טורטינה,גרמים,126.00,100 גרם,false,1,18.90,15.00,true,1,
8000500023624,false,קינדר הפי היפו חמישייה 103.5 גר,,,קינדר הפי היפו חמישי,גרמים,104.00,100 גרם,false,1,14.90,14.33,true,1,
8000500026731,false,שלישיית ביצי הפתעה קינדר 60 גר,,,שלישיית ביצי הפתעה ק,גרמים,60.00,100 גרם,false,1,16.00,26.67,true,1,
8000500029350,false,שלישייה קינדר בואנו חלב 129 גרם,,,שלישייה קינדר בואנו,גרמים,129.00,100 גרם,false,1,12.90,10.00,true,1,
8000500032237,false,בונבוניירה פררו רושר 375 גר,,,בונבוניירה פררו רושר,גרמים,260.00,100 גרם,false,1,52.50,20.19,true,1,
8000500037874,false,בונבוניירה פררו רושה 200 גרם,,,בונבוניירה פררו רושה,גרמים,200.00,100 גרם,false,1,26.90,13.45,true,1,
8000500071083,false,קינדר שוקולד מארז 200 גרם,,,קינדר שוקולד מארז 20,גרמים,200.00,100 גרם,false,1,14.50,7.25,true,1,
8000500075708,false,קינדר גוי כחול מארז 3*20 גר,,,קינדר גוי כחול מארז,גרמים,60.00,100 גרם,false,1,15.90,26.50,true,1,
8000500121436,false,שלישייה קינדר בואנו לבן 129 גרם,,,שלישייה קינדר בואנו,גרמים,129.00,100 גרם,false,1,12.90,10.00,true,1,
8000500126325,false,קינדר גוי ורוד מארז 3*60 גר,,,קינדר גוי ורוד מארז,גרמים,60.00,100 גרם,false,1,15.90,26.50,true,1,
8000500167656,false,קינדר שוקולד עם דגנים 94 גר,,IT,קינדר שוקולד עם דגני,גרמים,94.00,100 גרם,false,1,9.30,9.89,true,1,
8000500249352,false,קינדר בואנו מיני מיקס 205 גרם,,,קינדר בואנו מיני מיק,גרמים,205.00,100 גרם,false,1,19.90,9.71,true,1,
8000500256213,false,קינדר שוקולד מיני 120 גרם,,IT,קינדר שוקולד מיני 12,גרמים,120.00,100 גרם,false,1,12.50,10.42,true,1,
8000500267103,false,עוגת קינדר דליס 390 גר,,IT,עוגת קינדר דליס 390,גרמים,390.00,100 גרם,false,1,21.90,5.62,true,1,
8000570048022,false,"וורמוט מרטיני פיירו 750 מ""ל",,,וורמוט מרטיני פיירו,Unknown,0.00,Unknown,false,1,54.90,54.90,true,1,
8000570812708,false,"יין מבעבע מרטיני רוזה 750 מ""ל",,,מבעבע מרטיני רוזה,Unknown,0.00,Unknown,false,1,76.90,76.90,true,1,
8000895003355,false,עוגיות קנטוציני שקדים 175 גרם SAPORI,,,עוגיות קנטוציני שקדי,גרמים,175.00,100 גרם,false,1,13.50,7.71,true,1,
8000895003379,false,עוגיות רכות עם שקדים 175 גרם SAPORI,,,עוגיות רכות עם שקדים,גרמים,175.00,100 גרם,false,1,18.40,10.51,true,1,
8001040415528,false,רוטב קארי מנגו היינץ 225 גר,,,רוטב קארי מנגו היינץ,גרמים,225.00,100 גרם,false,1,14.90,6.62,true,1,
8001090184412,false,"נוזל כלים פיירי לימון 900 מ""ל",,GB,נוזל כלים פיירי לימו,מיליליטרים,900.00,"100 מ""ל",false,1,13.90,1.54,true,1,
8001090222879,false,"מרכך הרבל אסנסס שיקום שמן ארגן 400 מ""ל",,FR,מרכך הרבל אסנסס שיקו,מיליליטרים,400.00,"100 מ""ל",false,1,26.90,6.73,true,1,
8001090364104,false,G&E משחת שיניים אורל בי  אוריגינל,,,G&E משחת שיניים אורל,יחידה,1.00,יחידה,false,1,19.90,19.90,true,1,
8001090721099,false,קפסולות לכביסה אריאל פודש 27 יח,,FR,קפסולות לכביסה אריאל,Unknown,0.00,Unknown,false,1,36.90,36.90,true,1,
8001090740717,false,מגן תחתון אולוויז מגה פק נורמל פרש 76 יח,,,מגן תחתון אולוויז מג,Unknown,0.00,Unknown,false,1,22.90,22.90,true,1,
8001090802385,false,קפסולות גל לכביסה טייד בניחוח לנור 26 יח,,FR,קפסולות גל לכביסה טי,Unknown,0.00,Unknown,false,1,34.90,34.90,true,1,
8001090832450,false,"שמפו פנטן הנוסחה הקלאסית 660 מ""ל",,,שמפו פנטן הנוסחה הקל,מיליליטרים,660.00,"100 מ""ל",false,1,23.90,3.62,true,1,
8001090832535,false,"שמפו פנטן שמן מרוקאי משקם 660 מ""ל",,,שמפו פנטן שמן מרוקאי,מיליליטרים,660.00,"100 מ""ל",false,1,23.90,3.62,true,1,
8001090832610,false,"שמפו פנטן למגע רך כמשי 660 מ""ל",,,שמפו פנטן למגע רך כמ,מיליליטרים,660.00,"100 מ""ל",false,1,23.90,3.62,true,1,
8001090832818,false,"קונדישנר פנטן הנוסחה הקלאסית 660 מ""ל",,,קונדישנר פנטן הנוסחה,מיליליטרים,660.00,"100 מ""ל",false,1,23.90,3.62,true,1,
8001090833198,false,גל כביסה אריאל בניחוח מרענן 2.365 ליטר,,FR,גל כביסה אריאל בניחו,ליטרים,0.00,ליטר,false,1,36.90,36.90,true,1,
8001090899194,false,תחבושות אולוויז פלטינום נורמל 24 יח,,DE,תחבושות אולוויז פלטי,Unknown,0.00,Unknown,false,1,27.20,27.20,true,1,
8001090899224,false,תחבושות אולוויז פלטינום לונג 20 יח,,DE,תחבושות אולוויז פלטי,Unknown,0.00,Unknown,false,1,27.20,27.20,true,1,
8001100059259,false,בלוקו וופלים ממולאים קרם אגוזים 250 גרם,,,וופל קוביות בטעם אגו,גרמים,250.00,100 גרם,false,1,11.90,4.76,true,1,
8001160001786,false,"גטורייד ספורט כחול 500 מ""ל",,,גטורייד ספורט כחול 5,מיליליטרים,500.00,"100 מ""ל",false,1,12.90,2.58,true,1,
8001160001892,false,"גטורייד ספורט תפוז אדום 500 מ""ל",,,גטורייד ספורט תפוז א,מיליליטרים,500.00,"100 מ""ל",false,1,12.90,2.58,true,1,
8001200023808,false,פסטה אליציה צבעוני 500 גר Agnesi,,,פסטה אליציה צבעוני 5,גרמים,500.00,100 גרם,false,1,8.80,1.76,true,1,
8001200045053,false,פסטה ספגטיני מס.2 500 גר Agnesi,,IT,פסטה ספגטיני מס.2 50,גרמים,500.00,100 גרם,false,1,8.80,1.76,true,1,
8001200045176,false,פסטה בוקטיני 500 גר Agnesi,,IT,פסטה בוקטיני 500 גר,גרמים,500.00,100 גרם,false,1,8.80,1.76,true,1,
8001200045190,false,פסטה אליציה מס.56 500 גר Agnesi,,,פסטה אליציה מס.56 50,גרמים,500.00,100 גרם,false,1,8.80,1.76,true,1,
8001200045350,false,פסטה ניוקי 500 גר Agnesi,,IT,פסטה ניוקי 500 גר Ag,גרמים,500.00,100 גרם,false,1,8.80,1.76,true,1,
8001200045374,false,פסטה צילנטני מסולסל 500 גר Agnesi,,,פסטה צילנטני מסולסל,גרמים,500.00,100 גרם,false,1,8.80,1.76,true,1,
8001200045473,false,פסטה ריגטוני 500 גר Agnesi,,,פסטה ריגטוני 500 גר,גרמים,500.00,100 גרם,false,1,8.80,1.76,true,1,
8001200045831,false,פסטה פארפלה מס.61 500 גר Agnesi,,IT,פסטה פארפלה מס.61 50,גרמים,500.00,100 גרם,false,1,8.80,1.76,true,1,
8001200045992,false,פסטה ביצים ותרד 250 גר Agnesi,,,פסטה ביצים ותרד 250,גרמים,250.00,100 גרם,false,1,14.20,5.68,true,1,
8001250120410,false,פנה 500 גרם DE CECCO,,,פנה 500 גרם DE CECCO,גרמים,500.00,100 גרם,false,1,16.50,3.30,true,1,
8001250120939,false,פרפלה 500 גרם DE CECCO,,,פרפלה 500 גרם DE CEC,גרמים,500.00,100 גרם,false,1,11.40,2.28,true,1,
8001291057515,false,ברון קיאנטי דל ברון ריקאסולי 750 מל,,,ברון קיאנטי דל ברון,Unknown,0.00,Unknown,false,1,52.90,52.90,true,1,
8001387287109,false,קונטיזקה קוואטרו קונטי פרימיטיבו 750 מל,,IT,קונטיזקה קוואטרו קונ,מיליליטרים,750.00,"100 מ""ל",false,1,45.90,6.12,true,1,
8001420006728,false,אורז ריזוטו פרונטו 4 גבינות 175 גרם,,,אורז ריזוטו פרונטו 4,גרמים,175.00,100 גרם,false,1,18.20,10.40,true,1,
8001440118944,false,עגבניות פולפה 3*400 גר CIRIO,,IT,עגבניות פולפה 3*400,קילוגרמים,0.00,"ק""ג",false,1,15.90,15.90,true,1,
8001440134487,false,עגבניות שרי מקולפות 400 גר CIRIO,,IT,עגבניות שרי מקולפות,גרמים,400.00,100 גרם,false,1,10.90,2.73,true,1,
8001505000177,false,מעדן משמש אורגני 250 גר FIORDIFRUTTA,,,מעדן משמש אורגני 250,גרמים,250.00,100 גרם,false,1,23.90,9.56,true,1,
8001505000580,false,מעדן אפרסק 250 ג FIORDIFRUTTA,,,מעדן אפרסק 250 ג FIO,גרמים,250.00,100 גרם,false,1,23.90,9.56,true,1,
8001505001105,false,ממרח אגוזי לוז אורגני 270 גרם NICCIOLATA,,,ממרח אגוזי לוז,גרמים,270.00,100 גרם,false,1,25.50,9.44,true,1,
8001505003536,false,ממרח אגוזי לוז טבעוני אורגני 700 גרם,,IT,ממרח אגוזי לוז טבעונ,גרמים,700.00,100 גרם,false,1,51.90,7.41,true,1,
8001505003963,false,ממרח אגוזי לוז קראנצי אורגני 270 גרם,,,ממרח אגוזי לוז קראנצ,גרמים,270.00,100 גרם,false,1,25.50,9.44,true,1,
8001620015612,false,"סן בנדטו גזר תפוז לימון 400 מ""ל",,,סן בנדטו גזר תפוז לי,מיליליטרים,400.00,"100 מ""ל",false,1,7.90,1.98,true,1,
8001620015629,false,"סן בנדטו תפוז ותפוז אדום 400 מ""ל",,,סן בנדטו תפוז ותפוז,מיליליטרים,400.00,"100 מ""ל",false,1,7.90,1.98,true,1,
8001620015636,false,"סן בנדטו מיקס פירות 400 מ""ל",,,סן בנדטו מיקס פירות,מיליליטרים,400.00,"100 מ""ל",false,1,7.90,1.98,true,1,
8001620017449,false,"בנדטו שישייה 500 מ""ל פקק ספורט",,,"בנדטו שישייה 500 מ""ל",מיליליטרים,500.00,"100 מ""ל",false,1,3.50,0.70,true,1,
8001620019160,false,"סאן בנדטו אפרסק 400 מ""ל",,IL,סאן בנדטו אפרסק 400,מיליליטרים,400.00,"100 מ""ל",false,1,5.50,1.38,true,1,
8001620019177,false,"סאן בנדטו ענבים 400 מ""ל",,IL,סאן בנדטו ענבים 400,מיליליטרים,400.00,"100 מ""ל",false,1,5.50,1.38,true,1,
8001841669465,false,קפסולות לכביסה אריאל 24 יח בניחוח לנור,,FR,קפסולות לכביסה אריאל,Unknown,0.00,Unknown,false,1,36.90,36.90,true,1,
8001841893990,false,טבליות למדיח פלטינום פיירי 37 יחידות,,,טבליות למדיח פלטינום,יחידה,1.00,יחידה,false,1,43.90,43.90,true,1,
8001860250828,false,משקה חלב אורז שקדים 1 ליטר,,IT,משקה חלב אורז שקדים,מיליליטרים,1000.00,"100 מ""ל",false,1,9.90,0.99,true,1,
8001876002145,false,פולנטה 500 גרם COLAVITA,,IT,פולנטה 500 גרם COLAV,גרמים,500.00,100 גרם,false,1,8.50,1.70,true,1,
8002213011301,false,"קמח לפסטה סוג ""00"" 1 ק""ג",,,"קמח לפסטה סוג ""00"" 1",גרמים,1000.00,100 גרם,false,1,16.90,1.69,true,1,
8002270015656,false,סאן פלגרינו 750 מל,,,סאן פלגרינו 750 מל,מיליליטרים,750.00,"100 מ""ל",false,1,11.90,1.59,true,1,
8002270166587,false,שישייה סאן פלגרינו פלסט 1 ליטר,,,שישייה סאן פלגרינו פ,ליטרים,0.01,ליטר,false,1,52.90,5290.00,true,1,
8002270166594,false,"שישיית סאן פלגרינו 250 מ""ל",,,שישיית סאן פלגרינו 2,מיליליטרים,1500.00,"100 מ""ל",false,1,33.90,2.26,true,1,
8002270206832,false,"סן פלגרינו תפוז 200 מ""ל ARANCIATA",,,סן פלגרינו תפוז 200,מיליליטרים,200.00,"100 מ""ל",false,1,8.20,4.10,true,1,
8002270216800,false,סאן פלגרינו בטעם לימון 500 מ,,,סאן פלגרינו בטעם לימ,מיליליטרים,500.00,"100 מ""ל",false,1,6.90,1.38,true,1,
8002270226823,false,"LIMONATA סן פלגרינו לימון 200 מ""ל",,,LIMONATA סן פלגרינו,מיליליטרים,200.00,"100 מ""ל",false,1,8.20,4.10,true,1,
8002270236808,false,סאן פלגרינו בטעם תפוז אדום ופטל 500 מ,,,סאן פלגרינו בטעם תפו,מיליליטרים,500.00,"100 מ""ל",false,1,6.90,1.38,true,1,
8002270436581,false,"שישיית מים סאן פלגרינו פלסט 500 מ""ל",,,שישיית מים סאן פלגרי,מיליליטרים,3000.00,"100 מ""ל",false,1,27.90,0.93,true,1,
8002270846472,false,מים סאן פלגרינו פלסט 500 מל,,,מים סאן פלגרינו פלסט,מיליליטרים,500.00,"100 מ""ל",false,1,5.90,1.18,true,1,
8002270866524,false,סאן פלגרינו 1 ליטר,,,סאן פלגרינו 1 ליטר,מיליליטרים,1000.00,"100 מ""ל",false,1,9.90,0.99,true,1,
8002305009346,false,רוקה דלה מאציה קיאנטי ורנאולו 750 מל,,,רוקה דלה מאציה,Unknown,0.00,Unknown,false,1,56.90,56.90,true,1,
8002305009506,false,רוקה דלה מאציה קיאנטי קלאסיקו 750 מל,,,רוקה דלה מאציה קיאנט,Unknown,0.00,Unknown,false,1,94.90,94.90,true,1,
8002590017538,false,קרקר חיטה מלאה 250 גרם COLUSSI,,,קרקר חיטה מלאה 250 ג,גרמים,250.00,100 גרם,false,1,7.60,3.04,true,1,
8002590055417,false,עוגיות קנטוציני שוקולד 175 גרם SAPORI,,,עוגיות קנטוציני שוקו,גרמים,175.00,100 גרם,false,1,13.50,7.71,true,1,
8003207997854,false,"יין פאבולינו קיאנטי  750 מ""ל",,IT,יין פאבולינו קיאנטי,Unknown,0.00,Unknown,false,1,41.90,41.90,true,1,
8003207997861,false,"יין פאבולינו טוסקנה רוסו 750 מ""ל",,IT,יין פאבולינו טוסקנה,Unknown,0.00,Unknown,false,1,55.90,55.90,true,1,
8003294529228,false,פילה טונה בהירה במים 190 גרם,,IT,פילה טונה בהירה במים,גרמים,190.00,100 גרם,false,1,31.90,16.79,true,1,
8003410249313,false,שרוול תערובת קפה אינטנסו עוצמה 12,,IT,שרוול תערובת קפה סגפ,גרמים,11.00,100 גרם,false,1,21.90,199.09,true,1,
8003410249344,false,"סגפרדו, קפסולות קפה, פרו, עוצמה 9",,,"סגפרדו, קפסולות קפה,",גרמים,10.00,100 גרם,false,1,21.90,219.00,true,1,
8004030022010,false,ריו מרה אינסלטיסימי ירקות גינה טונה 160,,,ריו מרה אינסלטיסימי,גרמים,160.00,100 גרם,false,1,17.90,11.19,true,1,
8004030026018,false,ריו מרה אינסלטיסימי מקסיקני עם טונה 160,,,ריו מרה אינסלטיסימי,גרמים,160.00,100 גרם,false,1,17.90,11.19,true,1,
8004030102033,false,טונה ריו מרה בשמן עם לימון ופלפל 3*80 גר,,,טונה ריו מרה בשמן עם,גרמים,240.00,100 גרם,false,1,28.90,12.04,true,1,
8004030177000,false,שלישיית טונה בשמן זית עם צילי 3*80 גרם,,,טונה בשמן זית עם ציל,גרמים,240.00,100 גרם,false,1,28.90,12.04,true,1,
8004030845046,false,ריו מרה אינסלטיסימי אורז עם טונה 160,,,ריו מרה אינסלטיסימי,גרמים,160.00,100 גרם,false,1,17.90,11.19,true,1,
8004123004893,false,"שמן מתובל בטעם פטריות כמהין 250 מ""ל",,IT,שמן מתובל בטעם פטריו,מיליליטרים,250.00,"100 מ""ל",false,1,41.50,16.60,true,1,
8004275058775,false,שמן זית כתית מעולה 500 מל CIRIO,,,שמן זית כתית מעולה 5,מיליליטרים,500.00,"100 מ""ל",false,1,28.20,5.64,true,1,
8004275058942,false,"שמן זית כתית מעולה 750 מ""ל CIRIO",,,שמן זית כתית מעולה 7,מיליליטרים,750.00,"100 מ""ל",false,1,39.90,5.32,true,1,
8004275059895,false,"חומץ בן יין לבן 500 מ""ל CIRIO",,,חומץ בן יין לבן 500,מיליליטרים,500.00,"100 מ""ל",false,1,16.70,3.34,true,1,
8004275079442,false,שמן זית כתית מעולה לא מסונן 1 ליטר CIRIO,,,שמן זית כתית מעולה,מיליליטרים,1000.00,"100 מ""ל",false,1,59.90,5.99,true,1,
8005085723259,false,קריספו-פרלין מצופה  ממולא קפוצינו 150 ג,,IT,קריספו-פרלין מצופה,גרמים,150.00,100 גרם,false,1,12.90,8.60,true,1,
8005110002243,false,רכז עגבניות DOPPIO בשפופרת 185 גרם,,,רכז עגבניות DOPPIO ב,גרמים,185.00,100 גרם,false,1,8.90,4.81,true,1,
8005110191015,false,רסק עגבניות ובזיליקום 700 גרם,,,רסק עגבניות ובזיליקו,גרמים,500.00,100 גרם,false,1,14.90,2.98,true,1,
8005110550508,false,עגבניות שרי 400 גרם MUTTI,,,עגבניות שרי 400 גרם,מיליליטרים,400.00,"100 מ""ל",false,1,9.90,2.48,true,1,
8005110551253,false,רוטב פיצה   400 גרם MUTTI,,,רוטב פיצה   400 גרם,גרמים,400.00,100 גרם,false,1,9.90,2.48,true,1,
8005200256587,false,נסטי בטעם אפרסק 1.5 ליטר,,IL,נסטי בטעם אפרסק 1.5,ליטרים,0.00,ליטר,false,1,9.00,9.00,true,1,
8005200286584,false,נסטי בטעם מנגו אננס 1.5 ליטר,,IL,נסטי בטעם מנגו אננס,ליטרים,0.00,ליטר,false,1,9.00,9.00,true,1,
8005200486526,false,"נסטי בטעם אפרסק 500 מ""ל",,,נסטי בטעם אפרסק 500,מיליליטרים,500.00,"100 מ""ל",false,1,6.50,1.30,true,1,
8005390002667,false,יין פרוסקו ברוט 750 מל,,,יין פרוסקו ברוט 750,Unknown,0.00,Unknown,false,1,60.90,60.90,true,1,
8005390022672,false,"יין סרטורי וולפוליצלה ריפסו 750 מ""ל",,,יין סרטורי וולפוליצל,Unknown,0.00,Unknown,false,1,91.90,91.90,true,1,
8005390036020,false,סרטורי סואבה קלאסיקו וינייטי סלה,,,סרטורי סואבה קלאסיקו,Unknown,0.00,Unknown,false,1,53.90,53.90,true,1,
8005390036099,false,סרטורי מרלו 750 מל,,,וילה מורה מרלו 750 מ,Unknown,0.00,Unknown,false,1,40.90,40.90,true,1,
8005390046579,false,"סרטורי, פינו גריגיו רוזה, לאב סטורי 750מ",,,סרטורי פינו גריגיו,Unknown,0.00,Unknown,false,1,52.90,52.90,true,1,
8005390080993,false,יין וילה מורה רוזה 750 מל,,,יין וילה מורה רוזה 7,Unknown,0.00,Unknown,false,1,40.90,40.90,true,1,
8005390083291,false,יין סרטורי וילה מורה פינו ביאנקו 750 מל,,,יין וילה מורה פינו ב,Unknown,0.00,Unknown,false,1,40.90,40.90,true,1,
8005390083420,false,יין וילה מורה ברדולינו 750 מל,,,יין וילה מורה ברדולי,Unknown,0.00,Unknown,false,1,40.90,40.90,true,1,
8005390083437,false,יין וילה מורה סואבה 750 מל,,,יין וילה מורה סואבה,Unknown,0.00,Unknown,false,1,40.90,40.90,true,1,
8005390936153,false,"סרטורי פינו גריגיו ארכולה 750 מ""ל",,,סרטורי פינו גריגיו,Unknown,0.00,Unknown,false,1,52.90,52.90,true,1,
8005469981602,false,פילה אנשובי איטלקי ש.חמניות 80 גר SCALIA,,,פילה אנשובי איטלקי ש,גרמים,80.00,100 גרם,false,1,16.90,21.13,true,1,
8006050090239,false,"חומץ בלסמי ממודנה מאצטי אורגני 500 מ""ל",,,חומץ בלסמי ממודנה מא,מיליליטרים,500.00,"100 מ""ל",false,1,31.90,6.38,true,1,
8006227000399,false,מנצאטו-לחם פרוס לבן 400 גרם,,IT,מנצאטו-לחם פרוס לבן,גרמים,400.00,100 גרם,false,1,15.90,3.98,true,1,
8006540222089,false,מגבונים היגיינים לתינוקות ולילדים to go,,ES,מגבונים היגיינים לתי,יחידה,1.00,יחידה,false,1,7.90,7.90,true,1,
8006540353004,false,טמפקס פרל סופר 18 יח,,,טמפקס פרל סופר 18 יח,Unknown,0.00,Unknown,false,1,24.90,24.90,true,1,
8006663001042,false,גראנה פדאנה 200 גר,,IT,גרנה פדנו איטלקי,גרמים,200.00,100 גרם,false,1,28.20,14.10,true,1,
8006663001073,false,פרמזנו רגאנו איטלקי 200 גרם,,IT,פרמזנו רגאנו איטלקי,גרמים,200.00,100 גרם,false,1,35.90,17.95,true,1,
8007178510685,false,"רוטב בסגנון בלסמי לבן 250 מ""ל",,IT,רוטב בסגנון בלסמי לב,מיליליטרים,250.00,"100 מ""ל",false,1,19.90,7.96,true,1,
8007290133434,false,פסטה אורגנית פנוני ריגטי 500 גר` גרנרו,,,פסטה אורגנית פנוני ר,גרמים,500.00,100 גרם,false,1,9.50,1.90,true,1,
8007520096003,false,מורנדו 4 קג לכלב(ירו,,,מורנדו 4 קג לכלב(ירו,Unknown,0.00,Unknown,false,1,49.90,49.90,true,1,
8007537005937,false,פרימיום ציפס פלפל שחור ומלח ים 300 גרם,,IT,פרימיום ציפס פלפל שח,גרמים,300.00,100 גרם,false,1,27.20,9.07,true,1,
8007537006538,false,"טורטיליה ציפס תירס כחול לל""ג 450 גרם",,IT,טורטיליה ציפס תירס כ,גרמים,450.00,100 גרם,false,1,27.20,6.04,true,1,
8008440249425,false,בירה אסהי יבשה מאד 330 מל בקבוק,,,בירה אסהי  330 מל בק,מיליליטרים,330.00,"100 מ""ל",false,1,12.90,3.91,true,1,
8008440522016,false,"שישיית בירה פרוני 6*330 מ""ל",,,שישיית בירה פרוני 6*,מיליליטרים,1980.00,"100 מ""ל",false,1,40.90,2.07,true,1,
8008660210014,false,מעדן ריבה מנץ אנד גאססר משמש 300 גר,,,מעדן ריבה מנץ אנד גא,גרמים,300.00,100 גרם,false,1,18.90,6.30,true,1,
8008660210038,false,מעדן ריבה מנץ אנד גאססר תות שדה 300 גר,,,מעדן ריבה מנץ אנד גא,גרמים,300.00,100 גרם,false,1,18.90,6.30,true,1,
8008698002599,false,SCHAR לחם הבית 240 גרם,,,SCHAR לחם הבית 240 ג,גרמים,240.00,100 גרם,false,1,24.00,10.00,true,1,
8008698002810,false,"עוגה אישית לל""ג שר 10*35 גרם",,IT,"עוגה אישית לל""ג שר 1",גרמים,350.00,100 גרם,false,1,33.90,9.69,true,1,
8008698003503,false,עוגיות שיבולת שועל עם צימוקים 250 גר,,,קרקרים 210  גרם,גרמים,210.00,100 גרם,false,1,32.90,15.67,true,1,
8008698010259,false,"SCHAR גבטה לל""ג 200 גרם",,,"SCHAR גבטה לל""ג 200",גרמים,200.00,100 גרם,false,1,23.90,11.95,true,1,
8008698024065,false,לחם ללא גלוטן פאן בלנקו 250 גר,,DE,לחם ללא גלוטן פאן בל,גרמים,250.00,100 גרם,false,1,20.80,8.32,true,1,
8008698024140,false,לחם ללא גלוטן פאן מולטי גראנו 250 גר,,DE,לחם ללא גלוטן פאן מו,גרמים,250.00,100 גרם,false,1,20.80,8.32,true,1,
8008698024188,false,לחם ללא גלוטן פאן רוסטיקו 250 גר,,DE,לחם ללא גלוטן פאן רו,גרמים,250.00,100 גרם,false,1,20.80,8.32,true,1,
8008825005363,false,עגבניות מרוסקות  3*400 גר Rodolfi,,,עגבניות מרוסקות  3*4,קילוגרמים,0.00,"ק""ג",false,1,18.80,18.80,true,1,
8008825012538,false,מחית עגבניות 690 גרם Rodolfi,,,מחית עגבניות 690 גרם,גרמים,690.00,100 גרם,false,1,12.90,1.87,true,1,
8008825012545,false,מחית עגבניות/זרעים 690 גרם  Rodolfi,,,מחית עגבניות/זרעים 6,גרמים,690.00,100 גרם,false,1,13.50,1.96,true,1,
8008920590061,false,למברוסקו ספומנטה רוזה 750 מל CORONA,,,למברוסקו ספומנטה אדו,Unknown,0.00,Unknown,false,1,33.90,33.90,true,1,
8008920590078,false,למברוסקו ספומנטה לבן 750 מל CORONA,,,למברוסקו ספומנטה לבן,Unknown,0.00,Unknown,false,1,33.90,33.90,true,1,
8008920590085,false,למברוסקו ספומנטה אדום 750 מל CORONA,,,למברוסקו ספומנטה רוז,Unknown,0.00,Unknown,false,1,33.90,33.90,true,1,
8009149000119,false,"קמח תירס מולינו פיילה - פולנטה 1 ק""ג",,,קמח תירס מולינו פייל,גרמים,1000.00,100 גרם,false,1,20.70,2.07,true,1,
8009730900095,false,"ספריי כמהין 40 מ""ל",,,"ספריי כמהין 40 מ""ל",מיליליטרים,40.00,"100 מ""ל",false,1,13.90,34.75,true,1,
8009915001227,false,פסטה פנה ללא גלוטן 250 גרם,,,פסטה פנה ללא גלוטן 2,גרמים,250.00,100 גרם,false,1,15.90,6.36,true,1,
8009915001340,false,פסטה אליקה ללא גלוטן 250 גרם,,,פסטה אליקה ללא גלוטן,גרמים,250.00,100 גרם,false,1,15.90,6.36,true,1,
8009915002064,false,ניוקי ללא גלוטן 250 גרם,,,ניוקי ללא גלוטן 250,גרמים,250.00,100 גרם,false,1,15.90,6.36,true,1,
8014601028747,false,קמח 00 איטלקי כחול 1 קג CAPUTO,,,"קמח ""00"" איטלקי כחול",גרמים,1000.00,100 גרם,false,1,13.50,1.35,true,1,
8015997000911,false,מאריני בישקוטים 200 גרם,,,מאריני בישקוטים 200,ליטרים,0.00,ליטר,false,1,8.00,8.00,true,1,
8016867008945,false,מגן תחתון 24 אורגניק באריזת תפזורת,,,מגן תחתון 24 אורגניק,Unknown,0.00,Unknown,false,1,22.90,22.90,true,1,
8016867008976,false,טמפונים עם מוליך רגולר אורגניק,,,טמפונים עם מוליך רגו,Unknown,0.00,Unknown,false,1,34.90,34.90,true,1,
8016867009904,false,טמפונים ללא מוליך סופר פלוס אורגניק,,,טמפונים ללא מוליך סו,Unknown,0.00,Unknown,false,1,28.90,28.90,true,1,
8016867009911,false,טמפונים ללא מוליך סופר אורגניק,,,טמפונים ללא מוליך סו,Unknown,0.00,Unknown,false,1,28.90,28.90,true,1,
8016867009935,false,תחבושות דקות 03 לזרימה מוגברת אורגניק,,,תחבושות דקות 03 לזרי,Unknown,0.00,Unknown,false,1,29.90,29.90,true,1,
8016867009959,false,מגן תחתון באריזה אישית אורגניק,,,מגן תחתון באריזה איש,Unknown,0.00,Unknown,false,1,25.90,25.90,true,1,
8017070766530,false,קרקרים בתיבול רוזמרין 150 גרם,,,קרקרים בתיבול רוזמרי,גרמים,150.00,100 גרם,false,1,11.90,7.93,true,1,
8017070766554,false,קרקרים קלאסיים 150 גרם,,,קרקרים קלאסיים 150 ג,גרמים,150.00,100 גרם,false,1,11.90,7.93,true,1,
8017070766578,false,קרקרים בתיבול עגבניות ואורגנו 150 גרם,,,קרקרים בתיבול עגבניו,גרמים,150.00,100 גרם,false,1,11.90,7.93,true,1,
8017938005184,false,"חומץ תפוחים אורגני 750 מ""ל",,,חומץ תפוחים אורגני 7,מיליליטרים,750.00,"100 מ""ל",false,1,18.90,2.52,true,1,
8019428000013,false,משקה אורז אורגני 1 ליטר,,,משקה אורז אורגני 1 ל,מיליליטרים,1000.00,"100 מ""ל",false,1,14.90,1.49,true,1,
8019428005018,false,"שמנת אורגנית לבישול על בסיס אורז 240 מ""ל",,,שמנת אורגנית לבישול,מיליליטרים,240.00,"100 מ""ל",false,1,11.90,4.96,true,1,
8019428007005,false,משקה סויה אורגני 1 ליטר,,,משקה סויה אורגני 1 ל,מיליליטרים,1000.00,"100 מ""ל",false,1,12.50,1.25,true,1,
8022734000158,false,"חומץ בלסמי ממודנה 250 מ""ל ARGENTO",,,חומץ בלסמי ממודנה 25,מיליליטרים,250.00,"100 מ""ל",false,1,68.50,27.40,true,1,
8023678161387,false,משקה סויה אורגני 1 ליטר ISOLA,,,משקה סויה אורגני 1 ל,מיליליטרים,1000.00,"100 מ""ל",false,1,10.90,1.09,true,1,
8024985000086,false,מחית תפוח בננה 100% פרי 200 ג נטורה נובה,,,מחית תפוח בננה 100%,גרמים,200.00,100 גרם,false,1,10.90,5.45,true,1,
8024985000116,false,מחית תפוח אוכמ 100% פרי 200 ג נטורה נובה,,,מחית תפוח אוכמ 100%,גרמים,200.00,100 גרם,false,1,10.90,5.45,true,1,
8024985002783,false,סמוזי נטורה נובה גזר ודלעת 100 גרם,,,סמוזי נטורה נובה גזר,גרמים,100.00,100 גרם,false,1,5.90,5.90,true,1,
8024985002912,false,סמוזי אגס בטטה 100 גר נטורה נובה,,IT,סמוזי אגס בטטה 100 ג,גרמים,100.00,100 גרם,false,1,5.90,5.90,true,1,
8024985004299,false,סמוזי מעורב תפוח/פירות רביעיה 400 גר,,,סמוזי מעורב תפוח/פיר,גרמים,400.00,100 גרם,false,1,24.50,6.13,true,1,
8024985005234,false,סמוזי נטורה נובה סמוצי תפוח מנגו 100 גרם,,,מחית נטורה נובה סמוצ,גרמים,100.00,100 גרם,false,1,5.90,5.90,true,1,
8024985005296,false,סמוזי אגס בננה תפוח וקינואה אורגני,,,סמוזי אגס בננה תפוח,גרמים,120.00,100 גרם,false,1,8.50,7.08,true,1,
8024985005302,false,סמוזי תפוח רימון פטל אוכמניות אורגני,,,סמוזי תפוח רימון פטל,גרמים,120.00,100 גרם,false,1,8.50,7.08,true,1,
8024985008037,false,סמוזי נטורה נובה סמוצי תפוח 100 גרם,,,מחית נטורה נובה סמוצ,גרמים,100.00,100 גרם,false,1,5.90,5.90,true,1,
8024985008044,false,סמוזי נטורה נובה סמוצי אגס 100 גרם,,,מחית נטורה נובה סמוצ,גרמים,100.00,100 גרם,false,1,5.90,5.90,true,1,
8024985008051,false,סמוזי נטורה נובה סמוצי פירות אדומים 100,,,מחית נטורה נובה סמוצ,גרמים,100.00,100 גרם,false,1,5.90,5.90,true,1,
8026985075910,false,"מיץ תפוחים אורגני 750 מ""ל",,,מיץ תפוחים אורגני 75,מיליליטרים,750.00,"100 מ""ל",false,1,20.90,2.79,true,1,
8030243021168,false,7.33  ביוקאפ דליקטו מהיר צבע בלונדי זהב,,,7.33  ביוקאפ דליקטו,Unknown,0.00,Unknown,false,1,63.90,63.90,true,1,
8030316001011,false,מונטאלבאנו פינו גריגיו  750 מל אורגני,,,מונטאלבאנו פינו,מיליליטרים,750.00,"100 מ""ל",false,1,70.90,9.45,true,1,
8032804430440,false,פליסיה ספגטי כוסמת אורגני 400 גר,,,פליסיה ספגטי כוסמת א,גרמים,400.00,100 גרם,false,1,19.90,4.98,true,1,
8032804430471,false,פליסיה פסטה סדניני עדשים אורגני 250 גרם,,,פליסיה פסטה סדניני ע,גרמים,250.00,100 גרם,false,1,15.90,6.36,true,1,
8032804430501,false,פליסיה פסטה פוזילי אפונה אורגני 250 גרם,,,פליסיה פסטה פוזילי א,גרמים,250.00,100 גרם,false,1,15.90,6.36,true,1,
8032804430815,false,פליסיה פוזילי שעועית מש אורגני 250 גרם,,,פליסיה פוזילי שעועית,גרמים,250.00,100 גרם,false,1,15.90,6.36,true,1,
8032804430853,false,"טליאטלה אורז מלא לל""ג אורגני פליסיה 250",,IT,"טליאטלה אורז מלא לל""",גרמים,250.00,100 גרם,false,1,17.90,7.16,true,1,
8032804430914,false,"פנה שיבולת שועל לל""ג פליסיה 340 גרם",,IT,"פנה שיבולת שועל לל""ג",גרמים,340.00,100 גרם,false,1,18.90,5.56,true,1,
8032804430921,false,פליסיה לינגוויני שיבולת שועל 400 גר,,,פליסיה לינגוויני שיב,גרמים,400.00,100 גרם,false,1,20.90,5.23,true,1,
8032804430976,false,"ריגטוני שיבולת שועל לל""ג פליסיה 340 גרם",,IT,ריגטוני שיבולת שועל,גרמים,340.00,100 גרם,false,1,18.90,5.56,true,1,
8032804432000,false,פנה פליסיה כוסמת אורגני 340 גר,,,פנה פליסיה כוסמת אור,גרמים,340.00,100 גרם,false,1,16.90,4.97,true,1,
8032804432031,false,פנה אורז מלא אורגני 340 גרם פליסיה,,,פנה אורז מלא אורגני,גרמים,340.00,100 גרם,false,1,14.90,4.38,true,1,
8032804435636,false,פוזילי 4 דגנים אורגני 340 גרם פליסיה,,,פוזילי 4 דגנים אורגנ,גרמים,340.00,100 גרם,false,1,14.90,4.38,true,1,
8033020445973,false,"PIVETTI קמח 00 לכל מטרה 1 ק""ג",,IT,PIVETTI קמח 00 לכל מ,גרמים,1000.00,100 גרם,false,1,8.30,0.83,true,1,
8033020445980,false,"PIVETTI קמח לפסטה 00 1 ק""ג",,IT,PIVETTI קמח לפסטה 00,גרמים,1000.00,100 גרם,false,1,13.90,1.39,true,1,
8034023209104,false,רבעי ארטישוק 280 גרם TERRE,,,רבעי ארטישוק 280 גרם,גרמים,280.00,100 גרם,false,1,20.90,7.46,true,1,
8076800195033,false,ספגטי ברילה מס 3 ברילה,,,ספגטי ברילה מס 3 ברי,גרמים,500.00,100 גרם,false,1,7.90,1.58,true,1,
8076800195057,false,ספגטי ברילה מס 5 ברילה,,,ספגטי ברילה מס 5 ברי,גרמים,500.00,100 גרם,false,1,7.90,1.58,true,1,
8076800195132,false,פסטה ברילה מס 13,,,פסטה ברילה מס 13,גרמים,500.00,100 גרם,false,1,7.90,1.58,true,1,
8076800315097,false,ספגטי ברילה בוקטיני מס 9,,,ספגטי ברילה בוקטיני,גרמים,500.00,100 גרם,false,1,7.90,1.58,true,1,
8076802085981,false,פסטה ברילה פוזילי מס 98,,,פסטה ברילה פוזילי מס,גרמים,500.00,100 גרם,false,1,7.90,1.58,true,1,
8076808060654,false,ברילה פרפלה מס 65,,,ברילה פרפלה מס 65,גרמים,500.00,100 גרם,false,1,7.90,1.58,true,1,
8076808150072,false,ספגטי ברילה מס 7 ברילה,,,ספגטי ברילה מס 7 ברי,גרמים,500.00,100 גרם,false,1,7.90,1.58,true,1,
8076809501415,false,פנה טריקולור 78 500 גרם,,,פנה טריקולור 78 500,גרמים,500.00,100 גרם,false,1,17.10,3.42,true,1,
8076809512268,false,ברילה גירנדולה מס 34,,,ברילה גירנדולה מס 34,גרמים,500.00,100 גרם,false,1,7.90,1.58,true,1,
8076809513395,false,רוטב פומודורו 400 גרם ברילה,,,רוטב פומודורו 400 גר,גרמים,400.00,100 גרם,false,1,16.90,4.23,true,1,
8076809513654,false,בסיס רוטב עגבניות לבולונז 400 גרם ברילה,,,בסיס רוטב עגבניות לב,גרמים,400.00,100 גרם,false,1,16.90,4.23,true,1,
8076809513692,false,רוטב נפוליטנה 400 גרם ברילה,,,רוטב נפוליטנה 400 גר,גרמים,400.00,100 גרם,false,1,16.90,4.23,true,1,
8076809513739,false,רוטב בזיליקום 400 גרם ברילה,,,רוטב בזיליקום 400 גר,גרמים,400.00,100 גרם,false,1,16.90,4.23,true,1,
8076809523714,false,ברילה איטריות 500 גרם,,,ברילה איטריות 500 גר,גרמים,500.00,100 גרם,false,1,28.90,5.78,true,1,
8076809523738,false,ברילה לזניה 500 גרם,,,ברילה לזניה 500 גרם,גרמים,500.00,100 גרם,false,1,25.90,5.18,true,1,
8076809529419,false,ספגטי חיטה מלאה 500 גרם,,,ספגטי חיטה מלאה 500,גרמים,500.00,100 גרם,false,1,15.50,3.10,true,1,
8076809529433,false,פנטה רגטה חיטה מלאה 500 גרם,,,פנטה רגטה חיטה מלאה,גרמים,500.00,100 גרם,false,1,15.50,3.10,true,1,
8076809547956,false,ברילה צ.ק קיפרי 500 גרם,,IT,ברילה  קיפרי 500 גר,גרמים,500.00,100 גרם,false,1,7.90,1.58,true,1,
8076809580687,false,רוטב פסטו אדום ברילה 190 גר,,,רוטב פסטו אדום ברילה,גרמים,190.00,100 גרם,false,1,19.80,10.42,true,1,
8410013381010,false,יין מבעבע קודורניו קלאסיקו ברוט 750 מל,,,יין מבעבע קודורניו ק,Unknown,0.00,Unknown,false,1,48.90,48.90,true,1,
8410013383014,false,יין קאווה קודורניו קלאסיקו חצי יבש 750 מ,,,יין קאווה קודורניו ק,Unknown,0.00,Unknown,false,1,48.90,48.90,true,1,
8410013991042,false,יין קאווה באך יבש 750 מל,,,יין קאווה באך יבש 75,Unknown,0.00,Unknown,false,1,44.90,44.90,true,1,
8410013992094,false,יין קאווה באך חצי יבש 750 מל,,,יין קאווה באך חצי יב,Unknown,0.00,Unknown,false,1,44.90,44.90,true,1,
8410031132519,false,צופה צופס-לקקן 16 יח בשקית  120 גר,,AT,צופה צופס-לקקן 16 יח,גרמים,120.00,100 גרם,false,1,15.40,12.83,true,1,
8410104045111,false,פיניש מלח 2 קג,,,פיניש מלח 2 קג,קילוגרמים,0.00,"ק""ג",false,1,16.90,16.90,true,1,
8410128783587,false,ויוה סוי שיבולת שועל קרטונית 1 ליטר,,ES,ויוה סוי שיבולת שועל,מיליליטרים,1000.00,"100 מ""ל",false,1,13.90,1.39,true,1,
8410134002580,false,זיתים ירוקים עם טונה 300 גרם FRAGATA,,,זיתים ירוקים עם טונה,גרמים,300.00,100 גרם,false,1,8.50,2.83,true,1,
8410134119509,false,זיתים שחורים 350 גרם FRAGATA,,,זיתים שחורים 350 גרם,גרמים,350.00,100 גרם,false,1,8.50,2.43,true,1,
8410182420114,false,בצלצלי פנינה בחומץ 370 גר,,,בצלצלי פנינה בחומץ 3,גרמים,340.00,100 גרם,false,1,13.30,3.91,true,1,
8410300104612,false,קוביות גלינה בלנקה עם פטריות 80 גר,,,קוביות גלינה בלנקה ע,גרמים,80.00,100 גרם,false,1,14.90,18.63,true,1,
8410376009408,false,"ביסקויט ללת""ס זהב 330 גר",,,"ביסקויט זהב ללת""ס",גרמים,330.00,100 גרם,false,1,21.90,6.64,true,1,
8410376044393,false,"גולון- או 2 ללת""ס 210 גר",,,"גולון- או 2 ללת""ס 21",גרמים,210.00,100 גרם,false,1,19.90,9.48,true,1,
8410376044959,false,גולון דיבוס בסק. שרקיז לא גלוטן/לקט. 250,,,גולון דיבוס בסק. שרק,גרמים,250.00,100 גרם,false,1,22.90,9.16,true,1,
8410376057270,false,גולון-ביסקוויט ללא סוכר עם ש.מריר 150 גר,,ES,"גולון-ביסקוויט ללת""ס",גרמים,150.00,100 גרם,false,1,18.90,12.60,true,1,
8410376059380,false,גולון וופל וניל ללא תוספת סוכר 180 גרם,,ES,גולון וופל וניל ללא,גרמים,180.00,100 גרם,false,1,17.90,9.94,true,1,
8410376059397,false,גולון וופל שוקולד ללא תוספת סוכר 180 גרם,,ES,גולון וופל שוקולד לל,גרמים,180.00,100 גרם,false,1,17.90,9.94,true,1,
8410406001235,false,"יין קונסטנילה טמפרניו ריוחה 750 מ""ל",,ES,יין קונסטנילה טמפרני,מיליליטרים,750.00,"100 מ""ל",false,1,59.90,7.99,true,1,
8410406311006,false,מרקז דה קסרס ריוחה קריאנזה 750 מל,,,מרקז דה קסרס ריוחה,Unknown,0.00,Unknown,false,1,73.90,73.90,true,1,
8410406611007,false,מרקס דה קסרס רוזה ריוחה 750 מל,,,מרקס דה קסרס רוזה רי,Unknown,0.00,Unknown,false,1,64.90,64.90,true,1,
8410406811001,false,מרקז דה קסרס ריוחה לבן חובן 750 מל,,,מרקס דה קסרס ריוחה,Unknown,0.00,Unknown,false,1,65.90,65.90,true,1,
8410479013302,false,"אבדיה דל רובלה רוזה 750 מ""ל",,ES,אבדיה דל רובלה רוזה,מיליליטרים,500.00,"100 מ""ל",false,1,31.90,6.38,true,1,
8410525116827,false,פיני מסטיק עגול 90 גרם,,ES,פיני מסטיק עגול 90 ג,Unknown,1.00,Unknown,false,1,7.50,7.50,true,1,
8410525147906,false,פיני מסטיק מלון 90 גרם,,ES,פיני מסטיק מלון 90 ג,Unknown,1.00,Unknown,false,1,7.50,7.50,true,1,
8410525160554,false,פיני צורות שונות מיקס 90 גרם,,ES,פיני צורות שונות מיק,גרמים,90.00,100 גרם,false,1,7.50,8.33,true,1,
8410525175589,false,פיני סוכריות גלי בטעם דובדבן 80 גרם,,ES,פיני סוכריות גלי בטע,Unknown,1.00,Unknown,false,1,7.50,7.50,true,1,
8410525206160,false,פיני שטיחים חמוצים בטעם פירות 90 גרם,,ES,פיני שטיחים חמוצים ב,Unknown,1.00,Unknown,false,1,7.50,7.50,true,1,
8410525206184,false,פיני שטיחים חמוצים בטעם תות 90 גרם,,ES,פיני שטיחים חמוצים ב,Unknown,1.00,Unknown,false,1,7.50,7.50,true,1,
8410525211096,false,פיני גומי ריינבואו במילוי מתוק 90 גרם,,ES,פיני גומי ריינבואו ב,Unknown,0.00,Unknown,false,1,7.50,7.50,true,1,
8410525220562,false,פיני בום ומפייר 65 גרם,,ES,פיני בום ומפייר 65 ג,גרמים,65.00,100 גרם,false,1,7.50,11.54,true,1,
8410525234293,false,פיני גומי פירות 90 גרם,,ES,פיני גומי פירות 90 ג,Unknown,1.00,Unknown,false,1,7.50,7.50,true,1,
8410525246739,false,פיני בום מיקס חמוץ 90 גרם,,ES,פיני בום מיקס חמוץ 9,גרמים,90.00,100 גרם,false,1,7.50,8.33,true,1,
8410655001147,false,בירה סאן מיגל 500 מל פחית,,,בירה סאן מיגל אספסיא,מיליליטרים,500.00,"100 מ""ל",false,1,9.90,1.98,true,1,
8410655002458,false,"בירה סאן מיגל ללא גלוטן 330 מ""ל",,,בירה סאן מיגל ללא גל,מיליליטרים,330.00,"100 מ""ל",false,1,13.90,4.21,true,1,
8410679030048,false,טבלת טראפה ל.ס. לבן 75ג,,ES,טבלת טראפה ל.ס. לבן,גרמים,75.00,100 גרם,false,1,8.90,11.87,true,1,
8410679030079,false,טבלת טראפה ל.ס. חלב אגוז 75ג,,ES,טבלת טראפה ל.ס. חלב,גרמים,75.00,100 גרם,false,1,8.90,11.87,true,1,
8410743700297,false,יין קווה קסטילו פרלדה יבש 750 מל,,,יין קווה קסטילו פרלד,Unknown,0.00,Unknown,false,1,53.90,53.90,true,1,
8410743700303,false,יין קווה קסטילו פרלדה חצי יבש 750 מל,,,יין קווה קסטילו פרלד,Unknown,0.00,Unknown,false,1,53.90,53.90,true,1,
8410793022837,false,"רביעיית בירה אסטרייה דאם 330 מ""ל בקבוק",,,רביעיית בירה אסטרייה,מיליליטרים,1320.00,"100 מ""ל",false,1,39.90,3.02,true,1,
8411320334027,false,נתחי טונה צהובה בשמן זית 112 גר ORTIZ,,,נתחי טונה צהובה בשמן,גרמים,112.00,100 גרם,false,1,17.30,15.45,true,1,
8411320382967,false,נתחי טונה צהובה בשמן זית 220 ג ORTIZ,,,נתחי טונה צהובה בשמן,גרמים,220.00,100 גרם,false,1,45.30,20.59,true,1,
8413165061618,false,אוגרטה ריוחה קריאנזה 750 מל,,,אוגרטה ריוחה קריאנזה,Unknown,0.00,Unknown,false,1,60.90,60.90,true,1,
8413165070825,false,אוגרטה ריוחה קוסצה 2012 750 מל,,,אוגרטה ריוחה קוסצה,Unknown,0.00,Unknown,false,1,48.90,48.90,true,1,
8413376024839,false,גבינת עיזים רכה עשבי תיבול 29% 110 גר,,ES,גבינת עיזים רכה עשבי,גרמים,110.00,100 גרם,false,1,18.60,16.91,true,1,
8413664511218,false,פאפאס ארגנטה מקלות ציפס 250 גרם,,ES,פאפאס ארגנטה מקלות צ,גרמים,250.00,100 גרם,false,1,26.90,10.76,true,1,
8413664511447,false,צנימים בטעם שום ופטרוזיליה 150 גרם,,,פאפאס ארגנטה-ברוסקטה,גרמים,150.00,100 גרם,false,1,13.90,9.27,true,1,
8413664611956,false,פאפאס ארגנטה-ציפס עם עשבי תיבול  160 ג,,,פאפאס ארגנטה-ציפס עם,גרמים,160.00,100 גרם,false,1,24.90,15.56,true,1,
8420342001039,false,פרוטוס ריברה דל דוארו קריאנזה 750 מל,,,פרוטוס ריברה דל,Unknown,0.00,Unknown,false,1,116.90,116.90,true,1,
8420708012822,false,קשקבל בשלה 200 גר,,,קשקבל בשלה 200 גר,גרמים,200.00,100 גרם,false,1,27.90,13.95,true,1,
8423207206495,false,חטיף דגנים מלאים מצופה שוקולד מריר 120 ג,,,חטיף דגנים מלאים מצו,גרמים,120.00,100 גרם,false,1,13.90,11.58,true,1,
8423207208260,false,חטיף סלים דליס ללא גלוטן שוקולד חלב 78 ג,,,חטיף סלים דליס ללא ג,גרמים,78.00,100 גרם,false,1,12.90,16.54,true,1,
8423207208703,false,סלים דליס מהדורה  עם שוקולד מריר 120 גרם,,,סלים דליס מהדורה  עם,גרמים,120.00,100 גרם,false,1,13.90,11.58,true,1,
8423207210287,false,סלים דליס שוקולד לבן בטעם יוגורט 120 גר,,,סלים דליס שוקולד לבן,גרמים,120.00,100 גרם,false,1,13.90,11.58,true,1,
8423371000202,false,בוטנים מלוחים 150 גרם,,ES,בוטנים מלוחים 150 גר,גרמים,150.00,100 גרם,false,1,13.20,8.80,true,1,
8423371000653,false,בוטנים מלוחים בדבש סאליסול 50 גרם,,ES,בוטנים מלוחים בדבש ס,גרמים,50.00,100 גרם,false,1,6.00,12.00,true,1,
8423371002725,false,קוקטייל מיקס 100 גרם,,ES,קוקטייל מיקס 100 גרם,גרמים,100.00,100 גרם,false,1,13.20,13.20,true,1,
8423371007584,false,אגוז קשיו קלויים סאליסול 50 גר,,,אגוז קשיו קלויים סאל,גרמים,50.00,100 גרם,false,1,9.90,19.80,true,1,
8423371007591,false,שקדים קלויים סאליסול 50 גר,,,שקדים קלויים סאליסול,גרמים,50.00,100 גרם,false,1,9.90,19.80,true,1,
8423453905692,false,"בירה ווילדר לאגר 500 מ""ל פחית",,ES,בירה ווילדר לאגר 500,מיליליטרים,500.00,"100 מ""ל",false,1,7.90,1.58,true,1,
8431438000256,false,מנצגו קייסו ספרדי במשקל,,,מנצגו קייסו ספרדי במ,Unknown,0.00,"ק""ג",true,0,210.00,210.00,true,1,
8435185944009,false,"משקה קל ד""ר פפר 330 מ""ל",,,"משקה קל ד""ר פפר 330",מיליליטרים,330.00,"100 מ""ל",false,1,6.90,2.09,true,1,
8435185954626,false,"משקה קל ד""ר פפר בטעם דובדבן 330 מ""ל",,,"משקה קל ד""ר פפר בטעם",מיליליטרים,330.00,"100 מ""ל",false,1,6.90,2.09,true,1,
8593868000050,false,"בירה סטארופרמן לאגר פח 5% 500 מ""ל",,CZ,בירה סטארופרמן פחית,מיליליטרים,500.00,"100 מ""ל",false,1,11.90,2.38,true,1,
8593868002368,false,בירה סטארופרמן אנפילטר בירה 500 מל בקבוק,,CZ,בירה סטארופרמן אנפיל,מיליליטרים,500.00,"100 מ""ל",false,1,10.90,2.18,true,1,
8594053490441,false,"בירה צרנובר בהיר 500 מ""ל",,CZ,בירה צרנובר בהיר 500,מיליליטרים,500.00,"100 מ""ל",false,1,10.90,2.18,true,1,
8594073177353,false,חטיף חלבון דלוקס ללא גלוטן בראוניז 60 גר,,,חטיף חלבון דלוקס ללא,גרמים,60.00,100 גרם,false,1,14.90,24.83,true,1,
8594403705010,false,"בירה באדוויזר דארק לאגר 500 מ""ל פחית",,DE,בירה באדוויזר דארק ל,מיליליטרים,500.00,"100 מ""ל",false,1,9.90,1.98,true,1,
8594403707649,false,"בירה באדוויזר דארק לאגר 500 מ""ל פחית",,,בירה באדוויזר דארק ל,מיליליטרים,500.00,"100 מ""ל",false,1,8.90,1.78,true,1,
8594404001418,false,"בירה קוזל כהה 500 מ""ל",,,"בירה קוזל כהה 500 מ""",מיליליטרים,500.00,"100 מ""ל",false,1,9.40,1.88,true,1,
8594404110110,false,בירה פילסנר אוראקוול 500 מל,,,בירה פילסנר אוראקוול,מיליליטרים,500.00,"100 מ""ל",false,1,13.90,2.78,true,1,
8595134503975,false,נייר גלגול בינוני  כולל פילטר PIH,,,נייר גלגול בינוני  כ,יחידה,1.00,יחידה,false,1,6.00,6.00,true,1,
8681863065287,false,מלח הימלאיה וילי פוד 350 גר,,TR,מלח הימלאיה וילי פוד,גרמים,350.00,100 גרם,false,1,24.90,7.11,true,1,
8681863065324,false,מלח ים עם רוזמרין וילי פוד 200 גר,,TR,מלח ים עם רוזמרין וי,גרמים,200.00,100 גרם,false,1,24.90,12.45,true,1,
8683130008355,false,מיונז עם שום הלמנס לחיץ  400 גרם,,TR,מיונז עם שום הלמנס ל,גרמים,400.00,100 גרם,false,1,17.90,4.48,true,1,
8683130012666,false,מגנום דאבל לבן עוגיות 200 גרם,,TR,מגנום דאבל לבן עוגיו,גרמים,200.00,100 גרם,false,1,13.50,6.75,true,1,
8690504081920,false,מקוויטיס טינס מצופה שוקולד מריר 150 גרם,,,מקוויטיס טינס מצופה,גרמים,150.00,100 גרם,false,1,12.00,8.00,true,1,
8690504081937,false,מקוויטיס טינס שוקולד חלב וקפוצינו 150 גר,,,מקוויטיס טינס שוקולד,גרמים,150.00,100 גרם,false,1,12.00,8.00,true,1,
8690504153740,false,שוקולד מריר גודייבה קרם גנאש שוקולד 86 ג,,TR,שוקולד מריר גודייבה,גרמים,86.00,100 גרם,false,1,15.90,18.49,true,1,
8690521016882,false,"שמפו דאב דמג תרפי רגיל 400 מ""ל",,,שמפו דאב דמג תרפי רג,מיליליטרים,400.00,"100 מ""ל",false,1,18.90,4.73,true,1,
8690637073373,false,תה ארל גריי - 25 סרוויס,,,תה ארל גריי - 25 סרו,Unknown,0.00,Unknown,false,1,10.50,10.50,true,1,
8690637505935,false,"סבון ידיים דאב אבוקדו 500 מ""ל",,,סבון ידיים דאב אבוקד,מיליליטרים,500.00,"100 מ""ל",false,1,19.80,3.96,true,1,
8690637505959,false,"סבון ידיים דאב לוטוס 500 מ""ל",,,סבון ידיים דאב לוטוס,מיליליטרים,500.00,"100 מ""ל",false,1,19.80,3.96,true,1,
8690637555084,false,מרכך כביסה בדין אקסטרא פריחת תפוז 960 מל,,,מרכך כביסה בדין אקסט,מיליליטרים,960.00,"100 מ""ל",false,1,17.90,1.86,true,1,
8690637835643,false,תה ירוק לואיז הולימונית 20 שק ליפטון,,,תה ירוק לואיז הולימו,Unknown,0.00,Unknown,false,1,21.90,21.90,true,1,
8690637842382,false,מגנום דאבל פרי יער שטראוס 82 גר,,IL,מגנום דאבל פרי יער,גרמים,82.00,100 גרם,false,1,13.50,16.46,true,1,
8690637866753,false,"מרכך כביסה בדין אקסטרה לבנדר 960 מ""ל",,,מרכך כביסה בדין אקסט,מיליליטרים,960.00,"100 מ""ל",false,1,17.90,1.86,true,1,
8690637871108,false,ממרח חרדל הלמנס 250 גרם,,,ממרח חרדל הלמנס 250,גרמים,250.00,100 גרם,false,1,15.90,6.36,true,1,
8690637871245,false,מיונז אמיתי הלמנס לחיץ 395 גם,,TR,מיונז אמיתי הלמנס לח,גרמים,395.00,100 גרם,false,1,16.90,4.28,true,1,
8690637916991,false,מרכך דאב עם שמן אבוקדו ותמצית קלנדולה600,,TR,מרכך דאב עם שמן אבוק,מיליליטרים,600.00,"100 מ""ל",false,1,20.90,3.48,true,1,
8690637976995,false,"מרכך כביסה בדין אקסטרה סחלבים 960 מ""ל",,TR,מרכך כביסה בדין אקסט,מיליליטרים,960.00,"100 מ""ל",false,1,17.90,1.86,true,1,
8690637989629,false,מגנום דאבל דולצה גולד 63 גרם,,,מגנום דאבל דולצה גול,גרמים,63.00,100 גרם,false,1,13.50,21.43,true,1,
8690766156367,false,שוקולד חלב גודייבה מעולה 90 גר,,TR,שוקולד חלב גודייבה מ,גרמים,90.00,100 גרם,false,1,15.90,17.67,true,1,
8690766156374,false,שוקולד מריר 72% גודייבה 90 גר,,TR,שוקולד מריר 72% גודי,גרמים,90.00,100 גרם,false,1,15.90,17.67,true,1,
8690777204071,false,פלפל חריף 640 גרם SERA,,,פלפל חריף 640 גרם SE,גרמים,640.00,100 גרם,false,1,15.90,2.48,true,1,
8690777221405,false,פלפל אדום קלויים על האש 650 גרם SERA,,,פלפל אדום קלויים על,גרמים,650.00,100 גרם,false,1,13.90,2.14,true,1,
8690792027785,false,ריבת דובדבן 45% פרי 700 גר GULSAN,,TR,ריבת דובדבן 45% פרי,גרמים,700.00,100 גרם,false,1,19.90,2.84,true,1,
8690792033779,false,ריבת אבטיח 45% פרי 700 גר GULSAN,,TR,ריבת אבטיח 45% פרי 7,גרמים,700.00,100 גרם,false,1,19.90,2.84,true,1,
8690792035599,false,ריבת דלעת 45% פרי 700 גר GULSAN,,TR,ריבת דלעת 45% פרי 70,גרמים,700.00,100 גרם,false,1,19.90,2.84,true,1,
8690799020192,false,ממתק 80 גר CHURCHKHELA,,,ממתק 80 גר CHURCHKHE,Unknown,0.00,Unknown,false,1,8.30,8.30,true,1,
8691351103667,false,נוגט עם שקדים וחמוציות 100 גרם,,TR,נוגט עם שקדים וחמוצי,גרמים,100.00,100 גרם,false,1,11.90,11.90,true,1,
8691351103674,false,נוגט עם שקדים ולימון 100 גרם,,TR,נוגט עם שקדים ולימון,גרמים,100.00,100 גרם,false,1,11.90,11.90,true,1,
8691351103681,false,נוגט שקדים ופירות יער 100 גרם,,TR,נוגט שקדים ופירות יע,גרמים,100.00,100 גרם,false,1,11.90,11.90,true,1,
8691451018335,false,דבק בעט סופר גלו גל לוקטייט 4 גר,,IE,דבק בעט סופר גלו גל,גרמים,4.00,100 גרם,false,1,22.90,572.50,true,1,
8693495052931,false,מברשות שיניים קולגייט אדוונס 360 זוג,,CN,מברשות שיניים זוג,Unknown,0.00,Unknown,false,1,43.90,43.90,true,1,
8694686405857,false,מיטו מזון לחתול 1 קג,,,מיטו מזון לחתול 1 קג,Unknown,0.00,Unknown,false,1,19.90,19.90,true,1,
8697418280111,false,עלי טורטייה 25 סמ 840 גרם LAVALIA,,,"עלי טורטייה 25 ס""מ 8",גרמים,840.00,100 גרם,false,1,32.00,3.81,true,1,
8697418280128,false,עלי טורטייה 20 סמ 540 גרם LAVALIA,,,"עלי טורטייה 20 ס""מ 5",גרמים,540.00,100 גרם,false,1,24.50,4.54,true,1,
8697419747316,false,גליז גומי פירות יער 180 גרם,,,גליז גומי פירות יער,גרמים,180.00,100 גרם,false,1,9.90,5.50,true,1,
8697419747330,false,גליז גומי בצורת לב 180 גרם,,,גליז גומי בצורת לב 1,גרמים,180.00,100 גרם,false,1,9.90,5.50,true,1,
8697419747347,false,גליז גומי בצורת כוכבים 180 גרם,,,גליז גומי בצורת כוכב,גרמים,180.00,100 גרם,false,1,9.90,5.50,true,1,
8697530910743,false,פאל מאל כחול קצר האוס חפיסה,,,פאל מאל כחול קצר האו,Unknown,0.00,Unknown,false,1,30.00,30.00,true,1,
8710448580089,false,מיונז הולנדי 500 מל לחיץ,,,"מיונז הולנדי 500 מ""ל",גרמים,500.00,100 גרם,false,1,15.40,3.08,true,1,
8710448588788,false,"רוטב קיסר 500 מ""ל רמייה",,NL,"רוטב קיסר 500 מ""ל רמ",מיליליטרים,500.00,"100 מ""ל",false,1,14.90,2.98,true,1,
8710448595182,false,"רוטב ברביקיו מעושן דבש 500 מ""ל DALTON",,NL,רוטב ברביקיו מעושן ד,מיליליטרים,500.00,"100 מ""ל",false,1,19.90,3.98,true,1,
8710502060021,false,מרבה פטיסרי עוגיות מאפין רכות 210 גרם,,NL,מרבה פטיסרי עוגיות מ,גרמים,210.00,100 גרם,false,1,11.50,5.48,true,1,
8710502064814,false,עוגיות מרבה שוקולד ציפס במרקם רך 175 גר,,,עוגיות מרבה שוקולד צ,גרמים,175.00,100 גרם,false,1,10.90,6.23,true,1,
8710502194801,false,מרבה עוגיות שוקולד ציפס פירות יער 175 גר,,,מרבה עוגיות שוקולד צ,גרמים,175.00,100 גרם,false,1,10.90,6.23,true,1,
8710502470028,false,עוגיות מרבה נוגטלי 160 גרם,,,עוגיות מרבה נוגטלי 1,גרמים,160.00,100 גרם,false,1,10.90,6.81,true,1,
8710679158385,false,"ציפס פריטס קלאסי 2.5 ק""ג",,,"ציפס קלאסי 2.5 ק""ג",קילוגרמים,0.00,"ק""ג",false,1,44.90,44.90,true,1,
8710847973970,false,"תחליב רחצה דאב אלוורה ועץ שדה 750 מ""ל",,,תחליב רחצה דאב אלוור,מיליליטרים,750.00,"100 מ""ל",false,1,23.90,3.19,true,1,
8711000371176,false,קפסולות קפה אספרסו קלאסיקו גייקובס 52 גר,,FR,קפסולות קפה אספרסו ק,גרמים,52.00,100 גרם,false,1,17.90,34.42,true,1,
8711000371206,false,קפסולות קפה אספרסו ריסטרטו גייקובס 52 גר,,FR,קפסולות קפה אספרסו ר,גרמים,52.00,100 גרם,false,1,17.90,34.42,true,1,
8711000371244,false,קפסולות קפה אספרסו לונגו גייקובס 52 גר,,FR,קפסולות קפה אספרסו ל,גרמים,52.00,100 גרם,false,1,17.90,34.42,true,1,
8711200425990,false,חמאת בוטנים חלקה 350 גר Calve,,NL,חמאת בוטנים חלקה 350,גרמים,350.00,100 גרם,false,1,20.90,5.97,true,1,
8711200426034,false,חמאת בוטנים קראנצי 350 גר Calve,,NL,חמאת בוטנים קראנצי 3,גרמים,350.00,100 גרם,false,1,24.30,6.94,true,1,
8711200443802,false,"חרדל דיזון בבקבוק לחיץ 235 מ""ל",,,חרדל דיזון בבקבוק לח,מיליליטרים,235.00,"100 מ""ל",false,1,16.90,7.19,true,1,
8711281013345,false,חרדל הולנדי מקורי גרגירים 335 גרם,,,חרדל הולנדי מקורי גר,גרמים,335.00,100 גרם,false,1,15.90,4.75,true,1,
8711406000564,false,"בירה לה טראפ דאבל 330 מ""ל",,,בירה לה טראפ דאבל 33,מיליליטרים,330.00,"100 מ""ל",false,1,13.90,4.21,true,1,
8711406022207,false,"בירה לה טראפ קואדריפל 330 מ""ל",,,בירה לה טראפ קואדריפ,מיליליטרים,330.00,"100 מ""ל",false,1,13.90,4.21,true,1,
8711406985489,false,"בירה לה טראפ חיטה 330 מ""ל",,,בירה לה טראפ חיטה 33,מיליליטרים,330.00,"100 מ""ל",false,1,13.90,4.21,true,1,
8712000051099,false,"שישיית בירה היינקן 0.0% אלכוהול 330 מ""ל",,,שישיית בירה היינקן 0,מיליליטרים,1980.00,"100 מ""ל",false,1,35.90,1.81,true,1,
8712100739231,false,תה בשקיות פירמיד,,,תה בשקיות פירמיד,גרמים,125.00,100 גרם,false,1,22.90,18.32,true,1,
8712561594608,false,"תחליב רחצה דאב להזנה עמוקה 750 מ""ל",,,תחליב רחצה דאב להזנה,מיליליטרים,750.00,"100 מ""ל",false,1,23.90,3.19,true,1,
8712561611411,false,"תחליב רחצה דאב תה ירוק ומלפפון 750 מ""ל",,,תחליב רחצה דאב תה יר,מיליליטרים,750.00,"100 מ""ל",false,1,23.90,3.19,true,1,
8713505038608,false,גאודה הולנדית פטריות כמהין במשקל,,,גאודה הולנדית פטריות,Unknown,0.00,"ק""ג",true,0,189.00,189.00,true,1,
8713600285983,false,לוק או לוק מגש פיצה 85 גרם,,NL,לוק או לוק מגש פיצה,גרמים,85.00,100 גרם,false,1,19.90,23.41,true,1,
8713600287499,false,לוק או לוק - גומי טאקו 115 גרם,,NL,לוק או לוק - גומי טא,Unknown,115.00,Unknown,false,1,21.90,0.19,true,1,
8713600287970,false,לוק או לוק בקבוק שמפניה 325 גרם,,NL,לוק או לוק בקבוק שמפ,גרמים,325.00,100 גרם,false,1,34.90,10.74,true,1,
8713600288182,false,לוק או לוק ציפס 115 גרם,,NL,לוק או לוק ציפס 115,Unknown,115.00,Unknown,false,1,19.90,0.17,true,1,
8713600637577,false,לוק או לוק זר פרחים 145 גרם,,NL,לוק או לוק זר פרחים,גרמים,145.00,100 גרם,false,1,34.90,24.07,true,1,
8714100616963,false,"ליפטון אייס תה מוגז 330 מ""ל",,BE,ליפטון אייס תה מוגז,מיליליטרים,330.00,"100 מ""ל",false,1,5.00,1.52,true,1,
8714200208037,false,ונקו - ממתק לקריץ בצורות שונות 127 גרם,,,ונקו - ממתק לקריץ בצ,גרמים,127.00,100 גרם,false,1,11.90,9.37,true,1,
8714443620030,false,מרק ירקות אורגני 200 גרם,,,מרק ירקות אורגני 200,גרמים,200.00,100 גרם,false,1,34.50,17.25,true,1,
8714599104316,false,קפה שחור קלוי וטחון טורקי גייקובס 200 גר,,RU,קפה שחור קלוי וטחון,גרמים,200.00,100 גרם,false,1,16.70,8.35,true,1,
8714599412336,false,גיקובס בריסטה אמריקנו קפה נמס 160 גר,,,גיקובס בריסטה אמריקנ,גרמים,160.00,100 גרם,false,1,29.50,18.44,true,1,
8714599513781,false,גיקובס גולד מיובש בהקפאה 200 גר,,,גיקובס גולד מיובש בה,גרמים,200.00,100 גרם,false,1,29.90,14.95,true,1,
8714599513866,false,גיקובס קרונונג מיובש בהקפאה 200 גר,,,גיקובס קרונונג מיובש,גרמים,200.00,100 גרם,false,1,30.90,15.45,true,1,
8715035150300,false,"רוטב סויה קיקומן ללא גלוטן 250 מ""ל",,NL,רוטב סויה קיקומן ללא,מיליליטרים,250.00,"100 מ""ל",false,1,24.50,9.80,true,1,
8715035520301,false,רוטב יפני קיקומן פונזו סויה ולימון 250 מ,,NL,רוטב יפני קיקומן פונ,מיליליטרים,250.00,"100 מ""ל",false,1,24.50,9.80,true,1,
8715675121074,false,דרוסטה שוקולד חלב תפוז (כתום) 85 גרם,,NL,דרוסטה שוקולד חלב תפ,גרמים,85.00,100 גרם,false,1,8.90,10.47,true,1,
8715675121081,false,דרוסטה שוקולד מריר מנטה (ירוק) 85 גרם,,NL,דרוסטה שוקולד מריר מ,גרמים,85.00,100 גרם,false,1,8.90,10.47,true,1,
8715675125300,false,"דרוסטה מארז שוקולד חלב, מריר, תפוז 255 ג",,NL,דרוסטה מארז שוקולד ח,גרמים,255.00,100 גרם,false,1,29.90,11.73,true,1,
8715675125607,false,דרוסטה מארז 6 טעמים 500 גרם,,NL,דרוסטה מארז 6 טעמים,גרמים,500.00,100 גרם,false,1,59.90,11.98,true,1,
8715700115641,false,ממרח קרמי לחיץ לייט היינץ 420 גרם,,NL,ממרח קרמי לחיץ לייט,גרמים,420.00,100 גרם,false,1,15.90,3.79,true,1,
8715700117805,false,"מתבל עגבניות ללת""ס ומלח 425 מ""ל",,NL,"מתבל עגבניות ללת""ס ו",מיליליטרים,425.00,"100 מ""ל",false,1,12.90,3.04,true,1,
8715700419695,false,רוטב ברביקיו מתוק 500 גרם,,,רוטב ברביקיו מתוק 50,גרמים,500.00,100 גרם,false,1,19.90,3.98,true,1,
8715700419732,false,מתבל היינץ 700 גרם,,,מתבל היינץ 700 גרם,גרמים,700.00,100 גרם,false,1,13.90,1.99,true,1,
8715700423906,false,"מתבל עגבניות מופחת נתרן,פחות סוכר 555 גר",,,מתבל עגבניות מופחת נ,גרמים,555.00,100 גרם,false,1,11.90,2.14,true,1,
8716605000995,false,גבינה מסדאם הולנדית במשקל,,,גבינה מסדאם הולנדית,Unknown,0.00,"ק""ג",true,0,90.00,90.00,true,1,
8716605001022,false,גבינת דניש בלו 100 גר,,,גבינת דניש בלו 100 ג,גרמים,100.00,100 גרם,false,1,15.20,15.20,true,1,
8717677338597,false,טוני שוקולונלי שוקולד חלב מריר 42% 180 ג,,NL,טוני שוקולונלי שוקול,מיליליטרים,180.00,"100 מ""ל",false,1,21.90,12.17,true,1,
8718114734484,false,מיונז מייל 320 גרם,,,מיונז מייל 320 גרם,גרמים,320.00,100 גרם,false,1,17.70,5.53,true,1,
8718692610835,false,שלישיית בקבוקים 1 ל,,,שלישיית בקבוקים 1 ל,Unknown,0.00,Unknown,false,1,63.50,63.50,true,1,
8718692611801,false,בקבוקי בנים 0.5 ליטר,,,בקבוקי בנים 0.5 ליטר,ליטרים,0.00,ליטר,false,1,42.30,42.30,true,1,
8718951001602,false,אגקס ספריי רב פעולות 600 מל,,,אגקס ספריי רב פעולות,מיליליטרים,600.00,"100 מ""ל",false,1,16.90,2.82,true,1,
8718951166561,false,"משחת שיניים קולגייט מקס פרש כחול 125 מ""ל",,PL,קולגייט משחה מקס פרש,מיליליטרים,125.00,"100 מ""ל",false,1,18.90,15.12,true,1,
8718951265103,false,מברשת שיניים קולגייט אולטרה סופט זוג,,,מברשת שיניים קולגייט,Unknown,0.00,Unknown,false,1,43.90,43.90,true,1,
8718951315303,false,"מארז משחת שיניים קולגייט אדומה 100 מ""ל*2",,PL,מארז משחת שיניים קול,מיליליטרים,200.00,"100 מ""ל",false,1,21.90,10.95,true,1,
8718951345119,false,אגקס ניקוי כללי עוצמת ה7 היביסקוס 2 ליטר,,GR,אגקס ניקוי כללי עוצמ,ליטרים,0.00,ליטר,false,1,27.90,27.90,true,1,
8718951400474,false,פלמוליב תחליב רחצה קמליה ושקדים  750 מל,,,פלמוליב תחליב רחצה ק,מיליליטרים,750.00,"100 מ""ל",false,1,20.90,2.79,true,1,
8718951428492,false,פלמוליב סבון רחצה לגבר 4 ב-1 פחם 750 מל,,,פלמוליב סבון רחצה לג,מיליליטרים,750.00,"100 מ""ל",false,1,21.90,2.92,true,1,
8718951433120,false,"קולגייט טוטאל גוניור 50 מ""ל",,,קולגייט טוטאל גוניור,Unknown,0.00,Unknown,false,1,17.90,17.90,true,1,
8719128118499,false,CQC מיכל גז עד 60 ליטר נוסף,,,CQC מיכל גז עד 60 לי,Unknown,0.00,Unknown,false,1,109.90,109.90,true,1,
8719128118734,false,CQC שירות החלפה גז 60 ליטר,,,CQC שירות החלפה גז 6,Unknown,0.00,Unknown,false,1,59.90,59.90,true,1,
8720181123955,false,"גל רחצה אקס רי צארג 400 מ""ל",,,גל רחצה אקס רי צארג,מיליליטרים,400.00,"100 מ""ל",false,1,16.90,4.23,true,1,
8720182253194,false,סבון מוצק דאב מלפפונים ותה ירוק שישיית,,DE,סבון מוצק דאב מלפפונ,גרמים,540.00,100 גרם,false,1,28.90,5.35,true,1,
8720254871806,false,ציקולה פרליני שוקולד קרם אגוזי  91.5 ג,,,ציקולה פרליני שוקולד,גרמים,92.00,100 גרם,false,1,10.90,11.85,true,1,
8801043025256,false,נונגשים ראמאן-נודלס שין חריף בקערה 114ג,,KR,נונגשים ראמאן-נודלס,גרמים,114.00,100 גרם,false,1,18.90,16.58,true,1,
8801043031011,false,נונגשים ראמאן-נודלס שין חריף בכוס 68 ג,,KR,נונגשים ראמאן-נודלס,גרמים,68.00,100 גרם,false,1,12.90,18.97,true,1,
8801043053167,false,נונגשים ראמאן-נודלס שין חריף מאוד 120 גר,,,נונגשים ראמאן-נודלס,גרמים,120.00,100 גרם,false,1,11.90,9.92,true,1,
8801043157759,false,נונגשים ראמאן-נודלס צמפונג פירות ים 120ג,,,נונגשים ראמאן-נודלס,גרמים,120.00,100 גרם,false,1,11.90,9.92,true,1,
8801043157773,false,נונגשים ראמאן-נודלס נאוגרי פירות ים 120ג,,,נונגשים ראמאן-נודלס,גרמים,120.00,100 גרם,false,1,11.90,9.92,true,1,
8801055706440,false,טייסטרס צויס 20*1.8 גר TO GO,,,טייסטרס צויס 20*1.8,גרמים,96.00,100 גרם,false,1,11.90,12.40,true,1,
8801055707966,false,נסקפה טייסטרס צויס בריסטה 180 גר,,,נסקפה טייסטרס צויס ב,גרמים,180.00,100 גרם,false,1,32.90,18.28,true,1,
8801055709434,false,נסקפה טייסטרס צויס קולומביה 100 גר,,KR,נסקפה טייסטרס צויס ק,גרמים,100.00,100 גרם,false,1,25.10,25.10,true,1,
8801055709458,false,נסקפה קפוצינו קרמל  10*17גרם,,,נסקפה קפוצינו קרמל,גרמים,170.00,100 גרם,false,1,22.60,13.29,true,1,
8801055709472,false,נסקפה קפוצינו קלאסי  10*12.5 גר,,,נסקפה קפוצינו קלאסי,גרמים,125.00,100 גרם,false,1,22.60,18.08,true,1,
8801055709489,false,נסקפה קפוצינו אגוזים  10*18 גר,,,נסקפה קפוצינו אגוזים,גרמים,180.00,100 גרם,false,1,22.60,12.56,true,1,
8801085020301,false,אטריות נאמה אודון 200 גרם,,,אטריות נאמה אודון 20,גרמים,200.00,100 גרם,false,1,11.40,5.70,true,1,
8850161166204,false,"קרם קוקוס 500 מ""ל",,,"קרם קוקוס 500 מ""ל",מיליליטרים,500.00,"100 מ""ל",false,1,11.00,2.20,true,1,
8850161167041,false,"חלב קוקוס קוקו וואי 270 מ""ל",,TH,חלב קוקוס קוקו וואי,מיליליטרים,270.00,"100 מ""ל",false,1,9.20,3.41,true,1,
8850161167089,false,חלב קוקוס קוקו וואי 1 ליטר,,TH,חלב קוקוס קוקו וואי,מיליליטרים,1000.00,"100 מ""ל",false,1,18.90,1.89,true,1,
8850180040028,false,טמפורה 500 גרם GOGI,,,טמפורה 500 גרם GOGI,גרמים,500.00,100 גרם,false,1,12.50,2.50,true,1,
8850206280049,false,רוטב צילי חריף מיו 250 גרם,,TH,רוטב צילי חריף מיו 2,גרמים,250.00,100 גרם,false,1,17.70,7.08,true,1,
8850367300266,false,תערובת חמשת תבלינים 50 גרם,,,תערובת חמשת תבלינים,Unknown,0.00,Unknown,false,1,11.90,11.90,true,1,
8850367992164,false,קרם קוקוס 250 מל 20-22% ללא חומר משמר,,,"קרם קוקוס 250 מ""ל 20",גרמים,250.00,100 גרם,false,1,8.90,3.56,true,1,
8850367992171,false,קרם קוקוס 1 ליטר  20-22% ללא חומר משמר,,,קרם קוקוס 1 ליטר,מיליליטרים,1000.00,"100 מ""ל",false,1,25.90,2.59,true,1,
8850367992898,false,"רוטב לסלט עם למון גראס  ל.גלוטן 285 מ""ל",,,רוטב לסלט עם למון גר,מיליליטרים,285.00,"100 מ""ל",false,1,13.90,4.88,true,1,
8850389103111,false,"משקה קל סאפה בטעם ענבים 300 מ""ל",,,משקה קל סאפה בטעם ענ,מיליליטרים,300.00,"100 מ""ל",false,1,9.90,3.30,true,1,
8850389103128,false,"משקה קל סאפה בטעם תפוח 300 מ""ל",,,משקה קל סאפה בטעם תפ,מיליליטרים,300.00,"100 מ""ל",false,1,9.90,3.30,true,1,
8850389103159,false,מוגו מוגו ליצי עם חתיכות גלי קוקוס 320 מ,,,מוגו מוגו ליצי עם חת,מיליליטרים,320.00,"100 מ""ל",false,1,8.80,2.75,true,1,
8850389105832,false,סאפה אלוורה תפוחים 1 ליטר,,,סאפה אלוורה תפוחים 1,מיליליטרים,1000.00,"100 מ""ל",false,1,15.20,1.52,true,1,
8850389111352,false,מוגו מוגו מלון עם חתיכות גלי קוקוס 320 מ,,,מוגו מוגו מלון עם חת,מיליליטרים,320.00,"100 מ""ל",false,1,8.80,2.75,true,1,
8850389115312,false,"משקה קל סאפה בטעם מלון 300 מ""ל",,,משקה קל סאפה בטעם מל,מיליליטרים,300.00,"100 מ""ל",false,1,9.90,3.30,true,1,
8853662004020,false,"רוטב צילי מתוק 725 מ""ל EXOTIC",,,רוטב צילי מתוק 725 מ,מיליליטרים,725.00,"100 מ""ל",false,1,16.70,2.30,true,1,
8853662040400,false,"רוטב סויה 725 מ""ל EXOTIC",,,רוטב סויה EXOTIK,מיליליטרים,725.00,"100 מ""ל",false,1,14.90,2.06,true,1,
8853662056661,false,"רוטב סריראצ`ה מיו 455 מ""ל",,,רוטב סריראצ`ה מיו 45,מיליליטרים,455.00,"100 מ""ל",false,1,31.50,6.92,true,1,
8853662057088,false,מחית קארי ירוק 400 גרם,,TH,מחית קארי ירוק 400 ג,גרמים,400.00,100 גרם,false,1,16.90,4.23,true,1,
8854404000621,false,מחית קארי ירוק 70 גרם,,TH,מחית קארי ירוק 70 גר,גרמים,70.00,100 גרם,false,1,14.20,20.29,true,1,
8854404001055,false,מחית קארי אדום 70 גרם,,TH,מחית קארי אדום 70 גר,גרמים,70.00,100 גרם,false,1,14.20,20.29,true,1,
8854404005220,false,רוטב קארי אדום 300 גרם,,TH,רוטב קארי אדום 300 ג,גרמים,300.00,100 גרם,false,1,24.90,8.30,true,1,
8854661001843,false,שרימפס בייבי 500 גרם קפוא,,,שרימפס בייבי 500 גרם,גרמים,500.00,100 גרם,false,1,36.90,7.38,true,1,
8854661009726,false,שרימפס טמפורה 300 גר,,,שרימפס טמפורה 300 גר,גרמים,300.00,100 גרם,false,1,36.90,12.30,true,1,
8855301214418,false,סרדינים בשמן צמחי 240 גרם,,LT,סרדינים בשמן צמחי 24,גרמים,240.00,100 גרם,false,1,7.90,3.29,true,1,
8857106430499,false,"אטריות אורז עם אורז שחור לל""ג 250 גרם",,TH,אטריות אורז עם אורז,גרמים,250.00,100 גרם,false,1,10.50,4.20,true,1,
8857106430512,false,"אטריות אורז עם אורז חום לל""ג 250 גרם",,TH,אטריות אורז עם אורז,גרמים,250.00,100 גרם,false,1,10.50,4.20,true,1,
8858271002870,false,"רוטב פאד תאי 250 מ""ל מקסצאפ",,,"רוטב פאד תאי 250 מ""ל",מיליליטרים,250.00,"100 מ""ל",false,1,13.90,5.56,true,1,
8858271003921,false,"רוטב קארי אדום 250 מ""ל מקסצאפ",,,רוטב קארי אדום 250 מ,מיליליטרים,250.00,"100 מ""ל",false,1,13.90,5.56,true,1,
8858271003938,false,"רוטב קארי ירוק 250 מ""ל מקסצאפ",,,רוטב קארי ירוק 250 מ,מיליליטרים,250.00,"100 מ""ל",false,1,13.90,5.56,true,1,
8858271003945,false,"רוטב קארי צהוב 250 מ""ל מקסצאפ",,,רוטב קארי צהוב 250 מ,מיליליטרים,250.00,"100 מ""ל",false,1,13.90,5.56,true,1,
8858271004126,false,רוטב חמוץ מתוק 700 גרם מקסצאפ,,,רוטב חמוץ מתוק 700 ג,מיליליטרים,700.00,"100 מ""ל",false,1,16.90,2.41,true,1,
8858271004300,false,רוטב טריאקי מקסצאפ 700 מל,,,רוטב טריאקי מקסצאפ 7,מיליליטרים,700.00,"100 מ""ל",false,1,21.90,3.13,true,1,
8858271005451,false,רוטב סויה פורמולה 1 - 250 מל מקסצאפ,,,רוטב סויה פורמולה 1,מיליליטרים,250.00,"100 מ""ל",false,1,15.40,6.16,true,1,
8858271005499,false,"רוטב ברביקיו 250 מ""ל מקצאפ",,,"רוטב ברביקיו 250 מ""ל",מיליליטרים,250.00,"100 מ""ל",false,1,15.00,6.00,true,1,
8858359000255,false,עלי קפיר ליים יבשים 30 גר (שופרא),,,עלי קפיר ליים יבשים,גרמים,30.00,100 גרם,false,1,13.80,46.00,true,1,
8858671550056,false,טמפורה מתובלת בצילי חריף ופפריקה 500 גר,,,טמפורה מתובלת בצילי,גרמים,500.00,100 גרם,false,1,12.90,2.58,true,1,
8859103400697,false,דג בברית צנינית צהובה מלוח מיובש 100 גר,,,דג בברית צנינית צהוב,גרמים,100.00,100 גרם,false,1,15.40,15.40,true,1,
8859103400734,false,דג צנינון מלוח מיובש 100 גר,,,דג צנינון מלוח מיובש,גרמים,100.00,100 גרם,false,1,15.40,15.40,true,1,
8859103401199,false,דג ברקודה מלוח מיובש 100 גר,,,דג ברקודה מלוח מיובש,גרמים,100.00,100 גרם,false,1,15.40,15.40,true,1,
8859103401984,false,דג צלופח מטוגן מלוח מיובש 100 גר,,TH,דג צלופח מטוגן מלוח,קילוגרמים,0.00,"ק""ג",false,1,13.90,13.90,true,1,
8886303210542,false,"קארה קרם קוקונט 17% 400 מ""ל",,,קארה קרם קוקונט 17%,מיליליטרים,400.00,"100 מ""ל",false,1,11.00,2.75,true,1,
8901537024014,false,"אורז בסמטי מובחר דאווט 1 ק""ג",,,אורז בסמטי מובחר,גרמים,1000.00,100 גרם,false,1,13.90,1.39,true,1,
8906059700385,false,תבשיל הודי צאנה מסאלה עם חומוס 300 גרם,,IN,תבשיל הודי צאנה מסאל,גרמים,300.00,100 גרם,false,1,19.90,6.63,true,1,
8935083158008,false,קוקטייל פירות ים 500 גר,,,קוקטייל פירות ים 500,גרמים,500.00,100 גרם,false,1,33.50,6.70,true,1,
8935083158022,false,ראשי קלמרי 500 גרם קפוא,,,ראשי קלמרי 500 גרם,גרמים,500.00,100 גרם,false,1,34.90,6.98,true,1,
8935215401873,false,טבעות קלמרי 500 גר,,VN,קלמרי טבעות 500 גר,גרמים,500.00,100 גרם,false,1,35.90,7.18,true,1,
8936018435256,false,דג צנינון מלוח מיובש 100 גר IMERATOR,,VN,דג צנינון מלוח מיובש,גרמים,100.00,100 גרם,false,1,15.40,15.40,true,1,
8936018435270,false,דג צנינון מלוח מיובש 100 גר BARAKUDA,,VN,דג צנינון מלוח מיובש,גרמים,100.00,100 גרם,false,1,15.40,15.40,true,1,
8936018435287,false,דג צנינון מלוח מיובש 100 גר BAR CHILI,,VN,דג צנינון מלוח מיובש,גרמים,100.00,100 גרם,false,1,15.40,15.40,true,1,
8997206332016,false,סוכר קוקוס אורגני 454 גרם אינדונזיה,,,סוכר קוקוס אורגני 45,גרמים,454.00,100 גרם,false,1,21.90,4.82,true,1,
9000331607160,false,מאנר-אוריגינל מיני ופל קרם אגוזים 150 גר,,AT,מאנר-אוריגינל מיני ו,גרמים,150.00,100 גרם,false,1,14.90,9.93,true,1,
9001511004823,false,"בירה גוסר בהירה 500 מ""ל",,,בירה גוסר בהירה 500,מיליליטרים,500.00,"100 מ""ל",false,1,13.90,2.78,true,1,
9002859026270,false,מיץ לימון ליים 200 מל גונץ,,,מיץ לימון ליים 200 מ,מיליליטרים,200.00,"100 מ""ל",false,1,4.90,2.45,true,1,
9002859031434,false,גונץ - בוגי גילי פירות 250 גר,,,גונץ - בוגי גילי פיר,גרמים,250.00,100 גרם,false,1,12.00,4.80,true,1,
9002859042409,false,גונץ שעועית אדומה 800 גרם,,IT,גונץ שעועית אדומה 80,גרמים,800.00,100 גרם,false,1,15.90,1.99,true,1,
9002859049200,false,ניקו מיקס פרובנס במטחנה 56 גרם גונץ,,,ניקו מיקס פרובנס במט,גרמים,56.00,100 גרם,false,1,14.60,26.07,true,1,
9002859049224,false,ניקו מיקס פלפלים במטחנה 56 גרם גונץ,,,ניקו מיקס פלפלים במט,גרמים,56.00,100 גרם,false,1,14.60,26.07,true,1,
9002859049286,false,ניקו צילי חריף במטחנה 95 גרם גונץ,,,ניקו צילי חריף במטחנ,גרמים,95.00,100 גרם,false,1,14.60,15.37,true,1,
9002859049316,false,דומינו דובשנית עם מרציפן 125 גר גנוץ,,DE,דומינו דובשנית עם מר,גרמים,125.00,100 גרם,false,1,9.90,7.92,true,1,
9002859054099,false,מוצרט משושה 300 גרם גונץ,,,מוצרט משושה 300 גרם,גרמים,300.00,100 גרם,false,1,34.90,11.63,true,1,
9002859055553,false,בוגי-סוכריות בפחית בטעםי פירות  200 גר,,,בוגי-סוכריות בפחית ב,גרמים,200.00,100 גרם,false,1,13.50,6.75,true,1,
9002859058172,false,בונבוניירה בננה ציפוי שוקולד מריר 300 גר,,,בונבוניירה בננה ציפו,גרמים,300.00,100 גרם,false,1,15.90,5.30,true,1,
9002859061240,false,ניקו - שבבי בצל מטוגן 250 גרם,,,ניקו - שבבי בצל מטוג,גרמים,250.00,100 גרם,false,1,11.60,4.64,true,1,
9002859066894,false,גונץ - חטיף מרציפן מצופה שוקולד 100 גרם,,,גונץ - חטיף מרציפן מ,גרמים,100.00,100 גרם,false,1,11.00,11.00,true,1,
9002859067570,false,דפדפי שוקולד תפוז - גונץ 200 גרם,,,דפדפי שוקולד תפוז -,גרמים,200.00,100 גרם,false,1,18.40,9.20,true,1,
9002859072741,false,ניקו מלח הימאלייה במטחנה 95 גרם גונץ,,,ניקו מלח הימאלייה במ,גרמים,95.00,100 גרם,false,1,14.60,15.37,true,1,
9002859082979,false,גונץ-שערות סבתה בדלי 50 גרם,,,גונץ-שערות סבתא בדלי,גרמים,50.00,100 גרם,false,1,10.90,21.80,true,1,
9002859091872,false,גונץ-מרשמלו בטעם וניל בשוקולד 400 גר,,,גונץ-מרשמלו בטעם וני,גרמים,400.00,100 גרם,false,1,21.90,5.48,true,1,
9002859100536,false,בונבוניירה אצבעות שוקולד מוצרט 200 גרם,,,בונבוניירה מוצרט,גרמים,200.00,100 גרם,false,1,18.80,9.40,true,1,
9002859102936,false,גונץ-סוכריה על מקל עם מסטיק פירות 144 ג,,,גונץ-סוכריה על מקל ע,גרמים,144.00,100 גרם,false,1,9.90,6.88,true,1,
9002859105630,false,גונץ מרציפן מצופה שוקולד חלב ונוגט 75 גר,,AT,גונץ מרציפן מצופה שו,גרמים,75.00,100 גרם,false,1,10.40,13.87,true,1,
9002859107412,false,גונץ ניקו מיקס לסלט במטחנה 46 גרם,,AT,גונץ ניקו מיקס לסלט,גרמים,456.00,100 גרם,false,1,14.60,3.20,true,1,
9002975393829,false,סוכריות גילי הריבו פיציס 70 גרם,,AT,סוכריות גילי הריבו פ,גרמים,70.00,100 גרם,false,1,7.90,11.29,true,1,
9002975393850,false,סוכריות גילי הריבו וורמס 70 גרם,,AT,סוכריות גילי הריבו ו,גרמים,70.00,100 גרם,false,1,7.90,11.29,true,1,
9003400393032,false,"פחית בירה הל שטיגל 500 מ""ל",,AT,פחית בירה הל שטיגל 5,מיליליטרים,500.00,"100 מ""ל",false,1,9.90,1.98,true,1,
9003402655084,false,"בירה שטיגל רדלר פטל פחית 500 מ""ל",,,בירה שטיגל רדלר פטל,מיליליטרים,500.00,"100 מ""ל",false,1,8.90,1.78,true,1,
9003402660088,false,"בירה שטיגל גולדבראו  500 מ""ל פחית",,AT,בירה שטיגל גולדבראו,מיליליטרים,500.00,"100 מ""ל",false,1,9.90,1.98,true,1,
9003402663089,false,"בירה שטיגל רדלר אשכוליות 500 מ""ל פחית",,AT,בירה שטיגל רדלר אשכו,מיליליטרים,500.00,"100 מ""ל",false,1,8.90,1.78,true,1,
9003402664079,false,"בירה שטיגל רדלר לימון פחית 500 מ""ל",,,בירה שטיגל רדלר לימו,מיליליטרים,500.00,"100 מ""ל",false,1,8.90,1.78,true,1,
9004380002006,false,"טוויסט מוחיטו 240 מ""ל קרטונית",,AT,לנדסה-משקה מוחיטו 23,מיליליטרים,230.00,"100 מ""ל",false,1,11.90,5.17,true,1,
9004380071606,false,"לנדסה-אייס קפה וניל 230 מ""ל",,AT,לנדסה-אייס קפה וניל,מיליליטרים,230.00,"100 מ""ל",false,1,11.90,5.17,true,1,
9005835313661,false,טבליות למדיח כלים קלרו 30 יח,,,טבליות למדיח כלים קל,Unknown,0.00,Unknown,false,1,29.90,29.90,true,1,
9008700146982,false,מיץ מולטיויטמין פרי אדומים 100% 1 ל ראוך,,,מיץ מולטיויטמין פרי,מיליליטרים,1000.00,"100 מ""ל",false,1,15.40,1.54,true,1,
9044400826861,false,סוכריות פז בטעם בננה אגס אסיאתי 68 גר,,,סוכריות פז בטעם בננה,גרמים,68.00,100 גרם,false,1,9.90,14.56,true,1,
9044400851672,false,סוכריות 3+1 PEZ,,,סוכריות 3+1 PEZ,Unknown,0.00,Unknown,false,1,12.90,12.90,true,1,
9044400885578,false,סוכריות מילוי PEZ,,,סוכריות מילוי PEZ,Unknown,0.00,Unknown,false,1,12.90,12.90,true,1,
9310072028743,false,טים טם אורגינל 200 גרם,,,טים טם אורגינל 200 ג,גרמים,200.00,100 גרם,false,1,21.70,10.85,true,1,
9310072028750,false,טים טם דאבל 200 גרם,,,טים טם דאבל 200 גרם,גרמים,200.00,100 גרם,false,1,21.70,10.85,true,1,
9312631129991,false,תה דילמח ארל גריי זהב 100 שקיקים 200 גר,,,תה דילמח ארל גריי זה,גרמים,200.00,100 גרם,false,1,43.90,21.95,true,1,
9312631143737,false,תה ירוק דילמה 100 שק*1.5 ג,,,תה ירוק דילמה 100 שק,גרמים,150.00,100 גרם,false,1,28.90,19.27,true,1,
9312631801118,false,תה פרמיום שחור סלקשן דילמח 100 שקי 200 ג,,LK,תה פרמיום שחור סלקשן,גרמים,200.00,100 גרם,false,1,30.90,15.45,true,1,
9771565025005,false,מעריב סוף השבוע,,,מעריב סוף השבוע,Unknown,0.00,Unknown,false,1,20.00,20.00,true,1,
9771565039125,false,עיתון לאישה יום ב,,,עיתון לאישה יום ב,Unknown,0.00,Unknown,false,1,19.90,19.90,true,1,
9771565051066,false,ידיעות אחרונות שישי,,,ידיעות אחרונות שישי,Unknown,0.00,Unknown,false,1,20.00,20.00,true,1,
9871184221359,false,גאודה הולנדית 30% במשקל,,,גאודה הולנדית 30%,Unknown,0.00,"ק""ג",true,0,90.00,90.00,true,1,
9871184221365,false,גאודה הולנדית עם רוטב חריף סמבל במשקל,,,גאודה הולנדית,Unknown,0.00,"ק""ג",true,0,125.00,125.00,true,1,
9871184221367,false,גאודה עיזים הולנדית במשקל,,,גאודה עיזים הולנדית,Unknown,0.00,"ק""ג",true,0,133.00,133.00,true,1,
