code,internal_code,name,manufacturer_name,manufacture_country,manufacturer_item_description,unit_qty,quantity,unit_of_measure,weighted,qty_in_package,price,unit_of_measure_price,allow_discount,status,item_id
40111216,false,חטיף באונטי 57 גרם,מרס הולנד בי.וי.,NL,חטיף באונטי,גרמים,57.00,100 גרם,false,0,3.90,6.84,true,1,
42299363,false,"דאוOCEAN. ניוואה 50מ""ל",ביירסדורץ,IL,דאודורנט ניוואה,מיליליטרים,50.00,"100 מ""ל",false,1,14.90,29.80,true,1,
59082521,false,דאו.רקסונה סטיי פרש 50 מ,יוניליוור,GB,דאו.רקסונה,מיליליטרים,50.00,"100 מ""ל",false,1,17.90,35.80,true,1,
16000423534,false,קראנצי שיבולת ושוקולד5יח,ג'נרל מילס סאן אדריאן,ES,חטיף נייצ'ר ואלי,גרמים,210.00,100 גרם,false,0,14.90,7.10,true,1,
22200956949,false,ספיד סטיק ג'ל24/7- כתום,קולגייט פלמוליב,US,דאודורנט,גרמים,85.00,100 גרם,false,0,17.90,21.06,true,1,
27131833055,false,WEAR DAY קרם פנים,אסתי לאודר,DE,WEAR DAY קרם,מיליליטרים,30.00,"100 מ""ל",false,0,173.80,579.33,true,1,
35000689535,false,2 קולגייט מקס וייט סופט,"ש. שסטוביץ בע""\מ",CN,מברשות שיניים2X,יחידה,1.00,יחידה,false,0,23.90,23.90,true,1,
37977003444,false,מאמ מברשות שיניים למידה,MAM,AT,מאמ מברשת שיני,יחידה,1.00,יחידה,false,0,39.90,39.90,true,1,
85805569853,false,LIGHTS NYC AVENUE 5TH 75,,IL,L NYC AVENUE 5TH,מיליליטרים,75.00,"100 מ""ל",false,1,99.00,132.00,true,1,
88300107438,false,One Ck א.ד.ט לגבר200מל,קלווין קליין,US,סי קיי אוון אדט,מיליליטרים,200.00,"100 מ""ל",false,1,169.00,84.50,true,1,
305210043596,false,וזלין תחל.לחות לוונדר600,"יוניליוור, ג'\פרסון סיטי",US,וזלין תחליב לחות,מיליליטרים,600.00,"100 מ""ל",false,1,25.90,4.32,true,1,
305210256712,false,וזלין לשפתיים אורגינל,יוניליוור,US,וזלין לשפתיים או,יחידה,1.00,יחידה,false,1,14.90,14.90,true,1,
305210437371,false,וזלין לשפתיים ורוד עדין,,US,וזלין לשפתיים ור,יחידה,1.00,יחידה,false,1,14.90,14.90,true,1,
309977563014,false,מסקרה סופיירס שחורה יח',,US,מסקרה סופיירס שח,יחידה,1.00,יחידה,false,1,69.90,69.90,true,1,
608940574706,false,ALWAYS LOVE Reb'lאדפ100מ,,US,ALWAYS LOVE RRF,מיליליטרים,100.00,"100 מ""ל",false,1,99.00,99.00,true,1,
608940577752,false,רוז ראש פרגרנס מיסט236מל,,US,רוז ראש,מיליליטרים,236.00,"100 מ""ל",false,0,44.90,19.02,true,1,
608940580561,false,פינק ראש אדפ אשה100מל,,US,פינק ראש אדפ,מיליליטרים,100.00,"100 מ""ל",false,0,109.00,109.00,true,1,
651080161510,false,35 קיסם עם חוט ג'ורדן,קלרו,CN,קיסם עם חוט,יחידה,1.00,יחידה,false,1,13.50,13.50,true,1,
719346022705,false,וויט דימונט אדט אשה100מל,אליזבט ארדן,US,וויט דימונט,מיליליטרים,100.00,"100 מ""ל",false,0,198.00,198.00,true,1,
719346065405,false,"fantasy א.ד.פ לאשה100מ""ל",אלפא בישום,US,fantasy א.ד.פ,מיליליטרים,100.00,"100 מ""ל",false,0,99.00,99.00,true,1,
719565464522,false,מארז יופי LOL,,CN,מארז יופי LOL,יחידה,1.00,יחידה,false,0,47.90,47.90,true,1,
719565465338,false,סט פרוזן 15 לקים,,CN,סט 15 לקים,יחידה,1.00,יחידה,false,0,89.90,89.90,true,1,
737052041353,false,Femme א.ד.פ. לאשה100 מל,לילית-בוס,GR,Femme א.ד.פ.,מיליליטרים,75.00,"100 מ""ל",false,0,189.00,252.00,true,1,
812256021674,false,ארי בודי מיסט לאישה236מל,,US,ארי בודי מיסט לא,מיליליטרים,236.00,"100 מ""ל",false,1,49.90,21.14,true,1,
840117804135,false,מיני מחליק טיטניום ורוד,,IL,מיני מחליק טיטני,יחידה,1.00,יחידה,false,1,180.00,180.00,true,1,
874034010553,false,קלאסיק קוטון אדפ אשה60מל,,FR,קול אדפ לאישה,מיליליטרים,60.00,"100 מ""ל",false,0,209.00,348.33,true,1,
3014260022730,false,2מברשות אדוונטג' מדיום40,P&G,IE,זוג מברשות,יחידה,1.00,יחידה,false,0,23.90,23.90,true,1,
3014260214692,false,ג'ל גילוח סירייס 200מל,ג'\ילט,GB,ג'ל גילוח סירייס,מיליליטרים,200.00,"100 מ""ל",false,0,16.90,8.45,true,1,
3014260228842,false,קצף גילוח ג'ילט קלסיק200,ג'\ילט,GB,קצף גילוח ג'ילט,מיליליטרים,200.00,"100 מ""ל",false,0,14.90,7.45,true,1,
3014260246693,false,סכיני ונוס סימפלי,פרוקטר & גמבל,IL,סכיני ונוס סימפל,יחידה,1.00,יחידה,false,0,9.90,9.90,true,1,
3014260283254,false,5 סכיני גילוח בלו2- פלוס,פרוקטר & גמבל,IL,"סכיני גילוח ח""פ",יחידה,1.00,יחידה,false,0,19.90,19.90,true,1,
3346133202506,false,טווילי הרמס פואברה 85מל,הרמס,FR,טווילי פואברה,מיליליטרים,85.00,"100 מ""ל",false,0,429.90,505.76,true,1,
3355991004597,false,סילבר סנט דיפ אדט100מל,אלפא בישום,FR,scent silver,מיליליטרים,100.00,"100 מ""ל",false,1,99.00,99.00,true,1,
3412242510075,false,אדידס טיים פרוס אדט100מל,COTY,ES,א.ד.ט אדידס,מיליליטרים,100.00,"100 מ""ל",false,0,48.90,48.90,true,1,
3412242610089,false,אדט אדידס אייס דייב100מ,דנשר,IL,א.ד.ט אדידס,מיליליטרים,100.00,"100 מ""ל",false,0,48.90,48.90,true,1,
3414204200949,false,SCULPTURE א.ד.ט לגבר,לילית בישום,IL,SCULPTURE א.ד.ט,מיליליטרים,100.00,"100 מ""ל",false,0,98.00,98.00,true,1,
3414206000608,false,"יופ א.ד.ט לגבר 125 מ""ל",לילית בישום,FR,יופ א.ד.ט לגבר,מיליליטרים,125.00,"100 מ""ל",false,0,89.00,71.20,true,1,
3423473020516,false,לייט בלו ג.אדט125מל,דולצ'ה&גב.שסטוב,IL,לייט בלו ג.אדט,מיליליטרים,125.00,"100 מ""ל",false,0,248.00,198.40,true,1,
3430750034333,false,אמור מיו פוראוור אדפ100מ,אלפא בישום,FR,אמור מיו א.ד.פ,מיליליטרים,100.00,"100 מ""ל",false,0,99.00,99.00,true,1,
3574660057706,false,שמן תינוקות ג'ונסון300מל,ג'ונסון,IT,שמן תינוקות ג'ונ,מיליליטרים,300.00,"100 מ""ל",false,1,14.90,4.97,true,1,
3574660514643,false,"קרם רב""ש ניוטרוג'ינה 300",ג'ונסונס בייבי,FR,"קרם רב""ש",מיליליטרים,300.00,"100 מ""ל",false,0,29.90,9.97,true,1,
3574661003924,false,ליסטרין טוטל קר500מל,ג'\ונסון אנד ג'\ונסון,IT,מי פה ליסטרין,מיליליטרים,500.00,"100 מ""ל",false,0,38.90,7.78,true,1,
3574661098531,false,תח.גוף ניוטרוג'ינה מ400,"ש. שסטוביץ בע""\מ",GR,תחליב גוף,מיליליטרים,400.00,"100 מ""ל",false,1,29.90,7.48,true,1,
3574661098937,false,תח. גוף נטרוג'ינה יבש400,ג'ונסון,FR,תחליב גוף,מיליליטרים,400.00,"100 מ""ל",false,1,29.90,7.48,true,1,
3574661114637,false,"ליסטרין זירו 500 מ""ל",ג'\ונסון אנד ג'\ונסון,IT,מי פה ליסטרין,מיליליטרים,500.00,"100 מ""ל",false,1,19.90,3.98,true,1,
3574661199894,false,קרם ידיים נוטרוג'ינה 75מ,ג'ונסון,GR,קרם ידיים,מיליליטרים,75.00,"100 מ""ל",false,1,24.90,33.20,true,1,
3574661200019,false,תח.ניוטרוג'ינה ויזבלי400,ג'ונסון,GR,תחליב גוף,מיליליטרים,400.00,"100 מ""ל",false,1,29.90,7.48,true,1,
3574661293509,false,הידרו תרחיץ ג'ל לפנים50מ,ג'ונסון,FR,תרחיץ ג'ל פנים,מיליליטרים,150.00,"100 מ""ל",false,0,59.00,39.33,true,1,
3574661391373,false,תחליב גוף הידרובוסט400מל,,GR,תחליב גוף הידרו,מיליליטרים,400.00,"100 מ""ל",false,1,43.90,10.98,true,1,
3574661419435,false,תחבושות וניה מקסי 12 יח,,BE,תחבושות וניה,יחידה,1.00,יחידה,false,1,25.90,25.90,true,1,
3574661425139,false,ג'ונסון בייבי ק.החתלה100,ג'ונסון,IT,קרם החתלה,מיליליטרים,100.00,"100 מ""ל",false,1,16.90,16.90,true,1,
3574661487328,false,מגן תחתון קרפרי 56 יח',ג'\ונסון אנד ג'\ונסון,GR,מגני תחתון קרפרי,יחידה,1.00,יחידה,false,1,12.90,12.90,true,1,
3574661552576,false,56 קרפרי מגן רגיל טנגו,ג'\ונסון אנד ג'\ונסון,GR,מגני תחתון קרפרי,יחידה,1.00,יחידה,false,1,12.90,12.90,true,1,
3574661554877,false,קרפרי כותון מבושם 56 יחי,"ש. שסטוביץ בע""\מ",GR,מגני תחתון קרפרי,יחידה,1.00,יחידה,false,1,12.90,12.90,true,1,
3574661554884,false,56קרפרי רגיל טנגה ריחני,ג'\ונסון אנד ג'\ונסון,GR,מגני תחתון קרפרי,יחידה,1.00,יחידה,false,1,12.90,12.90,true,1,
3574661561219,false,ליסטרין WHITE ADVANCED ב,ג'\ונסון אנד ג'\ונסון,IT,ליסטרין מי פה א,מיליליטרים,250.00,"100 מ""ל",false,1,10.00,4.00,true,1,
3574661610344,false,"ניוטרוג'נה קרם רב""ש 300מ",גונסון אנד גונסון סנטה ב,FR,ניוטרוג'ינה קרם,מיליליטרים,300.00,"100 מ""ל",false,1,29.90,9.97,true,1,
3574661650029,false,מי פה ליסטרין נטורל 500מ,ג'\ונסון אנד ג'\ונסון,IT,מי פה ליסטרין,מיליליטרים,500.00,"100 מ""ל",false,1,38.90,7.78,true,1,
3574669907682,false,ג'ונסון בייבי טלק 500 גר,INTERNATIONAL GMBH CILAG,IT,טלק ג'ונסון,גרמים,500.00,100 גרם,false,1,37.90,7.58,true,1,
3574669908665,false,ג'ונסון אלסבון ל.שינה750,ג'ונסון,IT,ג'ונסון אל סבון,מיליליטרים,750.00,"100 מ""ל",false,1,24.90,3.32,true,1,
3574669909181,false,ג'ונסון שמן אלוורה 300מל,ג'ונסון,IT,שמן ג'ונסון,מיליליטרים,300.00,"100 מ""ל",false,1,24.90,8.30,true,1,
3600520986456,false,קסטינג קרם גלוס מס515' *,לוריאל פריז,BE,קסטינג קרם גלוס,יחידה,1.00,יחידה,false,1,35.90,35.90,true,1,
3600522832089,false,אקסלנס 7.77 חום דבש,לוריאל פריז,BE,אקסלנס 7.77 חום,יחידה,1.00,יחידה,false,1,35.90,35.90,true,1,
3600523206841,false,REVITALIFT סרום,קוסמינט,IT,REVITALIFT סרום,מיליליטרים,16.00,"100 מ""ל",false,1,109.00,681.25,true,1,
3600523294886,false,קסטינג קרם גלוס מס700',לוריאל פריז,BE,קסטינג קרם גלוס,יחידה,1.00,יחידה,false,1,35.90,35.90,true,1,
3600523337712,false,מג'יק ריטאצ' חום מהגוני,,BE,מג'יק ריטאצ' חום,מיליליטרים,75.00,"100 מ""ל",false,1,31.90,42.53,true,1,
3600523428663,false,REVITALIFT קרם יום50מל,"קרלסרו, גרמניה",DE,REVITALIFT קרם,מיליליטרים,50.00,"100 מ""ל",false,1,79.90,159.80,true,1,
3600523651870,false,שמפו אלביב ארג'ינין500מל,קוסמטיקס,TR,אלביב שמפו,מיליליטרים,550.00,"100 מ""ל",false,1,15.90,2.89,true,1,
3600523651900,false,מרכך אלביב ארג'ינין,קוסמטיקס,TR,אלביב מרכך,מיליליטרים,550.00,"100 מ""ל",false,1,15.90,2.89,true,1,
3600523652242,false,"שמפו אלביב קולור 550 מ""ל",קוסמטיקס,TR,אלביב שמפו,מיליליטרים,550.00,"100 מ""ל",false,1,15.90,2.89,true,1,
3600523652259,false,מרכך אלביב קולור פרוטקט,קוסמטיקס,TR,אלביב מרכך,מיליליטרים,550.00,"100 מ""ל",false,1,15.90,2.89,true,1,
3600523936625,false,לוראל סרום רויטליפט 30מל,לוריאל,DE,סרום רויטליפט,מיליליטרים,30.00,"100 מ""ל",false,1,79.90,266.33,true,1,
3600523936946,false,אלביב מסכה פול רזיסט300מ,KARLSRUHE,DE,אלביב מסכה לשיער,מיליליטרים,300.00,"100 מ""ל",false,1,28.90,9.63,true,1,
3600523944194,false,אקס. קול קרם 6.11 חום בה,לוריאל פריז,BE,אקסלנס6.11חום קר,יחידה,1.00,יחידה,false,1,35.90,35.90,true,1,
3600523953677,false,"דרמו רויטליפט לחות50 מ""ל","קרלסרו, גרמניה",DE,דרמו רויטליפט לח,מיליליטרים,50.00,"100 מ""ל",false,1,94.90,189.80,true,1,
3600523971954,false,דרמו רויטליפט לייזר סרום,,DE,דרמו רויטליפט לי,מיליליטרים,30.00,"100 מ""ל",false,1,79.90,266.33,true,1,
3600523973705,false,פלטת צלליות ניודס יח',,FR,פלטת צלליות ניוד,יחידה,1.00,יחידה,false,1,70.00,70.00,true,1,
3600524051006,false,רויטליפט ג'ל ניקוי לפנים,קרלסרו,DE,רויטליפט ג'ל ניק,מיליליטרים,150.00,"100 מ""ל",false,1,40.00,26.67,true,1,
3600540928863,false,דאו רול אינביזי קלייר 50,קוסמופול,FR,דאודורנט גרנייה,מיליליטרים,50.00,"100 מ""ל",false,0,17.90,35.80,true,1,
3600541299368,false,olia שחור עמוק גוון 1.0,ליברמו,BE,צבע שיער גרנייה,יחידה,1.00,יחידה,false,0,37.90,37.90,true,1,
3600541740006,false,דאו ספריי אקשן קונטרול,סופרוקוס,FR,דאו.גרנייה,מיליליטרים,150.00,"100 מ""ל",false,1,16.90,11.27,true,1,
3600541928275,false,מים מיסלריים דו-פאזי400מ,"קוסמופול, פולין",PL,מים מיסלריים דו,מיליליטרים,400.00,"100 מ""ל",false,1,35.00,8.75,true,1,
3600542097239,false,מסכת טישו פחם תה,ביוטיקוס אינטרנשיונאל,CN,מסכת טישו פחם,יחידה,1.00,יחידה,false,1,14.90,14.90,true,1,
3600542309974,false,גרנייה דאו רול מגנזיום50,סופרוקוס,PL,דאו גרנייה,מיליליטרים,50.00,"100 מ""ל",false,1,17.90,35.80,true,1,
3600542310444,false,גרניה דאו ספרי מגנזיו150,סופרוקוס,FR,גרניה דאו ספרי,מיליליטרים,150.00,"100 מ""ל",false,1,16.90,11.27,true,1,
3600542326339,false,גרנייה מיסלר ורדים 400 מ,קוסמופול,PL,גרנייה מיסלר ורד,מיליליטרים,400.00,"100 מ""ל",false,1,35.00,8.75,true,1,
3600542385251,false,דאו רול פרו. 6 ורוד 50מל,,FR,רול און גרנייה,מיליליטרים,50.00,"100 מ""ל",false,1,17.90,35.80,true,1,
3600542397926,false,דאו ספריי פרו ורוד 150 מ,"קוסמופול, פולין",FR,ספריי גרניה,מיליליטרים,150.00,"100 מ""ל",false,1,16.90,11.27,true,1,
3600542421621,false,פרוקטיס היירפוד מסכה390מ,"אינטרביוטי קוסמטיק בע""\מ",IL,פרוקטיס היירפוד,מיליליטרים,390.00,"100 מ""ל",false,1,41.90,10.74,true,1,
3600542421638,false,פרוקטיס היירפוד שמפו350מ,"אינטרביוטי קוסמטיק בע""\מ",IL,פרוקטיס היירפוד,מיליליטרים,350.00,"100 מ""ל",false,1,13.50,3.86,true,1,
3600542431910,false,קולור נטורלס 2.1,לוריאל ישראל קוסמטיקס בע,PL,קולור נטורלס 2.1,יחידה,1.00,יחידה,false,1,22.90,22.90,true,1,
3600542431965,false,קולור נטורלס 5.52,משווק ויבואןn\:לוריאל יש,PL,קולור נטורלס5.52,יחידה,1.00,יחידה,false,1,22.90,22.90,true,1,
3600542432030,false,קולור נטורלס 7.40,לוריאל ישראל קוסמטיקס בע,PL,קולור נטורלס7.40,יחידה,1.00,יחידה,false,1,22.90,22.90,true,1,
3600542433266,false,גרנייה סרום ויטמין סי30מ,KARLSRUHE,DE,גרנייה סרום ויטמ,מיליליטרים,30.00,"100 מ""ל",false,1,59.90,199.67,true,1,
3600542456579,false,"מיסלר ויטמין סי 400 מ""ל",KARLSRUHE,DE,מיסלר ויטמין סי,מיליליטרים,400.00,"100 מ""ל",false,1,39.90,9.98,true,1,
3607349687458,false,דאו.אדידס קול דריי 150,קוטי,PT,דאו.אדידס,מיליליטרים,150.00,"100 מ""ל",false,1,16.90,11.27,true,1,
3614226761538,false,קולסטון ספריי חום אדום,דיפלומט,DE,קולסטון ספריי,מיליליטרים,75.00,"100 מ""ל",false,1,39.90,53.20,true,1,
3614228865883,false,וולה סופט קולור 2/0 שחור,"HFC פרסטיג,'\ שטיינברג,",DE,וולה קולור,יחידה,1.00,יחידה,false,1,24.90,24.90,true,1,
3614272629387,false,IDOLE א.ד.פ לאשה 75 מל,לנקום,FR,IDOLE א.ד.פ לאשה,מיליליטרים,75.00,"100 מ""ל",false,1,289.00,385.33,true,1,
3661163991580,false,דאו.אדידס קול אנד קר150מ,COLEPCCL,PT,דאודורנט אדידס,מיליליטרים,150.00,"100 מ""ל",false,0,14.90,9.93,true,1,
3838824127149,false,צבע סמי קיט פלטה מס1-1',הנקל סוד,SI,צבע לשיער פלטה,יחידה,1.00,יחידה,false,0,29.90,29.90,true,1,
3838824127361,false,צבע סמי קיט פלטה מ5-68.,הנקל סוד,SI,צבע לשיער פלטה,יחידה,1.00,יחידה,false,0,29.90,29.90,true,1,
3838824127583,false,צבע סמי קיט פלטה6-88-,הנקל סוד,SI,צבע לשיער פלטה,יחידה,1.00,יחידה,false,0,29.90,29.90,true,1,
3838824127644,false,צבע סמי קיט פלטה מ4-98.,הנקל סוד,SI,צבע לשיער פלטה,יחידה,1.00,יחידה,false,0,29.90,29.90,true,1,
3838824380827,false,צבע סמי קיט פלטה מס1-6,הנקל סוד,SI,צבע לשיער פלטה,יחידה,1.00,יחידה,false,1,29.90,29.90,true,1,
3838824380940,false,צבע סמי קיט פלטה מס1-8,הנקל סוד,SI,צבע לשיער פלטה,יחידה,1.00,יחידה,false,1,29.90,29.90,true,1,
4001683011525,false,או-בה מיני פרו קומפורט32,ג'ונסון,GR,או-בה מיני פרו ק,יחידה,1.00,יחידה,false,1,19.90,19.90,true,1,
4005808197637,false,Q10 ק.יום לעור מעורב50מל,ביירסדורץ,DE,קרם לחות יום,מיליליטרים,50.00,"100 מ""ל",false,0,69.90,139.80,true,1,
4005808366392,false,לבלו שפתון לחות כחול,ביירסדורץ,IL,שפתון לבלו כחול,יחידה,1.00,יחידה,false,1,10.00,10.00,true,1,
4005808571246,false,מסיר איפור עיניים דו פאז,HELLAS BEIERSDORF,DE,מסיר איפור,מיליליטרים,125.00,"100 מ""ל",false,1,38.90,31.12,true,1,
4005808650002,false,שפתון לבלו כחול,ביירסדורץ,IL,שפתון לבלו,יחידה,1.00,יחידה,false,0,10.00,10.00,true,1,
4005808650712,false,לבלו שפתון לחות דובדבן,HELLAS BEIERSDORF,DE,לבלו דובדבן,יחידה,1.00,יחידה,false,0,10.00,10.00,true,1,
4005808812882,false,"Q10 קרם עיניים 15 מ""ל",ביירסדורץ,DE,קרם עיניים,מיליליטרים,15.00,"100 מ""ל",false,0,69.90,466.00,true,1,
4005808812899,false,"Q10 קרם לילה 50 מ""ל",ביירסדורץ,PL,קרם נגד קמטים,מיליליטרים,50.00,"100 מ""ל",false,0,69.90,139.80,true,1,
4005808890507,false,קרם לחות ניוואה סופט200מ,HELLAS BEIERSDORF,ES,קרם ניוואה סופט,מיליליטרים,200.00,"100 מ""ל",false,0,34.90,17.45,true,1,
4005900036483,false,דאו.ניוואה בלק&וייט 150מ,ביירסדורף,DE,דאודורנט ניוואה,מיליליטרים,150.00,"100 מ""ל",false,0,14.90,9.93,true,1,
4005900416391,false,"קרם יום אנרג'י 50 מ""ל",ניוואה ויסאז',PL,קרם יום אנרג'י,מיליליטרים,50.00,"100 מ""ל",false,0,69.90,139.80,true,1,
4005900494924,false,דאו.דריי פרש לאישה 150מל,ביירסדורף,DE,דאודורנט ניוואה,מיליליטרים,150.00,"100 מ""ל",false,1,14.90,9.93,true,1,
4005900547316,false,"דאו. ניוואה לאשה 150 מ""ל",ביירסדורף,DE,דאודורנט ניוואה,מיליליטרים,150.00,"100 מ""ל",false,1,14.90,9.93,true,1,
4005900683878,false,לבלו סקראב אלוורה,ביירסדורף,DE,לבלו סקראב אלורה,יחידה,1.00,יחידה,false,1,10.00,10.00,true,1,
4005900803283,false,קרם לחות במרקם ג'ל50מל,ביירסדורף,PL,קרם לחות במרקם ג,מיליליטרים,50.00,"100 מ""ל",false,1,49.90,99.80,true,1,
4005900826749,false,היידרה סקין אפקט לחות50מ,,PL,היידרה סקין אפקט,מיליליטרים,50.00,"100 מ""ל",false,1,49.90,99.80,true,1,
4008600387169,false,בקבוק אימון מד טמפרטורה,נוק,IL,נוק בקבוק אימון,יחידה,1.00,יחידה,false,1,44.90,44.90,true,1,
4009900540551,false,אורביט רפרשרס טרופיקל67ג,,PL,אורביט רפרשרס,גרמים,67.00,100 גרם,false,1,8.90,13.28,true,1,
4012273123009,false,קרם ידיים ניוטרוג'ינה50מ,ג'ונסונס בייבי,FR,קרם ידיים,מיליליטרים,50.00,"100 מ""ל",false,0,24.90,49.80,true,1,
4014400901191,false,בונבוניירה מרסי 250 גרם,אוגוסט שטורק,DE,בונבוניירת מרסי,גרמים,250.00,100 גרם,false,0,24.90,9.96,true,1,
4014400925319,false,ורטר פופקורן קרמל 140גר,,DE,ממתק קרמל ורטר,גרמים,140.00,100 גרם,false,1,16.50,11.79,true,1,
4015000615884,false,"דאו.ספרי FA לימון 200מ""ל",הנקל סוד,DE,דאודורנט FA,מיליליטרים,200.00,"100 מ""ל",false,0,9.90,4.95,true,1,
4015000997430,false,פה ספריי אינויזיבל 200 מ,הנקל סוד,TR,דאודורנט פה,מיליליטרים,200.00,"100 מ""ל",false,0,9.90,4.95,true,1,
4015100190762,false,גליס מסכה תמצית שמן 300מ,הנקל סוד,SK,מסכת גליס,מיליליטרים,300.00,"100 מ""ל",false,1,39.90,13.30,true,1,
4015400824701,false,טמפקס פלאש רגיולר 30 יח',פרוקטר אנד גמבל,HU,טמפקס פלאש,יחידה,1.00,יחידה,false,0,29.90,29.90,true,1,
4015600763251,false,שמפו הד&שולדרס קלאסי600מ,פרוקטר אנד גמבל,RO,שמפו הד&שולדרס,מיליליטרים,600.00,"100 מ""ל",false,0,25.90,4.32,true,1,
4015600763459,false,שמפו הד&שולדרס תפוח600מל,פרוקטר אנד גמבל,RO,שמפו הד&שולדרס,מיליליטרים,600.00,"100 מ""ל",false,0,25.90,4.32,true,1,
4015600766658,false,שמפו הד&שולדרס 2ב1- 600,פרוקטר אנד גמבל,RO,שמפו הד&שולדרס,מיליליטרים,600.00,"100 מ""ל",false,0,25.90,4.32,true,1,
4045787068252,false,פרוטאין קולור מס1000.1',הנקל סוד,DE,פרוטאין קולור,יחידה,1.00,יחידה,false,0,14.90,14.90,true,1,
4045787068320,false,פרוטאין קולור 5 חום,הנקל סוד,DE,פרוטאין קולור,יחידה,1.00,יחידה,false,0,14.90,14.90,true,1,
4045787068412,false,פרוטאין קולור6-37שוקולד,הנקל סוד,DE,פרוטאין קולור,יחידה,1.00,יחידה,false,0,14.90,14.90,true,1,
4056800943739,false,"קרם חמצן וולה 6% 60 מ""ל",אונדל,FR,חמצן וולה,מיליליטרים,60.00,"100 מ""ל",false,0,5.90,9.83,true,1,
4056800943791,false,"חמצן וולה 9% 60 מ""ל",אונדל,FR,חמצן וולה9%,מיליליטרים,60.00,"100 מ""ל",false,0,5.90,9.83,true,1,
4056800980567,false,קולסטון מיני קיט 6/7 חום,קוטי,DE,קולסטון מיני קיט,יחידה,1.00,יחידה,false,1,25.90,25.90,true,1,
4059729028693,false,סומק 40 יח',CATRICE,DE,סומק 40,יחידה,1.00,יחידה,false,0,16.00,16.00,true,1,
4059729028709,false,סומק 50 יח',CATRICE,DE,סומק 50,יחידה,1.00,יחידה,false,0,15.00,15.00,true,1,
4059729034465,false,"מייק אפ HD 46 30 מ""ל",,IL,מייק אפ HD 46,מיליליטרים,30.00,"100 מ""ל",false,1,29.00,96.67,true,1,
4059729049544,false,קטריס שפתון ג'ל 030 3.3,,DE,קטריס שפתון ג'ל,יחידה,1.00,יחידה,false,1,17.00,17.00,true,1,
4059729203250,false,קונסילר נוזלי 036 יח',,IL,קונסילר נוזלי 0,יחידה,1.00,יחידה,false,1,15.00,15.00,true,1,
4059729203274,false,קונסילר נוזלי 048 יח',,FR,קונסילר נוזלי,יחידה,1.00,יחידה,false,1,15.00,15.00,true,1,
4059729222978,false,"פריימר 10 ב 1 30 מ""ל",,IL,פריימר 10 ב 1,מיליליטרים,30.00,"100 מ""ל",false,1,25.00,83.33,true,1,
4059729248343,false,שפתון מט פרו נוזלי010,,FR,שפתון מט פרו נוז,יחידה,1.00,יחידה,false,1,21.00,21.00,true,1,
4059729248350,false,שפתון מט פרו נוזלי020,,FR,שפתון מט פרו נוז,יחידה,1.00,יחידה,false,1,21.00,21.00,true,1,
4059729248367,false,שפתון מט פרו נוזלי030,,FR,שפתון מט פרו נוז,יחידה,1.00,יחידה,false,1,21.00,21.00,true,1,
4059729248466,false,שפתון ג'ל 120 יח',,IL,שפתון ג'ל 120,יחידה,1.00,יחידה,false,1,17.00,17.00,true,1,
4059729250322,false,בוסטר אקסטרים לשפתיים יח,,IL,בוסטר אקסטרים לש,יחידה,1.00,יחידה,false,1,17.00,17.00,true,1,
4059729274670,false,עיפרון גבות 015 יח',,IL,עיפרון גבות 015,יחידה,1.00,יחידה,false,1,11.00,11.00,true,1,
4059729282040,false,מייקאפ טרו סקין 046 30,,FR,מייקאפ טרו סקין,מיליליטרים,30.00,"100 מ""ל",false,1,29.00,96.67,true,1,
4059729332912,false,פודרה,,IT,פודרה,יחידה,1.00,יחידה,false,0,15.00,15.00,true,1,
4084500065598,false,פנטן קרם לחות לתלתלים300,פרוקטר אנד גמבל,FR,קרם לשיער פנטן,מיליליטרים,300.00,"100 מ""ל",false,0,23.90,7.97,true,1,
4084500471900,false,ג'ילט דאו קליר ג'ל ספורט,ג'\ילט פרוקטר אנד גמבל,PL,ג'ילט דאו קליר ג,מיליליטרים,70.00,"100 מ""ל",false,1,16.90,24.14,true,1,
4210201078128,false,מברשת חשמלית PRO 800,B ORAL,DE,אורל בי נטענת,יחידה,1.00,יחידה,false,0,169.00,169.00,true,1,
4210201176831,false,ראשי מילוי סנסיטיב מארז,בראון,DE,ראשי מילוי סנסיט,יחידה,1.00,יחידה,false,1,219.90,219.90,true,1,
4210201262183,false,מברשת חשמלית נטענת-מבוגר,בראון,DE,מברשת נטענת,יחידה,1.00,יחידה,false,1,89.90,89.90,true,1,
4210201365334,false,אורל בי 4ראשי חשמלי פחם,,DE,אורל בי ראש 4 יח,יחידה,1.00,יחידה,false,1,89.90,89.90,true,1,
4210201403319,false,אורל בי מברשת נטענת פחם,,DE,מברשת נטענת,יחידה,1.00,יחידה,false,1,89.90,89.90,true,1,
4250587754230,false,פודרה דחוסה מט 10,CATRICE,DE,פודרה מט 10,יחידה,1.00,יחידה,false,0,15.00,15.00,true,1,
4250587793338,false,פודרה דחוסה מט 25,CATRICE,DE,פודרה מט 25,יחידה,1.00,יחידה,false,0,15.00,15.00,true,1,
4250947544662,false,קונסילר נוזלי 10,CATRICE,DE,קונסילר נוזלי 1,יחידה,1.00,יחידה,false,0,15.00,15.00,true,1,
4250947563618,false,קונסילר נוזלי 05,CATRICE,DE,קונסילר נוזלי 0,יחידה,1.00,יחידה,false,0,15.00,15.00,true,1,
4250947598306,false,מייק אפ 30-HD,CATRICE,DE,מייק אפ 30-HD,מיליליטרים,30.00,"100 מ""ל",false,0,29.00,96.67,true,1,
4250947598313,false,מייק אפ 40-HD,CATRICE,DE,מייק אפ 40-HD,מיליליטרים,30.00,"100 מ""ל",false,0,29.00,96.67,true,1,
4251232284324,false,קונסילר נוזלי 15,CATRICE,DE,קונסילר נוזלי 15,יחידה,1.00,יחידה,false,0,15.00,15.00,true,1,
4511428200010,false,חלאבין ספריי לנעל,חלאבין,IL,חלאבין ספריי לנע,מיליליטרים,250.00,"100 מ""ל",false,0,19.90,7.96,true,1,
4800888150080,false,דאו.דאב רול און ירוק 50,יוניליוור,PH,דאודורנט דאב,מיליליטרים,50.00,"100 מ""ל",false,0,12.90,25.80,true,1,
4800888190529,false,דאו.דאב סטיק טלק סופט50,יוניליוור,PH,דאודורנט דאב,גרמים,50.00,100 גרם,false,1,17.90,35.80,true,1,
4800888209405,false,דאו.רקסונה סטיק קובלט 50,יוניליוור,PH,דאודורנט רקסונה,גרמים,50.00,100 גרם,false,1,16.90,33.80,true,1,
4800888219534,false,דאודורנט סטיק אורגינל 50,יוניליוור,PH,דאו.דאב,מיליליטרים,50.00,"100 מ""ל",false,1,17.90,35.80,true,1,
4800888219541,false,דאו.סטיק רקסונה פאודר50ג,יוניליוור,PH,דאודורנט רקסונה,מיליליטרים,50.00,"100 מ""ל",false,1,16.90,33.80,true,1,
4891228309268,false,שיק 3סכיני סילק טאצ' אפ,אדג'וול,US,שיק סכיני סילק ט,יחידה,1.00,יחידה,false,1,21.90,21.90,true,1,
4987176128188,false,6מברשות שיניים אורל בי,פרוקטר & גמבל,IN,6מברשות שיניים,יחידה,1.00,יחידה,false,1,15.90,15.90,true,1,
5000394017764,false,8 סוללות דורסל AA,פרוקטר & גמבל,IL,8 סוללות דורסל,יחידה,1.00,יחידה,false,1,31.90,31.90,true,1,
5010123703509,false,ליסטרין קולמינט 250,ג'ונסון,IL,ליסטרין קולמינט,מיליליטרים,250.00,"100 מ""ל",false,1,10.00,4.00,true,1,
5010123703585,false,"ליסטרין קול מינט 500 מ""ל",ג'ונסון,IT,מי פה ליסטרין,מיליליטרים,500.00,"100 מ""ל",false,1,19.90,3.98,true,1,
5011408027990,false,"אלנט ספריי לשיער ח""מ400",kozmetik canan,FR,אלנט ספריי לשיער,מיליליטרים,400.00,"100 מ""ל",false,0,54.90,13.73,true,1,
5029053032658,false,ממחטות קלינקס 9*8 יחידות,חוגלה קימברלי,IT,קלינקס שמיניה,יחידה,1.00,יחידה,false,1,7.90,7.90,true,1,
5029053510811,false,קוטקס תחבושות נורמל 30יח,חוגלה קימברלי,CZ,תחבושות קוטקס,יחידה,1.00,יחידה,false,0,17.90,17.90,true,1,
5029053523446,false,קוטקס תחבושות נייט 20 יח,חוגלה קימברלי,CZ,תחבושות נייט קוט,יחידה,1.00,יחידה,false,0,17.90,17.90,true,1,
5029053534596,false,32 טמפוני קוטקס נורמל,קימברלי קלארק,CZ,טמפוני קוטקס,יחידה,1.00,יחידה,false,0,27.90,27.90,true,1,
5029053535227,false,16טמפו.קוטקס מוליך נורמ.,קימברלי קלארק,CZ,טמפוני קוטקס,יחידה,1.00,יחידה,false,0,18.90,18.90,true,1,
5029053578309,false,קלינקס אולטרה סופט 48 דף,,GB,קלינקס אולטרה,יחידה,1.00,יחידה,false,1,8.90,8.90,true,1,
5201100872640,false,אקסלנס בלונד אפור מס03',ליברמו,BE,צבע לשיער אקסלנס,יחידה,1.00,יחידה,false,0,35.90,35.90,true,1,
5201263006340,false,DAY EVERYתחבושות נורמל18,,GR,תחבושות נורמל,יחידה,1.00,יחידה,false,1,12.90,12.90,true,1,
5201263006364,false,DAY EVERYתחבושות מקסי18י,,GR,תחבושות מקסי,יחידה,1.00,יחידה,false,1,12.90,12.90,true,1,
5201263011801,false,DAY EVERYמגן תח.נורמל20י,,GR,מגני תחתון נורמל,יחידה,1.00,יחידה,false,1,12.90,12.90,true,1,
5202300042956,false,קולסטון 5/5 מהגוני,HFC פרסטיג',DE,קולסטון שפופרת,יחידה,1.00,יחידה,false,0,25.90,25.90,true,1,
5202300043151,false,קולסטון 8/0 בלונד בהיר,HFC פרסטיג',DE,קולסטון שפופרת,יחידה,1.00,יחידה,false,0,25.90,25.90,true,1,
5202300043274,false,קולסטון 8/1 בלונד אפרפר,HFC פרסטיג',DE,קולסטון שפופרת,יחידה,1.00,יחידה,false,0,25.90,25.90,true,1,
5202300043526,false,קולסטון 4/75 חום משי,HFC פרסטיג',DE,קולסטון שפופרת,יחידה,1.00,יחידה,false,0,25.90,25.90,true,1,
5202300045834,false,קולסטון 10/0 בלונד פסטל,HFC פרסטיג',DE,קולסטון שפורפרת,יחידה,1.00,יחידה,false,0,25.90,25.90,true,1,
5391523057929,false,סימילאק גולד שלב 1 700 ג,ABBOT,IE,סימילאק גולד,גרמים,700.00,100 גרם,false,1,69.90,9.99,true,1,
5391523057936,false,סימילאק גולד שלב 2 700 ג,ABBOT,IE,סימילאק גולד,גרמים,700.00,100 גרם,false,1,69.90,9.99,true,1,
5391523057943,false,סימילאק גולד שלב 3 700 ג,ABBOT,IE,סימילאק גולד,גרמים,700.00,100 גרם,false,1,69.90,9.99,true,1,
5391523058063,false,סימילאק אדבנס+ שלב1 700ג,ABBOT,IE,סימילאק אדבנס,גרמים,700.00,100 גרם,false,1,64.90,9.27,true,1,
5391523058070,false,סימילאק אדבנס+ שלב3 700ג,ABBOT,IE,סימילאק אדבנס,גרמים,700.00,100 גרם,false,1,64.90,9.27,true,1,
5900951283963,false,חטיף סניקרס קרימי 36 גרם,מרס,PL,חטיף סניקרס קרימ,גרמים,36.00,100 גרם,false,1,3.90,10.83,true,1,
5901887010593,false,קרם ידיים וציפורניים 80,,PL,קרם ידיים וציפור,מיליליטרים,80.00,"100 מ""ל",false,1,11.90,14.88,true,1,
5901887018230,false,חמאת גוף חלב עיזים 200 מ,,PL,חמאת גוף חלב עיז,מיליליטרים,200.00,"100 מ""ל",false,1,24.90,12.45,true,1,
5901887026815,false,יסמין מים מיסלריים +50 2,,PL,יסמין מים מיסלרי,מיליליטרים,200.00,"100 מ""ל",false,1,18.90,9.45,true,1,
5901887029649,false,מנוקה מי פנים מטהרים 200,,PL,מנוקה מי פנים,מיליליטרים,200.00,"100 מ""ל",false,1,15.90,7.95,true,1,
5901887029656,false,מנוקה ג'ל לניקוי פנים 20,,PL,מנוקה ג'ל לניקוי,מיליליטרים,200.00,"100 מ""ל",false,1,18.90,9.45,true,1,
5901887029670,false,"מנוקה קרם לילה 50 מ""ל",,PL,מנוקה קרם לילה,יחידה,1.00,יחידה,false,1,19.90,19.90,true,1,
5901887043751,false,"סרום ממריץ ומחליק 50 מ""ל",,PL,סרום ממריץ ומחלי,מיליליטרים,50.00,"100 מ""ל",false,1,24.90,49.80,true,1,
5901887043782,false,"מיקרו פילינג לפנים 75 מ""",,PL,מיקרו פילינג לפנ,מיליליטרים,75.00,"100 מ""ל",false,1,14.90,19.87,true,1,
5997321770307,false,ויט 12 רצועות לעור רגיש,רקיט בנקיזר,FR,ויט רצעות,יחידה,1.00,יחידה,false,1,38.90,38.90,true,1,
6001067017523,false,מברשת שיניים ילדים גיל+6,קולגייט- פלמוליב,CN,מברשת שיניים,יחידה,1.00,יחידה,false,0,14.90,14.90,true,1,
6001067018049,false,מברשת קולגייט ילדים 2-5,קולגייט-פלמוליב,VN,מברשת קולגייט,יחידה,1.00,יחידה,false,0,13.90,13.90,true,1,
6085010094151,false,nuit de club אדפ אשה105מ,,FR,nuit de club א.ד,מיליליטרים,105.00,"100 מ""ל",false,1,99.00,94.28,true,1,
6294015102642,false,קלאב דה נואי אורבן105מל,,AE,קלאב דה נואי אור,מיליליטרים,105.00,"100 מ""ל",false,1,115.00,109.53,true,1,
6295124030246,false,סאפיל באונד אדט,,AE,סאפיל באונד אדט,יחידה,1.00,יחידה,false,0,59.00,59.00,true,1,
6295124030369,false,rave Sapil אדט גבר100מל,,AE,rave Sapil אדט ל,מיליליטרים,100.00,"100 מ""ל",false,1,49.00,49.00,true,1,
6295124030376,false,rave Sapil אדפ אשה100מל,,AE,rave Sapil אדפ,מיליליטרים,100.00,"100 מ""ל",false,1,49.00,49.00,true,1,
6920354822193,false,משחת שיניים נטורל הדרי90,,BR,משחת שיניים נטור,גרמים,90.00,100 גרם,false,1,13.90,15.44,true,1,
6937266703472,false,שיק היידרו סילק נשים רבי,ארץ ייצור סכינים: ארהבn\,US,שיק היידרו סילק,יחידה,1.00,יחידה,false,1,54.90,54.90,true,1,
6973350163388,false,מסיכות כירורגיות 3 שכ50י,,IL,מסכת פנים חד פעמ,יחידה,1.00,יחידה,false,1,12.90,12.90,true,1,
7038516140357,false,4מברשת ג'ורדן טוטל סופט,קלרו,NO,מברשת שיניים,יחידה,1.00,יחידה,false,0,19.90,19.90,true,1,
7038516860002,false,ג'ורדן מנקה לשון,ג'ורדן,IL,ג'ורדן מנקה לשון,יחידה,1.00,יחידה,false,0,18.90,18.90,true,1,
7046110030608,false,מארז זוג מברשות טרגט סנס,,MY,מארז זוג מברשות,יחידה,1.00,יחידה,false,1,24.00,24.00,true,1,
7046110060636,false,מברשת שיניים change יח,,MY,מברשת שיניים ch,יחידה,1.00,יחידה,false,1,21.90,21.90,true,1,
7046110069868,false,ג'ורדן מברשות שנ.ילדים 9,ג'ורדן,IL,ג'ורדן מברשות שנ,יחידה,1.00,יחידה,false,0,14.90,14.90,true,1,
7046110071519,false,משחה לשיני חלב2-6 50מל,,IL,משחת שיניים,מיליליטרים,50.00,"100 מ""ל",false,1,11.90,23.80,true,1,
7290000066141,false,ביסלי גריל 70 גרם,"אסם השקעות בע""\מ",IL,ביסלי גריל,גרמים,70.00,100 גרם,false,0,4.90,7.00,true,1,
7290000066332,false,אפרופו 50 גרם,"אסם השקעות בע""\מ",IL,חטיף אפרופו,גרמים,50.00,100 גרם,false,0,5.90,11.80,true,1,
7290000072753,false,קפה נמס טסטרס צ'ויס200ג,לוטה נסטלה קוריאה,KR,קפה טסטרס צ'ויס,גרמים,200.00,100 גרם,false,0,31.90,15.95,true,1,
7290000074245,false,קרם קרקר 250 גרם,"אסם השקעות בע""\מ",IL,קרם קרקר אסם,גרמים,250.00,100 גרם,false,0,11.90,4.76,true,1,
7290000143286,false,"הוואי מרכך ירוק 700 מ""ל",טרופיקל דגיל,IL,מרכך הוואי,מיליליטרים,700.00,"100 מ""ל",false,0,8.90,1.27,true,1,
7290000146928,false,משחת טום וג'רי ענבים 50מ,טרופיקל דגיל,IL,משחת טום וג'רי,מיליליטרים,50.00,"100 מ""ל",false,0,7.90,15.80,true,1,
7290000161631,false,קליק IN במילוי נוגט38גרם,יוניליוור ישראל מזון בע\,IL,קליק IN נוגט,גרמים,38.00,100 גרם,false,0,5.90,15.53,true,1,
7290000188553,false,קוטקס מגן תחתון נורמל,חוגלה קימברלי,CN,מגן תחתון קוטקס,יחידה,1.00,יחידה,false,0,17.90,17.90,true,1,
7290000191539,false,מגבוני לילי צבעוני90*5יח,חוגלה קימברלי,IL,מגבוני לילי 90*5,יחידה,1.00,יחידה,false,0,16.90,16.90,true,1,
7290000191645,false,האגיס אקסטרה קר מידה NB,חוגלה קימברלי,US,חיתולי האגיס,יחידה,1.00,יחידה,false,0,33.90,33.90,true,1,
7290000191652,false,קלינקס מעוצב 90*3 יחידות,חוגלה קימברלי,IL,קלינקס מעוצב 3יח,יחידה,1.00,יחידה,false,0,12.90,12.90,true,1,
7290000193472,false,לילי מגן תחתון נורמל,חוגלה קימברלי,ES,פדיות לילי,יחידה,1.00,יחידה,false,0,14.90,14.90,true,1,
7290000193656,false,לילי תחבושות סופר פלוס,חוגלה קימברלי,ES,תחבושות לילי,יחידה,1.00,יחידה,false,0,14.90,14.90,true,1,
7290000194141,false,שקמה מכנסון אובר נייט XL,חוגלה קימברלי,IL,מכנסוני שקמה,יחידה,1.00,יחידה,false,1,69.90,69.90,true,1,
7290000195032,false,שקמה מכנסון סופר נייט L,חוגלה קימברלי,IL,מכנסוני שקמה,יחידה,1.00,יחידה,false,0,69.90,69.90,true,1,
7290000197456,false,האגיס פרידום דריי מידה 4,חוגלה קימברלי,IL,חיתולי האגיס,יחידה,1.00,יחידה,false,0,47.90,47.90,true,1,
7290000197463,false,האגיס פרידום דריי +4,חוגלה קימברלי,IL,חיתולי האגיס,יחידה,1.00,יחידה,false,0,47.90,47.90,true,1,
7290000197548,false,האגיס פרידום דריי מידה 5,חוגלה קימברלי,IL,חיתולי האגיס,יחידה,1.00,יחידה,false,0,47.90,47.90,true,1,
7290000199313,false,תחבושות קוטקס יאנג 30 יח,חוגלה קימברלי,CZ,קוטקס תחבושות,יחידה,1.00,יחידה,false,0,17.90,17.90,true,1,
7290000203560,false,סדיניה שקמה 15 יחידות,חוגלה קימברלי,IL,סדיניה שקמה,יחידה,1.00,יחידה,false,0,51.90,51.90,true,1,
7290000205915,false,האגיס אקסטרה קר מידה 4,חוגלה קימברלי,CZ,חיתולי האגיס,יחידה,1.00,יחידה,false,1,57.90,57.90,true,1,
7290000262413,false,האגיס אקסטרה קר מידה 5,חוגלה קימברלי,CZ,חיתולי האגיס,יחידה,1.00,יחידה,false,1,57.90,57.90,true,1,
7290000263359,false,האגיס אקסטרה קר שלב1,חוגלה קימברלי,IL,חיתולי האגיס,יחידה,1.00,יחידה,false,0,33.90,33.90,true,1,
7290000288727,false,א.כביסה מקסימה מאסק1.25ק,סנו,IL,אבקת כביסה,קילוגרמים,1.25,"ק""ג",false,0,12.90,10.32,true,1,
7290000289069,false,סנו ג'אוול מרסס לימון 1ל,"סנו מפעלי ברונוס בע""מ",IL,סנו ג'אוול מרסס,ליטרים,1.00,ליטר,false,0,19.90,19.90,true,1,
7290000289595,false,אורביטול קיד תות 145 גרם,טרופיקל דגיל תעשיות קוסמ,IL,משחת שיניים,גרמים,145.00,100 גרם,false,0,10.90,7.52,true,1,
7290000292687,false,סנובון כחול שלישיה55*3גר,סנו מפעלי ברונו בעמ,IL,סנובון כחול 3 יח,גרמים,165.00,100 גרם,false,0,18.90,11.45,true,1,
7290000293820,false,שמפו וג'ל רחצה קרמה 700,קוסמופארם,IL,שמפו וג'ל רחצה,מיליליטרים,700.00,"100 מ""ל",false,1,15.90,2.27,true,1,
7290000295336,false,אבקת מקסימה סנסטיב 1.25ק,סנו מפעלי ברונוס בעמ,IL,אבקת כביסה,קילוגרמים,1.25,"ק""ג",false,0,12.90,10.32,true,1,
7290000341071,false,מרכך כביסה בדין בייבי 2ל,יוניליוור ישראל טיפוח אי,IL,מרכך כביסה בייבי,ליטרים,2.00,ליטר,false,0,17.90,8.95,true,1,
7290000480107,false,קוואקר שיבולת שועל פח500,קואקר אוטס,GB,קוואקר שיבולת,גרמים,500.00,100 גרם,false,0,16.90,3.38,true,1,
7290000803180,false,שטיפה דנטלית מרידול 400מ,קולגייט פלמוליב,CH,שטיפה מרידול,מיליליטרים,400.00,"100 מ""ל",false,0,26.90,6.73,true,1,
7290001136287,false,"שמפו נקה 7 רגיל 750 מ""ל",אמיליה קוסמטיקס,IL,שמפו נקה 7,מיליליטרים,750.00,"100 מ""ל",false,0,13.90,1.85,true,1,
7290001136362,false,תחליב רחצה נקה7 ירוק 1 ל,"קוסמופארם בע""\מ.",IL,תחליב רחצה נקה 7,ליטרים,1.00,ליטר,false,0,14.90,14.90,true,1,
7290001713167,false,סנט מוריץ קצף ניקוי 1 לי,קומפלקס כימיקלים בעמ,IL,קצף ניקוי,ליטרים,1.00,ליטר,false,1,8.90,8.90,true,1,
7290001713815,false,מ. כביסה בניחוח ב.מלון1ל,,TR,מרכך כביסה בניחו,מיליליטרים,1000.00,"100 מ""ל",false,1,11.90,1.19,true,1,
7290002001782,false,פנג'ל פלוס לכף הרגל 100מ,אינטרקוסמא,IL,קרם לכף הרגל,מיליליטרים,100.00,"100 מ""ל",false,0,21.90,21.90,true,1,
7290002041009,false,קרם דאו.לגוף 10 מל,תעשיות שיק,IL,דאו.חלאבילין,מיליליטרים,10.00,"100 מ""ל",false,0,49.90,499.00,true,1,
7290002041368,false,"דאו.מידנייט ספריי 187מ""ל",חלאבין,IL,דאודורנט ספריי,מיליליטרים,187.00,"100 מ""ל",false,0,22.90,12.25,true,1,
7290002515371,false,אל סבון קמיל קלאסיק 1ליט,פישר מעבדות פרמצבטיות בע,IL,קמיל בלו לתינוק,ליטרים,1.00,ליטר,false,0,27.90,27.90,true,1,
7290002730675,false,"משחת קולגייט אדום 100מ""ל",קולגייט פלמוליב,PL,משחת שיניים,מיליליטרים,100.00,"100 מ""ל",false,0,9.90,9.90,true,1,
7290002730941,false,"צמר גפן פרוס ""בלונס100""ג",ספטונה,GR,צמר גפן פרוס,גרמים,100.00,100 גרם,false,0,9.90,9.90,true,1,
7290002768074,false,דרמפון סבון ללא סבון 1 ל,קוסמופארם בע'\'\מ,IL,דרמפון אל סבון,ליטרים,1.00,ליטר,false,0,19.90,19.90,true,1,
7290002782759,false,"קרם גוף מס2' פנינה340מ""ל",א.ל ארמן,IL,קרם גוף פנינה,מיליליטרים,340.00,"100 מ""ל",false,0,29.90,8.79,true,1,
7290002904694,false,דאו.טיטניום תרסיס 180 מל,אמיליה קוסמטיקס בעמ,IL,דאודורנט טיטניום,מיליליטרים,180.00,"100 מ""ל",false,0,16.90,9.39,true,1,
7290003026197,false,שמן טיפולי קמיל בלו,פישר מעבדות פרמצבטיות בע,IL,שמן עדין לתינוק,מיליליטרים,500.00,"100 מ""ל",false,0,29.90,5.98,true,1,
7290003047642,false,ליפטון ילו לייבל100ש1.5*,יוניליוור,RU,תה ילו לייבל,גרמים,150.00,100 גרם,false,0,11.90,7.94,true,1,
7290003227990,false,"חלאבילין דאו.נשים 10מ""ל",תעשיות שיק,IL,דאו.קרם חלאבילין,מיליליטרים,10.00,"100 מ""ל",false,1,49.90,499.00,true,1,
7290003387205,false,דאו.ספיד סטיק לגבר 56 גר,קולגייט פלמוליב,US,דאודורנט סטיק,גרמים,56.00,100 גרם,false,0,17.90,31.96,true,1,
7290003401376,false,קרם לחות אלוורה לשיער400,קרליין,IL,קרם לחות לשיער,מיליליטרים,400.00,"100 מ""ל",false,0,16.90,4.23,true,1,
7290003521197,false,מתיר קשרים לילדים סרקל,פישר מעבדות פרמצבטיות בע,IL,סרקל מתיר קשרים,מיליליטרים,340.00,"100 מ""ל",false,0,25.90,7.62,true,1,
7290004019129,false,פינצטה קייזר אל חלד יח',,CN,פינצטה קייזר אל,יחידה,1.00,יחידה,false,1,25.00,25.00,true,1,
7290004078263,false,בלונס צימרונים 200*2 יחי,ספטונה,GR,מקלוני כותנה,יחידה,1.00,יחידה,false,0,14.90,14.90,true,1,
7290004731083,false,אל סבון כיף ג'ינסנג1ליטר,קוסמופארם בע'\'\מ,IL,אל סבון כיף,ליטרים,1.00,ליטר,false,0,12.90,12.90,true,1,
7290004731984,false,משחת אורביטול מלבינה145ג,טרופיקל דגיל תעשיות קוסמ,IL,משחת אורביטול,גרמים,145.00,100 גרם,false,1,15.90,10.97,true,1,
7290005084355,false,משח.סנסודיין דואל קייר75,MICLEN DE,GB,משחת שיניים,מיליליטרים,75.00,"100 מ""ל",false,0,18.90,25.20,true,1,
7290005425110,false,מחטא ומשמיד חיידקים750,"סנו מפעלי ברונוס בע""\מ",IL,מחטא משטחים סנו,מיליליטרים,750.00,"100 מ""ל",false,1,16.90,2.25,true,1,
7290005427633,false,ג'ל כיף אקסטרים כחול 1קג,קוסמופארם,IL,ג'ל כיף לשיער,קילוגרמים,1.00,"ק""ג",false,0,23.90,23.90,true,1,
7290005427978,false,קרמה תחליב רחצה לפנים180,קוסמופארם בעמ,IL,תחליב רחצה לפנים,מיליליטרים,180.00,"100 מ""ל",false,0,15.90,8.83,true,1,
7290005680052,false,טמפוני או-בה סופר + 32יח,ג'ונסון,GR,טמפוני או-בה,יחידה,1.00,יחידה,false,0,30.90,30.90,true,1,
7290006784438,false,LOVE PUREמרכך כביסה 1 לי,קומפלקס כימיקלים בעמ,TR,LOVE PUREמרכך כב,ליטרים,1.00,ליטר,false,1,11.90,11.90,true,1,
7290006788399,false,דאו.קרליין רולאון נושם75,אמיליה קוסמטיקס בעמ,IL,דאודורנט קרליין,מיליליטרים,75.00,"100 מ""ל",false,0,11.90,15.86,true,1,
7290006788429,false,דאו.קרליין רולאון כתום75,אמיליה קוסמטיקס בעמ,IL,דאודורנט קרליין,מיליליטרים,75.00,"100 מ""ל",false,0,11.90,15.86,true,1,
7290006788436,false,דאו.קרליין רולאון ורוד75,קרליין,IL,דאודורנט קרליין,מיליליטרים,75.00,"100 מ""ל",false,0,11.90,15.86,true,1,
7290006788443,false,דאו.קרליין רולאון סגול75,אמיליה קוסמטיקס בעמ,IL,דאודורנט קרליין,מיליליטרים,75.00,"100 מ""ל",false,0,11.90,15.86,true,1,
7290006788559,false,דאו.טיטניום בלו ספריי180,אמיליה קוסמטיקס בעמ,IL,דאודורנט טיטניום,מיליליטרים,180.00,"100 מ""ל",false,0,16.90,9.39,true,1,
7290006992161,false,דייסת קורנפלור 200 גרם,מטרנה תעשיות ש.מ,IL,דייסת מטרנה,גרמים,200.00,100 גרם,false,0,14.50,7.25,true,1,
7290008116558,false,"מי פה ליסטרין פרש 250מ""ל",ג'\ונסון אנד ג'\ונסון,IT,מי פה ליסטרין,מיליליטרים,250.00,"100 מ""ל",false,0,10.00,4.00,true,1,
7290008264181,false,פצירה לארנק מתקפל,סולינגן,IL,פצירה לארנק מתקפ,יחידה,1.00,יחידה,false,0,35.90,35.90,true,1,
7290008264396,false,חותך עור,סולינגן,IL,חותך עור,יחידה,1.00,יחידה,false,0,61.00,61.00,true,1,
7290008318518,false,"דאו.לאבליין ספריי 187מ""ל",חלאבין,IL,דאודורנט לאבליין,מיליליטרים,187.00,"100 מ""ל",false,0,22.90,12.25,true,1,
7290008318785,false,ביוטי פיט ק.לכף הרגל100מ,חלאבין,IL,ביוטי פיט קרם לכ,מיליליטרים,100.00,"100 מ""ל",false,0,26.90,26.90,true,1,
7290011618025,false,בייבי ביס בטעם טבעי 50 ג,want-want,CN,בייבי ביס,גרמים,50.00,100 גרם,false,0,14.90,29.80,true,1,
7290011618124,false,בייבי ביס טעם ירקות 50 ג,want-want,CN,בייבי ביס,גרמים,50.00,100 גרם,false,0,14.90,29.80,true,1,
7290011622428,false,כתמטמינים חטיף בריאות45ג,אשבל,IL,חטיף בריאות,גרמים,45.00,100 גרם,false,0,7.50,16.67,true,1,
7290011743833,false,משחה סנסודיין פרונמל75מל,MICLEN DE,GB,משחת שיניים,מיליליטרים,75.00,"100 מ""ל",false,0,21.90,29.20,true,1,
7290011745707,false,סנסודיין פרונמל ילדים50מ,גלקסוסמיתקליין,SK,משחת שיניים,מיליליטרים,50.00,"100 מ""ל",false,0,15.90,31.80,true,1,
7290011765095,false,ג'ל גילוח לעור עדין 200מ,אביאפ,TR,ג'ל גילוח קרמה,מיליליטרים,200.00,"100 מ""ל",false,0,16.90,8.45,true,1,
7290011765118,false,קצף גילוח לעור עדין 200מ,קוסמופארם,TR,קצף גילוח עדין,מיליליטרים,200.00,"100 מ""ל",false,0,11.90,5.95,true,1,
7290011765392,false,שמ.כיף ילדים בוב ספוג750,קוסמופארם בע'\'\מ,IL,שמפו כיף ילדים,מיליליטרים,750.00,"100 מ""ל",false,0,12.90,1.72,true,1,
7290011870232,false,8 סוללות פוג'יקום AAA,פוג'יקום,CN,סוללות פוג'יקום,יחידה,1.00,יחידה,false,0,16.90,16.90,true,1,
7290011870263,false,8 סוללות פוג'יקום AA,פוג'יקום,CN,סוללות פוג'יקום,יחידה,1.00,יחידה,false,0,16.90,16.90,true,1,
7290012116025,false,"שמפו כיף פיות 750 מ""ל",קוסמופארם בע'\'\מ,IL,שמפו כיף,מיליליטרים,750.00,"100 מ""ל",false,0,13.90,1.85,true,1,
7290012117435,false,קרמה ג'ל רחצה אלוורה700מ,קוסמופארם בע'\'\מ,IL,קרמה ג'ל רחצה,מיליליטרים,700.00,"100 מ""ל",false,0,15.90,2.27,true,1,
7290012771095,false,חלאבלין רול און 48 שעות,חלאבין,IL,חלאבלין רול און,מיליליטרים,80.00,"100 מ""ל",false,0,22.90,28.63,true,1,
7290012854835,false,בליסטיקס משחה לטיפל יומי,(PERRIGO(AGIS,US,בליסטיקס משחה,יחידה,1.00,יחידה,false,1,19.90,19.90,true,1,
7290013083661,false,מטרנה אקסטרה קר שלב1 700,מטרנה תעשיות ש.מ,IL,מטרנה אקסטרה קר,גרמים,700.00,100 גרם,false,0,59.90,8.56,true,1,
7290013083685,false,מטרנה אקסטרה קר שלב3 700,מטרנה תעשיות ש.מ,IL,מטרנה אקסטרה קר,גרמים,700.00,100 גרם,false,0,59.90,8.56,true,1,
7290013133816,false,לבלו לגבר,לבלו,IL,לבלו לגבר,יחידה,1.00,יחידה,false,0,10.00,10.00,true,1,
7290013269638,false,ספוג הפלא אקסטרה,,US,ספוג הפלא אקסטרה,יחידה,1.00,יחידה,false,0,13.90,13.90,true,1,
7290013269645,false,מטליות ריצפז,,IL,מטליות ריצפז,יחידה,1.00,יחידה,false,0,13.90,13.90,true,1,
7290013652157,false,מגב.מסירי איפור רגיל30*3,פישר מעבדות פרמצבטיות בע,IL,מגבונים 3 יח,יחידה,1.00,יחידה,false,0,19.90,19.90,true,1,
7290013652164,false,מגבונים להסרת איפור30*3,פישר מעבדות פרמצבטיות בע,IL,GENESIS מגבונים,יחידה,1.00,יחידה,false,0,19.90,19.90,true,1,
7290013652645,false,משחה טיפולית100 גרם,פישר מעבדות פרמצבטיות בע,IL,משחה טיפולית,גרמים,100.00,100 גרם,false,0,35.90,35.90,true,1,
7290013848383,false,קרמה מן גל רחצה אקטיב700,קוסמופארם בע'\'\מ,IL,ג'ל רחצה קרמה מן,מיליליטרים,700.00,"100 מ""ל",false,0,15.90,2.27,true,1,
7290013848420,false,דאו.ג'ל אקטיב ספורט 70 מ,קוסמופארם בעמ,IL,דאו.ג'ל ספורט,מיליליטרים,70.00,"100 מ""ל",false,0,19.90,28.43,true,1,
7290013848970,false,דאו.קרמה ספריי קלאס150מ,מיוצר עי : אמיליה קוסמטי,IL,דאודורנט קרמה,מיליליטרים,150.00,"100 מ""ל",false,0,16.90,11.27,true,1,
7290014002647,false,תה ירוק לימונ.לואיזה15שק,,IL,תה ירוק 15 שקיק.,גרמים,22.00,100 גרם,false,0,13.90,63.18,true,1,
7290014397507,false,סנופרש מאסק מעוד,,IL,סנופרש מאסק מעוד,מיליליטרים,350.00,"100 מ""ל",false,0,12.90,3.69,true,1,
7290014424364,false,רצועות שעווה מהפנים אלוו,,IT,רצועות שעווה מהפ,יחידה,1.00,יחידה,false,1,22.90,22.90,true,1,
7290014952874,false,מאמי קר סבון קלנדולה750מ,לה קרים,IL,סבון קלנדולה,מיליליטרים,750.00,"100 מ""ל",false,1,48.90,6.52,true,1,
7290015155847,false,חטיפטף פרינוק פירות120ג,פרוטה פודיווין,CZ,חטיפטף פרינוק,גרמים,120.00,100 גרם,false,1,5.00,4.17,true,1,
7290015156769,false,פאוץ' פרינוק תפוח ואוכמנ,,CZ,פאוץ' פרינוק תפו,גרמים,120.00,100 גרם,false,1,5.00,4.17,true,1,
7290015366663,false,משחה אקווה פרש עדין100,MICLEN DE,SK,משחה אקווה פרש,מיליליטרים,100.00,"100 מ""ל",false,1,5.90,5.90,true,1,
7290015366670,false,משחה אקווה פרש מנטה 100,MICLEN DE,SK,משחה אקווה פרש,מיליליטרים,100.00,"100 מ""ל",false,1,5.90,5.90,true,1,
7290015733168,false,מטרנה גולד שלב 3 700 גרם,מטרנה תעשיות ש.מ,IL,מטרנה גולד,גרמים,700.00,100 גרם,false,1,73.90,10.56,true,1,
7290015733205,false,מטרנה אקסטרה שלב 1 700 ג,נסטלה,IL,מטרנה אקסטרה,גרמים,700.00,100 גרם,false,1,59.90,8.56,true,1,
7290015733229,false,מטרנה אקסטרה שלב 2 700ג,מטרנה,IL,מטרנה אקסטרה,גרמים,700.00,100 גרם,false,1,59.90,8.56,true,1,
7290015733243,false,מטרנה מהדרין אקס..שלב3,מטרנה תעשיות ש.מ.,IL,מטרנה אקסטרה,גרמים,700.00,100 גרם,false,1,59.90,8.56,true,1,
7290015733977,false,מטרנה קומפורט 700ג HM-O,מטרנה תעשיות ש.מ.,IL,מטרנה קומפורט עם,גרמים,700.00,100 גרם,false,1,69.90,9.99,false,1,
7290015848862,false,אולטרסול SPF50 תחליב250מ,פישר מעבדות פרמצבטיות בע,IL,אולטרסול תחליב,מיליליטרים,250.00,"100 מ""ל",false,1,54.90,21.96,true,1,
7290016299021,false,מרכך טיפולי חומצה 450מל,ארגניה יצור ושיווק,IL,מרכך טיפולי חומצ,מיליליטרים,450.00,"100 מ""ל",false,1,38.90,8.64,true,1,
7290016299076,false,שמפו טיפולי חומצה 450מל,ארגניה יצור ושיווק,IL,שמפו טיפולי חומצ,מיליליטרים,450.00,"100 מ""ל",false,1,38.90,8.64,true,1,
7290016299199,false,סרום חומצה היאלרונית100מ,,IL,סרום חומצה היאלר,מיליליטרים,100.00,"100 מ""ל",false,1,44.90,44.90,true,1,
7290016299618,false,"שמפו קיק ארגניה 450 מ""ל",ארגניה יצור ושיווק,IL,שמפו קיק,מיליליטרים,450.00,"100 מ""ל",false,1,34.90,7.76,true,1,
7290016299663,false,"שמן קיק 100 מ""ל",,IL,שמן קיק,מיליליטרים,100.00,"100 מ""ל",false,1,20.00,20.00,true,1,
7290016299731,false,מארז WTF יח',ארגניה יצור ושיווק,IL,מארז WTF,יחידה,1.00,יחידה,false,1,139.00,139.00,true,1,
7290016319118,false,שעווה מתקלפת לפנים 100מל,דנשר,ES,שעווה לאזור פנים,מיליליטרים,100.00,"100 מ""ל",false,1,29.90,29.90,true,1,
7290016321555,false,מגע הדבש 16 רצועות שעווה,VIOKOX,ES,רצועות שעווה,יחידה,1.00,יחידה,false,1,28.90,28.90,true,1,
7290016329674,false,קרם פנים קמיל בלו,פישר מעבדות פרמצבטיות בע,IL,קרם פנים קמיל,מיליליטרים,75.00,"100 מ""ל",false,1,29.90,39.87,true,1,
7290016350029,false,דאו סטיק לגבר גרין נטור,א.משי תעשיות,IL,דאו סטיק לגבר,יחידה,1.00,יחידה,false,1,9.90,9.90,true,1,
7290016437454,false,18תחתון סופג לגבר M,,CZ,תחתון דיפנד,יחידה,1.00,יחידה,false,1,64.90,64.90,true,1,
7290016437461,false,16תחתון סופג לגבר L,,CZ,תחתון דיפנד,יחידה,1.00,יחידה,false,1,64.90,64.90,true,1,
7290016437614,false,44האגיס פרידום פנטס שלב3,,CZ,חיתולי האגיס,יחידה,1.00,יחידה,false,1,45.90,45.90,true,1,
7290016437652,false,26האגיס פרידום פנטס שלב6,,CZ,חיתולי האגיס,יחידה,1.00,יחידה,false,1,45.90,45.90,true,1,
7290016510249,false,תחליב רח.הוואי יוגורט700,טרופיקל דגיל בעמ,IL,תחליב רחצה הוואי,מיליליטרים,700.00,"100 מ""ל",false,1,8.90,1.27,true,1,
7290016510263,false,תח.רח.הוואי רגע יוקר700מ,טרופיקל דגיל בעמ,IL,תחליב רחצה הוואי,מיליליטרים,700.00,"100 מ""ל",false,1,8.90,1.27,true,1,
7290016510287,false,תח.רח.הוואי קרם דבש 700,טרופיקל דגיל בעמ,IL,תחליב רחצה הוואי,מיליליטרים,700.00,"100 מ""ל",false,1,8.90,1.27,true,1,
7290016510768,false,תחליב רח.הוואי יוגורט700,טרופיקל דגיל בעמ,IL,תחליב רחצה הוואי,מיליליטרים,700.00,"100 מ""ל",false,1,8.90,1.27,true,1,
7290016510775,false,קרם רחצה הוואי שמימיי700,טרופיקל דגיל בעמ,IL,קרם רחצה הוואי,מיליליטרים,700.00,"100 מ""ל",false,1,8.90,1.27,true,1,
7290016692198,false,קלאסיק משחת החתלה קלנדול,מאמי קר,IL,קלאסיק משחת החתל,מיליליטרים,120.00,"100 מ""ל",false,1,19.90,16.59,true,1,
7290016866667,false,פרודונטקס ללא פלואוריד75,MICLEN DE,SK,משחה פרודונטקס,מיליליטרים,75.00,"100 מ""ל",false,1,31.90,42.53,true,1,
7290016866674,false,משחה פרודונטקס מלבינה75מ,MICLEN DE,SK,משחה פרודונטקס,מיליליטרים,75.00,"100 מ""ל",false,1,31.90,42.53,true,1,
7290016866704,false,"שמפו קרטין E סטייל750מ""ל",גורי,IL,שמפו קרטין,מיליליטרים,750.00,"100 מ""ל",false,1,29.90,3.99,true,1,
7290017031705,false,"סנסודיין קלין&פרש 75 מ""ל",MICLEN DE,SK,משחת סנסודיין,מיליליטרים,75.00,"100 מ""ל",false,1,18.90,25.20,true,1,
7290017031811,false,מברשות פרודונטקס 2 יח,"L Co., Industrial Shummi",CN,מברשות פרודונטקס,יחידה,1.00,יחידה,false,1,28.90,28.90,true,1,
7290017088693,false,מגבונים לחיטוי/ניקוי10יח,DPL,IL,מגבונים לרצפה,יחידה,1.00,יחידה,false,1,10.00,10.00,true,1,
7290017088839,false,8 תחבושות לשתן אקסטרה+,EUROFIL,IT,בריז תחבושות שתן,יחידה,1.00,יחידה,false,1,16.90,16.90,true,1,
7290017088846,false,8 תחבושות בריז לשתן מקסי,EUROFIL,IT,בריז תחבושות שתן,יחידה,1.00,יחידה,false,1,16.90,16.90,true,1,
7290017088983,false,חיתולי בייביסיטר דק שלב2,די.פי.אל תעשיות מוצרים ח,IL,חיתול דק מידה 2,יחידה,1.00,יחידה,false,1,26.90,26.90,true,1,
7290017440286,false,מרכך קידס ויטמינים 750מל,CHEMIPAL FISHER (BIO,IL,מרכך קידס,מיליליטרים,750.00,"100 מ""ל",false,1,16.90,2.25,true,1,
7290017440309,false,שמפו קידס ויטמיניםnk 750,CHEMIPAL FISHER (BIO,IL,שמפו קידס,מיליליטרים,750.00,"100 מ""ל",false,1,16.90,2.25,true,1,
7290017445595,false,מייבש לק מהיר נייל סטודי,,IL,מייבש לק מהיר ני,מיליליטרים,15.00,"100 מ""ל",false,1,29.90,199.33,true,1,
7290017637600,false,MB מרכך לשיער רגיל לברק,סאסא קוסמטיקס,IL,MB מרכך לשיער,מיליליטרים,500.00,"100 מ""ל",false,1,24.90,4.98,true,1,
7290017637655,false,"MB שמפו קרטין 500 מ""ל",סאסא קוסמטיקס,IL,MB שמפו קרטין,מיליליטרים,500.00,"100 מ""ל",false,1,27.90,5.58,true,1,
7290017695662,false,קיט החלקה סילבר .,מיסטר בונד,IL,קיט החלקה סילבר,יחידה,1.00,יחידה,false,1,199.00,199.00,true,1,
7290017872001,false,פרש וואנס קרם החתלה 100מ,,IL,פרש וואנס קרם הח,מיליליטרים,100.00,"100 מ""ל",false,1,10.90,10.90,true,1,
7290017872216,false,שעווה למיקרוגל 500 גרם,"ש. שוורץ )באר שבע( בע""\מ",IL,שעווה למיקרו,גרמים,500.00,100 גרם,false,1,27.90,5.58,true,1,
7290018080061,false,מברשת אצבע סליקון יחידה,מאמי קאר,CN,מברשת אצבע סליקו,יחידה,1.00,יחידה,false,1,19.90,19.90,true,1,
7290018132388,false,מטרנה גולד שלב 2 700 גרם,מטרנה תעשיות ש.מ.,IL,מטרנה גולד שלב 2,גרמים,700.00,100 גרם,false,1,73.90,10.56,true,1,
7290018156834,false,אולטרסולSPF50 קרם פנים50,,IL,אולטרסול קר.פנים,מיליליטרים,50.00,"100 מ""ל",false,1,49.90,99.80,true,1,
7290018182239,false,מארז גרדן אואזיס יח',,IL,מארז גרדן אואזיס,יחידה,1.00,יחידה,false,1,59.90,59.90,true,1,
7290018182376,false,מארז מעטפת לבבות יח',,IL,מארז מעטפת לבבות,יחידה,1.00,יחידה,false,1,29.90,29.90,true,1,
7290018228852,false,מטליות להסרת איפור יח,,IL,מטליות להסרת איפ,יחידה,1.00,יחידה,false,1,19.90,19.90,true,1,
7290018343296,false,"אלכוג'ל 100 מ""ל",,IL,"אלכוג'ל 100 מ""ל",מיליליטרים,100.00,"100 מ""ל",false,1,9.90,9.90,true,1,
7290018493076,false,ק. דיים אפקטיב ארגןו100,"ד""ר שר",IL,קרם ידיים,מיליליטרים,100.00,"100 מ""ל",false,1,15.90,15.90,true,1,
7290018493403,false,קצף אמבט ויטמינים קיד750,,IL,קצף אמבט ויטמיני,מיליליטרים,750.00,"100 מ""ל",false,1,16.90,2.25,true,1,
7290018516362,false,פרינוק בננה ושיבולת 190ג,פרוטה פודיווין,CZ,פרינוק ארוחה,גרמים,190.00,100 גרם,false,1,5.60,2.95,true,1,
7290018516379,false,פרינוק פירות ושיבולת190ג,פרוטה פודיווין,CZ,פרינוק ארוחת סלט,גרמים,190.00,100 גרם,false,1,5.60,2.95,true,1,
7290018921609,false,קרם החתלה קלנדולה 120גרם,פישר מעבדות פרמצבטיות בע,IL,קמיל בלו ק החתלה,גרמים,120.00,100 גרם,false,1,23.90,19.92,true,1,
7290018921807,false,קמיל בלו משחת החתלה120ג,פישר מעבדות פרמצבטיות בע,IL,קמיל בלו משחה,גרמים,120.00,100 גרם,false,1,21.90,18.25,true,1,
7290019014621,false,"מרכך כביסה לגונה 900 מ""ל",סאסא טק,IL,מרכך כביסה לגונה,מיליליטרים,900.00,"100 מ""ל",false,1,19.90,2.21,true,1,
7290019014645,false,"מסיר כתמים טנקס 500 מ""ל",סאסא טק,IL,מסיר כתמים TNX,מיליליטרים,500.00,"100 מ""ל",false,1,24.90,4.98,true,1,
7290019014669,false,ג'ל לכביסה צבעונית 1.35ל,סאסא טק,IL,ג'ל לכביסה ירוק,ליטרים,1.35,ליטר,false,1,29.90,22.15,true,1,
7290019014737,false,"מבשם בדים ביץ קלאב500מ""ל",סאסא טק,IL,מבשם בדים קלאב,מיליליטרים,500.00,"100 מ""ל",false,1,19.90,3.98,true,1,
7290019014744,false,מרסס חלונות פרש וויט750מ,סאסא טק,IL,מרסס חלונות פרש,מיליליטרים,750.00,"100 מ""ל",false,1,13.90,1.85,true,1,
7290019014812,false,"מרסס מנטרל ריחות 500 מ""ל",סאסא טק,IL,מרסס מנטרל ריחות,מיליליטרים,500.00,"100 מ""ל",false,1,19.90,3.98,true,1,
7290019014843,false,תרסיס לניקוי חלונות400מל,סאסא טק,IL,תרסיס לחלונות,מיליליטרים,400.00,"100 מ""ל",false,1,19.90,4.98,true,1,
7290019074885,false,קמיל בלו סופט ק. גוף500מ,פישר מעבדות פרמצבטיות בע,IL,קמיל בלו קרם גוף,מיליליטרים,500.00,"100 מ""ל",false,1,34.50,6.90,true,1,
7290019075899,false,קמיל בלו סופט א.סבון1ל,פישר מעבדות פרמצבטיות בע,IL,א.סבון קמיל בלו,ליטרים,1.00,ליטר,false,1,34.90,34.90,true,1,
7290019274087,false,"ארוסול קצף לאסלות 400מ""ל",סאסא טק,IL,ארוסול קצף ניקוי,מיליליטרים,400.00,"100 מ""ל",false,1,19.90,4.98,true,1,
7290019274117,false,"מרסס ניקוי נירוסטה500מ""ל",סאסא טק,IL,מנקה נירוסטה,מיליליטרים,500.00,"100 מ""ל",false,1,14.90,2.98,true,1,
7290100243671,false,"בדין אקסטרה כחול 960 מ""ל",יוניליוור סנאיי וי טיקאר,TR,מרכך כביסה בדין,מיליליטרים,960.00,"100 מ""ל",false,0,16.90,1.76,true,1,
7290100412732,false,"תחליב גוף עור יבש 400מ""ל",אמיליה,IL,תחליב גוף דר עור,מיליליטרים,400.00,"100 מ""ל",false,1,32.90,8.23,true,1,
7290100412756,false,"קרם ידיים עור יבש 100מ""ל",אמיליה,IL,קרם ידיים,מיליליטרים,100.00,"100 מ""ל",false,1,12.90,12.90,true,1,
7290100412763,false,"תחליב רחצה לבנדר 700 מ""ל",אמיליה,IL,תחליב רחצה,מיליליטרים,700.00,"100 מ""ל",false,1,19.90,2.84,true,1,
7290100412770,false,"תחליב רחצה מאסק 700 מ""ל",אמיליה,IL,תחליב רחצה,מיליליטרים,700.00,"100 מ""ל",false,1,19.90,2.84,true,1,
7290100412831,false,תחליב רח.אנטיאיג'נג700,אמיליה,IL,תחליב רחצה,מיליליטרים,700.00,"100 מ""ל",false,1,19.90,2.84,true,1,
7290100653586,false,ליידי ס.סטיק24/7ג'ל ורוד,קולגייט פלמוליב,US,ליידי ס.סטיק24/7,גרמים,65.00,100 גרם,false,0,17.90,27.54,true,1,
7290100687109,false,במבה נוגט 60 גרם,"אסם השקעות בע""\מ",IL,במבה נוגט,גרמים,60.00,100 גרם,false,0,5.90,9.83,true,1,
7290100921401,false,שמפו הוואי קרטין מחזק700,טרופיקל דגיל,IL,שמפו הוואי,מיליליטרים,700.00,"100 מ""ל",false,0,8.90,1.27,true,1,
7290101551027,false,"קפסולות מס' 14 כשל""פ50ג",שטראוס קפה בי.וי,IL,קפסולות מס' 14,גרמים,50.00,100 גרם,false,1,19.90,39.80,true,1,
7290101865261,false,"פיניש נוזל הברקה 800 מ""ל",רקיט בנקיזר,PL,פיניש נוזל הברקה,מיליליטרים,800.00,"100 מ""ל",false,0,24.90,3.11,true,1,
7290102060764,false,2 מברשות שיניים מרידול,גאבה,CH,2 מברשות שיניים,יחידה,1.00,יחידה,false,0,38.90,38.90,true,1,
7290102060979,false,"משחה שיניים אלמקס 100מ""ל",קולגייט- פלמוליב,PL,משחת שיניים,מיליליטרים,100.00,"100 מ""ל",false,0,17.90,17.90,true,1,
7290102809110,false,מטריה מתהפכת יח',פולו,IL,מטריה מתהפכת,יחידה,1.00,יחידה,false,1,34.90,34.90,true,1,
7290104960338,false,תחליב רח.נקה 7 אלוורה750,טרופיקל דגיל תעשיות קוסמ,IL,תחליב רחצה נקה 7,מיליליטרים,750.00,"100 מ""ל",false,0,12.90,1.72,true,1,
7290104961908,false,"סרום קרטין נטורל 145 מ""ל",קוסמופארם,IL,סרום קרטין,מיליליטרים,145.00,"100 מ""ל",false,0,49.90,34.41,true,1,
7290104961915,false,BOLD מסקרה שחורה,קרליין,IT,BOLD מסקרה שחורה,יחידה,1.00,יחידה,false,1,69.90,69.90,true,1,
7290104962073,false,דאו.טיטניום,,IL,דאו.טיטניום,מיליליטרים,180.00,"100 מ""ל",false,0,16.90,9.39,true,1,
7290104962509,false,"קרם קרטין נטורל 145 מ""ל",קרטין,IL,קרם קרטין,מיליליטרים,145.00,"100 מ""ל",false,0,39.90,27.52,true,1,
7290104962844,false,"שמפו אמפולה נטורל 400מ""ל",קוסמופארם בע'\'\מ,IL,שמפו אמפולה,מיליליטרים,400.00,"100 מ""ל",false,1,29.90,7.48,true,1,
7290104963001,false,מגבונים סופטקר עדין72*4,טרופיקל דגיל,IL,מגבונים סופטקר,יחידה,1.00,יחידה,false,1,19.90,19.90,true,1,
7290104963223,false,סופטקר אל סבון קלאסי 1 ל,קוסמופארם בע'\'\מ,IL,סופטקר אל סבון,ליטרים,1.00,ליטר,false,1,18.90,18.90,true,1,
7290104963650,false,סופטקר שמפו צהוב 1ליטר,קוסמופארם בע'\'\מ,IL,סופטקר שמפו,ליטרים,1.00,ליטר,false,1,18.90,18.90,true,1,
7290104964107,false,EFFECT MULTI קרם עיניים,פאר פארם בעמ,IL,EFFECT MULTI קרם,מיליליטרים,30.00,"100 מ""ל",false,1,44.90,149.67,true,1,
7290105360250,false,קפסולות קפה מס' 9 50 גרם,שטראוס קפה בי.וי.,IL,קפסולות קפה,גרמים,50.00,100 גרם,false,0,19.90,39.80,true,1,
7290105360328,false,קפסולות מס' 10 50 גרם,שטראוס קפה בי.וי.,IL,קפסולות מס' 10,גרמים,50.00,100 גרם,false,0,19.90,39.80,true,1,
7290105360335,false,קפסולות מס' 7 50 גרם,שטראוס קפה בי.וי.,IL,קפסולות מס' 7,גרמים,50.00,100 גרם,false,0,19.90,39.80,true,1,
7290106525399,false,קפסולות ברזיל 06 50 גרם,שטראוס קפה בי.וי.,IL,קפסולות קפה,גרמים,50.00,100 גרם,false,1,19.90,39.80,true,1,
7290107544498,false,דפילטור בקיני 80 גרם,,IL,דפילטור בקיני,גרמים,80.00,100 גרם,false,1,17.90,22.38,true,1,
7290107956901,false,קפסולות אספרסו ט.אגוז50ג,שטראוס קפה בי.וי.,IL,קפסולות אספרסו,גרמים,50.00,100 גרם,false,1,19.90,39.80,true,1,
7290107971744,false,"מי פה טוטל ירוק 500 מ""ל",קולגייט-פלמוליב,PL,מי פה קולגייט,מיליליטרים,500.00,"100 מ""ל",false,1,24.90,4.98,true,1,
7290107975544,false,"משחת שיניים ברבי 50 מ""ל",קולגייט- פלמוליב,PL,משחת שיניים,מיליליטרים,50.00,"100 מ""ל",false,1,14.90,29.80,true,1,
7290107978101,false,אופטיק וייט אקסטרה 75מל,קולגייט,PL,משחת אופטיק וייט,מיליליטרים,75.00,"100 מ""ל",false,1,19.90,26.54,true,1,
7290107978637,false,"משחת מרידול 75 מ""ל",קולגייט פלמוליב,PL,משחת מרידול,מיליליטרים,75.00,"100 מ""ל",false,1,19.90,26.53,true,1,
7290108350722,false,משחת אורביטול בוב ספוג70,טרופיקל דגיל תעשיות קוסמ,IL,משחת אורביטול +6,מיליליטרים,70.00,"100 מ""ל",false,1,9.90,14.14,true,1,
7290108351552,false,סנו ג'ט בתוספת חומץ750מל,"סנו מפעלי ברונוס בע""\מ",IL,סנו ג'ט עם חומץ,מיליליטרים,750.00,"100 מ""ל",false,1,9.90,1.32,true,1,
7290108352047,false,2מברשות 808 + חוט דנטלי,Z.H.T,CN,זוג מברשות+חוט,יחידה,1.00,יחידה,false,1,21.90,21.90,true,1,
7290108352092,false,מש.אורביטול פרוטקטיב145ג,טרופיקל דגיל תעשיות קוסמ,IL,משחת אורביטול,גרמים,145.00,100 גרם,false,1,10.90,7.51,true,1,
7290108353792,false,נקה 7 תחליב רחצה יפן 750,קוסמופארם בע'\'\מ,IL,תחליב רחצה בניחו,מיליליטרים,750.00,"100 מ""ל",false,1,12.90,1.72,true,1,
7290108353952,false,"דאו.קרמה קלאסי 150 מ""ל",מיוצר עי : אמיליה קוסמטי,TR,דאודורנט קרמה,מיליליטרים,150.00,"100 מ""ל",false,1,16.90,11.27,true,1,
7290108353969,false,"דאו.קרמה מאסק 150 מ""ל",מיוצר עי : אמיליה קוסמטי,TR,דאודורנט קרמה,מיליליטרים,150.00,"100 מ""ל",false,1,16.90,11.27,true,1,
7290108354591,false,נקה 7ביו רחצה קקטוס750מל,"קוסמופארם בע""\מ",IL,תחליב רחצה נקה 7,מיליליטרים,750.00,"100 מ""ל",false,1,12.90,1.72,true,1,
7290108354614,false,מרכך נקה7ביו מי קקטוס750,"קוסמופארם בע""\מ",IL,מרכך נקה 7 קקטוס,מיליליטרים,750.00,"100 מ""ל",false,1,13.90,1.85,true,1,
7290108355062,false,נטורל פורמולה לחות+קרטין,אמיליה קוסמטיקס,IL,לחות נט.פורמולה,מיליליטרים,400.00,"100 מ""ל",false,1,29.90,7.48,true,1,
7290108355086,false,גלייז נטורל פורמולה 350מ,קוסמופארם בע'\'\מ,IL,גלייז נט.פורמולה,מיליליטרים,350.00,"100 מ""ל",false,1,38.90,11.11,true,1,
7290108355130,false,בייבי כיף שמן לפ.שינה500,קוסמופארם,IL,בייבי כיף שמן,מיליליטרים,500.00,"100 מ""ל",false,1,26.90,5.38,true,1,
7290108355710,false,"קרליין בודי מייסט 250 מ""",פאר פארם בעמ,IL,קרליין בודי מיסט,מיליליטרים,250.00,"100 מ""ל",false,1,39.90,15.96,true,1,
7290108355949,false,תח.רחצה קרמה נרולי700,קוסמופארם בעמ,IL,תחליב רחצה קרמה,מיליליטרים,700.00,"100 מ""ל",false,1,17.90,2.56,true,1,
7290108356113,false,כיף תחליב רח.חלב ודבש700,קוסמופארם,IL,כיף תחליב רחצה,מיליליטרים,700.00,"100 מ""ל",false,1,10.90,1.55,true,1,
7290108356298,false,כיף מוס רחצה ק.עוגיות150,קוסטר אירוסול,TR,כיף מוס רחצה,מיליליטרים,150.00,"100 מ""ל",false,1,11.90,7.93,true,1,
7290108356533,false,שמפו 10 לשיער מתולתל700מ,"קוסמופארם בע""\מ",IL,שמפו 10 קרליין,מיליליטרים,700.00,"100 מ""ל",false,1,14.90,2.13,true,1,
7290108356564,false,מרכך 10 לשיער רגיל 700מל,"קוסמופארם בע""\מn\",IL,מרכך 10 קרליין,מיליליטרים,700.00,"100 מ""ל",false,1,14.90,2.13,true,1,
7290108356588,false,מרכך 10 לשיער מתולתל700מ,"קוסמופארם בע""\מ",IL,מרכך 10 קרליין,מיליליטרים,700.00,"100 מ""ל",false,1,14.90,2.13,true,1,
7290108357011,false,כיף מרכך מועשר בשמן700מל,"קוסמופארם בע""\מ",IL,מרכך שיער כיף,מיליליטרים,700.00,"100 מ""ל",false,1,10.90,1.55,true,1,
7290108357073,false,דאו.ספריי ביו ציטרוס150מ,קוסטר אירוסול,CZ,דאו.ספריי ביו,מיליליטרים,150.00,"100 מ""ל",false,1,16.90,11.27,true,1,
7290108357301,false,"K300 לקטילה מיידית300מ""ל","סנו מפעלי ברונוס בע""\מ",IL,K300 סנו,מיליליטרים,300.00,"100 מ""ל",false,1,18.90,6.30,true,1,
7290108357417,false,קרמה ק.גוף ורד וניל500מל,קוסמופארם בע'\'\מ,IL,קרם גוף ורד ווני,מיליליטרים,500.00,"100 מ""ל",false,1,24.90,4.98,true,1,
7290108357707,false,כיף שמפו לשיער רגיל 700מ,קוסמופארם,IL,כיף שמפו,מיליליטרים,700.00,"100 מ""ל",false,1,10.90,1.55,true,1,
7290108357721,false,כיף שמפו לשיער דק 700מל,קוסמופארם,IL,כיף שמפו,מיליליטרים,700.00,"100 מ""ל",false,1,10.90,1.55,true,1,
7290108357769,false,כיף מרכך לשיער רגיל700מל,קוסמופארם,IL,כיף מרכך שיער,מיליליטרים,700.00,"100 מ""ל",false,1,10.90,1.55,true,1,
7290108357837,false,כיף אל סבון מילוי אצות1ל,"קוסמופארם בע""\מ",IL,כיף שקית מילוי,ליטרים,1.00,ליטר,false,1,11.90,11.90,true,1,
7290108357844,false,כיף סב.מילוי ג'ינסינג 1ל,"קוסמופארם בע""\מ",IL,כיף שקית מילוי,ליטרים,1.00,ליטר,false,1,11.90,11.90,true,1,
7290110452261,false,"אייקון פרש לייס 50 מ""ל",,IL,אייקון פרש לייס,מיליליטרים,50.00,"100 מ""ל",false,1,99.00,198.00,true,1,
7290111091711,false,"ליסטרין תה ירוק 750 מ""ל",ג'ונסון,IT,מי פה ליסטרין,מיליליטרים,750.00,"100 מ""ל",false,1,52.90,7.05,true,1,
7290111095818,false,קוויק שק.אשפהL בגליל40יח,,TR,שקיות אשפה בגליל,יחידה,1.00,יחידה,false,1,18.90,18.90,true,1,
7290111096921,false,קוויק מטליות לניקוי50יח,DPL,IL,קוויק מגבונים,יחידה,1.00,יחידה,false,1,9.90,9.90,true,1,
7290111097836,false,קוויק דוחה אבק למשטחים 5,DPL,IL,קוויק דוחה אבק,יחידה,1.00,יחידה,false,1,9.90,9.90,true,1,
7290111340956,false,10מטליות לרצפה ריח מרכך,חוגלה קימברלי,IL,מטליות רצפה לחות,יחידה,1.00,יחידה,false,1,11.90,11.90,true,1,
7290111342042,false,כרית יפנית אנטיבקטריאלית,,IL,כריות יפניות,יחידה,1.00,יחידה,false,1,13.90,13.90,true,1,
7290111343483,false,קוטקס 20 תחבוש.יאנג נייט,,CZ,תחבושות קוטקס,יחידה,1.00,יחידה,false,1,17.90,17.90,true,1,
7290111343742,false,דיפנד 9תחתון סופג נשים L,,CZ,דיפנד תחתון סופג,יחידה,1.00,יחידה,false,1,44.90,44.90,true,1,
7290111344459,false,תחבושות נייט א.לונג 18יח,,CN,תחבושות נייט,יחידה,1.00,יחידה,false,1,17.90,17.90,true,1,
7290111344831,false,60מגן תחתון קוטקס נורמל,,CN,מגן תחתון קוטקס,יחידה,1.00,יחידה,false,1,17.90,17.90,true,1,
7290111344879,false,44מגן תחתון קוטקס 2ב1,,CN,מגן תחתון קוטקס,יחידה,1.00,יחידה,false,1,17.90,17.90,true,1,
7290111345760,false,קוטקס 18תחבוש.כותנה סופר,,CZ,תחבושות קוטקס,יחידה,1.00,יחידה,false,1,17.90,17.90,true,1,
7290111345777,false,קוטקס 16תחבוש.כותנה נייט,,CZ,תחבושות קוטקס,יחידה,1.00,יחידה,false,1,17.90,17.90,true,1,
7290111936203,false,"ליידי ס""ס ספריי דרמה150מ",,MX,ליידי ספיד סטיק,מיליליטרים,150.00,"100 מ""ל",false,1,14.90,9.93,true,1,
7290112002099,false,ג'ל כביסה קולון קלאסי2.5,רקיט בנקיזר,IL,ג'ל כביסה קולון,ליטרים,2.50,ליטר,false,1,27.90,11.16,true,1,
7290112003973,false,מסיר כתמים אבקת קליה 1.3,רקיט בנקיזר,IT,וניש גולד אבקה,קילוגרמים,1.35,"ק""ג",false,1,34.90,25.85,true,1,
7290112192561,false,פרודונטקס הגנה מלבינה75מ,DEMICLEN,IE,משחה פרודונטקס,מיליליטרים,75.00,"100 מ""ל",false,1,34.90,46.53,true,1,
7290112192875,false,סנסודין רגישות+חניכיים75,MICLEN DE,GB,משחת סנסודיין,מיליליטרים,75.00,"100 מ""ל",false,1,34.90,46.53,true,1,
7290112349538,false,קפה טורקי עלית 160 גרם,שטראוס קפה בי.וי.,IL,קפה טורקי עלית,גרמים,160.00,100 גרם,false,1,11.90,7.44,true,1,
7290112492449,false,שמפו לשיער רגיל700מ,יוניליוור ישראל טיפוח אי,IL,שמפו לשיער רגיל,מיליליטרים,700.00,"100 מ""ל",false,1,13.90,1.99,true,1,
7290112492470,false,"שמפו+מרכך 2ב1 700 מ""ל",יוניליוור,IL,פינוק 2ב1-,מיליליטרים,700.00,"100 מ""ל",false,1,13.90,1.99,true,1,
7290112492579,false,פינוק מרכך שמן קוקוס700מ,יוניליוור ישראל טיפוח אי,IL,מרכך פינוק,מיליליטרים,700.00,"100 מ""ל",false,1,13.90,1.99,true,1,
7290112492630,false,פינוק רחצה לגבר3ב1 700מל,יוניליוור ישראל טיפוח אי,IL,פינוק 3 ב1- לגבר,מיליליטרים,700.00,"100 מ""ל",false,1,13.90,1.99,true,1,
7290112492647,false,שמפו 3 ב1- לגבר ספורט 70,יוניליוור ישראל טיפוח אי,IL,פינוק רחצה לגבר,מיליליטרים,700.00,"100 מ""ל",false,1,13.90,1.99,true,1,
7290112492678,false,"פינוק שמפו לנסיעות100מ""ל",יוניליוור ישראל טיפוח אי,IL,שמפו פינוק,מיליליטרים,100.00,"100 מ""ל",false,1,6.50,6.50,true,1,
7290112494825,false,דאב תרחיץ פנים רגיש180מל,יוניליוור ישראל טיפוח אי,IL,דאב תרחיץ פנים,מיליליטרים,180.00,"100 מ""ל",false,1,13.90,7.72,true,1,
7290112496188,false,"אקס בושם כיס אפולו 17מ""ל",יוניליוור,TR,אקס בושם כיס,מיליליטרים,17.00,"100 מ""ל",false,1,19.90,117.06,true,1,
7290112499448,false,פינוק מרכך + שמן מרוקאי,יוניליוור ישראל טיפוח אי,IL,מרכך שיער פינוק,מיליליטרים,700.00,"100 מ""ל",false,1,13.90,1.99,true,1,
7290112499479,false,"שמפו פינוק קרטין 700 מ""ל",,,שמפו פינוק,יחידה,1.00,יחידה,false,0,13.90,13.90,true,1,
7290112499509,false,דאו. רקסונה אפרסק150מ,קוסטר אירוסול,TR,דאו ספריי רקסונה,מיליליטרים,150.00,"100 מ""ל",false,1,17.90,11.93,true,1,
7290114721608,false,מברשת חשמלית לילדים חד ק,פוג'יקום,CN,מברשת שיניים,יחידה,1.00,יחידה,false,1,29.90,29.90,true,1,
7290115073676,false,מארז מסכת פנים צבעוני50י,,CN,מסכת פנים חד פעמ,יחידה,1.00,יחידה,false,1,12.90,12.90,true,1,
7290115205176,false,קרקר דק כפרי פיטנס 140גר,אסם יקנעם,IL,קרקר דק פיטנס,גרמים,140.00,100 גרם,false,1,14.90,10.64,true,1,
7290116530161,false,תחליב רח.אננס מלון700מ,יוניליוור ישראל טיפוח אי,IL,תחליב רחצה פינוק,מיליליטרים,700.00,"100 מ""ל",false,1,11.90,1.70,true,1,
7290116530888,false,בדין ג'ל כביסה פינוק2.5ל,"זוהר דליה, קיבוץ דליה, 1",IL,ג'ל כביסה בדין,ליטרים,2.50,ליטר,false,1,29.90,11.96,true,1,
7290116531663,false,"ת.רחצה פינוק תפוח 700מ""ל",יוניליוור ישראל טיפוח אי,IL,תחליב רחצה פינוק,מיליליטרים,700.00,"100 מ""ל",false,1,11.90,1.70,true,1,
7290116531977,false,דאו .ספריי אקס סקייט150מ,"קוסטר אירוסול, גבזה 4140",TR,דאו .ספריי אקס,מיליליטרים,150.00,"100 מ""ל",false,1,11.90,7.93,true,1,
7290116532011,false,חטיף קליק נוגט 35 גרם,תות תעשיות מזון (2014) ב,IL,חטיף קליק נוגט,גרמים,35.00,100 גרם,false,1,5.90,16.86,true,1,
7290116532868,false,שמפו בייבי פינוק 900מ,יוניליוור ישראלn\טיפוח א,IL,בייבי שמפו,מיליליטרים,900.00,"100 מ""ל",false,1,21.90,2.43,true,1,
7290116533100,false,"מרכך פינוק ורדים 700מ""ל",יוניליוור ישראל טיפוח אי,IL,מרכך פינוק ורדים,מיליליטרים,700.00,"100 מ""ל",false,1,13.90,1.99,true,1,
7290117823798,false,בדיקת אנטיגן מהירה5 יח,,CN,בדיקת אנטיגן עצמ,יחידה,1.00,יחידה,false,1,39.90,39.90,true,1,
7290117825785,false,מסכה KN95 לבן 5 יחידות,,CN,מסכה לפנים KN95,יחידה,1.00,יחידה,false,1,10.00,10.00,true,1,
7296073195115,false,דייסת קורנפלור,שופרסל,IL,דייסת קורנפלור,גרמים,200.00,100 גרם,false,0,9.90,4.95,true,1,
7296073220398,false,חטיפי קרח,,IL,חטיפי קרח,מיליליטרים,800.00,"100 מ""ל",false,0,8.90,1.11,true,1,
7296073223009,false,שמן זית,,IT,שמן זית,מיליליטרים,750.00,"100 מ""ל",false,0,29.90,3.99,true,1,
7296073254287,false,"אל סבון כחול 500*3 מ""ל",שופרסל,TR,אל סבון נוזלי3יח,ליטרים,1.50,ליטר,false,1,12.90,8.60,true,1,
7296073261384,false,"אל סבון מעורב 500*3 מ""ל",טאהא קימיה,TR,אל סבון נוזלי3יח,ליטרים,1.50,ליטר,false,1,12.90,8.60,true,1,
7296073267010,false,מחית סלט פירות שופרסל190,,CZ,מחית סלט פירות,גרמים,190.00,100 גרם,false,1,4.90,2.58,true,1,
7296073277255,false,מארז מגבונים לחים 6 יח,דינמיק,IL,מארז מגבוניםלחים,יחידה,1.00,יחידה,false,1,18.90,18.90,true,1,
7296073286073,false,"אורז בסמטי בצנצנת 1 ק""ג",SETIA LAL CHAMAN,IN,אורז בסמטי,קילוגרמים,1.00,"ק""ג",false,1,14.90,14.90,true,1,
7296073322979,false,בוטנים מצופים קלויים50ג,ששון ושות'\ )ש.ת. תעשיות,IL,בוטנים אמריקאים,גרמים,50.00,100 גרם,false,1,2.50,5.00,true,1,
7296073330653,false,ספוגית לטקס למייקאפ אובל,BE NOW,CN,ספוגית למייקאפ,יחידה,1.00,יחידה,false,0,12.90,12.90,true,1,
7296073330936,false,פינצטה אפורה קצה ישר,BE NOW,CN,פינצטה ישרה אפור,יחידה,1.00,יחידה,false,0,19.90,19.90,true,1,
7296073331056,false,קוצץ קטן,BE NOW,CN,קוצץ קטן,יחידה,1.00,יחידה,false,0,8.90,8.90,true,1,
7296073331148,false,מספריים לציפורניים מבריק,BE NOW,CN,מספריים לציפורן,יחידה,1.00,יחידה,false,0,29.90,29.90,true,1,
7296073331254,false,פצירה צבעונית,BE NOW,CN,פצירה צבעונית,יחידה,1.00,יחידה,false,0,8.90,8.90,true,1,
7296073331582,false,מברשת שיער אובל ורודה L,BE NOW,CN,מברשת אובל Lורוד,יחידה,1.00,יחידה,false,0,24.90,24.90,true,1,
7296073331667,false,מברשת שיער לילדות,BE NOW,CN,מברשת שיער ילדות,יחידה,1.00,יחידה,false,0,24.90,24.90,true,1,
7296073331742,false,מברשת אובלית שיער רטוב,BE NOW,CN,מברשת אובל רטוב,יחידה,1.00,יחידה,false,0,39.90,39.90,true,1,
7296073331841,false,מסרק גדול שחור,BE NOW,CN,מסרק גדול שחור,יחידה,1.00,יחידה,false,0,9.90,9.90,true,1,
7296073331858,false,מסרק לתלתלים עם ידית,BE NOW,CN,מסרק לתלתלים,יחידה,1.00,יחידה,false,0,9.90,9.90,true,1,
7296073331940,false,גומיות שחורות 12 יח,BE NOW,CN,12 גומיות שחורות,יחידה,1.00,יחידה,false,0,9.90,9.90,true,1,
7296073332121,false,8 גומיות מגבת צבעוניות,BE NOW,CN,8ג.מגבת צבעוני,יחידה,1.00,יחידה,false,0,9.90,9.90,true,1,
7296073332176,false,6 גומיות שחור פתוחות,BE NOW,CN,6גומיות ש. פתוח,יחידה,1.00,יחידה,false,0,9.90,9.90,true,1,
7296073332206,false,3 גומיות סקונצים דק שחור,BE NOW,CN,3גומיות סקונצ'ים,יחידה,1.00,יחידה,false,0,9.90,9.90,true,1,
7296073332411,false,תיקתק חד קרן 4 יח,BE NOW,CN,4 תיקתק חד קרן,יחידה,1.00,יחידה,false,0,16.90,16.90,true,1,
7296073332428,false,6 תיקתק לבבות ופינגווין,BE NOW,CN,6תיקתק פינגווין,יחידה,1.00,יחידה,false,0,19.90,19.90,true,1,
7296073332565,false,קליפס בינוני 4 יח חום,BE NOW,CN,4קליפס M חום,יחידה,1.00,יחידה,false,0,14.90,14.90,true,1,
7296073332572,false,קליפס בינוני חזק 3 יח,BE NOW,CN,3קליפס M חזק,יחידה,1.00,יחידה,false,0,14.90,14.90,true,1,
7296073332596,false,קליפס בננה,BE NOW,CN,קליפס בננה,יחידה,1.00,יחידה,false,0,14.90,14.90,true,1,
7296073332893,false,ספוג רשת שלישייה,BE NOW,CN,ספוג רשת שלישיה,יחידה,1.00,יחידה,false,0,9.90,9.90,true,1,
7296073332923,false,מברשת גב פלסטיק,BE NOW,CN,מברשת גב פלסטיק,יחידה,1.00,יחידה,false,0,19.90,19.90,true,1,
7296073332992,false,כובע אמבט ניילון,BE NOW,CN,כובע אמבט ניילון,יחידה,1.00,יחידה,false,0,9.90,9.90,true,1,
7296073333241,false,בקבוקון פלסטיק,BE NOW,CN,בקבוקון פלסטיק,יחידה,1.00,יחידה,false,0,7.90,7.90,true,1,
7296073333548,false,תיק איפור מעוצב,BE NOW,CN,תיק איפור מעוצב,יחידה,1.00,יחידה,false,0,29.90,29.90,true,1,
7296073333555,false,תיק איפור זהב,BE NOW,CN,תיק איפור זהב,יחידה,1.00,יחידה,false,0,29.90,29.90,true,1,
7296073333661,false,מברשת שיער אובל סגולה L,BE NOW,CN,מברשת אובל Lסגול,יחידה,1.00,יחידה,false,0,24.90,24.90,true,1,
7296073343288,false,צמר גפן 100 גר' יחידה,BE NOW,IL,צמר גפן 100 גר',גרמים,100.00,100 גרם,false,1,9.90,9.90,true,1,
7296073343295,false,קסמי אזניים פלסטיק 300 י,BE NOW,IL,קסמי אזניים פלסט,יחידה,1.00,יחידה,false,1,10.90,10.90,true,1,
7296073343301,false,קסמי אזניים פלסטיק 200 י,BE NOW,IL,קסמי אזניים פלסט,יחידה,1.00,יחידה,false,1,6.90,6.90,true,1,
7296073343325,false,קסמי אזניים מעץ 100 יחיד,BE NOW,CN,קסמי אזניים מעץ,יחידה,1.00,יחידה,false,1,2.90,2.90,true,1,
7296073343479,false,"קרם חמצן 9% 60 מ""ל",,IL,קרם חמצן 9%,מיליליטרים,60.00,"100 מ""ל",false,1,4.90,8.17,true,1,
7296073343592,false,Be אל סבון לידיים מארז,BE NOW,IL,אל סבון לידיים פ,מיליליטרים,1500.00,"100 מ""ל",false,1,12.90,0.86,true,1,
7296073343653,false,"מסיר לק קלאסי 175 מ""ל BE",,TR,מסיר לק קלאסי,מיליליטרים,175.00,"100 מ""ל",false,1,7.90,4.52,true,1,
7296073345299,false,משחת שיניים מלבינה 100מל,,BG,משחת שיניים,מיליליטרים,100.00,"100 מ""ל",false,1,10.90,10.90,true,1,
7296073363200,false,Be מסכה לשיער מוחלק 500מ,א.משי תעשיות,IL,מסכה לשיער יבשBE,מיליליטרים,500.00,"100 מ""ל",false,1,34.90,6.98,true,1,
7296073363248,false,מרכך לשיער רגילBE 500,א.משי תעשיות,IL,מרכך לשיער רגיBE,מיליליטרים,500.00,"100 מ""ל",false,1,23.90,4.78,true,1,
7296073363378,false,BE קיסמי אוזניים לתינוק,BE NOW,IL,Be קיסמי אוזניים,יחידה,1.00,יחידה,false,1,6.90,6.90,true,1,
7296073363804,false,Be רצועות להסרת שיער50יח,BE NOW,IL,Be רצועות להסרת,יחידה,1.00,יחידה,false,1,16.90,16.90,true,1,
7296073363859,false,מגבונים להסרת איפור 25יח,טרופיקל דגיל,IL,מגבונים להסרת אי,יחידה,1.00,יחידה,false,1,8.90,8.90,true,1,
7296073363996,false,"BE סכינים ח""פ גבר 2 להב",,US,"סכיני גילוח חד""פ",יחידה,1.00,יחידה,false,1,9.90,9.90,true,1,
7296073374640,false,Beשעווה למיקרוגל 500גר,ש.שוורץ,IL,שעווה למיקרוגל,גרמים,500.00,100 גרם,false,1,19.90,3.98,true,1,
7296073380399,false,קליפסים קטנים שקופים 8 י,BE NOW,CN,קליפסים קטנים,יחידה,1.00,יחידה,false,1,14.90,14.90,true,1,
7296073381228,false,"תחליב רחצה Rose 700 מ""ל",שופרסל,TR,תחליב רחצה,מיליליטרים,700.00,"100 מ""ל",false,1,12.90,1.84,true,1,
7296073381518,false,שלישיית קליפסים ספרים,BE NOW,CN,שלישיית קליפסים,יחידה,1.00,יחידה,false,1,14.90,14.90,true,1,
7296073386063,false,סכיני גילוח חד'פ לנשים 2,EDGEWELL,US,סכין גילוח 5 להב,יחידה,1.00,יחידה,false,1,24.90,24.90,true,1,
7296073408932,false,מגבונים לחיטוי+ניקוי20יח,,IL,מגבונים לחיטוי20,יחידה,1.00,יחידה,false,1,12.90,12.90,true,1,
7296073415114,false,מגני תחתון נורמל 60 יח,קוראטקס,DE,מגני תחתון B,יחידה,1.00,יחידה,false,1,10.90,10.90,true,1,
7296073415138,false,44 מגני תחתון לונג,קוראטקס,DE,מגני תחתון B,יחידה,1.00,יחידה,false,1,10.90,10.90,true,1,
7296073415145,false,60מגני תחתון נערות נורמל,קוראטקס,DE,מגני תחתון B,יחידה,1.00,יחידה,false,1,10.90,10.90,true,1,
7296073420699,false,קיסמי אוזניים מעץ 300 יח,PRODUC UES DAILY JIEYANG,CN,קיסמי אוזניים מע,יחידה,1.00,יחידה,false,1,6.90,6.90,true,1,
7296073445401,false,"תרחיץ פנים גרגירי150 מ""ל",קוסמטיקס,TR,תרחיץ פנים מיסלר,מיליליטרים,150.00,"100 מ""ל",false,1,11.90,7.93,true,1,
7296073449508,false,מגבוני ניו בורן 64*4,דינמיק,IL,מגבוני ניו בורן,יחידה,1.00,יחידה,false,1,22.90,22.90,true,1,
7296073449775,false,קרם רחצה passion Pink,א.משי תעשיות,IL,קרם רחצה pa Pink,מיליליטרים,300.00,"100 מ""ל",false,1,39.90,13.30,true,1,
7296073449812,false,קרם גוף passion Purple,א.משי תעשיות,IL,קרם גוף p Purple,מיליליטרים,300.00,"100 מ""ל",false,1,49.90,16.63,true,1,
7296073451273,false,דאו.ספריי פרש שאוור150מ,סאסא קוסמטיקס,IL,דאו.ספריי אישה,מיליליטרים,150.00,"100 מ""ל",false,1,11.90,7.93,true,1,
7296073457794,false,מוס רחצה לגוף מלון 200,סאסא קוסמטיקס,IL,מוס רחצה לגוף מל,מיליליטרים,200.00,"100 מ""ל",false,1,29.90,14.95,true,1,
7296073457800,false,מוס רחצה לגוף דובדבן 200,סאסא קוסמטיקס,IL,מוס רחצה לגוף דו,מיליליטרים,200.00,"100 מ""ל",false,1,29.90,14.95,true,1,
7296073459286,false,"שמפו לתינוק 750 מ""ל",BFF,TR,שמפו לתינוק,מיליליטרים,750.00,"100 מ""ל",false,1,17.90,2.39,true,1,
7296073485063,false,מפיץ ריח chill ווד ספייס,דרימי,IL,מפיץ ריח chill ו,מיליליטרים,250.00,"100 מ""ל",false,1,59.90,23.96,true,1,
7296073485070,false,מפיץ ריח chill ונילה מאס,דרימי,IL,מפיץ ריח chill ו,מיליליטרים,500.00,"100 מ""ל",false,1,79.90,15.98,true,1,
7296073485087,false,מפיץ ריח ווד ספייסי שחור,דרימי,IL,מפיץ ריח ווד ספי,מיליליטרים,500.00,"100 מ""ל",false,1,79.90,15.98,true,1,
7296073495925,false,קרם גוף מבשם passio Deep,א.משי תעשיות,IL,קרם גוף מבשם Dee,מיליליטרים,300.00,"100 מ""ל",false,1,49.90,16.63,true,1,
7296073495949,false,קרם גוף מבשם passio Real,א.משי תעשיות,IL,קרם גוף מבשם Rea,מיליליטרים,300.00,"100 מ""ל",false,1,49.90,16.63,true,1,
7296073495970,false,מארז זוגי passion Real י,א.משי תעשיות,IL,מארז זוגי p Real,יחידה,1.00,יחידה,false,1,79.90,79.90,true,1,
7296073526919,false,פרל שמפו לשיער מוחלק500מ,א.משי תעשיות,IL,שמפו פרל לשיער,מיליליטרים,500.00,"100 מ""ל",false,1,23.90,4.78,true,1,
7296073527053,false,גומיית סקונץ שחורה .,BE NOW,CN,גומיית סקונץ שחו,יחידה,1.00,יחידה,false,1,7.90,7.90,true,1,
7296073527060,false,גומיות ורודות לשיער .,BE NOW,CN,גומיות ורודות לש,יחידה,1.00,יחידה,false,1,12.90,12.90,true,1,
7296073527084,false,סיכות בארט שחור/חום זוג,BE NOW,CN,סיכות בארט שחור/,יחידה,1.00,יחידה,false,1,19.90,19.90,true,1,
7296073527107,false,סיכות ענן שחור וחום זוג,BE NOW,CN,סיכות ענן שחור,יחידה,1.00,יחידה,false,1,19.90,19.90,true,1,
7296073527114,false,גומיות סקונץ צבעונית כתו,BE NOW,CN,גומיות סקונץ צבע,יחידה,1.00,יחידה,false,1,12.90,12.90,true,1,
7296073528531,false,פרל מסכות לשיער צבוע 500,א.משי תעשיות,IL,פרל מסכות לשיער,מיליליטרים,500.00,"100 מ""ל",false,1,34.90,6.98,true,1,
7296073528777,false,קיסמי אוזניים עץ שק300יח,אל ואי טי,CN,קיסמי אוזניים,יחידה,1.00,יחידה,false,1,6.90,6.90,true,1,
7296073530145,false,ערכת לידה,,IL,ערכת לידה,יחידה,1.00,יחידה,false,1,100.00,100.00,true,1,
7296073564683,false,BE אל סבון מאסק 1ליטר,טאהא קימיה,TR,BE אל סבון,ליטרים,1.00,ליטר,false,1,9.90,9.90,true,1,
7296073564690,false,BE אל סבון לבנדר 1 ליטר,טאהא קימיה,TR,BE אל סבון,ליטרים,1.00,ליטר,false,1,9.90,9.90,true,1,
7296073564706,false,BE אל סבון ורדים 1 ליטר,טאהא קימיה,TR,BE אל סבון,ליטרים,1.00,ליטר,false,1,9.90,9.90,true,1,
7296073565161,false,קוצץ ציפורניים גדול מקצו,BE NOW,CN,קוצץ ציפורניים ג,יחידה,1.00,יחידה,false,1,19.90,19.90,true,1,
7296089001745,false,בדיקת קורונה טיל 5יח,פארמה דיל,CN,בדיקה ללא מטוש,יחידה,1.00,יחידה,false,1,29.90,29.90,true,1,
7296089001752,false,בדיקת קורונה ביתית 5יח,פארמה דיל,CN,בדיקת קורונה בית,יחידה,1.00,יחידה,false,1,39.90,39.90,true,1,
7296168070600,false,קיסמי שיניים דנטלים+חוט,איתן כללי,IL,קיסמי שיניים דנט,יחידה,1.00,יחידה,false,0,12.90,12.90,true,1,
7296168705113,false,קיסמי שיניים דנטליים,איתן ספקים E,CN,קיסמי שיניים,יחידה,1.00,יחידה,false,0,24.90,24.90,true,1,
7296179006254,false,שיק לק עמיד 300,שיק לקים,IL,שיק לק עמיד,יחידה,1.00,יחידה,false,0,13.90,13.90,true,1,
7296179006261,false,שיק לק עמיד 234 יח,שיק לקים,IL,שיק לק עמיד,יחידה,1.00,יחידה,false,0,13.90,13.90,true,1,
7296179007398,false,שיק.מסיר לק אלוורה250 מל,שיק לקים,IL,שיק.מסיר לק אלוו,מיליליטרים,250.00,"100 מ""ל",false,0,16.90,6.76,true,1,
7296179008708,false,לק 257,שיק לקים,IL,לק 257,יחידה,1.00,יחידה,false,0,13.90,13.90,true,1,
7296179010077,false,שיק לק עמיד 008,שיק לקים,IL,שיק לק עמיד,יחידה,1.00,יחידה,false,0,13.90,13.90,true,1,
7296179010305,false,שיק לק עמיד 031,שיק לקים,IL,שיק לק עמיד,יחידה,1.00,יחידה,false,0,13.90,13.90,true,1,
7296179010312,false,שיק לק עמיד 032,שיק לקים,IL,שיק לק עמיד,יחידה,1.00,יחידה,false,0,13.90,13.90,true,1,
7296179010398,false,שיק לק עמיד 040,שיק לקים,IL,שיק לק עמיד,יחידה,1.00,יחידה,false,0,13.90,13.90,true,1,
7296179010930,false,שיק לק עמיד 094,שיק לקים,IL,שיק לק עמיד,יחידה,1.00,יחידה,false,0,13.90,13.90,true,1,
7296179011548,false,שיק לק עמיד 204,שיק לקים,IL,שיק לק עמיד,יחידה,1.00,יחידה,false,0,13.90,13.90,true,1,
7296179011876,false,מחזק ציפורניים אורנג',שיק לקים,IL,מחזק ציפורניים,יחידה,1.00,יחידה,false,0,32.90,32.90,true,1,
7296179011920,false,מייבש לק וטופ קוט אורנג',שיק לקים,IL,מייבש לק אורנג',יחידה,1.00,יחידה,false,0,32.90,32.90,true,1,
7296179012057,false,שיק לק עמיד 317,שיק לקים,IL,שיק לק עמיד,יחידה,1.00,יחידה,false,0,13.90,13.90,true,1,
7296179012217,false,שיק לק עמיד 290,שיק לקים,IL,שיק לק עמיד,יחידה,1.00,יחידה,false,0,13.90,13.90,true,1,
7296179012286,false,שיק לק עמיד 424,שיק לקים,IL,שיק לק עמיד,יחידה,1.00,יחידה,false,0,13.90,13.90,true,1,
7296179012996,false,שיק לק עמיד 517 יח,שיק לקים,IL,שיק לק עמיד,יחידה,1.00,יחידה,false,0,13.90,13.90,true,1,
7296179014174,false,ג'ל אלוורה אחר שיזוף200מ,חלאבין,IL,ג'ל אלוורה לאחר,מיליליטרים,200.00,"100 מ""ל",false,1,19.90,9.95,true,1,
7296179014181,false,לק 250,שיק לקים,IL,לק 250,יחידה,1.00,יחידה,false,0,13.90,13.90,true,1,
7296179014969,false,לק 255,שיק לקים,IL,לק 255,יחידה,1.00,יחידה,false,0,13.90,13.90,true,1,
7296179021028,false,שיק.לק 36,שיק לקים,IL,שיק.לק 36,יחידה,1.00,יחידה,false,0,13.90,13.90,true,1,
7296179021059,false,לק 483,שיק לקים,IL,לק 483,יחידה,1.00,יחידה,false,0,13.90,13.90,true,1,
7296179021707,false,חמאת גוף לאב ליין 300מ'ל,חלאבין,IL,חמאת גוף מבושמת,מיליליטרים,300.00,"100 מ""ל",false,0,49.90,16.63,true,1,
7296179024562,false,מסיר לק בניחוח תות100 מל,,IL,מסיר לק בניחוח,מיליליטרים,100.00,"100 מ""ל",false,1,7.90,7.90,true,1,
7296179024579,false,"מסיר לק לימון 100 מ""ל",,IL,מסיר לק לימון,מיליליטרים,100.00,"100 מ""ל",false,1,7.90,7.90,true,1,
7296179024586,false,"מסיר לק לילך י100 מ""ל",,IL,מסיר לק לילך,מיליליטרים,100.00,"100 מ""ל",false,1,7.90,7.90,true,1,
7296179024593,false,"מסיר לק קוקוס 100 מ""ל",,IL,מסיר לק קוקוס,מיליליטרים,100.00,"100 מ""ל",false,1,7.90,7.90,true,1,
7296179028461,false,לק עמיד 823יח',,IL,לק עמיד 823,יחידה,1.00,יחידה,false,1,13.90,13.90,true,1,
7296179029802,false,לק עמיד 816 יח',,IL,לק עמיד816,יחידה,1.00,יחידה,false,1,13.90,13.90,true,1,
7509546061160,false,קולגייט מינייונים ברבי75,קולגייט פלמוליב,MX,קולגייט מינייוני,מיליליטרים,75.00,"100 מ""ל",false,1,16.90,22.53,true,1,
7613039547731,false,גרבר מחית תפוח משמש 90ג,"מפעל סברס, נסטלה ספרד ס.",ES,פאוץ גרבר תפוח מ,גרמים,90.00,100 גרם,false,1,5.90,6.56,true,1,
7613039879382,false,גרבר תפוח עץ 190 גרם,נסטלה פולסקה אס.איי,PL,גרבר מחי תפוח עץ,גרמים,190.00,100 גרם,false,1,6.90,3.63,false,1,
7622010001858,false,עוג.אוראו קרם וניל 176ג,פי אר ג'\יי אס אי מנדלז,UA,עוגיות אוראו,גרמים,176.00,100 גרם,false,1,9.90,5.63,true,1,
7622201801809,false,שוק.חלב אגוזים מילקה100ג,מנדלז דויצ'\לנד סנקס פרו,DE,שוקולד מילקה,גרמים,100.00,100 גרם,false,1,8.90,8.90,true,1,
7702018459445,false,סכיני גילוח פיוז'ן פאוור,פרוקטר & גמבל,DE,סכיני גילוח פיוז,יחידה,1.00,יחידה,false,1,194.90,194.90,true,1,
7702018464753,false,ג'ל גילוח פיוז'ן ע.רגיש,P&G,GB,ג'ל גילוח פיוז'ן,מיליליטרים,200.00,"100 מ""ל",false,1,20.90,10.45,true,1,
7702018482740,false,ג'ילט ונוס סימפלי 5 יחיד,ג'\ילט,US,ג'ילט ונוס סימפל,יחידה,1.00,יחידה,false,1,11.90,11.90,true,1,
7702018609154,false,סכיני גילוח פרוגלייד10יח,"פרוקטר אנד גמבל, גרמניה",DE,סכיני גילוח,יחידה,1.00,יחידה,false,1,159.90,159.90,true,1,
7702018886364,false,ונוס קומפורטגליד בריז,פרוקטר & גמבל,IL,ונוס קומפורטגליד,יחידה,1.00,יחידה,false,1,59.90,59.90,true,1,
7702018911981,false,דאו.ג'ל 75BEADS PR POWER,ג'\ילט פרוקטר אנד גמבל,DE,דאו.קליר ג'ל,מיליליטרים,75.00,"100 מ""ל",false,0,21.90,29.20,true,1,
7702018978106,false,"דאו.קליר ג'ל A.L 70 מ""ל",פרוקטר אנד גמבל,PL,דאו.קליר ג'ל,מיליליטרים,70.00,"100 מ""ל",false,0,16.90,24.14,true,1,
7891024179482,false,מי פה קולגייט אופטיק500מ,קולגייט- פלמוליב,PL,מי פה קולגייט,מיליליטרים,500.00,"100 מ""ל",false,0,24.90,4.98,true,1,
8000500023624,false,חטיף קינדר הפי היפו 5יח',פררו,DE,קינדר הפי היפו,גרמים,102.00,100 גרם,false,0,13.90,13.63,true,1,
8000500023976,false,בונ.רפאלו 150 גרם,פררו - אלבה,PL,בונבונ.רפאלו,גרמים,150.00,100 גרם,false,0,18.90,12.60,true,1,
8000500071083,false,שוקולד קינדר 200 גרם,פררו,IT,שוקולד חלב קינדר,גרמים,200.00,100 גרם,false,0,14.50,7.25,true,1,
8000500269169,false,קינדר קארדס 128 גרם,,IT,קינדר קארדס,גרמים,128.00,100 גרם,false,1,13.90,10.86,true,1,
8001090379337,false,40פמפרס פרימיוםVP מידה3,P&G,PL,פמפרס פרימיום,יחידה,1.00,יחידה,false,1,39.90,39.90,true,1,
8001090678195,false,הד&שולדרס סופרים לחות275,פרוקטר אנד גמבל,RO,מרכך הד&שולדרס,מיליליטרים,275.00,"100 מ""ל",false,1,16.90,6.14,true,1,
8001090678225,false,הד&שולדרס סופרים משקם275,פרוקטר אנד גמבל,RO,מרכך הד&שולדרס,מיליליטרים,275.00,"100 מ""ל",false,1,16.90,6.14,true,1,
8001090705723,false,טמפקס קומפק סופר פלוס 16,P&G,HU,טמפקס קומפק סופר,יחידה,1.00,יחידה,false,1,22.90,22.90,true,1,
8001090737847,false,מגן תחתון נורמל סלים 74,,DE,מגן תחתון נורמל,יחידה,1.00,יחידה,false,1,19.90,19.90,true,1,
8001090832771,false,פנטן שמפו הזנה קרטין660מ,פרוקטר אנד גמבל,RO,שמפו פנטן,מיליליטרים,660.00,"100 מ""ל",false,1,23.90,3.62,true,1,
8001090899194,false,24אולוויז פלטינום נורמל,פרוקטר אנד גמבל,DE,תחבושות אולוויז,יחידה,1.00,יחידה,false,1,25.90,25.90,true,1,
8001090899224,false,20 אולוויז פלטינום לונג,פרוקטר אנד גמבל,DE,תחבושות אולוייז,יחידה,1.00,יחידה,false,1,25.90,25.90,true,1,
8001841105093,false,26 פמפרס פרימיום שלב 6,פרוקטר אנד גמבל,US,פמפרס,יחידה,1.00,יחידה,false,1,39.90,39.90,true,1,
8001841137667,false,קונד.הד&שולדרס תפוח 275מ,פרוקטר אנד גמבל,RO,קונדיש.הד&שולדרס,מיליליטרים,275.00,"100 מ""ל",false,1,16.90,6.14,true,1,
8001841427164,false,מגן תחתון פרו פרש לארג40,פרוקטר אנד גמבל,DE,מגן תחתון פרו פר,יחידה,1.00,יחידה,false,1,23.90,23.90,true,1,
8001841427201,false,מגן תח.פרו פרש רגולר48,פרוקטר אנד גמבל,DE,מגן תחתון פרו פר,יחידה,1.00,יחידה,false,1,23.90,23.90,true,1,
8001841971261,false,תחבושות כפול נורמל 28 יח,פרוקטר & גמבל,DE,אולוויז תחבושות,יחידה,1.00,יחידה,false,1,19.90,19.90,true,1,
8006540221068,false,מגן תחתון אולוויז לונג 4,פרוקטר & גמבל,DE,מגן תחתון אולווי,יחידה,1.00,יחידה,false,1,19.90,19.90,true,1,
8006540221341,false,מגן תחתון אולוויז לארג 4,,DE,מגן תחתון אולווי,יחידה,1.00,יחידה,false,1,19.90,19.90,true,1,
8006540221464,false,מגן תחתון אולוויז נורמל,,DE,מגן תחתון אולווי,יחידה,1.00,יחידה,false,1,19.90,19.90,true,1,
8006540222089,false,מגבוני GO TO לילדים 40יח,פרוקטור אנד גמבל,ES,מגבוני פמפרס,יחידה,1.00,יחידה,false,1,7.90,7.90,true,1,
8006540410905,false,הד&שולדרס שמפו 7ב1 450מ,S BLOIS GAMBLE & PROCTER,FR,ה&ש שמפו 7 ב1-,מיליליטרים,450.00,"100 מ""ל",false,1,26.30,5.84,true,1,
8006540410967,false,הד&שולדרס שמפו 7ב1 450מ,S BLOIS GAMBLE & PROCTER,FR,הד&שולדרס שמפו,גרמים,450.00,100 גרם,false,1,26.30,5.84,true,1,
8006540592465,false,תחבושות אולטרה לונג 24 י,פרוקטר & גמבל,HU,תחבושות לונג,יחידה,1.00,יחידה,false,1,19.90,19.90,true,1,
8006540592496,false,תחבושות כפול לילה 20 יחי,פרוקטר & גמבל,HU,תחבושות כפול ליל,יחידה,1.00,יחידה,false,1,19.90,19.90,true,1,
8017331051573,false,"בלאנקס וייט שוק 75 מ""ל",SHALPHARM ZER,IT,בלאנקס וייט שוק,מיליליטרים,75.00,"100 מ""ל",false,0,29.90,39.87,true,1,
8017331055427,false,בלנקס וייט שוק קיט בלאנ,SHALPHARM ZER,IT,בלנקס וייט שוק,יחידה,1.00,יחידה,false,1,99.90,99.90,true,1,
8033661564880,false,ממחטות נייר מיניונ 6 יחי,,IL,ממחטות נייר 6 יח,יחידה,1.00,יחידה,false,1,9.90,9.90,true,1,
8053853182548,false,ממחטות נייר פרוזן 6 יחיד,,IL,ממחטות נייר 6 יח,יחידה,1.00,יחידה,false,1,9.90,9.90,true,1,
8410436218139,false,צבע לשיער סאיוס 2-10 יח,הנקל סוד,DE,צבע לשיער סאיוס,יחידה,1.00,יחידה,false,0,43.90,43.90,true,1,
8410436227698,false,צבע לשיער אולאו 3-10 יח,הנקל סוד,DE,צבע לשיער סאיוס,יחידה,1.00,יחידה,false,0,43.90,43.90,true,1,
8411061865460,false,sexy 212 א.ד.פ לאשה 60מל,לילית בישום,IL,sexy 212 א.ד.פ,מיליליטרים,60.00,"100 מ""ל",false,1,199.00,331.67,true,1,
8412300801072,false,ניוואה קרם רב שימושי 400,ביירסדורץ,DE,"ניוואה קרם רב""ש",מיליליטרים,400.00,"100 מ""ל",false,1,43.90,10.98,true,1,
8423207206488,false,סלים דליס מצופה שוקולד6י,סלים דליס,ES,חטיפי דגנים מרבה,גרמים,120.00,100 גרם,false,0,15.90,13.25,true,1,
8427030007298,false,סימילאק קומפורט HMOשלב2-,אבוט לבורטוריס ס.א.,ES,סימילאק קומפורט,גרמים,820.00,100 גרם,false,1,105.90,12.91,true,1,
8436037792960,false,"קרם רב""ש בפחית 70 מ""ל",RNB,ES,קרם רב שימושי,מיליליטרים,70.00,"100 מ""ל",false,1,14.90,21.29,true,1,
8683130025574,false,"מרכך בדין לבנדר960 מ""ל",יבוא ושיווק: יוניליוור י,TR,מרכך בדין לבנדר,מיליליטרים,960.00,"100 מ""ל",false,1,16.90,1.76,true,1,
8690637871061,false,שמפו דאב שמן אבוקדו 600מ,יוניליוור,TR,שמפו דאב,מיליליטרים,600.00,"100 מ""ל",false,1,16.90,2.82,true,1,
8690637946318,false,בדין אקסטרא בייבי טלק960,יוניליוור סנאיי וי טיקאר,TR,מרכך בדין בייבי,מיליליטרים,960.00,"100 מ""ל",false,1,16.90,1.76,true,1,
8690637976995,false,בדין ורוד סחלבים960מל,יוניליוור סנאיי וי טיקאר,TR,בדין אקסטרה ורוד,מיליליטרים,960.00,"100 מ""ל",false,1,16.90,1.76,true,1,
8690784516778,false,דאק ג'ל אקונומיקה ים750מ,,NL,ג'ל מקציף דאק,מיליליטרים,750.00,"100 מ""ל",false,1,15.90,2.12,true,1,
8691900174049,false,קוטקס תחב.אולטרה לונג18י,חוגלה קימברלי,CZ,קוטקס תחבושת,יחידה,1.00,יחידה,false,1,16.90,16.90,true,1,
8710103873877,false,פטמת נטורל מעבר איטי,פיליפס אוונט,GB,פטמת נטורל מעבר,יחידה,1.00,יחידה,false,1,43.90,43.90,true,1,
8710103938484,false,מוצץ באני סופט 0-6 בנות,פיליפס אוונט,NL,מוצץ באני סופט,יחידה,1.00,יחידה,false,1,54.90,54.90,true,1,
8710103952213,false,סכין לוואן בלייד יח',פיליפס-גילוח,ID,סכין לוואן בלייד,יחידה,1.00,יחידה,false,1,99.90,99.90,true,1,
8710447224175,false,"טרזמה שמפו משקם 400 מ""ל","יוניליוור פולין, רחוב קר",PL,טרזמה שמפו משקם,מיליליטרים,400.00,"100 מ""ל",false,1,18.90,4.73,true,1,
8710447224342,false,"טרזמה שמפו קרטין 400 מ""ל","יוניליוור פולין, רחוב קר",PL,טרזמה שמפו קרטין,מיליליטרים,400.00,"100 מ""ל",false,1,18.90,4.73,true,1,
8710447284117,false,"אקס ג'ל רחצה בלק 400 מ""ל",יוניליוור גרמניה,DE,אקס ג'ל רחצה בלק,מיליליטרים,400.00,"100 מ""ל",false,1,15.90,3.98,true,1,
8710908404184,false,דאו.דאב 0% אלומיניום150מ,יוניליוור,IT,דאודורנט דאב,מיליליטרים,150.00,"100 מ""ל",false,1,12.90,8.60,true,1,
8712400802499,false,נוטרילון שלב1- 800 גרם,נוטרישיה קאלק,NL,נוטרילון שלה1-,גרמים,800.00,100 גרם,false,0,68.90,8.61,true,1,
8712400802536,false,נוטרילון שלב3- 800 גרם,נוטרישיה קאלק,NL,נוטרילון שלב3-,גרמים,800.00,100 גרם,false,0,68.90,8.61,true,1,
8712561594608,false,תח.רחצה להזנה עמוקה 750מ,"יוניליוור גרמניה, Gmbh &",DE,תחליב רחצה דאב,מיליליטרים,750.00,"100 מ""ל",false,1,19.90,2.66,true,1,
8712561611183,false,תח. רחצה דאב תה ירוק 500,"יוניליוור גרמניה, Gmbh &",DE,תחליב רחצה דאב,מיליליטרים,500.00,"100 מ""ל",false,1,17.90,3.58,true,1,
8712561611411,false,תח.רחצה דאב תה ירוק 750מ,"יוניליוור גרמניה, Gmbh &",DE,תחליב רחצה דאב,מיליליטרים,750.00,"100 מ""ל",false,1,19.90,2.66,true,1,
8712561626286,false,תחליב רחצה דאב זוהר 750מ,יוניליוור,DE,תחליב רחצה דאב,מיליליטרים,750.00,"100 מ""ל",false,1,19.90,2.66,true,1,
8714599513866,false,קפה נמס גקובס קרוננג200ג,ג'יי.די.אי.,DE,קפה נמס ג'קובס,גרמים,200.00,100 גרם,false,1,36.90,18.45,true,1,
8714789260532,false,מברשת שיניים חשמלית ברבי,קולגייט-פלמוליב,CH,מברשת חשמלית,יחידה,1.00,יחידה,false,0,59.90,59.90,true,1,
8714789292939,false,2מברשת קולגייט מקס פרש S,קולגייט פלמוליב,CN,2 מברשות שיניים,יחידה,1.00,יחידה,false,0,23.90,23.90,true,1,
8714789529561,false,קולגייט פרו ריליף+הלבנ75,קולגייט פלמוליב,BR,משחת קולגייט,מיליליטרים,75.00,"100 מ""ל",false,0,24.90,33.20,true,1,
8717163647226,false,דאו ספריי גוף בלאק 150 מ,יוניליוור אנגליה,TR,אקס ספריי,מיליליטרים,150.00,"100 מ""ל",false,1,11.90,7.93,true,1,
8717163647233,false,דאו ספריי בלאק נייט 150מ,יוניליוור אנגליה,RU,אקס ספריי,מיליליטרים,150.00,"100 מ""ל",false,1,11.90,7.93,true,1,
8717163647240,false,דאו ספריי גוף שוקולד150מ,יוניליוור אנגליה,TR,אקס ספריי,מיליליטרים,150.00,"100 מ""ל",false,1,11.90,7.93,true,1,
8717163655764,false,דאו.רקסונה שאוור פרש 150,"קוסטר אירוסול, גבזה 4140",TR,דאודורנט רקסונה,מיליליטרים,150.00,"100 מ""ל",false,1,17.90,11.93,true,1,
8717163842676,false,דאב תח.רחצה חימר ורוד500,יוניליוור,DE,תחליב רחצה דאב,מיליליטרים,500.00,"100 מ""ל",false,1,17.90,3.58,true,1,
8717163947692,false,ג'ל רחצה בניחוח פינק400מ,יוניליוור,DE,אקס ג'ל רחצה,מיליליטרים,400.00,"100 מ""ל",false,1,15.90,3.98,true,1,
8718951093331,false,2 מברשות מרידול סופט,קולגייט פלמוליב,CH,זוג מברשות מרידו,יחידה,1.00,יחידה,false,1,38.90,38.90,true,1,
8718951236790,false,קולגייט טוטל קלין 100 מל,קולגייט פלמוליב,PL,קולגייט טוטל,מיליליטרים,100.00,"100 מ""ל",false,1,16.90,16.90,true,1,
8718951264618,false,"אופטיק וייט פחם 75 מ""ל",קולגייט פלמוליב,PL,משחת קולגייט,מיליליטרים,75.00,"100 מ""ל",false,1,19.90,26.54,true,1,
8718951314023,false,תחליב ר.פלמוליב אפרסק750,קולגייט פלמוליב,TR,תחליב רחצה אפרסק,מיליליטרים,750.00,"100 מ""ל",false,1,20.90,2.79,true,1,
8718951319806,false,ג'ל רחצה מרענן לגבר 750מ,קולגייט,TR,ג'ל רחצה לגבר,מיליליטרים,750.00,"100 מ""ל",false,1,20.90,2.79,true,1,
8718951366015,false,קולגייט להלבנה מיידית75מ,,PL,קולגייט להלבנה,מיליליטרים,75.00,"100 מ""ל",false,1,53.90,71.87,true,1,
8718951382664,false,סבון פלמוליב טונוס750מ,קולגייט פלמוליב,TR,סבון פמוליב,מיליליטרים,750.00,"100 מ""ל",false,1,20.90,2.79,true,1,
8718951382718,false,"סבון פלמוליב חימר 750 מ""",קולגייט פלמוליב,TR,סבון פמוליב,מיליליטרים,750.00,"100 מ""ל",false,1,20.90,2.79,true,1,
8718951509627,false,"קולגייט לאוהבי קפה 75מ""ל",,PL,קולגייט משחה,מיליליטרים,75.00,"100 מ""ל",false,1,29.90,39.87,true,1,
8720181046605,false,דאו.דאב ספריי אורגינל150,"קוסטר אירוסול, גבזה 4140",TR,דאודורנט דאב,מיליליטרים,150.00,"100 מ""ל",false,1,12.90,8.60,true,1,
8720181046612,false,דאב רול און אורגינל 50מל,"יוניליוור אנגליה, דרך קו",GB,דאב רול און,מיליליטרים,50.00,"100 מ""ל",false,1,12.90,25.80,true,1,
8720181090202,false,תחליב רחצה עם שמן זית,"יוניליוור גרמניה, Gmbh &",DE,תחליב רחצה דאב,מיליליטרים,750.00,"100 מ""ל",false,1,19.90,2.66,true,1,
8720181090219,false,תחל.רחצה דאב רימונים750מ,"יוניליוור גרמניה, Gmbh &",DE,תחליב רחצה דאב,מיליליטרים,750.00,"100 מ""ל",false,1,19.90,2.66,true,1,
8720181204111,false,"אקס ג'ל רחצה פרש 400 מ""ל",יוניליוור ישראלn\טיפוח א,DE,אקס ג'ל רחצה,מיליליטרים,400.00,"100 מ""ל",false,1,15.90,3.98,true,1,
8888021200256,false,שמינית סוללות AA,אנרג'ייזר,SG,שמינית סוללות,יחידה,1.00,יחידה,false,0,32.90,32.90,true,1,
8901314116079,false,מברשת ילדים ברבי,קולגייט-פלמוליב,CN,מברשת לילדים,יחידה,1.00,יחידה,false,1,13.90,13.90,true,1,
9000100806657,false,פה רול און אינויזיבל 50מ,הנקל סוד,DE,דאודורנט פה,מיליליטרים,50.00,"100 מ""ל",false,0,9.90,19.80,true,1,
9000101537550,false,פרסיל פאוור קאפס 52 יח,הנקל,HU,פרסיל פאוור קאפס,יחידה,1.00,יחידה,false,1,64.90,64.90,true,1,
9001616205781,false,מוצץ מאמ,,HU,מוצץ מאמ,יחידה,1.00,יחידה,false,0,34.90,34.90,true,1,
9310088007015,false,8 תחבושות דיפנד לילה,קימברלי-קלארק,CN,תחבושות דיפנד,יחידה,1.00,יחידה,false,0,19.90,19.90,true,1,
