code,internal_code,name,manufacturer_name,manufacture_country,manufacturer_item_description,unit_qty,quantity,unit_of_measure,weighted,qty_in_package,price,unit_of_measure_price,allow_discount,status,item_id
55,true,משלוחים לבית,,,משלוחים לבית,יחידה,0.00,יחידה,false,,29.90,0.0000,true,1,54574
161,true,קישוא עגול,,,קישוא עגול,קילוגרמים,1.00,"ק""ג",true,,13.90,13.9000,true,1,54592
171,true,צנון בוכרי,,,צנון בוכרי,קילוגרמים,1.00,"ק""ג",true,,14.90,14.9000,true,1,368268
211,true,טחון הודו אדום טרי ל,,,טחון הודו אדום טרי ל,קילוגרמים,1.00,"ק""ג",true,,59.90,59.9000,true,1,28000
301,true,בקבוק ריק חוזר בירה,,,בקבוק ריק חוזר בירה,יחידה,0.00,יחידה,false,,1.20,0.0000,true,1,7148
374,true,פטריות שמפניון,,,פטריות שמפניון,יח',1.00,יח',false,,9.90,9.9000,true,1,60578
379,true,לחמניה שמיניה דגנים,,,לחמניה שמיניה דגנים,יח',1.00,יח',false,,3.90,3.9000,true,1,117656
395,true,לחמניה/כריך ילדים,,,לחמניה/כריך ילדים,יח',1.00,יח',false,,2.70,2.7000,true,1,117664
505,true,כלי בית טקסטיל,,,כלי בית טקסטיל,יחידה,0.00,יחידה,false,,44.90,0.0000,true,1,29410
519,true,מעורב בבגט,,,מעורב בבגט,יחידה,0.00,יחידה,false,,25.00,0.0000,true,1,72797
557,true,"חמישים ש""ח למצטרף חד",,,"חמישים ש""ח למצטרף חד",יחידה,0.00,יחידה,false,,50.00,0.0000,true,1,64476
561,true,חמץ חמץ,,,חמץ חמץ,יחידה,0.00,יחידה,false,,100.00,0.0000,true,1,262142
572,true,קופון מצטרף חדש למוע,,,קופון מצטרף חדש למוע,יחידה,0.00,יחידה,false,,0.01,0.0000,true,1,37970
574,true,קופון מצטרף חדש למוע,,,קופון מצטרף חדש למוע,יחידה,0.00,יחידה,false,,14.90,0.0000,true,1,37972
666,true,10יח מיני לחמניות (פ,,,10יח מיני לחמניות (פ,יח',1.00,יח',false,,17.90,17.9000,true,1,65990
996,true,חלה קלועה,,,חלה קלועה,יח',1.00,יח',false,,13.90,13.9000,true,1,50168
998,true,חלה מתוקה קלועה,,,חלה מתוקה קלועה,יח',1.00,יח',false,,13.90,13.9000,true,1,117678
1003,true,לחמניה עגולה כפרית,,,לחמניה עגולה כפרית,יח',1.00,יח',false,,4.00,4.0000,true,1,65992
1009,true,בגט שלם,,,בגט שלם,יח',1.00,יח',false,,5.50,5.5000,true,1,117680
1014,true,בגט רוסטיק,,,בגט רוסטיק,יח',1.00,יח',false,,9.50,9.5000,true,1,117683
1020,true,שליש בגט,,,שליש בגט,יח',1.00,יח',false,,3.20,3.2000,true,1,117686
1028,true,חצי בגט,,,חצי בגט,יח',1.00,יח',false,,4.20,4.2000,true,1,117687
1050,true,לחמניה חיטה מלאה (10,,,לחמניה חיטה מלאה (10,יח',1.00,יח',false,,3.90,3.9000,true,1,117689
1058,true,חלה רגילה/חלה ציפורי,,,חלה רגילה/חלה ציפורי,גרמים,500.00,100 גרם,false,,5.17,1.0340,true,1,5016
1070,true,סופגניה מיוחדת עם תו,,,סופגניה מיוחדת עם תו,יח',1.00,יח',false,,6.90,6.9000,true,1,117690
1073,true,סופגניה גדולה בודדת,,,סופגניה גדולה בודדת,יחידה,0.00,יחידה,false,,4.30,0.0000,true,1,117692
1079,true,מיני סופגניה בודדת,,,מיני סופגניה בודדת,יחידה,0.00,יחידה,false,,3.60,0.0000,true,1,117695
1091,true,צנונית בייבי,,,צנונית בייבי,גרמים,400.00,100 גרם,false,,6.90,1.7250,true,1,54717
1095,true,בייבי בטטה,,,בייבי בטטה,יח',1.00,יח',false,,8.90,8.9000,true,1,54720
1103,true,לחמניה אצבע (6500),,,לחמניה אצבע (6500),יח',1.00,יח',false,,2.90,2.9000,true,1,117697
1212,true,לחמנית כריך/ביס/לבן/,,,לחמנית כריך/ביס/לבן/,יח',1.00,יח',false,,2.90,2.9000,true,1,117701
1488,true,אשכולית אדומה,,,אשכולית אדומה,קילוגרמים,1.00,"ק""ג",true,,6.90,6.9000,true,1,54739
1495,true,תפו`א אדום תפזורת,,,תפו`א אדום תפזורת,קילוגרמים,1.00,"ק""ג",true,,6.90,6.9000,true,1,103745
1500,true,פלפל כתום,,,פלפל כתום,קילוגרמים,1.00,"ק""ג",true,,10.90,10.9000,true,1,54751
1501,true,עגבניות,,,עגבניות,קילוגרמים,1.00,"ק""ג",true,,7.90,7.9000,true,1,54752
1502,true,מלפפונים,,,מלפפונים,קילוגרמים,1.00,"ק""ג",true,,7.90,7.9000,true,1,54753
1503,true,גזר ארוז,,,גזר ארוז,קילוגרמים,1.00,"ק""ג",true,,5.90,5.9000,true,1,54754
1504,true,סלק,,,סלק,קילוגרמים,1.00,"ק""ג",true,,5.90,5.9000,true,1,54755
1505,true,כרוב לבן,,,כרוב לבן,קילוגרמים,1.00,"ק""ג",true,,5.90,5.9000,true,1,54756
1506,true,כרוב אדום,,,כרוב אדום,קילוגרמים,1.00,"ק""ג",true,,5.90,5.9000,true,1,54757
1507,true,כרובית,,,כרובית,קילוגרמים,1.00,"ק""ג",true,,11.90,11.9000,true,1,54758
1510,true,קישואים,,,קישואים,קילוגרמים,1.00,"ק""ג",true,,8.90,8.9000,true,1,54760
1511,true,חצילים,,,חצילים,קילוגרמים,1.00,"ק""ג",true,,8.90,8.9000,true,1,54761
1513,true,פלפל ירוק,,,פלפל ירוק,קילוגרמים,1.00,"ק""ג",true,,9.90,9.9000,true,1,54762
1514,true,פלפל בהיר,,,פלפל בהיר,קילוגרמים,1.00,"ק""ג",true,,10.90,10.9000,true,1,54763
1515,true,פלפל חריף,,,פלפל חריף,קילוגרמים,1.00,"ק""ג",true,,9.90,9.9000,true,1,54764
1516,true,פלפל אדום,,,פלפל אדום,קילוגרמים,1.00,"ק""ג",true,,10.90,10.9000,true,1,54765
1517,true,פלפל רומרו,,,פלפל רומרו,קילוגרמים,1.00,"ק""ג",true,,12.90,12.9000,true,1,103824
1518,true,מלון,,,מלון,קילוגרמים,1.00,"ק""ג",true,,7.90,7.9000,true,1,54767
1519,true,בצל יבש,,,בצל יבש,קילוגרמים,1.00,"ק""ג",true,,5.90,5.9000,true,1,54768
1521,true,קולורבי,,,קולורבי,קילוגרמים,1.00,"ק""ג",true,,7.90,7.9000,true,1,54769
1522,true,חסה ערבית,,,חסה ערבית,יח',1.00,יח',false,,4.90,4.9000,true,1,54770
1531,true,לפת,,,לפת,קילוגרמים,1.00,"ק""ג",true,,8.90,8.9000,true,1,54778
1535,true,תפו`א אדום ארוז,,,תפו`א אדום ארוז,קילוגרמים,1.00,"ק""ג",true,,5.90,5.9000,true,1,54782
1536,true,תפוז סיני,,,תפוז סיני,קילוגרמים,1.00,"ק""ג",true,,12.90,12.9000,true,1,37482
1541,true,ארטישוק,,,ארטישוק,קילוגרמים,1.00,"ק""ג",true,,18.90,18.9000,true,1,102668
1542,true,ערמונים,,,ערמונים,קילוגרמים,1.00,"ק""ג",true,,18.90,18.9000,true,1,54789
1545,true,שום ארוז ייבוא יח',,,שום ארוז ייבוא יח',יח',1.00,יח',false,,5.90,5.9000,true,1,54792
1547,true,שומר,,,שומר,קילוגרמים,1.00,"ק""ג",true,,7.90,7.9000,true,1,54794
1548,true,תות שדה ביח',,,תות שדה ביח',יח',1.00,יח',false,,24.90,24.9000,true,1,101481
1550,true,תפו`א לבן ארוז,,,תפו`א לבן ארוז,קילוגרמים,1.00,"ק""ג",true,,4.90,4.9000,true,1,54797
1551,true,לימון,,,לימון,קילוגרמים,1.00,"ק""ג",true,,8.90,8.9000,true,1,54798
1552,true,תפוז,,,תפוז,קילוגרמים,1.00,"ק""ג",true,,6.90,6.9000,true,1,54799
1555,true,תפוז ארוז,,,תפוז ארוז,קילוגרמים,1.00,"ק""ג",true,,5.90,5.9000,true,1,54802
1556,true,בננה מובחרת,,,בננה מובחרת,קילוגרמים,1.00,"ק""ג",true,,6.90,6.9000,true,1,54803
1557,true,צנון,,,צנון,קילוגרמים,1.00,"ק""ג",true,,8.90,8.9000,true,1,54804
1558,true,אשכולית צהובה,,,אשכולית צהובה,קילוגרמים,1.00,"ק""ג",true,,6.90,6.9000,true,1,54805
1560,true,דלעת ארוזה,,,דלעת ארוזה,קילוגרמים,1.00,"ק""ג",true,,10.90,10.9000,true,1,54807
1561,true,תפוח עץ זהוב,,,תפוח עץ זהוב,קילוגרמים,1.00,"ק""ג",true,,10.90,10.9000,true,1,54808
1562,true,תפוח עץ יונתן,,,תפוח עץ יונתן,קילוגרמים,1.00,"ק""ג",true,,10.90,10.9000,true,1,54809
1563,true,תפוח עץ חרמון,,,תפוח עץ חרמון,קילוגרמים,1.00,"ק""ג",true,,10.90,10.9000,true,1,54810
1564,true,תפוח עץ סמיט,,,תפוח עץ סמיט,קילוגרמים,1.00,"ק""ג",true,,10.90,10.9000,true,1,54811
1568,true,רימון,,,רימון,קילוגרמים,1.00,"ק""ג",true,,10.90,10.9000,true,1,54814
1570,true,קלמנטינה,,,קלמנטינה,קילוגרמים,1.00,"ק""ג",true,,6.90,6.9000,true,1,54816
1571,true,פלפל שושקה,,,פלפל שושקה,קילוגרמים,1.00,"ק""ג",true,,12.90,12.9000,true,1,54817
1572,true,אבוקדו מובחר,,,אבוקדו מובחר,קילוגרמים,1.00,"ק""ג",true,,9.90,9.9000,true,1,54818
1574,true,בטטה מתוקה,,,בטטה מתוקה,קילוגרמים,1.00,"ק""ג",true,,10.90,10.9000,true,1,54820
1576,true,אגס,,,אגס,קילוגרמים,1.00,"ק""ג",true,,13.90,13.9000,true,1,54821
1581,true,פלפל צהוב,,,פלפל צהוב,קילוגרמים,1.00,"ק""ג",true,,10.90,10.9000,true,1,54825
1588,true,תירס ארוז,,,תירס ארוז,קילוגרמים,1.00,"ק""ג",true,,9.90,9.9000,true,1,54830
1590,true,משורית סרט 1590 ממ,,,פומלה,קילוגרמים,1.00,"ק""ג",true,,8.90,8.9000,true,1,54831
1590,true,משורית סרט 1590 ממ,,,משורית סרט 1590 ממ,,1000.00,,false,,8.90,0.0089,true,1,86399
1591,true,ענב אדום,,,ענב אדום,קילוגרמים,1.00,"ק""ג",true,,29.90,29.9000,true,1,54832
1604,true,אפרסמון,,,אפרסמון,קילוגרמים,1.00,"ק""ג",true,,15.90,15.9000,true,1,54843
1610,true,שרי אשכולות לקג,,,שרי אשכולות לקג,קילוגרמים,1.00,"ק""ג",true,,19.90,19.9000,true,1,54848
1613,true,דלורית,,,דלורית,קילוגרמים,1.00,"ק""ג",true,,6.90,6.9000,true,1,54851
1615,true,בצל אדום,,,בצל אדום,קילוגרמים,1.00,"ק""ג",true,,7.90,7.9000,true,1,54853
1617,true,אננס,,,אננס,יח',1.00,יח',false,,39.90,39.9000,true,1,54854
1618,true,אפרסמון קרמבו,,,אפרסמון קרמבו,קילוגרמים,1.00,"ק""ג",true,,16.90,16.9000,true,1,28295
1619,true,פומלית,,,פומלית,קילוגרמים,1.00,"ק""ג",true,,6.90,6.9000,true,1,54856
1621,true,קרמבולה,,,קרמבולה,קילוגרמים,1.00,"ק""ג",true,,39.90,39.9000,true,1,54858
1632,true,קישוא זוקיני ירוק,,,קישוא זוקיני ירוק,קילוגרמים,1.00,"ק""ג",true,,12.90,12.9000,true,1,54866
1639,true,דלעת אקזוטית,,,דלעת אקזוטית,קילוגרמים,1.00,"ק""ג",true,,12.90,12.9000,true,1,54871
1645,true,תפוח עץ גלה,,,תפוח עץ גלה,קילוגרמים,1.00,"ק""ג",true,,10.90,10.9000,true,1,54874
1674,true,לוביה טריה,,,לוביה טריה,קילוגרמים,1.00,"ק""ג",true,,39.90,39.9000,true,1,149034
1683,true,תפוח עץ פינק קריפס,,,תפוח עץ פינק קריפס,קילוגרמים,1.00,"ק""ג",true,,14.90,14.9000,true,1,54896
1708,true,גזר תפזורת,,,גזר תפזורת,קילוגרמים,1.00,"ק""ג",true,,5.90,5.9000,true,1,54913
1814,true,בצלצלי שאלוט,,,בצלצלי שאלוט,גרמים,280.00,100 גרם,false,,14.90,5.3214,true,1,55558
1883,true,שום יבש תפזורת,,,שום יבש תפזורת,קילוגרמים,1.00,"ק""ג",true,,19.90,19.9000,true,1,61907
1984,true,שרי צהוב תפזורת,,,שרי צהוב תפזורת,קילוגרמים,1.00,"ק""ג",true,,19.90,19.9000,true,1,137867
2000,true,"בורקס גבינה/תפו""א",,,"בורקס גבינה/תפו""א",קילוגרמים,1.00,"ק""ג",true,,45.00,45.0000,true,1,120292
2012,true,מב אוזני פיל פרווה,,,אוזני פיל פרווה,קילוגרמים,1.00,"ק""ג",true,,27.90,27.9000,true,1,117711
3003,true,לחמניה המבורגר (3003,,,לחמניה המבורגר (3003,יחידה,0.00,יחידה,false,,4.00,0.0000,true,1,117718
3201,true,מטאטא+מגב+דלי שטיפה+,,,מטאטא+מגב+דלי שטיפה+,יחידה,0.00,יחידה,false,,29.90,0.0000,true,1,140245
3500,true,עוף טרי שלם,,,עוף טרי שלם,קילוגרמים,1.00,"ק""ג",true,,19.90,19.9000,true,1,28010
3501,true,כרעיים עוף טרי,,,כרעיים עוף טרי,קילוגרמים,1.00,"ק""ג",true,,29.90,29.9000,true,1,28011
3502,true,חזה עוף טרי,,,חזה עוף טרי,קילוגרמים,1.00,"ק""ג",true,,34.90,34.9000,true,1,28012
3507,true,שניצל עוף פרוס טרי,,,שניצל עוף פרוס טרי,קילוגרמים,1.00,"ק""ג",true,,38.90,38.9000,true,1,20259
3508,true,כנפים הודו טרי,,,כנפים הודו טרי,קילוגרמים,1.00,"ק""ג",true,,19.90,19.9000,true,1,28017
3511,true,חזה הודו טרי,,,חזה הודו טרי,קילוגרמים,1.00,"ק""ג",true,,34.90,34.9000,true,1,28019
3512,true,שוארמה נקבה טרי,,,שוארמה נקבה טרי,קילוגרמים,1.00,"ק""ג",true,,74.90,74.9000,true,1,28020
3515,true,שוקיים הודו טרי,,,שוקיים הודו טרי,קילוגרמים,1.00,"ק""ג",true,,31.90,31.9000,true,1,28022
3517,true,שוקיים פטם טרי,,,שוקיים פטם טרי,קילוגרמים,1.00,"ק""ג",true,,34.90,34.9000,true,1,28024
3520,true,ירכיים עוף טרי,,,ירכיים עוף טרי,קילוגרמים,1.00,"ק""ג",true,,29.90,29.9000,true,1,28027
3522,true,שוארמה פרגיות טרי,,,שוארמה פרגיות טרי,קילוגרמים,1.00,"ק""ג",true,,59.90,59.9000,true,1,28028
3527,true,הודו טחון טרי,,,הודו טחון טרי,קילוגרמים,1.00,"ק""ג",true,,39.90,39.9000,true,1,28032
3546,true,בשר עוף טרי טחון,,,בשר עוף טרי טחון,קילוגרמים,1.00,"ק""ג",true,,36.90,36.9000,true,1,16021
5504,true,דונאטס בטעמים מצופה,,,דונאטס בטעמים מצופה,גרמים,45.00,100 גרם,false,,6.90,15.3333,true,1,25969
7502,true,עוף בגריל -מגה,,,עוף בגריל -מגה,קילוגרמים,1.00,"ק""ג",true,,37.90,37.9000,true,1,124177
7503,true,כרעיים בגריל-מגה,,,כרעיים בגריל-מגה,קילוגרמים,1.00,"ק""ג",true,,49.90,49.9000,true,1,124178
7664,true,שרי תמר תפזורת לובלו,,,שרי תמר תפזורת לובלו,קילוגרמים,1.00,"ק""ג",true,,24.90,24.9000,true,1,54995
9999,true,פיקדון בקבוקים,,,פיקדון בקבוקים,יחידה,0.00,יחידה,false,,0.30,0.0000,true,1,17
5678585,true,ענב סקרלוטה,,,ענב סקרלוטה,קילוגרמים,1.00,"ק""ג",true,,29.90,29.9000,true,1,148928
40084107,false,ביצת שוקולד הפתעה קינדר,פרדי קונדטוריה אס פי,IT,ביצת הפתעה קינדר 20,גרמים,20.00,100 גרם,false,,7.30,36.5000,true,1,84014
40099132,false,מסטיק הובה בובה Hubba Bubba בטעם תות,הובה בובה Hubba Bubba,DE,הובה בובה צאנק תות 3,גרמים,35.00,100 גרם,false,,3.90,11.1429,true,1,48137
40111216,false,באונטי חטיף קוקוס ושוקולד 57ג',"נארז ע""י : א.ג. גילר",NL,חטיף שוקולד באונטי 5,גרמים,57.00,100 גרם,false,,4.90,8.5965,true,1,14608
72917367,false,טעמי חטיף במילוי קרם נוגט וקרמל,"שטראוס גרופ בע""מ",IL,טעמי 40 גר',גרמים,40.00,100 גרם,false,,4.90,12.2500,true,1,24008
72940754,false,"מילקי מעדן וניל עם קצפת שטראוס 133 מ""ל","שטראוס גרופ בע""\מ",IL,"מילקי וניל 170 מ""ל",מיליליטרים,170.00,"100 מ""ל",false,,3.10,1.8235,true,1,24741
72940761,false,"מילקי מעדן שוקולד עם קצפת שטראוס 133 מ""ל",מיוצר עי קונדיטוריית,IL,מילקי שוקולד מהדרין,מיליליטרים,170.00,"100 מ""ל",false,,3.10,1.8235,true,1,24742
72940952,false,מעדן מילקי בטעם שוקולד עם אקסטרה קצפת,"שטראוס גרופ בע""\מ",IL,מילקי אקסטראה קצפת מ,מיליליטרים,110.00,"100 מ""ל",false,,4.10,3.7273,true,1,24743
72940976,false,סלט כרוב אדום אחלה 250 גרם,מיוצר עי קונדיטוריית,IL,אחלה סלט כרוב אדום,גרמים,250.00,100 גרם,false,,8.90,3.5600,true,1,24744
72941041,false,מעדן מילקי מיני בטעם שוקולד עם קצפת,"שטראוס גרופ בע""\מ",IL,מיני מילקי שוקולד 70,מיליליטרים,70.00,"100 מ""ל",false,,2.60,3.7143,true,1,24746
72945308,false,קוביות שמרים לאפיה שמרית 2*25 ג',"פאקא תעשיות בע""\מ",IL,שמרית קוביות שמרים ל,גרמים,50.00,100 גרם,false,,4.00,8.0000,true,1,24747
72961506,false,יוגורט עם תות 1.5% שומן 125 ג' פרילי,מיוצר עי קונדיטוריית,IL,פרילי תות 1.5% 125מל,מיליליטרים,125.00,"100 מ""ל",false,,4.10,3.2800,true,1,27100
72961520,false,"פרילי יוגורט עם אננס 1.5% תנובה 125 מ""ל",מיוצר עי קונדיטוריית,IL,פרילי אננס 1.5% 125מ,מיליליטרים,125.00,"100 מ""ל",false,,4.10,3.2800,true,1,27102
72961544,false,"באדי יוגורט בטעם תות שדה 3% תנובה 125 מ""ל",מחלבת אלון תבור,IL,באדי תות 125מל,מיליליטרים,125.00,"100 מ""ל",false,,3.50,2.8000,true,1,27103
72963753,false,שמנת אורגינל של פעם 27% שומן 200 ג' תנובה,תנובה מרכז שיתופי לש,IL,תנובה שמנת של פעם 27,מיליליטרים,200.00,"100 מ""ל",false,,4.20,2.1000,true,1,27109
72964132,false,פרילי טבע יוגורט עם גרנולה 200 גרם,מיוצר עי קונדיטוריית,IL,פרילי טבע עם גרנולה,מיליליטרים,200.00,"100 מ""ל",false,,5.50,2.7500,true,1,27111
72964422,false,יוגורט פרחים 4.5% שומן 200 גרם,מחלבת תנובה,IL,תנובה יוגורט פרחים 4,מיליליטרים,200.00,"100 מ""ל",false,,3.50,1.7500,true,1,27113
72983997,false,קופסה גולף גולד ארוך בוקס,דובק,,גולף גולד ארוך,יחידה,0.00,יחידה,false,,30.90,0.0000,false,1,5137
72986370,false,"גלידת בן & ג'ריס פיינטים וניל 500מ""ל",מוצרי איכות אמריקאיים,IL,גלידת פיינטים וניל צ,מיליליטרים,420.00,"100 מ""ל",false,,24.90,5.9286,true,1,15008
72986424,false,"גלידת בן & ג'ריס פיינטים קרם עוגיות 500מ""ל",מוצרי איכות אמריקאיים בע,IL,גלידת פיינטים קרם עו,מיליליטרים,420.00,"100 מ""ל",false,,24.90,5.9286,true,1,15009
72991008,false,חטיף פסק זמן במילוי ופל מגולגל 45 גרם,"שטראוס גרופ בע""מ",IL,"פסק זמן קלאסי בד""צ",גרמים,45.00,100 גרם,false,,5.90,13.1111,true,1,24014
72991374,false,סיגריות טיים רד חפיס,דובק,IL,טיים רד,יחידה,0.00,יחידה,false,,29.90,0.0000,false,1,5139
72993637,false,מעדן חלב בטעם שוקולד 125 ג' דני,"שטראוס גרופ בע""\מ",IL,דני מהדרין שוקו בודד,מיליליטרים,125.00,"100 מ""ל",false,,3.10,2.4800,true,1,24750
72994061,false,חטיף פסק זמן GOOD גלילית לבן 40 גרם,שולן צ'\יקולטה גידה סאן.,TR,פסק זמן 36גר,גרמים,36.00,100 גרם,false,,5.50,15.2778,true,1,96876
76136184,false,סיגריות פאל מל סלימס כחול בודד,Unknown,CH,פאל מאל בלו סופרסלימ,יחידה,0.00,יחידה,false,,31.00,0.0000,false,1,4643
80050025,false,סוכריות טיק טק תפוז 16 גרם,פררו - אלבה,ZA,טיק טק תפוז,גרמים,16.00,100 גרם,false,,4.10,25.6250,true,1,48549
80050124,false,סוכריות טיק טק מנטה 16 גרם,פררו - אלבה,ZA,טיק טק סוכריות,גרמים,16.00,100 גרם,false,,4.10,25.6250,true,1,48550
80052883,false,סוכריות טיק טק מנטה חזק 16 גרם,צ'וקטה,ZA,טיק טק מנטה כחול,יחידה,0.00,יחידה,false,,4.10,0.0000,true,1,290094
80136194,false,חטיפי הפי היפו Happy Hippo במילוי קרם חלבי ואגוזי לוז,קינדר Kinder,DE,הפי היפו 5*20ג,גרמים,102.00,100 גרם,false,,14.90,14.6078,true,1,108566
80176800,false,נוטלה ממרח שוקולד 750 גרם,פררו תעשיות איטליה ס,IT,ממרח שוקולד נוטלה 75,גרמים,750.00,100 גרם,false,,29.00,3.8667,true,1,48556
80177173,false,ממרח שוקולד נוטלה 350 גרם,פררו - אלבה,IT,ממרח נוטלה קקאו עם א,גרמים,350.00,100 גרם,false,,17.90,5.1143,true,1,48557
80177609,false,אצבעות שוקולד קינדר Kinder ארבע יחידות,פררו - אלבה,IT,קינדר אצבעות שוק.חלב,גרמים,50.00,100 גרם,false,,5.50,11.0000,true,1,48558
80177616,false,אצבעות שוקולד קינדר Kinder שמונה יחידות,פררו - אלבה,IT,אצבעות שוקולד קינדר,גרמים,100.00,100 גרם,false,,9.40,9.4000,true,1,48559
80761761,false,קינדר בואנו לבן בודד 39 גרם,ליימן שליסל,PL,קינדר בואנו לבן 39ג,גרמים,43.00,100 גרם,false,,5.90,13.7209,true,1,48560
80773429,false,מנטוס בקבוק מעוגל - מסטיק ללא סוכר בטעם תות 60 גרם,"פרפטי ואן מלה ג'\ידה,סאן",TR,מסטיק מנטוס בקבוק בט,גרמים,60.00,100 גרם,false,,10.90,18.1667,true,1,114453
80773443,false,מנטוס בקבוק מעוגל - מסטיק ללא סוכר בטעם מנטה 60 גרם,"פרפטי ואן מלה ג'\ידה,סאן",TR,מסטיק מנטוס בקבוק בט,גרמים,60.00,100 גרם,false,,10.90,18.1667,true,1,85029
80790990,false,מסטיק מנטוס בבקבוק מעוגל בטעם פירות -מנטה 60 ג',"פרפטי ואן מלה ג'\ידה,סאן",TR,מסטיק מנטוס בקבוק בט,גרמים,60.00,100 גרם,false,,10.90,18.1667,true,1,85030
80794233,false,מסטיק מנטוס ביג בבקבוק מעוגל טעם מנטה 90 ג',פרפטי ואן מלה הולנד,TR,מסטיק מנטוס ביג בבקב,גרמים,90.00,100 גרם,false,,18.90,21.0000,true,1,81962
80854753,false,סוכריות מנטוס מנטה 30 יח' ללא סוכר CLEAN BREATH,פרפטי ואן מלה,NL,"ס.מנטוס מנטה לל""ס 30",גרמים,21.00,100 גרם,false,,7.90,37.6190,true,1,78058
80864295,false,סוכריות פיור וויט טעם מנטה עדינה 60 ג' מנטוס,"פרפטי ואן מלה ג'ידה,סאן",TR,מנטוס פיור וויט ללא,גרמים,60.00,100 גרם,false,,10.90,18.1667,true,1,221208
80896081,false,מנטוס בקבוק מעוגל - מסטיק ללא סוכר בטעם אבטיח 60 גרם,"פרפטי ואן מלה ג'\ידה,סאן",TR,מסטיק מנטוס בקבוק בט,גרמים,60.00,100 גרם,false,,10.90,18.1667,true,1,114454
80913467,false,מנטוס בקבוק מעוגל - מסטיק ללא סוכר בטעם מנטה,פרפטי ואן מלה הולנד,TR,מסטיק מנטוס בקבוק בט,גרמים,60.00,100 גרם,false,,10.90,18.1667,true,1,85031
80936848,false,סוכריות טיק טק תות שדה 24 יח',ליימן-שליסל,ZA,טיק טק תות שדה 16גר,גרמים,16.00,100 גרם,false,,4.10,25.6250,true,1,48562
80945468,false,סוכריות פיור וויט טעם מנטה מתוקה 60 ג' מנטוס,"פרפטי ואן מלה ג'ידה,סאן",TR,מנטוס פיור וויט ללא,גרמים,60.00,100 גרם,false,,10.90,18.1667,true,1,221209
80986348,false,סוכריות פיור וויט טעם מנטה 60 ג' מנטוס,"פרפטי ואן מלה ג'ידה,סאן",TR,מנטוס פיור וויט ללא,גרמים,60.00,100 גרם,false,,10.90,18.1667,true,1,221210
87108538,false,סוכריות בטעם תות מנטוס 37.5 גרם,הדקלאים אגודת שיתופי,NL,מנטוס תות בגליל 37.5,גרמים,37.50,100 גרם,false,,4.50,12.0000,true,1,13690
87108651,false,סוכריות בטעם מנטה מנטוס 4*37.5 גרם,הדקלאים אגודת שיתופי,NL,סוכריות מנטוס מנטה 1,גרמים,150.00,100 גרם,false,,11.90,7.9333,true,1,13691
90087769,false,מיץ אננס 100% קרטונית ראוך,Rauch fruchtsafte gm,HU,מיץ אננס 1ל 100%,ליטרים,1.00,ליטר,false,,12.50,12.5000,true,1,26633
90087806,false,מיץ אשכוליות 100% 1 ליטר,ראוך Rauch,AT,מיץ אששכוליות 100% 1,ליטרים,1.00,ליטר,false,,12.50,12.5000,true,1,91722
90087974,false,"חומץ תפוחים 5% 750 מֿֿֿֿ""ל 12X",ראוך פרוכטסאפה,AT,חומץ תפוחים 5% תומר,מיליליטרים,750.00,"100 מ""ל",false,,15.90,2.1200,true,1,26279
90162602,false,רד בול משקה אנרגיה פקדון 30 אג,רד בול ג'י.אם.בי. אץ,IL,משקה אנרגיה RED BULL,מיליליטרים,250.00,"100 מ""ל",false,,8.50,3.4000,true,1,11822
198888886,false,עיגול אגורות,,,עיגול אגורות,יחידה,0.00,יחידה,false,,1.00,0.0000,true,1,57486
1010060001,false,חולצת מנהל/ת שרוול א,,,חולצת מנהל/ת שרוול א,יחידה,0.00,יחידה,false,,32.50,0.0000,true,1,148685
1010060016,false,חולצת מנהל/ת שרוול ק,,,חולצת מנהל/ת שרוול ק,יחידה,0.00,יחידה,false,,32.50,0.0000,true,1,148699
1201020004,false,מעטפות דואר קטנות ל,,,מעטפות דואר קטנות ל,יחידה,0.00,יחידה,false,,99.42,0.0000,true,1,148726
9800800056,false,חטיף שוקולד עם מקלות לחם אנד גו,פררו - אלבה,DE,ממרח נוטלה & GO,גרמים,52.00,100 גרם,false,,6.90,13.2692,true,1,48564
10900681193,false,M דיימונד שקיות אשפה חזקות במיוחד 14 יח,דיימונד,ZA,שקיות אשפה חזקות במי,גרמים,325.00,100 גרם,false,,13.90,4.2769,true,1,254428
11210000094,false,"רוטב ""טבסקו"" על בסיס פלפל אדום 60 מ""ל",מקאילהייני אייבורי,US,טבסקו,מיליליטרים,60.00,"100 מ""ל",false,,12.90,21.5000,true,1,51443
11210698055,false,רוטב טבסקו סרירציה 566 גרם,מקאילהייני קו,US,רוטב טבסקו סרירצ'ה,מיליליטרים,566.00,"100 מ""ל",false,,29.90,5.2827,true,1,107021
16000548404,false,חטיפי גרנולה קראנצ'י עם שיבולת שועל ודבש נייצ'ר ואלי 5*42 גרם,ג'נרל מילס סאן אדריאן,ES,חטיף קראנצי גרנולה ש,גרמים,210.00,100 גרם,false,,21.90,10.4286,true,1,67533
16229924263,false,"ארוי-די קרם קוקוס 250 מ""ל",תאי אגרי פוד פובליק קו'\,VN,"קרם קוקוס 250 מ""ל.",מיליליטרים,250.00,"100 מ""ל",false,,10.90,4.3600,true,1,110432
18000701223,false,"פילסברי, עוגה בטעם שוקולד, תערובת להכנת עוגה בטעם שוקולד. 500 גרם",הדקלאים אגודת שיתופי,IL,תערובת לעוגת שוק.דוי,גרמים,500.00,100 גרם,false,,19.90,3.9800,true,1,13710
18000766413,false,"פילסברי, עוגה בטעם שוקולד, תערובת להכנת עוגה בטעם שוקולד. 550 גרם.",הדקלאים אגודת שיתופי,IL,תערובת לעוגת בראוניס,גרמים,550.00,100 גרם,false,,19.90,3.6182,true,1,67538
25675120044,false,מקלות חמצוצים תפוח עץ פשקז 100 גרם,פשקס קנדי,NL,חמצוצים מקלות תפוח ע,גרמים,100.00,100 גרם,false,,10.90,10.9000,true,1,4363
25675120068,false,מקלות חמצוצים בטעם קולה פשקז 100 גרם,פשקז Paskesz,NL,חמצוצים מקלות קולה 1,גרמים,100.00,100 גרם,false,,10.90,10.9000,true,1,4364
30000315989,false,קוואקר פרוטאין חמוציות ושקדים 372 גרם,קוואקר אוטס קומפני,US,פרוטאין חמוציות ושקד,גרמים,372.00,100 גרם,false,,23.90,6.4247,true,1,146408
31290140176,false,שוקולוד מריר בתוספת שקדים שוקולד גודייבה פינגרס,"אולקר מקבוצת פלאדיס, ציק",TR,שוקולד מריר בתוספת ש,גרמים,90.00,100 גרם,false,,15.90,17.6667,true,1,106446
36000516890,false,ממחטות אף עם אלוורה + ויטמין E תלת שכבתי,חוגלה קימברלי,US,קלינקס לושן תלת שכבת,יחידה,0.00,יחידה,false,,23.90,0.0000,true,1,44190
37600207188,false,חמאת בוטנים קלאסי סקיפי 462 גרם,חברת המזון אלגוד,US,סקיפי חמאת בוטנים קל,גרמים,462.00,100 גרם,false,,20.90,4.5238,true,1,5812
37600207256,false,חמאת בוטנים עם שברי בוטנים סקיפי 462 גרם,חברת המזון אלגוד,US,סקיפי חמאת בוטנים עם,גרמים,462.00,100 גרם,false,,20.90,4.5238,true,1,5813
38000232152,false,פרינגלס חטיפי תפוח אדמה בטעם ברביקיו 158 גרם,פרינגלס מנופקצ'ורינג קומ,US,פרינגלס ביג ברביקיו,גרמים,158.00,100 גרם,false,,10.90,6.8987,true,1,56567
38000232176,false,פרינגלס ביג שמנת בצל 158 גרם,פרינגלס מנופקצ'ורינג קונ,US,פרינגלס ביג שמנת בצל,גרמים,158.00,100 גרם,false,,10.90,6.8987,true,1,56569
38000232183,false,פרינגלס ביג אורגינל 149 גרם,פרינגלס מנופקצ'ורינג קונ,US,פרינגלס ביג אורגינל,גרמים,158.00,100 גרם,false,,10.90,6.8987,true,1,56570
38527591053,false,קואקר דגנים מרובעים שיבולת שועל וקינמון,קוואקר אוטס קומפני,US,דגני בוקר מרובעים קי,גרמים,412.00,100 גרם,false,,22.70,5.5097,true,1,25335
40000513568,false,סוכריות אם אנד אמס M&M שוקולד חלב,M&M אם אנד אם,US,עדשי שוקולד M&M,גרמים,156.00,100 גרם,false,,12.90,8.2692,true,1,97837
40000514480,false,M&M אריזה קטנה's שוקולד אריזה קטנה 48 גרם,M&M אם אנד אם,US,עדשי שוקולד M&M שוקו,גרמים,48.00,100 גרם,false,,5.90,12.2917,true,1,14623
40000514510,false,M&M אריזה קטנה's בוטנים אריזה קטנה 49 גרם,M&M אם אנד אם,US,בוטנים 49 גרם M&M עד,גרמים,49.00,100 גרם,false,,5.90,12.0408,true,1,14624
42400108153,false,דגני בוקר צבעוניים בטעם פירות טוטי פרוטיס,פוסט ארצות הברית,US,דגני פרוטיס פוסט 354,גרמים,354.00,100 גרם,false,,26.90,7.5989,true,1,120545
46214731552,false,עוגיות שוקולד צ'יפס 37% גודיס 225 גרם,קריניציה ויטמינה אס,NL,מרבה עוגיות שוקולד צ,גרמים,225.00,100 גרם,false,,11.90,5.2889,true,1,23270
50000015474,false,"מזון חתולים פריסקיז מעדני הים 1.43 ק""ג",פריסקיז,US,פריסקיז מעדני הים 4*,קילוגרמים,1.40,"ק""ג",false,,39.90,28.5000,true,1,152172
50000084500,false,מזון יבש לחתול בטעם נתחי ברביקיו פריסקיז Friskies,נסטלה פורינה USA מק,US,פריסקיז מעדני השף מנ,קילוגרמים,1.43,"ק""ג",false,,39.90,27.9021,true,1,20977
50000100347,false,"פריסקיז - מעדני החתול מועשר בחלב 1.40 ק""ג",נסטלה פורינה USA מק,US,פריסקיז מעדני החתול,קילוגרמים,1.40,"ק""ג",false,,39.90,28.5000,true,1,20979
50000168583,false,"מזון חתולים פריסקיז אקסטרא קראנץ 1.43 ק""ג",פריסקיז,US,פריסקיז אקסטרא קראננ,קילוגרמים,1.42,"ק""ג",false,,39.90,28.0986,true,1,152145
50000170180,false,מזון חתולים פריסקיז עוף ברוטב 156 גרם,נסטלה פורינה USA קר,US,פריסקיז פריים פילה ע,גרמים,156.00,100 גרם,false,,7.50,4.8077,true,1,20980
50000225224,false,מזול חתולים פריסקיז פילה הודו ברוטב 156 גרם,נסטלה פורינה USA קר,US,פריסקיז פריים פילה ה,גרמים,156.00,100 גרם,false,,7.50,4.8077,true,1,20981
50000238910,false,פריסקיז פארטי מיקס אוריגי'נל קראנץ10*60גרם,נטסלה פורינה פטקר ארצות,US,פריסקיז פארטי מיקס א,גרמים,60.00,100 גרם,false,,13.90,23.1667,true,1,318792
50000429448,false,פריסקיז פנסי פיסט פטה מוס סלמון 85 גרם,נסטלה פורינה USA סט,US,פנסי פיסט פטה מוס סל,גרמים,85.00,100 גרם,false,,6.90,8.1176,true,1,20991
50000429646,false,פריסקיז פנסי פיסט לח דג אוקיאנוס 85 גרם,נסטלה פורינה USA ג',US,פנסי פיסט פטה דג אוק,גרמים,85.00,100 גרם,false,,6.90,8.1176,true,1,20992
50000574414,false,פריסקיז פארטי מיקס פיקניק קראנץ 60 גרם,נסטלה פורינה פטקר ארצות,US,פריסקיז פארטי מיקס פ,גרמים,60.00,100 גרם,false,,13.90,23.1667,true,1,318793
50000574438,false,פריסקיז פארטי מיקס מעדני ים קראנץ10*60גרם,נסטלה פורינה פטקר ארצות,US,פריסקיז פארטי מיקס מ,גרמים,60.00,100 גרם,false,,13.90,23.1667,true,1,318794
54881003971,false,תה ירוק מבחר 20 שקיקים,אחמד תה אנגליה,AE,תה ירוקמ בחר 20 שקיו,גרמים,180.00,100 גרם,false,,11.90,6.6111,true,1,127604
55500012046,false,כלורוקס קלין אפ מרסס נוזל לניקוי רב תכלי,כלורוקס אוקלנד,US,כלורקס קלין אפ 946 מ,מיליליטרים,946.00,"100 מ""ל",false,,20.90,2.2093,true,1,3895
64144090051,false,"ספריי שמן PAM קנולה אורגינל 148 מ""ל",קונאגרה פודס,US,תרסיס שמן קנולה פאם,מיליליטרים,148.00,"100 מ""ל",false,,21.00,14.1892,true,1,13738
70177077563,false,תה ארל גריי 25 שקיות טוינינגס 50 גר,אר. טווינינגס אנד קומפני,PL,טווינינג ארל גריי 50,גרמים,50.00,100 גרם,false,,19.90,39.8000,true,1,129443
70177077563,false,תה ארל גריי 25 שקיות טוינינגס 50 גר,אר. טווינינגס אנד קומפני,PL,טווינינג ארל גריי 50,גרמים,50.00,100 גרם,false,,19.90,39.8000,true,1,129443
70177077693,false,תה אנגליש ברקפסט 25 שקיות טוינינגס 50 גר,אר. טווינינגס אנד קומפני,PL,טווינינג אינגליש ברק,גרמים,50.00,100 גרם,false,,19.90,39.8000,true,1,129444
70177077693,false,תה אנגליש ברקפסט 25 שקיות טוינינגס 50 גר,אר. טווינינגס אנד קומפני,PL,טווינינג אינגליש ברק,גרמים,50.00,100 גרם,false,,19.90,39.8000,true,1,129444
70177078775,false,תה ליידי גריי טוויני,טווינינגס Twinings,,טווינינג ליידי גריי,גרמים,50.00,100 גרם,false,,19.90,39.8000,true,1,129445
70177078775,false,תה ליידי גריי טוויני,טווינינגס Twinings,,טווינינג ליידי גריי,גרמים,50.00,100 גרם,false,,19.90,39.8000,true,1,129445
70177177669,false,חליטה למון גינגר 30 גרם טווינינג,אר. טווינינגס אנד קומפני,PL,טווינינג חליטה למון,גרמים,30.00,100 גרם,false,,18.90,63.0000,true,1,129459
77245110610,false,סוכריות מאסט ללא סוכר בטעם מנטה 80 ג'עלית,MIESZKO S.A - MS. JO,PL,סוכריות מאסט ללא סוכ,גרמים,80.00,100 גרם,false,,8.90,11.1250,true,1,24022
77975036983,false,מטבל עגבניות בחריפות סניידרס 439 ג',סניידרס אוף האנובר,US,סניידרס מטבל סלסה חר,גרמים,439.00,100 גרם,false,,18.90,4.3052,true,1,13744
77975094761,false,סניידרס חטיפים על בסיס קמח חיטה בטעם גבינת צ'דר,סניידרס אוף האנובר,US,סניידרס צ'דר 340 גרם,גרמים,340.00,100 גרם,false,,21.50,6.3235,true,1,144264
77975094778,false,שברי בייגלה סניידרס בטעם דבש חרדל 340 גר,סניידרס אוף האנובר,US,סניידרס שברי בייגלה,גרמים,340.00,100 גרם,false,,21.50,6.3235,true,1,179243
77975095133,false,שברי בייגלה בטעם פיקנטי 318 ג' סניידרס,סניידרס Snyder's,US,בייגלה סניידרס פיקנט,גרמים,318.00,100 גרם,false,,21.50,6.7610,true,1,346103
611745285685,true,אבוקדו בשל יח,,,אבוקדו בשל יח,גרמים,470.00,100 גרם,false,,9.90,2.1064,true,1,110180
613008742409,false,בקבוק אריזונה אפרסק 1 ליטר,"נטורלה גטרנק בע""\מn\",DE,אריזונה אפרסק בקבוק,ליטרים,1.00,ליטר,false,,12.80,12.8000,true,1,107417
645173911038,false,קורנישון מלפפוןן מיני 720 גרם - תומר,קלמן אינדיה פי וי סי,IN,מלפפונים קורנישון מי,גרמים,720.00,100 גרם,false,,11.90,1.6528,true,1,26282
649660432020,false,היל וויו שזיפים מיובשים מגולענים 567 גרם,היליו פאקינג קוסמי א,US,הייל ויו שזיפים מיוב,גרמים,567.00,100 גרם,false,,29.90,5.2734,true,1,171418
655003854671,false,עלי הולנדיה,,,עלי הולנדיה,יח',1.00,יח',false,,10.90,10.9000,true,1,111664
721733000739,false,פטרון סילבר טקילה מארז TIN 2016) ) 700,פטרון דיסטרליס,MX,"פטרון סילבר 700 מ""ל",מיליליטרים,700.00,"100 מ""ל",false,,189.90,27.1286,true,1,146443
729004875449,false,"קופון הנחה 8 ש""ח בקנ",,,"קופון הנחה 8 ש""ח בקנ",,0.00,,false,,0.01,0.0000,true,1,112894
729016392465,false,מיקסר מערבל יד+קערה,,,מיקסר מערבל יד+קערה,יחידה,0.00,יחידה,false,,89.90,0.0000,true,1,130087
835811000402,false,כפות 50 יח` קרם עבה במיוחד,"גרנג יוניברס , הונג",TR,כפות 50 יח' קרם עבה,יחידה,0.00,יחידה,false,,17.90,0.0000,true,1,145994
835811001195,false,מגש אובלי גדול מדקל 5 יח,,,מגש אובלי גדול מדקל,יח',5.00,יח',false,,21.90,4.3800,true,1,204648
835811001201,false,מגש אובלי בינוני מדקל 5 יח,,,מגש אובלי בינוני מדק,יח',5.00,יח',false,,21.90,4.3800,true,1,204649
835811003427,false,"צלחות גדול מקנה סוכר 1 ק""ג כ-67 יח` הנמל",,,צלחות גדול מקנה סוכר,יחידה,0.00,יחידה,false,,36.90,0.0000,true,1,349449
835811003588,false,צלחות קלאסי גדול לבן 65 יח' הנמל,,,צלחות קלאסי לבן גדול,יחידה,0.00,יחידה,false,,35.90,0.0000,true,1,254936
835811003595,false,צלחות קלאסי קטן לבן 65 יח' הנמל,,,צלחות קלאסי לבן קטן,יחידה,0.00,יחידה,false,,25.90,0.0000,true,1,254937
835811004059,false,צלחות מרובעות גדול מדקל 10 יח,,,צלחות מרובעות גדול מ,יח',10.00,יח',false,,17.90,1.7900,true,1,204615
835811004219,false,מפות שולחן ניילון עבה הנמל 8 יח',זמזמ תעשיות פלסטיק,IL,מפות שולחן 8 מטר עבה,מטרים,8.00,מטר,false,,17.50,2.1875,true,1,129320
835811004431,false,מארז ממחטות טישו משי 100X5 יח' הנמל,,,מארז ממחטות נייר טי,יח',5.00,יח',false,,10.90,2.1800,true,1,224439
835811005803,false,שקיות אשפה עם ידיות 25 יח' X90-מרכז,תעשיות והשקעה אל רסא,IL,הנמל שקיות אשפה עם י,יחידה,0.00,יחידה,false,,13.90,0.0000,true,1,8121
835811005810,false,מגש הכסף תבנית מרובע קטן +מכסה 10 יח`,הנמל,IL,תבנית אלומיניום מרוב,יחידה,0.00,יחידה,false,,13.90,0.0000,true,1,8122
835811005933,false,מגש הכסף תבנית אלומ` ענק 5 יח`,ווינפאק,,תבנית ענקית 5 יח. R-,יחידה,0.00,יחידה,false,,13.90,0.0000,true,1,8125
835811005957,false,מגש הכסף תבנית אלומ` 90 + מכסה 8 יח`,יבוא ושיווק: הנמל אר,IL,תבנית מלבנית עם מכסה,יחידה,0.00,יחידה,false,,13.90,0.0000,true,1,8127
835811006534,false,"כוסות קרטון לשתיה חמה 475 מ""ל",הנמל,CN,כוסות קרטון 50 יח 16,יחידה,0.00,יחידה,false,,26.90,0.0000,true,1,8165
835811006770,false,תבנית אולמניום עגול 5 יח',הנמל,,תבנית אלומניום עגולה,יחידה,0.00,יחידה,false,,13.90,0.0000,true,1,8183
835811007166,false,כוסות חד פעמיות מקרטון עם מכסה פלסטיק,"צח ייבוא ושיווק בע""מ",IL,'כוסות לקפה לדרך+מכס,יחידה,0.00,יחידה,false,,13.90,0.0000,true,1,8193
835811007319,false,מזלגות אלגנט קרם 50 יח' הנמל,,,מזלגות אלגנט קרם 50,יחידה,0.00,יחידה,false,,10.90,0.0000,true,1,318067
835811008347,false,גפרור מיוחד ענק הנמל 1 יחידה,הנמל,IN,גפרור ענק,יחידה,0.00,יחידה,false,,7.90,0.0000,true,1,8215
835811008699,false,כפות שקוף/קרם עבה במיוחד הנמל 50 יח,"גרנג יוניברס , הונג",TR,כפות 50 יח שקוף עבה,יחידה,0.00,יחידה,false,,17.90,0.0000,true,1,8220
835811008934,false,מזלגות 50 יח שקוף/קרם עבה במיוחד,"גרנג יוניברס , הונג",TR,מזלגות 50 יח עבה במי,יחידה,0.00,יחידה,false,,17.90,0.0000,true,1,8230
839762000658,false,איילנד גויאבה המשקה של חופי סיני 1 ליטר,The Egyptian Co. for,EG,איילנד נקטר גויאבה 1,ליטרים,1.00,ליטר,false,,12.50,12.5000,true,1,42981
851621000050,false,בירה חיטה בטעם הדרים 1664 בלאנק - שישייה,קרלסברג ספליי קומפאני פו,PL,בירה BLANC שישיה 330,ליטרים,1.98,ליטר,false,,45.70,23.0808,true,1,80023
877300009848,false,מלח לימון 150 גרם נפ,,,מלח לימון 150 גרם נפ,גרמים,150.00,100 גרם,false,,10.90,7.2667,true,1,150165
884912111715,false,דגני פוסט האני קומב 354 גר,פוסט ארצות הברית,US,-פוסט- האני קומב 354,גרמים,354.00,100 גרם,false,,26.90,7.5989,true,1,93256
884912365200,false,דגני בוקר אוראו שחור ולבן 311 גרם,פוסט ארצות הברית,US,דגני בוקר עם פירורי,גרמים,311.00,100 גרם,false,,26.90,8.6495,true,1,319512
3010470155299,false,פריסקיז Friskies פטה בקר וירקות,ניו פטפוד איטליה,IT,פריסקיז פטה בקר וירק,גרמים,400.00,100 גרם,false,,10.90,2.7250,true,1,84514
3046920028004,false,לינדט שוקולד אקסלנס מריר 70% 100 גר,לינדט ושפרונגלי קילשברג,FR,לינדט אקסלנס 70% 100,גרמים,100.00,100 גרם,false,,17.90,17.9000,true,1,14643
3046920028363,false,לינדט אקסלנס 85% מוצקי קקאו 100 גרם,לינדט ושפרונגלי קילשברג,FR,לינדט אקסלנס 85% 100,גרמים,100.00,100 גרם,false,,17.90,17.9000,true,1,14644
3046920029759,false,לינדט אקסלנס 90% מוצקי קקאו 100 גרם,לינדט ושפרונגלי קילשברג,DE,לינדט אקסלנס 90% 100,גרמים,100.00,100 גרם,false,,17.90,17.9000,true,1,14648
3059943016569,false,"מבשם אוויר אירוויק ספריי פרסיה ויסמין 240 מ""ל",איירוויק Air Wick,GB,אירוויק ספריי פרסיה,מיליליטרים,240.00,"100 מ""ל",false,,12.90,5.3750,true,1,22754
3068320014067,false,מים מינרלים אוויאן 750 מל,קריניציה ויטמינה אס,FR,מים מינרלים טבעיים מ,מיליליטרים,750.00,"100 מ""ל",false,,10.90,1.4533,true,1,31770
3068320017846,false,מים מינרלים אוויאן 1 ליטר,קריניציה ויטמינה אס,FR,מים מינרלים טבעיים מ,ליטרים,1.00,ליטר,false,,13.90,13.9000,true,1,31771
3068320055008,false,מים מינרלים אוויאן 500 מל,קריניציה ויטמינה אס,FR,מים מינרלים טבעיים מ,מיליליטרים,500.00,"100 מ""ל",false,,7.90,1.5800,true,1,31772
3073781161663,false,גבינה מותכת 18.5% שומן לה וואש קירי,לה וואש קירי La Vache qui rit,FR,גבינת לה וואש קירי 8,גרמים,128.00,100 גרם,false,,13.90,10.8594,true,1,160394
3073781161687,false,גבינה מותכת לוואש קירי 256 גרם,פרומאג'רי בל דום סאם,FR,גבינה מותכת לה וואש,גרמים,256.00,100 גרם,false,,24.90,9.7266,true,1,160410
3073781161700,false,מותכת לה וואש קירי 32יח,פרומאג'רי בל דום סאם,FR,גבינה מותכת לה וואש,גרמים,480.00,100 גרם,false,,40.90,8.5208,true,1,160411
3073781162790,false,גבינה מותכת בייבי בל 120 גרם,מחלבות בל,FR,בייבי בל 24% אדום 12,גרמים,120.00,100 גרם,false,,23.90,19.9167,true,1,284253
3161911229199,false,חמאה צרפתית רכה למריחה אל & ויר 250 גרם,אלל אה וויר,FR,אלוויר חמאה רכה 250ג,גרמים,250.00,100 גרם,false,,23.90,9.5600,true,1,18171
3161911366429,false,חמאה צרפתית מלוחה רכה למריחה אלוויר 250 גר',ארזינא,FR,אלוויר חמאה רכה מלוח,גרמים,250.00,100 גרם,false,,23.90,9.5600,true,1,18173
3162330060479,false,בירה SAER BRAU 6*250,,,בירה SAER BRAU 6*250,ליטרים,1.50,ליטר,false,,15.90,10.6000,true,1,347457
3178530402353,false,עוגות מיני מדלן קלאסי סאן מישל 175 גרם,סאן מישל ביסוויט,FR,עוגיות רכות מיני מדל,גרמים,175.00,100 גרם,false,,13.90,7.9429,true,1,121649
3178530407938,false,עוגיות מיני מדליין עם שוקוצ'יפס סאן מישל 175 גרם,סן מישל St Michel,FR,עוגיות שוקולד צ'יפס,גרמים,175.00,100 גרם,false,,13.90,7.9429,true,1,121651
3245412211393,false,שוקולד חלב מעולה קרפ,,FR,שוקולד חלב מעולה קרפ,גרמים,300.00,100 גרם,false,,8.90,2.9667,true,1,289890
3245412211409,false,שוקולד חלב מעולה עם,,FR,שוקולד חלב מעולה עם,גרמים,300.00,100 גרם,false,,16.90,5.6333,true,1,289736
3270190111108,false,קרפור מוזלי פירות 7,,,קרפור מוזלי פירות 7,גרמים,750.00,100 גרם,false,,16.90,2.2533,true,1,327792
3270190128151,false,קרפור שוקולד חלב אור,,FR,קרפור שוקולד חלב אור,גרמים,100.00,100 גרם,false,,7.90,7.9000,true,1,363204
3270190151654,false,שוקולד מריר מעולה עם,,FR,שוקולד מריר מעולה עם,גרמים,100.00,100 גרם,false,,6.90,6.9000,true,1,289991
3270190174936,false,שוקולד חלב עם תכולת,,FR,שוקולד חלב עם תכולת,גרמים,100.00,100 גרם,false,,6.90,6.9000,true,1,289753
3387390525960,false,קראנץ' דגני בוקר עם שוקולד חלב נסטלה 500 גרם,הנסיך- מפעל לייצור ט,FR,דגני קראנץ' נסטלה 50,גרמים,500.00,100 גרם,false,,26.90,5.3800,true,1,21006
3387390730852,false,פיטנס דגנים מחיטה מלאה ואורז נסטלה 375 גרם,נסטלה צרפת איטנקורט,FR,דגני פיטנס נסטלה 375,גרמים,375.00,100 גרם,false,,22.90,6.1067,true,1,21007
3462753473512,false,מגבת גוף,,,מגבת גוף,יחידה,0.00,יחידה,false,,30.90,0.0000,true,1,82227
3523230038959,false,גב.בושה עיזים מפוחם125גר,אוריאל,FR,גבינת עיזים מיני בוש,גרמים,125.00,100 גרם,false,,26.90,21.5200,true,1,68659
3560070249343,false,קרפור- שוקולד חלב עם,,FR,קרפור- שוקולד חלב עם,גרמים,100.00,100 גרם,false,,6.90,6.9000,true,1,363095
3560070415755,false,קרפור-תה ירוק 25 יחי,,,קרפור-תה ירוק 25 יחי,גרמים,32.50,100 גרם,false,,8.90,27.3846,true,1,347553
3560070582884,false,קרפור סטייליס עם שוק,,,קרפור סטייליס עם שוק,גרמים,300.00,100 גרם,false,,9.90,3.3000,true,1,327758
3560070659517,false,קרפור-תה ארל גריי 20,,,קרפור-תה ארל גריי 20,גרמים,36.00,100 גרם,false,,10.90,30.2778,true,1,347537
3560070669981,false,שוקולד מריר מעולה 80,,FR,שוקולד מריר מעולה 80,גרמים,80.00,100 גרם,false,,5.90,7.3750,true,1,289721
3560070701407,false,שוקולד מריר מעולה עם,,FR,שוקולד מריר מעולה עם,גרמים,100.00,100 גרם,false,,6.90,6.9000,true,1,289992
3560070720859,false,שוקולד מריר מעולה 72,,FR,שוקולד מריר מעולה 72,גרמים,80.00,100 גרם,false,,5.90,7.3750,true,1,289738
3560070800353,false,קרפור הוני בולז 375,,,קרפור הוני בולז 375,גרמים,375.00,100 גרם,false,,7.90,2.1067,true,1,327827
3560070826186,false,קרפור מוזלי שוקולד ו,,,קרפור מוזלי שוקולד ו,גרמים,750.00,100 גרם,false,,15.90,2.1200,true,1,327774
3560070852116,false,קרפור-תה ירוק נענע 5,,,קרפור-תה ירוק נענע 5,גרמים,80.00,100 גרם,false,,9.90,12.3750,true,1,347649
3560070888108,false,קרפור-תה שחור בטעם ל,,,קרפור-תה שחור בטעם ל,גרמים,40.00,100 גרם,false,,7.90,19.7500,true,1,347697
3560071005191,false,קרפור -שוקולד לבן עם,,FR,קרפור -שוקולד לבן עם,גרמים,100.00,100 גרם,false,,6.90,6.9000,true,1,363111
3560071006327,false,שוקולד מריר מעולה קר,,FR,שוקולד מריר מעולה קר,גרמים,200.00,100 גרם,false,,6.90,3.4500,true,1,289993
3560071013127,false,קרפור סטייליס עם שוק,,,קרפור סטייליס עם שוק,גרמים,300.00,100 גרם,false,,9.90,3.3000,true,1,327775
3560071013196,false,קרפור סטייליס בטעם ט,,,קרפור סטייליס בטעם ט,גרמים,500.00,100 גרם,false,,10.90,2.1800,true,1,327776
3560071018566,false,קרפור-חטיף דגנים בוט,,,קרפור-חטיף דגנים בוט,גרמים,125.00,100 גרם,false,,6.90,5.5200,true,1,347795
3560071081256,false,קרפור-תה שחור 20 יחי,,,קרפור-תה שחור 20 יחי,גרמים,36.00,100 גרם,false,,10.90,30.2778,true,1,347489
3560071081263,false,קרפור-תה ירוק סיני 2,,,קרפור-תה ירוק סיני 2,גרמים,36.00,100 גרם,false,,10.90,30.2778,true,1,347521
3560071081270,false,קרפור-תה ירוק נענע 2,,,קרפור-תה ירוק נענע 2,גרמים,36.00,100 גרם,false,,10.90,30.2778,true,1,347505
3560071090821,false,קרפור שוקו בולז 375,,,קרפור שוקו בולז 375,גרמים,375.00,100 גרם,false,,7.90,2.1067,true,1,327794
3560071095598,false,קרפור-חטיף דגנים חמו,,,קרפור-חטיף דגנים חמו,גרמים,125.00,100 גרם,false,,6.90,5.5200,true,1,347812
3560071095659,false,קרפור-חטיף דגנים קוק,,,קרפור-חטיף דגנים קוק,גרמים,125.00,100 גרם,false,,6.90,5.5200,true,1,347813
3560071188689,false,בירה Walberg 6*250 מ,,,בירה Walberg 6*250 מ,ליטרים,1.50,ליטר,false,,19.90,13.2667,true,1,347441
3560071413750,false,קרפור-שוקולד מריר 80,,FR,קרפור-שוקולד מריר 80,גרמים,100.00,100 גרם,false,,7.90,7.9000,true,1,363188
3560071431914,false,קפסולות קפה קרפור עו,,FR,קפסולות קפה קרפור עו,גרמים,52.00,100 גרם,false,,7.90,15.1923,true,1,328835
3560071431945,false,קפסולות קפה קרפור עו,,FR,קפסולות קפה קרפור עו,גרמים,52.00,100 גרם,false,,7.90,15.1923,true,1,328851
3560071432003,false,קפסולות קפה קרפור עו,,FR,קפסולות קפה קרפור עו,גרמים,52.00,100 גרם,false,,7.90,15.1923,true,1,328852
3560071432034,false,קפסולות קפה נטול קרפ,,FR,קפסולות קפה נטול קרפ,גרמים,52.00,100 גרם,false,,7.90,15.1923,true,1,328853
3560071432065,false,קפסולות קפה קרפור עו,,FR,קפסולות קפה קרפור עו,גרמים,52.00,100 גרם,false,,7.90,15.1923,true,1,328854
3560071432096,false,קפסולות קפה קרפור עו,,FR,קפסולות קפה קרפור עו,גרמים,52.00,100 גרם,false,,7.90,15.1923,true,1,328855
3560071432157,false,קפסולות קפה וניל קרפ,,FR,קפסולות קפה וניל קרפ,גרמים,52.00,100 גרם,false,,7.90,15.1923,true,1,328856
3560071432188,false,קפסולות קפה קרמל קרפ,,FR,קפסולות קפה קרמל קרפ,גרמים,52.00,100 גרם,false,,7.90,15.1923,true,1,328857
3560071432249,false,קפסולות קפה ברזיל קר,,FR,קפסולות קפה ברזיל קר,גרמים,52.00,100 גרם,false,,7.90,15.1923,true,1,328859
3560071432270,false,קפסולות קפה קולומביה,,FR,קפסולות קפה קולומביה,גרמים,52.00,100 גרם,false,,7.90,15.1923,true,1,328860
3560071432300,false,קפסולות קפה אתיופיה,,FR,קפסולות קפה אתיופיה,גרמים,52.00,100 גרם,false,,7.90,15.1923,true,1,328861
3560071432331,false,קפסולות קפה לאוס קרפ,,FR,קפסולות קפה לאוס קרפ,גרמים,52.00,100 גרם,false,,7.90,15.1923,true,1,328862
3560071432393,false,קפסולות קפה קוסטה רי,,FR,קפסולות קפה קוסטה רי,גרמים,52.00,100 גרם,false,,7.90,15.1923,true,1,328864
3560071432515,false,קפסולות קפה קרפור עו,,FR,קפסולות קפה קרפור עו,גרמים,52.00,100 גרם,false,,7.90,15.1923,true,1,328865
3560071432690,false,קפסולות קפה קרפור עו,,FR,קפסולות קפה קרפור עו,גרמים,52.00,100 גרם,false,,7.90,15.1923,true,1,328866
3560071442545,false,בירה SAER BRAU 6*250,,,בירה SAER BRAU 6*250,ליטרים,1.50,ליטר,false,,15.90,10.6000,true,1,347473
3574660089547,false,טמפונים נורמל קלאסי אובה 32 יחידות,ג'\ונסון אנד ג'\ונסון,GR,טמפון קלאסי נורמל או,יחידה,0.00,יחידה,false,,25.90,0.0000,true,1,23283
3574661003924,false,שטיפת פה טוטאל קר בטעם מנטה צלול,ג'\ונסון אנד ג'\ונסון,IT,מי פה טוטאל קאר ליסט,מיליליטרים,500.00,"100 מ""ל",false,,21.90,4.3800,true,1,31562
3574661098531,false,ניוטרוגינה תחליב גוף מועשר לעור יבש/רגיש,ניוטרוג'ינה Neutrogena,GR,ניוטרוג'ינה תחליב גו,מיליליטרים,400.00,"100 מ""ל",false,,36.90,9.2250,true,1,132798
3574661114637,false,ליסטרין שטיפת פה קול מינט טעם מעודן 500,ג'\ונסון אנד ג'\ונסון,IT,מי פה זירו ליסטרין 5,מיליליטרים,500.00,"100 מ""ל",false,,23.90,4.7800,true,1,31564
3574661363998,false,"מי פה ליסטרין תה ירוק 500 מ""ל",ג'\ונסון אנד ג'\ונסון,IT,מי פה תה ירוק ליסטרי,מיליליטרים,500.00,"100 מ""ל",false,,21.90,4.3800,true,1,136397
3574661491806,false,מי פה אדבנס וויט מנטה מסירה כתמים קשים,ג'\ונסון אנד ג'\ונסון,IT,מי פה אדוונס וויאט מ,מיליליטרים,500.00,"100 מ""ל",false,,21.90,4.3800,true,1,132554
3574661552804,false,מגן תחתון קרפרי אלוורה 56 יחידות,הדקלאים אגודת שיתופי,IT,קרפרי מגן תחתן אלוור,יחידה,0.00,יחידה,false,,15.90,0.0000,true,1,68731
3574661554877,false,מגן תחתון קרפרי כותון מבושם 56 יחידות,הנסיך- מפעל לייצור ט,GR,קרפרי כותון מבושם 56,יחידה,0.00,יחידה,false,,15.90,0.0000,true,1,68732
3600522468813,false,שמפו אלביב קצוות מפוצ700,kozmetik canan,TR,אלביב שמפו אנטי 700מ,,250.00,,false,,21.70,0.0868,true,1,13171
3600523651870,false,שמפו לחיזוק סיב השערה לכל סוגי השיער,לוריאל - אלביב Elvive,TR,שמפו ארגנין אלביב 55,מיליליטרים,550.00,"100 מ""ל",false,,17.90,3.2545,true,1,125327
3608580071389,false,ממרח ערמונים 370 גרם BONNE MAMAN,בון מאמא,FR,ממרח ערמונים 370 גרם,גרמים,370.00,100 גרם,false,,21.90,5.9189,true,1,292523
3608580075646,false,קונפיטורה בטעם שזיפים 370 גר BONNE MAMAN,בון מאמא,FR,קונפיטורה שזיף 370 ג,גרמים,370.00,100 גרם,false,,21.90,5.9189,true,1,292506
3608580730248,false,קונפיטורה דובדובן 370 ג' בוני מאמן,בון ממן,FR,קונפיטורה דובדבן 370,גרמים,370.00,100 גרם,false,,21.90,5.9189,true,1,22603
3608580730255,false,קונפיטורה בטעם משמש 370 גר BONNE MAMAN,בון ממן,FR,קונפיטורה משמש 370 ג,גרמים,370.00,100 גרם,false,,21.90,5.9189,true,1,22604
3616180424948,false,קרפור הום -30 מפיות,,,קרפור הום -30 מפיות,יחידה,0.00,יחידה,false,,6.90,0.0000,true,1,355785
3616180425129,false,קרפור הום -30 מפיות,,,קרפור הום -30 מפיות,יחידה,0.00,יחידה,false,,6.90,0.0000,true,1,355788
3616180425150,false,קרפור הום -30 מפיות,,,קרפור הום -30 מפיות,יחידה,0.00,יחידה,false,,6.90,0.0000,true,1,355790
3616180425174,false,קרפור הום -30 מפיות,,,קרפור הום -30 מפיות,יחידה,0.00,יחידה,false,,6.90,0.0000,true,1,355791
3800020403631,false,קיט קט וופל פריך עם קרם בוטנים (19%) בציפוי שוקולד חלב (61.8%),נסטלה בולגריה A.D.,BG,קיט קט צ'אנקי חמאת ב,גרמים,42.00,100 גרם,false,,4.90,11.6667,true,1,1226
3800864002434,false,סט 6 כוסות יין יוני,,,סט 6 כוסות יין יוני,יחידה,0.00,יחידה,false,,35.00,0.0000,true,1,140926
4000417026002,false,שוקולד ריטר ספורט פרלין 100 גרם חלב נוכרי,ריטר ספורט Ritter sport,DE,שוקולד חלב ממולא קרם,גרמים,100.00,100 גרם,false,,10.40,10.4000,true,1,13761
4000417101211,false,גלילי וופל עם קרם אגוזי לוז בציפוי שוקולד חלב,אמיצ'לי Amicelli,AT,גלילי וופל עם קרם אג,גרמים,150.00,100 גרם,false,,19.90,13.2667,true,1,248199
4000417294005,false,שוקולד ריטר מוס קקאו 100 גרם חלב נוכרי,ריטר ספורט Ritter sport,DE,שוקולד חלב קרם קקאו,גרמים,100.00,100 גרם,false,,10.40,10.4000,true,1,13769
4002448017684,false,"סיליט באנג ספריי ניקוי כללי מסיר אבנית 750 מ""ל",הדקלאים אגודת שיתופי,PL,סיליט באנג ספריי רב,מיליליטרים,750.00,"100 מ""ל",false,,17.90,2.3867,true,1,22772
4002720005736,false,מליטה קפה לפילטר פרימיום 250 גרם,המאפיה של הרמן,DE,מליטה פרימיום קפה פי,גרמים,250.00,100 גרם,false,,23.90,9.5600,true,1,6193
4004666107819,false,"מלרוד לניקוי וטיהור המזגן יעקבי 500 מ""ל",מלרוד,DE,מלרוד לניקוי וטיהור,מיליליטרים,500.00,"100 מ""ל",false,,26.90,5.3800,true,1,145498
4005808366392,false,שפתון ליובש כחול קלאסי לבלו 48 גרם,טרופיקל דגיל תעשיות,IL,שפתון כחול למניעת יו,גרמים,4.80,100 גרם,false,,12.90,268.7500,true,1,1067
4005808368280,false,שפתון ליובש דובדבן לבלו 48 גרם,טרופיקל דגיל תעשיות,DE,שפתון דובדבן לבלו 4.,גרמים,4.80,100 גרם,false,,12.90,268.7500,true,1,1068
4005808502004,false,לבלו שפתון סופט ורוד בליסטר 5.5מל,ביירסדורף,DE,שפתון לבלו ורוד בשרי,גרמים,4.80,100 גרם,false,,12.90,268.7500,true,1,1070
4005808850723,false,לבלו שפתון תות בליסטר,טרופיקל דגיל תעשיות,DE,לבלו פירות בטעם תות,יחידה,0.00,יחידה,false,,12.90,0.0000,true,1,1119
4005900485243,false,"ניוואה - דאודורנט רול און לגבר דריי פרש 50 מ""ל",ביירסדורף,DE,ניוואה דאודורנט רול,מיליליטרים,50.00,"100 מ""ל",false,,16.90,33.8000,true,1,138530
4005900488459,false,"ניוואה - דאודורנט רול און לאישה דריי פרש 50 מ""ל",ביירסדורף AG,DE,דאו' רולאון דריי פרש,מיליליטרים,50.00,"100 מ""ל",false,,19.90,39.8000,true,1,138531
4005900494924,false,"ניוואה - דאודורנט ספריי לאישה דריי פרש אישה 150 מ""ל",ביירסדורף,DE,דאו' ספריי דריי פרש,מיליליטרים,150.00,"100 מ""ל",false,,16.90,11.2667,true,1,138533
4005900513045,false,"ניוואה - דאודורנט ספריי לגבר דיפ 150 מ""ל",ביירסדורף,DE,דאו ספריי לגבר DEEP,מיליליטרים,150.00,"100 מ""ל",false,,16.90,11.2667,true,1,130102
4005900513069,false,"ניוואה - דאודורנט רול און לגבר דיפ 50 מ""ל",ביירסדורף,DE,דאו' רול און לגבר די,מיליליטרים,50.00,"100 מ""ל",false,,16.90,33.8000,true,1,130103
4008287058161,false,בירה קרומבאכר פילס 4.8% שישיה 6 * 330 מל,מנדלז סי.אר. פרודקשן,DE,בירה קרומבכר פילס שי,ליטרים,1.98,ליטר,false,,33.90,17.1212,true,1,179610
4008400230726,false,ביצת שוקולד הפתעה קינדר ענקית 100ג' בנים,קינדר Kinder,BE,ביצת הפתעה קינדר מקס,גרמים,100.00,100 גרם,false,,26.90,26.9000,true,1,88183
4009300524588,false,חליטת צמחים פומפדור פירות יער 20 יחידות,פומפדור Pompadour,DE,פומפדור חליטת פירות,גרמים,60.00,100 גרם,false,,17.90,29.8333,true,1,23347
4009300525684,false,חליטת צמחים פומפדור ג'ינג'ר ולימון 20 יחידות,פומפדור Pompadour,DE,פומפדור חליטת לימוןג,גרמים,35.00,100 גרם,false,,17.90,51.1429,true,1,23350
4009900379564,false,מסטיק הובה בובה Hubba Bubba טייפ בטעם פירות,הובה בובה Hubba Bubba,GB,הובה בובה טייפ פירות,גרמים,56.00,100 גרם,false,,6.70,11.9643,true,1,48195
4009900402965,false,אורביט וויט בטעם פירות בקבוקון 46מלבניות,ריגלי פולין,PL,אורביט וויט פירות בק,גרמים,64.00,100 גרם,false,,11.90,18.5938,true,1,48207
4009900403023,false,אורביט וויט בטעם מנטה בקבוקון 46 מלבניות,"ב.א מזון בע""מ",PL,אורביט וויט מנטה בקב,גרמים,64.00,100 גרם,false,,11.90,18.5938,true,1,48208
4009900420129,false,מסטיק אורביט פרופשנל פפרמינט בקבוקון 64 גר',מרס נדרלנד,PL,אורביט פרופשייונל פפ,גרמים,64.00,100 גרם,false,,11.90,18.5938,true,1,137599
4009900465304,false,סוכריות סקיטלס פירות חמוצים 174 גרם,ריגלי ממתקים,CZ,סקיטלס פירות חמוצים,גרמים,174.00,100 גרם,false,,9.90,5.6897,true,1,48229
4009900479998,false,אורביט וויט אוכמניות בקבוקון 46 מלבניות,ריגלי פולין,PL,אורביט מסטיק בקבוקון,גרמים,64.00,100 גרם,false,,11.90,18.5938,true,1,48234
4009900482417,false,מסטיק אורביט פירות מנטה בקבוקון באבל מינט 45יח,ריגלי פולין,PL,אורביט באבל מינט בקב,גרמים,64.00,100 גרם,false,,11.90,18.5938,true,1,48236
4009900483803,false,מסטיק איירובס מנטה אקליפטוס בקבוקון 60יח',איירוויבס Airwaves,PL,אירוויבז בקבוק M מנט,גרמים,84.00,100 גרם,false,,13.90,16.5476,true,1,141315
4009900484060,false,מסטיק אורביט פרופשיונל בטעם מנטה ללא סוכר,ריגלי פולין,PL,אורביט פרופשיונל מנט,יחידה,0.00,יחידה,false,,14.90,0.0000,true,1,48238
4009900484091,false,מסטיק אורביט פרופשיונל בטעם מנטה ללא סוכר,ריגלי פולין,PL,אורביט פרופשיונל ספי,גרמים,84.00,100 גרם,false,,14.90,17.7381,true,1,48239
4009900509770,false,אורביט באריזת בקבוק בטעם תות 60 יח',אורביט Orbit,GB,אורביט באריזת בקבוק,יחידה,0.00,יחידה,false,,14.90,0.0000,true,1,48253
4009900531122,false,"מסטיק בטעם מנטה ספירמינט, 64 ג' פרופשיונל אורפיט",מרס נדרלנד,PL,אורביט פרופשייונל ספ,גרמים,64.00,100 גרם,false,,11.90,18.5938,true,1,137600
4009900536288,false,מסטיק אורביט רפרשרס פפרמינט בקבוקון ללא סוכר 67 גר',מרס ריגלי קונפקשונרי,PL,מסטיק אורביט רפרשרס,גרמים,67.00,100 גרם,false,,12.90,19.2537,true,1,152453
4009900536486,false,מסטיק אורביט רפרשרס באבלמינט בקבוקון ללא סוכר 67 גר',מרס ריגלי קונפקשונרי,PL,מסטיק אורביט רפרשרס,גרמים,67.00,100 גרם,false,,12.90,19.2537,true,1,127207
4009900539340,false,סוכריות סקיטלס ג'יינט סאוור 141 גרם,מרס ריגלי קונפקשונרי,CZ,סוכריות סקיטלס ענקיו,גרמים,141.00,100 גרם,false,,9.90,7.0213,true,1,245753
4009900539685,false,"מסטיק פייב באונס בטעם מנטה בקבוקון, 61.8 גרם",ריגלי בעמ רוסיה,PL,מסטיק בטעם מנטה ללא,גרמים,61.80,100 גרם,false,,12.90,20.8738,true,1,254205
4009900539746,false,"מסטיק פייב באונס בטעם אבטיח בקבוקון, 61.8 גרם",ריגלי בעמ רוסיה,PL,מסטיק בטעם אבטיח ללא,גרמים,31.80,100 גרם,false,,12.90,40.5660,true,1,254220
4009900540551,false,מסטיק אורביט רפרשרס טרופיקל בקבוקון ללא סוכר,מרס פולין,PL,אורביט רפרשרס טרופיק,גרמים,67.00,100 גרם,false,,12.90,19.2537,true,1,247904
4011100002227,false,באונטי חטיפי מיני שקית 403ג',לינדט ושפרונגלי קילשברג,NL,חטיף באונטי מיני 403,גרמים,403.00,100 גרם,false,,24.90,6.1787,true,1,14666
4011800628512,false,חטיף קורני שוקולד חלב 6 יח 150 גר,מיוצר עי קונדיטוריית,DE,חטיף דגנים עם שוקולד,גרמים,150.00,100 גרם,false,,14.90,9.9333,true,1,66844
4011800630515,false,חטיף קורני שוקולד חלב ובננה 6 יח 150 גר,מיוצר עי קונדיטוריית,DE,חטיף דגנים עם שוקולד,גרמים,150.00,100 גרם,false,,14.90,9.9333,true,1,6235
4011800633516,false,קורני שוקולד מריר מעולה 58% קקאו 6*1,שוורטאוור וורקה,DE,חטיף דגנים שוקולד מר,גרמים,138.00,100 גרם,false,,14.90,10.7971,true,1,66847
4014400904376,false,סוכריות טופי בטעם שוקולד סטורק 325 גרם,קריניציה ויטמינה אס,DE,סוכ.שטורק שוקולדן 32,גרמים,325.00,100 גרם,false,,18.80,5.7846,true,1,13797
4014400904390,false,סוכריות טופי ממולא חלב סטורק 325 גרם,קריניציה ויטמינה אס,DE,סוכריות וולמליש 325ג,גרמים,325.00,100 גרם,false,,18.80,5.7846,true,1,13798
4014400910063,false,סוכריות חמאה וורטרס אורגינל 135 גרם,וורטר'ס אורגינל,DE,סוכריות חמאה וורטר 1,גרמים,135.00,100 גרם,false,,10.50,7.7778,true,1,13802
4014400914696,false,וורטרס אורגינל סוכריות ללא סוכר 80 גרם,ליימן מותגים,DE,80 סוכריות חמאה וורט,גרמים,80.00,100 גרם,false,,9.90,12.3750,true,1,13808
4014400914924,false,"סוכריות בטעם קפה וורטר אורגינל לל""ס 80 גרם",קריניציה ויטמינה אס,DE,80 סוכריות קפה וורטר,גרמים,80.00,100 גרם,false,,9.90,12.3750,true,1,13809
4014400923711,false,בונבוניירה שוקולד אגוזים טופיפי 125 גרם,ליימן מותגים,DE,טופיפי בונבונירה שוק,גרמים,125.00,100 גרם,false,,13.90,11.1200,true,1,13813
4014600202593,false,רגולדס סוכריות בפח בטעם פירות 150 גרם,RAGOLDS GMBH,,סוכריות בפח בטעמי פי,גרמים,150.00,100 גרם,false,,10.90,7.2667,true,1,304016
4015000615891,false,"פה - דאודורנט ספריי לאישה אקווה 200 מ""ל",שוורצקופף והנקל,DE,פה דאו ספריי אקווה 2,מיליליטרים,200.00,"100 מ""ל",false,,9.90,4.9500,true,1,8543
4015000995122,false,"דאודורנט פה ספריי כח המשיכה 200 מ""ל",שוורצקופף והנקל,DE,"דאו ספריי פה 200 מ""ל",מיליליטרים,200.00,"100 מ""ל",false,,9.90,4.9500,true,1,8574
4015400564034,false,מגן תחתון אולוויז מגה פק לונג פלוס 58 יחידות,פרוקטר אנד גמבל,DE,מגן תחתון לונג פלוס,יחידה,0.00,יחידה,false,,18.90,0.0000,true,1,28696
4015400564454,false,מגני תחתון אולוויז לארג' עם ניחוח מגה פק,פרוקטר אנד גמבל,DE,מגן תחתון לארג מגה פ,יחידה,0.00,יחידה,false,,18.90,0.0000,true,1,28700
4015400746812,false,מגני תחתון אולוויז נורמל עם ניחוח מגה פק,פרוקטר אנד גמבל,UA,מגן תחתון מגה פק נור,יחידה,0.00,יחידה,false,,18.90,0.0000,true,1,28765
4015600762742,false,שמפו יומיומי למניעת קשקשים הנוסחה הקלאסית,פרוקטר אנד גמבל,RO,שמפו קלאסי הד&שולדרס,מיליליטרים,500.00,"100 מ""ל",false,,19.90,3.9800,true,1,28806
4015600762780,false,שמפו וקונדישינר יומיומי למניעת קשקשים הנוסחה הקלאסית 2in1,פרוקטר אנד גמבל,RO,שמפו 2-ב1הד&שולדרס 5,מיליליטרים,500.00,"100 מ""ל",false,,19.90,3.9800,true,1,28807
4017100364112,false,בלזן היט בסקוויט סנדביץ עם מלית קרם בטעם שוקולד קקאו (41%) 220 גרם,הדקלאים אגודת שיתופי,PL,היט עוגיות סנדביץ בט,גרמים,220.00,100 גרם,false,,9.90,4.5000,true,1,121258
4018722344308,false,פפרדלה כוסמין אורגני אלב גולד 500 גרם,אלב גולד,DE,אלב גולד - טליאטלה כ,גרמים,500.00,100 גרם,false,,18.90,3.7800,true,1,114452
4022025001905,false,יין בלו ווין מבעבע זהב כשר 750 מל,היי סישל סוהן טראבן,DE,בלו וויין מבעבע זהב,מיליליטרים,750.00,"100 מ""ל",false,,55.90,7.4533,true,1,139043
4022025261002,false,יין בלו ווין גוורצטרמינר 750 מל,לנגוט טראבן,DE,יין בלו נאן בלו וויי,מיליליטרים,750.00,"100 מ""ל",false,,55.90,7.4533,true,1,73725
4025700001962,false,מילקה טבלת שוקולד לבן 100 גרם,פי אר ג'יי אס סי מונ,UA,מילקה שוקולד לבן 100,גרמים,100.00,100 גרם,false,,7.90,7.9000,true,1,75461
4260147890513,false,אטריות ביצים דקות ורמיצ'לי 500ג',דין שיווק,PL,אטריות ביצים דקות במ,גרמים,500.00,100 גרם,false,,12.90,2.5800,true,1,118160
4603400000043,false,"וודקה רוסקיי סטנדרט 700 מ""ל",רוסקי סטנדרט וודקה,RU,רוסקי סטנדרט 700מ'ל,מיליליטרים,700.00,"100 מ""ל",false,,76.90,10.9857,true,1,67491
4603928000976,false,"בלוגה נובל וודקה 700 מ""ל+כוס הייבול",מרינסקי ליקרו-וודאצ'ני ז,RU,בלוגה וודקה 700מל,מיליליטרים,700.00,"100 מ""ל",false,,133.90,19.1286,true,1,120263
4607026530212,false,יורוסטנדרט כוסמת 900,אגרופרודקט,RU,יורוסטנדרט כוסמת 900,גרמים,900.00,100 גרם,false,,12.90,1.4333,true,1,11844
4710068002798,false,מאסטר קפה וונילה פחית 240 מל,מאיטה פוד אינדוסטריאל קו,TW,מאסטר קפה וונילה פחי,מיליליטרים,240.00,"100 מ""ל",false,,6.90,2.8750,true,1,146592
4800888190529,false,דאב - דאודורנט סטיק לאישה טאלק סופט 50 גרם,יוניליוור,PH,דאו' סטיק טאלק סופט,גרמים,50.00,100 גרם,false,,19.90,39.8000,true,1,11076
4860019001346,false,בורז'ומי מים מינרליים טבעיים 500מ'ל חדש,אי די אס בורגומי,,בורז'ומי מים מינרליי,מיליליטרים,500.00,"100 מ""ל",false,,8.90,1.7800,true,1,11856
4860019001414,false,"בקבוק מים בוז'ורמי 750 מ""ל",אי.די.אס בורג'יומי,GE,בורז'ומי מים מינרלים,מיליליטרים,750.00,"100 מ""ל",false,,8.90,1.1867,true,1,11858
4903001904192,false,"רוטב סויה יאמסה פרימיום 500 מ""ל",הדקלאים אגודת שיתופי,JP,רוטב סויה יאמאסה פרמ,מיליליטרים,500.00,"100 מ""ל",false,,18.90,3.7800,true,1,13830
4987176071545,false,מברשות שיניים אורל בי שישייה,,IN,שישיית מברשות שיניים,יחידה,0.00,יחידה,false,,15.90,0.0000,true,1,251747
5000157143365,false,מתבל בטעם מיונז וקטשופ היינץ 425 גרם,"פודליצקי ספ.ז.או.או,",PL,מתבל בטעם מיונז וקטש,מיליליטרים,425.00,"100 מ""ל",false,,15.90,3.7412,true,1,49176
5000159376655,false,סוכריות SKITTLES פירות קטן 38 גרם אדום,ריגלי ממתקים,CZ,סוכריות סקיטלס פירות,גרמים,38.00,100 גרם,false,,3.90,10.2632,true,1,48266
5000159407236,false,חטיף מרס שוקולד עם ק,מרס הולנד בי.וי.,NL,חטיף מרס 51 גרם,גרמים,51.00,100 גרם,false,,4.90,9.6078,true,1,14675
5000159409179,false,מארז חטיפי מיני סניקרס Snickers,מרס הולנד בי.וי.,NL,סניקרס מיני 403 גרם,גרמים,403.00,100 גרם,false,,24.90,6.1787,true,1,14677
5000159452977,false,מיקס שקית מיניס 400 גרם מרס-באונטי-טוויק,מרס הולנד בי.וי.,NL,מיני מיקס 400 גרם,גרמים,400.00,100 גרם,false,,24.90,6.2250,true,1,14679
5000159500845,false,סלבריישן מארז מתנה 196 גרם,מיילי,NL,בונבוניירה סלבריישן,גרמים,196.00,100 גרם,false,,23.90,12.1939,true,1,327439
5000204114959,false,"גלייד ארוסול בניחוח פריחה בלבן 300 מ""ל","אס.סי ג'\ונסון,מידרכט, ה",NL,גלייד ארוסול בניחוח,מיליליטרים,300.00,"100 מ""ל",false,,8.90,2.9667,true,1,49714
5000204153903,false,מטהר אוויר גלייד מילוי אוטומטי מרכך כביסה,"קוסטר אירוסול ואלף סאן,",TR,גלייד מילוי אוטומטי,מיליליטרים,269.00,"100 מ""ל",false,,17.90,6.6543,true,1,99849
5000204196689,false,רייד מכשיר חשמלי + 2 נוזל מילוי 90 לילות,Zobele Bulgaria,BG,רייד מכשיר חשמלי + נ,יחידה,0.00,יחידה,false,,43.30,0.0000,true,1,263177
5000204196924,false,רייד מילוי נוזל *זוג 90 *לילות,גונסון שנגחאי,BG,רייד נוזל מילוי זוג,יחידה,0.00,יחידה,false,,32.90,0.0000,true,1,262869
5000204657913,false,קיווי משחת נעליים בקופסא שחור 50 מל,ג' אל ראיה בוגור,ID,קיווי משחת נעליים בק,מיליליטרים,50.00,"100 מ""ל",false,,6.90,13.8000,true,1,6264
5000396037531,false,מקוויטיס ביסקוויט מצופה שוקולד חלב 200 גרם,ברנדס סרטרה נשיונל,GB,מקוויטיס מצופה שוקול,גרמים,200.00,100 גרם,false,,11.90,5.9500,true,1,100329
5000396037548,false,מקוויטיס ביסקוויט מצופה שוקולד מריר 200 גרם,ברנדס סרטרה נשיונל,GB,מקוויטיס מצופה שוקול,גרמים,200.00,100 גרם,false,,11.90,5.9500,true,1,100330
5000396037944,false,מקוויטיס ביסקוויט אורגינל 250 גרם,ברנדס סרטרה נשיונל,GB,מקוויטים ביסקוויטים,גרמים,250.00,100 גרם,false,,9.90,3.9600,true,1,100320
5010026515933,false,מוזלי קריספי פירות ואגוזים מורנפלייק 750 גרם,מורנינג פוד,GB,מוזלי קריספי פירות ו,גרמים,750.00,100 גרם,false,,25.90,3.4533,true,1,182679
5010026519368,false,מורנפלייק שיבולת שועל בשקית 500 גר,,,פתיתי שיבולת שועל -,גרמים,500.00,100 גרם,false,,9.90,1.9800,true,1,154989
5010067322453,false,טרוביה תחליף אבקת סוכר 280 גרם,טרוביה Truvia,US,תחליף אבקת סוכר טרוב,גרמים,280.00,100 גרם,false,,36.90,13.1786,true,1,326075
5010123703547,false,ליסטרין שטיפת פה פרש ברסט ירוק 500,גונסון אנד גונסון,IT,מי פה פרש בוסט ליסטר,מיליליטרים,500.00,"100 מ""ל",false,,15.90,3.1800,true,1,35289
5011157630281,false,אורז לבן ארוך בסמטי טילדה Tilda,אלסקה/ טילדה,GB,טילדה אורז הימשלי בס,קילוגרמים,1.00,"ק""ג",false,,25.90,25.9000,true,1,23382
5011157671222,false,"טילדה אורז בסמטי חום מלא 1 ק""ג",טילדה Tilda,GB,אורז בסמטי חום מלא,קילוגרמים,1.00,"ק""ג",false,,25.90,25.9000,true,1,263133
5014271002675,false,מעדן פרי תפוח וקינמון סנדלפור 284 גרם,סאן דלפור - שמבור,FR,סאן דלפור מעדן פרי ת,גרמים,284.00,100 גרם,false,,22.90,8.0634,true,1,140430
5014271300429,false,"מעדן משמש 100% פרי סנטדלפור 284 גרם לל""ס",סאן דלפור - שמבור,FR,סאן דלפור מעדן משמש,גרמים,284.00,100 גרם,false,,22.90,8.0634,true,1,18213
5014271350424,false,מעדן ארבעה פירות ללא תוספת סוכר 284 גרם,סאן דלפור - שמבור,FR,סאן דלפור מעדן ארבע,גרמים,284.00,100 גרם,false,,22.90,8.0634,true,1,18216
5014271360423,false,"מעדן תפוזים לל""ס סאן דלפור 284 גרם",סאן דלפור - שמבור,FR,סאן דלפור מעדן תפוז,גרמים,284.00,100 גרם,false,,22.90,8.0634,true,1,18217
5014271370422,false,מעדן אפרסקים ללא תוספת סוכר 284 גרם,סאן דלפור - שמבור,FR,סאן דלפור מעדן אפרסק,גרמים,284.00,100 גרם,false,,22.90,8.0634,true,1,18218
5014271400426,false,"מעדן בטעם תות שדה לל""ס סאן דלפור 284 גרם",סאן דלפור - שמבור,FR,סאן דלפור מעדן תות ש,גרמים,284.00,100 גרם,false,,22.90,8.0634,true,1,18221
5024546366609,false,"וויסקי 700 מ""ל LAUDERS SCOTCH",מקדוף אינטרנשנל דיסט,GB,וויסקי לאודרס 700מל,מיליליטרים,700.00,"100 מ""ל",false,,100.90,14.4143,true,1,117452
5029053002408,false,נייר טואלט קלינקס פרימיום לבן - מארז 9 גלילים,קימברלי קלארק ישראל,IL,נייר טואלט קליניקס ל,מטרים,275.00,מטר,false,,38.90,0.1415,true,1,9514
5029053002439,false,נייר טואלט קלינקס פרימיום צהוב - מארז 9 גלילים,חוגלה קימברלי,GB,נייר טואלט קליניקס צ,מטרים,243.00,מטר,false,,38.90,0.1601,true,1,9515
5029053032658,false,שמיניית ממחטות טישו קלינקס 9 יחידות,חוגלה קימברלי,IT,ממחטות טישו טו גו ק,יחידה,0.00,יחידה,false,,9.90,0.0000,true,1,91448
5029053039725,false,ממחטות נייר קלינקס נטורל פרש קופסה 72 דף,קימברלי קלארק,IL,טישו נטורל פרש קופסא,יחידה,0.00,יחידה,false,,11.90,0.0000,true,1,201757
5029053510811,false,קוטקס - תחבושות אולטרה נורמל + כנפיים 30 יח',קימברלי קלארק,CZ,תחבושות אולטרה נורמל,יחידה,0.00,יחידה,false,,20.90,0.0000,true,1,9519
5029053523446,false,קוטקס - תחבושות אולטרה נייט + כנפיים 20 יח',קימברלי קלארק,CZ,תחבושות אולטרה נייט+,יחידה,0.00,יחידה,false,,20.90,0.0000,true,1,9521
5060517886486,false,"משקה אנרגיה מונסטר אנרג'י בפחית 500 מ""ל",מונסטר אנרג'י Monster Energy,RS,מונסטר אנרג'י פחית 5,מיליליטרים,500.00,"100 מ""ל",false,,7.90,1.5800,true,1,48991
5060751218173,false,"משקה אנרגיה מונסטר אנרג'י piplin punch בפחית 500 מ""ל",מונסטר אנרג'י לימטד,RS,מונסטר פייפלין פאנץ',מיליליטרים,500.00,"100 מ""ל",false,,7.90,1.5800,true,1,272809
5201246002215,false,"בירה פילס היילס ויליפוד 500 מ""ל",הלניק בריויריס אוף א,GR,בירה פילס היילס 500,מיליליטרים,500.00,"100 מ""ל",false,,6.50,1.3000,true,1,141951
5201360582785,false,"סבן דייז קרואסון וניל מארז, שישייה * 40 גרם",,,סבן דייז קרואסון וני,גרמים,240.00,100 גרם,false,,11.90,4.9583,true,1,119347
5201360582785,false,"סבן דייז קרואסון וניל מארז, שישייה * 40 גרם",,,סבן דייז קרואסון וני,גרמים,240.00,100 גרם,false,,11.90,4.9583,true,1,119347
5201360724147,false,7 DAYS - מארז רולדות אישיות מצופות במילוי קקאו 32ג'*8יח',אס.סי. צי'פיטה,RO,רולדות אישיות במילוי,גרמים,256.00,100 גרם,false,,11.90,4.6484,true,1,119348
5201360724147,false,7 DAYS - מארז רולדות אישיות מצופות במילוי קקאו 32ג'*8יח',אס.סי. צי'פיטה,RO,רולדות אישיות במילוי,גרמים,256.00,100 גרם,false,,11.90,4.6484,true,1,119348
5201360784011,false,עוגות אישיות ק.חלב מ,,,עוגות אישיות ק.חלב מ,גרמים,420.00,100 גרם,false,,18.90,4.5000,true,1,119349
5201360797097,false,7 DAYS - עוגות ספוג אישיות מצופות קקאו במילוי וניל 32 ג'*8יח',אס.סי. צי'פיטה,RO,עוגת ספוג מצופה וניל,גרמים,256.00,100 גרם,false,,11.90,4.6484,true,1,119350
5201360797097,false,7 DAYS - עוגות ספוג אישיות מצופות קקאו במילוי וניל 32 ג'*8יח',אס.סי. צי'פיטה,RO,עוגת ספוג מצופה וניל,גרמים,256.00,100 גרם,false,,11.90,4.6484,true,1,119350
5201940010110,false,זיתים שחורים קלמטה וילי פוד 250 גרם,סיוארס אס.איי,GR,זיתים שחורים קלמטה ו,גרמים,250.00,100 גרם,false,,17.90,7.1600,true,1,3523
5202260022388,false,מקסי מחבת 18 ס`מ 2 י,,,מקסי מחבת 18 ס`מ 2 י,יחידה,0.00,יחידה,false,,67.00,0.0000,true,1,134109
5410126106183,false,עוגיות לוטוס 50 יחידות ארוזות בנפרד 312 גרם,כלורוקס אוקלנד,BE,ביסקוויט קרמל 312גרם,גרמים,312.00,100 גרם,false,,19.70,6.3141,true,1,66775
5410126116953,false,ממרח ביסקוויט קרמל לוטוס 400 גרם,לוטוס בייקרי בלגיה נ,BE,לוטוס ממרח ביסקוויט,גרמים,400.00,100 גרם,false,,26.20,6.5500,true,1,5918
5410126666038,false,"ביסקוויט קרמל לוטוס 279 גרם בד""צ",לוטוס ביקרי נ.וי.,BE,עוגיות לוטוס 279 גרם,גרמים,279.00,100 גרם,false,,16.90,6.0573,true,1,130976
5410126716016,false,"עוגיות לוטוס ביסקויט קרמל בד""צ 250 גרם",לוטוס ביקרי בלגיה,BE,ביסקוויט בטעם קרמל ל,גרמים,250.00,100 גרם,false,,12.90,5.1600,true,1,66776
5410126726947,false,ממרח ביסקוויט קרמל קראנץ' לוטוס 380 גרם,לוטוס בייקרי בלגיה נ,BE,לוטוס קראנץ ממרח עוג,גרמים,380.00,100 גרם,false,,25.20,6.6316,true,1,5919
5410769200088,false,"בירה מק שוף קטן 330 מ""ל בקבוק",פארייפאבה אגרואינדוס,BE,"בירה מק שוף 330 מ""ל",מיליליטרים,330.00,"100 מ""ל",false,,14.90,4.5152,true,1,128281
5411081008420,false,"בירה בירה שושנע קסטיל 330 מ""ל פחית",מבשלת קסטל ואן הונסברוק,BE,בירה שושנע (פחית) 33,מיליליטרים,330.00,"100 מ""ל",false,,12.90,3.9091,true,1,346387
5411188081852,false,אלפרו משקה סויה בטעם וניל 1 ל',הנסיך- מפעל לייצור ט,BE,אלפרו משקה סויה בטעם,יחידה,0.00,יחידה,false,,16.20,0.0000,true,1,23384
5411188094159,false,רביעיית מעדן סויה שוקו מריר אלפרו 125 גרם,הנסיך- מפעל לייצור ט,BE,אלפרו מעדן סויה שוק.,מיליליטרים,500.00,"100 מ""ל",false,,19.80,3.9600,true,1,23385
5411188096108,false,"שמנת לבישול ע""ב סויה 250 מ""ל אלפרו",אלפרו C.V.A,BE,אלפרו סויה לבישול 25,מיליליטרים,250.00,"100 מ""ל",false,,10.90,4.3600,true,1,23386
5411188110835,false,אלפרו חלב סויה שקדים וניל 1ל',הנסיך- מפעל לייצור ט,BE,אלפרו משקה שקדים 1 ל,ליטרים,1.00,ליטר,false,,18.50,18.5000,true,1,23390
5411188112709,false,"משקה קוקוס אלפרו 1 ליטר משקה שקדים לל""ס",הנסיך- מפעל לייצור ט,BE,אלפרו משקה שקדים ללא,יחידה,0.00,יחידה,false,,18.50,0.0000,true,1,23394
5411188115366,false,משקה קוקוס אלפרו 1 ליטר משקה שיבולת שועל 1 ליטר,הנסיך- מפעל לייצור ט,BE,אלפרו משקה שיבולת שו,יחידה,0.00,יחידה,false,,18.50,0.0000,true,1,23397
5411188115434,false,משקה אלפרו בריסטה סויה 1 ליטר,אלפרו C.V.A,BE,אלפרו משקה בריסטה סו,ליטרים,1.00,100 ליטר,false,,18.50,1850.0000,true,1,283143
5411188115472,false,משקה סויה אלפרו 1 ליטר,הנסיך- מפעל לייצור ט,BE,אלפרו משקה סויה 1 לי,ליטרים,1.00,ליטר,false,,16.20,16.2000,true,1,97247
5411188121923,false,"משקה סויה מועשר סידן אלפרו 3*250 מ""ל",הנסיך- מפעל לייצור ט,BE,אלפרו סויה סידן שלש,מיליליטרים,750.00,"100 מ""ל",false,,15.90,2.1200,true,1,112866
5411188121978,false,"משקה סויה בטעם שוקולד 3 * 250 מ""ל אלפרו",אלפרו סי.וי. איי,BE,אלפרו סויה שוקו סיד,מיליליטרים,750.00,"100 מ""ל",false,,15.90,2.1200,true,1,109838
5411188127697,false,אלפרו משקה בריסטה שיבולת שועל 1 ליטר,הנסיך- מפעל לייצור ט,BE,אלפרו משקה בריסטה שי,יחידה,0.00,יחידה,false,,18.50,0.0000,true,1,97248
5411188129899,false,משקה אלפרו בריסטה שקדים 1 ליטר,הנסיך- מפעל לייצור ט,BE,אלפרו משקה בריסטה שק,יחידה,0.00,יחידה,false,,18.50,0.0000,true,1,97249
5411188134985,false,אלפרו 3.5% NOT M*LK שיבולת שועל 1 ליטר בית יוסף,הנסיך- מפעל לייצור ט,BE,אלפרו 3.5% שומן NOT,ליטרים,1.00,ליטר,false,,16.20,16.2000,true,1,180402
5411188135005,false,אלפרו 1.8% NOT M*LK שיבולת שועל 1 ליטר בית יוסף,הנסיך- מפעל לייצור ט,BE,אלפרו 1.8% שומן NOT,ליטרים,1.00,ליטר,false,,16.20,16.2000,true,1,183639
5411188543398,false,משקה סויה ללא סוכר אלפרו 1 ליטר,הנסיך- מפעל לייצור ט,BE,אלפרו משקה סויה ללא,ליטרים,1.00,ליטר,false,,16.20,16.2000,true,1,97347
5413121355082,false,שוקולד בלגי מריר משובח 72 פרסטיז 100 גרם,BCG,,שוקולד בלגי מריר 72%,גרמים,100.00,100 גרם,false,,12.90,12.9000,true,1,303083
5413121355143,false,בלג'יאן-שוקולד לבן משובח 100 גר' 1/25 (640175),BCG,,שוקולד לבן משובח בלג,גרמים,100.00,100 גרם,false,,12.90,12.9000,true,1,303098
5413121358694,false,בלג'יאן-שוקולד בלגי מריר85% 100 גר'1/25 (600067),BCG,,שוקולד בלגי מריר 85%,גרמים,100.00,100 גרם,false,,12.90,12.9000,true,1,303099
5413121388905,false,בלגיאן-טראפלס אגוז חג שמח 150 גרם,Q Chocolate,BE,שוקולד טראפלס אגוז,גרמים,150.00,100 גרם,false,,15.90,10.6000,true,1,303131
5413548280189,false,קינדר שוקו בון 1 יחידות 125 גרם,פררו - אלבה,BE,קינדר שוקו בון 125ג,גרמים,125.00,100 גרם,false,,15.90,12.7200,true,1,48567
5701932026964,false,"הוטפופ גרעיני תירס להכנת פופקורן במיקרוגל בטעם טבעי, בתוספת מלח, 600 גרם",ליימן מותגים,US,הוט פופ .פופקורן עם,גרמים,600.00,100 גרם,false,,16.90,2.8167,true,1,13841
5701932026995,false,"הוטפופ גרעיני תירס להכנת פופקורן במיקרוגל בטעם טבעי מופחת שומן, 510 גרם",קריניציה ויטמינה אס,US,הוט פופ פופקורן לייט,גרמים,510.00,100 גרם,false,,16.90,3.3137,true,1,13843
5711953106590,false,גבינת שמנת ארלה שמנת שום 200 גרם,ארלה פודס אמבה,DK,ארלה גבינת שמנת שום,גרמים,200.00,100 גרם,false,,17.70,8.8500,true,1,27625
5711953106606,false,גבינת שמנת עם תבלינים ועשבי תיבול 23.5%,ארלה פודס אמבה,DK,ארלה גבינת שמנת עשבי,גרמים,200.00,100 גרם,false,,17.70,8.8500,true,1,27626
5711953148347,false,"גבינת שמנת טבעי ארלה, 300 גרם",ארלה,DK,גבינת שמנת טבעי ארלה,גרמים,300.00,100 גרם,false,,24.90,8.3000,true,1,326493
5740900403215,false,ממרח מחמאת לורפק עם מלח 250 ג',ארלה פודס אמבה,DK,ממרח לורפק עם מלח 25,גרמים,250.00,100 גרם,false,,17.90,7.1600,true,1,134561
5740900403222,false,ממרח לורפק חמאה עם מלח מופחת שומן 250 ג,ארלה פודס אמבה,DK,ממרח לורפק עם מלח מו,גרמים,250.00,100 גרם,false,,17.90,7.1600,true,1,134562
5740900403239,false,ממרח לורפק ללא תוספת מלח 250 גר,ארלה פודס אמבה,DK,ממרח לורפק ללא מלח 2,גרמים,250.00,100 גרם,false,,17.90,7.1600,true,1,134563
5740900403253,false,ממרח מחמאת לורפק עם מלח 500 ג',ארלה פודס אמבה,DK,ממרח לורפק עם מלח 50,גרמים,500.00,100 גרם,false,,32.20,6.4400,true,1,134565
5765220150618,false,קוצץ איכותי,,,קוצץ איכותי,יחידה,0.00,יחידה,false,,6.90,0.0000,true,1,174901
5765220190140,false,עטרות נייר אפייה 1.5 130 יח',,,עטרות נייר לאפייה 1.,יח',130.00,יח',false,,3.90,0.0300,true,1,124199
5765220190164,false,עטרות נייר אפייה 3- 130 יחידות,,,עטרות נייר לאפייה 3,יח',130.00,יח',false,,5.50,0.0423,true,1,124243
5765571206613,false,נר נשמה 9 ימים בפלסטיק,,,נר נשמה 9 ימים בפלסט,יחידה,0.00,יחידה,false,,11.90,0.0000,true,1,343886
5900020012814,false,דגנים תפוחים בטעם שוקולד נסקוויק נסטלה 500 גרם,מיוצר עי קונדיטוריית,PL,דגני בוקר נסקוויק נס,גרמים,500.00,100 גרם,false,,27.90,5.5800,true,1,21009
5900020015174,false,פיטנס חטיפי אנרגיה דגנים בטעם שוקולד נסטלה 6*23.5 גרם,מיוצר עי קונדיטוריית,PL,פיטנס חטיף דגנים שוק,גרמים,141.00,100 גרם,false,,17.90,12.6950,true,1,21010
5900020018908,false,פיטנס חטיפי אנרגיה דגנים בטעם קרם עוגיות נסטלה 6*23.5 גרם,מיוצר עי קונדיטוריית,PL,פיטנס חטיף דגנים קרם,גרמים,141.00,100 גרם,false,,17.90,12.6950,true,1,21016
5900020026552,false,דגני בוקר האני נאט צ'יריוס בטעם דבש ושקדים,נסטלה צרפת איטנקורט,FR,האני נאט ציריוס נסטל,גרמים,625.00,100 גרם,false,,27.90,4.4640,true,1,21032
5900020029669,false,פיטנס - חטיף דגנים פירות יער 23.50 גרם * 6,נסטלה פולין דגני בוק,PL,פיטנס חטיף דגנים פיר,גרמים,141.00,100 גרם,false,,17.90,12.6950,true,1,119465
5900020034021,false,חטיף דגנים פיטנס שוקולד בננה 141 גרם,מיוצר עי קונדיטוריית,PL,פיטנס חטיף דגנים שוק,גרמים,141.00,100 גרם,false,,17.90,12.6950,true,1,139968
5900020036407,false,ליון דגני בוקר שוקולד וקרמל נסטלה 480 גרם,נסטלה פולין דגני בוק,PL,דגני בוקר שוקולד וקר,גרמים,480.00,100 גרם,false,,27.90,5.8125,true,1,69930
5900020037916,false,דגני בוקר שיבולת שועל צ'ריוס 375ג',ג'נרל מילס סאן אדריא,PL,צ'יריוס שיבולת שועל,גרמים,375.00,100 גרם,false,,17.90,4.7733,true,1,163585
5900020039620,false,פיטנס חטיף דגנים שקדים ודבש פרווה 8 6*23 ג,נסטלה פולין ברים,PL,חטיף דגנים שקדים ודב,גרמים,141.00,100 גרם,false,,17.90,12.6950,true,1,210363
5900020041142,false,קורנפלקס פיטנס 500 ג' אסם,נסטלה צרפת איטנקורט,PL,קורנפלקס פיטנס 500גר,גרמים,500.00,100 גרם,false,,14.90,2.9800,true,1,355259
5901414200411,false,בלזן היט מיני ביסקוויט סנדוויץ' עם מילוי קרם בטעם שוקולד 130 גרם,ליימן שליסל,PL,היט מיניס קרם קקאו 1,גרמים,130.00,100 גרם,false,,6.90,5.3077,true,1,70677
5902198160403,false,XL משקה אנרגיה מוגז ללא סוכר עד 10 קלוריות לפחית 250 מל,"טמפו משקאות בע""\מ",IL,אקס אל משקה אנרגיה ט,מיליליטרים,250.00,"100 מ""ל",false,,4.90,1.9600,true,1,83247
5902768862553,true,עוגיות בוגטי שוקולד,,,עוגיות בוגטי שוקולד,גרמים,155.00,100 גרם,false,,6.90,4.4516,true,1,158379
5902768862683,true,עוגיות טוויט שוקולד,,,עוגיות טוויט שוקולד,גרמים,155.00,100 גרם,false,,6.90,4.4516,true,1,158380
5902768865677,true,עוגיות שוקולד צ'יפס,,,עוגיות שוקולד צ'יפס,גרמים,150.00,100 גרם,false,,6.90,4.6000,true,1,158382
5904941750312,false,"משקה אנרגיה BLU מוחיטו בודד 250 מ""ל",אקו - ביט,PL,בלו בודד מוחיטו 250,מיליליטרים,250.00,"100 מ""ל",false,,4.90,1.9600,true,1,2231
5904941751920,false,בלו משקה אנרגיה דיי חצי מכמות הקלו250 מל,אקו - ביט,PL,בלו משקה אנרגיה דיי,מיליליטרים,250.00,"100 מ""ל",false,,4.90,1.9600,true,1,2246
5906485301012,false,"משקה אנרגיה XL פחית 250 מ""ל","טמפו משקאות בע""מ",IL,אקס אל משקה אנרגיה 2,מיליליטרים,250.00,"100 מ""ל",false,,4.90,1.9600,true,1,10085
5941021000639,false,טבלת שוקולד חלב אגוז היידי גראנדור 100 ג',היידי שוקולד בירונטי,,טבלת היידי גראנדור ח,גרמים,100.00,100 גרם,false,,12.90,12.9000,true,1,282522
5941021001261,false,טבלת שוקולד היידי גראנדור 75% 80 ג',היידי שוקולד בירונטי,RO,טבלת היידי גראנדור 7,גרמים,80.00,100 גרם,false,,12.90,16.1250,true,1,282647
5941021005139,false,טבלת שוקולד חלב שקד היידי גראנדור 100 ג',,,טבלת היידי גראנדור ח,גרמים,100.00,100 גרם,false,,12.90,12.9000,true,1,282540
5941021007577,false,טבלת שוקולד פיסטוק היידי גראנדור 80 ג',היידי שוקולד בירונטי,,טבלת היידי גראנדור פ,גרמים,80.00,100 גרם,false,,12.90,16.1250,true,1,282648
6008165274629,false,פאל מאל כחול ארוך סטרים פילטר חפיסה,יושלם,TR,פאל מאל כחול ארוך סט,יחידה,0.00,יחידה,false,,31.00,0.0000,false,1,4705
6102017501939,false,מצת להבה לגז brico {במעמד},,CN,מצת מהודר,יחידה,0.00,יחידה,false,,9.90,0.0000,true,1,124647
6111094000198,false,קוסקוס דארי בינוני 350 גרם,דארי קוספאט אס. איי. או,MA,קוסקוס דק דארי 350 ג,גרמים,350.00,100 גרם,false,,9.90,2.8286,true,1,122738
6111094000242,false,תומר קוסקוס דארי דק 500גר,דארי קוספאט אס. איי. או,MA,קוסקוס דק דארי 500 ג,גרמים,500.00,100 גרם,false,,10.90,2.1800,true,1,120092
6111094000259,false,קוסקוס דארי בינוני 500ג'18X,דארי קוספאט אס. איי. או,MA,קוסקוס בינוני דארי 5,גרמים,500.00,100 גרם,false,,10.90,2.1800,true,1,120093
6111094000808,false,"קוסקוס דארי בינוני תומר 1 ק""ג + 10% תוספת",דארי קוספטה אל-זהרה,MA,קוסקוס בינוני דארי 1,קילוגרמים,1.10,"ק""ג",false,,18.90,17.1818,true,1,120094
6534401901504,true,מחצלת להכנת סושי,,,מחצלת להכנת סושי,יחידה,0.00,יחידה,false,,5.90,0.0000,true,1,207629
6820180058110,false,כף אשפה פלסטיק,,,כף אשפה פלסטיק,יחידה,0.00,יחידה,false,,6.90,0.0000,true,1,243495
6841398731244,false,מארז סביבון מצייר 3 יחידות,,,מארז סביבון מצייר 3,יחידה,0.00,יחידה,false,,5.90,0.0000,true,1,343934
6899945609621,false,מסננת כיור איכותית,,,מסננת כיור איכותית,יחידה,0.00,יחידה,false,,6.90,0.0000,true,1,171537
6910191800287,false,אצות נורי בלו 10 דף (ננגטונג),ננטונג היידה אקווטוק,CN,אצות נורי לסושי מזרח,גרמים,25.00,100 גרם,false,,12.90,51.6000,true,1,15082
6912977000140,false,אטריות שעועית 250 גר' ( Yantai)ללא גלוטן(כ),יאנטאי ינסידה לנוגקא,CN,אטריות שעועית ללא גל,גרמים,250.00,100 גרם,false,,9.90,3.9600,true,1,59541
6918647655351,false,דבק דו צדדי זוג 3.3 *1.7,,,דבק דו צדדי זוג 1.7*,יחידה,0.00,יחידה,false,,9.90,0.0000,true,1,289449
6918647655375,false,מארז 5 יח דבק חם עבה,,,מארז 5 יח דבק חם עבה,יחידה,0.00,יחידה,false,,10.00,0.0000,true,1,310827
6920190410059,false,כוסות נייר אפיה קטן (קאפקייקס) 50יח,,CN,נייר מאפינס קטנים לא,יחידה,0.00,יחידה,false,,12.90,0.0000,true,1,149224
6920190410059,false,כוסות נייר אפיה קטן (קאפקייקס) 50יח,,CN,נייר מאפינס קטנים לא,יחידה,0.00,יחידה,false,,12.90,0.0000,true,1,149224
6924299396450,false,סט 18 צלחות זכוכית ל,,,סט 18 צלחות זכוכית ל,יחידה,0.00,יחידה,false,,99.00,0.0000,true,1,140927
6924299396467,false,סט 18 צלחות זכוכית ל,,,סט 18 צלחות זכוכית ל,יחידה,0.00,יחידה,false,,99.00,0.0000,true,1,140928
6924392029699,false,סט 18 צלחות זכוכית ב,,,סט 18 צלחות זכוכית ב,יחידה,0.00,יחידה,false,,99.00,0.0000,true,1,140929
6928209122399,false,מסננת 20 ידית פלסטיק,,,מסננת 20 ידית פלסטיק,יחידה,0.00,יחידה,false,,12.00,0.0000,true,1,29770
6936065405297,false,מטריה איכותית אוטומטית,,,מטריה איכותית אוטומט,יחידה,0.00,יחידה,false,,24.90,0.0000,true,1,100122
6936065466502,false,מטריות ילדים ממותגת,סיגו ינקו,,מטריה ממותגת לילדים,יחידה,0.00,יחידה,false,,19.90,0.0000,true,1,100105
6936745600783,false,"חומץ אורז מזרח מערב 500 מ""ל",דאנינג יוה פודס קו,CN,"חומץ אורז 500 מ""ל (ד",גרמים,500.00,100 גרם,false,,17.90,3.5800,true,1,15096
6942424811012,false,מטריה מיני בצבעים שונים,,,מטריה מיני בצבעים שו,יחידה,0.00,יחידה,false,,11.90,0.0000,true,1,100091
6951097101078,false,כוס זכוכית BLINKMAX,,,מאג לאטה 240,יחידה,0.00,יחידה,false,,4.90,0.0000,true,1,170188
6951097101139,false,"כוס מאג קליר ניו בלינק 300 מ""ל",,,מאג קליר ניו בלינק 3,יחידה,0.00,יחידה,false,,5.90,0.0000,true,1,30042
6970772670333,false,מצת מהודר,,,מצת מהודר,יחידה,0.00,יחידה,false,,9.90,0.0000,true,1,255482
7180589856540,false,נייס שבלולים לשיער,,IL,נייס שבלולים לשיער,יחידה,0.00,יחידה,false,,3.90,0.0000,true,1,37201
7262626058497,false,כובע צמר לגבר,,,כובע צמר לגבר,יחידה,0.00,יחידה,false,,29.90,0.0000,true,1,95463
7262626088173,false,גרבי אנגורה נשים,,,גרבי אנגורה נשים,יחידה,0.00,יחידה,false,,9.90,0.0000,true,1,120489
7262626088180,false,טייץ טרמי שחור,,,טייץ טרמי שחור,יחידה,0.00,יחידה,false,,29.90,0.0000,true,1,104021
7262626088197,false,טייץ טרמי צבעוני מלא,,,טייץ טרמי צבעוני,יחידה,0.00,יחידה,false,,29.90,0.0000,true,1,103582
7262626088319,false,כובע חורף נשים פונפו,,,כובע חורף נשים פונפו,יחידה,0.00,יחידה,false,,29.90,0.0000,true,1,358496
7262626111222,false,בובה דובי,,,בובה דובי,יחידה,0.00,יחידה,false,,19.90,0.0000,true,1,163638
7271730901261,false,ווקי מאק ארוחת אטריות עם גבינה 156 גרם,ניו וורלד פסטה קומפנ,US,ארוחת אטריות וואקי מ,גרמים,156.00,100 גרם,false,,11.90,7.6282,true,1,70533
7290000000093,false,משלוח קו קופה טלפוני,,,משלוח קו קופה טלפוני,יחידה,0.00,יחידה,false,,29.00,0.0000,true,1,72405
7290000000104,false,חבילת כוסברה טריה,ביכורי השקמה,,סנדוויץ' עובד,יחידה,0.00,יחידה,false,,5.00,0.0000,true,1,105434
7290000000311,false,קרואסון ביס בטעמים ח,,,קרואסון ביס בטעמים ח,קילוגרמים,1.00,"ק""ג",true,,45.00,45.0000,true,1,117655
7290000000626,false,ברוקולי ארוז במגשית,,,ברוקולי ארוז במגשית,יח',1.00,יח',false,,9.90,9.9000,true,1,226264
7290000001005,false,לחם איטלקי,,,לחם איטלקי,יח',1.00,יח',false,,8.90,8.9000,true,1,49710
7290000001193,false,בונז'ור בייבי חליות,,,בונז'ור בייבי חליות,גרמים,70.00,100 גרם,false,,2.50,3.5714,true,1,126289
7290000001586,true,שמיר כשר,,,שמיר כשר,יח',1.00,יח',false,,5.90,5.9000,true,1,114482
7290000002022,false,פרווה ביס שוקולד/מאפ,,,פרווה ביס שוקולד/מאפ,קילוגרמים,1.00,"ק""ג",true,,45.00,45.0000,true,1,117716
7290000002057,false,בורקיטס בולגרי בטעמי,,,בורקיטס בולגרי בטעמי,קילוגרמים,1.00,"ק""ג",true,,45.00,45.0000,true,1,117717
7290000002464,false,תמר מג'הול,,,תמר מג'הול,קילוגרמים,1.00,"ק""ג",true,,46.00,46.0000,true,1,140740
7290000002525,false,ציפורן,,,ציפורן,קילוגרמים,1.00,"ק""ג",true,,149.00,149.0000,true,1,140811
7290000002568,false,בוטנים מולבן,,,בוטנים מולבן,קילוגרמים,1.00,"ק""ג",true,,29.00,29.0000,true,1,140852
7290000002570,false,חמוצים 1,,,חמוצים 1,קילוגרמים,1.00,"ק""ג",true,,39.00,39.0000,true,1,140853
7290000002571,false,חמוצים 2,,,חמוצים 2,קילוגרמים,1.00,"ק""ג",true,,59.00,59.0000,true,1,140854
7290000002573,false,חלווה,,,חלווה,קילוגרמים,1.00,"ק""ג",true,,49.00,49.0000,true,1,140855
7290000002587,false,קוקוס טבעי,,,קוקוס טבעי,קילוגרמים,1.00,"ק""ג",true,,69.00,69.0000,true,1,156692
7290000002588,false,בקלווה,,,בקלווה,קילוגרמים,1.00,"ק""ג",true,,59.00,59.0000,true,1,156693
7290000002872,false,גבינה מאסדם הולנדית,,,צפתית במים גד 5% במש,קילוגרמים,1.00,"ק""ג",true,,68.00,68.0000,true,1,15277
7290000002889,false,גורגונזולה פיקנטי/דו,,,גבינות שמנת שום שמיר,קילוגרמים,1.00,"ק""ג",true,,61.00,61.0000,true,1,15278
7290000002902,false,גבינות שמנת ירקות גד,,,גבינות שמנת ירקות גד,קילוגרמים,1.00,"ק""ג",true,,61.00,61.0000,true,1,15280
7290000003285,false,פטינה מחלבת ארלה 21%,,,פטינה מחלבת ארלה 21%,קילוגרמים,1.00,"ק""ג",true,,32.00,32.0000,true,1,162884
7290000004006,false,קאשקבל משולשים גד 26,,,קאשקבל משולשים גד 26,קילוגרמים,1.00,"ק""ג",true,,143.00,143.0000,true,1,15284
7290000004444,false,שקיות גופיה 20 מקרו,,,שקיות גופיה 20 מקרו,יחידה,0.00,יחידה,false,,0.10,0.0000,true,1,301515
7290000004754,false,מוצרלה כדור קטן גד 1,,,מוצרלה כדור קטן גד 1,קילוגרמים,1.00,"ק""ג",true,,107.00,107.0000,true,1,15289
7290000004792,false,בולגרית מעודנת גד 5%,,,בולגרית מעודנת גד 5%,קילוגרמים,1.00,"ק""ג",true,,70.00,70.0000,true,1,15290
7290000004815,false,מוצרלה גד 22% במשקל,,,מוצרלה גד 22% במשקל,קילוגרמים,1.00,"ק""ג",true,,94.00,94.0000,true,1,15291
7290000004891,false,בולגרית מסורתית גד 1,,,בולגרית מסורתית גד 1,קילוגרמים,1.00,"ק""ג",true,,70.00,70.0000,true,1,15292
7290000004921,false,ריקוטה גד 5% במשקל,,,ריקוטה גד 5% במשקל,קילוגרמים,1.00,"ק""ג",true,,70.00,70.0000,true,1,15294
7290000004969,false,גבינות שמנת טבעי גד,,,גבינות שמנת טבעי גד,קילוגרמים,1.00,"ק""ג",true,,61.00,61.0000,true,1,15297
7290000004976,false,גבינות שמנת זיתים גד,,,גבינות שמנת זיתים גד,קילוגרמים,1.00,"ק""ג",true,,61.00,61.0000,true,1,15298
7290000005025,false,בייגל בטעמים,,,בייגל בטעמים,יח',1.00,יח',false,,5.50,5.5000,true,1,126284
7290000005431,false,בולגרית גד 16% במשקל,,,בולגרית גד 16% במשקל,קילוגרמים,1.00,"ק""ג",true,,70.00,70.0000,true,1,15304
7290000005455,false,בולגרית מעודנת מהדרי,,,בולגרית מעודנת מהדרי,קילוגרמים,1.00,"ק""ג",true,,70.00,70.0000,true,1,15306
7290000006021,false,ניצן מעדן קוביות פטה,,,פטה מעדן סלט קוביות,קילוגרמים,1.00,"ק""ג",true,,75.00,75.0000,true,1,6745
7290000006120,false,פלפלוני שרי ממולאים,,,טאפאס ממולא גב.שמנת,קילוגרמים,1.00,"ק""ג",true,,157.00,157.0000,true,1,6746
7290000007528,false,שקית ציפס 100 גר',,,שקית ציפס 100 גר',גרמים,100.00,100 גרם,false,,4.00,4.0000,true,1,123025
7290000009350,false,בשר טחון טרי,,,בשר טחון טרי,קילוגרמים,1.00,"ק""ג",true,,39.90,39.9000,true,1,314670
7290000009352,false,בשר טחון פרימיום טרי,,,בשר טחון פרימיום טרי,קילוגרמים,1.00,"ק""ג",true,,49.90,49.9000,true,1,314881
7290000009354,false,צלעות בקר טרי,,,צלעות בקר טרי,קילוגרמים,1.00,"ק""ג",true,,79.90,79.9000,true,1,315058
7290000009358,false,כתף בקר טרי,,,כתף בקר טרי,קילוגרמים,1.00,"ק""ג",true,,69.90,69.9000,true,1,315149
7290000009362,false,צלי כתף טרי,,,צלי כתף טרי,קילוגרמים,1.00,"ק""ג",true,,89.90,89.9000,true,1,315291
7290000009363,false,צלי כתף חלק טרי,,,צלי כתף חלק טרי,קילוגרמים,1.00,"ק""ג",true,,89.90,89.9000,true,1,315307
7290000009370,false,שריר טרי,,,שריר טרי,קילוגרמים,1.00,"ק""ג",true,,64.90,64.9000,true,1,315430
7290000009395,false,אסאדו ע.ע. טרי,,,אסאדו ע.ע. טרי,קילוגרמים,1.00,"ק""ג",true,,69.90,69.9000,true,1,315912
7290000009397,false,אוסובוקו טרי,,,אוסובוקו טרי,קילוגרמים,1.00,"ק""ג",true,,69.90,69.9000,true,1,315572
7290000009455,false,צוואר בקר מחפוד טרי,,,צוואר בקר מחפוד טרי,קילוגרמים,1.00,"ק""ג",true,,69.90,69.9000,true,1,326236
7290000009456,false,צוואר עגל טרי,,,צוואר עגל טרי,קילוגרמים,1.00,"ק""ג",true,,54.90,54.9000,true,1,325918
7290000009462,false,צוואר ע.ע טרי,,,צוואר ע.ע טרי,קילוגרמים,1.00,"ק""ג",true,,49.90,49.9000,true,1,325688
7290000009464,false,אנטריקוט ע.ע טרי,,,אנטריקוט ע.ע טרי,קילוגרמים,1.00,"ק""ג",true,,94.90,94.9000,true,1,325736
7290000009480,false,עצמות מח חלק טרי,,,עצמות מח חלק טרי,קילוגרמים,1.00,"ק""ג",true,,24.90,24.9000,true,1,326321
7290000011236,false,בולגרית מעודנת המושב,,,בולגרית מעודנת המושב,קילוגרמים,1.00,"ק""ג",true,,50.00,50.0000,true,1,15518
7290000011593,false,שזיף,,,שזיף,קילוגרמים,1.00,"ק""ג",true,,19.90,19.9000,true,1,54997
7290000013006,false,פסטרמה מקסיקנית זוגל,,,פסטרמה מקסיקנית 1% ז,קילוגרמים,1.00,"ק""ג",true,,89.00,89.0000,true,1,42417
7290000013037,false,פסטרמה פרגיות על לבנ,,,פסט. פרגיות על לבנים,קילוגרמים,1.00,"ק""ג",true,,89.00,89.0000,true,1,42419
7290000014510,false,חסה עגולה,,,חסה עגולה,יח',1.00,יח',false,,7.90,7.9000,true,1,55000
7290000021003,false,עוף טרי שלם,,,עוף טרי שלם,קילוגרמים,1.00,"ק""ג",true,,19.90,19.9000,true,1,28058
7290000023083,false,ערק אשקלון בקבוק 700,"יקבי ברקן בע""\מ",IL,"ערק אשקלון 700 מ""ל כ",מיליליטרים,700.00,"100 מ""ל",false,,55.90,7.9857,true,1,10096
7290000023809,false,"יין קלאסיק קברנה סוביניון ברקן 750 מ""ל",יקבי ברקן שיווק והפצה בע,IL,קלאסיק קברנה סובניון,מיליליטרים,750.00,"100 מ""ל",false,,35.50,4.7333,true,1,10111
7290000023816,false,"יין קלאסיק אמרלד ריזלינג ברקן 750 מ""ל",יקבי ברקן שיווק והפצה בע,IL,קלאסיק אמרלד ריזלינג,מיליליטרים,750.00,"100 מ""ל",false,,35.50,4.7333,true,1,10112
7290000023977,false,"יין קלאסיק מרלו ברקן 750 מ""ל",יקבי ברקן שיווק והפצה בע,IL,קלאסיק מרלו 750מל.,מיליליטרים,750.00,"100 מ""ל",false,,35.50,4.7333,true,1,10118
7290000035324,false,בולגרית חלב נוכרי פי,,,בולגרית חלב נוכרי פי,קילוגרמים,1.00,"ק""ג",true,,59.00,59.0000,true,1,26969
7290000036291,false,צפתית מעודנת מהדרין,,,צפתית מעודנת מהדרין,קילוגרמים,1.00,"ק""ג",true,,57.00,57.0000,true,1,26972
7290000038355,false,כתף כשר טרי מצונן,,,כתף כשר טרי מצונן,קילוגרמים,1.00,"ק""ג",true,,74.90,74.9000,true,1,33040
7290000040042,false,יופלה יוגורט תות %3 גביע 150 גרם,תנובה חלב,IL,יופלה תות שובב 3% 15,מיליליטרים,150.00,"100 מ""ל",false,,5.70,3.8000,true,1,27118
7290000040066,false,יופלה יוגורט דובדבן %3 גביע 150 גרם,תנובה חלב,IL,יופלה דובדבן פראי 3%,מיליליטרים,150.00,"100 מ""ל",false,,5.70,3.8000,true,1,27120
7290000040080,false,יופלה יוגורט אפרסק %3 גביע 150 גרם,תנובה חלב,IL,יופלה אפרסק מאוהב 3%,מיליליטרים,150.00,"100 מ""ל",false,,5.70,3.8000,true,1,27121
7290000040301,false,תנובה עין גדי קממבר מחלב בקר 24% שומן,תנובה מרכז שיתופי לש,IL,תנובה גבינת קממבר עי,גרמים,125.00,100 גרם,false,,20.60,16.4800,true,1,27124
7290000040974,false,חלב דל לקטוז 2% תנובה קרטון 1 ליטר,תנובה מרכז שיתופי לש,IL,חלב תנובה קרטון דל ל,ליטרים,1.00,ליטר,false,,7.50,7.5000,true,1,27128
7290000041858,false,"שמנת חמוצה 15% מועשרת יטבתה 200 מ""ל",שטראוס גרופ,IL,יטבתה שמנת חמוצה 15%,מיליליטרים,200.00,"100 מ""ל",false,,2.70,1.3500,true,1,24751
7290000041865,false,"לבן 4.5% שומן מהדרין ""יטבתה""",שטראוס גרופ,IL,יטבתה לבן 4.5% 200מל,מיליליטרים,200.00,"100 מ""ל",false,,2.50,1.2500,true,1,24752
7290000042008,false,חלב תנובה טרי 3% שקית 1 ל',"תנובה, מחלבת רחובות",IL,חלב תנובה רבנות 3% ב,ליטרים,1.00,ליטר,false,,5.43,5.4300,true,1,27135
7290000042015,false,"חלב שתייה תנובה בד""צ בשקית 1 ליטר",תנובה מרכז שיתופי לש,IL,חלב תנובה טרי שקית,יחידה,0.00,יחידה,false,,5.43,0.0000,true,1,27136
7290000042404,false,חלב 3% בשקית יטבתה 1 ליטר מהדרין,שטראוס גרופ,IL,יטבתה חלב מועשר שקית,ליטרים,1.00,ליטר,false,,6.20,6.2000,true,1,24754
7290000042435,false,חלב דל שומן בקרטון+פקק תנובה 1 ליטר,תנובה מרכז שיתופי לש,IL,חלב תנובה בקרטון 1%,ליטרים,1.00,ליטר,false,,5.86,5.8600,true,1,27142
7290000042442,false,"חלב תנובה טרי 3% ""תנובה"" - מוצר בפיקוח",תנובה חלב,IL,חלב תנובה בקרטון רבנ,ליטרים,1.00,ליטר,false,,6.23,6.2300,true,1,27143
7290000042640,false,"חלב תנובה עמיד 3% קרטון 250 מ""ל",תנובה מרכז שיתופי לש,IL,חלב תנובה עמיד 3% מה,מיליליטרים,250.00,"100 מ""ל",false,,2.90,1.1600,true,1,27149
7290000042855,false,"שוקו בשקית 250 מ""ל ""יטבתה""",שטראוס גרופ,IL,יטבתה שוקו שקית 225,מיליליטרים,225.00,"100 מ""ל",false,,2.90,1.2889,true,1,24756
7290000043012,false,"שוקו עמיד 2% בקרטון 250 מ""ל תנובה",תנובה מרכז שיתופי לש,IL,שוק שוקו עמיד 2% בקר,מיליליטרים,250.00,"100 מ""ל",false,,4.90,1.9600,true,1,27152
7290000043814,false,השף הלבן שמנת להקצפה 38% שומן 250 מל - מוצר בפיקוח,תנובה מרכז שיתופי לש,IL,שף לבן שמנת לקצפת עמ,מיליליטרים,250.00,"100 מ""ל",false,,6.47,2.5880,true,1,27155
7290000043890,false,תנובה רויון לבן מחלב מפסוטר 1.5%,תנובה מרכז שיתופי לש,IL,ריויון 1.5% 1ל,ליטרים,1.00,ליטר,false,,12.50,12.5000,true,1,27158
7290000043944,false,כד יוגורט תנובה 4% שומן 1.5 ליטר,מיוצר עי קונדיטוריית,IL,יוגורט כדים תנובה 1.,ליטרים,1.50,ליטר,false,,17.70,11.8000,true,1,27159
7290000044712,false,יוגורט עם תות 1.5% שומן 500 ג' פרילי,מיוצר עי קונדיטוריית,IL,פרילי תות 1.5% 500מל,מיליליטרים,500.00,"100 מ""ל",false,,10.90,2.1800,true,1,27165
7290000044880,false,באדי יוגורט תות 3% שומן 500 ג' תנובה,מיוצר עי קונדיטוריית,IL,באדי תות 3% 500מל,מיליליטרים,500.00,"100 מ""ל",false,,9.90,1.9800,true,1,27167
7290000045573,false,גבינת מותכת משולשים 25% שומן 200 ג' נעמה,תנובה חלב,IL,נעמה גבינת מותכת 25%,גרמים,200.00,100 גרם,false,,16.50,8.2500,true,1,27169
7290000045580,false,גבינה מותכת נעמה חורש תנובה 240 גרם,תנובה מרכז שיתופי לש,IL,נעמה גבינת מותכת 25%,גרמים,240.00,100 גרם,false,,18.90,7.8750,true,1,27170
7290000046020,false,גלבוע גבינה שמנה במש,תנובה מרכז שיתופי לש,IL,גלבוע 22% במשקל,קילוגרמים,1.00,"ק""ג",true,,42.58,42.5800,true,1,26977
7290000046327,false,גלבוע גבינה צהובה פרוסה 22% תנובה 200 גרם,תנובה מרכז שיתופי לש,IL,גלבוע גבינה פרוסה 22,גרמים,200.00,100 גרם,false,,13.30,6.6500,true,1,27175
7290000046549,false,גבינת מוצרלה 20% במשקל,תנובה מרכז שיתופי לש,IL,מוצרלה חריץ תנובה במ,קילוגרמים,1.00,"ק""ג",true,,82.00,82.0000,true,1,26983
7290000046563,false,גב.קולאז' פרמזן 23%במשקל,תנובה מרכז שיתופי לש,IL,גבע פרמזן תנובה במשק,קילוגרמים,1.00,"ק""ג",true,,114.00,114.0000,true,1,26985
7290000047027,false,גב.קולאז' גלעד 27% במשקל,תנובה מרכז שיתופי לש,IL,קשקבל גלעד במשקל,קילוגרמים,1.00,"ק""ג",true,,128.00,128.0000,true,1,26988
7290000047034,false,גבינת רוקפור 26%כבש משקל,תנובה מרכז שיתופי לש,IL,רוקפור גליל במשקל,קילוגרמים,1.00,"ק""ג",true,,130.00,130.0000,true,1,26989
7290000047485,false,גבינה בולגרית במשקל,תנובה מרכז שיתופי לש,IL,בולגרית פיראוס 24% ב,קילוגרמים,1.00,"ק""ג",true,,64.00,64.0000,true,1,26992
7290000047546,false,השף הלבן כנען גבינה לבנה דלת נתרן 5% תנובה 500 גרם,תנובה מרכז שיתופי לש,IL,שף לבן כנען 5% 500ג,גרמים,500.00,100 גרם,false,,27.20,5.4400,true,1,27178
7290000047730,false,סלמון פילה מעושן מצו,,,סלמון פילה מעושן מצו,קילוגרמים,1.00,"ק""ג",true,,199.00,199.0000,true,1,17352
7290000047942,false,**תנובה גבינה לבנה מהדרין 9% 250ג,תנובה מרכז שיתופי לש,IL,תנובה גבינה לבנה 9%,גרמים,250.00,100 גרם,false,,5.00,2.0000,true,1,27182
7290000048185,false,גבינה לבנה 5% תנובה 250 גרם מהדרין,מיוצר עי קונדיטוריית,IL,גבינה לבנה רכה 5% תנ,גרמים,250.00,100 גרם,false,,4.98,1.9920,true,1,27183
7290000048192,false,גבינה לבנה 9% תנובה 250 גרם מהדרין,מחלבת אלון תבור,IL,גבינה לבנה רכה 9% בד,גרמים,250.00,100 גרם,false,,5.00,2.0000,true,1,27184
7290000048207,false,פילה הרינג בסגנון מט,,,פילה הרינג בסגנון מט,קילוגרמים,1.00,"ק""ג",true,,84.00,84.0000,true,1,19737
7290000048306,false,מקרל מעושן שלם שמיר,,,מקרל מעושן שלם שמיר,קילוגרמים,1.00,"ק""ג",true,,117.00,117.0000,true,1,19743
7290000048307,false,גבינת קוטג' עם זיתים 5% תנובה 250 גרם,מיוצר עי קונדיטוריית,IL,קוטג תנובה עם זיתים,גרמים,250.00,100 גרם,false,,5.90,2.3600,true,1,27186
7290000048413,false,פיראוס חמד גבינה מלוחה 16% שומן,תנובה מרכז שיתופי לש,IL,פיראוס חמד 16% 250ג,גרמים,250.00,100 גרם,false,,20.90,8.3600,true,1,27188
7290000050447,false,"יוגורט ביו בטעם תות YYY יופלה 500 מ""ל",מיוצר עי קונדיטוריית,IL,יופלהYYY תות 3% 500מ,מיליליטרים,500.00,"100 מ""ל",false,,13.80,2.7600,true,1,27201
7290000050454,false,יוגורט יופלה אפרסק 3% שומן 500 גרם,מיוצר עי קונדיטוריית,IL,יופלהYYY אפרסק 3% 50,מיליליטרים,500.00,"100 מ""ל",false,,13.80,2.7600,true,1,27202
7290000051352,false,חלב מלא בטעם של פעם 3.4% תנובה קרטון 1 ל',תנובה מרכז שיתופי לש,IL,חלב תנובה של פעם בקר,ליטרים,1.00,ליטר,false,,7.40,7.4000,true,1,27221
7290000051376,false,יוגורט יופלה דיאט אננס 0% שומן 150 גרם,תנובה מרכז שיתופי לש,IL,יופלה דיאט אננס ספור,מיליליטרים,150.00,"100 מ""ל",false,,5.60,3.7333,true,1,27222
7290000051710,false,פיראוס גבינת לאבנה אסלית על בסיס יוגורט תנובה 263 גרם,"תנובה, מחלבת אלון תב",IL,פיראוס לאבנה עם שמן,גרמים,263.00,100 גרם,false,,14.50,5.5133,true,1,27225
7290000052311,false,גבינה צהובה עמק לייט 15% שומן 200 גרם,תנובה מרכז שיתופי לש,IL,עמק מהדרין 15% 200 ג,גרמים,200.00,100 גרם,false,,16.90,8.4500,true,1,27238
7290000052649,false,גבינת לאבנה 5% שומן 500 ג' פיראוס,תנובה מרכז שיתופי לש,IL,פיראוס לאבנה 5% 500ג,גרמים,500.00,100 גרם,false,,21.90,4.3800,true,1,27244
7290000052717,false,גבינת קוטג' שום שמיר 5% תנובה 250 גרם,מיוצר עי קונדיטוריית,IL,קוטג תנובה עם שום שמ,גרמים,250.00,100 גרם,false,,5.90,2.3600,true,1,27248
7290000053219,false,טל העמק חריץ 32% במשקל,תנובה מרכז שיתופי לש,IL,טל העמק 32% במשקל,קילוגרמים,1.00,"ק""ג",true,,61.00,61.0000,true,1,27000
7290000055015,false,פיראוס גבינת פטה כבשים 5% תנובה 250 גרם,תנובה מרכז שיתופי לש,IL,פיראוס גבינת פטה כבש,גרמים,250.00,100 גרם,false,,31.00,12.4000,true,1,27288
7290000055329,false,"משקה בוקר יוגורט 1.5% בטעם תות מלון יופלה 250 מ""ל",תנובה מרכז שיתופי לש,IL,יופלה משקה יוגורט תו,מיליליטרים,250.00,"100 מ""ל",false,,6.50,2.6000,true,1,27294
7290000055343,false,משקה יוגורט יופלה פירות טרופיים 250 גרם,תנובה מרכז שיתופי לש,IL,יופלה משקה יוגורט טר,מיליליטרים,250.00,"100 מ""ל",false,,6.50,2.6000,true,1,27296
7290000055350,false,גבינה צהובה חריץ עמק 28% במשקל,תנובה מרכז שיתופי לש,IL,עמק קלאסית 28% במשקל,קילוגרמים,1.00,"ק""ג",true,,44.79,44.7900,true,1,27004
7290000055893,false,חמאה משמנת מפוסטרת 200גרם 82% כ.מהדרין - מוצר בפיקוח,תנובה מרכז שיתופי לש,IL,חמאה מהדרין תנובה 20,גרמים,200.00,100 גרם,false,,8.20,4.1000,true,1,27302
7290000056081,false,מארז יוגורט פרילי טבע 6*200 גרם,מיוצר עי קונדיטוריית,IL,"פרילי טבע 6*200 מ""ל",קילוגרמים,1.20,"ק""ג",false,,24.00,20.0000,true,1,27307
7290000056845,false,תנובה חלב טרי 3% שומן 1.5 ליטר - מוצר בפיקוח,פארייפאבה אגרואינדוס,IL,חלב תנובה בקרטון 3%,ליטרים,1.50,ליטר,false,,9.34,6.2267,true,1,27320
7290000056883,false,שמיניית יוגורט יופלה 3% טעמים שונים 150 גרם,תנובה מרכז שיתופי לש,IL,יופלה טעמים משתנים 3,קילוגרמים,1.20,"ק""ג",false,,34.90,29.0833,true,1,27322
7290000056890,false,שמיניית דיאט יופלה 0% טעמים שונים 150 גרם,מיוצר עי קונדיטוריית,IL,יופלה דיאט טעמים שונ,קילוגרמים,1.20,"ק""ג",false,,34.90,29.0833,true,1,27323
7290000056951,false,"תנובה, השף הלבן, שמנת לבישול 15% שומן 500 מל",תנובה מרכז שיתופי לש,IL,שף לבן שמנת לבישול +,מיליליטרים,500.00,"100 מ""ל",false,,17.90,3.5800,true,1,27327
7290000057088,false,עמק גבינה צהובה פרוסה דק דק 28% תנובה 200 גרם,תנובה מרכז שיתופי לש,IL,עמק דק דק 28% 200גר,גרמים,200.00,100 גרם,false,,17.90,8.9500,true,1,27331
7290000057118,false,גבינה צהובה עמק 28% שומן ואקום 400 גרם,תנובה מרכז שיתופי לש,IL,עמק סמי 28% 400 גר,גרמים,400.00,100 גרם,false,,24.20,6.0500,true,1,27333
7290000057132,false,יוגורט תנובה טבעי 1.5% גביע 200 גרם,מחלבת אלון תבור,IL,תנובה יוגורט טבעי 1.,מיליליטרים,200.00,"100 מ""ל",false,,3.50,1.7500,true,1,27334
7290000057149,false,יוגורט תנובה טבעי 3% גביע 200 גרם,מיוצר עי קונדיטוריית,IL,תנובה יוגורט טבעי 3%,גרמים,200.00,100 גרם,false,,3.50,1.7500,true,1,27335
7290000057552,false,יופלה דיאט עוגת גבינה ותות 0% גביע 150ג',תנובה חלב,IL,יופלה דיאט ע.גבינה ו,מיליליטרים,150.00,"100 מ""ל",false,,5.60,3.7333,true,1,27346
7290000057934,false,"שוקו בבקבוק תנובה 1 ליטר בד""ץ",תנובה מרכז שיתופי לש,IL,משקאות חלב תנובה שוק,ליטרים,1.00,ליטר,false,,14.00,14.0000,true,1,27353
7290000058030,false,"שמיניית יופלה שטוזים משקה יוגורט תות 100 מ""ל",מיוצר עי קונדיטוריית,IL,יופלה שטוזים משקה יו,מיליליטרים,800.00,"100 מ""ל",false,,22.50,2.8125,true,1,27355
7290000058047,false,שמנת להקצפה 38% 500מל מהדרין עמיד השף הלבן,תנובה מרכז שיתופי לש,IL,שף לבן שמנת מתוקה מה,מיליליטרים,500.00,"100 מ""ל",false,,12.94,2.5880,true,1,27356
7290000060071,false,אוסם - חטיפי פריכונים מאורז מלא קלוי 80גר,"פרח תעשיות מזון בע""מ.",IL,חטיפי פריכונים מאורז,גרמים,80.00,100 גרם,false,,8.90,11.1250,true,1,21037
7290000060088,false,בייגלה מקלות מלוחים אסם 400 גרם,מיוצר עי קונדיטוריית,IL,בייגלה אסם מקלות מלו,גרמים,400.00,100 גרם,false,,11.90,2.9750,true,1,68293
7290000060163,false,פסטה אסם אטריות דקות 400גר,"אסם תעשיות בע""מ",IL,אטריות דקות אסם 400,גרמים,400.00,100 גרם,false,,7.90,1.9750,true,1,21041
7290000060200,false,פסטה אסם פתיתים אפויים קוסקוס 500גר,"אסם תעשיות בע""מ",IL,פתיתים אפויים קוסקוס,גרמים,500.00,100 גרם,false,,7.90,1.5800,true,1,21042
7290000060217,false,פסטה מקרוני מספר 7 אסם 500 גרם,קריות זול,IT,פסטה מקרוני אסם 500,גרמים,500.00,100 גרם,false,,6.90,1.3800,true,1,21043
7290000060248,false,פסטה אסם פתיתים תלתלים 500 גר',קריות זול,IT,פסטה תלתלים אסם 500,גרמים,500.00,100 גרם,false,,6.90,1.3800,true,1,21044
7290000060316,false,פרפקטו ספגטי מס' 8 אסם 500 גרם,אסם פרפקטו,IT,פסטה ספגטי פרפקטו 50,גרמים,500.00,100 גרם,false,,7.90,1.5800,true,1,21046
7290000060408,false,פסטה אסם פתיתים אפויים טבעות 500 גר,"אסם השקעות בע""\מ",IL,פתיתים אפויים טבעות,גרמים,500.00,100 גרם,false,,7.90,1.5800,true,1,21050
7290000060415,false,"פסטה פרפקטו לאזניה 500 ג' ""אסם""",אסם פרפקטו,IT,לזאניה פרפקטו 500 ג,גרמים,500.00,100 גרם,false,,15.40,3.0800,true,1,21051
7290000060576,false,פתיתים אפויים כוכבים אסם 500 גרם,"אסם השקעות בע""\מ",IL,פתיתים אפויים כוכבים,גרמים,500.00,100 גרם,false,,7.90,1.5800,true,1,21056
7290000060781,false,פסטה אסם פתיתים מסולסלים 500גר,קריות זול,IT,פסטה מסולסלים אסם 50,גרמים,500.00,100 גרם,false,,6.90,1.3800,true,1,21057
7290000060828,false,פסטה קרניים בינוניות אסם 500 גרם,קריות זול,IT,פסטה קרניים בינוניות,גרמים,500.00,100 גרם,false,,6.90,1.3800,true,1,21058
7290000060842,false,פסטה אסם פתיתים צדפים גדולים 500גר,קריות זול,IT,פסטה צדפים גדולים אס,גרמים,500.00,100 גרם,false,,6.90,1.3800,true,1,21059
7290000060880,false,פסטה ספגטי מספר 8 אסם 500 גרם,קריות זול,IT,ספגטי אסם 500 גרם,גרמים,500.00,100 גרם,false,,6.90,1.3800,true,1,21061
7290000060903,false,פסטה אסם פתיתים אפויים אורז 500גר,"אסם השקעות בע""\מ",IL,פתיתים אפויים אורז א,גרמים,500.00,100 גרם,false,,7.90,1.5800,true,1,21062
7290000060958,false,פסטה אסם אטריות בינוניות 400 גרם,"אסם השקעות בע""\מ",IL,אטריות בינוניות אסם,גרמים,400.00,100 גרם,false,,7.90,1.9750,true,1,21064
7290000060965,false,פסטה אסם אטריות רחבות 400גר,"אסם השקעות בע""\מ",IL,אטריות רחבות אסם 400,גרמים,400.00,100 גרם,false,,7.90,1.9750,true,1,21065
7290000061061,false,קרקר חיטה עם בצל אסם,"אסם השקעות בע""\מ",IL,אסם קרקר בצל 250גרם,גרמים,250.00,100 גרם,false,,11.60,4.6400,true,1,21067
7290000061063,false,קש המושבה 9% במשקל,,,קש המושבה 9% במשקל,קילוגרמים,1.00,"ק""ג",true,,54.00,54.0000,true,1,15532
7290000061085,false,"רוטב צילי מתוק 290 מ""ל-בקבוק","אסם השקעות בע""\מ",IL,אסם רוטב צ'ילי מתוק,מיליליטרים,290.00,"100 מ""ל",false,,12.90,4.4483,true,1,21068
7290000061108,false,"רוטב טריאקי 290 מ""ל-בקבוק","אסם השקעות בע""\מ",IL,רוטב טריאקי אסם 290,מיליליטרים,290.00,"100 מ""ל",false,,12.90,4.4483,true,1,21069
7290000061214,false,פתיתים אפויים קוסקוס עם בצל אסם 500 גרם,"אסם השקעות בע""\מ",IL,פתיתים קוסקוס בצל אס,גרמים,500.00,100 גרם,false,,7.90,1.5800,true,1,68302
7290000061245,false,עוגיות שוקוצ'יפס במילוי שוקולד אסם 220 גרם,מיוצר עי קונדיטוריית,IL,אסם עוגיות שוקוצ'יפס,גרמים,220.00,100 גרם,false,,12.30,5.5909,true,1,21071
7290000061764,false,קפה נמס מגורען רד מאג 200 גרם,נסטלה ספרד קפה,ES,נס קפה רד מאג טעם חד,גרמים,200.00,100 גרם,false,,23.90,11.9500,true,1,21074
7290000062709,false,לחמית שיפון אריזת חס,אסם,IL,לחמית שיפון אריזת חס,גרמים,920.00,100 גרם,false,,23.90,2.5978,true,1,119474
7290000062709,false,לחמית שיפון אריזת חס,אסם,IL,לחמית שיפון אריזת חס,גרמים,920.00,100 גרם,false,,23.90,2.5978,true,1,119474
7290000062952,false,אוסם - מיני קרוטונים למרק ולסלט 250 גרם,עינת תעשיות מזון אגו,IL,מיני קרוטונים למרק ו,גרמים,250.00,100 גרם,false,,16.90,6.7600,true,1,68305
7290000063102,false,קמח עוגה תופח מאליו אסם 350 גרם,"אסם השקעות בע""\מ",IL,קמח תופח קטן אסם 350,גרמים,350.00,100 גרם,false,,5.80,1.6571,true,1,21083
7290000063140,false,שקדי מרק רכיבים טבעיים בשקית 400 ג' אסם,"אסם תעשיות בע""מ",IL,שקדי מרק רכיבים טבעי,גרמים,400.00,100 גרם,false,,13.90,3.4750,true,1,21085
7290000063157,false,"קמח עוגה תופח מאליו אסם 1 ק""ג","אסם השקעות בע""\מ",IL,קמח עוגה תופח מאליו,קילוגרמים,1.00,"ק""ג",false,,10.30,10.3000,true,1,21086
7290000063904,false,"קוסקוס בינוני 10 ק""ג אסם",,,אסם קוסקוס בינוני בד,יחידה,0.00,יחידה,false,,99.00,0.0000,true,1,140108
7290000064758,false,קוסקוס בינוני אמיתי אסם 350 ג',"מיוצר ע""י קוד יצרן K",IL,קוסקוס אמיתי אסם 350,גרמים,350.00,100 גרם,false,,8.90,2.5429,true,1,68308
7290000064871,false,"אוסם - מנה חמה פירה תפו""א עם בצל 56 גרם","אסם תעשיות בע""מ",IL,"מנה חמה פירה תפו""א ו",גרמים,56.00,100 גרם,false,,6.90,12.3214,true,1,21097
7290000065090,false,מיני קרוטונים מתובלים למרק ולסלט אסם 400 גרם,עינת תעשיות מזון אגו,IL,מיני קרוטונים למרק ו,גרמים,400.00,100 גרם,false,,27.50,6.8750,true,1,119477
7290000065335,false,אוסם - מנה חמה פירה עם ירקות 55 גרם,"אסם תעשיות בע""מ",IL,מנה חמה פירה וירקות,גרמים,55.00,100 גרם,false,,6.90,12.5455,true,1,21100
7290000065540,false,אוסם - מנה חמה פסטה מוקרמת בטעם עוף 55 גרם,"אסם תעשיות בע""מ",IL,מנה חמה פסטה מוקרמת,גרמים,55.00,100 גרם,false,,6.90,12.5455,true,1,21101
7290000065557,false,אוסם - מנה חמה קוסקוס עם ירקות 84 גרם,"אסם תעשיות מזון בע""מ",IL,מנה חמה קוסקוס וירקו,גרמים,84.00,100 גרם,false,,6.90,8.2143,true,1,21102
7290000066141,false,ביסלי חטיף בטעם גריל אסם 70 גרם,"אסם השקעות בע""\מ",IL,ביסלי גריל 70 גר'.,גרמים,70.00,100 גרם,false,,4.90,7.0000,true,1,21110
7290000066172,false,ביסלי חטיף בטעם פיצה אסם 70 גרם,"אסם השקעות בע""\מ",IL,ביסלי פיצה 70גרם,גרמים,70.00,100 גרם,false,,4.90,7.0000,true,1,21113
7290000066189,false,ביסלי חטיף בטעם פלאפל אסם 200 גרם,"אסם השקעות בע""\מ",IL,ביסלי גדול פלאפל 200,גרמים,200.00,100 גרם,false,,7.90,3.9500,true,1,21114
7290000066196,false,ביסלי חטיף בטעם גריל אסם 200 גרם,מיוצר עי קונדיטוריית,IL,ביסלי גריל 200גרם,גרמים,200.00,100 גרם,false,,7.90,3.9500,true,1,68312
7290000066226,false,ביסלי חטיף בטעם פיצה אסם 200 גרם,מיוצר עי קונדיטוריית,IL,ביסלי טעם פיצה 200גר,גרמים,200.00,100 גרם,false,,7.90,3.9500,true,1,21118
7290000066264,false,דובונים חטיף תפוחי אדמה אסם 40 גרם,"אסם השקעות בע""\מ",IL,דובונים 40גרם,גרמים,40.00,100 גרם,false,,5.00,12.5000,true,1,21119
7290000066295,false,במבה מתוקה מחומרים טבעיים 30 גרם,מיוצר עי קונדיטוריית,IL,במבה מתוקה מחומרים ט,גרמים,30.00,100 גרם,false,,2.90,9.6667,true,1,21120
7290000066318,false,במבה חטיף בוטנים אסם 80 גרם,"אסם השקעות בע""\מ",IL,במבה קלאסי 80 גרם,גרמים,80.00,100 גרם,false,,4.90,6.1250,true,1,21122
7290000066332,false,אפרופו חטיף תירס אסם 50 גרם,מיוצר עי קונדיטוריית,IL,אפרופו 50 גרם,גרמים,50.00,100 גרם,false,,5.80,11.6000,true,1,21123
7290000066431,false,פופקו חטיף פופקורן בטעם חמאה ודבש אסם 80 גרם,מיוצר עי קונדיטוריית,IL,פופקו חמאה ודבש 80גר,גרמים,80.00,100 גרם,false,,5.90,7.3750,true,1,21125
7290000067407,false,פרורית מתובלת בשקית 200 גרם,עינת תעשיות מזון אגו,IL,פירורית מתובל שקית 2,גרמים,200.00,100 גרם,false,,7.90,3.9500,true,1,68314
7290000067544,false,פירורית זהב פירורי לחם אסם 200 גרם,עינת תעשיות מזון אגו,IL,אסם פירורית פירורי ל,גרמים,200.00,100 גרם,false,,7.90,3.9500,true,1,21133
7290000067599,false,מנה חמה ספגטי ברוטב בולונז אסם 65 גרם,"אסם השקעות בע""\מ",IL,מנה חמה ספגטי בולונז,גרמים,65.00,100 גרם,false,,6.90,10.6154,true,1,68315
7290000068138,false,אינסטנט פודינג בטעם וניל אסם 80 גרם,מיוצר עי קונדיטוריית,IL,אסם פודינג אינסטנט ו,גרמים,80.00,100 גרם,false,,6.50,8.1250,true,1,21143
7290000068190,false,אסם ג'לי תות שדה צבעים טבעיים 90 גרם,מיוצר עי קונדיטוריית,IL,אסם ג'לי תות שדה צבע,גרמים,90.00,100 גרם,false,,7.90,8.7778,true,1,21147
7290000068206,false,ג'לי משמש אסם צבע טבעי 85 ג',מיוצר עי קונדיטוריית,IL,אסם ג'לי משמש צבעים,גרמים,85.00,100 גרם,false,,7.90,9.2941,true,1,21148
7290000068237,false,אבקה להכנת ג'לי בטעם פטל אסם 85 גרם,מיוצר עי קונדיטוריית,IL,אסם ג'לי פטל צבעים ט,גרמים,85.00,100 גרם,false,,7.90,9.2941,true,1,21149
7290000068343,false,אסם פריכונים פרוסות קלויות מלא,"פרח תעשיות מזון בע""מ.",IL,פריכונים מאורז מלא א,גרמים,140.00,100 גרם,false,,8.90,6.3571,true,1,21153
7290000068701,false,אסם שקדי מרק רכיבים טבע.מיכל 400 גרם,"אסם תעשיות בע""מ",IL,שקדי מרק במיכל אסם 4,גרמים,400.00,100 גרם,false,,17.10,4.2750,true,1,119480
7290000068770,false,במבה יום הולדת חטיף בוטנים אסם 80 גרם,"אסם השקעות בע""\מ",IL,במבה יום הולדת 80גרם,גרמים,80.00,100 גרם,false,,4.90,6.1250,true,1,21155
7290000068787,false,במבה יום הולדת חטיף בוטנים אסם 25 גרם,מיוצר עי קונדיטוריית,IL,במבה יום הולדת 25גרם,גרמים,25.00,100 גרם,false,,2.90,11.6000,true,1,21156
7290000069258,false,פסטה פרפקטו פנה ריגאטה 500 ג' אסם,קריות זול,IT,פנה ריגאטה פרפקטו 50,גרמים,500.00,100 גרם,false,,7.90,1.5800,true,1,21162
7290000069333,false,פתיתים אפויים קוסקוס 10ק,,IL,אסם פתיתים אפויים קו,קילוגרמים,10.00,"ק""ג",false,,95.00,9.5000,true,1,140109
7290000069364,false,פריכונים מאורז מלא ללא תוספת סוכר אסם 140 גרם,"פרח תעשיות מזון בע""מ.",IL,פריכונים מאורז מלא ל,גרמים,140.00,100 גרם,false,,8.90,6.3571,true,1,21163
7290000070308,false,אבקת מרק עוף אמיתי בשרי אסם 400 גרם,"אסם השקעות בע""\מ",IL,מרק עוף אמיתי אסם 40,גרמים,400.00,100 גרם,false,,24.90,6.2250,true,1,21174
7290000072241,false,"רוטב פיצה 290 מ""ל-בקבוק","אסם השקעות בע""\מ",IL,אסם רוטב פיצה 290מל,מיליליטרים,290.00,"100 מ""ל",false,,12.90,4.4483,true,1,21195
7290000072623,false,קטשופ אסם בקבוק לחיץ 750 גרם,"אסם תעשיות בע""מ",IL,אסם קטשופ בקבוק לחיץ,גרמים,750.00,100 גרם,false,,12.50,1.6667,true,1,21197
7290000072630,false,קטשופ אסם חריף 750 גרם-בקבוק,"אסם תעשיות בע""מ",IL,אסם קטשופ חריף 750 ג,גרמים,750.00,100 גרם,false,,15.80,2.1067,true,1,21198
7290000072753,false,קפה נמס מגורען טסטרס צ'ויס 200 גרם-,נסטלה קוריאה - קפה,KR,נס קפה טייסטרס צ'ויס,גרמים,200.00,100 גרם,false,,33.90,16.9500,true,1,21200
7290000072760,false,נסקפה טייסטרס צויס 100 גר אוריגנל,נסטלה קוריאה - קפה,KR,טייסטרס צ'וייס 100גר,גרמים,100.00,100 גרם,false,,29.70,29.7000,true,1,21201
7290000072777,false,קפה נמס מגורען נטול קפאין טסטרס צ'ויס 200 גרם,נסטלה קוריאה - קפה,KR,טייסטרס צוייס נטול ק,גרמים,200.00,100 גרם,false,,40.60,20.3000,true,1,21202
7290000072784,false,קפה טייסטר צויס נטול קופאין 100 גר',נסטלה קוריאה - קפה,KR,טייסטרס צוייס נטול ק,גרמים,100.00,100 גרם,false,,30.90,30.9000,true,1,21203
7290000072968,false,דגני בוקר סיני מיניס חיטה מלאה וקינמון נסטלה 500 גרם,נסטלה פולין דגני בוק,PL,סיני מיניס דגני נסטל,גרמים,500.00,100 גרם,false,,27.90,5.5800,true,1,21208
7290000073415,false,אוסם - מנה חמה פסטה ברוטב פיצה 61 גרם,"אסם השקעות בע""\מ",IL,מנה חמה פסטה ברוטב פ,גרמים,61.00,100 גרם,false,,6.90,11.3115,true,1,21210
7290000073699,false,סלט חומוס צבר 150 גרם,סלטי צבר,IL,צבר חומוס חלק 150ג,גרמים,150.00,100 גרם,false,,5.90,3.9333,true,1,21996
7290000073750,false,מנה חמה נודלס אטר+ירקות טעם עוף 70 גרם,PUB FOODS PRESIDENT THAI,TH,מנה חמה נודלס בטעם ע,גרמים,70.00,100 גרם,false,,6.90,9.8571,true,1,21212
7290000073767,false,מנה חמה נודלס אטר.+ירקות טעם בקר 70 גרם,PUB FOODS PRESIDENT THAI,TH,מנה חמה נודלס בטעם ב,גרמים,70.00,100 גרם,false,,6.90,9.8571,true,1,68327
7290000073774,false,מנה חמה נודלס אטר+ירקות טעם צילי 70 גרם,טאי רזידנט,TH,מנה חמה נודלס בטעם פ,גרמים,70.00,100 גרם,false,,6.90,9.8571,true,1,21214
7290000074153,false,ביסקוויט פתי בר שוקולד אסם 500 גרם,מיוצר עי קונדיטוריית,IL,אסם פתי בר שוקו 500ג,גרמים,500.00,100 גרם,false,,15.50,3.1000,true,1,21219
7290000074184,false,ביסקויט פתיבר קלאסי 500 גרם,"אסם השקעות בע""\מ",IL,אסם פתי בר 500גרם.,גרמים,500.00,100 גרם,false,,12.00,2.4000,true,1,21221
7290000074245,false,אוסם - קרם קרקר אסם 250 גרם,"אסם השקעות בע""\מ",IL,אסם קרם קרקר 250גרם,גרמים,250.00,100 גרם,false,,11.90,4.7600,true,1,21222
7290000074252,false,קרקר שומשון אסם 250 גרם,"אסם השקעות בע""\מ",IL,אסם קרקר שומשום 250ג,גרמים,250.00,100 גרם,false,,11.20,4.4800,true,1,21223
7290000074276,false,קרקר פיקנטי טבעון 250 ג' אסם,"אסם השקעות בע""\מ",IL,טבעון קרקר פיקנטי 25,גרמים,250.00,100 גרם,false,,11.90,4.7600,true,1,21224
7290000074375,false,אוסם - קרקר זהב 150 גרם,"אסם השקעות בע""\מ",IL,אסם קרקר זהב 150גרם,גרמים,150.00,100 גרם,false,,8.50,5.6667,true,1,21227
7290000074481,false,לחמית אגוזים אסם 160 גרם,"אסם השקעות בע""\מ",IL,לחמית אגוזים 160גרם,גרמים,160.00,100 גרם,false,,11.90,7.4375,true,1,21229
7290000074696,false,אסם קרם קרקר 4*1קג ח,"אסם השקעות בע""\מ",IL,אסם קרם קרקר 1קג,קילוגרמים,1.00,"ק""ג",false,,24.90,24.9000,true,1,68273
7290000075693,false,עוגת הבית שמרים בריוש שוקולד אסם 360 גרם,מיוצר עי קונדיטוריית,IL,עוגת שמרים בריוש שוק,גרמים,360.00,100 גרם,false,,18.50,5.1389,true,1,68340
7290000076133,false,בייגלה שמיניות קטנות עם מלח אסם 400 גרם,"אסם השקעות בע""\מ",IL,בייגלה אסם שמיניות ק,גרמים,400.00,100 גרם,false,,11.90,2.9750,true,1,21242
7290000076645,false,טוסטעים פת קלויה חיטה מלאה אסם 100 גרם,ון דר מולן האלום,NL,טוסטעים חיטה מלאה אס,גרמים,100.00,100 גרם,false,,11.40,11.4000,true,1,21244
7290000077017,false,עוגיות קרמוגית במילוי קרם שוקולד אסם 200 גרם,מיוצר עי קונדיטוריית,IL,אסם קרמוגית במילוי ש,גרמים,200.00,100 גרם,false,,11.90,5.9500,true,1,21245
7290000077253,false,אוסם - לחמית כפרית עם דגנים מלאים 190 גרם,"אסם השקעות בע""\מ",IL,לחמית כפרית 190גרם,גרמים,190.00,100 גרם,false,,11.90,6.2632,true,1,21246
7290000078212,false,קרוטונים מתובלים למרק אסם 250 גרם,עינת תעשיות מזון אגו,IL,קרוטונים מתובלים אסם,גרמים,250.00,100 גרם,false,,15.90,6.3600,true,1,119493
7290000078762,false,אוסם - חטיפי פריכונים מאורז מלא בטעם דבש 80גר,סנורייס בלגיום אן. ו,GB,חטיפי פריכונים אורז,גרמים,80.00,100 גרם,false,,8.90,11.1250,true,1,21251
7290000079290,false,גבינה צהובה נעם טרה,,,גבינה צהובה נעם טרה,קילוגרמים,1.00,"ק""ג",true,,69.00,69.0000,true,1,6986
7290000079412,false,אמנטל נעם מהדרין במש,,,אמנטל נעם מהדרין במש,קילוגרמים,1.00,"ק""ג",true,,72.00,72.0000,true,1,84671
7290000080758,false,אוסם - טוסטעים פת קלוי 100 גרם,ון דר מולן האלום,NL,טוסטעים פת קלוי אסם,גרמים,100.00,100 גרם,false,,11.40,11.4000,true,1,21254
7290000081663,false,"בייגלה טבעות שומשום אסם 300 גרם בד""ץ",מיוצר עי קונדיטוריית,IL,בייגלה אסם טבעות שומ,גרמים,300.00,100 גרם,false,,11.90,3.9667,true,1,21257
7290000084899,false,מב פטינה 20% וילי פ,,,פטינה 20% וילי פוד,קילוגרמים,1.00,"ק""ג",true,,21.00,21.0000,true,1,3447
7290000085159,false,פרורי ביסקוויט בטעם וניל הדר 250 גרם,גטניו אם החיטה,IL,פרורי ביסקוויט וניל,גרמים,300.00,100 גרם,false,,6.90,2.3000,true,1,156723
7290000085180,false,גטניו פתי בר וניל 470 גרם,"אחים גטניו בע""מ",IL,גטניו - פתיבר וניל 4,גרמים,470.00,100 גרם,false,,9.90,2.1064,true,1,121393
7290000089045,false,כפיר הולנדית 22%,,,הולנדי במשקל,קילוגרמים,1.00,"ק""ג",true,,42.90,42.9000,true,1,20552
7290000089199,false,מקסיקני חריפה בלוק,,,חריפה במשקל,קילוגרמים,1.00,"ק""ג",true,,42.90,42.9000,true,1,20554
7290000089274,false,נקניק מעושן מעדנייה,,,נקניק מעושן מעדנייה,קילוגרמים,1.00,"ק""ג",true,,42.90,42.9000,true,1,20556
7290000089364,false,מקרל מעושן פרוס בשמן,,,מקרל מעושן פרוס בשמן,קילוגרמים,1.00,"ק""ג",true,,166.00,166.0000,true,1,19761
7290000089388,false,מעדן הרינג בסגנון מט,,,מעדן הרינג בסגנון מט,קילוגרמים,1.00,"ק""ג",true,,84.00,84.0000,true,1,19763
7290000089395,false,הרינג כבוש עם בצל,,,הרינג כבוש עם בצל,קילוגרמים,1.00,"ק""ג",true,,84.00,84.0000,true,1,19764
7290000095408,false,נעם 28% חריץ מעדניה,,,נעם 28% חריץ מעדניה,קילוגרמים,1.00,"ק""ג",true,,44.79,44.7900,true,1,6990
7290000095415,false,נעם 9% חריץ מעדניה-,,,נעם 9% חריץ מעדניה-,קילוגרמים,1.00,"ק""ג",true,,80.00,80.0000,true,1,6991
7290000095422,false,גבינת נועם 22% חריץ,,,גבינת נועם 22% חריץ,קילוגרמים,1.00,"ק""ג",true,,42.58,42.5800,true,1,6992
7290000100011,false,עוגיות שוקולד שוקולד,,,עוגיות שוקולד שוקולד,קילוגרמים,1.00,"ק""ג",true,,45.00,45.0000,true,1,117748
7290000100081,false,לחמניה קשר/קלועה,,,לחמניה קשר/קלועה,יח',1.00,יח',false,,3.20,3.2000,true,1,126442
7290000100128,false,פירות קפואים תות סנפרוסט 300 ג',"סנפרוסט בע""מ",IL,סדרת פירות קפואים-תו,גרמים,300.00,100 גרם,false,,18.90,6.3000,true,1,126333
7290000100135,false,פירות קפואים סנפרוסט דובדבן 300 גר,"סנפרוסט בע""מ",IL,סדרת פירות קפואים-דו,גרמים,300.00,100 גרם,false,,19.90,6.6333,true,1,126334
7290000100157,false,חזה עוף ארוז קפוא,,,נילס קוקיס מריר,קילוגרמים,1.00,"ק""ג",true,,54.00,54.0000,true,1,117758
7290000100300,false,לחם מחמצת טוסקני כפר,,,לחם מחמצת טוסקני כפר,גרמים,530.00,100 גרם,false,,17.90,3.3774,true,1,56821
7290000101132,false,לקט קטניות לחמין סנפרוסט 800 גר,"סנפרוסט בע""\מ",IL,לקט קטניות לחמין 800,גרמים,800.00,100 גרם,false,,19.90,2.4875,true,1,26813
7290000101927,false,אוכמניות כחולות מוקפאות סנפרוסט 300 גרם,"איי, בי, אינבוו",IL,אוכמניות כחולות מוקפ,גרמים,300.00,100 גרם,false,,18.90,6.3000,true,1,79381
7290000101934,false,מיקס פירות יער מוקפאות 300 ג' סנפרוסט,"סנפרוסט בע""\מ",IL,מיקס פירות יער 300 ג,גרמים,300.00,100 גרם,false,,18.90,6.3000,true,1,79382
7290000101958,false,מנגו חתוך מוקפא סנפרוסט 300ג',"סנפרוסט בע""\מ",IL,מנגו מוקפא 300 גרם,גרמים,300.00,100 גרם,false,,18.90,6.3000,true,1,79383
7290000103365,false,מרק ירקות עשיר סנפרוסט 550 גרם,"איי, בי, אינבוו",IL,סנפרוסט מרק ירקות 50,גרמים,500.00,100 גרם,false,,19.90,3.9800,true,1,26817
7290000103433,false,"לקט ירקות לתנור 800 גרם ""סנפרוסט""","איי, בי, אינבוו",IL,לקט ירקות לתנור 800,גרמים,800.00,100 גרם,false,,24.90,3.1125,true,1,26824
7290000103457,false,"מיני כרובית 600 גרם ""סנפרוסט""","סנפרוסט בע""\מ",IL,מיני כרובית 600 גרם,גרמים,600.00,100 גרם,false,,19.90,3.3167,true,1,26826
7290000103471,false,מיני ברוקולי סנפרוסט 600 גרם,"סנפרוסט בע""\מ",IL,סנפרוסט מיני ברוקולי,גרמים,600.00,100 גרם,false,,19.90,3.3167,true,1,26827
7290000103839,false,מרק כתום עשיר בירקות סנפרוסט 570 גרם,"סנפרוסט בע""\מ",IL,סנפרוסט מרק כתום קפו,גרמים,572.00,100 גרם,false,,19.90,3.4790,true,1,26851
7290000103846,false,מרק אפונה עשיר בירקות סנפרוסט 570 גרם,"סנפרוסט בע""\מ",IL,סנפרוסט מרק אפונה קפ,גרמים,570.00,100 גרם,false,,19.90,3.4912,true,1,26852
7290000103860,false,מרק עדשים עשיר בירקות סנפרוסט 570 גרם,"איי, בי, אינבוו",IL,סנפרוסט מרק עדשים קפ,גרמים,572.00,100 גרם,false,,19.90,3.4790,true,1,26853
7290000103877,false,מרק שעועית עשיר בירקות סנפרוסט 640 גרם,"סנפרוסט בע""\מ",IL,סנפרוסט מרק שעועית ק,גרמים,644.00,100 גרם,false,,19.90,3.0901,true,1,26854
7290000104072,false,עדשים ירוקות מבושלות מוקפאות 800 ג' סנפרוסט,"איי, בי, אינבוו",IL,סנפרוסט עדשים ירוקות,גרמים,800.00,100 גרם,false,,21.70,2.7125,true,1,26858
7290000104188,false,שעועית אדומה מוקפאת מבושלת מוכנה לאכילה,"סנפרוסט בע""\מ",IL,סנפרוסט שעועית אדומה,גרמים,800.00,100 גרם,false,,20.90,2.6125,true,1,26860
7290000104201,false,אפונה עדינה קפואה 600 גרם סנפרוסט,"איי, בי, אינבוו",IL,אפונה עדינה סנפרוסט,גרמים,600.00,100 גרם,false,,19.90,3.3167,true,1,26861
7290000104287,false,לקט לפשטידה סנפרוסט,"סנפרוסט בע""\מ",IL,לקט לפשטידה 800 גרם,גרמים,800.00,100 גרם,false,,23.90,2.9875,true,1,26864
7290000104676,false,אפונה קפואה סנפרוסט 800 גרם,"איי, בי, אינבוו",IL,אפונת גינה סנפרוסט 8,גרמים,800.00,100 גרם,false,,19.90,2.4875,true,1,26865
7290000104683,false,שעועית ירוקה שלמה סנפרוסט 800 גרם,"סנפרוסט בע""\מ",IL,שעועית שלמה סנפרוסט,גרמים,800.00,100 גרם,false,,23.90,2.9875,true,1,26866
7290000104706,false,גזר גמדי סנפרוסט 800 גרם,"סנפרוסט בע""\מ",IL,גזר גמדי 800 גרם,גרמים,800.00,100 גרם,false,,19.50,2.4375,true,1,26868
7290000104720,false,שעועית ירוקה חתוכה סנפרוסט 800 גרם,"סנפרוסט בע""\מ",IL,שעועית ירוקה חתוכה ס,גרמים,800.00,100 גרם,false,,20.80,2.6000,true,1,26870
7290000104737,false,שעועית צהובה חתוכה סנפרוסט 800 גרם,"סנפרוסט בע""\מ",IL,שעועית צהובה חתוכה ס,גרמים,800.00,100 גרם,false,,20.90,2.6125,true,1,26871
7290000104775,false,תרד מדליונים סנפרוסט 800 גרם,"איי, בי, אינבוו",IL,תרד מדליונים 800גר,גרמים,800.00,100 גרם,false,,28.80,3.6000,true,1,26875
7290000104799,false,שעועית לבנה מבושלת סנפרוסט 800 גרם,"איי, בי, אינבוו",IL,שעועית לבנה מבושלת 8,גרמים,800.00,100 גרם,false,,21.70,2.7125,true,1,26876
7290000104805,false,גרגירי חומוס מבושלים סנפרוסט 800 גרם,"איי, בי, אינבוו",IL,גרגירי חומוס קפוא 80,גרמים,800.00,100 גרם,false,,21.70,2.7125,true,1,26877
7290000104829,false,קלחי תירס חתוכים סנפרוסט 1 קילו,"סנפרוסט בע""\מ",IL,"קלחוני תירס 1 ק""ג",קילוגרמים,1.00,"ק""ג",false,,19.90,19.9000,true,1,26878
7290000104836,false,שעועית ירוקה עדינה שלמה סנפרוסט 600 גרם,"סנפרוסט בע""\מ",IL,שעועית עדינה שלמה סנ,גרמים,600.00,100 גרם,false,,25.90,4.3167,true,1,26879
7290000104881,false,לקט אפונה וגזר סנפרוסט 800 גרם,"איי, בי, אינבוו",IL,אפונה וגזר 800 גרם ס,גרמים,800.00,100 גרם,false,,17.90,2.2375,true,1,26882
7290000104904,false,לקט ירקות מעורבים סנפרוסט 800 גרם,"איי, בי, אינבוו",IL,לקט ירקות מעורבים 80,גרמים,800.00,100 גרם,false,,24.90,3.1125,true,1,114681
7290000104911,false,לקט נורמנדי סנפרוסט 800 גרם,"איי, בי, אינבוו",IL,לקט נורמנדי 800גר,גרמים,800.00,100 גרם,false,,24.90,3.1125,true,1,26884
7290000106526,false,ירקות מעורבים מוקפאים חגיגה ירוקה להקפצה,"איי, בי, אינבוו",IL,סנפרוסט חגיגה ירוקה,גרמים,800.00,100 גרם,false,,27.40,3.4250,true,1,149743
7290000106526,false,ירקות מעורבים מוקפאים חגיגה ירוקה להקפצה,"איי, בי, אינבוו",IL,סנפרוסט חגיגה ירוקה,גרמים,800.00,100 גרם,false,,27.40,3.4250,true,1,149743
7290000107165,false,חטיף סויה אדממה סנפרוסט 400 גרם,"איי, בי, אינבוו",IL,פולי סויה אדממה קפוא,גרמים,400.00,100 גרם,false,,14.90,3.7250,true,1,26888
7290000107295,false,תפרחות ברוקולי סנפרוסט 800 גרם,"איי, בי, אינבוו",IL,תפרחות ברוקולי 800ג,גרמים,800.00,100 גרם,false,,29.90,3.7375,true,1,26890
7290000107316,false,טבורוג 5% צוריאלמעדנ,,,טבורוג 5% צוריאלמעדנ,קילוגרמים,1.00,"ק""ג",true,,49.00,49.0000,true,1,6998
7290000107622,false,ירקות ופסטה א-לה איטליה סנפרוסט 800 גרם,"איי, בי, אינבוו",IL,סנפרוסט פסטה וירקות,גרמים,800.00,100 גרם,false,,27.40,3.4250,true,1,149745
7290000107622,false,ירקות ופסטה א-לה איטליה סנפרוסט 800 גרם,"איי, בי, אינבוו",IL,סנפרוסט פסטה וירקות,גרמים,800.00,100 גרם,false,,27.40,3.4250,true,1,149745
7290000112220,false,טחינה גולמית שומשום טהור בארכה 500 גרם,"רושדי תעשיות מזון בע""\מ",IL,בארכה טחינה 100% שומ,גרמים,500.00,100 גרם,false,,15.90,3.1800,true,1,21258
7290000121017,false,שומרון גבינה מותכת 7% 120 גרם,שלושת האופים,IL,מון בלאן שומרון 7% 1,גרמים,120.00,100 גרם,false,,12.90,10.7500,true,1,18231
7290000121023,false,פסט.שלפעם יחיעם מעד.,,,פסט.שלפעם יחיעם מעד.,קילוגרמים,1.00,"ק""ג",true,,79.00,79.0000,true,1,16322
7290000121093,false,גבינה מותכת לייט בטעם שוויצרי 7% מון בלאן 120 גר',האי נאם סי או אל.טי.,IL,מון בלאן שויצרית 7%,גרמים,120.00,100 גרם,false,,12.90,10.7500,true,1,18235
7290000121154,false,גבינה מותכת לייט עם סלמון 7% מון בלאן 120 גרם,האי נאם סי או אל.טי.,IL,מון בלאן סלמון 7% 12,גרמים,120.00,100 גרם,false,,12.90,10.7500,true,1,18238
7290000128401,false,פטה כבש 24% פיראוס,,,פטה כבש 24% פיראוס,קילוגרמים,1.00,"ק""ג",true,,113.00,113.0000,true,1,27022
7290000129457,false,אבקת רוטב פטריות קנור 28 ג' שקית,יוניליוור ישראל מזון בע\,IL,רוטב פטריות 28גר,גרמים,28.00,100 גרם,false,,5.50,19.6429,true,1,11158
7290000129826,false,צלי כתף חלק מחפוד אר,,,צלי כתף חלק מחפוד אר,קילוגרמים,1.00,"ק""ג",true,,79.90,79.9000,true,1,141520
7290000133117,false,בולגרית מעודנת השומר,,,בולגרית מעודנת השומר,קילוגרמים,1.00,"ק""ג",true,,55.00,55.0000,true,1,15477
7290000133193,false,בולג.קלאסית שומרון,,,בולג.קלאסית שומרון,קילוגרמים,1.00,"ק""ג",true,,60.00,60.0000,true,1,15480
7290000133316,false,קורקבן עוף טרי ארוז,,,קורקבן עוף טרי ארוז,קילוגרמים,1.00,"ק""ג",true,,24.90,24.9000,true,1,137360
7290000133712,false,פילה הייק ללא עור אר,,,פילה הייק ללא עור אר,קילוגרמים,1.00,"ק""ג",true,,49.90,49.9000,true,1,146694
7290000134314,false,פיצה תערובת תיבול 120 גרם מיכל גדול,"תבליני טעם וריח בע""מ",IL,תערובת תיבול לפיצה ט,גרמים,120.00,100 גרם,false,,11.80,9.8333,true,1,49410
7290000134338,false,אבקת שום בקופ' 90 גר' טעם וריח,"תבליני טעם וריח בע""מ",IL,תבלין אבקת שום טעם ו,גרמים,90.00,100 גרם,false,,11.90,13.2222,true,1,49411
7290000134352,false,קינמון טחון בקופ' 90 גר' טעם וריח,"תבליני טעם וריח בע""מ",IL,טעם וריח קימנון טחון,גרמים,80.00,100 גרם,false,,11.80,14.7500,true,1,49412
7290000134673,false,זנגויל טחון מיכל 30 גרם,"תבליני טעם וריח בע""מ",IL,תבלין זנגביל טעם ורי,גרמים,30.00,100 גרם,false,,6.90,23.0000,true,1,49419
7290000134840,false,כורכום טחון בקופ' 100 גר' טעם וריח,"תבליני טעם וריח בע""מ",IL,טעם וריח ת.כורכום במ,גרמים,100.00,100 גרם,false,,11.90,11.9000,true,1,49424
7290000134857,false,פפריקה מתוקה בקופ' 100 גר' טעם וריח,"תבליני טעם וריח בע""מ",IL,טעם וריח ת.פפריקה מת,גרמים,100.00,100 גרם,false,,11.80,11.8000,true,1,49425
7290000134864,false,פפריקה חריפה בקופ' 100 גר' טעם וריח,"תבליני טעם וריח בע""\מ",IL,תבלין פפריקה חריפה ט,גרמים,100.00,100 גרם,false,,11.80,11.8000,true,1,49426
7290000134871,false,פלפל שחור טחון בקופ' 100 גר' טעם וריח,"תבליני טעם וריח בע""מ",IL,טעם וריח ת. פלפל שחו,גרמים,100.00,100 גרם,false,,16.90,16.9000,true,1,49427
7290000134970,false,חוואיג' בקופ' 100 גר' טעם וריח,"תבליני טעם וריח בע""מ",IL,תבלין חוואייג טעם ור,גרמים,100.00,100 גרם,false,,11.90,11.9000,true,1,49428
7290000134987,false,פלפל שחור גרוס בקופ' 90 גר' טעם וריח,"תבליני טעם וריח בע""מ",IL,טעם וריח פלפל שחור ג,גרמים,90.00,100 גרם,false,,16.90,18.7778,true,1,49429
7290000135045,false,"XL TEN משקה אנרגיה פתוח ללא סוכר 250 מ""ל","טמפו משקאות בע""\מ",IL,אקס אל TEN פחית תפוח,מיליליטרים,250.00,"100 מ""ל",false,,4.90,1.9600,true,1,145415
7290000135052,false,"XL TEN משקה אנרגיה מנגו ללא סוכר 250 מ""ל","טמפו משקאות בע""\מ",IL,אקס אל TEN פחית מנגו,מיליליטרים,250.00,"100 מ""ל",false,,4.90,1.9600,true,1,145416
7290000135311,false,פפסי קולה ליים 1.5 ללא סוכר,"טמפו משקאות בע""\מ",IL,פפסי מקס ליים 1.5 ל',ליטרים,1.50,ליטר,false,,8.50,5.6667,true,1,81304
7290000136141,false,משקה בטעם קולה 1.5ל' פפסי,"טמפו משקאות בע""\מ",IL,פפסי קולה 1.5 ליטר,ליטרים,1.50,ליטר,false,,8.50,5.6667,true,1,212501
7290000136165,false,משקה מירינדה 1.5ליטר,"טמפו משקאות בע""\מ",IL,מירינדה 1.5 ליטר,ליטרים,1.50,ליטר,false,,8.50,5.6667,true,1,212436
7290000136172,false,סבן אפ בקבוק 1.5 ליט,"טמפו משקאות בע""\מ",IL,סבן אפ 1.5 ליטר,ליטרים,1.50,ליטר,false,,8.50,5.6667,true,1,212454
7290000136189,false,סבן אף דיאט 1.5 ליטר בודד,"טמפו משקאות בע""\ם.",IL,סבן אפ דיאט 1.5 ליטר,ליטרים,1.50,ליטר,false,,8.50,5.6667,true,1,212437
7290000136240,false,סודה 1.5 ליטר שישייה בודד,"טמפו משקאות בע""\מ",IL,טמפו סודה 1.5 ליטר,ליטרים,1.50,ליטר,false,,4.50,3.0000,true,1,212266
7290000136257,false,פאנק טוניק גזוז בטעם פירות,טמפו 7.5%,IL,טמפו פאנק טוניק 1.5,ליטרים,1.50,ליטר,false,,11.90,7.9333,true,1,212199
7290000136288,false,"סירופ בטעם תפוחים ג'ויסר סיידר הגליל 330 מ""ל","טמפו משקאות בע""\מ",IL,סיידר הגליל JUICER ס,מיליליטרים,330.00,"100 מ""ל",false,,13.60,4.1212,true,1,291574
7290000136295,false,"סירופ בטעם פטל ג'ויסר סיידר הגליל 330 מ""ל","טמפו משקאות בע""\מ",IL,סיידר הגליל JUICER ס,מיליליטרים,330.00,"100 מ""ל",false,,13.60,4.1212,true,1,291605
7290000136301,false,"סירופ בטעם ענבים ג'ויסר סיידר הגליל 330 מ""ל","טמפו משקאות בע""\מ",IL,סיידר הגליל JUICER ס,מיליליטרים,330.00,"100 מ""ל",false,,13.60,4.1212,true,1,291606
7290000136455,false,משקה בטעם אשכוליות תריסר 1.5 ל' ג'אמפ,"טמפו משקאות בע""\ם.",IL,ג`אמפ אשכול 1.5 ליטר,ליטרים,1.50,ליטר,false,,8.90,5.9333,true,1,212215
7290000136516,false,משקה בטעם מנגו פסיפלורה תריסר 1.5 ל' ג'אמפ,טמפו משקאות בעמ,IL,ג`אמפ פסיפלורה 1.5 ל,ליטרים,1.50,ליטר,false,,8.90,5.9333,true,1,212216
7290000136523,false,משקה בטעם ענבים תריסר 1.5 ל' ג'אמפ,"טמפו משקאות בע""\ם.",IL,ג`אמפ ענבים 1.5 ליטר,ליטרים,1.50,ליטר,false,,8.90,5.9333,true,1,212217
7290000136585,false,משקה בטעם תפוזים תריסר 1.5 ל' ג'אמפ,"טמפו משקאות בע""\ם.",IL,ג`אמפ תפוז 1.5 ליטר,ליטרים,1.50,ליטר,false,,8.90,5.9333,true,1,212218
7290000136646,false,בירה נשר מאלט ללא אלכוהול 1.5 ליטר,"טמפו משקאות בע""\מ",IL,נשר מאלט 1.5 ליטר,ליטרים,1.50,ליטר,false,,9.90,6.6000,true,1,212120
7290000136653,false,דיאט נשר מאלט ללא אלכוהול 1.5 ליטר,"טמפו משקאות בע""\מ",IL,נשר מאלט דיאט 1.5 לי,ליטרים,1.50,ליטר,false,,9.90,6.6000,true,1,212121
7290000136684,false,פפסי מקס משקה מוגז דל קלוריות בטעם קולה,טמפו,IL,פפסי מקס 1.5 ליטר,ליטרים,1.50,ליטר,false,,8.50,5.6667,true,1,212518
7290000136790,false,שישיית מי סודה טמפו 1.5 ליטר,"טמפו משקאות בע""\מ",IL,טמפו סודה 6*1.5 ליטר,ליטרים,9.00,ליטר,false,,19.60,2.1778,true,1,212267
7290000136820,false,סודה בטעם פירות יער מארז ריבעיה * 1.5 ל' טמפו,טמפו משקאות בע''מn\,IL,טמפו סודה פירות יער,ליטרים,6.00,ליטר,false,,13.50,2.2500,true,1,212303
7290000136837,false,רביעיית מי סודה נגיעות אפרסק טמפו 1.5 ליטר,טמפו משקאות בע''מn\,IL,טמפו סודה אפרסק 1.5,ליטרים,6.00,ליטר,false,,13.50,2.2500,true,1,212391
7290000136851,false,סבן אפ פיקדון 1.5 ליטר,טמפו,IL,סבן אפ 1.5 ליטר,ליטרים,1.50,ליטר,false,,8.50,5.6667,true,1,212471
7290000136868,false,סאן בנדטו - מים מינרלים - מארז שישיית 1.5 ליטר,אקווה מינרלה סאן בנדטו ב,IT,מים סאן בנדטו 6* 1.5,ליטרים,9.00,ליטר,false,,19.90,2.2111,true,1,212166
7290000136936,false,סבן אפ דיאט בקבוק 1.,טמפו,IL,סבן אפ דיאט 1.5 ליטר,ליטרים,1.50,ליטר,false,,8.10,5.4000,true,1,212439
7290000137643,false,שלגוני טעמקור בטעם שוקו וניל שטראוס 8*50 גרם,"גלידת שטראוס בע""\מ, רחוב",IL,שלגוני טעמקור 8יח,גרמים,416.00,100 גרם,false,,39.90,9.5913,true,1,4762
7290000141848,false,מחלבת פנחס גבינה בול,,,מחלבת פנחס גבינה בול,קילוגרמים,1.00,"ק""ג",true,,79.00,79.0000,true,1,17416
7290000144160,false,"שמן זית כתית מעולה ארומתי עץ הזית 750 מ""ל","מרקאולאו, ספרד.אבסה,",IT,שמן זית כתית מעולה א,מיליליטרים,750.00,"100 מ""ל",false,,37.90,5.0533,true,1,31519
7290000144467,false,שמן חמניות מועשר בנוגדי חמצון 1 ל' עץ הזית,"נארז ע""י : א.ג. גילר",GR,שמן חמניות בריאות מה,ליטרים,1.00,ליטר,false,,17.90,17.9000,true,1,31523
7290000144474,false,שמן עץ הזית קנולה 1 ליטר בריאות מהטבע,שמן תעשיות בעמ,EE,שמן קנולה בריאות עץ,ליטרים,1.00,ליטר,false,,17.90,17.9000,true,1,31524
7290000146652,false,הוואי - סבון מוצק ורוד רומנטי 100 גרם רביעייה,טרופיקל דגיל קוסמטיק,PL,סבון מוצק ורוד הוואי,גרמים,400.00,100 גרם,false,,12.90,3.2250,true,1,8645
7290000146676,false,הוואי - סבון מוצק לגבר 100 גרם רביעייה,טרופיקל דגיל קוסמטיק,PL,סבון מוצק לגבר הוואי,גרמים,400.00,100 גרם,false,,12.90,3.2250,true,1,8647
7290000146997,false,משחת שיניים לילדים מסטיק טום וג'רי 50 מל,טרופיקל דגיל קוסמטיק,IL,משחת שיניים טום וגרי,מיליליטרים,50.00,"100 מ""ל",false,,7.90,15.8000,true,1,8653
7290000148380,false,פיסטוקים קלוים קליית גת 200 גרם,"ג'י אנד ג'י בע""מ",IL,פיסטוק קלוי 200 גרם,גרמים,200.00,100 גרם,false,,21.90,10.9500,true,1,13848
7290000148618,false,קשיו מטוגן שקית קליית גת 200 גרם,"ג'י אנד ג'י בע""מ",IL,אגוז קשיו מטוגן 200,גרמים,200.00,100 גרם,false,,20.90,10.4500,true,1,13850
7290000148748,false,קליית גת גרעיני חמניה קלויים ומומלחים200,"ג'י אנד ג'י בע""מ",IL,גרעיני חמניה 200 גרם,גרמים,200.00,100 גרם,false,,7.90,3.9500,true,1,13851
7290000149851,false,סבון לניקוי והסרת כתמים סינטבון 460 גרם,יבואן ומשווק: ש. שסט,IL,סינטבון כפול 460גר,גרמים,460.00,100 גרם,false,,11.90,2.5870,true,1,31791
7290000149905,false,טקסטיל נוזל לכביסה עדינה נקה 1 ליטר,מיוצר עי קונדיטוריית,IL,טקסטיל שמפו-1 ליטר נ,ליטרים,1.00,ליטר,false,,15.90,15.9000,true,1,31792
7290000149943,false,"טקסטיל אבקת כביסה ביד נקה 1 ק""ג",קריות זול,IL,טקסטיל שמפו-שקית 1 ק,קילוגרמים,1.00,"ק""ג",false,,15.90,15.9000,true,1,31793
7290000152943,false,מארז פסטרמה כפרית וסלמי כפרי עוף טוב 2*350 גרם,מוצרי עוף טוב (2001) בע\,IL,עוף טוב סלמי פסטרמה,גרמים,700.00,100 גרם,false,,30.90,4.4143,true,1,22024
7290000158235,false,שניצל עוף דקיק צ'יפס שמח,"מוצרי עוף טוב (2001) בע""",IL,שניצל עוף דק בציפוי,גרמים,700.00,100 גרם,false,,40.90,5.8429,true,1,119671
7290000160801,false,"קליר שמפו לשיער רך ומבריק 400 מ""ל",יונילוור - תורכיה,TR,קליר שמפו לשיער רך ו,מיליליטרים,400.00,"100 מ""ל",false,,12.90,3.2250,true,1,137673
7290000169538,false,"נמס בכוס עגבניות וקרוטונים מרק כשרות בד""ץ 62 ג' קנור",יוניליוור ישראל מזון בע\,IL,נמס בכוס עגבניות וקר,גרמים,62.00,100 גרם,false,,7.90,12.7419,true,1,11285
7290000170053,false,"שוקולד פרה חלב 100 גרם בד""צ לל""ג","שטראוס גרופ בע""\מ.",IL,שוקולד חלב פרה 100 ג,גרמים,100.00,100 גרם,false,,6.30,6.3000,true,1,24026
7290000174044,false,"בפלות בטעם שוקולד 1 ק""ג",STRAUSS-ISRAEL,IL,וופל שוקולד 1קג,קילוגרמים,1.00,"ק""ג",false,,20.90,20.9000,true,1,119956
7290000174723,false,שוקולית אבקה להכנת משקה שוקו 500 גרם,הנסיך- מפעל לייצור ט,IL,שוקולית 500 גרם,גרמים,500.00,100 גרם,false,,14.90,2.9800,true,1,24034
7290000175760,false,מנציגו כבשים ויליפו,,,מנציגו כבשים ויליפו,קילוגרמים,1.00,"ק""ג",true,,116.00,116.0000,true,1,3449
7290000175777,false,איבריקו ויליפוד31%,,,איבריקו ויליפוד31%,קילוגרמים,1.00,"ק""ג",true,,113.00,113.0000,true,1,3450
7290000175906,false,גאודה עיזים ויליפוד,,,גאודה עיזים ויליפוד,קילוגרמים,1.00,"ק""ג",true,,132.00,132.0000,true,1,3452
7290000176079,false,קפה עלית טורקי עם הל 100 גרם,הנסיך- מפעל לייצור ט,IL,טורקי עלית קפה עם הל,גרמים,100.00,100 גרם,false,,10.50,10.5000,true,1,24037
7290000176116,false,"קפה טורקי עלית וואקום 1 ק""ג",הנסיך- מפעל לייצור ט,IL,טורקי עלית 1קג,קילוגרמים,1.00,"ק""ג",false,,80.90,80.9000,true,1,24039
7290000176147,false,קפה לפילטר קלוי וטחון מוקה מספר 1 עלית 500 גרם,ELITE CAFE SP. ZO.O,PL,מוקה מס.1 קפה פילטר,גרמים,500.00,100 גרם,false,,58.40,11.6800,true,1,24040
7290000176413,false,קפה נמס אבקתי עלית 50 ג',הנסיך- מפעל לייצור ט,IL,עלית נמס 50 גר',גרמים,50.00,100 גרם,false,,10.90,21.8000,true,1,24042
7290000176420,false,קפה נמס פחית עלית 200 גרם,שטראוס קפה בי.וי,IL,קפה נמס עלית פחית 20,גרמים,200.00,100 גרם,false,,21.90,10.9500,true,1,24043
7290000176468,false,קפה נמס נטול קפאין 50 ג' קפה האג,"איי, בי, אינבוו",IL,האג קפה נטול קפאין 5,גרמים,50.00,100 גרם,false,,10.90,21.8000,true,1,24044
7290000178707,false,תפוצ'יפס בטעם טבעי 50 גרם,"שטראוס פריטו ליי בע""\מ )",IL,תפוציפס טבעי 50 גרם,גרמים,50.00,100 גרם,false,,4.50,9.0000,true,1,25339
7290000178721,false,תפוצ'יפס בטעם טבעי 200 גרם,"שטראוס פריטו ליי בע""\מ )",IL,תפוציפס טבעי 200 גרם,גרמים,200.00,100 גרם,false,,11.90,5.9500,true,1,25341
7290000186535,false,נייר טואלט תלת שכבתי לבן לילי 32 יחידות,לילי נייר טואלט חוגלה,IL,לילי נייר טואלט טריו,מטרים,537.00,מטר,false,,47.90,0.0892,true,1,9549
7290000187860,false,מגבוני טואלט לחים לילי דיספנסר 40יח',עלבד משואות יצחק בעמ,IL,לילי נייר טואלט לח ד,יחידה,0.00,יחידה,false,,9.90,0.0000,true,1,9557
7290000187921,false,נייר טואלט דו שכבתי לבן לילי 32 יחידות,לילי נייר טואלט חוגלה,IL,"נייר טואלט ""לילי"" לב",מטרים,588.00,מטר,false,,44.90,0.0764,true,1,9560
7290000187938,false,לילי - נייר טואולט נייר טואלט פסטל 32 יח',לילי נייר טואלט חוגלה,IL,"נייר טואלט ""לילי"" פס",מטרים,588.00,מטר,false,,45.90,0.0781,true,1,9561
7290000188270,false,קליניקס ממחטות אף אולטרא סופט 2*80 דף,חוגלה קימברלי,IL,קליניקס ממחטות אף או,יחידה,0.00,יחידה,false,,20.90,0.0000,true,1,114615
7290000188355,false,מגבות מטבח ניקול לבנה שישייה,קימברלי-קלארק,IL,מגבות מטבח ניקול לבנ,מטרים,64.80,מטר,false,,13.90,0.2145,true,1,9566
7290000189079,false,"ניקול תבניות אינגליש חזקות ועבות מארז, 7 יח'",ניקול,CN,ניקול תבניות אינגליש,יחידה,0.00,יחידה,false,,13.90,0.0000,true,1,9578
7290000189116,false,תבניות עגולות עבות במיוחד 5 יחידות ניקול,ניקול,CN,ניקול תבניות עגולות,יחידה,0.00,יחידה,false,,13.90,0.0000,true,1,114616
7290000189192,false,סופר מטלית מטליות נייר רב פעמיות ניקול 64 יחידות,קימברלי קלארק,IL,ניקול מטלית חכמה יומ,יח',64.00,יח',false,,21.90,0.3422,true,1,9580
7290000189260,false,תבניות מלבניות עבות וחזקות ניקול 5 יחידות,ניקול,CN,ניקול תבניות מלבניות,יחידה,0.00,יחידה,false,,13.90,0.0000,true,1,114617
7290000189482,false,תבניות אפיה מרובעות מקרטון ניקול 4 יחידות,"דוקארט בעמ, קיבוץ כפ",IL,ניקול תבנית אפייה מק,יחידה,0.00,יחידה,false,,11.90,0.0000,true,1,9590
7290000189598,false,מטליות לחות חד פעמיות לניקוי כללי 50 יח' ניקול,עלבד משואות יצחק בעמ,IL,מטליות לחות חד פעמיו,יחידה,0.00,יחידה,false,,13.80,0.0000,true,1,9595
7290000189659,false,מטליות לחות לרצפה ניקול 10 יח'-מרכז,עלבד משואות יצחק בעמ,IL,ניקול מטליות לחות לר,יחידה,0.00,יחידה,false,,12.50,0.0000,true,1,9596
7290000191539,false,חמישיית ממחטות טישו צבועני לילי 100 יחידות,חוגלה קימברלי,IL,לילי צבעוני חמישיה-9,יחידה,0.00,יחידה,false,,16.90,0.0000,true,1,9627
7290000191652,false,שלישיית ממחטות אולטרה סופט קלינקס 90 יחידות,חוגלה קימברלי,IL,קלינקס קלאסיק ניילון,יחידה,0.00,יחידה,false,,13.90,0.0000,true,1,9632
7290000193083,false,נובה-לי תחבושות היגייניות לילי 28 יחידות,חוגלה קימברלי,CZ,תחבושות נובה לי לילי,יחידה,0.00,יחידה,false,,11.90,0.0000,true,1,9639
7290000193540,false,מגן תחתון לונג נטורל לילי 52 יחידות,חוגלה קימברלי,ES,מגן תחתון נטורל לונג,יחידה,0.00,יחידה,false,,18.50,0.0000,true,1,9646
7290000193649,false,תחבושות עם כנפיים נורמל פלוס לילי 24 יחידות,חוגלה קימברלי,ES,תחבושות נטורל אולטרה,יחידה,0.00,יחידה,false,,18.50,0.0000,true,1,9648
7290000193656,false,תחבושות עם כנפיים סופר פלוס לילי 24 יחידות,חוגלה קימברלי,ES,תחבושות נטורל אולטרה,יחידה,0.00,יחידה,false,,18.50,0.0000,true,1,9649
7290000195216,false,נייר אפייה בשקית ניקול 50 יחידות,ניקול,IL,ניקול נייר אפייה בשק,יחידה,0.00,יחידה,false,,12.90,0.0000,true,1,9662
7290000195537,false,האגיס - מגבוני האגיס דיילי קר לא מבושם 64 יח' * 4,חוגלה קימברלי,IL,מגבוני האגיס דיילי ק,יחידה,0.00,יחידה,false,,21.90,0.0000,true,1,9669
7290000195773,false,האגיס - מגבוני האגיס סנסטיב קר לא מבושם 64 יח' * 4,חוגלה קימברלי,IL,מגבוני האגיס סנסטיב,יחידה,0.00,יחידה,false,,21.90,0.0000,true,1,9673
7290000196343,false,מפת שולחן מהודרת ניקול 1 יחידה,חוגלה קימברלי,IL,מפת שולחן מהודרת ניק,יחידה,0.00,יחידה,false,,13.90,0.0000,true,1,9676
7290000196763,false,"שקיות אשפה חזקות במיוחד עם שרוך 52 * 65 ס""מ ניקול 40 יחידות",חוגלה קימברלי,IL,ניקול השקית החזקה,יחידה,0.00,יחידה,false,,31.90,0.0000,true,1,9679
7290000197326,false,רדיד אלומניום ניקול זוגי 30X7.5מ',חוגלה קימברלי,IL,ניקול רדיד אלומיניום,מטרים,15.00,מטר,false,,13.90,0.9267,true,1,9691
7290000197432,false,שקיות אוכל סנדביצ'ון ניקול מארז 150X2יח',אשלפסט תעשיות בעמ,IL,ניקול שקיות אוכל זוג,יחידה,0.00,יחידה,false,,15.90,0.0000,true,1,9696
7290000197463,false,חיתולים פרידום דריי שלב +4 האגיס 40 יחידות,קימברלי קלארק ישראל,IL,האגיס פרידום דריי של,יחידה,0.00,יחידה,false,,48.90,0.0000,true,1,9699
7290000197470,false,שקיות רב שימושיות מתכלות ניקול 250 יחידות,אשלפסט תעשיות בעמ,IL,"ניקול שקיות רב""ש 250",יחידה,0.00,יחידה,false,,16.90,0.0000,true,1,9700
7290000197548,false,חיתולים פרידום דריי שלב 5 האגיס 36 יחידות,קימברלי קלארק ישראל,IL,האגיס פרידום דריי של,יחידה,0.00,יחידה,false,,48.90,0.0000,true,1,9703
7290000197654,false,ניקול אשפתון שקיות אשפה ענקיות 45 יח',"אשפלסט תעשיות בע""מ",IL,אשפתון שקיות אשפה ענ,יחידה,0.00,יחידה,false,,23.90,0.0000,true,1,9704
7290000197678,false,חיתולי האגיס פרידום דריי שלב 6 30 יחידות,קימברלי קלארק ישראל,IL,האגיס פרידום דריי ש,יחידה,0.00,יחידה,false,,48.90,0.0000,true,1,9705
7290000197753,false,ניילון נצמד אנטי בטקריאלי ניקול 30X2מ',חוגלה קימברלי,CN,ניקול ניילונית זוג,מטרים,60.00,מטר,false,,13.90,0.2317,true,1,9706
7290000197876,false,תבניות אלומיניום קטנות עם מכסה ניקול 4 יחידות,חוגלה קימברלי,CN,ניקול תבנית אלומיניו,יחידה,0.00,יחידה,false,,11.90,0.0000,true,1,9708
7290000197883,false,תבנית אלומיניום 100 גדולה ניקול 4 יחידות,חוגלה קימברלי,CN,ניקול תבניות אלומיני,יחידה,0.00,יחידה,false,,11.90,0.0000,true,1,9709
7290000197999,false,רדיד אלומיניום עבה ניקול זוגי 30X7.5מ',קריות זול,IL,ניקול רדיד אלומיניום,מטרים,15.00,מטר,false,,19.90,1.3267,true,1,9712
7290000198031,false,פסטרמה פרגיות ללחמני,,,פסטרמה פרגיות ללחמני,קילוגרמים,1.00,"ק""ג",true,,89.00,89.0000,true,1,123521
7290000198048,false,פסטרמה הודו בתיבול ש,,,פסטרמה הודו בתיבול ש,קילוגרמים,1.00,"ק""ג",true,,89.00,89.0000,true,1,123507
7290000204147,false,רביעיית כרית יפנית עבה ניקול 4 יחידות,פלסטו פוליש (ברקן),IL,כריות יפניות 2 ב 1 ר,יחידה,0.00,יחידה,false,,12.90,0.0000,true,1,9747
7290000204215,false,שישיית כרית יפנית ניקול 6 יחידות,פלסטו פוליש (ברקן),IL,ניקול כריות יפניות 6,יחידה,0.00,יחידה,false,,12.90,0.0000,true,1,9748
7290000204307,false,ניקול מטליות רב שימושיות בגליל 40 יח',נועם אורים-קיבוץ אור,IL,מטליות ניקול 40 רב ש,יחידה,0.00,יחידה,false,,22.90,0.0000,true,1,9751
7290000205526,false,פיסגה נוזל ריחני לשטיפת רצפות סנו 2 ליטר,"סנו מפעלי ברונוס בע""",IL,פיסגה שטיפת רצפות 2,ליטרים,2.00,ליטר,false,,13.90,6.9500,true,1,31795
7290000207063,false,רסק עגבניות פריכוז 28% 240 גרם יכין,היינץ צפון אמריקה מק,IL,רוטב עגבניות פריכוז,גרמים,240.00,100 גרם,false,,4.90,2.0417,true,1,9294
7290000207162,false,רוטב עגבניות מרכיב טבעי 100 ג' יכין,"זנלכל בע""\מ",IL,רוטב עגבניות 100 גרם,גרמים,100.00,100 גרם,false,,2.50,2.5000,true,1,9297
7290000207438,false,עגבניות 2.5 A קוביות 850 גרם יכין,"זנלכל בע""\מ",IL,עגבניות לקוביות יכין,גרמים,800.00,100 גרם,false,,10.90,1.3625,true,1,9298
7290000208022,false,עגבניות מרוסקות פריכוז 800 ג' יכין,"זנלכל בע""\מ",IL,עגבניות מרוסקות יכין,גרמים,800.00,100 גרם,false,,10.90,1.3625,true,1,9301
7290000208077,false,אפונת גינה רגילה 550 גרם יכין,"זנלכל בע""\מ",IL,אפונת גינה גדולה L י,גרמים,335.00,100 גרם,false,,9.90,2.9552,true,1,9303
7290000208114,false,"אפונה וגזר יכין A2 פ""ק בית יוסף","זנלכל בע""\מ",IL,אפונת גינה וגזר יכין,גרמים,330.00,100 גרם,false,,9.90,3.0000,true,1,9306
7290000208138,false,סירופ דיאט בטעם ענבים יכין 1 ליטר,"זנלכל בע""\מ",IL,סירופ דייאט ענבים יכ,ליטרים,1.00,ליטר,false,,17.90,17.9000,true,1,9308
7290000208145,false,גרעיני תירס מתוק לייט 550 גרם יכין,"זנלכל בע""\מ",IL,גרעיני תירס לייט יכי,גרמים,335.00,100 גרם,false,,9.90,2.9552,true,1,9309
7290000208213,false,שעועית לבנה אפויה A2 ברוטב עגבניות יכין 560ג',היינץ צפון אמריקה מק,IL,שעועית לבנה ברוטב עג,גרמים,355.00,100 גרם,false,,9.90,2.7887,true,1,9311
7290000208220,false,"שעועית צ'לי יכין פ""ק A2 בית יוסף",היינץ צפון אמריקה מק,IL,שעועית צילי חריף יכי,גרמים,355.00,100 גרם,false,,10.90,3.0704,true,1,9312
7290000208244,false,"בסיס לשקשוקה יכין A2 פ""ק בית יוסף","זנלכל בע""מ",IL,A2 בסיס עגבניות לשקש,גרמים,570.00,100 גרם,false,,11.90,2.0877,true,1,9313
7290000208312,false,גרעיני תירס מתוק בואקום יכין 400 גר',"זנלכל בע""\מ",IL,גרעיני תירס מתוק יכי,גרמים,400.00,100 גרם,false,,7.90,1.9750,true,1,9316
7290000208329,false,גרעיני תירס מתוק 550 גרם יכין,"זנלכל בע""\מ",IL,גרעיני תירס מתוק יכי,גרמים,335.00,100 גרם,false,,9.90,2.9552,true,1,9317
7290000208336,false,רסק יכין 240גר 22% יכין בית יוסף,"זנלכל בע""\מ",IL,רוטב עגבניות יכין 24,גרמים,240.00,100 גרם,false,,5.50,2.2917,true,1,9318
7290000208350,false,עגבניות מרוסקות בצל 850 גר יכין A 2.5,זנלכל,IL,עגבניות מרוסקות עם ב,גרמים,800.00,100 גרם,false,,10.90,1.3625,true,1,9320
7290000208404,false,A2 פול מצרי 550 גרם יכין,"זנלכל בע""\מ",IL,פול מצרי יכין 550 גר,גרמים,350.00,100 גרם,false,,8.90,2.5429,true,1,9322
7290000208428,false,גרגרי חומוס שלם 550 גרם יכין,"זנלכל בע""\מ",IL,חומוס שלם יכין 550 ג,גרמים,290.00,100 גרם,false,,9.90,3.4138,true,1,9323
7290000208480,false,גרעיני תירס מתוק בטעם חמאה 550 גרם יכין,"זנלכל בע""\מ",IL,גרעיני תירס בטעם חמא,גרמים,335.00,100 גרם,false,,11.90,3.5522,true,1,9326
7290000208534,false,גרעיני תירס מתוק לילדים 550 גרם יכין,"זנלכל בע""\מ",IL,גרעיני תירס קיד מתוק,גרמים,335.00,100 גרם,false,,11.90,3.5522,true,1,9328
7290000208800,false,גרעיני תירס מתוק לילדים 400 גרם יכין,זנלכל,IL,תירס קיד מתוק יכין 4,גרמים,400.00,100 גרם,false,,6.90,1.7250,true,1,9330
7290000208855,false,רוטב לפסטה קלאסי 240 גרם יכין,"זנלכל בע""\מ",IL,רוטב לפסטה קלאסי יכי,גרמים,260.00,100 גרם,false,,6.50,2.5000,true,1,9331
7290000208893,false,גרעיני תירס מתוק לייט 400 גרם יכין,היינץ צפון אמריקה מק,IL,תירס לייט יכין 400 ג,גרמים,400.00,100 גרם,false,,6.90,1.7250,true,1,9332
7290000208930,false,עגבניות מרוסקות בתוספת שום 240 גרם יכין,"זנלכל בע""מ",IL,עגבניות מרוסקות עם ש,גרמים,260.00,100 גרם,false,,6.50,2.5000,true,1,9333
7290000208947,false,עגבניות מרוסקות יכין 260 גרם,היינץ צפון אמריקה מק,IL,עגבניות מרוסקות יכין,יחידה,260.00,יחידה,false,,6.50,0.0250,true,1,9334
7290000208978,false,רסק עגבניות פריכוז 28% 100 גרם יכין,היינץ צפון אמריקה מק,IL,רוטב עגבניות פריכוז,גרמים,100.00,100 גרם,false,,3.90,3.9000,true,1,9335
7290000209012,false,חומץ 1ליטר יכין הדרים,"זנלכל בע""\מ",IL,חומץ הדרים 5% יכין 1,ליטרים,1.00,ליטר,false,,7.90,7.9000,true,1,9337
7290000209043,false,מיץ לימון לתיבול יכין 1 ליטר,היינץ צפון אמריקה מק,IL,מיץ לימון משומר יכין,ליטרים,1.00,ליטר,false,,5.90,5.9000,true,1,9338
7290000209371,false,תירס מתוק יכין 200 גרם מארז 3 יח',היינץ צפון אמריקה מק,IL,תירס שלישיה יכין 3*1,גרמים,495.00,100 גרם,false,,15.90,3.2121,true,1,9349
7290000209388,false,תירס מתוק לייט יכין 200 גרם מארז 3 יח',"זנלכל בע""\מ",IL,תירס לייט שלישיה יכי,גרמים,420.00,100 גרם,false,,15.90,3.7857,true,1,9350
7290000209579,false,סירופ דיאט בטעם אננס יכין 1 ליטר,"זנלכל בע""\מ",IL,סירופ דייאט אננס יכי,ליטרים,1.00,ליטר,false,,17.90,17.9000,true,1,9357
7290000209708,false,עגבניות מרוסקות עם בזיליקום יכין 240 גרם,היינץ צפון אמריקה מק,IL,עגבניות מרוסקות בזיל,גרמים,260.00,100 גרם,false,,6.50,2.5000,true,1,9359
7290000209722,false,רסק עגבניות 28% פריכוז 580 גרם יכין,"זנלכל בע""\מ",IL,רוטב עגבניות מרוכז מ,גרמים,580.00,100 גרם,false,,10.90,1.8793,true,1,9361
7290000209906,false,עגבניות מרוסקות בתוספת בצל 240 גרם יכין,זנלכל,IL,עגבניות מרוסקות עם ב,גרמים,260.00,100 גרם,false,,6.50,2.5000,true,1,9362
7290000209913,false,עגבניות חתוכות לקוביות 240 גרם יכין,"זנלכל בע""\מ",IL,עגבניות לקוביות יכין,גרמים,260.00,100 גרם,false,,6.50,2.5000,true,1,9363
7290000209944,false,רוטב לעגבניות בסיס לשקשוקה 240 ג' יכין,"זנלכל בע""\מ",IL,רוטב לעגבניות לשקשוק,גרמים,260.00,100 גרם,false,,6.50,2.5000,true,1,9364
7290000209951,false,רוטב עגבניות לפיצה 260 גרם יכין,"זנלכל בע""\מ",IL,רוטב עגבניות לפיצה י,מיליליטרים,260.00,"100 מ""ל",false,,6.50,2.5000,true,1,9365
7290000209968,false,רוטב עגבניות ללזניה יכין 240 גרם,"זנלכל בע""\מ",IL,רוטב ללזניה יכין 240,גרמים,260.00,100 גרם,false,,6.50,2.5000,true,1,9366
7290000211138,false,סיימן גבינת עיזים הו,,,סיימן גבינת עיזים הו,קילוגרמים,1.00,"ק""ג",true,,189.00,189.0000,true,1,17427
7290000211145,false,סיימן גבינת גאודה במ,,,סיימן גבינת גאודה במ,קילוגרמים,1.00,"ק""ג",true,,119.00,119.0000,true,1,122581
7290000211169,false,"אורז תאילנדי אחד אחד סוגת 1 ק""ג",האי נאם סי או אל.טי.,IL,אורז תאילנדי 1 ק'ג,קילוגרמים,1.00,"ק""ג",false,,7.90,7.9000,true,1,19381
7290000211312,false,סוגת אורז מלא פרסי אחד אחד 1 קג,האי נאם סי או אל.טי.,IL,אורז מלא אחד אחד 1קג,קילוגרמים,1.00,"ק""ג",false,,9.90,9.9000,true,1,19382
7290000211374,false,"קמח חיטה מלא סוגת 1 ק""ג",טחנת קמח דגן-שטיבל,IL,"קמח מלא סוגת 1 ק""ג",קילוגרמים,1.00,"ק""ג",false,,8.90,8.9000,true,1,119306
7290000211442,false,"סוגת אורז פרסי קלאסי שקית 1 ק""ג",האי נאם סי או אל.טי.,IL,סוגת אורז פרסי קלאסי,קילוגרמים,1.00,"ק""ג",false,,11.90,11.9000,true,1,19385
7290000211503,false,סוכר לבן ארוז בשקית,"סוגת תעשיות בע""\מ",IL,"סוכר סוגת לבן 1 ק""ג",קילוגרמים,1.00,"ק""ג",false,,4.90,4.9000,true,1,19386
7290000211626,false,"סוגת אורז חיש 1 ק""ג","סוגת תעשיות בע""\מ",IL,"אורז חיש 1 ק""ג",קילוגרמים,1.00,"ק""ג",false,,11.90,11.9000,true,1,19387
7290000211985,false,"סוגת אורז עגול ריזוטו 1 ק""ג","סוגת תעשיות בע""\מ",IL,סוגת אורז עגול 1קג,קילוגרמים,1.00,"ק""ג",false,,12.90,12.9000,true,1,19389
7290000212173,false,וופל טעם שוקולד מנעמים 500 ג',קריות זול,,ופל שוקו מנעמים 500,גרמים,500.00,100 גרם,false,,11.90,2.3800,true,1,26035
7290000212401,false,וופל מצופית מנעמים 400ג',"מנעמים תעשיות מזון בע""\מ",IL,ופל מצופית מנעמים 40,גרמים,400.00,100 גרם,false,,11.90,2.9750,true,1,69105
7290000212579,false,וופלים מצופים מנעמים 800 גרם מארז 40 יחידות,מנעמים,IL,ופל מצופה שוקולד מנע,גרמים,800.00,100 גרם,false,,17.90,2.2375,true,1,26037
7290000212975,false,"וופלים שוקולד מנעמים 1 ק""ג",מנעמים,,"ופל שוקו מנעמים 1 ק""",קילוגרמים,1.00,"ק""ג",false,,17.90,17.9000,true,1,69106
7290000225278,false,סיימן מסוג דנבלו 27%,,,סיימן מסוג דנבלו 27%,קילוגרמים,1.00,"ק""ג",true,,79.00,79.0000,true,1,17437
7290000226552,false,קפולסקי עוגת טורט ריבת חלב+ קוקוס קפוא,קפולסקי שיווק וקמעונ,IL,עוגת טורט ריבת חלב ע,קילוגרמים,1.00,"ק""ג",false,,68.00,68.0000,true,1,121044
7290000226569,false,"עוגת טורט קצפת שוקולד קפולסקי 1 ק""ג",תופינים מקבוצת קפולסקי,IL,עוגת טורט קצפת שוקול,קילוגרמים,1.00,"ק""ג",false,,68.00,68.0000,true,1,121045
7290000226576,false,"עוגת טורט מצופה שוקולד קפולסקי 1 ק""ג",תופינים מקבוצת קפולסקי,IL,עוגת טורט מצופה שוקו,קילוגרמים,1.00,"ק""ג",false,,68.00,68.0000,true,1,121046
7290000226613,false,עוגת דובוש מצופה שוקולד קפולסקי 450 גרם,תופינים מקבוצת קפולסקי,IL,עוגת דובוש מצופה בטע,גרמים,450.00,100 גרם,false,,44.90,9.9778,true,1,121048
7290000238029,false,"בצק עלים צרפתי מרודד מעדנות 1 ק""ג",מיוצר עי קונדיטוריית,IL,"בצק עלים 1ק""ג",קילוגרמים,1.00,"ק""ג",false,,24.90,24.9000,true,1,38984
7290000238036,false,מלאווח בקופסא מעדנות 700 גרם,מיוצר עי קונדיטוריית,IL,מעדנות מלווח 700גר,גרמים,700.00,100 גרם,false,,18.90,2.7000,true,1,38985
7290000238173,false,בורקס גבינה מעדנות 800 גרם,מיוצר עי קונדיטוריית,IL,בורקס גבינה מעדנות 8,גרמים,800.00,100 גרם,false,,22.90,2.8625,true,1,38986
7290000238180,false,בורקס תפוחי אדמה מעדנות 800 גרם,מיוצר עי קונדיטוריית,IL,"בורקס תפו""א 800גר",גרמים,800.00,100 גרם,false,,21.90,2.7375,true,1,38987
7290000244082,false,"הוואי שלישיית סבון נוזלי שמיים כחולים 500 מ""ל",טרופיקל דגיל,IL,סבון נוזלי כחול עמוק,ליטרים,1.50,ליטר,false,,17.90,11.9333,true,1,8656
7290000244761,false,"קרם ידיים ולווטה 100 מ""ל",טרופיקל דגיל קוסמטיק,IL,"קרם ולוטה 80 מ""ל",מיליליטרים,100.00,"100 מ""ל",false,,7.90,7.9000,true,1,8661
7290000245270,false,"פרסיל אבקה לכביסה רגיל שקית 1.25 ק""ג","הנקל סוד בע""מ",IL,אבקת כביסה פרסיל סופ,קילוגרמים,1.25,"ק""ג",false,,15.90,12.7200,true,1,38208
7290000245294,false,"א.כ. פרסיל סופרא שקית 2.5 ק""ג","הנקל סוד בע""\מ",IL,אבקת כביסה פרסיל 2.5,קילוגרמים,2.50,"ק""ג",false,,28.90,11.5600,true,1,38210
7290000245478,false,"אבקת כביסה לבגדי תינוקות 1.25 ק""ג סוד","הנקל סוד בע""מ",IL,סוד א.כ בייבי 1.25קג,קילוגרמים,1.25,"ק""ג",false,,14.90,11.9200,true,1,38213
7290000245799,false,סוד סופט מרכך כביסה כחול 4 ליטר,"הנקל סוד בע""\מ",IL,מרכך כביסה סוד כחול,ליטרים,4.00,ליטר,false,,18.90,4.7250,true,1,38222
7290000253220,false,שוקולד צ'יפס חום אופנהיימר 260 גר',אופנהיימר,IL,שוקולד צ'יפס אופנהיי,גרמים,260.00,100 גרם,false,,13.90,5.3462,true,1,14720
7290000254066,false,פילה אמנון 5-7 קפוא,,,פילה אמנון 5-7 קפוא,קילוגרמים,1.00,"ק""ג",true,,29.90,29.9000,true,1,345756
7290000262413,false,חיתולי האגיס אקסטרה קייר מידה 5 34 יחידות,חוגלה קימברלי,IL,האגיס אקסטרה קייר מי,יחידה,0.00,יחידה,false,,61.90,0.0000,true,1,9763
7290000264752,false,רדיד אלומיניום זוג עם הטבעה ניקול,חוגלה קימברלי,IL,ניקול רדיד אלומיניום,מטרים,15.00,מטר,false,,14.90,0.9933,true,1,9778
7290000267500,false,קליפות הדר מצופות שוקולד מריר שקדיה 200 גרם,"דין שיווק וקלייה בע""",IL,קליפות הדר בציפוי שו,גרמים,200.00,100 גרם,false,,11.90,5.9500,true,1,5214
7290000272696,false,עסיס מיץ לימון טבעי משומר 1 ל' אסם,בית-השיטה עסיס תעשיות מז,IL,מיץ לימון משומר עסיס,ליטרים,1.00,ליטר,false,,11.90,11.9000,true,1,21268
7290000272726,false,חומץ רכיבים רכיבים טבעיים 5% עסיס 1 ליטר,בית-השיטה עסיס תעשיות מז,IL,חומץ טבעי 5% עסיס 1,ליטרים,1.00,ליטר,false,,7.50,7.5000,true,1,21269
7290000286228,false,ספוגיות לניקוי כללי סנו סושי 6 יחידות,סנו מפעלי ברונו בעמ,IL,סנו סושי שישיות כריו,יחידה,0.00,יחידה,false,,12.90,0.0000,true,1,31796
7290000286297,false,"אנטי קאלק מסיר אבנית מקומקום סנו 700 מ""ל",סנו מפעלי ברונוס בעמ,IL,סנו מסיר אבן מקומקום,מיליליטרים,700.00,"100 מ""ל",false,,12.90,1.8429,true,1,31797
7290000286525,false,ספוג כייף פרינה רחצה 1יח',קוסמופארם,IL,ספוג פרינה כיף,יחידה,0.00,יחידה,false,,11.90,0.0000,true,1,31803
7290000286549,false,מטליות לניקוי כללי סנו סושי 9 יחידות,נועם אורים תעשיות בע,IL,סנו סושי מטליות לכל,יחידה,0.00,יחידה,false,,12.90,0.0000,true,1,31804
7290000286594,false,אבקה לניקוי במיכל לימון X סנו 600 גרם,סנו מפעלי ברונוס בעמ,IL,סנו X לימון במיכל 60,גרמים,600.00,100 גרם,false,,11.90,1.9833,true,1,31806
7290000286761,false,ניילון נצמד סנו סושי פלסטיק מארז 30X2 מ',מיוצר עי קונדיטוריית,CN,סנו סושי פלסטיק נצמד,מטרים,60.00,מטר,false,,12.90,0.2150,true,1,31808
7290000287102,false,"ספריי שמפו לניקוי שטיחים סנו 600 מ""ל",מיוצר עי קונדיטוריית,IL,סנו שמפו שטיחים אירו,מיליליטרים,600.00,"100 מ""ל",false,,22.90,3.8167,true,1,31816
7290000287430,false,סנובון צבעוני לאסלה בריח לימון שלישייה,סנו מפעלי ברונו בעמ,IL,סנובון שלישיה צבעוני,גרמים,165.00,100 גרם,false,,12.90,7.8182,true,1,31820
7290000288017,false,אקונומיקה בריח לימון סנו ז'אוול 1 ליטר,"סנו מפעלי ברונוס בע""",IL,סנו זאוול 1ליטר לימו,ליטרים,1.00,ליטר,false,,8.90,8.9000,true,1,31832
7290000288024,false,סנו - ז'אוול אקונומיקה בריח לימון 4 ליטר,"סנו מפעלי ברונוס בע""מ",IL,סנו ז'אוול בריח לימו,ליטרים,4.00,ליטר,false,,17.90,4.4750,true,1,31833
7290000288031,false,סנו אקונומיקה 4 ליטר תו תקן,"סנו מפעלי ברונוס בע""\מ",IL,סנו אקנומיקה 4 ל,ליטרים,4.00,ליטר,false,,12.90,3.2250,true,1,31834
7290000288079,false,סנו - ז'אוול אקונומיקה לימון 2 ליטר,"סנו מפעלי ברונוס בע""מ",IL,סנו זאוול בריח לימון,ליטרים,2.00,ליטר,false,,13.90,6.9500,true,1,31836
7290000288086,false,אבקת ניקוי עם אקונומיקה בריח לימון סנו ז'אוול 600 ג',מיוצר עי קונדיטוריית,IL,אבקת ניקוי ג'אוול לי,גרמים,600.00,100 גרם,false,,12.90,2.1500,true,1,114687
7290000288109,false,"אבקת כביסה מקסימה אפקט ג''אוול 1.25 ק""ג סנו",סנו מפעלי ברונוס בעמ,IL,סנו מקסימה אפקט ג'או,קילוגרמים,1.25,"ק""ג",false,,15.90,12.7200,true,1,31838
7290000288253,false,"קוטל חרקים מעופפים K-400 סנו 630 מ""ל",מיוצר עי קונדיטוריית,IL,400-K,מיליליטרים,630.00,"100 מ""ל",false,,26.90,4.2698,true,1,31839
7290000288352,false,"קוטל חרקים וזוחלים K-300 סנו 630 מ""ל","סנו מפעלי ברונוס בע""מ",IL,K - 300,מיליליטרים,630.00,"100 מ""ל",false,,23.50,3.7302,true,1,31842
7290000288413,false,סנו-די דוחה יתושים כדורי סנו 50 גרם,גוד פוד פרודקטס S.p,IL,סנו די רולאון,מיליליטרים,50.00,"100 מ""ל",false,,21.60,43.2000,true,1,31845
7290000288642,false,מקסימה מרכך כביסה סנסיטיב בייבי סנו 4 ליטר,"סנו מפעלי ברונוס בע""\מ",IL,מרכך כביסה סנו מקסימ,ליטרים,4.00,ליטר,false,,23.90,5.9750,true,1,31849
7290000288727,false,סנו מקסימה אבקת כביסה מאסק מילוי 1.25,קריות זול,IL,סנו מקסימה מאסק 1.25,קילוגרמים,1.25,"ק""ג",false,,15.90,12.7200,true,1,31851
7290000289069,false,סנו - ז'אוול מרסס קצף ניקוי בתוספת אקונומיקה בריח לימון 1 ליטר,"סנו מפעלי ברונוס בע""מ",IL,סנו ג'אוול מרסס לימו,ליטרים,1.00,ליטר,false,,19.90,19.9000,true,1,31855
7290000289472,false,סנו סושי שקיות אשפה - 50 יחידות,מיוצר עי קונדיטוריית,IL,סנו סושי שקיות HD 76,יחידה,0.00,יחידה,false,,21.90,0.0000,true,1,31857
7290000289496,false,"סנו - ז'אוול ג'ל קרם לניקוי כללי לימון 750 מ""ל","סנו מפעלי ברונוס בע""\מ",IL,סנו ג'אוול ג'ל קרם ל,מיליליטרים,750.00,"100 מ""ל",false,,13.90,1.8533,true,1,31858
7290000289601,false,סנו ז'אוול בריח לבנדר 2 ל',"סנו מפעלי ברונוס בע""מ",IL,אקונומיקה LEVAJ לבנד,ליטרים,2.00,ליטר,false,,13.60,6.8000,true,1,136991
7290000289885,false,"מטהר אוויר ענק אושנבריז סנו פרש 375 מ""ל","סנו מפעלי ברונוס בע""\מ",IL,סנו פרש ענק אושן כחו,מיליליטרים,375.00,"100 מ""ל",false,,11.90,3.1733,true,1,31863
7290000291963,false,אקונומיקה סמיכה בריח לימון סנו ז'אוול 1 ליטר,קריות זול,IL,סנו ז'אוול סמיכה לימ,יחידה,0.00,יחידה,false,,8.90,0.0000,true,1,31869
7290000292137,false,"נוזל לניקוי וטיפול מוצרי עור סנו 500 מ""ל",מיוצר עי קונדיטוריית,IL,נוזל ניקוי וטיפול במ,מיליליטרים,500.00,"100 מ""ל",false,,32.90,6.5800,true,1,31870
7290000292533,false,סנו גל לניקוי כללי על בסיס שמן אורנים 1ל,החברה הדרומית,IL,סנו ג'ל לניקוי כללי,ליטרים,1.00,ליטר,false,,17.90,17.9000,true,1,31874
7290000292557,false,סנומט מלוי נוזלי דוחה יתושים 45 לילות,טרופיקל דגיל תעשיות,IT,סנומט 45 נוזל מילוי,יחידה,0.00,יחידה,false,,19.90,0.0000,true,1,31876
7290000292564,false,סנו K-2000 תרסיס מיקרו קפסולרי ללא ריח 750 מ”ל,מיוצר עי קונדיטוריית,IL,K 2000 סנו ללא ריח,מיליליטרים,750.00,"100 מ""ל",false,,32.90,4.3867,true,1,31877
7290000292687,false,סנובון מוצק לניקוי אסלה קלאסיק כחול סנו 3 יחידות,מיוצר עי קונדיטוריית,IL,סנובון כחול שלישיה,גרמים,165.00,100 גרם,false,,18.90,11.4545,true,1,31878
7290000292915,false,"תרסיס לניקוי כללי רסס ונגב סנו 750 מ""ל","סנו מפעלי ברונוס בע""\מ",IL,סנו רסס ונגב אקדח 75,מיליליטרים,750.00,"100 מ""ל",false,,17.90,2.3867,true,1,31879
7290000293073,false,מקסימה מרכך כביסה ביו לבן סנו 4 ליטר,"סנו מפעלי ברונוס בע""\מ",IL,מרכך כביסה סנו מקסימ,ליטרים,4.00,ליטר,false,,23.90,5.9750,true,1,31881
7290000293530,false,סנו פרש סופג לחות שקית מילוי 340 גרם,סנו מפעלי ברונו בעמ,IL,מילוי סופג לחות,מיליליטרים,340.00,"100 מ""ל",false,,13.90,4.0882,true,1,31884
7290000294780,false,אקונומיקה סמיכה בריח לימון סנו ז'אוול 4 ליטר,"סנו מפעלי ברונוס בע""מ",IL,סנו ז'אוול סמיכה 4 ל,ליטרים,4.00,ליטר,false,,17.90,4.4750,true,1,31894
7290000295121,false,מטליות זיגזג סנו סושי לניקוי רצפות 3יח',קריות זול,IL,מטלית זיגזג 3יח,יחידה,0.00,יחידה,false,,12.90,0.0000,true,1,31895
7290000295299,false,סנו סושי כריות הפלא רב תכלתיות רביעייה,סנו מפעלי ברונו בעמ,IL,כריות יפניות סנו סוש,יחידה,0.00,יחידה,false,,12.90,0.0000,true,1,31896
7290000295336,false,סנו מקסימה אבקת כביסה סנסטיב מילוי1.25,סנו מפעלי ברונוס בעמ,IL,סנו מקסימה סנסיטיב 1,קילוגרמים,1.25,"ק""ג",false,,15.90,12.7200,true,1,31898
7290000295343,false,"אבקת כביסה מקסימה ביו 1.25 ק""ג סנו",סנו מקסימה,IL,סנו מקסימה ביו 1.25,קילוגרמים,1.25,"ק""ג",false,,15.90,12.7200,true,1,31899
7290000295367,false,"מקסימה אבקת כביסה אפקט ז'אוול סנו 2.5 ק""ג",סנו מקסימה,IL,אבקת כביסה סנו מקסימ,קילוגרמים,2.50,"ק""ג",false,,28.90,11.5600,true,1,31900
7290000295503,false,זוג שקיות מזון טבע 19*25 סנו סושי 150 יחידות,"אשפלסט תעשיות בע""מ",CN,סנו סושי צמד שקיות א,יחידה,0.00,יחידה,false,,15.90,0.0000,true,1,31902
7290000295541,false,רב מגבת ג'מבו סנו סושי 75 יחידות,מיוצר עי קונדיטוריית,IL,סנו רב מגבת גמבו,יחידה,0.00,יחידה,false,,21.90,0.0000,true,1,31903
7290000295558,false,"רדיד אלומיניום רוחב 30 ס""מ סנו סושי 2 יח' 7.5 מטר",מולינו ניקולי s.p.a,TR,צמד רדיד אלומיניום ק,מטרים,15.00,מטר,false,,12.90,0.8600,true,1,31904
7290000295572,false,"מארז זוגי מנקה אסלות 00 סנו 750 מ""ל",מיוצר עי קונדיטוריית,IL,מנקה אסלות 00 צמד,ליטרים,1.50,ליטר,false,,21.90,14.6000,true,1,31906
7290000300884,false,סיימן גבינת צ'דר אנג,,,סיימן גבינת צ'דר אנג,קילוגרמים,1.00,"ק""ג",true,,140.00,140.0000,true,1,17476
7290000302027,false,סיגריות טיים אדום פא,"דובק בע""מ",IL,טיים רד (פקט),יחידה,0.00,יחידה,false,,285.00,0.0000,false,1,5116
7290000305882,false,אס הרינג עם ירקות ברוטב עגבניות 120 גרם,"סטארקיסט פודור בע""מ",TR,אס דגים עם ירקות ברו,גרמים,120.00,100 גרם,false,,6.90,5.7500,true,1,28427
7290000313160,false,זהבה ושלושת הדובים עוגיות בטעם שוקולד אסם 350 גרם,"הגביע מוצרי וופלים בע""\מ",IL,חברים זהבה ושלושת הד,גרמים,250.00,100 גרם,false,,9.50,3.8000,true,1,68343
7290000313184,false,עוגיות חברים גן חיות וניל אסם 250 גר',"הגביע מוצרי וופלים בע""\מ",IL,חברים ביסקויט גן חיו,גרמים,250.00,100 גרם,false,,9.50,3.8000,true,1,21271
7290000313290,false,אסם נודלס נודלס אטריות מסולסלות 200גר,תאי פרזידנט פוד בנגק,TH,נודלס אטריות מסולסלו,יחידה,200.00,יחידה,false,,10.90,0.0545,true,1,119495
7290000318127,false,"נקניקיות ביס 380 גרם ""יחיעם""",מעדני יחיעם 1993,IL,נקניקיות ביס 380 גרם,גרמים,380.00,100 גרם,false,,12.90,3.3947,true,1,16361
7290000318479,false,נקניק פרושוטו בקר יחיעם 100 גרם,תאי פרזידנט פוד פאבל,IL,פרושטו בקר יחיעם 100,גרמים,100.00,100 גרם,false,,30.90,30.9000,true,1,16369
7290000318677,false,נקניק סלמי סרוולט יחיעם 150 גרם,מעדני יחיעם 1993,IL,סלמי סרוולט 150גר יח,גרמים,150.00,100 גרם,false,,26.60,17.7333,true,1,16371
7290000318806,false,סלמי סרוולד אמיתי במשקל,מעדני יחיעם,IL,סלמי סרוולט מעדנ.יחי,קילוגרמים,1.00,"ק""ג",true,,147.00,147.0000,true,1,16339
7290000318929,false,סלמי צרפתי מובחר במשקל,מעדני יחיעם,IL,סלמי צרפתי יחיעם מעד,קילוגרמים,1.00,"ק""ג",true,,147.00,147.0000,true,1,16344
7290000318943,false,פסטרמה של פעם מעושן 1.5% יחיעם 200 גרם,תאי פרזידנט פוד פאבל,IL,פסטרמה של פעם 200 גר,גרמים,200.00,100 גרם,false,,23.90,11.9500,true,1,16378
7290000319124,false,סלמי סרוולט מאפ יחיעם 250 גרם,מעדני יחיעם 1993,IL,סלמי סרוולט 250 גרם,גרמים,250.00,100 גרם,false,,39.90,15.9600,true,1,16381
7290000319131,false,נקניקיות עוף יחיעם 400 גרם,מעדני יחיעם 1993,IL,נקניקיות עוף יחיעם 4,גרמים,400.00,100 גרם,false,,11.90,2.9750,true,1,16382
7290000319803,false,קבנוס קלאסי יחיעם 125 גרם,תאי פרזידנט פוד פאבל,IL,קבנוס קלאסי 125גר,גרמים,125.00,100 גרם,false,,15.90,12.7200,true,1,16397
7290000319834,false,קבנוס פפרוני קלאסי 125 גרם,תאי פרזידנט פוד פאבל,IL,יחיעם קבנוס פפרוני ק,גרמים,125.00,100 גרם,false,,15.90,12.7200,true,1,114642
7290000334684,false,תפוגן טבעות בצל 700 גרם,"תעשיות תפוגן בע""\מ",IL,טבעות בצל 700 גרם,גרמים,700.00,100 גרם,false,,19.90,2.8429,true,1,22083
7290000334745,false,"אמריקאן צ'יפס תפוגן 1.5 ק""ג","תעשיות תפוגן בע""מ",IL,"אמריקאן ציפס 1.5 ק""ג",קילוגרמים,1.50,"ק""ג",false,,29.90,19.9333,true,1,22085
7290000339191,false,אבקת הלבנה רן ללא כל,יוניליוור ניקיון,IL,אבקת הלבנה רן 350 גר,גרמים,350.00,100 גרם,false,,21.90,6.2571,true,1,11312
7290000345215,false,תה כחול קלאסיק ויסוצקי 100 יחידות,מולינו ניקולי s.p.a,IL,תה ויסוצקי קלאסיק 10,גרמים,100.00,100 גרם,false,,20.90,20.9000,true,1,26045
7290000345260,false,תה קלאסיק מעטפות ויסוצקי 25 יחידות,מולינו ניקולי s.p.a,IL,תה ויסוצקי קלאסיק 25,גרמים,37.50,100 גרם,false,,8.80,23.4667,true,1,26046
7290000345284,false,תה ויסוצקי קלאסי אריזה ירוקה מרובעת (100 שקיקים),מולינו ניקולי s.p.a,IL,תה ויסוצקי 1.5 קלאסי,גרמים,150.00,100 גרם,false,,20.90,13.9333,true,1,26048
7290000345291,false,תה ארל גריי ויסוצקי 25 יחידות,תה ויסוצקי,IL,תה ארל גריי 1.5/25,גרמים,37.50,100 גרם,false,,18.50,49.3333,true,1,26049
7290000345307,false,תה ארל גריי ויסוצקי 50 יחידות,מולינו ניקולי s.p.a,IL,תה ארל גריי 1.5/50,גרמים,75.00,100 גרם,false,,33.90,45.2000,true,1,26050
7290000345536,false,תה נענע ויסוצקי 25 יחידות,מולינו ניקולי s.p.a,IL,תה נענע 25 שקיות 1.5,גרמים,37.50,100 גרם,false,,19.90,53.0667,true,1,26051
7290000346021,false,חליטת קמומיל הגן הקסום ויסוצקי 50 יחידות,בית ויסוצקי,IL,תה קמומיל 50 שקיקים,גרמים,75.00,100 גרם,false,,37.90,50.5333,true,1,26057
7290000346120,false,חליטת קינמון הגן הקסום ויסוצקי 25 יחידות,תה ויסוצקי,IL,תה קסם הקנמון 25 שקי,גרמים,62.50,100 גרם,false,,19.90,31.8400,true,1,26058
7290000346137,false,חליטת הילולי פירות הגן הקסום ויסוצקי 25 יחידות,תה ויסוצקי,IL,תה הילולי פירות 25 ש,גרמים,62.50,100 גרם,false,,19.90,31.8400,true,1,26059
7290000346168,false,חליטת שומר הגן הקסום ויסוצקי 25 יחידות,תה ויסוצקי,IL,תה חליטת שומר גן קסו,גרמים,37.50,100 גרם,false,,19.90,53.0667,true,1,26062
7290000346199,false,חליטת פירות יער הגן הקסום ויסוצקי 25 יחידות,תה ויסוצקי,IL,תה פירות יער 25 שקיק,גרמים,67.50,100 גרם,false,,19.90,29.4815,true,1,26063
7290000346205,false,חליטת קמומיל הגן הקסום ויסוצקי 25 יחידות,תה ויסוצקי,IL,תה קמומיל 25 שקיקים,גרמים,37.50,100 גרם,false,,19.90,53.0667,true,1,26064
7290000346960,false,תה ויסוצקי נענע 1.7 גרם 50יח',בית ויסוצקי,IL,תה נענע 50 שקיקים 1.,גרמים,75.00,100 גרם,false,,33.90,45.2000,true,1,26069
7290000347738,false,תה ירוק נענע ויסוצקי 25 יחידות,תה ויסוצקי,IL,תה ירוק נענע 25 שקיק,גרמים,37.50,100 גרם,false,,26.90,71.7333,true,1,26072
7290000347752,false,תה ירוק לימונית ולואיזה 25 שקיקים *1.5 ג'' ויסוצקי,תה ויסוצקי,IL,תה ירוק לימונית ולוא,גרמים,37.50,100 גרם,false,,26.90,71.7333,true,1,26074
7290000358746,false,גידים בקר מוכשר ארוז,,,גידים בקר מוכשר ארוז,קילוגרמים,1.00,"ק""ג",true,,110.00,110.0000,true,1,336566
7290000363011,false,סלמי קוניאק מובחר טירת צבי במשקל,הנסיך- מפעל לייצור ט,IL,נקניק קוניאק מובחר ט,קילוגרמים,1.00,"ק""ג",true,,79.00,79.0000,true,1,26691
7290000363363,false,קבנוס נקניק מעושן יבש 160 גרם,הנסיך- מפעל לייצור ט,IL,קבנוס מיוחד 160 גרם,גרמים,160.00,100 גרם,false,,19.70,12.3125,true,1,26730
7290000363400,false,סלמי פפרוני טירת צבי,הנסיך- מפעל לייצור ט,IL,סלמי פפרוני טירת צבי,קילוגרמים,1.00,"ק""ג",true,,79.00,79.0000,true,1,26693
7290000363462,false,סלמי מעושן איטלקי טי,טירת- צבי,IL,סלמי מעושן איטלקי טי,קילוגרמים,1.00,"ק""ג",true,,79.00,79.0000,true,1,26694
7290000363486,false,נקניק תה טירת צבי מע,טירת- צבי,IL,נקניק תה טירת צבי מע,קילוגרמים,1.00,"ק""ג",true,,58.00,58.0000,true,1,26695
7290000363899,false,נקניקיות פיקנטיות טירת צבי 400 גרם,טירת צבי - מדף,IL,נקניקיות פיקנטיות 40,גרמים,400.00,100 גרם,false,,11.90,2.9750,true,1,26731
7290000364261,false,"דקניקים, סלסולי פסטרמה כתף בקר מעושנת 120 גרם",הנסיך- מפעל לייצור ט,IL,סלסולי כתף בקר 120 ג,גרמים,120.00,100 גרם,false,,15.90,13.2500,true,1,26734
7290000364278,false,דקניקים סלסולי סלמי איטלקי משובח טירת צבי 120 גרם,הנסיך- מפעל לייצור ט,IL,סלסולי סלמי איטלקי מ,גרמים,120.00,100 גרם,false,,15.90,13.2500,true,1,26735
7290000364285,false,דקניקים סלסולי פסטרמה הודו טירת צבי 120 גרם,הנסיך- מפעל לייצור ט,IL,טירת צבי סלסולי פסטר,גרמים,120.00,100 גרם,false,,15.90,13.2500,true,1,26736
7290000364292,false,דקניקים סלסולי פסטרמה הודו על גחלים 1% טירת צבי 120 גרם,הנסיך- מפעל לייצור ט,IL,סלסולי פסטרמה גחלים,גרמים,120.00,100 גרם,false,,15.90,13.2500,true,1,26737
7290000364759,false,נקניקיות וינר קרנץ טירת צבי 500 ג',הנסיך- מפעל לייצור ט,IL,נקניקיות וינר קרנץ 5,גרמים,500.00,100 גרם,false,,16.80,3.3600,true,1,26739
7290000364803,false,נקניקיות בקר אמריקאיות טירת צבי 500 גרם,הנסיך- מפעל לייצור ט,IL,נקניקיות קרנץ אמריקא,גרמים,500.00,100 גרם,false,,33.10,6.6200,true,1,26740
7290000364810,false,נקניקיות עגל 500 גרםטירת צבי,הנסיך- מפעל לייצור ט,IL,נקנקיות עגל 500 גרם,גרמים,500.00,100 גרם,false,,33.10,6.6200,true,1,26741
7290000364858,false,"נקניקיות עוף טרי טירת צבי 1 ק""ג",הנסיך- מפעל לייצור ט,IL,נקניקיות עוף טרי 1 ק,קילוגרמים,1.00,"ק""ג",false,,29.90,29.9000,true,1,26742
7290000364872,false,נקניקיות עוף טירת צבי 400 גרם,טיב טירת צבי 2000,IL,נקניקיות עוף 400 גרם,גרמים,400.00,100 גרם,false,,13.90,3.4750,true,1,26743
7290000364957,false,נקניקיות עוף מיני מיני טירת צבי 700 גרם,הנסיך- מפעל לייצור ט,IL,נקנקיות מיני - מיני,גרמים,700.00,100 גרם,false,,27.90,3.9857,true,1,26744
7290000365046,false,פסטרמה כתף בקר מעושן,טירת- צבי,IL,כתף מעושן טירת צבי מ,קילוגרמים,1.00,"ק""ג",true,,107.00,107.0000,true,1,26700
7290000365107,false,כתף בקר מפולפל במשקל,טירת- צבי,IL,כתף בקר מפולפל ט.צבי,קילוגרמים,1.00,"ק""ג",true,,109.00,109.0000,true,1,26702
7290000365398,false,חזה הודו בדבשטירת צבי,טירת- צבי,IL,חזה הודו בדבש ט.צבי,קילוגרמים,1.00,"ק""ג",true,,89.00,89.0000,true,1,26706
7290000365756,false,פסטרמה על גחלים ד.ש משקל,טירת צבי,IL,פסט. עלגחלים ד.ש.ט.צ,קילוגרמים,1.00,"ק""ג",true,,89.00,89.0000,true,1,26708
7290000365909,false,פסטרמה הודו מעושנתטירת צבי,טירת- צבי,IL,פסט.טבעית ט.צבי מעדנ,קילוגרמים,1.00,"ק""ג",true,,89.00,89.0000,true,1,26710
7290000365954,false,פסטרמה על גחלים משקל,טירת- צבי,IL,פסט.על גחלים ט.צבי מ,קילוגרמים,1.00,"ק""ג",true,,89.00,89.0000,true,1,26711
7290000367590,false,פסטרמה כפרית וסלמי פריזר כפרי טירת צבי 2*400 גרם,טיב טירת צבי 2000,IL,צמד כפרי נק.סלמי+פסט,גרמים,800.00,100 גרם,false,,29.90,3.7375,true,1,26746
7290000369341,false,לבנה אבו גוש ירוק15%משקל,גבינות אמיר ניצן בעמ,IL,לאבנה אבו גוש ניצן מ,קילוגרמים,1.00,"ק""ג",true,,49.00,49.0000,true,1,6749
7290000369617,false,מעדן כדורי פטה בשמן מתובל ניצן 230 גרם,גבינות אמיר ניצן בעמ,IL,ניצן כדורי פטה בשמני,גרמים,150.00,100 גרם,false,,19.70,13.1333,true,1,6760
7290000370253,false,מב גבינות גורגונזולה,,,גבינות גורגונזולה אי,קילוגרמים,1.00,"ק""ג",true,,109.00,109.0000,true,1,129650
7290000370284,false,גבינה קשקבל חצי קשה,,,גבינה קשקבל חצי קשה,קילוגרמים,1.00,"ק""ג",true,,100.00,100.0000,true,1,129653
7290000370420,false,גבינת גאודה מהולנד 3,,,גבינת גאודה מהולנד 3,קילוגרמים,1.00,"ק""ג",true,,105.00,105.0000,true,1,34319
7290000371571,false,פסטרמה פרגיות לבאגט,,,פסט.פרגיות לבאגט ט.צ,קילוגרמים,1.00,"ק""ג",true,,89.00,89.0000,true,1,26716
7290000379104,false,לחם אנג'ל אחיד פרוס 750ג',מאפיית אנג'\ל אורנים מאפ,IL,לחם אחיד פרוס 750 גר,גרמים,750.00,100 גרם,false,,7.11,0.9480,true,1,69744
7290000382210,false,שקיות גופיה ינות בית,,,שקיות גופיה ינות בית,יחידה,0.00,יחידה,false,,0.10,0.0000,true,1,43349
7290000382227,false,שקיות גופיה מגה בעיר,,,שקיות גופיה מגה בעיר,יחידה,0.00,יחידה,false,,0.10,0.0000,true,1,6
7290000408316,false,יוגורט דנונה דל לקטוז 200 גרם,מיוצר עי קונדיטוריית,IL,דנונה טבעי 3% 200מל,מיליליטרים,200.00,"100 מ""ל",false,,4.10,2.0500,true,1,24760
7290000408354,false,יוגורט עם אורז מצופה שוקולד קקאו 175 ג' דנונה,"שטראוס בריאות בע""\מ",IL,דנונה קראנצ' פצפוצים,מיליליטרים,175.00,"100 מ""ל",false,,4.90,2.8000,true,1,24761
7290000412481,false,נוזל לניקוי אסלות 00 סנו 1 ליטר,מיוצר עי קונדיטוריית,IL,מנקה אסלות 1 ליטר 00,ליטרים,1.00,ליטר,false,,8.90,8.9000,true,1,31913
7290000416021,false,ממרח בטעם שוקולד השחר חלבי 500,השחר העולה,IL,ממרח שוקולד השחר 500,גרמים,500.00,100 גרם,false,,15.90,3.1800,true,1,31066
7290000416045,false,"ממרח בטעם שוקולד השחר 1 ק""ג",השחר העולה תעשייות מ,IL,ממרח שוקולד השחר 1 ק,קילוגרמים,1.00,"ק""ג",false,,27.90,27.9000,true,1,31068
7290000416618,false,"ממרח שוקולד פרווה השחר 400 גרם כשל""פ",השחר העולה תעשייות מ,IL,ממרח שוקולד פרווה הש,גרמים,400.00,100 גרם,false,,13.90,3.4750,true,1,31078
7290000416854,false,אבקת קקאו השחר העולה 150ג',השחר העולה תעשייות מ,IL,קקאו 150 גר',גרמים,150.00,100 גרם,false,,11.50,7.6667,true,1,31081
7290000419114,false,קפה טחון טורקי לנדור200ג,"קפה לנדוור בע""\מ",IL,לנדוור המקורי קפה טח,גרמים,200.00,100 גרם,false,,18.30,9.1500,true,1,21275
7290000419220,false,לנדוור כחול המקורי קפה טחון טורקי 3*100 גרם 16 יח',קפה לנדוור,IL,לנדוור כחול המקורי ק,גרמים,300.00,100 גרם,false,,19.90,6.6333,true,1,21276
7290000419374,false,שלישיית קפה טחון טורקי לנדוור 100 גרם,קפה לנדוור,IL,לנדוור לבוקר קפה טחו,גרמים,300.00,100 גרם,false,,19.90,6.6333,true,1,21277
7290000419909,false,לנדוור קפה שחור לבוקר טחון טורקי 100 גרם,מולינו ניקולי s.p.a,IL,לנדוור לבוקר קפה טחו,גרמים,100.00,100 גרם,false,,9.90,9.9000,true,1,21279
7290000420325,false,"פופסטאר פופקורן למקירוגל בטעם טבעי 5 שקיות,500 גרם",פרסטון פארמס,US,פופסטאר פופקורן טבעי,גרמים,500.00,100 גרם,false,,17.50,3.5000,true,1,6343
7290000420332,false,פופסטאר פופקורן למיקרוגל בטעם חמאה 5 יחידות 500 גרם,פרסטון פארמס,US,פופסטאר פופקורן חמאה,גרמים,500.00,100 גרם,false,,17.50,3.5000,true,1,6344
7290000436028,false,בשר לחמין ארוז העדה,,,בשר לחמין ארוז העדה,קילוגרמים,1.00,"ק""ג",true,,69.00,69.0000,true,1,129381
7290000436616,false,דובשניות בשקית 180 גר',קריות זול,,דובשניות ברמן 180 גר,גרמים,180.00,100 גרם,false,,5.90,3.2778,true,1,88220
7290000453019,false,שמרים טריים לאפייה שקית שמרית 50 ג',"פאקא תעשיות בע""\מ",IL,שמרית שמרים טריים לא,גרמים,50.00,100 גרם,false,,4.90,9.8000,true,1,24762
7290000453125,false,שמרית שמרים טריים לאפייה +משפר אפייה 100ג,"פאקא תעשיות בע""\מ",IL,שמרית שמרים טריים לא,גרמים,100.00,100 גרם,false,,8.50,8.5000,true,1,24763
7290000453408,false,בצק פיצה דק מצונן ומוכן לאפייה שמרית 415 גרם,"פאקא תעשיות בע""מ",FR,שמרית בצק פיצה דק מצ,גרמים,415.00,100 גרם,false,,17.90,4.3133,true,1,169079
7290000453415,false,בצק עלים מצונן ומוכן לאפייה שמרית 300 גרם,"פאקא תעשיות בע""מ",FR,שמרית בצק עלים מצונן,גרמים,300.00,100 גרם,false,,16.90,5.6333,true,1,35086
7290000453422,false,בצק פילו מצונן ומוכן לאפייה שמרית 300 גרם,"פאקא תעשיות בע""מ",GR,שמרית בצק פילו מוכן,גרמים,300.00,100 גרם,false,,16.90,5.6333,true,1,169080
7290000453798,false,שמרית שמרים יבשים אקטיביים 500 גר',"גי' בי' רכיבים בע""מ",IL,שמרים יבשים אקטיביים,גרמים,500.00,100 גרם,false,,13.90,2.7800,true,1,24060
7290000453866,false,נטורינה תחליף מרגרינה לבישול ואפיה קוקוס שמרית 200 גרם,גרונבאנג- גרונדנסק א,DK,נטורינה קוקוס שטראוס,גרמים,200.00,100 גרם,false,,8.50,4.2500,true,1,106088
7290000453897,false,"מרגרינה בטעם חמאה 200 גרם ""שמרית""",גרונבאנג- גרונדנסק א,IL,מרגרינה בטעם חמאה 20,גרמים,200.00,100 גרם,false,,5.50,2.7500,true,1,24765
7290000461656,false,בייגלה מקלות מלוחים בייגל בייגל 400 גרם,בייגל את בייגל מזון 198),IL,מקלות מלוחים 400 גרם,גרמים,400.00,100 גרם,false,,12.20,3.0500,true,1,11325
7290000461700,false,בייגלה שמיניות גדולות מלוחות 400 גרם,בייגל את בייגל מזון 198),IL,ביגלה שמיניות גדולות,גרמים,400.00,100 גרם,false,,15.90,3.9750,true,1,67363
7290000462141,false,סחוג אדום תימני מקורי חריף מאוד זהבי 150 גרם,קריניסה ויטמין אס אי,IL,סחוג אדום חריף מאוד,גרמים,150.00,100 גרם,false,,8.90,5.9333,true,1,24767
7290000462172,false,סחוג תימני ירוק חריף זהבי הכרם 150 גרם,קריניסה ויטמין אס אי,IL,סחוג ירוק חריף מאוד,גרמים,150.00,100 גרם,false,,8.90,5.9333,true,1,24768
7290000467153,false,מלך החומוס סמיר הגדול 400 גרם צבר,סלטי צבר,IL,צבר חומוס סמיר הגדול,גרמים,400.00,100 גרם,false,,14.20,3.5500,true,1,22095
7290000472821,false,גבינה צהובה 28% הר,,,גבינה צהובה 28% הר,קילוגרמים,1.00,"ק""ג",true,,31.00,31.0000,true,1,290051
7290000474076,false,"חלב קרטון 3%-1 ליטר ""טרה""-מוצר בפיקוח",הפריט בפיקוח,IL,טרה חלב בקרטון 3% 1,ליטרים,1.00,ליטר,false,,6.23,6.2300,true,1,7062
7290000474090,false,"חלב בקרטון 1%- 1 ליטר בד""צ - מוצר בפיקוח",מילקו תעשיות בעמ,IL,טרה חלב בקרטון 1% 1ל,ליטרים,1.00,ליטר,false,,5.86,5.8600,true,1,7063
7290000474502,false,גבינה לבנה טרה 5% מרכיבים טבעיים,הפריט בפיקוח,IL,טרה גבינה לבנה 5% 25,גרמים,250.00,100 גרם,false,,4.98,1.9920,true,1,7072
7290000474540,false,טוב טעם גבינה לבנה 3% טרה 250 גרם,קריות זול,IL,טוב טעם גבינה 3% 250,גרמים,250.00,100 גרם,false,,12.30,4.9200,true,1,7073
7290000474830,false,נעם גבינה צהובה מגורדת 28% טרה 500 גרם,מילקו תעשיות בעמ,IL,נעם גבינה צהובה מגור,גרמים,500.00,100 גרם,false,,35.50,7.1000,true,1,7074
7290000480107,false,קוואקר שיבולת שועל פחית 500 גרם,וולקרס סנקס לימיטד,GB,"קוואקר מהיר אטוס לל""",גרמים,500.00,100 גרם,false,,15.90,3.1800,true,1,25344
7290000480442,false,קוואקר שיבולת שועל בשקית 500 גרם,פריטו ליי FRITO-LAY,IL,שיבולת שועל בשקית קו,גרמים,500.00,100 גרם,false,,14.90,2.9800,true,1,25345
7290000481029,false,פיתות בטעם ביתי 10 יחידו,דגנית עין בר תעשיות מזון,IL,פיתות 10 יחידות בטעם,קילוגרמים,1.00,"ק""ג",false,,13.90,13.9000,true,1,60307
7290000481043,true,עשיריית פיתות כוסמין,,,עשיריית פיתות כוסמין,גרמים,700.00,100 גרם,false,,16.90,2.4143,true,1,139168
7290000481074,false,לחם משלושה קמחים מלאים 750 גר,דגנית עין בר תעשיות מזון,IL,לחם טריו מלא דגנית 7,גרמים,750.00,100 גרם,false,,21.90,2.9200,true,1,300154
7290000481531,false,דגנית עין בר לחמניות אצבע מחיטה מלאה בשקית 750 ג',דגנית עין בר תעשיות מזון,IL,לחמניות 10 יחידות חי,גרמים,750.00,100 גרם,false,,14.90,1.9867,true,1,5055
7290000481883,false,דגנית עין בר מארז לחמניות 10 יח'*75 ג',דגנית עין בר תעשיות מזון,IL,10 לחמניות דגנית,גרמים,750.00,100 גרם,false,,14.90,1.9867,true,1,5059
7290000493176,false,אסם אבקת רוטב צלי לבשר 22 ג',"אסם השקעות בע""\מ",IL,אסם אבקת רוטב צלי לב,גרמים,22.00,100 גרם,false,,4.00,18.1818,true,1,21309
7290000493183,false,אבקת רוטב פטריות לבשר-30 גרם,"אסם השקעות בע""\מ",IL,אסם אבקת רוטב פטריות,גרמים,30.00,100 גרם,false,,4.00,13.3333,true,1,21310
7290000496360,false,פילה בקלה דרום אפרי,,,פילה בקלה דרום אפרי,קילוגרמים,1.00,"ק""ג",true,,43.90,43.9000,true,1,191985
7290000496780,false,פילה אמנון 5-7 80% ק,,,פילה אמנון 5-7 80% ק,קילוגרמים,1.00,"ק""ג",true,,34.90,34.9000,true,1,345103
7290000504025,false,ממתיק סוכרזית פטרייה עלית 300 גרם,אף.סי תבליני בגליל ב,IL,סוכרזית פטריה 300 טב,גרמים,246.00,100 גרם,false,,10.90,4.4309,true,1,24065
7290000504049,false,סוכרזית קלאסי קנקן 1200 טבליות,אף.סי תבליני בגליל ב,IL,סוכרזית קנקן 1200 טב,גרמים,984.00,100 גרם,false,,21.90,2.2256,true,1,24067
7290000504278,false,ממתיק סוכרזית אריזת פטנט 700 טבליות,אף.סי תבליני בגליל ב,IL,סוכרזית פטנט 700 טבל,גרמים,574.00,100 גרם,false,,16.90,2.9443,true,1,24070
7290000507383,false,בולגרית 5% פנחס אמית,,,בולגרית 5% פנחס אמית,קילוגרמים,1.00,"ק""ג",true,,80.00,80.0000,true,1,17617
7290000511904,false,בייבי אדם הולנד וילי,,,בייבי אדם הולנד וילי,קילוגרמים,1.00,"ק""ג",true,,65.00,65.0000,true,1,3470
7290000521008,false,יין אדום יבש של סגל750מל,"כרמי צבי - אחים סגל בע""\",IL,אדום יבש סגל.,מיליליטרים,750.00,"100 מ""ל",false,,22.90,3.0533,true,1,10176
7290000521015,false,"יין לבן יבש של סגל750מ""ל","מיוצר ע""י כרמי צבי-",IL,"לבן סגל 750 מ""ל",מיליליטרים,750.00,"100 מ""ל",false,,22.90,3.0533,true,1,10177
7290000521022,false,"של סגל, יין לבן חצי יבש 750 מ""ל","מיוצר ע""י כרמי צבי-",IL,סגל לבן חצי יבש 750,מיליליטרים,750.00,"100 מ""ל",false,,22.90,3.0533,true,1,10178
7290000521404,false,"יין מרום גליל קברנה סוביניון סינגל 750 מ""ל",כרמי צבי אחים סגל בע,IL,מרום גליל סינגל קברנ,מיליליטרים,750.00,"100 מ""ל",false,,42.90,5.7200,true,1,10187
7290000521411,false,יין מרום גליל סינגל מרלו 750 מל,כרמי צבי אחים סגל בע,IL,מרום גליל סינגל מרלו,מיליליטרים,750.00,"100 מ""ל",false,,42.90,5.7200,true,1,10188
7290000523125,false,מלח הארץ הים האדום 250 ג' עדין,"חברת מלח הארץ אילת בע""\מ",IL,מלח ים יבש הארץ 250,גרמים,250.00,100 גרם,false,,6.90,2.7600,true,1,26076
7290000523224,false,מלח הארץ הים האדום 500 ג' עדין,"חברת מלח הארץ אילת בע""\מ",IL,מלח ים יבש הארץ 500,גרמים,500.00,100 גרם,false,,8.90,1.7800,true,1,26077
7290000523514,false,מלח ים יבש מלח הארץ 250 גרם מופחת נתרן,"חברת מלח הארץ אילת בע""\מ",IL,מלח 50% פחות נתרן הא,גרמים,250.00,100 גרם,false,,11.00,4.4000,true,1,26078
7290000523521,false,מלח ים מלח הארץ 250 גרם מועשר ביוד,חברת מלח הארץ אילת ב,IL,מלח מעושר ביוד הארץ,גרמים,250.00,100 גרם,false,,7.90,3.1600,true,1,26079
7290000523804,false,"מלח עדין צנצנת 1 ק""ג מלח הארץ","חברת מלח הארץ אילת בע""\מ",IL,מלח עדין בצנצנת הארץ,קילוגרמים,1.00,"ק""ג",false,,7.50,7.5000,true,1,26080
7290000525969,false,מיץ תפוזים סחוט רכיבים טבעיים פרימור 1 ליטר,"גניר (1992) בע""מ",IL,פרימור מיץ תפוזים 1ל,ליטרים,1.00,ליטר,false,,17.20,17.2000,true,1,24773
7290000530024,false,נקניק תה מעושן רחב במשקל,זוגלובק,IL,תה מעושן זוגלובק,קילוגרמים,1.00,"ק""ג",true,,56.00,56.0000,true,1,42432
7290000530031,false,סלמי פיין צר זוגלובק,זוגלובק,IL,סלמי פיין צר זוגלובק,קילוגרמים,1.00,"ק""ג",true,,70.00,70.0000,true,1,42433
7290000530048,false,נקניק סלמי פפרוני במ,זוגלובק,IL,סלמי פפרוני זוגלובק,קילוגרמים,1.00,"ק""ג",true,,62.00,62.0000,true,1,42434
7290000530062,false,נקניק מעושן איטלקי במשקל,זוגלובק,IL,סלמי מעו. איטלקי זוג,קילוגרמים,1.00,"ק""ג",true,,86.00,86.0000,true,1,42435
7290000530086,false,נקניק סלמי מעושן זוגלובק 600 גרם,נקניק נהריה כשר זוגל,IL,סלמי מעושן 7000 א.מ.,גרמים,600.00,100 גרם,false,,38.90,6.4833,true,1,42479
7290000530093,false,חרמון ברביקיו 3% זוג,,,חרמון ברביקיו 3% זוג,קילוגרמים,1.00,"ק""ג",true,,55.00,55.0000,true,1,42436
7290000530109,false,קבנוס זוגי בואקום זוגלובק 180ג',נקניק נהריה כשר זוגל,IL,זוג קבנוס בוואקום 36,גרמים,360.00,100 גרם,false,,34.00,9.4444,true,1,42480
7290000530116,false,נקניק סלמי מעושן בשן 470 ג' זוגלובק,נקניק נהריה כשר זוגל,IL,סלמי מעושן בשן זוגלו,גרמים,470.00,100 גרם,false,,27.90,5.9362,true,1,42481
7290000530178,false,נקניק קוניאק זוגלובק,זוגלובק,IL,סלמי קוניאק זוגלובק.,קילוגרמים,1.00,"ק""ג",true,,89.00,89.0000,true,1,42438
7290000530192,false,נקניק סלמי סרוולד במ,זוגלובק,IL,נקניק סרבלד זוגלובק,קילוגרמים,1.00,"ק""ג",true,,150.00,150.0000,true,1,42439
7290000530260,false,נקניק מרטדלה רחב במשקל,זוגלובק,IL,נקניק מורטדלה זוגלוב,קילוגרמים,1.00,"ק""ג",true,,40.00,40.0000,true,1,42440
7290000530291,false,נקניק מבשר הודו קטן זוגלובק 750 גרם,נקניק נהריה כשר זוגל,IL,זוגלובק נקניק מבשר ה,גרמים,800.00,100 גרם,false,,22.90,2.8625,true,1,42483
7290000530369,false,גולן ח.הודו מעוש.שלם משק,זוגלובק,IL,פסט. גולן 3% זוגלובק,קילוגרמים,1.00,"ק""ג",true,,89.00,89.0000,true,1,42442
7290000530444,false,כתף בקר מעושן אורלנדו מש,זוגלובק,IL,כתף בקר מעושן זוגלוב,קילוגרמים,1.00,"ק""ג",true,,110.00,110.0000,true,1,42443
7290000530468,false,"נקניקיות וינר זוגלובק 1 ק""ג",זוגלובק,IL,נקניקיות וינר טרי 1ק,קילוגרמים,1.00,"ק""ג",false,,32.90,32.9000,true,1,42485
7290000530598,false,נקניקיות עוף וינר זוגלובק 500 גרם,נקניק נהריה כשר זוגל,IL,נקניקיות וינר טרי זו,גרמים,500.00,100 גרם,false,,16.90,3.3800,true,1,42488
7290000530703,false,פסטרמה חרמון כפרית ונקניק תה מעושן זוגלובק 2*400 גרם,נקניק נהריה כשר זוגל,IL,זוג תה 400 + חרמון 4,גרמים,800.00,100 גרם,false,,34.90,4.3625,true,1,42490
7290000531410,false,פסטרממיה בדבש טהור במשקל,זוגלובק,IL,פסט. בדבש טהור 3% זו,קילוגרמים,1.00,"ק""ג",true,,89.00,89.0000,true,1,42445
7290000532400,false,חזה הודו ברביקיו במשקל,זוגלובק,IL,ברביקיו חזה הודו זוג,קילוגרמים,1.00,"ק""ג",true,,89.00,89.0000,true,1,42446
7290000532585,false,נקניק רוסטביף חצוי ב,זוגלובק,IL,רוסטביף 4% זוגלובק,קילוגרמים,1.00,"ק""ג",true,,129.00,129.0000,true,1,42447
7290000532721,false,כתף בקר בפלפל טורו במשקל,זוגלובק,IL,כתף בקר מפולפל טורו,קילוגרמים,1.00,"ק""ג",true,,110.00,110.0000,true,1,42448
7290000533353,false,"בצק עלים צרפתי 1 ק""ג זוגלובק",מאפיית אריאל וגידרון,IL,זוגלובק בצק עלים 1קג,קילוגרמים,1.00,"ק""ג",false,,16.90,16.9000,true,1,42500
7290000534718,false,חזה הודו תבור דל שומן מש,זוגלובק,IL,תבור חזה מעושן ד.ש.,קילוגרמים,1.00,"ק""ג",true,,89.00,89.0000,true,1,42453
7290000534800,false,פסטרמה הודו רומני במשקל,זוגלובק,IL,פסטרמה רומנית 4% זוג,קילוגרמים,1.00,"ק""ג",true,,89.00,89.0000,true,1,42454
7290000534824,false,חזה הודו חרמון(מעוצב)משק,זוגלובק,IL,חרמון 3% זוגלובק במש,קילוגרמים,1.00,"ק""ג",true,,55.00,55.0000,true,1,42455
7290000537566,false,נקניקיות עוף טרי 400 ג' זוגלובק,נקניק נהריה כשר זוגל,IL,נקניקיות עוף טרי 400,גרמים,400.00,100 גרם,false,,13.90,3.4750,true,1,42514
7290000537603,false,"נקניקיות עוף זוגלובק 1 ק""ג",זוגלובק,IL,"נקנקיות עוף 1 ק""ג -ז",קילוגרמים,1.00,"ק""ג",false,,32.90,32.9000,true,1,42515
7290000538099,false,פסטרממיה כפרית במשקל,זוגלובק,IL,פסט. כפרית 1% זוגלוב,קילוגרמים,1.00,"ק""ג",true,,89.00,89.0000,true,1,42459
7290000550494,false,פילה סלמון סטרלינג,,,פילה סלמון סטרלינג,קילוגרמים,1.00,"ק""ג",true,,79.90,79.9000,true,1,17623
7290000552118,false,נקניקיות מרגז טיבון ויל 400 גרם,טיבון ויל אחזקות בעמ,IL,נקנקיות מרגז 400 גרם,גרמים,400.00,100 גרם,false,,23.90,5.9750,true,1,114645
7290000552194,false,קישקע טיבון ויל 500 גרם,טיבון ויל אחזקות בעמ,IL,קישקע קפוא 500 גרם,גרמים,500.00,100 גרם,false,,17.90,3.5800,true,1,18249
7290000552569,false,סטייקבורגר בקר טיבון ויל 400 גרם,"טיבון ויל אחזקות בע""\מ",IL,סטייק בורגר 400 ג'-ט,גרמים,400.00,100 גרם,false,,23.90,5.9750,true,1,18250
7290000554402,false,מעדן חלב מלבי 5% גד 170 גרם,"מיוצר ע""\י קוד יצרן EDNK",IL,"גד מלבי 160 מ""ל",מיליליטרים,160.00,"100 מ""ל",false,,7.00,4.3750,true,1,15387
7290000554457,false,גבינה צפתית במליחות עדינה 5% גד 350 גרם,"מחלבות גד בע""\מ",IL,גד צפתית מיני 5% 350,גרמים,350.00,100 גרם,false,,24.30,6.9429,true,1,15388
7290000554471,false,נקניק מוצרלה 22 אחוז 180גרם גד מהדרין,"מחלבות גד בע""\מ",IL,גד מוצרלה נקניק טבעי,גרמים,180.00,100 גרם,false,,19.80,11.0000,true,1,15389
7290000554532,false,גבינה צפתית מעודנת במלח ים 5% 200 ג' גד,הנסיך- מפעל לייצור ט,IL,גד צפתית מעודנת במלח,גרמים,200.00,100 גרם,false,,16.90,8.4500,true,1,15390
7290000554624,false,מעדן חלב ירח מתוק עם אורז 3% גד 150 גרם,"מיוצר ע""\י קוד יצרן EDNK",IL,גד ירח מתוק 150מל,גרמים,150.00,100 גרם,false,,7.00,4.6667,true,1,15392
7290000554686,false,גבינת לאבנה בתוספת שמן זית וזעתר 5% גד 250 גרם,מחלבות גד בעמ,IL,גד לאבנה בשמן זית וז,גרמים,250.00,100 גרם,false,,17.20,6.8800,true,1,15393
7290000554822,false,גבינת ריקוטה בסגנון איטלקי 5% גד 250 גרם,מחלבות גד בעמ,IL,גד ריקוטה טבעי 5% 25,גרמים,250.00,100 גרם,false,,16.40,6.5600,true,1,15394
7290000554839,false,שמנת מתוקה קשה בסגנון איטלקי 40% שומן 250 ג' גד,מחלבות גד בעמ,IL,גד מסקרפונה 40% 250ג,גרמים,250.00,100 גרם,false,,23.40,9.3600,true,1,15395
7290000560533,false,אדג' ג'ל גילוח ירוק לעור רגיל 198גרם,אס.סי ג'ונסון ובניו,US,ג'ל גילוח ירוק לעור,מיליליטרים,200.00,"100 מ""ל",false,,17.90,8.9500,true,1,6351
7290000561097,false,תערובת פיצוחים מובחרת 150 גרם,,,תערובת פיצוחים 150 ג,גרמים,150.00,100 גרם,false,,17.90,11.9333,true,1,130768
7290000561158,false,תערובת אגוזים וחמוציות 150גר' שקית,,,תערובת בריאות 150 גר,גרמים,150.00,100 גרם,false,,15.90,10.6000,true,1,117583
7290000561202,false,גרעינים חמניה 200 גרם פיצוחי חממה,,,גרעין חמניה קלוי 200,גרמים,200.00,100 גרם,false,,7.90,3.9500,true,1,1599
7290000561233,false,בוטנים קלויים 200 גרם פיצוחי חממה,,,בוטן קלוי 200ג פיצוח,גרמים,200.00,100 גרם,false,,8.90,4.4500,true,1,1601
7290000561578,false,בוטן אמריקאי 200 גרם פיצוחי חממה,,,בוטן אמריקאי 200ג,גרמים,200.00,100 גרם,false,,6.90,3.4500,true,1,117585
7290000561714,false,צנובר 100 גרם פיצוחי חממה,,,צנובר 100 גרם,גרמים,100.00,100 גרם,false,,26.90,26.9000,true,1,1616
7290000561981,false,אגוזי מלך 200 גרם פיצוחי חממה,,,אגוז מלך 200ג,גרמים,200.00,100 גרם,false,,23.90,11.9500,true,1,1622
7290000571119,false,גאודה טבעי בית יצחק,תנובה מרכז שיתופי לש,IL,גאודה טבעי המחלבה,קילוגרמים,1.00,"ק""ג",true,,114.00,114.0000,true,1,27027
7290000571126,false,גבינת גאודה+כמון בית,תנובה מרכז שיתופי לש,IL,גאודה כמון המחלבה,קילוגרמים,1.00,"ק""ג",true,,114.00,114.0000,true,1,27028
7290000571294,false,גבינת גאודה מעושנת ב,מחלבה בית יצחק,IL,גאודה מעושנת המחלבה,קילוגרמים,1.00,"ק""ג",true,,114.00,114.0000,true,1,27030
7290000571406,false,מנות פילה סלמון נורב,,,מנות פילה סלמון נורב,קילוגרמים,1.00,"ק""ג",true,,69.90,69.9000,true,1,99818
7290000572208,false,חלוה בטעם וניל אחווה 100 גרם,שוורצקוף& הנקל דיסלד,IL,חלוה וניל אחוה 100 ג,גרמים,100.00,100 גרם,false,,3.90,3.9000,true,1,644
7290000572529,false,חלוה עם פיסטוק אחווה 400 גרם,אחדות ביחר לטחינה חל,IL,חלוה אגוז אחוה 400 ג,גרמים,400.00,100 גרם,false,,13.90,3.4750,true,1,647
7290000572536,false,אחווה חלווה ווניל במגש 400 גר,אחדות ביחר לטחינה חל,IL,חלוה וניל אחוה 400 ג,גרמים,400.00,100 גרם,false,,12.90,3.2250,true,1,648
7290000572543,false,חלוה בטעם שוקו וניל אחווה 400 גרם,אחדות ביחר לטחינה חל,IL,חלוה בטעם שוקו וניל,גרמים,400.00,100 גרם,false,,12.90,3.2250,true,1,649
7290000572628,false,חטיפי חלווה ללא סוכר בקופסא 250 גרם,שוורצקוף& הנקל דיסלד,IL,חטיפי חלוה ללא תוספת,גרמים,275.00,100 גרם,false,,14.90,5.4182,true,1,651
7290000572673,false,מארז חלווה אחוה 12 יחידות 300 גרם,שוורצקוף& הנקל דיסלד,IL,חטיפי חלוה 50% שומשו,גרמים,300.00,100 גרם,false,,14.90,4.9667,true,1,653
7290000574028,false,לחם שחור מועשר בחומצה פולית וויטמינים דגנים 750 גרם,יוניליוור גרמניה Gm,IL,לחם אחיד פרוס מועשר,גרמים,750.00,100 גרם,false,,8.90,1.1867,true,1,35466
7290000574035,false,לחם אחיד פרוס 750גרם דגנית עין בר,יוניליוור גרמניה Gm,IL,לחם אחיד פרוס דגנית,גרמים,750.00,100 גרם,false,,7.11,0.9480,true,1,5065
7290000574066,false,לחם מלא פלוס שיפון 750 ג' דגנית עין בר,דגנית עין בר תעשיות מזון,IL,לחם מלא עם שיפון דגנ,יחידה,0.00,יחידה,false,,15.90,0.0000,true,1,5068
7290000574141,false,לחם חיטה מלא 750ג' דגנית עין בר,דגנית עין בר תעשיות מזון,IL,לחם חיטה מלאה דגנית,גרמים,750.00,100 גרם,false,,15.90,2.1200,true,1,5072
7290000574172,false,לחם קל מחיטה מלאה 750 ג' דגנית עין בר,דגנית עין בר תעשיות מזון,IL,לחם קל חיטה מלאה דגנ,גרמים,750.00,100 גרם,false,,15.90,2.1200,true,1,5074
7290000574370,false,לחם שיפון אמיתי קל 750 ג' דגנית עין בר,דגנית עין בר תעשיות מזון,IL,לחם שיפון אמיתי קל ד,גרמים,750.00,100 גרם,false,,16.50,2.2000,true,1,5083
7290000574455,false,לחם חיטה מלא פלוס כוסמין 750 ג' דגנית עין בר,פריט ללא פיקוח,IL,לחם חיטה מלא+כוסמין,גרמים,750.00,100 גרם,false,,15.90,2.1200,true,1,5087
7290000578085,false,גבינת מוצרלה 21% ויל,,,גבינת מוצרלה 21% ויל,קילוגרמים,1.00,"ק""ג",true,,58.00,58.0000,true,1,3471
7290000604343,false,תמר דקל נור פרי השמש 400 גר,פרי וירק טמרה ושותפי,,תמר דקל נור 400גר,גרמים,400.00,100 גרם,false,,12.90,3.2250,true,1,55566
7290000614559,false,שריר הזרוע מס' 8 חלק,,,שריר הזרוע מס' 8 חלק,קילוגרמים,1.00,"ק""ג",true,,34.90,34.9000,true,1,227935
7290000618007,false,פילה סלמון פרוס טרי,,,פילה סלמון פרוס טרי,קילוגרמים,1.00,"ק""ג",true,,119.90,119.9000,true,1,334270
7290000618021,false,פילה דניס טרי במגש,,,פילה דניס טרי במגש,קילוגרמים,1.00,"ק""ג",true,,139.90,139.9000,true,1,334222
7290000618038,false,פילה לברק טרי במגש,,,פילה לברק טרי במגש,קילוגרמים,1.00,"ק""ג",true,,139.90,139.9000,true,1,334238
7290000618083,false,פילה אמנון טרי במגש,,,פילה אמנון טרי במגש,קילוגרמים,1.00,"ק""ג",true,,94.90,94.9000,true,1,334143
7290000632220,false,שריר הזרוע מס 8 מוכש,,,שריר הזרוע 8 מוכשר ב,קילוגרמים,1.00,"ק""ג",true,,39.90,39.9000,true,1,55370
7290000644783,false,נתחי פילה סלמון קפוא קג,דגי תנובה,DK,דגי תנובה נתחי פילה,קילוגרמים,1.00,"ק""ג",true,,89.90,89.9000,true,1,27989
7290000646299,false,פילה נסיכת הנילוס 100% דג קפוא תנובה,דגי תנובה,IL,פילה נסיכה 100% דגי,קילוגרמים,1.00,"ק""ג",true,,69.90,69.9000,true,1,163053
7290000652177,false,נתחי פילה נסיכה 100% דג קפוא תנובה,דגי תנובה,IL,נתחי פילה נסיכה 100%,קילוגרמים,1.00,"ק""ג",true,,69.90,69.9000,true,1,96168
7290000652542,false,פילה אמנון קפוא 5-7 קג,דגי תנובה,IL,פילה אמנון 5-7 100%,קילוגרמים,1.00,"ק""ג",true,,39.90,39.9000,true,1,96125
7290000654546,false,פילה אמנון 7-9 100% דג תנובה,תנובה,CN,פילה אמנון 7-9 100%,קילוגרמים,1.00,"ק""ג",true,,39.90,39.9000,true,1,96127
7290000655376,false,פילה דניס קפוא תנובה,דגי תנובה,TR,פילה דניס קפוא,קילוגרמים,1.00,"ק""ג",true,,89.90,89.9000,true,1,63828
7290000659312,false,דגי תנובה פילה סלומון קפוא בוואקום,דגי תנובה,IL,דגי תנובה פילה סלמון,קילוגרמים,1.00,"ק""ג",true,,79.90,79.9000,true,1,27997
7290000662213,false,נתח פילה סלמון קפוא תנובה,תנובה,IL,נתח פילה סלמון קפוא,קילוגרמים,1.00,"ק""ג",true,,89.90,89.9000,true,1,132692
7290000662817,false,סלמון מעושן 100 גרם נורבגי מדג טרי,דגי תנובה,צ'ילה (TDE),סלמון מעושן פרוס 100,גרמים,100.00,100 גרם,false,,21.90,21.9000,true,1,138845
7290000663036,false,פילה אמנון קפוא ללא עור 100% דג תנובה,דגי תנובה,IL,פילה אמנון ללא עור 1,קילוגרמים,1.00,"ק""ג",true,,44.90,44.9000,true,1,163962
7290000663098,false,שווארמה ריב אנטריקות,תנובה בשר,IL,שווארמה אנטריקוט 300,גרמים,300.00,100 גרם,false,,37.90,12.6333,true,1,149281
7290000663104,false,שווארמה פרגית להקפצה,תנובה בשר,IL,שווארמה פרגית להקפצה,גרמים,300.00,100 גרם,false,,37.90,12.6333,true,1,149282
7290000663111,false,רצועות אנטריקוט ריב בתיבול אסיאתי,זוהר בשר,IL,רצועות אנטריקוט בתיב,גרמים,300.00,100 גרם,false,,37.90,12.6333,true,1,150164
7290000663135,false,קוביות סלומון קפוא 100% דג 300 גרם תנובה,"צ'\ילה, Ll MONTT, PUERTO",CL,קוביות סלמון 300 גרם,גרמים,300.00,100 גרם,false,,32.90,10.9667,true,1,184623
7290000679370,false,גרון הודו נקבה ארוז,,,גרון הודו נקבה ארוז,קילוגרמים,1.00,"ק""ג",true,,29.90,29.9000,true,1,125748
7290000680123,false,כנפיים עוף טרי ארוז,,,כנפיים עוף טרי ארוז,קילוגרמים,1.00,"ק""ג",true,,12.90,12.9000,true,1,126032
7290000680130,false,שוקיים עוף טרי ארוז,,,שוקיים עוף טרי ארוז,קילוגרמים,1.00,"ק""ג",true,,34.90,34.9000,true,1,126033
7290000680185,false,פילה עוף טרי ארוז,,,פילה עוף טרי ארוז,קילוגרמים,1.00,"ק""ג",true,,35.90,35.9000,true,1,126038
7290000680451,false,כבד עוף טרי ארוז.,,,כבד עוף טרי ארוז.,קילוגרמים,1.00,"ק""ג",true,,23.90,23.9000,true,1,126031
7290000680468,false,קורקבן עוף טרי ארוז,,,קורקבן עוף טרי ארוז,קילוגרמים,1.00,"ק""ג",true,,11.90,11.9000,true,1,126041
7290000680475,false,לבבות עוף טרי ארוז,,,לבבות עוף טרי ארוז,קילוגרמים,1.00,"ק""ג",true,,29.90,29.9000,true,1,126042
7290000688084,false,מי עדן פקק ספורטאים500מל,"מופק ממקור בזלתי עדן ,1",IL,מי עדן 1/2 ליטר ספור,מיליליטרים,500.00,"100 מ""ל",false,,3.50,0.7000,true,1,12156
7290000688176,false,מים מינרליים בייבי מ,מופק ממקור בזלתי עדן,IL,"מי עדן בייבי 330 מ""ל",מיליליטרים,250.00,"100 מ""ל",false,,2.90,1.1600,true,1,12158
7290000688381,false,שישיית מי עדן פקק ספורט 0.5 ליטר,"מופק ממקור בזלתי עדן ,1",IL,מי עדן פקק ספורט 6*5,ליטרים,3.00,ליטר,false,,15.90,5.3000,true,1,12160
7290000692210,false,נוזל לניקוי כללי ורצפות בניחוח לבנדר אג'קס 2 ליטר,הנסיך- מפעל לייצור ט,GR,אג'קס ניקוי כללי ורצ,ליטרים,2.00,ליטר,false,,24.90,12.4500,true,1,23433
7290000692227,false,נוזל כלים פלמוליב צילינדר קלאסי 1 ליטר,יבואן ומשווק: ש. שסט,GR,פלמוליב לכלים קלאסי-,יחידה,0.00,יחידה,false,,14.90,0.0000,true,1,23434
7290000725600,false,גבינת חריץ סקנדינבית,,,סקנדינבית חריץ מע.,קילוגרמים,1.00,"ק""ג",true,,82.00,82.0000,true,1,27039
7290000731135,false,כתף עגל כשר טרי,,,כתף עגל כשר טרי,קילוגרמים,1.00,"ק""ג",true,,89.90,89.9000,true,1,2123
7290000740212,false,נקניקיות ג'מבו שקיל,,,נקניקיות ג'מבו שקיל,קילוגרמים,1.00,"ק""ג",true,,23.90,23.9000,true,1,42465
7290000835954,false,פילה אמנון 5-7 בוואק,,,פילה אמנון 5-7 בוואק,קילוגרמים,1.00,"ק""ג",true,,32.90,32.9000,true,1,74449
7290000900313,false,פסט. ספרדית ט.צבי מע,,,פסט. ספרדית ט.צבי מע,קילוגרמים,1.00,"ק""ג",true,,89.00,89.0000,true,1,26717
7290000900436,false,טירת צבי פסטרמה איטל,,,פסט.איטלקית ט.צבי מע,קילוגרמים,1.00,"ק""ג",true,,89.00,89.0000,true,1,26720
7290000907970,false,פסטרמה כפרית טירת צב,טירת- צבי,IL,פסטרמה כפרית טירת צב,קילוגרמים,1.00,"ק""ג",true,,53.00,53.0000,true,1,26721
7290000909387,false,ניוקי תפוח אדמה 1 קג,סיאם אלימינטרי,IT,"ניוקי אבאל 1 ק""ג",קילוגרמים,1.00,"ק""ג",false,,11.90,11.9000,true,1,81487
7290000910291,false,פלפל צ`ילי,,,פלפל צ`ילי,גרמים,100.00,100 גרם,false,,7.90,7.9000,true,1,55573
7290000934701,false,טחון עגל כשר טרי,,,טחון עגל כשר טרי,קילוגרמים,1.00,"ק""ג",true,,49.90,49.9000,true,1,2142
7290000982355,false,סיימן צ`דר טריפל למע,,,סיימן צ`דר טריפל למע,קילוגרמים,1.00,"ק""ג",true,,140.00,140.0000,true,1,17767
7290001041147,false,חומוס גדול יבש מיה 1 ק'ג,מיה תעשיות מזון מ.ת.מ. ב,IL,חומוס 1 ק'ג,קילוגרמים,1.00,"ק""ג",false,,13.90,13.9000,true,1,52398
7290001041161,false,"שעועית לבנה יבשה מיה 1 ק""ג",מיה תעשיות מזון מ.ת.מ. ב,IL,שעועית 1 ק'ג,קילוגרמים,1.00,"ק""ג",false,,15.90,15.9000,true,1,52400
7290001041192,false,"עדשים אדומים יבשים מיה 1 ק""ג",מיה תעשיות מזון מ.ת.מ. ב,IL,עדשים אדומות 1 ק'ג,קילוגרמים,1.00,"ק""ג",false,,13.90,13.9000,true,1,52403
7290001041208,false,"עדשים ירוקים יבשים מיה 1 ק""ג",מיה תעשיות מזון מ.ת.מ. ב,IL,עדשים ירוקות 1 ק'ג,קילוגרמים,1.00,"ק""ג",false,,13.90,13.9000,true,1,52404
7290001041215,false,"מיה חיטה 1 ק""ג",מיה תעשיות מזון מ.ת.מ. ב,IL,חיטה 1 ק'ג,קילוגרמים,1.00,"ק""ג",false,,9.20,9.2000,true,1,52405
7290001041260,false,שומשום מיה 400 גרם,מיה תעשיות מזון מ.ת.מ. ב,IL,שומשום מיה 400 גרם,גרמים,400.00,100 גרם,false,,13.90,3.4750,true,1,15590
7290001045169,false,מיץ תפוחי עץ צלול פרימור 1 ליטר,"גניר (1992) בע""מ",IL,פרימור מיץ תפוחים צל,ליטרים,1.00,ליטר,false,,17.20,17.2000,true,1,24774
7290001045688,false,"מיץ תפוזים סחוט פרימור 400 מ""ל",פרימור,IL,פרימור מיץ תפוזים 40,מיליליטרים,400.00,"100 מ""ל",false,,8.50,2.1250,true,1,24779
7290001121054,false,צמד חמד פסטרמה וסלמי יחיעם 700 גרם,תאי פרזידנט פוד פאבל,IL,יחיעם צמד חמד 700 גר,גרמים,700.00,100 גרם,false,,31.60,4.5143,true,1,16401
7290001121238,false,נקניק קורנדביף 4% יחיעם 180 גרם,מעדני יחיעם 1993,IL,יחיעם קורנד ביף 180,גרמים,180.00,100 גרם,false,,26.90,14.9444,true,1,16403
7290001121849,false,פסטרמה ברביקיו יחיעם 250 גרם ר.טבעיים,מעדני יחיעם 1993,IL,יחיעם פסטרמה הודו טב,גרמים,250.00,100 גרם,false,,28.90,11.5600,true,1,16408
7290001121979,false,נקניק סלמי הרץ מעדני יחיעם 150 גרם,תאי פרזידנט פוד פאבל,IL,יחיעם סלמי הרץ 150ג,גרמים,150.00,100 גרם,false,,27.00,18.0000,true,1,114643
7290001123775,false,שווארמה אמיתית פרגיות טיבון ויל 500 גרם,"טיבול ויל אחזקות בע""",IL,שווארמה פרגיות 500 ג,גרמים,500.00,100 גרם,false,,26.90,5.3800,true,1,18261
7290001123782,false,שווארמה אמיתית הודו טיבון ויל 500 גרם,טיבון ויל - נטו,IL,שווארמה הודו 500 גרם,גרמים,500.00,100 גרם,false,,26.90,5.3800,true,1,18262
7290001136287,false,"שמפו לשיער רגיל בבושם פרחים נקה 7 750 מ""ל","אמיליה קוסמטיקס בע""מ",IL,שמפו רגיל ירוק נקה 7,מיליליטרים,750.00,"100 מ""ל",false,,12.90,1.7200,true,1,31916
7290001136294,false,"שמפו לשיער יבש בבישום פרחים נקה 7 750 מ""ל","אמיליה קוסמטיקס בע""מ",IL,שמפו יבש אדום נקה 7,מיליליטרים,750.00,"100 מ""ל",false,,12.90,1.7200,true,1,31917
7290001136362,false,נקה 7 תחליב רחצה אלוורה ארומה ירוק 1 ל',מיוצר בסין.יבוא ושיו,IL,תחליב רחצה אלוורה ות,יחידה,0.00,יחידה,false,,16.90,0.0000,true,1,31919
7290001136683,false,"מרכך לשיער רגיל בבושם פרחים נקה 7 750 מ""ל","אמיליה קוסמטיקס בע""מ",IL,מרכך רגיל ירוק נקה 7,מיליליטרים,750.00,"100 מ""ל",false,,12.90,1.7200,true,1,31921
7290001136799,false,נקה 7 תחליב רחצה ארומה ורוד יסמין 1 ל',מיוצר בסין.יבוא ושיו,IL,תחליב רחצה ורד ויסמי,יחידה,0.00,יחידה,false,,16.90,0.0000,true,1,31922
7290001136973,false,נקה 7 תחליב רחצה ארומה קמומיל לבן 1 ל',טרופיקל דגיל תעשיות,IL,תחליב רחצה קמומיל נק,יחידה,0.00,יחידה,false,,16.90,0.0000,true,1,31923
7290001164389,false,סויה קלוי ללא סוכר 200גר,,IL,סויה קלויה ללא מלח 2,גרמים,200.00,100 גרם,false,,9.90,4.9500,true,1,123264
7290001201589,false,ביצים ארוזות L 12 יחידות,"מ.לסר בע""מ",IL,12 ביצים L מ.לסר,יחידה,0.00,יחידה,false,,12.05,0.0000,true,1,14584
7290001201596,false,ביצים 12\m בינוני-מחיר בפיקוח,שופרסל,IL,12 ביצים M מ.לסר,יחידה,0.00,יחידה,false,,11.15,0.0000,true,1,14585
7290001201657,false,ביצים אומגה M/30 בינוני ארוז,לסר,IL,30 ביצים M אומגה 3 מ,יחידה,0.00,יחידה,false,,47.90,0.0000,true,1,14589
7290001201824,false,תבנית ביצים 12 יח' לארג' אורגני,מ.לסר,IL,12 ביצים L אורגני מ,יחידה,0.00,יחידה,false,,23.90,0.0000,true,1,14592
7290001201862,false,ביצי חופש לארג' 12 יחידות,מ.לסר,IL,12 ביצים חופש L מ. ל,יחידה,0.00,יחידה,false,,19.90,0.0000,true,1,14594
7290001201893,false,ביצים אומגה M/12 ארוז,,,12 ביצים M אומגה 3,יחידה,0.00,יחידה,false,,17.90,0.0000,true,1,96603
7290001216040,false,טחינה גולמית שומשום טהור אל ארז 500 גרם,אגס ירוק מסחר ושירותים,IL,טחינה אל ארז 100% שו,גרמים,500.00,100 גרם,false,,18.90,3.7800,true,1,38174
7290001216057,false,"טחינה שומשום טהור אל ארז 1 ק""ג",אגס ירוק מסחר ושירותים,IL,טחינה אל ארז 100% שו,קילוגרמים,1.00,"ק""ג",false,,32.90,32.9000,true,1,38175
7290001216231,false,טחינה גולמית שומשום מלא אל ארז 500 גרם,אגס ירוק מסחר ושירותים,IL,טחינה מלאה 100% שומש,גרמים,500.00,100 גרם,false,,19.90,3.9800,true,1,114699
7290001246108,false,"תרסיס מסיר אבנית 750 מ""ל טאצ'",,,תרסיס מסיר אבנית 750,מיליליטרים,750.00,"100 מ""ל",false,,13.90,1.8533,true,1,158439
7290001246528,false,מרכך כביסה מרוכז פרפיום מיסטרי טאצ' 1 ל',סאסאטק,IL,מרכך כביסה מרוכז פרפ,ליטרים,1.00,ליטר,false,,13.90,13.9000,true,1,37548
7290001247068,false,קרטונית נקטר ספרינג תות בננה 1 ליטר,יפאורה שותפות מובגלת לשיווק,IL,ספרינג תות בננה קרטו,ליטרים,1.00,ליטר,false,,7.90,7.9000,true,1,12165
7290001247082,false,מיץ עגבניות רכיבים טבעיים ספרינג 1 ליטר,יפאורה שותפות מובגלת לשיווק,IL,ספרינג עגבניות קרטונ,ליטרים,1.00,ליטר,false,,7.90,7.9000,true,1,12167
7290001247099,false,קרטונית נקטר ספרינג מנגו 1 ליטר,יפאורה שותפות מובגלת לשיווק,IL,ספרינג מנגו קרטונית,ליטרים,1.00,ליטר,false,,7.90,7.9000,true,1,12168
7290001247105,false,קרטונית נקטר ספרינג אפרסק 1 ליטר,יפאורה שותפות מובגלת לשיווק,IL,ספרינג נקטר אפרסק 1ל,ליטרים,1.00,ליטר,false,,7.90,7.9000,true,1,12169
7290001247112,false,קרטונית נקטר ספרינג לימונענע 1 ליטר,יפאורה שותפות מובגלת לשיווק,IL,ספרינג לימונענע קרטו,ליטרים,1.00,ליטר,false,,7.90,7.9000,true,1,12170
7290001247129,false,נקטר ספרינג תפוזים קרטונית 1 ל',יפאורה שותפות מובגלת לשיווק,IL,ספרינג תפוז קרטונית,ליטרים,1.00,ליטר,false,,7.90,7.9000,true,1,12171
7290001247143,false,קרטונית נקטר ספרינג תפוחים 1 ליטר,יפאורה שותפות מובגלת לשיווק,IL,ספרינג תפוח קרטונית,ליטרים,1.00,ליטר,false,,7.90,7.9000,true,1,12173
7290001305058,false,"פלמוליב - נטורלס תחליב רחצה חלב ודבש 500 מ""ל",הנסיך- מפעל לייצור ט,TR,סבון נוזלי חלב ודבש,מיליליטרים,500.00,"100 מ""ל",false,,17.90,3.5800,true,1,23445
7290001343845,false,"גרנולה פירות 1 ק""ג - 845 - ורוד שקדיה",הנסיך- מפעל לייצור ט,IL,גרנולה שיבולת שועל ע,קילוגרמים,1.00,"ק""ג",false,,19.90,19.9000,true,1,118171
7290001407127,false,פרוסות חלבה קלאסית בטעם וניל בארכה 400 גרם,רושדי תעשיות מזון בע,IL,פרוסות חלבה וניל באר,גרמים,400.00,100 גרם,false,,19.20,4.8000,true,1,21317
7290001407547,false,טחינה גולמית משומשום מלא פי 6 בארכה 500ג',"רושדי תעשיות מזון בע""\מ",IL,בארכה טחינה שומשום מ,גרמים,500.00,100 גרם,false,,19.20,3.8400,true,1,21321
7290001407769,false,טחינה גולמית שומשום מלא בארכה 500 גרם,"רושדי תעשיות מזון בע""\מ",IL,בארכה טחינה עם שומשו,גרמים,500.00,100 גרם,false,,19.20,3.8400,true,1,21324
7290001407813,false,חלבה שאמית פיסטוק בקטנה בארכה 350ג',"רושדי תעשיות מזון בע""\מ",IL,חלבה שאמית וניל עם פ,גרמים,350.00,100 גרם,false,,15.90,4.5429,true,1,21325
7290001407844,false,חלבה קלאסית בטעם וניל בארכה 350 גרם,"רושדי תעשיות מזון בע""\מ",IL,חלבה קלאסית וניל באר,גרמים,350.00,100 גרם,false,,19.20,5.4857,true,1,21328
7290001407936,false,בארכה-טחינה גולמית מעודנת בקבוק לחיץ 310 ג',"רושדי תעשיות מזון בע""\מ",IL,בארכה טחינה מעודנת 3,גרמים,310.00,100 גרם,false,,13.90,4.4839,true,1,21329
7290001419618,false,וופל בלגי עלמה שחור לבן וניל 200ג',"גילרו בע""מ",IL,וופל עלמה בלגי שוקו,גרמים,200.00,100 גרם,false,,4.90,2.4500,true,1,48388
7290001419779,false,וופל שוקו' עלמה קלאסי 200 גר,"גילרו בע""מ",IL,וופל עלמה קלאסי 200,גרמים,200.00,100 גרם,false,,4.90,2.4500,true,1,48389
7290001427033,false,מיץ תפוחים רכיבים טב,"פריניב בע""מ",IL,קשת מיץ תפוחים טבעי,ליטרים,1.00,ליטר,false,,17.90,17.9000,true,1,82878
7290001436790,false,נקנקיות מרגז מיני אקסטרה חריף ארוז בלדי 500 ג',יוליניבר,IL,מרגז מיני אקסטרה חרי,גרמים,500.00,100 גרם,false,,30.90,6.1800,true,1,223939
7290001459911,false,"לקט ירקות העונה 800 גרם בד""ץ עדה חרדית",פספרוסט,BE,לקט ירקות העונה בלדי,גרמים,800.00,100 גרם,false,,12.90,1.6125,true,1,324013
7290001459935,false,"אפונה 800 גרם בד""ץ עדה חרדית",פספרוסט,BE,אפונה בלדי 800 גרם,גרמים,800.00,100 גרם,false,,12.90,1.6125,true,1,323965
7290001459942,false,"אפונה וגזר 800 גרם ארוז בד""ץ עדה חרדית",פספרוסט,BE,אפונה וקוביות גזר בל,גרמים,800.00,100 גרם,false,,12.90,1.6125,true,1,323981
7290001482186,false,אננס חתוך בסירופ קל ויליפוד 565 גרם,הנסיך- מפעל לייצור ט,TH,אננס חתוך ויליפוד 56,גרמים,565.00,100 גרם,false,,6.90,1.2212,true,1,140489
7290001482186,false,אננס חתוך בסירופ קל ויליפוד 565 גרם,הנסיך- מפעל לייצור ט,TH,אננס חתוך ויליפוד 56,גרמים,565.00,100 גרם,false,,6.90,1.2212,true,1,140489
7290001485019,false,גבינת קרם שמנת טבעי 5% טרה 200 גרם,קריות זול,IL,טרה גבינת שמנת טבעי,גרמים,200.00,100 גרם,false,,12.60,6.3000,true,1,7087
7290001491010,false,תה ירוק יסמין ויסוצקי 25 יחידות,תה ויסוצקי,IL,תה ירוק עם יסמין T.T,גרמים,37.50,100 גרם,false,,26.90,71.7333,true,1,26083
7290001491096,false,תה ירוק בתוספת לימונית ולואיזה 50 שקיקים ויסוצקי,תה ויסוצקי,IL,תה ירוק בתוספת לימונ,גרמים,75.00,100 גרם,false,,49.50,66.0000,true,1,26084
7290001552049,false,קוסקוס מרוקאי קפוא 800 גר,מטעמי פאר,IL,מטעמי פאר קוסקוס מרו,גרמים,800.00,100 גרם,false,,16.80,2.1000,true,1,119091
7290001567760,false,פסטרמה של פעם יחיעם 300 גרם,מעדני יחיעם,IL,פסטרמה של פעם 300 גר,גרמים,300.00,100 גרם,false,,28.90,9.6333,true,1,16420
7290001567814,false,סלמי מעושן בסגנון איטלקי 300 ג' יחיעם,מעדני יחיעם,IL,סלמי מעושן בסגנון אי,גרמים,300.00,100 גרם,false,,24.90,8.3000,true,1,16425
7290001591703,false,קבב אנגוס עגול טיבון ויל 500 גרם,טיבון ויל,IL,קבב בקר אנגוס עגול ט,גרמים,500.00,100 גרם,false,,24.90,4.9800,true,1,258476
7290001591710,false,המבורגר אנגוס טיבון ויל 600 גרם,טיבון ויל,IL,המבורגר אנגוס טיבון,גרמים,600.00,100 גרם,false,,24.90,4.1500,true,1,258477
7290001591734,false,נקניקיה מרגז בסגנון מרוקאי טיבון ויל 500 גרם,טיבון ויל,IL,נקניקיות מרגז בסגנון,גרמים,500.00,100 גרם,false,,24.90,4.9800,true,1,258479
7290001594230,false,קינלי סודה בבקבוק זכוכית,החברה המרכזית לייצור,IL,סודה קינלי 250 מ'ל,מיליליטרים,250.00,"100 מ""ל",false,,3.90,1.5600,true,1,7101
7290001594377,false,פריגת תפוזים 0.5 ליטר חייב בפקדון,מבשלות בירה בינלאומיות ב,IL,פריגת משקה תפוזים 50,מיליליטרים,500.00,"100 מ""ל",false,,7.90,1.5800,true,1,7564
7290001594544,false,"בירה שחורה מאלטי בקבוק 330מ""ל",קרלסברג ישראל,,מאלטי בקבוק פקדון 33,מיליליטרים,330.00,"100 מ""ל",false,,5.00,1.5152,true,1,66921
7290001594810,false,"בירה שחורה מאלטי בקב' מארז 330X6מ""ל",החברה המרכזית לייצור משקאות,IL,מאלטי טובורג בקבוק 6,ליטרים,1.98,ליטר,false,,36.30,18.3333,true,1,66923
7290001594858,false,"שישייה בירה טובורג רד בקבוק 330 מ""ל",מבשלות בירה בינלאומיות ב,IL,טובורג רד בקבוק פקדו,ליטרים,1.98,ליטר,false,,44.90,22.6768,true,1,7576
7290001594865,false,"שישייה בירה קרלסברג בקבוק 330 מ""ל",מבשלות בירה בינלאומיות ב,IL,קרלסברג בירה בקבוק 6,ליטרים,1.98,ליטר,false,,44.90,22.6768,true,1,7577
7290001648643,false,מארז קפה טורקי כתר 100X3 גרם,רוני רג'ואן ושות,IL,כתר קפה טורקי 3*100ג,גרמים,300.00,100 גרם,false,,13.90,4.6333,true,1,135986
7290001670057,false,כפיות לבן 100 יחידות,הנמל אריזות ושיווק ב,IL,.סכום ח.פ.כפיות 100י,יחידה,0.00,יחידה,false,,13.90,0.0000,true,1,8285
7290001670255,false,כוס קרטון לשתייה חמה 50 יחידות,הנמל,,כוסות שתיה חמה 50 יח,יח',50.00,יח',false,,10.90,0.2180,true,1,8294
7290001696729,false,פקאן טבעי 100 גרם פיצוחי חממה,,,פקאן טבעי 100 גרם,גרמים,100.00,100 גרם,false,,16.90,16.9000,true,1,1629
7290001696736,false,פקאן סיני 100 גרם פיצוחי חממה,,,פקאן סיני 100 גרם,גרמים,100.00,100 גרם,false,,18.90,18.9000,true,1,1630
7290001713242,false,עלמה שקיות אשפה 25 יחידות 75*90 עם ידית,אסיר פלסט,TR,"שקיות אשפה 25 י""ח 75",יחידה,0.00,יחידה,false,,13.90,0.0000,true,1,261099
7290001780428,false,גלידיאט שלגון מצופה נסטלה 312 גרם מארז 6 יחידות,גלידות נסטלה )נגה גלידות,IL,נסטלה לייט 6 שלגוני,גרמים,312.00,100 גרם,false,,32.90,10.5449,true,1,16942
7290001791349,false,פיסגה אקונומיקה ריחנית סנו 4 ליטר,"סנו מפעלי ברונוס בע""מ",IL,אקונומיקה ריחנית פסג,ליטרים,4.00,ליטר,false,,12.90,3.2250,true,1,31988
7290001791356,false,"פרש מבשם אויר אוטומטי בניחוח לבנדר סנו 250 מ""ל",סנו מפעלי ברונוס בעמ,IL,סנו פרש אוטומטיק ברי,גרמים,165.00,100 גרם,false,,16.90,10.2424,true,1,31989
7290001808061,false,פרגית עם עצם טרי במר,,,פרגית עם עצם טרי במר,יחידה,0.00,יחידה,false,,39.90,0.0000,true,1,139840
7290001808085,false,כנפיים טרי במרינדה-ל,,,כנפיים טרי במרינדה-ל,יחידה,0.00,יחידה,false,,19.90,0.0000,true,1,139846
7290001817377,false,צ'יטוס חטיף איקס עיגול פיצה 60 גרם,"שטראוס פריטו ליי בע""\מ )",IL,ציטוס איקס עיגול 60ג,גרמים,60.00,100 גרם,false,,3.90,6.5000,true,1,25347
7290001817728,false,צ'יטוס אפוי כאפה בטעם קטשופ 55 גרם,"שטראוס פריטו ליי בע""\מ )",IL,ציטוס כאפה 55 גרם,גרמים,55.00,100 גרם,false,,3.90,7.0909,true,1,25349
7290001865439,false,פמילי אל סבון נוזלי בניחוח וניל 1 ליטר,אף.סי תבליני בגליל ב,IL,סבון נוזלי וניל + מש,יחידה,0.00,יחידה,false,,11.90,0.0000,true,1,6372
7290001865453,false,פמילי לקשרי 1 ליטר לבנדר ארומטי+משאבה,מיוצר עי קונדיטוריית,TR,סבון נוזלי לבנדר+ מש,יחידה,0.00,יחידה,false,,11.90,0.0000,true,1,6373
7290001873441,false,המבורגר בלאק אנגוס 320 גרם,טיבון ויל אחזקות בעמ,IL,המבורגר בלאק אנגוס 3,גרמים,320.00,100 גרם,false,,24.90,7.7812,true,1,59917
7290001873458,false,סטייקבורגר בלאק אנגוס 320 גרם,טיבון ויל אחזקות בעמ,IL,סטייק בורגר בלאק אנג,גרמים,320.00,100 גרם,false,,24.90,7.7812,true,1,59918
7290001990117,false,שומשום סוגת 100 גרם,האי נאם סי או אל.טי.,IL,שומשום 100 גרם,גרמים,100.00,100 גרם,false,,3.90,3.9000,true,1,19393
7290001990278,false,"שעועית לבנה סוגת 1 ק""ג","סוגת תעשיות בע""\מ",IL,סוגת שעועית לבנה 1 ק,קילוגרמים,1.00,"ק""ג",false,,19.90,19.9000,true,1,19396
7290001990391,false,אפונה יבשה 1קג סוגת,"סוגת תעשיות בע""\מ",IL,"אפונה 1 ק""ג",קילוגרמים,1.00,"ק""ג",false,,13.90,13.9000,true,1,19398
7290001990407,false,"עדשים ירוקים 1 ק""ג סוגת","סוגת תעשיות בע""\מ",IL,עדשים ירוקים 1 קג,קילוגרמים,1.00,"ק""ג",false,,16.90,16.9000,true,1,19399
7290001990414,false,"עדשים אדומים 1 ק""ג סוגת","סוגת תעשיות בע""\מ",IL,סוגת עדשים אדומים 1,קילוגרמים,1.00,"ק""ג",false,,16.90,16.9000,true,1,114650
7290001990421,false,"פופקורן גרעינים סוגת 1 ק""ג","סוגת תעשיות בע""\מ",IL,"סוגת פופקורן 1 ק""ג",קילוגרמים,1.00,"ק""ג",false,,11.90,11.9000,true,1,19401
7290002007357,false,שקיות צליה דליקטס מיקרוגל הנמל 10 יח',הנמל,IL,שקיות לצליה דליקטס מ,יחידה,0.00,יחידה,false,,5.90,0.0000,true,1,8317
7290002007890,false,כוסות שתייה קרה 100 יח` 200 PP מל`,אריזות מדף - פלזית,IL,כוס שתיה קרה 100 יח,יחידה,0.00,יחידה,false,,12.90,0.0000,true,1,8332
7290002007975,false,"צלחות קטנות ח""פ הנמל 50 יח'",אריזות מדף - פלזית,IL,צלחות קטן 50יח,יחידה,0.00,יחידה,false,,13.90,0.0000,true,1,8334
7290002007999,false,"צלחות גדולות ח""פ הנמל 50 יח'",אריזות מדף - פלזית,IL,צלחות גדול 50יח הנמל,יחידה,0.00,יחידה,false,,16.90,0.0000,true,1,8336
7290002008224,false,סוכריות לקישוט צבעונית הנמל 100 ג',ממתקי עלה בעמ,IL,קישוט לעוגה גליד.,גרמים,60.00,100 גרם,false,,6.90,11.5000,true,1,8351
7290002008507,false,נייר אפיה הנמל 50 יחידות,הנמל אריזות ושיווק ב,IL,נייר אפיה 50יח,יחידה,0.00,יחידה,false,,9.90,0.0000,true,1,8361
7290002008743,false,סוכר וניל עשירייה הנמל 100 גרם,"מיוצר וארוז ע""י: ר.ס",IL,סוכר וניל 10*10 גרם,גרמים,100.00,100 גרם,false,,3.90,3.9000,true,1,114601
7290002008750,false,אבקת אפיה עשירייה הנמל 100 גרם,"מיוצר ע""י:ר.ס. חברה",IL,אבקת אפיה 10*10 גרם,גרמים,100.00,100 גרם,false,,3.90,3.9000,true,1,8367
7290002008989,false,קישקשים קשים לשתיה 225יח הנמל,שיווק: הנמל אריזות ושיוו,CN,קישקשים 225 יח,יחידה,0.00,יחידה,false,,10.90,0.0000,true,1,8375
7290002043218,false,אקסטרה צ'יפס אורז חום מלא מלח 60 גרם,נוהלס ג'\י אס סי.,BG,אקסטרא צ'יפס מלח ואו,גרמים,60.00,100 גרם,false,,9.40,15.6667,true,1,144608
7290002043225,false,אקסטרה צ'יפס אורז חום מלא פפריקה 60 גרם,נוהלס ג'\י אס סי.,BG,צ'יפס פפריקה אקסטרה,גרמים,60.00,100 גרם,false,,9.40,15.6667,true,1,103525
7290002053538,false,נודלס בסגנון תאילנדי 25 תוספת אוריינטל 500 גרם,פ.פ.ח. טאביה ספ זאו.או,PL,נודלס אוריינט 400 גר,גרמים,500.00,100 גרם,false,,14.90,2.9800,true,1,34045
7290002057031,false,זיתים מבוקעים פיקנטי קבוצת יבנה 340 גרם,קבוצת יבנה,IL,זיתים מבוקעים פיקנטי,גרמים,560.00,100 גרם,false,,9.90,1.7679,true,1,30138
7290002057048,false,זית יבנה סורי מבוקע בשמן זית 340 גרם,קבוצת יבנה,IL,זית סורי מבוקע יבנה,גרמים,540.00,100 גרם,false,,12.90,2.3889,true,1,30139
7290002057123,false,זיתים ירוקים מנזנילו קבוצת יבנה 560 גרם,קבוצת יבנה,IL,זיתים חרוזית ירוק קב,גרמים,275.00,100 גרם,false,,10.90,3.9636,true,1,30145
7290002057185,false,טבעות זיתים ירוקים קבוצת יבנה 560 גרם,קבוצת יבנה,IL,טבעות זיתים ירוקים ק,גרמים,540.00,100 גרם,false,,9.90,1.8333,true,1,30149
7290002057352,false,מלפפונים במלח ‏9‏-‏7‏ קבוצת יבנה 320 גרם,קבוצת יבנה מוצרי מזון,IL,מלפפונים במלח 7-9 ק,גרמים,560.00,100 גרם,false,,7.90,1.4107,true,1,30154
7290002057376,false,מלפפונים במלח ‏17‏-‏13‏ קבוצת יבנה 320 גרם,קבוצת יבנה,IL,מלפפון במלח 13-17 קב,גרמים,560.00,100 גרם,false,,10.90,1.9464,true,1,30156
7290002057475,false,מלפפונים בחומץ ‏17‏-‏13 קבוצת יבנה 290 גרם,קבוצת יבנה,IL,מלפפון בחומץ 13-17 ק,גרמים,560.00,100 גרם,false,,10.90,1.9464,true,1,30161
7290002057604,false,פלפל חריף שיפקה קבוצת יבנה 225 גרם.,קבוצת יבנה,IL,פלפל חריף שיפקה קבוצ,גרמים,560.00,100 גרם,false,,6.90,1.2321,true,1,30164
7290002065555,false,שישיית לחמנייה הכי רכה בהפסקה אנג'ל 450 גרם,מאפיית שלמה א. אנג'\ל בע,IL,6 לחמניות רכות אנגל,גרמים,450.00,100 גרם,false,,11.90,2.6444,true,1,69797
7290002065616,false,לחם שיפון גרעינים פרוס אחדות 750 גרם,מאפיית שלמה א. אנג'\ל בע,IL,שיפון גרעינים אנגל 7,גרמים,750.00,100 גרם,false,,14.90,1.9867,true,1,69798
7290002065623,false,לחם שיפון של פעם כפרי פרוס אורנים 750 גרם,מאפיית שלמה א. אנג'\ל בע,IL,לחם שיפון כפרי אנגל,גרמים,750.00,100 גרם,false,,14.90,1.9867,true,1,69799
7290002077725,false,סלומון נורווגי מצונן דלידג 100ג',וי קינג V King,IL,סלמון מעושן 100 גרם,גרמים,100.00,100 גרם,false,,22.90,22.9000,true,1,114646
7290002079033,false,לחם דגנים לייט פרוס 500 גרם,מאפיית דוידוביץ ובניו בע,IL,לחם דגנים לייט ללא ת,גרמים,500.00,100 גרם,false,,16.90,3.3800,true,1,349805
7290002079354,false,פרורים מוזהבים שקית,,,פרורים מוזהבים שקית,גרמים,200.00,100 גרם,false,,5.90,2.9500,true,1,353615
7290002079996,false,לחם אחיד קל פרוס 750 גרם,מאפיית דוידוביץ ובני,IL,לחם אחיד קל מאפיית ד,גרמים,750.00,100 גרם,false,,16.90,2.2533,true,1,350447
7290002107385,false,גליל גבינת עיזים מה עז משק צוריאל 180 גרם,מחלבת משק צוריאל,IL,צוריאל גליל גבינת עי,גרמים,180.00,100 גרם,false,,26.90,14.9444,true,1,7108
7290002107491,false,גבינה לבנה מחלב עיזים למריחה 5% משק צוריאל 250 גרם,מחלבת משק צוריאל,IL,צוריאל גבינת עזים למ,גרמים,250.00,100 גרם,false,,16.90,6.7600,true,1,7110
7290002109372,false,בורקס פילו אצבעות בולגרי 700 ג' שלושת האופים,שלושת האופים שגמור,IL,בורקס פילו אצבעות בו,גרמים,700.00,100 גרם,false,,21.90,3.1286,true,1,119191
7290002109488,false,קבב 100% אמיתי טיבון ויל 440 גרם,"טיבון ויל אחזקות בע""\מ",IL,קבב אמיתי 100% 440 ג,גרמים,440.00,100 גרם,false,,23.90,5.4318,true,1,18302
7290002111085,false,"רוטב עגבניות 22% ""פרי מבורך"" 100 גרם","זנלכל בע""\מ",IL,רוטב עגבניות 22% פרי,גרמים,100.00,100 גרם,false,,2.50,2.5000,true,1,9377
7290002111313,false,עגבניות קוביות A2.5 פרי מבורך 800ג' בדצ,פרי מבורך,IL,עגבניות קוביות פרי מ,גרמים,800.00,100 גרם,false,,10.90,1.3625,true,1,9381
7290002111337,false,"רוטב עגבניות 22% ""פרי מבורך"" 240 גרם","זנלכל בע""\מ",IL,רוטב עגבניות 22% פרי,גרמים,240.00,100 גרם,false,,5.50,2.2917,true,1,114614
7290002111634,false,חומוס שלם פרי מבורך 290 גרם,"זנלכל בע""\מ",IL,חומוס שלם פרי מבורך,גרמים,550.00,100 גרם,false,,9.90,1.8000,true,1,9386
7290002129455,false,פיצה איטלקית XL גדולה שלושת האופים 450 גרם,,IT,פיצה איטלקית 450 ג,גרמים,450.00,100 גרם,false,,21.90,4.8667,true,1,119192
7290002130567,false,דבש דבורים טהור פרחי בר יד מרדכי 350 גרם,מכוורת יד מרדכי שטראוס ב,IL,דבש טהור מפרחי בר בצ,גרמים,350.00,100 גרם,false,,21.90,6.2571,true,1,24086
7290002130574,false,דבש טהור מפרחי בר בזכוכית 500 ג' יד מרדכי,מכוורת יד מרדכי שטראוס ב,IL,דבש טהור מפרחי בר בצ,גרמים,500.00,100 גרם,false,,30.80,6.1600,true,1,24087
7290002130581,false,"דבש טהור יד מרדכי 1 ק""ג",מכוורת יד מרדכי שטראוס ב,IL,דבש טהור מפרחי בר בצ,קילוגרמים,1.00,"ק""ג",false,,48.80,48.8000,true,1,24088
7290002190516,false,"ריבת חלב גלעם-קומידה 500ג' 12X-כשל""פ",אשבל מזון פונקציונלי בע\,IL,ממרח ריבת חלב קומידה,גרמים,500.00,100 גרם,false,,15.50,3.1000,true,1,26322
7290002253006,false,שום כתוש דורות בצנצנת 200 גרם,עיצובים 2020 (3.8),IL,דורות שום כתוש טרי 2,גרמים,200.00,100 גרם,false,,17.90,8.9500,true,1,22098
7290002253105,false,קוביות שום כתוש טרי דורות 80 גרם,עיצובים 2020 (3.8),IL,דורות מגשית קוביות ש,גרמים,80.00,100 גרם,false,,14.90,18.6250,true,1,22101
7290002253198,false,ג'ינג'ר טרי כתוש במגשית 70 ג' דורות,עיצובים 2020 (3.8),IL,דורות ג'ינג'ר טרי כת,גרמים,70.00,100 גרם,false,,12.30,17.5714,true,1,114658
7290002255048,false,קובה למרק במילוי בשר,חטיפי אלקיים בעמ,IL,קובה למרק במילוי בשר,גרמים,800.00,100 גרם,false,,23.90,2.9875,true,1,118532
7290002255215,false,"עלי סיגר מרובע בד""צ",חטיפי אלקיים בעמ,IL,עלים לסיגר 500ג,גרמים,500.00,100 גרם,false,,11.90,2.3800,true,1,67073
7290002255284,false,"קובה חמוסטה בד""צ חטי",חטיפי אלקיים בעמ,IL,"קובה חמוסטה בד""צ חטי",גרמים,800.00,100 גרם,false,,23.90,2.9875,true,1,118539
7290002259664,false,רדיד אלומיניום דיימונד גדול 60X0.60מ',ריינולדס מוצרי צריכה,US,רדיד אלומניום 30*60.,מטרים,60.90,מטר,false,,59.90,0.9836,true,1,4416
7290002263180,false,"מימון בהרט שקית 1 ק""",,,"מימון בהרט שקית 1 ק""",קילוגרמים,1.00,"ק""ג",false,,56.70,56.7000,true,1,147556
7290002277248,false,גבינת מון בלאן עם זעתר 120ג',שלושת האופים,IL,גבינת מון בלאן זעתר,גרמים,120.00,100 גרם,false,,12.90,10.7500,true,1,359608
7290002278528,false,כריות ניקוי שבתכלין ביאנקו שייני 2 יחידות,מ.א ייצור ושיווק מטל,IL,כריות ניקוי כלים לשב,יחידה,0.00,יחידה,false,,8.90,0.0000,true,1,14442
7290002304203,false,קונפיטורה ביתית תות לייט 600 גר,ענבי ציון,IL,קונפיטורה ביתית תות,גרמים,600.00,100 גרם,false,,27.20,4.5333,true,1,149764
7290002304234,false,קונפיטורה ביתית אוכמניות לייט 600 גר,ענבי ציון,IL,קונפיטורה אוכמניות ל,גרמים,600.00,100 גרם,false,,27.20,4.5333,true,1,149765
7290002304241,false,קונפיטורה ביתית פירות יער לייט 600 גר,ענבי ציון,IL,קונפיטורה ביתית פירו,גרמים,600.00,100 גרם,false,,27.20,4.5333,true,1,149766
7290002304609,false,קונפיטורה ביתי ענבי ציון תות 600 גרם,ענבי ציון,IL,קונפיטורה ביתית תות,גרמים,600.00,100 גרם,false,,21.60,3.6000,true,1,149767
7290002304609,false,קונפיטורה ביתי ענבי ציון תות 600 גרם,ענבי ציון,IL,קונפיטורה ביתית תות,גרמים,600.00,100 גרם,false,,21.60,3.6000,true,1,149767
7290002304623,false,קונפיטורה ביתי ענבי ציון פירות יער 600 גר,ענבי ציון,IL,קונפיטורה פירות יער,גרמים,600.00,100 גרם,false,,21.60,3.6000,true,1,149768
7290002304661,false,קונפיטורה ביתי ענבי ציון אוכמניות 600 גרם,ענבי ציון,IL,קונפיטורה אוכמניות ש,גרמים,600.00,100 גרם,false,,21.60,3.6000,true,1,149769
7290002304661,false,קונפיטורה ביתי ענבי ציון אוכמניות 600 גרם,ענבי ציון,IL,קונפיטורה אוכמניות ש,גרמים,600.00,100 גרם,false,,21.60,3.6000,true,1,149769
7290002317128,false,מלפפון 560ג במלח 10-12 A2 מטולה,שימורי מוטולה בעמ,IL,מלפפון במלח 10-12 מו,גרמים,560.00,100 גרם,false,,12.50,2.2321,true,1,25682
7290002317166,false,מלפפון 560ג בחומץ 10-12 A2 מטולה,שימורי מוטולה בעמ,IL,מלפפון בחומץ 10-12 מ,גרמים,560.00,100 גרם,false,,12.50,2.2321,true,1,25685
7290002317265,false,מלפפון 650ג במלח +20% 7-9 A2 מטולה,שימורי מוטולה בעמ,IL,מלפפון במלח 20% 7-9,גרמים,670.00,100 גרם,false,,11.40,1.7015,true,1,25692
7290002317319,false,מלפפון 650ג בחומץ +20% 7-9 A2 מטולה,שימורי מוטולה בעמ,IL,מלפפון בחומץ 7-9 20%,גרמים,670.00,100 גרם,false,,11.40,1.7015,true,1,25696
7290002319016,false,אבקת אפיה עשיריות מיה 100 גרם,מיה תעשיות מזון מ.ת.מ. ב,IL,אבקת אפיה 10 יח' מיה,גרמים,100.00,100 גרם,false,,2.90,2.9000,true,1,52419
7290002319023,false,סוכר וניל עשיריות מיה 100 גרם,מיה תעשיות מזון מ.ת.מ. ב,IL,1/10 סוכר וניל,גרמים,100.00,100 גרם,false,,3.50,3.5000,true,1,52420
7290002319061,false,קוקוס טחון מיה 100 גרם,מיה תעשיות מזון מ.ת.מ. ב,IL,.קוקוס טחון 100 גר.,גרמים,100.00,100 גרם,false,,4.50,4.5000,true,1,52423
7290002319078,false,שומשום מיה 100 גרם,"מיה תעשיות מזון בע""מ",IL,שומשום 100ג,גרמים,100.00,100 גרם,false,,4.90,4.9000,true,1,52424
7290002319092,false,קמח תפוחי אדמה מיה 500 גרם,מיה תעשיות מזון מ.ת.מ. ב,IL,קמח תפוחי אדמה מיה 5,גרמים,500.00,100 גרם,false,,5.90,1.1800,true,1,15612
7290002319115,false,חומוס גדול יבש מיה 500 גר',מיה תעשיות מזון מ.ת.מ. ב,IL,חומוס גדול מיה 500 ג,גרמים,500.00,100 גרם,false,,8.90,1.7800,true,1,52426
7290002319122,false,גריסים יבשים מיה 500 גר',מיה תעשיות מזון מ.ת.מ. ב,IL,גריסים מיה 500 גרם,גרמים,500.00,100 גרם,false,,5.90,1.1800,true,1,15613
7290002319139,false,שעועית לבנה יבשה מיה 500 ג',מיה תעשיות מזון מ.ת.מ. ב,IL,שעועית מיה 500 גרם,גרמים,500.00,100 גרם,false,,10.90,2.1800,true,1,52427
7290002319160,false,אפונה ירוקה יבשה מיה 500 ג',מיה תעשיות מזון מ.ת.מ. ב,IL,אפונה יבשה מיה 500 ג,גרמים,500.00,100 גרם,false,,5.90,1.1800,true,1,52429
7290002319177,false,פופקורן גרעינים מיה 500 גר',מיה תעשיות מזון מ.ת.מ. ב,IL,פופקורן מיה 500 גרם,גרמים,500.00,100 גרם,false,,6.90,1.3800,true,1,52430
7290002319184,false,עדשים אדומים יבשים מיה 500 גר',מיה תעשיות מזון מ.ת.מ. ב,IL,עדשים אדומים מיה 500,גרמים,500.00,100 גרם,false,,9.90,1.9800,true,1,52431
7290002319191,false,עדשים ירוקים יבשים מיה 500 גר',מיה תעשיות מזון מ.ת.מ. ב,IL,עדשים ירוקים מיה 500,גרמים,500.00,100 גרם,false,,7.90,1.5800,true,1,52432
7290002319207,false,מיה כוסמת 500 גרם,מיה תעשיות מזון מ.ת.מ. ב,IL,כוסמת מיה 500 גרם,גרמים,500.00,100 גרם,false,,9.90,1.9800,true,1,52433
7290002319221,false,מיה חיטה 500 גרם,מיה תעשיות מזון מ.ת.מ. ב,IL,חיטה מיה 500 גרם,גרמים,500.00,100 גרם,false,,6.50,1.3000,true,1,52435
7290002319375,false,"קורנפלור 200 ג' בד""ץ מיה",מיה תעשיות מזון מ.ת.מ. ב,IL,קורנפלור 250 גר בד`ץ,גרמים,200.00,100 גרם,false,,3.90,1.9500,true,1,15614
7290002319689,false,סודה לשתייה בקופסא 150 גר' מיה,מיה תעשיות מזון מ.ת.מ. ב,IL,סודה לשתיה 150 ג,גרמים,150.00,100 גרם,false,,6.50,4.3333,true,1,52456
7290002319771,false,"תמצית אפיה בטעם וניל מיה 50 מ""ל",מיה תעשיות מזון מ.ת.מ. ב,IL,תמצית אפיה וניל,מיליליטרים,50.00,"100 מ""ל",false,,2.90,5.8000,true,1,52461
7290002327042,false,"בורקס תפו""א 800 גר' שלושת האופים קהילות",שלושת האופים,IL,"בורקס תפו""א 800 ג",גרמים,800.00,100 גרם,false,,22.90,2.8625,true,1,119196
7290002327059,false,"בצק עלים 1 ק""ג שלושת האופים קהילות",שלושת האופים,IL,בצק עלים 1 ק`ג,קילוגרמים,1.00,"ק""ג",false,,22.90,22.9000,true,1,67927
7290002327073,false,בורקס גבינה 800 גר' שלושת האופים קהילות,שלושת האופים,IL,בורקס גבינה 800 גרם,גרמים,800.00,100 גרם,false,,22.90,2.8625,true,1,67929
7290002331025,false,"מים מינרלים נביעות ספורט 500 מ""ל פקדון",נביעות טבע הגליל בעמ,IL,נביעות 1/2 ליטר ספור,מיליליטרים,500.00,"100 מ""ל",false,,4.90,0.9800,true,1,7117
7290002331360,false,"נביעות מים מינרליים טו גו מארז 500X6מ""ל",נביעות טבע,IL,נביעות TO GO שישייה,ליטרים,3.00,ליטר,false,,18.90,6.3000,true,1,7594
7290002345015,false,סינטה דק דק אל גאוצ'ו 250ג' מינוט,"טיבון ויל אחזקות בע""\מ",IL,סינטה דקדק 250 גרם,גרמים,250.00,100 גרם,false,,15.90,6.3600,true,1,114648
7290002345022,false,אנטריקוט דק דק מינוט סטייק אל גאוצ'ו 250 גרם,"טיבון ויל אחזקות בע""\מ",IL,אנטריקוט דקדק 250 ג,גרמים,250.00,100 גרם,false,,15.90,6.3600,true,1,109658
7290002348238,false,חתיכות אננס ויליגר 820 גרם,טיפקו,TH,לפתן אננס חתוך ויליג,גרמים,830.00,100 גרם,false,,7.90,0.9518,true,1,64683
7290002353836,false,סרדינים רוברט בשמן זית 115 גרם,קונסרבס פורטוגל נורטה,PT,סרדינים רוברט בשמן ז,גרמים,120.00,100 גרם,false,,10.90,9.0833,true,1,18343
7290002360285,false,חליטת צמחים פומפדור קמומיל 20 יחידות,TEEKANNE- POMPADOU,DE,פומפדור חליטת קמומיל,גרמים,30.00,100 גרם,false,,17.90,59.6667,true,1,23452
7290002370109,false,גבינת פטה כבשים 5% ש,,,גבינת פטה כבשים 5% ש,קילוגרמים,1.00,"ק""ג",false,,55.00,55.0000,true,1,145588
7290002371526,false,דקניקים סלסולי פסטרמה שום וצילי פיקנטי טירת צבי 120 גרם,הנסיך- מפעל לייצור ט,IL,טירת צבי סלסולי פסטר,גרמים,120.00,100 גרם,false,,15.90,13.2500,true,1,26749
7290002371533,false,דקניקים סלסולי פסטרמה דבש טירת צבי 120 גרם,הנסיך- מפעל לייצור ט,IL,טירת צבי סלסולי פסטר,גרמים,120.00,100 גרם,false,,15.90,13.2500,true,1,26750
7290002371540,false,דקניקים קורנדביף ללא גלוטן טירת צבי 120 גרם,הנסיך- מפעל לייצור ט,IL,טירת צבי קורנדביף דק,גרמים,120.00,100 גרם,false,,15.90,13.2500,true,1,26751
7290002371854,false,נקניקיות עוף חריפות טירת צבי 2 * 500 גרם,הנסיך- מפעל לייצור ט,IL,נקניקיות עוף מתובלות,קילוגרמים,1.00,"ק""ג",false,,30.90,30.9000,true,1,26753
7290002374268,false,שמן חמניות מילומור 1 ליטר,שמן תעשיות,IL,שמן חמניות מילומור 1,ליטרים,1.00,ליטר,false,,13.90,13.9000,true,1,31537
7290002374312,false,"שמן קנולה מילומור 1 ל' עד""ח","נארז ע""י : א.ג. גילר",IL,שמן קנולה מילומור 1,ליטרים,1.00,ליטר,false,,12.90,12.9000,true,1,31538
7290002374640,false,שמן בריאות קנולה פלוס אומגה 3 עץ הזית 1 ליטר,שמן תעשיות,EE,שמן קנולה פלוס אומגה,ליטרים,1.00,ליטר,false,,18.90,18.9000,true,1,31540
7290002439981,false,קלאסיקו קבב בקר אל גאוצ'ו,"טיבון ויל אחזקות בע""\מ",IL,אל גאוצו קלאסיקו קבב,גרמים,400.00,100 גרם,false,,24.90,6.2250,true,1,18356
7290002502036,false,בונז'ור לחמנית קשר 100ג',בונז'ור,,בונז'ור לחמניוה קשר,יח',1.00,יח',false,,2.90,2.9000,true,1,120376
7290002502296,false,בונז'ור לחמניה קלועה קנוי 100 ג',בונז'ור,,בונז'ור לחמניוה קלוע,יח',1.00,יח',false,,4.40,4.4000,true,1,120381
7290002507604,false,פיצה שגב השף מאיטליה 350 גרם,האי נאם סי או אל.טי.,IT,פיצה שגב - 320 גרם,גרמים,320.00,100 גרם,false,,14.90,4.6563,true,1,119214
7290002507604,false,פיצה שגב השף מאיטליה 350 גרם,האי נאם סי או אל.טי.,IT,פיצה שגב - 320 גרם,גרמים,320.00,100 גרם,false,,14.90,4.6563,true,1,119214
7290002517269,false,"פלפל שחור שלם 350 גרם ""טעם וריח""",תות ממתקי איכות,IL,תבלין פלפל שחור שלם,גרמים,35.00,100 גרם,false,,10.90,31.1429,true,1,49439
7290002517337,false,אורגנו עלים 20 גר' טעם וריח,"תבליני טעם וריח בע""מ",IL,תבלין אורגנו בשקית ט,גרמים,20.00,100 גרם,false,,6.90,34.5000,true,1,49443
7290002517375,false,בזילקום עלים 30 גר' טעם וריח,"תבליני טעם וריח בע""מ",IL,תבלין בזיליקום בשקית,גרמים,30.00,100 גרם,false,,6.90,23.0000,true,1,49444
7290002517726,false,קינמון מקלות 15 גר' טעם וריח,"תבליני טעם וריח בע""מ",IL,תבלין מקל קינמון טעם,גרמים,15.00,100 גרם,false,,6.90,46.0000,true,1,49458
7290002517733,false,תבלין קצח טעם וריח 4,תות ממתקי איכות,IL,תבלין קצח טעם וריח 4,גרמים,40.00,100 גרם,false,,6.90,17.2500,true,1,49459
7290002543046,false,קלוגס פרוסטיס דגנים וסוכר 750ג',קלוג מנייופרטורינג א,ES,פרוסטיס דגני קלוגס 7,גרמים,750.00,100 גרם,false,,21.90,2.9200,true,1,66779
7290002543237,false,דגני בוקר קלוגס קורנפלקס 750 גרם,קלוגס קומפני אוף גרייט ב,GB,קורנפלקס קלוגס 750 ג,גרמים,750.00,100 גרם,false,,16.90,2.2533,true,1,5930
7290002551003,false,טונה בשמן בודד 160 ג' סטארקיסט,סטאר קיסט,IL,טונה סטארקיסט בשמן 1,גרמים,160.00,100 גרם,false,,8.50,5.3125,true,1,28432
7290002603481,false,פיצת השף מאיטליה CHEF שגב פסטו ועגבניות 200 גרם,האי נאם סי או אל.טי.,IT,פיצת השף מאיטליה CHE,גרמים,200.00,100 גרם,false,,18.90,9.4500,true,1,135492
7290002603498,false,פיצת השף מאיטליה אנטי פסטי 256 גרם,האי נאם סי או אל.טי.,IT,פיצת השף מאיטליה CHE,גרמים,220.00,100 גרם,false,,18.90,8.5909,true,1,135493
7290002608516,false,לחם מחמצת מקמח מלא 5,פילסברי,,לחם מחמצת מקמח מלא,גרמים,530.00,100 גרם,false,,17.90,3.3774,true,1,56896
7290002627210,false,גפילטע פיש קציצות מדגי קרפיון וכסיף בצנצנת 560 גרם,האי נאם סי או אל.טי.,IL,גפילטע פיש בצנצנת דל,גרמים,560.00,100 גרם,false,,13.90,2.4821,true,1,49189
7290002657408,false,נתחי טונה בשמן 960 ג' פוסידון,פוסידון,IL,טונה בשמן פוסידון 96,גרמים,700.00,100 גרם,false,,32.90,4.7000,true,1,18368
7290002661023,false,לחם אחיד ברמן 750 גר,,,לחם אחיד ברמן 750 גר,גרמים,750.00,100 גרם,false,,5.10,0.6800,true,1,51245
7290002692393,false,שמן קנולה מזוכך מועשר עץ הזית 1 ליטר,שמן תעשיות בעמ,EE,שמן קנולה מועשר עץ ה,ליטרים,1.00,ליטר,false,,17.90,17.9000,true,1,31543
7290002692478,false,"שמן זית כתית מעולה קלאסי מעודן 750 מ""ל עץ הזית","מרקאולאו, ספרד.אבסה,",IT,שמן זית כתית מעולה מ,מיליליטרים,750.00,"100 מ""ל",false,,37.90,5.0533,true,1,31545
7290002692782,false,"תרסיס שמן זית כתית מעולה ללא תוספת גז עץ הזית 150 מ""ל",י.ב טכנולוגיות אריזה,IT,תרסיס שמן זית עץ הזי,מיליליטרים,200.00,"100 מ""ל",false,,19.90,9.9500,true,1,31554
7290002703068,false,צנצנת דבש עין חרוד 1,עין חרוד,IL,צנצנת דבש עין חרוד 1,קילוגרמים,1.00,"ק""ג",false,,45.90,45.9000,true,1,39246
7290002703310,false,צנצנת דבש עין חרוד 5,,,צנצנת דבש עין חרוד 5,גרמים,500.00,100 גרם,false,,23.90,4.7800,true,1,39252
7290002703358,false,צנצנת דבש זכוכית 350 גרם,עין חרוד,IL,צנצנת דבש עין חרוד 3,גרמים,350.00,100 גרם,false,,18.90,5.4000,true,1,39253
7290002703402,false,דבש בבקבוק לחיץ 400 גרם עין חרוד,,,דבש עין חרוד 400 גרם,גרמים,400.00,100 גרם,false,,19.90,4.9750,true,1,39254
7290002703426,false,דבש לחיץ בבקבוק עין חרוד 250 גרם,,,דבש לחיץ מכוורת 250,גרמים,250.00,100 גרם,false,,13.90,5.5600,true,1,39255
7290002715580,false,ארוחת נודלס בטעם סיני חריף מג'יק 70 גרם,טאט הוי פוד בעמ,SG,ארוחת נודלס בטעם סינ,גרמים,70.00,100 גרם,false,,4.90,7.0000,true,1,119221
7290002730262,false,"נוזל לניקוי כלים קלאסי פלמוליב 750 מ""ל",יבואן ומשווק: ש. שסט,GR,פלמוליב לכלים קלאסי,מיליליטרים,750.00,"100 מ""ל",false,,12.90,1.7200,true,1,23456
7290002730941,false,כדורי צמר גפן בלונס 100 יחידות,הנסיך- מפעל לייצור ט,GR,צמר גפן פרוס בלונס 1,גרמים,100.00,100 גרם,false,,7.90,7.9000,true,1,23467
7290002730958,false,סבון מוצק בניחוח זיתים ואלוורה פלמוליב 4*100 גרם,הנסיך- מפעל לייצור ט,TR,סבון מוצק ירוק זית פ,גרמים,400.00,100 גרם,false,,17.90,4.4750,true,1,23468
7290002735007,false,"בצק עלים מרודד ינון 1 ק""ג",קפוא-זן,,"בצק עלים 1 ק""ג",קילוגרמים,1.00,"ק""ג",false,,14.90,14.9000,true,1,119757
7290002735014,false,מלוואח ארוז ינון 800 גר',ג'נרל מילס סאן אדריא,IL,ינון מלווח ארוז 800,גרמים,800.00,100 גרם,false,,14.90,1.8625,true,1,119758
7290002735021,false,ג'חנון קפוא ינון 750 גרם,ג'נרל מילס סאן אדריא,IL,ינון גחנון ארוז 750,גרמים,750.00,100 גרם,false,,14.90,1.9867,true,1,119759
7290002735113,false,בורקס גבינה ינון 800 גר,,,בורקס גבינה ינון 800,גרמים,800.00,100 גרם,false,,16.90,2.1125,true,1,119760
7290002735120,false,"בורקס תפו""א ינון 800 גר",,,"בורקס תפו""א ינון 800",גרמים,800.00,100 גרם,false,,14.90,1.8625,true,1,119761
7290002735274,false,ג'חנון אפוי ינון 600 גרם,ג'נרל מילס סאן אדריא,IL,ינון גחנון אפוי 600,גרמים,600.00,100 גרם,false,,16.90,2.8167,true,1,119764
7290002752332,false,"סוכריות מנטוס פירות בגליל, 37.5 גרם",הדקלאים אגודת שיתופי,NL,מנטוס .סוכריות פירות,גרמים,37.50,100 גרם,false,,4.50,12.0000,true,1,13860
7290002752493,false,רביעיה סוכריות מנטה 4* 16 ג' טיק טק,פררו - אלבה,ZA,טיק טק 1/4,גרמים,64.00,100 גרם,false,,12.90,20.1563,true,1,48568
7290002753223,false,רביעייה סוכריות תפוז 4*16 ג' טיק טק,פררו - אלבה,ZA,טיק טק תפוז 4/1,גרמים,64.00,100 גרם,false,,12.90,20.1563,true,1,48569
7290002757139,false,מלוואח 700 גר' שלושת האופים קהילות,שלושת האופים,IL,שלושת האופים מלוואח,גרמים,700.00,100 גרם,false,,14.90,2.1286,true,1,18384
7290002757511,false,דלידג קציצות דג לבישול 750 גר קהילות,האי נאם סי או אל.טי.,IL,דלידג קציצות דג לביש,גרמים,750.00,100 גרם,false,,35.90,4.7867,true,1,18387
7290002757535,false,בורקס פילו אצבעות גבינה שלושת האופים 700 גרם,שלושת האופים שגמור,IL,בורקס פילו אצבעות גב,גרמים,700.00,100 גרם,false,,21.90,3.1286,true,1,18389
7290002757542,false,אטריות קדאיף 400 גרם לנדא,שלושת האופים שגמור,IL,איטריות קדאיף 400 גר,גרמים,400.00,100 גרם,false,,21.90,5.4750,true,1,119228
7290002757665,false,קבב מזרחי טיבון ויל 400 ג',טיבון ויל,IL,קבב מזרחי 400 גרם,גרמים,400.00,100 גרם,false,,13.90,3.4750,true,1,18391
7290002757672,false,המבורגר מזרחי טיבון ויל 400ג',טיבון ויל,IL,המבורגר 400גרם נטו,גרמים,400.00,100 גרם,false,,13.90,3.4750,true,1,18392
7290002768074,false,אל סבון נוזלי רגיל דרמפון 1 ליטר,"אמיליה קוסמטיקס בע""מ",IL,סבון נוזלי דרמופון 1,יחידה,0.00,יחידה,false,,18.90,0.0000,true,1,32010
7290002775010,false,מיני בורקס פילו גבינה שלושת האופים מהדרין 650 ג',שלושת האופים שגמור,IL,מיני בורקס פילו גבינ,גרמים,650.00,100 גרם,false,,21.90,3.3692,true,1,119234
7290002775058,false,שלושת האופים עלי טור,,,שלושת האופים עלי טור,גרמים,300.00,100 גרם,false,,17.90,5.9667,true,1,119238
7290002782759,false,"פנינה קרם גוף רוזנבלום 400 מ""ל",פנינה רוזנבלום,IL,קרם גוף מס' 2 פנינה,מיליליטרים,400.00,"100 מ""ל",false,,27.90,6.9750,true,1,20424
7290002787884,false,"מקלות פילו תפו""א 600 גרם שלושת האופים",שגמור,IL,שלושת האופים מקלות פ,גרמים,600.00,100 גרם,false,,21.90,3.6500,true,1,119250
7290002787891,false,מקלות פילו תרד 600 גרם שלושת האופים,שגמור,IL,שלושת האופים מקלות ב,גרמים,600.00,100 גרם,false,,21.90,3.6500,true,1,119251
7290002793311,false,שירות והחלפה מילוי גז 60 סודהסטרים,סודה סטרים,IL,מילוי למכשיר 50,יחידה,0.00,יחידה,false,,60.00,0.0000,true,1,19568
7290002814290,false,קצף מרוכז blanco בניחוח לימון משמיד 99.9% חיידקים סנט מוריץ 1 ליטר,קומפלקס כימיקלים בעמ,IL,קצף מרוכז 1 ליטר בלנ,ליטרים,1.00,ליטר,false,,15.90,15.9000,true,1,87000
7290002814603,false,"סנט מוריץ - מרסס מסיר שומנים קר מבושם לימון 750 מ""ל",קומפלקס כימיקלים בעמ,IL,מסיר שומנים קר מבושם,מיליליטרים,750.00,"100 מ""ל",false,,14.90,1.9867,true,1,136966
7290002814870,false,"סנט מוריץ - מרסס מסיר שומנים קר מבושם לוונדר\פרחים 750 מ""ל",קומפלקס כימיקלים בעמ,IL,מסיר שומנים קר מבושם,מיליליטרים,750.00,"100 מ""ל",false,,14.90,1.9867,true,1,140516
7290002824183,false,"גבינה לבנה סקי 500 גרם 5% ""שטראוס"" -מוצר בפיקוח",מיוצר עי קונדיטוריית,IL,גבינה לבנה 5% סקי 50,גרמים,500.00,100 גרם,false,,9.50,1.9000,true,1,24781
7290002824466,false,יוגורט דנונה ביו לבן 0% שומן 200 גרם,"שטראוס בריאות בע""\מ",IL,דנונה יוגורט ביו 0%,מיליליטרים,200.00,"100 מ""ל",false,,4.10,2.0500,true,1,24782
7290002824640,false,"גבינת סקי 250 גרם 5% ""שטראוס"" -מוצר בפיקוח",מיוצר עי קונדיטוריית,IL,גבינה 5% סקי 250 גרם,גרמים,250.00,100 גרם,false,,4.98,1.9920,true,1,24783
7290002825722,false,סלט כרוב אדום אחלה 500 גרם,מיוצר עי קונדיטוריית,IL,אחלה כרוב אדום 500ג,גרמים,500.00,100 גרם,false,,17.30,3.4600,true,1,24785
7290002868996,false,"קוטג' 5% שומן, רכיבים טבעיים, 250 גרם",קריות זול,IL,טרה קוטג מועשר 5% 25,גרמים,250.00,100 גרם,false,,5.90,2.3600,true,1,7128
7290002871248,false,"בירה טובורג רד בקבוק 500 מ""ל חוזר",מבשלות בירה בינלאומיות ב,IL,בירה טובורג רד בקבוק,מיליליטרים,500.00,"100 מ""ל",false,,10.90,2.1800,true,1,7617
7290002871361,false,"בירה קרלסברג בקבוק 500 מ""ל חוזר",מבשלות בירה בינלאומיות ב,IL,קרלסברג בירה בק.חוזר,מיליליטרים,500.00,"100 מ""ל",false,,10.90,2.1800,true,1,7618
7290002881018,false,מעדן תות שדה 100% 284 גרם,קריות זול,,סן מורנו מעדן תות שד,גרמים,284.00,100 גרם,false,,12.90,4.5423,true,1,26323
7290002881032,false,מעדן אוכמניות כחולות 100% 284 גרם,קריות זול,,סן מורנו מעדן אוכמני,גרמים,284.00,100 גרם,false,,12.90,4.5423,true,1,26325
7290002881216,false,רסק תפוחי עץ לא ממותק תומר 700 גרם,KONSERVENFABRIEK BALTUSSEN,NL,"רסק תפו""ע דיאט תפוחי",גרמים,700.00,100 גרם,false,,12.90,1.8429,true,1,26338
7290002881230,false,חתיכות אננס בסירופ קל תומר 850 גרם,"אניס פארם בע""מ",VN,אננס חתוך תומר 850 ג,גרמים,850.00,100 גרם,false,,11.90,1.4000,true,1,26339
7290002881254,false,קוקטייל פירות טרופיים בסירופ קל תומר 825 גרם,סאנרייז אגריקלטור,TH,קוקטייל טרופי תומר 8,גרמים,850.00,100 גרם,false,,10.90,1.2824,true,1,26341
7290002881261,false,"ליצ'י שלם 565 גרם ""תומר""",גיבונג אינדסקיאלס,CN,ליצי שלם תומר 565 גר,גרמים,565.00,100 גרם,false,,11.80,2.0885,true,1,26342
7290002881414,false,תומר-אטריות ביציםעבו,אופאל,CN,נודלס עבה תומר 400 ג,גרמים,400.00,100 גרם,false,,8.90,2.2250,true,1,120096
7290002881506,false,חמאת בוטנים תומר 510 ג',Niza s a,,חמאת בוטנים 510 גרם,גרמים,510.00,100 גרם,false,,10.90,2.1373,true,1,26354
7290002881612,false,לפתן דובדבנים חמוצים תומר 720 גרם,Fructo sliven jsc,BG,לפתן דובדבנים חמוצים,גרמים,700.00,100 גרם,false,,9.90,1.4143,true,1,26361
7290002881957,false,סרדינים מרוקאי חריף בשמן חמניות 125ג' תומר,Union des pecheries,,סרדין מרוקאי חריף תו,גרמים,125.00,100 גרם,false,,6.90,5.5200,true,1,26375
7290002900566,false,פסטרמה ברביקיו דל שומן טירת צבי 400 גרם,הנסיך- מפעל לייצור ט,IL,פסטרמה ברביקיו דל שו,גרמים,360.00,100 גרם,false,,34.90,9.6944,true,1,26755
7290002921349,false,לוקטייט סופר גלו 3 - זוגי,יעקובי סופר גלו,TR,סופר גלו 3 זוגי,יחידה,0.00,יחידה,false,,15.90,0.0000,true,1,12037
7290002971955,false,קמח שטיבל חיטה לבן מנופה 1קג,טחנת קמח דגן-שטיבל,IL,קמח לבן 650 ללא צורך,קילוגרמים,1.00,"ק""ג",false,,9.90,9.9000,true,1,118568
7290002971962,false,"קמח שטיבל חיטה מלא ללא ניפוי 1 ק""ג",טחנת קמח דגן-שטיבל,IL,קמח מלא 100% ללא צור,קילוגרמים,1.00,"ק""ג",false,,9.90,9.9000,true,1,224377
7290002971986,false,קמח שיפון מלא 1 קג שטיבל ללא צורך בניפוי,טחנת קמח דגן-שטיבל,IL,קמח שיפון ללא צורך ב,קילוגרמים,1.00,"ק""ג",false,,9.90,9.9000,true,1,84962
7290002971993,false,"קמח כוסמין מס 14 ללא ניפוי 1 ק""ג",טחנת קמח דגן-שטיבל,IL,קמח כוסמין מלא ללא צ,קילוגרמים,1.00,"ק""ג",false,,15.90,15.9000,true,1,84552
7290002972006,false,"קמח שטיבל 405 ללא ניפוי 1 ק""ג",טחנת קמח דגן-שטיבל,IL,קמח בהיר 405 ללא צור,קילוגרמים,1.00,"ק""ג",false,,9.90,9.9000,true,1,118569
7290002973829,false,"קמח כוסמין לבן ללא ניפוי שטיבל 1 ק""ג","שטיבל בע""מ",IL,קמח כוסמין לבן ללא צ,קילוגרמים,1.00,"ק""ג",false,,16.90,16.9000,true,1,109825
7290002974338,false,"קמח מניטובה מנופה ""0",טחנת קמח דגן-שטיבל,IL,"קמח מניטובה מנופה ""0",קילוגרמים,1.00,"ק""ג",false,,13.90,13.9000,true,1,193044
7290002986652,false,גטניו פתי בר שוקו 470 גרם,"אחים גטניו בע""מ",IL,גטניו - פתיבר שוקו 4,גרמים,470.00,100 גרם,false,,9.90,2.1064,true,1,134965
7290002987963,false,"סלט חומוס אחלה 1 ק""ג",מיוצר עי קונדיטוריית,IL,אחלה חומוס 1קג,קילוגרמים,1.00,"ק""ג",false,,14.90,14.9000,true,1,24786
7290003009183,false,"סירופ דיאט תפוחים פריגת 750 מ""ל",סירופ - גבעת חיים,IL,סירופ דיאט תפוחים פר,מיליליטרים,750.00,"100 מ""ל",false,,23.90,3.1867,true,1,7135
7290003009312,false,בוטן קלוי קליית גת 200 גרם,הדקלאים אגודת שיתופי,IL,בוטן קלוי 200 גרם,גרמים,200.00,100 גרם,false,,8.90,4.4500,true,1,13865
7290003009640,false,מיץ תפוזים סחוט רכיבים טבעיים פריגת 1 ליטר,פריגת מצוננים,IL,פריגת סחוט מיץ תפוזי,ליטרים,1.00,ליטר,false,,16.90,16.9000,true,1,7144
7290003011087,false,"אורז בסמטי הודי מובחר שקדיה 1 ק""ג",אלסקה/ טילדה,IN,אלסקה אורז בסמטי אלפ,קילוגרמים,1.00,"ק""ג",false,,10.90,10.9000,true,1,5227
7290003013265,false,פתילאור מגש קטן,מעגל הזמן,IL,פתילאור מגש קטן,יחידה,0.00,יחידה,false,,75.90,0.0000,true,1,134095
7290003015627,false,"נוזל רצפות אפרסק 2 ליטר ""ריצפז פרש""","סנו מפעלי ברונוס בע""",IL,ריצפז פרש אפרסק 2 לי,ליטרים,2.00,ליטר,false,,19.90,9.9500,true,1,32021
7290003026227,false,"קמיל בלו שמפו לתינוק סנסיטיב אל דמע ד""ר פישר 1 ליטר",פישר מעבדות פרמצבטיות בע,IL,קמיל בלו סנסיטיב שמפ,יחידה,0.00,יחידה,false,,33.90,0.0000,true,1,31294
7290003029181,false,משקה יטבתה שוקו' בקבוק 1ל מהדרין,שטראוס גרופ,IL,יטבתה שוקו בקבוק 1ל,ליטרים,1.00,ליטר,false,,12.50,12.5000,true,1,24790
7290003029372,false,משקה חלב בטעם בננה יטבתה 1 ליטר,שטראוס גרופ,IL,יטבתה משקה חלב בננה,ליטרים,1.00,ליטר,false,,12.50,12.5000,true,1,24793
7290003029389,false,"משקה חלב בננה פקק ספורט 250 מ""ל יוטבתה",שטראוס גרופ,IL,יטבתה משקה חלב בננה+,מיליליטרים,250.00,"100 מ""ל",false,,5.90,2.3600,true,1,24794
7290003029433,false,"משקה יטבתה שוקו פקק 250 מ""ל מהדרין",שטראוס גרופ,IL,יטבתה שוקו +פקק 250,מיליליטרים,250.00,"100 מ""ל",false,,5.90,2.3600,true,1,24795
7290003029532,false,מוקה בבקבוק יטבתה 1 ליטר מהדרין,שטראוס גרופ,IL,יטבתה מוקה 1ל,ליטרים,1.00,ליטר,false,,12.50,12.5000,true,1,24797
7290003029792,false,"משקה יטבתה שוקו שקיות מהדרין מארז 225X8מ""ל",שטראוס גרופ,IL,יטבתה מהדרין שוקו שק,ליטרים,1.80,ליטר,false,,21.90,12.1667,true,1,24799
7290003029815,false,כד חלב 3% יטבתה 2 ליטר מהדרין,שטראוס גרופ,IL,חלב מועשר בכד2 ליטר,ליטרים,2.00,ליטר,false,,16.90,8.4500,true,1,24800
7290003029907,false,אייס קפה יטבתה 1 ליטר מהדרין,שטראוס גרופ,IL,יטבתה אייס קפה 1ל,ליטרים,1.00,ליטר,false,,12.50,12.5000,true,1,24802
7290003054183,false,מסטמכר לחם שיפון מלא 500ג,מרום את קונפינו,DE,לחם שיפון מלא מסטמכר,גרמים,500.00,100 גרם,false,,14.90,2.9800,true,1,118293
7290003054190,false,מסטמכר לחם שיפון עם שלושה דגנים 500ג,מרום את קונפינו,DE,לחם שיפון 3 דגנים מס,גרמים,500.00,100 גרם,false,,14.90,2.9800,true,1,118294
7290003054657,false,חרדל ריין דיז'ון אקסטרה פורטה 370 גרם,מרום את קונפינו,FR,חרדל דיג'ון אקסטרא פ,גרמים,370.00,100 גרם,false,,13.10,3.5405,true,1,29212
7290003069705,false,"פיצה אישית גבינה דק 80 ג' תפזורת בד""צ",שגמור ייצור ושווק מוצרי,IL,פיצה גבינה תפזורת 80,גרמים,80.00,100 גרם,false,,2.50,3.1250,true,1,119256
7290003072682,false,קופון הנחה 25% על נק,,,קופון הנחה 25% על נק,יחידה,0.00,יחידה,false,,0.01,0.0000,true,1,136934
7290003072965,false,קבנוס חריף מעושן טירת צבי 120 גרם,טיב טירת צבי 2000,IL,קבנוס חריף מעושן 120,גרמים,120.00,100 גרם,false,,11.90,9.9167,true,1,136785
7290003102891,false,שקיות צליה הוסטס בקופסה 10יח',הוסטס,TR,שקיות צליה הוסטס 10י,יחידה,0.00,יחידה,false,,5.90,0.0000,true,1,874
7290003107148,false,"קמח לבן דגן 1 ק""ג",טחנות קמח דגן בעמ,IL,"קמח לבן דגן 1 ק""ג",קילוגרמים,1.00,"ק""ג",false,,4.90,4.9000,true,1,118573
7290003107216,false,קמח 1 קג שימורי איכ,טחנת קמח דגן לישראל,IL,"קמח לבן דגן 1 ק""ג",קילוגרמים,1.00,"ק""ג",false,,6.90,6.9000,true,1,121441
7290003107223,false,טחנת קמח דגן סולת 1קג,טחנת קמח דגן לישראל,IL,"סולת חיטה דגן 1 ק""ג",קילוגרמים,1.00,"ק""ג",false,,6.90,6.9000,true,1,118574
7290003107315,false,"סולת בד""צ ארוז 1 ק""ג",טחנת קמח דגן לישראל,IL,"סולת דגן 1 ק""ג",קילוגרמים,1.00,"ק""ג",false,,4.90,4.9000,true,1,10010
7290003107346,false,טחנת קמח דגן קמח 1 קג,טחנת קמח דגן לישראל,IL,קמח חיטה לבן דגן 1 ק,קילוגרמים,1.00,"ק""ג",false,,4.90,4.9000,true,1,10012
7290003126712,false,יוגורט עיזים מחלב מלא 3.7% משק צוריאל 150 גרם,מחלבת משק צוריאל,IL,צוריאל יוגורט עיזים,מיליליטרים,150.00,"100 מ""ל",false,,7.20,4.8000,true,1,7151
7290003133123,false,לחם זהב עגול אוקראיני 750 ג',מאפיית דוידוביץ ובני,IL,לחם אוקראיני מיוחד ע,גרמים,750.00,100 גרם,false,,14.90,1.9867,true,1,349886
7290003133505,false,לחם שיפונטו דוידוביץ,דוידוביץ,IL,לחם שיפונטו דוידוביץ,גרמים,750.00,100 גרם,false,,14.90,1.9867,true,1,349870
7290003141159,false,יוגטה מרשמלו ממתק מוקצף בטעמי תות שדה ווניל 180 גרם,יוגוטה,IL,יוגטה מרשמלו 180 גר',גרמים,180.00,100 גרם,false,,8.90,4.9444,true,1,13871
7290003143146,false,ממרח תמרים קליית גת 450 גרם,הדקלאים אגודת שיתופי,IL,ממרח תמרים 450 גרם,גרמים,450.00,100 גרם,false,,6.90,1.5333,true,1,13889
7290003144419,false,סילאן טבעי קליית גת 710 גרם,"טעמי הגליל בע""\מ",IL,סילאן טבעי קלית גת 7,גרמים,710.00,100 גרם,false,,29.90,4.2113,true,1,13918
7290003145959,false,פקאן טבעי קליית גת 150 גרם,קוד יצרן JG,IL,אגוז פקאן טבעי 150 ג,גרמים,150.00,100 גרם,false,,21.90,14.6000,true,1,13951
7290003220588,false,"רוטה צ'ילי מתוק ללא סוכר 700 מ""ל WOK",תאי פרידה אינדסטרי ב,TH,ווק רוטב צ'ילי מתוק,מיליליטרים,700.00,"100 מ""ל",false,,19.10,2.7286,true,1,224089
7290003220595,false,"ווק אורז לסושי 1 ק""ג WOK","מיה תעשיות מזון בע""מ",IL,אורז לסושי 1 ק'ג WOK,קילוגרמים,1.00,"ק""ג",false,,14.40,14.4000,true,1,224090
7290003220649,false,שמן שומשום 100% טהור150מ,הו צ'קינג הינג אוי פ,SG,שמן שומשום 100% טהור,מיליליטרים,150.00,"100 מ""ל",false,,14.90,9.9333,true,1,224093
7290003220717,false,WOK אצות נורי סילבר 10 יחידות,ג'י וואן גלובול נאט,KR,אצות נורי סילוור 10,גרמים,22.00,100 גרם,false,,12.90,58.6364,true,1,224095
7290003220830,false,"WOK חומץ אורז יסמין 500 מ""ל",דיאמונד פריזרוד פודס,TH,חומץ אורז לסושי 500,מיליליטרים,500.00,"100 מ""ל",false,,18.70,3.7400,true,1,224099
7290003220977,false,עוגיות חצי ירח מצופה 175 נאפה מעדני מלך,מגדנית הדר,IL,מעדני מלך ירח חצי מצ,גרמים,175.00,100 גרם,false,,7.90,4.5143,true,1,145582
7290003229109,false,פסטרמה הודו בפפריקה טירת צבי 400 גרם,הנסיך- מפעל לייצור ט,IL,א.מ .פסטרמה בפפריקה,גרמים,400.00,100 גרם,false,,30.90,7.7250,true,1,26764
7290003229116,false,פסטרמה הודו בדבש שומן טירת צבי 400 גרם,הנסיך- מפעל לייצור ט,IL,א.מ פסטרמה בדבש 400,גרמים,400.00,100 גרם,false,,30.90,7.7250,true,1,26765
7290003229123,false,פסטרמה הודו על גחלים 2% טירת צבי 400 גרם,הנסיך- מפעל לייצור ט,IL,א.מ. פסטרמה על גחלים,גרמים,400.00,100 גרם,false,,30.90,7.7250,true,1,26766
7290003229147,false,נקניק סלמי איטלקי מעושן טירת צבי 300 גרם,הנסיך- מפעל לייצור ט,IL,סלמי בסגנון איטלקי 3,גרמים,300.00,100 גרם,false,,33.90,11.3000,true,1,26767
7290003229154,false,נקניק סלמי קוניאק טירת צבי 300 גרם,הנסיך- מפעל לייצור ט,IL,א.מ. סלמי קוניאק מוב,גרמים,300.00,100 גרם,false,,28.90,9.6333,true,1,26768
7290003229192,false,נקניק כתף בקר מעושן 2% טירת צבי 400 גרם,טיב טירת צבי 2000,IL,א.מ. כתף בקר מעושן 4,גרמים,400.00,100 גרם,false,,33.00,8.2500,true,1,26770
7290003251308,false,אציטון משובח 100מל,שוורץ,,"אציטון משובח 100 מ""",מיליליטרים,100.00,"100 מ""ל",false,,4.90,4.9000,true,1,23242
7290003268252,false,לחם חיטה מלא לילדים 750 ג' דגנית עין בר,דגנית עין בר תעשיות מזון,IL,לחם חיטה מלא ללא גרע,גרמים,750.00,100 גרם,false,,14.90,1.9867,true,1,5109
7290003268429,false,לחם ירוק מקמח מלא 750 ג' דגנית עין בר,דגנית עין בר תעשיות מזון,IL,לחם מקמח מלא דגנית 7,גרמים,750.00,100 גרם,false,,15.90,2.1200,true,1,5110
7290003318100,false,וופל בטעם שוקולד מנעמים 200 ג',מנעמים תעשיות מזון,IL,ופל שוקו מנעמים 200,גרמים,200.00,100 גרם,false,,4.90,2.4500,true,1,26087
7290003318131,false,ופל קלאסיק אגוז 200 גרם מנעמים,מנעמים תעשיות מזון,IL,ופל אגוז מנעמים 200,גרמים,200.00,100 גרם,false,,4.90,2.4500,true,1,120741
7290003318155,false,וופל טעם לימון מנעמים 200 ג',מנעמים תעשיות מזון,IL,ופל לימון מנעמים 200,גרמים,250.00,100 גרם,false,,4.90,1.9600,true,1,26089
7290003318599,false,וופלים וניל מנעמים 200 גרם,מנעמים תעשיות מזון,IL,ופל וניל מנעמים 200,גרמים,200.00,100 גרם,false,,4.90,2.4500,true,1,120743
7290003321155,false,יוגורט בר עם פקאן מצופה שוקולד 183 ג' דנונה,"שטראוס בריאות בע""\מ",IL,דנונה קראנצ' ששבי פק,מיליליטרים,183.00,"100 מ""ל",false,,4.90,2.6776,true,1,24803
7290003321292,false,גבינה לבנה 9% שומן 250 ג' שטראוס,מיוצר עי קונדיטוריית,IL,גבינה 9% סקי 250 גרם,גרמים,250.00,100 גרם,false,,5.00,2.0000,true,1,24804
7290003332007,false,קפה שחור עם הל 250 גרם,סובחי נחלה ובניו,IL,קפה נחלה סובחי 250ג,גרמים,250.00,100 גרם,false,,15.50,6.2000,true,1,37086
7290003332014,false,קפה נח'לה אדום עם הל500ג,קפה אל נח'לה,IL,קפה נחלה סובחי 500 ג,גרמים,500.00,100 גרם,false,,29.30,5.8600,true,1,37087
7290003332045,false,קפה נחלה אדום ללא הל 250ג',קפה אל נחלה,IL,קפה נחלה סובחי 250 ג,גרמים,250.00,100 גרם,false,,15.50,6.2000,true,1,37089
7290003401369,false,"קרם לחות לשיער חוחובה נטורל פורמולה 400 מ""ל",מיוצר עי אמיליה קוסמ,IL,קרם לחות ועיצוב לשיע,מיליליטרים,400.00,"100 מ""ל",false,,22.90,5.7250,true,1,32027
7290003411276,false,עמבה הודית מובחרת הנמל 600ג',טרופיקל דגיל תעשיות,IL,עמבה מובחרת 500 גרם,גרמים,500.00,100 גרם,false,,10.90,2.1800,true,1,8403
7290003411689,false,ליפתניות לבן 25 יחידות,הנמל אריזות ושיווק ב,IL,לפתניות 25 יח,יחידה,0.00,יחידה,false,,5.90,0.0000,true,1,8413
7290003411696,false,"מרקיות לבן ח""פ הנמל 25 יח'",פלסטכים תורכיה,IL,מרקיות חד פעמי 25 יח,יחידה,0.00,יחידה,false,,10.90,0.0000,true,1,8414
7290003411993,false,גפרורים הנמל 10 יחידות,"איטיליאן פוד, אס.פי.",SE,גפרורים 10 יחידות,יחידה,0.00,יחידה,false,,3.90,0.0000,true,1,8425
7290003427154,false,"שמן זית כתית מעולה טעם מעודן זיתא 750 מ""ל",זיתא תעשיות שמן זיתt\,IL,שמן זית כתית מעולה ז,מיליליטרים,750.00,"100 מ""ל",false,,40.90,5.4533,true,1,26092
7290003438006,false,ממרח אולביה פסטו וצנובר איטלקי 190ג',מיוצר עי קונדיטוריית,IL,אוליביה ממרח פסטו אי,גרמים,180.00,100 גרם,false,,14.50,8.0556,true,1,4006
7290003438020,false,ממרח עגבניות מיובשות אוליביה 190 גרם,מיוצר עי קונדיטוריית,IL,אוליביה ממרח עגבניות,גרמים,190.00,100 גרם,false,,14.50,7.6316,true,1,4008
7290003450602,false,חרדל אמיתי צהוב בקבוק לחיץ 255 גר,היינץ צפון אמריקה מקבוצת ה.י.היינץ,US,חרדל אמיתי צהוב בקבו,גרמים,255.00,100 גרם,false,,11.90,4.6667,true,1,29216
7290003451043,false,"פילה סול ארוז 1 ק""ג",בלדי,CN,"פילה סול ארוז 1 ק""ג",קילוגרמים,1.00,"ק""ג",false,,29.90,29.9000,true,1,136741
7290003514007,false,מנה שקדי מרק מנה 400 גרם,מנה Mana,IL,שקדי מרק מנה 400 גרם,גרמים,400.00,100 גרם,false,,10.90,2.7250,true,1,23473
7290003525898,false,שלישיית סלט טונה ויליגר 160 גרם,נטו מלינדה,,סלט טונה ויליגר שליש,גרמים,480.00,100 גרם,false,,17.90,3.7292,true,1,18484
7290003525904,false,שלישיית סלט טונה פיקנטי ויליגר 160 גרם,ויליגר,,סלט טונה פיקנטי וילי,גרמים,480.00,100 גרם,false,,17.90,3.7292,true,1,18485
7290003578108,false,חתיכות אננס בסירופ קל וילי פוד 850 גרם,טקרנג פינאפל אינדסטר,TH,אננס חתוך ויליפוד 85,גרמים,490.00,100 גרם,false,,9.90,2.0204,true,1,3546
7290003578177,false,תירס צעיר שלם וילי פוד 210 גרם,מגסטיק פוד אידסטרי ק,TH,תירס גמדי שלם ויליפו,גרמים,210.00,100 גרם,false,,7.90,3.7619,true,1,3548
7290003643004,false,"סוגת אורז בסמטי קלאסי 1 ק""ג",האי נאם סי או אל.טי.,IL,"סוגת אורז בסמטי 1 ק""",קילוגרמים,1.00,"ק""ג",false,,14.90,14.9000,true,1,19403
7290003643134,false,סוכר וניל סוגת 100 גרם מארז 10 יחידות,גוד פוד פרודקטס S.p,IL,סוגת סוכר וניל 10 יח,גרמים,100.00,100 גרם,false,,2.90,2.9000,true,1,19405
7290003643325,false,קוסקוס בינוני סוגת 350 גרם,"אסיף תעשיות מזון בע""\מ",IL,קוסקוס בינוני סוגת 3,גרמים,350.00,100 גרם,false,,5.90,1.6857,true,1,68053
7290003643387,false,"סוכר לבן בצנצנת 1 ק""ג סוגת",האי נאם סי או אל.טי.,IL,סוכר לבן בצנצנת סוגת,קילוגרמים,1.00,"ק""ג",false,,10.90,10.9000,true,1,19414
7290003643646,false,"סוכר דמררה קלאסי בצנצנת סוגת 1 ק""ג",האי נאם סי או אל.טי.,IL,סוכר דמררה בצנצנת חו,קילוגרמים,1.00,"ק""ג",false,,14.50,14.5000,true,1,19415
7290003643684,false,אפונה יבשה סוגת 500 גר',האי נאם סי או אל.טי.,IL,אפונה יבשה 500 גרם,גרמים,500.00,100 גרם,false,,7.90,1.5800,true,1,19416
7290003643714,false,חומוס גרגירים 500 גרם סוגת,האי נאם סי או אל.טי.,IL,חומוס 500 גרם,גרמים,500.00,100 גרם,false,,8.90,1.7800,true,1,19418
7290003643745,false,סוגת כוסמת 500 גרם,האי נאם סי או אל.טי.,IL,כוסמת 500 גרם,גרמים,500.00,100 גרם,false,,7.90,1.5800,true,1,19420
7290003643752,false,עדשים ירוקים יבש סוגת 500 גר',האי נאם סי או אל.טי.,IL,עדשים ירוקות 500 גרם,גרמים,500.00,100 גרם,false,,9.90,1.9800,true,1,19421
7290003643769,false,עדשים אדומים יבש סוגת 500 גר',"סוגת תעשיות בע""\מ",IL,עדשים אדומות 500 גרם,גרמים,500.00,100 גרם,false,,9.90,1.9800,true,1,19422
7290003643776,false,"פופקורן גרעינים סוגת 500 ג' כשל""פ",האי נאם סי או אל.טי.,IL,סוגת פופקורן 500 גרם,גרמים,500.00,100 גרם,false,,5.90,1.1800,true,1,19423
7290003643783,false,קוקוס טחון סוגת 100 גרם,האי נאם סי או אל.טי.,IL,קוקוס 100 גר,גרמים,100.00,100 גרם,false,,3.90,3.9000,true,1,19424
7290003643806,false,שעועית לבנה יבשה סוגת 500 ג',האי נאם סי או אל.טי.,IL,שעועית לבנה 500 גרם,גרמים,500.00,100 גרם,false,,11.90,2.3800,true,1,19425
7290003643813,false,שעועית אדומה יבשה סוגת 500 גר',האי נאם סי או אל.טי.,IL,שעועית אדומה 500 גרם,גרמים,500.00,100 גרם,false,,11.90,2.3800,true,1,19426
7290003681334,false,קוקוס טחון 400 גרם ב,מיה תעשיות מזון מ.ת.מ. ב,IL,קוקוס 400 גר. בדצ,גרמים,400.00,100 גרם,false,,13.90,3.4750,true,1,52479
7290003681365,false,קישוט לעוגה צבעוני בבצנצנת מיה 80 גרם,מיה תעשיות מזון מ.ת.מ. ב,IL,70 סוכריות קישוט לעו,גרמים,70.00,100 גרם,false,,5.90,8.4286,true,1,52481
7290003681532,false,דובדבנים מסוכרים 80 גרם מיה,מיה תעשיות מזון מ.ת.מ. ב,IL,דובדבן מסוכר 80 גרם,גרמים,80.00,100 גרם,false,,7.90,9.8750,true,1,52482
7290003681716,false,גריסי פנינה מיה 500 גרם,מיה תעשיות מזון מ.ת.מ. ב,IL,גריסי פנינה 500 גרם,גרמים,500.00,100 גרם,false,,6.40,1.2800,true,1,52488
7290003681945,false,"מיץ לימון סחוט רכיבים טבעיים מיה 500 מ""ל",מיה,IL,מיץ לימון סחוט טבעי,מיליליטרים,500.00,"100 מ""ל",false,,9.90,1.9800,true,1,52495
7290003703166,true,בונז'ור ג'בטה בינוני,,,בונז'ור ג'בטה בינוני,יח',1.00,יח',false,,7.80,7.8000,true,1,120386
7290003706167,false,בצל ירוק ארוז,,,בצל ירוק ארוז,יח',1.00,יח',false,,5.90,5.9000,true,1,78431
7290003718610,false,"במיה 400 ג' בית יוסף כשל""פ",בלדי,IL,במיה מוקפאת בלדי 400,גרמים,400.00,100 גרם,false,,12.90,3.2250,true,1,323997
7290003726141,false,טופו משק גאיה גד 300 גרם,ג'נרל מילס סאן אדריא,IL,טופו משק גאיה 300ג,גרמים,300.00,100 גרם,false,,15.20,5.0667,true,1,15397
7290003726615,false,"טופו ויילר 300 גרם ""שטראוס""",הדקלאים אגודת שיתופי,IL,טופו ויילר 300 גרם.,גרמים,300.00,100 גרם,false,,12.90,4.3000,true,1,146541
7290003726776,false,שניצל טופו טעם עוף 420 גר,"פרה מזון בע""\מ",IL,שניצל טופו בטעם עוף,גרמים,420.00,100 גרם,false,,29.90,7.1190,true,1,320363
7290003779499,false,גינגר ארוז 200 גרם,"מרינה פטריות הגליל בע""מ",IL,ג`ינג`ר יח` 200 גרם,יח',1.00,יח',false,,9.90,9.9000,true,1,75361
7290003781652,false,צלפים במי מלח וילי פוד 230 גרם,קריות זול,TR,צלפים במלח ויליפוד 3,גרמים,350.00,100 גרם,false,,9.90,2.8286,true,1,3558
7290003804382,false,"תיבוליות פטריות קנור 72 גרם בד""צ",יוניליוור ישראל מזון בע\,IL,תיבולית פטריות קנור,גרמים,72.00,100 גרם,false,,10.90,15.1389,true,1,11363
7290003805501,false,"פתית שוודי חסכוני בד""צ 300 גרם",יוניליוור ישראל מזון בע\,IL,פתית שוודי חסכוני בד,גרמים,300.00,100 גרם,false,,18.90,6.3000,true,1,11381
7290003864478,false,סרדינים בשמן צמחי פתח קל ויליפוד 110 גרם,גולדן פרייז קאנינג א,TH,סרדין בשמן צמחי וילי,גרמים,110.00,100 גרם,false,,6.50,5.9091,true,1,3561
7290003864485,false,סרדינים ברוטב עגבנ יות ויליפוד 110ג' פתח קל,גולדן פרייז קאנינג א,TH,סרדינים ברוטב עגבניו,גרמים,120.00,100 גרם,false,,6.50,5.4167,true,1,3562
7290003882922,false,עלי גפן ממולאים באורז וילי פוד 360 גרם,הזה פלאקספו פוד קו ב,CN,עלי גפן ממולאים באור,גרמים,360.00,100 גרם,false,,9.90,2.7500,true,1,3568
7290003989096,false,סלט חצילים פיקנטי אחלה 500 גרם,מיוצר עי קונדיטוריית,IL,אחלה חציל פיקנטי 500,גרמים,500.00,100 גרם,false,,16.70,3.3400,true,1,24805
7290003989539,false,לורנצו רביולי במילוי גבינה,מיוצר עי קונדיטוריית,IL,EAT GOOD רביולי גבינ,גרמים,400.00,100 גרם,false,,21.70,5.4250,true,1,24806
7290003996513,false,כרוב אדום קצוץ 400 גרם חסלט-כפרי טרי,יעל ירק עלים,IL,כרוב אדום חתוך 400 ג,גרמים,400.00,100 גרם,false,,11.90,2.9750,true,1,89589
7290004011284,false,ריצ בסיס להכנת קצפת 25% 212מל,ריצ' פרודקטס קורפריי,US,ריצ בסיס להכנת קצפת,מיליליטרים,212.00,"100 מ""ל",false,,9.30,4.3868,true,1,114649
7290004011338,false,"ספריי קצפת מתוקה מוכנה ריץ' 250 מ""ל",האי נאם סי או אל.טי.,IT,ריצ קצפת במיכל 250מל,מיליליטרים,250.00,"100 מ""ל",false,,12.90,5.1600,true,1,18510
7290004011345,false,"ספריי קצפת מתוקה מוכנה פרווה ריץ' 238 מ""ל",האי נאם סי או אל.טי.,IT,קצפת ריץ במיכל פרווה,מיליליטרים,238.00,"100 מ""ל",false,,12.90,5.4202,true,1,18511
7290004011796,false,קבבונים בקר קפוא אל גאוצ''ו 400ג',"טיבון ויל אחזקות בע""",IL,אל גאוצו קבבונים 400,גרמים,400.00,100 גרם,false,,24.90,6.2250,true,1,18518
7290004026776,false,לחם מחמצת אגוזים וצימוקים,פילסברי,,לחם מחמצת אגוזים וצי,גרמים,530.00,100 גרם,false,,18.90,3.5660,true,1,56901
7290004030018,false,"פריניב מיץ לימון סחוט פרי לתיבול 500 מ""ל",הנסיך- מפעל לייצור ט,IL,מיץ לימון סחוט פרי פ,מיליליטרים,500.00,"100 מ""ל",false,,7.90,1.5800,true,1,42649
7290004030445,false,מיץ תפוזים סחוט רכיבים טבעיים 1 ליטר פרי ניב,פריניב בעמ,IL,פרי ניב תפוז סחוט 1ל,ליטרים,1.00,ליטר,false,,15.90,15.9000,true,1,42667
7290004030544,false,משקה בטעם לימונדה לואיזה ולימון 1 ליטר פריניב,פרי ניב,IL,לימונדה לואיזה ולמון,יחידה,0.00,יחידה,false,,15.90,0.0000,true,1,42668
7290004030612,false,"מיץ תפוח, קיווי אגס ללא תוספת סוכר 1 ליטר פרי ניב",פריניב בעמ,IL,פרי ניב מיץ קיוי אגס,ליטרים,1.00,ליטר,false,,16.10,16.1000,true,1,42671
7290004030834,false,מיץ רימונים סחוט 100% רכיבים טבעיים פרי ניב 1 ליטר,פריניב בעמ,IL,מיץ סחוט רימונים 100,ליטרים,1.00,ליטר,false,,25.30,25.3000,true,1,42681
7290004063016,false,מלח שולחן -מוצר בפיקוח,האי נאם סי או אל.טי.,IL,"מלח שולחן סלית 1 ק""ג",קילוגרמים,1.00,"ק""ג",false,,2.07,2.0700,true,1,16299
7290004063115,false,"מלח מטבח עבה להמלחת בשר ובישול 1 ק""ג",האי נאם סי או אל.טי.,IL,מלח מטבח גס לבישול כ,קילוגרמים,1.00,"ק""ג",false,,2.07,2.0700,true,1,16300
7290004064099,false,מטחנה מלח ים מהרי ההימלאיה מלח הארץ 100 גרם,"חברת מלח הארץ אילת בע""\מ",IL,מטחנה מלח מהרי ההימל,גרמים,250.00,100 גרם,false,,17.90,7.1600,true,1,26110
7290004064174,false,"תבלין מלח ההימלאיה דק בצנצנת 1 ק""ג","חברת מלח הארץ אילת בע""\מ",PK,מלח ההימלאיה דק בצנצ,קילוגרמים,1.00,"ק""ג",false,,19.90,19.9000,true,1,97047
7290004064303,false,מלח אטלנטי בצנצנת מלח הארץ 800 גרם,"חברת מלח הארץ אילת בע""\מ",IL,מלח אטלנטי בצנצנת הא,גרמים,800.00,100 גרם,false,,19.90,2.4875,true,1,146655
7290004064310,false,מלח פלוס בצל מלחייה מלח הארץ 175 גרם,"חברת מלח הארץ אילת בע""\מ",IL,מלח פלוס בצל מלחייה,גרמים,175.00,100 גרם,false,,11.00,6.2857,true,1,170189
7290004064334,false,מלח פלוס שום מלחייה מלח הארץ 175 גרם,"חברת מלח הארץ אילת בע""\מ",IL,מלח פלוס שום מלחייה,גרמים,175.00,100 גרם,false,,11.00,6.2857,true,1,170191
7290004068028,false,"ציזיקי יוגורט לשתיה גד 500 מ""ל",מיוצר על ידי קוד יצר,IL,גד משקה צזיקי 2% 500,מיליליטרים,500.00,"100 מ""ל",false,,11.20,2.2400,true,1,15399
7290004068035,false,"יוגורט לשתייה איירן 3% גד 500 מ""ל","מיוצר ע""י קוד יצרן M",IL,גד משקה איירן בסגנון,גרמים,500.00,100 גרם,false,,9.90,1.9800,true,1,15400
7290004068172,false,"יוגורט עיזים בדלי 5% 600 מ""ל רובין",קוד יצרן MKN,IL,גד יוגורט עיזים 5% 6,מיליליטרים,600.00,"100 מ""ל",false,,19.60,3.2667,true,1,15401
7290004078263,false,מקלות אוזניים פלסטיק 2* 200 יחידות,ספטונה,GR,צמרונים בקופסא זוג ב,יחידה,0.00,יחידה,false,,12.90,0.0000,true,1,23497
7290004102326,false,תרד בקופסא יחידה,Unknown,,תרד לא שטוף,גרמים,180.00,100 גרם,false,,11.90,6.6111,true,1,55691
7290004119133,false,כד יוגורט תנובה 6.5% שומן 1.5 ליטר,מיוצר עי קונדיטוריית,IL,יוגורט כדים תנובה 7%,ליטרים,1.50,ליטר,false,,18.70,12.4667,true,1,27419
7290004119225,false,יופלה יוגורט אננס %3 גביע 150 גרם,תנובה מרכז שיתופי לש,IL,יופלה אננס 3% 150מל,גרמים,150.00,100 גרם,false,,5.70,3.8000,true,1,27420
7290004119928,false,מעדן חלב בטעם וניל 2% קרלו תנובה 125 גרם,מחלבת אלון תבור,IL,קרלו וניל 3% 125מל,מיליליטרים,125.00,"100 מ""ל",false,,3.50,2.8000,true,1,27425
7290004119973,false,קרלו מעדן שוקו רביעיה גביע 1.5% 125 גרם,תנובה מרכז שיתופי לש,IL,קרלו שוקולדה 3% 125מ,מיליליטרים,125.00,"100 מ""ל",false,,3.50,2.8000,true,1,27426
7290004120061,false,מעדן חלב בטעם שוקו וניל שוניל 2% קרלו 125 גרם,תנובה מרכז שיתופי לש,IL,קרלו שוניל 3% 125מל,מיליליטרים,125.00,"100 מ""ל",false,,3.50,2.8000,true,1,27427
7290004120108,false,יופלה דיאט יוגורט דובדבן %0 גביע 150גרם,תנובה מרכז שיתופי לש,IL,יופלה דיאט דובדבן 0%,מיליליטרים,150.00,"100 מ""ל",false,,5.60,3.7333,true,1,27430
7290004120566,false,פיראוס 24% גבינה בולגרית 250 גרם,תנובה חלב,IL,פיראוס בולגרית 24% 2,גרמים,250.00,100 גרם,false,,26.90,10.7600,true,1,27448
7290004120573,false,פיראוס 16% גבינה בולגרית 250 גרם,תנובה מרכז שיתופי לש,IL,פיראוס בולגרית בקר 1,גרמים,250.00,100 גרם,false,,26.90,10.7600,true,1,27449
7290004120634,false,גבינה פיראוס בולגרית 5% 250 גרם,תנובה מרכז שיתופי לש,IL,פיראוס בולגרית 5% 25,גרמים,250.00,100 גרם,false,,26.90,10.7600,true,1,27450
7290004120832,false,"חלב 2 ליטר 3% כד ""תנובה""- מוצר בפיקוח",תנובה מרכז שיתופי לש,IL,"חלב תנובה טרי 3% בד""",ליטרים,2.00,ליטר,false,,12.46,6.2300,true,1,27452
7290004121488,false,יופלה דיאט אפרסק 0% גביע 150 גרם,תנובה מרכז שיתופי לש,IL,יופלה דיאט אפרסק 0%,מיליליטרים,150.00,"100 מ""ל",false,,5.60,3.7333,true,1,27457
7290004121525,false,יופלה מאגדת פרי 4 תות 4 אפרסק 3% 8 יח'*150 ג',תנובה מרכז שיתופי לש,IL,יופלה אפרסק תות 3% 8,קילוגרמים,1.20,"ק""ג",false,,34.90,29.0833,true,1,27458
7290004121754,false,יוגורט ביו עוגת גבינה ותות 3% יופלה 150 גרם,תנובה חלב,IL,יופלה קרם גבינה ותות,גרמים,150.00,100 גרם,false,,5.70,3.8000,true,1,27461
7290004122119,false,פתיתי פרמזן לפסטה 23% השף הלבן 100 גרם,פ.פ.ח. שאביט,IL,שף לבן פתיתי פרמזן ל,גרמים,100.00,100 גרם,false,,13.90,13.9000,true,1,27468
7290004122195,false,גוש חלב גבינה צהובה פרוסה 28% תנובה 200 גרם,תנובה חלב,IL,גוש חלב פרוס 28% 200,גרמים,200.00,100 גרם,false,,15.90,7.9500,true,1,27469
7290004122270,false,עמק קלאסית פרוסות גבינה חצי קשה 28% 200 גרם,תנובה מרכז שיתופי לש,IL,עמק פרוס סגירה חוזרת,גרמים,200.00,100 גרם,false,,17.50,8.7500,true,1,27470
7290004122348,false,גבינת עמק לייט פרוס בקופסא 200 גרם,תנובה מרכז שיתופי לש,IL,עמק לייט 9% 200ג,גרמים,200.00,100 גרם,false,,17.90,8.9500,true,1,27472
7290004122676,false,גבינת חמד לייט 5% פיראוס 250 ג',"תנובה,מחלבת טנא נוגה",IL,פיראוס חמד לייט 5% 2,גרמים,250.00,100 גרם,false,,20.90,8.3600,true,1,27476
7290004122683,false,עמק חטיף אצבעות גבינה חצי קשה 28% שומן,תנובה מרכז שיתופי לש,IL,עמק אצבעות 172ג,גרמים,172.00,100 גרם,false,,17.90,10.4070,true,1,27477
7290004124205,false,יופלה דיאט יוגורט תות %0 גביע 150 גרם,תנובה מרכז שיתופי לש,IL,יופלה דיאט תות 0% 15,מיליליטרים,150.00,"100 מ""ל",false,,5.60,3.7333,true,1,27492
7290004124847,false,"קצפת צמחית השף הלבן 500 מ""ל תנובה",תנובה מרכז שיתופי לש,IL,שף לבן קצפת צמחית 24,מיליליטרים,500.00,"100 מ""ל",false,,18.50,3.7000,true,1,27499
7290004125370,false,"שמנת חמוצה 9% מופחתת שומן תנובה 200 מ""ל מהדרין",תנובה מרכז שיתופי לש,IL,תנובה שמנת מופחתת 9%,מיליליטרים,200.00,"100 מ""ל",false,,4.10,2.0500,true,1,27503
7290004125400,false,"אשל שלי מהדרין 200 מ""ל 4.5% ""תנובה""- מוצר בפיקוח",פארייפאבה אגרואינדוס,IL,"אשל 4.5% בד""צ מהדרין",מיליליטרים,200.00,"100 מ""ל",false,,1.69,0.8450,true,1,27504
7290004125417,false,"גיל 3% שלי 200 מ""ל ""תנובה"" -מוצר בפיקוח",תנובה מרכז שיתופי לש,IL,"גיל 3% בד""צ מהדרין",מיליליטרים,200.00,"100 מ""ל",false,,1.51,0.7550,true,1,27505
7290004125455,false,"שמנת חמוצה 200 מ""ל 15% ""תנובה"" -מוצר בפיקוח",תנובה מרכז שיתופי לש,IL,תנובה שמנת אורגינל מ,מיליליטרים,200.00,"100 מ""ל",false,,2.40,1.2000,true,1,27506
7290004125462,false,"שמנת חמוצה 15% תנובה 500 מ""ל מהדרין",תנובה מרכז שיתופי לש,IL,תנובה שמנת חמוצה 15%,מיליליטרים,500.00,"100 מ""ל",false,,6.00,1.2000,true,1,27507
7290004125509,false,"שמנת חמוצה 15% מועשרת תנובה 100 מ""ל",תנובה מרכז שיתופי לש,IL,תנובה שמנת חצי מנה 1,מיליליטרים,100.00,"100 מ""ל",false,,1.80,1.8000,true,1,27508
7290004125578,false,משקה סויה מעושר בסידן תנובה 1ל',תנובה מרכז שיתופי לש,IL,משקה סויה תנובה מועש,ליטרים,1.00,ליטר,false,,12.50,12.5000,true,1,27509
7290004125585,false,משקה סויה בטעם וניל תנובה 1 ליטר,תנובה מרכז שיתופי לש,IL,סויה תנובה משקה סויה,ליטרים,1.00,ליטר,false,,12.50,12.5000,true,1,27510
7290004125721,false,"השף הלבן שמנת עמידה לבישול 15% תנובה 250 מ""ל",תנובה מרכז שיתופי לש,IL,שף לבן שמנת לבישול 1,מיליליטרים,250.00,"100 מ""ל",false,,8.90,3.5600,true,1,27513
7290004125738,false,שמנת מתוקה להקצפה32% 250מל עמיד השף הלבן,תנובה מרכז שיתופי לש,IL,שף לבן שמנת להקצפה 3,מיליליטרים,250.00,"100 מ""ל",false,,7.20,2.8800,true,1,27514
7290004125776,false,גבינה צהובה עמק 28% 400 גרם בקופסא,תנובה חלב,IL,עמק גבינה קשה פרוסה,גרמים,400.00,100 גרם,false,,31.90,7.9750,true,1,27517
7290004126674,false,טל העמק פרוסות גבינה חצי קשה לייט %9 200 גרם בקופסא,תנובה מרכז שיתופי לש,IL,עמק טל לייט 9% 200ג,גרמים,200.00,100 גרם,false,,19.90,9.9500,true,1,27525
7290004126759,false,יוגורט דיאט יופלה פירות יער 150 גרם,תנובה חלב,IL,יופלה דיאט פירות יער,מיליליטרים,150.00,"100 מ""ל",false,,5.60,3.7333,true,1,27526
7290004126872,false,משקאות חלב תנובה שוקו בקבוק 250מל,תנובה חלב,IL,משקאות חלב תנובה שוק,מיליליטרים,250.00,"100 מ""ל",false,,5.90,2.3600,true,1,27527
7290004127077,false,קוטג תנובה 3% גביע 250 גרם מהדרין,מיוצר עי קונדיטוריית,IL,קוטג תנובה 3% 250 ג,גרמים,250.00,100 גרם,false,,5.70,2.2800,true,1,27528
7290004127329,false,קוטג תנובה גביע 250 גרם %5 ו.מהדרין,מיוצר עי קונדיטוריית,IL,קוטג' 5% תנובה מהדרי,גרמים,250.00,100 גרם,false,,5.70,2.2800,true,1,27530
7290004127336,false,קוטג תנובה גביע 250 גרם %9 ו.מהדרין,מיוצר עי קונדיטוריית,IL,קוטג' תנובה מהדרין 9,גרמים,250.00,100 גרם,false,,5.70,2.2800,true,1,27531
7290004127800,false,"גבינה לבנה 500 גרם 5% ""תנובה"" -מוצר בפיקוח",מיוצר עי קונדיטוריית,IL,תנובה גבינה לבנה 5%,גרמים,500.00,100 גרם,false,,9.96,1.9920,true,1,27535
7290004127817,false,גבינה לבנה 9% שומן 500 ג' תנובה,מיוצר עי קונדיטוריית,IL,תנובה גבינה לבנה 9%,גרמים,500.00,100 גרם,false,,9.50,1.9000,true,1,27536
7290004127862,false,"גבינה לבנה 750 גרם 5% ""תנובה"" - מוצר בפיקוח",תנובה מרכז שיתופי לש,IL,תנובה גבינה למריחה מ,גרמים,750.00,100 גרם,false,,14.90,1.9867,true,1,27537
7290004128432,false,פתיתים מיוחדים לפיצה על בסיס גבינה 500 ג',תנובה חלב,IL,שף לבן פתיתי גבינה מ,גרמים,500.00,100 גרם,false,,22.50,4.5000,true,1,27550
7290004129101,false,גבינת שמנת 25% בטעם טבעי 225 ג' נפוליאון,תנובה מרכז שיתופי לש,IL,נפוליאון בטעם טבעי 2,גרמים,225.00,100 גרם,false,,15.90,7.0667,true,1,27553
7290004129118,false,גבינת שמנת 24% עם זיתים ירוקים 225 ג' נפוליאון,תנובה מרכז שיתופי לש,IL,נפוליאון בטעם זיתים,גרמים,225.00,100 גרם,false,,15.90,7.0667,true,1,27554
7290004129156,false,גבינת שמנת25% עם שום שמיר 225 ג' נפוליאון,תנובה מרכז שיתופי לש,IL,נפוליאון שום שמיר 25,גרמים,225.00,100 גרם,false,,15.90,7.0667,true,1,27555
7290004129736,false,יוגורט במתיקות מעודנת 1.5% שומן 200 ג' יופלה,תנובה מרכז שיתופי לש,IL,יופלה קרם יוגרט מעוד,מיליליטרים,200.00,"100 מ""ל",false,,4.90,2.4500,true,1,27558
7290004129767,false,"3% 'יופלה לבן מארז שמינייה 1.2 ק""ג",מחלבת אלון תבור,IL,יופלה לבן מאגדת 3% 8,קילוגרמים,1.20,"ק""ג",false,,19.50,16.2500,true,1,27559
7290004130794,false,משקה סויה במתיקות מופחתת תנובה 1 ליטר,תנובה מרכז שיתופי לש,IL,סויה תנובה טבעי במתי,ליטרים,1.00,ליטר,false,,12.50,12.5000,true,1,27566
7290004130916,false,יוגורט יופלה פירות יער בשמנת 3% 150 גרם,תנובה מרכז שיתופי לש,IL,יופלה בטעם פירות יער,גרמים,150.00,100 גרם,false,,5.70,3.8000,true,1,27568
7290004131074,false,"חלב 1 ליטר 3% קרטון ""תנובה""- מוצר בפיקוח",תנובה מרכז שיתופי לש,IL,חלב תנובה הומוגני מה,ליטרים,1.00,ליטר,false,,6.23,6.2300,true,1,27573
7290004131432,false,יוגורט יופלה לבן ביו 3% 200 גרם,מיוצר עי קונדיטוריית,IL,יופלה לבן 3% 200מל,מיליליטרים,200.00,"100 מ""ל",false,,4.50,2.2500,true,1,27580
7290004131814,false,גבינה צפתית 5% מעודנת 200 ג' פיראוס,פארייפאבה אגרואינדוס,IL,פיראוס צפתית מעודנת,גרמים,200.00,100 גרם,false,,16.90,8.4500,true,1,27591
7290004132552,false,משקה סויה בטעם טבעי לייט תנובה 1 ליטר,תנובה מרכז שיתופי לש,IL,סויה תנובה לייט בטעם,ליטרים,1.00,ליטר,false,,12.50,12.5000,true,1,27600
7290004132712,false,חטיף אצבעות גבינת מוצרלה 20% 172 ג' עמק,תנובה מרכז שיתופי לש,IL,עמק אצבעות מוצרלה 20,גרמים,174.00,100 גרם,false,,17.90,10.2874,true,1,27604
7290004133511,false,יופלה מאגדת לבן 1.5% מעודן 8 יח' * 150 ג',מחלבת אלון תבור,IL,יופלה לבן מעודן 1.5%,ליטרים,1.20,ליטר,false,,22.90,19.0833,true,1,27617
7290004134945,false,יוגורט מוקה 3% שומן 150 ג' יופלה,תנובה מרכז שיתופי לש,IL,יופלה מוקה 3% 150מל,גרמים,150.00,100 גרם,false,,5.70,3.8000,true,1,27632
7290004135058,false,שמיניית קרלו מיני שוקולד 100 גרם מהדרין,תנובה מרכז שיתופי לש,IL,קרלו מהדרין מיני שוק,מיליליטרים,800.00,"100 מ""ל",false,,13.90,1.7375,true,1,27636
7290004135225,false,מעדן חלב דל קלוריות בטעם שוקולד 0.2שומ,תנובה מרכז שיתופי לש,IL,מעדן תנובה דיאט שוקו,מיליליטרים,150.00,"100 מ""ל",false,,4.50,3.0000,true,1,27643
7290004135614,false,גבינה בולגרית מעודנת 5% פיראוס 250 גרם,תנובה חלב,IL,פיראוס בולגרית מעודנ,גרמים,250.00,100 גרם,false,,23.70,9.4800,true,1,27651
7290004136857,false,מעדן גלי פטל תנובה 125 גרם,תנובה מרכז שיתופי לש,IL,ג'לי תנובה פטל 125מל,מיליליטרים,125.00,"100 מ""ל",false,,2.90,2.3200,true,1,27669
7290004136864,false,מעדן ג'לי בטעם אננס עם חתיכות תנובה 125 גרם,תנובה חלב,IL,ג'לי תנובה אננס עם ח,מיליליטרים,125.00,"100 מ""ל",false,,2.90,2.3200,true,1,27670
7290004136871,false,מעדן ג'לי בטעם אפרסק עם חתיכות תנובה 125 גרם,תנובה מרכז שיתופי לש,IL,ג'לי תנובה אפרסק עם,מיליליטרים,125.00,"100 מ""ל",false,,2.90,2.3200,true,1,27671
7290004137021,false,"שמנת עמידה לבישול מופחת שומן 10% השף הלבן 250 מ""ל",תנובה מרכז שיתופי לש,IL,שף לבן שמנת לבישול 1,מיליליטרים,250.00,"100 מ""ל",false,,8.90,3.5600,true,1,27673
7290004137311,false,עמק לייט משפחתית 9% 400ג-ועדת מהדרין,תנובה חלב,IL,עמק לייט משפחתית 9%,גרמים,400.00,100 גרם,false,,32.90,8.2250,true,1,27676
7290004137809,false,פיראוס לאבנה 5% גביע 250 גרם,"תנובה, מחלבת אלון תב",IL,פיראוס לאבנה 5% 250ג,גרמים,250.00,100 גרם,false,,14.50,5.8000,true,1,27679
7290004150112,false,חומוס מזרחי פיקנטי פרימיום 300 גרם שמיר,"סלטי שמיר 2006 בע""\מ",IL,חומוס מזרחי 300 גרם,גרמים,300.00,100 גרם,false,,15.90,5.3000,true,1,318432
7290004150129,false,טחינה פיקנטי פרימיום 300 גרם,"סלטי שמיר 2006 בע""\מ",IL,טחינה ביתית 300 גרם,גרמים,300.00,100 גרם,false,,15.90,5.3000,true,1,318433
7290004150136,false,חציל על האש פיקנטי פרימיום 300 גרם שמיר,"סלטי שמיר 2006 בע""\מ",IL,חציל על האש 300 גרם,גרמים,300.00,100 גרם,false,,15.90,5.3000,true,1,318434
7290004150143,false,חציל במיונז פיקנטי פרימיום 300 גרם שמיר,"סלטי שמיר 2006 בע""\מ",IL,חציל במיונז 300 גרם,גרמים,300.00,100 גרם,false,,15.90,5.3000,true,1,318435
7290004150150,false,חציל בטחינה פיקנטי פרימיום 300 גרם שמיר,"סלטי שמיר 2006 בע""\מ",IL,חציל בטחינה 300 גרם,גרמים,300.00,100 גרם,false,,15.90,5.3000,true,1,318436
7290004150167,false,תפואדמה במיונז פיקנטי פרימיום 300 גרם,"סלטי שמיר 2006 בע""\מ",IL,"סלט תפו""א במיונז 300",גרמים,300.00,100 גרם,false,,15.90,5.3000,true,1,318437
7290004150174,false,קולוסלאו פיקנטי פרימיום 300 גרם,"סלטי שמיר 2006 בע""\מ",IL,סלט קולסלאו 300 גרם,גרמים,300.00,100 גרם,false,,15.90,5.3000,true,1,318438
7290004150198,false,סלק מגורד פיקנטי פרימיום 300 גרם שמיר,"סלטי שמיר 2006 בע""\מ",IL,סלק מגורד 300 גרם,גרמים,300.00,100 גרם,false,,15.90,5.3000,true,1,318440
7290004150204,false,מטבוחה פיקנטי פרימיום 300 גרם שמיר,"סלטי שמיר 2006 בע""\מ",IL,סלט מטבוחה 300 גרם,גרמים,300.00,100 גרם,false,,15.90,5.3000,true,1,318441
7290004150211,false,תורכי איסטנבול 300 גרם פיקנטי פרימיום,"סלטי שמיר 2006 בע""\מ",IL,סלט תורכי איסטנבול 3,גרמים,300.00,100 גרם,false,,15.90,5.3000,true,1,318442
7290004150235,false,חומוס עם חריף פיקנטי פרימיום 300 גרם שמיר,"סלטי שמיר 2006 בע""\מ",IL,חומוס עם חריף 300 גר,גרמים,300.00,100 גרם,false,,15.90,5.3000,true,1,318444
7290004200244,false,שקית פרסים,,,פרסים רמה 3,יחידה,0.00,יחידה,false,,9.50,0.0000,true,1,35111
7290004219277,false,אנשובי ארוך בצנצנת ויליפוד 80 גרם,קונסרבאס פרדו,ES,פילה אנשובי אמיתי אר,גרמים,78.00,100 גרם,false,,14.90,19.1026,true,1,3570
7290004225285,false,גבינה בסגנון דנאבלו 100 ג',האי נאם סי או אל.טי.,DK,סגנון דנאבלו 100 גרם,גרמים,100.00,100 גרם,false,,11.90,11.9000,true,1,18526
7290004230333,false,"מקלות בורקס פילו תפו""א שגב 600 גר",שלושת האופים שגמור,IL,שגב מקלות בורקס פילו,גרמים,600.00,100 גרם,false,,21.90,3.6500,true,1,119273
7290004230340,false,מקלות בורקס פילו תרד ובצל שגב 600 ג,שלושת האופים שגמור,IL,שגב מקלות בורקס פילו,גרמים,600.00,100 גרם,false,,21.90,3.6500,true,1,119274
7290004230357,false,שגב מקלות בורקס פילו גבינה ובטטה 600 גר,שלושת האופים שגמור,IL,שגב מקלות בורקס פילו,גרמים,600.00,100 גרם,false,,21.90,3.6500,true,1,119275
7290004230364,false,שגב מקלות בורקס פילו גבינה צרפתי 600 גר,שלושת האופים שגמור,IL,שגב מקלות בורקס פילו,גרמים,600.00,100 גרם,false,,21.90,3.6500,true,1,119276
7290004230364,false,שגב מקלות בורקס פילו גבינה צרפתי 600 גר,שלושת האופים שגמור,IL,שגב מקלות בורקס פילו,גרמים,600.00,100 גרם,false,,21.90,3.6500,true,1,119276
7290004230371,false,מקלות בורקס פילו פיצה 600 גרם לנדא,שלושת האופים שגמור,IL,שלושת האופים מקלות ב,גרמים,600.00,100 גרם,false,,21.90,3.6500,true,1,119277
7290004230371,false,מקלות בורקס פילו פיצה 600 גרם לנדא,שלושת האופים שגמור,IL,שלושת האופים מקלות ב,גרמים,600.00,100 גרם,false,,21.90,3.6500,true,1,119277
7290004230944,false,מקלות פילו גבינה 600 גר' שלושת האופים לנדא,שלושת האופים שגמור,IL,מקלות בורקס פילו גבי,גרמים,600.00,100 גרם,false,,21.90,3.6500,true,1,119279
7290004230944,false,מקלות פילו גבינה 600 גר' שלושת האופים לנדא,שלושת האופים שגמור,IL,מקלות בורקס פילו גבי,גרמים,600.00,100 גרם,false,,21.90,3.6500,true,1,119279
7290004324605,false,גבינה מותכת למריחה בטעם רוקפור 7% מון בלאן 120 ג',האי נאם סי או אל.טי.,IL,מון בלאן רוקפור 7% 1,גרמים,120.00,100 גרם,false,,12.90,10.7500,true,1,18579
7290004480301,false,גבינת שמנת כמהין מעד,,,גבינת שמנת כמהין מעד,קילוגרמים,1.00,"ק""ג",true,,64.00,64.0000,true,1,279242
7290004537241,false,אפונת גינה שדה בשקית,בסט מייסטר,IL,אפונת גינה קפואה 800,גרמים,800.00,100 גרם,false,,15.90,1.9875,true,1,106274
7290004537265,false,אפונה עדינה קפואה 60,,,אפונה עדינה קפואה 60,גרמים,600.00,100 גרם,false,,16.90,2.8167,true,1,105379
7290004537326,false,לקט ירקות מעורבים קפ,,,לקט ירקות העונה 800,גרמים,800.00,100 גרם,false,,15.90,1.9875,true,1,105389
7290004537340,false,גזר גמדי 800גרם שדה,,,גזר גמדי 800גרם שדה,גרמים,800.00,100 גרם,false,,15.90,1.9875,true,1,105390
7290004584306,false,רבעיית גמדים בטעם תות בננה * 100 ג' שטראוס,מיוצר עי קונדיטוריית,IL,גמדים תות בננה 4*100,מיליליטרים,400.00,"100 מ""ל",false,,12.50,3.1250,true,1,24808
7290004584351,false,גבינה לבנה סימפוניה עם תוספות 200 ג' חמישית 200,"שטראוס בריאות בע""\מ",IL,סימפוניה חמישית 200ג,גרמים,200.00,100 גרם,false,,12.90,6.4500,true,1,24809
7290004584528,false,יוגורט דנונה ביו לבן 1.7% שומן 200 גרם,מיוצר עי קונדיטוריית,IL,דנונה יוגורט טבעי 1.,מיליליטרים,200.00,"100 מ""ל",false,,4.10,2.0500,true,1,24810
7290004585907,false,דני ועדן וניל 1.5% 125ג' שטראוס,מיוצר עי קונדיטוריית,IL,דני וניל מהדרין 130מ,מיליליטרים,130.00,"100 מ""ל",false,,3.10,2.3846,true,1,24811
7290004658953,false,יין סוביניון בלאן פרייבט קולקשן יקבי כרמל,"כד בני דרום בע""מ",IL,יין P.C סוביניון ב,מיליליטרים,750.00,"100 מ""ל",false,,44.90,5.9867,true,1,492
7290004658960,false,יין אמרלד ריזלינג פרייבט קולקשן יקבי כרמל,אגודת הכורמים הקואופרטיב,IL,יין P.C אמרלד ריזל,מיליליטרים,750.00,"100 מ""ל",false,,44.90,5.9867,true,1,493
7290004731083,false,"סבון נוזלי לידיים ג'נסינג ""כיף""",טרופיקל דגיל תעשיות,IL,אלסבון ג'נסנג כיף 1,ליטרים,1.00,ליטר,false,,14.90,14.9000,true,1,32046
7290004731472,false,"שלישיית אלסבון צבעוני כיף 500 מ""ל",טרופיקל דגיל תעשיות,IL,שלישיית אלסבון צבעונ,ליטרים,1.50,ליטר,false,,20.90,13.9333,true,1,32053
7290004731564,false,"מקסימה מבשם ומרכך למייבש הכביסה בלו בלוסום 750 מ""ל",סנו מקסימה,IL,סנו מקסימה מבשם ומרכ,מיליליטרים,750.00,"100 מ""ל",false,,19.90,2.6533,true,1,136992
7290004731670,false,"מטהר אוויר דואופרש פצ'ולי לבנדר סנו 300 מ""ל","סנו מפעלי ברונוס בע""\מ",IL,דואופרש פצ'ולי לבנדר,מיליליטרים,300.00,"100 מ""ל",false,,12.90,4.3000,true,1,32058
7290004762056,false,שקדי מרק חטיפים מן ה,,IL,שקדי מרק חטיפים מן ה,גרמים,400.00,100 גרם,false,,11.90,2.9750,true,1,330154
7290004762063,false,פתיתים אפויים עגולים,,,פתיתים אפויים עגולים,גרמים,500.00,100 גרם,false,,5.90,1.1800,true,1,353760
7290004762827,false,"קרוטונים למרק בטעם שום בצל, 250 גרם",חטיפים מן הטבע,,קרוטונים למרק שקית,גרמים,250.00,100 גרם,false,,10.90,4.3600,true,1,353697
7290005008481,false,ספיד סטיק - דאודורנט ג'ל לגבר ספורט 85 גרם,הנסיך- מפעל לייצור ט,US,דאודורנט ג'ל ספורט ס,גרמים,85.00,100 גרם,false,,21.90,25.7647,true,1,23507
7290005174513,false,חציל אחלה במיונז 500 ג' אחלה+ 33% תוספת,מיוצר עי קונדיטוריית,IL,חציל במיונז אחלה 500,גרמים,500.00,100 גרם,false,,17.90,3.5800,true,1,24812
7290005174551,false,סלט חומוס עם צנוברים 125 ג' אחלה,מיוצר עי קונדיטוריית,IL,אחלה חומוס 125ג,גרמים,125.00,100 גרם,false,,5.90,4.7200,true,1,24813
7290005174568,false,סלט חצילים במיונז אחלה 125 גרם,"שטראוס גרופ בע""\מ",IL,אחלה חציל במיונז 125,גרמים,125.00,100 גרם,false,,5.90,4.7200,true,1,24814
7290005174575,false,טחינה אחלה יום יום משובחת 125ג',מיוצר עי קונדיטוריית,IL,אחלה טחינה 125גר,גרמים,125.00,100 גרם,false,,5.90,4.7200,true,1,24815
7290005197758,false,"עוגיות חיוכים שוקולד עלית 150 גרם בד""צ",אפיפית נצרת תעשיות ב,IL,חיוכים של שוקו,גרמים,150.00,100 גרם,false,,6.50,4.3333,true,1,68944
7290005199578,false,קפה פלטינום נטול קפאין עלית 200 גרם,שטראוס קפה בי.וי.,IL,עלית אוריגינס קפה נט,גרמים,200.00,100 גרם,false,,40.90,20.4500,true,1,24107
7290005199738,false,גומי מאסט בטעם פפרמינט ריח פה נעים פליפטופ 28 ג' עלית,"שטראוס גרופ בע""מ",IL,מאסט ריח פה נעים 28ג,גרמים,28.00,100 גרם,false,,5.20,18.5714,true,1,24109
7290005200786,false,תפוצ'יפס בטעם שמנת בצל עלית 50 גרם,"שטראוס פריטו ליי בע""\מ )",IL,תפוציפס שמנת ובצל 50,גרמים,50.00,100 גרם,false,,4.50,9.0000,true,1,25353
7290005201455,false,קפה נמס מגורען ארומה קלאסי עלית 200 גרם,"אינסטנטה בע""מ",PL,ארומה קפה נמס 200 גר,גרמים,200.00,100 גרם,false,,23.90,11.9500,true,1,24111
7290005201882,false,קפה טורקי בצלופן עלית 200 גרם,הנסיך- מפעל לייצור ט,IL,טורקי עלית 200 גר',גרמים,200.00,100 גרם,false,,17.90,8.9500,true,1,24113
7290005287206,false,רביעיית טונה בשמן סטארקיסט 160 גרם,"סטארקיסט פודור בע""מ",VN,טונה בשמן סטארקיסט ר,גרמים,640.00,100 גרם,false,,25.90,4.0469,true,1,28445
7290005287251,false,רביעיית טונה במים סטארקיסט 160 גרם,"סטארקיסט פודור בע""מ",VN,טונה במים סטארקיסט ר,גרמים,640.00,100 גרם,false,,25.90,4.0469,true,1,28448
7290005296246,false,"פותח סתימות דריין אאוט 946 מ""ל יעקבי",יוליניבר,US,יעקבי פותח סתימות אק,מיליליטרים,946.00,"100 מ""ל",false,,30.90,3.2664,true,1,12043
7290005384851,false,וילי פוד מיץ לימון בדץ 200מל,קריות זול,IT,מיץ לימון משומר וילי,מיליליטרים,200.00,"100 מ""ל",false,,4.90,2.4500,true,1,3583
7290005403972,false,תחתיות ארטישוק 400 גרם שדה בשקית,,,תחתיות ארטישוק 400 ג,גרמים,400.00,100 גרם,false,,17.90,4.4750,true,1,111315
7290005403989,false,במיה קפואה 600 גרם ש,,,במיה קפואה 600 גרם ש,גרמים,600.00,100 גרם,false,,13.90,2.3167,true,1,110489
7290005423055,false,סנו פורטה פלוס מתז בניחות לימון 1 ל',"סנו מפעלי ברונוס בע""\מ",IL,מתז פורטה פלוס בניחו,ליטרים,1.00,100 ליטר,false,,19.90,1990.0000,true,1,139276
7290005423253,false,"סנו - מקסימה מרסס למייבש כביסה אולטרה פרש 750 מ""ל","סנו מפעלי ברונוס בע""\מ",IL,סנו מקסימה למייבש או,מיליליטרים,750.00,"100 מ""ל",false,,19.90,2.6533,true,1,32077
7290005423567,false,מטליות ניקוי רב שימושיות בגליל סנו סושי 40 יחידות,אסותא תעשיות אלבד בע,IL,סנו סושי מטלית לכל 3,יחידה,0.00,יחידה,false,,22.00,0.0000,true,1,32086
7290005423635,false,ריצפז נוזל רצפות דוחה תיקנים סנו 2 ליטר,מיוצר עי קונדיטוריית,IL,נוזל לניקוי רצפות דו,ליטרים,2.00,ליטר,false,,25.90,12.9500,true,1,32087
7290005423888,false,"אל סבון נוזלי מעורב כיף 3*500 מ""ל",טרופיקל דגיל תעשיות,IL,שלישיית אלסבון מעורב,ליטרים,1.50,ליטר,false,,20.90,13.9333,true,1,32091
7290005424113,false,מטליות רצפה סנו סושי 4 יחידות,סנו סושי,IL,סנו סושי מטליות רצפה,יחידה,0.00,יחידה,false,,11.90,0.0000,true,1,32094
7290005424403,false,"אל סבון כיף אצות ים קטיפתי 1ליטר,",טרופיקל דגיל תעשיות,IL,אל סבון אצות ים כיף,ליטרים,1.00,ליטר,false,,14.90,14.9000,true,1,32097
7290005424762,false,ריצפז פלוס ווקס נוזל להברקת רצפות דוחה תיקנים סנו 2 ליטר,"סנו מפעלי ברונוס בע""\מ",IL,ריצפז פלוס ווקס דוחה,ליטרים,2.00,ליטר,false,,30.90,15.4500,true,1,32102
7290005424847,false,"מפיות סופט לבנות לשולחן (150 יח') ""סנו""",מיוצר עי קונדיטוריית,TR,סנו סופט מפיות 30*30,יחידה,0.00,יחידה,false,,9.90,0.0000,true,1,32106
7290005425196,false,"מקסימה אבקת כביסה סנסיטיב סנו 2.5 ק""ג",מיוצר עי קונדיטוריית,IL,אבקת כביסה סנו מקסימ,קילוגרמים,2.50,"ק""ג",false,,28.90,11.5600,true,1,32113
7290005425646,false,קליר נוזל לניקוי חלונות רב תכליתי סנו 1 ליטר,"סנו מפעלי ברונוס בע""\מ",IL,סנוקליר נוזל רב תכלי,יחידה,0.00,יחידה,false,,12.90,0.0000,true,1,32121
7290005426193,false,ספוגית הפלא סנו סושי 6 יחידות,טרופיקל דגיל תעשיות,IL,סנו סושי ספוג הפלא,יחידה,0.00,יחידה,false,,12.90,0.0000,true,1,32131
7290005426940,false,300-K פלוס8 קוטל חרקי400,טרופיקל דגיל תעשיות,IL,סנו 300 K פלוס 8,מיליליטרים,400.00,"100 מ""ל",false,,21.90,5.4750,true,1,32146
7290005426971,false,סנובון סבון לאסלה תפוח כחול סנו 3 יחידות,סנו מפעלי ברונו בעמ,IL,סנובון כחול שלישיה ב,גרמים,165.00,100 גרם,false,,18.90,11.4545,true,1,32148
7290005430602,false,"סנו אוקסיג'ן ספריי להסרת כתמים עם חמצן פעיל 750 מ""ל","סנו מפעלי ברונוס בע""",IL,סנו אוקסיג'ן מסיר כת,מיליליטרים,750.00,"100 מ""ל",false,,20.90,2.7867,true,1,32194
7290005431159,false,תותים בקצפת לייט עדן קינוחים 80 גרם,עדן קינוחים,IL,תותים בקצפת לייט 80,גרמים,80.00,100 גרם,false,,8.20,10.2500,true,1,215210
7290005431883,false,מלבי חלבי עדן קינוחים 165 גרם,עדן קינוחים Eden,IL,עדן מלבי חלבי 165 גר,גרמים,165.00,100 גרם,false,,8.20,4.9697,true,1,44743
7290005431906,false,קדאיף עדן קינוחים 82 גרם,עדן קינוחים Eden,IL,עדן קדאיף 82 גרם,גרמים,82.00,100 גרם,false,,8.20,10.0000,true,1,44745
7290005431913,false,עוגת גבינה פירורים עדן קינוחים 92 גרם,עדן קינוחים Eden,IL,קינוחי עדן עוגת גבינ,גרמים,92.00,100 גרם,false,,8.20,8.9130,true,1,44746
7290005431920,false,עוגת גבינה פירורים לייט עדן קינוחים 78 גרם,עדן קינוחים Eden,IL,עדן עוגת גבינה פירור,גרמים,78.00,100 גרם,false,,8.20,10.5128,true,1,44747
7290005431937,false,טירמיסו עדן קינוחים 82 גרם,עדן קינוחים Eden,IL,עדן טירמיסו 82 גרם,גרמים,82.00,100 גרם,false,,8.20,10.0000,true,1,44748
7290005559907,false,פיצה משפחתית 100% גבינה מעדנות 500 גרם,מיוצר עי קונדיטוריית,IL,פיצה משפחתית גבינה 5,גרמים,500.00,100 גרם,false,,24.90,4.9800,true,1,69945
7290005559914,false,פיצה משפחתית עם 100% גבינה בתוספת זיתים מעדנות 550 גרם,מיוצר עי קונדיטוריית,IL,פיצה משפחתית זיתים 5,גרמים,550.00,100 גרם,false,,27.70,5.0364,true,1,69946
7290005591761,false,דבש טהור מפרחי בר בלחיץ 400 ג' יד מרדכי,מכוורת יד מרדכי שטראוס ב,IL,דבש טהור מפרחי בר בל,גרמים,400.00,100 גרם,false,,27.00,6.7500,true,1,24114
7290005610127,false,תפוח אדמה גורמה דוד משה,אראל תוצרת חקלאית בע,IL,תפו`א גורמה לבן דוד,קילוגרמים,1.00,"ק""ג",true,,7.90,7.9000,true,1,55179
7290005610196,false,תפוח אדמה לבןבייבי גורמה,אראל תוצרת חקלאית בע,IL,תפו`א בייבי גורמה,קילוגרמים,1.00,"ק""ג",true,,6.90,6.9000,true,1,145870
7290005838002,false,מעדן גבינה ויוגורט בטעם וניל 88 ג' דניאלה,"שטראוס בריאות בע""מ",IL,דניאלה מעדן גבינה 15,מיליליטרים,150.00,"100 מ""ל",false,,4.50,3.0000,true,1,24817
7290005838613,false,"סקי וניל בודד 125 גרם ""שטראוס""","שטראוס בריאות בע""\מ",IL,גבינה וניל 3% סקי 12,גרמים,125.00,100 גרם,false,,3.90,3.1200,true,1,24818
7290005838972,false,גבינת יום יום 5% שטראוס 125ג',מיוצר עי קונדיטוריית,IL,גבינת יום יום 5% סקי,גרמים,125.00,100 גרם,false,,3.70,2.9600,true,1,24819
7290005839078,false,שמיניית יוגורט לבן 3% ביו דנונה 150 גרם,מיוצר עי קונדיטוריית,IL,דנונה ביו מארז חסכון,קילוגרמים,1.20,"ק""ג",false,,18.90,15.7500,true,1,24820
7290005839108,false,גבינה לבנה סימפוניה עם תוספות 200 ג'+זיתים 5%,"שטראוס בריאות בע""\מ",IL,סימפוניה עם זיתים 5%,גרמים,200.00,100 גרם,false,,12.90,6.4500,true,1,24821
7290005839313,false,"מילקי טופ מגולגלת שטראוס 170 מ""ל",מיוצר עי קונדיטוריית,IL,מילקי טופ מגולגלת 14,מיליליטרים,142.00,"100 מ""ל",false,,5.00,3.5211,true,1,24822
7290005896453,false,"בירה מכבי 7.9%, בירה חזקה, בקבוק חוזר 500 מ''ל",טמפו משקאות בע''מ,IL,בירה מכבי 7.9 בקבוק,מיליליטרים,500.00,"100 מ""ל",false,,8.90,1.7800,true,1,118593
7290005896637,false,סאן בנדטו - מים מינרלים טבעיים מהאלפים 1.5 ליטר,אקווה מינרלה סאן בנדטו ב,IT,סאן בנדטו 1.5 ליטר,ליטרים,1.50,ליטר,false,,4.50,3.0000,true,1,10196
7290005901454,false,סטייק מינוט טעים טעי,,,סטייק מינוט טעים טעי,גרמים,300.00,100 גרם,false,,37.90,12.6333,true,1,140532
7290005938245,false,ממרח פסטו קלאסי פרסקו 220ג' מצונן,מיוצר עי פרסקו חצבה,IL,פרסקו ממרח מצונן פסט,גרמים,220.00,100 גרם,false,,19.90,9.0455,true,1,18587
7290005966033,false,"יין לבן הר חרמון 750 מ""ל",יקבי רמת הגולן קצרין,IL,יקבי רמת הגולן הר חר,מיליליטרים,750.00,"100 מ""ל",false,,39.90,5.3200,true,1,115669
7290005992575,false,בולגרית למריחה 5% 250 גרם - רבנות,מחלבות גד בעמ,IL,גד בולגרית למריחה 5%,גרמים,250.00,100 גרם,false,,19.50,7.8000,true,1,15408
7290005992735,false,לאבנה טבעית 5% 250 גר' - רבנות,הנסיך- מפעל לייצור ט,IL,גד לאבנה 5% 250ג,גרמים,250.00,100 גרם,false,,13.90,5.5600,true,1,15410
7290005996078,false,סרוולט בסגנון הונגרי יחיעם 125 גרם,מעדני יחיעם,IL,סלמי סרוולט הונגרי 1,גרמים,125.00,100 גרם,false,,30.90,24.7200,true,1,62781
7290006065049,false,בלו פיש פילה באס יפני 5-7 (לברק),,IL,פילה באס יפני 7-9 20,קילוגרמים,1.00,"ק""ג",true,,41.90,41.9000,true,1,177834
7290006065179,false,סטייק טונה קפוא בואק,,,סטייק טונה קפוא בואק,קילוגרמים,1.00,"ק""ג",true,,39.90,39.9000,true,1,134486
7290006065391,false,פילה דג נסיכת הנילו,,,פילה דג נסיכת הנילו,קילוגרמים,1.00,"ק""ג",true,,43.90,43.9000,true,1,177802
7290006065599,false,פילה בקלה מרלוזה ארג,,,פילה בקלה מרלוזה ארג,קילוגרמים,1.00,"ק""ג",true,,37.90,37.9000,true,1,177818
7290006129345,false,אנטריקוט דק דק חלק 3,,,אנטריקוט דק דק חלק 3,גרמים,300.00,100 גרם,false,,34.90,11.6333,true,1,140295
7290006185518,false,"פנינה רוזנבלום -אל סבון נוזלי כחול,1 ליטר",פנינה רוזנבלום,IL,אל סבון נוזלי כחול פ,יחידה,0.00,יחידה,false,,10.90,0.0000,true,1,20447
7290006199027,false,מאגדת גלידל וניל מצופה סורבה תות שדה [8],הגלידות של פלדמן,IL,גלידל מאגדת בטעם תות,גרמים,600.00,100 גרם,false,,34.90,5.8167,true,1,39652
7290006199218,false,"שמיניית גלידל אייס מוקה ""פלדמן""",הגלידות של פלדמן,IL,גלידל מאגדת בטעם איי,גרמים,400.00,100 גרם,false,,34.90,8.7250,true,1,39653
7290006251107,false,תה צ'אי מסאלה ויסוצקי 25 יחידות,מולינו ניקולי s.p.a,IL,תה מסאלה ויסוצקי 2/2,גרמים,50.00,100 גרם,false,,21.90,43.8000,true,1,26114
7290006251275,false,תה ירוק סיני קלאסי ויסוצקי 25 יחידות,תה ויסוצקי,IL,תה ירוק סיני,גרמים,37.50,100 גרם,false,,26.90,71.7333,true,1,26116
7290006251374,false,תה ירוק לימונית וג'ינג'ר ויסוצקי 25 יחידות,תה ויסוצקי,IL,תה ירוק לימונית וג'י,גרמים,25.00,100 גרם,false,,26.90,107.6000,true,1,26119
7290006251589,false,תה ירוק עם עלי נענע 50 שקיקים ויסוצקי,בית ויסוצקי,IL,תה ירוק עם עלי נענע,גרמים,75.00,100 גרם,false,,49.50,66.0000,true,1,26120
7290006265548,false,נבטים סינים מרינה ארוז 360ג',"מרינה פטריות הגליל בע""מ",IL,נבטים סינים,יח',1.00,יח',false,,7.90,7.9000,true,1,55724
7290006265890,false,נבטי גרעיני חמניה יח,"מרינה פטריות הגליל בע""מ",IL,נבטי חמניה יח,יח',1.00,יח',false,,8.90,8.9000,true,1,55725
7290006271174,false,ג'חנון לאפיה בתנור מעדנות 700 גרם,מיוצר עי קונדיטוריית,IL,גחנון לאפיה בתנור מע,גרמים,700.00,100 גרם,false,,20.60,2.9429,true,1,39004
7290006271181,false,ג'חנון אפוי למיקרוגל מעדנות 750 גרם,מיוצר עי קונדיטוריית,IL,מעדנות גחנון אפוי 75,גרמים,750.00,100 גרם,false,,29.70,3.9600,true,1,39005
7290006271648,false,מיני בורקס תפוחי אדמה מעדנות 800 גרם,"מעדנות בע""\מ",IL,מיני בורקס תפו`א 800,גרמים,800.00,100 גרם,false,,24.90,3.1125,true,1,120692
7290006271655,false,מיני בורקס גבינה מעדנות 800 גרם,מיוצר עי קונדיטוריית,IL,מיני בורקס גבינה 800,גרמים,800.00,100 גרם,false,,27.90,3.4875,true,1,120693
7290006272072,false,חטיפי פיצה גבינה מעדנות 650 גרם,"מעדנות בע""\מ",IL,חטיפי פיצה מעדנות 65,גרמים,650.00,100 גרם,false,,36.90,5.6769,true,1,120695
7290006272430,false,בצק עלים חמאה מעדנות 600 גרם,מיוצר עי קונדיטוריית,IL,בצק עלים חמאה 600 גר,גרמים,600.00,100 גרם,false,,32.60,5.4333,true,1,39015
7290006306302,false,רביולי במילוי גבינות פרמזן ריקוטה 400 ג' פסטה נונה,דורום תעשיות מזון ופסטה,IL,פסטה נונה ריביולי פר,גרמים,400.00,100 גרם,false,,29.50,7.3750,true,1,27721
7290006322166,false,לחמניות רגילות 6יח75X'גר,מאפיית דוידוביץ ובניו בע,IL,6 לחמניות רגילות לסנ,גרמים,450.00,100 גרם,false,,11.90,2.6444,true,1,350653
7290006322470,false,לחם תשעה דגנים דוידו,מאפיית דוידוביץ ובניו בע,IL,לחם 9 דגנים קל קמח ו,גרמים,500.00,100 גרם,false,,16.90,3.3800,true,1,349757
7290006322838,false,לחם מקמח מלא דוידובי,מאפיית דוידוביץ ובניו בע,IL,לחם 100% מלא דוידובי,גרמים,750.00,100 גרם,false,,15.90,2.1200,true,1,349935
7290006342065,false,בוטנים קלויים ששון הקולה 200 גרם,,,בוטנים קלויים 200 ג,גרמים,200.00,100 גרם,false,,8.90,4.4500,true,1,5237
7290006342072,false,גרעין לבן ששון הקולה 200 גרם,"דין שיווק וקלייה בע""",IL,גרעין לבן 200 גרם,גרמים,200.00,100 גרם,false,,10.90,5.4500,true,1,5238
7290006342515,false,מנצ'ס ששון הקולה 200 גרם,"דין שיווק וקלייה בע""",,מנציס 200 גרם,גרמים,200.00,100 גרם,false,,7.90,3.9500,true,1,118173
7290006342560,false,בוטן אמריקאי ששון הקולה 200 גרם,"דין שיווק וקלייה בע""",IL,בוטן אמריקאי 200 גרם,גרמים,200.00,100 גרם,false,,8.90,4.4500,true,1,118175
7290006374653,false,דבש לייט מופחת קלוריות יד מרדכי 350 ג',מכוורת יד מרדכי שטראוס ב,IL,דש לייט דבש מופחת קל,גרמים,350.00,100 גרם,false,,31.10,8.8857,true,1,24118
7290006374738,false,קונפיטורית תות 340 גר' יד מרדכי,אף.סי תבליני בגליל ב,IL,קונפיטורת תות יד מור,גרמים,340.00,100 גרם,false,,13.90,4.0882,true,1,24121
7290006449955,false,מלפפון בייבי מארז,"מרינה פטריות הגליל בע""מ",IL,מלפפון בייבי,יח',1.00,יח',false,,9.90,9.9000,true,1,175600
7290006459510,false,נרות חנוכה רגיל 44 יח,מנורה,CN,נרות חנוכה שקד,גרמים,157.00,100 גרם,false,,3.30,2.1019,true,1,353613
7290006492432,false,גבינת מוצרלה בייבי 18% גד 150 גרם,מחלבות גד בעמ,IL,גד בייבי מוצרלה 150ג,גרמים,170.00,100 גרם,false,,17.00,10.0000,true,1,15411
7290006492616,false,גבינה בולגרית פרוסות 5% 250 ג' גד,DSH עבור מחלבות גד ב,IL,גד בולגרית פרוסות 5%,גרמים,250.00,100 גרם,false,,30.50,12.2000,true,1,15413
7290006492630,false,גבינת פרומעז עיזים 22% גד 180 גרם,מחלבות גד בעמ,IL,גד גבינת גליל גד עזי,גרמים,180.00,100 גרם,false,,24.60,13.6667,true,1,15414
7290006492685,false,גבינת לאבנה 5% מחלב עזים גד 250 גרם,מחלבות גד בעמ,IL,גד לאבנה עזים 3% 250,גרמים,250.00,100 גרם,false,,20.40,8.1600,true,1,15416
7290006492852,false,גבינת עיזים למריחה 5% שומן 250 ג' גד,גבינות מדף,IL,גד גבינת עיזים למריח,גרמים,250.00,100 גרם,false,,20.00,8.0000,true,1,15417
7290006492913,false,גבינת לאבנה ציזיקי 5% מחלבות גד 250 גרם,מחלבות גד בעמ,IL,לאבנה ציזיקי גד 250,גרמים,250.00,100 גרם,false,,16.10,6.4400,true,1,15418
7290006494917,false,טוסו וופל קלאסי במילוי שוקולד 200 גרם,"איטיליאן פוד, אס.פי.",IL,טוסו וופל טעם שוקולד,גרמים,180.00,100 גרם,false,,12.50,6.9444,true,1,6443
7290006511157,false,"פטריות שלמות ויליפוד 400 גרם בד""ץ",אוקצ'מפס אס.איי אויי,PL,פטריות שלמות שמפיניו,גרמים,230.00,100 גרם,false,,8.50,3.6957,true,1,3587
7290006511751,false,פטריות שמפניון חתוך ויליפוד 290X3 ג' בד”צ,לוטס,NL,פטריות חתוכות ויליפו,גרמים,870.00,100 גרם,false,,13.00,1.4943,true,1,3590
7290006556004,false,מלפפון מובחר ארוז,,,מלפפון מובחר ארוז,יח',1.00,יח',false,,7.90,7.9000,true,1,52222
7290006560247,false,מרקיות  צבע לבן  25,,,מרקיות  צבע לבן  25,יחידה,0.00,יחידה,false,,6.90,0.0000,true,1,107471
7290006560254,false,מרקיות צבע בורדו  25,,,מרקיות צבע בורדו  25,יחידה,0.00,יחידה,false,,6.90,0.0000,true,1,107472
7290006560285,false,ליפתניות צבע  25 יח,,,ליפתניות צבע  25 יח,יחידה,0.00,יחידה,false,,4.90,0.0000,true,1,107475
7290006567048,false,פתיתי קוסקוס ישראלי אסם 350 גרם,"מיוצר ע""י קוד יצרן K",IL,קוסקוס ישראלי בשקית,גרמים,350.00,100 גרם,false,,8.90,2.5429,true,1,119501
7290006567048,false,פתיתי קוסקוס ישראלי אסם 350 גרם,"מיוצר ע""י קוד יצרן K",IL,קוסקוס ישראלי בשקית,גרמים,350.00,100 גרם,false,,8.90,2.5429,true,1,119501
7290006644527,false,תפוזינה תות בננה 0.5 ליטר,יפאורה שותפות מובגלת לשיווק,IL,משקה תות בננה Move ת,מיליליטרים,500.00,"100 מ""ל",false,,6.20,1.2400,true,1,12205
7290006652027,false,במבה חטיף בוטנים אסם 20*15 גרם,מיוצר עי קונדיטוריית,IL,במבה יום הולדת מאח.1,גרמים,300.00,100 גרם,false,,25.90,8.6333,true,1,21339
7290006653765,false,פרפקטו פסטה פטוצ'יני אסם 500 גרם,אסם פרפקטו,IT,פטוציני פרפקטו 500 ג,גרמים,500.00,100 גרם,false,,7.90,1.5800,true,1,21341
7290006653819,false,פתיתי קוסקוס דק 350 גרם,"מיוצר ע""י קוד יצרן K",IL,קוסקוס דק בשקית אסם,גרמים,350.00,100 גרם,false,,8.90,2.5429,true,1,21342
7290006664037,false,גמדים דגנים ארוחת בוקר מארז 100X4ג',"שטראוס בריאות בע""\מ",IL,גמדים ארוחת בוקר 4*1,מיליליטרים,400.00,"100 מ""ל",false,,12.50,3.1250,true,1,24827
7290006664051,false,"אקטימל לבן 1.51 ק""ג מארז 14 יחידות",מיוצר עי קונדיטוריית,IL,אקטימל טבעי 14*100מל,ליטרים,1.40,ליטר,false,,33.90,24.2143,true,1,24828
7290006664310,false,גבינה לבנה 3% שומן 250 ג' שטראוס,מיוצר עי קונדיטוריית,IL,גבינה 3% סקי 250 גרם,גרמים,250.00,100 גרם,false,,5.00,2.0000,true,1,24831
7290006664402,false,גבינה לבנה סקי 5% שומן 750 גרם,מיוצר עי קונדיטוריית,IL,שטראוס גבינה 5% 750ג,גרמים,750.00,100 גרם,false,,14.25,1.9000,true,1,24833
7290006664532,false,יוגורט עם תות 3% שומן 150 ג' דנונה,מיוצר עי קונדיטוריית,IL,דנונה תות 3% 150מל,גרמים,150.00,100 גרם,false,,4.10,2.7333,true,1,24834
7290006664655,false,"אקטימל לבן טבעי מארז 100X8 מ""ל",מיוצר עי קונדיטוריית,IL,אקטימל טבעי 8*100מל,מיליליטרים,800.00,"100 מ""ל",false,,22.90,2.8625,true,1,24836
7290006664693,false,יוגורט עם אפרסק 3% שומן 150 ג' דנונה,מיוצר עי קונדיטוריית,IL,דנונה אפרסק 3% 150מל,גרמים,150.00,100 גרם,false,,4.10,2.7333,true,1,24837
7290006664990,false,"יוגורט דנונה ביו לבן 1.7% שומן 8*150 מ""ל",מיוצר עי קונדיטוריית,IL,דנונה ביו מארז חיסכו,קילוגרמים,1.20,"ק""ג",false,,18.90,15.7500,true,1,24840
7290006704153,false,עלי בייבי מיקס,"מרינה פטריות הגליל בע""מ",IL,סלט בייבי מיקס,גרמים,120.00,100 גרם,false,,8.90,7.4167,true,1,55736
7290006704511,false,"תפו""א גמדי אדום למיקרו מרינה 750ג'","מרינה פטריות הגליל בע""מ",IL,תפוא ננסי מיקרוגל,גרמים,750.00,100 גרם,false,,7.90,1.0533,true,1,55743
7290006737878,false,מארז קרטונייה סביבון/נר חנוכה,,IL,מארז קרטוניה סביבון.,יחידה,0.00,יחידה,false,,6.90,0.0000,true,1,14207
7290006737885,false,סביבונים לחנוכה מבחר 4 יח',,,מארז סביבונים 4 יח',יחידה,0.00,יחידה,false,,6.90,0.0000,true,1,101024
7290006739131,false,בצק גולמי פילו זוגלובק 500ג',מאפיית אריאל,IL,זוגלובק בצק פילו 500,גרמים,500.00,100 גרם,false,,17.90,3.5800,true,1,70298
7290006739346,false,נקניקיות פרגיות טרי 400 גרם זוגלובק,נקניק נהריה כשר זוגל,IL,נקניקיות פרגיות טרי,גרמים,400.00,100 גרם,false,,19.90,4.9750,true,1,42552
7290006739407,false,שניצל תירס לייט זוגלובק 600 גרם,נקניק נהריה כשר זוגל,IL,שניצל תירס לייט 630,גרמים,600.00,100 גרם,false,,31.90,5.3167,true,1,70302
7290006739414,false,נקניק סלמי קוניאק זוגלובק 300 גרם,נקניק נהריה כשר זוגל,IL,סלמי קוניאק זוגלובק,גרמים,300.00,100 גרם,false,,33.70,11.2333,true,1,42555
7290006739421,false,נקניק סלמי מעושן איטלקי זוגלובק 300 גרם,נקניק נהריה כשר זוגל,IL,סלמי מעושן איטלקי ז,גרמים,300.00,100 גרם,false,,33.70,11.2333,true,1,42556
7290006739445,false,שניצל תירס קלאסי 750 ג' זוגלובק,נקניק נהריה כשר זוגל,IL,שניצל תירס קלאסי 750,גרמים,750.00,100 גרם,false,,28.90,3.8533,true,1,70303
7290006739544,false,נקניק כתף בקר 3% 300 גרם,זוגלובק,IL,כתף בקר זוגלובק 300,גרמים,300.00,100 גרם,false,,34.90,11.6333,true,1,42558
7290006742292,false,פסטרמה הודו בדבש 330 ג' זוגלובק,נקניק נהריה כשר זוגל,IL,פסטרממיה בדבש 1% 330,גרמים,330.00,100 גרם,false,,33.90,10.2727,true,1,42584
7290006742315,false,פסטרמה חזה הודו ברביקיו 2% זוגלובק 330 גרם,נקניק נהריה כשר זוגל,IL,חזה הודו ברביקיו 1%,גרמים,330.00,100 גרם,false,,33.90,10.2727,true,1,42586
7290006748072,false,"זר פרחים צבעוני ""פרחי דיאן""",פרחי ליידי דיאן,IL,זר עונתי,יחידה,0.00,יחידה,false,,34.70,0.0000,true,1,54179
7290006748096,false,"זר פרחים מפואר ""פרחי דיאן""",פרחי ליידי דיאן,IL,זר מפואר,יחידה,0.00,יחידה,false,,49.60,0.0000,true,1,54180
7290006748119,false,זר פרחים גרברה יחידה,שונות,IL,זר גרברה,יחידה,0.00,יחידה,false,,59.00,0.0000,true,1,54177
7290006748133,false,"זר פרחים רגיל ""פרחי דיאן""",פרחי ליידי דיאן,IL,זר רגיל,יחידה,0.00,יחידה,false,,24.80,0.0000,true,1,54181
7290006764065,false,בירה נשר מאלט ללא אלכוהול 500 מל,"טמפו משקאות בע""\ם.",IL,נשר מאלט בקבוק פקדון,מיליליטרים,500.00,"100 מ""ל",false,,5.90,1.1800,true,1,10204
7290006764072,false,"בירה גולדסטאר בקבוק 500 מ""ל חוזר","טמפו משקאות בע""\מ",IL,גולדסטאר בירה בק חוז,מיליליטרים,500.00,"100 מ""ל",false,,7.90,1.5800,true,1,10205
7290006765895,false,בוטן בקליפה 200 גרם שושן הקולה,דין שיווק,IL,בוטן קלוי בקליפה 200,גרמים,200.00,100 גרם,false,,7.90,3.9500,true,1,5264
7290006770684,false,עוגת מוס גבינה עם פירורים 850 גר,קפולסקי שיווק וקמעונ,IL,עוגת מוס גבינה פירור,גרמים,850.00,100 גרם,false,,67.00,7.8824,true,1,121053
7290006775030,false,"עוגה מבית טוב"" 450 גרם שוקו-ציפס",אחדות ביחר לטחינה חל,IL,עוגת שוקו-ציפס מבית,גרמים,450.00,100 גרם,false,,11.90,2.6444,true,1,659
7290006775047,false,"עוגה מבית טוב"" 450 גרם שוקולד",אחדות ביחר לטחינה חל,IL,עוגת שוקולד מבית טוב,גרמים,450.00,100 גרם,false,,11.90,2.6444,true,1,660
7290006775054,false,עוגת שיש אחווה 450 ג' אחוה,אחדות ביחר לטחינה חל,IL,עוגת שיש מבית טוב 45,גרמים,450.00,100 גרם,false,,11.90,2.6444,true,1,661
7290006775085,false,עוגת שמרים במילוי שוקולד אחוה,אחדות ביחר לטחינה חל,IL,עוגת שמרים שוקולד אח,גרמים,400.00,100 גרם,false,,11.90,2.9750,true,1,663
7290006775764,false,"עוגת שוקוצ'יפס לל""ס אחדות 400 גר'",אחדות ביחר לטחינה חל,IL,עוגת שוקוצ'יפס ללא ת,גרמים,400.00,100 גרם,false,,13.90,3.4750,true,1,675
7290006784865,false,סנט מוריץ לניקוי משטחי מטבחים מרוכז ועוצמתי 1ל',קומפלקס כימיקלים בעמ,IL,ניקוי משטחי מטבח סנט,ליטרים,1.00,ליטר,false,,11.90,11.9000,true,1,138174
7290006788436,false,"קרליין - נושם פיור דאודורנט רול און לאישה ורוד 75 מ""ל",משווק: קוסמופארם בעמ,IL,דאו' רולאון נושם פיו,גרמים,75.00,100 גרם,false,,14.90,19.8667,true,1,32239
7290006788498,false,"קרליין - נושם פיור דאודורנט ספריי לאישה ורוד 200 מ""ל",מיוצר עי : אמיליה קוסמטי,IL,דאו' תרסיס נושם ורוד,מיליליטרים,200.00,"100 מ""ל",false,,13.90,6.9500,true,1,32245
7290006805850,false,פילסברי פנקייק תערובת להכנת חביתיות,הדקלאים אגודת שיתופי,IL,תערובת להכנת פנקייקס,גרמים,500.00,100 גרם,false,,19.90,3.9800,true,1,13967
7290006822192,false,נקטר דיאט חמוציות אושן ספריי פריגת 1 ליטר,מבשלות בירה בינלאומיות ב,IL,אושן ספרי דיאט חמוצי,ליטרים,1.00,ליטר,false,,13.50,13.5000,true,1,7672
7290006866363,false,מיץ סחוט אשכוליות אדומות פרימור 1 ליטר,"גניר (1992) בע""מ",IL,פרימור מיץ אשכולית א,ליטרים,1.00,ליטר,false,,17.20,17.2000,true,1,24841
7290006908360,false,שקד קלוי 150 גר' פיצוחי חממה,בוטנת,,שקד קלוי 150 גר` פיצ,גרמים,150.00,100 גרם,false,,17.90,11.9333,true,1,128032
7290006908377,false,שקד טבעי 150 גר פיצוחי חממה,בוטנת,,שקד טבעי 150 גר` פיצ,גרמים,150.00,100 גרם,false,,17.90,11.9333,true,1,128033
7290006908384,false,פיסטוק חלבי 150 גר' פיצוחי חמהה,בוטנת,,פיסטוק חלבי 150 גרם,גרמים,150.00,100 גרם,false,,18.90,12.6000,true,1,128034
7290006908391,false,קאשיו קלוי 150 גר' פיצוחי חממה,בוטנת,,קשיו קלוי 150 גר` פי,גרמים,150.00,100 גרם,false,,17.90,11.9333,true,1,128035
7290006983176,false,אוסם - לחמית שיפון 250 גרם,"אסם השקעות בע""\מ",IL,לחמית שיפון אסם 250,גרמים,230.00,100 גרם,false,,9.90,4.3043,true,1,21346
7290006983206,false,תערובת להכנת פלפל קלי קלות 180 גרם,"אסם השקעות בע""\מ",IL,תערובת פלאפל בקלי קל,גרמים,180.00,100 גרם,false,,11.90,6.6111,true,1,68356
7290006983763,false,עוגת הבית שוקולד 400 גרם אסם.,מיוצר עי קונדיטוריית,IL,עוגת הבית שוקולד 400,גרמים,400.00,100 גרם,false,,14.90,3.7250,true,1,21350
7290006983770,false,עוגת הבית שיש אסם 400 גרם,מיוצר עי קונדיטוריית,IL,עוגת הבית שיש 400גר,גרמים,400.00,100 גרם,false,,14.90,3.7250,true,1,21351
7290006983787,false,עוגת הבית שוקולד צ'יפס אסם 400 גרם,מיוצר עי קונדיטוריית,IL,עוגת הבית שוקוציפס 4,גרמים,400.00,100 גרם,false,,14.90,3.7250,true,1,68357
7290006983794,false,עוגת הבית בטעם תפוז אסם 400 גרם,מיוצר עי קונדיטוריית,IL,עוגת הבית תפוז 400גר,גרמים,400.00,100 גרם,false,,14.90,3.7250,true,1,21353
7290006992192,false,דייסה מטרנה סולת פרוביוטיקה,מטרנה תעשיות ש.מ,IL,מטרנה דייסת סולת פרו,גרמים,200.00,100 גרם,false,,15.90,7.9500,true,1,21358
7290006992390,false,"מטרנה - דייסת וניל פרוביוטי כשל""פ 200 גרם",מולינו ניקולי s.p.a,IL,מטרנה דייסת וניל פרו,גרמים,200.00,100 גרם,false,,15.90,7.9500,true,1,21360
7290008101356,false,קריספ פאנקו זהב 300 גרם מיימונס,א.ל ייצור ושיווק תבל,IL,פירורי לחם פנקו זהוב,גרמים,300.00,100 גרם,false,,10.90,3.6333,true,1,288042
7290008116541,false,"שטיפת פה ליסטרין קול מינט 500 מ""ל",ג'\ונסון אנד ג'\ונסון,IT,מי פה ליסטרין בטעם מ,מיליליטרים,500.00,"100 מ""ל",false,,23.90,4.7800,true,1,31625
7290008116565,false,ליסטרין שטיפת פה פרש 500 מל,ג'\ונסון אנד ג'\ונסון,IT,מי פה פרש ליסטרין 50,מיליליטרים,500.00,"100 מ""ל",false,,23.90,4.7800,true,1,31627
7290008154222,false,שניצלונים עוף טוב 700 גרם,"מוצרי עוף טוב (2001) בע""",IL,שניצלונים עוף טוב 70,גרמים,700.00,100 גרם,false,,21.90,3.1286,true,1,22134
7290008175210,false,גבינת פרמזן מגורדת 90ג' ויליפוד,זנטי אס.איי.,IT,וילי פוד פרמזן מגורד,גרמים,90.00,100 גרם,false,,18.20,20.2222,true,1,3592
7290008268455,false,קיווי ישראלי בראשית,בראשית,IL,קיווי ארוז בראשית,יח',1.00,יח',false,,12.90,12.9000,true,1,216750
7290008300551,false,שקיות אשפה 75*90 שחו,,,שקיות אשפה 75*90 שחו,יחידה,0.00,יחידה,false,,16.90,0.0000,true,1,51112
7290008300629,false,שקיות אוכל בקופסא של,,,שקיות אוכל בקופסא של,יחידה,0.00,יחידה,false,,12.90,0.0000,true,1,124853
7290008333115,false,אבקת ג'לטין טהור נטו 28 גרם,מאיר עזרא ובניו,IL,.ג'לטין טהור 28 גר,גרמים,28.00,100 גרם,false,,11.50,41.0714,true,1,18599
7290008343466,false,בצק פילו 500 גרם שלושת האופים,שלושת האופים שגמור,IL,בצק פילו 500 גרם,גרמים,500.00,100 גרם,false,,21.90,4.3800,true,1,18616
7290008343565,false,"סיגרים תפו""א 1 ק""ג שלושת האופים","שלושת האופים בע""\מ",IL,סיגרים תפו`א 1 ק`ג ש,קילוגרמים,1.00,"ק""ג",false,,17.90,17.9000,true,1,119291
7290008343572,false,"אגרול סיני 1 ק""ג שלושת האופים","שלושת האופים בע""\מ",IL,אגרול סיני 1 ק`ג שלו,קילוגרמים,1.00,"ק""ג",false,,17.90,17.9000,true,1,119292
7290008343602,false,"קובה בשר 1 ק""ג שלושת האופים","שלושת האופים בע""\מ",IL,קובה בשר 1 ק`ג שלושת,קילוגרמים,1.00,"ק""ג",false,,17.90,17.9000,true,1,119293
7290008343619,false,"פסטלים תפו""א שלושת האופים 1 ק""ג","שלושת האופים בע""\מ",IL,פסטלים תפו`א שלושת ה,קילוגרמים,1.00,"ק""ג",false,,17.90,17.9000,true,1,119294
7290008343626,false,"כדורי פלאפל 1 ק""ג שלושת האופים","שלושת האופים בע""\מ",IL,כדורי פלאפל 1 ק`ג של,קילוגרמים,1.00,"ק""ג",false,,19.90,19.9000,true,1,119295
7290008344258,false,המבורגר מזרחי טיבון ויל 400 גרם,"טיבון ויל אחזקות בע""\מ",IL,המבורגר מזרחי 400 ג',גרמים,400.00,100 גרם,false,,23.90,5.9750,true,1,18629
7290008344272,false,המבורגר 100% טיבון ויל 400 גרם,טיבון ויל אחזקות בעמ,IL,המבורגר 100% 400 ג'-,גרמים,400.00,100 גרם,false,,23.90,5.9750,true,1,18631
7290008345583,false,איקרה ביתית ורוד 300 גרם דלידג,כלורוקס אוקלנד,IL,300 איקרה ביתית ורוד,גרמים,300.00,100 גרם,false,,20.90,6.9667,true,1,18639
7290008347211,false,אצבעות דג מצופות דלידג 700 גרם,אף.סי תבליני בגליל ב,IL,דלידג אצבעות דג 700,גרמים,700.00,100 גרם,false,,27.90,3.9857,true,1,18641
7290008409100,false,אצבעות שניצל בציפוי שומשום מאמא עוף 700 גרם,תנובה גליל שותפות מוגבלת,IL,אצבעות שניצל ציפוי ש,גרמים,700.00,100 גרם,false,,38.90,5.5571,true,1,69322
7290008409124,false,מאמא עוף קפוא שניצל ג'ונגל פריך 700 גרם,תנובה גליל שותפות מוגבלת,IL,מאמא עוף קפוא שניצל,גרמים,700.00,100 גרם,false,,38.90,5.5571,true,1,28316
7290008409216,false,מאמא עוף קפוא שניצל דק פריך 700 גרם,תנובה גליל,IL,מאמא עוף קפוא שניצל,גרמים,700.00,100 גרם,false,,43.90,6.2714,true,1,28317
7290008409315,false,שניצלונים בציפוי פריך מיני מיני דק מאמא עוף 500 גרם,תנובה גליל,IL,מאמא עוף מיני דק שני,גרמים,500.00,100 גרם,false,,29.50,5.9000,true,1,28320
7290008409551,false,שניצל עוף אמיתי בציפוי מעודן 700 ג' מאמא עוף,תנובה גליל שותפות מוגבלת,IL,שניצל עוף אמיתי בציפ,גרמים,700.00,100 גרם,false,,44.50,6.3571,true,1,69274
7290008409568,false,שניצל עוף אמיתי בציפוי שבבי ציפס 700 גר,תנובה גליל שותפות מוגבלת,IL,שניצל ציפס אמיתי מאמ,גרמים,700.00,100 גרם,false,,44.50,6.3571,true,1,28329
7290008409582,false,שניצל עוף אמיתי בציפוי ביתי מאמא עוף 700 גרם,תנובה גליל שותפות מוגבלת,IL,שניצל אמיתי בציפוי ב,גרמים,700.00,100 גרם,false,,44.50,6.3571,true,1,28331
7290008409773,false,קציצות עוף אמיתיות מאמא עוף 700 גרם,תנובה גליל שותפות מוגבלת,IL,מאמא עוף קפוא קציצות,גרמים,700.00,100 גרם,false,,37.90,5.4143,true,1,69328
7290008443616,false,"מרכך לשיער יבש אדום נקה 7 750 מ""ל","אמיליה קוסמטיקס בע""מ",IL,מרכך לשיער יבש אדום,מיליליטרים,750.00,"100 מ""ל",false,,12.90,1.7200,true,1,32315
7290008453868,false,רביעיית פיתות פרנה ארוך,מגוון שיווק והפצת מא,IL,פרנה מאמא רביעיה,יחידה,0.00,יחידה,false,,17.90,0.0000,true,1,119865
7290008461221,false,סרדינים רוברט בשמן חמניות 115 גרם,"רמירז, מטוסינוס",PT,סרדינים רוברט שמן חמ,גרמים,115.00,100 גרם,false,,7.90,6.8696,true,1,18646
7290008461238,false,"סרדינים בשמן חמניות ופלפל חריף רוברט 84 גרם, 115 גרם","רמירז, מטוסינוס",PT,סרדינים רוברט בשמן ח,גרמים,115.00,100 גרם,false,,7.90,6.8696,true,1,18647
7290008464345,false,"בירה גולדסטאר, בקבוק 330 מ''ל",טמפו משקאות בע''מ,IL,"גולדסטאר בירה ח""פ 33",יחידה,330.00,יחידה,false,,8.70,0.0264,true,1,67170
7290008464468,false,"בירה גולדסטאר, פחית 500 מ""ל","טמפו משקות בע""\מ",IL,"גולדסטאר פחית 500מ""ל",מיליליטרים,500.00,"100 מ""ל",false,,9.90,1.9800,true,1,10233
7290008464475,false,"בירה מכבי, פחית 500 מ""ל","טמפו משקאות בע""\מ",IL,"מכבי פחית 500מ""ל",מיליליטרים,500.00,"100 מ""ל",false,,8.80,1.7600,true,1,10234
7290008464604,false,"בירה הייניקן פחית 500 מ""ל",טמפו משקאות בע''מ,NL,הייניקן בירה פח 500מ,מיליליטרים,500.00,"100 מ""ל",false,,13.90,2.7800,true,1,10240
7290008464611,false,"הסודה של טמפו, מי סודה בגיזוז חזק, 275 מל",טמפו משקאות בעמ,IL,"מי סודה טמפו 275 מ""ל",מיליליטרים,275.00,"100 מ""ל",false,,3.50,1.2727,true,1,128615
7290008464703,false,"שישיית בירה מכבי בקבוק 330 מ""ל",טמפו משקאות בע''מ,IL,בירה מכבי מארז 6 *33,ליטרים,1.98,ליטר,false,,36.90,18.6364,true,1,10242
7290008464741,false,"בירה גולדסטאר, מארז שישייה, בקבוק 330 מ''ל","טמפו משקאות בע""\מ",IL,"גולדסטאר ח""פ בקבוק 6",ליטרים,1.98,ליטר,false,,40.90,20.6566,true,1,10244
7290008464796,false,"בירה היינקן, מארז שישייה, בקבוק 330 מ''ל",טמפו משקאות בע''מ,IL,"הייניקן בקבוק ח""פ 6*",ליטרים,1.98,ליטר,false,,46.90,23.6869,true,1,67176
7290008639095,false,פחזניות וניל -פרווה/חלבי 280 גרם,קפולסקי שיווק וקמעונ,IL,פחזניות וניל 280גרם,גרמים,280.00,100 גרם,false,,32.90,11.7500,true,1,121054
7290008644112,false,סלט מטבוחה יום יום אחלה 125 גרם,"שטראוס גרופ בע""\מ",IL,אחלה מטבוחה 125ג,גרמים,125.00,100 גרם,false,,5.90,4.7200,true,1,24842
7290008644235,false,עלי בייבי שטראוס 120 גרם,שטראוס בריאות ירקות טריי,IL,עלי בייבי 120 ג ירקו,גרמים,120.00,100 גרם,false,,11.50,9.5833,true,1,55763
7290008644945,false,לקט לסלט המושבה שטראוס 450 גרם,שטראוס בריאות ירקות טריי,IL,סלט המושבה 450 ג ירק,גרמים,450.00,100 גרם,false,,14.60,3.2444,true,1,24845
7290008690713,false,נקטר חמוציות אושן ספריי פריגת 1 ליטר,מבשלות בירה בינלאומיות ב,IL,אושן ספרי חמוציות 1ל,ליטרים,1.00,ליטר,false,,13.50,13.5000,true,1,7693
7290008693134,false,מעדן גבינה ויוגורט בטעם תות 5% שומן 88 ג' דניאלה,"שטראוס בריאות בע""מ",IL,דניאלה תות מעדן גבינ,מיליליטרים,150.00,"100 מ""ל",false,,4.50,3.0000,true,1,24847
7290008713900,false,לחם שיפון עגול פרוס אנג'ל 750 גרם,מאפיית אנג'\ל אורנים מאפ,IL,לחם שיפון עגול אנגל,גרמים,750.00,100 גרם,false,,14.90,1.9867,true,1,69870
7290008745239,false,תפוצ'יפס קראנצ' בטעם טבעי עלית 50 גרם,"שטראוס פריטו ליי בע""\מ )",IL,תפוציפס קראנץ טבעי 5,גרמים,50.00,100 גרם,false,,4.50,9.0000,true,1,25356
7290008747547,false,תפוצ'יפס קראנץ' בטעם טבעי עלית 200 גרם,"שטראוס פריטו ליי בע""\מ )",IL,תפוציפס קראנץ טבעי 2,גרמים,200.00,100 גרם,false,,11.90,5.9500,true,1,25358
7290008750264,false,"מסטיק מאסט ציקלס דובדבן 28 גרם לל""ס מגדים","שטראוס גרופ בע""מ",IL,מאסט דובדבן 28ג,גרמים,28.00,100 גרם,false,,5.20,18.5714,true,1,24131
7290008752244,false,תפוצ'יפס קראנץ' בטעם גריל עלית 50 גרם,"שטראוס פריטו ליי בע""\מ )",IL,תפוציפס קראנץ גריל 5,גרמים,50.00,100 גרם,false,,4.50,9.0000,true,1,25364
7290008753111,false,תפוצ'יפס קראנץ' בטעם מקסיקני עלית 50 גרם,"שטראוס פריטו ליי בע""\מ )",IL,תפוציפס מקסיקני 50גר,גרמים,50.00,100 גרם,false,,4.50,9.0000,true,1,25366
7290008754040,false,ממרח בטעם שוקולד פרה מגדים עלית 850 גרם,שטראוס גרופ,IL,ממרח פרה שוקולד 850,גרמים,850.00,100 גרם,false,,17.90,2.1059,true,1,24139
7290008754415,false,גומי מאסט בטעם ספירמינט עדין פליפטופ 28 ג' עלית,"שטראוס גרופ בע""מ",IL,מאסט מנטה עדין 28 גר,גרמים,28.00,100 גרם,false,,5.20,18.5714,true,1,24140
7290008754422,false,גומי מאסט בטעם פפרמינט קלאסי פליפטופ 28 ג' עלית,"שטראוס גרופ בע""מ",IL,מאסט מנטה קלאסי 28ג,גרמים,28.00,100 גרם,false,,5.20,18.5714,true,1,24141
7290008775816,false,ערגליות עוגיות במילוי שוקולד אסם 300 גרם,מיוצר עי קונדיטוריית,IL,ערגליות שוקולד 300 ג,גרמים,300.00,100 גרם,false,,11.90,3.9667,true,1,21362
7290008775823,false,ערגליות עוגיות תות שדה אסם 300 גרם,מיוצר עי קונדיטוריית,IL,ערגליות תות שדה 300,גרמים,300.00,100 גרם,false,,11.90,3.9667,true,1,21363
7290008792264,false,מפיות טישיו טאצ' 100יח',"שניב תעשיות נייר בע""",IL,מפיות טאצ' 100,יחידה,0.00,יחידה,false,,5.90,0.0000,true,1,25743
7290008801478,false,"יין טופז זהב כרמל 750 מ""ל",כרמל מזרחי,IL,"טופז זהב 750 מ""ל",מיליליטרים,750.00,"100 מ""ל",false,,21.90,2.9200,true,1,501
7290008801522,false,יין קינג דויד קונקורד אדום מתוק 750 מל,אגודת הכורמים הקואופרטיב,IL,יין קונקורד קינג דיו,מיליליטרים,750.00,"100 מ""ל",false,,23.90,3.1867,true,1,502
7290008801539,false,יין כרמל 120 קינג דיוויד יקבי כרמל,אגודת הכורמים הקואופרטיב,IL,יין קונקורד קינג דיו,מיליליטרים,750.00,"100 מ""ל",false,,23.90,3.1867,true,1,503
7290008801843,false,"יין קברנה סוביניון סלקטד כרמל 750 מ""ל","כד בני דרום בע""מ",IL,יין סלקטד קברנה סובנ,מיליליטרים,750.00,"100 מ""ל",false,,32.90,4.3867,true,1,505
7290008801850,false,סלקטד אמרלד ריזלינג לבן חצי יבש 750 מל,אגודת הכורמים הקואופרטיב,IL,יין סלקטד אמרלד ריזל,מיליליטרים,750.00,"100 מ""ל",false,,32.90,4.3867,true,1,506
7290008802291,false,יין מרלו פרייבט קולקשן יקבי כרמל,אגודת הכורמים הקואופרטיב,IL,"יין P.C מרלו 750מ""",מיליליטרים,750.00,"100 מ""ל",false,,44.90,5.9867,true,1,507
7290008802512,false,"יין וינו אדום ""כרמל מזרחי""","כד בני דרום בע""מ",IL,יין וינו אדום יבש,מיליליטרים,750.00,"100 מ""ל",false,,23.90,3.1867,true,1,508
7290008802529,false,"יין לבן חצי יבש וינו 750 מ""ל",כרמל מזרחי,IL,יין וינו לבן יבש,מיליליטרים,750.00,"100 מ""ל",false,,23.90,3.1867,true,1,509
7290008802895,false,יין קברנה סוביניון פרייבט קולקשן יקבי כרמל,אגודת הכורמים הקאופורטיב,IL,יין P.C קברנה סובי,מיליליטרים,750.00,"100 מ""ל",false,,44.90,5.9867,true,1,510
7290008805049,false,סלקטד זינפנדל כרמל מזרחי 750 מל,"כד בני דרום בע""מ",IL,יין סלקטד רוזה כרמל,מיליליטרים,750.00,"100 מ""ל",false,,32.90,4.3867,true,1,527
7290008805520,false,"יין קברנה/סוביניון סלקטד כרמל 750 מ""ל","כד בני דרום בע""מ",IL,יין סלקטד קברנה סובנ,מיליליטרים,750.00,"100 מ""ל",false,,32.90,4.3867,true,1,529
7290008849753,false,רוטב טריאקי עשיר אוליביה 300 מל,מיוצר עי קונדיטוריית,IL,רוטב טריאקי עשיר אול,מיליליטרים,300.00,"100 מ""ל",false,,14.90,4.9667,true,1,4086
7290009018004,false,פיקדון בקבוק/פחית בו,Unknown,,פיקדון בקבוק/פחית בו,יחידה,0.00,יחידה,false,,0.30,0.0000,true,1,49
7290009018011,false,פיקדון בקבוק/פחיות ש,,,פיקדון בקבוק/פחיות ש,יחידה,0.00,יחידה,false,,1.80,0.0000,true,1,844
7290009018264,false,פיקדון בקבוק/פחית רב,,,פיקדון בקבוק/פחית רב,יחידה,0.00,יחידה,false,,1.20,0.0000,true,1,615
7290009164664,false,לחמניית דגנים,,,לחמניית דגנים,יח',1.00,יח',false,,3.90,3.9000,true,1,117841
7290009174397,false,כריך עובד מגה,,,כריך עובד מגה,יחידה,0.00,יחידה,false,,1.50,0.0000,true,1,57407
7290009217414,false,כריך גבטה כפרי 170 ג,,,כריך גבטה כפרי 170 ג,יח',1.00,יח',false,,4.60,4.6000,true,1,120356
7290010002023,false,כורכום הודי טחון תבליני מימון 100 גרם,א.ל ייצור ושיווק תבלינים,IL,מימון כורכום הודי טח,גרמים,100.00,100 גרם,false,,12.90,12.9000,true,1,149
7290010002030,false,תבלין כמון טחון תבליני מימון 100 גרם,א.ל ייצור ושיווק תבלינים,IL,מימון כמון במיכל 100,גרמים,100.00,100 גרם,false,,12.90,12.9000,true,1,150
7290010002047,false,תבלין מלח לימון תבליני מימון 200 גרם,א.ל ייצור ושיווק תבלינים,IL,מימון מלח לימון במיכ,גרמים,200.00,100 גרם,false,,10.50,5.2500,true,1,151
7290010002061,false,פלפל לבן טחון תבליני מימון 100 גרם,א.ל ייצור ושיווק תבל,IL,מימון פלפל לבן טחון,גרמים,100.00,100 גרם,false,,19.30,19.3000,true,1,153
7290010002078,false,פלפל שחור טחון תבליני מימון 100 גרם,א.ל ייצור ושיווק תבלינים,IL,מימון פלפל שחור טחון,גרמים,100.00,100 גרם,false,,15.90,15.9000,true,1,154
7290010002092,false,תבלין פלפל שחור גרוס דק תבליני מימון 90,א.ל ייצור ושיווק תבלינים,IL,מימון פלפל שחור גרוס,גרמים,90.00,100 גרם,false,,15.90,17.6667,true,1,156
7290010002108,false,תבלין פלפל שחור גרוס גס תבליני מימון 90,א.ל ייצור ושיווק תבלינים,IL,מימון פלפל שחור גרוס,גרמים,90.00,100 גרם,false,,15.90,17.6667,true,1,157
7290010002122,false,פפריקה הונגרית מתוקה תבליני מימון 100 גרם,א.ל ייצור ושיווק תבלינים,IL,מימון פפריקה הונגרית,גרמים,100.00,100 גרם,false,,12.90,12.9000,true,1,159
7290010002139,false,פפריקה הונגרית חריפה תבליני מימון 100 גרם,א.ל ייצור ושיווק תבלינים,IL,מימון פפריקה הונגרית,גרמים,100.00,100 גרם,false,,12.90,12.9000,true,1,160
7290010002146,false,פפריקה מרוקאית מתוקה תבליני מימון 100 גרם,א.ל ייצור ושיווק תבלינים,IL,מימון פפריקה מרוקאית,גרמים,100.00,100 גרם,false,,12.90,12.9000,true,1,161
7290010002207,false,תבלין קינמון טחון תבליני מימון 100 גרם,א.ל ייצור ושיווק תבלינים,IL,מימון קינמון טחון במ,גרמים,100.00,100 גרם,false,,10.50,10.5000,true,1,164
7290010002283,false,תיבול על האש תבליני מימון 100 גרם,א.ל ייצור ושיווק תבלינים,IL,מימון תבלין על האש ב,גרמים,100.00,100 גרם,false,,12.90,12.9000,true,1,166
7290010002290,false,תיבול לשווארמה תבליני מימון 100 גרם,א.ל ייצור ושיווק תבל,IL,מימון תערובת לשווארמ,גרמים,100.00,100 גרם,false,,12.90,12.9000,true,1,167
7290010002306,false,תיבול לקציצות תבליני מימון 100 גרם,א.ל ייצור ושיווק תבל,IL,מימון תיבול לקציצות,גרמים,100.00,100 גרם,false,,12.90,12.9000,true,1,168
7290010002313,false,תבלין ראס אל חנות תבליני מימון 100 גרם,א.ל ייצור ושיווק תבלינים,IL,מימון ראס אל חנות 10,גרמים,100.00,100 גרם,false,,12.90,12.9000,true,1,169
7290010002320,false,תיבול לגריל עוף תבליני מימון 100 גרם,א.ל ייצור ושיווק תבלינים,IL,מימון תיבול לגריל עו,גרמים,100.00,100 גרם,false,,12.90,12.9000,true,1,170
7290010002344,false,תבלין לדג תבליני מימון 100 גרם.,א.ל ייצור ושיווק תבלינים,IL,מימון תיבול לדג 100,גרמים,100.00,100 גרם,false,,12.90,12.9000,true,1,172
7290010002368,false,תערובת חווויג' תבליני מימון 100 גרם,א.ל ייצור ושיווק תבלינים,IL,מימון תערובת חווג` ל,גרמים,100.00,100 גרם,false,,12.90,12.9000,true,1,174
7290010002375,false,קארי תבליני מימון 100 גרם,א.ל ייצור ושיווק תבל,IL,מימון קארי 100 גרם,גרמים,100.00,100 גרם,false,,12.90,12.9000,true,1,175
7290010002382,false,תבלין אורגנו תבליני מימון 40 גרם,א.ל ייצור ושיווק תבלינים,IL,מימון אורגנו במיכל 4,גרמים,40.00,100 גרם,false,,10.50,26.2500,true,1,176
7290010002399,false,תבלין בזיליקום תבליני מימון 40 גרם,א.ל ייצור ושיווק תבלינים,IL,מימון בזיליקום 40 גר,גרמים,40.00,100 גרם,false,,10.50,26.2500,true,1,177
7290010002481,false,תבלין שום טחון תבליני מימון 100 גרם,א.ל ייצור ושיווק תבלינים,IL,מימון שום טחון במיכל,גרמים,100.00,100 גרם,false,,15.90,15.9000,true,1,183
7290010002498,false,תבלין שום גבישי תבליני מימון 120 גרם,א.ל ייצור ושיווק תבלינים,IL,מימון שום גבישי 120,גרמים,120.00,100 גרם,false,,15.90,13.2500,true,1,184
7290010002726,false,תבלין לפרגיות תבליני מימון 100 גרם.,א.ל ייצור ושיווק תבלינים,IL,מימון תיבול לפרגיות,גרמים,100.00,100 גרם,false,,12.90,12.9000,true,1,187
7290010003075,false,פפריקה מרוקאית מתוקה תבליני מימון 400 גרם,א.ל ייצור ושיווק תבלינים,IL,מימון פפריקה מרוקאית,גרמים,400.00,100 גרם,false,,27.40,6.8500,true,1,189
7290010003693,false,פפריקה מתוקה בשקית תבליני מימון 80 גרם,א.ל ייצור ושיווק תבל,IL,מימון פפריקה מתוקה ש,גרמים,80.00,100 גרם,false,,6.50,8.1250,true,1,195
7290010003709,false,פלפל שחור טחון בשקית תבליני מימון 50 גרם,א.ל ייצור ושיווק תבל,IL,מימון פלפל שחור טחון,גרמים,50.00,100 גרם,false,,8.70,17.4000,true,1,196
7290010003761,false,כורכום טחון בשקית תבליני מימון 80 גרם,א.ל ייצור ושיווק תבל,IL,מימון כורכום טחון שק,גרמים,80.00,100 גרם,false,,6.50,8.1250,true,1,198
7290010003792,false,מלח לימון בשקית תבליני מימון 100 גרם,א.ל ייצור ושיווק תבל,IL,מימון מלח לימון שקית,גרמים,100.00,100 גרם,false,,6.50,6.5000,true,1,201
7290010003808,false,זעתר ושמשום בשקית תבליני מימון 80 גרם,א.ל ייצור ושיווק תבל,IL,מימון זעתר ושומשום ש,גרמים,80.00,100 גרם,false,,6.50,8.1250,true,1,202
7290010003822,false,פפריקה חריפה בשקית תבליני מימון 80 גרם,א.ל ייצור ושיווק תבל,IL,מימון פפריקה חריפה ש,גרמים,80.00,100 גרם,false,,6.50,8.1250,true,1,204
7290010003839,false,קינמון טחון בשקית תבליני מימון 80 גרם,א.ל ייצור ושיווק תבל,IL,מימון קינמון טחון שק,גרמים,80.00,100 גרם,false,,6.50,8.1250,true,1,205
7290010003846,false,אורגנו בשקית תבליני מימון 20 גרם,א.ל ייצור ושיווק תבל,IL,מימון אורגנו שקית 20,גרמים,20.00,100 גרם,false,,6.50,32.5000,true,1,206
7290010042371,false,דובדבנים קפואים 300,,,דובדבנים קפואים 300,גרמים,300.00,100 גרם,false,,12.90,4.3000,true,1,137860
7290010042371,false,דובדבנים קפואים 300,,,דובדבנים קפואים 300,גרמים,300.00,100 גרם,false,,12.90,4.3000,true,1,137860
7290010045051,false,עוגיות מלבן שקדים 200 גרם לחמי,קונדטוריות לחמי,IL,עוגיות מלבן שקדים לח,גרמים,200.00,100 גרם,false,,19.90,9.9500,true,1,120072
7290010066025,false,נתחי טונה בהירה בשמן158ג,תעשיות פילטונה,IL,טונה בשמן פילטונה 15,גרמים,170.00,100 גרם,false,,6.90,4.0588,true,1,170750
7290010066513,false,נתחי טונה בשמן צמחי רביעיה *158ג' פילטונה,תעשיות פילטונה,IL,נתחי טונה בשמן צמחי,גרמים,632.00,100 גרם,false,,25.90,4.0981,true,1,28385
7290010066575,false,נתחי טונה במים רביעיה *158ג' פילטונה,תעשיות פילטונה,IL,נתחי טונה במים פילטו,גרמים,632.00,100 גרם,false,,25.90,4.0981,true,1,28387
7290010066582,false,נתחי טונה בשמן קנולה רביעיה * 158 ג' פילטונה,תעשיות פילטונה,IL,נתחי טונה בשמן קנולה,גרמים,632.00,100 גרם,false,,25.90,4.0981,true,1,28388
7290010066599,false,מארז רביעיית טונה בשמן זית 4*160 גרם,תעשיות פילטונה,IL,נתחי טונה בשמן זית פ,גרמים,632.00,100 גרם,false,,31.90,5.0475,true,1,93832
7290010116980,false,אבקת שוקולית שקית עלית 850 ג',הנסיך- מפעל לייצור ט,IL,שוקולית 850 גרם,גרמים,850.00,100 גרם,false,,18.90,2.2235,true,1,24153
7290010117864,false,דוריטוס חטיף תירס בטעם חריף אש עלית 70 גרם,"שטראוס פריטו ליי בע""\מ )",IL,דוריטוס חריף אש 70 ג,גרמים,70.00,100 גרם,false,,4.70,6.7143,true,1,25376
7290010118328,false,תפוצ'יפס בטעם טבעי עלית מארז 6*40 גרם,שטראוס פריטו ליי (מל,IL,תפוצ'יפס טבעי 6*40 ג,גרמים,240.00,100 גרם,false,,13.90,5.7917,true,1,25380
7290010124213,false,אל מטאדור סינטה בקר דק דק 250 גרם בלדי,בלאדי,IL,סינטה בקר דק דק אל מ,גרמים,250.00,100 גרם,false,,18.90,7.5600,true,1,146002
7290010129300,false,עוגיות רייף מרוקאיות350ג,קונדטוריית אנגל,IL,עוגיות רייף מרוקאיות,גרמים,350.00,100 גרם,false,,19.90,5.6857,true,1,68628
7290010153510,false,בורגול יבש מיה 500 גר',מיה תעשיות מזון מ.ת.מ. ב,IL,בורגול מיה 500 גרם,גרמים,500.00,100 גרם,false,,6.50,1.3000,true,1,15692
7290010153800,false,ציפוי לשניצל עם תיבול עדין מיה 500 גרם,מיה תעשיות מזון מ.ת.מ. ב,IL,ציפוי לשניצל עם תיבו,גרמים,500.00,100 גרם,false,,10.90,2.1800,true,1,119101
7290010154012,false,לימון בלאדי כבוש תבליני ביטון 250 גרם,תבליני יוחאי ביטון,IL,לימון כבוש 250 ביטון,גרמים,250.00,100 גרם,false,,15.90,6.3600,true,1,18653
7290010154029,false,אריסה מתוקה יוחאי ביטון 250 גרם,תבליני יוחאי ביטון,IL,250 אריסה מתוקה ביטו,גרמים,250.00,100 גרם,false,,15.90,6.3600,true,1,18654
7290010154241,false,סלט חזרת ריף ביטון 250 ג',תבליני יוחאי ביטון,IL,סלט חזרת ביטון 250 ג,גרמים,250.00,100 גרם,false,,15.90,6.3600,true,1,18656
7290010154265,false,פלפל צ'ומה תבליני ביטון 250 גרם,תבליני יוחאי ביטון,IL,פלפל צ`ומה ביטון 250,גרמים,250.00,100 גרם,false,,15.90,6.3600,true,1,18657
7290010154418,false,סחוג אדום תבליני ביטון 130 גרם,תבליני יוחאי ביטון,IL,יוחאי ביטון סחוג אדו,גרמים,130.00,100 גרם,false,,9.40,7.2308,true,1,18662
7290010154685,false,סלט שום כתוש 250 ג' ביטון יוחאי,תבליני יוחאי ביטון,IL,סלט שום כתוש 250 גר',גרמים,250.00,100 גרם,false,,15.90,6.3600,true,1,122737
7290010192007,false,פטרוזיליה,,,פטרוזיליה,יח',1.00,יח',false,,4.90,4.9000,true,1,55772
7290010192014,false,שמיר,,,שמיר,יח',1.00,יח',false,,4.90,4.9000,true,1,55773
7290010192021,false,כוסברה ארוז,,,כוסברה,יח',1.00,יח',false,,4.90,4.9000,true,1,55774
7290010192038,false,שורש פטרוזיליה ארוז,,,שורש פטרוזיליה ארוז,יח',1.00,יח',false,,6.90,6.9000,true,1,55775
7290010192045,false,נענע יחידה,חקלאי,IL,נענע יחידה,יח',1.00,יח',false,,4.90,4.9000,true,1,55776
7290010192052,false,סלרי עלים (אמריקאי),,,סלרי עלים (אמריקאי),יח',1.00,יח',false,,6.90,6.9000,true,1,55777
7290010192069,false,סלרי ראש יחידה,קטיף.,IL,סלרי ראש ארוז,יח',1.00,יח',false,,6.90,6.9000,true,1,55778
7290010195275,false,פופ סטאר גרעיני תירס להכנת פופקורן במיקרוגל בטעם חמאה מופחת שומן 425 גרם,פופ סטאר,US,פופסטאר פופקורן מופח,גרמים,425.00,100 גרם,false,,17.50,4.1176,true,1,6479
7290010237890,false,"בירה הייניקן בקבוק 500 מ""ל חוזר",טמפו משקאות בע''מ,IL,הייניקן בירה בקבוק ח,מיליליטרים,500.00,"100 מ""ל",false,,11.50,2.3000,true,1,10269
7290010259823,false,מנת השף 70 גרם ויליפוד מרק עם נודלס בטעם עוף,נמצ'או(תאילנד) בעמ,TH,נודלס בטעם עוף מנת ה,גרמים,70.00,100 גרם,false,,5.90,8.4286,true,1,3609
7290010259830,false,מנת השף נודלס בסגנון סיני פיקנטי וילי פוד 70 גרם,נמצ'או(תאילנד) בעמ,TH,נודלס בטעם סיני פיקנ,גרמים,70.00,100 גרם,false,,5.90,8.4286,true,1,3610
7290010259847,false,מנת השף מרק עם נודלס בטעם תירס ויליפוד 70 גרם,קריות זול,TH,נודלס טעם תירס מנת ה,גרמים,70.00,100 גרם,false,,5.90,8.4286,true,1,66484
7290010259854,false,מנת השף מרק עם נודלס בטעם פטריות ויליפוד 70 גרם,נמצ'או(תאילנד) בעמ,TH,נודלס בטעם פטריות מנ,גרמים,70.00,100 גרם,false,,5.90,8.4286,true,1,66485
7290010259991,false,צנימים מיוחדים בטעם טבעי 250 ג',קריות זול,PT,"צנימים בד""ץ וילי פוד",גרמים,250.00,100 גרם,false,,8.90,3.5600,true,1,118027
7290010279227,false,זיקוק 15 סמ 80 בקרטון 6 יחידות,,CN,זיקוק 15 ס`מ 6 יח`,יחידה,0.00,יחידה,false,,15.90,0.0000,true,1,35144
7290010328451,false,אחווה חלווה עם פולי קקאו 400 גר,אחדות ביחר לטחינה חל,IL,אחווה חלווה עם פולי,גרמים,400.00,100 גרם,false,,13.90,3.4750,true,1,688
7290010328468,false,מארז מיני חלווה אחוה בטעמים 18 יחידות 216 גרם,שוורצקוף& הנקל דיסלד,IL,חטיפי מיני חלבה בטעמ,גרמים,216.00,100 גרם,false,,12.90,5.9722,true,1,689
7290010429554,false,"שמן זית כתית מעולה יד מרדכי 2 קלאסי, 750 מ""ל",מכוורת יד מרדכי שטראוס ב,IL,שמן זית כתית מעולה 2,מיליליטרים,750.00,"100 מ""ל",false,,38.90,5.1867,true,1,24158
7290010439287,false,מגבת ענק חלק 550 גר מנהטן,,,מגבת גוף ענק חלק,יחידה,0.00,יחידה,false,,39.90,0.0000,true,1,145835
7290010471669,false,יוגורט תות עם קורנפלקס מצופה שוקולד ללא גלוטן 3.9%,"שטראוס בריאות בע""\מ",IL,דנונה קראנצ' יוגורט,מיליליטרים,175.00,"100 מ""ל",false,,4.90,2.8000,true,1,24848
7290010472390,false,מארז 8 יחידות מעדן דני בטעם שוקולד 1.5%,מיוצר עי קונדיטוריית,IL,מארז דני שוקולד 8*,מיליליטרים,1000.00,"100 מ""ל",false,,16.90,1.6900,true,1,24853
7290010546558,false,גרנולה חלבה תמרים מנדל 400 גר,מנדל טי אם,IL,גרנולה חלבה תמרים מנ,גרמים,400.00,100 גרם,false,,19.90,4.9750,true,1,118063
7290010589012,false,עוגת וופל במילוי קרם,,IL,וופל במילוי קרם חלב,גרמים,315.00,100 גרם,false,,29.90,9.4921,true,1,369488
7290010589043,false,עוגת וופל במילוי ריב,,IL,וופל במילוי קרם ריבת,גרמים,315.00,100 גרם,false,,29.90,9.4921,true,1,369490
7290010589128,false,עוגת קרמשניט נפוליאו,וישם דברי מתיקה,IL,עוגת קרמשניט נפוליאו,גרמים,250.00,100 גרם,false,,25.90,10.3600,true,1,368642
7290010589227,false,כדורי שוקולד טעם שוק,וישם דברי מתיקה,IL,כדורי וופל שוקולד סו,גרמים,300.00,100 גרם,false,,30.90,10.3000,true,1,368556
7290010589371,false,עוגת וופל במילוי קרם,וישם דברי מתיקה,IL,עוגת וופל במילוי קרם,גרמים,270.00,100 גרם,false,,30.90,11.4444,true,1,368521
7290010627004,false,טחינה גולמית מסורתית ירושלים 500 ג',"בראשית ירושלים בע""מ",IL,טחינה ירושלים 500 גר,גרמים,500.00,100 גרם,false,,17.90,3.5800,true,1,26147
7290010632299,false,בקבוק ספורט עם קש נובי,LTD E.L.CO,CN,בקבוק ספורט עם קש נו,יחידה,0.00,יחידה,false,,32.90,0.0000,true,1,912
7290010650033,false,בצלצלי שאלוט תקוע אר,חוות פטריות תקוע,NL,בצלצלי שאלוט,גרמים,350.00,100 גרם,false,,15.00,4.2857,true,1,55785
7290010650088,false,פטריות שמפיניון מיובשות 25 גרם,חוות פטריות תקוע,CN,פטריות שמפיניון מיוב,גרמים,25.00,100 גרם,false,,10.90,43.6000,true,1,55790
7290010650231,false,פטריות מאיטקי מיובשו,חוות פטריות תקוע,IL,פטריות מאיטאקי מיובש,יח',1.00,יח',false,,13.90,13.9000,true,1,55796
7290010690138,false,ברוקולי ארוז גן ירוק,חקלאי,IL,ברוקולי ארוז,יח',1.00,יח',false,,9.90,9.9000,true,1,55812
7290010711031,false,מברשת אבק גדולה 1522,מ.א. ייצור ויבוא מטליות,TR,מברשת אבק גדולה 1522,יחידה,0.00,יחידה,false,,14.90,0.0000,true,1,14455
7290010711123,false,כריות מתכת שייני 4 יחידות,מ.א ייצור ושיווק מטל,CN,"ננס רביעיה ""שייני"" ח",יחידה,0.00,יחידה,false,,7.90,0.0000,true,1,14459
7290010711208,false,שייני גליל מטליות צהוב 33 יח',נועם אורים תעשיות בע,IL,SHINY גליל מטליות 33,יחידה,0.00,יחידה,false,,19.00,0.0000,true,1,14462
7290010711550,false,דלי שטיפה עם פיה ( 1,,IL,דלי שטיפה עם פיה ( 1,יחידה,0.00,יחידה,false,,11.90,0.0000,true,1,14476
7290010718634,false,"פנינה רוזנבלום -אל סבון נוזלי לבן,1 ליטר",פנינה רוזנבלום,IL,אל סבון נוזלי לבן פנ,יחידה,0.00,יחידה,false,,10.90,0.0000,true,1,20455
7290010748884,false,אפקטיב קר קרם גוף אינטנסיב לעור יבש במיוחד ח 700,פישר מעבדות פרמצבטיות,IL,קרם גוף לעור יבש אפק,יחידה,700.00,יחידה,false,,34.90,0.0499,true,1,31355
7290010748891,false,אפקטיב קר קרם גוף מולטי ויטמין לעור רגיל יבש ח 7,פישר מעבדות פרמצבטיות בע,IL,אפקטיב קר ק.גוף רגיל,מיליליטרים,700.00,"100 מ""ל",false,,34.90,4.9857,true,1,31356
7290010766949,false,ממרח תחתיות ארטישוק 180ג' אוליביה,אוליביה,IL,אוליביה ממרח ארטישוק,גרמים,180.00,100 גרם,false,,14.50,8.0556,true,1,4133
7290010777099,false,פיתות בעבודת יד פיתה אקספרס 8 יחידות,מגוון שיווק והפצת מא,IL,8 פיתות במרקם מיוחד,גרמים,800.00,100 גרם,false,,12.90,1.6125,true,1,119867
7290010777150,false,שמניית פיתה בריבוע מחיטה מלאה פיתה אקספרס,מגוון שיווק והפצת מא,IL,8 פיתות בריבוע חיטה,גרמים,500.00,100 גרם,false,,15.90,3.1800,true,1,119868
7290010777297,false,פיתות עבודת יד10 יח'/ פיתה ביס לבן 12 יח',מגוון שיווק והפצת מא,IL,10 פיתות ביס,קילוגרמים,1.00,"ק""ג",false,,15.90,15.9000,true,1,119872
7290010777358,false,מארז שמיניית פיתות 100% כוסמין מלא,מגוון שיווק והפצת מא,IL,8 פיתות כוסמין מלא 1,גרמים,400.00,100 גרם,false,,16.90,4.2250,true,1,119875
7290010777488,false,פיתה מחמצת 100% קמח מלא פיתה אקספרס,מאפיית ביכורים מזון,IL,פיתה מחמצת מקמח מלא,יחידה,0.00,יחידה,false,,17.90,0.0000,true,1,278932
7290010777525,false,מארז שישייה פיתות כוסמין פיתה אקספרס,מאפיית ביכורים מזון,IL,פיתות קוסמין-פיתה אק,גרמים,50.00,100 גרם,false,,17.90,35.8000,true,1,278933
7290010838219,false,ממתיק על בסיס צמח הסטיביה - שקיות,"קיפל טבליות וממתיקים בע""מ",IL,סטיביה 100 שקיות,גרמים,100.00,100 גרם,false,,32.90,32.9000,true,1,6482
7290010838431,false,ג'ל לניקוי מתקדם בניחוח ים - מארז זוג,מיוצר עי קונדיטוריית,NL,דאק ג'ל נוזל 750 זוג,ליטרים,1.50,ליטר,false,,18.00,12.0000,true,1,6484
7290010839865,false,רוטב רכז רימונים ויליפוד 320 ג',ניו ג'רסי סטאר סנקס,TR,רוטב רימונים 320 גרם,מיליליטרים,320.00,"100 מ""ל",false,,11.00,3.4375,true,1,3624
7290010883370,false,כפפות אלוורה רב שימושיות בינוניות M סנו סושי,האי נאם סי או אל.טי.,CN,סנו סושי זוג כפפות א,יחידה,0.00,יחידה,false,,12.10,0.0000,true,1,32381
7290010931330,false,סלט מטבוחה אחלה 500 גרם,מיוצר עי קונדיטוריית,IL,אחלה מטבוחה 500ג,גרמים,500.00,100 גרם,false,,16.60,3.3200,true,1,24856
7290010945146,false,קוטג' 3% מועשר בסידן טרה 250 ג' מהדרין,קריות זול,IL,טרה קוטג מועשר 3% 25,גרמים,250.00,100 גרם,false,,5.90,2.3600,true,1,7196
7290010945450,false,גבינה לבנה 3% 250 גר מועשר בסידן וויטמין,הפריט בפיקוח,IL,טרה גבינה לבנה מהדרי,גרמים,250.00,100 גרם,false,,4.98,1.9920,true,1,7200
7290010945481,false,גבינה לבנה טרה 5% מרכיבים טבעיים,הפריט בפיקוח,IL,טרה גבינה לבנה 5% 50,גרמים,500.00,100 גרם,false,,9.96,1.9920,true,1,7201
7290011015862,false,"פריגת סירופ דיאט לימונענע 750 מ""ל",סירופ - גבעת חיים,IL,סירופ דיאט לימונענע,מיליליטרים,750.00,"100 מ""ל",false,,23.90,3.1867,true,1,7722
7290011015985,false,"סירופ בטעם דיאט אננס 750 מ""ל פריגת",סירופ - גבעת חיים,IL,פריגת סירופ דיאט אננ,מיליליטרים,750.00,"100 מ""ל",false,,23.90,3.1867,true,1,298531
7290011017866,false,קוקה קולה קלאסי בפחית,החברה המרכזית לייצור משקאות,IL,קוקה קולה פחית סליק,מיליליטרים,330.00,"100 מ""ל",false,,5.70,1.7273,true,1,7752
7290011017873,false,"פחיות קוקה קולה זירו 330 מ""ל",החברה המרכזית לייצור משקאות,IL,ZERO קולה פחית סליק,מיליליטרים,330.00,"100 מ""ל",false,,5.50,1.6667,true,1,7753
7290011018474,false,"סומרסבי סיידר תפוחים אלכוהולי 300 מ""ל","קרלסברג קרואטיה , יב",HR,סמרסבי סיידר 330 מ`ל,מיליליטרים,330.00,"100 מ""ל",false,,9.90,3.0000,true,1,7778
7290011051433,false,שוופס מוגז עדין אפרסק 0.5 ליטר,יפאורה תבורי בעמ,IL,שוופס מוגז עדין אפרס,מיליליטרים,500.00,"100 מ""ל",false,,7.20,1.4400,true,1,12256
7290011051440,false,שוופס מוגז עדין פירות יער 0.5 ליטר,יפאורה תבורי בעמ,IL,שוופס מוגז עדין פ.יע,מיליליטרים,500.00,"100 מ""ל",false,,7.20,1.4400,true,1,12257
7290011051525,false,ספרינג תה קר אפרסק 500מל,יפאורה שותפות מובגלת לשיווק,IL,ספרינג טי קר אפרסק 5,מיליליטרים,500.00,"100 מ""ל",false,,6.50,1.3000,true,1,12262
7290011064075,false,מעדן לבנה מסבחה -אבו גוש 200 גרם,גבינות אמיר ניצן בעמ,IL,ניצן אבו גוש מעדן לא,גרמים,200.00,100 גרם,false,,14.90,7.4500,true,1,6763
7290011064099,false,ירקות או פרות ממולאים במעדן גבינה ניצן 125 גרם,גבינות אמיר ניצן בעמ,IL,נועם פלפלוני שרי ממו,גרמים,125.00,100 גרם,false,,21.90,17.5200,true,1,6765
7290011115166,false,נקה 7 ארומה סבון נוזלי לבנדר 1 ל',טרופיקל דגיל תעשיות,IL,תחליב רחצה לבנדר נקה,יחידה,0.00,יחידה,false,,16.90,0.0000,true,1,32448
7290011126209,false,הגן הקסום תה טעם תפוח וקינמון סיידר ויסוצקי 25 יח',תה ויסוצקי,IL,תה הגן הקסום תפוח וק,גרמים,55.00,100 גרם,false,,19.90,36.1818,true,1,26150
7290011126452,false,הגן הקסום תה בטעם קמומיל ונענע ויסוצקי 25 יחידות,תה ויסוצקי,IL,תה קמומיל ונענע 1.5ג,גרמים,37.50,100 גרם,false,,19.90,53.0667,true,1,26158
7290011126469,false,חליטת צמחים וקמומיל הגן הקסום ויסוצקי 25 יחידות,תה ויסוצקי,IL,תה קמומיל ודבש 1.5גר,גרמים,37.50,100 גרם,false,,19.90,53.0667,true,1,26159
7290011126957,false,תה ירוק ויסוצקי ארל גריי 25 שקיקים,ויסוצקי ירוק,IL,תה ירוק ארל גריי T.T,גרמים,37.50,100 גרם,false,,26.90,71.7333,true,1,26167
7290011131050,false,גרנולה בתוספת פקאן 1 קילו גרין,ויטליאה ניקולה דו,MK,גרנולה פקאן גרין 1 ק,קילוגרמים,1.00,"ק""ג",false,,28.70,28.7000,true,1,118995
7290011131371,false,"מוזלי שקדים ואגוזים 1 ק""ג גרין",ויטליאה ניקולה דו,MK,מיזלי קראנצ' שקדים ג,קילוגרמים,1.00,"ק""ג",false,,27.90,27.9000,true,1,119001
7290011131500,false,מנת נודלס בטעם פיקנטי 72 גרם,נסטלה פורינה,IL,מנת נודלס בטעם פיקנט,גרמים,72.00,100 גרם,false,,5.90,8.1944,true,1,118952
7290011131517,false,מנת נודלס בטעם תירס 72 גרם,נסטלה פורינה,IL,מנת נודלס בטעם תירס,גרמים,72.00,100 גרם,false,,5.90,8.1944,true,1,118953
7290011148911,false,פלפלים מתוקים טינקרב,מרינה פטריות הגליל,IL,פלפלים מתוקים טינקרב,גרמים,300.00,100 גרם,false,,9.90,3.3000,true,1,55844
7290011194215,false,מעדן גבינה ויוגורט בטעם בננה 5% שומן 88 ג' דניאלה,"שטראוס בריאות בע""מ",IL,"דניאלה בננה 150 מ""ל",מיליליטרים,150.00,"100 מ""ל",false,,4.50,3.0000,true,1,24857
7290011194246,false,קוטג' 5% עם סידן 250 ג' שטראוס,מיוצר עי קונדיטוריית,IL,קוטג שטראוס 5% עם סי,גרמים,250.00,100 גרם,false,,6.00,2.4000,true,1,24858
7290011239213,false,עמוס חטיפים מתוקים מ,בני ריאד מחרום,IL,עמוס חטיפים מתוקים מ,גרמים,100.00,100 גרם,false,,5.90,5.9000,true,1,64880
7290011239237,false,חטיף אגוזים ישראלי 250גר,בני ריאד מחרום,IL,חטיפי אגוזים ישראלי,גרמים,250.00,100 גרם,false,,19.90,7.9600,true,1,173701
7290011239336,false,"חלבה מחרום ללת""ס 400 גרם","בני ריאד מחרום בע""מ",IL,מחרום חלבה ללא סוכר,גרמים,400.00,100 גרם,false,,21.90,5.4750,true,1,50115
7290011239343,false,חטיף שומשום 330 גרם,"בני ריאד מחרום בע""מ",IL,חלבה מחרום 400 גרם,גרמים,400.00,100 גרם,false,,21.90,5.4750,true,1,19186
7290011239404,false,חטיפים שונים ארוזים330ג,"בני ריאד מחרום בע""מ",IL,עמוס חטיפים שונים אר,גרמים,300.00,100 גרם,false,,15.90,5.3000,true,1,64740
7290011249748,false,רולים גלילי ופל במילוי קרם שוקולד 100 ג' עלמה,"גילרו בע""מ",IL,גילרו רולים שוקו 100,גרמים,100.00,100 גרם,false,,5.40,5.4000,true,1,48442
7290011254018,false,שעועית מש מיה 500 גר',מיה תעשיות מזון מ.ת.מ. ב,IL,שעועית מש 500 גרם,גרמים,500.00,100 גרם,false,,10.90,2.1800,true,1,15724
7290011254032,false,קינואה מיה 500 גרם,מיה תעשיות מזון מ.ת.מ. ב,IL,קינואה 500 גרם,גרמים,500.00,100 גרם,false,,14.90,2.9800,true,1,15726
7290011254452,false,סוכריות ללא תוספת סוכר בטעם מנטה מיה 80 גרם,מיה תעשיות מזון מ.ת.מ. ב,IL,סוכריות ללא סוכר מנט,גרמים,80.00,100 גרם,false,,6.50,8.1250,true,1,15756
7290011254469,false,סוכריות ללא תוספת סוכר בטעם לימון מיה 80 גרם,מיה תעשיות מזון מ.ת.מ. ב,IL,סוכריות ללא סוכר לימ,גרמים,80.00,100 גרם,false,,6.50,8.1250,true,1,15757
7290011254490,false,סוכריות ללא תוספת סוכר בטעם פירות יער מיה 80 גרם,מיה תעשיות מזון מ.ת.מ. ב,IL,סוכריות ללא סוכר טעם,גרמים,80.00,100 גרם,false,,6.50,8.1250,true,1,15760
7290011254773,false,שעועית ארגנטינאית מיה 500 גרם,מיה תעשיות מזון מ.ת.מ. ב,IL,שעועית ארגנטינאית 50,גרמים,500.00,100 גרם,false,,12.40,2.4800,true,1,15773
7290011254780,false,"שעועית ארגנטינאית יבשה מיה 1 ק""ג",מיה תעשיות מזון מ.ת.מ. ב,IL,מיה שעועית ארגנטינאי,קילוגרמים,1.00,"ק""ג",false,,19.90,19.9000,true,1,15774
7290011312381,false,פטריות חורש למנגל 320 ג',"מרינה פטריות הגליל בע""מ",IL,פורטבלה על אש מרינה,גרמים,300.00,100 גרם,false,,16.90,5.6333,true,1,114732
7290011378028,false,חלבה קלאסית וניל ללא תוספת סוכר בארכה 350 גרם,"רושדי תעשיות מזון בע""\מ",IL,בארכה חלבה וניל ללא,גרמים,350.00,100 גרם,false,,15.90,4.5429,true,1,21372
7290011378233,false,"חטיפי חלווה בארכה 126 גרם מארז 7 יחידות לל""ס","רושדי תעשיות מזון בע""\מ",IL,בארכה בקטנה מאגדת ונ,גרמים,120.00,100 גרם,false,,14.50,12.0833,true,1,21374
7290011379018,false,מארז משפחתי שמפיניון 500 ג' מרינה,מרינה פטריות הגליל,IL,פטריות צמד חמד,גרמים,500.00,100 גרם,false,,16.90,3.3800,true,1,55850
7290011431778,false,"תבניות ארוזות R-15 אינגליש קצר ח""פ",,,תבניות ארוזות אינגלי,יחידה,0.00,יחידה,false,,10.90,0.0000,true,1,139784
7290011438142,false,"משקה יטבתה אייס קפה בבקבוק אישי 350 מ""ל",שטראוס גרופ,IL,יטבתה אייס קפה בבקבו,מיליליטרים,350.00,"100 מ""ל",false,,6.90,1.9714,true,1,24864
7290011447281,false,מטרנה פרימיום חלבי שלב 2 700 גרם חיסכון,מטרנה תעשיות ש.מ,IL,מטרנה חלבי שלב 2 70,גרמים,700.00,100 גרם,false,,52.90,7.5571,true,1,21389
7290011447304,false,מטרנה פרימיום חלבי שלב 3 700 גרם חיסכון,מטרנה תעשיות ש.מ,IL,מטרנה חלבי שלב 3 12*,גרמים,700.00,100 גרם,false,,52.90,7.5571,true,1,21390
7290011473051,false,קוואקר עבה אורגני 500 גרם,ארוז ע' תבואות,GB,קוואקר עבה אורגני תב,גרמים,500.00,100 גרם,false,,12.00,2.4000,true,1,4138
7290011473129,false,גרעיני חמניות קלוף אורגני 300 גרם,אורז ע'י,US,גרעיני חמניה קלופים,גרמים,300.00,100 גרם,false,,11.90,3.9667,true,1,4142
7290011499051,false,פטה כבשים מסורתית 20% בגביע 250 גרם - רובין,MKN עבור מחלבות גד ב,IL,גד פטה כבשים גביע 20,גרמים,250.00,100 גרם,false,,31.20,12.4800,true,1,15419
7290011499105,false,בולגרית מסורתית 5% 250 גרם -רבנות,ג'נרל מילס סאן אדריא,IL,גד בולגרית 5% 250ג,גרמים,250.00,100 גרם,false,,24.90,9.9600,true,1,15420
7290011499112,false,בולגרית מסורתית 16% 250 גרם - רבנות,"מיוצר ע""י dsh",IL,גד בולגרית 16% 250ג,גרמים,250.00,100 גרם,false,,24.90,9.9600,true,1,15421
7290011499129,false,בולגרית מעודנת קוביות קטנות 5% 200 גרם - רבנות,קוד יצרן DSH,IL,גד בולגרית מעודנת קו,גרמים,200.00,100 גרם,false,,25.30,12.6500,true,1,15422
7290011499303,false,פטה עיזים מעודנת 5% בגביע 250 גרם - רבנות,ג'נרל מילס סאן אדריא,IL,פטה עיזים מעודנת 5%,גרמים,250.00,100 גרם,false,,34.10,13.6400,true,1,15426
7290011499327,false,גבינה בולגרית מעודנת 5% 250 גרם - רבנות,מיוצר על ידי DSH עבו,IL,גד בולגרית בקר מעודנ,גרמים,250.00,100 גרם,false,,24.90,9.9600,true,1,15428
7290011499358,false,פטה עיזים מסורתית 20% בגביע 200 גרם - רובין,מיוצר על ידי קוד יצר,IL,גד פטה עיזים 20% 200,גרמים,200.00,100 גרם,false,,30.90,15.4500,true,1,15431
7290011499365,false,גד חלומי 24% 200 גרם רובין,"מחלבות גד בע""\מ",IL,גד חלומי 24% 200ג,גרמים,200.00,100 גרם,false,,23.40,11.7000,true,1,15432
7290011499419,false,גבינה במרקם שמנת בטעם טבעי 5% ניו יורק,גבינות מדף,IL,גבינה במרקם שמנת 5%,גרמים,200.00,100 גרם,false,,12.70,6.3500,true,1,116485
7290011499525,false,גבינת לאבנה דרוזית 9% גד 500 גרם,מחלבות גד בעמ,IL,גד לאבנה דרוזית 9% 5,גרמים,500.00,100 גרם,false,,22.10,4.4200,true,1,114633
7290011499624,false,שמנת 30% ניו יורק טבעי 200 גרם רבנות,גבינות מדף,IL,גד ניו יורק גבינת שמ,גרמים,200.00,100 גרם,false,,14.70,7.3500,true,1,15438
7290011501617,false,חמוציות ברכז תפוחים ללא תוספת סוכר 250 גרם,"דין שיווק וקלייה בע""",IL,חמוציות ברכז פרי ללא,גרמים,250.00,100 גרם,false,,16.90,6.7600,true,1,5277
7290011515683,false,מאגדת טילון אקסטרים וניל נסטלה 6 יחידות,תות תעשיות מזון (201,IL,אקסטרים וניל מאגדת 6,גרמים,432.00,100 גרם,false,,39.90,9.2361,true,1,16958
7290011518561,false,"אקטימל תות 1.51 ק""ג מארז 14 יחידות",מיוצר עי קונדיטוריית,IL,אקטימל תות משפחתי 14,ליטרים,1.40,ליטר,false,,32.90,23.5000,true,1,24869
7290011525712,false,"קמיל בלו אל סבון סנסיטיב לפני השינה ד""ר פישר 1 ליטר",פישר מעבדות פרמצבטיות בע,IL,קמיל בלו סנסיטיב לפנ,יחידה,0.00,יחידה,false,,33.90,0.0000,true,1,31373
7290011553456,false,קרוטונים למרק שקית,,,קרוטונים למרק שקית,גרמים,400.00,100 גרם,false,,16.90,4.2250,true,1,353698
7290011553876,false,פרורי לחם קלאסי שקית,,,פרורי לחם קלאסי שקית,גרמים,800.00,100 גרם,false,,12.90,1.6125,true,1,353616
7290011575007,false,"הפי מרסס שומר ברק למקלחון 750 מ""ל",יעקובי הפי,DE,הפי-מרסס לאמבט חדש 7,מיליליטרים,750.00,"100 מ""ל",false,,23.70,3.1600,true,1,12072
7290011587093,false,תירס גמדי שלם במי מלח480,פוג'אן טונגפה,CN,תירס גמדי תומר 400 ג,גרמים,400.00,100 גרם,false,,6.90,1.7250,true,1,26425
7290011587451,false,מוזלי קראנצי בתוספת פירות ואגוזים ויטליה 600 גרם,ויטליה,IL,גרנולה + פירות ואגוז,גרמים,600.00,100 גרם,false,,16.90,2.8167,true,1,69192
7290011587598,false,שימורי אנשובי בפח 45 ג' תומר,אינוורסיונס פריסקו,PE,פילה אנשובי תומר 45,גרמים,45.00,100 גרם,false,,7.90,17.5556,true,1,26441
7290011587857,false,עגבניות מיובשות בשמן חמניות ועשבי תיבול,סנטו דידה סאן,TR,עגבניות מיובשות מתוב,גרמים,250.00,100 גרם,false,,10.90,4.3600,true,1,26454
7290011593087,false,"שמן זית כתית מעולה 750 מ""ל סבא חביב",סאן אויל עיבוד ושיוו,IL,סבא חביב שמן זית כתי,מיליליטרים,750.00,"100 מ""ל",false,,33.90,4.5200,true,1,223728
7290011593711,false,"שמן זית קורונייקי 750 מ""ל סבא חביב",,,שמן זית קורונייקי סב,מיליליטרים,750.00,"100 מ""ל",false,,44.00,5.8667,true,1,335251
7290011598211,false,"סנו - אנטי קאלק מרסס ניקוי כללי 4 ב-1 700 מ""ל",מיוצר עי קונדיטוריית,IL,מנקה כללי אנטיקאלק 7,מיליליטרים,700.00,"100 מ""ל",false,,19.90,2.8429,true,1,32485
7290011598259,false,"פרש מטהר אוויר אוטומטי בניחוח מאסק סנו 250 מ""ל",סנו מפעלי ברונוס בעמ,IL,סנו פרש אוטומטיק מאס,מיליליטרים,250.00,"100 מ""ל",false,,16.90,6.7600,true,1,32486
7290011598402,false,מקסימה מרכך כביסה ארומתרפי מאסק סנו 4 ליטר,"סנו מפעלי ברונוס בע""\מ",IL,מרכך כביסה סנו מקסימ,ליטרים,4.00,ליטר,false,,23.90,5.9750,true,1,32489
7290011607180,false,"אבקת כביסה קולון 101 1.25 ק""ג",ריקט בנקיזר ( ניר אי,IL,"קולון 101 1.25 ק""ג",קילוגרמים,1.25,"ק""ג",false,,16.90,13.5200,true,1,22882
7290011615277,false,"עלי טורטיוה קמח חיטה 25ס""מ 12יח' ויליפוד 840 ג'",מוטלוקל גידה סאנאי ט,TR,"עלי טורטיה בד""ץ וילי",גרמים,840.00,100 גרם,false,,16.90,2.0119,true,1,118032
7290011723200,false,טחינה הר ברכה 100% שומשום טהור 500 גר,טחינה הר ברכה בעמ,IL,טחינה הר ברכה טחינה,גרמים,500.00,100 גרם,false,,21.90,4.3800,true,1,78915
7290011765446,false,משחת שיניים לילדים בוב ספוג בטעם מיץ ענבים עם פלואוריד למניעת עששת,טרופיקל דגיל תעשיות קוסמ,IL,משחת שיניים בוב ספוג,מיליליטרים,50.00,"100 מ""ל",false,,8.90,17.8000,true,1,32510
7290011800840,false,רפי כהן סלט טחינה בלאדי צבר 400 גרם,רפי כהן / צבר,IL,צבר רפי כהן טחינה בל,גרמים,400.00,100 גרם,false,,17.90,4.4750,true,1,22155
7290011877088,false,"רדיד אלומיניום רוחב 30 ס""מ, 18 מיקרון - מארז זוג",בורסה פאזרי,TR,סנו סושי צמד רדידי א,מטרים,15.00,מטר,false,,17.90,1.1933,true,1,32512
7290011877095,false,"רדיד אלומיניום רוחב 45 ס""מ סנו סושי 2*7.5 מטר",בורסה פאזרי,TR,סנו סושי צמד רדידי א,מטרים,15.00,מטר,false,,22.90,1.5267,true,1,32513
7290011877156,false,"מבשם אוויר, בגדים וארונות פרש בניחוח מאסק",מיוצר עי קונדיטוריית,IL,סנו פרש ענק מאסק 375,מיליליטרים,375.00,"100 מ""ל",false,,11.90,3.1733,true,1,114688
7290011879747,false,טוסטר לחיצה פסים,,,טוסטר לחיצה פסים,יחידה,0.00,יחידה,false,,70.90,0.0000,true,1,91353
7290011912642,false,ליסטרין שטיפת פה הגנה על השיניים והחניכי,ג'\ונסון אנד ג'\ונסון,IT,מי פה טאגד ליסטרין 5,מיליליטרים,500.00,"100 מ""ל",false,,23.90,4.7800,true,1,31650
7290011947316,false,זיתא זיתי קלמטה בשמן זית כתית מעולה 215ג,זיתא - י.ט.ב תעשיות,IL,זיתי קלמטה זיתא 215,גרמים,215.00,100 גרם,false,,14.90,6.9302,true,1,26175
7290011947743,false,זיתים זיתא מיקס זית ירוק וזית קלמטה 215 גרם,זיתא - י.ט.ב תעשיות,IL,מיקס זית ירוק וזית ק,גרמים,215.00,100 גרם,false,,14.90,6.9302,true,1,37423
7290011947781,false,מיקס זית ירוק וזית קלמטה ללא גלעין עם שמן זית כתית מעולה,זיתא - י.ט.ב תעשיות,IL,מיקס זית ירוק קלמטה,גרמים,190.00,100 גרם,false,,15.90,8.3684,true,1,126927
7290011947798,false,זית קלמטה ללא גלעין עם שמן זית כתית מעולה,זיתא - י.ט.ב תעשיות,IL,זית קלמטה ללא גלעין,גרמים,190.00,100 גרם,false,,15.90,8.3684,true,1,126928
7290011964658,false,מלח לימון בקופ' 170 גר' טעם וריח,"תבליני טעם וריח בע""מ",IL,תבלין מלח לימון טעם,גרמים,170.00,100 גרם,false,,11.90,7.0000,true,1,49487
7290011964689,false,על האש לא מונוסודיום 100 גרם 100 גרם מיכל גדול,"תבליני טעם וריח בע""מ",IL,תבלין על האש ללא מונ,גרמים,100.00,100 גרם,false,,10.90,10.9000,true,1,49488
7290011964702,false,שווארמה ללא מונסודיום 100 גרם מיכל גדול,"תבליני טעם וריח בע""מ",IL,תבלין לשווארמה ללא מ,גרמים,100.00,100 גרם,false,,10.90,10.9000,true,1,49490
7290012001994,false,חרדל דיז'ון גרעינים 350 ג' ריין דיזון,ריין דיז'ון reine dijon,FR,חרדל דיגון גרעינים 3,גרמים,350.00,100 גרם,false,,13.90,3.9714,true,1,5951
7290012019258,false,מחית תפוחי עץ רביעיה 4 * 113 ג' תומר,אינדיאן סאמר קו אופ אינק,US,"רסק תפו""ע מחית תפוחי",גרמים,452.00,100 גרם,false,,11.90,2.6327,true,1,26469
7290012019265,false,רביעיית מחית תפוח עץ ללא תוספת סוכר תומר 113 גרם,אינדיאן סאמר קו אופ אינק,US,"מחית תפו""ע ללא סוכר",גרמים,452.00,100 גרם,false,,11.90,2.6327,true,1,26470
7290012022203,false,פריכיות קליליות חיטה,דילייט 2005,IL,קליליות חיטה מלאה די,גרמים,100.00,100 גרם,false,,14.90,14.9000,true,1,120249
7290012022227,false,קליליות חיטה בטעם טבעי,דילייט 2005,IL,קליליות בטעם טבעי די,גרמים,60.00,100 גרם,false,,12.90,21.5000,true,1,120250
7290012086113,false,עגבניות שרי צימן קופסא 500ג',מרינה,IL,עגבניות שרי,גרמים,500.00,100 גרם,false,,9.90,1.9800,true,1,55855
7290012116261,false,סנו מדיק ג'ל לניקוי ידיים אלוורה 500 מל,גוד פוד פרודקטס S.p,IL,"סנו מדיק ג'ל 500 מ""ל",מיליליטרים,500.00,"100 מ""ל",false,,21.90,4.3800,true,1,59184
7290012116537,false,"מקסימה אבקת כביסה בניחוח מאסק סנו 2.5 ק""ג",טרופיקל דגיל תעשיות,IL,אבקת כביסה סנו מקסימ,קילוגרמים,2.50,"ק""ג",false,,28.90,11.5600,true,1,32539
7290012117350,false,"נוזל רצפות לילך 2 ליטר ""ריצפז פרש""","סנו מפעלי ברונוס בע""\מ",IL,ריצפז פרש לילך לבנדר,ליטרים,2.00,ליטר,false,,19.90,9.9500,true,1,32560
7290012117435,false,"קרמה - שמפו וג'ל רחצה 2 ב-1 אלוורה 700 מ""ל",טרופיקל דגיל תעשיות,IL,שמפו וג'ל רחצה אלוור,מיליליטרים,700.00,"100 מ""ל",false,,19.90,2.8429,true,1,32567
7290012117534,false,מרכך כביסה מרוכז תכלת קול סנו מקסימה 1 ליטר,"סנו מפעלי ברונוס בע""\מ",IL,סנו מקסימה מרכך קומפ,יחידה,0.00,יחידה,false,,18.90,0.0000,true,1,114690
7290012117541,false,מרכך כביסה מרוכז צהוב סנו מקסימה 1 ליטר,סנו מפעלי ברונוס בעמ,IL,סנו מקסימה מרכך קומפ,יחידה,0.00,יחידה,false,,18.90,0.0000,true,1,32569
7290012117558,false,מקסימה מרכך כביסה מרוכז ורוד בניחוח מאסק סנו 1 ליטר,"סנו מפעלי ברונוס בע""\מ",IL,סנו מקסימה מרכך קומפ,יחידה,0.00,יחידה,false,,18.90,0.0000,true,1,32570
7290012117589,false,כפפות לטקס גדולות L סנו סושי 100 יחידות,סנו סושי,TH,L סנו סושי כפפות לטק,יחידה,0.00,יחידה,false,,44.90,0.0000,true,1,32573
7290012117732,false,מקסימה מרכך כביסה ארומתרפי קול סנו 4 ליטר,"סנו מפעלי ברונוס בע""\מ",IL,מרכך כביסה סנו מקסימ,ליטרים,4.00,ליטר,false,,23.90,5.9750,true,1,32575
7290012159275,false,מיונז אמיתי 430 גרם LINA,לינה,LT,מיונז לינה 430גר' כש,גרמים,430.00,100 גרם,false,,14.90,3.4651,true,1,11871
7290012191053,true,המנגליסט גפרור ארוך,,,המנגליסט גפרור ארוך,יחידה,0.00,יחידה,false,,5.90,0.0000,true,1,151311
7290012191084,false,אריזת גפרורים 10 קופסאות,,IN,המנגליסט גפרורים עשי,יחידה,0.00,יחידה,false,,3.50,0.0000,true,1,8429
7290012212154,false,מלפפון במלח קטן מוטו,מוטולה,IL,מלפפון במלח קטן בצנצ,גרמים,560.00,100 גרם,false,,14.60,2.6071,true,1,283595
7290012226021,false,נקניק סלמי מעושן פראג זוגלובק 400 גרם,נקניק נהריה כשר זוגל,IL,סלמי מעושן פראג יבש,גרמים,400.00,100 גרם,false,,23.90,5.9750,true,1,42593
7290012226120,false,"קבנוס 135 גרם ""זוגלובק""",נקניק נהריה כשר זוגל,IL,זוגלובק קבנוס 135ג.,גרמים,135.00,100 גרם,false,,12.90,9.5556,true,1,42594
7290012226342,false,נקניקיה טבעונית למחבת או לתנור עשירה בחלבון,זוגלו'ס Zoglos,IL,נקניקיה מן הצומח טבע,גרמים,460.00,100 גרם,false,,32.90,7.1522,true,1,121767
7290012226939,false,קבנוס עם צ'ילי חריף זוגלובק 135 גרם,נקניק נהריה כשר זוגל,IL,זוגלובק קבנוס בטעם צ,גרמים,135.00,100 גרם,false,,12.90,9.5556,true,1,42601
7290012227325,false,סלמי דק דק מעושן איטלקי 120 ג' זוגלובק,זוגלובק,IL,זוגלובק סלמי מעושן ד,גרמים,120.00,100 גרם,false,,14.90,12.4167,true,1,108582
7290012227912,false,קבנוס מעודן זוגלובק 135 גרם,זוגלובק,IL,קבנוס מעודן זוגלובק,גרמים,135.00,100 גרם,false,,12.90,9.5556,true,1,42645
7290012227974,false,פסטרמה הודו בדבש טהור דק דק דק,זוגלובק,IL,זוגלובק פסטרמה בדבש,גרמים,120.00,100 גרם,false,,14.90,12.4167,true,1,108583
7290012227981,false,פסטרמה דק דק ברביקיו 120 ג' זוגלובק,זוגלובק,IL,פסטרמה ברביקיו זוגלו,גרמים,120.00,100 גרם,false,,14.90,12.4167,true,1,108584
7290012227998,false,פסטרמה דק דק חזה בקר 120 ג' זוגלובק,זוגלובק,IL,זוגלובק חזה בקר 12,גרמים,120.00,100 גרם,false,,14.90,12.4167,true,1,108591
7290012228124,false,קבנוס סטיקס עם נגיעות מלח ים סדרת ריינהולד'ס,זוגלובק,IL,קבנוס סטיקס 50 גר'.,גרמים,50.00,100 גרם,false,,11.90,23.8000,true,1,107615
7290012228278,false,נקנקיות בוקוורסט עוף ובקר ריינהולד'ס 310 ג' זוגלובק,זוגלובק,IL,נקנקיות בוקוורסט הוד,גרמים,300.00,100 גרם,false,,21.90,7.3000,true,1,63271
7290012372124,false,"קמח מנופה כוסמין מלא רוביפנלד 1 ק""ג","סופר קמח רובינפלד בע""מ",IL,קמח כוסמין 100% רובי,קילוגרמים,1.00,"ק""ג",false,,17.90,17.9000,true,1,265027
7290012372247,false,"קמח מנופה כוסמין לבן רוביפנלד 1 ק""ג","סופר קמח רובינפלד בע""מ",IL,קמח כוסמין לבן רובינ,קילוגרמים,1.00,"ק""ג",false,,17.90,17.9000,true,1,265042
7290012404955,false,נקטר חמוציות ספרינג קולקשן 1.25 ליטר,יפאורה שותפות מובגלת לשיווק,IL,ספרינג נקטר חמוציות,ליטרים,1.25,ליטר,false,,13.50,10.8000,true,1,12304
7290012413636,false,תה ירוק צ'אי מסאלה ויסוצקי 25 יחידות,ויסוצקי ירוק,IL,תה ירוק צ'אי T.Tשמינ,גרמים,37.50,100 גרם,false,,26.90,71.7333,true,1,26189
7290012413643,false,תה ירוק קמומיל ויסוצקי 25 יחידות,ויסוצקי ירוק,IL,תה ירוק קמומיל T.Tשמ,גרמים,37.50,100 גרם,false,,26.90,71.7333,true,1,26190
7290012454172,false,סוכריות ללא תוספת סוכר בטעם תות מיה 80 גרם,מיה תעשיות מזון מ.ת.מ. ב,IL,סוכריות ללא סוכר בטע,גרמים,80.00,100 גרם,false,,6.50,8.1250,true,1,15796
7290012454189,false,סוכריות יוגורט אפרסק ללא סוכר מיה 80 גרם,מיה תעשיות מזון,IL,סוכריות ללא סוכר מיה,גרמים,80.00,100 גרם,false,,6.50,8.1250,true,1,15797
7290012454202,false,סוכריות ללא תוספת סוכר בטעם ריבת חלב מיה 80 גרם,מיה תעשיות מזון מ.ת.מ. ב,IL,סוכריות ללא סוכר מיה,גרמים,80.00,100 גרם,false,,6.50,8.1250,true,1,15799
7290012522581,false,טבעול שניצל תירס ללא גלוטן טבעול 664 גרם,עיצובים 2020 (4.8),IL,טבעול שניצל תירס ללא,גרמים,664.00,100 גרם,false,,26.90,4.0512,true,1,68566
7290012561337,false,כורכום טרי כתוש קפוא דורות 70 גר,מוצרי שום ותיבול דורות,IL,כורכום טרי כתוש דורו,גרמים,180.00,100 גרם,false,,12.30,6.8333,true,1,179111
7290012561405,false,בצל חצי מטוגן דורות 180 גרם,עיצובים 2020 (3.8),IL,בצל חצי מטוגן דורות,גרמים,180.00,100 גרם,false,,12.50,6.9444,true,1,22170
7290012576607,false,"יין קברנה סוביניון פרמייר מלבק אדום ברקן 750 מ""ל","ברקן שיווק והפצה בע""",IL,ברקן יין פרמייר אדום,מיליליטרים,750.00,"100 מ""ל",false,,26.90,3.5867,true,1,10310
7290012576614,false,יין Premieur לבן חצי יבש אמרלד ריזלינג קולומברד,יקבי ברקן שיווק והפצה בע,IL,ברקן יין פרמייר לבן,מיליליטרים,750.00,"100 מ""ל",false,,26.90,3.5867,true,1,10311
7290012642586,false,ערמונים קלופים תומר 100 ג',Tangshan huiyuan foo,CN,ערמונים קלופים וקלוי,גרמים,100.00,100 גרם,false,,5.90,5.9000,true,1,26501
7290012642876,false,פלפלונים מעורב צבעוני בחומץ חריף6X,סאטקו,BG,פלפלונים מעורב כבושי,גרמים,530.00,100 גרם,false,,12.90,2.4340,true,1,26513
7290012645112,false,יוגורט עיזים 2.8% בדלי חלב הארץ 750 גרם,מחלבות סוסיא,IL,יוגורט עיזים בדלי 75,מיליליטרים,750.00,"100 מ""ל",false,,21.90,2.9200,true,1,24879
7290012645129,false,יוגורט כבשים 5% בדלי חלב הארץ 750 גרם,מחלבות סוסיא,IL,יוגורט כבשים בדלי 75,מיליליטרים,750.00,"100 מ""ל",false,,21.90,2.9200,true,1,24880
7290012645181,false,לאבנה עיזים 5% חלב הארץ 200 גרם,חלב הארץ,IL,לאבנה עיזים 5% חלב ה,גרמים,200.00,100 גרם,false,,15.90,7.9500,true,1,281284
7290012645297,false,יוגורט עיזים ביו 2.8% טעם טבעי חלב הארץ 150 גרם,מחלבות סוסיא,IL,סוסיא יוגורט עיזים ב,מיליליטרים,150.00,"100 מ""ל",false,,5.90,3.9333,true,1,24885
7290012645389,false,יוגורט עיזים 3.7%בבקבוק חלב הארץ 1 ליטר,מחלבות סוסיא,IL,חלב הארץ יוגורט ביו,ליטרים,1.00,ליטר,false,,23.50,23.5000,true,1,24888
7290012738593,false,מצות מחיטה מלאה 900 גרם,מצות יהודה,IL,מצות יהודה מחיטה מלא,גרמים,900.00,100 גרם,false,,42.90,4.7667,true,1,138292
7290012738609,false,מצות יהודה עם סיבים,,,מצות יהודה עם סיבים,גרמים,900.00,100 גרם,false,,36.90,4.1000,true,1,138293
7290012803055,false,סוכרלוז מרמולייט- 100שקיות אישיות,"קיפל טבליות וממתיקים בע""מ",IL,מרמולייט סוכרלוז 100,גרמים,100.00,100 גרם,false,,27.90,27.9000,true,1,6563
7290012803215,false,וופל בלגי בטעם שוקולד ללא תוספת סוכר,בטר אנד דיפרנט,IL,טוסו וופל בלגי שוקול,גרמים,200.00,100 גרם,false,,11.50,5.7500,true,1,6567
7290012803222,false,טוסו ופל בסגנון בלגי בטעם לימון ללא תוספת סוכר 200 גרם,בטר אנד דיפרנט,IL,טוסו וופל בלגי לימון,גרמים,200.00,100 גרם,false,,11.50,5.7500,true,1,118377
7290012803765,false,טוסו שוקולד מריר ללא תוספת סוכר 100 גרם,אלטינמארקה גידה סאן,TR,טוסו שוקלד מריר 100ג,גרמים,100.00,100 גרם,false,,12.60,12.6000,true,1,6587
7290012803789,false,טוסו שוקולד מריר עם אגוזים ללא תוספת סוכר 100 גרם,האי נאם סי או אל.טי.,TR,טוסו שוקלד מריר ואגו,גרמים,100.00,100 גרם,false,,12.60,12.6000,true,1,6589
7290012803796,false,טוסו שוקולד חלב עם אגוזים ללא תוספת סוכר 100 גר',אלטינמארקה גידה סאן,TR,טוסו שוקלד חלב ואגוז,גרמים,100.00,100 גרם,false,,12.60,12.6000,true,1,6590
7290012823381,false,מקסימה מרכך כביסה מרוכז סנסטיב בייבי סנו 1 ליטר,"סנו מפעלי ברונוס בע""\מ",IL,סנו מקסימה סנסטיב מר,יחידה,0.00,יחידה,false,,18.90,0.0000,true,1,32616
7290012823398,false,מטליות חד פעמיות לניקוי הרצפה בניחוח מרכך כביסה 10יח' סנו,סנו מפעלי ברונו בעמ,IL,ריצפז מטליות לחות בנ,יחידה,0.00,יחידה,false,,12.90,0.0000,true,1,90083
7290012823923,false,"מרכך כביסה מרוכז פרפיום גולדן מקסימה 750 מ""ל",סנו מפעלי ברונוס בעמ,IL,סנו מקסימה מרכך פרפי,מיליליטרים,750.00,"100 מ""ל",false,,19.90,2.6533,true,1,32639
7290012884986,false,תפוגן ציפס לתנור עד 4% שומן 1.5 קג,"תעשיות תפוגן בע""\מ",IL,תפוגן ציפס לתנור עד,קילוגרמים,1.50,"ק""ג",false,,30.90,20.6000,true,1,22175
7290012901355,false,דודלס ארוחת אטריות עם גבינה 206 גרם,האי נאם סי או אל.טי.,US,דודלס ארוחת איטריות,גרמים,206.00,100 גרם,false,,11.90,5.7767,true,1,70153
7290012921025,false,"בקבוק בירה מלכה בהירה 330 מ""ל","בירה מלכה בע""מ",IL,מלכה בוטיק בירה בהיר,מיליליטרים,330.00,"100 מ""ל",false,,14.90,4.5152,true,1,118448
7290012921056,false,"בקבוק בירה מלכה חיטה 330 מ""ל",מבשלת בירה ישראלית,IL,מלכה בוטיק בירה חיטה,מיליליטרים,330.00,"100 מ""ל",false,,14.90,4.5152,true,1,118450
7290012938580,false,"סנסודיין משחת שיניים להלבנה עדינה 75 מ""ל",גלקסוסמית'\קליין קונסיומ,GB,משחת שיניים הלבנה עד,מיליליטרים,75.00,"100 מ""ל",false,,22.70,30.2667,true,1,4490
7290012962448,false,"מדליק פחם נוזלי 250 מ""ל עם פקק ביטחון EASY LIGHT",איזי לייט Easy light,NL,מדליק פחם נוזלי 250,מיליליטרים,250.00,"100 מ""ל",false,,11.90,4.7600,true,1,959
7290012962912,false,כפפות ניטרל סייף טאץ,,,כפפות ניטריל סייף טא,יחידה,0.00,יחידה,false,,29.90,0.0000,true,1,269225
7290012962929,false,כפפות ניטרל סייף טאץ,,,כפפות ניטריל סייף טא,יחידה,0.00,יחידה,false,,29.90,0.0000,true,1,269226
7290013010025,false,"רוטב עגבניות לפיצה בד""ץ פרי מבורך 240 גרם","זנלכל בע""\מ",IL,רוטב לפיצה פרי מבורך,גרמים,260.00,100 גרם,false,,6.50,2.5000,true,1,9400
7290013027399,false,לחם קמח מלא קל בתוספת שיפון 750 ג' אנג'ל,מאפיית שלמה א. אנג'\ל בע,IL,לחם 100 בתוספת שיפון,גרמים,750.00,100 גרם,false,,15.90,2.1200,true,1,69891
7290013083685,false,תחליף חלב מטרנה אקסטרה קר שלב 3 חסכון 700 גרם,מטרנה תעשיות ש.מ,IL,מטרנה אקסטרה קר שלב,גרמים,700.00,100 גרם,false,,61.90,8.8429,true,1,21399
7290013117410,false,בצק פריך מרודד למאפים מתוקים 900 ג' מעדנות,מיוצר עי קונדיטוריית,IL,מעדנות בצק פריך מרוד,גרמים,900.00,100 גרם,false,,27.40,3.0444,true,1,69968
7290013117526,false,בצק שמרים מרודד למאפים מתוקים מעדנות 900 גרם,"מעדנות בע""\מ",IL,מעדנות בצק שמרים למא,גרמים,900.00,100 גרם,false,,27.40,3.0444,true,1,39032
7290013121127,false,לחמניות מיני ללא גלוטן גרין לייט 6 יחידות,אביב קונדיטוריה מעול,IL,לחמניות מיני ללא גלו,גרמים,480.00,100 גרם,false,,19.90,4.1458,true,1,34283
7290013121158,false,לחמניות סנדוויץ ללא גלוטן גרין לייט 4 * 115 גרם,אביב קונדיטוריה מעול,IL,רביעיית לחמניות סנדב,גרמים,460.00,100 גרם,false,,19.90,4.3261,true,1,88195
7290013121165,false,לחמניות נקניקיה ללא גלוטן גרין לייט 6 * 77 גרם,אביב קונדיטוריה מעול,IL,"לחמניות נקניקיה כשל""",גרמים,460.00,100 גרם,false,,19.90,4.3261,true,1,117086
7290013144140,false,תערובת להכנת סופגניות ודונאט 600 גרם,מיוצר עי קונדיטוריית,IL,מימונס תערובת לסופגנ,גרמים,600.00,100 גרם,false,,17.90,2.9833,true,1,119115
7290013144157,false,תערובת להכנת סחלב 130גרם,א.ל ייצור ושיווק תבלינים,IL,מימונס סחלב 130 גרם,גרמים,130.00,100 גרם,false,,10.90,8.3846,true,1,16192
7290013144171,false,מיימונס תערובת עוגת שוקולד 560 גרם.,א.ל ייצור ושיווק תבלינים,IL,תערובת עוגת שוקולד 5,גרמים,560.00,100 גרם,false,,17.90,3.1964,true,1,67835
7290013144195,false,מיימונס תערובת כדורי שוקולד 500 גרם.,א.ל ייצור ושיווק תבלינים,IL,תערובת כדורי שוקולד,גרמים,500.00,100 גרם,false,,17.90,3.5800,true,1,67837
7290013144270,false,תערובת להכנת קרם פטיסייר מיימונס 100 גרם,א.ל ייצור ושיווק תבלינים,IL,קרם פטיסייר 100 גרם,גרמים,100.00,100 גרם,false,,10.90,10.9000,true,1,16203
7290013144317,false,מימונס ג'וני גלילית וופל למילוי 18 יחידות,הגביע מוצרי וופלים ב,IL,ג`וני - גלילית וופל,גרמים,400.00,100 גרם,false,,24.90,6.2250,true,1,16205
7290013144393,false,"תמצית בטעם וניל מימונס 50 מ""ל",א.ל ייצור ושיווק תבלינים,IL,תמצית בטעם וניל 50גר,גרמים,50.00,100 גרם,false,,5.50,11.0000,true,1,16211
7290013144409,false,תמצית בטעם רום מימונס 50 גרם,א.ל ייצור ושיווק תבלינים,IL,תמצית בטעם רום 50גר,מיליליטרים,50.00,"100 מ""ל",false,,5.50,11.0000,true,1,16212
7290013144522,false,מימונס צבע מאכל ירוק 50 גרם,א.ל ייצור ושיווק תבלינים,IL,צבע מאכל ירוק 50גר,גרמים,50.00,100 גרם,false,,5.20,10.4000,true,1,16217
7290013144539,false,צבע מאכל אדום מימונס 50 גרם,א.ל ייצור ושיווק תבלינים,IL,צבע מאכל אדום 50גר,גרמים,50.00,100 גרם,false,,5.20,10.4000,true,1,16218
7290013144560,false,מיימונס צבע מאכל כחול 50 גרם,א.ל ייצור ושיווק תבלינים,IL,צבע מאכל כחול 50גר,גרמים,50.00,100 גרם,false,,5.20,10.4000,true,1,16220
7290013144614,false,"מיימונס סירופ מייפל אמיתי 100% מקנדה 236 מ""ל",הנסיך- מפעל לייצור ט,DK,סירופ מייפל אמיתי 10,מיליליטרים,236.00,"100 מ""ל",false,,44.90,19.0254,true,1,16221
7290013144911,false,מימונס מיקס שוקולד צ'יפס מריר וחלב 250 גרם,אינטרגטה תעשיות מזון 19),IL,מיקס שוקולד צ'יפס מר,גרמים,250.00,100 גרם,false,,15.90,6.3600,true,1,345334
7290013145017,false,אגוז מלך קלוף מיימונס 100 גרם,א.ל ייצור ושיווק תבלינים,IL,מימונס אגוז מלך קלוף,גרמים,100.00,100 גרם,false,,12.90,12.9000,true,1,16228
7290013145192,false,שומשום מיימונס 100 גרם,א.ל ייצור ושיווק תבלינים,IL,שומשום 100גר,גרמים,100.00,100 גרם,false,,6.90,6.9000,true,1,16242
7290013145215,false,שומשום מימונס 400 גרם,א.ל ייצור ושיווק תבלינים,IL,שומשום 400גר,גרמים,400.00,100 גרם,false,,16.90,4.2250,true,1,16243
7290013145277,false,עלים לקרמשניט מימונס 300 גרם,מימונס אפייה,IT,עלים לקרמשניט 300 גר,גרמים,300.00,100 גרם,false,,19.90,6.6333,true,1,80942
7290013145406,false,שוקולד צ'יפס לבן מיימונס 250 גרם,אינטרגטה תעשיות מזון 19),IL,מימונס שוקולד ציפס ל,גרמים,250.00,100 גרם,false,,10.90,4.3600,true,1,16247
7290013145628,false,סוכריות צבעוניות לקישוט מימונס 200 גרם,א.ל ייצור ושיווק תבלינים,IL,סוכריות צבעוניות לקי,גרמים,200.00,100 גרם,false,,9.90,4.9500,true,1,16258
7290013145710,false,מיימונס דובדבנים מסוכרים 100 גרם,א.ל ייצור ושיווק תבלינים,IL,דובדבנים מסוכרים 100,גרמים,100.00,100 גרם,false,,9.90,9.9000,true,1,16264
7290013145826,false,פודניג בטעם וניל לבן במיוחד מימונס 80 ג',א.ל ייצור ושיווק תבלינים,IL,מימונס פודינג בטעם ו,גרמים,80.00,100 גרם,false,,5.90,7.3750,true,1,16271
7290013145833,false,פודינג שוקולד אמיתי מימונס 80 גרם,א.ל ייצור ושיווק תבלינים,IL,מימונס פודינג שוקולד,גרמים,95.00,100 גרם,false,,5.90,6.2105,true,1,16272
7290013145840,false,סוכר וניל מיימונס 10 יחידות,א.ל ייצור ושיווק תבלינים,IL,מימונס סוכר וניל 10*,גרמים,100.00,100 גרם,false,,3.50,3.5000,true,1,16273
7290013145857,false,אבקת אפיה מיימונס 10 יחידות,מימונס אפייה,IL,אבקת אפיה 10* 10 גרם,גרמים,100.00,100 גרם,false,,3.50,3.5000,true,1,16274
7290013145949,false,אבקת סוכר פטנט מימונס 250 גרם,א.ל ייצור ושיווק תבלינים,IL,אבקת סוכר באריזת פטנ,גרמים,250.00,100 גרם,false,,17.90,7.1600,true,1,16280
7290013145970,false,קורנפלור מימונס בשקית 200 ג',א.ל ייצור ושיווק תבלינים,IL,מימונס קורנפלור 200,גרמים,200.00,100 גרם,false,,4.90,2.4500,true,1,16283
7290013146199,false,מלית קרם נוגט 350 גרם מימונס,אינטרגטה תעשיות מזון 19),IL,מימונס קרם נוגט 350,גרמים,400.00,100 גרם,false,,16.90,4.2250,true,1,16291
7290013146243,false,פודינג בטעם וניל מיממונס 320 גרם,,IL,פודינג בטעם וניל 320,גרמים,320.00,100 גרם,false,,20.90,6.5312,true,1,314959
7290013146304,false,קורנפלור 500 גרם מימונס.,א.ל ייצור ושיווק תבלינים,IL,מימונס קורנפלור 500,גרמים,500.00,100 גרם,false,,7.90,1.5800,true,1,114641
7290013146656,false,כוכבים תכלת ירוק לבן לקישוט 60 גרם,"מימונס אפיה בע""מ",IL,כוכבים צבעוניים לקיש,יחידה,0.00,יחידה,false,,12.90,0.0000,true,1,69787
7290013146670,false,סוכריות לב סגול ורוד לבן לקישוט 60 גרם,"מימונס אפיה בע""מ",IL,סוכריות לב צבעוניות,יחידה,0.00,יחידה,false,,12.90,0.0000,true,1,69929
7290013146762,false,"קצפת לזילוף 24% שומן מימונס 200 מ""ל",מוצרי קפוא זן,BG,קצפת לזילוף 24% שומן,גרמים,500.00,100 גרם,false,,8.90,1.7800,true,1,199192
7290013153418,false,פריגת סחוט לימונענע 1 ליטר,פריגת מצוננים,IL,פריגת מצונן סחוט לימ,יחידה,0.00,יחידה,false,,16.90,0.0000,true,1,7228
7290013153593,false,תפוזים מתקתק 100% פריגת 1 ליטר,"גת גבעת חיים,",IL,פריגת סחוט תפוזים מת,ליטרים,1.00,ליטר,false,,13.00,13.0000,true,1,81540
7290013203182,false,שרי מנומר -ליקופן,,,שרי מנומר -ליקופן,גרמים,200.00,100 גרם,false,,10.90,5.4500,true,1,55898
7290013220134,false,מיקס פירות שדה קפוא 500 גר,א.צלוביץ,PL,פירות יער 500 גרם בק,גרמים,500.00,100 גרם,false,,24.90,4.9800,true,1,50423
7290013268020,false,מקסימה מרכך כביסה מרוכז בניחוח אולטרא פרש סנו 1 ליטר,"סנו מפעלי ברונוס בע""\מ",IL,סנו מקסימה אולטרא פר,יחידה,0.00,יחידה,false,,18.90,0.0000,true,1,32643
7290013268037,false,מקסימה מרכך כביסה מרוכז בניחוח לבנדר פצ'ולי סנו 1 ליטר,"סנו מפעלי ברונוס בע""\מ",IL,סנו מקסימה פצ'ולי מר,יחידה,0.00,יחידה,false,,18.90,0.0000,true,1,32644
7290013268891,false,אוקסיג'ן ג'ל ללא אקונומיקה עם חמצן פעיל סנו 3 ליטר,"סנו מפעלי ברונוס בע""\מ",IL,סנו אוקסיג'ן 3 ליטר,ליטרים,3.00,ליטר,false,,32.90,10.9667,true,1,32680
7290013269003,false,מרכך כביסה סופר מרוכז בייבי לתינוקות ולעור רגיש,"סנו מפעלי ברונוס בע""\מ",IL,סנו מקסימה קר בייבי,ליטרים,1.00,ליטר,false,,20.90,20.9000,true,1,32685
7290013269287,false,סנו - מקסימה ג'ל כביסה מרוכז מאסק 3 ליטר,"סנו מפעלי ברונוס בע""\מ",IL,מקסימה מאסק גל כביסה,ליטרים,3.00,ליטר,false,,35.90,11.9667,true,1,32695
7290013269621,false,ריצפז פרש לניקוי רצפות בניחוח מלון בוטיק,מיוצר עי קונדיטוריית,IL,ריצפז פרש הום בניחוח,ליטרים,2.00,ליטר,false,,24.90,12.4500,true,1,135017
7290013269645,false,ריצפז פרש מטליות לחות לריצפה בניחוח מאסק 10 יחידות,סנו מפעלי ברונוס בעמ,IL,ריצפז פרש מטליות לחו,יחידה,0.00,יחידה,false,,12.90,0.0000,true,1,32703
7290013269669,false,ריצפז בניחוח פנטזיה לניקוי הרצפה,"סנו מפעלי ברונוס בע""",IL,ריצפז פנטזיה 3ל,ליטרים,3.00,ליטר,false,,13.90,4.6333,true,1,32705
7290013269751,false,מטליות לחותריצפז פרש לניקוי ריצפה בניחות מלון בוטיק 10 יח' סנו,טרופיקל דגיל תעשיות,IL,ריצפז מטליות לחות לנ,יחידה,0.00,יחידה,false,,12.90,0.0000,true,1,137251
7290013269850,false,נייר אפיה אקולוגי סנו סושי 50 יחידות,מולינו ניקולי s.p.a,IL,סנו סושי נייר אפיה א,יחידה,0.00,יחידה,false,,17.90,0.0000,true,1,32712
7290013276124,false,"בקבוק בירה נגב אמבר אייל 330 מ""ל",הכרם משקאות חריפים בעמ,IL,בירה נגב אמבר אייל ח,מיליליטרים,330.00,"100 מ""ל",false,,14.90,4.5152,true,1,118454
7290013284310,false,רוטב פסטה לילדים פריניר 240 גרם,פריניר ( הדס 1987) ב,IL,רוטב לפסטה לילדים פר,גרמים,240.00,100 גרם,false,,6.50,2.7083,true,1,18690
7290013284662,false,רוטב פיצה פיתה לילדים 240 ג' פריניר,פריניר ( הדס 1987) ב,IL,רוטב פיצה פיתה פריני,גרמים,240.00,100 גרם,false,,6.50,2.7083,true,1,18698
7290013358356,false,מאסטר שף - פירורי לחם מוזהבים 320 גרם,מנה י.א בעמ,IL,מאסטר שף פירורי לחם,גרמים,350.00,100 גרם,false,,9.90,2.8286,true,1,23526
7290013358363,false,מאסטר שף פרורי לחם פנקו עבים בסגנון יפני 300 גר,קריניציה ויטמינה אס,IL,מאסטר שף פירורי לחם,גרמים,300.00,100 גרם,false,,10.90,3.6333,true,1,23527
7290013358486,false,מאסטר שף פירורים מוזהבים ללא צורך בביצה 300 ג,"מיוצר ע""י מנה י.א בע",IL,מאסטר שף פירורים מו,גרמים,300.00,100 גרם,false,,9.90,3.3000,true,1,119889
7290013358530,false,מאסטר שף אסייאתי רוטב צ'ילי מתוק 700 מל כשלפ,קריניציה ויטמינה אס,TH,מאסטר שף רוטב צ'ילי,מיליליטרים,700.00,"100 מ""ל",false,,15.90,2.2714,true,1,23541
7290013366634,false,כרמל יבולים חסה סלנו,שמיניית מעדן חלב שוק,IL,חסה סלנובה,יח',1.00,יח',false,,11.90,11.9000,true,1,55903
7290013389381,false,"1 קֿֿֿֿ""ג 10X( פולנטה) קמח תירס",מולינו פילה,IT,"קמח תירס תומר 1 ק""ג",קילוגרמים,1.00,"ק""ג",false,,11.90,11.9000,true,1,26533
7290013424976,false,תות שדה שלם קפוא 500 ג' פילד גוד,אלפה פרוסט,PL,תות שדה שלם קפוא 500,גרמים,500.00,100 גרם,false,,14.90,2.9800,true,1,151310
7290013472199,false,ערמונים קלופים וקלויים 105 גרם,בייג'גג פוינונג,CN,וילי פוד ערמונים 100,גרמים,100.00,100 גרם,false,,6.90,6.9000,true,1,75314
7290013531117,false,רוטב פסטה לילדים 240 גרם יכין,"זנלכל בע""\מ",IL,רוטב לפסטה לילדים יכ,גרמים,260.00,100 גרם,false,,6.50,2.5000,true,1,9422
7290013531582,false,מארז זיתים ירוקים מגולענים יכין 200 גרם,פרופר,IL,זיתים חרוזית מגולעני,גרמים,600.00,100 גרם,false,,19.90,3.3167,true,1,9432
7290013531759,false,שעועית אפויה במים יכין 330 גרם,"זנלכל בע""\מ",IL,שעועית אפויה במים יכ,גרמים,550.00,100 גרם,false,,10.90,1.9818,true,1,9441
7290013585233,false,"ספרייט זירו פחית סליק 330 מ""ל",החברה המרכזית לייצור משקאות,IL,פחית סליק 330 מל ZER,מיליליטרים,330.00,"100 מ""ל",false,,5.50,1.6667,true,1,7807
7290013585387,false,קוקה קולה זירו בקבוק,החברה המרכזית לייצור משקאות,IL,קולה זירו 1 ליטר,ליטרים,1.00,ליטר,false,,7.90,7.9000,true,1,7818
7290013585394,false,קוקה קולה 1ליטר בודד,החברה המרכזית לייצור משקאות,IL,קוקה קולה 1 ליטר,ליטרים,1.00,ליטר,false,,7.90,7.9000,true,1,7819
7290013608260,false,מיץ רימונים 100%מיץ סחוט טרי מצונן 1ליט,"גניר (1992) בע""מ",IL,פרימור מיץ רימונים ס,יחידה,0.00,יחידה,false,,27.70,0.0000,true,1,24895
7290013608864,false,פרימור משקה פירות הדר 1 ליטר בתוספת ויטמין C,"גניר (1992) בע""מ",IL,פרימור משקה פירות הד,ליטרים,1.00,ליטר,false,,17.20,17.2000,true,1,93502
7290013652164,false,"ד""ר פישר - נטורל קר מגבונים להסרת איפור לעור רגיש 30 יח' * 3",פישר מעבדות פרמצבטיות בע,IL,מגבונים להסרת איפור,יחידה,0.00,יחידה,false,,26.90,0.0000,true,1,31435
7290013675545,false,"שניצל כלי תחבורה ""מאמא עוף"" 700 גרם",תנובה גליל שותפות מוגבלת,IL,שניצל כלי תחבורה 700,גרמים,700.00,100 גרם,false,,38.90,5.5571,true,1,122662
7290013675729,false,קופון מתנה קוביות ח,,,קופון מתנה קוביות ח,יחידה,0.00,יחידה,false,,0.01,0.0000,true,1,134793
7290013677174,false,אורז מלא בוואקום מיה 500 גר',מיה תעשיות מזון מ.ת.מ. ב,IL,אורז מלא סלקטד 500גר,גרמים,500.00,100 גרם,false,,11.10,2.2200,true,1,15832
7290013677679,false,סודה לשתיה בשקית מיה 80 גרם,מיה תעשיות מזון מ.ת.מ. ב,IL,סודה לשתיה בשקית 80,גרמים,80.00,100 גרם,false,,4.90,6.1250,true,1,15862
7290013677839,false,"בורגול יבש מיה 1 ק""ג","מיה תעשיות מזון בע""מ",IL,בורגול 1 ק'ג,קילוגרמים,1.00,"ק""ג",false,,10.40,10.4000,true,1,15874
7290013702036,false,"שוופס ווטר 500 מ""ל- אפרסק",יפאורה שותפות מובגלת לשיווק,IL,שוופס אפרסק ווטר 0.5,מיליליטרים,500.00,"100 מ""ל",false,,6.50,1.3000,true,1,12309
7290013713049,false,"בירה גמס 8.8 איל בלגי מחוזקת 330 מ""ל","אביר הבר בע""מ",IL,ג'מס בקבוקי 8.8 330,מיליליטרים,330.00,"100 מ""ל",false,,13.20,4.0000,true,1,149814
7290013724946,false,שקדים בשוקולד מריר 140 גר שקדיה,"דין שיווק וקלייה בע""",IL,שקדים בציפוי שוקלד מ,גרמים,140.00,100 גרם,false,,11.90,8.5000,true,1,5292
7290013724991,false,אגוזי לוז בציפוי שוקולד בקופסא שקדיה 140 גרם,"דין שיווק וקלייה בע""",IL,אגוזי לוז בציפוי שוק,גרמים,140.00,100 גרם,false,,11.90,8.5000,true,1,5297
7290013847102,false,נתחי טונה בהירה בשמן - מארז שלישיה,סטארקיסט Starkist,TR,טונה בשמן סטארקיסט ש,גרמים,240.00,100 גרם,false,,15.90,6.6250,true,1,28470
7290013847867,false,מארז זוג טונה בשמן סויה 140 ג' סטארקיסט,טונה ויטנאם קו. אל.טי.די,IL,נתחי טונה בהירה בשמן,גרמים,140.00,100 גרם,false,,13.90,9.9286,true,1,349357
7290013848345,false,מארז מטליות לחיטוי וניקוי יסודי אנטיבקטריאלי 99.9%,סנו מפעלי ברונוס בעמ,IL,מטליות לחות לחיטוי י,יחידה,0.00,יחידה,false,,24.90,0.0000,true,1,139938
7290013848758,false,מקסימה גל כביסה מרוכז בייבי 3ליטר סנסטיב,"סנו מפעלי ברונוס בע""\מ",IL,סנו מקסימה ג'ל כביסה,ליטרים,3.00,ליטר,false,,38.90,12.9667,true,1,32737
7290013906052,false,נקניקיות פרגיות טירת צבי 300 גרם,הנסיך- מפעל לייצור ט,IL,טירת צבי נקניקיות פר,גרמים,300.00,100 גרם,false,,13.90,4.6333,true,1,26776
7290013906205,false,פסטרמה עם שום וצילי טירת צבי 400 ג',הנסיך- מפעל לייצור ט,IL,טירת צבי פסטרמה שום,גרמים,400.00,100 גרם,false,,30.90,7.7250,true,1,26777
7290013906212,false,"נקנקיות וינר טירת 1 ק""ג טירת צבי",הנסיך- מפעל לייצור ט,IL,טירת צבי נקניקיות וי,קילוגרמים,1.00,"ק""ג",false,,28.90,28.9000,true,1,26778
7290013906441,false,קבנוס טירת צבי 120 גרם,הנסיך- מפעל לייצור ט,IL,טירת צבי קבנוס 120 ג,גרמים,120.00,100 גרם,false,,11.90,9.9167,true,1,26791
7290013906458,false,קבנוס בטעם פיקנטי טירת צבי 120 גרם,הנסיך- מפעל לייצור ט,IL,טירת צבי קבנוס פיקנט,גרמים,120.00,100 גרם,false,,11.90,9.9167,true,1,26792
7290013906489,false,חטיפי מיני קבנוס טירת צבי 120 גרם,הנסיך- מפעל לייצור ט,IL,טירת צבי חטיפי מיני,גרמים,120.00,100 גרם,false,,11.90,9.9167,true,1,114677
7290013906496,false,פסטרמה עגל בסגנון רומני טירת צבי 120 גר,הנסיך- מפעל לייצור ט,IL,טירת צבי פסטרמה עגל,גרמים,120.00,100 גרם,false,,16.80,14.0000,true,1,26794
7290013906687,false,פסט' צמד כפרית ברביקיו ודבש 300X2ג' טירת צבי,הנסיך- מפעל לייצור ט,IL,טירת צבי צמד כפרית ב,גרמים,600.00,100 גרם,false,,28.90,4.8167,true,1,26797
7290013906694,false,נקניקיות שקית קילו וחצי טירת צבי,הנסיך- מפעל לייצור ט,IL,"נקניקיות עוף 1.5 ק""ג",קילוגרמים,1.50,"100 ק""ג",false,,37.90,2526.6667,true,1,245900
7290013927996,false,עוגת שמרים קרנץ בטעם שוקולד אחוה 400 גרם,אחדות ביחר לטחינה חל,IL,עוגת שמרים קרנץ בטעם,גרמים,400.00,100 גרם,false,,11.90,2.9750,true,1,249624
7290014002203,false,חליטת לימונית ולואיזה הגן הקסום ויסוצקי 25 יחידות,תה ויסוצקי,IL,תה חליטת לימונית ולו,גרמים,37.50,100 גרם,false,,19.90,53.0667,true,1,26201
7290014002944,false,גן קסום חליטת פירות וצמחים חמדת שקד 25 שקיקים,תה ויסוצקי,IL,תה גן קסום חליטת חמא,גרמים,62.50,100 גרם,false,,19.90,31.8400,true,1,26216
7290014002982,false,תה ירוק לימונית ולואיזה ויסוצקי 25 יחידות תוספת סטיביה,ויסוצקי ירוק,IL,תה ירוק לימונית סטיב,גרמים,37.50,100 גרם,false,,26.90,71.7333,true,1,26217
7290014046016,false,פסטרמה של פעם דל שומן 2% רכיבים טבעיים,מעדני יחיעם,IL,יחיעם פסטרמה הודו 10,גרמים,250.00,100 גרם,false,,28.90,11.5600,true,1,16426
7290014046047,false,צמד פסטרמות יחיעם 600 גרם,מעדני יחיעם 1993,IL,יחיעם צמד פסטרמה 600,גרמים,600.00,100 גרם,false,,25.90,4.3167,true,1,16428
7290014046436,false,נשנושי קבנוס יחיעם 125 גרם,מעדני יחיעם 1993,IL,נשנושי קבנוס 125 ג,גרמים,125.00,100 גרם,false,,15.00,12.0000,true,1,16429
7290014046474,false,"נקניקיות עוף יחיעם 1.5 ק""ג",מעדני יחיעם,IL,יחיעם נקניקיות עוף 1,קילוגרמים,1.50,"ק""ג",false,,30.90,20.6000,true,1,16431
7290014046757,false,סלמי תה מעדני יחיעם,מעדני יחיעם,IL,סלמי תה `שרולה` 300,גרמים,300.00,100 גרם,false,,24.90,8.3000,true,1,16443
7290014059436,false,"משחת שיניים סנסודיין 75 מ""ל פרימיום לשיקום והגנה מלבינה 75 מ""ל","סמית קליין ביצ'ם בע""",GB,משחת שיניים לשיקום ס,מיליליטרים,75.00,"100 מ""ל",false,,26.90,35.8667,true,1,4516
7290014079014,false,לבבות קיסר ארוז נספק,"מרינה פטריות הגליל בע""מ",IL,לבבות קיסר,גרמים,300.00,100 גרם,false,,10.90,3.6333,true,1,55926
7290014079236,false,פטריות פורטובלה צעירות מרינה,מרינה פטריות הגליל,IL,פטריות מיני חורש,יח',1.00,יח',false,,9.90,9.9000,true,1,55929
7290014079328,false,פרסה כרישה ארוזה מרי,"מרינה פטריות הגליל בע""מ",IL,לוף רגיל ארוז ליח (מ,יח',1.00,יח',false,,8.90,8.9000,true,1,112766
7290014079847,false,פטריות בייבי בלה צמד מרינה,"מרינה פטריות הגליל בע""מ",IL,פטריות בייבי בלה מאר,יח',1.00,יח',false,,15.90,15.9000,true,1,55933
7290014079854,false,לבבות חסה ארץ הגליל מרינה,"מרינה פטריות הגליל בע""מ",IL,זוג לבבות חסה ארץ הג,יח',1.00,יח',false,,10.90,10.9000,true,1,55934
7290014083806,false,עוגיות בטעם חמאה 350 גרם בפח,וילי פוד,PT,וילי פוד עוגיות בטעם,גרמים,350.00,100 גרם,false,,14.90,4.2571,true,1,118034
7290014094260,false,שיני שום קלוף קמעונאי,יאנונינגלנאגג פרודיס לטד,CN,שום קלוף 200 גרם,גרמים,200.00,100 גרם,false,,10.90,5.4500,true,1,114722
7290014094338,false,דלעת מקולפת 250 גרם בקופסא,"דין שיווק וקלייה בע""",,גרעיני דלעת קלופים 2,גרמים,250.00,100 גרם,false,,14.90,5.9600,true,1,5316
7290014094352,false,אגוזי מלך 200 גרם בקופסא,"שקדיה גבע תעשיות בע""",,ששון הקולה אגוז מלך,גרמים,200.00,100 גרם,false,,16.90,8.4500,true,1,5318
7290014094369,false,שקד טבעי 200 גר קופסא ששון הקולה,"דין שיווק וקלייה בע""",IL,ששון הקולה שקד טבעי,גרמים,200.00,100 גרם,false,,22.90,11.4500,true,1,5319
7290014094376,false,שזיפים ללא גלעין בקופסא ששון הקולה 330 גרם,"דין שיווק וקלייה בע""",,שזיף ללא גלעין בקופס,גרמים,250.00,100 גרם,false,,25.90,10.3600,true,1,5320
7290014094383,false,משמש מיובש ששון הקול,"דין שיווק וקלייה בע""",,שקדיה משמש מיובש 250,גרמים,250.00,100 גרם,false,,24.90,9.9600,true,1,5321
7290014094390,false,חמוציות בקופסא ששון הקולה 330 גרם,"דין שיווק וקלייה בע""",,חמוציות מסוכרות בקופ,גרמים,250.00,100 גרם,false,,15.90,6.3600,true,1,5322
7290014094406,false,צימוק לבן בקופסא ששון הקולה 330 גרם,"דין שיווק וקלייה בע""",,צימוק בהיר בקופסא 2,גרמים,250.00,100 גרם,false,,17.90,7.1600,true,1,5323
7290014094628,false,פקאן טבעי 200 גרם בקופסא,"דין שיווק וקלייה בע""",IL,פקאן טבעי 200גר ששון,גרמים,200.00,100 גרם,false,,27.90,13.9500,true,1,5340
7290014094635,false,אגוז ברזיל 200 גרם בקופסא,"דין שיווק וקלייה בע""",,אגוז ברזיל טבעי 200ג,גרמים,200.00,100 גרם,false,,39.90,19.9500,true,1,5341
7290014094659,false,בונדוק טבעי 250 גרם בקופסא,"ליגו, ואני",IL,אגוז לוז טבעי 250 גר,גרמים,250.00,100 גרם,false,,24.90,9.9600,true,1,118188
7290014094864,false,פיסטוק קלוי 170 גר עם קליפה ששון הקולה,"דין שיווק וקלייה בע""",IL,פיסטוק קלוי 170 גרם,גרמים,170.00,100 גרם,false,,17.90,10.5294,true,1,5350
7290014094895,false,אגוזים קלופים בשקית ששון הקולה 150 גרם,"שקדיה גבע תעשיות בע""",IL,אגוז מלך 150גר ששון,גרמים,150.00,100 גרם,false,,11.90,7.9333,true,1,5353
7290014095946,false,משוקלדים פקאן בשוקולד מריר 140 גרם,"שקדיה גבע תעשיות בע""",IL,פקאן בציפוי שוקולד מ,גרמים,140.00,100 גרם,false,,11.90,8.5000,true,1,5359
7290014217003,false,פפריקה מעושנת בקופ' 90 גר' טעם וריח,"תבליני טעם וריח בע""מ",IL,תבלין פפריקה מעושנת,גרמים,90.00,100 גרם,false,,11.80,13.1111,true,1,49494
7290014217225,false,גריל עוף בקופ' 120 גר' טעם וריח,"תבליני טעם וריח בע""מ",IL,טעם וריח גריל עוף מי,גרמים,120.00,100 גרם,false,,11.90,9.9167,true,1,49508
7290014218932,false,חטיפי פיצה בתוספ זיתים בשקית מעדנות 710 גרם,מיוצר עי קונדיטוריית,IL,חטיפי פיצה בתוספת זי,גרמים,710.00,100 גרם,false,,36.90,5.1972,true,1,145647
7290014256620,false,"יין מבעבע קריניאנו באזז יקבי כרמל 750 מ""ל",יקבי כרמל Carmel Winery,IL,יין באזז קריניאנו 75,מיליליטרים,750.00,"100 מ""ל",false,,31.90,4.2533,true,1,549
7290014256637,false,"יין מבעבע מוסקטו באזז יקבי כרמל 750 מ""ל",יקבי כרמל Carmel Winery,IL,יין באזז מוסקטו 750מ,מיליליטרים,750.00,"100 מ""ל",false,,31.90,4.2533,true,1,550
7290014258716,false,תרכובת מזון צמחי על בסיס חלבון סויה מגיל לידה,מטרנה תעשיות ש.מ,IL,מטרנה צמחי 700 גר',גרמים,700.00,100 גרם,false,,53.90,7.7000,true,1,114655
7290014281240,false,"מציות תפו""א בצל 120 גרם",,IL,"קרקר תפו""א בצל ללא ג",גרמים,120.00,100 גרם,false,,16.90,14.0833,true,1,139902
7290014325012,false,תבלין זרעי צ'יה 200 ג' מיה,,IL,זרעי ציה 200 גרם,גרמים,200.00,100 גרם,false,,10.90,5.4500,true,1,15877
7290014325036,false,סוכריות ג'לי עטופות שמחות מיה 600 גרם,מיה תעשיות מזון מ.ת.מ. ב,IL,ג'לי שמחות 600 גרם,גרמים,600.00,100 גרם,false,,20.90,3.4833,true,1,15879
7290014397286,false,מרכך כביסה מרוכז חלב ודבש סנו מקסימה 1 ליטר,סנו-מקסימה,IL,סנו מקסימה קר מרכך מ,ליטרים,1.00,ליטר,false,,18.90,18.9000,true,1,32763
7290014397514,false,"מבשם אויר סנו פרש הום בניחוח כותנה מלטפת 350 מ""ל","סנו מפעלי ברונוס בע""",IL,סנו פרש הום כותנה מל,מיליליטרים,350.00,"100 מ""ל",false,,12.90,3.6857,true,1,32770
7290014397781,false,סנו ריצפז פרש הום 2 ליטר בניחוח סבון,סנו פרש Fresh,IL,ריצפז פרש הום סבון מ,ליטרים,2.00,ליטר,false,,24.90,12.4500,true,1,32791
7290014435704,false,סלמון מעושן שמיר 100 גרם,שבעת הימים - שמיר,IL,סלמון מעושן סלטי שמי,גרמים,100.00,100 גרם,false,,28.90,28.9000,true,1,19912
7290014435803,false,מטיאס הולנדי (פרובנציאל) עם בצל בשמן 180 גרם,שבעת הימים - שמיר,IL,מטיאס הולנדי פרובנצי,גרמים,180.00,100 גרם,false,,21.90,12.1667,true,1,19914
7290014435827,false,פילה מקרל מעושן בשמן ויטהול 180 גר,שבעת הימים - שמיר,IL,פילה מקרל מעושן בשמן,גרמים,180.00,100 גרם,false,,29.90,16.6111,true,1,19916
7290014435834,false,מקרל מעושן פרוס בשמן שמיר 180 גרם,שבעת הימים - שמיר,IL,מקרל מעושן פרוס בשמן,גרמים,180.00,100 גרם,false,,29.90,16.6111,true,1,19917
7290014435841,false,פילה הרינג עם בצל בשמן מטיאס הולנדי שמיר 200 גרם,סלטי שמיר 2006 בעמ,IL,פילה מטיאס הולנדי  ב,גרמים,180.00,100 גרם,false,,21.90,12.1667,true,1,19918
7290014435896,false,סלט סלמון עם מיונז שמיר 180 גרם,שבעת הימים - שמיר,IL,סלט סלמון עם מיונז 1,גרמים,180.00,100 גרם,false,,24.90,13.8333,true,1,19921
7290014455245,false,גבינת גרנה פדנו משולש 29% 200 גרם בית יוסף,מחלבת סוציאלה מנטובה,IT,גד גרנה פדנו משולש כ,גרמים,200.00,100 גרם,false,,27.80,13.9000,true,1,15455
7290014455252,false,גבינה קשה מגורדת גרנה פדנו 29% שומן,מחלבות גד שיווק 1992,IT,גד גרנה פדנו מגורד כ,גרמים,100.00,100 גרם,false,,13.80,13.8000,true,1,15456
7290014455320,false,גבינה כדורי מוצרלה פרסקה גד 100ג',מחלבות גד בעמ,IL,גד כדור מוצרלה פרסקה,גרמים,100.00,100 גרם,false,,11.20,11.2000,true,1,15459
7290014455467,false,ירח מתוק מעדן חלב 2% ושיבולת שועל גד 150ג',גבינות מדף,IL,גד מעדן שיבולת שועל,מיליליטרים,150.00,"100 מ""ל",false,,7.00,4.6667,true,1,15464
7290014459137,false,"תפוגן סטייק צ'יפס 1.5 ק""ג אסם","תעשיות תפוגן בע""\מ",IL,תפוגן סטייק ציפס 1.5,קילוגרמים,1.50,"ק""ג",false,,28.90,19.2667,true,1,22186
7290014459373,false,"צ'יפס קראנצ'י לתנור קפוא תפוגן 1.5ק""ג","תעשיות תפוגן בע""\מ",IL,תפוגן ציפס קראנצי 1.,קילוגרמים,1.50,"ק""ג",false,,28.90,19.2667,true,1,22190
7290014459472,false,"צ'יפס קפוא תפוגן 2 ק""ג כשל""פ","תעשיות תפוגן בע""מ",IL,תפוגן צ`יפס קלאסי 2,קילוגרמים,2.00,"ק""ג",false,,30.90,15.4500,true,1,114659
7290014471429,false,"מוזלי עם פירות 1 ק""ג - 429 סגול שקדיה","דין שיווק וקלייה בע""",IL,מוזלי פירות עם פירות,קילוגרמים,1.00,"ק""ג",false,,19.90,19.9000,true,1,118191
7290014471443,false,"גרנולה צימוקים אגוזים ושקדים1 ק""ג חדש - 443 כתום שקדיה (כתום)","דין שיווק וקלייה בע""",IL,גרנולה צימוקים אגוזי,קילוגרמים,1.00,"ק""ג",false,,19.90,19.9000,true,1,118193
7290014472136,false,גרעיני חמנייה ששון הקולה 150 גרם,"דין שיווק וקלייה בע""",IL,גרעין שחור קלוי 150,גרמים,150.00,100 גרם,false,,4.90,3.2667,true,1,5374
7290014472228,false,תאנים מיובשות 250 גר,"דין שיווק וקלייה בע""",TR,תאנים בקופסא 330גר,גרמים,330.00,100 גרם,false,,22.90,6.9394,true,1,5376
7290014472235,false,פקאן סיני מסוכר 200 גרם בקופסא,"דין שיווק וקלייה בע""",IL,פקאן סיני מסוכר בקופ,גרמים,200.00,100 גרם,false,,26.90,13.4500,true,1,5377
7290014472471,false,גרעיני חמנייה קלוי ענק ששון הקולה 200 גרם,"דין שיווק וקלייה בע""",IL,גרעין שחור ענק 200 ג,גרמים,200.00,100 גרם,false,,7.90,3.9500,true,1,5384
7290014472488,false,שקד קלוי ענק פרימיום ששון הקולה 250 גרם,"שקדיה גבע תעשיות בע""",IL,שקד קלוי פרימיום 250,גרמים,250.00,100 גרם,false,,27.90,11.1600,true,1,5385
7290014472495,false,קשיו קלוי ענק פרימיום ששון הקולה 250 גרם,"דין שיווק וקלייה בע""",IL,קשיו קלוי ענק פרימיו,גרמים,250.00,100 גרם,false,,21.90,8.7600,true,1,5386
7290014472501,false,פיסטוק קלוי ענק פרימיום ששון הקולה 250 גרם,"דין שיווק וקלייה בע""",IL,פיסטוק קלוי ענק 250,גרמים,250.00,100 גרם,false,,26.90,10.7600,true,1,5387
7290014472518,false,בוטן קלוי ענק פרימיום ששון הקולה 250 גרם,"דין שיווק וקלייה בע""",IL,בוטן קלוי פרימיום 25,גרמים,250.00,100 גרם,false,,11.90,4.7600,true,1,5388
7290014472990,false,ממרח 100% שקדים שקדיה 300 גרם,ג'\י אנד ג'\י פקאנס בעמ,IL,ממרח 100% שקדים שקדי,גרמים,300.00,100 גרם,false,,33.90,11.3000,true,1,5411
7290014525290,false,חטיפי סלים דליס קריספי תות מרבה 125 גרם,סלים דליס Slim Delis,NL,חטיף מרבה קריספי תות,גרמים,125.00,100 גרם,false,,13.90,11.1200,true,1,119904
7290014525313,false,חטיפי סלים דליס קריספי שוקולד מרבה 125 גרם,סלים דליס Slim Delis,NL,חטיף מרבה קריספי שוק,גרמים,125.00,100 גרם,false,,13.90,11.1200,true,1,119906
7290014534704,false,"פסטה ""לה פסטה"" 400 ג' אטריות מרק 400 ג'",מוטלו,TR,אטריות מרק לה פסטה 4,גרמים,400.00,100 גרם,false,,4.10,1.0250,true,1,120144
7290014636545,false,שלישית מגבות מטבח ג'קרד,,,שלישית מגבות מטבח פס,יחידה,0.00,יחידה,false,,19.90,0.0000,true,1,246845
7290014636675,false,מגבת גוף חלקה 550 גר,,,מגבת גוף מנהטן 70*13,יחידה,0.00,יחידה,false,,34.90,0.0000,true,1,124796
7290014636842,false,כרית ממורי ויסקו,,,כרית ויסקו,יחידה,0.00,יחידה,false,,89.90,0.0000,true,1,250632
7290014636903,false,כרבולית קורל מינק 170*130,,,כרבולית מינק 130/170,יחידה,0.00,יחידה,false,,49.90,0.0000,true,1,340671
7290014673014,false,פלפל אנגלי שלם תבליני מימון 90 גרם,א.ל ייצור ושיווק תבל,IL,תבליני מימון פלפל אנ,גרמים,90.00,100 גרם,false,,15.90,17.6667,true,1,260
7290014673359,false,מלח לימון תבליני מימון 400 גרם,א.ל ייצור ושיווק תבל,IL,מלח לימון 400 גר,גרמים,400.00,100 גרם,false,,24.10,6.0250,true,1,264
7290014673366,false,כורכום טחון תבליני מימון 250 גרם,א.ל ייצור ושיווק תבל,IL,מימון כורכום טחון 25,גרמים,250.00,100 גרם,false,,24.10,9.6400,true,1,265
7290014673380,false,כמון טחון תבליני מימון 250 גרם,א.ל ייצור ושיווק תבל,IL,מימון כמון טחון 250,גרמים,250.00,100 גרם,false,,24.10,9.6400,true,1,267
7290014673434,false,פלפל שחור גרוס דק שקית תבליני מימון 80גרם,א.ל ייצור ושיווק תבל,,פלפל שחור גרוס דק בש,גרמים,80.00,100 גרם,false,,9.80,12.2500,true,1,127403
7290014692299,false,גבינת ברי EURO CHEESE ויליפוד 125 גרם,יורו צ'יז Euro Cheese,DK,גבינת ברי 125 גרם EU,גרמים,125.00,100 גרם,false,,19.90,15.9200,true,1,3682
7290014692305,false,גבינת קממבר EURO CHEESE ויליפוד 125 גרם,הנסיך- מפעל לייצור ט,DK,גבינת קממבר 125 גרם,גרמים,125.00,100 גרם,false,,19.90,15.9200,true,1,3683
7290014731264,false,ספלאש כוסות 180CC לשתייה קרה 100 יחידות,רם,IL,כוסות לשתיה קרה חד פ,יח',100.00,יח',false,,7.90,0.0790,true,1,30236
7290014745636,false,קציצות קלאסת הודו 100%,עוף טוב,IL,עוף טוב קציצות קלאסי,גרמים,600.00,100 גרם,false,,33.90,5.6500,true,1,119691
7290014745636,false,קציצות קלאסת הודו 100%,עוף טוב,IL,עוף טוב קציצות קלאסי,גרמים,600.00,100 גרם,false,,33.90,5.6500,true,1,119691
7290014749764,false,עוף טוב שניצל עוף ביתי עדין כזה 700 גרם,מוצרי עוף טוב (2001) בע\,IL,שניצל עוף ביתי כזה ע,גרמים,700.00,100 גרם,false,,45.90,6.5571,true,1,69755
7290014758100,false,מאגדת יוגורט ביו 3% שומן 8 יח' *150ג' תנובה,מיוצר עי קונדיטוריית,IL,יוגורט תנובה 3% 8*15,קילוגרמים,1.20,"ק""ג",false,,17.50,14.5833,true,1,27745
7290014758117,false,מאגדת יוגורט ביו 1.5% שומן 8 יח' *150 ג' תנובה,מיוצר עי קונדיטוריית,IL,יוגורט תנובה 1.5% 8*,קילוגרמים,1.20,"ק""ג",false,,17.50,14.5833,true,1,27746
7290014758162,false,חלב עיזים מלא 3.6% קרטון 1 ל' תנובה,תנובה מרכז שיתופי לש,IL,חלב תנובה עיזים מלא,ליטרים,1.00,ליטר,false,,16.70,16.7000,true,1,27748
7290014758681,false,קוטג תנובה 1% גביע 250 גרם,מיוצר עי קונדיטוריית,IL,קוטג תנובה 1% 250ג,גרמים,250.00,100 גרם,false,,5.70,2.2800,true,1,27767
7290014759084,false,גבינת שמנת נפוליאון 16% מופחת שומן תנובה 225 גרם,תנובה מרכז שיתופי לש,IL,נפוליאון 16% 225גר,גרמים,225.00,100 גרם,false,,15.90,7.0667,true,1,27770
7290014759534,false,גבינה בולגרית למריחה טבעי 5% 200 ג' פיראוס,"תנובה, מחלבת תל יוסף",IL,פיראוס בולגרית למריח,גרמים,200.00,100 גרם,false,,15.50,7.7500,true,1,27778
7290014759909,false,פטה עיזים 5% פיראוס גביע 250 גרם,"תנובה, מחלבת טנא נוג",IL,פיראוס פטה עזים פירא,גרמים,250.00,100 גרם,false,,31.00,12.4000,true,1,27786
7290014759978,false,גבינת קצקבל גלעד 27% תנובה 200 גרם,תנובה חלב,IL,גבינות תנובה קצקבל פ,גרמים,200.00,100 גרם,false,,29.50,14.7500,true,1,27788
7290014760134,false,"מעדן סויה בטעם וניל תנובה 125 מ""ל",תנובה Alternative,IL,גביע מעדן סויה בטעם,גרמים,125.00,100 גרם,false,,5.10,4.0800,true,1,111937
7290014760141,false,משקה שקדים תנובה E אלטרנטיב,תנובה Alternative,IL,תנובה משקה שקדים טרי,יחידה,0.00,יחידה,false,,15.50,0.0000,true,1,27792
7290014760448,false,גבינה צהובה גלבוע 400 גרם 22% שומן תנובה,מחלבת בית יצחק,IL,גלבוע 22% 400 גרם,גרמים,400.00,100 גרם,false,,25.20,6.3000,true,1,27799
7290014760912,false,פרוסות גבינה 28% שומן 400 ג' גוש חלב,תנובה מרכז שיתופי לש,IL,גוש חלב 28% מהדרין 4,גרמים,400.00,100 גרם,false,,27.90,6.9750,true,1,27813
7290014761056,false,מעדן שוקולד חלב יולו תנובה 123 גרם,מיוצר עי קונדיטוריית,IL,יולו שוקולד חלב מעול,גרמים,122.00,100 גרם,false,,5.70,4.6721,true,1,27817
7290014761063,false,מעדן שוקולד מריר יולו תנובה 123 גרם,מיוצר עי קונדיטוריית,IL,יולו שוקולד מריר מעו,גרמים,122.00,100 גרם,false,,5.70,4.6721,true,1,27818
7290014761070,false,מעדן שוקולד לבן יולו תנובה 123 גרם,מיוצר עי קונדיטוריית,IL,יולו שוקולד לבן מעול,גרמים,122.00,100 גרם,false,,5.70,4.6721,true,1,27819
7290014761193,false,יוגורט עם פירות יער 1.5% שומן 125 ג' פרילי,תנובה מרכז שיתופי לש,IL,פרילי פירות יער 1.5%,גרמים,125.00,100 גרם,false,,4.10,3.2800,true,1,27822
7290014761414,false,יולו מעדן שכבות שוקולד חלב ולבן 123 גר,מיוצר עי קונדיטוריית,IL,יולו מעדן שכבות שוקו,גרמים,122.00,100 גרם,false,,5.70,4.6721,true,1,27836
7290014762770,false,מעדן סויה טעם אפרסק125גר,תנובה חלב,IL,גביע מעדן סויה בטעם,גרמים,125.00,100 גרם,false,,5.10,4.0800,true,1,92341
7290014762770,false,מעדן סויה טעם אפרסק125גר,תנובה חלב,IL,גביע מעדן סויה בטעם,גרמים,125.00,100 גרם,false,,5.10,4.0800,true,1,92341
7290014762787,false,מעדן סויה בטעם תות 125גר,סוי מג'יק,IL,גביע מעדן סויה בטעם,גרמים,125.00,100 גרם,false,,5.10,4.0800,true,1,92342
7290014762787,false,מעדן סויה בטעם תות 125גר,סוי מג'יק,IL,גביע מעדן סויה בטעם,גרמים,125.00,100 גרם,false,,5.10,4.0800,true,1,92342
7290014762794,false,מעדן סויה מתיק.מעודנת125,סוי מג'יק,IL,גביע מעדן סויה במתיק,גרמים,125.00,100 גרם,false,,5.10,4.0800,true,1,92343
7290014762794,false,מעדן סויה מתיק.מעודנת125,סוי מג'יק,IL,גביע מעדן סויה במתיק,גרמים,125.00,100 גרם,false,,5.10,4.0800,true,1,92343
7290014762800,false,מעדן סויה שוקולד גביע 125 גרם אלטרנטיב,תנובה מרכז שיתופי לש,IL,גביע מעדן סויה בטעם,גרמים,125.00,100 גרם,false,,5.10,4.0800,true,1,92344
7290014762800,false,מעדן סויה שוקולד גביע 125 גרם אלטרנטיב,תנובה מרכז שיתופי לש,IL,גביע מעדן סויה בטעם,גרמים,125.00,100 גרם,false,,5.10,4.0800,true,1,92344
7290014762909,false,פתיתי מוצרלה השף הלבן 10% תוספת מתנה,"תנובה, מחלבת תל יוסף",IL,פתיתי מוצרלה 200 גר`,גרמים,200.00,100 גרם,false,,17.90,8.9500,true,1,27899
7290014791091,false,"שוויפס לימונייד 500 מ""ל",יפאורה שותפות מובגלת לשיווק,IL,משקה למונייד שוופס 5,מיליליטרים,500.00,"100 מ""ל",false,,6.50,1.3000,true,1,12338
7290014791725,false,"שוויפס תפוחים מוגז 500 מ""ל",יפאורה שותפות מובגלת לשיווק,IL,משקה מוגז תפוחים שוו,מיליליטרים,500.00,"100 מ""ל",false,,6.50,1.3000,true,1,12362
7290014855434,false,מגבונים בייביסיטר פרפורמנס מבושם רביעיה,בייביסיטר Babysitter,IL,בייביסיטר פרפורמנס מ,יחידה,0.00,יחידה,false,,17.90,0.0000,true,1,31709
7290014855458,false,מגבוני בייביסיטר פרפורמנס ללא בישום מארז 72X4יח',בייביסיטר Babysitter,IL,מגבוני בייבי פרפורמנ,יחידה,0.00,יחידה,false,,17.90,0.0000,true,1,31710
7290014940901,false,לחם פשוט מלא אנג'ל 750 גרם,מאפיית שלמה א. אנג'\ל בע,IL,לחם פשוט מלא אנגל 75,גרמים,750.00,100 גרם,false,,15.90,2.1200,true,1,69906
7290014945210,false,צימרוני אוזניים עץ 300 י,ltd Manufacturing .M.A,CN,צמרוני עץ 300 יח בשק,יח',300.00,יח',false,,3.50,0.0117,true,1,110266
7290014945807,false,קיסמי שיניים דנטליים שייני (200 יח'),,,קיסמי שיניים דנטליים,יחידה,0.00,יחידה,false,,7.90,0.0000,true,1,309347
7290014945906,false,50 מטליות לחות לניקוי כללי בניחוח לימון שייני,דינמיק תעשיות מגבונים,IL,מטליות לחות לניקוי כ,יחידה,0.00,יחידה,false,,6.90,0.0000,true,1,60254
7290014974562,false,גביעי גלידה רגיל טילון עלמה גילרו 24 יח',"א.ג גילרו בע""מ",IL,עלמה גביעי גלידה 24,גרמים,120.00,100 גרם,false,,6.90,5.7500,true,1,85240
7290015009010,false,מונטנייר חומץ יין אדום 500מל,מנדלז סי.אר. פרודקשן,ES,חומץ בן יין אדום 5%ד,מיליליטרים,500.00,"100 מ""ל",false,,20.60,4.1200,true,1,87963
7290015009027,false,"חומץ בלסמי 500 מ""ל ""daniel""",ר. צ'צ'יק,ES,חומץ בלסמי חומציות 6,מיליליטרים,500.00,"100 מ""ל",false,,23.90,4.7800,true,1,74555
7290015009171,false,"ניוקי תפוחי אדמה 300 גר' ""דניאל""",סיאמה אלימנטארי סרל,,ניוקי תפוחי אדמה דני,גרמים,300.00,100 גרם,false,,11.00,3.6667,true,1,121495
7290015009188,false,"ניוקי תפוחי אדמה עם דלעת 300 גר' ""דניאל""",סיאמה אלימנטארי סרל,,ניוקי תפוחי אדמה עם,גרמים,300.00,100 גרם,false,,11.00,3.6667,true,1,121496
7290015009195,false,"ניוקי תפוחי אדמה עם עגבניות 300 גרם ""דניאל""",סיאמה אלימנטארי סרל,,ניוקי תפוחי אדמה עם,גרמים,300.00,100 גרם,false,,11.00,3.6667,true,1,121497
7290015009355,false,"חומץ בלסמי מצומצם 250 מ""ל",,ES,רוטב חומץ בלסמי מצומ,מיליליטרים,250.00,"100 מ""ל",false,,24.90,9.9600,true,1,277633
7290015009478,false,קינג קול שעועית אדומה כהה 439 גרם,יורקום סרל,IT,שעועית אדומה במי מלח,גרמים,240.00,100 גרם,false,,12.90,5.3750,true,1,277616
7290015009508,false,סירופ מייפל טהור 250 מל,דרק אמבר,US,סירופ מייפל טהור 250,מיליליטרים,250.00,"100 מ""ל",false,,39.90,15.9600,true,1,282205
7290015009553,false,"רוטב אקסטרא חריף מפלפל קרולינה ריפר 148 מ""ל",קאמוק,CR,רוטב אקסטרא חריף מפל,גרמים,148.00,100 גרם,false,,24.90,16.8243,true,1,295209
7290015025942,false,"קרם ידיים קלאסי עם שמן שקדים פנג'ל 80 מ""ל",מיוצר עי קונדיטוריית,IL,קרם ידיים מועשר בשמן,מיליליטרים,80.00,"100 מ""ל",false,,8.80,11.0000,true,1,6666
7290015033084,false,קוסקוס חיטה בינוני ד,,IL,קוסקוס חיטה בינוני ד,גרמים,350.00,100 גרם,false,,6.90,1.9714,true,1,353903
7290015033299,false,פרורי לחם קלאסי שקית,חטיפים מן הארץ,,פרורי לחם קלאסי שקית,גרמים,400.00,100 גרם,false,,5.90,1.4750,true,1,353618
7290015039246,false,נתחי טונה בשמן צמחי רביעיה * 160 ג' וילי פוד,וילי פוד,TH,טונה בהירה בשמן וילי,גרמים,640.00,100 גרם,false,,24.60,3.8438,true,1,3714
7290015039338,false,נתחי טונה במי מלח רביעיה * 160 ג' וילי פוד,וילי פוד,TH,טונה במי מלח ויליפוד,גרמים,640.00,100 גרם,false,,24.60,3.8438,true,1,3717
7290015080231,false,שרשרת פנינים,,,שרשרת פנינים,יחידה,0.00,יחידה,false,,11.90,0.0000,true,1,54172
7290015150088,false,מחית עגבניות קלה גרנד איטליה 700 גרם,שוורצקוף& הנקל דיסלד,IT,מחית עגבניות בלה איט,גרמים,700.00,100 גרם,false,,12.90,1.8429,true,1,26239
7290015150118,false,שלישיית עגבניות חתוכות דק גרנד איטליה 400 גרם,אמיליאנה קונסרב ס.פ.,IT,עגבניות חתוכות דק בל,גרמים,400.00,100 גרם,false,,19.90,4.9750,true,1,26242
7290015150200,false,עגבניות חתוכות דק גרנד איטליה ויסוצקי,HIQ FOOD PRODUCTS,IT,עגבניות חתוכות דק ו,גרמים,400.00,100 גרם,false,,6.90,1.7250,true,1,26243
7290015150903,false,תה ירוק קינמון ודבש ויסוצקי 25 יחידות,ויסוצקי ירוק,IL,תה ירוק קינמון ודבש,גרמים,37.50,100 גרם,false,,26.90,71.7333,true,1,26257
7290015155823,false,מחית תפוחי עץ חטיפטף ללא תוספת סוכר,פרוטה פודיווין איי.א,CZ,פאוץ' פרינוק מחית תפ,גרמים,120.00,100 גרם,false,,6.50,5.4167,true,1,107009
7290015155830,false,מחית תפוחי עץ ובננה חטיפטף ללא תוספת סוכר,פרוטה פודווין איי.אס,CZ,פאוץ' פרינוק מחית תפ,גרמים,120.00,100 גרם,false,,6.50,5.4167,true,1,107010
7290015155847,false,מחית סלט פירות חטיפטף ללא תוספת סוכר,פרוטה פודיווין איי.א,CZ,פאוץ' פרינוק מחית סל,גרמים,120.00,100 גרם,false,,6.50,5.4167,true,1,107011
7290015156790,false,מחית לפתן פירות חטיפטף ללא תוספת סוכר,פרוטה פודווין איי.אס,CZ,פאוץ' פרינוק לפתן פי,גרמים,120.00,100 גרם,false,,6.50,5.4167,true,1,124624
7290015178273,false,רוטב מרינדה לעוף בגריל אוליביה 270 גר,אוליביה,IL,רוטב מרינדה לעוף בגר,גרמים,320.00,100 גרם,false,,14.90,4.6563,true,1,348489
7290015193566,false,מעדני המלך אובלטים שומשום 300 גרם,אם החיטה,IL,אובלטים שומשום 300 ג,גרמים,300.00,100 גרם,false,,10.90,3.6333,true,1,72934
7290015193634,false,אובלטים דקיקים קימל מעדני המלך 300 גר',אם החיטה,IL,אובלטים קימל 300 גרם,גרמים,300.00,100 גרם,false,,10.90,3.6333,true,1,106121
7290015282000,false,איקרא אדומה SEVEN SEAS 200 גרם,שבעת הימים - שמיר,IL,איקרה אדומה סלטי שמי,גרמים,200.00,100 גרם,false,,15.90,7.9500,true,1,19923
7290015282024,false,איקרא לבנה SEVEN SEAS 200 גרם,שבעת הימים - שמיר,IL,איקרה לבנה סלטי שמיר,גרמים,200.00,100 גרם,false,,15.90,7.9500,true,1,19925
7290015282581,false,חומוס אבו גוש עם חריף שמיר 200 גרם,"סלטי שמיר 2006 בע""מ",IL,חומוס אבו גוש עם חרי,גרמים,200.00,100 גרם,false,,11.90,5.9500,true,1,79965
7290015282598,false,חומוס מסעדות גורמה שמיר 200 גרם,"סלטי שמיר 2006 בע""מ",IL,חומוס מסעדות,גרמים,200.00,100 גרם,false,,11.90,5.9500,true,1,79966
7290015282604,false,טחינה מיוחדת גורמה שמיר 200 גרם,"סלטי שמיר 2006 בע""מ",IL,טחינה מיוחדת,גרמים,200.00,100 גרם,false,,11.90,5.9500,true,1,79967
7290015282628,false,חציל בטעם כבד גורמה שמיר 200 גרם,"סלטי שמיר 2006 בע""מ",IL,חציל בטעם כבד סלטי ש,גרמים,200.00,100 גרם,false,,13.90,6.9500,true,1,79968
7290015282635,false,חומוס מסבחה גורמה שמיר 200 גרם,"סלטי שמיר 2006 בע""מ",IL,חומוס מסבחה,גרמים,200.00,100 גרם,false,,11.90,5.9500,true,1,79969
7290015282642,false,חומוס אבו גוש גורמה שמיר 200 גרם,"סלטי שמיר 2006 בע""מ",IL,חומוס אבו גוש,גרמים,200.00,100 גרם,false,,11.90,5.9500,true,1,79970
7290015282673,false,חציל במיונז ביתי גורמה שמיר 200 גרם,"סלטי שמיר 2006 בע""מ",IL,חציל במיונז ביתי,גרמים,200.00,100 גרם,false,,11.90,5.9500,true,1,79971
7290015282680,false,קישוא בטעם כבד גורמה שמיר 200 גרם,"סלטי שמיר 2006 בע""מ",IL,קישוא בטעם כבד סלטי,גרמים,200.00,100 גרם,false,,13.90,6.9500,true,1,79972
7290015282710,false,קוביות סלק גורמה שמיר 200 גרם,"סלטי שמיר 2006 בע""מ",IL,קוביות סלק סלטי שמיר,גרמים,200.00,100 גרם,false,,11.90,5.9500,true,1,79974
7290015282727,false,גזר מרוקאי ברוטב פיקנטי אסלי שמיר 200 ג',"סלטי שמיר 2006 בע""מ",IL,גזר מרוקאי ברוטב פיק,גרמים,200.00,100 גרם,false,,13.90,6.9500,true,1,79975
7290015282734,false,מטבוחה ביתית גורמה שמיר 200 גרם,"סלטי שמיר 2006 בע""מ",IL,מטבוחה ביתית.,גרמים,200.00,100 גרם,false,,13.90,6.9500,true,1,79976
7290015282741,false,חציל תאילנדי אסלי שמיר 200 ג',"סלטי שמיר 2006 בע""מ",IL,חציל תילאנדי סלטי שמ,גרמים,200.00,100 גרם,false,,13.90,6.9500,true,1,79977
7290015282796,false,"סלט תפו""א שמיר במיונז 200ג'","סלטי שמיר 2006 בע""מ",IL,סלט תפוח אדמה 200 ג,גרמים,200.00,100 גרם,false,,13.90,6.9500,true,1,79981
7290015324007,false,פלפל שחור גרוס 80 גר' טעם וריח,"תבליני טעם וריח בע""מ",IL,טעם וריח פלפל שחור ג,גרמים,80.00,100 גרם,false,,12.90,16.1250,true,1,49518
7290015324014,false,"פלפל שחור טחון בשקית 80 גרם ""טעם וריח""","תבליני טעם וריח בע""מ",IL,טעם וריח פלפל שחור ט,גרמים,80.00,100 גרם,false,,12.90,16.1250,true,1,49519
7290015324038,false,פפריקה מתוקה בשמן 100 גרם טעם וריח,"תבליני טעם וריח בע""מ",IL,טעם וריח פפריקה בשמן,גרמים,80.00,100 גרם,false,,6.50,8.1250,true,1,49520
7290015324045,false,תבלין פפריקה חריפה 80 גר' שק',"תבליני טעם וריח בע""מ",IL,תבלין פפריקה חריפה ב,גרמים,80.00,100 גרם,false,,6.50,8.1250,true,1,49521
7290015324052,false,פפריקה מתוקה 80 גר' טעם וריח,"תבליני טעם וריח בע""מ",IL,טעם וריח פפריקה מתוק,גרמים,80.00,100 גרם,false,,6.50,8.1250,true,1,49522
7290015324069,false,גריל עוף 80 גר' טעם וריח,"תבליני טעם וריח בע""מ",IL,טעם וריח גריל עוף שק,גרמים,80.00,100 גרם,false,,6.50,8.1250,true,1,62405
7290015324076,false,זעתר מעורב 80 גר' טעם וריח,"תבליני טעם וריח בע""מ",IL,טעם וריח זעתר שקית 8,גרמים,80.00,100 גרם,false,,6.90,8.6250,true,1,49523
7290015324083,false,מלח לימון 80 גר' טעם וריח,"תבליני טעם וריח בע""מ",IL,טעם וריח מלח לימון ש,גרמים,80.00,100 גרם,false,,6.50,8.1250,true,1,49524
7290015324090,false,כמון טחון 80 גר' טעם וריח,"תבליני טעם וריח בע""מ",IL,טעם וריח כמון שקית 8,גרמים,80.00,100 גרם,false,,8.90,11.1250,true,1,49525
7290015324113,false,טעם וריח בהרט שקית 8,"תבליני טעם וריח בע""מ",IL,טעם וריח בהרט שקית 8,גרמים,80.00,100 גרם,false,,6.90,8.6250,true,1,49527
7290015324120,false,שום גבישי 80 גר' טעם וריח,"תבליני טעם וריח בע""מ",IL,טעם וריח שום גבישי ב,גרמים,80.00,100 גרם,false,,9.90,12.3750,true,1,49528
7290015324151,false,חוואיג' למרק 80 גר' טעם וריח,"תבליני טעם וריח בע""מ",IL,תבלין חוויאג למרק ב,גרמים,80.00,100 גרם,false,,6.90,8.6250,true,1,49529
7290015324168,false,שק 80 גרם על האש ללא מונוסטדיום,"תבליני טעם וריח בע""מ",IL,תערובת תיבול על האש,גרמים,80.00,100 גרם,false,,6.80,8.5000,true,1,49530
7290015328531,false,להבונים 50 יח' 3 שעות לירון.ק,,,להבונים 50 יח' 3 שעו,יחידה,0.00,יחידה,false,,10.90,0.0000,true,1,114778
7290015328647,false,נר נשמה בפח 24 שעות,,,נר נשמה בפח 24 שעות,יחידה,0.00,יחידה,false,,1.90,0.0000,true,1,132298
7290015328661,false,נר נשמה 48 שעות ירושלים,,,נר נשמה 48 שעות ירוש,יחידה,0.00,יחידה,false,,5.90,0.0000,true,1,133831
7290015328685,false,מנורת לד 9 וולט,,,מנורת לד 9 וולט,יחידה,0.00,יחידה,false,,8.90,0.0000,true,1,126769
7290015328692,false,מנורת לד 12 וולט,,,מנורת לד 12 וולט,יחידה,0.00,יחידה,false,,9.90,0.0000,true,1,126770
7290015328715,false,האשפתון 65*52 50 יח',,,האשפתון 65*52 50 יח',יח',50.00,יח',false,,11.90,0.2380,true,1,130130
7290015328722,false,האשפתון 90*78 2 גליל,,,האשפתון 90*78 2 גליל,יח',20.00,יח',false,,12.90,0.6450,true,1,130131
7290015328791,false,נרות חנוכה צבעוניים 50 יח',,,נרות חנוכה צבעוניים,יחידה,0.00,יחידה,false,,4.90,0.0000,true,1,133151
7290015347259,false,פירורי לחם מוזהבים מיה 400 גרם,מיה תעשיות מזון מ.ת.מ. ב,IL,פירורי לחם מוזהבים 4,גרמים,400.00,100 גרם,false,,7.90,1.9750,true,1,119105
7290015347259,false,פירורי לחם מוזהבים מיה 400 גרם,מיה תעשיות מזון מ.ת.מ. ב,IL,פירורי לחם מוזהבים 4,גרמים,400.00,100 גרם,false,,7.90,1.9750,true,1,119105
7290015347273,false,נטיפי שוקולד אמיתי לאפיה 250 גר',מיה תעשיות מזון מ.ת.מ. ב,IL,נטיפי שוקולד מריר לא,גרמים,250.00,100 גרם,false,,9.90,3.9600,true,1,15905
7290015347464,false,מיה קינואה מעורבת 400 גרם,מיה תעשיות מזון מ.ת.מ. ב,IL,מיה קינואה מעורבת 50,גרמים,400.00,100 גרם,false,,16.90,4.2250,true,1,15918
7290015348089,false,"למברוסקו אדום ביאנקו 750 מ""ל ""אמיליאנו""",גאטטיקו איטליה,IL,למברוסקו אמיליאנו לב,מיליליטרים,750.00,"100 מ""ל",false,,27.20,3.6267,true,1,10318
7290015348096,false,"למברוסקו רוזה 750 מ""ל ""אמיליאנו""",גאטטיקו איטליה,IL,למברוסקו אמיליאנו רו,מיליליטרים,750.00,"100 מ""ל",false,,27.20,3.6267,true,1,10319
7290015366359,false,מכשיר ספירה 8 שעות+נוזל להרחקת יתושים 45 לילות,זובלה הולדינגס ס.פ.א,IT,ספירה מכשיר נוזל 8 ש,יחידה,0.00,יחידה,false,,34.90,0.0000,true,1,4565
7290015366663,false,"משחת שיניים מנטה עדין אקווה פרש 100 מ""ל",גלקסוסמיתקליין,SK,מש.שיניים מנטה עדין,גרמים,100.00,100 גרם,false,,7.90,7.9000,true,1,4578
7290015366670,false,משחת שיניים הגנה משולשת מנטה מרענן,גלקסוסמיתקליין,SK,מש.שיניים מנטה אקווה,גרמים,100.00,100 גרם,false,,7.90,7.9000,true,1,4579
7290015374279,false,"סיגר במילוי בשר בד""צ",,,סיגר במילוי בשר 400,גרמים,400.00,100 גרם,false,,12.90,3.2250,true,1,67081
7290015374286,false,"סיגר במילוי תפו""א בד",,,סיגר במילוי תפו'א 40,גרמים,400.00,100 גרם,false,,12.90,3.2250,true,1,67082
7290015374316,false,"אגרול סיני בד""צ 400ג",,,אגרול סיני 400 גרם,גרמים,400.00,100 גרם,false,,12.90,3.2250,true,1,67085
7290015374330,false,"קובה מרק בד""צ 400גר",,,קובה מרק 400 גרם,גרמים,400.00,100 גרם,false,,12.90,3.2250,true,1,67087
7290015603560,false,"שימורי קרם קוקוס 20-22% 400 מ""ל (ASIATIC)(כ)",אסיאטיק אגרו אינדוסטרי,TH,שימורי קרם קוקוס 20-,מיליליטרים,400.00,"100 מ""ל",false,,9.90,2.4750,true,1,62891
7290015644297,false,שישיית לחמניות פשוט מלא אנג'ל 450 גרם,מאפיית שלמה א. אנג'\ל בע,IL,6 לחמניות פשוט מלא א,יחידה,0.00,יחידה,false,,11.90,0.0000,true,1,120659
7290015652070,false,קשוי קלוי בשקית ששון הקולה 150 גרם,"דין שיווק וקלייה בע""",IL,קשיו קלוי 150 גרם שש,גרמים,150.00,100 גרם,false,,13.90,9.2667,true,1,5428
7290015652278,false,תערובת פיצוחים ששון הקולה 300 גרם,"דין שיווק וקלייה בע""",IL,תערובת פיצוחים ששון,גרמים,250.00,100 גרם,false,,20.00,8.0000,true,1,64736
7290015652285,false,אגוזים קלופים ששון הקולה 250 גרם,"שקדיה גבע תעשיות בע""",IL,אגוזים קלופים 250 גר,גרמים,250.00,100 גרם,false,,20.00,8.0000,true,1,5441
7290015652292,false,קבוקים עם שומשום ששון הקולה 400 גרם,"דין שיווק וקלייה בע""",IL,קבוקים עם שומשום ששו,גרמים,400.00,100 גרם,false,,10.00,2.5000,true,1,118208
7290015652308,false,מנצ'ס ששון הקולה 400 גרם,"דין שיווק וקלייה בע""",,מנצ'ס ששון הקולה 300,גרמים,300.00,100 גרם,false,,10.00,3.3333,true,1,118209
7290015652322,false,בוטנים אמריקאיים מצופים 400 גר ששון הקלה,"דין שיווק וקלייה בע""",IL,בוטנים אמריקאים מצופ,גרמים,400.00,100 גרם,false,,10.00,2.5000,true,1,118210
7290015652407,false,פיסטוק קלוי ששון הקולה 250 גרם,"דין שיווק וקלייה בע""",IL,פיסטוק קלוי ששון הקו,גרמים,250.00,100 גרם,false,,20.00,8.0000,true,1,5452
7290015652605,false,פיסטוק קלוף השף 100 גרם,"דין שיווק וקלייה בע""",IL,פיסטוק קלוף 100 גרם,גרמים,100.00,100 גרם,false,,21.90,21.9000,true,1,5465
7290015733427,false,מטרנה דייסת גם וגם וניל פרו12*300ג 2019,מולינו ניקולי s.p.a,IL,מטרנה דייסת גם וגם ו,גרמים,300.00,100 גרם,false,,21.90,7.3000,true,1,56849
7290015766005,false,עגבניות שרי וויטני,אראל תוצרת חקלאית בע,IL,שרי וויטני יחידה,גרמים,500.00,100 גרם,false,,10.90,2.1800,true,1,126253
7290015766029,false,עגבניות שרי כתומות 4,אראל תוצרת חקלאית בע,IL,שרי כתום יח',גרמים,460.00,100 גרם,false,,10.90,2.3696,true,1,33224
7290015781114,false,"יין IMPRESSION מרלו טפרברג 750 מ""ל","יקב טפרברג 1870 בע""מ",IL,אימפרשן מרלו,מיליליטרים,750.00,"100 מ""ל",false,,54.90,7.3200,true,1,12435
7290015781121,false,"יין IMPRESSION קברנה סוביניון יבש טפרברג 750 מ""ל","יקב טפרברג 1870 בע""מ",IL,אימפרשן קברנה סובניו,מיליליטרים,750.00,"100 מ""ל",false,,54.90,7.3200,true,1,12436
7290015781169,false,"יין IMPRESSION קברנה סוביניון חצי יבש טפרברג 750 מ""ל","יקב טפרברג 1870 בע""מ",IL,אימפרשן אדום חצי יבש,מיליליטרים,750.00,"100 מ""ל",false,,54.90,7.3200,true,1,12440
7290015781282,false,"יין IMPRESSION גוורצטרמינר טפרברג 750 מ""ל",יקב טפרברג 1870,IL,אימפרשן גוורצטרמינר,מיליליטרים,750.00,"100 מ""ל",false,,54.90,7.3200,true,1,12443
7290015858243,false,ממרח צימיצורי עללחם 180 גרם,"מדשא תעשיות מזון בע""\מ",IL,ממרח צימיצורי עללחם,גרמים,180.00,100 גרם,false,,17.90,9.9444,true,1,145266
7290015858434,false,שום כתוש עללחם 250 גרם,מדשא תעשיות מזון בעמ,IL,שום כתוש עללחם 250 ג,גרמים,250.00,100 גרם,false,,15.90,6.3600,true,1,163054
7290015865692,false,תענוג פרי תות שדה 400 גר,קריות זול,IL,תענוג פרי תות שדה ענ,גרמים,400.00,100 גרם,false,,19.90,4.9750,true,1,225459
7290015865722,false,קונפיטורת תות שדה לייט 400 גרם,ענבי ציון,IL,קונפיטורה לייט תות ש,גרמים,400.00,100 גרם,false,,21.90,5.4750,true,1,225504
7290015865739,false,קונפיטורת אוכמניות לייט 400 גר,ענבי ציון,IL,קונפיטורה לייט אוכמנ,גרמים,400.00,100 גרם,false,,21.90,5.4750,true,1,225505
7290016006148,false,"שוופס מוגז עדין ענבים בקבוק 500מ""ל",יפאורה שותפות מובגלת לשיווק,IL,משקה מוגז ענבים שוופ,מיליליטרים,500.00,"100 מ""ל",false,,6.50,1.3000,true,1,12378
7290016006346,false,שוופס סודה 0.5 ליטר מארז שישייה,יפאורה שותפות מובגלת לשיווק,IL,שוופס סודה שישייה 0.,ליטרים,3.00,ליטר,false,,15.90,5.3000,true,1,12385
7290016096217,false,רביעיית נתחי טונה קט,,,רביעיית נתחי טונה קט,גרמים,560.00,100 גרם,false,,24.90,4.4464,true,1,88913
7290016096491,false,נתחי טונה בהירה בשמן צמחי שלישיה *80ג' פילטונה,תעשיות פילטונה,IL,נתחי טונה בשמן צמחי,גרמים,240.00,100 גרם,false,,11.90,4.9583,true,1,124019
7290016096675,false,שלישיה פיל טונה בשמן,,IL,טונה בשמן זית פילטונ,גרמים,240.00,100 גרם,false,,18.90,7.8750,true,1,128288
7290016096934,false,מארז זוגות סלט טונה 2*160 ג' פילטונה,תעשיות פילטונה,IL,סלט טונה 2 יח' פילטו,גרמים,320.00,100 גרם,false,,12.90,4.0313,true,1,160409
7290016104271,false,ריבת חלב בצנצנת 20% חלב,פוליבה,IL,ריבת חלב 340 גר`,גרמים,340.00,100 גרם,false,,13.90,4.0882,true,1,14259
7290016114300,false,נייר טואלט דו שכבתי אורך כפול לבן לילי 16 גלילים,לילי נייר טואלט חוגלה,IL,לילי גליל כפול 16 גל,מטרים,588.00,מטר,false,,41.90,0.0713,true,1,9783
7290016144000,false,"קמח חיטה מלאה נפלאות 80% 1 ק""ג","קמח מלכים בע""\מ",IL,קמח חיטה 80% נפלאות,קילוגרמים,1.00,"ק""ג",false,,10.90,10.9000,true,1,121443
7290016144017,false,"קמח מלא נפלאות 100% ללא ניפוי 1 ק""ג",קמח מלכים,IL,קמח חיטה מלאה 100% נ,קילוגרמים,1.00,"ק""ג",false,,10.90,10.9000,true,1,121444
7290016144031,false,קמח חיטה לבן מנופה נפלאות,קמח מלכים,IL,קמח נפלאות חיטה לבן,קילוגרמים,1.00,"ק""ג",false,,7.90,7.9000,true,1,121490
7290016144048,false,"קמח כוסמין לבן נפלאות 1 ק""ג","קמח מלכים בע""מ",IL,קמח כוסמין לבן נפלאו,קילוגרמים,1.00,"ק""ג",false,,17.90,17.9000,true,1,139359
7290016144055,false,"קמח כוסמין נפלאות 80% 1 ק""ג",קמח מלכים,IL,קמח כוסמין 80% נפלאו,קילוגרמים,1.00,"ק""ג",false,,15.90,15.9000,true,1,146392
7290016150117,false,סלק אדום מבושל 500 ג' בוואקום,ג'ואבג'י יואייבי,LE,מעדן סלק בוואקום 500,גרמים,500.00,100 גרם,false,,6.90,1.3800,true,1,98688
7290016150711,false,Avel -נוזל קוקוס תאילנדי בפחית 400 גרם,,,AVEL נוזל קוקוס תאיל,מיליליטרים,400.00,"100 מ""ל",false,,5.90,1.4750,true,1,135058
7290016162219,false,כדורי שוקולד קוקוס קפולסקי 280 גר',תופינים מקבוצת קפולסקי,IL,כדורי שוקולד פרווה,גרמים,280.00,100 גרם,false,,33.90,12.1071,true,1,43433
7290016162233,false,עוגיות ממולאות סוגים שונים 200 גרם קפולסקי,קפולסקי,IL,עוגיות דיזרט פרימיום,גרמים,200.00,100 גרם,false,,21.90,10.9500,true,1,121065
7290016162264,false,עוגת גבינה רנסנס קפולסקי 450 גרם,קפולסקי שיווק וקמעונ,IL,עוגת גבינה רנסנס 450,גרמים,450.00,100 גרם,false,,44.90,9.9778,true,1,121067
7290016188585,false,GIACOBAZZI למברוסקו רוזה חצי יבש יקבי כרמל,יקב גאקובזי,IT,רוזה מבעבע למברוסקו,מיליליטרים,750.00,"100 מ""ל",false,,27.90,3.7200,true,1,596
7290016188608,false,GIACOBAZZI למברוסקו לבן חצי יבש יקבי כרמל,יקב גאקובזי,IT,למברוסקו לבן חצי יבש,מיליליטרים,750.00,"100 מ""ל",false,,27.90,3.7200,true,1,598
7290016197488,false,מטליות מיקרופייבר למשטחים ניקול 3יח',חוגלה קימברלי,CN,מטלית קסם לשיש מארז,יחידה,0.00,יחידה,false,,12.90,0.0000,true,1,9798
7290016217735,false,חציל על האש 200גרם גורמה,"סלטי שמיר 2006 בע""מ",IL,חציל על האש סלטי שמי,גרמים,200.00,100 גרם,false,,11.90,5.9500,true,1,79982
7290016217759,false,חציל מרוקאי 200גרם גורמה,"סלטי שמיר 2006 בע""מ",IL,חצילים בסגנון מרוקאי,גרמים,200.00,100 גרם,false,,13.90,6.9500,true,1,79984
7290016233384,false,גפילטע פיש 7 קציצות תומר 555 גרם,דג טעים ירושלים,IL,גפילטא פיש 7 קציצות,גרמים,555.00,100 גרם,false,,16.90,3.0450,true,1,91523
7290016246025,false,בארכה מיקס פינוקיות חלווה ללא סוכר 10*20ג,"רושדי תעשיות מזון בע""\מ",IL,בארכה פנוקיות חלבה ל,גרמים,200.00,100 גרם,false,,13.90,6.9500,true,1,21424
7290016246209,false,"חטיף חלבה וניל 100 גרם ""בארכה""","רושדי תעשיות מזון בע""\מ",IL,בארכה חטיף חלבה וניל,גרמים,100.00,100 גרם,false,,3.90,3.9000,true,1,78269
7290016246490,false,בארכה חלבה קלאסית 400 גרם,רושדי תעשיות מזון בע,IL,בארכה חלבה קלאסית 40,גרמים,400.00,100 גרם,false,,10.90,2.7250,true,1,138136
7290016273090,false,סוכריה על מקל בטעם תות בננה 31 גרם,אוריגינל גורמה,US,סוכרית לוליפופ על מק,גרמים,31.00,100 גרם,false,,5.50,17.7419,true,1,145489
7290016277685,false,שקד מולבן שבבים 200 גרם ששון - קופסא,"דין שיווק וקלייה בע""",,שקד מולבן שבבים 200,גרמים,200.00,100 גרם,false,,19.90,9.9500,true,1,110089
7290016304596,false,לחמניות לסנדביץ 75 גרם,מאפית דוידוביץ ובניו,IL,10 לחמניות לסנדוויץ,גרמים,750.00,100 גרם,false,,17.90,2.3867,true,1,350716
7290016319187,false,טוסו עוגיות סנדוויץ שוקו במילוי קרם שוקולד *זוג* 300 גרם,בטר אנד דיפרנט,IL,עוגיות סנדוויץ שוקו,גרמים,300.00,100 גרם,false,,16.90,5.6333,true,1,115161
7290016319194,false,טוסו עוגיות סנדוויץ שוקו במילוי קרם וניל *זוג* 300 גרם,אפיפית,IL,עוגיות סנדוויץ שוקו,גרמים,300.00,100 גרם,false,,16.90,5.6333,true,1,115162
7290016319309,false,סבון נוזלי מאסק קלאסי+משאבה פמלי 1 ל,הנסיך- מפעל לייצור ט,IL,אל סבון מאסק+משאבה פ,ליטרים,1.00,ליטר,false,,11.90,11.9000,true,1,6683
7290016320343,false,"דאק נוזל ג'ל לניקוי מתקדם בניחות לבנדר זוג * 750 מ""ל",אס. סי. ג'\ונסון מידרכט,NL,דאק ג'ל נוזל לניקוי,ליטרים,1.50,ליטר,false,,18.00,12.0000,true,1,105066
7290016321661,false,פרש וואנס SENSITIVE מגבונים ללא בישום רביעייה 72 יחידות,עלבד משואות יצחק,IL,מגבוני פרש וואנס רבי,יחידה,0.00,יחידה,false,,20.90,0.0000,true,1,149151
7290016321678,false,מגבונים לחים בניחוח מרענן עם תמציות קמומיל ואלוורה,עלבד משואות יצחק,IL,פרשוואנס רביעייה נטו,יחידה,0.00,יחידה,false,,20.90,0.0000,true,1,149152
7290016329278,false,קמיל בלו מגבונים מילוי 64 יח רביעייה,פישר מעבדות פרמצבטיות בע,IL,מגבוני קמיל 64 יח` מ,יחידה,0.00,יחידה,false,,21.90,0.0000,true,1,31255
7290016370959,false,חציל קלוי (פירה) בצנצנת קבוצת יבנה 530 גרם,תאי פרזידנט פוד פאבל,GR,חציל קלוי על האש בצנ,גרמים,580.00,100 גרם,false,,12.90,2.2241,true,1,86026
7290016370973,false,פלפל קלוי (גמביה) בצנצנת קבוצת יבנה 390 גרם,קוזט אס.אי. פיין פודס,GR,פלפל קלוי על האש בצ,גרמים,580.00,100 גרם,false,,12.90,2.2241,true,1,86028
7290016372342,false,עגבניות חתוך קוביות גראנד איטליה מארז 400X3ג',גרנד איטליה Grand Italia,IT,עגבניות חתוכות לקובי,גרמים,400.00,100 גרם,false,,19.90,4.9750,true,1,97054
7290016440652,false,תערובת פרוסות ירקות חמוצים מעדני עופר 500 גרם,מוצרי קפוא זן,,תערובת פרוסות ירקות,גרמים,500.00,100 גרם,false,,23.90,4.7800,true,1,199046
7290016475067,false,מארז 4 לאפות במלאכת יד,מאפיית המכבים,IL,לאפות 4 יחידות,יחידה,0.00,יחידה,false,,10.90,0.0000,true,1,119380
7290016509809,false,ג'ל מרוכז לכביסה קולור 2.5 ל' פרסיל,"הנקל סוד בע""\מ",IL,פרסיל ג'ל 2.5 ליטר ק,ליטרים,2.50,ליטר,false,,37.90,15.1600,true,1,125804
7290016509823,false,ג'ל לכביסה לבנה וצבעונית בניחוח רענן,"הנקל סוד בע""\מ",IL,פרסיל ג'ל 2.5 ליטר ב,ליטרים,2.50,ליטר,false,,37.90,15.1600,true,1,125806
7290016509830,false,ג'ל כביסה לבגדי תינוקות ובעלי עור רגיש Sensitive,"הנקל סוד בע""\מ",IL,פרסיל ג'ל 2.5 ליטר ב,ליטרים,2.50,ליטר,false,,37.90,15.1600,true,1,125807
7290016513684,false,כיסונים כפרי במילוי בשר הודו 750 גרם,"אימפריאל הזרב פוד בע""מ",IL,כיסונים כפריים במילו,גרמים,0.75,100 גרם,false,,31.90,4253.3333,true,1,309810
7290016513974,false,קרפלך במילוי פטריות איי פוד 600 גרם,"אימפריאל הזרב פוד בע""מ",IL,קרפלך במילוי פטריות,גרמים,0.60,100 גרם,false,,22.90,3816.6667,true,1,310011
7290016513981,false,"קרפלך תפו""א איי פוד 600 גרם",אימפריאל רזרב פוד,IL,קרפלך במילוי תפוח אד,גרמים,0.60,100 גרם,false,,19.90,3316.6667,true,1,309995
7290016564235,false,זוג מטליות מייקרופייבר לרצפה מבריקל,,,זוג מטליות מייקרופיי,יחידה,0.00,יחידה,false,,17.90,0.0000,true,1,139930
7290016584011,false,חטיפוני גזר 350 גרם גיזרונים,"מרינה פטריות הגליל בע""מ",IL,חטיפוני גזר 350 גרם,גרמים,350.00,100 גרם,false,,12.90,3.6857,true,1,114584
7290016682199,false,פריניב שייק תות בננה מופחת סוכר 1 ליטר,פריניב בעמ,IL,שייק תות בננה מופחת,יחידה,0.00,יחידה,false,,17.90,0.0000,true,1,42690
7290016682250,false,מיץ תפוז גזר פרי ניב 1 ליטר,פרי ניב,IL,מיץ תפוז וגזר סחוט 1,ליטרים,1.00,ליטר,false,,17.90,17.9000,true,1,325238
7290016682328,false,מיץ תפוזים 100% מרכז פריניב 2 ליטר,פרי ניב,IL,פרי ניב מיץ תפוזים ט,ליטרים,2.00,ליטר,false,,21.80,10.9000,true,1,211304
7290016682359,false,מיץ תפוזים שמוטי פרי ניב 2 ליטר-,פרי ניב,IL,פרי ניב מיץ 100% טבע,ליטרים,2.00,ליטר,false,,27.90,13.9500,true,1,211334
7290016682397,false,מיץ חמוציות פרי ניב 2 ליטר-,פרי ניב,IL,נקטר חמוציות פריניב,ליטרים,2.00,ליטר,false,,19.90,9.9500,true,1,211349
7290016682441,false,100% מיץ תפוזים מיוצר מרכז טבעי,פרי ניב,IL,פריניב מיץ תפוזים סח,ליטרים,1.00,ליטר,false,,16.90,16.9000,true,1,235579
7290016682465,false,מיץ לימון 100% סחוט בקבוק זכוכית 250 מל,,,מיץ לימון לתיבול 100,מיליליטרים,250.00,"100 מ""ל",false,,10.90,4.3600,true,1,307533
7290016693294,false,"יין רוזה בראשית 750 מ""ל",יקבי ארזה,IL,יין היוצר בראשית רוז,מיליליטרים,750.00,"100 מ""ל",false,,39.90,5.3200,true,1,116177
7290016693553,false,"יין מרלו עונות ארזה 750 מ""ל",יקבי ארזה,IL,יין עונות מרלו 750 מ,מיליליטרים,750.00,"100 מ""ל",false,,33.90,4.5200,true,1,139033
7290016717099,false,"יין כרמל סלקטד אדום חצי יבש, 750 מ""ל",יקבי כרמל Carmel Winery,IL,יין סלקטד אדום חצי י,מיליליטרים,750.00,"100 מ""ל",false,,32.90,4.3867,true,1,609
7290016717631,false,יין מוסקטו בעל חוזק אלכוהול נמוך פרייבט קולקשן,אגודת הכורמים הקואופרטיב,IL,יין P.C מוסקטו יין,מיליליטרים,750.00,"100 מ""ל",false,,44.90,5.9867,true,1,122295
7290016717754,false,"יין ישן נושן יקבי כרמל 750 מ""ל ^^^",אגודת הכורמים הקואופרטיב,IL,"ישן נושן 750מ""ל.",מיליליטרים,750.00,"100 מ""ל",false,,20.90,2.7867,true,1,116361
7290016717976,false,"יין סלקטד באז אפרסק כרמל 750 מ""ל",כרמל מזרחי,IL,יין באזז ספארקלינג א,מיליליטרים,750.00,"100 מ""ל",false,,31.90,4.2533,true,1,73401
7290016823004,false,בזיליקום יח freshlid,"מרינה פטריות הגליל בע""מ",IL,בזיליקום יח',יח',1.00,יח',false,,6.90,6.9000,true,1,75167
7290016823059,false,טימין קורנית ארוז יח,"מרינה פטריות הגליל בע""מ",IL,טימין,יח',1.00,יח',false,,6.90,6.9000,true,1,75172
7290016823066,false,רוזמרין יח freshlid,"מרינה פטריות הגליל בע""מ",IL,רוזמרין,יח',1.00,יח',false,,6.90,6.9000,true,1,75173
7290016865943,false,אטריות ביצים פטוציני אוריינט 400 גרם,פ.פ.פ טאביט פולין,PL,אטריות ביצים פטוצ'ינ,גרמים,400.00,100 גרם,false,,14.90,3.7250,true,1,121882
7290016866650,false,"פרודונטקס - משחת שיניים אוריג'ינל 75 מ""ל",פרודונטקס Parodontax,SK,מש.שיניים אוריגינל פ,מיליליטרים,75.00,"100 מ""ל",false,,33.90,45.2000,true,1,125621
7290016866674,false,"פרודונטקס - משחת שיניים מלבינה 75 מ""ל",פרודונטקס Parodontax,SK,"מש.שיניים מ""לבינה פר",מיליליטרים,75.00,"100 מ""ל",false,,33.90,45.2000,true,1,125623
7290016867053,false,לחם קל כוסמין בתוספת מחמצת 450 גרם,המאפה של דר מרק בריא,IL,לחם קל כוסמין בתוספת,גרמים,450.00,100 גרם,false,,20.90,4.6444,true,1,198302
7290016867114,false,לחם כוסמין קל מלא 500 גר',המאפה של דר מרק בריא,IL,לחם כוסמין קל מלא 50,גרמים,500.00,100 גרם,false,,19.90,3.9800,true,1,198303
7290016867152,false,"מארז פיתות קלות כוסמין 5 יחידות ד""ר מרק",המאפה של דר מרק בריא,IL,פיתות קלות כוסמין 29,גרמים,292.00,100 גרם,false,,14.90,5.1027,true,1,198371
7290016867176,false,"מארז לחמניות קלות כוסמין שומשום במתיקות מעודמת 5 יחידות ד""ר מרק",המאפה של דר מרק,IL,לחמניות ק. כוסמין שו,גרמים,300.00,100 גרם,false,,15.90,5.3000,true,1,198352
7290016867237,false,"לחם קל כוסמין במתיקות מעודנת ד""ר מרק",המאפה של דר מרק בריא,IL,לחם קל כוסמין במתיקו,גרמים,400.00,100 גרם,false,,20.70,5.1750,true,1,198304
7290016867244,false,שישיה לחמניות כוסמין בתוספת מחמצת 99 קלוריות,המאפה של דר מרק בריא,IL,לחמניות מחמצת כוסמין,גרמים,321.00,100 גרם,false,,15.90,4.9533,true,1,198335
7290016883091,false,חרדל דיזון שקדיה 350,צרבונוקס בברבנט אסאיי,FR,חרדל דיז'ון שקדיה 35,גרמים,350.00,100 גרם,false,,12.90,3.6857,true,1,298339
7290016967074,false,לחם חיטה מלאה עם גרעינים ודגנים,מאפיית שלמה א. אנג'\ל בע,IL,חיטה מלאה אנגל 750 ג,גרמים,750.00,100 גרם,false,,17.90,2.3867,true,1,69743
7290017058689,false,זית שחור טבעי תומר 4,מסנוי גידה רעהס,TR,זית שחור טבעי תומר 4,גרמים,400.00,100 גרם,false,,16.90,4.2250,true,1,27575
7290017062693,false,מרכך כביסה מרוכז לבן 1*5 ליטר טאצ,סאסאטק,IL,מרכך כביסה מרוכז טאצ,ליטרים,1.00,ליטר,false,,13.90,13.9000,true,1,122534
7290017062723,false,מרכך כביסה מרוכז ירוק 1*5 ליטר טאצ,סאסאטק,IL,מרכך כביסה מרוכז טאצ,ליטרים,1.00,ליטר,false,,13.90,13.9000,true,1,122535
7290017062754,false,"נ.כלים 36% לימון טאצ' +משאבה 750 מ""ל",,IL,נוזל כלים לימון 36%,מיליליטרים,750.00,"100 מ""ל",false,,9.90,1.3200,true,1,112724
7290017065007,false,פרוסות גבינה מוצרלה חצי קשה 22% שומן 200 ג' גד,מחלבות גד בעמ,IL,מוצרלה פרוסה חצי קש,גרמים,200.00,100 גרם,false,,21.30,10.6500,true,1,76363
7290017065137,false,ריקוטה למריחה 5% טבעית 200 גרם - רובין,האי נאם סי או אל.טי.,IL,גבינה ריקוטה למריחה,גרמים,200.00,100 גרם,false,,11.50,5.7500,true,1,107853
7290017065212,false,גבינת קרם מסקרפונה מחלבות גד 250 גר,מיוצר עי קוד יצרן ED,IL,קרם מסקרפונה להקצפה,גרמים,250.00,100 גרם,false,,23.60,9.4400,true,1,122691
7290017065236,false,גבינה בולגרית מעודנת 24% גד 250 גרם,הנסיך- מפעל לייצור ט,IL,בולגרית מעודנת 24% 2,גרמים,250.00,100 גרם,false,,24.90,9.9600,true,1,122699
7290017065380,false,גרנה פדנו שבבים 29% 100 גרם בית יוסף,גבינות מדף,IT,גרנה פדנו שבבים 100,גרמים,100.00,100 גרם,false,,14.60,14.6000,true,1,145596
7290017065663,false,גבינת פטה עיזים מעודנת 16% גד 200 גרם,ג'נרל מילס סאן אדריא,IL,גבינת פטה עיזים מעוד,גרמים,250.00,100 גרם,false,,34.10,13.6400,true,1,121036
7290017065786,false,"גבינת צ`דר מחלבות גד , 210 גרם","מחלבות גד בע""\מ",IL,גבינה אנגלית קשה צ'ד,גרמים,210.00,100 גרם,false,,25.10,11.9524,true,1,233651
7290017068268,false,פפאיה מיובשת ומסוכרת 200 גרם,,,פפאיה מיובשת ומסוכרת,גרמים,200.00,100 גרם,false,,12.90,6.4500,true,1,136769
7290017068350,false,עדשים שחורות בלוגה מיה 500 גרם,מיה,IL,עדשים שחורות בלוגה מ,גרמים,500.00,100 גרם,false,,9.90,1.9800,true,1,244281
7290017068893,false,ג'לי דגיגים בציפוי סוכר 350 גרם,מיה תעשיות מזון בעמ,IL,ג'לי דגיגים בציפוי ס,גרמים,350.00,100 גרם,false,,14.90,4.2571,true,1,242611
7290017068909,false,ג'לי לבבות בציפוי שמן 350 גרם,מיה תעשיות מזון בעמ,IL,ג'לי לבבות מיה 350 ג,גרמים,350.00,100 גרם,false,,14.90,4.2571,true,1,98237
7290017068923,false,ג'ליבינס קרנבל מיה 350 גרם,מיה תעשיות מזון בעמ,IL,ג'לי בינס קרנבל מיה,גרמים,350.00,100 גרם,false,,14.90,4.2571,true,1,242626
7290017068978,false,שיבולת שועל מלאה להכנה מהירה מיה 500 גרם,מיה,IL,שיבולת שועל מלאה להכ,קילוגרמים,1.00,"ק""ג",false,,11.90,11.9000,true,1,292684
7290017068985,false,שיבולת שועל מלאה עבה מיה 500 גרם,מיה,IL,שיבולת שועל מלאה עבה,קילוגרמים,1.00,"ק""ג",false,,11.90,11.9000,true,1,292669
7290017079172,false,טעמן נפוליטנים 90 גר,,,טעמן נפוליטנים 90 גר,גרמים,90.00,100 גרם,false,,14.90,16.5556,true,1,138134
7290017088068,false,בייביסיטר - חיתולי סטנדרט מידה 4 - 42 יח',די.פי.אל תעשיות מוצרים ח,IL,חיתולי ביייביסיטר סט,יח',42.00,יח',false,,37.90,0.9024,true,1,296457
7290017088075,false,בייביסיטר - חיתולי סטנדרט מידה 4+ - 40 יח',די.פי.אל תעשיות מוצרים ח,IL,חיתולי ביייביסיטר סט,יח',40.00,יח',false,,37.90,0.9475,true,1,296458
7290017088082,false,בייביסיטר - חיתולי סטנדרט מידה 5 - 36 יח',די.פי.אל תעשיות מוצרים ח,IL,חיתולי ביייביסיטר סט,יח',36.00,יח',false,,37.90,1.0528,true,1,296459
7290017088099,false,בייביסיטר - חיתולי סטנדרט מידה 6 - 30 יח',די.פי.אל תעשיות מוצרים ח,IL,חיתולי ביייביסיטר סט,יח',34.00,יח',false,,37.90,1.1147,true,1,296460
7290017088303,false,"קוויק TO GO לניקוי וחיטוי האסלה 15 יח',40 בקרטון",די.פי.אל,IL,קוויק מגבונים לניקוי,יחידה,0.00,יחידה,false,,3.50,0.0000,true,1,139924
7290017088631,false,רבעיית מגבונים תולי ללא בישום 72*4 יחידות,DPL,IL,מגבון Tooly רביעייה,יחידה,0.00,יחידה,false,,11.90,0.0000,true,1,67028
7290017088693,false,קוויק מטליות לחות לניקוי וחיטוי רצפות ניחוח לוונדר 10 יחידות,די.פי.אל,IL,מגבונים לניקוי וחיטו,יח',10.00,יח',false,,12.90,1.2900,true,1,54648
7290017088846,false,BREEZE תחבושות לבריחת שתן מקסי (8 יח'),ניאופארם,IT,תחבושות Breeze לבריח,יח',12.00,יח',false,,19.90,1.6583,true,1,156818
7290017088914,false,מגבונים בייביסיטר מבושם 66X6 יח',די.פי.אל,IL,מגבונים מבושם בייביס,יחידה,0.00,יחידה,false,,17.90,0.0000,true,1,104885
7290017094199,false,סלט קוביות חציל ברוטב שמיר 200 גרם,"סלטי שמיר 2006 בע""מ",IL,מעדן חצילים 200 גרם,גרמים,200.00,100 גרם,false,,11.90,5.9500,true,1,144278
7290017105062,false,גרגירי חומוס שלם יכין הקטניה הטובה 200 ג,היינץ צפון אמריקה מק,IL,חומוס 6OZ יכין 200 ג,גרמים,200.00,100 גרם,false,,4.90,2.4500,true,1,104072
7290017105079,false,שעועית לבנה ברוטב עגבניות יכין הקטניה הט,היינץ צפון אמריקה מק,IL,שעועית אפויה 6OZ יכי,גרמים,200.00,100 גרם,false,,4.90,2.4500,true,1,104073
7290017105086,false,שימורי יכין שעועית צילי 200 גר,"זנלכל בע""\מ",IL,שעועית צ'ילי 6OZ יכי,גרמים,200.00,100 גרם,false,,4.90,2.4500,true,1,104074
7290017105116,false,תורמוס הקטניה הטובה יכין 200/105 גרם,"זנלכל בע""\מ",IL,תורמוס 6OZ יכין 200,גרמים,200.00,100 גרם,false,,4.90,2.4500,true,1,104077
7290017105123,false,פול מצרי הקטניה הטובה יכין 200/105 גרם,היינץ צפון אמריקה מק,IL,פול מצרי 6OZ יכין 20,גרמים,200.00,100 גרם,false,,4.90,2.4500,true,1,104078
7290017105468,false,מארז שלישייה אפונה קטנה יכין 3*200 גר,קשקמט קונסרב הונגריה,IL,אפונה יכין 3*120 גרם,גרמים,360.00,100 גרם,false,,14.90,4.1389,true,1,53885
7290017105550,false,רביעיית רסק עגבניות 100% יכין 4X100 גרם,היינץ צפון אמריקה מק,IL,מאגדת רסק עגבניות יכ,גרמים,400.00,100 גרם,false,,12.90,3.2250,true,1,52484
7290017105895,false,גרגרי חומוס להכנת חומוס משובח יכין 560 ג,זנלכל,IL,גרגרי חומוס מסעדות י,גרמים,550.00,100 גרם,false,,10.90,1.9818,true,1,88369
7290017121048,false,"פלפל צ'ומה 250 גרם ""עללחם""","מדשא תעשיות מזון בע""\מ",IL,ממרח פלפל צ'ומה עללח,גרמים,250.00,100 גרם,false,,15.90,6.3600,true,1,145267
7290017121086,false,"אריסה ביתית מתוקה עללחם, 250 גרם","מדשא תעשיות מזון בע""\מ",IL,אריסה מתוקה ביתית על,גרמים,250.00,100 גרם,false,,15.90,6.3600,true,1,242972
7290017121093,false,"אריסה חריפה 250 גרם ""עללחם""","מדשא תעשיות מזון בע""\מ",IL,ממרח אריסה חריפה עלל,גרמים,250.00,100 גרם,false,,15.90,6.3600,true,1,145268
7290017142128,false,"שמן זית כתית מעולה קלאסי עץ הזית 750 מ""ל",שמן תעשיות בעמ,IT,שמן זית כתית מעולה ק,מיליליטרים,750.00,"100 מ""ל",false,,37.90,5.0533,true,1,109721
7290017142159,false,"שלישיית נתחי טונה בהירה בשמן זית 80 גרם ""עץ הזית""",יוניקורד ח.צ בעמ,TH,נתחי טונה בהירה בשמן,גרמים,240.00,100 גרם,false,,24.90,10.3750,true,1,124213
7290017142166,false,"פילה טונה פרוס עם שמן זית 120 גרם ""עץ הזית""","יוניקורד ח.צ בע""מ",TH,פילה טונה פרוס עם בש,גרמים,120.00,100 גרם,false,,15.90,13.2500,true,1,141179
7290017142296,true,קופון 20% הנחה על טו,,,קופון 20% הנחה על טו,יחידה,0.00,יחידה,false,,0.01,0.0000,true,1,129412
7290017142302,true,קופון 20% הנחה על טו,,,קופון 20% הנחה על טו,יחידה,0.00,יחידה,false,,0.01,0.0000,true,1,129413
7290017142340,false,שמן זרעי ענבים מזוכך 1 לי עץ הזית,אף.ג'\יי.סנצ'\ז סוקחורס,TH,שמן זרעי ענבים מזוכך,ליטרים,1.00,ליטר,false,,32.90,32.9000,true,1,37575
7290017142371,false,"שמן שומשום לא מזוכך עץ הזית 250 מ""ל",גאה די. או. או.,SI,שמן שומשום לא מזוכך,מיליליטרים,250.00,"100 מ""ל",false,,32.90,13.1600,true,1,37577
7290017142388,false,שמן חמניות פלוס אומגה 3 עץ הזית 1 ליטר,שמן תעשיות בעמ,IL,שמן חמניות פלוס אומג,ליטרים,1.00,ליטר,false,,17.90,17.9000,true,1,159820
7290017142401,false,"LUNCH TO GO קינואה לבנה ואדומה טונה בשמן זית 160 גרם ""עץ הזית""",ג'נרל מילס סאן אדריא,TH,קינואה לבנה ואדומה ע,גרמים,160.00,100 גרם,false,,14.90,9.3125,true,1,107372
7290017142418,false,"LUNCH TO GO אורז עם עדשים טונה בשמן זית 160 גרם ""עץ הזית""",יוניקורד ח.צ בעמ,TH,אורז עדשים עם טונה ב,גרמים,160.00,100 גרם,false,,14.90,9.3125,true,1,37567
7290017217437,false,סבון לאסלה פרחים 50*3 גר,JIANGBEI NINGBO,CN,סבון אסלה מבושם בניח,יחידה,0.00,יחידה,false,,12.90,0.0000,true,1,299093
7290017232218,false,לחם קלאסי מופחת פחמימות איטסיין 430 גרם,,IL,לחם eatsane קלאסי דו,גרמים,430.00,100 גרם,false,,25.90,6.0233,true,1,350158
7290017232225,false,לחם גלילי מופחת פחמימות איטסיין 450 גרם,דבידוביץ,IL,לחם eatsane גלילי 45,גרמים,450.00,100 גרם,false,,25.90,5.7556,true,1,350174
7290017266046,false,מארז וופל קראנצ' אישי 30 יחידות עלמה,"גילרו בע""מ",IL,חטיף וופל קראנצ במיל,גרמים,600.00,100 גרם,false,,20.00,3.3333,true,1,121209
7290017266725,false,מארז וופל במילוי קרם בטעם שוקולד 12 גרם*40 יח',"גילרו בע""מ",IL,חטיף וופל קראנצ' במ,גרמים,480.00,100 גרם,false,,20.00,4.1667,true,1,113627
7290017275413,false,מיני קצפיות בטעם וניל אחוה 140 גרם,אחדות ביחר לטחינה חל,IL,מיני קצפיות בטעם וני,גרמים,140.00,100 גרם,false,,9.90,7.0714,true,1,254972
7290017304885,false,לחם שיפון מחיטה מלאה ללא תוספת סוכר 750 ג' אנג'ל,מאפיית שלמה א. אנג'\ל בע,IL,לחם שיפון וחיטה מלאה,גרמים,750.00,100 גרם,false,,17.90,2.3867,true,1,158389
7290017457727,false,"סוד כחול מרכך כביסה מרוכז20%+בישום 900 מ""ל",הנקל סוד,IL,מרכך כביסה מרוכז סוד,מיליליטרים,900.00,"100 מ""ל",false,,13.90,1.5444,true,1,141165
7290017457734,false,"סוד ורוד מרכך כביסה מרוכז20%+בישום 900 מ""ל",הנקל סוד,IL,מרכך כביסה מרוכז סוד,מיליליטרים,900.00,"100 מ""ל",false,,13.90,1.5444,true,1,141166
7290017457871,false,סוד ג'ל כביסה טוטל ורוד 4 לי,הנקל סוד,IL,ג'ל כביסה סוד ירוק 4,ליטרים,4.00,ליטר,false,,37.90,9.4750,true,1,77044
7290017477169,false,קשיו קלוי 250 גרם ששון הקולה,"דין שיווק וקלייה בע""",IL,קשיו קלוי ששון הקולה,גרמים,250.00,100 גרם,false,,20.00,8.0000,true,1,124563
7290017513867,false,תה ירוק לימונית ולואיזה סתוספת ויטמינים ויסוצקי 25 יחידות,תה ויסוצקי,IL,תה ירוק לימונית לואי,גרמים,37.50,100 גרם,false,,26.90,71.7333,true,1,108665
7290017595061,false,זוג כוסיות לנרונים 2 יח',,CN,זוג כוסיות שלהבת מעג,יחידה,0.00,יחידה,false,,4.90,0.0000,true,1,138521
7290017595108,false,כוסיות לנרונים ללא רגל במגש 144 יחי',,,כוסיות לנרות שבת חלק,יחידה,0.00,יחידה,false,,2.90,0.0000,true,1,138522
7290017599250,false,סוכרזית קלאסי 120 שקיות,ביסקול בע''מ,IL,סוכרזית קלאסי ממתיק,גרמים,120.00,100 גרם,false,,18.90,15.7500,true,1,318528
7290017599274,false,סוכרזית סטיוויה 120 שקיות,ביסקול בע''מ,IL,סוכרזית סטיוויה ממת,גרמים,120.00,100 גרם,false,,26.90,22.4167,true,1,319978
7290017617046,false,נתחי טונה בשמן זית כתית מעולה רביעיה * 140 ג',סטארקיסט,TR,טונה בשמן זית סטארקי,גרמים,560.00,100 גרם,false,,30.90,5.5179,true,1,49190
7290017617084,false,סטארקיסט מיקס טוגו טונה עם שעועית 185 גרם,דרדנל אונוסטאס גידה,TR,סטארקיסט מיקס 185 גר,גרמים,185.00,100 גרם,false,,13.90,7.5135,true,1,213123
7290017617107,false,סטארקיסט מיקס טוגו טונה עם 4 דגנים 185 גרם,"איטיליאן פוד, אס.פי.",TR,סטארקיסט מיקס 185 גר,גרמים,185.00,100 גרם,false,,13.90,7.5135,true,1,211056
7290017677804,false,"רוטב סויה ללא חומרים משמרים קיקומן 444 מ""ל",קיקומן פודז אינק,US,קיקומן רוטב סויה ללא,מיליליטרים,444.00,"100 מ""ל",false,,21.90,4.9324,true,1,146975
7290017687216,false,פולי גל 350 גרם 80*9,,,פולי גל 350 גרם 80*9,יחידה,0.00,יחידה,false,,9.90,0.0000,true,1,140093
7290017715346,false,זית שחור טאסוס 400 גרם,מסנוי גידה רעהס,TR,זית שחור טאסוס תומר,גרמים,400.00,100 גרם,false,,16.90,4.2250,true,1,27576
7290017715735,false,A2 זית סורי מבוקע תומר 560 גרם,עדן,IL,זית סורי מבוקע תומר,גרמים,560.00,100 גרם,false,,11.90,2.1250,true,1,69691
7290017715834,false,A2 זית נובו מבוקע ג.מאוד תומר 560 גרם,"א.א שימורי עדן בע""מ",IL,זית נובו מבוקע ג.מאו,גרמים,560.00,100 גרם,false,,11.90,2.1250,true,1,69901
7290017812069,false,יין אמרלד ריזלינג שרדונה אקסלנס Excellence,יקבי כרמל Carmel Winery,IL,אקסלנס ריזלינג שרדונ,מיליליטרים,750.00,"100 מ""ל",false,,30.90,4.1200,true,1,136185
7290017812380,false,תירוש מיץ ענבים אדום,,,תירוש מיץ ענבים אדום,מיליליטרים,750.00,"100 מ""ל",false,,12.90,1.7200,true,1,166710
7290017812571,false,מיץ ענבים תירוש אדום 100% טבעי כרמל 1 ליטר,יקבי כרמל Carmel Winery,IL,תירוש מיץ ענבים אדום,ליטרים,1.00,ליטר,false,,22.90,22.9000,true,1,56532
7290017812588,false,מיץ ענבים תירוש לבן 100% טבעי כרמל 1 ליטר,יקבי כרמל Carmel Winery,IL,תירוש מיץ ענבים לבן,ליטרים,1.00,ליטר,false,,22.90,22.9000,true,1,56281
7290017812595,false,"יין ישן נושן לייט כרמל 3.5% אלכוהל 750 מ""ל",יקבי כרמל Carmel Winery,IL,יין ישן נושן לייט 75,מיליליטרים,750.00,"100 מ""ל",false,,20.90,2.7867,true,1,73071
7290017812861,false,יין וינו לבן יקבי כרמל,כרמל מזרחי,IL,יין וינו לבן יבש יקב,מיליליטרים,750.00,"100 מ""ל",false,,23.90,3.1867,true,1,179537
7290017816012,false,קרם קרקר כוסמין מקור הכוסמין 250 גר,מגדנית הדר,IL,קרם קרקר מקור הכוסמי,גרמים,250.00,100 גרם,false,,16.90,6.7600,true,1,234366
7290017871462,false,טוסו חטיף פצפוצי אורז מצופה שוקולד מריר ללא תוספת סוכר,תות תעשיות מזון (2014) ב,IL,טוסו חטיף פצפוצי אור,גרמים,0.00,גרם,false,,17.90,0.0000,true,1,22509
7290017872001,false,"קרם החתלה פרשוואנס שמן זית ופרופוליס 100 סמ""ק",פרש-וואנס,IL,משחת החתלה פרשוואנס,מיליליטרים,100.00,"100 מ""ל",false,,13.90,13.9000,true,1,75242
7290017872179,false,טוסו - עוגיות טחינה ללא סוכר 200 גרם,"הגביע מוצרי וופלים בע""\מ",IL,עוגיות טחינה טוסו 20,גרמים,200.00,100 גרם,false,,18.90,9.4500,true,1,78583
7290017872193,false,טוסו עוגיות שקדים וקינמון ללא סוכר 200 גרם,"הגביע מוצרי וופלים בע""\מ",IL,עוגיות שקדים וקינמון,גרמים,200.00,100 גרם,false,,18.90,9.4500,true,1,78585
7290017872865,false,בייביביס חטיפי דגנים אפויים לתינוקות בטעם גזר ועגבנייה,טאטא גלובל בוורג'ס,IL,חטיפי דגנים אפויים ל,גרמים,40.00,100 גרם,false,,13.90,34.7500,true,1,249506
7290017872872,false,בייביביס חטיפי דגנים אפויים לתינוקות בטעם גזר וסלק,טאטא גלובל בוורג'ס,IL,חטיפי דגנים אפויים ל,גרמים,40.00,100 גרם,false,,13.90,34.7500,true,1,249507
7290017873039,false,מארז זוג שקיות לסנדוויץ גלילונית 2*160 יח',"קינג באג בע""מ",TH,גלילונית שקיות אוכל,יחידה,0.00,יחידה,false,,13.00,0.0000,true,1,218237
7290017888019,false,"משקה תפוח רימון סלק גינגיר פרות &ווג 350 מ""ל",פרוט אנד וג' Fruit & Veg,IL,פרוט & וג' תפוח רימו,מיליליטרים,330.00,"100 מ""ל",false,,8.90,2.6970,true,1,141276
7290017888026,false,"משקה אננס תפוח גזר פרות & ווג 350 מ""ל",פרוט אנד וג' Fruit & Veg,IL,פרוט & וג' אננס תפוח,מיליליטרים,330.00,"100 מ""ל",false,,8.90,2.6970,true,1,141277
7290017888095,false,"רביעיית פחיות שוופס מוגז עדין פירות יער 330 מ""ל.",יפאורה תבורי בעמ,IL,רביעיית מ.עדין שוופס,ליטרים,1.32,ליטר,false,,11.90,9.0152,true,1,146044
7290017888101,false,"שוויפס מוגז עדין אפרסק מארז רביעייה* 330 מ""ל",יפאורה תבורי בעמ,IL,רביעיית מ.עדין שוופס,ליטרים,1.32,ליטר,false,,11.90,9.0152,true,1,146045
7290017888910,false,"תפוזינה לימונענע 500 מ""ל","יפאורה תבורי בע""מ",,משקה לימונענע Move ת,מיליליטרים,500.00,"100 מ""ל",false,,6.20,1.2400,true,1,152544
7290017917283,false,"מגבוני קמיל בלו ד""ר פישר ללא בישום רביעי",פישר מעבדות פרמצבטיות,IL,מגבוני קמיל 64 יח` מ,יחידה,0.00,יחידה,false,,21.90,0.0000,true,1,124785
7290017928043,false,מקלות גריסיני קראנץ' מלח מאיר בייגל 175 גרם,מאיר את בייגל,IL,גריסיני קראנץ' מלח מ,גרמים,175.00,100 גרם,false,,12.90,7.3714,true,1,50734
7290017928098,false,שטוחלה מלח מאיר בייגל 330 גרם,מאיר את בייגל,IL,בייגלה שטוח מלח מאיר,גרמים,330.00,100 גרם,false,,12.90,3.9091,true,1,200666
7290017928432,false,מקלות גריסיני קראנץ' פרג מאיר בייגל 175 גרם,מאיר את בייגל,IL,גריסיני קראנץ' פרג מ,גרמים,175.00,100 גרם,false,,12.90,7.3714,true,1,51453
7290017928524,false,בייגלה שטוח ניגובים מלח 330 ג' מאיר בייגל,מאיר את בייגל,IL,בייגלה שטוח ניגובים,גרמים,300.00,100 גרם,false,,12.90,4.3000,true,1,204926
7290017928616,false,מאיר בייגל שטוחהלה שומשום 300 גר',מאיר את בייגל,IL,שטוחלה שומשום מאיר ב,גרמים,300.00,100 גרם,false,,12.90,4.3000,true,1,51455
7290017928661,false,מאיר בייגל -סמאש-שבורים בטעם צ'דר 300 גרם,מאיר בייגל,BG,שברי בייגלה בטעם צ'ד,גרמים,300.00,100 גרם,false,,13.90,4.6333,true,1,131243
7290017928685,false,בייגלה שמיניות מלוח מאיר בייגל 400 גרם.,מאיר את בייגל,IL,בייגלה שמיניות עם מל,גרמים,400.00,100 גרם,false,,12.90,3.2250,true,1,200595
7290017928722,false,בייגלה שטוח ניגובים שומשום 300 ג' מאיר בייגל,מאיר את בייגל,IL,בייגלה שטוח ניגובים,גרמים,300.00,100 גרם,false,,12.90,4.3000,true,1,204911
7290017928746,false,פירורי בייגלה מאיר בייגל 200 גרם,מאיר בייגל,IL,פירורי בייגלה מאיר ב,גרמים,200.00,100 גרם,false,,7.90,3.9500,true,1,254642
7290017928807,false,בייגלה אצבעות שומשום מאיר בייגל 300 גרם,מאיר את בייגל,IL,אצבעות שומשום מאיר ב,גרמים,300.00,100 גרם,false,,12.90,4.3000,true,1,51142
7290017928821,false,מקלות גריסיני קלאסי מאיר בייגל 200 גרם,מאיר את בייגל,IL,מקלות גריסיני קלאסי,גרמים,200.00,100 גרם,false,,12.90,6.4500,true,1,50750
7290017941226,false,מזלגות 40 יח' עבה במ,,,מזלגות 40 יח' עבה במ,יחידה,0.00,יחידה,false,,8.90,0.0000,true,1,137283
7290017941264,false,מזלגות 40 יח' עבה במ,,,מזלגות 40 יח' עבה במ,יחידה,0.00,יחידה,false,,8.90,0.0000,true,1,137268
7290017941288,false,נר נשמה 24 שעות,,,נר נשמה 24 שעות,יחידה,0.00,יחידה,false,,2.50,0.0000,true,1,174318
7290017941301,false,נר נשמה 48 שעות בזכו,,,נר נשמה 48 שעות בזכו,יחידה,0.00,יחידה,false,,5.90,0.0000,true,1,174319
7290017941325,false,נר נשמה 7 ימים בזכוכ,,,נר נשמה 7 ימים בזכוכ,יחידה,0.00,יחידה,false,,10.90,0.0000,true,1,176268
7290017941363,false,להבונים 50 יח' 4 שעו,,,להבונים 50 יח' 4 שעו,יחידה,0.00,יחידה,false,,11.90,0.0000,true,1,186216
7290017941370,false,להבונים 50 יח' 3 שעו,,,להבונים 50 יח' 3 שעו,יחידה,0.00,יחידה,false,,10.90,0.0000,true,1,174336
7290017941455,false,כוסות 9oz לשתיה חמה,,,כוסות 9oz לשתיה חמה,יחידה,0.00,יחידה,false,,14.90,0.0000,true,1,152213
7290017941462,false,כוסות שתיה חמה 8B י,,,כוסות שתיה חמה 8B י,יחידה,0.00,יחידה,false,,10.90,0.0000,true,1,144306
7290017941530,false,כוסות TO-GO לשתייה ח,,,כוסות TO-GO לשתייה ח,יחידה,0.00,יחידה,false,,13.90,0.0000,true,1,152022
7290017941677,false,מארז תבניות רוסטר בנ,,,מארז תבניות רוסטר בנ,יחידה,0.00,יחידה,false,,14.90,0.0000,true,1,136795
7290017941691,false,מפת שולחן מהודרת 270,,,מפת שולחן מהודרת 270,יחידה,0.00,יחידה,false,,9.90,0.0000,true,1,174337
7290017941707,false,זוג מפות אירוח 120*1,,,זוג מפות אירוח 120*1,יחידה,0.00,יחידה,false,,8.90,0.0000,true,1,174338
7290017941738,false,מארז צלחות מהודר 20+,,,מארז צלחות מהודר 20+,יחידה,0.00,יחידה,false,,58.90,0.0000,true,1,132490
7290017941790,false,ניילון נצמד 30*30 עם,,,ניילון נצמד 30*30 עם,מטרים,30.00,מטר,false,,9.90,0.3300,true,1,174339
7290017941820,false,כוסות שתיה קרה כחול,,,כוסות שתיה קרה כחול,יחידה,0.00,יחידה,false,,14.90,0.0000,true,1,129144
7290017941905,false,קיסמים במלחיה 300 יח,,,קיסמים במלחיה 300 יח,יחידה,0.00,יחידה,false,,3.90,0.0000,true,1,139499
7290017941929,false,"שיפודי יקטורי 18 ס""מ",,,"שיפודי יקטורי 18 ס""מ",יחידה,0.00,יחידה,false,,7.90,0.0000,true,1,139517
7290017941967,false,שקיות אוכל XL 300 י,,,שקיות אוכל XL 300 י,יחידה,0.00,יחידה,false,,9.90,0.0000,true,1,166452
7290017941981,false,כוסות 12OZ לשתייה חמ,,,כוסות 12OZ לשתייה חמ,יחידה,0.00,יחידה,false,,17.90,0.0000,true,1,260821
7290017947105,false,לחם אנג'ל בסגנון אמריקה 500 גרם,מאפיית שלמה א. אנג'\ל בע,IL,לחם בסגנון אמריקה אנ,גרמים,500.00,100 גרם,false,,15.90,3.1800,true,1,52933
7290017947372,true,חלה מתוקה ארוזה אנגל,,,חלה מתוקה ארוזה אנגל,גרמים,500.00,100 גרם,false,,16.90,3.3800,true,1,70336
7290017947464,false,שמיניית פיתות כוסמין אנג'ל 8*50 גרם,מאפיית שלמה א.אנג'\ל בע\,IL,שמיניית פיתות כוסמין,גרמים,400.00,100 גרם,false,,17.90,4.4750,true,1,102024
7290017947495,false,6 לחמניות כוסמין 450 גרם אנג'ל,מאפיית שלמה א.אנג'\ל,IL,6 לחמניות כוסמין אנג,גרמים,450.00,100 גרם,false,,16.90,3.7556,true,1,122513
7290017947891,false,לחם אנג'ל כוסמין וחיטה מלאה 750 גרם,מאפיית שלמה א. אנג'\ל בע,IL,לחם כוסמין וחיטה מלא,גרמים,750.00,100 גרם,false,,17.90,2.3867,true,1,51556
7290017947921,true,מארז לחמניות המבורגר,,,מארז לחמניות המבורגר,גרמים,450.00,100 גרם,false,,15.90,3.5333,true,1,76618
7290017947938,false,מיני לחמניות המבורגר בסגנון אמריקה 400 ג' אנג'ל,מאפיית שלמה א. אנג'\ל בע,IL,8 לחמניות המבורגר בס,גרמים,4000.00,100 גרם,false,,15.90,0.3975,true,1,122750
7290017974255,false,קרפלך במילוי גבינה מתוקה איי פוד 600 גרם,,IL,קרפלך במילוי גבינה מ,גרמים,0.60,100 גרם,false,,27.90,4650.0000,true,1,310027
7290017974873,false,כיסונים למרק במילוי בשר הודו 750 גרם,"אימפריאל הזרב פוד בע""מ",IL,כיסונים למרק במילוי,גרמים,0.75,100 גרם,false,,31.90,4253.3333,true,1,309811
7290018043844,false,חטיף חלבון בוטנים קרמל קראנץ 60 ג' פראוד,פראוד PROUD,NL,חטיף חלבון בטעם בוטנ,גרמים,60.00,100 גרם,false,,14.90,24.8333,true,1,264862
7290018045503,false,דגני בוקר הלו קיטי לבבות 311 גר MONDAY,נורדגטריידה,DE,דגני חיטה ואורז בטעם,גרמים,311.00,100 גרם,false,,26.90,8.6495,true,1,355999
7290018045695,false,דגנים במילוי קרם קרמל מלוח 480 ג' BON & BON,מונדיי Monday,DE,דגנים במילוי קרם קרמ,גרמים,480.00,100 גרם,false,,23.90,4.9792,true,1,232437
7290018071229,false,כפפות ניטרו V כחולות אלסטיות L ללא אבקה 100 יחידות,סייף טאצ,CN,כפפות ניטרו-V כחולות,יחידה,0.00,יחידה,false,,21.90,0.0000,true,1,269274
7290018091029,false,מקלות פילו תפוחי אדמה מעדנות 450 ג',תנובה מעדנות,IL,מקלות פילו תפוח אדמה,גרמים,450.00,100 גרם,false,,17.90,3.9778,true,1,86943
7290018091074,false,בצק עוגיות שוקולד צ'יפס 300 גרם מעדנות,תנובה מעדנות,IL,בצק עוגיות שוקולד צ',גרמים,300.00,100 גרם,false,,17.90,5.9667,true,1,271858
7290018091081,false,מאפה פילו תרד וגבינות מעדנות 320 גרם,"מעדנות בע""\מ",IL,מאפה פילו תרד גבינה,גרמים,320.00,100 גרם,false,,23.90,7.4687,true,1,271826
7290018091616,false,מקלות פילו גבינה מעדנות 450 גרם,מיוצר עי קונדיטוריית,IL,מקלות פילו גבינה 450,גרמים,450.00,100 גרם,false,,17.90,3.9778,true,1,86944
7290018098493,false,פיצה זיתים מקמח כוסמין טבעוני 350 גרם פרווה,"אופק מן הטבע בע""\מ",IL,פיצה משפחתית זיתים 3,גרמים,350.00,100 גרם,false,,23.90,6.8286,true,1,292730
7290018131855,false,אקסטרים טילון בראוניז בדצ מאגדת 6*72 גרם נסטלה,גלידות נסטלה )נגה גלידות,IL,אקסטרים מאגדת טילון,גרמים,432.00,100 גרם,false,,39.90,9.2361,true,1,156334
7290018192023,true,סלרי מקלות ליח,,,סלרי מקלות ליח,יח',1.00,יח',false,,6.90,6.9000,true,1,34968
7290018213100,false,דלי מגבונים לניקוי כללי שייני focus,,IL,דלי מגבונים לניקוי ו,יחידה,0.00,יחידה,false,,26.90,0.0000,true,1,104871
7290018225011,false,קומקום חשמלי נשלף פל,,,קומקום חשמלי נשלף פל,יחידה,0.00,יחידה,false,,79.90,0.0000,true,1,91338
7290018225219,false,קומקום זכוכית נשלף פ,,,קומקום זכוכית נשלף פ,יחידה,0.00,יחידה,false,,75.90,0.0000,true,1,91339
7290018237410,false,עוף טוב פסטרמה במעשנה נתח שלם 8*300 גרם,מוצרי עוף טוב (2001) בע\,IL,פסטרמה במעשנה נתח של,גרמים,300.00,100 גרם,false,,30.90,10.3000,true,1,173323
7290018237496,false,פסטרמה בדבש דק דק עוף טוב 200 גרם,"עוף טוב (שאן) בע""מ",IL,עוף טוב דק דק פסטרמה,גרמים,220.00,100 גרם,false,,23.90,10.8636,true,1,223744
7290018237922,false,שניצלונים ציפוי צ'יפס עוף טוב 700 גרם,מוצרי עוף טוב (2001) בע\,IL,שניצלונים ציפוי ציפס,גרמים,700.00,100 גרם,false,,21.90,3.1286,true,1,298180
7290018237939,false,שניצלונים ציפוי שומשום עוף טוב 700 גרם,מוצרי עוף טוב (2001) בע\,IL,שניצלונים ציפוי שומש,גרמים,700.00,100 גרם,false,,21.90,3.1286,true,1,298195
7290018294000,false,"יין קינג דויד רוזה כרמל 750 מ""ל",כרמל מזרחי,IL,יין קינג דיוויד רוזה,מיליליטרים,750.00,"100 מ""ל",false,,23.90,3.1867,true,1,160308
7290018294901,false,"יין מונלייט אדום יבש 750 מ""ל כרמל",יקבי כרמל Carmel Winery,IL,יין מונלייט אדום יבש,מיליליטרים,750.00,"100 מ""ל",false,,39.90,5.3200,true,1,300021
7290018344101,false,חטיף חלבון בטעם קקאו וקפה 50 ג' VEG PROTEIN,טבע ירוק,IL,חטיף חלבון קקאו וקפה,גרמים,50.00,100 גרם,false,,11.90,23.8000,true,1,205734
7290018344125,false,חטיף חלבון אגוזי לוז קקאו טבע ירוק 50 גר,ממתקי השלום,IL,חטיף חלבון אגוזי לוז,גרמים,50.00,100 גרם,false,,11.90,23.8000,true,1,205719
7290018359112,false,יכין פאסאטה מחית עגבניות איטלקיות 690 ג',אמיליאנה קונסרב,IL,פאסאטה מחית עגבניות,גרמים,690.00,100 גרם,false,,10.90,1.5797,true,1,135149
7290018359129,false,פולפה עגבניות חתוכות מקולפות דק יכין 690 גרם,אמיליאנה קונסרב,IT,פאסאטה מחית עגבניות,גרמים,690.00,100 גרם,false,,10.90,1.5797,true,1,135150
7290018359334,false,רכז עגבניות טבעי פריכוז שף יכין 580 גרם,זנלכל,IL,רכז עגבניות טבעי פרי,גרמים,580.00,100 גרם,false,,10.90,1.8793,true,1,107262
7290018359495,false,תירס מהשדה בלי תוספת סוכר יכין 550 גרם,היינץ צפון אמריקה מק,IL,תירס מהשדה בלי תוספת,גרמים,550.00,100 גרם,false,,10.90,1.9818,true,1,107289
7290018359686,false,יכין חומוס גדול 550 גר A2,היינץ צפון אמריקה מק,IL,חומוס ענק יכין 550 ג,גרמים,550.00,100 גרם,false,,10.90,1.9818,true,1,189933
7290018359853,false,עדשים שחורות יכין 400 גרם,"זנלכל בע""מ",IL,עדשים שחורות יכין 40,גרמים,400.00,100 גרם,false,,8.90,2.2250,true,1,189918
7290018359860,false,רסק עגבניות ליקופן טבעי יכין 200 גר*2,זנלכל,IL,רסק עגבניות ליקופן י,גרמים,400.00,100 גרם,false,,17.90,4.4750,true,1,236718
7290018359877,false,רסק עגבניות טבעי יכין 200 גר*3,זנלכל,IL,רסק עגבניות טבעי יכי,גרמים,600.00,100 גרם,false,,17.90,2.9833,true,1,236733
7290018359938,false,"רוטב עגבניות לשקשוקה יכין, 400 גרם",זנלכל,IL,רוטב עגבניות לשקשוקה,גרמים,400.00,100 גרם,false,,13.90,3.4750,true,1,295803
7290018359945,false,רוטב עגבניות פיקנטי מפלפלים וירקות יכין 400 גרם,זנלכל,IL,חאריפה - רוטב פיקנטי,גרמים,400.00,100 גרם,false,,13.90,3.4750,true,1,295804
7290018359969,false,רוטב עגבניות לפיצה יכין 400 גרם,זנלכל,IL,רוטב עגבניות לפיצה י,גרמים,400.00,100 גרם,false,,13.90,3.4750,true,1,295806
7290018380871,false,פטיסון כבוש 670 גרם תומר,Polan polsko francus,MD,פטיסון כבוש שלם תומר,גרמים,670.00,100 גרם,false,,14.90,2.2239,true,1,257487
7290018400234,false,חומוס לחומוס סנפרוסט 800 גרם,סנפרוסט,IL,חומוס לחומוס סנפרוסט,גרמים,800.00,100 גרם,false,,19.90,2.4875,true,1,137758
7290018400470,false,כרישה חתוכה מוקפאת 600 גרם סנפרוסט,"סנפרוסט בע""מ",IL,כרישה חתוכה קפואה סנ,גרמים,600.00,100 גרם,false,,16.90,2.8167,true,1,311079
7290018400661,false,לקט פאייה בסגנון ספרדי סנפרוסט 800 גרם,"סנפרוסט בע""\מ",IL,לקט פאייה בסגנון ספר,גרמים,800.00,100 גרם,false,,27.40,3.4250,true,1,172839
7290018400807,false,טברנה יוונית סנפרוסט 800 גרם,"סנפרוסט בע""מ",IL,טברנה יוונית סנפרוסט,גרמים,600.00,100 גרם,false,,27.40,4.5667,true,1,105961
7290018440223,false,תה צ'אי מסאלה 25 שקיקים ויסוצקי,תה ויסוצקי,IL,חווית הצ'אי- מסאלה ע,גרמים,50.00,100 גרם,false,,23.90,47.8000,true,1,209350
7290018440230,false,תה צ'אי ורדים 25 שקיקים ויסוצקי,תה ויסוצקי,IL,חווית הצ'אי- ורדים 2,גרמים,50.00,100 גרם,false,,23.90,47.8000,true,1,209366
7290018440384,false,תה ירוק מאטה לימון נענע ויסוצקי 25 יחידות,תה ויסוצקי,IL,תה ירוק מאטה בטעם לי,גרמים,37.50,100 גרם,false,,26.90,71.7333,true,1,213093
7290018440438,false,Calvo טונה בשמן זית פתיחה קלה 3 * 65 גרם,"קאלוו קונסרבס ס.ל.יו. ,",ES,טונה easy flip בשמן,גרמים,195.00,100 גרם,false,,26.90,13.7949,true,1,302184
7290018468302,false,נקניקיה טבעונית בסגנון מרגז טירת צבי 400 ג,טירת צבי - מדף,IL,נקניקיות צמחוניות בס,גרמים,400.00,100 גרם,false,,41.90,10.4750,true,1,277409
7290018468401,false,פסטרמה צמחונית בטעם גריל 100 גר טירת צבי,טיב טירת צבי 2000,IL,פסטרמה צמחונית בטעם,גרמים,120.00,100 גרם,false,,16.90,14.0833,true,1,335346
7290018468418,false,פסטרמה צמחונית טעם מפולפל 120 גרם טירת צבי,טיב טירת צבי 2000,IL,פסטרמה צמחונית מפולפ,גרמים,120.00,100 גרם,false,,16.90,14.0833,true,1,335347
7290018468425,false,נקניק טבעוני בטעם פיקנטי 100 גרם טירת צבי,טיב טירת צבי 2000,IL,נקניק טבעוני בטעם מע,גרמים,100.00,100 גרם,false,,16.90,16.9000,true,1,335348
7290018468432,false,נקניק טבעוני בטעם מעושן 100 גרם טירת צבי,טיב טירת צבי 2000,IL,נקניק טבעוני בטעם פי,גרמים,100.00,100 גרם,false,,16.90,16.9000,true,1,335330
7290018471180,false,משקה פרוט& ווג' אננס תפוח גזר 1 ליטר,פרוט אנד וג' Fruit & Veg,IL,פרוט ווג אננס תפוח ו,ליטרים,1.00,ליטר,false,,14.50,14.5000,true,1,142121
7290018471197,false,פרוט & ווג' תפוח בננה מלון נענע 1 ליטר,פרוט אנד וג' Fruit & Veg,IL,פרוט ווג תפוח בננה מ,ליטרים,1.00,ליטר,false,,14.50,14.5000,true,1,142122
7290018471210,false,קרטונית נקטר ספרינג תפוח סברס 1 ליטר,"יפאורה תבורי בע""\מ",IL,קרטונית אגס תפוח וסב,ליטרים,1.00,ליטר,false,,7.90,7.9000,true,1,142333
7290018471395,false,משקה פרוט& ווג' תפוח רימון ג'ינג'ר 1 ליטר,פרוט אנד וג' Fruit & Veg,IL,פרוט ווג תפוח רימון,ליטרים,1.00,ליטר,false,,14.50,14.5000,true,1,142123
7290018471401,false,משקה פרוט& ווג' אננס בננה כורכום 1 ליטר,פרוט אנד וג' Fruit & Veg,IL,פרוט ווג אננס בננה כ,ליטרים,1.00,ליטר,false,,14.50,14.5000,true,1,142124
7290018471906,false,שוופס מוגז פירות לימונדה ורודה 1.5 ליטר פיקדון,"יפאורה תבורי בע""\מ",IL,שוופס מוגז לימונדה ו,ליטרים,1.50,ליטר,false,,9.90,6.6000,true,1,212580
7290018471913,false,משקה מוגז פירות תפוחים שוופס 1.5 ליטר,"יפאורה תבורי בע""\מ",IL,שוופס פרוטס תפוחים 1,ליטרים,1.50,ליטר,false,,9.90,6.6000,true,1,212581
7290018471920,false,שוופס מוגז פירות ענבים 1.5 ליטר פיקדון,"יפאורה תבורי בע""\מ",IL,שוופס ענבים מוגז 1.5,ליטרים,1.50,ליטר,false,,9.90,6.6000,true,1,212582
7290018471937,false,שוופס מוגז פירות תות ליים 1.5 ליטר פיקדון,"יפאורה תבורי בע""\מ",IL,שוופס מוגז פירות תות,ליטרים,1.50,ליטר,false,,9.90,6.6000,true,1,212583
7290018471944,false,שוופס מוגז פירות לימונייד 1.5 ליטר פיקדון,"יפאורה תבורי בע""\מ",IL,שוופס מוגז למונייד 1,ליטרים,1.50,ליטר,false,,9.90,6.6000,true,1,212598
7290018471951,false,שוופס מוגז פירות אשכולית אדומה 1.5 ליטר פיקדון,"יפאורה תבורי בע""\מ",IL,שוופס פרוטס אשכולית,ליטרים,1.50,ליטר,false,,9.90,6.6000,true,1,212599
7290018493908,false,"ד""ר פישר - קמיל בלו סנסיטיב אל דמע 750 מ""ל",פישר מעבדות פרמצבטיות בע,IL,קמיל בלו סנסיטיב שמפ,מיליליטרים,750.00,"100 מ""ל",false,,21.90,2.9200,true,1,172662
7290018493977,false,קמיל לניקוי והרגעת העור מועשר בשיבולת שועל 1 ל',פישר מעבדות פרמצבטיות,IL,אל סבון ניקיון ולחות,ליטרים,1.00,ליטר,false,,16.90,16.9000,true,1,204822
7290018500361,false,"לחם שחור פרוס 900 גרם ""אנג'ל"" -מוצר בפיקוח",מאפיית שלמה א. אנג'\ל בע,IL,לחם אחיד פרוס מאפיית,גרמים,900.00,100 גרם,false,,8.53,0.9478,true,1,297403
7290018500385,true,חלה רגילה אנגל 650 ג,,,חלה רגילה אנגל 650 ג,גרמים,650.00,100 גרם,false,,6.50,1.0000,true,1,320412
7290018500392,true,חלה קלועה אנגל 650 ג,,,חלה קלועה אנגל 650 ג,גרמים,650.00,100 גרם,false,,6.50,1.0000,true,1,320413
7290018540329,false,שקית פיתה פיתה בלדי 800 ג' אנג'ל,מאפיית שלמה א. אנג'\ל בע,IL,פיתה פיתה אנגל 880 ג,יח',10.00,יח',false,,13.90,1.3900,true,1,133474
7290018540817,false,ארטיזנל לחם מחמצת כוסמין אנג'ל 500 גרם,מאפיית אורנים,IL,לחם ארטיזנל כוסמין א,גרמים,500.00,100 גרם,false,,19.90,3.9800,true,1,262126
7290018540831,false,ארטיזנל לחם מחמצת חיטה מלאה ודגנים אנג'ל 500 גרם,מאפיית אורנים,IL,לחם מחמצת חיטה מלאה,גרמים,500.00,100 גרם,false,,19.90,3.9800,true,1,262459
7290018571064,false,"מקלוני טופי 450 גרם ""מיה""",מיה תעשיות מזון בעמ,TR,מקלוני טופי מיה 450,גרמים,450.00,100 גרם,false,,15.90,3.5333,true,1,138982
7290018571408,false,מיה לקקנים מולטיקולור תותי פרוטי 220 גרם,מיה,IL,לקקנים מולטיקולור תו,גרמים,220.00,100 גרם,false,,9.90,4.5000,true,1,242628
7290018571590,false,שמן שקדים מזוכך 1 ליטר מיה,מיה,IL,שמן שקדים מזוכך מיה,ליטרים,1.00,100 ליטר,false,,27.90,2790.0000,true,1,264892
7290018571620,false,סוכריות מולטי ויטמין נשים מבוגרים גבעות מיה פלוס 240 גרם,מיה תעשיות מזון בעמ,IL,סוכריות מולטי ויטמין,גרמים,240.00,100 גרם,false,,39.90,16.6250,true,1,332036
7290018571644,false,סוכריות ג'לי ללא סוכר מולטי ויטמין בשילוב תוספת ביוטין,מיה תעשיות מזון בעמ,IL,סוכריות קוסמטיקה מבו,גרמים,210.00,100 גרם,false,,39.90,19.0000,true,1,332038
7290018571705,false,"אורז יסמין 1 ק""ג מיה.",מיה,IL,"אורז יסמין 1 ק""ג",קילוגרמים,1.00,"ק""ג",false,,12.90,12.9000,true,1,292623
7290018571712,false,"אורז פרסי 1 ק""ג מיה.",מיה,IL,"אורז פרסי 1 ק""ג",קילוגרמים,1.00,"ק""ג",false,,11.90,11.9000,true,1,292608
7290018571736,false,אורז בסמטי הודי 1ק''ג,מיה,IL,"אורז בסמטי 1 ק""ג",קילוגרמים,1.00,"ק""ג",false,,12.90,12.9000,true,1,292639
7290018571743,false,"אורז פרסי מלא 1 ק""ג",מיה,IL,"אורז מלא 1 ק""ג",קילוגרמים,1.00,"ק""ג",false,,9.90,9.9000,true,1,292654
7290018626009,false,צלחות וינטג' ענקיות,,,צלחות וינטג' ענקיות,יחידה,0.00,יחידה,false,,22.90,0.0000,true,1,149633
7290018626306,false,פיצה מרגריטה פיטריות,,,פיצה מרגריטה פיטריות,גרמים,400.00,100 גרם,false,,12.90,3.2250,true,1,183688
7290018626320,false,צלחות וינטג' קטנות 1,,,צלחות וינטג' קטנות 1,יחידה,0.00,יחידה,false,,13.90,0.0000,true,1,151314
7290018626337,false,קערות וינטג' 10 יח',,,קערות וינטג' 10 יח',יחידה,0.00,יחידה,false,,15.90,0.0000,true,1,149636
7290018626528,false,ניילון נצמד 30*150 ע,,,ניילון נצמד 30*150 ע,מטרים,150.00,מטר,false,,19.90,0.1327,true,1,157859
7290018626597,false,צימרונים לאוזנים איכ,,,צימרונים לאוזנים איכ,יחידה,0.00,יחידה,false,,4.90,0.0000,true,1,179966
7290018626641,false,מארז תבניות רוסטר גד,,,מארז תבניות רוסטר גד,יחידה,0.00,יחידה,false,,15.90,0.0000,true,1,230885
7290018626726,false,מארז צלחות 12+12 נק,,,מארז צלחות 12+12 נק,יחידה,0.00,יחידה,false,,52.90,0.0000,true,1,201126
7290018626757,false,קערות אובליות נקודות,,,קערות אובליות נקודות,יחידה,0.00,יחידה,false,,12.90,0.0000,true,1,201574
7290018652039,false,לה קרמריה קרמל מלוח ונוגט בדצ 6*1.4 ליטר,גלידות נסטלה )נגה גלידות,IL,לה קרמריה קרמל מלוח,ליטרים,1.40,ליטר,false,,25.90,18.5000,true,1,156337
7290018652688,false,לה קרמריה פירות טרופיים ופירות יער נסטלה 700 גרם,גלידות נסטלה,IL,גלידת בטעמי פירות טר,ליטרים,1.40,100 ליטר,false,,25.90,1850.0000,true,1,248475
7290018652923,false,פרוייקט סער-תות עוגת גבינה נסטלה 5*43 גרם,גלידות נסטלה,IL,מאגדת מסקרפונה תות *,גרמים,225.00,100 גרם,false,,31.90,14.1778,true,1,280158
7290018720011,false,ביסקוויט קרנבל חיות בטעם וניל 250 ג' מעדני מלך,הגביע מוצרי וופלים,IL,מעדני המלך קרנבל חיו,גרמים,250.00,100 גרם,false,,6.90,2.7600,true,1,145726
7290018720028,false,קרנבל אותיות ביסקוויט בטעם חמאה 250 ג' מעדני מלך,הגביע מוצרי וופלים,IL,מעדני המלך אותיות 25,גרמים,250.00,100 גרם,false,,6.90,2.7600,true,1,145727
7290018720103,false,"אפיפיות וופל בטעם שוקו לל""ס הדר 250 גרם","א.ג גילרו בע""\מ",IL,אפיפיות בטעם שוקו לל,גרמים,250.00,100 גרם,false,,8.90,3.5600,true,1,209396
7290018835029,false,מרק בטעם עוף פרווה 400 ג,תבליני מימון,IL,מרק בטעם עוף פרווה ת,גרמים,400.00,100 גרם,false,,17.90,4.4750,true,1,307660
7290018886205,false,סכינים עבות 50 יח',,,סכינים עבות 50 יח',יחידה,0.00,יחידה,false,,10.90,0.0000,true,1,180000
7290018886212,false,מזלגות עבות 50 יח',,,מזלגות עבות 50 יח',יחידה,0.00,יחידה,false,,10.90,0.0000,true,1,180001
7290018886229,false,מזלגות עבות 50 יח',,,מזלגות עבות 50 יח',יחידה,0.00,יחידה,false,,10.90,0.0000,true,1,180002
7290018886243,false,כפות עבות 50 יח' קר,,,כפות עבות 50 יח' קר,יחידה,0.00,יחידה,false,,10.90,0.0000,true,1,180004
7290018886809,false,קערת סלט בועות שקוף,,,קערת סלט בועות שקוף,יחידה,0.00,יחידה,false,,8.90,0.0000,true,1,201626
7290018886847,false,קערת סלט בועות שקוף,,,קערת סלט בועות שקוף,יחידה,0.00,יחידה,false,,10.90,0.0000,true,1,201644
7290018886915,false,קערת סלט בועות ורוד,,,קערת סלט בועות ורוד,יחידה,0.00,יחידה,false,,14.90,0.0000,true,1,201665
7290018886984,false,מנגל איכותי גדול 30*,,,מנגל איכותי גדול 30*,יחידה,0.00,יחידה,false,,119.90,0.0000,true,1,191310
7290018893005,false,"חטיפי בייגלה אפוי בטעם חרדל ודבש, 160 גרם",צ'וקטה Chocketa,RO,בייגלה שטוח בתוספת ח,גרמים,200.00,100 גרם,false,,7.90,3.9500,true,1,225751
7290018893081,false,עוגות מגולגלות במילוי קרם חלבי וציפוי בטעם שוקולד,צ'וקטה Chocketa,IL,צ'וקטה מגולגלות חלב,גרמים,222.00,100 גרם,false,,10.90,4.9099,true,1,202138
7290018893111,false,צ'וקטה שוקולד מריר בלגי 70% 100 גרם,צ'וקטה Chocketa,BE,צ'וקטה שוקולד מריר מ,גרמים,100.00,100 גרם,false,,9.90,9.9000,true,1,299640
7290018893289,false,צ'וקטה עוגות מגולגלות בטעם קקאו במילוי קרם קקאו וציפוי בטעם שוקולד 6 יח' 222 גרם,צ'וקטה Chocketa,IL,צ'וקטה מגולגלות קקאו,גרמים,222.00,100 גרם,false,,10.90,4.9099,true,1,202139
7290018893319,false,צ'וקטה שוקולד מריר בלגי 85% 100 גרם משולש K,צ'וקטה Chocketa,BE,צ'וקטה שוקולד מריר מ,גרמים,100.00,100 גרם,false,,9.90,9.9000,true,1,299477
7290018893456,false,צ'וקטה עוגות אישיות במילוי קרם ובציפוי בטעם שוקולד 300 גרם,"פרדי קונדיטוריה אס,פי.אי",IT,צ'וקטה עוגות אישיות,יחידה,300.00,יחידה,false,,14.90,0.0497,true,1,184266
7290018893500,false,צ'וקטה עוגיות סנדביץ שוקו 180 גרם חלב נכרי,צ'וקטה,ES,צ'וקטה עוגיות סנדביץ,גרמים,180.00,100 גרם,false,,5.90,3.2778,true,1,275288
7290018893906,false,עוגיות סנדוויץ' במילוי קרם בטעם וניל,צ'וקטה Chocketa,ES,צ'וקטה עוגיות סנדביץ,גרמים,250.00,100 גרם,false,,8.90,3.5600,true,1,275321
7290018893937,false,לוקיטוס סוכריות ג'לי בטעמי פירות 300 גרם,לאבדס,GR,לוקיטוס סוכריות ג'לי,גרמים,300.00,100 גרם,false,,10.90,3.6333,true,1,346275
7290018894002,false,קוביות וופל במילוי קרם קקאו - חלבי,בלקוני Balconi,IT,בלקוני קוביות וופל ק,גרמים,250.00,100 גרם,false,,13.90,5.5600,true,1,289583
7290018894200,false,בלקוני וופל קוביות ויל 250 גרם חלבי OU,בלקוני Balconi,IT,בלקוני קוביות וופל ו,גרמים,250.00,100 גרם,false,,13.90,5.5600,true,1,289584
7290018894804,false,וופלים במילוי קרם אגוזי לוז - חלבי,בלקוני Balconi,IT,וופל במילוי קרם אגוז,גרמים,175.00,100 גרם,false,,8.90,5.0857,true,1,279449
7290018921067,false,"ד""ר פישר - אפקטיב קר תחליב רחצה שמן שקדים 700 מ""ל",פישר מעבדות פרמצבטיות בע,IL,תחליב רחצה לגוף מועש,מיליליטרים,700.00,"100 מ""ל",false,,17.90,2.5571,true,1,226453
7290018921166,false,קמיל אל סבון להזנת העור מועשר באצות-ים 1 ליטר,פישר מעבדות פרמצבטיות בע,IL,אל סבון ניקיון ולחות,ליטרים,1.00,ליטר,false,,16.90,16.9000,true,1,204823
7290018925065,false,מיץ פרימור תפוזים סחוט 2 ליטר-,"גניר (1992) בע""מ",IL,פרימור מיץ תפוזים סח,ליטרים,2.00,ליטר,false,,28.90,14.4500,true,1,219967
7290018925089,false,"מיץ פרימור תפו""ע צלול סחוט 2 ליטר-","גניר (1992) בע""מ",IL,פרימור מיץ תפוחים צל,ליטרים,2.00,ליטר,false,,28.90,14.4500,true,1,219968
7290018929032,false,150 שקיות סנדוויץ' H,,,150 שקיות סנדוויץ' H,100 יח',450.00,100 יח',false,,10.90,2.4222,true,1,311696
7290018929209,false,ניילון לכיסוי מזון 30 יח' SHINY,,,Fresh Cover ניילון ל,יחידה,0.00,יחידה,false,,8.90,0.0000,true,1,311802
7290018972762,false,נודלס טעם עוף להכנה מהירה 72 גרם,,CN,נודלס מנה חמה עוף תו,גרמים,72.00,100 גרם,false,,6.90,9.5833,true,1,369601
7290018972779,false,נודלס מנה חמה בקר תומר 72 גרם,,CN,נודלס מנה חמה בקר תו,גרמים,72.00,100 גרם,false,,6.90,9.5833,true,1,369602
7290018972786,false,נודלס טעם ירקות להכנה מהירה 72 גרם,,CN,נודלס מנה חמה ירקות,גרמים,72.00,100 גרם,false,,6.90,9.5833,true,1,369603
7290018989005,false,שלישיית פולפה עגבניות טבעי יכין 400X3 גרם,זנלכל,IL,פולפה טבעית יכין 3*,קילוגרמים,1.20,"ק""ג",false,,17.90,14.9167,true,1,236703
7290018989081,false,יכין חומוס הבית להכנת חומוס טרי 410 גי,זנלכל,IL,חומוס הבית יכין 400,גרמים,400.00,100 גרם,false,,9.90,2.4750,true,1,294660
7290019031000,false,WIZ מארז חמישיית ניי,,,WIZ מארז חמישיית ניי,יחידה,0.00,יחידה,false,,11.90,0.0000,true,1,230929
7290019031062,false,תבנית R-2 מלבנית 7 י,,,תבנית R-2 מלבנית 7 י,יחידה,0.00,יחידה,false,,9.90,0.0000,true,1,254607
7290019031079,false,תבנית R-29 מרובעת קט,,,תבנית R-29 מרובעת קט,יחידה,0.00,יחידה,false,,9.90,0.0000,true,1,254608
7290019031086,false,תבנית R-31 גדולה 7 י,,,תבנית R-31 גדולה 7 י,יחידה,0.00,יחידה,false,,9.90,0.0000,true,1,254609
7290019031093,false,תבנית R-64 בינונית 7,,,תבנית R-64 בינונית 7,יחידה,0.00,יחידה,false,,9.90,0.0000,true,1,254610
7290019031109,false,תבנית R-88 אינגליש 1,,,תבנית R-88 אינגליש 1,יחידה,0.00,יחידה,false,,9.90,0.0000,true,1,254611
7290019031147,false,WIZ תבניות מאפינס אל,,,WIZ תבניות מאפינס אל,יחידה,0.00,יחידה,false,,19.90,0.0000,true,1,280466
7290019031185,false,כפפות לטקס 100 יח' M,,,כפפות לטקס 100 יח' M,יחידה,0.00,יחידה,false,,32.90,0.0000,true,1,245091
7290019031321,false,"מרקיות 7"" לבנות 25 י",,,"מרקיות 7"" לבנות 25 י",יחידה,0.00,יחידה,false,,10.90,0.0000,true,1,249412
7290019031338,false,"צלחות קטנות 7"" לבנות",,,"צלחות קטנות 7"" לבנות",יחידה,0.00,יחידה,false,,9.90,0.0000,true,1,249413
7290019031369,false,"צלחות גדולות 9"" קרם",,,"צלחות גדולות 9"" קרם",יחידה,0.00,יחידה,false,,15.90,0.0000,true,1,249415
7290019031383,false,סבון ידיים מאסק 1 לי,,,סבון ידיים מאסק 1 לי,ליטרים,1.00,100 ליטר,false,,10.90,1090.0000,true,1,249379
7290019031420,false,אל סבון נוזלי שלישיי,,,אל סבון נוזלי שלישיי,מיליליטרים,500.00,"100 מ""ל",false,,12.90,2.5800,true,1,260618
7290019031437,false,אשפטון 65-75 חזקות עם שרוך,,,אשפתון 65X75 XL חזק,יחידה,0.00,יחידה,false,,20.90,0.0000,true,1,273496
7290019031444,false,אשפתון 65X54 XL חזקו,,,אשפתון 65X54 XL חזקו,יחידה,0.00,יחידה,false,,19.90,0.0000,true,1,273497
7290019031468,false,WIZ צלחות מתכלות ענק,,,WIZ צלחות מתכלות ענק,יחידה,0.00,יחידה,false,,15.90,0.0000,true,1,309842
7290019031475,false,WIZ צלחות מתכלות גדו,,,WIZ צלחות מתכלות גדו,יחידה,0.00,יחידה,false,,10.90,0.0000,true,1,309858
7290019031543,false,שמן זית כתית מעולה א,,,שמן זית כתית מעולה א,מיליליטרים,750.00,"100 מ""ל",false,,32.90,4.3867,true,1,260575
7290019031581,false,מארז 10 גביעיים + מכ,,,מארז 10 גביעיים + מכ,ליטרים,500.00,ליטר,false,,10.90,0.0218,true,1,255419
7290019031604,false,מארז 5 מכלים + מכסים,,,מארז 5 מכלים + מכסים,ליטרים,1.00,ליטר,false,,10.90,10.9000,true,1,255421
7290019031628,false,מטליות מיקרופייבר לר,,,מטליות מיקרופייבר לר,יחידה,0.00,יחידה,false,,13.90,0.0000,true,1,309916
7290019031666,false,WIZ צלחות קטנות שקופ,,,WIZ צלחות קטנות שקופ,יחידה,0.00,יחידה,false,,10.90,0.0000,true,1,309897
7290019031673,false,"WIZ מרקיות שקופות 7""",,,"WIZ מרקיות שקופות 7""",יחידה,0.00,יחידה,false,,10.90,0.0000,true,1,309898
7290019031833,false,"WIZ צלחות לבנות 9"" מ",,,"WIZ צלחות לבנות 9"" מ",יחידה,0.00,יחידה,false,,37.90,0.0000,true,1,329659
7290019056027,false,שוופס מוגז פירות תפוחים ללא סוכר 1.5 ליטר פיקדון,"יפאורה תבורי בע""\מ",IL,שוופס מוגז פירות תפו,ליטרים,1.50,ליטר,false,,8.90,5.9333,true,1,212614
7290019056034,false,שוופס מוגז פירות אננס ללא סוכר 1.5 ליטר פיקדון,"יפאורה תבורי בע""מ",IL,שוופס מוגז פירות אננ,ליטרים,1.50,ליטר,false,,8.90,5.9333,true,1,212615
7290019056041,false,שוופס מוגז פירות לימונייד ללא סוכר 1.5 ליטר פיקדון,"יפאורה תבורי בע""מ",IL,שוופס מוגז פירות ללא,ליטרים,1.50,ליטר,false,,8.90,5.9333,true,1,212616
7290019056058,false,שוופס מוגז עדין תפוח ליים 1.5 ליטר פיקדון,"יפאורה תבורי בע""\מ",IL,שוופס מוגז עדין תפוח,ליטרים,1.50,ליטר,false,,8.90,5.9333,true,1,212251
7290019056065,false,שוופס מוגז עדין פירות יער 1.5 ליטר פיקדון,"יפאורה תבורי בע""\מ",IL,שוופס מוגז עדין פירו,ליטרים,1.50,ליטר,false,,8.90,5.9333,true,1,212268
7290019056089,false,שוופס מוגז עדין ענבי ריזלינג 1.5 ליטר פיקדון,"יפאורה תבורי בע""\מ",IL,שוופס מוגז עדין טעם,ליטרים,1.50,ליטר,false,,8.90,5.9333,true,1,212286
7290019056096,false,שוופס מוגז עדין אפרסק 1.5 ליטר פיקדון,"יפאורה תבורי בע""\מ",IL,שוופס מוגז עדין אפרס,ליטרים,1.50,ליטר,false,,8.90,5.9333,true,1,212287
7290019056119,false,שוופס סודה 1.5 ליטר פיקדון,"יפאורה תבורי בע""\מ",IL,שוופס סודה 1.5ליטר,ליטרים,1.50,ליטר,false,,4.50,3.0000,true,1,212151
7290019056133,false,שוופס סודה נענע ליים 1.5 ליטר בק' בודד,"יפאורה תבורי בע""\מ",IL,שוופס סודה נענע ליים,ליטרים,1.50,ליטר,false,,4.50,3.0000,true,1,212632
7290019056164,false,שוופס סודה 1.5 ליטר רביעייה פיקדון,"יפאורה תבורי בע""\מ",IL,שוופס סודה 4*1.5ליטר,ליטרים,6.00,ליטר,false,,13.10,2.1833,true,1,212167
7290019056171,false,שוופס סודה לימון 1.5 ליטר רביעייה פיקדון,"יפאורה תבורי בע""\מ",IL,שוופס סודה לימון 4*1,ליטרים,6.00,ליטר,false,,13.10,2.1833,true,1,212183
7290019056188,false,שוופס סודה נענע ליים 1.5 ליטר רביעייה פיקדון,"יפאורה תבורי בע""\מ",IL,שוופס סודה נענע ליים,ליטרים,6.00,ליטר,false,,13.10,2.1833,true,1,212184
7290019056232,false,משקה מוגז בטעם ליים מוחיטו 1.5 ל' שוופס,"יפאורה תבורי בע""\מ",IL,שוופס ליים מוחיטו 1.,ליטרים,1.50,ליטר,false,,9.90,6.6000,true,1,212288
7290019056256,false,שוופס מים בטעמים תפוחים 1.5 ליטר פיקדון,"יפאורה תבורי בע""מ",IL,שוופס וואטר בטעם תפו,ליטרים,1.50,ליטר,false,,9.50,6.3333,true,1,212104
7290019056263,false,שוופס מים בטעמים אפרסק 1.5 ליטר פיקדון,"יפאורה תבורי בע""מ",IL,שוופס וואטר אפרסק 1.,ליטרים,1.50,ליטר,false,,9.50,6.3333,true,1,212105
7290019056300,false,משקה בטעם ביטר לימון 1.5 ל' שוויפס,"יפאורה תבורי בע""\מ",IL,שוופס ביטר לימון 1.5,ליטרים,1.50,ליטר,false,,12.90,8.6000,true,1,212649
7290019056317,false,שוופס ראשן 1.5 ליטר פיקדון,"יפאורה תבורי בע""\מ",IL,שוופס ראשן 1.5 ליטר,ליטרים,1.50,ליטר,false,,12.90,8.6000,true,1,212650
7290019056324,false,שוופס טוניק 1.5 ליטר פיקדון,"יפאורה תבורי בע""\מ",IL,שוופס מי טוניק 1.5 ל,ליטרים,1.50,ליטר,false,,12.90,8.6000,true,1,212651
7290019056331,false,שוופס טוניק ללא סוכר 1.5 ליטר פיקדון,"יפאורה תבורי בע""מ",IL,שוופס טוניק ללא סוכר,ליטרים,1.50,ליטר,false,,11.90,7.9333,true,1,212652
7290019056355,false,תפוזינה לימונדה MIX לימונענע 1.5 ליטר,"יפאורה תבורי בע""\מ",IL,תפוזינה לימונדה נענע,ליטרים,1.50,ליטר,false,,9.50,6.3333,true,1,211654
7290019056362,false,תפוזינה ענבים 1.5 ליטר פיקדון,"יפאורה תבורי בע""\מ",IL,תפוזינה ענבים 1.5 לי,ליטרים,1.50,ליטר,false,,9.50,6.3333,true,1,211748
7290019056379,false,תפוזינה תפוזים 1.5 ליטר פיקדון,"יפאורה תבורי בע""\מ",IL,תפוזינה תפוזים 1.5 ל,ליטרים,1.50,ליטר,false,,9.50,6.3333,true,1,211797
7290019056386,false,פתוזינה אשכולית 1.5 ליטר פיקדון,"יפאורה תבורי בע""\מ",IL,תפוזינה אשכוליות 1.5,ליטרים,1.50,ליטר,false,,9.50,6.3333,true,1,211817
7290019056393,false,תפוזינה תות בננה 1.5 ליטר פיקדון,"יפאורה תבורי בע""\מ",IL,תפוזינה תות בננה 1.5,ליטרים,1.50,ליטר,false,,9.50,6.3333,true,1,211818
7290019056416,false,מיץ בטעם לימונדה ורודה 1.5 ל' תפוזינה,"יפאורה תבורי בע""\מ",IL,תפוזינה לימונדה 1.5,ליטרים,1.50,ליטר,false,,9.50,6.3333,true,1,211835
7290019056423,false,מיץ בטעם תפוח רענן 1.5ל' תפוזינה,"יפאורה תבורי בע""\מ",IL,תפוזינה תפוח רענן 1.,ליטרים,1.50,ליטר,false,,9.50,6.3333,true,1,211878
7290019056430,false,תפוזינה תפוזים לייט 1.5 ליטר פיקדון,"יפאורה תבורי בע""\מ",IL,תפוזינה תפוז 1.5 ליט,ליטרים,1.50,ליטר,false,,8.90,5.9333,true,1,211907
7290019056508,false,פרוט ווטר ענבים 1.5 ליטר פיקדון,"יפאורה תבורי בע""\מ",IL,פרוט ווטר ענבים 1.5,ליטרים,1.50,ליטר,false,,9.50,6.3333,true,1,211999
7290019056515,false,פרוט ווטר אננס 1.5 ליטר פיקדון,"יפאורה תבורי בע""\מ",IL,פרוט ווטר אננס 1.5 ל,ליטרים,1.50,ליטר,false,,9.50,6.3333,true,1,212029
7290019056522,false,פרוט ווטר תות 1.5 ליטר פיקדון,"יפאורה תבורי בע""\מ",IL,פרוט ווטר תות 1.5 לי,ליטרים,1.50,ליטר,false,,9.50,6.3333,true,1,212044
7290019056546,false,פרוט ווטר אבטיח 1.5 ליטר פיקדון,"יפאורה תבורי בע""\מ",IL,פרוט ווטר אבטיח 1.5,ליטרים,1.50,ליטר,false,,9.50,6.3333,true,1,212060
7290019056553,false,שישיית מים מינרלים עין גדי 2 ליטר,עין גדי מים מינרליים,IL,עין גדי מים מינרלים,ליטרים,12.00,ליטר,false,,13.80,1.1500,true,1,212798
7290019056560,false,עין גדי 2 ליטר בק' בודד פיקדון,עין גדי מיים מינרלים,IL,עין גדי מים מינרלים,ליטרים,2.00,ליטר,false,,4.50,2.2500,true,1,212799
7290019056577,false,משקה קל מנגו ספרינג 1.5 ליטר,"יפאורה תבורי בע""\מ",IL,ספרינג מנגו 1.5 ליטר,ליטרים,1.50,ליטר,false,,9.50,6.3333,true,1,211520
7290019056584,false,משקה קל תפוזים ספרינג 1.5 ליטר,"יפאורה תבורי בע""\מ",IL,ספרינג תפוזים 1.5 לי,ליטרים,1.50,ליטר,false,,9.50,6.3333,true,1,211536
7290019056591,false,משקה קל ענבים ספרינג 1.5 ליטר,"יפאורה תבורי בע""\מ",IL,ספרינג ענבים 1.5 ליט,ליטרים,1.50,ליטר,false,,9.50,6.3333,true,1,211537
7290019056607,false,משקה קל תפוחים ספרינג 1.5 ליטר,"יפאורה תבורי בע""\מ",IL,ספרינג תפוחים 1.5 לי,ליטרים,1.50,ליטר,false,,9.50,6.3333,true,1,211538
7290019056614,false,משקה קל אפרסק ספרינג 1.5 ליטר,"יפאורה תבורי בע""\מ",IL,ספרינג אפרסק 1.5 ליט,ליטרים,1.50,ליטר,false,,9.50,6.3333,true,1,211553
7290019056621,false,משקה קל פירות טרופיים ספרינג 1.5 ליטר,"יפאורה תבורי בע""\מ",IL,ספרינג פירות טרופיים,ליטרים,1.50,ליטר,false,,9.50,6.3333,true,1,211554
7290019056638,false,משקה קל תות בננה ספרינג 1.5 ליטר,"יפאורה תבורי בע""\מ",IL,ספרינג תות בננה 1.5,ליטרים,1.50,ליטר,false,,9.50,6.3333,true,1,211555
7290019056645,false,משקה קל אגס תפוח סברס ספרינג 1.5 ליטר,"יפאורה תבורי בע""\מ",IL,ספרינג אגס סברס תפוח,ליטרים,1.50,ליטר,false,,9.50,6.3333,true,1,211576
7290019056676,false,משקה קל אשכולית אננס דיאט ספרינג 1.5 ליטר,"יפאורה תבורי בע""\מ",IL,ספרינג דיאט אשכוליות,ליטרים,1.50,ליטר,false,,8.90,5.9333,true,1,223830
7290019056720,false,קריסטל מיץ ענבים 2 ליטר פיקדון,"יפאורה תבורי בע""\מ",IL,קריסטל מיץ ענבים 2 ל,ליטרים,2.00,ליטר,false,,8.50,4.2500,true,1,212667
7290019056744,false,קריסטל מיץ תפוזים 2 ליטר פיקדון,"יפאורה תבורי בע""\מ",IL,קריסטל מיץ תפוזים 2,ליטרים,2.00,ליטר,false,,8.50,4.2500,true,1,212683
7290019056768,false,קריסטל מיץ מנגו 2 ליטר פיקדון,"יפאורה תבורי בע""\מ",IL,קריסטל מיץ מנגו 2 לי,ליטרים,2.00,ליטר,false,,8.50,4.2500,true,1,212699
7290019056805,false,קריסטל מוגז תפוחים 2 ליטר פיקדון,"יפאורה תבורי בע""\מ",IL,משקה מוגז קריסטל תפו,ליטרים,2.00,ליטר,false,,8.50,4.2500,true,1,212717
7290019056812,false,קריסטל מוגז מנטה 2 ליטר פיקדון,"יפאורה תבורי בע""\מ",IL,קריסטל מנטה 2 ליטר,ליטרים,2.00,ליטר,false,,8.50,4.2500,true,1,212732
7290019056959,false,מי עדן 1.5 ליטר בק' בודד פיקדון,"מופק ממקור בזלתי עדן ,1",IL,מי עדן 1.5 ליטר,ליטרים,1.50,ליטר,false,,3.90,2.6000,true,1,223831
7290019056973,false,שישיית מי עדן 1.5 ליטר משפחתי,"מופק ממקור בזלתי עדן ,1",IL,מי עדן 6*1.5 ליטר,ליטרים,9.00,ליטר,false,,14.90,1.6556,true,1,212766
7290019074366,false,אפקטיב קר ת. רחצה מועשר בשמן ארגן 450 מ,"ד""ר פישר",IL,תחליב רחצה לגוף אפקט,מיליליטרים,450.00,"100 מ""ל",false,,16.90,3.7556,true,1,280659
7290019153313,false,"משקהתפוח חמוציות אוכמניות 350 מ""ל פרות & ווג",יפאורה תבורי בעמ,IL,פרוט & וג' תפוח חמוצ,מיליליטרים,330.00,"100 מ""ל",false,,8.90,2.6970,true,1,291364
7290019167037,false,תותים בקצפת עדן קינוחים 82 גרם,עדן קינוחים Eden,IL,תותים בקצפת 82 גרם,גרמים,82.00,100 גרם,false,,8.20,10.0000,true,1,372390
7290019167044,false,קצפת עם קרם בייגלה מתוק מלוח עדן קינוחים 82 גרם,עדן קינוחים Eden,IL,קצפת עם קרם בייגלה מ,גרמים,82.00,100 גרם,false,,8.20,10.0000,true,1,372374
7290019232162,false,"חליטת ""לילה טוב"" קמומיל מליסה 25 שקיקים ויסוצקי",תה ויסוצקי,IL,לילה טוב חליטת קמומי,גרמים,37.50,100 גרם,false,,25.90,69.0667,true,1,353854
7290019232186,false,תה ירוק לימונית לואיזהSTAY WELL 25 שקיקים ויסוצקי,תה ויסוצקי,IL,תה ירוק לימונית לואי,גרמים,37.50,100 גרם,false,,25.90,69.0667,true,1,353856
7290019233008,false,רוטב עגבניות עם קוביות ארטישוק ושמן זית 420ג ויסוצקי,דליציה דורה אס.אר.אל,IT,רוטב עגבניות עם קובי,גרמים,420.00,100 גרם,false,,15.90,3.7857,true,1,311987
7290019245001,false,שמן קנולה אלומות 1 ל,סקנולה,EE,שמן קנולה אלומות 1 ל,ליטרים,1.00,ליטר,false,,12.90,12.9000,true,1,271960
7290019297536,false,חמאת בוטנים עם שברי בוטנים שקדיה 510 גרם,דין שיווק,IN,חמאת בוטנים עם שברי,גרמים,510.00,100 גרם,false,,12.90,2.5294,true,1,5520
7290019297628,false,שקד טבעי בשקית ששון הקולה 150 גרם,"דין שיווק וקלייה בע""",IL,שקד טבעי 150 גרם ששו,גרמים,150.00,100 גרם,false,,15.90,10.6000,true,1,5528
7290019303657,false,טבע ירוק פינוקית שומשום מיקס בריאות 250ג,טבע ירוק,IL,פינוקיות שומשום מיקס,גרמים,220.00,100 גרם,false,,19.90,9.0455,true,1,328978
7290019303756,false,טבע ירוק פינוקית שומשום וגרעינים 250 גר,טבע ירוק,IL,פינוקיות שומשום וגרע,גרמים,220.00,100 גרם,false,,19.90,9.0455,true,1,328995
7290019393016,false,"קמח חיטה לבן ללא צורך בניפוי 1 ק""ג האופה",טבע ירוק,IL,קמח חיטה לבן מנופה,קילוגרמים,1.00,"ק""ג",false,,10.90,10.9000,true,1,340286
7290019393023,false,האופה- קמח חיטה 80% ללא צורך בניפוי 1 קג,,IL,קמח חיטה 80% מנופה ה,קילוגרמים,1.00,"ק""ג",false,,11.90,11.9000,true,1,340334
7290022005562,false,קריספ פירורי לחם שום 300 גרם מיימונס,א.ל ייצור ושיווק תבל,IL,פירורי לחם עם שום קר,גרמים,300.00,100 גרם,false,,8.90,2.9667,true,1,283232
7290100240137,false,"תרסיס ריחני למייבש כחול בדין 500 מ""ל","זוהר דליה, קיבוץ דליה, 1",IL,בדין תרסיס למייבש כב,מיליליטרים,500.00,"100 מ""ל",false,,21.70,4.3400,true,1,11483
7290100411254,false,מחית בוליווד תפוח ובננה 190 גרם ללא תוספ,בילובד Beloved,SK,תפוח ובננה 190גרם BE,גרמים,190.00,100 גרם,false,,5.90,3.1053,true,1,31731
7290100412442,false,קוויק מטליות לחות 99.9% לניקוי שירותים ומקלחות בריח מנטה 50 יחידות,די.פי.אל,IL,קוויק מגבונים לניקוי,יחידה,0.00,יחידה,false,,8.90,0.0000,true,1,31745
7290100570234,false,אביזרי מטבח,,,אביזרי מטבח,יחידה,0.00,יחידה,false,,12.90,0.0000,true,1,37801
7290100572146,false,כ.סט מקפיאון,,,כ.סט מקפיאון,יחידה,0.00,יחידה,false,,24.90,0.0000,true,1,37808
7290100572368,false,אביזרי מטבח,,,אביזרי מטבח,יחידה,0.00,יחידה,false,,19.90,0.0000,true,1,37810
7290100572702,false,אביזרי מטבח ב-11.00,,,אביזרי מטבח ב-11.00,יחידה,0.00,יחידה,false,,10.90,0.0000,true,1,37814
7290100573402,false,אביזרי מטבח,,,אביזרי מטבח,יחידה,0.00,יחידה,false,,14.90,0.0000,true,1,37817
7290100573716,false,שקית זילוף טרמיסו,,,אביזרי מטבח,יחידה,0.00,יחידה,false,,14.90,0.0000,true,1,37818
7290100575055,false,אביזרי מטבח.,,,אבזרי מטבח,יחידה,0.00,יחידה,false,,29.90,0.0000,true,1,37822
7290100653463,false,"פלמוליב - ארומה ג'ל רחצה מסאז' 500 מ""ל",קולגייט-פלמוליב,TR,סבון נוזלי ספא מסאג',מיליליטרים,500.00,"100 מ""ל",false,,17.90,3.5800,true,1,23587
7290100659090,false,פרי חטיפים ללא גלוטן ותוספת סוכר מארז 5 תמרים וקינמון,טבעית מוצרים מן הטבע בעמ,IL,פרי חטיפים ללא סוכר,גרמים,100.00,100 גרם,false,,19.70,19.7000,true,1,23594
7290100680667,false,מנה חמה נודלס-אטריות+ירקות טעם סצ'ואן,PUB FOODS PRESIDENT THAI,TH,מנה חמה נודלס ירקות,גרמים,76.00,100 גרם,false,,6.90,9.0789,true,1,21429
7290100680711,false,פירורית זהב אסם זהב 350ג',עינת תעשיות מזון אגו,IL,אסם פירורית זהב 350,גרמים,350.00,100 גרם,false,,9.90,2.8286,true,1,21430
7290100680728,false,פירורית רגילה שקית 350 גרם,מיוצר עי קונדיטוריית,IL,פירורית רגילה שקית 3,גרמים,350.00,100 גרם,false,,8.90,2.5429,true,1,68361
7290100681015,false,אינסטנט פודינג בטעם ריבת חלב אסם 84 גרם,מיוצר עי קונדיטוריית,IL,אסם פודינג אינסטנט ר,גרמים,84.00,100 גרם,false,,6.50,7.7381,true,1,21433
7290100681138,false,מארז אפרופו חטיף תירס 3 יחידות,"אסם השקעות בע""\מ",IL,אפרופו מאח 3*50 גר',גרמים,150.00,100 גרם,false,,13.50,9.0000,true,1,21435
7290100681503,false,עסיס סירופ לימונענע דיאטטי 1 ליטר,בית-השיטה עסיס תעשיות מז,IL,סירופ דיאט לימונענע,ליטרים,1.00,ליטר,false,,16.90,16.9000,true,1,21439
7290100683880,false,פירה אסם ללא צורך בבישול 260 גרם,"אסם השקעות בע""\מ",IL,פירה אסם 260 גרם,גרמים,260.00,100 גרם,false,,15.90,6.1154,true,1,21448
7290100684764,false,במבה יום הולדת על סרט אסם 25 ג',"אסם תעשיות בע""מ",IL,במבה יום הולדת סרט6,גרמים,25.00,100 גרם,false,,2.90,11.6000,true,1,21455
7290100685136,false,"אבקת מרק בטעם עוף אסם 1 ק""ג","אסם השקעות בע""\מ",IL,מרק בטעם עוף אסם 1 ק,קילוגרמים,1.00,"ק""ג",false,,16.90,16.9000,true,1,21457
7290100685334,false,אבקת מרק עוף אמיתי בשרי רכיבים טבעיים אסם 400 גרם,"אסם השקעות בע""\מ",IL,מרק עוף מרכיבים טבעי,גרמים,400.00,100 גרם,false,,26.70,6.6750,true,1,21459
7290100685341,false,אבקת מרק טעם עוף זך רכיבים טבעיים אסם 400 גרם,"אסם השקעות בע""\מ",IL,מרק זך טעם עוף רכיבי,גרמים,400.00,100 גרם,false,,18.90,4.7250,true,1,21460
7290100686164,false,מארז מולטיפק ביסלי ברביקיו 6 יח 35 גר יח,מיוצר עי קונדיטוריית,IL,ביסלי ברביקיו מאח.8,גרמים,210.00,100 גרם,false,,14.50,6.9048,true,1,21468
7290100686171,false,מארז מולטיפק ביסלי גריל 6 יח 35 גר ליח,"אסם השקעות בע""\מ",IL,ביסלי גריל מאח.8 6*3,גרמים,210.00,100 גרם,false,,14.50,6.9048,true,1,21469
7290100687109,false,במבה במילוי קרם נוגט 60ג' אסם,"אסם השקעות בע""\מ",IL,במבה במילוי קרם נוגט,גרמים,60.00,100 גרם,false,,4.90,8.1667,true,1,21472
7290100689301,false,אבקת מרק בטעם עוף זך עדיף אסם 400 גרם,"אסם השקעות בע""\מ",IL,מרק בטעם עוף זך אסם,גרמים,400.00,100 גרם,false,,15.90,3.9750,true,1,21479
7290100700020,false,סוגת גריסי פנינה 500 גרם,האי נאם סי או אל.טי.,IL,סוגת גריסי פנינה 500,גרמים,500.00,100 גרם,false,,6.90,1.3800,true,1,19436
7290100700075,false,פירורי לחם מוזהבים סוגת 200 גרם,"סוגת תעשיות בע""\מ",IL,פירורי לחם מוזהבים ש,גרמים,200.00,100 גרם,false,,4.90,2.4500,true,1,19437
7290100700266,false,פירורי לחם לבנים סוגת 200 גרם,"סוגת תעשיות בע""מ",IL,סוגת פרורי לחם לבן 2,גרמים,200.00,100 גרם,false,,4.90,2.4500,true,1,19439
7290100700273,false,קינואה לבנה 500 ג סו,האי נאם סי או אל.טי.,IL,קינואה סוגת 500 גרם,גרמים,500.00,100 גרם,false,,15.90,3.1800,true,1,19440
7290100700310,false,"סוגת כוסמת סוגת 1ק""ג","סוגת תעשיות בע""מ",IL,כוסמת 1 ק'ג,קילוגרמים,1.00,"ק""ג",false,,16.90,16.9000,true,1,19442
7290100700372,false,"סוגת אורז בסמטי מלא 1 ק""ג",האי נאם סי או אל.טי.,IL,אורז בסמטי מלא 1 ק'ג,קילוגרמים,1.00,"ק""ג",false,,14.90,14.9000,true,1,19446
7290100700389,false,"אורז אדום 1 ק""ג ""סוגת""","סוגת תעשיות בע""\מ",IL,אורז אדום 1 ק'ג,קילוגרמים,1.00,"ק""ג",false,,14.90,14.9000,true,1,19447
7290100700396,false,"סוגת אורז יסמין קלאסי 1 ק""ג",האי נאם סי או אל.טי.,IL,סוגת אורז יסמין קלאס,קילוגרמים,1.00,"ק""ג",false,,13.90,13.9000,true,1,19448
7290100700587,false,"בורגול ""סוגת"" 500 גרם",האי נאם סי או אל.טי.,IL,סוגת בורגול 500 גר,גרמים,500.00,100 גרם,false,,6.90,1.3800,true,1,19453
7290100701157,false,"אורז להכנת סושי סוגת 1 ק""ג","סוגת תעשיות בע""\מ",IL,אורז סושי 1 קג,קילוגרמים,1.00,"ק""ג",false,,14.80,14.8000,true,1,19456
7290100701300,false,קינואה אדומה סוגת 500 גרם,"סוגת תעשיות בע""\מ",IL,סוגת קינואה אדומה 50,גרמים,500.00,100 גרם,false,,15.90,3.1800,true,1,19457
7290100701331,false,קמח רב תכליתי שטיבל קמח חיטה לבן בהיר,"שטיבל בע""\מ - טחנות קמח",IL,קמח רב תכליתי סוגת,קילוגרמים,1.00,"ק""ג",false,,8.90,8.9000,true,1,119307
7290100701577,false,קמח לחם קמח חיטה לבן שטיבל,טחנות קמח שטיבל באר שבע,IL,קמח לחם מועשר בויטמי,קילוגרמים,1.00,"ק""ג",false,,8.90,8.9000,true,1,119310
7290100701881,false,קמח פיצה ופוקצ'ה- קמח חיטה לבן בהיר שטיבל,"שטיבל בע""\מ - טחנת קמח",IL,קמח פיצה ופוקצה סוגת,קילוגרמים,1.00,"ק""ג",false,,8.90,8.9000,true,1,119314
7290100702260,false,קוסקוס דק סוגת 350 גרם,"אסיף תעשיות מזון בע""\מ",IL,קוסקוס דק סוגת 350 ג,גרמים,350.00,100 גרם,false,,5.90,1.6857,true,1,68064
7290100702277,false,קוסקוס עבה סוגת 350 גרם,"אסיף תעשיות מזון בע""",IL,קוסקוס עבה סוגת 350,גרמים,350.00,100 גרם,false,,5.90,1.6857,true,1,19476
7290100702284,false,קוסקוס מלא סוגת 350 גרם,"אסיף תעשיות מזון בע""",IL,קוסקוס מלא סוגת 350,גרמים,350.00,100 גרם,false,,5.70,1.6286,true,1,119316
7290100702383,false,קמח תופח מס' 13 סוגת,"שטיבל בע""\מ - טחנות קמח",IL,"קמח תופח סוגת 1 ק""ג",קילוגרמים,1.00,"ק""ג",false,,8.90,8.9000,true,1,19480
7290100702611,false,פתיתים אפויים אורז סוגת 500 גרם,"אסיף תעשיות מזון בע""\מ",IL,פתיתים אפויים אורז ס,גרמים,500.00,100 גרם,false,,5.20,1.0400,true,1,68071
7290100702628,false,פתיתים אפויים קוסקוס סוגת 500 גרם,"אסיף תעשיות מזון בע""\מ",IL,פתיתים אפויים קוסקוס,גרמים,500.00,100 גרם,false,,5.20,1.0400,true,1,19489
7290100702635,false,פתיתים אפויים כוכבים סוגת 500 גרם,"אסיף תעשיות מזון בע""",IL,פתיתים אפויים כוכבים,גרמים,500.00,100 גרם,false,,5.20,1.0400,true,1,19490
7290100702741,false,"סוכר חום בהיר בצנצנת סוגת 1 ק""ג",סוגת תעשיות בעמ,IL,סוכר חום בהיר בצנצנת,קילוגרמים,1.00,"ק""ג",false,,14.50,14.5000,true,1,19499
7290100702987,false,שיבולת שועל פתיתים סוגת 500 גרם,סוגת תעשיות,,פתיתי שיבולת שועל סו,גרמים,500.00,100 גרם,false,,7.90,1.5800,true,1,68080
7290100702994,false,סוכר דמררה קלאסי בשקית סוגת 500 גרם,"סוגת תעשיות בע""מ",IL,סוכר דמררה בשקית סוג,גרמים,500.00,100 גרם,false,,6.90,1.3800,true,1,19517
7290100703007,false,"עדשים שחורות בלוגה 500 גרם ""סוגת""",האי נאם סי או אל.טי.,IL,סוגת עדשים שחורות בל,גרמים,500.00,100 גרם,false,,9.90,1.9800,true,1,19518
7290100703564,false,"פתיתי שיבולת שועל עבה 500 גרם ""סוגת""",,,שיבולת שועל עבה סוגת,גרמים,500.00,100 גרם,false,,7.90,1.5800,true,1,119338
7290100703649,false,"קמח חיטה 80% ללא צורך בניפוי סוגת 1 ק""ג","שטיבל בע""מ",IL,קמח מלא חיטה 80% ללא,קילוגרמים,1.00,"ק""ג",false,,8.90,8.9000,true,1,119341
7290100703861,false,"תערובת קסם לחלה ללא צורך בניפוי סוגת 1 ק""ג","שטיבל בע""\מ - טחנות קמח",IL,קמח תערובת קסם לחלה,קילוגרמים,1.00,"ק""ג",false,,8.90,8.9000,true,1,119345
7290100704615,false,סוכר לבן דק דק בצנצנת סוגת 500 גרם,"סוגת תעשיות בע""\מ",IL,סוכר לבן דק דק בצנצנ,גרמים,500.00,100 גרם,false,,8.90,1.7800,true,1,209175
7290100704622,false,סוכר דמררה דק דק בצנצנת סוגת 500 גרם,"סוגת תעשיות בע""\מ",IL,סוכר דמררה דק דק בצנ,גרמים,500.00,100 גרם,false,,8.90,1.7800,true,1,209176
7290100850909,false,דוריטוס נאצ'ו מקסיקני 70 גרם,"שטראוס פריטו ליי בע""\מ",IL,דוריטוס נאצו מקסיקני,גרמים,70.00,100 גרם,false,,4.70,6.7143,true,1,25384
7290100850916,false,דוריטוס חמוץ חריף מעודן 70 גרם כשר לפסח,"שטראוס פריטו ליי בע""\מ )",IL,דוריטוס חמוץ חריף 70,גרמים,70.00,100 גרם,false,,4.70,6.7143,true,1,25385
7290100850923,false,דוריטוס בטעם גריל 70 גרם,"שטראוס פריטו ליי בע""\מ )",IL,דוריטוס גריל 70 גרם,גרמים,70.00,100 גרם,false,,4.70,6.7143,true,1,25386
7290100850930,false,דוריטוס בטעם טבעי 70 גרם,"שטראוס פריטו ליי בע""\מ )",IL,דוריטוס טבעי 70 גרם,גרמים,70.00,100 גרם,false,,4.70,6.7143,true,1,25387
7290100858592,false,אבקת קקאו עלית שקית 150 ג',הנסיך- מפעל לייצור ט,IL,עלית קקאו 150ג,גרמים,150.00,100 גרם,false,,10.50,7.0000,true,1,24210
7290100858608,false,אבקת קקאו עלית שקית 500 ג',שטראוס קפה בי.ויn\.,IL,עלית קקאו 500ג,גרמים,500.00,100 גרם,false,,27.90,5.5800,true,1,24211
7290100921593,false,מנקה אסלה סוד 4 כדוריות לאסלה לימון נתלה 50 ג',"הנקל סוד בע""\מ",RS,סוד סבון 4 כדוריות ל,גרמים,50.00,100 גרם,false,,10.20,20.4000,true,1,38254
7290100921609,false,סוד סבון לאסלה 4 כדוריות בניחוח אוקיינוס 50 ג',"הנקל סוד בע""\מ",RS,סוד סבון 4 כדוריות ל,גרמים,50.00,100 גרם,false,,10.20,20.4000,true,1,38255
7290100921623,false,מנקה אסלה סוד 4 כדוריות נתלה אקונומיקה נתלה 50 ג',"הנקל סוד בע""\מ",HU,סוד סבון 4 כדוריות ל,גרמים,50.00,100 גרם,false,,10.20,20.4000,true,1,38257
7290100924464,false,כדוריות סבון נתלה לאסלה עם אקונומיקה - 3 יח',הנקל סוד,HU,סוד סבון 4 כדוריות ל,גרמים,150.00,100 גרם,false,,19.90,13.2667,true,1,38277
7290100924631,false,מרכך כביסה מרוכז לבגדי תינוקות ובעלי עור רגיש,"הנקל סוד בע""\מ",IL,מרכך כביסה סוד מרוכז,מיליליטרים,900.00,"100 מ""ל",false,,13.90,1.5444,true,1,38286
7290101110149,false,גלידה בלסימו וניל עם פליק 1.3 ל' פלדמן,גלידות פלדמן,IL,בליסימו בטעם וניל עם,ליטרים,1.30,ליטר,false,,23.90,18.3846,true,1,151250
7290101112228,false,גלידל פרי קרחון מופחת קלוריות בטעם אננס - 8 יח',הגלידות של פלדמן,IL,פופסיקל בטעם אננס 8,גרמים,640.00,100 גרם,false,,29.90,4.6719,true,1,39667
7290101112518,false,פלדמן מאגדת אייס קפה 6יח,גלידות פלדמן,IL,מאגדת גרניטה בטעם אי,גרמים,480.00,100 גרם,false,,25.90,5.3958,true,1,39669
7290101112921,false,גלידל פרי קרחון מופחת קלוריות פירות טרופיים - 8 יח',הגלידות של פלדמן,IL,פופסיקל בטעם פירות ט,גרמים,640.00,100 גרם,false,,29.90,4.6719,true,1,138152
7290101112990,false,מאגדת גרניטה קוקוס פלדמן 6 יחידות,פלקו בעמ,IL,מאגדת גרניטה בטעם קו,יחידה,0.00,יחידה,false,,25.90,0.0000,true,1,166760
7290101113157,false,מאגדת גלידל וניל עוגיות פלדמן 6 יחידות,"פלקו בע""\מ, חברה ישראלית",IL,גלידל חלבי וניל עוגי,גרמים,672.00,100 גרם,false,,27.90,4.1518,true,1,149678
7290101113409,false,גלידה יופלה פריזי יוגורט תות מאגדת 400 ג',הגלידות של פלדמן,IL,מאגדת יופלה יוגורט ת,גרמים,257.00,100 גרם,false,,24.90,9.6887,true,1,73634
7290101113447,false,עשירייה גלידל מיני קסטה בטעמי שוקו ווניל 270 ג' פלדמן,הגלידות של פלדמן,IL,גלידל מיני סנדוויץ',גרמים,270.00,100 גרם,false,,34.90,12.9259,true,1,222574
7290101113768,false,מאגדת שלגון עוגיות ושוקולד חלב רביעיה * 50 ג' יולו,הגלידות של פלדמן,IL,מאגדת רביעייה שלגון,גרמים,200.00,100 גרם,false,,21.90,10.9500,true,1,252765
7290101113904,false,מארז מנבו וניל 12 יח' פלדמן,הגלידות של פלדמן,IL,מנבו וניל 12 יח 288,גרמים,288.00,100 גרם,false,,24.90,8.6458,true,1,336279
7290101459880,false,נרות אותיות- יום הול,,,נרות אותיות- יום הול,יחידה,0.00,יחידה,false,,9.90,0.0000,true,1,35437
7290101486688,false,חטיף דגנים עם שוקולד ללא גלוטן וסוכר פרי 5*20 גרם,טבעית מוצרים מן הטבע בעמ,IL,פרי חטיפי בריאות מאר,גרמים,100.00,100 גרם,false,,19.70,19.7000,true,1,64771
7290101551027,false,קפסולות קפה אספרסו חזק במיוחד 14 עלית 10 יח',הנסיך- מפעל לייצור ט,IL,קפסולות אספרסו 14 למ,גרמים,50.00,100 גרם,false,,18.90,37.8000,true,1,138041
7290101551263,false,סילאן טבעי ללא תוספת סוכר,מכוורת יד מרדכי,IL,סילאן טבעי יד מרדכי,גרמים,700.00,100 גרם,false,,24.00,3.4286,true,1,131165
7290101551300,false,סילאן טבעי ללא תוספת סוכר בקבוק לחיץ,מכוורת יד מרדכי שטראוס ב,IL,סילאן טבעי לחיץ יד מ,גרמים,380.00,100 גרם,false,,16.70,4.3947,true,1,131166
7290101551539,false,יוגורט PRO בטעם אפרסק 0% 20 גרם חלבון בגביע,"שטראוס בריאות בע""מ",IL,דנונה פרו 20 אפרסק 2,גרמים,200.00,100 גרם,false,,6.50,3.2500,true,1,134444
7290101551539,false,יוגורט PRO בטעם אפרסק 0% 20 גרם חלבון בגביע,"שטראוס בריאות בע""מ",IL,דנונה פרו 20 אפרסק 2,גרמים,200.00,100 גרם,false,,6.50,3.2500,true,1,134444
7290101551577,false,קוואקר שיבות שועל פחית מארז 2*500 גר',FRITO-LAY TRADING CO,GB,זוג קוואקר פחית שיבו,קילוגרמים,1.00,"ק""ג",false,,24.90,24.9000,true,1,134519
7290101551584,false,תפוצ'יפס קידס מארז 10 יח' * 20 ג',"שטראוס פריטו ליי בע""מ )פ",IL,מארז תפוצ'יפס קידס 1,גרמים,200.00,100 גרם,false,,17.40,8.7000,true,1,133154
7290101551614,false,חטיף צ'יטוס קראנץ בטעם גבינה - מארז 8 יח',"שטראוס פריטו ליי בע""מ )פ",IL,מארז צ'יטוס קראנצ' ג,גרמים,240.00,100 גרם,false,,16.30,6.7917,true,1,132225
7290101551638,false,חטיף צ'יטוס כאפה בטעם קטשופ - מארז 10 יח',"שטראוס פריטו ליי בע""מ )פ",IL,מארז צ'יטוס כאפה 10*,גרמים,200.00,100 גרם,false,,15.20,7.6000,true,1,132227
7290101551645,false,מארז ציטוס טעם פיצה איקס עיגול 10* 20 גר,"שטראוס פריטו ליי בע""מ )פ",IL,מארז צ'יטוס איקס עיג,גרמים,200.00,100 גרם,false,,15.20,7.6000,true,1,132228
7290101864127,false,"ספריי להסרת כתמים 750 מ""ל וניש קליה",קליה וניש Kalia Vanish,IL,קליה אוקסי ספריי 750,מיליליטרים,750.00,"100 מ""ל",false,,19.90,2.6533,true,1,22913
7290101866633,false,וניש קליה גל להסרת כתמים 3 ליטר אוקסיפרש,קליה וניש Kalia Vanish,IL,וניש קליה ג'ל 3 ליטר,ליטרים,3.00,ליטר,false,,31.90,10.6333,true,1,22938
7290101866787,false,וניש קליה נוזל מסיר כתמים לכביסה לבנה 3 ליטר,קליה וניש Kalia Vanish,IL,וניש נוזל מסיר כתמים,ליטרים,3.00,ליטר,false,,31.90,10.6333,true,1,22943
7290101869726,false,ג'ל מרוכז למדיח הכל ב-1 פיניש 1 ליטר,רקיט בנקיזר,PL,ג'ל 1 ליטר AIO פיניש,ליטרים,1.00,ליטר,false,,44.90,44.9000,true,1,107899
7290101869795,false,"אירוויק מילוי מבשם אויר אטומטי חלום ליל קיץ 250 מ""ל",איירוויק Air Wick,GB,איירוויק מילוי מבשם,מיליליטרים,250.00,"100 מ""ל",false,,14.90,5.9600,true,1,22998
7290101982470,false,ממתק רולר 30 מל' בטעמים,טייפן פאן טיים,CN,ממתק רולר 30 גרם,גרמים,30.00,100 גרם,false,,7.00,23.3333,true,1,35477
7290101985365,false,בקבוק אלומיניום גדול,,,בקבוק אלומיניום גדול,יחידה,0.00,יחידה,false,,22.50,0.0000,true,1,35550
7290101999720,false,נרות מטה לבבות פו,,,נרות מטה לבבות פו,יחידה,0.00,יחידה,false,,7.50,0.0000,true,1,35913
7290102030330,false,תפוצ'יפס קראנצ' בטעם מקסיקני 200 גרם,"שטראוס פריטו ליי בע""\מ )",IL,תפוצ'יפס קראנץ מקסיק,גרמים,200.00,100 גרם,false,,11.90,5.9500,true,1,25395
7290102032334,false,אבקה להכנת משקה קפה בטעם וניל,שטראוס קפה בי.וי,IL,קפה נמס עלית בטעם ונ,גרמים,200.00,100 גרם,false,,30.90,15.4500,true,1,24220
7290102303977,false,גוש טונה בשמן זית רוברט 140 גרם,קונסרבס פורטוגל נורטה,PT,טונה בשמן זית רוברט,גרמים,120.00,100 גרם,false,,13.90,11.5833,true,1,307469
7290102390427,false,יוגורט ביו עם קציפת תות 3% שומן 150 ג' מולר,מולר Muller,IL,מולר פרופ תות 3% 150,גרמים,150.00,100 גרם,false,,5.70,3.8000,true,1,7241
7290102390465,false,יוגורט ביו עם קציפת אפרסק ופסיפלורה 3% שומן 150 ג' מולר,מולר Muller,IL,מולר פרופ אפרסק פסיפ,גרמים,150.00,100 גרם,false,,5.70,3.8000,true,1,7242
7290102390489,false,יוגורט ביו עם קציפת לימון 3% שומן 150 ג' מולר,מולר Muller,IL,מולר פרופ לימון 3% 1,גרמים,150.00,100 גרם,false,,5.70,3.8000,true,1,7244
7290102391844,false,יוגורט ביו עם קציפת פירות יער3% שומן 150 ג' מולר,מולר Muller,IL,מולר פרופ לבן+קציפת,גרמים,150.00,100 גרם,false,,5.70,3.8000,true,1,7262
7290102392049,false,גבינה לאפיה תבור ללא תוספת מלח 5% משק צוריאל 500 גרם,מחלבת משק צוריאל,IL,צוריאל תבור 5% 500ג,גרמים,500.00,100 גרם,false,,28.90,5.7800,true,1,7266
7290102392094,false,חלב עיזים 3.7% בקרטון משק צוריאל 1 ליטר,מילקו תעשיות בעמ,IL,צוריאל חלב עיזים 1ל,ליטרים,1.00,ליטר,false,,17.90,17.9000,true,1,7270
7290102393039,false,"יוגורט ביו קרמי מיקס פצפוצי שוקולד 7.6% מולר 170 מ""ל",קריות זול,IL,מולר מיקס בתוספת פצפ,מיליליטרים,170.00,"100 מ""ל",false,,6.20,3.6471,true,1,7299
7290102393169,false,"יוגורט סימפלי פרוט בטעם תות 3% מולר 150 מ""ל",מולר Muller,IL,מולר סימפלי פרוט תות,גרמים,150.00,100 גרם,false,,5.70,3.8000,true,1,7307
7290102393176,false,סימפלי פרוט יוגורט אפרסק 3% שומן 150 ג' מולר,מילקו תעשיות בעמ,IL,מולר סימפלי פרוט אפר,גרמים,150.00,100 גרם,false,,5.70,3.8000,true,1,7308
7290102393190,false,"יוגורט סימפלי פרוט בטעם פירות יער 3% מולר 150 מ""ל",מילקו תעשיות בעמ,IL,מולר סימפלי פרוט פיר,גרמים,150.00,100 גרם,false,,5.70,3.8000,true,1,7310
7290102393268,false,**טרה גבינה לבנה אריזת חיסכון 5% 750ג,הפריט בפיקוח,IL,טרה גבינה לבנה אריזת,גרמים,750.00,100 גרם,false,,14.90,1.9867,true,1,7311
7290102393299,false,יוגורט עיזים לשתייה 3% משק צוריאל 500 גרם,מיוצר עי קוד יצרן HG,IL,צוריאל יוגורט עיזים,מיליליטרים,500.00,"100 מ""ל",false,,14.20,2.8400,true,1,7312
7290102393947,false,סימפלי פרוט יוגורט בטעם קיווי 3% שומן 150 ג' מולר,מילקו תעשיות בעמ,IL,מולר סימפלי פרוט קיו,מיליליטרים,150.00,"100 מ""ל",false,,5.70,3.8000,true,1,7326
7290102394081,false,"יוגורט ביו קרמי מיקס קורנפלקס מצופה שוקולד מולר 170 מ""ל",מילקו תעשייה בעמ,IL,מולר מיקס קורנפקלס מ,גרמים,170.00,100 גרם,false,,6.20,3.6471,true,1,7332
7290102394463,false,נעם גבינה צהובה פרוסה ואקום 28% טרה 500 גרם,Unknown,IL,נעם גבינה צהובה וואק,גרמים,500.00,100 גרם,false,,29.90,5.9800,true,1,7344
7290102394821,false,נעם גבינה צהובה פרוסה 28% טרה 200 גרם,מילקו תעשיות בעמ,IL,נעם גבינה צהובה דק ד,גרמים,200.00,100 גרם,false,,17.50,8.7500,true,1,7350
7290102394845,false,נעם גבינה צהובה לייט פרוסה דק דק 9% טרה 200 גרם,מילקו תעשיות בעמ,IL,נעם גבינה צהובה דק ד,גרמים,200.00,100 גרם,false,,17.90,8.9500,true,1,7351
7290102395101,false,ממרח גבינה ושוקולד מוו טרה 200 גרם,מילקו תעשיות בעמ,IL,מוו ממרח גבינה ושוקו,גרמים,200.00,100 גרם,false,,12.60,6.3000,true,1,7358
7290102395217,false,מאגדת שמיניה מולר במתיקות מעודנת 1.2% 8*150 ג',מולר Muller,IL,מולר ביאנקו במתיקות,קילוגרמים,1.20,"ק""ג",false,,21.90,18.2500,true,1,7362
7290102395224,false,שמיניית יוגורט ביו ביאנקו 1.7% מולר 150 גרם,מולר Muller,IL,מולר נטורל 1.7% 8*15,קילוגרמים,1.20,"ק""ג",false,,18.90,15.7500,true,1,7363
7290102395231,false,שמיניית יוגורט ביו ביאנקו 2.8% מולר 150 גרם,מולר Muller,IL,מולר נטורל 2.8% 8*15,קילוגרמים,1.20,"ק""ג",false,,18.90,15.7500,true,1,7364
7290102395262,false,מארז 8 גביעים יוגורט בטעם תות שדה ואפרסק 3% Simply Fruit,מולר Muller,IL,מולר תות שדה ואפרסק,קילוגרמים,1.20,"ק""ג",false,,33.50,27.9167,true,1,7365
7290102395439,false,מארז 8 גביעים יוגורט בטעם פירות יער וקיווי 3% Simply Fruit,מילקו תעשיות בעמ,IL,מולר סימפלי פירות יע,קילוגרמים,1.20,"ק""ג",false,,33.50,27.9167,true,1,7372
7290102395446,false,מעדן חלב בטעם וניל עם קצפת 123 ג' טרה,Unknown,IL,מוו וניל קצפת 123מל,מיליליטרים,123.00,"100 מ""ל",false,,3.60,2.9268,true,1,7373
7290102395477,false,מעדן חלב בטעם שוקולד עם קצפת 123 ג' טרה,Unknown,IL,מוו שוקולד קצפת 123מ,מיליליטרים,123.00,"100 מ""ל",false,,3.60,2.9268,true,1,7376
7290102395521,false,"שמנת לבישול 15% שומן 500 מ""ל טרה",מילקו תעשיות בעמ,IL,טרה שמנת לבישול 15%+,מיליליטרים,500.00,"100 מ""ל",false,,17.50,3.5000,true,1,7377
7290102396399,false,שמיניית מעדן שוקולד מוו 1.5% טרה 100 גרם,Unknown,IL,מוו מעדן שוקולד 100*,גרמים,800.00,100 גרם,false,,14.50,1.8125,true,1,7412
7290102396405,false,שמיניית מעדן וניל מוו 1.5% טרה 100 גרם,Unknown,IL,מוו מעדן וניל 100*8,גרמים,800.00,100 גרם,false,,14.50,1.8125,true,1,7413
7290102396436,false,מעדן שוקולד מוו 1.5% טרה 125 גרם,מילקו תעשיות בעמ,IL,מוו מעדן שוקולד 1.5%,גרמים,125.00,100 גרם,false,,3.60,2.8800,true,1,7415
7290102396443,false,מעדן וניל מוו 1.5% טרה 125 גרם,מילקו תעשיות בעמ,IL,מוו מעדן וניל 1.5% 1,גרמים,125.00,100 גרם,false,,3.60,2.8800,true,1,7416
7290102396580,false,מעדן מוו שוקולד ומוס שוקולד טרה 118 גרם,טרה,IL,מוו מעדן שוקולד ומוס,גרמים,118.00,100 גרם,false,,3.60,3.0508,true,1,7424
7290102396665,false,נעם גבינה צהובה דק דק 15% טרה 200 גרם,מילקו תעשיות בעמ,IL,גבנ`צ דקדק פתח סגור,גרמים,200.00,100 גרם,false,,17.90,8.9500,true,1,7429
7290102396672,false,"גבנ""צ דק דק נעם פתיחה חוזרת 9% 360 גרם",מילקו תעשיות בעמ,IL,נעם צהובה דק דק 9% 3,גרמים,360.00,100 גרם,false,,30.50,8.4722,true,1,7430
7290102396719,false,יוגורט סימפלי תות 0% מולר 150 גרם,מולר Muller,IL,מולר סימפלי פרוט תות,גרמים,170.00,100 גרם,false,,5.70,3.3529,true,1,7433
7290102397204,false,"גבנ""צ דק דק נעם פתיחה חוזרת 22% 200 גרם",מילקו תעשיות בעמ,IL,נעם צהובה דק דק 22%,גרמים,200.00,100 גרם,false,,17.90,8.9500,true,1,7461
7290102397464,false,יוגורט ביו בתוספת גרעינים אגוזים וחמוציות 170 ג' מולר,מולר Muller,IL,מולר יוגורט נטורל +,גרמים,150.00,100 גרם,false,,6.20,4.1333,true,1,74546
7290102397600,false,מיקס יוגורט בתוספת שקדים ובוטנים מקורמלים 170 ג' מולר,מילקו תעשייה בעמ,IL,מולר מיקס שקדים ובוט,גרמים,168.00,100 גרם,false,,6.20,3.6905,true,1,7486
7290102397617,false,יוגורט ביו קרמי עם כדורים מצופים שוקולד חום לבן,מולר Muller,IL,מולר מיקס קליק 168 ג,גרמים,168.00,100 גרם,false,,6.20,3.6905,true,1,7487
7290102397730,false,פרוסות גבינה אמנטל חצי קשה 30% שומן 200 ג' נעם,Unknown,IL,גבינת אמנטל נעם פתיח,גרמים,200.00,100 גרם,false,,18.90,9.4500,true,1,81880
7290102397747,false,פרוסות גבינת מוצרלה נעם מחלב בקר 22%,טרה,IL,מוצרלה נעם רכיבים ט,גרמים,200.00,100 גרם,false,,20.90,10.4500,true,1,107325
7290102397891,false,גבינה מותכת משק צוריאל 100 גרם,משק צוריאל,IL,רביעייה גבינה מותכת,גרמים,100.00,100 גרם,false,,8.30,8.3000,true,1,74541
7290102398065,false,חלב טרה בקרטון 2 ליטר מהדרין 3% - מוצר בפיקוח,הפריט בפיקוח,IL,טרה חלב קרטון 3% מהד,יחידה,0.00,יחידה,false,,12.46,0.0000,true,1,89736
7290102398072,false,"חלב קרטון 3%-1 ליטר "" טרה"" -מוצר פיקוח",הפריט בפיקוח,IL,טרה חלב בקרטון 3% 1ל,ליטרים,1.00,ליטר,false,,6.23,6.2300,true,1,89730
7290102398331,false,חלב מועשר דל לקטוז 2% שומן טרה 1 ליטר,Unknown,IL,חלב מועשר 1 ליטר דל,ליטרים,1.00,ליטר,false,,8.50,8.5000,true,1,110479
7290102398560,false,שוקו טרה מועשר בבקבוק 1 ליטר,מילקו תעשיות בעמ,IL,שוקו טרה מועשר בבקבו,ליטרים,1.00,ליטר,false,,12.90,12.9000,true,1,126063
7290102398577,false,משקה חלב בטעם שוקו 2% בבקבוק אישי,מילקו תעשיות בעמ,IL,שוקו טרה מועשר בבקבו,מיליליטרים,250.00,"100 מ""ל",false,,6.10,2.4400,true,1,134554
7290102398614,false,משקה חלב בטעם בננה טרה 1 ליטר,מילקו תעשיות בעמ,IL,משקה חלב בטעם בננה 1,ליטרים,1.00,ליטר,false,,12.90,12.9000,true,1,126064
7290102398638,false,משקה חלב בטעם מוקה טרה 1 ליטר,מילקו תעשיות בעמ,IL,משקה חלב בטעם מוקה 1,ליטרים,1.00,ליטר,false,,12.90,12.9000,true,1,126065
7290102398669,false,משקה חלב אייס קפוצ'ינו טרה 1 ליטר,מילקו תעשיות בעמ,IL,אייס קפוצ'ינו מווו ט,ליטרים,1.00,ליטר,false,,12.90,12.9000,true,1,84991
7290102398799,false,משקה סויה במתיקות מופחתת משק צוריאל 1 ליטר,מחלבת משק צוריאל,IT,משקה סויה במתיקות מו,ליטרים,1.00,ליטר,false,,11.90,11.9000,true,1,33856
7290102398805,false,משקה סויה בטעם וניל משק צוריאל 1 ליטר,מחלבת משק צוריאל,IT,משקה סויה בטעם וניל,ליטרים,1.00,ליטר,false,,11.90,11.9000,true,1,34051
7290102399048,false,פרוסות גבינת קשקבל נעם 200 ג' טרה,מילקו,IL,קשקבל נעם פתיחה חוזר,גרמים,200.00,100 גרם,false,,26.10,13.0500,true,1,146133
7290102399505,false,קופון 50% הנחה מגוון,,,קופון 50% הנחה מגוון,יחידה,0.00,יחידה,false,,0.01,0.0000,true,1,141273
7290102399512,false,קופון 50% הנחה משק צ,,,קופון 50% הנחה משק צ,יחידה,0.00,יחידה,false,,0.01,0.0000,true,1,141274
7290102399543,false,קופון 50% הנחה גבינת,,,קופון 50% הנחה גבינת,יחידה,0.00,יחידה,false,,0.01,0.0000,true,1,141275
7290102399635,false,"מולר פרופ יוגורט ביו עם קציפת קוקוס ואננס 150 מ""ל",מולר Muller,IL,מעדן מולר פרופ קוקוס,גרמים,150.00,100 גרם,false,,5.70,3.8000,true,1,85815
7290102399772,false,מולר ספרדבל-ממרח חמאת מולר במליחות עדינה 250 גרם,G Weihenstephan Molkerei,DE,מולר ממרח חמאה במליח,גרמים,250.00,100 גרם,false,,19.50,7.8000,true,1,83122
7290102399796,false,מעדן יוגורט לבן מועשר בחלבון 200 ג' מולר אקטיב,מולר Muller,IL,יוגורט חלבון לבן 250,גרמים,200.00,100 גרם,false,,6.90,3.4500,true,1,78620
7290102399802,false,יוגורט עם תות מולר אקטיב מועשר בחלבון 200 גר',מולר Muller,IL,יוגורט חלבון תות 20,גרמים,200.00,100 גרם,false,,6.80,3.4000,true,1,78637
7290102399857,false,מולר אקטיב לייט 20 גרם חלבון 0% שומן עם תות 200 גרם,מולר Muller,IL,יוגורט מולר אקטיב לי,גרמים,150.00,100 גרם,false,,6.80,4.5333,true,1,92224
7290102441396,false,גביע קידוש+מלחיה כסף,,,גביע קידוש+מלחיה כסף,יחידה,0.00,יחידה,false,,29.90,0.0000,true,1,129931
7290103124601,false,"תחליב רחצה נוזל חלב ודבש משאבה 750מ""ל פלמוליב",הנסיך- מפעל לייצור ט,TR,תחליב רחצה חלב ודבש,מיליליטרים,750.00,"100 מ""ל",false,,21.90,2.9200,true,1,23628
7290103128739,false,מקלוני כותנה לתינוק בלונס 50 יחידות,הנסיך- מפעל לייצור ט,GR,בלונס צימרוני אוזניי,יחידה,0.00,יחידה,false,,7.90,0.0000,true,1,23640
7290103400194,false,"כרוב לבן 400 גר בד""צ ירקות שטראוס",שטראוס בריאות ירקות טריי,IL,כרוב לבן 400 ג בדצ י,גרמים,400.00,100 גרם,false,,12.00,3.0000,true,1,24910
7290103400231,false,"גזר מגורד שטראוס 400 גרם בד""צ",שטראוס בריאות ירקות טריי,IL,גזר גוליאן בדצ 400גר,גרמים,400.00,100 גרם,false,,12.00,3.0000,true,1,24911
7290103401429,false,קפה קצב ברזילאי אוריגינס 200 גר,הנסיך- מפעל לייצור ט,IL,קפה אוריגינס קצב ברז,גרמים,200.00,100 גרם,false,,29.90,14.9500,true,1,24234
7290103404758,false,סלט כרוב אדום במיונז אחלה 120 גרם,מיוצר עי קונדיטוריית,IL,אחלה כרוב אדום 120ג,גרמים,120.00,100 גרם,false,,5.90,4.9167,true,1,24915
7290103408206,false,עלי חסה ערבית שטופים שטראוס 250 גרם,שטראוס בריאות ירקות טריי,IL,עלי חסה ערבית שטופים,גרמים,250.00,100 גרם,false,,12.50,5.0000,true,1,24919
7290103700386,false,טאצ כריות יפניות מארז שישיה,"שניב תעשיות נייר בע""",IL,טאצ' כריות יפניות 6י,יחידה,0.00,יחידה,false,,10.90,0.0000,true,1,25758
7290103700997,false,נייר טואלט לובלי 40 גלילים,,IL,לאבלי נייר טואלט 40,מטרים,716.00,מטר,false,,43.90,0.0613,true,1,25763
7290103701017,false,נייר אפייה נשלף טאצ 50 יחידות כשלפ,"שניב תעשיות נייר בע""",IL,טאצ' נייר אפייה נשלף,יחידה,0.00,יחידה,false,,10.90,0.0000,true,1,25764
7290103701093,false,טאצ' מטליות מיקרופייבר לרצפה 2 יח',"שניב תעשיות נייר בע""",IL,טאצ מטליות מקרופייבר,יחידה,0.00,יחידה,false,,14.90,0.0000,true,1,25767
7290103701130,false,טאצ' מטליות מיקרופייבר לניקוי כללי 7 יח',שניב,IL,טאצ מטליות מקרופייבר,יחידה,0.00,יחידה,false,,14.90,0.0000,true,1,25768
7290103702229,false,טאצ מפות שולחן שמינייה עבות במיוחד,"שניב תעשיות נייר בע""",,טאצ מפות עבות במיוחד,יחידה,0.00,יחידה,false,,9.80,0.0000,true,1,25777
7290103702298,false,טאצ' אשפתון עבה בגליל 77*90 50 יח',"שניב תעשיות נייר בע""",,טאצ אשפתון בגליל 50,יחידה,0.00,יחידה,false,,16.90,0.0000,true,1,25783
7290103702304,false,טאצ אשפתון עבה במיוחד 35 יחידות,"שניב תעשיות נייר בע""",,טאצ אשפתון בגליל 35,יחידה,0.00,יחידה,false,,16.90,0.0000,true,1,25784
7290103702540,false,נייר טואלט מהדרות כדור פורח 30 גלילים טאצ',טאץ' Touch,IL,נייר טואלט 30 יח' מ,יחידה,0.00,יחידה,false,,24.90,0.0000,true,1,69049
7290103702779,false,מפיות שולחן איכותיות 150 יח',שניב,IL,מפיות אירוח טאצ` 15,יחידה,0.00,יחידה,false,,9.90,0.0000,true,1,25794
7290103703219,false,דלי מטליות לחות לניקוי כללי בניחוח לימון טאצ',,,טאצ' מטליות לחות לני,יחידה,0.00,יחידה,false,,20.90,0.0000,true,1,113313
7290103703226,false,טאצ מטליות לחות לניקוי כללי,,IL,טאצ' מטליות לחות לני,יח',50.00,יח',false,,8.90,0.1780,true,1,128239
7290103703370,false,טאצ מגבוני טואלט לחים מארז שלישייה,,IL,טאצ' מגבוני נייר טוא,יח',3.00,יח',false,,15.90,5.3000,true,1,127813
7290103703578,false,נייר טואלט לאבלי תלת שכב,שניב,IL,לובלי נייר טואלט תלת,יחידה,0.00,יחידה,false,,42.90,0.0000,true,1,135049
7290103704162,false,נייר טואלט טאצ' 32 גלילים מהדורה 2021,"שניב תעשיות נייר בע""",IL,נייר טואלט טאצ' 32 ג,יח',0.00,יח',false,,32.90,0.0000,true,1,147041
7290103704179,false,מגבת נייר למטבח טאצ' 8 יח',,,מגבות נייר 8 גלילים,מטרים,83.00,מטר,false,,14.90,0.1795,true,1,168320
7290103704575,false,נייר טואלט טאצ' פרימיום 48 גלילים,,,נייר טואלט טאצ' 48 י,יחידה,0.00,יחידה,false,,41.90,0.0000,true,1,145512
7290103704766,false,נייר טואלט 24 גליל כפול מהדורת פרח סגול,"שניב תעשיות נייר בע""\מ",IL,נייר טואלט 24 גליל,יחידה,0.00,יחידה,false,,43.90,0.0000,true,1,284455
7290103746001,false,ממחטות טאצ' 5*100 צץ רץ (19*195),"שניב תעשיות נייר בע""",IL,ממחטות טאצ' חמישייה,יחידה,0.00,יחידה,false,,12.90,0.0000,true,1,25804
7290104061417,false,סלט חומוס עם טחינה אחלה 400 גרם,"שטראוס גרופ בע""\מ",IL,אחלה חומוס טחינה 400,גרמים,400.00,100 גרם,false,,11.90,2.9750,true,1,24922
7290104061424,false,סלט חומוס עם זעתר אחלה 400 גרם,מיוצר עי קונדיטוריית,IL,אחלה חומוס זעתר 400,גרמים,400.00,100 גרם,false,,11.90,2.9750,true,1,24923
7290104061431,false,סלט חומוס עם צנובר אחלה 400 גרם,"שטראוס גרופ בע""\מ",IL,אחלה חומוס צנובר 400,גרמים,400.00,100 גרם,false,,11.90,2.9750,true,1,24924
7290104061448,false,סלט חומוס עם חריף אחלה 400 גרם,מיוצר עי קונדיטוריית,IL,אחלה חומוס חריף 400ג,גרמים,400.00,100 גרם,false,,11.90,2.9750,true,1,24925
7290104062599,false,מארז 8 יחידות מעדן גמדים בטעמי תות ובננה,"שטראוס בריאות בע""\מ",IL,גמדים תות בננה 8*100,מיליליטרים,800.00,"100 מ""ל",false,,19.80,2.4750,true,1,24926
7290104065187,false,אבקה להכנת משקה קפה בטעם מוקה,STRAUSS-ISRAEL,IL,קפה נמס עלית בטעם מו,גרמים,200.00,100 גרם,false,,30.90,15.4500,true,1,24265
7290104065934,false,עלי רוקט שטראוס 150 גרם,שטראוס בריאות ירקות טריי,IL,שטראוס עלי רוקט 150ג,גרמים,150.00,100 גרם,false,,11.50,7.6667,true,1,24928
7290104066566,false,טחינה משומשום מלא אח,מיוצר עי קונדיטוריית,IL,אחלה טחינה 500ג,גרמים,500.00,100 גרם,false,,16.60,3.3200,true,1,24931
7290104067693,false,אחלה חומוס עם חריף 150 גרם,מיוצר עי קונדיטוריית,IL,אחלה חומוס עם חריף 1,גרמים,150.00,100 גרם,false,,5.90,3.9333,true,1,24934
7290104068539,false,מאסט פליפטופ מלון ואבטיח ללא גרעינים,"שטראוס גרופ בע""מ",IL,מאסט מלון ואבטיח 28ג,גרמים,28.00,100 גרם,false,,5.20,18.5714,true,1,24272
7290104068546,false,גומי מאסט בטעם לימון קולה ללא סוכר 28 ג' עלית,"שטראוס גרופ בע""מ",IL,מאסט קולה 28 גרם,גרמים,28.00,100 גרם,false,,5.20,18.5714,true,1,24273
7290104501661,false,אינסטנט פודינג בטעם וניל צרפתי אסם 80 גרם,מיוצר עי קונדיטוריית,IL,אסם פודינג בטעם וניל,גרמים,80.00,100 גרם,false,,6.50,8.1250,true,1,21485
7290104501784,false,מיני מאפינס שוקו צ'יפס חמישיה,תבואות בר,IL,בונז'ור מיני מאפינס,גרמים,200.00,100 גרם,false,,9.90,4.9500,true,1,120439
7290104501807,false,מיני מאפינס שוקו חמישיה,בונז'ור- תבואות בר,IL,בונז'ור מיני מאפינס,גרמים,200.00,100 גרם,false,,9.90,4.9500,true,1,120440
7290104508189,false,גביעי וופל ממותקים לגלידה 24 יח',בטר אנד דיפרנט,IL,גביעי גלידה ממותקים,0 יח',24.00,0 יח',false,,13.90,0.5792,true,1,68383
7290104508943,false,במבה חטיף בוטנים אסם 200 גרם,"אסם השקעות בע""\מ",IL,במבה קלאסי 18*200 גר,גרמים,200.00,100 גרם,false,,9.50,4.7500,true,1,21503
7290104509353,false,בונז'ור עוגת בריוש פרג 550 ג',בונז'ור,IL,עוגת בריוש פרג 550 ג,גרמים,550.00,100 גרם,false,,29.90,5.4364,true,1,120445
7290104570131,false,תמר מג'הול ששון ושות,אושן ספריי,IL,"תמר מג'הול 1 ק""ג",קילוגרמים,1.00,"ק""ג",false,,18.90,18.9000,true,1,60691
7290104570162,false,תמרים כבושים 500גרם בית שאן,תמר העמקים בית שאן,IL,תמר כבוש 500 גרם,גרמים,500.00,100 גרם,false,,12.90,2.5800,true,1,56005
7290104721762,false,מארז שלשות קפה טורקי עלית 85 ג',שטראוס גרופ,IL,טורקי עלית 3*85 גר'.,גרמים,255.00,100 גרם,false,,19.90,7.8039,true,1,24277
7290104722530,false,תפוצ'יפס בטעם שמנת בצל עלית 200 גרם,"שטראוס פריטו ליי בע""\מ )",IL,תפוציפס שמנת בצל 200,גרמים,200.00,100 גרם,false,,11.90,5.9500,true,1,25436
7290104726262,false,רביעייה מעדן דני שוקולד דיסני לבנים 125 גרם,מיוצר עי קונדיטוריית,IL,דני שוקולד לשתייה מא,מיליליטרים,500.00,"100 מ""ל",false,,12.50,2.5000,true,1,24950
7290104726712,false,מארז 8 יחידות מעדן מילקי בטעם שוקולד עם קצפת,"שטראוס גרופ בע""\מ",IL,מילקי שמינייה מארז 8,קילוגרמים,1.06,"ק""ג",false,,22.90,21.6038,true,1,24952
7290104728310,false,"שמנת מתוקה עמידה 38% שומן ""יטבתה"" -מוצר בפיקוח",שטראוס גרופ,IL,יטבתה שמנת עמידה לקצ,מיליליטרים,250.00,"100 מ""ל",false,,6.47,2.5880,true,1,24957
7290104960239,false,"תחליב רחצה נקה 7 ארומה לבן 750 מ""ל",טרופיקל דגיל תעשיות קוסמ,IL,תחליב רחצה קמומיל נק,מיליליטרים,750.00,"100 מ""ל",false,,12.90,1.7200,true,1,32804
7290104960246,false,"נקה 7 - תחליב רחצה ורד ויסמין 750 מ""ל",טרופיקל דגיל תעשיות קוסמ,IL,תחליב רחצה ורד ויסמי,מיליליטרים,750.00,"100 מ""ל",false,,12.90,1.7200,true,1,32805
7290104960970,false,דאודורנט ספריי טיטניום מטאל Titanium Metal,אמיליה קוסמטיקס בעמ,IL,דאו' ספריי מטאל טיטנ,מיליליטרים,180.00,"100 מ""ל",false,,17.90,9.9444,true,1,32816
7290104961878,false,"שמפו לשיער קרטין אינטנס פורמולה 400 מ""ל נטורל",נטורל פורמולה Natural Formula,IL,קרטין אינטנס שמפו נט,מיליליטרים,400.00,"100 מ""ל",false,,31.90,7.9750,true,1,32834
7290104963216,false,סופטקר - אל סבון עדין לתינוק לעור רגיש 1 ליטר,קוסמופארם בע'\'\מ,IL,סופטקר אלסבון עדין ל,יחידה,0.00,יחידה,false,,19.90,0.0000,true,1,32875
7290104964152,false,"טיטניום - אוורסט בושם לגבר א.ד.ט 100 מ""ל",קרליין בישום כל,IL,טיטניום לגבר א.ד.ט 1,יחידה,0.00,יחידה,false,,84.90,0.0000,true,1,371343
7290104964664,false,"סקינגארד - ספריי שקוף בניחוח קוקוס ליים 200 מ""ל SPF30",אמיליה קוסמטיקס בעמ,IL,סקינגארד ספריי ניחוח,מיליליטרים,200.00,"100 מ""ל",false,,39.90,19.9500,true,1,139536
7290105181398,false,כפפות ויניל 150 יח',,,כפפות ויניל 150 יח',יח',150.00,יח',false,,22.90,0.1527,true,1,140243
7290105360250,false,קפסולות 09 עשיר וארומטי למכונת נספרסו עלית 10יח',הנסיך- מפעל לייצור ט,IL,עלית קפסולות מקיאטו,גרמים,50.00,100 גרם,false,,18.90,37.8000,true,1,24298
7290105360328,false,קפסולות אספרסו חזק למכונות נספרסו 10 יח',הנסיך- מפעל לייצור ט,IL,עלית קפסולות אספרסו,גרמים,50.00,100 גרם,false,,18.90,37.8000,true,1,24299
7290105360755,false,"שמן זית 3 חזק 750 מ""ל יד מרדכי",מכוורת יד מרדכי שטראוס ב,IL,שמן זית 3 חזק כתית י,מיליליטרים,750.00,"100 מ""ל",false,,38.90,5.1867,true,1,24303
7290105360762,false,"שמן זית 1 עדין 750 מ""ל יד מרדכי",מכוורת יד מרדכי שטראוס ב,IL,שמן זית 1 עדין כתית,מיליליטרים,750.00,"100 מ""ל",false,,38.90,5.1867,true,1,24304
7290105360878,false,תפוציפס טבעי 50 גרם מארז רביעייה,"שטראוס פריטו ליי בע""\מ )",IL,תפוציפס מארז 4*50ג,גרמים,200.00,100 גרם,false,,14.10,7.0500,true,1,25450
7290105362339,false,"שמנת לבישול 15% 250 מ""ל יטבתה מהדרין",שטראוס גרופ,IL,יטבתה שמנת לבישול 15,מיליליטרים,250.00,"100 מ""ל",false,,9.40,3.7600,true,1,24962
7290105363602,false,מקלות כיף כף קלאסי עלית 40 גרם,שולן צ'\יקולטה גידה סאן.,TR,כיף כף מקלות קלאסי 4,גרמים,40.00,100 גרם,false,,6.20,15.5000,true,1,24313
7290105364289,false,מקלות כיף כף פצפוצים עלית 40 גרם,שולן צ'\יקולטה גידה סאן.,TR,כיף כף מקלות פצפוצים,גרמים,40.00,100 גרם,false,,6.20,15.5000,true,1,24315
7290105364302,false,"עלית חטיף שוקולד כיף כף מקלות אגוזים, 40 גרם",שולן צ'\יקולטה גידה סאן.,TR,כיף כף מקלות אגוזים,גרמים,42.00,100 גרם,false,,6.20,14.7619,true,1,24316
7290105366023,false,סלט חצילים בטעם כבד אחלה 400 גרם,מיוצר עי קונדיטוריית,IL,אחלה חציל בטעם כבד 4,גרמים,400.00,100 גרם,false,,17.90,4.4750,true,1,24965
7290105366047,false,טחינה לבנה אחלה 400 גרם,מיוצר עי קונדיטוריית,IL,אחלה טחינה לבנה 400ג,גרמים,400.00,100 גרם,false,,17.90,4.4750,true,1,24967
7290105368904,false,"שמנת מתוקה להקצפה 32% שומן 250 מ""ל יוטבתה",שטראוס גרופ,IL,יטבתה שמנת עמידה לקצ,מיליליטרים,250.00,"100 מ""ל",false,,8.30,3.3200,true,1,24995
7290105368928,false,"שמנת 9% שומן 200 מ""ל יוטבתה",שטראוס גרופ,IL,יטבתה שמנת 9% 200מל,מיליליטרים,200.00,"100 מ""ל",false,,3.70,1.8500,true,1,24996
7290105369130,false,סימפוניה גבינת שמנת בצל ירוק 5% שטראוס 200 גרם,"שטראוס בריאות בע""\מ",IL,סימפוניה שטראוס בצל,גרמים,200.00,100 גרם,false,,12.90,6.4500,true,1,24999
7290105434050,false,ספיד סטיק - דאודורנט סטיק לגבר XL ירוק רגיולר 85 גרם,קולגייט פלמוליב,US,דאו' ירוק רגיולר ספי,גרמים,85.00,100 גרם,false,,15.90,18.7059,true,1,23679
7290105439581,false,מנה מאסטר שף חרדל דיזיון צרפתי 370 גר,רמיה סי.וי.הולנד,FR,מאסטר שף מאסטר שף חר,מיליליטרים,370.00,"100 מ""ל",false,,13.90,3.7568,true,1,23695
7290105439598,false,מנה מאסטר שף חרדל דיזיון גרגרים 370 גר,סאס קווינור צרפת,FR,מאסטר שף חרדל דיז'ון,מיליליטרים,370.00,"100 מ""ל",false,,13.90,3.7568,true,1,23696
7290105500236,false,וויסקי ג'ק דניאלס מס' 7 Brand No,ג'ק דניאלס Jack Daniel's,US,גק דניאלס וויסקי 700,מיליליטרים,700.00,"100 מ""ל",false,,120.90,17.2714,true,1,67691
7290105691224,false,אסם חטיפי פריכונים טורטייה שום בצל 60 גרם,"פרח תעשיות מזון בע""מ.",IL,חטיפי פריכונים טורטי,גרמים,60.00,100 גרם,false,,8.10,13.5000,true,1,21525
7290105691897,false,קוסקוס עם חיטה מלאה אסם 350 גרם,"מיוצר ע""י קוד יצרן K",IL,קוסקוס עם חיטה מלאה,גרמים,350.00,100 גרם,false,,9.90,2.8286,true,1,119528
7290105691934,false,קמח שמרים אסם 1 קילו,תאי פרזידנט פוד פאבל,IL,"קמח שמרים אסם 1 ק""ג",קילוגרמים,1.00,"ק""ג",false,,10.90,10.9000,true,1,21534
7290105693341,false,מארז עשיריית במבה אסם 25*10 גרם,"אסם השקעות בע""\מ",IL,במבה מאח.15 10*25גרם,גרמים,250.00,100 גרם,false,,17.90,7.1600,true,1,21543
7290105693457,false,עוגת הבית דמקה שוקו וניל אסם 320 גרם,מיוצר עי קונדיטוריית,IL,עוגת הבית דמקה שוקו,גרמים,320.00,100 גרם,false,,14.90,4.6563,true,1,21544
7290105695024,false,פתיתים אפויים אורז עם אטריות אסם 500 גרם,"אסם השקעות בע""\מ",IL,פתיתים אפויים אורז ע,גרמים,500.00,100 גרם,false,,7.90,1.5800,true,1,21554
7290105695321,false,עוגת הבית בראוניס פאדג' אסם 380 גרם,מיוצר עי קונדיטוריית,IL,הבית עוגות בראוניס פ,גרמים,380.00,100 גרם,false,,19.50,5.1316,true,1,21557
7290105959201,false,כיסוי חלה 43*55,,,כיסוי חלה 43*55,יחידה,0.00,יחידה,false,,24.90,0.0000,true,1,140064
7290105962331,false,סחוג תימני אדום חריף מאוד זהבי הכרם 220 גרם,קריניסה ויטמין אס אי,IL,סחוג חריף מאוד זהבי,גרמים,220.00,100 גרם,false,,12.40,5.6364,true,1,25001
7290105964564,false,סלט חומוס אחלה 400גר,מיוצר עי קונדיטוריית,IL,אחלה חומוס אחלה 400ג,גרמים,400.00,100 גרם,false,,10.20,2.5500,true,1,25006
7290105965738,false,יוגורט לשתיה בטעם תות בננה267 ג' דנונה,מיוצר עי קונדיטוריית,IL,דנונה משקה תות בננה,גרמים,267.00,100 גרם,false,,5.50,2.0599,true,1,25014
7290105966469,false,"חומץ בלסמי ממודנה יד מרדכי 250 מ""ל",אצטייה ג'וזפה קרמוני,IT,חומץ בלסמי יד מרדכי,גרמים,250.00,100 גרם,false,,16.90,6.7600,true,1,24354
7290105968098,false,"סלט קולסלאו 500 גרם ""אחלה""",שטראוס גרופ סלטים,IL,אחלה קולסלאו 500ג,גרמים,500.00,100 גרם,false,,17.90,3.5800,true,1,25026
7290105968654,false,רביולי בטטה פרווה פסטה נונה 400 ג',מיוצר עי קונדיטוריית,IL,שטראוס רביולי בטטה 4,גרמים,400.00,100 גרם,false,,21.70,5.4250,true,1,25027
7290105987037,false,סט קולבים 6 יחידות,,,סט קולבים 6 יחידות,יחידה,0.00,יחידה,false,,12.90,0.0000,true,1,93161
7290106356740,false,בוקסר לגבר,,,בוקסר לגבר,יחידה,0.00,יחידה,false,,11.90,0.0000,true,1,138998
7290106391482,false,קוברה מיחם 80 כוסות,,,קוברה מיחם 80 כוסות,יחידה,0.00,יחידה,false,,299.00,0.0000,true,1,138745
7290106391499,false,קוברה מיחם 100 כוסות,,,קוברה מיחם 100 כוסות,יחידה,0.00,יחידה,false,,369.00,0.0000,true,1,138746
7290106391581,false,מפה גומי אדום לשולחן,,,מפה גומי אדום לשולחן,יחידה,0.00,יחידה,false,,19.90,0.0000,true,1,129932
7290106392458,false,מערבל יד W150,,,מערבל יד W150,יחידה,0.00,יחידה,false,,59.90,0.0000,true,1,130088
7290106399006,false,קוברה קומקום חשמלי 1,,,קוברה קומקום חשמלי 1,יחידה,0.00,יחידה,false,,76.00,0.0000,true,1,134773
7290106520066,false,"רבע לשבע שוקולד חלב במילוי אגוזים עלית 160 גרם בד""צ","הגביע מוצרי וופלים בע""\מ",IL,רבע לשבע 160 גרם,גרמים,160.00,100 גרם,false,,12.90,8.0625,true,1,24363
7290106520288,false,יוגורט פרו חלבון עם תות 2.4% שומן 150 ג' דנונה,"שטראוס בריאות בע""מ",IL,דנונה פרו תות 150 גר,גרמים,150.00,100 גרם,false,,4.90,3.2667,true,1,25029
7290106520912,false,"שמנת 9% לבישול יטבתה 250 מ""ל מהדרין",שטראוס גרופ,IL,יטבתה שמנת לבישול 9%,מיליליטרים,250.00,"100 מ""ל",false,,9.40,3.7600,true,1,25039
7290106521049,false,אחלה טעמי השוק קוביות סלק 400 גר,מיוצר עי קונדיטוריית,IL,אחלה קוביות סלק 400,גרמים,400.00,100 גרם,false,,17.90,4.4750,true,1,25041
7290106521926,false,קפה טורקי בצלופן עלית 150 גרם,שטראוס קפה בי.ויn\.,IL,קפה טורקי עלית 150 ג,גרמים,150.00,100 גרם,false,,13.90,9.2667,true,1,89559
7290106524439,false,"תפוצ'יפס פופס 60 גרם ""עלית""","שטראוס פריטו ליי בע""\מ )",IL,תפוציפס פופס 60 גרם,גרמים,60.00,100 גרם,false,,4.50,7.5000,true,1,110774
7290106528567,false,"דוריטוס גריל 185 גרם ""עלית""","שטראוס פריטו ליי בע""\מ )",IL,דוריטוס גריל 185 גר`,גרמים,185.00,100 גרם,false,,9.30,5.0270,true,1,25480
7290106528628,false,"דוריטוס טבעי 185 גרם ""עלית""","שטראוס פריטו ליי בע""\מ )",IL,דוריטוס טבעי 185 גר`,גרמים,185.00,100 גרם,false,,9.30,5.0270,true,1,25481
7290106528949,false,לקט ערוגות 450 גרם שטראוס,שטראוס בריאות ירקות טריי,IL,לקט ערוגות,גרמים,450.00,100 גרם,false,,14.60,3.2444,true,1,25067
7290106571921,false,עוגיות פיטנס עוגיות חמוציות 180 גר',מיוצר עי קונדיטוריית,IL,פיטנס עוגיות חמוציות,גרמים,180.00,100 גרם,false,,12.70,7.0556,true,1,119535
7290106572027,false,אוסם - לחמית חמישה דגנים 190 גרם,"אסם השקעות בע""\מ",IL,לחמית חמישה דגנים אס,גרמים,190.00,100 גרם,false,,9.90,5.2105,true,1,21574
7290106572065,false,חטיפי פריכונים טורטיה חמוץ מתוק 60 גרם,"פרח תעשיות מזון בע""מ",IL,טורטיה בטעם תירס חמו,גרמים,60.00,100 גרם,false,,8.10,13.5000,true,1,21575
7290106572959,false,מארז אפרופו חטיף תירס 5 יחידות,"אסם השקעות בע""\מ",IL,אפרופו קלאסי מאח.8 5,גרמים,75.00,100 גרם,false,,13.90,18.5333,true,1,21582
7290106573598,false,צבר חומוס לבנוני 400 גרם,סלטי צבר,IL,צבר חומוס לבנוני 400,גרמים,400.00,100 גרם,false,,12.90,3.2250,true,1,22240
7290106574793,false,עוגת הבית בטעם שוקו-שוקוצ'יפס 350 ג' אסם,מיוצר עי קונדיטוריית,IL,עוגת הבית שוקו שוקוצ,גרמים,350.00,100 גרם,false,,14.90,4.2571,true,1,21608
7290106574953,false,בייגלה שטוחים כעכים שטוחים עם שומשום,מיוצר עי קונדיטוריית,IL,אסם בייגלה שטוחים שו,גרמים,300.00,100 גרם,false,,11.90,3.9667,true,1,21609
7290106574977,false,בייגלה שטוחים כעכים שטוחים עם מלח,מיוצר עי קונדיטוריית,IL,אסם בייגלה שטוחים עם,גרמים,300.00,100 גרם,false,,11.90,3.9667,true,1,21610
7290106575257,false,עוגת הבית סופלה בטעם שוקולד 340 ג' אסם,מיוצר עי קונדיטוריית,IL,עוגת הבית סופלה בטעם,גרמים,340.00,100 גרם,false,,14.90,4.3824,true,1,68424
7290106575431,false,עוגת הבית סופלה בטעם שוקוניל 340 ג' אסם,מיוצר עי קונדיטוריית,IL,עוגת הבית סופלה בטעם,גרמים,340.00,100 גרם,false,,14.90,4.3824,true,1,21618
7290106576513,false,סלט חומוס צבר 400 גר,סלטי צבר,IL,צבר חומוס 400 גרם,גרמים,400.00,100 גרם,false,,10.90,2.7250,true,1,22246
7290106576537,false,חומוס מסעדות צבר 700 גרם,סלטי צבר,IL,צבר חומוס מסעדה 700,גרמים,700.00,100 גרם,false,,12.90,1.8429,true,1,22247
7290106576797,false,"לה קרמריה גלידת וניל איטלקי כשל""פ 1.4ל'",תות תעשיות מזון (201,IL,לה קרמריה וניל איטלק,ליטרים,1.40,ליטר,false,,25.90,18.5000,true,1,17035
7290106576810,false,גלידה לה קרמריה ריבת חלב 1.4 ל' נסטלה,לה קרמריה- נסטלה,IL,לה קרמריה ריבת חלב 1,ליטרים,1.40,ליטר,false,,25.90,18.5000,true,1,17036
7290106576834,false,גלידה לה קרמריה פונטש בננה1.4 ל' נסטלה,תות תעשיות מזון (201,IL,גלידה קרמריה פונטש ב,ליטרים,1.40,ליטר,false,,25.90,18.5000,true,1,17037
7290106576858,false,גלידה לה קרמריה תותים בשמנת 1.4 ל' נסטלה,גלידות נסטלה )נגה גלידות,IL,גלידה קרמריה תותים ב,ליטרים,1.40,ליטר,false,,25.90,18.5000,true,1,17038
7290106576919,false,גלידה קרמריה סורבה תות לימון 1.4 ליטר,גלידות נסטלה )נגה גלידות,IL,גלידה קרמריה סורבה ת,ליטרים,1.40,ליטר,false,,25.90,18.5000,true,1,17040
7290106576957,false,"לה קרמריה גלידת שוקו וניל פליק פרווה כשל""פ 1.4",תות תעשיות מזון (201,IL,גלידה קרמריה פרווה ש,ליטרים,1.40,ליטר,false,,25.90,18.5000,true,1,17042
7290106576971,false,גלידה לה קרמריה שוקולד בלגי 1.4 ל' נסטלה,תות תעשיות מזון (201,IL,לה קרמריה שוקולד בלג,ליטרים,1.40,ליטר,false,,25.90,18.5000,true,1,17043
7290106576995,false,גלידה סורבה לה קרמריה תות מנגו לייט 1.4 ל' נסטלה,גלידות נסטלה )נגה גלידות,IL,לה קרמריה לייט סורבה,ליטרים,1.40,ליטר,false,,25.90,18.5000,true,1,17044
7290106577039,false,גלידה לה קרמריה שוקו וניל פליק 1.4 ל' נסטלה,תות תעשיות מזון (201,IL,לה קרמריה שוקו וניל,ליטרים,1.40,ליטר,false,,25.90,18.5000,true,1,17045
7290106577282,false,טחינה אמיתית מרובע 400 ג' צבר,סלטי צבר,IL,צבר מרובע טחינה 400ג,גרמים,400.00,100 גרם,false,,14.90,3.7250,true,1,22248
7290106577527,false,סלט קולסלאו כרוב לבן וגזר 400 ג' צבר,סלטי צבר,IL,צבר מרובע קולסלו 400,גרמים,400.00,100 גרם,false,,14.90,3.7250,true,1,22253
7290106577541,false,כרוב אדום מרובע 400 ג' צבר,סלטי צבר,IL,צבר מרובע כרוב אדום,גרמים,400.00,100 גרם,false,,13.50,3.3750,true,1,22254
7290106578692,false,ביסלי במבה מיקס מהדורת אליפות אסם 80 גרם,פרו מן יו פתרונות אר,IL,במבה ביסלי מיקס 36*8,גרמים,80.00,100 גרם,false,,4.90,6.1250,true,1,21637
7290106578821,false,עוגת הבית שמרים קלאסית שוקולד אסם 350 גרם,מיוצר עי קונדיטוריית,IL,עוגת הבית שמרים קלאס,גרמים,350.00,100 גרם,false,,19.50,5.5714,true,1,21640
7290106637986,false,18 סיר נירוסטה מס,,,18 סיר נירוסטה מס,יחידה,0.00,יחידה,false,,39.90,0.0000,true,1,92238
7290106652996,false,מקלות כיף כף קוקוס עלית 40 גרם,סולן בעבור שטראוס,TR,כיף כף מקלות קוקוס 4,גרמים,40.00,100 גרם,false,,6.20,15.5000,true,1,344815
7290106653689,false,לקט לסלט אסייתי שטראוס 350 גרם,שטראוס בריאות ירקות טריי,IL,לקט לסלט אסייתי שטרא,גרמים,350.00,100 גרם,false,,11.50,3.2857,true,1,61819
7290106654099,false,מילקי CAKE עוגות אישיות במילוי קרם חלב,בובארד איטליה אס.פי.איי,IT,עוגות אישיות מילקי ק,גרמים,272.00,100 גרם,false,,21.70,7.9779,true,1,120029
7290106654099,false,מילקי CAKE עוגות אישיות במילוי קרם חלב,בובארד איטליה אס.פי.איי,IT,עוגות אישיות מילקי ק,גרמים,272.00,100 גרם,false,,21.70,7.9779,true,1,120029
7290106658479,false,עלית וופל בטעם טורטית אגוזים 40ג,"שטראוס גרופ בע""\מ",IL,עלית וופל בטעם טורטי,גרמים,40.00,100 גרם,false,,4.90,12.2500,true,1,24446
7290106663503,false,קונפיטורה לייט תות יד מרדכי 230 גרם,אף.סי תבליני בגליל ב,IL,קונפיטורת לייט תות 2,גרמים,230.00,100 גרם,false,,14.90,6.4783,true,1,24485
7290106663558,false,"רוטב טריאקי ורימון יד מרדכי 280מ""ל",אף.סי תבליני בגליל ב,IL,יד מרדכי רוטב טריאקי,מיליליטרים,280.00,"100 מ""ל",false,,14.90,5.3214,true,1,24490
7290106664067,false,לאבנה עם שמן זית וזעתר 10% שטראוס 400 ג',הדקלאים אגודת שיתופי,IL,שטראוס לאבנה שמן זית,גרמים,400.00,100 גרם,false,,16.60,4.1500,true,1,25118
7290106664555,false,"רוטב שמנת עם עגבניות 9% שומן 250 מ""ל יוטבתה",שטראוס גרופ,IL,יטבתה רוטב שמנת עם ע,מיליליטרים,250.00,"100 מ""ל",false,,11.50,4.6000,true,1,25120
7290106667266,false,"דוריטוס חמוץ חריף 185 גרם ""עלית""","שטראוס פריטו ליי בע""\מ )",IL,דוריטוס חמוץ חריף 18,גרמים,185.00,100 גרם,false,,9.30,5.0270,true,1,25556
7290106668577,false,"מיץ לימון טיבעי 250 מ""ל יד מרדכי",האי נאם סי או אל.טי.,IT,מיץ לימון טבעי יד מר,מיליליטרים,250.00,"100 מ""ל",false,,8.90,3.5600,true,1,24517
7290106668713,false,יוגורט עם פירות יער 3% שומן 150 ג' דנונה,מיוצר עי קונדיטוריית,IL,דנונה פירות יער3% 15,מיליליטרים,150.00,"100 מ""ל",false,,4.10,2.7333,true,1,25130
7290106669857,false,קפסולות אספרסו בטעם וניל עלית 10 יחידות,הנסיך- מפעל לייצור ט,IL,עלית קפסולות בטעם ונ,גרמים,50.00,100 גרם,false,,18.90,37.8000,true,1,63236
7290106720626,false,צ'יטוס קראנצ' בטעם גבינה - חלבי,"שטראוס פריטו ליי בע""\מ )",IL,ציטוס גבינה 80 גרם,גרמים,80.00,100 גרם,false,,5.50,6.8750,true,1,77090
7290106721913,false,מסטיק מאסט MUST ללא סוכר בטעם מנטה מרעננת,"שטראוס גרופ בע""מ",IL,מאסט צנצנת ריח פה צ',גרמים,66.00,100 גרם,false,,12.90,19.5455,true,1,24552
7290106721920,false,צנצנת מסטיק מאסט בטעם ספירמינט עדין 66 ג' עלית,"שטראוס גרופ בע""\מ.",IL,מאסט צנצנת ספירמינט,גרמים,66.00,100 גרם,false,,12.90,19.5455,true,1,24553
7290106723689,false,עלי תרד בייבי שטראוס 200 גרם,שטראוס בריאות ירקות טריי,IL,שטראוס תרד בייבי 200,גרמים,200.00,100 גרם,false,,12.50,6.2500,true,1,25141
7290106726178,false,יוגורט PRO עם פירות יער 2.4% 10 גרם חלבון בגביע,מיוצר עי קונדיטוריית,IL,דנונה פרו בטעם פירות,גרמים,150.00,100 גרם,false,,4.90,3.2667,true,1,25151
7290106727984,false,"כיף כף פצפצים בגביע 135 גרם ""עלית""",שולן צ'\יקולטה גידה סאן.,TR,כיף כף פצפצים 135 גר,גרמים,135.00,100 גרם,false,,12.60,9.3333,true,1,24610
7290106729650,false,יוגורט עם תות מאגדת 8 יח' * 150ג' דנונה,"שטראוס גרופ בע""\מ",IL,דנונה יוגורט תות 8יח,קילוגרמים,1.20,"ק""ג",false,,28.30,23.5833,true,1,25172
7290107280020,false,שלישיית מטליות לחות לניקוי כללי סנו סושי 50 יחידות,טרופיקל דגיל- תעשיות,IL,סנו סושי מגבונים לני,יחידה,0.00,יחידה,false,,20.90,0.0000,true,1,32891
7290107280099,false,שלישיית מגובנים נשטפים באסלה סופט סוד 48 יחידות,טרופיקל דגיל- תעשיות,IL,סנו סופט מגבוני טואל,יחידה,0.00,יחידה,false,,18.90,0.0000,true,1,32897
7290107280112,false,נייר טואלט סופט סילק 24 גליל,"סנו מפעלי ברונוס בע""\מ",IL,סנו סופט נייר טואלט,מטרים,441.00,מטר,false,,27.90,0.0633,true,1,106069
7290107280549,false,"סנו - K400 קוטל זבובים ויתושים 300 מ""ל","סנו מפעלי ברונוס בע""מ",IL,"K-400 סנו קטן 300 מ""",מיליליטרים,300.00,"100 מ""ל",false,,13.90,4.6333,true,1,32910
7290107280570,false,סנו - מקסימה ג'ל כביסה מרוכז לכביסה צבעונית 3 ליטר,מיוצר עי קונדיטוריית,IL,מקסימה ג'ל כביסה מיק,ליטרים,3.00,ליטר,false,,35.90,11.9667,true,1,32913
7290107280723,false,נוזל לניקוי כלים סנו ספארק Spark בניחוח לימון רענן,סנו כימיקלים,IL,סנו ספארק נוזל לניקו,מיליליטרים,700.00,"100 מ""ל",false,,11.90,1.7000,true,1,32922
7290107280747,false,נוזל לניקוי כלים סנו ספארק Spark קלאסי,סנו כימיקלים,IL,סנו ספארק נוזל לניקו,מיליליטרים,700.00,"100 מ""ל",false,,11.90,1.7000,true,1,32925
7290107280761,false,נוזל לניקוי כלים בניחוח לימון רענן סנו ספארק Spark,מיוצר עי קונדיטוריית,IL,ספארק נוזל לכלים לימ,יחידה,0.00,יחידה,false,,12.90,0.0000,true,1,32927
7290107340656,false,מטען רכב אייפון IMX,,,מטען רכב אייפון,יחידה,0.00,יחידה,false,,39.90,0.0000,true,1,272295
7290107341363,false,כבל מיקרו imx.,,,כבל מיקרו,יחידה,0.00,יחידה,false,,19.90,0.0000,true,1,272296
7290107341370,false,כבל טפייסי imx,,,כבל טייפ סי,יחידה,0.00,יחידה,false,,19.90,0.0000,true,1,272297
7290107341905,false,כבל 2 מטר טייפ סי,,,כבל 2 מטר טייפ סי,יחידה,0.00,יחידה,false,,19.90,0.0000,true,1,372856
7290107342087,false,אוזניות חיבור ישיר ט,,,אוזניות חיבור ישיר ט,יחידה,0.00,יחידה,false,,49.90,0.0000,true,1,272319
7290107463089,false,משקל מטבח דיגיטלי זכ,,,משקל מטבח זכוכית 5 ק,יחידה,0.00,יחידה,false,,46.90,0.0000,true,1,140943
7290107647816,false,"דגני ברנפלקס ללא תוספת סוכר 500 גרם בד""צ",יוניליוור ישראל מזון בעמ,IL,ברנפלקס ללא סוכר בד',גרמים,500.00,100 גרם,false,,27.00,5.4000,true,1,99814
7290107649100,false,בייגלה טבעות שומשום 300 גרם.,בייגל את בייגל מזון 198),IL,בייגלה טבעות שומשום,גרמים,300.00,100 גרם,false,,12.20,4.0667,true,1,139256
7290107649100,false,בייגלה טבעות שומשום 300 גרם.,בייגל את בייגל מזון 198),IL,בייגלה טבעות שומשום,גרמים,300.00,100 גרם,false,,12.20,4.0667,true,1,139256
7290107649117,false,קליק שוקולד חלב במיל,יוניליוור ישראל מזון,IL,קליק שוקולד קרם חלב,גרמים,38.00,100 גרם,false,,4.90,12.8947,true,1,139257
7290107649698,false,מגנום שוקולד לבן ועו,מיוצר עי גלידת שטראו,IL,מגנום לבן עוגיות,יחידה,0.00,יחידה,false,,9.90,0.0000,true,1,149121
7290107871990,false,"פסטה צינורות 500 גרם ""אסם""",פסטה זארה,IT,פסטה צינורות אסם 500,גרמים,500.00,100 גרם,false,,6.90,1.3800,true,1,21671
7290107874465,false,לחמית מארז זוג 2*190,,,לחמית מארז זוג 2*190,גרמים,380.00,100 גרם,false,,15.90,4.1842,true,1,134778
7290107874502,false,ביסלי גריל קדמ. מארז אחיד 10 4*55 גרם,מיוצר עי קונדיטוריית,IL,ביסלי גריל 4*55 גרם,גרמים,220.00,100 גרם,false,,12.90,5.8636,true,1,21700
7290107875271,false,ביסלי ברביקיו קדמ. מארז אחיד10 4*55 גרם,"אסם השקעות בע""\מ",IL,ביסלי ברבקיו מארז 4*,גרמים,220.00,100 גרם,false,,12.90,5.8636,true,1,68462
7290107875820,false,קרוטונים אפויים בתיבול ביתי אוסם 180 ג',עינת תעשיות מזון,IL,קרוטונים אפויים בתיב,גרמים,180.00,100 גרם,false,,12.90,7.1667,true,1,119574
7290107879521,false,קרחוני לה פרוטה La Frutta תות שדה - 5 יח',גלידות נסטלה )נגה גלידות,IL,לה פרוטה תות 5 יח,גרמים,350.00,100 גרם,false,,29.90,8.5429,true,1,17088
7290107930321,false,קונפיטורת יד מרדכי דובדובן 340 גרם,"בית אל מזון בע""מ",IL,יד מרדכי קונפיטורה ד,גרמים,340.00,100 גרם,false,,13.90,4.0882,true,1,24628
7290107931397,false,כיף כף פצפוצים במילוי שוקולד 40 גרם,שולן צ'\יקולטה גידה סאן.,TR,כיף כף פצפצים 40גר`,גרמים,40.00,100 גרם,false,,6.20,15.5000,true,1,24641
7290107932080,false,חלב מועשר יוטבתה בבקבוק 3% 1 ליטר,מחלבת יטבתה,IL,יטבתה חלב בבקבוק 3%,ליטרים,1.00,ליטר,false,,8.30,8.3000,true,1,25185
7290107932134,false,חלב מועשר יוטבתה בבקבוק 1% 1 ליטר,מחלבת יטבתה,IL,יטבתה חלב בבקבוק 1%,ליטרים,1.00,ליטר,false,,8.30,8.3000,true,1,25187
7290107933193,false,שטראוס סלק מבושל בוו,לס לגוסודה סנצונוניו,IL,שטראוס סלק מבושל בוו,גרמים,500.00,100 גרם,false,,7.90,1.5800,true,1,25190
7290107934473,false,שמינייה יוגורט לבן אקטיביה 1.5% דנונה 150 גרם,"שטראוס גרופ בע""\מ",IL,אקטיביה מארז מיוחד 1,קילוגרמים,1.20,"ק""ג",false,,22.90,19.0833,true,1,25203
7290107936309,false,דנונה יוגורט 7% יווני לבן 130 ג',"שטראוס בריאות בע""מ",IL,דנונה יווני לבן 130,גרמים,130.00,100 גרם,false,,3.70,2.8462,true,1,25213
7290107936965,false,עיגולים עד חצות עם שוקולד חלב 225 גר,ביסקווטרי עוגיות סנט,FR,עד חצות עיגולים 225,גרמים,125.00,100 גרם,false,,14.90,11.9200,true,1,101884
7290107937542,false,משקה יוגורט אקטיביה עם תות 1.2% שומן,מיוצר עי קונדיטוריית,IL,משקה אקטיביה תות 1.2,מיליליטרים,265.00,"100 מ""ל",false,,5.80,2.1887,true,1,25221
7290107937634,false,צנצנית מסטיק מאסט קוביות פפירמינט 58 ג' עלית,אסקום קונפקשיין,DE,צנצנת קוביות פפירמינ,גרמים,58.00,100 גרם,false,,12.90,22.2414,true,1,24684
7290107938396,false,שמיניית אקטימל תות דיסני בנים 108 גרם,מיוצר עי קונדיטוריית,IL,דנונה Actimel בנים ב,גרמים,864.00,100 גרם,false,,22.90,2.6505,true,1,25227
7290107940030,false,חומוס אחלה 650 גרם,שטראוס גרופ,IL,חומוס אחלה 650 גר,גרמים,650.00,100 גרם,false,,10.90,1.6769,true,1,25246
7290107940467,false,אקטיביה יוגורט 1.5% שומן 200 ג' דנונה,מיוצר עי קונדיטוריית,IL,דנונה אקטיביה יוגורט,גרמים,200.00,100 גרם,false,,4.70,2.3500,true,1,25254
7290107941259,false,עדשים ירוקות מבושלות שטראוס 475 גרם,הורקסה לס לגונס דה ס,ES,עדשים ירוקות מבושלות,גרמים,475.00,100 גרם,false,,12.90,2.7158,true,1,25264
7290107941266,false,שעועית אדומה מבושלת שטראוס 475 גרם,הורקסה לס לגונס דה ס,ES,שעועית אדומה מבושלת,גרמים,475.00,100 גרם,false,,15.90,3.3474,true,1,25265
7290107941273,false,חומוס מבושל שטראוס 475 גרם,הורקסה לס לגונס דה ס,ES,חומוס מבושל 475 גרם,גרמים,475.00,100 גרם,false,,12.90,2.7158,true,1,25266
7290107942355,false,מקלות בטעם טבעי 60 ג' תפוצ'יפס,"שטראוס פריטו ליי בע""",IL,תפוציפס מקלות בטעם ט,יח',60.00,יח',false,,4.50,0.0750,true,1,25629
7290107943192,false,"שמנת חמוצה מהערבה 27% שומן 200 מ""ל יטבתה",מחלבת יטבתה,IL,יטבתה שמנת 27% 200מ,מיליליטרים,200.00,"100 מ""ל",false,,4.70,2.3500,true,1,101919
7290107943369,false,קוואקר שיבולת שועל ללא גלוטן 511 גרם,היידי שוקולד בירונטי,US,שיבולת שועל ללא גלוט,גרמים,511.00,100 גרם,false,,19.90,3.8943,true,1,100055
7290107944243,false,"אפיפית בטעם שוקולד עלית 200 גרם לל""ג","שטראוס גרופ בע""\מ",IL,"אפיפית ללא גלוטן בד""",גרמים,200.00,100 גרם,false,,7.90,3.9500,true,1,96895
7290107944472,false,סימפוניה גבינה במרקם שמנת 5% שום שמיר,"שטראוס בריאות בע""\מ",IL,סימפוניה 5% שום שמיר,גרמים,200.00,100 גרם,false,,12.90,6.4500,true,1,25286
7290107945165,false,קונפיטורת משמש יד מרדכי 340 גרם,אף.סי תבליני בגליל ב,IL,יד מרדכי קונפיטורת מ,גרמים,340.00,100 גרם,false,,13.90,4.0882,true,1,61802
7290107946322,false,בפלות קוביות שוקולד,,,בפלות קוביות שוקולד,גרמים,110.00,100 גרם,false,,8.90,8.0909,true,1,136932
7290107946339,false,וופל קוביות אגוזים ב,,,בפלות קוביות אגוזים,גרמים,110.00,100 גרם,false,,8.90,8.0909,true,1,136933
7290107950190,false,מעדן חלב דל קלוריות בטעם שוקולד מריר 0.5% שומן,מיוצר עי קונדיטוריית,IL,מעדן דיאט שוקולד מרי,גרמים,130.00,100 גרם,false,,3.70,2.8462,true,1,25296
7290107950206,false,מעדן חלב דל קלוריות בטעם שוקולד 0% שומן,מיוצר עי קונדיטוריית,IL,מעדן דיאט שוקולד % 0,גרמים,130.00,100 גרם,false,,3.70,2.8462,true,1,25297
7290107951104,false,בפלות ופלים ארוכים בטעם שוקולד,"שטראוס גרופ בע""\מ",IL,בפלות 200 גרם שוקולד,גרמים,200.00,100 גרם,false,,6.20,3.1000,true,1,24725
7290107951715,false,צנצנת מסטיק מאסט קוביות בטעם ענבים 58 ג' עלית,אסקום קונפקשיין,IL,מאסט צנצנת קוביות ענ,גרמים,58.00,100 גרם,false,,12.90,22.2414,true,1,60572
7290107953559,false,"מארז קפה טורקי עלית לדרך כשל""פ 168 גרם",הנסיך- מפעל לייצור ט,IL,קפה טורקי לדרך 168 ג,גרמים,168.00,100 גרם,false,,19.90,11.8452,true,1,24737
7290107954709,false,"קונפיטורת פירות יער ""יד מרדכי"" 340 גר'","ב.א. מזון בע""\מ",IL,יד מרדכי קונפיטורת פ,גרמים,340.00,100 גרם,false,,13.90,4.0882,true,1,86959
7290107954976,false,"משקה יטבתה חלבון פרו קפה 350מ""ל",מחלבת יטבתה,DE,משקה פרו בטעם קפה יט,מיליליטרים,350.00,"100 מ""ל",false,,7.30,2.0857,true,1,90146
7290107956642,false,"תרסיס שמן זית 150 מ""ל יד מרדכי כשלפ",פארייפאבה אגרואינדוס,ES,תרסיס שמן זית יד מרד,מיליליטרים,150.00,"100 מ""ל",false,,18.90,12.6000,true,1,109893
7290107956802,false,קופון 30% הנחה משקה,,,קופון 30% הנחה משקה,יחידה,0.00,יחידה,false,,0.01,0.0000,true,1,91322
7290107956901,false,קפסולות בטעם אגוזים למכונת נספרסו עלית 10 יחידות,שטראוס קפה בי.וי.,IL,עלית קפסולות אספרסו,גרמים,150.00,100 גרם,false,,18.90,12.6000,true,1,106788
7290107956932,false,קפסולות אספרסו אידונזיה למכונות 50 גר,שטראוס קפה בי.וי.,IL,עלית קפסולות אידונזי,גרמים,50.00,100 גרם,false,,18.90,37.8000,true,1,101890
7290107957069,false,"מסטיק ע""למה ""בטעם אוכניות 66 גרם צנצנת ""עלית""","שטראוס גרופ בע""\מ",IL,מסטיק עלמה בטעם אוכמ,גרמים,66.00,100 גרם,false,,12.90,19.5455,true,1,101891
7290107957991,false,מילקי CAKE מיניס קרם חלב בציפוי שוקולד חלב שקית 16X9ג',בובארד איטליה אס.פי.איי,IT,"מילקי מייניס 9*16 מ""",גרמים,144.00,100 גרם,false,,16.10,11.1806,true,1,129714
7290107958035,false,יוגורט במתיקות מעודנת 2% ללא תוספת סוכר- מארז 8 יח,"שטראוס בריאות בע""\מ",IL,8 דנונה מתיקות מעודנ,קילוגרמים,1.20,"ק""ג",false,,20.40,17.0000,true,1,106887
7290107958639,false,"מטבוחה מרוקאית חריפה 400 גרם ""אחלה""",מיוצר עי קונדיטוריית,IL,אחלה מטבוחה מרוקאית,גרמים,400.00,100 גרם,false,,17.90,4.4750,true,1,106870
7290107973311,false,קולגייט מברשת שיניים 360 פחם זהב זוג,הנסיך- מפעל לייצור ט,CN,קולגייט מברשת שיניים,יחידה,0.00,יחידה,false,,30.90,0.0000,true,1,23739
7290107973861,false,מאסטר שף עגבניות קצוצות דק שלישיה 400ג*3 כשלפ,קונסרזיו קאסאלאסקו ד,IT,עגבניות קצוצות דק מא,קילוגרמים,1.20,"ק""ג",false,,17.90,14.9167,true,1,23746
7290107974066,false,"עלי טורטיה קמח מלא 20ס""מ 8יח' מאסטר שף 320ג'",אלקאטי קורביישיסי גי,ES,עלי טורטיה קמח מלא מ,גרמים,320.00,100 גרם,false,,11.90,3.7188,true,1,68857
7290107974073,false,מנה עלי טורטיה קמח לבן מ.שף 20 סמ 320 גר,אלקאטי קורביישיסי גי,ES,עלי טורטיה קמח לבן מ,גרמים,320.00,100 גרם,false,,11.90,3.7188,true,1,23752
7290107974806,false,"מאסטר שף - אורז בסמטי 1 ק""ג",דווה סינג שיהם סינג,IN,אורז בסמטי מאסטר שף,קילוגרמים,1.00,"ק""ג",false,,14.90,14.9000,true,1,23760
7290107974813,false,"אורז יסמין 1 ק""ג מאסטר שף",טאומי אינטרפרייד,TH,אורז יסמין מאסטר שף,קילוגרמים,1.00,"ק""ג",false,,14.90,14.9000,true,1,23761
7290107974820,false,ממרח בטעם ספייסי מיונז מאסטר שף 250 גרם,רמיה סי.וי.הולנד,NL,מאסטר שף ממרח מתובל,גרמים,252.00,100 גרם,false,,8.90,3.5317,true,1,23762
7290107975346,false,ספיד סטיק - דאודורנט ג'ל לגבר כוח הטבע 85 גרם,קולגייט-פלמוליב,US,דאו' ג'ל כח הטבע אול,גרמים,65.00,100 גרם,false,,21.90,33.6923,true,1,86706
7290107978347,false,איטריות בינוניות מאסטר שף 400 גרם,הדקלאים אגודת שיתופי,PL,איטריות בינוניות מאס,גרמים,400.00,100 גרם,false,,6.90,1.7250,true,1,92527
7290108070316,false,שקית 50בלונים פסטל מעורב,,IL,שקית 50 פסטל,יחידה,0.00,יחידה,false,,11.90,0.0000,true,1,36281
7290108350128,false,סנו סושי שקיות אשפה חזקות במיוחד 40 יח',מיוצר עי קונדיטוריית,IL,סנו סושי שקיות חזקות,יחידה,0.00,יחידה,false,,28.90,0.0000,true,1,32936
7290108350180,false,סנו סושי מפיות מודפסות 100 יח',חי מוצרי נייר בעמ,IL,סנו סושי מפיות מודפס,יחידה,0.00,יחידה,false,,8.90,0.0000,true,1,32941
7290108350203,false,"סנו סושי כריות קרצוף+ספוג מקציף 6 יחידות 12X9 ס""מ",סנו סושי,US,כריות קרצוף עם ספוג,יחידה,0.00,יחידה,false,,11.10,0.0000,true,1,32943
7290108350258,false,נייר טואלט דו שכבתי ארוך פי 3 - מארז 12 גלילים,מפעלי ברונוס בעמ,IL,סופט נייר טואלט גליל,מטרים,180.00,מטר,false,,44.90,0.2494,true,1,32945
7290108350531,false,סנו ספארק נוזל כלים בניחוח קלאסי עם משאבה 1 ל',מיוצר עי קונדיטוריית,IL,סנו ספארק משאבה בניח,ליטרים,1.00,ליטר,false,,12.90,12.9000,true,1,32949
7290108350586,false,נוזל לניקוי כלים סנו ספארק Spark בניחוח לימון רענן,"סנו מפעלי ברונוס בע""\מ",IL,ספארק נוזל כלים בניח,ליטרים,1.50,ליטר,false,,15.90,10.6000,true,1,32953
7290108350616,false,סנו - מקסימה מרכך כביסה מרוכז פריחה כחולה 1 ליטר,"סנו מפעלי ברונוס בע""\מ",IL,מרכך כביסה מקסימה סו,יחידה,0.00,יחידה,false,,18.90,0.0000,true,1,32956
7290108350722,false,אורביטול גוניור משחת שיניים בוב ספוג 70ג,טרופיקל דגיל תעשיות קוסמ,IL,משחת שיניים אורביטול,גרמים,70.00,100 גרם,false,,8.90,12.7143,true,1,122823
7290108351033,false,"WHITE POWDER - בושם לאישה א.ד.פ 50 מ""ל",,IL,"בושם לאישה 50 מ""ל wh",יחידה,0.00,יחידה,false,,84.90,0.0000,true,1,368315
7290108351507,false,מרכך כביסה אינספרישיין סנו מקסימה 4 ליטר,סנו מקסימה,IL,מרכך כביסה סנו מקסימ,ליטרים,4.00,ליטר,false,,23.90,5.9750,true,1,32981
7290108351514,false,מרכך כביסה בלו בלוסום סנו מקסימה 4 ליטר,סנו מקסימה,IL,מרכך כביסה סנו מקסימ,ליטרים,4.00,ליטר,false,,23.90,5.9750,true,1,32982
7290108351552,false,"סנו - ג'ט לניקוי כללי בתוספת חומץ בניחוח לבנדר 750 מ""ל","סנו מפעלי ברונוס בע""\מ",IL,סנו ג'ט מתז חומץ 750,מיליליטרים,750.00,"100 מ""ל",false,,15.90,2.1200,true,1,108074
7290108351583,false,"סנו - ג'ט פלוס חומץ ג'ל לניקוי אסלות לבנדר 750 מ""ל",טרופיקל דגיל תעשיות,IL,סנו ג'ט+לניקוי אסלות,מיליליטרים,750.00,"100 מ""ל",false,,12.90,1.7200,true,1,126217
7290108351613,false,סנו ריצפז פרש הום 2 ליטר בניחוח מלון חלומי,"סנו מפעלי ברונוס בע""\מ",IL,ריצפז פרש הום מלון ח,ליטרים,2.00,ליטר,false,,24.90,12.4500,true,1,80104
7290108351699,false,סנו - ג'ט מטליות לחות לניקוי כללי בתוספת חומץ לבנדר שלישיה,סנו מפעלי ברונוס על,IL,מגבונים ג'ט+חומץ מאר,יחידה,0.00,יחידה,false,,22.90,0.0000,true,1,132546
7290108351835,false,מרכך כביסה Pure Sensation סנו מקסימה 4 ליטר,מיוצר עי קונדיטוריית,IL,מרכך כביסה סנו מקסימ,ליטרים,4.00,ליטר,false,,23.90,5.9750,true,1,34824
7290108351965,false,סנו ג'ט סבון אסלה בחומץ שלישיה,סנו מפעלי ברונוס בעמ,IL,ג'ט סבון אסלה חומץ ו,יחידה,0.00,יחידה,false,,12.90,0.0000,true,1,146764
7290108351996,false,"חיטוי בייבי 99.9% לחיטוי וניקוי בסביבת תינוקות 750 מ""ל","סנו מפעלי ברונוס בע""\מ",IL,מתז בייבי 99.9% לחיט,מיליליטרים,750.00,"100 מ""ל",false,,16.90,2.2533,true,1,149135
7290108351996,false,"חיטוי בייבי 99.9% לחיטוי וניקוי בסביבת תינוקות 750 מ""ל","סנו מפעלי ברונוס בע""\מ",IL,מתז בייבי 99.9% לחיט,מיליליטרים,750.00,"100 מ""ל",false,,16.90,2.2533,true,1,149135
7290108352214,false,סנו - מקסימה קפסולות כביסה בניחוח בריזה מרעננת 40 יח',טרופיקל דגיל תעשיות,IL,קפסולות כביסה בניחוח,גרמים,840.00,100 גרם,false,,44.90,5.3452,true,1,73114
7290108352221,false,סנופרש הום מבשם נוזלי בניחוח מלון מפנק,סנו מפעלי ברונוס בעמ,IL,סנו פרש הום מלון מפנ,מיליליטרים,350.00,"100 מ""ל",false,,12.90,3.6857,true,1,76818
7290108352276,false,מגבונים לניקוי וחיטוי יסודי לרצפה 10 יח 99.9%,"סנו מפעלי ברונס בע""\מ",IL,מטליות לחיטוי ולניקו,יחידה,0.00,יחידה,false,,16.90,0.0000,true,1,62616
7290108352283,false,נוזל לחיטוי וניקוי רצפות- סדרת 99.9% סנו 2 ליטר,"סנו מפעלי ברונוס בע""\מ",IL,נוזל לחיטוי ולניקוי,ליטרים,2.00,ליטר,false,,19.90,9.9500,true,1,62617
7290108352320,false,"מבשם אויר סנו פרש הום בניחוח כותנה מלטפת 350 מ""ל",מיוצר עי קונדיטוריית,IL,סנו פרש הום מלון בוט,מיליליטרים,350.00,"100 מ""ל",false,,12.90,3.6857,true,1,76832
7290108352337,false,"סנו - פרש מילוי למטהר אוויר מלון מפנק 250 מ""ל",מיוצר עי קונדיטוריית,IL,סנו פרש הום אוטומטיק,גרמים,250.00,100 גרם,false,,16.90,6.7600,true,1,76833
7290108352412,false,"סנו - פרש הום מבשם לבית ולטקסטיל ורד אנגלי ועלים 300 מ""ל",מיוצר עי קונדיטוריית,IL,סנו פרש הום מטהר אוי,מיליליטרים,300.00,"100 מ""ל",false,,13.90,4.6333,true,1,86697
7290108352481,false,"סנומוד מטהר אוויר נרסיסו סנו 150 מ""ל","סנו מפעלי ברונוס בע""\מ",IL,מטהר אוויר סנומוד טר,מיליליטרים,150.00,"100 מ""ל",false,,12.90,8.6000,true,1,135826
7290108352511,false,ניקוי וחיטוי מכונת הכביסה בתוספת חומץ סנו מקסימה,"סנו מפעלי ברונוס בע""\מ",IL,ניקוי וחיטוי מכונת כ,מיליליטרים,500.00,"100 מ""ל",false,,13.90,2.7800,true,1,165769
7290108352535,false,סנו - מקסימה דפי בישום לחים למייבש הכביסה בניחוח מרכך כביסה,טרופיגל דגיל תעשיות קוסמ,IL,דפי בישום לחים למייב,יחידה,0.00,יחידה,false,,14.90,0.0000,true,1,207023
7290108352573,false,מרכך כביסה סנו מקסימה בבישום עוצמתי 4 ליטר,"סנו מפעלי ברונוס בע""\מ",IL,מרכך כביסה CALM בבי,ליטרים,4.00,ליטר,false,,23.90,5.9750,true,1,261084
7290108352641,false,סנו סושי מטלית הפלא לניקוי כללי במארז שלישייה,סנו מפעלי ברונוס.,IL,סנו סושי מטלית הפלא,יחידה,0.00,יחידה,false,,15.90,0.0000,true,1,90474
7290108352689,false,כריות קרצוף ללכלוך קשה סנו סושי 9 יחידות,טרופיקל דגיל תעשיות,US,כריות קרצוף ללכלוך ק,יחידה,0.00,יחידה,false,,10.90,0.0000,true,1,32987
7290108352870,false,סנו סושי שקיות צלייה 10יח' מידה XL,סנו מפעלי ברונוס בעמ . ח,IL,סנו סושי-10 שקיות צל,יחידה,0.00,יחידה,false,,8.90,0.0000,true,1,133670
7290108352887,false,"זוג מפות שולחן עשויות מבד בלתי ארוג 180*120 ס""מ",מיוצר עי קונדיטוריית,IL,סנו סושי זוג מפות שו,יחידה,0.00,יחידה,false,,9.90,0.0000,true,1,135019
7290108352894,false,סנו סושי מפת שולחן חגיגית,שואוגאנג,CN,סנוסושי מפת שולחן חג,יחידה,0.00,יחידה,false,,8.90,0.0000,true,1,141157
7290108353068,false,ספוג הפלא נירוסטה עם סיבי קירצוף סנו סושי 2 יח',מיוצר עי קונדיטוריית,IL,סנו סושי-כרית קרצוף,יח',3.00,יח',false,,11.90,3.9667,true,1,169105
7290108353075,false,מפיות אירוח גדולות ועבות סנו סושי 50 יחידות,האנק טישו,PL,סנו סושי 50 מפיות אי,יחידה,0.00,יחידה,false,,11.90,0.0000,true,1,149175
7290108353099,false,ממחטות אף במארז ניילון סנו סופט 5 יח' * 100 דף,טרופיקל דגיל תעשיות,IL,סנו סופט 500 ממחטות,יחידה,0.00,יחידה,false,,14.90,0.0000,true,1,169093
7290108353501,false,"שקיות אשפה ענקיות עם ידיות ענקיות 75*90 ס""מ סנו סושי 25 יחידות",טרופיקל דגיל תעשיות,TR,שקיות אשפה עם ידיות,יחידה,0.00,יחידה,false,,21.90,0.0000,true,1,40132
7290108353532,false,"שקיות אשפה חזקות עם שרוך לארג' 54 * 65 ס""מ סנו סושי 100 יחידות",סנו סושי,IL,שקיות אשפה בגליל סנו,יחידה,0.00,יחידה,false,,34.90,0.0000,true,1,41176
7290108353549,false,נייר אפייה סנו סושי 100 יח,"טופ פלסט 2002 בע""\מ",IL,נייר אפיה סנו סושי 1,יחידה,0.00,יחידה,false,,22.90,0.0000,true,1,41177
7290108353556,false,נייר טואלט סנו סופט שלוש שכבות 32 גלילים,טרופיקל דגיל תעשיות,IL,נייר טואלט סנו סופט,יחידה,0.00,יחידה,false,,47.90,0.0000,true,1,74261
7290108353686,false,מטלית חלומית לרצפה סנו סושי 1 יחידה,נינגבו סנבנג,CN,סנו סושי מטלית לריצפ,יחידה,0.00,יחידה,false,,13.90,0.0000,true,1,106570
7290108353990,false,"קרמה - קרם גוף קרמה מאסק 500 מ""ל",טרופיקל דגיל תעשיות,IL,קרם גוף קרמה מאסק 50,מיליליטרים,500.00,"100 מ""ל",false,,27.90,5.5800,true,1,104784
7290108354270,false,מרכך כביסה מרוכז בבישום עוצמתי 1 ל' סנו מקסימה,מיוצר עי קונדיטוריית,IL,מרכך בבישום עוצמתי מ,ליטרים,1.00,ליטר,false,,18.90,18.9000,true,1,206961
7290108354430,false,"שמפו כיף לשיקום והזנה שמן קוקוס וקרטין 700 מ""ל",קוסמופארם בעמ,IL,שמפו כיף לשיקום והזנ,מיליליטרים,700.00,"100 מ""ל",false,,13.90,1.9857,true,1,131466
7290108354447,false,"מרכך כיף לשיקום והזנה שמן קוקוס וקרטין 700 מ""ל",גוד פוד פרודקטס S.p,IL,מרכך כיף לשיקום והזנ,מיליליטרים,700.00,"100 מ""ל",false,,13.90,1.9857,true,1,132160
7290108354591,false,"תחליב רחצה בניחוח מי קקטוס ושמן באבאסו 750 מ""ל נקה 7","אמיליה קוסמטיקס בע""מ",IL,תחליב רחצה ביו נקה,מיליליטרים,750.00,"100 מ""ל",false,,12.90,1.7200,true,1,290666
7290108354607,false,"שמפו בניחוח מי קקטוס ושמן באבאסו 750 מ""ל נקה 7","אמיליה קוסמטיקס בע""מ",IL,שמפו ביו נקה 7 750 מ,מיליליטרים,750.00,"100 מ""ל",false,,12.90,1.7200,true,1,290649
7290108354904,false,סבון מוצק בוץ קרמה 4,,,סבון מוצק בוץ קרמה 4,גרמים,410.00,100 גרם,false,,15.90,3.8780,true,1,139944
7290108356113,false,"כיף תחליב רחצה דבש 700 מ""ל-מרכז",קוסמופארם בעמ,IL,תחליב רחצה דבש כיף 7,מיליליטרים,700.00,"100 מ""ל",false,,12.90,1.8429,true,1,136360
7290108356137,false,"כיף - תחליב רחצה לבנדר 700 מ""ל",קוסמופארם,IL,תחליב רחצה לבנדר כיף,מיליליטרים,700.00,"100 מ""ל",false,,12.90,1.8429,true,1,136362
7290108356168,false,"כיף - תחליב רחצה אוקיינוס 700 מ""ל",גוד פוד פרודקטס S.p,IL,תחליב רחצה אוקיינוס,מיליליטרים,700.00,"100 מ""ל",false,,12.90,1.8429,true,1,136364
7290108356229,false,ג'ל גילוח לכל סוגי העור מועשר בפחם פעיל,טרופיקל דגיל תעשיות,TR,גל גילוח קרמה מן קרב,מיליליטרים,200.00,"100 מ""ל",false,,16.90,8.4500,true,1,86683
7290108356489,false,"כיף - תחליב רחצה אפרסק וחמאת מורומורו 700 מ""ל",קוסמופארם בעמ,IL,תחליב רחצה אפרסק וחמ,מיליליטרים,700.00,"100 מ""ל",false,,12.90,1.8429,true,1,261663
7290108356533,false,קרוליין 10 שמפו לשיער מתולתל 700 מל,"קוסמופארם בע""\מ",IL,שמפו לשיער מתולתל קר,מיליליטרים,700.00,"100 מ""ל",false,,14.90,2.1286,true,1,232890
7290108356588,false,קרוליין 10 מרכך לשיער מתולתל 700 מל,"קוסמופארם בע""\מ",IL,מרכך לשיער מתולתל קר,מיליליטרים,700.00,"100 מ""ל",false,,14.90,2.1286,true,1,232909
7290108357004,false,כיף שמפו ורד ושמן קוקוי לרכות וברק,טרופיקל דגיל תעשיות,IL,כיף שמפו לשיער ורד ו,מיליליטרים,700.00,"100 מ""ל",false,,13.90,1.9857,true,1,42610
7290108357226,false,"אוקסיגן POWER אבקה לכביסה לבנה והסרת כתמים 1.4 ק""ג סנו",החברה הדרומית,IL,אוקסיג'ן אבקה להסרת,קילוגרמים,1.40,"ק""ג",false,,32.90,23.5000,true,1,247858
7290108357240,false,"אוקסיג'ן פאוור תוסף להסרת כתמים קשים 1.4 ק""ג",החברה הדרומית,IL,אוקסיג'ן אבקה תוסף ל,קילוגרמים,1.40,"ק""ג",false,,32.90,23.5000,true,1,247859
7290108357288,false,אקונומיקה ז'אוול בניחוח פריחה לבנה 4 ל' סנו,סנו ז'אוול Javel,IL,סנו ז'אוול בניחוח פר,ליטרים,4.00,ליטר,false,,17.90,4.4750,true,1,249395
7290108357301,false,"סנו - K300 קוטל חרקים תיקנים ונמלים 300 מ""ל","סנו מפעלי ברונוס בע""\מ",IL,סנו קיי-301 צהוב 300,מיליליטרים,300.00,"100 מ""ל",false,,13.90,4.6333,true,1,290682
7290108357707,false,"כיף שמפו לשיער רגיל- תפוח זרעי צ'יה 700 מ""ל",גוד פוד פרודקטס S.p,IL,שמפו לשיער רגיל תפוח,מיליליטרים,700.00,"100 מ""ל",false,,13.90,1.9857,true,1,138719
7290108357714,false,"כיף שמפו לשיער יבש -רימונים ושמן ארגן 700 מ""ל",גוד פוד פרודקטס S.p,IL,שמפו לשיער יבש רימונ,מיליליטרים,700.00,"100 מ""ל",false,,13.90,1.9857,true,1,138720
7290108357776,false,"כיף מרכך לשיער יבש -רימונים ושמן ארגן 700 מ""ל",גוד פוד פרודקטס S.p,IL,מרכך לשיער יבש רימונ,מיליליטרים,700.00,"100 מ""ל",false,,13.90,1.9857,true,1,138725
7290108358070,false,"תחליב רחצה קרמה קלאסי 700 מ""ל",גוד פוד פרודקטס S.p,IL,קרמה תחליב רחצה קלאס,מיליליטרים,700.00,"100 מ""ל",false,,17.90,2.5571,true,1,112271
7290108359060,false,סנו סושי כריות הפלא רב תכלתיות *4 לשבת,סנו מפעלי ברונו בעמ,IL,כריות ניקוי לשבת 4 י,יחידה,0.00,יחידה,false,,12.90,0.0000,true,1,208847
7290108359190,false,סנו סושי מגבות הפלא 4=12 גליל ארוך פי 3,החברה הדרומית,IL,סנו סושי מגבות הפלא,יחידה,0.00,יחידה,false,,27.90,0.0000,true,1,351241
7290108359985,false,סנו - ז'אוול מרסס קצף לניקוי וחינו בניחוח פריחה לבנה 1 ליטר,סנו ז'אוול Javel,IL,אקונומיקה מרסס עם ממ,ליטרים,1.00,ליטר,false,,19.90,19.9000,true,1,249491
7290108468243,false,גרבי ספורט,,,גרבי ספורט,יחידה,0.00,יחידה,false,,9.90,0.0000,true,1,122887
7290108501360,false,גבינת צ'דר בשלה ויליפוד 200 גרם,ווייקה פארמס,GB,גבינת צ'דר בשלה 200,גרמים,200.00,100 גרם,false,,24.90,12.4500,true,1,107974
7290108501490,false,גבינה מוצרלה פרוסות ו.פוד 150ג',ג.וילי פוד אינטרנשיונל ב,IL,גבינה מוצרלה פרוסות,גרמים,150.00,100 גרם,false,,15.90,10.6000,true,1,107989
7290108502220,false,"פחם אקולוגי 2 ק""ג וי","ג'לו השקעות בע""מ",ZA,"פחם אקולוגי 2 ק""ג וי",קילוגרמים,2.00,"ק""ג",false,,15.90,7.9500,true,1,140910
7290108502534,false,פסטה מצוננת ספגטי 25,,,פסטה מצוננת ספגטי 25,גרמים,250.00,100 גרם,false,,9.90,3.9600,true,1,129514
7290108502763,false,גבינת קממבר ויליפוד 200 גרם,פטוראז',FR,גבינה קממבר 200 גרם,גרמים,200.00,100 גרם,false,,21.90,10.9500,true,1,129643
7290108503043,false,תפוחונים חטיף פלחים מיובשים מארז 22X4ג',הביי דונגפנג פוד קו. בעמ,CN,מארז רביעייה תפוחוני,גרמים,88.00,100 גרם,false,,14.70,16.7045,true,1,136086
7290108503067,false,פרמז'נו משולש ויליפוד 150 גרם,וילי פוד,IT,פרמז'נו משולש 150 גר,גרמים,150.00,100 גרם,false,,16.90,11.2667,true,1,134458
7290108503647,false,"DAAWAT אורז בסמטי מהדרין ויליפוד 1 ק""ג",אל.טי.פודס בעמ,IN,"אורז בסמטי 1 ק""ג DAA",קילוגרמים,1.00,"ק""ג",false,,14.90,14.9000,true,1,165675
7290108503999,false,פרוסות גבינה בטעם גאודה לכריכים וטוסטים ויליפוד 150 גרם,סנטרל קסרה,ES,פרוסות גבינה בטעם גא,גרמים,150.00,100 גרם,false,,12.90,8.6000,true,1,146538
7290108504378,false,גבינת שמנת עם זיתים ויליפוד 200 גרם,אטלסר&אלפרי קאסורק,DE,גבינת שמנת עם זיתים,גרמים,200.00,100 גרם,false,,13.50,6.7500,true,1,46177
7290108504699,false,רביעיית טונה בשמן קנולה פתח קל ויליפוד 4*160 גרם,גולדן פרייז קאנינג אל טי,TH,נתחי טונה בשמן קנולה,גרמים,640.00,100 גרם,false,,24.60,3.8438,true,1,53154
7290108505153,false,יוגורט בטעם טבעי 10% שומן ויליפוד 150 גרם,Euro יורו מחלבות אירופה,GR,יוגורט יווני בטעם טב,גרמים,150.00,100 גרם,false,,5.90,3.9333,true,1,76532
7290108505177,false,יוגורט עם אננס 0% שומן ויליפוד 150 גרם,Euro יורו מחלבות אירופה,GR,יוגורט יווני עם אננס,גרמים,150.00,100 גרם,false,,5.90,3.9333,true,1,76534
7290108505184,false,יוגורט עם קוקוס 5% שומן ויליפוד 150 גרם,Euro יורו מחלבות אירופה,GR,יוגורט יווני עם קוקו,גרמים,150.00,100 גרם,false,,5.90,3.9333,true,1,76535
7290108505191,false,יוגורט עם פצפוצי שוקולד 5% שומן ויליפוד 150 גרם,Euro יורו מחלבות אירופה,GR,י.יווני עם פצפוצי שו,גרמים,150.00,100 גרם,false,,5.90,3.9333,true,1,76536
7290108505207,false,יוגורט עם אוכמניות 0% שומן ויליפוד 150 גרם,Euro יורו מחלבות אירופה,GR,יוגורט יווני עם אוכמ,גרמים,150.00,100 גרם,false,,5.90,3.9333,true,1,76537
7290108505214,false,יוגורט עם אפרסק 0% שומן ויליפוד 150 גרם,Euro יורו מחלבות אירופה,GR,יוגורט יווני עם אפרס,גרמים,150.00,100 גרם,false,,5.90,3.9333,true,1,76538
7290108505733,false,צמות-גבינה חצי קשה 25% שומן 200 גרם,סאסו פטוראגס קומטויס אף,TR,צמות גבינה חצי קשה 2,גרמים,200.00,100 גרם,false,,16.90,8.4500,true,1,76383
7290108505740,false,קשקבל גבינה חצי קשה EURO CHEESE ויליפוד 200 גרם,Euro יורו מחלבות אירופה,TR,גבינת קשקבל חצי קשה,גרמים,200.00,100 גרם,false,,16.90,8.4500,true,1,76384
7290108506037,false,דלתא יוגורט בטעם טבעי 5% שומן ויליפוד 150 גרם,Euro יורו מחלבות אירופה,GR,יוגורט בטעם טבעי 150,גרמים,150.00,100 גרם,false,,5.90,3.9333,true,1,122706
7290108508499,false,"איירן משקה יוגורט בסגנון טורקי יורו 293 מ""ל",Euro יורו מחלבות אירופה,TR,משקה יוגורט בסגנון ט,גרמים,293.00,100 גרם,false,,5.90,2.0137,true,1,143233
7290108508901,false,דלתא יוגורט עם דובדבנים ושקדים 0.6% ויליפוד 150 גרם,Euro יורו מחלבות אירופה,GR,יוגורט עם דובדבנים ו,גרמים,150.00,100 גרם,false,,5.90,3.9333,true,1,161739
7290108509106,false,"גבינה בולגרית מעודנת בקוביות 13% שומן 200 ג' חת""ס פ""ת","היצרן: קוליוס אס. איי, ג",TR,גבינה בולגרית מעודנת,גרמים,200.00,100 גרם,false,,13.90,6.9500,true,1,174552
7290108509113,false,"גבינה בולגרית מעודנת 18% שומן 250 גרם חת""ס פ""ת",Euro יורו מחלבות אירופה,TR,גבינה בולגרית מעודנת,גרמים,250.00,100 גרם,false,,13.90,5.5600,true,1,166420
7290108509199,false,גבינת פטה 17% שומן יורו 500 ג',מבגל אס.איי,TR,גבינה פטה 500 גרם -,גרמים,500.00,100 גרם,false,,24.90,4.9800,true,1,168139
7290108509700,false,"אורז פרסי DAAWAT מהדרין 1 ק""ג",אל.טי.פודס לימיטד,IN,"אורז פרסי 1 ק""ג DAAW",קילוגרמים,1.00,"ק""ג",false,,11.90,11.9000,true,1,209879
7290108509755,false,EURO גבינת חלומי 23% שומן 250 גרם,סאסו פטוראגס קומטויס אף,CY,גבינת חלומי יורו 25,גרמים,250.00,100 גרם,false,,25.90,10.3600,true,1,350907
7290108987201,false,קוברה מיחם 100 כוסות,,,קוברה מיחם 100 כוסות,יחידה,0.00,יחידה,false,,369.00,0.0000,true,1,138747
7290108987485,false,שואב אבק רובוטי עגול,,,שואב אבק רובוטי עגול,יחידה,0.00,יחידה,false,,439.00,0.0000,true,1,127053
7290109071985,false,כפפות גבר,,,כפפות גבר,יחידה,0.00,יחידה,false,,29.90,0.0000,true,1,33790
7290109351025,false,מלך החומוס חומוסטחינה 40% טחינה גולמית,סלטי צבר,IL,מלך החומוס חומוס טחי,גרמים,400.00,100 גרם,false,,14.20,3.5500,true,1,22266
7290109351971,false,פריכיות דגנים פיטנס מצופות שוקולד חלב,פרח תעשיות,IL,בר פריכיות שוקולד חל,גרמים,84.00,100 גרם,false,,14.90,17.7381,true,1,22270
7290109354057,false,קרחוני לה פרוטה La Frutta בטעמי אננס תפוז- 5 יח',תות תעשיות מזון (201,IL,"מאגדת 5 י""ח לה פרוטה",גרמים,350.00,100 גרם,false,,29.90,8.5429,true,1,17103
7290109354972,false,אוסם - פתי בר וניל חלבי ללא גלוטן 200 גרם,מיוצר עי קונדיטוריית,IL,אסם פתי בר ללא גלוטן,גרמים,200.00,100 גרם,false,,11.90,5.9500,true,1,21829
7290109358260,false,"נקניקיות עם חלבון 600 גר' ""טבעול""",עיצובים 2020 (4.8),IL,טבעול נקניקיות עם חל,גרמים,600.00,100 גרם,false,,35.90,5.9833,true,1,119705
7290109358284,false,"שניצל תירס עם חלבון 664 גר' ""טבעול""",עיצובים 2020 (4.8),IL,טבעול שניצל תירס ע,גרמים,664.00,100 גרם,false,,32.90,4.9548,true,1,88210
7290109358765,false,דגני בוקר קראנץ' רולס נוגט 450 גרם,"אסם השקעות בע""\מ",IL,דגני קראנץ' רולס נוג,גרמים,450.00,100 גרם,false,,28.90,6.4222,true,1,75612
7290109492414,false,סכיני מטבח שישייה שח,,,סכיני מטבח שישיה שח,יחידה,0.00,יחידה,false,,11.90,0.0000,true,1,128561
7290109580043,false,"שניצל תירס קלאסי זוגלובק 1.75 ק""ג",זוגלובק,IL,זוגלובק שניצל תירס 1,קילוגרמים,1.75,"ק""ג",false,,49.90,28.5143,true,1,109477
7290109580050,false,נקניקיות צ'וריסוס וונדרס 0% בשר טבעוני ללא גלוטן,"וונדרס ע""י זוגלובק 2000",IL,נקנקיות צ'וריסוס מן,גרמים,226.00,100 גרם,false,,35.90,15.8850,true,1,141702
7290109580067,false,"טחון וונדרס 0% בשר , טבעוני","וונדרס ע""י זוגלובק 2000",IL,טחון מן הצומח וונדרס,גרמים,340.00,100 גרם,false,,35.90,10.5588,true,1,141703
7290109580104,false,רוסטביף פרימיום זוגלובק 150 גרם,זוגלובק,IL,רוסטביף זוגלובק פרמי,גרמים,150.00,100 גרם,false,,27.90,18.6000,true,1,143048
7290109580111,false,צלעות אסאדו מעושנות פרימיום זוגלובק 120 גרם,זוגלובק,IL,צלעות אסאדו מעושנות,גרמים,180.00,100 גרם,false,,27.90,15.5000,true,1,247375
7290109580135,false,קורנדביף פרימיום 180 גרם זוגלובק,זוגלובק,IL,קורנדביף זוגלובק פרמ,גרמים,180.00,100 גרם,false,,27.90,15.5000,true,1,143050
7290109580166,false,סרוולד קלאסי פרימיום זוגלובק 150 גרם,זוגלובק,IL,סרוולד קלאסי זוגלובק,גרמים,150.00,100 גרם,false,,27.90,18.6000,true,1,143052
7290109580432,false,פסטרמה חזה הודו מעושן דק דק זוגלובק 120 גרם,זוגלובק,IL,פסטרמה אקסטרה מעושנת,גרמים,120.00,100 גרם,false,,14.90,12.4167,true,1,290803
7290109920603,false,"אסטוניש קרם לניקוי המטבח 500 מ""ל",יעקובי אסטוניש,GB,אסטוניש קרם מטבח 500,מיליליטרים,500.00,"100 מ""ל",false,,13.90,2.7800,true,1,113279
7290109923130,false,מדליק לפחמים קוביות הפי 24 יח',דה טורן,,מדליק פחמים הפי 48 י,גרמים,250.00,100 גרם,false,,14.90,5.9600,true,1,304181
7290109923147,false,אסטוניש מהדורה פרימיום פלא של אקונומיקה,יעקבי- אסטוניש Astonish,GB,אסטוניש מרסס פלא של,מיליליטרים,750.00,"100 מ""ל",false,,13.90,1.8533,true,1,299183
7290110110277,false,"סומרסבי סיידר תפוחים אלכוהולי 4*300 מ""ל","קרלסברג קרואטיה , יב",HR,רביעיית סמרסבי סיידר,ליטרים,1.32,ליטר,false,,39.00,29.5455,true,1,124681
7290110110659,false,"ספרייט לימון ליים פחית 330מ""ל",החברה המרכזית לייצור משק,IL,סליק ספרייט חדש 330,מיליליטרים,330.00,"100 מ""ל",false,,5.70,1.7273,true,1,115402
7290110111656,false,פריגת ענבים פחית 250,,,פריגת ענבים פחית 250,מיליליטרים,250.00,"100 מ""ל",false,,3.60,1.4400,true,1,138594
7290110111755,false,פריגת תות בננה פחית,,,פריגת תות בננה פחית,מיליליטרים,250.00,"100 מ""ל",false,,3.60,1.4400,true,1,138595
7290110113476,false,בירה קרלסברג ללא אלכוהול - שישייה,קרלסברג רומניהn\יבואן:מב,RO,קרלסברג 0.0 בקבוק 6*,ליטרים,1.98,ליטר,false,,37.60,18.9899,true,1,57330
7290110114787,false,נביעות+ מים מינרליים בטעם תפוח 1.5 ליטר,נביעות טבע הגליל בעמ,IL,נביעות + תפוח 1.5 לי,ליטרים,1.50,ליטר,false,,10.90,7.2667,true,1,211364
7290110114794,false,נביעות+ מים מינרליים בטעם אפרסק 1.5 ליטר,"נביעות טבע הגליל בע""\מ ,",IL,נביעות + אפרסק 1.5 ל,ליטרים,1.50,ליטר,false,,10.90,7.2667,true,1,211381
7290110114800,false,נביעות+ מים מינרליים בטעם ענבים 1.5 ליטר,"נביעות טבע הגליל בע""\מ",IL,נביעות + ענבים 1.5 ל,ליטרים,1.50,ליטר,false,,10.90,7.2667,true,1,211382
7290110114855,false,"נביעות מים מינרליים, שישיה 6 * 1.5 ליטר פקדון",נביעות טבע הגליל בעמ,IL,מי נביעות שישייה 1.5,ליטרים,9.00,ליטר,false,,14.90,1.6556,true,1,211412
7290110114893,false,פריגת סחוט טרי תפוז 2 ליטר,פריגת מצוננים,IL,פריגת סחוט תפוזים 2,ליטרים,2.00,ליטר,false,,30.30,15.1500,true,1,211254
7290110114954,false,מיץ תפוזים מתקתקים פריגת 2 ליטר,פריגת מצוננים,IL,מיץ תפוזים מתקתק 100,ליטרים,2.00,ליטר,false,,24.20,12.1000,true,1,211287
7290110114961,false,משקה קל תפוזים פריגת 1.5 ליטר,מבשלות בירה בינלאומיות ב,IL,פריגת תפוזים 1.5 ליט,ליטרים,1.50,ליטר,false,,9.90,6.6000,true,1,211441
7290110114985,false,משקה קל אשכוליות פריגת 1.5 ליטר,מבשלות בירה בינלאומיות ב,IL,פריגת אשכולית 1.5 לי,ליטרים,1.50,ליטר,false,,9.90,6.6000,true,1,211443
7290110114992,false,משקה קל לייט אשכוליות פריגת 1.5 ליטר,מבשלות בירה בינלאומיות ב,IL,פריגת דיאט אשכולית 1,ליטרים,1.50,ליטר,false,,9.90,6.6000,true,1,211458
7290110115005,false,משקה קל ענבים פריגת 1.5 ליטר,מבשלות בירה בינלאומיות ב,IL,פריגת ענבים 1.5 ליטר,ליטרים,1.50,ליטר,false,,9.90,6.6000,true,1,211487
7290110115012,false,מיץ ענבים בניחוח מרלו 1.5 ל' פריגת,פריגת,IL,פריגת ענבים בניחוח מ,ליטרים,1.50,ליטר,false,,9.90,6.6000,true,1,211488
7290110115029,false,"פריגת משק""ל תפוח 1.5 ליטר פיקדון",מבשלות בירה בינלאומיות ב,IL,פריגת תפוחים 1.5 ליט,ליטרים,1.50,ליטר,false,,9.90,6.6000,true,1,211517
7290110115036,false,משקה קל מנגו פריגת 1.5 ליטר,מבשלות בירה בינלאומיות ב,IL,פריגת מנגו 1.5 ליטר,ליטרים,1.50,ליטר,false,,9.90,6.6000,true,1,211518
7290110115043,false,משקה קל לימונענע פריגת 1.5 ליטר,מבשלות בירה בינלאומיות ב,IL,פריגת לימונענע 1.5 ל,ליטרים,1.50,ליטר,false,,9.90,6.6000,true,1,211519
7290110115050,false,פריגת מיקס תות בננה 1.5 ליטר פיקדון,מבשלות בירה בינלאומיות ב,IL,פריגת מיקס תות בננה,ליטרים,1.50,ליטר,false,,9.90,6.6000,true,1,211535
7290110115081,false,פריגת צלול ענבים 1.5 ליטר פיקדון,"מבשלות בירה לישראל בע""\מ",IL,פריגת צלול ענבים 1.5,ליטרים,1.50,ליטר,false,,9.90,6.6000,true,1,211591
7290110115111,false,פריגת צלול אננס 1.5 ליטר פיקדון,"מבשלות בירה לישראל בע""\מ",IL,פריגת צלול אננס 1.5,ליטרים,1.50,ליטר,false,,9.90,6.6000,true,1,211594
7290110115128,false,פריגת צלול בטעם לימונענע 1.5 ליטר פיקדון,"מבשלות בירה לישראל בע""\מ",IL,פריגת צלול בטעם לימו,ליטרים,1.50,ליטר,false,,9.90,6.6000,true,1,211595
7290110115180,false,מים מינרלים נביעות 1.5 ליטר,"נביעות טבע הגליל בע""",IL,נביעות 1.5 ליטר,ליטרים,1.50,ליטר,false,,4.20,2.8000,true,1,226995
7290110115203,false,קוקה קולה 1.5 ליטר פיקדון,החברה המרכזית לייצור משק,IL,קוקה קולה 1.5 ליטר,ליטרים,1.50,ליטר,false,,9.50,6.3333,true,1,211630
7290110115210,false,דיאט קוקה קולה 1.5 ליטר פיקדון,החברה המרכזית לייצור משק,IL,דיאט קוקה קולה 1.5 ל,ליטרים,1.50,ליטר,false,,9.90,6.6000,true,1,211631
7290110115227,false,קוקה-קולה זירו בקבוק 1.5 ליטר,החברה המרכזית לייצור משק,IL,קוקה קולה זירו בקבוק,ליטרים,1.50,ליטר,false,,9.90,6.6000,true,1,211632
7290110115234,false,קוקה-קולה זירו נטול בקבוק 1.5 ליטר,החברה המרכזית לייצור משק,IL,קולה ZERO נטול 1.5 ל,ליטרים,1.50,ליטר,false,,9.90,6.6000,true,1,211633
7290110115241,false,קוקה-קולה זירו לימון בקבוק 1.5 ליטר,החברה המרכזית לייצור משק,IL,קולה ZERO לימון 1.5,ליטרים,1.50,ליטר,false,,9.90,6.6000,true,1,211634
7290110115265,false,ספרייט לימון ליים 1.5 ליטר-,החברה המרכזית לייצור משק,IL,ספרייט 1.5 ליטר LIME,ליטרים,1.50,ליטר,false,,9.00,6.0000,true,1,211698
7290110115272,false,ZERO ספרייט זירו 1.5 ליטר פיקדון,החברה המרכזית לייצור משק,IL,ספרייט זירו 1.5 ליטר,ליטרים,1.50,ליטר,false,,9.90,6.6000,true,1,211699
7290110115289,false,ספרייט 19 קל' לימון-נענע 1.5 ליטר פיקדון,החברה המרכזית לייצור משק,IL,ספרייט 19 קלוריות לי,ליטרים,1.50,ליטר,false,,9.90,6.6000,true,1,211729
7290110115296,false,משקה מוגז אורנג' פאנטה 1.5 ליטר,החברה המרכזית לייצור משק,IL,פאנטה אורנג' 1.5 ליט,ליטרים,1.50,ליטר,false,,10.50,7.0000,true,1,211745
7290110115302,false,משקה מוגז אורנג' זירו פאנטה 1.5 ליטר,החברה המרכזית לייצור משק,IL,פאנטה זירו בטעם אורנ,ליטרים,1.50,ליטר,false,,10.50,7.0000,true,1,211746
7290110115319,false,פאנטה אקזוטיק 1.5 ליטר פיקדון,החברה המרכזית לייצור משק,IL,פאנטה אקזוטיק 1.5 לי,ליטרים,1.50,ליטר,false,,10.50,7.0000,true,1,211763
7290110115333,false,פאנטה תות 1.5 ליטר פיקדון,החברה המרכזית לייצור משק,IL,פאנטה תות 1.5 ליטר,ליטרים,1.50,ליטר,false,,10.50,7.0000,true,1,211779
7290110115340,false,פאנטה ענבים 1.5 ליטר פיקדון,החברה המרכזית לייצור משק,IL,פאנטה ענבים 1.5 ליטר,ליטרים,1.50,ליטר,false,,10.50,7.0000,true,1,211780
7290110115357,false,קינלי סודה 1.5 ליטר פיקדון,החברה המרכזית לייצור משק,IL,קינלי סודה 1.5 ליטר,ליטרים,1.50,ליטר,false,,5.50,3.6667,true,1,211795
7290110115364,false,שישייה קוקה קולה 1.5 ליטר פיקדון,החברה המרכזית לייצור משק,IL,קוקה קולה 6*1.5 ליטר,ליטרים,9.00,ליטר,false,,52.90,5.8778,true,1,211650
7290110115401,false,קינלי סודה שישייה 1.5 ליטר פיקדון,החברה המרכזית לייצור משק,IL,קינלי סודה 6*1.5 ליט,ליטרים,9.00,ליטר,false,,16.90,1.8778,true,1,222259
7290110115418,false,מארז שישייה קוקה קולה זירו 1.5 ל',החברה המרכזית לייצור משק,IL,קוקה קולה זירו שישיי,ליטרים,9.00,ליטר,false,,49.90,5.5444,true,1,211652
7290110115425,false,FUZE TEA גרין לימונענע -נענע 1.5 ליטר פיקדון,מבשלות בירה בינלאומיות ב,IL,פיוז טי לימון נענע 1,ליטרים,1.50,ליטר,false,,10.50,7.0000,true,1,211796
7290110115449,false,אייס תה בטעם מנגו אננס 1.5ל' FUZE TEA,מבשלות בירה בינלאומיות ב,IL,פיוז טי מנגו אננס 1.,ליטרים,1.50,ליטר,false,,10.50,7.0000,true,1,211813
7290110115463,false,פיוז טי אפרסק 1.5 ליטר פיקדון,מבשלות בירה בינלאומיות ב,IL,פיוז טי אפרסק 1.5 לי,ליטרים,1.50,ליטר,false,,10.50,7.0000,true,1,211815
7290110115494,false,תה קר בטעם ענבים פיוז טי 1.5 ליטר,מבשלות בירה בינלאומית בע,IL,פיוז טי ענבים 1.5 לי,ליטרים,1.50,ליטר,false,,10.50,7.0000,true,1,211833
7290110115531,false,משקה מוגז תפוח זירו פאנטה 1.5 ליטר,החברה המרכזית לייצור משק,IL,פאנטה זירו בטעם תפוח,ליטרים,1.50,ליטר,false,,10.50,7.0000,true,1,211747
7290110115593,false,פריגת אשכוליות 40% פחות סוכר 1.5 ליטר פיקדון,מבשלות בירה בינלאומיות ב,IL,משקה קל בטעם אשכוליו,ליטרים,1.50,ליטר,false,,9.90,6.6000,true,1,211575
7290110115609,false,פריגת ענבים 40% פחות סוכר 1.5 ליטר פיקדון,מבשלות בירה בינלאומיות ב,IL,משקה קל בטעם ענבים 4,ליטרים,1.50,ליטר,false,,9.90,6.6000,true,1,211596
7290110115623,false,משקה פיוז טי זירו ZERO בטעם אפרסק,מבשלות בירה בינלאומיות ב,IL,פיוז טי ZERO בטעם אפ,ליטרים,1.50,ליטר,false,,10.50,7.0000,true,1,237921
7290110116064,false,פאנטה ZERO פירות ירוק 1.5 ליטר פיקדון,החברה המרכזית לייצור משק,IL,פאנטה זירו 1.5 ליטר,ליטרים,1.50,ליטר,false,,10.50,7.0000,true,1,277017
7290110116132,false,"סירופ בטעם לימון פריגת 750 מ""ל",סירופ - גבעת חיים,IL,סירופ פריגת טעם לימו,מיליליטרים,750.00,"100 מ""ל",false,,21.90,2.9200,true,1,291380
7290110116149,false,"סירופ בטעם ענבים פריגת 750 מ""ל",סירופ - גבעת חיים,IL,סירופ פריגת טעם ענבי,מיליליטרים,750.00,"100 מ""ל",false,,21.90,2.9200,true,1,291381
7290110116156,false,נביעות+רכיבי פרי מנגו-פסיפלורה 1.5 ליטר-,"נביעות טבע הגליל בע""\מ",IL,נביעות+ פרי בטעם מנג,ליטרים,1.50,ליטר,false,,10.90,7.2667,true,1,307972
7290110116484,false,פריגת סחוט מיקס תות בננה 1ליטר,פריגת מצוננים,IL,פריגת סחוט MIX תות ב,ליטרים,1.00,ליטר,false,,15.90,15.9000,true,1,328707
7290110116491,false,פריגת סחוט מיקס אפרסק משמש 1ליטר,פריגת מצוננים,IL,פריגת סחוט MIX אפרסק,ליטרים,1.00,ליטר,false,,15.90,15.9000,true,1,328723
7290110116507,false,פריגת סחוט מיקס אננס בננה אגס 1ליטר,פריגת מצוננים,IL,פריגת סחוט MIX אננס,ליטרים,1.00,ליטר,false,,15.90,15.9000,true,1,328724
7290110116514,false,פריגת סחוט מיקס תות בננה 400מל,פריגת,IL,פריגת סחוט MIX תות ב,מיליליטרים,400.00,"100 מ""ל",false,,9.90,2.4750,true,1,346167
7290110116521,false,"פריגת סחוט מיקס אפרסק משמש 400 מ""ל",פריגת,IL,פריגת סחוט MIX אפרסק,מיליליטרים,400.00,"100 מ""ל",false,,9.90,2.4750,true,1,346151
7290110320591,false,גבינה בולגרית במרקם מעודן 16% פיראוס,תנובה חלב,IL,בולגרית 16% במרקם מע,גרמים,250.00,100 גרם,false,,23.70,9.4800,true,1,77485
7290110320867,false,פתיתים גבינה חצי קשה מגורדת 28% שומן,תנובה מרכז שיתופי לש,IL,עמק פתיתים למאפים 28,גרמים,500.00,100 גרם,false,,36.90,7.3800,true,1,98656
7290110320935,false,גבינת מוצרלה תנובה 150ג' פרוסות,תנובה מרכז שיתופי לש,IL,פרוסות מוצרלה 150 גר,גרמים,150.00,100 גרם,false,,18.90,12.6000,true,1,98657
7290110321031,false,מעדן חלב GO יוגורט מועשר בחלבון טבעי 200 ג' יופלה,"תנובה, מחלבת אלון תב",IL,יופלה גו 200 גרם תנו,גרמים,200.00,100 גרם,false,,6.30,3.1500,true,1,98600
7290110321277,false,קוטג' בקטנה 5% תנובה 100 גרם מהדרין,פארייפאבה אגרואינדוס,IL,קוטג' תנובה בקטנה 5,גרמים,100.00,100 גרם,false,,2.70,2.7000,true,1,107999
7290110321284,false,קוטג' בקטנה 9% תנובה 100 גרם מהדרין,פארייפאבה אגרואינדוס,IL,קוטג' תנובה בקטנה 9,גרמים,100.00,100 גרם,false,,2.70,2.7000,true,1,108000
7290110321451,false,משקה חלב גו מעושר בח,,,משקה חלב GO מועשר בח,ליטרים,1.00,ליטר,false,,11.50,11.5000,true,1,134779
7290110321604,false,קוביות פיראוס בולגרית מעודנת 5% 200 גרם - רבנות,תנובה חלב,IL,פיראוס קוביות בולגרי,גרמים,200.00,100 גרם,false,,22.80,11.4000,true,1,126356
7290110321680,false,יוגורט GO בטעם תות 20 גרם חלבון בגביע,מיוצר עי קונדיטוריית,IL,יופלה גו בטעם תות 20,גרמים,200.00,100 גרם,false,,6.20,3.1000,true,1,111561
7290110321697,false,יוגורט GO בטעם אפרסק 20 גרם חלבון בגביע,מיוצר עי קונדיטוריית,IL,יופלה גו בטעם אפרסק,מיליליטרים,200.00,"100 מ""ל",false,,6.20,3.1000,true,1,111562
7290110321703,false,יוגורט עם פירות יער בתוספת חלבוני חלב 2% שומן,מיוצר עי קונדיטוריית,IL,יופלה גו בטעם פרות י,מיליליטרים,200.00,"100 מ""ל",false,,6.20,3.1000,true,1,125138
7290110322014,false,טופו בטעם טבעי תנובה ALTERNATIVE,שוורצקוף& הנקל דיסלד,IL,טופו טבעי 300 גרם,גרמים,300.00,100 גרם,false,,13.50,4.5000,true,1,125146
7290110322038,false,"תנובה טופו פיקנטי 300 גר' בד""צ",שוורצקוף& הנקל דיסלד,IL,טופו פיקנטי 300 גרם,גרמים,300.00,100 גרם,false,,13.50,4.5000,true,1,125148
7290110322946,false,יופלה טיוב יוגורט במרקם חלק בטעם תות בננה כשרות רבנות 348 ג',תנובה חלב,IL,יופלה טיוב יוגורט במ,מיליליטרים,348.00,"100 מ""ל",false,,13.90,3.9943,true,1,134794
7290110322946,false,יופלה טיוב יוגורט במרקם חלק בטעם תות בננה כשרות רבנות 348 ג',תנובה חלב,IL,יופלה טיוב יוגורט במ,מיליליטרים,348.00,"100 מ""ל",false,,13.90,3.9943,true,1,134794
7290110322977,false,יופלה טיוב ענבים 58*6גרם,תנובה בעמ,IL,יופלה טיוב יוגורט במ,מיליליטרים,348.00,"100 מ""ל",false,,13.90,3.9943,true,1,134797
7290110323097,false,מעדן גבינה עם תות 5% שומן 80 ג' תנובה,תנובה בעמ,IL,תאומים 80 גרם גביע ב,גרמים,80.00,100 גרם,false,,2.00,2.5000,true,1,137026
7290110323189,false,יופלה פיסטוק 1.7% שו,,,יופלה פיסטוק 1.7% שו,מיליליטרים,150.00,"100 מ""ל",false,,5.70,3.8000,true,1,131802
7290110323301,false,טל העמק בסגנון אמנטל 32% שומן 200 גרם,עמק - תנובה,IL,גבינת עמק טל 32% שומ,גרמים,200.00,100 גרם,false,,20.90,10.4500,true,1,137982
7290110323547,false,קופון 20% הנחה חלב ד,,,קופון 20% הנחה חלב ד,יחידה,0.00,יחידה,false,,0.01,0.0000,true,1,134824
7290110323585,false,יופלה יוגורט עם דובדבן מופחת קלוריות 200 ג' GO,יופלה Yoplait,IL,יופלה GO לייט עם דוב,גרמים,200.00,100 גרם,false,,6.20,3.1000,true,1,136756
7290110323714,false,משקה קוקוס שקדים תנובה E אלטרנטיב,מיוצר עי קונדיטוריית,IL,תנובה משקה קוקוס שקד,יחידה,0.00,יחידה,false,,15.50,0.0000,true,1,137983
7290110323998,false,מאגדת שמינייה מיני קרלו קצפת 8*77 ג',תנובה מרכז שיתופי לש,IL,מאגדת 8 מיני קרלו ק,גרמים,616.00,100 גרם,false,,12.50,2.0292,true,1,164760
7290110324551,false,יופלה טיוב יוגורט במרקם חלק תות כשרות מהדרין,"תנובה בע""\מ",IL,יופלה טיוב יוגורט במ,מיליליטרים,348.00,"100 מ""ל",false,,13.90,3.9943,true,1,145644
7290110324711,false,ממרח סויה 9% שומן בטעם טבעי תנובה 250 גרם,מיוצר עי קונדיטוריית,IL,ממרח סויה 9% בטעם טב,גרמים,250.00,100 גרם,false,,10.90,4.3600,true,1,149690
7290110324858,false,מעדן שקדים בטעם אגוזי לוז תנובה 125 גרם,תנובה Alternative,IL,מעדן שקדים בטעם אגוז,גרמים,125.00,100 גרם,false,,4.90,3.9200,true,1,44753
7290110324872,false,גבינה צהובה גלבוע 5% שומן 200 גרם,גלבוע - תנובה,IL,גלבוע גבינה פרוסה 5%,גרמים,200.00,100 גרם,false,,19.90,9.9500,true,1,44729
7290110324926,false,משקה סויה ללא תוספת סוכר E אלטרנטיב,תנובה מרכז שיתופי לש,IL,משקה סויה ללא תוספת,יחידה,0.00,יחידה,false,,12.50,0.0000,true,1,31231
7290110325305,false,יופלה GO סויה 20 גרם חלבון במתיקות מעודנת תנובה 200 גרם,מיוצר עי קונדיטוריית,IL,יופלה סויה גו 20 גרם,גרמים,200.00,100 גרם,false,,6.20,3.1000,true,1,35520
7290110325312,false,יופלה GO סויה 20 גרם חלבון בטעם תות תנובה 200 גרם,"תנובה בע""\מ",IL,יופלה סויה גו 20 גרם,גרמים,200.00,100 גרם,false,,6.20,3.1000,true,1,35245
7290110325619,false,משקה שיבולת שועל תנובה E אלטרנטיב,מיוצר עי קונדיטוריית,IL,תנובה משקה שיבולת שו,יחידה,0.00,יחידה,false,,15.50,0.0000,true,1,47592
7290110325893,false,משקה חלב GO מועשר בחלבון בטעם אייס קפה,מיוצר עי קונדיטוריית,IL,משקה תנובה GO אייס ק,גרמים,340.00,100 גרם,false,,7.90,2.3235,true,1,47577
7290110326173,false,יולו COOKIES שוקולדלבן בטעם קרם עוגיות+עוגיות ונטיפי שוקולד 120 ג',תנובה חלב,IL,יולו קוקיז ש.לבן בטע,גרמים,120.00,100 גרם,false,,5.60,4.6667,true,1,73802
7290110326210,false,יופלה און טופ פצפוצים תנובה 157 גרם,מיוצר עי קונדיטוריית,IL,יופלה און טופ פצפוצי,גרמים,157.00,100 גרם,false,,5.90,3.7580,true,1,64962
7290110326227,false,יופלה און טופ קורנפלקס תנובה 157 גרם,מיוצר עי קונדיטוריית,IL,יופלה און טופ קורנפל,גרמים,157.00,100 גרם,false,,5.90,3.7580,true,1,64984
7290110326241,false,יופלה און טופ גרנולה תנובה 157 גרם,מיוצר עי קונדיטוריית,IL,יופלה און טופ גרנולה,יחידה,157.00,יחידה,false,,5.90,0.0376,true,1,64986
7290110327279,false,נפוליאון טוסקנה 24% שומן גביע 225 גרם,תנובה מרכז שיתופי לש,IL,נפוליאון טוסקנה 25%,גרמים,225.00,100 גרם,false,,15.90,7.0667,true,1,97024
7290110327514,false,alternative משקה שיבולת שועל בטעם אגוזי לוז תנובה 1 ליטר,תנובה מרכז שיתופי לש,IL,משקה שיבולת שועל בטע,יחידה,0.00,יחידה,false,,15.50,0.0000,true,1,175615
7290110327545,false,יופלה און טופ בטעם תות בתוספת פצפוצים מצופים שוקולד 157 גרם,מיוצר עי קונדיטוריית,IL,יופלה און טופ בטעם ת,גרמים,157.00,100 גרם,false,,5.90,3.7580,true,1,122467
7290110327811,false,חטיף חלבון GO - קוקוס 60 ג' חלב נוכרי - רבנות,"בלמונט קונפקציות בע""\מ.",US,GO חטיף חלבון עם קוק,גרמים,60.00,100 גרם,false,,14.90,24.8333,true,1,161368
7290110328016,false,משקה סויה מועשר בחלבון בטעם אגוזי לוז 250 גרם,תנובה מרכז שיתופי לש,IL,משקה סויה מעושר בחלב,גרמים,250.00,100 גרם,false,,6.90,2.7600,true,1,131228
7290110328436,false,פלח גאודה בטעם מעודן עיזים 29% קולקשין,"תנובה בע""\מ",IL,פלח גאודה עיזים בטעם,גרמים,150.00,100 גרם,false,,22.90,15.2667,true,1,151238
7290110328474,false,גבינת פרמג'יאנו רג'יאנו 30% מחלב בקר,מנדלז סי.אר. פרודקשן,IT,פלח פרמג'יאנו רג'יאנ,גרמים,150.00,100 גרם,false,,27.90,18.6000,true,1,151241
7290110328481,false,פתיתי פרמג'יאנו רג'יאנו מחלב בקר 30%,ברטינלי גיאני א.,IT,פתיתי פרמג'יאנו רג'י,גרמים,100.00,100 גרם,false,,15.60,15.6000,true,1,151242
7290110328627,false,יוגורט יופלה GO במרקם סמיך בטעם בננה קרמל 0%,מיוצר עי קונדיטוריית,IL,יוגורט גו סמיך 0% בנ,גרמים,200.00,100 גרם,false,,6.20,3.1000,true,1,164728
7290110328641,false,טופו טבעי 500 גרם 2 ALTERNATIVE יחידות *250 גרם,תנובה חלב,IL,טופו טבעי 2 יחידות,גרמים,500.00,100 גרם,false,,19.90,3.9800,true,1,181480
7290110328764,false,יוגורט יופלה GO במרקם סמיך עם תות 0%,מיוצר עי קונדיטוריית,IL,יוגורט גו סמיך 0% תו,גרמים,200.00,100 גרם,false,,6.20,3.1000,true,1,164744
7290110328771,false,יוגורט יופלה GO במרקם סמיך עם פירות יער 0%,מיוצר עי קונדיטוריית,IL,יוגורט גו סמיך 0% פי,גרמים,200.00,100 גרם,false,,6.20,3.1000,true,1,164745
7290110328788,false,יוגורט יופלה GO במרקם סמיך בטעם אפרסק 0%,תנובה מרכז שיתופי לש,IL,יוגורט גו סמיך 0% אפ,גרמים,200.00,100 גרם,false,,6.20,3.1000,true,1,164729
7290110329143,false,מעדן חלב מעושר בחלבון בטעם וניל גביע 120 ג' GO,תנובה מרכז שיתופי לש,IL,מעדן חלב גו בטעם וני,גרמים,120.00,100 גרם,false,,4.90,4.0833,true,1,215972
7290110329266,false,יוגורט תנובה מחלב עיזים מלא תנובה 140 ג',קריות זול,IL,יוגורט מחלב עיזים מל,גרמים,140.00,100 גרם,false,,6.90,4.9286,true,1,181509
7290110329273,false,יוגורט תנובה מחלב עיזים מלא 750 גרם,תנובה,IL,יוגורט מחלב עיזים מל,גרמים,750.00,100 גרם,false,,20.90,2.7867,true,1,181566
7290110329716,false,משקה חלב קר בטעם קפוצ'ינו 230 גרם תנובה,תנובה מרכז שיתופי לש,IL,קפה קר בטעם קפוצ'ינו,מיליליטרים,230.00,"100 מ""ל",false,,7.90,3.4348,true,1,271146
7290110329723,false,משקה חלב קר בטעם לאטה 230 גרם תנובה,תנובה מרכז שיתופי לש,IL,קפה קר בטעם לאטה תנו,מיליליטרים,230.00,"100 מ""ל",false,,7.90,3.4348,true,1,271688
7290110329792,false,יוגורט סויה BIO Alternative אפרסק 150 ג' תנובה,מיוצר עי קונדיטוריית,IL,סויה BIO אפרסק גביע,גרמים,150.00,100 גרם,false,,5.50,3.6667,true,1,238987
7290110329808,false,יוגורט סויה BIO Alternative תות 150 ג' תנובה,מיוצר עי קונדיטוריית,IL,סויה BIO תות גביע 15,גרמים,150.00,100 גרם,false,,5.50,3.6667,true,1,238988
7290110329815,false,סויה BIO מתיקות מעודנת גביע 150 גרם אלטרנטיב,מיוצר עי קונדיטוריית,IL,סויה BIO מתיקות מעוד,גרמים,150.00,100 גרם,false,,5.50,3.6667,true,1,238989
7290110329822,false,יוגורט סויה BIO Alternative פירות יער 150 ג' תנובה,מיוצר עי קונדיטוריית,IL,סויה BIO פירות יער ג,גרמים,150.00,100 גרם,false,,5.50,3.6667,true,1,238990
7290110329839,false,פרוסות צהובה בטעם זיתים 200 ג' אלטרנטיב אלטרנטיב,מיוצר עי קונדיטוריית,IL,פרוסות צהובה בטעם זי,גרמים,200.00,100 גרם,false,,22.90,11.4500,true,1,216290
7290110329846,false,יוגורט סויה BIO Alternative בטעם טבעי 150 ג' תנובה,תנובה Alternative,IL,סויה BIO טבעי גביע 1,גרמים,150.00,100 גרם,false,,5.50,3.6667,true,1,238991
7290110550226,false,מטבעות שוקולד מריר לאפיה 400 גרם עלית,"פוליבה בע""\מ",IL,מטבעות שוקולד מריר ל,גרמים,400.00,100 גרם,false,,31.90,7.9750,true,1,271552
7290110550370,false,פריכיות משולשות קינואה ופלפל שחור 65 גרם,שטראוס גרופ,IL,אנרגי פריכיות משולשו,גרמים,65.00,100 גרם,false,,11.90,18.3077,true,1,336263
7290110550394,false,PERFECT BITE שוקולד חלב במילוי קרם ושברי אגוזי לוז 234 גרם,"שטראוס גרופ בע""\מ",IL,מיני חטיפי שוקולד PE,גרמים,234.00,100 גרם,false,,23.10,9.8718,true,1,203340
7290110551254,false,נשנושי תירס 600 גרם טעם הטבע שטראוס,"מיוצר ע""\י או.וי אינטרנש",TH,נשנושי תירס 600 גרם,גרמים,600.00,100 גרם,false,,17.00,2.8333,true,1,324506
7290110552121,false,יוגורט בתוספת סידן וויטמין ד 100 ג' דנונה,תנובה מרכז שיתופי לש,IL,היוגורט הראשון שלי 5,גרמים,100.00,100 גרם,false,,2.50,2.5000,true,1,282403
7290110552220,false,יוגורט PRO בטעם תות 0% סוכר לבן 20 גרם חלבון בגביע,"שטראוס בריאות בע""\מ",IL,דנונה PRO 20 גרם חלב,גרמים,200.00,100 גרם,false,,6.50,3.2500,true,1,232742
7290110552237,false,יוגורט פרו בטעם אפרסק מנגו ללא סוכר 200 ג' דנונה,"שטראוס בריאות בע""\מ",IL,דנונה PRO 20 גרם חלב,גרמים,200.00,100 גרם,false,,6.50,3.2500,true,1,232727
7290110552817,false,עלית - צנצנת מאסט בטעם גלידה לימון,אסקום קונפקשיין,DE,מסטיק ללא סוכר בטעם,גרמים,66.00,100 גרם,false,,12.90,19.5455,true,1,291186
7290110553104,false,נסקפה קפוצ'ינו סטיק קלאסי 130 ג' עלית,מוקטה אס.פי.,PL,נמס קפוצינו -אבקה לה,גרמים,130.00,100 גרם,false,,17.90,13.7692,true,1,344877
7290110553340,false,נמס מילקשייק- אבקה להכנת משקה קר בטעם מלבי,שטראוס קפה בי.וי,IL,ICE נמס מילקשייק בטע,גרמים,200.00,100 גרם,false,,16.90,8.4500,true,1,279847
7290110553425,false,קפה נמס 200 גרם +20% תוספת עלית,שטראוס קפה בי.וי,IL,קפה נמס עלית פחית מו,גרמים,240.00,100 גרם,false,,21.90,9.1250,true,1,237173
7290110554125,false,"נודלס סצ'ואן חריף""דלישס"" שטראוס",אוכל ביתי ניר עציון,IL,נודלס בסגנון סצ'ואן,גרמים,350.00,100 גרם,false,,28.90,8.2571,true,1,208310
7290110554583,false,מארז חטיפי צ'יטוס פאפס בטעם גבינה - 10 יחידות,"שטראוס פריטו ליי בע""\מ )",IL,מארז צ'יטוס PUFFS בט,גרמים,200.00,100 גרם,false,,15.20,7.6000,true,1,225309
7290110555078,false,לאבנה עם שמן זית ועשבי תיבול שטראוס 250 גרם,"מחלבות בר בכפר בע""\מ",IL,לאבנה עם עשבי תיבול,גרמים,250.00,100 גרם,false,,13.50,5.4000,true,1,279751
7290110555092,false,לאבנה עם שמן זית וצ'ילי שטראוס 250 גרם,"מחלבות בר בכפר בע""\מ",IL,לאבנה עם שמן זית וצ',גרמים,250.00,100 גרם,false,,13.50,5.4000,true,1,279752
7290110555306,false,רבע לשבע טבעוני סינמון באן עלית 125 גרם,"הגביע מוצרי וופלים בע""\מ",IL,רבע לשבע טבעוני סינמ,גרמים,120.00,100 גרם,false,,12.90,10.7500,true,1,274670
7290110555665,false,קקאו דל שומן עלית בקופסא 220 גרם,"ג'אלוסיס י. בע""\מ",GR,אבקת קקאו דל שומן 22,גרמים,220.00,100 גרם,false,,19.90,9.0455,true,1,344946
7290110555788,false,נסקפה קפוצ'ינו פחית וניל 200 ג' עלית,מוקטה אס.פי.,PL,אבקה להכנת משקה קפה,גרמים,200.00,100 גרם,false,,25.90,12.9500,true,1,344914
7290110555795,false,נסקפה קפוצ'ינו פחית קלאסי 200 ג' עלית,מוקטה אס.פי.,PL,אבקה להכנת משקה קפה,גרמים,200.00,100 גרם,false,,25.90,12.9500,true,1,344898
7290110556242,false,"שוקולד מריר פרווה 100 גר' בד""ץ תוצרת חוץ","שטראוס גרופ בע""מ.",FR,שוקולד מריר מעולה 10,גרמים,100.00,100 גרם,false,,6.30,6.3000,true,1,324215
7290110557027,false,חומוס עשיר 50% טחינה גולמית 400 ג' אחלה,מיוצר עי קונדיטוריית,IL,חומוס הסדרה עשיר ב50,גרמים,400.00,100 גרם,false,,15.20,3.8000,true,1,215181
7290110557102,false,מעדן חלב עם שוקולד מועשר בחלבון 150 ג' שטראוס,מיוצר עי קונדיטוריית,IL,מעדן פרו חלב עם שוקו,גרמים,150.00,100 גרם,false,,6.20,4.1333,true,1,199842
7290110557133,false,מעדן הגולן וניל 125 ג' שטראוס,מיוצר עי קונדיטוריית,IL,מעדן הגולן מעדן חלב,גרמים,125.00,100 גרם,false,,3.50,2.8000,true,1,210109
7290110557317,false,יוגורט בתוספת סידן וויטמין ד עם שיבולת שועל 100 ג' דנונה,תנובה מרכז שיתופי לש,IL,היוגורט הראשון שלי ש,גרמים,100.00,100 גרם,false,,2.50,2.5000,true,1,282418
7290110557478,false,חומוס גלילי במרקם מעודן 600 גרם,"שטראוס גרופ בע""\מ",IL,חומוס גלילי אחלה 60,גרמים,600.00,100 גרם,false,,13.90,2.3167,true,1,261915
7290110558130,false,יוגורט אקטיביה עם שיבולת שועל ודבש 150 גרם,"שטראוס בריאות בע""\מ",IL,אקטיביה עם דבש ושיבו,גרמים,150.00,100 גרם,false,,5.10,3.4000,true,1,280066
7290110558154,false,דנונה לייט אנד פרי עוגת תפוחים 150ג דנונה,"שטראוס בריאות בע""\מ",IL,דנונה לייט אנד פרי ת,גרמים,150.00,100 גרם,false,,4.90,3.2667,true,1,298532
7290110558253,false,דנונה שייק נונה ריפרש בננה אננס וצ'יה,"שטראוס בריאות בע""\מ",IL,יוגורט עם אננס בננה,גרמים,250.00,100 גרם,false,,5.90,2.3600,true,1,280082
7290110558284,false,דנונה ביו מולטי שטראוס 200 גרם,"שטראוס בריאות בע""\מ",IL,דנונה מולטי 3% שומן,מיליליטרים,200.00,"100 מ""ל",false,,4.70,2.3500,true,1,290589
7290110558307,false,יוגורט דנונה PRO עם שיבולת שועל במתיקות מעודנת,"שטראוס בריאות בע""\מ",IL,דנונה פרו עם שיבולת,מיליליטרים,200.00,"100 מ""ל",false,,6.90,3.4500,true,1,280614
7290110558314,false,דנונה פרו 20 גרם חלבון ללא סוכר פיסטוק 200 גרם,"שטראוס בריאות בע""\מ",IL,דנונה פרו ללא סוכר 2,גרמים,200.00,100 גרם,false,,6.50,3.2500,true,1,298533
7290110560300,false,"הפריכיות הטעימות חומוס, עדשים שחורות, קינואה ופלפל שחור",אנרג'י Energy - שטראוס,IL,פריכיות משולשות פלפל,גרמים,30.00,100 גרם,false,,6.20,20.6667,true,1,137230
7290110560317,false,"הפריכיות הטעימות חומוס, עדשים שחורות, קינואה ומלח ים","פרח תעשיו מזון בע""מ",IL,פריכיות משולשות מלח,גרמים,30.00,100 גרם,false,,6.20,20.6667,true,1,137231
7290110560324,false,"הפריכיות הטעימות תפו""א, אורז, אפונה ומלח ים","פרח תעשיו מזון בע""מ",IL,פריכיות משולשות אפונ,גרמים,30.00,100 גרם,false,,6.20,20.6667,true,1,137232
7290110560836,false,"מילקי טעם פסק זמן שטראוס 133 מ""ל",מיוצר עי קונדיטוריית,IL,מילקי בטעם פסק זמן 1,מיליליטרים,170.00,"100 מ""ל",false,,3.10,1.8235,true,1,122629
7290110561352,false,דנונה יוגורט ביו פרוביוטי 3% דל לקטוז 150ג',"שטראוס בריאות בע""\מ",IL,דנונה ביו דל לקטוז ב,גרמים,200.00,100 גרם,false,,4.10,2.0500,true,1,124631
7290110563431,false,"משקה קפה קר בסגנון קלאסי 230 מ""ל 1.6% יוטבתה",האי נאם סי או אל.טי.,AT,יטבתה משקה קפה קר בס,מיליליטרים,230.00,"100 מ""ל",false,,7.90,3.4348,true,1,139093
7290110563448,false,"משקה קפה קר בסגנון מעודן 230 מ""ל 1.6% יוטבתה",האי נאם סי או אל.טי.,AT,יטבתה משקה קפה קר בס,מיליליטרים,230.00,"100 מ""ל",false,,7.90,3.4348,true,1,139094
7290110563462,false,חלב 2% דל לקטוז בבקבוק יטבתה 1 ליטר.,מחלבת יטבתה,IL,יטבתה חלב בבקבוק נטו,ליטרים,1.00,ליטר,false,,9.30,9.3000,true,1,140494
7290110564339,false,חומוס אחלה הסידרה המובחר 30% טחינה 400 גר',מיוצר עי קונדיטוריית,IL,חומוס הסדרה המובחרת,גרמים,400.00,100 גרם,false,,15.20,3.8000,true,1,113016
7290110564360,false,חומוס אחלה הסידרה המובחר 40% טחינה 400 גר',מיוצר עי קונדיטוריית,IL,חומוס אחלה עשיר ב 40,גרמים,400.00,100 גרם,false,,15.20,3.8000,true,1,113017
7290110564414,false,חומוס אחלה הסידרה המובחר 30% טחינה 600 גר',מיוצר עי קונדיטוריית,IL,חומוס הסדרה המובחרת,גרמים,600.00,100 גרם,false,,15.90,2.6500,true,1,113097
7290110564742,false,"משקה קפה קר בסגנון חזק 230 מ""ל 1.2% יוטבתה",האי נאם סי או אל.טי.,AT,יטבתה משקה קפה קר בס,מיליליטרים,230.00,"100 מ""ל",false,,7.90,3.4348,true,1,139095
7290110565435,false,"לימבו ג'לי פטל 125 גרם חלבי ""שטראוס""","שטראוס גרופ בע""\מ",IL,לימבו בטעם פטל 0% שו,גרמים,125.00,100 גרם,false,,2.50,2.0000,true,1,110915
7290110565527,false,יוגורט PRO פרו 1.5% 20 גרם חלבון בגביע,"שטראוס בריאות בע""מ",IL,דנונה PRO 20 גרם חלב,גרמים,200.00,100 גרם,false,,6.50,3.2500,true,1,106880
7290110565664,false,עוגת בראוניז מריר+קרם380,"שטראוס גרופ בע""\מ",IL,עוגת בראוניז שוקולד,גרמים,380.00,100 גרם,false,,18.50,4.8684,true,1,134443
7290110565664,false,עוגת בראוניז מריר+קרם380,"שטראוס גרופ בע""\מ",IL,עוגת בראוניז שוקולד,גרמים,380.00,100 גרם,false,,18.50,4.8684,true,1,134443
7290110566975,false,דנונה פרו יוגורט 0% תות עשיר בחלבון 200ג',"שטראוס בריאות בע""\מ",IL,דנונה PRO 20 גרם חלב,גרמים,200.00,100 גרם,false,,6.50,3.2500,true,1,124675
7290110567057,false,צנצנת מסטיק מאסט קוביות מנטה חזקה 66 ג' עלית,אסקום קונפקשיין,DE,בוקסי מאסט מנטה אקלי,גרמים,66.00,100 גרם,false,,11.50,17.4242,true,1,136189
7290110568276,false,משקה וניל פרו Pro מועשר בחלבון 1.5%,מחלבת יטבתה,DE,משקה פרו וניל יטבתה,מיליליטרים,350.00,"100 מ""ל",false,,7.30,2.0857,true,1,125980
7290110568320,false,פרה אצבעות שוקולד בט,,,פרה אצבעות שוקולד בט,גרמים,86.00,100 גרם,false,,8.50,9.8837,true,1,138887
7290110568559,false,דוריטוס עלית מארז חמוץ חריף 10 יח' *25 ג',"שטראוס פריטו ליי בע""מ )פ",IL,מארז דוריטוס חמוץ חר,גרמים,250.00,100 גרם,false,,14.90,5.9600,true,1,128309
7290110568627,false,עלית - פסק זמן רול שוקולד חלב עם קרם אגוזים 26 גרם,שולן צ'\יקולטה גידה סאן.,TR,פסק זמן רול ש.חלב עם,גרמים,28.00,100 גרם,false,,4.50,16.0714,true,1,65447
7290110568924,false,עלית - פסק זמן רול שוקולד חלב עם קרם חלב וקוקוס 26 גרם,שולן צ'\יקולטה גידה סאן.,TR,פסק זמן רול ש.חלב עם,גרמים,26.00,100 גרם,false,,4.50,17.3077,true,1,68977
7290110570224,false,"משקה קפה קר בטעם עוגיות יטבתה 230 מ""ל",אנסטל מילק kg,AT,משקה קפה קר בטעם עוג,מיליליטרים,230.00,"100 מ""ל",false,,7.90,3.4348,true,1,290773
7290110570880,false,פולי אספרסו עשירים וארומטיים עוצמה 14 עלית 250 גרם,,IL,פולי אספרסו עשירים ו,גרמים,250.00,100 גרם,false,,22.90,9.1600,true,1,294546
7290110571382,false,מעדן חלב בטעם וניל מעושר בחלבון 150 ג' שטראוס,"שטראוס בריאות בע""\מ",IL,מעדן חלב מועשר בחלבו,גרמים,150.00,100 גרם,false,,5.50,3.6667,true,1,266849
7290110571405,false,עלית - מיני פינוקיות בגביע פסק זמן 180 גרם,"הגביע מוצרי ופלים בע""\מ",IL,מיני פינוקיות פסק זמ,גרמים,180.00,100 גרם,false,,11.90,6.6111,true,1,344784
7290110571412,false,מיני פינוקיות - פאדג' שוקולד בגביע 180 גרם,"הגביע מוצרי ופלים בע""\מ",IL,מיני פינוקיות בגביע,גרמים,180.00,100 גרם,false,,11.90,6.6111,true,1,344768
7290110571474,false,רבע לשבע טבעוני פופקורן עלית 125 גרם,"הגביע מוצרי וופלים בע""\מ",IL,רבע לשבע טבעוני פופק,גרמים,125.00,100 גרם,false,,12.90,10.3200,true,1,311000
7290110571535,false,מארז קפה טורקי הל עלית 300 גרם,שטראוס קפה בי.וי.,IL,קפה עלית טורקי הל מא,גרמים,300.00,100 גרם,false,,27.90,9.3000,true,1,271483
7290110572129,false,כיף כף מקלות שוקולד לבן 40 ג' עלית,סולן בעבור שטראוס,TR,כיף כף מקלות שוקולד,גרמים,40.00,100 גרם,false,,6.20,15.5000,true,1,347379
7290110572884,false,"קפסולות קפה מספר 20 למכונת אספרס אספרסו, 50 גרם",שטראוס קפה בי.וי.,IL,קפסולות אספרסו קפה ע,גרמים,50.00,100 גרם,false,,18.90,37.8000,true,1,344930
7290110574413,false,עלית - פופקורן בטעם טעמי 70 גרם,סראנו בעבור שטראוס,קפריסין,נשנושי פופקורן מתוק,גרמים,70.00,100 גרם,false,,8.90,12.7143,true,1,352922
7290110574420,false,עלית - פופקורן בטעם פסק זמן 70 גרם,סראנו בעבור שטראוס,קפריסין,נשנושי פופקורן מתוק,גרמים,70.00,100 גרם,false,,8.90,12.7143,true,1,352923
7290110576370,false,מארז שלישייה שוקולד מריר חלבי עם אגוזי לוז,סמואה,FR,מארז שלישיית אגוז מ,גרמים,300.00,100 גרם,false,,29.40,9.8000,true,1,327405
7290110576752,false,טבלאות שוקולד ספלנדיד מריר 70% 100 ג' עלית,קימ'ס גריפלנן,BE,שוקולד ספלנדיד מריר,גרמים,100.00,100 גרם,false,,12.90,12.9000,true,1,345008
7290110576776,false,טבלאות שוקולד ספלנדיד מריר 85% 100 ג' עלית,קימ'ס גריפלנן,BE,שוקולד ספלנדיד מריר,גרמים,100.00,100 גרם,false,,12.90,12.9000,true,1,345009
7290110576790,false,גבינת סקי 3% בטעם מוקה 125 גרם,"שטראוס בריאות בע""\מ",IL,מעדן גבינה בטעם מוקה,גרמים,125.00,100 גרם,false,,3.90,3.1200,true,1,326369
7290111097041,false,מגבוני בייביסיטר מבושמים 66*8,קיבוץ עמיר dpl,IL,בייביסיטר מגבונים לח,יחידה,0.00,יחידה,false,,22.90,0.0000,true,1,173496
7290111098536,false,מגבונים לחים לתינוק,,,מגבונים לחים לתינוק,יחידה,0.00,יחידה,false,,14.90,0.0000,true,1,264923
7290111285288,false,צלחת במבוק 23 סמ ספיידרמן,שמחה זה אנחנו,CN,צלחת במבוק 9 אנץ,יחידה,0.00,יחידה,false,,10.90,0.0000,true,1,126411
7290111340185,false,מטליות לחות רצפה ניחוח מרכך כביסה ניקול 10 יחידות,חוגלה קימברלי,IL,ניקול לחות לניקוי רצ,יחידה,0.00,יחידה,false,,12.50,0.0000,true,1,86255
7290111341731,false,טיטולים פרימיום מידה 4+ 32 יח',,,טיטולים פרימיום אריז,יח',32.00,יח',false,,25.90,0.8094,true,1,165740
7290111342004,false,נייר טואלט לילי לח קידס 56 דפים,חוגלה קימברלי,IL,לילי נייר טואלט לח ק,יחידה,0.00,יחידה,false,,9.90,0.0000,true,1,147406
7290111342073,false,מטליות מקרופייבר למשטחים אנטיבקטריאלי ניקול,ניקול,IL,מטליות מיקורפייבר אנ,יחידה,0.00,יחידה,false,,13.90,0.0000,true,1,52351
7290111342523,false,מפיות אירוח לשימוש יומיומי ניקול 100 יח,חוגלה קימברלי,IL,מפיות צבעוני ניקול 1,יחידה,0.00,יחידה,false,,9.90,0.0000,true,1,54485
7290111343117,false,"קלינקס לושן סופט פק זוגות 140 דף ""חדש""",קימברלי קלארק,IL,טישו לושן סופט קליני,יחידה,0.00,יחידה,false,,14.90,0.0000,true,1,111288
7290111343827,false,ניקול מטליות רב שימושיות לניקוי וקרצוף 6 יח',UFO,IL,ניקול מטליות רב שימו,יח',9.00,יח',false,,10.90,1.2111,true,1,95065
7290111344138,false,"מטליות ניקול רב""ש אנטיבקטריאליות 6 יח",נ.אורים,IL,מטליות לחות אנטיבקטר,יח',0.00,יח',false,,13.50,0.0000,true,1,81046
7290111344206,false,האגיס נטורל קר מגבונים לחים בבישום עדין רביעייה,חוגלה קימברלי,IL,מגבוני האגיס נטורל ק,יחידה,0.00,יחידה,false,,21.90,0.0000,true,1,208495
7290111344503,false,חיתולי האגיס אקסטרה קייר מידה +4 36 יח',חוגלה קימברלי,IL,האגיס אקסטרה קר מידה,יחידה,0.00,יחידה,false,,61.90,0.0000,true,1,150936
7290111344732,false,קלינקס - טיישו אלרג'י קומפורט ניילון זוגות 140 דף,קימברלי קלארק,IL,קלינקס אלרג'י קומפור,יחידה,0.00,יחידה,false,,14.90,0.0000,true,1,200290
7290111345814,false,נייר טואלט לילי נטורל קר 30 גלילים מהדורה,לילי נייר טואלט חוגלה,IL,נייר טואלט נטורל קר,יח',30.00,יח',false,,37.90,1.2633,true,1,225928
7290111351181,false,מיני מנטוס 35 יח' בש,,,מיני מנטוס 35 יח' בש,יחידה,0.00,יחידה,false,,24.90,0.0000,true,1,138539
7290111351204,false,צ'ופה צ'ופס 35 יח' ב,,,צ'ופה צ'ופס 35 יח' ב,גרמים,120.00,100 גרם,false,,24.90,20.7500,true,1,138540
7290111351402,false,מארז יוגטה חלבי לפור,,,מארז יוגטה חלבי לפור,יחידה,0.00,יחידה,false,,12.90,0.0000,true,1,138541
7290111351419,false,"מארז פורים בד""צ",,,"מארז פורים בד""צ",יחידה,0.00,יחידה,false,,12.90,0.0000,true,1,138542
7290111352973,false,יוגוטה קוביות חמוצות ממולאות בטעם פירות,יוגטה yogueta,TR,יוגטה קוביות חמוציות,גרמים,220.00,100 גרם,false,,7.90,3.5909,true,1,94864
7290111353055,false,"גומי דובי 200 גר' וסטהיים (כש""לפ בית יוסף)",טופגם תעשיות ממתקים,TR,יוגטה סוכריות גומי ד,גרמים,200.00,100 גרם,false,,10.90,5.4500,true,1,111087
7290111353123,false,"גומי נחש מסוכר 200 גר' וסטהיים (כש""לפ בית יוסף)",טופגם תעשיות ממתקים,IL,יוגטה סוכריות גומי נ,גרמים,200.00,100 גרם,false,,10.90,5.4500,true,1,111089
7290111353451,false,חטיף בירקות שורש ומלח ים הוטפופ 120 גרם,איץ.סיי גרופ אס.דה א,HN,הוטפופ ווגי' צ'יפס ח,גרמים,120.00,100 גרם,false,,15.90,13.2500,true,1,136516
7290111534010,false,פס גבינה שמנת פירורים קפולסקי 400 גרם,תופינים מקבוצת קפולסקי,IL,פס גבינה שמנת ופירור,גרמים,450.00,100 גרם,false,,44.90,9.9778,true,1,121072
7290111563812,false,ספגטי 20% תוספת 600 גרם,אסם,IL,ספגטי 20% תוספת אסם,גרמים,600.00,100 גרם,false,,6.90,1.1500,true,1,137742
7290111564277,false,פריכיות דקות ונימוחות 3 דגנים פיטנס Fitness,פרח תעשיות בעמ,IL,פריכיות 3 דגנים דקות,גרמים,120.00,100 גרם,false,,11.90,9.9167,true,1,88217
7290111564291,false,פריכיות דקות ונימוחות 3 דגנים וקינואה פיטנס Fitness,פרח תעשיות בעמ,IL,פריכיות קינואה דקות,גרמים,120.00,100 גרם,false,,11.90,9.9167,true,1,88218
7290111565038,false,"לה קרמריה וניל קוקילידה בד""צ 1.4 ל'",גלידות נסטלה )נגה גלידות,IL,לה קרמריה בטעם וניל,ליטרים,1.40,ליטר,false,,25.90,18.5000,true,1,123683
7290111566226,false,שניצל ברוקולי טבעול 667 גרם,עיצובים 2020 (4.8),IL,טבעול שניצל ברוקולי,גרמים,667.00,100 גרם,false,,35.90,5.3823,true,1,119709
7290111566226,false,שניצל ברוקולי טבעול 667 גרם,עיצובים 2020 (4.8),IL,טבעול שניצל ברוקולי,גרמים,667.00,100 גרם,false,,35.90,5.3823,true,1,119709
7290111566240,false,שניצל דק מן הצומח בטעם צ'ילי חריף 700 גרם,עיצובים 2020 (4.8),IL,שניצל דק צמחוני בטע,גרמים,564.00,100 גרם,false,,35.90,6.3652,true,1,119710
7290111566271,false,חטיפי תירס טבעול 657 גרם,עיצובים 2020 (4.8),IL,חטיפי תירס טבעול 65,גרמים,657.00,100 גרם,false,,34.90,5.3120,true,1,119711
7290111566318,false,שניצל דק מן הצומח בטעם ביתי 700 גרם,עיצובים 2020 (4.8),IL,שניצל דק צמחוני בט,גרמים,564.00,100 גרם,false,,35.90,6.3652,true,1,119713
7290111566332,false,"נקניקיות וינר מן הצומח 680 גרם ""טבעול""",עיצובים 2020 (4.8),IL,נקניקיה וינר 680 גר,גרמים,680.00,100 גרם,false,,35.90,5.2794,true,1,112865
7290111566417,false,טבעול טחון מן הצומח משופר 400 גרם,עיצובים 2020 (4.8),IL,טחון מן הצומח 500,גרמים,500.00,100 גרם,false,,32.90,6.5800,true,1,119714
7290111566462,false,פסטה פנה אסם 2*500 ג,,,פסטה פנה אסם 2*500 ג,קילוגרמים,1.00,"ק""ג",false,,10.90,10.9000,true,1,119661
7290111566547,false,טבעול חזה בגריל צמחוני 99 קלוריות 560ג',עיצובים 2020 (4.8),IL,חזה בגריל מו הצומח,גרמים,560.00,100 גרם,false,,35.90,6.4107,true,1,112888
7290111566561,false,"שניצל ברוקולי 99 קלוריות 560 גר' ""טבעול""",עיצובים 2020 (4.8),IL,טבעול שניצל ברוקולי,גרמים,630.00,100 גרם,false,,35.90,5.6984,true,1,119716
7290111566585,false,"שניצל צמחוני 99 קלוריות 650 גר' ""טבעול""",עיצובים 2020 (4.8),IL,שניצל מן הצומח מופח,גרמים,650.00,100 גרם,false,,35.90,5.5231,true,1,119717
7290111566752,false,טבעול שניצל תירס 99 קלוריות 693 גרם,עיצובים 2020 (4.8),IL,שניצל תירס לייט טבעו,גרמים,693.00,100 גרם,false,,35.90,5.1804,true,1,119722
7290111566776,false,"נקניקיות קוקטייל מן הצומח 680 גרם ""טבעול""",עיצובים 2020 (4.8),IL,נקנקיות קוקטייל מן,גרמים,680.00,100 גרם,false,,35.90,5.2794,true,1,119723
7290111567018,false,פירורית זהב כוסמין אסם 200 גרם,עינת,,פירורית זהב כוסמין,גרמים,200.00,100 גרם,false,,8.30,4.1500,true,1,119662
7290111568206,false,"מיקס ביסלי, אפרופו ופיצוחים מתובלים",פרו מן יו פתרונות אר,IL,ביסלי פארטי מיקס ברב,גרמים,150.00,100 גרם,false,,7.90,5.2667,true,1,121993
7290111568275,false,אטריות נודלס אורז רחבות אסם אסייתי 300גרם,תאי פרזידנט,TH,נודלס אטריות אורז רח,גרמים,300.00,100 גרם,false,,10.90,3.6333,true,1,126401
7290111568466,false,רוטב אסייתי למוקפץ הסדרה האסייתית,אסיף תעשיות מזון בעמ,IL,אסם רוטב אסיאתי למוק,מיליליטרים,290.00,"100 מ""ל",false,,12.90,4.4483,true,1,126575
7290111738678,false,גרבי סירה נשים שלישי,,,גרבי סירה נשים שלישי,יחידה,0.00,יחידה,false,,8.90,0.0000,true,1,76495
7290111738685,false,גרבי בובה נשים 3 יח',,,גרבי בובה נשים 3 יח',יחידה,0.00,יחידה,false,,8.90,0.0000,true,1,76496
7290111870897,false,מרשמלו מסולסל ארוך בשקית 18 גר'-LOL,,CN,מרשמלו מסולסל ארוך 1,גרמים,432.00,100 גרם,false,,32.90,7.6157,true,1,206308
7290111870910,false,מרשמלו מסולסל ארוך 18 גר'- כוח פי גיי,,CN,מרשמלו מסולסל ארוך 1,גרמים,432.00,100 גרם,false,,32.90,7.6157,true,1,206291
7290111879074,false,בקבוק טריטן מרובע 60,,,בקבוק טריטן מרובע 60,יחידה,0.00,יחידה,false,,24.90,0.0000,true,1,127088
7290111930898,false,חטיף פוף כוכבים גריל אמריקאי 40 גרם,פוף POOF,IL,פוף כוכבים גריל אמרי,גרמים,40.00,100 גרם,false,,4.50,11.2500,true,1,102179
7290111930911,false,חטיף פוף לבבות קלאסי 40 גרם,פוף POOF,IL,פוף לבבות קלאסי 40 ג,גרמים,40.00,100 גרם,false,,4.40,11.0000,true,1,102181
7290111930928,false,חטיף פוף לבבות גריל 40 גרם,פוף POOF,IL,"פוף לבבות גריל 40 ג""",גרמים,40.00,100 גרם,false,,4.40,11.0000,true,1,102182
7290111933462,false,"רוטב צ'ילי מתוק מאסטר שף 300 מ""ל","סיטי פוד בע""מ",TH,רוטב צ'ילי מתוק 300,מיליליטרים,300.00,"100 מ""ל",false,,10.90,3.6333,true,1,116497
7290111933554,false,שלישייה עגבניות קוביות מאסטר שף 400 גרם,קונסוריזיו קאסאלסקו,IT,עגבניות קוביות מאסטר,קילוגרמים,1.20,"ק""ג",false,,17.90,14.9167,true,1,134424
7290111935527,false,"קולגייט זוג משחת שיניים טוטל קלין מינט 100 מ""ל",קולגייט פלמוליב,PL,קולגייט טוטל קלין מי,מיליליטרים,200.00,"100 מ""ל",false,,29.90,14.9500,true,1,138908
7290111935886,false,מאסטר שף תערובת לעוג,,,מאסטר שף תערובת לעוג,גרמים,260.00,100 גרם,false,,15.00,5.7692,true,1,138921
7290111935893,false,מאסטר שף תערובת לעוג,,,מאסטר שף תערובת לעוג,גרמים,260.00,100 גרם,false,,15.00,5.7692,true,1,138922
7290111935961,false,מאסטר שף מחית עגבניות 690 גרם,פראנו אנריקו ופיגלי,IT,מחית עגבניות מאסטר ש,גרמים,690.00,100 גרם,false,,10.90,1.5797,true,1,146406
7290111936487,false,"קולגייט זוג משחת שיניים טוטל קלין להלבנה 100 מ""ל",קולגייט,PL,קולגייט טוטל הלבנה ז,מיליליטרים,200.00,"100 מ""ל",false,,29.90,14.9500,true,1,138909
7290111936647,false,"משחת שיניים קולגייט מקס כחול 125 מ""ל*2 כשלפ",קולגייט פלמוליב,PL,קולגייט מקס זוג 2*12,מיליליטרים,250.00,"100 מ""ל",false,,30.90,12.3600,true,1,138910
7290111936784,false,פרי מארז חטיפים 5 יחידות תמרים ואגוזי לוז כשלפ,"טבעית מוצרים מהטבע בע""\מ",IL,פרי מארז חטיפים תמרי,גרמים,125.00,100 גרם,false,,15.90,12.7200,true,1,138923
7290111936852,false,פרי מארז חטיפי 5יח תמרים חמוציות ותפוח עץ 125ג'',"טבעית מוצרים מהטבע בע""\מ",IL,פרי מארז חטיפים תמרי,גרמים,125.00,100 גרם,false,,15.90,12.7200,true,1,138924
7290111938481,false,"רוטב סויה בהירה מאסטר שף 300 מ""ל",מאסטר שף,TH,רוטב סויה בהירה מ.שף,מיליליטרים,300.00,"100 מ""ל",false,,11.90,3.9667,true,1,80226
7290112000385,false,מנקה ומחטא עוצמתי למטבח ללא אקונומיקה,רקיט בנקיזר,PL,תרסיס ניקוי וחיטוי ל,מיליליטרים,750.00,"100 מ""ל",false,,16.90,2.2533,true,1,132961
7290112002099,false,קולון גל כביסה מרוכז 2.5 ליטר קלאסי,רקיט בנקיזר,IL,קולון ג'ל 2.5 ליטר ב,ליטרים,2.50,ליטר,false,,29.90,11.9600,true,1,27161
7290112002105,false,קולון גל כביסה מרוכז 2.5 ליטר ניחוח לילך,רקיט בנקיזר,IL,קולון ג'ל 2.5 ליטר כ,ליטרים,2.50,ליטר,false,,29.90,11.9600,true,1,27122
7290112002112,false,ג'ל כביסה מרוכז קולון 101 בניחוח ורדים,רקיט בנקיזר,IL,קולון ג'ל 2.5 ליטר ב,ליטרים,2.50,ליטר,false,,29.90,11.9600,true,1,27123
7290112002136,false,ג'ל כביסה מרוכז קולון 101 קלאסי,רקיט בנקיזר,IL,קולון ג'ל 4 ליטר רגי,ליטרים,4.00,ליטר,false,,38.90,9.7250,true,1,27444
7290112002143,false,ג'ל כביסה מרוכז קולון 101 בניחוח לילך,רקיט בנקיזר,IL,קולון ג'ל 4 ליטר ליל,ליטרים,4.00,ליטר,false,,38.90,9.7250,true,1,27602
7290112003140,false,"אירוויק ספרי אוטמטי מילוי מנגו מרענן 250 מ""ל",RECKITT BENCKISER UK,GB,איירוויק פרשמטיק מיל,מיליליטרים,250.00,"100 מ""ל",false,,14.90,5.9600,true,1,76971
7290112003188,false,קולון קפסולות גל לכביסה 60 יחידות,רקיט בנקיזר,IT,קולון קפסולות למכונת,יחידה,0.00,יחידה,false,,60.00,0.0000,true,1,108544
7290112003232,false,אבקת כביסה בניחוח לבנדר קולון 5 ק''ג,זוהר דליה,IL,אבקת כביסה קולון לבנ,קילוגרמים,5.00,"ק""ג",false,,44.90,8.9800,true,1,88583
7290112003249,false,אבקת כביסה בניחוח מאסק קולון 5 ק''ג,זוהר דליה,IL,אבקת כביסה קולון מאס,קילוגרמים,5.00,"ק""ג",false,,44.90,8.9800,true,1,88568
7290112003256,false,אבקת כביסה קולון 101 בניחוח לבנדר,זוהר דליה,IL,אבקת כביסה קולון לבנ,קילוגרמים,1.25,"ק""ג",false,,16.90,13.5200,true,1,88440
7290112003508,false,"מבשם אוויר אירוויק ספריי יער ועשבי בר 236 מ""ל",רקיט בנקיזר,PL,איירוויק בוטניקה ספר,מיליליטרים,236.00,"100 מ""ל",false,,21.90,9.2797,true,1,127498
7290112004710,false,"ג'ל וניש שקוף לכביסה לבנה ועדינה 750 מ""ל",רקיט בנקיזר,IT,וניש מסיר כתמים ג'לי,ליטרים,750.00,100 ליטר,false,,21.90,2.9200,true,1,346818
7290112005045,false,וניש תוסף כביסה רב תכליתי לבגדים לבנים,קליה וניש Kalia Vanish,IT,וניש אבקה לכביסה לבנ,מיליליטרים,480.00,"100 מ""ל",false,,17.90,3.7292,true,1,299242
7290112005052,false,וניש תוסף כביסה רב תכליתי לבגדים לבנים,קליה וניש Kalia Vanish,IT,וניש אבקה לכביסה לבנ,ליטרים,1500.00,100 ליטר,false,,42.90,2.8600,true,1,299227
7290112005083,false,וניש תוסף כביסה רב תכליתי לכביסה צבעונית,קליה וניש Kalia Vanish,IT,וניש אבקה לכביסה צבע,ליטרים,1.50,100 ליטר,false,,42.90,2860.0000,true,1,299212
7290112041890,false,זוג כוסיות כתר קריסט,,,זוג כוסיות כתר קריסט,יחידה,0.00,יחידה,false,,19.90,0.0000,true,1,138523
7290112041906,false,זוג כוסיות קריסטל גדול,,CN,זוג כוסיות קריסטל מע,יחידה,0.00,יחידה,false,,14.90,0.0000,true,1,138524
7290112190352,false,סמארט צ'ויס אל סבון נוזלי לוונדר סגול1 ליטר,,,אל סבון נוזלי אורכיד,יחידה,0.00,יחידה,false,,9.90,0.0000,true,1,129634
7290112192073,false,שלישיה סטייל אל סבון,,,שלישיה סטייל אל סבון,ליטרים,1.50,ליטר,false,,15.90,10.6000,true,1,134709
7290112192325,false,ספירה green מכשיר+מילוי נוזלי להרחקת יתו,זובלה ויה פרסינה 4,IT,ספירה מכשיר+45 לילות,יחידה,0.00,יחידה,false,,33.90,0.0000,true,1,138534
7290112192332,false,ספירה green מילוי נוזלי להרחקת יתושים,גורי,IT,ספירה מילוי נוזלי 45,יחידה,0.00,יחידה,false,,19.90,0.0000,true,1,138535
7290112192806,false,פרודונטקס זוג מ.שיניים אולטרא קלין 75 מל,גלקסוס סמית קליין,SK,זוג משחות אולטרא קלי,מיליליטרים,75.00,"100 מ""ל",false,,42.90,57.2000,true,1,138536
7290112192820,false,זוג פרודונטקס 75 מל פרש,,,זוג משחות פרש פרודונ,מיליליטרים,75.00,"100 מ""ל",false,,42.90,57.2000,true,1,138538
7290112195579,false,שמן זית כתית מעולה 7,אסאס דל סור,ES,שמן זית איטליה 750 מ,מיליליטרים,750.00,"100 מ""ל",false,,33.90,4.5200,true,1,220179
7290112330352,false,"יוגורט PRO בטעם וניל 0% , 20 גרם חלבון בגביע","שטראוס בריאות בע""\מ",IL,דנונה פרו 20 גר וניל,גרמים,200.00,100 גרם,false,,6.50,3.2500,true,1,146514
7290112330390,false,דנונה פרו פירות יער 20 גרם חלבון 0% שומן 200 גרם,"שטראוס בריאות בע""\מ",IL,דנונה פרו 20 גר פירו,גרמים,200.00,100 גרם,false,,6.50,3.2500,true,1,146515
7290112330420,false,דנונה פרו לבן 2.9% שומן 150 גרם,מיוצר עי קונדיטוריית,IL,דנונה פרו לבן 2.9% 1,גרמים,150.00,100 גרם,false,,4.90,3.2667,true,1,139069
7290112332691,false,פינוקיות עוגיות קרם פסק זמן אגוזים 200 גרם,"הגביע מוצרי וופלים בע""\מ",IL,פינוקיות עוגיית קרם,גרמים,200.00,100 גרם,false,,13.60,6.8000,true,1,152071
7290112332707,false,רבע לשבע אחד אחד 140 גרם,"הגביע מוצרי וופלים בע""\מ",IL,רבע לשבע אחד אחד 140,גרמים,140.00,100 גרם,false,,12.90,9.2143,true,1,149656
7290112332899,false,עלית - צנצנת בזוקה פופים קלאסי 58 גרם,אסקום קונפקשיין,IL,מאסט בזוקה פופים קלא,גרמים,58.00,100 גרם,false,,12.90,22.2414,true,1,149283
7290112332899,false,עלית - צנצנת בזוקה פופים קלאסי 58 גרם,אסקום קונפקשיין,IL,מאסט בזוקה פופים קלא,גרמים,58.00,100 גרם,false,,12.90,22.2414,true,1,149283
7290112334749,false,קפה טורקי בצלופן עלית 200 גרם+ 10% תוספת,שטראוס קפה בי.וי,IL,עלית טורקי שקית 200,גרמים,220.00,100 גרם,false,,17.90,8.1364,true,1,150350
7290112335487,false,הפריכיות הטעימות קצח ודגנים אנרג'י 135 גרם,"פרח תעשיות מזון בע""\מ",IL,פריכיות הטעימות קצח,גרמים,135.00,100 גרם,false,,13.90,10.2963,true,1,149320
7290112336613,false,עד חצות סנדוויץ' ביסקוויט עם שוקולד חלב,שטראוס גרופ,FR,עד חצות סנדוויץ' 135,גרמים,135.00,100 גרם,false,,10.90,8.0741,true,1,43721
7290112336637,false,סוכריות מאסט Must ללא סוכר יוגורט תות ואוכניות,שטראוס גרופ,PL,"סוכריות מאסט לל""ס יו",גרמים,80.00,100 גרם,false,,8.90,11.1250,true,1,33070
7290112336644,false,סוכריות מאסט ללא סוכר לימון 80 ג' עלית,שטראוס גרופ,PL,"סוכריות מאסט לל""ס לי",גרמים,80.00,100 גרם,false,,8.90,11.1250,true,1,31225
7290112336651,false,סוכריות מאסט ללא סוכר ריבת חלב 80 ג' עלית,שטראוס גרופ,PL,סוכריות מאסט ללא סוכ,גרמים,80.00,100 גרם,false,,8.90,11.1250,true,1,28030
7290112336712,false,יוגורט PRO לבן 0% 21 גרם חלבון בגביע,"שטראוס בריאות בע""מ",IL,דנונה פרו 21 0% שומן,גרמים,200.00,100 גרם,false,,6.50,3.2500,true,1,140498
7290112337474,false,סוכריות מאסט ללא סוכר פטל לימון 80 ג' עלית,שטראוס גרופ,PL,"סוכריות מאסט לל""ס פט",גרמים,80.00,100 גרם,false,,8.90,11.1250,true,1,28025
7290112337481,false,סוכריות מאסט ללא סוכר קפצ''ינו 80 ג' עלית,שטראוס גרופ,PL,"סוכריות מאסט לל""ס קפ",גרמים,80.00,100 גרם,false,,8.90,11.1250,true,1,28031
7290112338877,false,מעדן גבינה בטעם תות 3% 125ג' סקי,"שטראוס בריאות בע""\מ",IL,גבינת סקי תות 3% 125,גרמים,125.00,100 גרם,false,,3.90,3.1200,true,1,137502
7290112339171,false,מילקי מוס עם שוקולד וקצפת,מיוצר עי קונדיטוריית,IL,מילקי מוס 81 גרם.,גרמים,81.00,100 גרם,false,,3.90,4.8148,true,1,137504
7290112339867,false,גמדים לדרך גבינה לבנה עם מחית תות,"שטראוס בריאות בע""\מ",IL,גמדים סקוויז בודד תו,גרמים,100.00,100 גרם,false,,5.90,5.9000,true,1,139102
7290112339874,false,גמדים לדרך גבינה לבנה עם מחיות תות ובננה,"שטראוס בריאות בע""\מ",IL,גמדים סקוויז בודד תו,גרמים,100.00,100 גרם,false,,5.90,5.9000,true,1,139103
7290112340122,false,הפריכיות הטעימות 3 דגנים אנרג'י 135 גרם,"פרח תעשיות מזון בע""\מ",IL,פריכיות הטעימות 3 דג,גרמים,135.00,100 גרם,false,,13.90,10.2963,true,1,149323
7290112340276,false,פינוקיות עוגיות קרם קפה 200 גרם,"הגביע מוצרי וופלים בע""\מ",IL,פינוקיות עוגיית קרם,גרמים,200.00,100 גרם,false,,13.60,6.8000,true,1,152072
7290112340740,false,עוגת טוויסט עם קרם 3,,,עוגת טוויסט עם קרם 3,גרמים,370.00,100 גרם,false,,18.50,5.0000,true,1,149657
7290112341099,false,באגט קראנצ' טעם טבעי300ג,פלזנסקי,GR,באגט קראנץ' טבעי 300,גרמים,300.00,100 גרם,false,,14.90,4.9667,true,1,149759
7290112341556,false,יוגורט אקטיביה עם צ'יה ותות 150 גרם,"שטראוס בריאות בע""\מ",IL,אקטיביה עם צ'יה ותות,גרמים,150.00,100 גרם,false,,4.90,3.2667,true,1,27073
7290112341679,false,דנונה אקטיביה 3% שומן 200 גרם,מיוצר עי קונדיטוריית,IL,דנונה אקטיביה 3% 200,גרמים,200.00,100 גרם,false,,4.70,2.3500,true,1,27074
7290112341686,false,שמינייה יוגורט לבן אקטיביה 3% דנונה 150 גרם.,מיוצר עי קונדיטוריית,IL,אקטיביה מארז 3% 8*15,קילוגרמים,1.20,"ק""ג",false,,22.90,19.0833,true,1,27079
7290112342102,false,סימפוניה גבינה במרקם שמנת בצל מקורמל 5%,"שטראוס בריאות בע""\מ",IL,סימפוניה 5% בצל מקור,גרמים,200.00,100 גרם,false,,12.90,6.4500,true,1,51251
7290112342270,false,קפה פלטינום אינטנס מחוזק ב- 10% אספרסו,שטראוס קפה בי.וי,IL,קפה פלטינום אינטנס 1,גרמים,125.00,100 גרם,false,,21.90,17.5200,true,1,29980
7290112342508,false,דוריטוס צ'יזי טוויסט 70 גרם,"שטראוס פריטו ליי בע""\מ",IL,דוריטוס קול ראנץ' 70,גרמים,70.00,100 גרם,false,,4.70,6.7143,true,1,37365
7290112343420,false,"משקה חלב עם דגנים מלאים ובננה פרו יטבתה 350מ""ל",מחלבת יטבתה,IL,משקה יטבתה פרו 20 אר,מיליליטרים,350.00,"100 מ""ל",false,,7.90,2.2571,true,1,37983
7290112343499,false,חטיף צ'יטוס פאפס אפוי בטעם גבינה,"שטראוס פריטו ליי בע""\מ )",IL,ציטוס Puffs בטעם גבי,גרמים,55.00,100 גרם,false,,3.90,7.0909,true,1,201960
7290112344564,false,רביולי גבינה קלאסי שטראוס 400 ג',"שטראוס גרופ בע""\מ",IL,EAT GOOD רביולי גבינ,גרמים,400.00,100 גרם,false,,21.70,5.4250,true,1,27955
7290112344724,false,מעדן בטעם שוקולד בלונדי 170 ג' מילקי,מיוצר עי קונדיטוריית,IL,מילקי בטעם שוקולד בל,מיליליטרים,170.00,"100 מ""ל",false,,3.90,2.2941,true,1,38066
7290112344755,false,מילקי שוקולד 26% פחות סוכר 135 גרם,מיוצר עי קונדיטוריית,IL,מילקי עם 26% פחות סו,מיליליטרים,135.00,"100 מ""ל",false,,3.10,2.2963,true,1,120261
7290112344786,false,קפה פלטינום קלאסיק עלית 200 גרם,שטראוס קפה בי.וי.,IL,פלטינום קלאסיק עלית,גרמים,200.00,100 גרם,false,,29.90,14.9500,true,1,52745
7290112346360,false,בפלות אחת אחת ופל בטעם שוקולד מצופה שוקולד,הגביע מוצרי וופלים ב,GR,בפלות אחת אחת בציפוי,גרמים,180.00,100 גרם,false,,14.90,8.2778,true,1,51459
7290112346537,false,עוגיות פינוקיות בטעם טורטית 200 ג' עלית,"הגביע מוצרי ופלים בע""\מ",IL,פינוקיות עוגיות בטעם,גרמים,200.00,100 גרם,false,,13.60,6.8000,true,1,43920
7290112346629,false,דנונה בר יוגורט+קורנפלקס מצופה שוקולד חלב ולבן 172 גרם,"שטראוס בריאות בע""\מ",IL,דנונה קראנצ' עם קורנ,מיליליטרים,172.00,"100 מ""ל",false,,4.90,2.8488,true,1,81139
7290112346773,false,יוגורט בטעם וניל 0% לייט אנד פרי 10 גרם חלבון בגביע,מיוצר עי קונדיטוריית,IL,דנונה לייט אנד פריי,מיליליטרים,150.00,"100 מ""ל",false,,4.90,3.2667,true,1,127508
7290112346827,false,שמיניית אקטימל ויטמין C פטל 108 גרם,"שטראוס בריאות בע""\מ",IL,אקטימל ויטמין C פטל,מיליליטרים,800.00,"100 מ""ל",false,,22.90,2.8625,true,1,113571
7290112347008,false,גמדים לדרך גבינה לבנה עם מחית תות ושיבולת שועל,מיוצר עי קונדיטוריית,IL,גמדים ארוחת בוקר תות,גרמים,100.00,100 גרם,false,,5.90,5.9000,true,1,38071
7290112348142,false,שעועית לבנה 380 גר' בקופסה טעם הטבע,שטראוס טעם הטבע,IT,שעועית לבנה טעם הטבע,גרמים,380.00,100 גרם,false,,7.90,2.0789,true,1,72735
7290112348586,false,מילקשייק אייס קפה 200 גר,שטראוס קפה בי.וי,IL,אייס נמס מילקשייק על,גרמים,200.00,100 גרם,false,,16.90,8.4500,true,1,72647
7290112349316,false,מסטיק בזוקה פופים ממולא בטעם תות ללא סוכר,אסקום קונפקשיין,DE,בזוקה ביג פופים בטעם,גרמים,86.00,100 גרם,false,,13.90,16.1628,true,1,67071
7290112349606,false,מעדן גבינה ויוגורט תות בננה 88 ג' דניאלה,"שטראוס בריאות בע""\מ",IL,דניאלה תות בננה 150,מיליליטרים,150.00,"100 מ""ל",false,,4.50,3.0000,true,1,232757
7290112349705,false,פומודורו רוטב עגבניות קלאסי לפסטה יד מרדכי 350 גרם,אמיליאנה קונסרב סוסייטה,IT,רוטב עגבניות פומודרו,גרמים,350.00,100 גרם,false,,13.00,3.7143,true,1,52675
7290112349736,false,בזיליקום רוטב עגבניות לפסטה יד מרדכי 350 גרם,אמיליאנה קונסרב סוסייטה,IT,רוטב עגבניות בזיליקו,גרמים,350.00,100 גרם,false,,13.00,3.7143,true,1,52676
7290112349750,false,פיצה רוטב עגבניות לפיצה יד מרדכי 350 גרם,אמיליאנה קונסרב סוסייטה,IT,רוטב עגבניות לפיצה 3,גרמים,350.00,100 גרם,false,,13.00,3.7143,true,1,52747
7290112350275,false,קפסולות LUNGO למכונת נספרסו עלית 10 יחידות,שטראוס קפה בי.וי,IL,קפסולות LUNGO למכונו,גרמים,50.00,100 גרם,false,,18.90,37.8000,true,1,52536
7290112350312,false,קפסולות 15 קפה יותר למכונות נספרסו עלית 10יח',הנסיך- מפעל לייצור ט,IL,עלית קפסולות 15 למכ,גרמים,50.00,100 גרם,false,,18.90,37.8000,true,1,105844
7290112351067,false,סילאן טבעי 100% תמר מג'הול ללא תוספת סוכר,יד מרדכי,IL,סילאן טבעי לחיץ יד מ,גרמים,630.00,100 גרם,false,,24.90,3.9524,true,1,70396
7290112351104,false,שוקולד פרה ממולא פיצפוצי אורז 100 ג' עלית,"שטראוס גרופ בע""\מ",IL,שוקולד פרה פיצפוצי א,גרמים,100.00,100 גרם,false,,6.90,6.9000,true,1,78032
7290112351128,false,שוקולד פרה סוכריות קופצות וועסטהייים,"שטראוס גרופ בע""\מ",IL,שוקולד פרה חלב סוכרי,גרמים,100.00,100 גרם,false,,6.90,6.9000,true,1,166868
7290112351463,false,שלישיית סוכריות מאסט FRESH פטל לימון 45 ג' עלית,"הליקון גידה בע""\מ",TR,שלישיית סוכריות FRES,גרמים,45.00,100 גרם,false,,9.50,21.1111,true,1,103366
7290112351524,false,עלי סלנובה 200 גר' שטראוס טעם הטבע,שטראוס בריאות ירקות טריי,IL,עלי סלנובה טעם הטבע,גרמים,200.00,100 גרם,false,,13.50,6.7500,true,1,86361
7290112351753,false,עלית שלישיית פסק זמן קראנץ' 96 גרם,שולן צ'\קולטה גידה סאן,IL,שלישיית פסק זמן קראנ,גרמים,96.00,100 גרם,false,,14.10,14.6875,true,1,123835
7290112353887,false,"משקה קפה קר בטעם אגוזים יטבתה 230 מ""ל",אנסטל מילק kg,AT,קפה קר יטבתה בטעם אג,מיליליטרים,230.00,"100 מ""ל",false,,7.90,3.4348,true,1,93545
7290112354174,false,"פסטה רוזה 280 ג""ר ""דלישס"" שטראוס",גסטרונומיה פרוסט אס. אר.,IT,פסטה רוזה שטראוס דלי,גרמים,280.00,100 גרם,false,,22.90,8.1786,true,1,208292
7290112354204,false,"ספגטי עגבניות 280 גר' ""דלישס"" שטראוס",גסטרונומיה פרוסט אס. אר.,IT,ספגטי עגבניות שטראוס,גרמים,280.00,100 גרם,false,,22.90,8.1786,true,1,208294
7290112354952,false,"תפוציפס WAVY בטעם פפריקה , 50 גרם",שטראוס פריטו ליי בע”,IL,תפוצ'יפס wavy פפריקה,גרמים,50.00,100 גרם,false,,4.50,9.0000,true,1,348347
7290112355027,false,דנונה פרו 20 גרם חלבון בטעם קרמל מלוח 200 גרם,"שטראוס בריאות בע""\מ",IL,דנונה פרו 20 גר' בטע,גרמים,200.00,100 גרם,false,,6.50,3.2500,true,1,122453
7290112355102,false,גמדים סקוויז 100 גרם פאוץ סלט פירות 100 גרם,"שטראוס בריאות בע""\מ",IL,סקוויז גמדים לדרך סל,גרמים,100.00,100 גרם,false,,5.90,5.9000,true,1,127510
7290112357045,false,עגבניות איטלקיות מרוסקות 390 גר' בקופסה טעם הטבע,שטראוס טעם הטבע,IT,עגבניות איטלקיות מרו,גרמים,390.00,100 גרם,false,,6.90,1.7692,true,1,72736
7290112357069,false,מחית עגבניות איטלקיות בקופסה 500 גר' טעם הטבע,שטראוס טעם הטבע,IT,מחית עגבניות איטלקיו,גרמים,500.00,100 גרם,false,,8.60,1.7200,true,1,72737
7290112357083,false,טעם הטבע אפונה ירוקה 380 גרם קופסה,שטראוס טעם הטבע,IT,אפונה ירוקה טעם הטבע,גרמים,380.00,100 גרם,false,,7.90,2.0789,true,1,193535
7290112357106,false,שעועית אדומה 380 גר' בקופסה טעם הטבע,שטראוס טעם הטבע,IT,שעועית אדומה טעם הטב,גרמים,380.00,100 גרם,false,,7.90,2.0789,true,1,72738
7290112357113,false,גרגרי חומוס בקופסה 380 גר' טעם הטבע,שטראוס טעם הטבע,IT,גרגרי חומוס טעם הטבע,גרמים,380.00,100 גרם,false,,7.90,2.0789,true,1,72739
7290112358219,false,רוטב צ'ילי מתוק יד מרדכי 300 גרם,אף.סי תבליני בגליל ב,IL,יד מורדכי רוטב צ'ילי,מיליליטרים,300.00,"100 מ""ל",false,,14.90,4.9667,true,1,93283
7290112358233,false,רוטב צ'ילי חריף יד מרדכי 300 גרם,"בית אל מזון בע""מ",IL,יד מורדכי רוטב צ'ילי,מיליליטרים,300.00,"100 מ""ל",false,,14.90,4.9667,true,1,135263
7290112358431,false,עד חצות דאבל ביסקוויט עם שוקולד חלב -8 אריזות אישיות,ביסקוויטס טור ד'\אלבון,FR,דאבל ביסקוויט עם שוק,גרמים,200.00,100 גרם,false,,14.90,7.4500,true,1,150813
7290112415400,false,עוגיות אלפחורס קפולסקי 280 גרם,תופינים מקבוצת קפולסקי,IL,עוגיות אלפאחורס 280,גרמים,280.00,100 גרם,false,,33.90,12.1071,true,1,42646
7290112490209,false,נמס בכוס מרק עגבניות עם קרוטונים רכיבים טבעיים,יוניליוור ישראל מזון בעמ,IL,נמס בכוס מרק עגבניות,גרמים,56.00,100 גרם,false,,7.90,14.1071,true,1,132684
7290112490698,false,קונפיטורה תות שדה לייט 300 גרם-צנצנת,יוניליוור מזון,IL,קונפיטורת 778 תות לי,גרמים,260.00,100 גרם,false,,15.90,6.1154,true,1,139258
7290112490735,false,מרק עשיר עגבניות עם פסטה ר.טבעיים 105 גרם קנור,יוניליוור ישראל מזון בעמ,IL,מרק היום מרק עגבניות,גרמים,105.00,100 גרם,false,,12.50,11.9048,true,1,200056
7290112491787,false,בייגלה דקים דקים עם שומשום בייגל בייגל 300 גרם,בייגל את בייגל מזון 198),IL,בייגלה דקים דקים עם,גרמים,300.00,100 גרם,false,,11.90,3.9667,true,1,136922
7290112492968,false,"אבקת מרק בצל 400 גרם - כשל""פ","יונליוור ישראל מזון בע""\",IL,מרק קנור בצל 400 גרם,גרמים,400.00,100 גרם,false,,15.90,3.9750,true,1,56446
7290112493965,false,קרמיסימו חלבית בטעם מסטיק וניל 665 גר,"גלידת שטראוס בע""\מ, רחוב",IL,קרמיסימו מסטיגם 1.33,יחידה,1.33,יחידה,false,,21.90,16.4662,true,1,49336
7290112494382,false,פירה בטעם ביתי 260 גרם-קופסא,יוניליוור ישראל מזון בע\,IL,פירה בטעם ביתי קנור,גרמים,260.00,100 גרם,false,,13.90,5.3462,true,1,34365
7290112494610,false,קנור רוטב עגבניות פיקנטי לדג 415 גרם,קונסורזיו קאסאלאסקו,IT,רוטב פיקנטי לדג קנור,מיליליטרים,415.00,"100 מ""ל",false,,12.90,3.1084,true,1,77976
7290112495044,false,ציפי (פצפוצים) גריין בדצ 500גר,"יוניליור שפע ישראל בע""\מ",IL,קוקומן פצפוצים תלמה,גרמים,375.00,100 גרם,false,,23.40,6.2400,true,1,35480
7290112495150,false,נשנושי קרקר עיגולים מלח בייגל בייגל 300 גרם,בייגל את בייגל מזון 198),IL,נשנושים עגול מלוח 30,גרמים,300.00,100 גרם,false,,14.90,4.9667,true,1,34356
7290112495754,false,"רטבי הלמנס לסלט 300 מ""ל אלף האיים",יוניליוור ישראל מזון בעמ,IL,רוטב אלף האיים הלמנס,גרמים,305.00,100 גרם,false,,12.90,4.2295,true,1,56644
7290112496027,false,סירופ שוקולד אפיכל 580 גרם,יוניליוור ישראל מזון בע\,IL,"סירופ שוקולד 600 מ""ל",מיליליטרים,600.00,"100 מ""ל",false,,14.90,2.4833,true,1,54006
7290112498267,false,פינוק אל סבון לידיים בניחוח פינוק קלאסי,קוסטר אירוסול ולף סנ,TR,אל סבון לידיים בניחו,מיליליטרים,950.00,"100 מ""ל",false,,12.90,1.3579,true,1,169485
7290112960115,false,שקדי מרק אסם 30% קמח חיטה מלאה 350 גרם,אסם,IL,שקדי מרק 30% קמח חיט,גרמים,350.00,100 גרם,false,,13.90,3.9714,true,1,129515
7290112960115,false,שקדי מרק אסם 30% קמח חיטה מלאה 350 גרם,אסם,IL,שקדי מרק 30% קמח חיט,גרמים,350.00,100 גרם,false,,13.90,3.9714,true,1,129515
7290112961372,false,פיטנס חטיפי פריכיות דקות קינמון 60 גרם,"פרח תעשיות מזון בע""\מ",IL,חטיפי פריכיות דקות ק,גרמים,60.00,100 גרם,false,,8.90,14.8333,true,1,138715
7290112961464,false,פיטנס חטיפי פריכיות דגנים וחומוס מתובלות,"פרח תעשיות מזון בע""\מ",IL,חטיפי פריכיות דקות מ,גרמים,60.00,100 גרם,false,,8.90,14.8333,true,1,138716
7290112962003,false,שלגון קראנץ וניל עוגיות עם שוקולד נסטלה 90 גרם,גלידות נסטלה )נגה גלידות,IL,קראנץ' וניל עוגיות,יחידה,0.00,יחידה,false,,10.90,0.0000,true,1,149062
7290112962096,false,אסם פתיתים לבבות מהדורה 400 גרם,"אסם השקעות בע""\מ",IL,פתיתים לבבות אסם 400,גרמים,400.00,100 גרם,false,,7.90,1.9750,true,1,137772
7290112962096,false,אסם פתיתים לבבות מהדורה 400 גרם,"אסם השקעות בע""\מ",IL,פתיתים לבבות אסם 400,גרמים,400.00,100 גרם,false,,7.90,1.9750,true,1,137772
7290112962225,false,פסטה בצורות חיות 400 גרם,פסטה זארה,IL,פסטה חיות אסם 400 גר,גרמים,400.00,100 גרם,false,,6.90,1.7250,true,1,137744
7290112962737,false,שניצל מן הצומח עם חלבון טבעול 664 גרם,"טבעול תעשיות מזון בע""\מ\",IL,טבעול שניצל מן הצומח,גרמים,664.00,100 גרם,false,,35.90,5.4066,true,1,137938
7290112963918,false,פיטנס חטיפי קרקר דק רוזמרין 140 גרם,נסטלה Nestle,IL,פיטנס חטיפי קרקר דק,גרמים,140.00,100 גרם,false,,13.90,9.9286,true,1,159750
7290112964090,false,פסטה קלמרטה פרפקטו 4,,,פסטה קלמרטה פרפקטו 4,גרמים,400.00,100 גרם,false,,11.90,2.9750,true,1,141246
7290112964410,false,אסם רוטב אלף האיים חדש לסלט 290 גרם,"אסם תעשיות בע""מ",IL,אסם רוטב אלף האיים ל,מיליליטרים,290.00,"100 מ""ל",false,,12.90,4.4483,true,1,152426
7290112964434,false,אסם רוטב קיסר חדש לסלט 295 גרם,"אסם תעשיות בע""מ",IL,אסם רוטב קיסר לסלט 2,מיליליטרים,295.00,"100 מ""ל",false,,12.90,4.3729,true,1,152418
7290112964472,false,אסם רוטב שום חדש לסלט 290 גרם,"אסם תעשיות בע""מ",IL,אסם רוטב שום לסלט 29,מיליליטרים,295.00,"100 מ""ל",false,,12.90,4.3729,true,1,152433
7290112964564,false,"רוטב אלף האיים לייט לסלט אסם 295 מ""ל","אסם תעשיות בע""מ",IL,אסם רוטב אלף האיים ל,מיליליטרים,295.00,"100 מ""ל",false,,12.90,4.3729,true,1,152420
7290112964625,false,אסם רוטב שום לייט חדש לסלט 310 גרם,"אסם תעשיות בע""מ",IL,אסם רוטב שום לייט לס,מיליליטרים,295.00,"100 מ""ל",false,,12.90,4.3729,true,1,152421
7290112964724,false,המבורגר צמחוני עם המון חלבון 580 גר,מיוצר עי קונדיטוריית,IL,טבעול המבורגר טבעוני,גרמים,580.00,100 גרם,false,,35.90,6.1897,true,1,166271
7290112965103,false,תבשיל קוסקוס עם ירקות אסם 146 גרם,אסם,IL,קוסקוס עם ירקות אסם,גרמים,146.00,100 גרם,false,,12.90,8.8356,true,1,37157
7290112965141,false,תבשיל פתיתים אפויים עם ירקות 130 גרם,"אסם תעשיות בע""מ",IL,פתיתים אפויים עם ירק,גרמים,130.00,100 גרם,false,,12.90,9.9231,true,1,37158
7290112965240,false,מרק נמס בטעם עגבניות זוג * 44 ג' אסם,"אסם תעשיות בע""מ",IL,זוג מרק נמס עגבניות,גרמים,60.00,100 גרם,false,,6.90,11.5000,true,1,159754
7290112965264,false,אבקת מרק נמס אפונה אסם בדצ 52 גרם מארז זוגי,"אסם תעשיות בע""מ",IL,זוג מרק נמס אפונה בד,גרמים,30.00,100 גרם,false,,6.90,23.0000,true,1,159755
7290112965288,false,מרק נמס ירקות אסם בדצ 56 גרם מארז זוגי,"אסם תעשיות בע""מ",IL,זוג מרק נמס ירקות בד,גרמים,30.00,100 גרם,false,,6.90,23.0000,true,1,159743
7290112965301,false,זוג מרק נמס בטעם עוף עם שקדי מרק רגע חם,"אסם תעשיות בע""מ",IL,זוג מרק נמס טעם עוף,גרמים,38.00,100 גרם,false,,6.90,18.1579,true,1,159744
7290112965325,false,תבשיל אורז ספרדי אוסם 140 גרם,"אסם תעשיות בע""מ",IL,אורז ספרדי אסם 140 ג,גרמים,140.00,100 גרם,false,,12.90,9.2143,true,1,37160
7290112965585,false,פרפקטו פסטה קסרצה אסם 500 גרם,אסם פרפקטו Perfecto,IT,פסטה קסרצה פרפקטו 50,גרמים,500.00,100 גרם,false,,7.90,1.5800,true,1,166720
7290112965660,false,פיטנס - חטיף מולטיגריין מלח פלפל 25 גרם,מיוצר עי קונדיטוריית,IL,פיטנס חטיף מולטיגריי,גרמים,25.00,100 גרם,false,,5.80,23.2000,true,1,121037
7290112965684,false,פיטנס - חטיף מולטיגריין עשבי תיבול 25 גרם,מיוצר עי קונדיטוריית,IL,פיטנס חטיף מולטיגריי,גרמים,25.00,100 גרם,false,,5.80,23.2000,true,1,121038
7290112965707,false,פיטנס - חטיף מולטיגריין צילי מעודן 25 גרם,"אסם השקעות בע""\מ",IL,פיטנס חטיף מולטיגריי,גרמים,25.00,100 גרם,false,,5.80,23.2000,true,1,121039
7290112965783,false,אוסם - ביסלי פריסטייל על האש 60 גרם,"אסם השקעות בע""\מ",IL,ביסלי פריסטייל על הא,גרמים,60.00,100 גרם,false,,4.90,8.1667,true,1,169440
7290112965806,false,אוסם - ביסלי פריסטייל חמוץ חריף 60 גרם,"אסם תעשיות בע""מ",IL,ביסלי פריסטייל חמוץ,גרמים,60.00,100 גרם,false,,4.90,8.1667,true,1,169441
7290112965943,false,טבעול נאגטס ירקות ירוקים 6*500גרם,"טבעול תעשיות מזון בע""\מ",IL,טבעול נאגטס ירקות יר,גרמים,500.00,100 גרם,false,,35.90,7.1800,true,1,122438
7290112965967,false,טבעול נאגטס ירקות כתומים 6*500גרם,"טבעול תעשיות מזון בע""\מ",IL,טבעול נאגטס ירקות כת,גרמים,500.00,100 גרם,false,,35.90,7.1800,true,1,117725
7290112966001,false,טבעול גורמה ארוחת ירוקים 450 גרם,טבעול (מקבוצת אסם הש,IL,טבעול גורמה ארוחת יר,גרמים,450.00,100 גרם,false,,36.90,8.2000,true,1,300720
7290112966094,false,עוגת הבית תפוז מופחת סוכר אסם 400 גרם,מיוצר עי קונדיטוריית,IL,עוגת הבית תפוז מופחת,גרמים,400.00,100 גרם,false,,14.90,3.7250,true,1,37170
7290112966780,false,צבר טחינה בלאדי עם חציל קלוי 350 גרם,שוורצקוף& הנקל דיסלד,IL,צבר טחינה בלאדי עם ח,גרמים,350.00,100 גרם,false,,15.90,4.5429,true,1,29523
7290112967220,false,ביסלי מארז ברביקיו 20 גר'*10 יח' אסם,"אסם השקעות בע""\מ",IL,ביסלי ברביקיו מארז 1,גרמים,200.00,100 גרם,false,,12.50,6.2500,true,1,78104
7290112968449,false,סלט טחינה כרוב אדום 250 גרם,שוורצקוף& הנקל דיסלד,IL,סלט כרוב אדום צבר 25,גרמים,250.00,100 גרם,false,,12.90,5.1600,true,1,52974
7290112968708,false,"שניצל תירס עדה חרדית טבעול 1.3 ק""ג","טבעול תעשיות מזון בע""\מ",IL,שניצל תירס עדה חרדי,קילוגרמים,1.30,"ק""ג",false,,45.90,35.3077,true,1,64714
7290112968807,false,פיטנס - קרקר דק סלק 140 גרם,מפעל אסם יקנעם,IL,פיטנס קרקר דק סלק 14,גרמים,140.00,100 גרם,false,,13.90,9.9286,true,1,127312
7290112968821,false,פיטנס - קרקר דק בטטה 140 גרם,מפעל אסם יקנעם,IL,פיטנס קרקר דק בטטה 1,גרמים,140.00,100 גרם,false,,13.90,9.9286,true,1,127313
7290112969286,false,אסם בישולים רוטב חרדל ודבש 330*9 גרם,"אסם תעשיות בע""מ",IL,אוסם בישולים רוטב חר,גרמים,330.00,100 גרם,false,,17.90,5.4242,true,1,123807
7290113100121,false,מסננת גודל 24.5 + יד,,,מסננת גודל 24.5 + יד,יחידה,0.00,יחידה,false,,24.90,0.0000,true,1,128116
7290113100152,false,מסננת גודל 16 + ידית,,,מסננת גודל 16 + ידית,יחידה,0.00,יחידה,false,,16.90,0.0000,true,1,128119
7290113100176,false,מסננת גודל 24 + ידית,,,מסננת גודל 24 + ידית,יחידה,0.00,יחידה,false,,24.90,0.0000,true,1,128121
7290113101258,false,קולפן דגם רון,,,קולפן דגם רון,יחידה,0.00,יחידה,false,,35.90,0.0000,true,1,128473
7290113101296,false,פותחן בקבוקים סיליקו,,,פותחן בקבוקים סיליקו,יחידה,0.00,יחידה,false,,29.90,0.0000,true,1,128506
7290113102187,false,כף מסננת,,,כף מסננת,יחידה,0.00,יחידה,false,,24.90,0.0000,true,1,128516
7290113102200,false,כף שטוחה,,,כף שטוחה,יחידה,0.00,יחידה,false,,20.90,0.0000,true,1,128518
7290113102583,false,סיר סוטז' 28,,,סיר סוטז' 28,יחידה,0.00,יחידה,false,,244.90,0.0000,true,1,138348
7290113102675,false,מארז מחבתות 24+20,,,מארז מחבתות 24+20,יחידה,0.00,יחידה,false,,205.90,0.0000,true,1,138439
7290113102685,false,סוחט לימון,,,סוחט לימון,יחידה,0.00,יחידה,false,,20.90,0.0000,true,1,138379
7290113102743,false,מחבת אינדוקציה 20 צי,,,מחבת אינדוקציה 20 צי,יחידה,0.00,יחידה,false,,98.90,0.0000,true,1,138362
7290113102750,false,מחבת אינדוקציה 24 צי,,,מחבת אינדוקציה 24 צי,יחידה,0.00,יחידה,false,,122.90,0.0000,true,1,138363
7290113178038,false,שולחן מתקפל,,,שולחן מתקפל,יחידה,0.00,יחידה,false,,249.90,0.0000,true,1,324633
7290113190757,false,חלבה מסולסלת וניל שקדיה 300 גר,חיאל עמר שומרון,IL,חלבה תלתלים בטעם וני,גרמים,300.00,100 גרם,false,,16.90,5.6333,true,1,300610
7290113190771,false,חלבה מסולסלת שוקו וניל שקדיה 300 גר,חיאל עמר שומרון,IL,חלבה מסולסלת בטעם שו,גרמים,300.00,100 גרם,false,,16.90,5.6333,true,1,164309
7290113192171,false,מיקס אגוזים שקדים וחמוציות 150 גרם,דין שיווק,IL,מיקס אגוזים שקדים וח,גרמים,150.00,100 גרם,false,,14.90,9.9333,true,1,112021
7290113192201,false,תערובת להכנת סחלב 500 גרם ששון הקולה,"י. כהן בע""מ",IL,תערובת להכנת סחלב 50,גרמים,500.00,100 גרם,false,,14.90,2.9800,true,1,247510
7290113192300,false,זיתים מושחרים חרוזית 275 גרם בית השיטה,בית השיטה,IL,זיתים חרוזית מושחר ב,גרמים,275.00,100 גרם,false,,12.90,4.6909,true,1,45384
7290113192317,false,טבעות זיתים מושחרים 280 גרם בית השיטה,בית השיטה,IL,טבעות זיתים מושחרים,גרמים,280.00,100 גרם,false,,12.90,4.6071,true,1,44134
7290113192324,false,זיתים ירוקים שלמים בינוניים בית השיטה,בית-השיטה עסיס תעשיות מז,IL,זית ירוק בית השיטה 3,גרמים,340.00,100 גרם,false,,10.90,3.2059,true,1,44223
7290113192331,false,זיתים ירוקים מנזנילו 340 גר' בית השיטה,בית-השיטה עסיס תעשיות מז,IL,זיתים ירוק גדול בית,גרמים,340.00,100 גרם,false,,11.50,3.3824,true,1,44136
7290113192348,false,בית השיטה זיתים ירוקים גדול מאודבטעם שום,בית-השיטה עסיס תעשיות מז,IL,זית ירוק שום 17-19בי,גרמים,560.00,100 גרם,false,,11.90,2.1250,true,1,44151
7290113192355,false,חרוזית זיתים ירוקים ללא גלעין 275 ג' בית השיטה,בית-השיטה עסיס תעשיות מז,IL,זיתים חרוזית ירוק בי,גרמים,275.00,100 גרם,false,,10.90,3.9636,true,1,44152
7290113192362,false,זיתים ירוקים טבעות A2 בית השיטה 280 גרם,בית-השיטה עסיס תעשיות מז,IL,טבעות זיתים ירוקים ב,גרמים,280.00,100 גרם,false,,11.90,4.2500,true,1,44224
7290113192379,false,בית השיטה זיתים ירוקים מבוקעים א2 340גר',"בית-השיטה תעשיות בע""\מ",IL,זיתים ירוקים מבוקעים,גרמים,340.00,100 גרם,false,,11.90,3.5000,true,1,44167
7290113192386,false,בית השיטה זיתים ירוקים סורי מבוקע 340גרם,בית השיטה,IL,זית סורי מבוקע בית ה,גרמים,340.00,100 גרם,false,,12.90,3.7941,true,1,44168
7290113192393,false,בית השיטה קוקטייל זיתים א2 336 גרם,בית-השיטה עסיס תעשיות מז,IL,קוקטייל זיתים בית הש,גרמים,336.00,100 גרם,false,,12.90,3.8393,true,1,44225
7290113192478,false,בית השיטה מלפפונים במלח בינוני 10-12 320 גרם,בית-השיטה עסיס תעשיות מז,IL,מלפפון במלח 10-12 בי,גרמים,320.00,100 גרם,false,,8.90,2.7813,true,1,44577
7290113192485,false,בית השיטה מלפפונים בחומץ בינוני 10-12 290 גרם,בית-השיטה עסיס תעשיות מז,IL,מלפפון בחומץ 12-10 ב,גרמים,290.00,100 גרם,false,,8.90,3.0690,true,1,44398
7290113192492,false,בית השיטה מלפפונים בחומץ קטנים 1317 290 גרם,בית-השיטה עסיס תעשיות מז,IL,מלפפון בחומץ 13-17 ב,גרמים,290.00,100 גרם,false,,11.90,4.1034,true,1,44578
7290113192508,false,בית השיטה מלפפונים במלח קטן 1317 320 גרם,בית-השיטה עסיס תעשיות מז,IL,מלפפון במלח 13-17 בי,גרמים,320.00,100 גרם,false,,11.90,3.7188,true,1,44579
7290113192515,false,בית השיטה מלפפונים במלח קטן מאוד 1825 320 גרם,בית-השיטה עסיס תעשיות מז,IL,מלפפון במלח 18-25 בי,גרמים,320.00,100 גרם,false,,13.90,4.3438,true,1,44401
7290113192522,false,בית השיטה מלפפונים בחומץ קטן מאוד 1825 290 גרם,בית-השיטה עסיס תעשיות מז,IL,מלפפון בחומץ 18-25 ב,גרמים,290.00,100 גרם,false,,13.90,4.7931,true,1,44402
7290113192539,false,בית השיטה מלפפונים במלח גדול 79 320 גרם,בית-השיטה עסיס תעשיות מז,IL,מלפפון במלח 7-9 בית,גרמים,560.00,100 גרם,false,,7.90,1.4107,true,1,44580
7290113192546,false,"מלפפונים בחומץ רכיבים טבעיים 7-9 ""בית השיטה""",בית-השיטה עסיס תעשיות מז,IL,מלפפון בחומץ 7-9 בית,גרמים,560.00,100 גרם,false,,7.90,1.4107,true,1,44581
7290113192553,false,מלפפונים במלח 13-17 פיקנטי בית השיטה 320 גרם,בית-השיטה עסיס תעשיות מז,IL,מלפפון במלח בלדי 13-,גרמים,320.00,100 גרם,false,,12.90,4.0313,true,1,44431
7290113192560,false,בית השיטה פלפל שיפקה חריף כבוש 230 גרם,בית-השיטה עסיס תעשיות מז,IL,פלפל שיפקה בית השיטה,גרמים,230.00,100 גרם,false,,8.90,3.8696,true,1,44432
7290113192577,false,בית השיטה כרוב כבוש א2 12*430גרם חדש,"בית-השיטה תעשיות בע""\מ",IL,כרוב כבוש בית השיטה,יחידה,430.00,יחידה,false,,8.90,0.0207,true,1,44433
7290113193000,false,בית השיטה פלפל שיפקונית 230 גרם*,"בית השיטה תעשיות בע""\מ",IL,פלפל שיפקונית בית הש,גרמים,230.00,100 גרם,false,,12.90,5.6087,true,1,112460
7290113193017,false,בית השיטה חרוזית קוקטייל זיתים 275 גרם,"בית השיטה תעשיות בע""\מ",IL,בית השיטה קוקטייל זי,גרמים,275.00,100 גרם,false,,12.90,4.6909,true,1,112430
7290113193031,false,חרוזית קלמטה - זיתים שחורים ללא גלעין קלמטה,"בית השיטה תעשיות בע""\מ",IL,חרוזית קלמטה בית השי,גרמים,275.00,100 גרם,false,,15.90,5.7818,true,1,112431
7290113193321,false,"שמן זית כתית מעולה בית השיטה 750 מ""ל",אצטס אבסה אס. איי. יו.,IL,שמן זית כתית מעולה ב,מיליליטרים,750.00,"100 מ""ל",false,,33.90,4.5200,true,1,210183
7290113195073,false,חלבה טורקית עם פיסטוק שקדיה 400 גרם,ח. אל עקר,IL,חלבה טורקית עם פיסטו,גרמים,400.00,100 גרם,false,,13.90,3.4750,true,1,190943
7290113196414,false,"אורז בסמטי 1 ק""ג - שקדיה כחול מטאלי",דאבה סינג שאם סינג,IN,אורז בסמטי שקדיה 1 ק,קילוגרמים,1.00,"ק""ג",false,,10.50,10.5000,true,1,190629
7290113199682,false,גרנולה שיבולת שועל עם פירות יבשים ומסוכרים 500ג' שקדיה,,,גרנולה שיבולת שועל ע,גרמים,500.00,100 גרם,false,,13.50,2.7000,true,1,300811
7290113199767,false,ממרח 100% שקדים שקדיה 300 גרם,פפויאנס,GR,ממרח 100% שקדים 300,גרמים,300.00,100 גרם,false,,28.90,9.6333,true,1,290385
7290113199798,false,ממרח אגוזי קשיו 200 גרם השקדיה,פפויאנס,GR,ממרח 100% אגוז קשיו,גרמים,200.00,100 גרם,false,,26.90,13.4500,true,1,290354
7290113199842,false,מגש אירוח סוכריות גומי 700 ג' שקדיה,טופגאם תעשיות ממתקים,IL,מגש אירוח סוכריות גו,גרמים,700.00,100 גרם,false,,32.90,4.7000,true,1,253365
7290113199859,false,מגש אירוח סוכריות גומי 350 ג' שקדיה,טופגאם תעשיות ממתקים,IL,מגש אירוח סוכריות גו,גרמים,350.00,100 גרם,false,,16.90,4.8286,true,1,253366
7290113199927,false,סוכריות חמצוצים בטעם פירות 180 ג' שקדיה,טופגאם תעשיות ממתקים,IL,סוכריות חמצוצים בטעם,גרמים,180.00,100 גרם,false,,10.90,6.0556,true,1,253349
7290113284517,false,נייר טואלט 32 גלילים BELISMO,,,נייר טואלט דו שכבתי,יחידה,0.00,יחידה,false,,29.90,0.0000,true,1,356061
7290113289109,false,קערות אלגנט קרם 25 י,,,קערות אלגנט קרם 25 י,יחידה,0.00,יחידה,false,,6.90,0.0000,true,1,196853
7290113289192,false,צלחות מתכלות יהלום ק,,,צלחות מתכלות יהלום ק,יחידה,0.00,יחידה,false,,10.90,0.0000,true,1,220529
7290113289321,false,מגשי דקל מלבניים גדו,,,מגשי דקל מלבניים גדו,יחידה,0.00,יחידה,false,,12.90,0.0000,true,1,251814
7290113289338,false,צלחות דקל מרובעות ענ,,,צלחות דקל מרובעות ענ,יחידה,0.00,יחידה,false,,17.90,0.0000,true,1,251762
7290113289345,false,צלחות דקל מרובעות גד,,,צלחות דקל מרובעות גד,יחידה,0.00,יחידה,false,,16.90,0.0000,true,1,251777
7290113289376,false,קערות דקל מרובעות 10,,,קערות דקל מרובעות 10,יחידה,0.00,יחידה,false,,16.90,0.0000,true,1,251815
7290113289475,false,מפיות חד שכבתיות 80,,,מפיות חד שכבתיות 80,יחידה,0.00,יחידה,false,,5.90,0.0000,true,1,206529
7290113289505,false,רדיד אלומיניום כוכבי,,,רדיד אלומיניום כוכבי,יחידה,0.00,יחידה,false,,34.90,0.0000,true,1,230855
7290113289567,false,צלחות מתכלות קטנות ק,,,צלחות מתכלות קטנות ק,יחידה,0.00,יחידה,false,,21.90,0.0000,true,1,220531
7290114310215,false,"שמנת מתוקה 38% רמת הגולן 250 מ""ל ווסטהיים - מוצר בפיקוח",מילקו תעשיות בעמ,IL,שמנת מתוקה 38% בקבוק,מיליליטרים,250.00,"100 מ""ל",false,,6.47,2.5880,true,1,73511
7290114310222,false,חלב מועשר בסידן וויטמין Dי 3% 1.5 ל' טרה,מילקו תעשיות בעמ,IL,חלב מועשר בסידן 1.5,ליטרים,1.50,ליטר,false,,12.50,8.3333,true,1,86041
7290114310239,false,חלב נטול לקטוז מועשר בוויטמין D י 2% 1.5 ל' טרה,מילקו תעשיות בעמ,IL,חלב נטול לקטוז 1.5,ליטרים,1.50,ליטר,false,,12.50,8.3333,true,1,86027
7290114310246,false,גרנה פדנו צ'אנק משק צוריאל 125 גרם,מחלבת משק צוריאל,IL,גרנה פדנו צ'אנק 125,גרמים,125.00,100 גרם,false,,20.90,16.7200,true,1,132152
7290114310253,false,גרנה פדנו מגורדת משק צוריאל 100 גרם,מחלבת משק צוריאל,IL,גרנה פדנו מגורדת 100,גרמים,100.00,100 גרם,false,,14.90,14.9000,true,1,131275
7290114310383,false,Muller Froop מולר יוגורט מוקצף בטעם וניל 90 גרם,מולר Muller,IL,יוגורט מוקצף בטעם ונ,גרמים,97.00,100 גרם,false,,5.70,5.8763,true,1,326741
7290114310390,false,מולר פרופ קציפת יוגורט בטעם בננה לוטי 97 גרם,מולר Muller,IL,יוגורט מוקצף בטעם בנ,גרמים,97.00,100 גרם,false,,5.70,5.8763,true,1,326760
7290114310406,false,מולר פרופ קציפת יוגורט בטעם תות 97 גרם,מולר Muller,IL,יוגורט מוקצף בטעם תו,גרמים,97.00,100 גרם,false,,5.70,5.8763,true,1,326776
7290114310574,false,גבינת קרם שמנת עיזים 5% 200 גרם צוריאל,מחלבת משק צוריאל,IL,גבינת קרם שמנת עיזים,גרמים,200.00,100 גרם,false,,15.60,7.8000,true,1,149630
7290114310611,false,"משקה חלב בננה בבקבוק פקק ספורט טרה 250 מ""ל",Unknown,IL,משקה חלב בננה בבקבוק,מיליליטרים,250.00,"100 מ""ל",false,,6.10,2.4400,true,1,166496
7290114310628,false,משקה חלב וניל ועוגיות בקבוק 1 ליטר,מילקו תעשיות בעמ,IL,משקה חלב וניל עוגיות,ליטרים,1.00,ליטר,false,,12.90,12.9000,true,1,154598
7290114310673,false,גבינת לאבנה 9% 250 גרם,Unknown,IL,לאבנה מחלב בקר 9% 25,גרמים,250.00,100 גרם,false,,13.50,5.4000,true,1,149092
7290114311014,false,"משקה חלב אייס קפוצ'ינו פקק ספורט טרה 250 מ""ל",מילקו תעשיות בעמ,IL,משקה חלב אייס קפוצ'י,מיליליטרים,250.00,"100 מ""ל",false,,6.10,2.4400,true,1,275153
7290114311021,false,"משקה חלב וניל עוגיות פקק ספורט טרה 250 מ""ל",מילקו תעשיות בעמ,IL,משקה חלב וניל עוגיות,מיליליטרים,250.00,"100 מ""ל",false,,6.10,2.4400,true,1,275168
7290114311038,false,"שמנת מתוקה 32% עמידה בבקבוק טרה 250 מ""ל",מילקו תעשיות בעמ,IL,שמנת מתוקה 32% בקבוק,מיליליטרים,250.00,"100 מ""ל",false,,8.30,3.3200,true,1,275138
7290114311069,false,יוגורט לבן מועשר בחלבון 0% שומן 200 גרם muller active,מולר Muller,IL,יוגורט בטעם טבעי 25,גרמים,200.00,100 גרם,false,,6.90,3.4500,true,1,255403
7290114311076,false,"חמאת מולר צהובה עם שום, 200 גרם",מולר Muller,IL,חמאה צהובה עם שום מו,גרמים,200.00,100 גרם,false,,13.50,6.7500,true,1,271657
7290114311083,false,חמאת מולר צהובה במליחות מעודנת 200 גרם,מילקו,IL,חמאה צהובה עם מלח מו,גרמים,200.00,100 גרם,false,,13.50,6.7500,true,1,271658
7290114311106,false,מולר נטורל חצוי+יוגורט ביו+גרנולה וסירופ עם סילאן 177 ג',מילקו,IL,יוגורט BIO קרמי בתוס,גרמים,170.00,100 גרם,false,,7.20,4.2353,true,1,249107
7290114311298,false,יוגורט מולר פרופ בטעם תות בננה מלון 150,מולר Muller,IL,מולר פרופ תות בננה מ,גרמים,150.00,100 גרם,false,,5.70,3.8000,true,1,300508
7290114311304,false,יוגורט קציפת מנגו פסיפלורה בננה 150 ג' מולר,מולר Muller,IL,מולר פרופ מנגו פסיפל,גרמים,150.00,100 גרם,false,,5.70,3.8000,true,1,300509
7290114311328,false,חלב מועשר דל לקטוז מעושר בויטמין Dי 2% שומן טרה 1 ליטר,ג'י.אר.אמ.גרופו אלימ,IL,חלב נטול לקטוז טרה 1,ליטרים,1.00,ליטר,false,,8.30,8.3000,true,1,311160
7290114311359,false,יוגורט עם קציפת מנגו 3% שומן פרופ 150 ג' מולר,מולר Muller,IL,מולר פרופ מנגו 3% 15,גרמים,150.00,100 גרם,false,,5.70,3.8000,true,1,300510
7290114311434,false,מולר אקטיב יוגורט חלבון קרמל מלוח 200 גרם,מולר Muller,IL,מולר אקטיב בטעם קרמל,גרמים,200.00,100 גרם,false,,6.80,3.4000,true,1,326725
7290114311441,false,מולר אקטיב יוגורט חלבון עוגיות חמאה 200 גרם,מולר Muller,IL,מולר אקטיב בטעם עוגי,גרמים,200.00,100 גרם,false,,6.80,3.4000,true,1,326742
7290114311458,false,קרטון חלב 3% מועשר ויטמין די 1ליטר,Unknown,IL,קרטון חלב מועשר ויטמ,ליטרים,1.00,ליטר,false,,9.90,9.9000,true,1,328772
7290114311502,false,משקה חלב בטעם סחלב בבקבוק 1 ליטר,מילקו תעשיות בעמ,IL,משקה חלב בטעם סחלב 1,ליטרים,1.00,ליטר,false,,12.90,12.9000,true,1,364055
7290114311526,false,יוגורט פרופ קציפת תפוז גי'נג'ר 3% מולר 150 גרם,מולר Muller,IL,מולר פרופ תפוז ג'ינג,גרמים,150.00,100 גרם,false,,5.90,3.9333,true,1,362812
7290114600927,false,עלי טורטייה חיטה מלאה מאסטר שף 320 גרם,אלקאטי קורביישיסי גי,ES,עלי טורטיה חיטה מלאה,גרמים,320.00,100 גרם,false,,11.90,3.7188,true,1,191501
7290114600941,false,מאסטר שף מיונז הולנדי לחיץ 435 גרם,קפה לנדוור,NL,מאסטר שף מאסטר שף מ,גרמים,435.00,100 גרם,false,,15.90,3.6552,true,1,90027
7290114603041,false,פרי גרנולה בוטנים אגוזים וקוקוס חלבון .,"אפקט טבעי בע""מ",IL,פרי גרנולה בוטנים אג,גרמים,300.00,100 גרם,false,,15.90,5.3000,true,1,120255
7290114603508,false,"רוטב להקצפה מאסטר שף 300 מ""ל",סיטי פוד,TH,מאסטר שף רוטב להקפצה,מיליליטרים,300.00,"100 מ""ל",false,,10.90,3.6333,true,1,114246
7290114603539,false,קרוטונים למרק שום בצל מאסטר שף 350 גרם,"עינת תעשיות מזון, אגשח ב",IL,מאסטר שף קרוטונים למ,גרמים,350.00,100 גרם,false,,20.90,5.9714,true,1,195672
7290114604116,false,מקלוני אוזניים כותנה 500 יח' עננים,ZHEJIANG,CN,צימרוני אוזניים ענני,יחידה,0.00,יחידה,false,,10.90,0.0000,true,1,180317
7290114604864,false,קוסקוס סולת דק מאסטר שף 350 גרם,דוידוביץ,IL,קוסקוס דק מאסטר שף 3,גרמים,350.00,100 גרם,false,,6.90,1.9714,true,1,191739
7290114604871,false,קוסקוס סולת בינוני מאסטר שף 350 גרם,דוידוביץ,IL,קוסקוס בינוני מאסטר,גרמים,350.00,100 גרם,false,,6.90,1.9714,true,1,191565
7290114604901,false,ממרח שום לחיץ מאסטר שף 444 גרם,מאסטר שף,NL,מאסטר שף ממרח שום לח,גרמים,242.00,100 גרם,false,,15.90,6.5702,true,1,150505
7290114605533,false,משטח חיתוך חד פעמי 30 יח' קוקי,,CN,"משטח חיתוך חד""פ",יחידה,0.00,יחידה,false,,21.90,0.0000,true,1,272825
7290114606547,false,מיונז פטריות כמהין לחיץ מאסטר שף 242 גרם,מאסטר שף,NL,מאסטר שף מיונז עם כמ,גרמים,242.00,100 גרם,false,,15.90,6.5702,true,1,150489
7290114657297,false,מיני פופ סוכריה על מקל עם כדור 8גר LOL,Unknown,CN,מיני פופ סוכריה על מ,גרמים,8.00,100 גרם,false,,12.90,161.2500,true,1,126492
7290114659949,true,מארז 50 מסכות כירוג,,,מארז 50 מסכות כירוג,יחידה,0.00,יחידה,false,,10.90,0.0000,true,1,85587
7290115071535,false,מטבעות שוקולד ברשת מפרץ הרפתקאות 31 גר,,NL,מטבעות שוקולד ברשת 3,גרמים,31.00,100 גרם,false,,4.90,15.8065,true,1,126446
7290115190014,false,סיגריות מרלבורו רד קצר בוקס,פיליפ מוריס,IL,סיגריות מרלבורו חפי,יחידה,0.00,יחידה,false,,36.50,0.0000,false,1,109343
7290115190076,false,סיגריות מרלבורו גולד ארוך 100 בוקס,פיליפ מוריס,TR,סיגריות מרלבורו חפי,יחידה,0.00,יחידה,false,,36.50,0.0000,false,1,117381
7290115190090,false,סיגריות מרלבורו קצר בוקס בודד,פיליפ מוריס,US,סיגריות מרלבורו חפי,יחידה,0.00,יחידה,false,,36.50,0.0000,false,1,109361
7290115190151,false,סיגריות מרלבורו טאצ גולד,פיליפ מוריס,IL,מרלבורו גולד טאצ בוד,יחידה,0.00,יחידה,false,,32.50,0.0000,false,1,109327
7290115190175,false,פרלמנט סופר סלימס קופסא,פיליפ מוריס,US,סיגריות פרלמנט (חפיס,יחידה,0.00,יחידה,false,,42.00,0.0000,false,1,102153
7290115190199,false,פרלמנט נייט ארוך חפיסה,פיליפ מוריס,TR,סיגריות פרלמנט (חפיס,יחידה,0.00,יחידה,false,,42.00,0.0000,false,1,153095
7290115190236,false,סיגריות פרלמנט קצר בלו בודד,פיליפ מוריס,IL,סיגריות פרלמנט (חפיס,יחידה,0.00,יחידה,false,,42.00,0.0000,false,1,109294
7290115190335,false,ל.מ.בלו לייבל ארוך בוקס חפיסה,פיליפ מוריס,TR,אל אם בלו ארוך,יחידה,0.00,יחידה,false,,33.00,0.0000,false,1,155187
7290115190434,false,סיגריות L.M וייב סלימס בודד,פיליפ מוריס,US,אל אם וייב סלימס,יחידה,0.00,יחידה,false,,33.00,0.0000,false,1,102176
7290115190496,false,סיגריות נקסט ארוך בודד,פיליפ מוריס,IL,סיגריות נקסט (בודד),יחידה,0.00,יחידה,false,,31.50,0.0000,false,1,133440
7290115190519,false,סיגריות נקסט פיין חפ,פיליפ מוריס,PL,סיגריות נקסט (בודד),יחידה,0.00,יחידה,false,,31.50,0.0000,false,1,109311
7290115200003,false,פתי בר פינוקי וניל אסם 220 גרם,תאי פרזידנט פוד פאבל,PL,פתי בר פינוקי וניל 2,גרמים,220.00,100 גרם,false,,11.90,5.4091,true,1,120516
7290115200027,false,אסם פתי בר פינוקים שוקו 220 גרם,קריות זול,PL,פתי בר פינוקי שוקו 2,גרמים,220.00,100 גרם,false,,11.90,5.4091,true,1,119421
7290115200713,false,במבה קלאסי מארז אחיד 8 50*5 ג',"אסם השקעות בע""\מ",IL,מארז במבה קלאסי אסם,גרמים,250.00,100 גרם,false,,12.90,5.1600,true,1,121423
7290115200782,true,חמישיית פיתות 10*500,,,חמישיית פיתות 10*500,גרמים,500.00,100 גרם,false,,7.90,1.5800,true,1,120664
7290115201031,false,אסם פתיבר דובוני שוקולד 175 גרם,טרופיקל דגיל תעשיות,PL,אסם פתיבר דובי שוקול,גרמים,175.00,100 גרם,false,,12.30,7.0286,true,1,149239
7290115201451,false,טבעול גורמה לביבות בטטה קארי 455 גרם,טבעול )מקבוצת אסם השקעות,IL,טבעול גורמה לביבות ב,גרמים,455.00,100 גרם,false,,36.90,8.1099,true,1,300686
7290115201680,false,ביסלי בטעם ברביקיו אסם 70 גרם,"אסם השקעות בע""\מ",IL,ביסלי ברביקיו 70 גרם,גרמים,70.00,100 גרם,false,,4.90,7.0000,true,1,127493
7290115202236,false,טופו קראנצ'ים טבעול 470 גרם,עיצובים 2020 (4.8),IL,טבעול טופו קראנצ'ים,גרמים,470.00,100 גרם,false,,35.90,7.6383,true,1,178993
7290115202786,false,מנה חמה פאוץ נודלס אטריות טעם בקר 70 גרם,תאי פרזידנט,TH,מנה חמה פאוצ' נדלסאט,גרמים,70.00,100 גרם,false,,4.90,7.0000,true,1,149177
7290115202816,false,מנה חמה פאוץ נודלס אטריות טעם עוף 70 גרם,תאי פרזידנט,TH,מנה חמה פאוצ' נדלסאט,גרמים,70.00,100 גרם,false,,4.90,7.0000,true,1,149178
7290115202939,false,מנה חמה רייס נודלס עוף פטריות אסם 50 גרם,מיוצר עי קונדיטוריית,TH,מנה חמה רייס נודלס ע,גרמים,50.00,100 גרם,false,,8.90,17.8000,true,1,214673
7290115202977,false,אוסם - מנה חמה רייס נודלס רוטב סויה סיני 55 גרם,מיוצר עי קונדיטוריית,TH,מנה חמה רייס נודלס ר,גרמים,55.00,100 גרם,false,,8.90,16.1818,true,1,214674
7290115203172,false,במבה PRO מכיל 18 גרם חלבון בשקית,"אסם השקעות בע""\מ",IL,במבה אסם 80 גרם PRO,גרמים,80.00,100 גרם,false,,4.90,6.1250,true,1,298650
7290115204056,false,"קטשופ מופחת סוכר אסם 690 גרם כשל""פ","אסם תעשיות בע""מ",IL,אסם קטשופ מופחת סוכר,גרמים,690.00,100 גרם,false,,11.90,1.7246,true,1,156871
7290115204131,false,צבר סחוג ירוק 6*190גרם חדש,פרסקו,IL,סחוג ירוק המעדנייה ש,גרמים,190.00,100 גרם,false,,12.90,6.7895,true,1,265113
7290115205176,false,פיטנס - קרקר דק כפרי פיטנס 140 גרם,נסטלה Nestle,IL,פיטנס קרקר THIN כפרי,גרמים,140.00,100 גרם,false,,13.90,9.9286,true,1,213077
7290115205312,false,קרקר פיטנס דק עם זיתי קלמטה ועשבי תיבול,"אסם השקעות בע""\מ",IL,פיטנס קרקר Thin Deli,גרמים,140.00,100 גרם,false,,13.90,9.9286,true,1,288636
7290115205527,false,פיטנס חטיף מולטיגריין עם עדשים 25 גרם,"אסם השקעות בע""\מ",IL,פיטנס חטיף מולטגריין,גרמים,25.00,100 גרם,false,,5.80,23.2000,true,1,290648
7290115205633,false,טבעול סנסשיונל/גורמה נקנקיות 350 גר',"טבעול תעשיות מזון בע""\מ",IL,טבעול סנסשיונל נקנקי,גרמים,350.00,100 גרם,false,,36.90,10.5429,true,1,300705
7290115205978,false,פתיבר ואצבעות שוקולד 180 גרם - רבנות,"t\ד""\ר ג'\רארד בע""\מn\",PL,פתי בר אצבעות שוקולד,גרמים,180.00,100 גרם,false,,11.90,6.6111,true,1,257594
7290115207484,false,"""המעדניה"" צבר חציל על האש 400 גרם",ג'נרל מילס סאן אדריא,IL,חציל על האש היתר צבר,גרמים,400.00,100 גרם,false,,17.90,4.4750,true,1,238441
7290115207682,false,אסם רוטב בסגנון סויה סיני 9*290מל חדש,"אסם השקעות בע""\מ",IL,אסם רוטב בסגנון סויה,מיליליטרים,330.00,"100 מ""ל",false,,12.90,3.9091,true,1,288445
7290115207941,false,סירופ אננס ויטמינצ'יק 1 ליטר,בית-השיטה עסיס תעשיות מז,IL,ויטמינצ'יק אננס 1 לי,ליטרים,1.00,ליטר,false,,23.50,23.5000,true,1,244101
7290115207989,false,סירופ לימון ויטמינצ'יק 1 ליטר,בית-השיטה עסיס תעשיות מז,IL,ויטמינצ'יק לימון 1 ל,ליטרים,1.00,ליטר,false,,23.50,23.5000,true,1,244102
7290115208009,false,סירופ ענבים ויטמינצ'יק 1 ליטר,בית-השיטה עסיס תעשיות מז,IL,ויטמינצ'יק ענבים 1 ל,ליטרים,1.00,ליטר,false,,23.50,23.5000,true,1,244119
7290115208047,false,סירופ פטל ויטמינצ'יק 1 ליטר,בית-השיטה עסיס תעשיות מז,IL,ויטמינצ'יק פטל 1 ליט,ליטרים,1.00,ליטר,false,,23.50,23.5000,true,1,244103
7290115208320,false,אפרופו חטיף בטעם ביסלי בצל 50 גרם,"אסם השקעות בע""\מ",IL,אפרופו בטעם ביסלי בצ,גרמים,50.00,100 גרם,false,,5.80,11.6000,true,1,333236
7290115208344,false,בייגלה כפיות שמנת בצל אסם 300 גרם,"אסם השקעות בע""\מ",IL,אסם בייגלה כפיות שמנ,גרמים,300.00,100 גרם,false,,11.90,3.9667,true,1,302403
7290115209136,false,טבעול חטיפי עוף צמחי העדה החרדית 6*1.2קג,"טבעול תעשיות מזון בע""\מ",IL,חטיפים צמחוניים בטעם,קילוגרמים,1.20,"100 ק""ג",false,,44.90,3741.6667,true,1,311048
7290115209174,false,במבה אורירית קלאסי 60 גר',אסם השקעות בעמ,IL,במבה אורירית 60 גרם,גרמים,80.00,100 גרם,false,,4.90,6.1250,true,1,315077
7290115209198,false,במבה אוורירית אסם 80 גרם,"אסם תעשיות בע""מ",IL,במבה אורירית 80 גרם,גרמים,80.00,100 גרם,false,,4.90,6.1250,true,1,290681
7290115209372,false,במבה במילוי בראוניז 150ג' אסם,"אסם השקעות בע""\מ",IL,במבה במילוי בראוניז,גרמים,150.00,100 גרם,false,,11.90,7.9333,true,1,332900
7290115403299,false,עוגיות פרפריות 450 גרם,"שיבולים א.ד.ל ק""\א",IL,עוגיות פרפריות אדל 4,גרמים,450.00,100 גרם,false,,18.90,4.2000,true,1,277227
7290115403312,false,עוגיות מלוחות קריספי 450,,IL,עוגיות מלוחות קריספי,גרמים,450.00,100 גרם,false,,18.90,4.2000,true,1,277229
7290115403404,false,עוגיות פרפריות שוקו 450,"שיבולים א.ד.ל ק""\א",IL,עוגיות פרפריות שוקו,גרמים,450.00,100 גרם,false,,18.90,4.2000,true,1,277237
7290115403411,false,עוגיות עינוגים אגוזים,,IL,עוגיות עינוגים בטעם,גרמים,500.00,100 גרם,false,,18.90,3.7800,true,1,277238
7290115403435,false,עוגיות מעמול תמר 500 גרם,שיבולים א.ד.ל )ק.א(,IL,עוגיות מעמול תמר אדל,גרמים,500.00,100 גרם,false,,18.90,3.7800,true,1,277240
7290115403459,false,עוגיות נסיכה בטעם תות 50,שיבולים א.ד.ל )ק.א(,IL,עוגיות נסיכה בטעם תו,גרמים,500.00,100 גרם,false,,18.90,3.7800,true,1,277242
7290115403466,false,עוגיות נסיכה מיקס 500 גר,שיבולים א.ד.ל )ק.א(,IL,עוגיות נסיכה מיקס אד,גרמים,500.00,100 גרם,false,,18.90,3.7800,true,1,277243
7290115403480,false,עוגיות בסגנון מרוקאי 500,,IL,עוגיות בסגנון מרוקאי,גרמים,500.00,100 גרם,false,,18.90,3.7800,true,1,277245
7290115403510,false,עוגיות מגולגלות תמרים,,IL,עוגיות מגולגלות תמרי,גרמים,500.00,100 גרם,false,,18.90,3.7800,true,1,277247
7290115405774,false,פחזניות ממולאות בטעם וניל קפולסקי 180 גרם,תופינים מקבוצת קפולס,IL,פחזניות בטעם וניל תו,גרמים,180.00,100 גרם,false,,16.90,9.3889,true,1,285871
7290115410068,false,חציל במיונז סלטי היום 400 גרם,סלטי היום - קפוא זן,IL,חציל במיונז 400 גרם,גרמים,400.00,100 גרם,false,,13.90,3.4750,true,1,189752
7290115410075,false,טחינה סלטי היום 400 גרם,סלטי היום - קפוא זן,IL,טחינה 400 גרם סלטי ה,גרמים,400.00,100 גרם,false,,13.90,3.4750,true,1,189753
7290115410099,false,מטבוחה סלטי היום 400 גרם,סלטי היום - קפוא זן,IL,מטבוחה 400 גרם סלטי,גרמים,400.00,100 גרם,false,,13.90,3.4750,true,1,189770
7290115410112,false,חומוס סלטי היום 400 גרם,סלטי היום - קפוא זן,IL,חומוס 400 גרם סלטי ה,גרמים,400.00,100 גרם,false,,13.90,3.4750,true,1,189754
7290115410549,false,המעדניה חומוס ירושלים 250 גר',סלטי היום - קפוא זן,IL,חומוס מסעדות המעדניה,גרמים,250.00,100 גרם,false,,11.90,4.7600,true,1,189670
7290115410556,false,המעדניה חומוס מסבחה ירוק 250 גר',סלטי היום - קפוא זן,IL,חומוס מסבחה 250 גרם,גרמים,250.00,100 גרם,false,,11.90,4.7600,true,1,189699
7290115410587,false,טחינה לבנה 250 גרם המעדניה,סלטי היום - קפוא זן,IL,טחינה לבנה 250 גרם -,גרמים,250.00,100 גרם,false,,11.90,4.7600,true,1,189716
7290115410594,false,חציל תאילנדי 250 גרם המעדניה,סלטי היום - קפוא זן,IL,חציל תאילנדי 250 גרם,גרמים,250.00,100 גרם,false,,11.90,4.7600,true,1,189717
7290115480016,false,סוד פאוור קאפס לכביסה צבעונית 26 יחי,סוד,HU,סוד קפסולות ג'ל 3+1,100 יח',26.00,100 יח',false,,32.90,126.5385,true,1,288315
7290115671155,false,שלישיית סוכריות מאסט FRESH ענבים 45 גרם,הליקון גידה,TR,שלישיית סוכריות בזוק,גרמים,45.00,100 גרם,false,,9.50,21.1111,true,1,235752
7290115671223,false,מסטיק מאסט פאן אבטיח מנגו צנצנת 58 גרם,אסקום קונפקשיין,DE,מסטיק קוביות ללא סוכ,גרמים,58.00,100 גרם,false,,12.90,22.2414,true,1,235768
7290115671421,false,פולי אספרסו עשירים וארומטיים עוצמה 10 עלית 250 גרם,שטראוס קפה בי. וי.,IL,פולי אספרסו עשירים ו,גרמים,250.00,100 גרם,false,,22.90,9.1600,true,1,257732
7290115675696,false,דגני בוקר קראנצ'ים שיבולת שועל עם אגוזים ושקדים,גלידות שטראוס,PL,דגני בוקר קוואקר שיב,גרמים,375.00,100 גרם,false,,22.70,6.0533,true,1,173274
7290115675719,false,דגני בוקר קראנצ'ים שיבולת שועל וחתיכות שוקולד מריר,BEVERAGES FOODS & SE,PL,דגני בוקר קוואקר שיב,גרמים,375.00,100 גרם,false,,22.70,6.0533,true,1,173259
7290115675986,false,דנונה יוגורט בר עם אגוזים מקורמלים 173 גרם,"שטראוס בריאות בע""\מ",IL,דנונה קראנצ' אגוזים,גרמים,173.00,100 גרם,false,,4.90,2.8324,true,1,127026
7290115676051,false,"משקה אקטיביה שיבולת שועל במתיקות מעודנת 250 מ""ל",מיוצר עי קונדיטוריית,IL,משקה אקטיביה עם שיבו,גרמים,265.00,100 גרם,false,,5.80,2.1887,true,1,203958
7290115676082,false,משקה דנונה פרו 20 יוגורט תות 255 ג' רבנות,"שטראוס בריאות בע""\מ.",IL,משקה יוגורט עם חלבון,גרמים,255.00,100 גרם,false,,7.90,3.0980,true,1,158147
7290115676099,false,משקה דנונה פרו 20 יוגורט וניל 255 ג' רבנות,"שטראוס בריאות בע""\מ.",IL,משקה יוגורט עם חלבון,גרמים,265.00,100 גרם,false,,7.90,2.9811,true,1,158106
7290115676273,false,אבקת קקאו עלית 500 גרם+ 10% תוספת,שטראוס קפה בי.וי.,IL,עלית קקאו 500 גרם +1,גרמים,500.00,100 גרם,false,,26.90,5.3800,true,1,150731
7290115676341,false,אריזות דבש אישיות טו גו 18 * 162 ג' יד מרדכי,מכוורת יד מרדכי שטראוס ב,IL,דבש טהור באריזות איש,גרמים,162.00,100 גרם,false,,21.90,13.5185,true,1,327423
7290115677362,false,"נודלס טריאקי ""דלישס"" שטראוס","טרופיקל דגיל בע""מ אז",IL,נודלס טריאקי שטראוס,גרמים,350.00,100 גרם,false,,28.90,8.2571,true,1,208311
7290115677409,false,אורז קארי צהוב עם ירקות ברוטב קארי וקרם קוקוס,אוכל ביתי ניר עציון,IL,אורז קארי צהוב שטראו,גרמים,350.00,100 גרם,false,,28.90,8.2571,true,1,208312
7290115677423,false,אורז ירוק קארי חריף חריף דלישס 350 גרם,"טרופיקל דגיל בע""מ אז",IL,אורז קארי ירוק חריף,גרמים,350.00,100 גרם,false,,28.90,8.2571,true,1,208313
7290115677676,false,חומוס עשיר בטחינה גולמית עם מלא חריף 400 גר אחלה,"שטראוס גרופ בע""\מ",IL,חומוס 40% טחינה עם ח,גרמים,400.00,100 גרם,false,,15.20,3.8000,true,1,130002
7290115677966,false,ממרח אבוקדו טעם הטבע 200 גרם,ג'י. אר. סימפלוט,MX,ממרח אבוקדו אחלה 200,גרמים,200.00,100 גרם,false,,16.90,8.4500,true,1,197278
7290115678222,false,מארז 8 גביעים יוגורט Greek בסגנון יווני 6.5% שומן,"שטראוס בריאות בע""\מ",IL,מארז שמינייה יוגורט,גרמים,130.00,100 גרם,false,,25.90,19.9231,true,1,158163
7290115678376,false,מעדן הגולן שוקולד 125 גרם,מיוצר עי קונדיטוריית,IL,מעדן הגולן מעדן חלב,גרמים,125.00,100 גרם,false,,3.50,2.8000,true,1,180549
7290115678383,false,מעדן הגולן שוקולד מריר 125 גרם,מיוצר עי קונדיטוריית,IL,מעדן הגולן מעדן חלב,גרמים,125.00,100 גרם,false,,3.50,2.8000,true,1,180564
7290115678598,false,חסה אייסברג שטראוס טעם הטבע,שטראוס בריאות ירקות טריי,IL,חסה אייסברג חיתוך גס,גרמים,300.00,100 גרם,false,,10.90,3.6333,true,1,205658
7290115679878,false,פיצה מבצק עם סלק דלישס 320 גרם,גסטרונומיה פרוסט אס.,IT,פיצה מבצק עם סלק שטר,גרמים,320.00,100 גרם,false,,21.90,6.8437,true,1,208409
7290115679960,false,ציטוס פופקורן בטעם טבעי 60 ג 24 יח,"שטראוס פריטו ליי בע""\מ )",IL,ציטוס פופקורן בטעם ט,גרמים,60.00,100 גרם,false,,4.80,8.0000,true,1,201901
7290116242378,false,מיני פופ סוכריה על מקל עם כדור 8גר סמי הכבאי,שמחה זה אנחנו,,מיני פופ סוכריה על מ,גרמים,8.00,100 גרם,false,,12.90,161.2500,true,1,250694
7290116242392,false,מיני פופ סוכריה על מקל(5 יח) 40 גר' - כוח פי ג'יי,Unknown,CN,מיני פופ סוכריות על,גרמים,40.00,100 גרם,false,,12.90,32.2500,true,1,249568
7290116270715,false,פילה ברבוניה ארוז בו,,,פילה ברבוניה ארוז בו,יחידה,0.00,יחידה,false,,29.90,0.0000,true,1,258184
7290116512389,false,גרבי נשים שניל 36-41,,,גרבי נשים שניל 36-41,יחידה,0.00,יחידה,false,,40.90,0.0000,true,1,209704
7290116512402,false,גרבי נשים קיפולך 36-,,,גרבי נשים קיפולך 36-,יחידה,0.00,יחידה,false,,39.90,0.0000,true,1,209705
7290116531083,false,"ברנפלקס ללא ת.סוכר בטעם דבש בתוספת שקדים, 400 גרם","יוניליוור שפע ישראל בע""\",IL,דגני בוקר ברנפלקס לל,גרמים,500.00,100 גרם,false,,27.00,5.4000,true,1,237305
7290116531496,false,קינמונים דגנים פריכים מצופים 375 גרם,"נאוג'\אזיס נווזיס ,UAB ג",LT,דגני בוקר קינמונים ת,גרמים,375.00,100 גרם,false,,23.40,6.2400,true,1,256311
7290116532462,false,גלידת שמנת קליק בטעמי שוקולד בננה 384 ג' שטראוס,"גלידת שטראוס בע""\מ, רחוב",IL,גלידת שמנת קליק בטעם,מיליליטרים,520.00,"100 מ""ל",false,,19.90,3.8269,true,1,294420
7290116532738,false,רוטב איטלקי לסלט בזיליקום ואורגנו 305 גרם,אתר חיפה ממרחים - Fo,IL,רוטב לסלט בזיליקום ו,גרמים,295.00,100 גרם,false,,12.80,4.3390,true,1,338199
7290116532769,false,גרנולה פרוטאין גרנולה חלבון תפוח וקינמון תלמה 300 גרם,חטיפי העמק,IL,גרנולה פרוטאין בתוספ,גרמים,300.00,100 גרם,false,,17.90,5.9667,true,1,291127
7290116532899,false,נישנושים איירביס פלאפל 155 גרם,"דרך השוקולד ,1 צפת 13404",IL,נשנושים איירביס חטיף,גרמים,155.00,100 גרם,false,,13.90,8.9677,true,1,343951
7290116533063,false,דגני בוקר שוגי קרטיב ענבים 400 גרם,"יוניליוור שפע ישראל בע""\",IL,שוגי דגני בוקר בטעם,גרמים,400.00,100 גרם,false,,24.10,6.0250,true,1,291128
7290116533216,false,"קנור מרק תיבול ירקות 235 מ""ל",יוניליוור,IL,מרק ירקות 100% רכיבי,גרמים,235.00,100 גרם,false,,22.90,9.7447,true,1,331508
7290116910314,false,מיני פופ סוכריה על מקל(5 יח) 40 גר - מפרץ ההרפתקאות,Unknown,CN,מיני פופ סוכריות על,גרמים,40.00,100 גרם,false,,12.90,32.2500,true,1,249569
7290116930015,false,חטיף חלבון GO קרמל ח.בוטנים קריספי 20 גרם חלבון,"בלמונט קונפקציות בע""\מ.",US,חטיף חלבון בטעם קרמל,גרמים,60.00,100 גרם,false,,14.90,24.8333,true,1,262021
7290116930282,false,ארוחה בקטנה לאבנה עם קרקרים 150ג' תנובה,תנובה חלב,IL,לאבנה 9% שומן עם קרק,גרמים,150.00,100 גרם,false,,8.50,5.6667,true,1,299656
7290116930466,false,"משקה SHAKE בננה מנגן פסיפלורה והל 230 מ""ל יופלה",קבוצת המזון אקטשלאר,IL,יופלה SHAKE מנגו בנ,מיליליטרים,230.00,"100 מ""ל",false,,8.50,3.6957,true,1,299718
7290116930626,false,ארוחה בקטנה ציזיקי עם קרקרים 150ג' תנובה,תנובה חלב,IL,ציזיקי עם קרקרים תנו,גרמים,150.00,100 גרם,false,,8.50,5.6667,true,1,299671
7290116930657,false,"משקה חלב גו בטעם בננה תמר בתוספת שיבולת שועל במרקם חלק 340 מ""ל",תנובה מרכז שיתופי לש,IL,משקה GO בננה תמר עם,מיליליטרים,340.00,"100 מ""ל",false,,7.90,2.3235,true,1,347380
7290116930701,false,מעדן חלב GO מועשר בחלבון בטעם קרמל מלוח,תנובה מרכז שיתופי לש,IL,מעדן חלב GO בטעם קרמ,גרמים,120.00,100 גרם,false,,4.90,4.0833,true,1,299960
7290116930718,false,מעדן תנובה דיאט בטעם שוקולד וקרמל מלוח 0% 150ג' תנובה,"תנובה בע""\מ",IL,מעדן דיאט בטעם שוקו,גרמים,150.00,100 גרם,false,,4.50,3.0000,true,1,301197
7290116930954,false,יוגורט טעם פאי תפוחים 3% 150 ג' יופלה,"תנובה בע""\מ",IL,יופלה בטעם פאי תפוחי,מיליליטרים,150.00,"100 מ""ל",false,,5.70,3.8000,true,1,347330
7290116931012,false,יופלה דיאט 0% שומן תפוח וקינמון 150 גרם,תנובה מרכז שיתופי לש,IL,יופלה דיאט 0% שומן ת,מיליליטרים,150.00,"100 מ""ל",false,,5.60,3.7333,true,1,347346
7290116931104,false,יופלה GO במרקם סמיך עם אננס 0% תנובה 200 גרם,תנובה חלב,IL,יופלה גו במרקם סמיך,גרמים,200.00,100 גרם,false,,6.20,3.1000,true,1,309747
7290116931159,false,יופלה דיאט 0% שומן תות בננה 150 גרם,תנובה מרכז שיתופי לש,IL,יופלה דיאט 0% שומן ת,מיליליטרים,150.00,"100 מ""ל",false,,5.60,3.7333,true,1,347363
7290117260098,false,חטיף גבינה לבנה בטעם וניל בציפוי שוקולד עם חלבון 120 גרם קפוא,ז'ייאסבי,LT,חטיף גבינה לבנה בטעם,גרמים,120.00,100 גרם,false,,15.90,13.2500,true,1,309037
7290117260463,false,גבינה בולגרית מעודנת למריחה עם חלפיניו 5% שומן 200 ג' יורו,Euro יורו מחלבות אירופה,TR,גבינה בולגרית מעודנת,גרמים,200.00,100 גרם,false,,13.90,6.9500,true,1,301500
7290117260579,false,חטיף קראנצ'י על בסיס קמח עדשים בטעם שמנת חמוצה ובצל 80 ג',וילי פוד,LT,חטיף קראנצ'י על בסיס,גרמים,80.00,100 גרם,false,,8.50,10.6250,true,1,331284
7290117261088,false,בוראטה גבינת מוצרלה רכה 125ג' 18%שומן,קסריה להפואנטה,ES,בוראטה גבינת מוצרלה,גרמים,125.00,100 גרם,false,,21.90,17.5200,true,1,335172
7290117261118,false,זוג קינוחים בטעם שוקולד בציפוי שוקולד חלב 140 גרם,Euro יורו מחלבות אירופה,ES,זוג קינוחים בטעם שוק,גרמים,140.00,100 גרם,false,,12.90,9.2143,true,1,308986
7290117261354,false,גבינת ריקוטה 200 גרם 5%שומן מחלבת אירופה,באלבן גידה סנאי,TR,גבינת ריקוטה 5% שומ,גרמים,200.00,100 גרם,false,,10.90,5.4500,true,1,298679
7290117261415,false,euro cheese יוגורט פרוביוטי 2.7% שומן 125 גרם,Euro יורו מחלבות אירופה,TR,יוגורט פרוביוטי 2.7%,גרמים,125.00,100 גרם,false,,3.10,2.4800,true,1,347860
7290117261422,false,euro cheese יוגורט פרוביוטי תות שדה 2% שומן 125 גרם,Euro יורו מחלבות אירופה,TR,יוגורט פרוביוטי עם ת,גרמים,125.00,100 גרם,false,,3.10,2.4800,true,1,347876
7290117261439,false,euro cheese יוגורט פרוביוטי פירות יער 2% שומן 125 גרם,Euro יורו מחלבות אירופה,TR,יוגורט פרוביוטי עם פ,גרמים,125.00,100 גרם,false,,3.10,2.4800,true,1,347877
7290117261446,false,יוגורט פרוביוטי עם אפרסק ומשמש 2% שומן 125 גרם,Euro יורו מחלבות אירופה,TR,יוגורט פרוביוטי אפרס,גרמים,125.00,100 גרם,false,,3.10,2.4800,true,1,347878
7290117261521,false,סלמון אטלנטי בשמן קנולה 120 גרם ויליפוד,קריות זול,LV,סלמון אטלנטי בשמן קנ,גרמים,120.00,100 גרם,false,,12.90,10.7500,true,1,328670
7290117261927,false,גבינת פקורינו מחלב כבשים צ'אנק 150 EURO CHEESE,ג.וילי פוד אינטרנשיונל ב,ES,גבינת פקורינו מחלב כ,גרמים,150.00,100 גרם,false,,21.90,14.6000,true,1,328740
7290117262221,false,"משקה יוגורט פרוביוטי עם אננס 200מ""ל 2.3%שומן יורו",Euro יורו מחלבות אירופה,TR,משקה יוגורט עם אננס,מיליליטרים,200.00,"100 מ""ל",false,,5.90,2.9500,true,1,308861
7290117262238,false,"משקה יוגורט פרוביוטי עם תות שדה 200מ""ל 2.3%שומן יורו",Euro יורו מחלבות אירופה,TR,משקה יוגורט עם תות ש,מיליליטרים,200.00,"100 מ""ל",false,,5.90,2.9500,true,1,308845
7290117381182,false,"רוטב סריראצה מאסטר שף 360 מ""ל",תאי סופרים סוד,TH,רוטב סרירציה מאסטר ש,גרמים,360.00,100 גרם,false,,25.90,7.1944,true,1,352116
7290117383711,false,"מארז זוג תחליב רחצה חלב ודבש *750 מ""ל פלמוליב",קולגייט פלמוליב,TR,פלמוליב חלב ודבש 750,ליטרים,1500.00,100 ליטר,false,,30.00,2.0000,true,1,341375
7290117383728,false,"מארז זוג תחליב רחצה לומינוס  אבוקדו 750 מ""ל פלמוליב",קולגייט פלמוליב,TR,פלמוליב לומינוס אבוק,ליטרים,1500.00,100 ליטר,false,,30.00,2.0000,true,1,341376
7290117383742,false,"מארז זוג ג'ל רחצה לגבר 750 מ""ל פלמוליב",קולגייט פלמוליב,TR,פלמוליב גבר מרענן 75,ליטרים,1500.00,100 ליטר,false,,30.00,2.0000,true,1,341378
7290117761052,false,מנקה חלונות 1 ליטר ז,,,מנקה חלונות 1 ליטר ז,ליטרים,1.00,ליטר,false,,14.90,14.9000,true,1,257656
7290117821374,false,ביצת הפתעה פלסטיק עם סוכריות קשות 10 גרם פוני,PAZARLAMA GIDA GLOBAL,TR,ביצת הפתעה פלסטיק עם,גרמים,10.00,100 גרם,false,,6.50,65.0000,true,1,300169
7290117823798,false,בדיקה עצמית מהירה לזיהוי אנטיגן 5 יח,,CN,בדיקה עצמית מהירה לז,יחידה,0.00,יחידה,false,,39.90,0.0000,true,1,242956
7290117829592,false,צ.גפן מתוק בדלי פיג'יי,קוטון קנדי,IL,צמר גפן מתוק בדלי 50,גרמים,50.00,100 גרם,false,,10.00,20.0000,true,1,346047
7290117829615,false,צמר גפן מתוק בדלי 50,,,צמר גפן מתוק בדלי 50,גרמים,50.00,100 גרם,false,,10.00,20.0000,true,1,346049
7290117860090,false,מרכך תמציות אלוורה ותה ירוק לשיער רגיל,"טרופיקל דגיל בע""\מ",IL,מרכך מטפח לשיער רגיל,מיליליטרים,700.00,"100 מ""ל",false,,15.90,2.2714,true,1,338540
7290117860137,false,"הוואי קרם רחצה יוגורט בניחוח פרח הקמליה 700 מ""ל","טרופיקל גליל בע""מ",IL,תחליב רחצה בניחוח פר,מיליליטרים,700.00,"100 מ""ל",false,,15.90,2.2714,true,1,342202
7290117860144,false,הוואי שמפו פירות אקזוטיים וקלנדולה 700,"טרופיקל דגיל בע""\מ",IL,שמפו נגד קשקשים הווא,מיליליטרים,700.00,"100 מ""ל",false,,15.90,2.2714,true,1,338541
7290117860182,false,"הוואי - תחליב רחצה בניחוח מגנוליה ושמן שקדים 700 מ""ל","טרופיקל דגיל בע""\מ",IL,תחליב רחצה בניחוח מג,מיליליטרים,700.00,"100 מ""ל",false,,15.90,2.2714,true,1,342203
7290117860199,false,שמפו שמן ורד הבר ושמן מקדמיה לשיער יבש,"טרופיקל דגיל בע""\מ",IL,שמפו לשיער יבש הוואי,מיליליטרים,700.00,"100 מ""ל",false,,15.90,2.2714,true,1,338542
7290117860496,false,"הוואי שמפו + מרכך 2 ב-1 לגבר 700 מ""ל-חדש","טרופיקל גליל בע""מ",IL,שמפו לגבר + מרכך 2ב-,מיליליטרים,700.00,"100 מ""ל",false,,15.90,2.2714,true,1,338546
7290117860649,false,הוואי שמפו קרטין קיק ללא סולפטים 700 מל,"טרופיקל דגיל בע""\מ",IL,שמפו ללא סולפטים הוו,מיליליטרים,700.00,"100 מ""ל",false,,15.90,2.2714,true,1,343596
7290117860847,false,"הוואי רעננות מושלמת לגבר לשיער, גוף, פנים וזקן","טרופיקל גליל בע""מ",IL,שמפו 4 ב 1 לגבר רעננ,מיליליטרים,700.00,"100 מ""ל",false,,15.90,2.2714,true,1,343600
7290117860946,false,"תחליב רחצה יוגורט בניחוח קוקוס 700 מ""ל הוואי","טרופיקל דגיל בע""\מ",IL,תחליב רחצה יוגורט בנ,מיליליטרים,700.00,"100 מ""ל",false,,15.90,2.2714,true,1,342209
7290117900932,false,גרעין אבטיח קלוי 130 גרם,דין שיווק וקלייה בעמ,IL,גרעיני אבטיח קלויים,גרמים,130.00,100 גרם,false,,10.90,8.3846,true,1,292229
7290117900987,false,אגוז פקאן קלוף ששון הקולה 140 גרם,"שקדיה גבע תעשיות בע""",IL,פקאן קלוף 140 גרם,גרמים,140.00,100 גרם,false,,15.90,11.3571,true,1,292234
7290117901014,false,קשיו קלוי ששון הקולה 160 גרם,"שקדיה גבע תעשיות בע""",IL,קשיו קלוי 160 גרם,גרמים,160.00,100 גרם,false,,15.90,9.9375,true,1,292237
7290117901045,false,בוטן רביולי ששון הקולה 200 גרם,דין שיווק וקלייה בעמ,IL,בוטן רביולי 200 גרם,גרמים,200.00,100 גרם,false,,15.90,7.9500,true,1,292240
7290118420415,false,אסם קטשופ קלאסי היתר מכירה 750 גרם,"אסם תעשיות מזון בע""מ",IL,.אסם קטשופ בקבוק לחי,גרמים,750.00,100 גרם,false,,12.50,1.6667,true,1,368221
7290118420477,false,אסם בייגלה שטוחים בטעם ביסלי בצל 300 גרם,"אסם תעשיות בע""מ",IL,בייגלה שטוחים בטעם ב,גרמים,300.00,100 גרם,false,,11.90,3.9667,true,1,333219
7290118420514,false,אינסטנט פודינג בטעם נוגט אסם 75 גרם,"אסם תעשיות בע""מ",IL,אינסטנט פודינג נוגט,גרמים,80.00,100 גרם,false,,6.50,8.1250,true,1,330888
7290118520016,false,קרפור-דבש פרחים טהור,,,קרפור-דבש פרחים טהור,קילוגרמים,1.00,"ק""ג",false,,17.90,17.9000,true,1,347829
7290118873082,false,בדיקות אנטיגן +שפעת 5יח,,IL,בדיקות לזיהוי אנטיגן,יחידה,0.00,יחידה,false,,49.90,0.0000,true,1,371276
7290589856775,false,נייס שבלולים לשיער,,IL,נייס שבלולים לשיער,יחידה,0.00,יחידה,false,,5.90,0.0000,true,1,37203
7290900010367,false,טורטייה שמינייה משקל נקי 360 ג' Avel,Turka Invest,PL,טורטייה אבאל 360 גרם,גרמים,360.00,100 גרם,false,,10.90,3.0278,true,1,81488
7291008084915,false,תמר מג'הול 500גר,,,תמר מג'הול 500גר,גרמים,500.00,100 גרם,false,,10.00,2.0000,true,1,260259
7296021131394,false,סכין מולטי משוננת מ,,,סכין מולטי משוננת מ,יחידה,0.00,יחידה,false,,19.90,0.0000,true,1,30600
7296021133596,false,כף בישול ידית שחורה,KIS CHINA,CN,כף בישול ידית שחורה,יחידה,0.00,יחידה,false,,15.90,0.0000,true,1,53245
7296021133695,false,מגרדת ידית שחורה נעמ,,,מגרדת ידית שחורה נעמ,יחידה,0.00,יחידה,false,,9.90,0.0000,true,1,53255
7296021133732,false,כף עוגה ידית שחורה נ,KIS CHINA,CN,כף עוגה ידית שחורה נ,יחידה,0.00,יחידה,false,,9.90,0.0000,true,1,53259
7296021136573,false,תרווד עץ שטוח ידית ס,,,תרווד עץ שטוח ידית ס,יחידה,0.00,יחידה,false,,18.90,0.0000,true,1,256536
7296021136580,false,כף עץ שטוח ידית סילי,,,כף עץ שטוח ידית סילי,יחידה,0.00,יחידה,false,,18.90,0.0000,true,1,256551
7296021141102,false,קישואן זןקיני ידית מ,,,קישואן זןקיני ידית מ,יחידה,0.00,יחידה,false,,10.90,0.0000,true,1,256709
7296021141843,false,פורס ביצים כפול,,,פורס ביצים כפול,יחידה,0.00,יחידה,false,,22.90,0.0000,true,1,257035
7296021159398,false,סט צלחות פורצלן 10.5,,,סט צלחות פורצלן 10.5,יחידה,0.00,יחידה,false,,99.90,0.0000,true,1,129856
7296021170935,false,מטרפה עם לקקן סיליקו,,,מטרפה עם לקקן סיליקו,יחידה,0.00,יחידה,false,,21.90,0.0000,true,1,257070
7296021171185,false,"מועך תפו""א מתקפל SS",,,"מועך תפו""א מתקפל",יחידה,0.00,יחידה,false,,29.90,0.0000,true,1,257086
7296021191770,false,"סוטאז' יציקה 28 ס""מ+",,,"סוטאז' יציקה 28 ס""מ+",יחידה,0.00,יחידה,false,,399.90,0.0000,true,1,258924
7296021261589,false,מחבת יציקה עם ידית א,,,מחבת יציקה עם ידית א,יחידה,0.00,יחידה,false,,549.90,0.0000,true,1,255981
7296021262005,false,"סט (4) סיר 24 ס""מ ומ",,,"סט (4) סיר 24 ס""מ ומ",יחידה,0.00,יחידה,false,,899.90,0.0000,true,1,268487
7296021268519,false,"מחבת לטיגון 24 ס""מ B",,,"מחבת לטיגון 24 ס""מ B",יחידה,0.00,יחידה,false,,499.90,0.0000,true,1,256073
7296021268526,false,"מחבת לטיגון 28 ס""מ B",,,"מחבת לטיגון 28 ס""מ B",יחידה,0.00,יחידה,false,,599.90,0.0000,true,1,256074
7296021268557,false,סיר עם מכסה לבישול 2,,,סיר עם מכסה לבישול 2,יחידה,0.00,יחידה,false,,899.90,0.0000,true,1,256091
7296021268564,false,סיר עם מכסה לבישול 2,,,סיר עם מכסה לבישול 2,יחידה,0.00,יחידה,false,,949.90,0.0000,true,1,256107
7296021269011,false,מאג ג'מבו 650 מל קרמ,,,"מאג ג'מבו 650 מ""ל רק",יחידה,0.00,יחידה,false,,19.90,0.0000,true,1,288475
7296021269035,false,כוסות קרמיקה14*7.4 R,,,כוסות קרמיקה14*7.4 R,יחידה,0.00,יחידה,false,,14.90,0.0000,true,1,347879
7296082000035,false,"ביצים ""פלוס"" 6 יחידות",המכון למיון ושיווק ב,IL,6 ביצים L אומגה ביצה,יחידה,0.00,יחידה,false,,15.90,0.0000,true,1,51094
7296102266113,false,קרש חיתוך פלסטיק ג',,,קרש חיתוך פלסטיק ג',יחידה,0.00,יחידה,false,,16.90,0.0000,true,1,136383
7296102521731,false,סט 4 קופסאות פלסטיק,,,סט 4 קופסאות פלסטיק,יחידה,0.00,יחידה,false,,19.90,0.0000,true,1,211140
7297028160936,false,גרבי גבר שלישייה שחו,,,גרבי גבר שלישייה שחו,יחידה,0.00,יחידה,false,,14.90,0.0000,true,1,222177
7297028161575,false,קרסוליות גבר (10 ) לבן/שחור/מעורב,,,עשיריית גרבי גרב,יחידה,0.00,יחידה,false,,29.90,0.0000,true,1,201414
7297028164552,false,גרבי עבודה לגבר שלי,,,גרבי עבודה לגבר,יחידה,0.00,יחידה,false,,30.90,0.0000,true,1,222068
7297094015116,false,"מגבת רחצה ""אלמוג""",,,"מגבת רחצה ""אלמוג""",יחידה,0.00,יחידה,false,,39.90,0.0000,true,1,91586
7297094015291,false,חלוק מגבת כותנה מבוג,,,חלוק מגבת כותנה מבוג,יחידה,0.00,יחידה,false,,119.90,0.0000,true,1,91587
7297094020608,false,"סט ביוטי זוגי 180 ס""",,,"סט ביוטי זוגי 180 ס""",יחידה,0.00,יחידה,false,,169.90,0.0000,true,1,138815
7297478000523,false,זוג גרביים מרופדים ל,,,זוג גרביים מרופדים ל,יחידה,0.00,יחידה,false,,19.90,0.0000,true,1,211380
7297478002534,false,גרבי נוער,,,גרבי נוער,יחידה,0.00,יחידה,false,,15.90,0.0000,true,1,216560
7297478003548,false,גרבי ילדים שלישייה,,,גרבי ילדים שלישייה,יחידה,0.00,יחידה,false,,12.90,0.0000,true,1,211285
7297478003678,false,גרבי חיילות,,,גרבי חיילות,יחידה,0.00,יחידה,false,,19.90,0.0000,true,1,216579
7297478005252,false,גרבי נוער,,,גרבי נוער,יחידה,0.00,יחידה,false,,15.90,0.0000,true,1,216562
7297478008857,false,שלישיית גרבי נשים לח,,,שלישיית גרבי נשים לח,יחידה,0.00,יחידה,false,,19.90,0.0000,true,1,211397
7297588028455,false,מטריה סיליקון חצי אוטומטית חלק,,,מטריה סיליקון חצי או,יחידה,0.00,יחידה,false,,39.90,0.0000,true,1,103935
7297621000998,false,מגבונים בדלי 250 יח',,,מגבונים בדלי 250 יח',יחידה,0.00,יחידה,false,,19.90,0.0000,true,1,315485
7298171185470,false,גרבי בנים מיקי מאוס,,,גרבי בנים מיקי מאוס,יחידה,0.00,יחידה,false,,19.90,0.0000,true,1,222131
7298171185487,false,גרבי בנים מיקי מאוס,,,גרבי בנים מיקי מאוס,יחידה,0.00,יחידה,false,,19.90,0.0000,true,1,222147
7298171185524,false,גרבי בנים מגבת מיקי,,,גרבי בנים מגבת מיקי,יחידה,0.00,יחידה,false,,19.90,0.0000,true,1,222114
7330578950067,false,מנגל נירוסטה ארוך,,,מנגל נירוסטה ארוך,יחידה,0.00,יחידה,false,,98.00,0.0000,true,1,145526
7380580005255,false,נייס שבלולים לשיער,,IL,נייס שבלולים לשיער,יחידה,0.00,יחידה,false,,7.90,0.0000,true,1,37209
7394376615825,false,אוטלי משקה שיבולת שועל מועשר בסידן וויטמינים 1 ליטר,טרנסומס פוד,SE,משקה שיבולת שועל מוע,ליטרים,1.00,ליטר,false,,15.90,15.9000,true,1,85928
7450014901320,false,נעלי בית חורף נשים,,,נעלי בית חורף נשים,יחידה,0.00,יחידה,false,,39.90,0.0000,true,1,31234
7450014901344,false,נעלי בית חורף נשים צ,,,נעלי בית חורף נשים צ,יחידה,0.00,יחידה,false,,39.90,0.0000,true,1,356750
7450026805487,false,נעלי בית חורף נשים -,,,נעלי בית חורף נשים -,יחידה,0.00,יחידה,false,,39.90,0.0000,true,1,251830
7480588956563,false,נייס שבלולים לשיער,,IL,נייס שבלולים לשיער,יחידה,0.00,יחידה,false,,9.90,0.0000,true,1,37212
7501013122114,false,"נקטר משקה אננס בקרטונית ג'ומקס, 1 ל'",חומקס קומר קומרסאליזדורה,MX,ג'ומקס נקטר אננס קרט,ליטרים,1.00,ליטר,false,,11.00,11.0000,true,1,27631
7501013122190,false,ג'ומקס מיץ תפוחים קרטונית ליטר תריסר,חומקס קומר קומרסאליזדורה,MX,ג'ומקס משקה תפוחים ק,ליטרים,1.00,ליטר,false,,11.00,11.0000,true,1,27963
7501013122992,false,ג'ומקס מיץ קוקוס אננס קרטונית ליטר תריסר,חומקס קומר קומרסאליזדורה,MX,ג'ומקס משקה קוקוס אנ,ליטרים,1.00,ליטר,false,,11.00,11.0000,true,1,27633
7501064191466,false,"שישיית בירה קורונה 355 מ""ל בקבוק",סרבסריה מודלו,MX,קורונה מארז שישיה 6*,ליטרים,2.13,ליטר,false,,37.90,17.7934,true,1,31775
7509546061160,false,"משחת שיניים לילדים מיניונים 2-5 75 מ""ל קולגייט",קולגייט פלמוליב,PL,משחת שיניים קולגייט,מיליליטרים,75.00,"100 מ""ל",false,,16.90,22.5333,true,1,279508
7610400068505,false,לינדט לינדור בונבוניירה שוקולד חלב 200 גרם,לינדט ושפרונגלי קילשברג,CH,לינדור בונבוניירה חל,גרמים,200.00,100 גרם,false,,33.90,16.9500,true,1,14765
7610400068529,false,לינדט לינדור בונבוניירה כדורי שוקולד מטעמים 200 גרם,לינדט ושפרונגלי קילשברג,CH,לינדור בונבוניירה אס,גרמים,200.00,100 גרם,false,,33.90,16.9500,true,1,14766
7613030979647,false,דגני בוקר טריקס פירות עולם היורה 480 ג',ג'נרל מילס סאן אדריא,CL,דגני בוקר טריקס 480,גרמים,480.00,100 גרם,false,,27.90,5.8125,true,1,121793
7613031608850,false,פיטנס דגנים מחיטה מלאה ואורז נסטלה 625 גרם,נסטלה צרפת איטנקורט,FR,דגני בוקר פיטנס נסטל,גרמים,625.00,100 גרם,false,,30.90,4.9440,true,1,119665
7613031608850,false,פיטנס דגנים מחיטה מלאה ואורז נסטלה 625 גרם,נסטלה צרפת איטנקורט,FR,דגני בוקר פיטנס נסטל,גרמים,625.00,100 גרם,false,,30.90,4.9440,true,1,119665
7613032045753,false,פיטנס - דגני בוקר שוקולד 375 גרם,נסטלה צרפת איטנקורט,FR,דגני פיטנס שוקולד נס,גרמים,375.00,100 גרם,false,,22.90,6.1067,true,1,21853
7613033548192,false,פיטנס - דגני בוקר שוקולד מריר 375 גרם,נסטלה צרפת איטנקורט,FR,דגני בוקר פיטנס שוקו,גרמים,375.00,100 גרם,false,,22.90,6.1067,true,1,68534
7613034146656,false,מזון לכלבים קטנים בטעם בקר פורינה ONE,נסטלה פורינה איטליה,US,פורינה ONE כלב מיני,קילוגרמים,1.50,"ק""ג",false,,59.90,39.9333,true,1,34268
7613035379794,false,דנטלייף חטיף דנטלי לכלבים מגזע בינוני - 4 יחידות,נסטלה פורינה גרמניה,DE,דנטלייף גזע בינוני 5,גרמים,690.00,100 גרם,false,,14.90,2.1594,true,1,214643
7613035379817,false,דנטלייף חטיף דנטלי לכלבים מגזע קטן - 4 יחידות,נסטלה פורינה גרמניה,DE,דנטלייף גזע קטן 7 6*,גרמים,690.00,100 גרם,false,,14.90,2.1594,true,1,214612
7613035548374,false,דגני בוקר גולדן מיניס מחיטה מלאה ותירס,נסטלה פולין דגני בוק,FR,דגני בוקר גולדן מיני,גרמים,570.00,100 גרם,false,,27.90,4.8947,true,1,21892
7613035622623,false,פיטנס - גרנולה שקדים ודבש 300 גרם,שוורצקוף& הנקל דיסלד,LT,פיטנס גרנולה שקדים ו,גרמים,300.00,100 גרם,false,,15.90,5.3000,true,1,21893
7613035635845,false,פיטנס גרנולה שוקולד 14*300 גרם,שוורצקוף& הנקל דיסלד,LT,פיטנס גרנולה שוקולד,גרמים,300.00,100 גרם,false,,15.90,5.3000,true,1,119667
7613035635845,false,פיטנס גרנולה שוקולד 14*300 גרם,שוורצקוף& הנקל דיסלד,LT,פיטנס גרנולה שוקולד,גרמים,300.00,100 גרם,false,,15.90,5.3000,true,1,119667
7613035758834,false,פיטנס סופר גרנולה וחמוציות 300 גרם,שוורצקוף& הנקל דיסלד,LT,פיטנס גרנולה חמוציות,גרמים,300.00,100 גרם,false,,15.90,5.3000,true,1,68539
7613035807778,false,פרפקטו רוטב עגבניות לבולונז אסם 400 גרם,אסם פרפקטו Perfecto,ES,פרפקטו רוטב עגבניות,גרמים,400.00,100 גרם,false,,10.90,2.7250,true,1,21896
7613035809109,false,פרפקטו רוטב עגבניות ובזיליקום אסם 400 גרם,אסם פרפקטו Perfecto,ES,פרפקטו רוטב עגבניות,גרמים,400.00,100 גרם,false,,10.90,2.7250,true,1,21897
7613035809857,false,פרפקטו רוטב עגבניות לפסטה ולבישול אסם 400 גרם,אסם פרפקטו Perfecto,ES,פרפקטו רוטב עגבניות,גרמים,400.00,100 גרם,false,,10.90,2.7250,true,1,21899
7613036105545,false,"דוגלי גזע קטן 4*3 קילו ""אסם""",נסטלה פורינה באק הונ,HU,דוגלי בטעם בקר גזע ק,קילוגרמים,3.00,"ק""ג",false,,53.60,17.8667,true,1,92207
7613036105576,false,דוגלי עוף לכלבים בוגרים,נסטלה פורינה פטקר הו,HU,"דוגלי בוגר עוף 3 ק""ג",קילוגרמים,3.00,"ק""ג",false,,55.90,18.6333,true,1,92212
7613036105606,false,דוגלי בקר לכלבים בוגרים,נסטלה פורינה פטקר הו,HU,דוגלי בוגר בקר 4*3קג,קילוגרמים,3.00,"ק""ג",false,,55.90,18.6333,true,1,92213
7613036251389,false,"דוגלי בקר לכלבים פעילים 12 ק""ג",נסטלה פורינה באק הונ,,דוגלי אקטיב 12קג,קילוגרמים,12.00,"ק""ג",false,,124.90,10.4083,true,1,113178
7613036314114,false,נסקפה גולד Gold קפה נמס מיובש בתוספת קפה קלוי,נסטלה צרפת קפה,IL,נסקפה גולד 200 גרם,גרמים,200.00,100 גרם,false,,50.90,25.4500,true,1,138665
7613036387798,false,פיטנס דגנים מלאים ואורז פתיתים ויוגורט 350ג',נסטלה צרפת איטנקורט,FR,דגני פיטנס יוגורט נס,גרמים,375.00,100 גרם,false,,22.90,6.1067,true,1,108662
7613036976671,false,פריסקיז פאוצ' עוף ברוטב 26*85גרם,נסטלה פורינה הונגריה,HU,פריסקיז פאוצ' עוף 85,גרמים,85.00,100 גרם,false,,5.90,6.9412,true,1,52249
7613036976695,false,פריסקיז - פאוץ בקר ברוטב 85 גרם,נסטלה פורינה הונגריה,HU,פריסקיז פאוצ' בקר 85,גרמים,85.00,100 גרם,false,,5.90,6.9412,true,1,52250
7613037204889,false,סטארבקס - פולי קפה אספרסו 450 גרם,נסטלה נספרסו,PT,סטארבקס פולי קפה אספ,גרמים,450.00,100 גרם,false,,54.90,12.2000,true,1,158756
7613037276091,false,נסטלה מיקס מיני אריזות דגני בוקר 200 גרם,נסטלה Nestle,FR,מיקס מיני אריזות דגנ,גרמים,200.00,100 גרם,false,,19.90,9.9500,true,1,152479
7613037686906,false,פיטנס שקדים ודבש 355 גרם מופחת סוכר,נסטלה צרפת איטנקורט,FR,פיטנס שקדים ודבש נסט,גרמים,355.00,100 גרם,false,,22.90,6.4507,true,1,37324
7613037811629,false,דגני בוקר קורנפלקס גו פרי 500 גר',שוורצקוף& הנקל דיסלד,GB,קורנפלקס גו פרי 500,גרמים,500.00,100 גרם,false,,16.90,3.3800,true,1,56564
7613038268262,false,דגני בוקר צ'יריוס דבש ושקדים במתיקות מעודנת,נסטלה פולין דגני בוק,FR,האני נאט ציריוס מופח,גרמים,410.00,100 גרם,false,,21.90,5.3415,true,1,53173
7613039771174,false,טבעול סנסשיונל מינס טחון צמחוני 400 גרם,ג'נרל מילס סאן אדריא,CZ,טחון צמחוני טבעוני,גרמים,400.00,100 גרם,false,,35.90,8.9750,true,1,112036
7613039881521,false,גרבר מחית מרק מנגו 190 גרם,נסטלה פולסקה אס.איי,PL,גרבר מחית מנגו 190,גרמים,190.00,100 גרם,false,,6.90,3.6316,true,1,140406
7613287008497,false,סטארבקס - פולי קפה פייק פלייס 450 גרם,נסטלה נספרסו,PT,סטארבקס פולי קפה פיי,גרמים,450.00,100 גרם,false,,54.90,12.2000,true,1,158771
7613287121783,false,סמארטיס מיני 16*187 גרם,נסטלה גרמניה,DE,סמרטיס מיני 187 גרם,גרמים,187.00,100 גרם,false,,15.90,8.5027,true,1,295808
7613287181411,false,ויטמינציק מחית סלט פירות 110 גרם,"טרופיקל דגיל בע""מ אז",ES,פאוץ סלט פירות ויטמי,גרמים,110.00,100 גרם,false,,5.90,5.3636,true,1,187366
7613287182326,false,ויטמינציק מחית בננה תפוח 110 גרם,"נסטלה ספרד ס.א, מפעל",ES,פאוץ בננה תפוח ויטמי,גרמים,110.00,100 גרם,false,,5.90,5.3636,true,1,187367
7613287182357,false,מחית אגס תפוח ופירות יער ויטמינצ'יק 110 ג',נסטלה,ES,פאוץ אגס תפוח ופירות,גרמים,110.00,100 גרם,false,,5.90,5.3636,true,1,187368
7613287182425,false,ויטמינציק מחית תפוח בננה ותות 110 גרם,"טרופיקל דגיל בע""מ אז",ES,פאוץ תפוח בננה ותות,גרמים,110.00,100 גרם,false,,5.90,5.3636,true,1,187369
7613287182456,false,ויטמינציק מחית אגס בננה תפוח 110 גרם,"נסטלה ספרד ס.א, מפעל",ES,פאוץ אגס תפוח בננה ו,גרמים,110.00,100 גרם,false,,5.90,5.3636,true,1,187370
7613287325853,false,אוסם - דיפ אנד ספרד מטבל איולי ספייסי 295 גרם,נסטלה פולין,PL,רוטב ספייסי איולי לח,גרמים,295.00,100 גרם,false,,15.90,5.3898,true,1,213447
7613287394323,false,דגני בוקר מולטי צ'יריוס 600 גרם,נסטלה פולין דגני בוק,GB,מולטי צ'יריוס 100% ד,גרמים,600.00,100 גרם,false,,23.90,3.9833,true,1,166230
7613287476678,false,דגני בוקר סינימיניס צ'ורוס נסטלה 360 ג',נסטלה אוונקה,PT,סינימיניס צ'ורוס 360,גרמים,360.00,100 גרם,false,,27.90,7.7500,true,1,175352
7613287525789,false,"שישיית פרייה מים מוגזים 500 מ""ל",סן-פלגרינו,,"פרייה מים 500 מ""ל שי",ליטרים,3.00,ליטר,false,,29.90,9.9667,true,1,209791
7613287821348,false,נתחוני עוף טבעוני סנסשיונל טבעול 350 גרם,ג'נרל מילס סאן אדריא,CZ,נתחוני עוף טבעוני סנ,גרמים,350.00,100 גרם,false,,31.90,9.1143,true,1,221501
7614500010310,false,שוקולד בר לבן 100 ג' טובלרון,,,בר טובלורון לבן 100,יחידה,0.00,יחידה,false,,11.90,0.0000,true,1,283158
7622010001858,false,עוגיות אוראו ממולאות קרם וניל 176 גרם.,פי אר ג'\יי אס אי מנדלז,UA,עוגיות אוראו סנדביץ,גרמים,176.00,100 גרם,false,,10.50,5.9659,true,1,5850
7622201137052,false,אוראו מיני קוקיס - עוגיות שוקולד צ'יפס ותחתית מצופה שוקולד חלב,מונדלז אספנה גלטאס פ,ES,מיני קוקיז מילקה 110,גרמים,110.00,100 גרם,false,,9.90,9.0000,true,1,213296
7622201139278,false,גבינת שמנת 27% שומן 150 ג' פילדלפיה,מיודלז אספניה פרודוק,ES,פילדלפיה גבינת שמנת,גרמים,150.00,100 גרם,false,,15.90,10.6000,true,1,52744
7622201801809,false,מילקה שוקולד חלב עם אגוזים 100 גרם חדש,מנדלז דויצ'\לנד סנקס פרו,DE,מילקה שוקוד חלב עם א,גרמים,100.00,100 גרם,false,,7.90,7.9000,true,1,180300
7622201808631,false,אוראו מיני עוגיות ממולאות קרם וניל 67גרם,פי.טי. מונדלז אינדונ,ID,אוראו מיני כוסות בטע,גרמים,67.00,100 גרם,false,,10.90,16.2687,true,1,185984
7622201813390,false,עוגיות מילקה וואפל במילוי קרם קקאו 150 ג,מונדליז סי.אר. ביסקוויט,CZ,מילקה וואפל במילוי ק,גרמים,150.00,100 גרם,false,,14.90,9.9333,true,1,167830
7622210637994,false,מיני עוגיות אוראו קראנצ'י בייטס אורגינל,מונדלז אספניה ג'לאטס,ES,קראנצ'י בייטס אוראו,גרמים,110.00,100 גרם,false,,10.90,9.9091,true,1,213325
7622300270506,false,מילקה גריינס - עוגיות שיבולת שועל מצופות שוקולד 168 ג',מונדלז פולסקה פרודקש,PL,מילקה גריינס עוגיות,גרמים,168.00,100 גרם,false,,14.90,8.8690,true,1,5862
7622300356767,false,עוגיות עם גרנולה וחתיכות שוקולד חלב 168ג,מונדלז פולסקה פרודקש,PL,מילקה עוגיות גרנולה,גרמים,168.00,100 גרם,false,,14.90,8.8690,true,1,5864
7622300489427,false,עוגיות אוראו בציפוי בטעם שוקולד לבן 246 גרם,מנדלז אספנה גאלטס פר,ES,אוראו פאג שוקולד לבן,גרמים,246.00,100 גרם,false,,21.90,8.9024,true,1,118272
7622300489434,false,"עוגיות אוראו פאדג' בציפוי שוקולד חלב, 246 גרם",מנדלז אספנה גאלטס פר,ES,אוראו פאג שוקולד חלב,גרמים,246.00,100 גרם,false,,21.90,8.9024,true,1,118273
7622300617820,false,מילקה שוקולד חלב במילוי קרם חלב ווניל ושבבי עוגיות אוראו 100 גרם,מנדלז דויצ'\לנד סנקס פרו,DE,מילקה שוקולד אוראו 1,גרמים,100.00,100 גרם,false,,7.90,7.9000,true,1,5870
7630477891677,false,סטארבקס קפסולות קפה פייק פלייס 10 יחידות,נסטלה שוויץ - קפה,CH,קפס' פייק פלייס סטאר,גרמים,53.00,100 גרם,false,,22.90,43.2075,true,1,116824
7690589856667,false,נייס שבלולים לשיער,,IL,נייס שבלולים לשיער,יחידה,0.00,יחידה,false,,12.90,0.0000,true,1,37213
7702024074625,false,פיטנס - חטיפי קרקר חיטה מלאה 234 גרם,קומסטיבלס לה רוזה אס.איי,CO,פיטנס חטיפי קרקר חיט,גרמים,234.00,100 גרם,false,,13.90,5.9402,true,1,130950
7702174066631,false,לקקן יוגטה פין פופ במילוי מסטיק 170 גר,הדקלאים אגודת שיתופי,EC,יוגטה פינפופ לקקן 10,גרמים,180.00,100 גרם,false,,11.90,6.6111,true,1,13990
7702174068833,false,יוגטה סוכריות קשות על מקל ממולאות טופי בטעמי גלידת פירות 12 יח' 204 גרם,ליימן שליסל,CO,'לקקן יוגטה אייס קרי,גרמים,216.00,100 גרם,false,,11.90,5.5093,true,1,13993
7790580419738,false,ביצי שוקולד במילוי קרם בוטנים,,,ביצי שוקולד בון בון,גרמים,156.00,100 גרם,false,,13.90,8.9103,true,1,130359
7791875005353,false,ריבת חלב הוואנה דוצה דה לצה 450 גרם,מיגה פוד קומרס,ES,הוואנה ריבת חלב 450,גרמים,450.00,100 גרם,false,,21.90,4.8667,true,1,236491
7792860006218,false,סוכריות לקקנים בייבי דול Baby Doll לריטר,גוד פוד פרודקטס S.p,AR,בייבי דול לקקן 20גר,גרמים,24.00,100 גרם,false,,2.90,12.0833,true,1,14773
7800601801029,false,פלסטרים בצבע שקופים 100 יח',,,פלסטרים 100 יח' - לי,יחידה,0.00,יחידה,false,,8.90,0.0000,true,1,105119
7800601801159,false,סביבון מכני ברשת אורות,,,סביבון מכני אורות בר,יחידה,0.00,יחידה,false,,9.90,0.0000,true,1,36299
7840392000454,false,"פחם בריקאפאר 5 ק""ג",,,"פחם בריקאפאר 5 ק""ג",קילוגרמים,5.00,"ק""ג",false,,54.90,10.9800,true,1,329643
7860001950161,false,"שקית זילוף ח.פ 30 ס""מ קטן",,,שקית זילוף ח.פ,יחידה,0.00,יחידה,false,,14.90,0.0000,true,1,37833
7860001950932,false,גלגל פיצה חדש כלי בי,,,גלגל פיצה חדש כלי בי,יחידה,0.00,יחידה,false,,14.90,0.0000,true,1,37850
7900250001006,false,NICE אביזרי שיער,,IL,אביזרי שיער,יחידה,0.00,יחידה,false,,15.90,0.0000,true,1,37214
8000070003880,false,קפסולות קפה קרמה דולצ'ה AMM6 לוואצה 120ג',לווצה טורינו,IT,קפסולת LAVAZZA CREMA,גרמים,120.00,100 גרם,false,,29.90,24.9167,true,1,321456
8000070064553,false,קפסולות אספרסו לוואצה רוסה 10 16 יח,לווצה טורינו,IT,קפסולת LAVAZZA ROSSA,גרמים,120.00,100 גרם,false,,29.90,24.9167,true,1,321458
8000215204240,false,ויטאריז משקה שקדים ואורז אורגני 1 ליטר,בטר אנד דיפרנט,IT,משקה שקדים ואורז אור,ליטרים,1.00,ליטר,false,,15.90,15.9000,true,1,59180
8000380003761,false,וופל גרנד פטיסרי שוקולד וקוקוס לואקר 100 גרם,קריניציה ויטמינה אס,IT,גרנד פטיסרי ופל קוקו,גרמים,100.00,100 גרם,false,,13.40,13.4000,true,1,118895
8000380004676,false,קוביות וופל סנדוויץ Sandwich עם וניל וחלב,"א. לואקר, קונפקט ג'י",AT,לואקר וופל קרם וניל,גרמים,200.00,100 גרם,false,,13.90,6.9500,true,1,67584
8000380004911,false,קוביות וופל קואדרטיני Quadratini קרם אגוזים,קריניציה ויטמינה אס,AT,וופל קואדרטיני אגוז,גרמים,250.00,100 גרם,false,,15.50,6.2000,true,1,67586
8000380004966,false,וופל קוארדטיני לואקר קוביות שוקולד 250ג',קריניציה ויטמינה אס,AT,וופל קואדרטיני קקאו,גרמים,250.00,100 גרם,false,,15.50,6.2000,true,1,14009
8000380007219,false,וופלים בטעם אגוזים לואקר 175 גרם,ליימן מותגים,AT,וופל לואקר אגוז 175,גרמים,175.00,100 גרם,false,,12.90,7.3714,true,1,14015
8000380007257,false,וופל גרדנה אגוזים לואקר 200 גרם,קריניציה ויטמינה אס,IT,.וופל מצופה שוקולד ג,גרמים,200.00,100 גרם,false,,14.90,7.4500,true,1,14017
8000380007264,false,וופלים בטעם קקאו לואקר 175 גרם,קריניציה ויטמינה אס,AT,וופל לואקר קקאו 175,גרמים,175.00,100 גרם,false,,12.90,7.3714,true,1,118903
8000380142484,false,קוביות וופל קואדרטיני Quadratini בטעם שוקולד מריר,"אינסטנטה בע""מ",AT,וופל קואדרטיני שוקול,גרמים,250.00,100 גרם,false,,15.50,6.2000,true,1,118905
8000380180745,false,וופל קוביות קקאו במילוי קרם חלב לואקר 250 גרם,"א. לואקר, קונפקט ג'י",AT,וופל קואדרטיני לואקר,גרמים,250.00,100 גרם,false,,15.50,6.2000,true,1,67612
8000380187119,false,עוגיות במילוי קרם אגוזי לוז לואקר 100 גר,לואקר Loacker,AT,עוגיות לואקר אגוזי ל,גרמים,100.00,100 גרם,false,,15.90,15.9000,true,1,110725
8000380187300,false,עוגיות חמאה עם שוקולד חלב לואקר 120 גר,לואקר Loacker,AT,עוגיות לואקר פתיתי ש,גרמים,120.00,100 גרם,false,,15.90,13.2500,true,1,110727
8000500023624,false,חטיפי הפי היפו Happy Hippo במילוי קרם חלב וקקאו,פררו - אלבה,IT,הפי היפו 5*20ג,גרמים,102.00,100 גרם,false,,14.90,14.6078,true,1,14054
8000500023976,false,בונבוניירת רפאלו פררו 150 גרם,פררו - אלבה,PL,בונבוניירת רפאלו 150,גרמים,150.00,100 גרם,false,,18.90,12.6000,true,1,48571
8000500026731,false,שוקולד ביצי הפתעה קינדר שלישייה,פררו אס.פי.אי,IT,קינדר ביצי שוקולד 3*,גרמים,60.00,100 גרם,false,,16.90,28.1667,true,1,48572
8000500029350,false,מארז וופל מצופה 3יח' *43 גרם קינדר בואנו,פררו - אלבה,PL,קינדר בואנו 3*43 גרם,גרמים,129.00,100 גרם,false,,12.90,10.0000,true,1,48573
8000500032237,false,בונבונרייה פררו רושר 375 גרם,פררו - אלבה,IT,רושר 375 גרם,גרמים,375.00,100 גרם,false,,50.90,13.5733,true,1,48574
8000500037874,false,בונבונרייה פררו רושר 200 גרם,פררו - אלבה,IT,בונבוניירת רושר 200ג,גרמים,200.00,100 גרם,false,,29.90,14.9500,true,1,48575
8000500071083,false,אצבעות שוקולד קינדר Kinder שש עשרה יחידות,פררו - אלבה,IT,קינדר אצבעות שוקולד,גרמים,200.00,100 גרם,false,,15.90,7.9500,true,1,48576
8000500121436,false,מארז קינדר בואנו Kinder Bueno לבן שלוש יחידות,פררו - אלבה,PL,קינדר בואנו לבן 3*43,גרמים,117.00,100 גרם,false,,12.90,11.0256,true,1,48578
8000500128343,false,ביצי שוקולד פררו עם,פררו,IT,ביצי פררו עם קקאו 10,יחידה,100.00,יחידה,false,,15.90,0.1590,true,1,138453
8000500227848,false,נוטלה - בי רדי אצבעות ביסקוויט במילוי שוקולד 6 יח' * 22 גרם,פררו,IT,'וופל מלוח במילוי ממ,גרמים,132.00,100 גרם,false,,13.90,10.5303,true,1,124731
8000500249352,false,קינדר בואנו מיני מיקס שקית 205 ג',פררו - אלבה,PL,קינדר בואנו מיני מיק,יחידה,0.00,יחידה,false,,20.90,0.0000,true,1,94713
8000500256213,false,קינדר שוקולד מיני בשקית.,פררו - אלבה,IT,פרר-קינדר שוקולד מינ,גרמים,120.00,100 גרם,false,,11.90,9.9167,true,1,140080
8000500267103,false,קינדר דליס עוגת ספוג קקאו במילוי חלבי*10,קינדר Kinder,IT,פררו-קינדר דליס עשיר,יחידה,0.00,יחידה,false,,21.90,0.0000,true,1,130037
8000500269169,false,קינדר קארדס Kinder Cards - חמישייה,קריות זול,IT,קינדר קארדס 128 גרם,גרמים,128.00,100 גרם,false,,13.90,10.8594,true,1,122526
8000500294345,false,רושר איש שלג שוקולד חלב ואגוזי לוז 90 גר,פררו,PL,פררו איש שלג 90 גרם,גרמים,90.00,100 גרם,false,,14.90,16.5556,true,1,36188
8000500310397,true,ביסקוויטים במילוי נו,,,ביסקוויטים במילוי נו,גרמים,166.00,100 גרם,false,,15.90,9.5783,true,1,357955
8000500353738,false,רביעיה סוכריות בטעם מנטה חזק 4 * 16 ג' טחק טק,פררו,ZA,טיק טק בטעם מנטה חזק,גרמים,64.00,100 גרם,false,,12.90,20.1563,true,1,289259
8000500360262,false,קינדר שוקולד דמויות חנוכה,צ'וקטה,PL,קינדר חנוכיה 135 גרם,גרמים,135.00,100 גרם,false,,18.90,14.0000,true,1,110823
8000500366073,true,ביסקוויטים במילוי נו,,,ביסקוויטים במילוי נו,גרמים,276.00,100 גרם,false,,22.90,8.2971,true,1,357939
8000500386941,false,"ממרח קקאו עם אגוזי לוז, 900 גרם",קדבורי,IT,ממרח קקאו עם אגוזי ל,גרמים,900.00,100 גרם,false,,33.90,3.7667,true,1,275239
8000798000307,false,מברשת מגהץ איכותית (,מ.א. ייצור ויבוא מטליות,,מברשת מגהץ איכותית (,יחידה,0.00,יחידה,false,,5.90,0.0000,true,1,14552
8000798000925,false,מטאטא רך שיער איטלקי עבה,,IT,מטאטא יהלום,יחידה,0.00,יחידה,false,,12.90,0.0000,true,1,14558
8001003100164,false,יוגטה סוכריות ג'לי בטעמי פירות 450 גרם,יוגטה yogueta,IT,יוגטה סוכריות ג'לי פ,גרמים,450.00,100 גרם,false,,13.90,3.0889,true,1,130185
8001090222725,false,"הרבל אסנסס - שמפו שמן מורינגה 400 מ""ל",הרבל אסנס Herbal Essences,FR,שמפו שמן מורינגה הרב,מיליליטרים,400.00,"100 מ""ל",false,,19.90,4.9750,true,1,154944
8001090336408,false,חיתולים בייבי דריי מידה 3 38 יח' פמפרס,פרוקטר אנד גמבל,DE,פמפרס בייבי דריי מיד,יחידה,0.00,יחידה,false,,33.90,0.0000,true,1,33649
8001090580122,false,"הד אנד שולדרס שמפו סופרים משקם 400 מ""ל",פרוקטר אנד גמבל,FR,שמפו שולדרס סופרים מ,מיליליטרים,400.00,"100 מ""ל",false,,21.90,5.4750,true,1,138544
8001090678256,false,שולדרס מרכך סופרים ר,קדבורי,RO,שולדרס מרכך סופרים ר,מיליליטרים,275.00,"100 מ""ל",false,,17.90,6.5091,true,1,138660
8001090678614,false,"שמפו סופרים לחות הד אנד שולדרס 400 מ""ל",פרוקטר אנד גמבל,FR,שמפו שולדרס סופרים ל,מיליליטרים,400.00,"100 מ""ל",false,,21.90,5.4750,true,1,138545
8001090678645,false,הד&שולדרס סופרים שמפו רך כמשי 400 מל,דיפלומט,FR,שמפו שולדרס סופרים ר,מיליליטרים,400.00,"100 מ""ל",false,,21.90,5.4750,true,1,138546
8001090740663,false,אולוויז מגן תחתון נו,,,מגן תחתון מגה פק נור,יחידה,0.00,יחידה,false,,18.90,0.0000,true,1,36587
8001090810205,false,"שמפו פנטן נוסחה קלאסית 500 מ""ל",פנטן שמפן/מרכך 500 מ,RO,שמפו נוסחה קלאסית פנ,מיליליטרים,500.00,"100 מ""ל",false,,17.90,3.5800,true,1,131382
8001090832894,false,מרכך לשיער חלש ופגום לחות מוגברת,פרוקטר אנד גמבל,RO,מרכך לחות מוגברת פנט,מיליליטרים,660.00,"100 מ""ל",false,,21.90,3.3182,true,1,72094
8001090833198,false,אריאל נוזל כביסה 2.47 ליטר ניחוח מרענן,פרוקטור אנד גמבל,FR,אריאל ג'ל כביסה ניחו,ליטרים,2.37,ליטר,false,,36.90,15.5696,true,1,136717
8001090833198,false,אריאל נוזל כביסה 2.47 ליטר ניחוח מרענן,פרוקטור אנד גמבל,FR,אריאל ג'ל כביסה ניחו,ליטרים,2.37,ליטר,false,,36.90,15.5696,true,1,136717
8001090833259,false,גל כביסה אריאל בניחוח הרים 3.740 ליטר,פרוקטר אנד גמבל,FR,אריאל ג'ל כביסה ניחו,ליטרים,3.74,ליטר,false,,47.90,12.8075,true,1,136723
8001090891273,false,לנור כדוריות בושם בניחוח סחלב 210 גרם,פרוקטר אנד גמבל,US,לנור כדוריות הבושם ב,גרמים,210.00,100 גרם,false,,32.90,15.6667,true,1,107386
8001440118944,false,שלישיית עגבניות פולפה צ'יריו 400 גרם,דיפלומט,IT,שלישיית עגבניות פולפ,גרמים,1200.00,100 גרם,false,,16.90,1.4083,true,1,364617
8001505000320,false,נטורפוד מעדן תותים ותותי בר אורגני 250 גרם,אף.סי תבליני בגליל ב,IT,מעדן תותים ותותי בר,גרמים,250.00,100 גרם,false,,22.90,9.1600,true,1,115195
8001620017449,false,"סן בנדטו ספורט, מים מינרלים טבעיים 500 מל",אקווה מינרלה סאן בנדטו ב,IT,סאן בנדטו פקק ספורט,מיליליטרים,500.00,"100 מ""ל",false,,2.90,0.5800,true,1,126751
8001841006710,false,לנור כדוריות הריח בניחוח רענן 210 גרם,פרוקטר אנד גמבל,US,לנור כדוריות הבושם ב,גרמים,210.00,100 גרם,false,,32.90,15.6667,true,1,107387
8001841470252,false,נוזל ניקוי כלים פייר,,,נוזל ניקוי כלים פייר,מיליליטרים,500.00,"100 מ""ל",false,,10.90,2.1800,true,1,348349
8001841470290,false,נוזל ניקוי כלים פייר,,,נוזל ניקוי כלים פייר,מיליליטרים,750.00,"100 מ""ל",false,,14.90,1.9867,true,1,348299
8001841566771,false,לנור כדוריות בושם בניחוח יסמין 210 גרם,פרוקטר אנד גמבל,US,לנור כדוריות הבושם ב,גרמים,210.00,100 גרם,false,,32.90,15.6667,true,1,107401
8001841625188,false,סבון כלים פלטינום לימון X3 פעולות להסרת שומנים,פרוקטר אנד גמבל,GB,פיירי נוזל כלים פלטי,מיליליטרים,515.00,"100 מ""ל",false,,10.90,2.1165,true,1,76940
8001841625362,false,"נוזל כלים בניחוח לימון פלטינום 780 מ""ל פיירי",פרוקטר אנד גמבל,GB,פיירי נוזל כלים פלטי,מיליליטרים,780.00,"100 מ""ל",false,,14.90,1.9103,true,1,280174
8001841625461,false,סבון כלים פלטינום X3 פעולות להסרת שומנים,פרוקטר אנד גמבל,GB,פיירי נוזל כלים פלטי,מיליליטרים,515.00,"100 מ""ל",false,,10.90,2.1165,true,1,76942
8001841664866,false,"פנטן - שמפו סופר פוד 400 מ""ל",,,"שמפו פאנטן 400 מ""ל",מיליליטרים,400.00,"100 מ""ל",false,,15.90,3.9750,true,1,362905
8001841665450,false,"שמפו פאנטן 400 מ""ל",,,"שמפו פאנטן 400 מ""ל",מיליליטרים,400.00,"100 מ""ל",false,,15.90,3.9750,true,1,362907
8001841669465,false,קפסולות לכביסה אריאל בניחוח לנור 24 יחידות,פרוקטר אנד גמבל,FR,אריאל קפסולות 24 יחי,גרמים,646.00,100 גרם,false,,34.90,5.4025,true,1,215593
8001841716435,false,"ג'ל רחצה ושמפו לעור רגיש האד אנד שולדרס 360 מ""ל","נארז ע""י : א.ג. גילר",FR,ג'ל רחצה ושמפו לעור,מיליליטרים,360.00,"100 מ""ל",false,,18.90,5.2500,true,1,205842
8001841943961,false,לנור כדוריות בושם בניחוח אוקיינוס 210 גר,פרוקטר אנד גמבל,US,לנור כדוריות הבושם ב,גרמים,210.00,100 גרם,false,,32.90,15.6667,true,1,107402
8001931120982,false,פסטה עבה 500 גרם קן לציפור - טליאטלה,GUACCI,,פסטה קן לציפור עבה 5,גרמים,500.00,100 גרם,false,,6.90,1.3800,true,1,119175
8001943549122,false,"צ'וקטה מטבעות שוקולד חלב, 40 גרם",ואל קור קורסניני אס אנ ס,IT,צ`וקטה מטבעות שוקולד,גרמים,40.00,100 גרם,false,,4.90,12.2500,true,1,96726
8002205319835,false,מזון לחתולים בוגרים בטעם סלמון פורינה ONE,נסטלה פורינה צרפת,FR,פורינה ONE חתול בוגר,גרמים,800.00,100 גרם,false,,46.90,5.8625,true,1,34261
8002270436581,false,"שישיית מים סאן פלגרינו פלסט 500 מ""ל",סן-פלגרינו,IT,סאן פלגרינו מים מוגז,ליטרים,3.00,ליטר,false,,35.70,11.9000,true,1,152442
8002270866524,false,סן פלגרינו מים מינרליים טבעיים מוגזים,סן פלגרינו San Pellegrino,IT,סאן פלנגרינו מים מינ,ליטרים,1.00,ליטר,false,,8.90,8.9000,true,1,10336
8003130129506,false,סאן קרלו חטיפי תפוחי אדמה פריכים CLASSIC,קנדי חשמל ונכסים,IT,חטיף ציפס 50 גרם CL,גרמים,50.00,100 גרם,false,,6.90,13.8000,true,1,298745
8003130129544,false,סאן קרלו חטיפי תפוחי אדמה פריכ.CROCCANTE,קנדי חשמל ונכסים,IT,חטיף ציפס 50 גרם,גרמים,50.00,100 גרם,false,,6.90,13.8000,true,1,298746
8003340091280,false,לינדט לינדור בונבוניירה 60% מוצקי קקאו 200 גרם,לינדט ושפרונגלי קילשברג,IT,בונבוניירות לינדור 6,גרמים,200.00,100 גרם,false,,33.90,16.9500,true,1,14774
8003477500327,false,פרימלוצ'י קורנטי 500 גר,,,פרימלוצ'י קורנטי 500,גרמים,500.00,100 גרם,false,,6.90,1.3800,true,1,327356
8003753900438,false,קפה לנדוור אילי אספרסו טחון 250 גרם,קפה לנדוור,IT,אילי אספרסו טחון בפח,גרמים,250.00,100 גרם,false,,49.90,19.9600,true,1,21905
8004030022010,false,ירקות גינה עם טונה ריו מרה אינסלטיסימי 160 ג',"בולטון אלימנטרי בע""\מ",IT,טונה וירקות גינה ריו,גרמים,160.00,100 גרם,false,,18.90,11.8125,true,1,23789
8004030026018,false,"מקסיקני עם טונה ריו מרה אינסלטיסימי, 160 ג'","בולטון אלימנטרי בע""\מ",IT,ריו מרה טונה עם שעוע,גרמים,160.00,100 גרם,false,,18.90,11.8125,true,1,23790
8004030044005,false,נתחי טונה בהירה בשמן זית ריו מרה 112גרם,"בולטון אלימנטרי בע""\מ",IT,נתחי טונה בשמן זית ר,גרמים,160.00,100 גרם,false,,20.90,13.0625,true,1,23791
8004030081024,false,טונה בשמן זית שום ופלפל ריו מרה 160 גרם,"בולטון אלימנטרי בע""\מ",IT,נתחי טונה שמן זית שו,גרמים,160.00,100 גרם,false,,20.90,13.0625,true,1,23792
8004030177000,false,טונה בשמן זית וצ'ילי ריו מרה מארז 80X3 גר',ריו מארה Rio Mare,IT,טונה בשמן זית עם צ'י,גרמים,240.00,100 גרם,false,,32.90,13.7083,true,1,127283
8004030180000,false,ריו מרה טונה בשמן זית כתית מעולה 3*80 גרם,"בולטון אלימנטרי בע""\מ",IT,ריו מרה טונה בשמן זי,גרמים,240.00,100 גרם,false,,32.90,13.7083,true,1,348035
8004030344938,false,"ריו מרה טונה בשמן זית 3X80 גרם מתכון חדש כשל""פ","בולטון אלימנטרי בע""\מ",IT,טונה בשמן זית ריו מר,גרמים,240.00,100 גרם,false,,32.90,13.7083,true,1,23793
8004030381681,false,ריו מרה נתחי טונה בהירה בשמן זית זוג 160 גר,BOLTON GROUP- RIO,IT,טונה בשמן זית ריו מר,גרמים,320.00,100 גרם,false,,34.90,10.9062,true,1,150280
8004030845046,false,טונה עם ירקות בתוספת עם אורז ריו מרה אינסלטיסימי 160 ג',בולטון אלימנטרי,IT,אינסלטיסימי אורז עם,גרמים,160.00,100 גרם,false,,18.90,11.8125,true,1,141217
8004030860001,false,ירקות עם קוקוס וטונה ריו מרה אינסלטיסימי 160 ג',"בולטון אלימנטרי בע""\מ",IT,קוסקוס וטונה ריו מרה,גרמים,160.00,100 גרם,false,,18.90,11.8125,true,1,23795
8004800000064,false,לאגו פלאסיר- גלילי ופל קרם קקאו בציפוי ש.חלב - 100 ג',לגו גרופ ס.פ.א.,IT,גלילי ופל במילוי קרם,גרמים,100.00,100 גרם,false,,11.90,11.9000,true,1,329231
8004800004802,false,גלילי וופל לאגו פלאסיר קרם דומדמניות 100,לגו גרופ ס.פ.א.,IT,לאגו פלאסיר- גלילי ו,גרמים,100.00,100 גרם,false,,11.90,11.9000,true,1,331459
8004800004819,false,לאגו פלאסיר גלילי וופל קרם פסיפלורה 100 גרם,לגו גרופ ס.פ.א.,IT,לאגו פלאסיר- וופלים,גרמים,110.00,100 גרם,false,,11.90,10.8182,true,1,331460
8004800004826,false,לאגו פלאסיר - וופלים במילוי קרם קוקוס שוקולד מריר - 98ג,לגו גרופ ס.פ.א.,IT,ופלים במילוי קרם קוק,גרמים,98.00,100 גרם,false,,11.90,12.1429,true,1,329232
8005200316588,false,תה קר דיאט בטעם אפרסק נסטי 1.5 ליטר,מפעל סאנפלגרינו s.p.a,IT,נסטי דיאט אפרסק 1.5,ליטרים,1.50,ליטר,false,,11.50,7.6667,true,1,212565
8005469951452,false,ממרח אנשובי עם שמן חמניות,בנדטו סקלייה סרל,IT,ממרח אנשובי עם שמן ח,גרמים,60.00,100 גרם,false,,13.90,23.1667,true,1,74860
8005469981602,false,פילה אנשובי איטלקי בשמן חמניות 75 גרם,בנדטו סקילה,,פילה אנשובי איטלקי (,גרמים,75.00,100 גרם,false,,14.90,19.8667,true,1,74868
8006540476451,false,"שמפו פאנטן 400 מ""ל",,,"שמפו פאנטן 400 מ""ל",מיליליטרים,400.00,"100 מ""ל",false,,15.90,3.9750,true,1,362912
8006540495216,false,"לנור מרכך כביסה מרוכז בניחוח אמאטיסט 900 מ""ל",פרוקטר אנד גמבל,FR,לנור מרכך מרוכז בניח,מיליליטרים,900.00,"100 מ""ל",false,,16.90,1.8778,true,1,296261
8006540592496,false,תחבושות אולוויז אולטרא כפול לילה 20 יח,פרוקטר & גמבל,HU,תחבושות אולוויז כחול,100 יח',16.00,100 יח',false,,19.90,124.3750,true,1,311254
8006540628737,false,שמפו הד שולדרס קלאסי,,,שמפו הד שולדרס קלאסי,מיליליטרים,350.00,"100 מ""ל",false,,16.90,4.8286,true,1,321720
8006540690260,false,"שמפו פאנטן 400 מ""ל",,,"שמפו פאנטן 400 מ""ל",מיליליטרים,400.00,"100 מ""ל",false,,15.90,3.9750,true,1,362914
8008245004861,true,ממרח אגוזי לוז עם חל,,,ממרח אגוזי לוז עם חל,גרמים,300.00,100 גרם,false,,17.90,5.9667,true,1,129410
8008660210038,false,מעדן ריבה מנץ אנד גאססר תות שדה 300 גר,קריניציה ויטמינה אס,IT,מעדן תות שדה 300 גר`,גרמים,300.00,100 גרם,false,,17.90,5.9667,true,1,26267
8008660210052,false,מעדן פרי תפוז מנז אנד גאסר ויסוצקי 320 גרם,מנז אנד גאסר Menz&Gasser,IT,מעדן פרי תפוז 300 גר,גרמים,300.00,100 גרם,false,,17.90,5.9667,true,1,146633
8008660210069,false,מעדן פרי פסיפלורה מנז אנד גאסר ויסוצקי 320 גרם,מנז אנד גאסר,IT,מעדן פרי אפרסק פסיפל,גרמים,300.00,100 גרם,false,,17.90,5.9667,true,1,146634
8008857300641,false,פסטה רגיה 64. צדפות תומר 500 גרם,רגיה,IT,פסטה קונכיה רג'ייה 5,גרמים,500.00,100 גרם,false,,5.90,1.1800,true,1,69671
8008912010034,false,ליגורי- ספגטי מספר 3 500גר,מנז'\ אנד גאסר ס.פ.א,IT,פסטה ספגטי מספר 3 -,גרמים,500.00,100 גרם,false,,8.90,1.7800,true,1,290430
8008912010072,false,ליגורי- לינגוויני מספר 7 500גר,מנז'\ אנד גאסר ס.פ.א,IT,פסטה לינגוויני מספר,גרמים,500.00,100 גרם,false,,8.90,1.7800,true,1,290431
8008912010270,false,LIGUORI פסטה קסרצ'ה מספר 27 500 גרם,מנז'\ אנד גאסר ס.פ.א,IT,פסטה קסרצ'ה מספר 27,גרמים,500.00,100 גרם,false,,8.90,1.7800,true,1,290432
8008912010300,false,LIGUORI פסטה פרפלה 500 גרם מספר 30,מנז'\ אנד גאסר ס.פ.א,IT,פסטה פרפלה מספר 30 -,גרמים,500.00,100 גרם,false,,8.90,1.7800,true,1,290433
8008912010331,false,פסטה ניוקטי סרדי בצורת קונכיות מס' 33,מנז'\ אנד גאסר ס.פ.א,IT,פסטה ניוקטי סרדי בצו,גרמים,500.00,100 גרם,false,,8.90,1.7800,true,1,338900
8008912010423,false,LIGUORI פסטה פנה ריגטה 500 גרם מספר 42,מנז'\ אנד גאסר ס.פ.א,IT,פסטה פנה ריגטה מספר,גרמים,500.00,100 גרם,false,,8.90,1.7800,true,1,290435
8010024006003,false,השקד- 100% חמאת שקדים 250 גרם,,,השקד - 100% חמאת שקד,גרמים,250.00,100 גרם,false,,35.90,14.3600,true,1,114569
8023788030610,false,שוקולד חלב 300 גרם,,,שוקולד חלב 300 גרם,גרמים,300.00,100 גרם,false,,17.90,5.9667,true,1,308552
8023788030627,false,שוקולד מריר מעולה 3,,,שוקולד מריר מעולה 3,גרמים,300.00,100 גרם,false,,17.90,5.9667,true,1,308553
8023788030658,false,עוגיות מלוחות בטעם ט,,,עוגיות מלוחות בטעם ט,גרמים,400.00,100 גרם,false,,14.90,3.7250,true,1,337841
8023788030665,false,עוגיות מלוחות בטעם ב,,,עוגיות מלוחות בטעם ב,גרמים,400.00,100 גרם,false,,14.90,3.7250,true,1,337842
8023788030672,false,עוגיות מלוחות בתוספת,,,עוגיות מלוחות בתוספת,גרמים,400.00,100 גרם,false,,14.90,3.7250,true,1,337843
8023788030689,false,עוגיות מלוחות בטעם ע,,,עוגיות מלוחות בטעם ע,גרמים,400.00,100 גרם,false,,14.90,3.7250,true,1,338246
8024985005234,false,סמוזי נטורה נובה סמוצי תפוח מנגו 100 גרם,נטורה נובה,IT,נטורה נובה - סמוזי ת,גרמים,100.00,100 גרם,false,,6.50,6.5000,true,1,115200
8033275522368,false,"יין מונטרו קיאנטי, 750 מ""ל י מונטרו",סרסטר,IT,יין מונטרו קיאנטי 75,מיליליטרים,750.00,"100 מ""ל",false,,59.90,7.9867,true,1,264095
8076800195019,false,ברילה - צ.א ספגטי מס1 קפליני 500 גרם,ברילה גי.אי.אר פרטלי ס.פ,IT,ספגטי קפליני מס' 1 ב,גרמים,500.00,100 גרם,false,,8.90,1.7800,true,1,119923
8076800195033,false,ברילה - צ.א ספגטיני מס3 חדש 500 גרם,ברילה גי.אי.אר פרטלי ס.פ,IT,ספגטי מס' 3 ברילה 50,גרמים,500.00,100 גרם,false,,8.90,1.7800,true,1,23798
8076800195132,false,ברילה - צ.א בבטה מס13 500 גרם,ברילה גי.אי.אר פרטלי ס.פ,IT,ספגטי בבטה מס' 13 בר,גרמים,500.00,100 גרם,false,,8.90,1.7800,true,1,119924
8076800315097,false,פסטה מקרוני בוקטיני מספר 9 ברילה 500 גרם,ברילה גי.אי.אר פרטלי ס.פ,IT,ספגטי בוקטיני מס' 9,גרמים,500.00,100 גרם,false,,8.90,1.7800,true,1,68871
8076802085738,false,ברילה צ.ק פנה רגטה מס' 73 500 גרם,ברילה גי.אי.אר פרטלי ס.פ,IT,פנה רגטה מס' 73 בריל,גרמים,500.00,100 גרם,false,,8.90,1.7800,true,1,23803
8076802085981,false,ברילה - צ.ק פוזילי חדש 500 גרם,ברילה גי.אי.אר פרטלי ס.פ,IT,פסטה פוזילי 98 ברילה,גרמים,500.00,100 גרם,false,,8.90,1.7800,true,1,23806
8076808050440,false,פסטה מקרוני מספר 44 ברילה 500 גרם,ברילה Barilla,IT,פסטה מקרוני מס' 44 ב,גרמים,500.00,100 גרם,false,,8.90,1.7800,true,1,119928
8076808060654,false,פסטה פרפלה מספר 65 ברילה 500 גרם,ברילה גי.אי.אר פרטלי ס.פ,IT,פסטה פרפלה 65 ברילה,גרמים,500.00,100 גרם,false,,8.90,1.7800,true,1,23808
8076808070882,false,פסטה ברילה קנלוני מס'88 250ג',פאסטיפיקו ריגו אס.אר,IT,קנלוני ברילה 250 גרם,גרמים,250.00,100 גרם,false,,15.90,6.3600,true,1,68876
8076808150072,false,ברילה - צ.א ספגטוני מס7 חדש 500 גרם,ברילה גי.אי.אר פרטלי ס.פ,IT,ספגטי מס' 7 ברילה 50,גרמים,500.00,100 גרם,false,,8.90,1.7800,true,1,23810
8076809501415,false,ברילה קנלוני/פנה 500 ג' מצה פנה טרקולור 500 גרם,"ש. שסטוביץ בע""\מ",IT,ברילה פסטה פנה טריקו,גרמים,500.00,100 גרם,false,,15.90,3.1800,true,1,119929
8076809512268,false,פסטה גירנדולה טורסדס מספר 34 ברילה 500 גרם,ברילה גי.אי.אר פרטלי ס.פ,IT,פסטה גירנדולה מס' 34,גרמים,500.00,100 גרם,false,,8.90,1.7800,true,1,23812
8076809513395,false,ברילה פומודורו רוטב עגבניות קלאסי 400 גר,ברילה גי.אי.אר פרטלי ס.פ,IT,ברילה רוטב פורמודרו,גרמים,400.00,100 גרם,false,,16.90,4.2250,true,1,23814
8076809513654,false,בסיס רוטב עגבניות לבולונז ברילה 400 גרם,ברילה גי.אי.אר פרטלי ס.פ,IT,ברילה רוטב עגבניות ל,גרמים,400.00,100 גרם,false,,16.90,4.2250,true,1,23815
8076809513692,false,רוטב עגבניות נפולטנה בתוספת ירקות,ברילה גי.אי.אר פרטלי ס.פ,IT,ברילה רוטב נפוליטנה,גרמים,400.00,100 גרם,false,,16.90,4.2250,true,1,23816
8076809514774,false,ברילה איטריות ביצים פפרדלה 250ג',ברילה גי.אי.אר פרטלי ס.פ,IT,ברילה פפרדלה ביצים 2,גרמים,250.00,100 גרם,false,,18.90,7.5600,true,1,119930
8076809523738,false,דפי לזניה ברילה 500 גרם,ברילה גי.אי.אר פרטלי ס.פ,IT,לזניה ברילה 500 גרם,גרמים,500.00,100 גרם,false,,28.90,5.7800,true,1,23823
8076809529419,false,ספגטי מחיטה מלאה מס' 5 500 ג' ברילה,ברילה גי. אי. אר פרט,IT,ספגטי מחיטה מלאה ברי,גרמים,500.00,100 גרם,false,,18.90,3.7800,true,1,23824
8076809529433,false,פסטה פנה ריגטה חיטה מלאה ברילה 500 גרם,"ש. שסטוביץ בע""\מ",IT,פנה רגטה מחיטה מלאה,גרמים,500.00,100 גרם,false,,18.90,3.7800,true,1,119934
8076809545464,false,ברילה פסטה ללא גלוטן צורת ספירלי 400 גר,מולינו אנדריאני אס.א,IT,ברילה ספירלי עב קמח,גרמים,400.00,100 גרם,false,,15.90,3.9750,true,1,68885
8076809576352,false,ברילה לזניה ללא גלוטן 250 גרם,ברילה גי.אי.אר פרטלי,IT,לזניה ללא גלוטן בריל,גרמים,500.00,100 גרם,false,,22.90,4.5800,true,1,151467
8076809578998,false,ברילה - צ.ק. סטלינה 500 גרם,ברילה גי. אי. אר פרטלי ס,IT,פסטה סטלינה מס' 27,גרמים,500.00,100 גרם,false,,8.90,1.7800,true,1,158012
8121300208780,false,טרוביה תחליף סוכר לכל מטרה 360 גרם,טרוביה Truvia,US,תחליף סוכר לכל מטרה,גרמים,360.00,100 גרם,false,,36.90,10.2500,true,1,326077
8410076610508,false,"נייטשר וואלי צ'ואי שוקולד מריר בוטנים ושקדים, חמישיה 5 * 30 גרם",נייצ'ר ואלי Nature Valley,ES,חטיף צ'ואי שוקולד מר,גרמים,150.00,100 גרם,false,,21.90,14.6000,true,1,118934
8410076620231,false,חט.פייבר 1 קרמל מלוח24*5,פייבר 1 שוקולד ב 13.,PT,חטיף בריאות פייבר 1,גרמים,120.00,100 גרם,false,,16.90,14.0833,true,1,118937
8410076620354,false,נ.וואלי נאט קרים שיבולת שועל וחמאת בוטני,"סרלטו סינטרה מזון בע""מ",PT,חטיף ממולא נאט קרים,גרמים,120.00,100 גרם,false,,21.90,18.2500,true,1,118938
8410076620354,false,נ.וואלי נאט קרים שיבולת שועל וחמאת בוטני,"סרלטו סינטרה מזון בע""מ",PT,חטיף ממולא נאט קרים,גרמים,120.00,100 גרם,false,,21.90,18.2500,true,1,118938
8410104045111,false,"פיניש מלח למדיח כלים 2ק""ג",רקיט בנקיזר,IL,"פיניש מלח למדיח 2 ק""",קילוגרמים,2.00,"ק""ג",false,,17.90,8.9500,true,1,23051
8410128768324,false,משקה סויה שקדים קרטונית1 ל' ויוה סוי,קלידאד פסקואל,ES,ויוה סוי שקדים קרטונ,ליטרים,1.00,ליטר,false,,12.90,12.9000,true,1,62296
8410128785734,false,משקה סויה ויוה סוי בריסטה 1 ליטר.,קלידאד פסקואל,ES,ויוה סוי סויה בריסטה,ליטרים,1.00,ליטר,false,,11.90,11.9000,true,1,330549
8410376044393,false,גולון עוגיות ללא תוספת סוכר 125 ג',גולון,ES,עוגיות סנדוויץ' עם ק,גרמים,210.00,100 גרם,false,,18.90,9.0000,true,1,20823
8410628460605,false,טונה ספרדית בשמן זית בצנצנת 190 גרם,קונסורסיו ספרד,ES,טונה ספרדית בשמן זית,גרמים,190.00,100 גרם,false,,29.90,15.7368,true,1,165677
8420822130600,false,"ספריי סופר מסיר שומנים 750מ""ל יעקבי",קה לורדה,ES,ספריי סופר מסיר שומנ,מיליליטרים,750.00,"100 מ""ל",false,,18.90,2.5200,true,1,233044
8423207206488,false,סלים דליס חטיף דגנים מצופה שוקולד חלב מרבה 6*20 גרם,אף.סי תבליני בגליל ב,ES,סלים דליס חטיף דגנים,גרמים,120.00,100 גרם,false,,13.90,11.5833,true,1,68895
8423207210928,false,חטיף דגנים מצופה שוקולד חלב ואגוזי לוז - 5 במארז,נוטרישן אנד סנטה קוב,ES,סלים דליס טופינג בטע,גרמים,90.00,100 גרם,false,,13.90,15.4444,true,1,90277
8424842050016,false,צ'יפס בטעם כמהין 125 גרם רביו,רובין,FR,חטיף צ'יפס בטעם כמהי,גרמים,130.00,100 גרם,false,,13.90,10.6923,true,1,243745
8424842050030,false,צ'יפס בטעם מלח הימלאי 125 גרם רביו,רובין,FR,חטיף צ'יפס עם שמן זי,גרמים,125.00,100 גרם,false,,13.90,11.1200,true,1,243746
8424842050085,false,צ'יפס בטעם חרדל ודבש 125 גרם רביו,רובין,FR,חטיף צ'יפס דבש וחרדל,גרמים,125.00,100 גרם,false,,13.90,11.1200,true,1,243747
8424842201340,false,צ'יפס בטעם מסורתי פרימיום 130 גרם רביו,,ES,חטיף צ'יפס רביו 130,גרמים,130.00,100 גרם,false,,13.90,10.6923,true,1,243748
8431876245530,false,קרפור - חלב סויה עשי,,,קרפור - חלב סויה עשי,ליטרים,1.00,ליטר,false,,6.90,6.9000,true,1,368722
8431876245547,false,קרפור - חלב סויה עש,,,קרפור - חלב סויה עש,ליטרים,1.00,ליטר,false,,7.90,7.9000,true,1,368690
8431876245561,false,קרפור - חלב סויה עשי,,,קרפור - חלב סויה עשי,ליטרים,1.00,ליטר,false,,6.90,6.9000,true,1,368606
8431876245578,false,קרפור - חלב סויה ללא,,,קרפור - חלב סויה ללא,ליטרים,1.00,ליטר,false,,6.90,6.9000,true,1,368622
8431876247220,false,קרפור - חלב סויה בטע,,,קרפור - חלב סויה בטע,ליטרים,1.00,ליטר,false,,9.90,9.9000,true,1,368554
8431876247244,false,קרפור - חלב אורז ביו,,,קרפור - חלב אורז ביו,ליטרים,1.00,ליטר,false,,9.90,9.9000,true,1,368499
8431876289558,false,קרפור - חלב שיבולת ש,,,קרפור - חלב שיבולת ש,ליטרים,1.00,ליטר,false,,8.90,8.9000,true,1,368588
8431876289565,false,קרפור - חלב שיבולת ש,,,קרפור - חלב שיבולת ש,ליטרים,1.00,ליטר,false,,9.90,9.9000,true,1,368483
8431876289572,false,קרפור - חלב שקדים עש,,,קרפור - חלב שקדים עש,ליטרים,1.00,ליטר,false,,8.90,8.9000,true,1,368674
8431876289596,false,קרפור - חלב שקדים עש,,,קרפור - חלב שקדים עש,ליטרים,1.00,ליטר,false,,8.90,8.9000,true,1,368706
8431876293272,false,קרפור - חלב סויה ללא,,,קרפור - חלב סויה ללא,ליטרים,1.00,ליטר,false,,7.90,7.9000,true,1,368555
8435495805199,false,"אבקת כביסה תינוקלין שקית 3 ק""ג.",מולינו ניקולי s.p.a,TR,אבקת כביסה תינוקלין,קילוגרמים,3.00,"ק""ג",false,,45.90,15.3000,true,1,125109
8435495807636,false,ג'ל כביסה היפואלרגני 2 ל' תינוקלין,פרוקטר אנד גמבל,TR,תינוקלין ג'ל כביסה 2,ליטרים,2.00,ליטר,false,,38.90,19.4500,true,1,137966
8435495819363,false,תינוקלין מרכך כביסה היפואלרגני 1 ליטר,פרוקטר אנד גמבל,TR,תינוקלין מרכך כביסה,ליטרים,1.00,ליטר,false,,21.90,21.9000,true,1,192813
8485818700014,false,משקפיים בנרתיק,,,משקפיים,יחידה,0.00,יחידה,false,,19.90,0.0000,true,1,33947
8594403707649,false,"בירה באדוויזר דארק לאגר 500 מ""ל פחית","מיוצר ע""\י מבשלת טוכרn\",CZ,באדוויזר דארק לאגר 5,מיליליטרים,330.00,"100 מ""ל",false,,9.90,3.0000,true,1,346388
8606018615827,false,גלידת וניל עם שברי עוגיות אוראו 480 גרם,פרונרי סרביה,RS,גלידת וניל עם שברי ע,מיליליטרים,300.00,"100 מ""ל",false,,13.90,4.6333,true,1,352010
8606018615841,false,גלידה וניל עם ליבת שוקולד חלב מעולה 480 גרם,פרונרי סרביה,RS,פיינט מילקה וניל ליב,מיליליטרים,300.00,"100 מ""ל",false,,13.90,4.6333,true,1,351993
8606018615865,false,פיינט מילקה קרמל ליבת שוקולד 480 גרם,פרונרי סרביה,RS,פיינט מילקה קרמל ליב,מיליליטרים,300.00,"100 מ""ל",false,,13.90,4.6333,true,1,351994
8606109023623,false,"פרוויטה - מיץ תפוחי עץ ולימון ליים 750 מ""ל",פרובישקה,RS,מיץ פרוויטה תפוחי עץ,מיליליטרים,750.00,"100 מ""ל",false,,13.20,1.7600,true,1,160445
8606109023647,false,"פרוויטה - מיץ סלק ותפוחי עץ 750 מ""ל",פרובישקה,RS,מיץ פרוויטה מיץ סלק,מיליליטרים,750.00,"100 מ""ל",false,,13.20,1.7600,true,1,160447
8606109023722,false,"פרוויטה - מיץ תפוחי עץ ומשמשים 750 מ""ל",,RS,מיץ פרוויטה תפוחי עץ,מיליליטרים,750.00,"100 מ""ל",false,,13.20,1.7600,true,1,160449
8681863065287,false,saltbae מלח הימלאיה 350 גרם ויליפוד,שף סיזונס גידה סאן,TR,מלח הימלאיה 350 גרם,גרמים,350.00,100 גרם,false,,25.90,7.4000,true,1,294540
8682655100513,false,מארז 3 קופסאות איחסון איכותיות,,,מארז 3 קופסאות פלסטי,יחידה,0.00,יחידה,false,,19.90,0.0000,true,1,211125
8683323063024,false,יוגטה שטיחים בטעם תותי פרוטי 220 גרם,ליימן מותגים,TR,יוגטה חיספוסים שטיחי,גרמים,220.00,100 גרם,false,,7.90,3.5909,true,1,121270
8690504153740,false,גודייבה שוקולד מריר במילוי קרם גנאש 86 גרם,ביסקוט ביסקווי סילבר,TR,טבלת שוקולד מריר עם,גרמים,86.00,100 גרם,false,,15.90,18.4884,true,1,128249
8690526019154,false,אי טי אי - וופל קקאו במילוי קרם קקאו 142 גרם,מולינו ניקולי s.p.a,TR,וופל קקאו במילוי קרם,גרמים,142.00,100 גרם,false,,8.90,6.2676,true,1,281082
8690526019185,false,אי טי אי - וופל במילוי קרם שוקולד חלב 142 גרם,מולינו ניקולי s.p.a,TR,וופל קקאו במילוי קרם,יחידה,0.00,יחידה,false,,8.90,0.0000,true,1,75189
8690637704376,false,"שמפו לטיפוח יום יומי דאב 600 מ""ל",יוניליוור סנאיי וי טיקאר,TR,שמפו יום יומי דאב 60,מיליליטרים,600.00,"100 מ""ל",false,,19.90,3.3167,true,1,11727
8690637858734,false,גל לנ.כללי סיף אקונומיקה בנ.לימון 750 מל,יוניליוור ניקיון,IL,סיף ג'ל אקונומיקה לי,מיליליטרים,750.00,"100 מ""ל",false,,14.90,1.9867,true,1,127799
8690766156381,false,גודייבה שוקולד מריר 90% מוצקי קקאו 90 גרם,"אולקר מקבוצת פלאדיס,",TR,גודייבה ש.מריר מעולה,גרמים,90.00,100 גרם,false,,16.90,18.7778,true,1,75779
8690766156411,false,שוקולד מריר מעולה בטעם פלפל ורוד עם חתיכות תות מסוכר 90 גרם,"אולקר מקבוצת פלאדיס,",TR,גודייבה שוקולד מריר,גרמים,90.00,100 גרם,false,,16.90,18.7778,true,1,92253
8690777206051,false,חציל קלוי על האש סרה ויליפוד 650 גרם,קוראהן פזלרמה וי דיס,TR,חציל קלוי על האש סרה,גרמים,650.00,100 גרם,false,,14.90,2.2923,true,1,3799
8690777221405,false,פלפל אדום קלוי סרה ויליפוד 650 גרם,קוראהן פזלרמה וי דיס,TR,פלפל אדום קלוי על הא,גרמים,650.00,100 גרם,false,,14.90,2.2923,true,1,3800
8690946270074,false,פסטה ספגטי 500 גרם B,,,פסטה ספגטי 500 גרם B,גרמים,500.00,100 גרם,false,,4.90,0.9800,true,1,339255
8690946270111,false,פסטה פוזלי 500 גרם B,,,פסטה פוזלי 500 גרם B,גרמים,500.00,100 גרם,false,,4.90,0.9800,true,1,339256
8690946270241,false,פסטה קונכיות גדולות,,,פסטה קונכיות גדולות,גרמים,500.00,100 גרם,false,,4.90,0.9800,true,1,339257
8690946272207,false,פסטה פנה 500 גרם BAH,,,פסטה פנה 500 גרם BAH,גרמים,500.00,100 גרם,false,,4.90,0.9800,true,1,339258
8690946272320,false,פסטה מקרוני 500 גרם,,,פסטה מקרוני 500 גרם,גרמים,500.00,100 גרם,false,,4.90,0.9800,true,1,339259
8691058141238,false,ערמונים שלמים קלויים וקלופים 100 ג' Avel,,,AVEL ערמונים שלמים ק,גרמים,100.00,100 גרם,false,,4.90,4.9000,true,1,135061
8691900174032,false,קוטקס תחבושות נורמל 24 יח,חוגלה קימברלי,CZ,תחבושות קוטקס נורמל,100 יח',24.00,100 יח',false,,17.90,74.5833,true,1,296650
8693357354098,false,"תבנית עגולה 26 ס""מ ז",,,"תבנית עגולה 26 ס""מ ז",יחידה,0.00,יחידה,false,,79.90,0.0000,true,1,282253
8697530910750,false,סיגריות פאל מאל כחול ארוך האוס,Unknown,TR,פאל מאל בלו ארוך,יחידה,0.00,יחידה,false,,31.00,0.0000,false,1,4723
8698996000207,false,מגבות נייר 1/6,,,מגבות נייר 1/6,מטרים,0.00,מטר,false,,11.90,0.0000,true,1,341782
8698996006353,false,ממחטות אף 3 שכבות 100 יח',,,ממחטות אף בקרטון 10,יחידה,0.00,יחידה,false,,10.90,0.0000,true,1,349621
8710502060021,false,מרבה פטיסרי עוגיות מאפין רכות 210 גרם,"מרבה בע""\מ",NL,מרבה פטיסרי - עוגיות,גרמים,210.00,100 גרם,false,,11.90,5.6667,true,1,310189
8710502064814,false,עוגיות מרבה שוקולד ציפס במרקם רך 175 גר,בנקטבקריי מרבה בי.וי,NL,מרבה עוגיות שוקוציפס,גרמים,175.00,100 גרם,false,,11.90,6.8000,true,1,23881
8710502139017,false,עוגיות מרבה טריפל שוקולד שוקוצ'יפס 180ג',בנקטבקריי מרבה בי.וי,NL,מרבה עוגיות טריפל שו,גרמים,180.00,100 גרם,false,,11.90,6.6111,true,1,119942
8710502231018,false,מרבה מיני עוגיות שוקולד צ'יפס 175 גרם,"מרבה בע""\מ",NL,מרבה עוגיות שוקולד צ,גרמים,175.00,100 גרם,false,,11.90,6.8000,true,1,130373
8710502279010,false,מרבה עוגיות שוקולד צ'יפס מצופות שוקולד 175 גרם,"י.מרבה ישראל בע""מ",NL,מרבה עוגיות שוקולד צ,גרמים,175.00,100 גרם,false,,11.90,6.8000,true,1,134881
8710502470035,false,מרבה פטיסרי עוגיות נוגטלי אגוזים 200 גרם,"מרבה בע""\מ",NL,מרבה פטיסרי - עוגיות,גרמים,200.00,100 גרם,false,,11.90,5.9500,true,1,310192
8710800027573,false,סוכריות מיני בטעם פירות מנטוס 178 גרם,פרפטי ואן מלה ברדה,NL,מיני מנטוס שקית,גרמים,178.00,100 גרם,false,,17.80,10.0000,true,1,14134
8710800961310,false,סוכריות בטעם תות מנטוס 4*375 גרם,פרפטי ואן מלה ברדה,NL,מנטוס 1/4 תות,גרמים,150.00,100 גרם,false,,11.90,7.9333,true,1,14136
8712000051099,false,"שישיית בירה היינקן 0% אלכוהל בקבוק 330 מ""ל","מבשלת היינקן, ריטבלדנברג",NL,הייניקן בירה 0% בק',ליטרים,1.98,ליטר,false,,35.60,17.9798,true,1,146234
8712400802499,false,תרכובת מזון המשך לפעוטות על בסיס חלב שלב 1,נוטרישיה קאלק ב. ו.,NL,נוטרילון שלב 1- 800,גרמים,800.00,100 גרם,false,,69.90,8.7375,true,1,5889
8712400802512,false,תרכובת מזון המשך לפעוטות על בסיס חלב שלב 2,נוטרישיה קאלק ב. ו.,NL,נוטרילון שלב 2- 800,גרמים,800.00,100 גרם,false,,69.90,8.7375,true,1,5891
8712400802536,false,תרכובת מזון המשך לפעוטות על בסיס חלב שלב 3,נוטרישיה קאלק ב. ו.,NL,נוטרילון שלב 3- 800,גרמים,800.00,100 גרם,false,,69.90,8.7375,true,1,5893
8712561611411,false,"תחליב רחצה בניחוח מלפפון ותה ירוק דאב 750 מ""ל","יוניליוור גרמניה, Gmbh &",DE,תחליב רחצה תה ירוק ו,מיליליטרים,750.00,"100 מ""ל",false,,21.90,2.9200,true,1,11780
8714599513781,false,"קפה נמס מיובש בהקפאה זהב צנצנת ג'ייקובס 200 גרם לל""ס",אל.אל. סי ג''יקובס דאו א,RU,קפה ג'יקובס גולד 200,גרמים,200.00,100 גרם,false,,30.90,15.4500,true,1,5880
8714599513835,false,גי'קובס קרונונג נייט אנד דיי - נטול קופיאין,ג'ייקובס Jacobs,DE,קפה ג`יקובס נטול קופ,גרמים,200.00,100 גרם,false,,40.90,20.4500,true,1,5881
8714789402932,false,נוזל לניקוי כללי ורצפות בניחוח ורדי בוקר אג'קס 1.5 ליטר,הנסיך- מפעל לייצור ט,GR,אג'קס חגיגת הפרחים ו,ליטרים,1.50,ליטר,false,,21.90,14.6000,true,1,23904
8714789582764,false,אג'קס ספריי לניקוי חלונות ומשטחים,קולגייט-פלמוליב,GR,אגקס חלונות 750מל,מיליליטרים,750.00,"100 מ""ל",false,,15.90,2.1200,true,1,23915
8714789930848,false,"משחת שיניים אופטיק וייט הלבנה מיידית קולגייט 75 מ""ל",הנסיך- מפעל לייצור ט,PL,משחת שיניים אופטיק ו,מיליליטרים,75.00,"100 מ""ל",false,,21.90,29.2000,true,1,23935
8715700110141,false,מיונז קרמי היינץ צנצנת 460ג',ה.י.היינץ הולדינג בי.וי,NL,מיונז היינץ אמיתי צנ,גרמים,460.00,100 גרם,false,,12.90,2.8043,true,1,102109
8715700110158,false,היינץ ממרח במרקם קרמי צנצנת 490 גרם,ה.י.היינץ הולדינג בי.וי,NL,מיונז היינץ לייט צנצ,גרמים,490.00,100 גרם,false,,12.90,2.6327,true,1,102110
8715700419732,false,מתבל עגבניות היינץ 700 גרם,ה.י. היינץ,NL,היינץ קטשופ 700 גרם,גרמים,700.00,100 גרם,false,,14.90,2.1286,true,1,5989
8715700423906,false,היינץ מתבל עגבניות מופחת סוכר ומלח 50/50 550 גרם,היינץ צפון אמריקה מק,NL,מתבל עגבניות היינץ 2,גרמים,555.00,100 גרם,false,,11.90,2.1441,true,1,116247
8717163663493,false,"רקסונה - דאודורנט ספריי לגבר קובלט דריי 150 מ""ל","יוניליוור אנגליה, דרך קו",GB,רקסונה ספריי אקטיב ל,מיליליטרים,150.00,"100 מ""ל",false,,15.90,10.6000,true,1,36153
8717163714850,false,"דאב - דאודורנט ספריי לאישה קוקוס ויסמין 150 מ""ל","קוסטר אירוסול, גבזה 4140",TR,דאו' ספריי אוריגינל,מיליליטרים,150.00,"100 מ""ל",false,,14.90,9.9333,true,1,220357
8718951030169,false,"קולגייט סנסיטיב הלבנה המסייעת בהגנה לשיניים רגישות 75 מ""ל",קולגייט Colgate,PL,משחת קולגייט סנסטיב,מיליליטרים,75.00,"100 מ""ל",false,,19.90,26.5333,true,1,66969
8718951159808,false,מברשות שיניים 360 מדיום- מארז שלישייה,קולגייט-פלמוליב,CN,מארז שלישייה מברשת 3,יחידה,0.00,יחידה,false,,33.90,0.0000,true,1,89502
8718951175600,false,"משחת שיניים קולגייט אוטאל קליין מינט 75 מ""ל",שסטוביץ,PL,קולגייט משחת שיניים,מיליליטרים,75.00,"100 מ""ל",false,,14.90,19.8667,true,1,113723
8718951190191,false,"אג'קס טריגר בוסט לימון וסודה 500 מ""ל",קולגייט פלמוליב פירא,GR,אג'קס טריגר בוסט לימ,מיליליטרים,500.00,"100 מ""ל",false,,15.90,3.1800,true,1,135496
8718951236790,false,"קולגייט טוטאל משחת שיניים קלין מינט לפה בריא 100 מ""ל",קולגייט פלמוליב,PL,משחת שיניים קלין מינ,מיליליטרים,100.00,"100 מ""ל",false,,18.90,18.9000,true,1,137241
8718951236806,false,"קולגייט טוטאל הלבנה משחת שיניים המסייעת בהסרת כתמים 100 מ""ל",קולגייט Colgate,PL,מש.שיניים להלבנה קול,מיליליטרים,100.00,"100 מ""ל",false,,18.90,18.9000,true,1,137242
8718951240742,false,"קולגייט טוטאל משחת שיניים פסים מרעננים 100 מ""ל",קולגייט פלמוליב,PL,מש.שיניים פסים מרעננ,גרמים,128.00,100 גרם,false,,18.90,14.7656,true,1,137244
8718951264618,false,"קולגייט אופטיק וייט פחם צ'רקול משחת שיניים, 75 מ""ל",קולגייט-פלמוליב,PL,קולגייט אופטיק וייט,מיליליטרים,75.00,"100 מ""ל",false,,29.90,39.8667,true,1,66709
8718951286733,false,"קולגייט אופטיק וייט לסטינג וייט משחת שיניים 75 מ""ל",קולגייט Colgate,PL,קולגייט אופטיק וייט,מיליליטרים,75.00,"100 מ""ל",false,,29.90,39.8667,true,1,201727
8718951315303,false,"קולגייט אדומה משחת שיניים להגנה מפני עששת 2*100 מ""ל",קולגייט-פלמוליב,PL,משחת שיניים קולגייט,מיליליטרים,200.00,"100 מ""ל",false,,20.90,10.4500,true,1,88611
8718951334090,false,"סופלין מרכך כביסה מרוכז כחול 650 מ""ל",סופלין Soupline,GR,סופלין מרכך כביסה מר,מיליליטרים,650.00,"100 מ""ל",false,,12.90,1.9846,true,1,66818
8718951382787,false,"משחת שיניים אופטיק וויט חימר ומינרלים 75 מ""ל קולגייט",קולגייט Colgate,PL,משחת שיניים אופטיק ו,מיליליטרים,75.00,"100 מ""ל",false,,29.90,39.8667,true,1,246317
8718951385290,false,נוזל לניקוי כללי ורצפות אג'קס 2 ליטר,קולגייט פלמוליב,GR,אג'קס ניקוי כללי עוצ,ליטרים,2.00,ליטר,false,,24.90,12.4500,true,1,138517
8718951466371,false,"משחת שיניים מרידול 75 מ""ל",קולגייט פלמוליב,PL,משחת שיניים מרידול 7,מיליליטרים,75.00,"100 מ""ל",false,,21.90,29.2000,true,1,308586
8719200998001,false,מרגרינה לאפיה ובישול בלי מלח 200 ג' בלו בנד,יוניליוור ישראל מזון בע\,IL,בלו בנד ללא מלח 200,גרמים,200.00,100 גרם,false,,4.90,2.4500,true,1,36581
8719200998018,false,מחמאה מרגרינה בטעם חמאה בלובנד 200 גרם,"מיוצר ע""\י יוניליוור ישר",IL,מחמאה מרגרינה בטעם ח,גרמים,200.00,100 גרם,false,,5.50,2.7500,true,1,35485
8719200998032,false,מרגרינה בטעם חמאה מזולה 250 גרם,"מיוצר ע""\י יוניליוור ישר",IL,מזולה בטעם חמאה 250,גרמים,250.00,100 גרם,false,,10.90,4.3600,true,1,34998
8719200998049,false,"מרגרינה מזולה גלורי רגיל 250גר 8 יחידות -כשל""פ","מיוצר ע""\י יוניליוור ישר",IL,מזולה בטעם טבעי 250,גרמים,250.00,100 גרם,false,,9.90,3.9600,true,1,34999
8719200998094,false,"מרגרינה מזולה לאפיה ללא תוספת מלח 200גר - 40 יח' -כשל""פ","מיוצר ע""\י יוניליוור ישר",IL,מזולה מרגרינה לאפייה,גרמים,200.00,100 גרם,false,,6.90,3.4500,true,1,35488
8719200998100,false,מרגרינה מזולה לאפיה טעם חמאה 200גר - 40 יח',פארייפאבה אגרואינדוס,IL,מזולה מרגרינה לאפייה,גרמים,200.00,100 גרם,false,,6.90,3.4500,true,1,35975
8720182253194,false,סבון מוצק דאב מלפפונים ותה ירוק שישיית,יוניליוור גרמניה (בו,DE,סבון מוצק מלפפונים ד,גרמים,540.00,100 גרם,false,,24.90,4.6111,true,1,299751
8723400756552,false,מארז סוכריות מנטוס Mentos ריינבואו,פרפטי ואן מלה ברדה,NL,RAINBOW רביעית סוכרי,גרמים,150.00,100 גרם,false,,11.90,7.9333,true,1,14138
8801055707966,false,קפה טייסטר צו'יס נס קפה בריסטה 180ג',נסטלה קוריאה - קפה,KR,נס קפה טייסטרס צ'ויס,גרמים,180.00,100 גרם,false,,33.90,18.8333,true,1,21927
8801055709458,false,אבקה להכנת משקה קפה בטעם קפוצ'ינו קרמל,נסטלה קוריאה - קפה,IL,נסקפה קפוצ'ינו קרמל,גרמים,170.00,100 גרם,false,,20.50,12.0588,true,1,291959
8801055709465,false,אבקה להכנת משקה קפה בטעם קפוצ'ינו וניל,נסטלה קוריאה - קפה,KR,נסקפה קפוצ'ינו וניל,גרמים,185.00,100 גרם,false,,20.50,11.0811,true,1,256457
8801055709472,false,נסטלה - נסקפה קפוצ'ינו קלאסי 12.50 גרם * 10,נסטלה קוריאה - קפה,KR,נסקפה קפוצ'ינו קלאסי,גרמים,185.00,100 גרם,false,,20.50,11.0811,true,1,256472
8801055709489,false,אבקה להכנת משקה קפה בטעם קפוצ'ינו אגוזים,נסטלה קוריאה - קפה,IL,נסקפה קפוצ'ינו אגוזי,גרמים,185.00,100 גרם,false,,20.50,11.0811,true,1,256473
8803733181716,false,קופסא 1.4 ליטר 817H,,,קופסא 1.4 ליטר 817H,יחידה,0.00,יחידה,false,,45.90,0.0000,true,1,48088
8803733181785,false,קופסא 1 ליטר 817 L&,,,קופסא 1 ליטר 817 L&,ליטרים,1.00,ליטר,false,,38.90,38.9000,true,1,114149
8850206250592,false,רוטב צ'ילי סריראצ'ה 540 גרם (מזרח ומערב),יאן וואל יון קו.לטד,TH,רוטב צ'ילי סיראצ'ה מ,גרמים,540.00,100 גרם,false,,21.90,4.0556,true,1,268694
8850389103111,false,סאפי משקה אלוורה בטעם ענבים 300מל,סאפה פובליק קומפני ל,TH,סאפה משקה אלוורה ענב,מיליליטרים,300.00,"100 מ""ל",false,,7.90,2.6333,true,1,43023
8850389103128,false,"משקה קל סאפה בטעם תפוח 300 מ""ל",סאפה פובליק קומפני ל,TH,סאפה משקה אלוורה תפו,מיליליטרים,300.00,"100 מ""ל",false,,7.90,2.6333,true,1,43024
8850389105825,false,משקה אלוורה בטעם ענבים סאפה 1 ליטר,סאפה פובליק קומפני לימיט,TH,סאפה משקה אלוורה ענב,ליטרים,1.00,ליטר,false,,14.50,14.5000,true,1,10344
8850632604259,false,"יוגטה, חיספוסים, ממתק חמוץ בצורת מקלות בטעם תות שדה,50 גרם",ג'נרל קנדי בעמ,TH,יוגטה חיספוסים מקלות,גרמים,50.00,100 גרם,false,,5.50,11.0000,true,1,14142
8850632604372,false,"יוגטה, חיספוסים בצורת שטיח בטעם תות שדה 50 גרם",ג'נרל קנדי בעמ,TH,יוגטה ממתק תות שדה ב,גרמים,50.00,100 גרם,false,,5.50,11.0000,true,1,14144
8850632604402,false,יוגטה חיספוסים בטעם מעורב תות שדה אבטיח ענבים בננה 50 גרם,"ג'נרל קנדי בע""מ",TH,יוגטה ממתק תות ענבים,גרמים,50.00,100 גרם,false,,5.50,11.0000,true,1,14145
8858271004799,false,"רוטב צילי מתוק אל פורפסיס 700 מ""ל",יאן ונזל יון,TH,רוטב צ'ילי מתוק מזרח,מיליליטרים,700.00,"100 מ""ל",false,,13.90,1.9857,true,1,15253
8858271005772,false,"רוטב סויה ללא גלוטן (תמרי)300 מ""ל (כ)",יאן ונזל יון,TH,רוטב סויה ללא גלוטן,מיליליטרים,300.00,"100 מ""ל",false,,17.90,5.9667,true,1,268679
8888021200256,false,סוללות אנרג'ייזר AA מקס 8 יחידות,יצרן: אנרג'ייזר סינג,SG,AAאנרג'ייזר סוללות מ,יחידה,0.00,יחידה,false,,29.90,0.0000,true,1,6739
8888021200720,false,סוללות אנרג'ייזר AAA מקס 8 יחידות,יצרן: אנרג'ייזר סינג,SG,AAAאנרג'ייזר סוללות,יחידה,0.00,יחידה,false,,29.90,0.0000,true,1,6740
8901314308436,false,קולגייט - מברשת שיניים זיג זג 6 יחידות,קולגייט,IL,מברשת שיניים שישייה,יחידה,0.00,יחידה,false,,13.90,0.0000,true,1,261693
8901314517463,false,קולגייט מברשת שיניים,פרוקטר אנד גמבל,IN,קולגייט מברשת שיניים,יחידה,0.00,יחידה,false,,19.90,0.0000,true,1,263892
8901537024014,false,"אורז בסמטי מובחר 1 ק""ג - דוואט) יורה דיעה",הנסיך- מפעל לייצור ט,IN,וילי פוד אורז בסמטי,גרמים,1000.00,100 גרם,false,,14.90,1.4900,true,1,3808
8901537076679,false,"אורז בסמטי חום מהדרין ויליפוד 1 ק""ג",האי נאם סי או אל.טי.,IN,אורז בסמטי חום מלא 1,קילוגרמים,1.00,"ק""ג",false,,16.90,16.9000,true,1,124578
9000101329742,false,סבון אסלה בניחוח מתחלף אפרסק תפוח 50 ג' ברף,הנקל סוד,RS,כדוריות לאסלה Bref,גרמים,50.00,100 גרם,false,,10.90,21.8000,true,1,197411
9000101372878,false,קפסולות דיסקס לניקוי כביסה לבנה וצבעונית Deep Clean,פרסיל Persil,HU,פרסיל דיסקס לכביסה ל,יח',22.00,יח',false,,36.90,1.6773,true,1,166999
9000101512526,false,פרסיל - פאוור קאפס קפסולות ג'ל מרוכזות לכביסה 26 יח',קריות זול,RS,פרסיל פאוור קאפס לכב,יח',26.00,יח',false,,36.90,1.4192,true,1,286136
9000101515596,false,קפסולות ג'ל מרוכזות לכביסה צבעונית 56 יח' פרסיל,הנקל סוד,HU,פרסיל פאוור קאפס קפס,יחידה,0.00,יחידה,false,,67.90,0.0000,true,1,194087
9000101515817,false,קפסולות ג'ל כביסה לבנה וצבעונית 56 יח' פרסיל,הנקל סוד,IL,פרסיל פאוור קאפס קפס,יחידה,0.00,יחידה,false,,67.90,0.0000,true,1,194102
9001616702761,false,זוג מוצצים סיליקון פרל מאמ +6 ורוד,אלפא,HU,זוג מוצצים סיליקון 6,יח',2.00,יח',false,,35.00,17.5000,true,1,136268
9002859037221,false,שוקולד מריר אספרסו 7,,,שוקולד מריר אספרסו 7,גרמים,100.00,100 גרם,false,,10.90,10.9000,true,1,303846
9002859042560,false,שוקולד מריר 100 גרם,,,שוקולד מריר 100 גרם,גרמים,100.00,100 גרם,false,,10.90,10.9000,true,1,303880
9002859053801,false,גונץ-שוקולד סטיקס מריר מנטה 75 גרם,,,שוקולד סטיקס מריר מנ,גרמים,75.00,100 גרם,false,,12.90,17.2000,true,1,304258
9002859053849,false,גונץ-שוקולד סטיקס מריר תפוז 75 גרם,,,שוקולד סטיקס מריר תפ,גרמים,75.00,100 גרם,false,,12.90,17.2000,true,1,304260
9002859077678,false,"גונץ שוקולד לבן 100 גרם כשל""פ",,,שוקולד לבן 100 גרם,גרמים,100.00,100 גרם,false,,10.90,10.9000,true,1,303881
9002859105630,false,גונץ-מרציפן מצופה שוקולד חלב ונוגט 75 גרם,,AT,מרציפן מצופה שוקולד,גרמים,75.00,100 גרם,false,,11.90,15.8667,true,1,304197
9002975393843,false,סוכריות גילי הריבו גולדברס 70 גרם,"האריבו , ג'\י.אם.בי.אייץ",AT,סוכריות גומי בטעמי פ,גרמים,70.00,100 גרם,false,,7.90,11.2857,true,1,153585
9008700128575,false,נקטר פסיפלורה 1 ל' RAUCH,ראוך Rauch,AT,נקטר פסיפלורה 1 ליטר,ליטרים,1.00,ליטר,false,,12.20,12.2000,true,1,139971
9008700155458,false,נקטר גויאבה 1 ליטר ראוך,ראוך פרוכטסאפטה,AT,נקטר גויאבה 1 ליטר,ליטרים,1.00,ליטר,false,,12.20,12.2000,true,1,139973
9028800639962,false,"אדלוויס בירה לבנה בקבוק 500 מ""ל",מבשלת בראו יוניון,AT,אדלוויס הפרטובה בירת,מיליליטרים,330.00,"100 מ""ל",false,,11.90,3.6061,true,1,346390
9044400851672,false,סוכריות פז סוגים שונים + 3 מילויים,פז פרודקשיין יורו,HU,פז דמויות מתחלפות 25,גרמים,25.50,100 גרם,false,,11.90,46.6667,true,1,292508
9120025834723,false,חטיף אוראו מצונן 120 גרם רבנות,בובארד איטליה אס.פי.,IT,חטיף אוראו מצונן 120,גרמים,120.00,100 גרם,false,,15.90,13.2500,true,1,310615
9310072028750,false,טים טם Tim Tam וופל שוקולד ציפוי כפול,"ארנוטס ביסקוויטס בע""",AU,טים טם קרם דאבל 200,גרמים,200.00,100 גרם,false,,21.70,10.8500,true,1,14803
9720188050109,false,ממרח על בסיס סויה בסגנון גבינה טופוטי 225 גרם,טופוטי ברנדס אינק.ג',IL,טופוטי ממרח טופו בטע,גרמים,225.00,100 גרם,false,,23.60,10.4889,true,1,7499
9720188060108,false,ממרח על בסיס סויה בסגון שמנת טופוטי 340 גרם,טופוטי ברנדס אינק.ג',IL,טופוטי ממרח טופו בטע,גרמים,340.00,100 גרם,false,,23.60,6.9412,true,1,7501
9771565025005,false,עיתון מעריב סוף השבוע,,IL,`מעריב סופהשבוע`,יחידה,0.00,יחידה,false,,20.00,0.0000,true,1,50245
9771565051066,false,עיתון ידיעות אחרונות,ידיעות אחרונות,,ידיעות אחרונות יום ו,יחידה,0.00,יחידה,false,,12.00,0.0000,true,1,11004
9921071700020,false,משחק זיכרון בינוני,,,משחק זיכרון בינוני,יחידה,0.00,יחידה,false,,49.90,0.0000,true,1,310830
