code,internal_code,name,manufacturer_name,manufacture_country,manufacturer_item_description,unit_qty,quantity,unit_of_measure,weighted,qty_in_package,price,unit_of_measure_price,allow_discount,status,item_id
42138129,false,וינסטון סופר סלימס מנטול,jti,CH,וינסטון סופר חפ.,יחידה,1.00,יחידה,false,0,31.00,31.00,false,1,
46024817,false,נקסט חפיסה,פיליפ מוריס,,נקסט יח',יחידה,1.00,יחידה,false,0,29.00,29.00,false,1,
46024824,false,נקסט חפיסה,פיליפ מוריס,,נקסט יח',יחידה,1.00,יחידה,false,0,29.00,29.00,false,1,
59039549,false,ווג פריזון מנטול חפיסה,bat,PL,ווג פריזון מנטול,יחידה,1.00,יחידה,false,0,35.90,35.90,false,1,
59455233,false,ווג ליידי כחול חפיסה,bat,PL,ווג ליידי חפיסה,יחידה,1.00,יחידה,false,0,35.90,35.90,false,1,
59455240,false,ווג ליידי לילך חפיסה,bat,PL,ווג ליידי חפיסה,יחידה,1.00,יחידה,false,0,35.90,35.90,false,1,
72991381,false,טיים RED 100,,IL,טיים RED 100,יחידה,1.00,יחידה,false,0,27.50,27.50,false,1,
80177616,false,אצבעות שוקולד קינדר100גר,פררו,IT,שוקולד קינדר,גרמים,100.00,100 גרם,false,0,9.20,9.20,true,1,
80761761,false,קינדר בואנו לבן 19.5*2גר,פררו,PL,קינדר בואנו לבן,גרמים,39.00,100 גרם,false,0,5.00,12.82,true,1,
11182700954,false,שעועית שחורה 439 גרם,האנאובר פודס קורפורשיין,US,שעועית שחורה439ג,גרמים,439.00,100 גרם,false,1,10.90,2.48,true,1,
16000548404,false,חטיף נייטשר ואלי ש.שועל5,ג'נרל מילס,ES,חטיף נייטשר ואלי,גרמים,210.00,100 גרם,false,0,21.90,10.43,true,1,
3045140105502,false,שוקולד חלב מילקה 100 גרם,מונדלייז,DE,שוקולד חלב מילקה,גרמים,100.00,100 גרם,false,0,7.90,7.90,true,1,
3045140280902,false,שוק.מילקה אגוז/צימוק100ג,מונדלייז,DE,שוקולד מילקה,גרמים,100.00,100 גרם,false,0,7.90,7.90,true,1,
3046920028721,false,שוק.מריר לינדט 99% 50גרם,לינדט ושפרונגלי,FR,שוקולד אקסלנס,גרמים,50.00,100 גרם,false,1,16.90,33.80,true,1,
3141360054405,false,פיניש מפיץ ריח לימון,רקיט בנקיזר,HU,מפיץ ריח למדיח,יחידה,1.00,יחידה,false,1,19.90,19.90,true,1,
4014400901191,false,בונבוניירה מרסי 250 גרם,שטורק,DE,בונבוניירת מרסי,גרמים,250.00,100 גרם,false,0,29.90,11.96,true,1,
4710068001692,false,"מאסטר קפה לאטה 240 מ""ל",תאיט מרקטינג אנד דיסטריב,TW,מאסטר קפה,מיליליטרים,240.00,"100 מ""ל",false,0,6.90,2.88,true,1,
4710068001715,false,מאסטר קפה,,TW,מאסטר קפה,מיליליטרים,240.00,"100 מ""ל",false,0,6.90,2.88,true,1,
5000394018075,false,2+6 סוללות דורסל AA,דורסל,BE,8 סוללות דורסל,יחידה,1.00,יחידה,false,1,20.90,20.90,true,1,
5010677551281,false,"בריזר לימון בקבוק 275 מ""","בקרדי בע""מ",DE,בריזר לימון,מיליליטרים,275.00,"100 מ""ל",false,0,16.80,6.11,true,1,
5014379009972,false,"בירה באדוויזר 500 מ""ל","איי, בי, אינבוו",GB,בירה באדוויזר,מיליליטרים,500.00,"100 מ""ל",false,1,10.90,2.18,true,1,
5701932026964,false,הוטפופ טעם טבעי100*6ג,פופז,US,פופקורן הוטפופ,גרמים,600.00,100 גרם,false,0,12.90,2.15,true,1,
5902198160403,false,משקה אנרגיה TEN XL,"טמפו משקאות בע""\מ",IL,משקה אנרגיה,מיליליטרים,250.00,"100 מ""ל",false,1,4.30,1.72,true,1,
6008165271192,false,פאל מאל ארוך אדום,bat,TR,פאל מאל ארוך,יחידה,1.00,יחידה,false,0,28.00,28.00,false,1,
7290000000022,true,עגבניה,קטיף.,IL,עגבניה,קילוגרמים,0.00,"ק""ג",true,0,7.90,7.90,true,1,
7290000000053,true,קישואים,קטיף.,IL,קישואים,קילוגרמים,0.00,"ק""ג",true,0,9.90,9.90,true,1,
7290000000138,true,כרוב לבן,קטיף.,IL,כרוב לבן,קילוגרמים,0.00,"ק""ג",true,0,4.90,4.90,true,1,
7290000000176,true,כרובית,קטיף.,IL,כרובית,קילוגרמים,0.00,"ק""ג",true,0,10.90,10.90,true,1,
7290000000282,true,חסה ערבית יחידה,,IL,חסה ערבית,יחידה,1.00,יחידה,false,0,4.90,4.90,true,1,
7290000000466,true,בצל ירוק יחידה,,IL,בצל ירוק,יחידה,1.00,יחידה,false,0,5.90,5.90,true,1,
7290000000480,true,בצל יבש,קטיף.,IL,בצל יבש,קילוגרמים,0.00,"ק""ג",true,0,4.90,4.90,true,1,
7290000001661,true,גזר תפזורת,קטיף.,IL,גזר תפזורת,קילוגרמים,0.00,"ק""ג",true,0,4.90,4.90,true,1,
7290000002040,true,חלה רגילה 500 גרם,מאפית ברמן,IL,חלה רגילה,גרמים,500.00,100 גרם,false,0,5.17,1.03,true,1,
7290000002354,true,לחמנ.רגילה 75ג 235,מאפית ברמן,IL,לחמניה רגילה,יחידה,1.00,יחידה,false,0,2.00,2.00,true,1,
7290000023830,false,"רוזה קלאסיק 750מ""ל",יקבי ברקן שיווק והפצה בע,IL,רוזה קלאסיק,מיליליטרים,750.00,"100 מ""ל",false,0,30.90,4.12,true,1,
7290000042008,false,חלב מפוסטר 3%שקית 1 ל',תנובה,IL,חלב 3% בשקית,ליטרים,1.00,ליטר,false,0,5.17,5.17,true,1,
7290000042435,false,חלב מפוסטר 1% בקרטון 1 ל,תנובה,IL,חלב %1 בקרטון,ליטרים,1.00,ליטר,false,0,5.59,5.59,true,1,
7290000042442,false,חלב מפוסטר 3% בקרטון 1 ל,תנובה,IL,חלב תנובה 3%,ליטרים,1.00,ליטר,false,0,5.94,5.94,true,1,
7290000042503,false,חלב עמיד הומוגני 3% 1 ל',תנובה,IL,חלב עמיד 3%,ליטרים,1.00,ליטר,false,0,7.10,7.10,true,1,
7290000043944,false,יוגורט בכד 4% 1.5 ל',מחלבת אלון תבור,IL,יוגורט בכד 4%,ליטרים,1.50,ליטר,false,0,16.80,11.20,true,1,
7290000048413,false,גב.חמד פיראוס16% 250 גר,תנובה,IL,גבינה מלוחה 16%,גרמים,250.00,100 גרם,false,0,19.50,7.80,true,1,
7290000063133,false,שקדי מרק רכיבים טבעי100ג,"אסם השקעות בע""מ",IL,שקדי מרק אסם,גרמים,100.00,100 גרם,false,0,6.70,6.70,true,1,
7290000066134,false,ביסלי פלאפל 70 גרם,"אסם השקעות בע""\מ",IL,ביסלי פלאפל,גרמים,70.00,100 גרם,false,0,4.50,6.43,true,1,
7290000066141,false,ביסלי גריל 70 גרם,"אסם השקעות בע""\מ",IL,ביסלי גריל,גרמים,70.00,100 גרם,false,0,4.50,6.43,true,1,
7290000066158,false,ביסלי בצל 67 גרם,"אסם השקעות בע""\מ",IL,ביסלי בטעם בצל,גרמים,67.00,100 גרם,false,0,4.50,6.72,true,1,
7290000066165,false,ביסלי ברביקיו 67 גרם,"אסם השקעות בע""\מ",IL,ביסלי ברביקיו,גרמים,67.00,100 גרם,false,0,4.50,6.72,true,1,
7290000066172,false,ביסלי פיצה 70 גרם,"אסם השקעות בע""\מ",IL,ביסלי פיצה,גרמים,70.00,100 גרם,false,0,4.50,6.43,true,1,
7290000066295,false,במבה מתוקה 30 גרם,"אסם השקעות בע""\מ",IL,במבה מתוקה,גרמים,30.00,100 גרם,false,0,2.90,9.67,true,1,
7290000067537,false,"ביסלי גריל כשל""פ 70 גרם","אסם השקעות בע""\מ",IL,ביסלי גריל,גרמים,70.00,100 גרם,false,0,4.50,6.43,true,1,
7290000068138,false,אינסטנט פודינג וניל 80גר,"אסם השקעות בע""מ",IL,אינסטנט פודינג,גרמים,80.00,100 גרם,false,0,5.70,7.13,true,1,
7290000070322,false,מרק פטריות ר.טבעיים400גר,"אסם השקעות בע""\מ",IL,מרק פטריות אסם,גרמים,400.00,100 גרם,false,0,28.90,7.23,true,1,
7290000074153,false,פתי בר בטעם שוקולד500גרם,"אסם השקעות בע""\מ",IL,פתי בר שוקו,גרמים,500.00,100 גרם,false,0,15.00,3.00,true,1,
7290000074184,false,ביסקוויט פתי בר 500 גרם,"אסם השקעות בע""\מ",IL,ביסקוויט פתי בר,גרמים,500.00,100 גרם,false,0,12.00,2.40,true,1,
7290000104713,false,פול ירוק מוקפא 800 גרם,"סנפרוסט בע""\מ",IL,פול ירוק מוקפא,גרמים,800.00,100 גרם,false,0,26.60,3.33,true,1,
7290000107189,false,ארטישוק תחתיות 400 גרם,"סנפרוסט בע""\מ",IL,תחתיות ארטישוק,גרמים,400.00,100 גרם,false,0,24.70,6.18,true,1,
7290000120874,false,מיונז הלמנס לייט 424 גרם,יוניליוור,US,מיונז הלמנס,גרמים,424.00,100 גרם,false,0,12.80,3.02,true,1,
7290000143187,false,"שמפו הוואי לגבר 700 מ""ל",טרופיקל דגיל,IL,שמפו הוואי לגבר,מיליליטרים,700.00,"100 מ""ל",false,0,10.90,1.56,true,1,
7290000143217,false,שמפו הוואי שיער יבש 700מ,טרופיקל דגיל,IL,שמפו הוואי,מיליליטרים,700.00,"100 מ""ל",false,0,10.90,1.56,true,1,
7290000144474,false,שמן קנולה מועשר 1 ליטר,שמן תעשיות,IL,שמן קנולה,ליטרים,1.00,ליטר,false,0,16.50,16.50,true,1,
7290000174723,false,שוקולית בפחית עלית 500גר,שטראוס קפה בי.וי.,IL,שוקולית,גרמים,500.00,100 גרם,false,0,13.90,2.78,true,1,
7290000187921,false,נ.טואלט לילי קלאסיק 32גל,חוגלה קימברלי,IL,נייר טואלט לילי,מטרים,588.00,100 מטר,false,0,41.90,7.13,true,1,
7290000189192,false,ניקול מגבת רב שימושית,חוגלה קימברלי,CO,מטליות נייר,מטרים,18.00,מטר,false,0,17.60,0.98,true,1,
7290000196763,false,40 שקיות אשפה חזקות L,אשפלסט,IL,שקיות אשפה,יחידה,1.00,יחידה,false,0,28.50,28.50,true,1,
7290000208329,false,גרעיני תירס מתוק 550 גרם,זנלכל,IL,גרעיני תירס מתוק,גרמים,550.00,100 גרם,false,0,6.90,1.25,true,1,
7290000267616,false,צנובר 100גרם,שקדיה,IL,צנובר 100 גרם,גרמים,100.00,100 גרם,false,0,29.60,29.60,true,1,
7290000272696,false,מיץ לימון משומר-עסיס 1ל',בית השיטה,IL,מיץ לימון משומר,ליטרים,1.00,ליטר,false,0,11.50,11.50,true,1,
7290000292557,false,סנומט נוזלי45לילות-מילוי,סנו,IT,נוזל מילוי סנו,מיליליטרים,35.00,"100 מ""ל",false,0,18.50,52.86,true,1,
7290000304663,false,"סלט טונה פיקנטי""נון160""ג",סטארקיסט,IL,סלט טונה פיקנט,גרמים,160.00,100 גרם,false,0,7.90,4.94,true,1,
7290000319803,false,קבנוס קלאסי 125גרם,מעדני יחיעם,IL,קבנוס קלאסי,גרמים,125.00,100 גרם,false,5,15.90,12.72,true,1,
7290000345284,false,תה קלאסיק 100שק1.5*גרם,ויסוצקי,IL,תה ויסוצקי ירוק,גרמים,150.00,100 גרם,false,0,17.90,11.93,true,1,
7290000379128,false,חלה פרוס.וארוז500.גרם231,מאפיית שלמה א. אנג'\ל בע,IL,חלה פרוסה וארוזה,גרמים,500.00,100 גרם,false,0,10.60,2.12,true,1,
7290000497044,false,לחם ברמן אקטיב 750 גרם,"י.את.א.ברמן בע""\מ",IL,לחם ברמן אקטיב,גרמים,750.00,100 גרם,false,0,16.50,2.20,true,1,
7290000498157,false,לחמניה שמיניה כפולה/פרג,מאפית ברמן,IL,לחמניה כפולה/פרג,יחידה,1.00,יחידה,false,0,3.60,3.60,true,1,
7290000521008,false,יין אדום יבש של סגל750מל,יינות סגל,IL,יין סגל אדום,מיליליטרים,750.00,"100 מ""ל",false,0,22.00,2.93,true,1,
7290000632209,false,חזה עוף קפוא עטרה מחיר ל,,IL,חזה עוף קפוא,קילוגרמים,0.00,"ק""ג",true,0,34.90,34.90,true,1,
7290000961606,true,שורש גינגר,קטיף.,XX,שורש גינגר,קילוגרמים,0.00,"ק""ג",true,0,31.90,31.90,true,1,
7290000963174,true,תפוח עץ יונתן יבוא,קטיף.,XX,תפוח עץ יונתן,קילוגרמים,0.00,"ק""ג",true,0,13.90,13.90,true,1,
7290000963563,true,תפוח עץ סמיט65,קטיף.,XX,תפוח עץ סמיט,קילוגרמים,0.00,"ק""ג",true,0,10.90,10.90,true,1,
7290000963754,true,אגס קונפרנס,קטיף.,ES,אגס קונפרנס,קילוגרמים,0.00,"ק""ג",true,0,15.90,15.90,true,1,
7290000964300,true,תפוז,קטיף.,IL,תפוז,קילוגרמים,0.00,"ק""ג",true,0,5.90,5.90,true,1,
7290000964492,true,לימון תפזורת,קטיף.,IL,לימון,קילוגרמים,0.00,"ק""ג",true,0,9.90,9.90,true,1,
7290000964560,true,קלמנטינה,קטיף.,IL,קלמנטינה,קילוגרמים,0.00,"ק""ג",true,0,5.90,5.90,true,1,
7290000964829,true,אגס ספדונה 55,קטיף.,IL,אגס ספדונה,קילוגרמים,0.00,"ק""ג",true,0,12.90,12.90,true,1,
7290000986906,true,חסה עגולה ארוזה,קטיף.,IL,חסה עגולה,יחידה,1.00,יחידה,false,0,7.90,7.90,true,1,
7290001594025,false,קוקה קולה קלאסי,,IL,קוקה קולה קלאסי,מיליליטרים,350.00,"100 מ""ל",false,0,7.00,2.00,true,1,
7290001594155,false,"קוקה קולה בפלסטיק500 מ""ל",החברה המרכזית לייצור משק,IL,קוקה קולה,מיליליטרים,500.00,"100 מ""ל",false,0,7.90,1.58,true,1,
7290001598429,false,פרנה מרוקאית 520 גרם,מאפיית יוסף ברון בעמ,IL,פרנה מרוקאית,גרמים,520.00,100 גרם,false,1,11.90,2.29,true,1,
7290001598528,false,לחם כוסמין מלא 450 גרם,מאפיית יוסף ברון בעמ,IL,לחם כוסמין מלא,גרמים,450.00,100 גרם,false,1,16.90,3.76,true,1,
7290001598580,false,פיתות כוסמין מלא 372 גרם,מאפיית יוסף ברון בעמ,IL,פיתות כוסמין מלא,גרמים,372.00,100 גרם,false,1,15.90,4.27,true,1,
7290001865439,false,סבון פמלי לבן +משאבה 1ל',אינטרקוסמא,IL,סבון נוזלי פמלי,ליטרים,1.00,ליטר,false,0,14.90,14.90,true,1,
7290002008040,false,"מקלות לשיפודים30ס""מ100יח",הנמל,IL,מקלות לשיפודים,יחידה,1.00,יחידה,false,0,3.50,3.50,true,1,
7290002008989,false,קישקשים בקופסא 225 יח',שיווק: הנמל אריזות ושיוו,CN,קישקשים,יחידה,1.00,יחידה,false,0,6.90,6.90,true,1,
7290002037637,false,חליות מתוקות 4 יח',מאפית ודש,IL,חליות מתוקות 4יח,גרמים,350.00,100 גרם,false,0,13.60,3.89,true,1,
7290002253105,false,שום במגשית 80 גרם,דורות,IL,שום כתוש קפוא,גרמים,80.00,100 גרם,false,0,14.90,18.63,true,1,
7290002331322,false,מים מינרל.נביעות 1.5*6ל,נביעות טבע הגליל בעמ,IL,מים נביעות 6 יח,ליטרים,9.00,ליטר,false,0,11.90,1.32,true,1,
7290002551003,false,טונה סטארקיסט בשמן 160 ג,סטארקיסט,IL,טונה סטארקיסט,גרמים,160.00,100 גרם,false,0,8.20,5.13,true,1,
7290002663805,false,שוופס טוניק 1.5 ליטר,"יפאורה תבורי בע""\מ",IL,שוופס מי טוניק,ליטרים,1.50,ליטר,false,0,10.30,6.87,true,1,
7290002814928,false,פרלמנט קצר בודד,פיליפ מוריס,IL,פרלמנט קצר בודד,יחידה,1.00,יחידה,false,0,38.90,38.90,false,1,
7290002833525,false,מרלבורו רד קצר בוקס חפ.,פיליפ מוריס,,מרלבורו רד חפיסה,יחידה,1.00,יחידה,false,0,33.50,33.50,false,1,
7290002886925,false,מרלבורו גולד קצר בוקס,פיליפ מוריס,US,מרלבורו גולד קצר,יחידה,1.00,יחידה,false,0,33.50,33.50,false,1,
7290003009640,false,מיץ תפוזים סחוט 1 ליטר,,IL,מיץ תפוזים סחוט,ליטרים,1.00,ליטר,false,0,16.00,16.00,true,1,
7290003107353,false,משפר אפייה ביתי 30 גרם,שטיבל,IL,משפר אפייה ביתי,גרמים,30.00,100 גרם,false,0,5.90,19.67,true,1,
7290003220649,false,שמן שומשום 100% טהור150מ,,SG,שמן שומשום,מיליליטרים,150.00,"100 מ""ל",false,1,14.90,9.93,true,1,
7290003411993,false,גפרורים 10 יח',הנמל,IL,גפרורים,יחידה,1.00,יחידה,false,0,3.70,3.70,true,1,
7290003643004,false,אורז בסמטי קלאסי בשקית1ק,"סוגת תעשיות בע""מ",IL,אורז בסמטי קלאסי,קילוגרמים,1.00,"ק""ג",false,0,14.90,14.90,true,1,
7290003864478,false,סרדין בשמן סויה,,TH,סרדין בשמן סויה,גרמים,110.00,100 גרם,false,0,6.30,5.73,true,1,
7290004119973,false,מעדן שוקו קרלו3% 125גרם,מחלבת אלון תבור,IL,קרלו שוקולדה,גרמים,125.00,100 גרם,false,0,3.00,2.40,true,1,
7290004120566,false,גב.בולגרית פיראוס24% 250,תנובה,IL,גבינה בולגרית24%,גרמים,250.00,100 גרם,false,0,25.00,10.00,true,1,
7290004121853,false,פיראוס קוב.בולגרית5% 200,תנובה,IL,קוביות בולגרית5%,גרמים,200.00,100 גרם,false,0,22.80,11.40,true,1,
7290004124205,false,יופלה דיאט תות0% 150 גר,תנובה בעמ,IL,יופלה דיאט תות0%,גרמים,150.00,100 גרם,false,0,5.20,3.47,true,1,
7290004125370,false,שמנת חמוצה 9% שומן 200מל,תנובה,IL,שמנת חמוצה 9%,מיליליטרים,200.00,"100 מ""ל",false,0,3.70,1.85,true,1,
7290004125400,false,"אשל מהדרין 4.5% 200 מ""ל",תנובה,IL,אשל 4.5% שומן,מיליליטרים,200.00,"100 מ""ל",false,0,1.61,0.81,true,1,
7290004127329,false,קוטג' 5% 250 גרם בעלז,מחלבת אלון תבור,IL,קוטג' תנובה 5%,גרמים,250.00,100 גרם,false,0,5.70,2.28,true,1,
7290004132231,false,"משקה חלב לקפה 800 מ""ל",תנובה,IL,משקה חלב לקפה,מיליליטרים,800.00,"100 מ""ל",false,0,7.00,0.88,true,1,
7290004133207,false,יופלה לבן 0% שומן 200גרם,מחלבת אלון תבור,IL,יופלה לבן 0%שומן,גרמים,200.00,100 גרם,false,0,4.00,2.00,true,1,
7290004136154,false,משקה אייס קפה בקבוק340מל,תנובה,IL,משקה אייס קפה,מיליליטרים,340.00,"100 מ""ל",false,0,7.50,2.21,true,1,
7290004731472,false,אלסבון כיף צבעוני 500*3מ,קוסמופארם,IL,אלסבון כיף 3 יח,ליטרים,1.50,ליטר,false,0,16.90,11.26,true,1,
7290004923099,false,עין גדי מים מינרל. 2*6 ל,עין גדי מיים מינרלים,IL,מים עין גדי 6 יח,ליטרים,12.00,ליטר,false,0,12.00,1.00,true,1,
7290005174551,false,חומוס יום יום 125 גרם,"שטראוס גרופ בע""\מ",IL,חומוס יום יום,גרמים,125.00,100 גרם,false,0,5.70,4.56,true,1,
7290005564680,false,תפוזינה לימונדה 1.5 ליטר,"יפאורה תבורי בע""\מ",IL,תפוזינה לימונדה,ליטרים,1.50,ליטר,false,0,6.90,4.60,true,1,
7290005610448,false,גזר חבל מעון,קטיף.,IL,גזר חבל מעון,קילוגרמים,0.00,"ק""ג",true,0,4.90,4.90,true,1,
7290005839108,false,גב.סימפוניה +5%זיתים200ג,"שטראוס בריאות בע""\מ",IL,גבינת סימפוניה,גרמים,200.00,100 גרם,false,0,12.40,6.20,true,1,
7290005839313,false,מילקי טופ שוקול.מגולג170,"שטראוס גרופ בע""\מ",IL,מילקי טופ,מיליליטרים,170.00,"100 מ""ל",false,0,5.00,2.94,true,1,
7290006380142,false,גזר טרי ארוז,"מפעלי יופ""י אגש""ח",IL,גזר טרי ארוז,קילוגרמים,0.00,"ק""ג",true,1,4.90,4.90,true,1,
7290006742278,false,פסטרמה צלוי על לבנים330ג,זוגלובק,IL,פסטרמה צלויה,גרמים,330.00,100 גרם,false,0,27.90,8.45,true,1,
7290008175173,false,"חמאה ווליו ללת""ס.מלח200ג",ואליו אל.טי.די,FI,חמאה ווליו,גרמים,200.00,100 גרם,false,0,12.90,6.45,true,1,
7290008464130,false,בירה גולדסטאר6יח,,IL,בירה גולדסטאר6יח,ליטרים,1.98,ליטר,false,0,29.90,15.10,true,1,
7290008464604,false,"בירה הייניקן פחית 500מ""ל",היינקן,NL,בירה היינקן פחית,מיליליטרים,500.00,"100 מ""ל",false,0,13.60,2.72,true,1,
7290008464741,false,"בירה גולדסטאר בק330*6מ""ל","טמפו משקאות בע""\מ",IL,גולדסטאר 6 יח',ליטרים,1.98,ליטר,false,0,29.90,15.10,true,1,
7290008645935,false,חומוס אחלה 750 גרם,"שטראוס גרופ בע""\מ",IL,חומוס אחלה,גרמים,750.00,100 גרם,false,0,10.90,1.45,true,1,
7290008690713,false,אושן ספריי חמוציות 1ליטר,,IL,אושן ספריי,ליטרים,1.00,ליטר,false,0,11.90,11.90,true,1,
7290008801157,false,מרלו סלקטד,,IL,מרלו סלקטד,מיליליטרים,750.00,"100 מ""ל",false,0,29.90,3.99,true,1,
7290008802291,false,"מרלו P.C 750 מ""ל",יקבי כרמל,,מרלו P.C,מיליליטרים,750.00,"100 מ""ל",false,0,44.90,5.99,true,1,
7290008802895,false,קברנה סוביניוןP.C. 750מל,יקבי כרמל,IL,קברנה סוביניון,מיליליטרים,750.00,"100 מ""ל",false,0,44.90,5.99,true,1,
7290008805049,false,"רוזה סלקטד 750 מ""ל",יקבי כרמל,IL,רוזה סלקטד,מיליליטרים,750.00,"100 מ""ל",false,0,29.90,3.99,true,1,
7290008909860,false,קוקה קולה זירו 1.5 ליטר,החברה המרכזית לייצור משק,IL,קוקה קולה זירו,ליטרים,1.50,ליטר,false,0,7.90,5.27,true,1,
7290009952896,true,בירה מצוננת,,,בירה מצוננת,מיליליטרים,500.00,"100 מ""ל",false,0,13.90,2.78,true,1,
7290009955019,true,משקה מצונן,,IL,משקה מצונן,ליטרים,1.50,ליטר,false,0,9.90,6.60,true,1,
7290010066513,false,טונה בשמן צמחי 158*4 גרם,תעשיות פילטונה,IL,טונה בשמן 4 יח,גרמים,632.00,100 גרם,false,0,25.90,4.10,true,1,
7290010237548,false,פפסי מקס,,IL,פפסי מקס,מיליליטרים,500.00,"100 מ""ל",false,0,4.50,0.90,true,1,
7290010548514,false,עשבי תיבול איטלקי 70 גרם,דורות,IL,עשבי תיבול איט,גרמים,70.00,100 גרם,false,0,11.90,17.00,true,1,
7290011051136,false,שוופס סודה 1.5*4 ליטר,"יפאורה תבורי בע""\מ",IL,שוופס סודה 4 יח',ליטרים,6.00,ליטר,false,0,11.90,1.98,true,1,
7290011081690,false,גל.קרמיסימו צ'יפ וניל/שו,שטראוס,IL,קרמיסימו צ'יפ,ליטרים,1.33,ליטר,false,0,21.90,16.47,true,1,
7290011810252,false,חציל במיונז 250גרם,סלטי שמיר,IL,סלט חציל במיונז,גרמים,250.00,100 גרם,false,0,8.80,3.52,true,1,
7290012116735,false,נ.טואלט סופט גל.כפול24גל,סנו,IL,נייר טואלט סופט,מטרים,900.00,100 מטר,false,0,41.90,4.66,true,1,
7290012117558,false,מרכ.מקסימה ס.מרוכז מסק1ל,"סנו מפעלי ברונוס בע""\מ",IL,מקסימה ס.מרוכז,ליטרים,1.00,ליטר,false,0,17.90,17.90,true,1,
7290012803789,false,"שוק.מריר אגוז ללת""ס 100ג",אלטינמארקה,TR,שוקולד מריר אגוז,גרמים,100.00,100 גרם,false,0,12.60,12.60,true,1,
7290012803796,false,"שוק.חלב אגוז ללת""ס 100ג",אלטינמארקה,TR,שוקולד חלב אגוז,גרמים,100.00,100 גרם,false,0,12.60,12.60,true,1,
7290013117243,false,בורקס פילו בולגרית 600 ג,"מעדנות בע""\מ",IL,בורקס בולגרית,גרמים,600.00,100 גרם,false,0,23.90,3.98,true,1,
7290013145901,false,סודה לשתיה 100 גרם,א.ל ייצור ושיווק תבלינים,IL,סודה לשתיה,גרמים,100.00,100 גרם,false,0,2.30,2.30,true,1,
7290013585240,false,ספרייט זירו 1.5 ליטר,החברה המרכזית לייצור משק,IL,ספרייט זירו,ליטרים,1.50,ליטר,false,1,6.90,4.60,true,1,
7290013585387,false,קולה זירו 1 ליטר,החברה המרכזית לייצור משק,IL,קולה זירו,ליטרים,1.00,ליטר,false,1,6.20,6.20,true,1,
7290013585394,false,קוקה קולה 1 ליטר,החברה המרכזית לייצור משק,IL,קוקה קולה,ליטרים,1.00,ליטר,false,1,6.20,6.20,true,1,
7290014256620,false,קריניאנו מבעבע באזז750מ,יקבי כרמל,IL,קריניאנו באזז,מיליליטרים,750.00,"100 מ""ל",false,0,31.60,4.21,true,1,
7290014692299,false,גבינת ברי,,DK,גבינת ברי,גרמים,125.00,100 גרם,false,0,21.10,16.88,true,1,
7290014758162,false,חלב עיזים מלא 1ל,,IL,חלב עיזים מלא 1ל,ליטרים,1.00,ליטר,false,0,15.70,15.70,true,1,
7290014761070,false,יולו שוקולד לבן,,IL,יולו שוקולד לבן,גרמים,123.00,100 גרם,false,0,5.00,4.07,true,1,
7290016497526,false,בגט אותנטי 280גרם,מאפ גדרון,IL,בגט אותנטי,גרמים,280.00,100 גרם,false,1,7.90,2.82,true,1,
7290016717631,false,"מוסקטו P.C 750 מ""ל",יקבי כרמל,IL,מוסקטו P.C,מיליליטרים,750.00,"100 מ""ל",false,1,44.90,5.99,true,1,
7290017334080,false,שמ.זית כתית כבישה קרה750,,IL,שמן זית כתית,מיליליטרים,750.00,"100 מ""ל",false,1,32.90,4.39,true,1,
7290017637150,false,"ג'ל אלכוהול משאבה 500 מ""",שניב תעשיות נייר,IL,ג'ל אלכוהול משאב,מיליליטרים,500.00,"100 מ""ל",false,1,19.90,3.98,true,1,
7290017888453,false,שוופס אנרג'י קלאסיק250מל,"יפאורה תבורי בע""\מ",IL,שוופס אנרג'י,מיליליטרים,250.00,"100 מ""ל",false,1,6.00,2.40,true,1,
7290018343487,false,אלכו ג'ל בשפורפרת H 75מ,CHEMIPAL FISHER (BIO,IL,"אלכו ג'ל H 75מ""ל",מיליליטרים,75.00,"100 מ""ל",false,1,9.90,13.20,true,1,
7290019297222,false,פולי סויה אדממה 450גרם,שקדיה,IL,פולי סויה אדממה,גרמים,450.00,100 גרם,false,0,12.90,2.87,true,1,
7290100240632,false,פתית 6 דגנים 250 גרם,יוניליוור ישראל מזון בע\,IL,פתית 6 דגנים,גרמים,250.00,100 גרם,false,0,18.70,7.48,true,1,
7290100614662,false,גרעין אבטיח קלוי וממולח,פיצוחי ציון,IL,גרעין אבטיח,גרמים,200.00,100 גרם,false,1,14.90,7.45,true,1,
7290100701157,false,"אורז להכנת סושי 1 ק""ג","סוגת תעשיות בע""מ",IL,אורז להכנת סושי,קילוגרמים,1.00,"ק""ג",false,0,14.80,14.80,true,1,
7290100850909,false,דוריטוס נאצ'ו מקסיקני70ג,"שטראוס פריטו ליי בע""\מ",IL,דוריטוס נאצ'ו,גרמים,70.00,100 גרם,false,0,4.10,5.86,true,1,
7290100850923,false,דוריטוס גריל 70 גרם,"שטראוס פריטו ליי בע""\מ )",IL,דוריטוס גריל,גרמים,70.00,100 גרם,false,0,4.10,5.86,true,1,
7290102397341,false,גבינה בולגרית24% 250 גרם,משק צוריאל תבור,IL,גבינה בולגרית24%,גרמים,250.00,100 גרם,false,1,22.40,8.96,true,1,
7290102397464,false,נטורל+פקאן וגרעינים170גר,טרה,IL,מולר נטורל+פקאן,גרמים,170.00,100 גרם,false,1,5.90,3.47,true,1,
7290102398393,false,מעדן חלב+אורז תפוח קי170,טרה,IL,מעדן חלב ואורז,גרמים,170.00,100 גרם,false,1,5.50,3.24,true,1,
7290103404758,false,סלט כרוב אדום יום יום120,"שטראוס גרופ בע""\מ",IL,כרוב אדום אחלה,גרמים,120.00,100 גרם,false,0,5.40,4.50,true,1,
7290106523937,false,תפוצ'יפס טבעי 30*7 גרם,שטראוס,IL,תפוצ'יפס 7 יח,גרמים,210.00,100 גרם,false,0,14.90,7.10,true,1,
7290106721920,false,מסטיק ספירמינט צ'יקלט66ג,עלית,IL,מסטיק ספירמינט,גרמים,66.00,100 גרם,false,1,11.50,17.42,true,1,
7290107944380,false,"אגוזי כשל""פ 45 גרם","שטראוס גרופ בע""\מ",IL,אגוזי,גרמים,45.00,100 גרם,false,1,4.50,10.00,true,1,
7290108350258,false,נייר טואלט פי 3 12גלילים,סנו,IL,נייר טואלט סופט,מטרים,662.00,100 מטר,false,1,29.00,4.38,true,1,
7290108503296,false,ממרח חמאה ווליו 250 גרם,ואליו,FI,ממרח חמאה ווליו,גרמים,250.00,100 גרם,false,1,12.90,5.16,true,1,
7290110110611,false,ספרייט ליים 1.5 ליטר,,IL,ספרייט ליים,ליטרים,1.50,ליטר,false,1,6.90,4.60,true,1,
7290110320850,false,פתיתי עמק 28% 200 גרם,תנובה,IL,פתיתי עמק,גרמים,200.00,100 גרם,false,1,15.90,7.95,true,1,
7290110321031,false,יופלהGOמועשר בחלבון 200ג,תנובה,IL,יופלה GO יוגורט,גרמים,200.00,100 גרם,false,1,6.30,3.15,true,1,
7290110322021,false,טופו בזיליקום 300 גרם,א.י.ן תעשיות,IL,טופו בזיליקום,גרמים,300.00,100 גרם,false,1,12.90,4.30,true,1,
7290110323585,false,יופלה GO דובדבן0.7% 200ג,תנובה בעמ,IL,יופלה GO דובדבן,גרמים,200.00,100 גרם,false,1,5.90,2.95,true,1,
7290110323592,false,יופלה GO אפרסק0.7% 200ג,תנובה בעמ,IL,יופלה GO אפרסק,גרמים,200.00,100 גרם,false,1,5.90,2.95,true,1,
7290110324704,false,טופו מתובל פרובנס 300 ג,"תנובה בע""\מ",IL,טופו מתובל,גרמים,300.00,100 גרם,false,1,12.90,4.30,true,1,
7290110325305,false,מעדן סויה ביו במתיקות200,"תנובה בע""\מ",IL,מעדן סויה ביו,גרמים,200.00,100 גרם,false,1,5.90,2.95,true,1,
7290110325312,false,מעדן סויה ביו טעם תות200,"תנובה בע""\מ",IL,מעדן סויה ביו,גרמים,200.00,100 גרם,false,1,5.90,2.95,true,1,
7290110325688,false,יופלה און טופ נטיםים167ג,תנובה,IL,יופלה און טופ,גרמים,167.00,100 גרם,false,1,6.00,3.59,true,1,
7290110565527,false,דנונה פרו 20ג חלבון 200ג,"שטראוס גרופ בע""\מ",IL,דנונה פרו חלבון,גרמים,200.00,100 גרם,false,1,6.20,3.10,true,1,
7290110566975,false,דנונ.פרו20ג חלבון תות200,"שטראוס בריאות בע""\מ",IL,דנונה פרו חלבון,גרמים,200.00,100 גרם,false,1,6.20,3.10,true,1,
7290111939181,false,קוקי ניילון נצמד עם גומי,,CN,ניילון נצמד,יחידה,1.00,יחידה,false,1,9.90,9.90,true,1,
7290112335494,false,פריכיות טעימות פוטטוס135,פרח,IL,הפריכיות הטעימות,גרמים,135.00,100 גרם,false,1,12.90,9.56,true,1,
7290112340122,false,פריכיות טעימות 3דגנים19-,פרח,IL,פריכיות טעימות,גרמים,135.00,100 גרם,false,1,12.90,9.56,true,1,
7290112966568,false,במבה ביס 80 גרם,אסם,IL,במבה ביס,גרמים,80.00,100 גרם,false,1,4.90,6.13,true,1,
7290112968128,false,סלט תפוחי אדמה ובצלים220,צבר,IL,סלט תפוחי אדמה,גרמים,220.00,100 גרם,false,1,12.90,5.86,true,1,
7290112968449,false,סלט כרוב אדום 250 גרם,צבר,IL,סלט כרוב אדום,גרמים,250.00,100 גרם,false,1,11.90,4.76,true,1,
7296073005896,false,חיטה שופרסל 500 גרם,מיה,IL,חיטה שופרסל,גרמים,500.00,100 גרם,false,0,5.90,1.18,true,1,
7296073006541,false,גריסים שופרסל 500 גרם,מיה,IL,גריסים שופרסל,גרמים,500.00,100 גרם,false,0,5.20,1.04,true,1,
7296073011101,false,קוסקוס עבה שופרסל 350גרם,אסיף תעשיות מזון,IL,קוסקוס עבה,גרמים,350.00,100 גרם,false,0,5.20,1.49,true,1,
7296073011118,false,קוסקוס דק שופרסל 350 גרם,אסיף תעשיות מזון,IL,קוסקוס דק,גרמים,350.00,100 גרם,false,0,5.20,1.49,true,1,
7296073021582,false,"סולת חיטה שופרסל 1 ק""ג",שופרסל,IL,סולת חיטה,קילוגרמים,1.00,"ק""ג",false,0,4.20,4.20,true,1,
7296073049050,false,פסטרמה רומנית שופרסל300ג,,IL,פסטרמה רומנית,גרמים,300.00,100 גרם,false,0,28.90,9.63,true,1,
7296073058991,false,מוזלי שופרסל 500 גרם,בריגן קי ג'י,DE,מוזלי שופרסל,גרמים,500.00,100 גרם,false,0,16.90,3.38,true,1,
7296073078975,false,פריכיות אורז מלא שופר100,שופרסל,IL,פריכיות אורז,גרמים,100.00,100 גרם,false,0,6.80,6.80,true,1,
7296073080510,false,חומוס שלם שופרסל 560 גרם,פרי גליל,IL,חומוס שלם,גרמים,560.00,100 גרם,false,0,6.10,1.09,true,1,
7296073080534,false,תירס מתוק שופרסל 550 גרם,פרי גליל,IL,תירס גרעינים,גרמים,550.00,100 גרם,false,0,6.30,1.15,true,1,
7296073080558,false,תירס לייט שופרסל 550 גרם,פרי גליל,IL,תירס לייט,גרמים,550.00,100 גרם,false,0,7.50,1.36,true,1,
7296073090496,false,צמר פלדה שופרסל 100 גרם,פלסטו פוליש,IL,צמר פלדה,גרמים,100.00,100 גרם,false,0,6.70,6.70,true,1,
7296073094753,false,חלווה וניל שופרסל 500 גר,"אחדות בע""מ א.ת. ברקן",IL,חלווה וניל,גרמים,500.00,100 גרם,false,0,13.90,2.78,true,1,
7296073106258,false,מטליות רצפה 3X,,IL,מטליות רצפה 3X,יחידה,1.00,יחידה,false,0,10.70,10.70,true,1,
7296073108269,false,עלי חסה ערבית שטופים,פרסקו,IL,עלי חסה ערבית,גרמים,250.00,100 גרם,false,0,9.90,3.96,true,1,
7296073108344,false,לקט קלאסי שטוף350גרם,פרסקו,IL,לקט קלאסי שטוף,גרמים,350.00,100 גרם,false,0,7.90,2.26,true,1,
7296073115762,false,קורנפלור שופרסל 200 גרם,שופרסל,IL,קורנפלור,גרמים,200.00,100 גרם,false,0,4.00,2.00,true,1,
7296073116783,false,שומשום שופרסל 100 גרם,מיה,IL,שומשום שופרסל,גרמים,100.00,100 גרם,false,0,4.20,4.20,true,1,
7296073118770,false,עלי בייבי שטופים 300גרם,פרסקו,IL,עלי בייבי שטופים,גרמים,300.00,100 גרם,false,0,13.90,4.63,true,1,
7296073121183,false,תמר דקל נור 400ג שופרסל,ערדום תמרים,IL,תמר דקל נור 400ג,גרמים,400.00,100 גרם,false,0,13.90,3.48,true,1,
7296073125334,false,מלפפונים בחומץ13-17 540ג,שופרסל,IL,מלפפונים בחומץ,גרמים,540.00,100 גרם,false,0,10.90,2.02,true,1,
7296073130499,false,"מיץ לימון שופרסל 200 מ""ל",סי פרווידר,IT,מיץ לימון שופרסל,מיליליטרים,200.00,"100 מ""ל",false,0,6.40,3.20,true,1,
7296073132998,false,צלחת קטנה לבנה ELEGANT 9,,IL,צלחות קטנות,יחידה,1.00,יחידה,false,0,7.90,7.90,true,1,
7296073146933,false,שוק.אוורירי מריר שופר100,"שוקולד פריי בע""מ",CH,שוקולד אוורירי,גרמים,100.00,100 גרם,false,0,6.20,6.20,true,1,
7296073151555,false,מלח שולחן דק שופרסל 1 קג,מלח הארץ אילת,IL,מלח שולחן דק,קילוגרמים,1.00,"ק""ג",false,0,2.07,2.07,true,1,
7296073153238,false,גזר ארוז שופרסל,,IL,גזר ארוז שופרסל,קילוגרמים,0.00,"ק""ג",true,0,4.90,4.90,true,1,
7296073153849,false,זוג רדידי אלומיניום 7.2X,שופרסל,IL,זוג רדידי אלומינ,מטרים,30.00,מטר,false,0,9.90,0.33,true,1,
7296073170877,false,צ'יפס אמריקאי שופרסל 1.5,תפוגן,IL,צ'יפס אמריקאי,קילוגרמים,1.50,"ק""ג",false,0,27.90,18.60,true,1,
7296073180203,false,עלי רוקט שטופים 150גרם,פרסקו,IL,עלי רוקט150ג',גרמים,150.00,100 גרם,false,0,9.50,6.33,true,1,
7296073195917,false,אטריות בינוניות 400 גרם,בני דרום,IL,אטריות בינוניות,גרמים,400.00,100 גרם,false,0,5.70,1.43,true,1,
7296073197461,false,שוקולד חלב 3 יח,,CH,שוקולד חלב 3 יח,גרמים,300.00,100 גרם,false,0,14.90,4.97,true,1,
7296073197478,false,שוקולד מריר 3 יח,,CH,שוקולד מריר 3 יח,גרמים,300.00,100 גרם,false,0,14.90,4.97,true,1,
7296073219347,false,לחם אחיד פרוס750ג שופרסל,מאפית ברמן,IL,לחם אחיד פרוס,גרמים,750.00,100 גרם,false,0,7.11,0.95,true,1,
7296073224570,false,חומוס אסלי שופרסל 400גרם,סלטי שמיר,IL,חומוס אסלי,גרמים,400.00,100 גרם,false,0,9.90,2.48,true,1,
7296073230106,false,"סלט תפו""א שופרסל 400 גרם",שופרסל,IL,"סלט תפו""א",גרמים,400.00,100 גרם,false,0,9.90,2.48,true,1,
7296073230946,false,וופל עם קרם שוק.גרין125ג,נובה אינדסטריה,IT,וופל עם קרם,גרמים,125.00,100 גרם,false,1,9.90,7.92,true,1,
7296073232391,false,"סוכר לבן שופרסל 1 ק""ג","אגרנה צוקר בע""מ",PL,סוכר לבן,קילוגרמים,1.00,"ק""ג",false,1,4.80,4.80,true,1,
7296073236931,false,קליונז מופחת קלוריות500ג,מיטב,IL,קליונז,גרמים,500.00,100 גרם,false,1,9.80,1.96,true,1,
7296073239000,false,פצירת יהלום ידית גומי יח,TECHONGGIES TAIKONE,CN,פצירת יהלום,יחידה,1.00,יחידה,false,1,14.90,14.90,true,1,
7296073262831,false,דבש עם מזון מלכות 350ג,מכוורת עמק חפר,IL,דבש + מזון מלכות,גרמים,350.00,100 גרם,false,1,32.90,9.40,true,1,
7296073263173,false,אבקת כביסה בייבי 2.5 קג,גליל כימיקלים,IL,אבקת כביסה בייבי,קילוגרמים,2.50,"ק""ג",false,1,22.90,9.16,true,1,
7296073285410,false,נרות חימום בשקית 100 יחי,CANDLE ITBRIGHT,CN,נרות חימום בשקית,יחידה,1.00,יחידה,false,1,19.90,19.90,true,1,
7296073286011,false,אורז פרסי זיפר שופרסל1קג,ltd co produce Uthai,TH,אורז פרסי,קילוגרמים,1.00,"ק""ג",false,1,6.90,6.90,true,1,
7296073286196,false,מיקס ופליםשופרסל400ג25%+,FRITAG HANS,DE,מיקס ופלים,גרמים,500.00,100 גרם,false,1,12.90,2.58,true,1,
7296073286493,false,צמד פטריות חורש ושמפניון,קטיף.,IL,צמד פטריות,יחידה,1.00,יחידה,false,1,17.90,17.90,true,1,
7296073289586,false,נייר סנדוויץ 100 יחידות,שניב,IL,נייר סנדוויץ,יחידה,1.00,יחידה,false,1,13.90,13.90,true,1,
7296073290841,false,"נוזל קוקוס שופרסל 400מ""ל",COCONUT THAI,TH,נוזל קוקוס,מיליליטרים,400.00,"100 מ""ל",false,1,6.50,1.63,true,1,
7296073291084,false,עוגיות חמאה דניות 150גרם,BAKERY JACOBSENS,DK,עוגיות חמאה בפח,גרמים,150.00,100 גרם,false,1,13.90,9.27,true,1,
7296073294245,false,נענע יחידה,,IL,נענע,יחידה,1.00,יחידה,false,1,5.90,5.90,true,1,
7296073320395,false,עלי תרד בייבי 200גרם,,IL,עלי תרד בייבי,גרמים,200.00,100 גרם,false,1,9.90,4.95,true,1,
7296073323587,false,עגבניה שרי וויטני יחידה,עידו נחום,IL,שרי וויטני,יחידה,1.00,יחידה,false,1,10.90,10.90,true,1,
7296073344421,false,מרגרינה ללא תוספת מלח200,,TR,מרגרינה,גרמים,200.00,100 גרם,false,1,1.00,0.50,true,1,
7296073345107,false,לחמניות המבורגר ל.ג90*4ג,גידרון,IL,לחמניות המבורגר,גרמים,360.00,100 גרם,false,1,10.00,2.78,true,1,
7296073372271,false,שמנת לבישול נ.לקטוז250מל,,IL,שמנת לבישול15%,מיליליטרים,250.00,"100 מ""ל",false,1,7.90,3.16,true,1,
7296073372288,false,שמנת להקצפה נ.לקטוז 250מ,,IL,שמנת להקצפה38%,מיליליטרים,250.00,"100 מ""ל",false,1,7.90,3.16,true,1,
7296073389507,false,צנונית יחידה,מרינה,IL,צנונית,יחידה,1.00,יחידה,false,1,5.90,5.90,true,1,
7296073393610,false,נוזל כלים 24% לימון 750מ,קומפלקס כימיקלים בעמ,IL,נוזל כלים לימון,מיליליטרים,750.00,"100 מ""ל",false,1,10.00,1.33,true,1,
7622210078131,false,שוקולד מילקה דיים 100גרם,מונדלייז,DE,שוקולד מילקה,גרמים,100.00,100 גרם,false,1,7.90,7.90,true,1,
7622210646033,false,שוקולד מילקה דארק 85 גרם,מונדלייז,DE,שוקולד מילקה,גרמים,85.00,100 גרם,false,1,8.50,10.00,true,1,
7622210650924,false,עוגיות אוראו דקים שוקו96,מונדלייז,UA,עוגיות אוראו,גרמים,96.00,100 גרם,false,1,9.90,10.31,true,1,
8000380003723,false,גראנד פטיסרי אגוז 100גרם,א. לואקר,IT,גראנד פטיסרי,גרמים,100.00,100 גרם,false,0,13.40,13.40,true,1,
8000380180745,false,ופל קואדרטיני שוק/חלב250,לואקר,AT,וופל קואדרטיני,גרמים,250.00,100 גרם,false,1,15.20,6.08,true,1,
8000500071083,false,שוקולד קינדר 200 גרם,פררו,IT,שוקולד חלב קינדר,גרמים,200.00,100 גרם,false,0,14.50,7.25,true,1,
8001090899224,false,20 אולוויז פלטינום לונג,פרוקטר אנד גמבל,DE,תחבושות אולוייז,יחידה,1.00,יחידה,false,1,24.90,24.90,true,1,
8005110170300,false,עגבניות חתוכות3*,,IT,עגבניות חתוכות3*,קילוגרמים,1.20,"ק""ג",false,0,18.90,15.75,true,1,
8014515330196,false,עגבניות מרוסקות 400 גרם,שופרסל-ייבוא,IT,עגבניות מרוסקות,גרמים,400.00,100 גרם,false,1,6.70,1.68,true,1,
8076809513388,false,רוטב פיקנטי לפסטה 400גרם,ברילה,IT,רוטב לפסטה,גרמים,400.00,100 גרם,false,0,15.90,3.98,true,1,
8076809523561,false,רוטב עגבניות טוסקנה400ג,ברילה,IT,רוטב עגבניות,גרמים,400.00,100 גרם,false,0,15.90,3.98,true,1,
8076809523738,false,לזניה ברילה 500 גרם,ברילה,IT,לזניה ברילה,גרמים,500.00,100 גרם,false,0,25.70,5.14,true,1,
8410179100043,false,שמן זית בורחס מעולה750מל,PONTU BORGES ACEITES,ES,שמן זית בורחס,מיליליטרים,750.00,"100 מ""ל",false,0,34.90,4.65,true,1,
8410376010701,false,"ביסקוויט מרי ללת""ס 400 ג",גולון,ES,"ביסקוויט ללת""ס",גרמים,400.00,100 גרם,false,1,17.90,4.48,true,1,
8423207206488,false,סלים דליס מצופה שוקולד6י,סלים דליס,ES,חטיפי דגנים מרבה,גרמים,120.00,100 גרם,false,0,12.90,10.75,true,1,
8697530911276,false,קנט קצר חפיסה,bat,TR,קנט קצר חפיסה,יחידה,1.00,יחידה,false,0,34.90,34.90,false,1,
8718114047249,false,סבון מוצק דאב 100*6 גרם,יוניליוור,DE,סבון דאב שישייה,גרמים,600.00,100 גרם,false,0,23.90,3.98,true,1,
8719200998001,false,"מרגרינה בלובנד ללת""מ200ג",יוניליוור ישראל מזון בע\,IL,מרגרינה בלובנד,גרמים,200.00,100 גרם,false,1,4.70,2.35,true,1,
8801055707010,false,נסקפה קפוצינו קלאסיק125ג,לוטה נסטלה קוריאה,KR,נס קפה קפוצ'ינו,גרמים,125.00,100 גרם,false,0,21.10,16.88,true,1,
8801055707188,false,נסקפה קפוצ'ינו אגוזים180,לוטה נסטלה קוריאה,KR,נס קפה קפוצ'ינו,גרמים,180.00,100 גרם,false,0,21.10,11.72,true,1,
