code,internal_code,name,manufacturer_name,manufacture_country,manufacturer_item_description,unit_qty,quantity,unit_of_measure,weighted,qty_in_package,price,unit_of_measure_price,allow_discount,status,item_id
1,true,עמ צ`ק חוזר,פרימיום חברה לדברי מ.,,,יח,1,,false,1,15,15,false,1,
15,true,עיתון שופר,שופר השבועון לקהילה,,,יח,1,,false,1,1,1,false,1,
25,true,עיתון מגזין,ל.א אוחיון פרסום ותקשורת בעמ,,,יח,1,,false,1,3,3,false,1,
48,true,תוי קניה 1,שונים,,,יח,1,,false,1,0.01,0.01,false,1,
50,true,מים קטן כללי,החברה המרכזית להפצת משקאות בע,,,יח,1,,false,1,4.90,4.90,false,1,
70,true,טרופית,שונים,,,יח,1,,false,1,1.10,1.10,false,1,
88,true,תוספת לשתיה קרה מהמחיר הנקוב,שונים,,,יח,1,,false,1,2,2,false,1,
118,true,לחמניה ארוכה,בית מאפה ח. כהן חדש,,,יח,1,,false,1,1.90,1.90,true,1,
119,true,חצי בגט,בית מאפה ח. כהן חדש,,,יח,1,,false,1,2.90,2.90,true,1,
120,true,לחמניה קלועה שמניה /מיני חלה,בית מאפה ח. כהן חדש,,,יח,1,,false,1,2.50,2.50,true,1,
121,true,חלה 4 צמות,בית מאפה ח. כהן חדש,,,יח,1,,false,1,9.90,9.90,true,1,
122,true,לחמניה ציפור//פרח,בית מאפה ח. כהן חדש,,,יח,1,,false,1,2.50,2.50,true,1,
129,true,לחם קווקזי,בית מאפה ח. כהן חדש,,,יח,1,,false,1,7.90,7.90,false,1,
143,true,חלה שושנה,בית מאפה ח. כהן חדש,,,יח,1,,false,1,7.90,7.90,false,1,
149,true,לחמניה כפרית,ג`נרל מילס ישראל בעמ,,,יח,1,,false,1,2.50,2.50,false,1,
158,true,חלה 2 צמות.,בית מאפה ח. כהן חדש,,,יח,1,,false,1,6.50,6.50,true,1,
159,true,חלה מתוקה,בית מאפה ח. כהן חדש,,,יח,1,,false,1,11.90,11.90,false,1,
165,true,לחמניה מתוקה קלועה,בית מאפה ח. כהן חדש,,,יח,1,,false,1,2.70,2.70,true,1,
259,true,פיתות 10 יח`,גיא שיווק טוב,,,יח,1,,false,1,15.90,15.90,false,1,
262,true,לחמניה שומשום,בית מאפה ח. כהן חדש,,,יח,1,,false,1,2.50,2.50,true,1,
502,true,אננס שלם,"בכורי השדה צפון1994 ג.ד. בע""מ",,,"לק""ג",10,ל 100 גרם,true,1,39.90,3.99,false,1,
505,true,אבוקדו,"בכורי השדה צפון1994 ג.ד. בע""מ",,,"לק""ג",1,,true,1,9.90,9.90,false,1,
511,true,.אגס,"בכורי השדה צפון1994 ג.ד. בע""מ",,,"לק""ג",1,,true,1,16.90,16.90,false,1,
530,true,בננה,"בכורי השדה צפון1994 ג.ד. בע""מ",,,"לק""ג",1,,true,1,8.90,8.90,true,1,
535,true,לימון,"בכורי השדה צפון1994 ג.ד. בע""מ",,,"לק""ג",1,,true,1,6.90,6.90,false,1,
558,true,פומלה,"בכורי השדה צפון1994 ג.ד. בע""מ",,,"לק""ג",1,,true,1,9.90,9.90,false,1,
559,true,פומלית,"בכורי השדה צפון1994 ג.ד. בע""מ",,,"לק""ג",1,,true,1,5.90,5.90,false,1,
560,true,קלמנטינה,"בכורי השדה צפון1994 ג.ד. בע""מ",,,"לק""ג",1,,true,1,5.90,5.90,false,1,
563,true,קיווי,"בכורי השדה צפון1994 ג.ד. בע""מ",,,"לק""ג",1,,true,1,19.90,19.90,false,1,
564,true,רימון,"בכורי השדה צפון1994 ג.ד. בע""מ",,,"לק""ג",1,,true,1,6.90,6.90,false,1,
575,true,תפוז,"בכורי השדה צפון1994 ג.ד. בע""מ",,,"לק""ג",1,,true,1,5.90,5.90,false,1,
576,true,אשכולית,"בכורי השדה צפון1994 ג.ד. בע""מ",,,"לק""ג",1,,true,1,4.90,4.90,false,1,
583,true,תפוח סמיט ירוק,"בכורי השדה צפון1994 ג.ד. בע""מ",,,"לק""ג",10,ל 100 גרם,true,1,7.90,0.79,false,1,
584,true,תפוח עץ גלה,"בכורי השדה צפון1994 ג.ד. בע""מ",,,"לק""ג",1,,true,1,7.90,7.90,false,1,
585,true,תפוח חרמון,"בכורי השדה צפון1994 ג.ד. בע""מ",,,"לק""ג",10,ל 100 גרם,true,1,7.90,0.79,false,1,
590,true,תפוח זהוב,"בכורי השדה צפון1994 ג.ד. בע""מ",,,"לק""ג",1,,true,1,7.90,7.90,false,1,
592,true,תפוח עץ פינק,"בכורי השדה צפון1994 ג.ד. בע""מ",,,"לק""ג",1,,true,1,14.90,14.90,false,1,
603,true,דלורית,"בכורי השדה צפון1994 ג.ד. בע""מ",,,"לק""ג",1,,true,1,5.90,5.90,true,1,
605,true,בצל יבש,"בכורי השדה צפון1994 ג.ד. בע""מ",,,"לק""ג",1,"לק""ג",true,1,3.90,3.90,true,1,
609,true,בצל סגול,"בכורי השדה צפון1994 ג.ד. בע""מ",,,"לק""ג",1,,true,1,5.90,5.90,false,1,
612,true,בטטה,"בכורי השדה צפון1994 ג.ד. בע""מ",,,"לק""ג",1,,true,1,8.90,8.90,false,1,
618,true,גזר ארוז,"בכורי השדה צפון1994 ג.ד. בע""מ",,,"לק""ג",1,,true,1,3.90,3.90,true,1,
625,true,חציל,"בכורי השדה צפון1994 ג.ד. בע""מ",,,"לק""ג",1,,true,1,6.90,6.90,true,1,
629,true,חסה רגילה,"בכורי השדה צפון1994 ג.ד. בע""מ",,,יח,1,,false,1,5.90,5.90,false,1,
630,true,כרוב לבן,"בכורי השדה צפון1994 ג.ד. בע""מ",,,"לק""ג",1,,true,1,3.90,3.90,true,1,
633,true,כרוב אדום.,"בכורי השדה צפון1994 ג.ד. בע""מ",,,"לק""ג",1,,true,1,6.90,6.90,true,1,
634,true,קישוא קרעה(ברכות),"בכורי השדה צפון1994 ג.ד. בע""מ",,,"לק""ג",1,,true,1,16.90,16.90,false,1,
640,true,לפת,"בכורי השדה צפון1994 ג.ד. בע""מ",,,"לק""ג",1,,true,1,6.90,6.90,false,1,
645,true,מלפפון,"בכורי השדה צפון1994 ג.ד. בע""מ",,,"לק""ג",1,"לק""ג",true,1,5.90,5.90,true,1,
659,true,סלק אדום,"בכורי השדה צפון1994 ג.ד. בע""מ",,,"לק""ג",1,,true,1,3.90,3.90,true,1,
660,true,עגבניה תמר,"בכורי השדה צפון1994 ג.ד. בע""מ",,,"לק""ג",10,ל 100 גרם,true,1,4.90,0.49,false,1,
661,true,עגבניות שרי תפזורת,"בכורי השדה צפון1994 ג.ד. בע""מ",,,"לק""ג",10,ל 100 גרם,true,1,14.90,1.49,false,1,
662,true,עגבניה,"בכורי השדה צפון1994 ג.ד. בע""מ",,,"לק""ג",1,,true,1,5.90,5.90,true,1,
663,true,פלפל חריף ירוק,"בכורי השדה צפון1994 ג.ד. בע""מ",,,"לק""ג",10,ל 100 גרם,true,1,9.90,0.99,true,1,
665,true,גמבה ירוקה,"בכורי השדה צפון1994 ג.ד. בע""מ",,,"לק""ג",1,,true,1,9.90,9.90,false,1,
666,true,תפוח אדמה לבן/אדום/גזר תפזורת,"בכורי השדה צפון1994 ג.ד. בע""מ",,,"לק""ג",1,,true,1,5.90,5.90,false,1,
667,true,גמבה אדומה,"בכורי השדה צפון1994 ג.ד. בע""מ",,,"לק""ג",1,ל 100 גרם,true,1,9.90,9.90,true,1,
668,true,גמבה כתום,"בכורי השדה צפון1994 ג.ד. בע""מ",,,"לק""ג",1,,true,1,10.90,10.90,false,1,
675,true,שמיר,"בכורי השדה צפון1994 ג.ד. בע""מ",,,יח,1,,false,1,3.90,3.90,true,1,
680,true,צנונית,"בכורי השדה צפון1994 ג.ד. בע""מ",,,יח,1,,false,1,2.90,2.90,true,1,
681,true,צנונית ארוזה שוק,"בכורי השדה צפון1994 ג.ד. בע""מ",,,יח,1,,false,1,5.90,5.90,false,1,
682,true,חציל בלדי,"בכורי השדה צפון1994 ג.ד. בע""מ",,,"לק""ג",10,ל 100 גרם,true,1,6.90,0.69,false,1,
683,true,צנון,"בכורי השדה צפון1994 ג.ד. בע""מ",,,"לק""ג",1,,true,1,8.90,8.90,false,1,
685,true,קישוא,"בכורי השדה צפון1994 ג.ד. בע""מ",,,"לק""ג",1,,true,1,7.90,7.90,true,1,
687,true,קולורבי,"בכורי השדה צפון1994 ג.ד. בע""מ",,,"לק""ג",1,,true,1,8.90,8.90,true,1,
689,true,שום יבש,"בכורי השדה צפון1994 ג.ד. בע""מ",,,יח,1,,false,1,7.90,7.90,false,1,
690,true,שומר.,"בכורי השדה צפון1994 ג.ד. בע""מ",,,"לק""ג",1,,true,1,9.90,9.90,true,1,
691,true,גמבה צהובה,"בכורי השדה צפון1994 ג.ד. בע""מ",,,"לק""ג",1,,true,1,9.90,9.90,false,1,
696,true,"תפו""א לבן ארוז","בכורי השדה צפון1994 ג.ד. בע""מ",,,"לק""ג",1,,true,1,3.90,3.90,true,1,
697,true,"תפו""א אדום ארוז","בכורי השדה צפון1994 ג.ד. בע""מ",,,"לק""ג",1,,true,1,4.90,4.90,false,1,
1111,true,מכולת,שונים,,,יח,1,,false,1,0.01,0.01,false,1,
1502,true,שמיטה אננס חול,"בכורי השדה צפון1994 ג.ד. בע""מ",,,"לק""ג",1,יח,true,1,39.90,39.90,false,1,
1505,true,שמיטה אבוקדו,"בכורי השדה צפון1994 ג.ד. בע""מ",,,"לק""ג",1,,true,1,9.90,9.90,false,1,
1511,true,שמיטה אגסים,"בכורי השדה צפון1994 ג.ד. בע""מ",,,"לק""ג",1,,true,1,13.90,13.90,false,1,
1530,true,שמיטה בננה-שמינית,"בכורי השדה צפון1994 ג.ד. בע""מ",,,"לק""ג",1,,true,1,8.90,8.90,true,1,
1535,true,שמיטה לימון-אוצר בית דין,"בכורי השדה צפון1994 ג.ד. בע""מ",,,"לק""ג",1,,true,1,6.90,6.90,false,1,
1558,true,שמיטה פומלה,"בכורי השדה צפון1994 ג.ד. בע""מ",,,"לק""ג",10,ל 100 גרם,true,1,9.90,0.99,false,1,
1560,true,שמיטה קלמנטינה-אוצר בית דין,"בכורי השדה צפון1994 ג.ד. בע""מ",,,"לק""ג",1,,true,1,5.90,5.90,false,1,
1563,true,שמיטה קיווי,"בכורי השדה צפון1994 ג.ד. בע""מ",,,"לק""ג",1,,true,1,19.90,19.90,false,1,
1564,true,שמיטה רימון-אוצר בית דין,"בכורי השדה צפון1994 ג.ד. בע""מ",,,"לק""ג",10,ל 100 גרם,true,1,6.90,0.69,false,1,
1575,true,שמיטה תפוז-אוצר בית דין,"בכורי השדה צפון1994 ג.ד. בע""מ",,,"לק""ג",1,,true,1,5.90,5.90,false,1,
1579,true,סלרי ברכת קטיף,*22138,,,יח,1,,false,1,6.90,6.90,false,1,
1580,true,שמיטה חבושים,"בכורי השדה צפון1994 ג.ד. בע""מ",,,"לק""ג",1,,true,1,12.90,12.90,false,1,
1583,true,שמיטה תפוח סמיט ירוק,"בכורי השדה צפון1994 ג.ד. בע""מ",,,"לק""ג",1,,true,1,7.90,7.90,false,1,
1584,true,שמיטה-תפוח עץ גלה-,"בכורי השדה צפון1994 ג.ד. בע""מ",,,"לק""ג",1,,true,1,7.90,7.90,false,1,
1585,true,שמיטה תפוח חרמון,"בכורי השדה צפון1994 ג.ד. בע""מ",,,"לק""ג",1,,true,1,7.90,7.90,false,1,
1586,true,שמיר ב. קטיף,*22138,,,יח,1,,false,1,5.90,5.90,false,1,
1590,true,שמיטה תפוח זהוב.,"בכורי השדה צפון1994 ג.ד. בע""מ",,,"לק""ג",1,,true,1,7.90,7.90,false,1,
1592,true,תפוח פינק ליידי שמיטה,"בכורי השדה צפון1994 ג.ד. בע""מ",,,"לק""ג",1,,true,1,14.90,14.90,false,1,
1603,true,שמיטה דלורית,"בכורי השדה צפון1994 ג.ד. בע""מ",,,"לק""ג",1,,true,1,5.90,5.90,true,1,
1605,true,שמיטה בצל יבש,"בכורי השדה צפון1994 ג.ד. בע""מ",,,"לק""ג",1,,true,1,3.90,3.90,true,1,
1609,true,מנגולד גוש קטיף ירק הארץ היתר מכירה,*22138,,,יח,1,,false,1,7.90,7.90,false,1,
1612,true,שמיטה בטטה,"בכורי השדה צפון1994 ג.ד. בע""מ",,,"לק""ג",1,,true,1,8.90,8.90,false,1,
1618,true,שמיטה גזר ארוז,"בכורי השדה צפון1994 ג.ד. בע""מ",,,"לק""ג",1,,true,1,3.90,3.90,true,1,
1620,true,שמיטה דלעת,"בכורי השדה צפון1994 ג.ד. בע""מ",,,"לק""ג",1,,true,1,12.90,12.90,false,1,
1622,true,מארז פירות יבשים טו בשבט גדול,ארץ זית שמן מובחר בעמ,,,יח,0,יח,false,1,100,100,false,1,
1625,true,שמיטה חצילים,"בכורי השדה צפון1994 ג.ד. בע""מ",,,"לק""ג",1,,true,1,6.90,6.90,true,1,
1630,true,שמיטה כרוב לבן,"בכורי השדה צפון1994 ג.ד. בע""מ",,,"לק""ג",1,,true,1,3.90,3.90,true,1,
1633,true,שמיטה כרוב אדום.,"בכורי השדה צפון1994 ג.ד. בע""מ",,,"לק""ג",1,,true,1,6.90,6.90,true,1,
1640,true,שמיטה לפת,"בכורי השדה צפון1994 ג.ד. בע""מ",,,"לק""ג",1,,true,1,6.90,6.90,false,1,
1645,true,שמיטה מלפפון,"בכורי השדה צפון1994 ג.ד. בע""מ",,,"לק""ג",1,"לק""ג",true,1,5.90,5.90,true,1,
1659,true,שמיטה סלק אדום,"בכורי השדה צפון1994 ג.ד. בע""מ",,,"לק""ג",1,,true,1,3.90,3.90,true,1,
1661,true,שמיטה עגבניות שרי תמר,"בכורי השדה צפון1994 ג.ד. בע""מ",,,"לק""ג",10,ל 100 גרם,true,1,14.90,1.49,false,1,
1662,true,שמיטה עגבניה רגילה,"בכורי השדה צפון1994 ג.ד. בע""מ",,,"לק""ג",1,,true,1,5.90,5.90,true,1,
1663,true,שמיטה פלפל חריף,"בכורי השדה צפון1994 ג.ד. בע""מ",,,"לק""ג",10,ל 100 גרם,true,1,9.90,0.99,true,1,
1665,true,שמיטה גמבה ירוקה,"בכורי השדה צפון1994 ג.ד. בע""מ",,,"לק""ג",1,,true,1,9.90,9.90,false,1,
1666,true,שמיטה תפוח אדמה לבן/אדום/גזר תפזורת,"בכורי השדה צפון1994 ג.ד. בע""מ",,,"לק""ג",1,,true,1,5.90,5.90,false,1,
1667,true,שמיטה גמבה אדומה,"בכורי השדה צפון1994 ג.ד. בע""מ",,,"לק""ג",1,ל 100 גרם,true,1,9.90,9.90,true,1,
1668,true,שמיטה גמבה כתום,"בכורי השדה צפון1994 ג.ד. בע""מ",,,"לק""ג",1,,true,1,10.90,10.90,false,1,
1685,true,שמיטה קישואים.,"בכורי השדה צפון1994 ג.ד. בע""מ",,,"לק""ג",1,,true,1,7.90,7.90,true,1,
1687,true,שמיטה קולרבי,"בכורי השדה צפון1994 ג.ד. בע""מ",,,יח,1,,true,1,8.90,8.90,true,1,
1689,true,שמיטה שום יבש,"בכורי השדה צפון1994 ג.ד. בע""מ",,,יח,1,,false,1,7.90,7.90,false,1,
1690,true,שמיטה שומר,"בכורי השדה צפון1994 ג.ד. בע""מ",,,"לק""ג",1,,true,1,9.90,9.90,true,1,
1691,true,שמיטה גמבה צהובה,"בכורי השדה צפון1994 ג.ד. בע""מ",,,"לק""ג",1,,true,1,9.90,9.90,false,1,
1696,true,"שמיטה תפו""א לבן.","בכורי השדה צפון1994 ג.ד. בע""מ",,,"לק""ג",10,ל 100 גרם,true,1,3.90,0.39,true,1,
1697,true,"שמיטה תפו""א אדום","בכורי השדה צפון1994 ג.ד. בע""מ",,,"לק""ג",1,,true,1,4.90,4.90,false,1,
1749,true,עוף טרי שלם,נטו מילנדה סחר בעמ*,,,"לק""ג",1,,true,1,19.90,19.90,true,1,
1755,true,כרעיים עוף טרי תפזורת רבנות,יהודה ניב,,,"לק""ג",1,,true,1,29.90,29.90,true,1,
1779,true,שוקיים עוף טרי,נטו מילנדה סחר בעמ*,,,"לק""ג",1,,true,1,31.90,31.90,true,1,
1793,true,כנפיים עוף טרי,יהודה ניב,,,"לק""ג",1,,true,1,14.90,14.90,true,1,
1809,true,כבד עוף לא מוכשר לצליה בלבד,נטו מילנדה סחר בעמ*,,,"לק""ג",1,,true,1,24.90,24.90,true,1,
1816,true,לב עוף לא מוכשר לצליה בלבד,נטו מילנדה סחר בעמ*,,,"לק""ג",1,,true,1,31.90,31.90,true,1,
1830,true,שוארמה נקבה טרי,יהודה ניב,,,"לק""ג",10,ל 100 גרם,true,1,71.90,7.19,false,1,
1892,true,גרון הודו טרי,יהודה ניב,,,"לק""ג",10,ל 100 גרם,true,1,34.90,3.49,false,1,
1900,true,נתחי פילה עוף,נטו מילנדה סחר בעמ*,,,"לק""ג",1,,true,1,42.90,42.90,true,1,
1953,true,טחול עוף טרי רבנות,נטו מילנדה סחר בעמ*,,,"לק""ג",1,,true,1,69.90,69.90,false,1,
1991,true,חזה הודו,קורניש חן{1987} בעמ,,,"לק""ג",10,ל 100 גרם,true,1,32.90,3.29,false,1,
2004,true,כתף טרי חלק מחפוד/עטרה,בקר תנובה -שותפות מוגבלת,,,"לק""ג",1,,true,1,74.90,74.90,false,1,
2020,true,חזה עוף שלם,יהודה ניב,,,"לק""ג",10,ל 100 גרם,true,1,32.90,3.29,true,1,
2060,true,בשר טחון -מחפוד/עטרה,עוף ירושלים שיווק בעמ,,,"לק""ג",1,,true,1,44.90,44.90,false,1,
2066,true,בשר טחון טרי מחפוד פרמיום,נטו מלינדה סחר בעמ,,,"לק""ג",1,,true,1,49.90,49.90,false,1,
2226,true,פילה סלמון טרי מפולט נקי,מאסטרפוד בעמ,,,"לק""ג",1,,true,1,89.90,89.90,false,1,
2239,true,טונה אלבקור לבנה שלם,שונים,,,"לק""ג",10,יח,true,1,44.90,4.49,false,1,
2244,true,דג טונה צעירה שלם,שונים,,,"לק""ג",10,ל 100 גרם,true,1,42.90,4.29,false,1,
2363,true,דג דניס טרי,מאסטרפוד בעמ,,,ל 100 גרם,1,,true,1,65,65,true,1,
2509,true,בשר ראש טרי מחפוד/עטרה,בקר תנובה -שותפות מוגבלת,,,"לק""ג",10,ל 100 גרם,true,1,69.90,6.99,false,1,
2592,true,צלעות טרי חלק מחפוד עטרה,עוף ירושלים שיווק בעמ,,,"לק""ג",1,,true,1,64.90,64.90,false,1,
2608,true,בשר צוואר טרי מוכשר מ/ע,נטו מלינדה סחר בעמ,,,"לק""ג",1,,true,1,56.90,56.90,true,1,
2663,true,חמוצים מיוחדים,אצלן מזור בעמ,,,ל 100 גרם,10,ל 100 גרם,true,1,45,4.50,false,1,
2699,true,פילה אמנון ללא עור. פס עור קפוא,שונים,,,"לק""ג",10,ל 100 גרם,true,1,34.90,3.49,false,1,
2700,true,פילה אמנון קפוא80%,שונים,,,"לק""ג",10,ל 100 גרם,true,1,29.90,2.99,true,1,
2806,true,צלי חלק מחפוד עטרה טרי,נטו מלינדה סחר בעמ,,,"לק""ג",1,,true,1,110,110,false,1,
2807,true,אסדו טרי חלק מ/ע עם עצם,בקר תנובה -שותפות מוגבלת,,,"לק""ג",1,,true,1,69.90,69.90,false,1,
2808,true,שריר בקר טרי חלק מחפוד עטרה,נטו מלינדה סחר בעמ,,,"לק""ג",1,,true,1,75.90,75.90,false,1,
2821,true,סטייק עצם טרי מחפוד /עטרה,בקר תנובה -שותפות מוגבלת,,,"לק""ג",10,ל 100 גרם,true,1,110,11,true,1,
2860,true,שניצל עוף דק דק טרי,קורניש חן{1987} בעמ,,,"לק""ג",1,,true,1,44.90,44.90,true,1,
2862,true,קשתית אסדו טריע.מבלי עצם..,עוף ירושלים שיווק בעמ,,,"לק""ג",1,,true,1,75.90,75.90,false,1,
2875,true,כבש טרי חלק ע\מ,בקר תנובה -שותפות מוגבלת,,,"לק""ג",10,ל 100 גרם,true,1,110,11,false,1,
2931,true,מעורב ירושלמי טרי,שונים,,,"לק""ג",1,,true,1,72.90,72.90,false,1,
3094,true,חזה בקר עם עצם מחפוד /עטרה,בקר תנובה -שותפות מוגבלת,,,"לק""ג",1,,true,1,39.90,39.90,true,1,
3115,true,גביע 115 היפרכהן לסלט,פאלאס תעשיות (פי.איי) בעמ,,,יח,1,,false,1,0.50,0.50,false,1,
3116,true,ג. 116 500 שקוף,פאלאס תעשיות (פי.איי) בעמ,,,יח,1,,false,1,0.60,0.60,false,1,
3118,true,גביע 118 גדול,פאלאס תעשיות (פי.איי) בעמ,,,יח,1,,false,1,0.80,0.80,false,1,
3193,true,זנב עגל טרי מחפוד עטרה,בקר תנובה -שותפות מוגבלת,,,"לק""ג",1,,true,1,59.90,59.90,false,1,
3639,true,לשון בקר חלק רבנות קפוא,בלדי בעמ,,,"לק""ג",10,"לק""ג",true,1,34.90,3.49,true,1,
4505,true,.בשר מס` 5 קפוא חלק,שונים,,,"לק""ג",10,ל 100 גרם,true,1,64.90,6.49,false,1,
4508,true,בשר מס`8 חלק רבנות,שונים,,,"לק""ג",10,"לק""ג",true,1,33.90,3.39,false,1,
6090,true,מגבון קמיל בלו בודד,"פישר תעשיות פרמצביטות בע""מ",,,,1.40,ל 100 גרם,false,1,2.90,2.07,false,1,
6251,true,מארז 10 פיתות,גיא שיווק טוב,,,יח,10,למארז,false,1,15.90,1.59,false,1,
6514,true,חלה 3 צמות,בית מאפה ח. כהן חדש,,,יח,1,יח,false,1,8.50,8.50,true,1,
6515,true,חלה כפרית,ג`נרל מילס ישראל בעמ,,,יח,1,יח,false,1,11.90,11.90,false,1,
7778,true,נסיעה במונית מוגבל ל1 שעה מקניה,מבצעים,,,יח,1,,false,1,20,20,false,1,
9019,true,אריסה ביתית,אחים אלעזרי בעמ,,,ל 100 גרם,10,ל 100 גרם,true,1,39.90,3.99,false,1,
9020,true,שום כתוש מחפוד,אחים אלעזרי בעמ,,,ל 100 גרם,10,ל 100 גרם,true,1,27.90,2.79,false,1,
9046,true,סחוג ירוק / אדום גל,אחים אלעזרי בעמ,,,"לק""ג",10,ל 100 גרם,true,1,25.90,2.59,false,1,
9500,true,דג דניס נקי טרי,מאסטרפוד בעמ,,,"לק""ג",1,,true,1,65,65,true,1,
9502,true,דג אמנון נקי טרי,נטו מילנדה סחר בעמ*,,,"לק""ג",1,,true,1,29.90,29.90,false,1,
21959,true,משטח,קלית סיטבון א.ס בעמ,,,יח,1,,false,1,17.55,17.55,false,1,
40301,true,גבינה עין גדי,תנובה -חלב,,,יח,1,,false,1,18.90,18.90,false,1,
40318,true,ברי גבינה,תנובה -חלב,,,יח,1,,false,1,17.90,17.90,false,1,
40974,true,חלב טרי דל לקטוז תנובה,תנובה -חלב,,,יח,10,ל 100 גרם,false,1,6.80,0.68,false,1,
47485,true,בולגרית 24%,תנובה -חלב,,,"לק""ג",10,ל 100 גרם,true,1,55.90,5.59,false,1,
51376,true,יופלה דיאט אננס ספורטיבי 0%,תנובה -חלב,,,יח,1.50,"ל 100 מ""ל",false,1,4.90,3.27,false,1,
52311,true,עמק פרוס בקופסא 15% שומן,תנובה -חלב,,,יח,2,ל 100 גרם,false,1,15.90,7.95,false,1,
52946,true,מאגדת יופלה 8 גביעים מעודן ק,תנובה -חלב,,,יח,12,ל 100 גרם,false,1,20.90,1.74,false,1,
55336,true,"יופלה משקה יוגורט בננה אפרסק250מ""ל תנובה",תנובה -חלב,,,יח,2.50,"ל 100 מ""ל",false,1,5.30,2.12,false,1,
55343,true,משקה בוקר טרופי,תנובה -חלב,,,יח,2.50,"ל 100 מ""ל",false,1,5.30,2.12,false,1,
55502,true,פיקדון פלסטיק או פחית,שונים,,,יח,1,,false,1,0.30,0.30,false,1,
56081,true,מארז פרילי טבע 6 יח`,תנובה -חלב,,,יח,11.04,ל 100 גרם,false,1,22,1.99,false,1,
56845,true,חלב %3קרטון 1.5 ליטר,תנובה -חלב,,,יח,1.50,לליטר,false,1,9.34,6.23,false,1,
56883,true,מארז יופלה 8 יח`בטעמים ק,תנובה -חלב,,,יח,8,למארז,false,1,28.30,3.54,false,1,
56890,true,מאגדת יופלה 8 דיאט,תנובה -חלב,,,יח,1.20,לליטר,false,1,23.90,19.92,false,1,
56906,true,מארז יופלה 8 יח`,תנובה -חלב,,,יח,8,למארז,false,1,16.90,2.11,false,1,
56951,true,"שמנת לבישול 15% באריזת 500 מ""ל",תנובה -חלב,,,יח,5,"ל 100 מ""ל",false,1,15.90,3.18,false,1,
57132,true,יוגורט תנובה 1.5%,תנובה -חלב,,,יח,2,"ל 100 מ""ל",false,1,3.20,1.60,false,1,
57149,true,יוגורט תנובה 3%,תנובה -חלב,,,יח,2,"ל 100 מ""ל",false,1,3.20,1.60,false,1,
57552,true,יופלה בטעם ע. גבינה,תנובה -חלב,,,יח,1.50,"ל 100 מ""ל",false,1,4.90,3.27,false,1,
58030,true,יופלה שטוזים משקה יוגורט,תנובה -חלב,,,יח,8,ל 100 גרם,false,1,19.90,2.49,false,1,
58047,true,"שמנת מתוקה 38% 500 מ""ל",תנובה -חלב,,,יח,0.50,ל 100 גרם,false,1,12.90,25.80,false,1,
58979,true,גיל טעם תות,תנובה -חלב,,,יח,1.25,"ל 100 מ""ל",false,1,1.40,1.12,false,1,
61450,true,פתיתים קוסקוס 3 צבעים,קבוצת אוסם סחר שותפות מוגבלת,,,יח,5,"ל 100 מ""ל",false,1,6.90,1.38,true,1,
69609,true,.חטיפי קרקר זעתרXX,קבוצת אוסם סחר שותפות מוגבלת,,,יח,3,ל 100 גרם,false,1,11.80,3.93,false,1,
69715,true,חטיפי קרקר מלוח,קבוצת אוסם סחר שותפות מוגבלת,,,יח,3,ל 100 גרם,false,1,10.90,3.63,false,1,
72067,true,במבה במילוי קרם חלבה,קבוצת אוסם סחר שותפות מוגבלת,,,יח,0.60,ל 100 גרם,false,1,4.90,8.17,true,1,
74481,true,לחמית אגוזים,קבוצת אוסם סחר שותפות מוגבלת,,,יח,1.60,ל 100 גרם,false,1,9.90,6.19,true,1,
75693,true,עוגת שמרים בריוש שוקולד,קבוצת אוסם סחר שותפות מוגבלת,,,יח,3.60,ל 100 גרם,false,1,14.90,4.14,false,1,
77253,true,לחמית כפרית ק,קבוצת אוסם סחר שותפות מוגבלת,,,יח,1.90,ל 100 גרם,false,1,9.90,5.21,true,1,
78762,true,חטיפי פריכונים טעם דבש,קבוצת אוסם סחר שותפות מוגבלת,,,יח,0.80,ל 100 גרם,false,1,7.90,9.88,false,1,
99917,true,ידיעות + כל הנגב.,ידיעות אחרונות בעמ,,,יח,1,,false,1,20,20,true,1,
100611,true,בולגרית מעודנת 5% במשקל בר בכפר,בר בכפר בעמ,,,ל 100 גרם,10,ל 100 גרם,true,1,29.90,2.99,false,1,
103815,true,לקט להקפצה בסגנון תאילנדי 800 ג-סנפורסט,תנובה ענף ב.ע.ד,,,יח,8,ל 100 גרם,false,1,21.90,2.74,false,1,
106199,true,לקט נורמנדי סנפורסט 800 גרם,תנובה ענף ב.ע.ד,,,יח,8,ל 100 גרם,false,1,21.90,2.74,false,1,
124503,true,שומן כבש ארוז 200 גר`בלדי,בלדי בעמ,,,יח,2,ל 100 גרם,false,1,12.90,6.45,false,1,
139234,true,שלווה 150ג חמאה דבש,אשבול בעמ,,,יח,1.50,ל 100 גרם,false,1,8.90,5.93,false,1,
139265,true,מולטי דבש,אשבול בעמ,,,יח,4.20,ל 100 גרם,false,1,8.90,2.12,false,1,
139272,true,דגני מולטי טבעות דגנים בטעם פירות,אשבול בעמ,,,יח,4.20,ל 100 גרם,false,1,8.90,2.12,false,1,
139296,true,דגני מולטי כוכבים,אשבול בעמ,,,יח,4.20,ל 100 גרם,false,1,8.90,2.12,false,1,
139975,true,טורבו חטיף דגנים מלאים ט. שוקולד,אשבול בעמ,,,יח,1.68,ל 100 גרם,false,1,11.90,7.08,false,1,
139982,true,טורבו חטיף דגנים מלאים ט. חלבה,אשבול בעמ,,,יח,1.68,ל 100 גרם,false,1,11.90,7.08,false,1,
144160,true,"שמן זית מודגש 750 מ""ל עץ הזית*",סוגת תעשיות בעמ,,,יח,7.50,"ל 100 מ""ל",false,1,29.90,3.99,false,1,
152943,true,מארז סלמי +פסטרמה,קבוצת אוסם סחר שותפות מוגבלת,,,יח,7,ל 100 גרם,false,1,28.90,4.13,false,1,
155502,true,זיכוי פיקדון פלסטיק או פחית,שונים,,,יח,1,,false,1,0.30,0.30,false,1,
168173,true,TELMA CRUNCHIM BADATZ 6X375GR,"יוניליוור ישראלשיווק בע""מ",,,יח,3.75,ל 100 גרם,false,6,19.90,5.31,false,1,
169538,true,KNORR CAS-TOMATO BADAZT 72X62G,"יוניליוור ישראלשיווק בע""מ",,,יח,0.62,ל 100 גרם,false,12,6.50,10.48,true,1,
188355,true,מג ניקול לבנה 1/6 (ג),קימברלי קלארק ישראל שיווק בעמ,,,יח,1,,false,1,12.90,12.90,true,1,
188553,true,מגני תחתון קוטקס סליק נורמל ק,קימברלי קלארק ישראל שיווק בעמ,,,יח,1,,false,1,18.90,18.90,false,1,
193014,true,מגן תחתון אינטרו ק,קימברלי קלארק ישראל שיווק בעמ,,,יח,1,,false,1,9.90,9.90,false,1,
193083,true,נובה לי 28 אריזת ג מבו,קימברלי קלארק ישראל שיווק בעמ,,,יח,1,,false,1,9.90,9.90,false,1,
193205,true,תחבושת לילי נטורל נייט ק,קימברלי קלארק ישראל שיווק בעמ,,,יח,1,,false,1,16.90,16.90,false,1,
193649,true,תח לילי אינטימט,קימברלי קלארק ישראל שיווק בעמ,,,יח,1,,false,1,16.90,16.90,false,1,
193656,true,תח לילי איטימיי,קימברלי קלארק ישראל שיווק בעמ,,,יח,1,,false,1,16.90,16.90,false,1,
195537,true,מגבוני האגיס רבעיה,קימברלי קלארק ישראל שיווק בעמ,,,יח,1,,false,1,19.90,19.90,false,1,
199313,true,תחבושת קוטקס יאנג,קימברלי קלארק ישראל שיווק בעמ,,,יח,1,,false,1,17.90,17.90,false,1,
225959,true,שוארמה הודו טרי ארוז מחפוד,סגור עוף ירושלים,,,"לק""ג",1,,true,1,55.99,55.99,false,1,
225966,true,שוק הודו טרי ארוז מחפוד.,עוף ירושלים שיווק בעמ,,,"לק""ג",1,,true,1,25.99,25.99,false,1,
243566,true,"שמן קנולה בריאות 750 מ""ל",סוגת תעשיות בעמ,,,יח,7.50,"ל 100 מ""ל",false,1,11.80,1.57,true,1,
254250,true,כתף שוק טלה חלק בית יוסף,מאסטרפוד בעמ,,,"לק""ג",10,ל 100 גרם,true,1,109.90,10.99,false,1,
263359,true,האגיס חיתולי כותנה NB1,קימברלי קלארק ישראל שיווק בעמ,,,יח,1,,false,1,34.90,34.90,false,1,
286228,true,סנו סושי שישיה. ק,החברה הדרומית לשיווק בעמ,,,יח,1,,false,1,10.90,10.90,false,1,
286549,true,מטלית לכל 9 בשקי. ק,החברה הדרומית לשיווק בעמ,,,יח,1,,false,1,9.90,9.90,false,1,
286761,true,פלסטיק נצמד צמד ק,החברה הדרומית לשיווק בעמ,,,יח,1,,false,1,10.90,10.90,false,1,
290290,true,נקניקיות מני מרגז גוליה,ג`וליה מעדני בשר בעמ,,,"לק""ג",10,ל 100 גרם,true,1,58.90,5.89,false,1,
295503,true,שקיות אוכל נשלפות 300 ק,החברה הדרומית לשיווק בעמ,,,יח,1,,false,1,14.90,14.90,false,1,
295565,true,צמד רדיד אלומניו,החברה הדרומית לשיווק בעמ,,,יח,1,,false,1,16.90,16.90,false,1,
311272,true,halva wafers,רוקחמן בעמ,,,יח,1.80,ל 100 גרם,false,1,4.30,2.39,false,1,
311753,true,עוגיות חיטה מלאה בטעם חלבה 250 גר`מן*,רוקחמן בעמ,,,יח,2.50,ל 100 גרם,false,1,6.90,2.76,false,1,
311869,true,no sugar wafers,רוקחמן בעמ,,,יח,1.80,ל 100 גרם,false,1,6.90,3.83,false,1,
312736,true,בייגלה קטו 45 גר`,לירון קרביץ יבוא שיווק וסחר,,,יח,0.45,ל 100 גרם,false,1,1.50,3.33,true,1,
345435,true,פילה מרלוזה ארגנטינאית דלידג,נטו מילנדה סחר בעמ*,,,"לק""ג",10,ל 100 גרם,true,1,32.90,3.29,false,1,
364261,true,סלסולי כתף בקר 120 גר`,תנובה ענף ב.ע.ד,,,יח,1.20,ל 100 גרם,false,1,13.90,11.58,false,1,
364278,true,סלסולי סלמי איטלקי 120 גר`,תנובה ענף ב.ע.ד,,,יח,1.20,יח,false,1,13.90,11.58,false,1,
369341,true,לאבנה אבו גוש,גבינות עמיר ניצן בעמ,,,ל 100 גרם,10,ל 100 גרם,true,1,45,4.50,false,1,
379616,true,לחם לבן,שלמה א.אנג ל בעמ,,,יח,7.50,ל 100 גרם,false,1,4.90,0.65,false,1,
379623,true,לחם אחיד 750,שלמה א.אנג ל בעמ,,,יח,7.50,ל 100 גרם,false,1,3.90,0.52,false,1,
379647,true,חלה אנג`ל מרובעת,שלמה א.אנג ל בעמ,,,יח,5,ל 100 גרם,false,1,6.70,1.34,false,1,
395408,true,גבינת נועם 28%.,החברה המרכזית טלהפצת משקאות בע,,,ל 100 גרם,10,ל 100 גרם,true,1,44.79,4.48,false,1,
395422,true,גבינה חריץ 22%,החברה המרכזית טלהפצת משקאות בע,,,"לק""ג",10,ל 100 גרם,true,1,42.58,4.26,false,1,
430102,true,אייס קוביות קרח.,אייס קיובס בעמ,,,יח,1,יח,false,1,8.90,8.90,false,1,
446745,true,חמאת שקדים 350ג BD,בטר אנד דיפרנט בעמ,,,יח,1,,false,1,38.90,38.90,false,1,
462141,true,הריסא זהבי 150,שטראוס גרופ בעמ (ח),,,יח,1,,false,1,8.90,8.90,false,1,
472542,true,"עמק חריץ (28% פ) בד""ץ",תנובה -חלב,,,"לק""ג",10,ל 100 גרם,true,1,44.79,4.48,false,1,
481029,true,10 פיתות דגנית עין בר,דגנית עין בר תעשיות,,,יח,5,ל 100 גרם,false,1,10.90,2.18,false,1,
481531,true,10 לחמניות אצבע חיטה מלא,דגנית עין בר תעשיות,,,יח,5,ל 100 גרם,false,1,12.90,2.58,false,1,
481883,true,10 לחמניות אצבע,דגנית עין בר תעשיות,,,יח,5,ל 100 גרם,false,1,12.90,2.58,false,1,
509910,true,פיתה רגיל,גיא שיווק טוב,,,יח,1,,false,1,1.60,1.60,false,1,
515106,true,"סולת ב""ש 1 ק""ג *",טחנות קמח שטיבל בש בעמ,,,יח,10,ל 100 גרם,false,1,5.50,0.55,true,1,
523804,true,"מלח ים עדין 1 ק""ג צנצנת סוגת*",סוגת תעשיות בעמ,,,יח,10,ל 100 גרם,false,1,7.90,0.79,false,1,
536743,true,קריספי סטיקס תירס זוגלובק 500 גרם,זוגלובק שיווק בעמ,,,יח,5,ל 100 גרם,false,1,19.90,3.98,true,1,
553504,true,סטייק עיין חלק קפוא.,נטו מילנדה סחר בעמ*,,,"לק""ג",10,ל 100 גרם,true,1,64.90,6.49,true,1,
554471,true,מוצרלה נקניק טבעי,מחלבות גד שיווק 1992 בעמ,,,יח,1,,false,1,17.30,17.30,false,1,
554532,true,צפתית עם מי מלח,מחלבות גד שיווק 1992 בעמ,,,יח,1,,false,1,13.90,13.90,false,1,
555501,true,חיוב בקבוק בירה חוזר,טמפו משקאות בעמ,,,יח,1,,false,1,1.20,1.20,false,1,
555502,true,חיוב פיקדון פלסטיק או פחית,שונים,,,יח,1,,false,1,0.30,0.30,false,1,
555503,true,פיקדון שש בק ק,שונים,,,יח,1,,false,1,1.80,1.80,false,1,
555504,true,פיקדון רבעיה,שונים,,,יח,1,,false,1,1.20,1.20,false,1,
559907,true,פיצה משפחתית 100% גבינה 550 גרם מעדנות,תנובה ענף ב.ע.ד,,,ל 100 גרם,5,ל 100 גרם,false,1,19.90,3.98,false,1,
559914,true,פיצה משפחתית זיתים 550 גרם מעדנות,תנובה ענף ב.ע.ד,,,ל 100 גרם,5.50,ל 100 גרם,false,1,19.90,3.62,false,1,
574028,true,לחם שחור מועשר +750,דגנית עין בר תעשיות,,,יח,7.50,ל 100 גרם,false,1,7.90,1.05,false,1,
574035,true,אחיד פרוס עין בר 750,דגנית עין בר תעשיות,,,יח,7.50,ל 100 גרם,false,1,5.90,0.79,false,1,
574141,true,לחם חיטה מלאה 750 גר ק,דגנית עין בר תעשיות,,,יח,7.50,ל 100 גרם,false,1,13.90,1.85,false,1,
574172,true,"קל מחיטה מלאה דגנית,",דגנית עין בר תעשיות,,,יח,1,,false,1,14.90,14.90,false,1,
574455,true,לחם חיטה מלאה+כוסמין,דגנית עין בר תעשיות,,,יח,7.50,ל 100 גרם,false,1,14.90,1.99,false,1,
631424,true,פרגיות עוף טרי,נטו מילנדה סחר בעמ*,,,"לק""ג",1,,true,1,69.90,69.90,true,1,
644783,true,מנות סלמון ממותג-תנובה,תנובה ענף ב.ע.ד,,,"לק""ג",10,ל 100 גרם,true,1,84.90,8.49,false,1,
645434,true,מנות פילה סלמון בלי עור,ש.רוזנרס בעמ,,,"לק""ג",10,ל 100 גרם,true,1,99,9.90,false,1,
646114,true,כנף הודו עטרה,נטו מלינדה סחר בעמ,,,"לק""ג",10,ל 100 גרם,true,1,16.90,1.69,false,1,
659312,true,פילה סלומון תנובה,תנובה ענף ב.ע.ד,,,"לק""ג",10,ל 100 גרם,true,1,74.90,7.49,false,1,
666601,true,חיוב פיקדון פלסטיק 1.5,שונים,,,יח,1,,false,1,0.30,0.30,false,1,
666604,true,חיוב פיקדון פלסטיק 1.5 רבעיה,שונים,,,יח,1,,false,1,1.20,1.20,false,1,
666606,true,חיוב פיקדון פלסטיק 1.5 שישיה,שונים,,,יח,1,,false,1,1.80,1.80,false,1,
728418,true,דנבר סטייק עגלה טרי פרימיום,בקר תנובה -שותפות מוגבלת,,,"לק""ג",1,,true,1,110,110,false,1,
763371,true,גבינת שמנת נפוליאון 16% טבעי,תנובה -חלב,,,ל 100 גרם,10,ל 100 גרם,true,1,44.90,4.49,false,1,
913551,true,פסטרמה כפרית 400,תנובה ענף ב.ע.ד,,,יח,1,,false,1,22.90,22.90,false,1,
990148,true,Classic Golden Sugar 1kg jar - Sugat,סוגת תעשיות בעמ,,,יח,1,"לק""ג",false,1,10.90,10.90,false,1,
1123775,true,שווארמה פרגיות טיבון ויל,נטו מילנדה סחר בעמ*,,,יח,5,ל 100 גרם,false,1,26.90,5.38,false,1,
1124611,true,שומן כבש טיבון ויל 200 גרם,נטו מילנדה סחר בעמ*,,,יח,2,ל 100 גרם,false,1,22.90,11.45,false,1,
1209103,true,עוף טחון עטרה 500 גרם,נטו מלינדה סחר בעמ,,,יח,1,,false,1,11.90,11.90,false,1,
1209189,true,נקניקיות עוף חריפות עטרה 400 גרם,נטו מלינדה סחר בעמ,,,יח,5,ל 100 גרם,false,1,10.90,2.18,true,1,
1209431,true,פרגיות עוףעטרה טרי,נטו מלינדה סחר בעמ,,,"לק""ג",1,,true,1,69.90,69.90,false,1,
1209585,true,גרון עוף עטרה,נטו מלינדה סחר בעמ,,,"לק""ג",10,ל 100 גרם,true,1,7.90,0.79,false,1,
1209783,true,*סטייק מיושן עטרה/מחפוד,נטו מלינדה סחר בעמ,,,"לק""ג",1,,true,1,99,99,false,1,
1234711,true,גבינת חלומי,מחלבת פרי זה לי בעמ,,,ל 100 גרם,10,ל 100 גרם,true,1,65,6.50,false,1,
1326938,true,ספוג הפלא סנו סושי,החברה הדרומית לשיווק בעמ,,,יח,1,,false,1,10.90,10.90,false,1,
1552025,true,קוסקוס מוכן של אמא מטעמי פאר 800 גרם,מטעמי פאר,,,יח,8,ל 100 גרם,false,1,15.90,1.99,false,1,
1552049,true,קוסקוס מרוקאי סולטנה 800 גרם,מטעמי פאר,,,ל 100 גרם,8,ל 100 גרם,false,1,15.90,1.99,false,1,
1555501,true,בקבוק בירה ק(זיכוי),טמפו משקאות בעמ,,,יח,1,,false,1,1.20,1.20,false,1,
1555502,true,פלס או פחית ק(זיכוי ),שונים,,,יח,1,,false,1,0.30,0.30,false,1,
1555545,true,פלסטיק קלסברג טובורג גולדסטאר,החברה המרכזית להפצת משקאות בע,,,יח,1,,false,1,23.40,23.40,false,1,
1594155,true,"קוקה קולה 500 ח""פ",החברה המרכזית להפצת משקאות בע,,,יח,5,"ל 100 מ""ל",false,1,7.90,1.52,false,1,
1594230,true,קינלי סודה קלאסי 250,החברה המרכזית להפצת משקאות בע,,,יח,2.50,"ל 100 מ""ל",false,1,3.60,1.32,true,1,
1594377,true,פריגת תפוזים 500,החברה המרכזית להפצת משקאות בע,,,יח,5,"ל 100 מ""ל",false,1,7.90,1.52,true,1,
1594391,true,פריגת ענבים 500,החברה המרכזית להפצת משקאות בע,,,יח,5,"ל 100 מ""ל",false,1,7.90,1.52,true,1,
1594810,true,טורבוג מאלט 330 6,החברה המרכזית להפצת משקאות בע,,,יח,15,"ל 100 מ""ל",false,1,26.90,1.67,false,1,
1594858,true,טורבוג 6בק 330,החברה המרכזית להפצת משקאות בע,,,יח,15,"ל 100 מ""ל",false,1,34.90,2.21,true,1,
1594865,true,"קרלסברג שישייה 330 מ""ל",החברה המרכזית להפצת משקאות בע,,,יח,1.98,לליטר,false,1,34.90,16.72,true,1,
1619001,true,פפריקה מתוקה,נפטון מוצרי מזון 1990 בעמ,,,ל 100 גרם,10,ל 100 גרם,true,1,35,3.50,false,1,
1619003,true,חטיף סויה א.צ,קליית חממה א.י 2011 בעמ,,,ל 100 גרם,10,ל 100 גרם,true,1,89,8.90,false,1,
1619018,true,פפריקה חריפה,נפטון מוצרי מזון 1990 בעמ,,,"לק""ג",10,ל 100 גרם,true,1,33,3.30,false,1,
1619025,true,פפריקה גרוסה,נפטון מוצרי מזון 1990 בעמ,,,"לק""ג",10,ל 100 גרם,true,1,35,3.50,false,1,
1619032,true,מקלות קינמון,נפטון מוצרי מזון 1990 בעמ,,,"לק""ג",10,ל 100 גרם,true,1,59,5.90,false,1,
1619056,true,כמון טחון,נפטון מוצרי מזון 1990 בעמ,,,ל 100 גרם,10,ל 100 גרם,true,1,49,4.90,false,1,
1619070,true,כורכום טחון,נפטון מוצרי מזון 1990 בעמ,,,ל 100 גרם,10,ל 100 גרם,true,1,49,4.90,false,1,
1619094,true,אבקת שום,נפטון מוצרי מזון 1990 בעמ,,,"לק""ג",10,ל 100 גרם,true,1,69,6.90,false,1,
1619124,true,כוסברה טחון,נפטון מוצרי מזון 1990 בעמ,,,"לק""ג",10,ל 100 גרם,true,1,39,3.90,false,1,
1619148,true,פלפל אנגלי שלם,נפטון מוצרי מזון 1990 בעמ,,,"לק""ג",10,ל 100 גרם,true,1,69,6.90,false,1,
1619179,true,תבלין לעוף,נפטון מוצרי מזון 1990 בעמ,,,"לק""ג",10,ל 100 גרם,true,1,59,5.90,false,1,
1619186,true,תבלין/גריל לדגים,נפטון מוצרי מזון 1990 בעמ,,,"לק""ג",10,ל 100 גרם,true,1,59,5.90,false,1,
1619193,true,חוויג למרק/אפיה,נפטון מוצרי מזון 1990 בעמ,,,"לק""ג",10,ל 100 גרם,true,1,59,5.90,false,1,
1619216,true,זנגביל טחון/גרוס,נפטון מוצרי מזון 1990 בעמ,,,"לק""ג",10,ל 100 גרם,true,1,59,5.90,false,1,
1619223,true,מסלת דגים,נפטון מוצרי מזון 1990 בעמ,,,"לק""ג",10,ל 100 גרם,true,1,70,7,false,1,
1619247,true,שטה שלם,נפטון מוצרי מזון 1990 בעמ,,,"לק""ג",10,ל 100 גרם,true,1,45,4.50,false,1,
1619254,true,מלח לימון,נפטון מוצרי מזון 1990 בעמ,,,"לק""ג",10,ל 100 גרם,true,1,29,2.90,false,1,
1619261,true,פלפל לבן שלם/טחון,נפטון מוצרי מזון 1990 בעמ,,,"לק""ג",10,ל 100 גרם,true,1,119,11.90,false,1,
1619278,true,גרם מסלה,נפטון מוצרי מזון 1990 בעמ,,,"לק""ג",10,ל 100 גרם,true,1,70,7,false,1,
1619285,true,אגוז מוסקט טחון,נפטון מוצרי מזון 1990 בעמ,,,"לק""ג",10,ל 100 גרם,true,1,149,14.90,false,1,
1619292,true,מסלת בשר,נפטון מוצרי מזון 1990 בעמ,,,"לק""ג",10,ל 100 גרם,true,1,69,6.90,false,1,
1619308,true,פלפל שחור טחון,נפטון מוצרי מזון 1990 בעמ,,,"לק""ג",10,ל 100 גרם,true,1,69,6.90,false,1,
1619315,true,פלפל שחור גרוס,נפטון מוצרי מזון 1990 בעמ,,,"לק""ג",10,ל 100 גרם,true,1,69,6.90,false,1,
1619322,true,תבלין לקציצות,נפטון מוצרי מזון 1990 בעמ,,,"לק""ג",10,ל 100 גרם,true,1,69,6.90,false,1,
1619346,true,אורגנו,נפטון מוצרי מזון 1990 בעמ,,,"לק""ג",10,ל 100 גרם,true,1,59,5.90,false,1,
1619353,true,עלי דפנה,נפטון מוצרי מזון 1990 בעמ,,,"לק""ג",10,ל 100 גרם,true,1,69,6.90,false,1,
1619360,true,פטרוזליה עלים,נפטון מוצרי מזון 1990 בעמ,,,"לק""ג",10,ל 100 גרם,true,1,79,7.90,false,1,
1619414,true,בזיליקום,נפטון מוצרי מזון 1990 בעמ,,,"לק""ג",10,ל 100 גרם,true,1,69,6.90,false,1,
1619421,true,שום גבישי,נפטון מוצרי מזון 1990 בעמ,,,"לק""ג",10,ל 100 גרם,true,1,79,7.90,false,1,
1619452,true,בהרט,נפטון מוצרי מזון 1990 בעמ,,,"לק""ג",10,ל 100 גרם,true,1,69,6.90,false,1,
1619483,true,חילבה שלם,נפטון מוצרי מזון 1990 בעמ,,,"לק""ג",10,ל 100 גרם,true,1,25,2.50,false,1,
1619551,true,שמיר,נפטון מוצרי מזון 1990 בעמ,,,"לק""ג",10,ל 100 גרם,true,1,89,8.90,false,1,
1619599,true,תבלין על האש,נפטון מוצרי מזון 1990 בעמ,,,"לק""ג",10,ל 100 גרם,true,1,69,6.90,false,1,
1619605,true,תבלין לפיצה,נפטון מוצרי מזון 1990 בעמ,,,"לק""ג",10,ל 100 גרם,true,1,59,5.90,false,1,
1619667,true,זעתר ושומשום,נפטון מוצרי מזון 1990 בעמ,,,"לק""ג",10,ל 100 גרם,true,1,59,5.90,false,1,
1619681,true,תבלין לשוארמה,נפטון מוצרי מזון 1990 בעמ,,,"לק""ג",10,ל 100 גרם,true,1,69,6.90,false,1,
1619964,true,פרג,"א.מ.ס.ש ניהול והשקעות בע,מ",,,"לק""ג",10,ל 100 גרם,true,1,49,4.90,false,1,
1620021,true,קוסקוס בינוני,סיגמה גריינס אחזקות 2008 בעמ,,,"לק""ג",10,ל 100 גרם,true,1,11.90,1.19,false,1,
1620045,true,צימוק חום תפז*,"עדין בע""מ",,,"לק""ג",10,ל 100 גרם,true,1,25,2.50,false,1,
1620052,true,"צימוק לבן ג`מבו תפז 13.6 ק""ג*",שושן (פירות)יבשים בעמ,,,"לק""ג",10,ל 100 גרם,true,1,39,3.90,false,1,
1620069,true,משמש תפז*,שושן (פירות)יבשים בעמ,,,"לק""ג",10,ל 100 גרם,true,1,49,4.90,false,1,
1620090,true,תאנים תפז משקל*,שושן (פירות)יבשים בעמ,,,"לק""ג",10,ל 100 גרם,true,1,45,4.50,false,1,
1620113,true,בננה ציפס תפזורת,שושן (פירות)יבשים בעמ,,,"לק""ג",10,ל 100 גרם,true,1,29,2.90,false,1,
1620120,true,אגוזי מלך מקולף*,שושן (פירות)יבשים בעמ,,,ל 100 גרם,10,ל 100 גרם,true,1,55,5.50,false,1,
1620137,true,פקאן מקולף תפזורת*,שושן (פירות)יבשים בעמ,,,"לק""ג",10,ל 100 גרם,true,1,89,8.90,false,1,
1620144,true,שקד מקולף אמרקאי*,שושן (פירות)יבשים בעמ,,,"לק""ג",10,ל 100 גרם,true,1,79,7.90,false,1,
1620168,true,מיקס פירות אורגני,קליית חממה א.י 2011 בעמ,,,"לק""ג",10,ל 100 גרם,true,1,96,9.60,false,1,
1620199,true,בונדוק מקולף תפז*,"עדין בע""מ",,,"לק""ג",10,ל 100 גרם,true,1,85,8.50,false,1,
1620205,true,קשיו טבעי תפז*,יוסף לוי-עסקי מזון בעמ,,,"לק""ג",10,ל 100 גרם,true,1,75,7.50,false,1,
1620212,true,צנובר במשקל,"עדין בע""מ",,,"לק""ג",10,ל 100 גרם,true,1,189,18.90,false,1,
1620229,true,חמניות מקולף *,שקרצי בעמ,,,"לק""ג",10,ל 100 גרם,true,1,25,2.50,false,1,
1620236,true,פיסטוק מקולף תפז*,"עדין בע""מ",,,"לק""ג",10,ל 100 גרם,true,1,129,12.90,false,1,
1620243,true,שקד מולבן,"עדין בע""מ",,,"לק""ג",10,ל 100 גרם,true,1,79,7.90,false,1,
1620250,true,שומשום לבן ש.,סיגמה גריינס אחזקות 2008 בעמ,,,"לק""ג",10,ל 100 גרם,true,1,25,2.50,false,1,
1620304,true,שעועית אמרקאי ש.,א.ג.מ סחר מזון בעמ,,,"לק""ג",10,ל 100 גרם,true,1,17.90,1.79,false,1,
1620311,true,שעועית ארגנטינאית,סיגמה גריינס אחזקות 2008 בעמ,,,"לק""ג",10,ל 100 גרם,true,1,17.90,1.79,false,1,
1620335,true,שעועית לוביה,א.ג.מ סחר מזון בעמ,,,"לק""ג",10,ל 100 גרם,true,1,15.90,1.59,false,1,
1620373,true,חומוס ספרדי ש.,סיגמה גריינס אחזקות 2008 בעמ,,,"לק""ג",10,ל 100 גרם,true,1,19.90,1.99,false,1,
1620380,true,חיטה,א.ג.מ סחר מזון בעמ,,,ל 100 גרם,10,ל 100 גרם,true,1,7,0.70,false,1,
1620397,true,פול יבש גדול ש.,סיגמה גריינס אחזקות 2008 בעמ,,,"לק""ג",10,ל 100 גרם,true,1,16.90,1.69,false,1,
1620410,true,אפונה ירוקה חצאים,א.ג.מ סחר מזון בעמ,,,"לק""ג",10,ל 100 גרם,true,1,9.90,0.99,false,1,
1620465,true,תירס שבור ש.,א.ג.מ סחר מזון בעמ,,,"לק""ג",10,ל 100 גרם,true,1,8,0.80,false,1,
1620472,true,חמניה במלח קלוי,קליית חממה א.י 2011 בעמ,,,ל 100 גרם,10,ל 100 גרם,true,1,27,2.70,false,1,
1620489,true,תערובת לאורז מרקש.,נפטון מוצרי מזון 1990 בעמ,,,"לק""ג",10,ל 100 גרם,true,1,79,7.90,false,1,
1620502,true,גרעיני אבטיח קלוי,קליית חממה א.י 2011 בעמ,,,ל 100 גרם,10,ל 100 גרם,true,1,59,5.90,false,1,
1620519,true,גרעיני דלעת קלוי,קליית חממה א.י 2011 בעמ,,,"לק""ג",10,ל 100 גרם,true,1,49,4.90,false,1,
1620526,true,"קשיו ג`מבו (10 ק""ג)*",קליית חממה א.י 2011 בעמ,,,"לק""ג",10,ל 100 גרם,true,1,89,8.90,false,1,
1620533,true,שקד אמריקאי קלוי,קליית חממה א.י 2011 בעמ,,,"לק""ג",10,ל 100 גרם,true,1,89,8.90,false,1,
1620540,true,פיסטוק חלבי,קליית חממה א.י 2011 בעמ,,,"לק""ג",10,ל 100 גרם,true,1,89,8.90,false,1,
1620564,true,בוטנים ענק קלוי,קליית חממה א.י 2011 בעמ,,,"לק""ג",10,ל 100 גרם,true,1,39,3.90,false,1,
1620588,true,אלמנדוס,שקרצי בעמ,,,ל 100 גרם,10,ל 100 גרם,true,1,39,3.90,false,1,
1620595,true,פול ענק מטוגן,קליית חממה א.י 2011 בעמ,,,"לק""ג",10,ל 100 גרם,true,1,45,4.50,false,1,
1620618,true,רבונדוק קלוי,קליית חממה א.י 2011 בעמ,,,"לק""ג",10,ל 100 גרם,true,1,79,7.90,false,1,
1620649,true,פקאן מסוכר*,מדגן בעמ,,,"לק""ג",10,ל 100 גרם,true,1,90,9,false,1,
1620663,true,בוטנים מסוכרים,קליית חממה א.י 2011 בעמ,,,"לק""ג",10,ל 100 גרם,true,1,39,3.90,false,1,
1620717,true,תירס מטוגן.,סיגמה גריינס אחזקות 2008 בעמ,,,"לק""ג",10,ל 100 גרם,true,1,49,4.90,false,1,
1620724,true,בוטנים אמרקאי,שקרצי בעמ,,,"לק""ג",10,ל 100 גרם,true,1,30,3,false,1,
1620731,true,קבוקים,שקרצי בעמ,,,ל 100 גרם,10,ל 100 גרם,true,1,29.90,2.99,false,1,
1620748,true,מיקס תאילנדי,קליית חממה א.י 2011 בעמ,,,"לק""ג",10,ל 100 גרם,true,1,70,7,false,1,
1620762,true,בוטנים בקליפה קלוי,קליית חממה א.י 2011 בעמ,,,"לק""ג",10,ל 100 גרם,true,1,24,2.40,false,1,
1620779,true,שבבי בוטנים*,שקרצי בעמ,,,"לק""ג",10,ל 100 גרם,true,1,32,3.20,false,1,
1620793,true,פקאן בקליפה,קליית חממה א.י 2011 בעמ,,,"לק""ג",10,ל 100 גרם,true,1,89,8.90,false,1,
1620816,true,גרעיני דלעת מקולף*,"עדין בע""מ",,,"לק""ג",10,ל 100 גרם,true,1,50,5,false,1,
1620823,true,שעועית בובס ש.,סיגמה גריינס אחזקות 2008 בעמ,,,"לק""ג",10,ל 100 גרם,true,1,18.90,1.89,false,1,
1620854,true,תערובת טוסקנה,נפטון מוצרי מזון 1990 בעמ,,,"לק""ג",10,ל 100 גרם,true,1,79,7.90,false,1,
1620861,true,רביולי קלוי,קליית חממה א.י 2011 בעמ,,,"לק""ג",10,ל 100 גרם,true,1,69,6.90,false,1,
1620878,true,אפונה קלויה,קליית חממה א.י 2011 בעמ,,,"לק""ג",10,ל 100 גרם,true,1,40,4,false,1,
1620915,true,סוכריות תפז ש,אליאס וקסמן בע,,,"לק""ג",10,ל 100 גרם,true,1,19.90,1.99,false,1,
1621257,true,חטיפים מתוקים,טופ מתוק ו.ק בעמ,,,"לק""ג",10,ל 100 גרם,true,1,29,2.90,false,1,
1621288,true,שטה גרוס צ לי,נפטון מוצרי מזון 1990 בעמ,,,"לק""ג",10,ל 100 גרם,true,1,45,4.50,false,1,
1621301,true,כוסברה עלים,נפטון מוצרי מזון 1990 בעמ,,,"לק""ג",10,ל 100 גרם,true,1,99,9.90,false,1,
1621325,true,שומשום שחור.,א.ג.מ סחר מזון בעמ,,,"לק""ג",10,ל 100 גרם,true,1,49,4.90,false,1,
1621349,true,בוטנים מקולף טבעי חצוי,שקרצי בעמ,,,"לק""ג",10,ל 100 גרם,true,1,27,2.70,false,1,
1621370,true,מנצ ס קלוי,קליית חממה א.י 2011 בעמ,,,"לק""ג",10,ל 100 גרם,true,1,59,5.90,false,1,
1621424,true,קוואקר עבה,חממה מאיר סחר {1996} בעמ,,,"לק""ג",1,,true,1,8.90,8.90,false,1,
1621509,true,תפוז סיני מסוכר,שושן (פירות)יבשים בעמ,,,"לק""ג",10,ל 100 גרם,true,1,35,3.50,false,1,
1621615,true,פקאן מקולף קלוי,קליית חממה א.י 2011 בעמ,,,"לק""ג",10,"לק""ג",true,1,109,10.90,false,1,
1621677,true,אגוז ברזיל תפזורת *,"עדין בע""מ",,,"לק""ג",10,ל 100 גרם,true,1,89,8.90,false,1,
1621707,true,חמוציות ללא סוכר*,"עדין בע""מ",,,"לק""ג",10,ל 100 גרם,true,1,59,5.90,false,1,
1621738,true,קראנץ,שקרצי בעמ,,,"לק""ג",10,ל 100 גרם,true,1,45,4.50,false,1,
1621745,true,מיסי קראנץ,קליית חממה א.י 2011 בעמ,,,"לק""ג",10,ל 100 גרם,true,1,69,6.90,false,1,
1621752,true,פילדלפיה גריל אמרקאי,נפטון מוצרי מזון 1990 בעמ,,,"לק""ג",10,ל 100 גרם,true,1,59,5.90,false,1,
1621783,true,פול שבור ש.,סיגמה גריינס אחזקות 2008 בעמ,,,"לק""ג",10,ל 100 גרם,true,1,8,0.80,false,1,
1622018,true,סוכריות גומי משקל,אליאס וקסמן בע,,,ל 100 גרם,10,ל 100 גרם,true,1,35.90,3.59,false,1,
1622032,true,סוכריות גומי במשקל,טופ סוויט בעמ,,,"לק""ג",10,ל 100 גרם,true,1,36,3.60,false,1,
1622155,true,ריזוטו קלוי,קליית חממה א.י 2011 בעמ,,,"לק""ג",10,ל 100 גרם,true,1,69,6.90,false,1,
1622186,true,"שוקולדים מובחרים בד""ץ",ק.א שוקולד בעמ,,,"לק""ג",10,ל 100 גרם,true,1,69,6.90,false,1,
1622223,true,תבלין לחמין,נפטון מוצרי מזון 1990 בעמ,,,"לק""ג",10,ל 100 גרם,true,1,59,5.90,false,1,
1622300,true,פלפל חריף אדום יבש,עמוס אזרד,,,"לק""ג",10,ל 100 גרם,true,1,36,3.60,false,1,
1622301,true,בוטנים טבעי,שונים,,,"לק""ג",10,ל 100 גרם,true,1,27,2.70,false,1,
1622303,true,חמניה עפולה,קליית חממה א.י 2011 בעמ,,,ל 100 גרם,10,ל 100 גרם,true,1,27,2.70,false,1,
1622305,true,פיסטוק קטן,קליית חממה א.י 2011 בעמ,,,"לק""ג",10,ל 100 גרם,true,1,89,8.90,false,1,
1622307,true,פקאן פררו,קליית חממה א.י 2011 בעמ,,,"לק""ג",10,ל 100 גרם,true,1,90,9,false,1,
1622308,true,בצל מטוגן,נפטון מוצרי מזון 1990 בעמ,,,"לק""ג",10,ל 100 גרם,true,1,79,7.90,false,1,
1622309,true,פקאן חלבה,קליית חממה א.י 2011 בעמ,,,"לק""ג",10,ל 100 גרם,true,1,90,9,false,1,
1622318,true,פלפל אנגלי טחון,נפטון מוצרי מזון 1990 בעמ,,,"לק""ג",10,ל 100 גרם,true,1,69,6.90,false,1,
1622346,true,מלח ים אטלנטי,נפטון מוצרי מזון 1990 בעמ,,,"לק""ג",10,ל 100 גרם,true,1,59,5.90,false,1,
1622353,true,זנגביל מסוכר תפז*,שושן (פירות)יבשים בעמ,,,"לק""ג",10,ל 100 גרם,true,1,49,4.90,false,1,
1622360,true,מקדמיה טבעי,א.ג.מ סחר מזון בעמ,,,"לק""ג",10,ל 100 גרם,true,1,129,12.90,false,1,
1622513,true,צילי מתוק,נפטון מוצרי מזון 1990 בעמ,,,"לק""ג",10,ל 100 גרם,true,1,49,4.90,false,1,
1622605,true,זרעי צי`ה,א.ג.מ סחר מזון בעמ,,,"לק""ג",10,ל 100 גרם,true,1,39,3.90,false,1,
1622629,true,חמוציות תפז משקל*,שושן (פירות)יבשים בעמ,,,ל 100 גרם,10,ל 100 גרם,true,1,35,3.50,false,1,
1622742,true,תערובת ירוקה לסלט,נפטון מוצרי מזון 1990 בעמ,,,"לק""ג",10,ל 100 גרם,true,1,79,7.90,false,1,
1622759,true,מקדמיה תפז,קליית חממה א.י 2011 בעמ,,,"לק""ג",10,ל 100 גרם,true,1,169,16.90,false,1,
1622834,true,פקאן בקליפה ש*.,א.ג.מ סחר מזון בעמ,,,"לק""ג",10,ל 100 גרם,true,1,49,4.90,false,1,
1622865,true,תיבולים לשניצל,נפטון מוצרי מזון 1990 בעמ,,,"לק""ג",10,ל 100 גרם,true,1,19,1.90,false,1,
1622889,true,פלפל מתוק אדום יבש,עמוס אזרד,,,"לק""ג",10,ל 100 גרם,true,1,36,3.60,false,1,
1622896,true,אגוז מלך בקליפה*,שושן (פירות)יבשים בעמ,,,ל 100 גרם,10,ל 100 גרם,true,1,29,2.90,false,1,
1622940,true,שקד בקליפה תפזורת במשקל*,שושן (פירות)יבשים בעמ,,,ל 100 גרם,10,ל 100 גרם,true,1,49,4.90,false,1,
1622957,true,תמר דקל נור תפז*.,שושן (פירות)יבשים בעמ,,,"לק""ג",10,ל 100 גרם,true,1,23.90,2.39,false,1,
1622971,true,תמר מג`הול תפז*,שושן (פירות)יבשים בעמ,,,"לק""ג",10,ל 100 גרם,true,1,39.90,3.99,false,1,
1622995,true,שזיף תפז בלי חרצן*,שושן (פירות)יבשים בעמ,,,ל 100 גרם,10,ל 100 גרם,true,1,45,4.50,false,1,
1723333,true,מוצץ סיליקון אורטו,אינטרסן )1996(בעמ,,,יח,1,,false,1,19.90,19.90,false,1,
1723357,true,מוצץ סיליקון אורט,אינטרסן )1996(בעמ,,,יח,1,,false,1,19.90,19.90,false,1,
1723364,true,מוצץ סיליקון אורט,אינטרסן )1996(בעמ,,,יח,1,,false,1,19.90,19.90,false,1,
1723494,true,פיטמה סיליקון רחבה זוג,אינטרסן )1996(בעמ,,,יח,1,,false,1,14.90,14.90,false,1,
1849354,true,נקניקיות מרגז חריפות,חוג הבשרים של קורקבדוס בעמ,,,"לק""ג",0,"לק""ג",true,1,64.90,64.90,false,1,
1859483,true,שוארמה טרי מחפוד עטרה,עוף ירושלים שיווק בעמ,,,"לק""ג",1,,true,1,74.90,74.90,false,1,
1859803,true,שוק הודו טרי מחפוד,עוף עוז שיווק בעמ,,,"לק""ג",1,,true,1,31.90,31.90,false,1,
1893012,true,דג סלמון נתחים ואקום מאסטר פוד,מאסטרפוד בעמ,,,"לק""ג",10,ל 100 גרם,true,1,79.90,7.99,false,1,
2008156,true,עטרות לעוגה מס 5 הנמל*,הנמל אריזות ושווק בעמ,,,יח,1,,false,1,5.90,5.90,false,1,
2015154,true,Cucumbers in brine 7-9 a2 20%+,קבוצת יבנה מוצרי מזון,,,יח,5.60,ל 100 גרם,false,1,5.90,1.05,false,1,
2015321,true,green olives 15-17 a2,קבוצת יבנה מוצרי מזון,,,יח,5.60,ל 100 גרם,false,1,6.50,1.16,false,1,
2077268,true,מיני קציצות דג לבישול דלידג,נטו מילנדה סחר בעמ*,,,יח,5,ל 100 גרם,false,1,21.90,4.38,false,1,
2077725,true,סלמון נוררוגי מצונן 100 גר`,נטו מילנדה סחר בעמ*,,,יח,1,ל 100 גרם,false,1,19.90,19.90,false,1,
2105183,true,מס `5מחפוד לא מעובד ק,עוף ירושלים שיווק בעמ,,,"לק""ג",10,ל 100 גרם,true,1,99.90,9.99,false,1,
2105220,true,בשר מס`8 מחפוד קפוא,עוף ירושלים שיווק בעמ,,,"לק""ג",10,ל 100 גרם,true,1,54.90,5.49,false,1,
2105312,true,בשר מס` 8 K מחפוד,עוף ירושלים שיווק בעמ,,,"לק""ג",10,ל 100 גרם,true,1,54.90,5.49,false,1,
2105442,true,בשר ראש בקר מחפוד,עוף ירושלים שיווק בעמ,,,"לק""ג",10,ל 100 גרם,true,1,99.90,9.99,false,1,
2105503,true,המבורגר מזרחי מחפוד 500 גרם,עוף ירושלים שיווק בעמ,,,יח,5,"ל 100 מ""ל",false,1,18.90,3.78,true,1,
2105510,true,קבב מזרחי 500 מחפוד,עוף ירושלים שיווק בעמ,,,יח,5,"ל 100 מ""ל",false,1,18.90,3.78,true,1,
2105527,true,גולש עגל 800 מחפוד,עוף ירושלים שיווק בעמ,,,יח,8,ל 100 גרם,false,1,44.90,5.61,true,1,
2105565,true,טחון הודו 500 מחפוד,עוף ירושלים שיווק בעמ,,,יח,5,ל 100 גרם,false,1,12.90,2.58,true,1,
2105671,true,טחון עוף 500 גר`,עוף ירושלים שיווק בעמ,,,יח,5,ל 100 גרם,false,1,12.90,2.58,false,1,
2105756,true,"טחון בקר 1 ק""ג מחפוד",עוף ירושלים שיווק בעמ,,,יח,10,ל 100 גרם,false,1,34.90,3.49,false,1,
2107101,true,ברינזה מעודנת,החברה המרכזית טלהפצת משקאות בע,,,"לק""ג",1,,true,1,57.90,57.90,false,1,
2109426,true,"גבינה טעם טוב פיקנטי עד""ח",נטו מילנדה סחר בעמ*,,,יח,1.20,ל 100 גרם,false,1,12.90,10.75,false,1,
2129417,true,"קציצות דג מהדרין 1 ק""ג",נטו מילנדה סחר בעמ*,,,יח,10,"ל 100 מ""ל",false,1,25.90,2.59,false,1,
2129479,true,פיצה איטלקית דקה שלושת האופים 320 גרם,נטו מילנדה סחר בעמ*,,,יח,3.20,ל 100 גרם,false,1,13.90,4.34,true,1,
2129486,true,פיצה איטלקית דקה שלושת האופים,נטו מילנדה סחר בעמ*,,,יח,3.40,ל 100 גרם,false,1,14.90,4.38,true,1,
2225386,true,גרון הודו ארוז קפוא מחפוד,עוף ירושלים שיווק בעמ,,,"לק""ג",10,ל 100 גרם,true,1,33.90,3.39,false,1,
2225959,true,שוארמה הודו טרי ארוז מחפוד.,עוף ירושלים שיווק בעמ,,,"לק""ג",1,,true,1,74.90,74.90,false,1,
2239185,true,800 Pea expired - Pry Galilee,ויטה-פרי גליל (החדשה) בעמ,,,יח,8,ל 100 גרם,false,1,9.90,1.24,false,1,
2239215,true,Peas and carrots 800 expired - Pry Galil,ויטה-פרי גליל (החדשה) בעמ,,,יח,5,ל 100 גרם,false,1,9.90,1.98,false,1,
2239277,true,C .gmdi 800 expired - Pry Galilee,ויטה-פרי גליל (החדשה) בעמ,,,יח,8,ל 100 גרם,false,1,8.90,1.11,false,1,
2239307,true,800 Yellow hours expired - Pry Galilee,ויטה-פרי גליל (החדשה) בעמ,,,יח,8,ל 100 גרם,false,1,9.90,1.24,false,1,
2239369,true,Complete 800 hours expired - Pry Galilee,ויטה-פרי גליל (החדשה) בעמ,,,יח,8,ל 100 גרם,false,1,9.90,1.24,false,1,
2239420,true,Corn 800 expired - Pry Galilee,ויטה-פרי גליל (החדשה) בעמ,,,יח,8,ל 100 גרם,false,1,9.90,1.24,false,1,
2247118,true,פרגיות עוף טרי,שונים,,,"לק""ג",1,,true,1,69.90,69.90,true,1,
2253006,true,שום כתוש טרי*דורות,קבוצת אוסם סחר שותפות מוגבלת,,,יח,2,ל 100 גרם,false,1,15.90,7.95,false,1,
2255048,true,קובה למרק אלקיים,חטיפי אלקיים בעמ,,,יח,8,ל 100 גרם,false,1,28.90,3.61,false,1,
2255055,true,פלאפל אלקיים,חטיפי אלקיים בעמ,,,יח,8,ל 100 גרם,false,1,12.90,1.61,false,1,
2255215,true,עלים לסיגרים 500,חטיפי אלקיים בעמ,,,יח,5,ל 100 גרם,false,1,10.90,2.18,false,1,
2278528,true,כרית שבת כלין 2 יח*,פלסטו פוליש (ברקן)בעמ,,,יח,2,יח,false,1,7.90,3.95,true,1,
2292142,true,קבב אנגוס 700 גר`עטרה,נטו מלינדה סחר בעמ,,,יח,7,ל 100 גרם,false,1,35.90,5.13,false,1,
2292166,true,קבבוני טלה 700 גר`עטרה,נטו מלינדה סחר בעמ,,,יח,7,ל 100 גרם,false,1,35.90,5.13,false,1,
2298427,true,שריר מס` 8 קפוא מחפוד,עוף ירושלים שיווק בעמ,,,"לק""ג",1,"לק""ג",true,1,54.90,54.90,false,1,
2298946,true,זנב עם עצם,עוף ירושלים שיווק בעמ,,,"לק""ג",10,ל 100 גרם,true,1,59.90,5.99,false,1,
2316084,true,דינמו *4,אחים וייס י.ש.י.ייצור ושווק בע,,,יח,1,,false,1,12.90,12.90,false,1,
2316251,true,קריסטל *4ברך שקו,אחים וייס י.ש.י.ייצור ושווק בע,,,יח,1,,false,1,14.90,14.90,false,1,
2316916,true,קליפסו לונג ירכו,אחים וייס י.ש.י.ייצור ושווק בע,,,יח,1,,false,1,26.90,26.90,false,1,
2327028,true,ג חנון תמני 650 גרם שלושת האופים.,נטו מילנדה סחר בעמ*,,,יח,6.50,ל 100 גרם,false,1,18.90,2.91,true,1,
2327042,true,"בורקס תפו""א 800 גרם שלושת האופים",נטו מילנדה סחר בעמ*,,,יח,8,ל 100 גרם,false,1,17.90,2.24,true,1,
2327059,true,"בצק עלים מרודד 1 ק""ג שלושת האופים",נטו מילנדה סחר בעמ*,,,יח,10,"לק""ג",false,1,18.90,1.89,true,1,
2327066,true,קונכיות בצק שלושת האופים 625 גרם,נטו מילנדה סחר בעמ*,,,יח,5,ל 100 גרם,false,1,19.90,3.98,true,1,
2327073,true,בורקס גבינה שלושת האופים 800 גרם,נטו מילנדה סחר בעמ*,,,יח,8,ל 100 גרם,false,1,19.90,2.49,true,1,
2327912,true,קוקטיל גבינה 800,נטו מילנדה סחר בעמ*,,,יח,7,ל 100 גרם,false,1,21.90,3.13,true,1,
2331018,true,מים קטן כללי,החברה המרכזית להפצת משקאות בע,,,יח,5,"ל 100 מ""ל",false,1,4.90,0.92,false,1,
2331360,true,נביעות 6טריק 500,החברה המרכזית להפצת משקאות בע,,,יח,30,"ל 100 מ""ל",false,1,13.90,0.40,true,1,
2371854,true,"נקנקיות חריפות 1 ק""ג",תנובה ענף ב.ע.ד,,,יח,1,"לק""ג",false,1,24.90,24.90,false,1,
2385066,true,בולגרית 5% קוביות,מחלבות גד שיווק 1992 בעמ,,,ל 100 גרם,10,ל 100 גרם,true,1,54.90,5.49,false,1,
2385127,true,לאבנה שמן זית א.ח נוכרי,מחלבות גד שיווק 1992 בעמ,,,ל 100 גרם,1.50,ל 100 גרם,true,1,41.90,27.93,false,1,
2385462,true,צפתית פרח במים 5% מהדרין,מחלבות גד (חסום),,,"לק""ג",10,ל 100 גרם,true,1,61,6.10,false,1,
2385493,true,שמנת זיתים 30% מהדרין,מחלבות גד שיווק 1992 בעמ,,,"לק""ג",10,ל 100 גרם,true,1,43.90,4.39,false,1,
2402060,true,"נקנקיות קראנץ 1 ק""ג מחפוד",עוף ירושלים שיווק בעמ,,,יח,10,ל 100 גרם,false,1,26.90,2.69,false,1,
2402855,true,"נקנקיות קוקטיל ""עוף ירושלים"" 400 גרם",עוף ירושלים שיווק בעמ,,,יח,4,ל 100 גרם,false,1,11.90,2.98,true,1,
2409014,true,גחנון אפוי ציפור השרון 600 גרם,שיווק מזון רדמי אבישי,,,יח,6,ל 100 גרם,false,1,17.90,2.98,false,1,
2409045,true,"בורקס תפו""א ציפור השרון 800 גרם",שיווק מזון רדמי אבישי,,,יח,8,ל 100 גרם,false,1,15.90,1.99,false,1,
2409076,true,גחנון בצק ציפור השרון 800 גרם,שיווק מזון רדמי אבישי,,,יח,8,ל 100 גרם,false,1,14.90,1.86,false,1,
2409175,true,"בצק עלים צרפתי מרודד 1 ק""ג ציפור השרון",שיווק מזון רדמי אבישי,,,יח,1,"לק""ג",false,1,14.50,14.50,false,1,
2409274,true,מלווח ציפור השרו,שיווק מזון רדמי אבישי,,,יח,7.50,ל 100 גרם,false,1,14.90,1.99,false,1,
2409281,true,זיוה סבבה ציפור השרון 750 גרם,שיווק מזון רדמי אבישי,,,יח,7.50,ל 100 גרם,false,1,18.90,2.52,false,1,
2409304,true,נקניקיות בבצק,שיווק מזון רדמי אבישי,,,יח,6,ל 100 גרם,false,1,20.90,3.48,false,1,
2439226,true,רולדת ריבת חלב,נטו מילנדה סחר בעמ*,,,יח,4.50,ל 100 גרם,false,1,34.90,7.76,false,1,
2507451,true,ק. דג סלמון לבישול 750 דלידג,נטו מילנדה סחר בעמ*,,,יח,7.50,ל 100 גרם,false,1,28.90,3.85,false,1,
2507604,true,פיצה השף מאיטליה השף שגב 320 גרם,נטו מילנדה סחר בעמ*,,,יח,3.20,ל 100 גרם,false,1,16.90,5.28,true,1,
2511236,true,גבינת בולגרית חלקה,מחלבת המושבה בעמ,,,ל 100 גרם,10,ל 100 גרם,true,1,44.90,4.49,true,1,
2511250,true,גבינת שמנת שום שמיר 30%,מחלבת המושבה בעמ,,,ל 100 גרם,10,ל 100 גרם,true,1,39.90,3.99,true,1,
2511496,true,גבינת בולגרית קוביות% /5,מחלבת המושבה בעמ,,,ל 100 גרם,10,ל 100 גרם,true,1,49.90,4.99,false,1,
2511571,true,מוצרלה בלוק,מחלבת המושבה בעמ,,,ל 100 גרם,10,ל 100 גרם,true,1,69.90,6.99,false,1,
2567240,true,נתח קצבים,חוג הבשרים של קורקבדוס בעמ,,,"לק""ג",1,,true,1,109,109,false,1,
2579496,true,7day memorial candle,חביב את פרנק בעמ (לוגיסטי ),,,יח,1,יח,false,1,4.50,4.50,false,1,
2579533,true,.קיסמי אוזניים מעץ 80יח חביב*,חביב את פרנק בעמ (לוגיסטי ),,,יח,1,,false,1,1.50,1.50,false,1,
2579731,true,7day memorial candle,חביב את פרנק בעמ (לוגיסטי ),,,יח,1,יח,false,1,9.90,9.90,true,1,
2657408,true,טונה פוסידון בשמן 960ג,נטו מילנדה סחר בעמ*,,,יח,9.60,ל 100 גרם,false,1,29.90,3.11,false,1,
2692782,true,תרסיס שמן זית מופחת קלוריות*,סוגת תעשיות בעמ,,,יח,2,ל 100 גרם,false,12,15.90,7.95,true,1,
2732693,true,טרופית בודד עם פקק,שונים,,,יח,1,,false,1,1.50,1.50,false,1,
2757139,true,מלווח שלושת האופים 700 גרם,נטו מילנדה סחר בעמ*,,,יח,7,"ל 100 מ""ל",false,1,14.90,2.13,true,1,
2757511,true,ק. דג לבישול 750 ק דלידג,נטו מילנדה סחר בעמ*,,,ל 100 גרם,7.50,ל 100 גרם,false,1,30.90,4.12,false,1,
2757665,true,קבב מזרחי 400 גרם הסידרה האדומה,נטו מילנדה סחר בעמ*,,,יח,4,ל 100 גרם,false,1,11.90,2.98,false,1,
2757733,true,"ג`חנון תימני 650 גרם""מהדרין קהילות""",נטו מילנדה סחר בעמ*,,,יח,6.50,ל 100 גרם,false,1,11.90,1.83,false,1,
2757740,true,"בורקס תפו""א 700 ג`"" מהדרין קהילות""",נטו מילנדה סחר בעמ*,,,יח,10,ל 100 גרם,false,1,13.90,1.39,false,1,
2757757,true,"מלווח 700 גר`""מהדרין קהילות""",נטו מילנדה סחר בעמ*,,,יח,7,ל 100 גרם,false,1,12.90,1.84,false,1,
2775768,true,עוגת טורט קצפת שוקולד ריצ`,נטו מילנדה סחר בעמ*,,,יח,10,ל 100 גרם,false,1,59.90,5.99,false,1,
2775775,true,עוגת טורט ריבת חלב עם קוקוס ריצ`,נטו מילנדה סחר בעמ*,,,יח,10,ל 100 גרם,false,1,59.90,5.99,false,1,
2775805,true,עוגת מוס גבינה פירורים ריצ,נטו מילנדה סחר בעמ*,,,יח,8.50,ל 100 גרם,false,1,59.90,7.05,false,1,
2775898,true,עוגת מוס בלגי ריצ,נטו מילנדה סחר בעמ*,,,יח,8.50,ל 100 גרם,false,1,59.90,7.05,false,1,
2787884,true,"מקלות בורקס פילו תפו""א",נטו מילנדה סחר בעמ*,,,יח,6.50,ל 100 גרם,false,1,19.90,3.06,true,1,
2814870,true,"מסיר שומנים לבנדר מתז 750 מ""ל מוריץ*",קומפלקס בעמ,,,יח,1,,false,1,12.90,12.90,false,1,
2827306,true,נקנקיות עוף עוף ירושלים 400 גרם,עוף ירושלים שיווק בעמ,,,יח,4,ל 100 גרם,false,1,11.90,2.98,true,1,
2827320,true,נקנקיות מרגז 400 מחפוד,עוף ירושלים שיווק בעמ,,,יח,4,ל 100 גרם,false,1,24.90,6.23,false,1,
2827337,true,"נקנקיות עוף פיקנטי ""עוף ירושלים"" 400 גרם",עוף ירושלים שיווק בעמ,,,יח,4,ל 100 גרם,false,1,11.90,2.98,true,1,
2830184,true,פילה לברק נטו,נטו מילנדה סחר בעמ*,,,"לק""ג",10,ל 100 גרם,true,1,59.90,5.99,false,1,
2871361,true,בירה קרלסברג 500,החברה המרכזית להפצת משקאות בע,,,יח,5,"ל 100 מ""ל",false,1,7.30,1.22,false,1,
2909880,true,פולי סויה אדממה בלדי 400 גרם,בלדי בעמ,,,יח,4,ל 100 גרם,false,1,7.90,1.98,false,1,
2922865,true,קבב מזרחי טאק טורו{בית יוסף} 500 גרם,נטו מלינדה סחר בעמ,,,יח,5,ל 100 גרם,false,1,15.90,3.18,false,1,
2922872,true,"טאק בורגר""טאק טורו""בית יוסף 500 גרם",נטו מלינדה סחר בעמ,,,יח,5,ל 100 גרם,false,1,15.90,3.18,false,1,
2929512,true,כדורי פלאפל 500 גרם,נטו מילנדה סחר בעמ*,,,יח,6,ל 100 גרם,false,1,12.90,2.15,false,1,
2929536,true,קובה למרק 600 גר`,נטו מילנדה סחר בעמ*,,,יח,6,ל 100 גרם,false,1,12.90,2.15,false,1,
2929642,true,טונה ויליגר 4 יח`140ג,נטו מילנדה סחר בעמ*,,,יח,4,למארז,false,1,19.90,4.98,false,1,
2939498,true,בשר מס 8 עטרה קפוא,נטו מלינדה סחר בעמ,,,"לק""ג",10,ל 100 גרם,true,1,49.90,4.99,false,1,
2939511,true,רגל בקר פרוס עטרה,נטו מלינדה סחר בעמ,,,"לק""ג",10,ל 100 גרם,true,1,34.90,3.49,false,1,
2939528,true,גידי בקר עטרה,נטו מלינדה סחר בעמ,,,"לק""ג",10,ל 100 גרם,true,1,69.90,6.99,false,1,
2939535,true,בשר ראש עטרה,נטו מלינדה סחר בעמ,,,"לק""ג",10,ל 100 גרם,true,1,74.90,7.49,false,1,
2971191,true,"קמח חיטה שפם 1ק""ג *",טחנות קמח שטיבל בש בעמ,,,יח,10,ל 100 גרם,false,1,3.90,0.39,true,1,
2974314,true,"קמח פיצה ללא צורך בניפוי 1 ק""ג*",טחנות קמח שטיבל בש בעמ,,,יח,10,"לק""ג",false,1,8.90,0.89,false,1,
3006021,true,סלט קוביות מעדן פטה,גבינות עמיר ניצן בעמ,,,ל 100 גרם,10,ל 100 גרם,true,1,70,7,false,1,
3029617,true,שמנת מנה אישית,שטראוס גרופ בעמ (ח),,,יח,1,ל 100 גרם,false,1,1.90,1.90,false,1,
3031702,true,"נקניק הודו 1 ק""ג הרב מחפו",תנובה ענף ב.ע.ד,,,יח,1,"לק""ג",false,1,25.90,25.90,false,1,
3031788,true,פסטרמה +סלמי 800,תנובה ענף ב.ע.ד,,,יח,8,יח,false,1,28.90,3.61,false,1,
3069590,true,דג סול דלידג,נטו מילנדה סחר בעמ*,,,יח,10,ל 100 גרם,false,1,34.90,3.49,false,1,
3069682,true,בצק פיאלס 500 גרם שלושת האופים,נטו מילנדה סחר בעמ*,,,יח,5,ל 100 גרם,false,1,18.90,3.78,true,1,
3069705,true,פיצה אישית גבינה דק בודד שלושת האופים,נטו מילנדה סחר בעמ*,,,יח,1,,false,1,2.80,2.80,true,1,
3072521,true,פסטרמה כתף בקר מעושנת,תנובה ענף ב.ע.ד,,,ל 100 גרם,3,ל 100 גרם,false,1,29.90,9.97,false,1,
3102280,true,צימרוני שסתום לתינוק,אינטרסן )1996(בעמ,,,יח,1,,false,1,3.50,3.50,false,1,
3102587,true,מברשת לבקבוק,אינטרסן )1996(בעמ,,,יח,1,,false,1,5.90,5.90,false,1,
3189045,true,גבינה הולנדית א.ח נוכרי,גבינות הכפר בעמ,,,ל 100 גרם,10,ל 100 גרם,true,1,32.90,3.29,false,1,
3189274,true,גבינה מעושנת א.ח נוכרי,גבינות הכפר בעמ,,,ל 100 גרם,10,ל 100 גרם,true,1,32,3.20,false,1,
3229109,true,פסטרמה בפפריקה,תנובה ענף ב.ע.ד,,,יח,4,ל 100 גרם,false,1,26.90,6.73,false,1,
3229123,true,פסטרמה גחלים,תנובה ענף ב.ע.ד,,,יח,4,ל 100 גרם,false,1,26.90,6.73,false,1,
3229154,true,סלמי קוניאק,תנובה ענף ב.ע.ד,,,יח,3,ל 100 גרם,false,1,25.90,8.63,false,1,
3229192,true,כתף בקר מעושן 00,תנובה ענף ב.ע.ד,,,יח,4,ל 100 גרם,false,1,29.90,7.48,false,1,
3268252,true,לחם חיטה מלא ללא גרעינים,דגנית עין בר תעשיות,,,יח,7.50,ל 100 גרם,false,1,13.90,1.85,false,1,
3268429,true,לחם קמח מלא פרוס,דגנית עין בר תעשיות,,,יח,5,ל 100 גרם,false,1,13.90,2.78,false,1,
3268740,true,לחם אחיד דגנית בר 750 שלם,דגנית עין בר תעשיות,,,יח,7.50,ל 100 גרם,false,1,3.90,0.52,false,1,
3268764,true,חלה רגילה 500 עין בר,דגנית עין בר תעשיות,,,יח,5,ל 100 גרם,false,1,4.90,0.98,false,1,
3287321,true,פילה מדומה מס`6,בלדי בעמ,,,"לק""ג",10,ל 100 גרם,true,1,39.90,3.99,false,1,
3397136,true,בדית,כ. כיפות כהן,,,יח,1,,false,1,6.30,6.30,false,1,
3457861,true,סולרו פירות טרו,"גלידת שטראוס בע""מ",,,יח,1,,false,1,8.90,8.90,true,1,
3514007,true,שקדי מרק מנה 400 גרם,ש.שסטוביץ בעמ,,,יח,4,ל 100 גרם,false,1,8.90,2.23,true,1,
3526871,true,פטריות ויליגר שלישייה,נטו מילנדה סחר בעמ*,,,יח,3,למארז,false,1,10.90,3.63,false,1,
3598304,true,דג פילה אמנון.,מאסטרפוד בעמ,,,"לק""ג",1,,true,1,32.90,32.90,true,1,
3996049,true,חסלט פטרוזיליה,"בכורי השדה צפון1994 ג.ד. בע""מ",,,יח,1,,false,1,7.90,7.90,false,1,
3996056,true,חסלט כוסברה,"בכורי השדה צפון1994 ג.ד. בע""מ",,,יח,1,,false,1,7.90,7.90,false,1,
3996070,true,חסלט נענע,"בכורי השדה צפון1994 ג.ד. בע""מ",,,יח,1,,false,1,7.90,7.90,false,1,
3996094,true,חסאלט סלרי,"בכורי השדה צפון1994 ג.ד. בע""מ",,,יח,1,,false,1,8.90,8.90,false,1,
4011284,true,"בסיס להכנת קצפת ריצ`212 מ""ל",נטו מילנדה סחר בעמ*,,,יח,2.12,יח,false,1,7.90,3.73,false,1,
4011338,true,"קצפת ריצ` 250 מ""ל",נטו מילנדה סחר בעמ*,,,יח,2.50,"ל 100 מ""ל",false,1,11.90,4.76,true,1,
4011345,true,קצפת ריצ`פרווה במיכל,נטו מילנדה סחר בעמ*,,,יח,2.50,ל 100 גרם,false,1,8.90,3.56,false,1,
4030445,true,מיץ תפוזים 1 ליטר,פריניב תנובה,,,יח,1,לליטר,false,1,12.60,12.60,false,1,
4030612,true,מיץ קיווי אגס 90% 1 ליטר,פריניב תנובה,,,יח,1,לליטר,false,1,16.90,16.90,true,1,
4063016,true,"מלח שולחן רגיל(כחול) 1 ק""ג*",סוגת תעשיות בעמ,,,יח,10,ל 100 גרם,false,1,1.70,0.17,false,1,
4078263,true,זוג קיסמי אוזנים,ש.שסטוביץ בעמ,,,יח,1,,false,1,9.90,9.90,false,1,
4129569,true,גבינת שמנת שום שמיר 30%,תנובה -חלב,,,ל 100 גרם,10,ל 100 גרם,true,1,44.90,4.49,false,1,
4129576,true,גבינת שמנת זיתים 30%,תנובה -חלב,,,ל 100 גרם,10,ל 100 גרם,true,1,44.90,4.49,false,1,
4129903,true,גבינת שמנת טבעית 30%,תנובה -חלב,,,ל 100 גרם,10,ל 100 גרם,true,1,44.90,4.49,false,1,
4135355,true,פיראוס בולגרית לייט 3% א.ח נוכרי,תנובה -חלב,,,ל 100 גרם,10,ל 100 גרם,true,1,39.90,3.99,false,1,
4136291,true,צפתית מעודנת 5%,תנובה -חלב,,,ל 100 גרם,10,ל 100 גרם,true,1,50,5,false,1,
4136833,true,בולגרית 16%,תנובה -חלב,,,ל 100 גרם,10,ל 100 גרם,true,1,55.90,5.59,false,1,
4194185,true,עוף מחפוד קפוא,עוף ירושלים שיווק בעמ,,,"לק""ג",10,ל 100 גרם,true,1,24.90,2.49,false,1,
4194208,true,כרעיים עוף ארוז מחפוד ק,עוף ירושלים שיווק בעמ,,,"לק""ג",10,ל 100 גרם,true,1,31.90,3.19,false,1,
4194239,true,חזה פטם מחפוד,עוף ירושלים שיווק בעמ,,,"לק""ג",10,ל 100 גרם,true,1,31.90,3.19,false,1,
4194253,true,כנפיים עוף ארוז מחפוד,עוף ירושלים שיווק בעמ,,,"לק""ג",10,ל 100 גרם,true,1,12.90,1.29,false,1,
4194260,true,שוקיים עוף ארוז מחפוד,עוף ירושלים שיווק בעמ,,,"לק""ג",10,ל 100 גרם,true,1,31.90,3.19,false,1,
4194345,true,שניצל עוף מחפוד קפוא,עוף ירושלים שיווק בעמ,,,"לק""ג",10,ל 100 גרם,true,1,34.90,3.49,false,1,
4194529,true,עוף טרי שלם ארוז מחפוד,עוף ירושלים שיווק בעמ,,,"לק""ג",1,,true,1,22.90,22.90,true,1,
4194536,true,חזה עוף מחופד טרי ארוז,עוף ירושלים שיווק בעמ,,,"לק""ג",1,,true,1,32.90,32.90,true,1,
4194543,true,כרעיים עוף מחפוד טרי ארוז,עוף ירושלים שיווק בעמ,,,"לק""ג",10,ל 100 גרם,true,1,32.90,3.29,true,1,
4194550,true,כנפיים עוף מחפוד טרי ארוז,עוף ירושלים שיווק בעמ,,,"לק""ג",1,,true,1,16.90,16.90,true,1,
4194574,true,שוקיים עוף טרי מחפוד,עוף ירושלים שיווק בעמ,,,"לק""ג",1,,true,1,33.90,33.90,false,1,
4194581,true,פרגיות עוף טרי ארוז מחפוד,עוף ירושלים שיווק בעמ,,,"לק""ג",1,,true,1,75,75,false,1,
4194598,true,כבד עוף טרי מחפוד ארוז,עוף ירושלים שיווק בעמ,,,"לק""ג",1,,true,1,32.90,32.90,false,1,
4194604,true,לבבות עוף טרי ארוז מחפוד,עוף ירושלים שיווק בעמ,,,"לק""ג",1,,true,1,34.90,34.90,false,1,
4194635,true,שניצל עוף טרי ארוז מחפוד,עוף ירושלים שיווק בעמ,,,"לק""ג",1,"לק""ג",true,1,39.90,39.90,false,1,
4199326,true,כוס אימון מהפכנית לתינוק,אינטרסן )1996(בעמ,,,יח,1,,false,1,12.90,12.90,false,1,
4220044,true,קציצות הבית 400 עטרה,נטו מלינדה סחר בעמ,,,יח,4,ל 100 גרם,false,1,24.90,6.23,true,1,
4220761,true,קבב כבש 500 עטרה,נטו מלינדה סחר בעמ,,,יח,5,ל 100 גרם,false,1,19.90,3.98,true,1,
4230326,true,שטרודל פילו עץ וקינמון השף שגב 600 ג,נטו מילנדה סחר בעמ*,,,יח,7,ל 100 גרם,false,1,19.90,2.84,true,1,
4230364,true,מקלות בורקס פילו גבינה צרפתי שגב 600,נטו מילנדה סחר בעמ*,,,יח,6,ל 100 גרם,false,1,19.90,3.32,true,1,
4230371,true,מקלות בורקס פילו פיצה שגב 600 גרם,נטו מילנדה סחר בעמ*,,,יח,6,ל 100 גרם,false,1,19.90,3.32,true,1,
4230944,true,מקלות בורקס פילו גבינה 600 גרם השף שג,נטו מילנדה סחר בעמ*,,,יח,7,ל 100 גרם,false,1,19.90,2.84,true,1,
4257101,true,אנטריקוט דקדק 250 גר` עטרה,נטו מלינדה סחר בעמ,,,יח,0.25,ל 100 גרם,false,1,32.90,131.60,true,1,
4257118,true,מילנסה דקדק 250 גר` עטרה,נטו מלינדה סחר בעמ,,,יח,0.25,ל 100 גרם,false,1,32.90,131.60,true,1,
4257125,true,סינטה דקדק 250 גר` עטרה,נטו מלינדה סחר בעמ,,,יח,0.25,ל 100 גרם,false,1,32.90,131.60,true,1,
4263027,true,קבב מזרחי עטרה 500 גרם,נטו מלינדה סחר בעמ,,,יח,5,ל 100 גרם,false,1,18.90,3.78,false,1,
4263034,true,עטרה בורגר עטרה 500 גרם,נטו מלינדה סחר בעמ,,,יח,5,ל 100 גרם,false,1,18.90,3.78,false,1,
4263393,true,קישקע ירושלמי עטרה 500 גרם,נטו מלינדה סחר בעמ,,,יח,5,ל 100 גרם,false,1,16.90,3.38,false,1,
4263485,true,מס 2 עטרה,נטו מלינדה סחר בעמ,,,"לק""ג",10,ל 100 גרם,true,1,44.90,4.49,true,1,
4263652,true,נקניקיות עוף עטרה 400 גרם,נטו מלינדה סחר בעמ,,,יח,4,ל 100 גרם,false,1,11.90,2.98,true,1,
4263676,true,טחון הודו בית יו,נטו מלינדה סחר בעמ,,,יח,5,ל 100 גרם,false,1,12.90,2.58,false,1,
4263782,true,עצמות מוח עטרה,נטו מלינדה סחר בעמ,,,"לק""ג",1,,true,1,32.90,32.90,false,1,
4263935,true,מס 7 עטרה,נטו מלינדה סחר בעמ,,,"לק""ג",10,ל 100 גרם,true,1,39.90,3.99,true,1,
4267209,true,עוגיות לקפה 200ג ברמן *,ברמן שוקולד ועוגיות בעמ,,,יח,2,ל 100 גרם,false,1,4.90,2.45,true,1,
4267216,true,עוגיות ריבה 200ג ברמן *,ברמן שוקולד ועוגיות בעמ,,,יח,2,ל 100 גרם,false,1,4.90,2.45,true,1,
4267261,true,עוגיות טופז 600ג ברמן*,ברמן שוקולד ועוגיות בעמ,,,יח,6,ל 100 גרם,false,1,11.90,1.98,false,1,
4267667,true,עוגיות שוקוציפס 600ג ברמן*,ברמן שוקולד ועוגיות בעמ,,,יח,6,ל 100 גרם,false,1,11.90,1.98,false,1,
4267759,true,מפנקות במילוי קרם שוקולד 180ג ברמן*,ברמן שוקולד ועוגיות בעמ,,,יח,3,ל 100 גרם,false,1,4.90,1.63,true,1,
4532079,true,בונדוק,פיצוחי הטיב בעמ,,,יח,2.50,ל 100 גרם,false,1,13.19,5.28,false,1,
4554293,true,קרחון ענבים,"גלידת שטראוס בע""מ",,,יח,1,,false,1,2.50,2.50,false,1,
4639006,true,קוסקוס טוניסאי סולטנה 800 גרם,מטעמי פאר,,,ל 100 גרם,8,ל 100 גרם,false,1,14.90,1.86,false,1,
4645137,true,פילה טונה אלבקור,ש.רוזנרס בעמ,,,"לק""ג",10,ל 100 גרם,true,1,59.90,5.99,false,1,
4645311,true,טונה כהה(וואקום) רוזנרס,ש.רוזנרס בעמ,,,"לק""ג",10,ל 100 גרם,true,1,44.90,4.49,false,1,
4645328,true,פילה סלמון רוזנרס,ש.רוזנרס בעמ,,,"לק""ג",10,ל 100 גרם,true,1,89.90,8.99,false,1,
4861025,true,גבינת בולגרית 16%/5%,מחלבת המושבה בעמ,,,ל 100 גרם,10,ל 100 גרם,true,1,46.90,4.69,false,1,
4861278,true,גבינת שמנת בטעמים 30%,מחלבת המושבה בעמ,,,ל 100 גרם,10,ל 100 גרם,true,1,39.90,3.99,true,1,
4861315,true,לבנה טבעי /ש . זית וזעתר,מחלבת המושבה בעמ,,,ל 100 גרם,10,ל 100 גרם,true,1,44.90,4.49,false,1,
4861360,true,גבינת צפתית בטעמים,מחלבת המושבה בעמ,,,ל 100 גרם,10,ל 100 גרם,true,1,49.90,4.99,false,1,
4861421,true,חלומי מהדרין,מחלבת המושבה בעמ,,,"לק""ג",10,ל 100 גרם,true,1,79.90,7.99,false,1,
4861520,true,גבינת שמנת %5טעמים,מחלבת המושבה בעמ,,,ל 100 גרם,10,ל 100 גרם,true,1,28.90,2.89,false,1,
4861544,true,מוצרלה כדורים/צמות,מחלבת המושבה בעמ,,,ל 100 גרם,10,ל 100 גרם,true,1,67.90,6.79,false,1,
5017889,true,קציצות ריב אנטריקוט נתח אדום,נתח אדום עוזי ביטון ובניו בעמ,,,יח,7,ל 100 גרם,false,1,29.90,4.27,false,1,
5017902,true,מרגז מרוקאי חריף נתח אדום,נתח אדום עוזי ביטון ובניו בעמ,,,יח,7,ל 100 גרם,false,1,29.90,4.27,false,1,
5017933,true,טחול ממולא בדץ נתח אדום,נתח אדום עוזי ביטון ובניו בעמ,,,"לק""ג",10,ל 100 גרם,true,1,64.90,6.49,false,1,
5017957,true,"קבב בקר ביתי בד""ץ",נתח אדום עוזי ביטון ובניו בעמ,,,יח,7,ל 100 גרם,false,1,29.90,4.27,false,1,
5017964,true,"קבב טלה ארוז בד""ץ",נתח אדום עוזי ביטון ובניו בעמ,,,יח,7,ל 100 גרם,false,1,29.90,4.27,false,1,
5384806,true,גבינת שמנת ט. טבעי,ג.וילי פוד בעמ,,,"לק""ג",1.50,"לק""ג",true,1,32.90,21.93,false,1,
5424847,true,סופט 150לבן,החברה הדרומית לשיווק בעמ,,,יח,1,,false,1,8.90,8.90,false,1,
5427848,true,סושי 30 בגליל ורוד,החברה הדרומית לשיווק בעמ,,,יח,1,,false,1,18.90,18.90,false,1,
5431906,true,קדיף 82 גר`,תנובה -חלב,,,יח,0.82,ל 100 גרם,false,1,5.90,7.20,false,1,
5559587,true,מאפה נקניקיה מעדנות 800 גרם,תנובה ענף ב.ע.ד,,,ל 100 גרם,8,ל 100 גרם,false,1,28.90,3.61,false,1,
5559990,true,בצק פילאס תורכי מעדנות 600 גרם,תנובה ענף ב.ע.ד,,,ל 100 גרם,6,ל 100 גרם,false,1,20.90,3.48,false,1,
5609763,true,פילה סלמון מסטר פוד,מאסטרפוד בעמ,,,"לק""ג",10,ל 100 גרם,true,1,59.90,5.99,false,1,
5617492,true,דלי פיה ידית פלסטיק 12 נופר*,נופר ששון ציון בעמ,,,יח,1,יח,false,1,10.90,10.90,false,1,
5854569,true,שלגון מצופה שוקו בננה,"גלידת שטראוס בע""מ",,,יח,0.60,ל 100 גרם,false,1,5.30,8.83,true,1,
5854613,true,אסקימו תותי פרוטי,"גלידת שטראוס בע""מ",,,,1,,false,1,2.50,2.50,false,1,
6271648,true,"מיני בורקס תפו""א מעדנות 800 גרם",תנובה ענף ב.ע.ד,,,יח,6.50,יח,false,1,22.90,3.52,false,1,
6271655,true,מיני בורקס גבינה מעדנות 800 גרם,תנובה ענף ב.ע.ד,,,יח,8,יח,false,1,22.90,2.86,false,1,
6272072,true,חטיפי פיצה 100% גבינה 650 גרם מעדנות,תנובה ענף ב.ע.ד,,,יח,6.50,יח,false,1,27.90,4.29,true,1,
6492432,true,מוצרלה בייבי מחלבות גד,מחלבות גד שיווק 1992 בעמ,,,יח,1,,false,1,13.90,13.90,false,1,
6511683,true,פולי סויה קפואים ווילי פוד 450 גרם,ג.וילי פוד בעמ,,,יח,4.54,ל 100 גרם,false,1,8.90,1.96,true,1,
6546395,true,Current season 800 expired - Pry Galilee,ויטה-פרי גליל (החדשה) בעמ,,,יח,8,ל 100 גרם,false,1,8.90,1.11,false,1,
6546524,true,C 700 chips expired - Pry Galilee,ויטה-פרי גליל (החדשה) בעמ,,,יח,8,ל 100 גרם,false,1,9.90,1.24,false,1,
6550972,true,"בשר בקר טחון עטרה 1 ק""ג",נטו מלינדה סחר בעמ,,,יח,1,ל 100 גרם,false,1,29.90,29.90,false,1,
6644527,true,תפוזינה תות 500,יפאורה שותפות מוגבלת לשיווק,,,יח,5,"ל 100 מ""ל",false,1,4.90,0.92,true,1,
6681065,true,טעמקור XL שוקו וניל,"גלידת שטראוס בע""מ",,,יח,1,,false,1,6.90,6.90,true,1,
6730350,true,טרופיק עם פקק בודד,קלית סיטבון בעמ,,,יח,1,יח,false,1,1.50,1.50,false,1,
6737915,true,דובשניות 300 גרם חפץ,לירון קרביץ יבוא שיווק וסחר,,,יח,3,ל 100 גרם,false,1,6.90,2.30,false,1,
6739445,true,שניצל תירס קלאסי 750 ק. זוגלובק,זוגלובק שיווק בעמ,,,יח,7.50,ל 100 גרם,false,1,23.90,3.19,true,1,
6775894,true,עוגת שיש ללא סוכר 400ג אחוה*,אחדות בעמ,,,יח,4,ל 100 גרם,false,1,10.90,2.73,false,1,
6920980,true,מוצרלה בייבי,צי-תעשיות מזון יבנה בעמ,,,ל 100 גרם,1,,true,1,46.50,46.50,false,1,
6941466,true,"שמן קנולה 1 ליטר ""שווה"" *",ברוקלמן גרמניה,,,יח,1,לליטר,false,1,9.90,9.90,false,1,
8000796,true,משחת שיניים לילדים כצט,גורי ע.ע.ע בעמ,,,יח,0.50,"ל 100 מ""ל",false,1,10.90,21.80,false,1,
8149235,true,פרגית עופיון,נטו מילנדה סחר בעמ*,,,"לק""ג",1,,true,1,54.90,54.90,false,1,
8154222,true,שניצלונים עוף טוב,קבוצת אוסם סחר שותפות מוגבלת,,,יח,7,ל 100 גרם,false,1,13.90,1.99,true,1,
8257008,true,מסרק סמיך נחושת,אריסטוקרט מ.ב.ליבוא שווק בעמ,IL,,יח,1,,false,1,13.90,13.90,false,1,
8257176,true,מחלק מנות קזינו,אריסטוקרט מ.ב.ליבוא שווק בעמ,IL,,יח,1,,false,1,11.80,11.80,false,1,
8257459,true,אלכהול רפואי 70%,אריסטוקרט מ.ב.ליבוא שווק בעמ,IL,,יח,1,"ל 100 מ""ל",false,1,6.90,6.90,false,1,
8257688,true,נשכן דובי,אריסטוקרט מ.ב.ליבוא שווק בעמ,IL,,יח,1,,false,1,6.90,6.90,false,1,
8257909,true,נוזל צחצוח נעלים שחור,אריסטוקרט מ.ב.ליבוא שווק בעמ,IL,,יח,1,,false,1,4.80,4.80,false,1,
8335577,true,"9פסטל תפו,א",נטו מילנדה סחר בעמ*,,,יח,6,ל 100 גרם,false,1,12.90,2.15,false,1,
8335584,true,"סיגרים תפו,א",נטו מילנדה סחר בעמ*,,,יח,6,ל 100 גרם,false,1,12.90,2.15,false,1,
8343466,true,בצק פילו שלושת האופים 500 גרם,נטו מילנדה סחר בעמ*,,,יח,5,ל 100 גרם,false,1,18.90,3.78,true,1,
8343503,true,ג חנון אפוי 650 גרם שלושת האופים,נטו מילנדה סחר בעמ*,,,יח,6.50,ל 100 גרם,false,1,18.90,2.91,true,1,
8409124,true,שניצל ג ונגל מאמא עוף,תנובה ענף ב.ע.ד,,,יח,7,ל 100 גרם,false,1,29.90,4.27,false,1,
8989091,true,פרכיות אורז 300ג 3יח BD *,בטר אנד דיפרנט בעמ,,,יח,3.10,ל 100 גרם,false,1,11.90,3.84,false,1,
10003792,true,Lemon Salt 100 grm bag new - Maimon Spic,א.ל ייצור ושיווק תבלינים בעמ,,,יח,1,ל 100 גרם,false,1,5.90,5.90,false,1,
10003808,true,Hyssop and sesame 80 grm bag - Maimon Sp,א.ל ייצור ושיווק תבלינים בעמ,,,יח,8,ל 100 גרם,false,1,5.90,0.74,false,1,
10066513,true,טונה בשמן 160ג 4יח פילטונה*,תעשיות פיל טונה בעמ,,,יח,4,למארז,false,1,21.90,5.48,false,1,
10066575,true,טונה במים 160ג 4יח פילטונה*,תעשיות פיל טונה בעמ,,,יח,4,למארז,false,1,21.90,5.48,false,1,
10066582,true,טונה בשמן קנולה 160ג 4יח פילטונה*,תעשיות פיל טונה בעמ,,,יח,4,למארז,false,1,21.90,5.48,false,1,
10066599,true,טונה בשמן זית 160ג 4יח פילטונה*,תעשיות פיל טונה בעמ,,,יח,4.52,ל 100 גרם,false,1,27.90,6.17,false,1,
10066957,true,טונה פרינס בשמן 960ג פילטונה*,תעשיות פיל טונה בעמ,,,יח,9.60,ל 100 גרם,false,1,26.90,2.80,false,1,
10195275,true,פופקורן מופחת שומן חמאה 5 יח`,"דנשר (1963) בע,מ",,,יח,5,ל 100 גרם,false,1,13.90,2.78,true,1,
10328727,true,ממרח טחינה עם שוקולד400ג אחוה *,אחדות בעמ,,,יח,4,"ל 100 מ""ל",false,1,9.90,2.48,false,1,
10328901,true,מאפין וניל 45ג אחוה*,אחדות בעמ,,,יח,0.45,ל 100 גרם,false,1,1.40,3.11,true,1,
10558087,true,אריסה פיקנטי 200ג עוזי*,עוזי טעמים של בית,,,יח,2,ל 100 גרם,false,1,10.90,5.45,false,1,
10558094,true,אריסה 1 קג צנצנת עוזי*,עוזי טעמים של בית,,,יח,2,ל 100 גרם,false,1,28.90,14.45,false,1,
10558896,true,אריסה מתוקה 200ג עוזי*,עוזי טעמים של בית,,,יח,2,ל 100 גרם,false,1,10.90,5.45,false,1,
10558902,true,אריסה חריפה מאוד 200ג עוזי*,עוזי טעמים של בית,,,יח,2,ל 100 גרם,false,1,10.90,5.45,false,1,
10617746,true,משחת נעליים+ ידית,אריסטוקרט מ.ב.ליבוא שווק בעמ,IL,,יח,1,,false,1,4.50,4.50,false,1,
10627912,true,"שמן זית למאור בד""ץ אריזות 1 ליטר*",אריזות ירושלים (1987) בעמ,,,יח,10,"ל 100 מ""ל",false,1,19.90,1.99,false,1,
10766949,true,ממרח תחתיות ארטישוק,תה ויסוצקי (ישראל)בעמ,,,יח,1.80,ל 100 גרם,false,1,12.90,7.17,false,1,
10777358,true,פיתה כוסמין מלא שובע,גיא שיווק טוב,,,יח,1,יח,false,1,15.90,15.90,false,1,
10827923,true,מגבונים בודד ג`אסט בייבי 72 יח (36 בקר,דינמיק תעשיות מגבונים בעמ,,,יח,1,יח,false,1,2.90,2.90,false,1,
11132019,true,בירה גולסטאר מאלקו 330,טמפו משקאות בעמ,,,יח,1,,false,1,10.99,10.99,false,1,
11154042,true,ממרח תמרים 450 ג`בדצ טעמי הגליל,טעמי הגליל בעמ,,,יח,3,יח,false,1,4.90,1.63,false,1,
11154592,true,סילאן 360 גרם בקבוק לחיץ*,טעמי הגליל בעמ,,,יח,3.60,ל 100 גרם,false,1,8.90,2.47,false,1,
11174866,true,צ יפס בטטה פרי הגליל 800 גרם,ויטה-פרי גליל (החדשה) בעמ,,,יח,7,ל 100 גרם,false,1,15.90,2.27,false,1,
11223045,true,בישקוטים 200 גר,"דנשר (1963) בע,מ",,,יח,2,ל 100 גרם,false,1,5.90,2.95,false,1,
11231354,true,סוללות שלט טורבו פלוס AAA רביעיה אבץ,טורבו פלוס {מ.ב} בעמ,,,יח,1,יח,false,1,4.50,4.50,false,1,
11369224,true,קומפלט לידר/לאמבטיה ה ע. הבית,עולם הבית,,,יח,1,,false,1,59.90,59.90,false,1,
11514280,true,מתקן לספוג וואקום ע. הבית,עולם הבית,,,יח,1,,false,1,6.90,6.90,false,1,
11695651,true,צנימים 300 גר`,נאמן לאורך זמן בעמ,,,יח,3,ל 100 גרם,false,1,12.90,4.30,false,1,
11842024,true,טרופית מיוחד בודד,קלית סיטבון בעמ,,,יח,1,,false,1,1.50,1.50,false,1,
12116537,true,א. כביסה מקסימה 2.5 מאסק,החברה הדרומית לשיווק בעמ,,,יח,25,ל 100 גרם,false,1,24.90,1,false,1,
12117091,true,"מקסימה 6 ק""ג ג סנסטיב",החברה הדרומית לשיווק בעמ,,,יח,60,ל 100 גרם,false,1,45.90,0.77,false,1,
12117275,true,"סנוקליר מילוי 750 מ""ל",החברה הדרומית לשיווק בעמ,,,יח,7.50,"ל 100 מ""ל",false,1,5.90,0.79,false,1,
12117534,true,מרכך מקסימה סופר מרוכז,החברה הדרומית לשיווק בעמ,,,יח,10,"ל 100 מ""ל",false,1,17.90,1.79,false,1,
12117541,true,מרכך מקסימה סופר מרוכז,החברה הדרומית לשיווק בעמ,,,יח,10,"ל 100 מ""ל",false,1,17.90,1.79,false,1,
12117558,true,מרכך מקסימה סופר מרוכז,החברה הדרומית לשיווק בעמ,,,יח,10,"ל 100 מ""ל",false,1,17.90,1.79,false,1,
12117732,true,מרכך כביסה סנו מקסימה,החברה הדרומית לשיווק בעמ,,,יח,40,"ל 100 מ""ל",false,1,21.90,0.55,false,1,
12117916,true,סנו אינסטלטור נוזלי 1 ליטר,החברה הדרומית לשיווק בעמ,,,יח,10,"ל 100 מ""ל",false,1,26.90,2.69,false,1,
12227592,true,צמד 700 גרם מחפוד זוגלובק,זוגלובק שיווק בעמ,,,יח,7,ל 100 גרם,false,1,26.90,3.84,true,1,
12227608,true,צמד 600 גרם-מחפוד זוגלובק,זוגלובק שיווק בעמ,,,יח,6,ל 100 גרם,false,1,26.90,4.48,true,1,
12227615,true,נקנקיות עוף 800 גר`-מחפוד-זוגלובק,זוגלובק שיווק בעמ,,,יח,8,ל 100 גרם,false,1,19.90,2.49,false,1,
12227622,true,חרמון כפריות דבש 400 גר` מחפוד,זוגלובק שיווק בעמ,,,יח,4,ל 100 גרם,false,1,21.90,5.48,false,1,
12245275,true,"צ`יפס בטטה קריספי, 1 ק""ג",קפוא זן תעשיות מזון בעמ,,,יח,0,יח,false,1,25.90,25.90,false,1,
12439858,true,"גלילוני ביס 60ג הגביע בד""ץ",הגביע מוצרי וופלים בעמ,,,יח,0.60,ל 100 גרם,false,1,2.90,4.83,true,1,
12696848,true,תבנית בינוני R2,אי.ג י.אם השקעות בעמ **,,,יח,1,,false,1,1.49,1.49,false,1,
12803055,true,מרמוליט סוכרלוז 100 יח`,"דנשר (1963) בע,מ",,,יח,1,ל 100 גרם,false,1,24.90,24.90,true,1,
12823251,true,כיף אל סבון יסמין לבנדר ק,החברה הדרומית לשיווק בעמ,,,יח,1,לליטר,false,1,11.90,11.90,false,1,
12823602,true,נייר טואלט סןפט 32 לבן,החברה הדרומית לשיווק בעמ,,,יח,25.50,ל 100 גרם,false,1,34.90,1.37,false,1,
12823923,true,מרכך פרימיום מקסימה גולדן,החברה הדרומית לשיווק בעמ,,,יח,1,לליטר,false,1,17.90,17.90,false,1,
12929793,true,ספגטי מקמח מלא,טעמן שיווק מזון בעמ,,,יח,5,ל 100 גרם,false,1,4.90,0.98,true,1,
12975875,true,disposable plastic 285cc maroccan 40,בנדע אגשח בעמ,,,יח,75,יח,false,1,9.90,0.13,true,1,
13027399,true,אנג`ל 100 קל,שלמה א.אנג ל בעמ,,,יח,1,,false,1,14.90,14.90,false,1,
13038432,true,אקווה נובה 2 ליטר יחידה,טמפו משקאות בעמ,,,יח,2,לליטר,false,1,3.20,1.45,false,1,
13083661,true,מטרנה אקסטרה קר שלב 1,קבוצת אוסם סחר שותפות מוגבלת,,,יח,7,"ל 100 מ""ל",false,1,55.90,7.99,false,1,
13083678,true,מטרנה אקסטרה קר שלב 2,קבוצת אוסם סחר שותפות מוגבלת,,,יח,7,"ל 100 מ""ל",false,1,55.90,7.99,false,1,
13117427,true,בצק פריך מלוח מעדנות,תנובה ענף ב.ע.ד,,,ל 100 גרם,9,ל 100 גרם,false,1,19.90,2.21,false,1,
13117526,true,בצק שמרים למאפה מתוקים מעדנות 600 גרם,תנובה ענף ב.ע.ד,,,יח,6,ל 100 גרם,false,1,19.90,3.32,false,1,
13144171,true,Fur chocolate cake mix 560 - Maimon`s,א.ל ייצור ושיווק תבלינים בעמ,,,יח,5.60,ל 100 גרם,false,1,16.90,3.02,true,1,
13144287,true,Strawberry jelly 85 grm - Maimon`s,א.ל ייצור ושיווק תבלינים בעמ,,,יח,0.85,ל 100 גרם,false,1,5.90,6.94,false,1,
13144317,true,Goni 18 units - Maimon`s,א.ל ייצור ושיווק תבלינים בעמ,,,יח,1.50,ל 100 גרם,false,1,20.90,13.93,false,1,
13144393,true,Vanilla extract 50 grm - Maimon`s,א.ל ייצור ושיווק תבלינים בעמ,,,יח,0.50,ל 100 גרם,false,1,4.40,8.80,false,1,
13144409,true,Rum extract 50 grm - Maimon`s,א.ל ייצור ושיווק תבלינים בעמ,,,יח,0.50,ל 100 גרם,false,1,4.40,8.80,false,1,
13144522,true,Green food coloring 50 grm - Maimon`s,א.ל ייצור ושיווק תבלינים בעמ,,,יח,0.50,ל 100 גרם,false,1,3.90,7.80,false,1,
13145024,true,Walnut powder 100 grm - Maimon`s,א.ל ייצור ושיווק תבלינים בעמ,,,יח,1,ל 100 גרם,false,1,12.90,12.90,false,1,
13145093,true,Gross bleached almond 100 grm - Maimon`s,א.ל ייצור ושיווק תבלינים בעמ,,,יח,1,ל 100 גרם,false,1,12.90,12.90,true,1,
13145109,true,Bleached almond powder 100 grm - Maimon`,א.ל ייצור ושיווק תבלינים בעמ,,,יח,1,ל 100 גרם,false,1,12.90,12.90,true,1,
13145116,true,Bleached almond sticks 100 grm - Maimon`,א.ל ייצור ושיווק תבלינים בעמ,,,יח,1,,false,1,12.90,12.90,true,1,
13145178,true,Shredded coconut White 100 grm - Maimon`,א.ל ייצור ושיווק תבלינים בעמ,,,יח,1,ל 100 גרם,false,1,4.50,4.50,false,1,
13145215,true,Sesame 400 grm - Maimon`s,א.ל ייצור ושיווק תבלינים בעמ,,,יח,4,ל 100 גרם,false,1,12.90,3.23,false,1,
13145253,true,Peeled pumpkin core - Maimon`s,א.ל ייצור ושיווק תבלינים בעמ,,,יח,1,ל 100 גרם,false,1,5.90,5.90,false,1,
13145390,true,Compound chocolate chocolate Tz`ifs 250,א.ל ייצור ושיווק תבלינים בעמ,,,יח,2.50,ל 100 גרם,false,1,8.90,3.56,false,1,
13145406,true,Compound chocolate and white chocolate T,א.ל ייצור ושיווק תבלינים בעמ,,,יח,2.50,ל 100 גרם,false,1,9.90,3.96,false,1,
13145437,true,Real chocolate chips 45% - Maimon`s,א.ל ייצור ושיווק תבלינים בעמ,,,יח,2.50,ל 100 גרם,false,1,11.90,4.76,false,1,
13145567,true,Mini Mini lentils 90 grm - Maimon`s,א.ל ייצור ושיווק תבלינים בעמ,,,יח,0.90,ל 100 גרם,false,1,10.90,12.11,false,1,
13145710,true,Cherries 100 grm - Maimon`s,א.ל ייצור ושיווק תבלינים בעמ,,,יח,1,ל 100 גרם,false,1,9.50,9.50,false,1,
13145840,true,Vanilla sugar 10 cards for cellophane -,א.ל ייצור ושיווק תבלינים בעמ,,,יח,20,יח,false,1,2.20,0.11,false,1,
13145857,true,Baking powder 10 cards for cellophane -,א.ל ייצור ושיווק תבלינים בעמ,,,יח,20,יח,false,1,2.20,0.11,false,1,
13145918,true,100 grm powdered sugar - Maimon`s,א.ל ייצור ושיווק תבלינים בעמ,,,יח,1,ל 100 גרם,false,1,1.90,1.90,false,1,
13145970,true,Cornstarch 100 grm - Maimon`s,א.ל ייצור ושיווק תבלינים בעמ,,,יח,2,ל 100 גרם,false,1,3.90,1.95,false,1,
13146854,true,White coconut powder 400 grm bag - Maimo,א.ל ייצור ושיווק תבלינים בעמ,,,יח,4,ל 100 גרם,false,1,14.90,3.73,false,1,
13268020,true,מרכך מקסימה א. פרש 1 ליטר,החברה הדרומית לשיווק בעמ,,,יח,10,"ל 100 מ""ל",false,1,17.90,1.79,false,1,
13268037,true,מרכך מקסימה פצ`ולי 1 ליטר,החברה הדרומית לשיווק בעמ,,,יח,10,"ל 100 מ""ל",false,1,17.90,1.79,false,1,
13268891,true,ג`ל אוקסיג`ן 3 ליטר,החברה הדרומית לשיווק בעמ,,,יח,3,לליטר,false,1,28.90,9.63,false,1,
13268990,true,מרכך מקסימה ביו מרוכז,החברה הדרומית לשיווק בעמ,,,יח,1,לליטר,false,1,17.90,17.90,false,1,
13269003,true,מרכך מקסימה מרוכז בייבי,החברה הדרומית לשיווק בעמ,,,יח,1,לליטר,false,1,17.90,17.90,false,1,
13269287,true,ג ל כביסה מאסק 3 ליטר,החברה הדרומית לשיווק בעמ,,,יח,30,"ל 100 מ""ל",false,1,28.90,0.96,false,1,
13302014,true,"שוקו שוקו 1 ק""ג",טעמן שיווק מזון בעמ,,,יח,10,ל 100 גרם,false,1,13.90,1.39,true,1,
13358356,true,פירורי לחם מוזהבים 320 גר`.,ש.שסטוביץ בעמ,,,יח,3.20,ל 100 גרם,false,1,6.90,2.16,false,1,
13361547,true,נתחי טונה בהיר בשמן צמחי,ויטה-פרי גליל (החדשה) בעמ,,,ל 100 גרם,0.95,ל 100 גרם,false,1,2.99,3.15,false,1,
13361981,true,"ציפס קטרינג 2 ק""ג פרי גליל",ויטה-פרי גליל (החדשה) בעמ,,,יח,20,"לק""ג",false,1,19.90,1,false,1,
13381088,true,עמבה הודית נאמן,נאמן לאורך זמן בעמ,,,יח,5,ל 100 גרם,false,1,8.90,1.78,false,1,
13525802,true,סחוג אדום150 ג`,סלטי שמיר 2006 בעמ,,,יח,1.50,ל 100 גרם,false,1,9.90,6.60,false,1,
13534057,true,צ`יפס בטטה טבעי 100 גר`,מיה תעשיות מזון מ.ת.מ בעמ,,,יח,1,ל 100 גרם,false,1,7.90,7.90,true,1,
13579492,true,פילה סלמון נרווגי,בלדי בעמ,,,יח,1,,true,1,64.90,64.90,false,1,
13625403,true,חצאי אפרסק פרימיום 820,טעמן שיווק מזון בעמ,,,יח,8.20,ל 100 גרם,false,1,11.90,1.45,false,1,
13625410,true,פלחי אפרסק פרימיום 820,טעמן שיווק מזון בעמ,,,יח,8.20,ל 100 גרם,false,1,11.90,1.45,false,1,
13625922,true,אטריות דקות 400ג טעמן,טעמן שיווק מזון בעמ,,,יח,4,ל 100 גרם,false,1,4.90,1.23,true,1,
13625939,true,אטריות דקיקות 400ג טעמן*,טעמן שיווק מזון בעמ,,,יח,5,ל 100 גרם,false,1,4.90,0.98,true,1,
13677839,true,"בורגול 1 ק""ג מיה",מיה תעשיות מזון מ.ת.מ בעמ,,,יח,10,ל 100 גרם,false,1,7.90,0.79,true,1,
13847379,true,"סטארקיסט בשמן 140ג שישיות בד""ץ*",דיפלומט מפיצים #,,,יח,1,,false,1,29.90,29.90,false,1,
13906984,true,סלמי תה מחפוד 300 גר`,תנובה ענף ב.ע.ד,,,יח,3,ל 100 גרם,false,1,24.90,8.30,false,1,
13927002,true,דקליות שוקו 400ג אחוה*,אחדות בעמ,,,יח,4,ל 100 גרם,false,1,9.90,2.48,false,1,
13927033,true,עוגיות מעמול 600ג אחוה*,אחדות בעמ,,,יח,6,ל 100 גרם,false,1,9.90,1.65,false,1,
13927040,true,עוגיות ממולא שוקולד 600ג אחוה*,אחדות בעמ,,,יח,6,ל 100 גרם,false,1,9.90,1.65,false,1,
13927057,true,עוגיות שוקוציפס 400ג אחוה*,אחדות בעמ,,,יח,4,ל 100 גרם,false,1,9.90,2.48,false,1,
13927064,true,עוגיות גרנולה פירות יער 400ג אחוה*,אחדות בעמ,,,יח,4,ל 100 גרם,false,1,9.90,2.48,false,1,
13927101,true,עוגת תפוח ללא סוכר 450ג אחוה*,אחדות בעמ,,,יח,4.50,ל 100 גרם,false,8,11.90,2.64,false,1,
13927156,true,עוגת פירות יער ללא סוכר 450ג אחוה*,אחדות בעמ,,,יח,4.50,ל 100 גרם,false,1,11.90,2.64,false,1,
13927200,true,עוגת שוקוציפס עשירה 20% אחוה*,אחדות בעמ,,,יח,4.50,ל 100 גרם,false,1,10.90,2.42,false,1,
13927323,true,עוגת בראוניס 400ג אחוה *,אחדות בעמ,,,יח,4,ל 100 גרם,false,1,10.90,2.73,false,1,
13927385,true,מאפין דבש 45ג אחוה*,אחדות בעמ,,,יח,0.45,ל 100 גרם,false,1,1.40,3.11,true,1,
13927514,true,רוגעלך קינמון 400ג אחוה*,אחדות בעמ,,,יח,4,ל 100 גרם,false,1,9.90,2.48,false,1,
13927644,true,עוגיות כתר תות 400ג אחוה*,אחדות בעמ,,,יח,4,ל 100 גרם,false,1,9.90,2.48,false,1,
13927750,true,חטיף חלבה וניל 25 ג` תפזורת(240יח) אחו,אחדות בעמ,,,יח,1,,false,1,1,1,false,1,
13927804,true,"טחינה משומשום מלא 1 ק""ג אחוה*",אחדות בעמ,,,יח,10,ל 100 גרם,false,1,18.90,1.89,false,1,
14002135,true,תה ירוק ויסוצקי מיקס,תה ויסוצקי (ישראל)בעמ,,,יח,0.3750,ל 100 גרם,false,1,22.90,61.07,true,1,
14205093,true,דבש 350ג שווה עדה חרדית*,דבש שלנו( )1987בעמ,,,יח,3.50,ל 100 גרם,false,1,13.90,3.97,false,1,
14205741,true,"מפת שולחן 25 מטר ניילון בגליל ""שווה""*",צח ליין בעמ,,,יח,25,למטר,false,1,19.80,0.79,true,1,
14205758,true,"מפות שולחן *6 עבה במיוחד ""3/1.35 שווה""",צח ליין בעמ,,,יח,25,למטר,false,1,11.90,0.48,false,1,
14205765,true,מפות שולחן עבה במיוחד* 8 2.4/1.35*,צח ליין בעמ,,,יח,25,למטר,false,1,11.90,0.48,false,1,
14205772,true,"מפות שולחן *8 עבה שקוף ""שווה""*",צח ליין בעמ,,,יח,25,למטר,false,1,8.50,0.34,true,1,
14205802,true,שקיות הקפאה זוג 100X2 שווה*,ווינפאק סחר בעמ,,,יח,300,יח,false,20,6.90,0.02,true,1,
14205819,true,"שקיות 75/90 שרוך 20 יח ""שווה"" *",ווינפאק סחר בעמ,,,יח,1,יח,false,1,13.90,13.90,true,1,
14205857,true,שקיות 75/90 גליל 20 יח` ממוחזר שווה*,Zmzm for plastic,,,למטר,25,יח,false,1,9.90,0.40,true,1,
14205864,true,"שקיות כתום 75/90 גליל 50 יח` ""שווה""*",צח ליין בעמ,,,יח,50,יח,false,1,8.90,0.18,true,1,
14206038,true,מאפינס נייר גדולים 20 יח`שווה (24 בק,ווינפאק סחר בעמ,,,יח,1,למארז,false,24,6.90,6.90,false,1,
14206045,true,מאפינס נייר אלומיניום קטנים 12 יח (24,ווינפאק סחר בעמ,,,יח,1,למארז,false,24,5.90,5.90,false,1,
14206175,true,מאפינס שרינק קטן 50 יח`שווה*,ווינפאק סחר בעמ,,,יח,1,למארז,false,24,6.90,6.90,false,1,
14206182,true,מאפינס שרינק גדולים 40 יח`שווה*,ווינפאק סחר בעמ,,,יח,1,למארז,false,24,6.90,6.90,false,1,
14206250,true,מפיות נייר 80יח שווה*,ווינפאק סחר בעמ,,,יח,80,יח,false,1,4.90,0.06,true,1,
14206427,true,מיכלי אחסון 0.5 ליטר 6 יח שווה( 32 ב,אשוש חצב בעמ,,,יח,6,יח,false,32,8.90,1.48,true,1,
14206434,true,מיכלי אחסון 1 ליטר 5 יח שווה( 24 בקר,אשוש חצב בעמ,,,יח,5,יח,false,1,8.90,1.78,true,1,
14206458,true,מיכלי אחסון 2.5 ליטר 2 יח שווה( 20 ב,אשוש חצב בעמ,,,יח,2,יח,false,1,8.90,4.45,true,1,
14206571,true,קינוחיות משולש ענק+מכסה 12יח שווה*,ווינפאק סחר בעמ,,,יח,12,יח,false,1,9.90,0.83,true,1,
14206847,true,סרדינים שמן סויה 125ג שווה מרוקו*,רוברטו פוד בעמ,,,יח,1.25,ל 100 גרם,false,25,3.90,3.12,true,1,
14206861,true,סרדינים בשמן זית 125ג שווה - מרוקו*,רוברטו פוד בעמ,,,יח,1.25,ל 100 גרם,false,25,3.90,3.12,true,1,
14206878,true,סרדינים ברוטב עגבניות 125ג שווה- מרו,רוברטו פוד בעמ,,,יח,1.25,ל 100 גרם,false,25,3.90,3.12,true,1,
14206915,true,disposable plastic 17 cm soup plate 25,אריזות מדף פלזית אגשח בעמ,,,יח,20,יח,false,24,4.90,0.25,false,1,
14206922,true,disposable plastic 17 cm soup plate 25,אריזות מדף פלזית אגשח בעמ,,,יח,10,יח,false,20,5.90,0.59,false,1,
14206939,true,"מרקיה שקופה""שווה"" (24 בקרטון) *",אריזות מדף פלזית אגשח בעמ,,,יח,20,יח,false,1,9.90,0.50,false,1,
14206946,true,disposable plastic 17 cm soup plate 25,אריזות מדף פלזית אגשח בעמ,,,יח,20,יח,false,1,8.90,0.45,false,1,
14206953,true,disposable plastic 17 cm soup plate 25,אריזות מדף פלזית אגשח בעמ,,,יח,20,יח,false,1,13.90,0.70,false,1,
14206977,true,disposable plastic 17 cm soup plate 25,אריזות מדף פלזית אגשח בעמ,,,יח,10,יח,false,26,11.90,1.19,false,1,
14206984,true,קערות סלט שקופות 10 יח` שווה (20 בקר,אריזות מדף פלזית אגשח בעמ,,,יח,10,יח,false,1,11.90,1.19,false,1,
14230019,true,פרוטיב 2 ליטר פטל שילת *,שילת תרכיזי בית השיקמה בעמ,,,יח,20,"ל 100 מ""ל",false,1,38.90,1.95,false,1,
14288072,true,"כריות יפניות רביעיה""שווה"" איכותיות*",פלסטו פוליש (ברקן)בעמ,,,יח,1,למארז,false,1,6.90,6.90,false,1,
14288089,true,"סרטי קירצוף זוגות ""שווה"" איכותי*",פלסטו פוליש (ברקן)בעמ,,,יח,1,למארז,false,1,6.90,6.90,false,1,
14288096,true,"מטליות מיקרופייבר *5 ניקוי כלל ""שווה""",HUBEI G YOUNG CO LTD,,,יח,1,למארז,false,1,8.90,8.90,true,1,
14288195,true,מפת שולחן אלבד חלק שווה*,ווינפאק סחר בעמ,,,יח,1,יח,false,25,4.90,4.90,false,1,
14288201,true,מארז מטליות מיקרופיבר כללי+רצפה שווה*,HUBEI G YOUNG CO LTD,,,יח,1,למארז,false,1,12.90,12.90,true,1,
14288218,true,מפת שולחן אלבד עם ראנר שווה *,ווינפאק סחר בעמ,,,יח,1,יח,false,50,5.90,5.90,true,1,
14288232,true,טרופיל פקק 40 יח ברקוד בודד *14288256,קלית סיטבון בעמ,,,יח,1,יח,false,1,49.90,49.90,false,1,
14288287,true,גליל אלבד 20 מטר חלק שווה*,ווינפאק סחר בעמ,,,יח,20,למטר,false,5,31.90,1.60,false,1,
14288294,true,גליל אלבד עם ראנר 20 מטר שווה *,ווינפאק סחר בעמ,,,יח,20,למטר,false,6,31.90,1.60,false,1,
14288300,true,"טורטייה 8 יח 320 גרם""שווה"" *",רוברטו פוד בעמ,,,יח,8,יח,false,1,8.90,1.11,true,1,
14288317,true,"טורטייה 6 יח 420 גרם""שווה""*",רוברטו פוד בעמ,,,יח,1,,false,1,9.90,9.90,true,1,
14288324,true,"טורטייה מקמח מלא 8 יח 320 גרם""שווה""*",רוברטו פוד בעמ,,,יח,8,יח,false,1,9.90,1.24,true,1,
14288348,true,נודלס HOT CUP טעם ירקות 60ג שווה*,רוברטו פוד בעמ,,,יח,1,יח,false,1,3.90,3.90,true,1,
14288379,true,ערמונים 100 ג` שווה *,רוברטו פוד בעמ,,,יח,8,יח,false,1,5.90,0.74,true,1,
14288393,true,"רוטב סויה 500 מ""ל ""שווה"" *",רוברטו פוד בעמ,,,יח,5,"ל 100 מ""ל",false,1,9.90,1.98,true,1,
14288409,true,"רוטב טריאקי 300 מ""ל ""שווה"" *",רוברטו פוד בעמ,,,יח,3,"ל 100 מ""ל",false,1,8.90,2.97,true,1,
14288430,true,2day memorial candle,LITBRIGHT CANDLE CO LTD,,,יח,1,יח,false,24,4.90,4.90,false,1,
14288607,true,זוג רדיד אלומיניום ארוך 7.5/4.5 שווה,אופל אריזות בעמ,,,יח,1,יח,false,1,9.90,9.90,false,1,
14288645,true,"מגבונים מגבופיל ""שווה"" 72 יח` * 5 *",טרופיקל-דגיל תעשיות בעמ,,,יח,5,למארז,false,1,13.90,2.78,true,1,
14288744,true,2day memorial candle,LITBRIGHT CANDLE CO LTD,,,יח,1,יח,false,12,9.90,9.90,true,1,
14397286,true,מרכך מקסימה מרוכז,החברה הדרומית לשיווק בעמ,,,יח,1,לליטר,false,1,17.90,17.90,false,1,
14600317,true,גלילית כיבודים שוקולד 100ג הגביע*,הגביע מוצרי וופלים בעמ,,,יח,1,ל 100 גרם,false,1,3.30,3.30,true,1,
14600447,true,קרקר משולש 200ג הגביע*,הגביע מוצרי וופלים בעמ,,,יח,2,ל 100 גרם,false,1,3.90,1.95,false,1,
14673366,true,Turmeric powder 250 grm - Maimon Spices,א.ל ייצור ושיווק תבלינים בעמ,,,יח,2.50,ל 100 גרם,false,1,20.90,8.36,false,1,
14673373,true,250 acute Hungarian paprika jar - Maimon,א.ל ייצור ושיווק תבלינים בעמ,,,יח,2.50,ל 100 גרם,false,1,20.90,8.36,false,1,
14673397,true,Grill chicken seasoning 250 grm - Maimon,א.ל ייצור ושיווק תבלינים בעמ,,,יח,2.50,ל 100 גרם,false,1,20.90,8.36,false,1,
14673403,true,Ground black pepper 250 grm - Maimon Spi,א.ל ייצור ושיווק תבלינים בעמ,,,יח,2.50,ל 100 גרם,false,1,28.90,11.56,false,1,
14673410,true,Finely ground black pepper jar 250 grm -,א.ל ייצור ושיווק תבלינים בעמ,,,יח,2.50,ל 100 גרם,false,1,28.90,11.56,false,1,
14731165,true,מזלגות ח.פ *100 לבן (40 בקרטון)PERFE,ווינפאק סחר בעמ,,,יח,100,יח,false,1,8.90,0.09,true,1,
14758162,true,חלב עיזים מלא 3.6%,תנובה -חלב,,,יח,1,לליטר,false,1,15,15,false,1,
14760141,true,משקה שקדים טרי תנובה,תנובה -חלב,,,יח,10,"ל 100 מ""ל",false,1,11.90,1.19,false,1,
14760912,true,גוש חלב 400 גר,תנובה -חלב,,,יח,4,ל 100 גרם,false,1,24.90,6.23,false,1,
14761612,true,מעדן YOLO עם שכבות,תנובה -חלב,,,יח,1.23,ל 100 גרם,false,1,4.20,3.41,false,1,
14763371,true,גבינת שמנת נפוליאון 16% טבעי,תנובה -חלב,,,ל 100 גרם,10,ל 100 גרם,true,1,44.90,4.49,false,1,
14763395,true,גבינת עמק סמי 600 גרם,תנובה -חלב,,,ל 100 גרם,6,ל 100 גרם,false,1,29.90,4.98,false,1,
15005548,true,"ציפס זיג זג פרי הגליל 2 ק""ג",ויטה-פרי גליל (החדשה) בעמ,,,יח,20,"לק""ג",false,1,19.90,1,false,1,
15005555,true,"ציפס אמריקאי 2 ק""ג פרי גליל",ויטה-פרי גליל (החדשה) בעמ,,,יח,20,"לק""ג",false,1,19.90,1,false,1,
15037273,true,פטרוזיליה חסלט,"בכורי השדה צפון1994 ג.ד. בע""מ",,,יח,1,,false,1,7.90,7.90,false,1,
15037280,true,כוסברה חסלט,"בכורי השדה צפון1994 ג.ד. בע""מ",,,יח,1,,false,1,7.90,7.90,false,1,
15037440,true,כרוב לבן חסלט,"בכורי השדה צפון1994 ג.ד. בע""מ",,,"לק""ג",1,"לק""ג",true,1,18.90,18.90,false,1,
15037457,true,כרוב אדום חסלט,"בכורי השדה צפון1994 ג.ד. בע""מ",,,"לק""ג",1,"לק""ג",true,1,18.90,18.90,false,1,
15037495,true,כוסברה חסלט{עדה חרדית},"בכורי השדה צפון1994 ג.ד. בע""מ",,,יח,1,,false,1,8.90,8.90,false,1,
15037501,true,שמיר חסלט שמיטה,"בכורי השדה צפון1994 ג.ד. בע""מ",,,יח,1,,false,1,7.90,7.90,false,1,
15039253,true,עלי גפן במי מלח 620ג ויליפוד*,ג.וילי פוד בעמ,,,יח,6.20,ל 100 גרם,false,1,9.90,1.60,false,1,
15801799,true,סחוג ירוק 200 גרם עוזי*,עוזי טעמים של בית,,,יח,2,ל 100 גרם,false,1,10.90,5.45,false,1,
15801805,true,עמבה 200 גרם עוזי *,עוזי טעמים של בית,,,יח,2,ל 100 גרם,false,1,10.90,5.45,false,1,
15872096,true,חומוס אסלי 700 גרם,סלטי שמיר 2006 בעמ,,,יח,7,ל 100 גרם,false,1,12.90,1.84,false,1,
16076035,true,פרינה אמא שובע,גיא שיווק טוב,,,יח,1,יח,false,1,13.90,13.90,false,1,
16400151,true,שקית שירות,שונים,,,יח,1,,false,1,0.10,0.10,false,1,
16400168,true,"שקיות צליה 10 יח ""שווה"" *",BURSA PAZARI טורקיה,,,יח,10,יח,false,1,3.90,0.39,true,1,
16400175,true,"שקיות צליה ענק 5 יח ""שווה"" *",BURSA PAZARI טורקיה,,,יח,5,יח,false,1,3.90,0.78,true,1,
16400311,true,קיסמי שיניים מלחיה 300יח שווה*,חביב את פרנק בעמ (לוגיסטי ),,,יח,1,למארז,false,1,2.90,2.90,false,1,
16400328,true,קיסמי שיניים חבית 500יח שווה*,חביב את פרנק בעמ (לוגיסטי ),,,יח,1,למארז,false,1,3.90,3.90,false,1,
16400373,true,2day memorial candle,ווינפאק סחר בעמ,,,יח,1,יח,false,1,14.90,14.90,true,1,
16400380,true,גפרור ארוך שווה*,י.ד יבוא קל בעמ,,,יח,1,,false,1,5.90,5.90,false,1,
16400403,true,"שקיות חזקות 75/90 גליל 50 יח` ""שווה""",מ.א.מ.ס סחר בעמ,,,יח,25,למטר,false,1,11.90,0.48,true,1,
16400441,true,אשפתון גופיה 75/90 קרם 40 יחידות שווה*,מ.א.מ.ס סחר בעמ,,,יח,40,יח,false,1,15.90,0.40,true,1,
16400458,true,"מפת שולחן 45 מטר ניילון בגליל ""שווה""*",צח ליין בעמ,,,יח,25,למארז,false,1,19.80,0.79,true,1,
16400502,true,גפרורים *10 חדש שווה*,י.ד יבוא קל בעמ,,,יח,1,,false,1,4,4,false,1,
16400793,true,מפיות נייר 100יח שווה*,ווינפאק סחר בעמ,,,יח,1,יח,false,1,5.90,5.90,true,1,
16400953,true,"כפפות ניטריל XL כחול""שווה"" *",ווינפאק סחר בעמ,,,יח,100,יח,false,1,24.90,0.25,false,1,
16401103,true,"טורטייה ענקית 30ס""מ 6 יח 540 ג` ""שווה",רוברטו פוד בעמ,,,יח,6,יח,false,1,10.90,1.82,true,1,
16401141,true,"טורטייה תירס 8 יח 320 גרם""שווה""*",רוברטו פוד בעמ,,,יח,8,יח,false,1,9.90,1.24,true,1,
16401257,true,"קרם קוקוס 400 מ""ל 21%-22% שווה*",רוברטו פוד בעמ,,,יח,3,"ל 100 מ""ל",false,1,6.90,2.30,true,1,
16401295,true,"פרימיום צ`ילי מתוק 25% 700 מ""ל ""שווה",רוברטו פוד בעמ,,,יח,7,"ל 100 מ""ל",false,1,9.90,1.41,true,1,
16401356,true,"אננס חתוך 227 ג ""שווה"" *",TAKERNG PINEAPPLE INDUSTRIAL,,,יח,2.27,ל 100 גרם,false,1,3.90,1.72,false,1,
16401400,true,"פטריות שלמות 400ג` ""שווה"" *",GREENYARD PREPARED BV,,,יח,4,ל 100 גרם,false,24,6.90,1.73,true,1,
16401493,true,"מיץ לימון משומר 1 ליטר בד""ץ שווה*",פרידמן תעשיות חומץ ומזון בעמ,,,יח,1,לליטר,false,1,5.90,5.90,true,1,
16401509,true,חומץ 1 ליטר 5% (מכהל טבעי) שווה*,פרידמן תעשיות חומץ ומזון בעמ,,,יח,1,לליטר,false,1,5.90,5.90,true,1,
16401578,true,זוג רדיד אלומיניום ארוך 7.5/4.5 שווה,אופל אריזות בעמ,,,יח,1,יח,false,1,13.90,13.90,false,1,
16401585,true,זוג רדיד אלומיניום קצר 7.5/30 שווה*,אופל אריזות בעמ,,,יח,2,יח,false,1,10.90,5.45,false,1,
16401592,true,ניילון נצמד 28.5/30 זוגות שווה*,BURSA PAZARI טורקיה,,,יח,1,,false,1,7.90,7.90,true,1,
16401691,true,2day memorial candle,חביב את פרנק בעמ (לוגיסטי ),,,יח,20,יח,false,1,5.90,0.30,false,1,
16401707,true,2day memorial candle,חביב את פרנק בעמ (לוגיסטי ),,,יח,40,יח,false,24,9.90,0.25,true,1,
16401714,true,2day memorial candle,חביב את פרנק בעמ (לוגיסטי ),,,יח,125,יח,false,1,7.90,0.06,false,1,
16401745,true,קיסמי שניים חוט דנטלי 50 יח שווה (24,חביב את פרנק בעמ (לוגיסטי ),,,יח,1,יח,false,1,6.90,6.90,true,1,
16401752,true,קיסמי שיניים עם מברשת דנטלי 200 יח (48,חביב את פרנק בעמ (לוגיסטי ),,,יח,1,יח,false,1,7.90,7.90,true,1,
16401783,true,שקיות לקוביות קרח 12 יח`שווה (20 בקרט,ווינפאק סחר בעמ,,,יח,12,יח,false,20,3.90,0.33,false,1,
16401882,true,מארז 3 מיקרופייבר לרצפה ב PVC שווה *,HUBEI G YOUNG CO LTD,,,יח,1,יח,false,1,16.90,16.90,true,1,
16401899,true,מארז 10 מיקרופייבר כללי ב PVC שווה *,HUBEI G YOUNG CO LTD,,,יח,10,למארז,false,1,15.90,1.59,true,1,
16401905,true,"שקיות לפח קטן 45/40 ""שווה"" (20 בקרטון",ווינפאק סחר בעמ,,,יח,100,יח,false,20,8.90,0.09,true,1,
16401912,true,"שקיות מזון בקופסה 300 יח XL ""שווה"" *",ווינפאק סחר בעמ,,,יח,1,יח,false,20,7.90,7.90,true,1,
16401929,true,"שקיות מזון עם ידית 200 יח ""שווה""*",ווינפאק סחר בעמ,,,יח,1,יח,false,20,5.90,5.90,true,1,
16851472,true,אבקת שוקו 500ג 20 בקרטון ברמן *,בר מן תעשיות מזון בעמ,,,יח,5,ל 100 גרם,false,1,6.90,1.38,true,1,
17841250,true,"נוזל חלונות 1 ליטר ""שווה""*",ווינפאק סחר בעמ,,,יח,1,לליטר,false,15,4.90,4.90,true,1,
17841274,true,"חדש מרקיה 1 ק""ג (110 יח) שווה *",ווינפאק סחר בעמ,,,יח,110,יח,false,1,34.90,0.32,true,1,
17841656,true,מיקרופייבר מקצועי *2 בליסטר 50/80 שווה,HUBEI G YOUNG CO LTD,,,יח,2,יח,false,1,14.90,7.45,false,1,
17841700,true,"כפפות ניטריל שחור M ""שווה"" *",ווינפאק סחר בעמ,,,יח,100,יח,false,1,24.90,0.25,false,1,
17841717,true,"כפפות ניטריל שחור L ""שווה"" *",ווינפאק סחר בעמ,,,יח,100,יח,false,1,24.90,0.25,false,1,
17842004,true,תבניות ומכסים (R29)8B ו 10+10 שווה*,אופל אריזות בעמ,,,יח,1,יח,false,1,10.90,10.90,true,1,
17842028,true,תבניות ומכסים (R2)90 ו 5+5 שווה*,אופל אריזות בעמ,,,יח,1,יח,false,1,10.90,10.90,true,1,
17842035,true,תבניות ומכסים (R64)80A ו 5+5 שווה*,אופל אריזות בעמ,,,יח,1,יח,false,1,10.90,10.90,true,1,
17842202,true,נייר טישו כיס מארז 10יח` שווה*,חביב את פרנק בעמ (לוגיסטי ),,,יח,1,למארז,false,1,5.90,5.90,true,1,
17842226,true,פילה סרדין 125 גר` בשמן צמחי שווה*,רוברטו פוד בעמ,,,יח,1.25,ל 100 גרם,false,25,4.90,3.92,false,1,
17842233,true,מקרלים בשמן צמחי 125 גר` שווה*,רוברטו פוד בעמ,,,יח,1.25,ל 100 גרם,false,25,3.90,3.12,true,1,
17842554,true,"חמאת בוטנים בד""צ 510 קלאסית ""שווה""",NIZA S.A AGRENTINA,,,יח,5.10,ל 100 גרם,false,1,9.90,1.94,true,1,
17842561,true,"חמאת בוטנים בד""צ 510 קראנץ` ""שווה""",NIZA S.A AGRENTINA,,,יח,5.10,ל 100 גרם,false,1,9.90,1.94,true,1,
17842851,true,מגשים עגולים ענקים מעלי דקל 5יח שווה*,ווינפאק סחר בעמ,,,יח,5,יח,false,1,9.90,1.98,true,1,
32147230,true,לימון משומר 200,"דנשר (1963) בע,מ",,,יח,2,"ל 100 מ""ל",false,1,6.90,3.45,false,1,
40084107,true,קינדר ביצה בודד,פרימיום חברה לדברי מ.,,,יח,1,,false,1,5.90,5.90,false,1,
55090702,true,איגלו מן 70 יח,כרמית תעשיות ממתקים בעמ,,,יח,2.24,לליטר,false,1,12.90,5.76,false,1,
72940754,true,מילקי וניל,שטראוס גרופ בעמ (ח),,,יח,1.30,"ל 100 מ""ל",false,1,2.90,2.23,false,1,
72940761,true,מילקי,שטראוס גרופ בעמ (ח),,,יח,1.30,"ל 100 מ""ל",false,1,2.90,2.23,false,1,
72940952,true,מילקי פי 2 ק,שטראוס גרופ בעמ (ח),,,יח,1.70,"ל 100 מ""ל",false,1,3.60,2.12,false,1,
72940976,true,כרוב אדום 200,שטראוס גרופ בעמ (ח),,,יח,2.50,ל 100 גרם,false,1,8.90,3.56,false,1,
72940983,true,חומוס 250 אחלה,שטראוס גרופ בעמ (ח),,,יח,2.50,ל 100 גרם,false,1,6.90,2.76,false,1,
72941041,true,מלקי מיני,שטראוס גרופ בעמ (ח),,,יח,1.30,"ל 100 מ""ל",false,1,2.10,1.62,false,1,
72945308,true,קוביות שמרים,שטראוס גרופ בעמ (ח),,,יח,0.50,ל 100 גרם,false,1,3.50,7,false,1,
72961209,true,ש.שמנית,תנובה -חלב,,,יח,2,"ל 100 מ""ל",false,1,2.40,1.20,false,1,
72961223,true,גילה,תנובה -חלב,,,יח,2,"ל 100 מ""ל",false,1,1.50,0.75,false,1,
72961506,true,פרלי תות,תנובה -חלב,,,יח,1.25,"ל 100 מ""ל",false,1,3.40,2.72,false,1,
72961520,true,פרלי אננס ק,תנובה -חלב,,,יח,1.25,"ל 100 מ""ל",false,1,3.40,2.72,false,1,
72961544,true,באדי תות,תנובה -חלב,,,יח,1.25,"ל 100 מ""ל",false,1,2.80,2.24,false,1,
72964132,true,טבעגורט,תנובה -חלב,,,יח,2,"ל 100 מ""ל",false,1,4.90,2.45,false,1,
72986233,true,באדי מעדן וניל 125,תנובה -חלב,,,יח,1.25,"ל 100 מ""ל",false,1,2.80,2.24,false,1,
72986240,true,באדי תנובה מעדן,תנובה -חלב,,,יח,1.25,"ל 100 מ""ל",false,1,2.80,2.24,false,1,
72993637,true,דני שוקולד בודד,שטראוס גרופ בעמ (ח),,,יח,1.25,"ל 100 מ""ל",false,1,2.60,2.08,false,1,
72994061,true,פסק זמן גוד 2,שטראוס גרופ בעמ,,,יח,0,ל 100 גרם,false,1,4.50,4.50,false,1,
80001287,true,גרדנה 25 יח 38ג,ליימן שליסל בעמ,,,יח,1,,false,1,3.50,3.50,false,1,
80001461,true,גרדנה 25 יח שוקולד 38 גר,ליימן שליסל בעמ,,,יח,0.38,ל 100 גרם,false,1,3.50,9.21,false,1,
80001911,true,גרדנה לבנה יח 38ג,ליימן שליסל בעמ,,,יח,1,,false,1,3.50,3.50,false,1,
80050124,true,חטיף טיק טק,פרימיום חברה לדברי מ.,,,יח,0.16,ל 100 גרם,false,1,3.30,20.63,true,1,
80052760,true,קינדר בואנו,פרימיום חברה לדברי מ.,,,יח,1,,false,1,3.90,3.90,false,1,
80136194,true,וופל קרם הפי היפוי 5,פרימיום חברה לדברי מ.,,,יח,1.30,ל 100 גרם,false,1,12.90,9.92,false,1,
80176800,true,ממרח נוטלה 750 גרם,פרימיום חברה לדברי מ.,,,יח,7.50,ל 100 גרם,false,1,24.90,3.32,false,1,
80177173,true,ממרח נוטלה קטן 350 גרם,פרימיום חברה לדברי מ.,,,יח,3.50,ל 100 גרם,false,1,13.90,3.97,false,1,
80177609,true,קינדר 20*50 גר,פרימיום חברה לדברי מ.,,,יח,0.50,ל 100 גרם,false,1,3.80,7.60,false,1,
80177616,true,קינדר 100 גרם,פרימיום חברה לדברי מ.,,,יח,1,ל 100 גרם,false,1,6.90,6.90,false,1,
80310167,true,קינדר מקסי 126,פרימיום חברה לדברי מ.,,,יח,1,,false,1,9.90,9.90,false,1,
80773429,true,מנטוס בקבוק מעוגל טעם תות,ליימן שליסל בעמ,,,יח,0.24,ל 100 גרם,false,1,9.90,41.25,true,1,
80773443,true,מנטוס בקבוק מעוגל קטן ט. מנטה עדינה,ליימן שליסל בעמ,,,יח,0.24,ל 100 גרם,false,1,9.90,41.25,true,1,
80790990,true,מנטוס בקבוק מעוגל קטן ט. מנטה עדינה,ליימן שליסל בעמ,,,יח,0.24,ל 100 גרם,false,1,9.90,41.25,true,1,
80832560,true,מנטוס פ. יער ללא סוכר,ליימן שליסל בעמ,,,יח,1.28,ל 100 גרם,false,1,6.90,5.39,true,1,
80843184,true,מנטוס פיור בקבקוק ענבים,ליימן שליסל בעמ,,,יח,0.60,ל 100 גרם,false,1,9.90,16.50,true,1,
80854753,true,מנטוס מנטה ללא סוכר,ליימן שליסל בעמ,,,יח,1.28,ל 100 גרם,false,1,6.90,5.39,true,1,
80862130,true,מנטוס פיור פרש בטעם אבטיח,ליימן שליסל בעמ,,,יח,0,ל 100 גרם,false,1,3.50,3.50,true,1,
80864295,true,מנטוס מנטה עדינה,ליימן שליסל בעמ,,,יח,1,ל 100 גרם,false,1,9.90,9.90,true,1,
80896081,true,מנטוס בקבוק מעוגל טעם אבטיח,ליימן שליסל בעמ,,,יח,0.24,ל 100 גרם,false,1,9.90,41.25,true,1,
80913467,true,מנטוס בקבוק מעוגל קטן ט. מנטה,ליימן שליסל בעמ,,,יח,0.24,ל 100 גרם,false,1,9.90,41.25,true,1,
80945468,true,מנטוס מנטה מתוקה,ליימן שליסל בעמ,,,יח,1,ל 100 גרם,false,1,9.90,9.90,true,1,
80954521,true,מנטוס פיור פרש בטעם תות,ליימן שליסל בעמ,,,יח,0,ל 100 גרם,false,1,3.50,3.50,true,1,
80979128,true,מנטוס פיור בקבקוק דובדבן,ליימן שליסל בעמ,,,יח,0.60,ל 100 גרם,false,1,9.90,16.50,true,1,
80982470,true,מנטוס בקבוק מעוגל קטן ט. מנטה,ליימן שליסל בעמ,,,יח,0.24,ל 100 גרם,false,1,9.90,41.25,true,1,
80995128,true,מנטוס בקבוק טעם הרדים,ליימן שליסל בעמ,,,יח,0.24,ל 100 גרם,false,1,9.90,41.25,true,1,
87108538,true,מנטוס תות,ליימן שליסל בעמ,,,יח,0.37,ל 100 גרם,false,1,2.90,7.84,false,1,
87108651,true,מנטוס מנטה 4 יח,ליימן שליסל בעמ,,,יח,1,,false,1,10.90,10.90,false,1,
87108712,true,מנטוס פירות 1/4,ליימן שליסל בעמ,,,יח,1.50,ל 100 גרם,false,1,10.90,7.27,false,1,
87311396,true,מנטוס מיקס,ליימן שליסל בעמ,,,יח,0.37,ל 100 גרם,false,1,2.90,7.84,false,1,
100245231,true,KNORR CAS PLUS CH. FLAVOR W.SOUP ALMONDS,"יוניליוור ישראלשיווק בע""מ",,,יח,0.50,ל 100 גרם,false,12,6.50,13,true,1,
100341803,true,בונזו חטיף רצועות עוף,דיפלומט מפיצים {1968}בעמ,,,יח,0.90,ל 100 גרם,false,1,4.90,5.44,false,1,
100700006,true,Wheat 1kg - Sugat,סוגת תעשיות בעמ,,,יח,10,ל 100 גרם,false,1,8.90,0.89,true,1,
100700075,true,Golden breadcrumbs 200g - Sugat,סוגת תעשיות בעמ,,,יח,2,ל 100 גרם,false,1,4.10,2.05,true,1,
100700419,true,Bulgur 1 kg - Sugat,סוגת תעשיות בעמ,,,יח,10,ל 100 גרם,false,1,7.90,0.79,true,1,
100700587,true,Bulgur 500g - Sugat,סוגת תעשיות בעמ,,,יח,5,ל 100 גרם,false,12,4.90,0.98,true,1,
100701126,true,Shaoiat GP 500 g - Sugat,סוגת תעשיות בעמ,,,יח,5,ל 100 גרם,false,1,10.90,2.18,true,1,
100701140,true,Arborio risotto rice 1 kg - Sugat,סוגת תעשיות בעמ,,,יח,10,ל 100 גרם,false,1,12.90,1.29,false,1,
100701157,true,Making sushi rice - Sugat,סוגת תעשיות בעמ,,,יח,10,ל 100 גרם,false,1,11.90,1.19,false,1,
100701300,true,Red quinoa 500 g - Sugat,סוגת תעשיות בעמ,,,יח,5,יח,false,1,14.90,2.98,true,1,
100701454,true,Grisha 500g - Sugat,סוגת תעשיות בעמ,,,יח,5,ל 100 גרם,false,1,4.90,0.98,true,1,
100702253,true,שמרים יבשים בפחית 100ג סוגת*,סוגת תעשיות בעמ,,,יח,5,ל 100 גרם,false,1,7.90,1.58,false,1,
100702277,true,Thick 350g couscous - Sugat,סוגת תעשיות בעמ,,,יח,3.50,ל 100 גרם,false,1,4.90,1.40,false,1,
100702284,true,350 g whole wheat couscous - Sugat,סוגת תעשיות בעמ,,,יח,3.50,ל 100 גרם,false,1,4.90,1.40,false,1,
100702666,true,פתיתים אפויים עם בצל 400 ג סוגת,סוגת תעשיות בעמ,,,יח,5,ל 100 גרם,false,1,4.90,0.98,false,1,
100702741,true,סוכר חום בהיר צנצנת סוגת*,סוגת תעשיות בעמ,,,יח,1,"לק""ג",false,1,10.90,10.90,false,1,
100703496,true,פרורי לחם מוזהבים 500 ג`סוגת*,סוגת תעשיות בעמ,,,יח,5,ל 100 גרם,false,12,6.90,1.38,false,1,
100703847,true,50 sticks of brown sugar - Sugat,סוגת תעשיות בעמ,,,יח,2.50,ל 100 גרם,false,1,8.90,3.56,false,1,
100703953,true,Cornflour 500g - Sugat,סוגת תעשיות בעמ,,,יח,5,ל 100 גרם,false,1,11.90,2.38,false,1,
100703960,true,Cornflour 500g - Sugat,סוגת תעשיות בעמ,,,יח,5,ל 100 גרם,false,1,11.90,2.38,false,1,
102393060,true,מולר מיקס יוגורט בתוספת גליליות קרם,החברה המרכזית טלהפצת משקאות בע,,,יח,1.50,"ל 100 מ""ל",false,1,5.90,3.93,false,1,
102393169,true,מולר סימפלי פרוייט תות שדה,החברה המרכזית טלהפצת משקאות בע,,,יח,1.50,ל 100 גרם,false,1,5.50,3.67,true,1,
102393268,true,גבינה לבנה 5%-750 גרם,החברה המרכזית טלהפצת משקאות בע,,,יח,7.50,ל 100 גרם,false,1,14.90,1.99,false,1,
102393947,true,מולר סימפלי פרויט,החברה המרכזית טלהפצת משקאות בע,,,יח,1.50,ל 100 גרם,false,1,5.50,3.67,true,1,
102395378,true,גבינה צהובה 28% 360 גר`,החברה המרכזית טלהפצת משקאות בע,,,יח,3.60,ל 100 גרם,false,1,22.90,6.36,false,1,
102396443,true,מוו וניל,החברה המרכזית טלהפצת משקאות בע,,,יח,5,ל 100 גרם,false,1,2.90,0.58,true,1,
102397204,true,גבינה צהובה%22 200 גר`,החברה המרכזית טלהפצת משקאות בע,,,יח,2.20,ל 100 גרם,false,1,18.90,8.59,false,1,
103401429,true,קפה פלטינום ברזילאי,שטראוס גרופ בעמ,,,יח,2,ל 100 גרם,false,1,24.90,12.45,true,1,
104061417,true,חומוס טחינה 400 גר`אחלה,שטראוס גרופ בעמ (ח),,,יח,1,,false,1,10.90,10.90,false,1,
104061424,true,חומוס זעתר 400 גר`אחלה,שטראוס גרופ בעמ (ח),,,יח,4,ל 100 גרם,false,1,10.90,2.73,false,1,
104061431,true,חומוס צנובר 400 גר`אחלה,שטראוס גרופ בעמ (ח),,,יח,4,ל 100 גרם,false,1,10.90,2.73,false,1,
104061448,true,חומוס חריף 400 גר`אחלה,שטראוס גרופ בעמ (ח),,,יח,4,ל 100 גרם,false,1,10.90,2.73,false,1,
104062599,true,גמדים מארז חיסכון,שטראוס גרופ בעמ (ח),,,יח,1,,false,1,17.90,17.90,false,1,
104065187,true,קפה נמס מוקה 200 גר עלית,שטראוס גרופ בעמ,,,יח,2,ל 100 גרם,false,1,26.90,13.45,false,1,
104066566,true,טחינה בשומשום מלא,שטראוס גרופ בעמ (ח),,,יח,5,ל 100 גרם,false,1,13.90,2.78,true,1,
104500572,true,אפרופו איטליאנו 50 גרם,קבוצת אוסם סחר שותפות מוגבלת,,,יח,0.50,ל 100 גרם,false,1,4.90,9.80,true,1,
104501661,true,פודינג בטעם וניל צרפתי,קבוצת אוסם סחר שותפות מוגבלת,,,יח,0.80,ל 100 גרם,false,1,5.80,7.25,true,1,
104503184,true,עוגת שבת בראוניס ט. ריבת חלב,קבוצת אוסם סחר שותפות מוגבלת,,,יח,3.80,ל 100 גרם,false,1,14.90,3.92,false,1,
104504228,true,מארז דובונים,קבוצת אוסם סחר שותפות מוגבלת,,,יח,1,ל 100 גרם,false,1,12.90,12.90,true,1,
104721762,true,מארז טורקי שלישיות,שטראוס גרופ בעמ,,,יח,2.55,ל 100 גרם,false,1,19.90,7.80,false,1,
104722530,true,תפוצ`יפס בטעם שמנת בצל,שטראוס פריטו ליי בעמ,,,יח,2,ל 100 גרם,false,1,9.90,4.95,true,1,
104726712,true,מארז מילקי שמניה,שטראוס גרופ בעמ (ח),,,יח,8,למארז,false,1,19.90,2.49,false,1,
104728310,true,"שמנת מתוקה 38%-250 מ""ל{פ}",שטראוס גרופ בעמ (ח),,,יח,5,ל 100 גרם,false,1,6.47,1.29,true,1,
104961250,true,תחליב רחצה מגע קטיפה וניל,החברה הדרומית לשיווק בעמ,,,יח,7.50,לליטר,false,1,9.90,1.32,false,1,
105180261,true,משחת נעליים+ ידית מארז חיסכון,אריסטוקרט מ.ב.ליבוא שווק בעמ,IL,,יח,2,ל 100 גרם,false,1,9.90,4.95,false,1,
105180278,true,משחת נעליים+ ידית,אריסטוקרט מ.ב.ליבוא שווק בעמ,IL,,יח,0.60,ל 100 גרם,false,1,4.50,7.50,false,1,
105366023,true,חצילים בטעם כבד 400,שטראוס גרופ בעמ (ח),,,יח,4,ל 100 גרם,false,1,14.90,3.73,true,1,
105366047,true,טחינה לבנה 400 גר`אחלה,שטראוס גרופ בעמ (ח),,,יח,5,ל 100 גרם,false,1,15.90,3.18,true,1,
105691224,true,חטיפי טורטיות,קבוצת אוסם סחר שותפות מוגבלת,,,יח,0.60,ל 100 גרם,false,1,6.90,11.50,false,1,
105962331,true,סחוג אדום תימני,שטראוס גרופ בעמ (ח),,,יח,2.20,ל 100 גרם,false,1,11.90,5.41,false,1,
106575431,true,עוגת סופלה בטעם שוקו וניל,קבוצת אוסם סחר שותפות מוגבלת,,,יח,3.40,ל 100 גרם,false,1,11.90,3.50,false,1,
106577282,true,טחינה מרובע צבר 400 גרם,קבוצת אוסם סחר שותפות מוגבלת,,,יח,4,ל 100 גרם,false,1,11.90,2.98,true,1,
106577541,true,כרוב אדום מרובע צבר 400 גרם,קבוצת אוסם סחר שותפות מוגבלת,,,יח,4,ל 100 גרם,false,1,11.90,2.98,true,1,
107646918,true,KNORR CIS GARLIC&HERB BDZ 8X320G,"יוניליוור ישראלשיווק בע""מ",,,יח,4.15,ל 100 גרם,false,1,9.90,2.39,false,1,
107647854,true,"שוגי 500 בד""צ *","יוניליוור ישראלשיווק בע""מ",,,יח,5,ל 100 גרם,false,1,19.90,3.98,true,1,
107945165,true,קונפיטורה משמש,שטראוס גרופ בעמ,,,יח,3.40,ל 100 גרם,false,1,12.90,3.79,true,1,
107951111,true,וופל לימון 200,שטראוס גרופ בעמ,,,יח,2,ל 100 גרם,false,1,3.90,1.95,false,1,
108350531,true,ספארק כלים לימון 1 ליטר+ משאבה,החברה הדרומית לשיווק בעמ,,,יח,10,"ל 100 מ""ל",false,1,11.90,1.19,false,1,
112492449,true,"פינוק שמפו לשיער רגיל 700 מ""ל*","יוניליוור ישראלשיווק בע""מ",,,יח,7,"ל 100 מ""ל",false,1,11.90,1.70,false,1,
112495433,true,TELMA DELIPECAN BADATZ 2011 12X400 GR,"יוניליוור ישראלשיווק בע""מ",,,יח,4,ל 100 גרם,false,1,19.90,4.98,false,1,
112870322,true,Green olives rings 15-17 a2,קבוצת יבנה מוצרי מזון,,,יח,5.60,ל 100 גרם,false,1,8.90,1.59,false,1,
113192348,true,זית ירוק 17-19 בית השיטה,קבוצת אוסם סחר שותפות מוגבלת,,,יח,3.40,ל 100 גרם,false,1,9.90,2.91,true,1,
117032053,true,סכינים איכותיות 40יח צבעוני שווה*,ווינפאק סחר בעמ,,,יח,40,יח,false,1,5.90,0.15,false,1,
117032084,true,כפות איכותיות 40יח צבעוני שווה*,ווינפאק סחר בעמ,,,יח,40,יח,false,1,5.90,0.15,false,1,
117032114,true,כפיות איכותי 40יח צבעוני שווה*,ווינפאק סחר בעמ,,,יח,40,יח,false,1,5.90,0.15,false,1,
201277006,true,תבנית 200 ענק R99 פאלאס*,אופל אריזות בעמ,,,יח,1,יח,false,1,1.90,1.90,false,1,
201277034,true,תבנית אינגליש,מוצרים כימיים בעמ,,,יח,1,,false,1,1.20,1.20,true,1,
1083518117,true,מרכך מקסימה סופר מרוכז,החברה הדרומית לשיווק בעמ,,,יח,10,"ל 100 מ""ל",false,1,17.90,1.79,false,1,
9800800056,true,נטולה גו חדש,פרימיום חברה לדברי מ.,,,יח,0.52,יח,false,1,5.50,10.58,false,1,
16000423534,true,חטיף בריאות שיבולת שועל שוקולד מריר,ליימן שליסל בעמ,,,יח,2.10,ל 100 גרם,false,1,15.90,7.57,true,1,
16000548404,true,גרנולה חטיף טבעי קראנצ,ליימן שליסל בעמ,,,יח,2.10,ל 100 גרם,false,1,15.90,7.57,true,1,
16000548503,true,קרנצ יחטיפי גרנולה,ליימן שליסל בעמ,,,יח,2.10,ל 100 גרם,false,1,15.90,7.57,true,1,
16000548909,true,חטיף בריאות מעורב,ליימן שליסל בעמ,,,יח,2.10,ל 100 גרם,false,1,15.90,7.57,true,1,
18000701223,true,תערובת עוגה בטעם שוקולד,ליימן שליסל בעמ,,,יח,5,ל 100 גרם,false,1,17.90,3.58,false,1,
19548003107,true,צימקאו בטעם שוקולד לבן 300,תה ויסוצקי (ישראל)בעמ,,,יח,3,ל 100 גרם,false,1,8.50,2.83,false,1,
22200956932,true,ס. סטיק ג ל כחול ק,ש.שסטוביץ בעמ,,,יח,1,ל 100 גרם,false,1,19.90,19.90,true,1,
34000544028,true,ליקוריץ תות 198 ג,ליימן שליסל בעמ,,,יח,1.50,ל 100 גרם,false,1,7.90,5.27,false,1,
38000138638,true,פרינגלס פיצה 158 גר`,דיפלומט מפיצים {1968}בעמ,,,יח,1.58,ל 100 גרם,false,1,9.90,6.27,true,1,
38000202278,true,פרינגלס גלי בטעם אורגינל 130 גר`,דיפלומט מפיצים {1968}בעמ,,,יח,1.30,ל 100 גרם,false,1,9.90,7.62,true,1,
38000232176,true,54פרינגלס שמנת בצל 158 גר`,דיפלומט מפיצים {1968}בעמ,,,יח,1.58,ל 100 גרם,false,1,9.90,6.27,true,1,
38000232183,true,פרינגלס אורגינל 149 גר`,דיפלומט מפיצים {1968}בעמ,,,יח,1.58,ל 100 גרם,false,1,9.90,6.27,true,1,
46214731552,true,עוגיות שוקוצי פס מרווה,ש.שסטוביץ בעמ,,,יח,2.25,ל 100 גרם,false,1,8.90,3.96,false,1,
50000084500,true,פריסקיז מעדני השף,קבוצת אוסם סחר שותפות מוגבלת,,,יח,1.42,"לק""ג",false,1,35.90,25.28,false,1,
50000168583,true,פריסקיז אקסטרא קראנץ,קבוצת אוסם סחר שותפות מוגבלת,,,יח,1.42,"לק""ג",false,1,36.90,25.99,false,1,
64144090051,true,שמן פאם על בסיס קנולה,ליימן שליסל בעמ,,,יח,1.48,"ל 100 מ""ל",false,1,17.90,12.09,false,1,
73490130946,true,פתיבר קלאסי חמאה 500 גרם הדר*,אפיפית נצרת תעשיות בסקויט,,,יח,5,ל 100 גרם,false,1,5.90,1.18,false,1,
73490130953,true,פתיבר קלאסי שוקו 500 גרם הדר *,אפיפית נצרת תעשיות בסקויט,,,יח,5,ל 100 גרם,false,1,5.90,1.18,false,1,
85659100006,true,עוגיות עבדי מלח 400,תה ויסוצקי (ישראל)בעמ,,,יח,4,ל 100 גרם,false,1,17.90,4.48,false,1,
324787290109,true,מעורב ירושלמי גוליה,ג`וליה מעדני בשר בעמ,,,"לק""ג",1,,true,1,58.90,58.90,false,1,
324787290153,false,טבעות טחול עגל גוליה,ג`וליה מעדני בשר בעמ,,,"לק""ג",1,,true,1,79,79,false,1,
324787290189,true,המבורגר אנטריקוט גוליה,ג`וליה מעדני בשר בעמ,,,"לק""ג",10,ל 100 גרם,true,1,58.90,5.89,false,1,
324787290230,true,קבבוני אנגוס גוליה,ג`וליה מעדני בשר בעמ,,,"לק""ג",10,ל 100 גרם,true,1,58.90,5.89,false,1,
324787290500,true,קבבוני פרגית גוליה,ג`וליה מעדני בשר בעמ,,,"לק""ג",10,ל 100 גרם,true,1,58.90,5.89,false,1,
608011104238,true,לחמניות המבורגר,גיא שיווק טוב,,,יח,1,יח,false,1,12.90,12.90,false,1,
710069006867,true,עוגיות סנדויץ וניל 150 ג`הדר*,אפיפית נצרת תעשיות בסקויט,,,יח,1.75,ל 100 גרם,false,1,3.50,2,true,1,
710800027573,true,מיני מנטוס שקית,ליימן שליסל בעמ,,,יח,1.78,ל 100 גרם,false,1,13.50,7.58,false,1,
729019056621,true,ספרינג 1.5 פירות קיץ,יפאורה שותפות מוגבלת לשיווק,,,יח,15,"ל 100 מ""ל",false,1,8.90,0.57,true,1,
729107645591,true,KNORR ANI CHICKEN FLV BDZ SAVVY 6X400G,"יוניליוור ישראלשיווק בע""מ",,,יח,4,ל 100 גרם,false,1,14.90,3.73,false,1,
729111563492,true,מטבוחה חריפה מרובע צבר 400 גרם,קבוצת אוסם סחר שותפות מוגבלת,,,יח,4,ל 100 גרם,false,1,11.90,2.98,true,1,
769904002014,true,מיני טוסטים 180 גר`טבעי מלוחח,בטר אנד דיפרנט בעמ,,,יח,1.80,ל 100 גרם,false,1,11.90,6.61,false,1,
856591000055,true,עוגיות עבדי קריספי 400,תה ויסוצקי (ישראל)בעמ,,,יח,4,ל 100 גרם,false,1,17.90,4.48,false,1,
856591000512,true,עוגיות מזרחיות מקלות לניגוב,תה ויסוצקי (ישראל)בעמ,,,יח,4,ל 100 גרם,false,1,17.90,4.48,true,1,
856591000918,true,מארז חטיף טבעי 8*40 גר`,תה ויסוצקי (ישראל)בעמ,,,יח,3.20,ל 100 גרם,false,1,17.90,5.59,false,1,
877300005987,true,"פפריקה הונגרית בשמן 1 ק""ג",נפטון מוצרי מזון 1990 בעמ,,,יח,0.60,ל 100 גרם,false,1,35,58.33,false,1,
893594002051,true,חטיף פופקורן צ`יפס טעם גבינת צ`דר,שטראוס פריטו ליי בעמ,,,יח,0.32,ל 100 גרם,false,1,5.90,18.44,false,1,
2617290001990,false,Hummus 1 kg - Sugat,סוגת תעשיות בעמ,,,יח,10,ל 100 גרם,false,1,13.90,1.39,false,1,
3014260287030,false,ג`ילט סכיני גילוח חדפ לגבר יבוא מקביל,פארמה דיל (פ.א.ב.) שיווק והפצה,,,יח,1,,false,1,7.90,7.90,true,1,
3282554138911,false,כפיות לבן 100 יח PP ארקפלסט (40 בק`)*,ח.כהן סוכנות מזון ומשקאות בע,,,יח,100,יח,false,1,8.90,0.09,true,1,
3282554174841,false,מזלגות לבן 100 יח PP ארקפלסט (40 בק`),ח.כהן סוכנות מזון ומשקאות בע,,,יח,100,יח,false,1,8.90,0.09,true,1,
3282554174957,false,כפות לבן 100 יח PP ארקפלסט (40 בק`)*,ח.כהן סוכנות מזון ומשקאות בע,,,יח,100,יח,false,1,8.90,0.09,true,1,
3387390525960,false,קראנץ' דגני בוקר עם שוקולד חלב נסטלה 500 גרם,קבוצת אוסם סחר שותפות מוגבלת,,,יח,5,ל 100 גרם,false,1,21.90,4.38,true,1,
3574660089547,false,טמפונים נורמל קלאסי אובה 32 יחידות,ג'\ונסון אנד ג'\ונסון,,,יח,1,,false,1,24.90,24.90,false,1,
3574661141022,false,וניה תחבושות הגייניות מקסי לילה 12 יח,ש.שסטוביץ בעמ,,,יח,1,,false,1,23.90,23.90,false,1,
3574661487335,false,מגן תחתון קרפרי מקסי לונג ריחני 40 יחידות,ש. שסטוביץ בע`מ,,,יח,1,,false,1,15.90,15.90,true,1,
3574661487618,false,קרפרי מגן תחתון מקסי לארג'' מבושם 48 יח'',ג'ויה מעבדות לקוסמטי,,,יח,1,,false,1,15.90,15.90,true,1,
3574661530697,false,גונסונס בייבי תרחיץ ושמפו לתינוק 500 מל,ג'ונסונס Johnson's,,,יח,5,ל 100 גרם,false,1,18.90,3.78,true,1,
3574661552804,false,מגן תחתון קרפרי אלוורה 56 יחידות,הדקלאים אגודת שיתופי,,,יח,1,,false,1,15.90,15.90,true,1,
3574661552811,false,מגן תחתון קרפרי כותון אוורירי 56 יחידות,הדקלאים אגודת שיתופי,,,יח,1,,false,1,15.90,15.90,true,1,
3574661554877,false,מגן תחתון קרפרי כותון מבושם 56 יחידות,הנסיך- מפעל לייצור ט,,,יח,1,,false,1,15.90,15.90,true,1,
3574661554884,false,קרפרי מגן תחתון רגיל טנגה מבושם 56 יח,הדקלאים אגודת שיתופי,,,יח,1,,false,1,15.90,15.90,true,1,
3574669907972,false,"גונסונס שמפו טיפות של ברק 750 מ""ל חדש",ג'ונסונס Johnson's,,,יח,7.50,ל 100 גרם,false,1,21.90,2.92,true,1,
3800163830066,false,זיתים ירוקים שלמים במלח 720 גרם,נאמן לאורך זמן בעמ,,,יח,7.20,ל 100 גרם,false,1,14.90,2.07,false,1,
4000417101211,false,גלילי וופל עם קרם אגוזי לוז בציפוי שוקולד חלב,ליימן שליסל בע`מ,,,יח,1.50,ל 100 גרם,false,1,17.90,11.93,false,1,
4004666042004,false,"מלרוד מרסס משמיד עובש יעקבי 500 מ""ל","יעקב יעקבי ובניו בע""מ",,,יח,5,"ל 100 מ""ל",false,1,30.90,6.18,false,1,
4008287051032,false,בירה קרומבאכר פילס 0.50 ליטר פחית,מנדלז סי.אר. פרודקשן,,,"ל 100 מ""ל",5,ל 100 גרם,false,1,9.60,1.92,true,1,
4008287905786,false,בירה קרומבאכר חיטה 5.3% פחית 500 מל,אגודת הכורמים -כרמל מזרחי,,,"ל 100 מ""ל",5,ל 100 גרם,false,1,9.90,1.92,true,1,
4014400901191,false,בונבונריית מרסי מבחר ממתקי שוקולד 250 גרם,ליימן שליסל בע`מ,,,יח,2.50,ל 100 גרם,false,1,24.90,9.96,false,1,
4014400904390,false,סוכריות טופי ממולא חלב סטורק 325 גרם,קריניציה ויטמינה אס,,,יח,3.25,ל 100 גרם,false,1,14.90,4.58,false,1,
4014400910063,false,סוכריות חמאה וורטרס אורגינל (135 גרם),ליימן שליסל בע`מ,,,יח,1.35,ל 100 גרם,false,1,7.90,5.85,true,1,
4014400923711,false,בונבוניירה שוקולד אגוזים טופיפי 125 גרם,ליימן שליסל בע`מ,,,יח,1.25,ל 100 גרם,false,1,11.90,9.52,false,1,
4015400564034,false,מגן תחתון אולוויז מגה פק לונג פלוס 58 יחידות,דיפלומט מפיצים (1986) בע`מ,,,יח,1,,false,1,19.90,19.90,true,1,
4015400564454,false,מגני תחתון אולוויז לארג' עם ניחוח מגה פק,דיפלומט מפיצים (1986) בע`מ,,,יח,1,,false,1,19.90,19.90,true,1,
4015400731719,false,תחבושות היגייניות אולוויז יום ולילה Day & Night,דיפלומט מפיצים (1986) בע`מ,,,יח,1,,false,1,19.90,19.90,true,1,
4015400746812,false,מגני תחתון אולוויז נורמל עם ניחוח מגה פק,דיפלומט מפיצים (1986) בע`מ,,,יח,1,,false,1,19.90,19.90,true,1,
4015400755241,false,תחבושות היגייניות אולוויז אולטרה נורמל - 28 יח',דיפלומט מפיצים (1986) בע`מ,,,יח,1,,false,1,19.90,19.90,true,1,
4015400755487,false,תחבושות היגייניות אולוויז אולטרה לונג - 24 יח',דיפלומט מפיצים (1986) בע`מ,,,יח,1,,false,1,19.90,19.90,true,1,
4015400990543,false,"אבקת כביסה קולור 8 ק""ג אריאל",דיפלומט מפיצים (1968) בעמ,,,יח,8,"לק""ג",false,1,59.90,7.49,false,1,
4015600762742,false,שמפו יומיומי למניעת קשקשים הנוסחה הקלאסית,דיפלומט מפיצים (1986) בע`מ,,,יח,5,"ל 100 מ""ל",false,1,17.90,3.58,false,1,
4015600762780,false,שמפו וקונדישינר יומיומי למניעת קשקשים הנוסחה הקלאסית 2in1,דיפלומט מפיצים (1986) בע`מ,,,יח,5,"ל 100 מ""ל",false,1,17.90,3.58,false,1,
4015600762902,false,"האד אנד שולדרס שמפו מנטול 500 מ""ל",דיפלומט מפיצים (1986) בע`מ,,,יח,5,"ל 100 מ""ל",false,1,17.90,3.58,false,1,
4015600766900,false,"שמפו ומרכ ך נגד קשקשים 500 מ""ל הד אנד שולדרס",דיפלומט מפיצים (1986) בע`מ,,,יח,5,"ל 100 מ""ל",false,1,17.90,3.58,false,1,
4017100198151,false,בלזן היט ביסקוויט עם מלית קרם בטעם וניל (41%) 220 גרם,הדקלאים אגודת שיתופי,,,יח,2.20,ל 100 גרם,false,1,7.90,3.59,true,1,
4022025001752,false,בלו נאן מבעבע חצי יבש כשר *,היכל היין שקד גולן בעמ,,,יח,7.50,"ל 100 מ""ל",false,1,49.90,6.61,false,1,
4084500088917,false,נוזל לניקוי כלים לימון פיירי (650 מל),דיפלומט מפיצים (1986) בע`מ,,,יח,6.50,"ל 100 מ""ל",false,1,10.90,1.68,false,1,
4084500371422,false,"אבקת כביסה אריאל שושן צחור 8 ק""ג",דיפלומט מפיצים (1968) בעמ,,,יח,80,ל 100 גרם,false,1,59.90,0.75,false,1,
4084500371453,false,"אבקת כביסה טייד אלפיין 8 ק""ג",דיפלומט מפיצים (1968) בעמ,,,יח,5,"לק""ג",false,1,41.90,8.38,false,1,
4084500853836,false,"נוזל כלים פיירי ורדים ומשי 515 מ""ל בד""צ",דיפלומט מפיצים (1986) בע`מ,,,יח,5.15,"ל 100 מ""ל",false,1,10.90,2.12,false,1,
4084500853898,false,"נוזל כלים פיירי אלוורה ומלפפונים 515 מ""ל בד""צ",דיפלומט מפיצים (1986) בע`מ,,,יח,5.15,"ל 100 מ""ל",false,1,10.90,2.12,false,1,
4084500854048,false,נוזל לניקוי כלים לימון פיירי (1.24 ליטר),דיפלומט מפיצים (1968) בעמ,,,יח,1.24,"ל 100 מ""ל",false,1,14.80,11.94,false,1,
4105120623941,false,"בירה ויינשטפן בק' ח""פ 500 מ""ל",החברה המרכזית להפצת משקאות בעמ,,,ל 100 גרם,5,יח,false,1,11.90,2.32,false,1,
4800888150080,false,"דאב - דאודורנט רול און לאישה פרש טאצ' מלפפונים 50 מ""ל",יוניליוור ישראל שיווק בע`מ,,,יח,1,,false,1,14.90,14.90,false,1,
4891228430047,false,סכיני גילוח שיק אקזקטה 2 ירוק 10 יח',אנרג'יזר Energizer,,,יח,1,,false,1,24.90,24.90,true,1,
4891228430085,false,סכיני גילוח שיק אקסטרים קומפורט לגבר 3 להבים 4 יחידות,אנרג'יזר Energizer,,,יח,1,,false,1,19.90,19.90,true,1,
4891228430092,false,סכיני גילוח שיק אקסטרים קומפורט לנשים 3 להבים 4 יחידות,אנרג'יזר Energizer,,,יח,1,,false,1,19.90,19.90,true,1,
4891228460242,false,שיק קוואטרו חד פעמי לנשים 3 יחידות,אנרג'יזר Energizer,,,יח,1,,false,1,29.90,29.90,true,1,
5000204153729,false,מטהר אוויר גלייד מילוי אוטומטי לבנדר וניל,המאפיה של הרמן,,,יח,2.69,"ל 100 מ""ל",false,1,13.90,5.17,false,1,
5000204153903,false,מטהר אוויר גלייד מילוי אוטומטי מרכך כביסה,"קוסטר אירוסול ואלף סאן,",,,יח,2.69,"ל 100 מ""ל",false,1,13.90,5.17,false,1,
5000204155815,false,"גלייד מארז אוטומטי מרכך כביסה 269 מ""ל","דנשר (1963) בע,מ",,,יח,2.69,"ל 100 מ""ל",false,1,44.90,16.69,true,1,
5000204658064,false,"ספוגית הברקה קיווי אקספרס שחור 6 מ""ל",המאפיה של הרמן,,,יח,75,"ל 100 מ""ל",false,1,15.90,0.21,false,1,
5000204658187,false,משחת נעליים קראון שחור קיווי (75 מל),אס' סי' ג'ונסון במה,,,יח,0.88,"ל 100 מ""ל",false,1,14.90,16.93,false,1,
5010182997680,false,"ארוסול-קוטל זוחלים אדום 400 מ""ל",אס.סי.ג'ונסון מידרכט,,,יח,4,"ל 100 מ""ל",false,1,13.90,3.48,false,1,
5010677554398,false,בריזר אבטיח בבקבוק בקרדי (275 מל),בקרדי בריזר Bacardi Breezer,,,יח,2.75,"ל 100 מ""ל",false,1,13.40,4.76,true,1,
5029053523446,false,קוטקס - תחבושות אולטרה נייט + כנפיים 20 יח',קימברלי קלארק ישראל שיווק בעמ,,,יח,1,,false,1,17.90,17.90,false,1,
5029053527574,false,האגיס תחתון ספיגה 4-7 בנים דריי נייטס 10 יחידות,קימברלי קלארק ישראל שיווק בעמ,,,יח,1,,false,1,39.90,39.90,false,1,
5060517886486,false,"משקה אנרגיה מונסטר אנרג'י בפחית 500 מ""ל",החברה המרכזית להפצת משקאות בעמ,,,יח,5,"ל 100 מ""ל",false,1,6.90,1.32,true,1,
5060639128051,false,"משקה אנרגיה מונסטר אולטרה בפחית 500 מ""ל",החברה המרכזית להפצת משקאות בעמ,,,יח,5,"ל 100 מ""ל",false,1,6.90,1.32,true,1,
5060639129102,false,"משקה אנרגיה מונסטר אנרג'י מנגו בפחית 500 מ""ל",החברה המרכזית להפצת משקאות בעמ,,,יח,5,"ל 100 מ""ל",false,1,6.90,1.32,true,1,
5060751218173,false,"משקה אנרגיה מונסטר אנרג'י piplin punch בפחית 500 מ""ל",החברה המרכזית להפצת משקאות בעמ,,,יח,5,"ל 100 מ""ל",false,1,6.90,1.32,true,1,
5099864006377,false,תחליף חלב מהדרין שלב 1 סימילאק אדוונס 90,אבוט מעבדות רפואיות,,,יח,9,ל 100 גרם,false,1,74.90,8.32,false,1,
5099864006384,false,סימילאק למהדרין שלב 2 אריזת חיסכון 900 ג.,אבוט מעבדות רפואיות,,,יח,9,ל 100 גרם,false,1,74.90,8.32,false,1,
5099864006391,false,סימילאק למהדרין שלב 3 אריזת חיסכון 900 ג,אבוט מעבדות רפואיות,,,יח,9,ל 100 גרם,false,1,74.90,8.32,false,1,
5391523057943,false,סימילאק גולד שלב 3 תרכובת מזון על בסיס חלב,אבוט מעבדות רפואיות,,,יח,7,ל 100 גרם,false,1,69.90,9.99,false,1,
5410126006087,false,ביסקויט ביסקפה לוטוס בטעם קרמל 700גר`ב,דיפלומט מפיצים (1968) בעמ**,,,יח,7,ל 100 גרם,false,1,23.90,3.41,false,1,
5410126106022,false,לוטוס ביסקויט מארז חג 2*250ג.,דיפלומט מפיצים (1968) בעמ**,,,יח,5,ל 100 גרם,false,1,16.90,3.38,false,1,
5410126116953,false,ממרח ביסקוויט קרמל לוטוס (400 גרם),דיפלומט מפיצים (1968) בעמ**,,,יח,4,ל 100 גרם,false,1,21.90,5.48,true,1,
5410126666038,false,"ביסקוויט קרמל לוטוס 279 גרם בד""צ",דיפלומט מפיצים (1968) בעמ**,,,יח,0.2790,ל 100 גרם,false,1,12.90,46.24,true,1,
5411188110835,false,אלפרו חלב סויה שקדים וניל 1ל',הנסיך- מפעל לייצור ט,,,יח,10,"ל 100 מ""ל",false,1,12.90,1.29,false,1,
5411188112709,false,"משקה קוקוס אלפרו 1 ליטר משקה שקדים לל""ס",הנסיך- מפעל לייצור ט,,,יח,1,לליטר,false,1,12.90,12.90,false,1,
5411188115472,false,משקה סויה 1 ליטר אלפרו,הנסיך- מפעל לייצור ט,,,יח,10,ל 100 גרם,false,1,12.90,1.29,false,1,
5411188124689,false,משקה אלפרו שיבולת שועל ללא סוכר 1 ליטר,שטראוס גרופ בע`מ,,,יח,10,"ל 100 מ""ל",false,1,12.90,1.29,false,1,
5411188134985,false,אלפרו 3.5% NOT M*LK שיבולת שועל 1 ליטר בית יוסף,שטראוס גרופ בעמ/מצונן,,,יח,10,"ל 100 מ""ל",false,1,13.90,1.39,false,1,
5411188135005,false,אלפרו 1.8% NOT M*LK שיבולת שועל 1 ליטר בית יוסף,שטראוס גרופ בעמ/מצונן,,,יח,10,"ל 100 מ""ל",false,1,13.90,1.39,false,1,
5601008200444,false,עוגיות גודיס טבעות מצופות שוקולד חלב מרבה 150 גרם,הנסיך- מפעל לייצור ט,,,יח,1.50,ל 100 גרם,false,1,4.90,3.27,false,1,
5601008200451,false,עוגיות גודיס טבעות מצופות שוקולד מריר מרבה 150 גרם,ש. שסטוביץ בע`מ,,,יח,1.50,ל 100 גרם,false,1,4.90,3.27,false,1,
5601008200468,false,עוגיות גודיס טבעות מצופות שוקולד לבו מרבה 150 גרם,קריניציה ויטמינה אס,,,יח,1.50,ל 100 גרם,false,1,4.90,3.27,false,1,
5601010111219,false,סרדין בשמן צמחי 120ג וילפוד,ג.וילי פוד בעמ,,,יח,1.20,ל 100 גרם,false,1,5,4.17,true,1,
5701932026964,false,"הוטפופ גרעיני תירס להכנת פופקורן במיקרוגל בטעם טבעי, בתוספת מלח, 600 גרם",ליימן שליסל בע`מ,,,יח,6,ל 100 גרם,false,1,14.90,2.48,true,1,
5701932026971,false,הוטפופ גרעיני תירס להכנת פופקורן במיקרוגל בטעם חמאה 600 גרם,ליימן שליסל בע`מ,,,יח,6,ל 100 גרם,false,1,14.90,2.48,true,1,
5705550303360,false,ביצי דג שיבוט סטארפוד,כ. נועם סוכניותלשיווק בעמ,,,יח,2,ל 100 גרם,false,1,11.20,5.60,false,1,
5900020020710,false,מארז חטיף דגנים קראנץ' בטעם שוקו וניל נסטלה,קבוצת אוסם סחר שותפות מוגבלת,,,יח,1.50,ל 100 גרם,false,1,14.90,9.93,true,1,
5900020022325,false,חטיף סיני מיניס Cini Minis בטעם קינמון - 6 במארז,קבוצת אוסם סחר שותפות מוגבלת,,,יח,1.50,ל 100 גרם,false,1,14.90,9.93,true,1,
5900020024817,false,פיטנס דליס Fitness Delice חטיף דגנים עם שוקולד לבן,קבוצת אוסם סחר שותפות מוגבלת,,,יח,1.35,ל 100 גרם,false,1,14.90,11.04,true,1,
5900020025647,false,חטיף דגנים פיטנס שוקולד חלב 135 גרם מארז 6 יחידות,קבוצת אוסם סחר שותפות מוגבלת,,,יח,1.35,ל 100 גרם,false,1,14.90,11.04,true,1,
5900020026552,false,דגני בוקר האני נאט צ'יריוס בטעם דבש ושקדים,קבוצת אוסם סחר שותפות מוגבלת,,,יח,6.25,ל 100 גרם,false,1,23.90,3.82,true,1,
5900020029669,false,פיטנס - חטיף דגנים פירות יער 23.50 גרם * 6,קבוצת אוסם סחר שותפות מוגבלת,,,יח,1.35,ל 100 גרם,false,1,14.90,11.04,true,1,
5900020032454,false,מארז חטיף פיטנס עוגיות 8 X 23.5 גרם,קבוצת אוסם סחר שותפות מוגבלת,,,יח,1.35,ל 100 גרם,false,1,14.90,11.04,true,1,
5900020033314,false,חטיף דגני בוקר Lion בטעם קרמל ושוקולד על קרם חלב,קבוצת אוסם סחר שותפות מוגבלת,,,יח,0.50,ל 100 גרם,false,1,14.90,29.80,true,1,
5900020034991,false,דגני בוקר צדפים בטעם שוקולד 450 ג' קראנץ',קבוצת אוסם סחר שותפות מוגבלת,,,יח,4.50,ל 100 גרם,false,1,17.90,3.98,true,1,
5901414200411,false,בלזן היט מיני ביסקוויט סנדוויץ' עם מילוי קרם בטעם שוקולד 130 גרם,ליימן שליסל בע`מ,,,יח,1.30,ל 100 גרם,false,1,6.90,5.31,true,1,
5902198160403,false,XL משקה אנרגיה מוגז ללא סוכר עד 10 קלוריות לפחית 250 מל,"טמפו משקאות בע""\מ",,,יח,2.50,"ל 100 מ""ל",false,1,4.50,1.68,true,1,
5904941750312,false,"משקה אנרגיה BLU מוחיטו בודד 250 מ""ל",בני פאוזי שמשום (2009) בעמ,,,יח,2.50,"ל 100 מ""ל",false,1,4.60,1.72,true,1,
5904941751302,false,משקה אנרגיה בפחית בלו (250 מל),בני פאוזי שמשום (2009) בעמ,,,יח,2.50,"ל 100 מ""ל",false,1,4.50,1.68,true,1,
5904941751524,false,"משקה אנרגיה BLU DAY אבטיח בודד 250 מ""ל",בני פאוזי שמשום (2009) בעמ,,,יח,2.50,"ל 100 מ""ל",false,1,4.60,1.72,true,1,
5904941751920,false,בלו משקה אנרגיה דיי חצי מכמות הקלו250 מל,בני פאוזי שמשום (2009) בעמ,,,יח,2.50,"ל 100 מ""ל",false,1,4.60,1.72,true,1,
5906485301012,false,משקה אנרגיה XL מוגז פחית 250 מל,"טמפו משקאות בע""מ",,,יח,2.50,"ל 100 מ""ל",false,1,4.50,1.68,true,1,
6001067017523,false,מברשת שיניים קולגייט לילדים מגיל חמש 1 יחידה,יבואן ומשווק: ש. שסט,,,יח,1,,false,1,9.90,9.90,false,1,
6001067017530,false,מברשת שיניים קולגייט לילדים מגיל שנתיים עד חמש 1 יחידה,יבואן ומשווק: ש. שסט,,,יח,1,,false,1,9.90,9.90,false,1,
6112012100075,false,קולפן פלסטיק יקר ע. הבית,עולם הבית שיווק והפצה בעמ,,,יח,1,,false,1,11.90,11.90,false,1,
6112012100358,false,סט קולבים איכותי 6 יחידות ע. הבית,עולם הבית שיווק והפצה בעמ,,,יח,1,,false,1,10.90,10.90,false,1,
6112012100600,false,שלישיית קולבי קטיפה ע. הבית,עולם הבית,,,יח,1,,false,1,14.90,14.90,false,1,
6112012100655,false,מגב לשיש ע. הבית,עולם הבית שיווק והפצה בעמ,,,יח,1,,false,1,7.90,7.90,false,1,
6112012100808,false,פינגן גדול 10 1 יחידה,עולם הבית,,,יח,1,,false,1,23.90,23.90,false,1,
6112012100969,false,פורס ביצים איכותי מפלסטיק,עולם הבית,,,יח,1,,false,1,11.90,11.90,false,1,
6112012100990,false,"שישיית כפיות קטנות 15 ס""מ 18 גרם",עולם הבית שיווק והפצה בעמ,,,יח,1,,false,1,8.90,8.90,false,1,
6112013100128,false,קולפן נירוסטה פשוט ע. הבית,עולם הבית,,,יח,1,,false,1,7.90,7.90,false,1,
6112013100678,false,מטרף ידני גדול ע. הבית,עולם הבית,,,יח,1,,false,1,16.90,16.90,false,1,
6112013100999,false,סוגרים לשקיות 8 יחידות,עולם הבית,,,יח,1,,false,1,10.90,10.90,false,1,
6112015100294,false,מגב מתכת 40 עם הברגה,עולם הבית שיווק והפצה בעמ,,,יח,1,,false,1,16.90,16.90,false,1,
6112015100782,false,פומפה,עולם הבית,,,יח,1,,false,1,14.90,14.90,false,1,
6112015100928,false,מטאטא / מגב סיליקון,עולם הבית שיווק והפצה בעמ,,,יח,1,,false,1,21.90,21.90,false,1,
6112015100959,false,"מגב איכותי 40 ס""מ",עולם הבית שיווק והפצה בעמ,,,יח,1,,false,1,17.90,17.90,false,1,
6112016100101,false,מברשת לניקוי אבק דגם 3,עולם הבית שיווק והפצה בעמ,,,יח,1,,false,1,12.90,12.90,false,1,
6112016100682,false,מסננת רשת לכיור ע. הבית,עולם הבית,,,יח,1,,false,1,9.90,9.90,false,1,
6112017101541,false,מעמד לנייר סופג ע. הבית,עולם הבית,,,יח,1,,false,1,11.90,11.90,false,1,
6112017102654,false,מסחטת מיץ ידנית עם מיכל,עולם הבית,,,יח,1,,false,1,8.90,8.90,false,1,
6112017102784,false,מברשת ניקוי ע. הבית,עולם הבית,,,יח,1,,false,1,6.90,6.90,false,1,
6112017103897,false,סכין שלישיה עם שיניים ע. הבית,עולם הבית שיווק והפצה בעמ,,,יח,1,,false,1,9.90,9.90,false,1,
6112017104573,false,מטאטא לבן שחור ע. הבית,עולם הבית שיווק והפצה בעמ,,,יח,1,,false,1,19.90,19.90,false,1,
6112017104580,false,מטאטא שעיר סוס ע. הבית,עולם הבית שיווק והפצה בעמ,,,יח,1,,false,1,34.90,34.90,false,1,
6112017105327,false,משטח קריסטל 100*45,עולם הבית שיווק והפצה בעמ,,,יח,1,,false,1,14.90,14.90,false,1,
6112017105778,false,"מגב לריצפה 40 ס""מ ע. הבית",עולם הבית שיווק והפצה בעמ,,,יח,1,,false,1,16.90,16.90,false,1,
6112017105822,false,"מגב פטנט לריצפה 40 ס""מ ע. הבית",עולם הבית,,,יח,1,,false,1,21.90,21.90,false,1,
6112017106232,false,מתלה קיר למטאטא/ מגב,עולם הבית,,,יח,1,,false,1,19.90,19.90,false,1,
6112017106614,false,מקל מטאטא עולם הבית,עולם הבית,,,יח,1,,false,1,5.90,5.90,false,1,
6224000485764,false,"שיני שום קפואות 1 ק""ג קהילות",נטו מילנדה סחר בעמ*,,,יח,6,ל 100 גרם,false,1,22.90,3.82,false,1,
6281001510390,false,מברשת שיניים לילדים אקסטרא סופט לגילאי 0-2,קולגייט-פלמוליב,,,יח,1,,false,1,9.90,9.90,false,1,
6902019042061,false,מארז בלונים 50 יח קרביץ,לירון קרביץ יבוא שיווק וסחר,,,יח,1,,false,1,10,10,false,1,
6902176502507,false,סלק אדום בוואקום 500 גרם,ביג פוד כחול לבן בעמ*שיק 30 יו,,,יח,1,,false,1,5.90,5.90,false,1,
6925454151662,false,Omega טיימר 24 שעות Tis-01A,עולם הבית שיווק והפצה בעמ,,,יח,1,,false,1,24.90,24.90,false,1,
6931191500434,false,"מועך תפו""א ע. הבית",עולם הבית שיווק והפצה בעמ,,,יח,1,,false,1,9.90,9.90,false,1,
6931191500571,false,קרש חיתוך פלסטיק ע. הבית,עולם הבית,,,יח,1,,false,1,17.90,17.90,false,1,
6931191500649,false,דבק סופר גלו - רביעייה,עולם הבית שיווק והפצה בעמ,,,יח,1,,false,1,9.90,9.90,false,1,
6931191500878,false,קולפן פלסטיק פשוט ע. הבית,עולם הבית,,,יח,1,,false,1,5.90,5.90,false,1,
6934931272028,false,יעה מתקפל שקוף ע. הבית,עולם הבית,,,יח,1,,false,1,19.90,19.90,false,1,
6934931272196,false,מטאטא מליזה גב עץ ע. הבית,עולם הבית שיווק והפצה בעמ,,,יח,1,,false,1,19.90,19.90,false,1,
6936745600783,false,"חומץ אורז מזרח מערב 500 מ""ל",מזרח ומערב יבוא ושיווק,,,יח,5,ל 100 גרם,false,1,15.90,3.18,false,1,
6945305614047,false,רביעיית מתלים דמוי ניקל,עולם הבית,,,יח,1,,false,1,9.90,9.90,false,1,
6985425120011,false,מסנן כיור פרפר ע . הבית,עולם הבית,,,יח,1,,false,1,7.90,7.90,false,1,
6985425120035,false,פקק לאבטיה ע. הבית.,עולם הבית שיווק והפצה,,,יח,1,,false,1,5.90,5.90,false,1,
6985425120103,false,סלוטייפ שקוף 100 מטר ע. הבית,עולם הבית שיווק והפצה בעמ,,,יח,1,,false,1,9.90,9.90,false,1,
6985425120578,false,קרש חיתוך זוג ע. הבית,עולם הבית,,,יח,1,,false,1,16.90,16.90,false,1,
7112031311932,false,מטען לרכב 1.A3 USB 2PORTS,סוויטשי ישראל בעמ,,,יח,1,,false,1,29.90,29.90,false,1,
7112032888853,false,כבל טעינה וסנכרון M1 USB IPHONE,סוויטשי ישראל בעמ,,,יח,1,,false,1,29.90,29.90,false,1,
7160589856238,false,נייס שבלולים לשיער,שבלולים בעמ,,,יח,1,,false,1,3.90,3.90,false,1,
7290000001104,false,פטריות חורש מיני ארוז 200 ג',"בכורי השדה צפון1994 ג.ד. בע""מ",,,יח,1,,false,1,11.90,11.90,false,1,
7290000001616,false,כוסברה ירק הארץ גוש היתר מכירה,ביכורי השדה צפון 1994 ג.ד. בעמ,,,יח,1,,false,1,5.90,5.90,false,1,
7290000023007,false,"ברנדי שטוק 84 37 % 750 מ""ל",טמפו משקאות בעמ,,,יח,7.50,"ל 100 מ""ל",false,1,69.90,9.28,false,1,
7290000023083,false,ערק אשקלון בקבוק 700,טמפו משקאות בע`מ,,,יח,7,"ל 100 מ""ל",false,1,54.90,7.80,true,1,
7290000023809,false,קלאסיק קברנה סובניון יקבי ברקן (750 מל),יקבי ברקן שיווק והפצה בע,,,יח,7.50,"ל 100 מ""ל",false,1,32.90,4.35,true,1,
7290000023977,false,קלאסיק מרלו יקבי ברקן (750 מל),יקבי ברקן שיווק והפצה בע,,,יח,7.50,"ל 100 מ""ל",false,1,32.90,4.35,true,1,
7290000034256,false,ביסקוויט תירוש חצי מצופה 175 ג`הדר*,ח.כהן סוכנות מזון ומשקאות בע,,,יח,1.75,ל 100 גרם,false,1,5.80,3.31,false,1,
7290000040042,false,יוגורט יופלה תות 3% שומן 150 גרם,"תנובה בע""מ ***",,,יח,1.50,"ל 100 מ""ל",false,1,4.90,3.27,false,1,
7290000040066,false,יוגורט יופלה דובדבן 3% שומן 150 גרם,תנובה מרכז שיתופי לש,,,יח,1.50,"ל 100 מ""ל",false,1,4.90,3.27,false,1,
7290000040080,false,יוגורט יופלה אפרסק 3% שומן 150 גרם,"תנובה בע""מ ***",,,יח,1.50,"ל 100 מ""ל",false,1,4.90,3.27,false,1,
7290000040462,false,טוסטי גבינה בסגנון אמריקאי אדם 23% תנובה 200 גרם,תנובה מרכז שיתופי לש,,,יח,2,ל 100 גרם,false,1,17.90,8.95,false,1,
7290000041407,false,"גיל קטן 3% תנובה 125 מ""ל בד""ץ",תנובה מרכז שיתופי לש,,,יח,1.25,"ל 100 מ""ל",false,1,0.90,0.72,false,1,
7290000041445,false,קוטג תנובה גביע 250 גרם 5% בדצ,מיוצר עי קונדיטוריית,,,יח,2.50,ל 100 גרם,false,1,5.50,2.20,false,1,
7290000041452,false,גבינת קוטג`9% מהדרין תנובה (250 גרם),תנובה מרכז שיתופי לש,,,יח,2.50,ל 100 גרם,false,1,5.50,2.20,false,1,
7290000041858,false,"שמנת חמוצה 15% מועשרת יטבתה 200 מ""ל",שטראוס גרופ בעמ/מצונן,,,יח,2,"ל 100 מ""ל",false,1,2.40,1.20,false,1,
7290000041865,false,"לבן 4.5% שומן מהדרין ""יטבתה""",שטראוס גרופ בעמ/מצונן,,,יח,2,"ל 100 מ""ל",false,1,2,1,false,1,
7290000041872,false,"לבן 3% יטבתה 200מ""ל מהדרין",שטראוס גרופ בעמ/מצונן,,,יח,2,"ל 100 מ""ל",false,1,2,1,false,1,
7290000042015,false,חלב 3% בשקית בדצ תנובה (1 ליטר)פיקוח,תנובה מרכז שיתופי לש,,,יח,10,לליטר,false,1,5.43,0.54,false,1,
7290000042435,false,חלב דל שומן 1% בקרטון תנובה (1 ליטר)פיק,תנובה מרכז שיתופי לש,,,יח,10,לליטר,false,1,5.86,0.59,false,1,
7290000042640,false,"חלב תנובה עמיד 3% קרטון 250 מ""ל",תנובה מרכז שיתופי לש,,,יח,2.50,"ל 100 מ""ל",false,1,2.60,1.04,false,1,
7290000042855,false,"שוקו בשקית 250 מ""ל ""יטבתה""",שטראוס גרופ בעמ/מצונן,,,יח,2.25,"ל 100 מ""ל",false,1,2.50,1.11,false,1,
7290000043012,false,"שוקו עמיד 2% בקרטון 250 מ""ל תנובה",תנובה מרכז שיתופי לש,,,יח,2.50,"ל 100 מ""ל",false,1,4.70,1.88,false,1,
7290000043111,false,תנובה חמאה 200 גרם - מוצר בפיקוח,תנובה מרכז שיתופי לש,,,יח,2,ל 100 גרם,false,1,7.85,3.93,false,1,
7290000043814,false,השף הלבן שמנת להקצפה 38% שומן 250 מל - מוצר בפיקוח,תנובה מרכז שיתופי לש,,,יח,2.50,"ל 100 מ""ל",false,1,6.47,2.59,false,1,
7290000043890,false,תנובה רויון לבן מחלב מפסוטר 1.5%,תנובה מרכז שיתופי לש,,,יח,1,לליטר,false,1,10.90,10.90,false,1,
7290000044712,false,יוגורט עם תות 1.5% שומן 500 ג' פרילי,מיוצר עי קונדיטוריית,,,יח,5,"ל 100 מ""ל",false,1,10.50,2.10,false,1,
7290000044880,false,יוגורט בטעם תות שדה 3% באדי (500 גרם),מיוצר עי קונדיטוריית,,,יח,5,"ל 100 מ""ל",false,1,8.90,1.78,false,1,
7290000045580,false,גבינה מותכת נעמה חורש תנובה 240 גרם,תנובה מרכז שיתופי לש,,,יח,2.40,ל 100 גרם,false,1,16.90,7.04,false,1,
7290000046327,false,גלבוע גבינה צהובה פרוסה 22% תנובה 200 גרם,תנובה מרכז שיתופי לש,,,יח,2,ל 100 גרם,false,1,12.90,6.45,false,1,
7290000047546,false,השף הלבן כנען גבינה לבנה דלת נתרן 5% תנובה 500 גרם,תנובה מרכז שיתופי לש,,,יח,5,ל 100 גרם,false,1,23.90,4.78,false,1,
7290000047621,false,גבינה לבנה רכה 5% תנובה 250ג' מהדרין,תנובה מרכז שיתופי לש,,,יח,2.50,ל 100 גרם,false,1,4.98,1.99,false,1,
7290000047942,false,**תנובה גבינה לבנה מהדרין 9% 250ג,תנובה מרכז שיתופי לש,,,יח,2.50,ל 100 גרם,false,1,4.75,1.90,false,1,
7290000048185,false,גבינה לבנה 5% תנובה 250 גרם מהדרין,מיוצר עי קונדיטוריית,,,יח,2.50,ל 100 גרם,false,1,4.98,1.99,false,1,
7290000048413,false,גבינה חמד (25016% גרם)פיראוס תנובה,תנובה מרכז שיתופי לש,,,יח,2.50,ל 100 גרם,false,1,17.90,7.16,false,1,
7290000048437,false,גבינת צפתית (2005% גרם)פיראוס תנובה,פארייפאבה אגרואינדוס,,,יח,2,ל 100 גרם,false,1,14.30,7.15,false,1,
7290000050454,false,יוגורט ביו 3% אפרסק יופלה (500 גרם),מיוצר עי קונדיטוריית,,,יח,5,ל 100 גרם,false,1,13,2.60,false,1,
7290000051307,false,"מארז הפסקת אוכל עם דגני עוגי ומשקה חלב עמיד בטעם וניל 150 מ""ל",תנובה מרכז שיתופי לש,,,יח,1.50,ל 100 גרם,false,1,8.90,5.93,false,1,
7290000055350,false,גבינה צהובה חריץ עמק 28% במשקל,תנובה מרכז שיתופי לש,,,ל 100 גרם,10,ל 100 גרם,true,1,44.79,4.48,false,1,
7290000057088,false,עמק גבינה צהובה פרוסה דק דק 28% תנובה 200 גרם,תנובה מרכז שיתופי לש,,,יח,2,ל 100 גרם,false,1,15.90,7.95,false,1,
7290000057118,false,גבינה צהובה עמק 28% שומן ואקום 400 גרם,תנובה מרכז שיתופי לש,,,יח,4,ל 100 גרם,false,1,21,5.25,false,1,
7290000060088,false,בייגלה מקלות עם מלח אסם (400 גרם),קבוצת אוסם סחר שותפות מוגבלת,,,יח,4,ל 100 גרם,false,1,9.90,2.48,false,1,
7290000060163,false,פסטה אסם אטריות דקות 400גר,קבוצת אוסם סחר שותפות מוגבלת,,,יח,4,ל 100 גרם,false,1,6.90,1.73,false,1,
7290000060200,false,פסטה אסם פתיתים אפויים קוסקוס 500גר,קבוצת אוסם סחר שותפות מוגבלת,,,יח,5,ל 100 גרם,false,1,6.90,1.38,true,1,
7290000060217,false,פסטה מקרוני מספר 7 אסם (500 גרם),קבוצת אוסם סחר שותפות מוגבלת,,,יח,5,ל 100 גרם,false,1,5.80,1.16,true,1,
7290000060330,false,פרפקטו פרפקטו ספיראלי גירף 500 גר,קבוצת אוסם סחר שותפות מוגבלת,,,יח,5,ל 100 גרם,false,1,6.90,1.38,false,1,
7290000060576,false,פתיתים אפויים כוכבים אסם (500 גרם),קבוצת אוסם סחר שותפות מוגבלת,,,יח,5,ל 100 גרם,false,1,6.90,1.38,true,1,
7290000060781,false,פרומנטי פתיתים מסולסלים אוסם,קבוצת אוסם סחר שותפות מוגבלת,,,יח,5,ל 100 גרם,false,1,5.80,1.16,true,1,
7290000060828,false,פסטה קרניים בינוניות אסם (500 גרם),קבוצת אוסם סחר שותפות מוגבלת,,,יח,5,ל 100 גרם,false,1,5.80,1.16,true,1,
7290000060842,false,פסטה אסם פתיתים צדפים גדולים 500גר,קבוצת אוסם סחר שותפות מוגבלת,,,יח,5,ל 100 גרם,false,1,5.80,1.16,true,1,
7290000060880,false,פסטה ספגטי מספר 8 אסם 500 גרם,קבוצת אוסם סחר שותפות מוגבלת,,,יח,5,ל 100 גרם,false,1,5.80,1.16,true,1,
7290000060903,false,פסטה אסם פתיתים אפויים אורז 500גר,קבוצת אוסם סחר שותפות מוגבלת,,,יח,5,ל 100 גרם,false,1,6.90,1.38,true,1,
7290000060958,false,אטריות מובחרות בינוניות אסם (400 גרם),קבוצת אוסם סחר שותפות מוגבלת,,,יח,4,ל 100 גרם,false,1,6.90,1.73,false,1,
7290000060965,false,פסטה אסם אטריות רחבות 400גר,קבוצת אוסם סחר שותפות מוגבלת,,,יח,4,ל 100 גרם,false,1,6.90,1.73,false,1,
7290000061061,false,קרקר חיטה עם בצל אסם,קבוצת אוסם סחר שותפות מוגבלת,,,יח,2.50,ל 100 גרם,false,1,9.90,3.96,true,1,
7290000061085,false,"רוטב צילי מתוק 290 מ""ל-בקבוק",קבוצת אוסם סחר שותפות מוגבלת,,,יח,2.90,"ל 100 מ""ל",false,1,9.90,3.41,true,1,
7290000061108,false,"רוטב טריאקי 290 מ""ל-בקבוק",קבוצת אוסם סחר שותפות מוגבלת,,,יח,2.90,"ל 100 מ""ל",false,1,9.90,3.41,true,1,
7290000061764,false,קפה נמס מגורען רד מאג 200 גרם,קבוצת אוסם סחר שותפות מוגבלת,,,יח,2,ל 100 גרם,false,1,21.90,10.95,true,1,
7290000062129,false,אינסטנט פודינג בטעם וניל אסם (1 קג),קבוצת אוסם סחר שותפות מוגבלת,,,יח,1,"לק""ג",false,1,24.90,24.90,false,1,
7290000062952,false,אוסם - מיני קרוטונים למרק ולסלט 250 גרם,קבוצת אוסם סחר שותפות מוגבלת,,,יח,2.50,ל 100 גרם,false,1,14.90,5.96,false,1,
7290000063102,false,קמח עוגה תופח מאליו אסם 350 גרם,קבוצת אוסם סחר שותפות מוגבלת,,,יח,3.50,ל 100 גרם,false,1,4.70,1.34,false,1,
7290000063140,false,שקדי מרק רכיבים טבעיים בשקית 400 ג' אסם,קבוצת אוסם סחר שותפות מוגבלת,,,יח,4,ל 100 גרם,false,1,10.90,2.73,true,1,
7290000063157,false,"קמח עוגה תופח מאליו אסם 1 ק""ג",קבוצת אוסם סחר שותפות מוגבלת,,,יח,10,ל 100 גרם,false,1,9.90,0.99,false,1,
7290000064758,false,קוסקוס בינוני אמיתי אסם 350 ג',קבוצת אוסם סחר שותפות מוגבלת,,,יח,3.50,ל 100 גרם,false,1,7.90,2.26,false,1,
7290000064871,false,"אוסם - מנה חמה פירה תפו""א עם בצל 56 גרם",קבוצת אוסם סחר שותפות מוגבלת,,,יח,0.56,ל 100 גרם,false,1,5.90,10.54,false,1,
7290000065090,false,מיני קרוטונים מתובלים למרק ולסלט אסם 400 גרם,קבוצת אוסם סחר שותפות מוגבלת,,,יח,4,ל 100 גרם,false,1,21.90,5.48,false,1,
7290000065335,false,אוסם - מנה חמה פירה עם ירקות 55 גרם,קבוצת אוסם סחר שותפות מוגבלת,,,יח,0.47,ל 100 גרם,false,1,5.90,12.55,false,1,
7290000065540,false,אוסם - מנה חמה פסטה מוקרמת בטעם עוף 55 גרם,קבוצת אוסם סחר שותפות מוגבלת,,,יח,0.55,ל 100 גרם,false,1,5.90,10.73,false,1,
7290000065977,false,אסם חטיפי פריכונים תירס שומשום 80 גרם,קבוצת אוסם סחר שותפות מוגבלת,,,יח,0.80,ל 100 גרם,false,1,8.30,10.38,false,1,
7290000066134,false,ביסלי חטיף בטעם פלאפל אסם (70 גרם),קבוצת אוסם סחר שותפות מוגבלת,,,יח,0.70,ל 100 גרם,false,1,3.90,5.57,true,1,
7290000066141,false,ביסלי חטיף בטעם גריל אסם (70 גרם),קבוצת אוסם סחר שותפות מוגבלת,,,יח,0.70,ל 100 גרם,false,1,3.90,5.57,true,1,
7290000066189,false,ביסלי חטיף בטעם פלאפל אסם (200 גרם),קבוצת אוסם סחר שותפות מוגבלת,,,יח,2,ל 100 גרם,false,1,6.90,3.45,true,1,
7290000066196,false,ביסלי חטיף בטעם גריל אסם (200 גרם),קבוצת אוסם סחר שותפות מוגבלת,,,יח,2,ל 100 גרם,false,1,6.90,3.45,true,1,
7290000066226,false,ביסלי חטיף בטעם פיצה אסם (200 גרם),קבוצת אוסם סחר שותפות מוגבלת,,,יח,2,ל 100 גרם,false,1,6.90,3.45,true,1,
7290000066264,false,דובונים חטיף תפוחי אדמה אסם (40 גרם),קבוצת אוסם סחר שותפות מוגבלת,,,יח,0.40,ל 100 גרם,false,1,3.90,9.75,true,1,
7290000066295,false,אסם במבה תות מחומרים טבעיים 30גר,קבוצת אוסם סחר שותפות מוגבלת,,,יח,0.30,ל 100 גרם,false,1,2.70,9,false,1,
7290000066318,false,במבה חטיף בוטנים אסם 80 גרם,קבוצת אוסם סחר שותפות מוגבלת,,,יח,0.80,ל 100 גרם,false,1,4.20,5.25,true,1,
7290000066332,false,אפרופו חטיף תירס אסם (50 גרם),קבוצת אוסם סחר שותפות מוגבלת,,,יח,0.50,ל 100 גרם,false,1,3.90,7.80,true,1,
7290000066431,false,פופקו חטיף פופקורן בטעם חמאה ודבש אסם 80 גרם,קבוצת אוסם סחר שותפות מוגבלת,,,יח,0.80,ל 100 גרם,false,1,4.90,6.13,true,1,
7290000067599,false,מנה חמה ספגטי ברוטב בולונז אסם 65 גרם,קבוצת אוסם סחר שותפות מוגבלת,,,יח,0.65,ל 100 גרם,false,1,5.90,9.08,false,1,
7290000067735,false,פרפקטו ניוקי בצקיות תפוחי אדמה 500 ג' אסם,קבוצת אוסם סחר שותפות מוגבלת,,,יח,5,ל 100 גרם,false,1,12.90,2.58,false,1,
7290000068138,false,אינסטנט פודינג בטעם וניל אסם 80 גרם,קבוצת אוסם סחר שותפות מוגבלת,,,יח,0.80,ל 100 גרם,false,1,5.10,6.38,true,1,
7290000068190,false,אסם ג'לי תות שדה צבעים טבעיים 90 גרם,קבוצת אוסם סחר שותפות מוגבלת,,,יח,0.90,ל 100 גרם,false,1,6.90,7.67,false,1,
7290000068206,false,אסם ג'לי משמש צבעים טבעיים 85 גרם,קבוצת אוסם סחר שותפות מוגבלת,,,יח,0.85,ל 100 גרם,false,1,6.90,8.12,false,1,
7290000068237,false,אבקה להכנת ג`לי בטעם פטל אסם (85 גרם),קבוצת אוסם סחר שותפות מוגבלת,,,יח,0.85,ל 100 גרם,false,1,6.90,8.12,false,1,
7290000068343,false,אוסם - פירכונים מאורז מלא 140 גרם,קבוצת אוסם סחר שותפות מוגבלת,,,יח,1.40,ל 100 גרם,false,1,7.90,5.64,false,1,
7290000068770,false,במבה יום הולדת חטיף בוטנים אסם 80 גרם,קבוצת אוסם סחר שותפות מוגבלת,,,יח,0.80,ל 100 גרם,false,1,4.20,5.25,true,1,
7290000069364,false,פריכונים מאורז מלא ללא תוספת סוכר אסם 140 גרם,קבוצת אוסם סחר שותפות מוגבלת,,,יח,1.40,ל 100 גרם,false,1,7.90,5.64,false,1,
7290000070308,false,אבקת מרק עוף אמיתי בשרי אסם 400 גרם,קבוצת אוסם סחר שותפות מוגבלת,,,יח,4,ל 100 גרם,false,1,16.90,4.23,true,1,
7290000070322,false,אבקת מרק פטריות רכיבים טבעיים אסם 400 גרם,קבוצת אוסם סחר שותפות מוגבלת,,,יח,4,ל 100 גרם,false,1,23.90,5.98,true,1,
7290000070353,false,אבקת מרק בצל רכיבים טבעיים אסם 400 גרם,קבוצת אוסם סחר שותפות מוגבלת,,,יח,4,ל 100 גרם,false,1,23.90,5.98,true,1,
7290000070919,false,בייגלה רשתות עם מלח אסם (400 גרם),קבוצת אוסם סחר שותפות מוגבלת,,,יח,4,ל 100 גרם,false,1,9.90,2.48,false,1,
7290000071008,false,בייגלה שטוחים טבעות עם מלח אסם (60 גרם),קבוצת אוסם סחר שותפות מוגבלת,,,יח,0.60,יח,false,1,3.30,5.50,false,1,
7290000072241,false,"רוטב פיצה 290 מ""ל-בקבוק",קבוצת אוסם סחר שותפות מוגבלת,,,יח,2.90,"ל 100 מ""ל",false,1,9.90,3.41,true,1,
7290000072623,false,קטשופ אסם בקבוק לחיץ 750 גרם,קבוצת אוסם סחר שותפות מוגבלת,,,יח,7.50,ל 100 גרם,false,1,9.90,1.32,false,1,
7290000072630,false,קטשופ אסם חריף 750 גרם-בקבוק,קבוצת אוסם סחר שותפות מוגבלת,,,יח,7.50,ל 100 גרם,false,1,11.90,1.59,false,1,
7290000072753,false,קפה נמס מגורען טסטרס צ'ויס 200 גרם-,קבוצת אוסם סחר שותפות מוגבלת,,,יח,2,ל 100 גרם,false,1,33.90,16.95,false,1,
7290000072777,false,קפה נמס מגורען נטול קפאין טסטרס צ'ויס 200 גרם,קבוצת אוסם סחר שותפות מוגבלת,,,יח,2,ל 100 גרם,false,1,35.90,17.95,false,1,
7290000073125,false,מנה חמה פסטה ברוטב עגבניות אסם (62 גרם),קבוצת אוסם סחר שותפות מוגבלת,,,יח,0.62,ל 100 גרם,false,1,5.90,9.52,false,1,
7290000073415,false,אוסם - מנה חמה פסטה ברוטב פיצה 61 גרם,קבוצת אוסם סחר שותפות מוגבלת,,,יח,0.61,ל 100 גרם,false,1,5.90,9.67,false,1,
7290000073699,false,סלט חומוס צבר 150 גרם,קבוצת אוסם סחר שותפות מוגבלת,,,יח,1,ל 100 גרם,false,1,5.90,5.90,false,1,
7290000073750,false,מנה חמה נודלס אטר+ירקות טעם עוף 70 גרם,קבוצת אוסם סחר שותפות מוגבלת,,,יח,0.70,ל 100 גרם,false,1,5.90,8.43,false,1,
7290000073767,false,מנה חמה נודלס אטר.+ירקות טעם בקר 70 גרם,קבוצת אוסם סחר שותפות מוגבלת,,,יח,0.70,ל 100 גרם,false,1,5.90,8.43,false,1,
7290000073774,false,מנה חמה נודלס אטר+ירקות טעם צילי 70 גרם,קבוצת אוסם סחר שותפות מוגבלת,,,יח,0.70,ל 100 גרם,false,1,5.90,8.43,false,1,
7290000074153,false,ביסקוויט פתי בר שוקולד אסם (500 גרם),קבוצת אוסם סחר שותפות מוגבלת,,,יח,5,ל 100 גרם,false,1,13.10,2.62,true,1,
7290000074184,false,ביסקוויט פתי בר אסם (500 גרם),קבוצת אוסם סחר שותפות מוגבלת,,,יח,5,ל 100 גרם,false,1,10.90,2.18,true,1,
7290000074245,false,אוסם - קרם קרקר אסם 250 גרם,קבוצת אוסם סחר שותפות מוגבלת,,,יח,2.50,ל 100 גרם,false,1,9.90,3.96,true,1,
7290000074252,false,אסם קרקר שומשום 250 גרם,קבוצת אוסם סחר שותפות מוגבלת,,,יח,2.50,ל 100 גרם,false,1,8.90,3.56,true,1,
7290000074276,false,קרקר פיקנטי טבעון 250 ג' אסם,קבוצת אוסם סחר שותפות מוגבלת,,,יח,2.50,ל 100 גרם,false,1,9.90,3.96,true,1,
7290000074375,false,אוסם - קרקר זהב 150 גרם,קבוצת אוסם סחר שותפות מוגבלת,,,יח,1.50,ל 100 גרם,false,1,7.20,4.80,true,1,
7290000074696,false,"קרם קרקר 1 ק""ג אוסם",קבוצת אוסם סחר שותפות מוגבלת,,,יח,10,ל 100 גרם,false,1,26.80,2.68,true,1,
7290000074764,false,קרקר הזהב אסם 900 גרם,קבוצת אוסם סחר שותפות מוגבלת,,,יח,9,ל 100 גרם,false,1,26.90,2.99,true,1,
7290000075204,false,קרקר לחמית חיטה מלאה אסם (250 גרם),קבוצת אוסם סחר שותפות מוגבלת,,,יח,2.50,ל 100 גרם,false,1,7.90,3.16,true,1,
7290000076126,false,אוסם - בייגלה שמיניות קטנות 80 גרם,קבוצת אוסם סחר שותפות מוגבלת,,,יח,0.80,ל 100 גרם,false,1,3.30,4.13,false,1,
7290000076133,false,בייגלה שמיניות קטנות עם מלח אסם 400 גרם,קבוצת אוסם סחר שותפות מוגבלת,,,יח,4,ל 100 גרם,false,1,9.90,2.48,false,1,
7290000077017,false,עוגיות קרמוגית במילוי קרם שוקולד אסם 200 גרם,קבוצת אוסם סחר שותפות מוגבלת,,,יח,2,ל 100 גרם,false,1,10.90,5.45,true,1,
7290000078212,false,קרוטונים מתובלים למרק אסם (250 גרם),קבוצת אוסם סחר שותפות מוגבלת,,,יח,2.50,ל 100 גרם,false,1,15.90,6.36,false,1,
7290000079233,false,קרם קרקר דיאטטי דל נתרן 250 גרם,קבוצת אוסם סחר שותפות מוגבלת,,,יח,2.50,ל 100 גרם,false,1,9.90,3.96,true,1,
7290000080758,false,פת קלויה טוסטעים אסם (100 גרם),קבוצת אוסם סחר שותפות מוגבלת,,,יח,1,ל 100 גרם,false,1,9.90,9.90,false,1,
7290000080765,false,פת קלויה טוסטעים עם שומשום אסם (100 גרם),קבוצת אוסם סחר שותפות מוגבלת,,,יח,1,ל 100 גרם,false,1,9.90,9.90,false,1,
7290000081663,false,"בייגלה טבעות שומשום אסם 300 גרם בד""ץ",קבוצת אוסם סחר שותפות מוגבלת,,,יח,3,ל 100 גרם,false,1,9.90,3.30,false,1,
7290000085166,false,פתי בר גטניו 400 גרן,"אחים גטניו בע""מ",,,יח,4,ל 100 גרם,false,1,6.90,1.73,true,1,
7290000100302,false,פול ירוק מקולף סנפורסט 600 גר`,תנובה ענף ב.ע.ד,,,יח,6,ל 100 גרם,false,1,22.90,3.82,true,1,
7290000103443,false,לקט ירקות לתנור סנפוסט,תנובה ענף ב.ע.ד,,,יח,8,ל 100 גרם,false,1,21.90,2.74,false,1,
7290000104201,false,אפונה עדינה מוקפאת סנפרוסט (600 גרם),"איי, בי, אינבוו",,,יח,6,ל 100 גרם,false,1,17.90,2.98,true,1,
7290000104676,false,אפונה קפואה סנפרוסט 800 גרם,תנובה מרכז שיתופי לשיווק תוצרת,,,יח,8,ל 100 גרם,false,1,14.90,1.86,true,1,
7290000104683,false,שעועית ירוקה שלמה סנפרוסט (800 גרם),תנובה מרכז שיתופי לשיווק תוצרת,,,יח,8,ל 100 גרם,false,1,19.90,2.49,true,1,
7290000104690,false,גרעיני תירס מוקפאים סנפרוסט (800 גרם),תנובה מרכז שיתופי לשיווק תוצרת,,,יח,8,ל 100 גרם,false,1,17.90,2.24,true,1,
7290000104713,false,פול ירוק קפוא סנפורסט 800 גרם,תנובה מרכז שיתופי לשיווק תוצרת,,,יח,8,ל 100 גרם,false,1,22.90,2.86,true,1,
7290000104799,false,שעועית לבנה מבושלת סנפרוסט (800 גרם),תנובה מרכז שיתופי לשיווק תוצרת,,,יח,8,ל 100 גרם,false,1,18.90,2.36,true,1,
7290000104805,false,גרגירי חומוס מבושלים סנפרוסט 800 גרם,תנובה מרכז שיתופי לשיווק תוצרת,,,יח,8,ל 100 גרם,false,1,18.90,2.36,true,1,
7290000104836,false,שעועית ירוקה עדינה שלמה סנפרוסט 600 גרם,תנובה מרכז שיתופי לשיווק תוצרת,,,יח,6,ל 100 גרם,false,1,21.90,3.65,true,1,
7290000104881,false,לקט אפונה וגזר מוקפאים סנפרוסט (800 גרם),תנובה מרכז שיתופי לשיווק תוצרת,,,יח,8,ל 100 גרם,false,1,16.90,2.11,true,1,
7290000107165,false,חטיף סויה אדממה סנפרוסט (400 גרם),תנובה מרכז שיתופי לשיווק תוצרת,,,יח,4,ל 100 גרם,false,1,13.90,3.48,true,1,
7290000107189,false,תחתיות ארטישוק סנפרוסט (400 גרם),תנובה מרכז שיתופי לשיווק תוצרת,,,יח,4,ל 100 גרם,false,1,20.90,5.23,true,1,
7290000110844,false,כיפלי בטעם גריל בד`צ 70 גרם .,יוניליוור ישראל שיווק בע`מ,,,יח,0.70,ל 100 גרם,false,30,4.90,7,false,1,
7290000110851,false,כיפלי חטיף בטעם בצל מהדרין תלמה (70 גרם),יוניליוור ישראל שיווק בע`מ,,,יח,0.70,ל 100 גרם,false,30,4.90,7,false,1,
7290000111117,false,מרכך כביסה לבן בדין (4 ליטר),"יוניליוור ישראל שיווק בע""מ",,,יח,40,"ל 100 מ""ל",false,1,19.80,0.50,false,1,
7290000111186,false,"מיונז אמיתי תלמה 500 גרם בד""צ","יוניליוור ישראל שיווק בע""מ",,,יח,5,ל 100 גרם,false,12,8.90,1.78,false,1,
7290000111353,false,מיונז אמיתי תלמה (1 קג),"יוניליוור ישראל שיווק בע""מ",,,יח,10,ל 100 גרם,false,6,15.90,1.59,false,1,
7290000111360,false,חרדל אמיתי חריף 250 גרם בצנצנת כשלפ,יוניליוור ישראל שיווק בע`מ,,,יח,2.50,יח,false,6,5.90,2.36,false,1,
7290000112220,false,טחינה גולמית שומשום טהור בארכה 500 גרם,קבוצת אוסם סחר שותפות מוגבלת,,,יח,5,ל 100 גרם,false,1,13.90,2.78,false,1,
7290000112497,false,מרק עשיר עוף אטריות קנור 75 גרם - שקיות,יוניליוור ישראל שיווק בע`מ,,,יח,0.68,ל 100 גרם,false,10,11.90,17.50,false,1,
7290000112503,false,מרק עשיר ירקות קנור 69 גרם - שקיות,יוניליוור ישראל שיווק בע`מ,,,יח,0.61,ל 100 גרם,false,10,11.90,19.51,false,1,
7290000112619,false,אבקת מרק עוף אמיתי קנור 400 ג' כשלפ,יוניליוור ישראל שיווק בע`מ,,,יח,4,ל 100 גרם,false,6,21.90,5.48,false,1,
7290000116204,false,"אבקת מרק דגש בטעם עוף 1ק""ג קנור","יוניליוור ישראל שיווק בע""מ",,,יח,10,ל 100 גרם,false,10,14.90,1.49,false,1,
7290000116921,false,"קנור רוטב צילי מתוק 300 מ""ל כשלפ","יוניליוור ישראל שיווק בע""מ",,,יח,3,"ל 100 מ""ל",false,12,9.90,3.30,false,1,
7290000117720,false,נמס בכוס פטריות קנור 21.5 גרם מארז זוגי,"יוניליוור ישראל שיווק בע""מ",,,יח,0.43,ל 100 גרם,false,12,6.50,15.12,true,1,
7290000118352,false,לטקס אבקה להכנת לביבות תפוא 170גר כשלפ,יוניליוור ישראל שיווק בע`מ,,,יח,1.70,ל 100 גרם,false,1,13.90,8.18,false,1,
7290000120836,false,מיונז אמיתי הלמנס (394 גרם),"יוניליוור ישראל שיווק בע""מ",,,יח,3.94,ל 100 גרם,false,1,11.90,3.02,false,1,
7290000120874,false,מיונז הלמנס לייט מופחת קלוריות 424ג,יוניליוור ישראל שיווק בעמ,,,יח,4.24,ל 100 גרם,false,1,11.90,2.81,false,1,
7290000123363,false,"צימקאו לציפוי ואפיה אפיכל 500 גרם בד""צ",יוניליוור ישראל שיווק בע`מ,,,יח,5,ל 100 גרם,false,1,11.90,2.38,false,1,
7290000124841,false,ורד הגליל שוקולד חלב מארז שלישיה 300 גרם,"יוניליוור ישראל שיווק בע""מ",,,יח,3,ל 100 גרם,false,1,13.90,4.63,false,1,
7290000125251,false,שמפו לכביסה עדינה בדין 2 ליטר,יוניליוור ישראל שיווק בעמ,,,יח,2,לליטר,false,1,23.90,11.95,false,1,
7290000129457,false,אבקת רוטב פטריות קנור 28 ג' שקית,יוניליוור ישראל שיווק בע`מ,,,יח,0.28,ל 100 גרם,false,12,3.90,13.93,false,1,
7290000129785,false,מרכך כביסה ירוק בדין (4 ליטר),יוניליוור ישראל שיווק בע`מ,,,יח,4,לליטר,false,1,19.80,4.95,false,1,
7290000133645,false,שלישיית משחת שיניים סודה אורביטול 145 גרם,החברה הדרומית לשיווק בעמ,,,יח,4.35,ל 100 גרם,false,1,16.90,3.89,false,1,
7290000133904,false,"מטהר אוויר דואופרש פסיפלורה תפוז סנו 300 מ""ל",החברה הדרומית לשיווק בעמ,,,יח,3,"ל 100 מ""ל",false,1,10.90,3.63,false,1,
7290000135052,false,"XL TEN משקה אנרגיה מנגו ללא סוכר 250 מ""ל","טמפו משקאות בע""\מ",,,יח,2.50,"ל 100 מ""ל",false,1,4.50,1.68,true,1,
7290000135113,false,"משקה אנרגיה XL פחית ten נענע ליים 250 מ""ל","טמפו משקאות בע""\מ",,,יח,2.50,"ל 100 מ""ל",false,1,4.50,1.68,true,1,
7290000136141,false,פפסי קולה 1.5 ליטר פיקדון,"טמפו משקאות בע""\מ",,,יח,15,"ל 100 מ""ל",false,1,7.50,0.48,true,1,
7290000136158,false,פפסי מקס משקה מוגז דל קלוריות בטעם קולה,"טמפו משקאות בע""\מ",,,יח,15,"ל 100 מ""ל",false,1,7.50,0.48,true,1,
7290000136165,false,מירינדה אורנג` 1.5 ליטר פיקדון,"טמפו משקאות בע""\מ",,,יח,15,"ל 100 מ""ל",false,1,7.50,0.48,true,1,
7290000136172,false,משקה 7UP בקבוק 1.5 ליטר פיקדון,"טמפו משקאות בע""\מ",,,יח,1.50,לליטר,false,1,7.50,4.80,true,1,
7290000136189,false,משקה דיאט 7UP בקבוק 1.5 ליטר פיקדון,"טמפו משקאות בע""\ם.",,,יח,15,"ל 100 מ""ל",false,1,7.50,0.48,true,1,
7290000136516,false,משקה בטעם מנגו פסיפלורה תריסר 1.5 ל' ג'אמפ,טמפו משקאות בע`מ,,,יח,15,"ל 100 מ""ל",false,1,6.90,0.44,true,1,
7290000136561,false,משקה בטעם תות בננה תריסר 1.5 ל' ג'אמפ,"טמפו משקאות בע""\מ",,,יח,15,"ל 100 מ""ל",false,1,6.90,0.44,true,1,
7290000136646,false,בירה נשר מאלט ללא אלכוהול 1.5 ליטר,"טמפו משקאות בע""\מ",,,יח,15,"ל 100 מ""ל",false,1,8.90,0.57,true,1,
7290000136653,false,בירה שחורה נשר מאלט דיאט בקבוק 1.5ל`,"טמפו משקאות בע""\מ",,,יח,1.50,"ל 100 מ""ל",false,1,8.90,5.73,true,1,
7290000136790,false,טמפו מי סודה 6*1.5 ליטר פיקדון,"טמפו משקאות בע""\מ",,,יח,90,"ל 100 מ""ל",false,1,16.70,0.17,false,1,
7290000136813,false,סודה בטעם אננס מארז רביעייה 1.5 ל' טמפו,טמפו משקאות בע''מn\,,,יח,1.50,לליטר,false,1,11.90,7.13,false,1,
7290000136820,false,סודה בטעם פירות יער מארז ריבעיה * 1.5 ל' טמפו,טמפו משקאות בע''מn\,,,יח,1.50,לליטר,false,1,11.90,7.13,false,1,
7290000136837,false,רביעיית מי סודה נגיעות אפרסק טמפו 1.5 ליטר,טמפו משקאות בע''מn\,,,יח,1.50,לליטר,false,1,11,7.13,false,1,
7290000136844,false,מארז מים מזוככים אקווה נובה שישיית 2 ליטר,"טמפו משקאות בע""\מ",,,יח,120,"ל 100 מ""ל",false,1,11.70,0.08,false,1,
7290000136868,false,סאן בנדטו - מים מינרלים - מארז שישיית 1.5 ליטר,אקווה מינרלה סאן בנדטו ב,,,יח,9,לליטר,false,1,15.90,1.77,false,1,
7290000139227,false,דגן לבן משפחתי 150 גר' אשבול,מ.ד אטיאס סוכנויות מזון בע`מ,,,יח,1.50,ל 100 גרם,false,1,8.90,5.93,false,1,
7290000139289,false,דגנים מולטי כדורי שוקולד 420גר',אשבול בעמ,,,יח,4.20,ל 100 גרם,false,1,8.90,2.12,false,1,
7290000139715,false,דגני בוקר קרמים נוגט אשבול 550 גרם,אשבול בעמ,,,יח,4.74,ל 100 גרם,false,1,10.90,2.30,false,1,
7290000139753,false,דגני בוקר קרמים שוקולד אשבול 550 גרם,אשבול בעמ,,,יח,5.50,ל 100 גרם,false,1,9.90,1.80,false,1,
7290000144474,false,שמן עץ הזית קנולה 1 ליטר בריאות מהטבע,סוגת תעשיות בעמ,,,יח,1,,false,1,14.90,14.90,false,1,
7290000146645,false,הוואי - סבון מוצק שחור מסתורי 100 גרם רביעייה,טרופיקל דגיל קוסמטיק,,,יח,4,ל 100 גרם,false,1,12.90,3.23,true,1,
7290000146652,false,הוואי - סבון מוצק ורוד רומנטי 100 גרם רביעייה,טרופיקל דגיל קוסמטיק,,,יח,4,ל 100 גרם,false,1,12.90,3.23,true,1,
7290000146669,false,הוואי - סבון מוצק שמיים כחולים 100 גרם רביעייה,טרופיקל דגיל קוסמטיק,,,יח,4,ל 100 גרם,false,1,12.90,3.23,true,1,
7290000146683,false,הוואי - סבון מוצק אפקט דאודורנט 100 גרם רביעייה,טרופיקל דגיל קוסמטיק,,,יח,4,ל 100 גרם,false,1,12.90,3.23,true,1,
7290000146928,false,"משחת שיניים לילדים בטעם ענבים טום וג'רי 50 מ""ל",טרופיקל דגיל קוסמטיק,,,יח,0.75,ל 100 גרם,false,1,7.90,10.53,true,1,
7290000146997,false,משחת שיניים לילדים מסטיק טום וג'רי 50 מל,טרופיקל דגיל קוסמטיק,,,יח,0.50,ל 100 גרם,false,1,7.90,15.80,true,1,
7290000148489,false,"קליית גת גרעיני דלעת קלויים,200 גרם",ליימן שליסל בעמ,,,יח,2,ל 100 גרם,false,1,8.90,4.45,false,1,
7290000148748,false,קליית גת גרעיני חמניה קלויים ומומלחים200,ליימן שליסל בעמ,,,יח,2,ל 100 גרם,false,1,5.90,2.95,true,1,
7290000148939,false,שקדים קלויים קליית גת (200 גרם),ליימן שליסל בעמ,,,יח,2,ל 100 גרם,false,1,15.90,7.95,false,1,
7290000149851,false,סבון לניקוי והסרת כתמים סינטבון 460 גרם,החברה הדרומית לשיווק בעמ,,,יח,4.60,ל 100 גרם,false,1,10.90,2.37,false,1,
7290000149905,false,טקסטיל שמפו נוזלי לאריגים עדינים1ליט,החברה הדרומית לשיווק בעמ,,,יח,1,לליטר,false,1,13.90,13.90,false,1,
7290000152288,false,עוף טוב נקניקיות עוף מיס לוסי 400 גרם,קבוצת אוסם סחר שותפות מוגבלת,,,יח,4,ל 100 גרם,false,1,14.90,3.73,true,1,
7290000169798,false,"עוגי מופחת סוכר 20% פצפוצי שוקו' 500ג' בד""צ",יוניליוור ישראל שיווק בע`מ,,,יח,375,ל 100 גרם,false,6,19.90,0.05,true,1,
7290000174723,false,שוקולית אבקה להכנת משקה שוקו 500 גרם,הנסיך- מפעל לייצור ט,,,יח,5,ל 100 גרם,false,1,12.90,2.58,false,1,
7290000176079,false,קפה טורקי עם הל עלית (100 גרם),הנסיך- מפעל לייצור ט,,,יח,1,ל 100 גרם,false,1,8.90,8.90,false,1,
7290000176413,false,קפה נמס עלית פחית 50 גרם,הנסיך- מפעל לייצור ט,,,יח,0.50,ל 100 גרם,false,1,8.90,17.80,false,1,
7290000176420,false,קפה נמס פחית עלית 200 גרם,פיקסל אם.גי.אם בעמ,,,יח,2,ל 100 גרם,false,1,19.90,9.95,false,1,
7290000176468,false,קפה נמס נטול קפאין 50 ג' קפה האג,"שטראוס גרופ בע""מ",,,יח,0.50,ל 100 גרם,false,1,10.80,21.60,false,1,
7290000176475,false,קפה נמס נטול קפאין האג עלית (200 גרם),שטראוס גרופ בע`מ,,,יח,2,ל 100 גרם,false,1,34.90,17.45,false,1,
7290000178707,false,חטיף צ`יפס בטעם טבעי תפוצ`יפס (50 גרם),"שטראוס פריטו ליי בע""\מ )",,,יח,2,ל 100 גרם,false,1,3.80,1.90,false,1,
7290000178721,false,חטיף צ`יפס בטעם טבעי תפוצ`יפס (200 גרם),"שטראוס פריטו ליי בע""\מ )",,,יח,2,ל 100 גרם,false,1,9.90,4.95,true,1,
7290000186603,false,דלי 10 ליטר ציבעוני,אושר א.א יבוא ושיווק כלי בית ב,,,יח,1,,false,1,9.90,9.90,false,1,
7290000191225,false,חיתולים ליטל בייביז מידה 2 האגיס 46 יחידות,קימברלי קלארק ישראל שיווק בעמ,,,יח,1,,false,1,33.90,33.90,false,1,
7290000195773,false,האגיס - מגבוני האגיס סנסטיב קר לא מבושם 64 יח' * 4,קימברלי קלארק ישראל שיווק בעמ,,,יח,1,,false,1,19.90,19.90,false,1,
7290000197456,false,חיתולים פרידום דריי שלב 4 האגיס 44 יחידות,קימברלי קלארק ישראל שיווק בעמ,,,יח,1,,false,1,41.90,41.90,true,1,
7290000197463,false,חיתולים פרידום דריי שלב +4 האגיס 40 יחידות,קימברלי קלארק ישראל שיווק בעמ,,,יח,1,,false,1,41.90,41.90,true,1,
7290000197548,false,חיתולים פרידום דריי שלב 5 האגיס 36 יחידות,קימברלי קלארק ישראל שיווק בעמ,,,יח,1,,false,1,41.90,41.90,true,1,
7290000197678,false,חיתולי האגיס פרידום דריי שלב 6 30 יחידות,קימברלי קלארק ישראל שיווק בעמ,,,יח,1,,false,1,41.90,41.90,true,1,
7290000201818,false,טיטולים פרימיום שלב 2 52 יחידות,קימברלי קלארק ישראל שיווק בעמ,,,יח,1,,false,1,32.90,32.90,true,1,
7290000201832,false,חיתולי פרימיום שלב 3 טיטולים) (50,קימברלי קלארק ישראל שיווק בעמ,,,יח,1,,false,1,32.90,32.90,true,1,
7290000201849,false,חיתולי פרימיום שלב 4 טיטולים) (40,קימברלי קלארק ישראל שיווק בעמ,,,יח,1,,false,1,32.90,32.90,true,1,
7290000201856,false,חיתולי פרימיום שלב 4+ טיטולים) (38,קימברלי קלארק ישראל שיווק בעמ,,,יח,1,,false,1,32.90,32.90,true,1,
7290000201870,false,חיתולי פרימיום שלב 6 טיטולים) (30,קימברלי קלארק ישראל שיווק בעמ,,,יח,1,,false,1,32.90,32.90,true,1,
7290000211169,false,"אורז תאילנדי אחד אחד סוגת 1 ק""ג",האי נאם סי או אל.טי.,,,יח,10,ל 100 גרם,false,1,6.90,0.69,false,1,
7290000211442,false,אורז בסגנון פרסי קלאסי סוגת (1 קג),האי נאם סי או אל.טי.,,,יח,10,ל 100 גרם,false,1,10.90,1.09,false,1,
7290000211503,false,סוכר לבן ארוז בשקית,"סוגת תעשיות בע""\מ",,,יח,10,ל 100 גרם,false,10,3.90,0.39,false,1,
7290000238029,false,"בצק עלים צרפתי מרודד מעדנות 1 ק""ג",תנובה מרכז שיתופי לשיווק תוצרת,,,ל 100 גרם,1,"לק""ג",false,1,17.90,17.90,false,1,
7290000238036,false,מלאווח מעדנות 6 יח`700 גרם קפוא,תנובה מרכז שיתופי לשיווק תוצרת,,,יח,7,יח,false,1,13.90,1.99,false,1,
7290000238173,false,.בורקס במילוי גבינה 800 גרם מעדנות,מיוצר עי קונדיטוריית,,,ל 100 גרם,8,ל 100 גרם,false,1,19.90,2.49,false,1,
7290000238180,false,בורקס במילוי תפוא 800 גרם מעדנות,מיוצר עי קונדיטוריית,,,ל 100 גרם,8,ל 100 גרם,false,1,16.90,2.11,false,1,
7290000244051,false,"הוואי שלישיית סבון נוזלי משב טרופי 500 מ""ל",הנקל סוד בע`מ,,,יח,1.50,לליטר,false,1,15.90,10.60,true,1,
7290000244082,false,"הוואי שלישיית סבון נוזלי שמיים כחולים 500 מ""ל","הנקל סוד בע""מ",,,יח,1.50,לליטר,false,1,15.90,10.60,true,1,
7290000244761,false,"קרם ידיים ולווטה 100 מ""ל",טרופיקל דגיל קוסמטיק,,,יח,1,"ל 100 מ""ל",false,1,11.90,11.90,true,1,
7290000245072,false,סוד מרכך כביסה בייבי סנסטיב 4 ליטר,גורי שיווק בעמ,,,יח,4,לליטר,false,1,16.90,4.23,false,1,
7290000245157,false,סוד סופט מרכך כביסה סנסיישן 4 ליטר,גורי שיווק בעמ,,,יח,40,"ל 100 ס""מ",false,1,16.90,0.42,false,1,
7290000245508,false,"אב.כביסה סוד פרפקט 1.25ק""ג-שקית כחולה",גורי שיווק בעמ,,,יח,12,ל 100 גרם,false,1,12.90,1.08,false,1,
7290000245515,false,"א.כ סוד קומפקט ביואקטיב פרפריום 1.25 ק""ג",גורי שיווק בעמ,,,יח,12,ל 100 גרם,false,1,12.90,1.08,false,1,
7290000245539,false,"קומפקט סוד 1.250 ק""ג קולור לכביסה צבעונית",גורי שיווק בעמ,,,יח,1.25,"לק""ג",false,1,12.90,10.32,false,1,
7290000245782,false,סוד סופט מרכך כביסה ורוד 4 ליטר,גורי שיווק בעמ,,,יח,40,"ל 100 ס""מ",false,1,16.90,0.42,false,1,
7290000245799,false,סוד סופט מרכך כביסה כחול 4 ליטר,גורי שיווק בעמ,,,יח,40,"ל 100 מ""ל",false,1,16.90,0.42,false,1,
7290000253220,false,שוקולדצ`יפס לאפייה 260 גר`אופנהיימר,תה ויסוצקי (ישראל) בעמ,,,יח,2.60,ל 100 גרם,false,1,10.90,4.19,false,1,
7290000253374,false,מיני שוקולד צ`יפס 66% מוצקי קקאו אופנהיי,תה ויסוצקי (ישראל) בעמ,,,יח,2.50,ל 100 גרם,false,1,14.90,5.96,false,1,
7290000262239,false,נייר טואלט מולט 48 גלילים,קימברלי קלארק ישראל שיווק בעמ,,,יח,27.70,ל 100 גרם,false,1,41.90,1.51,false,1,
7290000272443,false,סירופ דיאט בטעם תפוזים עסיס 1 ליטר,קבוצת אוסם סחר שותפות מוגבלת,,,יח,10,"ל 100 מ""ל",false,1,19.90,1.99,false,1,
7290000272467,false,עסיס פטל דיאט סירופ 1 ליטר,קבוצת אוסם סחר שותפות מוגבלת,,,יח,10,"ל 100 מ""ל",false,1,19.90,1.99,false,1,
7290000272696,false,מיץ לימון טבעי משומר 1 ליטר עסיס כלפ,קבוצת אוסם סחר שותפות מוגבלת,,,יח,10,"ל 100 מ""ל",false,1,10.90,1.09,false,1,
7290000272726,false,חומץ רכיבים רכיבים טבעיים 5% עסיס 1 ליטר,קבוצת אוסם סחר שותפות מוגבלת,,,יח,10,"ל 100 מ""ל",false,1,7.90,0.79,false,1,
7290000286594,false,אבקה לניקוי במיכל לימון X סנו 600 גרם,החברה הדרומית לשיווק בעמ,,,יח,6,ל 100 גרם,false,1,9.90,1.65,false,1,
7290000287430,false,סנובון צבעוני לאסלה בריח לימון שלישייה,החברה הדרומית לשיווק בעמ,,,יח,1.65,ל 100 גרם,false,1,10.90,6.61,false,1,
7290000288024,false,סנו - ז'אוול אקונומיקה בריח לימון 4 ליטר,החברה הדרומית לשיווק בעמ,,,יח,40,"ל 100 מ""ל",false,1,16.90,0.42,false,1,
7290000288048,false,ז`אוול מרסס לניקוי כללי לבנדר סנו (1 ליט,החברה הדרומית לשיווק בעמ,,,יח,10,"ל 100 מ""ל",false,1,17.90,1.79,false,1,
7290000288352,false,"קוטל חרקים וזוחלים K-300 סנו 630 מ""ל",החברה הדרומית לשיווק בעמ,,,יח,6.30,"ל 100 מ""ל",false,1,20.90,3.32,false,1,
7290000288383,false,"קוטל נמלים ותיקנים K-500 סנו 400 מ""ל",החברה הדרומית לשיווק בעמ,,,יח,4,"ל 100 מ""ל",false,1,20.90,5.23,false,1,
7290000288642,false,מקסימה מרכך כביסה סנסיטיב בייבי סנו 4 ליטר,החברה הדרומית לשיווק בעמ,,,יח,40,"ל 100 מ""ל",false,1,21.90,0.55,false,1,
7290000289595,false,"אורביטול משחת שיניים לילדים בטעם תות שדה 145 מ""ל",טרופיקל דגיל תעשיות קוסמ,,,יח,1,ל 100 גרם,false,1,7.90,7.90,false,1,
7290000291857,false,פוליויקס נוזל רצפות בניחוח גולדן סאנרייז סנו 2 ליטר,החברה הדרומית לשיווק בעמ,,,יח,2,לליטר,false,1,19.90,9.95,false,1,
7290000291932,false,"סנובון נוזל לניקוי אסלה בניחוח לבנדר סנו 750 מ""ל",החברה הדרומית לשיווק בעמ,,,יח,7.50,"ל 100 מ""ל",false,1,9.90,1.32,false,1,
7290000292533,false,סנו גל לניקוי כללי על בסיס שמן אורנים 1ל,החברה הדרומית לשיווק בעמ,,,יח,10,"ל 100 מ""ל",false,1,16.90,1.69,false,1,
7290000292687,false,סנובון מוצק לניקוי אסלה קלאסיק כחול סנו 3 יחידות,החברה הדרומית לשיווק בעמ,,,יח,1.65,ל 100 גרם,false,1,14.90,9.03,false,1,
7290000293073,false,מקסימה מרכך כביסה ביו לבן סנו 4 ליטר,החברה הדרומית לשיווק בעמ,,,יח,40,"ל 100 מ""ל",false,1,21.90,0.55,false,1,
7290000293561,false,"תרסיס להסרת כתמי עובש עם אקונומיקה סנו 750 מ""ל",החברה הדרומית לשיווק בעמ,,,יח,7.50,"ל 100 מ""ל",false,1,14.90,1.99,false,1,
7290000293820,false,"קרמה מן שמפו וג'ל גל רחצה אקטיב בלוק 700מ""ל",החברה הדרומית לשיווק בעמ,,,יח,7,"ל 100 מ""ל",false,1,15.90,2.27,false,1,
7290000294780,false,אקונומיקה סמיכה בריח לימון סנו ז'אוול 4 ליטר,החברה הדרומית לשיווק בעמ,,,יח,40,"ל 100 מ""ל",false,1,16.90,0.42,false,1,
7290000295367,false,"מקסימה אבקת כביסה אפקט ז'אוול סנו 2.5 ק""ג",החברה הדרומית לשיווק בעמ,,,יח,25,ל 100 גרם,false,1,24.90,1,false,1,
7290000295589,false,טלק לתינוק בייבי כיף 200 גרם,החברה הדרומית לשיווק בעמ,,,יח,2,ל 100 גרם,false,1,14.90,7.45,false,1,
7290000300900,false,שניצל תירס מרכיבים טבעיים טבעול 750 גרם,קבוצת אוסם סחר שותפות מוגבלת,,,ל 100 גרם,7.50,ל 100 גרם,false,1,27.90,3.72,true,1,
7290000303581,false,פול מצרי פרי הגליל 560 גרם,ויטה -פרי גליל (החדשה) בעמ,,,יח,5.60,ל 100 גרם,false,1,6.90,1.23,false,1,
7290000303598,false,שעועית לבנה ברוטב עגבניות פרי הגליל 570 גרם,ויטה -פרי גליל (החדשה) בעמ,,,יח,5.80,ל 100 גרם,false,1,6.90,1.19,true,1,
7290000303604,false,חומוס גרגירים 560 ג' פרי הגליל,ויטה- פרי גליל (החדשה) בעמ,,,יח,5.50,ל 100 גרם,false,1,6.90,1.25,true,1,
7290000307015,false,אפונת גינה בינונית פרי הגליל 550 גרם,ויטה פרי גליל (החדשה) בע`מ,,,יח,5.50,ל 100 גרם,false,1,6.90,1.25,true,1,
7290000307046,false,אפונת גינה וגזר פרי הגליל 550 גרם,ויטה -פרי גליל (החדשה) בעמ,,,יח,5.50,ל 100 גרם,false,1,6.90,1.25,true,1,
7290000307220,false,גרעיני תירס מתוק בואקום פרי הגליל 285 גרם,ויטה- פרי גליל (החדשה) בעמ,,,יח,4.50,ל 100 גרם,false,1,4.90,1.09,false,1,
7290000307237,false,גרעיני תירס מתוק פרי הגליל 550 גרם,ויטה פרי גליל (החדשה) בע`מ,,,יח,5.50,ל 100 גרם,false,24,6.90,1.25,true,1,
7290000307800,false,פול ירוק מוקפא פרי גליל 800ג',ויטה -פרי גליל (החדשה) בעמ,,,יח,8,ל 100 גרם,false,1,11.90,1.49,false,1,
7290000311135,false,מן עוגיות סטיקס בטעם שוקולד 300 גרם*,ח.כהן סוכנות מזון ומשקאות בע,,,יח,3,ל 100 גרם,false,1,6.90,2.30,false,1,
7290000311180,false,ופל ופליתעשיריות מן 250 גרם מארז 10 יחידות,ח.כהן סוכנות מזון ומשקאות בע,,,יח,2.50,ל 100 גרם,false,1,7.50,3,false,1,
7290000311203,false,"וופלים בטעם שוקולד ""מן"" 200 גרם",רוקחמן בעמ מפעל לייצור ופלים ו,,,יח,2,ל 100 גרם,false,1,4.30,2.15,false,1,
7290000311210,false,"וופלים בטעם לימון ""מן"" 200 גרם",רוקחמן בעמ מפעל לייצור ופלים ו,,,יח,2,ל 100 גרם,false,1,4.30,2.15,false,1,
7290000311227,false,"וופלים במילוי קרם קפה ""מן"" 200 גרם",ח.כהן סוכנות מזון ומשקאות בע,,,יח,2,ל 100 גרם,false,1,4.30,2.15,false,1,
7290000311234,false,וופל מן בטעם וניל 200 גרם,ח.כהן סוכנות מזון ומשקאות בע,,,יח,2,ל 100 גרם,false,1,4.30,2.15,false,1,
7290000311258,false,מן וופל מצופה שוקולד 250 גרם,"רוקחמן בע""מ",,,יח,2.50,ל 100 גרם,false,1,5.90,2.36,false,1,
7290000311357,false,מן וופלים בטעם אגוזים 10*28 גר-נ.ל.פ,ח.כהן סוכנות מזון ומשקאות בע,,,יח,2.80,ל 100 גרם,false,1,10.90,3.89,false,1,
7290000311425,false,ופל מצופה עשיריות מן 220 גרם מארז 10 יחידות,רוקחמן בעמ מפעל לייצור ופלים ו,,,יח,2.20,ל 100 גרם,false,1,7.50,3.41,false,1,
7290000311500,false,וופלים מן שוקו ללא כולסטרול 500 גרם,רוקחמן בעמ מפעל לייצור ופלים ו,,,יח,5,ל 100 גרם,false,1,8.90,1.78,false,1,
7290000311517,false,מן וופלים בטעם לימון 500 גרם,ח.כהן סוכנות מזון ומשקאות בע,,,יח,5,יח,false,1,8.90,1.78,false,1,
7290000311708,false,מן עוגיות מחיטה מלאה 300 גרם*נ.ל.פ,רוקחמן בעמ מפעל לייצור ופלים ו,,,יח,3,ל 100 גרם,false,1,6.90,2.30,false,1,
7290000311715,false,מן עוגיות כוכבים בטעם שוקולד 300 גרם*נ.ל.פ,רוקחמן בעמ מפעל לייצור ופלים ו,,,יח,3,ל 100 גרם,false,1,6.90,2.30,false,1,
7290000311722,false,מן עוגיות כוכבים וניל 300 גרם,רוקחמן בעמ מפעל לייצור ופלים ו,,,יח,3,ל 100 גרם,false,1,6.90,2.30,false,1,
7290000313160,false,זהבה ושלושת הדובים עוגיות בטעם שוקולד אסם 350 גרם,קבוצת אוסם סחר שותפות מוגבלת,,,יח,2.50,ל 100 גרם,false,1,7.90,3.16,false,1,
7290000313184,false,עוגיות חברים גן חיות וניל אסם 250 גר',קבוצת אוסם סחר שותפות מוגבלת,,,יח,2.50,ל 100 גרם,false,1,7.90,3.16,false,1,
7290000313290,false,אסם נודלס נודלס איטריות מסולסלות 200גר,קבוצת אוסם סחר שותפות מוגבלת,,,יח,2,ל 100 גרם,false,1,8.90,4.45,false,1,
7290000339191,false,רן אבקת הלבנה לכביסה 350 גרם,יוניליוור ישראל שיווק בע`מ,,,יח,3.50,ל 100 גרם,false,1,17.90,5.11,false,1,
7290000339566,false,מרכך כביסה ורוד בדין (4 ליטר),יוניליוור ישראל שיווק בע`מ,,,יח,40,"ל 100 מ""ל",false,1,19.80,0.50,false,1,
7290000339849,false,משחת קלין להדחת כלים ולניקיון כללי בניחוח סמדר,יוניליוור ישראל שיווק בע`מ,,,יח,3.50,"לק""ג",false,1,26.90,7.69,false,1,
7290000341071,false,בדין - מרכך כביסה בייבי לבן 2 ליטר,"יוניליוור ישראל שיווק בע""מ",,,יח,2,לליטר,false,1,14.90,7.45,false,1,
7290000342832,false,מרכך כביסה צהוב בדין (4 ליטר),"יוניליוור ישראל שיווק בע""מ",,,יח,40,"ל 100 מ""ל",false,1,19.80,0.50,false,1,
7290000345055,false,תה עלים ארל גריי ויסוצקי 100 גרם,תה ויסוצקי (ישראל) בעמ,,,יח,1,ל 100 גרם,false,1,13.90,13.90,false,1,
7290000345116,false,תה ירוק עלים ויסוצקי (125 גרם),תה ויסוצקי (ישראל) בעמ,,,יח,1.25,ל 100 גרם,false,1,14.90,11.92,false,1,
7290000345208,false,תה כחול קלאסיק ויסוצקי 25 יחידות,תה ויסוצקי (ישראל) בעמ,,,יח,0.25,ל 100 גרם,false,1,6.90,27.60,false,1,
7290000345215,false,תה כחול קלאסיק ויסוצקי 100 יחידות,תה ויסוצקי (ישראל) בעמ,,,יח,1,ל 100 גרם,false,1,16.90,16.90,false,1,
7290000345260,false,תה קלאסיק מעטפות ויסוצקי 25 יחידות,תה ויסוצקי (ישראל) בעמ,,,יח,0.3750,ל 100 גרם,false,1,6.90,18.40,false,1,
7290000345277,false,תה קלאסיק מעטפות ויסוצקי 50 יחידות,תה ויסוצקי (ישראל)בעמ,,,יח,0.75,ל 100 גרם,false,1,12.90,17.20,false,1,
7290000345291,false,תה ארל גרי 1.5/ 25 שקיקים ויסוצקי,תה ויסוצקי (ישראל) בעמ,,,יח,0.3750,ל 100 גרם,false,1,15.90,42.40,true,1,
7290000345307,false,תה ארל גרי 1.5/ 50 שקיקים ויסוצקי,תה ויסוצקי (ישראל) בעמ,,,יח,0.75,ל 100 גרם,false,1,27.90,37.20,true,1,
7290000345536,false,תה נענע 1.5/ 25 שקיקים ויסוצקי,תה ויסוצקי (ישראל) בעמ,,,יח,0.3750,ל 100 גרם,false,1,16.90,45.07,false,1,
7290000346137,false,חליטת הילולי פירות הגן הקסום ויסוצקי 25 יחידות,תה ויסוצקי (ישראל) בעמ,,,יח,0.6250,ל 100 גרם,false,1,17.90,28.64,true,1,
7290000346168,false,חליטת שומר הגן הקסום ויסוצקי 25 יחידות,תה ויסוצקי (ישראל) בעמ,,,יח,0.3750,ל 100 גרם,false,1,17.90,47.73,true,1,
7290000346199,false,חליטת פירות יער הגן הקסום ויסוצקי 25 יחידות,תה ויסוצקי (ישראל) בעמ,,,יח,0.6750,ל 100 גרם,false,1,17.90,26.52,true,1,
7290000346205,false,חליטת קמומיל הגן הקסום ויסוצקי 25 יחידות,תה ויסוצקי (ישראל) בעמ,,,יח,0.3750,ל 100 גרם,false,1,17.90,47.73,true,1,
7290000346236,false,חליטת לואיזה וורבנה הגן הקסום ויסוצקי 25 יחידות,תה ויסוצקי (ישראל) בעמ,,,יח,0.50,ל 100 גרם,false,1,17.90,35.80,true,1,
7290000347738,false,תה ירוק בתוספת עלי נענע 25 שקיקים,תה ויסוצקי (ישראל) בעמ,,,יח,0.3750,ל 100 גרם,false,1,22.90,61.07,true,1,
7290000347752,false,תה ירוק לימונית ולואיזה 25 שקיקים *1.5 ג'' ויסוצקי,תה ויסוצקי (ישראל) בעמ,,,יח,0.3750,ל 100 גרם,false,1,22.90,61.07,true,1,
7290000355481,false,רסק עגבניות BX22 טומטו 600ג' A2,ויטה- פרי גליל (החדשה) בעמ,,,יח,5.70,ל 100 גרם,false,1,5.90,1.04,false,1,
7290000355498,false,רוטב עגבניות A2 BX28 טומטו 580ג',ויטה- פרי גליל (החדשה) בעמ,,,יח,5.80,ל 100 גרם,false,12,6.50,1.12,false,1,
7290000364131,false,סלמי פריזר כפרי טירת 400 ג' צבי,תנובה ענף ב.ע.ד,,,יח,4,ל 100 גרם,false,1,17.90,4.48,false,1,
7290000364858,false,"נקניקיות עוף טרי טירת צבי 1 ק""ג",הנסיך- מפעל לייצור ט,,,יח,1,"לק""ג",false,1,24.90,24.90,false,1,
7290000367590,false,פסטרמה כפרית וסלמי פריזר כפרי טירת צבי 2*400 גרם,תנובה מרכז שיתופי לשיווק תוצרת,,,יח,8,ל 100 גרם,false,1,28.90,3.61,false,1,
7290000377209,false,בוטנים מטוגנים קליית גת (200 גרם),ליימן שליסל בעמ,,,יח,2,ל 100 גרם,false,1,6.90,3.45,false,1,
7290000377445,false,נש צ'אנס קליית גת 200 גרם,ליימן שליסל בעמ,,,יח,2,ל 100 גרם,false,1,7.90,3.95,false,1,
7290000377452,false,גרעיני אבטיח קלויים ומלוחים קלית גת 200,הדקלאים אגודת שיתופי,,,יח,2,ל 100 גרם,false,1,11.90,5.95,false,1,
7290000379654,false,חלה קלועה 500 ג' אנג'ל,שלמה א.אנג ל בעמ,,,יח,5,ל 100 גרם,false,1,6.70,1.34,false,1,
7290000408316,false,יוגורט דנונה דל לקטוז 200 גרם,שטראוס גרופ בעמ/מצונן,,,יח,2,"ל 100 מ""ל",false,1,3.50,1.75,false,1,
7290000408354,false,יוגורט עם אורז מצופה שוקולד קקאו 175 ג' דנונה,שטראוס גרופ בעמ/מצונן,,,יח,1.75,"ל 100 מ""ל",false,1,4.50,2.57,false,1,
7290000412481,false,נוזל לניקוי אסלות 00 סנו (1 ליטר),החברה הדרומית לשיווק בעמ,,,יח,10,"ל 100 מ""ל",false,1,7.90,0.79,false,1,
7290000416021,false,ממרח בטעם שוקולד השחר העולה (500 גרם),השחר העולה תעשית ממתקים בעמ,,,יח,5,ל 100 גרם,false,1,12.90,2.58,false,1,
7290000416045,false,ממרח בטעם שוקולד השחר העולה (1 קג),השחר העולה תעשית ממתקים בעמ,,,יח,1,"לק""ג",false,1,24.90,24.90,false,1,
7290000416618,false,"ממרח שוקולד פרווה השחר 400 גרם כשל""פ",השחר העולה תעשית ממתקים בעמ,,,יח,4,ל 100 גרם,false,1,11.90,2.98,false,1,
7290000416632,false,"ממרח שוקולד פרווה השחר 1 ק""ג כשל""פ",השחר העולה תעשית ממתקים בעמ,,,יח,1,"לק""ג",false,1,23.90,23.90,false,1,
7290000416854,false,אבקת קקאו השחר העולה (150 גרם),השחר העולה תעשית ממתקים בעמ,,,יח,1.50,ל 100 גרם,false,1,9.90,6.60,false,1,
7290000419220,false,לנדוור כחול המקורי קפה טחון טורקי 3*100 גרם 16 יח',ש.שסטוביץ בעמ,,,יח,3,ל 100 גרם,false,1,18.90,6.30,false,1,
7290000435251,false,סוכריות מיני משמחים עלה 500ג',לירון קרביץ יבוא שיווק וסחר,,,יח,1,,false,1,15.90,15.90,false,1,
7290000446523,false,ממרח בוטנים מתוק בטר אנד דיפרנט 350 גרם,בטר אנד דיפרנט בעמ,,,יח,3.50,ל 100 גרם,false,1,13.90,3.97,false,1,
7290000446547,false,חמאת בוטנים טבעית בטר אנד דיפרנט 350 גרם,"בטר אנד דיפרנט בע""מ",,,יח,3.50,ל 100 גרם,false,1,13.50,3.86,false,1,
7290000446554,false,"חמאת בוטנים טבעית בטר אנד דיפרנט 1 ק""ג",בטר אנד דיפרנט בעמ,,,יח,10,ל 100 גרם,false,1,28.90,2.89,false,1,
7290000446790,false,גרנולה עם צימוקים 400 גרם,בטר אנד דיפרנט בעמ,,,יח,4,ל 100 גרם,false,1,10.90,2.73,false,1,
7290000446806,false,דייסת דגנים מעורבים בטר אנד דיפרנט 200 גרם,השדה מוצרים אורגניים,,,יח,2,ל 100 גרם,false,1,11.90,5.95,false,1,
7290000449128,false,סיף פנטסטיק לימון ניקוי רב תכליתי 4ל',יוניליוור ישראל שיווק בע`מ,,,יח,40,"ל 100 מ""ל",false,1,19.90,0.50,false,1,
7290000450209,false,נתחי טונה בהירה בשמן פוסידון (108 גרם),"מיוצר עי וליגר בעמ,",,,יח,1.80,ל 100 גרם,false,1,5.70,3.17,false,1,
7290000450308,false,פוסידון טונה בהירה במי מלח 77 גרם,ויליגר בעמ עבור נטו,,,יח,1.08,ל 100 גרם,false,1,5.70,5.28,false,1,
7290000453019,false,שמרים טריים לאפייה שקית שמרית 50 ג',שטראוס גרופ בעמ/מצונן,,,יח,0.50,ל 100 גרם,false,1,4.90,9.80,false,1,
7290000453781,false,שמרים יבשים שמרית 125 גרם,"פאקא תעשיות בע""מ",,,יח,0.1250,ל 100 גרם,false,1,5.90,47.20,false,1,
7290000453798,false,שמרים יבשים אקטיביים שימרית 500 ג',"גי' בי' רכיבים בע""מ",,,יח,5,ל 100 גרם,false,1,13.90,2.78,false,1,
7290000453866,false,נטורינה תחליף מרגרינה לבישול ואפיה קוקוס שמרית 200 גרם,שטראוס גרופ בעמ/מצונן,,,יח,2,ל 100 גרם,false,1,7.90,3.95,false,1,
7290000453897,false,מרגרינה בטעם חמאה שמרית 200 גרם,גרונבאנג- גרונדנסק א,,,יח,2,ל 100 גרם,false,1,6.50,3.25,false,1,
7290000461625,false,בייגלה שמיניות מלח בייגל בייגל 400 ג',יוניליוור ישראל שיווק בע`מ,,,יח,4,ל 100 גרם,false,1,9.90,2.48,true,1,
7290000461656,false,בייגלה מקלות מלוחים בייגל בייגל 400 גרם,"יוניליוור ישראל שיווק בע""מ",,,יח,4,ל 100 גרם,false,1,9.90,2.48,true,1,
7290000462103,false,סחוג תימני אדום חריף עדין זהבי הכרם 150 גרם,שטראוס גרופ בעמ/מצונן,,,יח,1.50,ל 100 גרם,false,1,7.90,5.27,false,1,
7290000462172,false,סחוג זחוק ירוק תימני חריף זהבי (150 גרם),שטראוס גרופ בעמ/מצונן,,,יח,1.40,ל 100 גרם,false,1,7.90,5.64,false,1,
7290000462981,false,סחוג זחוק חריף אש זהבי (150 גרם),שטראוס גרופ בעמ/מצונן,,,יח,1.50,ל 100 גרם,false,1,9.90,6.60,false,1,
7290000467153,false,מלך החומוס סמיר הגדול 400 גרם צבר,קבוצת אוסם סחר שותפות מוגבלת,,,יח,4,ל 100 גרם,false,1,12.90,3.23,true,1,
7290000467320,false,מלך החומוס אבו מרוואן 400 גרם,קבוצת אוסם סחר שותפות מוגבלת,,,יח,4,ל 100 גרם,false,1,12.90,3.23,true,1,
7290000474373,false,"שמנת חמוצה 15% שומן 200 מ""ל טרה",החברה המרכזית טלהפצת משקאות בע,,,יח,2,"ל 100 מ""ל",false,1,2.40,1.20,false,1,
7290000474502,false,גבינה לבנה טרה 5% מרכיבים טבעיים,*החברה המרכזית להפצת משקאותבעמ,,,יח,2.50,ל 100 גרם,false,1,4.98,1.99,false,1,
7290000474540,false,גבינה טוב טעם 3% טרה 250ג' מהדרין,החברה המרכזית טלהפצת משקאות בע,,,יח,2.50,ל 100 גרם,false,1,12.50,5,true,1,
7290000474830,false,נעם גבינה צהובה מגורדת 28% טרה 500 גרם,*החברה המרכזית להפצת משקאותבעמ,,,יח,5,ל 100 גרם,false,1,31.90,6.38,false,1,
7290000480107,false,קוואקר שיבולת שועל פחית 500 גרם,שטראוס פריטו ליי בעמ,,,יח,5,ל 100 גרם,false,1,14.90,2.98,false,1,
7290000480442,false,קוואקר שיבולת שועל בשקית 500 גרם,שטראוס פריטו ליי בע`מ,,,יח,5,ל 100 גרם,false,1,11.90,2.38,false,1,
7290000481074,false,לחם משלושה קמחים מלאים 750 גר,דגנית עין בר תעשיות מזון ואפיה,,,יח,5,ל 100 גרם,false,1,15.90,3.18,false,1,
7290000484747,false,"ארק עלית 700 מ""ל 40% יקב הגליל*",יקב הגליל יוסף גולד ובניו,,,יח,7,"ל 100 מ""ל",false,1,57.90,8.23,false,1,
7290000493176,false,אסם אבקת רוטב צלי לבשר 22 ג',קבוצת אוסם סחר שותפות מוגבלת,,,יח,0.22,ל 100 גרם,false,1,4.20,19.09,false,1,
7290000493183,false,אבקת רוטב פטריות לבשר-30 גרם,קבוצת אוסם סחר שותפות מוגבלת,,,יח,0.30,ל 100 גרם,false,1,4.40,14.67,false,1,
7290000515014,false,קמח חיטה לבן בהיר באר שבע,טחנות קמח שטיבל בש בעמ,,,יח,10,ל 100 גרם,false,1,5.10,0.51,false,1,
7290000521008,false,יין אדום יבש של סגל (750 מל),"כרמי צבי - אחים סגל בע""\",,,יח,7.50,"ל 100 מ""ל",false,1,21.90,2.88,true,1,
7290000521015,false,יין לבן יבש של סגל (750 מל),פארייפאבה אגרואינדוס,,,יח,7.50,"ל 100 מ""ל",false,1,21.90,2.88,true,1,
7290000523125,false,מלח הארץ הים האדום 250 ג' עדין,"חברת מלח הארץ אילת בע""\מ",,,יח,2.50,ל 100 גרם,false,1,5.90,2.36,false,1,
7290000525969,false,מיץ תפוזים סחוט רכיבים טבעיים פרימור 1 ליטר,שטראוס גרופ בעמ/מצונן,,,יח,1,לליטר,false,1,15.90,15.90,false,1,
7290000533353,false,"בצק עלים מרודד זוגלובק 1 ק""ג",מאפיית אריאל וגידרון,,,יח,10,ל 100 גרם,false,1,13.90,1.39,true,1,
7290000536316,false,שניצל מן הצומח זוגלובק (1 קג),נקניק נהריה כשר זוגל,,,יח,10,ל 100 גרם,false,1,29.90,2.99,true,1,
7290000536774,false,"נקניקיות מן הצומח זוגלובק 1ק""ג בד""צ",זוגלובק שיווק בעמ,,,יח,10,ל 100 גרם,false,1,29.90,2.99,true,1,
7290000554402,false,מעדן חלב מלבי גד (160 גרם),מחלבות גד שיווק 1992 בעמ,,,יח,1.60,"ל 100 מ""ל",false,1,5.60,3.50,true,1,
7290000554600,false,מוצרלה מגורדת 22 אחוז 300גרם גד מהדרין,מחלבות גד שיווק 1992 בעמ,,,יח,1,,false,1,24.90,24.90,false,1,
7290000554624,false,ירח מתוק מעדן חלב עם אורז 3% גד 150 גרם,מחלבות גד שיווק 1992 בעמ,,,יח,1.50,"ל 100 מ""ל",false,1,5.40,3.60,true,1,
7290000554686,false,גבינת לאבנה בתוספת שמן זית וזעתר 5% גד 250 גרם,מחלבות גד שיווק 1992 בעמ,,,יח,2.50,ל 100 גרם,false,1,14.10,5.64,false,1,
7290000554839,false,מסקרפונה שמנת מתוקה קשה בסגנון איטלקי 40% גד 250 גרם,מחלבות גד שיווק 1992 בעמ,,,יח,2.50,ל 100 גרם,false,1,19.90,7.96,false,1,
7290000572208,false,חלוה בטעם וניל אחווה 100 גרם,שוורצקוף& הנקל דיסלד,,,יח,1,ל 100 גרם,false,1,2.90,2.90,false,1,
7290000572222,false,חלווה בלוק וניל אחוה 500 גרם,שוורצקוף& הנקל דיסלד,,,יח,5,ל 100 גרם,false,1,10.90,2.18,false,1,
7290000572543,false,חלוה בטעם שוקו וניל אחווה 400 גרם,אחדות ביתחרושת לטחינה חלבה,,,יח,4,ל 100 גרם,false,1,10.90,2.73,false,1,
7290000572673,false,חלבה וניל קקאו ואגוזים אחוה (25x12 גרם),שוורצקוף& הנקל דיסלד,,,יח,3,ל 100 גרם,false,12,12.90,4.30,false,1,
7290000572819,false,"טחינה גולמית אחווה 1 ק""ג",אחדות ביחר לטחינה חל,,,יח,10,ל 100 גרם,false,1,18.90,1.89,false,1,
7290000688084,false,מי עדן פקק ספורטאים500מל,יפאורה שותפות מוגבלת לשיווק,,,יח,5,"ל 100 מ""ל",false,1,2.80,0.50,false,1,
7290000688114,false,מים מינרלים מי עדן 1.5 ליטר,יפאורה שותפות מוגבלת לשיווק,,,יח,1.50,לליטר,false,1,2.50,1.67,false,1,
7290000688237,false,שישית מי עדן 1ליטר,יפאורה שותפות מוגבלת לשיווק,,,יח,6,לליטר,false,1,13.70,1.98,false,1,
7290000688381,false,מים מינרלים פקק ספורט מי עדן (500x6 מל),יפאורה שותפות מוגבלת לשיווק,,,יח,30,"ל 100 מ""ל",false,1,13.90,0.40,false,1,
7290000688466,false,מי עדן 0.75 ליטר ספורט בודד,יפאורה שותפות מוגבלת לשיווק,,,יח,7.50,"ל 100 מ""ל",false,1,2.80,0.33,false,1,
7290000688503,false,"מים מינרלים פקק ספורט מי עדן 6*750 מ""ל",יפאורה שותפות מוגבלת לשיווק,,,יח,45,"ל 100 מ""ל",false,1,16.90,0.34,false,1,
7290000803067,false,"משחת שיניים לילדים גילאים 6-2 אלמקס 75 מ""ל",הנסיך- מפעל לייצור ט,,,יח,0.75,ל 100 גרם,false,1,16.90,22.53,true,1,
7290000961804,false,דלעת חתוכה,"בכורי השדה צפון1994 ג.ד. בע""מ",,,"לק""ג",10,ל 100 גרם,true,1,12.90,1.29,false,1,
7290000995410,false,נבטים סיניים נבטי העמק,"בכורי השדה צפון1994 ג.ד. בע""מ",,,יח,1,,false,1,5.90,5.90,false,1,
7290000998220,false,לבבות חסה ירוק עד,"בכורי השדה צפון1994 ג.ד. בע""מ",,,יח,1,,false,1,8.90,8.90,false,1,
7290001041123,false,שקדים מולבנים פרוסים מיה 100 גרם,מיה תעשיות מזון מ.ת.מ. בעמ,,,יח,1,ל 100 גרם,false,1,9.90,9.90,false,1,
7290001041147,false,חומוס גדול יבש מיה 1 ק'ג,מיה תעשיות מזון מ.ת.מ. בעמ,,,יח,10,ל 100 גרם,false,1,10.90,1.09,false,1,
7290001041178,false,"אפונה ירוקה מיה 1 ק""ג",מיה תעשיות מזון מ.ת.מ. בעמ,,,יח,10,ל 100 גרם,false,1,6.90,0.69,false,1,
7290001041185,false,"פופקורן גרעינים מיה 1 ק""ג",מיה תעשיות מזון מ.ת.מ. בעמ,,,יח,10,ל 100 גרם,false,1,8.90,0.89,false,1,
7290001041208,false,"עדשים ירוקים יבשים מיה 1 ק""ג",מיה תעשיות מזון מ.ת.מ. בעמ,,,יח,10,ל 100 גרם,false,1,9.90,0.99,false,1,
7290001041215,false,"חיטה מיה 1 ק""ג",מיה תעשיות מזון מ.ת.מ. בעמ,,,יח,10,ל 100 גרם,false,1,5.90,0.59,false,1,
7290001041222,false,"חומוס לבן ענק יבש מיה 1 ק""ג",מיה תעשיות מזון מ.ת.מ. בעמ,,,יח,10,ל 100 גרם,false,1,15.90,1.59,false,1,
7290001041260,false,שומשום מיה (400 גרם),מיה תעשיות מזון מ.ת.מ. בעמ,,,יח,4,ל 100 גרם,false,1,9.90,2.48,true,1,
7290001041291,false,לקקן סוכריה על מקל 70יח',מיה תעשיות מזון מ.ת.מ. בעמ,,,יח,7.70,ל 100 גרם,false,1,19.90,2.58,true,1,
7290001041673,false,"אורז פרסי עממי ק''ג מיה 1 ק""ג",מיה תעשיות מזון מ.ת.מ בעמ,,,יח,10,ל 100 גרם,false,1,5,0.50,false,1,
7290001041987,false,סוכר חום צנצנת מיה 1,מיה תעשיות מזון מ.ת.מ. בעמ,,,יח,1,"לק""ג",false,1,16.90,16.90,false,1,
7290001053089,false,טונה מיוחדת אדומה,בלדי בעמ,,,"לק""ג",10,ל 100 גרם,true,1,79.90,7.99,false,1,
7290001136287,false,"שמפו לשיער רגיל בבושם פרחים נקה 7 750 מ""ל",החברה הדרומית לשיווק בעמ,,,יח,7.50,"ל 100 מ""ל",false,1,10.90,1.45,false,1,
7290001136294,false,"שמפו לשיער יבש בבישום פרחים נקה 7 750 מ""ל",החברה הדרומית לשיווק בעמ,,,יח,7.50,"ל 100 מ""ל",false,1,10.90,1.45,false,1,
7290001136300,false,"נקה 7 שמפו ומרכך לסירוק קל 750 מ""ל",החברה הדרומית לשיווק בעמ,,,יח,7.50,"ל 100 מ""ל",false,1,10.90,1.45,false,1,
7290001201510,false,ביצים ארוזות M מ. לסר) (30 פיקוח,מ לסר בעמ - חברה לשיווק ביצים,,,יח,30,יח,false,1,27.80,0.93,false,1,
7290001201596,false,ביצים ארוזות M 12 יחידות,מ לסר בעמ - חברה לשיווק ביצים,,,יח,12,יח,false,1,11.15,0.93,false,1,
7290001201602,false,ביצים 18 יח גדול לסר,מ לסר בעמ - חברה לשיווק ביצים,,,יח,18,יח,false,1,18,1,false,1,
7290001247068,false,קרטונית נקטר ספרינג תות בננה 1 ליטר,יפאורה שותפות מוגבלת לשיווק,,,יח,10,"ל 100 מ""ל",false,1,7,0.70,true,1,
7290001247099,false,קרטונית נקטר ספרינג מנגו 1 ליטר,יפאורה שותפות מובגלת לשיווק,,,יח,10,ל 100 גרם,false,1,7,0.70,true,1,
7290001247754,false,אר.סי קולה פחית 330מל,יפאורה - שותפות מוגבלת לשיווק,,,יח,3.30,"ל 100 מ""ל",false,1,3.90,1.09,true,1,
7290001265642,false,"מזון חתולים מעדני פטה 1.2 ק""ג מארז 3 יחידות",דיפלומט מפיצים (1968) בעמ**,,,יח,10,ל 100 גרם,false,1,19.90,1.99,false,1,
7290001305058,false,"פלמוליב - נטורלס תחליב רחצה חלב ודבש 500 מ""ל",הנסיך- מפעל לייצור ט,,,יח,5,"ל 100 מ""ל",false,1,16.90,3.38,false,1,
7290001305188,false,"נוזל לניקוי כלים בריח לימון פלמוליב 750 מ""ל",יבואן ומשווק: ש. שסט,,,יח,7.50,"ל 100 מ""ל",false,1,11.90,1.59,true,1,
7290001327791,false,גלידה קרמיסימו וניל עוגיות 1.33 ליטר,"גלידת שטראוס בע""\מ, רחוב",,,יח,1.33,לליטר,false,1,18.90,14.21,false,1,
7290001335574,false,בשר ראש חלק,נתח אדום עוזי ביטון ובניו בעמ,,,"לק""ג",10,ל 100 גרם,true,1,74.90,7.49,false,1,
7290001335680,false,"שומן כבש 200 גר`בד,ץ",נתח אדום עוזי ביטון ובניו בעמ,,,יח,2,ל 100 גרם,false,1,22.90,11.45,false,1,
7290001407134,false,בארכה פרוסות חלווה שוקו וניל+פ.קקאו 400גר,קבוצת אוסם סחר שותפות מוגבלת,,,יח,4,ל 100 גרם,false,1,14.90,3.73,false,1,
7290001407752,false,טחינה גולמית עם פטרוזליה בארכה 500ג',קבוצת אוסם סחר שותפות מוגבלת,,,יח,5,ל 100 גרם,false,1,15.90,3.18,false,1,
7290001419618,false,וופל בלגי עלמה שחור לבן וניל 200ג',מ.ד אטיאס סוכנויות מזון בע`מ,,,יח,2,ל 100 גרם,false,1,2.90,1.45,true,1,
7290001468135,false,שעווה רצועות נאמן לא,נאמן לאורך זמן בעמ,,,יח,1,,false,1,13.90,13.90,false,1,
7290001468159,false,ריבת חלב טופ מותגים,נאמן לאורך זמן בעמ,,,יח,3.30,ל 100 גרם,false,1,12.90,3.91,false,1,
7290001468272,false,נאמן פלסטרים מעורב 50יח',נאמן לאורך זמן בעמ,,,יח,1,,false,1,6.90,6.90,false,1,
7290001468494,false,"שעווה טבעית למיקרוגל 500 סמ""ק",נאמן לאורך זמן בעמ,,,יח,5,ל 100 גרם,false,1,14.90,2.98,false,1,
7290001482384,false,חתיכות אננס בסירופ קל וילי פוד 227 גרם,ג.וילי פוד אינטרנשיונל בעמ,,,יח,2.27,ל 100 גרם,false,1,3.90,1.72,false,1,
7290001483480,false,אלגרו תות שדה 300ג הגביע,הגביע מוצרי וופלים בעמ,,,יח,3,ל 100 גרם,false,1,5.90,1.97,true,1,
7290001483596,false,עוגיות שוקו ציפס חום(גלילית),הגביע מוצרי וופלים בעמ,,,יח,2,ל 100 גרם,false,1,4.20,2.10,false,1,
7290001483862,false,עוגיות בסקוויט גן חיות 225ג הגביע,הגביע מוצרי וופלים בעמ,,,יח,2.25,ל 100 גרם,false,1,4.20,1.87,false,1,
7290001485019,false,גבינת קרם שמנת טבעי 5% טרה 200 גרם,*החברה המרכזית להפצת משקאותבעמ,,,יח,2,ל 100 גרם,false,1,12.50,6.25,false,1,
7290001491096,false,תה ירוק בתוספת לימונית ולואיזה 50 שקיקים ויסוצקי,תה ויסוצקי (ישראל) בעמ,,,יח,0.75,יח,false,1,39.90,53.20,false,1,
7290001594025,false,קוקה קולה בקבוק זכוכית,החברה המרכזית להפצת משקאות בעמ,,,יח,3.50,"ל 100 מ""ל",false,1,6.90,1.89,false,1,
7290001594544,false,"בירה שחורה מאלטי בקבוק 330מ""ל",החברה המרכזית להפצת משקאות בעמ,,,יח,3.30,"ל 100 מ""ל",false,1,5,1.42,false,1,
7290001594568,false,בירה בפחית קרלסברג (500 מל),החברה המרכזית להפצת משקאות בעמ,,,יח,5,"ל 100 מ""ל",false,1,8.90,1.72,false,1,
7290001594575,false,בירה בפחית רד טובורג (500 מל),החברה המרכזית להפצת משקאות בעמ,,,יח,5,"ל 100 מ""ל",false,1,8.90,1.72,true,1,
7290001791363,false,"מטהר אויר בניחוח וניל קוקוס מילוי סנו 250 מ""ל",החברה הדרומית לשיווק בעמ,,,יח,2.50,"ל 100 מ""ל",false,1,13.90,5.56,false,1,
7290001817728,false,צ'יטוס אפוי כאפה בטעם קטשופ 55 גרם,"שטראוס פריטו ליי בע""\מ )",,,יח,0.55,ל 100 גרם,false,1,3.50,6.36,false,1,
7290001865439,false,פמילי אל סבון נוזלי בניחוח וניל 1 ליטר,אף.סי תבליני בגליל ב,,,יח,10,לליטר,false,1,10.90,1.09,true,1,
7290001865453,false,פמילי לקשרי 1 ליטר לבנדר ארומטי+משאבה,מיוצר עי קונדיטוריית,,,יח,1,לליטר,false,1,10.90,10.90,true,1,
7290001990094,false,"סוכר חום כהה צנצנת קלאסי סוגת 1ק""ג",האי נאם סי או אל.טי.,,,יח,10,ל 100 גרם,false,1,14.50,1.45,false,1,
7290001990117,false,שומשום סוגת 100 גרם,האי נאם סי או אל.טי.,,,יח,1,ל 100 גרם,false,1,3.50,3.50,true,1,
7290001990278,false,"שעועית לבנה 1 ק""ג סוגת","סוגת תעשיות בע""\מ",,,יח,10,ל 100 גרם,false,1,18.90,1.89,true,1,
7290001990391,false,אפונה יבשה 1קג סוגת,"סוגת תעשיות בע""\מ",,,יח,10,ל 100 גרם,false,1,11.90,1.19,true,1,
7290002000143,false,"חדש -פנג'ל ק.ידיים קלאסיק 80מ""ל",מיוצר עי קונדיטוריית,,,יח,1,"ל 100 מ""ל",false,1,7.90,7.90,false,1,
7290002011651,false,לוגאנו עוגיות במילוי קרם אגוזים 150 גרם,הגביע מוצרי וופלים בעמ,,,יח,1.50,ל 100 גרם,false,1,4.90,3.27,false,1,
7290002015093,false,מלפפון בחומץ 13-17 בני דרום 560 גרם,קבוצת יבנה מוצרי מזון,,,יח,5.60,ל 100 גרם,false,1,7.90,1.41,false,1,
7290002015116,false,מלפפון בחומץ 7-9 בני דרום 560 גרם,קבוצת יבנה מוצרי מזון,,,יח,5.60,ל 100 גרם,false,1,5.90,1.05,false,1,
7290002015123,false,מלפפון בחומץ 10-12 בני דרום 560 גרם,קבוצת יבנה מוצרי מזון,,,יח,5.60,ל 100 גרם,false,1,7.50,1.34,false,1,
7290002015147,false,מלפפון בחומץ 18-25בני דרום 560 גרם,קבוצת יבנה מוצרי מזון,,,יח,5.60,ל 100 גרם,false,1,8.90,1.59,false,1,
7290002015161,false,מלפפון במלח 10-12 בני דרום 560 גרם,קבוצת יבנה מוצרי מזון,,,יח,5.60,ל 100 גרם,false,1,7.50,1.34,false,1,
7290002015192,false,מלפפון במלח 18-25 בני דרום 560 גרם,קבוצת יבנה מוצרי מזון,,,יח,5.60,ל 100 גרם,false,1,8.90,1.59,false,1,
7290002015208,false,מלפפון במלח 13-17 בני דרום 560 גרם,קבוצת יבנה מוצרי מזון,,,יח,5.60,ל 100 גרם,false,1,7.90,1.41,false,1,
7290002015314,false,זיתים ירוק 12-15 340 גרם,קבוצת יבנה מוצרי מזון,,,יח,5.60,ל 100 גרם,false,1,5.90,1.05,false,1,
7290002015444,false,זיתים חרוזית א5 בני דרום 1250 גרם,קבוצת יבנה מוצרי מזון,,,יח,1.25,"לק""ג",false,1,15.90,12.72,false,1,
7290002015475,false,זיתים מנזלינו ירוק א5 בני דרום 1250 גרם,קבוצת יבנה מוצרי מזון,,,יח,1.25,"לק""ג",false,1,13.90,11.12,false,1,
7290002015666,false,פלפל חריף שיפקה בני דרום 540 גרם,קבוצת יבנה מוצרי מזון,,,יח,5.40,ל 100 גרם,false,1,5.90,1.09,false,1,
7290002015765,false,חצילים במלח בני דרום 540גרם,קבוצת יבנה מוצרי מזון,,,יח,5.40,ל 100 גרם,false,1,5.90,1.09,false,1,
7290002019114,false,רוטב עגבניות מרוכז מאד 28-30BX פריניר,ח.כהן סוכנות מזון ומשקאות בע,,,יח,5.80,ל 100 גרם,false,1,6.90,1.19,false,1,
7290002019183,false,"עגבניות מקולפות 800ג בד""ץ פריניר*",ח.כהן סוכנות מזון ומשקאות בע,,,יח,8,ל 100 גרם,false,1,6.90,0.86,false,1,
7290002019763,false,עגבניות מרוסקות 800ג פריניר ה.מכירה *,ח.כהן סוכנות מזון ומשקאות בע,,,יח,8,ל 100 גרם,false,1,6.90,0.86,true,1,
7290002019787,false,רוטב עגבניות מרוכז מאוד 260 גרם פריניר,ח.כהן סוכנות מזון ומשקאות בע,,,יח,2.60,ל 100 גרם,false,1,3.50,1.35,false,1,
7290002019794,false,רוטב עגבניות מרוכז מאוד 100 גרם פריניר,ח.כהן סוכנות מזון ומשקאות בע,,,יח,1,ל 100 גרם,false,1,1.90,1.90,true,1,
7290002022152,false,מרשמלו ורוד לבן וסטהיים 100ג36X שקיות בקרטון,כרמית תעשיות ממתקים בעמ,,,יח,1,ל 100 גרם,false,1,3.60,3.60,true,1,
7290002057178,false,זיתים שחורים גדולים מנזלינו קבוצת יבנה 3,קבוצת יבנה מוצרי מזון בעמ,,,יח,5.60,ל 100 גרם,false,1,9.70,1.73,false,1,
7290002057185,false,טבעות זיתים ירוקים קבוצת יבנה 560 גרם,קבוצת יבנה מוצרי מזון אגודה שי,,,יח,5.60,ל 100 גרם,false,1,8.90,1.59,false,1,
7290002057376,false,מלפפונים במלח ‏17‏-‏13‏ קבוצת יבנה 320 גרם,"קבוצת יבנה מוצרי מזון בע""מ",,,יח,5.40,ל 100 גרם,false,1,9.90,1.83,true,1,
7290002057734,false,זיתים חרוזית מושחר קבוצת יבנה 275 גרם,קבוצת יבנה מוצרי מזון בעמ,,,יח,5.40,ל 100 גרם,false,1,8.90,1.65,false,1,
7290002065555,false,שישיית לחמנייה הכי רכה בהפסקה אנג'ל 450 גרם,מאפיית שלמה א. אנג'\ל בע,,,יח,1,,false,1,12.90,12.90,false,1,
7290002128779,false,נייר טישו חמישייה מנורה*,מנורה אור חדש בעמ,,,יח,5,יח,false,1,8.90,1.78,false,1,
7290002130567,false,דבש דבורים טהור פרחי בר יד מרדכי 350 גרם,מכוורת יד מרדכי שטראוס ב,,,יח,3.50,ל 100 גרם,false,1,16.90,4.83,false,1,
7290002130581,false,דבש טהור מפרחי בר יד מרדכי (1 קג),מכוורת יד מרדכי שטראוס ב,,,יח,10,ל 100 גרם,false,1,42.90,4.29,true,1,
7290002132011,false,עוגיות מזרחיות עם שומשום עבאדי (400 גר),מאפיית יוסף ושמחה עבאדי,,,יח,4,ל 100 גרם,false,1,17.90,4.48,false,1,
7290002157953,false,מארז נתחי טונה בהירה בשמן קנולה - 4 יחידות,נטו מלינדה סחר בע`מ,,,יח,5.60,ל 100 גרם,false,1,19.90,3.55,false,1,
7290002239338,false,שעועית ירוקה חתוכה800 גר`פרי גליל,ויטה- פרי גליל (החדשה) בעמ,,,יח,8,ל 100 גרם,false,1,9.90,1.24,false,1,
7290002253150,false,קוביות בזיליקום קצוץ דורות 70 גרם,קבוצת אוסם סחר שותפות מוגבלת,,,יח,0.70,ל 100 גרם,false,1,10.90,15.57,false,1,
7290002253167,false,פטרוזיליה טרייה קצוצה מוקפאת 70 גרם,קבוצת אוסם סחר שותפות מוגבלת,,,יח,0.70,ל 100 גרם,false,1,10.90,15.57,false,1,
7290002278429,false,צמר פלדה 100 גרם,פלסטו פוליש (ברקן)בעמ,,,יח,1,ל 100 גרם,false,1,2.90,2.90,false,1,
7290002281405,false,זוג סלט סלמון מעושן פיקנטי ויליגר 2*160 גרם,"ויליגר תעשיות בע""\מ",,,יח,3.20,ל 100 גרם,false,1,9.90,3.09,false,1,
7290002281474,false,חמישיית פיצות שלושת האופים,נטו מילנדה סחר בעמ*,,,יח,20,ל 100 גרם,false,1,52.90,2.65,false,1,
7290002281498,false,גבינה צהובה מגורדת על בסיס חלב 500 ג' ריץ,נטו מילנדה סחר בעמ*,,,יח,5,ל 100 גרם,false,1,24.90,4.98,false,1,
7290002319016,false,אבקת אפיה עשיריות מיה 100 גרם,מיה תעשיות מזון מ.ת.מ. בעמ,,,ל 100 גרם,10,ל 100 גרם,false,1,1.90,0.19,false,1,
7290002319023,false,סוכר וניל עשיריות מיה 100 גרם,מיה תבליני החיים ירושלים בע`מ,,,יח,1,ל 100 גרם,false,1,1.90,1.90,false,1,
7290002319061,false,קוקוס טחון מיה (100 גרם),מיה תעשיות מזון מ.ת.מ. בעמ,,,יח,1,ל 100 גרם,false,1,3.90,3.90,true,1,
7290002319078,false,שומשום 100 גרם מיה,מיה תעשיות מזון מ.ת.מ. בעמ,,,יח,1,ל 100 גרם,false,1,2.90,2.90,false,1,
7290002319092,false,"קמח תפוח אדמה 500ג בד""ץ מיה*",מיה תעשיות מזון מ.ת.מ. בעמ,,,יח,5,ל 100 גרם,false,1,4.90,0.98,false,1,
7290002319115,false,חומוס גדול יבש מיה 500 גר',מיה תעשיות מזון מ.ת.מ. בעמ,,,יח,5,ל 100 גרם,false,1,6.60,1.32,false,1,
7290002319139,false,שעועית לבנה יבשה מיה 500 ג',מיה תעשיות מזון מ.ת.מ. בעמ,,,יח,5,ל 100 גרם,false,1,8.90,1.78,true,1,
7290002319160,false,אפונה ירוקה יבשה מיה 500 ג',מיה תעשיות מזון מ.ת.מ. בעמ,,,יח,5,ל 100 גרם,false,1,6.50,1.30,true,1,
7290002319177,false,פופקורן גרעינים מיה 500 גר',מיה תעשיות מזון מ.ת.מ. בעמ,,,יח,5,ל 100 גרם,false,1,4.90,0.98,false,1,
7290002319184,false,עדשים אדומים יבשים מיה 500 גר',מיה תעשיות מזון מ.ת.מ. בעמ,,,יח,5,ל 100 גרם,false,1,7.90,1.58,true,1,
7290002319191,false,עדשים ירוקים יבשים מיה 500 גר',מיה תעשיות מזון מ.ת.מ. בעמ,,,יח,5,ל 100 גרם,false,1,7,1.40,true,1,
7290002319207,false,כוסמת מיה (500 גרם),מיה תעשיות מזון מ.ת.מ. בעמ,,,יח,5,ל 100 גרם,false,1,7.90,1.58,false,1,
7290002319221,false,חיטה מיה (500 גרם),מיה תעשיות מזון מ.ת.מ. בעמ,,,יח,5,ל 100 גרם,false,1,4.90,0.98,true,1,
7290002319771,false,תמצית אפיה בטעם וניל מיה (50 מל),מיה תעשיות מזון מ.ת.מ. בעמ,,,יח,0.50,"ל 100 מ""ל",false,1,3,6,false,1,
7290002319788,false,תמצית אפיה בטעם רום כשלפ בדצ העדח,מיה תעשיות מזון מ.ת.מ. בעמ,,,יח,0.60,"ל 100 מ""ל",false,1,3,5,false,1,
7290002319825,false,"אבקת סוכר 100 ג`בד""ץ מיה",מיה תעשיות מזון מ.ת.מ. בעמ,,,יח,1,ל 100 גרם,false,1,1.90,1.90,false,1,
7290002331124,false,נביעות+ מים מינרליים בטעם תפוח,החברה המרכזית להפצת משקאות בעמ,,,יח,5,"ל 100 מ""ל",false,1,7.90,1.52,false,1,
7290002331155,false,מים נביעות בטעם אפרסק 0.5 ליטר,החברה המרכזית להפצת משקאות בעמ,,,יח,5,"ל 100 מ""ל",false,1,7.90,1.52,false,1,
7290002331421,false,"שישיית מים מינרליים GO TO נביעות 755 מ""ל",החברה המרכזית להפצת משקאות בעמ,,,יח,4.53,לליטר,false,1,16.90,3.33,false,1,
7290002331476,false,"נביעות בייבי מים מינרלים 250מ""ל",החברה המרכזית להפצת משקאות בע,,,יח,3.20,"ל 100 מ""ל",false,1,3.50,1,false,1,
7290002331483,false,נביעות מים מינרלים שישיה בייבי 330 מ`ל,החברה המרכזית להפצת משקאות בעמ,,,יח,32,"ל 100 מ""ל",false,1,14.90,0.41,false,1,
7290002331490,false,מים מינרלים נביעות (1 ליטר),החברה המרכזית להפצת משקאות בעמ,,,יח,10,"ל 100 מ""ל",false,1,3.30,0.30,true,1,
7290002331711,false,נביעות מים מינרלים בטעם ענבים0.5ליטר,החברה המרכזית להפצת משקאות בעמ,,,יח,5,"ל 100 מ""ל",false,1,7.90,1.52,false,1,
7290002348061,false,פטריות שמפיניון חתוכות ויליגר 400 גרם,נטו מילנדה סחר בעמ*,,,יח,3.85,ל 100 גרם,false,1,4.50,1.17,false,1,
7290002348139,false,תחתיות ארטישוק ויליגר (390 גרם),נטו מילנדה סחר בעמ*,,,יח,4.25,ל 100 גרם,false,1,9.90,2.33,false,1,
7290002348160,false,תירס גמדי שלם ויליגר 400גר,גואנגדונג יוזהו פודס,,,יח,4,ל 100 גרם,false,1,7.90,1.98,false,1,
7290002371533,false,דקניקים סלסולי פסטרמה דבש טירת צבי 120 גרם,תנובה מרכז שיתופי לשיווק תוצרת,,,יח,1.20,ל 100 גרם,false,1,13.90,11.58,false,1,
7290002404828,false,תירוש ענבים 1 ליטר כשרות משולבת ארזה*,יקבי ארזה ת.ר.ז. בעמ,,,יח,10,"ל 100 מ""ל",false,1,13.90,1.36,true,1,
7290002515333,false,"ד""ר פישר - קמיל בלו סנסיטיב אל סבון עדין לתינוק 500 מ""ל","פישר תעשיות פרמבצטיות בע""מ",,,יח,5,"ל 100 מ""ל",false,1,17.90,3.58,false,1,
7290002538158,false,גלידה חמה גביע וופל במילוי קרם 15 יחידות,"גלידות קולורדו בע""מ",,,יח,15,יח,false,1,19.90,1.33,false,1,
7290002538875,false,קרמבו 20 יח`וניל ארטיק,"גלידות קולורדו בע""מ",,,יח,20,יח,false,1,19.90,1,false,1,
7290002538882,false,קרמבו ארטיק 20יח טעם מוקה,"גלידות קולורדו בע""מ",,,יח,20,יח,false,1,19.90,1,false,1,
7290002542506,false,"בקבוק בירה קורונה 355 מ""ל",קריניציה ויטמינה אס,,,יח,3.55,לליטר,false,1,7.20,1.94,false,1,
7290002581079,false,תן צ'אפ חטיף טבעות 50 גר',מיה תעשיות מזון מ.ת.מ. בעמ,,,יח,0.60,ל 100 גרם,false,1,3.80,6.33,false,1,
7290002603498,false,פיצת השף מאיטליה CHEF שגב אנטיפסטי 220,האי נאם סי או אל.טי.,,,יח,2.20,ל 100 גרם,false,1,14.90,6.77,true,1,
7290002603634,false,פיצה תפזורת משולש 80 גר`בעלז,נטו מילנדה סחר בעמ*,,,יח,0.80,ל 100 גרם,false,1,2.80,3.50,true,1,
7290002626336,false,תבלין כרכום טחון שקית 60 ג',"דפנה תעשיות א.מ בע""מ",,,יח,1,,false,1,4.90,4.90,false,1,
7290002628170,false,צלי כתף מס'5 מוכשר ח,בלדי בעמ,,,"לק""ג",1,,true,1,64.90,64.90,false,1,
7290002692393,false,שמן קנולה מזוכך מועשר עץ הזית (1 ליטר),סוגת תעשיות בעמ,,,יח,1,לליטר,false,1,14.90,14.90,false,1,
7290002730262,false,נוזל לניקוי כלים קלאסי פלמוליב (750 מל),יבואן ומשווק: ש. שסט,,,יח,7.50,"ל 100 מ""ל",false,1,11.90,1.59,true,1,
7290002730811,false,"משחת שיניים ג'ל פסים מרעננים קולגייט 100 מ""ל",הנסיך- מפעל לייצור ט,,,יח,1,ל 100 גרם,false,1,11.90,11.90,false,1,
7290002735014,false,מלווח ארוז יינון 800 גר`,קפוא-זן תעשיות מזון בעמ - תפוג,,,יח,1,"לק""ג",false,1,14.90,14.90,false,1,
7290002735021,false,ג`חנון ארוז 750 גר`יינון,קפוא-זן תעשיות מזון בעמ - תפוג,,,יח,9,ל 100 גרם,false,1,14.90,1.66,false,1,
7290002735120,false,"בורקס תפו""א ינון 800 גרם",קפוא-זן תעשיות מזון בעמ - תפוג,,,יח,8,ל 100 גרם,false,1,14.90,1.86,false,1,
7290002735274,false,ג'חנון אפוי ינון 600 גרם,קפוא-זן תעשיות מזון בעמ - תפוג,,,יח,6,ל 100 גרם,false,1,16.90,2.82,false,1,
7290002752332,false,"סוכריות מנטוס פירות בגליל, 37.5 גרם",הדקלאים אגודת שיתופי,,,יח,0.3750,ל 100 גרם,false,1,2.90,7.73,false,1,
7290002757528,false,"בורקס פילו תפו""א 700 גרם שלושת האופים",נטו מלינדה סחר בע`מ,,,יח,7,ל 100 גרם,false,1,19.90,2.84,true,1,
7290002757535,false,בורקס פילו אצבעות גבינה שלושת האופים 700 גרם,שלושת האופים שגמור,,,יח,7,ל 100 גרם,false,1,19.90,2.84,true,1,
7290002757672,false,המבורגר מזרחי טיבון ויל 400ג',נטו מילנדה סחר בעמ*,,,יח,4,ל 100 גרם,false,1,11.90,2.98,false,1,
7290002768043,false,"תיאדנט מי-פה ענק פלאוריד 150 מ""ל",החברה הדרומית לשיווק בעמ,,,יח,1.50,"ל 100 מ""ל",false,1,14.90,9.93,false,1,
7290002780571,false,"מלפפון במלח15-20 1.25 ק""ג",קבוצת יבנה מוצרי מזון,,,יח,1.25,"לק""ג",false,1,11.90,9.52,false,1,
7290002780649,false,זיתים ירוקים טבעות בני דרום 560 גרם,קבוצת יבנה מוצרי מזון,,,יח,5.60,ל 100 גרם,false,1,7.40,1.32,false,1,
7290002780656,false,זיתים שחורים טבעות בני דרום 560 גרם,קבוצת יבנה מוצרי מזון,,,יח,5.60,ל 100 גרם,false,1,7.40,1.32,false,1,
7290002781691,false,ממרח שוקולד 400 גר מיטב בדץ,לפמיטב תעשיות רטבים ומזון בעמ,,,יח,4,ל 100 גרם,false,1,5.50,1.38,false,1,
7290002787198,false,160*3 ויליגר טונה בשמן קנולה,נטו מילנדה סחר בעמ*,,,יח,1.40,ל 100 גרם,false,1,4.90,3.50,false,1,
7290002805151,false,סיף פנטסטיק לרצפות בניחוח סחלבים 4ל',"יוניליוור ישראל שיווק בע""מ",,,יח,4,לליטר,false,1,18.50,4.63,false,1,
7290002814016,false,"מסיר שומנים מתז 750 מ""ל סנט מוריץ כשל""פ עד""ח",קומפלקס כימיקלסבעמ ~~~,,,יח,7.50,"ל 100 מ""ל",false,1,12.90,1.72,false,1,
7290002814603,false,"סנט מוריץ - מרסס מסיר שומנים קר מבושם לימון 750 מ""ל",קומפלקס כימיקלים בעמ,,,יח,1.50,לליטר,false,1,12.90,8.60,false,1,
7290002824183,false,"גבינה לבנה סקי 500 גרם 5% ""שטראוס"" -מוצר בפיקוח",שטראוס גרופ בעמ/מצונן,,,יח,5,ל 100 גרם,false,1,9.90,1.98,false,1,
7290002824466,false,יוגורט דנונה ביו לבן 0% שומן 200 גרם,שטראוס גרופ בעמ/מצונן,,,יח,2,"ל 100 מ""ל",false,1,3.50,1.75,false,1,
7290002824640,false,"גבינת סקי 250 גרם 5% ""שטראוס"" -מוצר בפיקוח",שטראוס גרופ בעמ/מצונן,,,יח,2.50,ל 100 גרם,false,1,4.98,1.99,false,1,
7290002825722,false,כרוב אדום במיונז אחלה (500 גרם),שטראוס גרופ בעמ/מצונן,,,יח,6.25,ל 100 גרם,false,1,13.90,2.22,true,1,
7290002868996,false,"קוטג' 5% שומן, רכיבים טבעיים, 250 גרם",*החברה המרכזית להפצת משקאותבעמ,,,יח,2.50,ל 100 גרם,false,1,6.60,2.64,true,1,
7290002871248,false,"בירה טובורג רד בקבוק 500 מ""ל חוזר",החברה המרכזית להפצת משקאות בעמ,,,יח,5,"ל 100 מ""ל",false,1,7.80,1.32,false,1,
7290002909248,false,"שריר מ'ס 8 צרכני איגוד האברכים 10 ק""ג",בלדי בעמ,,,"לק""ג",10,"לק""ג",true,1,39.90,3.99,false,1,
7290002929635,false,טונה ויליגר במים 140 גרם,נטו מילנדה סחר בעמ*,,,יח,1.40,ל 100 גרם,false,1,4.90,3.50,false,1,
7290002971955,false,"קמח 650 כחול ללא צורך בניפוי 1 ק""ג*",טחנות קמח שטיבל בש בעמ,,,יח,10,ל 100 גרם,false,1,7.90,0.79,false,1,
7290002971962,false,"קמח שטיבל חיטה מלא ללא ניפוי 1 ק""ג",טחנות קמח שטיבל בש בעמ,,,יח,1,"לק""ג",false,1,6.90,6.90,false,1,
7290002971986,false,קמח שיפון מלא 1 קג שטיבל ללא צורך בניפוי,טחנות קמח שטיבל בש בעמ,,,יח,10,ל 100 גרם,false,1,7.50,0.75,false,1,
7290002971993,false,קמח כוסמין מלא ללא צורך בניפוי 1 קג שטיב,טחנות קמח שטיבל בש בעמ,,,יח,10,ל 100 גרם,false,1,13.90,1.39,false,1,
7290002972006,false,קמח בהיר(405) ללא צורך בניפוי ( 1 קג ),טחנות קמח שטיבל בש בעמ,,,יח,0,יח,false,1,7.90,7.90,false,1,
7290002972365,false,קמח תופח שטיבל 13 ללא צורך בניפוי 1 קג,טחנות קמח שטיבל בש בעמ,,,יח,0,יח,false,1,7.90,7.90,false,1,
7290002973621,false,"קמח ב""ש ל.צ.בניפוי 1 ק""ג*",טחנות קמח שטיבל בש בעמ,,,יח,1,"לק""ג",false,1,6.90,6.90,false,1,
7290002973812,false,קמח כוסמין (80% 1 קג)ללא צורך בניפוי ש,טחנות קמח שטיבל בש בעמ,,,יח,1,,false,1,14.90,14.90,false,1,
7290002974116,false,"קמח כפרי ללא צ.בניפוי שטיבל 1 ק""ג*",טחנות קמח שטיבל בש בעמ,,,יח,1,,false,1,7.90,7.90,false,1,
7290002974239,false,"קמח עוגות ללא צ.בניפוי שטיבל 1 ק""ג*",טחנות קמח שטיבל בש בעמ,,,יח,1,,false,1,6.90,6.90,false,1,
7290002987963,false,"חומוס אחלה 1 ק""ג שטראוס",שטראוס גרופ בעמ/מצונן,,,יח,1,"לק""ג",false,1,13.90,13.90,false,1,
7290003009312,false,בוטן קלוי 200 גרם שקית קליית גת,הדקלאים אגודת שיתופי,,,יח,2,ל 100 גרם,false,1,6.90,3.45,false,1,
7290003009329,false,בוטנים אמריקאיים קליית גת (200 גרם),הדקלאים אגודת שיתופי,,,יח,2,ל 100 גרם,false,1,5.90,2.95,true,1,
7290003009336,false,קבוקים קליית גת (200 גרם),הדקלאים אגודת שיתופי,,,יח,2,ל 100 גרם,false,1,5.90,2.95,true,1,
7290003015627,false,"נוזל רצפות אפרסק 2 ליטר ""ריצפז פרש""",החברה הדרומית לשיווק בעמ,,,יח,20,"ל 100 מ""ל",false,1,17.90,0.90,false,1,
7290003015641,false,"נוזל רצפות יסמין 2 ליטר ""ריצפז פרש""",החברה הדרומית לשיווק בעמ,,,יח,20,"ל 100 מ""ל",false,1,17.90,0.90,false,1,
7290003023196,false,"משקה יטבתה מוקה שקית 225 מ""ל",שטראוס גרופ בעמ (ח),,,יח,2.25,"ל 100 מ""ל",false,1,2.90,1.29,false,1,
7290003026227,false,"קמיל בלו שמפו לתינוק סנסיטיב אל דמע ד""ר פישר 1 ליטר","פישר תעשיות פרמצביטות בע""מ",,,יח,10,"ל 100 מ""ל",false,1,29.90,2.99,true,1,
7290003029181,false,משקה יטבתה שוקו' בקבוק 1ל מהדרין,שטראוס גרופ בעמ/מצונן,,,יח,1,לליטר,false,1,11.90,11.90,false,1,
7290003029372,false,יטבתה משקה בטעם בננה %3 בקבוק 1 ליטר,שטראוס גרופ בעמ/מצונן,,,יח,1,לליטר,false,1,11.90,11.90,false,1,
7290003029389,false,"משקה חלב בננה פקק ספורט 250 מ""ל יוטבתה",שטראוס גרופ בעמ/מצונן,,,יח,2.50,"ל 100 מ""ל",false,1,5.40,2.16,false,1,
7290003029433,false,"משקה יטבתה שוקו פקק 250 מ""ל מהדרין",שטראוס גרופ בעמ/מצונן,,,יח,2.50,"ל 100 מ""ל",false,1,5.40,2.16,false,1,
7290003029532,false,מוקה בבקבוק יטבתה 1 ליטר מהדרין,שטראוס גרופ בעמ/מצונן,,,יח,1,לליטר,false,1,11.90,11.90,false,1,
7290003029792,false,"משקה יטבתה שוקו שקיות מהדרין מארז 225X8מ""ל",שטראוס גרופ בעמ/מצונן,,,יח,1.80,לליטר,false,1,18.90,10.50,false,1,
7290003029884,false,"מוקה בשקית יטבתה 225 מ""ל מארז 6 יחידות",שטראוס גרופ בעמ (ח),,,יח,1.35,לליטר,false,1,15.60,11.56,false,1,
7290003029907,false,משקה חלב אייס קפה 2% יטבתה (1 ליטר,שטראוס גרופ בעמ/מצונן,,,יח,1,לליטר,false,1,11.90,11.90,false,1,
7290003031740,false,טירתצבי פסטרמה בדבש קופ. מחפוד 400ג,טיב טירת צבי 2000,,,יח,4,ל 100 גרם,false,1,28.90,7.23,false,1,
7290003031757,false,פסטרמה הודו בפפריקה מחפוד טירת צבי 400 גרם,תנובה מרכז שיתופי לשיווק תוצרת,,,יח,4,ל 100 גרם,false,1,28.90,7.23,false,1,
7290003072606,false,נקניקיות עוף מיני טירת צבי 350 גרם,הנסיך- מפעל לייצור ט,,,יח,0.35,ל 100 גרם,false,1,13.90,39.71,false,1,
7290003078103,false,כורכום,תבליני הדור השלישי בעמ,,,יח,1.50,ל 100 גרם,false,1,11.90,7.93,false,1,
7290003093335,false,"אבקת שוקו שקית 1ק""ג ברמן *",בר מן תעשיות מזון בעמ,,,יח,10,"לק""ג",false,1,9.90,0.99,false,1,
7290003119516,false,ארגז פלסטיק בירה כללי,החברה המרכזית להפצת משקאות בע,,,יח,1,,false,1,23.40,23.40,false,1,
7290003141159,false,יוגטה מרשמלו ממתק מוקצף בטעמי תות שדה ווניל 180 גרם,ליימן שליסל בעמ,,,יח,1.80,ל 100 גרם,false,1,6.90,3.83,false,1,
7290003143146,false,ממרח תמרים קליית גת (450 גרם),הדקלאים אגודת שיתופי,,,יח,4.50,ל 100 גרם,false,1,5,1.11,false,1,
7290003145751,false,אגוזי קשיו קלויים קליית גת (200 גרם),הדקלאים אגודת שיתופי,,,יח,2,ל 100 גרם,false,1,14.90,7.45,false,1,
7290003220649,false,"שמן שומשום 100% טהור 150 מ""ל",הו צ'קינג הינג אוי פ,,,יח,1.50,"ל 100 מ""ל",false,1,12.90,8.60,false,1,
7290003229208,false,פסטרמה ספרדית 2% טירת צבי 360 גרם,תנובה מרכז שיתופי לשיווק תוצרת,,,יח,3.60,ל 100 גרם,false,1,26.90,7.47,false,1,
7290003229215,false,פסטרמה איטלקית 3.5% טירת צבי 360 גרם,תנובה מרכז שיתופי לשיווק תוצרת,,,יח,3.60,ל 100 גרם,false,1,26.90,7.47,false,1,
7290003287239,false,כתף מס' 44 צרכני איגוד האברכים,בלדי בעמ,,,"לק""ג",10,ל 100 גרם,true,1,39.90,3.99,false,1,
7290003321155,false,יוגורט בר עם פקאן מצופה שוקולד 183 ג' דנונה,שטראוס גרופ בעמ/מצונן,,,יח,1.83,"ל 100 מ""ל",false,1,4.50,2.46,false,1,
7290003387205,false,ספיד סטיק - דאודורנט סטיק לגבר רגולר,הנסיך- מפעל לייצור ט,,,יח,0.6370,ל 100 גרם,false,1,19.90,31.24,true,1,
7290003401369,false,"קרם לחות לשיער חוחובה נטורל פורמולה 400 מ""ל",החברה הדרומית לשיווק בעמ,,,יח,4,"ל 100 מ""ל",false,1,19.90,4.98,false,1,
7290003401376,false,"קרם לחות ועיצוב לשיער אלוורה נטורל 400 מ""ל",החברה הדרומית לשיווק בעמ,,,יח,4,"ל 100 מ""ל",false,1,19.90,4.98,false,1,
7290003401420,false,"קרם לחות לשיער סיליקון כתום נטורל 400 מ""ל",החברה הדרומית לשיווק בעמ,,,יח,4,"ל 100 מ""ל",false,1,19.90,4.98,false,1,
7290003438709,false,ממרח אולביה זיתים שחורים וירוקים 190 ג',תה ויסוצקי (ישראל) בעמ,,,יח,1.90,ל 100 גרם,false,1,12.90,6.79,false,1,
7290003461677,false,"חומוס אסלי 1 ק""ג}שמיר{","סלטי שמיר 2006 בע""מ",,,יח,10,ל 100 גרם,false,1,15.90,1.59,false,1,
7290003521074,false,סרקל מרכך שיער לילדים דר. פישר (1 ליטר),"פישר תעשיות פרמבצטיות בע""מ",,,יח,10,"ל 100 מ""ל",false,1,28.90,2.89,false,1,
7290003521081,false,"סרקל שמפו אל דמע לילדים ד""ר פישר 1 ליטר","פישר תעשיות פרמצביטות בע""מ",,,יח,10,"ל 100 מ""ל",false,1,28.90,2.89,false,1,
7290003521166,false,"ד""ר פישר - סרקל קרם רוזמרין לילדים 325 מ""ל","פישר תעשיות פרמבצטיות בע""מ",,,יח,3.25,"ל 100 מ""ל",false,1,24.90,7.66,false,1,
7290003521197,false,"ד""ר פישר - סרקל תרסיס מתיר קשרים 340 מ""ל","פישר תעשיות פרמצביטות בע""מ",,,יח,3.40,"ל 100 מ""ל",false,1,24.90,7.32,false,1,
7290003521203,false,"סרקל שמפו לשיער לילדים אל דמע ד""ר פישר 2 ליטר","פישר תעשיות פרמצביטות בע""מ",,,יח,20,"ל 100 מ""ל",false,1,38.90,1.95,false,1,
7290003521395,false,"קמיל בלו סנסיטיב אל סבון ד""ר פישר 2 ליטר","פישר תעשיות פרמבצטיות בע""מ",,,יח,2,לליטר,false,1,38.90,19.45,false,1,
7290003521463,false,"קמיל בלו שמפו לשיער אל דמע ד""ר פישר 2 ליטר","פישר תעשיות פרמצביטות בע""מ",,,יח,20,"ל 100 מ""ל",false,1,38.90,1.95,false,1,
7290003525461,false,סלט טונה פיקנטי ויליגר 160 גרם,נטו מילנדה סחר בעמ*,,,יח,1.80,ל 100 גרם,false,1,5.50,3.06,false,1,
7290003525478,false,סלט טונה ויליגר 160 גרם,נטו מילנדה סחר בעמ*,,,יח,1.60,ל 100 גרם,false,1,5.50,3.44,false,1,
7290003525898,false,שלישיית סלט טונה ויליגר 160 גרם,נטו מילנדה סחר בעמ*,,,יח,1.80,ל 100 גרם,false,1,14.90,8.28,false,1,
7290003550753,false,נתחי טונה בהירה בשמן פוסידון (108x4 גרם),"מיוצר עי וליגר בעמ,",,,יח,4,למארז,false,1,19.80,4.95,false,1,
7290003571550,false,סטייק טונה אלבקור בוואקום מהדרין,בלדי בעמ,,,"לק""ג",10,ל 100 גרם,true,1,44.90,4.49,false,1,
7290003578078,false,קוקטייל פירות טרופי בסירופ קל ויליפוד 850 גרם,ג. וילי-פוד אינטרנשיונל בע`מ,,,יח,8.50,ל 100 גרם,false,1,9.90,1.16,false,1,
7290003578177,false,תירס צעיר שלם וילי פוד (410 גרם),ג.וילי-פוד אינטרנשיונל בעמ,,,יח,4.10,ל 100 גרם,false,1,7.90,1.93,false,1,
7290003578313,false,דובדבנים ללא חרצנים ויליפוד 680 גרם,ג. וילי-פוד אינטרנשיונל בע`מ,,,יח,6.80,ל 100 גרם,false,1,9.90,1.46,false,1,
7290003643004,false,אורז בסמטי קלאסי סוגת (1 קג),האי נאם סי או אל.טי.,,,יח,10,ל 100 גרם,false,1,13.90,1.39,false,1,
7290003643127,false,עשיריה אבקת אפיה 10*10 גרם סוגת,גוד פוד פרודקטס S.p,,,יח,1,ל 100 גרם,false,1,1.90,1.90,false,1,
7290003643158,false,קורנפולר שקית 200 ג' סוגת,סוגת תעשיות בעמ,,,יח,2,ל 100 גרם,false,1,3.90,1.95,false,1,
7290003643165,false,סוגת קורנפלור 500 גרם,סוגת תעשיות בעמ,,,יח,5,ל 100 גרם,false,1,7.90,1.58,false,1,
7290003643172,false,סוגת אבקת סוכר 100 גרם,א.ל ייצור ושיווק תבל,,,יח,1,ל 100 גרם,false,1,1.90,1.90,false,1,
7290003643325,false,קוסקוס בינוני סוגת (350 גרם),"אסיף תעשיות מזון בע""\מ",,,יח,3.50,ל 100 גרם,false,1,4.90,1.40,false,1,
7290003643387,false,"סוכר אריזת פלסטיק 1 ק""ג סוגת",האי נאם סי או אל.טי.,,,יח,10,ל 100 גרם,false,8,7.90,0.79,false,1,
7290003643646,false,"סוכר דמררה קלאסי בצנצנת סוגת 1 ק""ג",האי נאם סי או אל.טי.,,,יח,10,ל 100 גרם,false,1,12.90,1.29,false,1,
7290003643684,false,אפונה יבשה סוגת 500 גר',האי נאם סי או אל.טי.,,,יח,5,ל 100 גרם,false,1,6.50,1.30,true,1,
7290003643707,false,גריסים סוגת (500 גרם),"סוגת תעשיות בע""מ",,,יח,5,ל 100 גרם,false,1,4.90,0.98,true,1,
7290003643714,false,חומוס גרגירים 500 גרם סוגת,האי נאם סי או אל.טי.,,,יח,5,ל 100 גרם,false,1,7.90,1.58,true,1,
7290003643738,false,חיטה סוגת (500 גרם),האי נאם סי או אל.טי.,,,יח,5,ל 100 גרם,false,1,4.90,0.98,true,1,
7290003643745,false,כוסמת סוגת (500 גרם),האי נאם סי או אל.טי.,,,יח,5,ל 100 גרם,false,1,7.90,1.58,true,1,
7290003643752,false,עדשים ירוקים יבש סוגת 500 גר',האי נאם סי או אל.טי.,,,יח,5,ל 100 גרם,false,1,7.90,1.58,true,1,
7290003643769,false,עדשים אדומים יבש סוגת 500 גר',"סוגת תעשיות בע""\מ",,,יח,5,ל 100 גרם,false,1,7.90,1.58,true,1,
7290003643776,false,"פופקורן גרעינים סוגת 500 ג' כשל""פ",האי נאם סי או אל.טי.,,,יח,5,ל 100 גרם,false,12,5.90,1.18,true,1,
7290003643783,false,קוקוס טחון סוגת 100 גרם,האי נאם סי או אל.טי.,,,יח,1,ל 100 גרם,false,1,3.60,3.60,true,1,
7290003643806,false,שעועית לבנה יבשה סוגת (500 גרם),האי נאם סי או אל.טי.,,,יח,5,ל 100 גרם,false,1,10.90,2.18,true,1,
7290003643813,false,שעועית אדומה יבשה סוגת 500 גר',האי נאם סי או אל.טי.,,,יח,5,ל 100 גרם,false,1,10.90,2.18,true,1,
7290003681051,false,אגוזי פאקן סיני מסוכר 100 גר' מיה,מיה תעשיות מזון מ.ת.מ. בעמ,,,יח,1,ל 100 גרם,false,1,12.90,12.90,false,1,
7290003681303,false,שעועית מעורבת יבשה מיה 500 גר',מיה תעשיות מזון מ.ת.מ. בעמ,,,יח,5,ל 100 גרם,false,1,9.90,1.98,true,1,
7290003681334,false,"קוקוס 400 גרם מיה בד""צ",מיה תעשיות מזון מ.ת.מ. בעמ,,,יח,4,ל 100 גרם,false,1,9.90,2.48,false,1,
7290003681365,false,קישוט לעוגה צבעוני בבצנצנת מיה 80 גרם,מיה תעשיות מזון מ.ת.מ. בעמ,,,יח,2,ל 100 גרם,false,1,4.90,2.45,true,1,
7290003681532,false,דובדבנים מסוכרים 80 גרם מיה,מיה תעשיות מזון מ.ת.מ. בעמ,,,יח,1,ל 100 גרם,false,1,6.90,6.90,false,1,
7290003681693,false,חומוס לבן ענק יבש מיה 500 גר',מיה תעשיות מזון מ.ת.מ. בעמ,,,יח,5,ל 100 גרם,false,1,10.50,2.10,true,1,
7290003681716,false,גריסי פנינה מיה (500 גרם),מיה תעשיות מזון מ.ת.מ. בעמ,,,יח,5,ל 100 גרם,false,1,5.90,1.18,true,1,
7290003726615,false,"טופו ויילר 300 גרם ""שטראוס""",שטראוס גרופ בעמ/מצונן,,,יח,3,"ל 100 מ""ל",false,1,10.90,3.63,false,1,
7290003804382,false,תיבוליות פטריות קנור (8 יח`- 72 גרם),יוניליוור ישראל שיווק בע`מ,,,יח,0.72,ל 100 גרם,false,12,7.90,10.97,false,1,
7290003805501,false,"פתית בסגנון שוודי תלמה בד""צ 300 גרם",יוניליוור ישראל שיווק בע`מ,,,יח,3,ל 100 גרם,false,6,14.90,4.97,false,1,
7290003805587,false,"פתית חיטה מלאה בד""צ 250 גרם-קופסא",יוניליוור ישראל שיווק בע`מ,,,יח,2.50,ל 100 גרם,false,6,14.90,5.96,false,1,
7290003807482,false,קנור רוטב טריאקי מופחת נתרן 370 גרם,"יוניליוור ישראל שיווק בע""מ",,,יח,3,"ל 100 מ""ל",false,12,9.90,3.30,false,1,
7290003864492,false,סרדין בשמן צמחי חריף פתח קל ויליפוד 110 גרם,ג. וילי-פוד אינטרנשיונל בע`מ,,,יח,1.10,ל 100 גרם,false,1,5,4.55,true,1,
7290003882922,false,עלי גפן ממולאים באורז וילי פוד 360 גרם,ג. וילי-פוד אינטרנשיונל בע`מ,,,יח,4,ל 100 גרם,false,1,9.90,2.48,false,1,
7290003896141,false,חטיף ספרדי פיקנטי אלמנדוס 200 גרם,הדקלאים אגודת שיתופי,,,יח,2,ל 100 גרם,false,1,8.90,4.45,true,1,
7290003989096,false,סלט חצילים פיקנטי אחלה 500 גרם,שטראוס גרופ בעמ/מצונן,,,יח,5.75,ל 100 גרם,false,1,15.90,2.77,true,1,
7290003989539,false,רביולי עם גבינה שטראוס (400 גרם),שטראוס גרופ בעמ/מצונן,,,יח,4,ל 100 גרם,false,1,19.90,4.98,true,1,
7290003989553,false,פסטה טורטליני גבינה ופטריות 400 גרם,שטראוס גרופ בעמ/מצונן,,,יח,4,ל 100 גרם,false,1,19.90,4.98,true,1,
7290003996018,false,חסה ערבית (שקית ) חסלט,"בכורי השדה צפון1994 ג.ד. בע""מ",,,יח,1,,false,1,8.90,8.90,false,1,
7290004011291,false,בסיס להכנת קצפת צמחי ריץ` (425 מל),נטו מלינדה סחר בע`מ,,,יח,4.25,"ל 100 מ""ל",false,1,13.90,3.27,false,1,
7290004063115,false,"מלח מטבח עבה להמלחת בשר ובישול 1 ק""ג 1ק""ג",האי נאם סי או אל.טי.,,,יח,10,ל 100 גרם,false,1,1.70,0.17,false,1,
7290004064099,false,מטחנה מלח ים מהרי ההימלאיה מלח הארץ 100 גרם,"חברת מלח הארץ אילת בע""\מ",,,יח,1,,false,1,13.90,13.90,false,1,
7290004064174,false,"תבלין מלח ההימלאיה דק בצנצנת 1 ק""ג","חברת מלח הארץ אילת בע""\מ",,,יח,10,ל 100 גרם,false,1,17.90,1.79,false,1,
7290004064181,false,"תבלין מלח ההימלאיה גס בצנצנת 1 ק""ג","חברת מלח הארץ אילת בע""\מ",,,יח,10,ל 100 גרם,false,1,17.90,1.79,false,1,
7290004064280,false,מלח מופחת נתרן בצנצנת מלח הארץ 600 גרם,חברת מלח הארץ אילת בעמ,,,יח,6,ל 100 גרם,false,1,16.90,2.82,false,1,
7290004064297,false,"מלח מועשר ביוד בצנצנת מלח הארץ 1 ק""ג","חברת מלח הארץ אילת בע""\מ",,,יח,10,ל 100 גרם,false,1,9.90,0.99,false,1,
7290004075231,false,סטייק אנטריקוט דק דק ארוז מחפוד פרימיו,עוף ירושלים שיווק בעמ,,,יח,1,יח,false,1,30,30,false,1,
7290004078942,false,ליידי ספיד סטיק - דאודורנט ג'ל לאישה 65 גרם,קולגייט-פלמוליב,,,יח,0.63,ל 100 גרם,false,1,19.90,31.59,true,1,
7290004119225,false,יוגורט יופלה אננס 3% שומן 150 גרם,תנובה מרכז שיתופי לש,,,יח,1.50,"ל 100 מ""ל",false,1,4.90,3.27,false,1,
7290004119522,false,"משקה תנובה שוקו 2% קרלו שקית 225מ""ל",תנובה בעמ ***,,,יח,2.25,"ל 100 מ""ל",false,1,2.80,1.24,false,1,
7290004119928,false,מעדן חלב בטעם וניל 2% קרלו תנובה 125 גרם,מחלבת אלון תבור,,,יח,1.25,"ל 100 מ""ל",false,1,2.80,2.24,false,1,
7290004119973,false,קרלו מעדן שוקו רביעיה גביע 1.5% 125 גרם,תנובה מרכז שיתופי לש,,,יח,1.25,"ל 100 מ""ל",false,1,2.80,2.24,false,1,
7290004120061,false,מעדן חלב בטעם שוקו וניל שוניל 2% קרלו 125 גרם,תנובה מרכז שיתופי לש,,,יח,1.25,"ל 100 מ""ל",false,1,2.80,2.24,false,1,
7290004120108,false,יוגורט יופלה דיאט דובדבן 0% שומן 150גרם,תנובה מרכז שיתופי לש,,,יח,1.50,"ל 100 מ""ל",false,1,4.90,3.27,false,1,
7290004120283,false,"שוקו בשקית תנובה 225 מ""ל בד""ץ",תנובה -חלב,,,יח,2.25,"ל 100 מ""ל",false,1,2.80,1.24,false,1,
7290004120566,false,גבינה בולגרית (25024% גרם)פיראוס תנובה,"תנובה בע""מ ***",,,ל 100 גרם,2.50,ל 100 גרם,false,1,22.90,9.16,false,1,
7290004120634,false,גבינה בולגרית (2505% גרם)פיראוס תנובה,תנובה מרכז שיתופי לש,,,יח,2.50,ל 100 גרם,false,1,20.90,8.36,false,1,
7290004121754,false,יוגורט ביו עוגת גבינה ותות 3% יופלה 150 גרם,תנובה בעמ ***,,,יח,1.50,"ל 100 מ""ל",false,1,4.90,3.27,false,1,
7290004121853,false,גבינה בולגרית קוביות (2005% גרם)פיראוס,תנובה מרכז שיתופי לש,,,יח,2,ל 100 גרם,false,1,19.90,9.95,false,1,
7290004122119,false,פתיתי פרמזן לפסטה 23% השף הלבן 100 גרם,"תנובה בע""מ ***",,,יח,2,ל 100 גרם,false,1,10.90,5.45,false,1,
7290004122195,false,גוש חלב גבינה צהובה פרוסה 28% תנובה 200 גרם,"תנובה בע""מ ***",,,יח,2,ל 100 גרם,false,1,13.90,6.95,false,1,
7290004122270,false,עמק קלאסית פרוסות גבינה חצי קשה 28% 200 גרם,תנובה מרכז שיתופי לש,,,יח,2,ל 100 גרם,false,1,15.90,7.95,false,1,
7290004122348,false,גבינה צהובה מופחתת שומן 9% עמק (200 גרם),תנובה מרכז שיתופי לש,,,יח,2,ל 100 גרם,false,1,16.90,8.45,false,1,
7290004122676,false,גבינה חמד לייט (2505% גרם)פיראוס תנובה,תנובה מרכז שיתופי לש,,,יח,2.50,ל 100 גרם,false,1,17.90,7.16,false,1,
7290004122683,false,עמק חטיף אצבעות גבינה חצי קשה 28% שומן,תנובה מרכז שיתופי לש,,,יח,1.72,ל 100 גרם,false,1,15.60,9.07,false,1,
7290004124205,false,יופלה דיאט יוגורט תות %0 גביע 150 גרם,תנובה מרכז שיתופי לש,,,יח,1.50,"ל 100 מ""ל",false,1,4.90,3.27,false,1,
7290004124847,false,"קצפת צמחית השף הלבן 500 מ""ל תנובה",תנובה מרכז שיתופי לש,,,יח,5,ל 100 גרם,false,1,14.90,2.98,false,1,
7290004125370,false,"שמנת חמוצה 9% מופחתת שומן תנובה 200 מ""ל מהדרין",תנובה מרכז שיתופי לש,,,יח,2,"ל 100 מ""ל",false,1,3.50,1.75,false,1,
7290004125400,false,"אשל שלי מהדרין 200 מ""ל 4.5% ""תנובה""- מוצר בפיקוח",פארייפאבה אגרואינדוס,,,יח,2,"ל 100 מ""ל",false,1,1.69,0.85,false,1,
7290004125417,false,"גיל 3% שלי 200 מ""ל ""תנובה"" -מוצר בפיקוח",תנובה מרכז שיתופי לש,,,יח,2,"ל 100 מ""ל",false,1,1.51,0.76,false,1,
7290004125455,false,"שמנת חמוצה 200 מ""ל 15% ""תנובה"" -מוצר בפיקוח",תנובה מרכז שיתופי לש,,,יח,2,"ל 100 מ""ל",false,1,2.40,1.20,false,1,
7290004125462,false,"שמנת חמוצה 15% תנובה 500 מ""ל מהדרין",תנובה מרכז שיתופי לש,,,יח,5,"ל 100 מ""ל",false,1,6,1.20,false,1,
7290004125509,false,"שמנת חמוצה 15% מועשרת תנובה 100 מ""ל",תנובה מרכז שיתופי לש,,,יח,1,"ל 100 מ""ל",false,1,1.70,1.70,false,1,
7290004125585,false,משקה סויה בטעם וניל תנובה 1 ליטר,תנובה מרכז שיתופי לש,,,יח,10,"ל 100 מ""ל",false,1,9.90,0.99,false,1,
7290004125721,false,"השף הלבן שמנת עמידה לבישול 15% תנובה 250 מ""ל",תנובה מרכז שיתופי לש,,,יח,2.50,"ל 100 מ""ל",false,1,8.10,3.24,false,1,
7290004125738,false,שמנת מתוקה להקצפה32% 250מל עמיד השף הלבן,תנובה מרכז שיתופי לש,,,יח,2.50,"ל 100 מ""ל",false,1,6.20,2.48,false,1,
7290004125776,false,גבינה צהובה קלאסית 28% עמק (400 גרם),"תנובה בע""מ ***",,,יח,4,ל 100 גרם,false,1,28.90,7.23,false,1,
7290004126674,false,טל העמק פרוסות גבינה חצי קשה לייט %9 200 גרם בקופסא,תנובה מרכז שיתופי לש,,,יח,2,ל 100 גרם,false,1,18.90,9.45,false,1,
7290004126759,false,דאיט יופלה פירות יער טו יוג פרי 150גר.,"תנובה בע""מ ***",,,יח,1.50,"ל 100 מ""ל",false,1,4.90,3.27,false,1,
7290004126872,false,משקאות חלב תנובה שוקו בקבוק 250מל,תנובה - חלב,,,יח,2.50,"ל 100 מ""ל",false,1,5.50,2.20,false,1,
7290004127077,false,קוטג תנובה 3% גביע 250 גרם מהדרין,מיוצר עי קונדיטוריית,,,יח,2.50,ל 100 גרם,false,1,5.50,2.20,false,1,
7290004127329,false,קוטג תנובה גביע 250 גרם %5 ו.מהדרין,מיוצר עי קונדיטוריית,,,יח,2.50,ל 100 גרם,false,1,5.50,2.20,false,1,
7290004127800,false,"גבינה לבנה 500 גרם 5% ""תנובה"" -מוצר בפיקוח",מיוצר עי קונדיטוריית,,,יח,5,ל 100 גרם,false,1,9.90,1.98,false,1,
7290004127817,false,גבינה לבנה 9% שומן 500 ג' תנובה,מיוצר עי קונדיטוריית,,,יח,5,ל 100 גרם,false,1,9.50,1.90,false,1,
7290004127862,false,"גבינה לבנה 750 גרם 5% ""תנובה"" - מוצר בפיקוח",תנובה מרכז שיתופי לש,,,יח,7.50,ל 100 גרם,false,1,14.90,1.99,false,1,
7290004128432,false,פתיתים מיוחדים לפיצה על בסיס גבינה 500 ג',תנובה - חלב,,,יח,5,ל 100 גרם,false,1,21.70,4.34,false,1,
7290004129101,false,גבינת שמנת 25% בטעם טבעי 225 ג' נפוליאון,תנובה מרכז שיתופי לש,,,יח,2.25,ל 100 גרם,false,1,12.90,5.73,false,1,
7290004129156,false,גבינת שמנת25% עם שום שמיר 225 ג' נפוליאון,תנובה מרכז שיתופי לש,,,יח,2.25,ל 100 גרם,false,1,12.90,5.73,false,1,
7290004129767,false,"3% 'יופלה לבן מארז שמינייה 1.2 ק""ג",תנובה מרכז שיתופי לש,,,יח,1.20,לליטר,false,1,16.90,14.08,false,1,
7290004130695,false,משקאות חלב תנובה אייס קפה בבקבוק 1ל,תנובה מרכז שיתופי לש,,,יח,1,לליטר,false,1,12.60,12.60,false,1,
7290004130794,false,משקה סויה במתיקות מופחתת תנובה (1 ליטר),תנובה מרכז שיתופי לש,,,יח,1,לליטר,false,1,9.90,9.90,false,1,
7290004130916,false,יוגורט יופלה פירות יער בשמנת 3% 150 גרם,תנובה מרכז שיתופי לש,,,יח,1.50,"ל 100 מ""ל",false,1,4.90,3.27,false,1,
7290004131074,false,"חלב 1 ליטר 3% קרטון ""תנובה""- מוצר בפיקוח",תנובה מרכז שיתופי לש,,,יח,10,לליטר,false,1,6.23,0.62,false,1,
7290004131531,false,שוקו 30% פחות תוספת סוכר תנובה (1 ליטר),פארייפאבה אגרואינדוס,,,יח,1,לליטר,false,1,12.30,12.30,false,1,
7290004131814,false,גבינת צפתית מעודנת (2005% גרם)פיראוס ת,פארייפאבה אגרואינדוס,,,יח,2,ל 100 גרם,false,1,14.50,7.25,false,1,
7290004131999,false,יופלה יוגורט לבן מעודן 1.5% 150ג',תנובה -חלב,,,יח,1.50,"ל 100 מ""ל",false,1,3.10,2.07,false,1,
7290004132170,false,"לבן טבעי 1.5% 150 מ""ל יופלה","תנובה בע""מ ***",,,יח,1.50,"ל 100 מ""ל",false,1,2.80,1.87,false,1,
7290004132552,false,משקה סויה בטעם טבעי לייט תנובה 1 ליטר,תנובה מרכז שיתופי לש,,,יח,1,לליטר,false,1,9.90,9.90,false,1,
7290004132712,false,חטיף אצבעות גבינת מוצרלה 20% 172 ג' עמק,תנובה מרכז שיתופי לש,,,יח,1.74,ל 100 גרם,false,1,15.90,9.14,false,1,
7290004132903,false,גבינה לבנה 3% מהדרין תנובה 250 גרם,תנובה מרכז שיתופי לש,,,יח,2.50,ל 100 גרם,false,1,4.75,1.90,false,1,
7290004133511,false,יופלה מאגדת לבן 1.5% מעודן 8 יח' * 150 ג',מיוצר עי קונדיטוריית,,,יח,1.20,לליטר,false,1,19.90,16.58,false,1,
7290004134945,false,יוגורט ביו 3% בטעם מוקה יופלה (150 גרם),תנובה מרכז שיתופי לש,,,יח,1.50,"ל 100 מ""ל",false,1,4.90,3.27,false,1,
7290004135072,false,"מעדן חלב מיני שוקולדה 1.5% מהדרין קרלו 8*100 מ""ל",תנובה מרכז שיתופי לש,,,יח,8,"ל 100 מ""ל",false,1,13.90,1.74,false,1,
7290004135119,false,מעדן חלב בטעם וניל בדץ קרלו (100x8 גרם),תנובה מרכז שיתופי לש,,,יח,8,"ל 100 מ""ל",false,1,13.90,1.74,false,1,
7290004135225,false,מעדן חלב דל קלוריות בטעם שוקולד 0.2שומ,תנובה מרכז שיתופי לש,,,יח,1.50,"ל 100 מ""ל",false,1,3.90,2.60,false,1,
7290004136154,false,"משקה חלב אייס קפה תנובה בבקבוק 340 מ""ל",גוד פוד פרודקטס S.p,,,יח,3.40,"ל 100 מ""ל",false,1,6.90,2.03,false,1,
7290004136598,false,מארז הפסקת אוכל עם קורנפלקס ומשקה חלב עמיד בטעם וניל,פארייפאבה אגרואינדוס,,,יח,1.50,"ל 100 מ""ל",false,1,8.90,5.93,false,1,
7290004136857,false,מעדן ג`לי בטעם פטל תנובה (125 גרם),תנובה מרכז שיתופי לש,,,יח,1.25,"ל 100 מ""ל",false,1,2.20,1.76,false,1,
7290004136864,false,מעדן ג'לי בטעם אננס עם חתיכות תנובה 125 גרם,תנובה בעמ ***,,,יח,1.25,"ל 100 מ""ל",false,1,2.70,2.16,false,1,
7290004136871,false,מעדן ג'לי בטעם אפרסק עם חתיכות תנובה 125 גרם,תנובה מרכז שיתופי לש,,,יח,1.25,"ל 100 מ""ל",false,1,2.70,2.16,false,1,
7290004137311,false,גבינה צהובה מופחתת שומן 9% עמק (400 גרם),"תנובה בע""מ ***",,,יח,4,ל 100 גרם,false,1,29.90,7.48,false,1,
7290004150136,false,חציל על האש פיקנטי פרימיום 300 גרם שמיר,"סלטי שמיר 2006 בע""\מ",,,יח,3,ל 100 גרם,false,1,14.90,4.97,true,1,
7290004150143,false,חציל במיונז פיקנטי פרימיום 300 גרם שמיר,"סלטי שמיר 2006 בע""\מ",,,יח,3,ל 100 גרם,false,1,14.90,4.97,true,1,
7290004150235,false,חומוס עם חריף פיקנטי פרימיום 300 גרם שמיר,"סלטי שמיר 2006 בע""\מ",,,יח,3,ל 100 גרם,false,1,14.90,4.97,true,1,
7290004220105,false,שניצלוני עוף 600 גרם-עטרה...,טיבון ויל אחזקות בעמ,,,יח,6,ל 100 גרם,false,1,28.90,4.82,false,1,
7290004228804,false,עלי בצק לסיגרים ואגרול שלושת האופים (450,נטו מילנדה סחר בעמ*,,,יח,4.50,ל 100 גרם,false,1,12.90,2.87,false,1,
7290004229931,false,"אורז הבמאי הימליה 1ק""ג",נטו מילנדה סחר בעמ*,,,יח,10,ל 100 גרם,false,1,10.90,1.09,false,1,
7290004256357,false,עצמות מח פרוסות קפואות,נטו מילנדה סחר בעמ*,,,"לק""ג",10,ל 100 גרם,true,1,32.90,3.29,false,1,
7290004256371,false,ריץ פרוס 400 ג' -צהובה פרוסה,נטו מילנדה סחר בעמ*,,,יח,4,ל 100 גרם,false,1,17.90,4.48,false,1,
7290004256753,false,עלי לסיגר מרוקאי לפסטיליה 450 גרם,נטו מלינדה סחר בעמ,,,יח,1,,false,1,14.90,14.90,false,1,
7290004267087,false,עוגיות מצופות שוקולד כרמל בר-מן 200 גרם,ח.כהן סוכנות מזון ומשקאות בע,,,יח,2.50,ל 100 גרם,false,1,4.90,1.96,true,1,
7290004267124,false,עוגיות ממולאות בטעם תות שדה בר-מן 200 גרם,ח.כהן סוכנות מזון ומשקאות בע,,,יח,3,ל 100 גרם,false,1,4.90,1.63,true,1,
7290004492274,false,בייגלה טבעות מלוחות בייגל בייגל 400 גרם,"יוניליוור ישראל שיווק בע""מ",,,יח,4,ל 100 גרם,false,1,9.90,2.48,true,1,
7290004492762,false,"נשנושים תירס אפוי טעם טבעי בייגל בייגל 325 גרם בד""צ",יוניליוור ישראל שיווק בע`מ,,,יח,3.25,ל 100 גרם,false,12,11.90,3.66,false,1,
7290004532277,false,צימוק לבן 200גרם פ.הטיב,"גיי אנג גי פקאנס בע""",,,יח,2,ל 100 גרם,false,1,7.99,4,false,1,
7290004554798,false,"שלגון מטרה פטל,לימון וענבים","מיוצר ע"" גלידת שטראו",,,יח,1,,false,1,5,5,true,1,
7290004554903,false,"גלידת פנטזיה שוקו וניל 900 מ""ל שטראוס","גלידת שטראוס בע""\מ, רחוב",,,יח,9,"ל 100 מ""ל",false,1,19.90,2.21,false,1,
7290004575540,false,קרחון בודד בטעמים ריאו 90 גרם,ריאו נתניה ביחר לגלידה וממתקי,,,יח,1,,false,1,1.10,1.10,true,1,
7290004584351,false,גבינה לבנה סימפוניה עם תוספות 200 ג' חמישית 200,שטראוס גרופ בעמ/מצונן,,,יח,2,ל 100 גרם,false,1,11.20,5.60,true,1,
7290004584528,false,יוגורט דנונה ביו לבן 1.7% שומן 200 גרם,שטראוס גרופ בעמ/מצונן,,,יח,2,"ל 100 מ""ל",false,1,3.50,1.75,false,1,
7290004585907,false,דני ועדן וניל 1.5% 125ג' שטראוס,שטראוס גרופ בעמ/מצונן,,,יח,1.30,"ל 100 מ""ל",false,1,2.60,2,false,1,
7290004645106,false,פילה סלמון פרוס ש.רוזנרס,ש.רוזנרס בעמ,,,"לק""ג",10,ל 100 גרם,true,1,89.90,8.99,false,1,
7290004645267,false,נסיכת נילוס פרוס ש.רוזונרס,ש.רוזנרס בעמ,,,"לק""ג",10,ל 100 גרם,true,1,59.90,5.99,false,1,
7290004645434,false,פילה סלמון מנות ללא עור,ש.רוזנרס בעמ,,,"לק""ג",10,ל 100 גרם,true,1,99,9.90,false,1,
7290004658847,false,"תירוש כרמל מיץ ענבים אדום, 187 מ""ל",אגודת הכורמים בעמ,,,יח,1.87,"ל 100 מ""ל",false,1,6.90,3.53,false,1,
7290004731519,false,"מקסימה מרכך ומבשם כביסה למייבש סנסיטיב סנו 750 מ""ל",החברה הדרומית לשיווק בעמ,,,יח,7.50,"ל 100 מ""ל",false,1,17.90,2.39,false,1,
7290004737719,false,אספרגוס שלם מקולף בצנצנת ויליפוד 330 גרם,ג.וילי-פוד אינטרנשיונל בעמ,,,יח,3.30,ל 100 גרם,false,1,9.20,2.79,false,1,
7290004737900,false,חלב כחוש מרוכז וממותק בתוספת שמן צמחי ויליפוד 397 גרם,ג. וילי-פוד אינטרנשיונל בע`מ,,,יח,3.97,ל 100 גרם,false,1,9.90,2.49,false,1,
7290004768140,false,נקניקיות מרגז 500 גרם אשפר בלדי,"בלדי בע""\מ",,,יח,5,ל 100 גרם,false,1,29.90,5.98,false,1,
7290004861285,false,גבינה טבורוג המושבה,"מחלבת המושבה בע""מ",,,ל 100 גרם,10,ל 100 גרם,true,1,31,3.10,false,1,
7290005008184,false,"סבון נוזלי בניחוח חלב שקדים פלמוליב 500 מ""ל",הנסיך- מפעל לייצור ט,,,יח,5,"ל 100 מ""ל",false,1,16.90,3.38,false,1,
7290005008481,false,ספיד סטיק - דאודורנט ג'ל לגבר ספורט 85 גרם,הנסיך- מפעל לייצור ט,,,יח,0.85,ל 100 גרם,false,1,19.90,23.41,true,1,
7290005017971,false,קבב עירקי פרימיום 600 גר,נתח אדום עוזי ביטון ובניו בעמ,,,יח,7,ל 100 גרם,false,1,29.90,4.27,false,1,
7290005068058,false,תירס קל מופחת קלוריות 550 ג' פרי הגליל,ויטה- פרי גליל (החדשה) בעמ,,,יח,5.50,ל 100 גרם,false,1,6.90,1.25,true,1,
7290005079320,false,בולגרית גלילית 24% במשקל,החברה המרכזית טלהפצת משקאות בע,,,"לק""ג",10,ל 100 גרם,true,1,49,4.90,false,1,
7290005084355,false,סנסודין משחת שיניים דואל קר פלואוריד 75,גלקסו סמית קליין,,,יח,0.75,ל 100 גרם,false,1,21.90,29.20,true,1,
7290005111761,false,"מזון לכלבים בונזו מזון כלבים בשר 3 ק""ג",דיפלומט מפיצים (1968) בעמ**,,,יח,30,ל 100 גרם,false,1,49.90,1.66,false,1,
7290005174513,false,חציל על האש במיונז אחלה 400 גרם+225גר,שטראוס גרופ בעמ/מצונן,,,יח,5,ל 100 גרם,false,1,14.90,2.98,true,1,
7290005174551,false,סלט חומוס עם צנוברים 125 ג' אחלה,שטראוס גרופ בעמ/מצונן,,,יח,1.25,ל 100 גרם,false,1,4.90,3.92,false,1,
7290005174568,false,אחלה יום יום חצילים במיונז 125 גרם,שטראוס גרופ בעמ/מצונן,,,יח,1.25,ל 100 גרם,false,1,4.90,3.92,false,1,
7290005174575,false,טחינה אחלה יום יום משובחת 125ג',שטראוס גרופ בעמ/מצונן,,,יח,1.25,ל 100 גרם,false,1,4.90,3.92,false,1,
7290005197758,false,"עוגיות חיוכים שוקולד עלית 150 גרם בד""צ",אפיפית נצרת תעשיות ב,,,יח,1.50,ל 100 גרם,false,1,4.90,3.27,false,1,
7290005199288,false,גומי מאסט בטעם פטל לימון 28 ג' עלית,שטראוס גרופ בע`מ,,,יח,0.28,ל 100 גרם,false,1,4,14.29,false,1,
7290005199738,false,גומי מאסט בטעם פפרמינט ריח פה נעים פליפטופ 28 ג' עלית,שטראוס גרופ בע`מ,,,יח,0.28,ל 100 גרם,false,1,4,14.29,false,1,
7290005200786,false,תפוצ'יפס בטעם שמנת בצל עלית 50 גרם,"שטראוס פריטו ליי בע""\מ )",,,יח,0.50,ל 100 גרם,false,1,3.80,7.60,false,1,
7290005287343,false,טונה סטארקיסט 80גר,דיפלומט מפיצים {1968}בעמ,,,יח,0.80,ל 100 גרם,false,1,3.60,4.50,false,1,
7290005287657,false,"סטארקיסט ממרח טונה 160 גרם בד""צ",דיפלומט מפיצים (1968) בעמ**,,,יח,1.60,ל 100 גרם,false,1,6.80,4.25,false,1,
7290005317125,false,בסקוויט חצי מצופה 175 גר` הדר*,אפיפית נצרת תעשיות בסקויט,,,יח,1.75,ל 100 גרם,false,1,4.90,2.80,true,1,
7290005317200,false,קרקר טופז טעמים שונים 110 גר,ח.כהן סוכנות מזון ומשקאות בע,,,יח,1,ל 100 גרם,false,1,2.80,2.80,true,1,
7290005326523,false,ממרח פסטו פטרוזיליה ונענע אוליביה 180 גרם,תה ויסוצקי (ישראל) בעמ,,,יח,1.80,ל 100 גרם,false,1,12.90,7.17,false,1,
7290005423635,false,ריצפז נוזל רצפות דוחה תיקנים סנו 2 ליטר,החברה הדרומית לשיווק בעמ,,,יח,20,"ל 100 מ""ל",false,1,20.90,1.05,false,1,
7290005423734,false,מרכך כביסה מרוכז אולטרא פרש סנו מקסימה 4 ליטר,החברה הדרומית לשיווק בעמ,,,יח,40,"ל 100 מ""ל",false,1,21.90,0.55,false,1,
7290005423871,false,שלישיית משחת שיניים מנטול אורביטול 145 גרם,טרופיקל דגיל תעשיות קוסמ,,,יח,4.35,ל 100 גרם,false,1,16.90,3.89,false,1,
7290005423918,false,סנו - מקסימה מרכך כביסה היפואלרגני אלוורה 4 ליטר,החברה הדרומית לשיווק בעמ,,,יח,40,"ל 100 ס""מ",false,1,21.90,0.55,false,1,
7290005424755,false,מטליות ריצפז פלוס לחות לניקוי רצפות דוחה תיקנים 10 יח' סנו,החברה הדרומית לשיווק בעמ,,,יח,1,,false,1,14.90,14.90,false,1,
7290005425073,false,"מטהר אויר בניחוח יסמין ועץ סאנדלווד סנו 300 מ""ל",החברה הדרומית לשיווק בעמ,,,יח,3,"ל 100 מ""ל",false,1,10.90,3.63,false,1,
7290005425196,false,"מקסימה אבקת כביסה סנסיטיב סנו 2.5 ק""ג",החברה הדרומית לשיווק בעמ,,,יח,2.50,"לק""ג",false,1,24.90,9.96,false,1,
7290005425202,false,אבקת כביסה ביו מקסימה לכתמים קשים,החברה הדרומית לשיווק בעמ,,,יח,25,ל 100 גרם,false,1,24.90,1,false,1,
7290005425646,false,קליר נוזל לניקוי חלונות רב תכליתי סנו 1 ליטר,החברה הדרומית לשיווק בעמ,,,יח,10,"ל 100 מ""ל",false,1,10.90,1.09,false,1,
7290005426568,false,"קרמה - קרם לחות לשיער רגיל 400 מ""ל",החברה הדרומית לשיווק בעמ,,,יח,4,"ל 100 מ""ל",false,1,17.90,4.48,false,1,
7290005426629,false,"סנו דואופרש אורן לוטוס ופרחי מים ודובדבן, 300 מ""ל",החברה הדרומית לשיווק בעמ,,,יח,3,"ל 100 מ""ל",false,1,10.90,3.63,false,1,
7290005426803,false,מקסימה מרכך כביסה פצ'ולי לבנדר סגול סנו 4 ליטר,החברה הדרומית לשיווק בעמ,,,יח,40,"ל 100 מ""ל",false,1,21.90,0.55,false,1,
7290005426964,false,סנובון סבון לאסלה בניחוח אפרסק סנו 3 יחידות,החברה הדרומית לשיווק בעמ,,,יח,1.65,ל 100 גרם,false,1,14.90,9.03,false,1,
7290005427107,false,סנו - סושי מגבות נייר הפלא 6 יחידות,החברה הדרומית לשיווק בעמ,,,יח,5.70,ל 100 גרם,false,1,12.90,2.26,false,1,
7290005428852,false,ממחטות טישו צבעוניים סנו סופט 5 יח' *100דף,החברה הדרומית לשיווק בעמ,,,יח,6.50,ל 100 גרם,false,1,13.90,2.14,false,1,
7290005429279,false,סנו מקסימה קומפקט קומפקט אפקט גאוול 6 ק,החברה הדרומית לשיווק בעמ,,,יח,6,"לק""ג",false,1,45.90,7.65,false,1,
7290005429286,false,"אבקת כביסה ביו סנו מקסימה 6 ק""ג",החברה הדרומית לשיווק בעמ,,,יח,60,ל 100 גרם,false,1,45.90,0.77,false,1,
7290005430602,false,"סנו אוקסיג'ן ספריי להסרת כתמים עם חמצן פעיל 750 מ""ל",החברה הדרומית לשיווק בעמ,,,יח,7.50,"ל 100 מ""ל",false,1,17.90,2.39,false,1,
7290005431159,false,תותים בקצפת לייט עדן קינוחים 80 גרם,עדן קינוחים,,,יח,0.80,ל 100 גרם,false,1,5.90,7.38,false,1,
7290005431883,false,מלבי חלבי עדן קינוחים 165 גרם,עדן קינוחים Eden,,,יח,0.82,ל 100 גרם,false,1,5.90,7.20,false,1,
7290005431913,false,עוגת גבינה פירורים עדן קינוחים 92 גרם,עדן קינוחים Eden,,,יח,0.92,ל 100 גרם,false,1,5.90,6.41,false,1,
7290005431920,false,עוגת גבינה פירורים לייט עדן קינוחים 78 גרם,עדן קינוחים Eden,,,יח,0.78,ל 100 גרם,false,1,5.90,7.56,false,1,
7290005431937,false,מעדן טירמיסו 82 גר`עדן קינוחים,עדן קינוחים Eden,,,יח,0.82,ל 100 גרם,false,1,5.90,7.20,false,1,
7290005431968,false,מלבי שמנת עדן קינוחים 150 גרם,עדן קינוחים Eden,,,יח,1.50,ל 100 גרם,false,1,6.90,4.60,false,1,
7290005437212,false,טעמן שמן זית כ.מעולה ספרדי בדץ 750מל.,טעמן שיווק מזון בעמ,,,יח,7.50,"ל 100 מ""ל",false,1,29.90,3.99,true,1,
7290005437830,false,פרוסות אננס במיץ טבעי טעמן 825 גרם,טעמן שיווק מזון בעמ,,,יח,9,ל 100 גרם,false,1,10.90,1.21,false,1,
7290005509285,false,שוקולד חלב כרמית,כרמית תעשיות ממתקים בעמ,,,יח,1,ל 100 גרם,false,1,3.90,3.90,false,1,
7290005509445,false,עוגיות מיני קוקיס חמאה בצנצנת כרמית 600 גרם,כרמית תעשיות ממתקים בעמ,,,יח,7.50,ל 100 גרם,false,1,15.90,2.12,false,1,
7290005591761,false,דבש טהור מפרחי בר בלחיץ 400 ג' יד מרדכי,מכוורת יד מרדכי שטרא,,,יח,4,ל 100 גרם,false,1,21.90,5.48,false,1,
7290005838002,false,מעדן גבינה ויוגורט בטעם וניל 88 ג' דניאלה,שטראוס גרופ בעמ/מצונן,,,יח,1.50,"ל 100 מ""ל",false,1,3.90,2.60,false,1,
7290005838613,false,קרם גבינה 3% בטעם וניל סקי (125 גרם),שטראוס גרופ בעמ/מצונן,,,יח,1.25,ל 100 גרם,false,1,3.60,2.88,true,1,
7290005838972,false,סקי יום יום גבינה לבנה %5 125 גרם,שטראוס גרופ בעמ/מצונן,,,יח,1.25,ל 100 גרם,false,1,3.50,2.80,true,1,
7290005839078,false,שמיניית יוגורט לבן 3% ביו דנונה 150 גרם,שטראוס גרופ בעמ/מצונן,,,יח,1.20,לליטר,false,1,16.80,14,false,1,
7290005839108,false,גבינה לבנה סימפוניה עם תוספות 200 ג'+זיתים 5%,שטראוס גרופ בעמ/מצונן,,,יח,2,ל 100 גרם,false,1,11.20,5.60,true,1,
7290005839313,false,מילקי Top עם שוקולדה מגולגלת 140 גרם,שטראוס גרופ בעמ/מצונן,,,יח,1.30,"ל 100 מ""ל",false,1,4.50,3.46,false,1,
7290005896415,false,"בירה איגל לאגר פרימיום 5% 500 מ""ל פחית",טמפו משקאות בעמ,,,יח,5,יח,false,1,5.90,1.12,true,1,
7290005896453,false,"בירה מכבי 7.9%, בירה חזקה, בקבוק חוזר 500 מ''ל",פארייפאבה אגרואינדוס,,,יח,5,"ל 100 מ""ל",false,1,7.80,1.32,false,1,
7290005896460,false,"בירה איגל לאגר חזקה 7.8% 500 מ""ל פחית",טמפו משקאות בעמ,,,יח,5,יח,false,1,5.90,1.12,false,1,
7290005938245,false,ממרח פסטו קלאסי פרסקו 220ג' מצונן,מיוצר עי פרסקו חצבה,,,יח,2.20,ל 100 גרם,false,1,17.90,8.14,false,1,
7290005966033,false,הר חרמון לבן יקב רמת הגולן (750 מל),היכל היין שקד גולן בעמ,,,יח,7.50,"ל 100 מ""ל",false,1,31.90,4.21,true,1,
7290006229588,false,בירה איגל לאגר פרימיום חזקה 6.3% 500 מל,טמפו משקאות בעמ,,,יח,3.30,"ל 100 מ""ל",false,1,5.90,1.70,true,1,
7290006241153,false,אגוזי פקאן סיניים קליית גת (150 גרם),ליימן שליסל בעמ,,,יח,1.50,ל 100 גרם,false,1,17.90,11.93,false,1,
7290006241191,false,אגוזי מלך טבעיים קליית גת (150 גרם),הדקלאים אגודת שיתופי,,,יח,1.50,ל 100 גרם,false,1,16.90,11.27,false,1,
7290006241214,false,שקדים טבעיים קליית גת (200 גרם),הדקלאים אגודת שיתופי,,,יח,2,ל 100 גרם,false,1,16.90,8.45,false,1,
7290006251589,false,תה ירוק עם עלי נענע 50 שקיקים ויסוצקי,תה ויסוצקי (ישראל) בעמ,,,יח,0.75,ל 100 גרם,false,1,39.90,53.20,false,1,
7290006374660,false,שמן זית כתית לתיבול קלאסי יד מרדכי 1 ליטר,מכוורת יד מרדכי שטראוס ב,,,יח,1,לליטר,false,1,45.90,45.90,false,1,
7290006374738,false,קונפיטורה תות יד מרדכי בטעם תות,אף.סי תבליני בגליל ב,,,יח,3.40,ל 100 גרם,false,1,12.90,3.79,true,1,
7290006376862,false,"קפה ""פרימיום"" שלישייה 100 ג""ר",נאמן לאורך זמן בעמ,,,יח,3,ל 100 גרם,false,1,11.90,3.97,false,1,
7290006429506,false,חצאי אפרסקים 820 גרם טעמן,טעמן שיווק מזון בעמ,,,יח,9,ל 100 גרם,false,1,9.90,1.10,false,1,
7290006492616,false,גבינה בולגרית מעודנת פרוסות 5% גד 250 גרם,מחלבות גד שיווק 1992 בעמ,,,יח,2.50,ל 100 גרם,false,1,26.90,10.76,false,1,
7290006498052,false,דנונה ביו יוגורט טבעי מהדרין 3% 150 ג',שטראוס גרופ בעמ/מצונן,,,יח,1.50,"ל 100 מ""ל",false,1,2.50,1.67,false,1,
7290006511751,false,פטריות שמפניון חתוך ויליפוד 290X3 ג' בד”צ,ג.וילי-פוד אינטרנשיונל בעמ,,,יח,8.70,ל 100 גרם,false,1,11.90,1.37,false,1,
7290006546371,false,במיה 600 ג' פרי הגליל,ויטה פרי גליל (החדשה) בע`מ,,,יח,6,ל 100 גרם,false,1,9.90,1.65,false,1,
7290006546388,false,תחתיות ארטישוק קפוא פרי הגליל 400ג',ויטה -פרי גליל (החדשה) בעמ,,,יח,4,ל 100 גרם,false,1,8.90,2.23,false,1,
7290006567048,false,פתיתי קוסקוס ישראלי אסם (350 גרם),קבוצת אוסם סחר שותפות מוגבלת,,,יח,3.50,ל 100 גרם,false,1,7.90,2.26,false,1,
7290006618078,false,"מרסס לניקוי יסודי מטבח אסטוניש 750 מ""ל","יעקב יעקבי ובניו בע""מ",,,יח,7.50,"ל 100 מ""ל",false,1,11.90,1.59,false,1,
7290006644480,false,תפוזינה תפוזים 0.5 ליטר,יפאורה שותפות מובגלת לשיווק,,,יח,5,"ל 100 מ""ל",false,1,4.90,0.92,true,1,
7290006644510,false,"מיץ ענבים 500 מ""ל תפוזינה",יפאורה שותפות מוגבלת לשיווק,,,יח,5,"ל 100 מ""ל",false,1,4.90,0.92,true,1,
7290006653819,false,קוסקוס אמיתי דק בשקית 350 גרם,קבוצת אוסם סחר שותפות מוגבלת,,,יח,3.50,ל 100 גרם,false,1,7.90,2.26,false,1,
7290006664037,false,גמדים סופר ארוחת בוקר דגנים 4*100גר,שטראוס גרופ בעמ/מצונן,,,יח,4,"ל 100 מ""ל",false,1,11.30,2.83,true,1,
7290006664051,false,"אקטימל לבן 1.51 ק""ג מארז 14 יחידות",שטראוס גרופ בעמ/מצונן,,,יח,1.40,לליטר,false,1,29.90,21.36,false,1,
7290006664402,false,גבינה לבנה סקי 5% שומן 750 גרם,שטראוס גרופ בעמ/מצונן,,,יח,7.50,ל 100 גרם,false,1,14.90,1.99,false,1,
7290006664655,false,דנונה Actimel יוגורט טבעי 8*100 מ``ל,שטראוס גרופ בעמ/מצונן,,,יח,8,"ל 100 מ""ל",false,1,21.20,2.65,false,1,
7290006664693,false,יוגורט עם אפרסק 3% שומן 150 ג' דנונה,שטראוס גרופ בעמ/מצונן,,,יח,1.50,"ל 100 מ""ל",false,1,3.90,2.60,true,1,
7290006664990,false,"יוגורט דנונה ביו לבן 1.7% שומן 8*150 מ""ל",שטראוס גרופ בעמ/מצונן,,,יח,1.20,לליטר,false,1,16.80,14,false,1,
7290006681003,false,גלידה קרמיסימו סרבט תות לימון 650 גרם,"גלידת שטראוס בע""\מ, רחוב",,,יח,1.33,לליטר,false,1,18.90,14.21,false,1,
7290006681553,false,קרמבו בטעם וניל שטראוס 8 יחידות,"גלידות שטראוס בע""מ",,,יח,8,למארז,false,1,14.90,1.86,false,1,
7290006681560,false,קרמבו בטעם מוקה שטראוס 8 יחידות,"גלידות שטראוס בע""מ",,,יח,8,למארז,false,1,14.90,1.86,false,1,
7290006737151,false,עדשים הכי מתוק 80 גרם,לירון קרביץ יבוא שיווק וסחר,,,יח,1,ל 100 גרם,false,1,3.90,3.90,false,1,
7290006741387,false,מלווח תימני זוגלובק בד`צ 700 גרם קפוא,נקניק נהריה כשר זוגל,,,יח,7,ל 100 גרם,false,1,13.90,1.99,true,1,
7290006764058,false,"נשר בירה לבנה נשר בקבוק חוזר 500 מ""ל","טמפו משקאות בע""\מt\",,,יח,5,"ל 100 מ""ל",false,1,5.90,0.94,false,1,
7290006764065,false,בירה נשר מאלט ללא אלכוהול 500 מל,"טמפו משקאות בע""\ם.",,,יח,5,"ל 100 מ""ל",false,1,4.90,0.74,true,1,
7290006764072,false,"בירה גולדסטאר בקבוק 500 מ""ל חוזר","טמפו משקאות בע""\מ",,,יח,5,"ל 100 מ""ל",false,1,7.80,1.32,false,1,
7290006764096,false,"בירה איגל 3.8% בקבוק 500 מ""ל חוזר","טמפו משקאות בע""\מ",,,יח,5,"ל 100 מ""ל",false,1,4.80,0.72,false,1,
7290006764157,false,"בירה גולדסטאר Unfiltered, בירה לא מסוננת, בקבוק חוזר 500 מ""ל",פארייפאבה אגרואינדוס,,,יח,5,"ל 100 מ""ל",false,1,8.80,1.52,false,1,
7290006764485,false,"בירה שחורה נשר מאלט שישייה ח""פ 330*6 מ''ל","טמפו משקאות בע""\ם.",,,יח,15,"ל 100 מ""ל",false,1,28.70,1.79,false,1,
7290006775016,false,עוגת תפוז אחוה (450 גרם)אחוה,אחדות ביתחרושת לטחינה חלבה,,,יח,4.50,ל 100 גרם,false,1,9.90,2.20,false,1,
7290006775023,false,עוגה אנגלית אחוה (450 גרם)אחוה,אחדות ביתחרושת לטחינה חלבה,,,יח,4.50,ל 100 גרם,false,1,9.90,2.20,false,1,
7290006775030,false,עוגת שוקו צ`יפס אחוה (450 גרם)אחוה,אחדות ביתחרושת לטחינה חלבה,,,יח,4.50,ל 100 גרם,false,1,9.90,2.20,false,1,
7290006775047,false,עוגת שוקולד אחוה (450 גרם)אחוה,אחדות ביתחרושת לטחינה חלבה,,,יח,4.50,ל 100 גרם,false,1,9.90,2.20,false,1,
7290006775054,false,עוגת שיש אחוה (450 גרם)אחוה,אחדות ביתחרושת לטחינה חלבה,,,יח,4.50,ל 100 גרם,false,1,9.90,2.20,false,1,
7290006775191,false,מאפין ממולא בטעם שוקולד 50 גרם אחוה,אחדות ביתחרושת לטחינה חלבה,,,יח,0.50,ל 100 גרם,false,1,1.40,2.80,true,1,
7290006775306,false,מאפינס אישי וניל במילוי תות אחווה 50ג',אחדות ביתחרושת לטחינה חלבה,,,יח,0.50,ל 100 גרם,false,1,1.40,2.80,true,1,
7290006775344,false,עוגת שמרים במילוי קרם קינמון אחוה 400 גרם,אחדות ביתחרושת לטחינה חלבה,,,יח,4,ל 100 גרם,false,1,10.90,2.73,false,1,
7290006775405,false,מאפינס שוקוצ'יפס אישי אחווה 45גרם,אחדות ביחר לטחינה חל,,,יח,0.45,ל 100 גרם,false,1,1.40,3.11,true,1,
7290006775801,false,עוגיות רוגלך שוקולד 400 גר' אחדות,אחדות ביתחרושת לטחינה חלבה,,,יח,4,ל 100 גרם,false,1,9.90,2.48,false,1,
7290006788412,false,"קרליין - נושם אקווה דאודורנט רול און לאישה כחול 75 מ""ל",החברה הדרומית לשיווק בעמ,,,יח,0.50,ל 100 גרם,false,1,10.90,21.80,false,1,
7290006788474,false,"קרליין - נושם אקווה דאודורנט ספריי לאישה כחול 200 מ""ל",החברה הדרומית לשיווק בעמ,,,יח,0.75,ל 100 גרם,false,1,10.90,14.53,false,1,
7290006788504,false,"קרליין - נושם אוקסיג'ן דאודורנט ספריי לאישה סגול 200 מ""ל",החברה הדרומית לשיווק בעמ,,,יח,2,"ל 100 מ""ל",false,1,10.90,5.45,false,1,
7290006941022,false,סכינים חד פעמי שווה 100 יחידות,ווינפאק סחר בעמ,,,יח,100,יח,false,20,8.90,0.09,true,1,
7290006983152,false,קרוטונים מתובלים למרק אסם (400 גרם),קבוצת אוסם סחר שותפות מוגבלת,,,יח,4,ל 100 גרם,false,1,18.90,4.73,false,1,
7290006983176,false,קרקר לחמית שיפון אסם (230 גרם),קבוצת אוסם סחר שותפות מוגבלת,,,יח,2.30,ל 100 גרם,false,1,8.90,3.87,true,1,
7290006983206,false,אבקה להכנת פלאפל בקלי קלות 180 גרם,קבוצת אוסם סחר שותפות מוגבלת,,,יח,0.90,ל 100 גרם,false,1,9.90,11,false,1,
7290006983527,false,עוגת הבית תפוחי עץ עם פירורים 400 ג' אסם,קבוצת אוסם סחר שותפות מוגבלת,,,יח,4,ל 100 גרם,false,1,14.90,3.73,false,1,
7290006983763,false,עוגת הבית בטעם שוקולד אסם (400 גרם),קבוצת אוסם סחר שותפות מוגבלת,,,יח,4,ל 100 גרם,false,1,11.90,2.98,false,1,
7290006983770,false,עוגת הבית שיש אסם (400 גרם),קבוצת אוסם סחר שותפות מוגבלת,,,יח,4,ל 100 גרם,false,1,11.90,2.98,false,1,
7290006983787,false,עוגת הבית שוקולד צ'יפס אסם 400 גרם,קבוצת אוסם סחר שותפות מוגבלת,,,יח,4,ל 100 גרם,false,1,11.90,2.98,false,1,
7290006983794,false,עוגת הבית בטעם תפוז אסם 400 גרם,קבוצת אוסם סחר שותפות מוגבלת,,,יח,4,ל 100 גרם,false,1,11.90,2.98,false,1,
7290006992161,false,מטרנה - דייסת קורנפלור פרוביוטי 200 גרם,קבוצת אוסם סחר שותפות מוגבלת,,,יח,2,ל 100 גרם,false,1,13.90,6.95,false,1,
7290006992185,false,"מטרנה - דייסת אורז פרוביוטי כשל""פ 200 גרם",קבוצת אוסם סחר שותפות מוגבלת,,,יח,2,ל 100 גרם,false,1,13.90,6.95,false,1,
7290006992192,false,דייסה מטרנה סולת פרוביוטיקה,קבוצת אוסם סחר שותפות מוגבלת,,,יח,2,ל 100 גרם,false,1,13.90,6.95,false,1,
7290006992208,false,מטרנה - דייסת דגנים מעורבים 200 גרם,קבוצת אוסם סחר שותפות מוגבלת,,,יח,2,ל 100 גרם,false,1,13.90,6.95,false,1,
7290006992390,false,"מטרנה - דייסת וניל פרוביוטי כשל""פ 200 גרם",קבוצת אוסם סחר שותפות מוגבלת,,,יח,2,ל 100 גרם,false,1,13.90,6.95,false,1,
7290008023542,false,שמפו לרצפות בניחוח יסמין סיף פנטסטיק 4 ליטר,יוניליוור ישראל שיווק בע`מ,,,יח,40,"ל 100 מ""ל",false,1,18.50,0.46,false,1,
7290008102469,false,קריספ פירורי לחם זהוב 800 גרם מיימונס,א.ל ייצור ושיווק תבלינים בעמ,,,יח,8,ל 100 גרם,false,1,9.90,1.24,false,1,
7290008116541,false,שטיפת פה ליסטרין מנטה קריר 500 מ`ל,ג'\ונסון אנד ג'\ונסון,,,יח,5,"ל 100 מ""ל",false,1,17.90,3.58,true,1,
7290008175814,false,וילי פוד פטריות שמפיניון חתוך בדץ 400ג,ג.וילי פוד אינטרנשיונל בעמ,,,יח,4,ל 100 גרם,false,1,4.90,1.23,false,1,
7290008190909,false,עוגיות מיני קוקיס שוקולד צ'יפס בצנצנת כרמית 600 גרם,כרמית תעשיות ממתקים בעמ,,,יח,6,ל 100 גרם,false,1,15.90,2.65,false,1,
7290008254182,false,צלעות קרה טלה קפוא,מאסטרפוד בעמ,,,"לק""ג",10,ל 100 גרם,true,1,179,17.90,false,1,
7290008330107,false,מרכך כביסה סגול בדין (4 ליטר),יוניליוור ישראל שיווק בע`מ,,,יח,40,"ל 100 מ""ל",false,1,19.80,0.50,false,1,
7290008335515,false,אגרול+רוטב חמוץ/מתוק600ג,נטו מילנדה סחר בעמ*,,,יח,6,ל 100 גרם,false,1,12.90,2.15,false,1,
7290008335539,false,פלמיני במלית בשר 600 גר`שלושת האופים,נטו מילנדה סחר בעמ*,,,יח,6,ל 100 גרם,false,1,12.90,2.15,false,1,
7290008345576,false,סלט איקרה ביתית לבנה 300 גרם דלידג,נטו מלינדה סחר בע`מ,,,יח,3,ל 100 גרם,false,1,18.90,6.30,false,1,
7290008409049,false,שניצלונים בציפוי שומשום מיני מיני דק מאמא עוף 500 גרם,תנובה מרכז שיתופי לשיווק תוצרת,,,יח,5,ל 100 גרם,false,1,24.90,4.98,false,1,
7290008409315,false,שניצלונים בציפוי פריך מיני מיני דק מאמא עוף 500 גרם,תנובה מרכז שיתופי לשיווק תוצרת,,,יח,5,ל 100 גרם,false,1,24.90,4.98,false,1,
7290008415071,false,צבר חומוס עם טחינה עגול 150 גרם,קבוצת אוסם סחר שותפות מוגבלת,,,יח,1.50,ל 100 גרם,false,1,4.50,3,false,1,
7290008415514,false,צבר חומוס עם חריף עגול 150 גרם,קבוצת אוסם סחר שותפות מוגבלת,,,יח,1.50,ל 100 גרם,false,1,4.50,3,false,1,
7290008443616,false,"מרכך לשיער יבש אדום 750 מ""ל נקה 7",החברה הדרומית לשיווק בעמ,,,יח,7.50,"ל 100 מ""ל",false,1,10.90,1.45,false,1,
7290008464222,false,"בירה מכבי 7.9%, בירה חזקה, פחית 500 מ""ל","טמפו משקאות בע""\מ",,,יח,5,"ל 100 מ""ל",false,1,7.50,1.44,false,1,
7290008464338,false,בירה מכבי בקבוק בודד 330 מל,טמפו משקאות בעמ,,,יח,3.30,"ל 100 מ""ל",false,1,6.10,1.76,false,1,
7290008464345,false,"בירה גולדסטאר, בקבוק 330 מ''ל",פארייפאבה אגרואינדוס,,,יח,3.30,"ל 100 מ""ל",false,1,5.90,1.70,false,1,
7290008464604,false,"בירה הייניקן פחית 500 מ""ל",טמפו משקאות בע''מ,,,יח,5,"ל 100 מ""ל",false,1,9.90,1.92,false,1,
7290008464611,false,"הסודה של טמפו, מי סודה בגיזוז חזק, 275 מל",טמפו משקאות בעמ,,,יח,2.75,"ל 100 מ""ל",false,1,3.30,1.09,true,1,
7290008464741,false,"בירה גולדסטאר, מארז שישייה, בקבוק 330 מ''ל","טמפו משקאות בע""\מ",,,יח,15,"ל 100 מ""ל",false,1,36.90,2.34,true,1,
7290008464796,false,"בירה היינקן, מארז שישייה, בקבוק 330 מ''ל",טמפו משקאות בע''מ,,,יח,6,למארז,false,1,34.90,5.52,true,1,
7290008482561,false,פודינג שוקולד טעימה 80ג,נאמן לאורך זמן בעמ,,,יח,0.80,ל 100 גרם,false,1,4.60,5.75,false,1,
7290008507059,false,קציצות מרוקאיות חריפות נתח אדום,נתח אדום עוזי ביטון ובניו בעמ,,,יח,7,ל 100 גרם,false,1,29.90,4.27,false,1,
7290008507530,false,סטייק אנטריקוט פרימיום,נתח אדום עוזי ביטון ובניו בעמ,,,"לק""ג",10,ל 100 גרם,true,1,169.90,16.99,false,1,
7290008618632,false,אצבעות אנטריקוט חלק,מאסטרפוד בעמ,,,"לק""ג",10,"לק""ג",true,1,64.90,6.49,false,1,
7290008636650,false,קמח מצה מיה 500 גרם,מיה תעשיות מזון מ.ת.מ. בעמ,,,יח,5,ל 100 גרם,false,1,7.90,1.58,true,1,
7290008636919,false,קקאו הולנדי בבשקית מיה 200 גרם,מיה תעשיות מזון מ.ת.מ. בעמ,,,יח,2.50,ל 100 גרם,false,1,10.90,4.36,false,1,
7290008636995,false,גרעיני דלעת קלופים מיה 100 גרם,מיה תעשיות מזון מ.ת.מ. בעמ,,,יח,1,ל 100 גרם,false,1,6.90,6.90,false,1,
7290008644112,false,אחלה יום יום סלט מטבוחה יום יום 125 גרם,שטראוס גרופ בעמ/מצונן,,,יח,1.25,ל 100 גרם,false,1,4.90,3.92,false,1,
7290008645935,false,אחלה חומוס לניגוב 750 גרם,שטראוס גרופ בעמ/מצונן,,,יח,7.50,ל 100 גרם,false,1,9.90,1.32,false,1,
7290008690713,false,נקטר חמוציות אושן ספריי פריגת (1 ליטר),החברה המרכזית להפצת משקאות בעמ,,,יח,10,"ל 100 מ""ל",false,1,13.90,1.36,false,1,
7290008693134,false,מעדן גבינה ויוגורט בטעם תות 5% שומן 88 ג' דניאלה,שטראוס גרופ בעמ/מצונן,,,יח,1.50,"ל 100 מ""ל",false,1,3.90,2.60,false,1,
7290008713900,false,לחם שיפון עגול פרוס אחדות (750 גרם),מאפיית אנג'\ל אורנים מאפ,,,יח,7.50,ל 100 גרם,false,1,13.90,1.85,false,1,
7290008745239,false,תפוצ'יפס קראנצ' בטעם טבעי עלית 50 גרם,"שטראוס פריטו ליי בע""\מ )",,,יח,0.55,ל 100 גרם,false,1,3.80,6.91,false,1,
7290008747547,false,תפוצ'יפס קראנץ' בטעם טבעי עלית 200 גרם,"שטראוס פריטו ליי בע""\מ )",,,יח,2,ל 100 גרם,false,1,9.90,4.95,true,1,
7290008753111,false,תפוצ'יפס קראנץ' בטעם מקסיקני עלית 50 גרם,"שטראוס פריטו ליי בע""\מ )",,,יח,0.50,ל 100 גרם,false,1,3.80,7.60,false,1,
7290008753364,false,דוריטוס גריל עלית 55 ג',"שטראוס פריטו ליי בע""מ",,,יח,0.55,ל 100 גרם,false,1,2.90,5.27,true,1,
7290008753371,false,דוריטוס 55 גר`נאצ`ו מקסיקני,שטראוס פריטו ליי בעמ,,,יח,0.55,ל 100 גרם,false,1,2.90,5.27,true,1,
7290008753388,false,דוריטוס טבעי עלית 55 ג',שטראוס פריטו ליי בעמ,,,יח,0.55,ל 100 גרם,false,1,2.90,5.27,true,1,
7290008754422,false,גומי מאסט בטעם פפרמינט קלאסי פליפטופ 28 ג' עלית,שטראוס גרופ בע`מ,,,יח,0.28,ל 100 גרם,false,1,4,14.29,false,1,
7290008757034,false,"שוופס סודה זכוכית 250 מ""ל",יפאורה שותפות מוגבלת לשיווק,,,יח,2.50,"ל 100 מ""ל",false,1,3.20,1.16,true,1,
7290008757072,false,משקה מוגז בטעם תות שוופס (330 מל),יפאורה - שותפות מוגבלת לשיווק,,,יח,3.30,"ל 100 מ""ל",false,1,3.90,1.09,true,1,
7290008757386,false,"מיץ פז ענבים פחית 330 מ""ל",יפאורה - שותפות מוגבלת לשיווק,,,יח,3.30,"ל 100 מ""ל",false,1,3.90,1.09,true,1,
7290008775816,false,ערגליות עוגיות במילוי שוקולד אסם 300 גרם,קבוצת אוסם סחר שותפות מוגבלת,,,יח,3,ל 100 גרם,false,1,10.20,3.40,true,1,
7290008775823,false,ערגליות עוגיות תות שדה אסם 300 גרם,קבוצת אוסם סחר שותפות מוגבלת,,,יח,3,ל 100 גרם,false,1,10.20,3.40,true,1,
7290008801119,false,סלקטד סוביניון בלאן יקבי כרמל (750 מל),אגודת הכורמים הקואופרטיב,,,יח,7.50,"ל 100 מ""ל",false,1,29.90,3.95,true,1,
7290008801157,false,"יין מרלו סלקטד כרמל כרמל 750 מ""ל",אגודת הכורמים -כרמל מזרחי,,,יח,7.50,"ל 100 מ""ל",false,1,29.90,3.95,true,1,
7290008801522,false,יין קינג דויד קונקורד אדום מתוק 750 מל,אגודת הכורמים הקואופרטיב,,,יח,1,,false,1,19.90,19.90,false,1,
7290008801546,false,יין מוסקט מתוק קינג דיוויד יקבי כרמל,אגודת הכורמים הקואופרטיב,,,יח,7.50,"ל 100 מ""ל",false,1,19.90,2.61,false,1,
7290008801843,false,סלקטד קברנה סובניון יקבי כרמל (750 מל),אגודת הכורמים בעמ,,,יח,7.50,"ל 100 מ""ל",false,1,29.90,3.95,true,1,
7290008801850,false,סלקטד אמרלד ריזלינג לבן חצי יבש 750 מל,אגודת הכורמים הקואופרטיב,,,יח,7.50,"ל 100 מ""ל",false,1,29.90,3.95,true,1,
7290008802291,false,יין מרלו פרייבט קולקשן יקבי כרמל,אגודת הכורמים הקואופרטיב,,,יח,7.50,"ל 100 מ""ל",false,1,39.90,5.28,true,1,
7290008802512,false,"יין וינו אדום ""כרמל מזרחי""",אגודת הכורמים בעמ,,,יח,7.50,"ל 100 מ""ל",false,1,19.90,2.61,false,1,
7290008802529,false,"יין לבן חצי יבש וינו 750 מ""ל",אגודת הכורמים בעמ,,,יח,7.50,"ל 100 מ""ל",false,1,19.90,2.61,false,1,
7290008802895,false,יין קברנה סוביניון פרייבט קולקשן יקבי כרמל,אגודת הכורמים הקאופורטיב,,,יח,7.50,"ל 100 מ""ל",false,1,39.90,5.28,true,1,
7290008803090,false,"יין מרלו קולקשיין הסדרה האזורית כרמל 750 מ""ל",אגודת הכורמים הקואופרטיב,,,יח,7.50,"ל 100 מ""ל",false,1,59.90,7.95,true,1,
7290008804332,false,שיראז אדום יבש פריווט קולקשיין 750מל,אגודת הכורמים הקואופרטיב,,,יח,7.50,"ל 100 מ""ל",false,1,39.90,5.28,true,1,
7290008805520,false,"יין קברנה/סוביניון סלקטד כרמל 750 מ""ל",אגודת הכורמים בעמ,,,יח,7.50,"ל 100 מ""ל",false,1,29.90,3.95,true,1,
7290008806305,false,"שלגון פצפצים ""שטראוס""","מיוצר ע"" גלידת שטראו",,,יח,1,,false,1,5.90,5.90,true,1,
7290008806985,false,נישנושים גלידה שוקו וניל בציפוי שוקולד 60 יח' קרמיסימו,"גלידת שטראוס בע""\מ, רחוב",,,יח,6.30,ל 100 גרם,false,1,44.90,7.13,false,1,
7290008909761,false,"קרלסברג בקבוק יחיד 330מ""ל",החברה המרכזית להפצת משקאות בעמ,,,יח,3.30,"ל 100 מ""ל",false,1,7,2.03,false,1,
7290008921169,false,"קברנה אדום סוביניון ""תשבי""",יקב תשבי (יקבי הברון בעמ ),,,"ל 100 מ""ל",7.50,"ל 100 מ""ל",false,1,37.90,5.01,true,1,
7290008921374,false,תישבי קברנה סובניון איסטט,יקב תשבי (יקבי הברון בעמ ),,,יח,15,"ל 100 מ""ל",false,1,199.90,13.31,false,1,
7290008975551,false,תחליף חלב מטרנה מהדרין שלב 3 חלבי 700 גרם,קבוצת אוסם סחר שותפות מוגבלת,,,יח,7,ל 100 גרם,false,1,53.90,7.70,false,1,
7290008975780,false,"מזון לכלבים בונזו מזון כלבים גזע קטן 3 ק""ג",דיפלומט מפיצים (1968) בעמ**,,,יח,30,ל 100 גרם,false,1,49.90,1.66,false,1,
7290008989022,false,בטר אנד דיפרנט דייסת סולת 400 גרם,בטר אנד דיפרנט בעמ,,,יח,4,ל 100 גרם,false,1,19.90,4.98,false,1,
7290008989053,false,בטר אנד דיפרנט דייסת דגנים מעורב 400גרם,בטר אנד דיפרנט בעמ,,,יח,4,ל 100 גרם,false,1,19.90,4.98,false,1,
7290008989169,false,"אורז תפוח בשקית בטר אנד דיפרנט 500 גרם לל""ג",בטר אנד דיפרנט בעמ,,,יח,5,ל 100 גרם,false,1,18.90,3.78,false,1,
7290008989428,false,בטר&דיפרנט גרנולה אגוזים ושקדים 500ג,בטר אנד דיפרנט בעמ,,,יח,4,ל 100 גרם,false,1,11.50,2.88,false,1,
7290010002030,false,תבלין כמון טחון תבליני מימון 100 גרם,א.ל. ייצור ושיווק תבלינים בע`מ,,,יח,1,ל 100 גרם,false,1,10.90,10.90,false,1,
7290010002078,false,פלפל שחור טחון תבליני מימון (100 גרם),א.ל. ייצור ושיווק תבלינים בע`מ,,,יח,1,ל 100 גרם,false,1,14.90,14.90,false,1,
7290010002092,false,תבלין פלפל שחור גרוס דק תבליני מימון 90,א.ל. ייצור ושיווק תבלינים בע`מ,,,יח,1.20,ל 100 גרם,false,1,14.90,12.42,false,1,
7290010002122,false,פפריקה הונגרית מתוקה תבליני מימון 100 גרם,א.ל. ייצור ושיווק תבלינים בע`מ,,,יח,1,ל 100 גרם,false,1,10.90,10.90,false,1,
7290010002146,false,פפריקה מרוקאית מתוקה תבליני מימון 100 גרם,א.ל. ייצור ושיווק תבלינים בע`מ,,,יח,1,ל 100 גרם,false,1,10.90,10.90,false,1,
7290010002191,false,תבלין מקלות קינמון תבליני מימון 50 גרם,א.ל. ייצור ושיווק תבלינים בע`מ,,,יח,0.70,ל 100 גרם,false,1,10.90,15.57,false,1,
7290010002283,false,תבלין על האש תבליני מימון 100 גרם,א.ל. ייצור ושיווק תבלינים בע`מ,,,יח,1,ל 100 גרם,false,1,10.90,10.90,false,1,
7290010002290,false,תיבול לשווארמה תבליני מימון 100 גרם,א.ל. ייצור ושיווק תבלינים בע`מ,,,יח,1,ל 100 גרם,false,1,10.90,10.90,false,1,
7290010002306,false,תיבול לקציצות תבליני מימון 100 גרם,א.ל. ייצור ושיווק תבלינים בע`מ,,,יח,1,ל 100 גרם,false,1,10.90,10.90,false,1,
7290010002320,false,תבלין לגריל עוף תבליני מימון (100 גרם),א.ל. ייצור ושיווק תבלינים בע`מ,,,יח,1,ל 100 גרם,false,1,10.90,10.90,false,1,
7290010002337,false,תיבול לסטייק תבליני מימון 100 גרם,א.ל. ייצור ושיווק תבלינים בע`מ,,,יח,1,ל 100 גרם,false,1,10.90,10.90,false,1,
7290010002351,false,זעתר ושומשום בלדי תבליני מימון (100 גרם),א.ל. ייצור ושיווק תבלינים בע`מ,,,יח,1,ל 100 גרם,false,1,10.90,10.90,false,1,
7290010002368,false,תערובת חווויג' תבליני מימון 100 גרם,א.ל. ייצור ושיווק תבלינים בע`מ,,,יח,1,ל 100 גרם,false,1,10.90,10.90,false,1,
7290010002399,false,תבלין בזיליקום תבליני מימון 40 גרם,א.ל. ייצור ושיווק תבלינים בע`מ,,,יח,0.50,ל 100 גרם,false,1,9.50,19,false,1,
7290010002405,false,תבלין טימין הררי תבליני מימון 40 גרם,א.ל. ייצור ושיווק תבלינים בע`מ,,,יח,0.50,ל 100 גרם,false,1,9.50,19,false,1,
7290010002436,false,תבלין פטרוזיליה תבליני מימון 25 גרם,א.ל.ייצור ושיווק תבלינים בעמ,,,יח,0.25,ל 100 גרם,false,1,10.90,43.60,false,1,
7290010002726,false,תבלין לפרגיות תבליני מימון 100 גרם.,א.ל. ייצור ושיווק תבלינים בע`מ,,,יח,1,ל 100 גרם,false,1,10.90,10.90,false,1,
7290010003075,false,פפריקה מרוקאית מתוקה תבליני מימון 400 גרם,א.ל. ייצור ושיווק תבלינים בע`מ,,,יח,4,ל 100 גרם,false,1,23.90,5.98,false,1,
7290010003709,false,פלפל שחור טחון בשקית תבליני מימון 50 גרם,א.ל. ייצור ושיווק תבלינים בע`מ,,,יח,0.50,ל 100 גרם,false,1,7.90,15.80,false,1,
7290010003754,false,כמון טחון בשקית תבליני תבליני מימון 50 גרם,א.ל. ייצור ושיווק תבלינים בע`מ,,,יח,0.80,ל 100 גרם,false,1,5.90,7.38,false,1,
7290010003761,false,כורכום טחון בשקית תבליני מימון 80 גרם,א.ל. ייצור ושיווק תבלינים בע`מ,,,יח,8,ל 100 גרם,false,1,5.90,0.74,false,1,
7290010003778,false,תיבול לגריל עוף בשקית תבליני מימון 80 גרם,א.ל. ייצור ושיווק תבלינים בע`מ,,,יח,8,ל 100 גרם,false,1,5.90,0.74,false,1,
7290010003839,false,קינמון טחון בשקית תבליני מימון 80 גרם,א.ל. ייצור ושיווק תבלינים בע`מ,,,יח,0.80,ל 100 גרם,false,1,5.90,7.38,false,1,
7290010051595,false,חסה לבבות עוצמה,"בכורי השדה צפון1994 ג.ד. בע""מ",,,יח,1,,false,1,6.90,6.90,false,1,
7290010065318,false,מחית תפוח עץ ג'וניור פרינוק 190 גרם,גורי מוצרי צריכה 1991 בעמ,,,יח,1.90,ל 100 גרם,false,1,6.60,3.47,true,1,
7290010065332,false,מחית תפוח עץ בננה ג'וניור פרינוק 190 גרם,גורי מוצרי צריכה (1991) בעמ,,,יח,1.90,ל 100 גרם,false,1,6.60,3.47,true,1,
7290010065745,false,מחית לפתן פירות ג'וניור פרינוק 190 גרם,גורי מוצרי צריכה (1991) בעמ,,,יח,1.90,ל 100 גרם,false,1,6.60,3.47,true,1,
7290010066025,false,טונה פילטונה בודד בשמן 160 ג`.,תעשיות פיל טונה בעמ,,,יח,1.70,ל 100 גרם,false,1,5.90,3.47,false,1,
7290010116980,false,שוקולית אבקה להכנת משקה שוקו שקית 850,הנסיך- מפעל לייצור ט,,,יח,8.50,ל 100 גרם,false,1,17.90,2.11,true,1,
7290010117857,false,דוריטוס חטיף חריף אש 55 ג',שטראוס פריטו ליי בעמ,,,יח,0.55,ל 100 גרם,false,1,2.90,5.27,true,1,
7290010117970,false,סבבה בוטנים קלויים מצופים - אריזה אישית,"שטראוס פריטו ליי בע""מ",,,יח,0.50,ל 100 גרם,false,1,2,4,false,1,
7290010118328,false,חטיף צ`יפס בטעם טבעי תפוצ`יפס (40x6 גרם),"שטראוס פריטו ליי בע""מ",,,יח,2.40,ל 100 גרם,false,1,12.50,5.21,false,1,
7290010119950,false,חטיף דוריטוס בטעם חמוץ חריף 55 גרם,שטראוס פריטו ליי בע`מ,,,יח,0.55,ל 100 גרם,false,1,2.90,5.27,true,1,
7290010129300,false,עוגיות רייף 350ג מאפים של אדל,שיבולים יצור ושיווק מוצרי מאפה,,,יח,3.50,ל 100 גרם,false,1,13.90,3.97,false,1,
7290010129652,false,עוגיות לקפה 350ג מאפים של אדל,שיבולים יצור ושיווק מוצרי מאפה,,,יח,3.50,ל 100 גרם,false,1,13.90,3.97,false,1,
7290010129676,false,עוגיות מרוקאיות ארוך 350 גרם,שיבולים יצור ושיווק מוצרי מאפה,,,יח,3.50,ל 100 גרם,false,1,13.90,3.97,false,1,
7290010153510,false,בורגול יבש מיה 500 גר',מיה תעשיות מזון מ.ת.מ. בעמ,,,יח,5,ל 100 גרם,false,1,3.90,0.78,true,1,
7290010153770,false,ציפוי לשניצל פיקנטי מיה 500 גרם,מיה תעשיות מזון מ.ת.מ. בעמ,,,יח,5,ל 100 גרם,false,1,7.90,1.58,true,1,
7290010153787,false,ציפוי לשניצל עם שומשום 500 גר`מיה,מיה תעשיות מזון מ.ת.מ. בעמ,,,יח,5,ל 100 גרם,false,1,7.90,1.58,true,1,
7290010153794,false,ציפוי לשניצל עם עשבי תיבול מיה 500 גרם,מיה תעשיות מזון מ.ת.מ. בעמ,,,יח,5,ל 100 גרם,false,1,7.90,1.58,true,1,
7290010153800,false,ציפוי לשניצל עם תיבול עדין מיה (500 גרם),מיה תעשיות מזון מ.ת.מ. בעמ,,,יח,5,ל 100 גרם,false,1,7.90,1.58,true,1,
7290010153817,false,ריבת חלב אמיתי מיה 400 גרם,מיה תעשיות מזון מ.ת.מ. בעמ,,,יח,4,ל 100 גרם,false,1,9.90,2.48,true,1,
7290010154012,false,לימון בלאדי תבליני ביטון יוחאי (250 גרם),נטו מלינדה סחר בע`מ,,,יח,2.50,ל 100 גרם,false,1,13.50,5.40,false,1,
7290010154418,false,סחוג אדום תבליני ביטון 130 גרם,תבליני יוחאי ביטון,,,יח,1.30,ל 100 גרם,false,1,9.90,7.62,false,1,
7290010154425,false,סחוג ירוק תבליני ביטון 130 גרם,תבליני ביטון יוחאי,,,יח,1.30,ל 100 גרם,false,1,9.90,7.62,false,1,
7290010154548,false,ממרח שום טבעי יוחאי ביטון 235 גרם,נטו מילנדה סחר בעמ*,,,יח,2.35,ל 100 גרם,false,1,13.90,5.91,false,1,
7290010154555,false,ממרח לימון כבוש 250 גר' מעדני ביטון!,נטו מילנדה סחר בעמ*,,,יח,2.35,ל 100 גרם,false,1,13.90,5.91,false,1,
7290010154678,false,אריסה מרוקאית תבליני ביטון 250 גרם,תבליני יוחאי ביטון,,,יח,2.50,ל 100 גרם,false,1,13.50,5.40,false,1,
7290010154685,false,סלט שום כתוש 250 ג' ביטון יוחאי,תבליני ביטון יוחאי,,,יח,2.50,ל 100 גרם,false,1,13.50,5.40,false,1,
7290010154692,false,סחוג אדום יוחאי ביטון 250 גרם,תבליני יוחאי ביטון,,,יח,2.50,ל 100 גרם,false,1,13.50,5.40,false,1,
7290010175291,false,קקאו הולנדי לאפייה ולהכנת משקה,טעמן שיווק מזון בעמ,,,יח,5,ל 100 גרם,false,1,15.90,3.18,true,1,
7290010175857,false,פרוסות לבבות דקל במי מלח טעים 400 גרם,טעמן שיווק מזון בעמ,,,יח,4,ל 100 גרם,false,1,10.90,2.73,false,1,
7290010237586,false,פפסי קול סבן אפ דיאט 500 מל,טמפו משקאות בע`מ,,,יח,5,"ל 100 מ""ל",false,1,4.90,0.92,true,1,
7290010237890,false,"בירה הייניקן בקבוק 500 מ""ל חוזר",טמפו משקאות בע''מ,,,יח,5,"ל 100 מ""ל",false,1,8.50,1.46,false,1,
7290010259007,false,"עוגיות איטלקיות מובחרות ויליפוד 1 ק""ג",ג.וילי פוד אינטרנשיונל בעמ,,,יח,2,ל 100 גרם,false,1,5.90,2.95,false,1,
7290010259366,false,וילי פוד נודלס אטר.ביצים מסולסל בדץ 200ג,ג. וילי-פוד אינטרנשיונל בע`מ,,,יח,2,ל 100 גרם,false,1,4.90,2.45,false,1,
7290010259991,false,צנימים מיוחדים בטעם טבעי 250 ג',ג. וילי-פוד אינטרנשיונל בע`מ,,,יח,2.50,ל 100 גרם,false,1,6.90,2.76,false,1,
7290010300518,false,"קוואקר שבולת שועל, 500 גרם ""נאמן""",נאמן לאורך זמן בעמ,,,יח,5,ל 100 גרם,false,1,8.90,1.78,false,1,
7290010300860,false,אציטון נאמן לאורך זמ,נאמן לאורך זמן בעמ,,,יח,10,ל 100 גרם,false,1,3.50,0.35,false,1,
7290010328093,false,ממרח חלווה אחווה 400 ג' מהדרין,אחדות ביחר לטחינה חל,,,יח,4,"ל 100 מ""ל",false,1,9.90,2.48,false,1,
7290010328239,false,טחינה מתובלת משומשום טבעי אחוה (500 גרם),אחדות ביתחרושת לטחינה חלבה,,,יח,5,ל 100 גרם,false,1,11.90,2.38,false,1,
7290010328246,false,טחינה גולמית משומשום מלא אחווה 500 גרם,אחדות ביתחרושת לטחינה חלבה,,,יח,5,ל 100 גרם,false,1,10.90,2.18,false,1,
7290010328253,false,טחינה גולמית משומשום טבעי אחווה 500 גרם,אחדות ביתחרושת לטחינה חלבה,,,יח,5,ל 100 גרם,false,1,10.90,2.18,false,1,
7290010328468,false,מארז מיני חלווה אחוה בטעמים 18 יחידות 216 גרם,אחדות ביחר לטחינה חל,,,יח,18,יח,false,1,9.90,0.55,false,1,
7290010328710,false,קצפיות אחווה 180 גר`חדש ללא חזרות*,אחדות ביחר לטחינה חל,,,יח,4,ל 100 גרם,false,1,9.90,2.48,false,1,
7290010328895,false,מאפין בטעם שוקולד45 גרם אחוה,אחדות ביחר לטחינה חל,,,יח,0.45,ל 100 גרם,false,1,1.40,3.11,true,1,
7290010429554,false,"שמן זית כתית מעולה יד מרדכי 2 קלאסי, 750 מ""ל",מכוורת יד מרדכי שטראוס ב,,,יח,7.50,"ל 100 מ""ל",false,1,34.90,4.65,false,1,
7290010471669,false,יוגורט תות עם קורנפלקס מצופה שוקולד ללא גלוטן 3.9%,שטראוס גרופ בעמ/מצונן,,,יח,1.75,"ל 100 מ""ל",false,1,4.50,2.57,false,1,
7290010472307,false,"שמיניית משקה גמדים תות בננה דיסני 108 מ""ל",שטראוס גרופ בעמ/מצונן,,,יח,8,"ל 100 מ""ל",false,1,19.90,2.49,true,1,
7290010472390,false,מארז 8 יחידות מעדן דני בטעם שוקולד 1.5%,שטראוס גרופ בעמ/מצונן,,,יח,1,לליטר,false,1,14.90,14.90,false,1,
7290010502202,false,"קפה טורקי פרימיום וואקום 1 ק""ג",ר.ס חברה ליבוא ויצור,,,יח,10,ל 100 גרם,false,1,39.90,3.99,false,1,
7290010558643,false,שום קונפי 200 גר`,עוזי טעמים של בית,,,יח,2,ל 100 גרם,false,1,22.90,11.45,false,1,
7290010569052,false,"גלידה חלבי 5 טעמים פיסטוק, שוקו, וניל, קרמל,מוקה 2ל'","גלידת שטראוס בע""\מ, רחוב",,,יח,1.80,לליטר,false,1,22.90,12.72,false,1,
7290010617241,false,זוג מוצצים סיליקון אורטודנטיים M,אריסטוקרט מ.ב.ליבוא שווק בעמ,IL,,יח,1,,false,1,17.90,17.90,false,1,
7290010617258,false,מוצץ סיליקון קטן לרך נולד פרח זוגי,אריסטוקרט מ.ב.ליבוא שווק בעמ,IL,,יח,1,,false,1,17.90,17.90,false,1,
7290010627004,false,טחינה גולמית מסורתית ירושלים 500 ג',תה ויסוצקי (ישראל) בעמ,,,יח,5,ל 100 גרם,false,1,14.90,2.98,false,1,
7290010627844,false,טחינה גולמית שומשום מלא ירושלים 500גרם,תה ויסוצקי (ישראל) בעמ,,,יח,5,ל 100 גרם,false,1,14.90,2.98,false,1,
7290010719013,false,"שמן זית כתית מעולה משק אחיה 750 מ""ל",ח.כהן סוכנות מזון ומשקאות בע,,,יח,7.50,"ל 100 מ""ל",false,1,37.90,5.05,true,1,
7290010719020,false,שמן זית מעולה 1ליטר,ח.כהן סוכנות מזון ומשקאות בע,,,יח,10,"ל 100 מ""ל",false,1,47.90,4.79,false,1,
7290010777150,false,שמניית פיתה בריבוע מחיטה מלאה פיתה אקספרס,מגוון שיווק והפצת מאפים בעמ,,,יח,1,יח,false,1,14.90,14.90,false,1,
7290010777242,false,עשיירית פיתה מחמצת פיתה אקספרס,מגוון שיווק והפצת מאפים בעמ,,,יח,1,יח,false,1,15.90,15.90,false,1,
7290010777297,false,פיתות עבודת יד10 יח'/ פיתה ביס לבן 12 יח',מגוון שיווק והפצת מאפים בעמ,,,יח,1,יח,false,1,10.90,10.90,true,1,
7290010777488,false,ביס מקמח מלא מחמצת 99 קלוריות 10 יח`,מגוון שיווק והפצת מאפים בעמ,,,יח,1,יח,false,1,15.90,15.90,false,1,
7290010777525,false,מארז שישייה פיתות כוסמין פיתה אקספרס,מגוון שיווק והפצת מאפים בעמ,,,יח,1,יח,false,1,16.90,16.90,false,1,
7290010922017,false,"אננס קפוא 250 גרם - Shake It - בד""ץ עדה חרדית","הבו-קדו בע""\מn\",,,יח,2.50,ל 100 גרם,false,1,9.90,3.96,true,1,
7290010922819,false,"מלון 250 גרם - Shake It - בד""ץ עדה חרדית","הבו-קדו בע""\מn\",,,יח,2.50,ל 100 גרם,false,1,9.90,3.96,true,1,
7290010922857,false,"מנגו קפוא 250 גרם - Shake It - בד""ץ עדה חרדית","הבו-קדו בע""\מn\",,,יח,2.50,ל 100 גרם,false,1,9.90,3.96,true,1,
7290010922871,false,"טחון בקר 1 ק""ג קפוא אשפר בלדי",בלדי בעמ,,,יח,10,ל 100 גרם,false,1,29.90,2.99,false,1,
7290010922901,false,קבב מזרחי קפוא ארוז אשפר 400 גרם בלדי,"בלדי בע""\מ",,,יח,4,ל 100 גרם,false,1,13.90,3.48,false,1,
7290010922949,false,תות שדה קפוא 250 גרם - Shake It,"הבו-קדו בע""\מn\",,,יח,2.50,ל 100 גרם,false,1,9.90,3.96,true,1,
7290010931330,false,סלט מטבוחה אחלה 500 גרם,שטראוס גרופ בעמ/מצונן,,,יח,5.75,ל 100 גרם,false,1,13.90,2.42,true,1,
7290010945306,false,חלב טרה קרטון 2 ליטר מהדרין*%*3,החברה המרכזית טלהפצת משקאות בע,,,יח,20,לליטר,false,1,12.40,0.62,false,1,
7290010945450,false,גבינה לבנה 3% 250 גר מועשר בסידן וויטמין,*החברה המרכזית להפצת משקאותבעמ,,,יח,2.50,ל 100 גרם,false,1,4.98,1.99,false,1,
7290011017866,false,פחית קולה סליק קוקה-קולה (330 מל),החברה המרכזית להפצת משקאות בעמ,,,יח,3.30,"ל 100 מ""ל",false,1,4.90,1.39,true,1,
7290011017873,false,פחית זירו סליק קוקה-קולה (330 מל),החברה המרכזית להפצת משקאות בעמ,,,יח,3.30,"ל 100 מ""ל",false,1,4.90,1.39,true,1,
7290011018443,false,משקה מוגז אורנג` פאנטה (330 מל),החברה המרכזית להפצת משקאות בעמ,,,יח,3.30,"ל 100 מ""ל",false,1,4.90,1.39,true,1,
7290011026066,false,"ד""ר פישר - סרקל שמפו + מרכך לילדים 1 ליטר","פישר תעשיות פרמצבטיות בע""מ",,,יח,10,"ל 100 מ""ל",false,1,28.90,2.89,false,1,
7290011026523,false,שמפו לתינוק לפני השינה Senstive עם לבנדר וקמומיל,"פישר תעשיות פרמצביטות בע""מ",,,יח,5,"ל 100 מ""ל",false,1,19.90,3.98,false,1,
7290011081492,false,גלידה בטעם שלושה שוקולדים 1.33ל' קרמיסימו,"גלידת שטראוס בע""\מ, רחוב",,,יח,1.33,לליטר,false,1,18.90,14.21,false,1,
7290011090265,false,צנונית ארוזה,"בכורי השדה צפון1994 ג.ד. בע""מ",,,יח,1,,false,1,5.90,5.90,false,1,
7290011115203,false,אל סבון מוצק מבושם בניחוח עדין קלאסיק - מארז רביעיה,החברה הדרומית לשיווק בעמ,,,יח,4,ל 100 גרם,false,1,10.90,2.73,false,1,
7290011115272,false,אל סבון מוצק מועשר בקרם לחות צמחים - מארז רביעיה,החברה הדרומית לשיווק בעמ,,,יח,4,ל 100 גרם,false,1,10.90,2.73,false,1,
7290011126452,false,הגן הקסום תה בטעם קמומיל ונענע ויסוצקי 25 יחידות,תה ויסוצקי (ישראל) בעמ,,,יח,0.3750,ל 100 גרם,false,1,17.90,47.73,true,1,
7290011126469,false,חליטת צמחים וקמומיל הגן הקסום ויסוצקי 25 יחידות,תה ויסוצקי (ישראל) בעמ,,,יח,0.3750,ל 100 גרם,false,1,17.90,47.73,true,1,
7290011126957,false,תה ירוק ארל גריי ויסוצקי 25 יחידות,תה ויסוצקי (ישראל) בעמ,,,יח,0.3750,ל 100 גרם,false,1,22.90,61.07,true,1,
7290011154301,false,ממרח תמרים 450ג ח.סופר טעמי הגליל*,ח.כהן סוכנות מזון ומשקאות בע,,,יח,4.50,ל 100 גרם,false,1,4.90,1.09,false,1,
7290011164171,false,לקקן סודה 15 יח 115 גרם,טעמן שיווק מזון בעמ,,,יח,1.35,ל 100 גרם,false,1,9.90,7.33,false,1,
7290011194215,false,מעדן גבינה ויוגורט בטעם בננה 5% שומן 88 ג' דניאלה,שטראוס גרופ בעמ/מצונן,,,יח,1.50,"ל 100 מ""ל",false,1,3.90,2.60,false,1,
7290011194246,false,קוטג 5% 250 גרם עם סידן שטראוס,שטראוס גרופ בעמ/מצונן,,,יח,2.50,ל 100 גרם,false,1,5.90,2.36,false,1,
7290011249212,false,וופל עלמה בלגי לימון 200 גר' ללא סוכר,ח.כהן סוכנות מזון ומשקאות בע,,,יח,2,ל 100 גרם,false,1,2.90,1.45,true,1,
7290011249748,false,רולים גלילי ופל במילוי קרם שוקולד 100 ג' עלמה,ח.כהן סוכנות מזון ומשקאות בע,,,יח,1,ל 100 גרם,false,1,2.90,2.90,true,1,
7290011249755,false,רולים גלילי ופל במילוי קרם אגוזים 100 ג' עלמה,ח.כהן סוכנות מזון ומשקאות בע,,,יח,1,ל 100 גרם,false,1,2.90,2.90,true,1,
7290011254032,false,קינואה מיה (500 גרם),מיה תעשיות מזון מ.ת.מ. בעמ,,,יח,5,ל 100 גרם,false,1,10.90,2.18,true,1,
7290011254230,false,תן צ'אפ חטיף טבעות מארז 15X10ג',מיה תעשיות מזון מ.ת.מ. בעמ,,,יח,1.20,ל 100 גרם,false,1,8.90,7.42,false,1,
7290011254254,false,נטיפי שוקולד צ'יפס בטעם שוקולד מיה 300 גרם,מיה תעשיות מזון מ.ת.מ. בעמ,,,יח,3,ל 100 גרם,false,1,7.90,2.63,false,1,
7290011254346,false,"קינואה 1 ק""ג מיה בד""צ",מיה תעשיות מזון מ.ת.מ. בעמ,,,יח,10,ל 100 גרם,false,1,14.90,1.49,false,1,
7290011254605,false,תערובת לקדירה לקט חמין מיה 600 גרם,מיה תעשיות מזון מ.ת.מ. בעמ,,,יח,6,ל 100 גרם,false,1,9.90,1.65,false,1,
7290011254698,false,"שמן זית כתית מעולה 750מ""ל בד''ץ",מיה תעשיות מזון מ.ת.מ. בעמ,,,יח,7.50,"ל 100 מ""ל",false,1,27.90,3.72,true,1,
7290011254810,false,סוכריות ג'לילנד דובונים פרי קיץ 125 גרם,מיה תעשיות מזון מ.ת.מ. בעמ,,,יח,1.25,ל 100 גרם,false,1,5.90,4.72,true,1,
7290011378233,false,"חטיפי חלווה בארכה 126 גרם מארז 7 יחידות לל""ס",קבוצת אוסם סחר שותפות מוגבלת,,,יח,1.26,למארז,false,1,10.90,8.65,false,1,
7290011379018,false,מארז משפחתי שמפיניון 500 ג' מרינה,ביכורי השדה צפון 1994 ג.ד. בעמ,,,יח,1,,false,1,14.90,14.90,false,1,
7290011438142,false,"משקה יטבתה אייס קפה בבקבוק אישי 350 מ""ל",שטראוס גרופ בעמ/מצונן,,,יח,3.50,"ל 100 מ""ל",false,1,6.50,1.86,false,1,
7290011447014,false,דייסת סלט פירות מטרנה 200 גרם,קבוצת אוסם סחר שותפות מוגבלת,,,יח,2,ל 100 גרם,false,1,13.90,6.95,false,1,
7290011447120,false,תחליף חלב מטרנה מהדרין ללא שלב חלבי 700 גרם,קבוצת אוסם סחר שותפות מוגבלת,,,יח,7,ל 100 גרם,false,1,52.90,7.56,false,1,
7290011447359,false,תחליף חלב מטרנה מהדרין שלב 1 חלבי 700 גרם,קבוצת אוסם סחר שותפות מוגבלת,,,יח,7,ל 100 גרם,false,1,53.90,7.70,false,1,
7290011447373,false,תחליף חלב מטרנה מהדרין שלב 2 חלבי 700 גרם,קבוצת אוסם סחר שותפות מוגבלת,,,יח,7,ל 100 גרם,false,1,53.90,7.70,false,1,
7290011489595,false,קרקר טופז שומשום 110 גרם הדר*,ח.כהן סוכנות מזון ומשקאות בע,,,יח,1,ל 100 גרם,false,1,2.80,2.80,true,1,
7290011489694,false,פירורי ביסקוויט בטעם וניל 300 ג`הדר,ח.כהן סוכנות מזון ומשקאות בע,,,יח,3,ל 100 גרם,false,1,5.90,1.97,false,1,
7290011489700,false,פירורי ביסקוויט בטעם שוקו 300 ג`הדר,ח.כהן סוכנות מזון ומשקאות בע,,,יח,3,ל 100 גרם,false,1,5.90,1.97,false,1,
7290011499365,false,גבינת חלומי 24% מחלב בקר גד (200 גרם),מחלבות גד שיווק 1992 בעמ,,,יח,2,ל 100 גרם,false,1,19.90,9.95,false,1,
7290011514273,false,מתקן לסבון וואקום ע. הבית,עולם הבית שיווק והפצה בעמ,,,יח,1,,false,1,8.90,8.90,false,1,
7290011518561,false,"אקטימל תות 1.51 ק""ג מארז 14 יחידות",שטראוס גרופ בעמ/מצונן,,,יח,1.40,לליטר,false,1,29.90,21.36,false,1,
7290011524548,false,גרגרי חומוס מוקפאים 800 גר`פרי גליל,ויטה -פרי גליל (החדשה) בעמ,,,יח,8,ל 100 גרם,false,1,9.90,1.24,false,1,
7290011524555,false,שעועית לבנה מבושלת קפוא 800 גר`פרי גליל,ויטה -פרי גליל (החדשה) בעמ,,,יח,8,ל 100 גרם,false,1,9.90,1.24,false,1,
7290011524968,false,פולי סויה מוקפאים Green & Fresh,ויטה-פרי גליל (החדשה) בעמ,,,יח,10,ל 100 גרם,false,1,14.90,1.49,false,1,
7290011598211,false,"סנו - אנטי קאלק מרסס ניקוי כללי 4 ב-1 700 מ""ל",החברה הדרומית לשיווק בעמ,,,יח,7,"ל 100 מ""ל",false,1,17.90,2.56,false,1,
7290011598259,false,"פרש מטהר אוויר אוטומטי בניחוח מאסק סנו 250 מ""ל",החברה הדרומית לשיווק בעמ,,,יח,2.50,"ל 100 מ""ל",false,1,13.90,5.56,false,1,
7290011598402,false,מקסימה מרכך כביסה ארומתרפי מאסק סנו 4 ליטר,החברה הדרומית לשיווק בעמ,,,יח,40,"ל 100 מ""ל",false,1,21.90,0.55,false,1,
7290011765392,false,"בוב ספוג שמפו לשיער לסירוק קל כיף 750 מ""ל",החברה הדרומית לשיווק בעמ,,,יח,7.50,"ל 100 מ""ל",false,1,10.90,1.45,false,1,
7290011765422,false,אל סבון מועשר בלחות ותמצית קמומיל - בוב ספוג,החברה הדרומית לשיווק בעמ,,,יח,7.50,"ל 100 מ""ל",false,1,10.90,1.45,false,1,
7290011800840,false,רפי כהן סלט טחינה בלאדי צבר 400 גרם,קבוצת אוסם סחר שותפות מוגבלת,,,יח,1,,false,1,15.90,15.90,true,1,
7290011860271,false,ביסבול כדורי פירה מתפוחי אדמה תפוגן 700 גרם,קבוצת אוסם סחר שותפות מוגבלת,,,יח,7,ל 100 גרם,false,1,15.90,2.27,false,1,
7290011877866,false,"מקסימה אבקת כביסה בניחוח מאסק סנו 6 ק""ג",החברה הדרומית לשיווק בעמ,,,יח,60,ל 100 גרם,false,1,45.90,0.77,false,1,
7290012071003,false,"ד""ר פישר - קמיל בלו משחה לתינוק 200 גרם","פישר תעשיות פרמצביטות בע""מ",,,יח,2,ל 100 גרם,false,1,19.90,9.95,false,1,
7290012116551,false,אנטי קאלק נוזל לניקוי כללי סנו 2 ליטר,החברה הדרומית לשיווק בעמ,,,יח,20,"ל 100 מ""ל",false,1,18.90,0.95,false,1,
7290012228407,false,"נקניקיות ג'מבו מחפוד זוגלובק 1.5 ק""ג",זוגלובק שיווק בעמ,,,יח,1.50,"לק""ג",false,1,32.90,21.93,true,1,
7290012295034,false,בזיליקום ארוז ברכת קטיף,ביכורי השדה צפון 1994 ג.ד. בעמ,,,יח,1,,false,1,8.90,8.90,false,1,
7290012313165,false,"שמן זית חזק כתית 750 מ""ל",קבוצת יבנה מוצרי מזון,,,יח,7.50,ל 100 גרם,false,1,34.90,4.65,false,1,
7290012413643,false,תה ירוק קמומיל 25 שקיקים ויסוצקי,תה ויסוצקי (ישראל) בעמ,,,יח,0.3750,ל 100 גרם,false,1,22.90,61.07,true,1,
7290012439100,false,ביסקוויט אותיות רזיט 200 גרם,הגביע מוצרי וופלים בעמ,,,יח,2,ל 100 גרם,false,1,4.20,2.10,false,1,
7290012483608,false,"אורז בסגנון בסמטי מובחר 5ק""ג DAWAT",ג.וילי-פוד אינטרנשיונל בעמ,,,יח,5,"לק""ג",false,1,54.90,10.98,false,1,
7290012864025,false,נבטי אלפא אלפא ארוז א.אדמה,"בכורי השדה צפון1994 ג.ד. בע""מ",,,יח,1,,false,1,7.90,7.90,false,1,
7290012864155,false,מיקס נבטים נבטי העמק,ביכורי השדה צפון 1994 ג.ד. בעמ,,,"לק""ג",1,,false,1,15,15,false,1,
7290012884986,false,צ`יפס לתנור עד 4% שומן תפוגן (1.5 קג),קבוצת אוסם סחר שותפות מוגבלת,,,יח,1.50,"לק""ג",false,1,24.90,16.60,false,1,
7290012938740,false,משחת שיניים סנסודיין פרש מינט מנטה 75 מל,גלקסו סמית קליין,,,יח,0.75,ל 100 גרם,false,1,21.90,29.20,true,1,
7290013027368,false,זוג לחמניות עטופות אנג'ל,שלמה א.אנג ל בעמ,,,יח,1,,false,1,3.60,3.60,false,1,
7290013144232,false,מיימונס פודינג בטעם וניל 80 גרם,א.ל. ייצור ושיווק תבלינים בע`מ,,,יח,0.85,ל 100 גרם,false,1,4.90,5.76,true,1,
7290013144751,false,סירופ בטעם מייפל מימונס 500 גרם,א.ל. ייצור ושיווק תבלינים בע`מ,,,יח,5,ל 100 גרם,false,1,13.90,2.78,true,1,
7290013144768,false,סירופ בטעם שוקולד מימונס 500 גרם,א.ל. ייצור ושיווק תבלינים בע`מ,,,יח,5,ל 100 גרם,false,1,12.90,2.58,true,1,
7290013144812,false,אבקת אייס קפה וניל 320 גרם מימונס,א.ל. ייצור ושיווק תבלינים בע`מ,,,יח,3.20,ל 100 גרם,false,1,18.90,5.91,true,1,
7290013145277,false,עלים לקרמשניט מימונס 300 גרם,א.ל.ייצור ושיווק תבלינים בעמ,,,יח,3,ל 100 גרם,false,1,15.90,5.30,false,1,
7290013145826,false,פודניג בטעם וניל לבן במיוחד מימונס 80 ג',א.ל. ייצור ושיווק תבלינים בע`מ,,,יח,0.80,ל 100 גרם,false,1,4.90,6.13,true,1,
7290013145956,false,שמרים יבשים בוואקום מיימונס 500 גרם,א.ל. ייצור ושיווק תבלינים בע`מ,,,יח,5,ל 100 גרם,false,1,12.90,2.58,false,1,
7290013145963,false,שמרים יבשים בוואקום מיימונס 125 גרם,א.ל. ייצור ושיווק תבלינים בע`מ,,,יח,1.25,ל 100 גרם,false,1,5.50,4.40,false,1,
7290013146045,false,םמימונס מלית תות שדה 400 גר,א.ל ייצור ושיווק תבלינים בעמ,,,יח,1,,false,1,15.90,15.90,true,1,
7290013146083,false,מיימונס מלית חלבה 400 גרם,א.ל ייצור ושיווק תבלינים בעמ,,,יח,4,ל 100 גרם,false,1,13.90,3.48,false,1,
7290013146267,false,"פודינג בטעם וניל שקית מימונס 1 ק""ג",א.ל ייצור ושיווק תבלינים בעמ,,,יח,1,"לק""ג",false,1,21.90,21.90,false,1,
7290013146403,false,סירופ בטעם קרמל מלוח מימונס 500 גרם,א.ל ייצור ושיווק תבלינים בעמ,,,יח,5,ל 100 גרם,false,1,16.90,3.38,false,1,
7290013146663,false,אטריות צבעוניות לקישוט מימונס 55 גרם,א.ל ייצור ושיווק תבלינים בעמ,,,יח,6,ל 100 גרם,false,1,11.90,1.98,true,1,
7290013146816,false,אבקת סוכר שקית 500 מימונס,א.ל ייצור ושיווק תבלינים בעמ,,,יח,2,ל 100 גרם,false,1,6.90,3.45,true,1,
7290013153418,false,מיץ סחוט טרי 1ל לימונענע פרי גת,החברה המרכזית טלהפצת משקאות בע,,,יח,1,לליטר,false,1,17.90,17.90,true,1,
7290013215017,false,פטריות זוגות חוות השמפניון,ביכורי השדה צפון 1994 ג.ד. בעמ,,,יח,1,,false,1,14.90,14.90,false,1,
7290013268242,false,תרכיז ריחני לניקוי רצפות בריח מלון מפנק ריצפז פרש,החברה הדרומית לשיווק בעמ,,,יח,20,"ל 100 מ""ל",false,1,19.90,1,false,1,
7290013268914,false,סנו מקסימה ג'ל כביסה סמארט 3 ל',החברה הדרומית לשיווק בעמ,,,יח,3,לליטר,false,1,34.90,11.63,false,1,
7290013269621,false,ריצפז פרש לניקוי רצפות בניחוח מלון בוטיק,החברה הדרומית לשיווק בעמ,,,יח,20,"ל 100 מ""ל",false,1,19.90,1,false,1,
7290013269669,false,ריצפז בניחוח פנטזיה לניקוי הרצפה,החברה הדרומית לשיווק בעמ,,,יח,3,לליטר,false,1,12.90,4.30,false,1,
7290013269751,false,מטליות לחותריצפז פרש לניקוי ריצפה בניחות מלון בוטיק 10 יח' סנו,החברה הדרומית לשיווק בעמ,,,יח,1,,false,1,11.90,11.90,false,1,
7290013284310,false,רוטב פסטה לילדים פריניר 240 גרם,ח.כהן סוכנות מזון ומשקאות בע,,,יח,2.40,ל 100 גרם,false,1,5.50,2.29,false,1,
7290013284662,false,רוטב פיצה פיתה לילדים 240 ג' פריניר,ח.כהן סוכנות מזון ומשקאות בע,,,יח,2.40,ל 100 גרם,false,1,5.50,2.29,false,1,
7290013358417,false,מאסטר שף אסייאתי רוטב טריאקי 300 מל כשלפ,קריניציה ויטמינה אס,,,יח,3,"ל 100 מ""ל",false,1,14.50,4.83,false,1,
7290013358806,false,מנה מאגדת פריכיות אורז עם מלח 264 גרם,ש. שסטוביץ בע`מ,,,יח,2.64,ל 100 גרם,false,1,12,4.55,false,1,
7290013381330,false,אלף מפיץ ריח זוגות,נאמן לאורך זמן בעמ,,,יח,2,ל 100 גרם,false,1,17.90,8.95,false,1,
7290013453624,false,דני וגלית עוגיות שוקולדצ'יפס מקמח שקדים וקמח אורז מלא 230 גרם,י.איטליאנו אחזקות בעמ,,,יח,2.30,ל 100 גרם,false,1,25.90,11.26,false,1,
7290013453655,false,עוגיות קוקוס ולוז מקמח שקדים וקמח אורז מלא,י.איטליאנו אחזקות בעמ,,,יח,2.30,ל 100 גרם,false,1,25.90,11.26,false,1,
7290013525789,false,אריסה מרוקאית 150 גר' שמיר,"סלטי שמיר 2006 בע""מ",,,יח,1.50,ל 100 גרם,false,1,9.90,6.60,false,1,
7290013525819,false,סלט שום כתוש שמיר 15,"סלטי שמיר 2006 בע""מ",,,יח,1.50,ל 100 גרם,false,1,9.90,6.60,false,1,
7290013579553,false,"אלוורה קפואה 250 גרם - I6 - בד""ץ עדה חרדית","הבו-קדו בע""\מn\",,,יח,2.50,ל 100 גרם,false,1,9.90,3.96,true,1,
7290013585233,false,"ספרייט זירו פחית סליק 330 מ""ל",החברה המרכזית להפצת משקאות בעמ,,,יח,3.30,"ל 100 מ""ל",false,1,4.90,1.39,true,1,
7290013585387,false,בקבוק זירו קוקה-קולה (1 ליטר),החברה המרכזית להפצת משקאות בעמ,,,יח,10,"ל 100 מ""ל",false,1,7.50,0.72,true,1,
7290013585394,false,בקבוק קוקה-קולה (1 ליטר),החברה המרכזית להפצת משקאות בעמ,,,יח,10,"ל 100 מ""ל",false,1,7.50,0.72,true,1,
7290013608260,false,מיץ רימונים 100%מיץ סחוט טרי מצונן 1ליט,שטראוס גרופ בעמ/מצונן,,,יח,1,"ל 100 מ""ל",false,1,21.90,21.90,false,1,
7290013675194,false,שניצל אמיתי ביתי ללא גלוטן מאמא עוף 700 גרם,תנובה מרכז שיתופי לשיווק תוצרת,,,יח,7,ל 100 גרם,false,1,29.90,4.27,false,1,
7290013677396,false,סוכריות ג'לי טבעי חמוץ מוץ,מיה תעשיות מזון מ.ת.מ בעמ,,,יח,0.25,ל 100 גרם,false,1,1.20,4.80,false,1,
7290013677648,false,שמן זית למאור מיה 1 ליטר,מיה תעשיות מזון מ.ת.מ. בעמ,,,יח,10,"ל 100 מ""ל",false,1,15.90,1.59,false,1,
7290013847492,false,"סאטרקיסט במים 140ג שישיות בד""ץ*",דיפלומט מפיצים #,,,יח,1.40,ל 100 גרם,false,1,29.90,21.36,false,1,
7290013906694,false,נקניקיות שקית קילו וחצי טירת צבי,תנובה מרכז שיתופי לשיווק תוצרת,,,יח,15,ל 100 גרם,false,1,33.90,2.26,false,1,
7290013906700,false,"נקניקיות הודו טירת צבי כשרות הרב מחפוד 1.5 ק""ג",תנובה מרכז שיתופי לשיווק תוצרת,,,"לק""ג",15,ל 100 גרם,true,1,29.90,1.99,false,1,
7290013906991,false,סלמי מהדרין 400 גרם מחפוד טירת צבי,טיב טירת צבי 2000,,,יח,4,ל 100 גרם,false,1,19.90,4.98,false,1,
7290013927996,false,עוגת שמרים קרנץ בטעם שוקולד אחוה 400 גרם,אחדות ביחר לטחינה חל,,,יח,4,ל 100 גרם,false,1,10.90,2.73,false,1,
7290014002128,false,תה ירוק לימונית ומנטה 25 שקיקים ויסוצקי,תה ויסוצקי (ישראל)בעמ,,,יח,0.3750,ל 100 גרם,false,1,22.90,61.07,true,1,
7290014002197,false,חליטת קמומיל ולימונית הגן הקסום ויסוצקי 25 יחידות,תה ויסוצקי (ישראל) בעמ,,,יח,0.75,ל 100 גרם,false,1,17.90,23.87,true,1,
7290014002203,false,חליטת לימונית ולואיזה הגן הקסום ויסוצקי 25 יחידות,תה ויסוצקי (ישראל) בעמ,,,יח,0.75,ל 100 גרם,false,1,17.90,23.87,true,1,
7290014002982,false,תה ירוק לימונית ולואיזה ויסוצקי 25 יחידות תוספת סטיביה,תה ויסוצקי (ישראל) בעמ,,,יח,0.50,ל 100 גרם,false,1,22.90,45.80,true,1,
7290014205000,false,צלחות גדולות 50 יחידות,ח.כהן סוכנות מזון ומשקאות בע,,,יח,50,יח,false,1,12.90,0.26,true,1,
7290014205017,false,צלחות קטנות שווה 50 יחידות,ח.כהן סוכנות מזון ומשקאות בע,,,יח,50,יח,false,1,8.90,0.18,true,1,
7290014205024,false,"קעריות אובלי ח""פ לבן 25 יח!",ח.כהן סוכנות מזון ומשקאות בע,,,יח,25,יח,false,1,4.90,0.20,true,1,
7290014205031,false,"לפתניה לבן 25 יח ""שווה"" *",ח.כהן סוכנות מזון ומשקאות בע,,,יח,1,יח,false,1,3.90,3.90,true,1,
7290014205048,false,disposable plastic 17 cm soup plate 25,ח.כהן סוכנות מזון ומשקאות בע,,,יח,25,יח,false,1,8.90,0.36,true,1,
7290014205055,false,"צלחת עמוקה""שווה""30יח לבן",ח.כהן סוכנות מזון ומשקאות בע,,,יח,1,יח,false,1,12.90,12.90,true,1,
7290014205062,false,"כוסות ח""פ פלסטיק 100""שווה"".",ח.כהן סוכנות מזון ומשקאות בע,,,יח,1,יח,false,1,7.90,7.90,true,1,
7290014205116,false,כוסות שקוף שמש 140יח שווה,ח.כהן סוכנות מזון ומשקאות בע,,,יח,1,יח,false,25,13.90,13.90,false,1,
7290014205130,false,צלחות גדול קרם / לבן/ בורדו/ זהב 25 יח,ח.כהן סוכנות מזון ומשקאות בע,,,יח,1,יח,false,1,10.90,10.90,true,1,
7290014205147,false,"צלחת קטן צבעוני 25 יח ""שווה"" *",ח.כהן סוכנות מזון ומשקאות בע,,,יח,1,יח,false,1,7.90,7.90,true,1,
7290014205154,false,קעריות אובלי קרם /בורדו זהב 25 יח,ח.כהן סוכנות מזון ומשקאות בע,,,יח,1,יח,false,1,5.90,5.90,true,1,
7290014205161,false,disposable plastic 12.5 cm compote plate,ח.כהן סוכנות מזון ומשקאות בע,,,יח,1,יח,false,1,4.90,4.90,true,1,
7290014205178,false,"מרקיה צבעוני ""שווה"" 25יח",ח.כהן סוכנות מזון ומשקאות בע,,,יח,1,יח,false,1,7.90,7.90,true,1,
7290014205185,false,"צלחת ענק צבעוני 25 יח ""שווה "" *",ח.כהן סוכנות מזון ומשקאות בע,,,יח,1,יח,false,1,16.90,16.90,true,1,
7290014205208,false,סכינים שקוףשווה צבעוני 50 יחידות יצרןמותג: חכהן,ח.כהן סוכנות מזון ומשקאות בע,,,יח,1,יח,false,1,9.90,9.90,true,1,
7290014205215,false,כפות שקוףשווה צבעוני 50 יחידות יצרןמותג: חכהן.,ח.כהן סוכנות מזון ומשקאות בע,,,יח,1,יח,false,1,9.90,9.90,true,1,
7290014205413,false,מגש מחולק 4 תאים שווה* שווה *,ח.כהן סוכנות מזון ומשקאות בע,,,יח,1,יח,false,1,6.90,6.90,false,1,
7290014205604,false,"פחם 2 ק""ג""שווה"" דרום אמריקאי משובח",ח.כהן סוכנות מזון ומשקאות בע,,,יח,2,"לק""ג",false,1,18.90,9.45,false,1,
7290014205659,false,"לבבות דקל שלם 400ג ""שווה"" *",ח.כהן סוכנות מזון ומשקאות בע,,,יח,4,ל 100 גרם,false,1,9.90,2.48,true,1,
7290014205666,false,"לבבות דקל חתוך 400ג ""שווה"" *",ח.כהן סוכנות מזון ומשקאות בע,,,יח,4,ל 100 גרם,false,24,8.90,2.23,false,1,
7290014205697,false,אננס חתוך 565 גר` A2 שווה * (24 בקרטו,ח.כהן סוכנות מזון ומשקאות בע,,,יח,6,ל 100 גרם,false,24,6.90,1.15,true,1,
7290014205796,false,"שקיות מזון זוג בקופסה 150*2 יח ""שווה""*",ח.כהן סוכנות מזון ומשקאות בע,,,יח,2,יח,false,20,13.90,6.95,true,1,
7290014205826,false,שקיות אשפה ירוק 52/65 שרוך שווה 50יח,ח.כהן סוכנות מזון ומשקאות בע,,,יח,1,יח,false,1,12.90,12.90,true,1,
7290014205840,false,"שקיות אשפה 52/65 עם שרון""שווה""",ח.כהן סוכנות מזון ומשקאות בע,,,יח,1,יח,false,1,6.90,6.90,true,1,
7290014206267,false,מפיות מוטבעות 15יח 3 שכבות שווה*,ח.כהן סוכנות מזון ומשקאות בע,,,יח,15,יח,false,12,5.90,0.39,true,1,
7290014206489,false,מפת שולחן אלבד מוטבעת שווה*,ח.כהן סוכנות מזון ומשקאות בע,,,יח,1,יח,false,24,7.90,7.90,true,1,
7290014206502,false,"שקיות אוכל בשקית 200 יח""שווה"" *",ח.כהן סוכנות מזון ומשקאות בע,,,יח,200,יח,false,1,3.50,0.02,false,1,
7290014206519,false,"שקיות הקפאה בשקית 200 יח ""שווה"" *",ח.כהן סוכנות מזון ומשקאות בע,,,יח,200,יח,false,40,6.90,0.03,true,1,
7290014206526,false,שקיות מזון מרשרש 150יח *3+מדבקות שווה,ח.כהן סוכנות מזון ומשקאות בע,,,יח,450,יח,false,20,13.90,0.03,false,1,
7290014206885,false,אנשובי ארוך בפח בשמן חמניות 77ג שווה,ח.כהן סוכנות מזון ומשקאות בע,,,יח,0.46,,false,1,4.90,10.65,false,1,
7290014206892,false,אנשובי צנצנת 100 ג` שמן חמניות שווה*,ח.כהן סוכנות מזון ומשקאות בע,,,יח,1,ל 100 גרם,false,12,9.90,9.90,true,1,
7290014215962,false,פילה סלמון פרוס,מאסטרפוד בעמ,,,"לק""ג",10,ל 100 גרם,true,1,89.90,8.99,false,1,
7290014218505,false,"שלישית פיצות בחבק 3 יח`מעדנות 1.08 ק""",תנובה ענף ב.ע.ד,,,ל 100 גרם,10.80,ל 100 גרם,false,1,29.90,2.77,false,1,
7290014218932,false,חטיפי פיצה בתוספ זיתים בשקית מעדנות 710 גרם,מיוצר עי קונדיטוריית,,,יח,7.10,ל 100 גרם,false,1,27.90,3.93,true,1,
7290014258716,false,תרכובת מזון צמחי על בסיס חלבון סויה מגיל לידה,קבוצת אוסם סחר שותפות מוגבלת,,,יח,7,ל 100 גרם,false,1,49.90,7.13,false,1,
7290014258723,false,תרכובת מזון צמחי לתינוקות מגיל 0 עד גיל שנה,קבוצת אוסם סחר שותפות מוגבלת,,,יח,7,ל 100 גרם,false,1,59.90,8.56,false,1,
7290014258730,false,תרכובת מזון צמחי לתינוקות מגיל 12 חודשים ואילך,קבוצת אוסם סחר שותפות מוגבלת,,,יח,7,ל 100 גרם,false,1,59.90,8.56,false,1,
7290014288058,false,"להבונים 50 שקית ""שווה""",ח.כהן סוכנות מזון ומשקאות בע,,,יח,50,יח,false,1,8.90,0.18,false,1,
7290014288119,false,"ממרקות מתכת 4 יח ""שווה"" *",ח.כהן סוכנות מזון ומשקאות בע,,,יח,1,למארז,false,1,4.90,4.90,false,1,
7290014288331,false,נודלס HOT CUP טעם עוף 60ג שווה*,ח.כהן סוכנות מזון ומשקאות בע,,,יח,1,יח,false,1,3.90,3.90,true,1,
7290014288355,false,נודלס HOT CUP טעם בקר 60ג שווה*,ח.כהן סוכנות מזון ומשקאות בע,,,יח,1,יח,false,1,3.90,3.90,true,1,
7290014288461,false,נר נשמה שווה 24 שעות,ח.כהן סוכנות מזון ומשקאות בע,,,יח,1,יח,false,1,1.90,1.90,true,1,
7290014288584,false,נייר אפיה 50 יחידות איכותי שווה*,ח.כהן סוכנות מזון ומשקאות בע,,,יח,1,למארז,false,1,7.90,7.90,false,1,
7290014288614,false,רדיד אלומיניום קצר כוכבים גבוה/עבה 16M,ח.כהן סוכנות מזון ומשקאות בע,,,יח,1,יח,false,1,16.90,16.90,true,1,
7290014288621,false,רדיד אלומיניום כוכבים ארוך 30/45 שווה*,ח.כהן סוכנות מזון ומשקאות בע,,,יח,1,יח,false,1,24.90,24.90,false,1,
7290014288683,false,מגש אובלי ענק 20יח שווה,ח.כהן סוכנות מזון ומשקאות בע,,,יח,20,יח,false,1,17.90,0.90,false,1,
7290014288706,false,קערת סלט ענקית צבעוני 10 יח` שווה*,ח.כהן סוכנות מזון ומשקאות בע,,,יח,10,יח,false,1,9.90,0.99,true,1,
7290014288720,false,כוסות וודקה 350CC שווה,ח.כהן סוכנות מזון ומשקאות בע,,,יח,1,יח,false,1,7.90,7.90,false,1,
7290014288737,false,"כוסות חד פעמי מעוטרות 40יח 285מ""ל שווה",ח.כהן סוכנות מזון ומשקאות בע,,,יח,1,יח,false,1,11.90,11.90,true,1,
7290014288980,false,נייר טישו חמישיה (10 יח בקרטון) שווה*,ח.כהן סוכנות מזון ומשקאות בע,,,יח,1,למארז,false,1,9.90,9.90,true,1,
7290014325036,false,סוכריות ג'לי עטופות שמחות מיה 600 גרם,מיה תעשיות מזון מ.ת.מ. בעמ,,,יח,6,ל 100 גרם,false,1,11,1.83,false,1,
7290014325043,false,פודינג בטעם וניל 1 קג מיה,מיה תעשיות מזון מ.ת.מ. בעמ,,,יח,10,ל 100 גרם,false,1,14.90,1.49,true,1,
7290014325050,false,קורנפלור 500 גר` מיה ג.,מיה תעשיות מזון מ.ת.מ. בעמ,,,יח,5,ל 100 גרם,false,1,5.90,1.18,true,1,
7290014356078,false,"פסטה פנה 500 ג""שדות"" * (20 בקר`)",האחים אגא (א.מ)שיווק בעמ,,,יח,5,ל 100 גרם,false,1,3.90,0.78,true,1,
7290014356085,false,"פסטה מסולסלת 500 ג""שדות"" (20 בקרטון)",האחים אגא (א.מ)שיווק בעמ,,,יח,5,ל 100 גרם,false,1,3.90,0.78,true,1,
7290014356535,false,"פסטה פרפרים 500 ג""שדות"" (20 בקרטון)",האחים אגא (א.מ)שיווק בעמ,,,יח,5,ל 100 גרם,false,1,3.90,0.78,true,1,
7290014397170,false,"פרש מיכל מילוי אוטומטיק סופט בלאנס 250 מ""ל סנו",החברה הדרומית לשיווק בעמ,,,יח,2.50,"ל 100 מ""ל",false,1,13.90,5.56,false,1,
7290014397279,false,שקיות מזון גדולות XL סנו סושי 300 יחידות,החברה הדרומית לשיווק בעמ,,,יח,1,,false,1,11.90,11.90,false,1,
7290014397514,false,"מבשם אויר סנו פרש הום בניחוח כותנה מלטפת 350 מ""ל",החברה הדרומית לשיווק בעמ,,,יח,3.50,ל 100 גרם,false,1,10.90,3.11,false,1,
7290014397675,false,מקסימה מרכך כביסה חלב ודבש סנו 4 ליטר,החברה הדרומית לשיווק בעמ,,,יח,40,לליטר,false,1,21.90,0.55,false,1,
7290014397774,false,ריצפז פרש הום טבע רענן 2ל לרצפה,החברה הדרומית לשיווק בעמ,,,יח,20,"ל 100 מ""ל",false,1,19.90,1,false,1,
7290014397781,false,סנו ריצפז פרש הום 2 ליטר בניחוח סבון,החברה הדרומית לשיווק בעמ,,,יח,2,לליטר,false,1,19.90,9.95,false,1,
7290014397873,false,מרכך כביסה בבישום עוצמתי ג'נטל בריז,החברה הדרומית לשיווק בעמ,,,יח,40,"ל 100 מ""ל",false,1,21.90,0.55,false,1,
7290014435803,false,מטיאס הולנדי (פרובנציאל) עם בצל בשמן 180 גרם,שבעת הימים - שמיר,,,יח,2,ל 100 גרם,false,1,18.90,9.45,false,1,
7290014435810,false,נתחי הרינג כבוש עם בצל במרינת חמוץ מתוק שמיר 220 גרם,"סלטי שמיר 2006 בע""מ",,,יח,2,ל 100 גרם,false,1,18.90,9.45,false,1,
7290014435841,false,פילה הרינג עם בצל בשמן מטיאס הולנדי שמיר 200 גרם,סלטי שמיר 2006 בעמ,,,יח,2,ל 100 גרם,false,1,18.90,9.45,false,1,
7290014459137,false,"תפוגן סטייק צ'יפס 1.5 ק""ג אסם",קבוצת אוסם סחר שותפות מוגבלת,,,יח,15,ל 100 גרם,false,1,23.90,1.59,false,1,
7290014459373,false,"צ'יפס קראנצ'י לתנור קפוא תפוגן 1.5ק""ג",קבוצת אוסם סחר שותפות מוגבלת,,,יח,1.50,"לק""ג",false,1,23.90,15.93,false,1,
7290014459632,false,"צ'יפס טוגן תפוגן 1.5 ק""ג",קבוצת אוסם סחר שותפות מוגבלת,,,יח,1.50,"לק""ג",false,1,15.90,10.60,false,1,
7290014466890,false,"יין גמלא השמורה קברנה מרלו 2020 750 מ""ל",היכל היין שקד גולן בעמ,,,יח,0,יח,false,1,63.90,63.90,true,1,
7290014525665,false,מרבה על חלל עוגיות קקאו וסוכריות שוק חלב 140 יח',ש.שסטוביץ בעמ,,,יח,1.40,ל 100 גרם,false,1,8.90,6.36,false,1,
7290014600300,false,גלילית כיבודים אגוזים 100ג הגביע*,הגביע מוצרי וופלים בעמ,,,יח,1,ל 100 גרם,false,1,3.30,3.30,true,1,
7290014600430,false,קרקר עגול 200 ג' גלילית,הגביע מוצרי וופלים בעמ,,,יח,2.25,ל 100 גרם,false,1,3.90,1.73,false,1,
7290014603028,false,שלגון סולרו שרבט תות-חלבי,"מיוצר ע""י גלידת שטרא",,,יח,0.76,ל 100 גרם,false,1,6.90,9.08,true,1,
7290014674004,false,קריספ פירורי לחם שומשום ומלח ים 300 גרם מיימונס,א.ל ייצור ושיווק תבלינים בעמ,,,יח,3,ל 100 גרם,false,1,7.90,2.63,true,1,
7290014749764,false,עוף טוב שניצל עוף ביתי עדין כזה 700 גרם,קבוצת אוסם סחר שותפות מוגבלת,,,יח,7,ל 100 גרם,false,1,44.90,6.41,true,1,
7290014758100,false,מאגדת יוגורט ביו 3% שומן 8 יח' *150ג' תנובה,מיוצר עי קונדיטוריית,,,יח,10,ל 100 גרם,false,1,16.10,1.61,false,1,
7290014758681,false,גבינת קוטג`1% בגביע תנובה (250 גרם),מיוצר עי קונדיטוריית,,,יח,2.50,ל 100 גרם,false,1,5.50,2.20,false,1,
7290014759084,false,גבינת שמנת נפוליאון 16% מופחת שומן תנובה 225 גרם,תנובה מרכז שיתופי לש,,,יח,2.25,ל 100 גרם,false,1,12.90,5.73,false,1,
7290014760448,false,גבינה צהובה גלבוע 400 גרם 22% שומן תנובה,מחלבת בית יצחק,,,יח,1,,false,1,23.90,23.90,false,1,
7290014761018,false,גיל בטעם וניל תנובה 125 גרם,תנובה מרכז שיתופי לש,,,יח,1.25,"ל 100 מ""ל",false,1,1.40,1.12,false,1,
7290014761056,false,מעדן שוקולד חלב יולו תנובה 123 גרם,מיוצר עי קונדיטוריית,,,יח,1.23,ל 100 גרם,false,1,4.20,3.41,false,1,
7290014761070,false,מעדן שוקולד לבן יולו תנובה 123 גרם,מיוצר עי קונדיטוריית,,,יח,1.23,ל 100 גרם,false,1,4.20,3.41,false,1,
7290014761193,false,יוגורט עם פירות יער 1.5% שומן 125 ג' פרילי,תנובה מרכז שיתופי לש,,,יח,5,"ל 100 מ""ל",false,1,3.40,0.68,false,1,
7290014761414,false,יולו מעדן שכבות שוקולד חלב ולבן 123 גר,מיוצר עי קונדיטוריית,,,יח,1.23,ל 100 גרם,false,1,4.20,3.41,false,1,
7290014761698,false,"גבינת עמק 28% סמי חצי קשה 600 גרם בד""ץ",תנובה מרכז שיתופי לש,,,ל 100 גרם,6,ל 100 גרם,false,1,31,5.17,false,1,
7290014762756,false,גבינת שמנת נפוליאון 16% עם בצל תנובה 225 גרם,תנובה - חלב,,,יח,2.25,ל 100 גרם,false,1,12.90,5.73,false,1,
7290014762831,false,גבינת שמנת נפוליאון 16% עם פלפל חלפיניו תנובה 225 גרם,תנובה מרכז שיתופי לש,,,יח,2.25,ל 100 גרם,false,1,12.90,5.73,false,1,
7290014762909,false,פתיתי מוצרלה השף הלבן 10% תוספת מתנה,"תנובה, מחלבת תל יוסף",,,יח,2,ל 100 גרם,false,1,15.90,7.95,false,1,
7290014763272,false,יוגורט סויה BIO לשתיה תות ובננה אלטרנטיב,תות תעשיות מזון (201,,,יח,2.50,ל 100 גרם,false,1,5.30,2.12,false,1,
7290014791091,false,"שוופס מוגז פירות לימונייד 500 מ""ל",יפאורה - שותפות מוגבלת לשיווק,,,יח,5,"ל 100 מ""ל",false,1,4.90,0.92,true,1,
7290014791626,false,"שוופס סודה נענע ליים 250 מ""ל זכוכית",יפאורה שותפות מוגבלת לשיווק,,,יח,2.50,"ל 100 מ""ל",false,1,3.60,1.32,true,1,
7290014803503,false,רוטב פלפל אדום חריף 100 מ`ל,נאמן לאורך זמן בעמ,,,יח,1,"ל 100 מ""ל",false,1,7.90,7.90,false,1,
7290014803961,false,ספוג מסאג`+ חוט צבעוני,נאמן לאורך זמן בעמ,,,יח,1,,false,1,7.90,7.90,false,1,
7290014855434,false,מגבונים בייביסיטר פרפורמנס מבושם רביעיה,בייביסיטר Babysitter,,,יח,1,,false,1,16.90,16.90,true,1,
7290014855458,false,מגבוני בייביסיטר פרפורמנס ללא בישום מארז 72X4יח',בייביסיטר Babysitter,,,יח,1,,false,1,16.90,16.90,true,1,
7290014940901,false,לחם פשוט מלא לילדים פרוס אנג`ל (750 גרם),מאפיית שלמה א. אנג'\ל בע,,,יח,7.50,ל 100 גרם,false,1,15.90,2.12,false,1,
7290014974562,false,גביעי גלידה רגיל טילון עלמה גילרו 24 יח',"א.ג גילרו בע""\מ",,,יח,24,יח,false,1,5.90,0.25,false,1,
7290014974593,false,גביעי גלידה 12 מגולגל ללא גלוטן גילרו*,ח.כהן סוכנות מזון ומשקאות בע,,,יח,1,,false,1,11.90,11.90,false,1,
7290015014182,false,לבבות קיסר בנספק רמי לוי,ביכורי השדה צפון 1994 ג.ד. בעמ,,,יח,1,,false,1,8.90,8.90,false,1,
7290015037396,false,נענע אוצר הארץ - מהדרין,"בכורי השדה צפון1994 ג.ד. בע""מ",,,יח,1,,false,1,7.90,7.90,false,1,
7290015037402,false,‏בצל ירוק שקית - אוצר הארץ,"בכורי השדה צפון1994 ג.ד. בע""מ",,,יח,1,,false,1,8.90,8.90,false,1,
7290015037419,false,סלרי אמריקאי אוצר הארץ,"בכורי השדה צפון1994 ג.ד. בע""מ",,,יח,1,,false,1,8.90,8.90,false,1,
7290015037433,false,חסה ערבית אוצר הארץ יחיד,"בכורי השדה צפון1994 ג.ד. בע""מ",,,יח,1,,false,1,8.90,8.90,false,1,
7290015037549,false,"חסה ערבית כשרה יבול חו""ל","בכורי השדה צפון1994 ג.ד. בע""מ",,,יח,1,,false,1,7.90,7.90,false,1,
7290015037563,false,סלק עלים חסאלט|(עדה חרדית),"בכורי השדה צפון1994 ג.ד. בע""מ",,,יח,1,,false,1,7.90,7.90,false,1,
7290015037655,false,כרובית 600 גרם מהדרין אוצר הארץ י.ע.ל.,ביכורי השדה הצפון בעמ` 1964,,,יח,6,יח,false,1,29.90,4.98,false,1,
7290015037664,false,ברוקולי קפוא חסלט,יעל ירק עלים לשיווק בעמ,,,יח,6,יח,false,1,29.90,4.98,false,1,
7290015037693,false,לבבות חסה חלסלאט אוצר הארץ,"בכורי השדה צפון1994 ג.ד. בע""מ",,,יח,1,,false,1,12.90,12.90,false,1,
7290015037716,false,לקט עלים צעירים במגשית חסלט,"בכורי השדה צפון1994 ג.ד. בע""מ",,,יח,1.40,ל 100 גרם,false,1,15.90,11.36,false,1,
7290015039246,false,נתחי טונה בשמן צמחי רביעיה * 160 ג' וילי פוד,ג.וילי פוד אינטרנשיונל בעמ,,,יח,6.40,ל 100 גרם,false,1,21.90,3.42,true,1,
7290015039499,false,ויליפוד עוגיות חמאה איטלקיות מובחרות 1ק,ג.וילי-פוד אינטרנשיונל בעמ,,,יח,10,ל 100 גרם,false,1,9.90,0.99,false,1,
7290015055994,false,עגבניות שרי ארוז,"בכורי השדה צפון1994 ג.ד. בע""מ",,,יח,1,,false,1,6.90,6.90,false,1,
7290015139465,false,כרמית מיקסים בייגלה מצופה שוקולד חלב,כרמית תעשיות ממתקים בעמ,,,יח,0.55,ל 100 גרם,false,1,3.90,7.09,true,1,
7290015150118,false,שלישיית עגבניות חתוכות דק גרנד איטליה 400 גרם,תה ויסוצקי (ישראל) בעמ,,,יח,3,למארז,false,1,16.90,5.63,false,1,
7290015150583,false,תה ירוק בתוספת לימון ודבש ויסוצקי (25),תה ויסוצקי (ישראל) בעמ,,,יח,0.3750,ל 100 גרם,false,1,22.90,61.07,true,1,
7290015155830,false,מחית תפוחי עץ ובננה חטיפטף ללא תוספת סוכר,גורי מוצרי צריכה (1991) בעמ,,,יח,1.30,ל 100 גרם,false,1,5.90,4.54,true,1,
7290015282598,false,חומוס מסעדות גורמה שמיר 200 גרם,"סלטי שמיר 2006 בע""מ",,,יח,2,ל 100 גרם,false,1,9.90,4.95,true,1,
7290015282604,false,טחינה מיוחדת גורמה שמיר 200 גרם,"סלטי שמיר 2006 בע""מ",,,יח,2,ל 100 גרם,false,1,9.90,4.95,true,1,
7290015282628,false,חציל בטעם כבד גורמה שמיר 200 גרם,"סלטי שמיר 2006 בע""מ",,,יח,2,ל 100 גרם,false,1,9.90,4.95,true,1,
7290015282673,false,חציל במיונז ביתי גורמה שמיר 200 גרם,"סלטי שמיר 2006 בע""מ",,,יח,2,ל 100 גרם,false,1,9.90,4.95,true,1,
7290015282697,false,כרוב אדום שמיר גורמה 200גר,"סלטי שמיר 2006 בע""מ",,,יח,2,ל 100 גרם,false,1,9.90,4.95,true,1,
7290015282710,false,קוביות סלק גורמה שמיר 200 גרם,"סלטי שמיר 2006 בע""מ",,,יח,2,ל 100 גרם,false,1,9.90,4.95,true,1,
7290015282727,false,גזר מרוקאי ברוטב פיקנטי אסלי שמיר 200 ג',"סלטי שמיר 2006 בע""מ",,,יח,2,ל 100 גרם,false,1,9.90,4.95,true,1,
7290015282734,false,מטבוחה ביתית גורמה שמיר 200 גרם,"סלטי שמיר 2006 בע""מ",,,יח,2,ל 100 גרם,false,1,9.90,4.95,true,1,
7290015282741,false,חציל תאילנדי אסלי שמיר 200 ג',"סלטי שמיר 2006 בע""מ",,,יח,2,ל 100 גרם,false,1,9.90,4.95,true,1,
7290015339643,false,שוקולד מריר 100 גרם טעמן.,טעמן שיווק מזון בעמ,,,יח,1.50,ל 100 גרם,false,1,8.90,5.93,false,1,
7290015339650,false,שוקולד חלב 100 גרם טעמן.,טעמן שיווק מזון בעמ,,,יח,1.50,ל 100 גרם,false,1,6.90,4.60,false,1,
7290015339933,false,טעמן ריבת חלב 340 גרם,טעמן שיווק מזון בעמ,,,יח,3.40,ל 100 גרם,false,1,13.90,4.09,false,1,
7290015347273,false,נטיפי שוקולד לאפייה שוקולדמריר 250גר,מיה תעשיות מזון מ.ת.מ. בעמ,,,יח,2.50,"ל 100 מ""ל",false,1,7.90,3.16,false,1,
7290015347358,false,סודה לשתיה בקרטונית מיה 50 גרם,מיה תעשיות מזון מ.ת.מ. בעמ,,,יח,0.50,ל 100 גרם,false,1,2.20,4.40,false,1,
7290015347532,false,צ'יפס בטטה עם שמן זית ועשבי תיבול מיה 100 גרם,מיה תעשיות מזון מ.ת.מ. בעמ,,,יח,0.80,ל 100 גרם,false,1,7.90,9.88,true,1,
7290015347761,false,סוכריות ג'לילנד כוכבים 125 גר' מיה,מיה תעשיות מזון מ.ת.מ בעמ,,,יח,1.25,ל 100 גרם,false,1,5.90,4.72,true,1,
7290015347778,false,סוכריות ג'לילנד דגים 125 גר' מיה,מיה תעשיות מזון מ.ת.מ בעמ,,,יח,1.25,ל 100 גרם,false,1,5.90,4.72,true,1,
7290015347785,false,סוכריות ג'לילנד לבבות 125 גר' מיה,מיה תעשיות מזון מ.ת.מ בעמ,,,יח,1.25,ל 100 גרם,false,1,5.90,4.72,true,1,
7290015348423,false,מיץ ענבים סגל משפחות 1 ליטר,טמפו משקאות בעמ,,,יח,1,לליטר,false,1,12.90,12.90,false,1,
7290015493192,false,"נביעות+ רכיבי פרי אבטיח 0.5 מ""ל",החברה המרכזית להפצת משקאות בעמ,,,יח,5,"ל 100 מ""ל",false,1,7.90,1.52,false,1,
7290015597210,false,מאגדת טילון קורנטו פרווה טבעוני-וויגן פרנדלי,"גלידת שטראוס בע""\מ, רחוב",,,יח,1,,false,1,36.90,36.90,false,1,
7290015597937,false,קורנטו קלאסיק וניל עם צימוקים,"מיוצר ע""\י גלידת שטראוס",,,יח,1,,false,1,7.90,7.90,true,1,
7290015733120,false,מטרנה גולד שלב 1 תרכובת מזון על בסיס חלבי,קבוצת אוסם סחר שותפות מוגבלת,,,יח,7,ל 100 גרם,false,1,69.90,9.99,false,1,
7290015733205,false,תרכובת מזון לתינוקות חלבי שלב 1 אקסטרה קר מהדרין,קבוצת אוסם סחר שותפות מוגבלת,,,יח,7,ל 100 גרם,false,1,56.90,8.13,false,1,
7290015733229,false,תרכובת מזון לתינוקות חלבי שלב 2 אקסטרה קר מהדרין,קבוצת אוסם סחר שותפות מוגבלת,,,יח,7,ל 100 גרם,false,1,56.90,8.13,false,1,
7290015733243,false,מטרנה אקסטרה קייר מהדרין שלב 3 700 גרם,קבוצת אוסם סחר שותפות מוגבלת,,,יח,7,ל 100 גרם,false,1,56.90,8.13,false,1,
7290015733427,false,מטרנה דייסת גם וגם וניל פרו12*300ג 2019,קבוצת אוסם סחר שותפות מוגבלת,,,יח,3,ל 100 גרם,false,1,20.90,6.97,false,1,
7290015733441,false,מטרנה דייסת גם וגם דגנים פרו 300 גר`,קבוצת אוסם סחר שותפות מוגבלת,,,יח,3,ל 100 גרם,false,1,20.90,6.97,false,1,
7290015733977,false,תרכובת מזון קומפורט על בסיס חלבי דל לקטוז,קבוצת אוסם סחר שותפות מוגבלת,,,יח,7,ל 100 גרם,false,1,59.90,8.56,false,1,
7290015801812,false,פקיילה 200 גר עוזי,עוזי טעמים של בית,,,יח,2,ל 100 גרם,false,1,46.90,23.45,false,1,
7290015801874,false,עמבה 1 קג עוזי,עוזי טעמים של בית,,,יח,10,ל 100 גרם,false,1,28.90,2.89,false,1,
7290015801881,false,ממרח לימון 1 קג עוזי,עוזי טעמים של בית,,,יח,10,ל 100 גרם,false,1,28.90,2.89,false,1,
7290015856812,false,הבסקוויט של הקרמבו וניל הדר 200 גרם,ח.כהן סוכנות מזון ומשקאות בע,,,יח,2,ל 100 גרם,false,1,4.50,2.25,false,1,
7290015856829,false,הביסקוויט של הקרמבו שוקו הדר 200 גר',ח.כהן סוכנות מזון ומשקאות בע,,,יח,2,ל 100 גרם,false,1,4.50,2.25,false,1,
7290015856935,false,ביסקויט אקסטרא גליל טעם חמאה 400 גרם,ח.כהן סוכנות מזון ומשקאות בע,,,יח,5,ל 100 גרם,false,1,5.90,1.18,false,1,
7290015856980,false,תה בסקוויט שוקו ללא תוספת סוכר הדר,אפיפית נצרת תעשיות בסקויט,,,יח,2.50,ל 100 גרם,false,1,5.80,2.32,false,1,
7290015858106,false,"ממרח פסטו ביתי 180 גרם ""עללחם""",שטראוס גרופ בעמ/מצונן,,,יח,1.80,ל 100 גרם,false,1,15.90,8.83,false,1,
7290015858212,false,ממרח לימון כבוש 180 גרם עללחם,שטראוס גרופ בעמ/מצונן,,,יח,1.80,ל 100 גרם,false,1,17.90,9.94,false,1,
7290016006148,false,"שוופס מוגז עדין ענבים בקבוק 500מ""ל",יפאורה שותפות מובגלת לשיווק,,,יח,5,"ל 100 מ""ל",false,1,4.90,0.92,true,1,
7290016006292,false,נקטר מנגו בננה מלון קרטונית 1 ל' ספרינג,יפאורה שותפות מובגלת לשיווק,,,יח,10,"ל 100 מ""ל",false,1,7,0.70,true,1,
7290016006339,false,מים מינרלים מי עדן (1x4 ליטר),יפאורה שותפות מוגבלת לשיווק,,,יח,4,"ל 100 מ""ל",false,1,10.90,2.43,false,1,
7290016006346,false,שוופס סודה 0.5 ליטר מארז שישייה,יפאורה שותפות מובגלת לשיווק,,,יח,3,"ל 100 מ""ל",false,1,14.90,4.37,false,1,
7290016035025,false,לחם פשתן 450 גרם (טרי) דל פחמימות,נאמן לאורך זמן בעמ,,,יח,3,ל 100 גרם,false,1,24.90,8.30,false,1,
7290016076042,false,רביעיית פיתות פרנה ארוך,גיא מאפים שיווק טוב בעמ,,,יח,1,יח,false,1,13.90,13.90,false,1,
7290016087499,false,עגבניות חתוכות מארז 400X3ג' אריזות ירושלים,ח.כהן סוכנות מזון ומשקאות בע,,,יח,1,,false,1,11.90,11.90,false,1,
7290016098297,false,עוגיות מיני רוליקס במילוי קרם שוקולד 180 גרם,הגביע מוצרי וופלים בעמ,,,יח,2,ל 100 גרם,false,1,4.20,2.10,false,1,
7290016104271,false,ריבת חלב בצנצנת 20% חלב,לירון קרביץ יבוא שיווק וסחר,,,יח,3.40,ל 100 גרם,false,1,12.90,3.79,false,1,
7290016104417,false,ריבה בטעם תות שדה 850 גרם פוליבה,לירון קרביץ יבוא שיווק וסחר,,,יח,8.50,ל 100 גרם,false,1,12.90,1.52,false,1,
7290016104868,false,סירופ מייפל פוליבה 700 גר',לירון קרביץ יבוא שיווק וסחר,,,יח,7,ל 100 גרם,false,1,12.90,1.84,false,1,
7290016104875,false,סירופ שוקולד פוליבה 700ג',לירון קרביץ יבוא שיווק וסחר,,,יח,7,ל 100 גרם,false,1,12.90,1.84,false,1,
7290016132502,false,מסחטת פלסטיק כתום ירוק לבן,אושר א.א יבוא ושיווק כלי בית ב,,,יח,1,,false,1,5.90,5.90,false,1,
7290016144000,false,"קמח חיטה מלאה נפלאות 80% 1 ק""ג",תה ויסוצקי (ישראל)בעמ,,,יח,10,ל 100 גרם,false,1,8.90,0.89,false,1,
7290016144017,false,"קמח מלא נפלאות 100% ללא ניפוי 1 ק""ג",תה ויסוצקי (ישראל)בעמ,,,יח,10,ל 100 גרם,false,1,8.90,0.89,false,1,
7290016144024,false,"קמח כוסמין מלא נפלאות 100% 1 ק""ג",תה ויסוצקי (ישראל)בעמ,,,יח,10,ל 100 גרם,false,1,14.90,1.49,false,1,
7290016144031,false,"נפלאות קמח חיטה לבן מנופה 1 ק""ג",תה ויסוצקי (ישראל)בעמ,,,יח,10,ל 100 גרם,false,1,6.90,0.69,false,1,
7290016144116,false,"קמח תופח נפלאות, 1 ק""ג",תה ויסוצקי (ישראל)בעמ,,,יח,10,ל 100 גרם,false,1,8.90,0.89,false,1,
7290016202311,false,חגורה אלגנט קלאץ' L,ליאור יבוא ושיווק מוצרי הלבשה,,,יח,1,,false,1,22.90,22.90,false,1,
7290016217742,false,חציל בטחינה 200גרם גורמה,"סלטי שמיר 2006 בע""מ",,,יח,2,ל 100 גרם,false,1,9.90,4.95,true,1,
7290016217759,false,חציל מרוקאי 200גרם גורמה,"סלטי שמיר 2006 בע""מ",,,יח,2,ל 100 גרם,false,1,9.90,4.95,true,1,
7290016245929,false,לחם טחינה עשיר בחלבון 450 ג' ביכורים,נאמן לאורך זמן בעמ,,,יח,4.50,ל 100 גרם,false,1,24.90,5.53,false,1,
7290016246018,false,חטיף מיקס פינוקיות חלבה בארכה 20ג*9,קבוצת אוסם סחר שותפות מוגבלת,,,יח,2,ל 100 גרם,false,1,12.90,6.45,false,1,
7290016246209,false,"חטיף חלבה וניל 100 גרם ""בארכה""",קבוצת אוסם סחר שותפות מוגבלת,,,יח,1,ל 100 גרם,false,1,3.90,3.90,false,1,
7290016319309,false,סבון נוזלי מאסק קלאסי+משאבה פמלי 1 ל,הנסיך- מפעל לייצור ט,,,יח,1,לליטר,false,1,10.90,10.90,true,1,
7290016321661,false,פרש וואנס SENSITIVE מגבונים ללא בישום רביעייה 72 יחידות,עלבד משואות יצחק,,,יח,4,למארז,false,1,15.90,3.98,true,1,
7290016321883,false,פרשוואנס נייר טואלט מתכלה לילדים -מארז שלישייה,עלבד משואות יצחק בעמ,,,יח,4,למארז,false,1,12.90,3.23,false,1,
7290016334784,false,ג'ינג'ר ארוז ברכת קטיף 200 גרם,ביכורי השדה צפון 1994 ג.ד. בעמ,,,יח,1,,false,1,11.90,11.90,false,1,
7290016372373,false,רסק עגבניות ללא תוספת סוכר ומלח - מארז זוג,תה ויסוצקי (ישראל) בעמ,,,יח,2.70,ל 100 גרם,false,1,6.90,2.56,false,1,
7290016372397,false,"תה ויסוצקי ירוק תפוז,ג'ינגר וכורכום 25 יח'",תה ויסוצקי (ישראל) בעמ,,,יח,0.3750,ל 100 גרם,false,1,22.90,61.07,true,1,
7290016373035,false,ליצ'י שלם מקולף 567 גרם בסירופ קל,טעמן שיווק מזון בעמ,,,יח,4.25,ל 100 גרם,false,1,9.90,2.33,false,1,
7290016373806,false,לקקנים ממולאים טופי בטעם פירות 500 גרם,טעמן שיווק מזון בעמ,,,יח,5,ל 100 גרם,false,1,17.90,3.58,false,1,
7290016400038,false,תבניות ארוז (R99)210 חמישיה שווה*,ח.כהן סוכנות מזון ומשקאות בע,,,יח,1,יח,false,1,10.90,10.90,true,1,
7290016400205,false,"צלחות 100 יח גדול צבעוני""שווה "" *",ווינפאק סחר בעמ,,,יח,1,יח,false,12,34.90,34.90,true,1,
7290016400243,false,מפיות נייר תלת שכבתי מעוטרות 20יח שווה,ח.כהן סוכנות מזון ומשקאות בע,,,יח,20,יח,false,12,5.90,0.30,true,1,
7290016400274,false,"שיפודים קצרים 20 ס""מ 70 יח`שווה*",ח.כהן סוכנות מזון ומשקאות בע,,,יח,1,למארז,false,1,2.50,2.50,false,1,
7290016400298,false,"שיפודים עבים 30 ס""מ 50 יח` שווה*",ח.כהן סוכנות מזון ומשקאות בע,,,יח,1,למארז,false,1,3.90,3.90,false,1,
7290016400670,false,מלקחיים ארוכים איכותיים למנגל שווה,ח.כהן סוכנות מזון ומשקאות בע,,,יח,1,יח,false,1,9.90,9.90,false,1,
7290016401158,false,נודלס 200ג דקות שווה*,ח.כהן סוכנות מזון ומשקאות בע,,,יח,1,יח,false,1,4.90,4.90,true,1,
7290016401165,false,נודלס 200ג רחבות שווה*,ח.כהן סוכנות מזון ומשקאות בע,,,יח,1,יח,false,1,4.90,4.90,true,1,
7290016401172,false,נודלס 400ג דקות שווה*,ח.כהן סוכנות מזון ומשקאות בע,,,יח,1,יח,false,1,6.90,6.90,true,1,
7290016401615,false,מקל עץ הברגה 1.5 שווה*,ווינפאק סחר בעמ,,,יח,1,יח,false,30,5.90,5.90,false,1,
7290016401776,false,כוסות נייר 8B שרוול שקוף חדש*,ח.כהן סוכנות מזון ומשקאות בע,,,יח,50,יח,false,20,8.90,0.18,true,1,
7290016401790,false,disposable plastic 285cc maroccan 40,ח.כהן סוכנות מזון ומשקאות בע,,,יח,10,יח,false,1,6.90,0.69,false,1,
7290016509786,false,פרסיל גל לכביסה לבנה וצבעונית-ירוק 2.5 ל,גורי שיווק בעמ,,,יח,0.25,"ל 100 מ""ל",false,1,34.90,139.60,true,1,
7290016564006,false,מבריקל הפלא ספוגיות להסרת כתמים קשים ושומנים 3יח,ח.כהן סוכנות מזון ומשקאות בע,,,יח,1,יח,false,1,9.90,9.90,false,1,
7290016564266,false,מבריקל הפלא כיסוי הפלא 3,ח.כהן סוכנות מזון ומשקאות בע,,,יח,1,יח,false,1,9.90,9.90,false,1,
7290016617023,false,לבבות חסה,"בכורי השדה צפון1994 ג.ד. בע""מ",,,יח,1,,false,1,11.90,11.90,false,1,
7290016667042,false,קשיות פסים זברה עבים 20 יח',נאמן לאורך זמן בעמ,,,יח,1,,false,1,9.90,9.90,false,1,
7290016667608,false,ביסקוויט סנדוויץ וניל 250*3 ג',נאמן לאורך זמן בעמ,,,יח,7.50,ל 100 גרם,false,1,14.90,1.99,false,1,
7290016682038,false,"מיץ תפוזים 400 מ""ל ""פריניב""",תנובה - פריניב,,,יח,4,"ל 100 מ""ל",false,1,7.90,1.90,true,1,
7290016682052,false,"מיץ לימונענע 400 מ""ל ""פריניב""",תנובה - פריניב,,,יח,4,"ל 100 מ""ל",false,1,7.90,1.90,true,1,
7290016682083,false,"פריניב נקטר תות בננה 400 מ""ל",תנובה - פריניב,,,יח,4,"ל 100 מ""ל",false,1,7.90,1.90,true,1,
7290016682168,false,"פריניב מיץ תפוזים ולנסיה סחוט 100% 400 מ""ל",תנובה - פריניב,,,יח,4,ל 100 גרם,false,1,8.90,2.15,true,1,
7290016682182,false,פריניב שייק תמר בננה מופחת סוכר 1 ליטר,הנסיך- מפעל לייצור ט,,,יח,1,לליטר,false,1,16.60,16.60,true,1,
7290016682335,false,מיץ תפוזים סחוט 2 ליטר פרי ניב,תנובה - פריניב,,,יח,2,לליטר,false,1,25.90,12.80,true,1,
7290016682347,false,מיץ תפוזים ולנסיה 2 ליטר,פריניב תנובה,,,יח,2,לליטר,false,1,25.90,12.80,true,1,
7290016682359,false,מיץ תפוזים שמוטי פרי ניב 2 ליטר-,תנובה - פריניב,,,יח,2,לליטר,false,1,25.90,12.80,true,1,
7290016717099,false,"יין כרמל סלקטד אדום חצי יבש, 750 מ""ל",אגודת הכורמים בעמ,,,יח,7.50,"ל 100 מ""ל",false,1,29.90,3.95,true,1,
7290016717754,false,יין היובל ישן נושן יקבי כרמל (750 מל),אגודת הכורמים -כרמל מזרחי,,,יח,7.50,"ל 100 מ""ל",false,1,18.90,2.48,false,1,
7290016717976,false,יין ספארקלינג בטעם אפרסק 750 מל BUZZ,אגודת הכורמים בעמ,,,יח,7.50,"ל 100 מ""ל",false,1,27.90,3.68,true,1,
7290016823523,false,צנונית יח 500 גרם שמיטה,"בכורי השדה צפון1994 ג.ד. בע""מ",,,יח,1,,false,1,5.90,5.90,false,1,
7290016866643,false,פרודונטקס מ.שיניים אקסטרה פרש 75 מל,פרודונטקס Parodontax,,,יח,0.75,"ל 100 מ""ל",false,1,30.90,41.20,true,1,
7290016866650,false,"פרודונטקס - משחת שיניים אוריג'ינל 75 מ""ל",פרודונטקס Parodontax,,,יח,0.75,"ל 100 מ""ל",false,1,30.90,41.20,true,1,
7290016867077,false,לחמניות כוסמין מלא בתוספת סיבים פרה ביוטיים 300 גרם,המאפה של דר מרק בריאות באפייה,,,יח,3,ל 100 גרם,false,1,15.90,5.30,false,1,
7290016867084,false,לחם כוסמין מלא בתוספת סיבים פרה ביוטיים 450 גרם,המאפה של דר מרק בריאות באפייה,,,יח,4.50,ל 100 גרם,false,1,18.90,4.20,false,1,
7290016867091,false,פיתות כוסמין מלא בתוספת סיבים פרה ביוטיים 300 גרם,המאפה של דר מרק בריאות באפייה,,,יח,3,ל 100 גרם,false,1,15.90,5.30,false,1,
7290016867114,false,לחם קל מכוסמין מלא 500 גר`דר מרק,המאפה של דר מרק בריאות באפייה,,,יח,7,ל 100 גרם,false,1,17.90,2.56,false,1,
7290016867138,false,"מארז לחמניות קלות כוסמין 5 יחידות ד""ר מרק",המאפה של דר מרק בריאות באפייה,,,יח,3.30,ל 100 גרם,false,1,11.90,3.61,false,1,
7290016867152,false,"מארז פיתות קלות כוסמין 5 יחידות ד""ר מרק",המאפה של דר מרק בריאות באפייה,,,יח,2.92,ל 100 גרם,false,1,13.90,4.76,false,1,
7290016867176,false,"מארז לחמניות קלות כוסמין שומשום במתיקות מעודמת 5 יחידות ד""ר מרק",המאפה של דר מרק בריאות באפייה,,,יח,3,ל 100 גרם,false,1,13.90,4.63,false,1,
7290016967074,false,לחם חיטה מלאה עם גרעינים ודגנים,מאפיית שלמה א. אנג'\ל בע,,,יח,7.50,יח,false,1,17.90,2.39,false,1,
7290016967456,false,לחם צרפתי מחמצת 100% כוסמין 600 ג' אנג'ל,"מאפיית אנג'\ל בעמ, מקבוצ",,,יח,0,ל 100 גרם,false,1,18.90,18.90,false,1,
7290017023212,false,"שוויפס מוגז פירות תפוח מארז רביעייה* 330 מ""ל",יפאורה שותפות מוגבלת לשיווק,,,יח,1.32,"ל 100 מ""ל",false,1,12.90,8.86,true,1,
7290017023236,false,רביעיית פחיות שוופס מוגז פירות ענבים 330 מל.,יפאורה שותפות מוגבלת לשיווק,,,יח,1.32,"ל 100 מ""ל",false,1,12.90,8.86,true,1,
7290017023663,false,"שוופס מיץ פירות לימונייד פחית מארז 330X4מ""ל",יפאורה שותפות מוגבלת לשיווק,,,יח,1.32,"ל 100 מ""ל",false,1,12.90,8.86,true,1,
7290017023809,false,"רביעיית ספרינג 250 מ""ל אגס סברס תפוח",יפאורה שותפות מוגבלת לשיווק,,,יח,10,"ל 100 מ""ל",false,1,12.90,1.17,true,1,
7290017023823,false,"רביעיית ספרינג 250 מ""ל תות בננה",יפאורה שותפות מוגבלת לשיווק,,,יח,10,"ל 100 מ""ל",false,1,12.90,1.17,true,1,
7290017023854,false,מי סודה בקבוקים אישיים - מארז 4 יח',יפאורה שותפות מוגבלת לשיווק,,,יח,1.32,"ל 100 מ""ל",false,1,11.90,8.11,true,1,
7290017023861,false,סודה בטעם לימון בקבוקים אישיים - מארז 4 יח',יפאורה שותפות מוגבלת לשיווק,,,יח,1.32,"ל 100 מ""ל",false,1,11.90,8.11,true,1,
7290017065137,false,ריקוטה למריחה 5% טבעית 200 גר`מחלבות גד,מחלבות גד שיווק 1992 בעמ,,,יח,2,ל 100 גרם,false,1,9.90,4.95,false,1,
7290017065236,false,גבינה בולגרית מעודנת 24% גד (250 גרם),מחלבות גד שיווק 1992 בעמ,,,יח,2.50,ל 100 גרם,false,1,21.90,8.76,false,1,
7290017065663,false,גבינת פטה עיזים מעודנת 16% גד 200 גרם,מחלבות גד שיווק 1992 בעמ,,,יח,2.50,ל 100 גרם,false,1,29.90,11.96,false,1,
7290017068213,false,חמוציות חתוכות 350 גר`בקופסא מיה,מיה תעשיות מזון מ.ת.מ. בעמ,,,יח,3.50,ל 100 גרם,false,1,17.90,5.11,false,1,
7290017068367,false,שמרים בוואקום 125 גרם,מיה תעשיות מזון מ.ת.מ בעמ,,,יח,1.25,ל 100 גרם,false,1,4.90,3.92,false,1,
7290017068374,false,שמרים יבשים בואקום מיה 500 גרם,מיה תעשיות מזון מ.ת.מ. בעמ,,,יח,5,ל 100 גרם,false,1,11.90,2.38,false,1,
7290017068848,false,סוכריות קישוט לעוגה צבעוני 200 גר`` צנצ,מיה תעשיות מזון מ.ת.מ. בעמ,,,יח,2,ל 100 גרם,false,1,8.90,4.45,true,1,
7290017068855,false,סוכריות קישוט לעוגה בטעם שוקולד 200 גרם מיה,מיה תעשיות מזון מ.ת.מ. בעמ,,,יח,2,ל 100 גרם,false,1,8.90,4.45,false,1,
7290017079783,false,מחיות פאוץ' תפוח עץ פריטוב 120 גרם,פרוטה פודיוין איי.אס,,,יח,1.20,ל 100 גרם,false,1,4.90,4.08,false,1,
7290017088051,false,בייביסיטר - חיתולי סטנדרט מידה 3 - 52 יח',די.פי.אל תעשיות מוצרים ח,,,יח,50,למארז,false,1,34.90,0.70,true,1,
7290017088068,false,בייביסיטר - חיתולי סטנדרט מידה 4 - 42 יח',די.פי.אל תעשיות מוצרים ח,,,יח,1,,false,1,34.90,34.90,true,1,
7290017088075,false,בייביסיטר - חיתולי סטנדרט מידה 4+ - 40 יח',די.פי.אל תעשיות מוצרים ח,,,יח,1,,false,1,34.90,34.90,true,1,
7290017088082,false,בייביסיטר - חיתולי סטנדרט מידה 5 - 36 יח',די.פי.אל תעשיות מוצרים ח,,,יח,1,,false,1,34.90,34.90,true,1,
7290017088099,false,בייביסיטר - חיתולי סטנדרט מידה 6 - 30 יח',די.פי.אל תעשיות מוצרים ח,,,יח,1,,false,1,34.90,34.90,true,1,
7290017100395,false,"כפפות לטקס 100 יחי' S כשלפ עד""ח פרפקט",ח.כהן סוכנות מזון ומשקאות בע,,,יח,100,יח,false,1,19.90,0.20,false,1,
7290017100401,false,"כפפות לטקס 100 יחי' M כשלפ עד""ח פרפקט",ח.כהן סוכנות מזון ומשקאות בע,,,יח,100,יח,false,1,19.90,0.20,false,1,
7290017100418,false,"כפפות לטקס 100 יחי' L כשלפ עד""ח פרפקט",ח.כהן סוכנות מזון ומשקאות בע,,,יח,100,יח,false,1,19.90,0.20,false,1,
7290017129495,false,אגו מיקס כדורי תירס מצופים שוקולד חלב כרמית 55 גרם,כרמית תעשיות ממתקים בעמ,,,יח,0.55,ל 100 גרם,false,1,3.90,7.09,true,1,
7290017129501,false,אגו מיקס כדורי תירס מצופים שוקולד לבן כרמית 55 גרם,כרמית תעשיות ממתקים בעמ,,,יח,0.55,ל 100 גרם,false,1,3.90,7.09,true,1,
7290017129518,false,אגו מיקס כדורי תירס מצופים שוקולד חלב ולבן כרמית 55 גרם,כרמית תעשיות ממתקים בעמ,,,יח,0.55,ל 100 גרם,false,1,3.90,7.09,true,1,
7290017129532,false,סוכריות לקקן תות 90 גרם כרמית,כרמית תעשיות ממתקים בעמ,,,יח,0.90,ל 100 גרם,false,1,5.90,6.56,true,1,
7290017129754,false,"שוקולד מריר מעולה 70% מוצקי קקאו 100 גר בד""ץ",כרמית תעשיות ממתקים בעמ,,,יח,1,ל 100 גרם,false,1,7.90,7.90,false,1,
7290017129884,false,חמישיות שוקולד מריר 44% 85 גר*5*12 בקרטון,"כרמית תעשיות ממתקים בע""\",,,יח,0.4250,ל 100 גרם,false,1,15.90,37.41,true,1,
7290017129983,false,שוקולד צ'יפס לבן פרווה כרמית 250 גרם,"כרמית תעשיות ממתקים בע""\",,,יח,0.25,ל 100 גרם,false,1,10.90,43.60,false,1,
7290017142180,false,פילה טונה בשמן זית בטעם לימון עם פלפל שחור 120 ג',"יוניקורד ח.צ בע""מ",,,ל 100 גרם,1.20,ל 100 גרם,false,1,14.90,12.42,true,1,
7290017142388,false,שמן חמניות פלוס 1 ליטר אומגה 3 עץ הזית,סוגת תעשיות בעמ,,,יח,10,"ל 100 מ""ל",false,1,15.90,1.59,false,1,
7290017153148,false,חלב מרוכז פוליבה 300גר' בדץ,לירון קרביץ יבוא שיווק וסחר,,,יח,3,ל 100 גרם,false,1,12.90,4.30,false,1,
7290017266046,false,מארז וופל קראנצ' אישי 30 יחידות עלמה,ח.כהן סוכנות מזון ומשקאות בע,,,יח,30,יח,false,1,12.90,0.43,false,1,
7290017266053,false,"וופל עלמה לל""ס במילוי קרם טעם לימון 175 גר",ח.כהן סוכנות מזון ומשקאות בע,,,יח,1,ל 100 גרם,false,1,4.90,4.90,false,1,
7290017266060,false,וופל קראנצ`מילוי קרם בטעם שוקולד 175 גר,ח.כהן סוכנות מזון ומשקאות בע,,,יח,1,ל 100 גרם,false,1,5.90,5.90,false,1,
7290017266312,false,וופל מילוי קרם בטעם שוקולד 150 גרם,ח.כהן סוכנות מזון ומשקאות בע,,,יח,1.50,ל 100 גרם,false,1,2.90,1.93,true,1,
7290017266343,false,וופל קראנץ במילוי קרם שוקולד 150 גרם,ח.כהן סוכנות מזון ומשקאות בע,,,יח,1.50,ל 100 גרם,false,1,2.90,1.93,true,1,
7290017275147,false,עוגת שמרים אישית דניש קינמון אחוה 120 גרם,"אחדות בע""מ",,,יח,1.20,ל 100 גרם,false,1,2.50,2.08,false,1,
7290017275154,false,עוגת שמרים אישית שוקולד אחוה 120 גרם,אחדות ביחר לטחינה חל,,,יח,1,,false,1,2.50,2.50,false,1,
7290017275420,false,מיני קצפיות בטעם תות אחוה 140 גרם,אחדות ביתחרושת לטחינה חלבה,,,יח,4,ל 100 גרם,false,1,8.90,2.23,false,1,
7290017275444,false,מיני קצפיות בטעם ענבים אחוה 140 גרם,אחדות ביתחרושת לטחינה חלבה,,,יח,4,ל 100 גרם,false,1,8.90,2.23,false,1,
7290017297224,false,"שעועית אדומה מושרית, מבושלת ומוקפאת",ויטה -פרי גליל (החדשה) בעמ,,,יח,8,ל 100 גרם,false,1,11.90,1.49,false,1,
7290017304885,false,לחם שיפון מחיטה מלאה ללא תוספת סוכר 750 ג' אנג'ל,מאפיית שלמה א. אנג'\ל בע,,,יח,5,ל 100 גרם,false,1,17.90,3.58,false,1,
7290017457598,false,"מרכך כביסה סוד מרוכז סאמר בלוסום 900 מ""ל",גורי שיווק בעמ,,,יח,9,"ל 100 מ""ל",false,1,11.90,1.32,false,1,
7290017457727,false,"סוד כחול מרכך כביסה מרוכז20%+בישום 900 מ""ל",גורי שיווק בעמ,,,יח,9,"ל 100 מ""ל",false,1,11.90,1.32,false,1,
7290017457734,false,"סוד ורוד מרכך כביסה מרוכז20%+בישום 900 מ""ל",גורי שיווק בעמ,,,יח,9,"ל 100 מ""ל",false,1,11.90,1.32,false,1,
7290017504001,false,פטריות שמפיניון ארוז,ביכורי השדה צפון 1994 ג.ד. בעמ,,,יח,1,,false,1,10.90,10.90,false,1,
7290017504025,false,פטריות פורטבלה ברכת קטיף,ביכורי השדה צפון 1994 ג.ד. בעמ,,,יח,1,,false,1,11.90,11.90,false,1,
7290017504032,false,זוג פטריות שמפניון ו,ביכורי השדה צפון 1994 ג.ד. בעמ,,,יח,1,,false,1,18.90,18.90,false,1,
7290017513782,false,פליפז בייגלה מצופה שוקולד מריר מקוויטיס 140 גרם,תה ויסוצקי (ישראל) בעמ,,,יח,1.40,ל 100 גרם,false,1,8.90,6.36,true,1,
7290017589565,false,"ברקן, גוורצטרמינר לבן חצי יבש 750 מל",טמפו משקאות בעמ,,,יח,7.50,"ל 100 מ""ל",false,1,32.90,4.35,true,1,
7290017599236,false,סוכרזית סיטיוויה 200 טבליות,סנו מפעלי ברונוס.,,,יח,0.3650,ל 100 גרם,false,1,23.90,65.48,false,1,
7290017641379,false,חמישיות שוקולד חלב בדצ 85 ג*5 בלמינט*12 בקרט בדצ,כרמית תעשיות ממתקים בעמ,,,יח,0.4250,ל 100 גרם,false,1,15.90,37.41,true,1,
7290017641737,false,שוקולד פרימיום 70% שברי אגוז כרמית 100 גרם,כרמית תעשיות ממתקים בעמ,,,יח,1,ל 100 גרם,false,1,7.90,7.90,false,1,
7290017812571,false,מיץ ענבים תירוש אדום 100% טבעי כרמל 1 ליטר,אגודת הכורמים -כרמל מזרחי,,,יח,10,"ל 100 מ""ל",false,1,19.80,1.95,false,1,
7290017812618,false,מיץ ענבים תירוש אדום רוזה כרמל 1 ליטר,אגודת הכורמים -כרמל מזרחי,,,יח,10,"ל 100 מ""ל",false,1,19.80,1.95,false,1,
7290017812861,false,יין לבש יבש ( 750 מל) וינו,אגודת הכורמים בעמ,,,יח,7.50,"ל 100 מ""ל",false,1,19.90,2.61,false,1,
7290017812977,false,"יין קריניאנו סלקטדאננס באז כרמל 750 מ""ל",אגודת הכורמים -כרמל מזרחי,,,יח,7.50,"ל 100 מ""ל",false,1,27.90,3.68,true,1,
7290017841625,false,מטליות מיקרופיבר אנטיבקטריאלי לרצפה *2,ח.כהן סוכנות מזון ומשקאות בע,,,יח,2,יח,false,1,15.90,7.95,true,1,
7290017841670,false,ספוג הפלא* 6 איכותי שווה* (24 בקר`).,ח.כהן סוכנות מזון ומשקאות בע,,,יח,1,למארז,false,1,8.90,8.90,false,1,
7290017841687,false,ספוג הפלא בלוק איכותי שווה* (24 בקר`),ח.כהן סוכנות מזון ומשקאות בע,,,יח,1,למארז,false,1,4.90,4.90,false,1,
7290017841731,false,מטליות מיקרופייבר גדולות במיוחד *2 שוו,ח.כהן סוכנות מזון ומשקאות בע,,,יח,2,יח,false,1,15.90,7.95,false,1,
7290017841885,false,דלי מגבונים ניקוי כללי 400 יח שווה*,ח.כהן סוכנות מזון ומשקאות בע,,,יח,400,יח,false,1,18.90,0.05,false,1,
7290017842127,false,"ניירות סנדויץ` מאוירים ""שווה"" 100 יח",ח.כהן סוכנות מזון ומשקאות בע,,,יח,100,יח,false,1,8.90,0.09,false,1,
7290017842424,false,סילאן 100% טבעי 700 גר` צנצנת שווה*,ח.כהן סוכנות מזון ומשקאות בע,,,יח,7,ל 100 גרם,false,1,16.90,2.41,true,1,
7290017842431,false,סילאן לחיץ 100% טבעי 470גר` שווה*,ח.כהן סוכנות מזון ומשקאות בע,,,יח,4.70,ל 100 גרם,false,1,13.90,2.96,true,1,
7290017842493,false,"תירס גמדי 425 גרם ""שווה"" *",ח.כהן סוכנות מזון ומשקאות בע,,,יח,4.25,ל 100 גרם,false,1,7.90,1.86,true,1,
7290017842516,false,"שקיות אוכל זיפר קטנות 30 יח`""שווה"" *",ח.כהן סוכנות מזון ומשקאות בע,,,יח,200,יח,false,1,6.90,0.03,false,1,
7290017842547,false,"שקיות רב שימושיות ריץ`רץ 12 יח` ""שווה""",ח.כהן סוכנות מזון ומשקאות בע,,,יח,200,יח,false,1,8.90,0.04,true,1,
7290017842646,false,לפתניות מתכלות 220 מ``ל שווה,ח.כהן סוכנות מזון ומשקאות בע,,,יח,50,יח,false,1,13.90,0.28,true,1,
7290017845029,false,פטריות צמד משפחתי(מוגו),ביכורי השדה צפון 1994 ג.ד. בעמ,,,יח,1,,false,1,18.90,18.90,false,1,
7290017845203,false,שמפיניון ארוז א.א-מוגו,ביכורי השדה צפון 1994 ג.ד. בעמ,,,יח,1,,false,1,11.90,11.90,false,1,
7290017864594,false,שום צנצנת רמי לוי,ביכורי השדה צפון 1994 ג.ד. בעמ,,,יח,1,,false,1,11.90,11.90,false,1,
7290017873206,false,בוטניקל תחליב רחצה לגוף מועשר בשמן זית 700מל',"דנשר (1963) בע,מ",,,יח,7,"ל 100 מ""ל",false,1,9.90,1.41,true,1,
7290017873213,false,בוטניקל-תחליב רחצה לגוף מועשר בשמן אבוקדו 700מל,"דנשר (1963) בע,מ",,,יח,7,"ל 100 מ""ל",false,1,9.90,1.41,true,1,
7290017888026,false,"משקה אננס תפוח גזר פרות & ווג 350 מ""ל",יפאורה שותפות מוגבלת לשיווק,,,יח,3.50,יח,false,1,6.90,1.89,false,1,
7290017888095,false,"רביעיית פחיות שוופס מוגז עדין פירות יער 330 מ""ל.",יפאורה שותפות מוגבלת לשיווק,,,יח,1.32,"ל 100 מ""ל",false,1,12.90,8.86,true,1,
7290017888101,false,"שוויפס מוגז עדין אפרסק מארז רביעייה* 330 מ""ל",יפאורה שותפות מוגבלת לשיווק,,,יח,1.32,"ל 100 מ""ל",false,1,12.90,8.86,true,1,
7290017888644,false,"משקה אננס בננה כורכום פרות & ווג 350 מ""ל",יפאורה שותפות מוגבלת לשיווק,,,יח,3.50,יח,false,1,6.90,1.89,false,1,
7290017888972,false,בקבוק מי עדן פקק ספורט 1 ליטר,יפאורה שותפות מוגבלת לשיווק,,,יח,1,"ל 100 מ""ל",false,1,3.80,3.80,false,1,
7290017917450,false,קמיל בלו סנסיטיב אל סבון ושמפו לתינוק קמומיל ואלוורה,"פישר תעשיות פרמבצטיות בע""מ",,,יח,10,"ל 100 מ""ל",false,1,29.90,2.99,true,1,
7290017928036,false,מאיר בייגל מקלות גריסיני שומשום 175 גרם,מאיר את בייגל,,,יח,1.75,ל 100 גרם,false,1,11.90,6.80,true,1,
7290017928043,false,מקלות גריסיני קראנץ' מלח מאיר בייגל 175 גרם,מאיר את בייגל,,,יח,1.75,ל 100 גרם,false,1,11.90,6.80,true,1,
7290017928098,false,בייגלה שטוח מלח 330 גר` מאיר בייגל,מאיר את בייגל,,,יח,4,ל 100 גרם,false,1,10.90,2.73,true,1,
7290017928128,false,בייגלה מקלות מלח מאיר בייגל 400 גרם.,"דנשר (1963) בע,מ",,,יח,3.30,ל 100 גרם,false,1,10.90,3.30,true,1,
7290017928227,false,"בייגלה שטוח'לה פינוקים שומשום, קצח, שום ובצל",מאיר את בייגל,,,יח,3,ל 100 גרם,false,1,10.90,3.63,true,1,
7290017928524,false,בייגלה שטוח ניגובים מלח 330 ג' מאיר בייגל,מאיר את בייגל,,,יח,3.30,ל 100 גרם,false,1,10.90,3.30,true,1,
7290017928661,false,מאיר בייגל -סמאש-שבורים בטעם צ'דר 300 גרם,"דנשר (1963) בע,מ",,,יח,3,ל 100 גרם,false,1,9.90,3.30,false,1,
7290017928685,false,בייגלה שמיניות מלוח מאיר בייגל 400 גרם.,מאיר את בייגל,,,יח,4,ל 100 גרם,false,1,10.90,2.73,true,1,
7290017928821,false,מאיר בייגל מקלות גריסיני קלאסי 200 גרם,מאיר את בייגל,,,יח,1.75,ל 100 גרם,false,1,11.90,6.80,true,1,
7290017947105,false,לחם אנג'ל בסגנון אמריקה 500 גרם,מאפיית שלמה א. אנג'\ל בע,,,יח,7.50,יח,false,1,15.90,2.12,false,1,
7290017947464,false,שמיניית פיתות כוסמין אנג'ל 8*50 גרם,מאפיית שלמה א.אנג'\ל בע\,,,יח,4,ל 100 גרם,false,1,16.90,4.23,true,1,
7290017947495,false,לחמניות כוסמין 6 יח(450 גר`)אנג`ל,"איטיליאן פוד, אס.פי.",,,יח,4.50,ל 100 גרם,false,1,16.90,3.76,false,1,
7290017947891,false,לחם אנג'ל כוסמין וחיטה מלאה 750 גרם,מאפיית שלמה א. אנג'\ל בע,,,יח,7.50,ל 100 גרם,false,1,17.90,2.39,false,1,
7290017947921,false,לחמניות המבורגר בסגנון אמריקאי מארז 6 יח',מאפיית שלמה א. אנג'\ל בע,,,יח,4.50,ל 100 גרם,false,1,15.90,3.53,false,1,
7290017947938,false,מיני לחמניות המבורגר בסגנון אמריקה 400 ג' אנג'ל,מאפיית שלמה א. אנג'\ל בע,,,יח,4,ל 100 גרם,false,1,15.90,3.98,false,1,
7290018165447,false,רזרב גולד מרלו ( 750 מל) יקבי ברקן,יקבי ברקן שיווק והפצה בע,,,יח,7.50,"ל 100 מ""ל",false,1,39.90,5.28,false,1,
7290018195178,false,שוקולד מריר 62% קקאו 100 גרם טעמן,אס.קיי ראיס אינטרנשי,,,יח,1,ל 100 גרם,false,1,4.50,4.50,false,1,
7290018195321,false,חמישיית שוקולד זהב מריר 100 גרם טעמן,טעמן שיווק מזון בעמ,,,יח,5,ל 100 גרם,false,1,25.90,5.18,false,1,
7290018195406,false,"שמן זית כתית ""טעים"" 750 מ""ל טעמן",טעמן שיווק מזון בעמ,,,יח,7.50,"ל 100 מ""ל",false,1,29.90,3.99,true,1,
7290018198056,false,"תפוגן קוביות תפוחי אדמה 1.5 ק""ג",קבוצת אוסם סחר שותפות מוגבלת,,,יח,15,ל 100 גרם,false,1,25.90,1.73,false,1,
7290018198254,false,"תפוגן קריספי צ'יפס פוטטוס 1.25 ק""ג",קבוצת אוסם סחר שותפות מוגבלת,,,יח,1.25,ל 100 גרם,false,1,25.90,20.72,false,1,
7290018237922,false,שניצלונים ציפוי צ'יפס עוף טוב 700 גרם,קבוצת אוסם סחר שותפות מוגבלת,,,יח,7,ל 100 גרם,false,1,13.90,1.99,true,1,
7290018237939,false,שניצלונים ציפוי שומשום עוף טוב 700 גרם,קבוצת אוסם סחר שותפות מוגבלת,,,יח,7,ל 100 גרם,false,1,13.90,1.99,true,1,
7290018294208,false,"סלקטדאדום ישראלי יבש כרמל 750 מ""ל",אגודת הכורמים בעמ,,,יח,7.50,"ל 100 מ""ל",false,1,29.90,3.95,true,1,
7290018294352,false,"ארק יקבי כרמל 700 מ""",אגודת הכורמים -כרמל מזרחי,,,יח,7,"ל 100 מ""ל",false,1,54.90,7.80,true,1,
7290018333259,false,טופי בטעם תות כרמית 50 גרם,כרמית תעשיות ממתקים בעמ,,,יח,0.50,יח,false,1,1.50,3,false,1,
7290018440193,false,פליפז בייגלה בציפוי קרם בטעם חמאת בוטנים מקוויטיס 140 גרם,תה ויסוצקי (ישראל) בעמ,,,יח,1.40,ל 100 גרם,false,1,8.90,6.36,true,1,
7290018443040,false,נבטים סיניים (בוסתן,ביכורי השדה צפון 1994 ג.ד. בעמ,,,יח,1,,false,1,5.90,5.90,false,1,
7290018443347,false,שמיר ברכת קטיף מצע מנותק ייבול נוכרי,ביכורי השדה צפון 1994 ג.ד. בעמ,,,יח,1,,false,1,6.90,6.90,false,1,
7290018443354,false,נענע ברכת קטיף מצע מנותק ייבול נוכרי,ביכורי השדה צפון 1994 ג.ד. בעמ,,,יח,1,,false,1,6.90,6.90,false,1,
7290018443378,false,מנגולד ברכת קטיף מצע מנותק ייבול נוכרי,ביכורי השדה צפון 1994 ג.ד. בעמ,,,יח,1,,false,1,7.90,7.90,false,1,
7290018443408,false,כרוב לבן ברכת קטיף מצע מנותק ייבול נוכרי,ביכורי השדה צפון 1994 ג.ד. בעמ,,,"לק""ג",1,,true,1,18.90,18.90,false,1,
7290018443576,false,כוסברה ארוז רגיל,ביכורי השדה צפון 1994 ג.ד. בעמ,,,יח,1,,false,1,4.90,4.90,false,1,
7290018443590,false,שמיר בוסתן רגיל מצע מנותק ייבול נוכרי,ביכורי השדה צפון 1994 ג.ד. בעמ,,,יח,1,,false,1,4.90,4.90,false,1,
7290018443606,false,נענע בוסתן רגיל מצע מנותק ייבול נוכרי,ביכורי השדה צפון 1994 ג.ד. בעמ,,,יח,1,,false,1,4.90,4.90,false,1,
7290018443620,false,סלרי עלים בוסתן רגיל מצע מנותק ייבול נוכרי,ביכורי השדה צפון 1994 ג.ד. בעמ,,,יח,1,,false,1,6.90,6.90,false,1,
7290018443705,false,לבבות קיסר ברכת קטיף שמיטה,ביכורי השדה צפון 1994 ג.ד. בעמ,,,יח,1,,false,1,7.90,7.90,false,1,
7290018471210,false,ספרינג נקטר אגס סברס תפוח 1ליטר קרטוני,יפאורה שותפות מוגבלת לשיווק,,,יח,10,"ל 100 מ""ל",false,1,7,0.70,true,1,
7290018471494,false,תפוזינה משקה תפוז גזר קרטונית 1 ליטר,יפאורה שותפות מוגבלת לשיווק,,,יח,1,לליטר,false,1,7,7,true,1,
7290018471548,false,"רביעיית ספרינג ענבים 250 מ""ל",יפאורה שותפות מוגבלת לשיווק,,,יח,10,"ל 100 מ""ל",false,1,12.90,1.17,true,1,
7290018471906,false,שוופס מוגז פירות לימונדה ורודה 1.5 ליטר פיקדון,יפאורה - שותפות מוגבלת לשיווק,,,יח,15,"ל 100 מ""ל",false,1,8.90,0.57,true,1,
7290018471913,false,משקה מוגז פירות תפוחים שוופס 1.5 ליטר,יפאורה - שותפות מוגבלת לשיווק,,,יח,15,"ל 100 מ""ל",false,1,8.90,0.57,true,1,
7290018471920,false,שוופס מוגז פירות ענבים 1.5 ליטר פיקדון,יפאורה - שותפות מוגבלת לשיווק,,,יח,15,"ל 100 מ""ל",false,1,8.90,0.57,true,1,
7290018471937,false,שוופס מוגז פירות תות ליים 1.5 ליטר פיקדון,יפאורה - שותפות מוגבלת לשיווק,,,יח,15,"ל 100 מ""ל",false,1,8.90,0.57,true,1,
7290018471944,false,שוופס מוגז פירות לימונייד 1.5 ליטר פיקדון,יפאורה - שותפות מוגבלת לשיווק,,,יח,15,"ל 100 מ""ל",false,1,8.90,0.57,true,1,
7290018493144,false,קמיל קלין &נוריש אל סבון מועשר בשמן ארגן 1 ליטר,"פישר תעשיות פרמצביטות בע""מ",,,יח,5,"ל 100 מ""ל",false,1,15.90,3.18,true,1,
7290018500231,false,לחם פרוס וויקאנד אנג'ל 750 גרם,מאפיית שלמה א. אנג'\ל בע,,,יח,6,ל 100 גרם,false,1,18.90,3.15,false,1,
7290018500361,false,"לחם שחור פרוס 900 גרם ""אנג'ל"" -מוצר בפיקוח",מאפיית שלמה א. אנג'\ל בע,,,יח,9,ל 100 גרם,false,1,8.50,0.94,false,1,
7290018500385,false,"חלה רגילה 650 גרם ""אנגל""-מוצר בפיקוח",מאפיית שלמה א. אנגל,,,יח,6.50,ל 100 גרם,false,1,6.70,1.03,false,1,
7290018500392,false,"חלה רגילה 650 גרם ""אנגל""-מוצר בפיקוח",מאפיית שלמה א. אנגל,,,יח,6.50,ל 100 גרם,false,1,6.70,1.03,false,1,
7290018517536,false,עוגיות קרם סנדוויץ צילינדר 150 גרם,נאמן לאורך זמן בעמ,,,יח,1.50,ל 100 גרם,false,1,4.50,3,false,1,
7290018517543,false,עוגיות וניל ממולאות קרם טעם שוקולד 160גר,נאמן לאורך זמן בעמ,,,יח,1.60,ל 100 גרם,false,1,6.50,4.06,false,1,
7290018517550,false,עוגיות שוקו ממולאות קרם טעם שוקולד 160,נאמן לאורך זמן בעמ,,,יח,1.60,ל 100 גרם,false,1,6.50,4.06,false,1,
7290018517772,false,אריסה טוניסאית חריפה 350 גרם,נאמן לאורך זמן בעמ,,,יח,3.50,ל 100 גרם,false,1,19.90,5.69,false,1,
7290018540817,false,ארטיזנל לחם מחמצת כוסמין אנג'ל 500 גרם,שלמה א. אנג`ל בעמ,,,יח,5,ל 100 גרם,false,1,19.90,3.98,true,1,
7290018571064,false,"מקלוני טופי 450 גרם ""מיה""",מיה תעשיות מזון מ.ת.מ. בעמ,,,יח,4.50,ל 100 גרם,false,1,14.90,3.31,true,1,
7290018571088,false,טופי חמוצמוץ 600 גרם כשלפ,מיה תעשיות מזון מ.ת.מ. בעמ,,,יח,6,ל 100 גרם,false,1,13.90,2.32,true,1,
7290018571408,false,לקקנים מולטיקולור תותי פרוטי מיה 220 גרם,מיה תעשיות מזון מ.ת.מ. בעמ,,,יח,2.20,ל 100 גרם,false,1,9.90,4.50,true,1,
7290018571422,false,מיה-לקקנים מולטיקולור מיקס 65 יחידות,מיה תעשיות מזון מ.ת.מ. בעמ,,,יח,1,ל 100 גרם,false,1,22.90,22.90,true,1,
7290018571507,false,סוכריות ויטמין סי לילדים דובונים יד למעלה 175 גרם מיה פלוס,מיה תעשיות מזון מ.ת.מ בעמ,,,יח,1.75,ל 100 גרם,false,1,39.90,22.80,false,1,
7290018571712,false,"אורז בסגנון פרסי 1 ק""ג",מיה תעשיות מזון מ.ת.מ. בעמ,,,יח,10,ל 100 גרם,false,1,9.90,0.99,true,1,
7290018571736,false,אורז בסמטי הודי 1ק''ג,מיה תעשיות מזון מ.ת.מ. בעמ,,,יח,10,ל 100 גרם,false,1,10.90,1.09,true,1,
7290018586006,false,חלה מתוקה,גיא שיווק טוב,,,יח,1,יח,false,1,12.90,12.90,false,1,
7290018893265,false,צ'וקטה עוגות אישיות בטעם שוקולד מריר 8 יח 240 גרם,"פרדי קונדיטוריה אס,פי.אי",,,יח,2.40,ל 100 גרם,false,1,10.90,4.54,true,1,
7290018893289,false,צ'וקטה עוגות מגולגלות בטעם קקאו במילוי קרם קקאו וציפוי בטעם שוקולד 6 יח' 222 גרם,ש. שסטוביץ בע`מ,,,יח,222,ל 100 גרם,false,1,8.90,0.04,true,1,
7290018893456,false,צ'וקטה עוגות אישיות במילוי קרם ובציפוי בטעם שוקולד 300 גרם,"פרדי קונדיטוריה אס,פי.אי",,,יח,3,ל 100 גרם,false,1,10.90,3.63,false,1,
7290018893661,false,עוגות אישיות במילוי קרם קקאו ציפוי בטעם שוקולד מריר,"פרדי קונדיטוריה אס,פי.אי",,,יח,2.40,ל 100 גרם,false,1,10.90,4.54,true,1,
7290018893876,false,עוגות אישיות רכות עם מילוי קרם בטעם וניל,פרדי קונדיטוריה אס.פ,,,יח,2,ל 100 גרם,false,1,10.90,5.45,true,1,
7290018894248,false,צ'וקטה - שוקולד חלב שלישייה 3 * 100 גרם,ש. שסטוביץ בע`מ,,,יח,3,ל 100 גרם,false,1,15.50,5.17,true,1,
7290018925065,false,מיץ תפוזים סחוט פרימור (2 ליטר),שטראוס גרופ בעמ/מצונן,,,יח,2,לליטר,false,1,25.90,12.80,false,1,
7290018964002,false,אוזניות חוטיות לבן סדרת שרביט,סוויטשי ישראל בעמ,,,יח,1,,false,1,29.90,29.90,false,1,
7290018964033,false,כבל טעינה אנדרואיד טייפ סי,סוויטשי ישראל בעמ,,,יח,1,,false,1,29.90,29.90,false,1,
7290019036234,false,שיני שום קלופות 200 גרק,ביכורי השדה צפון 1994 ג.ד. בעמ,,,יח,2,ל 100 גרם,false,1,12.90,6.45,false,1,
7290019056027,false,שוופס מוגז פירות תפוחים ללא סוכר 1.5 ליטר פיקדון,יפאורה - שותפות מוגבלת לשיווק,,,יח,1.50,לליטר,false,1,8.90,5.73,true,1,
7290019056034,false,שוופס מוגז פירות אננס ללא סוכר 1.5 ליטר פיקדון,יפאורה - שותפות מוגבלת לשיווק,,,יח,1.50,לליטר,false,1,8.90,5.73,true,1,
7290019056041,false,שוופס מוגז פירות לימונייד ללא סוכר 1.5 ליטר פיקדון,יפאורה - שותפות מוגבלת לשיווק,,,יח,1.50,לליטר,false,1,8.90,5.73,true,1,
7290019056058,false,שוופס מוגז עדין תפוח ליים 1.5 ליטר פיקדון,יפאורה - שותפות מוגבלת לשיווק,,,יח,15,"ל 100 מ""ל",false,1,8.90,0.57,true,1,
7290019056065,false,שוופס מוגז עדין פירות יער 1.5 ליטר פיקדון,יפאורה - שותפות מוגבלת לשיווק,,,יח,1.50,לליטר,false,1,8.90,5.73,true,1,
7290019056072,false,שוופס מוגז עדין אננס 1.5 ליטר פיקדון,יפאורה - שותפות מוגבלת לשיווק,,,יח,15,"ל 100 מ""ל",false,1,8.90,0.57,true,1,
7290019056089,false,שוופס מוגז עדין ענבי ריזלינג 1.5 ליטר פיקדון,יפאורה - שותפות מוגבלת לשיווק,,,יח,15,"ל 100 מ""ל",false,1,8.90,0.57,true,1,
7290019056096,false,שוופס מוגז עדין אפרסק 1.5 ליטר פיקדון,יפאורה - שותפות מוגבלת לשיווק,,,יח,15,"ל 100 מ""ל",false,1,8.90,0.57,true,1,
7290019056119,false,שוופס סודה 1.5 ליטר פיקדון,יפאורה שותפות מוגבלת לשיווק,,,יח,1.50,לליטר,false,1,3.20,1.93,false,1,
7290019056164,false,שוופס סודה 1.5 ליטר רביעייה פיקדון,יפאורה - שותפות מוגבלת לשיווק,,,יח,60,"ל 100 מ""ל",false,1,12.20,0.18,false,1,
7290019056171,false,שוופס סודה לימון 1.5 ליטר רביעייה פיקדון,יפאורה - שותפות מוגבלת לשיווק,,,יח,60,"ל 100 מ""ל",false,1,12.20,0.18,false,1,
7290019056188,false,מארז רביעיית סודה בטעם נענע ליים 1.5 ל' שוופס,יפאורה - שותפות מוגבלת לשיווק,,,יח,60,"ל 100 מ""ל",false,1,12.20,0.18,false,1,
7290019056201,false,מארז רביעיית סודה בטעם פירות יער 1.5 ל' שוופס,יפאורה - שותפות מוגבלת לשיווק,,,יח,60,"ל 100 מ""ל",false,1,12.20,0.18,false,1,
7290019056232,false,משקה מוגז בטעם ליים מוחיטו 1.5 ל' שוופס,יפאורה - שותפות מוגבלת לשיווק,,,יח,1.50,לליטר,false,1,8.90,5.73,true,1,
7290019056249,false,שוופס מים בטעמים ענבים 1.5 ליטר פיקדון,יפאורה - שותפות מוגבלת לשיווק,,,יח,15,"ל 100 מ""ל",false,1,7.90,0.51,false,1,
7290019056256,false,שוופס מים בטעמים תפוחים 1.5 ליטר פיקדון,יפאורה - שותפות מוגבלת לשיווק,,,יח,15,"ל 100 מ""ל",false,1,7.90,0.51,false,1,
7290019056263,false,שוופס מים בטעמים אפרסק 1.5 ליטר פיקדון,יפאורה - שותפות מוגבלת לשיווק,,,יח,15,"ל 100 מ""ל",false,1,7.90,0.51,false,1,
7290019056270,false,שוופס מים בטעמים פירות יער 1.5 ליטר פיקדון,יפאורה - שותפות מוגבלת לשיווק,,,יח,15,"ל 100 מ""ל",false,1,7.90,0.51,false,1,
7290019056324,false,משקה בטעם טוניק 1.5 ל' שוופס,יפאורה - שותפות מוגבלת לשיווק,,,יח,15,"ל 100 מ""ל",false,1,11.90,0.77,false,1,
7290019056355,false,תפוזינה לימונדה מיקס לימונענע 1.5 ליטר,יפאורה - שותפות מוגבלת לשיווק,,,יח,1.50,לליטר,false,1,8.90,5.73,true,1,
7290019056362,false,תפוזינה משקה קל ענבים 1.5 ליטר,יפאורה - שותפות מוגבלת לשיווק,,,יח,1.50,לליטר,false,1,8.90,5.73,true,1,
7290019056379,false,משקה קל תפוזינה 1.5 ליטר תפוזים,יפאורה - שותפות מוגבלת לשיווק,,,יח,15,"ל 100 מ""ל",false,1,8.90,0.57,true,1,
7290019056386,false,משקה קל תפוזינה 1.5 ליטר אשכוליות,יפאורה - שותפות מוגבלת לשיווק,,,יח,15,"ל 100 מ""ל",false,1,8.90,0.57,true,1,
7290019056393,false,משקה קל תפוזינה 1.5 ליטר תות בננה,יפאורה - שותפות מוגבלת לשיווק,,,יח,15,"ל 100 מ""ל",false,1,8.90,0.57,true,1,
7290019056409,false,תפוזינה משקה קל מנגו עסיסי1.5ליטר,יפאורה - שותפות מוגבלת לשיווק,,,יח,15,"ל 100 מ""ל",false,1,8.90,0.57,true,1,
7290019056423,false,תפוזינה משקה קל תפוח רענן 1.5ליטר,יפאורה - שותפות מוגבלת לשיווק,,,יח,15,"ל 100 מ""ל",false,1,8.90,0.57,true,1,
7290019056454,false,משקה מוגז בטעם קולה 1.5 ל' אר סי,יפאורה - שותפות מוגבלת לשיווק,,,יח,1.50,לליטר,false,1,6.90,4.40,false,1,
7290019056461,false,מארז משקה בטעם קולה שישייה * 1.5 ל' אר.סי,יפאורה שותפות מוגבלת לשיווק,,,יח,90,"ל 100 מ""ל",false,1,39.90,0.42,false,1,
7290019056478,false,ספרינג טי קר אפרסק 1.5ליטר פיקדון,יפאורה - שותפות מוגבלת לשיווק,,,יח,15,"ל 100 מ""ל",false,1,7.90,0.51,false,1,
7290019056492,false,ספרינג תה מנגו אפרסק 1.5 ליטר פיקדון,יפאורה - שותפות מוגבלת לשיווק,,,יח,15,"ל 100 מ""ל",false,1,7.90,0.51,false,1,
7290019056508,false,פרוט ווטר ענבים 1.5 ליטר פיקדון,יפאורה - שותפות מוגבלת לשיווק,,,יח,15,"ל 100 מ""ל",false,1,7.90,0.51,false,1,
7290019056515,false,פרוט ווטר אננס 1.5 ליטר פיקדון,יפאורה - שותפות מוגבלת לשיווק,,,יח,15,"ל 100 מ""ל",false,1,7.90,0.51,false,1,
7290019056522,false,מים בטעם תות 1.5 ל' פרוט וואטר,יפאורה - שותפות מוגבלת לשיווק,,,יח,15,"ל 100 מ""ל",false,1,7.90,0.51,false,1,
7290019056539,false,fruit water פרוט ווטר אפרסק 1.5 ליטר-,יפאורה שותפות מוגבלת לשיווק,,,יח,15,"ל 100 מ""ל",false,1,7.90,0.51,false,1,
7290019056546,false,fruit water פרוט ווטר אבטיח 1.5 ליטר-,יפאורה - שותפות מוגבלת לשיווק,,,יח,15,"ל 100 מ""ל",false,1,7.90,0.51,false,1,
7290019056553,false,שישיית מים מינרלים עין גדי 2 ליטר,יפאורה - שותפות מוגבלת לשיווק,,,יח,120,"ל 100 מ""ל",false,1,13.70,0.10,false,1,
7290019056560,false,עין גדי מים מינרלים בקבוק 2 ליטר,יפאורה שותפות מוגבלת לשיווק,,,יח,2,לליטר,false,1,3.30,1.50,false,1,
7290019056577,false,ספרינג קל מנגו 1.5 ליטר פיקדון,יפאורה - שותפות מוגבלת לשיווק,,,יח,15,"ל 100 מ""ל",false,1,8.90,0.57,true,1,
7290019056584,false,משקה קל תפוזים ספרינג 1.5 ליטר,יפאורה - שותפות מוגבלת לשיווק,,,יח,15,"ל 100 מ""ל",false,1,8.90,0.57,true,1,
7290019056591,false,משקה קל ענבים ספרינג 1.5 ליטר,יפאורה - שותפות מוגבלת לשיווק,,,יח,15,"ל 100 מ""ל",false,1,8.90,0.57,true,1,
7290019056607,false,משקה קל תפוחים ספרינג 1.5 ליטר,יפאורה - שותפות מוגבלת לשיווק,,,יח,1.50,לליטר,false,1,8.90,5.73,true,1,
7290019056614,false,משקה קל אפרסק ספרינג 1.5 ליטר,יפאורה - שותפות מוגבלת לשיווק,,,יח,15,"ל 100 מ""ל",false,1,8.90,0.57,true,1,
7290019056638,false,משקה קל ספרינג 1.5 ליטר תות בננה,יפאורה - שותפות מוגבלת לשיווק,,,יח,15,"ל 100 מ""ל",false,1,8.90,0.57,true,1,
7290019056645,false,משקה קל ספרינג 1.5 ליטר אגס תפוח סברס,יפאורה - שותפות מוגבלת לשיווק,,,יח,15,"ל 100 מ""ל",false,1,8.90,0.57,true,1,
7290019056652,false,משקה קל ספרינג 1.5 ליטר אננס בננה,יפאורה - שותפות מוגבלת לשיווק,,,יח,15,"ל 100 מ""ל",false,1,8.90,0.57,true,1,
7290019056669,false,משקה קל ספרינג 1.5 ליטר תפוחים דיאט,יפאורה - שותפות מוגבלת לשיווק,,,יח,15,"ל 100 מ""ל",false,1,8.90,0.57,true,1,
7290019056737,false,משקה קל קריסטל (2 ליטר)אשכוליות,יפאורה - שותפות מוגבלת לשיווק,,,יח,20,"ל 100 מ""ל",false,1,6.90,0.33,false,1,
7290019056744,false,קריסטל מיץ תפוזים 2 ליטר פיקדון,יפאורה - שותפות מוגבלת לשיווק,,,יח,20,"ל 100 מ""ל",false,1,6.90,0.33,false,1,
7290019056768,false,קריסטל משקה קל מנגו 2 ליטר פיקדון,יפאורה - שותפות מוגבלת לשיווק,,,יח,20,"ל 100 מ""ל",false,1,6.90,0.33,false,1,
7290019056775,false,משקה קל קריסטל (2 ליטר)מוגז ענבים,יפאורה - שותפות מוגבלת לשיווק,,,יח,20,"ל 100 מ""ל",false,1,6.90,0.33,false,1,
7290019056782,false,משקה קל קריסטל (2 ליטר)מוגז למון ליים,יפאורה - שותפות מוגבלת לשיווק,,,יח,20,"ל 100 מ""ל",false,1,6.90,0.33,false,1,
7290019056799,false,משקה קל קריסטל (2 ליטר)מוגז אקזוטי,יפאורה - שותפות מוגבלת לשיווק,,,יח,20,"ל 100 מ""ל",false,1,6.90,0.33,false,1,
7290019056805,false,משקה קל קריסטל (2 ליטר)מוגז תפוחים,יפאורה - שותפות מוגבלת לשיווק,,,יח,20,"ל 100 מ""ל",false,1,6.90,0.33,false,1,
7290019056812,false,משקה קל קריסטל (2 ליטר)מוגז מנטה,יפאורה - שותפות מוגבלת לשיווק,,,יח,20,"ל 100 מ""ל",false,1,6.90,0.33,false,1,
7290019056829,false,משקה קל קריסטל (2 ליטר)מוגז תפוזים,יפאורה - שותפות מוגבלת לשיווק,,,יח,20,"ל 100 מ""ל",false,1,6.90,0.33,false,1,
7290019056836,false,משקה קל קריסטל (2 ליטר)מוגז תות,יפאורה - שותפות מוגבלת לשיווק,,,יח,20,"ל 100 מ""ל",false,1,6.90,0.33,false,1,
7290019056843,false,משקה קל קריסטל (2 ליטר)מוגז קולה,יפאורה - שותפות מוגבלת לשיווק,,,יח,20,"ל 100 מ""ל",false,1,6.90,0.33,false,1,
7290019056959,false,מי עדן בקבוק מתכווץ שקט 1.5 מ``ל,יפאורה - שותפות מוגבלת לשיווק,,,יח,1.50,לליטר,false,1,2.80,1.67,false,1,
7290019056973,false,מי עדן שישיה בק `1.5ליטר פיקדון,יפאורה - שותפות מוגבלת לשיווק,,,יח,9,לליטר,false,1,13.70,1.32,false,1,
7290019101833,false,כוסות קרטון שתיה חמה8-B שווה,ח.כהן סוכנות מזון ומשקאות בע,,,יח,50,יח,false,20,8.90,0.18,true,1,
7290019153085,false,שוופס מוגז ליים מוחיטו ללא סוכר 1.5 ליטר-,יפאורה - שותפות מוגבלת לשיווק,,,יח,1.50,לליטר,false,1,8.90,5.73,true,1,
7290019153238,false,שוופס סודה בטעם תפוח 0.5 ליטר,יפאורה - שותפות מוגבלת לשיווק,,,יח,5,"ל 100 מ""ל",false,1,3.90,0.72,false,1,
7290019153252,false,שוופס סודה תפוח 1.5 ליטר רביעייה פיקדון,יפאורה - שותפות מוגבלת לשיווק,,,יח,60,"ל 100 מ""ל",false,1,12.20,0.18,false,1,
7290019153269,false,שוופס סודה אננס 1.5 ליטר רביעייה פיקדון,יפאורה - שותפות מוגבלת לשיווק,,,יח,60,"ל 100 מ""ל",false,1,12.20,0.18,false,1,
7290019153351,false,משקה קל תפוזינה 1.5 ליטר פינק אוזו,יפאורה - שותפות מוגבלת לשיווק,,,יח,15,"ל 100 מ""ל",false,1,8.90,0.57,true,1,
7290019153566,false,משקה קל רימון אוכמניות דובדבן ספרינג 1.5 ליטר,יפאורה - שותפות מוגבלת לשיווק,,,יח,15,"ל 100 מ""ל",false,1,8.90,0.57,true,1,
7290019167037,false,תותים בקצפת 82 גרם עדן קינוחים,תנובה בעמ ***,,,יח,0.82,ל 100 גרם,false,1,6.70,8.17,false,1,
7290019167044,false,קצפת עם קרם בייגלה מתוק מלוח עדן קינוחים 82 גרם,תנובה בעמ ***,,,יח,0.82,ל 100 גרם,false,1,6.70,8.17,false,1,
7290019204008,false,עוף טוב פסטרמה ארבעה פלפלים 350 גרם,קבוצת אוסם סחר שותפות מוגבלת,,,יח,3.50,ל 100 גרם,false,1,29.90,8.54,false,1,
7290019204305,false,חזה הודו פסטרמה ברביקיו 350 גר',קבוצת אוסם סחר שותפות מוגבלת,,,יח,3.50,ל 100 גרם,false,1,29.90,8.54,false,1,
7290019232179,false,ויסוצקי פלוס תה ירוק נענע עם ויטמינים,תה ויסוצקי (ישראל) בעמ,,,יח,1,ל 100 גרם,false,1,24.90,24.90,false,1,
7290019302315,false,יין ספארקלין אבטיח מלון 750 מל BUZZ,אגודת הכורמים בעמ,,,יח,7.50,"ל 100 מ""ל",false,1,24.90,3.28,true,1,
7290042051778,false,צלחות מתכלות ענקיות 25 יח` שווה*,ח.כהן סוכנות מזון ומשקאות בע,,,יח,25,יח,false,20,13.90,0.56,true,1,
7290042051921,false,כוסות יהלום שווה 40יח,ח.כהן סוכנות מזון ומשקאות בע,,,יח,1,יח,false,1,10.90,10.90,false,1,
7290042051969,false,"כוסות נייר גודל 12 כשל""פ 40יח ""שווה",GG.M ENTERPRISE,,,יח,1,למארז,false,20,15.90,15.90,true,1,
7290042051976,false,"כוסות נייר גודל 10 כשל""פ 40 יח` ""שווה""",GG.M ENTERPRISE,,,יח,50,יח,false,1,12.90,0.26,true,1,
7290042051990,false,כוסות שתיה חמה גודל 8B שווה 40 יחידות,ח.כהן סוכנות מזון ומשקאות בע,,,יח,40,יח,false,1,6.90,0.17,true,1,
7290100240144,false,בדין תרסיס למייבש הכביסה ורוד 500מל,יוניליוור ישראל שיווק בע`מ,,,יח,5,"ל 100 מ""ל",false,1,14.90,2.98,false,1,
7290100240366,false,קליק,"יוניליוור ישראלשיווק בע""מ",,,יח,0.70,ל 100 גרם,false,1,4.90,7,false,1,
7290100240632,false,קרקר פתית 200-300ג' 6 דגנים 250 גרם,"יוניליוור ישראל שיווק בע""מ",,,יח,2.50,ל 100 גרם,false,6,14.90,5.96,false,1,
7290100240656,false,"פתית שיפון בד""צ חדש 300X24 גר'",יוניליוור ישראל שיווק בע`מ,,,יח,3,ל 100 גרם,false,6,14.90,4.97,false,1,
7290100243671,false,"מרכך כביסה מרוכז אקסטרה כחול בדין 960 מ""ל",יוניליוור ישראל שיווק בע`מ,,,יח,96,"ל 100 ס""מ",false,1,15.90,0.17,false,1,
7290100249598,false,רוטב לעוף בטעם שום ודבש קנור (320 גרם),יוניליוור ישראל שיווק בע`מ,,,יח,3.20,ל 100 גרם,false,8,10.90,3.41,false,1,
7290100412343,false,קוויק מטליות לחות 99.9% לניקוי כללי בריח לימון 50 יחידות,שקד תבל בע`מ,,,יח,1,,false,1,8.90,8.90,true,1,
7290100653463,false,"פלמוליב - ארומה ג'ל רחצה מסאז' 500 מ""ל",קולגייט פלמוליב,,,יח,5,"ל 100 מ""ל",false,1,16.90,3.38,false,1,
7290100680650,false,מנה חמה נודלס-אטריות ירקות טעם תאילנדי אסם 76 ג',קבוצת אוסם סחר שותפות מוגבלת,,,יח,0.76,ל 100 גרם,false,1,5.90,7.76,false,1,
7290100680667,false,מנה חמה נודלס בסגנון סצ`ואן אסם (76 גרם),קבוצת אוסם סחר שותפות מוגבלת,,,יח,0.76,ל 100 גרם,false,1,5.90,7.76,false,1,
7290100680711,false,פירורית זהב אסם זהב 350ג',קבוצת אוסם סחר שותפות מוגבלת,,,יח,3.50,ל 100 גרם,false,1,8.40,2.40,false,1,
7290100680728,false,פירורית רגילה שקית 350 גרם,קבוצת אוסם סחר שותפות מוגבלת,,,יח,3.50,ל 100 גרם,false,1,7.30,2.09,false,1,
7290100681015,false,אינסטנט פודינג בטעם ריבת חלב אסם 84 גרם,קבוצת אוסם סחר שותפות מוגבלת,,,יח,0.84,ל 100 גרם,false,1,5.80,6.90,true,1,
7290100681138,false,מארז אפרופו חטיף תירס 3 יחידות,קבוצת אוסם סחר שותפות מוגבלת,,,יח,1.50,ל 100 גרם,false,1,12.90,8.60,true,1,
7290100681503,false,עסיס סירופ לימונענע דיאטטי 1 ליטר,קבוצת אוסם סחר שותפות מוגבלת,,,יח,10,"ל 100 מ""ל",false,1,19.90,1.99,false,1,
7290100684139,false,פסטה מיני מקרוני אסם (500 גרם),קבוצת אוסם סחר שותפות מוגבלת,,,יח,5,ל 100 גרם,false,1,5.80,1.16,true,1,
7290100685136,false,"אבקת מרק טעם עוף 1 ק""ג 1/8 אסם",קבוצת אוסם סחר שותפות מוגבלת,,,יח,10,ל 100 גרם,false,1,14.90,1.49,false,1,
7290100685334,false,אבקת מרק עוף אמיתי בשרי רכיבים טבעיים אסם 400 גרם,קבוצת אוסם סחר שותפות מוגבלת,,,יח,4,ל 100 גרם,false,1,19.90,4.98,false,1,
7290100685341,false,אבקת מרק טעם עוף זך רכיבים טבעיים אסם 400 גרם,קבוצת אוסם סחר שותפות מוגבלת,,,יח,4,ל 100 גרם,false,1,16.90,4.23,true,1,
7290100689301,false,אבקת מרק בטעם עוף זך עדיף אסם 400 גרם,קבוצת אוסם סחר שותפות מוגבלת,,,יח,4,ל 100 גרם,false,1,13.90,3.48,true,1,
7290100700020,false,גריסי פנינה סוגת (500 גרם),האי נאם סי או אל.טי.,,,יח,5,ל 100 גרם,false,1,5.90,1.18,true,1,
7290100700242,false,אורז מלא עגול סוגת (1 קג),"סוגת תעשיות בע""\מ",,,יח,10,ל 100 גרם,false,1,9.90,0.99,false,1,
7290100700396,false,"אורז יסמין קלאסי סוגת 1 ק""ג",האי נאם סי או אל.טי.,,,יח,10,ל 100 גרם,false,1,11.90,1.19,false,1,
7290100702611,false,פתיתים אפויים אורז 500 גרם סוגת,"אסיף תעשיות מזון בע""\מ",,,יח,5,ל 100 גרם,false,1,4.90,0.98,false,1,
7290100702628,false,פתיתים אפויים קוסקוס סוגת 500 גרם,"אסיף תעשיות מזון בע""\מ",,,יח,5,ל 100 גרם,false,1,4.90,0.98,false,1,
7290100702635,false,פתיתים אפויים כוכבים סוגת 500 גרם,"אסיף תעשיות מזון בע""",,,יח,5,ל 100 גרם,false,1,4.90,0.98,false,1,
7290100702642,false,פתיתים אפויים טבעות סוגת 500 גרם,"אסיף תעשיות מזון בע""",,,יח,5,ל 100 גרם,false,1,4.90,0.98,false,1,
7290100704516,false,חומוס מיני סוגת (500 גרם),"סוגת תעשיות בע""\מ",,,יח,5,ל 100 גרם,false,1,10.90,2.18,true,1,
7290100858608,false,עלית אבקת קקאו כשלפ 500 גרם,שטראוס קפה בי.ויn\.,,,יח,5,ל 100 גרם,false,1,23.90,4.78,false,1,
7290100921616,false,סוד סבון לאסלה 4 כדוריות בניחוח אורנים 50 ג',גורי שיווק בעמ,,,יח,1,יח,false,1,7.90,7.90,true,1,
7290100922637,false,"הוואי שלישיית סבון נוזלי מי קוקוס 500 מ""ל",הנקל סוד בע`מ,,,יח,1.50,לליטר,false,1,15.90,10.60,true,1,
7290100924631,false,מרכך כביסה מרוכז לבגדי תינוקות ובעלי עור רגיש,גורי שיווק בעמ,,,יח,9,"ל 100 מ""ל",false,1,11.90,1.32,false,1,
7290100926109,false,סוד לבן חלומי 4 ל מרכך כביסה,גורי שיווק בעמ,,,יח,4,לליטר,false,1,16.90,4.23,false,1,
7290100928561,false,"אבקת כביסה בניחוח פרחים סוד 5 ק""ג",גורי שיווק בעמ,,,יח,50,ל 100 גרם,false,1,34.90,0.70,false,1,
7290100928585,false,"סוד אבקה שושן מרענן לצבעונית 5 ק""ג",גורי שיווק בעמ,,,יח,5,"לק""ג",false,1,34.90,6.98,false,1,
7290101551263,false,סילאן טבעי 700 גרם יד מרדכי,"שטראוס גרופ בע""מ",,,יח,0.70,ל 100 גרם,false,1,19.90,28.43,false,1,
7290101551539,false,יוגורט PRO בטעם אפרסק 0% 20 גרם חלבון בגביע,שטראוס גרופ בעמ/מצונן,,,יח,1.50,"ל 100 מ""ל",false,1,5.90,3.93,false,1,
7290101551584,false,תפוצ'יפס קידס מארז 10 יח' * 20 ג',"שטראוס פריטו ליי בע""מ )פ",,,יח,2,ל 100 גרם,false,1,12.90,6.45,false,1,
7290101551638,false,חטיף צ'יטוס כאפה בטעם קטשופ - מארז 10 יח',"שטראוס פריטו ליי בע""מ )פ",,,יח,2,ל 100 גרם,false,1,12.90,6.45,false,1,
7290101864127,false,ספריי להסרת כתמים וניש קליה (750 מל),רקיט בנקיזר (ניר איסט) בעמ,,,יח,7.50,"ל 100 מ""ל",false,1,16.90,2.25,true,1,
7290102030330,false,תפוצ`יפס אקסטרא מקסיקני 200 גרם +20 תו,"שטראוס פריטו ליי בע""\מ )",,,יח,2,ל 100 גרם,false,1,9.90,4.95,true,1,
7290102032334,false,אבקה להכנת משקה קפה בטעם וניל,"שטראוס גרופ בע""מ",,,יח,2,ל 100 גרם,false,1,22.90,11.45,false,1,
7290102390427,false,יוגורט ביו עם קציפת תות 3% שומן 150 ג' מולר,החברה המרכזית טלהפצת משקאות בע,,,יח,1.50,"ל 100 מ""ל",false,1,5.50,3.67,true,1,
7290102390465,false,יוגורט ביו עם קציפת אפרסק ופסיפלורה 3% שומן 150 ג' מולר,החברה המרכזית טלהפצת משקאות בע,,,יח,1.50,"ל 100 מ""ל",false,1,5.50,3.67,true,1,
7290102390489,false,יוגורט ביו עם קציפת לימון 3% שומן 150 ג' מולר,*החברה המרכזית להפצת משקאותבעמ,,,יח,1.50,"ל 100 מ""ל",false,1,5.50,3.67,true,1,
7290102391844,false,יוגורט ביו עם קציפת פירות יער3% שומן 150 ג' מולר,החברה המרכזית טלהפצת משקאות בע,,,יח,1.50,"ל 100 מ""ל",false,1,5.50,3.67,true,1,
7290102393039,false,"יוגורט ביו קרמי מיקס פצפוצי שוקולד 7.6% מולר 170 מ""ל",*החברה המרכזית להפצת משקאותבעמ,,,יח,1.70,"ל 100 מ""ל",false,1,5.90,3.47,false,1,
7290102394463,false,נעם גבינה צהובה פרוסה ואקום 28% טרה 500 גרם,החברה המרכזית טלהפצת משקאות בע,,,יח,5,ל 100 גרם,false,1,26.90,5.38,false,1,
7290102394821,false,גבינה צהובה 28% דק דק לפתיחה חוזרת 200,החברה המרכזית טלהפצת משקאות בע,,,יח,2,ל 100 גרם,false,1,16.90,8.45,false,1,
7290102395101,false,ממרח גבינה ושוקולד מוו טרה 200 גרם,החברה המרכזית טלהפצת משקאות בע,,,יח,2,ל 100 גרם,false,1,12.50,6.25,false,1,
7290102395217,false,"יוגורט ביאנקו 2% במתיקות מעודנת מולר 1.2 ק""ג",החברה המרכזית טלהפצת משקאות בע,,,יח,9,ל 100 גרם,false,1,21.90,2.43,false,1,
7290102395224,false,שמיניית יוגורט ביו ביאנקו 1.7% מולר 150 גרם,*החברה המרכזית להפצת משקאותבעמ,,,יח,8,יח,false,1,19.90,2.49,false,1,
7290102395439,false,מארז 8 גביעים יוגורט בטעם פירות יער וקיווי 3% Simply Fruit,*החברה המרכזית להפצת משקאותבעמ,,,יח,1.20,ל 100 גרם,false,1,31.90,26.58,false,1,
7290102395477,false,מעדן חלב בטעם שוקולד עם קצפת 123 ג' טרה,*החברה המרכזית להפצת משקאותבעמ,,,יח,1.43,"ל 100 מ""ל",false,1,2.90,2.03,false,1,
7290102395521,false,"שמנת לבישול 15% שומן 500 מ""ל טרה",החברה המרכזית טלהפצת משקאות בע,,,יח,5,"ל 100 מ""ל",false,1,17.90,3.58,false,1,
7290102396399,false,מארז 8 יחידות מעדן חלב בטעם שוקולד 1.5%,*החברה המרכזית להפצת משקאותבעמ,,,יח,8,למארז,false,1,14.90,1.86,false,1,
7290102396405,false,מארז 8 יחידות מעדן חלב בטעם וניל 1.5%,החברה המרכזית טלהפצת משקאות בע,,,יח,8,למארז,false,1,14.90,1.86,false,1,
7290102396436,false,מעדן בטעם שוקולד 1.5% שומן מוו (125 גרם),*החברה המרכזית להפצת משקאותבעמ,,,יח,1.43,"ל 100 מ""ל",false,1,2.90,2.03,true,1,
7290102396597,false,מעדן מוו וניל ומוס שוקולד טרה 118 גרם,*החברה המרכזית להפצת משקאותבעמ,,,יח,1.23,"ל 100 מ""ל",false,1,2.90,2.36,false,1,
7290102396665,false,צהובה פרוסות דקדק פתח סגור 15% 200 גר`,*החברה המרכזית להפצת משקאותבעמ,,,יח,2,ל 100 גרם,false,1,17.90,8.95,false,1,
7290102396740,false,מארז 8 גביעים יוגורט בטעם תות שדה ואפרסק 0% Simply Fruit,החברה המרכזית טלהפצת משקאות בע,,,יח,1.20,ל 100 גרם,false,1,31.90,26.58,false,1,
7290102396788,false,"טרה-מוו שוקו בשקית 200 מ""ל",החברה המרכזית טלהפצת משקאות בע,,,יח,2,"ל 100 מ""ל",false,1,2.90,1.45,false,1,
7290102396795,false,טרה-מוו שישיית שוקו-מאגדת 6*200מל,החברה המרכזית טלהפצת משקאות בע,,,יח,6,למארז,false,1,15.90,2.65,false,1,
7290102397310,false,מעדן מיני בטעם שוקולד קצפת מוו מאגדת 8 יח' * 70 ג',החברה המרכזית טלהפצת משקאות בע,,,יח,8,ל 100 גרם,false,1,12.90,1.61,true,1,
7290102397464,false,יוגורט ביו בתוספת גרעינים אגוזים וחמוציות 170 ג' מולר,החברה המרכזית טלהפצת משקאות בע,,,יח,1.50,"ל 100 מ""ל",false,1,5.90,3.93,false,1,
7290102397600,false,מיקס יוגורט בתוספת שקדים ובוטנים מקורמלים 170 ג' מולר,החברה המרכזית טלהפצת משקאות בע,,,יח,1.50,"ל 100 מ""ל",false,1,5.90,3.93,false,1,
7290102397617,false,יוגורט ביו קרמי עם כדורים מצופים שוקולד חום לבן,*החברה המרכזית להפצת משקאותבעמ,,,יח,1.50,"ל 100 מ""ל",false,1,5.90,3.93,false,1,
7290102397679,false,קוטג' וחצי טרה 5% מרכיבים טבעיים,*החברה המרכזית להפצת משקאותבעמ,,,יח,3.75,ל 100 גרם,false,1,8.90,2.37,false,1,
7290102397891,false,גבינה ניו יורק מותכת %16 4*25 גרם,החברה המרכזית טלהפצת משקאות בע,,,יח,1,ל 100 גרם,false,1,7.90,7.90,false,1,
7290102398065,false,חלב טרה בקרטון 2 ליטר מהדרין 3% - מוצר בפיקוח,*החברה המרכזית להפצת משקאותבעמ,,,יח,2,לליטר,false,1,12.40,6.20,false,1,
7290102398331,false,חלב מועשר דל לקטוז 2% שומן טרה 1 ליטר,*החברה המרכזית להפצת משקאותבעמ,,,יח,10,ל 100 גרם,false,1,7.90,0.79,false,1,
7290102398560,false,משקה שוקו מועשר בבקבוק 1 ליטר טרה,החברה המרכזית טלהפצת משקאות בע,,,יח,1,לליטר,false,1,12.90,12.90,true,1,
7290102398577,false,משקה חלב בטעם שוקו 2% בבקבוק אישי,החברה המרכזית טלהפצת משקאות בע,,,יח,0.25,"ל 100 מ""ל",false,1,5.90,23.60,true,1,
7290102398614,false,משקה חלב טרה ט. בננה 1ליטר בקבוק,*החברה המרכזית להפצת משקאותבעמ,,,יח,1,לליטר,false,1,12.90,12.90,true,1,
7290102398638,false,משקה חלב טרה ט.מוקה 1ליטר בקבוק,החברה המרכזית טלהפצת משקאות בע,,,יח,1,לליטר,false,1,12.90,12.90,true,1,
7290102398669,false,משקה חלב אייס קפוצ'ינו טרה 1 ליטר,החברה המרכזית טלהפצת משקאות בע,,,יח,10,ל 100 גרם,false,1,12.90,1.29,true,1,
7290102398782,false,.משקה סויה קלאסי 1ל בקבוק משק צוריא,*החברה המרכזית להפצת משקאותבעמ,,,יח,10,"ל 100 מ""ל",false,1,11.90,1.19,true,1,
7290102398799,false,משקה סויה במתיקות מופחתת משק צוריאל 1 ליטר,החברה המרכזית טלהפצת משקאות בע,,,יח,10,"ל 100 מ""ל",false,1,11.90,1.19,true,1,
7290102398805,false,משקה סויה בטעם וניל 1ל בקבוק משק צוריא,החברה המרכזית טלהפצת משקאות בע,,,יח,10,"ל 100 מ""ל",false,1,11.90,1.19,true,1,
7290102399802,false,יוגורט עם תות מולר אקטיב מועשר בחלבון 200 גר',החברה המרכזית טלהפצת משקאות בע,,,יח,2,"ל 100 מ""ל",false,1,5.90,2.95,true,1,
7290102840175,false,אינסטנט פודינג בטעם וניל מיה (85 גרם),מיה תעשיות מזון מ.ת.מ. בעמ,,,יח,0.85,ל 100 גרם,false,1,3.90,4.59,true,1,
7290102840199,false,ג`לי בטעם משמש 90 גר`מיה,מיה תעשיות מזון מ.ת.מ. בעמ,,,יח,0.85,ל 100 גרם,false,1,3.90,4.59,true,1,
7290102840205,false,אבקה להכנת ג'לי בטעם תות מיה 90 גרם,מיה תעשיות מזון מ.ת.מ. בעמ,,,יח,0.85,ל 100 גרם,false,1,3.90,4.59,true,1,
7290103120658,false,דאודורנט ספיד סטיק גל שחור 85 גרם,הנסיך- מפעל לייצור ט,,,יח,0.85,ל 100 גרם,false,1,19.90,23.41,true,1,
7290103129378,false,ספיד סטיק - דאודורנט ג'ל לגבר איקס 5 85 גרם,הנסיך- מפעל לייצור ט,,,יח,0.50,ל 100 גרם,false,1,19.90,39.80,true,1,
7290103404758,false,סלט כרוב אדום במיונז אחלה 120 גרם,שטראוס גרופ בעמ/מצונן,,,יח,0.12,ל 100 גרם,false,1,4.90,40.83,false,1,
7290104064012,false,חטיף פסק זמן GOOD שוקולד לבן גוד 36 גרם,שולן צ'יקולטה גידה ס,,,יח,0.36,ל 100 גרם,false,1,4.50,12.50,false,1,
7290104067693,false,חומוס אחלה עם תוספת חריף 150 גר,שטראוס גרופ בעמ/מצונן,,,יח,1.50,ל 100 גרם,false,1,5.90,3.93,false,1,
7290104068546,false,גומי מאסט בטעם לימון קולה ללא סוכר 28 ג' עלית,שטראוס גרופ בע`מ,,,יח,0.28,ל 100 גרם,false,1,4,14.29,false,1,
7290104508189,false,אסם 24 גביעי גלידה ממותקים 95 גרם,קבוצת אוסם סחר שותפות מוגבלת,,,יח,0.95,ל 100 גרם,false,1,13.90,14.63,false,1,
7290104570162,false,תמרים ללא חרצנים בואקום 500 גרם,מ.ד אטיאס סוכנויות מזון בע`מ,,,יח,5,ל 100 גרם,false,1,10.90,2.18,false,1,
7290104690246,false,נקה ארומה ס. נוזלי,החברה הדרומית לשיווק בעמ,,,יח,7,"ל 100 מ""ל",false,1,9.90,1.41,false,1,
7290104720499,false,מארז 8 יחידות מעדן דני בטעם וניל 1.5%,שטראוס גרופ בעמ/מצונן,,,יח,1,ל 100 גרם,false,1,14.90,14.90,false,1,
7290104726262,false,רביעייה מעדן דני שוקולד דיסני לבנים 125 גרם,שטראוס גרופ בעמ/מצונן,,,יח,5,ל 100 גרם,false,1,10.90,2.18,false,1,
7290104729003,false,"יד מרדכי - שמן זית כתית מעולה 2 קלאסי 750 מ""ל",מכוורת יד מרדכי שטרא,,,יח,7.50,"ל 100 מ""ל",false,1,34.90,4.65,true,1,
7290104960253,false,נקה 7 ארומה תחליב רחצה לבנדר ענוג 750,החברה הדרומית לשיווק בעמ,,,יח,7.50,ל 100 גרם,false,1,9.90,1.32,false,1,
7290104960352,false,"נקה 7 תחליב רחצה ארומה שקד וניל 750מ""ל",החברה הדרומית לשיווק בעמ,,,יח,7.50,ל 100 גרם,false,1,9.90,1.32,false,1,
7290104963216,false,סופטקר - אל סבון עדין לתינוק לעור רגיש 1 ליטר,החברה הדרומית לשיווק בעמ,,,ל 100 גרם,10,ל 100 גרם,false,1,14.90,1.49,false,1,
7290104963650,false,נקה 7 שמפו אל דמע סופטקר 1 ליטר,החברה הדרומית לשיווק בעמ,,,ל 100 גרם,10,ל 100 גרם,false,1,14.90,1.49,false,1,
7290104965647,false,קרליין דאו רול און נושם סוויט קיס לנערות,החברה הדרומית לשיווק בעמ,,,יח,0.75,ל 100 גרם,false,1,10.90,14.53,false,1,
7290105182289,false,בדי בדיקה גן עדן יהודית,אריסטוקרט מ.ב.ליבוא שווק בעמ,IL,,יח,1,,false,1,9.90,9.90,false,1,
7290105360250,false,קפסולות 09 עשיר וארומטי למכונת נספרסו עלית 10יח',הנסיך- מפעל לייצור ט,,,ל 100 גרם,0.50,ל 100 גרם,false,1,15.90,31.80,true,1,
7290105362339,false,"שמנת לבישול 15% 250 מ""ל יטבתה מהדרין",שטראוס גרופ בעמ/מצונן,,,יח,2.50,ל 100 גרם,false,1,8.10,3.24,true,1,
7290105363602,false,מקלות כיף כף קלאסי עלית (40 גרם),שולן צ'\יקולטה גידה סאן.,,,יח,0.40,ל 100 גרם,false,1,4.90,12.25,true,1,
7290105364289,false,מקלות כיף כף פצפוצים עלית 40 גרם,שולן צ'\יקולטה גידה סאן.,,,יח,0.40,ל 100 גרם,false,1,4.90,12.25,true,1,
7290105364302,false,"עלית חטיף שוקולד כיף כף מקלות אגוזים, 40 גרם",שולן צ'\יקולטה גידה סאן.,,,יח,0.40,ל 100 גרם,false,1,4.90,12.25,true,1,
7290105366993,false,סימפוניה גבינת שמנת פלפל שיפקה 5% שטראוס 200 גרם,שטראוס גרופ בעמ/מצונן,,,יח,2,ל 100 גרם,false,1,11.20,5.60,true,1,
7290105368225,false,חומוס עם פלפל שיפקה אחלה (400 גרם),שטראוס גרופ בעמ/מצונן,,,יח,4,ל 100 גרם,false,1,10.90,2.73,false,1,
7290105368331,false,מעדן מילקי בטעם תות עם קצפת,שטראוס גרופ בעמ/מצונן,,,יח,1.33,"ל 100 מ""ל",false,1,2.90,2.18,false,1,
7290105368904,false,"שמנת מתוקה להקצפה 32% שומן 250 מ""ל יוטבתה",שטראוס גרופ בעמ/מצונן,,,יח,2.50,ל 100 גרם,false,1,6.90,2.76,true,1,
7290105369130,false,סימפוניה גבינת שמנת בצל ירוק 5% שטראוס 200 גרם,שטראוס גרופ בעמ/מצונן,,,יח,2,ל 100 גרם,false,1,11.90,5.95,true,1,
7290105430496,false,ליידי ספיד סטיק סטיינגארד ספריי,קולגייט פלמוליב,,,יח,1.65,ל 100 גרם,false,1,14.90,9.03,true,1,
7290105439499,false,מאסטר שף מאסטר שף מיונז 480 גר כשלפ,רמיה סי.וי. הולנד,,,יח,4.81,ל 100 גרם,false,1,10.90,2.27,false,1,
7290105439581,false,מנה מאסטר שף חרדל דיזיון צרפתי 370 גר,רמיה סי.וי.הולנד,,,יח,3.70,ל 100 גרם,false,1,9.90,2.68,false,1,
7290105691248,false,אסם חטיפי פריכונים טורטייה תירס 60 גרם,קבוצת אוסם סחר שותפות מוגבלת,,,יח,1,ל 100 גרם,false,1,6.90,6.90,false,1,
7290105691712,false,אסם עוגיות הפסקת קפה דגנים מלאים 230 גרם,קבוצת אוסם סחר שותפות מוגבלת,,,יח,2.30,יח,false,1,10.20,4.43,false,1,
7290105691934,false,קמח שמרים אסם 1 קילו,קבוצת אוסם סחר שותפות מוגבלת,,,יח,10,ל 100 גרם,false,1,8.90,0.89,false,1,
7290105693341,false,מארז עשיריית במבה אסם 25*10 גרם,קבוצת אוסם סחר שותפות מוגבלת,,,יח,2.50,ל 100 גרם,false,1,13.90,5.56,true,1,
7290105693457,false,עוגת הבית דמקה שוקו וניל 320 גר`בחושות,קבוצת אוסם סחר שותפות מוגבלת,,,יח,3.20,ל 100 גרם,false,1,11.90,3.72,false,1,
7290105693952,false,פירורית זהב אסם זהב שומשום 200 ג',קבוצת אוסם סחר שותפות מוגבלת,,,יח,2,ל 100 גרם,false,1,6.30,3.15,false,1,
7290105694614,false,פסטה אוסם ספגטי מהיר הכנה 500 גרם,קבוצת אוסם סחר שותפות מוגבלת,,,יח,5,ל 100 גרם,false,1,5.40,1.08,true,1,
7290105695024,false,פתיתים אפויים אורז עם אטריות אסם 500 גרם,קבוצת אוסם סחר שותפות מוגבלת,,,יח,5,ל 100 גרם,false,1,7.90,1.58,true,1,
7290105695321,false,עוגת הבית בראוניז פאדג' אסם 380 גרם,קבוצת אוסם סחר שותפות מוגבלת,,,יח,3.80,ל 100 גרם,false,1,14.90,3.92,false,1,
7290105963864,false,חזרת אחלה שטראוס 220,שטראוס גרופ בעמ/מצונן,,,יח,2.20,ל 100 גרם,false,1,12.50,5.68,false,1,
7290105964564,false,חומוס אחלה 400 גרם. שטראוס,שטראוס גרופ בעמ/מצונן,,,יח,4,ל 100 גרם,false,1,8.90,2.23,false,1,
7290105965738,false,יוגורט לשתיה בטעם תות בננה267 ג' דנונה,שטראוס גרופ בעמ/מצונן,,,יח,2.67,יח,false,1,4.90,1.84,false,1,
7290105968098,false,"סלט קולסלאו 500 גרם ""אחלה""",שטראוס גרופ בעמ/מצונן,,,יח,5,ל 100 גרם,false,1,14.90,2.98,true,1,
7290105968654,false,רביולי עם בטטה פרווה שטראוס (400 גרם),שטראוס גרופ בעמ/מצונן,,,יח,4,ל 100 גרם,false,1,19.90,4.98,true,1,
7290105968777,false,פריכיות 5 דגנים עם תחתית שוקולד מריר 70 גרם,"טחנת האבן תעשיות בע""",,,יח,0.70,ל 100 גרם,false,1,7.50,10.71,true,1,
7290106520066,false,"רבע לשבע שוקולד חלב במילוי אגוזים עלית 160 גרם בד""צ","הגביע מוצרי וופלים בע""\מ",,,יח,1.60,ל 100 גרם,false,1,11.90,7.44,true,1,
7290106520905,false,סלט טורקי אחלה (400 גרם),שטראוס גרופ בעמ/מצונן,,,יח,4,ל 100 גרם,false,1,15.90,3.98,true,1,
7290106520912,false,שמנת לבישול 9% שומן 258גר מהדרין יטבתה,שטראוס גרופ בעמ/מצונן,,,יח,2.58,ל 100 גרם,false,1,8.10,3.14,true,1,
7290106521049,false,אחלה טעמי השוק קוביות סלק 400 גר,שטראוס גרופ בעמ/מצונן,,,יח,4,ל 100 גרם,false,1,14.90,3.73,true,1,
7290106521926,false,קפה טורקי בצלופן עלית 150 גרם,שטראוס קפה בי.ויn\.,,,"ל 100 ס""מ",1.50,ל 100 גרם,false,1,10.90,7.27,true,1,
7290106526822,false,פריכיות אורז חום מלא תחתית שוקולד חלב 80 גרם,"טחנת האבן תעשיות בע""",,,יח,0.80,ל 100 גרם,false,1,7.50,9.38,true,1,
7290106528628,false,חטיף תירס בטעם טבעי דוריטוס (185 גרם),"שטראוס פריטו ליי בע""\מ )",,,יח,1.85,ל 100 גרם,false,1,6.90,3.73,false,1,
7290106572959,false,אפרופו חטיף קלאסי 5חי*25גר,קבוצת אוסם סחר שותפות מוגבלת,,,יח,1.25,ל 100 גרם,false,1,12.90,10.32,true,1,
7290106572997,false,"קמח שמרים לפיצה ופוקצ'ה אסם 1 ק""ג",קבוצת אוסם סחר שותפות מוגבלת,,,יח,10,ל 100 גרם,false,1,10.60,1.06,false,1,
7290106573277,false,חטיף קרקר קריספי עם זיתים כבושים,קבוצת אוסם סחר שותפות מוגבלת,,,יח,2,ל 100 גרם,false,1,11.80,5.90,false,1,
7290106573314,false,אוסם - קריספי טאפאס כפרי 150 גרם,קבוצת אוסם סחר שותפות מוגבלת,,,יח,1.50,ל 100 גרם,false,1,11.80,7.87,false,1,
7290106573628,false,חומוס עם טחינה צבר (400 גרם),קבוצת אוסם סחר שותפות מוגבלת,,,יח,4,ל 100 גרם,false,1,11.90,2.98,true,1,
7290106574953,false,בייגלה שטוחים כעכים שטוחים עם שומשום,קבוצת אוסם סחר שותפות מוגבלת,,,יח,3,ל 100 גרם,false,1,9.90,3.30,false,1,
7290106574977,false,בייגלה שטוחים טבעות עם מלח אסם (300 גרם),קבוצת אוסם סחר שותפות מוגבלת,,,יח,3,ל 100 גרם,false,1,9.90,3.30,false,1,
7290106575257,false,עוגת הבית סופלה בטעם שוקולד 340 ג' אסם,קבוצת אוסם סחר שותפות מוגבלת,,,יח,3.40,ל 100 גרם,false,1,11.90,3.50,false,1,
7290106576223,false,אפרופו מצופה שוקולד 40 ג'!,קבוצת אוסם סחר שותפות מוגבלת,,,יח,0.50,ל 100 גרם,false,1,4.90,9.80,true,1,
7290106576537,false,חומוס מסעדה צבר (700 גרם),קבוצת אוסם סחר שותפות מוגבלת,,,יח,7,ל 100 גרם,false,1,10.90,1.56,false,1,
7290106578692,false,ביסלי במבה מיקס מהדורת אליפות אסם 80 גרם,קבוצת אוסם סחר שותפות מוגבלת,,,יח,0.60,ל 100 גרם,false,1,3.90,6.50,true,1,
7290106578821,false,הבית עוגת שמרים קלאסית בטעם שוקולד 350גר.,קבוצת אוסם סחר שותפות מוגבלת,,,יח,3.50,ל 100 גרם,false,1,14.90,4.26,false,1,
7290106652996,false,כיף כף מקלות קוקוס חלבי 40 גר',סולן בעבור שטראוס,,,יח,0.40,ל 100 גרם,false,1,4.90,12.25,true,1,
7290106653504,false,סבבה בוטנים אמריקאים ברביקיו 50 גרם,שטראוס פריטו ליי בע`מ,,,יח,0.50,ל 100 גרם,false,1,2,4,false,1,
7290106656727,false,"עוגיות חיוכים שוקולד עלית 600 גרם בד""צ","אפיפית נצרת (1971) בע""\מ",,,יח,6,ל 100 גרם,false,1,16.90,2.82,false,1,
7290106656734,false,"עוגיות חיוכים וניל עלית 600 גרם בד""צ",אפיפית נצרת תעשיות ב,,,יח,6,ל 100 גרם,false,1,16.90,2.82,false,1,
7290106663121,false,"עוגה אישית במילוי קרם חלב ""מילקי קייק"" שטראוס",בובארד איטליה אס.פי.איי,,,יח,1.30,"ל 100 מ""ל",false,1,2.90,2.23,false,1,
7290106667266,false,חטיף תירס חמוץ חריף דוריטוס (185 גרם),"שטראוס פריטו ליי בע""\מ )",,,יח,1.85,ל 100 גרם,false,1,6.90,3.73,false,1,
7290106668577,false,"מיץ לימון טבעי 250 מ""ל ""יד מרדכי""",האי נאם סי או אל.טי.,,,יח,2.50,"ל 100 מ""ל",false,1,7.90,3.16,true,1,
7290106668713,false,יוגורט עם פירות יער 3% שומן 150 ג' דנונה,שטראוס גרופ בעמ/מצונן,,,יח,1.50,"ל 100 מ""ל",false,1,3.90,2.60,true,1,
7290106721913,false,מסטיק מאסט MUST ללא סוכר בטעם מנטה מרעננת,שטראוס גרופ בע`מ,,,יח,0.66,ל 100 גרם,false,1,9.90,15,true,1,
7290106721920,false,צנצנת מסטיק מאסט בטעם ספירמינט עדין 66 ג' עלית,"שטראוס גרופ בע""\מ.",,,יח,1,ל 100 גרם,false,1,9.90,9.90,true,1,
7290107280341,false,ריצפז מטליות לחות לניקוי הרצפה בניחוח מלון מפנק,החברה הדרומית לשיווק בעמ,,,יח,1,,false,1,11.90,11.90,false,1,
7290107280570,false,סנו - מקסימה ג'ל כביסה מרוכז לכביסה צבעונית 3 ליטר,החברה הדרומית לשיווק בעמ,,,יח,30,"ל 100 מ""ל",false,1,28.90,0.96,false,1,
7290107280600,false,טבליות למדיח סנו ספארק 100 טבליות במארז,החברה הדרומית לשיווק בעמ,,,יח,2,לליטר,false,1,58.90,29.45,false,1,
7290107280655,false,אבקת כביסה Baby לתינוקות ולעור רגיש,החברה הדרומית לשיווק בעמ,,,יח,30,ל 100 גרם,false,1,31.90,1.06,false,1,
7290107280709,false,ספארק נוזל הברקה למדיח סנו (700 מל),החברה הדרומית לשיווק בעמ,,,יח,1,,false,1,14.90,14.90,false,1,
7290107280716,false,מלח למדיח להגנה מפני אבנית סנו ספארק Spark,החברה הדרומית לשיווק בעמ,,,יח,20,"ל 100 מ""ל",false,1,11.90,0.60,false,1,
7290107280761,false,נוזל לניקוי כלים בניחוח לימון רענן סנו ספארק Spark,החברה הדרומית לשיווק בעמ,,,יח,10,"ל 100 מ""ל",false,1,11.90,1.19,false,1,
7290107645584,false,אבקת מרק עוף אמיתי רכיבים טבעיים 400 גרם - רבנות,יוניליוור ישראל שיווק בע`מ,,,יח,4,ל 100 גרם,false,1,19.90,4.98,false,1,
7290107646147,false,"חטיף שוגי קורנפלקס תלמה 156 גרם מארז 6 יחידות בד""צ",יוניליוור ישראל שיווק בע`מ,,,יח,1.56,ל 100 גרם,false,1,12.90,8.27,false,1,
7290107646154,false,"חטיף קוקומן פצפוצים תלמה 126 גרם מארז 6 יחידות בד""צ","יוניליוור ישראל שיווק בע""מ",,,יח,1.56,ל 100 גרם,false,1,12.90,8.27,false,1,
7290107646826,false,"חטיף שוגי שוקו תלמה 156 גרם מארז 6 יחידות בד""צ","יוניליוור ישראל שיווק בע""מ",,,יח,1.56,ל 100 גרם,false,1,12.90,8.27,false,1,
7290107647359,false,דומסטוס סבון אסלה 5 הפועלות בניחות אוקיינוס 3 יח' * 55 ג',יוניליוור ישראל שיווק בע`מ,,,יח,1.65,ל 100 גרם,false,1,14.90,9.03,false,1,
7290107647656,false,סולרו פרוט בוסט - קוקוס אננס (פרווה),"מיוצר ע""\י גלידת שטראוס",,,יח,2.90,ל 100 גרם,false,1,22.90,7.90,false,1,
7290107647731,false,קוקומן חום לבן 20% פחות סוכר 375 גרם ב,יוניליוור ישראל שיווק בע`מ,,,יח,375,ל 100 גרם,false,12,19.90,0.05,true,1,
7290107649100,false,בייגלה טבעות שומשום 300 גרם.,"יוניליוור ישראל שיווק בע""מ",,,יח,4,ל 100 גרם,false,1,9.90,2.48,true,1,
7290107649681,false,טילון פסק זמן - נוגט קראנץ',"מיוצר ע""\י גלידת שטראוס",,,יח,0.64,ל 100 גרם,false,1,6.90,10.78,true,1,
7290107649728,false,גלידה פרווה שוקולד ופרורי עוגיות שטראוס,"גלידת שטראוס בע""\מ, רחוב",,,יח,2,לליטר,false,1,22.90,11.45,false,1,
7290107649735,false,"גלידה 5 טעמים תות, לימון, בננה, משמש, פטל 2ל'","גלידת שטראוס בע""\מ, רחוב",,,יח,2,לליטר,false,1,22.90,11.45,false,1,
7290107649780,false,שוקובו שוקולד 85 גרם,"מיוצר ע""\י גלידת שטראוס",,,יח,0.85,ל 100 גרם,false,1,8.50,10,true,1,
7290107649858,false,טילון סופר מגנום וניל ושוקלד לבן,"מיוצר ע""\י גלידת שטראוס",,,יח,1,,false,1,9.90,9.90,true,1,
7290107871297,false,אוסם - מיני פריכונים עשבי תיבול 25 גרם,קבוצת אוסם סחר שותפות מוגבלת,,,יח,0.25,ל 100 גרם,false,1,3.90,15.60,false,1,
7290107871990,false,פסטה צינורות מהדרין אסם (500 גרם),קבוצת אוסם סחר שותפות מוגבלת,,,יח,5,ל 100 גרם,false,1,5.80,1.16,true,1,
7290107874427,false,מיני פריכונים בטעם זעתר אסם (25 גרם),קבוצת אוסם סחר שותפות מוגבלת,,,יח,0.25,ל 100 גרם,false,1,3.90,15.60,false,1,
7290107874441,false,פריכונים מיני בצל מקורמל אסם (25 גרם),קבוצת אוסם סחר שותפות מוגבלת,,,יח,0.25,ל 100 גרם,false,1,3.90,15.60,false,1,
7290107874502,false,ביסלי גריל קדמ. מארז אחיד 10 4*55 גרם,קבוצת אוסם סחר שותפות מוגבלת,,,יח,2.01,ל 100 גרם,false,1,11.90,5.92,true,1,
7290107877619,false,מארז במבה במילוי קרם נוגט 5*30ג' אסם,קבוצת אוסם סחר שותפות מוגבלת,,,יח,1.50,ל 100 גרם,false,1,12.90,8.60,true,1,
7290107879132,false,פריכיות פיטנס מיני פריכיות שוקולד חלב 22 ג',קבוצת אוסם סחר שותפות מוגבלת,,,יח,0.22,ל 100 גרם,false,1,4.90,22.27,false,1,
7290107932080,false,חלב 3% מועשר בבקבוק יטבתה (1 ליטר),שטראוס גרופ בעמ/מצונן,,,יח,1,לליטר,false,1,7.50,7.50,false,1,
7290107934473,false,שמינייה יוגורט לבן אקטיביה 1.5% דנונה 150 גרם,שטראוס גרופ בעמ/מצונן,,,יח,1.75,יח,false,1,19.90,11.37,false,1,
7290107936309,false,דנונה יוגורט 7% יווני לבן 130 ג',שטראוס גרופ בעמ/מצונן,,,יח,1.30,ל 100 גרם,false,1,3.30,2.54,false,1,
7290107937542,false,משקה יוגורט אקטיביה עם תות 1.2% שומן,שטראוס גרופ בעמ/מצונן,,,יח,1.20,"ל 100 מ""ל",false,1,4.90,4.08,false,1,
7290107937627,false,מסטיק מאסט Must קוביות ללא סוכר בטעם מנטה עדינה,שטראוס גרופ בע`מ,,,יח,0.58,ל 100 גרם,false,1,9.90,17.07,true,1,
7290107937641,false,צנצנת קוביות בזוקה גומי לעיסה 58גר,אסקום קונפקשיין,,,יח,1,ל 100 גרם,false,1,9.90,9.90,true,1,
7290107938396,false,שמיניית אקטימל תות דיסני בנים 108 גרם,שטראוס גרופ בעמ/מצונן,,,יח,8,"ל 100 מ""ל",false,1,21.20,2.65,false,1,
7290107943192,false,"שמנת חמוצה מהערבה 27% שומן 200 מ""ל יטבתה",שטראוס גרופ בעמ/מצונן,,,יח,2,"ל 100 מ""ל",false,1,4.10,2.05,false,1,
7290107943369,false,קוואקר שיבולת שועל ללא גלוטן 511 גר'.,שטראוס פריטו ליי בע`מ,,,יח,5,ל 100 גרם,false,1,17.90,3.58,false,1,
7290107944243,false,אפיפיות בטעם שוקולד 200 גרם כשר לפסח,"שטראוס גרופ בע""\מ",,,יח,2,ל 100 גרם,false,1,7.90,3.95,false,1,
7290107944472,false,סימפוניה גבינה במרקם שמנת 5% שום שמיר,שטראוס גרופ בעמ/מצונן,,,יח,2,ל 100 גרם,false,1,11.20,5.60,true,1,
7290107950190,false,מעדן חלב דל קלוריות בטעם שוקולד מריר 0.5% שומן,שטראוס גרופ בעמ/מצונן,,,יח,1.30,ל 100 גרם,false,1,3.30,2.54,false,1,
7290107950206,false,מעדן דיאט שוקולד שטראוס 130 גרם,שטראוס גרופ בעמ/מצונן,,,יח,1.30,ל 100 גרם,false,1,3.30,2.54,false,1,
7290107951140,false,וופל שוקולד 200,שטראוס גרופ בעמ,,,יח,2,ל 100 גרם,false,1,3.90,1.95,false,1,
7290107951715,false,צנצנת מסטיק מאסט קוביות בטעם ענבים 58 ג' עלית,"שטראוס גרופ בע""מ",,,יח,0.58,ל 100 גרם,false,1,9.90,17.07,true,1,
7290107953559,false,"מארז קפה טורקי עלית לדרך כשל""פ 168 גרם",הנסיך- מפעל לייצור ט,,,יח,1.40,ל 100 גרם,false,1,18.90,13.50,true,1,
7290107954976,false,משקה חלב PRO עם קפה 1.5% 25 גרם חלבון בבקבוק,שטראוס גרופ בעמ/מצונן,,,יח,0.35,"ל 100 מ""ל",false,1,6.50,18.57,false,1,
7290107956710,false,מארז מיני מילקי 70 גרם 16 יחידות,שטראוס גרופ בעמ (ח),,,יח,1.12,יח,false,1,19.90,17.77,false,1,
7290107957069,false,"מסטיק ע""למה ""בטעם אוכניות 66 גרם צנצנת ""עלית""","שטראוס גרופ בע""\מ",,,יח,1,ל 100 גרם,false,1,9.90,9.90,true,1,
7290107957076,false,"מסטיק ""עלמה"" בטעם ספירמנט 66 גרם צנצנת ""עלית""","שטראוס גרופ בע""\מ",,,יח,1,ל 100 גרם,false,1,9.90,9.90,true,1,
7290107957991,false,מילקי CAKE מיניס קרם חלב בציפוי שוקולד חלב שקית 16X9ג',בובארד איטליה אס.פי.איי,,,יח,0.1440,"ל 100 מ""ל",false,1,13.90,96.53,false,1,
7290107958035,false,יוגורט במתיקות מעודנת 2% ללא תוספת סוכר- מארז 8 יח,שטראוס גרופ בעמ/מצונן,,,יח,1.20,ל 100 גרם,false,1,18,15,false,1,
7290107973311,false,קולגייט מברשת שיניים 360 פחם זהב זוג,הנסיך- מפעל לייצור ט,,,יח,1,,false,1,24.90,24.90,false,1,
7290107974301,false,ליידי ספיד סטיק - דאודורנט ג'ל לאישה אלוורה 45 גרם,ליידי ספיד סטיק Lady Speed Stick,,,יח,0.50,"ל 100 מ""ל",false,1,19.90,39.80,true,1,
7290107974837,false,ממרח מתובל שום 253 גר מנה מאסטר שף,רמיה סי.וי.הולנד,,,יח,2.53,ל 100 גרם,false,1,7.90,3.12,false,1,
7290107975278,false,דאודורנט סטיק עם הגנת אלוורה Aloe Protection,ליידי ספיד סטיק Lady Speed Stick,,,יח,1,,false,1,19.90,19.90,true,1,
7290107975360,false,ליידי ספיד סטיק פיור פרשנס ג'ל נשים 65ג',ליידי ספיד סטיק Lady Speed Stick,,,יח,0.50,"ל 100 מ""ל",false,1,19.90,39.80,true,1,
7290107978453,false,חטיף בטעם גריל קראנצ,ש. שסטוביץ בע`מ,,,יח,0.55,ל 100 גרם,false,1,2.20,4,false,1,
7290107978460,false,קראנצ וס פלאפל 60ג חדש,ש. שסטוביץ בע`מ,,,יח,0.55,ל 100 גרם,false,1,2.20,4,false,1,
7290108350548,false,סנו ספארק נוזל כלים בניחוח לבנדר עם משאבה 1 ל',החברה הדרומית לשיווק בעמ,,,יח,10,"ל 100 מ""ל",false,1,11.90,1.19,false,1,
7290108350623,false,מרכך כביסה סופר מרוכז סופט סילק מקסימה 1 ל' סנו,החברה הדרומית לשיווק בעמ,,,יח,1,לליטר,false,1,17.90,17.90,false,1,
7290108350722,false,אורביטול גוניור משחת שיניים בוב ספוג 70ג,החברה הדרומית לשיווק בעמ,,,יח,0.70,ל 100 גרם,false,1,8.90,12.71,false,1,
7290108351149,false,ג'ל ניקוי כללי בתוספת אבקת סודה ריח כביסה סנו ג'ט 1.5 ליטר,החברה הדרומית לשיווק בעמ,,,יח,1.50,לליטר,false,1,11.90,7.93,false,1,
7290108351156,false,ג'ל ניקוי כללי בתוספת חומץ בריח לבנדר סנו ג'ט 1.5 ליטר,החברה הדרומית לשיווק בעמ,,,יח,1.50,לליטר,false,1,11.90,7.93,false,1,
7290108351507,false,מרכך כביסה אינספרישיין סנו מקסימה 4 ליטר,החברה הדרומית לשיווק בעמ,,,יח,40,"ל 100 מ""ל",false,1,21.90,0.55,false,1,
7290108351514,false,מרכך כביסה בלו בלוסום סנו מקסימה 4 ליטר,החברה הדרומית לשיווק בעמ,,,יח,40,"ל 100 מ""ל",false,1,21.90,0.55,false,1,
7290108351569,false,מבשם ומרכך למייבש כביסה Baby לתינוקות ולעור רגיש,החברה הדרומית לשיווק בעמ,,,יח,7.50,"ל 100 מ""ל",false,1,17.90,2.39,false,1,
7290108351583,false,"סנו - ג'ט פלוס חומץ ג'ל לניקוי אסלות לבנדר 750 מ""ל",החברה הדרומית לשיווק בעמ,,,יח,0,"ל 100 מ""ל",false,1,9.90,9.90,false,1,
7290108351590,false,"סנופרש הום בלו בלוסון בניחוח מרכך כביסה 350 מ""ל",החברה הדרומית לשיווק בעמ,,,יח,3.50,ל 100 גרם,false,1,10.90,3.11,false,1,
7290108351613,false,סנו ריצפז פרש הום 2 ליטר בניחוח מלון חלומי,החברה הדרומית לשיווק בעמ,,,יח,20,"ל 100 מ""ל",false,1,19.90,1,false,1,
7290108351699,false,סנו - ג'ט מטליות לחות לניקוי כללי בתוספת חומץ לבנדר שלישיה,החברה הדרומית לשיווק בעמ,,,יח,1,יח,false,1,19.90,19.90,false,1,
7290108351781,false,ג'ל לניקוי אסלות + חומץ ומלח לימון בריח הדרים,החברה הדרומית לשיווק בעמ,,,יח,0,"ל 100 מ""ל",false,1,9.90,9.90,false,1,
7290108351835,false,מרכך כביסה Pure Sensation סנו מקסימה 4 ליטר,החברה הדרומית לשיווק בעמ,,,יח,40,"ל 100 מ""ל",false,1,21.90,0.55,false,1,
7290108351996,false,"חיטוי בייבי 99.9% לחיטוי וניקוי בסביבת תינוקות 750 מ""ל",החברה הדרומית לשיווק בעמ,,,יח,10,ל 100 גרם,false,1,11.90,1.19,false,1,
7290108352207,false,מקסימה 40 קפסולות לכביסה בניחוח fresh burst,החברה הדרומית לשיווק בעמ,,,יח,8.40,ל 100 גרם,false,1,29.90,3.56,false,1,
7290108352320,false,"מבשם אויר סנו פרש הום בניחוח כותנה מלטפת 350 מ""ל",החברה הדרומית לשיווק בעמ,,,יח,3.50,ל 100 גרם,false,1,10.90,3.11,false,1,
7290108352337,false,"מטהר אויר פרש הום אוטומטיק מלון מפנק 250 מ""ל",החברה הדרומית לשיווק בעמ,,,יח,1.65,ל 100 גרם,false,1,13.90,8.42,false,1,
7290108352450,false,ריצפז פרש הום בניחוח מרכך כביסה בלו בלוסום,החברה הדרומית לשיווק בעמ,,,יח,20,"ל 100 מ""ל",false,1,19.90,1,false,1,
7290108352566,false,מרכך כביסה בבישום עוצמתי 4 ל' סנו מקסינה,החברה הדרומית לשיווק בעמ,,,יח,40,"ל 100 מ""ל",false,1,21.90,0.55,false,1,
7290108352573,false,מרכך כביסה סנו מקסימה בבישום עוצמתי 4 ליטר,החברה הדרומית לשיווק בעמ,,,יח,40,"ל 100 מ""ל",false,1,21.90,0.55,false,1,
7290108352641,false,סנו סושי מטלית הפלא לניקוי כללי במארז שלישייה,החברה הדרומית לשיווק בעמ,,,יח,1,,false,1,14.90,14.90,false,1,
7290108352689,false,כריות קרצוף ללכלוך קשה סנו סושי 9 יחידות,החברה הדרומית לשיווק בעמ,,,יח,1,,false,1,9.90,9.90,false,1,
7290108352825,false,ספוג הפלא נירוסטה סנו סושי 3יח',החברה הדרומית לשיווק בעמ,,,יח,1,,false,1,9.90,9.90,false,1,
7290108353686,false,מטלית חלומית לרצפה סנו סושי 1 יחידה,החברה הדרומית לשיווק בעמ,,,יח,1,,false,1,11.90,11.90,false,1,
7290108353884,false,"דאורדוראנט רול און קרמה אשכולית ולמון גראס 75 מ""ל",החברה הדרומית לשיווק בעמ,,,יח,0.75,ל 100 גרם,false,1,14.90,19.87,false,1,
7290108353990,false,"קרמה - קרם גוף קרמה מאסק 500 מ""ל",החברה הדרומית לשיווק בעמ,,,יח,5,"ל 100 מ""ל",false,1,23.90,4.78,false,1,
7290108354270,false,מרכך כביסה מרוכז בבישום עוצמתי 1 ל' סנו מקסימה,החברה הדרומית לשיווק בעמ,,,יח,1,לליטר,false,1,17.90,17.90,false,1,
7290108354430,false,"כיף שמפו לשיקום והזנה,שמן קוקוס וקרטין 700 מ""ל",החברה הדרומית לשיווק בעמ,,,יח,7,"ל 100 מ""ל",false,1,11.90,1.70,false,1,
7290108354614,false,"מרכך בניחוח מי קקטוס ושמן באבאסו 750 מ""ל נקה 7",החברה הדרומית לשיווק בעמ,,,יח,7.50,"ל 100 מ""ל",false,1,10.90,1.45,false,1,
7290108354751,false,"סנו - ג'ט מרסס לניקוי כללי בתוספת אבקת סודה 750 מ""ל",החברה הדרומית לשיווק בעמ,,,יח,7.50,"ל 100 מ""ל",false,1,11.90,1.59,false,1,
7290108355147,false,תחליב רחצה שמנהי הזנה נקה (7507 מל),טרופיקל דגיל תעשיות קוסמ,,,יח,7.50,לליטר,false,1,9.90,1.32,false,1,
7290108355154,false,נקה 7 שמפו לשיער שמני הזנה 750 מל,החברה הדרומית לשיווק בעמ,,,יח,0.75,"ל 100 מ""ל",false,1,10.90,14.53,false,1,
7290108355178,false,"קרמה - קרם ידיים חמאת שיאה וקוקוי 100 מ""ל",החברה הדרומית לשיווק בעמ,,,יח,1,"ל 100 מ""ל",false,1,9.90,9.90,false,1,
7290108356113,false,תחליב רחצה כיף ניחוח דבש 700 מל,החברה הדרומית לשיווק בעמ,,,יח,7,"ל 100 מ""ל",false,1,11.90,1.70,false,1,
7290108356137,false,תחליב רחצה כיף ניחוח לבנדר 700 מל,החברה הדרומית לשיווק בעמ,,,יח,7,"ל 100 מ""ל",false,1,11.90,1.70,false,1,
7290108356151,false,תחליב רחצה כיף ניחוחמאסק יסמין 700 מל,החברה הדרומית לשיווק בעמ,,,יח,7,"ל 100 מ""ל",false,1,11.90,1.70,false,1,
7290108356533,false,קרוליין 10 שמפו לשיער מתולתל 700 מל,החברה הדרומית לשיווק בעמ,,,יח,7,"ל 100 מ""ל",false,1,12.90,1.84,false,1,
7290108356588,false,קרוליין 10 מרכך לשיער מתולתל 700 מל,החברה הדרומית לשיווק בעמ,,,יח,7,"ל 100 מ""ל",false,1,12.90,1.84,false,1,
7290108356816,false,"סבון בוטני גרניום ופטצ'ולי לניקוי וטיפוח הידיים, טבעוני 1 ל' כיף",החברה הדרומית לשיווק בעמ,,,יח,5,ל 100 גרם,false,1,14.90,2.98,false,1,
7290108356854,false,מגבונים לחים בניחוח עדין - 5 יחידות במארז,החברה הדרומית לשיווק בעמ,,,יח,1,,false,1,19.90,19.90,false,1,
7290108356861,false,מגבוני בייבי כיף ללא בישום מארז חמישייה,החברה הדרומית לשיווק בעמ,,,יח,1,,false,1,19.90,19.90,false,1,
7290108357011,false,כיף קונדישינר לשיער שמן קוקוי 700 מל,החברה הדרומית לשיווק בעמ,,,יח,7,"ל 100 מ""ל",false,1,11.90,1.70,false,1,
7290108357073,false,"קרליין - נושם ביו דאודורנט ספריי 150 מ""ל Blossoms Citrus לאישה",החברה הדרומית לשיווק בעמ,,,יח,1.50,ל 100 גרם,false,1,13.90,9.27,false,1,
7290108357097,false,"קרליין - נושם ביו דאודורנט ספריי 150 מ""ל Velvet Rose לאישה",החברה הדרומית לשיווק בעמ,,,יח,1.50,ל 100 גרם,false,1,13.90,9.27,false,1,
7290108357202,false,סנוקליר לניקוי בניחוח בלו בלוסום 1 ליטר,החברה הדרומית לשיווק בעמ,,,יח,10,"ל 100 מ""ל",false,1,10.90,1.09,false,1,
7290108357240,false,"אוקסיג'ן פאוור תוסף להסרת כתמים קשים 1.4 ק""ג",החברה הדרומית לשיווק בעמ,,,יח,1.40,"ל 100 מ""ל",false,1,31.90,22.79,false,1,
7290108357264,false,"פרש אוטומטי מילוי בניחוח מרכך הכביסה אולטרה 375 מ""ל סנו",החברה הדרומית לשיווק בעמ,,,יח,1.65,ל 100 גרם,false,1,13.90,8.42,false,1,
7290108357295,false,"מרסס אוקסיג'ן מסיר כתמים סנו לכביסה לבנה 750 מ""ל",החברה הדרומית לשיווק בעמ,,,יח,7.50,"ל 100 מ""ל",false,1,17.90,2.39,false,1,
7290108357417,false,"קרמה - קרם גוף קרמה ורד ווניל 500 מ""ל",החברה הדרומית לשיווק בעמ,,,יח,5,"ל 100 מ""ל",false,1,23.90,4.78,false,1,
7290108357707,false,"כיף שמפו לשיער רגיל- תפוח זרעי צ'יה 700 מ""ל",החברה הדרומית לשיווק בעמ,,,יח,7,"ל 100 מ""ל",false,1,11.90,1.70,false,1,
7290108357745,false,"כיף שמפו ומרכך 700 מ""ל 2ב-1 תאנה ומנטה",החברה הדרומית לשיווק בעמ,,,יח,7,"ל 100 מ""ל",false,1,11.90,1.70,false,1,
7290108357769,false,"מרכך לשיער רגיל תפוח וזרעי צ'יה 700 מ""ל כיף",החברה הדרומית לשיווק בעמ,,,יח,7,"ל 100 מ""ל",false,1,11.90,1.70,false,1,
7290108357875,false,"כיף - שמפו לחות מוגברת עם אפרסק וחמאת מורומורו 700 מ""ל",החברה הדרומית לשיווק בעמ,,,יח,7,"ל 100 מ""ל",false,1,11.90,1.70,false,1,
7290108359060,false,סנו סושי כריות הפלא רב תכלתיות *4 לשבת,החברה הדרומית לשיווק בעמ,,,יח,1,,false,1,9.90,9.90,false,1,
7290108359824,false,"כיף - בייבי כיף קרם 500 מ""ל",החברה הדרומית לשיווק בעמ,,,יח,5,"ל 100 מ""ל",false,1,19.90,3.98,false,1,
7290108359985,false,סנו - ז'אוול מרסס קצף לניקוי וחינו בניחוח פריחה לבנה 1 ליטר,החברה הדרומית לשיווק בעמ,,,יח,10,"ל 100 מ""ל",false,1,17.90,1.79,false,1,
7290108371505,false,חנוכיה תיבה מוכספת,אבי מתנות בעמ,,,יח,1,,false,1,349,349,false,1,
7290108379068,false,"חנוכיה להבה ניקל 280 ס""מ",אבי מתנות בעמ,,,יח,1,,false,1,159,159,false,1,
7290108500677,false,כבד דג שיבוט בשמן דג וילי פוד 115 גרם,ג. וילי-פוד אינטרנשיונל בע`מ,,,יח,1.15,ל 100 גרם,false,1,9.90,8.61,true,1,
7290108502862,false,מלפפונים כבושים במלח 18-25 קטנים ויליפוד 600 גרם,ג. וילי-פוד אינטרנשיונל בע`מ,,,יח,0.60,ל 100 גרם,false,1,11.90,19.83,false,1,
7290108506495,false,"כנאפה מאפה בצק ""שערות"" קדאיף וגבינה",ג.וילי-פוד אינטרנשיונל **גבינו,,,יח,2,ל 100 גרם,false,1,12.90,6.45,false,1,
7290109351025,false,מלך החומוס חומוסטחינה 40% טחינה גולמית,קבוצת אוסם סחר שותפות מוגבלת,,,יח,4,ל 100 גרם,false,1,13.90,3.48,true,1,
7290109351971,false,פריכיות דגנים פיטנס מצופות שוקולד חלב,קבוצת אוסם סחר שותפות מוגבלת,,,יח,0.84,יח,false,1,14.50,17.26,true,1,
7290109352916,false,פריכיות דגנים פיטנס מצופות שוקולד לבן,קבוצת אוסם סחר שותפות מוגבלת,,,יח,0.84,יח,false,1,14.50,17.26,true,1,
7290109354101,false,קרקר לחמית ללא גלוטן 200 גר אסם,קבוצת אוסם סחר שותפות מוגבלת,,,יח,2,ל 100 גרם,false,1,10.90,5.45,true,1,
7290109358482,false,עוגיות קרמוגית במילוי קרם בטעם חלבה,קבוצת אוסם סחר שותפות מוגבלת,,,יח,2,ל 100 גרם,false,1,10.90,5.45,true,1,
7290109580043,false,"שניצל תירס קלאסי זוגלובק 1.75 ק""ג",נקניק זוגלובק נהריה,,,יח,1.75,ל 100 גרם,false,1,49.90,28.51,false,1,
7290109580302,false,מארז זוג תה מעושן 350+חזה עוף 350 זוגלובק,זוגלובק שיווק בעמ,,,יח,7,ל 100 גרם,false,1,26.90,3.84,false,1,
7290109580326,false,נקניקיות עוף זוגלובק 800 גרם בית יוסף,זוגלובק שיווק בעמ,,,יח,8,ל 100 גרם,false,1,19.90,2.49,false,1,
7290109580357,false,מארז זוג חרמון 300 +חרמון ברביקיו 300 גרם זוגלובק,זוגלובק שיווק בעמ,,,יח,6,ל 100 גרם,false,1,26.90,4.48,false,1,
7290109920665,false,אסטוניש מרסס מסיר אוכל שרוף במטבח יעקובי,יעקב יעקבי ובניו בע`מ,,,יח,7.50,"ל 100 מ""ל",false,1,11.90,1.59,false,1,
7290109921587,false,רצפות גרניט פורצלן ייבוש מהיר ללא סימנים,"יעקב יעקבי ובניו בע""מ",,,יח,1.25,"ל 100 מ""ל",false,1,14.90,11.92,false,1,
7290110110024,false,פחית פאנטה תות 330 מל סילק,החברה המרכזית להפצת משקאות בעמ,,,יח,3.30,"ל 100 מ""ל",false,1,5.50,1.58,true,1,
7290110110369,false,"שישייה בירה קרלסברג LUMA בקבוק 330 מ""ל",החברה המרכזית להפצת משקאות בעמ,,,יח,20,"ל 100 מ""ל",false,1,39.90,1.91,true,1,
7290110110574,false,פחית קוקה קולה סליק זירו לימון 330 מל,החברה המרכזית להפצת משקאות בעמ,,,יח,3.30,"ל 100 מ""ל",false,1,5.50,1.58,true,1,
7290110110611,false,ספרייט מופחת 1.5 ליט,החברה המרכזית להפצת משקאות בעמ,,,יח,15,"ל 100 מ""ל",false,1,8.60,0.57,false,1,
7290110110659,false,"ספרייט לימון ליים פחית 330מ""ל",החברה המרכזית להפצת משקאות בעמ,,,יח,3.30,"ל 100 מ""ל",false,1,4.90,1.39,true,1,
7290110113421,false,"בירה מעוננת קרלסברג luma 330 מ""ל",החברה המרכזית להפצת משקאות בעמ,,,יח,3.30,"ל 100 מ""ל",false,1,7,2.03,false,1,
7290110113476,false,בירה קרלסברג ללא אלכוהול - שישייה,החברה המרכזית להפצת משקאות בעמ,,,יח,6,יח,false,1,29.90,4.68,false,1,
7290110114787,false,נביעות+ מים מינרליים בטעם תפוח 1.5 ליטר,החברה המרכזית להפצת משקאות בעמ,,,יח,15,"ל 100 מ""ל",false,1,8.90,0.57,false,1,
7290110114794,false,נביעות+ מים מינרליים בטעם אפרסק 1.5 ליטר,החברה המרכזית להפצת משקאות בעמ,,,יח,1.50,לליטר,false,1,8.90,5.73,false,1,
7290110114800,false,נביעות+ מים מינרליים בטעם ענבים 1.5 ליטר,החברה המרכזית להפצת משקאות בעמ,,,יח,1.50,לליטר,false,1,8.90,5.73,false,1,
7290110114855,false,"נביעות מים מינרליים, שישיה 6 * 1.5 ליטר פקדון",החברה המרכזית להפצת משקאות בעמ,,,יח,90,"ל 100 מ""ל",false,1,13.70,0.13,true,1,
7290110114893,false,מיץ תפוזים מפוסטר סחוט 2 ליטר,*החברה המרכזית להפצת משקאותבעמ,,,יח,2,לליטר,false,1,28.90,14.30,true,1,
7290110114961,false,משקה קל בטעם תפוזים פריגת (1.5 ליטר),החברה המרכזית להפצת משקאות בעמ,,,יח,15,"ל 100 מ""ל",false,1,8.90,0.57,false,1,
7290110114985,false,משקה קל בטעם אשכוליות פריגת (1.5 ליטר),החברה המרכזית להפצת משקאות בעמ,,,יח,15,"ל 100 מ""ל",false,1,8.90,0.57,false,1,
7290110115005,false,משקה קל בטעם ענבים פריגת (1.5 ליטר),החברה המרכזית להפצת משקאות בעמ,,,יח,15,"ל 100 מ""ל",false,1,8.90,0.57,false,1,
7290110115029,false,משקה קל בטעם תפוחים פריגת (1.5 ליטר),החברה המרכזית להפצת משקאות בעמ,,,יח,15,"ל 100 מ""ל",false,1,8.90,0.57,false,1,
7290110115036,false,משקה קל בטעם מנגו פריגת (1.5 ליטר),החברה המרכזית להפצת משקאות בעמ,,,יח,15,"ל 100 מ""ל",false,1,8.90,0.57,false,1,
7290110115043,false,משקה קל בטעם לימונענע פריגת (1.5 ליטר),החברה המרכזית להפצת משקאות בעמ,,,יח,1.50,לליטר,false,1,8.90,5.73,false,1,
7290110115050,false,משקה קל בטעם תות בננה פריגת (1.5 ליטר),החברה המרכזית להפצת משקאות בעמ,,,יח,15,"ל 100 מ""ל",false,1,8.90,0.57,false,1,
7290110115081,false,פריגת צלול ענבים 1.5 ליטר פיקדון,החברה המרכזית להפצת משקאות בעמ,,,יח,15,"ל 100 מ""ל",false,1,8.90,0.57,false,1,
7290110115104,false,פריגת צלול אפרסק 1.5 ליטר פיקדון,החברה המרכזית להפצת משקאות בעמ,,,יח,15,"ל 100 מ""ל",false,1,8.90,0.57,false,1,
7290110115111,false,פריגת צלול אננס 1.5 ליטר פיקדון,החברה המרכזית להפצת משקאות בעמ,,,יח,15,"ל 100 מ""ל",false,1,8.90,0.57,false,1,
7290110115128,false,פריגת צלול בטעם לימונענע 1.5 ליטר פיקדון,החברה המרכזית להפצת משקאות בעמ,,,יח,15,"ל 100 מ""ל",false,1,8.90,0.57,false,1,
7290110115180,false,נביעות מים מינרלים שקט 1.5 ליטר פיקדון,החברה המרכזית להפצת משקאות בעמ,,,יח,15,"ל 100 מ""ל",false,1,2.90,0.17,false,1,
7290110115203,false,קוקה קולה 1.5 ליטר פיקדון,החברה המרכזית להפצת משקאות בעמ,,,יח,15,"ל 100 מ""ל",false,1,8.90,0.57,false,1,
7290110115227,false,קוקה קולה Zero בקבוק 1.5 ליטר פיקדון,החברה המרכזית להפצת משקאות בעמ,,,יח,15,"ל 100 מ""ל",false,1,8.90,0.57,false,1,
7290110115241,false,קוקה קולה דיאט לימון 1.5 ליטר פיקדון,החברה המרכזית להפצת משקאות בעמ,,,יח,15,"ל 100 מ""ל",false,1,8.90,0.57,false,1,
7290110115258,false,קוקה קולה זירו מנגו 1.5 ליטר פיקדון,החברה המרכזית להפצת משקאות בעמ,,,יח,15,"ל 100 מ""ל",false,1,8.90,0.57,false,1,
7290110115265,false,ספרייט לימון ליים 1.5 ליטר-,החברה המרכזית להפצת משקאות בעמ,,,יח,15,"ל 100 מ""ל",false,1,8.90,0.57,true,1,
7290110115272,false,ZERO ספרייט 1.5 ליטר פיקדון,החברה המרכזית להפצת משקאות בעמ,,,יח,15,"ל 100 מ""ל",false,1,8.90,0.57,true,1,
7290110115289,false,ספרייט 19 קל' לימון-נענע 1.5 ליטר פיקדון,החברה המרכזית להפצת משקאות בעמ,,,יח,15,"ל 100 מ""ל",false,1,8.90,0.57,true,1,
7290110115319,false,פאנטה אקזוטי פירות טרופיים 1.5ל פיקדון,החברה המרכזית להפצת משקאות בעמ,,,יח,15,"ל 100 מ""ל",false,1,8.90,0.57,false,1,
7290110115333,false,גזוז בטעם תות פאנטה 1.5 ליטר פיקדון,החברה המרכזית להפצת משקאות בעמ,,,יח,15,"ל 100 מ""ל",false,1,8.90,0.57,false,1,
7290110115340,false,פאנטה ענבים 1.5 ליטר פיקדון,החברה המרכזית להפצת משקאות בעמ,,,יח,1.50,לליטר,false,1,8.90,5.73,false,1,
7290110115357,false,קינלי סודה 1.5 ליטר פיקדון,החברה המרכזית להפצת משקאות בעמ,,,יח,1.50,לליטר,false,1,3.30,2,false,1,
7290110115364,false,קוקה קולה שישיות 1.5 ליטר פיקדון,החברה המרכזית להפצת משקאות בעמ,,,יח,6,למארז,false,1,49.90,8.02,false,1,
7290110115388,false,ספרייט לימון ליים 1.5 ליטר מארז שישייה,החברה המרכזית להפצת משקאות בעמ,,,יח,90,"ל 100 מ""ל",false,1,49.90,0.53,false,1,
7290110115395,false,ספרייט זירו שישיות 1.5 ליטר פיקדון,החברה המרכזית להפצת משקאות בעמ,,,יח,90,"ל 100 מ""ל",false,1,49.90,0.53,false,1,
7290110115401,false,קינלי סודה שישייה 1.5 ליטר פיקדון,החברה המרכזית להפצת משקאות בעמ,,,יח,90,"ל 100 מ""ל",false,1,15.90,0.16,true,1,
7290110115418,false,קוקה קולה זירו 1.5 ליטר מארז שישייה,החברה המרכזית להפצת משקאות בעמ,,,יח,90,"ל 100 מ""ל",false,1,49.90,0.53,false,1,
7290110115425,false,FUZE TEA גרין לימונענע -נענע 1.5 ליטר פיקדון,החברה המרכזית להפצת משקאות בעמ,,,יח,15,"ל 100 מ""ל",false,1,8.90,0.57,false,1,
7290110115449,false,פיוז-טי תה מנגו אננס 1.5 ליטר פיקדון,החברה המרכזית להפצת משקאות בעמ,,,יח,15,"ל 100 מ""ל",false,1,8.90,0.57,false,1,
7290110115456,false,פיוז-טי תה אפרסק 1.5 ליטר 19 קל פיקדון,החברה המרכזית להפצת משקאות בעמ,,,יח,15,"ל 100 מ""ל",false,1,8.90,0.57,false,1,
7290110115463,false,פיוז-טי תה אפרסק 1.5 ליטר פיקדון,החברה המרכזית להפצת משקאות בעמ,,,יח,15,"ל 100 מ""ל",false,1,8.90,0.57,false,1,
7290110115494,false,תה קר בטעם ענבים פיוז טי 1.5 ליטר,החברה המרכזית להפצת משקאות בעמ,,,יח,1.50,לליטר,false,1,8.90,5.73,false,1,
7290110115586,false,פריגת תפוזים 40% פחות סוכר 1.5 ליטר פיקדון,החברה המרכזית להפצת משקאות בעמ,,,יח,15,"ל 100 מ""ל",false,1,8.90,0.57,false,1,
7290110115593,false,פריגת אשכוליות 40% פחות סוכר 1.5 ליטר פיקדון,החברה המרכזית להפצת משקאות בעמ,,,יח,15,"ל 100 מ""ל",false,1,8.90,0.57,false,1,
7290110116194,false,נביעות+ סדרת 0 קלוריות לימון-ליים 1.5 ליטר,החברה המרכזית להפצת משקאות בעמ,,,יח,15,"ל 100 מ""ל",false,1,9.40,0.61,false,1,
7290110116385,false,"פחיות סטפאני מרשמלו אבטיח תות זירו 330 מ""ל",החברה המרכזית להפצת משקאות בעמ,,,יח,3.30,"ל 100 מ""ל",false,1,4.90,1.39,true,1,
7290110116552,false,ספרייט לימון היט 1.5 ליטר LIME פיקדון,החברה המרכזית להפצת משקאות בעמ,,,יח,15,"ל 100 מ""ל",false,1,8.90,0.57,true,1,
7290110116569,false,ספרייט זירו 1.5 ליטר LEMON HIT פיקדון,החברה המרכזית להפצת משקאות בעמ,,,יח,15,"ל 100 מ""ל",false,1,8.90,0.57,true,1,
7290110320850,false,פתיתים גבינה חצי קשה מגורדת 28% שומן,תנובה מרכז שיתופי לש,,,יח,2,ל 100 גרם,false,1,14.30,7.15,false,1,
7290110320867,false,פתיתים גבינה חצי קשה מגורדת 28% שומן,תנובה מרכז שיתופי לש,,,יח,2,ל 100 גרם,false,1,28.90,14.45,false,1,
7290110321277,false,קוטג בקטנה 5%. 100 גרם מהדרין תנובה,פארייפאבה אגרואינדוס,,,יח,1,ל 100 גרם,false,1,2.50,2.50,false,1,
7290110321284,false,קוטג' בקטנה 9% תנובה 100 גרם מהדרין,פארייפאבה אגרואינדוס,,,יח,1,ל 100 גרם,false,1,2.50,2.50,false,1,
7290110321680,false,יוגורט GO בטעם תות 20 גרם חלבון בגביע,מיוצר עי קונדיטוריית,,,יח,0.20,"ל 100 מ""ל",false,1,5.90,29.50,false,1,
7290110321703,false,יוגורט עם פירות יער בתוספת חלבוני חלב 2% שומן,מיוצר עי קונדיטוריית,,,יח,1,ל 100 גרם,false,1,5.50,5.50,false,1,
7290110322014,false,טופו בטעם טבעי תנובה ALTERNATIVE,שוורצקוף& הנקל דיסלד,,,יח,0.30,ל 100 גרם,false,1,12.90,43,false,1,
7290110322946,false,יופלה טיוב יוגורט במרקם חלק בטעם תות בננה כשרות רבנות 348 ג',תנובה - חלב,,,יח,0.3480,"ל 100 מ""ל",false,1,11.90,34.20,false,1,
7290110323097,false,מעדן גבינה עם מחית תות-תאומים 80 גר`,תנובה בעמ ***,,,יח,0.80,ל 100 גרם,false,1,1.90,2.38,false,1,
7290110323714,false,משקה קוקוס שקדים תנובה E אלטרנטיב,מיוצר עי קונדיטוריית,,,יח,10,לליטר,false,1,11.90,1.19,false,1,
7290110323998,false,מאגדת שמינייה מיני קרלו קצפת 8*77 ג',תנובה מרכז שיתופי לש,,,יח,6.16,ל 100 גרם,false,1,13.90,2.26,false,1,
7290110324070,false,גבינת חלומי מחלב בקר (30% 200 גר`)פירא,תנובה - חלב,,,יח,2,ל 100 גרם,false,1,18.90,9.45,false,1,
7290110324551,false,יופלה טיוב יוגורט במרקם חלק תות כשרות מהדרין,"תנובה בע""מ ***",,,יח,3.48,"ל 100 מ""ל",false,1,11.90,3.42,false,1,
7290110324711,false,ממרח סויה 9% שומן בטעם טבעי תנובה 250 גרם,מיוצר עי קונדיטוריית,,,יח,2.50,ל 100 גרם,false,1,7.90,3.16,false,1,
7290110324841,false,מעדן שקדים עם שוקולד מריר תנובה 125 גרם,מיוצר עי קונדיטוריית,,,יח,1.25,ל 100 גרם,false,1,3.90,3.12,false,1,
7290110324858,false,מעדן שקדים בטעם אגוזי לוז תנובה 125 גרם,מיוצר עי קונדיטוריית,,,יח,1.25,ל 100 גרם,false,1,3.90,3.12,false,1,
7290110324872,false,גבינה צהובה גלבוע (5% 200 גר`)תנובה,גלבוע - תנובה,,,יח,2,"ל 100 מ""ל",false,1,17.90,8.95,false,1,
7290110324926,false,משקה סויה ללא תוספת סוכר E אלטרנטיב,תנובה מרכז שיתופי לש,,,יח,1,לליטר,false,1,9.90,9.90,false,1,
7290110325084,false,מאגדת שמינייה מיני קרלו שוניל 8*100גרם,"תנובה בע""מ ***",,,יח,8,"ל 100 מ""ל",false,1,13.90,1.74,false,1,
7290110325114,false,"משקה יוגורט יופלה גו לייט תות בננה 250 מ""ל - רבנות",מיוצר עי קונדיטוריית,,,יח,0.25,"ל 100 מ""ל",false,1,5.90,23.60,false,1,
7290110325312,false,יופלה GO סויה 20 גרם חלבון בטעם תות תנובה 200 גרם,תנובה בעמ ***,,,יח,2,"ל 100 מ""ל",false,1,5.50,2.75,false,1,
7290110325510,false,יופלה טיוב יוגורט במרקם חלק בטעם וניל-יוניקור,"תנובה בע""מ ***",,,יח,3.48,"ל 100 מ""ל",false,1,9.90,2.84,false,1,
7290110325619,false,משקה שיבולת שועל תנובה E אלטרנטיב,מיוצר עי קונדיטוריית,,,יח,10,"ל 100 מ""ל",false,1,11.90,1.19,false,1,
7290110325701,false,פיראוס צזיקי יווני 9% שומן בשיטת יצור מסורתית על בסיס יוגורט,גוד פוד פרודקטס S.p,,,יח,2.50,ל 100 גרם,false,1,11.90,4.76,false,1,
7290110325893,false,משקה חלב GO מועשר בחלבון בטעם אייס קפה,מיוצר עי קונדיטוריית,,,יח,3.40,"ל 100 מ""ל",false,1,7.30,2.15,false,1,
7290110326210,false,יופלה און טופ פצפוצים תנובה 157 גרם,מיוצר עי קונדיטוריית,,,יח,1.57,"ל 100 מ""ל",false,1,4.90,3.12,false,1,
7290110326227,false,יופלה און טופ קורנפלקס תנובה 157 גרם,מיוצר עי קונדיטוריית,,,יח,1.57,"ל 100 מ""ל",false,1,4.90,3.12,false,1,
7290110326234,false,יופלה און טופ כוכבים תנובה 157 גרם,מיוצר עי קונדיטוריית,,,יח,1.57,"ל 100 מ""ל",false,1,4.90,3.12,false,1,
7290110326241,false,יופלה און טופ גרנולה תנובה 157 גרם,מיוצר עי קונדיטוריית,,,יח,1.57,"ל 100 מ""ל",false,1,4.90,3.12,false,1,
7290110326333,false,פרוסות גבינה סקנדינבית 170 גר`קולקשיין,"תנובה בע""מ ***",,,יח,1.70,ל 100 גרם,false,1,16.90,9.94,false,1,
7290110327033,false,משקה סויה תנובה גו מועשר בחלבון במתיקות מופחתת,מיוצר עי קונדיטוריית,,,יח,10,לליטר,false,1,11.90,1.19,false,1,
7290110327545,false,יופלה און טופ בטעם תות בתוספת פצפוצים מצופים שוקולד 157 גרם,מיוצר עי קונדיטוריית,,,יח,1.57,"ל 100 מ""ל",false,1,4.90,3.12,false,1,
7290110328016,false,משקה סויה מועשר בחלבון בטעם אגוזי לוז 250 גרם,שוורצקוף& הנקל דיסלד,,,יח,2.50,ל 100 גרם,false,1,5.90,2.36,false,1,
7290110328474,false,פלח פרמג`יאנו רג`יאנו 150 גר`קולקשיין ת,מנדלז סי.אר. פרודקשן,,,יח,1.50,ל 100 גרם,false,1,25.90,17.27,false,1,
7290110328481,false,פתיתי פרמג'יאנו רג'יאנו מחלב בקר 30%,ברטינלי גיאני א.,,,יח,1,ל 100 גרם,false,1,14.90,14.90,false,1,
7290110328627,false,יוגורט יופלה GO במרקם סמיך בטעם בננה קרמל 0%,מיוצר עי קונדיטוריית,,,יח,2,"ל 100 מ""ל",false,1,5.50,2.75,false,1,
7290110328771,false,יוגורט יופלה GO במרקם סמיך עם פירות יער 0%,מיוצר עי קונדיטוריית,,,יח,2,"ל 100 מ""ל",false,1,5.50,2.75,false,1,
7290110328788,false,יוגורט יופלה GO במרקם סמיך בטעם אפרסק 0%,תנובה מרכז שיתופי לש,,,יח,2,"ל 100 מ""ל",false,1,5.50,2.75,false,1,
7290110329136,false,מעדן חלב מעושר בחלבון בטעם שוקולד 120 ג' GO,תנובה מרכז שיתופי לש,,,יח,1.20,"ל 100 מ""ל",false,1,4.50,3.75,false,1,
7290110329143,false,מעדן חלב מעושר בחלבון בטעם וניל גביע 120 ג' GO,תנובה מרכז שיתופי לש,,,יח,1.20,"ל 100 מ""ל",false,1,4.50,3.75,false,1,
7290110329686,false,משקה GO חלב בטעם עוגיות 27 גר`חלבון,מיוצר עי קונדיטוריית,,,יח,3.40,"ל 100 מ""ל",false,1,7.30,2.15,false,1,
7290110329716,false,משקה חלב קר בטעם קפוצ'ינו 230 גרם תנובה,תנובה מרכז שיתופי לש,,,יח,2.30,"ל 100 מ""ל",false,1,6.90,3,false,1,
7290110329723,false,משקה חלב קר בטעם לאטה 230 גרם תנובה,תנובה מרכז שיתופי לש,,,יח,2.30,"ל 100 מ""ל",false,1,6.90,3,false,1,
7290110329730,false,"משקה חלב עם שוקולד וקפה בסגנון לאטה 2.7%  230 מ""ל תנובה",תנובה מרכז שיתופי לש,,,יח,2.30,"ל 100 מ""ל",false,1,6.90,3,false,1,
7290110329792,false,יוגורט סויה BIO Alternative אפרסק 150 ג' תנובה,מיוצר עי קונדיטוריית,,,יח,1.50,"ל 100 מ""ל",false,1,4.30,2.87,false,1,
7290110329808,false,יוגורט סויה BIO Alternative תות 150 ג' תנובה,מיוצר עי קונדיטוריית,,,יח,1.50,"ל 100 מ""ל",false,1,4.30,2.87,false,1,
7290110329822,false,יוגורט סויה BIO Alternative פירות יער 150 ג' תנובה,מיוצר עי קונדיטוריית,,,יח,1.50,"ל 100 מ""ל",false,1,4.30,2.87,false,1,
7290110329846,false,יוגורט סויה BIO Alternative בטעם טבעי 150 ג' תנובה,מיוצר עי קונדיטוריית,,,יח,1.50,"ל 100 מ""ל",false,1,4.30,2.87,false,1,
7290110550370,false,פריכיות משולשות קינואה ופלפל שחור 65 גרם,"שטראוס גרופ בע""מ",,,יח,0.65,ל 100 גרם,false,1,9.90,15.23,true,1,
7290110552220,false,יוגורט PRO בטעם תות 0% סוכר לבן 20 גרם חלבון בגביע,שטראוס גרופ בעמ/מצונן,,,יח,1.55,"ל 100 מ""ל",false,1,5.90,3.81,false,1,
7290110552237,false,יוגורט פרו בטעם אפרסק מנגו ללא סוכר 200 ג' דנונה,שטראוס גרופ בעמ/מצונן,,,יח,1.55,"ל 100 מ""ל",false,1,5.90,3.81,false,1,
7290110553180,false,אנרגי פריכיות אורז בטעם תפוח קינמון 50 ג,שטראוס גרופ בע`מ,,,יח,4,ל 100 גרם,false,1,6.90,1.73,true,1,
7290110553623,false,צ'יטוס קראנצ'י בטעם צ'דר חלפיניו - חלבי,"שטראוס פריטו ליי בע""\מ )",,,יח,0.80,יח,false,1,4.50,5.63,false,1,
7290110554460,false,ציטוס קראנץ צ'דר חלפיניו 65 ג' עלית,שטראוס פריטו ליי בעמ,,,יח,0.65,ל 100 גרם,false,1,3.90,6,false,1,
7290110554583,false,מארז חטיפי צ'יטוס פאפס בטעם גבינה - 10 יחידות,"שטראוס פריטו ליי בע""\מ )",,,יח,2,ל 100 גרם,false,1,12.90,6.45,false,1,
7290110555146,false,מעדן הגולן מוקה בודד 125גר,שטראוס גרופ בעמ (ח),,,יח,1.25,"ל 100 מ""ל",false,1,2.90,2.32,true,1,
7290110555603,false,ספלנדיד אבקה להכנת משקה בטעם שוקולטה,"שטראוס גרופ בע""מ",,,יח,2.20,ל 100 גרם,false,1,21.90,9.95,false,1,
7290110556242,false,"שוקולד מריר פרווה 100 גר' בד""ץ תוצרת חוץ","שטראוס גרופ בע""מ.",,,יח,1,ל 100 גרם,false,1,5.50,5.50,false,1,
7290110557027,false,חומוס עשיר 50% טחינה גולמית 400 ג' אחלה,שטראוס גרופ בעמ/מצונן,,,יח,4,ל 100 גרם,false,1,13.90,3.48,true,1,
7290110557102,false,מעדן חלב עם שוקולד מועשר בחלבון 150 ג' שטראוס,שטראוס גרופ בעמ/מצונן,,,יח,1.50,"ל 100 מ""ל",false,1,4.90,3.27,true,1,
7290110557133,false,מעדן הגולן וניל 125 ג' שטראוס,שטראוס גרופ בעמ/מצונן,,,יח,1.25,"ל 100 מ""ל",false,1,2.90,2.32,true,1,
7290110557478,false,חומוס גלילי במרקם מעודן 600 גרם,שטראוס גרופ בעמ/מצונן,,,יח,6,ל 100 גרם,false,1,12.90,2.15,false,1,
7290110558130,false,יוגורט אקטיביה עם שיבולת שועל ודבש 150 גרם,שטראוס גרופ בעמ/מצונן,,,יח,1.50,"ל 100 מ""ל",false,1,4.50,3,true,1,
7290110558154,false,דנונה לייט אנד פרי עוגת תפוחים 150ג דנונה,שטראוס גרופ בעמ/מצונן,,,יח,1.50,"ל 100 מ""ל",false,1,4.70,3.13,true,1,
7290110558253,false,דנונה שייק נונה ריפרש בננה אננס וצ'יה,שטראוס גרופ בעמ/מצונן,,,יח,2.50,"ל 100 מ""ל",false,1,5.90,2.36,false,1,
7290110558666,false,מעדן גבינה בטעם תפוח 88 ג' דניאלה,שטראוס גרופ בעמ/מצונן,,,יח,1.50,"ל 100 מ""ל",false,1,3.90,2.60,false,1,
7290110559762,false,ריל מאגדת אגוזים תמרים קוקוס שטראוס 105 גרם,"ואמואליס פודס אס.איי,",,,יח,1.05,ל 100 גרם,false,1,16.90,16.10,true,1,
7290110560317,false,"הפריכיות הטעימות חומוס, עדשים שחורות, קינואה ומלח ים","פרח תעשיו מזון בע""מ",,,יח,0.30,ל 100 גרם,false,1,4.90,16.33,false,1,
7290110560324,false,"הפריכיות הטעימות תפו""א, אורז, אפונה ומלח ים","פרח תעשיו מזון בע""מ",,,יח,0.30,ל 100 גרם,false,1,4.90,16.33,false,1,
7290110561604,false,מארז 8 יחידות מעדן גמדים בטעם תות בננה,שטראוס גרופ בעמ/מצונן,,,יח,8,ל 100 גרם,false,1,17.90,2.24,false,1,
7290110563431,false,"משקה קפה קר בסגנון קלאסי 230 מ""ל 1.6% יוטבתה",שטראוס גרופ בעמ/מצונן,,,יח,2.30,"ל 100 מ""ל",false,1,7.90,3.43,true,1,
7290110563462,false,חלב 2% דל לקטוז בבקבוק יטבתה 1 ליטר.,שטראוס גרופ בעמ/מצונן,,,יח,1,לליטר,false,1,8.50,8.50,false,1,
7290110564360,false,חומוס אחלה הסידרה המובחר 40% טחינה 400 גר',שטראוס גרופ בעמ/מצונן,,,יח,4,ל 100 גרם,false,1,13.90,3.48,true,1,
7290110564414,false,חומוס אחלה הסידרה המובחר 30% טחינה 600 גר',שטראוס גרופ בעמ/מצונן,,,יח,6,ל 100 גרם,false,1,15.90,2.65,false,1,
7290110565435,false,מעדן ג`לי בטעם פטל חלבי שטראוס (125 גרם,שטראוס גרופ בעמ/מצונן,,,יח,1.25,ל 100 גרם,false,1,2.10,1.68,true,1,
7290110565527,false,יוגורט PRO פרו 1.5% 20 גרם חלבון בגביע,שטראוס גרופ בעמ/מצונן,,,יח,1.50,"ל 100 מ""ל",false,1,5.90,3.93,false,1,
7290110566975,false,דנונה פרו יוגורט 0% תות עשיר בחלבון 200ג',שטראוס גרופ בעמ/מצונן,,,יח,1.55,"ל 100 מ""ל",false,1,5.90,3.81,false,1,
7290110567057,false,צנצנת מסטיק מאסט קוביות מנטה חזקה 66 ג' עלית,אסקום קונפקשיין,,,יח,0.58,ל 100 גרם,false,1,9.90,17.07,true,1,
7290110568238,false,"קצפת צמחית 21% שומן 250 מ""ל יוטבתה",שטראוס גרופ בעמ/מצונן,,,יח,2.50,"ל 100 מ""ל",false,1,8.30,3.32,false,1,
7290110568276,false,משקה וניל פרו Pro מועשר בחלבון 1.5%,שטראוס גרופ בעמ/מצונן,,,יח,0.35,"ל 100 מ""ל",false,1,6.50,18.57,false,1,
7290110568559,false,דוריטוס עלית מארז חמוץ חריף 10 יח' *25 ג',"שטראוס פריטו ליי בע""מ )פ",,,יח,0.25,ל 100 גרם,false,1,13.90,55.60,false,1,
7290110570224,false,משקה קפה קר בטעם עוגיות (230 גר`) יטבתה,שטראוס גרופ בעמ/מצונן,,,יח,2.30,"ל 100 מ""ל",false,1,7.90,3.43,true,1,
7290110571382,false,מעדן חלב בטעם וניל מעושר בחלבון 150 ג' שטראוס,שטראוס גרופ בעמ/מצונן,,,יח,1.50,"ל 100 מ""ל",false,1,4.90,3.27,true,1,
7290110571405,false,עלית - מיני פינוקיות בגביע פסק זמן 180 גרם,שטראוס גרופ בע`מ,,,יח,1.80,ל 100 גרם,false,1,10.90,6.06,true,1,
7290110571474,false,אצבעות רבע לשבע טבעוני פופקורן 125גר`,"הגביע מוצרי וופלים בע""\מ",,,יח,1.20,ל 100 גרם,false,1,11.90,9.92,true,1,
7290110572129,false,כיף כף מקלות שוקולד לבן 40 ג' עלית,סולן בעבור שטראוס,,,יח,0.40,ל 100 גרם,false,1,4.90,12.25,true,1,
7290110572969,false,כיף כף פצפצים עלית קרם לבן (40 גר`),שולן צ'\יקולטה גידה סאן.,,,יח,0.40,ל 100 גרם,false,1,4.90,12.25,true,1,
7290110576318,false,מאגדת שלישיית שוקולד אגוז לבן 300 ג' עלית,"שטראוס גרופ בע""מ",,,יח,3,ל 100 גרם,false,1,23.90,7.97,true,1,
7290110576363,false,"שוקולד ספלנדיד מריר 80% חלבי ,פולי קקאו מאוגנדה",שטראוס גרופ בע`מ,,,יח,1,ל 100 גרם,false,1,8.50,8.50,true,1,
7290110576370,false,מארז שלישייה שוקולד מריר חלבי עם אגוזי לוז,שטראוס גרופ בע`מ,,,יח,3,ל 100 גרם,false,1,23.90,7.97,true,1,
7290110576387,false,מאגדת שלישיית שוקולד אגוז חלב 300 ג' עלית,שטראוס גרופ בע`מ,,,יח,3,ל 100 גרם,false,1,23.90,7.97,true,1,
7290110576868,false,רבעיית גמדים סלט פירוט * 100 ג' שטראוס,שטראוס גרופ בעמ/מצונן,,,יח,4,"ל 100 מ""ל",false,1,11.30,2.83,true,1,
7290110577230,false,משקה חלב בטעם פיסטוק בבקבוק יטבתה 1 ליטר,שטראוס גרופ בעמ/מצונן,,,יח,1,לליטר,false,1,11.90,11.90,false,1,
7290111344206,false,האגיס נטורל קר מגבונים לחים בבישום עדין רביעייה,קימברלי קלארק ישראל שיווק בעמ,,,יח,1,,false,1,19.90,19.90,false,1,
7290111345753,false,תחבושות נטורל דואו נורמל 24 יח' קוטקס,קימברלי קלארק ישראל שיווק בעמ,,,יח,1,,false,1,19.90,19.90,true,1,
7290111345760,false,תחבושות נטורל דואו סופר 18 יח' קוטקס,קימברלי קלארק ישראל שיווק בעמ,,,יח,1,,false,1,19.90,19.90,true,1,
7290111354335,false,מיני מרשמלו בטעם וניל יוגטה 30 גרם,ליימן שליסל בעמ,,,יח,0.30,ל 100 גרם,false,1,2,6.67,false,1,
7290111564277,false,פריכיות דקות ונימוחות 3 דגנים פיטנס Fitness,קבוצת אוסם סחר שותפות מוגבלת,,,יח,1.20,ל 100 גרם,false,1,10.90,9.08,true,1,
7290111564291,false,פריכיות דקות ונימוחות 3 דגנים וקינואה פיטנס Fitness,קבוצת אוסם סחר שותפות מוגבלת,,,יח,1.20,ל 100 גרם,false,1,10.90,9.08,true,1,
7290111564727,false,עוגיות אסם קרמוגית וקרם אגוזים אסם 200ג',קבוצת אוסם סחר שותפות מוגבלת,,,יח,2,ל 100 גרם,false,1,10.90,5.45,true,1,
7290111566271,false,טבעול חטיפי תירס 657 גרם קפוא,קבוצת אוסם סחר שותפות מוגבלת,,,יח,6.57,ל 100 גרם,false,1,30.90,4.70,true,1,
7290111566318,false,שניצל דק מן הצומח בטעם ביתי 700 גרם,קבוצת אוסם סחר שותפות מוגבלת,,,יח,0.5640,ל 100 גרם,false,1,29.90,53.01,true,1,
7290111566332,false,"נקניקיות וינר מן הצומח 680 גרם ""טבעול""",קבוצת אוסם סחר שותפות מוגבלת,,,יח,6.80,ל 100 גרם,false,1,30.90,4.54,true,1,
7290111566417,false,טבעול טחון מן הצומח משופר 400 גרם,קבוצת אוסם סחר שותפות מוגבלת,,,יח,0.50,ל 100 גרם,false,1,29.90,59.80,true,1,
7290111566561,false,"שניצל ברוקולי 99 קלוריות 560 גר' ""טבעול""",קבוצת אוסם סחר שותפות מוגבלת,,,יח,5.60,ל 100 גרם,false,1,30.90,5.52,true,1,
7290111566585,false,"שניצל צמחוני 99 קלוריות 650 גר' ""טבעול""",קבוצת אוסם סחר שותפות מוגבלת,,,יח,6.50,ל 100 גרם,false,1,30.90,4.75,true,1,
7290111566660,false,טבעול קציצות עדשים כתומות 525 גרם,קבוצת אוסם סחר שותפות מוגבלת,,,יח,5.25,ל 100 גרם,false,1,30.90,5.89,true,1,
7290111566714,false,טבעול המבורגר צמחוני 99 קלוריות 600 גרם,קבוצת אוסם סחר שותפות מוגבלת,,,יח,6,ל 100 גרם,false,1,30.90,5.15,true,1,
7290111568107,false,פנה פלוס 400גר מסולסלת עתיר סיבים,קבוצת אוסם סחר שותפות מוגבלת,,,יח,0.40,ל 100 גרם,false,1,5.80,14.50,true,1,
7290111568206,false,ביסלי פארטי מיקס אסם 150 גר',קבוצת אוסם סחר שותפות מוגבלת,,,יח,0.15,ל 100 גרם,false,1,8.90,59.33,true,1,
7290111930805,false,קראנצ'וס טעם ברביקיו 55 גר',ש. שסטוביץ בע`מ,,,יח,0.55,ל 100 גרם,false,1,2.20,4,false,1,
7290111930850,false,קראנצ'וס טעם פיצה 55גר',ש. שסטוביץ בע`מ,,,יח,0.55,ל 100 גרם,false,1,2.20,4,false,1,
7290111930898,false,חטיף פוף כוכבים גריל אמריקאי 40 גרם,ש. שסטוביץ בע`מ,,,יח,0.40,יח,false,1,3.30,8.25,true,1,
7290111930904,false,חטיף פוף כוכבים בצל 40 גרם,ש. שסטוביץ בע`מ,,,יח,0.40,יח,false,1,3.30,8.25,true,1,
7290111930911,false,חטיף פוף לבבות קלאסי 40 גרם,ש. שסטוביץ בע`מ,,,יח,0.40,יח,false,1,3.30,8.25,true,1,
7290111930928,false,חטיף פוף לבבות גריל 40 גרם,ש. שסטוביץ בע`מ,,,יח,0.40,יח,false,1,3.30,8.25,true,1,
7290111930935,false,חטיף פוף טבעות קלאסי 40 גרם,ש. שסטוביץ בע`מ,,,יח,0.40,יח,false,1,3.30,8.25,true,1,
7290111933462,false,"רוטב צ'ילי מתוק מאסטר שף 300 מ""ל",ש. שסטוביץ בע`מ,,,יח,0.30,ל 100 גרם,false,1,9.90,33,false,1,
7290111935817,false,דאו ליידי ספיד סטיק סטיק דרמה פנינה 45 ג,ש.שסטוביץ בעמ,,,יח,1.50,ל 100 גרם,false,1,19.90,13.27,true,1,
7290111936784,false,מארז חמישיית חטיפי תמרים ואגוזי לוז פרי 125 גרם,"טבעית מוצרים מהטבע בע""\מ",,,יח,1.25,ל 100 גרם,false,1,14.90,11.92,false,1,
7290111937095,false,"ליידי ספיד סטיק דרמה רול און אלוורה 50 מ""ל",ליידי ספיד סטיק Lady Speed Stick,,,יח,0.50,"ל 100 מ""ל",false,1,14.90,29.80,true,1,
7290111937248,false,פרי מארז חטיפים 5 יחידות תמרים קשיו ונגיעות לוז כשלפ,"טבעית מוצרים מהטבע בע""\מ",,,יח,1.25,ל 100 גרם,false,1,14.90,11.92,false,1,
7290111938481,false,"מאזטר שף רוטב סויה בהירה 300 מ""ל",ש. שסטוביץ בע`מ,,,יח,3,"ל 100 מ""ל",false,1,9.90,3.30,false,1,
7290112002099,false,קולון גל כביסה מרוכז 2.5 ליטר קלאסי,רקיט בנקיזר (ניר איסט) בעמ,,,יח,25,"ל 100 מ""ל",false,1,24.90,1,true,1,
7290112003959,false,וניש מסיר כתמים אבקה לכביסה צבעונית 470 גרם,רקיט בנקיזר (ניר איסט) בעמ,,,יח,4.70,ל 100 גרם,false,1,19.90,4.23,false,1,
7290112330352,false,"יוגורט PRO בטעם וניל 0% , 20 גרם חלבון בגביע",שטראוס גרופ בעמ/מצונן,,,יח,2,"ל 100 מ""ל",false,1,5.90,2.95,false,1,
7290112330390,false,דנונה פרו פירות יער 20 גרם חלבון 0% שומן 200 גרם,שטראוס גרופ בעמ/מצונן,,,יח,2,"ל 100 מ""ל",false,1,5.90,2.95,false,1,
7290112332585,false,פריכיות משולש תפוא אורז בתיבול סלק ומלח ים אנרג'י 30 גרם,"פרח תעשיו מזון בע""מ",,,יח,0.30,ל 100 גרם,false,1,4.90,16.33,false,1,
7290112332691,false,פינוקיות עוגיות קרם פסק זמן אגוזים 200 גרם,"הגביע מוצרי וופלים בע""\מ",,,יח,2,ל 100 גרם,false,1,10.90,5.45,true,1,
7290112332899,false,עלית - צנצנת בזוקה פופים קלאסי 58 גרם,שטראוס גרופ בע`מ,,,יח,0.66,ל 100 גרם,false,1,9.90,15,true,1,
7290112334749,false,קפה טורקי בצלופן עלית 200 גרם+ 10% תוספת,"שטראוס גרופ בע""מ",,,יח,2.40,ל 100 גרם,false,1,15.90,6.63,false,1,
7290112335050,false,מרשמלו וניל 150 גרם ווסטהים,טופגאם תעשיות ממתקים,,,יח,1.50,ל 100 גרם,false,1,5.90,3.93,false,1,
7290112335500,false,"פרכיות אנרג'י חומוס,אורז,עדשים שחורות וקינואה 135 גרם","פרח תעשיות מזון בע""\מ",,,יח,1.35,ל 100 גרם,false,1,10.90,8.07,false,1,
7290112336637,false,סוכריות מאסט Must ללא סוכר יוגורט תות ואוכניות,"שטראוס גרופ בע""מ",,,יח,0.80,ל 100 גרם,false,1,7.90,9.88,true,1,
7290112336651,false,סוכריות מאסט ללא סוכר ריבת חלב 80 ג' עלית,"שטראוס גרופ בע""מ",,,יח,0.80,ל 100 גרם,false,1,7.90,9.88,true,1,
7290112337474,false,סוכריות מאסט ללא סוכר פטל לימון 80 ג' עלית,שטראוס גרופ בע`מ,,,יח,0.80,ל 100 גרם,false,1,7.90,9.88,true,1,
7290112337481,false,סוכריות מאסט ללא סוכר קפצ''ינו 80 ג' עלית,שטראוס גרופ בע`מ,,,יח,0.80,ל 100 גרם,false,1,7.90,9.88,true,1,
7290112338877,false,מעדן גבינה בטעם תות 3% 125ג' סקי,שטראוס גרופ בעמ/מצונן,,,יח,1.25,ל 100 גרם,false,1,3.80,3.04,true,1,
7290112339171,false,מעדן מוס שוקולד 81 גר`מילקי,שטראוס גרופ בעמ/מצונן,,,יח,0.81,"ל 100 מ""ל",false,1,3.40,4.20,false,1,
7290112339362,false,דנונה לייט אנד פריי בטעם קפוצ'ינו 150 גרם,שטראוס גרופ בעמ/מצונן,,,יח,1.50,"ל 100 מ""ל",false,1,4.50,3,true,1,
7290112339867,false,גמדים לדרך גבינה לבנה עם מחית תות,שטראוס גרופ בעמ/מצונן,,,יח,1,"ל 100 מ""ל",false,1,5.90,5.90,false,1,
7290112339874,false,גמדים לדרך גבינה לבנה עם מחיות תות ובננה,שטראוס גרופ בעמ/מצונן,,,יח,1,"ל 100 מ""ל",false,1,5.90,5.90,false,1,
7290112340245,false,מסטיק מאסט צנצנת בטעם דובדבן 66 גר` מגדי,"שטראוס גרופ בע""\מ",,,יח,0.58,ל 100 גרם,false,1,9.90,17.07,true,1,
7290112340276,false,פינוקיות עוגיית קרם קפה נמס 200 גרם,"הגביע מוצרי וופלים בע""\מ",,,יח,2,ל 100 גרם,false,1,10.90,5.45,true,1,
7290112341556,false,יוגורט אקטיביה עם צ'יה ותות 150 גרם,שטראוס גרופ בעמ/מצונן,,,יח,1.50,"ל 100 מ""ל",false,1,4.70,3.13,false,1,
7290112341679,false,אקטיביה יוגורט 3% דנונה (200 גרם),שטראוס גרופ בעמ/מצונן,,,יח,2,"ל 100 מ""ל",false,1,3.90,1.95,true,1,
7290112342102,false,סימפוניה גבינה במרקם שמנת בצל מקורמל 5%,שטראוס גרופ בעמ/מצונן,,,יח,2,ל 100 גרם,false,1,11.20,5.60,true,1,
7290112343420,false,"משקה חלב עם דגנים מלאים ובננה פרו יטבתה 350מ""ל",שטראוס גרופ בעמ/מצונן,,,יח,3.50,ל 100 גרם,false,1,7.90,2.26,false,1,
7290112343499,false,חטיף צ'יטוס פאפס אפוי בטעם גבינה,"שטראוס פריטו ליי בע""\מ )",,,יח,0.55,ל 100 גרם,false,1,3.50,6.36,false,1,
7290112344724,false,מילקי בטעם שוקולד בלונדי עם קצפת 133גר,שטראוס גרופ בעמ/מצונן,,,יח,1.70,"ל 100 מ""ל",false,1,3.40,2,false,1,
7290112344755,false,מילקי עם 26% פחות סוכר 135 גר}שטראוס{,שטראוס גרופ בעמ/מצונן,,,יח,1.35,ל 100 גרם,false,1,2.90,2.15,false,1,
7290112344786,false,קפה פלטינום קלאסיק עלית 200 גרם,הנסיך- מפעל לייצור ט,,,יח,2,ל 100 גרם,false,1,24.90,12.45,true,1,
7290112346360,false,בפלות אחת אחת בציפוי שוקולד חלב עלית 180 גרם,הגביע מוצרי וופלים ב,,,יח,1.80,ל 100 גרם,false,1,13.90,7.72,false,1,
7290112346537,false,עוגיות פינוקיות בטעם טורטית 200 ג' עלית,"הגביע מוצרי ופלים בע""\מ",,,יח,2,ל 100 גרם,false,1,10.90,5.45,true,1,
7290112346629,false,דנונה בר יוגורט+קורנפלקס מצופה שוקולד חלב ולבן 172 גרם,שטראוס גרופ בעמ/מצונן,,,יח,1.83,"ל 100 מ""ל",false,1,4.50,2.46,false,1,
7290112346797,false,יוגורט אקטיביה שיבולת שועל ושזיף 150 גרם,שטראוס גרופ בעמ/מצונן,,,יח,1.50,"ל 100 מ""ל",false,1,4.70,3.13,false,1,
7290112347008,false,גמדים לדרך גבינה לבנה עם מחית תות ושיבולת שועל,שטראוס גרופ בעמ/מצונן,,,יח,1,"ל 100 מ""ל",false,1,5.90,5.90,false,1,
7290112348616,false,עלית - קפה נמס אגוזי לוז 100 גרם,שטראוס גרופ בע`מ,,,יח,1,ל 100 גרם,false,1,14.90,14.90,true,1,
7290112349606,false,מעדן גבינה ויוגורט תות בננה 88 ג' דניאלה,שטראוס גרופ בעמ/מצונן,,,יח,0.88,"ל 100 מ""ל",false,1,3.90,4.43,false,1,
7290112349736,false,בזיליקום רוטב עגבניות לפסטה יד מרדכי 350 גרם,אמיליאנה קונסרב סוסייטה,,,יח,3.50,ל 100 גרם,false,1,10.90,3.11,true,1,
7290112349750,false,פיצה רוטב עגבניות לפיצה יד מרדכי 350 גרם,אמיליאנה קונסרב סוסייטה,,,יח,3.50,ל 100 גרם,false,1,10.90,3.11,true,1,
7290112350589,false,צ`יקו להכנת משקה צ`יקוריה עלית (65 גרם),שטראוס קפה בי.וי,,,יח,0.65,ל 100 גרם,false,1,11.90,18.31,false,1,
7290112351067,false,סילאן טבעי 100% תמר מג'הול ללא תוספת סוכר,שטראוס גרופ בע`מ,,,יח,6.30,ל 100 גרם,false,1,24.90,3.95,false,1,
7290112351258,false,עוגיית קקאו פינוקיות שחור לבן 200 גר,"הגביע מוצרי ופלים בע""\מ",,,יח,2,ל 100 גרם,false,1,10.90,5.45,true,1,
7290112351753,false,מאגדת שלישיית פסק זמן קראנץ 96גר,שולן צ'\קולטה גידה סאן,,,יח,0.96,ל 100 גרם,false,1,11.90,12.40,false,1,
7290112355027,false,דנונה פרו 20 גרם חלבון בטעם קרמל מלוח 200 גרם,שטראוס גרופ בעמ/מצונן,,,יח,2,"ל 100 מ""ל",false,1,5.90,2.95,false,1,
7290112355102,false,גמדים סקוויז 100 גרם פאוץ סלט פירות 100 גרם,שטראוס גרופ בעמ/מצונן,,,יח,1,"ל 100 מ""ל",false,1,5.90,5.90,false,1,
7290112357113,false,גרגרי חומוס בקופסה 380 גר' טעם הטבע,"שטראוס גרופ בע""מ",,,יח,3.81,ל 100 גרם,false,1,6.90,1.81,true,1,
7290112358004,false,פסק זמן חטיף קראנץ עלית( 32 גר`),שולן צ'\יקולטה גידה סאן.,,,יח,0.45,ל 100 גרם,false,1,4.90,10.89,false,1,
7290112358127,false,דנונה פרו חלבון+מגנזיום- וניל ועוגיות 200 גרם,שטראוס גרופ בעמ/מצונן,,,יח,0.20,"ל 100 מ""ל",false,1,6.50,32.50,false,1,
7290112358219,false,רוטב צ`ילי מתוק יד מרדכי (300 גר`),אף.סי תבליני בגליל ב,,,יח,3,"ל 100 מ""ל",false,1,12.90,4.30,false,1,
7290112358431,false,עד חצות דאבל ביסקוויט עם שוקולד חלב -8 אריזות אישיות,ביסקוויטס טור ד'\אלבון,,,יח,2,ל 100 גרם,false,1,11.90,5.95,false,1,
7290112359384,false,עלית - קפה נמס אלפחורס ריבת חלב 100 גרם,שטראוס גרופ בע`מ,,,יח,1,ל 100 גרם,false,1,14.90,14.90,true,1,
7290112490032,false,"נמס בכוס טעם תירס קנור 31 גרם מארז זוגי בד""צ",יוניליוור ישראל שיווק בע`מ,,,יח,0.64,ל 100 גרם,false,1,6.50,10.16,true,1,
7290112490209,false,נמס בכוס מרק עגבניות עם קרוטונים רכיבים טבעיים,"יוניליוור ישראל שיווק בע""מ",,,יח,0.56,ל 100 גרם,false,1,6.50,11.61,true,1,
7290112490216,false,מרק נמס בכוס בטעם עוף קנור 100% רכיבים טבעיים,"יוניליוור ישראל שיווק בע""מ",,,יח,0.48,ל 100 גרם,false,12,6.50,13.54,true,1,
7290112490230,false,מרק נמס בכוס אפונה קנור 100% רכיבים טבעיים,"יוניליוור ישראל שיווק בע""מ",,,יח,0.64,ל 100 גרם,false,1,6.50,10.16,true,1,
7290112490674,false,קונפיטורה דובדבנים 778 50% פרי 340 גר-,יוניליוור ישראל שיווק בע`מ,,,יח,3.40,ל 100 גרם,false,1,12.90,3.79,false,1,
7290112490742,false,מרק עשיר פטריות עם גריסים רכיבים טבעיים 104 ג' קנור,"יוניליוור ישראל שיווק בע""מ",,,יח,10,ל 100 גרם,false,1,11.90,1.19,false,1,
7290112490759,false,מרק עשיר עוף עם אטריות רכיבים טבעיים 74 ג' קנור,"יוניליוור ישראל שיווק בע""מ",,,יח,10,ל 100 גרם,false,1,11.90,1.19,false,1,
7290112491770,false,בייגלה דקים דקים מלח ים בייגל בייגל 300 גרם.,יוניליוור ישראל שיווק בע`מ,,,יח,3,ל 100 גרם,false,1,9.90,3.30,true,1,
7290112491794,false,בייגלה דקים דקים בטעם שמנת ובצל בייגל בייגל 300 גרם,"יוניליוור ישראל שיווק בע""מ",,,יח,3,ל 100 גרם,false,1,9.90,3.30,true,1,
7290112492456,false,"שמפו פינוק לשיער יבש/פגום 700 מ""ל",יוניליוור ישראל שיווק בע`מ,,,יח,7,"ל 100 מ""ל",false,1,11.90,1.70,false,1,
7290112492463,false,"שמפו ומרכך 2 ב-1 לשיער רגיל פינוק 700 מ""ל.",יוניליוור ישראל שיווק בע`מ,,,יח,7,"ל 100 מ""ל",false,1,11.90,1.70,false,1,
7290112492470,false,"שמפו ומרכך 2 ב-1 לשיער יבש פינוק 700 מ""ל.",יוניליוור ישראל שיווק בע`מ,,,יח,7,"ל 100 מ""ל",false,1,11.90,1.70,false,1,
7290112492487,false,פינוק שמפו לשיער עם שמן מרוקאי 700 מל,"יוניליוור ישראל שיווק בע""מ",,,יח,7,"ל 100 מ""ל",false,1,11.90,1.70,false,1,
7290112492500,false,פינוק שמפו לשיער עם שמן קוקוס 700 מל,"יוניליוור ישראל שיווק בע""מ",,,יח,7,"ל 100 מ""ל",false,1,11.90,1.70,false,1,
7290112492531,false,"פינוק קונדישנר לשיער רגיל 700מ""ל","יוניליוור ישראל שיווק בע""מ",,,יח,7,"ל 100 מ""ל",false,1,11.90,1.70,false,1,
7290112492548,false,"מרכך פינוק עם שמן חוחובה 700 מ""ל","יוניליוור ישראל שיווק בע""מ",,,יח,7,"ל 100 מ""ל",false,1,11.90,1.70,false,1,
7290112492593,false,תחליב רחצה פינוק בניחוח פינוק קלאסי 700,יוניליוור ישראל שיווק בע`מ,,,יח,7,"ל 100 מ""ל",false,1,10.90,1.56,false,1,
7290112492609,false,"פינוק סבון נוזלי לבנדר ווניל 700 מ""ל","יוניליוור ישראל שיווק בע""מ",,,יח,7,"ל 100 מ""ל",false,1,10.90,1.56,false,1,
7290112492630,false,"שמפו ג'ל רחצה וסבון פנים 3 ב-1 לגבר פינוק 700 מ""ל",יוניליוור ישראל שיווק בע`מ,,,יח,7,"ל 100 מ""ל",false,1,11.90,1.70,false,1,
7290112492982,false,"אבקת מרק פטריות כשל""פ 100% רכיבים טבעיים 400 גרם",יוניליוור ישראל שיווק בע`מ,,,יח,4,ל 100 גרם,false,1,19.90,4.98,false,1,
7290112492999,false,קנור מרק עוף אמיתי 400 גרם פרווה,יוניליוור ישראל שיווק בע`מ,,,יח,4,ל 100 גרם,false,1,13.90,3.48,false,1,
7290112493088,false,נמס בכוס עדשים מרק רכיבים טבעיים קנור 54 ג',יוניליוור ישראל שיווק בע`מ,,,יח,0.64,ל 100 גרם,false,1,6.50,10.16,true,1,
7290112493293,false,קנור - נמס ירקות וקרוטונים ר.טבעי 44 גרם,"יוניליוור ישראל שיווק בע""מ",,,יח,0.44,ל 100 גרם,false,12,6.50,14.77,true,1,
7290112493316,false,מרק היום אפונה 100% רכיבים טביעיים קנור,יוניליוור ישראל שיווק בע`מ,,,יח,10,ל 100 גרם,false,1,11.90,1.19,false,1,
7290112493903,false,מעדן קפוא בטעמים תות לימון ענבים ומשמש,"מיוצר ע""\י גלידת שטראוס",,,יח,1,,false,1,7.90,7.90,true,1,
7290112493927,false,גלידה בטעם ריבת חלב 1.33ל' קרמיסימו,"גלידת שטראוס בע""\מ, רחוב",,,יח,1.33,לליטר,false,1,18.90,14.21,false,1,
7290112493965,false,קרמיסימו חלבית בטעם מסטיק וניל 665 גר,"גלידת שטראוס בע""\מ, רחוב",,,יח,1.33,לליטר,false,1,18.90,14.21,false,1,
7290112494221,false,חטיף ביסקויט שוקולד חלב קליק (65 גרם),יוניליוור ישראל שיווק בע`מ,,,יח,0.65,ל 100 גרם,false,1,4.90,7.54,false,1,
7290112494238,false,חטיף כדורים שוקולד חלב קליק (65 גרם),יוניליוור ישראל שיווק בע`מ,,,יח,0.65,ל 100 גרם,false,1,4.90,7.54,false,1,
7290112494276,false,קליק כריות בתפזורת כשר לפסח,יוניליוור ישראל שיווק בע`מ,,,יח,0.65,ל 100 גרם,false,1,4.90,7.54,false,1,
7290112494283,false,חטיף כדורים מעורב חום לבו 65 גר`קליק,יוניליוור ישראל שיווק בע`מ,,,יח,0.65,ל 100 גרם,false,1,4.90,7.54,false,1,
7290112494313,false,קליק - קורנפלקס תפזורת 65 גרם,"יוניליוור ישראל שיווק בע""מ",,,יח,0.65,ל 100 גרם,false,1,4.90,7.54,false,1,
7290112494344,false,קורנפלקס של אלופים תלמה (850 גרם)רבנות,"יוניליוור ישראל שיווק בע""מ",,,יח,8.50,ל 100 גרם,false,1,16.90,1.99,false,1,
7290112494351,false,קורנפלקס של אלופים תלמה (850 גרם).בדצ,יוניליוור ישראל שיווק בע`מ,,,יח,8.50,ל 100 גרם,false,1,16.90,1.99,false,1,
7290112494382,false,פירה בטעם ביתי 260 גרם-קופסא,יוניליוור ישראל שיווק בע`מ,,,יח,2.60,ל 100 גרם,false,1,13.90,5.35,true,1,
7290112494818,false,בדין-ג'ל לכביסה לבנה וצבעונית בייבי 2.5 ליטר,יוניליוור ישראל שיווק בע`מ,,,יח,25,"ל 100 מ""ל",false,1,27.90,1.12,false,1,
7290112495006,false,כריות דגנים במילוי נוגט בדצ 686 גרם,"יוניליוור ישראל שיווק בע""מ",,,יח,6.86,ל 100 גרם,false,10,24.90,3.63,false,1,
7290112495037,false,דגני בוקר בטעם שוקולד כדורים 375 ג' קוקומן,יוניליוור ישראל שיווק בע`מ,,,יח,3.75,ל 100 גרם,false,1,19.90,5.31,true,1,
7290112495044,false,דגני קוקומן פצפוצים תלמה (375 גרם),יוניליוור ישראל שיווק בע`מ,,,יח,3.75,ל 100 גרם,false,1,19.90,5.31,true,1,
7290112495105,false,נשנושים טעם שמנת בצל בייגל בייגל 260 גרם,"יוניליוור ישראל שיווק בע""מ",,,יח,2.60,ל 100 גרם,false,1,11.90,4.58,false,1,
7290112495112,false,נשנושים טעם זעתר בייגל בייגל 260 גרם,"יוניליוור ישראל שיווק בע""מ",,,יח,2.60,ל 100 גרם,false,12,11.90,4.58,false,1,
7290112495143,false,נשנושי קרקר קוקטייל מלוח בייגל בייגל 300 גרם,"יוניליוור ישראל שיווק בע""מ",,,יח,3,ל 100 גרם,false,12,11.90,3.97,false,1,
7290112495150,false,נשנושי קרקר עיגולים מלח בייגל בייגל 300 גרם,"יוניליוור ישראל שיווק בע""מ",,,יח,3,ל 100 גרם,false,1,11.90,3.97,false,1,
7290112495167,false,נשנושי קרקר שומשום בייגל בייגל 350 גרם,יוניליוור ישראל שיווק בע`מ,,,יח,3,ל 100 גרם,false,1,11.90,3.97,false,1,
7290112495174,false,נשנושי קרקר קוקטייל שומשום בייגל בייגל 300 גרם,יוניליוור ישראל שיווק בע`מ,,,יח,3,ל 100 גרם,false,1,11.90,3.97,false,1,
7290112495280,false,ברנפלקס ריבועי קינמון תלמה (400 גרם),יוניליוור ישראל שיווק בע`מ,,,יח,1,,false,1,19.90,19.90,false,1,
7290112495556,false,חטיף שוקולד נוגט שוקולד חלב שלישייה,"יוניליוור ישראל שיווק בע""מ",,,יח,105,ל 100 גרם,false,1,9.90,0.09,false,1,
7290112495754,false,רוטב לסלט אלף האיים הלמנס (305 מל),יוניליוור ישראל שיווק בע`מ,,,יח,3.05,ל 100 גרם,false,1,9.90,3.25,false,1,
7290112495761,false,רוטב לסלט אלף האיים לייט הלמנס (305 מל),"יוניליוור ישראל שיווק בע""מ",,,יח,3.05,ל 100 גרם,false,1,9.90,3.25,false,1,
7290112495785,false,רוטב לסלט שום (300 גרם)הלמנס,"יוניליוור ישראל שיווק בע""מ",,,יח,3,ל 100 גרם,false,1,9.90,3.30,false,1,
7290112495792,false,רוטב הלמנס שום לייט לסלט 305גר כשלפ,יוניליוור ישראל שיווק בע`מ,,,יח,3.05,ל 100 גרם,false,1,9.90,3.25,false,1,
7290112496027,false,"סירופ שוקולד לחיץ 580 מ""ל כשל""פ אפיכל",יוניליוור ישראל שיווק בע`מ,,,יח,5.80,"ל 100 מ""ל",false,1,11.90,2.05,false,1,
7290112496034,false,"סירופ מייפל לחיץ 580 מ""ל כשל""פ אפיכל",יוניליוור ישראל שיווק בע`מ,,,יח,5.80,"ל 100 מ""ל",false,1,11.90,2.05,false,1,
7290112498007,false,גרנולה פרוטאין בתוספת חלבון שקדים וחמוציות תלמה 300 ג',"יוניליוור ישראל שיווק בע""מ",,,יח,3,ל 100 גרם,false,1,17.90,5.97,true,1,
7290112498052,false,מארז פתית צ`יפס בטטה בטעם טבעי 84 ג`,יוניליוור ישראל שיווק בע`מ,,,יח,0.84,ל 100 גרם,false,1,13.90,16.55,false,1,
7290112498885,false,מאגדת גודי'ז תותים ושוקולד לבן 235 גרם,"גלידת שטראוס בע""\מ, רח'\",,,יח,2.40,"ל 100 מ""ל",false,1,27.90,11.63,false,1,
7290112498922,false,מאגדת מיני מגנום לבן שטראוס 250 גרם,"מיוצר ע""\י גלידת שטראוס",,,יח,2.50,ל 100 גרם,false,1,26.90,10.76,false,1,
7290112498939,false,שלגון בומבה בטעם וניל 80 גרם,"מיוצר ע""\י גלידת שטראוס",,,יח,1,,false,1,8.50,8.50,true,1,
7290112498946,false,קשת בענן ארטיק ילדים שטראוס 47 גרם,"גלידת שטראוס בע""\מ, רח'\",,,יח,0.47,ל 100 גרם,false,1,5.90,12.55,true,1,
7290112499103,false,טילון קורנטו קליק וניל עוגיות שטראוס 72 גרם,"צר ע""\י גלידת שטראוס בע\",,,יח,72,ל 100 גרם,false,1,6.50,0.09,true,1,
7290112499110,false,טילון קליק בטעם שוקולד 72 ג' שטראוס,"צר ע""י גלידת שטראוס",,,יח,0.70,ל 100 גרם,false,1,6.90,9.86,true,1,
7290112499127,false,שלגון גלידה שוקולד לבן ותות 77 גרם,"מיוצר ע""\י גלידת שטראוס",,,יח,0.77,ל 100 גרם,false,1,9.90,12.86,true,1,
7290112499189,false,"גלידת קרמיסימו חד קרן וניל תות, 1.33 ליטר","גלידת שטראוס בע""\מ, רחוב",,,יח,1.33,לליטר,false,1,18.90,14.21,false,1,
7290112499196,false,גלידה בטעם החלב של הקורנפלקס 1.33 ל' קרמיסימו,"גלידת שטראוס בע""\מ, רחוב",,,יח,1.33,לליטר,false,1,18.90,14.21,false,1,
7290112499448,false,"מרכך פינוק בתוספת שמן מרוקאי 700 מ""ל",יוניליוור ישראל שיווק בע`מ,,,יח,7,"ל 100 מ""ל",false,1,11.90,1.70,false,1,
7290112499455,false,פינוק תחליב רחצה 700 בתוספת שמן מרוקאי,"יוניליוור ישראל שיווק בע""מ",,,יח,7,"ל 100 מ""ל",false,1,10.90,1.56,false,1,
7290112499462,false,פינוק תחליב רחצה 700 בתוספת שמן קוקוס,יוניליוור ישראל שיווק בע`מ,,,יח,7,"ל 100 מ""ל",false,1,10.90,1.56,false,1,
7290112499509,false,"רקסונה - דאודורנט ספריי לאישה בניחוח אפרסק ולמון גראס 150 מ""ל","יוניליוור ישראל שיווק בע""מ",,,יח,1.50,"ל 100 מ""ל",false,6,14.90,9.93,true,1,
7290112499622,false,"אריזת חסכון 2 ל' פרווה - שוקו עוגיות , וניל צ'יפ","גלידת שטראוס בע""\מ, רחוב",,,יח,2,לליטר,false,1,22.90,11.45,false,1,
7290112499639,false,טילון סופר מגנום וניל צ'יפ שוקולד 110 גרם,"מיוצר ע""\י גלידת שטראוס",,,יח,1,,false,1,9.90,9.90,true,1,
7290112499646,false,"מעדן קפוא בטעם וניל עם וופל 108 גרם ""קורנטו""","מיוצר ע""\י גלידת שטראוס",,,יח,1,,false,1,9.90,9.90,true,1,
7290112499837,false,מגנום דואט שוקו לד עם נוגט שטראוס,"מיוצר ע""\י גלידת שטראוס",,,יח,9,ל 100 גרם,false,1,9.90,1.10,true,1,
7290112499844,false,מאגדת מיני מגנום דואט שוקולד עם נוגט שטראוס 310 גרם,"מיוצר ע""\י גלידת שטראוס",,,יח,3.10,ל 100 גרם,false,1,26.90,8.68,false,1,
7290112499905,false,טילון קורניטו קליק בטעם מרשמלו 72 גרם,"מיוצר ע""\י גלידת שטראוס",,,יח,72,ל 100 גרם,false,1,6.50,0.09,true,1,
7290112499929,false,מגנום שוקולד אימפלס פסח 120מל,"מיוצר ע""\י גלידת שטראוס",,,יח,1,,false,1,9.90,9.90,true,1,
7290112499936,false,מגנום שקדים אימפלס פסח 125מל,"מיוצר ע""\י גלידת שטראוס",,,יח,1,,false,1,9.90,9.90,true,1,
7290112499943,false,מיני מאגדת מיני מגנום טעמים שונים וניל+שוקו,"מיוצר ע""\י גלידת שטראוס",,,יח,2.50,ל 100 גרם,false,1,26.90,10.76,false,1,
7290112961266,false,בייגלה כפיות פיזור איטלקי 300 גרם אסם,קבוצת אוסם סחר שותפות מוגבלת,,,יח,3,ל 100 גרם,false,1,9.90,3.30,false,1,
7290112961372,false,פיטנס חטיפי פריכיות דקות קינמון 60 גרם,קבוצת אוסם סחר שותפות מוגבלת,,,יח,0.60,ל 100 גרם,false,1,8.90,14.83,true,1,
7290112961440,false,פיטנס חטיפי פריכיות שוקולד מריר 84 גרם,קבוצת אוסם סחר שותפות מוגבלת,,,יח,0.84,יח,false,1,14.50,17.26,true,1,
7290112961754,false,עוגיות שוקולד ציפס עם קרם בטעם אגוזים 220 גר',קבוצת אוסם סחר שותפות מוגבלת,,,יח,2.20,ל 100 גרם,false,1,10.90,4.95,true,1,
7290112962096,false,פתיתים אפויים לבבות 400 ג' אסם,קבוצת אוסם סחר שותפות מוגבלת,,,יח,4,ל 100 גרם,false,1,6.90,1.73,true,1,
7290112962287,false,טבעול שווארמה טבעונית 6*450 גרם,קבוצת אוסם סחר שותפות מוגבלת,,,יח,4.50,ל 100 גרם,false,1,29.90,6.64,true,1,
7290112963000,false,"רוטב צ'ילי מתוק פחת נתרן וסוכר 290 מ""ל אסם",קבוצת אוסם סחר שותפות מוגבלת,,,יח,2.90,"ל 100 מ""ל",false,1,10.90,3.76,true,1,
7290112963321,false,גריסיני בייגלה שטוח ללא גלוטן אסם 300גרם,קבוצת אוסם סחר שותפות מוגבלת,,,יח,3,ל 100 גרם,false,1,11.90,3.97,false,1,
7290112963918,false,פיטנס חטיפי קרקר דק רוזמרין 140 גרם,קבוצת אוסם סחר שותפות מוגבלת,,,יח,1.40,ל 100 גרם,false,1,11.90,8.50,true,1,
7290112964410,false,אסם רוטב אלף האיים חדש לסלט 290 גרם,קבוצת אוסם סחר שותפות מוגבלת,,,יח,2.90,"ל 100 מ""ל",false,1,10.90,3.76,true,1,
7290112964434,false,אסם רוטב קיסר חדש לסלט 295 גרם,קבוצת אוסם סחר שותפות מוגבלת,,,יח,2.90,"ל 100 מ""ל",false,1,10.90,3.76,true,1,
7290112964458,false,אסם רוטב ויניגרט חדש לסלט 295 גרם,קבוצת אוסם סחר שותפות מוגבלת,,,יח,2.90,"ל 100 מ""ל",false,1,10.90,3.76,true,1,
7290112964472,false,אסם רוטב שום חדש לסלט 290 גרם,קבוצת אוסם סחר שותפות מוגבלת,,,יח,2.90,"ל 100 מ""ל",false,1,10.90,3.76,true,1,
7290112964564,false,רוטב אלף האיים לייט לסלט אסם (295 מל),קבוצת אוסם סחר שותפות מוגבלת,,,יח,2.90,"ל 100 מ""ל",false,1,10.90,3.76,true,1,
7290112964601,false,רוטב בנוסח סצ'ואן הסדרה האסייתית,קבוצת אוסם סחר שותפות מוגבלת,,,יח,2.90,"ל 100 מ""ל",false,1,12.90,4.45,true,1,
7290112964625,false,רוטב שום לייט לסלט 310 גרם אסם,קבוצת אוסם סחר שותפות מוגבלת,,,יח,2.90,"ל 100 מ""ל",false,1,10.90,3.76,true,1,
7290112965165,false,מרק נמס פטריות אסם בדצ 48 גרם מארז זוגי,קבוצת אוסם סחר שותפות מוגבלת,,,יח,0.52,ל 100 גרם,false,1,5.50,10.58,false,1,
7290112965288,false,מרק נמס ירקות אסם בדצ 56 גרם מארז זוגי,קבוצת אוסם סחר שותפות מוגבלת,,,יח,0.52,ל 100 גרם,false,1,5.50,10.58,false,1,
7290112965301,false,זוג מרק נמס בטעם עוף עם שקדי מרק רגע חם,קבוצת אוסם סחר שותפות מוגבלת,,,יח,0.52,ל 100 גרם,false,1,5.50,10.58,false,1,
7290112965783,false,אוסם - ביסלי פריסטייל על האש 60 גרם,קבוצת אוסם סחר שותפות מוגבלת,,,יח,0.60,ל 100 גרם,false,1,3.90,6.50,true,1,
7290112965868,false,קרם קרקר במליחות מעודנת 250 גרם אסם,קבוצת אוסם סחר שותפות מוגבלת,,,יח,2.50,ל 100 גרם,false,1,9.90,3.96,true,1,
7290112965905,false,בייגלה שמיניות במליחות מעודנת אסם 400 גרם,קבוצת אוסם סחר שותפות מוגבלת,,,יח,3,ל 100 גרם,false,1,10.90,3.63,false,1,
7290112966094,false,עוגת הבית בטעם תפוז מופחת סוכראסם (400 ג,קבוצת אוסם סחר שותפות מוגבלת,,,יח,4,ל 100 גרם,false,1,11.90,2.98,false,1,
7290112966247,false,לחמית כוסמין 200 גרם אסם,קבוצת אוסם סחר שותפות מוגבלת,,,יח,2,ל 100 גרם,false,1,10.90,5.45,true,1,
7290112966841,false,אינסטנט פודינג בטעם שוקולד מריר 95 גרם,קבוצת אוסם סחר שותפות מוגבלת,,,יח,0.90,ל 100 גרם,false,1,5.10,5.67,true,1,
7290112967114,false,פיטנס חטיפי פריכיות קטניות ופלפל 60 גרם,קבוצת אוסם סחר שותפות מוגבלת,,,יח,0.60,ל 100 גרם,false,1,8.90,14.83,true,1,
7290112967138,false,בייגלה שמיניות ללא גלוטן 250 גרם אסם,קבוצת אוסם סחר שותפות מוגבלת,,,יח,2.50,ל 100 גרם,false,1,9.90,3.96,false,1,
7290112967381,false,פיטנס חטיפי פריכיות קטניות ומלח ים 60 גרם,קבוצת אוסם סחר שותפות מוגבלת,,,יח,0.60,ל 100 גרם,false,1,8.90,14.83,true,1,
7290112967848,false,אבקה להכנת ג`לי בטעם תות אסם (90 גרם) מו,קבוצת אוסם סחר שותפות מוגבלת,,,יח,0.90,ל 100 גרם,false,1,6.50,7.22,false,1,
7290112968340,false,צבר חומוס גרוס גס גס 400 גרם,קבוצת אוסם סחר שותפות מוגבלת,,,יח,4,ל 100 גרם,false,1,12.90,3.23,true,1,
7290112968708,false,"טבעול שניצל תירס עדה חרדית 1.3 ק""ג",קבוצת אוסם סחר שותפות מוגבלת,,,יח,1.30,ל 100 גרם,false,1,44.90,34.54,true,1,
7290112968722,false,טבעול נקניקיות מן הצומח עדה חרדית 1.2קג,קבוצת אוסם סחר שותפות מוגבלת,,,יח,1.20,ל 100 גרם,false,1,39.90,33.25,false,1,
7290112968807,false,80018416694פיטנס חטיפי קרקר דק סלק 150גר,קבוצת אוסם סחר שותפות מוגבלת,,,יח,1.50,ל 100 גרם,false,1,11.90,7.93,true,1,
7290112968821,false,חטיפי קרקר דק בטטה 140 גר` פיטנס,קבוצת אוסם סחר שותפות מוגבלת,,,יח,1.50,ל 100 גרם,false,1,11.90,7.93,true,1,
7290113192300,false,זיתים חרוזית מושחרים בית השיטה 275 גרם,קבוצת אוסם סחר שותפות מוגבלת,,,יח,2.75,ל 100 גרם,false,1,9.90,3.60,true,1,
7290113192317,false,זיתים מושחרים טבעות בית השיטה (280 גרם),קבוצת אוסם סחר שותפות מוגבלת,,,יח,2.80,ל 100 גרם,false,1,10.90,3.89,false,1,
7290113192331,false,בית השיטה זיתים ירוקים גדולים 340 גרם*,קבוצת אוסם סחר שותפות מוגבלת,,,יח,3.40,ל 100 גרם,false,1,9.90,2.91,false,1,
7290113192355,false,חרוזית זיתים ירוקים ללא גלעין 275 ג' בית השיטה,קבוצת אוסם סחר שותפות מוגבלת,,,יח,2.75,ל 100 גרם,false,1,9.90,3.60,true,1,
7290113192362,false,בית השיטה טבעות זיתים ירק.א2 12*280ג חדש,קבוצת אוסם סחר שותפות מוגבלת,,,יח,5.60,ל 100 גרם,false,1,9.90,1.77,false,1,
7290113192393,false,בית השיטה קוקטייל זיתים א2 336 גרם,קבוצת אוסם סחר שותפות מוגבלת,,,יח,3.36,ל 100 גרם,false,1,11.90,3.54,false,1,
7290113192478,false,בית השיטה מלפפונים במלח בינוני 10-12 320 גרם,קבוצת אוסם סחר שותפות מוגבלת,,,יח,3.20,ל 100 גרם,false,1,7.50,2.34,false,1,
7290113192492,false,בית השיטה מלפפונים בחומץ קטנים 1317 290 גרם,קבוצת אוסם סחר שותפות מוגבלת,,,יח,2.90,ל 100 גרם,false,1,10.90,3.76,false,1,
7290113192515,false,בית השיטה מלפפונים במלח קטן מאוד 1825 320 גרם,קבוצת אוסם סחר שותפות מוגבלת,,,יח,3.20,ל 100 גרם,false,1,10.90,3.41,false,1,
7290113192539,false,בית השיטה מלפפונים במלח גדול 79 320 גרם,קבוצת אוסם סחר שותפות מוגבלת,,,יח,3.20,ל 100 גרם,false,1,5.90,1.84,false,1,
7290113192546,false,"מלפפונים בחומץ רכיבים טבעיים 7-9 ""בית השיטה""",קבוצת אוסם סחר שותפות מוגבלת,,,יח,5.60,ל 100 גרם,false,1,6.30,1.13,false,1,
7290113192560,false,פלפל חריף כבוש שיפקה בית השיטה (430 גר`),קבוצת אוסם סחר שותפות מוגבלת,,,יח,2.30,ל 100 גרם,false,1,6.90,3,true,1,
7290113192577,false,בית השיטה כרוב כבוש א2 12*430גרם חדש,קבוצת אוסם סחר שותפות מוגבלת,,,יח,4.30,ל 100 גרם,false,1,7.90,1.84,false,1,
7290113192997,false,בית השיטה זית מרוקאי 340 גרם*,קבוצת אוסם סחר שותפות מוגבלת,,,יח,3.40,ל 100 גרם,false,1,12.90,3.79,false,1,
7290113193000,false,בית השיטה פלפל שיפקונית 230 גרם*,קבוצת אוסם סחר שותפות מוגבלת,,,יח,2.30,ל 100 גרם,false,1,9.90,4.30,false,1,
7290113193017,false,בית השיטה חרוזית קוקטייל זיתים 275 גרם,קבוצת אוסם סחר שותפות מוגבלת,,,יח,2.75,ל 100 גרם,false,1,14.90,5.42,false,1,
7290113193031,false,חרוזית קלמטה - זיתים שחורים ללא גלעין קלמטה,קבוצת אוסם סחר שותפות מוגבלת,,,יח,2.75,ל 100 גרם,false,1,14.90,5.42,false,1,
7290113193321,false,שמן זית כתית מעולה בית השיטה 750 מייל,קבוצת אוסם סחר שותפות מוגבלת,,,יח,7.50,ל 100 גרם,false,1,33.90,4.52,false,1,
7290113193369,false,בית השיטה תרסיס שמן קנולה מזוכך 150 מל,קבוצת אוסם סחר שותפות מוגבלת,,,יח,1.48,"ל 100 מ""ל",false,1,13.90,9.39,false,1,
7290113193406,false,"קוקטייל טבעות זיתים - זיתים ירוקים, שחורים מרינד",קבוצת אוסם סחר שותפות מוגבלת,,,יח,2.80,ל 100 גרם,false,1,14.90,5.32,false,1,
7290113194090,false,בית השיטה טבעות זיתים קלמטה 280 גרם,קבוצת אוסם סחר שותפות מוגבלת,,,יח,2.80,ל 100 גרם,false,1,14.90,5.32,false,1,
7290114310215,false,"שמנת מתוקה 38% רמת הגולן 250 מ""ל ווסטהיים - מוצר בפיקוח",החברה המרכזית טלהפצת משקאות בע,,,יח,2.50,"ל 100 מ""ל",false,1,6.47,2.59,false,1,
7290114310345,false,מעדן יוגורט בטעם תות 1.5% 125 גרם טרה,*החברה המרכזית להפצת משקאותבעמ,,,יח,5,ל 100 גרם,false,1,2.90,0.58,true,1,
7290114310611,false,"משקה חלב בננה בבקבוק פקק ספורט טרה 250 מ""ל",החברה המרכזית טלהפצת משקאות בע,,,יח,0.25,"ל 100 מ""ל",false,1,5.90,23.60,true,1,
7290114311014,false,"משקה חלב אייס קפוצ'ינו פקק ספורט טרה 250 מ""ל",החברה המרכזית טלהפצת משקאות בע,,,יח,0.25,"ל 100 מ""ל",false,1,5.90,23.60,true,1,
7290114311021,false,"משקה חלב וניל עוגיות פקק ספורט טרה 250 מ""ל",*החברה המרכזית להפצת משקאותבעמ,,,יח,0.25,"ל 100 מ""ל",false,1,5.90,23.60,true,1,
7290114311038,false,"שמנת מתוקה 32% עמידה בבקבוק טרה 250 מ""ל",*החברה המרכזית להפצת משקאותבעמ,,,יח,2.50,"ל 100 מ""ל",false,1,7.50,3,false,1,
7290114311298,false,יוגורט מולר פרופ בטעם תות בננה מלון 150,החברה המרכזית טלהפצת משקאות בע,,,יח,1.50,"ל 100 מ""ל",false,1,4.90,3.27,true,1,
7290114311304,false,יוגורט קציפת מנגו פסיפלורה בננה 150 ג' מולר,החברה המרכזית טלהפצת משקאות בע,,,יח,1.50,"ל 100 מ""ל",false,1,4.90,3.27,true,1,
7290114311359,false,יוגורט עם קציפת מנגו 3% שומן פרופ 150 ג' מולר,החברה המרכזית טלהפצת משקאות בע,,,יח,1.50,"ל 100 מ""ל",false,1,4.90,3.27,true,1,
7290114600941,false,מאסטר שף מיונז הולנדי לחיץ 435 גרם,ש. שסטוביץ בע`מ,,,יח,4.35,ל 100 גרם,false,1,14.90,3.43,true,1,
7290114600989,false,"מאסטר שף רוטב אלף האיים 250 מ""ל",ש. שסטוביץ בע`מ,,,יח,2.50,ל 100 גרם,false,1,9.90,3.96,false,1,
7290114600996,false,מאסטר שף רוטב שום 256 גרם,ש. שסטוביץ בע`מ,,,יח,2.50,ל 100 גרם,false,1,9.90,3.96,false,1,
7290114603508,false,"רוטב להקפצה מאסטר שף 300 מ""ל",ש. שסטוביץ בע`מ,,,יח,0.30,ל 100 גרם,false,1,9.90,33,false,1,
7290114603768,false,"מארז אג'קס כלורון נוזל לניקוי אסלות 750 מ""ל*2 יח'",קולגייט פלמוליב,,,יח,15,"ל 100 מ""ל",false,1,24.90,1.66,false,1,
7290114604864,false,קוסקוס סולת דק מאסטר שף 350 גרם,ש. שסטוביץ בע`מ,,,יח,3.50,ל 100 גרם,false,1,5.90,1.69,true,1,
7290114604871,false,קוסקוס סולת בינוני מאסטר שף 350 גרם,ש. שסטוביץ בע`מ,,,יח,3.50,ל 100 גרם,false,1,5.90,1.69,true,1,
7290114604895,false,מאסטר שף מיונז ספייסי לחיץ 446 גרם,ש. שסטוביץ בע`מ,,,יח,4.46,ל 100 גרם,false,1,14.90,3.34,true,1,
7290114604932,false,מאסטר שף רוטב ברביקיו דבש 520 גרם,רמיה סי.וי. הולנד,,,יח,5.24,ל 100 גרם,false,1,13.90,2.65,true,1,
7290114604949,false,מאסטר שף רוטב ברביקיו 524 גרם,רמיה סי.וי. הולנד,,,יח,5.24,ל 100 גרם,false,1,13.90,2.65,true,1,
7290114606530,false,רוטב בטעם מיונז וקטשופ 515 גרם מאסטר שף,ש. שסטוביץ בע`מ,,,יח,5.15,ל 100 גרם,false,1,14.90,2.89,true,1,
7290114606578,false,מאסטר שף שקדי מרק 400 גרם,ש. שסטוביץ בע`מ,,,יח,4,ל 100 גרם,false,1,9.90,2.48,false,1,
7290115200003,false,אסם פתי בר פינוקי וניל 16*220 ג',קבוצת אוסם סחר שותפות מוגבלת,,,יח,2.20,ל 100 גרם,false,1,10.90,4.95,true,1,
7290115200027,false,אסם פתי בר פינוקים שוקו 220 גרם,קבוצת אוסם סחר שותפות מוגבלת,,,יח,2.20,ל 100 גרם,false,1,10.90,4.95,true,1,
7290115200676,false,עוגיות קרמוגית במילוי קרם בטעם קרמל מלוח,קבוצת אוסם סחר שותפות מוגבלת,,,יח,2,ל 100 גרם,false,1,10.90,5.45,true,1,
7290115200713,false,במבה קלאסי מארז אחיד 5*50 גר` אסם,קבוצת אוסם סחר שותפות מוגבלת,,,יח,2.50,ל 100 גרם,false,1,13.90,5.56,true,1,
7290115200881,false,בייגלה אסם שטוחים שומשום במליחות מעודנת 300 גר,קבוצת אוסם סחר שותפות מוגבלת,,,יח,3,ל 100 גרם,false,1,9.90,3.30,false,1,
7290115201680,false,ביסלי חטיף בטעם ברביקין אסם (70 גרם),קבוצת אוסם סחר שותפות מוגבלת,,,יח,0.70,ל 100 גרם,false,1,3.90,5.57,true,1,
7290115201741,false,ביסלי חטיף בטעם בצל אסם (70 גרם),קבוצת אוסם סחר שותפות מוגבלת,,,יח,0.70,ל 100 גרם,false,1,3.90,5.57,true,1,
7290115202434,false,צבר סלט חומוס עם זעתר 375 גרם,קבוצת אוסם סחר שותפות מוגבלת,,,יח,4,ל 100 גרם,false,1,11.90,2.98,true,1,
7290115203134,false,חטיף פופקו פופקורן במבה אסם (80 גרם),קבוצת אוסם סחר שותפות מוגבלת,,,יח,0.80,ל 100 גרם,false,1,4.90,6.13,true,1,
7290115203172,false,במבה PRO מכיל 18 גרם חלבון בשקית,קבוצת אוסם סחר שותפות מוגבלת,,,יח,0.80,ל 100 גרם,false,1,4.20,5.25,true,1,
7290115203486,false,פירורית בטעם ביסלי גריל אסם 200 גרם,קבוצת אוסם סחר שותפות מוגבלת,,,יח,2,ל 100 גרם,false,1,6.30,3.15,false,1,
7290115204056,false,"קטשופ מופחת סוכר אסם 690 גרם כשל""פ",קבוצת אוסם סחר שותפות מוגבלת,,,יח,6.90,ל 100 גרם,false,1,9.90,1.43,false,1,
7290115204186,false,פסטו המעדינה של צבר,קבוצת אוסם סחר שותפות מוגבלת,,,יח,2.20,ל 100 גרם,false,1,16.90,7.68,false,1,
7290115204261,false,אריסה חריפה המעדנייה,קבוצת אוסם סחר שותפות מוגבלת,,,יח,1.90,ל 100 גרם,false,1,12.90,6.79,false,1,
7290115205176,false,729001032825פיטנס חטיפי קרקר כפרי 140גר.,קבוצת אוסם סחר שותפות מוגבלת,,,יח,1.40,ל 100 גרם,false,1,11.90,8.50,true,1,
7290115205251,false,פיטנס בר פירכיות קרמל מלוח 84 גרם,קבוצת אוסם סחר שותפות מוגבלת,,,יח,0.84,יח,false,1,14.50,17.26,true,1,
7290115205312,false,קרקר פיטנס דק עם זיתי קלמטה ועשבי תיבול,קבוצת אוסם סחר שותפות מוגבלת,,,יח,1.40,ל 100 גרם,false,1,11.90,8.50,true,1,
7290115205619,false,אסם פתי בר פינוקי עוגת גבינה 220 גרם,קבוצת אוסם סחר שותפות מוגבלת,,,יח,2.20,ל 100 גרם,false,1,12.90,5.86,true,1,
7290115205978,false,פתיבר ואצבעות שוקולד 180 גרם - רבנות,קבוצת אוסם סחר שותפות מוגבלת,,,יח,1.80,ל 100 גרם,false,1,12.90,7.17,true,1,
7290115206173,false,אסם פתי בר קרמל 12*500 גרם חדש,קבוצת אוסם סחר שותפות מוגבלת,,,יח,5,ל 100 גרם,false,1,13.90,2.78,true,1,
7290115207361,false,ביסקוויט פתיבר בטעם פיסטוק,קבוצת אוסם סחר שותפות מוגבלת,,,יח,5,ל 100 גרם,false,1,13.90,2.78,true,1,
7290115207682,false,אסם רוטב בסגנון סויה סיני 9*290מל חדש,קבוצת אוסם סחר שותפות מוגבלת,,,יח,2.90,"ל 100 מ""ל",false,1,9.90,3.41,true,1,
7290115207880,false,סירופ ויטמינציק פטל 2 ליטר,קבוצת אוסם סחר שותפות מוגבלת,,,יח,2,לליטר,false,1,39.90,19.95,false,1,
7290115207941,false,ויטמינצ'יק אננס סירופ 1 ליטר,קבוצת אוסם סחר שותפות מוגבלת,,,יח,1,לליטר,false,1,19.90,19.90,false,1,
7290115207965,false,ויטמינצ'יק תרכיז מנגו אפרסק 1 ליטר,קבוצת אוסם סחר שותפות מוגבלת,,,יח,1,לליטר,false,1,19.90,19.90,false,1,
7290115207989,false,ויטמינצ'יק תרכיז לימון 1 ליטר,קבוצת אוסם סחר שותפות מוגבלת,,,יח,1,לליטר,false,1,19.90,19.90,false,1,
7290115208009,false,ויטמינצ'יק ענבים סירופ 1 ליטר,קבוצת אוסם סחר שותפות מוגבלת,,,יח,1,לליטר,false,1,19.90,19.90,false,1,
7290115208023,false,סירופ ויטמינציק ענבים 2 ליטר,קבוצת אוסם סחר שותפות מוגבלת,,,יח,2,לליטר,false,1,39.90,19.95,false,1,
7290115208047,false,סירופ פטל ויטמינצ`יק (1 ליטר),קבוצת אוסם סחר שותפות מוגבלת,,,יח,1,לליטר,false,1,19.90,19.90,false,1,
7290115208061,false,ויטמינצ'יק תפוח סירופ 1 ליטר,קבוצת אוסם סחר שותפות מוגבלת,,,יח,1,לליטר,false,1,19.90,19.90,false,1,
7290115208320,false,אפרופו חטיף בטעם ביסלי בצל 50 גרם,קבוצת אוסם סחר שותפות מוגבלת,,,יח,0.50,ל 100 גרם,false,1,3.90,7.80,true,1,
7290115208344,false,שטוחים בייגלה כפיות שמנת בצל 300גר,קבוצת אוסם סחר שותפות מוגבלת,,,יח,3,ל 100 גרם,false,1,9.90,3.30,false,1,
7290115208597,false,אסם קרמוגית מיניס קרמל מלוח 200 גרם,קבוצת אוסם סחר שותפות מוגבלת,,,יח,2,ל 100 גרם,false,1,10.90,5.45,true,1,
7290115208801,false,קרקר לחמית דבש ואגוזים אסם (190 גרם),קבוצת אוסם סחר שותפות מוגבלת,,,יח,1.90,ל 100 גרם,false,1,9.90,5.21,true,1,
7290115209198,false,במבה אוורירית אסם 80 גרם,קבוצת אוסם סחר שותפות מוגבלת,,,יח,0.80,ל 100 גרם,false,1,4.20,5.25,true,1,
7290115209235,false,ביסקוויט פתי בר קפה אסם (500 גרם),קבוצת אוסם סחר שותפות מוגבלת,,,יח,5,ל 100 גרם,false,1,13.10,2.62,true,1,
7290115209358,false,במבה במילוי בראוניז אסם (60 גרם),קבוצת אוסם סחר שותפות מוגבלת,,,יח,0.60,ל 100 גרם,false,1,4.90,8.17,true,1,
7290115209372,false,במבה במילוי בראוניז 150 גרם אוסם,קבוצת אוסם סחר שותפות מוגבלת,,,יח,1.50,ל 100 גרם,false,1,9.90,6.60,false,1,
7290115403299,false,עוגיות פרפריות 450ג דל,שיבולים יצור ושיווק מוצרי מאפה,,,יח,5,ל 100 גרם,false,1,12.50,2.50,true,1,
7290115403312,false,עוגיות מלוחות קריספי עגול 450ג דל,שיבולים יצור ושיווק מוצרי מאפה,,,יח,5,ל 100 גרם,false,1,12.50,2.50,true,1,
7290115403435,false,עוגיות מעמול תמר 500 גרם,שיבולים יצור ושיווק מוצרי מאפה,,,יח,5,ל 100 גרם,false,1,12.50,2.50,true,1,
7290115403442,false,עוגיות ממולאות טעם שוקולד 500ג דל,שיבולים יצור ושיווק מוצרי מאפה,,,יח,5,ל 100 גרם,false,1,12.50,2.50,true,1,
7290115403459,false,עוגיות נסיכה בטעם תות 500 גר`,שיבולים יצור ושיווק מוצרי מאפה,,,יח,5,ל 100 גרם,false,1,12.50,2.50,true,1,
7290115403466,false,עוגיות נסיכה מיקס 500ג דל,שיבולים יצור ושיווק מוצרי מאפה,,,יח,5,ל 100 גרם,false,1,12.50,2.50,true,1,
7290115403473,false,עוגיות עינוגי שוקולד 500ג דל,שיבולים יצור ושיווק מוצרי מאפה,,,יח,5,ל 100 גרם,false,1,12.50,2.50,true,1,
7290115403480,false,עוגיות בסגנון מרוקאי מיני 500ג דל,שיבולים יצור ושיווק מוצרי מאפה,,,יח,5,ל 100 גרם,false,1,12.50,2.50,true,1,
7290115403510,false,עוגיות מגולגלות תמרים 500ג דל,שיבולים יצור ושיווק מוצרי מאפה,,,יח,5,ל 100 גרם,false,1,12.50,2.50,true,1,
7290115403565,false,עוגיות קיפל וניל 500 גרם,שיבולים יצור ושיווק מוצרי מאפה,,,יח,5,ל 100 גרם,false,1,12.50,2.50,true,1,
7290115480009,false,"מרכך כביסה מרוכז פרש קונטרול ירוק 900 מ""ל סוד",גורי שיווק בעמ,,,יח,9,"ל 100 מ""ל",false,1,11.90,1.32,false,1,
7290115671223,false,מסטיק מאסט פאן אבטיח מנגו צנצנת 58 גרם,שטראוס גרופ בע`מ,,,יח,1,ל 100 גרם,false,1,9.90,9.90,true,1,
7290115671346,false,מיני פינוקיות טופי קרמל מלוח עלית 180 גרם,"הגביע מוצרי ופלים בע""\מ",,,יח,1.80,ל 100 גרם,false,1,10.90,6.06,true,1,
7290115671353,false,מיני פינוקיות עוגיות קקאו במילוי קרם בטעם וניל,"הגביע מוצרי ופלים בע""\מ",,,יח,1.80,ל 100 גרם,false,1,10.90,6.06,true,1,
7290115675986,false,דנונה יוגורט בר עם אגוזים מקורמלים 173 גרם,שטראוס גרופ בעמ/מצונן,,,יח,1,"ל 100 מ""ל",false,1,4.50,4.50,false,1,
7290115676051,false,"משקה אקטיביה שיבולת שועל במתיקות מעודנת 250 מ""ל",שטראוס גרופ בעמ/מצונן,,,יח,1.20,"ל 100 מ""ל",false,1,4.90,4.08,false,1,
7290115676082,false,משקה דנונה פרו 20 יוגורט תות 255 ג' רבנות,שטראוס גרופ בעמ/מצונן,,,יח,2.55,"ל 100 מ""ל",false,1,6.90,2.71,false,1,
7290115676099,false,משקה דנונה פרו 20 יוגורט וניל 255 ג' רבנות,שטראוס גרופ בעמ/מצונן,,,יח,2.55,"ל 100 מ""ל",false,1,6.90,2.71,false,1,
7290115678376,false,מעדן הגולן שוקולד 125 גרם,שטראוס גרופ בעמ/מצונן,,,יח,1.25,"ל 100 מ""ל",false,1,2.90,2.32,true,1,
7290115678383,false,מעדן הגולן שוקולד מריר בודד 125גר,שטראוס גרופ בעמ/מצונן,,,יח,1.25,"ל 100 מ""ל",false,1,2.90,2.32,true,1,
7290116530116,false,קליק שלישיית ברים שוקולד נוגט לבן 105 גרם,"יוניליוור ישראל שיווק בע""מ",,,יח,105,ל 100 גרם,false,1,13.90,0.13,false,1,
7290116530161,false,"תחליב רחצה בניחוח שייק אננס, מלון וחלב שיבולת שועל",יוניליוור ישראל שיווק בע`מ,,,יח,7,"ל 100 מ""ל",false,1,10.90,1.56,false,1,
7290116530482,false,תלמה מארז קורנפלקס אלופים 30 גרם*5 יחידו,יוניליוור ישראל שיווק בע`מ,,,יח,1.50,ל 100 גרם,false,1,10.90,7.27,false,1,
7290116530871,false,נשנושים מיקס בייגל בייגל 240 גרם,יוניליוור ישראל שיווק בע`מ,,,יח,2.40,ל 100 גרם,false,1,11.90,4.96,false,1,
7290116531021,false,"שוקולד חלב ורד הגליל 100 גרם כשל""פ",יוניליוור ישראל שיווק בע`מ,,,יח,1,ל 100 גרם,false,1,4.90,4.90,false,1,
7290116531090,false,בייגל בייגל דג דג במליחות עדינה 250 גרם,"יוניליוור ישראל שיווק בע""מ",,,יח,2.50,ל 100 גרם,false,1,9.90,3.96,false,1,
7290116531243,false,"שמפו ומרכך 2ב-1 למניעת קשקשים 700 מ""ל פינוק","יוניליוור ישראל שיווק בע""מ",,,יח,7,"ל 100 מ""ל",false,1,11.90,1.70,false,1,
7290116531496,false,קינמונים דגנים פריכים מצופים קינמון 375,"יוניליוור ישראל שיווק בע""מ",,,יח,3.75,ל 100 גרם,false,1,19.90,5.31,false,1,
7290116531977,false,אקס דאודורנט בודי ספריי סקייטבורד וורדים,יוניליוור ישראל שיווק בע`מ,,,יח,1.50,"ל 100 מ""ל",false,1,11.90,7.93,false,1,
7290116532271,false,סנדוויץ לייט גודיז שוקולד וניל 270 ג' שטראוס,"גלידת שטראוס בע""\מ, רחוב",,,יח,2.70,ל 100 גרם,false,1,27.90,10.33,false,1,
7290116532479,false,קליק גלידת שמנת בטעמי שוקולד לבן עוגיות 384 ג' שטראוס,"גלידת שטראוס בע""\מ, רחוב",,,יח,5.20,לליטר,false,1,19.90,3.83,false,1,
7290116532738,false,רוטב איטלקי לסלט בזיליקום ואורגנו 305 גרם,יוניליוור ישראל שיווק בע`מ,,,יח,3.05,ל 100 גרם,false,1,9.90,3.25,false,1,
7290116532882,false,נישנושים איירביס טעם בצל 155 גר`,יוניליוור ישראל שיווק בע`מ,,,יח,2.60,ל 100 גרם,false,1,11.90,4.58,false,1,
7290116532905,false,נישנושים איירביס טעם ברביקיו 155 גר`,יוניליוור ישראל שיווק בע`מ,,,יח,2.60,ל 100 גרם,false,1,11.90,4.58,false,1,
7290116850641,false,מברשת אסלה מגומי עם מתקן ע. הבית,עולם הבית,,,יח,1,,false,1,39.90,39.90,false,1,
7290116851372,false,כף אשפה קטן ע. הבית,עולם הבית שיווק והפצה בעמ,,,יח,1,,false,1,5.90,5.90,false,1,
7290116930244,false,"שמיניית יוגורט תנובה 1.5% בד""צ 150 גרם",תנובה מרכז שיתופי לש,,,יח,8,למארז,false,1,16.10,2.01,false,1,
7290116930435,false,יופלה גו במרקם סמיך עם דובדבן 0% 200מל,תנובה מרכז שיתופי לש,,,יח,2,"ל 100 מ""ל",false,1,5.50,2.75,false,1,
7290116930701,false,מעדן חלב GO מועשר בחלבון בטעם קרמל מלוח,תנובה מרכז שיתופי לש,,,יח,1.20,"ל 100 מ""ל",false,1,4.50,3.75,false,1,
7290116930718,false,מעדן תנובה דיאט בטעם שוקולד וקרמל מלוח 0% 150ג' תנובה,תנובה - חלב,,,יח,1.50,"ל 100 מ""ל",false,1,3.90,2.60,false,1,
7290116930954,false,יוגורט טעם פאי תפוחים 3% 150 ג' יופלה,תנובה בעמ ***,,,יח,1.50,"ל 100 מ""ל",false,1,4.90,3.27,false,1,
7290116931081,false,מעדן סויה - טופי קרמל 125 גרם אלטרנטיב,תנובה מרכז שיתופי לש,,,יח,1.25,"ל 100 מ""ל",false,1,3.90,3.12,false,1,
7290116931104,false,יופלה GO במרקם סמיך עם אננס 0% תנובה 200 גרם,תנובה בעמ ***,,,יח,2,"ל 100 מ""ל",false,1,5.50,2.75,false,1,
7290117030363,false,"כוסות מעוטרות ""האומן"" 40 יח ""שווה""",ח.כהן סוכנות מזון ומשקאות בע,,,יח,40,יח,false,1,8.90,0.22,true,1,
7290117030530,false,"אשפתון גופיה נשלף אחד אחד XL ""שווה""",ח.כהן סוכנות מזון ומשקאות בע,,,יח,25,יח,false,1,16.90,0.68,true,1,
7290117030615,false,תבניות שחור זהב אינגליש גבוהה שווה,ח.כהן סוכנות מזון ומשקאות בע,,,יח,4,יח,false,30,12.90,3.23,true,1,
7290117030752,false,תבניות ארוז *7 (R31/105) מרובעות שווה,ח.כהן סוכנות מזון ומשקאות בע,,,יח,10,יח,false,1,6.20,0.62,true,1,
7290117030769,false,תבניות ארוז (R2/90)*7 מלבן ארוך שווה ח,ח.כהן סוכנות מזון ומשקאות בע,,,יח,7,יח,false,1,6.20,0.89,true,1,
7290117030776,false,תבניות ארוז מלבן עמוק *7 (R64/80A) שוו,ח.כהן סוכנות מזון ומשקאות בע,,,יח,7,יח,false,1,6.20,0.89,true,1,
7290117030783,false,תבניות ארוז *4 (R99/210) ענקיות חדש ש,ח.כהן סוכנות מזון ומשקאות בע,,,יח,4,יח,false,1,6.20,1.55,true,1,
7290117030790,false,תבניות ארוז *10 R88 אינגליש שווה חדש,ח.כהן סוכנות מזון ומשקאות בע,,,יח,10,יח,false,1,6.20,0.62,true,1,
7290117030806,false,תבניות ארוז *10 טוסטר (R29 B8) שווה חד,ח.כהן סוכנות מזון ומשקאות בע,,,יח,10,יח,false,1,6.20,0.62,true,1,
7290117030813,false,תבניות ארוז *4 C60 עגול עמוק שווה חדש,ח.כהן סוכנות מזון ומשקאות בע,,,יח,4,יח,false,1,6.20,1.55,true,1,
7290117030820,false,תבניות ארוז *4 C10 עגול גדול שווה חדש,ח.כהן סוכנות מזון ומשקאות בע,,,יח,4,יח,false,1,6.20,1.55,true,1,
7290117030837,false,תבניות ארוז *10 אינגליש קצר שווה חדש*,ח.כהן סוכנות מזון ומשקאות בע,,,יח,10,יח,false,1,6.20,0.62,true,1,
7290117031001,false,כפפות ניטריל סינטטי S כחול 80יח שווה*,ח.כהן סוכנות מזון ומשקאות בע,,,יח,80,יח,false,10,18.90,0.24,false,1,
7290117031469,false,"כיסוי ניילון למזון חתוך""שווה""* 30יח`*",GG.M ENTERPRISE,,,יח,24,יח,false,1,7.90,0.33,false,1,
7290117031483,false,"ספוגית הפלא נירוסטה 4 יח` ""שווה""*",GG.M ENTERPRISE,,,יח,4,למארז,false,1,9.90,2.48,false,1,
7290117031506,false,כוסות נייר 40 יחי` 8B שרול שקוף (25בק,ח.כהן סוכנות מזון ומשקאות בע,,,יח,40,יח,false,1,6.90,0.17,true,1,
7290117031513,false,כוסות נייר גודל 10 שווה 40 יח (25 בקרט,ח.כהן סוכנות מזון ומשקאות בע,,,יח,40,יח,false,1,11.90,0.30,false,1,
7290117031568,false,כוסות נייר גודל 9OZ איכותית 40 יח` שוו,ח.כהן סוכנות מזון ומשקאות בע,,,יח,40,יח,false,20,11.90,0.30,true,1,
7290117032015,false,מזלגות איכותים 40יח שקוף שווה *,ח.כהן סוכנות מזון ומשקאות בע,,,יח,40,יח,false,1,5.90,0.15,false,1,
7290117032022,false,מזלגונים איכותי 40יח צבעוני שווה,ח.כהן סוכנות מזון ומשקאות בע,,,יח,40,יח,false,1,5.90,0.15,false,1,
7290117032060,false,כפות איכותיות 40יח קרם שווה*,ח.כהן סוכנות מזון ומשקאות בע,,,יח,50,יח,false,1,5.90,0.12,false,1,
7290117032077,false,כפות איכותיות 40יח שקוף שווה*,ח.כהן סוכנות מזון ומשקאות בע,,,יח,40,יח,false,1,5.90,0.15,false,1,
7290117032091,false,כפיות איכותיות 40יח קרם שווה*,ח.כהן סוכנות מזון ומשקאות בע,,,יח,40,יח,false,1,5.90,0.15,false,1,
7290117032107,false,כפיות איכותיות 40יח שקוף שווה*,ח.כהן סוכנות מזון ומשקאות בע,,,יח,40,יח,false,1,5.90,0.15,false,1,
7290117033005,false,מארז פופקורן למיקרו מלח 5*100 ג`שווה*,ח.כהן סוכנות מזון ומשקאות בע,,,יח,5,ל 100 גרם,false,1,10.90,2.18,true,1,
7290117033012,false,מארז פופקורן למיקרו חמאה 5*100 ג`שווה*,ח.כהן סוכנות מזון ומשקאות בע,,,יח,5,ל 100 גרם,false,1,10.90,2.18,true,1,
7290117033029,false,מארז פופקורן למיקרו לייט 5*85 ג`שווה*,ח.כהן סוכנות מזון ומשקאות בע,,,יח,4.25,ל 100 גרם,false,1,10.90,2.56,true,1,
7290117033036,false,"דלי לפופקורן 2.8ליטר ""שווה""*",GG.M ENTERPRISE,,,יח,1,למארז,false,1,8.90,8.90,false,1,
7290117090183,false,חנוכיה מוזהבת 29*31 להבה,אבי מתנות בעמ,,,יח,1,,false,1,169.90,169.90,false,1,
7290117091364,false,כיסוי לפלטה רקמה זהב לשבת,אבי מתנות בעמ,,,יח,1,,false,1,59.90,59.90,false,1,
7290117260074,false,שעועית ירוקה חתוכה ויליפוד 800 גרם,ג. וילי-פוד אינטרנשיונל בע`מ,,,יח,8,ל 100 גרם,false,1,6.90,0.86,false,1,
7290117260562,false,חמאה כפרית מסורתית בגביע,ג.וילי-פוד אינטרנשיונל **גבינו,,,יח,2.25,ל 100 גרם,false,1,16.90,7.51,false,1,
7290117261521,false,סלמון אטלנטי בשמן קנולה 120 גרם ויליפוד,ג. וילי-פוד אינטרנשיונל בע`מ,,,יח,1.20,ל 100 גרם,false,1,11.50,9.58,true,1,
7290117261569,false,סלמון אטלנטי מעושן בשמן קנולה 120 גרם ויליפוד,ג. וילי-פוד אינטרנשיונל בע`מ,,,יח,1.20,ל 100 גרם,false,1,11.50,9.58,true,1,
7290117381236,false,פוף פריכיות מצופות שוקולד מריר 70 גרם,ש. שסטוביץ בע`מ,,,יח,7,ל 100 גרם,false,1,8.90,1.27,true,1,
7290117381243,false,פוף פריכיות מצופות שוקולד חלב ותות 70 גר,ש. שסטוביץ בע`מ,,,יח,7,ל 100 גרם,false,1,8.90,1.27,true,1,
7290117760826,false,כפפות ניטריל כחול M פרפקטמדיק 100 יח*,ווינפאק סחר בעמ,,,יח,100,יח,false,1,24.90,0.25,false,1,
7290117860045,false,שמפו תמציות אלוורה ותה ירוק לשיער רגיל,"טרופיקל גליל בע""מ",,,יח,7,"ל 100 מ""ל",false,1,14.90,2.13,true,1,
7290117860083,false,"הוואי קרם רחצה יוגורט בניחוח אירוס זהוב ודבש 700 מ""ל","טרופיקל דגיל בע""\מ",,,יח,7,"ל 100 מ""ל",false,1,14.90,2.13,true,1,
7290117860090,false,מרכך תמציות אלוורה ותה ירוק לשיער רגיל,"טרופיקל דגיל בע""\מ",,,יח,7,"ל 100 מ""ל",false,1,14.90,2.13,true,1,
7290117860137,false,"הוואי קרם רחצה יוגורט בניחוח פרח הקמליה 700 מ""ל","טרופיקל גליל בע""מ",,,יח,7,"ל 100 מ""ל",false,1,14.90,2.13,true,1,
7290117860144,false,הוואי שמפו פירות אקזוטיים וקלנדולה 700,"טרופיקל גליל בע""מ",,,יח,7,"ל 100 מ""ל",false,1,14.90,2.13,true,1,
7290117860199,false,שמפו שמן ורד הבר ושמן מקדמיה לשיער יבש,"טרופיקל דגיל בע""\מ",,,יח,7,"ל 100 מ""ל",false,1,14.90,2.13,true,1,
7290117860243,false,"הוואי - מרכך מעניק לחות לשיער יבש 700 מ""ל","טרופיקל גליל בע""מ",,,יח,7,"ל 100 מ""ל",false,1,14.90,2.13,true,1,
7290117860298,false,שמפו קומפלקס קרטין לשיער עדין או חלש,"טרופיקל גליל בע""מ",,,יח,7,"ל 100 מ""ל",false,1,14.90,2.13,true,1,
7290117860335,false,"הוואי ג'ל רחצה לגבר בניחוח מעורר 700 מ""ל","טרופיקל דגיל בע""\מ",,,יח,7,"ל 100 מ""ל",false,1,14.90,2.13,true,1,
7290117860342,false,מרכך קומפלקס קרטין לשיער עדין או חלש,"טרופיקל גליל בע""מ",,,יח,7,"ל 100 מ""ל",false,1,14.90,2.13,true,1,
7290117860380,false,"תחליב רחצה יוגורט בניחוח אלוורה 700 מ""ל הוואי","טרופיקל דגיל בע""\מ",,,יח,7,"ל 100 מ""ל",false,1,14.90,2.13,true,1,
7290117860397,false,שמפו תמצית פריחת הדובדבן לשיער רגיל,"טרופיקל גליל בע""מ",,,יח,7,"ל 100 מ""ל",false,1,14.90,2.13,true,1,
7290117860540,false,הוואי שמפו לילדים רוזמרין מנגו ומשמש 700,"טרופיקל דגיל בע""\מ",,,יח,7,"ל 100 מ""ל",false,1,14.90,2.13,true,1,
7290117860595,false,הוואי מרכך לילדים רוזמרין מנגו ומשמש 700,"טרופיקל גליל בע""מ",,,יח,7,"ל 100 מ""ל",false,1,14.90,2.13,true,1,
7290117860649,false,הוואי שמפו קרטין קיק ללא סולפטים 700 מל,"טרופיקל גליל בע""מ",,,יח,7,"ל 100 מ""ל",false,1,14.90,2.13,true,1,
7290117860694,false,הוואי מרכך קרטין קיק ללא סולפטים 700 מל,"טרופיקל גליל בע""מ",,,יח,7,"ל 100 מ""ל",false,1,14.90,2.13,true,1,
7290117860748,false,הוואי שמפו תמצית יסמין מעניק נפח 700 מל,"טרופיקל גליל בע""מ",,,יח,7,"ל 100 מ""ל",false,1,14.90,2.13,true,1,
7290117860793,false,הוואי מרכך תמצית יסמין מעניק נפח 700 מל,"טרופיקל דגיל בע""\מ",,,יח,7,"ל 100 מ""ל",false,1,14.90,2.13,true,1,
7290117860847,false,"הוואי רעננות מושלמת לגבר לשיער, גוף, פנים וזקן","טרופיקל גליל בע""מ",,,יח,7,"ל 100 מ""ל",false,1,14.90,2.13,true,1,
7290117860892,false,"הוואי - תחליב רחצה יוגורט בניחוח וניל ודבש 700 מ""ל","טרופיקל דגיל בע""\מ",,,יח,7,"ל 100 מ""ל",false,1,14.90,2.13,true,1,
7290118420071,false,במבה ביסלי ברביקיו מיקס 80גר אסם{,קבוצת אוסם סחר שותפות מוגבלת,,,יח,0.60,ל 100 גרם,false,1,3.90,6.50,true,1,
7290118420378,false,פתיבר פינוקים בטעם תותים בשמנת - חלבי,קבוצת אוסם סחר שותפות מוגבלת,,,יח,1.80,ל 100 גרם,false,1,12.90,7.17,true,1,
7290118420477,false,אסם בייגלה שטוחים בטעם ביסלי בצל 300 גרם,קבוצת אוסם סחר שותפות מוגבלת,,,יח,3,ל 100 גרם,false,1,9.90,3.30,false,1,
7290118420514,false,אינסטנט פודינג בטעם נוגט אסם 75 גרם,קבוצת אוסם סחר שותפות מוגבלת,,,יח,0.76,ל 100 גרם,false,1,5.10,6.71,true,1,
7290589856775,false,נייס שבלולים לשיער,שבלולים בעמ,,,יח,1,,false,1,5.90,5.90,false,1,
7291044106367,false,מיחם שבת עד 50 כוסות 2000L 8.90W,סמיקום לקסיס בעמ,,,יח,1,יח,false,1,370,370,false,1,
7296049258721,false,דן סכומון מרובע 17*17*12,אוהב ציון בעמ,,,יח,1,,false,1,7.90,7.90,false,1,
7296058110010,false,"פריכיות אורז פרח כשל""פ 110 גר'",מ.ד אטיאס סוכנויות מזון בע`מ,,,יח,1,,false,1,4.50,4.50,true,1,
7297070000051,false,גרבי ברך דינמו*3זוגות,אחים וייס י.ש.י.ייצור ושווק בע,,,יח,1,,false,1,12.90,12.90,false,1,
7297070000327,false,גרבי ירך לייקרה לנשים ג'ורג'יו 20 דנייר,אחים וייס י.ש.י.ייצור ושווק בע,,,יח,1,,false,1,12.90,12.90,false,1,
7297070000334,false,גרבי ירך לייקרה לנשים ג'ורג'יו 40 דנייר,אחים וייס י.ש.י.ייצור ושווק בע,,,יח,1,,false,1,14.90,14.90,false,1,
7297070000341,false,גרבי ברך לייקרה לנשים גלוריה,אחים וייס י.ש.י.ייצור ושווק בע,,,יח,1,,false,1,9.90,9.90,false,1,
7297070000358,false,גרבי ברך 40 דנייר לייקרה וייס,אחים וייס י.ש.י.ייצור ושווק בע,,,יח,1,,false,1,10.50,10.50,false,1,
7297070000365,false,אלכנסדרה - גרביון נשים 15 דנ' ג'ורג'יו,אחים וייס י.ש.י.ייצור ושווק בע,,,יח,1,,false,1,15.90,15.90,false,1,
7297070000372,false,אנדראה - גרביון נשים 20 דנ' ג'ורג'יו,אחים וייס י.ש.י.ייצור ושווק בע,,,יח,1,,false,1,16.90,16.90,false,1,
7297070000389,false,קלאודיה - גרביון נשים 40 דנ' ג'ורג'יו,אחים וייס י.ש.י.ייצור ושווק בע,,,יח,1,,false,1,19.90,19.90,false,1,
7297070001010,false,גרבי ברך נשים 40 דניר מדיצ'י פטריצה,אחים וייס י.ש.י.ייצור ושווק בע,,,יח,1,,false,1,6.90,6.90,false,1,
7297070001140,false,אליזי 70 - גרביון חלק מיקרופיברה ילדות,אחים וייס י.ש.י.ייצור ושווק בע,,,יח,1,,false,1,14.90,14.90,false,1,
7297070001225,false,בוניטה - גרביון נשים 15 דנ' מדיצ'י,אחים וייס י.ש.י.ייצור ושווק בע,,,יח,1,,false,1,11.90,11.90,false,1,
7297070001232,false,ג'סיקה גרביון נשים 20 דנ' מדיצ'י,אחים וייס י.ש.י.ייצור ושווק בע,,,יח,1,,false,1,13.90,13.90,false,1,
7297070001249,false,ויאולה - גרביון נשים 40 דנ' מדיצ'י,אחים וייס י.ש.י.ייצור ושווק בע,,,יח,1,,false,1,14.90,14.90,false,1,
7297070001287,false,דונליט גרבי גברים עקביות*3,אחים וייס י.ש.י.ייצור ושווק בע,,,יח,1,,false,1,11.90,11.90,false,1,
7297070001294,false,פיונה גרבי נשים עקביות*3,אחים וייס י.ש.י.ייצור ושווק בע,,,יח,1,,false,1,11.90,11.90,false,1,
7297070001669,false,לורה - תחתון בנות *5 כותנה לייקרה,אחים וייס י.ש.י.ייצור ושווק בע,,,יח,1,,false,1,22.90,22.90,false,1,
7297070001676,false,ג'רי - תחתון בנים חלק *5 כותנה לייקרה,אחים וייס י.ש.י.ייצור ושווק בע,,,יח,1,,false,1,21.90,21.90,false,1,
7297070001829,false,אמילי *5 - תחתון נשים כותנה לייקרה,אחים וייס י.ש.י.ייצור ושווק בע,,,יח,1,,false,1,33.90,33.90,false,1,
7297174000544,false,בוקסר גבר 100% כותנה מודפס M-528,אחים וייס י.ש.י.ייצור ושווק בע,,,יח,1,,false,1,12.50,12.50,false,1,
7312040017683,false,מארז אבסולוט רגיל(וודקה {}{700 עם כוס,טמפו משקאות בע`מ,,,יח,7,"ל 100 מ""ל",false,1,69.90,9.94,true,1,
7380580005255,false,נייס שבלולים לשיער,שבלולים בעמ,,,יח,1,,false,1,7.90,7.90,false,1,
7480588956563,false,נייס שבלולים לשיער,שבלולים בעמ,,,יח,1,,false,1,9.90,9.90,false,1,
7501064191466,false,"שישיית בירה קורונה 355 מ""ל בקבוק",תימקו בירה בעמ,,,יח,20,"ל 100 מ""ל",false,1,36.90,1.76,true,1,
7509546057545,false,ליידי ספיד סטיק דרמה פנינה סטיק,קולגייט פלמוליב,,,יח,1.50,ל 100 גרם,false,1,19.90,13.27,true,1,
7509546666846,false,"משחת שיניים פחם טוטאל 75 מ""ל קולגייט",קולגייט פלמוליב,,,יח,0.75,ל 100 גרם,false,1,19.90,26.53,false,1,
7509546678702,false,קולגייט משחת שיניים טוטל אנטי טרטר 100 מ,קולגייט-פלמוליב,,,יח,1,"ל 100 מ""ל",false,1,16.90,16.90,true,1,
7613030979647,false,דגני בוקר טריקס פירות עולם היורה 480 ג',קבוצת אוסם סחר שותפות מוגבלת,,,יח,4.80,ל 100 גרם,false,1,23.90,4.98,true,1,
7613035807778,false,פרפקטו רוטב עגבניות לבולונז אסם 400 גרם,קבוצת אוסם סחר שותפות מוגבלת,,,ל 100 גרם,4,ל 100 גרם,false,1,9.90,2.48,true,1,
7613035809857,false,פרפקטו רוטב עגבניות לפסטה ולבישול אסם 400 גרם,קבוצת אוסם סחר שותפות מוגבלת,,,ל 100 גרם,4,ל 100 גרם,false,1,9.90,2.48,true,1,
7613036105576,false,דוגלי עוף לכלבים בוגרים,קבוצת אוסם סחר שותפות מוגבלת,,,יח,30,ל 100 גרם,false,1,47.90,1.60,false,1,
7613036105606,false,דוגלי בקר לכלבים בוגרים,קבוצת אוסם סחר שותפות מוגבלת,,,יח,3,"לק""ג",false,1,47.90,15.97,false,1,
7613036737623,false,דגני בוקר קראנץ מיקס 410גר,קבוצת אוסם סחר שותפות מוגבלת,,,יח,4.80,ל 100 גרם,false,1,21.90,4.56,true,1,
7613037686906,false,פיטנס - דגני בוקר שקדים ודבש 355 גרם,קבוצת אוסם סחר שותפות מוגבלת,,,יח,3.35,ל 100 גרם,false,1,19.90,5.94,true,1,
7613039547731,false,גרבר מחית תפוח עץ ומשמש 90 גרם פאוץ,קבוצת אוסם סחר שותפות מוגבלת,,,יח,0.90,ל 100 גרם,false,1,5.70,6.33,true,1,
7613287155832,false,גרבר מחית תפוחי עץ 90 גרם פאוץ,קבוצת אוסם סחר שותפות מוגבלת,,,יח,0.90,ל 100 גרם,false,1,5.90,6.56,true,1,
7613287155863,false,מחית אגס פאוץ 90 גר`גרבר כשלפ,קבוצת אוסם סחר שותפות מוגבלת,,,יח,0.90,ל 100 גרם,false,1,5.90,6.56,true,1,
7613287155894,false,"גרבר - מחית אפרסק כל""פ פאוץ 90 גרם",קבוצת אוסם סחר שותפות מוגבלת,,,יח,0.90,ל 100 גרם,false,1,5.90,6.56,true,1,
7613287182357,false,מחית אגס תפוח ופירות יער ויטמינצ'יק 110 ג',קבוצת אוסם סחר שותפות מוגבלת,,,יח,1,"ל 100 ס""מ",false,1,5.90,5.90,true,1,
7613287182425,false,ויטמינציק מחית תפוח בננה ותות 110 גרם,קבוצת אוסם סחר שותפות מוגבלת,,,יח,1,"ל 100 ס""מ",false,1,5.90,5.90,true,1,
7622010001858,false,עוגיות אוראו ממולאות קרם וניל 176 גרם.,דיפלומט מפיצים (1968) בעמ**,,,יח,1.76,יח,false,1,8.90,5.06,true,1,
7622201050757,false,מילקה שוקולד חלב במילוי קרם קרמל 100 ג,דיפלומט מפיצים (1968) בעמ**,,,ל 100 גרם,1,ל 100 גרם,false,1,6.90,6.90,true,1,
7622201137052,false,אוראו מיני קוקיס - עוגיות שוקולד צ'יפס ותחתית מצופה שוקולד חלב,דיפלומט מפיצים (1968) בעמ**,,,יח,110,ל 100 גרם,false,1,8.90,0.08,true,1,
7622201401900,false,עוגיות מילקה סנסיישן אוראו 156 גרם,דיפלומט מפיצים (1968) בעמ**,,,יח,1.56,ל 100 גרם,false,1,12.90,8.27,true,1,
7622201798154,false,גבינת שמנת לייט מופחתת שומן 13% שומן,מיודלז אספניה פרודוק,,,יח,1.50,ל 100 גרם,false,1,13.90,9.27,true,1,
7622201808631,false,אוראו מיני עוגיות ממולאות קרם וניל 67גרם,דיפלומט מפיצים (1968) בעמ**,,,יח,67,ל 100 גרם,false,1,6.90,0.10,true,1,
7622201809188,false,מילקה ביסקויט מצופה שוקולד 150 גר`,מונדלז פרנס ביסקוויט פרו,,,יח,1.50,ל 100 גרם,false,1,12.90,8.60,true,1,
7622201813390,false,וופל במילוי קרם קקאו בציפוי שוקולד חלב,דיפלומט מפיצים (1968) בעמ**,,,יח,2,ל 100 גרם,false,1,12.90,6.45,true,1,
7622210137234,false,אוראו עוגיות עם דאבל קרם בטעם וניל 170ג,דיפלומט מפיצים (1968) בעמ**,,,יח,1.76,ל 100 גרם,false,1,8.90,5.06,true,1,
7622210453327,false,עוגיות שוקוצ'יפס במילוי שוקולד סנסיישן,דיפלומט מפיצים (1968) בעמ**,,,יח,1.56,ל 100 גרם,false,1,12.90,8.27,true,1,
7622210637994,false,מיני עוגיות אוראו קראנצ'י בייטס אורגינל,דיפלומט מפיצים (1968) בעמ**,,,יח,1.10,ל 100 גרם,false,1,8.50,7.73,true,1,
7622210638021,false,מיני עוגיות אוראו קראנצ'י בייטס מצופים,דיפלומט מפיצים (1968) בעמ**,,,יח,1.10,ל 100 גרם,false,1,8.50,7.73,true,1,
7622210835338,false,אוראו עוגיות ממולאות טעם בראוניז 176 גרם,דיפלומט מפיצים (1968) בעמ**,,,ל 100 גרם,0.1760,ל 100 גרם,false,1,7.90,44.89,true,1,
7622300270506,false,מילקה גריינס - עוגיות שיבולת שועל מצופות שוקולד 168 ג',דיפלומט מפיצים (1968) בעמ**,,,יח,1.68,ל 100 גרם,false,1,12.90,7.68,true,1,
7622300356767,false,מילקה - עוגיות עם גרנולה וחתיכות של שוקולד חלב,דיפלומט מפיצים (1968) בעמ**,,,יח,1.68,ל 100 גרם,false,1,12.90,7.68,true,1,
7622300489427,false,עוגיות אוראו בציפוי בטעם שוקולד לבן 246 גרם,דיפלומט מפיצים (1968) בעמ**,,,יח,0.2460,ל 100 גרם,false,1,17.90,72.76,true,1,
7622300489434,false,"עוגיות אוראו פאדג' בציפוי שוקולד חלב, 246 גרם",דיפלומט מפיצים (1968) בעמ**,,,יח,0.2460,ל 100 גרם,false,1,17.90,72.76,true,1,
7622300495046,false,מילקה שוקולד חלב עם אקסטרה קקאו 100 גרם,מנדלז דויצ'\לנד סנקס פרו,,,יח,1,,false,1,6.90,6.90,true,1,
7622300503079,false,עוגיות ביסקוויט מצופה שוקולד חלב מילקה 200 גרם,דיפלומט מפיצים (1968) בעמ**,,,יח,2,ל 100 גרם,false,1,12.90,6.45,true,1,
7690589856667,false,נייס שבלולים לשיער,שבלולים בעמ,,,יח,1,,false,1,12.90,12.90,false,1,
7702174066631,false,לקקן יוגטה פין פופ במילוי מסטיק 170 גר,קומסטיבלס לה רוזה אס.איי,,,יח,1.80,ל 100 גרם,false,1,8.90,4.94,false,1,
7702174068826,false,יוגטה מבחר סוכריות לקקן קשות ממולאות טופי בטעמי יוגורט ופירות 204 גרם,הדקלאים אגודת שיתופי,,,יח,2.16,ל 100 גרם,false,1,9.90,4.58,false,1,
7702174068833,false,יוגטה סוכריות קשות על מקל ממולאות טופי בטעמי גלידת פירות 12 יח' 204 גרם,הדקלאים אגודת שיתופי,,,יח,2.16,ל 100 גרם,false,1,9.90,4.58,false,1,
7702174070201,false,יוגטה לקקן בטעם מסטיק ממולא טופי בטעם תות 12 יח' 204 גרם,הדקלאים אגודת שיתופי,,,יח,2.16,ל 100 גרם,false,1,9.90,4.58,false,1,
7702174073783,false,סוכריות על מקל בטעם קולה במילוי גומי לעיסה,הדקלאים אגודת שיתופי,,,יח,1,,false,1,8.90,8.90,false,1,
7702174073844,false,לקקן יוגטה פין פופ פירות 48 יח 672 גרם,הדקלאים אגודת שיתופי,,,יח,1,,false,1,19.90,19.90,false,1,
7790040420076,false,מיני אלפחורס בון בון 117 גר,לירון קרביץ יבוא שיווק וסחר,,,יח,1.17,ל 100 גרם,false,1,8.90,7.61,false,1,
7790040423022,false,עוגיית אלפחורס בונבון במיולי קרם בוטנים 19.5 גר',לירון קרביץ יבוא שיווק וסחר,,,יח,19.50,ל 100 גרם,false,1,2.50,0.13,true,1,
7790580109646,false,"וופל בון בון, 45 גרם",לירון קרביץ יבוא שיווק וסחר,,,יח,9.59,ל 100 גרם,false,1,2.50,0.26,true,1,
7790580315979,false,סוכריות ממולאות טעם פירות 470ג' מהדרין,לירון קרביץ יבוא שיווק וסחר,,,יח,1,,false,1,14.90,14.90,false,1,
7790580421663,false,שוקולד בון בון ריבת חלב 288 גרם,לירון קרביץ יבוא שיווק וסחר,,,יח,2.28,ל 100 גרם,false,1,19.90,8.73,false,1,
7891024030974,false,"קולגייט משחת שיניים טריפל אקשן 75 מ""ל",הנסיך- מפעל לייצור ט,,,יח,0.75,ל 100 גרם,false,1,5.90,7.87,false,1,
7892021529010,false,בלוני יצירה 20 יחידות+ משאבה,לירון קרביץ יבוא שיווק וסחר,,,יח,1,,false,1,9.90,9.90,false,1,
7900250001006,false,מברשת אובלית שיש,שבלולים בעמ,,,יח,1,,false,1,15.90,15.90,false,1,
8000380003723,false,וופלים גרנד פטיסרי במילוי קרם אגוזים 100,קריניציה ויטמינה אס,,,יח,1,ל 100 גרם,false,1,12.90,12.90,true,1,
8000380004676,false,קוביות וופל סנדוויץ Sandwich עם וניל וחלב,"א. לואקר, קונפקט ג'י",,,יח,2,ל 100 גרם,false,1,11.90,5.95,true,1,
8000380004911,false,קוביות וופל קואדרטיני Quadratini קרם אגוזים,קריניציה ויטמינה אס,,,יח,2.50,ל 100 גרם,false,1,13.90,5.56,false,1,
8000380004966,false,וופל קוארדטיני לואקר קוביות שוקולד 250ג',קריניציה ויטמינה אס,,,יח,2.50,ל 100 גרם,false,1,13.90,5.56,false,1,
8000380007219,false,וופל לואקר ממולא קרם אגוזים 175 גרם,ליימן שליסל בע`מ,,,יח,1.75,ל 100 גרם,false,1,10.90,6.23,false,1,
8000380007257,false,וופל גרדנה במילוי קרם אגוזים מצופה,קריניציה ויטמינה אס,,,יח,2,ל 100 גרם,false,1,13.90,6.95,true,1,
8000380106028,false,טורטינה לואקר וופל שוקולד ואגוזים שישיה 125ג',קריניציה ויטמינה אס,,,יח,1.25,ל 100 גרם,false,1,15.90,12.72,false,1,
8000380180721,false,לואקר וופל קקאו במילוי קרם חלבי 175 גר,קריניציה ויטמינה אס,,,יח,1.75,ל 100 גרם,false,1,10.90,6.23,false,1,
8000380180837,false,וופל גרנד פטיסרי קוקוס לבן מצופה שוקולד לבן לואקר 100 גרם,ליימן שליסל בע`מ,,,יח,1,ל 100 גרם,false,1,12.90,12.90,true,1,
8000380189281,false,מארז מיני מיקס לואקר בשקית 210 גרם,ליימן שליסל בע`מ,,,יח,2.10,ל 100 גרם,false,1,22.90,10.90,false,1,
8000380192243,false,וופלים מלבנים פריכיים בטעם אגוז 200 גר`,ליימן שליסל בע`מ,,,יח,2,ל 100 גרם,false,1,11.90,5.95,false,1,
8000500009673,false,בונבוניירה פררו רושה 300 גרם,פרימיום חברה לדברי מתיקה ולמסח,,,יח,3,ל 100 גרם,false,1,45.90,15.30,true,1,
8000500023624,false,חטיפי הפי היפו Happy Hippo במילוי קרם חלב וקקאו,פרימיום-חברה לדברי מתיקה ולמסח,,,יח,1.30,ל 100 גרם,false,1,12.90,9.92,false,1,
8000500023976,false,בונבוניירת רפאלו פררו (150 גרם),פרימיום-חברה לדברי מתיקה ולמסח,,,יח,1.50,ל 100 גרם,false,1,16.90,11.27,false,1,
8000500026731,false,ביצי שוקולד קינדר מארז 3 יח סופרייז,פרימיום-חברה לדברי מתיקה ולמסח,,,יח,0.60,ל 100 גרם,false,1,14.90,24.83,false,1,
8000500028124,false,קינדר גוי ביצת הפתעה מארז שלישיה,פרימיום חברה לדברי מתיקה ולמסח,,,יח,0.60,ל 100 גרם,false,1,14.50,24.17,false,1,
8000500029350,false,מארז וופל מצופה 3יח' *43 גרם קינדר בואנו,פרימיום-חברה לדברי מתיקה ולמסח,,,יח,1.29,ל 100 גרם,false,1,10.90,8.45,true,1,
8000500037874,false,בונבוניירת פררו רושה 200 גרם,פרימיום חברה לדברי מתיקה ולמסח,,,יח,2,ל 100 גרם,false,1,23.90,11.95,true,1,
8000500071083,false,אצבעות שוקולד קינדר Kinder שש עשרה יחידות,פרימיום-חברה לדברי מתיקה ולמסח,,,יח,2,ל 100 גרם,false,1,11.90,5.95,false,1,
8000500167656,false,קינדר שוקולד עם דגנים סיריאל 94 ג',פרימיום חברה לדברי מתיקה ולמסח,,,יח,1,,false,1,8.90,8.90,false,1,
8000500217740,false,קינדר בואנו מיני 86 גרם,פרימיום-חברה לדברי מתיקה ולמסח,,,יח,0.86,ל 100 גרם,false,1,10.90,12.67,false,1,
8000500227848,false,נוטלה - בי רדי אצבעות ביסקוויט במילוי שוקולד 6 יח' * 22 גרם,פרימיום-חברה לדברי מתיקה ולמסח,,,יח,1.32,ל 100 גרם,false,1,10.90,8.26,false,1,
8000500249352,false,קינדר בואנו מיני מיקס שקית 205 ג',פרימיום-חברה לדברי מתיקה ולמסח,,,יח,1,,false,1,17.90,17.90,false,1,
8000500256213,false,קינדר שוקולד חלב במילוי קרם חלבי,פרימיום-חברה לדברי מתיקה ולמסח,,,יח,1.20,ל 100 גרם,false,1,10.90,9.08,false,1,
8000500269169,false,קינדר קארדס Kinder Cards - חמישייה,פרימיום-חברה לדברי מתיקה ולמסח,,,יח,1.28,ל 100 גרם,false,1,12.90,10.08,false,1,
8000500386941,false,נוטלה ממרח קקאו עם אגוזי לוז 900 גר`,פרימיום חברה לדברי מתיקה ולמסח,,,יח,900,ל 100 גרם,false,1,28.90,0.03,false,1,
8000798397704,false,כף אשפה שקוף מתקפל,עולם הבית,,,יח,1,,false,1,19.90,19.90,false,1,
8001003100164,false,יוגטה סוכריות ג'לי בטעמי פירות 450 גרם,ליימן שליסל בע`מ,,,יח,0.45,ל 100 גרם,false,1,9.90,22,false,1,
8001003100218,false,סוכריות יוגטה ג'לי פירות 800 גר',ליימן שליסל בע`מ,,,יח,8,ל 100 גרם,false,1,15.90,1.99,false,1,
8001090033512,false,"אבקת כביסה קולור 8 ק""ג טייד",דיפלומט מפיצים (1968) בעמ,,,יח,5,"לק""ג",false,1,41.90,8.38,false,1,
8001090184412,false,"פיירי נוזל לניקוי כלים לימון שקוף, 900 מ""ל",דיפלומט מפיצים (1968) בעמ,,,יח,9,"ל 100 מ""ל",false,1,12.90,1.43,false,1,
8001090458353,false,סבון כלים פעולה אנטי-בקטריאלית אקליפטוס,דיפלומט מפיצים (1986) בע`מ,,,יח,5.15,"ל 100 מ""ל",false,1,10.90,2.12,false,1,
8001090493637,false,"הד אנד שולדרס שמפו אולטרא טוטאל קר 450 מ""ל",דיפלומט מפיצים (1986) בע`מ,,,יח,5,"ל 100 מ""ל",false,1,17.90,3.58,false,1,
8001090832450,false,"שמפו פנטן הנוסחה הקלאסית 660 מ""ל",דיפלומט מפיצים (1986) בע`מ,,,יח,6.60,"ל 100 מ""ל",false,1,18.90,2.86,false,1,
8001090833167,false,גל כביסה אריאל בניחוח הרים 2.365 ליטר,דיפלומט מפיצים (1986) בע`מ,,,יח,2.3650,"ל 100 מ""ל",false,1,31.90,13.49,false,1,
8001090833198,false,אריאל נוזל כביסה 2.47 ליטר ניחוח מרענן,דיפלומט מפיצים (1986) בע`מ,,,יח,2.3650,"ל 100 מ""ל",false,1,31.90,13.49,false,1,
8001090899286,false,אולוויז תחבושות פלטינום לילה בטוח 14 יח',דיפלומט מפיצים (1986) בע`מ,,,יח,1,,false,1,19.90,19.90,true,1,
8001620019177,false,"סן בנדטו מים מינרלים בטעם ענבים 500 מ""ל",אקווה מינרלה סאן בנדטו ב,,,יח,0.40,"ל 100 מ""ל",false,1,6.90,16.50,true,1,
8001841941929,false,אולוויז וליו פק לילה בטוח אקסטרא 16 יחידות,דיפלומט מפיצים (1986) בע`מ,,,יח,1,,false,1,19.90,19.90,true,1,
8001841958460,false,פיירי טבליות למדיח אורגינל הכל באחד - מארז 48 יח',דיפלומט מפיצים (1986) בע`מ,,,יח,1,,false,1,34.90,34.90,false,1,
8001841960081,false,פיירי טבליות למדיח פלטינום הכל באחד - מארז 37 יח',דיפלומט מפיצים (1986) בע`מ,,,יח,1,,false,1,39.90,39.90,false,1,
8003440997710,false,מסטיק ביג באבול בטעם קולה לימון צ'ופה צ'ופס 27.6 גרם,ליימן שליסל בעמ,,,יח,0.2760,ל 100 גרם,false,1,2.90,10.51,true,1,
8003440997741,false,גומי לעיסה ביג באבול בטעם תפוח ירוק 27.6 ג',ליימן שליסל בעמ,,,יח,0.2760,ל 100 גרם,false,1,2.90,10.51,true,1,
8005200256587,false,נסטי - תה קר בטעם אפרסק 1.5 ליטר,פארייפאבה אגרואינדוס,,,יח,15,"ל 100 מ""ל",false,1,7.90,0.51,false,1,
8005200286584,false,תה קר נסטי מנגו אננס 1.5 ליטר פיקדון,פארייפאבה אגרואינדוס,,,יח,15,"ל 100 מ""ל",false,1,7.90,0.51,false,1,
8005200316588,false,תה קר נסטי אפרסק דיאט 1.5 ליטר פיקדון,פארייפאבה אגרואינדוס,,,יח,15,"ל 100 מ""ל",false,1,7.90,0.51,false,1,
8005200496532,false,שישית נסטי טעם 1.5,קבוצת אוסם סחר שותפות מוגבלת,,,יח,9,לליטר,false,1,39.20,4.32,false,1,
8009470009010,false,סימבה שימורים לכלבים בשר 415 ג',אמ.או.אן.ג'י.אי.אמונ,,,יח,4.15,ל 100 גרם,false,1,4,0.96,false,1,
8009470009027,false,סימבה שימורים לכלבים עוף והודו 415 ג',אמ.או.אן.ג'י.אי.אמונ,,,יח,4.15,ל 100 גרם,false,1,4,0.96,false,1,
8009470009072,false,סימבה שימורי חתולים בטעם עוף 415ג',שחורי אריה ואנסטסיה,,,יח,4.15,ל 100 גרם,false,1,4,0.96,false,1,
8009470009096,false,סימבה שימורי חתולים טעם דגים וטונה 415ג',שחורי אריה ואנסטסיה,,,יח,4.15,ל 100 גרם,false,1,4,0.96,false,1,
8009470009164,false,סימבה שימורים לכלבים כבש 415 ג',אמ.או.אן.ג'י.אי.אמונ,,,יח,4.15,ל 100 גרם,false,1,4,0.96,false,1,
8009470009348,false,(סימבה פאוץ בשר 100 גרם(9345,נאמן לאורך זמן בעמ,,,יח,1,ל 100 גרם,false,1,5.50,5.50,false,1,
8009470009355,false,סימבה פאוץ עוף 100 גר`,נאמן לאורך זמן בעמ,,,יח,1,ל 100 גרם,false,1,5.50,5.50,false,1,
8009470009362,false,(סימבה פאוץ דג 100 גרם(9369,נאמן לאורך זמן בעמ,,,יח,1,ל 100 גרם,false,1,5.50,5.50,false,1,
8009470009379,false,(סימבה פאוץ סלמון 100 גרם(9376,נאמן לאורך זמן בעמ,,,יח,1,ל 100 גרם,false,1,5.50,5.50,false,1,
8032880800243,false,פיקניק הפתעה - אגוזי לוז ומקלות אפויים,"הוסטה איטליה, ס.ר.ל.",,,יח,0.50,ל 100 גרם,false,1,6.90,13.80,false,1,
8076802085738,false,ברילה - צ.ק פנה רגטה חדש 500 גרם,ברילה גי.אי.אר פרטלי ס.פ,,,יח,5,ל 100 גרם,false,1,6.90,1.38,true,1,
8076802085981,false,ברילה - צ.ק פוזילי חדש 500 גרם,ברילה גי.אי.אר פרטלי ס.פ,,,יח,5,ל 100 גרם,false,1,6.90,1.38,true,1,
8076808060654,false,פסטה פרפלה מספר 65 ברילה 500 גרם,ברילה גי.אי.אר פרטלי ס.פ,,,יח,5,ל 100 גרם,false,1,6.90,1.38,true,1,
8076809513395,false,ברילה פומודורו רוטב עגבניות קלאסי 400 גר,ברילה גי.אי.אר פרטלי ס.פ,,,יח,4,ל 100 גרם,false,1,14.90,3.73,false,1,
8076809513692,false,רוטב עגבניות נפולטנה בתוספת ירקות,ברילה גי.אי.אר פרטלי ס.פ,,,יח,4,ל 100 גרם,false,1,14.90,3.73,false,1,
8076809513739,false,ברילה רוטב עגבניות עם בזיליקום 400 גרם,ברילה גי.אי.אר פרטלי ס.פ,,,יח,4,ל 100 גרם,false,1,14.90,3.73,false,1,
8202150612994,false,חנוכיה קריסטל כנפיים לבן,אבי מתנות בעמ,,,יח,1,,false,1,92.90,92.90,false,1,
8202150612997,false,חנוכיה קריסטל דלתא 19*37,אבי מתנות בעמ,,,יח,1,,false,1,110,110,false,1,
8202291313341,false,חנוכיה קריסטל 12*37,אבי מתנות בעמ,,,יח,1,,false,1,129,129,false,1,
8410076610492,false,חטיף שיבולת שועל מלאה ובוטנים בציפוי עם חמאת בוטנים,יבואן ומשווק: ש. שסט,,,יח,2.10,ל 100 גרם,false,1,15.90,7.57,true,1,
8410076621009,false,עוגות אישיות בטעם קרמל עם חתיכות בטעם קרמל מלוח,ליימן שליסל בע`מ,,,יח,1.20,ל 100 גרם,false,1,14.90,12.42,true,1,
8410076621047,false,עוגות אישיות בטעם שוקולד עם חתיכות בטעם שוקולד,ליימן שליסל בע`מ,,,יח,2.10,ל 100 גרם,false,1,14.90,7.10,true,1,
8412765071010,false,מצית,אוהב ציון בעמ,,,יח,1,,false,1,9.90,9.90,false,1,
8423207206488,false,סלים דליס חטיף דגנים מצופה שוקולד חלב מרבה 6*20 גרם,אף.סי תבליני בגליל ב,,,יח,1.20,ל 100 גרם,false,1,9.90,8.25,false,1,
8423207207362,false,חטיפי סלים דליס שוקולד לבן מרבה 6 יחידות,ביסנצ'ורי אס.אל.יו,,,יח,1.20,ל 100 גרם,false,1,9.90,8.25,false,1,
8423207210928,false,חטיף דגנים מצופה שוקולד חלב ואגוזי לוז - 5 במארז,נוטרישן אנד סנטה קוב,,,יח,0.90,ל 100 גרם,false,1,9.90,11,false,1,
8435495805106,false,"ביומט אבקת כביסה בניחוח רענן 5ק""ג",ליימן שליסל בעמ,,,יח,50,ל 100 גרם,false,1,29.90,0.60,false,1,
8681863065300,false,saltbae מלח עם שום קלוי 280 גרם ויליפוד,ג.וילי פוד אינטרנשיונל בעמ,,,יח,2.80,ל 100 גרם,false,1,22.90,8.18,true,1,
8683130025581,false,"מרכך כביסה מרוכז אקסטרה ענבר בדין 960 מ""ל",יוניליוור ישראל שיווק בע`מ,,,יח,96,"ל 100 ס""מ",false,1,15.90,0.17,false,1,
8690637007705,false,מסטיגם וניל מסטיק על מקל ללא סוכר,"מיוצר ע""י יוניליוור",,,יח,0.80,ל 100 גרם,false,1,5.90,7.38,true,1,
8690637073373,false,תה ארל גריי בטעם ברגמוט ליפטון 25 שקיקים,יוניליוור ישראל שיווק בע`מ,,,יח,0.50,ל 100 גרם,false,1,8.50,17,false,1,
8690637503856,false,ממרח הלמנס כ- 40% פחות שומן לעומת מיונז,יוניליוור ישראל שיווק בע`מ,,,יח,3.55,ל 100 גרם,false,8,14.90,4.20,false,1,
8690637842382,false,מגנום דאבל פרי יער שטראוס 82 גר,"מיוצר ע""\י יונילוור סנאי",,,יח,0.85,ל 100 גרם,false,1,9.90,11.65,true,1,
8690637842399,false,מאגדת מגנום מיני דאבל פרי יער שוקולד 6 יח' נסטלה,יוניליוור סנאי וי סי,,,יח,1,,false,1,35.90,35.90,false,1,
8690637871245,false,הלמנס מיונז אמיתי 395 גר' בקבוק לחיץ.,יוניליוור ישראל שיווק בע`מ,,,יח,3.95,ל 100 גרם,false,8,14.90,3.77,false,1,
8690637946301,false,"בדין - מרכך כביסה אקסטרא בייביי כחול 960 מ""ל","יוניליוור ישראל שיווק בע""מ",,,יח,9.60,ל 100 גרם,false,1,15.90,1.66,false,1,
8690637946318,false,"מרכך כביסה בדין מרוכז אקסטרה בייבי טלק 960 מ""ל",יוניליוור ישראל שיווק בע`מ,,,יח,9.60,ל 100 גרם,false,1,16.90,1.76,false,1,
8690637971310,false,"מרכך כביסה מרוכז אקסטרה בניחוח יערת הדבש בדין 960 מ""ל",יוניליוור ישראל שיווק בע`מ,,,יח,96,"ל 100 ס""מ",false,1,15.90,0.17,false,1,
8690637976995,false,"מרכך כביסה מרוכז אקסטרה ורוד סחלבים פראי בדין 960 מ""ל","יוניליוור ישראל שיווק בע""מ",,,יח,96,"ל 100 ס""מ",false,1,15.90,0.17,false,1,
8690637989629,false,מגנום דאבל דולצ'ה גולד בטעם וניל עם ריפל בטעם שוקולד 246 גרם,יונילוור סנאיי וי טיג'\,,,יח,0.85,ל 100 גרם,false,1,9.90,11.65,true,1,
8690758011025,false,צמר גפן לוקס 100 ג`*,פלסטו פוליש (ברקן)בעמ,,,יח,1,,false,1,3.90,3.90,false,1,
8690770322406,false,שמרים יבשים בראבו 500גרם,לירון קרביץ יבוא שיווק וסחר,,,יח,5,ל 100 גרם,false,1,12.90,2.58,false,1,
8690777203012,false,פלפלים ירוקים כבושים לא חריפים סרה ויליפוד 600 גרם,ג. וילי-פוד אינטרנשיונל בע`מ,,,יח,6,ל 100 גרם,false,1,10.90,1.82,false,1,
8690777206051,false,חציל קלוי על האש סרה ויליפוד 650 גרם,ג. וילי-פוד אינטרנשיונל בע`מ,,,יח,6.50,ל 100 גרם,false,1,10.90,1.68,false,1,
8690777221405,false,פלפל אדום קלוי על האש 650 גר` ויליפוד,ג. וילי-פוד אינטרנשיונל בע`מ,,,יח,6.50,ל 100 גרם,false,1,10.90,1.68,false,1,
8691459804008,false,פעמון עוגה,סקטור אפיקים בעמ,,,יח,10,יח,false,1,35,3.50,false,1,
8691913500170,false,מתלה כביסה מתכת 17.5,צעצועי דניאל בעמ,,,יח,1,,false,1,89.90,89.90,false,1,
8691913500194,false,מייבש כביסה מלניום איכותי,סקטור אפיקים בעמ,,,יח,1,,false,1,64.90,64.90,false,1,
8693357192829,false,תבניות פיירקס מלבנית 40*27*15,חביב את פרנק בעמ,,,יח,1,,false,1,38.90,38.90,false,1,
8710502279010,false,מרבה עוגיות שוקולד צ'יפס מצופות שוקולד 175 גרם,"י.מרבה ישראל בע""מ",,,יח,2.25,ל 100 גרם,false,1,8.90,3.96,false,1,
8710502470028,false,עוגיות שוקולד צ'יפס ממולאות בקרם נוגט,קריניציה ויטמינה אס,,,יח,1.60,ל 100 גרם,false,1,8.90,5.56,false,1,
8710800961310,false,סוכריות בטעם תות מנטוס 4*375 גרם,פרפטי ואן מלה ברדה,,,יח,1.50,ל 100 גרם,false,1,10.90,7.27,false,1,
8712400802499,false,תרכובת מזון המשך לפעוטות על בסיס חלב שלב 1,דיפלומט מפיצים (1968) בעמ**,,,יח,8,ל 100 גרם,false,1,59.90,7.49,true,1,
8712400802512,false,תרכובת מזון המשך לפעוטות על בסיס חלב שלב 2,דיפלומט מפיצים (1968) בעמ**,,,יח,8,ל 100 גרם,false,1,59.90,7.49,true,1,
8712400802536,false,תרכובת מזון המשך לפעוטות על בסיס חלב שלב 3,דיפלומט מפיצים (1968) בעמ**,,,יח,8,ל 100 גרם,false,1,59.90,7.49,true,1,
8714789177229,false,רבעיית מברשות שיניים קולגייט אקסטרה קלין 1 יחידה,הנסיך- מפעל לייצור ט,,,יח,1,,false,1,9.90,9.90,false,1,
8714789402918,false,נוזל לניקוי כללי ורצפות בניחוח פרחי בר אג'קס 1.5 ליטר,הנסיך- מפעל לייצור ט,,,יח,15,"ל 100 מ""ל",false,1,19.90,1.33,true,1,
8714789450315,false,פלמוליב כלים שקוף לימון 1.5 ליטר,הנסיך- מפעל לייצור ט,,,יח,15,"ל 100 מ""ל",false,1,15.90,1.06,false,1,
8714789831275,false,מברשת שיניים 360 אופטיק ווייט קולגייט 2 יחידות,קולגייט-פלמוליב,,,יח,1,,false,1,24.90,24.90,false,1,
8714789834467,false,פלמוליב נוזל לניקוי כלים קלאסי 1.5 ליטר,קולגייט-פלמוליב,,,יח,15,"ל 100 מ""ל",false,1,15.90,1.06,false,1,
8715700419732,false,מתבל עגבניות היינץ (700 גרם),דיפלומט מפיצים (1968) בעמ**,,,יח,7,ל 100 גרם,false,1,9.90,1.41,true,1,
8717163647226,false,"אקס דאודורנט ספריי גוף בלאק 150 מ""ל","יוניליוור ישראל שיווק בע""מ",,,יח,1,,false,1,11.90,11.90,false,1,
8717163647257,false,"אקס דאודורנט ספריי גוף גולד 150 מ""ל",יוניליוור ישראל שיווק בע`מ,,,יח,1,,false,6,11.90,11.90,false,1,
8717163647264,false,"אקס דאודורנט ספריי גוף אייס צ'יל 150 מ""ל",יוניליוור ישראל שיווק בע`מ,,,יח,1.50,"ל 100 מ""ל",false,1,11.90,7.93,false,1,
8717163663493,false,"רקסונה - דאודורנט ספריי לגבר קובלט דריי 150 מ""ל","יוניליוור ישראל שיווק בע""מ",,,יח,1.50,"ל 100 מ""ל",false,6,14.90,9.93,true,1,
8718951076372,false,"קולגייט משחת שיניים תמציות צמחים לשיניים 100 מ""ל",קולגייט פלמוליב,,,יח,1.52,ל 100 גרם,false,1,9.90,6.51,false,1,
8718951144064,false,מרידול מברשת שיניים פרודונט אקספרט זוג,"ש. שסטוביץ בע""\מ",,,יח,1,,false,1,34.90,34.90,true,1,
8718951166561,false,משחת שיניים לרעננות מוגברת max fresh cooling crystals,הנסיך- מפעל לייצור ט,,,יח,1.25,"ל 100 מ""ל",false,1,17.90,14.32,true,1,
8718951175600,false,"משחת שיניים קולגייט אוטאל קליין מינט 75 מ""ל",ש.שסטוביץ בעמ,,,יח,0.75,"ל 100 מ""ל",false,1,13.90,18.53,true,1,
8718951315303,false,"קולגייט אדומה משחת שיניים להגנה מפני עששת 2*100 מ""ל",קולגייט-פלמוליב,,,יח,2,ל 100 גרם,false,1,19.90,9.95,false,1,
8718951382787,false,"משחת שיניים אופטיק וויט חימר ומינרלים 75 מ""ל קולגייט",ש.שסטוביץ בעמ,,,יח,0.75,ל 100 גרם,false,1,29.90,39.87,true,1,
8718951461444,false,"זוג משחת שיניים טוטאל הלבנה ביטיו *100 מ""ל קולגייט",קולגייט פלמוליב,,,יח,2,ל 100 גרם,false,1,33.90,16.95,false,1,
8718951477384,false,"קולגייט משחת שיניים טוטאל ג'ל מתקדם פיור 75 מ""ל",קולגייט פלמוליב,,,יח,0.75,ל 100 גרם,false,1,19.90,26.53,false,1,
8718951509627,false,"קולגייט אופטיק וייט לאוהבי קפה ותה משחת שיניים 75 מ""ל",קולגייט פלמוליב,,,יח,0.75,ל 100 גרם,false,1,29.90,39.87,true,1,
8719200998001,false,מרגרינה לאפיה ובישול בלי מלח 200 ג' בלו בנד,יוניליוור ישראל מזון בע\,,,יח,2,ל 100 גרם,false,1,4.50,2.25,false,1,
8719200998018,false,מחמאה מרגרינה בטעם חמאה בלובנד 200 גרם,"מיוצר ע""\י יוניליוור ישר",,,יח,2,ל 100 גרם,false,1,4.50,2.25,false,1,
8719200998032,false,"מרגרינה מזולה גלורי טעם חמאה 250גר 8 יחידות - כשל""פ","מיוצר ע""\י יוניליוור ישר",,,יח,2.50,ל 100 גרם,false,1,10.90,4.36,false,1,
8720181045912,false,"אקס דאודורנט ספריי גוף אפריקה 150 מ""ל",יוניליוור ישראל שיווק בע`מ,,,יח,1.50,"ל 100 מ""ל",false,1,11.90,7.93,false,1,
8720181046605,false,דאב - דאודורנט ספריי לאישה אורגינל כחול 150מל,"יוניליוור ישראל שיווק בע""מ",,,יח,1,,false,1,14.90,14.90,false,1,
8723400756552,false,מארז סוכריות מנטוס Mentos ריינבואו,פרפטי ואן מלה ברדה,,,יח,1.48,ל 100 גרם,false,1,10.90,7.36,false,1,
8723400782544,false,מנטוס סוכריות לעיסה בתפזורת בטעם מנטה 160 ג',ליימן שליסל בע`מ,,,יח,1.60,ל 100 גרם,false,1,9.90,6.19,false,1,
8801055709458,false,אבקה להכנת משקה קפה בטעם קפוצ'ינו קרמל,קבוצת אוסם סחר שותפות מוגבלת,,,יח,1.70,ל 100 גרם,false,1,17.90,10.53,false,1,
8801055709472,false,נסטלה - נסקפה קפוצ'ינו קלאסי 12.50 גרם * 10,קבוצת אוסם סחר שותפות מוגבלת,,,יח,1.25,ל 100 גרם,false,1,17.90,14.32,false,1,
8801055709489,false,אבקה להכנת משקה קפה בטעם קפוצ'ינו אגוזים,קבוצת אוסם סחר שותפות מוגבלת,,,יח,1.80,ל 100 גרם,false,1,17.90,9.94,false,1,
8850389103111,false,סאפי משקה אלוורה בטעם ענבים 300מל,פארייפאבה אגרואינדוס,,,יח,3,"ל 100 מ""ל",false,1,7.90,2.53,true,1,
8850389103128,false,"משקה קל סאפה בטעם תפוח 300 מ""ל",פארייפאבה אגרואינדוס,,,יח,3,"ל 100 מ""ל",false,1,7.90,2.53,true,1,
8850389103159,false,"משקה ליצ'י עם חתיכות גלי קוקוס 320 מ""ל מוגו מוגו",סאפה פובליק קומפני לימיט,,,יח,10,"ל 100 מ""ל",false,1,6.90,0.66,true,1,
8850389104637,false,"משקה קל סאפה אלוורה אפרסק 300 מ""ל",פארייפאבה אגרואינדוס,,,יח,3,"ל 100 מ""ל",false,1,7.90,2.53,true,1,
8850389105825,false,משקה אלוורה בטעם ענבים סאפה 1 ליטר,סאפה פובליק קומפני לימיט,,,יח,10,"ל 100 מ""ל",false,1,12.90,1.26,false,1,
8850389105832,false,סאפה משקה אלוורה בטעם תפוח עם קוביות אלוורה 1 ליטר,סאפה פובליק קומפני לימיט,,,יח,10,"ל 100 מ""ל",false,1,12.90,1.26,false,1,
8850389105849,false,סאפה משקה אלוורה מופחת קלוריות בטעם אפרסק 1 ליטר,סאפה פובליק קומפני לימיט,,,יח,10,"ל 100 מ""ל",false,1,12.90,1.26,false,1,
8850389111352,false,"משקה מלון עם חתיכות גלי קוקוס 320 מ""ל מוגו מוגו",סאפה פובליק קומפני לימיט,,,יח,10,"ל 100 מ""ל",false,1,6.90,0.66,true,1,
8850389115312,false,"סאפה אלוורה מלון בקבוק 300 מ""ל",סאפה פובליק קומפני ל,,,יח,0.33,"ל 100 ס""מ",false,1,7.90,23.03,false,1,
8850632604259,false,"יוגטה, חיספוסים, ממתק חמוץ בצורת מקלות בטעם תות שדה,50 גרם",ליימן שליסל בע`מ,,,יח,1,,false,1,3.90,3.90,false,1,
8850632604266,false,"יוגטה, ממתק חמוץ בצורת מקלות בטעם קולה, 50 גרם",ליימן שליסל בע`מ,,,יח,1,,false,1,3.90,3.90,false,1,
8850632604372,false,"יוגטה, חיספוסים בצורת שטיח בטעם תות שדה 50 גרם",ליימן שליסל בע`מ,,,יח,1,,false,1,3.90,3.90,false,1,
8850632604402,false,יוגטה חיספוסים בטעם מעורב תות שדה אבטיח ענבים בננה 50 גרם,ליימן שליסל בע`מ,,,יח,1,,false,1,3.90,3.90,false,1,
8888021200256,false,סוללות אנרג'ייזר AA מקס 8 יחידות,יצרן: אנרג'ייזר סינג,,,יח,1,,false,1,24.90,24.90,true,1,
8888021200720,false,סוללות אנרג'ייזר AAA מקס 8 יחידות,יצרן: אנרג'ייזר סינג,,,יח,1,,false,1,24.90,24.90,true,1,
8901537024014,false,"אורז בסמטי מובחר 1 ק""ג - דוואט) יורה דיעה",ג. וילי-פוד אינטרנשיונל בע`מ,,,יח,1,"לק""ג",false,1,12.90,12.90,true,1,
9770793963004,false,עיתון משפחה שבוע,תפוצה פתרונות שיווק בעמ,,,יח,1,,false,1,25.90,25.90,false,1,
9772305965018,false,מגזין קומיקס-מרשמלו,מרשמלו - ספק חסום {גבי},,,יח,1,,false,1,7.50,7.50,false,1,
